{"id":"gen9vgc2023regulatione-1992364015","p1":"systemsolo","p2":"Greed_escarlata","format":"[Gen 9] VGC 2023 Regulation E","log":"|j|\u2606systemsolo\n|j|\u2606Greed_escarlata\n|t:|1700179038\n|gametype|doubles\n|player|p1|systemsolo|selene|1123\n|player|p2|Greed_escarlata|shadowtriad|1127\n|teamsize|p1|6\n|teamsize|p2|6\n|gen|9\n|tier|[Gen 9] VGC 2023 Regulation E\n|rated|\n|rule|Species Clause: Limit one of each Pok\u00e9mon\n|rule|Item Clause: Limit one of each item\n|clearpoke\n|poke|p1|Indeedee-F, L50, F|\n|poke|p1|Armarouge, L50, M|\n|poke|p1|Gallade, L50, M|\n|poke|p1|Gothitelle, L50, M|\n|poke|p1|Articuno-Galar, L50|\n|poke|p1|Scream Tail, L50|\n|poke|p2|Dudunsparce-*, L50, M|\n|poke|p2|Flutter Mane, L50|\n|poke|p2|Zoroark-Hisui, L50, F|\n|poke|p2|Ogerpon-Hearthflame, L50, F|\n|poke|p2|Iron Hands, L50|\n|poke|p2|Gastrodon, L50, M|\n|teampreview|4\nsystemsolo has agreed to open team sheets.\n|c|\u2606systemsolo|!dt rattled\n|raw|<ul class=\"utilichart\"><li class=\"result\"><span class=\"col namecol\"><a href=\"https:\/\/dex.pokemonshowdown.com\/abilities\/rattled\">Rattled<\/a><\/span> <span class=\"col abilitydesccol\">Speed is raised 1 stage if hit by a Bug-, Dark-, or Ghost-type attack, or Intimidated.<\/span> <\/li><li style=\"clear:both\"><\/li><\/ul>\n|raw|<font size=\"1\"><font color=\"#686868\">Gen:<\/font> 5<\/font>\n\n|c|\u2606systemsolo|o h\n|\n|t:|1700179104\n|start\n|switch|p1a: Indeedee|Indeedee-F, L50, F|100\/100\n|switch|p1b: Armarouge|Armarouge, L50, M|100\/100\n|switch|p2a: Dudunsparce|Dudunsparce-Three-Segment, L50, M|100\/100\n|switch|p2b: Iron Hands|Iron Hands, L50|100\/100\n|-fieldstart|move: Psychic Terrain|[from] ability: Psychic Surge|[of] p1a: Indeedee\n|-enditem|p1a: Indeedee|Psychic Seed\n|-boost|p1a: Indeedee|spd|1|[from] item: Psychic Seed\n|turn|1\n|\n|t:|1700179159\n|move|p2a: Dudunsparce|Helping Hand|p2b: Iron Hands\n|-singleturn|p2b: Iron Hands|Helping Hand|[of] p2a: Dudunsparce\n|move|p2b: Iron Hands|Hex|p1b: Armarouge\n|-supereffective|p1b: Armarouge\n|-damage|p1b: Armarouge|0 fnt\n|faint|p1b: Armarouge\n|move|p1a: Indeedee|Trick Room|p1a: Indeedee\n|-fieldstart|move: Trick Room|[of] p1a: Indeedee\n|\n|upkeep\n|\n|t:|1700179175\n|switch|p1b: Articuno|Articuno-Galar, L50|100\/100\n|turn|2\n|\n|t:|1700179191\n|switch|p2b: Gastrodon|Gastrodon, L50, M|100\/100\n|move|p1b: Articuno|Protect|p1b: Articuno\n|-singleturn|p1b: Articuno|Protect\n|move|p2a: Dudunsparce|Body Slam|p1b: Articuno\n|-activate|p1b: Articuno|move: Protect\n|move|p1a: Indeedee|Trick Room|p1a: Indeedee\n|-fieldend|move: Trick Room\n|\n|upkeep\n|turn|3\n|-activate|p2a: Dudunsparce|item: Quick Claw\n|\n|t:|1700179213\n|move|p1a: Indeedee|Helping Hand|p1b: Articuno\n|-singleturn|p1b: Articuno|Helping Hand|[of] p1a: Indeedee\n|move|p2a: Dudunsparce|Coil|p2a: Dudunsparce\n|-boost|p2a: Dudunsparce|atk|1\n|-boost|p2a: Dudunsparce|def|1\n|-boost|p2a: Dudunsparce|accuracy|1\n|move|p1b: Articuno|Psychic|p2a: Dudunsparce\n|-damage|p2a: Dudunsparce|41\/100\n|move|p2b: Gastrodon|Icy Wind|p1a: Indeedee|[spread] p1a,p1b\n|-supereffective|p1b: Articuno\n|-damage|p1a: Indeedee|94\/100\n|-damage|p1b: Articuno|77\/100\n|-unboost|p1a: Indeedee|spe|1\n|-unboost|p1b: Articuno|spe|1\n|-ability|p1b: Articuno|Competitive|boost\n|-boost|p1b: Articuno|spa|2\n|\n|upkeep\n|turn|4\n|-activate|p2a: Dudunsparce|item: Quick Claw\n|\n|t:|1700179242\n|move|p1a: Indeedee|Follow Me|p1a: Indeedee\n|-singleturn|p1a: Indeedee|move: Follow Me\n|move|p2a: Dudunsparce|Rock Slide|p1a: Indeedee|[spread] p1a,p1b\n|-supereffective|p1b: Articuno\n|-damage|p1a: Indeedee|76\/100\n|-damage|p1b: Articuno|28\/100\n|cant|p1b: Articuno|flinch\n|move|p2b: Gastrodon|Yawn|p1a: Indeedee\n|-start|p1a: Indeedee|move: Yawn|[of] p2b: Gastrodon\n|\n|upkeep\n|turn|5\n|\n|t:|1700179280\n|move|p1a: Indeedee|Follow Me|p1a: Indeedee\n|-singleturn|p1a: Indeedee|move: Follow Me\n|move|p1b: Articuno|Psychic|p2a: Dudunsparce\n|-damage|p2a: Dudunsparce|0 fnt\n|faint|p2a: Dudunsparce\n|move|p2b: Gastrodon|Muddy Water|p1a: Indeedee|[spread] p1a\n|-miss|p2b: Gastrodon|p1b: Articuno\n|-damage|p1a: Indeedee|60\/100\n|-unboost|p1a: Indeedee|accuracy|1\n|\n|-end|p1a: Indeedee|move: Yawn|[silent]\n|-status|p1a: Indeedee|slp\n|-fieldend|move: Psychic Terrain\n|upkeep\n|\n|t:|1700179293\n|switch|p2a: Iron Hands|Iron Hands, L50|100\/100\n|turn|6\n|\n|t:|1700179318\n|switch|p1a: Gallade|Gallade, L50, M|100\/100\n|move|p1b: Articuno|Protect|p1b: Articuno\n|-singleturn|p1b: Articuno|Protect\n|move|p2a: Iron Hands|Hex|p1b: Articuno\n|-activate|p1b: Articuno|move: Protect\n|move|p2b: Gastrodon|Yawn|p1a: Gallade\n|-start|p1a: Gallade|move: Yawn|[of] p2b: Gastrodon\n|\n|upkeep\n|turn|7\n|\n|t:|1700179337\n|switch|p2b: Iron Hands|Iron Hands, L50|100\/100\n|move|p2a: Iron Hands|Hex|p1b: Articuno\n|-supereffective|p1b: Articuno\n|-damage|p1b: Articuno|0 fnt\n|faint|p1b: Articuno\n|move|p1a: Gallade|Psycho Cut|p2a: Iron Hands\n|-crit|p2a: Iron Hands\n|-damage|p2a: Iron Hands|0 fnt\n|replace|p2a: Zoroark|Zoroark-Hisui, L50, F\n|-end|p2a: Zoroark|Illusion\n|faint|p2a: Zoroark\n|\n|-end|p1a: Gallade|move: Yawn|[silent]\n|-status|p1a: Gallade|slp\n|upkeep\n|inactive|Battle timer is ON: inactive players will automatically lose when time's up. (requested by systemsolo)\n|\n|t:|1700179348\n|switch|p2a: Gastrodon|Gastrodon, L50, M|100\/100\n|switch|p1b: Indeedee|Indeedee-F, L50, F|60\/100 slp\n|-fieldstart|move: Psychic Terrain|[from] ability: Psychic Surge|[of] p1b: Indeedee\n|turn|8\n|-message|systemsolo forfeited.\n|\n|win|Greed_escarlata\n|raw|systemsolo's rating: 1123 &rarr; <strong>1098<\/strong><br \/>(-25 for losing)\n|raw|Greed_escarlata's rating: 1127 &rarr; <strong>1152<\/strong><br \/>(+25 for winning)\n|l|\u2606systemsolo\n","uploadtime":1700179374,"views":25,"p1id":"systemsolo","p2id":"greedescarlata","formatid":"gen9vgc2023regulatione","rating":1098,"private":0,"password":""}