{"id":"gen9vgc2023regulatione-1990111819","p1":"nopokemons1234567","p2":"ClubSandwichBread","format":"[Gen 9] VGC 2023 Regulation E","log":"|j|\u2606nopokemons1234567\n|j|\u2606ClubSandwichBread\n|t:|1699925797\n|gametype|doubles\n|player|p1|nopokemons1234567|265|1111\n|player|p2|ClubSandwichBread|swimmer-gen4dp|1045\n|teamsize|p1|6\n|teamsize|p2|6\n|gen|9\n|tier|[Gen 9] VGC 2023 Regulation E\n|rated|\n|rule|Species Clause: Limit one of each Pok\u00e9mon\n|rule|Item Clause: Limit one of each item\n|clearpoke\n|poke|p1|Glastrier, L50|\n|poke|p1|Salamence, L50, F|\n|poke|p1|Clefairy, L50, M|\n|poke|p1|Ursaluna-Bloodmoon, L50, M|\n|poke|p1|Sinistcha, L50|\n|poke|p1|Regieleki, L50|\n|poke|p2|Amoonguss, L50, F|\n|poke|p2|Roaring Moon, L50|\n|poke|p2|Tornadus, L50, M|\n|poke|p2|Urshifu-*, L50, F|\n|poke|p2|Arcanine-Hisui, L50, F|\n|poke|p2|Tinkaton, L50, F|\n|teampreview|4\n|inactive|Battle timer is ON: inactive players will automatically lose when time's up. (requested by ClubSandwichBread)\nClubSandwichBread has agreed to open team sheets.\nnopokemons1234567 has agreed to open team sheets.\n|inactive|ClubSandwichBread has 30 seconds left.\n|\n|t:|1699925848\n|start\n|switch|p1a: Salamence|Salamence, L50, F|100\/100\n|switch|p1b: Regieleki|Regieleki, L50|100\/100\n|switch|p2a: Tinkaton|Tinkaton, L50, F|100\/100\n|switch|p2b: Urshifu|Urshifu-Rapid-Strike, L50, F|100\/100\n|-item|p1b: Regieleki|Air Balloon\n|-ability|p2a: Tinkaton|Mold Breaker\n|turn|1\n|inactive|ClubSandwichBread has 30 seconds left.\n|\n|t:|1699925881\n|-terastallize|p2b: Urshifu|Water\n|move|p2a: Tinkaton|Fake Out|p1a: Salamence\n|-damage|p1a: Salamence|91\/100\n|move|p1b: Regieleki|Thunderbolt|p2b: Urshifu\n|-supereffective|p2b: Urshifu\n|-enditem|p2b: Urshifu|Focus Sash\n|-damage|p2b: Urshifu|1\/100\n|move|p2b: Urshifu|Surging Strikes|p1b: Regieleki\n|-crit|p1b: Regieleki\n|-damage|p1b: Regieleki|60\/100\n|-enditem|p1b: Regieleki|Air Balloon\n|-crit|p1b: Regieleki\n|-damage|p1b: Regieleki|19\/100\n|-crit|p1b: Regieleki\n|-damage|p1b: Regieleki|0 fnt\n|faint|p1b: Regieleki\n|-hitcount|p1: Regieleki|3\n|cant|p1a: Salamence|flinch\n|\n|upkeep\n|\n|t:|1699925901\n|switch|p1b: Clefairy|Clefairy, L50, M|100\/100\n|turn|2\n|\n|t:|1699925911\n|switch|p2b: Tornadus|Tornadus, L50, M|100\/100\n|move|p1b: Clefairy|Follow Me|p1b: Clefairy\n|-singleturn|p1b: Clefairy|move: Follow Me\n|move|p1a: Salamence|Dragon Dance|p1a: Salamence\n|-boost|p1a: Salamence|atk|1\n|-boost|p1a: Salamence|spe|1\n|move|p2a: Tinkaton|Gigaton Hammer|p1b: Clefairy\n|-supereffective|p1b: Clefairy\n|-damage|p1b: Clefairy|5\/100\n|\n|upkeep\n|turn|3\n|\n|t:|1699925933\n|move|p1b: Clefairy|Follow Me|p1b: Clefairy\n|-singleturn|p1b: Clefairy|move: Follow Me\n|move|p2b: Tornadus|Tailwind|p2b: Tornadus\n|-sidestart|p2: ClubSandwichBread|move: Tailwind\n|move|p2a: Tinkaton|Play Rough|p1b: Clefairy\n|-damage|p1b: Clefairy|0 fnt\n|faint|p1b: Clefairy\n|move|p1a: Salamence|Dragon Dance|p1a: Salamence\n|-boost|p1a: Salamence|atk|1\n|-boost|p1a: Salamence|spe|1\n|\n|upkeep\n|\n|t:|1699925943\n|switch|p1b: Sinistcha|Sinistcha, L50|100\/100\n|-heal|p1a: Salamence|100\/100|[from] ability: Hospitality|[of] p1b: Sinistcha\n|turn|4\n|\n|t:|1699925961\n|switch|p2a: Amoonguss|Amoonguss, L50, F|100\/100\n|move|p2b: Tornadus|Taunt|p1b: Sinistcha\n|-start|p1b: Sinistcha|move: Taunt\n|move|p1a: Salamence|Thunder Fang|p2a: Amoonguss\n|-resisted|p2a: Amoonguss\n|-damage|p2a: Amoonguss|85\/100\n|-damage|p1a: Salamence|84\/100|[from] item: Rocky Helmet|[of] p2a: Amoonguss\n|move|p1b: Sinistcha|Matcha Gotcha|p2a: Amoonguss|[spread] p2a,p2b\n|-resisted|p2a: Amoonguss\n|-resisted|p2b: Tornadus\n|-damage|p2a: Amoonguss|80\/100\n|-damage|p2b: Tornadus|87\/100\n|\n|upkeep\n|turn|5\n|inactive|ClubSandwichBread has 30 seconds left.\n|\n|t:|1699925992\n|move|p2b: Tornadus|Rain Dance|p2b: Tornadus\n|-weather|RainDance\n|move|p1a: Salamence|Dual Wingbeat|p2a: Amoonguss\n|-supereffective|p2a: Amoonguss\n|-damage|p2a: Amoonguss|10\/100\n|-damage|p1a: Salamence|67\/100|[from] item: Rocky Helmet|[of] p2a: Amoonguss\n|-supereffective|p2a: Amoonguss\n|-damage|p2a: Amoonguss|0 fnt\n|-damage|p1a: Salamence|50\/100|[from] item: Rocky Helmet|[of] p2a: Amoonguss\n|faint|p2a: Amoonguss\n|-ability|p1a: Salamence|Moxie|boost\n|-boost|p1a: Salamence|atk|1\n|-hitcount|p2: Amoonguss|2\n|move|p1b: Sinistcha|Matcha Gotcha|p2b: Tornadus|[miss]\n|-miss|p1b: Sinistcha|p2b: Tornadus\n|\n|-weather|RainDance|[upkeep]\n|upkeep\n|\n|t:|1699926006\n|switch|p2a: Tinkaton|Tinkaton, L50, F|100\/100\n|-ability|p2a: Tinkaton|Mold Breaker\n|turn|6\n|\n|t:|1699926020\n|-terastallize|p1a: Salamence|Steel\n|move|p2a: Tinkaton|Fake Out|p1a: Salamence\n|-resisted|p1a: Salamence\n|-damage|p1a: Salamence|46\/100\n|move|p2b: Tornadus|Bleakwind Storm|p1a: Salamence|[spread] p1a,p1b\n|-resisted|p1a: Salamence\n|-supereffective|p1b: Sinistcha\n|-damage|p1a: Salamence|30\/100\n|-damage|p1b: Sinistcha|42\/100\n|-unboost|p1a: Salamence|spe|1\n|-enditem|p1b: Sinistcha|Sitrus Berry|[eat]\n|-heal|p1b: Sinistcha|67\/100|[from] item: Sitrus Berry\n|cant|p1a: Salamence|flinch\n|move|p1b: Sinistcha|Matcha Gotcha|p2a: Tinkaton|[spread] p2b\n|-miss|p1b: Sinistcha|p2a: Tinkaton\n|-resisted|p2b: Tornadus\n|-damage|p2b: Tornadus|72\/100\n|-heal|p1b: Sinistcha|74\/100|[from] drain|[of] p2b: Tornadus\n|\n|-weather|RainDance|[upkeep]\n|-end|p1b: Sinistcha|move: Taunt\n|-sideend|p2: ClubSandwichBread|move: Tailwind\n|upkeep\n|turn|7\n|inactive|ClubSandwichBread has 30 seconds left.\n|\n|t:|1699926055\n|move|p1b: Sinistcha|Rage Powder|p1b: Sinistcha\n|-singleturn|p1b: Sinistcha|move: Rage Powder\n|move|p2b: Tornadus|Taunt|p1b: Sinistcha\n|-start|p1b: Sinistcha|move: Taunt\n|move|p1a: Salamence|Thunder Fang|p2b: Tornadus\n|-supereffective|p2b: Tornadus\n|-damage|p2b: Tornadus|0 fnt\n|faint|p2b: Tornadus\n|-ability|p1a: Salamence|Moxie|boost\n|-boost|p1a: Salamence|atk|1\n|move|p2a: Tinkaton|Knock Off|p1b: Sinistcha\n|-supereffective|p1b: Sinistcha\n|-damage|p1b: Sinistcha|52\/100\n|\n|-weather|RainDance|[upkeep]\n|upkeep\n|\n|t:|1699926067\n|switch|p2b: Urshifu|Urshifu-Rapid-Strike, L50, F, tera:Water|1\/100\n|turn|8\n|\n|t:|1699926076\n|move|p2b: Urshifu|Aqua Jet|p1a: Salamence\n|-damage|p1a: Salamence|0 fnt\n|faint|p1a: Salamence\n|move|p2a: Tinkaton|Knock Off|p1b: Sinistcha\n|-supereffective|p1b: Sinistcha\n|-damage|p1b: Sinistcha|26\/100\n|move|p1b: Sinistcha|Matcha Gotcha|p2a: Tinkaton|[spread] p2a,p2b\n|-resisted|p2a: Tinkaton\n|-supereffective|p2b: Urshifu\n|-crit|p2b: Urshifu\n|-damage|p2a: Tinkaton|94\/100\n|-heal|p1b: Sinistcha|30\/100|[from] drain|[of] p2a: Tinkaton\n|-damage|p2b: Urshifu|0 fnt\n|-heal|p1b: Sinistcha|30\/100|[from] drain|[of] p2b: Urshifu\n|faint|p2b: Urshifu\n|\n|-weather|RainDance|[upkeep]\n|upkeep\n|turn|9\n|\n|t:|1699926091\n|move|p2a: Tinkaton|Knock Off|p1b: Sinistcha\n|-supereffective|p1b: Sinistcha\n|-damage|p1b: Sinistcha|8\/100\n|move|p1b: Sinistcha|Matcha Gotcha|p2a: Tinkaton\n|-resisted|p2a: Tinkaton\n|-damage|p2a: Tinkaton|86\/100\n|-heal|p1b: Sinistcha|12\/100|[from] drain|[of] p2a: Tinkaton\n|\n|-weather|none\n|upkeep\n|turn|10\n|-message|nopokemons1234567 forfeited.\n|\n|win|ClubSandwichBread\n|raw|nopokemons1234567's rating: 1111 &rarr; <strong>1081<\/strong><br \/>(-30 for losing)\n|raw|ClubSandwichBread's rating: 1045 &rarr; <strong>1084<\/strong><br \/>(+39 for winning)\n|l|\u2606nopokemons1234567\n","uploadtime":1699926109,"views":11,"p1id":"nopokemons1234567","p2id":"clubsandwichbread","formatid":"gen9vgc2023regulatione","rating":1081,"private":0,"password":""}