{"id":"gen9vgc2023regulatione-1994321157","p1":"Funadoxfacts","p2":"the third altD","format":"[Gen 9] VGC 2023 Regulation E","log":"|j|\u2606Funadoxfacts\n|j|\u2606the third altD\n|t:|1700430850\n|gametype|doubles\n|player|p1|Funadoxfacts|clair|1371\n|player|p2|the third altD|n|1462\n|teamsize|p1|6\n|teamsize|p2|6\n|gen|9\n|tier|[Gen 9] VGC 2023 Regulation E\n|rated|\n|rule|Species Clause: Limit one of each Pok\u00e9mon\n|rule|Item Clause: Limit one of each item\n|clearpoke\n|poke|p1|Roaring Moon, L50|\n|poke|p1|Iron Hands, L50|\n|poke|p1|Heatran, L50, F|\n|poke|p1|Flutter Mane, L50|\n|poke|p1|Gyarados, L50, M|\n|poke|p1|Amoonguss, L50, M|\n|poke|p2|Sableye, L50, M|\n|poke|p2|Salamence, L50, M|\n|poke|p2|Scizor, L50, F|\n|poke|p2|Zapdos-Galar, L50|\n|poke|p2|Rillaboom, L50, M|\n|poke|p2|Ogerpon-Wellspring, L50, F|\n|teampreview|4\nthe third altD has agreed to open team sheets.\n|inactive|Battle timer is ON: inactive players will automatically lose when time's up. (requested by the third altD)\n|\n|t:|1700430893\n|start\n|switch|p1a: Flutter Mane|Flutter Mane, L50|100\/100\n|switch|p1b: Heatran|Heatran, L50, F|100\/100\n|switch|p2a: Sableye|Sableye, L50, M|100\/100\n|switch|p2b: Salamence|Salamence, L50, M|100\/100\n|-ability|p2b: Salamence|Intimidate|boost\n|-unboost|p1a: Flutter Mane|atk|1\n|-unboost|p1b: Heatran|atk|1\n|turn|1\n|\n|t:|1700430918\n|-terastallize|p1a: Flutter Mane|Fairy\n|-terastallize|p2b: Salamence|Poison\n|move|p2a: Sableye|Rain Dance|p2a: Sableye\n|-weather|RainDance\n|move|p1a: Flutter Mane|Dazzling Gleam|p2b: Salamence|[spread] p2a,p2b\n|-supereffective|p2a: Sableye\n|-resisted|p2b: Salamence\n|-damage|p2a: Sableye|0 fnt\n|-damage|p2b: Salamence|70\/100\n|faint|p2a: Sableye\n|move|p2b: Salamence|Hurricane|p1a: Flutter Mane\n|-crit|p1a: Flutter Mane\n|-damage|p1a: Flutter Mane|23\/100\n|move|p1b: Heatran|Heat Wave|p2b: Salamence\n|-damage|p2b: Salamence|45\/100\n|-enditem|p2b: Salamence|Sitrus Berry|[eat]\n|-heal|p2b: Salamence|70\/100|[from] item: Sitrus Berry\n|\n|-weather|RainDance|[upkeep]\n|upkeep\n|\n|t:|1700430933\n|switch|p2a: Zapdos|Zapdos-Galar, L50|100\/100\n|turn|2\n|\n|t:|1700430943\n|move|p2a: Zapdos|Thunderous Kick|p1a: Flutter Mane\n|-resisted|p1a: Flutter Mane\n|-damage|p1a: Flutter Mane|0 fnt\n|faint|p1a: Flutter Mane\n|-end|p1a: Flutter Mane|Protosynthesis|[silent]\n|move|p2b: Salamence|Tailwind|p2b: Salamence\n|-sidestart|p2: the third altD|move: Tailwind\n|move|p1b: Heatran|Flash Cannon|p2b: Salamence\n|-crit|p2b: Salamence\n|-damage|p2b: Salamence|2\/100\n|\n|-weather|RainDance|[upkeep]\n|upkeep\n|\n|t:|1700430955\n|switch|p1a: Iron Hands|Iron Hands, L50|100\/100\n|turn|3\n|\n|t:|1700430963\n|move|p2b: Salamence|Protect|p2b: Salamence\n|-singleturn|p2b: Salamence|Protect\n|move|p1b: Heatran|Protect|p1b: Heatran\n|-singleturn|p1b: Heatran|Protect\n|move|p1a: Iron Hands|Fake Out|p2b: Salamence\n|-activate|p2b: Salamence|move: Protect\n|move|p2a: Zapdos|Thunderous Kick|p1b: Heatran\n|-activate|p1b: Heatran|move: Protect\n|\n|-weather|RainDance|[upkeep]\n|upkeep\n|turn|4\n|\n|t:|1700430986\n|switch|p1b: Roaring Moon|Roaring Moon, L50|100\/100\n|-enditem|p1b: Roaring Moon|Booster Energy\n|-activate|p1b: Roaring Moon|ability: Protosynthesis|[fromitem]\n|-start|p1b: Roaring Moon|protosynthesisatk\n|move|p2a: Zapdos|Thunderous Kick|p1b: Roaring Moon\n|-supereffective|p1b: Roaring Moon\n|-damage|p1b: Roaring Moon|0 fnt\n|faint|p1b: Roaring Moon\n|-end|p1b: Roaring Moon|Protosynthesis|[silent]\n|move|p2b: Salamence|Hurricane|p1a: Iron Hands\n|-damage|p1a: Iron Hands|80\/100\n|move|p1a: Iron Hands|Wild Charge|p2a: Zapdos\n|-supereffective|p2a: Zapdos\n|-damage|p2a: Zapdos|0 fnt\n|faint|p2a: Zapdos\n|-damage|p1a: Iron Hands|63\/100|[from] Recoil\n|\n|-weather|RainDance|[upkeep]\n|upkeep\n|\n|t:|1700431005\n|switch|p1b: Heatran|Heatran, L50, F|100\/100\n|switch|p2a: Ogerpon|Ogerpon-Wellspring, L50, F|100\/100\n|turn|5\n|\n|t:|1700431020\n|move|p1b: Heatran|Protect|p1b: Heatran\n|-singleturn|p1b: Heatran|Protect\n|move|p2a: Ogerpon|Ivy Cudgel|p1a: Iron Hands|[anim] Ivy Cudgel Water\n|-damage|p1a: Iron Hands|0 fnt\n|faint|p1a: Iron Hands\n|-end|p1a: Iron Hands|Quark Drive|[silent]\n|move|p2b: Salamence|Draco Meteor|p1b: Heatran\n|-activate|p1b: Heatran|move: Protect\n|\n|-weather|RainDance|[upkeep]\n|-sideend|p2: the third altD|move: Tailwind\n|upkeep\n|turn|6\n|c|\u2606the third altD|ggs\n|\n|t:|1700431040\n|move|p2a: Ogerpon|Ivy Cudgel|p1b: Heatran|[anim] Ivy Cudgel Water\n|-supereffective|p1b: Heatran\n|-damage|p1b: Heatran|0 fnt\n|faint|p1b: Heatran\n|\n|win|the third altD\n|raw|Funadoxfacts's rating: 1371 &rarr; <strong>1356<\/strong><br \/>(-15 for losing)\n|raw|the third altD's rating: 1462 &rarr; <strong>1477<\/strong><br \/>(+15 for winning)\n|l|\u2606the third altD\n|j|\u2606the third altD\n|player|p2|the third altD|n\n","uploadtime":1700431091,"views":5,"p1id":"funadoxfacts","p2id":"thethirdaltd","formatid":"gen9vgc2023regulatione","rating":1356,"private":0,"password":""}