{"id":"gen9vgc2023regulatione-1992401055","p1":"Conchoboar2","p2":"Nosirplease","format":"[Gen 9] VGC 2023 Regulation E","log":"|j|\u2606Conchoboar2\n|j|\u2606Nosirplease\n|t:|1700183252\n|gametype|doubles\n|player|p1|Conchoboar2|101|1357\n|player|p2|Nosirplease|102|1324\n|teamsize|p1|6\n|teamsize|p2|6\n|gen|9\n|tier|[Gen 9] VGC 2023 Regulation E\n|rated|\n|rule|Species Clause: Limit one of each Pok\u00e9mon\n|rule|Item Clause: Limit one of each item\n|clearpoke\n|poke|p1|Mamoswine, L50, M|\n|poke|p1|Iron Hands, L50|\n|poke|p1|Grimmsnarl, L50, M|\n|poke|p1|Flutter Mane, L50|\n|poke|p1|Heatran, L50, F|\n|poke|p1|Sinistcha, L50|\n|poke|p2|Ninetales-Alola, L50, F|\n|poke|p2|Heatran, L50, F|\n|poke|p2|Mamoswine, L50, F|\n|poke|p2|Sinistcha-Masterpiece, L50|\n|poke|p2|Roaring Moon, L50|\n|poke|p2|Milotic, L50, M|\n|teampreview|4\n|inactive|Battle timer is ON: inactive players will automatically lose when time's up. (requested by Nosirplease)\n|inactive|Conchoboar2 has 60 seconds left.\n|\n|t:|1700183288\n|start\n|switch|p1a: Grimmsnarl|Grimmsnarl, L50, M|100\/100\n|switch|p1b: Iron Hands|Iron Hands, L50|100\/100\n|switch|p2a: Ninetales|Ninetales-Alola, L50, F|100\/100\n|switch|p2b: Roaring Moon|Roaring Moon, L50|100\/100\n|-weather|Snow|[from] ability: Snow Warning|[of] p2a: Ninetales\n|-enditem|p2b: Roaring Moon|Booster Energy\n|-activate|p2b: Roaring Moon|ability: Protosynthesis|[fromitem]\n|-start|p2b: Roaring Moon|protosynthesisspe\n|turn|1\n|c|\u2606Nosirplease|Interesting\n|inactive|Nosirplease has 30 seconds left.\n|\n|t:|1700183313\n|move|p1a: Grimmsnarl|Reflect|p1a: Grimmsnarl\n|-sidestart|p1: Conchoboar2|Reflect\n|move|p2b: Roaring Moon|Breaking Swipe|p1a: Grimmsnarl|[spread] p1b\n|-immune|p1a: Grimmsnarl\n|-damage|p1b: Iron Hands|90\/100\n|-unboost|p1b: Iron Hands|atk|1\n|move|p2a: Ninetales|Aurora Veil|p2a: Ninetales\n|-sidestart|p2: Nosirplease|move: Aurora Veil\n|move|p1b: Iron Hands|Heavy Slam|p2a: Ninetales\n|-supereffective|p2a: Ninetales\n|-damage|p2a: Ninetales|26\/100\n|\n|-weather|Snow|[upkeep]\n|upkeep\n|turn|2\n|\n|t:|1700183335\n|move|p2b: Roaring Moon|Acrobatics|p1b: Iron Hands\n|-damage|p1b: Iron Hands|73\/100\n|move|p2a: Ninetales|Icy Wind|p1b: Iron Hands|[spread] p1a,p1b\n|-damage|p1a: Grimmsnarl|87\/100\n|-damage|p1b: Iron Hands|66\/100\n|-unboost|p1a: Grimmsnarl|spe|1\n|-unboost|p1b: Iron Hands|spe|1\n|move|p1b: Iron Hands|Heavy Slam|p2a: Ninetales\n|-supereffective|p2a: Ninetales\n|-damage|p2a: Ninetales|0 fnt\n|faint|p2a: Ninetales\n|move|p1a: Grimmsnarl|Spirit Break|p2b: Roaring Moon\n|-supereffective|p2b: Roaring Moon\n|-damage|p2b: Roaring Moon|16\/100\n|-unboost|p2b: Roaring Moon|spa|1\n|\n|-weather|Snow|[upkeep]\n|upkeep\n|\n|t:|1700183352\n|switch|p2a: Sinistcha|Sinistcha-Masterpiece, L50|100\/100\n|-heal|p2b: Roaring Moon|41\/100|[from] ability: Hospitality|[of] p2a: Sinistcha\n|turn|3\n|\n|t:|1700183366\n|move|p1a: Grimmsnarl|Light Screen|p1a: Grimmsnarl\n|-sidestart|p1: Conchoboar2|move: Light Screen\n|move|p2b: Roaring Moon|Knock Off|p1b: Iron Hands\n|-resisted|p1b: Iron Hands\n|-damage|p1b: Iron Hands|55\/100\n|-enditem|p1b: Iron Hands|Assault Vest|[from] move: Knock Off|[of] p2b: Roaring Moon\n|move|p2a: Sinistcha|Calm Mind|p2a: Sinistcha\n|-boost|p2a: Sinistcha|spa|1\n|-boost|p2a: Sinistcha|spd|1\n|move|p1b: Iron Hands|Volt Switch|p2a: Sinistcha\n|-resisted|p2a: Sinistcha\n|-damage|p2a: Sinistcha|98\/100\n|\n|t:|1700183379\n|-end|p1b: Iron Hands|Quark Drive|[silent]\n|switch|p1b: Mamoswine|Mamoswine, L50, M|100\/100|[from] Volt Switch\n|\n|-weather|Snow|[upkeep]\n|upkeep\n|turn|4\n|\n|t:|1700183393\n|-terastallize|p2a: Sinistcha|Water\n|move|p1b: Mamoswine|Protect|p1b: Mamoswine\n|-singleturn|p1b: Mamoswine|Protect\n|move|p2b: Roaring Moon|Breaking Swipe|p1b: Mamoswine|[spread] \n|-activate|p1b: Mamoswine|move: Protect\n|-immune|p1a: Grimmsnarl\n|move|p2a: Sinistcha|Calm Mind|p2a: Sinistcha\n|-boost|p2a: Sinistcha|spa|1\n|-boost|p2a: Sinistcha|spd|1\n|move|p1a: Grimmsnarl|Spirit Break|p2b: Roaring Moon\n|-supereffective|p2b: Roaring Moon\n|-crit|p2b: Roaring Moon\n|-damage|p2b: Roaring Moon|0 fnt\n|faint|p2b: Roaring Moon\n|-end|p2b: Roaring Moon|Protosynthesis|[silent]\n|\n|-weather|Snow|[upkeep]\n|upkeep\n|\n|t:|1700183411\n|switch|p2b: Mamoswine|Mamoswine, L50, F|100\/100\n|turn|5\n|\n|t:|1700183423\n|move|p1b: Mamoswine|Icicle Crash|p2b: Mamoswine\n|-damage|p2b: Mamoswine|73\/100\n|move|p2b: Mamoswine|Heavy Slam|p1a: Grimmsnarl\n|-supereffective|p1a: Grimmsnarl\n|-damage|p1a: Grimmsnarl|43\/100\n|move|p2a: Sinistcha|Matcha Gotcha|p1a: Grimmsnarl|[spread] p1a,p1b\n|-supereffective|p1b: Mamoswine\n|-damage|p1a: Grimmsnarl|5\/100\n|-heal|p2a: Sinistcha|100\/100|[from] drain|[of] p1a: Grimmsnarl\n|-damage|p1b: Mamoswine|8\/100\n|move|p1a: Grimmsnarl|Spirit Break|p2b: Mamoswine\n|-damage|p2b: Mamoswine|59\/100\n|-unboost|p2b: Mamoswine|spa|1\n|\n|-weather|none\n|upkeep\n|turn|6\n|c|\u2606Conchoboar2|I don\u2019t understand the steel coverage\n|inactive|Conchoboar2 has 30 seconds left.\n|inactive|Conchoboar2 has 20 seconds left.\n|inactive|Nosirplease has 30 seconds left.\n|c|\u2606Conchoboar2|but this isn\u2019t the first mamo I\u2019ve seen with it\n|inactive|Conchoboar2 has 15 seconds left.\n|inactive|Conchoboar2 has 10 seconds left.\n|\n|t:|1700183469\n|move|p2b: Mamoswine|Ice Shard|p1a: Grimmsnarl\n|-damage|p1a: Grimmsnarl|0 fnt\n|faint|p1a: Grimmsnarl\n|move|p1b: Mamoswine|High Horsepower|p2b: Mamoswine\n|-damage|p2b: Mamoswine|25\/100\n|move|p2a: Sinistcha|Calm Mind|p2a: Sinistcha\n|-boost|p2a: Sinistcha|spa|1\n|-boost|p2a: Sinistcha|spd|1\n|\n|upkeep\n|\n|t:|1700183479\n|switch|p1a: Iron Hands|Iron Hands, L50|55\/100\n|turn|7\n|\n|t:|1700183499\n|-terastallize|p1a: Iron Hands|Fire\n|move|p2a: Sinistcha|Protect|p2a: Sinistcha\n|-singleturn|p2a: Sinistcha|Protect\n|move|p2b: Mamoswine|Ice Shard|p1b: Mamoswine\n|-damage|p1b: Mamoswine|0 fnt\n|faint|p1b: Mamoswine\n|move|p1a: Iron Hands|Thunder Punch|p2a: Sinistcha\n|-activate|p2a: Sinistcha|move: Protect\n|\n|upkeep\n|\n|t:|1700183503\n|switch|p1b: Heatran|Heatran, L50, F|100\/100\n|turn|8\n|\n|t:|1700183515\n|move|p1b: Heatran|Heat Wave|p2b: Mamoswine|[spread] p2a,p2b\n|-resisted|p2a: Sinistcha\n|-supereffective|p2b: Mamoswine\n|-damage|p2a: Sinistcha|95\/100\n|-damage|p2b: Mamoswine|0 fnt\n|faint|p2b: Mamoswine\n|move|p2a: Sinistcha|Matcha Gotcha|p1a: Iron Hands|[spread] p1b\n|-miss|p2a: Sinistcha|p1a: Iron Hands\n|-resisted|p1b: Heatran\n|-damage|p1b: Heatran|92\/100\n|-heal|p2a: Sinistcha|99\/100|[from] drain|[of] p1b: Heatran\n|move|p1a: Iron Hands|Thunder Punch|p2a: Sinistcha\n|-supereffective|p2a: Sinistcha\n|-damage|p2a: Sinistcha|50\/100\n|-damage|p1a: Iron Hands|38\/100|[from] item: Rocky Helmet|[of] p2a: Sinistcha\n|\n|-sideend|p1: Conchoboar2|Reflect\n|-sideend|p2: Nosirplease|move: Aurora Veil\n|upkeep\n|turn|9\n|\n|t:|1700183533\n|move|p1b: Heatran|Earth Power|p2a: Sinistcha\n|-damage|p2a: Sinistcha|35\/100\n|move|p2a: Sinistcha|Matcha Gotcha|p1a: Iron Hands|[spread] p1a,p1b\n|-resisted|p1a: Iron Hands\n|-resisted|p1b: Heatran\n|-damage|p1a: Iron Hands|21\/100\n|-heal|p2a: Sinistcha|47\/100|[from] drain|[of] p1a: Iron Hands\n|-damage|p1b: Heatran|84\/100\n|-heal|p2a: Sinistcha|51\/100|[from] drain|[of] p1b: Heatran\n|move|p1a: Iron Hands|Thunder Punch|p2a: Sinistcha\n|-supereffective|p2a: Sinistcha\n|-damage|p2a: Sinistcha|0 fnt\n|-damage|p1a: Iron Hands|5\/100|[from] item: Rocky Helmet|[of] p2a: Sinistcha\n|faint|p2a: Sinistcha\n|\n|win|Conchoboar2\n|raw|Conchoboar2's rating: 1357 &rarr; <strong>1375<\/strong><br \/>(+18 for winning)\n|raw|Nosirplease's rating: 1324 &rarr; <strong>1306<\/strong><br \/>(-18 for losing)\n|c|\u2606Conchoboar2|Gg\n|l|\u2606Nosirplease\n","uploadtime":1700183552,"views":13,"p1id":"conchoboar2","p2id":"nosirplease","formatid":"gen9vgc2023regulatione","rating":1306,"private":0,"password":""}