{"id":"gen9vgc2023regulatione-2000446680","p1":"TheLog2","p2":"Lucawufflekinz","format":"[Gen 9] VGC 2023 Regulation E","log":"|j|\u2606TheLog2\n|j|\u2606Lucawufflekinz\n|t:|1701195544\n|gametype|doubles\n|player|p1|TheLog2|169|1233\n|player|p2|Lucawufflekinz|2|1262\n|teamsize|p1|6\n|teamsize|p2|6\n|gen|9\n|tier|[Gen 9] VGC 2023 Regulation E\n|rated|\n|rule|Species Clause: Limit one of each Pok\u00e9mon\n|rule|Item Clause: Limit one of each item\n|clearpoke\n|poke|p1|Dondozo, L50, F|\n|poke|p1|Tatsugiri, L50, F|\n|poke|p1|Kilowattrel, L50, F|\n|poke|p1|Garchomp, L50, M|\n|poke|p1|Orthworm, L50, F|\n|poke|p1|Ogerpon, L50, F|\n|poke|p2|Scream Tail, L50|\n|poke|p2|Ninetales-Alola, L50, F|\n|poke|p2|Baxcalibur, L50, M|\n|poke|p2|Arcanine-Hisui, L50, M|\n|poke|p2|Rillaboom, L50, F|\n|poke|p2|Gyarados, L50, F|\n|teampreview|4\n|j| puffypoop\n|inactive|Battle timer is ON: inactive players will automatically lose when time's up. (requested by TheLog2)\n|inactive|Lucawufflekinz has 60 seconds left.\n|inactive|Lucawufflekinz has 30 seconds left.\n|inactive|Lucawufflekinz has 20 seconds left.\n|inactive|Lucawufflekinz has 15 seconds left.\n|inactive|Lucawufflekinz has 10 seconds left.\n|inactive|Lucawufflekinz has 5 seconds left.\n|\n|t:|1701195692\n|start\n|switch|p1a: Dondozo|Dondozo, L50, F|100\/100\n|switch|p1b: Tatsugiri|Tatsugiri, L50, F, shiny|100\/100\n|switch|p2a: Scream Tail|Scream Tail, L50|100\/100\n|switch|p2b: Ninetales|Ninetales-Alola, L50, F|100\/100\n|-activate|p1b: Tatsugiri|ability: Commander|[of] p1a: Dondozo\n|-boost|p1a: Dondozo|atk|2\n|-boost|p1a: Dondozo|spa|2\n|-boost|p1a: Dondozo|spe|2\n|-boost|p1a: Dondozo|def|2\n|-boost|p1a: Dondozo|spd|2\n|-weather|Snow|[from] ability: Snow Warning|[of] p2b: Ninetales\n|-enditem|p2a: Scream Tail|Booster Energy\n|-activate|p2a: Scream Tail|ability: Protosynthesis|[fromitem]\n|-start|p2a: Scream Tail|protosynthesisspe\n|turn|1\n|c| puffypoop|bro is the thinker\n|inactive|Lucawufflekinz has 30 seconds left.\n|inactive|Lucawufflekinz has 20 seconds left.\n|inactive|Lucawufflekinz has 15 seconds left.\n|inactive|Lucawufflekinz has 10 seconds left.\n|inactive|Lucawufflekinz has 5 seconds left.\n|\n|t:|1701195747\n|-terastallize|p1a: Dondozo|Poison\n|move|p2a: Scream Tail|Play Rough|p1a: Dondozo\n|-resisted|p1a: Dondozo\n|-damage|p1a: Dondozo|97\/100\n|move|p2b: Ninetales|Aurora Veil|p2b: Ninetales\n|-sidestart|p2: Lucawufflekinz|move: Aurora Veil\n|move|p1a: Dondozo|Tera Blast|p2b: Ninetales|[anim] Tera Blast Poison\n|-supereffective|p2b: Ninetales\n|-damage|p2b: Ninetales|27\/100\n|\n|-weather|Snow|[upkeep]\n|upkeep\n|turn|2\n|c|\u2606Lucawufflekinz|Oh shit\n|inactive|TheLog2 has 30 seconds left.\n|inactive|Lucawufflekinz has 30 seconds left.\n|c|\u2606Lucawufflekinz|i didn\u2019t know I was in a game lmao\n|inactive|Lucawufflekinz has 20 seconds left.\n|inactive|Lucawufflekinz has 15 seconds left.\n|\n|t:|1701195788\n|switch|p2b: Baxcalibur|Baxcalibur, L50, M|100\/100\n|move|p2a: Scream Tail|Disable|p1a: Dondozo\n|-start|p1a: Dondozo|Disable|Tera Blast\n|move|p1a: Dondozo|Earthquake|p2b: Baxcalibur|[spread] p2a,p2b\n|-miss|p1a: Dondozo|p1b: Tatsugiri\n|-damage|p2a: Scream Tail|77\/100\n|-damage|p2b: Baxcalibur|83\/100\n|\n|-weather|Snow|[upkeep]\n|upkeep\n|turn|3\n|c|\u2606TheLog2|all good lol\n|c| puffypoop|LOL\n|\n|t:|1701195806\n|move|p2b: Baxcalibur|Protect|p2b: Baxcalibur\n|-singleturn|p2b: Baxcalibur|Protect\n|move|p2a: Scream Tail|Howl|p2a: Scream Tail|[spread] p2a,p2b\n|-boost|p2a: Scream Tail|atk|1\n|-boost|p2b: Baxcalibur|atk|1\n|move|p1a: Dondozo|Order Up|p2b: Baxcalibur\n|-activate|p2b: Baxcalibur|move: Protect\n|\n|-weather|Snow|[upkeep]\n|upkeep\n|turn|4\n|\n|t:|1701195823\n|switch|p2b: Ninetales|Ninetales-Alola, L50, F|27\/100\n|move|p2a: Scream Tail|Encore|p1a: Dondozo\n|-start|p1a: Dondozo|Encore\n|move|p1a: Dondozo|Order Up|p2b: Ninetales\n|-immune|p2b: Ninetales\n|\n|-weather|Snow|[upkeep]\n|upkeep\n|turn|5\n|\n|t:|1701195836\n|move|p2a: Scream Tail|Howl|p2a: Scream Tail|[spread] p2a,p2b\n|-boost|p2a: Scream Tail|atk|1\n|-boost|p2b: Ninetales|atk|1\n|move|p2b: Ninetales|Icy Wind|p1b: Tatsugiri|[spread] p1a\n|-miss|p2b: Ninetales|p1b: Tatsugiri\n|-damage|p1a: Dondozo|90\/100\n|move|p1a: Dondozo|Order Up|p2b: Ninetales\n|-immune|p2b: Ninetales\n|\n|-weather|none\n|-end|p1a: Dondozo|Disable\n|upkeep\n|turn|6\n|\n|t:|1701195860\n|move|p2a: Scream Tail|Howl|p2a: Scream Tail|[spread] p2a,p2b\n|-boost|p2a: Scream Tail|atk|1\n|-boost|p2b: Ninetales|atk|1\n|move|p2b: Ninetales|Icy Wind|p1b: Tatsugiri|[spread] p1a\n|-miss|p2b: Ninetales|p1b: Tatsugiri\n|-damage|p1a: Dondozo|84\/100\n|move|p1a: Dondozo|Order Up|p2b: Ninetales\n|-immune|p2b: Ninetales\n|\n|-end|p1a: Dondozo|Encore\n|upkeep\n|turn|7\n|\n|t:|1701195879\n|move|p2a: Scream Tail|Encore|p1a: Dondozo\n|-start|p1a: Dondozo|Encore\n|move|p2b: Ninetales|Blizzard|p1a: Dondozo|[spread] \n|-miss|p2b: Ninetales|p1b: Tatsugiri\n|-miss|p2b: Ninetales|p1a: Dondozo\n|move|p1a: Dondozo|Order Up|p2a: Scream Tail\n|-immune|p2a: Scream Tail\n|\n|upkeep\n|turn|8\n|\n|t:|1701195892\n|move|p2a: Scream Tail|Howl|p2a: Scream Tail|[spread] p2a,p2b\n|-boost|p2a: Scream Tail|atk|1\n|-boost|p2b: Ninetales|atk|1\n|move|p2b: Ninetales|Blizzard|p1b: Tatsugiri|[spread] p1a\n|-miss|p2b: Ninetales|p1b: Tatsugiri\n|-damage|p1a: Dondozo|72\/100\n|move|p1a: Dondozo|Order Up|p2b: Ninetales\n|-immune|p2b: Ninetales\n|\n|-sideend|p2: Lucawufflekinz|move: Aurora Veil\n|upkeep\n|turn|9\n|\n|t:|1701195906\n|move|p2a: Scream Tail|Howl|p2a: Scream Tail|[spread] p2a,p2b\n|-boost|p2a: Scream Tail|atk|1\n|-boost|p2b: Ninetales|atk|1\n|move|p2b: Ninetales|Blizzard|p1b: Tatsugiri|[spread] p1a\n|-miss|p2b: Ninetales|p1b: Tatsugiri\n|-crit|p1a: Dondozo\n|-damage|p1a: Dondozo|34\/100\n|move|p1a: Dondozo|Order Up|p2a: Scream Tail\n|-immune|p2a: Scream Tail\n|\n|-end|p1a: Dondozo|Encore\n|upkeep\n|turn|10\n|\n|t:|1701195922\n|move|p2a: Scream Tail|Encore|p1a: Dondozo\n|-start|p1a: Dondozo|Encore\n|move|p2b: Ninetales|Icy Wind|p1a: Dondozo|[spread] p1a\n|-miss|p2b: Ninetales|p1b: Tatsugiri\n|-damage|p1a: Dondozo|29\/100\n|move|p1a: Dondozo|Order Up|p2b: Ninetales\n|-immune|p2b: Ninetales\n|\n|upkeep\n|turn|11\n|c|\u2606Lucawufflekinz|Sorry for this\u2026\n|\n|t:|1701195944\n|move|p2a: Scream Tail|Howl|p2a: Scream Tail|[spread] p2a,p2b\n|-boost|p2a: Scream Tail|atk|1\n|-boost|p2b: Ninetales|atk|1\n|move|p2b: Ninetales|Blizzard|p1b: Tatsugiri|[spread] p1a\n|-miss|p2b: Ninetales|p1b: Tatsugiri\n|-damage|p1a: Dondozo|15\/100\n|move|p1a: Dondozo|Order Up|p2a: Scream Tail\n|-immune|p2a: Scream Tail\n|\n|upkeep\n|turn|12\n|c|\u2606TheLog2|its fine\n|\n|t:|1701195964\n|move|p2a: Scream Tail|Howl|p2a: Scream Tail|[spread] p2a,p2b\n|-boost|p2a: Scream Tail|atk|0\n|-boost|p2b: Ninetales|atk|1\n|move|p2b: Ninetales|Icy Wind|p1b: Tatsugiri|[spread] p1a\n|-miss|p2b: Ninetales|p1b: Tatsugiri\n|-damage|p1a: Dondozo|9\/100\n|move|p1a: Dondozo|Order Up|p2a: Scream Tail\n|-immune|p2a: Scream Tail\n|\n|-end|p1a: Dondozo|Encore\n|upkeep\n|turn|13\n|\n|t:|1701195979\n|move|p2a: Scream Tail|Encore|p1a: Dondozo\n|-start|p1a: Dondozo|Encore\n|move|p2b: Ninetales|Icy Wind|p1b: Tatsugiri|[spread] p1a\n|-miss|p2b: Ninetales|p1b: Tatsugiri\n|-damage|p1a: Dondozo|3\/100\n|move|p1a: Dondozo|Order Up|p2a: Scream Tail\n|-immune|p2a: Scream Tail\n|\n|upkeep\n|turn|14\n|\n|t:|1701196000\n|move|p2a: Scream Tail|Play Rough|p1a: Dondozo\n|-resisted|p1a: Dondozo\n|-damage|p1a: Dondozo|0 fnt\n|faint|p1a: Dondozo\n|move|p2b: Ninetales|Moonblast|p1b: Tatsugiri\n|-supereffective|p1b: Tatsugiri\n|-damage|p1b: Tatsugiri|24\/100\n|\n|upkeep\n|c| puffypoop|dondozo user moment\n|\n|t:|1701196008\n|switch|p1a: Orthworm|Orthworm, L50, F|100\/100\n|turn|15\n|l| puffypoop\n|inactive|Lucawufflekinz has 30 seconds left.\n|\n|t:|1701196040\n|move|p2a: Scream Tail|Play Rough|p1b: Tatsugiri\n|-supereffective|p1b: Tatsugiri\n|-damage|p1b: Tatsugiri|0 fnt\n|faint|p1b: Tatsugiri\n|move|p2b: Ninetales|Blizzard|p1a: Orthworm\n|-resisted|p1a: Orthworm\n|-damage|p1a: Orthworm|82\/100\n|move|p1a: Orthworm|Metal Burst|p2b: Ninetales\n|-damage|p2b: Ninetales|0 fnt\n|faint|p2b: Ninetales\n|\n|upkeep\n|inactive|TheLog2 has 30 seconds left.\n|\n|t:|1701196068\n|switch|p2b: Arcanine|Arcanine-Hisui, L50, M|100\/100\n|switch|p1b: Kilowattrel|Kilowattrel, L50, F|100\/100\n|-ability|p2b: Arcanine|Intimidate|boost\n|-unboost|p1a: Orthworm|atk|1\n|-unboost|p1b: Kilowattrel|atk|1\n|turn|16\n|\n|t:|1701196085\n|move|p1b: Kilowattrel|Protect|p1b: Kilowattrel\n|-singleturn|p1b: Kilowattrel|Protect\n|move|p2a: Scream Tail|Encore|p1a: Orthworm\n|-start|p1a: Orthworm|Encore\n|move|p2b: Arcanine|Flare Blitz|p1a: Orthworm\n|-supereffective|p1a: Orthworm\n|-damage|p1a: Orthworm|0 fnt\n|-damage|p2b: Arcanine|84\/100|[from] item: Rocky Helmet|[of] p1a: Orthworm\n|faint|p1a: Orthworm\n|-damage|p2b: Arcanine|56\/100|[from] Recoil\n|\n|upkeep\n|turn|17\n|\n|t:|1701196100\n|move|p2a: Scream Tail|Play Rough|p1b: Kilowattrel\n|-damage|p1b: Kilowattrel|0 fnt\n|faint|p1b: Kilowattrel\n|\n|win|Lucawufflekinz\n|raw|TheLog2's rating: 1233 &rarr; <strong>1210<\/strong><br \/>(-23 for losing)\n|raw|Lucawufflekinz's rating: 1262 &rarr; <strong>1285<\/strong><br \/>(+23 for winning)\n|l|\u2606TheLog2\n","uploadtime":1701196108,"views":27,"p1id":"thelog2","p2id":"lucawufflekinz","formatid":"gen9vgc2023regulatione","rating":1210,"private":0,"password":""}