{"id":"gen9vgc2023regulatione-1995351643","p1":"Sword3033","p2":"slow blade","format":"[Gen 9] VGC 2023 Regulation E","log":"|j|\u2606Sword3033\n|j|\u2606slow blade\n|t:|1700558363\n|gametype|doubles\n|player|p1|Sword3033|cynthia|1114\n|player|p2|slow blade|red|1108\n|teamsize|p1|6\n|teamsize|p2|6\n|gen|9\n|tier|[Gen 9] VGC 2023 Regulation E\n|rated|\n|rule|Species Clause: Limit one of each Pok\u00e9mon\n|rule|Item Clause: Limit one of each item\n|clearpoke\n|poke|p1|Ogerpon-Wellspring, L50, F|\n|poke|p1|Rillaboom, L50, M|\n|poke|p1|Heatran, L50, F|\n|poke|p1|Tornadus, L50, M|\n|poke|p1|Ninetales-Alola, L50, M|\n|poke|p1|Roaring Moon, L50|\n|poke|p2|Pawmot, L50, F|\n|poke|p2|Rabsca, L50, F|\n|poke|p2|Golem-Alola, L50, F|\n|poke|p2|Grafaiai, L50, F|\n|poke|p2|Pelipper, L50, F|\n|poke|p2|Basculegion, L50, M|\n|teampreview|4\n|inactive|Battle timer is ON: inactive players will automatically lose when time's up. (requested by slow blade)\n|inactive|slow blade has 60 seconds left.\n|\n|t:|1700558406\n|start\n|switch|p1a: Tornadus|Tornadus, L50, M, shiny|100\/100\n|switch|p1b: Ogerpon|Ogerpon-Wellspring, L50, F|100\/100\n|switch|p2a: Golem|Golem-Alola, L50, F, shiny|100\/100\n|switch|p2b: Pawmot|Pawmot, L50, F, shiny|100\/100\n|turn|1\n|inactive|slow blade has 30 seconds left.\n|\n|t:|1700558432\n|move|p2a: Golem|Endure|p2a: Golem\n|-singleturn|p2a: Golem|move: Endure\n|move|p2b: Pawmot|Fake Out|p1a: Tornadus\n|-damage|p1a: Tornadus|82\/100\n|cant|p1a: Tornadus|flinch\n|move|p1b: Ogerpon|Ivy Cudgel|p2a: Golem|[anim] Ivy Cudgel Water\n|-supereffective|p2a: Golem\n|-damage|p2a: Golem|4\/100\n|\n|upkeep\n|turn|2\n|-enditem|p2a: Golem|Custap Berry|[eat]\n|-activate|p2a: Golem|item: Custap Berry|[consumed]\n|\n|t:|1700558458\n|move|p1a: Tornadus|Tailwind|p1a: Tornadus\n|-sidestart|p1: Sword3033|move: Tailwind\n|move|p2a: Golem|Explosion|p1a: Tornadus|[spread] p1a,p1b\n|-immune|p2b: Pawmot|[from] ability: Volt Absorb\n|-supereffective|p1a: Tornadus\n|-damage|p1a: Tornadus|0 fnt\n|-damage|p1b: Ogerpon|0 fnt\n|faint|p2a: Golem\n|faint|p1a: Tornadus\n|faint|p1b: Ogerpon\n|move|p2b: Pawmot|Double Shock|p1: Tornadus|[notarget]\n|-fail|p2b: Pawmot\n|\n|upkeep\n|\n|t:|1700558474\n|switch|p1a: Ninetales|Ninetales-Alola, L50, M, shiny|100\/100\n|switch|p1b: Heatran|Heatran, L50, F|100\/100\n|switch|p2a: Rabsca|Rabsca, L50, F, shiny|100\/100\n|-weather|Snow|[from] ability: Snow Warning|[of] p1a: Ninetales\n|turn|3\n|\n|t:|1700558494\n|switch|p2b: Grafaiai|Grafaiai, L50, F, shiny|100\/100\n|move|p1a: Ninetales|Blizzard|p2b: Grafaiai|[spread] p2a,p2b\n|-damage|p2a: Rabsca|69\/100\n|-damage|p2b: Grafaiai|52\/100\n|-status|p2a: Rabsca|frz\n|-status|p2b: Grafaiai|frz\n|move|p1b: Heatran|Heat Wave|p2a: Rabsca|[spread] p2a,p2b\n|-supereffective|p2a: Rabsca\n|-damage|p2a: Rabsca|3\/100 frz\n|-damage|p2b: Grafaiai|0 fnt\n|-curestatus|p2a: Rabsca|frz|[msg]\n|faint|p2b: Grafaiai\n|move|p2a: Rabsca|Trick Room|p2a: Rabsca\n|-fieldstart|move: Trick Room|[of] p2a: Rabsca\n|\n|-weather|Snow|[upkeep]\n|upkeep\n|\n|t:|1700558508\n|switch|p2b: Pawmot|Pawmot, L50, F, shiny|100\/100\n|turn|4\n|\n|t:|1700558522\n|move|p2b: Pawmot|Fake Out|p1a: Ninetales\n|-damage|p1a: Ninetales|88\/100\n|move|p2a: Rabsca|Revival Blessing|p2a: Rabsca\n|\n|t:|1700558527\n|-heal|p2: Golem|50\/100|[from] move: Revival Blessing\n|move|p1b: Heatran|Heat Wave|p2b: Pawmot|[spread] p2a,p2b\n|-supereffective|p2a: Rabsca\n|-damage|p2a: Rabsca|0 fnt\n|-damage|p2b: Pawmot|37\/100\n|faint|p2a: Rabsca\n|cant|p1a: Ninetales|flinch\n|\n|-weather|Snow|[upkeep]\n|upkeep\n|\n|t:|1700558532\n|switch|p2a: Golem|Golem-Alola, L50, F, shiny|50\/100\n|turn|5\n|\n|t:|1700558545\n|move|p2a: Golem|Explosion|p1a: Ninetales|[spread] p1a,p1b\n|-heal|p2b: Pawmot|61\/100|[from] ability: Volt Absorb|[of] p2a: Golem\n|-damage|p1a: Ninetales|0 fnt\n|-damage|p1b: Heatran|8\/100\n|faint|p2a: Golem\n|faint|p1a: Ninetales\n|move|p2b: Pawmot|Revival Blessing|p2b: Pawmot\n|\n|t:|1700558557\n|-heal|p2: Golem|50\/100|[from] move: Revival Blessing\n|switch|p2a: Golem|Golem-Alola, L50, F, shiny|50\/100\n|move|p1b: Heatran|Earth Power|p2a: Golem\n|-supereffective|p2a: Golem\n|-crit|p2a: Golem\n|-damage|p2a: Golem|0 fnt\n|faint|p2a: Golem\n|\n|-weather|Snow|[upkeep]\n|-heal|p1b: Heatran|14\/100|[from] item: Leftovers\n|-sideend|p1: Sword3033|move: Tailwind\n|upkeep\n|turn|6\n|\n|t:|1700558580\n|-terastallize|p1b: Heatran|Grass\n|-terastallize|p2b: Pawmot|Ghost\n|move|p1b: Heatran|Earth Power|p2b: Pawmot\n|-damage|p2b: Pawmot|5\/100\n|move|p2b: Pawmot|Close Combat|p1b: Heatran\n|-crit|p1b: Heatran\n|-damage|p1b: Heatran|0 fnt\n|-unboost|p2b: Pawmot|def|1\n|-unboost|p2b: Pawmot|spd|1\n|faint|p1b: Heatran\n|\n|win|slow blade\n|raw|Sword3033's rating: 1114 &rarr; <strong>1089<\/strong><br \/>(-25 for losing)\n|raw|slow blade's rating: 1108 &rarr; <strong>1133<\/strong><br \/>(+25 for winning)\n","uploadtime":1700558588,"views":1,"p1id":"sword3033","p2id":"slowblade","formatid":"gen9vgc2023regulatione","rating":1089,"private":0,"password":""}