{"id":"gen9vgc2023regulatione-1994893157","p1":"teabottlew","p2":"That_Leek","format":"[Gen 9] VGC 2023 Regulation E","log":"|j|\u2606teabottlew\n|j|\u2606That_Leek\n|t:|1700502340\n|gametype|doubles\n|player|p1|teabottlew|169|1465\n|player|p2|That_Leek|blue|1637\n|teamsize|p1|6\n|teamsize|p2|6\n|gen|9\n|tier|[Gen 9] VGC 2023 Regulation E\n|rated|\n|rule|Species Clause: Limit one of each Pok\u00e9mon\n|rule|Item Clause: Limit one of each item\n|clearpoke\n|poke|p1|Mamoswine, L50, M|\n|poke|p1|Gholdengo, L50|\n|poke|p1|Ninetales-Alola, L50, M|\n|poke|p1|Sinistcha, L50|\n|poke|p1|Roaring Moon, L50|\n|poke|p1|Urshifu-*, L50, F|\n|poke|p2|Gholdengo, L50|\n|poke|p2|Ogerpon-Wellspring, L50, F|\n|poke|p2|Arcanine-Hisui, L50, M|\n|poke|p2|Chien-Pao, L50|\n|poke|p2|Scream Tail, L50|\n|poke|p2|Dragonite, L50, M|\n|teampreview|4\nThat_Leek has agreed to open team sheets.\nteabottlew has agreed to open team sheets.\n|\n|t:|1700502410\n|start\n|switch|p1a: Mamoswine|Mamoswine, L50, M|100\/100\n|switch|p1b: Ninetales|Ninetales-Alola, L50, M|100\/100\n|switch|p2a: Ogerpon|Ogerpon-Wellspring, L50, F|100\/100\n|switch|p2b: Gholdengo|Gholdengo, L50|100\/100\n|-weather|Snow|[from] ability: Snow Warning|[of] p1b: Ninetales\n|turn|1\n|\n|t:|1700502422\n|move|p1a: Mamoswine|Protect|p1a: Mamoswine\n|-singleturn|p1a: Mamoswine|Protect\n|move|p2a: Ogerpon|Follow Me|p2a: Ogerpon\n|-singleturn|p2a: Ogerpon|move: Follow Me\n|move|p1b: Ninetales|Aurora Veil|p1b: Ninetales\n|-sidestart|p1: teabottlew|move: Aurora Veil\n|move|p2b: Gholdengo|Nasty Plot|p2b: Gholdengo\n|-boost|p2b: Gholdengo|spa|2\n|\n|-weather|Snow|[upkeep]\n|upkeep\n|turn|2\n|\n|t:|1700502438\n|move|p2b: Gholdengo|Protect|p2b: Gholdengo\n|-singleturn|p2b: Gholdengo|Protect\n|move|p1b: Ninetales|Icy Wind|p2a: Ogerpon|[spread] p2a\n|-activate|p2b: Gholdengo|move: Protect\n|-damage|p2a: Ogerpon|87\/100\n|-unboost|p2a: Ogerpon|spe|1\n|move|p1a: Mamoswine|High Horsepower|p2b: Gholdengo\n|-activate|p2b: Gholdengo|move: Protect\n|move|p2a: Ogerpon|Horn Leech|p1a: Mamoswine\n|-supereffective|p1a: Mamoswine\n|-damage|p1a: Mamoswine|64\/100\n|-heal|p2a: Ogerpon|100\/100|[from] drain|[of] p1a: Mamoswine\n|\n|-weather|Snow|[upkeep]\n|upkeep\n|turn|3\n|\n|t:|1700502448\n|move|p1a: Mamoswine|Protect|p1a: Mamoswine\n|-singleturn|p1a: Mamoswine|Protect\n|move|p2a: Ogerpon|Follow Me|p2a: Ogerpon\n|-singleturn|p2a: Ogerpon|move: Follow Me\n|move|p1b: Ninetales|Encore|p2a: Ogerpon\n|-start|p2a: Ogerpon|Encore\n|move|p2b: Gholdengo|Nasty Plot|p2b: Gholdengo\n|-boost|p2b: Gholdengo|spa|2\n|\n|-weather|Snow|[upkeep]\n|upkeep\n|turn|4\n|\n|t:|1700502454\n|switch|p1b: Sinistcha|Sinistcha, L50|100\/100\n|-heal|p1a: Mamoswine|89\/100|[from] ability: Hospitality|[of] p1b: Sinistcha\n|-terastallize|p1a: Mamoswine|Steel\n|move|p2a: Ogerpon|Follow Me|p2a: Ogerpon\n|-singleturn|p2a: Ogerpon|move: Follow Me\n|move|p1a: Mamoswine|Icicle Crash|p2a: Ogerpon\n|-damage|p2a: Ogerpon|42\/100\n|-damage|p1a: Mamoswine|79\/100|[from] item: Life Orb\n|move|p2b: Gholdengo|Nasty Plot|p2b: Gholdengo\n|-boost|p2b: Gholdengo|spa|2\n|\n|-weather|Snow|[upkeep]\n|upkeep\n|turn|5\n|\n|t:|1700502474\n|move|p2a: Ogerpon|Follow Me|p2a: Ogerpon\n|-singleturn|p2a: Ogerpon|move: Follow Me\n|move|p1a: Mamoswine|Icicle Crash|p2a: Ogerpon\n|-damage|p2a: Ogerpon|0 fnt\n|faint|p2a: Ogerpon\n|-damage|p1a: Mamoswine|69\/100|[from] item: Life Orb\n|move|p2b: Gholdengo|Shadow Ball|p1a: Mamoswine\n|-damage|p1a: Mamoswine|0 fnt\n|faint|p1a: Mamoswine\n|move|p1b: Sinistcha|Matcha Gotcha|p2b: Gholdengo\n|-resisted|p2b: Gholdengo\n|-damage|p2b: Gholdengo|85\/100\n|\n|-weather|none\n|upkeep\n|\n|t:|1700502480\n|switch|p2a: Arcanine|Arcanine-Hisui, L50, M|100\/100\n|switch|p1a: Roaring Moon|Roaring Moon, L50|100\/100\n|-ability|p2a: Arcanine|Intimidate|boost\n|-unboost|p1a: Roaring Moon|atk|1\n|-unboost|p1b: Sinistcha|atk|1\n|-enditem|p1a: Roaring Moon|Booster Energy\n|-activate|p1a: Roaring Moon|ability: Protosynthesis|[fromitem]\n|-start|p1a: Roaring Moon|protosynthesisspe\n|turn|6\n|\n|t:|1700502488\n|-terastallize|p2b: Gholdengo|Water\n|move|p1b: Sinistcha|Protect|p1b: Sinistcha\n|-singleturn|p1b: Sinistcha|Protect\n|move|p1a: Roaring Moon|Knock Off|p2b: Gholdengo\n|-damage|p2b: Gholdengo|54\/100\n|-enditem|p2b: Gholdengo|Sitrus Berry|[from] move: Knock Off|[of] p1a: Roaring Moon\n|move|p2a: Arcanine|Rock Slide|p1a: Roaring Moon|[spread] p1a\n|-activate|p1b: Sinistcha|move: Protect\n|-crit|p1a: Roaring Moon\n|-damage|p1a: Roaring Moon|13\/100\n|move|p2b: Gholdengo|Make It Rain|p1a: Roaring Moon|[spread] p1a\n|-activate|p1b: Sinistcha|move: Protect\n|-damage|p1a: Roaring Moon|0 fnt\n|-unboost|p2b: Gholdengo|spa|1\n|faint|p1a: Roaring Moon\n|-end|p1a: Roaring Moon|Protosynthesis|[silent]\n|\n|upkeep\n|\n|t:|1700502491\n|switch|p1a: Ninetales|Ninetales-Alola, L50, M|100\/100\n|-weather|Snow|[from] ability: Snow Warning|[of] p1a: Ninetales\n|turn|7\n|\n|t:|1700502497\n|move|p1a: Ninetales|Icy Wind|p2a: Arcanine|[spread] p2a,p2b\n|-resisted|p2a: Arcanine\n|-resisted|p2b: Gholdengo\n|-damage|p2a: Arcanine|92\/100\n|-damage|p2b: Gholdengo|47\/100\n|-unboost|p2a: Arcanine|spe|1\n|-unboost|p2b: Gholdengo|spe|1\n|move|p2a: Arcanine|Rock Slide|p1a: Ninetales|[spread] p1a,p1b\n|-supereffective|p1a: Ninetales\n|-crit|p1b: Sinistcha\n|-damage|p1a: Ninetales|41\/100\n|-damage|p1b: Sinistcha|48\/100\n|-enditem|p1b: Sinistcha|Sitrus Berry|[eat]\n|-heal|p1b: Sinistcha|73\/100|[from] item: Sitrus Berry\n|cant|p1b: Sinistcha|flinch\n|move|p2b: Gholdengo|Make It Rain|p1a: Ninetales|[spread] p1a,p1b\n|-supereffective|p1a: Ninetales\n|-damage|p1a: Ninetales|0 fnt\n|-damage|p1b: Sinistcha|0 fnt\n|-unboost|p2b: Gholdengo|spa|1\n|faint|p1a: Ninetales\n|faint|p1b: Sinistcha\n|\n|win|That_Leek\n|raw|teabottlew's rating: 1465 &rarr; <strong>1454<\/strong><br \/>(-11 for losing)\n|raw|That_Leek's rating: 1637 &rarr; <strong>1648<\/strong><br \/>(+11 for winning)\n|l|\u2606teabottlew\n","uploadtime":1700502503,"views":2,"p1id":"teabottlew","p2id":"thatleek","formatid":"gen9vgc2023regulatione","rating":1454,"private":0,"password":""}