{"id":"gen9vgc2023regulatione-1996114677","p1":"Starest","p2":"analysesinu","format":"[Gen 9] VGC 2023 Regulation E","log":"|j|\u2606Starest\n|j|\u2606analysesinu\n|t:|1700646355\n|gametype|doubles\n|player|p1|Starest|169|1051\n|player|p2|analysesinu|n-masters|1028\n|teamsize|p1|6\n|teamsize|p2|6\n|gen|9\n|tier|[Gen 9] VGC 2023 Regulation E\n|rated|\n|rule|Species Clause: Limit one of each Pok\u00e9mon\n|rule|Item Clause: Limit one of each item\n|clearpoke\n|poke|p1|Flutter Mane, L50|\n|poke|p1|Dondozo, L50, M|\n|poke|p1|Tatsugiri, L50, F|\n|poke|p1|Urshifu-*, L50, F|\n|poke|p1|Heatran, L50, F|\n|poke|p1|Rillaboom, L50, F|\n|poke|p2|Sneasler, L50, M|\n|poke|p2|Rillaboom, L50, M|\n|poke|p2|Kommo-o, L50, M|\n|poke|p2|Gholdengo, L50|\n|poke|p2|Chi-Yu, L50|\n|poke|p2|Tornadus, L50, M|\n|teampreview|4\n|\n|t:|1700646386\n|start\n|switch|p1a: Dondozo|Dondozo, L50, M|100\/100\n|switch|p1b: Flutter Mane|Flutter Mane, L50|100\/100\n|switch|p2a: Rillaboom|Rillaboom, L50, M, shiny|100\/100\n|switch|p2b: Kommo-o|Kommo-o, L50, M, shiny|100\/100\n|-fieldstart|move: Grassy Terrain|[from] ability: Grassy Surge|[of] p2a: Rillaboom\n|turn|1\n|\n|t:|1700646415\n|-terastallize|p2b: Kommo-o|Normal\n|-terastallize|p1a: Dondozo|Grass\n|move|p1b: Flutter Mane|Moonblast|p2b: Kommo-o\n|-crit|p2b: Kommo-o\n|-damage|p2b: Kommo-o|33\/100\n|move|p2a: Rillaboom|Wood Hammer|p1a: Dondozo\n|-resisted|p1a: Dondozo\n|-damage|p1a: Dondozo|78\/100\n|-damage|p2a: Rillaboom|91\/100|[from] Recoil\n|move|p2b: Kommo-o|Clangorous Soul||[still]\n|-fail|p2b: Kommo-o\n|move|p1a: Dondozo|Order Up|p2a: Rillaboom\n|-damage|p2a: Rillaboom|71\/100\n|\n|-heal|p2a: Rillaboom|76\/100|[from] Grassy Terrain\n|-heal|p2b: Kommo-o|39\/100|[from] Grassy Terrain\n|-heal|p1a: Dondozo|84\/100|[from] Grassy Terrain\n|upkeep\n|turn|2\n|\n|t:|1700646447\n|switch|p2b: Sneasler|Sneasler, L50, M, shiny|100\/100\n|-enditem|p2b: Sneasler|Grassy Seed\n|-boost|p2b: Sneasler|def|1|[from] item: Grassy Seed\n|move|p1b: Flutter Mane|Moonblast|p2a: Rillaboom\n|-damage|p2a: Rillaboom|34\/100\n|move|p2a: Rillaboom|Wood Hammer|p1b: Flutter Mane\n|-enditem|p1b: Flutter Mane|Focus Sash\n|-damage|p1b: Flutter Mane|1\/100\n|-damage|p2a: Rillaboom|14\/100|[from] Recoil\n|move|p1a: Dondozo|Wave Crash|p2b: Sneasler\n|-damage|p2b: Sneasler|57\/100\n|-damage|p1a: Dondozo|73\/100|[from] Recoil\n|\n|-heal|p2b: Sneasler|63\/100|[from] Grassy Terrain\n|-heal|p1b: Flutter Mane|7\/100|[from] Grassy Terrain\n|-heal|p2a: Rillaboom|19\/100|[from] Grassy Terrain\n|-heal|p1a: Dondozo|79\/100|[from] Grassy Terrain\n|upkeep\n|turn|3\n|\n|t:|1700646474\n|-end|p1b: Flutter Mane|Protosynthesis|[silent]\n|switch|p1b: Tatsugiri|Tatsugiri, L50, F|100\/100\n|-activate|p1b: Tatsugiri|ability: Commander|[of] p1a: Dondozo\n|-boost|p1a: Dondozo|atk|2\n|-boost|p1a: Dondozo|spa|2\n|-boost|p1a: Dondozo|spe|2\n|-boost|p1a: Dondozo|def|2\n|-boost|p1a: Dondozo|spd|2\n|switch|p2a: Gholdengo|Gholdengo, L50|100\/100\n|move|p2b: Sneasler|Dire Claw|p1a: Dondozo\n|-supereffective|p1a: Dondozo\n|-damage|p1a: Dondozo|54\/100\n|-status|p1a: Dondozo|par\n|move|p1a: Dondozo|Wave Crash|p2b: Sneasler\n|-damage|p2b: Sneasler|0 fnt\n|faint|p2b: Sneasler\n|-damage|p1a: Dondozo|39\/100 par|[from] Recoil\n|\n|-heal|p1a: Dondozo|45\/100 par|[from] Grassy Terrain\n|upkeep\n|inactive|Battle timer is ON: inactive players will automatically lose when time's up. (requested by Starest)\n|\n|t:|1700646499\n|switch|p2b: Kommo-o|Kommo-o, L50, M, shiny, tera:Normal|39\/100\n|turn|4\n|inactive|analysesinu has 30 seconds left.\n|inactive|analysesinu has 20 seconds left.\n|inactive|analysesinu has 15 seconds left.\n|inactive|analysesinu has 10 seconds left.\n|\n|t:|1700646546\n|move|p2a: Gholdengo|Trick|p1a: Dondozo\n|-activate|p2a: Gholdengo|move: Trick|[of] p1a: Dondozo\n|-item|p1a: Dondozo|Choice Scarf|[from] move: Trick\n|-item|p2a: Gholdengo|Clear Amulet|[from] move: Trick\n|move|p2b: Kommo-o|Clangorous Soul|p2b: Kommo-o\n|-boost|p2b: Kommo-o|atk|1\n|-boost|p2b: Kommo-o|def|1\n|-boost|p2b: Kommo-o|spa|1\n|-boost|p2b: Kommo-o|spd|1\n|-boost|p2b: Kommo-o|spe|1\n|-damage|p2b: Kommo-o|6\/100\n|-enditem|p2b: Kommo-o|Throat Spray\n|-boost|p2b: Kommo-o|spa|1|[from] item: Throat Spray\n|cant|p1a: Dondozo|par\n|\n|-heal|p2b: Kommo-o|12\/100|[from] Grassy Terrain\n|-heal|p1a: Dondozo|51\/100 par|[from] Grassy Terrain\n|upkeep\n|turn|5\n|\n|t:|1700646570\n|move|p2b: Kommo-o|Boomburst|p1a: Dondozo|[spread] p1a\n|-miss|p2b: Kommo-o|p1b: Tatsugiri\n|-immune|p2a: Gholdengo\n|-damage|p1a: Dondozo|11\/100 par\n|move|p2a: Gholdengo|Shadow Ball|p1a: Dondozo\n|-damage|p1a: Dondozo|0 fnt\n|faint|p1a: Dondozo\n|\n|-heal|p2b: Kommo-o|18\/100|[from] Grassy Terrain\n|-fieldend|move: Grassy Terrain\n|upkeep\n|\n|t:|1700646587\n|switch|p1a: Urshifu|Urshifu-Rapid-Strike, L50, F|100\/100\n|turn|6\n|inactive|analysesinu has 30 seconds left.\n|\n|t:|1700646612\n|move|p1a: Urshifu|Surging Strikes|p2b: Kommo-o\n|-crit|p2b: Kommo-o\n|-damage|p2b: Kommo-o|0 fnt\n|faint|p2b: Kommo-o\n|-hitcount|p2: Kommo-o|1\n|move|p1b: Tatsugiri|Draco Meteor|p2a: Gholdengo\n|-resisted|p2a: Gholdengo\n|-damage|p2a: Gholdengo|54\/100\n|-unboost|p1b: Tatsugiri|spa|2\n|move|p2a: Gholdengo|Thunderbolt|p1a: Urshifu\n|-supereffective|p1a: Urshifu\n|-damage|p1a: Urshifu|14\/100\n|\n|upkeep\n|\n|t:|1700646623\n|switch|p2b: Rillaboom|Rillaboom, L50, M, shiny|19\/100\n|-fieldstart|move: Grassy Terrain|[from] ability: Grassy Surge|[of] p2b: Rillaboom\n|turn|7\n|\n|t:|1700646633\n|switch|p1a: Flutter Mane|Flutter Mane, L50|7\/100\n|move|p2b: Rillaboom|Fake Out|p1a: Flutter Mane\n|-immune|p1a: Flutter Mane\n|move|p1b: Tatsugiri|Draco Meteor|p2b: Rillaboom\n|-damage|p2b: Rillaboom|0 fnt\n|-unboost|p1b: Tatsugiri|spa|2\n|faint|p2b: Rillaboom\n|move|p2a: Gholdengo|Make It Rain|p1b: Tatsugiri|[spread] p1a,p1b\n|-supereffective|p1a: Flutter Mane\n|-resisted|p1b: Tatsugiri\n|-damage|p1a: Flutter Mane|0 fnt\n|-damage|p1b: Tatsugiri|73\/100\n|-unboost|p2a: Gholdengo|spa|1\n|faint|p1a: Flutter Mane\n|-end|p1a: Flutter Mane|Protosynthesis|[silent]\n|\n|-heal|p1b: Tatsugiri|79\/100|[from] Grassy Terrain\n|-heal|p2a: Gholdengo|60\/100|[from] Grassy Terrain\n|upkeep\n|\n|t:|1700646651\n|switch|p1a: Urshifu|Urshifu-Rapid-Strike, L50, F|14\/100\n|turn|8\n|\n|t:|1700646657\n|move|p1a: Urshifu|Surging Strikes|p2a: Gholdengo\n|-crit|p2a: Gholdengo\n|-damage|p2a: Gholdengo|40\/100\n|-crit|p2a: Gholdengo\n|-damage|p2a: Gholdengo|21\/100\n|-crit|p2a: Gholdengo\n|-damage|p2a: Gholdengo|1\/100\n|-hitcount|p2a: Gholdengo|3\n|move|p1b: Tatsugiri|Draco Meteor|p2a: Gholdengo\n|-resisted|p2a: Gholdengo\n|-damage|p2a: Gholdengo|0 fnt\n|-unboost|p1b: Tatsugiri|spa|2\n|faint|p2a: Gholdengo\n|\n|win|Starest\n|raw|Starest's rating: 1051 &rarr; <strong>1081<\/strong><br \/>(+30 for winning)\n|raw|analysesinu's rating: 1028 &rarr; <strong>1015<\/strong><br \/>(-13 for losing)\n|l|\u2606analysesinu\n","uploadtime":1700646671,"views":2,"p1id":"starest","p2id":"analysesinu","formatid":"gen9vgc2023regulatione","rating":1015,"private":0,"password":""}