{"id":"gen9vgc2023regulatione-1993014934","p1":"LycanPlaysVGC","p2":"Gbrilx","format":"[Gen 9] VGC 2023 Regulation E","log":"|j|\u2606LycanPlaysVGC\n|j|\u2606Gbrilx\n|t:|1700255643\n|gametype|doubles\n|player|p1|LycanPlaysVGC|170|1259\n|player|p2|Gbrilx|benga|1324\n|teamsize|p1|6\n|teamsize|p2|6\n|gen|9\n|tier|[Gen 9] VGC 2023 Regulation E\n|rated|\n|rule|Species Clause: Limit one of each Pok\u00e9mon\n|rule|Item Clause: Limit one of each item\n|clearpoke\n|poke|p1|Gliscor, L50, F|\n|poke|p1|Oranguru, L50, F|\n|poke|p1|Ursaluna-Bloodmoon, L50, M|\n|poke|p1|Ogerpon-Wellspring, L50, F|\n|poke|p1|Urshifu-*, L50, F|\n|poke|p1|Toxtricity, L50, M|\n|poke|p2|Charizard, L50, M|\n|poke|p2|Gastrodon-East, L50, F|\n|poke|p2|Sinistcha-Masterpiece, L50|\n|poke|p2|Lycanroc-Midnight, L50, M|\n|poke|p2|Iron Hands, L50|\n|poke|p2|Dusclops, L50, M|\n|teampreview|4\n|inactive|Battle timer is ON: inactive players will automatically lose when time's up. (requested by LycanPlaysVGC)\n|\n|t:|1700255657\n|start\n|switch|p1a: Gliscor|Gliscor, L50, F|100\/100\n|switch|p1b: Oranguru|Oranguru, L50, F|100\/100\n|switch|p2a: Charizard|Charizard, L50, M|100\/100\n|switch|p2b: Dusclops|Dusclops, L50, M|100\/100\n|-ability|p2b: Dusclops|Pressure\n|turn|1\n|\n|t:|1700255679\n|move|p1a: Gliscor|Swords Dance|p1a: Gliscor\n|-boost|p1a: Gliscor|atk|2\n|move|p2a: Charizard|Fire Blast|p1b: Oranguru\n|-damage|p1b: Oranguru|63\/100\n|move|p1b: Oranguru|Trick Room|p1b: Oranguru\n|-fieldstart|move: Trick Room|[of] p1b: Oranguru\n|move|p2b: Dusclops|Trick Room|p2b: Dusclops\n|-fieldend|move: Trick Room\n|\n|upkeep\n|turn|2\n|inactive|Gbrilx has 30 seconds left.\n|\n|t:|1700255713\n|move|p2a: Charizard|Protect|p2a: Charizard\n|-singleturn|p2a: Charizard|Protect\n|move|p1a: Gliscor|Dual Wingbeat|p2a: Charizard\n|-activate|p2a: Charizard|move: Protect\n|move|p1b: Oranguru|Instruct|p1a: Gliscor\n|-singleturn|p1a: Gliscor|move: Instruct|[of] p1b: Oranguru\n|move|p1a: Gliscor|Dual Wingbeat|p2a: Charizard\n|-activate|p2a: Charizard|move: Protect\n|move|p2b: Dusclops|Will-O-Wisp|p1a: Gliscor\n|-status|p1a: Gliscor|brn\n|\n|-damage|p1a: Gliscor|94\/100 brn|[from] brn\n|upkeep\n|turn|3\n|inactive|LycanPlaysVGC has 30 seconds left.\n|inactive|Gbrilx has 30 seconds left.\n|\n|t:|1700255740\n|switch|p2a: Lycanroc|Lycanroc-Midnight, L50, M, shiny|100\/100\n|move|p1a: Gliscor|Dual Wingbeat|p2a: Lycanroc\n|-resisted|p2a: Lycanroc\n|-damage|p2a: Lycanroc|88\/100\n|-resisted|p2a: Lycanroc\n|-damage|p2a: Lycanroc|76\/100\n|-hitcount|p2a: Lycanroc|2\n|-damage|p1a: Gliscor|85\/100 brn|[from] item: Life Orb\n|move|p1b: Oranguru|Instruct|p1a: Gliscor\n|-singleturn|p1a: Gliscor|move: Instruct|[of] p1b: Oranguru\n|move|p1a: Gliscor|Dual Wingbeat|p2a: Lycanroc\n|-resisted|p2a: Lycanroc\n|-damage|p2a: Lycanroc|65\/100\n|-resisted|p2a: Lycanroc\n|-damage|p2a: Lycanroc|53\/100\n|-hitcount|p2a: Lycanroc|2\n|-damage|p1a: Gliscor|75\/100 brn|[from] item: Life Orb\n|move|p2b: Dusclops|Trick Room|p2b: Dusclops\n|-fieldstart|move: Trick Room|[of] p2b: Dusclops\n|\n|-damage|p1a: Gliscor|69\/100 brn|[from] brn\n|upkeep\n|turn|4\n|inactive|LycanPlaysVGC has 30 seconds left.\n|\n|t:|1700255769\n|move|p1a: Gliscor|Protect|p1a: Gliscor\n|-singleturn|p1a: Gliscor|Protect\n|move|p2b: Dusclops|Will-O-Wisp|p1b: Oranguru\n|-status|p1b: Oranguru|brn\n|move|p2a: Lycanroc|Stone Edge|p1a: Gliscor\n|-activate|p1a: Gliscor|move: Protect\n|move|p1b: Oranguru|Trick Room|p1b: Oranguru\n|-fieldend|move: Trick Room\n|\n|-damage|p1a: Gliscor|63\/100 brn|[from] brn\n|-damage|p1b: Oranguru|57\/100 brn|[from] brn\n|upkeep\n|turn|5\n|\n|t:|1700255786\n|move|p1a: Gliscor|Earthquake|p2b: Dusclops|[spread] p2a,p2b\n|-activate|p1b: Oranguru|ability: Telepathy\n|-supereffective|p2a: Lycanroc\n|-damage|p2a: Lycanroc|0 fnt\n|-damage|p2b: Dusclops|79\/100\n|faint|p2a: Lycanroc\n|-damage|p1a: Gliscor|54\/100 brn|[from] item: Life Orb\n|move|p1b: Oranguru|Instruct|p1a: Gliscor\n|-singleturn|p1a: Gliscor|move: Instruct|[of] p1b: Oranguru\n|move|p1a: Gliscor|Earthquake|p2b: Dusclops|[spread] p2b\n|-activate|p1b: Oranguru|ability: Telepathy\n|-damage|p2b: Dusclops|55\/100\n|-damage|p1a: Gliscor|44\/100 brn|[from] item: Life Orb\n|move|p2b: Dusclops|Night Shade|p1a: Gliscor\n|-damage|p1a: Gliscor|16\/100 brn\n|\n|-damage|p1a: Gliscor|10\/100 brn|[from] brn\n|-damage|p1b: Oranguru|51\/100 brn|[from] brn\n|upkeep\n|\n|t:|1700255797\n|switch|p2a: Charizard|Charizard, L50, M|100\/100\n|turn|6\n|\n|t:|1700255822\n|move|p2a: Charizard|Protect|p2a: Charizard\n|-singleturn|p2a: Charizard|Protect\n|move|p1a: Gliscor|Dual Wingbeat|p2b: Dusclops\n|-damage|p2b: Dusclops|43\/100\n|-damage|p2b: Dusclops|31\/100\n|-hitcount|p2b: Dusclops|2\n|-damage|p1a: Gliscor|0 fnt|[from] item: Life Orb\n|faint|p1a: Gliscor\n|move|p1b: Oranguru|Instruct|p1: Gliscor|[notarget]\n|-fail|p1b: Oranguru\n|move|p2b: Dusclops|Night Shade|p1b: Oranguru\n|-immune|p1b: Oranguru\n|\n|-damage|p1b: Oranguru|45\/100 brn|[from] brn\n|upkeep\n|\n|t:|1700255838\n|switch|p1a: Toxtricity|Toxtricity, L50, M|100\/100\n|turn|7\n|\n|t:|1700255854\n|move|p1a: Toxtricity|Overdrive|p2b: Dusclops|[spread] p2a,p2b\n|-supereffective|p2a: Charizard\n|-damage|p2a: Charizard|23\/100\n|-damage|p2b: Dusclops|10\/100\n|move|p2a: Charizard|Fire Blast|p1b: Oranguru\n|-damage|p1b: Oranguru|4\/100 brn\n|move|p1b: Oranguru|Instruct|p1a: Toxtricity\n|-singleturn|p1a: Toxtricity|move: Instruct|[of] p1b: Oranguru\n|move|p1a: Toxtricity|Overdrive|p2a: Charizard|[spread] p2a,p2b\n|-supereffective|p2a: Charizard\n|-damage|p2a: Charizard|0 fnt\n|-damage|p2b: Dusclops|0 fnt\n|faint|p2a: Charizard\n|faint|p2b: Dusclops\n|\n|-damage|p1b: Oranguru|0 fnt|[from] brn\n|faint|p1b: Oranguru\n|upkeep\n|\n|t:|1700255873\n|switch|p2a: Sinistcha|Sinistcha-Masterpiece, L50|100\/100\n|switch|p1b: Ursaluna|Ursaluna-Bloodmoon, L50, M|100\/100\n|turn|8\n|\n|t:|1700255884\n|-terastallize|p1b: Ursaluna|Normal\n|move|p1a: Toxtricity|Overdrive|p2a: Sinistcha\n|-resisted|p2a: Sinistcha\n|-damage|p2a: Sinistcha|79\/100\n|move|p2a: Sinistcha|Matcha Gotcha|p1a: Toxtricity|[spread] p1a,p1b\n|-resisted|p1a: Toxtricity\n|-damage|p1a: Toxtricity|82\/100\n|-heal|p2a: Sinistcha|86\/100|[from] drain|[of] p1a: Toxtricity\n|-damage|p1b: Ursaluna|75\/100\n|-heal|p2a: Sinistcha|100\/100|[from] drain|[of] p1b: Ursaluna\n|move|p1b: Ursaluna|Hyper Voice|p2a: Sinistcha\n|-damage|p2a: Sinistcha|31\/100\n|-enditem|p1b: Ursaluna|Throat Spray\n|-boost|p1b: Ursaluna|spa|1|[from] item: Throat Spray\n|\n|upkeep\n|turn|9\n|\n|t:|1700255904\n|move|p1a: Toxtricity|Overdrive|p2a: Sinistcha\n|-resisted|p2a: Sinistcha\n|-damage|p2a: Sinistcha|6\/100\n|move|p2a: Sinistcha|Matcha Gotcha|p1a: Toxtricity|[spread] p1a,p1b\n|-resisted|p1a: Toxtricity\n|-crit|p1a: Toxtricity\n|-damage|p1a: Toxtricity|53\/100\n|-heal|p2a: Sinistcha|18\/100|[from] drain|[of] p1a: Toxtricity\n|-damage|p1b: Ursaluna|47\/100\n|-heal|p2a: Sinistcha|35\/100|[from] drain|[of] p1b: Ursaluna\n|-status|p1a: Toxtricity|brn\n|move|p1b: Ursaluna|Blood Moon|p2a: Sinistcha\n|-crit|p2a: Sinistcha\n|-damage|p2a: Sinistcha|0 fnt\n|faint|p2a: Sinistcha\n|\n|win|LycanPlaysVGC\n|raw|LycanPlaysVGC's rating: 1259 &rarr; <strong>1289<\/strong><br \/>(+30 for winning)\n|raw|Gbrilx's rating: 1324 &rarr; <strong>1300<\/strong><br \/>(-24 for losing)\n|l|\u2606Gbrilx\n","uploadtime":1700255927,"views":15,"p1id":"lycanplaysvgc","p2id":"gbrilx","formatid":"gen9vgc2023regulatione","rating":1289,"private":0,"password":""}