{"id":"gen9vgc2023regulatione-1996825398","p1":"ropz22","p2":"NikaVII","format":"[Gen 9] VGC 2023 Regulation E","log":"|j|\u2606ropz22\n|j|\u2606NikaVII\n|t:|1700731429\n|gametype|doubles\n|player|p1|ropz22|102|1161\n|player|p2|NikaVII|265|1090\n|teamsize|p1|6\n|teamsize|p2|6\n|gen|9\n|tier|[Gen 9] VGC 2023 Regulation E\n|rated|\n|rule|Species Clause: Limit one of each Pok\u00e9mon\n|rule|Item Clause: Limit one of each item\n|clearpoke\n|poke|p1|Glastrier, L50|\n|poke|p1|Iron Hands, L50|\n|poke|p1|Ursaluna-Bloodmoon, L50, M|\n|poke|p1|Farigiraf, L50, F|\n|poke|p1|Oranguru, L50, M|\n|poke|p1|Flutter Mane, L50|\n|poke|p2|Zapdos, L50|\n|poke|p2|Politoed, L50, F|\n|poke|p2|Arcanine-Hisui, L50, M|\n|poke|p2|Ninetales, L50, M|\n|poke|p2|Flutter Mane, L50|\n|poke|p2|Ogerpon-Wellspring, L50, F|\n|teampreview|4\n|inactive|Battle timer is ON: inactive players will automatically lose when time's up. (requested by ropz22)\n|\n|t:|1700731491\n|start\n|switch|p1a: Oranguru|Oranguru, L50, M|100\/100\n|switch|p1b: Flutter Mane|Flutter Mane, L50|100\/100\n|switch|p2a: Zapdos|Zapdos, L50|100\/100\n|switch|p2b: Politoed|Politoed, L50, F, shiny|100\/100\n|-weather|RainDance|[from] ability: Drizzle|[of] p2b: Politoed\n|turn|1\n|inactive|NikaVII has 30 seconds left.\n|inactive|NikaVII has 20 seconds left.\n|inactive|NikaVII has 15 seconds left.\n|inactive|ropz22 has 30 seconds left.\n|inactive|NikaVII has 10 seconds left.\n|\n|t:|1700731541\n|move|p1b: Flutter Mane|Dazzling Gleam|p2a: Zapdos|[spread] p2a,p2b\n|-damage|p2a: Zapdos|60\/100\n|-damage|p2b: Politoed|68\/100\n|move|p2a: Zapdos|Hurricane|p1a: Oranguru\n|-damage|p1a: Oranguru|61\/100\n|-start|p1a: Oranguru|confusion\n|move|p2b: Politoed|Weather Ball|p1a: Oranguru\n|-damage|p1a: Oranguru|11\/100\n|-activate|p1a: Oranguru|confusion\n|-damage|p1a: Oranguru|6\/100|[from] confusion\n|\n|-weather|RainDance|[upkeep]\n|-heal|p2a: Zapdos|67\/100|[from] item: Leftovers\n|upkeep\n|turn|2\n|inactive|ropz22 has 30 seconds left.\n|\n|t:|1700731567\n|move|p1b: Flutter Mane|Dazzling Gleam|p2b: Politoed|[spread] p2a,p2b\n|-damage|p2a: Zapdos|23\/100\n|-damage|p2b: Politoed|35\/100\n|move|p2a: Zapdos|Tailwind|p2a: Zapdos\n|-sidestart|p2: NikaVII|move: Tailwind\n|move|p2b: Politoed|Weather Ball|p1a: Oranguru\n|-damage|p1a: Oranguru|0 fnt\n|faint|p1a: Oranguru\n|\n|-weather|RainDance|[upkeep]\n|-heal|p2a: Zapdos|29\/100|[from] item: Leftovers\n|upkeep\n|\n|t:|1700731579\n|switch|p1a: Ursaluna|Ursaluna-Bloodmoon, L50, M|100\/100\n|turn|3\n|inactive|NikaVII has 30 seconds left.\n|\n|t:|1700731607\n|-terastallize|p1a: Ursaluna|Steel\n|move|p2b: Politoed|Protect|p2b: Politoed\n|-singleturn|p2b: Politoed|Protect\n|move|p2a: Zapdos|Hurricane|p1a: Ursaluna\n|-resisted|p1a: Ursaluna\n|-damage|p1a: Ursaluna|71\/100\n|-start|p1a: Ursaluna|confusion\n|move|p1b: Flutter Mane|Dazzling Gleam|p2b: Politoed|[spread] p2a\n|-activate|p2b: Politoed|move: Protect\n|-damage|p2a: Zapdos|0 fnt\n|faint|p2a: Zapdos\n|-activate|p1a: Ursaluna|confusion\n|move|p1a: Ursaluna|Calm Mind|p1a: Ursaluna\n|-boost|p1a: Ursaluna|spa|1\n|-boost|p1a: Ursaluna|spd|1\n|\n|-weather|RainDance|[upkeep]\n|-heal|p1a: Ursaluna|77\/100|[from] item: Leftovers\n|upkeep\n|\n|t:|1700731625\n|switch|p2a: Ogerpon|Ogerpon-Wellspring, L50, F|100\/100\n|turn|4\n|inactive|NikaVII has 30 seconds left.\n|inactive|NikaVII has 20 seconds left.\n|inactive|NikaVII has 15 seconds left.\n|\n|t:|1700731666\n|move|p2a: Ogerpon|Ivy Cudgel|p1b: Flutter Mane|[anim] Ivy Cudgel Water\n|-enditem|p1b: Flutter Mane|Focus Sash\n|-damage|p1b: Flutter Mane|1\/100\n|move|p1b: Flutter Mane|Dazzling Gleam|p2b: Politoed|[spread] p2a,p2b\n|-crit|p2b: Politoed\n|-damage|p2a: Ogerpon|62\/100\n|-damage|p2b: Politoed|0 fnt\n|faint|p2b: Politoed\n|-activate|p1a: Ursaluna|confusion\n|-damage|p1a: Ursaluna|73\/100|[from] confusion\n|\n|-weather|RainDance|[upkeep]\n|-heal|p1a: Ursaluna|79\/100|[from] item: Leftovers\n|upkeep\n|\n|t:|1700731670\n|switch|p2b: Arcanine|Arcanine-Hisui, L50, M|100\/100\n|-ability|p2b: Arcanine|Intimidate|boost\n|-unboost|p1a: Ursaluna|atk|1\n|-unboost|p1b: Flutter Mane|atk|1\n|turn|5\n|inactive|NikaVII has 30 seconds left.\n|inactive|NikaVII has 20 seconds left.\n|inactive|NikaVII has 15 seconds left.\n|inactive|NikaVII has 10 seconds left.\n|inactive|NikaVII has 5 seconds left.\n|\n|t:|1700731725\n|move|p2b: Arcanine|Protect|p2b: Arcanine\n|-singleturn|p2b: Arcanine|Protect\n|move|p1b: Flutter Mane|Protect|p1b: Flutter Mane\n|-singleturn|p1b: Flutter Mane|Protect\n|move|p2a: Ogerpon|Ivy Cudgel|p1b: Flutter Mane|[anim] Ivy Cudgel Water\n|-activate|p1b: Flutter Mane|move: Protect\n|-end|p1a: Ursaluna|confusion\n|move|p1a: Ursaluna|Earth Power|p2b: Arcanine\n|-activate|p2b: Arcanine|move: Protect\n|\n|-weather|RainDance|[upkeep]\n|-heal|p1a: Ursaluna|86\/100|[from] item: Leftovers\n|-sideend|p2: NikaVII|move: Tailwind\n|upkeep\n|turn|6\n|inactive|ropz22 has 30 seconds left.\n|inactive|NikaVII has 30 seconds left.\n|\n|t:|1700731759\n|-terastallize|p2b: Arcanine|Fairy\n|move|p1b: Flutter Mane|Moonblast|p2a: Ogerpon\n|-damage|p2a: Ogerpon|0 fnt\n|faint|p2a: Ogerpon\n|move|p2b: Arcanine|Iron Head|p1b: Flutter Mane\n|-supereffective|p1b: Flutter Mane\n|-damage|p1b: Flutter Mane|0 fnt\n|faint|p1b: Flutter Mane\n|-end|p1b: Flutter Mane|Protosynthesis|[silent]\n|move|p1a: Ursaluna|Earth Power|p2b: Arcanine\n|-damage|p2b: Arcanine|5\/100\n|\n|-weather|RainDance|[upkeep]\n|-heal|p1a: Ursaluna|92\/100|[from] item: Leftovers\n|upkeep\n|\n|t:|1700731774\n|switch|p1b: Glastrier|Glastrier, L50|100\/100\n|turn|7\n|\n|t:|1700731796\n|move|p2b: Arcanine|Flare Blitz|p1a: Ursaluna\n|-supereffective|p1a: Ursaluna\n|-damage|p1a: Ursaluna|49\/100\n|-damage|p2b: Arcanine|0 fnt|[from] Recoil\n|faint|p2b: Arcanine\n|\n|win|ropz22\n|raw|ropz22's rating: 1161 &rarr; <strong>1181<\/strong><br \/>(+20 for winning)\n|raw|NikaVII's rating: 1090 &rarr; <strong>1071<\/strong><br \/>(-19 for losing)\n|l|\u2606NikaVII\n","uploadtime":1700731809,"views":5,"p1id":"ropz22","p2id":"nikavii","formatid":"gen9vgc2023regulatione","rating":1071,"private":0,"password":""}