{"id":"gen9vgc2023regulatione-1994542488","p1":"Kedrigz","p2":"Sugatoad","format":"[Gen 9] VGC 2023 Regulation E","log":"|j|\u2606Kedrigz\n|j|\u2606Sugatoad\n|t:|1700457056\n|gametype|doubles\n|player|p1|Kedrigz|170|1097\n|player|p2|Sugatoad|pokemaniac|1035\n|teamsize|p1|6\n|teamsize|p2|6\n|gen|9\n|tier|[Gen 9] VGC 2023 Regulation E\n|rated|\n|rule|Species Clause: Limit one of each Pok\u00e9mon\n|rule|Item Clause: Limit one of each item\n|clearpoke\n|poke|p1|Kommo-o, L50, F|\n|poke|p1|Tyranitar, L50, F|\n|poke|p1|Rillaboom, L50, M|\n|poke|p1|Iron Bundle, L50|\n|poke|p1|Flutter Mane, L50|\n|poke|p1|Arcanine-Hisui, L50, M|\n|poke|p2|Gallade, L50, M|\n|poke|p2|Breloom, L50, F|\n|poke|p2|Tyranitar, L50, F|\n|poke|p2|Heracross, L50, M|\n|poke|p2|Iron Valiant, L50|\n|poke|p2|Lycanroc, L50, F|\n|teampreview|4\n|inactive|Battle timer is ON: inactive players will automatically lose when time's up. (requested by Kedrigz)\n|inactiveoff|Battle timer is now OFF.\n|\n|t:|1700457201\n|start\n|switch|p1a: Kommo-o|Kommo-o, L50, F|100\/100\n|switch|p1b: Iron Bundle|Iron Bundle, L50|100\/100\n|switch|p2a: Heracross|Heracross, L50, M|100\/100\n|switch|p2b: Iron Valiant|Iron Valiant, L50|100\/100\n|-enditem|p1b: Iron Bundle|Booster Energy\n|-activate|p1b: Iron Bundle|ability: Quark Drive|[fromitem]\n|-start|p1b: Iron Bundle|quarkdrivespe\n|-enditem|p2b: Iron Valiant|Booster Energy\n|-activate|p2b: Iron Valiant|ability: Quark Drive|[fromitem]\n|-start|p2b: Iron Valiant|quarkdrivespe\n|turn|1\n|\n|t:|1700457232\n|switch|p1a: Arcanine|Arcanine-Hisui, L50, M|100\/100\n|-ability|p1a: Arcanine|Intimidate|boost\n|-unboost|p2a: Heracross|atk|1\n|-unboost|p2b: Iron Valiant|atk|1\n|move|p2b: Iron Valiant|Wide Guard|p2b: Iron Valiant\n|-singleturn|p2b: Iron Valiant|Wide Guard\n|move|p1b: Iron Bundle|Icy Wind|p2b: Iron Valiant|[spread] \n|-activate|p2a: Heracross|move: Wide Guard\n|-activate|p2b: Iron Valiant|move: Wide Guard\n|move|p2a: Heracross|Trailblaze|p1b: Iron Bundle\n|-supereffective|p1b: Iron Bundle\n|-damage|p1b: Iron Bundle|68\/100\n|-boost|p2a: Heracross|spe|1\n|\n|upkeep\n|turn|2\n|\n|t:|1700457273\n|-terastallize|p2a: Heracross|Rock\n|move|p2b: Iron Valiant|Wide Guard|p2b: Iron Valiant\n|-singleturn|p2b: Iron Valiant|Wide Guard\n|move|p1b: Iron Bundle|Icy Wind|p2a: Heracross|[spread] \n|-activate|p2a: Heracross|move: Wide Guard\n|-activate|p2b: Iron Valiant|move: Wide Guard\n|move|p2a: Heracross|Rock Slide|p1b: Iron Bundle|[spread] p1a,p1b\n|-supereffective|p1a: Arcanine\n|-supereffective|p1b: Iron Bundle\n|-damage|p1a: Arcanine|60\/100\n|-damage|p1b: Iron Bundle|26\/100\n|cant|p1a: Arcanine|flinch\n|\n|upkeep\n|turn|3\n|\n|t:|1700457298\n|move|p2b: Iron Valiant|Wide Guard|p2b: Iron Valiant\n|-singleturn|p2b: Iron Valiant|Wide Guard\n|move|p1b: Iron Bundle|Hydro Pump|p2a: Heracross|[miss]\n|-miss|p1b: Iron Bundle|p2a: Heracross\n|move|p2a: Heracross|Rock Slide|p1b: Iron Bundle|[spread] p1b\n|-miss|p2a: Heracross|p1a: Arcanine\n|-supereffective|p1b: Iron Bundle\n|-damage|p1b: Iron Bundle|0 fnt\n|faint|p1b: Iron Bundle\n|-end|p1b: Iron Bundle|Quark Drive|[silent]\n|-ability|p2a: Heracross|Moxie|boost\n|-boost|p2a: Heracross|atk|1\n|move|p1a: Arcanine|Will-O-Wisp|p2a: Heracross\n|-status|p2a: Heracross|brn\n|\n|-damage|p2a: Heracross|95\/100 brn|[from] brn\n|upkeep\n|\n|t:|1700457317\n|switch|p1b: Rillaboom|Rillaboom, L50, M|100\/100\n|-fieldstart|move: Grassy Terrain|[from] ability: Grassy Surge|[of] p1b: Rillaboom\n|-enditem|p1b: Rillaboom|Grassy Seed\n|-boost|p1b: Rillaboom|def|1|[from] item: Grassy Seed\n|turn|4\n|\n|t:|1700457370\n|move|p1b: Rillaboom|Fake Out|p2a: Heracross\n|-resisted|p2a: Heracross\n|-damage|p2a: Heracross|83\/100 brn\n|move|p2b: Iron Valiant|Icy Wind|p1a: Arcanine|[spread] p1a,p1b\n|-resisted|p1a: Arcanine\n|-supereffective|p1b: Rillaboom\n|-damage|p1a: Arcanine|54\/100\n|-damage|p1b: Rillaboom|73\/100\n|-unboost|p1a: Arcanine|spe|1\n|-unboost|p1b: Rillaboom|spe|1\n|cant|p2a: Heracross|flinch\n|move|p1a: Arcanine|Flare Blitz|p2b: Iron Valiant\n|-damage|p2b: Iron Valiant|26\/100\n|-damage|p1a: Arcanine|36\/100|[from] Recoil\n|-enditem|p1a: Arcanine|Sitrus Berry|[eat]\n|-heal|p1a: Arcanine|61\/100|[from] item: Sitrus Berry\n|\n|-heal|p2b: Iron Valiant|32\/100|[from] Grassy Terrain\n|-heal|p2a: Heracross|89\/100 brn|[from] Grassy Terrain\n|-heal|p1a: Arcanine|67\/100|[from] Grassy Terrain\n|-heal|p1b: Rillaboom|79\/100|[from] Grassy Terrain\n|-damage|p2a: Heracross|83\/100 brn|[from] brn\n|upkeep\n|turn|5\n|\n|t:|1700457411\n|move|p1b: Rillaboom|Grassy Glide|p2b: Iron Valiant\n|-damage|p2b: Iron Valiant|0 fnt\n|faint|p2b: Iron Valiant\n|-end|p2b: Iron Valiant|Quark Drive|[silent]\n|move|p2a: Heracross|Reversal|p1b: Rillaboom\n|-damage|p1b: Rillaboom|75\/100\n|move|p1a: Arcanine|Howl|p1a: Arcanine|[spread] p1a,p1b\n|-boost|p1a: Arcanine|atk|1\n|-boost|p1b: Rillaboom|atk|1\n|\n|-heal|p2a: Heracross|89\/100 brn|[from] Grassy Terrain\n|-heal|p1a: Arcanine|73\/100|[from] Grassy Terrain\n|-heal|p1b: Rillaboom|81\/100|[from] Grassy Terrain\n|-damage|p2a: Heracross|83\/100 brn|[from] brn\n|upkeep\n|\n|t:|1700457424\n|switch|p2b: Tyranitar|Tyranitar, L50, F|100\/100\n|-weather|Sandstorm|[from] ability: Sand Stream|[of] p2b: Tyranitar\n|turn|6\n|inactive|Battle timer is ON: inactive players will automatically lose when time's up. (requested by Kedrigz)\n|inactive|Kedrigz has 30 seconds left.\n|inactive|Kedrigz has 20 seconds left.\n|inactive|Kedrigz has 15 seconds left.\n|inactive|Kedrigz has 10 seconds left.\n|inactive|Kedrigz has 5 seconds left.\n|\n|t:|1700457602\n|move|p1b: Rillaboom|Fake Out||[still]\n|-hint|Fake Out only works on your first turn out.\n|-fail|p1b: Rillaboom\n|move|p2a: Heracross|Rock Slide|p1a: Arcanine|[spread] p1a,p1b\n|-supereffective|p1a: Arcanine\n|-damage|p1a: Arcanine|44\/100\n|-damage|p1b: Rillaboom|71\/100\n|move|p2b: Tyranitar|Crunch|p1b: Rillaboom\n|-damage|p1b: Rillaboom|43\/100\n|move|p1a: Arcanine|Flare Blitz|p2a: Heracross\n|-resisted|p2a: Heracross\n|-damage|p2a: Heracross|20\/100 brn\n|-enditem|p2a: Heracross|Salac Berry|[eat]\n|-boost|p2a: Heracross|spe|1|[from] item: Salac Berry\n|-damage|p1a: Arcanine|28\/100|[from] Recoil\n|\n|-weather|Sandstorm|[upkeep]\n|-damage|p1b: Rillaboom|37\/100|[from] Sandstorm\n|-heal|p2a: Heracross|26\/100 brn|[from] Grassy Terrain\n|-heal|p1a: Arcanine|34\/100|[from] Grassy Terrain\n|-heal|p1b: Rillaboom|43\/100|[from] Grassy Terrain\n|-damage|p2a: Heracross|20\/100 brn|[from] brn\n|upkeep\n|turn|7\n|inactive|Kedrigz has 30 seconds left.\n|inactive|Sugatoad has 30 seconds left.\n|inactive|Sugatoad has 20 seconds left.\n|\n|t:|1700457638\n|move|p1b: Rillaboom|Grassy Glide|p2b: Tyranitar\n|-supereffective|p2b: Tyranitar\n|-damage|p2b: Tyranitar|0 fnt\n|faint|p2b: Tyranitar\n|move|p2a: Heracross|Reversal|p1b: Rillaboom\n|-damage|p1b: Rillaboom|26\/100\n|move|p1a: Arcanine|Rock Slide|p2a: Heracross\n|-damage|p2a: Heracross|0 fnt\n|faint|p2a: Heracross\n|\n|-weather|Sandstorm|[upkeep]\n|-damage|p1b: Rillaboom|20\/100|[from] Sandstorm\n|-heal|p1a: Arcanine|40\/100|[from] Grassy Terrain\n|-heal|p1b: Rillaboom|26\/100|[from] Grassy Terrain\n|upkeep\n|\n|t:|1700457653\n|switch|p2a: Breloom|Breloom, L50, F|100\/100\n|turn|8\n|\n|t:|1700457669\n|move|p2a: Breloom|Spore|p1a: Arcanine\n|-status|p1a: Arcanine|slp|[from] move: Spore\n|cant|p1a: Arcanine|slp\n|move|p1b: Rillaboom|Knock Off|p2a: Breloom\n|-resisted|p2a: Breloom\n|-damage|p2a: Breloom|65\/100\n|-enditem|p2a: Breloom|Toxic Orb|[from] move: Knock Off|[of] p1b: Rillaboom\n|\n|-weather|Sandstorm|[upkeep]\n|-damage|p2a: Breloom|59\/100|[from] Sandstorm\n|-damage|p1b: Rillaboom|20\/100|[from] Sandstorm\n|-heal|p2a: Breloom|65\/100|[from] Grassy Terrain\n|-heal|p1a: Arcanine|46\/100 slp|[from] Grassy Terrain\n|-heal|p1b: Rillaboom|26\/100|[from] Grassy Terrain\n|-fieldend|move: Grassy Terrain\n|upkeep\n|turn|9\n|\n|t:|1700457693\n|move|p2a: Breloom|Rock Slide|p1b: Rillaboom|[spread] p1a,p1b\n|-supereffective|p1a: Arcanine\n|-damage|p1a: Arcanine|1\/100 slp\n|-damage|p1b: Rillaboom|12\/100\n|cant|p1a: Arcanine|slp\n|cant|p1b: Rillaboom|flinch\n|\n|-weather|Sandstorm|[upkeep]\n|-damage|p2a: Breloom|59\/100|[from] Sandstorm\n|-damage|p1b: Rillaboom|6\/100|[from] Sandstorm\n|upkeep\n|turn|10\n|\n|t:|1700457711\n|move|p2a: Breloom|Rock Slide|p1b: Rillaboom|[spread] p1a,p1b\n|-supereffective|p1a: Arcanine\n|-damage|p1a: Arcanine|0 fnt\n|-damage|p1b: Rillaboom|0 fnt\n|faint|p1a: Arcanine\n|faint|p1b: Rillaboom\n|\n|-weather|none\n|upkeep\n|\n|t:|1700457723\n|switch|p1a: Kommo-o|Kommo-o, L50, F|100\/100\n|turn|11\n|\n|t:|1700457729\n|move|p1a: Kommo-o|Iron Defense|p1a: Kommo-o\n|-boost|p1a: Kommo-o|def|2\n|move|p2a: Breloom|Spore|p1a: Kommo-o\n|-status|p1a: Kommo-o|slp|[from] move: Spore\n|\n|upkeep\n|turn|12\n|\n|t:|1700457743\n|cant|p1a: Kommo-o|slp\n|move|p2a: Breloom|Rock Slide|p1a: Kommo-o|[miss]\n|-miss|p2a: Breloom|p1a: Kommo-o\n|\n|upkeep\n|turn|13\n|\n|t:|1700457749\n|cant|p1a: Kommo-o|slp\n|move|p2a: Breloom|Rock Slide|p1a: Kommo-o\n|-resisted|p1a: Kommo-o\n|-damage|p1a: Kommo-o|95\/100 slp\n|\n|-heal|p1a: Kommo-o|100\/100 slp|[from] item: Leftovers\n|upkeep\n|turn|14\n|\n|t:|1700457758\n|move|p2a: Breloom|Mach Punch|p1a: Kommo-o\n|-damage|p1a: Kommo-o|93\/100 slp\n|cant|p1a: Kommo-o|slp\n|\n|-heal|p1a: Kommo-o|99\/100 slp|[from] item: Leftovers\n|upkeep\n|turn|15\n|-message|Sugatoad forfeited.\n|\n|win|Kedrigz\n|raw|Kedrigz's rating: 1097 &rarr; <strong>1118<\/strong><br \/>(+21 for winning)\n|raw|Sugatoad's rating: 1035 &rarr; <strong>1022<\/strong><br \/>(-13 for losing)\n|l|\u2606Sugatoad\n","uploadtime":1700457784,"views":11,"p1id":"kedrigz","p2id":"sugatoad","formatid":"gen9vgc2023regulatione","rating":1022,"private":0,"password":""}