{"id":"gen9vgc2023regulatione-1993028202","p1":"Matcha Man Savage","p2":"lllllHONGlllll","format":"[Gen 9] VGC 2023 Regulation E","log":"|j|\u2606Matcha Man Savage\n|j|\u2606lllllHONGlllll\n|t:|1700256955\n|gametype|doubles\n|player|p1|Matcha Man Savage|1|1363\n|player|p2|lllllHONGlllll|veteranf|1286\n|teamsize|p1|6\n|teamsize|p2|6\n|gen|9\n|tier|[Gen 9] VGC 2023 Regulation E\n|rated|\n|rule|Species Clause: Limit one of each Pok\u00e9mon\n|rule|Item Clause: Limit one of each item\n|clearpoke\n|poke|p1|Chi-Yu, L50|\n|poke|p1|Flutter Mane, L50|\n|poke|p1|Torkoal, L50, M|\n|poke|p1|Lilligant-Hisui, L50, F|\n|poke|p1|Iron Bundle, L50|\n|poke|p1|Landorus-Therian, L50, M|\n|poke|p2|Ogerpon-Wellspring, L50, F|\n|poke|p2|Dusclops, L50, F|\n|poke|p2|Ursaluna-Bloodmoon, L50, M|\n|poke|p2|Iron Hands, L50|\n|poke|p2|Landorus-Therian, L50, M|\n|poke|p2|Chi-Yu, L50|\n|teampreview|4\n|\n|t:|1700256981\n|start\n|switch|p1a: RoboSanta|Iron Bundle, L50|100\/100\n|switch|p1b: Landorus|Landorus-Therian, L50, M|100\/100\n|switch|p2a: Dusclops|Dusclops, L50, F, shiny|100\/100\n|switch|p2b: Iron Hands|Iron Hands, L50, shiny|100\/100\n|-ability|p1b: Landorus|Intimidate|boost\n|-unboost|p2a: Dusclops|atk|1\n|-unboost|p2b: Iron Hands|atk|1\n|-ability|p2a: Dusclops|Pressure\n|-enditem|p1a: RoboSanta|Booster Energy\n|-activate|p1a: RoboSanta|ability: Quark Drive|[fromitem]\n|-start|p1a: RoboSanta|quarkdrivespe\n|turn|1\n|inactive|Battle timer is ON: inactive players will automatically lose when time's up. (requested by Matcha Man Savage)\n|\n|t:|1700257003\n|move|p1a: RoboSanta|Hydro Pump|p2b: Iron Hands\n|-damage|p2b: Iron Hands|70\/100\n|move|p1b: Landorus|U-turn|p2b: Iron Hands\n|-resisted|p2b: Iron Hands\n|-damage|p2b: Iron Hands|60\/100\n|\n|t:|1700257012\n|switch|p1b: Chi-Yu|Chi-Yu, L50|100\/100|[from] U-turn\n|-ability|p1b: Chi-Yu|Beads of Ruin\n|move|p2b: Iron Hands|Wild Charge|p1a: RoboSanta\n|-supereffective|p1a: RoboSanta\n|-damage|p1a: RoboSanta|24\/100\n|-damage|p2b: Iron Hands|48\/100|[from] Recoil\n|move|p2a: Dusclops|Trick Room|p2a: Dusclops\n|-fieldstart|move: Trick Room|[of] p2a: Dusclops\n|\n|upkeep\n|turn|2\n|inactive|Matcha Man Savage has 30 seconds left.\n|inactive|lllllHONGlllll has 30 seconds left.\n|\n|t:|1700257043\n|move|p2a: Dusclops|Will-O-Wisp|p1a: RoboSanta\n|-status|p1a: RoboSanta|brn\n|move|p2b: Iron Hands|Drain Punch|p1b: Chi-Yu\n|-supereffective|p1b: Chi-Yu\n|-damage|p1b: Chi-Yu|24\/100\n|-heal|p2b: Iron Hands|73\/100|[from] drain|[of] p1b: Chi-Yu\n|move|p1b: Chi-Yu|Snarl|p2b: Iron Hands|[spread] p2a,p2b\n|-supereffective|p2a: Dusclops\n|-resisted|p2b: Iron Hands\n|-damage|p2a: Dusclops|47\/100\n|-damage|p2b: Iron Hands|62\/100\n|-unboost|p2a: Dusclops|spa|1\n|-unboost|p2b: Iron Hands|spa|1\n|-damage|p1b: Chi-Yu|15\/100|[from] item: Life Orb\n|move|p1a: RoboSanta|Hydro Pump|p2b: Iron Hands|[miss]\n|-miss|p1a: RoboSanta|p2b: Iron Hands\n|\n|-damage|p1a: RoboSanta|18\/100 brn|[from] brn\n|upkeep\n|turn|3\n|\n|t:|1700257066\n|-terastallize|p1b: Chi-Yu|Ghost\n|move|p2a: Dusclops|Brick Break|p1b: Chi-Yu\n|-immune|p1b: Chi-Yu\n|move|p2b: Iron Hands|Drain Punch|p1a: RoboSanta\n|-supereffective|p1a: RoboSanta\n|-damage|p1a: RoboSanta|0 fnt\n|-heal|p2b: Iron Hands|67\/100|[from] drain|[of] p1a: RoboSanta\n|faint|p1a: RoboSanta\n|-end|p1a: RoboSanta|Quark Drive|[silent]\n|move|p1b: Chi-Yu|Snarl|p2b: Iron Hands|[spread] p2a,p2b\n|-supereffective|p2a: Dusclops\n|-resisted|p2b: Iron Hands\n|-damage|p2a: Dusclops|0 fnt\n|-damage|p2b: Iron Hands|56\/100\n|-unboost|p2b: Iron Hands|spa|1\n|faint|p2a: Dusclops\n|-damage|p1b: Chi-Yu|5\/100|[from] item: Life Orb\n|\n|upkeep\n|\n|t:|1700257085\n|switch|p2a: Ursaluna|Ursaluna-Bloodmoon, L50, M|100\/100\n|switch|p1a: Tairy Fera|Flutter Mane, L50|100\/100\n|turn|4\n|\n|t:|1700257103\n|-terastallize|p2a: Ursaluna|Normal\n|move|p1b: Chi-Yu|Protect|p1b: Chi-Yu\n|-singleturn|p1b: Chi-Yu|Protect\n|move|p2b: Iron Hands|Heavy Slam|p1a: Tairy Fera\n|-supereffective|p1a: Tairy Fera\n|-damage|p1a: Tairy Fera|17\/100\n|move|p2a: Ursaluna|Hyper Voice|p1b: Chi-Yu|[spread] p1a\n|-activate|p1b: Chi-Yu|move: Protect\n|-damage|p1a: Tairy Fera|0 fnt\n|faint|p1a: Tairy Fera\n|-end|p1a: Tairy Fera|Protosynthesis|[silent]\n|\n|upkeep\n|\n|t:|1700257114\n|switch|p1a: Landorus|Landorus-Therian, L50, M|100\/100\n|-ability|p1a: Landorus|Intimidate|boost\n|-unboost|p2a: Ursaluna|atk|1\n|-unboost|p2b: Iron Hands|atk|1\n|turn|5\n|\n|t:|1700257123\n|-end|p2b: Iron Hands|Quark Drive|[silent]\n|switch|p2b: Ogerpon|Ogerpon-Wellspring, L50, F|100\/100\n|move|p2a: Ursaluna|Hyper Voice|p1a: Landorus|[spread] p1a,p1b\n|-damage|p1a: Landorus|8\/100\n|-damage|p1b: Chi-Yu|0 fnt\n|faint|p1b: Chi-Yu\n|move|p1a: Landorus|Rock Slide|p2a: Ursaluna|[spread] p2a,p2b\n|-damage|p2a: Ursaluna|84\/100\n|-damage|p2b: Ogerpon|77\/100\n|\n|-fieldend|move: Trick Room\n|upkeep\n|turn|6\n|\n|t:|1700257138\n|move|p1a: Landorus|Rock Slide|p2a: Ursaluna|[spread] p2a,p2b\n|-damage|p2a: Ursaluna|66\/100\n|-damage|p2b: Ogerpon|53\/100\n|move|p2b: Ogerpon|Ivy Cudgel|p1a: Landorus|[anim] Ivy Cudgel Water\n|-supereffective|p1a: Landorus\n|-damage|p1a: Landorus|0 fnt\n|faint|p1a: Landorus\n|\n|win|lllllHONGlllll\n|raw|Matcha Man Savage's rating: 1363 &rarr; <strong>1339<\/strong><br \/>(-24 for losing)\n|raw|lllllHONGlllll's rating: 1286 &rarr; <strong>1316<\/strong><br \/>(+30 for winning)\n|l|\u2606lllllHONGlllll\n","uploadtime":1700257151,"views":20,"p1id":"matchamansavage","p2id":"lllllhonglllll","formatid":"gen9vgc2023regulatione","rating":1316,"private":0,"password":""}