{"id":"gen9vgc2023regulatione-1994494143","p1":"Senpai_1987","p2":"gluestick49","format":"[Gen 9] VGC 2023 Regulation E","log":"|j|\u2606Senpai_1987\n|j|\u2606gluestick49\n|t:|1700450493\n|gametype|doubles\n|player|p1|Senpai_1987|hexmaniac-gen6|1276\n|player|p2|gluestick49|marley|1270\n|teamsize|p1|6\n|teamsize|p2|6\n|gen|9\n|tier|[Gen 9] VGC 2023 Regulation E\n|rated|\n|rule|Species Clause: Limit one of each Pok\u00e9mon\n|rule|Item Clause: Limit one of each item\n|clearpoke\n|poke|p1|Chien-Pao, L50|\n|poke|p1|Iron Hands, L50|\n|poke|p1|Flutter Mane, L50|\n|poke|p1|Sinistcha-Masterpiece, L50|\n|poke|p1|Arcanine-Hisui, L50, M|\n|poke|p1|Ogerpon-Wellspring, L50, F|\n|poke|p2|Sableye, L50, F|\n|poke|p2|Chien-Pao, L50|\n|poke|p2|Dragonite, L50, M|\n|poke|p2|Rillaboom, L50, M|\n|poke|p2|Flutter Mane, L50|\n|poke|p2|Urshifu-*, L50, M|\n|teampreview|4\n|inactive|Battle timer is ON: inactive players will automatically lose when time's up. (requested by gluestick49)\n|inactive|gluestick49 has 60 seconds left.\n|inactive|Senpai_1987 has 60 seconds left.\n|inactive|gluestick49 has 30 seconds left.\n|\n|t:|1700450556\n|start\n|switch|p1a: Angel|Flutter Mane, L50|100\/100\n|switch|p1b: Hands|Iron Hands, L50|100\/100\n|switch|p2a: Flutter Mane|Flutter Mane, L50|100\/100\n|switch|p2b: Dragonite|Dragonite, L50, M|100\/100\n|-enditem|p2a: Flutter Mane|Booster Energy\n|-activate|p2a: Flutter Mane|ability: Protosynthesis|[fromitem]\n|-start|p2a: Flutter Mane|protosynthesisspe\n|-enditem|p1a: Angel|Booster Energy\n|-activate|p1a: Angel|ability: Protosynthesis|[fromitem]\n|-start|p1a: Angel|protosynthesisspe\n|turn|1\n|inactive|gluestick49 has 30 seconds left.\n|inactive|gluestick49 has 20 seconds left.\n|\n|t:|1700450595\n|-terastallize|p2b: Dragonite|Normal\n|move|p1b: Hands|Fake Out|p2b: Dragonite\n|-damage|p2b: Dragonite|81\/100\n|move|p1a: Angel|Shadow Ball|p2a: Flutter Mane\n|-supereffective|p2a: Flutter Mane\n|-damage|p2a: Flutter Mane|13\/100\n|move|p2a: Flutter Mane|Dazzling Gleam|p1a: Angel|[spread] p1a,p1b\n|-supereffective|p1b: Hands\n|-crit|p1b: Hands\n|-damage|p1a: Angel|66\/100\n|-damage|p1b: Hands|42\/100\n|move|p2b: Dragonite|Stomping Tantrum|p1b: Hands\n|-supereffective|p1b: Hands\n|-damage|p1b: Hands|0 fnt\n|faint|p1b: Hands\n|-end|p1b: Hands|Quark Drive|[silent]\n|\n|upkeep\n|\n|t:|1700450615\n|switch|p1b: Tea|Sinistcha-Masterpiece, L50|100\/100\n|-heal|p1a: Angel|90\/100|[from] ability: Hospitality|[of] p1b: Tea\n|turn|2\n|\n|t:|1700450628\n|move|p1a: Angel|Dazzling Gleam|p2b: Dragonite|[spread] p2a,p2b\n|-damage|p2a: Flutter Mane|0 fnt\n|-damage|p2b: Dragonite|48\/100\n|faint|p2a: Flutter Mane\n|-end|p2a: Flutter Mane|Protosynthesis|[silent]\n|move|p2b: Dragonite|Stomping Tantrum|p1a: Angel\n|-damage|p1a: Angel|1\/100\n|move|p1b: Tea|Strength Sap|p2b: Dragonite\n|-unboost|p2b: Dragonite|atk|1\n|\n|upkeep\n|\n|t:|1700450641\n|switch|p2a: Rillaboom|Rillaboom, L50, M|100\/100\n|-fieldstart|move: Grassy Terrain|[from] ability: Grassy Surge|[of] p2a: Rillaboom\n|turn|3\n|\n|t:|1700450657\n|switch|p2b: Urshifu|Urshifu-Rapid-Strike, L50, M|100\/100\n|move|p2a: Rillaboom|Grassy Glide|p1a: Angel\n|-damage|p1a: Angel|0 fnt\n|faint|p1a: Angel\n|-end|p1a: Angel|Protosynthesis|[silent]\n|move|p1b: Tea|Matcha Gotcha|p2b: Urshifu|[spread] p2a,p2b\n|-resisted|p2a: Rillaboom\n|-supereffective|p2b: Urshifu\n|-damage|p2a: Rillaboom|87\/100\n|-damage|p2b: Urshifu|7\/100\n|-status|p2b: Urshifu|brn\n|\n|-heal|p2b: Urshifu|12\/100 brn|[from] Grassy Terrain\n|-heal|p2a: Rillaboom|93\/100|[from] Grassy Terrain\n|-damage|p2b: Urshifu|7\/100 brn|[from] brn\n|upkeep\n|\n|t:|1700450674\n|switch|p1a: Dog 2|Chien-Pao, L50|100\/100\n|-ability|p1a: Dog 2|Sword of Ruin\n|turn|4\n|\n|t:|1700450698\n|move|p1b: Tea|Rage Powder|p1b: Tea\n|-singleturn|p1b: Tea|move: Rage Powder\n|move|p2a: Rillaboom|Grassy Glide|p1a: Dog 2\n|-damage|p1a: Dog 2|42\/100\n|move|p2b: Urshifu|Close Combat|p1b: Tea\n|-immune|p1b: Tea\n|move|p1a: Dog 2|Ice Spinner|p2b: Urshifu\n|-resisted|p2b: Urshifu\n|-damage|p2b: Urshifu|0 fnt\n|-fieldend|move: Grassy Terrain\n|faint|p2b: Urshifu\n|\n|upkeep\n|\n|t:|1700450708\n|switch|p2b: Dragonite|Dragonite, L50, M, tera:Normal|48\/100\n|turn|5\n|inactive|Senpai_1987 has 30 seconds left.\n|inactive|gluestick49 has 30 seconds left.\n|inactive|gluestick49 has 20 seconds left.\n|\n|t:|1700450747\n|move|p1a: Dog 2|Protect|p1a: Dog 2\n|-singleturn|p1a: Dog 2|Protect\n|move|p2b: Dragonite|Outrage|p1b: Tea\n|-damage|p1b: Tea|9\/100\n|-enditem|p1b: Tea|Sitrus Berry|[eat]\n|-heal|p1b: Tea|34\/100|[from] item: Sitrus Berry\n|move|p2a: Rillaboom|Wood Hammer|p1a: Dog 2\n|-activate|p1a: Dog 2|move: Protect\n|move|p1b: Tea|Matcha Gotcha|p2b: Dragonite|[spread] p2a,p2b\n|-resisted|p2a: Rillaboom\n|-damage|p2a: Rillaboom|84\/100\n|-heal|p1b: Tea|40\/100|[from] drain|[of] p2a: Rillaboom\n|-damage|p2b: Dragonite|22\/100\n|-heal|p1b: Tea|52\/100|[from] drain|[of] p2b: Dragonite\n|-status|p2a: Rillaboom|brn\n|\n|-damage|p2a: Rillaboom|78\/100 brn|[from] brn\n|upkeep\n|turn|6\n|inactive|Senpai_1987 has 30 seconds left.\n|inactive|gluestick49 has 30 seconds left.\n|\n|t:|1700450774\n|move|p1a: Dog 2|Ice Spinner|p2a: Rillaboom\n|-supereffective|p2a: Rillaboom\n|-damage|p2a: Rillaboom|0 fnt\n|faint|p2a: Rillaboom\n|move|p2b: Dragonite|Outrage|p1b: Tea|[from]lockedmove\n|-damage|p1b: Tea|0 fnt\n|faint|p1b: Tea\n|-start|p2b: Dragonite|confusion|[fatigue]\n|\n|upkeep\n|turn|7\n|\n|t:|1700450788\n|-terastallize|p1a: Dog 2|Ghost\n|move|p1a: Dog 2|Sacred Sword|p2b: Dragonite\n|-supereffective|p2b: Dragonite\n|-damage|p2b: Dragonite|0 fnt\n|faint|p2b: Dragonite\n|\n|win|Senpai_1987\n|raw|Senpai_1987's rating: 1276 &rarr; <strong>1301<\/strong><br \/>(+25 for winning)\n|raw|gluestick49's rating: 1270 &rarr; <strong>1245<\/strong><br \/>(-25 for losing)\n|l|\u2606gluestick49\n","uploadtime":1700450811,"views":8,"p1id":"senpai1987","p2id":"gluestick49","formatid":"gen9vgc2023regulatione","rating":1245,"private":0,"password":""}