{"id":"gen9vgc2023regulatione-1991117060","p1":"Il Mule","p2":"MadMat48","format":"[Gen 9] VGC 2023 Regulation E","log":"|j|\u2606Il Mule\n|j|\u2606MadMat48\n|t:|1700045529\n|gametype|doubles\n|player|p1|Il Mule|salvatore|1687\n|player|p2|MadMat48|lance|1584\n|teamsize|p1|6\n|teamsize|p2|6\n|gen|9\n|tier|[Gen 9] VGC 2023 Regulation E\n|rated|\n|rule|Species Clause: Limit one of each Pok\u00e9mon\n|rule|Item Clause: Limit one of each item\n|clearpoke\n|poke|p1|Flutter Mane, L50|\n|poke|p1|Chi-Yu, L50|\n|poke|p1|Urshifu-*, L50, F|\n|poke|p1|Landorus-Therian, L50, M|\n|poke|p1|Rillaboom, L50, M|\n|poke|p1|Thundurus, L50, M|\n|poke|p2|Scizor, L50, F|\n|poke|p2|Dragonite, L50, M|\n|poke|p2|Chien-Pao, L50|\n|poke|p2|Tauros-Paldea-Blaze, L50, M|\n|poke|p2|Tornadus, L50, M|\n|poke|p2|Urshifu-*, L50, F|\n|teampreview|4\n|inactive|Battle timer is ON: inactive players will automatically lose when time's up. (requested by MadMat48)\n|\n|t:|1700045556\n|start\n|switch|p1a: Flutter Mane|Flutter Mane, L50|100\/100\n|switch|p1b: Chi-Yu|Chi-Yu, L50|100\/100\n|switch|p2a: Dragonite|Dragonite, L50, M|100\/100\n|switch|p2b: Tornadus|Tornadus, L50, M|100\/100\n|-ability|p1b: Chi-Yu|Beads of Ruin\n|-enditem|p1a: Flutter Mane|Booster Energy\n|-activate|p1a: Flutter Mane|ability: Protosynthesis|[fromitem]\n|-start|p1a: Flutter Mane|protosynthesisspe\n|turn|1\n|\n|t:|1700045576\n|move|p2a: Dragonite|Protect|p2a: Dragonite\n|-singleturn|p2a: Dragonite|Protect\n|move|p2b: Tornadus|Rain Dance|p2b: Tornadus\n|-weather|RainDance\n|move|p1a: Flutter Mane|Icy Wind|p2a: Dragonite|[spread] p2b\n|-activate|p2a: Dragonite|move: Protect\n|-supereffective|p2b: Tornadus\n|-damage|p2b: Tornadus|56\/100\n|-unboost|p2b: Tornadus|spe|1\n|move|p1b: Chi-Yu|Will-O-Wisp|p2a: Dragonite\n|-activate|p2a: Dragonite|move: Protect\n|\n|-weather|RainDance|[upkeep]\n|upkeep\n|turn|2\n|\n|t:|1700045592\n|move|p2b: Tornadus|Tailwind|p2b: Tornadus\n|-sidestart|p2: MadMat48|move: Tailwind\n|move|p1a: Flutter Mane|Icy Wind|p2b: Tornadus|[spread] p2a,p2b\n|-supereffective|p2a: Dragonite\n|-supereffective|p2b: Tornadus\n|-damage|p2a: Dragonite|31\/100\n|-damage|p2b: Tornadus|13\/100\n|-unboost|p2a: Dragonite|spe|1\n|-unboost|p2b: Tornadus|spe|1\n|-enditem|p2b: Tornadus|Sitrus Berry|[eat]\n|-heal|p2b: Tornadus|38\/100|[from] item: Sitrus Berry\n|move|p2a: Dragonite|Stomping Tantrum|p1b: Chi-Yu\n|-supereffective|p1b: Chi-Yu\n|-damage|p1b: Chi-Yu|43\/100\n|-enditem|p1b: Chi-Yu|Sitrus Berry|[eat]\n|-heal|p1b: Chi-Yu|68\/100|[from] item: Sitrus Berry\n|move|p1b: Chi-Yu|Will-O-Wisp|p2a: Dragonite\n|-status|p2a: Dragonite|brn\n|-enditem|p2a: Dragonite|Lum Berry|[eat]\n|-curestatus|p2a: Dragonite|brn|[msg]\n|\n|-weather|RainDance|[upkeep]\n|upkeep\n|turn|3\n|inactive|MadMat48 has 30 seconds left.\n|inactive|MadMat48 has 20 seconds left.\n|\n|t:|1700045631\n|switch|p2b: Urshifu|Urshifu-Rapid-Strike, L50, F|100\/100\n|-terastallize|p2a: Dragonite|Normal\n|move|p2a: Dragonite|Extreme Speed|p1b: Chi-Yu\n|-damage|p1b: Chi-Yu|17\/100\n|move|p1a: Flutter Mane|Icy Wind|p2b: Urshifu|[spread] p2a,p2b\n|-resisted|p2b: Urshifu\n|-damage|p2a: Dragonite|16\/100\n|-damage|p2b: Urshifu|88\/100\n|-unboost|p2a: Dragonite|spe|1\n|-unboost|p2b: Urshifu|spe|1\n|move|p1b: Chi-Yu|Snarl|p2b: Urshifu|[spread] p2a,p2b\n|-resisted|p2b: Urshifu\n|-damage|p2a: Dragonite|0 fnt\n|-damage|p2b: Urshifu|68\/100\n|-unboost|p2b: Urshifu|spa|1\n|faint|p2a: Dragonite\n|\n|-weather|RainDance|[upkeep]\n|upkeep\n|\n|t:|1700045638\n|switch|p2a: Chien-Pao|Chien-Pao, L50|100\/100\n|-ability|p2a: Chien-Pao|Sword of Ruin\n|turn|4\n|inactive|Il Mule has 30 seconds left.\n|\n|t:|1700045671\n|move|p2a: Chien-Pao|Protect|p2a: Chien-Pao\n|-singleturn|p2a: Chien-Pao|Protect\n|move|p1a: Flutter Mane|Moonblast|p2b: Urshifu\n|-supereffective|p2b: Urshifu\n|-damage|p2b: Urshifu|0 fnt\n|faint|p2b: Urshifu\n|move|p1b: Chi-Yu|Will-O-Wisp|p2a: Chien-Pao\n|-activate|p2a: Chien-Pao|move: Protect\n|\n|-weather|RainDance|[upkeep]\n|upkeep\n|\n|t:|1700045681\n|switch|p2b: Tornadus|Tornadus, L50, M|38\/100\n|turn|5\n|\n|t:|1700045695\n|move|p1a: Flutter Mane|Protect|p1a: Flutter Mane\n|-singleturn|p1a: Flutter Mane|Protect\n|move|p2a: Chien-Pao|Ice Spinner|p1a: Flutter Mane\n|-activate|p1a: Flutter Mane|move: Protect\n|move|p2b: Tornadus|Bleakwind Storm|p1b: Chi-Yu|[spread] p1b\n|-activate|p1a: Flutter Mane|move: Protect\n|-damage|p1b: Chi-Yu|0 fnt\n|faint|p1b: Chi-Yu\n|\n|-weather|none\n|-sideend|p2: MadMat48|move: Tailwind\n|upkeep\n|\n|t:|1700045702\n|switch|p1b: Urshifu|Urshifu-Rapid-Strike, L50, F|100\/100\n|turn|6\n|\n|t:|1700045709\n|move|p1a: Flutter Mane|Moonblast|p2b: Tornadus\n|-damage|p2b: Tornadus|0 fnt\n|faint|p2b: Tornadus\n|move|p2a: Chien-Pao|Lash Out|p1a: Flutter Mane\n|-damage|p1a: Flutter Mane|0 fnt\n|faint|p1a: Flutter Mane\n|-end|p1a: Flutter Mane|Protosynthesis|[silent]\n|move|p1b: Urshifu|Surging Strikes|p2a: Chien-Pao\n|-crit|p2a: Chien-Pao\n|-damage|p2a: Chien-Pao|72\/100\n|-crit|p2a: Chien-Pao\n|-damage|p2a: Chien-Pao|42\/100\n|-crit|p2a: Chien-Pao\n|-damage|p2a: Chien-Pao|15\/100\n|-hitcount|p2a: Chien-Pao|3\n|\n|upkeep\n|\n|t:|1700045717\n|switch|p1a: Landorus|Landorus-Therian, L50, M|100\/100\n|-ability|p1a: Landorus|Intimidate|boost\n|-unboost|p2a: Chien-Pao|atk|1\n|turn|7\n|-message|MadMat48 forfeited.\n|\n|win|Il Mule\n|raw|Il Mule's rating: 1687 &rarr; <strong>1701<\/strong><br \/>(+14 for winning)\n|raw|MadMat48's rating: 1584 &rarr; <strong>1570<\/strong><br \/>(-14 for losing)\n|l|\u2606MadMat48\n|l|\u2606Il Mule\n","uploadtime":1700045758,"views":13,"p1id":"ilmule","p2id":"madmat48","formatid":"gen9vgc2023regulatione","rating":1570,"private":0,"password":""}