{"id":"gen9vgc2023regulatione-1991410101","p1":"Kzjehzk","p2":"palebrownbutton","format":"[Gen 9] VGC 2023 Regulation E","log":"|j|\u2606Kzjehzk\n|j|\u2606palebrownbutton\n|t:|1700074748\n|gametype|doubles\n|player|p1|Kzjehzk|lance|1000\n|player|p2|palebrownbutton|janine|1082\n|teamsize|p1|6\n|teamsize|p2|6\n|gen|9\n|tier|[Gen 9] VGC 2023 Regulation E\n|rated|\n|rule|Species Clause: Limit one of each Pok\u00e9mon\n|rule|Item Clause: Limit one of each item\n|clearpoke\n|poke|p1|Flutter Mane, L50|\n|poke|p1|Tornadus, L50, M|\n|poke|p1|Rillaboom, L50, M|\n|poke|p1|Garganacl, L50, F|\n|poke|p1|Arcanine-Hisui, L50, M|\n|poke|p1|Chien-Pao, L50|\n|poke|p2|Brute Bonnet, L50|\n|poke|p2|Flutter Mane, L50|\n|poke|p2|Heatran, L50, F|\n|poke|p2|Zapdos-Galar, L50|\n|poke|p2|Samurott-Hisui, L50, F|\n|poke|p2|Cetitan, L50, M|\n|teampreview|4\n|\n|t:|1700074774\n|start\n|switch|p1a: Tornadus|Tornadus, L50, M|100\/100\n|switch|p1b: Garganacl|Garganacl, L50, F|100\/100\n|switch|p2a: Cetitan|Cetitan, L50, M|100\/100\n|switch|p2b: Samurott|Samurott-Hisui, L50, F|100\/100\n|turn|1\n|\n|t:|1700074792\n|-terastallize|p1b: Garganacl|Ghost\n|move|p2a: Cetitan|Protect|p2a: Cetitan\n|-singleturn|p2a: Cetitan|Protect\n|move|p1a: Tornadus|Taunt|p2a: Cetitan\n|-activate|p2a: Cetitan|move: Protect\n|move|p2b: Samurott|Razor Shell|p1b: Garganacl\n|-damage|p1b: Garganacl|67\/100\n|move|p1b: Garganacl|Salt Cure|p2a: Cetitan\n|-activate|p2a: Cetitan|move: Protect\n|\n|upkeep\n|turn|2\n|\n|t:|1700074807\n|move|p1a: Tornadus|Tailwind|p1a: Tornadus\n|-sidestart|p1: Kzjehzk|move: Tailwind\n|move|p1b: Garganacl|Iron Defense|p1b: Garganacl\n|-boost|p1b: Garganacl|def|2\n|move|p2b: Samurott|Ceaseless Edge|p1b: Garganacl\n|-supereffective|p1b: Garganacl\n|-damage|p1b: Garganacl|40\/100\n|-sidestart|p1: Kzjehzk|Spikes\n|-enditem|p1b: Garganacl|Sitrus Berry|[eat]\n|-heal|p1b: Garganacl|64\/100|[from] item: Sitrus Berry\n|move|p2a: Cetitan|Ice Spinner|p1a: Tornadus\n|-supereffective|p1a: Tornadus\n|-damage|p1a: Tornadus|0 fnt\n|-damage|p2a: Cetitan|84\/100|[from] item: Rocky Helmet|[of] p1a: Tornadus\n|faint|p1a: Tornadus\n|\n|upkeep\n|\n|t:|1700074823\n|switch|p1a: Arcanine|Arcanine-Hisui, L50, M|100\/100\n|-damage|p1a: Arcanine|88\/100|[from] Spikes\n|-ability|p1a: Arcanine|Intimidate|boost\n|-unboost|p2a: Cetitan|atk|1\n|-unboost|p2b: Samurott|atk|1\n|turn|3\n|\n|t:|1700074834\n|move|p2a: Cetitan|Protect|p2a: Cetitan\n|-singleturn|p2a: Cetitan|Protect\n|move|p1a: Arcanine|Rock Slide|p2b: Samurott|[spread] p2b\n|-activate|p2a: Cetitan|move: Protect\n|-damage|p2b: Samurott|57\/100\n|move|p1b: Garganacl|Salt Cure|p2b: Samurott\n|-damage|p2b: Samurott|42\/100\n|-start|p2b: Samurott|Salt Cure\n|move|p2b: Samurott|Ceaseless Edge|p1b: Garganacl\n|-supereffective|p1b: Garganacl\n|-damage|p1b: Garganacl|43\/100\n|-sidestart|p1: Kzjehzk|Spikes\n|\n|-damage|p2b: Samurott|18\/100|[from] Salt Cure\n|upkeep\n|turn|4\n|\n|t:|1700074855\n|switch|p2b: Heatran|Heatran, L50, F|100\/100\n|move|p1a: Arcanine|Rock Slide|p2a: Cetitan|[spread] p2a,p2b\n|-supereffective|p2a: Cetitan\n|-crit|p2b: Heatran\n|-damage|p2a: Cetitan|26\/100\n|-damage|p2b: Heatran|45\/100\n|move|p1b: Garganacl|Recover|p1b: Garganacl\n|-heal|p1b: Garganacl|93\/100\n|cant|p2a: Cetitan|flinch\n|\n|upkeep\n|turn|5\n|\n|t:|1700074875\n|move|p1a: Arcanine|Rock Slide|p2b: Heatran|[spread] p2a,p2b\n|-supereffective|p2a: Cetitan\n|-damage|p2a: Cetitan|0 fnt\n|-damage|p2b: Heatran|14\/100\n|faint|p2a: Cetitan\n|move|p1b: Garganacl|Salt Cure|p2b: Heatran\n|-damage|p2b: Heatran|2\/100\n|-start|p2b: Heatran|Salt Cure\n|move|p2b: Heatran|Heat Wave|p1b: Garganacl|[spread] p1a,p1b\n|-resisted|p1a: Arcanine\n|-damage|p1a: Arcanine|75\/100\n|-damage|p1b: Garganacl|67\/100\n|\n|-damage|p2b: Heatran|0 fnt|[from] Salt Cure\n|faint|p2b: Heatran\n|-sideend|p1: Kzjehzk|move: Tailwind\n|upkeep\n|\n|t:|1700074889\n|switch|p2b: Samurott|Samurott-Hisui, L50, F|18\/100\n|switch|p2a: Zapdos|Zapdos-Galar, L50|100\/100\n|turn|6\n|\n|t:|1700074924\n|-terastallize|p2a: Zapdos|Fighting\n|move|p1a: Arcanine|Rock Slide|p2a: Zapdos|[spread] p2a,p2b\n|-resisted|p2a: Zapdos\n|-damage|p2a: Zapdos|81\/100\n|-damage|p2b: Samurott|0 fnt\n|faint|p2b: Samurott\n|cant|p2a: Zapdos|flinch\n|move|p1b: Garganacl|Salt Cure|p2a: Zapdos\n|-resisted|p2a: Zapdos\n|-damage|p2a: Zapdos|73\/100\n|-start|p2a: Zapdos|Salt Cure\n|\n|-damage|p2a: Zapdos|61\/100|[from] Salt Cure\n|upkeep\n|turn|7\n|\n|t:|1700074938\n|move|p1a: Arcanine|Rock Slide|p2a: Zapdos|[miss]\n|-miss|p1a: Arcanine|p2a: Zapdos\n|move|p2a: Zapdos|Drill Peck|p1b: Garganacl\n|-damage|p1b: Garganacl|45\/100\n|move|p1b: Garganacl|Iron Defense|p1b: Garganacl\n|-boost|p1b: Garganacl|def|2\n|\n|-damage|p2a: Zapdos|49\/100|[from] Salt Cure\n|upkeep\n|turn|8\n|\n|t:|1700074948\n|move|p1a: Arcanine|Rock Slide|p2a: Zapdos\n|-resisted|p2a: Zapdos\n|-damage|p2a: Zapdos|22\/100\n|move|p2a: Zapdos|Drill Peck|p1b: Garganacl\n|-damage|p1b: Garganacl|31\/100\n|move|p1b: Garganacl|Recover|p1b: Garganacl\n|-heal|p1b: Garganacl|82\/100\n|\n|-damage|p2a: Zapdos|10\/100|[from] Salt Cure\n|upkeep\n|turn|9\n|-message|palebrownbutton forfeited.\n|\n|win|Kzjehzk\n|raw|Kzjehzk's rating: 1000 &rarr; <strong>1049<\/strong><br \/>(+49 for winning)\n|raw|palebrownbutton's rating: 1082 &rarr; <strong>1055<\/strong><br \/>(-27 for losing)\n|l|\u2606palebrownbutton\n","uploadtime":1700074959,"views":14,"p1id":"kzjehzk","p2id":"palebrownbutton","formatid":"gen9vgc2023regulatione","rating":1049,"private":0,"password":""}