{"id":"gen9vgc2023regulatione-1989701802","p1":"jwtw","p2":"WhenWillIGetGood","format":"[Gen 9] VGC 2023 Regulation E","log":"|j|\u2606jwtw\n|j|\u2606WhenWillIGetGood\n|t:|1699888272\n|gametype|doubles\n|player|p1|jwtw|n|1310\n|player|p2|WhenWillIGetGood|2|1343\n|teamsize|p1|6\n|teamsize|p2|6\n|gen|9\n|tier|[Gen 9] VGC 2023 Regulation E\n|rated|\n|rule|Species Clause: Limit one of each Pok\u00e9mon\n|rule|Item Clause: Limit one of each item\n|clearpoke\n|poke|p1|Ogerpon-Wellspring, L50, F|\n|poke|p1|Chi-Yu, L50|\n|poke|p1|Tornadus, L50, M|\n|poke|p1|Flutter Mane, L50|\n|poke|p1|Gholdengo, L50|\n|poke|p1|Landorus-Therian, L50, M|\n|poke|p2|Cresselia, L50, F|\n|poke|p2|Heatran, L50, M|\n|poke|p2|Amoonguss, L50, F|\n|poke|p2|Landorus-Therian, L50, M|\n|poke|p2|Tornadus, L50, M|\n|poke|p2|Flutter Mane, L50|\n|teampreview|4\n|inactive|Battle timer is ON: inactive players will automatically lose when time's up. (requested by WhenWillIGetGood)\n|inactive|jwtw has 60 seconds left.\n|inactive|WhenWillIGetGood has 60 seconds left.\n|\n|t:|1699888311\n|start\n|switch|p1a: Tornadus|Tornadus, L50, M|100\/100\n|switch|p1b: Gholdengo|Gholdengo, L50|100\/100\n|switch|p2a: Cresselia|Cresselia, L50, F|100\/100\n|switch|p2b: Amoonguss|Amoonguss, L50, F|100\/100\n|turn|1\n|\n|t:|1699888334\n|switch|p2b: Landorus|Landorus-Therian, L50, M|100\/100\n|-ability|p2b: Landorus|Intimidate|boost\n|-unboost|p1a: Tornadus|atk|1\n|-unboost|p1b: Gholdengo|atk|1\n|move|p1a: Tornadus|Taunt|p2b: Landorus\n|-start|p2b: Landorus|move: Taunt\n|move|p2a: Cresselia|Ice Beam|p1a: Tornadus\n|-supereffective|p1a: Tornadus\n|-damage|p1a: Tornadus|64\/100\n|move|p1b: Gholdengo|Nasty Plot|p1b: Gholdengo\n|-boost|p1b: Gholdengo|spa|2\n|\n|upkeep\n|turn|2\n|inactive|jwtw has 30 seconds left.\n|inactive|WhenWillIGetGood has 30 seconds left.\n|inactive|jwtw has 20 seconds left.\n|\n|t:|1699888374\n|move|p1a: Tornadus|Tailwind|p1a: Tornadus\n|-sidestart|p1: jwtw|move: Tailwind\n|move|p2b: Landorus|Stomping Tantrum|p1b: Gholdengo\n|-supereffective|p1b: Gholdengo\n|-damage|p1b: Gholdengo|31\/100\n|move|p1b: Gholdengo|Make It Rain|p2b: Landorus|[spread] p2a,p2b\n|-damage|p2a: Cresselia|47\/100\n|-damage|p2b: Landorus|0 fnt\n|-unboost|p1b: Gholdengo|spa|1\n|faint|p2b: Landorus\n|move|p2a: Cresselia|Ice Beam|p1b: Gholdengo\n|-resisted|p1b: Gholdengo\n|-damage|p1b: Gholdengo|24\/100\n|\n|-heal|p1b: Gholdengo|30\/100|[from] item: Leftovers\n|upkeep\n|\n|t:|1699888392\n|switch|p2b: Heatran|Heatran, L50, M|100\/100\n|turn|3\n|\n|t:|1699888403\n|switch|p2a: Amoonguss|Amoonguss, L50, F|100\/100\n|move|p1b: Gholdengo|Protect|p1b: Gholdengo\n|-singleturn|p1b: Gholdengo|Protect\n|move|p1a: Tornadus|Taunt|p2b: Heatran\n|-start|p2b: Heatran|move: Taunt\n|move|p2b: Heatran|Heat Wave|p1a: Tornadus|[spread] p1a\n|-activate|p1b: Gholdengo|move: Protect\n|-damage|p1a: Tornadus|16\/100\n|-damage|p2b: Heatran|91\/100|[from] item: Life Orb\n|\n|-heal|p1b: Gholdengo|37\/100|[from] item: Leftovers\n|upkeep\n|turn|4\n|inactive|WhenWillIGetGood has 30 seconds left.\n|\n|t:|1699888430\n|-terastallize|p2a: Amoonguss|Water\n|move|p1a: Tornadus|Taunt|p2a: Amoonguss\n|-start|p2a: Amoonguss|move: Taunt\n|move|p1b: Gholdengo|Make It Rain|p2a: Amoonguss|[spread] p2a,p2b\n|-resisted|p2a: Amoonguss\n|-resisted|p2b: Heatran\n|-damage|p2a: Amoonguss|72\/100\n|-damage|p2b: Heatran|77\/100\n|-unboost|p1b: Gholdengo|spa|1\n|move|p2b: Heatran|Heat Wave|p1a: Tornadus|[spread] p1a,p1b\n|-supereffective|p1b: Gholdengo\n|-damage|p1a: Tornadus|0 fnt\n|-damage|p1b: Gholdengo|0 fnt\n|faint|p1a: Tornadus\n|faint|p1b: Gholdengo\n|-damage|p2b: Heatran|67\/100|[from] item: Life Orb\n|cant|p2a: Amoonguss|move: Taunt|Spore\n|\n|upkeep\n|\n|t:|1699888451\n|switch|p1a: Ogerpon|Ogerpon-Wellspring, L50, F|100\/100\n|switch|p1b: Chi-Yu|Chi-Yu, L50|100\/100\n|-ability|p1b: Chi-Yu|Beads of Ruin\n|turn|5\n|inactive|WhenWillIGetGood has 30 seconds left.\n|inactive|WhenWillIGetGood has 20 seconds left.\n|\n|t:|1699888490\n|move|p1b: Chi-Yu|Dark Pulse|p2a: Amoonguss\n|-damage|p2a: Amoonguss|11\/100\n|-enditem|p2a: Amoonguss|Sitrus Berry|[eat]\n|-heal|p2a: Amoonguss|36\/100|[from] item: Sitrus Berry\n|-damage|p1b: Chi-Yu|91\/100|[from] item: Life Orb\n|move|p1a: Ogerpon|Ivy Cudgel|p2b: Heatran\n|-supereffective|p2b: Heatran\n|-damage|p2b: Heatran|0 fnt\n|faint|p2b: Heatran\n|cant|p2a: Amoonguss|flinch\n|\n|-sideend|p1: jwtw|move: Tailwind\n|upkeep\n|\n|t:|1699888493\n|switch|p2b: Cresselia|Cresselia, L50, F|47\/100\n|turn|6\n|-message|WhenWillIGetGood forfeited.\n|\n|win|jwtw\n|raw|jwtw's rating: 1310 &rarr; <strong>1332<\/strong><br \/>(+22 for winning)\n|raw|WhenWillIGetGood's rating: 1343 &rarr; <strong>1321<\/strong><br \/>(-22 for losing)\n|l|\u2606WhenWillIGetGood\n","uploadtime":1699888514,"views":30,"p1id":"jwtw","p2id":"whenwilligetgood","formatid":"gen9vgc2023regulatione","rating":1321,"private":0,"password":""}