{"id":"gen9vgc2023regulatione-1994298422","p1":"Kilowattrel Fan","p2":"rainlover78","format":"[Gen 9] VGC 2023 Regulation E","log":"|j|\u2606Kilowattrel Fan\n|j|\u2606rainlover78\n|n|\u2606Kilowattrel Fan|kilowattrelfan\n|n|\u2606rainlover78|rainlover78\n|html|View the match progress at <a href=\"\/game-bestof3-gen9vgc2023regulatione-1994298421\">game-bestof3-gen9vgc2023regulatione-1994298421<\/a>\n|t:|1700428436\n|gametype|doubles\n|player|p1|Kilowattrel Fan|riley|\n|player|p2|rainlover78|n|\n|teamsize|p1|6\n|teamsize|p2|6\n|gen|9\n|tier|[Gen 9] VGC 2023 Regulation E\n|rule|Species Clause: Limit one of each Pok\u00e9mon\n|rule|Item Clause: Limit one of each item\n|clearpoke\n|poke|p1|Torkoal, L50, M|\n|poke|p1|Lilligant-Hisui, L50, F|\n|poke|p1|Flutter Mane, L50|\n|poke|p1|Landorus-Therian, L50, M|\n|poke|p1|Kingambit, L50, F|\n|poke|p1|Iron Hands, L50|\n|poke|p2|Flutter Mane, L50|\n|poke|p2|Roaring Moon, L50|\n|poke|p2|Weezing, L50, M|\n|poke|p2|Landorus-Therian, L50, M|\n|poke|p2|Iron Hands, L50|\n|poke|p2|Ogerpon-Wellspring, L50, F|\n|teampreview|4\nrainlover78 has agreed to open team sheets.\n|j| Van. Volcanucks\nKilowattrel Fan has agreed to open team sheets.\n|showteam|p1|Torkoal||Charcoal|Drought|Eruption,Flamethrower,EarthPower,Protect|||M|||50|,,,,,Fire]Lilligant-Hisui||FocusSash|Chlorophyll|CloseCombat,SolarBlade,AfterYou,Protect|||F|||50|,,,,,Ghost]Flutter Mane||ChoiceSpecs|Protosynthesis|Moonblast,DazzlingGleam,ShadowBall,PowerGem||||||50|,,,,,Fairy]Landorus-Therian||ChoiceScarf|Intimidate|StompingTantrum,Uturn,RockSlide,TeraBlast|||M|||50|,,,,,Flying]Kingambit||BlackGlasses|Defiant|SuckerPunch,KowtowCleave,IronHead,Protect|||F|||50|,,,,,Fairy]Iron Hands||AssaultVest|QuarkDrive|DrainPunch,WildCharge,FakeOut,HeavySlam||||||50|,,,,,Water\n|showteam|p2|Flutter Mane||ChoiceSpecs|Protosynthesis|ShadowBall,DazzlingGleam,Moonblast,PowerGem||||||50|,,,,,Grass]Roaring Moon||BoosterEnergy|Protosynthesis|Acrobatics,DragonDance,KnockOff,Protect||||||50|,,,,,Flying]Weezing||ShucaBerry|NeutralizingGas|SludgeBomb,Taunt,Protect,WillOWisp|||M|||50|,,,,,Fire]Landorus-Therian||ChoiceScarf|Intimidate|RockSlide,TeraBlast,Uturn,StompingTantrum|||M|||50|,,,,,Flying]Iron Hands||AssaultVest|QuarkDrive|DrainPunch,WildCharge,FakeOut,VoltSwitch||||||50|,,,,,Grass]Ogerpon-Wellspring||WellspringMask|WaterAbsorb|IvyCudgel,FollowMe,SpikyShield,HornLeech|||F|||50|,,,,,Water\n|\n|t:|1700428634\n|start\n|switch|p1a: Broken Mon|Flutter Mane, L50|100\/100\n|switch|p1b: Brian|Iron Hands, L50|100\/100\n|switch|p2a: Landorus|Landorus-Therian, L50, M|100\/100\n|switch|p2b: Weezing|Weezing, L50, M|100\/100\n|-ability|p2b: Weezing|Neutralizing Gas\n|turn|1\n|\n|t:|1700428711\n|move|p1b: Brian|Fake Out|p2a: Landorus\n|-damage|p2a: Landorus|84\/100\n|cant|p2a: Landorus|flinch\n|move|p1a: Broken Mon|Shadow Ball|p2a: Landorus\n|-damage|p2a: Landorus|19\/100\n|move|p2b: Weezing|Will-O-Wisp|p1b: Brian\n|-status|p1b: Brian|brn\n|\n|-damage|p1b: Brian|95\/100 brn|[from] brn\n|upkeep\n|turn|2\n|\n|t:|1700428747\n|-end|p1a: Broken Mon|Protosynthesis|[silent]\n|switch|p1a: Angry Cat|Landorus-Therian, L50, M|100\/100\n|-terastallize|p1b: Brian|Water\n|move|p2a: Landorus|Stomping Tantrum|p1b: Brian\n|-damage|p1b: Brian|34\/100 brn\n|move|p2b: Weezing|Sludge Bomb|p1a: Angry Cat\n|-resisted|p1a: Angry Cat\n|-damage|p1a: Angry Cat|78\/100\n|-status|p1a: Angry Cat|psn\n|move|p1b: Brian|Heavy Slam|p2a: Landorus\n|-damage|p2a: Landorus|0 fnt\n|faint|p2a: Landorus\n|\n|-damage|p1a: Angry Cat|66\/100 psn|[from] psn\n|-damage|p1b: Brian|28\/100 brn|[from] brn\n|upkeep\n|\n|t:|1700428767\n|switch|p2a: Ogerpon|Ogerpon-Wellspring, L50, F|100\/100\n|turn|3\n|\n|t:|1700428805\n|-end|p1b: Brian|Quark Drive|[silent]\n|switch|p1b: Supreme Overlord|Kingambit, L50, F|100\/100\n|-terastallize|p2a: Ogerpon|Water\n|detailschange|p2a: Ogerpon|Ogerpon-Wellspring-Tera, L50, F, tera:Water\n|move|p1a: Angry Cat|Stomping Tantrum|p2b: Weezing\n|-supereffective|p2b: Weezing\n|-enditem|p2b: Weezing|Shuca Berry|[eat]\n|-enditem|p2b: Weezing|Shuca Berry|[weaken]\n|-damage|p2b: Weezing|51\/100\n|move|p2a: Ogerpon|Ivy Cudgel|p1a: Angry Cat|[anim] Ivy Cudgel Water\n|-supereffective|p1a: Angry Cat\n|-damage|p1a: Angry Cat|0 fnt\n|faint|p1a: Angry Cat\n|move|p2b: Weezing|Sludge Bomb|p1b: Supreme Overlord\n|-immune|p1b: Supreme Overlord\n|\n|upkeep\n|\n|t:|1700428819\n|switch|p1a: Brian|Iron Hands, L50, tera:Water|28\/100 brn\n|turn|4\n|\n|t:|1700428866\n|move|p2a: Ogerpon|Spiky Shield|p2a: Ogerpon\n|-singleturn|p2a: Ogerpon|move: Protect\n|move|p2b: Weezing|Protect|p2b: Weezing\n|-singleturn|p2b: Weezing|Protect\n|move|p1a: Brian|Fake Out|p2a: Ogerpon\n|-activate|p2a: Ogerpon|move: Protect\n|-damage|p1a: Brian|16\/100 brn|[from] Spiky Shield|[of] p2a: Ogerpon\n|move|p1b: Supreme Overlord|Kowtow Cleave|p2b: Weezing\n|-activate|p2b: Weezing|move: Protect\n|\n|-damage|p1a: Brian|10\/100 brn|[from] brn\n|upkeep\n|turn|5\n|\n|t:|1700428899\n|-end|p1a: Brian|Quark Drive|[silent]\n|switch|p1a: Broken Mon|Flutter Mane, L50|100\/100\n|move|p1b: Supreme Overlord|Protect|p1b: Supreme Overlord\n|-singleturn|p1b: Supreme Overlord|Protect\n|move|p2a: Ogerpon|Follow Me|p2a: Ogerpon\n|-singleturn|p2a: Ogerpon|move: Follow Me\n|move|p2b: Weezing|Sludge Bomb|p1a: Broken Mon\n|-damage|p1a: Broken Mon|62\/100\n|\n|upkeep\n|turn|6\n|\n|t:|1700428953\n|move|p2a: Ogerpon|Spiky Shield|p2a: Ogerpon\n|-singleturn|p2a: Ogerpon|move: Protect\n|move|p1b: Supreme Overlord|Sucker Punch||[still]\n|-fail|p1b: Supreme Overlord\n|move|p1a: Broken Mon|Shadow Ball|p2b: Weezing\n|-damage|p2b: Weezing|0 fnt\n|faint|p2b: Weezing\n|-end|p2b: Weezing|ability: Neutralizing Gas\n|-ability|p2a: Ogerpon|Embody Aspect (Wellspring)|boost\n|-boost|p2a: Ogerpon|spd|1\n|\n|upkeep\n|\n|t:|1700428963\n|switch|p2b: Flutter Mane|Flutter Mane, L50|100\/100\n|turn|7\n|\n|t:|1700428998\n|move|p2b: Flutter Mane|Dazzling Gleam|p1a: Broken Mon|[spread] p1a,p1b\n|-damage|p1a: Broken Mon|17\/100\n|-damage|p1b: Supreme Overlord|64\/100\n|move|p1a: Broken Mon|Shadow Ball|p2a: Ogerpon\n|-damage|p2a: Ogerpon|49\/100\n|-unboost|p2a: Ogerpon|spd|1\n|move|p2a: Ogerpon|Horn Leech|p1a: Broken Mon\n|-damage|p1a: Broken Mon|0 fnt\n|-heal|p2a: Ogerpon|56\/100|[from] drain|[of] p1a: Broken Mon\n|faint|p1a: Broken Mon\n|-end|p1a: Broken Mon|Protosynthesis|[silent]\n|move|p1b: Supreme Overlord|Kowtow Cleave|p2a: Ogerpon\n|-crit|p2a: Ogerpon\n|-damage|p2a: Ogerpon|0 fnt\n|faint|p2a: Ogerpon\n|\n|upkeep\n|\n|t:|1700429013\n|switch|p1a: Brian|Iron Hands, L50, tera:Water|10\/100 brn\n|turn|8\n|\n|t:|1700429027\n|move|p2b: Flutter Mane|Dazzling Gleam|p1a: Brian|[spread] p1a,p1b\n|-damage|p1a: Brian|0 fnt\n|-damage|p1b: Supreme Overlord|26\/100\n|faint|p1a: Brian\n|-end|p1a: Brian|Quark Drive|[silent]\n|move|p1b: Supreme Overlord|Iron Head|p2b: Flutter Mane\n|-supereffective|p2b: Flutter Mane\n|-damage|p2b: Flutter Mane|0 fnt\n|faint|p2b: Flutter Mane\n|-end|p2b: Flutter Mane|Protosynthesis|[silent]\n|\n|win|Kilowattrel Fan\n|c|&|\/uhtml prompt-rainlover78,rainlover78 is ready for game 2!\n","uploadtime":1700429035,"views":8,"p1id":"kilowattrelfan","p2id":"rainlover78","formatid":"gen9vgc2023regulatione","rating":0,"private":0,"password":""}