{"id":"gen9vgc2023regulatione-1989161933","p1":"Profily","p2":"PsychoR&R","format":"[Gen 9] VGC 2023 Regulation E","log":"|j|\u2606Profily\n|j|\u2606PsychoR&R\n|t:|1699818781\n|gametype|doubles\n|player|p1|Profily|hilbert|1537\n|player|p2|PsychoR&R|101|1682\n|teamsize|p1|6\n|teamsize|p2|6\n|gen|9\n|tier|[Gen 9] VGC 2023 Regulation E\n|rated|\n|rule|Species Clause: Limit one of each Pok\u00e9mon\n|rule|Item Clause: Limit one of each item\n|clearpoke\n|poke|p1|Spinarak, L50, M|\n|poke|p1|Tatsugiri-Droopy, L50, M|\n|poke|p1|Lurantis, L50, F|\n|poke|p1|Heatran, L50, M|\n|poke|p1|Armarouge, L50, M|\n|poke|p1|Farigiraf, L50, M|\n|poke|p2|Roaring Moon, L50|\n|poke|p2|Weezing, L50, F|\n|poke|p2|Landorus-Therian, L50, M|\n|poke|p2|Iron Hands, L50|\n|poke|p2|Flutter Mane, L50|\n|poke|p2|Ogerpon-Wellspring, L50, F|\n|teampreview|4\n|inactive|Battle timer is ON: inactive players will automatically lose when time's up. (requested by Profily)\n|j| sprocke123\nPsychoR&R has agreed to open team sheets.\n|inactive|Profily has 60 seconds left.\n|inactive|PsychoR&R has 60 seconds left.\n|\n|t:|1699818833\n|start\n|switch|p1a: Heatran|Heatran, L50, M|100\/100\n|switch|p1b: Tatsugiri|Tatsugiri-Droopy, L50, M|100\/100\n|switch|p2a: Ogerpon|Ogerpon-Wellspring, L50, F|100\/100\n|switch|p2b: Landorus|Landorus-Therian, L50, M|100\/100\n|-ability|p2b: Landorus|Intimidate|boost\n|-unboost|p1a: Heatran|atk|1\n|-unboost|p1b: Tatsugiri|atk|1\n|turn|1\n|\n|t:|1699818852\n|switch|p2b: Weezing|Weezing, L50, F|100\/100\n|-ability|p2b: Weezing|Neutralizing Gas\n|switch|p1a: Lurantis|Lurantis, L50, F|100\/100\n|-terastallize|p2a: Ogerpon|Water\n|detailschange|p2a: Ogerpon|Ogerpon-Wellspring-Tera, L50, F, tera:Water\n|move|p2a: Ogerpon|Ivy Cudgel|p1a: Lurantis\n|-resisted|p1a: Lurantis\n|-crit|p1a: Lurantis\n|-damage|p1a: Lurantis|36\/100\n|move|p1b: Tatsugiri|Muddy Water|p2b: Weezing|[spread] p2a,p2b\n|-resisted|p2a: Ogerpon\n|-damage|p2a: Ogerpon|81\/100\n|-damage|p2b: Weezing|65\/100\n|\n|upkeep\n|turn|2\n|\n|t:|1699818876\n|switch|p2a: Roaring Moon|Roaring Moon, L50|100\/100\n|-enditem|p2a: Roaring Moon|Booster Energy\n|-activate|p2a: Roaring Moon|ability: Protosynthesis|[fromitem]\n|-start|p2a: Roaring Moon|protosynthesisspe\n|move|p1b: Tatsugiri|Muddy Water|p2a: Roaring Moon|[spread] p2a,p2b\n|-resisted|p2a: Roaring Moon\n|-damage|p2a: Roaring Moon|86\/100\n|-damage|p2b: Weezing|29\/100\n|-enditem|p2b: Weezing|Sitrus Berry|[eat]\n|-heal|p2b: Weezing|54\/100|[from] item: Sitrus Berry\n|move|p2b: Weezing|Will-O-Wisp|p1a: Lurantis\n|-status|p1a: Lurantis|brn\n|move|p1a: Lurantis|Leaf Blade|p2a: Roaring Moon\n|-resisted|p2a: Roaring Moon\n|-crit|p2a: Roaring Moon\n|-damage|p2a: Roaring Moon|70\/100\n|\n|-damage|p1a: Lurantis|30\/100 brn|[from] brn\n|upkeep\n|turn|3\n|\n|t:|1699818893\n|switch|p1b: Heatran|Heatran, L50, M|100\/100\n|move|p2a: Roaring Moon|Breaking Swipe|p1a: Lurantis|[spread] p1a,p1b\n|-resisted|p1b: Heatran\n|-damage|p1a: Lurantis|7\/100 brn\n|-damage|p1b: Heatran|90\/100\n|-unboost|p1a: Lurantis|atk|1\n|-unboost|p1b: Heatran|atk|1\n|move|p2b: Weezing|Gunk Shot|p1b: Heatran\n|-immune|p1b: Heatran\n|move|p1a: Lurantis|Superpower|p2a: Roaring Moon\n|-supereffective|p2a: Roaring Moon\n|-damage|p2a: Roaring Moon|45\/100\n|-unboost|p1a: Lurantis|atk|1\n|-unboost|p1a: Lurantis|def|1\n|\n|-damage|p1a: Lurantis|1\/100 brn|[from] brn\n|upkeep\n|turn|4\n|\n|t:|1699818911\n|-end|p2b: Weezing|ability: Neutralizing Gas\n|switch|p2b: Landorus|Landorus-Therian, L50, M|100\/100\n|-ability|p2b: Landorus|Intimidate|boost\n|-boost|p1a: Lurantis|atk|1\n|-unboost|p1b: Heatran|atk|1\n|move|p2a: Roaring Moon|Knock Off|p1b: Heatran\n|-damage|p1b: Heatran|43\/100\n|-enditem|p1b: Heatran|Choice Scarf|[from] move: Knock Off|[of] p2a: Roaring Moon\n|move|p1b: Heatran|Heat Wave|p2b: Landorus|[spread] p2b\n|-miss|p1b: Heatran|p2a: Roaring Moon\n|-damage|p2b: Landorus|60\/100\n|move|p1a: Lurantis|Superpower|p2a: Roaring Moon\n|-supereffective|p2a: Roaring Moon\n|-damage|p2a: Roaring Moon|21\/100\n|-boost|p1a: Lurantis|atk|1\n|-boost|p1a: Lurantis|def|1\n|\n|-damage|p1a: Lurantis|0 fnt|[from] brn\n|faint|p1a: Lurantis\n|upkeep\n|\n|t:|1699818915\n|switch|p1a: Farigiraf|Farigiraf, L50, M|100\/100\n|turn|5\n|\n|t:|1699818931\n|-terastallize|p1a: Farigiraf|Normal\n|move|p2a: Roaring Moon|Knock Off|p1a: Farigiraf\n|-damage|p1a: Farigiraf|52\/100\n|-enditem|p1a: Farigiraf|Focus Sash|[from] move: Knock Off|[of] p2a: Roaring Moon\n|move|p2b: Landorus|Stomping Tantrum|p1a: Farigiraf\n|-damage|p1a: Farigiraf|10\/100\n|move|p1b: Heatran|Heat Wave|p2a: Roaring Moon|[spread] p2a\n|-miss|p1b: Heatran|p2b: Landorus\n|-resisted|p2a: Roaring Moon\n|-damage|p2a: Roaring Moon|8\/100\n|move|p1a: Farigiraf|Trick Room|p1a: Farigiraf\n|-fieldstart|move: Trick Room|[of] p1a: Farigiraf\n|\n|upkeep\n|turn|6\n|\n|t:|1699818956\n|switch|p1b: Tatsugiri|Tatsugiri-Droopy, L50, M|100\/100\n|move|p1a: Farigiraf|Hyper Voice|p2a: Roaring Moon|[spread] p2a,p2b\n|-damage|p2a: Roaring Moon|0 fnt\n|-damage|p2b: Landorus|4\/100\n|faint|p2a: Roaring Moon\n|-end|p2a: Roaring Moon|Protosynthesis|[silent]\n|move|p2b: Landorus|Stomping Tantrum|p1b: Tatsugiri\n|-damage|p1b: Tatsugiri|35\/100\n|\n|-heal|p1b: Tatsugiri|40\/100|[from] item: Leftovers\n|upkeep\n|\n|t:|1699818964\n|switch|p2a: Ogerpon|Ogerpon-Wellspring-Tera, L50, F, tera:Water|81\/100\n|-ability|p2a: Ogerpon|Embody Aspect (Wellspring)|boost\n|-boost|p2a: Ogerpon|spd|1\n|turn|7\n|\n|t:|1699818971\n|switch|p2b: Weezing|Weezing, L50, F|54\/100\n|-ability|p2b: Weezing|Neutralizing Gas\n|move|p1a: Farigiraf|Hyper Voice|p2a: Ogerpon|[spread] p2a,p2b\n|-damage|p2a: Ogerpon|48\/100\n|-damage|p2b: Weezing|6\/100\n|move|p1b: Tatsugiri|Substitute|p1b: Tatsugiri\n|-start|p1b: Tatsugiri|Substitute\n|-damage|p1b: Tatsugiri|16\/100\n|move|p2a: Ogerpon|Horn Leech|p1b: Tatsugiri\n|-end|p1b: Tatsugiri|Substitute\n|-heal|p2a: Ogerpon|61\/100|[from] drain|[of] p1b: Tatsugiri\n|\n|-heal|p1b: Tatsugiri|22\/100|[from] item: Leftovers\n|upkeep\n|turn|8\n|\n|t:|1699818987\n|move|p1a: Farigiraf|Hyper Voice|p2b: Weezing|[spread] p2a,p2b\n|-damage|p2a: Ogerpon|27\/100\n|-damage|p2b: Weezing|0 fnt\n|faint|p2b: Weezing\n|-end|p2b: Weezing|ability: Neutralizing Gas\n|-ability|p2a: Ogerpon|Embody Aspect (Wellspring)|boost\n|-boost|p2a: Ogerpon|spd|1\n|move|p1b: Tatsugiri|Tera Blast|p2a: Ogerpon\n|-damage|p2a: Ogerpon|12\/100\n|move|p2a: Ogerpon|Horn Leech|p1b: Tatsugiri\n|-damage|p1b: Tatsugiri|0 fnt\n|-heal|p2a: Ogerpon|23\/100|[from] drain|[of] p1b: Tatsugiri\n|faint|p1b: Tatsugiri\n|\n|upkeep\n|\n|t:|1699818999\n|switch|p2b: Landorus|Landorus-Therian, L50, M|4\/100\n|switch|p1b: Heatran|Heatran, L50, M|43\/100\n|-ability|p2b: Landorus|Intimidate|boost\n|-unboost|p1a: Farigiraf|atk|1\n|-unboost|p1b: Heatran|atk|1\n|turn|9\n|\n|t:|1699819007\n|move|p2a: Ogerpon|Spiky Shield|p2a: Ogerpon\n|-singleturn|p2a: Ogerpon|move: Protect\n|move|p1a: Farigiraf|Hyper Voice|p2b: Landorus|[spread] p2b\n|-activate|p2a: Ogerpon|move: Protect\n|-damage|p2b: Landorus|0 fnt\n|faint|p2b: Landorus\n|move|p1b: Heatran|Rock Slide|p2a: Ogerpon\n|-activate|p2a: Ogerpon|move: Protect\n|\n|-fieldend|move: Trick Room\n|upkeep\n|turn|10\n|\n|t:|1699819028\n|move|p2a: Ogerpon|Ivy Cudgel|p1b: Heatran\n|-supereffective|p1b: Heatran\n|-damage|p1b: Heatran|0 fnt\n|faint|p1b: Heatran\n|move|p1a: Farigiraf|Trick Room|p1a: Farigiraf\n|-fieldstart|move: Trick Room|[of] p1a: Farigiraf\n|\n|upkeep\n|turn|11\n|\n|t:|1699819033\n|move|p1a: Farigiraf|Hyper Voice|p2a: Ogerpon\n|-damage|p2a: Ogerpon|0 fnt\n|faint|p2a: Ogerpon\n|\n|win|Profily\n|raw|Profily's rating: 1537 &rarr; <strong>1565<\/strong><br \/>(+28 for winning)\n|raw|PsychoR&amp;R's rating: 1682 &rarr; <strong>1654<\/strong><br \/>(-28 for losing)\n","uploadtime":1699819037,"views":15,"p1id":"profily","p2id":"psychorr","formatid":"gen9vgc2023regulatione","rating":1565,"private":0,"password":""}