{"id":"gen9vgc2023regulatione-1988465071","p1":"snowperegrine","p2":"Maaaak","format":"[Gen 9] VGC 2023 Regulation E","log":"|j|\u2606snowperegrine\n|j|\u2606Maaaak\n|t:|1699725812\n|gametype|doubles\n|player|p1|snowperegrine|palmer|1471\n|player|p2|Maaaak|sailor|1398\n|teamsize|p1|6\n|teamsize|p2|6\n|gen|9\n|tier|[Gen 9] VGC 2023 Regulation E\n|rated|\n|rule|Species Clause: Limit one of each Pok\u00e9mon\n|rule|Item Clause: Limit one of each item\n|clearpoke\n|poke|p1|Tornadus, L50, M|\n|poke|p1|Heatran, L50, F|\n|poke|p1|Urshifu-*, L50, M|\n|poke|p1|Amoonguss, L50, F|\n|poke|p1|Landorus-Therian, L50, M|\n|poke|p1|Flutter Mane, L50|\n|poke|p2|Annihilape, L50, M|\n|poke|p2|Ogerpon-Wellspring, L50, F|\n|poke|p2|Sinistcha-Masterpiece, L50|\n|poke|p2|Landorus-Therian, L50, M|\n|poke|p2|Rillaboom, L50, F|\n|poke|p2|Snorlax, L50, F|\n|teampreview|4\n|inactive|Battle timer is ON: inactive players will automatically lose when time's up. (requested by Maaaak)\n|inactive|Maaaak has 60 seconds left.\n|inactive|Maaaak has 30 seconds left.\n|inactive|Maaaak has 20 seconds left.\n|inactive|Maaaak has 15 seconds left.\n|\n|t:|1699725890\n|start\n|switch|p1a: Tornadus|Tornadus, L50, M|100\/100\n|switch|p1b: Urshifu|Urshifu, L50, M|100\/100\n|switch|p2a: Annihilape|Annihilape, L50, M|100\/100\n|switch|p2b: Rillaboom|Rillaboom, L50, F|100\/100\n|-fieldstart|move: Grassy Terrain|[from] ability: Grassy Surge|[of] p2b: Rillaboom\n|turn|1\n|inactive|snowperegrine has 30 seconds left.\n|\n|t:|1699725918\n|move|p2b: Rillaboom|Fake Out|p1b: Urshifu\n|-damage|p1b: Urshifu|84\/100\n|move|p1a: Tornadus|Taunt|p2a: Annihilape\n|-start|p2a: Annihilape|move: Taunt\n|cant|p2a: Annihilape|move: Taunt|Bulk Up\n|cant|p1b: Urshifu|flinch\n|\n|-heal|p1b: Urshifu|90\/100|[from] Grassy Terrain\n|upkeep\n|turn|2\n|inactive|snowperegrine has 30 seconds left.\n|\n|t:|1699725945\n|switch|p2a: Ogerpon|Ogerpon-Wellspring, L50, F|100\/100\n|-terastallize|p1b: Urshifu|Dark\n|move|p2b: Rillaboom|Grassy Glide|p1b: Urshifu\n|-damage|p1b: Urshifu|49\/100\n|move|p1b: Urshifu|Wicked Blow|p2a: Ogerpon\n|-crit|p2a: Ogerpon\n|-damage|p2a: Ogerpon|0 fnt\n|faint|p2a: Ogerpon\n|move|p1a: Tornadus|Bleakwind Storm|p2b: Rillaboom|[miss]\n|-miss|p1a: Tornadus|p2b: Rillaboom\n|\n|-heal|p1b: Urshifu|55\/100|[from] Grassy Terrain\n|upkeep\n|\n|t:|1699725963\n|switch|p2a: Annihilape|Annihilape, L50, M|100\/100\n|turn|3\n|\n|t:|1699725985\n|-terastallize|p2a: Annihilape|Fire\n|move|p1b: Urshifu|Detect|p1b: Urshifu\n|-singleturn|p1b: Urshifu|Protect\n|move|p1a: Tornadus|Sunny Day|p1a: Tornadus\n|-weather|SunnyDay\n|move|p2a: Annihilape|Drain Punch|p1b: Urshifu\n|-activate|p1b: Urshifu|move: Protect\n|move|p2b: Rillaboom|U-turn|p1b: Urshifu\n|-activate|p1b: Urshifu|move: Protect\n|\n|-weather|SunnyDay|[upkeep]\n|-heal|p1b: Urshifu|60\/100|[from] Grassy Terrain\n|upkeep\n|turn|4\n|\n|t:|1699726009\n|move|p2a: Annihilape|Bulk Up|p2a: Annihilape\n|-boost|p2a: Annihilape|atk|1\n|-boost|p2a: Annihilape|def|1\n|move|p1b: Urshifu|Wicked Blow|p2b: Rillaboom\n|-crit|p2b: Rillaboom\n|-damage|p2b: Rillaboom|14\/100\n|move|p1a: Tornadus|Bleakwind Storm|p2b: Rillaboom|[spread] p2a,p2b\n|-supereffective|p2b: Rillaboom\n|-damage|p2a: Annihilape|70\/100\n|-damage|p2b: Rillaboom|0 fnt\n|faint|p2b: Rillaboom\n|\n|-weather|SunnyDay|[upkeep]\n|-heal|p2a: Annihilape|76\/100|[from] Grassy Terrain\n|-heal|p2a: Annihilape|82\/100|[from] item: Leftovers\n|-heal|p1b: Urshifu|66\/100|[from] Grassy Terrain\n|upkeep\n|\n|t:|1699726025\n|switch|p2b: Sinistcha|Sinistcha-Masterpiece, L50|100\/100\n|-heal|p2a: Annihilape|100\/100|[from] ability: Hospitality|[of] p2b: Sinistcha\n|turn|5\n|inactive|Maaaak has 30 seconds left.\n|inactive|Maaaak has 20 seconds left.\n|\n|t:|1699726065\n|move|p1a: Tornadus|Tailwind|p1a: Tornadus\n|-sidestart|p1: snowperegrine|move: Tailwind\n|move|p1b: Urshifu|Wicked Blow|p2b: Sinistcha\n|-supereffective|p2b: Sinistcha\n|-crit|p2b: Sinistcha\n|-damage|p2b: Sinistcha|0 fnt\n|faint|p2b: Sinistcha\n|move|p2a: Annihilape|Drain Punch|p1b: Urshifu\n|-supereffective|p1b: Urshifu\n|-damage|p1b: Urshifu|0 fnt\n|faint|p1b: Urshifu\n|\n|-weather|SunnyDay|[upkeep]\n|-fieldend|move: Grassy Terrain\n|upkeep\n|\n|t:|1699726078\n|switch|p1b: Flutter Mane|Flutter Mane, L50|100\/100\n|-activate|p1b: Flutter Mane|ability: Protosynthesis\n|-start|p1b: Flutter Mane|protosynthesisspa\n|turn|6\n|\n|t:|1699726091\n|move|p1a: Tornadus|Taunt|p2a: Annihilape\n|-start|p2a: Annihilape|move: Taunt\n|move|p1b: Flutter Mane|Power Gem|p2a: Annihilape\n|-supereffective|p2a: Annihilape\n|-damage|p2a: Annihilape|0 fnt\n|faint|p2a: Annihilape\n|\n|win|snowperegrine\n|raw|snowperegrine's rating: 1471 &rarr; <strong>1487<\/strong><br \/>(+16 for winning)\n|raw|Maaaak's rating: 1398 &rarr; <strong>1382<\/strong><br \/>(-16 for losing)\n|l|\u2606Maaaak\n","uploadtime":1699726106,"views":35,"p1id":"snowperegrine","p2id":"maaaak","formatid":"gen9vgc2023regulatione","rating":1382,"private":0,"password":""}