{"id":"gen9vgc2023regulatione-2000423580","p1":"Thatlookglope","p2":"Wilhelm_Tell","format":"[Gen 9] VGC 2023 Regulation E","log":"|j|\u2606Thatlookglope\n|j|\u2606Wilhelm_Tell\n|t:|1701193585\n|gametype|doubles\n|player|p1|Thatlookglope|brawly|1378\n|player|p2|Wilhelm_Tell|benga|1396\n|teamsize|p1|6\n|teamsize|p2|6\n|gen|9\n|tier|[Gen 9] VGC 2023 Regulation E\n|rated|\n|rule|Species Clause: Limit one of each Pok\u00e9mon\n|rule|Item Clause: Limit one of each item\n|clearpoke\n|poke|p1|Gumshoos, L50, M|\n|poke|p1|Dusclops, L50, F|\n|poke|p1|Ting-Lu, L50|\n|poke|p1|Cresselia, L50, F|\n|poke|p1|Enamorus-Therian, L50, F|\n|poke|p1|Iron Hands, L50|\n|poke|p2|Armarouge, L50, M|\n|poke|p2|Indeedee-F, L50, F|\n|poke|p2|Ursaluna, L50, F|\n|poke|p2|Iron Hands, L50|\n|poke|p2|Torkoal, L50, F|\n|poke|p2|Lilligant-Hisui, L50, F|\n|teampreview|4\n|inactive|Battle timer is ON: inactive players will automatically lose when time's up. (requested by Wilhelm_Tell)\n|inactive|Thatlookglope has 60 seconds left.\n|\n|t:|1701193671\n|start\n|switch|p1a: Dusclops|Dusclops, L50, F|100\/100\n|switch|p1b: Ting-Lu|Ting-Lu, L50|100\/100\n|switch|p2a: Torkoal|Torkoal, L50, F|100\/100\n|switch|p2b: Iron Hands|Iron Hands, L50|100\/100\n|-ability|p1b: Ting-Lu|Vessel of Ruin\n|-ability|p1a: Dusclops|Pressure\n|-weather|SunnyDay|[from] ability: Drought|[of] p2a: Torkoal\n|-enditem|p2b: Iron Hands|Booster Energy\n|-activate|p2b: Iron Hands|ability: Quark Drive|[fromitem]\n|-start|p2b: Iron Hands|quarkdriveatk\n|turn|1\n|inactive|Wilhelm_Tell has 30 seconds left.\n|\n|t:|1701193697\n|-terastallize|p2b: Iron Hands|Water\n|move|p1b: Ting-Lu|Stomping Tantrum|p2a: Torkoal\n|-supereffective|p2a: Torkoal\n|-damage|p2a: Torkoal|45\/100\n|move|p2b: Iron Hands|Drain Punch|p1b: Ting-Lu\n|-supereffective|p1b: Ting-Lu\n|-damage|p1b: Ting-Lu|30\/100\n|-enditem|p1b: Ting-Lu|Weakness Policy\n|-boost|p1b: Ting-Lu|atk|2|[from] item: Weakness Policy\n|-boost|p1b: Ting-Lu|spa|2|[from] item: Weakness Policy\n|move|p1a: Dusclops|Will-O-Wisp|p2b: Iron Hands\n|-status|p2b: Iron Hands|brn\n|move|p2a: Torkoal|Eruption|p1b: Ting-Lu|[spread] p1a,p1b\n|-damage|p1a: Dusclops|86\/100\n|-damage|p1b: Ting-Lu|8\/100\n|\n|-weather|SunnyDay|[upkeep]\n|-damage|p2b: Iron Hands|94\/100 brn|[from] brn\n|upkeep\n|turn|2\n|inactive|Thatlookglope has 30 seconds left.\n|inactive|Wilhelm_Tell has 30 seconds left.\n|inactive|Thatlookglope has 20 seconds left.\n|inactive|Thatlookglope has 15 seconds left.\n|inactive|Thatlookglope has 10 seconds left.\n|\n|t:|1701193743\n|switch|p1a: Gumshoos|Gumshoos, L50, M, shiny|100\/100\n|move|p1b: Ting-Lu|Rock Slide|p2a: Torkoal|[spread] p2b\n|-miss|p1b: Ting-Lu|p2a: Torkoal\n|-damage|p2b: Iron Hands|69\/100 brn\n|move|p2b: Iron Hands|Swords Dance|p2b: Iron Hands\n|-boost|p2b: Iron Hands|atk|2\n|move|p2a: Torkoal|Heat Wave|p1b: Ting-Lu|[spread] p1a\n|-miss|p2a: Torkoal|p1b: Ting-Lu\n|-damage|p1a: Gumshoos|36\/100\n|\n|-weather|SunnyDay|[upkeep]\n|-damage|p2b: Iron Hands|63\/100 brn|[from] brn\n|upkeep\n|turn|3\n|inactive|Thatlookglope has 30 seconds left.\n|inactive|Wilhelm_Tell has 30 seconds left.\n|\n|t:|1701193770\n|move|p1a: Gumshoos|Last Resort||[still]\n|-fail|p1a: Gumshoos\n|move|p1b: Ting-Lu|Stomping Tantrum|p2a: Torkoal\n|-supereffective|p2a: Torkoal\n|-crit|p2a: Torkoal\n|-damage|p2a: Torkoal|0 fnt\n|faint|p2a: Torkoal\n|move|p2b: Iron Hands|Drain Punch|p1a: Gumshoos\n|-supereffective|p1a: Gumshoos\n|-damage|p1a: Gumshoos|0 fnt\n|-heal|p2b: Iron Hands|74\/100 brn|[from] drain|[of] p1a: Gumshoos\n|faint|p1a: Gumshoos\n|\n|-weather|SunnyDay|[upkeep]\n|-damage|p2b: Iron Hands|68\/100 brn|[from] brn\n|upkeep\n|c|\u2606Thatlookglope|Oops\n|\n|t:|1701193787\n|switch|p1a: Enamorus|Enamorus-Therian, L50, F|100\/100\n|switch|p2a: Indeedee|Indeedee-F, L50, F|100\/100\n|-fieldstart|move: Psychic Terrain|[from] ability: Psychic Surge|[of] p2a: Indeedee\n|-enditem|p2a: Indeedee|Psychic Seed\n|-boost|p2a: Indeedee|spd|1|[from] item: Psychic Seed\n|turn|4\n|\n|t:|1701193802\n|move|p2a: Indeedee|Follow Me|p2a: Indeedee\n|-singleturn|p2a: Indeedee|move: Follow Me\n|move|p1a: Enamorus|Dazzling Gleam|p2a: Indeedee|[spread] p2a,p2b\n|-damage|p2a: Indeedee|76\/100\n|-damage|p2b: Iron Hands|35\/100 brn\n|move|p1b: Ting-Lu|Lash Out|p2a: Indeedee\n|-supereffective|p2a: Indeedee\n|-damage|p2a: Indeedee|0 fnt\n|faint|p2a: Indeedee\n|move|p2b: Iron Hands|Drain Punch|p1b: Ting-Lu\n|-supereffective|p1b: Ting-Lu\n|-damage|p1b: Ting-Lu|0 fnt\n|-heal|p2b: Iron Hands|38\/100 brn|[from] drain|[of] p1b: Ting-Lu\n|faint|p1b: Ting-Lu\n|\n|-weather|SunnyDay|[upkeep]\n|-damage|p2b: Iron Hands|32\/100 brn|[from] brn\n|upkeep\n|\n|t:|1701193820\n|switch|p2a: Ursaluna|Ursaluna, L50, F|100\/100\n|switch|p1b: Dusclops|Dusclops, L50, F|86\/100\n|-ability|p1b: Dusclops|Pressure\n|turn|5\n|inactive|Thatlookglope has 30 seconds left.\n|\n|t:|1701193849\n|-terastallize|p1a: Enamorus|Fairy\n|move|p1a: Enamorus|Dazzling Gleam|p2b: Iron Hands|[spread] p2a,p2b\n|-damage|p2a: Ursaluna|43\/100\n|-damage|p2b: Iron Hands|0 fnt\n|faint|p2b: Iron Hands\n|-end|p2b: Iron Hands|Quark Drive|[silent]\n|move|p2a: Ursaluna|Shadow Claw|p1b: Dusclops\n|-supereffective|p1b: Dusclops\n|-damage|p1b: Dusclops|51\/100\n|move|p1b: Dusclops|Brick Break|p2a: Ursaluna\n|-supereffective|p2a: Ursaluna\n|-damage|p2a: Ursaluna|25\/100\n|\n|-weather|none\n|-status|p2a: Ursaluna|brn|[from] item: Flame Orb\n|upkeep\n|turn|6\n|-message|Wilhelm_Tell forfeited.\n|\n|win|Thatlookglope\n|raw|Thatlookglope's rating: 1378 &rarr; <strong>1399<\/strong><br \/>(+21 for winning)\n|raw|Wilhelm_Tell's rating: 1396 &rarr; <strong>1375<\/strong><br \/>(-21 for losing)\n|l|\u2606Wilhelm_Tell\n|l|\u2606Thatlookglope\n","uploadtime":1701194055,"views":2,"p1id":"thatlookglope","p2id":"wilhelmtell","formatid":"gen9vgc2023regulatione","rating":1375,"private":0,"password":""}