{"id":"gen9vgc2023regulatione-1999677635","p1":"Kzjrzl","p2":"smogondeez","format":"[Gen 9] VGC 2023 Regulation E","log":"|j|\u2606Kzjrzl\n|j|\u2606smogondeez\n|t:|1701107004\n|gametype|doubles\n|player|p1|Kzjrzl|lance|1132\n|player|p2|smogondeez|1|1154\n|teamsize|p1|6\n|teamsize|p2|6\n|gen|9\n|tier|[Gen 9] VGC 2023 Regulation E\n|rated|\n|rule|Species Clause: Limit one of each Pok\u00e9mon\n|rule|Item Clause: Limit one of each item\n|clearpoke\n|poke|p1|Flutter Mane, L50|\n|poke|p1|Tornadus, L50, M|\n|poke|p1|Rillaboom, L50, F|\n|poke|p1|Garganacl, L50, M|\n|poke|p1|Arcanine-Hisui, L50, M|\n|poke|p1|Chien-Pao, L50|\n|poke|p2|Sneasler, L50, M|\n|poke|p2|Indeedee-F, L50, F|\n|poke|p2|Armarouge, L50, F|\n|poke|p2|Urshifu-*, L50, M|\n|poke|p2|Chien-Pao, L50|\n|poke|p2|Tornadus, L50, M|\n|teampreview|4\n|inactive|Battle timer is ON: inactive players will automatically lose when time's up. (requested by smogondeez)\n|\n|t:|1701107030\n|start\n|switch|p1a: Tornadus|Tornadus, L50, M|100\/100\n|switch|p1b: Arcanine|Arcanine-Hisui, L50, M|100\/100\n|switch|p2a: Urshifu|Urshifu-Rapid-Strike, L50, M|100\/100\n|switch|p2b: Armarouge|Armarouge, L50, F, shiny|100\/100\n|-ability|p1b: Arcanine|Intimidate|boost\n|-unboost|p2a: Urshifu|atk|1\n|-unboost|p2b: Armarouge|atk|1\n|turn|1\n|\n|t:|1701107047\n|switch|p1b: Rillaboom|Rillaboom, L50, F|100\/100\n|-fieldstart|move: Grassy Terrain|[from] ability: Grassy Surge|[of] p1b: Rillaboom\n|move|p2a: Urshifu|Surging Strikes|p1b: Rillaboom\n|-resisted|p1b: Rillaboom\n|-crit|p1b: Rillaboom\n|-damage|p1b: Rillaboom|90\/100\n|-resisted|p1b: Rillaboom\n|-crit|p1b: Rillaboom\n|-damage|p1b: Rillaboom|81\/100\n|-resisted|p1b: Rillaboom\n|-crit|p1b: Rillaboom\n|-damage|p1b: Rillaboom|70\/100\n|-hitcount|p1b: Rillaboom|3\n|move|p2b: Armarouge|Expanding Force|p1a: Tornadus\n|-damage|p1a: Tornadus|71\/100\n|move|p1a: Tornadus|Bleakwind Storm|p2b: Armarouge|[spread] p2a,p2b\n|-supereffective|p2a: Urshifu\n|-damage|p2a: Urshifu|19\/100\n|-damage|p2b: Armarouge|60\/100\n|\n|-heal|p2a: Urshifu|25\/100|[from] Grassy Terrain\n|-heal|p2b: Armarouge|66\/100|[from] Grassy Terrain\n|-heal|p1b: Rillaboom|75\/100|[from] Grassy Terrain\n|upkeep\n|turn|2\n|\n|t:|1701107069\n|switch|p2a: Indeedee|Indeedee-F, L50, F, shiny|100\/100\n|-fieldstart|move: Psychic Terrain|[from] ability: Psychic Surge|[of] p2a: Indeedee\n|move|p1b: Rillaboom|Fake Out|p2b: Armarouge\n|-activate|p2b: Armarouge|move: Psychic Terrain\n|move|p2b: Armarouge|Expanding Force|p1a: Tornadus|[spread] p1a,p1b\n|-damage|p1a: Tornadus|26\/100\n|-damage|p1b: Rillaboom|31\/100\n|move|p1a: Tornadus|Bleakwind Storm|p2b: Armarouge|[spread] p2a\n|-miss|p1a: Tornadus|p2b: Armarouge\n|-damage|p2a: Indeedee|69\/100\n|\n|upkeep\n|turn|3\n|\n|t:|1701107081\n|move|p2a: Indeedee|Helping Hand|p2b: Armarouge\n|-singleturn|p2b: Armarouge|Helping Hand|[of] p2a: Indeedee\n|move|p2b: Armarouge|Expanding Force|p1a: Tornadus|[spread] p1a,p1b\n|-damage|p1a: Tornadus|0 fnt\n|-damage|p1b: Rillaboom|0 fnt\n|faint|p1a: Tornadus\n|faint|p1b: Rillaboom\n|\n|upkeep\n|\n|t:|1701107089\n|switch|p1a: Arcanine|Arcanine-Hisui, L50, M|100\/100\n|switch|p1b: Garganacl|Garganacl, L50, M|100\/100\n|-ability|p1a: Arcanine|Intimidate|boost\n|-unboost|p2a: Indeedee|atk|1\n|-unboost|p2b: Armarouge|atk|1\n|turn|4\n|\n|t:|1701107098\n|move|p2a: Indeedee|Helping Hand|p2b: Armarouge\n|-singleturn|p2b: Armarouge|Helping Hand|[of] p2a: Indeedee\n|move|p1a: Arcanine|Rock Slide|p2a: Indeedee|[spread] p2a,p2b\n|-supereffective|p2b: Armarouge\n|-damage|p2a: Indeedee|18\/100\n|-damage|p2b: Armarouge|0 fnt\n|faint|p2b: Armarouge\n|move|p1b: Garganacl|Salt Cure|p2a: Indeedee\n|-damage|p2a: Indeedee|2\/100\n|-start|p2a: Indeedee|Salt Cure\n|\n|-damage|p2a: Indeedee|0 fnt|[from] Salt Cure\n|faint|p2a: Indeedee\n|upkeep\n|\n|t:|1701107106\n|switch|p2b: Sneasler|Sneasler, L50, M, shiny|100\/100\n|switch|p2a: Urshifu|Urshifu-Rapid-Strike, L50, M|25\/100\n|-enditem|p2b: Sneasler|Psychic Seed\n|-boost|p2b: Sneasler|spd|1|[from] item: Psychic Seed\n|turn|5\n|\n|t:|1701107119\n|-terastallize|p2a: Urshifu|Water\n|-terastallize|p1b: Garganacl|Ghost\n|move|p2b: Sneasler|Close Combat|p1b: Garganacl\n|-immune|p1b: Garganacl\n|move|p2a: Urshifu|Surging Strikes|p1a: Arcanine\n|-supereffective|p1a: Arcanine\n|-crit|p1a: Arcanine\n|-damage|p1a: Arcanine|0 fnt\n|faint|p1a: Arcanine\n|-hitcount|p1: Arcanine|1\n|move|p1b: Garganacl|Salt Cure|p2a: Urshifu\n|-damage|p2a: Urshifu|11\/100\n|-start|p2a: Urshifu|Salt Cure\n|\n|-damage|p2a: Urshifu|0 fnt|[from] Salt Cure\n|faint|p2a: Urshifu\n|upkeep\n|turn|6\n|\n|t:|1701107138\n|move|p2b: Sneasler|Dire Claw|p1b: Garganacl\n|-resisted|p1b: Garganacl\n|-damage|p1b: Garganacl|87\/100\n|move|p1b: Garganacl|Iron Defense|p1b: Garganacl\n|-boost|p1b: Garganacl|def|2\n|\n|-fieldend|move: Psychic Terrain\n|upkeep\n|turn|7\n|\n|t:|1701107146\n|move|p2b: Sneasler|Dire Claw|p1b: Garganacl\n|-resisted|p1b: Garganacl\n|-damage|p1b: Garganacl|80\/100\n|move|p1b: Garganacl|Iron Defense|p1b: Garganacl\n|-boost|p1b: Garganacl|def|2\n|\n|upkeep\n|turn|8\n|\n|t:|1701107151\n|move|p2b: Sneasler|Dire Claw|p1b: Garganacl\n|-resisted|p1b: Garganacl\n|-damage|p1b: Garganacl|74\/100\n|move|p1b: Garganacl|Salt Cure|p2b: Sneasler\n|-resisted|p2b: Sneasler\n|-damage|p2b: Sneasler|91\/100\n|-start|p2b: Sneasler|Salt Cure\n|\n|-damage|p2b: Sneasler|79\/100|[from] Salt Cure\n|upkeep\n|turn|9\n|\n|t:|1701107156\n|move|p2b: Sneasler|Dire Claw|p1b: Garganacl\n|-resisted|p1b: Garganacl\n|-damage|p1b: Garganacl|70\/100\n|move|p1b: Garganacl|Iron Defense|p1b: Garganacl\n|-boost|p1b: Garganacl|def|2\n|\n|-damage|p2b: Sneasler|67\/100|[from] Salt Cure\n|upkeep\n|turn|10\n|\n|t:|1701107160\n|move|p1b: Garganacl|Protect|p1b: Garganacl\n|-singleturn|p1b: Garganacl|Protect\n|move|p2b: Sneasler|Dire Claw|p1b: Garganacl\n|-activate|p1b: Garganacl|move: Protect\n|\n|-damage|p2b: Sneasler|54\/100|[from] Salt Cure\n|upkeep\n|turn|11\n|\n|t:|1701107163\n|move|p2b: Sneasler|Dire Claw|p1b: Garganacl\n|-resisted|p1b: Garganacl\n|-damage|p1b: Garganacl|66\/100\n|move|p1b: Garganacl|Recover|p1b: Garganacl\n|-heal|p1b: Garganacl|100\/100\n|\n|-damage|p2b: Sneasler|42\/100|[from] Salt Cure\n|upkeep\n|turn|12\n|\n|t:|1701107167\n|move|p1b: Garganacl|Protect|p1b: Garganacl\n|-singleturn|p1b: Garganacl|Protect\n|move|p2b: Sneasler|Dire Claw|p1b: Garganacl\n|-activate|p1b: Garganacl|move: Protect\n|\n|-damage|p2b: Sneasler|30\/100|[from] Salt Cure\n|upkeep\n|turn|13\n|\n|t:|1701107169\n|move|p2b: Sneasler|Dire Claw|p1b: Garganacl\n|-resisted|p1b: Garganacl\n|-damage|p1b: Garganacl|97\/100\n|move|p1b: Garganacl|Iron Defense|p1b: Garganacl\n|-boost|p1b: Garganacl|def|0\n|\n|-damage|p2b: Sneasler|18\/100|[from] Salt Cure\n|upkeep\n|turn|14\n|c|\u2606smogondeez|fqag got\n|n|\u203dsmogondeez|smogondeez\n|inactive|smogondeez has 30 seconds left.\n|n|\u2606Kzjrzl|kzjrzl\n|l|\u203dsmogondeez\n|inactive|smogondeez disconnected and has a minute to reconnect!\n|player|p2|\n|c|\u2606Kzjrzl|just lose already\n|inactive|smogondeez has 20 seconds left.\n|inactive|smogondeez has 15 seconds left.\n|inactive|smogondeez has 10 seconds left.\n|inactive|smogondeez has 5 seconds left.\n|-message|smogondeez lost due to inactivity.\n|\n|win|Kzjrzl\n|raw|Kzjrzl's rating: 1132 &rarr; <strong>1159<\/strong><br \/>(+27 for winning)\n|raw|smogondeez's rating: 1154 &rarr; <strong>1127<\/strong><br \/>(-27 for losing)\n","uploadtime":1701107193,"views":1,"p1id":"kzjrzl","p2id":"smogondeez","formatid":"gen9vgc2023regulatione","rating":1127,"private":0,"password":""}