{"id":"gen9vgc2023regulatione-1998587529","p1":"rYN_796","p2":"tempesthydrox","format":"[Gen 9] VGC 2023 Regulation E","log":"|j|\u2606rYN_796\n|j|\u2606tempesthydrox\n|n|\u2606rYN_796|ryn796\n|n|\u2606tempesthydrox|tempesthydrox\n|html|View the match progress at <a href=\"\/game-bestof3-gen9vgc2023regulatione-1998587528\">game-bestof3-gen9vgc2023regulatione-1998587528<\/a>\n|t:|1700959796\n|gametype|doubles\n|player|p1|rYN_796|flannery|\n|player|p2|tempesthydrox|acetrainerf|\n|teamsize|p1|6\n|teamsize|p2|6\n|gen|9\n|tier|[Gen 9] VGC 2023 Regulation E\n|rule|Species Clause: Limit one of each Pok\u00e9mon\n|rule|Item Clause: Limit one of each item\n|clearpoke\n|poke|p1|Snorlax, L50, F|\n|poke|p1|Camerupt, L50, M|\n|poke|p1|Sinistcha, L50|\n|poke|p1|Clefairy, L50, F|\n|poke|p1|Poliwrath, L50, F|\n|poke|p1|Cresselia, L50, F|\n|poke|p2|Glastrier, L50|\n|poke|p2|Ninetales-Alola, L50, F|\n|poke|p2|Avalugg-Hisui, L50, M|\n|poke|p2|Vulpix-Alola, L50, F|\n|poke|p2|Baxcalibur, L50, M|\n|poke|p2|Glaceon, L50, M|\n|teampreview|4\nrYN_796 rejected open team sheets.\n|c|\u2606rYN_796|g1\n|c|\u2606rYN_796|glhf\n|\n|t:|1700959832\n|start\n|switch|p1a: Snorlax|Snorlax, L50, F|100\/100\n|switch|p1b: Clefairy|Clefairy, L50, F|100\/100\n|switch|p2a: Vulpix|Vulpix-Alola, L50, F|100\/100\n|switch|p2b: Glaceon|Glaceon, L50, M|100\/100\n|-weather|Snow|[from] ability: Snow Warning|[of] p2a: Vulpix\n|turn|1\n|\n|t:|1700959868\n|move|p2a: Vulpix|Helping Hand|p2b: Glaceon\n|-singleturn|p2b: Glaceon|Helping Hand|[of] p2a: Vulpix\n|move|p1b: Clefairy|Follow Me|p1b: Clefairy\n|-singleturn|p1b: Clefairy|move: Follow Me\n|move|p2b: Glaceon|Blizzard|p1a: Snorlax|[spread] p1a,p1b\n|-damage|p1a: Snorlax|89\/100\n|-damage|p1b: Clefairy|70\/100\n|-status|p1a: Snorlax|frz\n|-status|p1b: Clefairy|frz\n|cant|p1a: Snorlax|frz\n|\n|-weather|Snow|[upkeep]\n|upkeep\n|turn|2\n|\n|t:|1700959896\n|move|p2b: Glaceon|Curse|p2b: Glaceon\n|-unboost|p2b: Glaceon|spe|1\n|-boost|p2b: Glaceon|atk|1\n|-boost|p2b: Glaceon|def|1\n|cant|p1b: Clefairy|frz\n|cant|p1a: Snorlax|frz\n|move|p2a: Vulpix|Foul Play|p1a: Snorlax\n|-damage|p1a: Snorlax|65\/100 frz\n|\n|-weather|Snow|[upkeep]\n|upkeep\n|turn|3\n|\n|t:|1700959911\n|cant|p1b: Clefairy|frz\n|move|p2b: Glaceon|Curse|p2b: Glaceon\n|-unboost|p2b: Glaceon|spe|1\n|-boost|p2b: Glaceon|atk|1\n|-boost|p2b: Glaceon|def|1\n|move|p2a: Vulpix|Foul Play|p1a: Snorlax\n|-damage|p1a: Snorlax|42\/100 frz\n|-enditem|p1a: Snorlax|Sitrus Berry|[eat]\n|-heal|p1a: Snorlax|67\/100 frz|[from] item: Sitrus Berry\n|cant|p1a: Snorlax|frz\n|\n|-weather|Snow|[upkeep]\n|upkeep\n|turn|4\n|\n|t:|1700959927\n|cant|p1b: Clefairy|frz\n|move|p2b: Glaceon|Baton Pass|p2b: Glaceon\n|\n|t:|1700959931\n|switch|p2b: Glastrier|Glastrier, L50|100\/100|[from] Baton Pass\n|move|p2a: Vulpix|Foul Play|p1a: Snorlax\n|-damage|p1a: Snorlax|45\/100 frz\n|cant|p1a: Snorlax|frz\n|\n|-weather|Snow|[upkeep]\n|upkeep\n|turn|5\n|\n|t:|1700959948\n|cant|p1b: Clefairy|frz\n|cant|p1a: Snorlax|frz\n|move|p2a: Vulpix|Foul Play|p1a: Snorlax\n|-damage|p1a: Snorlax|20\/100 frz\n|move|p2b: Glastrier|Heavy Slam|p1b: Clefairy\n|-supereffective|p1b: Clefairy\n|-damage|p1b: Clefairy|0 fnt\n|faint|p1b: Clefairy\n|-ability|p2b: Glastrier|Chilling Neigh|boost\n|-boost|p2b: Glastrier|atk|1\n|\n|-weather|none\n|upkeep\n|\n|t:|1700959957\n|switch|p1b: Camerupt|Camerupt, L50, M|100\/100\n|turn|6\n|\n|t:|1700959977\n|-terastallize|p1b: Camerupt|Fire\n|-terastallize|p2b: Glastrier|Fire\n|move|p2a: Vulpix|Protect|p2a: Vulpix\n|-singleturn|p2a: Vulpix|Protect\n|move|p1b: Camerupt|Eruption|p2a: Vulpix|[spread] p2b\n|-activate|p2a: Vulpix|move: Protect\n|-resisted|p2b: Glastrier\n|-damage|p2b: Glastrier|76\/100\n|-damage|p1b: Camerupt|91\/100|[from] item: Life Orb\n|cant|p1a: Snorlax|frz\n|move|p2b: Glastrier|Close Combat|p1b: Camerupt\n|-damage|p1b: Camerupt|0 fnt\n|-unboost|p2b: Glastrier|def|1\n|-unboost|p2b: Glastrier|spd|1\n|faint|p1b: Camerupt\n|-ability|p2b: Glastrier|Chilling Neigh|boost\n|-boost|p2b: Glastrier|atk|1\n|\n|upkeep\n|-message|rYN_796 forfeited.\n|\n|win|tempesthydrox\n|c|&|\/uhtml prompt-ryn796,rYN_796 is ready for game 2!\n|c|&|\/uhtml prompt-tempesthydrox,tempesthydrox is ready for game 2!\nBoth players are ready! Starting next match!\n|l|\u2606rYN_796\n","uploadtime":1700960245,"views":59,"p1id":"ryn796","p2id":"tempesthydrox","formatid":"gen9vgc2023regulatione","rating":0,"private":0,"password":""}