{"id":"gen9vgc2023regulatione-1988004077","p1":"PSmonteiro","p2":"bb_hachi8","format":"[Gen 9] VGC 2023 Regulation E","log":"|j|\u2606PSmonteiro\n|j|\u2606bb_hachi8\n|n|\u2606PSmonteiro|psmonteiro\n|n|\u2606bb_hachi8|bbhachi8\n|html|View the match progress at <a href=\"\/game-bestof3-gen9vgc2023regulatione-1987998133\">game-bestof3-gen9vgc2023regulatione-1987998133<\/a>\n|t:|1699658099\n|gametype|doubles\n|player|p1|PSmonteiro|drayden|\n|player|p2|bb_hachi8|veteranf|\n|teamsize|p1|6\n|teamsize|p2|6\n|gen|9\n|tier|[Gen 9] VGC 2023 Regulation E\n|rule|Species Clause: Limit one of each Pok\u00e9mon\n|rule|Item Clause: Limit one of each item\n|clearpoke\n|poke|p1|Indeedee-F, L50, F|\n|poke|p1|Armarouge, L50, F|\n|poke|p1|Ursaluna, L50, F|\n|poke|p1|Glastrier, L50|\n|poke|p1|Kingambit, L50, F|\n|poke|p1|Sinistcha-Masterpiece, L50|\n|poke|p2|Tornadus, L50, M|\n|poke|p2|Arcanine-Hisui, L50, M|\n|poke|p2|Iron Hands, L50|\n|poke|p2|Urshifu-*, L50, M|\n|poke|p2|Sinistcha, L50|\n|poke|p2|Chien-Pao, L50|\n|teampreview|4\nbb_hachi8 has agreed to open team sheets.\n|j| Rebornsan93\n|j| lucasarreguy\n|j| Yuri\nPSmonteiro has agreed to open team sheets.\n|showteam|p1|Indeedee-F||Leftovers|PsychicSurge|TrickRoom,Psychic,FollowMe,HealPulse|||F|||50|,,,,,Steel]Armarouge||TwistedSpoon|FlashFire|AllySwitch,ExpandingForce,ArmorCannon,WideGuard|||F|||50|,,,,,Psychic]Ursaluna||FlameOrb|Guts|Protect,Facade,HeadlongRush,ShadowClaw|||F|||50|,,,,,Ghost]Glastrier||AssaultVest|ChillingNeigh|Avalanche,TeraBlast,StompingTantrum,CloseCombat||||||50|,,,,,Water]Kingambit||LifeOrb|Defiant|Protect,KowtowCleave,IronHead,SuckerPunch|||F|||50|,,,,,Dark]Sinistcha-Masterpiece||RedCard|Hospitality|TrickRoom,Scald,MatchaGotcha,StrengthSap||||||50|,,,,,Grass\n|showteam|p2|Tornadus||SharpBeak|Prankster|BleakwindStorm,Tailwind,Taunt,Leer|||M|||50|,,,,,Ghost]Arcanine-Hisui||ChoiceBand|Intimidate|ExtremeSpeed,RockSlide,FlareBlitz,TeraBlast|||M|||50|,,,,,Fairy]Iron Hands||ClearAmulet|QuarkDrive|FakeOut,WildCharge,CloseCombat,IcePunch||||||50|,,,,,Grass]Urshifu-Rapid-Strike||ChoiceScarf|UnseenFist|SurgingStrikes,AquaJet,CloseCombat,Uturn|||M|||50|,,,,,Water]Sinistcha||SitrusBerry|Heatproof|NastyPlot,RagePowder,ShadowBall,MatchaGotcha||||||50|,,,,,Steel]Chien-Pao||FocusSash|SwordofRuin|IceSpinner,SuckerPunch,LashOut,Protect||||||50|,,,,,Ghost\n|c| lucasarreguy|podem come\u00e7ar\n|j| ShimeNaruka\n|j| Marcostap\n|\n|t:|1699658202\n|start\n|switch|p1a: Indeedee|Indeedee-F, L50, F|100\/100\n|switch|p1b: Armarouge|Armarouge, L50, F|100\/100\n|switch|p2a: Balu|Urshifu-Rapid-Strike, L50, M|100\/100\n|switch|p2b: Sherekan|Chien-Pao, L50|100\/100\n|-ability|p2b: Sherekan|Sword of Ruin\n|-fieldstart|move: Psychic Terrain|[from] ability: Psychic Surge|[of] p1a: Indeedee\n|turn|1\n|\n|t:|1699658260\n|-terastallize|p2a: Balu|Water\n|move|p1b: Armarouge|Ally Switch|p1b: Armarouge\n|swap|p1b: Armarouge|0|[from] move: Ally Switch\n|move|p2a: Balu|Surging Strikes|p1a: Armarouge\n|-supereffective|p1a: Armarouge\n|-crit|p1a: Armarouge\n|-damage|p1a: Armarouge|23\/100\n|-supereffective|p1a: Armarouge\n|-crit|p1a: Armarouge\n|-damage|p1a: Armarouge|0 fnt\n|faint|p1a: Armarouge\n|-hitcount|p1: Armarouge|2\n|move|p2b: Sherekan|Ice Spinner|p1b: Indeedee\n|-damage|p1b: Indeedee|17\/100\n|-fieldend|move: Psychic Terrain\n|move|p1b: Indeedee|Trick Room|p1b: Indeedee\n|-fieldstart|move: Trick Room|[of] p1b: Indeedee\n|\n|-heal|p1b: Indeedee|24\/100|[from] item: Leftovers\n|upkeep\n|\n|t:|1699658287\n|switch|p1a: Glastrier|Glastrier, L50|100\/100\n|turn|2\n|\n|t:|1699658338\n|switch|p2a: Baguera|Arcanine-Hisui, L50, M, shiny|100\/100\n|-ability|p2a: Baguera|Intimidate|boost\n|-unboost|p1a: Glastrier|atk|1\n|-unboost|p1b: Indeedee|atk|1\n|-terastallize|p1a: Glastrier|Water\n|move|p2b: Sherekan|Protect|p2b: Sherekan\n|-singleturn|p2b: Sherekan|Protect\n|move|p1b: Indeedee|Follow Me|p1b: Indeedee\n|-singleturn|p1b: Indeedee|move: Follow Me\n|move|p1a: Glastrier|Tera Blast|p2b: Sherekan|[anim] Tera Blast Water\n|-activate|p2b: Sherekan|move: Protect\n|\n|-heal|p1b: Indeedee|30\/100|[from] item: Leftovers\n|upkeep\n|turn|3\n|\n|t:|1699658385\n|switch|p2a: Dollynho|Sinistcha, L50|100\/100\n|move|p1a: Glastrier|Close Combat|p2a: Dollynho\n|-immune|p2a: Dollynho\n|move|p1b: Indeedee|Psychic|p2a: Dollynho\n|-damage|p2a: Dollynho|74\/100\n|move|p2b: Sherekan|Lash Out|p1b: Indeedee\n|-supereffective|p1b: Indeedee\n|-damage|p1b: Indeedee|0 fnt\n|faint|p1b: Indeedee\n|\n|upkeep\n|\n|t:|1699658396\n|switch|p1b: Ursaluna|Ursaluna, L50, F|100\/100\n|turn|4\n|\n|t:|1699658437\n|switch|p2a: Baguera|Arcanine-Hisui, L50, M, shiny|100\/100\n|-ability|p2a: Baguera|Intimidate|boost\n|-unboost|p1a: Glastrier|atk|1\n|-unboost|p1b: Ursaluna|atk|1\n|move|p1b: Ursaluna|Protect|p1b: Ursaluna\n|-singleturn|p1b: Ursaluna|Protect\n|move|p2b: Sherekan|Protect|p2b: Sherekan\n|-singleturn|p2b: Sherekan|Protect\n|move|p1a: Glastrier|Avalanche|p2a: Baguera\n|-resisted|p2a: Baguera\n|-damage|p2a: Baguera|87\/100\n|\n|-status|p1b: Ursaluna|brn|[from] item: Flame Orb\n|upkeep\n|turn|5\n|\n|t:|1699658476\n|switch|p2a: Balu|Urshifu-Rapid-Strike, L50, M, tera:Water|100\/100\n|move|p1a: Glastrier|Tera Blast|p2b: Sherekan|[anim] Tera Blast Water\n|-damage|p2b: Sherekan|64\/100\n|move|p1b: Ursaluna|Headlong Rush|p2a: Balu\n|-damage|p2a: Balu|4\/100\n|-unboost|p1b: Ursaluna|def|1\n|-unboost|p1b: Ursaluna|spd|1\n|move|p2b: Sherekan|Ice Spinner|p1b: Ursaluna\n|-supereffective|p1b: Ursaluna\n|-damage|p1b: Ursaluna|0 fnt\n|faint|p1b: Ursaluna\n|\n|-fieldend|move: Trick Room\n|upkeep\n|turn|6\n|\n|t:|1699658532\n|move|p2a: Balu|Close Combat|p1a: Glastrier\n|-damage|p1a: Glastrier|35\/100\n|-unboost|p2a: Balu|def|1\n|-unboost|p2a: Balu|spd|1\n|move|p2b: Sherekan|Lash Out|p1a: Glastrier\n|-damage|p1a: Glastrier|0 fnt\n|faint|p1a: Glastrier\n|\n|win|bb_hachi8\n|c|\u2606bb_hachi8|qq\n","uploadtime":1699658542,"views":24,"p1id":"psmonteiro","p2id":"bbhachi8","formatid":"gen9vgc2023regulatione","rating":0,"private":0,"password":""}