{"id":"gen9vgc2023regulatione-1998110475","p1":"That_Leek","p2":"sawawa256","format":"[Gen 9] VGC 2023 Regulation E","log":"|j|\u2606That_Leek\n|j|\u2606sawawa256\n|t:|1700893110\n|gametype|doubles\n|player|p1|That_Leek|blue|1540\n|player|p2|sawawa256|hilbert|1515\n|teamsize|p1|6\n|teamsize|p2|6\n|gen|9\n|tier|[Gen 9] VGC 2023 Regulation E\n|rated|\n|rule|Species Clause: Limit one of each Pok\u00e9mon\n|rule|Item Clause: Limit one of each item\n|clearpoke\n|poke|p1|Gholdengo, L50|\n|poke|p1|Ogerpon-Wellspring, L50, F|\n|poke|p1|Arcanine-Hisui, L50, M|\n|poke|p1|Chien-Pao, L50|\n|poke|p1|Scream Tail, L50|\n|poke|p1|Dragonite, L50, F|\n|poke|p2|Flutter Mane, L50|\n|poke|p2|Chi-Yu, L50|\n|poke|p2|Tornadus, L50, M|\n|poke|p2|Heatran, L50, M|\n|poke|p2|Dragonite, L50, F|\n|poke|p2|Chien-Pao, L50|\n|teampreview|4\nThat_Leek has agreed to open team sheets.\n|j| Debauchery\n|\n|t:|1700893148\n|start\n|switch|p1a: Scream Tail|Scream Tail, L50|100\/100\n|switch|p1b: Ogerpon|Ogerpon-Wellspring, L50, F|100\/100\n|switch|p2a: Tornadus|Tornadus, L50, M|100\/100\n|switch|p2b: Heatran|Heatran, L50, M|100\/100\n|-enditem|p1a: Scream Tail|Booster Energy\n|-activate|p1a: Scream Tail|ability: Protosynthesis|[fromitem]\n|-start|p1a: Scream Tail|protosynthesisspe\n|turn|1\n|j| Captain Hegemon\n|\n|t:|1700893169\n|-terastallize|p1b: Ogerpon|Water\n|detailschange|p1b: Ogerpon|Ogerpon-Wellspring-Tera, L50, F, tera:Water\n|-ability|p1b: Ogerpon|Embody Aspect (Wellspring)|boost\n|-boost|p1b: Ogerpon|spd|1\n|move|p2a: Tornadus|Sunny Day|p2a: Tornadus\n|-weather|SunnyDay\n|move|p1a: Scream Tail|Thunder Wave|p2b: Heatran\n|-status|p2b: Heatran|par\n|move|p1b: Ogerpon|Ivy Cudgel|p2a: Tornadus|[anim] Ivy Cudgel Water\n|-damage|p2a: Tornadus|62\/100\n|move|p2b: Heatran|Heat Wave|p1b: Ogerpon|[spread] p1a,p1b\n|-resisted|p1b: Ogerpon\n|-damage|p1a: Scream Tail|56\/100\n|-damage|p1b: Ogerpon|82\/100\n|\n|-weather|SunnyDay|[upkeep]\n|upkeep\n|turn|2\n|\n|t:|1700893200\n|switch|p1b: Arcanine|Arcanine-Hisui, L50, M|100\/100\n|-ability|p1b: Arcanine|Intimidate|boost\n|-unboost|p2a: Tornadus|atk|1\n|-unboost|p2b: Heatran|atk|1\n|move|p1a: Scream Tail|Thunder Wave|p2a: Tornadus|[miss]\n|-miss|p1a: Scream Tail|p2a: Tornadus\n|move|p2a: Tornadus|Bleakwind Storm|p1a: Scream Tail|[spread] \n|-miss|p2a: Tornadus|p1a: Scream Tail\n|-miss|p2a: Tornadus|p1b: Arcanine\n|cant|p2b: Heatran|par\n|\n|-weather|SunnyDay|[upkeep]\n|upkeep\n|turn|3\n|\n|t:|1700893216\n|move|p2a: Tornadus|Protect|p2a: Tornadus\n|-singleturn|p2a: Tornadus|Protect\n|move|p1a: Scream Tail|Thunder Wave|p2a: Tornadus\n|-activate|p2a: Tornadus|move: Protect\n|move|p1b: Arcanine|Rock Slide|p2a: Tornadus|[spread] p2b\n|-activate|p2a: Tornadus|move: Protect\n|-damage|p2b: Heatran|63\/100 par\n|cant|p2b: Heatran|flinch\n|\n|-weather|SunnyDay|[upkeep]\n|upkeep\n|turn|4\n|\n|t:|1700893231\n|move|p2a: Tornadus|Tailwind|p2a: Tornadus\n|-sidestart|p2: sawawa256|move: Tailwind\n|move|p1a: Scream Tail|Thunder Wave|p2a: Tornadus\n|-status|p2a: Tornadus|par\n|move|p1b: Arcanine|Rock Slide|p2b: Heatran|[spread] p2a,p2b\n|-supereffective|p2a: Tornadus\n|-damage|p2a: Tornadus|0 fnt\n|-damage|p2b: Heatran|20\/100 par\n|faint|p2a: Tornadus\n|cant|p2b: Heatran|flinch\n|\n|-weather|SunnyDay|[upkeep]\n|upkeep\n|\n|t:|1700893242\n|switch|p2a: Dragonite|Dragonite, L50, F|100\/100\n|turn|5\n|-message|sawawa256 forfeited.\n|\n|win|That_Leek\n|raw|That_Leek's rating: 1540 &rarr; <strong>1559<\/strong><br \/>(+19 for winning)\n|raw|sawawa256's rating: 1515 &rarr; <strong>1496<\/strong><br \/>(-19 for losing)\n|l|\u2606sawawa256\n|l| Captain Hegemon\n|l| Debauchery\n","uploadtime":1700893265,"views":6,"p1id":"thatleek","p2id":"sawawa256","formatid":"gen9vgc2023regulatione","rating":1496,"private":0,"password":""}