{"id":"gen9vgc2023regulatione-1991877049","p1":"Cbutty","p2":"ngocanhngu","format":"[Gen 9] VGC 2023 Regulation E","log":"|j|\u2606Cbutty\n|j|\u2606ngocanhngu\n|t:|1700132346\n|gametype|doubles\n|player|p1|Cbutty|acetrainer|1148\n|player|p2|ngocanhngu|170|1148\n|teamsize|p1|6\n|teamsize|p2|6\n|gen|9\n|tier|[Gen 9] VGC 2023 Regulation E\n|rated|\n|rule|Species Clause: Limit one of each Pok\u00e9mon\n|rule|Item Clause: Limit one of each item\n|clearpoke\n|poke|p1|Iron Valiant, L50|\n|poke|p1|Gholdengo, L50|\n|poke|p1|Ogerpon-Wellspring, L50, F|\n|poke|p1|Rillaboom, L50, M|\n|poke|p1|Heatran, L50, M|\n|poke|p1|Ninetales-Alola, L50, F|\n|poke|p2|Ursaluna-Bloodmoon, L50, M|\n|poke|p2|Sinistcha-Masterpiece, L50|\n|poke|p2|Heatran, L50, F|\n|poke|p2|Palafin, L50, F|\n|poke|p2|Rillaboom, L50, F|\n|poke|p2|Iron Hands, L50|\n|teampreview|4\n|inactive|Battle timer is ON: inactive players will automatically lose when time's up. (requested by Cbutty)\nCbutty has agreed to open team sheets.\n|inactive|Cbutty has 60 seconds left.\n|\n|t:|1700132387\n|start\n|switch|p1a: Iron Valiant|Iron Valiant, L50|100\/100\n|switch|p1b: Rillaboom|Rillaboom, L50, M|100\/100\n|switch|p2a: Sinistcha|Sinistcha-Masterpiece, L50|100\/100\n|switch|p2b: Rillaboom|Rillaboom, L50, F|100\/100\n|-fieldstart|move: Grassy Terrain|[from] ability: Grassy Surge|[of] p1b: Rillaboom\n|-enditem|p1a: Iron Valiant|Booster Energy\n|-activate|p1a: Iron Valiant|ability: Quark Drive|[fromitem]\n|-start|p1a: Iron Valiant|quarkdrivespe\n|turn|1\n|\n|t:|1700132405\n|switch|p1b: Ogerpon|Ogerpon-Wellspring, L50, F|100\/100\n|-terastallize|p1a: Iron Valiant|Ghost\n|move|p2b: Rillaboom|Fake Out|p1b: Ogerpon\n|-damage|p1b: Ogerpon|84\/100\n|move|p1a: Iron Valiant|Encore|p2b: Rillaboom\n|-start|p2b: Rillaboom|Encore\n|move|p2a: Sinistcha|Trick Room|p2a: Sinistcha\n|-fieldstart|move: Trick Room|[of] p2a: Sinistcha\n|\n|-heal|p1b: Ogerpon|90\/100|[from] Grassy Terrain\n|upkeep\n|turn|2\n|\n|t:|1700132424\n|switch|p2b: Iron Hands|Iron Hands, L50|100\/100\n|move|p2a: Sinistcha|Matcha Gotcha|p1b: Ogerpon|[spread] p1a,p1b\n|-damage|p1a: Iron Valiant|32\/100\n|-damage|p1b: Ogerpon|54\/100\n|move|p1b: Ogerpon|Ivy Cudgel|p2b: Iron Hands|[anim] Ivy Cudgel Water\n|-damage|p2b: Iron Hands|61\/100\n|move|p1a: Iron Valiant|Close Combat|p2b: Iron Hands\n|-damage|p2b: Iron Hands|22\/100\n|-unboost|p1a: Iron Valiant|def|1\n|-unboost|p1a: Iron Valiant|spd|1\n|-enditem|p2b: Iron Hands|Sitrus Berry|[eat]\n|-heal|p2b: Iron Hands|47\/100|[from] item: Sitrus Berry\n|\n|-heal|p2b: Iron Hands|53\/100|[from] Grassy Terrain\n|-heal|p1b: Ogerpon|60\/100|[from] Grassy Terrain\n|-heal|p1a: Iron Valiant|38\/100|[from] Grassy Terrain\n|upkeep\n|turn|3\n|inactive|ngocanhngu has 30 seconds left.\n|\n|t:|1700132452\n|-end|p1a: Iron Valiant|Quark Drive|[silent]\n|switch|p1a: Heatran|Heatran, L50, M|100\/100\n|move|p2b: Iron Hands|Thunder Punch|p1b: Ogerpon\n|-damage|p1b: Ogerpon|15\/100\n|-status|p1b: Ogerpon|par\n|cant|p1b: Ogerpon|par\n|move|p2a: Sinistcha|Matcha Gotcha|p1a: Heatran|[spread] p1a,p1b\n|-resisted|p1a: Heatran\n|-damage|p1a: Heatran|91\/100\n|-damage|p1b: Ogerpon|0 fnt\n|faint|p1b: Ogerpon\n|\n|-heal|p2b: Iron Hands|59\/100|[from] Grassy Terrain\n|-heal|p1a: Heatran|97\/100|[from] Grassy Terrain\n|upkeep\n|\n|t:|1700132457\n|switch|p1b: Rillaboom|Rillaboom, L50, M|100\/100\n|turn|4\n|inactive|ngocanhngu has 30 seconds left.\n|\n|t:|1700132484\n|switch|p2a: Heatran|Heatran, L50, F|100\/100\n|-terastallize|p2b: Iron Hands|Water\n|move|p1b: Rillaboom|Fake Out|p2b: Iron Hands\n|-damage|p2b: Iron Hands|50\/100\n|cant|p2b: Iron Hands|flinch\n|move|p1a: Heatran|Heat Wave|p2b: Iron Hands|[spread] p2b\n|-start|p2a: Heatran|ability: Flash Fire\n|-resisted|p2b: Iron Hands\n|-damage|p2b: Iron Hands|25\/100\n|-damage|p1a: Heatran|88\/100|[from] item: Life Orb\n|\n|-heal|p2b: Iron Hands|32\/100|[from] Grassy Terrain\n|-heal|p1a: Heatran|94\/100|[from] Grassy Terrain\n|upkeep\n|turn|5\n|inactive|ngocanhngu has 30 seconds left.\n|\n|t:|1700132513\n|move|p1a: Heatran|Protect|p1a: Heatran\n|-singleturn|p1a: Heatran|Protect\n|move|p1b: Rillaboom|Grassy Glide|p2b: Iron Hands\n|-supereffective|p2b: Iron Hands\n|-damage|p2b: Iron Hands|0 fnt\n|faint|p2b: Iron Hands\n|-end|p2b: Iron Hands|Quark Drive|[silent]\n|move|p2a: Heatran|Heat Wave|p1a: Heatran|[spread] p1b\n|-activate|p1a: Heatran|move: Protect\n|-supereffective|p1b: Rillaboom\n|-damage|p1b: Rillaboom|16\/100\n|\n|-heal|p1a: Heatran|99\/100|[from] Grassy Terrain\n|-heal|p1b: Rillaboom|22\/100|[from] Grassy Terrain\n|-fieldend|move: Trick Room\n|-fieldend|move: Grassy Terrain\n|upkeep\n|\n|t:|1700132530\n|switch|p2b: Rillaboom|Rillaboom, L50, F|100\/100\n|-fieldstart|move: Grassy Terrain|[from] ability: Grassy Surge|[of] p2b: Rillaboom\n|turn|6\n|\n|t:|1700132539\n|switch|p1b: Iron Valiant|Iron Valiant, L50, tera:Ghost|38\/100\n|move|p2b: Rillaboom|Fake Out|p1a: Heatran\n|-resisted|p1a: Heatran\n|-damage|p1a: Heatran|94\/100\n|cant|p1a: Heatran|flinch\n|move|p2a: Heatran|Heat Wave|p1b: Iron Valiant|[spread] p1b\n|-start|p1a: Heatran|ability: Flash Fire\n|-damage|p1b: Iron Valiant|0 fnt\n|faint|p1b: Iron Valiant\n|-end|p1b: Iron Valiant|Quark Drive|[silent]\n|\n|-heal|p1a: Heatran|99\/100|[from] Grassy Terrain\n|upkeep\n|\n|t:|1700132541\n|switch|p1b: Rillaboom|Rillaboom, L50, M|22\/100\n|turn|7\n|inactive|ngocanhngu has 30 seconds left.\n|\n|t:|1700132569\n|move|p1b: Rillaboom|Fake Out|p2a: Heatran\n|-resisted|p2a: Heatran\n|-damage|p2a: Heatran|94\/100\n|move|p2b: Rillaboom|U-turn|p1a: Heatran\n|-resisted|p1a: Heatran\n|-damage|p1a: Heatran|94\/100\n|\n|t:|1700132575\n|switch|p2b: Sinistcha|Sinistcha-Masterpiece, L50|100\/100|[from] U-turn\n|-heal|p2a: Heatran|100\/100|[from] ability: Hospitality|[of] p2b: Sinistcha\n|move|p1a: Heatran|Heat Wave|p2a: Heatran|[spread] p2b\n|-immune|p2a: Heatran|[from] ability: Flash Fire\n|-supereffective|p2b: Sinistcha\n|-damage|p2b: Sinistcha|0 fnt\n|faint|p2b: Sinistcha\n|-damage|p1a: Heatran|85\/100|[from] item: Life Orb\n|cant|p2a: Heatran|flinch\n|\n|-heal|p1b: Rillaboom|28\/100|[from] Grassy Terrain\n|-heal|p1a: Heatran|90\/100|[from] Grassy Terrain\n|upkeep\n|\n|t:|1700132593\n|switch|p2b: Rillaboom|Rillaboom, L50, F|100\/100\n|turn|8\n|\n|t:|1700132606\n|move|p1a: Heatran|Protect|p1a: Heatran\n|-singleturn|p1a: Heatran|Protect\n|move|p2b: Rillaboom|Fake Out|p1a: Heatran\n|-activate|p1a: Heatran|move: Protect\n|move|p1b: Rillaboom|U-turn|p2b: Rillaboom\n|-supereffective|p2b: Rillaboom\n|-damage|p2b: Rillaboom|53\/100\n|move|p2a: Heatran|Heat Wave|p1b: Rillaboom|[spread] p1b\n|-activate|p1a: Heatran|move: Protect\n|-supereffective|p1b: Rillaboom\n|-damage|p1b: Rillaboom|0 fnt\n|faint|p1b: Rillaboom\n|\n|-heal|p2b: Rillaboom|59\/100|[from] Grassy Terrain\n|-heal|p1a: Heatran|96\/100|[from] Grassy Terrain\n|upkeep\n|turn|9\n|\n|t:|1700132627\n|move|p2b: Rillaboom|High Horsepower|p1a: Heatran\n|-supereffective|p1a: Heatran\n|-damage|p1a: Heatran|0 fnt\n|faint|p1a: Heatran\n|\n|win|ngocanhngu\n|raw|Cbutty's rating: 1148 &rarr; <strong>1123<\/strong><br \/>(-25 for losing)\n|raw|ngocanhngu's rating: 1148 &rarr; <strong>1173<\/strong><br \/>(+25 for winning)\n|l|\u2606ngocanhngu\n|l|\u2606Cbutty\n|j|\u2606Cbutty\n|player|p1|Cbutty|acetrainer\n","uploadtime":1700132680,"views":30,"p1id":"cbutty","p2id":"ngocanhngu","formatid":"gen9vgc2023regulatione","rating":1123,"private":0,"password":""}