{"id":"gen9vgc2023regulatione-1999091786","p1":"patiivgc","p2":"1crash94","format":"[Gen 9] VGC 2023 Regulation E","log":"|j|\u2606patiivgc\n|j|\u26061crash94\n|t:|1701032249\n|gametype|doubles\n|player|p1|patiivgc|102|1353\n|player|p2|1crash94|red|1392\n|teamsize|p1|6\n|teamsize|p2|6\n|gen|9\n|tier|[Gen 9] VGC 2023 Regulation E\n|rated|\n|rule|Species Clause: Limit one of each Pok\u00e9mon\n|rule|Item Clause: Limit one of each item\n|clearpoke\n|poke|p1|Dusclops, L50, M|\n|poke|p1|Landorus-Therian, L50, M|\n|poke|p1|Heatran, L50, M|\n|poke|p1|Grimmsnarl, L50, M|\n|poke|p1|Ursaluna-Bloodmoon, L50, M|\n|poke|p1|Amoonguss, L50, M|\n|poke|p2|Baxcalibur, L50, M|\n|poke|p2|Ogerpon-Wellspring, L50, F|\n|poke|p2|Arcanine-Hisui, L50, M|\n|poke|p2|Ninetales-Alola, L50, F|\n|poke|p2|Rillaboom, L50, M|\n|poke|p2|Farigiraf, L50, M|\n|teampreview|4\n|\n|t:|1701032321\n|start\n|switch|p1a: Dusclops|Dusclops, L50, M|100\/100\n|switch|p1b: Grimmsnarl|Grimmsnarl, L50, M, shiny|100\/100\n|switch|p2a: Krystal|Ninetales-Alola, L50, F|100\/100\n|switch|p2b: Farigiraf|Farigiraf, L50, M|100\/100\n|-weather|Snow|[from] ability: Snow Warning|[of] p2a: Krystal\n|-ability|p1a: Dusclops|Pressure\n|turn|1\n|\n|t:|1701032338\n|move|p1b: Grimmsnarl|Light Screen|p1b: Grimmsnarl\n|-sidestart|p1: patiivgc|move: Light Screen\n|move|p2a: Krystal|Moonblast|p1b: Grimmsnarl\n|-supereffective|p1b: Grimmsnarl\n|-damage|p1b: Grimmsnarl|72\/100\n|move|p2b: Farigiraf|Imprison|p2b: Farigiraf\n|-start|p2b: Farigiraf|move: Imprison\n|move|p1a: Dusclops|Bind|p2a: Krystal\n|-damage|p2a: Krystal|98\/100\n|-activate|p2a: Krystal|move: Bind|[of] p1a: Dusclops\n|\n|-weather|Snow|[upkeep]\n|-damage|p2a: Krystal|86\/100|[from] move: Bind|[partiallytrapped]\n|upkeep\n|turn|2\n|\n|t:|1701032373\n|move|p1b: Grimmsnarl|Parting Shot||[still]\n|cant|p2b: Farigiraf|ability: Armor Tail|Parting Shot|[of] p1b: Grimmsnarl\n|move|p2a: Krystal|Encore|p1b: Grimmsnarl\n|-start|p1b: Grimmsnarl|Encore\n|move|p2b: Farigiraf|Dazzling Gleam|p1a: Dusclops|[spread] p1a,p1b\n|-supereffective|p1b: Grimmsnarl\n|-damage|p1a: Dusclops|95\/100\n|-damage|p1b: Grimmsnarl|54\/100\n|move|p1a: Dusclops|Bind|p2b: Farigiraf\n|-damage|p2b: Farigiraf|98\/100\n|-activate|p2b: Farigiraf|move: Bind|[of] p1a: Dusclops\n|-damage|p1a: Dusclops|79\/100|[from] item: Rocky Helmet|[of] p2b: Farigiraf\n|\n|-weather|Snow|[upkeep]\n|-damage|p2a: Krystal|74\/100|[from] move: Bind|[partiallytrapped]\n|-damage|p2b: Farigiraf|86\/100|[from] move: Bind|[partiallytrapped]\n|upkeep\n|turn|3\n|\n|t:|1701032409\n|switch|p1b: Heatran|Heatran, L50, M, shiny|100\/100\n|move|p2a: Krystal|Aurora Veil|p2a: Krystal\n|-sidestart|p2: 1crash94|move: Aurora Veil\n|move|p2b: Farigiraf|Dazzling Gleam|p1a: Dusclops|[spread] p1a,p1b\n|-resisted|p1b: Heatran\n|-damage|p1a: Dusclops|73\/100\n|-damage|p1b: Heatran|98\/100\n|move|p1a: Dusclops|Night Shade|p2a: Krystal\n|-damage|p2a: Krystal|46\/100\n|\n|-weather|Snow|[upkeep]\n|-heal|p1b: Heatran|100\/100|[from] item: Leftovers\n|-damage|p2a: Krystal|34\/100|[from] move: Bind|[partiallytrapped]\n|-damage|p2b: Farigiraf|74\/100|[from] move: Bind|[partiallytrapped]\n|upkeep\n|turn|4\n|\n|t:|1701032436\n|move|p1b: Heatran|Protect|p1b: Heatran\n|-singleturn|p1b: Heatran|Protect\n|move|p2a: Krystal|Icy Wind|p1a: Dusclops|[spread] p1a\n|-activate|p1b: Heatran|move: Protect\n|-damage|p1a: Dusclops|68\/100\n|-unboost|p1a: Dusclops|spe|1\n|move|p2b: Farigiraf|Psychic|p1a: Dusclops\n|-damage|p1a: Dusclops|56\/100\n|move|p1a: Dusclops|Pain Split|p2b: Farigiraf\n|-sethp|p2b: Farigiraf|56\/100|[from] move: Pain Split|[silent]\n|-sethp|p1a: Dusclops|83\/100|[from] move: Pain Split\n|\n|-weather|Snow|[upkeep]\n|-damage|p2a: Krystal|22\/100|[from] move: Bind|[partiallytrapped]\n|-damage|p2b: Farigiraf|43\/100|[from] move: Bind|[partiallytrapped]\n|upkeep\n|turn|5\n|\n|t:|1701032472\n|move|p2a: Krystal|Encore|p1b: Heatran\n|-start|p1b: Heatran|Encore\n|move|p1b: Heatran|Protect||[still]\n|-fail|p1b: Heatran\n|move|p2b: Farigiraf|Psychic|p1a: Dusclops\n|-damage|p1a: Dusclops|69\/100\n|move|p1a: Dusclops|Night Shade|p2a: Krystal\n|-damage|p2a: Krystal|0 fnt\n|faint|p2a: Krystal\n|\n|-weather|none\n|-damage|p2b: Farigiraf|31\/100|[from] move: Bind|[partiallytrapped]\n|upkeep\n|\n|t:|1701032484\n|switch|p2a: Roll|Ogerpon-Wellspring, L50, F|100\/100\n|turn|6\n|\n|t:|1701032517\n|switch|p1b: Grimmsnarl|Grimmsnarl, L50, M, shiny|54\/100\n|move|p2a: Roll|Ivy Cudgel|p1b: Grimmsnarl|[anim] Ivy Cudgel Water\n|-damage|p1b: Grimmsnarl|0 fnt\n|faint|p1b: Grimmsnarl\n|move|p2b: Farigiraf|Dazzling Gleam|p1a: Dusclops\n|-damage|p1a: Dusclops|61\/100\n|move|p1a: Dusclops|Pain Split|p2a: Roll\n|-sethp|p2a: Roll|74\/100|[from] move: Pain Split|[silent]\n|-sethp|p1a: Dusclops|94\/100|[from] move: Pain Split\n|\n|-end|p2b: Farigiraf|Bind|[partiallytrapped]\n|upkeep\n|\n|t:|1701032534\n|switch|p1b: Ursaluna|Ursaluna-Bloodmoon, L50, M|100\/100\n|turn|7\n|\n|t:|1701032571\n|-terastallize|p2a: Roll|Water\n|detailschange|p2a: Roll|Ogerpon-Wellspring-Tera, L50, F, tera:Water\n|-ability|p2a: Roll|Embody Aspect (Wellspring)|boost\n|-boost|p2a: Roll|spd|1\n|move|p1b: Ursaluna|Protect|p1b: Ursaluna\n|-singleturn|p1b: Ursaluna|Protect\n|move|p2a: Roll|Ivy Cudgel|p1b: Ursaluna|[anim] Ivy Cudgel Water\n|-activate|p1b: Ursaluna|move: Protect\n|move|p2b: Farigiraf|Psychic|p1a: Dusclops\n|-damage|p1a: Dusclops|81\/100\n|move|p1a: Dusclops|Pain Split|p2a: Roll\n|-sethp|p2a: Roll|69\/100|[from] move: Pain Split|[silent]\n|-sethp|p1a: Dusclops|88\/100|[from] move: Pain Split\n|\n|-sideend|p2: 1crash94|move: Aurora Veil\n|upkeep\n|turn|8\n|\n|t:|1701032600\n|-terastallize|p1b: Ursaluna|Normal\n|move|p2a: Roll|Ivy Cudgel|p1b: Ursaluna|[anim] Ivy Cudgel Water\n|-damage|p1b: Ursaluna|46\/100\n|move|p2b: Farigiraf|Psychic|p1b: Ursaluna\n|-damage|p1b: Ursaluna|15\/100\n|move|p1b: Ursaluna|Hyper Voice|p2b: Farigiraf|[spread] p2a,p2b\n|-damage|p2a: Roll|23\/100\n|-damage|p2b: Farigiraf|0 fnt\n|faint|p2b: Farigiraf\n|-damage|p1b: Ursaluna|5\/100|[from] item: Life Orb\n|move|p1a: Dusclops|Night Shade|p2a: Roll\n|-damage|p2a: Roll|0 fnt\n|faint|p2a: Roll\n|\n|-sideend|p1: patiivgc|move: Light Screen\n|upkeep\n|-message|1crash94 forfeited.\n|\n|win|patiivgc\n|raw|patiivgc's rating: 1353 &rarr; <strong>1375<\/strong><br \/>(+22 for winning)\n|raw|1crash94's rating: 1392 &rarr; <strong>1370<\/strong><br \/>(-22 for losing)\n|l|\u26061crash94\n","uploadtime":1701032624,"views":2,"p1id":"patiivgc","p2id":"1crash94","formatid":"gen9vgc2023regulatione","rating":1370,"private":0,"password":""}