{"id":"gen9vgc2023regulatione-1990767684","p1":"wolfenite","p2":"Forrest02","format":"[Gen 9] VGC 2023 Regulation E","log":"|j|\u2606wolfenite\n|j|\u2606Forrest02\n|n|\u2606wolfenite|wolfenite\n|n|\u2606Forrest02|forrest02\n|html|View the match progress at <a href=\"\/game-bestof3-gen9vgc2023regulatione-1990767683\">game-bestof3-gen9vgc2023regulatione-1990767683<\/a>\n|t:|1699998931\n|gametype|doubles\n|player|p1|wolfenite|pokemonranger-gen4|\n|player|p2|Forrest02|wallace|\n|teamsize|p1|6\n|teamsize|p2|6\n|gen|9\n|tier|[Gen 9] VGC 2023 Regulation E\n|rule|Species Clause: Limit one of each Pok\u00e9mon\n|rule|Item Clause: Limit one of each item\n|clearpoke\n|poke|p1|Ogerpon, L50, F|\n|poke|p1|Garchomp, L50, F|\n|poke|p1|Rotom-Wash, L50|\n|poke|p1|Chien-Pao, L50|\n|poke|p1|Orthworm, L50, F|\n|poke|p1|Chandelure, L50, F|\n|poke|p2|Hariyama, L50, M|\n|poke|p2|Rillaboom, L50, M|\n|poke|p2|Milotic, L50, M|\n|poke|p2|Florges-Blue, L50, F|\n|poke|p2|Krookodile, L50, F|\n|poke|p2|Sneasler, L50, F|\n|teampreview|4\n|inactive|Battle timer is ON: inactive players will automatically lose when time's up. (requested by wolfenite)\n|inactiveoff|Battle timer is now OFF.\n|c|\u2606Forrest02|https:\/\/pokepast.es\/08f942a508d8f9c3 OTS\n|c|\u2606wolfenite|sorry had auto timer on\n|c|\u2606wolfenite|https:\/\/pokepast.es\/f36d17f125e4f5f4 ots\n|c|\u2606Forrest02|you good\n|c|\u2606wolfenite|im ready\n|j| JeromeMuskrat\n|\n|t:|1699998999\n|start\n|switch|p1a: Ogerpon|Ogerpon, L50, F|100\/100\n|switch|p1b: Chien-Pao|Chien-Pao, L50|100\/100\n|switch|p2a: Hariyama|Hariyama, L50, M|100\/100\n|switch|p2b: Rillaboom|Rillaboom, L50, M|100\/100\n|-ability|p1b: Chien-Pao|Sword of Ruin\n|-fieldstart|move: Grassy Terrain|[from] ability: Grassy Surge|[of] p2b: Rillaboom\n|turn|1\n|j| SleepySheepy22\n|\n|t:|1699999037\n|move|p1b: Chien-Pao|Protect|p1b: Chien-Pao\n|-singleturn|p1b: Chien-Pao|Protect\n|move|p2a: Hariyama|Fake Out|p1a: Ogerpon\n|-damage|p1a: Ogerpon|75\/100\n|cant|p1a: Ogerpon|flinch\n|move|p2b: Rillaboom|U-turn|p1b: Chien-Pao\n|-activate|p1b: Chien-Pao|move: Protect\n|\n|-heal|p1a: Ogerpon|81\/100|[from] Grassy Terrain\n|upkeep\n|turn|2\n|\n|t:|1699999055\n|move|p2b: Rillaboom|Protect|p2b: Rillaboom\n|-singleturn|p2b: Rillaboom|Protect\n|move|p1b: Chien-Pao|Sucker Punch|p2a: Hariyama\n|-resisted|p2a: Hariyama\n|-damage|p2a: Hariyama|78\/100\n|move|p1a: Ogerpon|U-turn|p2b: Rillaboom\n|-activate|p2b: Rillaboom|move: Protect\n|move|p2a: Hariyama|Knock Off|p1b: Chien-Pao\n|-resisted|p1b: Chien-Pao\n|-damage|p1b: Chien-Pao|79\/100\n|-enditem|p1b: Chien-Pao|Focus Sash|[from] move: Knock Off|[of] p2a: Hariyama\n|\n|-heal|p1b: Chien-Pao|85\/100|[from] Grassy Terrain\n|-heal|p1a: Ogerpon|87\/100|[from] Grassy Terrain\n|-heal|p2a: Hariyama|84\/100|[from] Grassy Terrain\n|upkeep\n|turn|3\n|\n|t:|1699999074\n|move|p2a: Hariyama|Bullet Punch|p1b: Chien-Pao\n|-supereffective|p1b: Chien-Pao\n|-damage|p1b: Chien-Pao|46\/100\n|move|p1b: Chien-Pao|Icicle Crash|p2b: Rillaboom|[miss]\n|-miss|p1b: Chien-Pao|p2b: Rillaboom\n|move|p1a: Ogerpon|U-turn|p2a: Hariyama\n|-resisted|p2a: Hariyama\n|-damage|p2a: Hariyama|63\/100\n|\n|t:|1699999083\n|switch|p1a: Orthworm|Orthworm, L50, F|100\/100|[from] U-turn\n|move|p2b: Rillaboom|U-turn|p1a: Orthworm\n|-resisted|p1a: Orthworm\n|-crit|p1a: Orthworm\n|-damage|p1a: Orthworm|82\/100\n|\n|t:|1699999089\n|switch|p2b: Krookodile|Krookodile, L50, F|100\/100|[from] U-turn\n|-ability|p2b: Krookodile|Intimidate|boost\n|-unboost|p1a: Orthworm|atk|1\n|-unboost|p1b: Chien-Pao|atk|1\n|\n|-heal|p1b: Chien-Pao|52\/100|[from] Grassy Terrain\n|-heal|p1a: Orthworm|88\/100|[from] Grassy Terrain\n|-heal|p1a: Orthworm|94\/100|[from] item: Leftovers\n|-heal|p2a: Hariyama|69\/100|[from] Grassy Terrain\n|upkeep\n|turn|4\n|\n|t:|1699999120\n|-terastallize|p1a: Orthworm|Fire\n|move|p1b: Chien-Pao|Sucker Punch|p2a: Hariyama\n|-resisted|p2a: Hariyama\n|-damage|p2a: Hariyama|55\/100\n|move|p2b: Krookodile|Crunch|p1a: Orthworm\n|-damage|p1a: Orthworm|58\/100\n|move|p1a: Orthworm|Body Press|p2b: Krookodile\n|-supereffective|p2b: Krookodile\n|-damage|p2b: Krookodile|22\/100\n|-enditem|p2b: Krookodile|Sitrus Berry|[eat]\n|-heal|p2b: Krookodile|47\/100|[from] item: Sitrus Berry\n|move|p2a: Hariyama|Drain Punch|p1a: Orthworm\n|-damage|p1a: Orthworm|25\/100\n|-heal|p2a: Hariyama|68\/100|[from] drain|[of] p1a: Orthworm\n|\n|-heal|p1b: Chien-Pao|58\/100|[from] Grassy Terrain\n|-heal|p2b: Krookodile|53\/100|[from] Grassy Terrain\n|-heal|p1a: Orthworm|32\/100|[from] Grassy Terrain\n|-heal|p1a: Orthworm|38\/100|[from] item: Leftovers\n|-heal|p2a: Hariyama|74\/100|[from] Grassy Terrain\n|upkeep\n|turn|5\n|\n|t:|1699999140\n|move|p2b: Krookodile|Protect|p2b: Krookodile\n|-singleturn|p2b: Krookodile|Protect\n|move|p1b: Chien-Pao|Icicle Crash|p2a: Hariyama\n|-damage|p2a: Hariyama|57\/100\n|move|p1a: Orthworm|Body Press|p2b: Krookodile\n|-activate|p2b: Krookodile|move: Protect\n|cant|p2a: Hariyama|flinch\n|\n|-heal|p1b: Chien-Pao|64\/100|[from] Grassy Terrain\n|-heal|p2b: Krookodile|59\/100|[from] Grassy Terrain\n|-heal|p1a: Orthworm|44\/100|[from] Grassy Terrain\n|-heal|p1a: Orthworm|50\/100|[from] item: Leftovers\n|-heal|p2a: Hariyama|63\/100|[from] Grassy Terrain\n|-fieldend|move: Grassy Terrain\n|upkeep\n|turn|6\n|\n|t:|1699999152\n|switch|p2b: Milotic|Milotic, L50, M|100\/100\n|move|p1b: Chien-Pao|Icicle Crash|p2a: Hariyama\n|-damage|p2a: Hariyama|45\/100\n|move|p1a: Orthworm|Body Press|p2b: Milotic\n|-damage|p2b: Milotic|75\/100\n|cant|p2a: Hariyama|flinch\n|\n|-heal|p2b: Milotic|81\/100|[from] item: Leftovers\n|-heal|p1a: Orthworm|56\/100|[from] item: Leftovers\n|upkeep\n|turn|7\n|\n|t:|1699999170\n|move|p1b: Chien-Pao|Icicle Crash|p2a: Hariyama\n|-damage|p2a: Hariyama|27\/100\n|move|p2b: Milotic|Scald|p1a: Orthworm\n|-supereffective|p1a: Orthworm\n|-damage|p1a: Orthworm|0 fnt\n|faint|p1a: Orthworm\n|move|p2a: Hariyama|Drain Punch|p1b: Chien-Pao\n|-supereffective|p1b: Chien-Pao\n|-damage|p1b: Chien-Pao|0 fnt\n|-heal|p2a: Hariyama|48\/100|[from] drain|[of] p1b: Chien-Pao\n|faint|p1b: Chien-Pao\n|\n|-heal|p2b: Milotic|87\/100|[from] item: Leftovers\n|upkeep\n|\n|t:|1699999174\n|switch|p1b: Ogerpon|Ogerpon, L50, F|87\/100\n|switch|p1a: Rotom|Rotom-Wash, L50|100\/100\n|turn|8\n|\n|t:|1699999198\n|move|p2b: Milotic|Protect|p2b: Milotic\n|-singleturn|p2b: Milotic|Protect\n|move|p1b: Ogerpon|Ivy Cudgel|p2b: Milotic\n|-activate|p2b: Milotic|move: Protect\n|move|p1a: Rotom|Will-O-Wisp|p2a: Hariyama\n|-status|p2a: Hariyama|brn\n|move|p2a: Hariyama|Drain Punch|p1b: Ogerpon\n|-damage|p1b: Ogerpon|62\/100\n|-heal|p2a: Hariyama|57\/100 brn|[from] drain|[of] p1b: Ogerpon\n|\n|-heal|p2b: Milotic|93\/100|[from] item: Leftovers\n|-damage|p2a: Hariyama|50\/100 brn|[from] brn\n|upkeep\n|turn|9\n|\n|t:|1699999231\n|move|p1b: Ogerpon|Ivy Cudgel|p2a: Hariyama\n|-damage|p2a: Hariyama|0 fnt\n|faint|p2a: Hariyama\n|move|p1a: Rotom|Thunderbolt|p2b: Milotic\n|-supereffective|p2b: Milotic\n|-damage|p2b: Milotic|48\/100\n|move|p2b: Milotic|Ice Beam|p1b: Ogerpon\n|-supereffective|p1b: Ogerpon\n|-damage|p1b: Ogerpon|9\/100\n|\n|-heal|p2b: Milotic|54\/100|[from] item: Leftovers\n|upkeep\n|\n|t:|1699999239\n|switch|p2a: Rillaboom|Rillaboom, L50, M|100\/100\n|-fieldstart|move: Grassy Terrain|[from] ability: Grassy Surge|[of] p2a: Rillaboom\n|turn|10\n|\n|t:|1699999249\n|move|p2a: Rillaboom|Fake Out|p1a: Rotom\n|-damage|p1a: Rotom|88\/100\n|move|p1b: Ogerpon|Ivy Cudgel|p2b: Milotic\n|-supereffective|p2b: Milotic\n|-damage|p2b: Milotic|0 fnt\n|faint|p2b: Milotic\n|cant|p1a: Rotom|flinch\n|\n|-heal|p1b: Ogerpon|15\/100|[from] Grassy Terrain\n|upkeep\n|\n|t:|1699999254\n|switch|p2b: Krookodile|Krookodile, L50, F|59\/100\n|-ability|p2b: Krookodile|Intimidate|boost\n|-unboost|p1a: Rotom|atk|1\n|-unboost|p1b: Ogerpon|atk|1\n|-ability|p1b: Ogerpon|Defiant|boost\n|-boost|p1b: Ogerpon|atk|2\n|turn|11\n|\n|t:|1699999268\n|move|p2b: Krookodile|Protect|p2b: Krookodile\n|-singleturn|p2b: Krookodile|Protect\n|move|p2a: Rillaboom|Grassy Glide|p1a: Rotom\n|-supereffective|p1a: Rotom\n|-damage|p1a: Rotom|6\/100\n|-enditem|p1a: Rotom|Sitrus Berry|[eat]\n|-heal|p1a: Rotom|31\/100|[from] item: Sitrus Berry\n|move|p1b: Ogerpon|Ivy Cudgel|p2b: Krookodile\n|-activate|p2b: Krookodile|move: Protect\n|move|p1a: Rotom|Will-O-Wisp|p2a: Rillaboom\n|-status|p2a: Rillaboom|brn\n|\n|-heal|p1b: Ogerpon|20\/100|[from] Grassy Terrain\n|-heal|p2b: Krookodile|64\/100|[from] Grassy Terrain\n|-damage|p2a: Rillaboom|95\/100 brn|[from] brn\n|upkeep\n|turn|12\n|\n|t:|1699999282\n|-terastallize|p2b: Krookodile|Poison\n|move|p1a: Rotom|Protect|p1a: Rotom\n|-singleturn|p1a: Rotom|Protect\n|move|p2a: Rillaboom|Grassy Glide|p1a: Rotom\n|-activate|p1a: Rotom|move: Protect\n|move|p1b: Ogerpon|Ivy Cudgel|p2b: Krookodile\n|-resisted|p2b: Krookodile\n|-damage|p2b: Krookodile|0 fnt\n|faint|p2b: Krookodile\n|\n|-heal|p1b: Ogerpon|26\/100|[from] Grassy Terrain\n|-heal|p2a: Rillaboom|100\/100 brn|[from] Grassy Terrain\n|-damage|p2a: Rillaboom|95\/100 brn|[from] brn\n|upkeep\n|turn|13\n|\n|t:|1699999302\n|move|p2a: Rillaboom|Grassy Glide|p1a: Rotom\n|-supereffective|p1a: Rotom\n|-damage|p1a: Rotom|0 fnt\n|faint|p1a: Rotom\n|move|p1b: Ogerpon|Ivy Cudgel|p2a: Rillaboom\n|-resisted|p2a: Rillaboom\n|-damage|p2a: Rillaboom|36\/100 brn\n|\n|-heal|p1b: Ogerpon|32\/100|[from] Grassy Terrain\n|-heal|p2a: Rillaboom|42\/100 brn|[from] Grassy Terrain\n|-damage|p2a: Rillaboom|36\/100 brn|[from] brn\n|upkeep\n|turn|14\n|\n|t:|1699999313\n|move|p1b: Ogerpon|Ivy Cudgel|p2a: Rillaboom\n|-resisted|p2a: Rillaboom\n|-damage|p2a: Rillaboom|0 fnt\n|faint|p2a: Rillaboom\n|\n|win|wolfenite\n|c|\u2606wolfenite|gg\n|c|\u2606Forrest02|ggwp\n|l| JeromeMuskrat\n|c|&|\/uhtml prompt-wolfenite,wolfenite is ready for game 2!\n|inactive|Forrest02 has 50 seconds to confirm battle start!\n|j| JeromeMuskrat\n|c|&|\/uhtml prompt-forrest02,Forrest02 is ready for game 2!\nBoth players are ready! Starting next match!\n","uploadtime":1699999334,"views":37,"p1id":"wolfenite","p2id":"forrest02","formatid":"gen9vgc2023regulatione","rating":0,"private":0,"password":""}