{"id":"gen9vgc2023regulatione-1993389578","p1":"gurupatak","p2":"PomegranateSparkle","format":"[Gen 9] VGC 2023 Regulation E","log":"|j|\u2606gurupatak\n|j|\u2606PomegranateSparkle\n|t:|1700310895\n|gametype|doubles\n|player|p1|gurupatak|102|1468\n|player|p2|PomegranateSparkle|sage|1413\n|teamsize|p1|6\n|teamsize|p2|6\n|gen|9\n|tier|[Gen 9] VGC 2023 Regulation E\n|rated|\n|rule|Species Clause: Limit one of each Pok\u00e9mon\n|rule|Item Clause: Limit one of each item\n|clearpoke\n|poke|p1|Dondozo, L50, M|\n|poke|p1|Tatsugiri, L50, F|\n|poke|p1|Chien-Pao, L50|\n|poke|p1|Dragonite, L50, M|\n|poke|p1|Chi-Yu, L50|\n|poke|p1|Tornadus, L50, M|\n|poke|p2|Annihilape, L50, M|\n|poke|p2|Arcanine-Hisui, L50, F|\n|poke|p2|Iron Bundle, L50|\n|poke|p2|Ogerpon-Wellspring, L50, F|\n|poke|p2|Rillaboom, L50, M|\n|poke|p2|Gholdengo, L50|\n|teampreview|4\n|inactive|Battle timer is ON: inactive players will automatically lose when time's up. (requested by gurupatak)\ngurupatak has agreed to open team sheets.\nPomegranateSparkle has agreed to open team sheets.\n|\n|t:|1700310945\n|start\n|switch|p1a: Tornadus|Tornadus, L50, M|100\/100\n|switch|p1b: Chi-Yu|Chi-Yu, L50|100\/100\n|switch|p2a: Iron Bundle|Iron Bundle, L50|100\/100\n|switch|p2b: Arcanine|Arcanine-Hisui, L50, F|100\/100\n|-ability|p1b: Chi-Yu|Beads of Ruin\n|-ability|p2b: Arcanine|Intimidate|boost\n|-unboost|p1a: Tornadus|atk|1\n|-unboost|p1b: Chi-Yu|atk|1\n|-enditem|p2a: Iron Bundle|Booster Energy\n|-activate|p2a: Iron Bundle|ability: Quark Drive|[fromitem]\n|-start|p2a: Iron Bundle|quarkdrivespe\n|turn|1\n|inactive|gurupatak has 30 seconds left.\n|\n|t:|1700310977\n|-terastallize|p1b: Chi-Yu|Ghost\n|move|p2a: Iron Bundle|Protect|p2a: Iron Bundle\n|-singleturn|p2a: Iron Bundle|Protect\n|move|p1a: Tornadus|Tailwind|p1a: Tornadus\n|-sidestart|p1: gurupatak|move: Tailwind\n|move|p1b: Chi-Yu|Dark Pulse|p2a: Iron Bundle\n|-activate|p2a: Iron Bundle|move: Protect\n|move|p2b: Arcanine|Rock Slide|p1a: Tornadus|[spread] p1a,p1b\n|-supereffective|p1a: Tornadus\n|-damage|p1a: Tornadus|0 fnt\n|-damage|p1b: Chi-Yu|30\/100\n|faint|p1a: Tornadus\n|\n|upkeep\n|\n|t:|1700310984\n|switch|p1a: Dragonite|Dragonite, L50, M|100\/100\n|turn|2\n|inactive|PomegranateSparkle has 30 seconds left.\n|\n|t:|1700311013\n|-end|p2a: Iron Bundle|Quark Drive|[silent]\n|switch|p2a: Ogerpon|Ogerpon-Wellspring, L50, F|100\/100\n|-terastallize|p2b: Arcanine|Normal\n|move|p1b: Chi-Yu|Dark Pulse|p2a: Ogerpon\n|-damage|p2a: Ogerpon|3\/100\n|move|p1a: Dragonite|Stomping Tantrum|p2b: Arcanine\n|-damage|p2b: Arcanine|53\/100\n|move|p2b: Arcanine|Rock Slide|p1b: Chi-Yu|[spread] p1a\n|-miss|p2b: Arcanine|p1b: Chi-Yu\n|-supereffective|p1a: Dragonite\n|-damage|p1a: Dragonite|14\/100\n|\n|upkeep\n|turn|3\n|inactive|gurupatak has 30 seconds left.\n|inactive|PomegranateSparkle has 30 seconds left.\n|inactive|PomegranateSparkle has 20 seconds left.\n|\n|t:|1700311053\n|switch|p2b: Iron Bundle|Iron Bundle, L50|100\/100\n|move|p2a: Ogerpon|Spiky Shield|p2a: Ogerpon\n|-singleturn|p2a: Ogerpon|move: Protect\n|move|p1b: Chi-Yu|Dark Pulse|p2b: Iron Bundle\n|-damage|p2b: Iron Bundle|0 fnt\n|faint|p2b: Iron Bundle\n|-end|p2b: Iron Bundle|Quark Drive|[silent]\n|move|p1a: Dragonite|Stomping Tantrum|p2a: Ogerpon\n|-activate|p2a: Ogerpon|move: Protect\n|-damage|p1a: Dragonite|2\/100|[from] Spiky Shield|[of] p2a: Ogerpon\n|\n|upkeep\n|\n|t:|1700311068\n|switch|p2b: Arcanine|Arcanine-Hisui, L50, F, tera:Normal|53\/100\n|-ability|p2b: Arcanine|Intimidate|boost\n|-fail|p1a: Dragonite|unboost|Attack|[from] ability: Inner Focus|[of] p1a: Dragonite\n|-unboost|p1b: Chi-Yu|atk|1\n|turn|4\n|inactive|PomegranateSparkle has 30 seconds left.\n|\n|t:|1700311095\n|switch|p1a: Chien-Pao|Chien-Pao, L50|100\/100\n|-ability|p1a: Chien-Pao|Sword of Ruin\n|move|p2a: Ogerpon|Follow Me|p2a: Ogerpon\n|-singleturn|p2a: Ogerpon|move: Follow Me\n|move|p1b: Chi-Yu|Dark Pulse|p2a: Ogerpon\n|-damage|p2a: Ogerpon|0 fnt\n|faint|p2a: Ogerpon\n|move|p2b: Arcanine|Rock Slide|p1a: Chien-Pao|[spread] p1a,p1b\n|-supereffective|p1a: Chien-Pao\n|-enditem|p1a: Chien-Pao|Focus Sash\n|-damage|p1a: Chien-Pao|1\/100\n|-damage|p1b: Chi-Yu|0 fnt\n|faint|p1b: Chi-Yu\n|\n|-sideend|p1: gurupatak|move: Tailwind\n|upkeep\n|\n|t:|1700311113\n|switch|p1b: Dragonite|Dragonite, L50, M|2\/100\n|switch|p2a: Gholdengo|Gholdengo, L50, shiny|100\/100\n|turn|5\n|\n|t:|1700311139\n|move|p1a: Chien-Pao|Sucker Punch|p2a: Gholdengo\n|-supereffective|p2a: Gholdengo\n|-damage|p2a: Gholdengo|10\/100\n|move|p2b: Arcanine|Rock Slide|p1b: Dragonite|[spread] p1a,p1b\n|-supereffective|p1a: Chien-Pao\n|-crit|p1a: Chien-Pao\n|-supereffective|p1b: Dragonite\n|-damage|p1a: Chien-Pao|0 fnt\n|-damage|p1b: Dragonite|0 fnt\n|faint|p1a: Chien-Pao\n|faint|p1b: Dragonite\n|\n|win|PomegranateSparkle\n|raw|gurupatak's rating: 1468 &rarr; <strong>1445<\/strong><br \/>(-23 for losing)\n|raw|PomegranateSparkle's rating: 1413 &rarr; <strong>1436<\/strong><br \/>(+23 for winning)\n|l|\u2606gurupatak\n","uploadtime":1700311156,"views":39,"p1id":"gurupatak","p2id":"pomegranatesparkle","formatid":"gen9vgc2023regulatione","rating":1436,"private":0,"password":""}