{"id":"gen9vgc2023regulatione-1998668683","p1":"rowlet 13z13","p2":"Kzjrhzk","format":"[Gen 9] VGC 2023 Regulation E","log":"|j|\u2606rowlet 13z13\n|j|\u2606Kzjrhzk\n|t:|1700970032\n|gametype|doubles\n|player|p1|rowlet 13z13|aaron|1240\n|player|p2|Kzjrhzk|lance|1350\n|teamsize|p1|6\n|teamsize|p2|6\n|gen|9\n|tier|[Gen 9] VGC 2023 Regulation E\n|rated|\n|rule|Species Clause: Limit one of each Pok\u00e9mon\n|rule|Item Clause: Limit one of each item\n|clearpoke\n|poke|p1|Heatran, L50, M|\n|poke|p1|Amoonguss, L50, M|\n|poke|p1|Farigiraf, L50, M|\n|poke|p1|Iron Hands, L50|\n|poke|p1|Ursaluna-Bloodmoon, L50, M|\n|poke|p1|Kingambit, L50, F|\n|poke|p2|Flutter Mane, L50|\n|poke|p2|Tornadus, L50, M|\n|poke|p2|Rillaboom, L50, M|\n|poke|p2|Garganacl, L50, F|\n|poke|p2|Arcanine-Hisui, L50, M|\n|poke|p2|Chien-Pao, L50|\n|teampreview|4\nrowlet 13z13 has agreed to open team sheets.\n|inactive|Battle timer is ON: inactive players will automatically lose when time's up. (requested by Kzjrhzk)\nKzjrhzk has agreed to open team sheets.\n|inactive|Kzjrhzk has 30 seconds left.\n|inactive|Kzjrhzk has 20 seconds left.\n|\n|t:|1700970076\n|start\n|switch|p1a: Farigiraf|Farigiraf, L50, M|100\/100\n|switch|p1b: Amoonguss|Amoonguss, L50, M|100\/100\n|switch|p2a: Tornadus|Tornadus, L50, M|100\/100\n|switch|p2b: Garganacl|Garganacl, L50, F|100\/100\n|turn|1\n|\n|t:|1700970091\n|-terastallize|p2b: Garganacl|Ghost\n|move|p2a: Tornadus|Bleakwind Storm|p1a: Farigiraf|[spread] p1b\n|-miss|p2a: Tornadus|p1a: Farigiraf\n|-supereffective|p1b: Amoonguss\n|-damage|p1b: Amoonguss|51\/100\n|move|p2b: Garganacl|Salt Cure|p1a: Farigiraf\n|-damage|p1a: Farigiraf|87\/100\n|-start|p1a: Farigiraf|Salt Cure\n|move|p1b: Amoonguss|Spore|p2b: Garganacl\n|-immune|p2b: Garganacl|[from] ability: Purifying Salt\n|move|p1a: Farigiraf|Trick Room|p1a: Farigiraf\n|-fieldstart|move: Trick Room|[of] p1a: Farigiraf\n|\n|-damage|p1a: Farigiraf|75\/100|[from] Salt Cure\n|upkeep\n|turn|2\n|\n|t:|1700970110\n|switch|p1a: Ursaluna|Ursaluna-Bloodmoon, L50, M|100\/100\n|switch|p2a: Rillaboom|Rillaboom, L50, M|100\/100\n|-fieldstart|move: Grassy Terrain|[from] ability: Grassy Surge|[of] p2a: Rillaboom\n|move|p1b: Amoonguss|Spore|p2a: Rillaboom\n|-immune|p2a: Rillaboom\n|move|p2b: Garganacl|Salt Cure|p1b: Amoonguss\n|-damage|p1b: Amoonguss|39\/100\n|-start|p1b: Amoonguss|Salt Cure\n|\n|-heal|p1b: Amoonguss|45\/100|[from] Grassy Terrain\n|-damage|p1b: Amoonguss|32\/100|[from] Salt Cure\n|upkeep\n|turn|3\n|\n|t:|1700970135\n|switch|p1b: Heatran|Heatran, L50, M|100\/100\n|switch|p2a: Tornadus|Tornadus, L50, M|100\/100\n|-terastallize|p1a: Ursaluna|Normal\n|move|p2b: Garganacl|Salt Cure|p1a: Ursaluna\n|-damage|p1a: Ursaluna|90\/100\n|-start|p1a: Ursaluna|Salt Cure\n|move|p1a: Ursaluna|Hyper Voice|p2b: Garganacl|[spread] p2a,p2b\n|-damage|p2a: Tornadus|62\/100\n|-damage|p2b: Garganacl|63\/100\n|-enditem|p1a: Ursaluna|Throat Spray\n|-boost|p1a: Ursaluna|spa|1|[from] item: Throat Spray\n|\n|-heal|p2b: Garganacl|69\/100|[from] Grassy Terrain\n|-heal|p1a: Ursaluna|97\/100|[from] Grassy Terrain\n|-damage|p1a: Ursaluna|84\/100|[from] Salt Cure\n|upkeep\n|turn|4\n|\n|t:|1700970146\n|move|p2b: Garganacl|Protect|p2b: Garganacl\n|-singleturn|p2b: Garganacl|Protect\n|move|p1a: Ursaluna|Blood Moon|p2b: Garganacl\n|-activate|p2b: Garganacl|move: Protect\n|move|p1b: Heatran|Heat Wave|p2a: Tornadus|[spread] p2a\n|-activate|p2b: Garganacl|move: Protect\n|-damage|p2a: Tornadus|33\/100\n|move|p2a: Tornadus|Bleakwind Storm|p1a: Ursaluna|[spread] p1a,p1b\n|-resisted|p1b: Heatran\n|-damage|p1a: Ursaluna|49\/100\n|-damage|p1b: Heatran|85\/100\n|\n|-heal|p2b: Garganacl|74\/100|[from] Grassy Terrain\n|-heal|p1a: Ursaluna|55\/100|[from] Grassy Terrain\n|-heal|p1b: Heatran|91\/100|[from] Grassy Terrain\n|-heal|p1b: Heatran|97\/100|[from] item: Leftovers\n|-damage|p1a: Ursaluna|43\/100|[from] Salt Cure\n|upkeep\n|turn|5\n|\n|t:|1700970164\n|switch|p2a: Rillaboom|Rillaboom, L50, M|100\/100\n|move|p2b: Garganacl|Salt Cure|p1b: Heatran\n|-damage|p1b: Heatran|84\/100\n|-start|p1b: Heatran|Salt Cure\n|move|p1a: Ursaluna|Hyper Voice|p2b: Garganacl|[spread] p2a,p2b\n|-damage|p2a: Rillaboom|38\/100\n|-damage|p2b: Garganacl|26\/100\n|-enditem|p2b: Garganacl|Sitrus Berry|[eat]\n|-heal|p2b: Garganacl|51\/100|[from] item: Sitrus Berry\n|move|p1b: Heatran|Heat Wave|p2b: Garganacl|[spread] \n|-miss|p1b: Heatran|p2a: Rillaboom\n|-miss|p1b: Heatran|p2b: Garganacl\n|\n|-heal|p2b: Garganacl|57\/100|[from] Grassy Terrain\n|-heal|p1a: Ursaluna|49\/100|[from] Grassy Terrain\n|-heal|p2a: Rillaboom|43\/100|[from] Grassy Terrain\n|-heal|p1b: Heatran|90\/100|[from] Grassy Terrain\n|-heal|p1b: Heatran|96\/100|[from] item: Leftovers\n|-damage|p1a: Ursaluna|37\/100|[from] Salt Cure\n|-damage|p1b: Heatran|72\/100|[from] Salt Cure\n|-fieldend|move: Trick Room\n|upkeep\n|turn|6\n|\n|t:|1700970174\n|move|p2b: Garganacl|Protect|p2b: Garganacl\n|-singleturn|p2b: Garganacl|Protect\n|move|p2a: Rillaboom|Grassy Glide|p1a: Ursaluna\n|-damage|p1a: Ursaluna|9\/100\n|move|p1b: Heatran|Heat Wave|p2a: Rillaboom|[spread] p2a\n|-activate|p2b: Garganacl|move: Protect\n|-supereffective|p2a: Rillaboom\n|-damage|p2a: Rillaboom|0 fnt\n|faint|p2a: Rillaboom\n|move|p1a: Ursaluna|Hyper Voice|p2b: Garganacl\n|-activate|p2b: Garganacl|move: Protect\n|\n|-heal|p1b: Heatran|78\/100|[from] Grassy Terrain\n|-heal|p1b: Heatran|84\/100|[from] item: Leftovers\n|-heal|p1a: Ursaluna|15\/100|[from] Grassy Terrain\n|-heal|p2b: Garganacl|62\/100|[from] Grassy Terrain\n|-damage|p1b: Heatran|59\/100|[from] Salt Cure\n|-damage|p1a: Ursaluna|2\/100|[from] Salt Cure\n|-fieldend|move: Grassy Terrain\n|upkeep\n|\n|t:|1700970176\n|switch|p2a: Tornadus|Tornadus, L50, M|33\/100\n|turn|7\n|\n|t:|1700970191\n|move|p2a: Tornadus|Bleakwind Storm|p1b: Heatran|[spread] p1a,p1b\n|-resisted|p1b: Heatran\n|-damage|p1a: Ursaluna|0 fnt\n|-damage|p1b: Heatran|44\/100\n|-unboost|p1b: Heatran|spe|1\n|faint|p1a: Ursaluna\n|move|p1b: Heatran|Heat Wave|p2b: Garganacl|[spread] \n|-miss|p1b: Heatran|p2a: Tornadus\n|-miss|p1b: Heatran|p2b: Garganacl\n|move|p2b: Garganacl|Recover|p2b: Garganacl\n|-heal|p2b: Garganacl|100\/100\n|\n|-heal|p1b: Heatran|50\/100|[from] item: Leftovers\n|-damage|p1b: Heatran|26\/100|[from] Salt Cure\n|upkeep\n|\n|t:|1700970195\n|switch|p1a: Farigiraf|Farigiraf, L50, M|75\/100\n|turn|8\n|\n|t:|1700970205\n|move|p2a: Tornadus|Bleakwind Storm|p1a: Farigiraf|[spread] p1a,p1b\n|-resisted|p1b: Heatran\n|-damage|p1a: Farigiraf|44\/100\n|-damage|p1b: Heatran|11\/100\n|-unboost|p1a: Farigiraf|spe|1\n|-enditem|p1a: Farigiraf|Sitrus Berry|[eat]\n|-heal|p1a: Farigiraf|69\/100|[from] item: Sitrus Berry\n|move|p1b: Heatran|Heat Wave|p2a: Tornadus|[spread] p2a,p2b\n|-damage|p2a: Tornadus|2\/100\n|-damage|p2b: Garganacl|74\/100\n|move|p2b: Garganacl|Salt Cure|p1b: Heatran\n|-damage|p1b: Heatran|0 fnt\n|faint|p1b: Heatran\n|move|p1a: Farigiraf|Dazzling Gleam|p2a: Tornadus|[spread] p2a,p2b\n|-damage|p2a: Tornadus|0 fnt\n|-damage|p2b: Garganacl|63\/100\n|faint|p2a: Tornadus\n|\n|upkeep\n|\n|t:|1700970207\n|switch|p2a: Flutter Mane|Flutter Mane, L50|100\/100\n|switch|p1b: Amoonguss|Amoonguss, L50, M|65\/100\n|-enditem|p2a: Flutter Mane|Booster Energy\n|-activate|p2a: Flutter Mane|ability: Protosynthesis|[fromitem]\n|-start|p2a: Flutter Mane|protosynthesisspe\n|turn|9\n|\n|t:|1700970213\n|move|p2a: Flutter Mane|Protect|p2a: Flutter Mane\n|-singleturn|p2a: Flutter Mane|Protect\n|move|p2b: Garganacl|Salt Cure|p1a: Farigiraf\n|-damage|p1a: Farigiraf|58\/100\n|-start|p1a: Farigiraf|Salt Cure\n|move|p1a: Farigiraf|Dazzling Gleam|p2a: Flutter Mane|[spread] p2b\n|-activate|p2a: Flutter Mane|move: Protect\n|-damage|p2b: Garganacl|50\/100\n|move|p1b: Amoonguss|Spore|p2a: Flutter Mane\n|-activate|p2a: Flutter Mane|move: Protect\n|\n|-damage|p1a: Farigiraf|45\/100|[from] Salt Cure\n|upkeep\n|turn|10\n|-message|rowlet 13z13 forfeited.\n|\n|win|Kzjrhzk\n|raw|rowlet 13z13's rating: 1240 &rarr; <strong>1223<\/strong><br \/>(-17 for losing)\n|raw|Kzjrhzk's rating: 1350 &rarr; <strong>1364<\/strong><br \/>(+14 for winning)\n|l|\u2606rowlet 13z13\n","uploadtime":1700970221,"views":2,"p1id":"rowlet13z13","p2id":"kzjrhzk","formatid":"gen9vgc2023regulatione","rating":1223,"private":0,"password":""}