{"id":"gen9vgc2023regulatione-1989413569","p1":"misak4","p2":"SnrubYesthatlldo","format":"[Gen 9] VGC 2023 Regulation E","log":"|j|\u2606misak4\n|j|\u2606SnrubYesthatlldo\n|t:|1699847077\n|gametype|doubles\n|player|p1|misak4|2|1489\n|player|p2|SnrubYesthatlldo|265|1568\n|teamsize|p1|6\n|teamsize|p2|6\n|gen|9\n|tier|[Gen 9] VGC 2023 Regulation E\n|rated|\n|rule|Species Clause: Limit one of each Pok\u00e9mon\n|rule|Item Clause: Limit one of each item\n|clearpoke\n|poke|p1|Flutter Mane, L50|\n|poke|p1|Heatran, L50, F|\n|poke|p1|Iron Hands, L50|\n|poke|p1|Landorus-Therian, L50, M|\n|poke|p1|Urshifu-*, L50, F|\n|poke|p1|Ogerpon-Wellspring, L50, F|\n|poke|p2|Roaring Moon, L50|\n|poke|p2|Chi-Yu, L50|\n|poke|p2|Flutter Mane, L50|\n|poke|p2|Amoonguss, L50, M|\n|poke|p2|Corviknight, L50, F|\n|poke|p2|Urshifu-*, L50, F|\n|teampreview|4\n|j| thomas shelby 1\nSnrubYesthatlldo has agreed to open team sheets.\n|\n|t:|1699847133\n|start\n|switch|p1a: Landorus|Landorus-Therian, L50, M|100\/100\n|switch|p1b: Iron Hands|Iron Hands, L50|100\/100\n|switch|p2a: Roaring Moon|Roaring Moon, L50|100\/100\n|switch|p2b: Corviknight|Corviknight, L50, F|100\/100\n|-ability|p1a: Landorus|Intimidate|boost\n|-unboost|p2a: Roaring Moon|atk|1\n|-ability|p2b: Corviknight|Mirror Armor\n|-unboost|p1a: Landorus|atk|1\n|-enditem|p2a: Roaring Moon|Booster Energy\n|-activate|p2a: Roaring Moon|ability: Protosynthesis|[fromitem]\n|-start|p2a: Roaring Moon|protosynthesisspe\n|turn|1\n|\n|t:|1699847146\n|-terastallize|p2a: Roaring Moon|Ghost\n|move|p2a: Roaring Moon|Breaking Swipe|p1b: Iron Hands|[spread] p1a,p1b\n|-crit|p1b: Iron Hands\n|-damage|p1a: Landorus|88\/100\n|-damage|p1b: Iron Hands|78\/100\n|-unboost|p1a: Landorus|atk|1\n|-unboost|p1b: Iron Hands|atk|1\n|move|p1a: Landorus|U-turn|p2a: Roaring Moon\n|-resisted|p2a: Roaring Moon\n|-damage|p2a: Roaring Moon|94\/100\n|\n|t:|1699847156\n|switch|p1a: Ogerpon|Ogerpon-Wellspring, L50, F|100\/100|[from] U-turn\n|move|p2b: Corviknight|Bulk Up|p2b: Corviknight\n|-boost|p2b: Corviknight|atk|1\n|-boost|p2b: Corviknight|def|1\n|move|p1b: Iron Hands|Wild Charge|p2b: Corviknight\n|-supereffective|p2b: Corviknight\n|-damage|p2b: Corviknight|61\/100\n|-damage|p1b: Iron Hands|69\/100|[from] Recoil\n|\n|upkeep\n|turn|2\n|\n|t:|1699847169\n|-end|p1b: Iron Hands|Quark Drive|[silent]\n|switch|p1b: Landorus|Landorus-Therian, L50, M|88\/100\n|-ability|p1b: Landorus|Intimidate|boost\n|-unboost|p2a: Roaring Moon|atk|1\n|-ability|p2b: Corviknight|Mirror Armor\n|-unboost|p1b: Landorus|atk|1\n|move|p2a: Roaring Moon|Breaking Swipe|p1a: Ogerpon|[spread] p1a,p1b\n|-damage|p1a: Ogerpon|91\/100\n|-damage|p1b: Landorus|77\/100\n|-unboost|p1a: Ogerpon|atk|1\n|-unboost|p1b: Landorus|atk|1\n|move|p1a: Ogerpon|Swords Dance|p1a: Ogerpon\n|-boost|p1a: Ogerpon|atk|2\n|move|p2b: Corviknight|Roost|p2b: Corviknight\n|-heal|p2b: Corviknight|100\/100\n|-singleturn|p2b: Corviknight|move: Roost\n|\n|upkeep\n|turn|3\n|j| PcistaMasterRace\n|\n|t:|1699847196\n|move|p2a: Roaring Moon|Tailwind|p2a: Roaring Moon\n|-sidestart|p2: SnrubYesthatlldo|move: Tailwind\n|move|p1b: Landorus|U-turn|p2a: Roaring Moon\n|-resisted|p2a: Roaring Moon\n|-crit|p2a: Roaring Moon\n|-damage|p2a: Roaring Moon|77\/100\n|\n|t:|1699847202\n|switch|p1b: Flutter Mane|Flutter Mane, L50|100\/100|[from] U-turn\n|move|p2b: Corviknight|Brave Bird|p1a: Ogerpon\n|-supereffective|p1a: Ogerpon\n|-damage|p1a: Ogerpon|0 fnt\n|faint|p1a: Ogerpon\n|-damage|p2b: Corviknight|75\/100|[from] Recoil\n|\n|upkeep\n|\n|t:|1699847210\n|switch|p1a: Iron Hands|Iron Hands, L50|69\/100\n|turn|4\n|\n|t:|1699847242\n|move|p2a: Roaring Moon|Knock Off|p1b: Flutter Mane\n|-damage|p1b: Flutter Mane|64\/100\n|-enditem|p1b: Flutter Mane|Choice Specs|[from] move: Knock Off|[of] p2a: Roaring Moon\n|move|p1b: Flutter Mane|Shadow Ball|p2a: Roaring Moon\n|-supereffective|p2a: Roaring Moon\n|-damage|p2a: Roaring Moon|10\/100\n|-unboost|p2a: Roaring Moon|spd|1\n|move|p2b: Corviknight|Iron Head|p1b: Flutter Mane\n|-supereffective|p1b: Flutter Mane\n|-damage|p1b: Flutter Mane|0 fnt\n|faint|p1b: Flutter Mane\n|-end|p1b: Flutter Mane|Protosynthesis|[silent]\n|move|p1a: Iron Hands|Wild Charge|p2b: Corviknight\n|-supereffective|p2b: Corviknight\n|-damage|p2b: Corviknight|18\/100\n|-damage|p1a: Iron Hands|56\/100|[from] Recoil\n|\n|upkeep\n|\n|t:|1699847248\n|switch|p1b: Landorus|Landorus-Therian, L50, M|77\/100\n|-ability|p1b: Landorus|Intimidate|boost\n|-unboost|p2a: Roaring Moon|atk|1\n|-ability|p2b: Corviknight|Mirror Armor\n|-unboost|p1b: Landorus|atk|1\n|turn|5\n|\n|t:|1699847264\n|move|p2a: Roaring Moon|Breaking Swipe|p1a: Iron Hands|[spread] p1a,p1b\n|-damage|p1a: Iron Hands|50\/100\n|-damage|p1b: Landorus|68\/100\n|-unboost|p1a: Iron Hands|atk|1\n|-unboost|p1b: Landorus|atk|1\n|move|p1b: Landorus|Rock Slide|p2b: Corviknight|[spread] p2a\n|-miss|p1b: Landorus|p2b: Corviknight\n|-damage|p2a: Roaring Moon|0 fnt\n|faint|p2a: Roaring Moon\n|-end|p2a: Roaring Moon|Protosynthesis|[silent]\n|move|p2b: Corviknight|Brave Bird|p1b: Landorus\n|-damage|p1b: Landorus|0 fnt\n|faint|p1b: Landorus\n|-damage|p2b: Corviknight|0 fnt|[from] Recoil\n|faint|p2b: Corviknight\n|move|p1a: Iron Hands|Wild Charge|p2: Roaring Moon|[notarget]\n|-fail|p1a: Iron Hands\n|\n|upkeep\n|l|\u2606misak4\n|player|p1|\n|\n|t:|1699847274\n|switch|p2a: Flutter Mane|Flutter Mane, L50|100\/100\n|switch|p2b: Urshifu|Urshifu-Rapid-Strike, L50, F|100\/100\n|turn|6\n|inactive|Battle timer is ON: inactive players will automatically lose when time's up. (requested by SnrubYesthatlldo)\n|inactive|misak4 has 30 seconds to reconnect!\n|inactive|misak4 has 20 seconds to reconnect!\n|inactive|misak4 has 15 seconds to reconnect!\n|inactive|misak4 has 10 seconds to reconnect!\n|inactive|misak4 has 5 seconds to reconnect!\n|-message|misak4 lost due to inactivity.\n|\n|win|SnrubYesthatlldo\n|raw|misak4's rating: 1489 &rarr; <strong>1473<\/strong><br \/>(-16 for losing)\n|raw|SnrubYesthatlldo's rating: 1568 &rarr; <strong>1584<\/strong><br \/>(+16 for winning)\n|l| thomas shelby 1\n|l|\u2606SnrubYesthatlldo\n|j|\u2606misak4\n|player|p1|misak4|2\n|l|\u2606misak4\n|player|p1|\n","uploadtime":1699847654,"views":15,"p1id":"misak4","p2id":"snrubyesthatlldo","formatid":"gen9vgc2023regulatione","rating":1473,"private":0,"password":""}