{"id":"gen9vgc2023regulatione-1993358865","p1":"Y4kle","p2":"zac5224666","format":"[Gen 9] VGC 2023 Regulation E","log":"|j|\u2606Y4kle\n|j|\u2606zac5224666\n|t:|1700305503\n|gametype|doubles\n|player|p1|Y4kle|bugcatcher-gen4dp|1413\n|player|p2|zac5224666|1|1371\n|teamsize|p1|6\n|teamsize|p2|6\n|gen|9\n|tier|[Gen 9] VGC 2023 Regulation E\n|rated|\n|rule|Species Clause: Limit one of each Pok\u00e9mon\n|rule|Item Clause: Limit one of each item\n|clearpoke\n|poke|p1|Tinkaton, L50, F|\n|poke|p1|Thundurus, L50, M|\n|poke|p1|Dragapult, L50, M|\n|poke|p1|Arcanine-Hisui, L50, F|\n|poke|p1|Rillaboom, L50, F|\n|poke|p1|Urshifu-*, L50, M|\n|poke|p2|Landorus-Therian, L50, M|\n|poke|p2|Heatran, L50, F|\n|poke|p2|Kingambit, L50, F|\n|poke|p2|Sinistcha-Masterpiece, L50|\n|poke|p2|Milotic, L50, M|\n|poke|p2|Glimmora, L50, M|\n|teampreview|4\n|inactive|Battle timer is ON: inactive players will automatically lose when time's up. (requested by Y4kle)\nY4kle rejected open team sheets.\n|\n|t:|1700305563\n|start\n|switch|p1a: Thundurus|Thundurus, L50, M|100\/100\n|switch|p1b: Tinkaton|Tinkaton, L50, F|100\/100\n|switch|p2a: Milotic|Milotic, L50, M|100\/100\n|switch|p2b: Landorus|Landorus-Therian, L50, M|100\/100\n|-ability|p2b: Landorus|Intimidate|boost\n|-unboost|p1a: Thundurus|atk|1\n|-unboost|p1b: Tinkaton|atk|1\n|-ability|p1b: Tinkaton|Mold Breaker\n|turn|1\n|inactive|Y4kle has 30 seconds left.\n|inactive|zac5224666 has 30 seconds left.\n|inactive|zac5224666 has 20 seconds left.\n|\n|t:|1700305600\n|move|p1b: Tinkaton|Fake Out|p2b: Landorus\n|-damage|p2b: Landorus|93\/100\n|cant|p2b: Landorus|flinch\n|move|p1a: Thundurus|Volt Switch|p2a: Milotic\n|-supereffective|p2a: Milotic\n|-damage|p2a: Milotic|57\/100\n|\n|t:|1700305614\n|switch|p1a: Urshifu|Urshifu-Rapid-Strike, L50, M|100\/100|[from] Volt Switch\n|move|p2a: Milotic|Icy Wind|p1a: Urshifu|[spread] p1b\n|-miss|p2a: Milotic|p1a: Urshifu\n|-resisted|p1b: Tinkaton\n|-damage|p1b: Tinkaton|96\/100\n|-unboost|p1b: Tinkaton|spe|1\n|\n|-heal|p2a: Milotic|63\/100|[from] item: Leftovers\n|upkeep\n|turn|2\n|inactive|zac5224666 has 30 seconds left.\n|\n|t:|1700305645\n|switch|p2b: Sinistcha|Sinistcha-Masterpiece, L50|100\/100\n|-heal|p2a: Milotic|88\/100|[from] ability: Hospitality|[of] p2b: Sinistcha\n|-terastallize|p1a: Urshifu|Water\n|move|p1a: Urshifu|Surging Strikes|p2b: Sinistcha\n|-resisted|p2b: Sinistcha\n|-crit|p2b: Sinistcha\n|-damage|p2b: Sinistcha|88\/100\n|-damage|p1a: Urshifu|84\/100|[from] item: Rocky Helmet|[of] p2b: Sinistcha\n|-resisted|p2b: Sinistcha\n|-crit|p2b: Sinistcha\n|-damage|p2b: Sinistcha|75\/100\n|-damage|p1a: Urshifu|67\/100|[from] item: Rocky Helmet|[of] p2b: Sinistcha\n|-resisted|p2b: Sinistcha\n|-crit|p2b: Sinistcha\n|-damage|p2b: Sinistcha|62\/100\n|-damage|p1a: Urshifu|51\/100|[from] item: Rocky Helmet|[of] p2b: Sinistcha\n|-hitcount|p2b: Sinistcha|3\n|move|p2a: Milotic|Icy Wind|p1b: Tinkaton|[spread] p1a,p1b\n|-resisted|p1a: Urshifu\n|-resisted|p1b: Tinkaton\n|-damage|p1a: Urshifu|45\/100\n|-damage|p1b: Tinkaton|91\/100\n|-unboost|p1a: Urshifu|spe|1\n|-unboost|p1b: Tinkaton|spe|1\n|move|p1b: Tinkaton|Knock Off|p2a: Milotic\n|-damage|p2a: Milotic|75\/100\n|-enditem|p2a: Milotic|Leftovers|[from] move: Knock Off|[of] p1b: Tinkaton\n|\n|upkeep\n|turn|3\n|inactive|Y4kle has 30 seconds left.\n|inactive|zac5224666 has 30 seconds left.\n|inactive|zac5224666 has 20 seconds left.\n|inactive|zac5224666 has 15 seconds left.\n|\n|t:|1700305688\n|switch|p1a: Thundurus|Thundurus, L50, M|100\/100\n|move|p2a: Milotic|Scald|p1b: Tinkaton\n|-damage|p1b: Tinkaton|64\/100\n|move|p2b: Sinistcha|Matcha Gotcha|p1b: Tinkaton|[spread] p1b\n|-miss|p2b: Sinistcha|p1a: Thundurus\n|-resisted|p1b: Tinkaton\n|-damage|p1b: Tinkaton|49\/100\n|-heal|p2b: Sinistcha|69\/100|[from] drain|[of] p1b: Tinkaton\n|move|p1b: Tinkaton|Knock Off|p2b: Sinistcha\n|-supereffective|p2b: Sinistcha\n|-damage|p2b: Sinistcha|40\/100\n|-damage|p1b: Tinkaton|33\/100|[from] item: Rocky Helmet|[of] p2b: Sinistcha\n|-enditem|p2b: Sinistcha|Rocky Helmet|[from] move: Knock Off|[of] p1b: Tinkaton\n|\n|upkeep\n|turn|4\n|inactive|Y4kle has 30 seconds left.\n|inactive|zac5224666 has 30 seconds left.\n|\n|t:|1700305715\n|switch|p2b: Landorus|Landorus-Therian, L50, M|93\/100\n|-ability|p2b: Landorus|Intimidate|boost\n|-unboost|p1a: Thundurus|atk|1\n|-unboost|p1b: Tinkaton|atk|1\n|move|p1a: Thundurus|Volt Switch|p2a: Milotic\n|-supereffective|p2a: Milotic\n|-damage|p2a: Milotic|35\/100\n|\n|t:|1700305727\n|switch|p1a: Urshifu|Urshifu-Rapid-Strike, L50, M, tera:Water|45\/100|[from] Volt Switch\n|move|p2a: Milotic|Icy Wind|p1b: Tinkaton|[spread] p1a\n|-miss|p2a: Milotic|p1b: Tinkaton\n|-resisted|p1a: Urshifu\n|-damage|p1a: Urshifu|38\/100\n|-unboost|p1a: Urshifu|spe|1\n|move|p1b: Tinkaton|Gigaton Hammer|p2b: Landorus\n|-damage|p2b: Landorus|63\/100\n|\n|upkeep\n|turn|5\n|inactive|Y4kle has 30 seconds left.\n|inactive|zac5224666 has 30 seconds left.\n|\n|t:|1700305760\n|switch|p2b: Sinistcha|Sinistcha-Masterpiece, L50|40\/100\n|-heal|p2a: Milotic|60\/100|[from] ability: Hospitality|[of] p2b: Sinistcha\n|switch|p1b: Thundurus|Thundurus, L50, M|100\/100\n|move|p1a: Urshifu|Aqua Jet|p2b: Sinistcha\n|-resisted|p2b: Sinistcha\n|-damage|p2b: Sinistcha|25\/100\n|move|p2a: Milotic|Scald|p1b: Thundurus\n|-damage|p1b: Thundurus|62\/100\n|\n|upkeep\n|turn|6\n|\n|t:|1700305783\n|switch|p1a: Tinkaton|Tinkaton, L50, F|33\/100\n|-ability|p1a: Tinkaton|Mold Breaker\n|move|p2a: Milotic|Protect|p2a: Milotic\n|-singleturn|p2a: Milotic|Protect\n|move|p1b: Thundurus|Volt Switch|p2a: Milotic\n|-activate|p2a: Milotic|move: Protect\n|move|p2b: Sinistcha|Matcha Gotcha|p1b: Thundurus|[spread] p1b\n|-miss|p2b: Sinistcha|p1a: Tinkaton\n|-resisted|p1b: Thundurus\n|-damage|p1b: Thundurus|42\/100\n|-heal|p2b: Sinistcha|34\/100|[from] drain|[of] p1b: Thundurus\n|\n|upkeep\n|turn|7\n|inactive|Y4kle has 30 seconds left.\n|inactive|zac5224666 has 30 seconds left.\n|inactive|Y4kle has 20 seconds left.\n|\n|t:|1700305820\n|switch|p2a: Landorus|Landorus-Therian, L50, M|63\/100\n|-ability|p2a: Landorus|Intimidate|boost\n|-unboost|p1a: Tinkaton|atk|1\n|-unboost|p1b: Thundurus|atk|1\n|move|p1b: Thundurus|Thunder Wave|p2b: Sinistcha\n|-status|p2b: Sinistcha|par\n|move|p1a: Tinkaton|Knock Off|p2a: Landorus\n|-damage|p2a: Landorus|45\/100\n|-enditem|p2a: Landorus|Choice Scarf|[from] move: Knock Off|[of] p1a: Tinkaton\n|move|p2b: Sinistcha|Matcha Gotcha|p1a: Tinkaton|[spread] p1a,p1b\n|-resisted|p1a: Tinkaton\n|-resisted|p1b: Thundurus\n|-damage|p1a: Tinkaton|18\/100\n|-heal|p2b: Sinistcha|42\/100 par|[from] drain|[of] p1a: Tinkaton\n|-damage|p1b: Thundurus|21\/100\n|-heal|p2b: Sinistcha|52\/100 par|[from] drain|[of] p1b: Thundurus\n|-status|p1a: Tinkaton|brn\n|-enditem|p1a: Tinkaton|Aguav Berry|[eat]\n|-heal|p1a: Tinkaton|52\/100 brn|[from] item: Aguav Berry\n|\n|-damage|p1a: Tinkaton|46\/100 brn|[from] brn\n|upkeep\n|turn|8\n|inactive|Y4kle has 30 seconds left.\n|inactive|zac5224666 has 30 seconds left.\n|inactive|Y4kle has 20 seconds left.\n|inactive|Y4kle has 15 seconds left.\n|\n|t:|1700305861\n|move|p1b: Thundurus|Volt Switch|p2a: Landorus\n|-immune|p2a: Landorus\n|move|p2a: Landorus|Rock Slide|p1a: Tinkaton|[spread] p1a,p1b\n|-resisted|p1a: Tinkaton\n|-supereffective|p1b: Thundurus\n|-damage|p1a: Tinkaton|35\/100 brn\n|-damage|p1b: Thundurus|0 fnt\n|faint|p1b: Thundurus\n|move|p1a: Tinkaton|Gigaton Hammer|p2b: Sinistcha\n|-damage|p2b: Sinistcha|36\/100 par\n|move|p2b: Sinistcha|Matcha Gotcha|p1a: Tinkaton\n|-resisted|p1a: Tinkaton\n|-damage|p1a: Tinkaton|17\/100 brn\n|-heal|p2b: Sinistcha|45\/100 par|[from] drain|[of] p1a: Tinkaton\n|\n|-damage|p1a: Tinkaton|11\/100 brn|[from] brn\n|upkeep\n|\n|t:|1700305879\n|switch|p1b: Dragapult|Dragapult, L50, M|100\/100\n|turn|9\n|\n|t:|1700305900\n|switch|p2a: Milotic|Milotic, L50, M|60\/100\n|move|p1b: Dragapult|Dragon Darts|p2b: Sinistcha\n|-damage|p2b: Sinistcha|7\/100 par\n|-anim|p1b: Dragapult|Dragon Darts|p2a: Milotic\n|-damage|p2a: Milotic|27\/100\n|move|p1a: Tinkaton|Thunder Wave|p2a: Milotic\n|-status|p2a: Milotic|par\n|move|p2b: Sinistcha|Matcha Gotcha|p1b: Dragapult|[spread] p1a,p1b\n|-resisted|p1a: Tinkaton\n|-resisted|p1b: Dragapult\n|-damage|p1a: Tinkaton|0 fnt\n|-heal|p2b: Sinistcha|13\/100 par|[from] drain|[of] p1a: Tinkaton\n|-damage|p1b: Dragapult|77\/100\n|-heal|p2b: Sinistcha|24\/100 par|[from] drain|[of] p1b: Dragapult\n|-status|p1b: Dragapult|brn\n|faint|p1a: Tinkaton\n|\n|-damage|p1b: Dragapult|72\/100 brn|[from] brn\n|upkeep\n|\n|t:|1700305920\n|switch|p1a: Urshifu|Urshifu-Rapid-Strike, L50, M, tera:Water|38\/100\n|turn|10\n|inactive|zac5224666 has 30 seconds left.\n|inactive|zac5224666 has 20 seconds left.\n|c|\u2606Y4kle|these burns man :((\n|\n|t:|1700305958\n|move|p2b: Sinistcha|Protect|p2b: Sinistcha\n|-singleturn|p2b: Sinistcha|Protect\n|move|p1a: Urshifu|Surging Strikes|p2b: Sinistcha\n|-resisted|p2b: Sinistcha\n|-crit|p2b: Sinistcha\n|-damage|p2b: Sinistcha|10\/100 par\n|-resisted|p2b: Sinistcha\n|-crit|p2b: Sinistcha\n|-damage|p2b: Sinistcha|0 fnt\n|faint|p2b: Sinistcha\n|-hitcount|p2: Sinistcha|2\n|move|p1b: Dragapult|Dragon Darts|p2a: Milotic\n|-damage|p2a: Milotic|9\/100 par\n|-anim|p1b: Dragapult|Dragon Darts|p2a: Milotic\n|-damage|p2a: Milotic|0 fnt\n|faint|p2a: Milotic\n|\n|-damage|p1b: Dragapult|66\/100 brn|[from] brn\n|upkeep\n|\n|t:|1700305976\n|switch|p2a: Landorus|Landorus-Therian, L50, M|45\/100\n|switch|p2b: Glimmora|Glimmora, L50, M|100\/100\n|-ability|p2a: Landorus|Intimidate|boost\n|-unboost|p1a: Urshifu|atk|1\n|-fail|p1b: Dragapult|unboost|[from] ability: Clear Body|[of] p1b: Dragapult\n|turn|11\n|inactive|zac5224666 has 30 seconds left.\n|inactive|zac5224666 has 20 seconds left.\n|\n|t:|1700306012\n|-terastallize|p2b: Glimmora|Fairy\n|move|p1a: Urshifu|Surging Strikes|p2b: Glimmora\n|-crit|p2b: Glimmora\n|-damage|p2b: Glimmora|62\/100\n|-activate|p2b: Glimmora|ability: Toxic Debris\n|-sidestart|p1: Y4kle|move: Toxic Spikes\n|-crit|p2b: Glimmora\n|-damage|p2b: Glimmora|25\/100\n|-activate|p2b: Glimmora|ability: Toxic Debris\n|-sidestart|p1: Y4kle|move: Toxic Spikes\n|-crit|p2b: Glimmora\n|-damage|p2b: Glimmora|0 fnt\n|faint|p2b: Glimmora\n|-hitcount|p2: Glimmora|3\n|move|p1b: Dragapult|Dragon Darts|p2a: Landorus\n|-damage|p2a: Landorus|23\/100\n|-anim|p1b: Dragapult|Dragon Darts|p2a: Landorus\n|-damage|p2a: Landorus|3\/100\n|move|p2a: Landorus|Rock Slide|p1a: Urshifu|[spread] \n|-miss|p2a: Landorus|p1a: Urshifu\n|-miss|p2a: Landorus|p1b: Dragapult\n|\n|-damage|p1b: Dragapult|60\/100 brn|[from] brn\n|upkeep\n|turn|12\n|-message|zac5224666 forfeited.\n|\n|win|Y4kle\n|raw|Y4kle's rating: 1413 &rarr; <strong>1431<\/strong><br \/>(+18 for winning)\n|raw|zac5224666's rating: 1371 &rarr; <strong>1353<\/strong><br \/>(-18 for losing)\n|l|\u2606zac5224666\n","uploadtime":1700306042,"views":24,"p1id":"y4kle","p2id":"zac5224666","formatid":"gen9vgc2023regulatione","rating":1353,"private":0,"password":""}