{"id":"gen9vgc2023regulatione-1998407280","p1":"swh4420","p2":"whyismynamejeff","format":"[Gen 9] VGC 2023 Regulation E","log":"|j|\u2606swh4420\n|j|\u2606whyismynamejeff\n|t:|1700938867\n|gametype|doubles\n|player|p1|swh4420|burglar|1133\n|player|p2|whyismynamejeff|musician|1037\n|teamsize|p1|6\n|teamsize|p2|6\n|gen|9\n|tier|[Gen 9] VGC 2023 Regulation E\n|rated|\n|rule|Species Clause: Limit one of each Pok\u00e9mon\n|rule|Item Clause: Limit one of each item\n|clearpoke\n|poke|p1|Dragonite, L50, M|\n|poke|p1|Chien-Pao, L50|\n|poke|p1|Empoleon, L50, F|\n|poke|p1|Landorus-Therian, L50, M|\n|poke|p1|Iron Hands, L50|\n|poke|p1|Ogerpon-Hearthflame, L50, F|\n|poke|p2|Ogerpon-Wellspring, L50, F|\n|poke|p2|Regieleki, L50|\n|poke|p2|Indeedee-F, L50, F|\n|poke|p2|Tornadus, L50, M|\n|poke|p2|Chi-Yu, L50|\n|poke|p2|Flutter Mane, L50|\n|teampreview|4\n|\n|t:|1700938895\n|start\n|switch|p1a: Landorus|Landorus-Therian, L50, M|100\/100\n|switch|p1b: Iron Hands|Iron Hands, L50|100\/100\n|switch|p2a: Tornadus|Tornadus, L50, M|100\/100\n|switch|p2b: Ogerpon|Ogerpon-Wellspring, L50, F|100\/100\n|-ability|p1a: Landorus|Intimidate|boost\n|-unboost|p2a: Tornadus|atk|1\n|-unboost|p2b: Ogerpon|atk|1\n|turn|1\n|\n|t:|1700938922\n|move|p1b: Iron Hands|Fake Out|p2a: Tornadus\n|-damage|p2a: Tornadus|75\/100\n|cant|p2a: Tornadus|flinch\n|move|p1a: Landorus|U-turn|p2b: Ogerpon\n|-supereffective|p2b: Ogerpon\n|-damage|p2b: Ogerpon|26\/100\n|\n|t:|1700938940\n|switch|p1a: Empoleon|Empoleon, L50, F|100\/100|[from] U-turn\n|move|p2b: Ogerpon|Ivy Cudgel|p1a: Empoleon|[anim] Ivy Cudgel Water\n|-resisted|p1a: Empoleon\n|-damage|p1a: Empoleon|85\/100\n|\n|-heal|p1a: Empoleon|91\/100|[from] item: Leftovers\n|upkeep\n|turn|2\n|\n|t:|1700938952\n|move|p2b: Ogerpon|Spiky Shield|p2b: Ogerpon\n|-singleturn|p2b: Ogerpon|move: Protect\n|move|p2a: Tornadus|Tailwind|p2a: Tornadus\n|-sidestart|p2: whyismynamejeff|move: Tailwind\n|move|p1b: Iron Hands|Wild Charge|p2a: Tornadus\n|-supereffective|p2a: Tornadus\n|-damage|p2a: Tornadus|0 fnt\n|faint|p2a: Tornadus\n|-damage|p1b: Iron Hands|88\/100|[from] Recoil\n|move|p1a: Empoleon|Icy Wind|p2b: Ogerpon\n|-activate|p2b: Ogerpon|move: Protect\n|\n|-heal|p1a: Empoleon|96\/100|[from] item: Leftovers\n|upkeep\n|\n|t:|1700938963\n|switch|p2a: Indeedee|Indeedee-F, L50, F|100\/100\n|-fieldstart|move: Psychic Terrain|[from] ability: Psychic Surge|[of] p2a: Indeedee\n|-enditem|p2a: Indeedee|Psychic Seed\n|-boost|p2a: Indeedee|spd|1|[from] item: Psychic Seed\n|turn|3\n|c|\u2606whyismynamejeff|hmm\n|\n|t:|1700938986\n|-terastallize|p1b: Iron Hands|Fire\n|move|p2a: Indeedee|Follow Me|p2a: Indeedee\n|-singleturn|p2a: Indeedee|move: Follow Me\n|move|p2b: Ogerpon|Horn Leech|p1a: Empoleon\n|-damage|p1a: Empoleon|75\/100\n|-heal|p2b: Ogerpon|39\/100|[from] drain|[of] p1a: Empoleon\n|move|p1a: Empoleon|Icy Wind|p2a: Indeedee|[spread] p2a,p2b\n|-damage|p2a: Indeedee|94\/100\n|-damage|p2b: Ogerpon|25\/100\n|-unboost|p2a: Indeedee|spe|1\n|-unboost|p2b: Ogerpon|spe|1\n|move|p1b: Iron Hands|Heavy Slam|p2a: Indeedee\n|-damage|p2a: Indeedee|44\/100\n|\n|-heal|p1a: Empoleon|81\/100|[from] item: Leftovers\n|upkeep\n|turn|4\n|c|\u2606whyismynamejeff|i know it runs vest\n|\n|t:|1700939012\n|move|p2a: Indeedee|Follow Me|p2a: Indeedee\n|-singleturn|p2a: Indeedee|move: Follow Me\n|move|p2b: Ogerpon|Swords Dance|p2b: Ogerpon\n|-boost|p2b: Ogerpon|atk|2\n|move|p1b: Iron Hands|Wild Charge|p2a: Indeedee\n|-damage|p2a: Indeedee|0 fnt\n|faint|p2a: Indeedee\n|-damage|p1b: Iron Hands|80\/100|[from] Recoil\n|move|p1a: Empoleon|Icy Wind|p2b: Ogerpon|[miss]\n|-miss|p1a: Empoleon|p2b: Ogerpon\n|\n|-heal|p1a: Empoleon|87\/100|[from] item: Leftovers\n|upkeep\n|\n|t:|1700939019\n|switch|p2a: Chi-Yu|Chi-Yu, L50|100\/100\n|-ability|p2a: Chi-Yu|Beads of Ruin\n|turn|5\n|c|\u2606whyismynamejeff|hmm\n|\n|t:|1700939039\n|-terastallize|p2b: Ogerpon|Water\n|detailschange|p2b: Ogerpon|Ogerpon-Wellspring-Tera, L50, F, tera:Water\n|-ability|p2b: Ogerpon|Embody Aspect (Wellspring)|boost\n|-boost|p2b: Ogerpon|spd|1\n|move|p2a: Chi-Yu|Snarl|p1b: Iron Hands|[spread] p1a,p1b\n|-damage|p1a: Empoleon|53\/100\n|-damage|p1b: Iron Hands|46\/100\n|-unboost|p1a: Empoleon|spa|1\n|-ability|p1a: Empoleon|Competitive|boost\n|-boost|p1a: Empoleon|spa|2\n|-unboost|p1b: Iron Hands|spa|1\n|-damage|p2a: Chi-Yu|91\/100|[from] item: Life Orb\n|move|p2b: Ogerpon|Ivy Cudgel|p1b: Iron Hands|[anim] Ivy Cudgel Water\n|-supereffective|p1b: Iron Hands\n|-damage|p1b: Iron Hands|0 fnt\n|faint|p1b: Iron Hands\n|-end|p1b: Iron Hands|Quark Drive|[silent]\n|move|p1a: Empoleon|Chilling Water|p2a: Chi-Yu\n|-supereffective|p2a: Chi-Yu\n|-damage|p2a: Chi-Yu|25\/100\n|-unboost|p2a: Chi-Yu|atk|1\n|\n|-heal|p1a: Empoleon|59\/100|[from] item: Leftovers\n|-sideend|p2: whyismynamejeff|move: Tailwind\n|upkeep\n|\n|t:|1700939058\n|switch|p1b: Landorus|Landorus-Therian, L50, M|100\/100\n|-ability|p1b: Landorus|Intimidate|boost\n|-unboost|p2a: Chi-Yu|atk|1\n|-unboost|p2b: Ogerpon|atk|1\n|turn|6\n|\n|t:|1700939082\n|move|p2a: Chi-Yu|Protect|p2a: Chi-Yu\n|-singleturn|p2a: Chi-Yu|Protect\n|move|p1b: Landorus|Tera Blast|p2b: Ogerpon\n|-damage|p2b: Ogerpon|6\/100\n|move|p2b: Ogerpon|Horn Leech|p1b: Landorus\n|-damage|p1b: Landorus|51\/100\n|-heal|p2b: Ogerpon|35\/100|[from] drain|[of] p1b: Landorus\n|move|p1a: Empoleon|Chilling Water|p2a: Chi-Yu\n|-activate|p2a: Chi-Yu|move: Protect\n|\n|-heal|p1a: Empoleon|65\/100|[from] item: Leftovers\n|upkeep\n|turn|7\n|\n|t:|1700939105\n|move|p2b: Ogerpon|Spiky Shield|p2b: Ogerpon\n|-singleturn|p2b: Ogerpon|move: Protect\n|move|p1b: Landorus|Tera Blast|p2b: Ogerpon\n|-activate|p2b: Ogerpon|move: Protect\n|move|p2a: Chi-Yu|Overheat|p1a: Empoleon\n|-damage|p1a: Empoleon|0 fnt\n|-unboost|p2a: Chi-Yu|spa|2\n|faint|p1a: Empoleon\n|-damage|p2a: Chi-Yu|15\/100|[from] item: Life Orb\n|\n|-fieldend|move: Psychic Terrain\n|upkeep\n|\n|t:|1700939115\n|switch|p1a: Ogerpon|Ogerpon-Hearthflame, L50, F|100\/100\n|-ability|p1a: Ogerpon|Mold Breaker\n|turn|8\n|\n|t:|1700939124\n|move|p2a: Chi-Yu|Protect|p2a: Chi-Yu\n|-singleturn|p2a: Chi-Yu|Protect\n|move|p1a: Ogerpon|Spiky Shield|p1a: Ogerpon\n|-singleturn|p1a: Ogerpon|move: Protect\n|move|p1b: Landorus|Tera Blast|p2a: Chi-Yu\n|-activate|p2a: Chi-Yu|move: Protect\n|move|p2b: Ogerpon|Ivy Cudgel|p1b: Landorus|[anim] Ivy Cudgel Water\n|-supereffective|p1b: Landorus\n|-damage|p1b: Landorus|0 fnt\n|faint|p1b: Landorus\n|\n|upkeep\n|turn|9\n|\n|t:|1700939142\n|move|p2a: Chi-Yu|Snarl|p1a: Ogerpon|[miss]\n|-miss|p2a: Chi-Yu|p1a: Ogerpon\n|move|p1a: Ogerpon|Horn Leech|p2b: Ogerpon\n|-supereffective|p2b: Ogerpon\n|-damage|p2b: Ogerpon|0 fnt\n|faint|p2b: Ogerpon\n|\n|upkeep\n|turn|10\n|c|\u2606whyismynamejeff|wait shit\n|c|\u2606whyismynamejeff|lkjsrguwi\n|\n|t:|1700939163\n|move|p2a: Chi-Yu|Protect|p2a: Chi-Yu\n|-singleturn|p2a: Chi-Yu|Protect\n|move|p1a: Ogerpon|Stomping Tantrum|p2a: Chi-Yu\n|-activate|p2a: Chi-Yu|move: Protect\n|\n|upkeep\n|turn|11\n|c|\u2606whyismynamejeff|brooooo\n|\n|t:|1700939171\n|move|p2a: Chi-Yu|Overheat|p1a: Ogerpon\n|-damage|p1a: Ogerpon|35\/100\n|-unboost|p2a: Chi-Yu|spa|2\n|-damage|p2a: Chi-Yu|5\/100|[from] item: Life Orb\n|move|p1a: Ogerpon|Stomping Tantrum|p2a: Chi-Yu\n|-supereffective|p2a: Chi-Yu\n|-damage|p2a: Chi-Yu|0 fnt\n|faint|p2a: Chi-Yu\n|\n|win|swh4420\n|raw|swh4420's rating: 1133 &rarr; <strong>1151<\/strong><br \/>(+18 for winning)\n|raw|whyismynamejeff's rating: 1037 &rarr; <strong>1026<\/strong><br \/>(-11 for losing)\n|c|\u2606swh4420|WASAP\n|l|\u2606swh4420\n|c|\u2606whyismynamejeff|that was so close tho\n|c|\u2606whyismynamejeff|gg\n","uploadtime":1700939185,"views":11,"p1id":"swh4420","p2id":"whyismynamejeff","formatid":"gen9vgc2023regulatione","rating":1026,"private":0,"password":""}