{"id":"gen9vgc2023regulatione-1996379731","p1":"RoboticRacer14a","p2":"SakiVGC","format":"[Gen 9] VGC 2023 Regulation E","log":"|j|\u2606RoboticRacer14a\n|j|\u2606SakiVGC\n|t:|1700676468\n|gametype|doubles\n|player|p1|RoboticRacer14a|101|1225\n|player|p2|SakiVGC|2|1136\n|teamsize|p1|6\n|teamsize|p2|6\n|gen|9\n|tier|[Gen 9] VGC 2023 Regulation E\n|rated|\n|rule|Species Clause: Limit one of each Pok\u00e9mon\n|rule|Item Clause: Limit one of each item\n|clearpoke\n|poke|p1|Roaring Moon, L50|\n|poke|p1|Landorus-Therian, L50, M|\n|poke|p1|Urshifu-*, L50, F|\n|poke|p1|Amoonguss, L50, F|\n|poke|p1|Iron Hands, L50|\n|poke|p1|Flutter Mane, L50|\n|poke|p2|Piplup, L50, M|\n|poke|p2|Flutter Mane, L50|\n|poke|p2|Gothitelle, L50, F|\n|poke|p2|Urshifu-*, L50, M|\n|poke|p2|Amoonguss, L50, F|\n|poke|p2|Arcanine-Hisui, L50, M|\n|teampreview|4\n|inactive|Battle timer is ON: inactive players will automatically lose when time's up. (requested by SakiVGC)\n|\n|t:|1700676487\n|start\n|switch|p1a: Roaring Moon|Roaring Moon, L50|100\/100\n|switch|p1b: Iron Hands|Iron Hands, L50|100\/100\n|switch|p2a: Goth Girl|Gothitelle, L50, F|100\/100\n|switch|p2b: Not Broken|Flutter Mane, L50|100\/100\n|-enditem|p2b: Not Broken|Booster Energy\n|-activate|p2b: Not Broken|ability: Protosynthesis|[fromitem]\n|-start|p2b: Not Broken|protosynthesisspe\n|-enditem|p1a: Roaring Moon|Booster Energy\n|-activate|p1a: Roaring Moon|ability: Protosynthesis|[fromitem]\n|-start|p1a: Roaring Moon|protosynthesisatk\n|turn|1\n|\n|t:|1700676509\n|-terastallize|p1a: Roaring Moon|Flying\n|move|p1b: Iron Hands|Fake Out|p2a: Goth Girl\n|-damage|p2a: Goth Girl|85\/100\n|cant|p2a: Goth Girl|flinch\n|move|p2b: Not Broken|Perish Song|p2b: Not Broken\n|-start|p1a: Roaring Moon|perish3|[silent]\n|-start|p1b: Iron Hands|perish3|[silent]\n|-start|p2a: Goth Girl|perish3|[silent]\n|-start|p2b: Not Broken|perish3|[silent]\n|-fieldactivate|move: Perish Song\n|move|p1a: Roaring Moon|Tailwind|p1a: Roaring Moon\n|-sidestart|p1: RoboticRacer14a|move: Tailwind\n|\n|-start|p1a: Roaring Moon|perish3\n|-start|p2b: Not Broken|perish3\n|-start|p1b: Iron Hands|perish3\n|-start|p2a: Goth Girl|perish3\n|upkeep\n|turn|2\n|\n|t:|1700676532\n|move|p2b: Not Broken|Protect|p2b: Not Broken\n|-singleturn|p2b: Not Broken|Protect\n|move|p2a: Goth Girl|Protect|p2a: Goth Girl\n|-singleturn|p2a: Goth Girl|Protect\n|move|p1a: Roaring Moon|Knock Off|p2a: Goth Girl\n|-activate|p2a: Goth Girl|move: Protect\n|move|p1b: Iron Hands|Heavy Slam|p2b: Not Broken\n|-activate|p2b: Not Broken|move: Protect\n|\n|-start|p1a: Roaring Moon|perish2\n|-start|p2b: Not Broken|perish2\n|-start|p1b: Iron Hands|perish2\n|-start|p2a: Goth Girl|perish2\n|upkeep\n|turn|3\n|\n|t:|1700676547\n|-end|p2b: Not Broken|Protosynthesis|[silent]\n|switch|p2b: Lil' boy<3|Piplup, L50, M, shiny|100\/100\n|-terastallize|p2a: Goth Girl|Dragon\n|move|p1a: Roaring Moon|Knock Off|p2a: Goth Girl\n|-damage|p2a: Goth Girl|2\/100\n|-enditem|p2a: Goth Girl|Sitrus Berry|[from] move: Knock Off|[of] p1a: Roaring Moon\n|move|p1b: Iron Hands|Heavy Slam|p2b: Lil' boy<3\n|-resisted|p2b: Lil' boy<3\n|-damage|p2b: Lil' boy<3|77\/100\n|move|p2a: Goth Girl|Psychic|p1b: Iron Hands\n|-supereffective|p1b: Iron Hands\n|-damage|p1b: Iron Hands|35\/100\n|\n|-heal|p1b: Iron Hands|41\/100|[from] item: Leftovers\n|-start|p1a: Roaring Moon|perish1\n|-start|p1b: Iron Hands|perish1\n|-start|p2a: Goth Girl|perish1\n|upkeep\n|turn|4\n|inactive|RoboticRacer14a has 30 seconds left.\n|inactive|RoboticRacer14a has 20 seconds left.\n|inactive|RoboticRacer14a has 15 seconds left.\n|\n|t:|1700676588\n|switch|p2a: :O|Amoonguss, L50, F|100\/100\n|move|p2b: Lil' boy<3|Protect|p2b: Lil' boy<3\n|-singleturn|p2b: Lil' boy<3|Protect\n|move|p1a: Roaring Moon|Knock Off|p2b: Lil' boy<3\n|-activate|p2b: Lil' boy<3|move: Protect\n|move|p1b: Iron Hands|Heavy Slam|p2a: :O\n|-damage|p2a: :O|66\/100\n|-damage|p1b: Iron Hands|25\/100|[from] item: Rocky Helmet|[of] p2a: :O\n|\n|-heal|p1b: Iron Hands|31\/100|[from] item: Leftovers\n|-start|p1a: Roaring Moon|perish0\n|-start|p1b: Iron Hands|perish0\n|-sideend|p1: RoboticRacer14a|move: Tailwind\n|faint|p1a: Roaring Moon\n|-end|p1a: Roaring Moon|Protosynthesis|[silent]\n|faint|p1b: Iron Hands\n|-end|p1b: Iron Hands|Quark Drive|[silent]\n|upkeep\n|\n|t:|1700676591\n|switch|p1a: Flutter Mane|Flutter Mane, L50|100\/100\n|switch|p1b: Urshifu|Urshifu-Rapid-Strike, L50, F|100\/100\n|turn|5\n|\n|t:|1700676608\n|move|p2a: :O|Rage Powder|p2a: :O\n|-singleturn|p2a: :O|move: Rage Powder\n|move|p1a: Flutter Mane|Shadow Ball|p2a: :O\n|-damage|p2a: :O|24\/100\n|-unboost|p2a: :O|spd|1\n|move|p1b: Urshifu|Surging Strikes|p2a: :O\n|-resisted|p2a: :O\n|-crit|p2a: :O\n|-damage|p2a: :O|15\/100\n|-damage|p1b: Urshifu|84\/100|[from] item: Rocky Helmet|[of] p2a: :O\n|-resisted|p2a: :O\n|-crit|p2a: :O\n|-damage|p2a: :O|6\/100\n|-damage|p1b: Urshifu|68\/100|[from] item: Rocky Helmet|[of] p2a: :O\n|-resisted|p2a: :O\n|-crit|p2a: :O\n|-damage|p2a: :O|0 fnt\n|-damage|p1b: Urshifu|51\/100|[from] item: Rocky Helmet|[of] p2a: :O\n|faint|p2a: :O\n|-hitcount|p2: :O|3\n|move|p2b: Lil' boy<3|Icy Wind|p1a: Flutter Mane|[spread] p1a,p1b\n|-resisted|p1b: Urshifu\n|-damage|p1a: Flutter Mane|94\/100\n|-damage|p1b: Urshifu|48\/100\n|-unboost|p1a: Flutter Mane|spe|1\n|-unboost|p1b: Urshifu|spe|1\n|\n|upkeep\n|\n|t:|1700676626\n|switch|p2a: Not Broken|Flutter Mane, L50|100\/100\n|turn|6\n|-message|RoboticRacer14a forfeited.\n|\n|win|SakiVGC\n|raw|RoboticRacer14a's rating: 1225 &rarr; <strong>1194<\/strong><br \/>(-31 for losing)\n|raw|SakiVGC's rating: 1136 &rarr; <strong>1167<\/strong><br \/>(+31 for winning)\n|l|\u2606RoboticRacer14a\n","uploadtime":1700676633,"views":6,"p1id":"roboticracer14a","p2id":"sakivgc","formatid":"gen9vgc2023regulatione","rating":1167,"private":0,"password":""}