{"id":"gen9vgc2023regulatione-1989507299","p1":"randomacctest","p2":"ZexZyte","format":"[Gen 9] VGC 2023 Regulation E","log":"|j|\u2606randomacctest\n|j|\u2606ZexZyte\n|t:|1699862508\n|gametype|doubles\n|player|p1|randomacctest|265|1126\n|player|p2|ZexZyte|169|1076\n|teamsize|p1|6\n|teamsize|p2|6\n|gen|9\n|tier|[Gen 9] VGC 2023 Regulation E\n|rated|\n|rule|Species Clause: Limit one of each Pok\u00e9mon\n|rule|Item Clause: Limit one of each item\n|clearpoke\n|poke|p1|Roaring Moon, L50|\n|poke|p1|Tatsugiri, L50, M|\n|poke|p1|Dondozo, L50, F|\n|poke|p1|Gothitelle, L50, M|\n|poke|p1|Weezing, L50, F|\n|poke|p1|Flutter Mane, L50|\n|poke|p2|Flutter Mane, L50|\n|poke|p2|Landorus-Therian, L50, M|\n|poke|p2|Iron Hands, L50|\n|poke|p2|Urshifu-*, L50, M|\n|poke|p2|Amoonguss, L50, M|\n|poke|p2|Rillaboom, L50, F|\n|teampreview|4\n|inactive|Battle timer is ON: inactive players will automatically lose when time's up. (requested by ZexZyte)\n|inactive|randomacctest has 60 seconds left.\n|\n|t:|1699862558\n|start\n|switch|p1a: Weezing|Weezing, L50, F|100\/100\n|switch|p1b: Roaring Moon|Roaring Moon, L50|100\/100\n|switch|p2a: Rillaboom|Rillaboom, L50, F|100\/100\n|switch|p2b: Iron Hands|Iron Hands, L50|100\/100\n|-ability|p1a: Weezing|Neutralizing Gas\n|-enditem|p1b: Roaring Moon|Booster Energy\n|-activate|p1b: Roaring Moon|ability: Protosynthesis|[fromitem]\n|-start|p1b: Roaring Moon|protosynthesisspe\n|turn|1\n|inactive|randomacctest has 30 seconds left.\n|\n|t:|1699862586\n|move|p1b: Roaring Moon|Protect|p1b: Roaring Moon\n|-singleturn|p1b: Roaring Moon|Protect\n|move|p2a: Rillaboom|Fake Out|p1a: Weezing\n|-damage|p1a: Weezing|91\/100\n|move|p2b: Iron Hands|Fake Out|p1b: Roaring Moon\n|-activate|p1b: Roaring Moon|move: Protect\n|cant|p1a: Weezing|flinch\n|\n|upkeep\n|turn|2\n|inactive|randomacctest has 30 seconds left.\n|\n|t:|1699862612\n|-terastallize|p1b: Roaring Moon|Flying\n|move|p1b: Roaring Moon|Acrobatics|p2a: Rillaboom\n|-supereffective|p2a: Rillaboom\n|-damage|p2a: Rillaboom|0 fnt\n|faint|p2a: Rillaboom\n|move|p1a: Weezing|Will-O-Wisp|p2b: Iron Hands|[miss]\n|-miss|p1a: Weezing|p2b: Iron Hands\n|move|p2b: Iron Hands|Drain Punch|p1b: Roaring Moon\n|-resisted|p1b: Roaring Moon\n|-damage|p1b: Roaring Moon|72\/100\n|\n|upkeep\n|\n|t:|1699862617\n|switch|p2a: Urshifu|Urshifu, L50, M|100\/100\n|turn|3\n|\n|t:|1699862633\n|-terastallize|p2a: Urshifu|Water\n|move|p1b: Roaring Moon|Protect|p1b: Roaring Moon\n|-singleturn|p1b: Roaring Moon|Protect\n|move|p2a: Urshifu|Wicked Blow|p1a: Weezing\n|-crit|p1a: Weezing\n|-damage|p1a: Weezing|43\/100\n|-enditem|p1a: Weezing|Sitrus Berry|[eat]\n|-heal|p1a: Weezing|68\/100|[from] item: Sitrus Berry\n|move|p1a: Weezing|Will-O-Wisp|p2a: Urshifu\n|-status|p2a: Urshifu|brn\n|move|p2b: Iron Hands|Wild Charge|p1b: Roaring Moon\n|-activate|p1b: Roaring Moon|move: Protect\n|\n|-damage|p2a: Urshifu|95\/100 brn|[from] brn\n|upkeep\n|turn|4\n|inactive|randomacctest has 30 seconds left.\n|\n|t:|1699862667\n|move|p1b: Roaring Moon|Tailwind|p1b: Roaring Moon\n|-sidestart|p1: randomacctest|move: Tailwind\n|move|p1a: Weezing|Will-O-Wisp|p2b: Iron Hands\n|-status|p2b: Iron Hands|brn\n|move|p2a: Urshifu|Wicked Blow|p1a: Weezing\n|-crit|p1a: Weezing\n|-damage|p1a: Weezing|47\/100\n|move|p2b: Iron Hands|Wild Charge|p1b: Roaring Moon\n|-supereffective|p1b: Roaring Moon\n|-damage|p1b: Roaring Moon|6\/100\n|-damage|p2b: Iron Hands|89\/100 brn|[from] Recoil\n|\n|-damage|p2a: Urshifu|89\/100 brn|[from] brn\n|-damage|p2b: Iron Hands|83\/100 brn|[from] brn\n|upkeep\n|turn|5\n|\n|t:|1699862688\n|move|p1b: Roaring Moon|Knock Off|p2b: Iron Hands\n|-resisted|p2b: Iron Hands\n|-damage|p2b: Iron Hands|66\/100 brn\n|-enditem|p2b: Iron Hands|Assault Vest|[from] move: Knock Off|[of] p1b: Roaring Moon\n|move|p1a: Weezing|Acid Spray|p2a: Urshifu\n|-damage|p2a: Urshifu|72\/100 brn\n|-unboost|p2a: Urshifu|spd|2\n|move|p2a: Urshifu|Wicked Blow|p1a: Weezing\n|-crit|p1a: Weezing\n|-damage|p1a: Weezing|23\/100\n|move|p2b: Iron Hands|Drain Punch|p1b: Roaring Moon\n|-resisted|p1b: Roaring Moon\n|-damage|p1b: Roaring Moon|0 fnt\n|-heal|p2b: Iron Hands|68\/100 brn|[from] drain|[of] p1b: Roaring Moon\n|faint|p1b: Roaring Moon\n|-end|p1b: Roaring Moon|Protosynthesis|[silent]\n|\n|-damage|p2a: Urshifu|66\/100 brn|[from] brn\n|-damage|p2b: Iron Hands|62\/100 brn|[from] brn\n|upkeep\n|\n|t:|1699862707\n|switch|p1b: Flutter Mane|Flutter Mane, L50|100\/100\n|turn|6\n|\n|t:|1699862721\n|move|p2a: Urshifu|Protect|p2a: Urshifu\n|-singleturn|p2a: Urshifu|Protect\n|move|p1b: Flutter Mane|Dazzling Gleam|p2a: Urshifu|[spread] p2b\n|-activate|p2a: Urshifu|move: Protect\n|-supereffective|p2b: Iron Hands\n|-damage|p2b: Iron Hands|0 fnt\n|faint|p2b: Iron Hands\n|-end|p2b: Iron Hands|Quark Drive|[silent]\n|move|p1a: Weezing|Acid Spray|p2a: Urshifu\n|-activate|p2a: Urshifu|move: Protect\n|\n|-damage|p2a: Urshifu|60\/100 brn|[from] brn\n|upkeep\n|\n|t:|1699862723\n|switch|p2b: Flutter Mane|Flutter Mane, L50|100\/100\n|-enditem|p2b: Flutter Mane|Booster Energy\n|-activate|p2b: Flutter Mane|ability: Protosynthesis|[fromitem]\n|-start|p2b: Flutter Mane|protosynthesisspe\n|turn|7\n|\n|t:|1699862743\n|move|p2b: Flutter Mane|Protect|p2b: Flutter Mane\n|-singleturn|p2b: Flutter Mane|Protect\n|move|p2a: Urshifu|Protect||[still]\n|-fail|p2a: Urshifu\n|move|p1b: Flutter Mane|Dazzling Gleam|p2b: Flutter Mane|[spread] p2a\n|-activate|p2b: Flutter Mane|move: Protect\n|-damage|p2a: Urshifu|0 fnt\n|faint|p2a: Urshifu\n|move|p1a: Weezing|Acid Spray|p2b: Flutter Mane\n|-activate|p2b: Flutter Mane|move: Protect\n|\n|-sideend|p1: randomacctest|move: Tailwind\n|upkeep\n|turn|8\n|\n|t:|1699862768\n|move|p2b: Flutter Mane|Shadow Ball|p1b: Flutter Mane\n|-supereffective|p1b: Flutter Mane\n|-damage|p1b: Flutter Mane|11\/100\n|-unboost|p1b: Flutter Mane|spd|1\n|move|p1b: Flutter Mane|Dazzling Gleam|p2b: Flutter Mane\n|-damage|p2b: Flutter Mane|40\/100\n|move|p1a: Weezing|Acid Spray|p2b: Flutter Mane\n|-damage|p2b: Flutter Mane|28\/100\n|-unboost|p2b: Flutter Mane|spd|2\n|\n|upkeep\n|turn|9\n|-message|ZexZyte forfeited.\n|\n|win|randomacctest\n|raw|randomacctest's rating: 1126 &rarr; <strong>1147<\/strong><br \/>(+21 for winning)\n|raw|ZexZyte's rating: 1076 &rarr; <strong>1058<\/strong><br \/>(-18 for losing)\n|l|\u2606ZexZyte\n","uploadtime":1699862785,"views":16,"p1id":"randomacctest","p2id":"zexzyte","formatid":"gen9vgc2023regulatione","rating":1058,"private":0,"password":""}