{"id":"gen9vgc2023regulatione-1990461544","p1":"anotherhito","p2":"tintolas_","format":"[Gen 9] VGC 2023 Regulation E","log":"|j|\u2606anotherhito\n|j|\u2606tintolas_\n|t:|1699973153\n|gametype|doubles\n|player|p1|anotherhito|2|1099\n|player|p2|tintolas_|1|1000\n|teamsize|p1|6\n|teamsize|p2|6\n|gen|9\n|tier|[Gen 9] VGC 2023 Regulation E\n|rated|\n|rule|Species Clause: Limit one of each Pok\u00e9mon\n|rule|Item Clause: Limit one of each item\n|clearpoke\n|poke|p1|Braviary-Hisui, L50, M|\n|poke|p1|Farigiraf, L50, M|\n|poke|p1|Jumpluff, L50, M|\n|poke|p1|Scizor, L50, M|\n|poke|p1|Azumarill, L50, F|\n|poke|p1|Rotom-Wash, L50|\n|poke|p2|Lurantis, L50, M|\n|poke|p2|Sinistcha, L50|\n|poke|p2|Dondozo, L50, M|\n|poke|p2|Tatsugiri, L50, M|\n|poke|p2|Flutter Mane, L50|\n|poke|p2|Carbink, L50|\n|teampreview|4\n|\n|t:|1699973181\n|start\n|switch|p1a: Braviary|Braviary-Hisui, L50, M, shiny|100\/100\n|switch|p1b: Farigiraf|Farigiraf, L50, M|100\/100\n|switch|p2a: Lurantis|Lurantis, L50, M|100\/100\n|switch|p2b: Carbink|Carbink, L50|100\/100\n|turn|1\n|\n|t:|1699973207\n|move|p2a: Lurantis|Protect|p2a: Lurantis\n|-singleturn|p2a: Lurantis|Protect\n|move|p1a: Braviary|Heat Wave|p2a: Lurantis|[spread] \n|-activate|p2a: Lurantis|move: Protect\n|-miss|p1a: Braviary|p2b: Carbink\n|move|p1b: Farigiraf|Psychic|p2a: Lurantis\n|-activate|p2a: Lurantis|move: Protect\n|move|p2b: Carbink|Trick Room|p2b: Carbink\n|-fieldstart|move: Trick Room|[of] p2b: Carbink\n|\n|upkeep\n|turn|2\n|\n|t:|1699973237\n|move|p1a: Braviary|Protect|p1a: Braviary\n|-singleturn|p1a: Braviary|Protect\n|move|p2b: Carbink|Charm|p2a: Lurantis\n|-boost|p2a: Lurantis|atk|2\n|move|p2a: Lurantis|Leaf Storm|p1a: Braviary\n|-activate|p1a: Braviary|move: Protect\n|move|p1b: Farigiraf|Trick Room|p1b: Farigiraf\n|-fieldend|move: Trick Room\n|\n|upkeep\n|turn|3\n|\n|t:|1699973276\n|move|p2b: Carbink|Protect|p2b: Carbink\n|-singleturn|p2b: Carbink|Protect\n|move|p2a: Lurantis|Protect|p2a: Lurantis\n|-singleturn|p2a: Lurantis|Protect\n|move|p1a: Braviary|Psychic|p2b: Carbink\n|-activate|p2b: Carbink|move: Protect\n|move|p1b: Farigiraf|Psychic|p2b: Carbink\n|-activate|p2b: Carbink|move: Protect\n|\n|upkeep\n|turn|4\n|\n|t:|1699973315\n|-terastallize|p2b: Carbink|Dragon\n|move|p1a: Braviary|Heat Wave|p2a: Lurantis|[spread] p2a,p2b\n|-supereffective|p2a: Lurantis\n|-resisted|p2b: Carbink\n|-damage|p2a: Lurantis|12\/100\n|-damage|p2b: Carbink|85\/100\n|move|p1b: Farigiraf|Psychic|p2a: Lurantis\n|-damage|p2a: Lurantis|0 fnt\n|faint|p2a: Lurantis\n|move|p2b: Carbink|Charm|p2: Lurantis|[notarget]\n|-fail|p2b: Carbink\n|\n|upkeep\n|\n|t:|1699973330\n|switch|p2a: Flutter Mane|Flutter Mane, L50|100\/100\n|turn|5\n|\n|t:|1699973344\n|move|p1a: Braviary|Protect|p1a: Braviary\n|-singleturn|p1a: Braviary|Protect\n|move|p2a: Flutter Mane|Dazzling Gleam|p1a: Braviary|[spread] p1b\n|-activate|p1a: Braviary|move: Protect\n|-damage|p1b: Farigiraf|53\/100\n|-damage|p2a: Flutter Mane|91\/100|[from] item: Life Orb\n|move|p2b: Carbink|Sunny Day|p2b: Carbink\n|-weather|SunnyDay\n|-activate|p2a: Flutter Mane|ability: Protosynthesis\n|-start|p2a: Flutter Mane|protosynthesisspa\n|move|p1b: Farigiraf|Trick Room|p1b: Farigiraf\n|-fieldstart|move: Trick Room|[of] p1b: Farigiraf\n|\n|-weather|SunnyDay|[upkeep]\n|upkeep\n|turn|6\n|\n|t:|1699973396\n|-end|p2a: Flutter Mane|Protosynthesis|[silent]\n|switch|p2a: Sinistcha|Sinistcha, L50|100\/100\n|-heal|p2b: Carbink|100\/100|[from] ability: Hospitality|[of] p2a: Sinistcha\n|move|p1b: Farigiraf|Dazzling Gleam|p2a: Sinistcha|[spread] p2a,p2b\n|-supereffective|p2b: Carbink\n|-damage|p2a: Sinistcha|82\/100\n|-damage|p2b: Carbink|69\/100\n|move|p1a: Braviary|Shadow Ball|p2a: Sinistcha\n|-supereffective|p2a: Sinistcha\n|-damage|p2a: Sinistcha|0 fnt\n|faint|p2a: Sinistcha\n|move|p2b: Carbink|Trick Room|p2b: Carbink\n|-fieldend|move: Trick Room\n|\n|-weather|SunnyDay|[upkeep]\n|upkeep\n|\n|t:|1699973411\n|switch|p2a: Flutter Mane|Flutter Mane, L50|91\/100\n|-activate|p2a: Flutter Mane|ability: Protosynthesis\n|-start|p2a: Flutter Mane|protosynthesisspa\n|turn|7\n|\n|t:|1699973420\n|move|p2a: Flutter Mane|Shadow Ball|p1a: Braviary\n|-supereffective|p1a: Braviary\n|-damage|p1a: Braviary|0 fnt\n|faint|p1a: Braviary\n|-damage|p2a: Flutter Mane|82\/100|[from] item: Life Orb\n|move|p1b: Farigiraf|Shadow Ball|p2a: Flutter Mane\n|-supereffective|p2a: Flutter Mane\n|-damage|p2a: Flutter Mane|29\/100\n|-unboost|p2a: Flutter Mane|spd|1\n|move|p2b: Carbink|Trick Room|p2b: Carbink\n|-fieldstart|move: Trick Room|[of] p2b: Carbink\n|\n|-weather|SunnyDay|[upkeep]\n|upkeep\n|\n|t:|1699973436\n|switch|p1a: Jumpluff|Jumpluff, L50, M|100\/100\n|turn|8\n|\n|t:|1699973447\n|move|p1b: Farigiraf|Shadow Ball|p2a: Flutter Mane\n|-supereffective|p2a: Flutter Mane\n|-damage|p2a: Flutter Mane|0 fnt\n|faint|p2a: Flutter Mane\n|-end|p2a: Flutter Mane|Protosynthesis|[silent]\n|move|p1a: Jumpluff|Pollen Puff|p1b: Farigiraf\n|-heal|p1b: Farigiraf|100\/100\n|move|p2b: Carbink|Trick Room|p2b: Carbink\n|-fieldend|move: Trick Room\n|\n|-weather|SunnyDay|[upkeep]\n|upkeep\n|turn|9\n|-message|tintolas_ forfeited.\n|\n|win|anotherhito\n|raw|anotherhito's rating: 1099 &rarr; <strong>1117<\/strong><br \/>(+18 for winning)\n|raw|tintolas_'s rating: 1000 &rarr; <strong>1000<\/strong><br \/>(+0 for losing)\n|l|\u2606tintolas_\n","uploadtime":1699973467,"views":9,"p1id":"anotherhito","p2id":"tintolas","formatid":"gen9vgc2023regulatione","rating":1000,"private":0,"password":""}