{"id":"gen9vgc2023regulatione-1992271346","p1":"Thieving_Vigilante","p2":"Hehehsmelf","format":"[Gen 9] VGC 2023 Regulation E","log":"|j|\u2606Thieving_Vigilante\n|j|\u2606Hehehsmelf\n|t:|1700169615\n|gametype|doubles\n|player|p1|Thieving_Vigilante|ethan|1306\n|player|p2|Hehehsmelf|n|1204\n|teamsize|p1|6\n|teamsize|p2|6\n|gen|9\n|tier|[Gen 9] VGC 2023 Regulation E\n|rated|\n|rule|Species Clause: Limit one of each Pok\u00e9mon\n|rule|Item Clause: Limit one of each item\n|clearpoke\n|poke|p1|Sneasler, L50, M|\n|poke|p1|Rillaboom, L50, F|\n|poke|p1|Heatran, L50, F|\n|poke|p1|Landorus-Therian, L50, M|\n|poke|p1|Empoleon, L50, M|\n|poke|p1|Thundurus, L50, M|\n|poke|p2|Ogerpon-Hearthflame, L50, F|\n|poke|p2|Gastrodon-East, L50, M|\n|poke|p2|Rillaboom, L50, M|\n|poke|p2|Chien-Pao, L50|\n|poke|p2|Flutter Mane, L50|\n|poke|p2|Tornadus, L50, M|\n|teampreview|4\n|inactive|Battle timer is ON: inactive players will automatically lose when time's up. (requested by Thieving_Vigilante)\n|inactive|Thieving_Vigilante has 60 seconds left.\n|\n|t:|1700169651\n|start\n|switch|p1a: Empoleon|Empoleon, L50, M|100\/100\n|switch|p1b: Thundurus|Thundurus, L50, M|100\/100\n|switch|p2a: Gastrodon|Gastrodon-East, L50, M|100\/100\n|switch|p2b: Rillaboom|Rillaboom, L50, M|100\/100\n|-fieldstart|move: Grassy Terrain|[from] ability: Grassy Surge|[of] p2b: Rillaboom\n|turn|1\n|\n|t:|1700169675\n|switch|p1a: Rillaboom|Rillaboom, L50, F|100\/100\n|move|p1b: Thundurus|Taunt|p2a: Gastrodon\n|-start|p2a: Gastrodon|move: Taunt\n|move|p2b: Rillaboom|Grassy Glide|p1a: Rillaboom\n|-resisted|p1a: Rillaboom\n|-damage|p1a: Rillaboom|79\/100\n|move|p2a: Gastrodon|Ice Beam|p1b: Thundurus\n|-supereffective|p1b: Thundurus\n|-damage|p1b: Thundurus|52\/100\n|\n|-heal|p1a: Rillaboom|85\/100|[from] Grassy Terrain\n|upkeep\n|turn|2\n|inactive|Hehehsmelf has 30 seconds left.\n|\n|t:|1700169702\n|switch|p2a: Ogerpon|Ogerpon-Hearthflame, L50, F|100\/100\n|-ability|p2a: Ogerpon|Mold Breaker\n|move|p1b: Thundurus|Thunder Wave|p2b: Rillaboom\n|-status|p2b: Rillaboom|par\n|move|p1a: Rillaboom|Knock Off|p2a: Ogerpon\n|-damage|p2a: Ogerpon|78\/100\n|move|p2b: Rillaboom|Taunt|p1b: Thundurus\n|-start|p1b: Thundurus|move: Taunt\n|\n|-heal|p2a: Ogerpon|83\/100|[from] Grassy Terrain\n|-heal|p1a: Rillaboom|91\/100|[from] Grassy Terrain\n|upkeep\n|turn|3\n|inactive|Thieving_Vigilante has 30 seconds left.\n|\n|t:|1700169734\n|-terastallize|p2a: Ogerpon|Fire\n|detailschange|p2a: Ogerpon|Ogerpon-Hearthflame-Tera, L50, F, tera:Fire\n|-ability|p2a: Ogerpon|Embody Aspect (Hearthflame)|boost\n|-boost|p2a: Ogerpon|atk|1\n|move|p2a: Ogerpon|Ivy Cudgel|p1a: Rillaboom|[anim] Ivy Cudgel Fire\n|-supereffective|p1a: Rillaboom\n|-damage|p1a: Rillaboom|0 fnt\n|faint|p1a: Rillaboom\n|move|p1b: Thundurus|Wildbolt Storm|p2a: Ogerpon|[spread] p2a,p2b\n|-crit|p2a: Ogerpon\n|-resisted|p2b: Rillaboom\n|-damage|p2a: Ogerpon|38\/100\n|-damage|p2b: Rillaboom|82\/100 par\n|cant|p2b: Rillaboom|par\n|\n|-heal|p2a: Ogerpon|44\/100|[from] Grassy Terrain\n|-heal|p2b: Rillaboom|88\/100 par|[from] Grassy Terrain\n|upkeep\n|\n|t:|1700169751\n|switch|p1a: Sneasler|Sneasler, L50, M|100\/100\n|-enditem|p1a: Sneasler|Grassy Seed\n|-boost|p1a: Sneasler|def|1|[from] item: Grassy Seed\n|turn|4\n|\n|t:|1700169766\n|-terastallize|p1a: Sneasler|Flying\n|move|p1a: Sneasler|Acrobatics|p2a: Ogerpon\n|-damage|p2a: Ogerpon|0 fnt\n|faint|p2a: Ogerpon\n|move|p1b: Thundurus|Wildbolt Storm|p2b: Rillaboom\n|-resisted|p2b: Rillaboom\n|-crit|p2b: Rillaboom\n|-damage|p2b: Rillaboom|53\/100 par\n|move|p2b: Rillaboom|Wood Hammer|p1b: Thundurus\n|-resisted|p1b: Thundurus\n|-damage|p1b: Thundurus|8\/100\n|-damage|p2b: Rillaboom|40\/100 par|[from] Recoil\n|\n|-heal|p2b: Rillaboom|46\/100 par|[from] Grassy Terrain\n|upkeep\n|\n|t:|1700169773\n|switch|p2a: Gastrodon|Gastrodon-East, L50, M|100\/100\n|turn|5\n|\n|t:|1700169787\n|cant|p2b: Rillaboom|par\n|move|p1a: Sneasler|Acrobatics|p2b: Rillaboom\n|-supereffective|p2b: Rillaboom\n|-damage|p2b: Rillaboom|0 fnt\n|faint|p2b: Rillaboom\n|move|p1b: Thundurus|Snarl|p2a: Gastrodon\n|-damage|p2a: Gastrodon|85\/100\n|move|p2a: Gastrodon|Ice Beam|p1a: Sneasler\n|-supereffective|p1a: Sneasler\n|-damage|p1a: Sneasler|43\/100\n|\n|-heal|p2a: Gastrodon|91\/100|[from] Grassy Terrain\n|-end|p1b: Thundurus|move: Taunt\n|-fieldend|move: Grassy Terrain\n|upkeep\n|\n|t:|1700169790\n|switch|p2b: Flutter Mane|Flutter Mane, L50|100\/100\n|turn|6\n|\n|t:|1700169812\n|move|p1a: Sneasler|Protect|p1a: Sneasler\n|-singleturn|p1a: Sneasler|Protect\n|move|p1b: Thundurus|Thunder Wave|p2b: Flutter Mane\n|-status|p2b: Flutter Mane|par\n|move|p2b: Flutter Mane|Dazzling Gleam|p1b: Thundurus|[spread] p1b\n|-activate|p1a: Sneasler|move: Protect\n|-damage|p1b: Thundurus|0 fnt\n|faint|p1b: Thundurus\n|move|p2a: Gastrodon|Ice Beam|p1a: Sneasler\n|-activate|p1a: Sneasler|move: Protect\n|\n|upkeep\n|\n|t:|1700169823\n|switch|p1b: Empoleon|Empoleon, L50, M|100\/100\n|turn|7\n|\n|t:|1700169832\n|move|p1a: Sneasler|Dire Claw|p2b: Flutter Mane\n|-crit|p2b: Flutter Mane\n|-damage|p2b: Flutter Mane|0 fnt\n|faint|p2b: Flutter Mane\n|-end|p2b: Flutter Mane|Protosynthesis|[silent]\n|move|p1b: Empoleon|Icy Wind|p2a: Gastrodon\n|-damage|p2a: Gastrodon|77\/100\n|move|p2a: Gastrodon|Earth Power|p1b: Empoleon\n|-supereffective|p1b: Empoleon\n|-damage|p1b: Empoleon|36\/100\n|-enditem|p1b: Empoleon|Sitrus Berry|[eat]\n|-heal|p1b: Empoleon|61\/100|[from] item: Sitrus Berry\n|\n|upkeep\n|turn|8\n|\n|t:|1700169856\n|move|p1b: Empoleon|Vacuum Wave|p2a: Gastrodon\n|-damage|p2a: Gastrodon|66\/100\n|move|p1a: Sneasler|Acrobatics|p2a: Gastrodon\n|-damage|p2a: Gastrodon|1\/100\n|move|p2a: Gastrodon|Earth Power|p1b: Empoleon\n|-supereffective|p1b: Empoleon\n|-damage|p1b: Empoleon|0 fnt\n|faint|p1b: Empoleon\n|\n|upkeep\n|turn|9\n|c|\u2606Thieving_Vigilante|gg\n|\n|t:|1700169875\n|move|p1a: Sneasler|Acrobatics|p2a: Gastrodon\n|-damage|p2a: Gastrodon|0 fnt\n|faint|p2a: Gastrodon\n|\n|win|Thieving_Vigilante\n|raw|Thieving_Vigilante's rating: 1306 &rarr; <strong>1320<\/strong><br \/>(+14 for winning)\n|raw|Hehehsmelf's rating: 1204 &rarr; <strong>1186<\/strong><br \/>(-18 for losing)\n|l|\u2606Hehehsmelf\n","uploadtime":1700169881,"views":19,"p1id":"thievingvigilante","p2id":"hehehsmelf","formatid":"gen9vgc2023regulatione","rating":1186,"private":0,"password":""}