{"id":"gen9vgc2023regulatione-1999344492","p1":"Mirai_Burai","p2":"Mallow_sux","format":"[Gen 9] VGC 2023 Regulation E","log":"|j|\u2606Mirai_Burai\n|j|\u2606Mallow_sux\n|n|\u2606Mirai_Burai|miraiburai\n|n|\u2606Mallow_sux|mallowsux\n|html|View the match progress at <a href=\"\/game-bestof7-gen9vgc2023regulatione-1999340407\">game-bestof7-gen9vgc2023regulatione-1999340407<\/a>\n|t:|1701063733\n|gametype|doubles\n|player|p1|Mirai_Burai|skyla|\n|player|p2|Mallow_sux|shauntal|\n|teamsize|p1|6\n|teamsize|p2|6\n|gen|9\n|tier|[Gen 9] VGC 2023 Regulation E\n|rule|Species Clause: Limit one of each Pok\u00e9mon\n|rule|Item Clause: Limit one of each item\n|clearpoke\n|poke|p1|Roaring Moon, L50|\n|poke|p1|Ninetales-Alola, L50, F|\n|poke|p1|Landorus-Therian, L50, M|\n|poke|p1|Iron Hands, L50|\n|poke|p1|Milotic, L50, F|\n|poke|p1|Ogerpon-Hearthflame, L50, F|\n|poke|p2|Iron Bundle, L50|\n|poke|p2|Tornadus, L50, M|\n|poke|p2|Flutter Mane, L50|\n|poke|p2|Ogerpon-Hearthflame, L50, F|\n|poke|p2|Rillaboom, L50, F|\n|poke|p2|Chi-Yu, L50|\n|teampreview|4\n|\n|t:|1701063748\n|start\n|switch|p1a: Roaring Moon|Roaring Moon, L50|100\/100\n|switch|p1b: Landorus|Landorus-Therian, L50, M|100\/100\n|switch|p2a: Tornadus|Tornadus, L50, M|100\/100\n|switch|p2b: Flutter Mane|Flutter Mane, L50|100\/100\n|-ability|p1b: Landorus|Intimidate|boost\n|-unboost|p2a: Tornadus|atk|1\n|-unboost|p2b: Flutter Mane|atk|1\n|-enditem|p1a: Roaring Moon|Booster Energy\n|-activate|p1a: Roaring Moon|ability: Protosynthesis|[fromitem]\n|-start|p1a: Roaring Moon|protosynthesisatk\n|turn|1\n|\n|t:|1701063798\n|-terastallize|p1a: Roaring Moon|Flying\n|move|p2a: Tornadus|Tailwind|p2a: Tornadus\n|-sidestart|p2: Mallow_sux|move: Tailwind\n|move|p2b: Flutter Mane|Dazzling Gleam|p1a: Roaring Moon|[spread] p1a,p1b\n|-damage|p1a: Roaring Moon|72\/100\n|-damage|p1b: Landorus|53\/100\n|move|p1b: Landorus|Rock Slide|p2a: Tornadus|[spread] p2a,p2b\n|-supereffective|p2a: Tornadus\n|-damage|p2a: Tornadus|54\/100\n|-damage|p2b: Flutter Mane|49\/100\n|move|p1a: Roaring Moon|Dragon Dance|p1a: Roaring Moon\n|-boost|p1a: Roaring Moon|atk|1\n|-boost|p1a: Roaring Moon|spe|1\n|\n|upkeep\n|turn|2\n|\n|t:|1701063842\n|move|p2b: Flutter Mane|Dazzling Gleam|p1a: Roaring Moon|[spread] p1a,p1b\n|-crit|p1b: Landorus\n|-damage|p1a: Roaring Moon|43\/100\n|-damage|p1b: Landorus|0 fnt\n|faint|p1b: Landorus\n|move|p2a: Tornadus|Bleakwind Storm|p1a: Roaring Moon|[miss]\n|-miss|p2a: Tornadus|p1a: Roaring Moon\n|move|p1a: Roaring Moon|Knock Off|p2b: Flutter Mane\n|-damage|p2b: Flutter Mane|0 fnt\n|-enditem|p2b: Flutter Mane|Focus Sash|[from] move: Knock Off|[of] p1a: Roaring Moon\n|faint|p2b: Flutter Mane\n|-end|p2b: Flutter Mane|Protosynthesis|[silent]\n|\n|upkeep\n|\n|t:|1701063860\n|switch|p2b: Iron Bundle|Iron Bundle, L50|100\/100\n|switch|p1b: Ninetales|Ninetales-Alola, L50, F, shiny|100\/100\n|-weather|Snow|[from] ability: Snow Warning|[of] p1b: Ninetales\n|-enditem|p2b: Iron Bundle|Booster Energy\n|-activate|p2b: Iron Bundle|ability: Quark Drive|[fromitem]\n|-start|p2b: Iron Bundle|quarkdrivespe\n|turn|3\n|\n|t:|1701063892\n|move|p2a: Tornadus|Taunt|p1b: Ninetales\n|-start|p1b: Ninetales|move: Taunt\n|move|p2b: Iron Bundle|Freeze-Dry|p1a: Roaring Moon\n|-supereffective|p1a: Roaring Moon\n|-damage|p1a: Roaring Moon|0 fnt\n|faint|p1a: Roaring Moon\n|-end|p1a: Roaring Moon|Protosynthesis|[silent]\n|move|p1b: Ninetales|Blizzard|p2b: Iron Bundle|[spread] p2a,p2b\n|-supereffective|p2a: Tornadus\n|-resisted|p2b: Iron Bundle\n|-damage|p2a: Tornadus|0 fnt\n|-damage|p2b: Iron Bundle|91\/100\n|faint|p2a: Tornadus\n|\n|-weather|Snow|[upkeep]\n|upkeep\n|\n|t:|1701063907\n|switch|p1a: Milotic|Milotic, L50, F, shiny|100\/100\n|switch|p2a: Rillaboom|Rillaboom, L50, F|100\/100\n|-fieldstart|move: Grassy Terrain|[from] ability: Grassy Surge|[of] p2a: Rillaboom\n|turn|4\n|\n|t:|1701063934\n|move|p1a: Milotic|Protect|p1a: Milotic\n|-singleturn|p1a: Milotic|Protect\n|move|p2a: Rillaboom|Grassy Glide|p1b: Ninetales\n|-damage|p1b: Ninetales|67\/100\n|move|p2b: Iron Bundle|Freeze-Dry|p1a: Milotic\n|-activate|p1a: Milotic|move: Protect\n|move|p1b: Ninetales|Blizzard|p2a: Rillaboom|[spread] p2a,p2b\n|-supereffective|p2a: Rillaboom\n|-resisted|p2b: Iron Bundle\n|-damage|p2a: Rillaboom|66\/100\n|-damage|p2b: Iron Bundle|81\/100\n|\n|-weather|Snow|[upkeep]\n|-heal|p2b: Iron Bundle|87\/100|[from] Grassy Terrain\n|-heal|p2a: Rillaboom|72\/100|[from] Grassy Terrain\n|-heal|p1b: Ninetales|73\/100|[from] Grassy Terrain\n|-sideend|p2: Mallow_sux|move: Tailwind\n|upkeep\n|turn|5\n|\n|t:|1701063988\n|move|p2a: Rillaboom|Grassy Glide|p1a: Milotic\n|-supereffective|p1a: Milotic\n|-damage|p1a: Milotic|31\/100\n|-enditem|p1a: Milotic|Sitrus Berry|[eat]\n|-heal|p1a: Milotic|56\/100|[from] item: Sitrus Berry\n|move|p2b: Iron Bundle|Freeze-Dry|p1a: Milotic\n|-supereffective|p1a: Milotic\n|-damage|p1a: Milotic|3\/100\n|move|p1b: Ninetales|Blizzard|p2a: Rillaboom|[spread] p2a,p2b\n|-supereffective|p2a: Rillaboom\n|-resisted|p2b: Iron Bundle\n|-damage|p2a: Rillaboom|34\/100\n|-damage|p2b: Iron Bundle|77\/100\n|move|p1a: Milotic|Recover|p1a: Milotic\n|-heal|p1a: Milotic|53\/100\n|\n|-weather|Snow|[upkeep]\n|-heal|p2b: Iron Bundle|83\/100|[from] Grassy Terrain\n|-heal|p1b: Ninetales|79\/100|[from] Grassy Terrain\n|-heal|p2a: Rillaboom|40\/100|[from] Grassy Terrain\n|-heal|p1a: Milotic|59\/100|[from] Grassy Terrain\n|-end|p1b: Ninetales|move: Taunt\n|upkeep\n|turn|6\n|\n|t:|1701064054\n|move|p2b: Iron Bundle|Icy Wind|p1b: Ninetales|[spread] p1a,p1b\n|-resisted|p1a: Milotic\n|-resisted|p1b: Ninetales\n|-damage|p1a: Milotic|52\/100\n|-damage|p1b: Ninetales|69\/100\n|-unboost|p1a: Milotic|spe|1\n|-ability|p1a: Milotic|Competitive|boost\n|-boost|p1a: Milotic|spa|2\n|-unboost|p1b: Ninetales|spe|1\n|move|p1b: Ninetales|Aurora Veil|p1b: Ninetales\n|-sidestart|p1: Mirai_Burai|move: Aurora Veil\n|move|p2a: Rillaboom|Wood Hammer|p1b: Ninetales\n|-damage|p1b: Ninetales|22\/100\n|-damage|p2a: Rillaboom|27\/100|[from] Recoil\n|move|p1a: Milotic|Recover|p1a: Milotic\n|-heal|p1a: Milotic|100\/100\n|\n|-weather|Snow|[upkeep]\n|-heal|p2b: Iron Bundle|89\/100|[from] Grassy Terrain\n|-heal|p1b: Ninetales|28\/100|[from] Grassy Terrain\n|-heal|p2a: Rillaboom|32\/100|[from] Grassy Terrain\n|upkeep\n|turn|7\n|\n|t:|1701064087\n|move|p1b: Ninetales|Protect|p1b: Ninetales\n|-singleturn|p1b: Ninetales|Protect\n|move|p2a: Rillaboom|Grassy Glide|p1b: Ninetales\n|-activate|p1b: Ninetales|move: Protect\n|move|p2b: Iron Bundle|Freeze-Dry|p1a: Milotic\n|-supereffective|p1a: Milotic\n|-damage|p1a: Milotic|65\/100\n|move|p1a: Milotic|Icy Wind|p2a: Rillaboom|[spread] p2a,p2b\n|-supereffective|p2a: Rillaboom\n|-resisted|p2b: Iron Bundle\n|-damage|p2a: Rillaboom|0 fnt\n|-damage|p2b: Iron Bundle|80\/100\n|-unboost|p2b: Iron Bundle|spe|1\n|faint|p2a: Rillaboom\n|\n|-weather|none\n|-heal|p2b: Iron Bundle|86\/100|[from] Grassy Terrain\n|-heal|p1b: Ninetales|34\/100|[from] Grassy Terrain\n|-heal|p1a: Milotic|71\/100|[from] Grassy Terrain\n|upkeep\n|turn|8\n|\n|t:|1701064118\n|move|p2b: Iron Bundle|Hydro Pump|p1b: Ninetales\n|-damage|p1b: Ninetales|0 fnt\n|faint|p1b: Ninetales\n|move|p1a: Milotic|Icy Wind|p2b: Iron Bundle\n|-resisted|p2b: Iron Bundle\n|-damage|p2b: Iron Bundle|73\/100\n|-unboost|p2b: Iron Bundle|spe|1\n|\n|-heal|p2b: Iron Bundle|79\/100|[from] Grassy Terrain\n|-heal|p1a: Milotic|78\/100|[from] Grassy Terrain\n|-fieldend|move: Grassy Terrain\n|upkeep\n|turn|9\n|\n|t:|1701064153\n|move|p2b: Iron Bundle|Freeze-Dry|p1a: Milotic\n|-supereffective|p1a: Milotic\n|-damage|p1a: Milotic|42\/100\n|move|p1a: Milotic|Scald|p2b: Iron Bundle\n|-resisted|p2b: Iron Bundle\n|-damage|p2b: Iron Bundle|27\/100\n|\n|upkeep\n|turn|10\n|\n|t:|1701064170\n|move|p2b: Iron Bundle|Protect|p2b: Iron Bundle\n|-singleturn|p2b: Iron Bundle|Protect\n|move|p1a: Milotic|Scald|p2b: Iron Bundle\n|-activate|p2b: Iron Bundle|move: Protect\n|\n|upkeep\n|turn|11\n|\n|t:|1701064183\n|move|p2b: Iron Bundle|Freeze-Dry|p1a: Milotic\n|-supereffective|p1a: Milotic\n|-damage|p1a: Milotic|6\/100\n|move|p1a: Milotic|Scald|p2b: Iron Bundle\n|-resisted|p2b: Iron Bundle\n|-damage|p2b: Iron Bundle|0 fnt\n|faint|p2b: Iron Bundle\n|-end|p2b: Iron Bundle|Quark Drive|[silent]\n|\n|win|Mirai_Burai\n|inactive|Mirai_Burai has 50 seconds to confirm battle start!\n|inactive|Mallow_sux has 50 seconds to confirm battle start!\n","uploadtime":1701064195,"views":1,"p1id":"miraiburai","p2id":"mallowsux","formatid":"gen9vgc2023regulatione","rating":0,"private":0,"password":""}