{"id":"gen9vgc2023regulatione-1989880142","p1":"OfLethalLords","p2":"Kzjhzk","format":"[Gen 9] VGC 2023 Regulation E","log":"|j|\u2606OfLethalLords\n|j|\u2606Kzjhzk\n|t:|1699903416\n|gametype|doubles\n|player|p1|OfLethalLords|cynthia|1122\n|player|p2|Kzjhzk|lance|1122\n|teamsize|p1|6\n|teamsize|p2|6\n|gen|9\n|tier|[Gen 9] VGC 2023 Regulation E\n|rated|\n|rule|Species Clause: Limit one of each Pok\u00e9mon\n|rule|Item Clause: Limit one of each item\n|clearpoke\n|poke|p1|Scizor, L50, M|\n|poke|p1|Articuno-Galar, L50|\n|poke|p1|Chien-Pao, L50|\n|poke|p1|Amoonguss, L50, M|\n|poke|p1|Arcanine, L50, F|\n|poke|p1|Ogerpon-Wellspring, L50, F|\n|poke|p2|Flutter Mane, L50|\n|poke|p2|Tornadus, L50, M|\n|poke|p2|Rillaboom, L50, F|\n|poke|p2|Garganacl, L50, M|\n|poke|p2|Arcanine-Hisui, L50, M|\n|poke|p2|Chien-Pao, L50|\n|teampreview|4\n|j| SCRAAH\n|l| SCRAAH\n|inactive|Battle timer is ON: inactive players will automatically lose when time's up. (requested by Kzjhzk)\n|\n|t:|1699903468\n|start\n|switch|p1a: Chien-Pao|Chien-Pao, L50|100\/100\n|switch|p1b: Arcanine|Arcanine, L50, F, shiny|100\/100\n|switch|p2a: Tornadus|Tornadus, L50, M|100\/100\n|switch|p2b: Garganacl|Garganacl, L50, M|100\/100\n|-ability|p1a: Chien-Pao|Sword of Ruin\n|-ability|p1b: Arcanine|Intimidate|boost\n|-unboost|p2a: Tornadus|atk|1\n|-unboost|p2b: Garganacl|atk|1\n|turn|1\n|inactive|OfLethalLords has 30 seconds left.\n|\n|t:|1699903494\n|switch|p1b: Ogerpon|Ogerpon-Wellspring, L50, F|100\/100\n|switch|p2a: Arcanine|Arcanine-Hisui, L50, M|100\/100\n|-ability|p2a: Arcanine|Intimidate|boost\n|-unboost|p1a: Chien-Pao|atk|1\n|-unboost|p1b: Ogerpon|atk|1\n|-terastallize|p2b: Garganacl|Ghost\n|move|p1a: Chien-Pao|Icicle Crash|p2a: Arcanine\n|-resisted|p2a: Arcanine\n|-damage|p2a: Arcanine|78\/100\n|move|p2b: Garganacl|Salt Cure|p1a: Chien-Pao\n|-supereffective|p1a: Chien-Pao\n|-damage|p1a: Chien-Pao|73\/100\n|-start|p1a: Chien-Pao|Salt Cure\n|\n|-damage|p1a: Chien-Pao|61\/100|[from] Salt Cure\n|upkeep\n|turn|2\n|inactive|Kzjhzk has 30 seconds left.\n|inactive|Kzjhzk has 20 seconds left.\n|\n|t:|1699903532\n|switch|p1a: Arcanine|Arcanine, L50, F, shiny|100\/100\n|-ability|p1a: Arcanine|Intimidate|boost\n|-unboost|p2a: Arcanine|atk|1\n|-unboost|p2b: Garganacl|atk|1\n|switch|p2a: Tornadus|Tornadus, L50, M|100\/100\n|move|p2b: Garganacl|Protect|p2b: Garganacl\n|-singleturn|p2b: Garganacl|Protect\n|move|p1b: Ogerpon|Ivy Cudgel|p2a: Tornadus\n|-damage|p2a: Tornadus|52\/100\n|\n|upkeep\n|turn|3\n|\n|t:|1699903549\n|move|p2a: Tornadus|Tailwind|p2a: Tornadus\n|-sidestart|p2: Kzjhzk|move: Tailwind\n|move|p1b: Ogerpon|U-turn|p2b: Garganacl\n|-resisted|p2b: Garganacl\n|-damage|p2b: Garganacl|93\/100\n|\n|t:|1699903556\n|switch|p1b: Chien-Pao|Chien-Pao, L50|61\/100|[from] U-turn\n|-ability|p1b: Chien-Pao|Sword of Ruin\n|move|p1a: Arcanine|Flare Blitz|p2a: Tornadus\n|-damage|p2a: Tornadus|0 fnt\n|-damage|p1a: Arcanine|84\/100|[from] item: Rocky Helmet|[of] p2a: Tornadus\n|faint|p2a: Tornadus\n|-damage|p1a: Arcanine|68\/100|[from] Recoil\n|move|p2b: Garganacl|Iron Defense|p2b: Garganacl\n|-boost|p2b: Garganacl|def|2\n|\n|upkeep\n|\n|t:|1699903563\n|switch|p2a: Arcanine|Arcanine-Hisui, L50, M|78\/100\n|-ability|p2a: Arcanine|Intimidate|boost\n|-unboost|p1a: Arcanine|atk|1\n|-unboost|p1b: Chien-Pao|atk|1\n|turn|4\n|\n|t:|1699903579\n|switch|p1a: Ogerpon|Ogerpon-Wellspring, L50, F|100\/100\n|move|p2a: Arcanine|Rock Slide|p1a: Ogerpon|[spread] p1a,p1b\n|-supereffective|p1b: Chien-Pao\n|-damage|p1a: Ogerpon|29\/100\n|-damage|p1b: Chien-Pao|0 fnt\n|faint|p1b: Chien-Pao\n|move|p2b: Garganacl|Salt Cure|p1a: Ogerpon\n|-damage|p1a: Ogerpon|19\/100\n|-start|p1a: Ogerpon|Salt Cure\n|\n|-damage|p1a: Ogerpon|0 fnt|[from] Salt Cure\n|faint|p1a: Ogerpon\n|upkeep\n|\n|t:|1699903590\n|switch|p1b: Scizor|Scizor, L50, M, shiny|100\/100\n|switch|p1a: Arcanine|Arcanine, L50, F, shiny|68\/100\n|-ability|p1a: Arcanine|Intimidate|boost\n|-unboost|p2a: Arcanine|atk|1\n|-unboost|p2b: Garganacl|atk|1\n|turn|5\n|inactive|OfLethalLords has 30 seconds left.\n|\n|t:|1699903620\n|switch|p2a: Rillaboom|Rillaboom, L50, F|100\/100\n|-fieldstart|move: Grassy Terrain|[from] ability: Grassy Surge|[of] p2a: Rillaboom\n|-terastallize|p1b: Scizor|Water\n|move|p1a: Arcanine|Protect|p1a: Arcanine\n|-singleturn|p1a: Arcanine|Protect\n|move|p1b: Scizor|Bullet Punch|p2a: Rillaboom\n|-damage|p2a: Rillaboom|54\/100\n|move|p2b: Garganacl|Salt Cure|p1b: Scizor\n|-damage|p1b: Scizor|95\/100\n|-start|p1b: Scizor|Salt Cure\n|\n|-heal|p2a: Rillaboom|59\/100|[from] Grassy Terrain\n|-heal|p1a: Arcanine|74\/100|[from] Grassy Terrain\n|-heal|p2b: Garganacl|99\/100|[from] Grassy Terrain\n|-heal|p1b: Scizor|100\/100|[from] Grassy Terrain\n|-damage|p1b: Scizor|76\/100|[from] Salt Cure\n|upkeep\n|turn|6\n|\n|t:|1699903640\n|move|p2a: Rillaboom|Fake Out|p1a: Arcanine\n|-damage|p1a: Arcanine|59\/100\n|move|p1b: Scizor|Bullet Punch|p2b: Garganacl\n|-damage|p2b: Garganacl|80\/100\n|cant|p1a: Arcanine|flinch\n|move|p2b: Garganacl|Iron Defense|p2b: Garganacl\n|-boost|p2b: Garganacl|def|2\n|\n|-heal|p2a: Rillaboom|65\/100|[from] Grassy Terrain\n|-heal|p1a: Arcanine|65\/100|[from] Grassy Terrain\n|-heal|p2b: Garganacl|86\/100|[from] Grassy Terrain\n|-heal|p1b: Scizor|82\/100|[from] Grassy Terrain\n|-damage|p1b: Scizor|57\/100|[from] Salt Cure\n|-sideend|p2: Kzjhzk|move: Tailwind\n|upkeep\n|turn|7\n|-message|OfLethalLords forfeited.\n|\n|win|Kzjhzk\n|raw|OfLethalLords's rating: 1122 &rarr; <strong>1097<\/strong><br \/>(-25 for losing)\n|raw|Kzjhzk's rating: 1122 &rarr; <strong>1147<\/strong><br \/>(+25 for winning)\n|l|\u2606OfLethalLords\n","uploadtime":1699903647,"views":14,"p1id":"oflethallords","p2id":"kzjhzk","formatid":"gen9vgc2023regulatione","rating":1097,"private":0,"password":""}