{"id":"gen9vgc2023regulatione-1990678194","p1":"la regulatione","p2":"bwahacough","format":"[Gen 9] VGC 2023 Regulation E","log":"|j|\u2606la regulatione\n|j|\u2606bwahacough\n|t:|1699991042\n|gametype|doubles\n|player|p1|la regulatione|marley|1728\n|player|p2|bwahacough|medium|1808\n|teamsize|p1|6\n|teamsize|p2|6\n|gen|9\n|tier|[Gen 9] VGC 2023 Regulation E\n|rated|\n|rule|Species Clause: Limit one of each Pok\u00e9mon\n|rule|Item Clause: Limit one of each item\n|clearpoke\n|poke|p1|Tornadus, L50, M|\n|poke|p1|Heatran, L50, F|\n|poke|p1|Flutter Mane, L50|\n|poke|p1|Landorus-Therian, L50, M|\n|poke|p1|Amoonguss, L50, F|\n|poke|p1|Ogerpon-Wellspring, L50, F|\n|poke|p2|Lycanroc-Dusk, L50, M|\n|poke|p2|Tornadus, L50, M|\n|poke|p2|Urshifu-*, L50, M|\n|poke|p2|Farigiraf, L50, F|\n|poke|p2|Sinistcha, L50|\n|poke|p2|Iron Bundle, L50|\n|teampreview|4\n|inactive|Battle timer is ON: inactive players will automatically lose when time's up. (requested by la regulatione)\nbwahacough has agreed to open team sheets.\n|c|\u2606la regulatione|this is way too many times at this point looool\n|\n|t:|1699991063\n|start\n|switch|p1a: Tornadus|Tornadus, L50, M|100\/100\n|switch|p1b: Heatran|Heatran, L50, F|100\/100\n|switch|p2a: Tornadus|Tornadus, L50, M, shiny|100\/100\n|switch|p2b: Lycanroc|Lycanroc-Dusk, L50, M|100\/100\n|turn|1\n|\n|t:|1699991088\n|switch|p1a: Landorus|Landorus-Therian, L50, M|100\/100\n|-ability|p1a: Landorus|Intimidate|boost\n|-unboost|p2a: Tornadus|atk|1\n|-unboost|p2b: Lycanroc|atk|1\n|-terastallize|p2b: Lycanroc|Rock\n|move|p2a: Tornadus|Tailwind|p2a: Tornadus\n|-sidestart|p2: bwahacough|move: Tailwind\n|move|p2b: Lycanroc|Rock Slide|p1b: Heatran|[spread] p1a,p1b\n|-damage|p1a: Landorus|74\/100\n|-damage|p1b: Heatran|76\/100\n|move|p1b: Heatran|Heat Wave|p2b: Lycanroc|[spread] p2a,p2b\n|-resisted|p2b: Lycanroc\n|-damage|p2a: Tornadus|48\/100\n|-damage|p2b: Lycanroc|64\/100\n|\n|upkeep\n|turn|2\n|j| FFR4\n|\n|t:|1699991110\n|switch|p2a: Urshifu|Urshifu-Rapid-Strike, L50, M|100\/100\n|move|p2b: Lycanroc|Close Combat|p1b: Heatran\n|-supereffective|p1b: Heatran\n|-damage|p1b: Heatran|8\/100\n|-unboost|p2b: Lycanroc|def|1\n|-unboost|p2b: Lycanroc|spd|1\n|move|p1a: Landorus|U-turn|p2a: Urshifu\n|-resisted|p2a: Urshifu\n|-damage|p2a: Urshifu|89\/100\n|j| srvoltmike\n|\n|t:|1699991124\n|switch|p1a: Tornadus|Tornadus, L50, M|100\/100|[from] U-turn\n|move|p1b: Heatran|Flash Cannon|p2b: Lycanroc\n|-supereffective|p2b: Lycanroc\n|-damage|p2b: Lycanroc|0 fnt\n|faint|p2b: Lycanroc\n|\n|upkeep\n|\n|t:|1699991134\n|switch|p2b: Iron Bundle|Iron Bundle, L50, shiny|100\/100\n|-enditem|p2b: Iron Bundle|Booster Energy\n|-activate|p2b: Iron Bundle|ability: Quark Drive|[fromitem]\n|-start|p2b: Iron Bundle|quarkdrivespe\n|turn|3\n|\n|t:|1699991145\n|move|p1a: Tornadus|Sunny Day|p1a: Tornadus\n|-weather|SunnyDay\n|move|p2b: Iron Bundle|Freeze-Dry|p1b: Heatran\n|-resisted|p1b: Heatran\n|-damage|p1b: Heatran|2\/100\n|move|p2a: Urshifu|Surging Strikes|p1a: Tornadus\n|-crit|p1a: Tornadus\n|-damage|p1a: Tornadus|86\/100\n|-crit|p1a: Tornadus\n|-damage|p1a: Tornadus|71\/100\n|-crit|p1a: Tornadus\n|-damage|p1a: Tornadus|55\/100\n|-hitcount|p1a: Tornadus|3\n|move|p1b: Heatran|Solar Beam||[still]\n|-prepare|p1b: Heatran|Solar Beam\n|-anim|p1b: Heatran|Solar Beam|p2a: Urshifu\n|-supereffective|p2a: Urshifu\n|-damage|p2a: Urshifu|0 fnt\n|faint|p2a: Urshifu\n|\n|-weather|SunnyDay|[upkeep]\n|upkeep\n|\n|t:|1699991147\n|switch|p2a: Tornadus|Tornadus, L50, M, shiny|48\/100\n|turn|4\n|\n|t:|1699991155\n|move|p1a: Tornadus|Tailwind|p1a: Tornadus\n|-sidestart|p1: la regulatione|move: Tailwind\n|move|p2b: Iron Bundle|Icy Wind|p1a: Tornadus|[spread] p1a,p1b\n|-supereffective|p1a: Tornadus\n|-resisted|p1b: Heatran\n|-damage|p1a: Tornadus|11\/100\n|-damage|p1b: Heatran|0 fnt\n|-unboost|p1a: Tornadus|spe|1\n|faint|p1b: Heatran\n|move|p2a: Tornadus|Heat Wave|p1a: Tornadus\n|-damage|p1a: Tornadus|0 fnt\n|faint|p1a: Tornadus\n|\n|-weather|SunnyDay|[upkeep]\n|-sideend|p2: bwahacough|move: Tailwind\n|upkeep\n|\n|t:|1699991160\n|switch|p1a: Flutter Mane|Flutter Mane, L50|100\/100\n|switch|p1b: Landorus|Landorus-Therian, L50, M|74\/100\n|-ability|p1b: Landorus|Intimidate|boost\n|-unboost|p2a: Tornadus|atk|1\n|-unboost|p2b: Iron Bundle|atk|1\n|-activate|p1a: Flutter Mane|ability: Protosynthesis\n|-start|p1a: Flutter Mane|protosynthesisspa\n|turn|5\n|\n|t:|1699991165\n|-terastallize|p1a: Flutter Mane|Fairy\n|move|p2a: Tornadus|Tailwind|p2a: Tornadus\n|-sidestart|p2: bwahacough|move: Tailwind\n|move|p2b: Iron Bundle|Freeze-Dry|p1a: Flutter Mane\n|-damage|p1a: Flutter Mane|67\/100\n|move|p1b: Landorus|Rock Slide|p2a: Tornadus|[spread] p2a,p2b\n|-supereffective|p2a: Tornadus\n|-supereffective|p2b: Iron Bundle\n|-damage|p2a: Tornadus|0 fnt\n|-damage|p2b: Iron Bundle|56\/100\n|faint|p2a: Tornadus\n|move|p1a: Flutter Mane|Dazzling Gleam|p2b: Iron Bundle\n|-damage|p2b: Iron Bundle|0 fnt\n|faint|p2b: Iron Bundle\n|-end|p2b: Iron Bundle|Quark Drive|[silent]\n|\n|win|la regulatione\n|raw|la regulatione's rating: 1728 &rarr; <strong>1753<\/strong><br \/>(+25 for winning)\n|raw|bwahacough's rating: 1808 &rarr; <strong>1783<\/strong><br \/>(-25 for losing)\n|l|\u2606bwahacough\n","uploadtime":1699991364,"views":63,"p1id":"laregulatione","p2id":"bwahacough","formatid":"gen9vgc2023regulatione","rating":1753,"private":0,"password":""}