{"id":"gen9vgc2023regulatione-1991894730","p1":"Piccius","p2":"YoskinPataNegra","format":"[Gen 9] VGC 2023 Regulation E","log":"|j|\u2606Piccius\n|j|\u2606YoskinPataNegra\n|t:|1700134868\n|gametype|doubles\n|player|p1|Piccius|101|1316\n|player|p2|YoskinPataNegra|steven|1292\n|teamsize|p1|6\n|teamsize|p2|6\n|gen|9\n|tier|[Gen 9] VGC 2023 Regulation E\n|rated|\n|rule|Species Clause: Limit one of each Pok\u00e9mon\n|rule|Item Clause: Limit one of each item\n|clearpoke\n|poke|p1|Chi-Yu, L50|\n|poke|p1|Kingambit, L50, F|\n|poke|p1|Flutter Mane, L50|\n|poke|p1|Rillaboom, L50, F|\n|poke|p1|Farigiraf, L50, F|\n|poke|p1|Urshifu-*, L50, M|\n|poke|p2|Rillaboom, L50, M|\n|poke|p2|Urshifu-*, L50, M|\n|poke|p2|Arcanine-Hisui, L50, M|\n|poke|p2|Chien-Pao, L50|\n|poke|p2|Dragapult, L50, M|\n|poke|p2|Goodra-Hisui, L50, F|\n|teampreview|4\n|\n|t:|1700134904\n|start\n|switch|p1a: Farigiraf|Farigiraf, L50, F|100\/100\n|switch|p1b: Kingambit|Kingambit, L50, F|100\/100\n|switch|p2a: Pedro|Rillaboom, L50, M, shiny|100\/100\n|switch|p2b: Caracol Nicole|Goodra-Hisui, L50, F|100\/100\n|-fieldstart|move: Grassy Terrain|[from] ability: Grassy Surge|[of] p2a: Pedro\n|turn|1\n|\n|t:|1700134925\n|-terastallize|p1b: Kingambit|Fairy\n|move|p2a: Pedro|U-turn|p1a: Farigiraf\n|-supereffective|p1a: Farigiraf\n|-damage|p1a: Farigiraf|65\/100\n|-damage|p2a: Pedro|84\/100|[from] item: Rocky Helmet|[of] p1a: Farigiraf\n|\n|t:|1700134930\n|switch|p2a: 11S|Dragapult, L50, M, shiny|100\/100|[from] U-turn\n|move|p1a: Farigiraf|Psychic|p2b: Caracol Nicole\n|-resisted|p2b: Caracol Nicole\n|-damage|p2b: Caracol Nicole|90\/100\n|move|p1b: Kingambit|Swords Dance|p1b: Kingambit\n|-boost|p1b: Kingambit|atk|2\n|move|p2b: Caracol Nicole|Shelter|p2b: Caracol Nicole\n|-boost|p2b: Caracol Nicole|def|2\n|\n|-heal|p1a: Farigiraf|71\/100|[from] Grassy Terrain\n|-heal|p2b: Caracol Nicole|96\/100|[from] Grassy Terrain\n|-heal|p2b: Caracol Nicole|100\/100|[from] item: Leftovers\n|upkeep\n|turn|2\n|\n|t:|1700134990\n|-terastallize|p2a: 11S|Steel\n|move|p2a: 11S|Tera Blast|p1b: Kingambit|[anim] Tera Blast Steel\n|-supereffective|p1b: Kingambit\n|-damage|p1b: Kingambit|33\/100\n|-enditem|p1b: Kingambit|Sitrus Berry|[eat]\n|-heal|p1b: Kingambit|58\/100|[from] item: Sitrus Berry\n|move|p1b: Kingambit|Swords Dance|p1b: Kingambit\n|-boost|p1b: Kingambit|atk|2\n|move|p2b: Caracol Nicole|Body Press|p1b: Kingambit\n|-resisted|p1b: Kingambit\n|-damage|p1b: Kingambit|40\/100\n|move|p1a: Farigiraf|Trick Room|p1a: Farigiraf\n|-fieldstart|move: Trick Room|[of] p1a: Farigiraf\n|\n|-heal|p1b: Kingambit|46\/100|[from] Grassy Terrain\n|-heal|p1a: Farigiraf|78\/100|[from] Grassy Terrain\n|upkeep\n|turn|3\n|\n|t:|1700135013\n|move|p2a: 11S|Protect|p2a: 11S\n|-singleturn|p2a: 11S|Protect\n|move|p1a: Farigiraf|Ally Switch|p1a: Farigiraf\n|swap|p1a: Farigiraf|1|[from] move: Ally Switch\n|move|p2b: Caracol Nicole|Heavy Slam|p1b: Farigiraf\n|-damage|p1b: Farigiraf|63\/100\n|-damage|p2b: Caracol Nicole|84\/100|[from] item: Rocky Helmet|[of] p1b: Farigiraf\n|move|p1a: Kingambit|Kowtow Cleave|p2b: Caracol Nicole\n|-damage|p2b: Caracol Nicole|31\/100\n|\n|-heal|p2b: Caracol Nicole|37\/100|[from] Grassy Terrain\n|-heal|p2b: Caracol Nicole|43\/100|[from] item: Leftovers\n|-heal|p1a: Kingambit|52\/100|[from] Grassy Terrain\n|-heal|p1b: Farigiraf|69\/100|[from] Grassy Terrain\n|upkeep\n|turn|4\n|\n|t:|1700135029\n|move|p1a: Kingambit|Sucker Punch|p2a: 11S\n|-damage|p2a: 11S|0 fnt\n|faint|p2a: 11S\n|move|p2b: Caracol Nicole|Life Dew|p2b: Caracol Nicole\n|-heal|p2b: Caracol Nicole|68\/100\n|move|p1b: Farigiraf|Dazzling Gleam|p2b: Caracol Nicole\n|-damage|p2b: Caracol Nicole|53\/100\n|\n|-heal|p2b: Caracol Nicole|59\/100|[from] Grassy Terrain\n|-heal|p2b: Caracol Nicole|65\/100|[from] item: Leftovers\n|-heal|p1a: Kingambit|58\/100|[from] Grassy Terrain\n|-heal|p1b: Farigiraf|75\/100|[from] Grassy Terrain\n|upkeep\n|\n|t:|1700135035\n|switch|p2a: Malenio|Arcanine-Hisui, L50, M, shiny|100\/100\n|-ability|p2a: Malenio|Intimidate|boost\n|-unboost|p1a: Kingambit|atk|1\n|-ability|p1a: Kingambit|Defiant|boost\n|-boost|p1a: Kingambit|atk|2\n|-unboost|p1b: Farigiraf|atk|1\n|turn|5\n|\n|t:|1700135047\n|move|p2b: Caracol Nicole|Heavy Slam|p1a: Kingambit\n|-supereffective|p1a: Kingambit\n|-damage|p1a: Kingambit|27\/100\n|move|p1a: Kingambit|Kowtow Cleave|p2b: Caracol Nicole\n|-damage|p2b: Caracol Nicole|3\/100\n|move|p1b: Farigiraf|Psychic|p2a: Malenio\n|-damage|p2a: Malenio|59\/100\n|move|p2a: Malenio|Rock Slide|p1b: Farigiraf|[spread] p1a,p1b\n|-damage|p1a: Kingambit|0 fnt\n|-damage|p1b: Farigiraf|46\/100\n|faint|p1a: Kingambit\n|\n|-heal|p2b: Caracol Nicole|9\/100|[from] Grassy Terrain\n|-heal|p2b: Caracol Nicole|15\/100|[from] item: Leftovers\n|-heal|p1b: Farigiraf|52\/100|[from] Grassy Terrain\n|-heal|p2a: Malenio|65\/100|[from] Grassy Terrain\n|-fieldend|move: Grassy Terrain\n|upkeep\n|\n|t:|1700135058\n|switch|p1a: Urshifu|Urshifu-Rapid-Strike, L50, M|100\/100\n|turn|6\n|\n|t:|1700135074\n|move|p2b: Caracol Nicole|Life Dew|p2b: Caracol Nicole|[spread] p2a,p2b\n|-heal|p2a: Malenio|90\/100\n|-heal|p2b: Caracol Nicole|40\/100\n|move|p1b: Farigiraf|Psychic|p2b: Caracol Nicole\n|-resisted|p2b: Caracol Nicole\n|-damage|p2b: Caracol Nicole|29\/100\n|move|p1a: Urshifu|Close Combat|p2a: Malenio\n|-supereffective|p2a: Malenio\n|-damage|p2a: Malenio|0 fnt\n|-unboost|p1a: Urshifu|def|1\n|-unboost|p1a: Urshifu|spd|1\n|faint|p2a: Malenio\n|\n|-heal|p2b: Caracol Nicole|35\/100|[from] item: Leftovers\n|-fieldend|move: Trick Room\n|upkeep\n|\n|t:|1700135083\n|switch|p2a: Pedro|Rillaboom, L50, M, shiny|84\/100\n|-fieldstart|move: Grassy Terrain|[from] ability: Grassy Surge|[of] p2a: Pedro\n|turn|7\n|\n|t:|1700135096\n|move|p1b: Farigiraf|Ally Switch|p1b: Farigiraf\n|swap|p1b: Farigiraf|0|[from] move: Ally Switch\n|move|p2a: Pedro|Grassy Glide||[still]\n|cant|p1a: Farigiraf|ability: Armor Tail|Grassy Glide|[of] p2a: Pedro\n|move|p1b: Urshifu|Close Combat|p2b: Caracol Nicole\n|-supereffective|p2b: Caracol Nicole\n|-damage|p2b: Caracol Nicole|0 fnt\n|-unboost|p1b: Urshifu|def|1\n|-unboost|p1b: Urshifu|spd|1\n|faint|p2b: Caracol Nicole\n|\n|-heal|p2a: Pedro|90\/100|[from] Grassy Terrain\n|-heal|p1a: Farigiraf|58\/100|[from] Grassy Terrain\n|upkeep\n|turn|8\n|\n|t:|1700135106\n|move|p2a: Pedro|Wood Hammer|p1b: Urshifu\n|-supereffective|p1b: Urshifu\n|-damage|p1b: Urshifu|0 fnt\n|faint|p1b: Urshifu\n|-damage|p2a: Pedro|54\/100|[from] Recoil\n|move|p1a: Farigiraf|Psychic|p2a: Pedro\n|-damage|p2a: Pedro|21\/100\n|\n|-heal|p2a: Pedro|27\/100|[from] Grassy Terrain\n|-heal|p1a: Farigiraf|64\/100|[from] Grassy Terrain\n|upkeep\n|\n|t:|1700135109\n|switch|p1b: Rillaboom|Rillaboom, L50, F|100\/100\n|turn|9\n|-message|YoskinPataNegra forfeited.\n|\n|win|Piccius\n|raw|Piccius's rating: 1316 &rarr; <strong>1335<\/strong><br \/>(+19 for winning)\n|raw|YoskinPataNegra's rating: 1292 &rarr; <strong>1269<\/strong><br \/>(-23 for losing)\n|l|\u2606YoskinPataNegra\n","uploadtime":1700135116,"views":17,"p1id":"piccius","p2id":"yoskinpatanegra","formatid":"gen9vgc2023regulatione","rating":1269,"private":0,"password":""}