{"id":"gen9vgc2023regulatione-1990586936","p1":"Chocbrewis","p2":"Tehiyok09","format":"[Gen 9] VGC 2023 Regulation E","log":"|j|\u2606Chocbrewis\n|j|\u2606Tehiyok09\n|t:|1699983635\n|gametype|doubles\n|player|p1|Chocbrewis|170|\n|player|p2|Tehiyok09|benga|\n|teamsize|p1|6\n|teamsize|p2|6\n|gen|9\n|tier|[Gen 9] VGC 2023 Regulation E\n|rule|Species Clause: Limit one of each Pok\u00e9mon\n|rule|Item Clause: Limit one of each item\n|clearpoke\n|poke|p1|Roaring Moon, L50|\n|poke|p1|Clefairy, L50, F|\n|poke|p1|Armarouge, L50, F|\n|poke|p1|Indeedee, L50, M|\n|poke|p1|Goodra-Hisui, L50, M|\n|poke|p1|Torkoal, L50, F|\n|poke|p2|Iron Bundle, L50|\n|poke|p2|Mesprit, L50|\n|poke|p2|Lucario, L50, M|\n|poke|p2|Dragapult, L50, M|\n|poke|p2|Stonjourner, L50, M|\n|poke|p2|Brute Bonnet, L50|\n|teampreview|4\nChocbrewis rejected open team sheets.\n|c|\u2606Chocbrewis|Gl HF\n|\n|t:|1699983726\n|start\n|switch|p1a: Rennala|Roaring Moon, L50, shiny|100\/100\n|switch|p1b: Smarag|Goodra-Hisui, L50, M, shiny|100\/100\n|switch|p2a: Goku|Lucario, L50, M, shiny|100\/100\n|switch|p2b: Kaido|Dragapult, L50, M, shiny|100\/100\n|-enditem|p1a: Rennala|Booster Energy\n|-activate|p1a: Rennala|ability: Protosynthesis|[fromitem]\n|-start|p1a: Rennala|protosynthesisspe\n|turn|1\n|\n|t:|1699983777\n|-terastallize|p2b: Kaido|Fire\n|-terastallize|p1b: Smarag|Fairy\n|move|p2b: Kaido|Helping Hand|p2a: Goku\n|-singleturn|p2a: Goku|Helping Hand|[of] p2b: Kaido\n|move|p1a: Rennala|Protect|p1a: Rennala\n|-singleturn|p1a: Rennala|Protect\n|move|p2a: Goku|Ice Punch|p1a: Rennala\n|-activate|p1a: Rennala|move: Protect\n|move|p1b: Smarag|Flamethrower|p2a: Goku\n|-supereffective|p2a: Goku\n|-damage|p2a: Goku|0 fnt\n|faint|p2a: Goku\n|\n|upkeep\n|\n|t:|1699983792\n|switch|p2a: Toshiro|Iron Bundle, L50|100\/100\n|turn|2\n|\n|t:|1699983819\n|move|p1a: Rennala|Knock Off|p2b: Kaido\n|-damage|p2b: Kaido|40\/100\n|-enditem|p2b: Kaido|Life Orb|[from] move: Knock Off|[of] p1a: Rennala\n|move|p2b: Kaido|Dragon Pulse|p1a: Rennala\n|-supereffective|p1a: Rennala\n|-damage|p1a: Rennala|28\/100\n|move|p2a: Toshiro|Icy Wind|p1a: Rennala|[spread] p1a,p1b\n|-supereffective|p1a: Rennala\n|-damage|p1a: Rennala|0 fnt\n|-damage|p1b: Smarag|91\/100\n|-unboost|p1b: Smarag|spe|1\n|faint|p1a: Rennala\n|-end|p1a: Rennala|Protosynthesis|[silent]\n|move|p1b: Smarag|Tera Blast|p2a: Toshiro|[anim] Tera Blast Fairy\n|-damage|p2a: Toshiro|32\/100\n|\n|upkeep\n|\n|t:|1699983863\n|switch|p1a: Mogh|Indeedee, L50, M|100\/100\n|-fieldstart|move: Psychic Terrain|[from] ability: Psychic Surge|[of] p1a: Mogh\n|turn|3\n|\n|t:|1699983893\n|move|p2a: Toshiro|Protect|p2a: Toshiro\n|-singleturn|p2a: Toshiro|Protect\n|move|p2b: Kaido|Dragon Pulse|p1a: Mogh\n|-crit|p1a: Mogh\n|-damage|p1a: Mogh|17\/100\n|move|p1a: Mogh|Psychic|p2b: Kaido\n|-damage|p2b: Kaido|0 fnt\n|faint|p2b: Kaido\n|move|p1b: Smarag|Tera Blast|p2a: Toshiro|[anim] Tera Blast Fairy\n|-activate|p2a: Toshiro|move: Protect\n|\n|upkeep\n|\n|t:|1699983904\n|switch|p2b: Gorone|Stonjourner, L50, M, shiny|100\/100\n|turn|4\n|\n|t:|1699983968\n|move|p2a: Toshiro|Icy Wind|p1a: Mogh|[spread] p1a,p1b\n|-damage|p1a: Mogh|0 fnt\n|-damage|p1b: Smarag|77\/100\n|-unboost|p1b: Smarag|spe|1\n|faint|p1a: Mogh\n|move|p2b: Gorone|Body Press|p1b: Smarag\n|-resisted|p1b: Smarag\n|-damage|p1b: Smarag|62\/100\n|move|p1b: Smarag|Tera Blast|p2a: Toshiro|[anim] Tera Blast Fairy\n|-damage|p2a: Toshiro|0 fnt\n|faint|p2a: Toshiro\n|-end|p2a: Toshiro|Quark Drive|[silent]\n|\n|upkeep\n|\n|t:|1699983979\n|switch|p1a: Fire Monk|Armarouge, L50, F|100\/100\n|turn|5\n|\n|t:|1699983995\n|move|p1a: Fire Monk|Protect|p1a: Fire Monk\n|-singleturn|p1a: Fire Monk|Protect\n|move|p2b: Gorone|Rock Slide|p1b: Smarag|[spread] p1b\n|-activate|p1a: Fire Monk|move: Protect\n|-damage|p1b: Smarag|39\/100\n|move|p1b: Smarag|Tera Blast|p2b: Gorone|[anim] Tera Blast Fairy\n|-damage|p2b: Gorone|0 fnt\n|faint|p2b: Gorone\n|\n|win|Chocbrewis\n|c|\u2606Tehiyok09|gg\n|c|\u2606Chocbrewis|GG!\n|l|\u2606Tehiyok09\n","uploadtime":1699984095,"views":8,"p1id":"chocbrewis","p2id":"tehiyok09","formatid":"gen9vgc2023regulatione","rating":0,"private":0,"password":""}