{"id":"gen9vgc2023regulatione-1991036066","p1":"wudiace","p2":"hai zai zui ying","format":"[Gen 9] VGC 2023 Regulation E","log":"|j|\u2606wudiace\n|j|\u2606hai zai zui ying\n|t:|1700032105\n|gametype|doubles\n|player|p1|wudiace|cynthia|1593\n|player|p2|hai zai zui ying|diantha-masters|1536\n|teamsize|p1|6\n|teamsize|p2|6\n|gen|9\n|tier|[Gen 9] VGC 2023 Regulation E\n|rated|\n|rule|Species Clause: Limit one of each Pok\u00e9mon\n|rule|Item Clause: Limit one of each item\n|clearpoke\n|poke|p1|Grimmsnarl, L50, M|\n|poke|p1|Chi-Yu, L50|\n|poke|p1|Empoleon, L50, M|\n|poke|p1|Ogerpon-Wellspring, L50, F|\n|poke|p1|Iron Hands, L50|\n|poke|p1|Sinistcha, L50|\n|poke|p2|Volcarona, L50, M|\n|poke|p2|Iron Hands, L50|\n|poke|p2|Kingambit, L50, M|\n|poke|p2|Gastrodon-East, L50, M|\n|poke|p2|Landorus-Therian, L50, M|\n|poke|p2|Flutter Mane, L50|\n|teampreview|4\n|\n|t:|1700032158\n|start\n|switch|p1a: Grimmsnarl|Grimmsnarl, L50, M|100\/100\n|switch|p1b: Chi-Yu|Chi-Yu, L50|100\/100\n|switch|p2a: Volcarona|Volcarona, L50, M|100\/100\n|switch|p2b: Iron Hands|Iron Hands, L50|100\/100\n|-ability|p1b: Chi-Yu|Beads of Ruin\n|turn|1\n|\n|t:|1700032181\n|move|p2b: Iron Hands|Fake Out|p1b: Chi-Yu\n|-damage|p1b: Chi-Yu|85\/100\n|move|p1a: Grimmsnarl|Light Screen|p1a: Grimmsnarl\n|-sidestart|p1: wudiace|move: Light Screen\n|cant|p1b: Chi-Yu|flinch\n|move|p2a: Volcarona|Quiver Dance|p2a: Volcarona\n|-boost|p2a: Volcarona|spa|1\n|-boost|p2a: Volcarona|spd|1\n|-boost|p2a: Volcarona|spe|1\n|\n|upkeep\n|turn|2\n|\n|t:|1700032196\n|move|p1a: Grimmsnarl|Reflect|p1a: Grimmsnarl\n|-sidestart|p1: wudiace|Reflect\n|move|p2a: Volcarona|Quiver Dance|p2a: Volcarona\n|-boost|p2a: Volcarona|spa|1\n|-boost|p2a: Volcarona|spd|1\n|-boost|p2a: Volcarona|spe|1\n|move|p1b: Chi-Yu|Will-O-Wisp|p2b: Iron Hands|[miss]\n|-miss|p1b: Chi-Yu|p2b: Iron Hands\n|move|p2b: Iron Hands|Drain Punch|p1b: Chi-Yu\n|-supereffective|p1b: Chi-Yu\n|-damage|p1b: Chi-Yu|19\/100\n|\n|upkeep\n|turn|3\n|j| 5Sscreen\n|\n|t:|1700032218\n|move|p1b: Chi-Yu|Protect|p1b: Chi-Yu\n|-singleturn|p1b: Chi-Yu|Protect\n|move|p1a: Grimmsnarl|Parting Shot|p2a: Volcarona\n|-unboost|p2a: Volcarona|atk|1\n|-unboost|p2a: Volcarona|spa|1\n|\n|t:|1700032223\n|switch|p1a: Sinistcha|Sinistcha, L50|100\/100|[from] Parting Shot\n|-heal|p1b: Chi-Yu|44\/100|[from] ability: Hospitality|[of] p1a: Sinistcha\n|move|p2a: Volcarona|Flamethrower|p1b: Chi-Yu\n|-activate|p1b: Chi-Yu|move: Protect\n|move|p2b: Iron Hands|Drain Punch|p1a: Sinistcha\n|-immune|p1a: Sinistcha\n|\n|upkeep\n|turn|4\n|\n|t:|1700032242\n|-end|p2b: Iron Hands|Quark Drive|[silent]\n|switch|p2b: Flutter Mane|Flutter Mane, L50|100\/100\n|-terastallize|p1a: Sinistcha|Water\n|move|p1a: Sinistcha|Rage Powder|p1a: Sinistcha\n|-singleturn|p1a: Sinistcha|move: Rage Powder\n|move|p2a: Volcarona|Quiver Dance|p2a: Volcarona\n|-boost|p2a: Volcarona|spa|1\n|-boost|p2a: Volcarona|spd|1\n|-boost|p2a: Volcarona|spe|1\n|move|p1b: Chi-Yu|Will-O-Wisp|p2b: Flutter Mane\n|-status|p2b: Flutter Mane|brn\n|\n|-damage|p2b: Flutter Mane|95\/100 brn|[from] brn\n|upkeep\n|turn|5\n|\n|t:|1700032265\n|move|p2a: Volcarona|Quiver Dance|p2a: Volcarona\n|-boost|p2a: Volcarona|spa|1\n|-boost|p2a: Volcarona|spd|1\n|-boost|p2a: Volcarona|spe|1\n|move|p2b: Flutter Mane|Moonblast|p1b: Chi-Yu\n|-damage|p1b: Chi-Yu|1\/100\n|move|p1b: Chi-Yu|Snarl|p2b: Flutter Mane|[spread] p2a,p2b\n|-damage|p2a: Volcarona|91\/100\n|-damage|p2b: Flutter Mane|60\/100 brn\n|-unboost|p2a: Volcarona|spa|1\n|-unboost|p2b: Flutter Mane|spa|1\n|-damage|p1b: Chi-Yu|0 fnt|[from] item: Life Orb\n|faint|p1b: Chi-Yu\n|move|p1a: Sinistcha|Trick Room|p1a: Sinistcha\n|-fieldstart|move: Trick Room|[of] p1a: Sinistcha\n|\n|-damage|p2b: Flutter Mane|54\/100 brn|[from] brn\n|upkeep\n|\n|t:|1700032278\n|switch|p1b: Ogerpon|Ogerpon-Wellspring, L50, F|100\/100\n|turn|6\n|\n|t:|1700032306\n|switch|p1a: Grimmsnarl|Grimmsnarl, L50, M|100\/100\n|-end|p2b: Flutter Mane|Protosynthesis|[silent]\n|switch|p2b: Iron Hands|Iron Hands, L50|100\/100\n|move|p2a: Volcarona|Protect|p2a: Volcarona\n|-singleturn|p2a: Volcarona|Protect\n|move|p1b: Ogerpon|Ivy Cudgel|p2a: Volcarona|[anim] Ivy Cudgel Water\n|-activate|p2a: Volcarona|move: Protect\n|\n|upkeep\n|turn|7\n|\n|t:|1700032325\n|move|p1b: Ogerpon|Spiky Shield|p1b: Ogerpon\n|-singleturn|p1b: Ogerpon|move: Protect\n|move|p2b: Iron Hands|Fake Out|p1b: Ogerpon\n|-activate|p1b: Ogerpon|move: Protect\n|-damage|p2b: Iron Hands|88\/100|[from] Spiky Shield|[of] p1b: Ogerpon\n|move|p1a: Grimmsnarl|Parting Shot|p2b: Iron Hands\n|-unboost|p2b: Iron Hands|atk|1\n|-unboost|p2b: Iron Hands|spa|1\n|\n|t:|1700032333\n|switch|p1a: Sinistcha|Sinistcha, L50, tera:Water|100\/100|[from] Parting Shot\n|move|p2a: Volcarona|Giga Drain|p1a: Sinistcha\n|-supereffective|p1a: Sinistcha\n|-damage|p1a: Sinistcha|31\/100\n|-heal|p2a: Volcarona|100\/100|[from] drain|[of] p1a: Sinistcha\n|\n|upkeep\n|turn|8\n|\n|t:|1700032352\n|-end|p2b: Iron Hands|Quark Drive|[silent]\n|switch|p2b: Landorus|Landorus-Therian, L50, M|100\/100\n|-ability|p2b: Landorus|Intimidate|boost\n|-unboost|p1a: Sinistcha|atk|1\n|-unboost|p1b: Ogerpon|atk|1\n|move|p2a: Volcarona|Protect|p2a: Volcarona\n|-singleturn|p2a: Volcarona|Protect\n|move|p1a: Sinistcha|Strength Sap|p2b: Landorus\n|-unboost|p2b: Landorus|atk|1\n|-heal|p1a: Sinistcha|100\/100\n|move|p1b: Ogerpon|Ivy Cudgel|p2b: Landorus|[anim] Ivy Cudgel Water\n|-supereffective|p2b: Landorus\n|-damage|p2b: Landorus|19\/100\n|\n|-sideend|p1: wudiace|move: Light Screen\n|upkeep\n|turn|9\n|\n|t:|1700032382\n|-terastallize|p2a: Volcarona|Water\n|move|p1a: Sinistcha|Matcha Gotcha|p2a: Volcarona|[spread] p2a,p2b\n|-supereffective|p2a: Volcarona\n|-damage|p2a: Volcarona|85\/100\n|-damage|p2b: Landorus|0 fnt\n|faint|p2b: Landorus\n|move|p1b: Ogerpon|Ivy Cudgel|p2a: Volcarona|[anim] Ivy Cudgel Water\n|-resisted|p2a: Volcarona\n|-damage|p2a: Volcarona|67\/100\n|move|p2a: Volcarona|Giga Drain|p1a: Sinistcha\n|-supereffective|p1a: Sinistcha\n|-damage|p1a: Sinistcha|0 fnt\n|-heal|p2a: Volcarona|100\/100|[from] drain|[of] p1a: Sinistcha\n|faint|p1a: Sinistcha\n|\n|-sideend|p1: wudiace|Reflect\n|-fieldend|move: Trick Room\n|upkeep\n|-message|wudiace forfeited.\n|\n|win|hai zai zui ying\n|raw|wudiace's rating: 1593 &rarr; <strong>1570<\/strong><br \/>(-23 for losing)\n|raw|hai zai zui ying's rating: 1536 &rarr; <strong>1559<\/strong><br \/>(+23 for winning)\n|l|\u2606wudiace\n|l|\u2606hai zai zui ying\n|j| kudmip1\n","uploadtime":1700032438,"views":14,"p1id":"wudiace","p2id":"haizaizuiying","formatid":"gen9vgc2023regulatione","rating":1559,"private":0,"password":""}