{"id":"gen9vgc2023regulatione-1989817312","p1":"AceofJades39","p2":"slydeslex","format":"[Gen 9] VGC 2023 Regulation E","log":"|j|\u2606AceofJades39\n|j|\u2606slydeslex\n|t:|1699898221\n|gametype|doubles\n|player|p1|AceofJades39|acetrainerf-gen4dp|1197\n|player|p2|slydeslex|1|1205\n|teamsize|p1|6\n|teamsize|p2|6\n|gen|9\n|tier|[Gen 9] VGC 2023 Regulation E\n|rated|\n|rule|Species Clause: Limit one of each Pok\u00e9mon\n|rule|Item Clause: Limit one of each item\n|clearpoke\n|poke|p1|Iron Hands, L50|\n|poke|p1|Flutter Mane, L50|\n|poke|p1|Landorus-Therian, L50, M|\n|poke|p1|Ogerpon-Wellspring, L50, F|\n|poke|p1|Chi-Yu, L50|\n|poke|p1|Sinistcha, L50|\n|poke|p2|Chien-Pao, L50|\n|poke|p2|Rillaboom, L50, F|\n|poke|p2|Heatran, L50, F|\n|poke|p2|Clefairy, L50, M|\n|poke|p2|Urshifu-*, L50, M|\n|poke|p2|Ogerpon, L50, F|\n|teampreview|4\n|\n|t:|1699898258\n|start\n|switch|p1a: Helvetica|Flutter Mane, L50|100\/100\n|switch|p1b: Garfield Lasanga|Chi-Yu, L50|100\/100\n|switch|p2a: Urshifu|Urshifu-Rapid-Strike, L50, M|100\/100\n|switch|p2b: Heatran|Heatran, L50, F|100\/100\n|-ability|p1b: Garfield Lasanga|Beads of Ruin\n|-enditem|p1a: Helvetica|Booster Energy\n|-activate|p1a: Helvetica|ability: Protosynthesis|[fromitem]\n|-start|p1a: Helvetica|protosynthesisspe\n|turn|1\n|\n|t:|1699898281\n|switch|p1b: Fionna|Ogerpon-Wellspring, L50, F|100\/100\n|-terastallize|p2a: Urshifu|Water\n|move|p1a: Helvetica|Protect|p1a: Helvetica\n|-singleturn|p1a: Helvetica|Protect\n|move|p2a: Urshifu|Surging Strikes|p1b: Fionna\n|-immune|p1b: Fionna|[from] ability: Water Absorb\n|move|p2b: Heatran|Flash Cannon|p1a: Helvetica\n|-activate|p1a: Helvetica|move: Protect\n|\n|upkeep\n|turn|2\n|\n|t:|1699898303\n|-end|p1a: Helvetica|Protosynthesis|[silent]\n|switch|p1a: Hugo|Iron Hands, L50|100\/100\n|switch|p2a: Rillaboom|Rillaboom, L50, F|100\/100\n|-fieldstart|move: Grassy Terrain|[from] ability: Grassy Surge|[of] p2a: Rillaboom\n|switch|p2b: Clefairy|Clefairy, L50, M|100\/100\n|move|p1b: Fionna|Horn Leech|p2a: Rillaboom\n|-resisted|p2a: Rillaboom\n|-damage|p2a: Rillaboom|80\/100\n|\n|-heal|p2a: Rillaboom|86\/100|[from] Grassy Terrain\n|upkeep\n|turn|3\n|\n|t:|1699898365\n|move|p2b: Clefairy|Helping Hand|p2a: Rillaboom\n|-singleturn|p2a: Rillaboom|Helping Hand|[of] p2b: Clefairy\n|move|p1a: Hugo|Fake Out|p2a: Rillaboom\n|-damage|p2a: Rillaboom|76\/100\n|move|p1b: Fionna|Ivy Cudgel|p2b: Clefairy\n|-damage|p2b: Clefairy|50\/100\n|cant|p2a: Rillaboom|flinch\n|\n|-heal|p2a: Rillaboom|82\/100|[from] Grassy Terrain\n|-heal|p2b: Clefairy|56\/100|[from] Grassy Terrain\n|upkeep\n|turn|4\n|\n|t:|1699898378\n|move|p1b: Fionna|Spiky Shield|p1b: Fionna\n|-singleturn|p1b: Fionna|move: Protect\n|move|p2b: Clefairy|Protect|p2b: Clefairy\n|-singleturn|p2b: Clefairy|Protect\n|move|p2a: Rillaboom|Wood Hammer|p1a: Hugo\n|-damage|p1a: Hugo|24\/100\n|-damage|p2a: Rillaboom|49\/100|[from] Recoil\n|-damage|p2a: Rillaboom|40\/100|[from] item: Life Orb\n|move|p1a: Hugo|Heavy Slam|p2b: Clefairy\n|-activate|p2b: Clefairy|move: Protect\n|\n|-heal|p2a: Rillaboom|46\/100|[from] Grassy Terrain\n|-heal|p1a: Hugo|30\/100|[from] Grassy Terrain\n|-heal|p2b: Clefairy|62\/100|[from] Grassy Terrain\n|upkeep\n|turn|5\n|\n|t:|1699898399\n|move|p2b: Clefairy|Helping Hand|p2a: Rillaboom\n|-singleturn|p2a: Rillaboom|Helping Hand|[of] p2b: Clefairy\n|move|p1b: Fionna|Follow Me|p1b: Fionna\n|-singleturn|p1b: Fionna|move: Follow Me\n|move|p2a: Rillaboom|Grassy Glide|p1b: Fionna\n|-damage|p1b: Fionna|36\/100\n|-damage|p2a: Rillaboom|36\/100|[from] item: Life Orb\n|move|p1a: Hugo|Drain Punch|p2a: Rillaboom\n|-damage|p2a: Rillaboom|7\/100\n|-heal|p1a: Hugo|41\/100|[from] drain|[of] p2a: Rillaboom\n|\n|-heal|p1b: Fionna|42\/100|[from] Grassy Terrain\n|-heal|p2a: Rillaboom|13\/100|[from] Grassy Terrain\n|-heal|p1a: Hugo|47\/100|[from] Grassy Terrain\n|-heal|p2b: Clefairy|67\/100|[from] Grassy Terrain\n|upkeep\n|turn|6\n|\n|t:|1699898421\n|move|p2b: Clefairy|Helping Hand|p2a: Rillaboom\n|-singleturn|p2a: Rillaboom|Helping Hand|[of] p2b: Clefairy\n|move|p1b: Fionna|Spiky Shield|p1b: Fionna\n|-singleturn|p1b: Fionna|move: Protect\n|move|p2a: Rillaboom|Grassy Glide|p1a: Hugo\n|-damage|p1a: Hugo|0 fnt\n|faint|p1a: Hugo\n|-end|p1a: Hugo|Quark Drive|[silent]\n|-damage|p2a: Rillaboom|4\/100|[from] item: Life Orb\n|\n|-heal|p1b: Fionna|48\/100|[from] Grassy Terrain\n|-heal|p2a: Rillaboom|10\/100|[from] Grassy Terrain\n|-heal|p2b: Clefairy|73\/100|[from] Grassy Terrain\n|-fieldend|move: Grassy Terrain\n|upkeep\n|\n|t:|1699898435\n|switch|p1a: Garfield Lasanga|Chi-Yu, L50|100\/100\n|-ability|p1a: Garfield Lasanga|Beads of Ruin\n|turn|7\n|\n|t:|1699898449\n|move|p2b: Clefairy|Protect|p2b: Clefairy\n|-singleturn|p2b: Clefairy|Protect\n|move|p1a: Garfield Lasanga|Heat Wave|p2a: Rillaboom|[spread] p2a\n|-activate|p2b: Clefairy|move: Protect\n|-supereffective|p2a: Rillaboom\n|-damage|p2a: Rillaboom|0 fnt\n|faint|p2a: Rillaboom\n|move|p1b: Fionna|Horn Leech|p2b: Clefairy\n|-activate|p2b: Clefairy|move: Protect\n|\n|upkeep\n|\n|t:|1699898460\n|switch|p2a: Urshifu|Urshifu-Rapid-Strike, L50, M, tera:Water|100\/100\n|turn|8\n|\n|t:|1699898470\n|move|p1b: Fionna|Follow Me|p1b: Fionna\n|-singleturn|p1b: Fionna|move: Follow Me\n|move|p2b: Clefairy|Follow Me|p2b: Clefairy\n|-singleturn|p2b: Clefairy|move: Follow Me\n|move|p2a: Urshifu|Surging Strikes|p1b: Fionna\n|-heal|p1b: Fionna|72\/100|[from] ability: Water Absorb|[of] p2a: Urshifu\n|move|p1a: Garfield Lasanga|Heat Wave|p2a: Urshifu|[spread] p2a,p2b\n|-resisted|p2a: Urshifu\n|-damage|p2a: Urshifu|63\/100\n|-damage|p2b: Clefairy|11\/100\n|-status|p2a: Urshifu|brn\n|\n|-damage|p2a: Urshifu|57\/100 brn|[from] brn\n|upkeep\n|turn|9\n|\n|t:|1699898502\n|move|p2b: Clefairy|Protect|p2b: Clefairy\n|-singleturn|p2b: Clefairy|Protect\n|move|p1b: Fionna|Follow Me|p1b: Fionna\n|-singleturn|p1b: Fionna|move: Follow Me\n|move|p2a: Urshifu|Surging Strikes|p1b: Fionna\n|-heal|p1b: Fionna|97\/100|[from] ability: Water Absorb|[of] p2a: Urshifu\n|move|p1a: Garfield Lasanga|Heat Wave|p2b: Clefairy|[spread] p2a\n|-activate|p2b: Clefairy|move: Protect\n|-resisted|p2a: Urshifu\n|-damage|p2a: Urshifu|15\/100 brn\n|\n|-damage|p2a: Urshifu|9\/100 brn|[from] brn\n|upkeep\n|turn|10\n|\n|t:|1699898516\n|move|p2b: Clefairy|Protect|p2b: Clefairy\n|-singleturn|p2b: Clefairy|Protect\n|move|p1b: Fionna|Follow Me|p1b: Fionna\n|-singleturn|p1b: Fionna|move: Follow Me\n|move|p2a: Urshifu|Surging Strikes|p1b: Fionna\n|-heal|p1b: Fionna|100\/100|[from] ability: Water Absorb|[of] p2a: Urshifu\n|move|p1a: Garfield Lasanga|Heat Wave|p2a: Urshifu|[spread] \n|-activate|p2b: Clefairy|move: Protect\n|-miss|p1a: Garfield Lasanga|p2a: Urshifu\n|\n|-damage|p2a: Urshifu|3\/100 brn|[from] brn\n|upkeep\n|turn|11\n|\n|t:|1699898540\n|switch|p2a: Heatran|Heatran, L50, F|100\/100\n|move|p1b: Fionna|Follow Me|p1b: Fionna\n|-singleturn|p1b: Fionna|move: Follow Me\n|move|p1a: Garfield Lasanga|Heat Wave|p2a: Heatran|[spread] p2b\n|-start|p2a: Heatran|ability: Flash Fire\n|-crit|p2b: Clefairy\n|-damage|p2b: Clefairy|0 fnt\n|faint|p2b: Clefairy\n|\n|upkeep\n|\n|t:|1699898549\n|switch|p2b: Urshifu|Urshifu-Rapid-Strike, L50, M, tera:Water|3\/100 brn\n|turn|12\n|\n|t:|1699898565\n|switch|p1a: Helvetica|Flutter Mane, L50|100\/100\n|move|p2b: Urshifu|U-turn|p1b: Fionna\n|-supereffective|p1b: Fionna\n|-damage|p1b: Fionna|75\/100\n|move|p1b: Fionna|Ivy Cudgel|p2a: Heatran\n|-supereffective|p2a: Heatran\n|-damage|p2a: Heatran|4\/100\n|move|p2a: Heatran|Earth Power|p1a: Helvetica\n|-damage|p1a: Helvetica|65\/100\n|\n|-damage|p2b: Urshifu|0 fnt|[from] brn\n|faint|p2b: Urshifu\n|upkeep\n|turn|13\n|-message|slydeslex forfeited.\n|\n|win|AceofJades39\n|raw|AceofJades39's rating: 1197 &rarr; <strong>1223<\/strong><br \/>(+26 for winning)\n|raw|slydeslex's rating: 1205 &rarr; <strong>1179<\/strong><br \/>(-26 for losing)\n|l|\u2606slydeslex\n","uploadtime":1699898583,"views":9,"p1id":"aceofjades39","p2id":"slydeslex","formatid":"gen9vgc2023regulatione","rating":1179,"private":0,"password":""}