{"id":"gen9vgc2023regulatione-1997824736","p1":"BlueJayX2","p2":"delegao","format":"[Gen 9] VGC 2023 Regulation E","log":"|j|\u2606BlueJayX2\n|j|\u2606delegao\n|t:|1700856707\n|gametype|doubles\n|player|p1|BlueJayX2|marley|1111\n|player|p2|delegao|veteran|1119\n|teamsize|p1|6\n|teamsize|p2|6\n|gen|9\n|tier|[Gen 9] VGC 2023 Regulation E\n|rated|\n|rule|Species Clause: Limit one of each Pok\u00e9mon\n|rule|Item Clause: Limit one of each item\n|clearpoke\n|poke|p1|Slowbro-Galar, L50, F|\n|poke|p1|Arcanine, L50, F|\n|poke|p1|Sinistcha-Masterpiece, L50|\n|poke|p1|Bronzong, L50|\n|poke|p1|Thundurus, L50, M|\n|poke|p1|Rotom-Wash, L50|\n|poke|p2|Sinistcha, L50|\n|poke|p2|Iron Hands, L50|\n|poke|p2|Landorus-Therian, L50, M|\n|poke|p2|Cresselia, L50, F|\n|poke|p2|Chien-Pao, L50|\n|poke|p2|Ursaluna-Bloodmoon, L50, M|\n|teampreview|4\n|inactive|Battle timer is ON: inactive players will automatically lose when time's up. (requested by BlueJayX2)\n|\n|t:|1700856727\n|start\n|switch|p1a: Thundurus|Thundurus, L50, M|100\/100\n|switch|p1b: Arcanine|Arcanine, L50, F|100\/100\n|switch|p2a: Sinistcha|Sinistcha, L50|100\/100\n|switch|p2b: Iron Hands|Iron Hands, L50|100\/100\n|-ability|p1b: Arcanine|Intimidate|boost\n|-unboost|p2a: Sinistcha|atk|1\n|-unboost|p2b: Iron Hands|atk|1\n|turn|1\n|\n|t:|1700856749\n|switch|p1a: Sinistcha|Sinistcha-Masterpiece, L50|100\/100\n|move|p2b: Iron Hands|Fake Out|p1a: Sinistcha\n|-immune|p1a: Sinistcha\n|move|p1b: Arcanine|Bulldoze|p2a: Sinistcha|[spread] p1a,p2a,p2b\n|-resisted|p1a: Sinistcha\n|-resisted|p2a: Sinistcha\n|-supereffective|p2b: Iron Hands\n|-damage|p1a: Sinistcha|96\/100\n|-damage|p2a: Sinistcha|96\/100\n|-damage|p2b: Iron Hands|84\/100\n|-unboost|p1a: Sinistcha|spe|1\n|-unboost|p2a: Sinistcha|spe|1\n|-unboost|p2b: Iron Hands|spe|1\n|-enditem|p1a: Sinistcha|Eject Button\n|\n|t:|1700856763\n|switch|p1a: Thundurus|Thundurus, L50, M|100\/100\n|move|p2a: Sinistcha|Trick Room|p2a: Sinistcha\n|-fieldstart|move: Trick Room|[of] p2a: Sinistcha\n|\n|upkeep\n|turn|2\n|\n|t:|1700856781\n|-end|p2b: Iron Hands|Quark Drive|[silent]\n|switch|p2b: Ursaluna|Ursaluna-Bloodmoon, L50, M|100\/100\n|move|p1a: Thundurus|Taunt|p2a: Sinistcha\n|-start|p2a: Sinistcha|move: Taunt\n|move|p2a: Sinistcha|Matcha Gotcha|p1a: Thundurus|[spread] p1a,p1b\n|-resisted|p1a: Thundurus\n|-resisted|p1b: Arcanine\n|-damage|p1a: Thundurus|89\/100\n|-heal|p2a: Sinistcha|100\/100|[from] drain|[of] p1a: Thundurus\n|-damage|p1b: Arcanine|90\/100\n|move|p1b: Arcanine|Flare Blitz|p2a: Sinistcha\n|-supereffective|p2a: Sinistcha\n|-damage|p2a: Sinistcha|28\/100\n|-enditem|p2a: Sinistcha|Sitrus Berry|[eat]\n|-heal|p2a: Sinistcha|53\/100|[from] item: Sitrus Berry\n|-damage|p1b: Arcanine|69\/100|[from] Recoil\n|\n|upkeep\n|turn|3\n|inactive|delegao has 30 seconds left.\n|\n|t:|1700856814\n|-terastallize|p2a: Sinistcha|Fire\n|move|p1a: Thundurus|Swagger|p2b: Ursaluna\n|-boost|p2b: Ursaluna|atk|2\n|-enditem|p1b: Arcanine|Mirror Herb\n|-boost|p1b: Arcanine|atk|2|[from] item: Mirror Herb\n|-start|p2b: Ursaluna|confusion\n|-activate|p2b: Ursaluna|confusion\n|move|p2b: Ursaluna|Earth Power|p1b: Arcanine\n|-supereffective|p1b: Arcanine\n|-damage|p1b: Arcanine|0 fnt\n|faint|p1b: Arcanine\n|move|p2a: Sinistcha|Matcha Gotcha|p1a: Thundurus\n|-resisted|p1a: Thundurus\n|-damage|p1a: Thundurus|74\/100\n|-heal|p2a: Sinistcha|62\/100|[from] drain|[of] p1a: Thundurus\n|\n|upkeep\n|\n|t:|1700856831\n|switch|p1b: Slowbro|Slowbro-Galar, L50, F|100\/100\n|turn|4\n|\n|t:|1700856846\n|move|p1a: Thundurus|Swagger|p1b: Slowbro\n|-boost|p1b: Slowbro|atk|2\n|-immune|p1b: Slowbro|confusion|[from] ability: Own Tempo\n|move|p1b: Slowbro|Ice Punch|p2b: Ursaluna\n|-supereffective|p2b: Ursaluna\n|-damage|p2b: Ursaluna|28\/100\n|-activate|p2b: Ursaluna|confusion\n|-damage|p2b: Ursaluna|20\/100|[from] confusion\n|move|p2a: Sinistcha|Matcha Gotcha|p1a: Thundurus|[spread] p1a,p1b\n|-resisted|p1a: Thundurus\n|-resisted|p1b: Slowbro\n|-damage|p1a: Thundurus|64\/100\n|-heal|p2a: Sinistcha|67\/100|[from] drain|[of] p1a: Thundurus\n|-damage|p1b: Slowbro|84\/100\n|-heal|p2a: Sinistcha|78\/100|[from] drain|[of] p1b: Slowbro\n|\n|-heal|p2b: Ursaluna|25\/100|[from] item: Leftovers\n|-end|p2a: Sinistcha|move: Taunt\n|upkeep\n|turn|5\n|\n|t:|1700856871\n|move|p2a: Sinistcha|Rage Powder|p2a: Sinistcha\n|-singleturn|p2a: Sinistcha|move: Rage Powder\n|move|p1a: Thundurus|Swagger|p2a: Sinistcha\n|-boost|p2a: Sinistcha|atk|2\n|-start|p2a: Sinistcha|confusion\n|move|p1b: Slowbro|Earthquake|p2a: Sinistcha|[spread] p2a,p2b\n|-immune|p1a: Thundurus\n|-supereffective|p2a: Sinistcha\n|-damage|p2a: Sinistcha|11\/100\n|-damage|p2b: Ursaluna|0 fnt\n|faint|p2b: Ursaluna\n|\n|-fieldend|move: Trick Room\n|upkeep\n|\n|t:|1700856883\n|switch|p2b: Chien-Pao|Chien-Pao, L50|100\/100\n|-ability|p2b: Chien-Pao|Sword of Ruin\n|turn|6\n|\n|t:|1700856895\n|move|p1b: Slowbro|Protect|p1b: Slowbro\n|-singleturn|p1b: Slowbro|Protect\n|move|p1a: Thundurus|Rain Dance|p1a: Thundurus\n|-weather|RainDance\n|move|p2b: Chien-Pao|Ice Spinner|p1a: Thundurus\n|-supereffective|p1a: Thundurus\n|-damage|p1a: Thundurus|0 fnt\n|faint|p1a: Thundurus\n|-activate|p2a: Sinistcha|confusion\n|-damage|p2a: Sinistcha|6\/100|[from] confusion\n|\n|-weather|RainDance|[upkeep]\n|upkeep\n|\n|t:|1700856906\n|switch|p1a: Sinistcha|Sinistcha-Masterpiece, L50|96\/100\n|-heal|p1b: Slowbro|100\/100|[from] ability: Hospitality|[of] p1a: Sinistcha\n|turn|7\n|\n|t:|1700856930\n|-terastallize|p1b: Slowbro|Dark\n|move|p1a: Sinistcha|Protect|p1a: Sinistcha\n|-singleturn|p1a: Sinistcha|Protect\n|move|p2b: Chien-Pao|Lash Out|p1b: Slowbro\n|-resisted|p1b: Slowbro\n|-damage|p1b: Slowbro|77\/100\n|-end|p2a: Sinistcha|confusion\n|move|p2a: Sinistcha|Strength Sap|p1a: Sinistcha\n|-activate|p1a: Sinistcha|move: Protect\n|move|p1b: Slowbro|Earthquake|p2b: Chien-Pao|[spread] p2a,p2b\n|-activate|p1a: Sinistcha|move: Protect\n|-supereffective|p2a: Sinistcha\n|-damage|p2a: Sinistcha|0 fnt\n|-damage|p2b: Chien-Pao|30\/100\n|faint|p2a: Sinistcha\n|\n|-weather|RainDance|[upkeep]\n|upkeep\n|-message|delegao forfeited.\n|\n|win|BlueJayX2\n|raw|BlueJayX2's rating: 1111 &rarr; <strong>1137<\/strong><br \/>(+26 for winning)\n|raw|delegao's rating: 1119 &rarr; <strong>1093<\/strong><br \/>(-26 for losing)\n|l|\u2606delegao\n","uploadtime":1700856960,"views":17,"p1id":"bluejayx2","p2id":"delegao","formatid":"gen9vgc2023regulatione","rating":1093,"private":0,"password":""}