{"id":"gen9vgc2023regulatione-1991849070","p1":"ManciniTheAmazing","p2":"Goatdozo","format":"[Gen 9] VGC 2023 Regulation E","log":"|j|\u2606ManciniTheAmazing\n|j|\u2606Goatdozo\n|n|\u2606ManciniTheAmazing|mancinitheamazing\n|n|\u2606Goatdozo|goatdozo\n|html|View the match progress at <a href=\"\/game-bestof3-gen9vgc2023regulatione-1991843362\">game-bestof3-gen9vgc2023regulatione-1991843362<\/a>\n|t:|1700128046\n|gametype|doubles\n|player|p1|ManciniTheAmazing|steven-masters4|\n|player|p2|Goatdozo|cyclistf|\n|teamsize|p1|6\n|teamsize|p2|6\n|gen|9\n|tier|[Gen 9] VGC 2023 Regulation E\n|rule|Species Clause: Limit one of each Pok\u00e9mon\n|rule|Item Clause: Limit one of each item\n|clearpoke\n|poke|p1|Urshifu-*, L50, M|\n|poke|p1|Flutter Mane, L50|\n|poke|p1|Ninetales, L50, M|\n|poke|p1|Sandy Shocks, L50|\n|poke|p1|Vivillon-Monsoon, L50, F|\n|poke|p1|Arctibax, L50, F|\n|poke|p2|Drifblim, L50, M|\n|poke|p2|Revavroom, L50, M|\n|poke|p2|Florges-Orange, L50, F|\n|poke|p2|Ogerpon-Wellspring, L50, F|\n|poke|p2|Rillaboom, L50, F|\n|poke|p2|Girafarig, L50, M|\n|teampreview|4\n|c|\u2606ManciniTheAmazing|glhf\n|c|\u2606Goatdozo|glhf!\n|\n|t:|1700128107\n|start\n|switch|p1a: Saitama|Urshifu, L50, M|100\/100\n|switch|p1b: Professor X|Sandy Shocks, L50|100\/100\n|switch|p2a: point of the mask|Ogerpon-Wellspring, L50, F|100\/100\n|switch|p2b: Okay RillaBOOOMER|Rillaboom, L50, F|100\/100\n|-fieldstart|move: Grassy Terrain|[from] ability: Grassy Surge|[of] p2b: Okay RillaBOOOMER\n|turn|1\n|\n|t:|1700128227\n|-end|p1b: Professor X|Protosynthesis|[silent]\n|switch|p1b: Heisenberg|Ninetales, L50, M, shiny|100\/100\n|-weather|SunnyDay|[from] ability: Drought|[of] p1b: Heisenberg\n|-terastallize|p1a: Saitama|Poison\n|move|p2b: Okay RillaBOOOMER|Fake Out|p1a: Saitama\n|-damage|p1a: Saitama|85\/100\n|move|p2a: point of the mask|Ivy Cudgel|p1a: Saitama|[anim] Ivy Cudgel Water\n|-damage|p1a: Saitama|59\/100\n|cant|p1a: Saitama|flinch\n|\n|-weather|SunnyDay|[upkeep]\n|-heal|p1a: Saitama|65\/100|[from] Grassy Terrain\n|upkeep\n|turn|2\n|\n|t:|1700128339\n|move|p2b: Okay RillaBOOOMER|Protect|p2b: Okay RillaBOOOMER\n|-singleturn|p2b: Okay RillaBOOOMER|Protect\n|move|p2a: point of the mask|Ivy Cudgel|p1b: Heisenberg|[anim] Ivy Cudgel Water\n|-supereffective|p1b: Heisenberg\n|-damage|p1b: Heisenberg|33\/100\n|move|p1a: Saitama|Poison Jab|p2a: point of the mask\n|-supereffective|p2a: point of the mask\n|-damage|p2a: point of the mask|0 fnt\n|faint|p2a: point of the mask\n|move|p1b: Heisenberg|Flamethrower|p2b: Okay RillaBOOOMER\n|-activate|p2b: Okay RillaBOOOMER|move: Protect\n|\n|-weather|SunnyDay|[upkeep]\n|-heal|p1a: Saitama|71\/100|[from] Grassy Terrain\n|-heal|p1b: Heisenberg|40\/100|[from] Grassy Terrain\n|upkeep\n|\n|t:|1700128353\n|switch|p2a: swag money gang|Drifblim, L50, M|100\/100\n|-enditem|p2a: swag money gang|Grassy Seed\n|-boost|p2a: swag money gang|def|1|[from] item: Grassy Seed\n|turn|3\n|\n|t:|1700128390\n|move|p1b: Heisenberg|Helping Hand|p1a: Saitama\n|-singleturn|p1a: Saitama|Helping Hand|[of] p1b: Heisenberg\n|move|p2a: swag money gang|Tailwind|p2a: swag money gang\n|-sidestart|p2: Goatdozo|move: Tailwind\n|move|p2b: Okay RillaBOOOMER|Wood Hammer|p1b: Heisenberg\n|-resisted|p1b: Heisenberg\n|-damage|p1b: Heisenberg|0 fnt\n|faint|p1b: Heisenberg\n|-damage|p2b: Okay RillaBOOOMER|89\/100|[from] Recoil\n|move|p1a: Saitama|Poison Jab|p2b: Okay RillaBOOOMER\n|-supereffective|p2b: Okay RillaBOOOMER\n|-damage|p2b: Okay RillaBOOOMER|0 fnt\n|faint|p2b: Okay RillaBOOOMER\n|\n|-weather|SunnyDay|[upkeep]\n|-heal|p1a: Saitama|77\/100|[from] Grassy Terrain\n|upkeep\n|\n|t:|1700128406\n|switch|p1b: Krillin|Flutter Mane, L50|100\/100\n|switch|p2b: Orange Gang|Florges-Orange, L50, F|100\/100\n|-activate|p1b: Krillin|ability: Protosynthesis\n|-start|p1b: Krillin|protosynthesisspe\n|turn|4\n|\n|t:|1700128430\n|-terastallize|p2b: Orange Gang|Ground\n|move|p1a: Saitama|Protect|p1a: Saitama\n|-singleturn|p1a: Saitama|Protect\n|move|p2a: swag money gang|Destiny Bond|p2a: swag money gang\n|-singlemove|p2a: swag money gang|Destiny Bond\n|move|p1b: Krillin|Shadow Ball|p2a: swag money gang\n|-supereffective|p2a: swag money gang\n|-damage|p2a: swag money gang|0 fnt\n|faint|p2a: swag money gang\n|-activate|p2a: swag money gang|move: Destiny Bond\n|faint|p1b: Krillin\n|-end|p1b: Krillin|Protosynthesis|[silent]\n|move|p2b: Orange Gang|Calm Mind|p2b: Orange Gang\n|-boost|p2b: Orange Gang|spa|1\n|-boost|p2b: Orange Gang|spd|1\n|\n|-weather|SunnyDay|[upkeep]\n|-heal|p1a: Saitama|83\/100|[from] Grassy Terrain\n|upkeep\n|\n|t:|1700128440\n|switch|p1b: Professor X|Sandy Shocks, L50|100\/100\n|-activate|p1b: Professor X|ability: Protosynthesis\n|-start|p1b: Professor X|protosynthesisspa\n|turn|5\n|c|\u2606ManciniTheAmazing|gg\n|\n|t:|1700128450\n|move|p2b: Orange Gang|Tera Blast|p1a: Saitama|[anim] Tera Blast Ground\n|-supereffective|p1a: Saitama\n|-damage|p1a: Saitama|0 fnt\n|faint|p1a: Saitama\n|move|p1b: Professor X|Earth Power|p2b: Orange Gang\n|-damage|p2b: Orange Gang|75\/100\n|\n|-weather|none\n|-end|p1b: Professor X|Protosynthesis\n|-heal|p2b: Orange Gang|81\/100|[from] Grassy Terrain\n|-heal|p2b: Orange Gang|87\/100|[from] item: Leftovers\n|-fieldend|move: Grassy Terrain\n|upkeep\n|turn|6\n|c|\u2606Goatdozo|ggs\n|\n|t:|1700128463\n|move|p2b: Orange Gang|Tera Blast|p1b: Professor X|[anim] Tera Blast Ground\n|-supereffective|p1b: Professor X\n|-damage|p1b: Professor X|0 fnt\n|faint|p1b: Professor X\n|-end|p1b: Professor X|Protosynthesis|[silent]\n|\n|win|Goatdozo\n","uploadtime":1700128488,"views":33,"p1id":"mancinitheamazing","p2id":"goatdozo","formatid":"gen9vgc2023regulatione","rating":0,"private":0,"password":""}