{"id":"gen9vgc2023regulatione-1990219056","p1":"bway","p2":"Loser1118","format":"[Gen 9] VGC 2023 Regulation E","log":"|j|\u2606bway\n|j|\u2606Loser1118\n|t:|1699939210\n|gametype|doubles\n|player|p1|bway|266|1014\n|player|p2|Loser1118|170|1121\n|teamsize|p1|6\n|teamsize|p2|6\n|gen|9\n|tier|[Gen 9] VGC 2023 Regulation E\n|rated|\n|rule|Species Clause: Limit one of each Pok\u00e9mon\n|rule|Item Clause: Limit one of each item\n|clearpoke\n|poke|p1|Piplup, L50, M|\n|poke|p1|Farigiraf, L50, M|\n|poke|p1|Sinistcha, L50|\n|poke|p1|Iron Hands, L50|\n|poke|p1|Ogerpon-Hearthflame, L50, F|\n|poke|p1|Landorus-Therian, L50, M|\n|poke|p2|Zapdos-Galar, L50|\n|poke|p2|Annihilape, L50, M|\n|poke|p2|Ceruledge, L50, F|\n|poke|p2|Chien-Pao, L50|\n|poke|p2|Urshifu-*, L50, F|\n|poke|p2|Staraptor, L50, F|\n|teampreview|4\nbway rejected open team sheets.\n|inactive|Battle timer is ON: inactive players will automatically lose when time's up. (requested by bway)\n|\n|t:|1699939242\n|start\n|switch|p1a: Farigiraf|Farigiraf, L50, M|100\/100\n|switch|p1b: Piplup|Piplup, L50, M|100\/100\n|switch|p2a: Zapdos|Zapdos-Galar, L50|100\/100\n|switch|p2b: Annihilape|Annihilape, L50, M|100\/100\n|turn|1\n|\n|t:|1699939267\n|move|p2a: Zapdos|Thunderous Kick|p1a: Farigiraf\n|-damage|p1a: Farigiraf|52\/100\n|-unboost|p1a: Farigiraf|def|1\n|move|p2b: Annihilape|Stomping Tantrum|p1a: Farigiraf\n|-damage|p1a: Farigiraf|11\/100\n|move|p1b: Piplup|Yawn|p2b: Annihilape\n|-start|p2b: Annihilape|move: Yawn|[of] p1b: Piplup\n|move|p1a: Farigiraf|Trick Room|p1a: Farigiraf\n|-fieldstart|move: Trick Room|[of] p1a: Farigiraf\n|\n|upkeep\n|turn|2\n|\n|t:|1699939291\n|switch|p2b: Ceruledge|Ceruledge, L50, F|100\/100\n|move|p1b: Piplup|Yawn|p2a: Zapdos\n|-start|p2a: Zapdos|move: Yawn|[of] p1b: Piplup\n|move|p1a: Farigiraf|Dazzling Gleam|p2a: Zapdos|[spread] p2a,p2b\n|-supereffective|p2a: Zapdos\n|-resisted|p2b: Ceruledge\n|-damage|p2a: Zapdos|50\/100\n|-damage|p2b: Ceruledge|88\/100\n|move|p2a: Zapdos|Thunderous Kick|p1a: Farigiraf\n|-damage|p1a: Farigiraf|0 fnt\n|faint|p1a: Farigiraf\n|\n|upkeep\n|\n|t:|1699939306\n|switch|p1a: Iron Hands|Iron Hands, L50|100\/100\n|turn|3\n|\n|t:|1699939319\n|switch|p2a: Annihilape|Annihilape, L50, M|100\/100\n|move|p2b: Ceruledge|Shadow Sneak|p1b: Piplup\n|-damage|p1b: Piplup|72\/100\n|move|p1b: Piplup|Yawn|p2b: Ceruledge\n|-start|p2b: Ceruledge|move: Yawn|[of] p1b: Piplup\n|move|p1a: Iron Hands|Wild Charge|p2a: Annihilape\n|-damage|p2a: Annihilape|43\/100\n|-damage|p1a: Iron Hands|88\/100|[from] Recoil\n|\n|upkeep\n|turn|4\n|\n|t:|1699939336\n|move|p1b: Piplup|Chilling Water|p2b: Ceruledge\n|-supereffective|p2b: Ceruledge\n|-damage|p2b: Ceruledge|59\/100\n|move|p1a: Iron Hands|Wild Charge|p2a: Annihilape\n|-damage|p2a: Annihilape|0 fnt\n|faint|p2a: Annihilape\n|-damage|p1a: Iron Hands|78\/100|[from] Recoil\n|move|p2b: Ceruledge|Poltergeist|p1a: Iron Hands\n|-activate|p1a: Iron Hands|move: Poltergeist|Assault Vest\n|-damage|p1a: Iron Hands|37\/100\n|\n|-end|p2b: Ceruledge|move: Yawn|[silent]\n|-status|p2b: Ceruledge|slp\n|upkeep\n|\n|t:|1699939353\n|switch|p2a: Staraptor|Staraptor, L50, F|100\/100\n|turn|5\n|\n|t:|1699939376\n|-terastallize|p2a: Staraptor|Steel\n|move|p1b: Piplup|Yawn|p2a: Staraptor\n|-start|p2a: Staraptor|move: Yawn|[of] p1b: Piplup\n|move|p1a: Iron Hands|Drain Punch|p2a: Staraptor\n|-supereffective|p2a: Staraptor\n|-damage|p2a: Staraptor|0 fnt\n|-heal|p1a: Iron Hands|73\/100|[from] drain|[of] p2a: Staraptor\n|faint|p2a: Staraptor\n|cant|p2b: Ceruledge|slp\n|\n|-fieldend|move: Trick Room\n|upkeep\n|\n|t:|1699939389\n|switch|p2a: Zapdos|Zapdos-Galar, L50|50\/100\n|turn|6\n|\n|t:|1699939409\n|move|p2a: Zapdos|Brave Bird|p1a: Iron Hands\n|-damage|p1a: Iron Hands|26\/100\n|-damage|p2a: Zapdos|28\/100|[from] Recoil\n|cant|p2b: Ceruledge|slp\n|move|p1a: Iron Hands|Wild Charge|p2b: Ceruledge\n|-damage|p2b: Ceruledge|0 fnt\n|faint|p2b: Ceruledge\n|-damage|p1a: Iron Hands|16\/100|[from] Recoil\n|move|p1b: Piplup|Yawn|p2a: Zapdos\n|-start|p2a: Zapdos|move: Yawn|[of] p1b: Piplup\n|\n|upkeep\n|turn|7\n|\n|t:|1699939427\n|-end|p1a: Iron Hands|Quark Drive|[silent]\n|switch|p1a: Ogerpon|Ogerpon-Hearthflame, L50, F|100\/100\n|-ability|p1a: Ogerpon|Mold Breaker\n|move|p2a: Zapdos|Brave Bird|p1a: Ogerpon\n|-supereffective|p1a: Ogerpon\n|-damage|p1a: Ogerpon|0 fnt\n|faint|p1a: Ogerpon\n|-damage|p2a: Zapdos|0 fnt|[from] Recoil\n|faint|p2a: Zapdos\n|\n|win|bway\n|raw|bway's rating: 1014 &rarr; <strong>1063<\/strong><br \/>(+49 for winning)\n|raw|Loser1118's rating: 1121 &rarr; <strong>1089<\/strong><br \/>(-32 for losing)\n","uploadtime":1699939439,"views":8,"p1id":"bway","p2id":"loser1118","formatid":"gen9vgc2023regulatione","rating":1063,"private":0,"password":""}