{"id":"gen9vgc2023regulatione-1989850212","p1":"casper22","p2":"Ayresbrun","format":"[Gen 9] VGC 2023 Regulation E","log":"|j|\u2606casper22\n|j|\u2606Ayresbrun\n|t:|1699900933\n|gametype|doubles\n|player|p1|casper22|266|1315\n|player|p2|Ayresbrun|266|1231\n|teamsize|p1|6\n|teamsize|p2|6\n|gen|9\n|tier|[Gen 9] VGC 2023 Regulation E\n|rated|\n|rule|Species Clause: Limit one of each Pok\u00e9mon\n|rule|Item Clause: Limit one of each item\n|clearpoke\n|poke|p1|Flutter Mane, L50|\n|poke|p1|Tornadus, L50, M|\n|poke|p1|Farigiraf, L50, M|\n|poke|p1|Iron Valiant, L50|\n|poke|p1|Urshifu-*, L50, F|\n|poke|p1|Regidrago, L50|\n|poke|p2|Flutter Mane, L50|\n|poke|p2|Tornadus, L50, M|\n|poke|p2|Heatran, L50, M|\n|poke|p2|Rillaboom, L50, F|\n|poke|p2|Arcanine, L50, F|\n|poke|p2|Hydreigon, L50, F|\n|teampreview|4\nAyresbrun has agreed to open team sheets.\n|inactive|Battle timer is ON: inactive players will automatically lose when time's up. (requested by Ayresbrun)\n|inactive|Ayresbrun has 60 seconds left.\n|\n|t:|1699900970\n|start\n|switch|p1a: Tornadus|Tornadus, L50, M|100\/100\n|switch|p1b: Regidrago|Regidrago, L50|100\/100\n|switch|p2a: Tornadus|Tornadus, L50, M|100\/100\n|switch|p2b: Heatran|Heatran, L50, M|100\/100\n|turn|1\n|inactive|casper22 has 30 seconds left.\n|inactive|casper22 has 20 seconds left.\n|\n|t:|1699901006\n|move|p2a: Tornadus|Tailwind|p2a: Tornadus\n|-sidestart|p2: Ayresbrun|move: Tailwind\n|move|p1a: Tornadus|Rain Dance|p1a: Tornadus\n|-weather|RainDance\n|move|p2b: Heatran|Heat Wave|p1a: Tornadus|[spread] p1a,p1b\n|-resisted|p1b: Regidrago\n|-damage|p1a: Tornadus|75\/100\n|-damage|p1b: Regidrago|91\/100\n|-damage|p2b: Heatran|91\/100|[from] item: Life Orb\n|move|p1b: Regidrago|Dragon Energy|p2a: Tornadus|[spread] p2a,p2b\n|-resisted|p2b: Heatran\n|-damage|p2a: Tornadus|16\/100\n|-damage|p2b: Heatran|55\/100\n|\n|-weather|RainDance|[upkeep]\n|upkeep\n|turn|2\n|inactive|Ayresbrun has 30 seconds left.\n|\n|t:|1699901039\n|switch|p2b: Rillaboom|Rillaboom, L50, F|100\/100\n|-fieldstart|move: Grassy Terrain|[from] ability: Grassy Surge|[of] p2b: Rillaboom\n|move|p1a: Tornadus|Tailwind|p1a: Tornadus\n|-sidestart|p1: casper22|move: Tailwind\n|move|p2a: Tornadus|Bleakwind Storm|p1a: Tornadus|[spread] p1a,p1b\n|-damage|p1a: Tornadus|41\/100\n|-damage|p1b: Regidrago|63\/100\n|-unboost|p1a: Tornadus|spe|1\n|move|p1b: Regidrago|Dragon Energy|p2a: Tornadus|[spread] p2a,p2b\n|-damage|p2a: Tornadus|0 fnt\n|-damage|p2b: Rillaboom|54\/100\n|faint|p2a: Tornadus\n|\n|-weather|RainDance|[upkeep]\n|-heal|p2b: Rillaboom|60\/100|[from] Grassy Terrain\n|-heal|p1b: Regidrago|69\/100|[from] Grassy Terrain\n|upkeep\n|\n|t:|1699901055\n|switch|p2a: Flutter Mane|Flutter Mane, L50|100\/100\n|turn|3\n|inactive|casper22 has 30 seconds left.\n|inactive|casper22 has 20 seconds left.\n|\n|t:|1699901092\n|-terastallize|p2a: Flutter Mane|Fairy\n|move|p1b: Regidrago|Protect|p1b: Regidrago\n|-singleturn|p1b: Regidrago|Protect\n|move|p2b: Rillaboom|Fake Out|p1b: Regidrago\n|-activate|p1b: Regidrago|move: Protect\n|move|p1a: Tornadus|Scary Face|p2a: Flutter Mane\n|-unboost|p2a: Flutter Mane|spe|2\n|move|p2a: Flutter Mane|Dazzling Gleam|p1b: Regidrago|[spread] p1a\n|-activate|p1b: Regidrago|move: Protect\n|-damage|p1a: Tornadus|0 fnt\n|faint|p1a: Tornadus\n|\n|-weather|RainDance|[upkeep]\n|-heal|p2b: Rillaboom|66\/100|[from] Grassy Terrain\n|-heal|p1b: Regidrago|75\/100|[from] Grassy Terrain\n|upkeep\n|\n|t:|1699901107\n|switch|p1a: Iron Valiant|Iron Valiant, L50|100\/100\n|-enditem|p1a: Iron Valiant|Booster Energy\n|-activate|p1a: Iron Valiant|ability: Quark Drive|[fromitem]\n|-start|p1a: Iron Valiant|quarkdriveatk\n|turn|4\n|inactive|Ayresbrun has 30 seconds left.\n|\n|t:|1699901140\n|-terastallize|p1b: Regidrago|Steel\n|move|p2b: Rillaboom|Grassy Glide|p1a: Iron Valiant\n|-damage|p1a: Iron Valiant|45\/100\n|move|p1a: Iron Valiant|Spirit Break|p2a: Flutter Mane\n|-damage|p2a: Flutter Mane|18\/100\n|-unboost|p2a: Flutter Mane|spa|1\n|move|p1b: Regidrago|Tera Blast|p2a: Flutter Mane|[anim] Tera Blast Steel\n|-supereffective|p2a: Flutter Mane\n|-damage|p2a: Flutter Mane|0 fnt\n|faint|p2a: Flutter Mane\n|-end|p2a: Flutter Mane|Protosynthesis|[silent]\n|\n|-weather|RainDance|[upkeep]\n|-heal|p1a: Iron Valiant|52\/100|[from] Grassy Terrain\n|-heal|p2b: Rillaboom|72\/100|[from] Grassy Terrain\n|-heal|p1b: Regidrago|81\/100|[from] Grassy Terrain\n|-sideend|p2: Ayresbrun|move: Tailwind\n|upkeep\n|\n|t:|1699901155\n|switch|p2a: Heatran|Heatran, L50, M|55\/100\n|turn|5\n|inactive|casper22 has 30 seconds left.\n|\n|t:|1699901190\n|move|p2b: Rillaboom|Grassy Glide|p1a: Iron Valiant\n|-crit|p1a: Iron Valiant\n|-damage|p1a: Iron Valiant|0 fnt\n|faint|p1a: Iron Valiant\n|-end|p1a: Iron Valiant|Quark Drive|[silent]\n|move|p1b: Regidrago|Dragon Pulse|p2b: Rillaboom\n|-damage|p2b: Rillaboom|16\/100\n|move|p2a: Heatran|Earth Power|p1b: Regidrago\n|-supereffective|p1b: Regidrago\n|-damage|p1b: Regidrago|5\/100\n|-damage|p2a: Heatran|45\/100|[from] item: Life Orb\n|\n|-weather|none\n|-heal|p1b: Regidrago|11\/100|[from] Grassy Terrain\n|-heal|p2b: Rillaboom|22\/100|[from] Grassy Terrain\n|-heal|p2a: Heatran|51\/100|[from] Grassy Terrain\n|-sideend|p1: casper22|move: Tailwind\n|upkeep\n|\n|t:|1699901199\n|switch|p1a: Urshifu|Urshifu-Rapid-Strike, L50, F|100\/100\n|turn|6\n|inactive|Ayresbrun has 30 seconds left.\n|\n|t:|1699901227\n|move|p2b: Rillaboom|Grassy Glide|p1a: Urshifu\n|-supereffective|p1a: Urshifu\n|-damage|p1a: Urshifu|35\/100\n|move|p1a: Urshifu|Surging Strikes|p2b: Rillaboom\n|-resisted|p2b: Rillaboom\n|-crit|p2b: Rillaboom\n|-damage|p2b: Rillaboom|12\/100\n|-resisted|p2b: Rillaboom\n|-crit|p2b: Rillaboom\n|-damage|p2b: Rillaboom|2\/100\n|-resisted|p2b: Rillaboom\n|-crit|p2b: Rillaboom\n|-damage|p2b: Rillaboom|0 fnt\n|faint|p2b: Rillaboom\n|-hitcount|p2: Rillaboom|3\n|move|p2a: Heatran|Earth Power|p1a: Urshifu\n|-damage|p1a: Urshifu|0 fnt\n|faint|p1a: Urshifu\n|-damage|p2a: Heatran|41\/100|[from] item: Life Orb\n|move|p1b: Regidrago|Dragon Pulse|p2a: Heatran\n|-resisted|p2a: Heatran\n|-damage|p2a: Heatran|12\/100\n|\n|-heal|p2a: Heatran|18\/100|[from] Grassy Terrain\n|-heal|p1b: Regidrago|17\/100|[from] Grassy Terrain\n|-fieldend|move: Grassy Terrain\n|upkeep\n|turn|7\n|inactive|casper22 has 30 seconds left.\n|c|\u2606casper22|gg\n|\n|t:|1699901262\n|move|p2a: Heatran|Earth Power|p1b: Regidrago\n|-supereffective|p1b: Regidrago\n|-damage|p1b: Regidrago|0 fnt\n|faint|p1b: Regidrago\n|-damage|p2a: Heatran|8\/100|[from] item: Life Orb\n|\n|win|Ayresbrun\n|raw|casper22's rating: 1315 &rarr; <strong>1290<\/strong><br \/>(-25 for losing)\n|raw|Ayresbrun's rating: 1231 &rarr; <strong>1262<\/strong><br \/>(+31 for winning)\n|l|\u2606casper22\n","uploadtime":1699901270,"views":13,"p1id":"casper22","p2id":"ayresbrun","formatid":"gen9vgc2023regulatione","rating":1262,"private":0,"password":""}