{"id":"gen9vgc2023regulatione-1990204289","p1":"Kaneiki","p2":"sanik_heghog","format":"[Gen 9] VGC 2023 Regulation E","log":"|j|\u2606Kaneiki\n|j|\u2606sanik_heghog\n|t:|1699936978\n|gametype|doubles\n|player|p1|Kaneiki|dawn|1404\n|player|p2|sanik_heghog|dawn|1370\n|teamsize|p1|6\n|teamsize|p2|6\n|gen|9\n|tier|[Gen 9] VGC 2023 Regulation E\n|rated|\n|rule|Species Clause: Limit one of each Pok\u00e9mon\n|rule|Item Clause: Limit one of each item\n|clearpoke\n|poke|p1|Ursaluna-Bloodmoon, L50, M|\n|poke|p1|Dusclops, L50, M|\n|poke|p1|Flutter Mane, L50|\n|poke|p1|Landorus-Therian, L50, M|\n|poke|p1|Heatran, L50, M|\n|poke|p1|Iron Hands, L50|\n|poke|p2|Urshifu-*, L50, M|\n|poke|p2|Tornadus, L50, M|\n|poke|p2|Flutter Mane, L50|\n|poke|p2|Iron Hands, L50|\n|poke|p2|Sinistcha, L50|\n|poke|p2|Arcanine-Hisui, L50, M|\n|teampreview|4\n|inactive|Battle timer is ON: inactive players will automatically lose when time's up. (requested by Kaneiki)\n|\n|t:|1699936996\n|start\n|switch|p1a: Dusclops|Dusclops, L50, M|100\/100\n|switch|p1b: Iron Hands|Iron Hands, L50|100\/100\n|switch|p2a: Urshifu|Urshifu-Rapid-Strike, L50, M|100\/100\n|switch|p2b: Tornadus|Tornadus, L50, M|100\/100\n|-item|p2a: Urshifu|Choice Scarf|[from] ability: Frisk|[of] p1a: Dusclops|[identify]\n|-item|p2b: Tornadus|Covert Cloak|[from] ability: Frisk|[of] p1a: Dusclops|[identify]\n|turn|1\n|inactive|Kaneiki has 30 seconds left.\n|inactive|sanik_heghog has 30 seconds left.\n|\n|t:|1699937025\n|switch|p2a: Sinistcha|Sinistcha, L50|100\/100\n|switch|p2b: Iron Hands|Iron Hands, L50|100\/100\n|move|p1b: Iron Hands|Wild Charge|p2b: Iron Hands\n|-resisted|p2b: Iron Hands\n|-damage|p2b: Iron Hands|85\/100\n|-damage|p1b: Iron Hands|97\/100|[from] Recoil\n|move|p1a: Dusclops|Night Shade|p2a: Sinistcha\n|-damage|p2a: Sinistcha|72\/100\n|\n|upkeep\n|turn|2\n|inactive|sanik_heghog has 30 seconds left.\n|\n|t:|1699937059\n|-end|p1b: Iron Hands|Quark Drive|[silent]\n|switch|p1b: Heatran|Heatran, L50, M|100\/100\n|move|p2a: Sinistcha|Strength Sap|p1b: Heatran\n|-unboost|p1b: Heatran|atk|1\n|-heal|p2a: Sinistcha|100\/100\n|move|p2b: Iron Hands|Heavy Slam|p1a: Dusclops\n|-damage|p1a: Dusclops|74\/100\n|move|p1a: Dusclops|Will-O-Wisp|p2b: Iron Hands\n|-status|p2b: Iron Hands|brn\n|\n|-damage|p2b: Iron Hands|79\/100 brn|[from] brn\n|upkeep\n|turn|3\n|inactive|Kaneiki has 30 seconds left.\n|\n|t:|1699937093\n|switch|p2a: Urshifu|Urshifu-Rapid-Strike, L50, M|100\/100\n|move|p1b: Heatran|Heat Wave|p2a: Urshifu|[spread] p2a,p2b\n|-resisted|p2a: Urshifu\n|-damage|p2a: Urshifu|70\/100\n|-damage|p2b: Iron Hands|56\/100 brn\n|move|p2b: Iron Hands|Drain Punch|p1b: Heatran\n|-supereffective|p1b: Heatran\n|-damage|p1b: Heatran|60\/100\n|-heal|p2b: Iron Hands|71\/100 brn|[from] drain|[of] p1b: Heatran\n|move|p1a: Dusclops|Pain Split|p2b: Iron Hands\n|-sethp|p2b: Iron Hands|56\/100 brn|[from] move: Pain Split|[silent]\n|-sethp|p1a: Dusclops|99\/100|[from] move: Pain Split\n|\n|-heal|p1b: Heatran|66\/100|[from] item: Leftovers\n|-damage|p2b: Iron Hands|50\/100 brn|[from] brn\n|upkeep\n|turn|4\n|\n|t:|1699937116\n|switch|p2a: Sinistcha|Sinistcha, L50|100\/100\n|-heal|p2b: Iron Hands|75\/100 brn|[from] ability: Hospitality|[of] p2a: Sinistcha\n|switch|p1b: Iron Hands|Iron Hands, L50|97\/100\n|move|p2b: Iron Hands|Drain Punch|p1b: Iron Hands\n|-damage|p1b: Iron Hands|81\/100\n|-heal|p2b: Iron Hands|82\/100 brn|[from] drain|[of] p1b: Iron Hands\n|move|p1a: Dusclops|Trick Room|p1a: Dusclops\n|-fieldstart|move: Trick Room|[of] p1a: Dusclops\n|\n|-damage|p2b: Iron Hands|76\/100 brn|[from] brn\n|upkeep\n|turn|5\n|inactive|Kaneiki has 30 seconds left.\n|\n|t:|1699937149\n|switch|p1a: Ursaluna|Ursaluna-Bloodmoon, L50, M|100\/100\n|move|p1b: Iron Hands|Fake Out|p2b: Iron Hands\n|-damage|p2b: Iron Hands|67\/100 brn\n|cant|p2b: Iron Hands|flinch\n|move|p2a: Sinistcha|Matcha Gotcha|p1a: Ursaluna|[spread] p1a,p1b\n|-supereffective|p1a: Ursaluna\n|-damage|p1a: Ursaluna|54\/100\n|-damage|p1b: Iron Hands|69\/100\n|\n|-damage|p2b: Iron Hands|61\/100 brn|[from] brn\n|upkeep\n|turn|6\n|inactive|Kaneiki has 30 seconds left.\n|\n|t:|1699937180\n|-end|p1b: Iron Hands|Quark Drive|[silent]\n|switch|p1b: Heatran|Heatran, L50, M|66\/100\n|-end|p2b: Iron Hands|Quark Drive|[silent]\n|switch|p2b: Tornadus|Tornadus, L50, M|100\/100\n|move|p1a: Ursaluna|Protect|p1a: Ursaluna\n|-singleturn|p1a: Ursaluna|Protect\n|move|p2a: Sinistcha|Matcha Gotcha|p1a: Ursaluna|[spread] p1b\n|-activate|p1a: Ursaluna|move: Protect\n|-resisted|p1b: Heatran\n|-damage|p1b: Heatran|61\/100\n|\n|-heal|p1b: Heatran|67\/100|[from] item: Leftovers\n|upkeep\n|turn|7\n|inactive|sanik_heghog has 30 seconds left.\n|\n|t:|1699937207\n|-terastallize|p2a: Sinistcha|Fire\n|move|p1a: Ursaluna|Hyper Voice|p2a: Sinistcha|[spread] p2a,p2b\n|-damage|p2a: Sinistcha|40\/100\n|-damage|p2b: Tornadus|36\/100\n|-enditem|p2a: Sinistcha|Sitrus Berry|[eat]\n|-heal|p2a: Sinistcha|65\/100|[from] item: Sitrus Berry\n|-damage|p1a: Ursaluna|44\/100|[from] item: Life Orb\n|move|p2a: Sinistcha|Matcha Gotcha|p1b: Heatran|[spread] p1a,p1b\n|-supereffective|p1a: Ursaluna\n|-resisted|p1b: Heatran\n|-damage|p1a: Ursaluna|0 fnt\n|-heal|p2a: Sinistcha|91\/100|[from] drain|[of] p1a: Ursaluna\n|-damage|p1b: Heatran|62\/100\n|-heal|p2a: Sinistcha|94\/100|[from] drain|[of] p1b: Heatran\n|faint|p1a: Ursaluna\n|move|p1b: Heatran|Heat Wave|p2a: Sinistcha|[spread] p2a,p2b\n|-resisted|p2a: Sinistcha\n|-damage|p2a: Sinistcha|71\/100\n|-damage|p2b: Tornadus|0 fnt\n|faint|p2b: Tornadus\n|\n|-heal|p1b: Heatran|69\/100|[from] item: Leftovers\n|upkeep\n|\n|t:|1699937225\n|switch|p1a: Iron Hands|Iron Hands, L50|69\/100\n|switch|p2b: Iron Hands|Iron Hands, L50|61\/100 brn\n|turn|8\n|inactive|sanik_heghog has 30 seconds left.\n|\n|t:|1699937250\n|-end|p1a: Iron Hands|Quark Drive|[silent]\n|switch|p1a: Dusclops|Dusclops, L50, M|99\/100\n|-item|p2b: Iron Hands|Assault Vest|[from] ability: Frisk|[of] p1a: Dusclops|[identify]\n|switch|p2a: Urshifu|Urshifu-Rapid-Strike, L50, M|70\/100\n|move|p1b: Heatran|Protect|p1b: Heatran\n|-singleturn|p1b: Heatran|Protect\n|move|p2b: Iron Hands|Fake Out|p1a: Dusclops\n|-immune|p1a: Dusclops\n|\n|-heal|p1b: Heatran|75\/100|[from] item: Leftovers\n|-damage|p2b: Iron Hands|55\/100 brn|[from] brn\n|-fieldend|move: Trick Room\n|upkeep\n|turn|9\n|inactive|sanik_heghog has 30 seconds left.\n|\n|t:|1699937283\n|switch|p1b: Iron Hands|Iron Hands, L50|69\/100\n|move|p2a: Urshifu|Surging Strikes|p1b: Iron Hands\n|-crit|p1b: Iron Hands\n|-damage|p1b: Iron Hands|55\/100\n|-crit|p1b: Iron Hands\n|-damage|p1b: Iron Hands|40\/100\n|-crit|p1b: Iron Hands\n|-damage|p1b: Iron Hands|27\/100\n|-hitcount|p1b: Iron Hands|3\n|move|p2b: Iron Hands|Drain Punch|p1b: Iron Hands\n|-damage|p1b: Iron Hands|12\/100\n|-heal|p2b: Iron Hands|63\/100 brn|[from] drain|[of] p1b: Iron Hands\n|move|p1a: Dusclops|Trick Room|p1a: Dusclops\n|-fieldstart|move: Trick Room|[of] p1a: Dusclops\n|\n|-damage|p2b: Iron Hands|56\/100 brn|[from] brn\n|upkeep\n|turn|10\n|inactive|Kaneiki has 30 seconds left.\n|\n|t:|1699937312\n|switch|p2a: Sinistcha|Sinistcha, L50, tera:Fire|71\/100\n|-heal|p2b: Iron Hands|81\/100 brn|[from] ability: Hospitality|[of] p2a: Sinistcha\n|move|p1a: Dusclops|Night Shade|p2b: Iron Hands\n|-damage|p2b: Iron Hands|62\/100 brn\n|move|p2b: Iron Hands|Drain Punch|p1b: Iron Hands\n|-damage|p1b: Iron Hands|0 fnt\n|-heal|p2b: Iron Hands|68\/100 brn|[from] drain|[of] p1b: Iron Hands\n|faint|p1b: Iron Hands\n|-end|p1b: Iron Hands|Quark Drive|[silent]\n|\n|-damage|p2b: Iron Hands|61\/100 brn|[from] brn\n|upkeep\n|\n|t:|1699937315\n|switch|p1b: Heatran|Heatran, L50, M|75\/100\n|turn|11\n|\n|t:|1699937338\n|-terastallize|p1b: Heatran|Fairy\n|move|p1a: Dusclops|Night Shade|p2a: Sinistcha\n|-damage|p2a: Sinistcha|43\/100\n|move|p2b: Iron Hands|Drain Punch|p1b: Heatran\n|-resisted|p1b: Heatran\n|-damage|p1b: Heatran|66\/100\n|-heal|p2b: Iron Hands|65\/100 brn|[from] drain|[of] p1b: Heatran\n|move|p2a: Sinistcha|Life Dew|p2a: Sinistcha|[spread] p2a,p2b\n|-heal|p2a: Sinistcha|68\/100\n|-heal|p2b: Iron Hands|90\/100 brn\n|move|p1b: Heatran|Earth Power|p2a: Sinistcha\n|-supereffective|p2a: Sinistcha\n|-damage|p2a: Sinistcha|0 fnt\n|faint|p2a: Sinistcha\n|\n|-heal|p1b: Heatran|72\/100|[from] item: Leftovers\n|-damage|p2b: Iron Hands|84\/100 brn|[from] brn\n|upkeep\n|\n|t:|1699937356\n|switch|p2a: Urshifu|Urshifu-Rapid-Strike, L50, M|70\/100\n|turn|12\n|inactive|Kaneiki has 30 seconds left.\n|\n|t:|1699937388\n|move|p1a: Dusclops|Will-O-Wisp|p2a: Urshifu\n|-status|p2a: Urshifu|brn\n|move|p2b: Iron Hands|Wild Charge|p1b: Heatran\n|-damage|p1b: Heatran|48\/100\n|-damage|p2b: Iron Hands|79\/100 brn|[from] Recoil\n|move|p1b: Heatran|Earth Power|p2a: Urshifu\n|-damage|p2a: Urshifu|24\/100 brn\n|move|p2a: Urshifu|Iron Head|p1b: Heatran\n|-supereffective|p1b: Heatran\n|-damage|p1b: Heatran|25\/100\n|\n|-heal|p1b: Heatran|32\/100|[from] item: Leftovers\n|-damage|p2b: Iron Hands|73\/100 brn|[from] brn\n|-damage|p2a: Urshifu|19\/100 brn|[from] brn\n|upkeep\n|turn|13\n|inactive|Kaneiki has 30 seconds left.\n|\n|t:|1699937418\n|move|p1a: Dusclops|Night Shade|p2a: Urshifu\n|-damage|p2a: Urshifu|0 fnt\n|faint|p2a: Urshifu\n|move|p2b: Iron Hands|Wild Charge|p1b: Heatran\n|-damage|p1b: Heatran|11\/100\n|-damage|p2b: Iron Hands|69\/100 brn|[from] Recoil\n|move|p1b: Heatran|Earth Power|p2b: Iron Hands\n|-supereffective|p2b: Iron Hands\n|-damage|p2b: Iron Hands|32\/100 brn\n|\n|-heal|p1b: Heatran|17\/100|[from] item: Leftovers\n|-damage|p2b: Iron Hands|25\/100 brn|[from] brn\n|-fieldend|move: Trick Room\n|upkeep\n|turn|14\n|\n|t:|1699937433\n|move|p1b: Heatran|Earth Power|p2b: Iron Hands\n|-supereffective|p2b: Iron Hands\n|-damage|p2b: Iron Hands|0 fnt\n|faint|p2b: Iron Hands\n|-end|p2b: Iron Hands|Quark Drive|[silent]\n|\n|win|Kaneiki\n|raw|Kaneiki's rating: 1404 &rarr; <strong>1422<\/strong><br \/>(+18 for winning)\n|raw|sanik_heghog's rating: 1370 &rarr; <strong>1352<\/strong><br \/>(-18 for losing)\n","uploadtime":1699937444,"views":10,"p1id":"kaneiki","p2id":"sanikheghog","formatid":"gen9vgc2023regulatione","rating":1352,"private":0,"password":""}