{"id":"gen9vgc2023regulatione-1995856878","p1":"Sle3pyonSh0wdown11","p2":"Sopita de caracol","format":"[Gen 9] VGC 2023 Regulation E","log":"|j|\u2606Sle3pyonSh0wdown11\n|j|\u2606Sopita de caracol\n|t:|1700610249\n|gametype|doubles\n|player|p1|Sle3pyonSh0wdown11|1|1121\n|player|p2|Sopita de caracol|tate|1040\n|teamsize|p1|6\n|teamsize|p2|6\n|gen|9\n|tier|[Gen 9] VGC 2023 Regulation E\n|rated|\n|rule|Species Clause: Limit one of each Pok\u00e9mon\n|rule|Item Clause: Limit one of each item\n|clearpoke\n|poke|p1|Snorlax, L50, M|\n|poke|p1|Sinistcha, L50|\n|poke|p1|Landorus-Therian, L50, M|\n|poke|p1|Clefairy, L50, M|\n|poke|p1|Kommo-o, L50, F|\n|poke|p1|Iron Hands, L50|\n|poke|p2|Chi-Yu, L50|\n|poke|p2|Iron Hands, L50|\n|poke|p2|Landorus-Therian, L50, M|\n|poke|p2|Dusclops, L50, M|\n|poke|p2|Ogerpon-Wellspring, L50, F|\n|poke|p2|Ursaluna-Bloodmoon, L50, M|\n|teampreview|4\n|inactive|Battle timer is ON: inactive players will automatically lose when time's up. (requested by Sopita de caracol)\nSopita de caracol rejected open team sheets.\n|\n|t:|1700610292\n|start\n|switch|p1a: Snorlax|Snorlax, L50, M|100\/100\n|switch|p1b: Landorus|Landorus-Therian, L50, M|100\/100\n|switch|p2a: Iron Hands|Iron Hands, L50|100\/100\n|switch|p2b: Ogerpon|Ogerpon-Wellspring, L50, F|100\/100\n|-ability|p1b: Landorus|Intimidate|boost\n|-unboost|p2a: Iron Hands|atk|1\n|-unboost|p2b: Ogerpon|atk|1\n|turn|1\n|inactive|Sle3pyonSh0wdown11 has 30 seconds left.\n|\n|t:|1700610327\n|switch|p1b: Iron Hands|Iron Hands, L50|100\/100\n|move|p2b: Ogerpon|Spiky Shield|p2b: Ogerpon\n|-singleturn|p2b: Ogerpon|move: Protect\n|move|p1a: Snorlax|Protect|p1a: Snorlax\n|-singleturn|p1a: Snorlax|Protect\n|move|p2a: Iron Hands|Fake Out|p1a: Snorlax\n|-activate|p1a: Snorlax|move: Protect\n|\n|upkeep\n|turn|2\n|inactive|Sle3pyonSh0wdown11 has 30 seconds left.\n|\n|t:|1700610352\n|move|p1b: Iron Hands|Fake Out|p2a: Iron Hands\n|-damage|p2a: Iron Hands|91\/100\n|move|p2b: Ogerpon|Ivy Cudgel|p1a: Snorlax|[anim] Ivy Cudgel Water\n|-damage|p1a: Snorlax|70\/100\n|cant|p2a: Iron Hands|flinch\n|move|p1a: Snorlax|Belly Drum|p1a: Snorlax\n|-damage|p1a: Snorlax|20\/100\n|-setboost|p1a: Snorlax|atk|6|[from] move: Belly Drum\n|-enditem|p1a: Snorlax|Sitrus Berry|[eat]\n|-heal|p1a: Snorlax|45\/100|[from] item: Sitrus Berry\n|\n|upkeep\n|turn|3\n|inactive|Sopita de caracol has 30 seconds left.\n|inactive|Sopita de caracol has 20 seconds left.\n|inactive|Sopita de caracol has 15 seconds left.\n|inactive|Sopita de caracol has 10 seconds left.\n|inactive|Sopita de caracol has 5 seconds left.\n|\n|t:|1700610407\n|-end|p1b: Iron Hands|Quark Drive|[silent]\n|switch|p1b: Landorus|Landorus-Therian, L50, M|100\/100\n|-ability|p1b: Landorus|Intimidate|boost\n|-unboost|p2a: Iron Hands|atk|1\n|-unboost|p2b: Ogerpon|atk|1\n|move|p2b: Ogerpon|Spiky Shield|p2b: Ogerpon\n|-singleturn|p2b: Ogerpon|move: Protect\n|move|p1a: Snorlax|Protect|p1a: Snorlax\n|-singleturn|p1a: Snorlax|Protect\n|move|p2a: Iron Hands|Wild Charge|p1b: Landorus\n|-immune|p1b: Landorus\n|\n|upkeep\n|turn|4\n|inactive|Sopita de caracol has 30 seconds left.\n|\n|t:|1700610434\n|switch|p1b: Sinistcha|Sinistcha, L50|100\/100\n|-heal|p1a: Snorlax|70\/100|[from] ability: Hospitality|[of] p1b: Sinistcha\n|move|p2b: Ogerpon|Ivy Cudgel|p1a: Snorlax|[anim] Ivy Cudgel Water\n|-damage|p1a: Snorlax|46\/100\n|move|p2a: Iron Hands|Drain Punch|p1a: Snorlax\n|-supereffective|p1a: Snorlax\n|-damage|p1a: Snorlax|16\/100\n|-heal|p2a: Iron Hands|100\/100|[from] drain|[of] p1a: Snorlax\n|move|p1a: Snorlax|Facade|p2a: Iron Hands\n|-damage|p2a: Iron Hands|12\/100\n|\n|upkeep\n|turn|5\n|\n|t:|1700610464\n|move|p1b: Sinistcha|Rage Powder|p1b: Sinistcha\n|-singleturn|p1b: Sinistcha|move: Rage Powder\n|move|p2b: Ogerpon|Ivy Cudgel|p1a: Snorlax|[anim] Ivy Cudgel Water\n|-damage|p1a: Snorlax|0 fnt\n|faint|p1a: Snorlax\n|move|p2a: Iron Hands|Volt Switch|p1b: Sinistcha\n|-resisted|p1b: Sinistcha\n|-damage|p1b: Sinistcha|94\/100\n|inactive|Sopita de caracol has 30 seconds left.\n|inactive|Sopita de caracol has 20 seconds left.\n|inactive|Sopita de caracol has 15 seconds left.\n|inactive|Sopita de caracol has 10 seconds left.\n|\n|t:|1700610513\n|-end|p2a: Iron Hands|Quark Drive|[silent]\n|switch|p2a: Dusclops|Dusclops, L50, M|100\/100|[from] Volt Switch\n|-item|p1b: Sinistcha|Mental Herb|[from] ability: Frisk|[of] p2a: Dusclops|[identify]\n|\n|upkeep\n|\n|t:|1700610525\n|switch|p1a: Landorus|Landorus-Therian, L50, M|100\/100\n|-ability|p1a: Landorus|Intimidate|boost\n|-unboost|p2a: Dusclops|atk|1\n|-unboost|p2b: Ogerpon|atk|1\n|turn|6\n|inactive|Sle3pyonSh0wdown11 has 30 seconds left.\n|\n|t:|1700610554\n|switch|p1b: Iron Hands|Iron Hands, L50|100\/100\n|move|p2b: Ogerpon|Spiky Shield|p2b: Ogerpon\n|-singleturn|p2b: Ogerpon|move: Protect\n|move|p1a: Landorus|U-turn|p2a: Dusclops\n|-resisted|p2a: Dusclops\n|-damage|p2a: Dusclops|93\/100\n|\n|t:|1700610563\n|switch|p1a: Sinistcha|Sinistcha, L50|94\/100|[from] U-turn\n|move|p2a: Dusclops|Will-O-Wisp|p1a: Sinistcha\n|-status|p1a: Sinistcha|brn\n|\n|-damage|p1a: Sinistcha|88\/100 brn|[from] brn\n|upkeep\n|turn|7\n|inactive|Sle3pyonSh0wdown11 has 30 seconds left.\n|inactive|Sle3pyonSh0wdown11 has 20 seconds left.\n|inactive|Sle3pyonSh0wdown11 has 15 seconds left.\n|\n|t:|1700610603\n|move|p1a: Sinistcha|Rage Powder|p1a: Sinistcha\n|-singleturn|p1a: Sinistcha|move: Rage Powder\n|move|p2b: Ogerpon|Ivy Cudgel|p1b: Iron Hands|[anim] Ivy Cudgel Water\n|-damage|p1b: Iron Hands|85\/100\n|move|p1b: Iron Hands|Wild Charge|p2a: Dusclops\n|-damage|p2a: Dusclops|64\/100\n|-damage|p1b: Iron Hands|80\/100|[from] Recoil\n|move|p2a: Dusclops|Trick Room|p2a: Dusclops\n|-fieldstart|move: Trick Room|[of] p2a: Dusclops\n|\n|-damage|p1a: Sinistcha|82\/100 brn|[from] brn\n|upkeep\n|turn|8\n|inactive|Sle3pyonSh0wdown11 has 30 seconds left.\n|inactive|Sopita de caracol has 30 seconds left.\n|\n|t:|1700610631\n|move|p2b: Ogerpon|Follow Me|p2b: Ogerpon\n|-singleturn|p2b: Ogerpon|move: Follow Me\n|move|p2a: Dusclops|Will-O-Wisp|p1b: Iron Hands\n|-status|p1b: Iron Hands|brn\n|move|p1b: Iron Hands|Wild Charge|p2b: Ogerpon\n|-damage|p2b: Ogerpon|78\/100\n|-damage|p1b: Iron Hands|75\/100 brn|[from] Recoil\n|move|p1a: Sinistcha|Matcha Gotcha|p2a: Dusclops|[spread] p2a\n|-miss|p1a: Sinistcha|p2b: Ogerpon\n|-damage|p2a: Dusclops|51\/100\n|-heal|p1a: Sinistcha|88\/100 brn|[from] drain|[of] p2a: Dusclops\n|\n|-damage|p1b: Iron Hands|69\/100 brn|[from] brn\n|-damage|p1a: Sinistcha|81\/100 brn|[from] brn\n|upkeep\n|turn|9\n|inactive|Sle3pyonSh0wdown11 has 30 seconds left.\n|inactive|Sopita de caracol has 30 seconds left.\n|\n|t:|1700610664\n|move|p2a: Dusclops|Brick Break|p1b: Iron Hands\n|-damage|p1b: Iron Hands|64\/100 brn\n|move|p1b: Iron Hands|Drain Punch|p2b: Ogerpon\n|-damage|p2b: Ogerpon|57\/100\n|-heal|p1b: Iron Hands|72\/100 brn|[from] drain|[of] p2b: Ogerpon\n|move|p1a: Sinistcha|Matcha Gotcha|p2a: Dusclops|[spread] p2a,p2b\n|-damage|p2a: Dusclops|38\/100\n|-heal|p1a: Sinistcha|87\/100 brn|[from] drain|[of] p2a: Dusclops\n|-damage|p2b: Ogerpon|35\/100\n|-heal|p1a: Sinistcha|99\/100 brn|[from] drain|[of] p2b: Ogerpon\n|move|p2b: Ogerpon|Horn Leech|p1a: Sinistcha\n|-resisted|p1a: Sinistcha\n|-damage|p1a: Sinistcha|91\/100 brn\n|-heal|p2b: Ogerpon|38\/100|[from] drain|[of] p1a: Sinistcha\n|\n|-damage|p1b: Iron Hands|66\/100 brn|[from] brn\n|-damage|p1a: Sinistcha|85\/100 brn|[from] brn\n|upkeep\n|turn|10\n|inactive|Sopita de caracol has 30 seconds left.\n|\n|t:|1700610694\n|move|p2a: Dusclops|Pain Split|p1a: Sinistcha\n|-sethp|p1a: Sinistcha|58\/100 brn|[from] move: Pain Split|[silent]\n|-sethp|p2a: Dusclops|70\/100|[from] move: Pain Split\n|move|p1b: Iron Hands|Drain Punch|p2b: Ogerpon\n|-damage|p2b: Ogerpon|20\/100\n|-heal|p1b: Iron Hands|74\/100 brn|[from] drain|[of] p2b: Ogerpon\n|move|p1a: Sinistcha|Matcha Gotcha|p2b: Ogerpon|[spread] p2a,p2b\n|-damage|p2a: Dusclops|57\/100\n|-heal|p1a: Sinistcha|63\/100 brn|[from] drain|[of] p2a: Dusclops\n|-damage|p2b: Ogerpon|0 fnt\n|-heal|p1a: Sinistcha|74\/100 brn|[from] drain|[of] p2b: Ogerpon\n|faint|p2b: Ogerpon\n|\n|-damage|p1b: Iron Hands|68\/100 brn|[from] brn\n|-damage|p1a: Sinistcha|67\/100 brn|[from] brn\n|upkeep\n|\n|t:|1700610713\n|switch|p2b: Ursaluna|Ursaluna-Bloodmoon, L50, M|100\/100\n|turn|11\n|\n|t:|1700610731\n|-end|p1b: Iron Hands|Quark Drive|[silent]\n|switch|p1b: Landorus|Landorus-Therian, L50, M|100\/100\n|-ability|p1b: Landorus|Intimidate|boost\n|-unboost|p2a: Dusclops|atk|1\n|-unboost|p2b: Ursaluna|atk|1\n|-terastallize|p2b: Ursaluna|Normal\n|move|p1a: Sinistcha|Rage Powder|p1a: Sinistcha\n|-singleturn|p1a: Sinistcha|move: Rage Powder\n|move|p2a: Dusclops|Pain Split|p1a: Sinistcha\n|-sethp|p1a: Sinistcha|57\/100 brn|[from] move: Pain Split|[silent]\n|-sethp|p2a: Dusclops|69\/100|[from] move: Pain Split\n|move|p2b: Ursaluna|Hyper Voice|p1a: Sinistcha|[spread] p1a,p1b\n|-damage|p1a: Sinistcha|7\/100 brn\n|-damage|p1b: Landorus|31\/100\n|\n|-damage|p1a: Sinistcha|0 fnt|[from] brn\n|faint|p1a: Sinistcha\n|-fieldend|move: Trick Room\n|upkeep\n|\n|t:|1700610746\n|switch|p1a: Iron Hands|Iron Hands, L50|68\/100 brn\n|turn|12\n|inactive|Sle3pyonSh0wdown11 has 30 seconds left.\n|\n|t:|1700610772\n|-terastallize|p1b: Landorus|Flying\n|move|p2b: Ursaluna|Protect|p2b: Ursaluna\n|-singleturn|p2b: Ursaluna|Protect\n|move|p1b: Landorus|Tera Blast|p2b: Ursaluna|[anim] Tera Blast Flying\n|-activate|p2b: Ursaluna|move: Protect\n|move|p1a: Iron Hands|Drain Punch|p2b: Ursaluna\n|-activate|p2b: Ursaluna|move: Protect\n|move|p2a: Dusclops|Trick Room|p2a: Dusclops\n|-fieldstart|move: Trick Room|[of] p2a: Dusclops\n|\n|-damage|p1a: Iron Hands|62\/100 brn|[from] brn\n|upkeep\n|turn|13\n|-message|Sle3pyonSh0wdown11 forfeited.\n|\n|win|Sopita de caracol\n|raw|Sle3pyonSh0wdown11's rating: 1121 &rarr; <strong>1090<\/strong><br \/>(-31 for losing)\n|raw|Sopita de caracol's rating: 1040 &rarr; <strong>1082<\/strong><br \/>(+42 for winning)\n|l|\u2606Sle3pyonSh0wdown11\n","uploadtime":1700610788,"views":15,"p1id":"sle3pyonsh0wdown11","p2id":"sopitadecaracol","formatid":"gen9vgc2023regulatione","rating":1082,"private":0,"password":""}