{"id":"gen9vgc2023regulatione-1996123084","p1":"Billy Balls 420","p2":"Stoopidhydreigon","format":"[Gen 9] VGC 2023 Regulation E","log":"|j|\u2606Billy Balls 420\n|j|\u2606Stoopidhydreigon\n|t:|1700647650\n|gametype|doubles\n|player|p1|Billy Balls 420|101|1208\n|player|p2|Stoopidhydreigon|101|1195\n|teamsize|p1|6\n|teamsize|p2|6\n|gen|9\n|tier|[Gen 9] VGC 2023 Regulation E\n|rated|\n|rule|Species Clause: Limit one of each Pok\u00e9mon\n|rule|Item Clause: Limit one of each item\n|clearpoke\n|poke|p1|Kommo-o, L50, F|\n|poke|p1|Tyranitar, L50, F|\n|poke|p1|Rillaboom, L50, M|\n|poke|p1|Flutter Mane, L50|\n|poke|p1|Arcanine-Hisui, L50, F|\n|poke|p1|Iron Bundle, L50|\n|poke|p2|Hydreigon, L50, F|\n|poke|p2|Arcanine-Hisui, L50, F|\n|poke|p2|Iron Hands, L50|\n|poke|p2|Ogerpon-Wellspring, L50, F|\n|poke|p2|Corviknight, L50, M|\n|poke|p2|Grimmsnarl, L50, M|\n|teampreview|4\n|inactive|Battle timer is ON: inactive players will automatically lose when time's up. (requested by Stoopidhydreigon)\n|inactive|Billy Balls 420 has 60 seconds left.\n|\n|t:|1700647710\n|start\n|switch|p1a: Rillaboom|Rillaboom, L50, M|100\/100\n|switch|p1b: Iron Bundle|Iron Bundle, L50|100\/100\n|switch|p2a: Iron Hands|Iron Hands, L50|100\/100\n|switch|p2b: Arcanine|Arcanine-Hisui, L50, F|100\/100\n|-ability|p2b: Arcanine|Intimidate|boost\n|-unboost|p1a: Rillaboom|atk|1\n|-unboost|p1b: Iron Bundle|atk|1\n|-fieldstart|move: Grassy Terrain|[from] ability: Grassy Surge|[of] p1a: Rillaboom\n|-enditem|p1b: Iron Bundle|Booster Energy\n|-activate|p1b: Iron Bundle|ability: Quark Drive|[fromitem]\n|-start|p1b: Iron Bundle|quarkdrivespe\n|turn|1\n|\n|t:|1700647733\n|move|p2b: Arcanine|Protect|p2b: Arcanine\n|-singleturn|p2b: Arcanine|Protect\n|move|p1a: Rillaboom|Fake Out|p2a: Iron Hands\n|-damage|p2a: Iron Hands|94\/100\n|move|p1b: Iron Bundle|Hydro Pump|p2b: Arcanine\n|-activate|p2b: Arcanine|move: Protect\n|cant|p2a: Iron Hands|flinch\n|\n|-heal|p2a: Iron Hands|99\/100|[from] Grassy Terrain\n|upkeep\n|turn|2\n|\n|t:|1700647752\n|switch|p2b: Ogerpon|Ogerpon-Wellspring, L50, F|100\/100\n|move|p1b: Iron Bundle|Hydro Pump|p2b: Ogerpon\n|-immune|p2b: Ogerpon|[from] ability: Water Absorb\n|move|p1a: Rillaboom|Wood Hammer|p2a: Iron Hands\n|-damage|p2a: Iron Hands|61\/100\n|-damage|p1a: Rillaboom|85\/100|[from] Recoil\n|move|p2a: Iron Hands|Wild Charge|p1b: Iron Bundle\n|-supereffective|p1b: Iron Bundle\n|-damage|p1b: Iron Bundle|0 fnt\n|faint|p1b: Iron Bundle\n|-end|p1b: Iron Bundle|Quark Drive|[silent]\n|-damage|p2a: Iron Hands|47\/100|[from] Recoil\n|\n|-heal|p1a: Rillaboom|91\/100|[from] Grassy Terrain\n|-heal|p2a: Iron Hands|53\/100|[from] Grassy Terrain\n|upkeep\n|\n|t:|1700647770\n|switch|p1b: Kommo-o|Kommo-o, L50, F|100\/100\n|turn|3\n|\n|t:|1700647792\n|move|p2b: Ogerpon|Taunt|p1b: Kommo-o\n|-start|p1b: Kommo-o|move: Taunt\n|move|p1a: Rillaboom|Taunt|p2b: Ogerpon\n|-start|p2b: Ogerpon|move: Taunt\n|cant|p1b: Kommo-o|move: Taunt|Iron Defense\n|move|p2a: Iron Hands|Drain Punch|p1b: Kommo-o\n|-damage|p1b: Kommo-o|72\/100\n|-heal|p2a: Iron Hands|64\/100|[from] drain|[of] p1b: Kommo-o\n|\n|-heal|p1a: Rillaboom|97\/100|[from] Grassy Terrain\n|-heal|p1b: Kommo-o|79\/100|[from] Grassy Terrain\n|-heal|p1b: Kommo-o|85\/100|[from] item: Leftovers\n|-heal|p2a: Iron Hands|70\/100|[from] Grassy Terrain\n|upkeep\n|turn|4\n|\n|t:|1700647811\n|switch|p2b: Arcanine|Arcanine-Hisui, L50, F|100\/100\n|-ability|p2b: Arcanine|Intimidate|boost\n|-unboost|p1a: Rillaboom|atk|1\n|-unboost|p1b: Kommo-o|atk|1\n|switch|p1b: Tyranitar|Tyranitar, L50, F|100\/100\n|-weather|Sandstorm|[from] ability: Sand Stream|[of] p1b: Tyranitar\n|move|p1a: Rillaboom|Wood Hammer|p2b: Arcanine\n|-damage|p2b: Arcanine|42\/100\n|-damage|p1a: Rillaboom|81\/100|[from] Recoil\n|move|p2a: Iron Hands|Drain Punch|p1b: Tyranitar\n|-supereffective|p1b: Tyranitar\n|-damage|p1b: Tyranitar|0 fnt\n|-heal|p2a: Iron Hands|100\/100|[from] drain|[of] p1b: Tyranitar\n|faint|p1b: Tyranitar\n|\n|-weather|Sandstorm|[upkeep]\n|-damage|p1a: Rillaboom|75\/100|[from] Sandstorm\n|-damage|p2a: Iron Hands|95\/100|[from] Sandstorm\n|-heal|p2b: Arcanine|48\/100|[from] Grassy Terrain\n|-heal|p1a: Rillaboom|81\/100|[from] Grassy Terrain\n|-heal|p2a: Iron Hands|100\/100|[from] Grassy Terrain\n|upkeep\n|\n|t:|1700647831\n|switch|p1b: Kommo-o|Kommo-o, L50, F|85\/100\n|turn|5\n|\n|t:|1700647840\n|move|p2b: Arcanine|Flare Blitz|p1a: Rillaboom\n|-supereffective|p1a: Rillaboom\n|-damage|p1a: Rillaboom|0 fnt\n|faint|p1a: Rillaboom\n|-damage|p2b: Arcanine|17\/100|[from] Recoil\n|move|p1b: Kommo-o|Iron Defense|p1b: Kommo-o\n|-boost|p1b: Kommo-o|def|2\n|move|p2a: Iron Hands|Drain Punch|p1b: Kommo-o\n|-damage|p1b: Kommo-o|70\/100\n|\n|-weather|Sandstorm|[upkeep]\n|-damage|p1b: Kommo-o|64\/100|[from] Sandstorm\n|-damage|p2a: Iron Hands|95\/100|[from] Sandstorm\n|-heal|p2b: Arcanine|23\/100|[from] Grassy Terrain\n|-heal|p1b: Kommo-o|70\/100|[from] Grassy Terrain\n|-heal|p1b: Kommo-o|76\/100|[from] item: Leftovers\n|-heal|p2a: Iron Hands|100\/100|[from] Grassy Terrain\n|-fieldend|move: Grassy Terrain\n|upkeep\n|turn|6\n|\n|t:|1700647858\n|-end|p2a: Iron Hands|Quark Drive|[silent]\n|switch|p2a: Ogerpon|Ogerpon-Wellspring, L50, F|100\/100\n|move|p2b: Arcanine|Flare Blitz|p1b: Kommo-o\n|-resisted|p1b: Kommo-o\n|-damage|p1b: Kommo-o|66\/100\n|-damage|p2b: Arcanine|19\/100|[from] Recoil\n|move|p1b: Kommo-o|Body Press|p2b: Arcanine\n|-supereffective|p2b: Arcanine\n|-damage|p2b: Arcanine|0 fnt\n|faint|p2b: Arcanine\n|\n|-weather|Sandstorm|[upkeep]\n|-damage|p2a: Ogerpon|94\/100|[from] Sandstorm\n|-damage|p1b: Kommo-o|60\/100|[from] Sandstorm\n|-heal|p1b: Kommo-o|66\/100|[from] item: Leftovers\n|upkeep\n|\n|t:|1700647871\n|switch|p2b: Hydreigon|Hydreigon, L50, F|100\/100\n|turn|7\n|\n|t:|1700647880\n|switch|p2a: Iron Hands|Iron Hands, L50|100\/100\n|-terastallize|p1b: Kommo-o|Steel\n|move|p2b: Hydreigon|Protect|p2b: Hydreigon\n|-singleturn|p2b: Hydreigon|Protect\n|move|p1b: Kommo-o|Body Press|p2b: Hydreigon\n|-activate|p2b: Hydreigon|move: Protect\n|\n|-weather|Sandstorm|[upkeep]\n|-damage|p2b: Hydreigon|95\/100|[from] Sandstorm\n|-damage|p2a: Iron Hands|95\/100|[from] Sandstorm\n|-heal|p1b: Kommo-o|72\/100|[from] item: Leftovers\n|upkeep\n|turn|8\n|-message|Billy Balls 420 forfeited.\n|\n|win|Stoopidhydreigon\n|raw|Billy Balls 420's rating: 1208 &rarr; <strong>1182<\/strong><br \/>(-26 for losing)\n|raw|Stoopidhydreigon's rating: 1195 &rarr; <strong>1221<\/strong><br \/>(+26 for winning)\n|l|\u2606Billy Balls 420\n","uploadtime":1700647900,"views":8,"p1id":"billyballs420","p2id":"stoopidhydreigon","formatid":"gen9vgc2023regulatione","rating":1182,"private":0,"password":""}