{"id":"gen9vgc2023regulatione-2000355192","p1":"cosmiclime","p2":"madbluecatz","format":"[Gen 9] VGC 2023 Regulation E","log":"|j|\u2606cosmiclime\n|j|\u2606madbluecatz\n|t:|1701187771\n|gametype|doubles\n|player|p1|cosmiclime|irida|1030\n|player|p2|madbluecatz|colress|1040\n|teamsize|p1|6\n|teamsize|p2|6\n|gen|9\n|tier|[Gen 9] VGC 2023 Regulation E\n|rated|\n|rule|Species Clause: Limit one of each Pok\u00e9mon\n|rule|Item Clause: Limit one of each item\n|clearpoke\n|poke|p1|Tornadus, L50, M|\n|poke|p1|Landorus-Therian, L50, M|\n|poke|p1|Flutter Mane, L50|\n|poke|p1|Ogerpon-Hearthflame, L50, F|\n|poke|p1|Rillaboom, L50, F|\n|poke|p1|Chien-Pao, L50|\n|poke|p2|Weezing-Galar, L50, F|\n|poke|p2|Grafaiai, L50, M|\n|poke|p2|Sneasler, L50, M|\n|poke|p2|Clodsire, L50, F|\n|poke|p2|Chien-Pao, L50|\n|poke|p2|Ogerpon-Hearthflame, L50, F|\n|teampreview|4\n|inactive|Battle timer is ON: inactive players will automatically lose when time's up. (requested by cosmiclime)\n|\n|t:|1701187788\n|start\n|switch|p1a: drive slow|Rillaboom, L50, F|100\/100\n|switch|p1b: late|Ogerpon-Hearthflame, L50, F|100\/100\n|switch|p2a: Weezing|Weezing-Galar, L50, F|100\/100\n|switch|p2b: Chien-Pao|Chien-Pao, L50|100\/100\n|-ability|p2b: Chien-Pao|Sword of Ruin\n|-ability|p1b: late|Mold Breaker\n|-fieldstart|move: Grassy Terrain|[from] ability: Grassy Surge|[of] p1a: drive slow\n|-fieldstart|move: Misty Terrain|[from] ability: Misty Surge|[of] p2a: Weezing\n|turn|1\n|inactive|cosmiclime has 30 seconds left.\n|\n|t:|1701187820\n|move|p2b: Chien-Pao|Protect|p2b: Chien-Pao\n|-singleturn|p2b: Chien-Pao|Protect\n|move|p1a: drive slow|Fake Out|p2b: Chien-Pao\n|-activate|p2b: Chien-Pao|move: Protect\n|move|p1b: late|Ivy Cudgel|p2b: Chien-Pao|[anim] Ivy Cudgel Fire\n|-activate|p2b: Chien-Pao|move: Protect\n|move|p2a: Weezing|Memento|p1b: late\n|-unboost|p1b: late|atk|2\n|-unboost|p1b: late|spa|2\n|faint|p2a: Weezing\n|\n|upkeep\n|\n|t:|1701187834\n|switch|p2a: Grafaiai|Grafaiai, L50, M|100\/100\n|turn|2\n|\n|t:|1701187848\n|-terastallize|p2b: Chien-Pao|Poison\n|move|p1b: late|Spiky Shield|p1b: late\n|-singleturn|p1b: late|move: Protect\n|move|p2a: Grafaiai|Encore|p1a: drive slow\n|-start|p1a: drive slow|Encore\n|move|p2b: Chien-Pao|Crunch|p1b: late\n|-activate|p1b: late|move: Protect\n|-damage|p2b: Chien-Pao|88\/100|[from] Spiky Shield|[of] p1b: late\n|move|p1a: drive slow|Fake Out||[still]\n|-hint|Fake Out only works on your first turn out.\n|-fail|p1a: drive slow\n|\n|upkeep\n|turn|3\n|\n|t:|1701187866\n|switch|p1b: gone|Chien-Pao, L50|100\/100\n|-ability|p1b: gone|Sword of Ruin\n|switch|p1a: addiction|Landorus-Therian, L50, M|100\/100\n|-ability|p1a: addiction|Intimidate|boost\n|-unboost|p2a: Grafaiai|atk|1\n|-fail|p2b: Chien-Pao|unboost|[from] item: Clear Amulet|[of] p2b: Chien-Pao\n|move|p2a: Grafaiai|Swagger|p2b: Chien-Pao\n|-boost|p2b: Chien-Pao|atk|2\n|-activate|p2b: Chien-Pao|move: Misty Terrain\n|move|p2b: Chien-Pao|Crunch|p1b: gone\n|-resisted|p1b: gone\n|-crit|p1b: gone\n|-damage|p1b: gone|10\/100\n|\n|upkeep\n|turn|4\n|\n|t:|1701187890\n|move|p2b: Chien-Pao|Ice Shard|p1a: addiction\n|-supereffective|p1a: addiction\n|-damage|p1a: addiction|0 fnt\n|faint|p1a: addiction\n|move|p1b: gone|Icicle Crash|p2a: Grafaiai\n|-damage|p2a: Grafaiai|13\/100\n|move|p2a: Grafaiai|Foul Play|p1b: gone\n|-resisted|p1b: gone\n|-crit|p1b: gone\n|-damage|p1b: gone|0 fnt\n|faint|p1b: gone\n|\n|upkeep\n|\n|t:|1701187894\n|switch|p1b: late|Ogerpon-Hearthflame, L50, F|100\/100\n|switch|p1a: drive slow|Rillaboom, L50, F|100\/100\n|-ability|p1b: late|Mold Breaker\n|-fieldstart|move: Grassy Terrain|[from] ability: Grassy Surge|[of] p1a: drive slow\n|turn|5\n|\n|t:|1701187915\n|-terastallize|p1b: late|Fire\n|detailschange|p1b: late|Ogerpon-Hearthflame-Tera, L50, F, tera:Fire\n|-ability|p1b: late|Embody Aspect (Hearthflame)|boost\n|-boost|p1b: late|atk|1\n|move|p2b: Chien-Pao|Protect|p2b: Chien-Pao\n|-singleturn|p2b: Chien-Pao|Protect\n|move|p1a: drive slow|Fake Out|p2a: Grafaiai\n|-damage|p2a: Grafaiai|0 fnt\n|faint|p2a: Grafaiai\n|move|p1b: late|Ivy Cudgel|p2b: Chien-Pao|[anim] Ivy Cudgel Fire\n|-activate|p2b: Chien-Pao|move: Protect\n|\n|-heal|p2b: Chien-Pao|94\/100|[from] Grassy Terrain\n|upkeep\n|\n|t:|1701187927\n|switch|p2a: Ogerpon|Ogerpon-Hearthflame, L50, F|100\/100\n|-ability|p2a: Ogerpon|Mold Breaker\n|turn|6\n|\n|t:|1701187946\n|move|p2b: Chien-Pao|Crunch|p1b: late\n|-damage|p1b: late|0 fnt\n|faint|p1b: late\n|move|p2a: Ogerpon|Ivy Cudgel|p1a: drive slow|[anim] Ivy Cudgel Fire\n|-supereffective|p1a: drive slow\n|-damage|p1a: drive slow|0 fnt\n|faint|p1a: drive slow\n|\n|win|madbluecatz\n|raw|cosmiclime's rating: 1030 &rarr; <strong>1016<\/strong><br \/>(-14 for losing)\n|raw|madbluecatz's rating: 1040 &rarr; <strong>1073<\/strong><br \/>(+33 for winning)\n|l|\u2606cosmiclime\n|c|\u2606madbluecatz|gg\n","uploadtime":1701187964,"views":16,"p1id":"cosmiclime","p2id":"madbluecatz","formatid":"gen9vgc2023regulatione","rating":1016,"private":0,"password":""}