{"id":"gen9vgc2023regulatione-1992023142","p1":"WillieDangerously","p2":"Witness343","format":"[Gen 9] VGC 2023 Regulation E","log":"|j|\u2606WillieDangerously\n|j|\u203dWitness343\n|t:|1700148572\n|gametype|doubles\n|player|p1|WillieDangerously|266|1379\n|player|p2|Witness343|2|1456\n|teamsize|p1|6\n|teamsize|p2|6\n|gen|9\n|tier|[Gen 9] VGC 2023 Regulation E\n|rated|\n|rule|Species Clause: Limit one of each Pok\u00e9mon\n|rule|Item Clause: Limit one of each item\n|clearpoke\n|poke|p1|Iron Hands, L50|\n|poke|p1|Iron Bundle, L50|\n|poke|p1|Sinistcha, L50|\n|poke|p1|Landorus-Therian, L50, M|\n|poke|p1|Heatran, L50, M|\n|poke|p1|Ninetales-Alola, L50, M|\n|poke|p2|Shiftry, L50, M|\n|poke|p2|Tornadus, L50, M|\n|poke|p2|Flutter Mane, L50|\n|poke|p2|Iron Hands, L50|\n|poke|p2|Regidrago, L50|\n|poke|p2|Arcanine-Hisui, L50, F|\n|teampreview|4\n|inactive|Battle timer is ON: inactive players will automatically lose when time's up. (requested by Witness343)\nWitness343 has agreed to open team sheets.\n|inactive|WillieDangerously has 60 seconds left.\n|\n|t:|1700148621\n|start\n|switch|p1a: Iron Bundle|Iron Bundle, L50|100\/100\n|switch|p1b: Ninetales|Ninetales-Alola, L50, M|100\/100\n|switch|p2a: Tornadus|Tornadus, L50, M|100\/100\n|switch|p2b: Shiftry|Shiftry, L50, M|100\/100\n|-weather|Snow|[from] ability: Snow Warning|[of] p1b: Ninetales\n|-enditem|p1a: Iron Bundle|Booster Energy\n|-activate|p1a: Iron Bundle|ability: Quark Drive|[fromitem]\n|-start|p1a: Iron Bundle|quarkdrivespe\n|turn|1\n|inactive|WillieDangerously has 30 seconds left.\n|\n|t:|1700148652\n|move|p2b: Shiftry|Fake Out|p1b: Ninetales\n|-damage|p1b: Ninetales|90\/100\n|move|p2a: Tornadus|Taunt|p1a: Iron Bundle\n|-start|p1a: Iron Bundle|move: Taunt\n|move|p1a: Iron Bundle|Blizzard|p2b: Shiftry|[spread] p2a\n|-ability|p2b: Shiftry|Wind Rider|boost\n|-boost|p2b: Shiftry|atk|1\n|-supereffective|p2a: Tornadus\n|-damage|p2a: Tornadus|28\/100\n|cant|p1b: Ninetales|flinch\n|\n|-weather|Snow|[upkeep]\n|upkeep\n|turn|2\n|inactive|WillieDangerously has 30 seconds left.\n|inactive|Witness343 has 30 seconds left.\n|\n|t:|1700148680\n|move|p2a: Tornadus|Tailwind|p2a: Tornadus\n|-sidestart|p2: Witness343|move: Tailwind\n|-ability|p2b: Shiftry|Wind Rider|boost\n|-boost|p2b: Shiftry|atk|1\n|move|p1a: Iron Bundle|Blizzard|p2b: Shiftry|[spread] p2a\n|-ability|p2b: Shiftry|Wind Rider|boost\n|-boost|p2b: Shiftry|atk|1\n|-supereffective|p2a: Tornadus\n|-damage|p2a: Tornadus|0 fnt\n|faint|p2a: Tornadus\n|move|p2b: Shiftry|Leaf Blade|p1b: Ninetales\n|-damage|p1b: Ninetales|9\/100\n|move|p1b: Ninetales|Moonblast|p2b: Shiftry\n|-supereffective|p2b: Shiftry\n|-damage|p2b: Shiftry|12\/100\n|-unboost|p2b: Shiftry|spa|1\n|\n|-weather|Snow|[upkeep]\n|upkeep\n|\n|t:|1700148695\n|switch|p2a: Iron Hands|Iron Hands, L50|100\/100\n|turn|3\n|inactive|WillieDangerously has 30 seconds left.\n|inactive|WillieDangerously has 20 seconds left.\n|\n|t:|1700148735\n|move|p2a: Iron Hands|Fake Out|p1b: Ninetales\n|-crit|p1b: Ninetales\n|-damage|p1b: Ninetales|0 fnt\n|faint|p1b: Ninetales\n|move|p2b: Shiftry|Sucker Punch|p1a: Iron Bundle\n|-damage|p1a: Iron Bundle|38\/100\n|move|p1a: Iron Bundle|Hydro Pump|p2b: Shiftry\n|-resisted|p2b: Shiftry\n|-damage|p2b: Shiftry|0 fnt\n|faint|p2b: Shiftry\n|\n|-weather|Snow|[upkeep]\n|-end|p1a: Iron Bundle|move: Taunt\n|upkeep\n|\n|t:|1700148752\n|switch|p1b: Landorus|Landorus-Therian, L50, M|100\/100\n|switch|p2b: Regidrago|Regidrago, L50|100\/100\n|-ability|p1b: Landorus|Intimidate|boost\n|-unboost|p2a: Iron Hands|atk|1\n|-unboost|p2b: Regidrago|atk|1\n|turn|4\n|inactive|WillieDangerously has 30 seconds left.\n|inactive|WillieDangerously has 20 seconds left.\n|inactive|WillieDangerously has 15 seconds left.\n|\n|t:|1700148793\n|switch|p1b: Heatran|Heatran, L50, M|100\/100\n|-terastallize|p2b: Regidrago|Steel\n|move|p1a: Iron Bundle|Protect|p1a: Iron Bundle\n|-singleturn|p1a: Iron Bundle|Protect\n|move|p2b: Regidrago|Dragon Energy|p1b: Heatran|[spread] p1b\n|-activate|p1a: Iron Bundle|move: Protect\n|-resisted|p1b: Heatran\n|-damage|p1b: Heatran|63\/100\n|move|p2a: Iron Hands|Drain Punch|p1a: Iron Bundle\n|-activate|p1a: Iron Bundle|move: Protect\n|\n|-weather|Snow|[upkeep]\n|-heal|p1b: Heatran|69\/100|[from] item: Leftovers\n|upkeep\n|turn|5\n|inactive|WillieDangerously has 30 seconds left.\n|\n|t:|1700148822\n|move|p1b: Heatran|Protect|p1b: Heatran\n|-singleturn|p1b: Heatran|Protect\n|move|p1a: Iron Bundle|Icy Wind|p2b: Regidrago|[spread] p2a,p2b\n|-resisted|p2b: Regidrago\n|-damage|p2a: Iron Hands|90\/100\n|-damage|p2b: Regidrago|89\/100\n|-unboost|p2a: Iron Hands|spe|1\n|-unboost|p2b: Regidrago|spe|1\n|move|p2b: Regidrago|Earth Power|p1b: Heatran\n|-activate|p1b: Heatran|move: Protect\n|move|p2a: Iron Hands|Drain Punch|p1a: Iron Bundle\n|-supereffective|p1a: Iron Bundle\n|-damage|p1a: Iron Bundle|0 fnt\n|-heal|p2a: Iron Hands|100\/100|[from] drain|[of] p1a: Iron Bundle\n|faint|p1a: Iron Bundle\n|-end|p1a: Iron Bundle|Quark Drive|[silent]\n|\n|-weather|none\n|-heal|p1b: Heatran|75\/100|[from] item: Leftovers\n|-sideend|p2: Witness343|move: Tailwind\n|upkeep\n|\n|t:|1700148834\n|switch|p1a: Landorus|Landorus-Therian, L50, M|100\/100\n|-ability|p1a: Landorus|Intimidate|boost\n|-unboost|p2a: Iron Hands|atk|1\n|-unboost|p2b: Regidrago|atk|1\n|turn|6\n|\n|t:|1700148844\n|move|p1a: Landorus|Stomping Tantrum|p2a: Iron Hands\n|-supereffective|p2a: Iron Hands\n|-damage|p2a: Iron Hands|35\/100\n|move|p1b: Heatran|Heat Wave|p2a: Iron Hands|[spread] p2a,p2b\n|-supereffective|p2b: Regidrago\n|-damage|p2a: Iron Hands|12\/100\n|-damage|p2b: Regidrago|2\/100\n|move|p2b: Regidrago|Draco Meteor|p1a: Landorus\n|-damage|p1a: Landorus|0 fnt\n|-unboost|p2b: Regidrago|spa|2\n|faint|p1a: Landorus\n|move|p2a: Iron Hands|Drain Punch|p1b: Heatran\n|-supereffective|p1b: Heatran\n|-crit|p1b: Heatran\n|-damage|p1b: Heatran|0 fnt\n|-heal|p2a: Iron Hands|43\/100|[from] drain|[of] p1b: Heatran\n|faint|p1b: Heatran\n|\n|win|Witness343\n|raw|WillieDangerously's rating: 1379 &rarr; <strong>1363<\/strong><br \/>(-16 for losing)\n|raw|Witness343's rating: 1456 &rarr; <strong>1472<\/strong><br \/>(+16 for winning)\n","uploadtime":1700148859,"views":18,"p1id":"williedangerously","p2id":"witness343","formatid":"gen9vgc2023regulatione","rating":1363,"private":0,"password":""}