{"id":"gen9vgc2023regulatione-1988993688","p1":"Jember","p2":"Goldenleapfrog","format":"[Gen 9] VGC 2023 Regulation E","log":"|j|\u2606Jember\n|j|\u2606Goldenleapfrog\n|t:|1699799663\n|gametype|doubles\n|player|p1|Jember|hilbert|\n|player|p2|Goldenleapfrog|koga|\n|teamsize|p1|6\n|teamsize|p2|6\n|gen|9\n|tier|[Gen 9] VGC 2023 Regulation E\n|rated|Tournament battle\n|rule|Species Clause: Limit one of each Pok\u00e9mon\n|rule|Item Clause: Limit one of each item\n|clearpoke\n|poke|p1|Flutter Mane, L50|\n|poke|p1|Arcanine-Hisui, L50, F|\n|poke|p1|Rillaboom, L50, M|\n|poke|p1|Milotic, L50, F|\n|poke|p1|Iron Hands, L50|\n|poke|p1|Cresselia, L50, F|\n|poke|p2|Ursaluna-Bloodmoon, L50, M|\n|poke|p2|Dusclops, L50, F|\n|poke|p2|Iron Hands, L50|\n|poke|p2|Farigiraf, L50, M|\n|poke|p2|Chi-Yu, L50|\n|poke|p2|Amoonguss, L50, M|\n|teampreview|4\n|inactive|Battle timer is ON: inactive players will automatically lose when time's up. (requested by Jember)\nJember rejected open team sheets.\n|j| SlowHomie\n|inactive|Goldenleapfrog has 60 seconds left.\n|\n|t:|1699799719\n|start\n|switch|p1a: Arcanine|Arcanine-Hisui, L50, F|100\/100\n|switch|p1b: Rillaboom|Rillaboom, L50, M|100\/100\n|switch|p2a: Farigiraf|Farigiraf, L50, M|100\/100\n|switch|p2b: Ursaluna|Ursaluna-Bloodmoon, L50, M|100\/100\n|-ability|p1a: Arcanine|Intimidate|boost\n|-unboost|p2a: Farigiraf|atk|1\n|-unboost|p2b: Ursaluna|atk|1\n|-fieldstart|move: Grassy Terrain|[from] ability: Grassy Surge|[of] p1b: Rillaboom\n|turn|1\n|\n|t:|1699799744\n|move|p2b: Ursaluna|Protect|p2b: Ursaluna\n|-singleturn|p2b: Ursaluna|Protect\n|move|p1a: Arcanine|Flare Blitz|p2a: Farigiraf\n|-damage|p2a: Farigiraf|43\/100\n|-enditem|p2a: Farigiraf|Sitrus Berry|[eat]\n|-heal|p2a: Farigiraf|68\/100|[from] item: Sitrus Berry\n|-damage|p1a: Arcanine|79\/100|[from] Recoil\n|move|p1b: Rillaboom|Wood Hammer|p2b: Ursaluna\n|-activate|p2b: Ursaluna|move: Protect\n|move|p2a: Farigiraf|Trick Room|p2a: Farigiraf\n|-fieldstart|move: Trick Room|[of] p2a: Farigiraf\n|\n|-heal|p2a: Farigiraf|74\/100|[from] Grassy Terrain\n|-heal|p1a: Arcanine|85\/100|[from] Grassy Terrain\n|upkeep\n|turn|2\n|\n|t:|1699799767\n|switch|p2a: Iron Hands|Iron Hands, L50|100\/100\n|-terastallize|p2b: Ursaluna|Normal\n|move|p2b: Ursaluna|Blood Moon|p1b: Rillaboom\n|-damage|p1b: Rillaboom|0 fnt\n|faint|p1b: Rillaboom\n|move|p1a: Arcanine|Flare Blitz|p2b: Ursaluna\n|-damage|p2b: Ursaluna|54\/100\n|-damage|p1a: Arcanine|68\/100|[from] Recoil\n|\n|-heal|p2b: Ursaluna|60\/100|[from] Grassy Terrain\n|-heal|p1a: Arcanine|74\/100|[from] Grassy Terrain\n|upkeep\n|\n|t:|1699799776\n|switch|p1b: Iron Hands|Iron Hands, L50|100\/100\n|turn|3\n|\n|t:|1699799789\n|move|p2a: Iron Hands|Fake Out|p1b: Iron Hands\n|-damage|p1b: Iron Hands|89\/100\n|move|p2b: Ursaluna|Earth Power|p1a: Arcanine\n|-supereffective|p1a: Arcanine\n|-damage|p1a: Arcanine|0 fnt\n|faint|p1a: Arcanine\n|cant|p1b: Iron Hands|flinch\n|\n|-heal|p2b: Ursaluna|66\/100|[from] Grassy Terrain\n|-heal|p1b: Iron Hands|95\/100|[from] Grassy Terrain\n|upkeep\n|\n|t:|1699799794\n|switch|p1a: Milotic|Milotic, L50, F|100\/100\n|turn|4\n|\n|t:|1699799808\n|move|p2b: Ursaluna|Protect|p2b: Ursaluna\n|-singleturn|p2b: Ursaluna|Protect\n|move|p1a: Milotic|Protect|p1a: Milotic\n|-singleturn|p1a: Milotic|Protect\n|move|p2a: Iron Hands|Wild Charge|p1a: Milotic\n|-activate|p1a: Milotic|move: Protect\n|move|p1b: Iron Hands|Drain Punch|p2b: Ursaluna\n|-activate|p2b: Ursaluna|move: Protect\n|\n|-heal|p2b: Ursaluna|72\/100|[from] Grassy Terrain\n|-heal|p1b: Iron Hands|100\/100|[from] Grassy Terrain\n|upkeep\n|turn|5\n|inactive|Goldenleapfrog has 30 seconds left.\n|j| Lelouch_ZZ\n|\n|t:|1699799834\n|switch|p2b: Farigiraf|Farigiraf, L50, M|74\/100\n|-terastallize|p1a: Milotic|Steel\n|move|p2a: Iron Hands|Wild Charge|p1a: Milotic\n|-damage|p1a: Milotic|46\/100\n|-damage|p2a: Iron Hands|89\/100|[from] Recoil\n|move|p1b: Iron Hands|Drain Punch|p2b: Farigiraf\n|-damage|p2b: Farigiraf|36\/100\n|move|p1a: Milotic|Scald|p2b: Farigiraf\n|-damage|p2b: Farigiraf|0 fnt\n|faint|p2b: Farigiraf\n|\n|-heal|p2a: Iron Hands|95\/100|[from] Grassy Terrain\n|-heal|p1a: Milotic|51\/100|[from] Grassy Terrain\n|-heal|p1a: Milotic|57\/100|[from] item: Leftovers\n|-fieldend|move: Trick Room\n|-fieldend|move: Grassy Terrain\n|upkeep\n|\n|t:|1699799856\n|switch|p2b: Ursaluna|Ursaluna-Bloodmoon, L50, M, tera:Normal|72\/100\n|turn|6\n|\n|t:|1699799874\n|move|p1a: Milotic|Protect|p1a: Milotic\n|-singleturn|p1a: Milotic|Protect\n|move|p2b: Ursaluna|Protect|p2b: Ursaluna\n|-singleturn|p2b: Ursaluna|Protect\n|move|p1b: Iron Hands|Drain Punch|p2b: Ursaluna\n|-activate|p2b: Ursaluna|move: Protect\n|move|p2a: Iron Hands|Drain Punch|p1a: Milotic\n|-activate|p1a: Milotic|move: Protect\n|\n|-heal|p1a: Milotic|63\/100|[from] item: Leftovers\n|upkeep\n|turn|7\n|\n|t:|1699799888\n|switch|p2b: Chi-Yu|Chi-Yu, L50|100\/100\n|-ability|p2b: Chi-Yu|Beads of Ruin\n|move|p1a: Milotic|Protect|p1a: Milotic\n|-singleturn|p1a: Milotic|Protect\n|move|p1b: Iron Hands|Drain Punch|p2b: Chi-Yu\n|-supereffective|p2b: Chi-Yu\n|-enditem|p2b: Chi-Yu|Focus Sash\n|-damage|p2b: Chi-Yu|1\/100\n|move|p2a: Iron Hands|Drain Punch|p1a: Milotic\n|-activate|p1a: Milotic|move: Protect\n|\n|-heal|p1a: Milotic|69\/100|[from] item: Leftovers\n|upkeep\n|turn|8\n|inactive|Goldenleapfrog has 30 seconds left.\n|\n|t:|1699799916\n|move|p2b: Chi-Yu|Protect|p2b: Chi-Yu\n|-singleturn|p2b: Chi-Yu|Protect\n|move|p1a: Milotic|Scald|p2b: Chi-Yu\n|-activate|p2b: Chi-Yu|move: Protect\n|move|p1b: Iron Hands|Drain Punch|p2a: Iron Hands\n|-damage|p2a: Iron Hands|65\/100\n|move|p2a: Iron Hands|Drain Punch|p1a: Milotic\n|-supereffective|p1a: Milotic\n|-damage|p1a: Milotic|0 fnt\n|-heal|p2a: Iron Hands|93\/100|[from] drain|[of] p1a: Milotic\n|faint|p1a: Milotic\n|\n|upkeep\n|turn|9\n|-message|Jember forfeited.\n|\n|win|Goldenleapfrog\n|n|\u2606Jember|jember\n|n|\u2606Goldenleapfrog|goldenleapfrog\n|n| SlowHomie|slowhomie\n|n| Lelouch_ZZ|lelouchzz\n","uploadtime":1699799924,"views":8,"p1id":"jember","p2id":"goldenleapfrog","formatid":"gen9vgc2023regulatione","rating":0,"private":0,"password":""}