{"id":"gen9vgc2023regulatione-1989832622","p1":"Jejepere","p2":"nomnomplaysroblox2","format":"[Gen 9] VGC 2023 Regulation E","log":"|j|\u2606Jejepere\n|j|\u2606nomnomplaysroblox2\n|t:|1699899489\n|gametype|doubles\n|player|p1|Jejepere|psychic|1000\n|player|p2|nomnomplaysroblox2|steven|1039\n|teamsize|p1|6\n|teamsize|p2|6\n|gen|9\n|tier|[Gen 9] VGC 2023 Regulation E\n|rated|\n|rule|Species Clause: Limit one of each Pok\u00e9mon\n|rule|Item Clause: Limit one of each item\n|clearpoke\n|poke|p1|Ogerpon-Hearthflame, L50, F|\n|poke|p1|Dipplin, L50, M|\n|poke|p1|Landorus-Therian, L50, M|\n|poke|p1|Kingambit, L50, M|\n|poke|p1|Indeedee-F, L50, F|\n|poke|p1|Ursaluna-Bloodmoon, L50, M|\n|poke|p2|Indeedee-F, L50, F|\n|poke|p2|Iron Hands, L50|\n|poke|p2|Cresselia, L50, F|\n|poke|p2|Armarouge, L50, M|\n|poke|p2|Regieleki, L50|\n|poke|p2|Ursaluna, L50, M|\n|teampreview|4\nJejepere rejected open team sheets.\n|\n|t:|1699899524\n|start\n|switch|p1a: Indeedee|Indeedee-F, L50, F, shiny|100\/100\n|switch|p1b: Ursaluna|Ursaluna-Bloodmoon, L50, M|100\/100\n|switch|p2a: wife|Indeedee-F, L50, F, shiny|100\/100\n|switch|p2b: cool boi|Armarouge, L50, M, shiny|100\/100\n|-fieldstart|move: Psychic Terrain|[from] ability: Psychic Surge|[of] p1a: Indeedee\n|-enditem|p1a: Indeedee|Psychic Seed\n|-boost|p1a: Indeedee|spd|1|[from] item: Psychic Seed\n|turn|1\n|\n|t:|1699899555\n|-terastallize|p2b: cool boi|Fighting\n|move|p1a: Indeedee|Follow Me|p1a: Indeedee\n|-singleturn|p1a: Indeedee|move: Follow Me\n|move|p2a: wife|Follow Me|p2a: wife\n|-singleturn|p2a: wife|move: Follow Me\n|move|p1b: Ursaluna|Hyper Voice|p2a: wife|[spread] p2a,p2b\n|-damage|p2a: wife|65\/100\n|-damage|p2b: cool boi|70\/100\n|move|p2b: cool boi|Aura Sphere|p1a: Indeedee\n|-damage|p1a: Indeedee|69\/100\n|\n|upkeep\n|turn|2\n|\n|t:|1699899586\n|move|p2a: wife|Protect|p2a: wife\n|-singleturn|p2a: wife|Protect\n|move|p2b: cool boi|Expanding Force|p1a: Indeedee|[spread] p1a,p1b\n|-resisted|p1a: Indeedee\n|-damage|p1a: Indeedee|49\/100\n|-damage|p1b: Ursaluna|29\/100\n|move|p1b: Ursaluna|Hyper Voice|p2a: wife|[spread] p2b\n|-activate|p2a: wife|move: Protect\n|-damage|p2b: cool boi|38\/100\n|move|p1a: Indeedee|Trick Room|p1a: Indeedee\n|-fieldstart|move: Trick Room|[of] p1a: Indeedee\n|\n|upkeep\n|turn|3\n|\n|t:|1699899607\n|move|p2b: cool boi|Expanding Force|p1a: Indeedee|[spread] p1a,p1b\n|-resisted|p1a: Indeedee\n|-damage|p1a: Indeedee|27\/100\n|-damage|p1b: Ursaluna|0 fnt\n|faint|p1b: Ursaluna\n|move|p2a: wife|Heal Pulse|p2b: cool boi\n|-heal|p2b: cool boi|88\/100\n|move|p1a: Indeedee|Dazzling Gleam|p2a: wife|[spread] p2a,p2b\n|-supereffective|p2b: cool boi\n|-damage|p2a: wife|54\/100\n|-damage|p2b: cool boi|67\/100\n|\n|upkeep\n|\n|t:|1699899635\n|switch|p1b: Kingambit|Kingambit, L50, M|100\/100\n|turn|4\n|c|\u2606nomnomplaysroblox2|by the way im doing this for school\n|\n|t:|1699899681\n|move|p1a: Indeedee|Helping Hand|p1b: Kingambit\n|-singleturn|p1b: Kingambit|Helping Hand|[of] p1a: Indeedee\n|move|p2a: wife|Follow Me|p2a: wife\n|-singleturn|p2a: wife|move: Follow Me\n|move|p1b: Kingambit|Kowtow Cleave|p2a: wife\n|-supereffective|p2a: wife\n|-damage|p2a: wife|0 fnt\n|faint|p2a: wife\n|move|p2b: cool boi|Armor Cannon|p1b: Kingambit\n|-supereffective|p1b: Kingambit\n|-damage|p1b: Kingambit|0 fnt\n|-unboost|p2b: cool boi|def|1\n|-unboost|p2b: cool boi|spd|1\n|faint|p1b: Kingambit\n|\n|upkeep\n|\n|t:|1699899696\n|switch|p1b: Dipplin|Dipplin, L50, M|100\/100\n|switch|p2a: Cresselia|Cresselia, L50, F|100\/100\n|-ability|p1b: Dipplin|Supersweet Syrup\n|-ability|p1b: Dipplin|Supersweet Syrup|boost\n|-unboost|p2a: Cresselia|evasion|1\n|-unboost|p2b: cool boi|evasion|1\n|turn|5\n|\n|t:|1699899726\n|-terastallize|p1b: Dipplin|Fire\n|move|p1b: Dipplin|Pollen Puff|p1a: Indeedee\n|-heal|p1a: Indeedee|77\/100\n|move|p2b: cool boi|Expanding Force|p1b: Dipplin|[spread] p1a,p1b\n|-resisted|p1a: Indeedee\n|-damage|p1a: Indeedee|58\/100\n|-damage|p1b: Dipplin|55\/100\n|move|p2a: Cresselia|Lunar Blessing|p2a: Cresselia|[spread] p2a,p2b\n|-heal|p2b: cool boi|92\/100\n|move|p1a: Indeedee|Dazzling Gleam|p2b: cool boi|[spread] p2a,p2b\n|-supereffective|p2b: cool boi\n|-damage|p2a: Cresselia|90\/100\n|-damage|p2b: cool boi|59\/100\n|\n|-fieldend|move: Psychic Terrain\n|upkeep\n|turn|6\n|\n|t:|1699899762\n|move|p1a: Indeedee|Helping Hand|p1b: Dipplin\n|-singleturn|p1b: Dipplin|Helping Hand|[of] p1a: Indeedee\n|move|p1b: Dipplin|Pollen Puff|p2b: cool boi\n|-resisted|p2b: cool boi\n|-damage|p2b: cool boi|40\/100\n|move|p2b: cool boi|Aura Sphere|p1b: Dipplin\n|-damage|p1b: Dipplin|22\/100\n|move|p2a: Cresselia|Psychic|p1b: Dipplin\n|-damage|p1b: Dipplin|0 fnt\n|faint|p1b: Dipplin\n|\n|-fieldend|move: Trick Room\n|upkeep\n|turn|7\n|\n|t:|1699899785\n|move|p1a: Indeedee|Dazzling Gleam|p2b: cool boi|[spread] p2a,p2b\n|-supereffective|p2b: cool boi\n|-damage|p2a: Cresselia|81\/100\n|-damage|p2b: cool boi|6\/100\n|move|p2a: Cresselia|Psychic|p1a: Indeedee\n|-resisted|p1a: Indeedee\n|-damage|p1a: Indeedee|47\/100\n|move|p2b: cool boi|Armor Cannon|p1a: Indeedee\n|-damage|p1a: Indeedee|3\/100\n|-unboost|p2b: cool boi|def|1\n|-unboost|p2b: cool boi|spd|1\n|\n|upkeep\n|turn|8\n|\n|t:|1699899800\n|move|p1a: Indeedee|Dazzling Gleam|p2b: cool boi|[spread] p2a,p2b\n|-supereffective|p2b: cool boi\n|-damage|p2a: Cresselia|71\/100\n|-damage|p2b: cool boi|0 fnt\n|faint|p2b: cool boi\n|move|p2a: Cresselia|Psychic|p1a: Indeedee\n|-resisted|p1a: Indeedee\n|-damage|p1a: Indeedee|0 fnt\n|faint|p1a: Indeedee\n|\n|win|nomnomplaysroblox2\n|raw|Jejepere's rating: 1000 &rarr; <strong>1000<\/strong><br \/>(+0 for losing)\n|raw|nomnomplaysroblox2's rating: 1039 &rarr; <strong>1069<\/strong><br \/>(+30 for winning)\n","uploadtime":1699899810,"views":23,"p1id":"jejepere","p2id":"nomnomplaysroblox2","formatid":"gen9vgc2023regulatione","rating":1000,"private":0,"password":""}