{"id":"gen9vgc2023regulatione-1998334843","p1":"Gato_can","p2":"newusernovice","format":"[Gen 9] VGC 2023 Regulation E","log":"|j|\u2606Gato_can\n|j|\u2606newusernovice\n|t:|1700930753\n|gametype|doubles\n|player|p1|Gato_can|265|1435\n|player|p2|newusernovice|brawly|1399\n|teamsize|p1|6\n|teamsize|p2|6\n|gen|9\n|tier|[Gen 9] VGC 2023 Regulation E\n|rated|\n|rule|Species Clause: Limit one of each Pok\u00e9mon\n|rule|Item Clause: Limit one of each item\n|clearpoke\n|poke|p1|Tornadus, L50, M|\n|poke|p1|Flutter Mane, L50|\n|poke|p1|Ursaluna, L50, F|\n|poke|p1|Iron Hands, L50|\n|poke|p1|Garganacl, L50, F|\n|poke|p1|Landorus-Therian, L50, M|\n|poke|p2|Tornadus, L50, M|\n|poke|p2|Flutter Mane, L50|\n|poke|p2|Rillaboom, L50, M|\n|poke|p2|Ogerpon-Hearthflame, L50, F|\n|poke|p2|Arcanine-Hisui, L50, M|\n|poke|p2|Urshifu-*, L50, M|\n|teampreview|4\n|inactive|Battle timer is ON: inactive players will automatically lose when time's up. (requested by newusernovice)\n|inactive|newusernovice has 60 seconds left.\n|\n|t:|1700930791\n|start\n|switch|p1a: Tornadus|Tornadus, L50, M|100\/100\n|switch|p1b: Landorus|Landorus-Therian, L50, M|100\/100\n|switch|p2a: Tornadus|Tornadus, L50, M, shiny|100\/100\n|switch|p2b: Ogerpon|Ogerpon-Hearthflame, L50, F|100\/100\n|-ability|p1b: Landorus|Intimidate|boost\n|-unboost|p2a: Tornadus|atk|1\n|-unboost|p2b: Ogerpon|atk|1\n|-ability|p2b: Ogerpon|Mold Breaker\n|turn|1\n|inactive|newusernovice has 30 seconds left.\n|inactive|newusernovice has 20 seconds left.\n|\n|t:|1700930829\n|move|p2a: Tornadus|Protect|p2a: Tornadus\n|-singleturn|p2a: Tornadus|Protect\n|move|p1a: Tornadus|Taunt|p2a: Tornadus\n|-activate|p2a: Tornadus|move: Protect\n|move|p1b: Landorus|Rock Slide|p2a: Tornadus|[spread] p2b\n|-activate|p2a: Tornadus|move: Protect\n|-supereffective|p2b: Ogerpon\n|-damage|p2b: Ogerpon|47\/100\n|move|p2b: Ogerpon|Ivy Cudgel|p1a: Tornadus|[anim] Ivy Cudgel Fire\n|-damage|p1a: Tornadus|45\/100\n|-enditem|p1a: Tornadus|Sitrus Berry|[eat]\n|-heal|p1a: Tornadus|70\/100|[from] item: Sitrus Berry\n|\n|upkeep\n|turn|2\n|inactive|newusernovice has 30 seconds left.\n|\n|t:|1700930858\n|switch|p2a: Rillaboom|Rillaboom, L50, M|100\/100\n|-fieldstart|move: Grassy Terrain|[from] ability: Grassy Surge|[of] p2a: Rillaboom\n|move|p2b: Ogerpon|Spiky Shield|p2b: Ogerpon\n|-singleturn|p2b: Ogerpon|move: Protect\n|move|p1a: Tornadus|Tailwind|p1a: Tornadus\n|-sidestart|p1: Gato_can|move: Tailwind\n|move|p1b: Landorus|Rock Slide|p2a: Rillaboom|[spread] p2a\n|-activate|p2b: Ogerpon|move: Protect\n|-damage|p2a: Rillaboom|75\/100\n|\n|-heal|p2b: Ogerpon|53\/100|[from] Grassy Terrain\n|-heal|p2a: Rillaboom|82\/100|[from] Grassy Terrain\n|upkeep\n|turn|3\n|inactive|newusernovice has 30 seconds left.\n|inactive|newusernovice has 20 seconds left.\n|inactive|newusernovice has 15 seconds left.\n|\n|t:|1700930901\n|switch|p1b: Iron Hands|Iron Hands, L50|100\/100\n|move|p2a: Rillaboom|Fake Out|p1a: Tornadus\n|-damage|p1a: Tornadus|44\/100\n|-damage|p2a: Rillaboom|72\/100|[from] item: Life Orb\n|cant|p1a: Tornadus|flinch\n|move|p2b: Ogerpon|Ivy Cudgel|p1b: Iron Hands|[anim] Ivy Cudgel Fire\n|-damage|p1b: Iron Hands|71\/100\n|\n|-heal|p1b: Iron Hands|78\/100|[from] Grassy Terrain\n|-heal|p2b: Ogerpon|59\/100|[from] Grassy Terrain\n|-heal|p2a: Rillaboom|78\/100|[from] Grassy Terrain\n|upkeep\n|turn|4\n|inactive|newusernovice has 30 seconds left.\n|inactive|newusernovice has 20 seconds left.\n|\n|t:|1700930938\n|switch|p2a: Tornadus|Tornadus, L50, M, shiny|100\/100\n|move|p1b: Iron Hands|Fake Out|p2a: Tornadus\n|-damage|p2a: Tornadus|79\/100\n|-damage|p1b: Iron Hands|61\/100|[from] item: Rocky Helmet|[of] p2a: Tornadus\n|move|p1a: Tornadus|Bleakwind Storm|p2b: Ogerpon|[spread] p2a,p2b\n|-supereffective|p2b: Ogerpon\n|-damage|p2a: Tornadus|36\/100\n|-damage|p2b: Ogerpon|0 fnt\n|faint|p2b: Ogerpon\n|\n|-heal|p1b: Iron Hands|67\/100|[from] Grassy Terrain\n|upkeep\n|\n|t:|1700930960\n|switch|p2b: Urshifu|Urshifu-Rapid-Strike, L50, M|100\/100\n|turn|5\n|\n|t:|1700930970\n|-terastallize|p2b: Urshifu|Water\n|move|p2a: Tornadus|Rain Dance|p2a: Tornadus\n|-weather|RainDance\n|move|p1a: Tornadus|Bleakwind Storm|p2b: Urshifu|[spread] p2a,p2b\n|-damage|p2a: Tornadus|0 fnt\n|-damage|p2b: Urshifu|53\/100\n|faint|p2a: Tornadus\n|move|p2b: Urshifu|Surging Strikes|p1b: Iron Hands\n|-crit|p1b: Iron Hands\n|-damage|p1b: Iron Hands|40\/100\n|-crit|p1b: Iron Hands\n|-damage|p1b: Iron Hands|16\/100\n|-crit|p1b: Iron Hands\n|-damage|p1b: Iron Hands|0 fnt\n|faint|p1b: Iron Hands\n|-end|p1b: Iron Hands|Quark Drive|[silent]\n|-hitcount|p1: Iron Hands|3\n|\n|-weather|RainDance|[upkeep]\n|-heal|p2b: Urshifu|59\/100|[from] Grassy Terrain\n|-sideend|p1: Gato_can|move: Tailwind\n|upkeep\n|\n|t:|1700930986\n|switch|p2a: Rillaboom|Rillaboom, L50, M|78\/100\n|switch|p1b: Flutter Mane|Flutter Mane, L50|100\/100\n|-enditem|p1b: Flutter Mane|Booster Energy\n|-activate|p1b: Flutter Mane|ability: Protosynthesis|[fromitem]\n|-start|p1b: Flutter Mane|protosynthesisspa\n|turn|6\n|\n|t:|1700931003\n|move|p1a: Tornadus|Tailwind|p1a: Tornadus\n|-sidestart|p1: Gato_can|move: Tailwind\n|move|p2b: Urshifu|Aqua Jet|p1a: Tornadus\n|-damage|p1a: Tornadus|0 fnt\n|faint|p1a: Tornadus\n|move|p2a: Rillaboom|Grassy Glide|p1b: Flutter Mane\n|-damage|p1b: Flutter Mane|0 fnt\n|faint|p1b: Flutter Mane\n|-end|p1b: Flutter Mane|Protosynthesis|[silent]\n|-damage|p2a: Rillaboom|68\/100|[from] item: Life Orb\n|\n|-weather|RainDance|[upkeep]\n|-heal|p2b: Urshifu|65\/100|[from] Grassy Terrain\n|-heal|p2a: Rillaboom|74\/100|[from] Grassy Terrain\n|-fieldend|move: Grassy Terrain\n|upkeep\n|\n|t:|1700931016\n|switch|p1b: Landorus|Landorus-Therian, L50, M|100\/100\n|-ability|p1b: Landorus|Intimidate|boost\n|-unboost|p2a: Rillaboom|atk|1\n|-unboost|p2b: Urshifu|atk|1\n|turn|7\n|\n|t:|1700931025\n|-terastallize|p1b: Landorus|Flying\n|move|p1b: Landorus|Tera Blast|p2b: Urshifu|[anim] Tera Blast Flying\n|-damage|p2b: Urshifu|3\/100\n|move|p2b: Urshifu|Surging Strikes|p1b: Landorus\n|-crit|p1b: Landorus\n|-damage|p1b: Landorus|48\/100\n|-crit|p1b: Landorus\n|-damage|p1b: Landorus|2\/100\n|-crit|p1b: Landorus\n|-damage|p1b: Landorus|0 fnt\n|faint|p1b: Landorus\n|-hitcount|p1: Landorus|3\n|\n|win|newusernovice\n|raw|Gato_can's rating: 1435 &rarr; <strong>1413<\/strong><br \/>(-22 for losing)\n|raw|newusernovice's rating: 1399 &rarr; <strong>1421<\/strong><br \/>(+22 for winning)\n|l|\u2606Gato_can\n","uploadtime":1700931057,"views":7,"p1id":"gatocan","p2id":"newusernovice","formatid":"gen9vgc2023regulatione","rating":1413,"private":0,"password":""}