{"id":"gen9vgc2023regulatione-1996390550","p1":"wu1fan","p2":"SakiVGC","format":"[Gen 9] VGC 2023 Regulation E","log":"|j|\u2606wu1fan\n|j|\u2606SakiVGC\n|t:|1700677507\n|gametype|doubles\n|player|p1|wu1fan|102|1141\n|player|p2|SakiVGC|2|1092\n|teamsize|p1|6\n|teamsize|p2|6\n|gen|9\n|tier|[Gen 9] VGC 2023 Regulation E\n|rated|\n|rule|Species Clause: Limit one of each Pok\u00e9mon\n|rule|Item Clause: Limit one of each item\n|clearpoke\n|poke|p1|Arcanine-Hisui, L50, F|\n|poke|p1|Baxcalibur, L50, M|\n|poke|p1|Ninetales-Alola, L50, F|\n|poke|p1|Ogerpon-Wellspring, L50, F|\n|poke|p1|Iron Hands, L50|\n|poke|p1|Flutter Mane, L50|\n|poke|p2|Piplup, L50, M|\n|poke|p2|Flutter Mane, L50|\n|poke|p2|Gothitelle, L50, F|\n|poke|p2|Urshifu-*, L50, F|\n|poke|p2|Amoonguss, L50, F|\n|poke|p2|Arcanine-Hisui, L50, M|\n|teampreview|4\n|inactive|Battle timer is ON: inactive players will automatically lose when time's up. (requested by SakiVGC)\n|inactive|wu1fan has 60 seconds left.\n|\n|t:|1700677542\n|start\n|switch|p1a: Flutter Mane|Flutter Mane, L50|100\/100\n|switch|p1b: Ninetales|Ninetales-Alola, L50, F|100\/100\n|switch|p2a: Goth Girl|Gothitelle, L50, F|100\/100\n|switch|p2b: Not Broken|Flutter Mane, L50|100\/100\n|-weather|Snow|[from] ability: Snow Warning|[of] p1b: Ninetales\n|-enditem|p1a: Flutter Mane|Booster Energy\n|-activate|p1a: Flutter Mane|ability: Protosynthesis|[fromitem]\n|-start|p1a: Flutter Mane|protosynthesisspe\n|-enditem|p2b: Not Broken|Booster Energy\n|-activate|p2b: Not Broken|ability: Protosynthesis|[fromitem]\n|-start|p2b: Not Broken|protosynthesisspe\n|turn|1\n|\n|t:|1700677564\n|-terastallize|p2b: Not Broken|Water\n|move|p1a: Flutter Mane|Protect|p1a: Flutter Mane\n|-singleturn|p1a: Flutter Mane|Protect\n|move|p2a: Goth Girl|Fake Out|p1b: Ninetales\n|-crit|p1b: Ninetales\n|-damage|p1b: Ninetales|93\/100\n|move|p2b: Not Broken|Perish Song|p2b: Not Broken\n|-start|p1a: Flutter Mane|perish3|[silent]\n|-start|p1b: Ninetales|perish3|[silent]\n|-start|p2a: Goth Girl|perish3|[silent]\n|-start|p2b: Not Broken|perish3|[silent]\n|-fieldactivate|move: Perish Song\n|cant|p1b: Ninetales|flinch\n|\n|-weather|Snow|[upkeep]\n|-start|p1a: Flutter Mane|perish3\n|-start|p2b: Not Broken|perish3\n|-start|p1b: Ninetales|perish3\n|-start|p2a: Goth Girl|perish3\n|upkeep\n|turn|2\n|inactive|wu1fan has 30 seconds left.\n|inactive|SakiVGC has 30 seconds left.\n|\n|t:|1700677597\n|-end|p2b: Not Broken|Protosynthesis|[silent]\n|switch|p2b: Lil' boy<3|Piplup, L50, M, shiny|100\/100\n|move|p2a: Goth Girl|Protect|p2a: Goth Girl\n|-singleturn|p2a: Goth Girl|Protect\n|move|p1a: Flutter Mane|Dark Pulse|p2a: Goth Girl\n|-activate|p2a: Goth Girl|move: Protect\n|move|p1b: Ninetales|Icy Wind|p2a: Goth Girl|[spread] p2b\n|-activate|p2a: Goth Girl|move: Protect\n|-resisted|p2b: Lil' boy<3\n|-damage|p2b: Lil' boy<3|95\/100\n|-unboost|p2b: Lil' boy<3|spe|1\n|-ability|p2b: Lil' boy<3|Competitive|boost\n|-boost|p2b: Lil' boy<3|spa|2\n|\n|-weather|Snow|[upkeep]\n|-start|p1a: Flutter Mane|perish2\n|-start|p1b: Ninetales|perish2\n|-start|p2a: Goth Girl|perish2\n|upkeep\n|turn|3\n|inactive|wu1fan has 30 seconds left.\n|\n|t:|1700677624\n|switch|p2a: Not Broken|Flutter Mane, L50, tera:Water|100\/100\n|move|p1a: Flutter Mane|Dark Pulse|p2a: Not Broken\n|-damage|p2a: Not Broken|75\/100\n|move|p1b: Ninetales|Blizzard|p2a: Not Broken|[spread] p2a,p2b\n|-resisted|p2a: Not Broken\n|-resisted|p2b: Lil' boy<3\n|-damage|p2a: Not Broken|64\/100\n|-damage|p2b: Lil' boy<3|84\/100\n|move|p2b: Lil' boy<3|Whirlpool|p1a: Flutter Mane\n|-damage|p1a: Flutter Mane|81\/100\n|-activate|p1a: Flutter Mane|move: Whirlpool|[of] p2b: Lil' boy<3\n|\n|-weather|Snow|[upkeep]\n|-damage|p1a: Flutter Mane|69\/100|[from] move: Whirlpool|[partiallytrapped]\n|-start|p1a: Flutter Mane|perish1\n|-start|p1b: Ninetales|perish1\n|upkeep\n|turn|4\n|inactive|wu1fan has 30 seconds left.\n|inactive|SakiVGC has 30 seconds left.\n|inactive|SakiVGC has 20 seconds left.\n|\n|t:|1700677662\n|switch|p1b: Ogerpon|Ogerpon-Wellspring, L50, F|100\/100\n|move|p2a: Not Broken|Protect|p2a: Not Broken\n|-singleturn|p2a: Not Broken|Protect\n|move|p1a: Flutter Mane|Moonblast|p2a: Not Broken\n|-activate|p2a: Not Broken|move: Protect\n|move|p2b: Lil' boy<3|Icy Wind|p1a: Flutter Mane|[spread] p1a,p1b\n|-damage|p1a: Flutter Mane|55\/100\n|-damage|p1b: Ogerpon|88\/100\n|-unboost|p1a: Flutter Mane|spe|1\n|-unboost|p1b: Ogerpon|spe|1\n|\n|-weather|Snow|[upkeep]\n|-damage|p1a: Flutter Mane|43\/100|[from] move: Whirlpool|[partiallytrapped]\n|-start|p1a: Flutter Mane|perish0\n|faint|p1a: Flutter Mane\n|-end|p1a: Flutter Mane|Protosynthesis|[silent]\n|upkeep\n|\n|t:|1700677683\n|switch|p1a: Ninetales|Ninetales-Alola, L50, F|93\/100\n|turn|5\n|\n|t:|1700677704\n|-end|p2a: Not Broken|Protosynthesis|[silent]\n|switch|p2a: Goth Girl|Gothitelle, L50, F|100\/100\n|-terastallize|p1b: Ogerpon|Water\n|detailschange|p1b: Ogerpon|Ogerpon-Wellspring-Tera, L50, F, tera:Water\n|-ability|p1b: Ogerpon|Embody Aspect (Wellspring)|boost\n|-boost|p1b: Ogerpon|spd|1\n|move|p1a: Ninetales|Icy Wind|p2b: Lil' boy<3|[spread] p2a,p2b\n|-resisted|p2b: Lil' boy<3\n|-damage|p2a: Goth Girl|90\/100\n|-damage|p2b: Lil' boy<3|79\/100\n|-unboost|p2a: Goth Girl|spe|1\n|-unboost|p2b: Lil' boy<3|spe|1\n|-ability|p2b: Lil' boy<3|Competitive|boost\n|-boost|p2b: Lil' boy<3|spa|2\n|move|p1b: Ogerpon|Giga Drain|p2a: Goth Girl\n|-damage|p2a: Goth Girl|74\/100\n|-heal|p1b: Ogerpon|96\/100|[from] drain|[of] p2a: Goth Girl\n|move|p2b: Lil' boy<3|Whirlpool|p1a: Ninetales\n|-damage|p1a: Ninetales|68\/100\n|-activate|p1a: Ninetales|move: Whirlpool|[of] p2b: Lil' boy<3\n|\n|-weather|Snow|[upkeep]\n|-damage|p1a: Ninetales|56\/100|[from] move: Whirlpool|[partiallytrapped]\n|upkeep\n|turn|6\n|inactive|wu1fan has 30 seconds left.\n|\n|t:|1700677735\n|move|p2a: Goth Girl|Fake Out|p1b: Ogerpon\n|-damage|p1b: Ogerpon|90\/100\n|move|p1a: Ninetales|Aurora Veil|p1a: Ninetales\n|-sidestart|p1: wu1fan|move: Aurora Veil\n|cant|p1b: Ogerpon|flinch\n|move|p2b: Lil' boy<3|Whirlpool|p1b: Ogerpon\n|-resisted|p1b: Ogerpon\n|-damage|p1b: Ogerpon|85\/100\n|-activate|p1b: Ogerpon|move: Whirlpool|[of] p2b: Lil' boy<3\n|\n|-weather|Snow|[upkeep]\n|-damage|p1a: Ninetales|44\/100|[from] move: Whirlpool|[partiallytrapped]\n|-damage|p1b: Ogerpon|73\/100|[from] move: Whirlpool|[partiallytrapped]\n|upkeep\n|turn|7\n|\n|t:|1700677759\n|switch|p2a: Not Broken|Flutter Mane, L50, tera:Water|64\/100\n|move|p1a: Ninetales|Moonblast|p2a: Not Broken\n|-damage|p2a: Not Broken|35\/100\n|move|p1b: Ogerpon|Ivy Cudgel|p2a: Not Broken|[anim] Ivy Cudgel Water\n|-resisted|p2a: Not Broken\n|-crit|p2a: Not Broken\n|-damage|p2a: Not Broken|0 fnt\n|faint|p2a: Not Broken\n|-end|p2a: Not Broken|Protosynthesis|[silent]\n|move|p2b: Lil' boy<3|Haze|p2b: Lil' boy<3\n|-clearallboost\n|\n|-weather|Snow|[upkeep]\n|-damage|p1a: Ninetales|32\/100|[from] move: Whirlpool|[partiallytrapped]\n|-damage|p1b: Ogerpon|60\/100|[from] move: Whirlpool|[partiallytrapped]\n|upkeep\n|\n|t:|1700677769\n|switch|p2a: Monke|Urshifu, L50, F|100\/100\n|turn|8\n|\n|t:|1700677786\n|switch|p2a: Goth Girl|Gothitelle, L50, F|74\/100\n|move|p1a: Ninetales|Blizzard|p2b: Lil' boy<3|[spread] p2a,p2b\n|-resisted|p2b: Lil' boy<3\n|-damage|p2a: Goth Girl|53\/100\n|-damage|p2b: Lil' boy<3|67\/100\n|move|p1b: Ogerpon|Giga Drain|p2a: Goth Girl\n|-damage|p2a: Goth Girl|37\/100\n|-heal|p1b: Ogerpon|68\/100|[from] drain|[of] p2a: Goth Girl\n|-enditem|p2a: Goth Girl|Sitrus Berry|[eat]\n|-heal|p2a: Goth Girl|62\/100|[from] item: Sitrus Berry\n|move|p2b: Lil' boy<3|Icy Wind|p1b: Ogerpon|[spread] p1a,p1b\n|-resisted|p1a: Ninetales\n|-resisted|p1b: Ogerpon\n|-damage|p1a: Ninetales|30\/100\n|-damage|p1b: Ogerpon|66\/100\n|-unboost|p1a: Ninetales|spe|1\n|-unboost|p1b: Ogerpon|spe|1\n|\n|-weather|none\n|-damage|p1a: Ninetales|18\/100|[from] move: Whirlpool|[partiallytrapped]\n|-damage|p1b: Ogerpon|53\/100|[from] move: Whirlpool|[partiallytrapped]\n|upkeep\n|turn|9\n|inactive|wu1fan has 30 seconds left.\n|inactive|SakiVGC has 30 seconds left.\n|\n|t:|1700677821\n|move|p2a: Goth Girl|Fake Out|p1a: Ninetales\n|-damage|p1a: Ninetales|13\/100\n|cant|p1a: Ninetales|flinch\n|move|p1b: Ogerpon|Ivy Cudgel|p2a: Goth Girl|[anim] Ivy Cudgel Water\n|-damage|p2a: Goth Girl|0 fnt\n|faint|p2a: Goth Girl\n|move|p2b: Lil' boy<3|Whirlpool|p1b: Ogerpon\n|-resisted|p1b: Ogerpon\n|-damage|p1b: Ogerpon|51\/100\n|\n|-end|p1a: Ninetales|Whirlpool|[partiallytrapped]\n|-damage|p1b: Ogerpon|38\/100|[from] move: Whirlpool|[partiallytrapped]\n|upkeep\n|\n|t:|1700677828\n|switch|p2a: Monke|Urshifu, L50, F|100\/100\n|turn|10\n|\n|t:|1700677847\n|move|p2a: Monke|Protect|p2a: Monke\n|-singleturn|p2a: Monke|Protect\n|move|p1a: Ninetales|Moonblast|p2a: Monke\n|-activate|p2a: Monke|move: Protect\n|move|p1b: Ogerpon|Giga Drain|p2a: Monke\n|-activate|p2a: Monke|move: Protect\n|move|p2b: Lil' boy<3|Whirlpool|p1a: Ninetales|[miss]\n|-miss|p2b: Lil' boy<3|p1a: Ninetales\n|\n|-damage|p1b: Ogerpon|26\/100|[from] move: Whirlpool|[partiallytrapped]\n|-sideend|p1: wu1fan|move: Aurora Veil\n|upkeep\n|turn|11\n|\n|t:|1700677869\n|move|p2a: Monke|Wicked Blow|p1a: Ninetales\n|-resisted|p1a: Ninetales\n|-crit|p1a: Ninetales\n|-damage|p1a: Ninetales|0 fnt\n|faint|p1a: Ninetales\n|move|p1b: Ogerpon|Giga Drain|p2a: Monke\n|-damage|p2a: Monke|72\/100\n|-heal|p1b: Ogerpon|40\/100|[from] drain|[of] p2a: Monke\n|move|p2b: Lil' boy<3|Icy Wind|p1b: Ogerpon\n|-resisted|p1b: Ogerpon\n|-damage|p1b: Ogerpon|35\/100\n|-unboost|p1b: Ogerpon|spe|1\n|\n|-end|p1b: Ogerpon|Whirlpool|[partiallytrapped]\n|upkeep\n|\n|t:|1700677884\n|switch|p1a: Arcanine|Arcanine-Hisui, L50, F|100\/100\n|-ability|p1a: Arcanine|Intimidate|boost\n|-unboost|p2a: Monke|atk|1\n|-unboost|p2b: Lil' boy<3|atk|1\n|-ability|p2b: Lil' boy<3|Competitive|boost\n|-boost|p2b: Lil' boy<3|spa|2\n|turn|12\n|inactive|SakiVGC has 30 seconds left.\n|\n|t:|1700677912\n|move|p2a: Monke|Protect|p2a: Monke\n|-singleturn|p2a: Monke|Protect\n|move|p1a: Arcanine|Close Combat|p2a: Monke\n|-activate|p2a: Monke|move: Protect\n|move|p1b: Ogerpon|Giga Drain|p2b: Lil' boy<3\n|-supereffective|p2b: Lil' boy<3\n|-damage|p2b: Lil' boy<3|36\/100\n|-heal|p1b: Ogerpon|49\/100|[from] drain|[of] p2b: Lil' boy<3\n|move|p2b: Lil' boy<3|Icy Wind|p1b: Ogerpon|[spread] p1a,p1b\n|-resisted|p1a: Arcanine\n|-resisted|p1b: Ogerpon\n|-damage|p1a: Arcanine|93\/100\n|-damage|p1b: Ogerpon|42\/100\n|-unboost|p1a: Arcanine|spe|1\n|-unboost|p1b: Ogerpon|spe|1\n|\n|upkeep\n|turn|13\n|inactive|wu1fan has 30 seconds left.\n|\n|t:|1700677942\n|move|p1b: Ogerpon|Follow Me|p1b: Ogerpon\n|-singleturn|p1b: Ogerpon|move: Follow Me\n|move|p2a: Monke|Close Combat|p1b: Ogerpon\n|-damage|p1b: Ogerpon|2\/100\n|-unboost|p2a: Monke|def|1\n|-unboost|p2a: Monke|spd|1\n|move|p1a: Arcanine|Close Combat|p2a: Monke\n|-supereffective|p2a: Monke\n|-damage|p2a: Monke|0 fnt\n|-unboost|p1a: Arcanine|def|1\n|-unboost|p1a: Arcanine|spd|1\n|faint|p2a: Monke\n|move|p2b: Lil' boy<3|Whirlpool|p1b: Ogerpon\n|-resisted|p1b: Ogerpon\n|-damage|p1b: Ogerpon|0 fnt\n|faint|p1b: Ogerpon\n|\n|upkeep\n|turn|14\n|inactive|wu1fan has 30 seconds left.\n|inactive|wu1fan has 20 seconds left.\n|inactive|wu1fan has 15 seconds left.\n|inactive|wu1fan has 10 seconds left.\n|inactive|wu1fan has 5 seconds left.\n|\n|t:|1700677997\n|move|p1a: Arcanine|Close Combat|p2b: Lil' boy<3\n|-damage|p2b: Lil' boy<3|0 fnt\n|-unboost|p1a: Arcanine|def|1\n|-unboost|p1a: Arcanine|spd|1\n|faint|p2b: Lil' boy<3\n|\n|win|wu1fan\n|raw|wu1fan's rating: 1141 &rarr; <strong>1162<\/strong><br \/>(+21 for winning)\n|raw|SakiVGC's rating: 1092 &rarr; <strong>1072<\/strong><br \/>(-20 for losing)\n|c|\u2606SakiVGC|rip\n|l|\u2606SakiVGC\n","uploadtime":1700678016,"views":6,"p1id":"wu1fan","p2id":"sakivgc","formatid":"gen9vgc2023regulatione","rating":1072,"private":0,"password":""}