{"id":"gen9vgc2023regulatione-2000094044","p1":"KingBerger14","p2":"YoshiKing9999","format":"[Gen 9] VGC 2023 Regulation E","log":"|j|\u2606KingBerger14\n|j|\u2606YoshiKing9999\n|t:|1701153619\n|gametype|doubles\n|player|p1|KingBerger14|102|1070\n|player|p2|YoshiKing9999|caitlin|1000\n|teamsize|p1|6\n|teamsize|p2|6\n|gen|9\n|tier|[Gen 9] VGC 2023 Regulation E\n|rated|\n|rule|Species Clause: Limit one of each Pok\u00e9mon\n|rule|Item Clause: Limit one of each item\n|clearpoke\n|poke|p1|Frosmoth, L50, M|\n|poke|p1|Ninetales-Alola, L50, M|\n|poke|p1|Abomasnow, L50, M|\n|poke|p1|Landorus-Therian, L50, M|\n|poke|p1|Tornadus, L50, M|\n|poke|p1|Indeedee-F, L50, F|\n|poke|p2|Ting-Lu, L50|\n|poke|p2|Oranguru, L50, F|\n|poke|p2|Urshifu-*, L50, M|\n|poke|p2|Sinistcha, L50|\n|poke|p2|Grimmsnarl, L50, M|\n|poke|p2|Thundurus, L50, M|\n|teampreview|4\n|inactive|Battle timer is ON: inactive players will automatically lose when time's up. (requested by YoshiKing9999)\n|j| GOODSHITPROFESSOR\n|inactive|YoshiKing9999 has 60 seconds left.\n|inactive|YoshiKing9999 has 30 seconds left.\n|inactive|YoshiKing9999 has 20 seconds left.\n|inactive|YoshiKing9999 has 15 seconds left.\n|inactive|YoshiKing9999 has 10 seconds left.\n|\n|t:|1701153701\n|start\n|switch|p1a: Ninetales|Ninetales-Alola, L50, M|100\/100\n|switch|p1b: Landorus|Landorus-Therian, L50, M|100\/100\n|switch|p2a: Ting-Lu|Ting-Lu, L50|100\/100\n|switch|p2b: Oranguru|Oranguru, L50, F|100\/100\n|-weather|Snow|[from] ability: Snow Warning|[of] p1a: Ninetales\n|-ability|p1b: Landorus|Intimidate|boost\n|-unboost|p2a: Ting-Lu|atk|1\n|-fail|p2b: Oranguru|unboost|Attack|[from] ability: Inner Focus|[of] p2b: Oranguru\n|-ability|p2a: Ting-Lu|Vessel of Ruin\n|turn|1\n|inactive|KingBerger14 has 30 seconds left.\n|inactive|YoshiKing9999 has 30 seconds left.\n|inactive|YoshiKing9999 has 20 seconds left.\n|\n|t:|1701153737\n|move|p1a: Ninetales|Aurora Veil|p1a: Ninetales\n|-sidestart|p1: KingBerger14|move: Aurora Veil\n|move|p1b: Landorus|U-turn|p2b: Oranguru\n|-supereffective|p2b: Oranguru\n|-damage|p2b: Oranguru|35\/100\n|\n|t:|1701153743\n|switch|p1b: Frosmoth|Frosmoth, L50, M|100\/100|[from] U-turn\n|move|p2a: Ting-Lu|Ruination|p1b: Frosmoth\n|-damage|p1b: Frosmoth|50\/100\n|move|p2b: Oranguru|Trick Room|p2b: Oranguru\n|-fieldstart|move: Trick Room|[of] p2b: Oranguru\n|\n|-weather|Snow|[upkeep]\n|upkeep\n|turn|2\n|inactive|KingBerger14 has 30 seconds left.\n|inactive|KingBerger14 has 20 seconds left.\n|inactive|KingBerger14 has 15 seconds left.\n|inactive|KingBerger14 has 10 seconds left.\n|\n|t:|1701153791\n|switch|p1b: Indeedee|Indeedee-F, L50, F|100\/100\n|-fieldstart|move: Psychic Terrain|[from] ability: Psychic Surge|[of] p1b: Indeedee\n|switch|p1a: Landorus|Landorus-Therian, L50, M|100\/100\n|-ability|p1a: Landorus|Intimidate|boost\n|-unboost|p2a: Ting-Lu|atk|1\n|-fail|p2b: Oranguru|unboost|Attack|[from] ability: Inner Focus|[of] p2b: Oranguru\n|move|p2a: Ting-Lu|Fissure|p1a: Landorus\n|-immune|p1a: Landorus\n|move|p2b: Oranguru|Instruct|p2a: Ting-Lu\n|-singleturn|p2a: Ting-Lu|move: Instruct|[of] p2b: Oranguru\n|move|p2a: Ting-Lu|Fissure|p1a: Landorus\n|-immune|p1a: Landorus\n|\n|-weather|Snow|[upkeep]\n|upkeep\n|turn|3\n|c|\u2606YoshiKing9999|Damn\n|inactive|YoshiKing9999 has 30 seconds left.\n|inactive|KingBerger14 has 30 seconds left.\n|inactive|YoshiKing9999 has 20 seconds left.\n|inactive|YoshiKing9999 has 15 seconds left.\n|\n|t:|1701153833\n|move|p2b: Oranguru|Protect|p2b: Oranguru\n|-singleturn|p2b: Oranguru|Protect\n|move|p2a: Ting-Lu|Stomping Tantrum|p1a: Landorus\n|-immune|p1a: Landorus\n|move|p1a: Landorus|U-turn|p2b: Oranguru\n|-activate|p2b: Oranguru|move: Protect\n|move|p1b: Indeedee|Trick Room|p1b: Indeedee\n|-fieldend|move: Trick Room\n|\n|-weather|Snow|[upkeep]\n|upkeep\n|turn|4\n|c|\u2606YoshiKing9999|Bro i need to go to sleep lol\n|inactive|KingBerger14 has 30 seconds left.\n|inactive|YoshiKing9999 has 30 seconds left.\n|inactive|YoshiKing9999 has 20 seconds left.\n|inactive|YoshiKing9999 has 15 seconds left.\n|\n|t:|1701153874\n|switch|p2b: Grimmsnarl|Grimmsnarl, L50, M|100\/100\n|move|p1a: Landorus|U-turn|p2b: Grimmsnarl\n|-crit|p2b: Grimmsnarl\n|-damage|p2b: Grimmsnarl|50\/100\n|\n|t:|1701153881\n|switch|p1a: Ninetales|Ninetales-Alola, L50, M|100\/100|[from] U-turn\n|move|p1b: Indeedee|Skill Swap|p2a: Ting-Lu\n|-activate|p1b: Indeedee|move: Skill Swap|Vessel of Ruin|Psychic Surge|[of] p2a: Ting-Lu\n|-ability|p1b: Indeedee|Vessel of Ruin\n|move|p2a: Ting-Lu|Stomping Tantrum|p1b: Indeedee\n|-damage|p1b: Indeedee|82\/100\n|\n|-weather|Snow|[upkeep]\n|upkeep\n|turn|5\n|inactive|KingBerger14 has 30 seconds left.\n|inactive|YoshiKing9999 has 30 seconds left.\n|inactive|YoshiKing9999 has 20 seconds left.\n|inactive|YoshiKing9999 has 15 seconds left.\n|inactive|KingBerger14 has 20 seconds left.\n|inactive|YoshiKing9999 has 10 seconds left.\n|\n|t:|1701153929\n|switch|p1b: Landorus|Landorus-Therian, L50, M|100\/100\n|-ability|p1b: Landorus|Intimidate|boost\n|-unboost|p2a: Ting-Lu|atk|1\n|-unboost|p2b: Grimmsnarl|atk|1\n|switch|p2a: Sinistcha|Sinistcha, L50|100\/100\n|-heal|p2b: Grimmsnarl|75\/100|[from] ability: Hospitality|[of] p2a: Sinistcha\n|move|p2b: Grimmsnarl|Light Screen|p2b: Grimmsnarl\n|-sidestart|p2: YoshiKing9999|move: Light Screen\n|move|p1a: Ninetales|Icy Wind|p2b: Grimmsnarl|[spread] p2a,p2b\n|-supereffective|p2a: Sinistcha\n|-damage|p2a: Sinistcha|86\/100\n|-damage|p2b: Grimmsnarl|67\/100\n|-unboost|p2a: Sinistcha|spe|1\n|-unboost|p2b: Grimmsnarl|spe|1\n|\n|-weather|none\n|upkeep\n|turn|6\n|inactive|KingBerger14 has 30 seconds left.\n|inactive|KingBerger14 has 20 seconds left.\n|inactive|KingBerger14 has 15 seconds left.\n|inactive|KingBerger14 has 10 seconds left.\n|\n|t:|1701153978\n|switch|p1a: Indeedee|Indeedee-F, L50, F|82\/100\n|move|p2b: Grimmsnarl|Reflect|p2b: Grimmsnarl\n|-sidestart|p2: YoshiKing9999|Reflect\n|move|p1b: Landorus|U-turn|p2b: Grimmsnarl\n|-damage|p2b: Grimmsnarl|43\/100\n|\n|t:|1701153990\n|switch|p1b: Ninetales|Ninetales-Alola, L50, M|100\/100|[from] U-turn\n|-weather|Snow|[from] ability: Snow Warning|[of] p1b: Ninetales\n|move|p2a: Sinistcha|Matcha Gotcha|p1b: Ninetales|[spread] p1a,p1b\n|-damage|p1a: Indeedee|66\/100\n|-heal|p2a: Sinistcha|95\/100|[from] drain|[of] p1a: Indeedee\n|-damage|p1b: Ninetales|85\/100\n|-heal|p2a: Sinistcha|100\/100|[from] drain|[of] p1b: Ninetales\n|\n|-weather|Snow|[upkeep]\n|-fieldend|move: Psychic Terrain\n|upkeep\n|turn|7\n|inactive|KingBerger14 has 30 seconds left.\n|inactive|YoshiKing9999 has 30 seconds left.\n|\n|t:|1701154019\n|switch|p2a: Ting-Lu|Ting-Lu, L50|100\/100\n|-ability|p2a: Ting-Lu|Vessel of Ruin\n|switch|p2b: Oranguru|Oranguru, L50, F|35\/100\n|move|p1a: Indeedee|Fake Out|p2b: Oranguru\n|-crit|p2b: Oranguru\n|-damage|p2b: Oranguru|23\/100\n|move|p1b: Ninetales|Icy Wind|p2b: Oranguru|[spread] p2a,p2b\n|-supereffective|p2a: Ting-Lu\n|-damage|p2a: Ting-Lu|96\/100\n|-damage|p2b: Oranguru|19\/100\n|-unboost|p2a: Ting-Lu|spe|1\n|-unboost|p2b: Oranguru|spe|1\n|\n|-weather|Snow|[upkeep]\n|upkeep\n|turn|8\n|inactive|KingBerger14 has 30 seconds left.\n|inactive|YoshiKing9999 has 30 seconds left.\n|inactive|YoshiKing9999 has 20 seconds left.\n|inactive|YoshiKing9999 has 15 seconds left.\n|inactive|YoshiKing9999 has 10 seconds left.\n|\n|t:|1701154065\n|switch|p1b: Landorus|Landorus-Therian, L50, M|100\/100\n|-ability|p1b: Landorus|Intimidate|boost\n|-unboost|p2a: Ting-Lu|atk|1\n|-fail|p2b: Oranguru|unboost|Attack|[from] ability: Inner Focus|[of] p2b: Oranguru\n|move|p2b: Oranguru|Protect|p2b: Oranguru\n|-singleturn|p2b: Oranguru|Protect\n|move|p1a: Indeedee|Skill Swap|p2a: Ting-Lu\n|-activate|p1a: Indeedee|move: Skill Swap|Vessel of Ruin|Psychic Surge|[of] p2a: Ting-Lu\n|-ability|p1a: Indeedee|Vessel of Ruin\n|-fieldstart|move: Psychic Terrain|[from] ability: Psychic Surge|[of] p2a: Ting-Lu\n|move|p2a: Ting-Lu|Fissure|p1b: Landorus\n|-immune|p1b: Landorus\n|\n|-weather|Snow|[upkeep]\n|-sideend|p1: KingBerger14|move: Aurora Veil\n|upkeep\n|turn|9\n|inactive|KingBerger14 has 30 seconds left.\n|\n|t:|1701154099\n|move|p1b: Landorus|U-turn|p2b: Oranguru\n|-supereffective|p2b: Oranguru\n|-damage|p2b: Oranguru|0 fnt\n|faint|p2b: Oranguru\n|\n|t:|1701154103\n|switch|p1b: Ninetales|Ninetales-Alola, L50, M|85\/100|[from] U-turn\n|move|p1a: Indeedee|Skill Swap|p1b: Ninetales\n|-activate|p1a: Indeedee|move: Skill Swap|||[of] p1b: Ninetales\n|-ability|p1b: Ninetales|Vessel of Ruin\n|move|p2a: Ting-Lu|Ruination|p1b: Ninetales\n|-damage|p1b: Ninetales|43\/100\n|\n|-weather|Snow|[upkeep]\n|upkeep\n|inactive|YoshiKing9999 has 30 seconds left.\n|l|\u2606KingBerger14\n|inactive|KingBerger14 disconnected and has a minute to reconnect!\n|player|p1|\n|inactive|YoshiKing9999 has 20 seconds left.\n|inactive|YoshiKing9999 has 15 seconds left.\n|\n|t:|1701154144\n|switch|p2b: Grimmsnarl|Grimmsnarl, L50, M|43\/100\n|turn|10\n|j|\u2606KingBerger14\n|inactive|KingBerger14 reconnected and has 55 seconds left.\n|player|p1|KingBerger14|102\n|\n|t:|1701154159\n|move|p1b: Ninetales|Aurora Veil|p1b: Ninetales\n|-sidestart|p1: KingBerger14|move: Aurora Veil\n|move|p1a: Indeedee|Skill Swap|p2b: Grimmsnarl\n|-activate|p1a: Indeedee|move: Skill Swap|Prankster|Snow Warning|[of] p2b: Grimmsnarl\n|move|p2b: Grimmsnarl|Foul Play|p1b: Ninetales\n|-resisted|p1b: Ninetales\n|-damage|p1b: Ninetales|38\/100\n|move|p2a: Ting-Lu|Lash Out|p1a: Indeedee\n|-supereffective|p1a: Indeedee\n|-crit|p1a: Indeedee\n|-damage|p1a: Indeedee|0 fnt\n|faint|p1a: Indeedee\n|\n|-weather|none\n|upkeep\n|\n|t:|1701154178\n|switch|p1a: Frosmoth|Frosmoth, L50, M|50\/100\n|turn|11\n|\n|t:|1701154195\n|switch|p1b: Landorus|Landorus-Therian, L50, M|100\/100\n|-ability|p1b: Landorus|Intimidate|boost\n|-unboost|p2a: Ting-Lu|atk|1\n|-unboost|p2b: Grimmsnarl|atk|1\n|move|p1a: Frosmoth|Quiver Dance|p1a: Frosmoth\n|-boost|p1a: Frosmoth|spa|1\n|-boost|p1a: Frosmoth|spd|1\n|-boost|p1a: Frosmoth|spe|1\n|move|p2b: Grimmsnarl|Foul Play|p1b: Landorus\n|-damage|p1b: Landorus|62\/100\n|move|p2a: Ting-Lu|Fissure|p1a: Frosmoth\n|-damage|p1a: Frosmoth|0 fnt\n|faint|p1a: Frosmoth\n|-ohko\n|\n|upkeep\n|\n|t:|1701154212\n|switch|p1a: Ninetales|Ninetales-Alola, L50, M|38\/100\n|-weather|Snow|[from] ability: Snow Warning|[of] p1a: Ninetales\n|turn|12\n|inactive|KingBerger14 has 30 seconds left.\n|inactive|YoshiKing9999 has 30 seconds left.\n|inactive|YoshiKing9999 has 20 seconds left.\n|\n|t:|1701154251\n|-terastallize|p2b: Grimmsnarl|Dark\n|move|p1a: Ninetales|Icy Wind|p2a: Ting-Lu|[spread] p2a,p2b\n|-supereffective|p2a: Ting-Lu\n|-damage|p2a: Ting-Lu|89\/100\n|-damage|p2b: Grimmsnarl|35\/100\n|-unboost|p2a: Ting-Lu|spe|1\n|-unboost|p2b: Grimmsnarl|spe|1\n|move|p1b: Landorus|Stomping Tantrum|p2a: Ting-Lu\n|-damage|p2a: Ting-Lu|68\/100\n|move|p2b: Grimmsnarl|Foul Play|p1b: Landorus\n|-damage|p1b: Landorus|2\/100\n|move|p2a: Ting-Lu|Fissure|p1a: Ninetales|[miss]\n|-miss|p2a: Ting-Lu|p1a: Ninetales\n|\n|-weather|Snow|[upkeep]\n|-sideend|p2: YoshiKing9999|move: Light Screen\n|-fieldend|move: Psychic Terrain\n|upkeep\n|turn|13\n|inactive|KingBerger14 has 30 seconds left.\n|inactive|KingBerger14 has 20 seconds left.\n|\n|t:|1701154278\n|move|p1a: Ninetales|Protect|p1a: Ninetales\n|-singleturn|p1a: Ninetales|Protect\n|move|p1b: Landorus|Stomping Tantrum|p2b: Grimmsnarl\n|-damage|p2b: Grimmsnarl|0 fnt\n|faint|p2b: Grimmsnarl\n|move|p2a: Ting-Lu|Fissure|p1a: Ninetales\n|-activate|p1a: Ninetales|move: Protect\n|\n|-weather|Snow|[upkeep]\n|-sideend|p2: YoshiKing9999|Reflect\n|upkeep\n|inactive|KingBerger14 has 20 seconds left this turn.\n|inactive|YoshiKing9999 has 30 seconds left.\n|\n|t:|1701154285\n|switch|p2b: Sinistcha|Sinistcha, L50|100\/100\n|-heal|p2a: Ting-Lu|92\/100|[from] ability: Hospitality|[of] p2b: Sinistcha\n|turn|14\n|inactive|KingBerger14 has 20 seconds left this turn.\n|inactive|YoshiKing9999 has 30 seconds left this turn.\n|inactive|KingBerger14 has 15 seconds left.\n|\n|t:|1701154295\n|move|p1a: Ninetales|Icy Wind|p2b: Sinistcha|[spread] p2a,p2b\n|-supereffective|p2a: Ting-Lu\n|-supereffective|p2b: Sinistcha\n|-damage|p2a: Ting-Lu|83\/100\n|-damage|p2b: Sinistcha|77\/100\n|-unboost|p2a: Ting-Lu|spe|1\n|-unboost|p2b: Sinistcha|spe|1\n|move|p1b: Landorus|Stomping Tantrum|p2a: Ting-Lu\n|-damage|p2a: Ting-Lu|48\/100\n|move|p2b: Sinistcha|Matcha Gotcha|p1b: Landorus|[spread] p1a,p1b\n|-damage|p1a: Ninetales|21\/100\n|-heal|p2b: Sinistcha|85\/100|[from] drain|[of] p1a: Ninetales\n|-damage|p1b: Landorus|0 fnt\n|-heal|p2b: Sinistcha|86\/100|[from] drain|[of] p1b: Landorus\n|faint|p1b: Landorus\n|move|p2a: Ting-Lu|Fissure|p1a: Ninetales|[miss]\n|-miss|p2a: Ting-Lu|p1a: Ninetales\n|\n|-weather|Snow|[upkeep]\n|upkeep\n|turn|15\n|inactive|KingBerger14 has 15 seconds left this turn.\n|inactive|YoshiKing9999 has 25 seconds left this turn.\n|inactive|KingBerger14 has 10 seconds left.\n|inactive|YoshiKing9999 has 20 seconds left.\n|inactive|KingBerger14 has 5 seconds left.\n|inactive|YoshiKing9999 has 15 seconds left.\n|inactive|YoshiKing9999 has 10 seconds left.\n|-message|KingBerger14 lost due to inactivity.\n|\n|win|YoshiKing9999\n|raw|KingBerger14's rating: 1070 &rarr; <strong>1045<\/strong><br \/>(-25 for losing)\n|raw|YoshiKing9999's rating: 1000 &rarr; <strong>1048<\/strong><br \/>(+48 for winning)\n|c|\u2606YoshiKing9999|Gg wp\n|l|\u2606KingBerger14\n|l| GOODSHITPROFESSOR\n","uploadtime":1701154333,"views":3,"p1id":"kingberger14","p2id":"yoshiking9999","formatid":"gen9vgc2023regulatione","rating":1045,"private":0,"password":""}