{"id":"gen9vgc2023regulatione-1998216517","p1":"seniordelatienda","p2":"newusernovice","format":"[Gen 9] VGC 2023 Regulation E","log":"|j|\u2606seniordelatienda\n|j|\u2606newusernovice\n|t:|1700914344\n|gametype|doubles\n|player|p1|seniordelatienda|169|1228\n|player|p2|newusernovice|brawly|1302\n|teamsize|p1|6\n|teamsize|p2|6\n|gen|9\n|tier|[Gen 9] VGC 2023 Regulation E\n|rated|\n|rule|Species Clause: Limit one of each Pok\u00e9mon\n|rule|Item Clause: Limit one of each item\n|clearpoke\n|poke|p1|Zapdos, L50|\n|poke|p1|Rillaboom, L50, F|\n|poke|p1|Urshifu-*, L50, M|\n|poke|p1|Flutter Mane, L50|\n|poke|p1|Chi-Yu, L50|\n|poke|p1|Landorus-Therian, L50, M|\n|poke|p2|Arcanine-Hisui, L50, M|\n|poke|p2|Tornadus, L50, M|\n|poke|p2|Urshifu-*, L50, M|\n|poke|p2|Flutter Mane, L50|\n|poke|p2|Rillaboom, L50, M|\n|poke|p2|Ogerpon-Wellspring, L50, F|\n|teampreview|4\n|inactive|Battle timer is ON: inactive players will automatically lose when time's up. (requested by newusernovice)\n|inactive|seniordelatienda has 60 seconds left.\n|inactive|newusernovice has 60 seconds left.\n|inactive|newusernovice has 30 seconds left.\n|inactive|newusernovice has 20 seconds left.\n|\n|t:|1700914416\n|start\n|switch|p1a: Zapdos|Zapdos, L50|100\/100\n|switch|p1b: Urshifu|Urshifu-Rapid-Strike, L50, M|100\/100\n|switch|p2a: Tornadus|Tornadus, L50, M|100\/100\n|switch|p2b: Flutter Mane|Flutter Mane, L50, shiny|100\/100\n|-enditem|p2b: Flutter Mane|Booster Energy\n|-activate|p2b: Flutter Mane|ability: Protosynthesis|[fromitem]\n|-start|p2b: Flutter Mane|protosynthesisspa\n|turn|1\n|inactive|newusernovice has 30 seconds left.\n|\n|t:|1700914443\n|-terastallize|p2b: Flutter Mane|Fairy\n|-terastallize|p1b: Urshifu|Water\n|move|p2a: Tornadus|Tailwind|p2a: Tornadus\n|-sidestart|p2: newusernovice|move: Tailwind\n|move|p2b: Flutter Mane|Moonblast|p1a: Zapdos\n|-damage|p1a: Zapdos|0 fnt\n|faint|p1a: Zapdos\n|move|p1b: Urshifu|Surging Strikes|p2b: Flutter Mane\n|-crit|p2b: Flutter Mane\n|-damage|p2b: Flutter Mane|38\/100\n|-crit|p2b: Flutter Mane\n|-damage|p2b: Flutter Mane|0 fnt\n|faint|p2b: Flutter Mane\n|-end|p2b: Flutter Mane|Protosynthesis|[silent]\n|-hitcount|p2: Flutter Mane|2\n|\n|upkeep\n|\n|t:|1700914458\n|switch|p2b: Rillaboom|Rillaboom, L50, M|100\/100\n|switch|p1a: Landorus|Landorus-Therian, L50, M|100\/100\n|-fieldstart|move: Grassy Terrain|[from] ability: Grassy Surge|[of] p2b: Rillaboom\n|-ability|p1a: Landorus|Intimidate|boost\n|-unboost|p2a: Tornadus|atk|1\n|-unboost|p2b: Rillaboom|atk|1\n|turn|2\n|inactive|seniordelatienda has 30 seconds left.\n|\n|t:|1700914488\n|move|p1b: Urshifu|Detect|p1b: Urshifu\n|-singleturn|p1b: Urshifu|Protect\n|move|p2a: Tornadus|Bleakwind Storm|p1b: Urshifu|[spread] p1a\n|-activate|p1b: Urshifu|move: Protect\n|-damage|p1a: Landorus|52\/100\n|-unboost|p1a: Landorus|spe|1\n|move|p2b: Rillaboom|Wood Hammer|p1a: Landorus\n|-damage|p1a: Landorus|0 fnt\n|faint|p1a: Landorus\n|-damage|p2b: Rillaboom|85\/100|[from] Recoil\n|\n|-heal|p2b: Rillaboom|91\/100|[from] Grassy Terrain\n|upkeep\n|\n|t:|1700914501\n|switch|p1a: Rillaboom|Rillaboom, L50, F|100\/100\n|turn|3\n|\n|t:|1700914522\n|move|p1a: Rillaboom|Fake Out|p2b: Rillaboom\n|-damage|p2b: Rillaboom|78\/100\n|move|p2a: Tornadus|Bleakwind Storm|p1a: Rillaboom|[spread] p1a,p1b\n|-supereffective|p1a: Rillaboom\n|-damage|p1a: Rillaboom|50\/100\n|-damage|p1b: Urshifu|58\/100\n|-unboost|p1a: Rillaboom|spe|1\n|cant|p2b: Rillaboom|flinch\n|move|p1b: Urshifu|Surging Strikes|p2a: Tornadus\n|-crit|p2a: Tornadus\n|-damage|p2a: Tornadus|48\/100\n|-enditem|p2a: Tornadus|Sitrus Berry|[eat]\n|-heal|p2a: Tornadus|73\/100|[from] item: Sitrus Berry\n|-crit|p2a: Tornadus\n|-damage|p2a: Tornadus|25\/100\n|-crit|p2a: Tornadus\n|-damage|p2a: Tornadus|0 fnt\n|faint|p2a: Tornadus\n|-hitcount|p2: Tornadus|3\n|\n|-heal|p2b: Rillaboom|84\/100|[from] Grassy Terrain\n|-heal|p1b: Urshifu|64\/100|[from] Grassy Terrain\n|-heal|p1a: Rillaboom|56\/100|[from] Grassy Terrain\n|upkeep\n|\n|t:|1700914529\n|switch|p2a: Arcanine|Arcanine-Hisui, L50, M, shiny|100\/100\n|-ability|p2a: Arcanine|Intimidate|boost\n|-unboost|p1a: Rillaboom|atk|1\n|-unboost|p1b: Urshifu|atk|1\n|turn|4\n|\n|t:|1700914549\n|move|p1b: Urshifu|Detect|p1b: Urshifu\n|-singleturn|p1b: Urshifu|Protect\n|move|p2a: Arcanine|Flare Blitz|p1a: Rillaboom\n|-supereffective|p1a: Rillaboom\n|-damage|p1a: Rillaboom|0 fnt\n|faint|p1a: Rillaboom\n|-damage|p2a: Arcanine|78\/100|[from] Recoil\n|-damage|p2a: Arcanine|68\/100|[from] item: Life Orb\n|move|p2b: Rillaboom|Wood Hammer|p1b: Urshifu\n|-activate|p1b: Urshifu|move: Protect\n|\n|-heal|p2a: Arcanine|74\/100|[from] Grassy Terrain\n|-heal|p2b: Rillaboom|90\/100|[from] Grassy Terrain\n|-heal|p1b: Urshifu|70\/100|[from] Grassy Terrain\n|-sideend|p2: newusernovice|move: Tailwind\n|upkeep\n|turn|5\n|inactive|seniordelatienda has 30 seconds left.\n|inactive|seniordelatienda has 20 seconds left.\n|\n|t:|1700914585\n|move|p2a: Arcanine|Extreme Speed|p1b: Urshifu\n|-damage|p1b: Urshifu|39\/100\n|-damage|p2a: Arcanine|64\/100|[from] item: Life Orb\n|move|p2b: Rillaboom|Grassy Glide|p1b: Urshifu\n|-supereffective|p1b: Urshifu\n|-damage|p1b: Urshifu|0 fnt\n|faint|p1b: Urshifu\n|\n|win|newusernovice\n|raw|seniordelatienda's rating: 1228 &rarr; <strong>1208<\/strong><br \/>(-20 for losing)\n|raw|newusernovice's rating: 1302 &rarr; <strong>1318<\/strong><br \/>(+16 for winning)\n|l|\u2606seniordelatienda\n","uploadtime":1700914602,"views":3,"p1id":"seniordelatienda","p2id":"newusernovice","formatid":"gen9vgc2023regulatione","rating":1208,"private":0,"password":""}