{"id":"gen9vgc2023regulatione-1988248929","p1":"Pekopekopoke","p2":"Magician of mirror","format":"[Gen 9] VGC 2023 Regulation E","log":"|j|\u2606Pekopekopoke\n|j|\u2606Magician of mirror\n|t:|1699694150\n|gametype|doubles\n|player|p1|Pekopekopoke|265|1303\n|player|p2|Magician of mirror|fisherman-gen4|1216\n|teamsize|p1|6\n|teamsize|p2|6\n|gen|9\n|tier|[Gen 9] VGC 2023 Regulation E\n|rated|\n|rule|Species Clause: Limit one of each Pok\u00e9mon\n|rule|Item Clause: Limit one of each item\n|clearpoke\n|poke|p1|Ninetales-Alola, L50, F|\n|poke|p1|Flamigo, L50, F|\n|poke|p1|Iron Bundle, L50|\n|poke|p1|Scovillain, L50, M|\n|poke|p1|Iron Valiant, L50|\n|poke|p1|Muk-Alola, L50, M|\n|poke|p2|Oranguru, L50, F|\n|poke|p2|Ursaluna-Bloodmoon, L50, M|\n|poke|p2|Iron Hands, L50|\n|poke|p2|Ogerpon-Hearthflame, L50, F|\n|poke|p2|Roaring Moon, L50|\n|poke|p2|Urshifu-*, L50, F|\n|teampreview|4\n|inactive|Battle timer is ON: inactive players will automatically lose when time's up. (requested by Magician of mirror)\n|c|\u2606Magician of mirror|Ma te sei un criminale\nMagician of mirror has agreed to open team sheets.\n|inactive|Pekopekopoke has 60 seconds left.\n|inactive|Magician of mirror has 60 seconds left.\n|\n|t:|1699694205\n|start\n|switch|p1a: Muk|Muk-Alola, L50, M, shiny|100\/100\n|switch|p1b: Scovillain|Scovillain, L50, M, shiny|100\/100\n|switch|p2a: OranBro|Oranguru, L50, F|100\/100\n|switch|p2b: Urshifu|Urshifu-Rapid-Strike, L50, F|100\/100\n|turn|1\n|inactive|Pekopekopoke has 30 seconds left.\n|inactive|Pekopekopoke has 20 seconds left.\n|\n|t:|1699694241\n|move|p1b: Scovillain|Rage Powder|p1b: Scovillain\n|-singleturn|p1b: Scovillain|move: Rage Powder\n|move|p2b: Urshifu|Surging Strikes|p1b: Scovillain\n|-crit|p1b: Scovillain\n|-damage|p1b: Scovillain|70\/100\n|-crit|p1b: Scovillain\n|-damage|p1b: Scovillain|38\/100\n|-crit|p1b: Scovillain\n|-damage|p1b: Scovillain|7\/100\n|-hitcount|p1b: Scovillain|3\n|move|p1a: Muk|Minimize|p1a: Muk\n|-boost|p1a: Muk|evasion|2\n|move|p2a: OranBro|Instruct|p1b: Scovillain\n|-singleturn|p1b: Scovillain|move: Instruct|[of] p2a: OranBro\n|move|p1b: Scovillain|Rage Powder||[still]\n|-fail|p1b: Scovillain\n|\n|-ability|p1b: Scovillain|Moody|boost\n|-boost|p1b: Scovillain|def|2\n|-unboost|p1b: Scovillain|spd|1\n|upkeep\n|turn|2\n|inactive|Pekopekopoke has 30 seconds left.\n|c|\u2606Magician of mirror|Fai veramente schifo al cazzo\n|inactive|Pekopekopoke has 20 seconds left.\n|inactive|Pekopekopoke has 15 seconds left.\n|inactive|Pekopekopoke has 10 seconds left.\n|inactive|Pekopekopoke has 5 seconds left.\n|\n|t:|1699694296\n|move|p1b: Scovillain|Rage Powder|p1b: Scovillain\n|-singleturn|p1b: Scovillain|move: Rage Powder\n|move|p2b: Urshifu|Surging Strikes|p1b: Scovillain\n|-crit|p1b: Scovillain\n|-damage|p1b: Scovillain|0 fnt\n|faint|p1b: Scovillain\n|-ability|p1a: Muk|Moody|[from] ability: Power of Alchemy|[of] p1b: Scovillain\n|-hitcount|p1: Scovillain|1\n|move|p1a: Muk|Knock Off|p2a: OranBro\n|-supereffective|p2a: OranBro\n|-damage|p2a: OranBro|49\/100\n|-enditem|p2a: OranBro|Mental Herb|[from] move: Knock Off|[of] p1a: Muk\n|move|p2a: OranBro|Instruct|p2b: Urshifu\n|-singleturn|p2b: Urshifu|move: Instruct|[of] p2a: OranBro\n|move|p2b: Urshifu|Surging Strikes|p1a: Muk\n|-crit|p1a: Muk\n|-damage|p1a: Muk|78\/100\n|-crit|p1a: Muk\n|-damage|p1a: Muk|55\/100\n|-crit|p1a: Muk\n|-damage|p1a: Muk|35\/100\n|-hitcount|p1a: Muk|3\n|\n|-heal|p1a: Muk|41\/100|[from] item: Leftovers\n|-ability|p1a: Muk|Moody|boost\n|-boost|p1a: Muk|spe|2\n|-unboost|p1a: Muk|atk|1\n|upkeep\n|\n|t:|1699694301\n|switch|p1b: Iron Valiant|Iron Valiant, L50, shiny|100\/100\n|-enditem|p1b: Iron Valiant|Booster Energy\n|-activate|p1b: Iron Valiant|ability: Quark Drive|[fromitem]\n|-start|p1b: Iron Valiant|quarkdrivespe\n|turn|3\n|inactive|Pekopekopoke has 30 seconds left.\n|inactive|Magician of mirror has 30 seconds left.\n|inactive|Pekopekopoke has 20 seconds left.\n|inactive|Pekopekopoke has 15 seconds left.\n|\n|t:|1699694343\n|-terastallize|p2b: Urshifu|Ghost\n|move|p1b: Iron Valiant|Disable|p2b: Urshifu\n|-start|p2b: Urshifu|Disable|Surging Strikes\n|cant|p2b: Urshifu|Disable|Surging Strikes\n|move|p1a: Muk|Minimize|p1a: Muk\n|-boost|p1a: Muk|evasion|2\n|move|p2a: OranBro|Trick Room|p2a: OranBro\n|-fieldstart|move: Trick Room|[of] p2a: OranBro\n|\n|-heal|p1a: Muk|47\/100|[from] item: Leftovers\n|-ability|p1a: Muk|Moody|boost\n|-boost|p1a: Muk|def|2\n|-unboost|p1a: Muk|spd|1\n|upkeep\n|turn|4\n|c|\u2606Magician of mirror|No comment\n|\n|t:|1699694363\n|switch|p2b: Bro Hands|Iron Hands, L50|100\/100\n|move|p2a: OranBro|Taunt|p1a: Muk\n|-start|p1a: Muk|move: Taunt\n|cant|p1a: Muk|move: Taunt|Minimize\n|move|p1b: Iron Valiant|Hypnosis|p2b: Bro Hands\n|-status|p2b: Bro Hands|slp|[from] move: Hypnosis\n|\n|-heal|p1a: Muk|53\/100|[from] item: Leftovers\n|-ability|p1a: Muk|Moody|boost\n|-boost|p1a: Muk|spd|2\n|-unboost|p1a: Muk|atk|1\n|upkeep\n|turn|5\n|\n|t:|1699694381\n|cant|p2b: Bro Hands|slp\n|move|p2a: OranBro|Taunt|p1b: Iron Valiant\n|-start|p1b: Iron Valiant|move: Taunt\n|move|p1a: Muk|Knock Off|p2b: Bro Hands\n|-resisted|p2b: Bro Hands\n|-damage|p2b: Bro Hands|94\/100 slp\n|-enditem|p2b: Bro Hands|Assault Vest|[from] move: Knock Off|[of] p1a: Muk\n|move|p1b: Iron Valiant|Moonblast|p2a: OranBro\n|-damage|p2a: OranBro|18\/100\n|\n|-heal|p1a: Muk|59\/100|[from] item: Leftovers\n|-ability|p1a: Muk|Moody|boost\n|-boost|p1a: Muk|spa|2\n|-unboost|p1a: Muk|def|1\n|upkeep\n|turn|6\n|c|\u2606Magician of mirror|Te sei un figlio di troia scam del casso\n|\n|t:|1699694403\n|cant|p2b: Bro Hands|slp\n|move|p2a: OranBro|Psyshock|p1b: Iron Valiant\n|-supereffective|p1b: Iron Valiant\n|-damage|p1b: Iron Valiant|40\/100\n|move|p1a: Muk|Knock Off|p2b: Bro Hands\n|-resisted|p2b: Bro Hands\n|-damage|p2b: Bro Hands|90\/100 slp\n|move|p1b: Iron Valiant|Moonblast|p2b: Bro Hands\n|-supereffective|p2b: Bro Hands\n|-damage|p2b: Bro Hands|32\/100 slp\n|\n|-heal|p1a: Muk|66\/100|[from] item: Leftovers\n|-end|p1a: Muk|move: Taunt\n|-ability|p1a: Muk|Moody|boost\n|-boost|p1a: Muk|spa|2\n|-unboost|p1a: Muk|def|1\n|upkeep\n|turn|7\n|\n|t:|1699694420\n|move|p1a: Muk|Protect|p1a: Muk\n|-singleturn|p1a: Muk|Protect\n|cant|p2b: Bro Hands|slp\n|move|p2a: OranBro|Psyshock|p1b: Iron Valiant\n|-supereffective|p1b: Iron Valiant\n|-damage|p1b: Iron Valiant|0 fnt\n|faint|p1b: Iron Valiant\n|-end|p1b: Iron Valiant|Quark Drive|[silent]\n|\n|-heal|p1a: Muk|72\/100|[from] item: Leftovers\n|-fieldend|move: Trick Room\n|-ability|p1a: Muk|Moody|boost\n|-boost|p1a: Muk|atk|2\n|-unboost|p1a: Muk|def|1\n|upkeep\n|\n|t:|1699694423\n|switch|p1b: Flamigo|Flamigo, L50, F, shiny|100\/100\n|-copyboost|p1b: Flamigo|p1a: Muk|[from] ability: Costar\n|turn|8\n|\n|t:|1699694431\n|move|p1b: Flamigo|Substitute|p1b: Flamigo\n|-start|p1b: Flamigo|Substitute\n|-damage|p1b: Flamigo|75\/100\n|move|p1a: Muk|Substitute|p1a: Muk\n|-start|p1a: Muk|Substitute\n|-damage|p1a: Muk|47\/100\n|-curestatus|p2b: Bro Hands|slp|[msg]\n|move|p2b: Bro Hands|Wild Charge|p1b: Flamigo|[miss]\n|-miss|p2b: Bro Hands|p1b: Flamigo\n|move|p2a: OranBro|Trick Room|p2a: OranBro\n|-fieldstart|move: Trick Room|[of] p2a: OranBro\n|\n|-heal|p1a: Muk|53\/100|[from] item: Leftovers\n|-ability|p1a: Muk|Moody|boost\n|-boost|p1a: Muk|spe|2\n|-unboost|p1a: Muk|atk|1\n|upkeep\n|turn|9\n|\n|t:|1699694444\n|move|p2b: Bro Hands|Wild Charge|p1b: Flamigo\n|-supereffective|p1b: Flamigo\n|-end|p1b: Flamigo|Substitute\n|-damage|p2b: Bro Hands|27\/100|[from] Recoil|[of] p1b: Flamigo\n|move|p2a: OranBro|Instruct|p2b: Bro Hands\n|-singleturn|p2b: Bro Hands|move: Instruct|[of] p2a: OranBro\n|move|p2b: Bro Hands|Wild Charge|p1b: Flamigo|[miss]\n|-miss|p2b: Bro Hands|p1b: Flamigo\n|move|p1b: Flamigo|Hurricane|p2b: Bro Hands\n|-damage|p2b: Bro Hands|0 fnt\n|faint|p2b: Bro Hands\n|-end|p2b: Bro Hands|Quark Drive|[silent]\n|move|p1a: Muk|Minimize|p1a: Muk\n|-boost|p1a: Muk|evasion|2\n|\n|-heal|p1a: Muk|59\/100|[from] item: Leftovers\n|-ability|p1a: Muk|Moody|boost\n|-boost|p1a: Muk|spa|2\n|-unboost|p1a: Muk|def|1\n|upkeep\n|\n|t:|1699694457\n|switch|p2b: Urshifu|Urshifu-Rapid-Strike, L50, F, tera:Ghost|100\/100\n|turn|10\n|\n|t:|1699694475\n|move|p2a: OranBro|Psyshock|p1b: Flamigo|[miss]\n|-miss|p2a: OranBro|p1b: Flamigo\n|move|p2b: Urshifu|Surging Strikes|p1b: Flamigo\n|-crit|p1b: Flamigo\n|-damage|p1b: Flamigo|36\/100\n|-enditem|p1b: Flamigo|Sitrus Berry|[eat]\n|-heal|p1b: Flamigo|61\/100|[from] item: Sitrus Berry\n|-crit|p1b: Flamigo\n|-damage|p1b: Flamigo|22\/100\n|-crit|p1b: Flamigo\n|-damage|p1b: Flamigo|0 fnt\n|faint|p1b: Flamigo\n|-hitcount|p1: Flamigo|3\n|move|p1a: Muk|Knock Off|p2b: Urshifu\n|-supereffective|p2b: Urshifu\n|-crit|p2b: Urshifu\n|-damage|p2b: Urshifu|0 fnt\n|-enditem|p2b: Urshifu|Choice Scarf|[from] move: Knock Off|[of] p1a: Muk\n|faint|p2b: Urshifu\n|\n|-heal|p1a: Muk|65\/100|[from] item: Leftovers\n|-ability|p1a: Muk|Moody|boost\n|-boost|p1a: Muk|atk|2\n|-unboost|p1a: Muk|spe|1\n|upkeep\n|\n|t:|1699694481\n|switch|p2b: OgerBro|Ogerpon-Hearthflame, L50, F|100\/100\n|-ability|p2b: OgerBro|Mold Breaker\n|turn|11\n|\n|t:|1699694493\n|move|p1a: Muk|Protect|p1a: Muk\n|-singleturn|p1a: Muk|Protect\n|move|p2a: OranBro|Taunt|p1a: Muk\n|-activate|p1a: Muk|move: Protect\n|move|p2b: OgerBro|Ivy Cudgel|p1a: Muk\n|-activate|p1a: Muk|move: Protect\n|\n|-heal|p1a: Muk|71\/100|[from] item: Leftovers\n|-ability|p1a: Muk|Moody|boost\n|-boost|p1a: Muk|def|2\n|-unboost|p1a: Muk|spd|1\n|upkeep\n|turn|12\n|\n|t:|1699694500\n|move|p2a: OranBro|Taunt|p1a: Muk|[miss]\n|-miss|p2a: OranBro|p1a: Muk\n|move|p2b: OgerBro|Ivy Cudgel|p1a: Muk|[miss]\n|-miss|p2b: OgerBro|p1a: Muk\n|move|p1a: Muk|Knock Off|p2b: OgerBro\n|-damage|p2b: OgerBro|67\/100\n|\n|-heal|p1a: Muk|77\/100|[from] item: Leftovers\n|-fieldend|move: Trick Room\n|-ability|p1a: Muk|Moody|boost\n|-boost|p1a: Muk|atk|2\n|-unboost|p1a: Muk|spa|1\n|upkeep\n|turn|13\n|\n|t:|1699694507\n|move|p1a: Muk|Knock Off|p2a: OranBro\n|-supereffective|p2a: OranBro\n|-damage|p2a: OranBro|0 fnt\n|faint|p2a: OranBro\n|move|p2b: OgerBro|Ivy Cudgel|p1a: Muk|[miss]\n|-miss|p2b: OgerBro|p1a: Muk\n|\n|-heal|p1a: Muk|84\/100|[from] item: Leftovers\n|-ability|p1a: Muk|Moody|boost\n|-boost|p1a: Muk|spe|2\n|-unboost|p1a: Muk|spa|1\n|upkeep\n|turn|14\n|\n|t:|1699694512\n|move|p1a: Muk|Knock Off|p2b: OgerBro\n|-damage|p2b: OgerBro|9\/100\n|move|p2b: OgerBro|Ivy Cudgel|p1a: Muk|[miss]\n|-miss|p2b: OgerBro|p1a: Muk\n|\n|-heal|p1a: Muk|90\/100|[from] item: Leftovers\n|-ability|p1a: Muk|Moody|boost\n|-boost|p1a: Muk|spd|2\n|-unboost|p1a: Muk|spe|1\n|upkeep\n|turn|15\n|c|\u2606Magician of mirror|Che schifo\n|c|\u2606Magician of mirror|\ud83e\udd2e\n|\n|t:|1699694525\n|move|p1a: Muk|Knock Off|p2b: OgerBro\n|-damage|p2b: OgerBro|0 fnt\n|faint|p2b: OgerBro\n|\n|win|Pekopekopoke\n|raw|Pekopekopoke's rating: 1303 &rarr; <strong>1318<\/strong><br \/>(+15 for winning)\n|raw|Magician of mirror's rating: 1216 &rarr; <strong>1197<\/strong><br \/>(-19 for losing)\n","uploadtime":1699694275,"views":12,"p1id":"pekopekopoke","p2id":"magicianofmirror","formatid":"gen9vgc2023regulatione","rating":1197,"private":0,"password":""}