{"id":"gen9vgc2023regulatione-1989687569","p1":"BanoVGC","p2":"MosquitoKiller7000","format":"[Gen 9] VGC 2023 Regulation E","log":"|j|\u2606BanoVGC\n|j|\u2606MosquitoKiller7000\n|t:|1699886925\n|gametype|doubles\n|player|p1|BanoVGC|rei|1399\n|player|p2|MosquitoKiller7000|lucas|1456\n|teamsize|p1|6\n|teamsize|p2|6\n|gen|9\n|tier|[Gen 9] VGC 2023 Regulation E\n|rated|\n|rule|Species Clause: Limit one of each Pok\u00e9mon\n|rule|Item Clause: Limit one of each item\n|clearpoke\n|poke|p1|Heatran, L50, M|\n|poke|p1|Urshifu-*, L50, M|\n|poke|p1|Farigiraf, L50, M|\n|poke|p1|Dragonite, L50, F|\n|poke|p1|Chien-Pao, L50|\n|poke|p1|Rillaboom, L50, M|\n|poke|p2|Urshifu-*, L50, M|\n|poke|p2|Iron Hands, L50|\n|poke|p2|Chien-Pao, L50|\n|poke|p2|Arcanine-Hisui, L50, M|\n|poke|p2|Amoonguss, L50, F|\n|poke|p2|Gholdengo, L50|\n|teampreview|4\nBanoVGC has agreed to open team sheets.\nMosquitoKiller7000 rejected open team sheets.\n|c|\u2606BanoVGC|k\n|\n|t:|1699887002\n|start\n|switch|p1a: Dragonite|Dragonite, L50, F|100\/100\n|switch|p1b: Chien-Pao|Chien-Pao, L50|100\/100\n|switch|p2a: Gholdengo|Gholdengo, L50|100\/100\n|switch|p2b: Amoonguss|Amoonguss, L50, F|100\/100\n|-ability|p1b: Chien-Pao|Sword of Ruin\n|turn|1\n|\n|t:|1699887036\n|-terastallize|p2b: Amoonguss|Water\n|move|p1b: Chien-Pao|Protect|p1b: Chien-Pao\n|-singleturn|p1b: Chien-Pao|Protect\n|move|p2b: Amoonguss|Rage Powder|p2b: Amoonguss\n|-singleturn|p2b: Amoonguss|move: Rage Powder\n|move|p1a: Dragonite|Aerial Ace|p2b: Amoonguss\n|-damage|p2b: Amoonguss|54\/100\n|-damage|p1a: Dragonite|84\/100|[from] item: Rocky Helmet|[of] p2b: Amoonguss\n|move|p2a: Gholdengo|Nasty Plot|p2a: Gholdengo\n|-boost|p2a: Gholdengo|spa|2\n|\n|upkeep\n|turn|2\n|\n|t:|1699887072\n|switch|p1b: Heatran|Heatran, L50, M|100\/100\n|switch|p2b: Arcanine|Arcanine-Hisui, L50, M|100\/100\n|-ability|p2b: Arcanine|Intimidate|boost\n|-fail|p1a: Dragonite|unboost|Attack|[from] ability: Inner Focus|[of] p1a: Dragonite\n|-unboost|p1b: Heatran|atk|1\n|move|p2a: Gholdengo|Protect|p2a: Gholdengo\n|-singleturn|p2a: Gholdengo|Protect\n|move|p1a: Dragonite|Aerial Ace|p2b: Arcanine\n|-resisted|p2b: Arcanine\n|-damage|p2b: Arcanine|73\/100\n|\n|upkeep\n|turn|3\n|\n|t:|1699887107\n|switch|p1a: Urshifu|Urshifu-Rapid-Strike, L50, M|100\/100\n|move|p2b: Arcanine|Rock Slide|p1a: Urshifu|[spread] p1a,p1b\n|-resisted|p1a: Urshifu\n|-damage|p1a: Urshifu|79\/100\n|-damage|p1b: Heatran|58\/100\n|move|p2a: Gholdengo|Shadow Ball|p1b: Heatran\n|-damage|p1b: Heatran|5\/100\n|move|p1b: Heatran|Heat Wave|p2a: Gholdengo|[spread] p2a,p2b\n|-supereffective|p2a: Gholdengo\n|-resisted|p2b: Arcanine\n|-damage|p2a: Gholdengo|18\/100\n|-damage|p2b: Arcanine|60\/100\n|-enditem|p2a: Gholdengo|Sitrus Berry|[eat]\n|-heal|p2a: Gholdengo|43\/100|[from] item: Sitrus Berry\n|\n|upkeep\n|turn|4\n|\n|t:|1699887152\n|switch|p2b: Urshifu|Urshifu-Rapid-Strike, L50, M|100\/100\n|switch|p2a: Amoonguss|Amoonguss, L50, F, tera:Water|87\/100\n|switch|p1b: Chien-Pao|Chien-Pao, L50|100\/100\n|-ability|p1b: Chien-Pao|Sword of Ruin\n|move|p1a: Urshifu|Surging Strikes|p2a: Amoonguss\n|-resisted|p2a: Amoonguss\n|-crit|p2a: Amoonguss\n|-damage|p2a: Amoonguss|77\/100\n|-damage|p1a: Urshifu|62\/100|[from] item: Rocky Helmet|[of] p2a: Amoonguss\n|-resisted|p2a: Amoonguss\n|-crit|p2a: Amoonguss\n|-damage|p2a: Amoonguss|68\/100\n|-damage|p1a: Urshifu|46\/100|[from] item: Rocky Helmet|[of] p2a: Amoonguss\n|-resisted|p2a: Amoonguss\n|-crit|p2a: Amoonguss\n|-damage|p2a: Amoonguss|57\/100\n|-damage|p1a: Urshifu|29\/100|[from] item: Rocky Helmet|[of] p2a: Amoonguss\n|-hitcount|p2a: Amoonguss|3\n|\n|upkeep\n|turn|5\n|\n|t:|1699887195\n|switch|p1a: Heatran|Heatran, L50, M|5\/100\n|switch|p2a: Arcanine|Arcanine-Hisui, L50, M|60\/100\n|-ability|p2a: Arcanine|Intimidate|boost\n|-unboost|p1a: Heatran|atk|1\n|-unboost|p1b: Chien-Pao|atk|1\n|move|p2b: Urshifu|Surging Strikes|p1b: Chien-Pao\n|-crit|p1b: Chien-Pao\n|-damage|p1b: Chien-Pao|71\/100\n|-crit|p1b: Chien-Pao\n|-damage|p1b: Chien-Pao|40\/100\n|-crit|p1b: Chien-Pao\n|-damage|p1b: Chien-Pao|11\/100\n|-hitcount|p1b: Chien-Pao|3\n|move|p1b: Chien-Pao|Sacred Sword|p2a: Arcanine\n|-supereffective|p2a: Arcanine\n|-damage|p2a: Arcanine|0 fnt\n|faint|p2a: Arcanine\n|\n|upkeep\n|\n|t:|1699887223\n|switch|p2a: Amoonguss|Amoonguss, L50, F, tera:Water|90\/100\n|turn|6\n|\n|t:|1699887258\n|switch|p1b: Dragonite|Dragonite, L50, F|84\/100\n|move|p2b: Urshifu|Surging Strikes|p1a: Heatran\n|-supereffective|p1a: Heatran\n|-crit|p1a: Heatran\n|-damage|p1a: Heatran|0 fnt\n|faint|p1a: Heatran\n|-hitcount|p1: Heatran|1\n|move|p2a: Amoonguss|Spore|p1b: Dragonite\n|-status|p1b: Dragonite|slp|[from] move: Spore\n|\n|upkeep\n|\n|t:|1699887270\n|switch|p1a: Chien-Pao|Chien-Pao, L50|11\/100\n|-ability|p1a: Chien-Pao|Sword of Ruin\n|turn|7\n|j| CleverCamel\n|\n|t:|1699887290\n|switch|p2a: Gholdengo|Gholdengo, L50|43\/100\n|cant|p1b: Dragonite|slp\n|move|p1a: Chien-Pao|Sucker Punch||[still]\n|-fail|p1a: Chien-Pao\n|move|p2b: Urshifu|Surging Strikes|p1a: Chien-Pao\n|-crit|p1a: Chien-Pao\n|-damage|p1a: Chien-Pao|0 fnt\n|faint|p1a: Chien-Pao\n|-hitcount|p1: Chien-Pao|1\n|\n|upkeep\n|\n|t:|1699887295\n|switch|p1a: Urshifu|Urshifu-Rapid-Strike, L50, M|29\/100\n|turn|8\n|\n|t:|1699887386\n|switch|p2a: Amoonguss|Amoonguss, L50, F, tera:Water|100\/100\n|move|p1a: Urshifu|Close Combat|p2a: Amoonguss\n|-damage|p2a: Amoonguss|58\/100\n|-unboost|p1a: Urshifu|def|1\n|-unboost|p1a: Urshifu|spd|1\n|-damage|p1a: Urshifu|13\/100|[from] item: Rocky Helmet|[of] p2a: Amoonguss\n|move|p2b: Urshifu|Surging Strikes|p1a: Urshifu\n|-resisted|p1a: Urshifu\n|-crit|p1a: Urshifu\n|-damage|p1a: Urshifu|0 fnt\n|faint|p1a: Urshifu\n|-hitcount|p1: Urshifu|1\n|cant|p1b: Dragonite|slp\n|\n|upkeep\n|turn|9\n|inactive|Battle timer is ON: inactive players will automatically lose when time's up. (requested by MosquitoKiller7000)\n|\n|t:|1699887418\n|switch|p2b: Gholdengo|Gholdengo, L50|43\/100\n|-curestatus|p1b: Dragonite|slp|[msg]\n|move|p1b: Dragonite|Outrage|p2b: Gholdengo\n|-resisted|p2b: Gholdengo\n|-damage|p2b: Gholdengo|0 fnt\n|faint|p2b: Gholdengo\n|move|p2a: Amoonguss|Spore|p1b: Dragonite\n|-status|p1b: Dragonite|slp|[from] move: Spore\n|\n|upkeep\n|\n|t:|1699887428\n|switch|p2b: Urshifu|Urshifu-Rapid-Strike, L50, M|100\/100\n|turn|10\n|\n|t:|1699887436\n|move|p2b: Urshifu|Surging Strikes|p1b: Dragonite\n|-resisted|p1b: Dragonite\n|-crit|p1b: Dragonite\n|-damage|p1b: Dragonite|72\/100 slp\n|-resisted|p1b: Dragonite\n|-crit|p1b: Dragonite\n|-damage|p1b: Dragonite|62\/100 slp\n|-resisted|p1b: Dragonite\n|-crit|p1b: Dragonite\n|-damage|p1b: Dragonite|51\/100 slp\n|-hitcount|p1b: Dragonite|3\n|cant|p1b: Dragonite|slp\n|move|p2a: Amoonguss|Pollen Puff|p1b: Dragonite\n|-resisted|p1b: Dragonite\n|-damage|p1b: Dragonite|43\/100 slp\n|\n|upkeep\n|turn|11\n|\n|t:|1699887455\n|move|p2a: Amoonguss|Rage Powder|p2a: Amoonguss\n|-singleturn|p2a: Amoonguss|move: Rage Powder\n|move|p2b: Urshifu|Surging Strikes|p1b: Dragonite\n|-resisted|p1b: Dragonite\n|-crit|p1b: Dragonite\n|-damage|p1b: Dragonite|31\/100 slp\n|-resisted|p1b: Dragonite\n|-crit|p1b: Dragonite\n|-damage|p1b: Dragonite|20\/100 slp\n|-resisted|p1b: Dragonite\n|-crit|p1b: Dragonite\n|-damage|p1b: Dragonite|8\/100 slp\n|-hitcount|p1b: Dragonite|3\n|-curestatus|p1b: Dragonite|slp|[msg]\n|move|p1b: Dragonite|Outrage|p2a: Amoonguss\n|-crit|p2a: Amoonguss\n|-damage|p2a: Amoonguss|0 fnt\n|-damage|p1b: Dragonite|0 fnt|[from] item: Rocky Helmet|[of] p2a: Amoonguss\n|faint|p2a: Amoonguss\n|faint|p1b: Dragonite\n|\n|win|MosquitoKiller7000\n|raw|BanoVGC's rating: 1399 &rarr; <strong>1382<\/strong><br \/>(-17 for losing)\n|raw|MosquitoKiller7000's rating: 1456 &rarr; <strong>1473<\/strong><br \/>(+17 for winning)\n","uploadtime":1699887490,"views":29,"p1id":"banovgc","p2id":"mosquitokiller7000","formatid":"gen9vgc2023regulatione","rating":1382,"private":0,"password":""}