{"id":"gen9vgc2023regulatione-2000194519","p1":"Barbinss","p2":"xingshen","format":"[Gen 9] VGC 2023 Regulation E","log":"|j|\u2606Barbinss\n|j|\u2606xingshen\n|t:|1701170353\n|gametype|doubles\n|player|p1|Barbinss|170|1264\n|player|p2|xingshen|101|1330\n|teamsize|p1|6\n|teamsize|p2|6\n|gen|9\n|tier|[Gen 9] VGC 2023 Regulation E\n|rated|\n|rule|Species Clause: Limit one of each Pok\u00e9mon\n|rule|Item Clause: Limit one of each item\n|clearpoke\n|poke|p1|Urshifu-*, L50, M|\n|poke|p1|Ninetales-Alola, L50, M|\n|poke|p1|Volcarona, L50, M|\n|poke|p1|Chien-Pao, L50|\n|poke|p1|Dragonite, L50, M|\n|poke|p1|Rillaboom, L50, F|\n|poke|p2|Indeedee-F, L50, F|\n|poke|p2|Sneasler, L50, F|\n|poke|p2|Salamence, L50, M|\n|poke|p2|Gholdengo, L50|\n|poke|p2|Ogerpon-Wellspring, L50, F|\n|poke|p2|Urshifu-*, L50, M|\n|teampreview|4\nBarbinss rejected open team sheets.\n|inactive|Battle timer is ON: inactive players will automatically lose when time's up. (requested by Barbinss)\n|\n|t:|1701170384\n|start\n|switch|p1a: Ninetales|Ninetales-Alola, L50, M|100\/100\n|switch|p1b: Volcarona|Volcarona, L50, M|100\/100\n|switch|p2a: Indeedee|Indeedee-F, L50, F|100\/100\n|switch|p2b: Sneasler|Sneasler, L50, F|100\/100\n|-weather|Snow|[from] ability: Snow Warning|[of] p1a: Ninetales\n|-fieldstart|move: Psychic Terrain|[from] ability: Psychic Surge|[of] p2a: Indeedee\n|-enditem|p2b: Sneasler|Psychic Seed\n|-boost|p2b: Sneasler|spd|1|[from] item: Psychic Seed\n|turn|1\n|inactive|xingshen has 30 seconds left.\n|\n|t:|1701170418\n|-terastallize|p1a: Ninetales|Ghost\n|move|p2a: Indeedee|Helping Hand|p2b: Sneasler\n|-singleturn|p2b: Sneasler|Helping Hand|[of] p2a: Indeedee\n|move|p2b: Sneasler|Dire Claw|p1a: Ninetales\n|-resisted|p1a: Ninetales\n|-damage|p1a: Ninetales|59\/100\n|-status|p1a: Ninetales|psn\n|move|p1a: Ninetales|Aurora Veil|p1a: Ninetales\n|-sidestart|p1: Barbinss|move: Aurora Veil\n|move|p1b: Volcarona|Quiver Dance|p1b: Volcarona\n|-boost|p1b: Volcarona|spa|1\n|-boost|p1b: Volcarona|spd|1\n|-boost|p1b: Volcarona|spe|1\n|\n|-weather|Snow|[upkeep]\n|-damage|p1a: Ninetales|46\/100 psn|[from] psn\n|upkeep\n|turn|2\n|\n|t:|1701170438\n|move|p2a: Indeedee|Follow Me|p2a: Indeedee\n|-singleturn|p2a: Indeedee|move: Follow Me\n|move|p2b: Sneasler|Acrobatics|p1b: Volcarona\n|-supereffective|p1b: Volcarona\n|-damage|p1b: Volcarona|33\/100\n|-enditem|p1b: Volcarona|Sitrus Berry|[eat]\n|-heal|p1b: Volcarona|58\/100|[from] item: Sitrus Berry\n|move|p1b: Volcarona|Heat Wave|p2b: Sneasler|[spread] p2a,p2b\n|-damage|p2a: Indeedee|54\/100\n|-damage|p2b: Sneasler|52\/100\n|move|p1a: Ninetales|Blizzard|p2b: Sneasler|[spread] p2a,p2b\n|-damage|p2a: Indeedee|30\/100\n|-damage|p2b: Sneasler|34\/100\n|\n|-weather|Snow|[upkeep]\n|-damage|p1a: Ninetales|34\/100 psn|[from] psn\n|upkeep\n|turn|3\n|\n|t:|1701170459\n|move|p2a: Indeedee|Helping Hand|p2b: Sneasler\n|-singleturn|p2b: Sneasler|Helping Hand|[of] p2a: Indeedee\n|move|p1b: Volcarona|Protect|p1b: Volcarona\n|-singleturn|p1b: Volcarona|Protect\n|move|p2b: Sneasler|Acrobatics|p1b: Volcarona\n|-activate|p1b: Volcarona|move: Protect\n|move|p1a: Ninetales|Blizzard|p2b: Sneasler|[spread] p2a,p2b\n|-crit|p2a: Indeedee\n|-damage|p2a: Indeedee|0 fnt\n|-damage|p2b: Sneasler|14\/100\n|faint|p2a: Indeedee\n|\n|-weather|Snow|[upkeep]\n|-damage|p1a: Ninetales|21\/100 psn|[from] psn\n|upkeep\n|\n|t:|1701170476\n|switch|p2a: Ogerpon|Ogerpon-Wellspring, L50, F|100\/100\n|turn|4\n|\n|t:|1701170491\n|move|p2a: Ogerpon|Spiky Shield|p2a: Ogerpon\n|-singleturn|p2a: Ogerpon|move: Protect\n|move|p2b: Sneasler|Acrobatics|p1b: Volcarona\n|-supereffective|p1b: Volcarona\n|-damage|p1b: Volcarona|0 fnt\n|faint|p1b: Volcarona\n|move|p1a: Ninetales|Blizzard|p2a: Ogerpon|[spread] p2b\n|-activate|p2a: Ogerpon|move: Protect\n|-damage|p2b: Sneasler|0 fnt\n|faint|p2b: Sneasler\n|\n|-weather|Snow|[upkeep]\n|-damage|p1a: Ninetales|9\/100 psn|[from] psn\n|upkeep\n|\n|t:|1701170507\n|switch|p2b: Salamence|Salamence, L50, M|100\/100\n|switch|p1b: Dragonite|Dragonite, L50, M|100\/100\n|-ability|p2b: Salamence|Intimidate|boost\n|-unboost|p1a: Ninetales|atk|1\n|-unboost|p1b: Dragonite|atk|1\n|turn|5\n|inactive|xingshen has 30 seconds left.\n|inactive|xingshen has 20 seconds left.\n|\n|t:|1701170543\n|-terastallize|p2b: Salamence|Steel\n|move|p1a: Ninetales|Blizzard|p2b: Salamence|[spread] p2a,p2b\n|-resisted|p2b: Salamence\n|-damage|p2a: Ogerpon|76\/100\n|-damage|p2b: Salamence|86\/100\n|move|p2b: Salamence|Tailwind|p2b: Salamence\n|-sidestart|p2: xingshen|move: Tailwind\n|move|p2a: Ogerpon|Ivy Cudgel|p1a: Ninetales|[anim] Ivy Cudgel Water\n|-damage|p1a: Ninetales|0 fnt\n|faint|p1a: Ninetales\n|move|p1b: Dragonite|Outrage|p2a: Ogerpon\n|-damage|p2a: Ogerpon|7\/100\n|\n|-weather|none\n|-fieldend|move: Psychic Terrain\n|upkeep\n|\n|t:|1701170558\n|switch|p1a: Rillaboom|Rillaboom, L50, F|100\/100\n|-fieldstart|move: Grassy Terrain|[from] ability: Grassy Surge|[of] p1a: Rillaboom\n|turn|6\n|\n|t:|1701170572\n|move|p2a: Ogerpon|Spiky Shield|p2a: Ogerpon\n|-singleturn|p2a: Ogerpon|move: Protect\n|move|p1a: Rillaboom|Fake Out|p2a: Ogerpon\n|-activate|p2a: Ogerpon|move: Protect\n|-damage|p1a: Rillaboom|88\/100|[from] Spiky Shield|[of] p2a: Ogerpon\n|move|p2b: Salamence|Air Slash|p1a: Rillaboom\n|-supereffective|p1a: Rillaboom\n|-damage|p1a: Rillaboom|61\/100\n|move|p1b: Dragonite|Outrage|p2a: Ogerpon|[from]lockedmove\n|-activate|p2a: Ogerpon|move: Protect\n|-damage|p1b: Dragonite|88\/100|[from] Spiky Shield|[of] p2a: Ogerpon\n|\n|-heal|p2b: Salamence|92\/100|[from] Grassy Terrain\n|-heal|p2a: Ogerpon|13\/100|[from] Grassy Terrain\n|-heal|p1a: Rillaboom|67\/100|[from] Grassy Terrain\n|upkeep\n|turn|7\n|inactive|xingshen has 30 seconds left.\n|\n|t:|1701170607\n|move|p1a: Rillaboom|Grassy Glide|p2a: Ogerpon\n|-damage|p2a: Ogerpon|0 fnt\n|faint|p2a: Ogerpon\n|move|p2b: Salamence|Draco Meteor|p1b: Dragonite\n|-supereffective|p1b: Dragonite\n|-damage|p1b: Dragonite|23\/100\n|-unboost|p2b: Salamence|spa|2\n|move|p1b: Dragonite|Outrage|p2b: Salamence\n|-resisted|p2b: Salamence\n|-damage|p2b: Salamence|55\/100\n|-damage|p1b: Dragonite|7\/100|[from] item: Rocky Helmet|[of] p2b: Salamence\n|\n|-heal|p2b: Salamence|61\/100|[from] Grassy Terrain\n|-heal|p1a: Rillaboom|73\/100|[from] Grassy Terrain\n|upkeep\n|turn|8\n|inactive|Barbinss has 30 seconds left.\n|\n|t:|1701170633\n|move|p2b: Salamence|Air Slash|p1a: Rillaboom\n|-supereffective|p1a: Rillaboom\n|-damage|p1a: Rillaboom|58\/100\n|move|p1b: Dragonite|Outrage|p2b: Salamence|[from]lockedmove\n|-resisted|p2b: Salamence\n|-damage|p2b: Salamence|22\/100\n|-damage|p1b: Dragonite|0 fnt|[from] item: Rocky Helmet|[of] p2b: Salamence\n|faint|p1b: Dragonite\n|move|p1a: Rillaboom|High Horsepower|p2b: Salamence|[miss]\n|-miss|p1a: Rillaboom|p2b: Salamence\n|\n|-heal|p2b: Salamence|28\/100|[from] Grassy Terrain\n|-heal|p1a: Rillaboom|63\/100|[from] Grassy Terrain\n|-sideend|p2: xingshen|move: Tailwind\n|-sideend|p1: Barbinss|move: Aurora Veil\n|upkeep\n|turn|9\n|\n|t:|1701170651\n|move|p2b: Salamence|Air Slash|p1a: Rillaboom\n|-supereffective|p1a: Rillaboom\n|-damage|p1a: Rillaboom|42\/100\n|cant|p1a: Rillaboom|flinch\n|\n|-heal|p2b: Salamence|34\/100|[from] Grassy Terrain\n|-heal|p1a: Rillaboom|48\/100|[from] Grassy Terrain\n|upkeep\n|turn|10\n|c|\u2606Barbinss|flinch and miss omg\n|\n|t:|1701170664\n|move|p2b: Salamence|Air Slash|p1a: Rillaboom\n|-supereffective|p1a: Rillaboom\n|-damage|p1a: Rillaboom|27\/100\n|cant|p1a: Rillaboom|flinch\n|\n|-heal|p2b: Salamence|40\/100|[from] Grassy Terrain\n|-heal|p1a: Rillaboom|32\/100|[from] Grassy Terrain\n|-fieldend|move: Grassy Terrain\n|upkeep\n|turn|11\n|c|\u2606Barbinss|lucky af\n|c|\u2606Barbinss|OMG DOUBLE FLINCH\n|\n|t:|1701170679\n|move|p2b: Salamence|Air Slash|p1a: Rillaboom\n|-supereffective|p1a: Rillaboom\n|-damage|p1a: Rillaboom|12\/100\n|cant|p1a: Rillaboom|flinch\n|\n|upkeep\n|turn|12\n|c|\u2606Barbinss|triple flinch\n|c|\u2606Barbinss|die\n|\n|t:|1701170690\n|move|p2b: Salamence|Air Slash|p1a: Rillaboom\n|-supereffective|p1a: Rillaboom\n|-damage|p1a: Rillaboom|0 fnt\n|faint|p1a: Rillaboom\n|\n|win|xingshen\n|raw|Barbinss's rating: 1264 &rarr; <strong>1244<\/strong><br \/>(-20 for losing)\n|raw|xingshen's rating: 1330 &rarr; <strong>1346<\/strong><br \/>(+16 for winning)\n|l|\u2606Barbinss\n","uploadtime":1701170700,"views":4,"p1id":"barbinss","p2id":"xingshen","formatid":"gen9vgc2023regulatione","rating":1244,"private":0,"password":""}