{"id":"gen9vgc2023regulatione-1995890694","p1":"Zap-n-Tap","p2":"Gmoltres fun guy","format":"[Gen 9] VGC 2023 Regulation E","log":"|j|\u2606Zap-n-Tap\n|j|\u2606Gmoltres fun guy\n|t:|1700614123\n|gametype|doubles\n|player|p1|Zap-n-Tap|scientist-gen4dp|1430\n|player|p2|Gmoltres fun guy|2|1455\n|teamsize|p1|6\n|teamsize|p2|6\n|gen|9\n|tier|[Gen 9] VGC 2023 Regulation E\n|rated|\n|rule|Species Clause: Limit one of each Pok\u00e9mon\n|rule|Item Clause: Limit one of each item\n|clearpoke\n|poke|p1|Regieleki, L50|\n|poke|p1|Kingambit, L50, F|\n|poke|p1|Rillaboom, L50, M|\n|poke|p1|Arcanine-Hisui, L50, M|\n|poke|p1|Milotic, L50, M|\n|poke|p1|Farigiraf, L50, M|\n|poke|p2|Moltres-Galar, L50|\n|poke|p2|Tauros-Paldea-Aqua, L50, M|\n|poke|p2|Rillaboom, L50, F|\n|poke|p2|Arcanine-Hisui, L50, M|\n|poke|p2|Ninetales-Alola, L50, F|\n|poke|p2|Sinistcha, L50|\n|teampreview|4\n|\n|t:|1700614153\n|start\n|switch|p1a: Tacocat|Farigiraf, L50, M|100\/100\n|switch|p1b: Tristan|Milotic, L50, M|100\/100\n|switch|p2a: Moltres|Moltres-Galar, L50|100\/100\n|switch|p2b: Rillaboom|Rillaboom, L50, F|100\/100\n|-fieldstart|move: Grassy Terrain|[from] ability: Grassy Surge|[of] p2b: Rillaboom\n|turn|1\n|\n|t:|1700614172\n|-terastallize|p1b: Tristan|Dragon\n|move|p2a: Moltres|Fiery Wrath|p1a: Tacocat|[spread] p1a,p1b\n|-supereffective|p1a: Tacocat\n|-damage|p1a: Tacocat|34\/100\n|-damage|p1b: Tristan|79\/100\n|move|p1b: Tristan|Coil|p1b: Tristan\n|-boost|p1b: Tristan|atk|1\n|-boost|p1b: Tristan|def|1\n|-boost|p1b: Tristan|accuracy|1\n|move|p2b: Rillaboom|U-turn|p1a: Tacocat\n|-supereffective|p1a: Tacocat\n|-damage|p1a: Tacocat|0 fnt\n|faint|p1a: Tacocat\n|\n|t:|1700614187\n|switch|p2b: Ninetales|Ninetales-Alola, L50, F|100\/100|[from] U-turn\n|-weather|Snow|[from] ability: Snow Warning|[of] p2b: Ninetales\n|\n|-weather|Snow|[upkeep]\n|-heal|p1b: Tristan|85\/100|[from] Grassy Terrain\n|-heal|p1b: Tristan|91\/100|[from] item: Leftovers\n|upkeep\n|\n|t:|1700614192\n|switch|p1a: Archer|Arcanine-Hisui, L50, M, shiny|100\/100\n|-ability|p1a: Archer|Intimidate|boost\n|-unboost|p2a: Moltres|atk|1\n|-unboost|p2b: Ninetales|atk|1\n|turn|2\n|\n|t:|1700614216\n|-terastallize|p2a: Moltres|Poison\n|move|p2b: Ninetales|Blizzard|p1a: Archer|[spread] p1a,p1b\n|-resisted|p1a: Archer\n|-supereffective|p1b: Tristan\n|-damage|p1a: Archer|85\/100\n|-damage|p1b: Tristan|53\/100\n|move|p1a: Archer|Rock Slide|p2b: Ninetales|[spread] p2a,p2b\n|-supereffective|p2b: Ninetales\n|-damage|p2a: Moltres|61\/100\n|-damage|p2b: Ninetales|27\/100\n|move|p2a: Moltres|Fiery Wrath|p1b: Tristan|[spread] p1a,p1b\n|-damage|p1a: Archer|47\/100\n|-damage|p1b: Tristan|32\/100\n|move|p1b: Tristan|Hydro Pump|p2a: Moltres\n|-crit|p2a: Moltres\n|-damage|p2a: Moltres|11\/100\n|-ability|p2a: Moltres|Berserk|boost\n|-boost|p2a: Moltres|spa|1\n|-enditem|p2a: Moltres|Sitrus Berry|[eat]\n|-heal|p2a: Moltres|36\/100|[from] item: Sitrus Berry\n|\n|-weather|Snow|[upkeep]\n|-heal|p2b: Ninetales|33\/100|[from] Grassy Terrain\n|-heal|p1a: Archer|53\/100|[from] Grassy Terrain\n|-heal|p2a: Moltres|43\/100|[from] Grassy Terrain\n|-heal|p1b: Tristan|38\/100|[from] Grassy Terrain\n|-heal|p1b: Tristan|44\/100|[from] item: Leftovers\n|upkeep\n|turn|3\n|\n|t:|1700614243\n|move|p1b: Tristan|Protect|p1b: Tristan\n|-singleturn|p1b: Tristan|Protect\n|move|p2b: Ninetales|Aurora Veil|p2b: Ninetales\n|-sidestart|p2: Gmoltres fun guy|move: Aurora Veil\n|move|p1a: Archer|Rock Slide|p2a: Moltres|[spread] p2a,p2b\n|-supereffective|p2b: Ninetales\n|-damage|p2a: Moltres|16\/100\n|-damage|p2b: Ninetales|0 fnt\n|faint|p2b: Ninetales\n|move|p2a: Moltres|Fiery Wrath|p1a: Archer|[spread] p1a\n|-activate|p1b: Tristan|move: Protect\n|-damage|p1a: Archer|6\/100\n|\n|-weather|Snow|[upkeep]\n|-heal|p1a: Archer|12\/100|[from] Grassy Terrain\n|-heal|p2a: Moltres|22\/100|[from] Grassy Terrain\n|-heal|p1b: Tristan|50\/100|[from] Grassy Terrain\n|-heal|p1b: Tristan|57\/100|[from] item: Leftovers\n|upkeep\n|j| darkrinorex\n|\n|t:|1700614264\n|switch|p2b: Sinistcha|Sinistcha, L50|100\/100\n|-heal|p2a: Moltres|47\/100|[from] ability: Hospitality|[of] p2b: Sinistcha\n|turn|4\n|\n|t:|1700614275\n|move|p2b: Sinistcha|Rage Powder|p2b: Sinistcha\n|-singleturn|p2b: Sinistcha|move: Rage Powder\n|move|p1a: Archer|Rock Slide|p2a: Moltres|[spread] p2a,p2b\n|-damage|p2a: Moltres|23\/100\n|-damage|p2b: Sinistcha|72\/100\n|move|p2a: Moltres|Fiery Wrath|p1a: Archer|[spread] p1a,p1b\n|-damage|p1a: Archer|0 fnt\n|-damage|p1b: Tristan|22\/100\n|faint|p1a: Archer\n|move|p1b: Tristan|Blizzard|p2b: Sinistcha|[spread] p2a,p2b\n|-supereffective|p2b: Sinistcha\n|-damage|p2a: Moltres|12\/100\n|-damage|p2b: Sinistcha|38\/100\n|\n|-weather|Snow|[upkeep]\n|-heal|p2a: Moltres|18\/100|[from] Grassy Terrain\n|-heal|p1b: Tristan|29\/100|[from] Grassy Terrain\n|-heal|p1b: Tristan|35\/100|[from] item: Leftovers\n|-heal|p2b: Sinistcha|44\/100|[from] Grassy Terrain\n|upkeep\n|\n|t:|1700614286\n|switch|p1a: Oringotan|Rillaboom, L50, M|100\/100\n|turn|5\n|\n|t:|1700614304\n|move|p2a: Moltres|Protect|p2a: Moltres\n|-singleturn|p2a: Moltres|Protect\n|move|p1a: Oringotan|Fake Out|p2a: Moltres\n|-activate|p2a: Moltres|move: Protect\n|move|p1b: Tristan|Blizzard|p2b: Sinistcha|[spread] p2b\n|-activate|p2a: Moltres|move: Protect\n|-supereffective|p2b: Sinistcha\n|-damage|p2b: Sinistcha|10\/100\n|move|p2b: Sinistcha|Strength Sap|p1a: Oringotan\n|-unboost|p1a: Oringotan|atk|1\n|-heal|p2b: Sinistcha|100\/100\n|\n|-weather|none\n|-heal|p2a: Moltres|24\/100|[from] Grassy Terrain\n|-heal|p1b: Tristan|41\/100|[from] Grassy Terrain\n|-heal|p1b: Tristan|47\/100|[from] item: Leftovers\n|-fieldend|move: Grassy Terrain\n|upkeep\n|turn|6\n|\n|t:|1700614328\n|move|p1a: Oringotan|High Horsepower|p2a: Moltres\n|-supereffective|p2a: Moltres\n|-damage|p2a: Moltres|0 fnt\n|faint|p2a: Moltres\n|move|p1b: Tristan|Blizzard|p2b: Sinistcha\n|-supereffective|p2b: Sinistcha\n|-damage|p2b: Sinistcha|54\/100\n|-status|p2b: Sinistcha|frz\n|-curestatus|p2b: Sinistcha|frz|[from] move: Matcha Gotcha\n|move|p2b: Sinistcha|Matcha Gotcha|p1a: Oringotan|[spread] p1a,p1b\n|-resisted|p1a: Oringotan\n|-resisted|p1b: Tristan\n|-damage|p1a: Oringotan|87\/100\n|-heal|p2b: Sinistcha|61\/100|[from] drain|[of] p1a: Oringotan\n|-damage|p1b: Tristan|35\/100\n|-heal|p2b: Sinistcha|68\/100|[from] drain|[of] p1b: Tristan\n|\n|-heal|p1b: Tristan|41\/100|[from] item: Leftovers\n|upkeep\n|\n|t:|1700614331\n|switch|p2a: Rillaboom|Rillaboom, L50, F|100\/100\n|-fieldstart|move: Grassy Terrain|[from] ability: Grassy Surge|[of] p2a: Rillaboom\n|turn|7\n|\n|t:|1700614360\n|move|p1b: Tristan|Protect|p1b: Tristan\n|-singleturn|p1b: Tristan|Protect\n|move|p1a: Oringotan|Wood Hammer|p2a: Rillaboom\n|-resisted|p2a: Rillaboom\n|-damage|p2a: Rillaboom|83\/100\n|-damage|p1a: Oringotan|81\/100|[from] Recoil\n|move|p2a: Rillaboom|High Horsepower|p1b: Tristan\n|-activate|p1b: Tristan|move: Protect\n|move|p2b: Sinistcha|Matcha Gotcha|p1a: Oringotan|[spread] p1a\n|-activate|p1b: Tristan|move: Protect\n|-resisted|p1a: Oringotan\n|-damage|p1a: Oringotan|64\/100\n|-heal|p2b: Sinistcha|78\/100|[from] drain|[of] p1a: Oringotan\n|\n|-heal|p1a: Oringotan|70\/100|[from] Grassy Terrain\n|-heal|p1b: Tristan|47\/100|[from] Grassy Terrain\n|-heal|p1b: Tristan|54\/100|[from] item: Leftovers\n|-heal|p2a: Rillaboom|88\/100|[from] Grassy Terrain\n|-heal|p2b: Sinistcha|84\/100|[from] Grassy Terrain\n|upkeep\n|turn|8\n|\n|t:|1700614378\n|move|p1a: Oringotan|Wood Hammer|p2b: Sinistcha\n|-resisted|p2b: Sinistcha\n|-damage|p2b: Sinistcha|68\/100\n|-damage|p1a: Oringotan|53\/100|[from] item: Rocky Helmet|[of] p2b: Sinistcha\n|-damage|p1a: Oringotan|48\/100|[from] Recoil\n|move|p1b: Tristan|Coil|p1b: Tristan\n|-boost|p1b: Tristan|atk|1\n|-boost|p1b: Tristan|def|1\n|-boost|p1b: Tristan|accuracy|1\n|move|p2a: Rillaboom|High Horsepower|p1b: Tristan\n|-damage|p1b: Tristan|37\/100\n|move|p2b: Sinistcha|Matcha Gotcha|p1a: Oringotan|[spread] p1a,p1b\n|-resisted|p1a: Oringotan\n|-resisted|p1b: Tristan\n|-damage|p1a: Oringotan|32\/100\n|-heal|p2b: Sinistcha|77\/100|[from] drain|[of] p1a: Oringotan\n|-damage|p1b: Tristan|21\/100\n|-heal|p2b: Sinistcha|86\/100|[from] drain|[of] p1b: Tristan\n|\n|-heal|p1a: Oringotan|38\/100|[from] Grassy Terrain\n|-heal|p1b: Tristan|27\/100|[from] Grassy Terrain\n|-heal|p1b: Tristan|33\/100|[from] item: Leftovers\n|-heal|p2a: Rillaboom|94\/100|[from] Grassy Terrain\n|-heal|p2b: Sinistcha|93\/100|[from] Grassy Terrain\n|upkeep\n|turn|9\n|\n|t:|1700614419\n|move|p1b: Tristan|Protect|p1b: Tristan\n|-singleturn|p1b: Tristan|Protect\n|move|p1a: Oringotan|Wood Hammer|p2a: Rillaboom\n|-resisted|p2a: Rillaboom\n|-damage|p2a: Rillaboom|77\/100\n|-damage|p1a: Oringotan|32\/100|[from] Recoil\n|move|p2a: Rillaboom|U-turn|p1a: Oringotan\n|-supereffective|p1a: Oringotan\n|-damage|p1a: Oringotan|0 fnt\n|faint|p1a: Oringotan\n|move|p2b: Sinistcha|Matcha Gotcha|p1b: Tristan\n|-activate|p1b: Tristan|move: Protect\n|\n|-heal|p1b: Tristan|40\/100|[from] Grassy Terrain\n|-heal|p1b: Tristan|46\/100|[from] item: Leftovers\n|-heal|p2a: Rillaboom|83\/100|[from] Grassy Terrain\n|-heal|p2b: Sinistcha|99\/100|[from] Grassy Terrain\n|upkeep\n|turn|10\n|\n|t:|1700614431\n|move|p1b: Tristan|Blizzard|p2a: Rillaboom|[spread] p2a,p2b\n|-supereffective|p2a: Rillaboom\n|-supereffective|p2b: Sinistcha\n|-damage|p2a: Rillaboom|52\/100\n|-damage|p2b: Sinistcha|66\/100\n|move|p2a: Rillaboom|High Horsepower|p1b: Tristan\n|-damage|p1b: Tristan|31\/100\n|move|p2b: Sinistcha|Matcha Gotcha|p1b: Tristan\n|-resisted|p1b: Tristan\n|-damage|p1b: Tristan|9\/100\n|-heal|p2b: Sinistcha|77\/100|[from] drain|[of] p1b: Tristan\n|\n|-heal|p1b: Tristan|16\/100|[from] Grassy Terrain\n|-heal|p1b: Tristan|22\/100|[from] item: Leftovers\n|-heal|p2a: Rillaboom|58\/100|[from] Grassy Terrain\n|-heal|p2b: Sinistcha|84\/100|[from] Grassy Terrain\n|-sideend|p2: Gmoltres fun guy|move: Aurora Veil\n|upkeep\n|turn|11\n|inactive|Battle timer is ON: inactive players will automatically lose when time's up. (requested by Gmoltres fun guy)\n|\n|t:|1700614446\n|move|p1b: Tristan|Protect|p1b: Tristan\n|-singleturn|p1b: Tristan|Protect\n|move|p2a: Rillaboom|Grassy Glide|p1b: Tristan\n|-activate|p1b: Tristan|move: Protect\n|move|p2b: Sinistcha|Matcha Gotcha|p1b: Tristan\n|-activate|p1b: Tristan|move: Protect\n|\n|-heal|p1b: Tristan|28\/100|[from] Grassy Terrain\n|-heal|p1b: Tristan|34\/100|[from] item: Leftovers\n|-heal|p2a: Rillaboom|64\/100|[from] Grassy Terrain\n|-heal|p2b: Sinistcha|90\/100|[from] Grassy Terrain\n|-fieldend|move: Grassy Terrain\n|upkeep\n|turn|12\n|\n|t:|1700614453\n|move|p1b: Tristan|Blizzard|p2b: Sinistcha|[spread] p2a,p2b\n|-supereffective|p2a: Rillaboom\n|-supereffective|p2b: Sinistcha\n|-damage|p2a: Rillaboom|20\/100\n|-damage|p2b: Sinistcha|40\/100\n|move|p2a: Rillaboom|High Horsepower|p1b: Tristan\n|-damage|p1b: Tristan|18\/100\n|move|p2b: Sinistcha|Matcha Gotcha|p1b: Tristan\n|-resisted|p1b: Tristan\n|-damage|p1b: Tristan|1\/100\n|-heal|p2b: Sinistcha|50\/100|[from] drain|[of] p1b: Tristan\n|-status|p1b: Tristan|brn\n|\n|-heal|p1b: Tristan|7\/100 brn|[from] item: Leftovers\n|-damage|p1b: Tristan|1\/100 brn|[from] brn\n|upkeep\n|turn|13\n|\n|t:|1700614463\n|move|p1b: Tristan|Blizzard|p2a: Rillaboom|[spread] p2a,p2b\n|-supereffective|p2a: Rillaboom\n|-supereffective|p2b: Sinistcha\n|-damage|p2a: Rillaboom|0 fnt\n|-damage|p2b: Sinistcha|0 fnt\n|faint|p2a: Rillaboom\n|faint|p2b: Sinistcha\n|\n|win|Zap-n-Tap\n|raw|Zap-n-Tap's rating: 1430 &rarr; <strong>1451<\/strong><br \/>(+21 for winning)\n|raw|Gmoltres fun guy's rating: 1455 &rarr; <strong>1434<\/strong><br \/>(-21 for losing)\n|c|\u2606Gmoltres fun guy|Gg wp\n|c|\u2606Zap-n-Tap|gg!\n|l|\u2606Gmoltres fun guy\n","uploadtime":1700614484,"views":8,"p1id":"zapntap","p2id":"gmoltresfunguy","formatid":"gen9vgc2023regulatione","rating":1434,"private":0,"password":""}