{"id":"gen9vgc2023regulatione-1996470264","p1":"WexfordWarri0r","p2":"sike038","format":"[Gen 9] VGC 2023 Regulation E","log":"|j|\u2606WexfordWarri0r\n|j|\u2606sike038\n|n|\u2606WexfordWarri0r|wexfordwarri0r\n|n|\u2606sike038|sike038\n|html|View the match progress at <a href=\"\/game-bestof3-gen9vgc2023regulatione-1996465240\">game-bestof3-gen9vgc2023regulatione-1996465240<\/a>\n|t:|1700685131\n|gametype|doubles\n|player|p1|WexfordWarri0r|blue|\n|player|p2|sike038|gardenia|\n|teamsize|p1|6\n|teamsize|p2|6\n|gen|9\n|tier|[Gen 9] VGC 2023 Regulation E\n|rule|Species Clause: Limit one of each Pok\u00e9mon\n|rule|Item Clause: Limit one of each item\n|clearpoke\n|poke|p1|Landorus-Therian, L50, M|\n|poke|p1|Flutter Mane, L50|\n|poke|p1|Heatran, L50, F|\n|poke|p1|Iron Hands, L50|\n|poke|p1|Amoonguss, L50, F|\n|poke|p1|Roaring Moon, L50|\n|poke|p2|Regidrago, L50|\n|poke|p2|Tornadus, L50, M|\n|poke|p2|Indeedee-F, L50, F|\n|poke|p2|Amoonguss, L50, M|\n|poke|p2|Arcanine-Hisui, L50, F|\n|poke|p2|Ursaluna-Bloodmoon, L50, M|\n|teampreview|4\n|c|\u2606sike038|gl hf\nsike038 has agreed to open team sheets.\n|c|\u2606WexfordWarri0r|glhf\nWexfordWarri0r has agreed to open team sheets.\n|showteam|p1|Landorus-Therian||ChoiceScarf|Intimidate|StompingTantrum,TeraBlast,Uturn,RockSlide|||M|||50|,,,,,Flying]Flutter Mane||ChoiceSpecs|Protosynthesis|Moonblast,DazzlingGleam,ShadowBall,PerishSong||||||50|,,,,,Fairy]Heatran||LifeOrb|FlashFire|HeatWave,EarthPower,FlashCannon,Protect|||F|||50|,,,,,Fairy]Iron Hands||AssaultVest|QuarkDrive|FakeOut,DrainPunch,WildCharge,HeavySlam||||||50|,,,,,Grass]Amoonguss||RockyHelmet|Regenerator|Spore,RagePowder,PollenPuff,Protect|||F|||50|,,,,,Water]Roaring Moon||BoosterEnergy|Protosynthesis|Acrobatics,KnockOff,DragonDance,Protect||||||50|,,,,,Flying\n|showteam|p2|Regidrago||DragonFang|DragonsMaw|DragonEnergy,DracoMeteor,EarthPower,Protect||||||50|,,,,,Steel]Tornadus||CovertCloak|Prankster|Tailwind,Taunt,BleakwindStorm,RainDance|||M|||50|,,,,,Dark]Indeedee-F||PsychicSeed|PsychicSurge|FollowMe,HelpingHand,DazzlingGleam,TrickRoom|||F|||50|,,,,,Fairy]Amoonguss||RockyHelmet|Regenerator|RagePowder,PollenPuff,Spore,GrassKnot|||M|||50|,,,,,Water]Arcanine-Hisui||ChoiceBand|Intimidate|RockSlide,FlareBlitz,ExtremeSpeed,TeraBlast|||F|||50|,,,,,Fairy]Ursaluna-Bloodmoon||ThroatSpray|MindsEye|HyperVoice,BloodMoon,EarthPower,Protect|||M|||50|,,,,,Normal\n|\n|t:|1700685193\n|start\n|switch|p1a: Landorus|Landorus-Therian, L50, M|100\/100\n|switch|p1b: Iron Hands|Iron Hands, L50|100\/100\n|switch|p2a: Indeedee|Indeedee-F, L50, F|100\/100\n|switch|p2b: Ursaluna|Ursaluna-Bloodmoon, L50, M|100\/100\n|-ability|p1a: Landorus|Intimidate|boost\n|-unboost|p2a: Indeedee|atk|1\n|-unboost|p2b: Ursaluna|atk|1\n|-fieldstart|move: Psychic Terrain|[from] ability: Psychic Surge|[of] p2a: Indeedee\n|-enditem|p2a: Indeedee|Psychic Seed\n|-boost|p2a: Indeedee|spd|1|[from] item: Psychic Seed\n|turn|1\n|\n|t:|1700685265\n|switch|p2b: Arcanine|Arcanine-Hisui, L50, F|100\/100\n|-ability|p2b: Arcanine|Intimidate|boost\n|-unboost|p1a: Landorus|atk|1\n|-unboost|p1b: Iron Hands|atk|1\n|move|p1a: Landorus|U-turn|p2a: Indeedee\n|-supereffective|p2a: Indeedee\n|-damage|p2a: Indeedee|57\/100\n|\n|t:|1700685277\n|switch|p1a: Heatran|Heatran, L50, F|100\/100|[from] U-turn\n|move|p1b: Iron Hands|Heavy Slam|p2a: Indeedee\n|-damage|p2a: Indeedee|22\/100\n|move|p2a: Indeedee|Trick Room|p2a: Indeedee\n|-fieldstart|move: Trick Room|[of] p2a: Indeedee\n|\n|upkeep\n|turn|2\n|\n|t:|1700685308\n|move|p2a: Indeedee|Helping Hand|p2b: Arcanine\n|-singleturn|p2b: Arcanine|Helping Hand|[of] p2a: Indeedee\n|move|p2b: Arcanine|Extreme Speed|p1b: Iron Hands\n|-activate|p1b: Iron Hands|move: Psychic Terrain\n|move|p1b: Iron Hands|Heavy Slam|p2a: Indeedee\n|-damage|p2a: Indeedee|0 fnt\n|faint|p2a: Indeedee\n|move|p1a: Heatran|Earth Power|p2b: Arcanine\n|-supereffective|p2b: Arcanine\n|-damage|p2b: Arcanine|0 fnt\n|faint|p2b: Arcanine\n|-damage|p1a: Heatran|91\/100|[from] item: Life Orb\n|\n|upkeep\n|c|\u2606sike038|oh i'm dumb\n|\n|t:|1700685320\n|switch|p2a: Amoonguss|Amoonguss, L50, M|100\/100\n|switch|p2b: Ursaluna|Ursaluna-Bloodmoon, L50, M|100\/100\n|turn|3\n|\n|t:|1700685357\n|-end|p1b: Iron Hands|Quark Drive|[silent]\n|switch|p1b: Amoonguss|Amoonguss, L50, F|100\/100\n|move|p1a: Heatran|Protect|p1a: Heatran\n|-singleturn|p1a: Heatran|Protect\n|move|p2a: Amoonguss|Spore|p1a: Heatran\n|-activate|p1a: Heatran|move: Protect\n|move|p2b: Ursaluna|Hyper Voice|p1b: Amoonguss|[spread] p1b\n|-activate|p1a: Heatran|move: Protect\n|-damage|p1b: Amoonguss|69\/100\n|-enditem|p2b: Ursaluna|Throat Spray\n|-boost|p2b: Ursaluna|spa|1|[from] item: Throat Spray\n|\n|upkeep\n|turn|4\n|\n|t:|1700685396\n|move|p2b: Ursaluna|Protect|p2b: Ursaluna\n|-singleturn|p2b: Ursaluna|Protect\n|move|p2a: Amoonguss|Spore|p1a: Heatran\n|-status|p1a: Heatran|slp|[from] move: Spore\n|move|p1b: Amoonguss|Spore|p2b: Ursaluna\n|-activate|p2b: Ursaluna|move: Protect\n|cant|p1a: Heatran|slp\n|\n|upkeep\n|turn|5\n|\n|t:|1700685411\n|move|p1b: Amoonguss|Spore|p2b: Ursaluna\n|-status|p2b: Ursaluna|slp|[from] move: Spore\n|move|p2a: Amoonguss|Pollen Puff|p1b: Amoonguss\n|-damage|p1b: Amoonguss|54\/100\n|cant|p2b: Ursaluna|slp\n|cant|p1a: Heatran|slp\n|\n|-fieldend|move: Trick Room\n|-fieldend|move: Psychic Terrain\n|upkeep\n|turn|6\n|\n|t:|1700685425\n|cant|p2b: Ursaluna|slp\n|-curestatus|p1a: Heatran|slp|[msg]\n|move|p1a: Heatran|Heat Wave|p2a: Amoonguss|[spread] p2a,p2b\n|-supereffective|p2a: Amoonguss\n|-damage|p2a: Amoonguss|5\/100\n|-damage|p2b: Ursaluna|45\/100 slp\n|-damage|p1a: Heatran|81\/100|[from] item: Life Orb\n|move|p2a: Amoonguss|Spore|p1a: Heatran\n|-status|p1a: Heatran|slp|[from] move: Spore\n|move|p1b: Amoonguss|Pollen Puff|p2a: Amoonguss\n|-damage|p2a: Amoonguss|0 fnt\n|faint|p2a: Amoonguss\n|\n|upkeep\n|turn|7\n|\n|t:|1700685442\n|-terastallize|p2b: Ursaluna|Normal\n|cant|p1a: Heatran|slp\n|-curestatus|p2b: Ursaluna|slp|[msg]\n|move|p2b: Ursaluna|Blood Moon|p1b: Amoonguss\n|-damage|p1b: Amoonguss|0 fnt\n|faint|p1b: Amoonguss\n|\n|upkeep\n|\n|t:|1700685450\n|switch|p1b: Iron Hands|Iron Hands, L50|100\/100\n|turn|8\n|\n|t:|1700685463\n|move|p2b: Ursaluna|Protect|p2b: Ursaluna\n|-singleturn|p2b: Ursaluna|Protect\n|move|p1b: Iron Hands|Fake Out|p2b: Ursaluna\n|-activate|p2b: Ursaluna|move: Protect\n|-curestatus|p1a: Heatran|slp|[msg]\n|move|p1a: Heatran|Flash Cannon|p2b: Ursaluna\n|-activate|p2b: Ursaluna|move: Protect\n|\n|upkeep\n|turn|9\n|\n|t:|1700685474\n|move|p1a: Heatran|Flash Cannon|p2b: Ursaluna\n|-damage|p2b: Ursaluna|0 fnt\n|faint|p2b: Ursaluna\n|-damage|p1a: Heatran|72\/100|[from] item: Life Orb\n|\n|win|WexfordWarri0r\n|c|\u2606sike038|gg wp\n|c|\u2606WexfordWarri0r|gg wp\n","uploadtime":1700685872,"views":3,"p1id":"wexfordwarri0r","p2id":"sike038","formatid":"gen9vgc2023regulatione","rating":0,"private":0,"password":""}