{"id":"gen9vgc2023regulatione-1996801360","p1":"Jxnh","p2":"JoSuBiP","format":"[Gen 9] VGC 2023 Regulation E","log":"|j|\u2606Jxnh\n|j|\u2606JoSuBiP\n|t:|1700727577\n|gametype|doubles\n|player|p1|Jxnh|102|1110\n|player|p2|JoSuBiP|ingo|1209\n|teamsize|p1|6\n|teamsize|p2|6\n|gen|9\n|tier|[Gen 9] VGC 2023 Regulation E\n|rated|\n|rule|Species Clause: Limit one of each Pok\u00e9mon\n|rule|Item Clause: Limit one of each item\n|clearpoke\n|poke|p1|Armarouge, L50, M|\n|poke|p1|Indeedee-F, L50, F|\n|poke|p1|Flutter Mane, L50|\n|poke|p1|Chien-Pao, L50|\n|poke|p1|Arcanine-Hisui, L50, M|\n|poke|p1|Dragonite, L50, F|\n|poke|p2|Gliscor, L50, M|\n|poke|p2|Gholdengo, L50|\n|poke|p2|Annihilape, L50, F|\n|poke|p2|Talonflame, L50, M|\n|poke|p2|Sandy Shocks, L50|\n|poke|p2|Arcanine-Hisui, L50, F|\n|teampreview|4\n|j| dapaidui\n|inactive|Battle timer is ON: inactive players will automatically lose when time's up. (requested by Jxnh)\n|\n|t:|1700727610\n|start\n|switch|p1a: Armarouge|Armarouge, L50, M|100\/100\n|switch|p1b: Indeedee|Indeedee-F, L50, F|100\/100\n|switch|p2a: Gliscor|Gliscor, L50, M|100\/100\n|switch|p2b: Gholdengo|Gholdengo, L50|100\/100\n|-fieldstart|move: Psychic Terrain|[from] ability: Psychic Surge|[of] p1b: Indeedee\n|-enditem|p1b: Indeedee|Psychic Seed\n|-boost|p1b: Indeedee|spd|1|[from] item: Psychic Seed\n|turn|1\n|\n|t:|1700727627\n|move|p1b: Indeedee|Follow Me|p1b: Indeedee\n|-singleturn|p1b: Indeedee|move: Follow Me\n|move|p2a: Gliscor|Spikes|p1b: Indeedee\n|-sidestart|p1: Jxnh|Spikes\n|move|p2b: Gholdengo|Shadow Ball|p1b: Indeedee\n|-immune|p1b: Indeedee\n|move|p1a: Armarouge|Calm Mind|p1a: Armarouge\n|-boost|p1a: Armarouge|spa|1\n|-boost|p1a: Armarouge|spd|1\n|\n|-status|p2a: Gliscor|tox|[from] item: Toxic Orb\n|upkeep\n|turn|2\n|inactive|Jxnh has 30 seconds left.\n|inactive|JoSuBiP has 30 seconds left.\n|inactive|JoSuBiP has 20 seconds left.\n|\n|t:|1700727662\n|move|p2b: Gholdengo|Protect|p2b: Gholdengo\n|-singleturn|p2b: Gholdengo|Protect\n|move|p2a: Gliscor|Toxic|p1b: Indeedee\n|-status|p1b: Indeedee|tox\n|move|p1a: Armarouge|Expanding Force|p2b: Gholdengo|[spread] p2a\n|-activate|p2b: Gholdengo|move: Protect\n|-damage|p2a: Gliscor|0 fnt\n|faint|p2a: Gliscor\n|move|p1b: Indeedee|Trick Room|p1b: Indeedee\n|-fieldstart|move: Trick Room|[of] p1b: Indeedee\n|\n|-damage|p1b: Indeedee|94\/100 tox|[from] psn\n|upkeep\n|\n|t:|1700727665\n|switch|p2a: Arcanine|Arcanine-Hisui, L50, F|100\/100\n|-ability|p2a: Arcanine|Intimidate|boost\n|-unboost|p1a: Armarouge|atk|1\n|-unboost|p1b: Indeedee|atk|1\n|turn|3\n|inactive|Jxnh has 30 seconds left.\n|\n|t:|1700727695\n|-terastallize|p2a: Arcanine|Fairy\n|move|p1b: Indeedee|Helping Hand|p1a: Armarouge\n|-singleturn|p1a: Armarouge|Helping Hand|[of] p1b: Indeedee\n|move|p1a: Armarouge|Expanding Force|p2a: Arcanine|[spread] p2a,p2b\n|-resisted|p2b: Gholdengo\n|-damage|p2a: Arcanine|0 fnt\n|-damage|p2b: Gholdengo|14\/100\n|faint|p2a: Arcanine\n|move|p2b: Gholdengo|Make It Rain|p1a: Armarouge|[spread] p1a,p1b\n|-resisted|p1a: Armarouge\n|-damage|p1a: Armarouge|84\/100\n|-damage|p1b: Indeedee|60\/100 tox\n|-unboost|p2b: Gholdengo|spa|1\n|\n|-heal|p2b: Gholdengo|20\/100|[from] item: Leftovers\n|-damage|p1b: Indeedee|48\/100 tox|[from] psn\n|upkeep\n|inactive|JoSuBiP has 30 seconds left.\n|\n|t:|1700727724\n|switch|p2a: Talonflame|Talonflame, L50, M|100\/100\n|turn|4\n|\n|t:|1700727733\n|move|p1b: Indeedee|Helping Hand|p1a: Armarouge\n|-singleturn|p1a: Armarouge|Helping Hand|[of] p1b: Indeedee\n|move|p2b: Gholdengo|Protect|p2b: Gholdengo\n|-singleturn|p2b: Gholdengo|Protect\n|move|p1a: Armarouge|Expanding Force|p2a: Talonflame|[spread] p2a\n|-activate|p2b: Gholdengo|move: Protect\n|-damage|p2a: Talonflame|0 fnt\n|faint|p2a: Talonflame\n|\n|-heal|p2b: Gholdengo|26\/100|[from] item: Leftovers\n|-damage|p1b: Indeedee|29\/100 tox|[from] psn\n|upkeep\n|turn|5\n|-message|JoSuBiP forfeited.\n|\n|win|Jxnh\n|raw|Jxnh's rating: 1110 &rarr; <strong>1142<\/strong><br \/>(+32 for winning)\n|raw|JoSuBiP's rating: 1209 &rarr; <strong>1177<\/strong><br \/>(-32 for losing)\n|l|\u2606JoSuBiP\n|l| dapaidui\n","uploadtime":1700727764,"views":16,"p1id":"jxnh","p2id":"josubip","formatid":"gen9vgc2023regulatione","rating":1142,"private":0,"password":""}