{"id":"gen9vgc2023regulatione-2000150361","p1":"xingshen","p2":"plato1","format":"[Gen 9] VGC 2023 Regulation E","log":"|j|\u2606xingshen\n|j|\u2606plato1\n|t:|1701163558\n|gametype|doubles\n|player|p1|xingshen|101|1248\n|player|p2|plato1|blaine|1370\n|teamsize|p1|6\n|teamsize|p2|6\n|gen|9\n|tier|[Gen 9] VGC 2023 Regulation E\n|rated|\n|rule|Species Clause: Limit one of each Pok\u00e9mon\n|rule|Item Clause: Limit one of each item\n|clearpoke\n|poke|p1|Indeedee-F, L50, F|\n|poke|p1|Sneasler, L50, F|\n|poke|p1|Salamence, L50, M|\n|poke|p1|Gholdengo, L50|\n|poke|p1|Ogerpon-Wellspring, L50, F|\n|poke|p1|Urshifu-*, L50, M|\n|poke|p2|Roaring Moon, L50|\n|poke|p2|Ogerpon-Wellspring, L50, F|\n|poke|p2|Arcanine-Hisui, L50, M|\n|poke|p2|Gholdengo, L50|\n|poke|p2|Amoonguss, L50, M|\n|poke|p2|Iron Hands, L50|\n|teampreview|4\n|inactive|Battle timer is ON: inactive players will automatically lose when time's up. (requested by plato1)\n|inactive|plato1 has 60 seconds left.\n|inactive|plato1 has 30 seconds left.\n|\n|t:|1701163640\n|start\n|switch|p1a: Salamence|Salamence, L50, M|100\/100\n|switch|p1b: Gholdengo|Gholdengo, L50|100\/100\n|switch|p2a: Roaring Moon|Roaring Moon, L50|100\/100\n|switch|p2b: Arcanine|Arcanine-Hisui, L50, M|100\/100\n|-ability|p1a: Salamence|Intimidate|boost\n|-unboost|p2a: Roaring Moon|atk|1\n|-unboost|p2b: Arcanine|atk|1\n|-ability|p2b: Arcanine|Intimidate|boost\n|-unboost|p1a: Salamence|atk|1\n|-unboost|p1b: Gholdengo|atk|1\n|-enditem|p2a: Roaring Moon|Booster Energy\n|-activate|p2a: Roaring Moon|ability: Protosynthesis|[fromitem]\n|-start|p2a: Roaring Moon|protosynthesisspe\n|turn|1\n|inactive|xingshen has 30 seconds left.\n|inactive|plato1 has 30 seconds left.\n|inactive|plato1 has 20 seconds left.\n|inactive|plato1 has 15 seconds left.\n|\n|t:|1701163684\n|move|p1b: Gholdengo|Protect|p1b: Gholdengo\n|-singleturn|p1b: Gholdengo|Protect\n|move|p2a: Roaring Moon|Knock Off|p1b: Gholdengo\n|-activate|p1b: Gholdengo|move: Protect\n|move|p1a: Salamence|Tailwind|p1a: Salamence\n|-sidestart|p1: xingshen|move: Tailwind\n|move|p2b: Arcanine|Rock Slide|p1b: Gholdengo|[spread] \n|-activate|p1b: Gholdengo|move: Protect\n|-miss|p2b: Arcanine|p1a: Salamence\n|\n|upkeep\n|turn|2\n|inactive|xingshen has 30 seconds left.\n|inactive|xingshen has 20 seconds left.\n|inactive|xingshen has 15 seconds left.\n|\n|t:|1701163727\n|switch|p1a: Urshifu|Urshifu-Rapid-Strike, L50, M|100\/100\n|switch|p1b: Ogerpon|Ogerpon-Wellspring, L50, F|100\/100\n|move|p2a: Roaring Moon|Knock Off|p1b: Ogerpon\n|-damage|p1b: Ogerpon|78\/100\n|move|p2b: Arcanine|Rock Slide|p1b: Ogerpon|[spread] p1a,p1b\n|-resisted|p1a: Urshifu\n|-damage|p1a: Urshifu|86\/100\n|-damage|p1b: Ogerpon|51\/100\n|\n|upkeep\n|turn|3\n|inactive|xingshen has 30 seconds left.\n|inactive|plato1 has 30 seconds left.\n|\n|t:|1701163756\n|switch|p1b: Salamence|Salamence, L50, M|100\/100\n|-ability|p1b: Salamence|Intimidate|boost\n|-unboost|p2a: Roaring Moon|atk|1\n|-unboost|p2b: Arcanine|atk|1\n|switch|p2b: Iron Hands|Iron Hands, L50|100\/100\n|-terastallize|p2a: Roaring Moon|Flying\n|move|p1a: Urshifu|Surging Strikes|p2b: Iron Hands\n|-crit|p2b: Iron Hands\n|-damage|p2b: Iron Hands|84\/100\n|-crit|p2b: Iron Hands\n|-damage|p2b: Iron Hands|67\/100\n|-crit|p2b: Iron Hands\n|-damage|p2b: Iron Hands|52\/100\n|-hitcount|p2b: Iron Hands|3\n|move|p2a: Roaring Moon|Acrobatics|p1a: Urshifu\n|-supereffective|p1a: Urshifu\n|-damage|p1a: Urshifu|34\/100\n|\n|upkeep\n|turn|4\n|inactive|xingshen has 30 seconds left.\n|inactive|plato1 has 30 seconds left.\n|\n|t:|1701163791\n|switch|p1a: Gholdengo|Gholdengo, L50|100\/100\n|-end|p2a: Roaring Moon|Protosynthesis|[silent]\n|switch|p2a: Arcanine|Arcanine-Hisui, L50, M|100\/100\n|-ability|p2a: Arcanine|Intimidate|boost\n|-unboost|p1a: Gholdengo|atk|1\n|-unboost|p1b: Salamence|atk|1\n|move|p2b: Iron Hands|Fake Out|p1a: Gholdengo\n|-immune|p1a: Gholdengo\n|move|p1b: Salamence|Air Slash|p2b: Iron Hands\n|-crit|p2b: Iron Hands\n|-damage|p2b: Iron Hands|28\/100\n|\n|-sideend|p1: xingshen|move: Tailwind\n|upkeep\n|turn|5\n|\n|t:|1701163810\n|move|p1a: Gholdengo|Protect|p1a: Gholdengo\n|-singleturn|p1a: Gholdengo|Protect\n|move|p1b: Salamence|Tailwind|p1b: Salamence\n|-sidestart|p1: xingshen|move: Tailwind\n|move|p2a: Arcanine|Rock Slide|p1b: Salamence|[spread] p1b\n|-activate|p1a: Gholdengo|move: Protect\n|-supereffective|p1b: Salamence\n|-damage|p1b: Salamence|4\/100\n|move|p2b: Iron Hands|Wild Charge|p1b: Salamence\n|-damage|p1b: Salamence|0 fnt\n|-damage|p2b: Iron Hands|12\/100|[from] item: Rocky Helmet|[of] p1b: Salamence\n|faint|p1b: Salamence\n|-damage|p2b: Iron Hands|11\/100|[from] Recoil\n|\n|upkeep\n|\n|t:|1701163833\n|switch|p1b: Urshifu|Urshifu-Rapid-Strike, L50, M|34\/100\n|turn|6\n|\n|t:|1701163853\n|switch|p2a: Roaring Moon|Roaring Moon, L50, tera:Flying|100\/100\n|-terastallize|p1b: Urshifu|Water\n|move|p1b: Urshifu|Surging Strikes|p2a: Roaring Moon\n|-crit|p2a: Roaring Moon\n|-damage|p2a: Roaring Moon|71\/100\n|-crit|p2a: Roaring Moon\n|-damage|p2a: Roaring Moon|37\/100\n|-crit|p2a: Roaring Moon\n|-damage|p2a: Roaring Moon|4\/100\n|-hitcount|p2a: Roaring Moon|3\n|move|p1a: Gholdengo|Shadow Ball|p2b: Iron Hands\n|-damage|p2b: Iron Hands|0 fnt\n|faint|p2b: Iron Hands\n|-end|p2b: Iron Hands|Quark Drive|[silent]\n|\n|upkeep\n|\n|t:|1701163868\n|switch|p2b: Arcanine|Arcanine-Hisui, L50, M|100\/100\n|-ability|p2b: Arcanine|Intimidate|boost\n|-unboost|p1a: Gholdengo|atk|1\n|-unboost|p1b: Urshifu|atk|1\n|turn|7\n|\n|t:|1701163881\n|move|p2a: Roaring Moon|Protect|p2a: Roaring Moon\n|-singleturn|p2a: Roaring Moon|Protect\n|move|p2b: Arcanine|Extreme Speed|p1b: Urshifu\n|-damage|p1b: Urshifu|0 fnt\n|faint|p1b: Urshifu\n|move|p1a: Gholdengo|Shadow Ball|p2a: Roaring Moon\n|-activate|p2a: Roaring Moon|move: Protect\n|\n|upkeep\n|\n|t:|1701163891\n|switch|p1b: Ogerpon|Ogerpon-Wellspring, L50, F|51\/100\n|turn|8\n|\n|t:|1701163910\n|switch|p2b: Ogerpon|Ogerpon-Wellspring, L50, F|100\/100\n|move|p1b: Ogerpon|Spiky Shield|p1b: Ogerpon\n|-singleturn|p1b: Ogerpon|move: Protect\n|move|p1a: Gholdengo|Shadow Ball|p2a: Roaring Moon\n|-damage|p2a: Roaring Moon|0 fnt\n|faint|p2a: Roaring Moon\n|-end|p2a: Roaring Moon|Protosynthesis|[silent]\n|\n|-sideend|p1: xingshen|move: Tailwind\n|upkeep\n|\n|t:|1701163918\n|switch|p2a: Arcanine|Arcanine-Hisui, L50, M|100\/100\n|-ability|p2a: Arcanine|Intimidate|boost\n|-unboost|p1a: Gholdengo|atk|1\n|-unboost|p1b: Ogerpon|atk|1\n|turn|9\n|inactive|plato1 has 30 seconds left.\n|\n|t:|1701163945\n|move|p1a: Gholdengo|Protect|p1a: Gholdengo\n|-singleturn|p1a: Gholdengo|Protect\n|move|p2a: Arcanine|Extreme Speed|p1b: Ogerpon\n|-damage|p1b: Ogerpon|10\/100\n|move|p1b: Ogerpon|Ivy Cudgel|p2a: Arcanine|[anim] Ivy Cudgel Water\n|-supereffective|p2a: Arcanine\n|-damage|p2a: Arcanine|0 fnt\n|faint|p2a: Arcanine\n|move|p2b: Ogerpon|Horn Leech|p1b: Ogerpon\n|-damage|p1b: Ogerpon|0 fnt\n|faint|p1b: Ogerpon\n|\n|upkeep\n|turn|10\n|inactive|xingshen has 30 seconds left.\n|\n|t:|1701163977\n|move|p1a: Gholdengo|Shadow Ball|p2b: Ogerpon\n|-damage|p2b: Ogerpon|60\/100\n|-unboost|p2b: Ogerpon|spd|1\n|move|p2b: Ogerpon|Ivy Cudgel|p1a: Gholdengo|[anim] Ivy Cudgel Water\n|-damage|p1a: Gholdengo|37\/100\n|\n|-heal|p1a: Gholdengo|43\/100|[from] item: Leftovers\n|upkeep\n|turn|11\n|\n|t:|1701163997\n|move|p1a: Gholdengo|Protect|p1a: Gholdengo\n|-singleturn|p1a: Gholdengo|Protect\n|move|p2b: Ogerpon|Ivy Cudgel|p1a: Gholdengo|[anim] Ivy Cudgel Water\n|-activate|p1a: Gholdengo|move: Protect\n|\n|-heal|p1a: Gholdengo|49\/100|[from] item: Leftovers\n|upkeep\n|turn|12\n|\n|t:|1701164008\n|move|p1a: Gholdengo|Shadow Ball|p2b: Ogerpon\n|-damage|p2b: Ogerpon|0 fnt\n|faint|p2b: Ogerpon\n|\n|win|xingshen\n|raw|xingshen's rating: 1248 &rarr; <strong>1281<\/strong><br \/>(+33 for winning)\n|raw|plato1's rating: 1370 &rarr; <strong>1343<\/strong><br \/>(-27 for losing)\n|l|\u2606plato1\n","uploadtime":1701164017,"views":5,"p1id":"xingshen","p2id":"plato1","formatid":"gen9vgc2023regulatione","rating":1281,"private":0,"password":""}