{"id":"gen9vgc2023regulatione-1995671661","p1":"angelcordones","p2":"MasterMicah","format":"[Gen 9] VGC 2023 Regulation E","log":"|j|\u2606angelcordones\n|j|\u2606MasterMicah\n|t:|1700592621\n|gametype|doubles\n|player|p1|angelcordones|ethan|1025\n|player|p2|MasterMicah|elesa|1080\n|teamsize|p1|6\n|teamsize|p2|6\n|gen|9\n|tier|[Gen 9] VGC 2023 Regulation E\n|rated|\n|rule|Species Clause: Limit one of each Pok\u00e9mon\n|rule|Item Clause: Limit one of each item\n|clearpoke\n|poke|p1|Meowscarada, L50, M|\n|poke|p1|Ampharos, L50, F|\n|poke|p1|Dragapult, L50, F|\n|poke|p1|Lucario, L50, M|\n|poke|p1|Amoonguss, L50, M|\n|poke|p1|Haxorus, L50, F|\n|poke|p2|Empoleon, L50, M|\n|poke|p2|Sinistcha, L50|\n|poke|p2|Gliscor, L50, F|\n|poke|p2|Slither Wing, L50|\n|poke|p2|Masquerain, L50, M|\n|poke|p2|Samurott-Hisui, L50, M|\n|teampreview|4\n|\n|t:|1700592643\n|start\n|switch|p1a: Dragapult|Dragapult, L50, F, shiny|100\/100\n|switch|p1b: Lucario|Lucario, L50, M|100\/100\n|switch|p2a: Claymore|Samurott-Hisui, L50, M|100\/100\n|switch|p2b: Emperor|Empoleon, L50, M, shiny|100\/100\n|-item|p1b: Lucario|Air Balloon\n|turn|1\n|\n|t:|1700592662\n|move|p1a: Dragapult|Protect|p1a: Dragapult\n|-singleturn|p1a: Dragapult|Protect\n|move|p2a: Claymore|Ceaseless Edge|p1a: Dragapult\n|-activate|p1a: Dragapult|move: Protect\n|move|p1b: Lucario|High Jump Kick|p2a: Claymore\n|-supereffective|p2a: Claymore\n|-damage|p2a: Claymore|0 fnt\n|faint|p2a: Claymore\n|move|p2b: Emperor|Ice Beam|p1a: Dragapult\n|-activate|p1a: Dragapult|move: Protect\n|\n|upkeep\n|\n|t:|1700592674\n|switch|p2a: Major Melon|Sinistcha, L50|100\/100\n|turn|2\n|\n|t:|1700592690\n|switch|p1a: Ampharos|Ampharos, L50, F|100\/100\n|move|p2a: Major Melon|Rage Powder|p2a: Major Melon\n|-singleturn|p2a: Major Melon|move: Rage Powder\n|move|p1b: Lucario|Bullet Punch|p2a: Major Melon\n|-damage|p2a: Major Melon|86\/100\n|-damage|p1b: Lucario|84\/100|[from] item: Rocky Helmet|[of] p2a: Major Melon\n|move|p2b: Emperor|Ice Beam|p1a: Ampharos\n|-damage|p1a: Ampharos|72\/100\n|\n|upkeep\n|turn|3\n|\n|t:|1700592722\n|move|p2b: Emperor|Protect|p2b: Emperor\n|-singleturn|p2b: Emperor|Protect\n|move|p1b: Lucario|Flash Cannon|p2a: Major Melon\n|-damage|p2a: Major Melon|52\/100\n|move|p2a: Major Melon|Matcha Gotcha|p1a: Ampharos|[spread] p1a,p1b\n|-resisted|p1b: Lucario\n|-damage|p1a: Ampharos|50\/100\n|-heal|p2a: Major Melon|63\/100|[from] drain|[of] p1a: Ampharos\n|-damage|p1b: Lucario|64\/100\n|-heal|p2a: Major Melon|71\/100|[from] drain|[of] p1b: Lucario\n|-enditem|p1b: Lucario|Air Balloon\n|move|p1a: Ampharos|Reflect|p1a: Ampharos\n|-sidestart|p1: angelcordones|Reflect\n|\n|upkeep\n|turn|4\n|\n|t:|1700592753\n|switch|p1a: Haxorus|Haxorus, L50, F, shiny|100\/100\n|-ability|p1a: Haxorus|Mold Breaker\n|move|p1b: Lucario|Flash Cannon|p2a: Major Melon\n|-damage|p2a: Major Melon|34\/100\n|move|p2a: Major Melon|Matcha Gotcha|p1b: Lucario|[spread] p1a,p1b\n|-resisted|p1a: Haxorus\n|-resisted|p1b: Lucario\n|-damage|p1a: Haxorus|85\/100\n|-heal|p2a: Major Melon|40\/100|[from] drain|[of] p1a: Haxorus\n|-damage|p1b: Lucario|45\/100\n|-heal|p2a: Major Melon|48\/100|[from] drain|[of] p1b: Lucario\n|move|p2b: Emperor|Hydro Pump|p1b: Lucario\n|-damage|p1b: Lucario|0 fnt\n|faint|p1b: Lucario\n|\n|upkeep\n|\n|t:|1700592775\n|switch|p1b: Ampharos|Ampharos, L50, F|50\/100\n|turn|5\n|inactive|Battle timer is ON: inactive players will automatically lose when time's up. (requested by MasterMicah)\n|inactive|angelcordones has 60 seconds left.\n|inactive|angelcordones has 30 seconds left.\n|\n|t:|1700592855\n|move|p1a: Haxorus|Crunch|p2a: Major Melon\n|-supereffective|p2a: Major Melon\n|-damage|p2a: Major Melon|7\/100\n|-damage|p1a: Haxorus|69\/100|[from] item: Rocky Helmet|[of] p2a: Major Melon\n|move|p2a: Major Melon|Strength Sap|p1a: Haxorus\n|-unboost|p1a: Haxorus|atk|1\n|-heal|p2a: Major Melon|100\/100\n|move|p1b: Ampharos|Thunderbolt|p2b: Emperor\n|-supereffective|p2b: Emperor\n|-damage|p2b: Emperor|21\/100\n|-heal|p1b: Ampharos|61\/100|[from] item: Shell Bell|[of] p2b: Emperor\n|move|p2b: Emperor|Ice Beam|p1a: Haxorus\n|-supereffective|p1a: Haxorus\n|-damage|p1a: Haxorus|0 fnt\n|faint|p1a: Haxorus\n|\n|-heal|p2b: Emperor|27\/100|[from] item: Leftovers\n|upkeep\n|\n|t:|1700592877\n|switch|p1a: Dragapult|Dragapult, L50, F, shiny|100\/100\n|turn|6\n|inactive|angelcordones has 30 seconds left.\n|inactive|angelcordones has 20 seconds left.\n|\n|t:|1700592915\n|-terastallize|p1a: Dragapult|Fire\n|move|p2b: Emperor|Protect|p2b: Emperor\n|-singleturn|p2b: Emperor|Protect\n|move|p1a: Dragapult|Hex|p2a: Major Melon\n|-supereffective|p2a: Major Melon\n|-damage|p2a: Major Melon|40\/100\n|move|p2a: Major Melon|Shadow Ball|p1a: Dragapult\n|-damage|p1a: Dragapult|59\/100\n|move|p1b: Ampharos|Thunderbolt|p2a: Major Melon\n|-resisted|p2a: Major Melon\n|-damage|p2a: Major Melon|16\/100\n|-heal|p1b: Ampharos|64\/100|[from] item: Shell Bell|[of] p2a: Major Melon\n|\n|-heal|p1a: Dragapult|64\/100|[from] item: Leftovers\n|-heal|p2b: Emperor|32\/100|[from] item: Leftovers\n|upkeep\n|turn|7\n|\n|t:|1700592940\n|move|p1a: Dragapult|Protect|p1a: Dragapult\n|-singleturn|p1a: Dragapult|Protect\n|move|p2a: Major Melon|Rage Powder|p2a: Major Melon\n|-singleturn|p2a: Major Melon|move: Rage Powder\n|move|p1b: Ampharos|Dazzling Gleam|p2b: Emperor|[spread] p2a,p2b\n|-crit|p2a: Major Melon\n|-resisted|p2b: Emperor\n|-damage|p2a: Major Melon|0 fnt\n|-damage|p2b: Emperor|25\/100\n|faint|p2a: Major Melon\n|-heal|p1b: Ampharos|67\/100|[from] item: Shell Bell|[of] p2b: Emperor\n|move|p2b: Emperor|Hydro Pump|p1a: Dragapult\n|-activate|p1a: Dragapult|move: Protect\n|\n|-heal|p1a: Dragapult|70\/100|[from] item: Leftovers\n|-heal|p2b: Emperor|30\/100|[from] item: Leftovers\n|-sideend|p1: angelcordones|Reflect\n|upkeep\n|\n|t:|1700592954\n|switch|p2a: Slither Wing|Slither Wing, L50|100\/100\n|turn|8\n|inactive|angelcordones has 30 seconds left.\n|\n|t:|1700592988\n|-terastallize|p2a: Slither Wing|Fire\n|move|p2b: Emperor|Protect|p2b: Emperor\n|-singleturn|p2b: Emperor|Protect\n|move|p1a: Dragapult|Fire Blast|p2b: Emperor\n|-activate|p2b: Emperor|move: Protect\n|move|p2a: Slither Wing|Bulk Up|p2a: Slither Wing\n|-boost|p2a: Slither Wing|atk|1\n|-boost|p2a: Slither Wing|def|1\n|move|p1b: Ampharos|Power Gem|p2a: Slither Wing\n|-supereffective|p2a: Slither Wing\n|-damage|p2a: Slither Wing|61\/100\n|-heal|p1b: Ampharos|72\/100|[from] item: Shell Bell|[of] p2a: Slither Wing\n|\n|-heal|p1a: Dragapult|76\/100|[from] item: Leftovers\n|-heal|p2b: Emperor|36\/100|[from] item: Leftovers\n|upkeep\n|turn|9\n|inactive|angelcordones has 30 seconds left.\n|inactive|angelcordones has 20 seconds left.\n|\n|t:|1700593024\n|move|p1a: Dragapult|Protect|p1a: Dragapult\n|-singleturn|p1a: Dragapult|Protect\n|move|p2a: Slither Wing|Leech Life|p1a: Dragapult\n|-activate|p1a: Dragapult|move: Protect\n|move|p1b: Ampharos|Dazzling Gleam|p2a: Slither Wing|[spread] p2a,p2b\n|-resisted|p2a: Slither Wing\n|-resisted|p2b: Emperor\n|-damage|p2a: Slither Wing|53\/100\n|-damage|p2b: Emperor|28\/100\n|-heal|p1b: Ampharos|74\/100|[from] item: Shell Bell|[of] p2b: Emperor\n|move|p2b: Emperor|Hydro Pump|p1a: Dragapult\n|-activate|p1a: Dragapult|move: Protect\n|\n|-heal|p1a: Dragapult|82\/100|[from] item: Leftovers\n|-heal|p2b: Emperor|34\/100|[from] item: Leftovers\n|upkeep\n|turn|10\n|inactive|angelcordones has 30 seconds left.\n|\n|t:|1700593049\n|move|p2b: Emperor|Protect|p2b: Emperor\n|-singleturn|p2b: Emperor|Protect\n|move|p1a: Dragapult|Fire Blast|p2b: Emperor\n|-activate|p2b: Emperor|move: Protect\n|move|p2a: Slither Wing|Leech Life|p1b: Ampharos\n|-damage|p1b: Ampharos|20\/100\n|-heal|p2a: Slither Wing|77\/100|[from] drain|[of] p1b: Ampharos\n|move|p1b: Ampharos|Power Gem|p2a: Slither Wing\n|-supereffective|p2a: Slither Wing\n|-damage|p2a: Slither Wing|33\/100\n|-heal|p1b: Ampharos|26\/100|[from] item: Shell Bell|[of] p2a: Slither Wing\n|\n|-heal|p1a: Dragapult|88\/100|[from] item: Leftovers\n|-heal|p2b: Emperor|40\/100|[from] item: Leftovers\n|upkeep\n|turn|11\n|inactive|angelcordones has 30 seconds left.\n|\n|t:|1700593081\n|move|p1a: Dragapult|Fire Blast|p2b: Emperor|[miss]\n|-miss|p1a: Dragapult|p2b: Emperor\n|move|p2a: Slither Wing|Leech Life|p1b: Ampharos\n|-damage|p1b: Ampharos|0 fnt\n|-heal|p2a: Slither Wing|44\/100|[from] drain|[of] p1b: Ampharos\n|faint|p1b: Ampharos\n|move|p2b: Emperor|Hydro Pump|p1a: Dragapult\n|-supereffective|p1a: Dragapult\n|-damage|p1a: Dragapult|0 fnt\n|faint|p1a: Dragapult\n|\n|win|MasterMicah\n|raw|angelcordones's rating: 1025 &rarr; <strong>1013<\/strong><br \/>(-12 for losing)\n|raw|MasterMicah's rating: 1080 &rarr; <strong>1104<\/strong><br \/>(+24 for winning)\n|c|\u2606MasterMicah|gg\n","uploadtime":1700593093,"views":0,"p1id":"angelcordones","p2id":"mastermicah","formatid":"gen9vgc2023regulatione","rating":1013,"private":0,"password":""}