{"id":"gen9vgc2023regulatione-1999888345","p1":"Matcha Man Savage","p2":"Pastor\/Sinner","format":"[Gen 9] VGC 2023 Regulation E","log":"|j|\u2606Matcha Man Savage\n|j|\u2606Pastor\/Sinner\n|n|\u2606Matcha Man Savage|matchamansavage\n|n|\u2606Pastor\/Sinner|pastorsinner\n|html|View the match progress at <a href=\"\/game-bestof3-gen9vgc2023regulatione-1999885808\">game-bestof3-gen9vgc2023regulatione-1999885808<\/a>\n|t:|1701126603\n|gametype|doubles\n|player|p1|Matcha Man Savage|pokemaniac|\n|player|p2|Pastor\/Sinner|gambler|\n|teamsize|p1|6\n|teamsize|p2|6\n|gen|9\n|tier|[Gen 9] VGC 2023 Regulation E\n|rule|Species Clause: Limit one of each Pok\u00e9mon\n|rule|Item Clause: Limit one of each item\n|clearpoke\n|poke|p1|Baxcalibur, L50, M|\n|poke|p1|Landorus-Therian, L50, M|\n|poke|p1|Goodra-Hisui, L50, F|\n|poke|p1|Scream Tail, L50|\n|poke|p1|Moltres-Galar, L50|\n|poke|p1|Ninetales-Alola, L50, F|\n|poke|p2|Baxcalibur, L50, M|\n|poke|p2|Ninetales-Alola, L50, F|\n|poke|p2|Scream Tail, L50|\n|poke|p2|Landorus-Therian, L50, M|\n|poke|p2|Moltres-Galar, L50|\n|poke|p2|Goodra-Hisui, L50, F|\n|teampreview|4\n|inactive|Battle timer is ON: inactive players will automatically lose when time's up. (requested by Matcha Man Savage)\n|\n|t:|1701126630\n|start\n|switch|p1a: Dairy Queen|Ninetales-Alola, L50, F|100\/100\n|switch|p1b: Hellfire Chicken|Moltres-Galar, L50|100\/100\n|switch|p2a: Scream Tail|Scream Tail, L50|100\/100\n|switch|p2b: Goodra|Goodra-Hisui, L50, F|100\/100\n|-weather|Snow|[from] ability: Snow Warning|[of] p1a: Dairy Queen\n|-enditem|p2a: Scream Tail|Booster Energy\n|-activate|p2a: Scream Tail|ability: Protosynthesis|[fromitem]\n|-start|p2a: Scream Tail|protosynthesisspe\n|turn|1\n|inactive|Pastor\/Sinner has 30 seconds left.\n|\n|t:|1701126655\n|move|p1a: Dairy Queen|Aurora Veil|p1a: Dairy Queen\n|-sidestart|p1: Matcha Man Savage|move: Aurora Veil\n|move|p1b: Hellfire Chicken|Nasty Plot|p1b: Hellfire Chicken\n|-boost|p1b: Hellfire Chicken|spa|2\n|move|p2b: Goodra|Shelter|p2b: Goodra\n|-boost|p2b: Goodra|def|2\n|move|p2a: Scream Tail|Trick Room|p2a: Scream Tail\n|-fieldstart|move: Trick Room|[of] p2a: Scream Tail\n|\n|-weather|Snow|[upkeep]\n|upkeep\n|turn|2\n|\n|t:|1701126672\n|move|p1a: Dairy Queen|Baby-Doll Eyes|p2a: Scream Tail\n|-unboost|p2a: Scream Tail|atk|1\n|move|p2b: Goodra|Heavy Slam|p1a: Dairy Queen\n|-supereffective|p1a: Dairy Queen\n|-crit|p1a: Dairy Queen\n|-damage|p1a: Dairy Queen|0 fnt\n|faint|p1a: Dairy Queen\n|move|p1b: Hellfire Chicken|Fiery Wrath|p2a: Scream Tail|[spread] p2a,p2b\n|-damage|p2a: Scream Tail|54\/100\n|-damage|p2b: Goodra|62\/100\n|move|p2a: Scream Tail|Howl|p2a: Scream Tail|[spread] p2a,p2b\n|-boost|p2a: Scream Tail|atk|1\n|-boost|p2b: Goodra|atk|1\n|\n|-weather|Snow|[upkeep]\n|upkeep\n|\n|t:|1701126687\n|switch|p1a: Lando Calrissian|Landorus-Therian, L50, M, shiny|100\/100\n|-ability|p1a: Lando Calrissian|Intimidate|boost\n|-unboost|p2a: Scream Tail|atk|1\n|-unboost|p2b: Goodra|atk|1\n|turn|3\n|\n|t:|1701126698\n|switch|p1a: Titanus Gojira|Baxcalibur, L50, M|100\/100\n|move|p2b: Goodra|Body Press|p1b: Hellfire Chicken\n|-damage|p1b: Hellfire Chicken|72\/100\n|move|p1b: Hellfire Chicken|Fiery Wrath|p2b: Goodra|[spread] p2a,p2b\n|-damage|p2a: Scream Tail|3\/100\n|-damage|p2b: Goodra|21\/100\n|move|p2a: Scream Tail|Psychic Fangs|p1a: Titanus Gojira\n|-sideend|p1: Matcha Man Savage|move: Aurora Veil\n|-damage|p1a: Titanus Gojira|88\/100\n|\n|-weather|Snow|[upkeep]\n|upkeep\n|turn|4\n|\n|t:|1701126720\n|-terastallize|p1b: Hellfire Chicken|Poison\n|move|p1a: Titanus Gojira|Ice Shard|p2a: Scream Tail\n|-damage|p2a: Scream Tail|0 fnt\n|faint|p2a: Scream Tail\n|-end|p2a: Scream Tail|Protosynthesis|[silent]\n|move|p2b: Goodra|Body Press|p1a: Titanus Gojira\n|-supereffective|p1a: Titanus Gojira\n|-damage|p1a: Titanus Gojira|27\/100\n|move|p1b: Hellfire Chicken|Fiery Wrath|p2b: Goodra\n|-damage|p2b: Goodra|0 fnt\n|faint|p2b: Goodra\n|\n|-weather|Snow|[upkeep]\n|upkeep\n|\n|t:|1701126731\n|switch|p2b: Ninetales|Ninetales-Alola, L50, F, shiny|100\/100\n|switch|p2a: Moltres|Moltres-Galar, L50|100\/100\n|turn|5\n|\n|t:|1701126758\n|move|p1a: Titanus Gojira|Ice Shard|p2a: Moltres\n|-supereffective|p2a: Moltres\n|-damage|p2a: Moltres|61\/100\n|-enditem|p2a: Moltres|Weakness Policy\n|-boost|p2a: Moltres|atk|2|[from] item: Weakness Policy\n|-boost|p2a: Moltres|spa|2|[from] item: Weakness Policy\n|move|p1b: Hellfire Chicken|Tailwind|p1b: Hellfire Chicken\n|-sidestart|p1: Matcha Man Savage|move: Tailwind\n|move|p2a: Moltres|Nasty Plot|p2a: Moltres\n|-boost|p2a: Moltres|spa|2\n|move|p2b: Ninetales|Aurora Veil|p2b: Ninetales\n|-sidestart|p2: Pastor\/Sinner|move: Aurora Veil\n|\n|-weather|none\n|-fieldend|move: Trick Room\n|upkeep\n|turn|6\n|\n|t:|1701126773\n|-terastallize|p2a: Moltres|Poison\n|move|p1b: Hellfire Chicken|Fiery Wrath|p2a: Moltres|[spread] p2a,p2b\n|-resisted|p2b: Ninetales\n|-damage|p2a: Moltres|26\/100\n|-damage|p2b: Ninetales|79\/100\n|-ability|p2a: Moltres|Berserk|boost\n|-boost|p2a: Moltres|spa|1\n|move|p1a: Titanus Gojira|Glaive Rush|p2a: Moltres\n|-damage|p2a: Moltres|0 fnt\n|-singlemove|p1a: Titanus Gojira|Glaive Rush|[silent]\n|faint|p2a: Moltres\n|move|p2b: Ninetales|Icy Wind|p1a: Titanus Gojira|[spread] p1a,p1b\n|-damage|p1a: Titanus Gojira|8\/100\n|-damage|p1b: Hellfire Chicken|62\/100\n|-unboost|p1b: Hellfire Chicken|spe|1\n|\n|upkeep\n|turn|7\n|\n|t:|1701126791\n|move|p1a: Titanus Gojira|Ice Shard|p2b: Ninetales\n|-resisted|p2b: Ninetales\n|-damage|p2b: Ninetales|70\/100\n|move|p2b: Ninetales|Icy Wind|p1a: Titanus Gojira|[spread] p1b\n|-miss|p2b: Ninetales|p1a: Titanus Gojira\n|-damage|p1b: Hellfire Chicken|53\/100\n|-unboost|p1b: Hellfire Chicken|spe|1\n|move|p1b: Hellfire Chicken|Fiery Wrath|p2b: Ninetales\n|-resisted|p2b: Ninetales\n|-damage|p2b: Ninetales|43\/100\n|\n|upkeep\n|turn|8\n|\n|t:|1701126808\n|move|p1a: Titanus Gojira|Ice Shard|p2b: Ninetales\n|-resisted|p2b: Ninetales\n|-damage|p2b: Ninetales|34\/100\n|move|p2b: Ninetales|Icy Wind|p1b: Hellfire Chicken|[spread] p1a,p1b\n|-damage|p1a: Titanus Gojira|0 fnt\n|-damage|p1b: Hellfire Chicken|44\/100\n|-unboost|p1b: Hellfire Chicken|spe|1\n|faint|p1a: Titanus Gojira\n|-ability|p1b: Hellfire Chicken|Berserk|boost\n|-boost|p1b: Hellfire Chicken|spa|1\n|move|p1b: Hellfire Chicken|Fiery Wrath|p2b: Ninetales\n|-resisted|p2b: Ninetales\n|-damage|p2b: Ninetales|2\/100\n|\n|-sideend|p1: Matcha Man Savage|move: Tailwind\n|upkeep\n|\n|t:|1701126820\n|switch|p1a: Lando Calrissian|Landorus-Therian, L50, M, shiny|100\/100\n|-ability|p1a: Lando Calrissian|Intimidate|boost\n|-unboost|p2b: Ninetales|atk|1\n|turn|9\n|\n|t:|1701126825\n|move|p1a: Lando Calrissian|U-turn|p2b: Ninetales\n|-resisted|p2b: Ninetales\n|-damage|p2b: Ninetales|0 fnt\n|faint|p2b: Ninetales\n|\n|win|Matcha Man Savage\n|c|&|\/uhtml prompt-pastorsinner,Pastor&#x2f;Sinner is ready for game 3!\n|c|&|\/uhtml prompt-matchamansavage,Matcha Man Savage is ready for game 3!\nBoth players are ready! Starting next match!\n|l|\u2606Pastor\/Sinner\n","uploadtime":1701126835,"views":5,"p1id":"matchamansavage","p2id":"pastorsinner","formatid":"gen9vgc2023regulatione","rating":0,"private":0,"password":""}