{"id":"gen9vgc2023regulatione-1996802059","p1":"Minimugs","p2":"Lurvas","format":"[Gen 9] VGC 2023 Regulation E","log":"|j|\u2606Minimugs\n|j|\u2606Lurvas\n|t:|1700727686\n|gametype|doubles\n|player|p1|Minimugs|steven|1160\n|player|p2|Lurvas|alder|1000\n|teamsize|p1|6\n|teamsize|p2|6\n|gen|9\n|tier|[Gen 9] VGC 2023 Regulation E\n|rated|\n|rule|Species Clause: Limit one of each Pok\u00e9mon\n|rule|Item Clause: Limit one of each item\n|clearpoke\n|poke|p1|Iron Hands, L50|\n|poke|p1|Articuno-Galar, L50|\n|poke|p1|Chi-Yu, L50|\n|poke|p1|Amoonguss, L50, F|\n|poke|p1|Gyarados, L50, F|\n|poke|p1|Grimmsnarl, L50, M|\n|poke|p2|Farigiraf, L50, F|\n|poke|p2|Landorus, L50, M|\n|poke|p2|Urshifu-*, L50, F|\n|poke|p2|Heatran, L50, M|\n|poke|p2|Iron Bundle, L50|\n|poke|p2|Rillaboom, L50, F|\n|teampreview|4\n|inactive|Battle timer is ON: inactive players will automatically lose when time's up. (requested by Minimugs)\nLurvas has agreed to open team sheets.\n|inactive|Lurvas has 60 seconds left.\n|\n|t:|1700727718\n|start\n|switch|p1a: Articuno|Articuno-Galar, L50|100\/100\n|switch|p1b: Chi-Yu|Chi-Yu, L50|100\/100\n|switch|p2a: Landorus|Landorus, L50, M|100\/100\n|switch|p2b: Rillaboom|Rillaboom, L50, F|100\/100\n|-ability|p1b: Chi-Yu|Beads of Ruin\n|-fieldstart|move: Grassy Terrain|[from] ability: Grassy Surge|[of] p2b: Rillaboom\n|turn|1\n|\n|t:|1700727733\n|switch|p2b: Heatran|Heatran, L50, M|100\/100\n|-terastallize|p1b: Chi-Yu|Water\n|move|p2a: Landorus|Protect|p2a: Landorus\n|-singleturn|p2a: Landorus|Protect\n|move|p1a: Articuno|Protect|p1a: Articuno\n|-singleturn|p1a: Articuno|Protect\n|move|p1b: Chi-Yu|Nasty Plot|p1b: Chi-Yu\n|-boost|p1b: Chi-Yu|spa|2\n|\n|upkeep\n|turn|2\n|inactive|Lurvas has 30 seconds left.\n|\n|t:|1700727759\n|move|p2a: Landorus|Sludge Bomb|p1b: Chi-Yu\n|-damage|p1b: Chi-Yu|51\/100\n|move|p1a: Articuno|Tailwind|p1a: Articuno\n|-sidestart|p1: Minimugs|move: Tailwind\n|move|p1b: Chi-Yu|Dark Pulse|p2b: Heatran\n|-damage|p2b: Heatran|32\/100\n|cant|p2b: Heatran|flinch\n|\n|-heal|p1b: Chi-Yu|57\/100|[from] Grassy Terrain\n|-heal|p2b: Heatran|38\/100|[from] Grassy Terrain\n|upkeep\n|turn|3\n|inactive|Minimugs has 30 seconds left.\n|\n|t:|1700727788\n|move|p1a: Articuno|Freezing Glare|p2b: Heatran\n|-resisted|p2b: Heatran\n|-damage|p2b: Heatran|20\/100\n|move|p1b: Chi-Yu|Nasty Plot|p1b: Chi-Yu\n|-boost|p1b: Chi-Yu|spa|2\n|move|p2a: Landorus|Sludge Bomb|p1b: Chi-Yu\n|-damage|p1b: Chi-Yu|10\/100\n|move|p2b: Heatran|Flash Cannon|p1b: Chi-Yu\n|-resisted|p1b: Chi-Yu\n|-damage|p1b: Chi-Yu|0 fnt\n|faint|p1b: Chi-Yu\n|\n|-heal|p2b: Heatran|26\/100|[from] Grassy Terrain\n|upkeep\n|\n|t:|1700727791\n|switch|p1b: Amoonguss|Amoonguss, L50, F|100\/100\n|turn|4\n|\n|t:|1700727805\n|move|p1a: Articuno|Freezing Glare|p2a: Landorus\n|-damage|p2a: Landorus|39\/100\n|move|p2a: Landorus|Earth Power|p1b: Amoonguss\n|-damage|p1b: Amoonguss|37\/100\n|move|p1b: Amoonguss|Spore|p2b: Heatran\n|-status|p2b: Heatran|slp|[from] move: Spore\n|cant|p2b: Heatran|slp\n|\n|-heal|p1b: Amoonguss|43\/100|[from] Grassy Terrain\n|-heal|p2b: Heatran|32\/100 slp|[from] Grassy Terrain\n|upkeep\n|turn|5\n|\n|t:|1700727822\n|switch|p1b: Gyarados|Gyarados, L50, F|100\/100\n|-ability|p1b: Gyarados|Intimidate|boost\n|-unboost|p2a: Landorus|atk|1\n|-unboost|p2b: Heatran|atk|1\n|switch|p2b: Rillaboom|Rillaboom, L50, F|100\/100\n|move|p2a: Landorus|Protect|p2a: Landorus\n|-singleturn|p2a: Landorus|Protect\n|move|p1a: Articuno|Freezing Glare|p2a: Landorus\n|-activate|p2a: Landorus|move: Protect\n|\n|-sideend|p1: Minimugs|move: Tailwind\n|-fieldend|move: Grassy Terrain\n|upkeep\n|turn|6\n|\n|t:|1700727839\n|switch|p2a: Heatran|Heatran, L50, M|32\/100 slp\n|move|p1a: Articuno|Protect|p1a: Articuno\n|-singleturn|p1a: Articuno|Protect\n|move|p1b: Gyarados|Protect|p1b: Gyarados\n|-singleturn|p1b: Gyarados|Protect\n|move|p2b: Rillaboom|Taunt|p1b: Gyarados\n|-activate|p1b: Gyarados|move: Protect\n|\n|upkeep\n|turn|7\n|\n|t:|1700727860\n|move|p1a: Articuno|Tailwind|p1a: Articuno\n|-sidestart|p1: Minimugs|move: Tailwind\n|move|p1b: Gyarados|Waterfall|p2a: Heatran\n|-supereffective|p2a: Heatran\n|-damage|p2a: Heatran|0 fnt\n|faint|p2a: Heatran\n|move|p2b: Rillaboom|Taunt|p1b: Gyarados\n|-start|p1b: Gyarados|move: Taunt\n|\n|upkeep\n|\n|t:|1700727872\n|switch|p2a: Iron Bundle|Iron Bundle, L50|100\/100\n|-enditem|p2a: Iron Bundle|Booster Energy\n|-activate|p2a: Iron Bundle|ability: Quark Drive|[fromitem]\n|-start|p2a: Iron Bundle|quarkdrivespe\n|turn|8\n|\n|t:|1700727883\n|switch|p1b: Amoonguss|Amoonguss, L50, F|76\/100\n|move|p2a: Iron Bundle|Protect|p2a: Iron Bundle\n|-singleturn|p2a: Iron Bundle|Protect\n|move|p1a: Articuno|Shadow Ball|p2a: Iron Bundle\n|-activate|p2a: Iron Bundle|move: Protect\n|move|p2b: Rillaboom|Wood Hammer|p1a: Articuno\n|-resisted|p1a: Articuno\n|-damage|p1a: Articuno|53\/100\n|-damage|p2b: Rillaboom|88\/100|[from] Recoil\n|\n|upkeep\n|turn|9\n|\n|t:|1700727900\n|switch|p2b: Landorus|Landorus, L50, M|39\/100\n|move|p1a: Articuno|Freezing Glare|p2a: Iron Bundle\n|-damage|p2a: Iron Bundle|40\/100\n|move|p2a: Iron Bundle|Icy Wind|p1b: Amoonguss|[spread] p1a,p1b\n|-supereffective|p1a: Articuno\n|-supereffective|p1b: Amoonguss\n|-damage|p1a: Articuno|17\/100\n|-damage|p1b: Amoonguss|44\/100\n|-unboost|p1a: Articuno|spe|1\n|-ability|p1a: Articuno|Competitive|boost\n|-boost|p1a: Articuno|spa|2\n|-unboost|p1b: Amoonguss|spe|1\n|-enditem|p1a: Articuno|Iapapa Berry|[eat]\n|-heal|p1a: Articuno|50\/100|[from] item: Iapapa Berry\n|move|p1b: Amoonguss|Pollen Puff|p1a: Articuno\n|-heal|p1a: Articuno|99\/100\n|\n|upkeep\n|turn|10\n|inactive|Minimugs has 30 seconds left.\n|\n|t:|1700727930\n|move|p1b: Amoonguss|Protect|p1b: Amoonguss\n|-singleturn|p1b: Amoonguss|Protect\n|move|p2a: Iron Bundle|Icy Wind|p1a: Articuno|[spread] \n|-activate|p1b: Amoonguss|move: Protect\n|-miss|p2a: Iron Bundle|p1a: Articuno\n|move|p1a: Articuno|Freezing Glare|p2a: Iron Bundle\n|-damage|p2a: Iron Bundle|0 fnt\n|faint|p2a: Iron Bundle\n|-end|p2a: Iron Bundle|Quark Drive|[silent]\n|move|p2b: Landorus|Earth Power|p1b: Amoonguss\n|-activate|p1b: Amoonguss|move: Protect\n|\n|-sideend|p1: Minimugs|move: Tailwind\n|upkeep\n|\n|t:|1700727942\n|switch|p2a: Rillaboom|Rillaboom, L50, F|88\/100\n|-fieldstart|move: Grassy Terrain|[from] ability: Grassy Surge|[of] p2a: Rillaboom\n|turn|11\n|\n|t:|1700727954\n|switch|p1b: Gyarados|Gyarados, L50, F|100\/100\n|-ability|p1b: Gyarados|Intimidate|boost\n|-unboost|p2a: Rillaboom|atk|1\n|-unboost|p2b: Landorus|atk|1\n|move|p1a: Articuno|Protect|p1a: Articuno\n|-singleturn|p1a: Articuno|Protect\n|move|p2a: Rillaboom|Fake Out|p1a: Articuno\n|-activate|p1a: Articuno|move: Protect\n|move|p2b: Landorus|Earth Power|p1b: Gyarados\n|-immune|p1b: Gyarados\n|\n|-heal|p2a: Rillaboom|94\/100|[from] Grassy Terrain\n|upkeep\n|turn|12\n|\n|t:|1700727975\n|-terastallize|p2a: Rillaboom|Grass\n|move|p2b: Landorus|Sludge Bomb|p1b: Gyarados\n|-damage|p1b: Gyarados|67\/100\n|move|p1b: Gyarados|Thunder Wave|p2a: Rillaboom\n|-status|p2a: Rillaboom|par\n|move|p1a: Articuno|Tailwind|p1a: Articuno\n|-sidestart|p1: Minimugs|move: Tailwind\n|move|p2a: Rillaboom|Wood Hammer|p1a: Articuno\n|-resisted|p1a: Articuno\n|-damage|p1a: Articuno|48\/100\n|-damage|p2a: Rillaboom|80\/100 par|[from] Recoil\n|\n|-heal|p2a: Rillaboom|86\/100 par|[from] Grassy Terrain\n|upkeep\n|turn|13\n|\n|t:|1700727994\n|move|p2b: Landorus|Protect|p2b: Landorus\n|-singleturn|p2b: Landorus|Protect\n|move|p1b: Gyarados|Waterfall|p2b: Landorus\n|-activate|p2b: Landorus|move: Protect\n|move|p1a: Articuno|Freezing Glare|p2a: Rillaboom\n|-damage|p2a: Rillaboom|0 fnt\n|faint|p2a: Rillaboom\n|\n|upkeep\n|turn|14\n|\n|t:|1700728009\n|move|p1b: Gyarados|Waterfall|p2b: Landorus\n|-supereffective|p2b: Landorus\n|-damage|p2b: Landorus|0 fnt\n|faint|p2b: Landorus\n|\n|win|Minimugs\n|raw|Minimugs's rating: 1160 &rarr; <strong>1174<\/strong><br \/>(+14 for winning)\n|raw|Lurvas's rating: 1000 &rarr; <strong>1000<\/strong><br \/>(+0 for losing)\n","uploadtime":1700728013,"views":1,"p1id":"minimugs","p2id":"lurvas","formatid":"gen9vgc2023regulatione","rating":1000,"private":0,"password":""}