{"id":"gen9vgc2023regulatione-1995231831","p1":"beekiroo","p2":"GinGearity","format":"[Gen 9] VGC 2023 Regulation E","log":"|j|\u2606beekiroo\n|j|\u2606GinGearity\n|t:|1700537654\n|gametype|doubles\n|player|p1|beekiroo|leaf-masters|1068\n|player|p2|GinGearity|marshal|1142\n|teamsize|p1|6\n|teamsize|p2|6\n|gen|9\n|tier|[Gen 9] VGC 2023 Regulation E\n|rated|\n|rule|Species Clause: Limit one of each Pok\u00e9mon\n|rule|Item Clause: Limit one of each item\n|clearpoke\n|poke|p1|Urshifu-*, L50, M|\n|poke|p1|Iron Hands, L50|\n|poke|p1|Arcanine-Hisui, L50, M|\n|poke|p1|Flutter Mane, L50|\n|poke|p1|Tornadus, L50, M|\n|poke|p1|Ogerpon, L50, F|\n|poke|p2|Falinks, L50|\n|poke|p2|Indeedee-F, L50, F|\n|poke|p2|Armarouge, L50, M|\n|poke|p2|Dragapult, L50, F|\n|poke|p2|Ursaluna, L50, M|\n|poke|p2|Hatterene, L50, F|\n|teampreview|4\n|inactive|Battle timer is ON: inactive players will automatically lose when time's up. (requested by GinGearity)\n|\n|t:|1700537715\n|start\n|switch|p1a: Tornadus|Tornadus, L50, M|100\/100\n|switch|p1b: Iron Hands|Iron Hands, L50|100\/100\n|switch|p2a: La Bruja|Hatterene, L50, F|100\/100\n|switch|p2b: Mucama|Indeedee-F, L50, F|100\/100\n|-fieldstart|move: Psychic Terrain|[from] ability: Psychic Surge|[of] p2b: Mucama\n|-enditem|p1b: Iron Hands|Booster Energy\n|-activate|p1b: Iron Hands|ability: Quark Drive|[fromitem]\n|-start|p1b: Iron Hands|quarkdriveatk\n|turn|1\n|inactive|beekiroo has 30 seconds left.\n|inactive|beekiroo has 20 seconds left.\n|inactive|beekiroo has 15 seconds left.\n|inactive|beekiroo has 10 seconds left.\n|\n|t:|1700537764\n|move|p2b: Mucama|Follow Me|p2b: Mucama\n|-singleturn|p2b: Mucama|move: Follow Me\n|move|p1a: Tornadus|Bleakwind Storm|p2a: La Bruja|[spread] p2a,p2b\n|-damage|p2a: La Bruja|56\/100\n|-damage|p2b: Mucama|63\/100\n|move|p1b: Iron Hands|Swords Dance|p1b: Iron Hands\n|-boost|p1b: Iron Hands|atk|2\n|move|p2a: La Bruja|Trick Room|p2a: La Bruja\n|-fieldstart|move: Trick Room|[of] p2a: La Bruja\n|\n|upkeep\n|turn|2\n|inactive|beekiroo has 30 seconds left.\n|j| mymommyeatsmyfries\n|\n|t:|1700537793\n|-terastallize|p1b: Iron Hands|Ground\n|move|p2b: Mucama|Follow Me|p2b: Mucama\n|-singleturn|p2b: Mucama|move: Follow Me\n|move|p1a: Tornadus|Tailwind|p1a: Tornadus\n|-sidestart|p1: beekiroo|move: Tailwind\n|move|p2a: La Bruja|Dazzling Gleam|p1b: Iron Hands|[spread] p1a,p1b\n|-damage|p1a: Tornadus|63\/100\n|-damage|p1b: Iron Hands|67\/100\n|move|p1b: Iron Hands|Earthquake|p2b: Mucama|[spread] p2a,p2b\n|-immune|p1a: Tornadus\n|-damage|p2a: La Bruja|0 fnt\n|-damage|p2b: Mucama|0 fnt\n|faint|p2a: La Bruja\n|faint|p2b: Mucama\n|\n|upkeep\n|\n|t:|1700537806\n|switch|p2a: Oso Marron|Ursaluna, L50, M|100\/100\n|switch|p2b: Corazon|Armarouge, L50, M|100\/100\n|turn|3\n|\n|t:|1700537826\n|move|p2a: Oso Marron|Protect|p2a: Oso Marron\n|-singleturn|p2a: Oso Marron|Protect\n|move|p2b: Corazon|Endure|p2b: Corazon\n|-singleturn|p2b: Corazon|move: Endure\n|move|p1a: Tornadus|Rain Dance|p1a: Tornadus\n|-weather|RainDance\n|move|p1b: Iron Hands|Earthquake|p2b: Corazon|[spread] p2b\n|-activate|p2a: Oso Marron|move: Protect\n|-immune|p1a: Tornadus\n|-supereffective|p2b: Corazon\n|-activate|p2b: Corazon|move: Endure\n|-damage|p2b: Corazon|1\/100\n|-ability|p2b: Corazon|Weak Armor|boost\n|-unboost|p2b: Corazon|def|1\n|-boost|p2b: Corazon|spe|2\n|-enditem|p2b: Corazon|Weakness Policy\n|-boost|p2b: Corazon|atk|2|[from] item: Weakness Policy\n|-boost|p2b: Corazon|spa|2|[from] item: Weakness Policy\n|\n|-weather|RainDance|[upkeep]\n|-status|p2a: Oso Marron|brn|[from] item: Flame Orb\n|upkeep\n|turn|4\n|inactive|GinGearity has 30 seconds left.\n|inactive|GinGearity has 20 seconds left.\n|\n|t:|1700537864\n|-terastallize|p2b: Corazon|Psychic\n|move|p2a: Oso Marron|Facade|p1b: Iron Hands\n|-damage|p1b: Iron Hands|0 fnt\n|faint|p1b: Iron Hands\n|-end|p1b: Iron Hands|Quark Drive|[silent]\n|move|p2b: Corazon|Expanding Force|p1a: Tornadus\n|-damage|p1a: Tornadus|0 fnt\n|faint|p1a: Tornadus\n|\n|-weather|RainDance|[upkeep]\n|-damage|p2a: Oso Marron|95\/100 brn|[from] brn\n|upkeep\n|\n|t:|1700537870\n|switch|p1b: Ogerpon|Ogerpon, L50, F|100\/100\n|switch|p1a: Urshifu|Urshifu, L50, M|100\/100\n|turn|5\n|\n|t:|1700537882\n|move|p1a: Urshifu|Detect|p1a: Urshifu\n|-singleturn|p1a: Urshifu|Protect\n|move|p1b: Ogerpon|Spiky Shield|p1b: Ogerpon\n|-singleturn|p1b: Ogerpon|move: Protect\n|move|p2a: Oso Marron|Facade|p1a: Urshifu\n|-activate|p1a: Urshifu|move: Protect\n|move|p2b: Corazon|Armor Cannon|p1b: Ogerpon\n|-activate|p1b: Ogerpon|move: Protect\n|\n|-weather|RainDance|[upkeep]\n|-damage|p2a: Oso Marron|89\/100 brn|[from] brn\n|-sideend|p1: beekiroo|move: Tailwind\n|-fieldend|move: Trick Room\n|-fieldend|move: Psychic Terrain\n|upkeep\n|turn|6\n|inactive|GinGearity has 30 seconds left.\n|\n|t:|1700537909\n|move|p1a: Urshifu|Sucker Punch|p2b: Corazon\n|-supereffective|p2b: Corazon\n|-crit|p2b: Corazon\n|-damage|p2b: Corazon|0 fnt\n|faint|p2b: Corazon\n|move|p1b: Ogerpon|Ivy Cudgel|p2a: Oso Marron\n|-supereffective|p2a: Oso Marron\n|-crit|p2a: Oso Marron\n|-damage|p2a: Oso Marron|0 fnt\n|faint|p2a: Oso Marron\n|\n|win|beekiroo\n|raw|beekiroo's rating: 1068 &rarr; <strong>1104<\/strong><br \/>(+36 for winning)\n|raw|GinGearity's rating: 1142 &rarr; <strong>1112<\/strong><br \/>(-30 for losing)\n|c|\u2606beekiroo|gg\n","uploadtime":1700537923,"views":10,"p1id":"beekiroo","p2id":"gingearity","formatid":"gen9vgc2023regulatione","rating":1104,"private":0,"password":""}