{"id":"gen9vgc2023regulatione-1999173108","p1":"Venefici","p2":"jordan hd 2020","format":"[Gen 9] VGC 2023 Regulation E","log":"|j|\u2606Venefici\n|j|\u2606jordan hd 2020\n|t:|1701041307\n|gametype|doubles\n|player|p1|Venefici|hugh|1129\n|player|p2|jordan hd 2020|101|1030\n|teamsize|p1|6\n|teamsize|p2|5\n|gen|9\n|tier|[Gen 9] VGC 2023 Regulation E\n|rated|\n|rule|Species Clause: Limit one of each Pok\u00e9mon\n|rule|Item Clause: Limit one of each item\n|clearpoke\n|poke|p1|Volcarona, L50, F|\n|poke|p1|Sinistcha, L50|\n|poke|p1|Cetitan, L50, F|\n|poke|p1|Milotic, L50, F|\n|poke|p1|Ninetales-Alola, L50, M|\n|poke|p1|Iron Hands, L50|\n|poke|p2|Meowscarada, L50, F|\n|poke|p2|Sableye, L50, F|\n|poke|p2|Gholdengo, L50|\n|poke|p2|Flutter Mane, L50|\n|poke|p2|Chi-Yu, L50|\n|teampreview|4\n|inactive|Battle timer is ON: inactive players will automatically lose when time's up. (requested by Venefici)\n|inactive|jordan hd 2020 has 60 seconds left.\n|\n|t:|1701041341\n|start\n|switch|p1a: Ninetales|Ninetales-Alola, L50, M|100\/100\n|switch|p1b: Cetitan|Cetitan, L50, F|100\/100\n|switch|p2a: Meowscarada|Meowscarada, L50, F|100\/100\n|switch|p2b: Sableye|Sableye, L50, F|100\/100\n|-weather|Snow|[from] ability: Snow Warning|[of] p1a: Ninetales\n|turn|1\n|inactive|Venefici has 30 seconds left.\n|inactive|Venefici has 20 seconds left.\n|inactive|Venefici has 15 seconds left.\n|\n|t:|1701041381\n|move|p2b: Sableye|Sunny Day|p2b: Sableye\n|-weather|SunnyDay\n|move|p2a: Meowscarada|U-turn|p1a: Ninetales\n|-start|p2a: Meowscarada|typechange|Bug|[from] ability: Protean\n|-resisted|p1a: Ninetales\n|-damage|p1a: Ninetales|80\/100\n|\n|t:|1701041394\n|switch|p2a: Gholdengo|Gholdengo, L50|100\/100|[from] U-turn\n|move|p1a: Ninetales|Aurora Veil||[still]\n|-fail|p1a: Ninetales\n|move|p1b: Cetitan|Belly Drum|p1b: Cetitan\n|-damage|p1b: Cetitan|50\/100\n|-setboost|p1b: Cetitan|atk|6|[from] move: Belly Drum\n|-enditem|p1b: Cetitan|Sitrus Berry|[eat]\n|-heal|p1b: Cetitan|75\/100|[from] item: Sitrus Berry\n|\n|-weather|SunnyDay|[upkeep]\n|upkeep\n|turn|2\n|\n|t:|1701041418\n|switch|p1a: Volcarona|Volcarona, L50, F|100\/100\n|-terastallize|p1b: Cetitan|Water\n|move|p1b: Cetitan|Protect|p1b: Cetitan\n|-singleturn|p1b: Cetitan|Protect\n|move|p2b: Sableye|Encore|p1b: Cetitan\n|-activate|p1b: Cetitan|move: Protect\n|move|p2a: Gholdengo|Make It Rain|p1a: Volcarona|[spread] p1a\n|-activate|p1b: Cetitan|move: Protect\n|-resisted|p1a: Volcarona\n|-crit|p1a: Volcarona\n|-damage|p1a: Volcarona|69\/100\n|-unboost|p2a: Gholdengo|spa|1\n|\n|-weather|SunnyDay|[upkeep]\n|-heal|p1a: Volcarona|74\/100|[from] item: Leftovers\n|upkeep\n|turn|3\n|\n|t:|1701041438\n|move|p2a: Gholdengo|Protect|p2a: Gholdengo\n|-singleturn|p2a: Gholdengo|Protect\n|move|p1b: Cetitan|Ice Shard|p2b: Sableye\n|-damage|p2b: Sableye|11\/100\n|move|p2b: Sableye|Will-O-Wisp|p1b: Cetitan|[miss]\n|-miss|p2b: Sableye|p1b: Cetitan\n|move|p1a: Volcarona|Fiery Dance|p2a: Gholdengo\n|-activate|p2a: Gholdengo|move: Protect\n|\n|-weather|SunnyDay|[upkeep]\n|-heal|p1a: Volcarona|80\/100|[from] item: Leftovers\n|upkeep\n|turn|4\n|inactive|jordan hd 2020 has 30 seconds left.\n|inactive|jordan hd 2020 has 20 seconds left.\n|\n|t:|1701041476\n|move|p1b: Cetitan|Protect|p1b: Cetitan\n|-singleturn|p1b: Cetitan|Protect\n|move|p2b: Sableye|Will-O-Wisp|p1b: Cetitan\n|-activate|p1b: Cetitan|move: Protect\n|move|p2a: Gholdengo|Nasty Plot|p2a: Gholdengo\n|-boost|p2a: Gholdengo|spa|2\n|move|p1a: Volcarona|Fiery Dance|p2a: Gholdengo\n|-supereffective|p2a: Gholdengo\n|-damage|p2a: Gholdengo|0 fnt\n|-boost|p1a: Volcarona|spa|1\n|faint|p2a: Gholdengo\n|\n|-weather|SunnyDay|[upkeep]\n|-heal|p1a: Volcarona|86\/100|[from] item: Leftovers\n|upkeep\n|\n|t:|1701041490\n|switch|p2a: Chi-Yu|Chi-Yu, L50|100\/100\n|-ability|p2a: Chi-Yu|Beads of Ruin\n|turn|5\n|inactive|jordan hd 2020 has 30 seconds left.\n|inactive|jordan hd 2020 has 20 seconds left.\n|\n|t:|1701041528\n|-terastallize|p2a: Chi-Yu|Grass\n|move|p2b: Sableye|Quash|p1b: Cetitan\n|-activate|p1b: Cetitan|move: Quash\n|move|p2a: Chi-Yu|Dark Pulse|p1b: Cetitan\n|-crit|p1b: Cetitan\n|-damage|p1b: Cetitan|0 fnt\n|faint|p1b: Cetitan\n|-damage|p2a: Chi-Yu|90\/100|[from] item: Life Orb\n|move|p1a: Volcarona|Fiery Dance|p2b: Sableye\n|-crit|p2b: Sableye\n|-damage|p2b: Sableye|0 fnt\n|faint|p2b: Sableye\n|\n|-weather|none\n|-heal|p1a: Volcarona|92\/100|[from] item: Leftovers\n|upkeep\n|\n|t:|1701041543\n|switch|p1b: Ninetales|Ninetales-Alola, L50, M|80\/100\n|switch|p2b: Meowscarada|Meowscarada, L50, F|100\/100\n|-weather|Snow|[from] ability: Snow Warning|[of] p1b: Ninetales\n|turn|6\n|inactive|jordan hd 2020 has 30 seconds left.\n|\n|t:|1701041571\n|move|p1b: Ninetales|Protect|p1b: Ninetales\n|-singleturn|p1b: Ninetales|Protect\n|move|p2b: Meowscarada|Play Rough|p1a: Volcarona\n|-start|p2b: Meowscarada|typechange|Fairy|[from] ability: Protean\n|-resisted|p1a: Volcarona\n|-damage|p1a: Volcarona|73\/100\n|-status|p2b: Meowscarada|brn|[from] ability: Flame Body|[of] p1a: Volcarona\n|move|p2a: Chi-Yu|Overheat|p1b: Ninetales\n|-activate|p1b: Ninetales|move: Protect\n|move|p1a: Volcarona|Fiery Dance|p2a: Chi-Yu\n|-supereffective|p2a: Chi-Yu\n|-damage|p2a: Chi-Yu|0 fnt\n|-boost|p1a: Volcarona|spa|1\n|faint|p2a: Chi-Yu\n|\n|-weather|Snow|[upkeep]\n|-heal|p1a: Volcarona|79\/100|[from] item: Leftovers\n|-damage|p2b: Meowscarada|95\/100 brn|[from] brn\n|upkeep\n|turn|7\n|inactive|Venefici has 30 seconds left.\n|\n|t:|1701041597\n|move|p2b: Meowscarada|Play Rough|p1b: Ninetales\n|-damage|p1b: Ninetales|64\/100\n|move|p1b: Ninetales|Aurora Veil|p1b: Ninetales\n|-sidestart|p1: Venefici|move: Aurora Veil\n|move|p1a: Volcarona|Quiver Dance|p1a: Volcarona\n|-boost|p1a: Volcarona|spa|1\n|-boost|p1a: Volcarona|spd|1\n|-boost|p1a: Volcarona|spe|1\n|\n|-weather|Snow|[upkeep]\n|-heal|p1a: Volcarona|85\/100|[from] item: Leftovers\n|-damage|p2b: Meowscarada|89\/100 brn|[from] brn\n|upkeep\n|turn|8\n|\n|t:|1701041612\n|move|p2b: Meowscarada|Play Rough|p1a: Volcarona\n|-resisted|p1a: Volcarona\n|-damage|p1a: Volcarona|78\/100\n|-unboost|p1a: Volcarona|atk|1\n|move|p1a: Volcarona|Fiery Dance|p2b: Meowscarada\n|-damage|p2b: Meowscarada|0 fnt\n|-boost|p1a: Volcarona|spa|1\n|faint|p2b: Meowscarada\n|\n|win|Venefici\n|raw|Venefici's rating: 1129 &rarr; <strong>1147<\/strong><br \/>(+18 for winning)\n|raw|jordan hd 2020's rating: 1030 &rarr; <strong>1020<\/strong><br \/>(-10 for losing)\n|l|\u2606jordan hd 2020\n","uploadtime":1701041623,"views":3,"p1id":"venefici","p2id":"jordanhd2020","formatid":"gen9vgc2023regulatione","rating":1020,"private":0,"password":""}