{"id":"gen9vgc2023regulatione-1990428161","p1":"Dhjdjsjeeb","p2":"krenitos","format":"[Gen 9] VGC 2023 Regulation E","log":"|j|\u2606Dhjdjsjeeb\n|j|\u2606krenitos\n|t:|1699969972\n|gametype|doubles\n|player|p1|Dhjdjsjeeb|265|1000\n|player|p2|krenitos|fisherman|1083\n|teamsize|p1|6\n|teamsize|p2|6\n|gen|9\n|tier|[Gen 9] VGC 2023 Regulation E\n|rated|\n|rule|Species Clause: Limit one of each Pok\u00e9mon\n|rule|Item Clause: Limit one of each item\n|clearpoke\n|poke|p1|Murkrow, L50, F|\n|poke|p1|Heatran, L50, M|\n|poke|p1|Sinistcha, L50|\n|poke|p1|Landorus-Therian, L50, M|\n|poke|p1|Chi-Yu, L50|\n|poke|p1|Iron Bundle, L50|\n|poke|p2|Flutter Mane, L50|\n|poke|p2|Glimmora, L50, F|\n|poke|p2|Dusclops, L50, F|\n|poke|p2|Ceruledge, L50, F|\n|poke|p2|Gyarados, L50, F|\n|poke|p2|Annihilape, L50, F|\n|teampreview|4\n|inactive|Battle timer is ON: inactive players will automatically lose when time's up. (requested by krenitos)\nDhjdjsjeeb has agreed to open team sheets.\n|inactive|Dhjdjsjeeb has 60 seconds left.\n|\n|t:|1699970006\n|start\n|switch|p1a: Chi-Yu|Chi-Yu, L50|100\/100\n|switch|p1b: Heatran|Heatran, L50, M, shiny|100\/100\n|switch|p2a: Gyarados|Gyarados, L50, F, shiny|100\/100\n|switch|p2b: Dusclops|Dusclops, L50, F|100\/100\n|-ability|p1a: Chi-Yu|Beads of Ruin\n|-ability|p2a: Gyarados|Intimidate|boost\n|-unboost|p1a: Chi-Yu|atk|1\n|-unboost|p1b: Heatran|atk|1\n|-ability|p2b: Dusclops|Pressure\n|turn|1\n|\n|t:|1699970023\n|move|p2b: Dusclops|Helping Hand|p2a: Gyarados\n|-singleturn|p2a: Gyarados|Helping Hand|[of] p2b: Dusclops\n|move|p1a: Chi-Yu|Nasty Plot|p1a: Chi-Yu\n|-boost|p1a: Chi-Yu|spa|2\n|move|p1b: Heatran|Taunt|p2b: Dusclops\n|-start|p2b: Dusclops|move: Taunt\n|move|p2a: Gyarados|Waterfall|p1a: Chi-Yu\n|-supereffective|p1a: Chi-Yu\n|-damage|p1a: Chi-Yu|0 fnt\n|faint|p1a: Chi-Yu\n|\n|upkeep\n|\n|t:|1699970042\n|switch|p1a: Sinistcha|Sinistcha, L50|100\/100\n|turn|2\n|\n|t:|1699970052\n|switch|p2b: Glimmora|Glimmora, L50, F, shiny|100\/100\n|move|p1b: Heatran|Protect|p1b: Heatran\n|-singleturn|p1b: Heatran|Protect\n|move|p2a: Gyarados|Protect|p2a: Gyarados\n|-singleturn|p2a: Gyarados|Protect\n|move|p1a: Sinistcha|Matcha Gotcha|p2b: Glimmora|[spread] p2b\n|-activate|p2a: Gyarados|move: Protect\n|-damage|p2b: Glimmora|71\/100\n|\n|-heal|p2b: Glimmora|77\/100|[from] item: Leftovers\n|upkeep\n|turn|3\n|\n|t:|1699970072\n|switch|p1b: Landorus|Landorus-Therian, L50, M, shiny|100\/100\n|-ability|p1b: Landorus|Intimidate|boost\n|-unboost|p2a: Gyarados|atk|1\n|-unboost|p2b: Glimmora|atk|1\n|move|p2b: Glimmora|Sludge Bomb|p1a: Sinistcha\n|-damage|p1a: Sinistcha|49\/100\n|move|p2a: Gyarados|Waterfall|p1b: Landorus\n|-supereffective|p1b: Landorus\n|-damage|p1b: Landorus|15\/100\n|move|p1a: Sinistcha|Matcha Gotcha|p2a: Gyarados|[spread] p2a\n|-miss|p1a: Sinistcha|p2b: Glimmora\n|-damage|p2a: Gyarados|77\/100\n|-heal|p1a: Sinistcha|63\/100|[from] drain|[of] p2a: Gyarados\n|\n|-heal|p2b: Glimmora|83\/100|[from] item: Leftovers\n|upkeep\n|turn|4\n|\n|t:|1699970096\n|switch|p2a: Dusclops|Dusclops, L50, F|100\/100\n|-ability|p2a: Dusclops|Pressure\n|move|p2b: Glimmora|Spiky Shield|p2b: Glimmora\n|-singleturn|p2b: Glimmora|move: Protect\n|move|p1b: Landorus|Rock Slide|p2b: Glimmora|[spread] p2a\n|-activate|p2b: Glimmora|move: Protect\n|-damage|p2a: Dusclops|88\/100\n|move|p1a: Sinistcha|Matcha Gotcha|p2b: Glimmora|[spread] p2a\n|-activate|p2b: Glimmora|move: Protect\n|-damage|p2a: Dusclops|75\/100\n|-heal|p1a: Sinistcha|69\/100|[from] drain|[of] p2a: Dusclops\n|\n|-heal|p2b: Glimmora|88\/100|[from] item: Leftovers\n|upkeep\n|turn|5\n|\n|t:|1699970114\n|switch|p2b: Gyarados|Gyarados, L50, F, shiny|77\/100\n|-ability|p2b: Gyarados|Intimidate|boost\n|-unboost|p1a: Sinistcha|atk|1\n|-unboost|p1b: Landorus|atk|1\n|move|p1b: Landorus|Rock Slide|p2b: Gyarados|[spread] p2a\n|-miss|p1b: Landorus|p2b: Gyarados\n|-damage|p2a: Dusclops|65\/100\n|move|p1a: Sinistcha|Matcha Gotcha|p2b: Gyarados|[spread] p2a,p2b\n|-damage|p2a: Dusclops|50\/100\n|-heal|p1a: Sinistcha|75\/100|[from] drain|[of] p2a: Dusclops\n|-damage|p2b: Gyarados|54\/100\n|-heal|p1a: Sinistcha|88\/100|[from] drain|[of] p2b: Gyarados\n|move|p2a: Dusclops|Trick Room|p2a: Dusclops\n|-fieldstart|move: Trick Room|[of] p2a: Dusclops\n|\n|upkeep\n|turn|6\n|\n|t:|1699970133\n|switch|p1b: Heatran|Heatran, L50, M, shiny|100\/100\n|move|p2a: Dusclops|Night Shade|p1a: Sinistcha\n|-damage|p1a: Sinistcha|58\/100\n|move|p1a: Sinistcha|Matcha Gotcha|p2b: Gyarados|[spread] p2a,p2b\n|-damage|p2a: Dusclops|35\/100\n|-heal|p1a: Sinistcha|65\/100|[from] drain|[of] p2a: Dusclops\n|-damage|p2b: Gyarados|30\/100\n|-heal|p1a: Sinistcha|79\/100|[from] drain|[of] p2b: Gyarados\n|move|p2b: Gyarados|Waterfall|p1b: Heatran\n|-supereffective|p1b: Heatran\n|-damage|p1b: Heatran|30\/100\n|\n|-heal|p1b: Heatran|36\/100|[from] item: Leftovers\n|upkeep\n|turn|7\n|\n|t:|1699970156\n|move|p2a: Dusclops|Helping Hand|p2b: Gyarados\n|-singleturn|p2b: Gyarados|Helping Hand|[of] p2a: Dusclops\n|move|p1b: Heatran|Protect|p1b: Heatran\n|-singleturn|p1b: Heatran|Protect\n|move|p1a: Sinistcha|Matcha Gotcha|p2b: Gyarados|[spread] p2a,p2b\n|-damage|p2a: Dusclops|20\/100\n|-heal|p1a: Sinistcha|85\/100|[from] drain|[of] p2a: Dusclops\n|-damage|p2b: Gyarados|6\/100\n|-heal|p1a: Sinistcha|99\/100|[from] drain|[of] p2b: Gyarados\n|move|p2b: Gyarados|Ice Fang|p1a: Sinistcha\n|-supereffective|p1a: Sinistcha\n|-damage|p1a: Sinistcha|40\/100\n|\n|-heal|p1b: Heatran|42\/100|[from] item: Leftovers\n|upkeep\n|turn|8\n|inactive|Dhjdjsjeeb has 30 seconds left.\n|inactive|krenitos has 30 seconds left.\n|inactive|krenitos has 20 seconds left.\n|inactive|krenitos has 15 seconds left.\n|inactive|krenitos has 10 seconds left.\n|inactive|krenitos has 5 seconds left.\n|\n|t:|1699970211\n|move|p2a: Dusclops|Night Shade|p1b: Heatran\n|-damage|p1b: Heatran|17\/100\n|move|p1a: Sinistcha|Matcha Gotcha|p2b: Gyarados|[spread] p2a\n|-miss|p1a: Sinistcha|p2b: Gyarados\n|-damage|p2a: Dusclops|6\/100\n|-heal|p1a: Sinistcha|46\/100|[from] drain|[of] p2a: Dusclops\n|-status|p2a: Dusclops|brn\n|move|p2b: Gyarados|Waterfall|p1b: Heatran\n|-supereffective|p1b: Heatran\n|-damage|p1b: Heatran|0 fnt\n|faint|p1b: Heatran\n|\n|-damage|p2a: Dusclops|0 fnt|[from] brn\n|faint|p2a: Dusclops\n|upkeep\n|inactive|krenitos has 30 seconds left.\n|inactive|krenitos has 20 seconds left.\n|\n|t:|1699970251\n|switch|p2a: Glimmora|Glimmora, L50, F, shiny|88\/100\n|switch|p1b: Landorus|Landorus-Therian, L50, M, shiny|15\/100\n|-ability|p1b: Landorus|Intimidate|boost\n|-unboost|p2a: Glimmora|atk|1\n|-unboost|p2b: Gyarados|atk|1\n|turn|9\n|\n|t:|1699970273\n|switch|p2b: Ceruledge|Ceruledge, L50, F|100\/100\n|-terastallize|p2a: Glimmora|Grass\n|move|p1a: Sinistcha|Matcha Gotcha|p2a: Glimmora|[spread] p2a\n|-miss|p1a: Sinistcha|p2b: Ceruledge\n|-resisted|p2a: Glimmora\n|-damage|p2a: Glimmora|76\/100\n|-heal|p1a: Sinistcha|52\/100|[from] drain|[of] p2a: Glimmora\n|move|p2a: Glimmora|Sludge Bomb|p1a: Sinistcha\n|-damage|p1a: Sinistcha|0 fnt\n|faint|p1a: Sinistcha\n|move|p1b: Landorus|Stomping Tantrum|p2a: Glimmora\n|-resisted|p2a: Glimmora\n|-damage|p2a: Glimmora|54\/100\n|-activate|p2a: Glimmora|ability: Toxic Debris\n|-sidestart|p1: Dhjdjsjeeb|move: Toxic Spikes\n|\n|-heal|p2a: Glimmora|59\/100|[from] item: Leftovers\n|-fieldend|move: Trick Room\n|upkeep\n|turn|10\n|-message|Dhjdjsjeeb forfeited.\n|\n|win|krenitos\n|raw|Dhjdjsjeeb's rating: 1000 &rarr; <strong>1000<\/strong><br \/>(+0 for losing)\n|raw|krenitos's rating: 1083 &rarr; <strong>1104<\/strong><br \/>(+21 for winning)\n|l|\u2606Dhjdjsjeeb\n","uploadtime":1699970305,"views":7,"p1id":"dhjdjsjeeb","p2id":"krenitos","formatid":"gen9vgc2023regulatione","rating":1000,"private":0,"password":""}