{"id":"gen9vgc2023regulatione-1996455319","p1":"The Carkol Rider","p2":"iPetBigfoot","format":"[Gen 9] VGC 2023 Regulation E","log":"|j|\u2606The Carkol Rider\n|j|\u2606iPetBigfoot\n|n|\u2606The Carkol Rider|thecarkolrider\n|n|\u2606iPetBigfoot|ipetbigfoot\n|html|View the match progress at <a href=\"\/game-bestof3-gen9vgc2023regulatione-1996455318\">game-bestof3-gen9vgc2023regulatione-1996455318<\/a>\n|t:|1700683669\n|gametype|doubles\n|player|p1|The Carkol Rider|grimsley|\n|player|p2|iPetBigfoot|carmine-festival|\n|teamsize|p1|6\n|teamsize|p2|6\n|gen|9\n|tier|[Gen 9] VGC 2023 Regulation E\n|rule|Species Clause: Limit one of each Pok\u00e9mon\n|rule|Item Clause: Limit one of each item\n|clearpoke\n|poke|p1|Urshifu-*, L50, M|\n|poke|p1|Roaring Moon, L50|\n|poke|p1|Arcanine-Hisui, L50, M|\n|poke|p1|Gholdengo, L50|\n|poke|p1|Landorus-Therian, L50, M|\n|poke|p1|Poltchageist, L50|\n|poke|p2|Iron Hands, L50|\n|poke|p2|Hatterene, L50, F|\n|poke|p2|Ogerpon-Cornerstone, L50, F|\n|poke|p2|Weezing, L50, F|\n|poke|p2|Ursaluna-Bloodmoon, L50, M|\n|poke|p2|Pincurchin, L50, M|\n|teampreview|4\niPetBigfoot rejected open team sheets.\n|c|\u2606The Carkol Rider|glhf\n|c|\u2606iPetBigfoot|glhf\n|j| FaultierChunk\n|\n|t:|1700683755\n|start\n|switch|p1a: Arcanine|Arcanine-Hisui, L50, M|100\/100\n|switch|p1b: Gholdengo|Gholdengo, L50|100\/100\n|switch|p2a: Iron Hands|Iron Hands, L50|100\/100\n|switch|p2b: Hatterene|Hatterene, L50, F|100\/100\n|-ability|p1a: Arcanine|Intimidate|boost\n|-unboost|p2a: Iron Hands|atk|1\n|-unboost|p2b: Hatterene|atk|1\n|-enditem|p2a: Iron Hands|Booster Energy\n|-activate|p2a: Iron Hands|ability: Quark Drive|[fromitem]\n|-start|p2a: Iron Hands|quarkdrivedef\n|turn|1\n|\n|t:|1700683773\n|-terastallize|p2b: Hatterene|Water\n|move|p1a: Arcanine|Protect|p1a: Arcanine\n|-singleturn|p1a: Arcanine|Protect\n|move|p2a: Iron Hands|Fake Out|p1a: Arcanine\n|-activate|p1a: Arcanine|move: Protect\n|move|p1b: Gholdengo|Nasty Plot|p1b: Gholdengo\n|-boost|p1b: Gholdengo|spa|2\n|move|p2b: Hatterene|Trick Room|p2b: Hatterene\n|-fieldstart|move: Trick Room|[of] p2b: Hatterene\n|\n|upkeep\n|turn|2\n|\n|t:|1700683792\n|move|p2b: Hatterene|Tera Blast|p1b: Gholdengo|[anim] Tera Blast Water\n|-damage|p1b: Gholdengo|46\/100\n|-damage|p2b: Hatterene|91\/100|[from] item: Life Orb\n|move|p2a: Iron Hands|Thunder Punch|p1b: Gholdengo\n|-damage|p1b: Gholdengo|25\/100\n|move|p1b: Gholdengo|Shadow Ball|p2b: Hatterene\n|-damage|p2b: Hatterene|1\/100\n|move|p1a: Arcanine|Will-O-Wisp|p2a: Iron Hands\n|-status|p2a: Iron Hands|brn\n|\n|-heal|p1b: Gholdengo|30\/100|[from] item: Leftovers\n|-damage|p2a: Iron Hands|94\/100 brn|[from] brn\n|upkeep\n|turn|3\n|j| Samuelthestrong\n|\n|t:|1700683812\n|-end|p2a: Iron Hands|Quark Drive|[silent]\n|switch|p2a: Ursaluna|Ursaluna-Bloodmoon, L50, M|100\/100\n|move|p2b: Hatterene|Protect|p2b: Hatterene\n|-singleturn|p2b: Hatterene|Protect\n|move|p1b: Gholdengo|Protect|p1b: Gholdengo\n|-singleturn|p1b: Gholdengo|Protect\n|move|p1a: Arcanine|Rock Slide|p2b: Hatterene|[spread] p2a\n|-activate|p2b: Hatterene|move: Protect\n|-resisted|p2a: Ursaluna\n|-damage|p2a: Ursaluna|91\/100\n|\n|-heal|p1b: Gholdengo|36\/100|[from] item: Leftovers\n|upkeep\n|turn|4\n|\n|t:|1700683850\n|switch|p1b: Landorus|Landorus-Therian, L50, M|100\/100\n|-ability|p1b: Landorus|Intimidate|boost\n|-unboost|p2a: Ursaluna|atk|1\n|-unboost|p2b: Hatterene|atk|1\n|move|p1a: Arcanine|Protect|p1a: Arcanine\n|-singleturn|p1a: Arcanine|Protect\n|move|p2b: Hatterene|Tera Blast|p1b: Landorus|[anim] Tera Blast Water\n|-supereffective|p1b: Landorus\n|-damage|p1b: Landorus|0 fnt\n|faint|p1b: Landorus\n|-damage|p2b: Hatterene|0 fnt|[from] item: Life Orb\n|faint|p2b: Hatterene\n|move|p2a: Ursaluna|Earth Power|p1a: Arcanine\n|-activate|p1a: Arcanine|move: Protect\n|\n|upkeep\n|\n|t:|1700683868\n|switch|p2b: Iron Hands|Iron Hands, L50|94\/100 brn\n|switch|p1b: Gholdengo|Gholdengo, L50|36\/100\n|turn|5\n|\n|t:|1700683897\n|move|p2b: Iron Hands|Drain Punch|p1a: Arcanine\n|-supereffective|p1a: Arcanine\n|-damage|p1a: Arcanine|58\/100\n|-heal|p2b: Iron Hands|100\/100 brn|[from] drain|[of] p1a: Arcanine\n|move|p2a: Ursaluna|Earth Power|p1a: Arcanine\n|-supereffective|p1a: Arcanine\n|-damage|p1a: Arcanine|0 fnt\n|faint|p1a: Arcanine\n|move|p1b: Gholdengo|Nasty Plot|p1b: Gholdengo\n|-boost|p1b: Gholdengo|spa|2\n|\n|-heal|p1b: Gholdengo|42\/100|[from] item: Leftovers\n|-damage|p2b: Iron Hands|94\/100 brn|[from] brn\n|-fieldend|move: Trick Room\n|upkeep\n|j| LanternComic\n|\n|t:|1700683906\n|switch|p1a: Urshifu|Urshifu-Rapid-Strike, L50, M|100\/100\n|turn|6\n|\n|t:|1700683914\n|move|p1a: Urshifu|Surging Strikes|p2a: Ursaluna\n|-supereffective|p2a: Ursaluna\n|-crit|p2a: Ursaluna\n|-damage|p2a: Ursaluna|53\/100\n|-supereffective|p2a: Ursaluna\n|-crit|p2a: Ursaluna\n|-damage|p2a: Ursaluna|20\/100\n|-supereffective|p2a: Ursaluna\n|-crit|p2a: Ursaluna\n|-damage|p2a: Ursaluna|0 fnt\n|faint|p2a: Ursaluna\n|-hitcount|p2: Ursaluna|3\n|move|p1b: Gholdengo|Make It Rain|p2b: Iron Hands\n|-resisted|p2b: Iron Hands\n|-damage|p2b: Iron Hands|47\/100 brn\n|-unboost|p1b: Gholdengo|spa|1\n|move|p2b: Iron Hands|Thunder Punch|p1a: Urshifu\n|-supereffective|p1a: Urshifu\n|-damage|p1a: Urshifu|54\/100\n|\n|-heal|p1b: Gholdengo|48\/100|[from] item: Leftovers\n|-damage|p2b: Iron Hands|41\/100 brn|[from] brn\n|upkeep\n|\n|t:|1700683918\n|switch|p2a: Ogerpon|Ogerpon-Cornerstone, L50, F|100\/100\n|turn|7\n|\n|t:|1700683930\n|-terastallize|p1a: Urshifu|Steel\n|move|p2a: Ogerpon|Wood Hammer|p1a: Urshifu\n|-resisted|p1a: Urshifu\n|-damage|p1a: Urshifu|19\/100\n|-damage|p2a: Ogerpon|90\/100|[from] Recoil\n|move|p1a: Urshifu|Surging Strikes|p2a: Ogerpon\n|-crit|p2a: Ogerpon\n|-damage|p2a: Ogerpon|66\/100\n|-crit|p2a: Ogerpon\n|-damage|p2a: Ogerpon|43\/100\n|-crit|p2a: Ogerpon\n|-damage|p2a: Ogerpon|16\/100\n|-hitcount|p2a: Ogerpon|3\n|move|p1b: Gholdengo|Make It Rain|p2a: Ogerpon|[spread] p2a,p2b\n|-supereffective|p2a: Ogerpon\n|-resisted|p2b: Iron Hands\n|-damage|p2a: Ogerpon|0 fnt\n|-damage|p2b: Iron Hands|14\/100 brn\n|-unboost|p1b: Gholdengo|spa|1\n|faint|p2a: Ogerpon\n|move|p2b: Iron Hands|Thunder Punch|p1b: Gholdengo\n|-damage|p1b: Gholdengo|30\/100\n|\n|-heal|p1b: Gholdengo|36\/100|[from] item: Leftovers\n|-damage|p2b: Iron Hands|7\/100 brn|[from] brn\n|upkeep\n|turn|8\n|\n|t:|1700683940\n|move|p1a: Urshifu|Aqua Jet|p2b: Iron Hands\n|-damage|p2b: Iron Hands|0 fnt\n|faint|p2b: Iron Hands\n|-end|p2b: Iron Hands|Quark Drive|[silent]\n|\n|win|The Carkol Rider\n|c|\u2606The Carkol Rider|gg\n|c|&|\/uhtml prompt-ipetbigfoot,iPetBigfoot is ready for game 2!\n|c|&|\/uhtml prompt-thecarkolrider,The Carkol Rider is ready for game 2!\nBoth players are ready! Starting next match!\n|l| FaultierChunk\n|l| Samuelthestrong\n|j| Samuelthestrong\n|l| Samuelthestrong\n|j| Samuelthestrong\n|l| Samuelthestrong\n|j| Samuelthestrong\n|l| Samuelthestrong\n|j| Samuelthestrong\n|l| LanternComic\n|j| Kerthwack\n|l|\u2606iPetBigfoot\n","uploadtime":1700684149,"views":1,"p1id":"thecarkolrider","p2id":"ipetbigfoot","formatid":"gen9vgc2023regulatione","rating":0,"private":0,"password":""}