{"id":"gen9vgc2023regulatione-1988410717","p1":"jjonez","p2":"BlindMagneton","format":"[Gen 9] VGC 2023 Regulation E","log":"|j|\u2606jjonez\n|j|\u2606BlindMagneton\n|t:|1699719934\n|gametype|doubles\n|player|p1|jjonez|gambler|1216\n|player|p2|BlindMagneton|wattson|1294\n|teamsize|p1|6\n|teamsize|p2|6\n|gen|9\n|tier|[Gen 9] VGC 2023 Regulation E\n|rated|\n|rule|Species Clause: Limit one of each Pok\u00e9mon\n|rule|Item Clause: Limit one of each item\n|clearpoke\n|poke|p1|Ogerpon-Wellspring, L50, F|\n|poke|p1|Heatran, L50, M|\n|poke|p1|Iron Hands, L50|\n|poke|p1|Landorus-Therian, L50, M|\n|poke|p1|Tornadus, L50, M|\n|poke|p1|Milotic, L50, F|\n|poke|p2|Zoroark-Hisui, L50, F|\n|poke|p2|Grimmsnarl, L50, M|\n|poke|p2|Magnezone, L50|\n|poke|p2|Ogerpon-Wellspring, L50, F|\n|poke|p2|Farigiraf, L50, F|\n|poke|p2|Salamence, L50, M|\n|teampreview|4\n|inactive|Battle timer is ON: inactive players will automatically lose when time's up. (requested by jjonez)\n|\n|t:|1699720021\n|start\n|switch|p1a: Tornadus|Tornadus, L50, M|100\/100\n|switch|p1b: Landorus|Landorus-Therian, L50, M|100\/100\n|switch|p2a: Grimmsnarl|Grimmsnarl, L50, M|100\/100\n|switch|p2b: Magnezone|Magnezone, L50|100\/100\n|-ability|p1b: Landorus|Intimidate|boost\n|-unboost|p2a: Grimmsnarl|atk|1\n|-unboost|p2b: Magnezone|atk|1\n|turn|1\n|inactive|jjonez has 30 seconds left.\n|\n|t:|1699720048\n|move|p2a: Grimmsnarl|Fake Out|p1b: Landorus\n|-damage|p1b: Landorus|91\/100\n|move|p1a: Tornadus|Tailwind|p1a: Tornadus\n|-sidestart|p1: jjonez|move: Tailwind\n|cant|p1b: Landorus|flinch\n|move|p2b: Magnezone|Icy Wind|p1a: Tornadus|[spread] p1a,p1b\n|-supereffective|p1a: Tornadus\n|-supereffective|p1b: Landorus\n|-damage|p1a: Tornadus|75\/100\n|-damage|p1b: Landorus|28\/100\n|-unboost|p1b: Landorus|spe|1\n|\n|upkeep\n|turn|2\n|inactive|BlindMagneton has 30 seconds left.\n|\n|t:|1699720074\n|move|p2b: Magnezone|Protect|p2b: Magnezone\n|-singleturn|p2b: Magnezone|Protect\n|move|p1a: Tornadus|Rain Dance|p1a: Tornadus\n|-weather|RainDance\n|move|p2a: Grimmsnarl|Thunder Wave|p1a: Tornadus\n|-status|p1a: Tornadus|par\n|move|p1b: Landorus|Stomping Tantrum|p2b: Magnezone\n|-activate|p2b: Magnezone|move: Protect\n|\n|-weather|RainDance|[upkeep]\n|upkeep\n|turn|3\n|inactive|BlindMagneton has 30 seconds left.\n|inactive|BlindMagneton has 20 seconds left.\n|inactive|BlindMagneton has 15 seconds left.\n|\n|t:|1699720116\n|switch|p1a: Ogerpon|Ogerpon-Wellspring, L50, F|100\/100\n|move|p1b: Landorus|Stomping Tantrum|p2b: Magnezone\n|-damage|p2b: Magnezone|8\/100\n|replace|p2b: Zoroark|Zoroark-Hisui, L50, F\n|-end|p2b: Zoroark|Illusion\n|move|p2b: Zoroark|Hex|p1a: Ogerpon\n|-damage|p1a: Ogerpon|63\/100\n|move|p2a: Grimmsnarl|Spirit Break|p1b: Landorus\n|-damage|p1b: Landorus|2\/100\n|-unboost|p1b: Landorus|spa|1\n|\n|-weather|RainDance|[upkeep]\n|upkeep\n|turn|4\n|inactive|jjonez has 30 seconds left.\n|inactive|BlindMagneton has 30 seconds left.\n|inactive|jjonez has 20 seconds left.\n|\n|t:|1699720151\n|move|p2b: Zoroark|Protect|p2b: Zoroark\n|-singleturn|p2b: Zoroark|Protect\n|move|p2a: Grimmsnarl|Parting Shot|p1a: Ogerpon\n|-unboost|p1a: Ogerpon|atk|1\n|-unboost|p1a: Ogerpon|spa|1\n|\n|t:|1699720156\n|switch|p2a: Salamence|Salamence, L50, M|100\/100|[from] Parting Shot\n|-ability|p2a: Salamence|Intimidate|boost\n|-unboost|p1a: Ogerpon|atk|1\n|-unboost|p1b: Landorus|atk|1\n|move|p1a: Ogerpon|Horn Leech|p2a: Salamence\n|-resisted|p2a: Salamence\n|-damage|p2a: Salamence|94\/100\n|-heal|p1a: Ogerpon|67\/100|[from] drain|[of] p2a: Salamence\n|move|p1b: Landorus|Rock Slide|p2a: Salamence|[spread] p2a\n|-activate|p2b: Zoroark|move: Protect\n|-supereffective|p2a: Salamence\n|-damage|p2a: Salamence|55\/100\n|\n|-weather|RainDance|[upkeep]\n|-sideend|p1: jjonez|move: Tailwind\n|upkeep\n|turn|5\n|inactive|jjonez has 30 seconds left.\n|inactive|BlindMagneton has 30 seconds left.\n|inactive|jjonez has 20 seconds left.\n|\n|t:|1699720191\n|switch|p1a: Tornadus|Tornadus, L50, M|75\/100 par\n|move|p2b: Zoroark|Icy Wind|p1b: Landorus|[spread] p1a,p1b\n|-supereffective|p1a: Tornadus\n|-supereffective|p1b: Landorus\n|-damage|p1a: Tornadus|47\/100 par\n|-damage|p1b: Landorus|0 fnt\n|faint|p1b: Landorus\n|move|p2a: Salamence|Outrage|p1a: Tornadus\n|-damage|p1a: Tornadus|0 fnt\n|faint|p1a: Tornadus\n|-damage|p2a: Salamence|45\/100|[from] item: Life Orb\n|\n|-weather|RainDance|[upkeep]\n|upkeep\n|\n|t:|1699720203\n|switch|p1b: Milotic|Milotic, L50, F|100\/100\n|switch|p1a: Ogerpon|Ogerpon-Wellspring, L50, F|67\/100\n|turn|6\n|inactive|jjonez has 30 seconds left.\n|inactive|BlindMagneton has 30 seconds left.\n|inactive|BlindMagneton has 20 seconds left.\n|inactive|BlindMagneton has 15 seconds left.\n|inactive|BlindMagneton has 10 seconds left.\n|\n|t:|1699720250\n|-terastallize|p1a: Ogerpon|Water\n|detailschange|p1a: Ogerpon|Ogerpon-Wellspring-Tera, L50, F, tera:Water\n|-ability|p1a: Ogerpon|Embody Aspect (Wellspring)|boost\n|-boost|p1a: Ogerpon|spd|1\n|move|p2b: Zoroark|Will-O-Wisp|p1b: Milotic\n|-status|p1b: Milotic|brn\n|move|p1a: Ogerpon|Horn Leech|p2b: Zoroark\n|-damage|p2b: Zoroark|0 fnt\n|-heal|p1a: Ogerpon|70\/100|[from] drain|[of] p2b: Zoroark\n|faint|p2b: Zoroark\n|move|p2a: Salamence|Outrage|p1a: Ogerpon|[from]lockedmove\n|-damage|p1a: Ogerpon|0 fnt\n|faint|p1a: Ogerpon\n|-damage|p2a: Salamence|35\/100|[from] item: Life Orb\n|move|p1b: Milotic|Ice Beam|p2a: Salamence\n|-supereffective|p2a: Salamence\n|-damage|p2a: Salamence|0 fnt\n|faint|p2a: Salamence\n|\n|-weather|none\n|-damage|p1b: Milotic|94\/100 brn|[from] brn\n|upkeep\n|\n|t:|1699720266\n|switch|p2b: Magnezone|Magnezone, L50|100\/100\n|switch|p2a: Grimmsnarl|Grimmsnarl, L50, M|100\/100\n|turn|7\n|\n|t:|1699720282\n|move|p2a: Grimmsnarl|Fake Out|p1b: Milotic\n|-damage|p1b: Milotic|84\/100 brn\n|cant|p1b: Milotic|flinch\n|move|p2b: Magnezone|Thunderbolt|p1b: Milotic\n|-supereffective|p1b: Milotic\n|-damage|p1b: Milotic|12\/100 brn\n|\n|-heal|p1b: Milotic|18\/100 brn|[from] item: Leftovers\n|-damage|p1b: Milotic|12\/100 brn|[from] brn\n|upkeep\n|turn|8\n|-message|jjonez forfeited.\n|\n|win|BlindMagneton\n|raw|jjonez's rating: 1216 &rarr; <strong>1197<\/strong><br \/>(-19 for losing)\n|raw|BlindMagneton's rating: 1294 &rarr; <strong>1313<\/strong><br \/>(+19 for winning)\n|l|\u2606jjonez\n","uploadtime":1699720293,"views":14,"p1id":"jjonez","p2id":"blindmagneton","formatid":"gen9vgc2023regulatione","rating":1197,"private":0,"password":""}