{"id":"gen9vgc2023regulatione-1995473171","p1":"fang hider","p2":"paolance","format":"[Gen 9] VGC 2023 Regulation E","log":"|j|\u2606fang hider\n|j|\u2606paolance\n|n|\u2606fang hider|fanghider\n|n|\u2606paolance|paolance\n|html|View the match progress at <a href=\"\/game-bestof3-gen9vgc2023regulatione-1995473170\">game-bestof3-gen9vgc2023regulatione-1995473170<\/a>\n|t:|1700574710\n|gametype|doubles\n|player|p1|fang hider|1|\n|player|p2|paolance|266|\n|teamsize|p1|6\n|teamsize|p2|6\n|gen|9\n|tier|[Gen 9] VGC 2023 Regulation E\n|rated|Tournament battle\n|rule|Species Clause: Limit one of each Pok\u00e9mon\n|rule|Item Clause: Limit one of each item\n|clearpoke\n|poke|p1|Farigiraf, L50, F|\n|poke|p1|Iron Hands, L50|\n|poke|p1|Urshifu-*, L50, F|\n|poke|p1|Tornadus, L50, M|\n|poke|p1|Chien-Pao, L50|\n|poke|p1|Scovillain, L50, F|\n|poke|p2|Amoonguss, L50, M|\n|poke|p2|Landorus-Therian, L50, M|\n|poke|p2|Iron Hands, L50|\n|poke|p2|Flutter Mane, L50|\n|poke|p2|Heatran, L50, M|\n|poke|p2|Chien-Pao, L50|\n|teampreview|4\n|showteam|p1|Farigiraf||LaggingTail|ArmorTail|TrickRoom,Trick,Psychic,Protect|||F|||50|,,,,,Fire]Iron Hands||SitrusBerry|QuarkDrive|DrainPunch,Earthquake,IcePunch,Protect||||||50|,,,,,Ice]Urshifu-Rapid-Strike||ChoiceScarf|UnseenFist|SurgingStrikes,AquaJet,RockSlide,DrainPunch|||F|||50|,,,,,Fighting]Tornadus||Leftovers|Prankster|Tailwind,BleakwindStorm,RainDance,Taunt|||M|||50|,,,,,Flying]Chien-Pao||LifeOrb|SwordofRuin|SacredSword,SuckerPunch,Protect,Taunt||||||50|,,,,,Flying]Scovillain||WhiteHerb|Moody|EnergyBall,Flamethrower,Protect,SpicyExtract|||F|||50|,,,,,Grass\n|showteam|p2|Amoonguss||RockyHelmet|Regenerator|PollenPuff,RagePowder,Spore,Protect|||M|||50|,,,,,Water]Landorus-Therian||ChoiceScarf|Intimidate|TeraBlast,Uturn,StompingTantrum,RockSlide|||M|||50|,,,,,Flying]Iron Hands||AssaultVest|QuarkDrive|FakeOut,WildCharge,DrainPunch,HeavySlam||||||50|,,,,,Water]Flutter Mane||BoosterEnergy|Protosynthesis|Moonblast,ShadowBall,DazzlingGleam,Protect||||||50|,,,,,Fairy]Heatran||Leftovers|FlashFire|MagmaStorm,FlashCannon,EarthPower,Protect|||M|||50|,,,,,Grass]Chien-Pao||FocusSash|SwordofRuin|IcicleCrash,SuckerPunch,SacredSword,Protect||||||50|,,,,,Ghost\n|\n|t:|1700574732\n|start\n|switch|p1a: Tornadus|Tornadus, L50, M|100\/100\n|switch|p1b: paume-de-fer|Iron Hands, L50, shiny|100\/100\n|switch|p2a: Amoonguss|Amoonguss, L50, M|100\/100\n|switch|p2b: Chien-Pao|Chien-Pao, L50|100\/100\n|-ability|p2b: Chien-Pao|Sword of Ruin\n|turn|1\n|c|\u2606fang hider|hi\n|\n|t:|1700574761\n|switch|p2a: Iron Hands|Iron Hands, L50|100\/100\n|-terastallize|p2b: Chien-Pao|Ghost\n|move|p1a: Tornadus|Taunt|p2a: Iron Hands\n|-start|p2a: Iron Hands|move: Taunt\n|move|p2b: Chien-Pao|Icicle Crash|p1a: Tornadus\n|-supereffective|p1a: Tornadus\n|-damage|p1a: Tornadus|0 fnt\n|faint|p1a: Tornadus\n|move|p1b: paume-de-fer|Drain Punch|p2b: Chien-Pao\n|-immune|p2b: Chien-Pao\n|\n|upkeep\n|\n|t:|1700574776\n|switch|p1a: Farigiraf|Farigiraf, L50, F, shiny|100\/100\n|turn|2\n|\n|t:|1700574810\n|move|p2b: Chien-Pao|Icicle Crash|p1a: Farigiraf\n|-damage|p1a: Farigiraf|43\/100\n|move|p2a: Iron Hands|Drain Punch|p1a: Farigiraf\n|-damage|p1a: Farigiraf|0 fnt\n|faint|p1a: Farigiraf\n|move|p1b: paume-de-fer|Drain Punch|p2a: Iron Hands\n|-damage|p2a: Iron Hands|67\/100\n|\n|upkeep\n|\n|t:|1700574819\n|switch|p1a: Chien-Pao|Chien-Pao, L50|100\/100\n|-ability|p1a: Chien-Pao|Sword of Ruin\n|turn|3\n|\n|t:|1700574840\n|-terastallize|p1a: Chien-Pao|Flying\n|move|p1a: Chien-Pao|Sacred Sword|p2a: Iron Hands\n|-damage|p2a: Iron Hands|33\/100\n|-damage|p1a: Chien-Pao|91\/100|[from] item: Life Orb\n|move|p2b: Chien-Pao|Icicle Crash|p1b: paume-de-fer|[miss]\n|-miss|p2b: Chien-Pao|p1b: paume-de-fer\n|move|p2a: Iron Hands|Drain Punch|p1b: paume-de-fer\n|-damage|p1b: paume-de-fer|68\/100\n|-heal|p2a: Iron Hands|50\/100|[from] drain|[of] p1b: paume-de-fer\n|move|p1b: paume-de-fer|Earthquake|p2a: Iron Hands|[spread] p2a,p2b\n|-immune|p1a: Chien-Pao\n|-supereffective|p2a: Iron Hands\n|-damage|p2a: Iron Hands|8\/100\n|-damage|p2b: Chien-Pao|70\/100\n|\n|-end|p2a: Iron Hands|move: Taunt\n|upkeep\n|turn|4\n|\n|t:|1700574865\n|move|p2b: Chien-Pao|Protect|p2b: Chien-Pao\n|-singleturn|p2b: Chien-Pao|Protect\n|move|p1a: Chien-Pao|Sacred Sword|p2a: Iron Hands\n|-damage|p2a: Iron Hands|0 fnt\n|faint|p2a: Iron Hands\n|-end|p2a: Iron Hands|Quark Drive|[silent]\n|-damage|p1a: Chien-Pao|81\/100|[from] item: Life Orb\n|move|p1b: paume-de-fer|Ice Punch|p2b: Chien-Pao\n|-activate|p2b: Chien-Pao|move: Protect\n|\n|upkeep\n|\n|t:|1700574868\n|switch|p2a: Landorus|Landorus-Therian, L50, M, shiny|100\/100\n|-ability|p2a: Landorus|Intimidate|boost\n|-unboost|p1a: Chien-Pao|atk|1\n|-unboost|p1b: paume-de-fer|atk|1\n|turn|5\n|\n|t:|1700574895\n|switch|p2b: Amoonguss|Amoonguss, L50, M|100\/100\n|move|p1a: Chien-Pao|Protect|p1a: Chien-Pao\n|-singleturn|p1a: Chien-Pao|Protect\n|move|p2a: Landorus|Stomping Tantrum|p1b: paume-de-fer\n|-supereffective|p1b: paume-de-fer\n|-damage|p1b: paume-de-fer|0 fnt\n|faint|p1b: paume-de-fer\n|-end|p1b: paume-de-fer|Quark Drive|[silent]\n|\n|upkeep\n|turn|6\n|\n|t:|1700574909\n|move|p2a: Landorus|Stomping Tantrum|p1a: Chien-Pao\n|-immune|p1a: Chien-Pao\n|move|p1a: Chien-Pao|Taunt|p2b: Amoonguss\n|-start|p2b: Amoonguss|move: Taunt\n|cant|p2b: Amoonguss|move: Taunt|Spore\n|\n|upkeep\n|turn|7\n|\n|t:|1700574926\n|switch|p2a: Chien-Pao|Chien-Pao, L50, tera:Ghost|70\/100\n|-ability|p2a: Chien-Pao|Sword of Ruin\n|move|p1a: Chien-Pao|Sacred Sword|p2a: Chien-Pao\n|-immune|p2a: Chien-Pao\n|move|p2b: Amoonguss|Pollen Puff|p2a: Chien-Pao\n|-heal|p2a: Chien-Pao|100\/100\n|\n|upkeep\n|turn|8\n|\n|t:|1700574934\n|switch|p2b: Landorus|Landorus-Therian, L50, M, shiny|100\/100\n|-ability|p2b: Landorus|Intimidate|boost\n|-unboost|p1a: Chien-Pao|atk|1\n|move|p1a: Chien-Pao|Sucker Punch|p2a: Chien-Pao\n|-supereffective|p2a: Chien-Pao\n|-damage|p2a: Chien-Pao|33\/100\n|-damage|p1a: Chien-Pao|71\/100|[from] item: Life Orb\n|move|p2a: Chien-Pao|Icicle Crash|p1a: Chien-Pao\n|-supereffective|p1a: Chien-Pao\n|-damage|p1a: Chien-Pao|0 fnt\n|faint|p1a: Chien-Pao\n|\n|win|paolance\n|c|&|\/uhtml prompt-paolance,paolance is ready for game 2!\n","uploadtime":1700574944,"views":4,"p1id":"fanghider","p2id":"paolance","formatid":"gen9vgc2023regulatione","rating":0,"private":0,"password":""}