{"id":"gen9vgc2023regulatione-1989100793","p1":"deNathan","p2":"olivermaul","format":"[Gen 9] VGC 2023 Regulation E","log":"|j|\u2606deNathan\n|j|\u2606olivermaul\n|t:|1699812237\n|gametype|doubles\n|player|p1|deNathan|lucas|1109\n|player|p2|olivermaul|brawly|1069\n|teamsize|p1|6\n|teamsize|p2|6\n|gen|9\n|tier|[Gen 9] VGC 2023 Regulation E\n|rated|\n|rule|Species Clause: Limit one of each Pok\u00e9mon\n|rule|Item Clause: Limit one of each item\n|clearpoke\n|poke|p1|Toxicroak, L50, F|\n|poke|p1|Tornadus, L50, M|\n|poke|p1|Politoed, L50, F|\n|poke|p1|Flutter Mane, L50|\n|poke|p1|Chien-Pao, L50|\n|poke|p1|Arcanine-Hisui, L50, F|\n|poke|p2|Rabsca, L50, M|\n|poke|p2|Dondozo, L50, F|\n|poke|p2|Tatsugiri, L50, M|\n|poke|p2|Flamigo, L50, F|\n|poke|p2|Chi-Yu, L50|\n|poke|p2|Brute Bonnet, L50|\n|teampreview|4\n|inactive|Battle timer is ON: inactive players will automatically lose when time's up. (requested by deNathan)\ndeNathan has agreed to open team sheets.\n|inactive|deNathan has 60 seconds left.\n|\n|t:|1699812297\n|start\n|switch|p1a: Toxicroak|Toxicroak, L50, F, shiny|100\/100\n|switch|p1b: Politoed|Politoed, L50, F, shiny|100\/100\n|switch|p2a: Tatsugiri|Tatsugiri, L50, M|100\/100\n|switch|p2b: Brute Bonnet|Brute Bonnet, L50|100\/100\n|-weather|RainDance|[from] ability: Drizzle|[of] p1b: Politoed\n|turn|1\n|inactive|olivermaul has 30 seconds left.\n|inactive|olivermaul has 20 seconds left.\n|\n|t:|1699812332\n|move|p1b: Politoed|Helping Hand|p1a: Toxicroak\n|-singleturn|p1a: Toxicroak|Helping Hand|[of] p1b: Politoed\n|move|p2a: Tatsugiri|Icy Wind|p1a: Toxicroak|[spread] p1a,p1b\n|-resisted|p1b: Politoed\n|-damage|p1a: Toxicroak|91\/100\n|-damage|p1b: Politoed|97\/100\n|-unboost|p1a: Toxicroak|spe|1\n|-unboost|p1b: Politoed|spe|1\n|move|p2b: Brute Bonnet|Spore|p1b: Politoed\n|-status|p1b: Politoed|slp|[from] move: Spore\n|move|p1a: Toxicroak|Poison Jab|p2b: Brute Bonnet\n|-supereffective|p2b: Brute Bonnet\n|-damage|p2b: Brute Bonnet|29\/100\n|-enditem|p2b: Brute Bonnet|Sitrus Berry|[eat]\n|-heal|p2b: Brute Bonnet|53\/100|[from] item: Sitrus Berry\n|\n|-weather|RainDance|[upkeep]\n|-heal|p1a: Toxicroak|100\/100|[from] ability: Dry Skin\n|-heal|p1b: Politoed|100\/100 slp|[from] item: Leftovers\n|-status|p2a: Tatsugiri|tox|[from] item: Toxic Orb\n|upkeep\n|turn|2\n|inactive|deNathan has 30 seconds left.\n|inactive|deNathan has 20 seconds left.\n|inactive|deNathan has 15 seconds left.\n|inactive|deNathan has 10 seconds left.\n|inactive|deNathan has 5 seconds left.\n|\n|t:|1699812384\n|cant|p1b: Politoed|slp\n|move|p2a: Tatsugiri|Icy Wind|p1a: Toxicroak|[spread] p1a,p1b\n|-resisted|p1b: Politoed\n|-damage|p1a: Toxicroak|91\/100\n|-damage|p1b: Politoed|96\/100 slp\n|-unboost|p1a: Toxicroak|spe|1\n|-unboost|p1b: Politoed|spe|1\n|move|p2b: Brute Bonnet|Spore|p1a: Toxicroak\n|-status|p1a: Toxicroak|slp|[from] move: Spore\n|cant|p1a: Toxicroak|slp\n|\n|-weather|RainDance|[upkeep]\n|-heal|p1a: Toxicroak|100\/100 slp|[from] ability: Dry Skin\n|-heal|p1b: Politoed|100\/100 slp|[from] item: Leftovers\n|-damage|p2a: Tatsugiri|95\/100 tox|[from] psn\n|upkeep\n|turn|3\n|inactive|deNathan has 30 seconds left.\n|\n|t:|1699812417\n|switch|p1a: Tornadus|Tornadus, L50, M|100\/100\n|move|p2a: Tatsugiri|Draco Meteor|p1a: Tornadus\n|-damage|p1a: Tornadus|44\/100\n|-unboost|p2a: Tatsugiri|spa|2\n|move|p2b: Brute Bonnet|Seed Bomb|p1b: Politoed\n|-supereffective|p1b: Politoed\n|-damage|p1b: Politoed|31\/100 slp\n|cant|p1b: Politoed|slp\n|\n|-weather|RainDance|[upkeep]\n|-heal|p1b: Politoed|37\/100 slp|[from] item: Leftovers\n|-damage|p2a: Tatsugiri|84\/100 tox|[from] psn\n|upkeep\n|turn|4\n|inactive|deNathan has 30 seconds left.\n|inactive|olivermaul has 30 seconds left.\n|inactive|olivermaul has 20 seconds left.\n|\n|t:|1699812453\n|cant|p1b: Politoed|slp\n|move|p2b: Brute Bonnet|Sucker Punch|p1a: Tornadus\n|-damage|p1a: Tornadus|6\/100\n|move|p2a: Tatsugiri|Icy Wind|p1b: Politoed|[spread] p1b\n|-miss|p2a: Tatsugiri|p1a: Tornadus\n|-resisted|p1b: Politoed\n|-damage|p1b: Politoed|35\/100 slp\n|-unboost|p1b: Politoed|spe|1\n|move|p1a: Tornadus|Bleakwind Storm|p2b: Brute Bonnet|[spread] p2a,p2b\n|-supereffective|p2b: Brute Bonnet\n|-damage|p2a: Tatsugiri|36\/100 tox\n|-damage|p2b: Brute Bonnet|0 fnt\n|-unboost|p2a: Tatsugiri|spe|1\n|faint|p2b: Brute Bonnet\n|-end|p2b: Brute Bonnet|Protosynthesis|[silent]\n|\n|-weather|RainDance|[upkeep]\n|-heal|p1b: Politoed|41\/100 slp|[from] item: Leftovers\n|-damage|p2a: Tatsugiri|19\/100 tox|[from] psn\n|upkeep\n|\n|t:|1699812470\n|switch|p2b: Dondozo|Dondozo, L50, F|100\/100\n|-activate|p2a: Tatsugiri|ability: Commander|[of] p2b: Dondozo\n|-boost|p2b: Dondozo|atk|2\n|-boost|p2b: Dondozo|spa|2\n|-boost|p2b: Dondozo|spe|2\n|-boost|p2b: Dondozo|def|2\n|-boost|p2b: Dondozo|spd|2\n|turn|5\n|\n|t:|1699812480\n|-terastallize|p2b: Dondozo|Dragon\n|move|p1a: Tornadus|Tailwind|p1a: Tornadus\n|-sidestart|p1: deNathan|move: Tailwind\n|move|p2b: Dondozo|Order Up|p1b: Politoed\n|-damage|p1b: Politoed|0 fnt\n|faint|p1b: Politoed\n|-boost|p2b: Dondozo|atk|1\n|\n|-weather|none\n|-damage|p2a: Tatsugiri|0 fnt|[from] psn\n|faint|p2a: Tatsugiri\n|upkeep\n|\n|t:|1699812494\n|switch|p2a: Rabsca|Rabsca, L50, M|100\/100\n|switch|p1b: Toxicroak|Toxicroak, L50, F, shiny|100\/100 slp\n|turn|6\n|\n|t:|1699812506\n|-curestatus|p1b: Toxicroak|slp|[msg]\n|move|p1b: Toxicroak|Fake Out|p2b: Dondozo\n|-damage|p2b: Dondozo|98\/100\n|move|p1a: Tornadus|Rain Dance|p1a: Tornadus\n|-weather|RainDance\n|cant|p2b: Dondozo|flinch\n|move|p2a: Rabsca|Revival Blessing|p2a: Rabsca\n|\n|t:|1699812515\n|-heal|p2: Tatsugiri|50\/100|[from] move: Revival Blessing\n|\n|-weather|RainDance|[upkeep]\n|-heal|p2b: Dondozo|100\/100|[from] item: Leftovers\n|upkeep\n|turn|7\n|\n|t:|1699812535\n|switch|p2a: Tatsugiri|Tatsugiri, L50, M|50\/100\n|move|p1a: Tornadus|Taunt|p2a: Tatsugiri\n|-start|p2a: Tatsugiri|move: Taunt\n|move|p1b: Toxicroak|Poison Jab|p2b: Dondozo\n|-damage|p2b: Dondozo|92\/100\n|-status|p2b: Dondozo|psn\n|move|p2b: Dondozo|Order Up|p1a: Tornadus\n|-damage|p1a: Tornadus|0 fnt\n|faint|p1a: Tornadus\n|-boost|p2b: Dondozo|atk|1\n|\n|-weather|RainDance|[upkeep]\n|-heal|p2b: Dondozo|98\/100 psn|[from] item: Leftovers\n|-damage|p2b: Dondozo|85\/100 psn|[from] psn\n|-status|p2a: Tatsugiri|tox|[from] item: Toxic Orb\n|upkeep\n|\n|t:|1699812552\n|switch|p1a: Chien-Pao|Chien-Pao, L50|100\/100\n|-ability|p1a: Chien-Pao|Sword of Ruin\n|turn|8\n|\n|t:|1699812573\n|-terastallize|p1b: Toxicroak|Dark\n|move|p1b: Toxicroak|Sucker Punch|p2b: Dondozo\n|-damage|p2b: Dondozo|75\/100 psn\n|move|p1a: Chien-Pao|Ice Spinner|p2b: Dondozo\n|-supereffective|p2b: Dondozo\n|-damage|p2b: Dondozo|36\/100 psn\n|move|p2a: Tatsugiri|Icy Wind|p1a: Chien-Pao|[spread] p1a,p1b\n|-resisted|p1a: Chien-Pao\n|-damage|p1a: Chien-Pao|91\/100\n|-damage|p1b: Toxicroak|92\/100\n|-unboost|p1a: Chien-Pao|spe|1\n|-unboost|p1b: Toxicroak|spe|1\n|move|p2b: Dondozo|Earthquake|p1a: Chien-Pao|[spread] p2a,p1a,p1b\n|-damage|p2a: Tatsugiri|0 fnt\n|-damage|p1a: Chien-Pao|21\/100\n|-damage|p1b: Toxicroak|27\/100\n|faint|p2a: Tatsugiri\n|\n|-weather|RainDance|[upkeep]\n|-heal|p1b: Toxicroak|39\/100|[from] ability: Dry Skin\n|-heal|p2b: Dondozo|42\/100 psn|[from] item: Leftovers\n|-damage|p2b: Dondozo|30\/100 psn|[from] psn\n|-sideend|p1: deNathan|move: Tailwind\n|upkeep\n|\n|t:|1699812592\n|switch|p2a: Rabsca|Rabsca, L50, M|100\/100\n|turn|9\n|\n|t:|1699812612\n|move|p1a: Chien-Pao|Sucker Punch|p2b: Dondozo\n|-damage|p2b: Dondozo|14\/100 psn\n|move|p1b: Toxicroak|Sucker Punch|p2b: Dondozo\n|-damage|p2b: Dondozo|3\/100 psn\n|move|p2b: Dondozo|Earthquake|p1b: Toxicroak|[spread] p1a,p1b\n|-activate|p2a: Rabsca|ability: Telepathy\n|-damage|p1a: Chien-Pao|0 fnt\n|-damage|p1b: Toxicroak|0 fnt\n|faint|p1a: Chien-Pao\n|faint|p1b: Toxicroak\n|\n|win|olivermaul\n|raw|deNathan's rating: 1109 &rarr; <strong>1081<\/strong><br \/>(-28 for losing)\n|raw|olivermaul's rating: 1069 &rarr; <strong>1102<\/strong><br \/>(+33 for winning)\n|l|\u2606deNathan\n","uploadtime":1699812627,"views":15,"p1id":"denathan","p2id":"olivermaul","formatid":"gen9vgc2023regulatione","rating":1081,"private":0,"password":""}