{"id":"gen9vgc2023regulatione-1989725506","p1":"ryanogiggs11","p2":"LiluziHit","format":"[Gen 9] VGC 2023 Regulation E","log":"|j|\u2606ryanogiggs11\n|j|\u2606LiluziHit\n|n|\u2606ryanogiggs11|ryanogiggs11\n|n|\u2606LiluziHit|liluzihit\n|html|View the match progress at <a href=\"\/game-bestof3-gen9vgc2023regulatione-1989721141\">game-bestof3-gen9vgc2023regulatione-1989721141<\/a>\n|t:|1699890393\n|gametype|doubles\n|player|p1|ryanogiggs11|266|\n|player|p2|LiluziHit|blue|\n|teamsize|p1|6\n|teamsize|p2|6\n|gen|9\n|tier|[Gen 9] VGC 2023 Regulation E\n|rule|Species Clause: Limit one of each Pok\u00e9mon\n|rule|Item Clause: Limit one of each item\n|clearpoke\n|poke|p1|Clefairy, L50, F|\n|poke|p1|Snorlax, L50, M|\n|poke|p1|Gyarados, L50, F|\n|poke|p1|Landorus, L50, M|\n|poke|p1|Spiritomb, L50, M|\n|poke|p1|Heracross, L50, F|\n|poke|p2|Kingambit, L50, F|\n|poke|p2|Landorus-Therian, L50, M|\n|poke|p2|Ursaluna-Bloodmoon, L50, M|\n|poke|p2|Dusknoir, L50, F|\n|poke|p2|Munkidori, L50, M|\n|poke|p2|Scovillain, L50, F|\n|teampreview|4\n|\n|t:|1699890420\n|start\n|switch|p1a: Gyara ara|Gyarados, L50, F, shiny|100\/100\n|switch|p1b: Lando Norris|Landorus, L50, M, shiny|100\/100\n|switch|p2a: Scovillain|Scovillain, L50, F|100\/100\n|switch|p2b: Dusknoir|Dusknoir, L50, F|100\/100\n|-ability|p1a: Gyara ara|Intimidate|boost\n|-unboost|p2a: Scovillain|atk|1\n|-unboost|p2b: Dusknoir|atk|1\n|-item|p1a: Gyara ara|Mirror Herb|[from] ability: Frisk|[of] p2b: Dusknoir|[identify]\n|-item|p1b: Lando Norris|Life Orb|[from] ability: Frisk|[of] p2b: Dusknoir|[identify]\n|turn|1\n|\n|t:|1699890456\n|switch|p1a: Clefairy|Clefairy, L50, F|100\/100\n|move|p2a: Scovillain|Rage Powder|p2a: Scovillain\n|-singleturn|p2a: Scovillain|move: Rage Powder\n|move|p1b: Lando Norris|Sandsear Storm|p2b: Dusknoir|[spread] \n|-miss|p1b: Lando Norris|p2a: Scovillain\n|-miss|p1b: Lando Norris|p2b: Dusknoir\n|move|p2b: Dusknoir|Will-O-Wisp|p1a: Clefairy\n|-status|p1a: Clefairy|brn\n|\n|-damage|p1a: Clefairy|94\/100 brn|[from] brn\n|-ability|p2a: Scovillain|Moody|boost\n|-boost|p2a: Scovillain|spd|2\n|-unboost|p2a: Scovillain|atk|1\n|upkeep\n|turn|2\n|\n|t:|1699890481\n|switch|p2b: Landorus|Landorus-Therian, L50, M|100\/100\n|-ability|p2b: Landorus|Intimidate|boost\n|-unboost|p1a: Clefairy|atk|1\n|-unboost|p1b: Lando Norris|atk|1\n|move|p1a: Clefairy|Follow Me|p1a: Clefairy\n|-singleturn|p1a: Clefairy|move: Follow Me\n|move|p1b: Lando Norris|Sandsear Storm|p2b: Landorus|[spread] p2a\n|-immune|p2b: Landorus\n|-crit|p2a: Scovillain\n|-damage|p2a: Scovillain|0 fnt\n|faint|p2a: Scovillain\n|\n|-damage|p1a: Clefairy|88\/100 brn|[from] brn\n|upkeep\n|c|\u2606LiluziHit|oh wow\n|\n|t:|1699890494\n|switch|p2a: Dusknoir|Dusknoir, L50, F|100\/100\n|-item|p1a: Clefairy|Eviolite|[from] ability: Frisk|[of] p2a: Dusknoir|[identify]\n|-item|p1b: Lando Norris|Life Orb|[from] ability: Frisk|[of] p2a: Dusknoir|[identify]\n|turn|3\n|c|\u2606ryanogiggs11|Hahahaha\n|\n|t:|1699890510\n|move|p2a: Dusknoir|Helping Hand|p2b: Landorus\n|-singleturn|p2b: Landorus|Helping Hand|[of] p2a: Dusknoir\n|move|p1a: Clefairy|Follow Me|p1a: Clefairy\n|-singleturn|p1a: Clefairy|move: Follow Me\n|move|p1b: Lando Norris|Sandsear Storm|p2b: Landorus|[spread] \n|-immune|p2b: Landorus\n|-miss|p1b: Lando Norris|p2a: Dusknoir\n|move|p2b: Landorus|Rock Slide|p1b: Lando Norris|[spread] p1a,p1b\n|-damage|p1a: Clefairy|63\/100 brn\n|-damage|p1b: Lando Norris|67\/100\n|\n|-damage|p1a: Clefairy|56\/100 brn|[from] brn\n|upkeep\n|turn|4\n|\n|t:|1699890538\n|-terastallize|p2b: Landorus|Flying\n|move|p1b: Lando Norris|Sandsear Storm|p2b: Landorus|[spread] p2a\n|-immune|p2b: Landorus\n|-damage|p2a: Dusknoir|57\/100\n|move|p2b: Landorus|Tera Blast|p1a: Clefairy|[anim] Tera Blast Flying\n|-damage|p1a: Clefairy|8\/100 brn\n|move|p1a: Clefairy|Heal Pulse|p1b: Lando Norris\n|-heal|p1b: Lando Norris|100\/100\n|move|p2a: Dusknoir|Trick Room|p2a: Dusknoir\n|-fieldstart|move: Trick Room|[of] p2a: Dusknoir\n|\n|-damage|p1a: Clefairy|2\/100 brn|[from] brn\n|upkeep\n|turn|5\n|\n|t:|1699890564\n|move|p2a: Dusknoir|Helping Hand|p2b: Landorus\n|-singleturn|p2b: Landorus|Helping Hand|[of] p2a: Dusknoir\n|move|p1a: Clefairy|Follow Me|p1a: Clefairy\n|-singleturn|p1a: Clefairy|move: Follow Me\n|move|p2b: Landorus|Rock Slide|p1b: Lando Norris|[spread] p1a,p1b\n|-damage|p1a: Clefairy|0 fnt\n|-damage|p1b: Lando Norris|69\/100\n|faint|p1a: Clefairy\n|cant|p1b: Lando Norris|flinch\n|\n|upkeep\n|\n|t:|1699890574\n|switch|p1a: Bob|Snorlax, L50, M, shiny|100\/100\n|turn|6\n|\n|t:|1699890593\n|switch|p1b: Gyara ara|Gyarados, L50, F, shiny|100\/100\n|-ability|p1b: Gyara ara|Intimidate|boost\n|-unboost|p2a: Dusknoir|atk|1\n|-unboost|p2b: Landorus|atk|1\n|move|p1a: Bob|Belly Drum|p1a: Bob\n|-damage|p1a: Bob|50\/100\n|-setboost|p1a: Bob|atk|6|[from] move: Belly Drum\n|-enditem|p1a: Bob|Figy Berry|[eat]\n|-heal|p1a: Bob|84\/100|[from] item: Figy Berry\n|move|p2a: Dusknoir|Will-O-Wisp|p1a: Bob\n|-status|p1a: Bob|brn\n|move|p2b: Landorus|Rock Slide|p1b: Gyara ara|[spread] p1a,p1b\n|-supereffective|p1b: Gyara ara\n|-damage|p1a: Bob|73\/100 brn\n|-damage|p1b: Gyara ara|64\/100\n|\n|-damage|p1a: Bob|67\/100 brn|[from] brn\n|upkeep\n|turn|7\n|\n|t:|1699890631\n|move|p2a: Dusknoir|Helping Hand|p2b: Landorus\n|-singleturn|p2b: Landorus|Helping Hand|[of] p2a: Dusknoir\n|move|p1a: Bob|Facade|p2b: Landorus\n|-damage|p2b: Landorus|0 fnt\n|faint|p2b: Landorus\n|move|p1b: Gyara ara|Lash Out|p2a: Dusknoir\n|-supereffective|p2a: Dusknoir\n|-damage|p2a: Dusknoir|12\/100\n|\n|-damage|p1a: Bob|60\/100 brn|[from] brn\n|upkeep\n|\n|t:|1699890637\n|switch|p2b: Ursaluna|Ursaluna-Bloodmoon, L50, M|100\/100\n|turn|8\n|c|\u2606LiluziHit|lets see\n|\n|t:|1699890676\n|move|p1a: Bob|Facade|p2b: Ursaluna\n|-damage|p2b: Ursaluna|0 fnt\n|faint|p2b: Ursaluna\n|move|p2a: Dusknoir|Brick Break|p2: Ursaluna|[notarget]\n|-fail|p2a: Dusknoir\n|move|p1b: Gyara ara|Lash Out|p2a: Dusknoir\n|-supereffective|p2a: Dusknoir\n|-damage|p2a: Dusknoir|0 fnt\n|faint|p2a: Dusknoir\n|\n|win|ryanogiggs11\n|c|\u2606LiluziHit|ow\n|c|\u2606ryanogiggs11|ggs mate\n|c|\u2606LiluziHit|gg\n|c|\u2606ryanogiggs11|Tough match up\n|c|\u2606LiluziHit|can you do one more\n|c|\u2606ryanogiggs11|For sure\n","uploadtime":1699890733,"views":8,"p1id":"ryanogiggs11","p2id":"liluzihit","formatid":"gen9vgc2023regulatione","rating":0,"private":0,"password":""}