{"id":"gen9vgc2023regulatione-1998216126","p1":"solarflare11821","p2":"CalmRosie","format":"[Gen 9] VGC 2023 Regulation E","log":"|j|\u2606solarflare11821\n|j|\u2606CalmRosie\n|t:|1700914275\n|gametype|doubles\n|player|p1|solarflare11821|benga|1407\n|player|p2|CalmRosie|aromalady|1377\n|teamsize|p1|6\n|teamsize|p2|6\n|gen|9\n|tier|[Gen 9] VGC 2023 Regulation E\n|rated|\n|rule|Species Clause: Limit one of each Pok\u00e9mon\n|rule|Item Clause: Limit one of each item\n|clearpoke\n|poke|p1|Farigiraf, L50, F|\n|poke|p1|Landorus, L50, M|\n|poke|p1|Urshifu-*, L50, F|\n|poke|p1|Heatran, L50, F|\n|poke|p1|Iron Bundle, L50|\n|poke|p1|Rillaboom, L50, F|\n|poke|p2|Tornadus, L50, M|\n|poke|p2|Mamoswine, L50, M|\n|poke|p2|Flutter Mane, L50|\n|poke|p2|Ogerpon-Hearthflame, L50, F|\n|poke|p2|Chi-Yu, L50|\n|poke|p2|Iron Hands, L50|\n|teampreview|4\n|\n|t:|1700914359\n|start\n|switch|p1a: Rillaboom|Rillaboom, L50, F|100\/100\n|switch|p1b: Landorus|Landorus, L50, M|100\/100\n|switch|p2a: Gale|Tornadus, L50, M|100\/100\n|switch|p2b: Mamo|Mamoswine, L50, M, shiny|100\/100\n|-fieldstart|move: Grassy Terrain|[from] ability: Grassy Surge|[of] p1a: Rillaboom\n|turn|1\n|\n|t:|1700914404\n|-terastallize|p1b: Landorus|Poison\n|-terastallize|p2b: Mamo|Dragon\n|move|p1a: Rillaboom|Fake Out|p2b: Mamo\n|-damage|p2b: Mamo|85\/100\n|move|p2a: Gale|Tailwind|p2a: Gale\n|-sidestart|p2: CalmRosie|move: Tailwind\n|cant|p2b: Mamo|flinch\n|move|p1b: Landorus|Sludge Bomb|p2a: Gale\n|-damage|p2a: Gale|22\/100\n|\n|-heal|p2b: Mamo|91\/100|[from] Grassy Terrain\n|upkeep\n|turn|2\n|\n|t:|1700914432\n|switch|p1a: Heatran|Heatran, L50, F|100\/100\n|move|p2a: Gale|Sunny Day|p2a: Gale\n|-weather|SunnyDay\n|move|p2b: Mamo|High Horsepower|p1b: Landorus\n|-supereffective|p1b: Landorus\n|-damage|p1b: Landorus|0 fnt\n|faint|p1b: Landorus\n|\n|-weather|SunnyDay|[upkeep]\n|-heal|p2b: Mamo|97\/100|[from] Grassy Terrain\n|upkeep\n|\n|t:|1700914444\n|switch|p1b: Rillaboom|Rillaboom, L50, F|100\/100\n|turn|3\n|\n|t:|1700914461\n|switch|p2a: Hands|Iron Hands, L50, shiny|100\/100\n|move|p2b: Mamo|Protect|p2b: Mamo\n|-singleturn|p2b: Mamo|Protect\n|move|p1b: Rillaboom|Fake Out|p2b: Mamo\n|-activate|p2b: Mamo|move: Protect\n|move|p1a: Heatran|Heat Wave|p2a: Hands|[spread] p2a\n|-activate|p2b: Mamo|move: Protect\n|-damage|p2a: Hands|65\/100\n|\n|-weather|SunnyDay|[upkeep]\n|-heal|p2b: Mamo|100\/100|[from] Grassy Terrain\n|-heal|p2a: Hands|71\/100|[from] Grassy Terrain\n|upkeep\n|turn|4\n|\n|t:|1700914488\n|move|p2a: Hands|Fake Out|p1b: Rillaboom\n|-damage|p1b: Rillaboom|86\/100\n|move|p2b: Mamo|High Horsepower|p1a: Heatran\n|-supereffective|p1a: Heatran\n|-damage|p1a: Heatran|0 fnt\n|faint|p1a: Heatran\n|cant|p1b: Rillaboom|flinch\n|\n|-weather|SunnyDay|[upkeep]\n|-heal|p2a: Hands|77\/100|[from] Grassy Terrain\n|-heal|p1b: Rillaboom|92\/100|[from] Grassy Terrain\n|-sideend|p2: CalmRosie|move: Tailwind\n|upkeep\n|\n|t:|1700914493\n|switch|p1a: Urshifu|Urshifu, L50, F|100\/100\n|turn|5\n|\n|t:|1700914520\n|move|p1a: Urshifu|Close Combat|p2b: Mamo\n|-damage|p2b: Mamo|35\/100\n|-unboost|p1a: Urshifu|def|1\n|-unboost|p1a: Urshifu|spd|1\n|move|p1b: Rillaboom|Wood Hammer|p2b: Mamo\n|-resisted|p2b: Mamo\n|-damage|p2b: Mamo|0 fnt\n|faint|p2b: Mamo\n|-damage|p1b: Rillaboom|81\/100|[from] Recoil\n|move|p2a: Hands|Drain Punch|p1a: Urshifu\n|-supereffective|p1a: Urshifu\n|-enditem|p1a: Urshifu|Focus Sash\n|-damage|p1a: Urshifu|1\/100\n|-heal|p2a: Hands|100\/100|[from] drain|[of] p1a: Urshifu\n|\n|-weather|SunnyDay|[upkeep]\n|-heal|p1a: Urshifu|7\/100|[from] Grassy Terrain\n|-heal|p1b: Rillaboom|87\/100|[from] Grassy Terrain\n|-fieldend|move: Grassy Terrain\n|upkeep\n|\n|t:|1700914541\n|switch|p2b: Ombra|Ogerpon-Hearthflame, L50, F|100\/100\n|-ability|p2b: Ombra|Mold Breaker\n|turn|6\n|\n|t:|1700914555\n|move|p1a: Urshifu|Sucker Punch|p2b: Ombra\n|-damage|p2b: Ombra|48\/100\n|move|p2b: Ombra|Ivy Cudgel|p1b: Rillaboom|[anim] Ivy Cudgel Fire\n|-supereffective|p1b: Rillaboom\n|-damage|p1b: Rillaboom|0 fnt\n|faint|p1b: Rillaboom\n|move|p2a: Hands|Drain Punch|p1a: Urshifu\n|-supereffective|p1a: Urshifu\n|-damage|p1a: Urshifu|0 fnt\n|faint|p1a: Urshifu\n|\n|win|CalmRosie\n|raw|solarflare11821's rating: 1407 &rarr; <strong>1385<\/strong><br \/>(-22 for losing)\n|raw|CalmRosie's rating: 1377 &rarr; <strong>1399<\/strong><br \/>(+22 for winning)\n|c|\u2606solarflare11821|Gg\n|c|\u2606CalmRosie|gg\n|l|\u2606solarflare11821\n","uploadtime":1700914570,"views":12,"p1id":"solarflare11821","p2id":"calmrosie","formatid":"gen9vgc2023regulatione","rating":1385,"private":0,"password":""}