{"id":"gen9vgc2023regulatione-1994508595","p1":"Alfredd2640","p2":"Ciranda Mosgrove","format":"[Gen 9] VGC 2023 Regulation E","log":"|j|\u2606Alfredd2640\n|j|\u2606Ciranda Mosgrove\n|t:|1700452322\n|gametype|doubles\n|player|p1|Alfredd2640|cynthia|1701\n|player|p2|Ciranda Mosgrove|cynthia-gen4|1681\n|teamsize|p1|6\n|teamsize|p2|6\n|gen|9\n|tier|[Gen 9] VGC 2023 Regulation E\n|rated|\n|rule|Species Clause: Limit one of each Pok\u00e9mon\n|rule|Item Clause: Limit one of each item\n|clearpoke\n|poke|p1|Urshifu-*, L50, F|\n|poke|p1|Tornadus, L50, M|\n|poke|p1|Landorus, L50, M|\n|poke|p1|Scizor, L50, M|\n|poke|p1|Gastrodon, L50, F|\n|poke|p1|Articuno-Galar, L50|\n|poke|p2|Dusclops, L50, F|\n|poke|p2|Landorus-Therian, L50, M|\n|poke|p2|Iron Hands, L50|\n|poke|p2|Ursaluna-Bloodmoon, L50, M|\n|poke|p2|Chi-Yu, L50|\n|poke|p2|Ogerpon-Wellspring, L50, F|\n|teampreview|4\n|inactive|Battle timer is ON: inactive players will automatically lose when time's up. (requested by Ciranda Mosgrove)\n|inactive|Alfredd2640 also wants the timer to be on.\n|inactive|Alfredd2640 has 60 seconds left.\n|inactive|Ciranda Mosgrove has 60 seconds left.\n|\n|t:|1700452367\n|start\n|switch|p1a: Tornadus|Tornadus, L50, M|100\/100\n|switch|p1b: Urshifu|Urshifu, L50, F|100\/100\n|switch|p2a: Ogerpon|Ogerpon-Wellspring, L50, F|100\/100\n|switch|p2b: Dusclops|Dusclops, L50, F|100\/100\n|-ability|p2b: Dusclops|Pressure\n|turn|1\n|inactive|Alfredd2640 has 30 seconds left.\n|j| Magikroom\n|\n|t:|1700452399\n|move|p2a: Ogerpon|Follow Me|p2a: Ogerpon\n|-singleturn|p2a: Ogerpon|move: Follow Me\n|move|p1a: Tornadus|Taunt|p2a: Ogerpon\n|-start|p2a: Ogerpon|move: Taunt\n|move|p1b: Urshifu|U-turn|p2a: Ogerpon\n|-supereffective|p2a: Ogerpon\n|-damage|p2a: Ogerpon|26\/100\n|\n|t:|1700452405\n|switch|p1b: Landorus|Landorus, L50, M|100\/100|[from] U-turn\n|move|p2b: Dusclops|Trick Room|p2b: Dusclops\n|-fieldstart|move: Trick Room|[of] p2b: Dusclops\n|\n|upkeep\n|turn|2\n|\n|t:|1700452424\n|switch|p2b: Iron Hands|Iron Hands, L50|100\/100\n|move|p1b: Landorus|Protect|p1b: Landorus\n|-singleturn|p1b: Landorus|Protect\n|move|p1a: Tornadus|Taunt|p2b: Iron Hands\n|-start|p2b: Iron Hands|move: Taunt\n|move|p2a: Ogerpon|Ivy Cudgel|p1b: Landorus|[anim] Ivy Cudgel Water\n|-activate|p1b: Landorus|move: Protect\n|\n|upkeep\n|turn|3\n|\n|t:|1700452440\n|switch|p1a: Gastrodon|Gastrodon, L50, F|100\/100\n|-terastallize|p1b: Landorus|Ground\n|move|p2b: Iron Hands|Wild Charge|p1a: Gastrodon\n|-immune|p1a: Gastrodon\n|move|p2a: Ogerpon|Ivy Cudgel|p1a: Gastrodon|[anim] Ivy Cudgel Water\n|-activate|p1a: Gastrodon|ability: Storm Drain\n|-ability|p1a: Gastrodon|Storm Drain|boost\n|-boost|p1a: Gastrodon|spa|1\n|move|p1b: Landorus|Sandsear Storm|p2b: Iron Hands|[spread] p2a,p2b\n|-resisted|p2a: Ogerpon\n|-supereffective|p2b: Iron Hands\n|-damage|p2a: Ogerpon|0 fnt\n|-damage|p2b: Iron Hands|14\/100\n|faint|p2a: Ogerpon\n|\n|upkeep\n|\n|t:|1700452445\n|switch|p2a: Ursaluna|Ursaluna-Bloodmoon, L50, M|100\/100\n|turn|4\n|\n|t:|1700452462\n|-terastallize|p2a: Ursaluna|Normal\n|move|p1b: Landorus|Protect|p1b: Landorus\n|-singleturn|p1b: Landorus|Protect\n|move|p2a: Ursaluna|Blood Moon|p1b: Landorus\n|-activate|p1b: Landorus|move: Protect\n|move|p1a: Gastrodon|Muddy Water|p2b: Iron Hands|[spread] p2a,p2b\n|-damage|p2a: Ursaluna|65\/100\n|-damage|p2b: Iron Hands|0 fnt\n|faint|p2b: Iron Hands\n|-end|p2b: Iron Hands|Quark Drive|[silent]\n|\n|upkeep\n|\n|t:|1700452466\n|switch|p2b: Dusclops|Dusclops, L50, F|100\/100\n|-ability|p2b: Dusclops|Pressure\n|turn|5\n|\n|t:|1700452479\n|switch|p1b: Tornadus|Tornadus, L50, M|100\/100\n|move|p2b: Dusclops|Brick Break|p2a: Ursaluna\n|-supereffective|p2a: Ursaluna\n|-damage|p2a: Ursaluna|44\/100\n|-enditem|p2a: Ursaluna|Weakness Policy\n|-boost|p2a: Ursaluna|atk|2|[from] item: Weakness Policy\n|-boost|p2a: Ursaluna|spa|2|[from] item: Weakness Policy\n|move|p2a: Ursaluna|Hyper Voice|p1b: Tornadus|[spread] p1a,p1b\n|-damage|p1a: Gastrodon|20\/100\n|-enditem|p1b: Tornadus|Focus Sash\n|-damage|p1b: Tornadus|1\/100\n|move|p1a: Gastrodon|Earth Power|p2a: Ursaluna\n|-damage|p2a: Ursaluna|0 fnt\n|faint|p2a: Ursaluna\n|\n|-heal|p1a: Gastrodon|26\/100|[from] item: Leftovers\n|-fieldend|move: Trick Room\n|upkeep\n|turn|6\n|-message|Ciranda Mosgrove forfeited.\n|\n|win|Alfredd2640\n|raw|Alfredd2640's rating: 1701 &rarr; <strong>1720<\/strong><br \/>(+19 for winning)\n|raw|Ciranda Mosgrove's rating: 1681 &rarr; <strong>1662<\/strong><br \/>(-19 for losing)\n|l|\u2606Ciranda Mosgrove\n","uploadtime":1700452497,"views":5,"p1id":"alfredd2640","p2id":"cirandamosgrove","formatid":"gen9vgc2023regulatione","rating":1662,"private":0,"password":""}