{"id":"gen9vgc2023regulatione-1996288782","p1":"FloridaParkingLot","p2":"Mute alchemist","format":"[Gen 9] VGC 2023 Regulation E","log":"|j|\u2606FloridaParkingLot\n|j|\u2606Mute alchemist\n|t:|1700667859\n|gametype|doubles\n|player|p1|FloridaParkingLot|170|1315\n|player|p2|Mute alchemist|waiter-gen4dp|1359\n|teamsize|p1|6\n|teamsize|p2|6\n|gen|9\n|tier|[Gen 9] VGC 2023 Regulation E\n|rated|\n|rule|Species Clause: Limit one of each Pok\u00e9mon\n|rule|Item Clause: Limit one of each item\n|clearpoke\n|poke|p1|Iron Hands, L50|\n|poke|p1|Chi-Yu, L50|\n|poke|p1|Flutter Mane, L50|\n|poke|p1|Tornadus, L50, M|\n|poke|p1|Landorus-Therian, L50, M|\n|poke|p1|Urshifu-*, L50, F|\n|poke|p2|Farigiraf, L50, F|\n|poke|p2|Clefairy, L50, F|\n|poke|p2|Ursaluna-Bloodmoon, L50, M|\n|poke|p2|Abomasnow, L50, M|\n|poke|p2|Ogerpon-Hearthflame, L50, F|\n|poke|p2|Chien-Pao, L50|\n|teampreview|4\n|inactive|Battle timer is ON: inactive players will automatically lose when time's up. (requested by Mute alchemist)\n|\n|t:|1700667883\n|start\n|switch|p1a: Chi-Yu|Chi-Yu, L50|100\/100\n|switch|p1b: Flutter Mane|Flutter Mane, L50|100\/100\n|switch|p2a: Farigiraf|Farigiraf, L50, F|100\/100\n|switch|p2b: Clefairy|Clefairy, L50, F|100\/100\n|-ability|p1a: Chi-Yu|Beads of Ruin\n|turn|1\n|\n|t:|1700667894\n|move|p2b: Clefairy|Follow Me|p2b: Clefairy\n|-singleturn|p2b: Clefairy|move: Follow Me\n|move|p1b: Flutter Mane|Dazzling Gleam|p2b: Clefairy|[spread] p2a,p2b\n|-damage|p2a: Farigiraf|72\/100\n|-damage|p2b: Clefairy|59\/100\n|move|p1a: Chi-Yu|Heat Wave|p2a: Farigiraf|[spread] p2a,p2b\n|-damage|p2a: Farigiraf|26\/100\n|-damage|p2b: Clefairy|0 fnt\n|-enditem|p2a: Farigiraf|Sitrus Berry|[eat]\n|-heal|p2a: Farigiraf|51\/100|[from] item: Sitrus Berry\n|faint|p2b: Clefairy\n|-damage|p1a: Chi-Yu|90\/100|[from] item: Life Orb\n|move|p2a: Farigiraf|Trick Room|p2a: Farigiraf\n|-fieldstart|move: Trick Room|[of] p2a: Farigiraf\n|\n|upkeep\n|\n|t:|1700667907\n|switch|p2b: Ursaluna|Ursaluna-Bloodmoon, L50, M|100\/100\n|turn|2\n|\n|t:|1700667929\n|move|p1a: Chi-Yu|Protect|p1a: Chi-Yu\n|-singleturn|p1a: Chi-Yu|Protect\n|move|p2b: Ursaluna|Earth Power|p1a: Chi-Yu\n|-activate|p1a: Chi-Yu|move: Protect\n|move|p2a: Farigiraf|Nasty Plot|p2a: Farigiraf\n|-boost|p2a: Farigiraf|spa|2\n|move|p1b: Flutter Mane|Dazzling Gleam|p2a: Farigiraf|[spread] p2a,p2b\n|-damage|p2a: Farigiraf|10\/100\n|-damage|p2b: Ursaluna|51\/100\n|\n|upkeep\n|turn|3\n|\n|t:|1700667945\n|move|p2b: Ursaluna|Hyper Voice|p1b: Flutter Mane|[spread] p1a,p1b\n|-damage|p1a: Chi-Yu|30\/100\n|-damage|p1b: Flutter Mane|26\/100\n|-damage|p2b: Ursaluna|42\/100|[from] item: Life Orb\n|move|p2a: Farigiraf|Dazzling Gleam|p1b: Flutter Mane|[spread] p1a,p1b\n|-damage|p1a: Chi-Yu|0 fnt\n|-damage|p1b: Flutter Mane|0 fnt\n|faint|p1a: Chi-Yu\n|faint|p1b: Flutter Mane\n|-end|p1b: Flutter Mane|Protosynthesis|[silent]\n|\n|upkeep\n|\n|t:|1700667949\n|switch|p1a: Iron Hands|Iron Hands, L50|100\/100\n|switch|p1b: Urshifu|Urshifu, L50, F|100\/100\n|turn|4\n|\n|t:|1700667965\n|-terastallize|p1a: Iron Hands|Grass\n|move|p1b: Urshifu|Detect|p1b: Urshifu\n|-singleturn|p1b: Urshifu|Protect\n|move|p2b: Ursaluna|Blood Moon|p1a: Iron Hands\n|-damage|p1a: Iron Hands|40\/100\n|-damage|p2b: Ursaluna|32\/100|[from] item: Life Orb\n|move|p1a: Iron Hands|Drain Punch|p2a: Farigiraf\n|-damage|p2a: Farigiraf|0 fnt\n|-heal|p1a: Iron Hands|44\/100|[from] drain|[of] p2a: Farigiraf\n|faint|p2a: Farigiraf\n|\n|upkeep\n|\n|t:|1700667974\n|switch|p2a: Abomasnow|Abomasnow, L50, M, shiny|100\/100\n|-weather|Snow|[from] ability: Snow Warning|[of] p2a: Abomasnow\n|turn|5\n|\n|t:|1700667991\n|-terastallize|p2a: Abomasnow|Ground\n|move|p2b: Ursaluna|Hyper Voice|p1b: Urshifu|[spread] p1a,p1b\n|-damage|p1a: Iron Hands|14\/100\n|-damage|p1b: Urshifu|25\/100\n|-damage|p2b: Ursaluna|22\/100|[from] item: Life Orb\n|move|p2a: Abomasnow|Aurora Veil|p2a: Abomasnow\n|-sidestart|p2: Mute alchemist|move: Aurora Veil\n|move|p1a: Iron Hands|Drain Punch|p2a: Abomasnow\n|-damage|p2a: Abomasnow|72\/100\n|-heal|p1a: Iron Hands|25\/100|[from] drain|[of] p2a: Abomasnow\n|move|p1b: Urshifu|Close Combat|p2b: Ursaluna\n|-supereffective|p2b: Ursaluna\n|-damage|p2b: Ursaluna|0 fnt\n|-unboost|p1b: Urshifu|def|1\n|-unboost|p1b: Urshifu|spd|1\n|faint|p2b: Ursaluna\n|\n|-weather|Snow|[upkeep]\n|-fieldend|move: Trick Room\n|upkeep\n|turn|6\n|\n|t:|1700668008\n|move|p1b: Urshifu|Wicked Blow|p2a: Abomasnow\n|-crit|p2a: Abomasnow\n|-damage|p2a: Abomasnow|0 fnt\n|faint|p2a: Abomasnow\n|\n|win|FloridaParkingLot\n|raw|FloridaParkingLot's rating: 1315 &rarr; <strong>1338<\/strong><br \/>(+23 for winning)\n|raw|Mute alchemist's rating: 1359 &rarr; <strong>1336<\/strong><br \/>(-23 for losing)\n|l|\u2606Mute alchemist\n","uploadtime":1700668017,"views":6,"p1id":"floridaparkinglot","p2id":"mutealchemist","formatid":"gen9vgc2023regulatione","rating":1336,"private":0,"password":""}