{"id":"gen9vgc2023regulatione-1992128254","p1":"lux2821","p2":"WillE_VGC","format":"[Gen 9] VGC 2023 Regulation E","log":"|j|\u2606lux2821\n|j|\u2606WillE_VGC\n|n|\u2606lux2821|lux2821\n|n|\u2606WillE_VGC|willevgc\n|html|View the match progress at <a href=\"\/game-bestof3-gen9vgc2023regulatione-1992125335\">game-bestof3-gen9vgc2023regulatione-1992125335<\/a>\n|t:|1700157382\n|gametype|doubles\n|player|p1|lux2821|lusamine-nihilego|\n|player|p2|WillE_VGC|#dpl9spectralthieves|\n|teamsize|p1|6\n|teamsize|p2|6\n|gen|9\n|tier|[Gen 9] VGC 2023 Regulation E\n|rule|Species Clause: Limit one of each Pok\u00e9mon\n|rule|Item Clause: Limit one of each item\n|clearpoke\n|poke|p1|Tauros, L50, M|\n|poke|p1|Chi-Yu, L50|\n|poke|p1|Pachirisu, L50, F|\n|poke|p1|Veluza, L50, F|\n|poke|p1|Lilligant, L50, F|\n|poke|p1|Tornadus, L50, M|\n|poke|p2|Iron Hands, L50|\n|poke|p2|Palafin, L50, M|\n|poke|p2|Heatran, L50, F|\n|poke|p2|Mimikyu, L50, F|\n|poke|p2|Tropius, L50, M|\n|poke|p2|Ditto, L50|\n|teampreview|4\n|inactive|Battle timer is ON: inactive players will automatically lose when time's up. (requested by lux2821)\n|j| FuratBang\n|j| Jstardude\n|j| Stryke Out\n|c|\u2606WillE_VGC|glhf\n|c|\u2606lux2821|u2\n|inactive|WillE_VGC has 60 seconds left.\n|inactive|lux2821 has 60 seconds left.\n|\n|t:|1700157429\n|start\n|switch|p1a: Da Fish|Chi-Yu, L50|100\/100\n|switch|p1b: Wooper Wannabe|Tornadus, L50, M|100\/100\n|switch|p2a: Iron|Iron Hands, L50|100\/100\n|switch|p2b: Obsidian|Mimikyu, L50, F|100\/100\n|-ability|p1a: Da Fish|Beads of Ruin\n|turn|1\n|inactiveoff|Battle timer is now OFF.\n|l| Jstardude\n|j| ryanotest1\n|\n|t:|1700157500\n|move|p2a: Iron|Fake Out|p1b: Wooper Wannabe\n|-damage|p1b: Wooper Wannabe|78\/100\n|cant|p1b: Wooper Wannabe|flinch\n|move|p1a: Da Fish|Dark Pulse|p2b: Obsidian\n|-activate|p2b: Obsidian|ability: Disguise\n|-damage|p2b: Obsidian|100\/100\n|detailschange|p2b: Obsidian|Mimikyu-Busted, L50, F\n|-damage|p2b: Obsidian|88\/100|[from] pokemon: Mimikyu-Busted\n|move|p2b: Obsidian|Trick Room|p2b: Obsidian\n|-fieldstart|move: Trick Room|[of] p2b: Obsidian\n|\n|-heal|p1b: Wooper Wannabe|84\/100|[from] item: Leftovers\n|upkeep\n|turn|2\n|\n|t:|1700157517\n|-terastallize|p1a: Da Fish|Ghost\n|move|p2a: Iron|Swords Dance|p2a: Iron\n|-boost|p2a: Iron|atk|2\n|move|p1a: Da Fish|Dark Pulse|p2b: Obsidian\n|-damage|p2b: Obsidian|12\/100\n|move|p2b: Obsidian|Taunt|p1b: Wooper Wannabe\n|-start|p1b: Wooper Wannabe|move: Taunt\n|move|p1b: Wooper Wannabe|Bleakwind Storm|p2b: Obsidian|[spread] p2a,p2b\n|-damage|p2a: Iron|59\/100\n|-damage|p2b: Obsidian|0 fnt\n|-unboost|p2a: Iron|spe|1\n|faint|p2b: Obsidian\n|\n|-heal|p1b: Wooper Wannabe|89\/100|[from] item: Leftovers\n|upkeep\n|\n|t:|1700157533\n|switch|p2b: Copper|Heatran, L50, F|100\/100\n|turn|3\n|\n|t:|1700157546\n|move|p2a: Iron|Thunder Punch|p1a: Da Fish\n|-damage|p1a: Da Fish|0 fnt\n|faint|p1a: Da Fish\n|move|p2b: Copper|Heat Wave|p1b: Wooper Wannabe\n|-damage|p1b: Wooper Wannabe|13\/100\n|move|p1b: Wooper Wannabe|Bleakwind Storm|p2b: Copper|[spread] p2a,p2b\n|-resisted|p2b: Copper\n|-damage|p2a: Iron|34\/100\n|-damage|p2b: Copper|90\/100\n|-unboost|p2a: Iron|spe|1\n|-unboost|p2b: Copper|spe|1\n|\n|-heal|p1b: Wooper Wannabe|19\/100|[from] item: Leftovers\n|upkeep\n|\n|t:|1700157561\n|switch|p1a: W Rizz|Pachirisu, L50, F|100\/100\n|turn|4\n|\n|t:|1700157577\n|move|p1a: W Rizz|Follow Me|p1a: W Rizz\n|-singleturn|p1a: W Rizz|move: Follow Me\n|move|p2a: Iron|Drain Punch|p1a: W Rizz\n|-enditem|p1a: W Rizz|Focus Sash\n|-damage|p1a: W Rizz|1\/100\n|-heal|p2a: Iron|68\/100|[from] drain|[of] p1a: W Rizz\n|move|p2b: Copper|Heat Wave|p1b: Wooper Wannabe|[spread] p1a,p1b\n|-damage|p1a: W Rizz|0 fnt\n|-damage|p1b: Wooper Wannabe|0 fnt\n|faint|p1a: W Rizz\n|faint|p1b: Wooper Wannabe\n|\n|upkeep\n|\n|t:|1700157587\n|switch|p1b: Do be Vibin'|Lilligant, L50, F|100\/100\n|turn|5\n|\n|t:|1700157605\n|move|p2a: Iron|Drain Punch|p1b: Do be Vibin'\n|-damage|p1b: Do be Vibin'|0 fnt\n|-heal|p2a: Iron|99\/100|[from] drain|[of] p1b: Do be Vibin'\n|faint|p1b: Do be Vibin'\n|\n|win|WillE_VGC\n|c|\u2606WillE_VGC|gg\n|c|\u2606lux2821|gg\n|l| Stryke Out\n|l|\u2606lux2821\n|l| ryanotest1\n","uploadtime":1700157638,"views":37,"p1id":"lux2821","p2id":"willevgc","formatid":"gen9vgc2023regulatione","rating":0,"private":0,"password":""}