{"id":"gen9vgc2023regulatione-1994827530","p1":"Matty1919","p2":"kojiminori1","format":"[Gen 9] VGC 2023 Regulation E","log":"|j|\u2606Matty1919\n|j|\u2606kojiminori1\n|t:|1700496491\n|gametype|doubles\n|player|p1|Matty1919|265|1628\n|player|p2|kojiminori1|170|1636\n|teamsize|p1|6\n|teamsize|p2|6\n|gen|9\n|tier|[Gen 9] VGC 2023 Regulation E\n|rated|\n|rule|Species Clause: Limit one of each Pok\u00e9mon\n|rule|Item Clause: Limit one of each item\n|clearpoke\n|poke|p1|Iron Hands, L50|\n|poke|p1|Dusclops, L50, M|\n|poke|p1|Ursaluna-Bloodmoon, L50, M|\n|poke|p1|Ogerpon-Wellspring, L50, F|\n|poke|p1|Flutter Mane, L50|\n|poke|p1|Chi-Yu, L50|\n|poke|p2|Ninetales-Alola, L50, F|\n|poke|p2|Iron Hands, L50|\n|poke|p2|Farigiraf, L50, F|\n|poke|p2|Baxcalibur, L50, M|\n|poke|p2|Amoonguss, L50, F|\n|poke|p2|Heatran, L50, M|\n|teampreview|4\n|inactive|Battle timer is ON: inactive players will automatically lose when time's up. (requested by kojiminori1)\n|j| GOODSHITPROFESSOR\n|inactive|kojiminori1 has 60 seconds left.\n|inactive|kojiminori1 has 30 seconds left.\n|\n|t:|1700496553\n|start\n|switch|p1a: Flutter Mane|Flutter Mane, L50|100\/100\n|switch|p1b: Chi-Yu|Chi-Yu, L50|100\/100\n|switch|p2a: Baxcalibur|Baxcalibur, L50, M|100\/100\n|switch|p2b: Amoonguss|Amoonguss, L50, F|100\/100\n|-ability|p1b: Chi-Yu|Beads of Ruin\n|-enditem|p1a: Flutter Mane|Booster Energy\n|-activate|p1a: Flutter Mane|ability: Protosynthesis|[fromitem]\n|-start|p1a: Flutter Mane|protosynthesisspe\n|turn|1\n|inactive|kojiminori1 has 30 seconds left.\n|inactive|kojiminori1 has 20 seconds left.\n|inactive|kojiminori1 has 15 seconds left.\n|\n|t:|1700496595\n|switch|p2a: Heatran|Heatran, L50, M|100\/100\n|-terastallize|p2b: Amoonguss|Water\n|move|p1a: Flutter Mane|Shadow Ball|p2b: Amoonguss\n|-damage|p2b: Amoonguss|46\/100\n|move|p1b: Chi-Yu|Dark Pulse|p2b: Amoonguss\n|-damage|p2b: Amoonguss|0 fnt\n|faint|p2b: Amoonguss\n|\n|upkeep\n|\n|t:|1700496610\n|switch|p2b: Iron Hands|Iron Hands, L50|100\/100\n|turn|2\n|inactive|Matty1919 has 30 seconds left.\n|inactive|kojiminori1 has 30 seconds left.\n|inactive|kojiminori1 has 20 seconds left.\n|\n|t:|1700496647\n|-terastallize|p1b: Chi-Yu|Ghost\n|move|p1a: Flutter Mane|Dazzling Gleam|p2a: Heatran|[spread] p2a,p2b\n|-resisted|p2a: Heatran\n|-supereffective|p2b: Iron Hands\n|-damage|p2a: Heatran|93\/100\n|-damage|p2b: Iron Hands|60\/100\n|move|p1b: Chi-Yu|Dark Pulse|p2a: Heatran\n|-damage|p2a: Heatran|14\/100\n|move|p2a: Heatran|Heat Wave|p1a: Flutter Mane|[spread] p1a,p1b\n|-damage|p1a: Flutter Mane|30\/100\n|-damage|p1b: Chi-Yu|41\/100\n|-damage|p2a: Heatran|5\/100|[from] item: Life Orb\n|move|p2b: Iron Hands|Wild Charge|p1b: Chi-Yu\n|-damage|p1b: Chi-Yu|0 fnt\n|faint|p1b: Chi-Yu\n|-damage|p2b: Iron Hands|55\/100|[from] Recoil\n|\n|upkeep\n|j| Judang\n|\n|t:|1700496671\n|switch|p1b: Iron Hands|Iron Hands, L50|100\/100\n|turn|3\n|\n|t:|1700496680\n|move|p2a: Heatran|Protect|p2a: Heatran\n|-singleturn|p2a: Heatran|Protect\n|move|p1b: Iron Hands|Fake Out|p2b: Iron Hands\n|-damage|p2b: Iron Hands|43\/100\n|move|p1a: Flutter Mane|Dazzling Gleam|p2a: Heatran|[spread] p2b\n|-activate|p2a: Heatran|move: Protect\n|-supereffective|p2b: Iron Hands\n|-damage|p2b: Iron Hands|12\/100\n|cant|p2b: Iron Hands|flinch\n|\n|upkeep\n|turn|4\n|inactive|Matty1919 has 30 seconds left.\n|\n|t:|1700496707\n|move|p1a: Flutter Mane|Dazzling Gleam|p2a: Heatran|[spread] p2a,p2b\n|-resisted|p2a: Heatran\n|-supereffective|p2b: Iron Hands\n|-damage|p2a: Heatran|0 fnt\n|-damage|p2b: Iron Hands|0 fnt\n|faint|p2a: Heatran\n|faint|p2b: Iron Hands\n|-end|p2b: Iron Hands|Quark Drive|[silent]\n|move|p1b: Iron Hands|Drain Punch|p2: Heatran|[notarget]\n|-fail|p1b: Iron Hands\n|\n|upkeep\n|\n|t:|1700496715\n|switch|p2a: Baxcalibur|Baxcalibur, L50, M|100\/100\n|turn|5\n|\n|t:|1700496721\n|move|p2a: Baxcalibur|Ice Shard|p1a: Flutter Mane\n|-damage|p1a: Flutter Mane|0 fnt\n|faint|p1a: Flutter Mane\n|-end|p1a: Flutter Mane|Protosynthesis|[silent]\n|move|p1b: Iron Hands|Drain Punch|p2a: Baxcalibur\n|-supereffective|p2a: Baxcalibur\n|-damage|p2a: Baxcalibur|22\/100\n|\n|upkeep\n|\n|t:|1700496729\n|switch|p1a: Ogerpon|Ogerpon-Wellspring, L50, F|100\/100\n|turn|6\n|\n|t:|1700496738\n|move|p2a: Baxcalibur|Ice Shard|p1b: Iron Hands\n|-damage|p1b: Iron Hands|78\/100\n|move|p1a: Ogerpon|Ivy Cudgel|p2a: Baxcalibur|[anim] Ivy Cudgel Water\n|-resisted|p2a: Baxcalibur\n|-damage|p2a: Baxcalibur|0 fnt\n|faint|p2a: Baxcalibur\n|\n|win|Matty1919\n|raw|Matty1919's rating: 1628 &rarr; <strong>1648<\/strong><br \/>(+20 for winning)\n|raw|kojiminori1's rating: 1636 &rarr; <strong>1616<\/strong><br \/>(-20 for losing)\n|l|\u2606kojiminori1\n|l| GOODSHITPROFESSOR\n","uploadtime":1700496755,"views":2,"p1id":"matty1919","p2id":"kojiminori1","formatid":"gen9vgc2023regulatione","rating":1616,"private":0,"password":""}