{"id":"gen9vgc2023regulatione-1989952766","p1":"BodaciousBulbasaur","p2":"tythann","format":"[Gen 9] VGC 2023 Regulation E","log":"|j|\u2606BodaciousBulbasaur\n|j|\u2606tythann\n|t:|1699909684\n|gametype|doubles\n|player|p1|BodaciousBulbasaur|acetrainerf-gen4dp|1200\n|player|p2|tythann|266|1142\n|teamsize|p1|6\n|teamsize|p2|6\n|gen|9\n|tier|[Gen 9] VGC 2023 Regulation E\n|rated|\n|rule|Species Clause: Limit one of each Pok\u00e9mon\n|rule|Item Clause: Limit one of each item\n|clearpoke\n|poke|p1|Spectrier, L50|\n|poke|p1|Regidrago, L50|\n|poke|p1|Heatran, L50, F|\n|poke|p1|Goodra-Hisui, L50, M|\n|poke|p1|Zapdos-Galar, L50|\n|poke|p1|Rillaboom, L50, F|\n|poke|p2|Salamence, L50, M|\n|poke|p2|Zapdos, L50|\n|poke|p2|Amoonguss, L50, M|\n|poke|p2|Arcanine-Hisui, L50, M|\n|poke|p2|Ogerpon-Wellspring, L50, F|\n|poke|p2|Flutter Mane, L50|\n|teampreview|4\ntythann has agreed to open team sheets.\n|\n|t:|1699909722\n|start\n|switch|p1a: Zapdos|Zapdos-Galar, L50|100\/100\n|switch|p1b: Goodra|Goodra-Hisui, L50, M|100\/100\n|switch|p2a: Salamence|Salamence, L50, M|100\/100\n|switch|p2b: Zapdos|Zapdos, L50|100\/100\n|turn|1\n|\n|t:|1699909745\n|move|p2a: Salamence|Protect|p2a: Salamence\n|-singleturn|p2a: Salamence|Protect\n|move|p1a: Zapdos|Tailwind|p1a: Zapdos\n|-sidestart|p1: BodaciousBulbasaur|move: Tailwind\n|move|p1b: Goodra|Acid Armor|p1b: Goodra\n|-boost|p1b: Goodra|def|2\n|move|p2b: Zapdos|Tailwind|p2b: Zapdos\n|-sidestart|p2: tythann|move: Tailwind\n|\n|upkeep\n|turn|2\n|\n|t:|1699909767\n|move|p1a: Zapdos|Detect|p1a: Zapdos\n|-singleturn|p1a: Zapdos|Protect\n|move|p2a: Salamence|Earthquake|p1b: Goodra|[spread] p1b\n|-activate|p1a: Zapdos|move: Protect\n|-immune|p2b: Zapdos\n|-supereffective|p1b: Goodra\n|-damage|p1b: Goodra|76\/100\n|move|p2b: Zapdos|Hurricane|p1a: Zapdos\n|-activate|p1a: Zapdos|move: Protect\n|move|p1b: Goodra|Heavy Slam|p2a: Salamence\n|-damage|p2a: Salamence|68\/100\n|\n|-heal|p1b: Goodra|82\/100|[from] item: Leftovers\n|upkeep\n|turn|3\n|\n|t:|1699909794\n|switch|p1a: Regidrago|Regidrago, L50|100\/100\n|move|p2a: Salamence|Earthquake|p1b: Goodra|[spread] p1a,p1b\n|-immune|p2b: Zapdos\n|-supereffective|p1b: Goodra\n|-damage|p1a: Regidrago|71\/100\n|-damage|p1b: Goodra|60\/100\n|move|p2b: Zapdos|Thunderbolt|p1a: Regidrago\n|-resisted|p1a: Regidrago\n|-damage|p1a: Regidrago|47\/100\n|move|p1b: Goodra|Heavy Slam|p2a: Salamence\n|-damage|p2a: Salamence|36\/100\n|\n|-heal|p1b: Goodra|66\/100|[from] item: Leftovers\n|upkeep\n|turn|4\n|\n|t:|1699909812\n|move|p2a: Salamence|Protect|p2a: Salamence\n|-singleturn|p2a: Salamence|Protect\n|move|p1a: Regidrago|Dragon Energy|p2a: Salamence|[spread] p2b\n|-activate|p2a: Salamence|move: Protect\n|-damage|p2b: Zapdos|58\/100\n|move|p2b: Zapdos|Hurricane|p1a: Regidrago\n|-damage|p1a: Regidrago|0 fnt\n|faint|p1a: Regidrago\n|move|p1b: Goodra|Life Dew|p1b: Goodra\n|-heal|p1b: Goodra|91\/100\n|\n|-heal|p1b: Goodra|97\/100|[from] item: Leftovers\n|-sideend|p2: tythann|move: Tailwind\n|-sideend|p1: BodaciousBulbasaur|move: Tailwind\n|upkeep\n|\n|t:|1699909825\n|switch|p1a: Zapdos|Zapdos-Galar, L50|100\/100\n|turn|5\n|\n|t:|1699909846\n|move|p1a: Zapdos|Detect|p1a: Zapdos\n|-singleturn|p1a: Zapdos|Protect\n|move|p2a: Salamence|Dragon Dance|p2a: Salamence\n|-boost|p2a: Salamence|atk|1\n|-boost|p2a: Salamence|spe|1\n|move|p2b: Zapdos|Tailwind|p2b: Zapdos\n|-sidestart|p2: tythann|move: Tailwind\n|move|p1b: Goodra|Acid Armor|p1b: Goodra\n|-boost|p1b: Goodra|def|2\n|\n|-heal|p1b: Goodra|100\/100|[from] item: Leftovers\n|upkeep\n|turn|6\n|\n|t:|1699909859\n|move|p2a: Salamence|Iron Head|p1a: Zapdos\n|-damage|p1a: Zapdos|49\/100\n|move|p2b: Zapdos|Thunderbolt|p1a: Zapdos\n|-supereffective|p1a: Zapdos\n|-damage|p1a: Zapdos|0 fnt\n|faint|p1a: Zapdos\n|move|p1b: Goodra|Body Press|p2b: Zapdos\n|-resisted|p2b: Zapdos\n|-damage|p2b: Zapdos|27\/100\n|-damage|p1b: Goodra|84\/100|[from] item: Rocky Helmet|[of] p2b: Zapdos\n|\n|-heal|p1b: Goodra|90\/100|[from] item: Leftovers\n|upkeep\n|\n|t:|1699909870\n|switch|p1a: Rillaboom|Rillaboom, L50, F|100\/100\n|-fieldstart|move: Grassy Terrain|[from] ability: Grassy Surge|[of] p1a: Rillaboom\n|turn|7\n|\n|t:|1699909883\n|-terastallize|p1a: Rillaboom|Fire\n|move|p1a: Rillaboom|Fake Out|p2a: Salamence\n|-damage|p2a: Salamence|19\/100\n|cant|p2a: Salamence|flinch\n|move|p2b: Zapdos|Hurricane|p1a: Rillaboom\n|-damage|p1a: Rillaboom|61\/100\n|move|p1b: Goodra|Body Press|p2b: Zapdos\n|-resisted|p2b: Zapdos\n|-damage|p2b: Zapdos|0 fnt\n|-damage|p1b: Goodra|73\/100|[from] item: Rocky Helmet|[of] p2b: Zapdos\n|-status|p1b: Goodra|par|[from] ability: Static|[of] p2b: Zapdos\n|faint|p2b: Zapdos\n|\n|-heal|p1a: Rillaboom|67\/100|[from] Grassy Terrain\n|-heal|p1b: Goodra|79\/100 par|[from] Grassy Terrain\n|-heal|p1b: Goodra|85\/100 par|[from] item: Leftovers\n|upkeep\n|\n|t:|1699909904\n|switch|p2b: Ogerpon|Ogerpon-Wellspring, L50, F|100\/100\n|turn|8\n|\n|t:|1699909912\n|move|p2b: Ogerpon|Spiky Shield|p2b: Ogerpon\n|-singleturn|p2b: Ogerpon|move: Protect\n|move|p2a: Salamence|Earthquake|p1b: Goodra|[spread] p1a,p1b\n|-activate|p2b: Ogerpon|move: Protect\n|-supereffective|p1a: Rillaboom\n|-supereffective|p1b: Goodra\n|-damage|p1a: Rillaboom|27\/100\n|-damage|p1b: Goodra|71\/100 par\n|move|p1a: Rillaboom|Wood Hammer|p2b: Ogerpon\n|-activate|p2b: Ogerpon|move: Protect\n|-damage|p1a: Rillaboom|15\/100|[from] Spiky Shield|[of] p2b: Ogerpon\n|move|p1b: Goodra|Heavy Slam|p2a: Salamence\n|-damage|p2a: Salamence|0 fnt\n|faint|p2a: Salamence\n|\n|-heal|p1a: Rillaboom|21\/100|[from] Grassy Terrain\n|-heal|p1b: Goodra|77\/100 par|[from] Grassy Terrain\n|-heal|p1b: Goodra|83\/100 par|[from] item: Leftovers\n|-sideend|p2: tythann|move: Tailwind\n|upkeep\n|\n|t:|1699909929\n|switch|p2a: Arcanine|Arcanine-Hisui, L50, M|100\/100\n|-ability|p2a: Arcanine|Intimidate|boost\n|-unboost|p1a: Rillaboom|atk|1\n|-unboost|p1b: Goodra|atk|1\n|turn|9\n|\n|t:|1699909953\n|move|p2b: Ogerpon|Ivy Cudgel|p1a: Rillaboom\n|-supereffective|p1a: Rillaboom\n|-crit|p1a: Rillaboom\n|-damage|p1a: Rillaboom|0 fnt\n|faint|p1a: Rillaboom\n|move|p2a: Arcanine|Close Combat|p1b: Goodra\n|-supereffective|p1b: Goodra\n|-damage|p1b: Goodra|48\/100 par\n|-unboost|p2a: Arcanine|def|1\n|-unboost|p2a: Arcanine|spd|1\n|move|p1b: Goodra|Acid Armor|p1b: Goodra\n|-boost|p1b: Goodra|def|2\n|\n|-heal|p1b: Goodra|53\/100 par|[from] Grassy Terrain\n|-heal|p1b: Goodra|59\/100 par|[from] item: Leftovers\n|upkeep\n|turn|10\n|\n|t:|1699909983\n|-terastallize|p2a: Arcanine|Grass\n|move|p2b: Ogerpon|Swords Dance|p2b: Ogerpon\n|-boost|p2b: Ogerpon|atk|2\n|move|p2a: Arcanine|Close Combat|p1b: Goodra\n|-supereffective|p1b: Goodra\n|-damage|p1b: Goodra|34\/100 par\n|-unboost|p2a: Arcanine|def|1\n|-unboost|p2a: Arcanine|spd|1\n|cant|p1b: Goodra|par\n|\n|-heal|p1b: Goodra|40\/100 par|[from] Grassy Terrain\n|-heal|p1b: Goodra|45\/100 par|[from] item: Leftovers\n|upkeep\n|turn|11\n|\n|t:|1699910001\n|move|p2b: Ogerpon|Swords Dance|p2b: Ogerpon\n|-boost|p2b: Ogerpon|atk|2\n|move|p2a: Arcanine|Close Combat|p1b: Goodra\n|-supereffective|p1b: Goodra\n|-damage|p1b: Goodra|21\/100 par\n|-unboost|p2a: Arcanine|def|1\n|-unboost|p2a: Arcanine|spd|1\n|move|p1b: Goodra|Body Press|p2a: Arcanine\n|-damage|p2a: Arcanine|0 fnt\n|faint|p2a: Arcanine\n|\n|-heal|p1b: Goodra|27\/100 par|[from] Grassy Terrain\n|-heal|p1b: Goodra|33\/100 par|[from] item: Leftovers\n|-fieldend|move: Grassy Terrain\n|upkeep\n|turn|12\n|\n|t:|1699910025\n|move|p2b: Ogerpon|Horn Leech|p1b: Goodra\n|-resisted|p1b: Goodra\n|-damage|p1b: Goodra|26\/100 par\n|move|p1b: Goodra|Body Press|p2b: Ogerpon\n|-damage|p2b: Ogerpon|0 fnt\n|faint|p2b: Ogerpon\n|\n|win|BodaciousBulbasaur\n|raw|BodaciousBulbasaur's rating: 1200 &rarr; <strong>1221<\/strong><br \/>(+21 for winning)\n|raw|tythann's rating: 1142 &rarr; <strong>1121<\/strong><br \/>(-21 for losing)\n","uploadtime":1699910035,"views":14,"p1id":"bodaciousbulbasaur","p2id":"tythann","formatid":"gen9vgc2023regulatione","rating":1121,"private":0,"password":""}