{"id":"gen9vgc2023regulatione-1993221391","p1":"Bungusi","p2":"BlueJayX2","format":"[Gen 9] VGC 2023 Regulation E","log":"|j|\u2606Bungusi\n|j|\u2606BlueJayX2\n|t:|1700279977\n|gametype|doubles\n|player|p1|Bungusi|rosa|1049\n|player|p2|BlueJayX2|marley|1114\n|teamsize|p1|6\n|teamsize|p2|6\n|gen|9\n|tier|[Gen 9] VGC 2023 Regulation E\n|rated|\n|rule|Species Clause: Limit one of each Pok\u00e9mon\n|rule|Item Clause: Limit one of each item\n|clearpoke\n|poke|p1|Ceruledge, L50, F|\n|poke|p1|Sableye, L50, M|\n|poke|p1|Flutter Mane, L50|\n|poke|p1|Meowscarada, L50, F|\n|poke|p1|Dragonite, L50, M|\n|poke|p1|Milotic, L50, F|\n|poke|p2|Sylveon, L50, F|\n|poke|p2|Indeedee-F, L50, F|\n|poke|p2|Volbeat, L50, M|\n|poke|p2|Tauros-Paldea-Aqua, L50, M|\n|poke|p2|Ariados, L50, M|\n|poke|p2|Dudunsparce-*, L50, M|\n|teampreview|4\n|inactive|Battle timer is ON: inactive players will automatically lose when time's up. (requested by BlueJayX2)\n|\n|t:|1700279993\n|start\n|switch|p1a: Dragonite|Dragonite, L50, M|100\/100\n|switch|p1b: Flutter Mane|Flutter Mane, L50|100\/100\n|switch|p2a: Indeedee|Indeedee-F, L50, F|100\/100\n|switch|p2b: Dudunsparce|Dudunsparce-Three-Segment, L50, M|100\/100\n|-fieldstart|move: Psychic Terrain|[from] ability: Psychic Surge|[of] p2a: Indeedee\n|turn|1\n|\n|t:|1700280014\n|-terastallize|p2b: Dudunsparce|Ghost\n|move|p2a: Indeedee|Follow Me|p2a: Indeedee\n|-singleturn|p2a: Indeedee|move: Follow Me\n|move|p1b: Flutter Mane|Shadow Ball|p2a: Indeedee\n|-immune|p2a: Indeedee\n|move|p2b: Dudunsparce|Coil|p2b: Dudunsparce\n|-boost|p2b: Dudunsparce|atk|1\n|-boost|p2b: Dudunsparce|def|1\n|-boost|p2b: Dudunsparce|accuracy|1\n|move|p1a: Dragonite|Ice Spinner|p2a: Indeedee\n|-damage|p2a: Indeedee|48\/100\n|-fieldend|move: Psychic Terrain\n|\n|upkeep\n|turn|2\n|\n|t:|1700280033\n|move|p2a: Indeedee|Follow Me|p2a: Indeedee\n|-singleturn|p2a: Indeedee|move: Follow Me\n|move|p1b: Flutter Mane|Shadow Ball|p2a: Indeedee\n|-immune|p2a: Indeedee\n|move|p2b: Dudunsparce|Rock Slide|p1b: Flutter Mane|[spread] p1a,p1b\n|-supereffective|p1a: Dragonite\n|-damage|p1a: Dragonite|73\/100\n|-damage|p1b: Flutter Mane|39\/100\n|move|p1a: Dragonite|Ice Spinner|p2a: Indeedee\n|-damage|p2a: Indeedee|0 fnt\n|faint|p2a: Indeedee\n|\n|upkeep\n|\n|t:|1700280047\n|switch|p2a: Volbeat|Volbeat, L50, M|100\/100\n|turn|3\n|\n|t:|1700280061\n|move|p2a: Volbeat|Tailwind|p2a: Volbeat\n|-sidestart|p2: BlueJayX2|move: Tailwind\n|move|p2b: Dudunsparce|Rock Slide|p1b: Flutter Mane|[spread] p1a,p1b\n|-supereffective|p1a: Dragonite\n|-damage|p1a: Dragonite|26\/100\n|-damage|p1b: Flutter Mane|0 fnt\n|faint|p1b: Flutter Mane\n|-end|p1b: Flutter Mane|Protosynthesis|[silent]\n|cant|p1a: Dragonite|flinch\n|\n|upkeep\n|\n|t:|1700280071\n|switch|p1b: Sableye|Sableye, L50, M|100\/100\n|turn|4\n|\n|t:|1700280093\n|move|p2a: Volbeat|Helping Hand|p2b: Dudunsparce\n|-singleturn|p2b: Dudunsparce|Helping Hand|[of] p2a: Volbeat\n|move|p1b: Sableye|Encore|p2a: Volbeat\n|-start|p2a: Volbeat|Encore\n|-enditem|p2a: Volbeat|Mental Herb\n|-end|p2a: Volbeat|Encore\n|move|p2b: Dudunsparce|Rock Slide|p1b: Sableye|[spread] p1a,p1b\n|-supereffective|p1a: Dragonite\n|-damage|p1a: Dragonite|0 fnt\n|-damage|p1b: Sableye|63\/100\n|faint|p1a: Dragonite\n|\n|upkeep\n|\n|t:|1700280103\n|switch|p1a: Ceruledge|Ceruledge, L50, F|100\/100\n|turn|5\n|\n|t:|1700280113\n|-terastallize|p1a: Ceruledge|Steel\n|move|p2a: Volbeat|Thunder Wave|p1a: Ceruledge\n|-status|p1a: Ceruledge|par\n|move|p1b: Sableye|Reflect|p1b: Sableye\n|-sidestart|p1: Bungusi|Reflect\n|move|p2b: Dudunsparce|Rock Slide|p1a: Ceruledge|[spread] p1a,p1b\n|-resisted|p1a: Ceruledge\n|-damage|p1a: Ceruledge|86\/100 par\n|-damage|p1b: Sableye|43\/100\n|cant|p1a: Ceruledge|flinch\n|\n|-heal|p1a: Ceruledge|92\/100 par|[from] item: Leftovers\n|upkeep\n|turn|6\n|\n|t:|1700280132\n|move|p2a: Volbeat|Helping Hand|p2b: Dudunsparce\n|-singleturn|p2b: Dudunsparce|Helping Hand|[of] p2a: Volbeat\n|move|p1b: Sableye|Disable|p2a: Volbeat\n|-start|p2a: Volbeat|Disable|Helping Hand\n|move|p2b: Dudunsparce|Rock Slide|p1a: Ceruledge|[spread] p1a,p1b\n|-resisted|p1a: Ceruledge\n|-damage|p1a: Ceruledge|72\/100 par\n|-damage|p1b: Sableye|17\/100\n|move|p1a: Ceruledge|Bulk Up|p1a: Ceruledge\n|-boost|p1a: Ceruledge|atk|1\n|-boost|p1a: Ceruledge|def|1\n|\n|-heal|p1a: Ceruledge|78\/100 par|[from] item: Leftovers\n|-sideend|p2: BlueJayX2|move: Tailwind\n|upkeep\n|turn|7\n|\n|t:|1700280152\n|move|p2a: Volbeat|Tailwind|p2a: Volbeat\n|-sidestart|p2: BlueJayX2|move: Tailwind\n|move|p1b: Sableye|Disable|p2b: Dudunsparce\n|-start|p2b: Dudunsparce|Disable|Rock Slide\n|cant|p2b: Dudunsparce|Disable|Rock Slide\n|move|p1a: Ceruledge|Bulk Up|p1a: Ceruledge\n|-boost|p1a: Ceruledge|atk|1\n|-boost|p1a: Ceruledge|def|1\n|\n|-heal|p1a: Ceruledge|84\/100 par|[from] item: Leftovers\n|upkeep\n|turn|8\n|inactive|Bungusi has 30 seconds left.\n|\n|t:|1700280183\n|move|p2a: Volbeat|Encore|p1a: Ceruledge\n|-start|p1a: Ceruledge|Encore\n|move|p1b: Sableye|Encore|p2b: Dudunsparce\n|-start|p2b: Dudunsparce|Encore\n|cant|p2b: Dudunsparce|Disable|Rock Slide\n|cant|p1a: Ceruledge|par\n|\n|-heal|p1a: Ceruledge|90\/100 par|[from] item: Leftovers\n|upkeep\n|turn|9\n|inactive|BlueJayX2 has 30 seconds left.\n|\n|t:|1700280211\n|switch|p2b: Sylveon|Sylveon, L50, F, shiny|100\/100\n|move|p2a: Volbeat|Encore||[still]\n|-fail|p2a: Volbeat\n|move|p1b: Sableye|Light Screen|p1b: Sableye\n|-sidestart|p1: Bungusi|move: Light Screen\n|move|p1a: Ceruledge|Bulk Up|p1a: Ceruledge\n|-boost|p1a: Ceruledge|atk|1\n|-boost|p1a: Ceruledge|def|1\n|\n|-heal|p1a: Ceruledge|96\/100 par|[from] item: Leftovers\n|upkeep\n|turn|10\n|\n|t:|1700280233\n|move|p2a: Volbeat|Encore||[still]\n|-fail|p2a: Volbeat\n|move|p1b: Sableye|Encore||[still]\n|-fail|p1b: Sableye\n|move|p2b: Sylveon|Hyper Voice|p1a: Ceruledge|[spread] p1a,p1b\n|-resisted|p1a: Ceruledge\n|-supereffective|p1b: Sableye\n|-damage|p1a: Ceruledge|78\/100 par\n|-damage|p1b: Sableye|0 fnt\n|faint|p1b: Sableye\n|-enditem|p2b: Sylveon|Throat Spray\n|-boost|p2b: Sylveon|spa|1|[from] item: Throat Spray\n|cant|p1a: Ceruledge|par\n|\n|-heal|p1a: Ceruledge|84\/100 par|[from] item: Leftovers\n|-end|p1a: Ceruledge|Encore\n|-end|p2a: Volbeat|Disable\n|-sideend|p2: BlueJayX2|move: Tailwind\n|upkeep\n|turn|11\n|\n|t:|1700280253\n|move|p2a: Volbeat|Encore|p1a: Ceruledge\n|-start|p1a: Ceruledge|Encore\n|move|p2b: Sylveon|Hyper Voice|p1a: Ceruledge\n|-resisted|p1a: Ceruledge\n|-damage|p1a: Ceruledge|50\/100 par\n|move|p1a: Ceruledge|Bulk Up|p1a: Ceruledge\n|-boost|p1a: Ceruledge|atk|1\n|-boost|p1a: Ceruledge|def|1\n|\n|-heal|p1a: Ceruledge|57\/100 par|[from] item: Leftovers\n|upkeep\n|turn|12\n|\n|t:|1700280269\n|move|p2a: Volbeat|Tailwind|p2a: Volbeat\n|-sidestart|p2: BlueJayX2|move: Tailwind\n|move|p2b: Sylveon|Hyper Voice|p1a: Ceruledge\n|-resisted|p1a: Ceruledge\n|-damage|p1a: Ceruledge|23\/100 par\n|move|p1a: Ceruledge|Bulk Up|p1a: Ceruledge\n|-boost|p1a: Ceruledge|atk|1\n|-boost|p1a: Ceruledge|def|1\n|\n|-heal|p1a: Ceruledge|29\/100 par|[from] item: Leftovers\n|-sideend|p1: Bungusi|Reflect\n|upkeep\n|turn|13\n|\n|t:|1700280287\n|move|p2a: Volbeat|Helping Hand|p2b: Sylveon\n|-singleturn|p2b: Sylveon|Helping Hand|[of] p2a: Volbeat\n|move|p2b: Sylveon|Hyper Voice|p1a: Ceruledge\n|-resisted|p1a: Ceruledge\n|-damage|p1a: Ceruledge|0 fnt\n|faint|p1a: Ceruledge\n|\n|win|BlueJayX2\n|raw|Bungusi's rating: 1049 &rarr; <strong>1035<\/strong><br \/>(-14 for losing)\n|raw|BlueJayX2's rating: 1114 &rarr; <strong>1134<\/strong><br \/>(+20 for winning)\n|l|\u2606Bungusi\n|c|\u2606BlueJayX2|Gg\n","uploadtime":1700280301,"views":14,"p1id":"bungusi","p2id":"bluejayx2","formatid":"gen9vgc2023regulatione","rating":1035,"private":0,"password":""}