{"id":"gen9vgc2023regulatione-1988903531","p1":"miniat","p2":"Arieen789","format":"[Gen 9] VGC 2023 Regulation E","log":"|j|\u2606miniat\n|j|\u2606Arieen789\n|t:|1699784697\n|gametype|doubles\n|player|p1|miniat|cress|1257\n|player|p2|Arieen789|depotagent|1172\n|teamsize|p1|6\n|teamsize|p2|6\n|gen|9\n|tier|[Gen 9] VGC 2023 Regulation E\n|rated|\n|rule|Species Clause: Limit one of each Pok\u00e9mon\n|rule|Item Clause: Limit one of each item\n|clearpoke\n|poke|p1|Grimmsnarl, L50, M|\n|poke|p1|Wyrdeer, L50, F|\n|poke|p1|Okidogi, L50, M|\n|poke|p1|Iron Hands, L50|\n|poke|p1|Ogerpon-Wellspring, L50, F|\n|poke|p1|Chien-Pao, L50|\n|poke|p2|Gothitelle, L50, F|\n|poke|p2|Flutter Mane, L50|\n|poke|p2|Ogerpon-Hearthflame, L50, F|\n|poke|p2|Chien-Pao, L50|\n|poke|p2|Urshifu-*, L50, M|\n|poke|p2|Landorus-Therian, L50, M|\n|teampreview|4\n|\n|t:|1699784745\n|start\n|switch|p1a: Grimmsnarl|Grimmsnarl, L50, M|100\/100\n|switch|p1b: Okidogi|Okidogi, L50, M|100\/100\n|switch|p2a: Gothitelle|Gothitelle, L50, F|100\/100\n|switch|p2b: Landorus|Landorus-Therian, L50, M, shiny|100\/100\n|-ability|p2b: Landorus|Intimidate|boost\n|-unboost|p1a: Grimmsnarl|atk|1\n|-ability|p1b: Okidogi|Guard Dog|boost\n|-boost|p1b: Okidogi|atk|1\n|turn|1\n|\n|t:|1699784766\n|-terastallize|p1b: Okidogi|Water\n|move|p2a: Gothitelle|Fake Out|p1b: Okidogi\n|-damage|p1b: Okidogi|96\/100\n|move|p1a: Grimmsnarl|Light Screen|p1a: Grimmsnarl\n|-sidestart|p1: miniat|move: Light Screen\n|move|p2b: Landorus|Stomping Tantrum|p1b: Okidogi\n|-damage|p1b: Okidogi|61\/100\n|cant|p1b: Okidogi|flinch\n|\n|-heal|p1b: Okidogi|67\/100|[from] item: Leftovers\n|upkeep\n|turn|2\n|\n|t:|1699784790\n|move|p1a: Grimmsnarl|Reflect|p1a: Grimmsnarl\n|-sidestart|p1: miniat|Reflect\n|move|p2b: Landorus|Stomping Tantrum|p1b: Okidogi\n|-damage|p1b: Okidogi|45\/100\n|move|p1b: Okidogi|Bulk Up|p1b: Okidogi\n|-boost|p1b: Okidogi|atk|1\n|-boost|p1b: Okidogi|def|1\n|move|p2a: Gothitelle|Brick Break|p1a: Grimmsnarl\n|-sideend|p1: miniat|Reflect\n|-sideend|p1: miniat|move: Light Screen\n|-damage|p1a: Grimmsnarl|91\/100\n|\n|-heal|p1b: Okidogi|51\/100|[from] item: Leftovers\n|upkeep\n|turn|3\n|\n|t:|1699784820\n|-terastallize|p2b: Landorus|Flying\n|move|p2a: Gothitelle|Helping Hand|p2b: Landorus\n|-singleturn|p2b: Landorus|Helping Hand|[of] p2a: Gothitelle\n|move|p1a: Grimmsnarl|Parting Shot|p2b: Landorus\n|-fail|p2b: Landorus|unboost|[from] item: Clear Amulet|[of] p2b: Landorus\n|move|p2b: Landorus|Tera Blast|p1b: Okidogi|[anim] Tera Blast Flying\n|-damage|p1b: Okidogi|3\/100\n|move|p1b: Okidogi|Drain Punch|p2b: Landorus\n|-resisted|p2b: Landorus\n|-damage|p2b: Landorus|56\/100\n|-heal|p1b: Okidogi|22\/100|[from] drain|[of] p2b: Landorus\n|\n|-heal|p1b: Okidogi|29\/100|[from] item: Leftovers\n|upkeep\n|turn|4\n|l|\u2606Arieen789\n|player|p2|\n|j|\u2606Arieen789\n|player|p2|Arieen789|depotagent\n|l|\u2606Arieen789\n|player|p2|\n|j|\u2606Arieen789\n|player|p2|Arieen789|depotagent\n|\n|t:|1699784853\n|move|p1b: Okidogi|Protect|p1b: Okidogi\n|-singleturn|p1b: Okidogi|Protect\n|move|p1a: Grimmsnarl|Reflect|p1a: Grimmsnarl\n|-sidestart|p1: miniat|Reflect\n|move|p2b: Landorus|Tera Blast|p1b: Okidogi|[anim] Tera Blast Flying\n|-activate|p1b: Okidogi|move: Protect\n|move|p2a: Gothitelle|Brick Break|p1b: Okidogi\n|-activate|p1b: Okidogi|move: Protect\n|\n|-heal|p1b: Okidogi|35\/100|[from] item: Leftovers\n|upkeep\n|turn|5\n|\n|t:|1699784878\n|move|p2b: Landorus|Tera Blast|p1b: Okidogi|[anim] Tera Blast Flying\n|-damage|p1b: Okidogi|14\/100\n|move|p1b: Okidogi|Drain Punch|p2b: Landorus\n|-resisted|p2b: Landorus\n|-damage|p2b: Landorus|12\/100\n|-heal|p1b: Okidogi|33\/100|[from] drain|[of] p2b: Landorus\n|move|p2a: Gothitelle|Brick Break|p1b: Okidogi\n|-sideend|p1: miniat|Reflect\n|-damage|p1b: Okidogi|27\/100\n|move|p1a: Grimmsnarl|Spirit Break|p2b: Landorus\n|-damage|p2b: Landorus|0 fnt\n|faint|p2b: Landorus\n|\n|-heal|p1b: Okidogi|33\/100|[from] item: Leftovers\n|upkeep\n|\n|t:|1699784893\n|switch|p2b: Flutter Mane|Flutter Mane, L50, shiny|100\/100\n|turn|6\n|\n|t:|1699784905\n|move|p2a: Gothitelle|Helping Hand|p2b: Flutter Mane\n|-singleturn|p2b: Flutter Mane|Helping Hand|[of] p2a: Gothitelle\n|move|p1b: Okidogi|Protect|p1b: Okidogi\n|-singleturn|p1b: Okidogi|Protect\n|move|p1a: Grimmsnarl|Light Screen|p1a: Grimmsnarl\n|-sidestart|p1: miniat|move: Light Screen\n|move|p2b: Flutter Mane|Dazzling Gleam|p1a: Grimmsnarl|[spread] p1a\n|-activate|p1b: Okidogi|move: Protect\n|-supereffective|p1a: Grimmsnarl\n|-damage|p1a: Grimmsnarl|11\/100\n|\n|-heal|p1b: Okidogi|40\/100|[from] item: Leftovers\n|upkeep\n|turn|7\n|\n|t:|1699784925\n|move|p1a: Grimmsnarl|Parting Shot|p2b: Flutter Mane\n|-unboost|p2b: Flutter Mane|atk|1\n|-unboost|p2b: Flutter Mane|spa|1\n|\n|t:|1699784942\n|switch|p1a: Wyrdeer|Wyrdeer, L50, F|100\/100|[from] Parting Shot\n|-ability|p1a: Wyrdeer|Intimidate|boost\n|-unboost|p2a: Gothitelle|atk|1\n|-unboost|p2b: Flutter Mane|atk|1\n|move|p2b: Flutter Mane|Dazzling Gleam|p1a: Wyrdeer|[spread] p1a,p1b\n|-damage|p1a: Wyrdeer|87\/100\n|-damage|p1b: Okidogi|22\/100\n|move|p1b: Okidogi|Knock Off|p2b: Flutter Mane\n|-damage|p2b: Flutter Mane|0 fnt\n|-enditem|p2b: Flutter Mane|Pixie Plate|[from] move: Knock Off|[of] p1b: Okidogi\n|faint|p2b: Flutter Mane\n|-end|p2b: Flutter Mane|Protosynthesis|[silent]\n|move|p2a: Gothitelle|Brick Break|p1b: Okidogi\n|-sideend|p1: miniat|move: Light Screen\n|-damage|p1b: Okidogi|19\/100\n|\n|-heal|p1b: Okidogi|25\/100|[from] item: Leftovers\n|upkeep\n|\n|t:|1699784957\n|switch|p2b: Ogerpon|Ogerpon-Hearthflame, L50, F|100\/100\n|-ability|p2b: Ogerpon|Mold Breaker\n|turn|8\n|\n|t:|1699784967\n|move|p1b: Okidogi|Protect|p1b: Okidogi\n|-singleturn|p1b: Okidogi|Protect\n|move|p2b: Ogerpon|Ivy Cudgel|p1b: Okidogi\n|-activate|p1b: Okidogi|move: Protect\n|move|p2a: Gothitelle|Psychic|p1b: Okidogi\n|-activate|p1b: Okidogi|move: Protect\n|move|p1a: Wyrdeer|Trick Room|p1a: Wyrdeer\n|-fieldstart|move: Trick Room|[of] p1a: Wyrdeer\n|\n|-heal|p1b: Okidogi|31\/100|[from] item: Leftovers\n|upkeep\n|turn|9\n|-message|Arieen789 forfeited.\n|\n|win|miniat\n|raw|miniat's rating: 1276 &rarr; <strong>1294<\/strong><br \/>(+18 for winning)\n|raw|Arieen789's rating: 1172 &rarr; <strong>1154<\/strong><br \/>(-18 for losing)\n|l|\u2606Arieen789\n","uploadtime":1699784978,"views":30,"p1id":"miniat","p2id":"arieen789","formatid":"gen9vgc2023regulatione","rating":1154,"private":0,"password":""}