{"id":"gen9vgc2023regulatione-1988134632","p1":"ThannaOcto","p2":"kick4life42","format":"[Gen 9] VGC 2023 Regulation E","log":"|j|\u2606ThannaOcto\n|j|\u2606kick4life42\n|n|\u2606ThannaOcto|thannaocto\n|n|\u2606kick4life42|kick4life42\n|html|View the match progress at <a href=\"\/game-bestof3-gen9vgc2023regulatione-1988134631\">game-bestof3-gen9vgc2023regulatione-1988134631<\/a>\n|t:|1699673902\n|gametype|doubles\n|player|p1|ThannaOcto|aaron|\n|player|p2|kick4life42|102|\n|teamsize|p1|6\n|teamsize|p2|6\n|gen|9\n|tier|[Gen 9] VGC 2023 Regulation E\n|rule|Species Clause: Limit one of each Pok\u00e9mon\n|rule|Item Clause: Limit one of each item\n|clearpoke\n|poke|p1|Klefki, L50, M|\n|poke|p1|Roaring Moon, L50|\n|poke|p1|Scovillain, L50, M|\n|poke|p1|Dragapult, L50, M|\n|poke|p1|Fezandipiti, L50, M|\n|poke|p1|Dudunsparce-*, L50, M|\n|poke|p2|Flutter Mane, L50|\n|poke|p2|Tornadus, L50, M|\n|poke|p2|Mamoswine, L50, M|\n|poke|p2|Gholdengo, L50|\n|poke|p2|Grimmsnarl, L50, M|\n|poke|p2|Regieleki, L50|\n|teampreview|4\nThannaOcto has agreed to open team sheets.\n|\n|t:|1699673953\n|start\n|switch|p1a: Brute Justice|Dudunsparce-Three-Segment, L50, M|100\/100\n|switch|p1b: Mist Dragon|Dragapult, L50, M|100\/100\n|switch|p2a: Mamoswine|Mamoswine, L50, M|100\/100\n|switch|p2b: Gholdengo|Gholdengo, L50|100\/100\n|turn|1\n|\n|t:|1699674023\n|-terastallize|p1b: Mist Dragon|Fairy\n|move|p2b: Gholdengo|Protect|p2b: Gholdengo\n|-singleturn|p2b: Gholdengo|Protect\n|move|p1b: Mist Dragon|Sucker Punch||[still]\n|-fail|p1b: Mist Dragon\n|move|p2a: Mamoswine|Ice Shard|p1b: Mist Dragon\n|-damage|p1b: Mist Dragon|69\/100\n|move|p1a: Brute Justice|Substitute|p1a: Brute Justice\n|-start|p1a: Brute Justice|Substitute\n|-damage|p1a: Brute Justice|76\/100\n|\n|upkeep\n|turn|2\n|\n|t:|1699674061\n|move|p1b: Mist Dragon|Sucker Punch|p2b: Gholdengo\n|-supereffective|p2b: Gholdengo\n|-damage|p2b: Gholdengo|47\/100\n|move|p2b: Gholdengo|Make It Rain|p1a: Brute Justice|[spread] p1a,p1b\n|-end|p1a: Brute Justice|Substitute\n|-supereffective|p1b: Mist Dragon\n|-damage|p1b: Mist Dragon|0 fnt\n|-unboost|p2b: Gholdengo|spa|1\n|faint|p1b: Mist Dragon\n|move|p2a: Mamoswine|Stone Edge|p1a: Brute Justice\n|-crit|p1a: Brute Justice\n|-damage|p1a: Brute Justice|39\/100\n|move|p1a: Brute Justice|Ancient Power|p2b: Gholdengo\n|-resisted|p2b: Gholdengo\n|-damage|p2b: Gholdengo|40\/100\n|-boost|p1a: Brute Justice|atk|1\n|-boost|p1a: Brute Justice|def|1\n|-boost|p1a: Brute Justice|spa|1\n|-boost|p1a: Brute Justice|spd|1\n|-boost|p1a: Brute Justice|spe|1\n|\n|upkeep\n|\n|t:|1699674088\n|switch|p1b: Nhaama|Roaring Moon, L50|100\/100\n|-enditem|p1b: Nhaama|Booster Energy\n|-activate|p1b: Nhaama|ability: Protosynthesis|[fromitem]\n|-start|p1b: Nhaama|protosynthesisatk\n|turn|3\n|\n|t:|1699674107\n|move|p2b: Gholdengo|Protect|p2b: Gholdengo\n|-singleturn|p2b: Gholdengo|Protect\n|move|p1b: Nhaama|Jaw Lock|p2b: Gholdengo\n|-activate|p2b: Gholdengo|move: Protect\n|move|p2a: Mamoswine|Icicle Crash|p1b: Nhaama|[miss]\n|-miss|p2a: Mamoswine|p1b: Nhaama\n|move|p1a: Brute Justice|Roost|p1a: Brute Justice\n|-heal|p1a: Brute Justice|90\/100\n|-singleturn|p1a: Brute Justice|move: Roost\n|\n|upkeep\n|turn|4\n|\n|t:|1699674150\n|move|p1b: Nhaama|Jaw Lock|p2b: Gholdengo\n|-supereffective|p2b: Gholdengo\n|-damage|p2b: Gholdengo|0 fnt\n|faint|p2b: Gholdengo\n|move|p2a: Mamoswine|Icicle Crash|p1b: Nhaama\n|-supereffective|p1b: Nhaama\n|-damage|p1b: Nhaama|0 fnt\n|faint|p1b: Nhaama\n|-end|p1b: Nhaama|Protosynthesis|[silent]\n|move|p1a: Brute Justice|Substitute|p1a: Brute Justice\n|-start|p1a: Brute Justice|Substitute\n|-damage|p1a: Brute Justice|65\/100\n|\n|upkeep\n|\n|t:|1699674162\n|switch|p1b: Yojimbo|Fezandipiti, L50, M|100\/100\n|switch|p2b: Tornadus|Tornadus, L50, M|100\/100\n|turn|5\n|\n|t:|1699674181\n|move|p2b: Tornadus|Tailwind|p2b: Tornadus\n|-sidestart|p2: kick4life42|move: Tailwind\n|move|p2a: Mamoswine|Earthquake|p1b: Yojimbo|[spread] p1a,p1b\n|-immune|p2b: Tornadus\n|-activate|p1a: Brute Justice|move: Substitute|[damage]\n|-supereffective|p1b: Yojimbo\n|-damage|p1b: Yojimbo|5\/100\n|move|p1b: Yojimbo|Heat Wave|p2a: Mamoswine|[spread] p2a,p2b\n|-supereffective|p2a: Mamoswine\n|-damage|p2a: Mamoswine|77\/100\n|-damage|p2b: Tornadus|84\/100\n|-status|p2a: Mamoswine|tox|[from] ability: Toxic Chain|[of] p1b: Yojimbo\n|-status|p2b: Tornadus|tox|[from] ability: Toxic Chain|[of] p1b: Yojimbo\n|move|p1a: Brute Justice|Ancient Power|p2b: Tornadus\n|-supereffective|p2b: Tornadus\n|-damage|p2b: Tornadus|36\/100 tox\n|\n|-damage|p2b: Tornadus|30\/100 tox|[from] psn\n|-damage|p2a: Mamoswine|71\/100 tox|[from] psn\n|upkeep\n|turn|6\n|\n|t:|1699674213\n|move|p1b: Yojimbo|Protect|p1b: Yojimbo\n|-singleturn|p1b: Yojimbo|Protect\n|move|p2a: Mamoswine|Ice Shard|p1b: Yojimbo\n|-activate|p1b: Yojimbo|move: Protect\n|move|p2b: Tornadus|Bleakwind Storm|p1b: Yojimbo|[spread] p1a\n|-activate|p1b: Yojimbo|move: Protect\n|-end|p1a: Brute Justice|Substitute\n|move|p1a: Brute Justice|Ancient Power|p2b: Tornadus\n|-supereffective|p2b: Tornadus\n|-damage|p2b: Tornadus|0 fnt\n|-boost|p1a: Brute Justice|atk|1\n|-boost|p1a: Brute Justice|def|1\n|-boost|p1a: Brute Justice|spa|1\n|-boost|p1a: Brute Justice|spd|1\n|-boost|p1a: Brute Justice|spe|1\n|faint|p2b: Tornadus\n|\n|-damage|p2a: Mamoswine|60\/100 tox|[from] psn\n|upkeep\n|\n|t:|1699674228\n|switch|p2b: Flutter Mane|Flutter Mane, L50|100\/100\n|-enditem|p2b: Flutter Mane|Booster Energy\n|-activate|p2b: Flutter Mane|ability: Protosynthesis|[fromitem]\n|-start|p2b: Flutter Mane|protosynthesisspe\n|turn|7\n|\n|t:|1699674245\n|-terastallize|p2a: Mamoswine|Fighting\n|move|p2b: Flutter Mane|Protect|p2b: Flutter Mane\n|-singleturn|p2b: Flutter Mane|Protect\n|move|p2a: Mamoswine|Ice Shard|p1b: Yojimbo\n|-damage|p1b: Yojimbo|0 fnt\n|faint|p1b: Yojimbo\n|move|p1a: Brute Justice|Roost|p1a: Brute Justice\n|-heal|p1a: Brute Justice|100\/100\n|-singleturn|p1a: Brute Justice|move: Roost\n|\n|-damage|p2a: Mamoswine|42\/100 tox|[from] psn\n|upkeep\n|turn|8\n|\n|t:|1699674268\n|move|p2a: Mamoswine|Ice Shard|p1a: Brute Justice\n|-damage|p1a: Brute Justice|93\/100\n|move|p2b: Flutter Mane|Dazzling Gleam|p1a: Brute Justice\n|-damage|p1a: Brute Justice|73\/100\n|move|p1a: Brute Justice|Hurricane|p2b: Flutter Mane\n|-damage|p2b: Flutter Mane|50\/100\n|\n|-damage|p2a: Mamoswine|19\/100 tox|[from] psn\n|-sideend|p2: kick4life42|move: Tailwind\n|upkeep\n|turn|9\n|\n|t:|1699674282\n|move|p2b: Flutter Mane|Protect|p2b: Flutter Mane\n|-singleturn|p2b: Flutter Mane|Protect\n|move|p1a: Brute Justice|Hurricane|p2b: Flutter Mane\n|-activate|p2b: Flutter Mane|move: Protect\n|move|p2a: Mamoswine|Icicle Crash|p1a: Brute Justice|[miss]\n|-miss|p2a: Mamoswine|p1a: Brute Justice\n|\n|-damage|p2a: Mamoswine|0 fnt|[from] psn\n|faint|p2a: Mamoswine\n|upkeep\n|turn|10\n|\n|t:|1699674296\n|move|p2b: Flutter Mane|Dazzling Gleam|p1a: Brute Justice\n|-damage|p1a: Brute Justice|53\/100\n|move|p1a: Brute Justice|Hurricane|p2b: Flutter Mane|[miss]\n|-miss|p1a: Brute Justice|p2b: Flutter Mane\n|\n|upkeep\n|turn|11\n|\n|t:|1699674302\n|move|p2b: Flutter Mane|Dazzling Gleam|p1a: Brute Justice\n|-damage|p1a: Brute Justice|31\/100\n|move|p1a: Brute Justice|Roost|p1a: Brute Justice\n|-heal|p1a: Brute Justice|81\/100\n|-singleturn|p1a: Brute Justice|move: Roost\n|\n|upkeep\n|turn|12\n|\n|t:|1699674313\n|move|p2b: Flutter Mane|Mystical Fire|p1a: Brute Justice\n|-damage|p1a: Brute Justice|69\/100\n|-unboost|p1a: Brute Justice|spa|1\n|move|p1a: Brute Justice|Hurricane|p2b: Flutter Mane\n|-damage|p2b: Flutter Mane|17\/100\n|\n|upkeep\n|turn|13\n|\n|t:|1699674335\n|move|p2b: Flutter Mane|Mystical Fire|p1a: Brute Justice\n|-damage|p1a: Brute Justice|55\/100\n|-unboost|p1a: Brute Justice|spa|1\n|move|p1a: Brute Justice|Ancient Power|p2b: Flutter Mane\n|-damage|p2b: Flutter Mane|3\/100\n|\n|upkeep\n|turn|14\n|\n|t:|1699674343\n|move|p2b: Flutter Mane|Protect|p2b: Flutter Mane\n|-singleturn|p2b: Flutter Mane|Protect\n|move|p1a: Brute Justice|Ancient Power|p2b: Flutter Mane\n|-activate|p2b: Flutter Mane|move: Protect\n|\n|upkeep\n|turn|15\n|\n|t:|1699674349\n|move|p2b: Flutter Mane|Mystical Fire|p1a: Brute Justice\n|-damage|p1a: Brute Justice|42\/100\n|-unboost|p1a: Brute Justice|spa|1\n|move|p1a: Brute Justice|Ancient Power|p2b: Flutter Mane\n|-damage|p2b: Flutter Mane|0 fnt\n|faint|p2b: Flutter Mane\n|-end|p2b: Flutter Mane|Protosynthesis|[silent]\n|\n|win|ThannaOcto\n|c|\u2606ThannaOcto|GGs\n|inactive|ThannaOcto has 50 seconds to confirm battle start!\n|inactive|kick4life42 has 50 seconds to confirm battle start!\n","uploadtime":1699674359,"views":50,"p1id":"thannaocto","p2id":"kick4life42","formatid":"gen9vgc2023regulatione","rating":0,"private":0,"password":""}