{"id":"gen9vgc2023regulatione-1994151540","p1":"Fireboule","p2":"kerzz49","format":"[Gen 9] VGC 2023 Regulation E","log":"|j|\u2606Fireboule\n|j|\u2606kerzz49\n|n|\u2606Fireboule|fireboule\n|n|\u2606kerzz49|kerzz49\n|html|View the match progress at <a href=\"\/game-bestof3-gen9vgc2023regulatione-1994146565\">game-bestof3-gen9vgc2023regulatione-1994146565<\/a>\n|t:|1700412866\n|gametype|doubles\n|player|p1|Fireboule|rocketgruntf|\n|player|p2|kerzz49|cilan|\n|teamsize|p1|6\n|teamsize|p2|6\n|gen|9\n|tier|[Gen 9] VGC 2023 Regulation E\n|rule|Species Clause: Limit one of each Pok\u00e9mon\n|rule|Item Clause: Limit one of each item\n|clearpoke\n|poke|p1|Urshifu-*, L50, M|\n|poke|p1|Tornadus, L50, M|\n|poke|p1|Regidrago, L50|\n|poke|p1|Rillaboom, L50, F|\n|poke|p1|Arcanine-Hisui, L50, M|\n|poke|p1|Gholdengo, L50|\n|poke|p2|Goodra-Hisui, L50, F|\n|poke|p2|Grimmsnarl, L50, M|\n|poke|p2|Flutter Mane, L50|\n|poke|p2|Ogerpon-Wellspring, L50, F|\n|poke|p2|Arcanine-Hisui, L50, F|\n|poke|p2|Chien-Pao, L50|\n|teampreview|4\nkerzz49 has agreed to open team sheets.\nFireboule has agreed to open team sheets.\n|showteam|p1|Urshifu-Rapid-Strike||ChoiceScarf|UnseenFist|SurgingStrikes,CloseCombat,AquaJet,Uturn|||M|||50|,,,,,Poison]Tornadus||RockyHelmet|Prankster|BleakwindStorm,RainDance,Tailwind,Protect|||M|||50|,,,,,Ghost]Regidrago||DragonFang|DragonsMaw|DragonEnergy,DracoMeteor,EarthPower,Protect||||||50|,,,,,Steel]Rillaboom||AssaultVest|GrassySurge|FakeOut,WoodHammer,HighHorsepower,GrassyGlide|||F|||50|,,,,,Grass]Arcanine-Hisui||SitrusBerry|Intimidate|FlareBlitz,ExtremeSpeed,RockSlide,WillOWisp|||M|||50|,,,,,Water]Gholdengo||MetalCoat|GoodasGold|MakeItRain,ShadowBall,NastyPlot,Protect||||||50|,,,,,Dragon\n|showteam|p2|Goodra-Hisui||Leftovers|ShellArmor|HeavySlam,BodyPress,Shelter,Protect|||F|||50|,,,,,Fairy]Grimmsnarl||LightClay|Prankster|Reflect,LightScreen,PartingShot,SpiritBreak|||M|||50|,,,,,Poison]Flutter Mane||ChoiceSpecs|Protosynthesis|Moonblast,ShadowBall,DazzlingGleam,Thunderbolt||||||50|,,,,,Fairy]Ogerpon-Wellspring||WellspringMask|WaterAbsorb|IvyCudgel,HornLeech,FollowMe,SpikyShield|||F|||50|,,,,,Water]Arcanine-Hisui||SitrusBerry|Intimidate|FlareBlitz,RockSlide,WillOWisp,Protect|||F|||50|,,,,,Grass]Chien-Pao||FocusSash|SwordofRuin|IcicleCrash,SuckerPunch,SacredSword,Protect||||||50|,,,,,Ghost\n|\n|t:|1700412913\n|start\n|switch|p1a: Hotlinebling|Gholdengo, L50|100\/100\n|switch|p1b: Over|Rillaboom, L50, F|100\/100\n|switch|p2a: Grimmsnarl|Grimmsnarl, L50, M|100\/100\n|switch|p2b: Ogerpon|Ogerpon-Wellspring, L50, F|100\/100\n|-fieldstart|move: Grassy Terrain|[from] ability: Grassy Surge|[of] p1b: Over\n|turn|1\n|\n|t:|1700412967\n|switch|p2a: Arcanine|Arcanine-Hisui, L50, F|100\/100\n|-ability|p2a: Arcanine|Intimidate|boost\n|-unboost|p1a: Hotlinebling|atk|1\n|-unboost|p1b: Over|atk|1\n|move|p1b: Over|Fake Out|p2a: Arcanine\n|-resisted|p2a: Arcanine\n|-damage|p2a: Arcanine|95\/100\n|move|p2b: Ogerpon|Ivy Cudgel|p1a: Hotlinebling|[anim] Ivy Cudgel Water\n|-damage|p1a: Hotlinebling|51\/100\n|move|p1a: Hotlinebling|Nasty Plot|p1a: Hotlinebling\n|-boost|p1a: Hotlinebling|spa|2\n|\n|-heal|p2a: Arcanine|100\/100|[from] Grassy Terrain\n|-heal|p1a: Hotlinebling|57\/100|[from] Grassy Terrain\n|upkeep\n|turn|2\n|\n|t:|1700413038\n|switch|p1b: Passionfruit|Arcanine-Hisui, L50, M|100\/100\n|-ability|p1b: Passionfruit|Intimidate|boost\n|-unboost|p2a: Arcanine|atk|1\n|-unboost|p2b: Ogerpon|atk|1\n|-terastallize|p2a: Arcanine|Grass\n|-terastallize|p1a: Hotlinebling|Dragon\n|move|p2b: Ogerpon|Ivy Cudgel|p1a: Hotlinebling|[anim] Ivy Cudgel Water\n|-resisted|p1a: Hotlinebling\n|-damage|p1a: Hotlinebling|39\/100\n|move|p2a: Arcanine|Flare Blitz|p1b: Passionfruit\n|-resisted|p1b: Passionfruit\n|-damage|p1b: Passionfruit|91\/100\n|-damage|p2a: Arcanine|97\/100|[from] Recoil\n|move|p1a: Hotlinebling|Make It Rain|p2b: Ogerpon|[spread] p2a,p2b\n|-resisted|p2b: Ogerpon\n|-damage|p2a: Arcanine|0 fnt\n|-damage|p2b: Ogerpon|48\/100\n|-unboost|p1a: Hotlinebling|spa|1\n|faint|p2a: Arcanine\n|\n|-heal|p2b: Ogerpon|54\/100|[from] Grassy Terrain\n|-heal|p1a: Hotlinebling|45\/100|[from] Grassy Terrain\n|-heal|p1b: Passionfruit|97\/100|[from] Grassy Terrain\n|upkeep\n|\n|t:|1700413065\n|switch|p2a: Goodra|Goodra-Hisui, L50, F, shiny|100\/100\n|turn|3\n|\n|t:|1700413117\n|move|p2a: Goodra|Protect|p2a: Goodra\n|-singleturn|p2a: Goodra|Protect\n|move|p2b: Ogerpon|Ivy Cudgel|p1b: Passionfruit|[anim] Ivy Cudgel Water\n|-supereffective|p1b: Passionfruit\n|-damage|p1b: Passionfruit|0 fnt\n|faint|p1b: Passionfruit\n|move|p1a: Hotlinebling|Make It Rain|p2a: Goodra|[spread] p2b\n|-activate|p2a: Goodra|move: Protect\n|-resisted|p2b: Ogerpon\n|-damage|p2b: Ogerpon|12\/100\n|-unboost|p1a: Hotlinebling|spa|1\n|\n|-heal|p2b: Ogerpon|18\/100|[from] Grassy Terrain\n|-heal|p1a: Hotlinebling|51\/100|[from] Grassy Terrain\n|upkeep\n|\n|t:|1700413132\n|switch|p1b: Over|Rillaboom, L50, F|100\/100\n|turn|4\n|\n|t:|1700413168\n|switch|p2b: Grimmsnarl|Grimmsnarl, L50, M|100\/100\n|move|p1b: Over|Grassy Glide|p2b: Grimmsnarl\n|-damage|p2b: Grimmsnarl|57\/100\n|move|p1a: Hotlinebling|Nasty Plot|p1a: Hotlinebling\n|-boost|p1a: Hotlinebling|spa|2\n|move|p2a: Goodra|Shelter|p2a: Goodra\n|-boost|p2a: Goodra|def|2\n|\n|-heal|p1a: Hotlinebling|57\/100|[from] Grassy Terrain\n|-heal|p2b: Grimmsnarl|63\/100|[from] Grassy Terrain\n|upkeep\n|turn|5\n|\n|t:|1700413200\n|move|p2b: Grimmsnarl|Light Screen|p2b: Grimmsnarl\n|-sidestart|p2: kerzz49|move: Light Screen\n|move|p1a: Hotlinebling|Make It Rain|p2b: Grimmsnarl|[spread] p2a,p2b\n|-resisted|p2a: Goodra\n|-supereffective|p2b: Grimmsnarl\n|-damage|p2a: Goodra|75\/100\n|-damage|p2b: Grimmsnarl|0 fnt\n|-unboost|p1a: Hotlinebling|spa|1\n|faint|p2b: Grimmsnarl\n|move|p1b: Over|Wood Hammer|p2a: Goodra\n|-resisted|p2a: Goodra\n|-damage|p2a: Goodra|67\/100\n|-damage|p1b: Over|98\/100|[from] Recoil\n|move|p2a: Goodra|Body Press|p1a: Hotlinebling\n|-damage|p1a: Hotlinebling|8\/100\n|\n|-heal|p1a: Hotlinebling|14\/100|[from] Grassy Terrain\n|-heal|p1b: Over|100\/100|[from] Grassy Terrain\n|-heal|p2a: Goodra|73\/100|[from] Grassy Terrain\n|-heal|p2a: Goodra|79\/100|[from] item: Leftovers\n|-fieldend|move: Grassy Terrain\n|upkeep\n|\n|t:|1700413215\n|switch|p2b: Ogerpon|Ogerpon-Wellspring, L50, F|18\/100\n|turn|6\n|\n|t:|1700413259\n|move|p2b: Ogerpon|Spiky Shield|p2b: Ogerpon\n|-singleturn|p2b: Ogerpon|move: Protect\n|move|p1a: Hotlinebling|Protect|p1a: Hotlinebling\n|-singleturn|p1a: Hotlinebling|Protect\n|move|p1b: Over|Wood Hammer|p2b: Ogerpon\n|-activate|p2b: Ogerpon|move: Protect\n|-damage|p1b: Over|88\/100|[from] Spiky Shield|[of] p2b: Ogerpon\n|move|p2a: Goodra|Body Press|p1b: Over\n|-damage|p1b: Over|45\/100\n|\n|-heal|p2a: Goodra|85\/100|[from] item: Leftovers\n|upkeep\n|turn|7\n|\n|t:|1700413288\n|switch|p1a: God's Plan|Tornadus, L50, M|100\/100\n|move|p2b: Ogerpon|Ivy Cudgel|p1a: God's Plan|[anim] Ivy Cudgel Water\n|-damage|p1a: God's Plan|50\/100\n|move|p1b: Over|High Horsepower|p2a: Goodra\n|-supereffective|p2a: Goodra\n|-damage|p2a: Goodra|59\/100\n|move|p2a: Goodra|Body Press|p1b: Over\n|-damage|p1b: Over|0 fnt\n|faint|p1b: Over\n|\n|-heal|p2a: Goodra|65\/100|[from] item: Leftovers\n|upkeep\n|\n|t:|1700413300\n|switch|p1b: Hotlinebling|Gholdengo, L50, tera:Dragon|14\/100\n|turn|8\n|\n|t:|1700413364\n|move|p2b: Ogerpon|Spiky Shield|p2b: Ogerpon\n|-singleturn|p2b: Ogerpon|move: Protect\n|move|p1a: God's Plan|Bleakwind Storm|p2a: Goodra|[spread] p2a\n|-activate|p2b: Ogerpon|move: Protect\n|-resisted|p2a: Goodra\n|-damage|p2a: Goodra|59\/100\n|move|p1b: Hotlinebling|Shadow Ball|p2a: Goodra\n|-damage|p2a: Goodra|38\/100\n|move|p2a: Goodra|Body Press|p1b: Hotlinebling\n|-damage|p1b: Hotlinebling|0 fnt\n|faint|p1b: Hotlinebling\n|\n|-heal|p2a: Goodra|44\/100|[from] item: Leftovers\n|upkeep\n|turn|9\n|\n|t:|1700413381\n|move|p2b: Ogerpon|Ivy Cudgel|p1a: God's Plan|[anim] Ivy Cudgel Water\n|-damage|p1a: God's Plan|4\/100\n|move|p1a: God's Plan|Bleakwind Storm|p2b: Ogerpon|[spread] p2a,p2b\n|-resisted|p2a: Goodra\n|-supereffective|p2b: Ogerpon\n|-damage|p2a: Goodra|38\/100\n|-damage|p2b: Ogerpon|0 fnt\n|-unboost|p2a: Goodra|spe|1\n|faint|p2b: Ogerpon\n|move|p2a: Goodra|Heavy Slam|p1a: God's Plan\n|-damage|p1a: God's Plan|0 fnt\n|-damage|p2a: Goodra|21\/100|[from] item: Rocky Helmet|[of] p1a: God's Plan\n|faint|p1a: God's Plan\n|\n|win|kerzz49\n|c|&|\/uhtml prompt-kerzz49,kerzz49 is ready for game 3!\n|inactive|Fireboule has 50 seconds to confirm battle start!\n|c|&|\/uhtml prompt-fireboule,Fireboule is ready for game 3!\nBoth players are ready! Starting next match!\n|l|\u2606kerzz49\n","uploadtime":1700414170,"views":11,"p1id":"fireboule","p2id":"kerzz49","formatid":"gen9vgc2023regulatione","rating":0,"private":0,"password":""}