{"id":"gen9vgc2023regulatione-1997691136","p1":"Haxsjn12","p2":"ihave_0idea","format":"[Gen 9] VGC 2023 Regulation E","log":"|j|\u2606Haxsjn12\n|j|\u2606ihave_0idea\n|t:|1700842258\n|gametype|doubles\n|player|p1|Haxsjn12|170|1204\n|player|p2|ihave_0idea|veteran|1091\n|teamsize|p1|6\n|teamsize|p2|6\n|gen|9\n|tier|[Gen 9] VGC 2023 Regulation E\n|rated|\n|rule|Species Clause: Limit one of each Pok\u00e9mon\n|rule|Item Clause: Limit one of each item\n|clearpoke\n|poke|p1|Sinistcha, L50|\n|poke|p1|Weezing, L50, M|\n|poke|p1|Landorus-Therian, L50, M|\n|poke|p1|Kommo-o, L50, F|\n|poke|p1|Clefairy, L50, M|\n|poke|p1|Ogerpon, L50, F|\n|poke|p2|Tornadus, L50, M|\n|poke|p2|Iron Hands, L50|\n|poke|p2|Urshifu-*, L50, F|\n|poke|p2|Flutter Mane, L50|\n|poke|p2|Landorus-Therian, L50, M|\n|poke|p2|Kingambit, L50, M|\n|teampreview|4\n|inactive|Battle timer is ON: inactive players will automatically lose when time's up. (requested by Haxsjn12)\n|inactive|Haxsjn12 has 60 seconds left.\n|\n|t:|1700842298\n|start\n|switch|p1a: Kommo-o|Kommo-o, L50, F|100\/100\n|switch|p1b: Ogerpon|Ogerpon, L50, F|100\/100\n|switch|p2a: doggo|Landorus-Therian, L50, M|100\/100\n|switch|p2b: genie|Tornadus, L50, M|100\/100\n|-ability|p2a: doggo|Intimidate|boost\n|-unboost|p1a: Kommo-o|atk|1\n|-unboost|p1b: Ogerpon|atk|1\n|-ability|p1b: Ogerpon|Defiant|boost\n|-boost|p1b: Ogerpon|atk|2\n|turn|1\n|\n|t:|1700842322\n|-terastallize|p1b: Ogerpon|Grass\n|detailschange|p1b: Ogerpon|Ogerpon-Teal-Tera, L50, F, tera:Grass\n|-ability|p1b: Ogerpon|Embody Aspect (Teal)|boost\n|-boost|p1b: Ogerpon|spe|1\n|-terastallize|p2a: doggo|Flying\n|move|p2b: genie|Tailwind|p2b: genie\n|-sidestart|p2: ihave_0idea|move: Tailwind\n|move|p2a: doggo|Tera Blast|p1b: Ogerpon|[anim] Tera Blast Flying\n|-supereffective|p1b: Ogerpon\n|-damage|p1b: Ogerpon|0 fnt\n|faint|p1b: Ogerpon\n|move|p1a: Kommo-o|Iron Defense|p1a: Kommo-o\n|-boost|p1a: Kommo-o|def|2\n|\n|upkeep\n|\n|t:|1700842335\n|switch|p1b: Weezing|Weezing, L50, M|100\/100\n|-ability|p1b: Weezing|Neutralizing Gas\n|turn|2\n|\n|t:|1700842348\n|move|p2b: genie|Taunt|p1b: Weezing\n|-start|p1b: Weezing|move: Taunt\n|move|p2a: doggo|Earthquake|p1a: Kommo-o|[spread] p1a,p1b\n|-immune|p2b: genie\n|-supereffective|p1b: Weezing\n|-damage|p1a: Kommo-o|88\/100\n|-damage|p1b: Weezing|26\/100\n|move|p1a: Kommo-o|Iron Defense|p1a: Kommo-o\n|-boost|p1a: Kommo-o|def|2\n|cant|p1b: Weezing|move: Taunt|Will-O-Wisp\n|\n|-heal|p1b: Weezing|32\/100|[from] item: Leftovers\n|upkeep\n|turn|3\n|\n|t:|1700842367\n|-end|p1b: Weezing|ability: Neutralizing Gas\n|-ability|p2a: doggo|Intimidate|boost\n|-unboost|p1a: Kommo-o|atk|1\n|-unboost|p1b: Weezing|atk|1\n|switch|p1b: Sinistcha|Sinistcha, L50|100\/100\n|move|p2b: genie|Bleakwind Storm|p1a: Kommo-o|[spread] p1a,p1b\n|-supereffective|p1a: Kommo-o\n|-supereffective|p1b: Sinistcha\n|-damage|p1a: Kommo-o|21\/100\n|-damage|p1b: Sinistcha|30\/100\n|-enditem|p1b: Sinistcha|Sitrus Berry|[eat]\n|-heal|p1b: Sinistcha|54\/100|[from] item: Sitrus Berry\n|move|p2a: doggo|Earthquake|p1b: Sinistcha|[spread] p1a,p1b\n|-immune|p2b: genie\n|-resisted|p1b: Sinistcha\n|-crit|p1b: Sinistcha\n|-damage|p1a: Kommo-o|13\/100\n|-damage|p1b: Sinistcha|27\/100\n|move|p1a: Kommo-o|Iron Defense|p1a: Kommo-o\n|-boost|p1a: Kommo-o|def|2\n|\n|upkeep\n|turn|4\n|\n|t:|1700842388\n|move|p1a: Kommo-o|Protect|p1a: Kommo-o\n|-singleturn|p1a: Kommo-o|Protect\n|move|p2b: genie|Bleakwind Storm|p1b: Sinistcha|[spread] p1b\n|-activate|p1a: Kommo-o|move: Protect\n|-supereffective|p1b: Sinistcha\n|-damage|p1b: Sinistcha|0 fnt\n|faint|p1b: Sinistcha\n|move|p2a: doggo|Tera Blast|p1a: Kommo-o|[anim] Tera Blast Flying\n|-activate|p1a: Kommo-o|move: Protect\n|\n|-sideend|p2: ihave_0idea|move: Tailwind\n|upkeep\n|\n|t:|1700842397\n|switch|p1b: Weezing|Weezing, L50, M|32\/100\n|-ability|p1b: Weezing|Neutralizing Gas\n|turn|5\n|\n|t:|1700842406\n|move|p2b: genie|Taunt|p1b: Weezing\n|-start|p1b: Weezing|move: Taunt\n|move|p2a: doggo|Tera Blast|p1a: Kommo-o|[anim] Tera Blast Flying\n|-supereffective|p1a: Kommo-o\n|-crit|p1a: Kommo-o\n|-damage|p1a: Kommo-o|0 fnt\n|faint|p1a: Kommo-o\n|cant|p1b: Weezing|move: Taunt|Pain Split\n|\n|-heal|p1b: Weezing|38\/100|[from] item: Leftovers\n|upkeep\n|turn|6\n|-message|Haxsjn12 forfeited.\n|\n|win|ihave_0idea\n|raw|Haxsjn12's rating: 1204 &rarr; <strong>1171<\/strong><br \/>(-33 for losing)\n|raw|ihave_0idea's rating: 1091 &rarr; <strong>1126<\/strong><br \/>(+35 for winning)\n|l|\u2606Haxsjn12\n","uploadtime":1700842506,"views":3,"p1id":"haxsjn12","p2id":"ihave0idea","formatid":"gen9vgc2023regulatione","rating":1126,"private":0,"password":""}