{"id":"gen9vgc2023regulatione-1996336070","p1":"nomis1","p2":"Achoque14","format":"[Gen 9] VGC 2023 Regulation E","log":"|j|\u2606nomis1\n|j|\u2606Achoque14\n|t:|1700672339\n|gametype|doubles\n|player|p1|nomis1|nate|1446\n|player|p2|Achoque14|2|1450\n|teamsize|p1|6\n|teamsize|p2|6\n|gen|9\n|tier|[Gen 9] VGC 2023 Regulation E\n|rated|\n|rule|Species Clause: Limit one of each Pok\u00e9mon\n|rule|Item Clause: Limit one of each item\n|clearpoke\n|poke|p1|Dondozo, L50, F|\n|poke|p1|Tatsugiri, L50, F|\n|poke|p1|Glimmora, L50, M|\n|poke|p1|Ogerpon-Hearthflame, L50, F|\n|poke|p1|Roaring Moon, L50|\n|poke|p1|Ninetales-Alola, L50, F|\n|poke|p2|Brambleghast, L50, F|\n|poke|p2|Tornadus, L50, M|\n|poke|p2|Urshifu-*, L50, M|\n|poke|p2|Landorus, L50, M|\n|poke|p2|Indeedee-F, L50, F|\n|poke|p2|Flutter Mane, L50|\n|teampreview|4\nnomis1 has agreed to open team sheets.\n|inactive|Battle timer is ON: inactive players will automatically lose when time's up. (requested by nomis1)\n|\n|t:|1700672371\n|start\n|switch|p1a: Ogerpon|Ogerpon-Hearthflame, L50, F|100\/100\n|switch|p1b: Roaring Moon|Roaring Moon, L50|100\/100\n|switch|p2a: Urshifu|Urshifu-Rapid-Strike, L50, M|100\/100\n|switch|p2b: Tornadus|Tornadus, L50, M|100\/100\n|-ability|p1a: Ogerpon|Mold Breaker\n|-enditem|p1b: Roaring Moon|Booster Energy\n|-activate|p1b: Roaring Moon|ability: Protosynthesis|[fromitem]\n|-start|p1b: Roaring Moon|protosynthesisatk\n|turn|1\n|j| Braindeadmeta\n|inactive|nomis1 has 30 seconds left.\n|inactive|nomis1 has 20 seconds left.\n|inactive|nomis1 has 15 seconds left.\n|inactive|nomis1 has 10 seconds left.\n|\n|t:|1700672418\n|move|p2a: Urshifu|Protect|p2a: Urshifu\n|-singleturn|p2a: Urshifu|Protect\n|move|p2b: Tornadus|Rain Dance|p2b: Tornadus\n|-weather|RainDance\n|move|p1b: Roaring Moon|Knock Off|p2b: Tornadus\n|-damage|p2b: Tornadus|1\/100\n|-enditem|p2b: Tornadus|Focus Sash|[from] move: Knock Off|[of] p1b: Roaring Moon\n|move|p1a: Ogerpon|Wood Hammer|p2a: Urshifu\n|-activate|p2a: Urshifu|move: Protect\n|\n|-weather|RainDance|[upkeep]\n|upkeep\n|turn|2\n|inactive|nomis1 has 30 seconds left.\n|inactive|nomis1 has 20 seconds left.\n|\n|t:|1700672454\n|-terastallize|p2a: Urshifu|Water\n|move|p2b: Tornadus|Tailwind|p2b: Tornadus\n|-sidestart|p2: Achoque14|move: Tailwind\n|move|p2a: Urshifu|Surging Strikes|p1a: Ogerpon\n|-crit|p1a: Ogerpon\n|-damage|p1a: Ogerpon|32\/100\n|-crit|p1a: Ogerpon\n|-damage|p1a: Ogerpon|0 fnt\n|faint|p1a: Ogerpon\n|-hitcount|p1: Ogerpon|2\n|move|p1b: Roaring Moon|Breaking Swipe|p2a: Urshifu|[spread] p2a,p2b\n|-damage|p2a: Urshifu|71\/100\n|-damage|p2b: Tornadus|0 fnt\n|-unboost|p2a: Urshifu|atk|1\n|faint|p2b: Tornadus\n|\n|-weather|RainDance|[upkeep]\n|upkeep\n|\n|t:|1700672473\n|switch|p2b: Landorus|Landorus, L50, M|100\/100\n|switch|p1a: Dondozo|Dondozo, L50, F|100\/100\n|turn|3\n|\n|t:|1700672498\n|-end|p1b: Roaring Moon|Protosynthesis|[silent]\n|switch|p1b: Tatsugiri|Tatsugiri, L50, F|100\/100\n|-activate|p1b: Tatsugiri|ability: Commander|[of] p1a: Dondozo\n|-boost|p1a: Dondozo|atk|2\n|-boost|p1a: Dondozo|spa|2\n|-boost|p1a: Dondozo|spe|2\n|-boost|p1a: Dondozo|def|2\n|-boost|p1a: Dondozo|spd|2\n|move|p2b: Landorus|Protect|p2b: Landorus\n|-singleturn|p2b: Landorus|Protect\n|move|p2a: Urshifu|Protect|p2a: Urshifu\n|-singleturn|p2a: Urshifu|Protect\n|move|p1a: Dondozo|Wave Crash|p2b: Landorus\n|-activate|p2b: Landorus|move: Protect\n|\n|-weather|RainDance|[upkeep]\n|upkeep\n|turn|4\n|inactive|nomis1 has 30 seconds left.\n|inactive|nomis1 has 20 seconds left.\n|\n|t:|1700672533\n|move|p2b: Landorus|Sandsear Storm|p1b: Tatsugiri|[spread] p1a\n|-miss|p2b: Landorus|p1b: Tatsugiri\n|-damage|p1a: Dondozo|76\/100\n|-damage|p2b: Landorus|91\/100|[from] item: Life Orb\n|move|p2a: Urshifu|Surging Strikes|p1a: Dondozo\n|-resisted|p1a: Dondozo\n|-crit|p1a: Dondozo\n|-damage|p1a: Dondozo|59\/100\n|-resisted|p1a: Dondozo\n|-crit|p1a: Dondozo\n|-damage|p1a: Dondozo|41\/100\n|-resisted|p1a: Dondozo\n|-crit|p1a: Dondozo\n|-damage|p1a: Dondozo|25\/100\n|-hitcount|p1a: Dondozo|3\n|move|p1a: Dondozo|Wave Crash|p2a: Urshifu\n|-resisted|p2a: Urshifu\n|-damage|p2a: Urshifu|0 fnt\n|faint|p2a: Urshifu\n|-damage|p1a: Dondozo|8\/100|[from] Recoil\n|\n|-weather|RainDance|[upkeep]\n|-heal|p1a: Dondozo|14\/100|[from] item: Leftovers\n|upkeep\n|\n|t:|1700672551\n|switch|p2a: Indeedee|Indeedee-F, L50, F|100\/100\n|-fieldstart|move: Psychic Terrain|[from] ability: Psychic Surge|[of] p2a: Indeedee\n|-enditem|p2a: Indeedee|Psychic Seed\n|-boost|p2a: Indeedee|spd|1|[from] item: Psychic Seed\n|turn|5\n|\n|t:|1700672574\n|move|p2b: Landorus|Sandsear Storm|p1b: Tatsugiri|[spread] p1a\n|-miss|p2b: Landorus|p1b: Tatsugiri\n|-damage|p1a: Dondozo|0 fnt\n|faint|p1a: Dondozo\n|-damage|p2b: Landorus|81\/100|[from] item: Life Orb\n|move|p2a: Indeedee|Psychic|p1b: Tatsugiri\n|-damage|p1b: Tatsugiri|47\/100\n|\n|-weather|none\n|-sideend|p2: Achoque14|move: Tailwind\n|upkeep\n|\n|t:|1700672584\n|switch|p1a: Roaring Moon|Roaring Moon, L50|100\/100\n|turn|6\n|l| Braindeadmeta\n|inactive|nomis1 has 30 seconds left.\n|\n|t:|1700672618\n|-terastallize|p1b: Tatsugiri|Steel\n|move|p2a: Indeedee|Follow Me|p2a: Indeedee\n|-singleturn|p2a: Indeedee|move: Follow Me\n|move|p1b: Tatsugiri|Muddy Water|p2b: Landorus|[spread] p2a,p2b\n|-supereffective|p2b: Landorus\n|-damage|p2a: Indeedee|80\/100\n|-damage|p2b: Landorus|0 fnt\n|-unboost|p2a: Indeedee|accuracy|1\n|faint|p2b: Landorus\n|move|p1a: Roaring Moon|Knock Off|p2a: Indeedee\n|-supereffective|p2a: Indeedee\n|-damage|p2a: Indeedee|11\/100\n|\n|upkeep\n|turn|7\n|-message|Achoque14 forfeited.\n|\n|win|nomis1\n|raw|nomis1's rating: 1446 &rarr; <strong>1466<\/strong><br \/>(+20 for winning)\n|raw|Achoque14's rating: 1450 &rarr; <strong>1430<\/strong><br \/>(-20 for losing)\n|l|\u2606Achoque14\n|c|\u2606nomis1|gg\n","uploadtime":1700672640,"views":1,"p1id":"nomis1","p2id":"achoque14","formatid":"gen9vgc2023regulatione","rating":1430,"private":0,"password":""}