{"id":"gen9vgc2023regulatione-1996391987","p1":"perk1","p2":"hnefl","format":"[Gen 9] VGC 2023 Regulation E","log":"|j|\u2606perk1\n|j|\u2606hnefl\n|t:|1700677641\n|gametype|doubles\n|player|p1|perk1|2|1377\n|player|p2|hnefl|169|1364\n|teamsize|p1|6\n|teamsize|p2|6\n|gen|9\n|tier|[Gen 9] VGC 2023 Regulation E\n|rated|\n|rule|Species Clause: Limit one of each Pok\u00e9mon\n|rule|Item Clause: Limit one of each item\n|clearpoke\n|poke|p1|Gallade, L50, M|\n|poke|p1|Tornadus, L50, M|\n|poke|p1|Flutter Mane, L50|\n|poke|p1|Arcanine-Hisui, L50, F|\n|poke|p1|Amoonguss, L50, M|\n|poke|p1|Zapdos-Galar, L50|\n|poke|p2|Flutter Mane, L50|\n|poke|p2|Chi-Yu, L50|\n|poke|p2|Tornadus, L50, M|\n|poke|p2|Gholdengo, L50|\n|poke|p2|Landorus-Therian, L50, M|\n|poke|p2|Ogerpon-Hearthflame, L50, F|\n|teampreview|4\n|inactive|Battle timer is ON: inactive players will automatically lose when time's up. (requested by perk1)\n|inactive|perk1 has 60 seconds left.\n|\n|t:|1700677679\n|start\n|switch|p1a: Tornadus|Tornadus, L50, M|100\/100\n|switch|p1b: Gallade|Gallade, L50, M|100\/100\n|switch|p2a: Tornadus|Tornadus, L50, M|100\/100\n|switch|p2b: Ogerpon|Ogerpon-Hearthflame, L50, F|100\/100\n|-ability|p2b: Ogerpon|Mold Breaker\n|turn|1\n|inactive|perk1 has 30 seconds left.\n|\n|t:|1700677709\n|move|p2a: Tornadus|Sunny Day|p2a: Tornadus\n|-weather|SunnyDay\n|move|p1a: Tornadus|Taunt|p2a: Tornadus\n|-start|p2a: Tornadus|move: Taunt\n|move|p2b: Ogerpon|Ivy Cudgel|p1a: Tornadus|[anim] Ivy Cudgel Fire\n|-crit|p1a: Tornadus\n|-damage|p1a: Tornadus|0 fnt\n|faint|p1a: Tornadus\n|move|p1b: Gallade|Aqua Cutter|p2b: Ogerpon\n|-damage|p2b: Ogerpon|76\/100\n|\n|-weather|SunnyDay|[upkeep]\n|upkeep\n|\n|t:|1700677724\n|switch|p1a: Zapdos|Zapdos-Galar, L50|100\/100\n|turn|2\n|inactive|perk1 has 30 seconds left.\n|\n|t:|1700677756\n|-terastallize|p1b: Gallade|Water\n|move|p2b: Ogerpon|Spiky Shield|p2b: Ogerpon\n|-singleturn|p2b: Ogerpon|move: Protect\n|move|p2a: Tornadus|Icy Wind|p1b: Gallade|[spread] p1a,p1b\n|-supereffective|p1a: Zapdos\n|-resisted|p1b: Gallade\n|-damage|p1a: Zapdos|75\/100\n|-damage|p1b: Gallade|94\/100\n|-unboost|p1a: Zapdos|spe|1\n|-ability|p1a: Zapdos|Defiant|boost\n|-boost|p1a: Zapdos|atk|2\n|-unboost|p1b: Gallade|spe|1\n|move|p1a: Zapdos|Brave Bird|p2b: Ogerpon\n|-activate|p2b: Ogerpon|move: Protect\n|-damage|p1a: Zapdos|63\/100|[from] Spiky Shield|[of] p2b: Ogerpon\n|move|p1b: Gallade|Sacred Sword|p2a: Tornadus\n|-resisted|p2a: Tornadus\n|-damage|p2a: Tornadus|60\/100\n|\n|-weather|SunnyDay|[upkeep]\n|upkeep\n|turn|3\n|inactive|perk1 has 30 seconds left.\n|inactive|perk1 has 20 seconds left.\n|\n|t:|1700677791\n|move|p1a: Zapdos|Detect|p1a: Zapdos\n|-singleturn|p1a: Zapdos|Protect\n|move|p2a: Tornadus|Icy Wind|p1a: Zapdos|[spread] p1b\n|-activate|p1a: Zapdos|move: Protect\n|-resisted|p1b: Gallade\n|-damage|p1b: Gallade|87\/100\n|-unboost|p1b: Gallade|spe|1\n|move|p2b: Ogerpon|Ivy Cudgel|p1a: Zapdos|[anim] Ivy Cudgel Fire\n|-activate|p1a: Zapdos|move: Protect\n|move|p1b: Gallade|Sacred Sword|p2b: Ogerpon\n|-damage|p2b: Ogerpon|0 fnt\n|faint|p2b: Ogerpon\n|\n|-weather|SunnyDay|[upkeep]\n|upkeep\n|\n|t:|1700677797\n|switch|p2b: Flutter Mane|Flutter Mane, L50|100\/100\n|-activate|p2b: Flutter Mane|ability: Protosynthesis\n|-start|p2b: Flutter Mane|protosynthesisspa\n|turn|4\n|inactive|perk1 has 30 seconds left.\n|\n|t:|1700677823\n|switch|p1a: Flutter Mane|Flutter Mane, L50|100\/100\n|-activate|p1a: Flutter Mane|ability: Protosynthesis\n|-start|p1a: Flutter Mane|protosynthesisspa\n|move|p2b: Flutter Mane|Dazzling Gleam|p1a: Flutter Mane|[spread] p1a,p1b\n|-damage|p1a: Flutter Mane|36\/100\n|-damage|p1b: Gallade|12\/100\n|move|p2a: Tornadus|Icy Wind|p1a: Flutter Mane|[spread] p1a,p1b\n|-resisted|p1b: Gallade\n|-damage|p1a: Flutter Mane|24\/100\n|-damage|p1b: Gallade|6\/100\n|-unboost|p1a: Flutter Mane|spe|1\n|-unboost|p1b: Gallade|spe|1\n|move|p1b: Gallade|Leaf Blade|p2b: Flutter Mane\n|-damage|p2b: Flutter Mane|16\/100\n|\n|-weather|SunnyDay|[upkeep]\n|-end|p2a: Tornadus|move: Taunt\n|upkeep\n|turn|5\n|inactive|perk1 has 30 seconds left.\n|\n|t:|1700677853\n|move|p2a: Tornadus|Tailwind|p2a: Tornadus\n|-sidestart|p2: hnefl|move: Tailwind\n|move|p2b: Flutter Mane|Dazzling Gleam|p1a: Flutter Mane|[spread] p1a,p1b\n|-damage|p1a: Flutter Mane|0 fnt\n|-damage|p1b: Gallade|0 fnt\n|faint|p1a: Flutter Mane\n|-end|p1a: Flutter Mane|Protosynthesis|[silent]\n|faint|p1b: Gallade\n|\n|-weather|none\n|-end|p2b: Flutter Mane|Protosynthesis\n|upkeep\n|\n|t:|1700677857\n|switch|p1b: Zapdos|Zapdos-Galar, L50|63\/100\n|turn|6\n|\n|t:|1700677861\n|move|p2a: Tornadus|Sunny Day|p2a: Tornadus\n|-weather|SunnyDay\n|-activate|p2b: Flutter Mane|ability: Protosynthesis\n|-start|p2b: Flutter Mane|protosynthesisspa\n|move|p2b: Flutter Mane|Dazzling Gleam|p1b: Zapdos\n|-supereffective|p1b: Zapdos\n|-damage|p1b: Zapdos|0 fnt\n|faint|p1b: Zapdos\n|\n|win|hnefl\n|raw|perk1's rating: 1377 &rarr; <strong>1356<\/strong><br \/>(-21 for losing)\n|raw|hnefl's rating: 1364 &rarr; <strong>1385<\/strong><br \/>(+21 for winning)\n","uploadtime":1700677864,"views":6,"p1id":"perk1","p2id":"hnefl","formatid":"gen9vgc2023regulatione","rating":1356,"private":0,"password":""}