{"id":"gen9vgc2023regulatione-1989573393","p1":"socpheyt1","p2":"Chi3fRoss","format":"[Gen 9] VGC 2023 Regulation E","log":"|j|\u2606socpheyt1\n|j|\u2606Chi3fRoss\n|t:|1699873359\n|gametype|doubles\n|player|p1|socpheyt1|102|1354\n|player|p2|Chi3fRoss|wallace-gen6|1384\n|teamsize|p1|6\n|teamsize|p2|6\n|gen|9\n|tier|[Gen 9] VGC 2023 Regulation E\n|rated|\n|rule|Species Clause: Limit one of each Pok\u00e9mon\n|rule|Item Clause: Limit one of each item\n|clearpoke\n|poke|p1|Drifblim, L50, M|\n|poke|p1|Rillaboom, L50, M|\n|poke|p1|Dondozo, L50, M|\n|poke|p1|Tatsugiri, L50, F|\n|poke|p1|Flamigo, L50, F|\n|poke|p1|Urshifu-*, L50, M|\n|poke|p2|Raichu, L50, F|\n|poke|p2|Roaring Moon, L50|\n|poke|p2|Gholdengo, L50|\n|poke|p2|Ogerpon, L50, F|\n|poke|p2|Yanmega, L50, M|\n|poke|p2|Cinderace, L50, F|\n|teampreview|4\n|\n|t:|1699873387\n|start\n|switch|p1a: Drifblim|Drifblim, L50, M|100\/100\n|switch|p1b: Rillaboom|Rillaboom, L50, M|100\/100\n|switch|p2a: Roaring Moon|Roaring Moon, L50|100\/100\n|switch|p2b: Gholdengo|Gholdengo, L50|100\/100\n|-fieldstart|move: Grassy Terrain|[from] ability: Grassy Surge|[of] p1b: Rillaboom\n|-enditem|p1a: Drifblim|Grassy Seed\n|-boost|p1a: Drifblim|def|1|[from] item: Grassy Seed\n|-enditem|p2a: Roaring Moon|Booster Energy\n|-activate|p2a: Roaring Moon|ability: Protosynthesis|[fromitem]\n|-start|p2a: Roaring Moon|protosynthesisspe\n|turn|1\n|\n|t:|1699873409\n|move|p2a: Roaring Moon|Protect|p2a: Roaring Moon\n|-singleturn|p2a: Roaring Moon|Protect\n|move|p1b: Rillaboom|Fake Out|p2a: Roaring Moon\n|-activate|p2a: Roaring Moon|move: Protect\n|move|p1a: Drifblim|Minimize|p1a: Drifblim\n|-boost|p1a: Drifblim|evasion|2\n|move|p2b: Gholdengo|Shadow Ball|p1a: Drifblim\n|-supereffective|p1a: Drifblim\n|-damage|p1a: Drifblim|0 fnt\n|faint|p1a: Drifblim\n|\n|upkeep\n|\n|t:|1699873431\n|switch|p1a: Dondozo|Dondozo, L50, M|100\/100\n|turn|2\n|\n|t:|1699873443\n|switch|p1b: Tatsugiri|Tatsugiri, L50, F|100\/100\n|-activate|p1b: Tatsugiri|ability: Commander|[of] p1a: Dondozo\n|-boost|p1a: Dondozo|atk|2\n|-boost|p1a: Dondozo|spa|2\n|-boost|p1a: Dondozo|spe|2\n|-boost|p1a: Dondozo|def|2\n|-boost|p1a: Dondozo|spd|2\n|-terastallize|p1a: Dondozo|Dragon\n|move|p2a: Roaring Moon|Breaking Swipe|p1b: Tatsugiri|[spread] p1a\n|-miss|p2a: Roaring Moon|p1b: Tatsugiri\n|-supereffective|p1a: Dondozo\n|-damage|p1a: Dondozo|86\/100\n|-unboost|p1a: Dondozo|atk|1\n|move|p2b: Gholdengo|Shadow Ball|p1b: Tatsugiri|[miss]\n|-miss|p2b: Gholdengo|p1b: Tatsugiri\n|move|p1a: Dondozo|Order Up|p2a: Roaring Moon\n|-supereffective|p2a: Roaring Moon\n|-damage|p2a: Roaring Moon|0 fnt\n|faint|p2a: Roaring Moon\n|-end|p2a: Roaring Moon|Protosynthesis|[silent]\n|-boost|p1a: Dondozo|atk|1\n|\n|-heal|p1a: Dondozo|93\/100|[from] Grassy Terrain\n|-heal|p1a: Dondozo|99\/100|[from] item: Leftovers\n|-status|p1b: Tatsugiri|tox|[from] item: Toxic Orb\n|upkeep\n|\n|t:|1699873461\n|switch|p2a: Raichu|Raichu, L50, F|100\/100\n|turn|3\n|\n|t:|1699873479\n|move|p2a: Raichu|Feint|p1a: Dondozo\n|-damage|p1a: Dondozo|97\/100\n|move|p2b: Gholdengo|Shadow Ball|p1a: Dondozo\n|-damage|p1a: Dondozo|65\/100\n|move|p1a: Dondozo|Order Up|p2b: Gholdengo\n|-resisted|p2b: Gholdengo\n|-damage|p2b: Gholdengo|58\/100\n|-boost|p1a: Dondozo|atk|1\n|\n|-heal|p2b: Gholdengo|65\/100|[from] Grassy Terrain\n|-heal|p1a: Dondozo|72\/100|[from] Grassy Terrain\n|-heal|p1a: Dondozo|78\/100|[from] item: Leftovers\n|-damage|p1b: Tatsugiri|95\/100 tox|[from] psn\n|upkeep\n|turn|4\n|\n|t:|1699873502\n|move|p1a: Dondozo|Protect|p1a: Dondozo\n|-singleturn|p1a: Dondozo|Protect\n|move|p2b: Gholdengo|Shadow Ball|p1a: Dondozo\n|-activate|p1a: Dondozo|move: Protect\n|move|p2a: Raichu|Volt Switch|p1a: Dondozo\n|-activate|p1a: Dondozo|move: Protect\n|\n|-heal|p2b: Gholdengo|71\/100|[from] Grassy Terrain\n|-heal|p1b: Tatsugiri|100\/100 tox|[from] Grassy Terrain\n|-heal|p1a: Dondozo|84\/100|[from] Grassy Terrain\n|-heal|p1a: Dondozo|90\/100|[from] item: Leftovers\n|-damage|p1b: Tatsugiri|89\/100 tox|[from] psn\n|upkeep\n|turn|5\n|inactive|Battle timer is ON: inactive players will automatically lose when time's up. (requested by Chi3fRoss)\n|\n|t:|1699873520\n|move|p2b: Gholdengo|Shadow Ball|p1a: Dondozo\n|-damage|p1a: Dondozo|60\/100\n|move|p2a: Raichu|Volt Switch|p1a: Dondozo\n|-resisted|p1a: Dondozo\n|-damage|p1a: Dondozo|54\/100\n|\n|t:|1699873526\n|switch|p2a: Yanmega|Yanmega, L50, M|100\/100|[from] Volt Switch\n|move|p1a: Dondozo|Order Up|p2b: Gholdengo\n|-resisted|p2b: Gholdengo\n|-damage|p2b: Gholdengo|20\/100\n|-boost|p1a: Dondozo|atk|1\n|\n|-heal|p2b: Gholdengo|26\/100|[from] Grassy Terrain\n|-heal|p1b: Tatsugiri|95\/100 tox|[from] Grassy Terrain\n|-heal|p1a: Dondozo|60\/100|[from] Grassy Terrain\n|-heal|p1a: Dondozo|66\/100|[from] item: Leftovers\n|-damage|p1b: Tatsugiri|78\/100 tox|[from] psn\n|-fieldend|move: Grassy Terrain\n|upkeep\n|turn|6\n|\n|t:|1699873548\n|move|p2b: Gholdengo|Shadow Ball|p1a: Dondozo\n|-damage|p1a: Dondozo|37\/100\n|move|p2a: Yanmega|Bug Buzz|p1a: Dondozo\n|-damage|p1a: Dondozo|17\/100\n|-enditem|p2a: Yanmega|Throat Spray\n|-boost|p2a: Yanmega|spa|1|[from] item: Throat Spray\n|move|p1a: Dondozo|Order Up|p2b: Gholdengo\n|-resisted|p2b: Gholdengo\n|-damage|p2b: Gholdengo|0 fnt\n|faint|p2b: Gholdengo\n|-boost|p1a: Dondozo|atk|1\n|\n|-heal|p1a: Dondozo|23\/100|[from] item: Leftovers\n|-damage|p1b: Tatsugiri|56\/100 tox|[from] psn\n|-ability|p2a: Yanmega|Speed Boost|boost\n|-boost|p2a: Yanmega|spe|1\n|upkeep\n|\n|t:|1699873557\n|switch|p2b: Raichu|Raichu, L50, F|100\/100\n|turn|7\n|\n|t:|1699873571\n|move|p1a: Dondozo|Protect|p1a: Dondozo\n|-singleturn|p1a: Dondozo|Protect\n|move|p2b: Raichu|Fake Out|p1a: Dondozo\n|-activate|p1a: Dondozo|move: Protect\n|move|p2a: Yanmega|Bug Buzz|p1a: Dondozo\n|-activate|p1a: Dondozo|move: Protect\n|\n|-heal|p1a: Dondozo|30\/100|[from] item: Leftovers\n|-damage|p1b: Tatsugiri|28\/100 tox|[from] psn\n|-ability|p2a: Yanmega|Speed Boost|boost\n|-boost|p2a: Yanmega|spe|1\n|upkeep\n|turn|8\n|\n|t:|1699873588\n|move|p2a: Yanmega|Bug Buzz|p1a: Dondozo\n|-damage|p1a: Dondozo|7\/100\n|move|p2b: Raichu|Thunderbolt|p1a: Dondozo\n|-resisted|p1a: Dondozo\n|-damage|p1a: Dondozo|0 fnt\n|faint|p1a: Dondozo\n|\n|-damage|p1b: Tatsugiri|0 fnt|[from] psn\n|faint|p1b: Tatsugiri\n|-ability|p2a: Yanmega|Speed Boost|boost\n|-boost|p2a: Yanmega|spe|1\n|upkeep\n|inactive|socpheyt1 has 30 seconds left.\n|inactive|socpheyt1 has 20 seconds left.\n|inactive|socpheyt1 has 15 seconds left.\n|inactive|socpheyt1 has 10 seconds left.\n|inactive|socpheyt1 has 5 seconds left.\n|\n|t:|1699873643\n|switch|p1a: Rillaboom|Rillaboom, L50, M|100\/100\n|-fieldstart|move: Grassy Terrain|[from] ability: Grassy Surge|[of] p1a: Rillaboom\n|turn|9\n|inactive|socpheyt1 has 30 seconds left.\n|inactive|socpheyt1 has 20 seconds left.\n|inactive|socpheyt1 has 15 seconds left.\n|inactive|socpheyt1 has 10 seconds left.\n|inactive|socpheyt1 has 5 seconds left.\n|\n|t:|1699873698\n|move|p2a: Yanmega|Protect|p2a: Yanmega\n|-singleturn|p2a: Yanmega|Protect\n|move|p1a: Rillaboom|Knock Off|p2b: Raichu\n|-damage|p2b: Raichu|62\/100\n|-enditem|p2b: Raichu|Assault Vest|[from] move: Knock Off|[of] p1a: Rillaboom\n|move|p2b: Raichu|Thunderbolt|p1a: Rillaboom\n|-resisted|p1a: Rillaboom\n|-damage|p1a: Rillaboom|87\/100\n|\n|-heal|p1a: Rillaboom|92\/100|[from] Grassy Terrain\n|-heal|p2b: Raichu|68\/100|[from] Grassy Terrain\n|-ability|p2a: Yanmega|Speed Boost|boost\n|-boost|p2a: Yanmega|spe|1\n|upkeep\n|turn|10\n|inactive|socpheyt1 has 30 seconds left.\n|inactive|Chi3fRoss has 30 seconds left.\n|inactive|socpheyt1 has 20 seconds left.\n|inactive|socpheyt1 has 15 seconds left.\n|inactive|socpheyt1 has 10 seconds left.\n|inactive|socpheyt1 has 5 seconds left.\n|\n|t:|1699873753\n|move|p2a: Yanmega|Bug Buzz|p1a: Rillaboom\n|-supereffective|p1a: Rillaboom\n|-damage|p1a: Rillaboom|0 fnt\n|faint|p1a: Rillaboom\n|\n|win|Chi3fRoss\n|raw|socpheyt1's rating: 1354 &rarr; <strong>1336<\/strong><br \/>(-18 for losing)\n|raw|Chi3fRoss's rating: 1384 &rarr; <strong>1402<\/strong><br \/>(+18 for winning)\n","uploadtime":1699873760,"views":33,"p1id":"socpheyt1","p2id":"chi3fross","formatid":"gen9vgc2023regulatione","rating":1336,"private":0,"password":""}