{"id":"gen9vgc2023regulatione-1997774443","p1":"TheJacker16","p2":"MiToSa_0","format":"[Gen 9] VGC 2023 Regulation E","log":"|j|\u2606TheJacker16\n|j|\u2606MiToSa_0\n|t:|1700851246\n|gametype|doubles\n|player|p1|TheJacker16|policeman-gen4|1067\n|player|p2|MiToSa_0|gentleman|1149\n|teamsize|p1|6\n|teamsize|p2|6\n|gen|9\n|tier|[Gen 9] VGC 2023 Regulation E\n|rated|\n|rule|Species Clause: Limit one of each Pok\u00e9mon\n|rule|Item Clause: Limit one of each item\n|clearpoke\n|poke|p1|Snorlax, L50, M|\n|poke|p1|Sinistcha-Masterpiece, L50|\n|poke|p1|Landorus-Therian, L50, M|\n|poke|p1|Clefairy, L50, F|\n|poke|p1|Iron Hands, L50|\n|poke|p1|Kommo-o, L50, M|\n|poke|p2|Regieleki, L50|\n|poke|p2|Urshifu-*, L50, M|\n|poke|p2|Tornadus, L50, M|\n|poke|p2|Gholdengo, L50|\n|poke|p2|Arcanine-Hisui, L50, M|\n|poke|p2|Ursaluna-Bloodmoon, L50, M|\n|teampreview|4\n|\n|t:|1700851265\n|start\n|switch|p1a: Snorlax|Snorlax, L50, M|100\/100\n|switch|p1b: Iron Hands|Iron Hands, L50|100\/100\n|switch|p2a: Regieleki|Regieleki, L50|100\/100\n|switch|p2b: Tornadus|Tornadus, L50, M|100\/100\n|turn|1\n|\n|t:|1700851285\n|move|p1b: Iron Hands|Fake Out|p2b: Tornadus\n|-damage|p2b: Tornadus|83\/100\n|cant|p2b: Tornadus|flinch\n|move|p2a: Regieleki|Reflect|p2a: Regieleki\n|-sidestart|p2: MiToSa_0|Reflect\n|move|p1a: Snorlax|High Horsepower|p2a: Regieleki\n|-supereffective|p2a: Regieleki\n|-damage|p2a: Regieleki|46\/100\n|\n|upkeep\n|turn|2\n|\n|t:|1700851307\n|-end|p1b: Iron Hands|Quark Drive|[silent]\n|switch|p1b: Landorus|Landorus-Therian, L50, M|100\/100\n|-ability|p1b: Landorus|Intimidate|boost\n|-unboost|p2a: Regieleki|atk|1\n|-unboost|p2b: Tornadus|atk|1\n|move|p2b: Tornadus|Tailwind|p2b: Tornadus\n|-sidestart|p2: MiToSa_0|move: Tailwind\n|move|p2a: Regieleki|Thunder Cage|p1a: Snorlax\n|-crit|p1a: Snorlax\n|-damage|p1a: Snorlax|61\/100\n|-activate|p1a: Snorlax|move: Thunder Cage|[of] p2a: Regieleki\n|move|p1a: Snorlax|High Horsepower|p2a: Regieleki\n|-supereffective|p2a: Regieleki\n|-damage|p2a: Regieleki|0 fnt\n|faint|p2a: Regieleki\n|\n|-end|p1a: Snorlax|Thunder Cage|[partiallytrapped]|[silent]\n|upkeep\n|\n|t:|1700851319\n|switch|p2a: Urshifu|Urshifu-Rapid-Strike, L50, M|100\/100\n|turn|3\n|\n|t:|1700851330\n|switch|p1b: Sinistcha|Sinistcha-Masterpiece, L50|100\/100\n|-heal|p1a: Snorlax|86\/100|[from] ability: Hospitality|[of] p1b: Sinistcha\n|move|p1a: Snorlax|Protect|p1a: Snorlax\n|-singleturn|p1a: Snorlax|Protect\n|move|p2b: Tornadus|Rain Dance|p2b: Tornadus\n|-weather|RainDance\n|move|p2a: Urshifu|Swords Dance|p2a: Urshifu\n|-boost|p2a: Urshifu|atk|2\n|\n|-weather|RainDance|[upkeep]\n|upkeep\n|turn|4\n|\n|t:|1700851366\n|switch|p1a: Iron Hands|Iron Hands, L50|100\/100\n|-terastallize|p2a: Urshifu|Water\n|move|p2b: Tornadus|Bleakwind Storm|p1b: Sinistcha|[spread] p1a,p1b\n|-supereffective|p1b: Sinistcha\n|-damage|p1a: Iron Hands|82\/100\n|-damage|p1b: Sinistcha|36\/100\n|-unboost|p1a: Iron Hands|spe|1\n|-unboost|p1b: Sinistcha|spe|1\n|move|p2a: Urshifu|Surging Strikes|p1a: Iron Hands\n|-crit|p1a: Iron Hands\n|-damage|p1a: Iron Hands|7\/100\n|-crit|p1a: Iron Hands\n|-damage|p1a: Iron Hands|0 fnt\n|faint|p1a: Iron Hands\n|-end|p1a: Iron Hands|Quark Drive|[silent]\n|-hitcount|p1: Iron Hands|2\n|move|p1b: Sinistcha|Strength Sap|p2a: Urshifu\n|-unboost|p2a: Urshifu|atk|1\n|-heal|p1b: Sinistcha|100\/100\n|\n|-weather|RainDance|[upkeep]\n|upkeep\n|\n|t:|1700851389\n|switch|p1a: Landorus|Landorus-Therian, L50, M|100\/100\n|-ability|p1a: Landorus|Intimidate|boost\n|-unboost|p2a: Urshifu|atk|1\n|-unboost|p2b: Tornadus|atk|1\n|turn|5\n|\n|t:|1700851409\n|move|p2b: Tornadus|Bleakwind Storm|p1a: Landorus|[spread] p1a,p1b\n|-supereffective|p1b: Sinistcha\n|-damage|p1a: Landorus|54\/100\n|-damage|p1b: Sinistcha|35\/100\n|move|p2a: Urshifu|Surging Strikes|p1a: Landorus\n|-supereffective|p1a: Landorus\n|-crit|p1a: Landorus\n|-damage|p1a: Landorus|0 fnt\n|faint|p1a: Landorus\n|-hitcount|p1: Landorus|1\n|move|p1b: Sinistcha|Matcha Gotcha|p2a: Urshifu|[spread] p2a,p2b\n|-supereffective|p2a: Urshifu\n|-resisted|p2b: Tornadus\n|-damage|p2a: Urshifu|48\/100\n|-heal|p1b: Sinistcha|61\/100|[from] drain|[of] p2a: Urshifu\n|-damage|p2b: Tornadus|69\/100\n|-heal|p1b: Sinistcha|67\/100|[from] drain|[of] p2b: Tornadus\n|\n|-weather|RainDance|[upkeep]\n|-sideend|p2: MiToSa_0|move: Tailwind\n|upkeep\n|\n|t:|1700851429\n|switch|p1a: Snorlax|Snorlax, L50, M|86\/100\n|turn|6\n|\n|t:|1700851446\n|-terastallize|p1a: Snorlax|Water\n|move|p1a: Snorlax|Protect|p1a: Snorlax\n|-singleturn|p1a: Snorlax|Protect\n|move|p2b: Tornadus|Bleakwind Storm|p1a: Snorlax|[spread] p1b\n|-activate|p1a: Snorlax|move: Protect\n|-supereffective|p1b: Sinistcha\n|-damage|p1b: Sinistcha|3\/100\n|move|p2a: Urshifu|Surging Strikes|p1b: Sinistcha\n|-resisted|p1b: Sinistcha\n|-crit|p1b: Sinistcha\n|-damage|p1b: Sinistcha|0 fnt\n|faint|p1b: Sinistcha\n|-hitcount|p1: Sinistcha|1\n|\n|-weather|RainDance|[upkeep]\n|upkeep\n|turn|7\n|-message|TheJacker16 forfeited.\n|\n|win|MiToSa_0\n|raw|TheJacker16's rating: 1067 &rarr; <strong>1052<\/strong><br \/>(-15 for losing)\n|raw|MiToSa_0's rating: 1149 &rarr; <strong>1168<\/strong><br \/>(+19 for winning)\n|l|\u2606TheJacker16\n","uploadtime":1700851520,"views":16,"p1id":"thejacker16","p2id":"mitosa0","formatid":"gen9vgc2023regulatione","rating":1052,"private":0,"password":""}