{"id":"gen9vgc2023regulatione-2000579915","p1":"Guakamou","p2":"AndrewsWho","format":"[Gen 9] VGC 2023 Regulation E","log":"|j|\u2606Guakamou\n|j|\u2606AndrewsWho\n|n|\u2606Guakamou|guakamou\n|n|\u2606AndrewsWho|andrewswho\n|html|View the match progress at <a href=\"\/game-bestof3-gen9vgc2023regulatione-2000579914\">game-bestof3-gen9vgc2023regulatione-2000579914<\/a>\n|t:|1701207228\n|gametype|doubles\n|player|p1|Guakamou|palmer|\n|player|p2|AndrewsWho|lucas|\n|teamsize|p1|6\n|teamsize|p2|6\n|gen|9\n|tier|[Gen 9] VGC 2023 Regulation E\n|rule|Species Clause: Limit one of each Pok\u00e9mon\n|rule|Item Clause: Limit one of each item\n|clearpoke\n|poke|p1|Heatran, L50, M|\n|poke|p1|Landorus-Therian, L50, M|\n|poke|p1|Iron Hands, L50|\n|poke|p1|Iron Bundle, L50|\n|poke|p1|Rillaboom, L50, M|\n|poke|p1|Ogerpon-Hearthflame, L50, F|\n|poke|p2|Arcanine-Hisui, L50, M|\n|poke|p2|Urshifu-*, L50, F|\n|poke|p2|Tornadus, L50, M|\n|poke|p2|Gholdengo, L50|\n|poke|p2|Iron Hands, L50|\n|poke|p2|Amoonguss, L50, M|\n|teampreview|4\nAndrewsWho has agreed to open team sheets.\nGuakamou has agreed to open team sheets.\n|showteam|p1|Heatran||LifeOrb|FlashFire|HeatWave,EarthPower,FlashCannon,Protect|||M|||50|,,,,,Fairy]Landorus-Therian||ChoiceScarf|Intimidate|TeraBlast,Uturn,RockSlide,StompingTantrum|||M|||50|,,,,,Flying]Iron Hands||AssaultVest|QuarkDrive|FakeOut,WildCharge,DrainPunch,HeavySlam||||||50|,,,,,Water]Iron Bundle||BoosterEnergy|QuarkDrive|IcyWind,Encore,FreezeDry,Protect||||||50|,,,,,Ghost]Rillaboom||MiracleSeed|GrassySurge|FakeOut,WoodHammer,Uturn,GrassyGlide|||M|||50|,,,,,Grass]Ogerpon-Hearthflame||HearthflameMask|MoldBreaker|IvyCudgel,GrassyGlide,SwordsDance,SpikyShield|||F|||50|,,,,,Fire\n|showteam|p2|Arcanine-Hisui||ChoiceBand|Intimidate|RockSlide,FlareBlitz,ExtremeSpeed,HeadSmash|||M|||50|,,,,,Fairy]Urshifu-Rapid-Strike||MysticWater|UnseenFist|SurgingStrikes,AquaJet,CloseCombat,Detect|||F|||50|,,,,,Water]Tornadus||RockyHelmet|Prankster|BleakwindStorm,Tailwind,RainDance,Protect|||M|||50|,,,,,Steel]Gholdengo||KasibBerry|GoodasGold|MakeItRain,ShadowBall,Protect,NastyPlot||||||50|,,,,,Dragon]Iron Hands||AssaultVest|QuarkDrive|WildCharge,DrainPunch,VoltSwitch,FakeOut||||||50|,,,,,Water]Amoonguss||SitrusBerry|Regenerator|PollenPuff,Spore,RagePowder,Protect|||M|||50|,,,,,Water\n|\n|t:|1701207269\n|start\n|switch|p1a: Iron Hands|Iron Hands, L50|100\/100\n|switch|p1b: Ogerpon|Ogerpon-Hearthflame, L50, F|100\/100\n|switch|p2a: Tornadus|Tornadus, L50, M|100\/100\n|switch|p2b: Urshifu|Urshifu-Rapid-Strike, L50, F|100\/100\n|-ability|p1b: Ogerpon|Mold Breaker\n|turn|1\n|\n|t:|1701207291\n|-terastallize|p1b: Ogerpon|Fire\n|detailschange|p1b: Ogerpon|Ogerpon-Hearthflame-Tera, L50, F, tera:Fire\n|-ability|p1b: Ogerpon|Embody Aspect (Hearthflame)|boost\n|-boost|p1b: Ogerpon|atk|1\n|move|p1a: Iron Hands|Fake Out|p2b: Urshifu\n|-damage|p2b: Urshifu|86\/100\n|move|p1b: Ogerpon|Swords Dance|p1b: Ogerpon\n|-boost|p1b: Ogerpon|atk|2\n|move|p2a: Tornadus|Bleakwind Storm|p1a: Iron Hands|[spread] p1a,p1b\n|-damage|p1a: Iron Hands|85\/100\n|-damage|p1b: Ogerpon|73\/100\n|-unboost|p1a: Iron Hands|spe|1\n|cant|p2b: Urshifu|flinch\n|\n|upkeep\n|turn|2\n|\n|t:|1701207316\n|switch|p2b: Arcanine|Arcanine-Hisui, L50, M|100\/100\n|-ability|p2b: Arcanine|Intimidate|boost\n|-unboost|p1a: Iron Hands|atk|1\n|-unboost|p1b: Ogerpon|atk|1\n|-end|p1a: Iron Hands|Quark Drive|[silent]\n|switch|p1a: Rillaboom|Rillaboom, L50, M|100\/100\n|-fieldstart|move: Grassy Terrain|[from] ability: Grassy Surge|[of] p1a: Rillaboom\n|move|p1b: Ogerpon|Grassy Glide|p2b: Arcanine\n|-damage|p2b: Arcanine|7\/100\n|move|p2a: Tornadus|Bleakwind Storm|p1b: Ogerpon|[spread] \n|-miss|p2a: Tornadus|p1a: Rillaboom\n|-miss|p2a: Tornadus|p1b: Ogerpon\n|\n|-heal|p1b: Ogerpon|79\/100|[from] Grassy Terrain\n|-heal|p2b: Arcanine|13\/100|[from] Grassy Terrain\n|upkeep\n|turn|3\n|\n|t:|1701207345\n|move|p1a: Rillaboom|Fake Out|p2b: Arcanine\n|-resisted|p2b: Arcanine\n|-damage|p2b: Arcanine|5\/100\n|cant|p2b: Arcanine|flinch\n|move|p1b: Ogerpon|Ivy Cudgel|p2a: Tornadus|[anim] Ivy Cudgel Fire\n|-damage|p2a: Tornadus|0 fnt\n|faint|p2a: Tornadus\n|\n|-heal|p1b: Ogerpon|84\/100|[from] Grassy Terrain\n|-heal|p2b: Arcanine|11\/100|[from] Grassy Terrain\n|upkeep\n|\n|t:|1701207356\n|switch|p2a: Gholdengo|Gholdengo, L50|100\/100\n|turn|4\n|\n|t:|1701207367\n|-terastallize|p2a: Gholdengo|Dragon\n|move|p2b: Arcanine|Extreme Speed|p1b: Ogerpon\n|-damage|p1b: Ogerpon|41\/100\n|move|p1a: Rillaboom|Grassy Glide|p2b: Arcanine\n|-damage|p2b: Arcanine|0 fnt\n|faint|p2b: Arcanine\n|move|p2a: Gholdengo|Shadow Ball|p1b: Ogerpon\n|-damage|p1b: Ogerpon|0 fnt\n|faint|p1b: Ogerpon\n|\n|upkeep\n|\n|t:|1701207382\n|switch|p1b: Landorus|Landorus-Therian, L50, M|100\/100\n|switch|p2b: Urshifu|Urshifu-Rapid-Strike, L50, F|86\/100\n|-ability|p1b: Landorus|Intimidate|boost\n|-unboost|p2a: Gholdengo|atk|1\n|-unboost|p2b: Urshifu|atk|1\n|turn|5\n|\n|t:|1701207407\n|move|p1a: Rillaboom|Grassy Glide|p2b: Urshifu\n|-supereffective|p2b: Urshifu\n|-damage|p2b: Urshifu|0 fnt\n|faint|p2b: Urshifu\n|move|p1b: Landorus|U-turn|p2a: Gholdengo\n|-damage|p2a: Gholdengo|69\/100\n|\n|t:|1701207413\n|switch|p1b: Iron Hands|Iron Hands, L50|85\/100|[from] U-turn\n|move|p2a: Gholdengo|Nasty Plot|p2a: Gholdengo\n|-boost|p2a: Gholdengo|spa|2\n|\n|-heal|p2a: Gholdengo|75\/100|[from] Grassy Terrain\n|-heal|p1b: Iron Hands|91\/100|[from] Grassy Terrain\n|upkeep\n|turn|6\n|\n|t:|1701207422\n|switch|p1a: Landorus|Landorus-Therian, L50, M|100\/100\n|-ability|p1a: Landorus|Intimidate|boost\n|-unboost|p2a: Gholdengo|atk|1\n|move|p2a: Gholdengo|Protect|p2a: Gholdengo\n|-singleturn|p2a: Gholdengo|Protect\n|move|p1b: Iron Hands|Fake Out|p2a: Gholdengo\n|-activate|p2a: Gholdengo|move: Protect\n|\n|-heal|p2a: Gholdengo|81\/100|[from] Grassy Terrain\n|-heal|p1b: Iron Hands|98\/100|[from] Grassy Terrain\n|-fieldend|move: Grassy Terrain\n|upkeep\n|turn|7\n|\n|t:|1701207434\n|move|p1a: Landorus|Stomping Tantrum|p2a: Gholdengo\n|-damage|p2a: Gholdengo|31\/100\n|move|p2a: Gholdengo|Shadow Ball|p1a: Landorus\n|-damage|p1a: Landorus|5\/100\n|move|p1b: Iron Hands|Drain Punch|p2a: Gholdengo\n|-damage|p2a: Gholdengo|0 fnt\n|-heal|p1b: Iron Hands|100\/100|[from] drain|[of] p2a: Gholdengo\n|faint|p2a: Gholdengo\n|\n|win|Guakamou\n|c|&|\/uhtml prompt-andrewswho,AndrewsWho is ready for game 2!\n|inactive|Guakamou has 50 seconds to confirm battle start!\n|inactive|Guakamou has 40 seconds to confirm battle start!\n|c|&|\/uhtml prompt-guakamou,Guakamou is ready for game 2!\nBoth players are ready! Starting next match!\n|l|\u2606AndrewsWho\n","uploadtime":1701207783,"views":1,"p1id":"guakamou","p2id":"andrewswho","formatid":"gen9vgc2023regulatione","rating":0,"private":0,"password":""}