{"id":"gen9vgc2023regulatione-1990188528","p1":"Kzrkrzov","p2":"Dr Scoob","format":"[Gen 9] VGC 2023 Regulation E","log":"|j|\u2606Kzrkrzov\n|j|\u2606Dr Scoob\n|t:|1699934780\n|gametype|doubles\n|player|p1|Kzrkrzov|lance|1210\n|player|p2|Dr Scoob|102|1264\n|teamsize|p1|6\n|teamsize|p2|6\n|gen|9\n|tier|[Gen 9] VGC 2023 Regulation E\n|rated|\n|rule|Species Clause: Limit one of each Pok\u00e9mon\n|rule|Item Clause: Limit one of each item\n|clearpoke\n|poke|p1|Flutter Mane, L50|\n|poke|p1|Tornadus, L50, M|\n|poke|p1|Rillaboom, L50, F|\n|poke|p1|Garganacl, L50, M|\n|poke|p1|Arcanine-Hisui, L50, M|\n|poke|p1|Chien-Pao, L50|\n|poke|p2|Tornadus, L50, M|\n|poke|p2|Flutter Mane, L50|\n|poke|p2|Ogerpon-Wellspring, L50, F|\n|poke|p2|Annihilape, L50, F|\n|poke|p2|Sinistcha-Masterpiece, L50|\n|poke|p2|Iron Hands, L50|\n|teampreview|4\n|\n|t:|1699934814\n|start\n|switch|p1a: Tornadus|Tornadus, L50, M|100\/100\n|switch|p1b: Garganacl|Garganacl, L50, M|100\/100\n|switch|p2a: Monkey Business|Annihilape, L50, F|100\/100\n|switch|p2b: Flutter Mane|Flutter Mane, L50|100\/100\n|-enditem|p2b: Flutter Mane|Booster Energy\n|-activate|p2b: Flutter Mane|ability: Protosynthesis|[fromitem]\n|-start|p2b: Flutter Mane|protosynthesisspe\n|turn|1\n|\n|t:|1699934843\n|-terastallize|p2a: Monkey Business|Fire\n|-terastallize|p1b: Garganacl|Ghost\n|move|p1a: Tornadus|Taunt|p2a: Monkey Business\n|-start|p2a: Monkey Business|move: Taunt\n|move|p2b: Flutter Mane|Moonblast|p1a: Tornadus\n|-damage|p1a: Tornadus|61\/100\n|cant|p2a: Monkey Business|move: Taunt|Bulk Up\n|move|p1b: Garganacl|Salt Cure|p2b: Flutter Mane\n|-damage|p2b: Flutter Mane|80\/100\n|-start|p2b: Flutter Mane|Salt Cure\n|\n|-damage|p2b: Flutter Mane|68\/100|[from] Salt Cure\n|upkeep\n|turn|2\n|\n|t:|1699934861\n|-end|p2b: Flutter Mane|Protosynthesis|[silent]\n|switch|p2b: Robo Cop|Iron Hands, L50|100\/100\n|move|p1a: Tornadus|Tailwind|p1a: Tornadus\n|-sidestart|p1: Kzrkrzov|move: Tailwind\n|move|p2a: Monkey Business|Rock Slide|p1a: Tornadus|[spread] p1a,p1b\n|-supereffective|p1a: Tornadus\n|-damage|p1a: Tornadus|19\/100\n|-damage|p1b: Garganacl|89\/100\n|cant|p1b: Garganacl|flinch\n|\n|upkeep\n|turn|3\n|\n|t:|1699934895\n|switch|p1a: Rillaboom|Rillaboom, L50, F|100\/100\n|-fieldstart|move: Grassy Terrain|[from] ability: Grassy Surge|[of] p1a: Rillaboom\n|move|p2a: Monkey Business|Rock Slide|p1b: Garganacl|[spread] p1a,p1b\n|-damage|p1a: Rillaboom|83\/100\n|-damage|p1b: Garganacl|78\/100\n|move|p1b: Garganacl|Iron Defense|p1b: Garganacl\n|-boost|p1b: Garganacl|def|2\n|move|p2b: Robo Cop|Wild Charge|p1b: Garganacl\n|-damage|p1b: Garganacl|62\/100\n|-damage|p2b: Robo Cop|97\/100|[from] Recoil\n|\n|-heal|p1a: Rillaboom|89\/100|[from] Grassy Terrain\n|-heal|p1b: Garganacl|68\/100|[from] Grassy Terrain\n|-heal|p2b: Robo Cop|100\/100|[from] Grassy Terrain\n|-end|p2a: Monkey Business|move: Taunt\n|upkeep\n|turn|4\n|\n|t:|1699934952\n|move|p1a: Rillaboom|Fake Out|p2b: Robo Cop\n|-damage|p2b: Robo Cop|91\/100\n|move|p2a: Monkey Business|Bulk Up|p2a: Monkey Business\n|-boost|p2a: Monkey Business|atk|1\n|-boost|p2a: Monkey Business|def|1\n|move|p1b: Garganacl|Salt Cure|p2a: Monkey Business\n|-supereffective|p2a: Monkey Business\n|-damage|p2a: Monkey Business|83\/100\n|-start|p2a: Monkey Business|Salt Cure\n|cant|p2b: Robo Cop|flinch\n|\n|-heal|p1a: Rillaboom|95\/100|[from] Grassy Terrain\n|-heal|p2a: Monkey Business|89\/100|[from] Grassy Terrain\n|-heal|p2a: Monkey Business|95\/100|[from] item: Leftovers\n|-heal|p1b: Garganacl|73\/100|[from] Grassy Terrain\n|-heal|p2b: Robo Cop|97\/100|[from] Grassy Terrain\n|-damage|p2a: Monkey Business|83\/100|[from] Salt Cure\n|upkeep\n|turn|5\n|\n|t:|1699934974\n|switch|p1a: Tornadus|Tornadus, L50, M|19\/100\n|move|p2a: Monkey Business|Rage Fist|p1b: Garganacl\n|-supereffective|p1b: Garganacl\n|-damage|p1b: Garganacl|49\/100\n|-enditem|p1b: Garganacl|Sitrus Berry|[eat]\n|-heal|p1b: Garganacl|74\/100|[from] item: Sitrus Berry\n|move|p1b: Garganacl|Iron Defense|p1b: Garganacl\n|-boost|p1b: Garganacl|def|2\n|move|p2b: Robo Cop|Wild Charge|p1b: Garganacl\n|-damage|p1b: Garganacl|62\/100\n|-damage|p2b: Robo Cop|94\/100|[from] Recoil\n|\n|-heal|p2a: Monkey Business|89\/100|[from] Grassy Terrain\n|-heal|p2a: Monkey Business|95\/100|[from] item: Leftovers\n|-heal|p1b: Garganacl|68\/100|[from] Grassy Terrain\n|-heal|p2b: Robo Cop|100\/100|[from] Grassy Terrain\n|-damage|p2a: Monkey Business|83\/100|[from] Salt Cure\n|-sideend|p1: Kzrkrzov|move: Tailwind\n|upkeep\n|turn|6\n|\n|t:|1699935023\n|move|p1a: Tornadus|Taunt|p2a: Monkey Business\n|-start|p2a: Monkey Business|move: Taunt\n|move|p2a: Monkey Business|Rage Fist|p1b: Garganacl\n|-supereffective|p1b: Garganacl\n|-damage|p1b: Garganacl|53\/100\n|move|p2b: Robo Cop|Volt Switch|p1a: Tornadus\n|-supereffective|p1a: Tornadus\n|-damage|p1a: Tornadus|0 fnt\n|faint|p1a: Tornadus\n|\n|t:|1699935032\n|-end|p2b: Robo Cop|Quark Drive|[silent]\n|switch|p2b: Matt 4:19|Ogerpon-Wellspring, L50, F|100\/100|[from] Volt Switch\n|move|p1b: Garganacl|Iron Defense|p1b: Garganacl\n|-boost|p1b: Garganacl|def|2\n|\n|-heal|p2a: Monkey Business|89\/100|[from] Grassy Terrain\n|-heal|p2a: Monkey Business|95\/100|[from] item: Leftovers\n|-heal|p1b: Garganacl|58\/100|[from] Grassy Terrain\n|-damage|p2a: Monkey Business|83\/100|[from] Salt Cure\n|upkeep\n|\n|t:|1699935054\n|switch|p1a: Rillaboom|Rillaboom, L50, F|95\/100\n|turn|7\n|\n|t:|1699935064\n|move|p2b: Matt 4:19|Ivy Cudgel|p1b: Garganacl\n|-damage|p1b: Garganacl|48\/100\n|move|p2a: Monkey Business|Rage Fist|p1a: Rillaboom\n|-damage|p1a: Rillaboom|29\/100\n|move|p1a: Rillaboom|Wood Hammer|p2b: Matt 4:19\n|-damage|p2b: Matt 4:19|5\/100\n|-damage|p1a: Rillaboom|2\/100|[from] Recoil\n|move|p1b: Garganacl|Recover|p1b: Garganacl\n|-heal|p1b: Garganacl|99\/100\n|\n|-heal|p2b: Matt 4:19|10\/100|[from] Grassy Terrain\n|-heal|p2a: Monkey Business|89\/100|[from] Grassy Terrain\n|-heal|p2a: Monkey Business|95\/100|[from] item: Leftovers\n|-heal|p1a: Rillaboom|8\/100|[from] Grassy Terrain\n|-heal|p1b: Garganacl|100\/100|[from] Grassy Terrain\n|-damage|p2a: Monkey Business|83\/100|[from] Salt Cure\n|-fieldend|move: Grassy Terrain\n|upkeep\n|turn|8\n|\n|t:|1699935081\n|switch|p2b: Robo Cop|Iron Hands, L50|100\/100\n|move|p2a: Monkey Business|Rage Fist|p1a: Rillaboom\n|-damage|p1a: Rillaboom|0 fnt\n|faint|p1a: Rillaboom\n|move|p1b: Garganacl|Salt Cure|p2b: Robo Cop\n|-resisted|p2b: Robo Cop\n|-damage|p2b: Robo Cop|96\/100\n|-start|p2b: Robo Cop|Salt Cure\n|\n|-heal|p2a: Monkey Business|89\/100|[from] item: Leftovers\n|-damage|p2a: Monkey Business|77\/100|[from] Salt Cure\n|-damage|p2b: Robo Cop|84\/100|[from] Salt Cure\n|-end|p2a: Monkey Business|move: Taunt\n|upkeep\n|\n|t:|1699935086\n|switch|p1a: Flutter Mane|Flutter Mane, L50|100\/100\n|-enditem|p1a: Flutter Mane|Booster Energy\n|-activate|p1a: Flutter Mane|ability: Protosynthesis|[fromitem]\n|-start|p1a: Flutter Mane|protosynthesisspe\n|turn|9\n|\n|t:|1699935101\n|move|p1a: Flutter Mane|Protect|p1a: Flutter Mane\n|-singleturn|p1a: Flutter Mane|Protect\n|move|p2a: Monkey Business|Rage Fist|p1a: Flutter Mane\n|-activate|p1a: Flutter Mane|move: Protect\n|move|p2b: Robo Cop|Wild Charge|p1a: Flutter Mane\n|-activate|p1a: Flutter Mane|move: Protect\n|move|p1b: Garganacl|Salt Cure|p2b: Robo Cop\n|-resisted|p2b: Robo Cop\n|-crit|p2b: Robo Cop\n|-damage|p2b: Robo Cop|77\/100\n|\n|-heal|p2a: Monkey Business|83\/100|[from] item: Leftovers\n|-damage|p2a: Monkey Business|71\/100|[from] Salt Cure\n|-damage|p2b: Robo Cop|65\/100|[from] Salt Cure\n|upkeep\n|turn|10\n|\n|t:|1699935123\n|move|p1a: Flutter Mane|Shadow Ball|p2a: Monkey Business\n|-damage|p2a: Monkey Business|35\/100\n|move|p2a: Monkey Business|Rage Fist|p1a: Flutter Mane\n|-supereffective|p1a: Flutter Mane\n|-damage|p1a: Flutter Mane|0 fnt\n|faint|p1a: Flutter Mane\n|-end|p1a: Flutter Mane|Protosynthesis|[silent]\n|move|p2b: Robo Cop|Wild Charge|p1b: Garganacl\n|-damage|p1b: Garganacl|92\/100\n|-damage|p2b: Robo Cop|63\/100|[from] Recoil\n|move|p1b: Garganacl|Salt Cure|p2a: Monkey Business\n|-supereffective|p2a: Monkey Business\n|-damage|p2a: Monkey Business|16\/100\n|\n|-heal|p2a: Monkey Business|22\/100|[from] item: Leftovers\n|-damage|p2a: Monkey Business|10\/100|[from] Salt Cure\n|-damage|p2b: Robo Cop|50\/100|[from] Salt Cure\n|upkeep\n|turn|11\n|\n|t:|1699935139\n|move|p1b: Garganacl|Protect|p1b: Garganacl\n|-singleturn|p1b: Garganacl|Protect\n|move|p2a: Monkey Business|Rage Fist|p1b: Garganacl\n|-activate|p1b: Garganacl|move: Protect\n|move|p2b: Robo Cop|Wild Charge|p1b: Garganacl\n|-activate|p1b: Garganacl|move: Protect\n|\n|-heal|p2a: Monkey Business|16\/100|[from] item: Leftovers\n|-damage|p2a: Monkey Business|4\/100|[from] Salt Cure\n|-damage|p2b: Robo Cop|38\/100|[from] Salt Cure\n|upkeep\n|turn|12\n|\n|t:|1699935146\n|move|p2a: Monkey Business|Rage Fist|p1b: Garganacl\n|-supereffective|p1b: Garganacl\n|-damage|p1b: Garganacl|68\/100\n|move|p2b: Robo Cop|Wild Charge|p1b: Garganacl\n|-damage|p1b: Garganacl|60\/100\n|-damage|p2b: Robo Cop|36\/100|[from] Recoil\n|move|p1b: Garganacl|Recover|p1b: Garganacl\n|-heal|p1b: Garganacl|100\/100\n|\n|-heal|p2a: Monkey Business|10\/100|[from] item: Leftovers\n|-damage|p2a: Monkey Business|0 fnt|[from] Salt Cure\n|faint|p2a: Monkey Business\n|-damage|p2b: Robo Cop|24\/100|[from] Salt Cure\n|upkeep\n|\n|t:|1699935157\n|switch|p2a: Flutter Mane|Flutter Mane, L50|68\/100\n|turn|13\n|\n|t:|1699935168\n|move|p2a: Flutter Mane|Shadow Ball|p1b: Garganacl\n|-supereffective|p1b: Garganacl\n|-damage|p1b: Garganacl|73\/100\n|move|p2b: Robo Cop|Wild Charge|p1b: Garganacl\n|-damage|p1b: Garganacl|64\/100\n|-damage|p2b: Robo Cop|22\/100|[from] Recoil\n|move|p1b: Garganacl|Salt Cure|p2a: Flutter Mane\n|-damage|p2a: Flutter Mane|45\/100\n|-start|p2a: Flutter Mane|Salt Cure\n|\n|-damage|p2a: Flutter Mane|32\/100|[from] Salt Cure\n|-damage|p2b: Robo Cop|10\/100|[from] Salt Cure\n|upkeep\n|turn|14\n|\n|t:|1699935181\n|-end|p2a: Flutter Mane|Protosynthesis|[silent]\n|switch|p2a: Matt 4:19|Ogerpon-Wellspring, L50, F|10\/100\n|move|p1b: Garganacl|Protect|p1b: Garganacl\n|-singleturn|p1b: Garganacl|Protect\n|move|p2b: Robo Cop|Volt Switch|p1b: Garganacl\n|-activate|p1b: Garganacl|move: Protect\n|\n|-damage|p2b: Robo Cop|0 fnt|[from] Salt Cure\n|faint|p2b: Robo Cop\n|-end|p2b: Robo Cop|Quark Drive|[silent]\n|upkeep\n|\n|t:|1699935185\n|switch|p2b: Flutter Mane|Flutter Mane, L50|32\/100\n|turn|15\n|\n|t:|1699935192\n|move|p2a: Matt 4:19|Swords Dance|p2a: Matt 4:19\n|-boost|p2a: Matt 4:19|atk|2\n|move|p2b: Flutter Mane|Shadow Ball|p1b: Garganacl\n|-supereffective|p1b: Garganacl\n|-damage|p1b: Garganacl|37\/100\n|move|p1b: Garganacl|Recover|p1b: Garganacl\n|-heal|p1b: Garganacl|87\/100\n|\n|upkeep\n|turn|16\n|\n|t:|1699935203\n|move|p2a: Matt 4:19|Ivy Cudgel|p1b: Garganacl\n|-damage|p1b: Garganacl|70\/100\n|move|p2b: Flutter Mane|Shadow Ball|p1b: Garganacl\n|-supereffective|p1b: Garganacl\n|-damage|p1b: Garganacl|43\/100\n|move|p1b: Garganacl|Salt Cure|p2a: Matt 4:19\n|-damage|p2a: Matt 4:19|0 fnt\n|faint|p2a: Matt 4:19\n|\n|upkeep\n|turn|17\n|\n|t:|1699935212\n|move|p2b: Flutter Mane|Shadow Ball|p1b: Garganacl\n|-supereffective|p1b: Garganacl\n|-damage|p1b: Garganacl|14\/100\n|-unboost|p1b: Garganacl|spd|1\n|move|p1b: Garganacl|Recover|p1b: Garganacl\n|-heal|p1b: Garganacl|64\/100\n|\n|upkeep\n|turn|18\n|\n|t:|1699935220\n|move|p1b: Garganacl|Protect|p1b: Garganacl\n|-singleturn|p1b: Garganacl|Protect\n|move|p2b: Flutter Mane|Shadow Ball|p1b: Garganacl\n|-activate|p1b: Garganacl|move: Protect\n|\n|upkeep\n|turn|19\n|\n|t:|1699935223\n|move|p2b: Flutter Mane|Shadow Ball|p1b: Garganacl\n|-supereffective|p1b: Garganacl\n|-damage|p1b: Garganacl|23\/100\n|move|p1b: Garganacl|Salt Cure|p2b: Flutter Mane\n|-crit|p2b: Flutter Mane\n|-damage|p2b: Flutter Mane|0 fnt\n|faint|p2b: Flutter Mane\n|-end|p2b: Flutter Mane|Protosynthesis|[silent]\n|\n|win|Kzrkrzov\n|raw|Kzrkrzov's rating: 1210 &rarr; <strong>1239<\/strong><br \/>(+29 for winning)\n|raw|Dr Scoob's rating: 1264 &rarr; <strong>1235<\/strong><br \/>(-29 for losing)\n","uploadtime":1699935227,"views":8,"p1id":"kzrkrzov","p2id":"drscoob","formatid":"gen9vgc2023regulatione","rating":1235,"private":0,"password":""}