{"id":"gen9vgc2023regulatione-1999871221","p1":"Vengeful potato","p2":"lorylagg","format":"[Gen 9] VGC 2023 Regulation E","log":"|j|\u2606Vengeful potato\n|j|\u2606lorylagg\n|t:|1701124795\n|gametype|doubles\n|player|p1|Vengeful potato|swimmer|1477\n|player|p2|lorylagg|unknownf|1527\n|teamsize|p1|6\n|teamsize|p2|6\n|gen|9\n|tier|[Gen 9] VGC 2023 Regulation E\n|rated|\n|rule|Species Clause: Limit one of each Pok\u00e9mon\n|rule|Item Clause: Limit one of each item\n|clearpoke\n|poke|p1|Articuno-Galar, L50|\n|poke|p1|Maushold, L50|\n|poke|p1|Chandelure, L50, F|\n|poke|p1|Breloom, L50, M|\n|poke|p1|Samurott-Hisui, L50, M|\n|poke|p1|Klefki, L50, F|\n|poke|p2|Urshifu-*, L50, F|\n|poke|p2|Arcanine-Hisui, L50, F|\n|poke|p2|Gholdengo, L50|\n|poke|p2|Tornadus, L50, M|\n|poke|p2|Rillaboom, L50, F|\n|poke|p2|Flutter Mane, L50|\n|teampreview|4\nlorylagg has agreed to open team sheets.\nVengeful potato has agreed to open team sheets.\n|inactive|Battle timer is ON: inactive players will automatically lose when time's up. (requested by Vengeful potato)\n|\n|t:|1701124939\n|start\n|switch|p1a: The Rizzler\ud83d\ude31\ud83d\udcaf\ud83d\udde3\ufe0f|Articuno-Galar, L50, shiny|100\/100\n|switch|p1b: Despereaux|Maushold, L50, shiny|100\/100\n|switch|p2a: Urs4lun4-Bloodmoon|Gholdengo, L50|100\/100\n|switch|p2b: Tornadus|Tornadus, L50, M|100\/100\n|turn|1\n|\n|t:|1701124954\n|switch|p2b: Rillaboom|Rillaboom, L50, F|100\/100\n|-fieldstart|move: Grassy Terrain|[from] ability: Grassy Surge|[of] p2b: Rillaboom\n|move|p1b: Despereaux|Follow Me|p1b: Despereaux\n|-singleturn|p1b: Despereaux|move: Follow Me\n|move|p2a: Urs4lun4-Bloodmoon|Make It Rain|p1a: The Rizzler\ud83d\ude31\ud83d\udcaf\ud83d\udde3\ufe0f|[spread] p1a,p1b\n|-damage|p1a: The Rizzler\ud83d\ude31\ud83d\udcaf\ud83d\udde3\ufe0f|54\/100\n|-damage|p1b: Despereaux|20\/100\n|-unboost|p2a: Urs4lun4-Bloodmoon|spa|1\n|move|p1a: The Rizzler\ud83d\ude31\ud83d\udcaf\ud83d\udde3\ufe0f|Trick Room|p1a: The Rizzler\ud83d\ude31\ud83d\udcaf\ud83d\udde3\ufe0f\n|-fieldstart|move: Trick Room|[of] p1a: The Rizzler\ud83d\ude31\ud83d\udcaf\ud83d\udde3\ufe0f\n|\n|-heal|p1b: Despereaux|26\/100|[from] Grassy Terrain\n|upkeep\n|turn|2\n|inactive|lorylagg has 30 seconds left.\n|\n|t:|1701124980\n|switch|p2a: Tornadus|Tornadus, L50, M|100\/100\n|move|p2b: Rillaboom|Fake Out|p1a: The Rizzler\ud83d\ude31\ud83d\udcaf\ud83d\udde3\ufe0f\n|-damage|p1a: The Rizzler\ud83d\ude31\ud83d\udcaf\ud83d\udde3\ufe0f|45\/100\n|move|p1a: The Rizzler\ud83d\ude31\ud83d\udcaf\ud83d\udde3\ufe0f|Air Slash|p2b: Rillaboom\n|-supereffective|p2b: Rillaboom\n|-damage|p2b: Rillaboom|45\/100\n|move|p1b: Despereaux|Super Fang|p2b: Rillaboom\n|-damage|p2b: Rillaboom|23\/100\n|\n|-heal|p2b: Rillaboom|29\/100|[from] Grassy Terrain\n|-heal|p1b: Despereaux|32\/100|[from] Grassy Terrain\n|upkeep\n|turn|3\n|\n|t:|1701124992\n|switch|p2b: Urs4lun4-Bloodmoon|Gholdengo, L50|100\/100\n|move|p2a: Tornadus|Protect|p2a: Tornadus\n|-singleturn|p2a: Tornadus|Protect\n|move|p1a: The Rizzler\ud83d\ude31\ud83d\udcaf\ud83d\udde3\ufe0f|Freezing Glare|p2b: Urs4lun4-Bloodmoon\n|-resisted|p2b: Urs4lun4-Bloodmoon\n|-damage|p2b: Urs4lun4-Bloodmoon|80\/100\n|move|p1b: Despereaux|Super Fang|p2a: Tornadus\n|-activate|p2a: Tornadus|move: Protect\n|\n|-heal|p1b: Despereaux|38\/100|[from] Grassy Terrain\n|-heal|p2b: Urs4lun4-Bloodmoon|86\/100|[from] Grassy Terrain\n|upkeep\n|turn|4\n|inactive|Vengeful potato has 30 seconds left.\n|inactive|lorylagg has 30 seconds left.\n|\n|t:|1701125028\n|switch|p2a: Rillaboom|Rillaboom, L50, F|29\/100\n|-terastallize|p1a: The Rizzler\ud83d\ude31\ud83d\udcaf\ud83d\udde3\ufe0f|Steel\n|-terastallize|p2b: Urs4lun4-Bloodmoon|Steel\n|move|p1a: The Rizzler\ud83d\ude31\ud83d\udcaf\ud83d\udde3\ufe0f|Air Slash|p2b: Urs4lun4-Bloodmoon\n|-resisted|p2b: Urs4lun4-Bloodmoon\n|-damage|p2b: Urs4lun4-Bloodmoon|66\/100\n|move|p1b: Despereaux|Taunt|p2a: Rillaboom\n|-start|p2a: Rillaboom|move: Taunt\n|cant|p2b: Urs4lun4-Bloodmoon|flinch\n|\n|-heal|p2a: Rillaboom|35\/100|[from] Grassy Terrain\n|-heal|p1a: The Rizzler\ud83d\ude31\ud83d\udcaf\ud83d\udde3\ufe0f|51\/100|[from] Grassy Terrain\n|-heal|p1b: Despereaux|45\/100|[from] Grassy Terrain\n|-heal|p2b: Urs4lun4-Bloodmoon|72\/100|[from] Grassy Terrain\n|upkeep\n|turn|5\n|inactive|Vengeful potato has 30 seconds left.\n|\n|t:|1701125053\n|switch|p2b: Tornadus|Tornadus, L50, M|100\/100\n|move|p1b: Despereaux|Follow Me|p1b: Despereaux\n|-singleturn|p1b: Despereaux|move: Follow Me\n|move|p2a: Rillaboom|High Horsepower|p1b: Despereaux\n|-damage|p1b: Despereaux|10\/100\n|-damage|p2a: Rillaboom|19\/100|[from] item: Rocky Helmet|[of] p1b: Despereaux\n|move|p1a: The Rizzler\ud83d\ude31\ud83d\udcaf\ud83d\udde3\ufe0f|Tailwind|p1a: The Rizzler\ud83d\ude31\ud83d\udcaf\ud83d\udde3\ufe0f\n|-sidestart|p1: Vengeful potato|move: Tailwind\n|\n|-heal|p2a: Rillaboom|25\/100|[from] Grassy Terrain\n|-heal|p1a: The Rizzler\ud83d\ude31\ud83d\udcaf\ud83d\udde3\ufe0f|57\/100|[from] Grassy Terrain\n|-heal|p1b: Despereaux|16\/100|[from] Grassy Terrain\n|-fieldend|move: Trick Room\n|-fieldend|move: Grassy Terrain\n|upkeep\n|turn|6\n|inactive|lorylagg has 30 seconds left.\n|inactive|Vengeful potato has 30 seconds left.\n|\n|t:|1701125086\n|switch|p1b: Chandelure|Chandelure, L50, F|100\/100\n|move|p2b: Tornadus|Tailwind|p2b: Tornadus\n|-sidestart|p2: lorylagg|move: Tailwind\n|move|p2a: Rillaboom|High Horsepower|p1a: The Rizzler\ud83d\ude31\ud83d\udcaf\ud83d\udde3\ufe0f\n|-supereffective|p1a: The Rizzler\ud83d\ude31\ud83d\udcaf\ud83d\udde3\ufe0f\n|-damage|p1a: The Rizzler\ud83d\ude31\ud83d\udcaf\ud83d\udde3\ufe0f|0 fnt\n|faint|p1a: The Rizzler\ud83d\ude31\ud83d\udcaf\ud83d\udde3\ufe0f\n|\n|-end|p2a: Rillaboom|move: Taunt\n|upkeep\n|\n|t:|1701125091\n|switch|p1a: Breloom|Breloom, L50, M|100\/100\n|turn|7\n|\n|t:|1701125105\n|switch|p1a: Despereaux|Maushold, L50, shiny|16\/100\n|move|p2b: Tornadus|Rain Dance|p2b: Tornadus\n|-weather|RainDance\n|move|p2a: Rillaboom|High Horsepower|p1b: Chandelure\n|-supereffective|p1b: Chandelure\n|-damage|p1b: Chandelure|41\/100\n|move|p1b: Chandelure|Heat Wave|p2a: Rillaboom|[spread] p2a,p2b\n|-supereffective|p2a: Rillaboom\n|-damage|p2a: Rillaboom|0 fnt\n|-damage|p2b: Tornadus|77\/100\n|faint|p2a: Rillaboom\n|\n|-weather|RainDance|[upkeep]\n|upkeep\n|\n|t:|1701125113\n|switch|p2a: Urs4lun4-Bloodmoon|Gholdengo, L50, tera:Steel|72\/100\n|turn|8\n|\n|t:|1701125134\n|move|p2b: Tornadus|Bleakwind Storm|p1b: Chandelure|[spread] p1a,p1b\n|-damage|p1a: Despereaux|0 fnt\n|-damage|p1b: Chandelure|11\/100\n|faint|p1a: Despereaux\n|move|p2a: Urs4lun4-Bloodmoon|Make It Rain|p1b: Chandelure\n|-resisted|p1b: Chandelure\n|-damage|p1b: Chandelure|0 fnt\n|-unboost|p2a: Urs4lun4-Bloodmoon|spa|1\n|faint|p1b: Chandelure\n|\n|-weather|RainDance|[upkeep]\n|-sideend|p1: Vengeful potato|move: Tailwind\n|upkeep\n|\n|t:|1701125139\n|switch|p1b: Breloom|Breloom, L50, M|100\/100\n|turn|9\n|\n|t:|1701125148\n|move|p1b: Breloom|Mach Punch|p2a: Urs4lun4-Bloodmoon\n|-supereffective|p2a: Urs4lun4-Bloodmoon\n|-damage|p2a: Urs4lun4-Bloodmoon|12\/100\n|move|p2b: Tornadus|Bleakwind Storm|p1b: Breloom\n|-supereffective|p1b: Breloom\n|-damage|p1b: Breloom|0 fnt\n|faint|p1b: Breloom\n|\n|win|lorylagg\n|raw|Vengeful potato's rating: 1477 &rarr; <strong>1460<\/strong><br \/>(-17 for losing)\n|raw|lorylagg's rating: 1527 &rarr; <strong>1544<\/strong><br \/>(+17 for winning)\n|c|\u2606Vengeful potato|Gg\n|l|\u2606Vengeful potato\n","uploadtime":1701125155,"views":7,"p1id":"vengefulpotato","p2id":"lorylagg","formatid":"gen9vgc2023regulatione","rating":1460,"private":0,"password":""}