{"id":"gen9vgc2023regulatione-1992261465","p1":"Hammy19","p2":"w0wells","format":"[Gen 9] VGC 2023 Regulation E","log":"|j|\u2606Hammy19\n|j|\u2606w0wells\n|t:|1700168711\n|gametype|doubles\n|player|p1|Hammy19|steven|1334\n|player|p2|w0wells|cyclist|1399\n|teamsize|p1|6\n|teamsize|p2|6\n|gen|9\n|tier|[Gen 9] VGC 2023 Regulation E\n|rated|\n|rule|Species Clause: Limit one of each Pok\u00e9mon\n|rule|Item Clause: Limit one of each item\n|clearpoke\n|poke|p1|Gholdengo, L50|\n|poke|p1|Iron Hands, L50|\n|poke|p1|Amoonguss, L50, F|\n|poke|p1|Iron Bundle, L50|\n|poke|p1|Pelipper, L50, M|\n|poke|p1|Salamence, L50, F|\n|poke|p2|Ceruledge, L50, M|\n|poke|p2|Gastrodon-East, L50, F|\n|poke|p2|Rillaboom, L50, M|\n|poke|p2|Tyranitar, L50, F|\n|poke|p2|Clefairy, L50, M|\n|poke|p2|Farigiraf, L50, F|\n|teampreview|4\nw0wells has agreed to open team sheets.\n|inactive|Battle timer is ON: inactive players will automatically lose when time's up. (requested by Hammy19)\n|\n|t:|1700168739\n|start\n|switch|p1a: Salamence|Salamence, L50, F|100\/100\n|switch|p1b: Gholdengo|Gholdengo, L50|100\/100\n|switch|p2a: Rillaboom|Rillaboom, L50, M|100\/100\n|switch|p2b: Farigiraf|Farigiraf, L50, F|100\/100\n|-ability|p1a: Salamence|Intimidate|boost\n|-unboost|p2a: Rillaboom|atk|1\n|-unboost|p2b: Farigiraf|atk|1\n|-fieldstart|move: Grassy Terrain|[from] ability: Grassy Surge|[of] p2a: Rillaboom\n|turn|1\n|\n|t:|1700168764\n|switch|p2a: Tyranitar|Tyranitar, L50, F|100\/100\n|-weather|Sandstorm|[from] ability: Sand Stream|[of] p2a: Tyranitar\n|move|p1a: Salamence|Air Slash|p2a: Tyranitar\n|-resisted|p2a: Tyranitar\n|-damage|p2a: Tyranitar|88\/100\n|move|p1b: Gholdengo|Nasty Plot|p1b: Gholdengo\n|-boost|p1b: Gholdengo|spa|2\n|move|p2b: Farigiraf|Trick Room|p2b: Farigiraf\n|-fieldstart|move: Trick Room|[of] p2b: Farigiraf\n|\n|-weather|Sandstorm|[upkeep]\n|-damage|p1a: Salamence|95\/100|[from] Sandstorm\n|-heal|p2a: Tyranitar|94\/100|[from] Grassy Terrain\n|upkeep\n|turn|2\n|inactive|Hammy19 has 30 seconds left.\n|inactive|w0wells has 30 seconds left.\n|\n|t:|1700168792\n|switch|p1a: Pelipper|Pelipper, L50, M|100\/100\n|-weather|RainDance|[from] ability: Drizzle|[of] p1a: Pelipper\n|-terastallize|p1b: Gholdengo|Dragon\n|move|p2b: Farigiraf|Nasty Plot|p2b: Farigiraf\n|-boost|p2b: Farigiraf|spa|2\n|move|p2a: Tyranitar|Knock Off|p1b: Gholdengo\n|-damage|p1b: Gholdengo|52\/100\n|-enditem|p1b: Gholdengo|Leftovers|[from] move: Knock Off|[of] p2a: Tyranitar\n|move|p1b: Gholdengo|Nasty Plot|p1b: Gholdengo\n|-boost|p1b: Gholdengo|spa|2\n|\n|-weather|RainDance|[upkeep]\n|-heal|p2a: Tyranitar|100\/100|[from] Grassy Terrain\n|-heal|p1b: Gholdengo|58\/100|[from] Grassy Terrain\n|upkeep\n|turn|3\n|inactive|w0wells has 30 seconds left.\n|inactive|w0wells has 20 seconds left.\n|\n|t:|1700168828\n|switch|p2a: Gastrodon|Gastrodon-East, L50, F|100\/100\n|move|p2b: Farigiraf|Psychic|p1b: Gholdengo\n|-damage|p1b: Gholdengo|0 fnt\n|faint|p1b: Gholdengo\n|move|p1a: Pelipper|Weather Ball|p2a: Gastrodon\n|-ability|p2a: Gastrodon|Storm Drain|boost\n|-boost|p2a: Gastrodon|spa|1\n|\n|-weather|RainDance|[upkeep]\n|upkeep\n|\n|t:|1700168835\n|switch|p1b: Iron Bundle|Iron Bundle, L50|100\/100\n|-enditem|p1b: Iron Bundle|Booster Energy\n|-activate|p1b: Iron Bundle|ability: Quark Drive|[fromitem]\n|-start|p1b: Iron Bundle|quarkdrivespe\n|turn|4\n|\n|t:|1700168853\n|-terastallize|p2a: Gastrodon|Fire\n|move|p1a: Pelipper|Protect|p1a: Pelipper\n|-singleturn|p1a: Pelipper|Protect\n|move|p1b: Iron Bundle|Protect|p1b: Iron Bundle\n|-singleturn|p1b: Iron Bundle|Protect\n|move|p2a: Gastrodon|Earth Power|p1b: Iron Bundle\n|-activate|p1b: Iron Bundle|move: Protect\n|move|p2b: Farigiraf|Psychic|p1a: Pelipper\n|-activate|p1a: Pelipper|move: Protect\n|\n|-weather|RainDance|[upkeep]\n|upkeep\n|turn|5\n|inactive|Hammy19 has 30 seconds left.\n|inactive|w0wells has 30 seconds left.\n|\n|t:|1700168886\n|-end|p1b: Iron Bundle|Quark Drive|[silent]\n|switch|p1b: Salamence|Salamence, L50, F|95\/100\n|-ability|p1b: Salamence|Intimidate|boost\n|-unboost|p2a: Gastrodon|atk|1\n|-unboost|p2b: Farigiraf|atk|1\n|move|p2a: Gastrodon|Ice Beam|p1a: Pelipper\n|-crit|p1a: Pelipper\n|-enditem|p1a: Pelipper|Focus Sash\n|-damage|p1a: Pelipper|1\/100\n|-damage|p2a: Gastrodon|91\/100|[from] item: Life Orb\n|move|p2b: Farigiraf|Hyper Voice|p1b: Salamence|[spread] p1a,p1b\n|-damage|p1a: Pelipper|0 fnt\n|-damage|p1b: Salamence|16\/100\n|faint|p1a: Pelipper\n|\n|-weather|RainDance|[upkeep]\n|-heal|p2a: Gastrodon|97\/100|[from] Grassy Terrain\n|-fieldend|move: Trick Room\n|-fieldend|move: Grassy Terrain\n|upkeep\n|\n|t:|1700168898\n|switch|p1a: Iron Bundle|Iron Bundle, L50|100\/100\n|turn|6\n|\n|t:|1700168914\n|move|p1b: Salamence|Hurricane|p2a: Gastrodon\n|-damage|p2a: Gastrodon|44\/100\n|move|p1a: Iron Bundle|Icy Wind|p2b: Farigiraf|[spread] p2a,p2b\n|-resisted|p2a: Gastrodon\n|-damage|p2a: Gastrodon|35\/100\n|-damage|p2b: Farigiraf|82\/100\n|-unboost|p2a: Gastrodon|spe|1\n|-unboost|p2b: Farigiraf|spe|1\n|move|p2b: Farigiraf|Hyper Voice|p1a: Iron Bundle|[spread] p1a,p1b\n|-damage|p1a: Iron Bundle|10\/100\n|-damage|p1b: Salamence|0 fnt\n|faint|p1b: Salamence\n|move|p2a: Gastrodon|Earth Power|p1a: Iron Bundle\n|-damage|p1a: Iron Bundle|0 fnt\n|faint|p1a: Iron Bundle\n|-end|p1a: Iron Bundle|Quark Drive|[silent]\n|-damage|p2a: Gastrodon|25\/100|[from] item: Life Orb\n|\n|win|w0wells\n|raw|Hammy19's rating: 1334 &rarr; <strong>1318<\/strong><br \/>(-16 for losing)\n|raw|w0wells's rating: 1399 &rarr; <strong>1415<\/strong><br \/>(+16 for winning)\n|l|\u2606Hammy19\n|l|\u2606w0wells\n|j|\u2606w0wells\n|player|p2|w0wells|cyclist\n","uploadtime":1700169085,"views":18,"p1id":"hammy19","p2id":"w0wells","formatid":"gen9vgc2023regulatione","rating":1318,"private":0,"password":""}