{"id":"gen9vgc2023regulatione-1995614784","p1":"luk29powavgcwp","p2":"Ninethousand1","format":"[Gen 9] VGC 2023 Regulation E","log":"|j|\u2606luk29powavgcwp\n|j|\u2606Ninethousand1\n|t:|1700587668\n|gametype|doubles\n|player|p1|luk29powavgcwp|2|1146\n|player|p2|Ninethousand1|cynthia|1073\n|teamsize|p1|6\n|teamsize|p2|6\n|gen|9\n|tier|[Gen 9] VGC 2023 Regulation E\n|rated|\n|rule|Species Clause: Limit one of each Pok\u00e9mon\n|rule|Item Clause: Limit one of each item\n|clearpoke\n|poke|p1|Tornadus, L50, M|\n|poke|p1|Arcanine-Hisui, L50, M|\n|poke|p1|Iron Hands, L50|\n|poke|p1|Gholdengo, L50|\n|poke|p1|Urshifu-*, L50, M|\n|poke|p1|Ogerpon-Wellspring, L50, F|\n|poke|p2|Annihilape, L50, M|\n|poke|p2|Maushold-Four, L50|\n|poke|p2|Flutter Mane, L50|\n|poke|p2|Landorus, L50, M|\n|poke|p2|Tornadus, L50, M|\n|poke|p2|Roaring Moon, L50|\n|teampreview|4\n|inactive|Battle timer is ON: inactive players will automatically lose when time's up. (requested by Ninethousand1)\nNinethousand1 has agreed to open team sheets.\n|inactive|luk29powavgcwp has 60 seconds left.\n|inactive|luk29powavgcwp has 30 seconds left.\n|inactive|luk29powavgcwp has 20 seconds left.\n|\n|t:|1700587742\n|start\n|switch|p1a: Iron Hands|Iron Hands, L50|100\/100\n|switch|p1b: Ogerpon|Ogerpon-Wellspring, L50, F|100\/100\n|switch|p2a: Annihilape|Annihilape, L50, M|100\/100\n|switch|p2b: Maushold|Maushold-Four, L50|100\/100\n|turn|1\n|\n|t:|1700587765\n|move|p2b: Maushold|Beat Up|p2a: Annihilape\n|-damage|p2a: Annihilape|98\/100\n|-damage|p2a: Annihilape|96\/100\n|-damage|p2a: Annihilape|94\/100\n|-damage|p2a: Annihilape|91\/100\n|-hitcount|p2a: Annihilape|4\n|move|p1b: Ogerpon|Ivy Cudgel|p2b: Maushold|[anim] Ivy Cudgel Water\n|-damage|p2b: Maushold|28\/100\n|-enditem|p2b: Maushold|Sitrus Berry|[eat]\n|-heal|p2b: Maushold|52\/100|[from] item: Sitrus Berry\n|move|p2a: Annihilape|Bulk Up|p2a: Annihilape\n|-boost|p2a: Annihilape|atk|1\n|-boost|p2a: Annihilape|def|1\n|move|p1a: Iron Hands|Drain Punch|p2b: Maushold\n|-supereffective|p2b: Maushold\n|-damage|p2b: Maushold|0 fnt\n|faint|p2b: Maushold\n|\n|-heal|p2a: Annihilape|97\/100|[from] item: Leftovers\n|upkeep\n|\n|t:|1700587784\n|switch|p2b: Landorus|Landorus, L50, M|100\/100\n|turn|2\n|inactive|luk29powavgcwp has 30 seconds left.\n|\n|t:|1700587809\n|move|p2b: Landorus|Sandsear Storm|p1a: Iron Hands|[spread] p1a,p1b\n|-supereffective|p1a: Iron Hands\n|-resisted|p1b: Ogerpon\n|-damage|p1a: Iron Hands|42\/100\n|-damage|p1b: Ogerpon|71\/100\n|move|p1b: Ogerpon|Ivy Cudgel|p2a: Annihilape|[anim] Ivy Cudgel Water\n|-damage|p2a: Annihilape|60\/100\n|move|p2a: Annihilape|Rage Fist|p1b: Ogerpon\n|-damage|p1b: Ogerpon|0 fnt\n|faint|p1b: Ogerpon\n|move|p1a: Iron Hands|Wild Charge|p2a: Annihilape\n|-damage|p2a: Annihilape|25\/100\n|-damage|p1a: Iron Hands|35\/100|[from] Recoil\n|\n|-heal|p2a: Annihilape|31\/100|[from] item: Leftovers\n|upkeep\n|inactive|luk29powavgcwp has 30 seconds left.\n|\n|t:|1700587835\n|switch|p1b: Urshifu|Urshifu-Rapid-Strike, L50, M|100\/100\n|turn|3\n|\n|t:|1700587854\n|-end|p1a: Iron Hands|Quark Drive|[silent]\n|switch|p1a: Arcanine|Arcanine-Hisui, L50, M|100\/100\n|-ability|p1a: Arcanine|Intimidate|boost\n|-unboost|p2a: Annihilape|atk|1\n|-ability|p2a: Annihilape|Defiant|boost\n|-boost|p2a: Annihilape|atk|2\n|-unboost|p2b: Landorus|atk|1\n|-terastallize|p1b: Urshifu|Water\n|move|p1b: Urshifu|Surging Strikes|p2a: Annihilape\n|-crit|p2a: Annihilape\n|-damage|p2a: Annihilape|4\/100\n|-crit|p2a: Annihilape\n|-damage|p2a: Annihilape|0 fnt\n|faint|p2a: Annihilape\n|-hitcount|p2: Annihilape|2\n|move|p2b: Landorus|Sandsear Storm|p1b: Urshifu|[spread] p1b\n|-miss|p2b: Landorus|p1a: Arcanine\n|-damage|p1b: Urshifu|12\/100\n|\n|upkeep\n|\n|t:|1700587870\n|switch|p2a: Roaring Moon|Roaring Moon, L50|100\/100\n|-enditem|p2a: Roaring Moon|Booster Energy\n|-activate|p2a: Roaring Moon|ability: Protosynthesis|[fromitem]\n|-start|p2a: Roaring Moon|protosynthesisatk\n|turn|4\n|\n|t:|1700587889\n|move|p1b: Urshifu|Surging Strikes|p2b: Landorus\n|-supereffective|p2b: Landorus\n|-crit|p2b: Landorus\n|-damage|p2b: Landorus|35\/100\n|-supereffective|p2b: Landorus\n|-crit|p2b: Landorus\n|-damage|p2b: Landorus|0 fnt\n|faint|p2b: Landorus\n|-hitcount|p2: Landorus|2\n|move|p2a: Roaring Moon|Rock Slide|p1a: Arcanine|[spread] p1a,p1b\n|-supereffective|p1a: Arcanine\n|-crit|p1a: Arcanine\n|-damage|p1a: Arcanine|4\/100\n|-damage|p1b: Urshifu|0 fnt\n|faint|p1b: Urshifu\n|move|p1a: Arcanine|Rock Slide|p2a: Roaring Moon\n|-damage|p2a: Roaring Moon|25\/100\n|\n|upkeep\n|\n|t:|1700587904\n|switch|p1b: Iron Hands|Iron Hands, L50|35\/100\n|turn|5\n|\n|t:|1700587909\n|move|p1b: Iron Hands|Fake Out|p2a: Roaring Moon\n|-damage|p2a: Roaring Moon|5\/100\n|cant|p2a: Roaring Moon|flinch\n|move|p1a: Arcanine|Rock Slide|p2a: Roaring Moon\n|-damage|p2a: Roaring Moon|0 fnt\n|faint|p2a: Roaring Moon\n|-end|p2a: Roaring Moon|Protosynthesis|[silent]\n|\n|win|luk29powavgcwp\n|raw|luk29powavgcwp's rating: 1146 &rarr; <strong>1166<\/strong><br \/>(+20 for winning)\n|raw|Ninethousand1's rating: 1073 &rarr; <strong>1056<\/strong><br \/>(-17 for losing)\n|l|\u2606Ninethousand1\n","uploadtime":1700587930,"views":1,"p1id":"luk29powavgcwp","p2id":"ninethousand1","formatid":"gen9vgc2023regulatione","rating":1056,"private":0,"password":""}