{"id":"gen9vgc2023regulatione-1995629601","p1":"Dr0FPS","p2":"tomcheung22","format":"[Gen 9] VGC 2023 Regulation E","log":"|j|\u2606Dr0FPS\n|j|\u2606tomcheung22\n|n|\u2606Dr0FPS|dr0fps\n|n|\u2606tomcheung22|tomcheung22\n|html|View the match progress at <a href=\"\/game-bestof3-gen9vgc2023regulatione-1995629599\">game-bestof3-gen9vgc2023regulatione-1995629599<\/a>\n|t:|1700588967\n|gametype|doubles\n|player|p1|Dr0FPS|nate|\n|player|p2|tomcheung22|lady-gen4|\n|teamsize|p1|6\n|teamsize|p2|6\n|gen|9\n|tier|[Gen 9] VGC 2023 Regulation E\n|rated|Tournament battle\n|rule|Species Clause: Limit one of each Pok\u00e9mon\n|rule|Item Clause: Limit one of each item\n|clearpoke\n|poke|p1|Kommo-o, L50, F|\n|poke|p1|Tyranitar, L50, F|\n|poke|p1|Rillaboom, L50, M|\n|poke|p1|Flutter Mane, L50|\n|poke|p1|Arcanine-Hisui, L50, F|\n|poke|p1|Iron Bundle, L50|\n|poke|p2|Gliscor, L50, F|\n|poke|p2|Empoleon, L50, F|\n|poke|p2|Iron Moth, L50|\n|poke|p2|Flutter Mane, L50|\n|poke|p2|Thundurus, L50, M|\n|poke|p2|Ogerpon-Wellspring, L50, F|\n|teampreview|4\n|showteam|p1|Kommo-o||Leftovers|Bulletproof|BodyPress,IronDefense,IronHead,Protect|||F|||50|,,,,,Steel]Tyranitar||AssaultVest|SandStream|KnockOff,RockSlide,LowKick,TeraBlast|||F|||50|,,,,,Psychic]Rillaboom||MiracleSeed|GrassySurge|FakeOut,WoodHammer,GrassyGlide,Taunt|||M|||50|,,,,,Grass]Flutter Mane||ChoiceSpecs|Protosynthesis|DazzlingGleam,Moonblast,ShadowBall,TrickRoom||||||50|,,,,,Fairy]Arcanine-Hisui||SitrusBerry|Intimidate|FlareBlitz,RockSlide,Howl,WillOWisp|||F|||50|,,,,,Water]Iron Bundle||BoosterEnergy|QuarkDrive|FreezeDry,IcyWind,HydroPump,Protect||||||50|,,,,,Ghost\n|showteam|p2|Gliscor||ToxicOrb|PoisonHeal|DualWingbeat,HighHorsepower,SwordsDance,Protect|||F|||50|,,,,,Dragon]Empoleon||SitrusBerry|Competitive|WaterPledge,FlashCannon,IcyWind,Protect|||F|||50|,,,,,Fairy]Iron Moth||BoosterEnergy|QuarkDrive|Overheat,HeatWave,AcidSpray,Protect||||||50|,,,,,Fire]Flutter Mane||FairyFeather|Protosynthesis|DazzlingGleam,Moonblast,CalmMind,Protect||||||50|,,,,,Fairy]Thundurus||CovertCloak|Prankster|Thunderbolt,ScaryFace,Snarl,ElectricTerrain|||M|||50|,,,,,Dragon]Ogerpon-Wellspring||WellspringMask|WaterAbsorb|IvyCudgel,HornLeech,SwordsDance,SpikyShield|||F|||50|,,,,,Water\n|\n|t:|1700588998\n|start\n|switch|p1a: Rillaboom|Rillaboom, L50, M|100\/100\n|switch|p1b: Iron Bundle|Iron Bundle, L50|100\/100\n|switch|p2a: Iron Moth|Iron Moth, L50|100\/100\n|switch|p2b: Empoleon|Empoleon, L50, F|100\/100\n|-fieldstart|move: Grassy Terrain|[from] ability: Grassy Surge|[of] p1a: Rillaboom\n|-enditem|p1b: Iron Bundle|Booster Energy\n|-activate|p1b: Iron Bundle|ability: Quark Drive|[fromitem]\n|-start|p1b: Iron Bundle|quarkdrivespe\n|-enditem|p2a: Iron Moth|Booster Energy\n|-activate|p2a: Iron Moth|ability: Quark Drive|[fromitem]\n|-start|p2a: Iron Moth|quarkdrivespe\n|turn|1\n|\n|t:|1700589020\n|-end|p2a: Iron Moth|Quark Drive|[silent]\n|switch|p2a: Ogerpon|Ogerpon-Wellspring, L50, F|100\/100\n|move|p1a: Rillaboom|Fake Out|p2a: Ogerpon\n|-damage|p2a: Ogerpon|82\/100\n|move|p1b: Iron Bundle|Hydro Pump|p2a: Ogerpon\n|-heal|p2a: Ogerpon|100\/100|[from] ability: Water Absorb|[of] p1b: Iron Bundle\n|move|p2b: Empoleon|Icy Wind|p1a: Rillaboom|[spread] p1a,p1b\n|-supereffective|p1a: Rillaboom\n|-resisted|p1b: Iron Bundle\n|-damage|p1a: Rillaboom|75\/100\n|-damage|p1b: Iron Bundle|96\/100\n|-unboost|p1a: Rillaboom|spe|1\n|-unboost|p1b: Iron Bundle|spe|1\n|\n|-heal|p1b: Iron Bundle|100\/100|[from] Grassy Terrain\n|-heal|p1a: Rillaboom|81\/100|[from] Grassy Terrain\n|upkeep\n|turn|2\n|\n|t:|1700589040\n|switch|p2a: Iron Moth|Iron Moth, L50|100\/100\n|move|p1a: Rillaboom|Grassy Glide|p2b: Empoleon\n|-damage|p2b: Empoleon|64\/100\n|move|p1b: Iron Bundle|Freeze-Dry|p2a: Iron Moth\n|-resisted|p2a: Iron Moth\n|-damage|p2a: Iron Moth|82\/100\n|move|p2b: Empoleon|Icy Wind|p1b: Iron Bundle|[spread] p1a,p1b\n|-supereffective|p1a: Rillaboom\n|-resisted|p1b: Iron Bundle\n|-damage|p1a: Rillaboom|54\/100\n|-damage|p1b: Iron Bundle|96\/100\n|-unboost|p1a: Rillaboom|spe|1\n|-unboost|p1b: Iron Bundle|spe|1\n|\n|-heal|p2a: Iron Moth|88\/100|[from] Grassy Terrain\n|-heal|p1b: Iron Bundle|100\/100|[from] Grassy Terrain\n|-heal|p2b: Empoleon|69\/100|[from] Grassy Terrain\n|-heal|p1a: Rillaboom|60\/100|[from] Grassy Terrain\n|upkeep\n|turn|3\n|\n|t:|1700589065\n|switch|p1a: Kommo-o|Kommo-o, L50, F|100\/100\n|-terastallize|p2a: Iron Moth|Fire\n|move|p1b: Iron Bundle|Protect|p1b: Iron Bundle\n|-singleturn|p1b: Iron Bundle|Protect\n|move|p2a: Iron Moth|Heat Wave|p1b: Iron Bundle|[spread] p1a\n|-activate|p1b: Iron Bundle|move: Protect\n|-resisted|p1a: Kommo-o\n|-damage|p1a: Kommo-o|80\/100\n|move|p2b: Empoleon|Flash Cannon|p1b: Iron Bundle\n|-activate|p1b: Iron Bundle|move: Protect\n|\n|-heal|p2a: Iron Moth|93\/100|[from] Grassy Terrain\n|-heal|p1a: Kommo-o|86\/100|[from] Grassy Terrain\n|-heal|p1a: Kommo-o|92\/100|[from] item: Leftovers\n|-heal|p2b: Empoleon|75\/100|[from] Grassy Terrain\n|upkeep\n|turn|4\n|\n|t:|1700589085\n|-end|p1b: Iron Bundle|Quark Drive|[silent]\n|switch|p1b: Arcanine|Arcanine-Hisui, L50, F|100\/100\n|-ability|p1b: Arcanine|Intimidate|boost\n|-unboost|p2a: Iron Moth|atk|1\n|-unboost|p2b: Empoleon|atk|1\n|-ability|p2b: Empoleon|Competitive|boost\n|-boost|p2b: Empoleon|spa|2\n|move|p2a: Iron Moth|Overheat|p1b: Arcanine\n|-resisted|p1b: Arcanine\n|-damage|p1b: Arcanine|79\/100\n|-unboost|p2a: Iron Moth|spa|2\n|move|p1a: Kommo-o|Iron Defense|p1a: Kommo-o\n|-boost|p1a: Kommo-o|def|2\n|move|p2b: Empoleon|Icy Wind|p1b: Arcanine|[spread] p1a,p1b\n|-supereffective|p1a: Kommo-o\n|-resisted|p1b: Arcanine\n|-damage|p1a: Kommo-o|59\/100\n|-damage|p1b: Arcanine|69\/100\n|-unboost|p1a: Kommo-o|spe|1\n|-unboost|p1b: Arcanine|spe|1\n|\n|-heal|p2a: Iron Moth|99\/100|[from] Grassy Terrain\n|-heal|p1b: Arcanine|75\/100|[from] Grassy Terrain\n|-heal|p2b: Empoleon|81\/100|[from] Grassy Terrain\n|-heal|p1a: Kommo-o|65\/100|[from] Grassy Terrain\n|-heal|p1a: Kommo-o|71\/100|[from] item: Leftovers\n|upkeep\n|turn|5\n|\n|t:|1700589109\n|switch|p1b: Rillaboom|Rillaboom, L50, M|60\/100\n|move|p2a: Iron Moth|Overheat|p1a: Kommo-o\n|-resisted|p1a: Kommo-o\n|-damage|p1a: Kommo-o|52\/100\n|-unboost|p2a: Iron Moth|spa|2\n|move|p2b: Empoleon|Flash Cannon|p1a: Kommo-o\n|-damage|p1a: Kommo-o|0 fnt\n|faint|p1a: Kommo-o\n|\n|-heal|p2a: Iron Moth|100\/100|[from] Grassy Terrain\n|-heal|p1b: Rillaboom|66\/100|[from] Grassy Terrain\n|-heal|p2b: Empoleon|87\/100|[from] Grassy Terrain\n|-fieldend|move: Grassy Terrain\n|upkeep\n|\n|t:|1700589127\n|switch|p1a: Arcanine|Arcanine-Hisui, L50, F|75\/100\n|-ability|p1a: Arcanine|Intimidate|boost\n|-unboost|p2a: Iron Moth|atk|1\n|-unboost|p2b: Empoleon|atk|1\n|-ability|p2b: Empoleon|Competitive|boost\n|-boost|p2b: Empoleon|spa|2\n|turn|6\n|\n|t:|1700589136\n|-end|p2a: Iron Moth|Quark Drive|[silent]\n|switch|p2a: Gliscor|Gliscor, L50, F|100\/100\n|move|p1b: Rillaboom|Fake Out|p2a: Gliscor\n|-damage|p2a: Gliscor|88\/100\n|move|p1a: Arcanine|Rock Slide|p2b: Empoleon|[spread] p2b\n|-miss|p1a: Arcanine|p2a: Gliscor\n|-resisted|p2b: Empoleon\n|-damage|p2b: Empoleon|78\/100\n|move|p2b: Empoleon|Icy Wind|p1b: Rillaboom|[spread] p1a,p1b\n|-resisted|p1a: Arcanine\n|-supereffective|p1b: Rillaboom\n|-damage|p1a: Arcanine|58\/100\n|-damage|p1b: Rillaboom|0 fnt\n|-unboost|p1a: Arcanine|spe|1\n|faint|p1b: Rillaboom\n|\n|-status|p2a: Gliscor|tox|[from] item: Toxic Orb\n|upkeep\n|\n|t:|1700589139\n|switch|p1b: Iron Bundle|Iron Bundle, L50|100\/100\n|turn|7\n|\n|t:|1700589156\n|move|p2a: Gliscor|Protect|p2a: Gliscor\n|-singleturn|p2a: Gliscor|Protect\n|move|p1b: Iron Bundle|Icy Wind|p2b: Empoleon|[spread] p2b\n|-activate|p2a: Gliscor|move: Protect\n|-resisted|p2b: Empoleon\n|-damage|p2b: Empoleon|74\/100\n|-unboost|p2b: Empoleon|spe|1\n|-ability|p2b: Empoleon|Competitive|boost\n|-boost|p2b: Empoleon|spa|2\n|move|p1a: Arcanine|Flare Blitz|p2b: Empoleon\n|-damage|p2b: Empoleon|34\/100\n|-enditem|p2b: Empoleon|Sitrus Berry|[eat]\n|-heal|p2b: Empoleon|59\/100|[from] item: Sitrus Berry\n|-damage|p1a: Arcanine|45\/100|[from] Recoil\n|-enditem|p1a: Arcanine|Sitrus Berry|[eat]\n|-heal|p1a: Arcanine|70\/100|[from] item: Sitrus Berry\n|move|p2b: Empoleon|Flash Cannon|p1b: Iron Bundle\n|-damage|p1b: Iron Bundle|0 fnt\n|faint|p1b: Iron Bundle\n|-end|p1b: Iron Bundle|Quark Drive|[silent]\n|\n|-heal|p2a: Gliscor|99\/100 tox|[from] ability: Poison Heal\n|upkeep\n|turn|8\n|\n|t:|1700589176\n|-terastallize|p1a: Arcanine|Water\n|move|p2a: Gliscor|High Horsepower|p1a: Arcanine\n|-damage|p1a: Arcanine|32\/100\n|move|p1a: Arcanine|Flare Blitz|p2b: Empoleon\n|-damage|p2b: Empoleon|19\/100\n|-damage|p1a: Arcanine|20\/100|[from] Recoil\n|move|p2b: Empoleon|Water Pledge|p1a: Arcanine\n|-resisted|p1a: Arcanine\n|-damage|p1a: Arcanine|0 fnt\n|faint|p1a: Arcanine\n|\n|win|tomcheung22\n|c|&|\/uhtml prompt-dr0fps,Dr0FPS is ready for game 2!\n|c|&|\/uhtml prompt-tomcheung22,tomcheung22 is ready for game 2!\nBoth players are ready! Starting next match!\n|l|\u2606Dr0FPS\n","uploadtime":1700589191,"views":0,"p1id":"dr0fps","p2id":"tomcheung22","formatid":"gen9vgc2023regulatione","rating":0,"private":0,"password":""}