{"id":"gen9vgc2023regulatione-1992960497","p1":"gourdinhimer","p2":"Hisuian Hustler","format":"[Gen 9] VGC 2023 Regulation E","log":"|j|\u2606gourdinhimer\n|j|\u2606Hisuian Hustler\n|t:|1700250501\n|gametype|doubles\n|player|p1|gourdinhimer|102|1141\n|player|p2|Hisuian Hustler|marlon|1234\n|teamsize|p1|6\n|teamsize|p2|6\n|gen|9\n|tier|[Gen 9] VGC 2023 Regulation E\n|rated|\n|rule|Species Clause: Limit one of each Pok\u00e9mon\n|rule|Item Clause: Limit one of each item\n|clearpoke\n|poke|p1|Gholdengo, L50|\n|poke|p1|Spectrier, L50|\n|poke|p1|Ogerpon-Cornerstone, L50, F|\n|poke|p1|Iron Hands, L50|\n|poke|p1|Tornadus, L50, M|\n|poke|p1|Urshifu-*, L50, M|\n|poke|p2|Tornadus, L50, M|\n|poke|p2|Ogerpon-Cornerstone, L50, F|\n|poke|p2|Iron Hands, L50|\n|poke|p2|Clefairy, L50, F|\n|poke|p2|Gholdengo, L50|\n|poke|p2|Dragonite, L50, M|\n|teampreview|4\nHisuian Hustler has agreed to open team sheets.\n|c|\u2606Hisuian Hustler|Ayyyyyy our teams are similar\n|\n|t:|1700250571\n|start\n|switch|p1a: Urshifu|Urshifu-Rapid-Strike, L50, M|100\/100\n|switch|p1b: Spectrier|Spectrier, L50|100\/100\n|switch|p2a: Tornadus|Tornadus, L50, M|100\/100\n|switch|p2b: Ogerpon|Ogerpon-Cornerstone, L50, F|100\/100\n|turn|1\n|inactive|Battle timer is ON: inactive players will automatically lose when time's up. (requested by gourdinhimer)\n|inactive|gourdinhimer has 60 seconds left.\n|inactive|Hisuian Hustler has 60 seconds left.\n|\n|t:|1700250608\n|move|p2a: Tornadus|Tailwind|p2a: Tornadus\n|-sidestart|p2: Hisuian Hustler|move: Tailwind\n|move|p2b: Ogerpon|Horn Leech|p1a: Urshifu\n|-supereffective|p1a: Urshifu\n|-damage|p1a: Urshifu|7\/100\n|move|p1a: Urshifu|Close Combat|p2b: Ogerpon\n|-supereffective|p2b: Ogerpon\n|-ability|p2b: Ogerpon|Sturdy\n|-damage|p2b: Ogerpon|1\/100\n|-unboost|p1a: Urshifu|def|1\n|-unboost|p1a: Urshifu|spd|1\n|move|p1b: Spectrier|Shadow Ball|p2b: Ogerpon\n|-damage|p2b: Ogerpon|0 fnt\n|faint|p2b: Ogerpon\n|-ability|p1b: Spectrier|Grim Neigh|boost\n|-boost|p1b: Spectrier|spa|1\n|\n|upkeep\n|\n|t:|1700250626\n|switch|p2b: Gholdengoat|Gholdengo, L50, shiny|100\/100\n|turn|2\n|\n|t:|1700250649\n|switch|p1a: Ogerpon|Ogerpon-Cornerstone, L50, F|100\/100\n|-terastallize|p2b: Gholdengoat|Dragon\n|-terastallize|p1b: Spectrier|Fairy\n|move|p2a: Tornadus|Bleakwind Storm|p1b: Spectrier|[spread] p1b\n|-miss|p2a: Tornadus|p1a: Ogerpon\n|-damage|p1b: Spectrier|56\/100\n|move|p2b: Gholdengoat|Nasty Plot|p2b: Gholdengoat\n|-boost|p2b: Gholdengoat|spa|2\n|move|p1b: Spectrier|Shadow Ball|p2b: Gholdengoat\n|-damage|p2b: Gholdengoat|40\/100\n|\n|-heal|p2b: Gholdengoat|46\/100|[from] item: Leftovers\n|upkeep\n|turn|3\n|inactive|gourdinhimer has 30 seconds left.\n|inactive|Hisuian Hustler has 30 seconds left.\n|inactive|gourdinhimer has 20 seconds left.\n|inactive|gourdinhimer has 15 seconds left.\n|\n|t:|1700250689\n|move|p1b: Spectrier|Protect|p1b: Spectrier\n|-singleturn|p1b: Spectrier|Protect\n|move|p2a: Tornadus|Bleakwind Storm|p1a: Ogerpon|[spread] p1a\n|-activate|p1b: Spectrier|move: Protect\n|-damage|p1a: Ogerpon|58\/100\n|-unboost|p1a: Ogerpon|spe|1\n|move|p2b: Gholdengoat|Make It Rain|p1a: Ogerpon|[spread] p1a\n|-activate|p1b: Spectrier|move: Protect\n|-supereffective|p1a: Ogerpon\n|-damage|p1a: Ogerpon|0 fnt\n|-unboost|p2b: Gholdengoat|spa|1\n|faint|p1a: Ogerpon\n|\n|-heal|p2b: Gholdengoat|52\/100|[from] item: Leftovers\n|upkeep\n|\n|t:|1700250706\n|switch|p1a: Iron Hands|Iron Hands, L50|100\/100\n|turn|4\n|inactive|gourdinhimer has 30 seconds left.\n|\n|t:|1700250733\n|switch|p2a: Clefairy|Clefairy, L50, F|100\/100\n|move|p2b: Gholdengoat|Protect|p2b: Gholdengoat\n|-singleturn|p2b: Gholdengoat|Protect\n|move|p1a: Iron Hands|Fake Out|p2b: Gholdengoat\n|-activate|p2b: Gholdengoat|move: Protect\n|move|p1b: Spectrier|Draining Kiss|p2a: Clefairy\n|-damage|p2a: Clefairy|59\/100\n|-heal|p1b: Spectrier|87\/100|[from] drain|[of] p2a: Clefairy\n|\n|-heal|p2b: Gholdengoat|59\/100|[from] item: Leftovers\n|-sideend|p2: Hisuian Hustler|move: Tailwind\n|upkeep\n|turn|5\n|inactive|Hisuian Hustler has 30 seconds left.\n|\n|t:|1700250761\n|move|p1b: Spectrier|Protect|p1b: Spectrier\n|-singleturn|p1b: Spectrier|Protect\n|move|p2a: Clefairy|Follow Me|p2a: Clefairy\n|-singleturn|p2a: Clefairy|move: Follow Me\n|move|p2b: Gholdengoat|Nasty Plot|p2b: Gholdengoat\n|-boost|p2b: Gholdengoat|spa|2\n|move|p1a: Iron Hands|Heavy Slam|p2a: Clefairy\n|-supereffective|p2a: Clefairy\n|-damage|p2a: Clefairy|0 fnt\n|faint|p2a: Clefairy\n|\n|-heal|p2b: Gholdengoat|65\/100|[from] item: Leftovers\n|upkeep\n|\n|t:|1700250777\n|switch|p2a: Tornadus|Tornadus, L50, M|100\/100\n|turn|6\n|inactive|gourdinhimer has 30 seconds left.\n|inactive|gourdinhimer has 20 seconds left.\n|\n|t:|1700250815\n|move|p2a: Tornadus|Tailwind|p2a: Tornadus\n|-sidestart|p2: Hisuian Hustler|move: Tailwind\n|move|p2b: Gholdengoat|Make It Rain|p1a: Iron Hands|[spread] p1a,p1b\n|-resisted|p1a: Iron Hands\n|-supereffective|p1b: Spectrier\n|-damage|p1a: Iron Hands|54\/100\n|-damage|p1b: Spectrier|0 fnt\n|-unboost|p2b: Gholdengoat|spa|1\n|faint|p1b: Spectrier\n|move|p1a: Iron Hands|Wild Charge|p2a: Tornadus\n|-supereffective|p2a: Tornadus\n|-damage|p2a: Tornadus|0 fnt\n|faint|p2a: Tornadus\n|-damage|p1a: Iron Hands|37\/100|[from] Recoil\n|\n|-heal|p2b: Gholdengoat|71\/100|[from] item: Leftovers\n|upkeep\n|\n|t:|1700250822\n|switch|p1b: Urshifu|Urshifu-Rapid-Strike, L50, M|7\/100\n|turn|7\n|\n|t:|1700250840\n|move|p1b: Urshifu|Aqua Jet|p2b: Gholdengoat\n|-resisted|p2b: Gholdengoat\n|-damage|p2b: Gholdengoat|61\/100\n|move|p2b: Gholdengoat|Make It Rain|p1a: Iron Hands|[spread] p1a,p1b\n|-resisted|p1a: Iron Hands\n|-resisted|p1b: Urshifu\n|-damage|p1a: Iron Hands|1\/100\n|-damage|p1b: Urshifu|0 fnt\n|-unboost|p2b: Gholdengoat|spa|1\n|faint|p1b: Urshifu\n|move|p1a: Iron Hands|Wild Charge|p2b: Gholdengoat\n|-resisted|p2b: Gholdengoat\n|-damage|p2b: Gholdengoat|34\/100\n|-damage|p1a: Iron Hands|0 fnt|[from] Recoil\n|faint|p1a: Iron Hands\n|-end|p1a: Iron Hands|Quark Drive|[silent]\n|\n|win|Hisuian Hustler\n|raw|gourdinhimer's rating: 1141 &rarr; <strong>1123<\/strong><br \/>(-18 for losing)\n|raw|Hisuian Hustler's rating: 1234 &rarr; <strong>1252<\/strong><br \/>(+18 for winning)\n|c|\u2606gourdinhimer|gg'\n|l|\u2606gourdinhimer\n|c|\u2606Hisuian Hustler|Gg\n","uploadtime":1700250874,"views":10,"p1id":"gourdinhimer","p2id":"hisuianhustler","formatid":"gen9vgc2023regulatione","rating":1123,"private":0,"password":""}