{"id":"gen9vgc2023regulatione-1998295734","p1":"Garando","p2":"Sauer_Rayan","format":"[Gen 9] VGC 2023 Regulation E","log":"|j|\u2606Garando\n|j|\u2606Sauer_Rayan\n|n|\u2606Garando|garando\n|n|\u2606Sauer_Rayan|sauerrayan\n|html|View the match progress at <a href=\"\/game-bestof3-gen9vgc2023regulatione-1998293370\">game-bestof3-gen9vgc2023regulatione-1998293370<\/a>\n|t:|1700926050\n|gametype|doubles\n|player|p1|Garando|1|\n|player|p2|Sauer_Rayan|101|\n|teamsize|p1|6\n|teamsize|p2|6\n|gen|9\n|tier|[Gen 9] VGC 2023 Regulation E\n|rule|Species Clause: Limit one of each Pok\u00e9mon\n|rule|Item Clause: Limit one of each item\n|clearpoke\n|poke|p1|Regieleki, L50|\n|poke|p1|Chansey, L50, F|\n|poke|p1|Dipplin, L50, M|\n|poke|p1|Indeedee-F, L50, F|\n|poke|p1|Articuno-Galar, L50|\n|poke|p1|Armarouge, L50, M|\n|poke|p2|Palafin, L50, M|\n|poke|p2|Annihilape, L50, M|\n|poke|p2|Grimmsnarl, L50, M|\n|poke|p2|Clefairy, L50, F|\n|poke|p2|Copperajah, L50, F|\n|poke|p2|Chansey, L50, F|\n|teampreview|4\n|\n|t:|1700926084\n|start\n|switch|p1a: Regieleki|Regieleki, L50|100\/100\n|switch|p1b: Dipplin|Dipplin, L50, M|100\/100\n|switch|p2a: Palafin|Palafin, L50, M|100\/100\n|switch|p2b: Grimmsnarl|Grimmsnarl, L50, M|100\/100\n|-ability|p1b: Dipplin|Supersweet Syrup\n|-ability|p1b: Dipplin|Supersweet Syrup|boost\n|-unboost|p2a: Palafin|evasion|1\n|-unboost|p2b: Grimmsnarl|evasion|1\n|turn|1\n|\n|t:|1700926111\n|detailschange|p2a: Palafin|Palafin-Hero, L50, M\n|switch|p2a: Annihilape|Annihilape, L50, M|100\/100\n|move|p2b: Grimmsnarl|Fake Out|p1a: Regieleki\n|-damage|p1a: Regieleki|82\/100\n|cant|p1a: Regieleki|flinch\n|move|p1b: Dipplin|Sweet Scent|p2b: Grimmsnarl|[spread] p2a,p2b\n|-unboost|p2a: Annihilape|evasion|2\n|-unboost|p2b: Grimmsnarl|evasion|2\n|\n|upkeep\n|turn|2\n|\n|t:|1700926132\n|move|p2b: Grimmsnarl|Light Screen|p2b: Grimmsnarl\n|-sidestart|p2: Sauer_Rayan|move: Light Screen\n|move|p1a: Regieleki|Zap Cannon|p2b: Grimmsnarl\n|-damage|p2b: Grimmsnarl|47\/100\n|-status|p2b: Grimmsnarl|par\n|move|p2a: Annihilape|Bulk Up|p2a: Annihilape\n|-boost|p2a: Annihilape|atk|1\n|-boost|p2a: Annihilape|def|1\n|move|p1b: Dipplin|Syrup Bomb|p2a: Annihilape\n|-damage|p2a: Annihilape|88\/100\n|-start|p2a: Annihilape|Syrup Bomb\n|\n|-heal|p2a: Annihilape|94\/100|[from] item: Leftovers\n|-unboost|p2a: Annihilape|spe|1\n|upkeep\n|turn|3\n|\n|t:|1700926161\n|switch|p1b: Indeedee|Indeedee-F, L50, F|100\/100\n|-fieldstart|move: Psychic Terrain|[from] ability: Psychic Surge|[of] p1b: Indeedee\n|move|p2b: Grimmsnarl|Reflect|p2b: Grimmsnarl\n|-sidestart|p2: Sauer_Rayan|Reflect\n|move|p1a: Regieleki|Zap Cannon|p2a: Annihilape\n|-damage|p2a: Annihilape|42\/100\n|-status|p2a: Annihilape|par\n|move|p2a: Annihilape|Bulk Up|p2a: Annihilape\n|-boost|p2a: Annihilape|atk|1\n|-boost|p2a: Annihilape|def|1\n|\n|-heal|p2a: Annihilape|48\/100 par|[from] item: Leftovers\n|-unboost|p2a: Annihilape|spe|1\n|upkeep\n|turn|4\n|\n|t:|1700926188\n|switch|p2b: Chansey|Chansey, L50, F|100\/100\n|move|p1a: Regieleki|Zap Cannon|p2a: Annihilape\n|-damage|p2a: Annihilape|0 fnt\n|faint|p2a: Annihilape\n|move|p1b: Indeedee|Skill Swap|p2b: Chansey\n|-activate|p1b: Indeedee|move: Skill Swap|Natural Cure|Psychic Surge|[of] p2b: Chansey\n|\n|upkeep\n|\n|t:|1700926197\n|switch|p2a: Palafin|Palafin-Hero, L50, M|100\/100\n|-activate|p2a: Palafin|ability: Zero to Hero\n|turn|5\n|\n|t:|1700926227\n|move|p1b: Indeedee|Follow Me|p1b: Indeedee\n|-singleturn|p1b: Indeedee|move: Follow Me\n|move|p1a: Regieleki|Zap Cannon|p2a: Palafin\n|-supereffective|p2a: Palafin\n|-damage|p2a: Palafin|0 fnt\n|faint|p2a: Palafin\n|move|p2b: Chansey|Thunder Wave|p1b: Indeedee\n|-status|p1b: Indeedee|par\n|\n|upkeep\n|\n|t:|1700926242\n|switch|p2a: Grimmsnarl|Grimmsnarl, L50, M|47\/100 par\n|turn|6\n|\n|t:|1700926255\n|move|p1a: Regieleki|Zap Cannon|p2b: Chansey|[miss]\n|-miss|p1a: Regieleki|p2b: Chansey\n|move|p1b: Indeedee|Skill Swap|p2a: Grimmsnarl\n|-activate|p1b: Indeedee|move: Skill Swap|Prankster|Natural Cure|[of] p2a: Grimmsnarl\n|move|p2b: Chansey|Heal Pulse|p2a: Grimmsnarl\n|-heal|p2a: Grimmsnarl|97\/100 par\n|move|p2a: Grimmsnarl|Brick Break|p1a: Regieleki\n|-damage|p1a: Regieleki|46\/100\n|\n|upkeep\n|turn|7\n|\n|t:|1700926280\n|cant|p1b: Indeedee|par\n|move|p1a: Regieleki|Zap Cannon|p2b: Chansey\n|-damage|p2b: Chansey|83\/100\n|-status|p2b: Chansey|par\n|cant|p2a: Grimmsnarl|par\n|move|p2b: Chansey|Thunder Wave|p1a: Regieleki\n|-immune|p1a: Regieleki\n|\n|-fieldend|move: Psychic Terrain\n|upkeep\n|turn|8\n|\n|t:|1700926303\n|move|p1b: Indeedee|Heal Pulse|p1a: Regieleki\n|-heal|p1a: Regieleki|96\/100\n|move|p1a: Regieleki|Zap Cannon|p2b: Chansey\n|-damage|p2b: Chansey|65\/100 par\n|move|p2a: Grimmsnarl|Brick Break|p1a: Regieleki\n|-damage|p1a: Regieleki|61\/100\n|move|p2b: Chansey|Heal Pulse|p2a: Grimmsnarl\n|-heal|p2a: Grimmsnarl|100\/100 par\n|\n|upkeep\n|turn|9\n|\n|t:|1700926323\n|switch|p1b: Articuno|Articuno-Galar, L50|100\/100\n|move|p1a: Regieleki|Zap Cannon|p2b: Chansey\n|-crit|p2b: Chansey\n|-damage|p2b: Chansey|22\/100 par\n|move|p2a: Grimmsnarl|Brick Break|p1a: Regieleki\n|-damage|p1a: Regieleki|25\/100\n|move|p2b: Chansey|Soft-Boiled|p2b: Chansey\n|-heal|p2b: Chansey|72\/100 par\n|\n|-sideend|p2: Sauer_Rayan|move: Light Screen\n|upkeep\n|turn|10\n|\n|t:|1700926345\n|-terastallize|p1a: Regieleki|Ice\n|move|p1a: Regieleki|Tera Blast|p2b: Chansey|[anim] Tera Blast Ice\n|-damage|p2b: Chansey|60\/100 par\n|move|p1b: Articuno|Freezing Glare|p2b: Chansey\n|-damage|p2b: Chansey|36\/100 par\n|move|p2a: Grimmsnarl|Brick Break|p1a: Regieleki\n|-supereffective|p1a: Regieleki\n|-damage|p1a: Regieleki|0 fnt\n|faint|p1a: Regieleki\n|move|p2b: Chansey|Life Dew||[still]|[spread] p2a,p2b\n|-fail|p2a: Grimmsnarl|heal\n|-heal|p2b: Chansey|60\/100 par\n|\n|-sideend|p2: Sauer_Rayan|Reflect\n|upkeep\n|\n|t:|1700926358\n|switch|p1a: Indeedee|Indeedee-F, L50, F|100\/100 par\n|-fieldstart|move: Psychic Terrain|[from] ability: Psychic Surge|[of] p1a: Indeedee\n|turn|11\n|\n|t:|1700926385\n|cant|p1a: Indeedee|par\n|move|p1b: Articuno|Freezing Glare|p2b: Chansey\n|-damage|p2b: Chansey|36\/100 par\n|cant|p2a: Grimmsnarl|par\n|move|p2b: Chansey|Life Dew||[still]|[spread] p2a,p2b\n|-fail|p2a: Grimmsnarl|heal\n|-heal|p2b: Chansey|61\/100 par\n|\n|upkeep\n|turn|12\n|\n|t:|1700926409\n|move|p1a: Indeedee|Follow Me|p1a: Indeedee\n|-singleturn|p1a: Indeedee|move: Follow Me\n|move|p1b: Articuno|Freezing Glare|p2b: Chansey\n|-damage|p2b: Chansey|37\/100 par\n|move|p2a: Grimmsnarl|Light Screen|p2a: Grimmsnarl\n|-sidestart|p2: Sauer_Rayan|move: Light Screen\n|move|p2b: Chansey|Thunder Wave|p1a: Indeedee|[miss]\n|-miss|p2b: Chansey|p1a: Indeedee\n|\n|upkeep\n|turn|13\n|\n|t:|1700926427\n|cant|p1a: Indeedee|par\n|move|p1b: Articuno|Freezing Glare|p2b: Chansey\n|-damage|p2b: Chansey|22\/100 par\n|cant|p2a: Grimmsnarl|par\n|cant|p2b: Chansey|par\n|\n|upkeep\n|turn|14\n|\n|t:|1700926442\n|move|p1a: Indeedee|Follow Me|p1a: Indeedee\n|-singleturn|p1a: Indeedee|move: Follow Me\n|move|p1b: Articuno|Freezing Glare|p2b: Chansey\n|-damage|p2b: Chansey|5\/100 par\n|move|p2a: Grimmsnarl|Brick Break|p1a: Indeedee\n|-damage|p1a: Indeedee|73\/100 par\n|-damage|p2a: Grimmsnarl|84\/100 par|[from] item: Rocky Helmet|[of] p1a: Indeedee\n|move|p2b: Chansey|Soft-Boiled|p2b: Chansey\n|-heal|p2b: Chansey|55\/100 par\n|\n|upkeep\n|turn|15\n|\n|t:|1700926474\n|move|p1a: Indeedee|Follow Me|p1a: Indeedee\n|-singleturn|p1a: Indeedee|move: Follow Me\n|move|p1b: Articuno|Freezing Glare|p2b: Chansey\n|-damage|p2b: Chansey|39\/100 par\n|move|p2a: Grimmsnarl|Brick Break|p1a: Indeedee\n|-damage|p1a: Indeedee|46\/100 par\n|-damage|p2a: Grimmsnarl|68\/100 par|[from] item: Rocky Helmet|[of] p1a: Indeedee\n|move|p2b: Chansey|Thunder Wave|p1a: Indeedee\n|-fail|p1a: Indeedee|par\n|\n|-fieldend|move: Psychic Terrain\n|upkeep\n|turn|16\n|\n|t:|1700926496\n|switch|p1b: Dipplin|Dipplin, L50, M|100\/100\n|move|p1a: Indeedee|Protect|p1a: Indeedee\n|-singleturn|p1a: Indeedee|Protect\n|move|p2a: Grimmsnarl|Brick Break|p1b: Dipplin\n|-damage|p1b: Dipplin|88\/100\n|cant|p2b: Chansey|par\n|\n|-heal|p1b: Dipplin|94\/100|[from] item: Leftovers\n|upkeep\n|turn|17\n|\n|t:|1700926514\n|move|p1a: Indeedee|Follow Me|p1a: Indeedee\n|-singleturn|p1a: Indeedee|move: Follow Me\n|move|p1b: Dipplin|Pollen Puff|p1a: Indeedee\n|-heal|p1a: Indeedee|95\/100 par\n|move|p2a: Grimmsnarl|Brick Break|p1a: Indeedee\n|-damage|p1a: Indeedee|70\/100 par\n|-damage|p2a: Grimmsnarl|51\/100 par|[from] item: Rocky Helmet|[of] p1a: Indeedee\n|move|p2b: Chansey|Soft-Boiled|p2b: Chansey\n|-heal|p2b: Chansey|89\/100 par\n|\n|-heal|p1b: Dipplin|99\/100|[from] item: Leftovers\n|upkeep\n|turn|18\n|\n|t:|1700926535\n|move|p1a: Indeedee|Follow Me|p1a: Indeedee\n|-singleturn|p1a: Indeedee|move: Follow Me\n|move|p1b: Dipplin|Pollen Puff|p2a: Grimmsnarl\n|-damage|p2a: Grimmsnarl|38\/100 par\n|move|p2a: Grimmsnarl|Brick Break|p1a: Indeedee\n|-damage|p1a: Indeedee|43\/100 par\n|-damage|p2a: Grimmsnarl|22\/100 par|[from] item: Rocky Helmet|[of] p1a: Indeedee\n|move|p2b: Chansey|Heal Pulse|p1a: Indeedee\n|-heal|p1a: Indeedee|93\/100 par\n|\n|-heal|p1b: Dipplin|100\/100|[from] item: Leftovers\n|upkeep\n|turn|19\n|\n|t:|1700926590\n|move|p1a: Indeedee|Follow Me|p1a: Indeedee\n|-singleturn|p1a: Indeedee|move: Follow Me\n|move|p1b: Dipplin|Pollen Puff|p2a: Grimmsnarl\n|-damage|p2a: Grimmsnarl|7\/100 par\n|move|p2a: Grimmsnarl|Light Screen||[still]\n|-fail|p2a: Grimmsnarl\n|move|p2b: Chansey|Life Dew|p2b: Chansey|[spread] p2a,p2b\n|-heal|p2a: Grimmsnarl|32\/100 par\n|-heal|p2b: Chansey|100\/100 par\n|\n|-sideend|p2: Sauer_Rayan|move: Light Screen\n|upkeep\n|turn|20\n|\n|t:|1700926621\n|switch|p1a: Articuno|Articuno-Galar, L50|100\/100\n|move|p1b: Dipplin|Pollen Puff|p2a: Grimmsnarl\n|-damage|p2a: Grimmsnarl|10\/100 par\n|move|p2a: Grimmsnarl|Light Screen|p2a: Grimmsnarl\n|-sidestart|p2: Sauer_Rayan|move: Light Screen\n|move|p2b: Chansey|Heal Pulse|p2a: Grimmsnarl\n|-heal|p2a: Grimmsnarl|61\/100 par\n|\n|upkeep\n|turn|21\n|\n|t:|1700926666\n|move|p1a: Articuno|Freezing Glare|p2b: Chansey\n|-damage|p2b: Chansey|84\/100 par\n|move|p1b: Dipplin|Pollen Puff|p2a: Grimmsnarl\n|-damage|p2a: Grimmsnarl|48\/100 par\n|cant|p2a: Grimmsnarl|par\n|move|p2b: Chansey|Life Dew|p2b: Chansey|[spread] p2a,p2b\n|-heal|p2a: Grimmsnarl|74\/100 par\n|-heal|p2b: Chansey|100\/100 par\n|\n|upkeep\n|turn|22\n|\n|t:|1700926691\n|move|p1a: Articuno|Freezing Glare|p2b: Chansey\n|-damage|p2b: Chansey|85\/100 par\n|move|p1b: Dipplin|Pollen Puff|p2a: Grimmsnarl\n|-damage|p2a: Grimmsnarl|60\/100 par\n|move|p2a: Grimmsnarl|Brick Break|p1a: Articuno\n|-resisted|p1a: Articuno\n|-damage|p1a: Articuno|96\/100\n|move|p2b: Chansey|Thunder Wave|p1a: Articuno\n|-status|p1a: Articuno|par\n|\n|upkeep\n|turn|23\n|\n|t:|1700926728\n|switch|p1b: Indeedee|Indeedee-F, L50, F|93\/100 par\n|-fieldstart|move: Psychic Terrain|[from] ability: Psychic Surge|[of] p1b: Indeedee\n|move|p1a: Articuno|Freezing Glare|p2b: Chansey\n|-damage|p2b: Chansey|69\/100 par\n|move|p2a: Grimmsnarl|Brick Break|p1b: Indeedee\n|-damage|p1b: Indeedee|67\/100 par\n|-damage|p2a: Grimmsnarl|43\/100 par|[from] item: Rocky Helmet|[of] p1b: Indeedee\n|move|p2b: Chansey|Life Dew|p2b: Chansey|[spread] p2a,p2b\n|-heal|p2a: Grimmsnarl|68\/100 par\n|-heal|p2b: Chansey|94\/100 par\n|\n|upkeep\n|turn|24\n|\n|t:|1700926751\n|cant|p1b: Indeedee|par\n|move|p1a: Articuno|Freezing Glare|p2b: Chansey\n|-damage|p2b: Chansey|78\/100 par\n|move|p2a: Grimmsnarl|Brick Break|p1b: Indeedee\n|-damage|p1b: Indeedee|42\/100 par\n|-damage|p2a: Grimmsnarl|52\/100 par|[from] item: Rocky Helmet|[of] p1b: Indeedee\n|cant|p2b: Chansey|par\n|\n|upkeep\n|turn|25\n|\n|t:|1700926775\n|switch|p1a: Dipplin|Dipplin, L50, M|100\/100\n|move|p1b: Indeedee|Protect|p1b: Indeedee\n|-singleturn|p1b: Indeedee|Protect\n|move|p2a: Grimmsnarl|Brick Break|p1b: Indeedee\n|-activate|p1b: Indeedee|move: Protect\n|cant|p2b: Chansey|par\n|\n|upkeep\n|turn|26\n|\n|t:|1700926794\n|move|p1b: Indeedee|Skill Swap|p2a: Grimmsnarl\n|-activate|p1b: Indeedee|move: Skill Swap|Natural Cure|Psychic Surge|[of] p2a: Grimmsnarl\n|move|p1a: Dipplin|Pollen Puff|p1b: Indeedee\n|-heal|p1b: Indeedee|91\/100 par\n|move|p2a: Grimmsnarl|Brick Break|p1a: Dipplin\n|-damage|p1a: Dipplin|89\/100\n|move|p2b: Chansey|Life Dew|p2b: Chansey|[spread] p2a,p2b\n|-heal|p2a: Grimmsnarl|77\/100 par\n|-heal|p2b: Chansey|100\/100 par\n|\n|-heal|p1a: Dipplin|95\/100|[from] item: Leftovers\n|upkeep\n|turn|27\n|\n|t:|1700926820\n|switch|p1a: Articuno|Articuno-Galar, L50|96\/100 par\n|move|p1b: Indeedee|Follow Me|p1b: Indeedee\n|-singleturn|p1b: Indeedee|move: Follow Me\n|move|p2a: Grimmsnarl|Brick Break|p1b: Indeedee\n|-damage|p1b: Indeedee|66\/100 par\n|-damage|p2a: Grimmsnarl|61\/100 par|[from] item: Rocky Helmet|[of] p1b: Indeedee\n|move|p2b: Chansey|Thunder Wave|p1b: Indeedee|[miss]\n|-miss|p2b: Chansey|p1b: Indeedee\n|\n|-sideend|p2: Sauer_Rayan|move: Light Screen\n|-fieldend|move: Psychic Terrain\n|upkeep\n|turn|28\n|\n|t:|1700926851\n|move|p1b: Indeedee|Follow Me|p1b: Indeedee\n|-singleturn|p1b: Indeedee|move: Follow Me\n|move|p1a: Articuno|Freezing Glare|p2b: Chansey\n|-damage|p2b: Chansey|78\/100 par\n|move|p2a: Grimmsnarl|Light Screen|p2a: Grimmsnarl\n|-sidestart|p2: Sauer_Rayan|move: Light Screen\n|move|p2b: Chansey|Heal Pulse|p1b: Indeedee\n|-heal|p1b: Indeedee|100\/100 par\n|\n|upkeep\n|turn|29\n|\n|t:|1700926878\n|move|p1b: Indeedee|Skill Swap|p1a: Articuno\n|-activate|p1b: Indeedee|move: Skill Swap|||[of] p1a: Articuno\n|move|p1a: Articuno|Freezing Glare|p2b: Chansey\n|-damage|p2b: Chansey|61\/100 par\n|move|p2a: Grimmsnarl|Brick Break|p1b: Indeedee\n|-damage|p1b: Indeedee|74\/100 par\n|-damage|p2a: Grimmsnarl|44\/100 par|[from] item: Rocky Helmet|[of] p1b: Indeedee\n|move|p2b: Chansey|Heal Pulse|p2a: Grimmsnarl\n|-heal|p2a: Grimmsnarl|95\/100 par\n|\n|upkeep\n|turn|30\n|\n|t:|1700926935\n|move|p1b: Indeedee|Follow Me|p1b: Indeedee\n|-singleturn|p1b: Indeedee|move: Follow Me\n|move|p1a: Articuno|Freezing Glare|p2b: Chansey\n|-damage|p2b: Chansey|44\/100 par\n|move|p2a: Grimmsnarl|Brick Break|p1b: Indeedee\n|-damage|p1b: Indeedee|49\/100 par\n|-damage|p2a: Grimmsnarl|78\/100 par|[from] item: Rocky Helmet|[of] p1b: Indeedee\n|move|p2b: Chansey|Life Dew|p2b: Chansey|[spread] p2a,p2b\n|-heal|p2a: Grimmsnarl|100\/100 par\n|-heal|p2b: Chansey|69\/100 par\n|\n|upkeep\n|turn|31\n|\n|t:|1700926963\n|move|p1b: Indeedee|Follow Me|p1b: Indeedee\n|-singleturn|p1b: Indeedee|move: Follow Me\n|move|p1a: Articuno|Freezing Glare|p2b: Chansey\n|-damage|p2b: Chansey|53\/100 par\n|move|p2a: Grimmsnarl|Brick Break|p1b: Indeedee\n|-damage|p1b: Indeedee|22\/100 par\n|-damage|p2a: Grimmsnarl|84\/100 par|[from] item: Rocky Helmet|[of] p1b: Indeedee\n|move|p2b: Chansey|Life Dew|p2b: Chansey|[spread] p2a,p2b\n|-heal|p2a: Grimmsnarl|100\/100 par\n|-heal|p2b: Chansey|78\/100 par\n|\n|upkeep\n|turn|32\n|\n|t:|1700926991\n|-curestatus|p1a: Articuno|par|[from] ability: Natural Cure\n|switch|p1a: Dipplin|Dipplin, L50, M|95\/100\n|move|p1b: Indeedee|Protect|p1b: Indeedee\n|-singleturn|p1b: Indeedee|Protect\n|cant|p2a: Grimmsnarl|par\n|cant|p2b: Chansey|par\n|\n|-heal|p1a: Dipplin|100\/100|[from] item: Leftovers\n|upkeep\n|turn|33\n|\n|t:|1700927015\n|move|p1b: Indeedee|Skill Swap|p2b: Chansey\n|-activate|p1b: Indeedee|move: Skill Swap|Psychic Surge|Competitive|[of] p2b: Chansey\n|-fieldstart|move: Psychic Terrain|[from] ability: Psychic Surge|[of] p1b: Indeedee\n|move|p1a: Dipplin|Pollen Puff|p1b: Indeedee\n|-heal|p1b: Indeedee|72\/100 par\n|move|p2a: Grimmsnarl|Brick Break|p1b: Indeedee\n|-damage|p1b: Indeedee|48\/100 par\n|-damage|p2a: Grimmsnarl|84\/100 par|[from] item: Rocky Helmet|[of] p1b: Indeedee\n|move|p2b: Chansey|Thunder Wave|p1a: Dipplin\n|-status|p1a: Dipplin|par\n|\n|upkeep\n|turn|34\n|\n|t:|1700927039\n|move|p1b: Indeedee|Skill Swap|p1a: Dipplin\n|-activate|p1b: Indeedee|move: Skill Swap|||[of] p1a: Dipplin\n|-ability|p1b: Indeedee|Supersweet Syrup\n|-ability|p1b: Indeedee|Supersweet Syrup|boost\n|-unboost|p2a: Grimmsnarl|evasion|1\n|-unboost|p2b: Chansey|evasion|1\n|-ability|p2b: Chansey|Competitive|boost\n|-boost|p2b: Chansey|spa|2\n|move|p2a: Grimmsnarl|Brick Break|p1b: Indeedee\n|-damage|p1b: Indeedee|21\/100 par\n|-damage|p2a: Grimmsnarl|68\/100 par|[from] item: Rocky Helmet|[of] p1b: Indeedee\n|move|p2b: Chansey|Life Dew|p2b: Chansey|[spread] p2a,p2b\n|-heal|p2a: Grimmsnarl|93\/100 par\n|-heal|p2b: Chansey|100\/100 par\n|move|p1a: Dipplin|Pollen Puff|p1b: Indeedee\n|-heal|p1b: Indeedee|71\/100 par\n|\n|upkeep\n|turn|35\n|\n|t:|1700927067\n|cant|p1b: Indeedee|par\n|move|p2a: Grimmsnarl|Brick Break|p1b: Indeedee\n|-damage|p1b: Indeedee|46\/100 par\n|-damage|p2a: Grimmsnarl|77\/100 par|[from] item: Rocky Helmet|[of] p1b: Indeedee\n|move|p2b: Chansey|Thunder Wave|p1a: Dipplin\n|-fail|p1a: Dipplin|par\n|move|p1a: Dipplin|Pollen Puff|p1b: Indeedee\n|-heal|p1b: Indeedee|96\/100 par\n|\n|-sideend|p2: Sauer_Rayan|move: Light Screen\n|upkeep\n|turn|36\n|\n|t:|1700927089\n|cant|p2a: Grimmsnarl|par\n|move|p1b: Indeedee|Skill Swap|p2a: Grimmsnarl\n|-activate|p1b: Indeedee|move: Skill Swap|Psychic Surge|Supersweet Syrup|[of] p2a: Grimmsnarl\n|-ability|p2a: Grimmsnarl|Supersweet Syrup\n|-ability|p2a: Grimmsnarl|Supersweet Syrup|boost\n|-unboost|p1a: Dipplin|evasion|1\n|-unboost|p1b: Indeedee|evasion|1\n|move|p2b: Chansey|Heal Pulse|p2a: Grimmsnarl\n|-heal|p2a: Grimmsnarl|100\/100 par\n|move|p1a: Dipplin|Syrup Bomb|p2b: Chansey\n|-damage|p2b: Chansey|93\/100 par\n|-start|p2b: Chansey|Syrup Bomb\n|\n|-unboost|p2b: Chansey|spe|1\n|upkeep\n|turn|37\n|\n|t:|1700927124\n|switch|p1b: Articuno|Articuno-Galar, L50|96\/100\n|move|p2a: Grimmsnarl|Brick Break|p1b: Articuno\n|-resisted|p1b: Articuno\n|-damage|p1b: Articuno|91\/100\n|move|p1a: Dipplin|Pollen Puff|p2a: Grimmsnarl\n|-damage|p2a: Grimmsnarl|81\/100 par\n|move|p2b: Chansey|Thunder Wave|p1a: Dipplin\n|-fail|p1a: Dipplin|par\n|\n|-unboost|p2b: Chansey|spe|1\n|-fieldend|move: Psychic Terrain\n|upkeep\n|turn|38\n|\n|t:|1700927162\n|move|p1a: Dipplin|Protect|p1a: Dipplin\n|-singleturn|p1a: Dipplin|Protect\n|move|p1b: Articuno|Shadow Ball|p2a: Grimmsnarl\n|-resisted|p2a: Grimmsnarl\n|-damage|p2a: Grimmsnarl|57\/100 par\n|move|p2a: Grimmsnarl|Light Screen|p2a: Grimmsnarl\n|-sidestart|p2: Sauer_Rayan|move: Light Screen\n|move|p2b: Chansey|Life Dew|p2b: Chansey|[spread] p2a,p2b\n|-heal|p2a: Grimmsnarl|82\/100 par\n|-heal|p2b: Chansey|100\/100 par\n|\n|-unboost|p2b: Chansey|spe|1\n|upkeep\n|turn|39\n|\n|t:|1700927197\n|move|p2a: Grimmsnarl|Fake Out||[still]\n|-hint|Fake Out only works on your first turn out.\n|-fail|p2a: Grimmsnarl\n|move|p1b: Articuno|Shadow Ball|p2a: Grimmsnarl\n|-resisted|p2a: Grimmsnarl\n|-damage|p2a: Grimmsnarl|68\/100 par\n|move|p1a: Dipplin|Pollen Puff|p2a: Grimmsnarl\n|-damage|p2a: Grimmsnarl|55\/100 par\n|cant|p2b: Chansey|par\n|\n|-end|p2b: Chansey|Syrup Bomb|[silent]\n|upkeep\n|turn|40\n|\n|t:|1700927225\n|switch|p1b: Indeedee|Indeedee-F, L50, F|96\/100 par\n|-fieldstart|move: Psychic Terrain|[from] ability: Psychic Surge|[of] p1b: Indeedee\n|move|p2a: Grimmsnarl|Brick Break|p1b: Indeedee\n|-damage|p1b: Indeedee|69\/100 par\n|-damage|p2a: Grimmsnarl|39\/100 par|[from] item: Rocky Helmet|[of] p1b: Indeedee\n|move|p1a: Dipplin|Pollen Puff|p2a: Grimmsnarl\n|-damage|p2a: Grimmsnarl|24\/100 par\n|cant|p2b: Chansey|par\n|\n|upkeep\n|turn|41\n|\n|t:|1700927250\n|move|p2a: Grimmsnarl|Fake Out||[still]\n|-hint|Fake Out only works on your first turn out.\n|-fail|p2a: Grimmsnarl\n|move|p1b: Indeedee|Follow Me|p1b: Indeedee\n|-singleturn|p1b: Indeedee|move: Follow Me\n|move|p1a: Dipplin|Pollen Puff|p2a: Grimmsnarl\n|-damage|p2a: Grimmsnarl|11\/100 par\n|move|p2b: Chansey|Heal Pulse|p1b: Indeedee\n|-heal|p1b: Indeedee|100\/100 par\n|\n|upkeep\n|turn|42\n|\n|t:|1700927272\n|cant|p2a: Grimmsnarl|par\n|move|p1b: Indeedee|Follow Me|p1b: Indeedee\n|-singleturn|p1b: Indeedee|move: Follow Me\n|move|p1a: Dipplin|Pollen Puff|p2a: Grimmsnarl\n|-damage|p2a: Grimmsnarl|0 fnt\n|faint|p2a: Grimmsnarl\n|move|p2b: Chansey|Heal Pulse|p1b: Indeedee\n|-fail|p1b: Indeedee|heal\n|\n|upkeep\n|turn|43\n|inactive|Battle timer is ON: inactive players will automatically lose when time's up. (requested by Sauer_Rayan)\n|-message|Sauer_Rayan forfeited.\n|\n|win|Garando\n|c|&|\/uhtml prompt-garando,Garando is ready for game 3!\n","uploadtime":1700927314,"views":6,"p1id":"garando","p2id":"sauerrayan","formatid":"gen9vgc2023regulatione","rating":0,"private":0,"password":""}