{"id":"gen9vgc2023regulatione-1988376257","p1":"PritzShow","p2":"Specs Hex Pex","format":"[Gen 9] VGC 2023 Regulation E","log":"|j|\u2606PritzShow\n|j|\u2606Specs Hex Pex\n|n|\u2606PritzShow|pritzshow\n|n|\u2606Specs Hex Pex|specshexpex\n|html|View the match progress at <a href=\"\/game-bestof3-gen9vgc2023regulatione-1988368136\">game-bestof3-gen9vgc2023regulatione-1988368136<\/a>\n|t:|1699715860\n|gametype|doubles\n|player|p1|PritzShow|fisherman-gen4|\n|player|p2|Specs Hex Pex|lady|\n|teamsize|p1|6\n|teamsize|p2|6\n|gen|9\n|tier|[Gen 9] VGC 2023 Regulation E\n|rule|Species Clause: Limit one of each Pok\u00e9mon\n|rule|Item Clause: Limit one of each item\n|clearpoke\n|poke|p1|Rillaboom, L50, F|\n|poke|p1|Milotic, L50, M|\n|poke|p1|Arcanine, L50, M|\n|poke|p1|Ting-Lu, L50|\n|poke|p1|Zapdos, L50|\n|poke|p1|Eiscue, L50, M|\n|poke|p2|Goodra-Hisui, L50, M|\n|poke|p2|Mismagius, L50, F|\n|poke|p2|Moltres-Galar, L50|\n|poke|p2|Amoonguss, L50, M|\n|poke|p2|Bronzong, L50|\n|poke|p2|Ursaluna, L50, M|\n|teampreview|4\n|inactive|Battle timer is ON: inactive players will automatically lose when time's up. (requested by PritzShow)\n|inactive|PritzShow has 60 seconds left.\n|inactive|PritzShow has 30 seconds left.\n|\n|t:|1699715923\n|start\n|switch|p1a: Arcanine|Arcanine, L50, M|100\/100\n|switch|p1b: Rillaboom|Rillaboom, L50, F|100\/100\n|switch|p2a: Mismagius|Mismagius, L50, F|100\/100\n|switch|p2b: Goodra|Goodra-Hisui, L50, M|100\/100\n|-ability|p1a: Arcanine|Intimidate|boost\n|-unboost|p2a: Mismagius|atk|1\n|-unboost|p2b: Goodra|atk|1\n|-item|p1a: Arcanine|Air Balloon\n|-fieldstart|move: Grassy Terrain|[from] ability: Grassy Surge|[of] p1b: Rillaboom\n|-enditem|p1b: Rillaboom|Grassy Seed\n|-boost|p1b: Rillaboom|def|1|[from] item: Grassy Seed\n|turn|1\n|inactive|PritzShow has 30 seconds left.\n|inactive|Specs Hex Pex has 30 seconds left.\n|inactive|Specs Hex Pex has 20 seconds left.\n|inactive|Specs Hex Pex has 15 seconds left.\n|\n|t:|1699715967\n|switch|p1a: Eiscue|Eiscue, L50, M|100\/100\n|move|p1b: Rillaboom|Fake Out|p2b: Goodra\n|-resisted|p2b: Goodra\n|-damage|p2b: Goodra|95\/100\n|move|p2a: Mismagius|Taunt|p1b: Rillaboom\n|-start|p1b: Rillaboom|move: Taunt\n|cant|p2b: Goodra|flinch\n|\n|-heal|p2b: Goodra|100\/100|[from] Grassy Terrain\n|upkeep\n|turn|2\n|\n|t:|1699715988\n|-terastallize|p1a: Eiscue|Ground\n|-terastallize|p2b: Goodra|Poison\n|move|p1b: Rillaboom|Grassy Glide|p2a: Mismagius\n|-damage|p2a: Mismagius|39\/100\n|move|p2a: Mismagius|Skill Swap|p2b: Goodra\n|-activate|p2a: Mismagius|move: Skill Swap|||[of] p2b: Goodra\n|move|p1a: Eiscue|Tera Blast|p2b: Goodra|[anim] Tera Blast Ground\n|-immune|p2b: Goodra|[from] ability: Levitate\n|move|p2b: Goodra|Acid Armor|p2b: Goodra\n|-boost|p2b: Goodra|def|2\n|\n|-heal|p2a: Mismagius|45\/100|[from] Grassy Terrain\n|upkeep\n|turn|3\n|c|\u2606PritzShow|lmao what\n|inactive|Specs Hex Pex has 30 seconds left.\n|c|\u2606Specs Hex Pex|I was worried about fissure against it\n|inactive|Specs Hex Pex has 20 seconds left.\n|inactive|Specs Hex Pex has 15 seconds left.\n|\n|t:|1699716028\n|switch|p2a: Amoonguss|Amoonguss, L50, M|100\/100\n|move|p1b: Rillaboom|Grassy Glide|p2a: Amoonguss\n|-resisted|p2a: Amoonguss\n|-damage|p2a: Amoonguss|93\/100\n|move|p1a: Eiscue|Belly Drum|p1a: Eiscue\n|-damage|p1a: Eiscue|51\/100\n|-setboost|p1a: Eiscue|atk|6|[from] move: Belly Drum\n|move|p2b: Goodra|Body Press|p1b: Rillaboom\n|-damage|p1b: Rillaboom|73\/100\n|\n|-heal|p1b: Rillaboom|79\/100|[from] Grassy Terrain\n|-heal|p1a: Eiscue|56\/100|[from] Grassy Terrain\n|-heal|p2a: Amoonguss|99\/100|[from] Grassy Terrain\n|upkeep\n|turn|4\n|inactive|PritzShow has 30 seconds left.\n|\n|t:|1699716055\n|move|p1b: Rillaboom|Wood Hammer|p2a: Amoonguss\n|-resisted|p2a: Amoonguss\n|-damage|p2a: Amoonguss|82\/100\n|-damage|p1b: Rillaboom|73\/100|[from] Recoil\n|move|p1a: Eiscue|Ice Spinner|p2a: Amoonguss\n|-supereffective|p2a: Amoonguss\n|-damage|p2a: Amoonguss|0 fnt\n|-fieldend|move: Grassy Terrain\n|faint|p2a: Amoonguss\n|move|p2b: Goodra|Acid Armor|p2b: Goodra\n|-boost|p2b: Goodra|def|2\n|\n|-end|p1b: Rillaboom|move: Taunt\n|upkeep\n|\n|t:|1699716068\n|switch|p2a: Moltres|Moltres-Galar, L50|100\/100\n|turn|5\n|\n|t:|1699716086\n|switch|p1b: Ting-Lu|Ting-Lu, L50|100\/100\n|-ability|p1b: Ting-Lu|Vessel of Ruin\n|move|p2a: Moltres|Fiery Wrath|p1b: Ting-Lu|[spread] p1a,p1b\n|-resisted|p1b: Ting-Lu\n|-damage|p1a: Eiscue|33\/100\n|-damage|p1b: Ting-Lu|94\/100\n|-enditem|p1a: Eiscue|Sitrus Berry|[eat]\n|-heal|p1a: Eiscue|58\/100|[from] item: Sitrus Berry\n|move|p1a: Eiscue|Ice Spinner|p2a: Moltres\n|-supereffective|p2a: Moltres\n|-damage|p2a: Moltres|0 fnt\n|faint|p2a: Moltres\n|move|p2b: Goodra|Body Press|p1b: Ting-Lu\n|-supereffective|p1b: Ting-Lu\n|-damage|p1b: Ting-Lu|13\/100\n|\n|-heal|p1b: Ting-Lu|20\/100|[from] item: Leftovers\n|upkeep\n|\n|t:|1699716102\n|switch|p2a: Mismagius|Mismagius, L50, F|45\/100\n|turn|6\n|\n|t:|1699716125\n|move|p1a: Eiscue|Protect|p1a: Eiscue\n|-singleturn|p1a: Eiscue|Protect\n|move|p2a: Mismagius|Icy Wind|p1a: Eiscue|[spread] p1b\n|-activate|p1a: Eiscue|move: Protect\n|-supereffective|p1b: Ting-Lu\n|-damage|p1b: Ting-Lu|9\/100\n|-unboost|p1b: Ting-Lu|spe|1\n|move|p2b: Goodra|Body Press|p1b: Ting-Lu\n|-supereffective|p1b: Ting-Lu\n|-damage|p1b: Ting-Lu|0 fnt\n|faint|p1b: Ting-Lu\n|\n|upkeep\n|\n|t:|1699716130\n|switch|p1b: Rillaboom|Rillaboom, L50, F|73\/100\n|-fieldstart|move: Grassy Terrain|[from] ability: Grassy Surge|[of] p1b: Rillaboom\n|turn|7\n|\n|t:|1699716143\n|move|p2b: Goodra|Protect|p2b: Goodra\n|-singleturn|p2b: Goodra|Protect\n|move|p1b: Rillaboom|Grassy Glide|p2a: Mismagius\n|-damage|p2a: Mismagius|0 fnt\n|faint|p2a: Mismagius\n|move|p1a: Eiscue|Ice Spinner|p2b: Goodra\n|-activate|p2b: Goodra|move: Protect\n|\n|-heal|p1b: Rillaboom|79\/100|[from] Grassy Terrain\n|-heal|p1a: Eiscue|63\/100|[from] Grassy Terrain\n|upkeep\n|turn|8\n|\n|t:|1699716156\n|move|p1b: Rillaboom|Taunt|p2b: Goodra\n|-start|p2b: Goodra|move: Taunt\n|move|p1a: Eiscue|Ice Spinner|p2b: Goodra\n|-damage|p2b: Goodra|66\/100\n|-fieldend|move: Grassy Terrain\n|move|p2b: Goodra|Body Press|p1b: Rillaboom\n|-damage|p1b: Rillaboom|17\/100\n|\n|-heal|p2b: Goodra|73\/100|[from] item: Leftovers\n|upkeep\n|turn|9\n|\n|t:|1699716170\n|move|p1b: Rillaboom|Wood Hammer|p2b: Goodra\n|-resisted|p2b: Goodra\n|-damage|p2b: Goodra|64\/100\n|-damage|p1b: Rillaboom|15\/100|[from] Recoil\n|move|p1a: Eiscue|Ice Spinner|p2b: Goodra\n|-damage|p2b: Goodra|30\/100\n|move|p2b: Goodra|Body Press|p1b: Rillaboom\n|-damage|p1b: Rillaboom|0 fnt\n|faint|p1b: Rillaboom\n|\n|-heal|p2b: Goodra|36\/100|[from] item: Leftovers\n|upkeep\n|\n|t:|1699716172\n|switch|p1b: Arcanine|Arcanine, L50, M|100\/100\n|-ability|p1b: Arcanine|Intimidate|boost\n|-unboost|p2b: Goodra|atk|1\n|-item|p1b: Arcanine|Air Balloon\n|turn|10\n|\n|t:|1699716187\n|move|p1b: Arcanine|Helping Hand|p1a: Eiscue\n|-singleturn|p1a: Eiscue|Helping Hand|[of] p1b: Arcanine\n|move|p1a: Eiscue|Ice Spinner|p2b: Goodra\n|-damage|p2b: Goodra|0 fnt\n|faint|p2b: Goodra\n|\n|win|PritzShow\n|c|\u2606PritzShow|this was a very close one, razor thin margins\n|c|\u2606PritzShow|gg\n|c|\u2606Specs Hex Pex|I know. I just underestimated Eiscue\n|c|\u2606Specs Hex Pex|gg\n","uploadtime":1699716241,"views":23,"p1id":"pritzshow","p2id":"specshexpex","formatid":"gen9vgc2023regulatione","rating":0,"private":0,"password":""}