{"id":"gen9vgc2023regulatione-1993206215","p1":"huffingkoffinggas","p2":"TheCounterTeamer","format":"[Gen 9] VGC 2023 Regulation E","log":"|j|\u2606huffingkoffinggas\n|j|\u2606TheCounterTeamer\n|t:|1700277949\n|gametype|doubles\n|player|p1|huffingkoffinggas|medium|1152\n|player|p2|TheCounterTeamer|anabel|1261\n|teamsize|p1|6\n|teamsize|p2|6\n|gen|9\n|tier|[Gen 9] VGC 2023 Regulation E\n|rated|\n|rule|Species Clause: Limit one of each Pok\u00e9mon\n|rule|Item Clause: Limit one of each item\n|clearpoke\n|poke|p1|Ursaluna-Bloodmoon, L50, M|\n|poke|p1|Iron Bundle, L50|\n|poke|p1|Ogerpon, L50, F|\n|poke|p1|Sableye, L50, M|\n|poke|p1|Landorus, L50, M|\n|poke|p1|Tyranitar, L50, F|\n|poke|p2|Sinistcha-Masterpiece, L50|\n|poke|p2|Indeedee-F, L50, F|\n|poke|p2|Iron Hands, L50|\n|poke|p2|Ceruledge, L50, M|\n|poke|p2|Ting-Lu, L50|\n|poke|p2|Iron Bundle, L50|\n|teampreview|4\n|inactive|Battle timer is ON: inactive players will automatically lose when time's up. (requested by huffingkoffinggas)\nTheCounterTeamer has agreed to open team sheets.\nhuffingkoffinggas has agreed to open team sheets.\n|inactive|TheCounterTeamer has 30 seconds left.\n|inactive|TheCounterTeamer has 20 seconds left.\n|inactive|TheCounterTeamer has 15 seconds left.\n|inactive|TheCounterTeamer has 10 seconds left.\n|inactive|TheCounterTeamer has 5 seconds left.\n|\n|t:|1700278016\n|start\n|switch|p1a: Ursaluna|Ursaluna-Bloodmoon, L50, M|100\/100\n|switch|p1b: Tyranitar|Tyranitar, L50, F|100\/100\n|switch|p2a: Indeedee|Indeedee-F, L50, F|100\/100\n|switch|p2b: Iron Hands|Iron Hands, L50, shiny|100\/100\n|-fieldstart|move: Psychic Terrain|[from] ability: Psychic Surge|[of] p2a: Indeedee\n|-enditem|p2a: Indeedee|Psychic Seed\n|-boost|p2a: Indeedee|spd|1|[from] item: Psychic Seed\n|-weather|Sandstorm|[from] ability: Sand Stream|[of] p1b: Tyranitar\n|turn|1\n|inactive|huffingkoffinggas has 30 seconds left.\n|inactive|TheCounterTeamer has 30 seconds left.\n|inactive|TheCounterTeamer has 20 seconds left.\n|inactive|TheCounterTeamer has 15 seconds left.\n|inactive|huffingkoffinggas has 20 seconds left.\n|inactive|TheCounterTeamer has 10 seconds left.\n|inactive|huffingkoffinggas has 15 seconds left.\n|inactive|TheCounterTeamer has 5 seconds left.\n|\n|t:|1700278068\n|switch|p2a: Ting-Lu|Ting-Lu, L50|100\/100\n|-ability|p2a: Ting-Lu|Vessel of Ruin\n|-terastallize|p1b: Tyranitar|Psychic\n|move|p1b: Tyranitar|High Horsepower|p2b: Iron Hands\n|-supereffective|p2b: Iron Hands\n|-damage|p2b: Iron Hands|56\/100\n|move|p1a: Ursaluna|Hyper Voice|p2a: Ting-Lu|[spread] p2a,p2b\n|-damage|p2a: Ting-Lu|85\/100\n|-damage|p2b: Iron Hands|34\/100\n|-enditem|p1a: Ursaluna|Throat Spray\n|-boost|p1a: Ursaluna|spa|1|[from] item: Throat Spray\n|move|p2b: Iron Hands|Swords Dance|p2b: Iron Hands\n|-boost|p2b: Iron Hands|atk|2\n|\n|-weather|Sandstorm|[upkeep]\n|-damage|p1b: Tyranitar|95\/100|[from] Sandstorm\n|-damage|p2b: Iron Hands|28\/100|[from] Sandstorm\n|upkeep\n|turn|2\n|inactive|huffingkoffinggas has 30 seconds left.\n|inactive|TheCounterTeamer has 30 seconds left.\n|inactive|TheCounterTeamer has 20 seconds left.\n|\n|t:|1700278112\n|switch|p2a: Sinistcha|Sinistcha-Masterpiece, L50|100\/100\n|-heal|p2b: Iron Hands|53\/100|[from] ability: Hospitality|[of] p2a: Sinistcha\n|move|p2b: Iron Hands|Detect|p2b: Iron Hands\n|-singleturn|p2b: Iron Hands|Protect\n|move|p1b: Tyranitar|High Horsepower|p2b: Iron Hands\n|-activate|p2b: Iron Hands|move: Protect\n|move|p1a: Ursaluna|Moonblast|p2a: Sinistcha\n|-damage|p2a: Sinistcha|47\/100\n|-unboost|p2a: Sinistcha|spa|1\n|\n|-weather|Sandstorm|[upkeep]\n|-damage|p2a: Sinistcha|41\/100|[from] Sandstorm\n|-damage|p1b: Tyranitar|89\/100|[from] Sandstorm\n|-damage|p2b: Iron Hands|47\/100|[from] Sandstorm\n|upkeep\n|turn|3\n|inactive|huffingkoffinggas has 30 seconds left.\n|\n|t:|1700278142\n|move|p2a: Sinistcha|Rage Powder|p2a: Sinistcha\n|-singleturn|p2a: Sinistcha|move: Rage Powder\n|move|p1b: Tyranitar|High Horsepower|p2a: Sinistcha\n|-resisted|p2a: Sinistcha\n|-damage|p2a: Sinistcha|27\/100\n|move|p1a: Ursaluna|Hyper Voice|p2a: Sinistcha|[spread] p2a,p2b\n|-damage|p2a: Sinistcha|0 fnt\n|-damage|p2b: Iron Hands|6\/100\n|faint|p2a: Sinistcha\n|move|p2b: Iron Hands|Drain Punch|p1a: Ursaluna\n|-supereffective|p1a: Ursaluna\n|-damage|p1a: Ursaluna|0 fnt\n|-heal|p2b: Iron Hands|47\/100|[from] drain|[of] p1a: Ursaluna\n|faint|p1a: Ursaluna\n|\n|-weather|Sandstorm|[upkeep]\n|-damage|p1b: Tyranitar|83\/100|[from] Sandstorm\n|-damage|p2b: Iron Hands|41\/100|[from] Sandstorm\n|upkeep\n|\n|t:|1700278157\n|switch|p2a: Indeedee|Indeedee-F, L50, F|100\/100\n|switch|p1a: Sableye|Sableye, L50, M|100\/100\n|turn|4\n|inactive|TheCounterTeamer has 30 seconds left.\n|\n|t:|1700278187\n|switch|p1a: Ogerpon|Ogerpon, L50, F|100\/100\n|move|p2b: Iron Hands|Detect|p2b: Iron Hands\n|-singleturn|p2b: Iron Hands|Protect\n|move|p1b: Tyranitar|Knock Off|p2a: Indeedee\n|-supereffective|p2a: Indeedee\n|-damage|p2a: Indeedee|36\/100\n|move|p2a: Indeedee|Trick Room|p2a: Indeedee\n|-fieldstart|move: Trick Room|[of] p2a: Indeedee\n|\n|-weather|Sandstorm|[upkeep]\n|-damage|p2b: Iron Hands|35\/100|[from] Sandstorm\n|-damage|p1b: Tyranitar|77\/100|[from] Sandstorm\n|-damage|p2a: Indeedee|30\/100|[from] Sandstorm\n|-damage|p1a: Ogerpon|95\/100|[from] Sandstorm\n|upkeep\n|turn|5\n|\n|t:|1700278207\n|move|p1a: Ogerpon|Spiky Shield|p1a: Ogerpon\n|-singleturn|p1a: Ogerpon|move: Protect\n|move|p2b: Iron Hands|Drain Punch|p1a: Ogerpon\n|-activate|p1a: Ogerpon|move: Protect\n|-damage|p2b: Iron Hands|23\/100|[from] Spiky Shield|[of] p1a: Ogerpon\n|move|p1b: Tyranitar|High Horsepower|p2b: Iron Hands\n|-supereffective|p2b: Iron Hands\n|-damage|p2b: Iron Hands|0 fnt\n|faint|p2b: Iron Hands\n|-end|p2b: Iron Hands|Quark Drive|[silent]\n|move|p2a: Indeedee|Heal Pulse|p2: Iron Hands|[notarget]\n|-fail|p2a: Indeedee\n|\n|-weather|none\n|-fieldend|move: Psychic Terrain\n|upkeep\n|\n|t:|1700278216\n|switch|p2b: Ting-Lu|Ting-Lu, L50|85\/100\n|-ability|p2b: Ting-Lu|Vessel of Ruin\n|turn|6\n|-message|TheCounterTeamer forfeited.\n|\n|win|huffingkoffinggas\n|raw|huffingkoffinggas's rating: 1152 &rarr; <strong>1185<\/strong><br \/>(+33 for winning)\n|raw|TheCounterTeamer's rating: 1261 &rarr; <strong>1228<\/strong><br \/>(-33 for losing)\n|l|\u2606TheCounterTeamer\n","uploadtime":1700278244,"views":20,"p1id":"huffingkoffinggas","p2id":"thecounterteamer","formatid":"gen9vgc2023regulatione","rating":1185,"private":0,"password":""}