{"id":"gen9vgc2023regulatione-1993638462","p1":"SrGrinch","p2":"Yahar","format":"[Gen 9] VGC 2023 Regulation E","log":"|j|\u2606SrGrinch\n|j|\u2606Yahar\n|t:|1700340278\n|gametype|doubles\n|player|p1|SrGrinch|wattson|1337\n|player|p2|Yahar|shauntal|1267\n|teamsize|p1|6\n|teamsize|p2|6\n|gen|9\n|tier|[Gen 9] VGC 2023 Regulation E\n|rated|\n|rule|Species Clause: Limit one of each Pok\u00e9mon\n|rule|Item Clause: Limit one of each item\n|clearpoke\n|poke|p1|Dragonite, L50, M|\n|poke|p1|Chien-Pao, L50|\n|poke|p1|Heatran, L50, M|\n|poke|p1|Grimmsnarl, L50, M|\n|poke|p1|Gyarados, L50, M|\n|poke|p1|Sinistcha, L50|\n|poke|p2|Zapdos, L50|\n|poke|p2|Iron Bundle, L50|\n|poke|p2|Heatran, L50, F|\n|poke|p2|Ogerpon-Wellspring, L50, F|\n|poke|p2|Rillaboom, L50, M|\n|poke|p2|Urshifu-*, L50, F|\n|teampreview|4\n|inactive|Battle timer is ON: inactive players will automatically lose when time's up. (requested by Yahar)\nYahar has agreed to open team sheets.\n|inactive|SrGrinch has 60 seconds left.\n|inactive|Yahar has 60 seconds left.\n|\n|t:|1700340328\n|start\n|switch|p1a: Grimmsnarl|Grimmsnarl, L50, M|100\/100\n|switch|p1b: Gyarados|Gyarados, L50, M|100\/100\n|switch|p2a: Zapdos|Zapdos, L50|100\/100\n|switch|p2b: Iron Bundle|Iron Bundle, L50|100\/100\n|-ability|p1b: Gyarados|Intimidate|boost\n|-unboost|p2a: Zapdos|atk|1\n|-unboost|p2b: Iron Bundle|atk|1\n|-enditem|p2b: Iron Bundle|Booster Energy\n|-activate|p2b: Iron Bundle|ability: Quark Drive|[fromitem]\n|-start|p2b: Iron Bundle|quarkdrivespe\n|turn|1\n|inactive|SrGrinch has 30 seconds left.\n|inactive|SrGrinch has 20 seconds left.\n|\n|t:|1700340366\n|move|p1a: Grimmsnarl|Fake Out|p2a: Zapdos\n|-damage|p2a: Zapdos|92\/100\n|-damage|p1a: Grimmsnarl|84\/100|[from] item: Rocky Helmet|[of] p2a: Zapdos\n|move|p2b: Iron Bundle|Freeze-Dry|p1b: Gyarados\n|-supereffective|p1b: Gyarados\n|-damage|p1b: Gyarados|0 fnt\n|faint|p1b: Gyarados\n|cant|p2a: Zapdos|flinch\n|\n|upkeep\n|\n|t:|1700340377\n|switch|p1b: Dragonite|Dragonite, L50, M|100\/100\n|turn|2\n|\n|t:|1700340398\n|-terastallize|p1b: Dragonite|Normal\n|move|p1b: Dragonite|Extreme Speed|p2b: Iron Bundle\n|-damage|p2b: Iron Bundle|23\/100\n|move|p1a: Grimmsnarl|Parting Shot|p2a: Zapdos\n|-unboost|p2a: Zapdos|atk|1\n|-unboost|p2a: Zapdos|spa|1\n|\n|t:|1700340405\n|switch|p1a: Chien-Pao|Chien-Pao, L50|100\/100|[from] Parting Shot\n|-ability|p1a: Chien-Pao|Sword of Ruin\n|move|p2b: Iron Bundle|Icy Wind|p1b: Dragonite|[spread] p1a,p1b\n|-resisted|p1a: Chien-Pao\n|-damage|p1a: Chien-Pao|84\/100\n|-damage|p1b: Dragonite|82\/100\n|-unboost|p1a: Chien-Pao|spe|1\n|-unboost|p1b: Dragonite|spe|1\n|move|p2a: Zapdos|Tailwind|p2a: Zapdos\n|-sidestart|p2: Yahar|move: Tailwind\n|\n|upkeep\n|turn|3\n|\n|t:|1700340425\n|move|p1b: Dragonite|Extreme Speed|p2a: Zapdos\n|-damage|p2a: Zapdos|19\/100\n|-damage|p1b: Dragonite|65\/100|[from] item: Rocky Helmet|[of] p2a: Zapdos\n|move|p1a: Chien-Pao|Sucker Punch|p2b: Iron Bundle\n|-damage|p2b: Iron Bundle|0 fnt\n|faint|p2b: Iron Bundle\n|-end|p2b: Iron Bundle|Quark Drive|[silent]\n|move|p2a: Zapdos|Thunderbolt|p1b: Dragonite\n|-damage|p1b: Dragonite|42\/100\n|\n|upkeep\n|\n|t:|1700340433\n|switch|p2b: Urshifu|Urshifu, L50, F|100\/100\n|turn|4\n|\n|t:|1700340447\n|-terastallize|p2b: Urshifu|Poison\n|move|p1b: Dragonite|Extreme Speed|p2b: Urshifu\n|-damage|p2b: Urshifu|8\/100\n|move|p1a: Chien-Pao|Sucker Punch||[still]\n|-fail|p1a: Chien-Pao\n|move|p2b: Urshifu|Wicked Blow|p1b: Dragonite\n|-crit|p1b: Dragonite\n|-damage|p1b: Dragonite|0 fnt\n|faint|p1b: Dragonite\n|move|p2a: Zapdos|Roost|p2a: Zapdos\n|-heal|p2a: Zapdos|69\/100\n|-singleturn|p2a: Zapdos|move: Roost\n|\n|upkeep\n|\n|t:|1700340460\n|switch|p1b: Grimmsnarl|Grimmsnarl, L50, M|84\/100\n|turn|5\n|\n|t:|1700340469\n|move|p2b: Urshifu|Protect|p2b: Urshifu\n|-singleturn|p2b: Urshifu|Protect\n|move|p1b: Grimmsnarl|Fake Out|p2b: Urshifu\n|-activate|p2b: Urshifu|move: Protect\n|move|p2a: Zapdos|Thunderbolt|p1a: Chien-Pao\n|-damage|p1a: Chien-Pao|42\/100\n|-status|p1a: Chien-Pao|par\n|cant|p1a: Chien-Pao|par\n|\n|-sideend|p2: Yahar|move: Tailwind\n|upkeep\n|turn|6\n|\n|t:|1700340486\n|move|p2b: Urshifu|Sucker Punch|p1a: Chien-Pao\n|-resisted|p1a: Chien-Pao\n|-damage|p1a: Chien-Pao|19\/100 par\n|cant|p1a: Chien-Pao|par\n|move|p2a: Zapdos|Tailwind|p2a: Zapdos\n|-sidestart|p2: Yahar|move: Tailwind\n|move|p1b: Grimmsnarl|Spirit Break|p2a: Zapdos\n|-damage|p2a: Zapdos|38\/100\n|-unboost|p2a: Zapdos|spa|1\n|-damage|p1b: Grimmsnarl|68\/100|[from] item: Rocky Helmet|[of] p2a: Zapdos\n|\n|upkeep\n|turn|7\n|\n|t:|1700340503\n|move|p1a: Chien-Pao|Protect|p1a: Chien-Pao\n|-singleturn|p1a: Chien-Pao|Protect\n|move|p2b: Urshifu|Close Combat|p1b: Grimmsnarl\n|-damage|p1b: Grimmsnarl|0 fnt\n|-unboost|p2b: Urshifu|def|1\n|-unboost|p2b: Urshifu|spd|1\n|faint|p1b: Grimmsnarl\n|move|p2a: Zapdos|Roost|p2a: Zapdos\n|-heal|p2a: Zapdos|89\/100\n|-singleturn|p2a: Zapdos|move: Roost\n|\n|upkeep\n|turn|8\n|\n|t:|1700340515\n|move|p2b: Urshifu|Sucker Punch|p1a: Chien-Pao\n|-resisted|p1a: Chien-Pao\n|-damage|p1a: Chien-Pao|0 fnt\n|faint|p1a: Chien-Pao\n|\n|win|Yahar\n|raw|SrGrinch's rating: 1337 &rarr; <strong>1313<\/strong><br \/>(-24 for losing)\n|raw|Yahar's rating: 1267 &rarr; <strong>1297<\/strong><br \/>(+30 for winning)\n|l|\u2606SrGrinch\n","uploadtime":1700340641,"views":8,"p1id":"srgrinch","p2id":"yahar","formatid":"gen9vgc2023regulatione","rating":1297,"private":0,"password":""}