{"id":"gen9vgc2023regulatione-1990818005","p1":"catmunk","p2":"Daboudidabouda","format":"[Gen 9] VGC 2023 Regulation E","log":"|j|\u2606catmunk\n|j|\u2606Daboudidabouda\n|t:|1700003947\n|gametype|doubles\n|player|p1|catmunk|benga|1046\n|player|p2|Daboudidabouda|2|1130\n|teamsize|p1|6\n|teamsize|p2|6\n|gen|9\n|tier|[Gen 9] VGC 2023 Regulation E\n|rated|\n|rule|Species Clause: Limit one of each Pok\u00e9mon\n|rule|Item Clause: Limit one of each item\n|clearpoke\n|poke|p1|Roaring Moon, L50|\n|poke|p1|Ogerpon, L50, F|\n|poke|p1|Arcanine-Hisui, L50, M|\n|poke|p1|Urshifu-*, L50, M|\n|poke|p1|Thundurus-Therian, L50, M|\n|poke|p1|Gholdengo, L50|\n|poke|p2|Tornadus, L50, M|\n|poke|p2|Flutter Mane, L50|\n|poke|p2|Rillaboom, L50, F|\n|poke|p2|Ogerpon-Hearthflame, L50, F|\n|poke|p2|Chien-Pao, L50|\n|poke|p2|Dragonite, L50, F|\n|teampreview|4\n|inactive|Battle timer is ON: inactive players will automatically lose when time's up. (requested by catmunk)\n|inactive|Daboudidabouda has 60 seconds left.\ncatmunk has agreed to open team sheets.\nDaboudidabouda has agreed to open team sheets.\n|\n|t:|1700004003\n|start\n|switch|p1a: my child behind|Arcanine-Hisui, L50, M|100\/100\n|switch|p1b: now i suffer|Urshifu-Rapid-Strike, L50, M|100\/100\n|switch|p2a: Ventisca|Tornadus, L50, M|100\/100\n|switch|p2b: Rillaboom|Rillaboom, L50, F|100\/100\n|-ability|p1a: my child behind|Intimidate|boost\n|-unboost|p2a: Ventisca|atk|1\n|-unboost|p2b: Rillaboom|atk|1\n|-fieldstart|move: Grassy Terrain|[from] ability: Grassy Surge|[of] p2b: Rillaboom\n|turn|1\n|\n|t:|1700004026\n|move|p1b: now i suffer|Detect|p1b: now i suffer\n|-singleturn|p1b: now i suffer|Protect\n|move|p2b: Rillaboom|Fake Out|p1a: my child behind\n|-resisted|p1a: my child behind\n|-damage|p1a: my child behind|95\/100\n|move|p2a: Ventisca|Tailwind|p2a: Ventisca\n|-sidestart|p2: Daboudidabouda|move: Tailwind\n|cant|p1a: my child behind|flinch\n|\n|-heal|p1a: my child behind|100\/100|[from] Grassy Terrain\n|upkeep\n|turn|2\n|\n|t:|1700004047\n|move|p2a: Ventisca|Bleakwind Storm|p1b: now i suffer|[spread] p1a,p1b\n|-resisted|p1a: my child behind\n|-supereffective|p1b: now i suffer\n|-damage|p1a: my child behind|80\/100\n|-damage|p1b: now i suffer|4\/100\n|-unboost|p1a: my child behind|spe|1\n|move|p2b: Rillaboom|Stomping Tantrum|p1a: my child behind\n|-supereffective|p1a: my child behind\n|-damage|p1a: my child behind|0 fnt\n|faint|p1a: my child behind\n|move|p1b: now i suffer|Substitute|p1b: now i suffer\n|-fail|p1b: now i suffer|move: Substitute|[weak]\n|\n|-heal|p1b: now i suffer|10\/100|[from] Grassy Terrain\n|upkeep\n|\n|t:|1700004052\n|switch|p1a: the curse and now|Thundurus-Therian, L50, M|100\/100\n|turn|3\n|\n|t:|1700004075\n|move|p1b: now i suffer|Detect|p1b: now i suffer\n|-singleturn|p1b: now i suffer|Protect\n|move|p2a: Ventisca|Taunt|p1a: the curse and now\n|-start|p1a: the curse and now|move: Taunt\n|move|p2b: Rillaboom|Grassy Glide|p1b: now i suffer\n|-activate|p1b: now i suffer|move: Protect\n|move|p1a: the curse and now|Wildbolt Storm|p2b: Rillaboom|[spread] p2a,p2b\n|-supereffective|p2a: Ventisca\n|-resisted|p2b: Rillaboom\n|-damage|p2a: Ventisca|2\/100\n|-damage|p2b: Rillaboom|84\/100\n|\n|-heal|p2b: Rillaboom|89\/100|[from] Grassy Terrain\n|-heal|p1b: now i suffer|16\/100|[from] Grassy Terrain\n|upkeep\n|turn|4\n|\n|t:|1700004097\n|-terastallize|p1a: the curse and now|Flying\n|move|p1b: now i suffer|Detect|p1b: now i suffer\n|-singleturn|p1b: now i suffer|Protect\n|move|p2a: Ventisca|Bleakwind Storm|p1b: now i suffer|[spread] \n|-activate|p1b: now i suffer|move: Protect\n|-miss|p2a: Ventisca|p1a: the curse and now\n|move|p2b: Rillaboom|Wood Hammer|p1a: the curse and now\n|-resisted|p1a: the curse and now\n|-damage|p1a: the curse and now|66\/100\n|-damage|p2b: Rillaboom|81\/100|[from] Recoil\n|move|p1a: the curse and now|Tera Blast|p2b: Rillaboom|[anim] Tera Blast Flying\n|-supereffective|p2b: Rillaboom\n|-damage|p2b: Rillaboom|0 fnt\n|faint|p2b: Rillaboom\n|\n|-heal|p1b: now i suffer|22\/100|[from] Grassy Terrain\n|-sideend|p2: Daboudidabouda|move: Tailwind\n|upkeep\n|\n|t:|1700004114\n|switch|p2b: Brujita|Flutter Mane, L50|100\/100\n|turn|5\n|\n|t:|1700004125\n|move|p2a: Ventisca|Tailwind|p2a: Ventisca\n|-sidestart|p2: Daboudidabouda|move: Tailwind\n|move|p2b: Brujita|Dazzling Gleam|p1a: the curse and now|[spread] p1a,p1b\n|-supereffective|p1b: now i suffer\n|-damage|p1a: the curse and now|33\/100\n|-damage|p1b: now i suffer|0 fnt\n|faint|p1b: now i suffer\n|move|p1a: the curse and now|Wildbolt Storm|p2a: Ventisca|[spread] p2a,p2b\n|-supereffective|p2a: Ventisca\n|-damage|p2a: Ventisca|0 fnt\n|-damage|p2b: Brujita|57\/100\n|faint|p2a: Ventisca\n|\n|-heal|p2b: Brujita|63\/100|[from] Grassy Terrain\n|-end|p1a: the curse and now|move: Taunt\n|-fieldend|move: Grassy Terrain\n|upkeep\n|\n|t:|1700004135\n|switch|p1b: i'm blind|Gholdengo, L50|100\/100\n|switch|p2a: Ogerpon|Ogerpon-Hearthflame, L50, F|100\/100\n|-ability|p2a: Ogerpon|Mold Breaker\n|turn|6\n|\n|t:|1700004146\n|-terastallize|p2a: Ogerpon|Fire\n|detailschange|p2a: Ogerpon|Ogerpon-Hearthflame-Tera, L50, F, tera:Fire\n|-ability|p2a: Ogerpon|Embody Aspect (Hearthflame)|boost\n|-boost|p2a: Ogerpon|atk|1\n|move|p2b: Brujita|Dazzling Gleam|p1a: the curse and now|[spread] p1a,p1b\n|-resisted|p1b: i'm blind\n|-damage|p1a: the curse and now|0 fnt\n|-damage|p1b: i'm blind|77\/100\n|faint|p1a: the curse and now\n|move|p2a: Ogerpon|Ivy Cudgel|p1b: i'm blind|[anim] Ivy Cudgel Fire\n|-supereffective|p1b: i'm blind\n|-crit|p1b: i'm blind\n|-damage|p1b: i'm blind|0 fnt\n|faint|p1b: i'm blind\n|\n|win|Daboudidabouda\n|raw|catmunk's rating: 1046 &rarr; <strong>1033<\/strong><br \/>(-13 for losing)\n|raw|Daboudidabouda's rating: 1130 &rarr; <strong>1149<\/strong><br \/>(+19 for winning)\n|l|\u2606catmunk\n","uploadtime":1700004167,"views":26,"p1id":"catmunk","p2id":"daboudidabouda","formatid":"gen9vgc2023regulatione","rating":1033,"private":0,"password":""}