{"id":"gen9vgc2023regulatione-1989185124","p1":"MunchVGC","p2":"Jstardude","format":"[Gen 9] VGC 2023 Regulation E","log":"|j|\u2606MunchVGC\n|j|\u2606Jstardude\n|n|\u2606MunchVGC|munchvgc\n|n|\u2606Jstardude|jstardude\n|html|View the match progress at <a href=\"\/game-bestof3-gen9vgc2023regulatione-1989180395\">game-bestof3-gen9vgc2023regulatione-1989180395<\/a>\n|t:|1699821167\n|gametype|doubles\n|player|p1|MunchVGC|ingo|\n|player|p2|Jstardude|psychic-gen4|\n|teamsize|p1|6\n|teamsize|p2|6\n|gen|9\n|tier|[Gen 9] VGC 2023 Regulation E\n|rule|Species Clause: Limit one of each Pok\u00e9mon\n|rule|Item Clause: Limit one of each item\n|clearpoke\n|poke|p1|Clefairy, L50, F|\n|poke|p1|Snorlax, L50, M|\n|poke|p1|Gyarados, L50, F|\n|poke|p1|Landorus, L50, M|\n|poke|p1|Spiritomb, L50, M|\n|poke|p1|Heracross, L50, F|\n|poke|p2|Ting-Lu, L50|\n|poke|p2|Basculegion-F, L50, F|\n|poke|p2|Fezandipiti, L50, M|\n|poke|p2|Bisharp, L50, M|\n|poke|p2|Moltres, L50|\n|poke|p2|Tauros-Paldea-Combat, L50, M|\n|teampreview|4\n|inactive|Battle timer is ON: inactive players will automatically lose when time's up. (requested by MunchVGC)\n|j| LackieLackey\n|j| Tuxmux\n|c|\u2606MunchVGC|glhf\n|inactiveoff|Battle timer is now OFF.\n|j| ryanogiggs11\n|j| kodiedunn\n|c|\u2606Jstardude|U2\n|j| jayballester\n|j| Stryke Out\n|\n|t:|1699821233\n|start\n|switch|p1a: Ermac|Spiritomb, L50, M|100\/100\n|switch|p1b: Bob|Snorlax, L50, M, shiny|100\/100\n|switch|p2a: Fezandipiti|Fezandipiti, L50, M|100\/100\n|switch|p2b: Bisharp|Bisharp, L50, M|100\/100\n|turn|1\n|\n|t:|1699821274\n|move|p1a: Ermac|Ally Switch|p1a: Ermac\n|swap|p1a: Ermac|1|[from] move: Ally Switch\n|move|p2a: Fezandipiti|Dazzling Gleam|p1a: Bob|[spread] p1a,p1b\n|-supereffective|p1b: Ermac\n|-damage|p1a: Bob|91\/100\n|-damage|p1b: Ermac|72\/100\n|move|p2b: Bisharp|Swords Dance|p2b: Bisharp\n|-boost|p2b: Bisharp|atk|2\n|move|p1a: Bob|Belly Drum|p1a: Bob\n|-damage|p1a: Bob|41\/100\n|-setboost|p1a: Bob|atk|6|[from] move: Belly Drum\n|-enditem|p1a: Bob|Figy Berry|[eat]\n|-heal|p1a: Bob|74\/100|[from] item: Figy Berry\n|\n|upkeep\n|turn|2\n|\n|t:|1699821309\n|move|p1a: Bob|Protect|p1a: Bob\n|-singleturn|p1a: Bob|Protect\n|move|p2a: Fezandipiti|Dazzling Gleam|p1b: Ermac|[spread] p1b\n|-activate|p1a: Bob|move: Protect\n|-supereffective|p1b: Ermac\n|-damage|p1b: Ermac|44\/100\n|move|p2b: Bisharp|Assurance|p1a: Bob\n|-activate|p1a: Bob|move: Protect\n|move|p1b: Ermac|Trick Room|p1b: Ermac\n|-fieldstart|move: Trick Room|[of] p1b: Ermac\n|\n|upkeep\n|turn|3\n|j| deathdragon25o\n|\n|t:|1699821402\n|-terastallize|p2b: Bisharp|Fairy\n|move|p1a: Bob|High Horsepower|p2a: Fezandipiti\n|-supereffective|p2a: Fezandipiti\n|-damage|p2a: Fezandipiti|0 fnt\n|faint|p2a: Fezandipiti\n|move|p1b: Ermac|Will-O-Wisp|p2b: Bisharp\n|-status|p2b: Bisharp|brn\n|move|p2b: Bisharp|Iron Head|p1a: Bob\n|-damage|p1a: Bob|44\/100\n|\n|-damage|p2b: Bisharp|95\/100 brn|[from] brn\n|upkeep\n|\n|t:|1699821415\n|switch|p2a: Moltres|Moltres, L50|100\/100\n|turn|4\n|\n|t:|1699821434\n|switch|p1b: Gyara ara|Gyarados, L50, F, shiny|100\/100\n|-ability|p1b: Gyara ara|Intimidate|boost\n|-unboost|p2a: Moltres|atk|1\n|-unboost|p2b: Bisharp|atk|1\n|-ability|p2b: Bisharp|Defiant|boost\n|-boost|p2b: Bisharp|atk|2\n|-enditem|p1b: Gyara ara|Mirror Herb\n|-boost|p1b: Gyara ara|atk|2|[from] item: Mirror Herb\n|move|p1a: Bob|Facade|p2b: Bisharp\n|-damage|p2b: Bisharp|21\/100 brn\n|move|p2b: Bisharp|Swords Dance|p2b: Bisharp\n|-boost|p2b: Bisharp|atk|2\n|move|p2a: Moltres|Heat Wave|p1a: Bob|[spread] p1a,p1b\n|-resisted|p1b: Gyara ara\n|-damage|p1a: Bob|16\/100\n|-damage|p1b: Gyara ara|78\/100\n|-status|p1b: Gyara ara|brn\n|\n|-damage|p2b: Bisharp|15\/100 brn|[from] brn\n|-damage|p1b: Gyara ara|72\/100 brn|[from] brn\n|upkeep\n|turn|5\n|\n|t:|1699821509\n|move|p1a: Bob|Protect|p1a: Bob\n|-singleturn|p1a: Bob|Protect\n|move|p2b: Bisharp|Sucker Punch|p1b: Gyara ara\n|-damage|p1b: Gyara ara|0 fnt\n|faint|p1b: Gyara ara\n|move|p2a: Moltres|Heat Wave|p1a: Bob\n|-activate|p1a: Bob|move: Protect\n|\n|-damage|p2b: Bisharp|9\/100 brn|[from] brn\n|upkeep\n|\n|t:|1699821556\n|switch|p1b: Ermac|Spiritomb, L50, M|44\/100\n|turn|6\n|\n|t:|1699821584\n|move|p1b: Ermac|Ally Switch|p1b: Ermac\n|swap|p1b: Ermac|0|[from] move: Ally Switch\n|move|p2b: Bisharp|Sucker Punch||[still]\n|-fail|p2b: Bisharp\n|move|p1b: Bob|Facade|p2a: Moltres\n|-damage|p2a: Moltres|0 fnt\n|-status|p1b: Bob|brn|[from] ability: Flame Body|[of] p2a: Moltres\n|faint|p2a: Moltres\n|\n|-damage|p1b: Bob|10\/100 brn|[from] brn\n|-damage|p2b: Bisharp|3\/100 brn|[from] brn\n|-fieldend|move: Trick Room\n|upkeep\n|\n|t:|1699821591\n|switch|p2a: Ting-Lu|Ting-Lu, L50|100\/100\n|-ability|p2a: Ting-Lu|Vessel of Ruin\n|turn|7\n|l| deathdragon25o\n|\n|t:|1699821614\n|move|p1b: Bob|Protect|p1b: Bob\n|-singleturn|p1b: Bob|Protect\n|move|p2b: Bisharp|Iron Head|p1a: Ermac\n|-damage|p1a: Ermac|0 fnt\n|faint|p1a: Ermac\n|move|p2a: Ting-Lu|Stomping Tantrum|p1b: Bob\n|-activate|p1b: Bob|move: Protect\n|\n|-damage|p2b: Bisharp|0 fnt|[from] brn\n|faint|p2b: Bisharp\n|-damage|p1b: Bob|4\/100 brn|[from] brn\n|upkeep\n|\n|t:|1699821621\n|switch|p1a: Herbie|Heracross, L50, F, shiny|100\/100\n|turn|8\n|\n|t:|1699821629\n|move|p1a: Herbie|Close Combat|p2a: Ting-Lu\n|-supereffective|p2a: Ting-Lu\n|-damage|p2a: Ting-Lu|23\/100\n|-unboost|p1a: Herbie|def|1\n|-unboost|p1a: Herbie|spd|1\n|move|p2a: Ting-Lu|Stomping Tantrum|p1b: Bob\n|-damage|p1b: Bob|0 fnt\n|faint|p1b: Bob\n|\n|upkeep\n|turn|9\n|\n|t:|1699821637\n|move|p1a: Herbie|Close Combat|p2a: Ting-Lu\n|-supereffective|p2a: Ting-Lu\n|-damage|p2a: Ting-Lu|0 fnt\n|-unboost|p1a: Herbie|def|1\n|-unboost|p1a: Herbie|spd|1\n|faint|p2a: Ting-Lu\n|\n|win|MunchVGC\n|c|\u2606MunchVGC|gg\n|l| Stryke Out\n|l| jayballester\n|l| LackieLackey\n|l| ryanogiggs11\n|l| kodiedunn\n|c|\u2606Jstardude|GG\n|l|\u2606Jstardude\n","uploadtime":1699821712,"views":33,"p1id":"munchvgc","p2id":"jstardude","formatid":"gen9vgc2023regulatione","rating":0,"private":0,"password":""}