{"id":"gen9vgc2023regulatione-1992637854","p1":"Miss.Defender","p2":"fiersome11","format":"[Gen 9] VGC 2023 Regulation E","log":"|j|\u2606Miss.Defender\n|j|\u2606fiersome11\n|t:|1700218595\n|gametype|doubles\n|player|p1|Miss.Defender|jasmine|1132\n|player|p2|fiersome11|101|1108\n|teamsize|p1|6\n|teamsize|p2|6\n|gen|9\n|tier|[Gen 9] VGC 2023 Regulation E\n|rated|\n|rule|Species Clause: Limit one of each Pok\u00e9mon\n|rule|Item Clause: Limit one of each item\n|clearpoke\n|poke|p1|Torterra, L50, M|\n|poke|p1|Urshifu-*, L50, M|\n|poke|p1|Farigiraf, L50, M|\n|poke|p1|Grimmsnarl, L50, M|\n|poke|p1|Heatran, L50, M|\n|poke|p1|Iron Hands, L50|\n|poke|p2|Tornadus, L50, M|\n|poke|p2|Iron Bundle, L50|\n|poke|p2|Okidogi, L50, M|\n|poke|p2|Weezing-Galar, L50, M|\n|poke|p2|Cresselia, L50, F|\n|poke|p2|Volcarona, L50, F|\n|teampreview|4\n|\n|t:|1700218653\n|start\n|switch|p1a: Torterra|Torterra, L50, M|100\/100\n|switch|p1b: Iron Hands|Iron Hands, L50|100\/100\n|switch|p2a: Tornadus|Tornadus, L50, M|100\/100\n|switch|p2b: Iron Bundle|Iron Bundle, L50|100\/100\n|turn|1\n|\n|t:|1700218685\n|switch|p1a: Grimmsnarl|Grimmsnarl, L50, M|100\/100\n|move|p2b: Iron Bundle|Protect|p2b: Iron Bundle\n|-singleturn|p2b: Iron Bundle|Protect\n|move|p2a: Tornadus|Taunt|p1a: Grimmsnarl\n|-hint|Since gen 7, Dark is immune to Prankster moves.\n|-immune|p1a: Grimmsnarl\n|move|p1b: Iron Hands|Wild Charge|p2b: Iron Bundle\n|-activate|p2b: Iron Bundle|move: Protect\n|\n|upkeep\n|turn|2\n|\n|t:|1700218708\n|move|p2a: Tornadus|Snowscape|p2a: Tornadus\n|-weather|Snow\n|move|p1a: Grimmsnarl|Light Screen|p1a: Grimmsnarl\n|-sidestart|p1: Miss.Defender|move: Light Screen\n|move|p2b: Iron Bundle|Aurora Veil|p2b: Iron Bundle\n|-sidestart|p2: fiersome11|move: Aurora Veil\n|move|p1b: Iron Hands|Wild Charge|p2a: Tornadus\n|-supereffective|p2a: Tornadus\n|-damage|p2a: Tornadus|18\/100\n|-damage|p1b: Iron Hands|84\/100|[from] Recoil\n|\n|-weather|Snow|[upkeep]\n|upkeep\n|turn|3\n|\n|t:|1700218736\n|move|p1a: Grimmsnarl|Reflect|p1a: Grimmsnarl\n|-sidestart|p1: Miss.Defender|Reflect\n|move|p2b: Iron Bundle|Blizzard|p1b: Iron Hands|[spread] p1a,p1b\n|-damage|p1a: Grimmsnarl|75\/100\n|-damage|p1b: Iron Hands|69\/100\n|move|p2a: Tornadus|Bleakwind Storm|p1a: Grimmsnarl|[spread] p1a,p1b\n|-damage|p1a: Grimmsnarl|54\/100\n|-damage|p1b: Iron Hands|58\/100\n|-unboost|p1a: Grimmsnarl|spe|1\n|-unboost|p1b: Iron Hands|spe|1\n|move|p1b: Iron Hands|Drain Punch|p2b: Iron Bundle\n|-supereffective|p2b: Iron Bundle\n|-damage|p2b: Iron Bundle|54\/100\n|-heal|p1b: Iron Hands|72\/100|[from] drain|[of] p2b: Iron Bundle\n|\n|-weather|Snow|[upkeep]\n|upkeep\n|turn|4\n|\n|t:|1700218762\n|move|p2b: Iron Bundle|Blizzard|p1a: Grimmsnarl|[spread] p1a,p1b\n|-damage|p1a: Grimmsnarl|26\/100\n|-damage|p1b: Iron Hands|57\/100\n|-status|p1b: Iron Hands|frz\n|move|p2a: Tornadus|Bleakwind Storm|p1b: Iron Hands|[spread] p1a\n|-miss|p2a: Tornadus|p1b: Iron Hands\n|-damage|p1a: Grimmsnarl|5\/100\n|move|p1a: Grimmsnarl|Spirit Break|p2a: Tornadus\n|-damage|p2a: Tornadus|0 fnt\n|faint|p2a: Tornadus\n|cant|p1b: Iron Hands|frz\n|\n|-weather|Snow|[upkeep]\n|upkeep\n|\n|t:|1700218773\n|switch|p2a: Volcarona|Volcarona, L50, F|100\/100\n|turn|5\n|\n|t:|1700218787\n|move|p1a: Grimmsnarl|Parting Shot|p2a: Volcarona\n|-unboost|p2a: Volcarona|atk|1\n|-unboost|p2a: Volcarona|spa|1\n|\n|t:|1700218792\n|switch|p1a: Urshifu|Urshifu, L50, M|100\/100|[from] Parting Shot\n|move|p2b: Iron Bundle|Blizzard|p1a: Urshifu|[spread] p1a,p1b\n|-damage|p1a: Urshifu|61\/100\n|-damage|p1b: Iron Hands|42\/100 frz\n|move|p2a: Volcarona|Quiver Dance|p2a: Volcarona\n|-boost|p2a: Volcarona|spa|1\n|-boost|p2a: Volcarona|spd|1\n|-boost|p2a: Volcarona|spe|1\n|cant|p1b: Iron Hands|frz\n|\n|-weather|Snow|[upkeep]\n|upkeep\n|turn|6\n|\n|t:|1700218810\n|-terastallize|p2a: Volcarona|Dragon\n|move|p1a: Urshifu|Detect|p1a: Urshifu\n|-singleturn|p1a: Urshifu|Protect\n|move|p2a: Volcarona|Quiver Dance|p2a: Volcarona\n|-boost|p2a: Volcarona|spa|1\n|-boost|p2a: Volcarona|spd|1\n|-boost|p2a: Volcarona|spe|1\n|move|p2b: Iron Bundle|Blizzard|p1a: Urshifu|[spread] p1b\n|-activate|p1a: Urshifu|move: Protect\n|-damage|p1b: Iron Hands|28\/100 frz\n|cant|p1b: Iron Hands|frz\n|\n|-weather|none\n|upkeep\n|turn|7\n|\n|t:|1700218840\n|move|p1a: Urshifu|Sucker Punch|p2b: Iron Bundle\n|-damage|p2b: Iron Bundle|23\/100\n|move|p2a: Volcarona|Quiver Dance|p2a: Volcarona\n|-boost|p2a: Volcarona|spa|1\n|-boost|p2a: Volcarona|spd|1\n|-boost|p2a: Volcarona|spe|1\n|move|p2b: Iron Bundle|Blizzard|p1b: Iron Hands|[spread] p1a\n|-miss|p2b: Iron Bundle|p1b: Iron Hands\n|-damage|p1a: Urshifu|18\/100\n|-curestatus|p1b: Iron Hands|frz|[msg]\n|move|p1b: Iron Hands|Wild Charge|p2b: Iron Bundle\n|-supereffective|p2b: Iron Bundle\n|-damage|p2b: Iron Bundle|0 fnt\n|faint|p2b: Iron Bundle\n|-end|p2b: Iron Bundle|Quark Drive|[silent]\n|-damage|p1b: Iron Hands|25\/100|[from] Recoil\n|\n|upkeep\n|\n|t:|1700218850\n|switch|p2b: Cresselia|Cresselia, L50, F|100\/100\n|turn|8\n|\n|t:|1700218877\n|-end|p1b: Iron Hands|Quark Drive|[silent]\n|switch|p1b: Grimmsnarl|Grimmsnarl, L50, M|5\/100\n|move|p1a: Urshifu|Sucker Punch|p2a: Volcarona\n|-damage|p2a: Volcarona|70\/100\n|move|p2a: Volcarona|Heat Wave|p1b: Grimmsnarl|[spread] p1a,p1b\n|-damage|p1a: Urshifu|0 fnt\n|-damage|p1b: Grimmsnarl|0 fnt\n|faint|p1a: Urshifu\n|faint|p1b: Grimmsnarl\n|move|p2b: Cresselia|Lunar Blessing|p2b: Cresselia|[spread] p2a,p2b\n|-heal|p2a: Volcarona|95\/100\n|\n|upkeep\n|\n|t:|1700218889\n|switch|p1a: Torterra|Torterra, L50, M|100\/100\n|switch|p1b: Iron Hands|Iron Hands, L50|25\/100\n|turn|9\n|\n|t:|1700218905\n|-terastallize|p1a: Torterra|Water\n|move|p1b: Iron Hands|Fake Out|p2a: Volcarona\n|-damage|p2a: Volcarona|84\/100\n|cant|p2a: Volcarona|flinch\n|move|p2b: Cresselia|Lunar Blessing|p2b: Cresselia|[spread] p2a,p2b\n|-heal|p2a: Volcarona|100\/100\n|move|p1a: Torterra|Amnesia|p1a: Torterra\n|-boost|p1a: Torterra|spd|2\n|\n|-sideend|p1: Miss.Defender|move: Light Screen\n|-sideend|p2: fiersome11|move: Aurora Veil\n|upkeep\n|turn|10\n|\n|t:|1700218929\n|move|p2a: Volcarona|Heat Wave|p1b: Iron Hands|[spread] p1a,p1b\n|-resisted|p1a: Torterra\n|-damage|p1a: Torterra|86\/100\n|-damage|p1b: Iron Hands|0 fnt\n|faint|p1b: Iron Hands\n|-end|p1b: Iron Hands|Quark Drive|[silent]\n|move|p2b: Cresselia|Dazzling Gleam|p1a: Torterra\n|-damage|p1a: Torterra|79\/100\n|move|p1a: Torterra|Leech Seed|p2b: Cresselia\n|-start|p2b: Cresselia|move: Leech Seed\n|\n|-heal|p1a: Torterra|85\/100|[from] item: Leftovers\n|-damage|p2b: Cresselia|88\/100|[from] Leech Seed|[of] p1a: Torterra\n|-heal|p1a: Torterra|99\/100|[silent]\n|-sideend|p1: Miss.Defender|Reflect\n|upkeep\n|turn|11\n|\n|t:|1700218947\n|move|p2a: Volcarona|Quiver Dance|p2a: Volcarona\n|-boost|p2a: Volcarona|spa|1\n|-boost|p2a: Volcarona|spd|1\n|-boost|p2a: Volcarona|spe|1\n|move|p2b: Cresselia|Dazzling Gleam|p1a: Torterra\n|-damage|p1a: Torterra|93\/100\n|move|p1a: Torterra|Leech Seed|p2a: Volcarona\n|-start|p2a: Volcarona|move: Leech Seed\n|\n|-heal|p2b: Cresselia|94\/100|[from] item: Leftovers\n|-heal|p1a: Torterra|99\/100|[from] item: Leftovers\n|-damage|p2a: Volcarona|88\/100|[from] Leech Seed|[of] p1a: Torterra\n|-heal|p1a: Torterra|100\/100|[silent]\n|-damage|p2b: Cresselia|82\/100|[from] Leech Seed|[of] p1a: Torterra\n|upkeep\n|turn|12\n|\n|t:|1700218962\n|move|p2a: Volcarona|Bug Buzz|p1a: Torterra\n|-damage|p1a: Torterra|47\/100\n|move|p2b: Cresselia|Lunar Blessing|p2b: Cresselia|[spread] p2a,p2b\n|-heal|p2a: Volcarona|100\/100\n|-heal|p2b: Cresselia|100\/100\n|move|p1a: Torterra|Amnesia|p1a: Torterra\n|-boost|p1a: Torterra|spd|2\n|\n|-heal|p1a: Torterra|53\/100|[from] item: Leftovers\n|-damage|p2a: Volcarona|88\/100|[from] Leech Seed|[of] p1a: Torterra\n|-heal|p1a: Torterra|65\/100|[silent]\n|-damage|p2b: Cresselia|88\/100|[from] Leech Seed|[of] p1a: Torterra\n|-heal|p1a: Torterra|79\/100|[silent]\n|upkeep\n|turn|13\n|\n|t:|1700218982\n|move|p2a: Volcarona|Quiver Dance|p2a: Volcarona\n|-boost|p2a: Volcarona|spa|1\n|-boost|p2a: Volcarona|spd|1\n|-boost|p2a: Volcarona|spe|1\n|move|p2b: Cresselia|Dazzling Gleam|p1a: Torterra\n|-damage|p1a: Torterra|74\/100\n|move|p1a: Torterra|Amnesia|p1a: Torterra\n|-boost|p1a: Torterra|spd|2\n|\n|-heal|p2b: Cresselia|94\/100|[from] item: Leftovers\n|-heal|p1a: Torterra|80\/100|[from] item: Leftovers\n|-damage|p2a: Volcarona|75\/100|[from] Leech Seed|[of] p1a: Torterra\n|-heal|p1a: Torterra|92\/100|[silent]\n|-damage|p2b: Cresselia|82\/100|[from] Leech Seed|[of] p1a: Torterra\n|-heal|p1a: Torterra|100\/100|[silent]\n|upkeep\n|turn|14\n|\n|t:|1700219000\n|move|p2a: Volcarona|Quiver Dance|p2a: Volcarona\n|-boost|p2a: Volcarona|spa|1\n|-boost|p2a: Volcarona|spd|1\n|-boost|p2a: Volcarona|spe|1\n|move|p2b: Cresselia|Lunar Blessing|p2b: Cresselia|[spread] p2a,p2b\n|-heal|p2a: Volcarona|100\/100\n|-heal|p2b: Cresselia|100\/100\n|move|p1a: Torterra|Iron Defense|p1a: Torterra\n|-boost|p1a: Torterra|def|2\n|\n|-damage|p2a: Volcarona|88\/100|[from] Leech Seed|[of] p1a: Torterra\n|-damage|p2b: Cresselia|88\/100|[from] Leech Seed|[of] p1a: Torterra\n|upkeep\n|turn|15\n|\n|t:|1700219016\n|move|p2a: Volcarona|Quiver Dance|p2a: Volcarona\n|-boost|p2a: Volcarona|spa|1\n|-boost|p2a: Volcarona|spd|0\n|-boost|p2a: Volcarona|spe|0\n|move|p2b: Cresselia|Dazzling Gleam|p1a: Torterra\n|-damage|p1a: Torterra|97\/100\n|move|p1a: Torterra|Body Press|p2a: Volcarona\n|-damage|p2a: Volcarona|28\/100\n|-enditem|p2a: Volcarona|Sitrus Berry|[eat]\n|-heal|p2a: Volcarona|53\/100|[from] item: Sitrus Berry\n|\n|-heal|p2b: Cresselia|94\/100|[from] item: Leftovers\n|-heal|p1a: Torterra|100\/100|[from] item: Leftovers\n|-damage|p2a: Volcarona|41\/100|[from] Leech Seed|[of] p1a: Torterra\n|-damage|p2b: Cresselia|82\/100|[from] Leech Seed|[of] p1a: Torterra\n|upkeep\n|turn|16\n|\n|t:|1700219030\n|move|p2a: Volcarona|Bug Buzz|p1a: Torterra\n|-damage|p1a: Torterra|62\/100\n|move|p2b: Cresselia|Lunar Blessing|p2b: Cresselia|[spread] p2a,p2b\n|-heal|p2a: Volcarona|66\/100\n|-heal|p2b: Cresselia|100\/100\n|move|p1a: Torterra|Amnesia|p1a: Torterra\n|-boost|p1a: Torterra|spd|0\n|\n|-heal|p1a: Torterra|68\/100|[from] item: Leftovers\n|-damage|p2a: Volcarona|53\/100|[from] Leech Seed|[of] p1a: Torterra\n|-heal|p1a: Torterra|80\/100|[silent]\n|-damage|p2b: Cresselia|88\/100|[from] Leech Seed|[of] p1a: Torterra\n|-heal|p1a: Torterra|94\/100|[silent]\n|upkeep\n|turn|17\n|\n|t:|1700219044\n|move|p2a: Volcarona|Bug Buzz|p1a: Torterra\n|-damage|p1a: Torterra|57\/100\n|move|p2b: Cresselia|Lunar Blessing|p2b: Cresselia|[spread] p2a,p2b\n|-heal|p2a: Volcarona|78\/100\n|-heal|p2b: Cresselia|100\/100\n|move|p1a: Torterra|Body Press|p2a: Volcarona\n|-damage|p2a: Volcarona|20\/100\n|-status|p1a: Torterra|brn|[from] ability: Flame Body|[of] p2a: Volcarona\n|\n|-heal|p1a: Torterra|63\/100 brn|[from] item: Leftovers\n|-damage|p2a: Volcarona|8\/100|[from] Leech Seed|[of] p1a: Torterra\n|-heal|p1a: Torterra|75\/100 brn|[silent]\n|-damage|p2b: Cresselia|88\/100|[from] Leech Seed|[of] p1a: Torterra\n|-heal|p1a: Torterra|89\/100 brn|[silent]\n|-damage|p1a: Torterra|83\/100 brn|[from] brn\n|upkeep\n|turn|18\n|\n|t:|1700219061\n|move|p2a: Volcarona|Bug Buzz|p1a: Torterra\n|-damage|p1a: Torterra|45\/100 brn\n|move|p2b: Cresselia|Lunar Blessing|p2b: Cresselia|[spread] p2a,p2b\n|-heal|p2a: Volcarona|33\/100\n|-heal|p2b: Cresselia|100\/100\n|move|p1a: Torterra|Body Press|p2a: Volcarona\n|-damage|p2a: Volcarona|5\/100\n|\n|-heal|p1a: Torterra|50\/100 brn|[from] item: Leftovers\n|-damage|p2a: Volcarona|0 fnt|[from] Leech Seed|[of] p1a: Torterra\n|-heal|p1a: Torterra|55\/100 brn|[silent]\n|faint|p2a: Volcarona\n|-damage|p2b: Cresselia|88\/100|[from] Leech Seed|[of] p1a: Torterra\n|-heal|p1a: Torterra|69\/100 brn|[silent]\n|-damage|p1a: Torterra|63\/100 brn|[from] brn\n|upkeep\n|turn|19\n|\n|t:|1700219079\n|move|p2b: Cresselia|Dazzling Gleam|p1a: Torterra\n|-damage|p1a: Torterra|59\/100 brn\n|move|p1a: Torterra|Iron Defense|p1a: Torterra\n|-boost|p1a: Torterra|def|2\n|\n|-heal|p2b: Cresselia|94\/100|[from] item: Leftovers\n|-heal|p1a: Torterra|65\/100 brn|[from] item: Leftovers\n|-damage|p2b: Cresselia|82\/100|[from] Leech Seed|[of] p1a: Torterra\n|-heal|p1a: Torterra|79\/100 brn|[silent]\n|-damage|p1a: Torterra|73\/100 brn|[from] brn\n|upkeep\n|turn|20\n|-message|fiersome11 forfeited.\n|\n|win|Miss.Defender\n|raw|Miss.Defender's rating: 1132 &rarr; <strong>1155<\/strong><br \/>(+23 for winning)\n|raw|fiersome11's rating: 1108 &rarr; <strong>1085<\/strong><br \/>(-23 for losing)\n|l|\u2606fiersome11\n","uploadtime":1700219109,"views":22,"p1id":"missdefender","p2id":"fiersome11","formatid":"gen9vgc2023regulatione","rating":1085,"private":0,"password":""}