{"id":"gen9vgc2023regulatione-1997869041","p1":"xingshen","p2":"CheebsGeebs","format":"[Gen 9] VGC 2023 Regulation E","log":"|j|\u2606xingshen\n|j|\u2606CheebsGeebs\n|t:|1700861737\n|gametype|doubles\n|player|p1|xingshen|102|1185\n|player|p2|CheebsGeebs|brock|1084\n|teamsize|p1|6\n|teamsize|p2|6\n|gen|9\n|tier|[Gen 9] VGC 2023 Regulation E\n|rated|\n|rule|Species Clause: Limit one of each Pok\u00e9mon\n|rule|Item Clause: Limit one of each item\n|clearpoke\n|poke|p1|Dondozo, L50, F|\n|poke|p1|Dragapult, L50, F|\n|poke|p1|Urshifu-*, L50, F|\n|poke|p1|Amoonguss, L50, F|\n|poke|p1|Tatsugiri, L50, M|\n|poke|p1|Ogerpon-Cornerstone, L50, F|\n|poke|p2|Ninetales-Alola, L50, F|\n|poke|p2|Iron Bundle, L50|\n|poke|p2|Arcanine-Hisui, L50, M|\n|poke|p2|Rillaboom, L50, M|\n|poke|p2|Gholdengo, L50|\n|poke|p2|Urshifu-*, L50, F|\n|teampreview|4\nCheebsGeebs has agreed to open team sheets.\n|inactive|Battle timer is ON: inactive players will automatically lose when time's up. (requested by CheebsGeebs)\n|\n|t:|1700861780\n|start\n|switch|p1a: Dondozo|Dondozo, L50, F|100\/100\n|switch|p1b: Dragapult|Dragapult, L50, F|100\/100\n|switch|p2a: Ninetales|Ninetales-Alola, L50, F|100\/100\n|switch|p2b: Iron Bundle|Iron Bundle, L50|100\/100\n|-weather|Snow|[from] ability: Snow Warning|[of] p2a: Ninetales\n|-enditem|p2b: Iron Bundle|Booster Energy\n|-activate|p2b: Iron Bundle|ability: Quark Drive|[fromitem]\n|-start|p2b: Iron Bundle|quarkdrivespe\n|turn|1\n|inactive|xingshen has 30 seconds left.\n|inactive|CheebsGeebs has 30 seconds left.\n|\n|t:|1700861814\n|move|p1a: Dondozo|Protect|p1a: Dondozo\n|-singleturn|p1a: Dondozo|Protect\n|move|p2b: Iron Bundle|Blizzard|p1a: Dondozo|[spread] p1b\n|-activate|p1a: Dondozo|move: Protect\n|-supereffective|p1b: Dragapult\n|-damage|p1b: Dragapult|0 fnt\n|faint|p1b: Dragapult\n|move|p2a: Ninetales|Aurora Veil|p2a: Ninetales\n|-sidestart|p2: CheebsGeebs|move: Aurora Veil\n|\n|-weather|Snow|[upkeep]\n|upkeep\n|\n|t:|1700861834\n|switch|p1b: Tatsugiri|Tatsugiri, L50, M|100\/100\n|-activate|p1b: Tatsugiri|ability: Commander|[of] p1a: Dondozo\n|-boost|p1a: Dondozo|atk|2\n|-boost|p1a: Dondozo|spa|2\n|-boost|p1a: Dondozo|spe|2\n|-boost|p1a: Dondozo|def|2\n|-boost|p1a: Dondozo|spd|2\n|turn|2\n|\n|t:|1700861858\n|move|p2b: Iron Bundle|Blizzard|p1b: Tatsugiri|[spread] p1a\n|-miss|p2b: Iron Bundle|p1b: Tatsugiri\n|-resisted|p1a: Dondozo\n|-damage|p1a: Dondozo|90\/100\n|move|p2a: Ninetales|Blizzard|p1a: Dondozo|[spread] p1a\n|-miss|p2a: Ninetales|p1b: Tatsugiri\n|-resisted|p1a: Dondozo\n|-damage|p1a: Dondozo|83\/100\n|move|p1a: Dondozo|Earthquake|p2b: Iron Bundle|[spread] p2a,p2b\n|-miss|p1a: Dondozo|p1b: Tatsugiri\n|-damage|p2a: Ninetales|71\/100\n|-damage|p2b: Iron Bundle|75\/100\n|\n|-weather|Snow|[upkeep]\n|upkeep\n|turn|3\n|\n|t:|1700861880\n|move|p1a: Dondozo|Protect|p1a: Dondozo\n|-singleturn|p1a: Dondozo|Protect\n|move|p2b: Iron Bundle|Blizzard|p1a: Dondozo|[spread] \n|-miss|p2b: Iron Bundle|p1b: Tatsugiri\n|-activate|p1a: Dondozo|move: Protect\n|move|p2a: Ninetales|Blizzard|p1b: Tatsugiri|[spread] \n|-miss|p2a: Ninetales|p1b: Tatsugiri\n|-activate|p1a: Dondozo|move: Protect\n|\n|-weather|Snow|[upkeep]\n|upkeep\n|turn|4\n|inactive|CheebsGeebs has 30 seconds left.\n|\n|t:|1700861910\n|move|p2b: Iron Bundle|Blizzard|p1b: Tatsugiri|[spread] p1a\n|-miss|p2b: Iron Bundle|p1b: Tatsugiri\n|-resisted|p1a: Dondozo\n|-damage|p1a: Dondozo|73\/100\n|move|p2a: Ninetales|Blizzard|p1a: Dondozo|[spread] p1a\n|-miss|p2a: Ninetales|p1b: Tatsugiri\n|-resisted|p1a: Dondozo\n|-damage|p1a: Dondozo|65\/100\n|move|p1a: Dondozo|Wave Crash|p2a: Ninetales\n|-damage|p2a: Ninetales|8\/100\n|-damage|p1a: Dondozo|53\/100|[from] Recoil\n|\n|-weather|Snow|[upkeep]\n|upkeep\n|turn|5\n|inactive|CheebsGeebs has 30 seconds left.\n|\n|t:|1700861940\n|move|p1a: Dondozo|Protect|p1a: Dondozo\n|-singleturn|p1a: Dondozo|Protect\n|move|p2b: Iron Bundle|Blizzard|p1b: Tatsugiri|[spread] \n|-miss|p2b: Iron Bundle|p1b: Tatsugiri\n|-activate|p1a: Dondozo|move: Protect\n|move|p2a: Ninetales|Blizzard|p1a: Dondozo|[spread] \n|-miss|p2a: Ninetales|p1b: Tatsugiri\n|-activate|p1a: Dondozo|move: Protect\n|\n|-weather|none\n|upkeep\n|turn|6\n|\n|t:|1700861957\n|move|p2a: Ninetales|Protect|p2a: Ninetales\n|-singleturn|p2a: Ninetales|Protect\n|move|p2b: Iron Bundle|Icy Wind|p1a: Dondozo|[spread] p1a\n|-miss|p2b: Iron Bundle|p1b: Tatsugiri\n|-resisted|p1a: Dondozo\n|-damage|p1a: Dondozo|48\/100\n|-unboost|p1a: Dondozo|spe|1\n|move|p1a: Dondozo|Earthquake|p2b: Iron Bundle|[spread] p2b\n|-miss|p1a: Dondozo|p1b: Tatsugiri\n|-activate|p2a: Ninetales|move: Protect\n|-damage|p2b: Iron Bundle|42\/100\n|\n|upkeep\n|turn|7\n|inactive|CheebsGeebs has 30 seconds left.\n|\n|t:|1700861990\n|move|p2b: Iron Bundle|Icy Wind|p1a: Dondozo|[spread] p1a\n|-miss|p2b: Iron Bundle|p1b: Tatsugiri\n|-resisted|p1a: Dondozo\n|-damage|p1a: Dondozo|43\/100\n|-unboost|p1a: Dondozo|spe|1\n|move|p2a: Ninetales|Moonblast|p1a: Dondozo\n|-damage|p1a: Dondozo|26\/100\n|-unboost|p1a: Dondozo|spa|1\n|move|p1a: Dondozo|Earthquake|p2b: Iron Bundle|[spread] p2a,p2b\n|-miss|p1a: Dondozo|p1b: Tatsugiri\n|-damage|p2a: Ninetales|0 fnt\n|-damage|p2b: Iron Bundle|7\/100\n|faint|p2a: Ninetales\n|\n|upkeep\n|\n|t:|1700862008\n|switch|p2a: Arcanine|Arcanine-Hisui, L50, M|100\/100\n|-ability|p2a: Arcanine|Intimidate|boost\n|-fail|p1a: Dondozo|unboost|Attack|[from] ability: Oblivious|[of] p1a: Dondozo\n|-unboost|p1b: Tatsugiri|atk|1\n|turn|8\n|\n|t:|1700862026\n|move|p1a: Dondozo|Protect|p1a: Dondozo\n|-singleturn|p1a: Dondozo|Protect\n|move|p2b: Iron Bundle|Icy Wind|p1b: Tatsugiri|[spread] \n|-miss|p2b: Iron Bundle|p1b: Tatsugiri\n|-activate|p1a: Dondozo|move: Protect\n|move|p2a: Arcanine|Wild Charge|p1a: Dondozo\n|-activate|p1a: Dondozo|move: Protect\n|\n|-sideend|p2: CheebsGeebs|move: Aurora Veil\n|upkeep\n|turn|9\n|\n|t:|1700862045\n|-terastallize|p1a: Dondozo|Fire\n|move|p2b: Iron Bundle|Icy Wind|p1b: Tatsugiri|[spread] \n|-miss|p2b: Iron Bundle|p1b: Tatsugiri\n|-miss|p2b: Iron Bundle|p1a: Dondozo\n|move|p2a: Arcanine|Wild Charge|p1a: Dondozo\n|-damage|p1a: Dondozo|10\/100\n|-damage|p2a: Arcanine|94\/100|[from] Recoil\n|move|p1a: Dondozo|Earthquake|p2a: Arcanine|[spread] p2a,p2b\n|-miss|p1a: Dondozo|p1b: Tatsugiri\n|-supereffective|p2a: Arcanine\n|-crit|p2b: Iron Bundle\n|-damage|p2a: Arcanine|0 fnt\n|-damage|p2b: Iron Bundle|0 fnt\n|faint|p2a: Arcanine\n|faint|p2b: Iron Bundle\n|-end|p2b: Iron Bundle|Quark Drive|[silent]\n|\n|upkeep\n|\n|t:|1700862063\n|switch|p2b: Specs Dingo|Gholdengo, L50|100\/100\n|turn|10\n|\n|t:|1700862081\n|-terastallize|p2b: Specs Dingo|Dragon\n|move|p2b: Specs Dingo|Shadow Ball|p1a: Dondozo\n|-damage|p1a: Dondozo|0 fnt\n|faint|p1a: Dondozo\n|\n|upkeep\n|\n|t:|1700862089\n|switch|p1a: Urshifu|Urshifu, L50, F|100\/100\n|turn|11\n|\n|t:|1700862106\n|move|p1a: Urshifu|Close Combat|p2b: Specs Dingo\n|-damage|p2b: Specs Dingo|37\/100\n|-unboost|p1a: Urshifu|def|1\n|-unboost|p1a: Urshifu|spd|1\n|move|p1b: Tatsugiri|Icy Wind|p2b: Specs Dingo\n|-supereffective|p2b: Specs Dingo\n|-damage|p2b: Specs Dingo|0 fnt\n|faint|p2b: Specs Dingo\n|\n|win|xingshen\n|raw|xingshen's rating: 1185 &rarr; <strong>1203<\/strong><br \/>(+18 for winning)\n|raw|CheebsGeebs's rating: 1084 &rarr; <strong>1068<\/strong><br \/>(-16 for losing)\n|l|\u2606CheebsGeebs\n","uploadtime":1700862118,"views":9,"p1id":"xingshen","p2id":"cheebsgeebs","formatid":"gen9vgc2023regulatione","rating":1068,"private":0,"password":""}