{"id":"gen9vgc2023regulatione-1994572948","p1":"Stryke Out","p2":"LiluziHit","format":"[Gen 9] VGC 2023 Regulation E","log":"|j|\u2606Stryke Out\n|j|\u2606LiluziHit\n|n|\u2606Stryke Out|strykeout\n|n|\u2606LiluziHit|liluzihit\n|html|View the match progress at <a href=\"\/game-bestof3-gen9vgc2023regulatione-1994572947\">game-bestof3-gen9vgc2023regulatione-1994572947<\/a>\n|t:|1700462175\n|gametype|doubles\n|player|p1|Stryke Out|cynthia-gen4|\n|player|p2|LiluziHit|blue|\n|teamsize|p1|6\n|teamsize|p2|6\n|gen|9\n|tier|[Gen 9] VGC 2023 Regulation E\n|rule|Species Clause: Limit one of each Pok\u00e9mon\n|rule|Item Clause: Limit one of each item\n|clearpoke\n|poke|p1|Ting-Lu, L50|\n|poke|p1|Bisharp, L50, F|\n|poke|p1|Moltres, L50|\n|poke|p1|Stantler, L50, M|\n|poke|p1|Basculegion-F, L50, F|\n|poke|p1|Tauros-Paldea-Combat, L50, M|\n|poke|p2|Kingambit, L50, F|\n|poke|p2|Landorus-Therian, L50, M|\n|poke|p2|Ursaluna-Bloodmoon, L50, M|\n|poke|p2|Dusknoir, L50, F|\n|poke|p2|Munkidori, L50, M|\n|poke|p2|Furret, L50, F|\n|teampreview|4\n|\n|t:|1700462237\n|start\n|switch|p1a: Stantler|Stantler, L50, M|100\/100\n|switch|p1b: Ting-Lu|Ting-Lu, L50|100\/100\n|switch|p2a: Landorus|Landorus-Therian, L50, M, shiny|100\/100\n|switch|p2b: Dusknoir|Dusknoir, L50, F|100\/100\n|-ability|p2a: Landorus|Intimidate|boost\n|-unboost|p1a: Stantler|atk|1\n|-unboost|p1b: Ting-Lu|atk|1\n|-item|p2a: Landorus|Assault Vest|[from] ability: Frisk|[of] p1a: Stantler|[identify]\n|-item|p2b: Dusknoir|Mental Herb|[from] ability: Frisk|[of] p1a: Stantler|[identify]\n|-item|p1a: Stantler|Sitrus Berry|[from] ability: Frisk|[of] p2b: Dusknoir|[identify]\n|-item|p1b: Ting-Lu|Assault Vest|[from] ability: Frisk|[of] p2b: Dusknoir|[identify]\n|-ability|p1b: Ting-Lu|Vessel of Ruin\n|turn|1\n|\n|t:|1700462302\n|switch|p1b: Moltres|Moltres, L50, shiny|100\/100\n|move|p2a: Landorus|U-turn|p1b: Moltres\n|-resisted|p1b: Moltres\n|-damage|p1b: Moltres|94\/100\n|-status|p2a: Landorus|brn|[from] ability: Flame Body|[of] p1b: Moltres\n|\n|t:|1700462312\n|switch|p2a: Ursaluna|Ursaluna-Bloodmoon, L50, M|100\/100|[from] U-turn\n|move|p1a: Stantler|Imprison|p1a: Stantler\n|-start|p1a: Stantler|move: Imprison\n|move|p2b: Dusknoir|Taunt|p1a: Stantler\n|-start|p1a: Stantler|move: Taunt\n|\n|-heal|p1b: Moltres|100\/100|[from] item: Leftovers\n|upkeep\n|turn|2\n|\n|t:|1700462331\n|switch|p1a: Ting-Lu|Ting-Lu, L50|100\/100\n|-ability|p1a: Ting-Lu|Vessel of Ruin\n|-terastallize|p2a: Ursaluna|Normal\n|move|p2b: Dusknoir|Helping Hand|p2a: Ursaluna\n|-singleturn|p2a: Ursaluna|Helping Hand|[of] p2b: Dusknoir\n|move|p1b: Moltres|Will-O-Wisp|p2b: Dusknoir\n|-status|p2b: Dusknoir|brn\n|move|p2a: Ursaluna|Hyper Voice|p1b: Moltres|[spread] p1a,p1b\n|-damage|p1a: Ting-Lu|77\/100\n|-damage|p1b: Moltres|55\/100\n|-enditem|p2a: Ursaluna|Throat Spray\n|-boost|p2a: Ursaluna|spa|1|[from] item: Throat Spray\n|\n|-heal|p1b: Moltres|61\/100|[from] item: Leftovers\n|-damage|p2b: Dusknoir|95\/100 brn|[from] brn\n|upkeep\n|turn|3\n|\n|t:|1700462373\n|move|p2a: Ursaluna|Protect|p2a: Ursaluna\n|-singleturn|p2a: Ursaluna|Protect\n|move|p1b: Moltres|Roost|p1b: Moltres\n|-heal|p1b: Moltres|100\/100\n|-singleturn|p1b: Moltres|move: Roost\n|move|p2b: Dusknoir|Will-O-Wisp|p1a: Ting-Lu\n|-status|p1a: Ting-Lu|brn\n|move|p1a: Ting-Lu|Fissure|p2a: Ursaluna\n|-activate|p2a: Ursaluna|move: Protect\n|\n|-damage|p2b: Dusknoir|89\/100 brn|[from] brn\n|-damage|p1a: Ting-Lu|71\/100 brn|[from] brn\n|upkeep\n|turn|4\n|\n|t:|1700462390\n|move|p2b: Dusknoir|Helping Hand|p2a: Ursaluna\n|-singleturn|p2a: Ursaluna|Helping Hand|[of] p2b: Dusknoir\n|move|p1b: Moltres|Heat Wave|p2a: Ursaluna|[spread] p2a,p2b\n|-damage|p2a: Ursaluna|77\/100\n|-damage|p2b: Dusknoir|72\/100 brn\n|move|p2a: Ursaluna|Hyper Voice|p1b: Moltres|[spread] p1a,p1b\n|-crit|p1b: Moltres\n|-damage|p1a: Ting-Lu|39\/100 brn\n|-damage|p1b: Moltres|0 fnt\n|faint|p1b: Moltres\n|move|p1a: Ting-Lu|Fissure|p2a: Ursaluna|[miss]\n|-miss|p1a: Ting-Lu|p2a: Ursaluna\n|\n|-damage|p2b: Dusknoir|66\/100 brn|[from] brn\n|-damage|p1a: Ting-Lu|33\/100 brn|[from] brn\n|upkeep\n|\n|t:|1700462401\n|switch|p1b: Stantler|Stantler, L50, M|100\/100\n|-item|p2b: Dusknoir|Mental Herb|[from] ability: Frisk|[of] p1b: Stantler|[identify]\n|turn|5\n|\n|t:|1700462422\n|move|p2b: Dusknoir|Helping Hand|p2a: Ursaluna\n|-singleturn|p2a: Ursaluna|Helping Hand|[of] p2b: Dusknoir\n|move|p1b: Stantler|Imprison|p1b: Stantler\n|-start|p1b: Stantler|move: Imprison\n|move|p2a: Ursaluna|Blood Moon|p1b: Stantler\n|-damage|p1b: Stantler|0 fnt\n|faint|p1b: Stantler\n|move|p1a: Ting-Lu|Fissure|p2a: Ursaluna|[miss]\n|-miss|p1a: Ting-Lu|p2a: Ursaluna\n|\n|-damage|p1a: Ting-Lu|27\/100 brn|[from] brn\n|-damage|p2b: Dusknoir|60\/100 brn|[from] brn\n|upkeep\n|\n|t:|1700462433\n|switch|p1b: Basculegion|Basculegion-F, L50, F, shiny|100\/100\n|turn|6\n|\n|t:|1700462460\n|move|p2b: Dusknoir|Helping Hand|p2a: Ursaluna\n|-singleturn|p2a: Ursaluna|Helping Hand|[of] p2b: Dusknoir\n|move|p2a: Ursaluna|Vacuum Wave|p1a: Ting-Lu\n|-supereffective|p1a: Ting-Lu\n|-damage|p1a: Ting-Lu|8\/100 brn\n|move|p1b: Basculegion|Last Respects|p2b: Dusknoir\n|-supereffective|p2b: Dusknoir\n|-damage|p2b: Dusknoir|0 fnt\n|faint|p2b: Dusknoir\n|move|p1a: Ting-Lu|Fissure|p2a: Ursaluna|[miss]\n|-miss|p1a: Ting-Lu|p2a: Ursaluna\n|\n|-damage|p1a: Ting-Lu|2\/100 brn|[from] brn\n|upkeep\n|\n|t:|1700462471\n|switch|p2b: Furret|Furret, L50, F|100\/100\n|turn|7\n|\n|t:|1700462484\n|move|p2b: Furret|Knock Off|p1a: Ting-Lu\n|-resisted|p1a: Ting-Lu\n|-damage|p1a: Ting-Lu|0 fnt\n|-enditem|p1a: Ting-Lu|Assault Vest|[from] move: Knock Off|[of] p2b: Furret\n|faint|p1a: Ting-Lu\n|move|p1b: Basculegion|Last Respects|p1: Ting-Lu|[notarget]\n|-fail|p1b: Basculegion\n|move|p2a: Ursaluna|Blood Moon|p1b: Basculegion\n|-damage|p1b: Basculegion|0 fnt\n|faint|p1b: Basculegion\n|\n|win|LiluziHit\n|inactive|Stryke Out has 50 seconds to confirm battle start!\n|inactive|LiluziHit has 50 seconds to confirm battle start!\n|c|&|\/uhtml prompt-strykeout,Stryke Out is ready for game 2!\n|c|&|\/uhtml prompt-liluzihit,LiluziHit is ready for game 2!\nBoth players are ready! Starting next match!\n","uploadtime":1700462873,"views":6,"p1id":"strykeout","p2id":"liluzihit","formatid":"gen9vgc2023regulatione","rating":0,"private":0,"password":""}