{"id":"gen9vgc2023regulatione-1988350030","p1":"MonoWater Bro","p2":"BlindMagneton","format":"[Gen 9] VGC 2023 Regulation E","log":"|j|\u2606MonoWater Bro\n|j|\u2606BlindMagneton\n|t:|1699712399\n|gametype|doubles\n|player|p1|MonoWater Bro|fisherman-gen4|1119\n|player|p2|BlindMagneton|wattson|1227\n|teamsize|p1|6\n|teamsize|p2|6\n|gen|9\n|tier|[Gen 9] VGC 2023 Regulation E\n|rated|\n|rule|Species Clause: Limit one of each Pok\u00e9mon\n|rule|Item Clause: Limit one of each item\n|clearpoke\n|poke|p1|Urshifu-*, L50, F|\n|poke|p1|Ogerpon-Wellspring, L50, F|\n|poke|p1|Milotic, L50, F|\n|poke|p1|Pelipper, L50, F|\n|poke|p1|Basculegion, L50, M|\n|poke|p1|Iron Bundle, L50|\n|poke|p2|Zoroark-Hisui, L50, M|\n|poke|p2|Grimmsnarl, L50, M|\n|poke|p2|Magnezone, L50|\n|poke|p2|Ogerpon-Wellspring, L50, F|\n|poke|p2|Farigiraf, L50, M|\n|poke|p2|Salamence, L50, M|\n|teampreview|4\nMonoWater Bro has agreed to open team sheets.\n|inactive|Battle timer is ON: inactive players will automatically lose when time's up. (requested by MonoWater Bro)\n|\n|t:|1699712492\n|start\n|switch|p1a: Pelipper|Pelipper, L50, F|100\/100\n|switch|p1b: Iron Bundle|Iron Bundle, L50|100\/100\n|switch|p2a: Grimmsnarl|Grimmsnarl, L50, M|100\/100\n|switch|p2b: Magnezone|Magnezone, L50|100\/100\n|-weather|RainDance|[from] ability: Drizzle|[of] p1a: Pelipper\n|-enditem|p1b: Iron Bundle|Booster Energy\n|-activate|p1b: Iron Bundle|ability: Quark Drive|[fromitem]\n|-start|p1b: Iron Bundle|quarkdrivespe\n|turn|1\n|inactive|BlindMagneton has 30 seconds left.\n|inactive|BlindMagneton has 20 seconds left.\n|\n|t:|1699712528\n|-terastallize|p1a: Pelipper|Ground\n|move|p1b: Iron Bundle|Protect|p1b: Iron Bundle\n|-singleturn|p1b: Iron Bundle|Protect\n|move|p2a: Grimmsnarl|Thunder Wave|p1b: Iron Bundle\n|-activate|p1b: Iron Bundle|move: Protect\n|move|p2b: Magnezone|Hex|p1b: Iron Bundle\n|-activate|p1b: Iron Bundle|move: Protect\n|move|p1a: Pelipper|Hydro Pump|p2b: Magnezone\n|-enditem|p2b: Magnezone|Focus Sash\n|-damage|p2b: Magnezone|1\/100\n|replace|p2b: Zoroark|Zoroark-Hisui, L50, M\n|-end|p2b: Zoroark|Illusion\n|\n|-weather|RainDance|[upkeep]\n|upkeep\n|turn|2\n|inactive|BlindMagneton has 30 seconds left.\n|inactive|BlindMagneton has 20 seconds left.\n|inactive|BlindMagneton has 15 seconds left.\n|inactive|BlindMagneton has 10 seconds left.\n|inactive|BlindMagneton has 5 seconds left.\n|\n|t:|1699712581\n|switch|p2b: Ogerpon|Ogerpon-Wellspring, L50, F|100\/100\n|move|p2a: Grimmsnarl|Thunder Wave|p1b: Iron Bundle\n|-status|p1b: Iron Bundle|par\n|move|p1b: Iron Bundle|Hydro Pump|p2a: Grimmsnarl\n|-damage|p2a: Grimmsnarl|26\/100\n|move|p1a: Pelipper|Icy Wind|p2a: Grimmsnarl|[spread] p2a,p2b\n|-damage|p2a: Grimmsnarl|14\/100\n|-damage|p2b: Ogerpon|86\/100\n|-unboost|p2b: Ogerpon|spe|1\n|\n|-weather|RainDance|[upkeep]\n|upkeep\n|turn|3\n|inactive|BlindMagneton has 30 seconds left.\n|inactive|BlindMagneton has 20 seconds left.\n|\n|t:|1699712621\n|-terastallize|p2b: Ogerpon|Water\n|detailschange|p2b: Ogerpon|Ogerpon-Wellspring-Tera, L50, F, tera:Water\n|-ability|p2b: Ogerpon|Embody Aspect (Wellspring)|boost\n|-boost|p2b: Ogerpon|spd|1\n|move|p1b: Iron Bundle|Protect|p1b: Iron Bundle\n|-singleturn|p1b: Iron Bundle|Protect\n|move|p2b: Ogerpon|Ivy Cudgel|p1a: Pelipper\n|-supereffective|p1a: Pelipper\n|-crit|p1a: Pelipper\n|-damage|p1a: Pelipper|0 fnt\n|faint|p1a: Pelipper\n|move|p2a: Grimmsnarl|Spirit Break|p1b: Iron Bundle\n|-activate|p1b: Iron Bundle|move: Protect\n|\n|-weather|RainDance|[upkeep]\n|upkeep\n|\n|t:|1699712637\n|switch|p1a: Urshifu|Urshifu-Rapid-Strike, L50, F|100\/100\n|turn|4\n|inactive|BlindMagneton has 30 seconds left.\n|inactive|BlindMagneton has 20 seconds left.\n|inactive|BlindMagneton has 15 seconds left.\n|inactive|BlindMagneton has 10 seconds left.\n|inactive|BlindMagneton has 5 seconds left.\n|\n|t:|1699712688\n|switch|p2b: Magnezone|Magnezone, L50|100\/100\n|move|p2a: Grimmsnarl|Thunder Wave|p1a: Urshifu\n|-status|p1a: Urshifu|par\n|move|p1b: Iron Bundle|Freeze-Dry|p2b: Magnezone\n|-resisted|p2b: Magnezone\n|-damage|p2b: Magnezone|85\/100\n|move|p1a: Urshifu|Surging Strikes|p2a: Grimmsnarl\n|-crit|p2a: Grimmsnarl\n|-damage|p2a: Grimmsnarl|0 fnt\n|faint|p2a: Grimmsnarl\n|-hitcount|p2: Grimmsnarl|1\n|\n|-weather|RainDance|[upkeep]\n|upkeep\n|\n|t:|1699712712\n|switch|p2a: Ogerpon|Ogerpon-Wellspring-Tera, L50, F|1\/100\n|-start|p2a: Ogerpon|typechange|Water|[silent]\n|turn|5\n|\n|t:|1699712722\n|move|p2a: Ogerpon|Hex|p1b: Iron Bundle\n|-damage|p1b: Iron Bundle|0 fnt\n|faint|p1b: Iron Bundle\n|-end|p1b: Iron Bundle|Quark Drive|[silent]\n|cant|p1a: Urshifu|par\n|move|p2b: Magnezone|Thunderbolt|p1a: Urshifu\n|-supereffective|p1a: Urshifu\n|-damage|p1a: Urshifu|0 fnt\n|faint|p1a: Urshifu\n|\n|-weather|RainDance|[upkeep]\n|upkeep\n|\n|t:|1699712736\n|switch|p1a: Basculegion|Basculegion, L50, M|100\/100\n|turn|6\n|inactive|BlindMagneton has 30 seconds left.\n|\n|t:|1699712766\n|move|p2a: Ogerpon|Will-O-Wisp|p1a: Basculegion\n|-status|p1a: Basculegion|brn\n|move|p1a: Basculegion|Wave Crash|p2b: Magnezone\n|-damage|p2b: Magnezone|10\/100\n|-damage|p1a: Basculegion|84\/100 brn|[from] item: Rocky Helmet|[of] p2b: Magnezone\n|-damage|p1a: Basculegion|63\/100 brn|[from] Recoil\n|move|p2b: Magnezone|Thunderbolt|p1a: Basculegion\n|-supereffective|p1a: Basculegion\n|-damage|p1a: Basculegion|0 fnt\n|faint|p1a: Basculegion\n|\n|win|BlindMagneton\n|raw|MonoWater Bro's rating: 1119 &rarr; <strong>1102<\/strong><br \/>(-17 for losing)\n|raw|BlindMagneton's rating: 1227 &rarr; <strong>1244<\/strong><br \/>(+17 for winning)\n|l|\u2606MonoWater Bro\n","uploadtime":1699712784,"views":16,"p1id":"monowaterbro","p2id":"blindmagneton","formatid":"gen9vgc2023regulatione","rating":1102,"private":0,"password":""}