{"id":"gen9vgc2023regulatione-1989891175","p1":"Cool Cod","p2":"D0xie","format":"[Gen 9] VGC 2023 Regulation E","log":"|j|\u2606Cool Cod\n|j|\u2606D0xie\n|t:|1699904335\n|gametype|doubles\n|player|p1|Cool Cod|riley|1148\n|player|p2|D0xie|flannery|1175\n|teamsize|p1|6\n|teamsize|p2|6\n|gen|9\n|tier|[Gen 9] VGC 2023 Regulation E\n|rated|\n|rule|Species Clause: Limit one of each Pok\u00e9mon\n|rule|Item Clause: Limit one of each item\n|clearpoke\n|poke|p1|Tornadus, L50, M|\n|poke|p1|Flutter Mane, L50|\n|poke|p1|Landorus-Therian, L50, M|\n|poke|p1|Ninetales-Alola, L50, F|\n|poke|p1|Iron Hands, L50|\n|poke|p1|Urshifu-*, L50, F|\n|poke|p2|Indeedee, L50, M|\n|poke|p2|Armarouge, L50, F|\n|poke|p2|Dondozo, L50, F|\n|poke|p2|Tatsugiri, L50, F|\n|poke|p2|Ursaluna-Bloodmoon, L50, M|\n|poke|p2|Sinistcha, L50|\n|teampreview|4\n|inactive|Battle timer is ON: inactive players will automatically lose when time's up. (requested by Cool Cod)\n|\n|t:|1699904350\n|start\n|switch|p1a: Ninetales|Ninetales-Alola, L50, F|100\/100\n|switch|p1b: Iron Hands|Iron Hands, L50, shiny|100\/100\n|switch|p2a: Indeedee|Indeedee, L50, M|100\/100\n|switch|p2b: Armarouge|Armarouge, L50, F|100\/100\n|-fieldstart|move: Psychic Terrain|[from] ability: Psychic Surge|[of] p2a: Indeedee\n|-weather|Snow|[from] ability: Snow Warning|[of] p1a: Ninetales\n|turn|1\n|\n|t:|1699904358\n|-terastallize|p2b: Armarouge|Psychic\n|move|p1b: Iron Hands|Fake Out|p2b: Armarouge\n|-activate|p2b: Armarouge|move: Psychic Terrain\n|move|p2a: Indeedee|After You|p2b: Armarouge\n|-activate|p2b: Armarouge|move: After You\n|move|p2b: Armarouge|Expanding Force|p1a: Ninetales|[spread] p1a,p1b\n|-supereffective|p1b: Iron Hands\n|-damage|p1a: Ninetales|0 fnt\n|-damage|p1b: Iron Hands|0 fnt\n|faint|p1a: Ninetales\n|faint|p1b: Iron Hands\n|-end|p1b: Iron Hands|Quark Drive|[silent]\n|-damage|p2b: Armarouge|91\/100|[from] item: Life Orb\n|\n|-weather|Snow|[upkeep]\n|upkeep\n|\n|t:|1699904366\n|switch|p1a: Urshifu|Urshifu-Rapid-Strike, L50, F|100\/100\n|switch|p1b: Flutter Mane|Flutter Mane, L50, shiny|100\/100\n|-enditem|p1b: Flutter Mane|Booster Energy\n|-activate|p1b: Flutter Mane|ability: Protosynthesis|[fromitem]\n|-start|p1b: Flutter Mane|protosynthesisspa\n|turn|2\n|\n|t:|1699904385\n|switch|p2a: Dondozo|Dondozo, L50, F|100\/100\n|switch|p2b: Tatsugiri|Tatsugiri, L50, F|100\/100\n|-activate|p2b: Tatsugiri|ability: Commander|[of] p2a: Dondozo\n|-boost|p2a: Dondozo|atk|2\n|-boost|p2a: Dondozo|spa|2\n|-boost|p2a: Dondozo|spe|2\n|-boost|p2a: Dondozo|def|2\n|-boost|p2a: Dondozo|spd|2\n|move|p1b: Flutter Mane|Shadow Ball|p2b: Tatsugiri|[miss]\n|-miss|p1b: Flutter Mane|p2b: Tatsugiri\n|move|p1a: Urshifu|Surging Strikes|p2b: Tatsugiri|[miss]\n|-miss|p1a: Urshifu|p2b: Tatsugiri\n|\n|-weather|Snow|[upkeep]\n|-status|p2b: Tatsugiri|tox|[from] item: Toxic Orb\n|upkeep\n|turn|3\n|\n|t:|1699904408\n|move|p1b: Flutter Mane|Moonblast|p2a: Dondozo\n|-damage|p2a: Dondozo|66\/100\n|move|p1a: Urshifu|Surging Strikes|p2a: Dondozo\n|-resisted|p2a: Dondozo\n|-crit|p2a: Dondozo\n|-damage|p2a: Dondozo|60\/100\n|-resisted|p2a: Dondozo\n|-crit|p2a: Dondozo\n|-damage|p2a: Dondozo|54\/100\n|-resisted|p2a: Dondozo\n|-crit|p2a: Dondozo\n|-damage|p2a: Dondozo|49\/100\n|-hitcount|p2a: Dondozo|3\n|move|p2a: Dondozo|Body Press|p1a: Urshifu\n|-damage|p1a: Urshifu|45\/100\n|\n|-weather|Snow|[upkeep]\n|-heal|p2a: Dondozo|55\/100|[from] item: Leftovers\n|-damage|p2b: Tatsugiri|95\/100 tox|[from] psn\n|upkeep\n|turn|4\n|\n|t:|1699904433\n|move|p1b: Flutter Mane|Moonblast|p2a: Dondozo\n|-damage|p2a: Dondozo|22\/100\n|move|p1a: Urshifu|Surging Strikes|p2a: Dondozo\n|-resisted|p2a: Dondozo\n|-crit|p2a: Dondozo\n|-damage|p2a: Dondozo|17\/100\n|-resisted|p2a: Dondozo\n|-crit|p2a: Dondozo\n|-damage|p2a: Dondozo|11\/100\n|-resisted|p2a: Dondozo\n|-crit|p2a: Dondozo\n|-damage|p2a: Dondozo|5\/100\n|-hitcount|p2a: Dondozo|3\n|move|p2a: Dondozo|Body Press|p1a: Urshifu\n|-damage|p1a: Urshifu|0 fnt\n|faint|p1a: Urshifu\n|\n|-weather|Snow|[upkeep]\n|-heal|p2a: Dondozo|11\/100|[from] item: Leftovers\n|-damage|p2b: Tatsugiri|84\/100 tox|[from] psn\n|upkeep\n|turn|5\n|\n|t:|1699904447\n|-terastallize|p1b: Flutter Mane|Fairy\n|move|p2a: Dondozo|Protect|p2a: Dondozo\n|-singleturn|p2a: Dondozo|Protect\n|move|p1b: Flutter Mane|Moonblast|p2a: Dondozo\n|-activate|p2a: Dondozo|move: Protect\n|\n|-weather|none\n|-heal|p2a: Dondozo|17\/100|[from] item: Leftovers\n|-damage|p2b: Tatsugiri|67\/100 tox|[from] psn\n|-fieldend|move: Psychic Terrain\n|upkeep\n|turn|6\n|\n|t:|1699904459\n|move|p2a: Dondozo|Protect|p2a: Dondozo\n|-singleturn|p2a: Dondozo|Protect\n|move|p1b: Flutter Mane|Moonblast|p2a: Dondozo\n|-activate|p2a: Dondozo|move: Protect\n|\n|-heal|p2a: Dondozo|24\/100|[from] item: Leftovers\n|-damage|p2b: Tatsugiri|45\/100 tox|[from] psn\n|upkeep\n|turn|7\n|\n|t:|1699904467\n|move|p2a: Dondozo|Protect||[still]\n|-fail|p2a: Dondozo\n|move|p1b: Flutter Mane|Moonblast|p2a: Dondozo\n|-damage|p2a: Dondozo|0 fnt\n|faint|p2a: Dondozo\n|\n|-damage|p2b: Tatsugiri|17\/100 tox|[from] psn\n|upkeep\n|\n|t:|1699904478\n|switch|p2a: Armarouge|Armarouge, L50, F, tera:Psychic|91\/100\n|turn|8\n|\n|t:|1699904485\n|switch|p2a: Indeedee|Indeedee, L50, M|100\/100\n|-fieldstart|move: Psychic Terrain|[from] ability: Psychic Surge|[of] p2a: Indeedee\n|move|p1b: Flutter Mane|Protect|p1b: Flutter Mane\n|-singleturn|p1b: Flutter Mane|Protect\n|move|p2b: Tatsugiri|Icy Wind|p1b: Flutter Mane\n|-activate|p1b: Flutter Mane|move: Protect\n|\n|-damage|p2b: Tatsugiri|0 fnt|[from] psn\n|faint|p2b: Tatsugiri\n|upkeep\n|\n|t:|1699904491\n|switch|p2b: Armarouge|Armarouge, L50, F, tera:Psychic|91\/100\n|turn|9\n|\n|t:|1699904497\n|move|p2a: Indeedee|After You|p2b: Armarouge\n|-activate|p2b: Armarouge|move: After You\n|move|p2b: Armarouge|Expanding Force|p1b: Flutter Mane\n|-damage|p1b: Flutter Mane|0 fnt\n|faint|p1b: Flutter Mane\n|-end|p1b: Flutter Mane|Protosynthesis|[silent]\n|-damage|p2b: Armarouge|81\/100|[from] item: Life Orb\n|\n|win|D0xie\n|raw|Cool Cod's rating: 1148 &rarr; <strong>1125<\/strong><br \/>(-23 for losing)\n|raw|D0xie's rating: 1175 &rarr; <strong>1198<\/strong><br \/>(+23 for winning)\n|l|\u2606Cool Cod\n","uploadtime":1699904508,"views":9,"p1id":"coolcod","p2id":"d0xie","formatid":"gen9vgc2023regulatione","rating":1125,"private":0,"password":""}