{"id":"gen9vgc2023regulatione-1993041931","p1":"Shaun969","p2":"ShackWoods","format":"[Gen 9] VGC 2023 Regulation E","log":"|j|\u2606Shaun969\n|j|\u2606ShackWoods\n|t:|1700258365\n|gametype|doubles\n|player|p1|Shaun969|102|1348\n|player|p2|ShackWoods|korrina|1268\n|teamsize|p1|6\n|teamsize|p2|6\n|gen|9\n|tier|[Gen 9] VGC 2023 Regulation E\n|rated|\n|rule|Species Clause: Limit one of each Pok\u00e9mon\n|rule|Item Clause: Limit one of each item\n|clearpoke\n|poke|p1|Landorus-Therian, L50, M|\n|poke|p1|Heatran, L50, M|\n|poke|p1|Baxcalibur, L50, M|\n|poke|p1|Sableye, L50, F|\n|poke|p1|Urshifu-*, L50, M|\n|poke|p1|Rillaboom, L50, M|\n|poke|p2|Haxorus, L50, M|\n|poke|p2|Goodra-Hisui, L50, M|\n|poke|p2|Chandelure, L50, M|\n|poke|p2|Corviknight, L50, M|\n|poke|p2|Lilligant, L50, F|\n|poke|p2|Samurott-Hisui, L50, M|\n|teampreview|4\n|c|\u2606ShackWoods|gl hf\nShackWoods has agreed to open team sheets.\nShaun969 has agreed to open team sheets.\n|\n|t:|1700258427\n|start\n|switch|p1a: Sableye|Sableye, L50, F|100\/100\n|switch|p1b: Baxcalibur|Baxcalibur, L50, M|100\/100\n|switch|p2a: Chandelure|Chandelure, L50, M|100\/100\n|switch|p2b: Goodra|Goodra-Hisui, L50, M|100\/100\n|turn|1\n|inactive|Battle timer is ON: inactive players will automatically lose when time's up. (requested by ShackWoods)\n|inactive|Shaun969 has 60 seconds left.\n|\n|t:|1700258481\n|move|p1a: Sableye|Quash|p2a: Chandelure\n|-activate|p2a: Chandelure|move: Quash\n|move|p1b: Baxcalibur|Swords Dance|p1b: Baxcalibur\n|-boost|p1b: Baxcalibur|atk|2\n|move|p2b: Goodra|Shelter|p2b: Goodra\n|-boost|p2b: Goodra|def|2\n|move|p2a: Chandelure|Trick Room|p2a: Chandelure\n|-fieldstart|move: Trick Room|[of] p2a: Chandelure\n|\n|upkeep\n|turn|2\n|\n|t:|1700258503\n|move|p1b: Baxcalibur|Protect|p1b: Baxcalibur\n|-singleturn|p1b: Baxcalibur|Protect\n|move|p1a: Sableye|Encore|p2a: Chandelure\n|-start|p2a: Chandelure|Encore\n|move|p2b: Goodra|Shelter|p2b: Goodra\n|-boost|p2b: Goodra|def|2\n|move|p2a: Chandelure|Trick Room|p2a: Chandelure\n|-fieldend|move: Trick Room\n|\n|upkeep\n|turn|3\n|inactive|ShackWoods has 30 seconds left.\n|\n|t:|1700258535\n|move|p1a: Sableye|Encore|p2b: Goodra\n|-start|p2b: Goodra|Encore\n|move|p1b: Baxcalibur|Scale Shot|p2a: Chandelure\n|-damage|p2a: Chandelure|69\/100\n|-damage|p2a: Chandelure|42\/100\n|-damage|p2a: Chandelure|14\/100\n|-damage|p2a: Chandelure|0 fnt\n|faint|p2a: Chandelure\n|-hitcount|p2: Chandelure|4\n|-unboost|p1b: Baxcalibur|def|1\n|-boost|p1b: Baxcalibur|spe|1\n|move|p2b: Goodra|Shelter|p2b: Goodra\n|-boost|p2b: Goodra|def|2\n|\n|upkeep\n|\n|t:|1700258555\n|switch|p2a: Samurott|Samurott-Hisui, L50, M|100\/100\n|turn|4\n|\n|t:|1700258573\n|switch|p1a: Heatran|Heatran, L50, M|100\/100\n|move|p1b: Baxcalibur|Scale Shot|p2a: Samurott\n|-damage|p2a: Samurott|66\/100\n|-damage|p2a: Samurott|28\/100\n|-damage|p2a: Samurott|0 fnt\n|faint|p2a: Samurott\n|-hitcount|p2: Samurott|3\n|-unboost|p1b: Baxcalibur|def|1\n|-boost|p1b: Baxcalibur|spe|1\n|move|p2b: Goodra|Shelter|p2b: Goodra\n|-boost|p2b: Goodra|def|0\n|\n|upkeep\n|\n|t:|1700258585\n|switch|p2a: Corviknight|Corviknight, L50, M|100\/100\n|turn|5\n|\n|t:|1700258606\n|move|p1b: Baxcalibur|Icicle Spear|p2a: Corviknight\n|-damage|p2a: Corviknight|75\/100\n|-damage|p2a: Corviknight|53\/100\n|-damage|p2a: Corviknight|29\/100\n|-damage|p2a: Corviknight|5\/100\n|-hitcount|p2a: Corviknight|4\n|move|p1a: Heatran|Heat Wave|p2a: Corviknight|[spread] p2a,p2b\n|-supereffective|p2a: Corviknight\n|-damage|p2a: Corviknight|0 fnt\n|-damage|p2b: Goodra|75\/100\n|faint|p2a: Corviknight\n|move|p2b: Goodra|Shelter|p2b: Goodra\n|-boost|p2b: Goodra|def|0\n|\n|-heal|p2b: Goodra|81\/100|[from] item: Leftovers\n|-end|p2b: Goodra|Encore\n|upkeep\n|turn|6\n|\n|t:|1700258628\n|-terastallize|p1a: Heatran|Grass\n|move|p1b: Baxcalibur|Scale Shot|p2b: Goodra\n|-damage|p2b: Goodra|75\/100\n|-damage|p2b: Goodra|70\/100\n|-damage|p2b: Goodra|65\/100\n|-damage|p2b: Goodra|59\/100\n|-hitcount|p2b: Goodra|4\n|-unboost|p1b: Baxcalibur|def|1\n|-boost|p1b: Baxcalibur|spe|1\n|move|p1a: Heatran|Earth Power|p2b: Goodra\n|-supereffective|p2b: Goodra\n|-damage|p2b: Goodra|18\/100\n|move|p2b: Goodra|Body Press|p1a: Heatran\n|-damage|p1a: Heatran|23\/100\n|\n|-heal|p1a: Heatran|29\/100|[from] item: Leftovers\n|-heal|p2b: Goodra|23\/100|[from] item: Leftovers\n|upkeep\n|turn|7\n|\n|t:|1700258645\n|move|p2b: Goodra|Protect|p2b: Goodra\n|-singleturn|p2b: Goodra|Protect\n|move|p1b: Baxcalibur|Scale Shot|p2b: Goodra\n|-activate|p2b: Goodra|move: Protect\n|move|p1a: Heatran|Earth Power|p2b: Goodra\n|-activate|p2b: Goodra|move: Protect\n|\n|-heal|p1a: Heatran|35\/100|[from] item: Leftovers\n|-heal|p2b: Goodra|29\/100|[from] item: Leftovers\n|upkeep\n|turn|8\n|\n|t:|1700258657\n|-terastallize|p2b: Goodra|Fairy\n|move|p1b: Baxcalibur|Scale Shot|p2b: Goodra\n|-immune|p2b: Goodra\n|move|p1a: Heatran|Earth Power|p2b: Goodra\n|-damage|p2b: Goodra|7\/100\n|move|p2b: Goodra|Body Press|p1b: Baxcalibur\n|-supereffective|p1b: Baxcalibur\n|-damage|p1b: Baxcalibur|0 fnt\n|faint|p1b: Baxcalibur\n|\n|-heal|p1a: Heatran|41\/100|[from] item: Leftovers\n|-heal|p2b: Goodra|13\/100|[from] item: Leftovers\n|upkeep\n|\n|t:|1700258675\n|switch|p1b: Sableye|Sableye, L50, F|100\/100\n|turn|9\n|\n|t:|1700258687\n|move|p1b: Sableye|Disable|p2b: Goodra\n|-start|p2b: Goodra|Disable|Body Press\n|move|p1a: Heatran|Flash Cannon|p2b: Goodra\n|-supereffective|p2b: Goodra\n|-damage|p2b: Goodra|0 fnt\n|faint|p2b: Goodra\n|\n|win|Shaun969\n|raw|Shaun969's rating: 1348 &rarr; <strong>1363<\/strong><br \/>(+15 for winning)\n|raw|ShackWoods's rating: 1268 &rarr; <strong>1249<\/strong><br \/>(-19 for losing)\n|c|\u2606ShackWoods|gg\n|c|\u2606Shaun969|gg\n","uploadtime":1700258695,"views":11,"p1id":"shaun969","p2id":"shackwoods","formatid":"gen9vgc2023regulatione","rating":1249,"private":0,"password":""}