{"id":"gen9vgc2023regulatione-1990498525","p1":"LasPruebitas","p2":"PeekayW","format":"[Gen 9] VGC 2023 Regulation E","log":"|j|\u2606LasPruebitas\n|j|\u2606PeekayW\n|t:|1699976385\n|gametype|doubles\n|player|p1|LasPruebitas|dragontamer|1331\n|player|p2|PeekayW|102|1358\n|teamsize|p1|6\n|teamsize|p2|6\n|gen|9\n|tier|[Gen 9] VGC 2023 Regulation E\n|rated|\n|rule|Species Clause: Limit one of each Pok\u00e9mon\n|rule|Item Clause: Limit one of each item\n|clearpoke\n|poke|p1|Zapdos-Galar, L50|\n|poke|p1|Amoonguss, L50, M|\n|poke|p1|Maushold, L50|\n|poke|p1|Heatran, L50, M|\n|poke|p1|Empoleon, L50, F|\n|poke|p1|Iron Hands, L50|\n|poke|p2|Gholdengo, L50|\n|poke|p2|Iron Hands, L50|\n|poke|p2|Amoonguss, L50, M|\n|poke|p2|Roaring Moon, L50|\n|poke|p2|Urshifu-*, L50, F|\n|poke|p2|Landorus-Therian, L50, M|\n|teampreview|4\n|inactive|Battle timer is ON: inactive players will automatically lose when time's up. (requested by LasPruebitas)\n|inactive|LasPruebitas has 60 seconds left.\n|inactive|PeekayW has 60 seconds left.\n|\n|t:|1699976430\n|start\n|switch|p1a: La Novia|Heatran, L50, M|100\/100\n|switch|p1b: Los Ramirez|Maushold, L50|100\/100\n|switch|p2a: Gholdengo|Gholdengo, L50|100\/100\n|switch|p2b: Iron Hands|Iron Hands, L50|100\/100\n|turn|1\n|\n|t:|1699976453\n|-terastallize|p2a: Gholdengo|Dragon\n|move|p1b: Los Ramirez|Super Fang|p2b: Iron Hands\n|-damage|p2b: Iron Hands|50\/100\n|move|p2a: Gholdengo|Make It Rain|p1a: La Novia|[spread] p1a,p1b\n|-resisted|p1a: La Novia\n|-damage|p1a: La Novia|91\/100\n|-damage|p1b: Los Ramirez|9\/100\n|-unboost|p2a: Gholdengo|spa|1\n|-damage|p2a: Gholdengo|91\/100|[from] item: Life Orb\n|move|p1a: La Novia|Flamethrower|p2a: Gholdengo\n|-resisted|p2a: Gholdengo\n|-damage|p2a: Gholdengo|66\/100\n|move|p2b: Iron Hands|Drain Punch|p1a: La Novia\n|-supereffective|p1a: La Novia\n|-damage|p1a: La Novia|32\/100\n|-heal|p2b: Iron Hands|74\/100|[from] drain|[of] p1a: La Novia\n|\n|-heal|p1a: La Novia|39\/100|[from] item: Leftovers\n|upkeep\n|turn|2\n|inactive|LasPruebitas has 30 seconds left.\n|\n|t:|1699976481\n|move|p2a: Gholdengo|Protect|p2a: Gholdengo\n|-singleturn|p2a: Gholdengo|Protect\n|move|p1a: La Novia|Protect|p1a: La Novia\n|-singleturn|p1a: La Novia|Protect\n|move|p1b: Los Ramirez|Super Fang|p2b: Iron Hands\n|-damage|p2b: Iron Hands|37\/100\n|move|p2b: Iron Hands|Drain Punch|p1b: Los Ramirez\n|-supereffective|p1b: Los Ramirez\n|-damage|p1b: Los Ramirez|0 fnt\n|-heal|p2b: Iron Hands|40\/100|[from] drain|[of] p1b: Los Ramirez\n|-damage|p2b: Iron Hands|23\/100|[from] item: Rocky Helmet|[of] p1b: Los Ramirez\n|faint|p1b: Los Ramirez\n|\n|-heal|p1a: La Novia|45\/100|[from] item: Leftovers\n|upkeep\n|\n|t:|1699976500\n|switch|p1b: Iron Hands|Iron Hands, L50|100\/100\n|turn|3\n|\n|t:|1699976513\n|-end|p2b: Iron Hands|Quark Drive|[silent]\n|switch|p2b: Landorus|Landorus-Therian, L50, M|100\/100\n|-ability|p2b: Landorus|Intimidate|boost\n|-unboost|p1a: La Novia|atk|1\n|-unboost|p1b: Iron Hands|atk|1\n|move|p2a: Gholdengo|Shadow Ball|p1a: La Novia\n|-damage|p1a: La Novia|15\/100\n|-damage|p2a: Gholdengo|56\/100|[from] item: Life Orb\n|move|p1a: La Novia|Earth Power|p2a: Gholdengo\n|-damage|p2a: Gholdengo|24\/100\n|move|p1b: Iron Hands|Drain Punch|p2b: Landorus\n|-resisted|p2b: Landorus\n|-damage|p2b: Landorus|84\/100\n|\n|-heal|p1a: La Novia|21\/100|[from] item: Leftovers\n|upkeep\n|turn|4\n|\n|t:|1699976537\n|-end|p1b: Iron Hands|Quark Drive|[silent]\n|switch|p1b: LegDayZapdos|Zapdos-Galar, L50|100\/100\n|move|p1a: La Novia|Protect|p1a: La Novia\n|-singleturn|p1a: La Novia|Protect\n|move|p2b: Landorus|Stomping Tantrum|p1b: LegDayZapdos\n|-immune|p1b: LegDayZapdos\n|move|p2a: Gholdengo|Shadow Ball|p1b: LegDayZapdos\n|-damage|p1b: LegDayZapdos|58\/100\n|-unboost|p1b: LegDayZapdos|spd|1\n|-ability|p1b: LegDayZapdos|Defiant|boost\n|-boost|p1b: LegDayZapdos|atk|2\n|-damage|p2a: Gholdengo|14\/100|[from] item: Life Orb\n|\n|-heal|p1a: La Novia|27\/100|[from] item: Leftovers\n|upkeep\n|turn|5\n|inactive|LasPruebitas has 30 seconds left.\n|\n|t:|1699976566\n|switch|p1a: Iron Hands|Iron Hands, L50|100\/100\n|move|p2a: Gholdengo|Protect|p2a: Gholdengo\n|-singleturn|p2a: Gholdengo|Protect\n|move|p1b: LegDayZapdos|Brave Bird|p2b: Landorus\n|-damage|p2b: Landorus|0 fnt\n|faint|p2b: Landorus\n|-damage|p1b: LegDayZapdos|29\/100|[from] Recoil\n|\n|upkeep\n|\n|t:|1699976576\n|switch|p2b: Iron Hands|Iron Hands, L50|23\/100\n|turn|6\n|\n|t:|1699976584\n|move|p1a: Iron Hands|Fake Out|p2b: Iron Hands\n|-damage|p2b: Iron Hands|12\/100\n|cant|p2b: Iron Hands|flinch\n|move|p1b: LegDayZapdos|Brave Bird|p2a: Gholdengo\n|-damage|p2a: Gholdengo|0 fnt\n|faint|p2a: Gholdengo\n|-damage|p1b: LegDayZapdos|24\/100|[from] Recoil\n|\n|upkeep\n|\n|t:|1699976593\n|switch|p2a: Roaring Moon|Roaring Moon, L50|100\/100\n|-enditem|p2a: Roaring Moon|Booster Energy\n|-activate|p2a: Roaring Moon|ability: Protosynthesis|[fromitem]\n|-start|p2a: Roaring Moon|protosynthesisspe\n|turn|7\n|-message|PeekayW forfeited.\n|\n|win|LasPruebitas\n|raw|LasPruebitas's rating: 1331 &rarr; <strong>1353<\/strong><br \/>(+22 for winning)\n|raw|PeekayW's rating: 1358 &rarr; <strong>1336<\/strong><br \/>(-22 for losing)\n|l|\u2606PeekayW\n","uploadtime":1699976618,"views":10,"p1id":"laspruebitas","p2id":"peekayw","formatid":"gen9vgc2023regulatione","rating":1336,"private":0,"password":""}