{"id":"gen9vgc2023regulatione-1988649793","p1":"treezmcgee","p2":"Yala1331","format":"[Gen 9] VGC 2023 Regulation E","log":"|j|\u2606treezmcgee\n|j|\u2606Yala1331\n|t:|1699746198\n|gametype|doubles\n|player|p1|treezmcgee|swimmerf-gen4|1056\n|player|p2|Yala1331|102|1031\n|teamsize|p1|6\n|teamsize|p2|6\n|gen|9\n|tier|[Gen 9] VGC 2023 Regulation E\n|rated|\n|rule|Species Clause: Limit one of each Pok\u00e9mon\n|rule|Item Clause: Limit one of each item\n|clearpoke\n|poke|p1|Polteageist-Antique, L50|\n|poke|p1|Maushold, L50|\n|poke|p1|Appletun, L50, M|\n|poke|p1|Grimmsnarl, L50, M|\n|poke|p1|Goodra-Hisui, L50, M|\n|poke|p1|Umbreon, L50, F|\n|poke|p2|Sableye, L50, F|\n|poke|p2|Regieleki, L50|\n|poke|p2|Hatterene, L50, F|\n|poke|p2|Enamorus, L50, F|\n|poke|p2|Gengar, L50, F|\n|poke|p2|Maushold-Four, L50|\n|teampreview|4\n|inactive|Battle timer is ON: inactive players will automatically lose when time's up. (requested by treezmcgee)\ntreezmcgee rejected open team sheets.\n|\n|t:|1699746222\n|start\n|switch|p1a: Goodra|Goodra-Hisui, L50, M|100\/100\n|switch|p1b: Grimmsnarl|Grimmsnarl, L50, M|100\/100\n|switch|p2a: Sableye|Sableye, L50, F, shiny|100\/100\n|switch|p2b: Gengar|Gengar, L50, F, shiny|100\/100\n|turn|1\n|\n|t:|1699746242\n|move|p1b: Grimmsnarl|Light Screen|p1b: Grimmsnarl\n|-sidestart|p1: treezmcgee|move: Light Screen\n|move|p2a: Sableye|Gravity|p2a: Sableye\n|-fieldstart|move: Gravity\n|move|p2b: Gengar|Hypnosis|p1a: Goodra\n|-status|p1a: Goodra|slp|[from] move: Hypnosis\n|cant|p1a: Goodra|slp\n|\n|upkeep\n|turn|2\n|\n|t:|1699746259\n|switch|p2a: Regieleki|Regieleki, L50|100\/100\n|move|p1b: Grimmsnarl|Reflect|p1b: Grimmsnarl\n|-sidestart|p1: treezmcgee|Reflect\n|move|p2b: Gengar|Mean Look|p1a: Goodra\n|-activate|p1a: Goodra|trapped\n|-curestatus|p1a: Goodra|slp|[msg]\n|move|p1a: Goodra|Iron Head|p2a: Regieleki\n|-resisted|p2a: Regieleki\n|-damage|p2a: Regieleki|73\/100\n|\n|upkeep\n|turn|3\n|\n|t:|1699746278\n|move|p1b: Grimmsnarl|Parting Shot|p2a: Regieleki\n|-unboost|p2a: Regieleki|atk|1\n|-unboost|p2a: Regieleki|spa|1\n|\n|t:|1699746285\n|switch|p1b: Polteageist|Polteageist-Antique, L50|100\/100|[from] Parting Shot\n|move|p2a: Regieleki|Zap Cannon|p1b: Polteageist|[miss]\n|-miss|p2a: Regieleki|p1b: Polteageist\n|move|p2b: Gengar|Hypnosis|p1a: Goodra\n|-status|p1a: Goodra|slp|[from] move: Hypnosis\n|cant|p1a: Goodra|slp\n|\n|upkeep\n|turn|4\n|\n|t:|1699746305\n|move|p2a: Regieleki|Volt Switch|p1a: Goodra\n|-resisted|p1a: Goodra\n|-damage|p1a: Goodra|96\/100 slp\n|\n|t:|1699746313\n|switch|p2a: Maushold|Maushold-Four, L50|100\/100|[from] Volt Switch\n|move|p2b: Gengar|Hypnosis|p1b: Polteageist\n|-status|p1b: Polteageist|slp|[from] move: Hypnosis\n|cant|p1b: Polteageist|slp\n|cant|p1a: Goodra|slp\n|\n|upkeep\n|turn|5\n|\n|t:|1699746327\n|move|p2b: Gengar|Dream Eater|p1b: Polteageist\n|-damage|p1b: Polteageist|78\/100 slp\n|move|p2a: Maushold|Super Fang|p1a: Goodra\n|-damage|p1a: Goodra|49\/100 slp\n|cant|p1b: Polteageist|slp\n|cant|p1a: Goodra|slp\n|\n|-fieldend|move: Gravity\n|upkeep\n|turn|6\n|\n|t:|1699746341\n|switch|p2b: Sableye|Sableye, L50, F, shiny|100\/100\n|move|p2a: Maushold|Population Bomb|p1a: Goodra\n|-resisted|p1a: Goodra\n|-damage|p1a: Goodra|46\/100 slp\n|-hitcount|p1a: Goodra|1\n|cant|p1b: Polteageist|slp\n|-curestatus|p1a: Goodra|slp|[msg]\n|move|p1a: Goodra|Outrage|p2b: Sableye\n|-damage|p2b: Sableye|44\/100\n|-damage|p1a: Goodra|29\/100|[from] item: Rocky Helmet|[of] p2b: Sableye\n|\n|upkeep\n|turn|7\n|\n|t:|1699746357\n|-terastallize|p2a: Maushold|Normal\n|move|p2b: Sableye|Gravity|p2b: Sableye\n|-fieldstart|move: Gravity\n|move|p2a: Maushold|Population Bomb|p1a: Goodra\n|-resisted|p1a: Goodra\n|-damage|p1a: Goodra|25\/100\n|-resisted|p1a: Goodra\n|-damage|p1a: Goodra|21\/100\n|-resisted|p1a: Goodra\n|-damage|p1a: Goodra|17\/100\n|-resisted|p1a: Goodra\n|-damage|p1a: Goodra|13\/100\n|-resisted|p1a: Goodra\n|-damage|p1a: Goodra|10\/100\n|-resisted|p1a: Goodra\n|-crit|p1a: Goodra\n|-damage|p1a: Goodra|0 fnt\n|faint|p1a: Goodra\n|-hitcount|p1: Goodra|6\n|-curestatus|p1b: Polteageist|slp|[msg]\n|move|p1b: Polteageist|Strength Sap|p1: Goodra|[notarget]\n|-fail|p1b: Polteageist\n|\n|upkeep\n|\n|t:|1699746376\n|switch|p1a: Umbreon|Umbreon, L50, F|100\/100\n|turn|8\n|\n|t:|1699746393\n|move|p2b: Sableye|Disable|p1b: Polteageist\n|-start|p1b: Polteageist|Disable|Strength Sap\n|move|p2a: Maushold|Population Bomb|p1a: Umbreon\n|-damage|p1a: Umbreon|93\/100\n|-damage|p1a: Umbreon|86\/100\n|-damage|p1a: Umbreon|78\/100\n|-damage|p1a: Umbreon|70\/100\n|-damage|p1a: Umbreon|63\/100\n|-damage|p1a: Umbreon|55\/100\n|-damage|p1a: Umbreon|48\/100\n|-damage|p1a: Umbreon|40\/100\n|-damage|p1a: Umbreon|33\/100\n|-crit|p1a: Umbreon\n|-damage|p1a: Umbreon|16\/100\n|-enditem|p1a: Umbreon|Starf Berry|[eat]\n|-boost|p1a: Umbreon|spe|2|[from] item: Starf Berry\n|-hitcount|p1a: Umbreon|10\n|cant|p1a: Umbreon|flinch\n|cant|p1b: Polteageist|Disable|Strength Sap\n|\n|-sideend|p1: treezmcgee|move: Light Screen\n|upkeep\n|turn|9\n|inactive|treezmcgee has 30 seconds left.\n|inactive|Yala1331 has 30 seconds left.\n|inactive|treezmcgee has 20 seconds left.\n|\n|t:|1699746429\n|move|p1a: Umbreon|Toxic|p2a: Maushold\n|-status|p2a: Maushold|tox\n|move|p2a: Maushold|Population Bomb|p1a: Umbreon\n|-damage|p1a: Umbreon|8\/100\n|-damage|p1a: Umbreon|0 fnt\n|faint|p1a: Umbreon\n|-hitcount|p1: Umbreon|2\n|move|p2b: Sableye|Foul Play|p1b: Polteageist\n|-supereffective|p1b: Polteageist\n|-damage|p1b: Polteageist|49\/100\n|-ability|p1b: Polteageist|Weak Armor|boost\n|-unboost|p1b: Polteageist|def|1\n|-boost|p1b: Polteageist|spe|2\n|move|p1b: Polteageist|Trick Room|p1b: Polteageist\n|-fieldstart|move: Trick Room|[of] p1b: Polteageist\n|\n|-damage|p2a: Maushold|94\/100 tox|[from] psn\n|-sideend|p1: treezmcgee|Reflect\n|upkeep\n|\n|t:|1699746444\n|switch|p1a: Grimmsnarl|Grimmsnarl, L50, M|100\/100\n|turn|10\n|\n|t:|1699746458\n|move|p1a: Grimmsnarl|Reflect|p1a: Grimmsnarl\n|-sidestart|p1: treezmcgee|Reflect\n|move|p2b: Sableye|Foul Play|p1b: Polteageist\n|-supereffective|p1b: Polteageist\n|-damage|p1b: Polteageist|12\/100\n|-ability|p1b: Polteageist|Weak Armor|boost\n|-unboost|p1b: Polteageist|def|1\n|-boost|p1b: Polteageist|spe|2\n|move|p2a: Maushold|Population Bomb|p1a: Grimmsnarl\n|-damage|p1a: Grimmsnarl|91\/100\n|-damage|p1a: Grimmsnarl|79\/100\n|-damage|p1a: Grimmsnarl|69\/100\n|-damage|p1a: Grimmsnarl|58\/100\n|-damage|p1a: Grimmsnarl|47\/100\n|-damage|p1a: Grimmsnarl|36\/100\n|-damage|p1a: Grimmsnarl|24\/100\n|-damage|p1a: Grimmsnarl|14\/100\n|-damage|p1a: Grimmsnarl|2\/100\n|-damage|p1a: Grimmsnarl|0 fnt\n|faint|p1a: Grimmsnarl\n|-hitcount|p1: Grimmsnarl|10\n|move|p1b: Polteageist|Shadow Ball|p2b: Sableye\n|-damage|p2b: Sableye|0 fnt\n|faint|p2b: Sableye\n|\n|-damage|p2a: Maushold|82\/100 tox|[from] psn\n|upkeep\n|\n|t:|1699746479\n|switch|p2b: Gengar|Gengar, L50, F, shiny|100\/100\n|turn|11\n|-message|treezmcgee forfeited.\n|\n|win|Yala1331\n|raw|treezmcgee's rating: 1056 &rarr; <strong>1036<\/strong><br \/>(-20 for losing)\n|raw|Yala1331's rating: 1031 &rarr; <strong>1069<\/strong><br \/>(+38 for winning)\n|l|\u2606treezmcgee\n","uploadtime":1699746500,"views":32,"p1id":"treezmcgee","p2id":"yala1331","formatid":"gen9vgc2023regulatione","rating":1036,"private":0,"password":""}