{"id":"gen9vgc2023regulatione-1995568910","p1":"Porkoroso","p2":"Tyranichunk","format":"[Gen 9] VGC 2023 Regulation E","log":"|j|\u2606Porkoroso\n|j|\u2606Tyranichunk\n|t:|1700583676\n|gametype|doubles\n|player|p1|Porkoroso|101|1166\n|player|p2|Tyranichunk|hilbert|1215\n|teamsize|p1|6\n|teamsize|p2|6\n|gen|9\n|tier|[Gen 9] VGC 2023 Regulation E\n|rated|\n|rule|Species Clause: Limit one of each Pok\u00e9mon\n|rule|Item Clause: Limit one of each item\n|clearpoke\n|poke|p1|Moltres-Galar, L50|\n|poke|p1|Illumise, L50, F|\n|poke|p1|Abomasnow, L50, M|\n|poke|p1|Sableye, L50, M|\n|poke|p1|Goodra-Hisui, L50, M|\n|poke|p1|Articuno, L50|\n|poke|p2|Basculegion-F, L50, F|\n|poke|p2|Ogerpon-Wellspring, L50, F|\n|poke|p2|Tornadus, L50, M|\n|poke|p2|Flutter Mane, L50|\n|poke|p2|Iron Hands, L50|\n|poke|p2|Pelipper, L50, M|\n|teampreview|4\n|inactive|Battle timer is ON: inactive players will automatically lose when time's up. (requested by Tyranichunk)\n|inactive|Porkoroso has 60 seconds left.\n|\n|t:|1700583718\n|start\n|switch|p1a: Sableye|Sableye, L50, M, shiny|100\/100\n|switch|p1b: Goodra|Goodra-Hisui, L50, M, shiny|100\/100\n|switch|p2a: Tornadus|Tornadus, L50, M|100\/100\n|switch|p2b: Flutter Mane|Flutter Mane, L50|100\/100\n|-enditem|p2b: Flutter Mane|Booster Energy\n|-activate|p2b: Flutter Mane|ability: Protosynthesis|[fromitem]\n|-start|p2b: Flutter Mane|protosynthesisspa\n|turn|1\n|inactive|Tyranichunk has 30 seconds left.\n|inactive|Tyranichunk has 20 seconds left.\n|inactive|Tyranichunk has 15 seconds left.\n|inactive|Tyranichunk has 10 seconds left.\n|inactive|Tyranichunk has 5 seconds left.\n|\n|t:|1700583772\n|switch|p1a: Bluey|Abomasnow, L50, M, shiny|100\/100\n|-weather|Snow|[from] ability: Snow Warning|[of] p1a: Bluey\n|-terastallize|p2a: Tornadus|Dark\n|move|p2a: Tornadus|Rain Dance|p2a: Tornadus\n|-weather|RainDance\n|move|p2b: Flutter Mane|Moonblast|p1a: Bluey\n|-damage|p1a: Bluey|35\/100\n|move|p1b: Goodra|Flash Cannon|p2b: Flutter Mane\n|-supereffective|p2b: Flutter Mane\n|-damage|p2b: Flutter Mane|4\/100\n|\n|-weather|RainDance|[upkeep]\n|upkeep\n|turn|2\n|\n|t:|1700583793\n|-terastallize|p1b: Goodra|Water\n|move|p1a: Bluey|Protect|p1a: Bluey\n|-singleturn|p1a: Bluey|Protect\n|move|p2b: Flutter Mane|Dazzling Gleam|p1a: Bluey|[spread] p1b\n|-activate|p1a: Bluey|move: Protect\n|-damage|p1b: Goodra|69\/100\n|move|p2a: Tornadus|Bleakwind Storm|p1a: Bluey|[spread] p1b\n|-activate|p1a: Bluey|move: Protect\n|-damage|p1b: Goodra|50\/100\n|move|p1b: Goodra|Muddy Water|p2a: Tornadus|[spread] p2a,p2b\n|-damage|p2a: Tornadus|55\/100\n|-damage|p2b: Flutter Mane|0 fnt\n|faint|p2b: Flutter Mane\n|-end|p2b: Flutter Mane|Protosynthesis|[silent]\n|\n|-weather|RainDance|[upkeep]\n|upkeep\n|\n|t:|1700583812\n|switch|p2b: Basculegion|Basculegion-F, L50, F|100\/100\n|turn|3\n|inactive|Tyranichunk has 30 seconds left.\n|inactive|Porkoroso has 30 seconds left.\n|inactive|Tyranichunk has 20 seconds left.\n|\n|t:|1700583854\n|switch|p2a: Ogerpon|Ogerpon-Wellspring, L50, F|100\/100\n|switch|p1a: Kushala|Articuno, L50|100\/100\n|move|p2b: Basculegion|Surf|p1a: Kushala|[spread] p1a,p1b\n|-immune|p2a: Ogerpon|[from] ability: Water Absorb\n|-resisted|p1b: Goodra\n|-damage|p1a: Kushala|49\/100\n|-damage|p1b: Goodra|29\/100\n|move|p1b: Goodra|Draco Meteor|p2a: Ogerpon\n|-damage|p2a: Ogerpon|44\/100\n|-unboost|p1b: Goodra|spa|2\n|\n|-weather|RainDance|[upkeep]\n|upkeep\n|turn|4\n|inactive|Tyranichunk has 30 seconds left.\n|\n|t:|1700583879\n|switch|p1b: Bluey|Abomasnow, L50, M, shiny|35\/100\n|-weather|Snow|[from] ability: Snow Warning|[of] p1b: Bluey\n|move|p2b: Basculegion|Surf|p1b: Bluey|[spread] p1b\n|-heal|p2a: Ogerpon|68\/100|[from] ability: Water Absorb|[of] p2b: Basculegion\n|-miss|p2b: Basculegion|p1a: Kushala\n|-resisted|p1b: Bluey\n|-crit|p1b: Bluey\n|-damage|p1b: Bluey|4\/100\n|move|p2a: Ogerpon|Ivy Cudgel|p1b: Bluey|[anim] Ivy Cudgel Water\n|-resisted|p1b: Bluey\n|-damage|p1b: Bluey|0 fnt\n|faint|p1b: Bluey\n|move|p1a: Kushala|Blizzard|p2a: Ogerpon|[spread] p2a,p2b\n|-resisted|p2b: Basculegion\n|-damage|p2a: Ogerpon|39\/100\n|-damage|p2b: Basculegion|81\/100\n|\n|-weather|Snow|[upkeep]\n|upkeep\n|\n|t:|1700583899\n|switch|p1b: Sableye|Sableye, L50, M, shiny|100\/100\n|turn|5\n|\n|t:|1700583921\n|switch|p2b: Tornadus|Tornadus, L50, M, tera:Dark|55\/100\n|move|p2a: Ogerpon|Spiky Shield|p2a: Ogerpon\n|-singleturn|p2a: Ogerpon|move: Protect\n|move|p1b: Sableye|Will-O-Wisp|p2a: Ogerpon\n|-activate|p2a: Ogerpon|move: Protect\n|move|p1a: Kushala|Roost|p1a: Kushala\n|-heal|p1a: Kushala|99\/100\n|-singleturn|p1a: Kushala|move: Roost\n|\n|-weather|Snow|[upkeep]\n|upkeep\n|turn|6\n|inactive|Tyranichunk has 30 seconds left.\n|\n|t:|1700583949\n|move|p2b: Tornadus|Rain Dance|p2b: Tornadus\n|-weather|RainDance\n|move|p2a: Ogerpon|Ivy Cudgel|p1b: Sableye|[anim] Ivy Cudgel Water\n|-crit|p1b: Sableye\n|-damage|p1b: Sableye|0 fnt\n|faint|p1b: Sableye\n|move|p1a: Kushala|Blizzard|p2a: Ogerpon|[spread] p2a,p2b\n|-damage|p2a: Ogerpon|8\/100\n|-damage|p2b: Tornadus|26\/100\n|\n|-weather|RainDance|[upkeep]\n|upkeep\n|\n|t:|1700583960\n|switch|p1b: Goodra|Goodra-Hisui, L50, M, shiny, tera:Water|29\/100\n|turn|7\n|\n|t:|1700583972\n|move|p2a: Ogerpon|Horn Leech|p1b: Goodra\n|-ability|p1b: Goodra|Sap Sipper|boost\n|-boost|p1b: Goodra|atk|1\n|move|p2b: Tornadus|Bleakwind Storm|p1a: Kushala|[spread] p1a,p1b\n|-damage|p1a: Kushala|75\/100\n|-damage|p1b: Goodra|7\/100\n|-unboost|p1a: Kushala|spe|1\n|move|p1b: Goodra|Muddy Water|p2a: Ogerpon|[spread] p2b\n|-heal|p2a: Ogerpon|33\/100|[from] ability: Water Absorb|[of] p1b: Goodra\n|-damage|p2b: Tornadus|0 fnt\n|faint|p2b: Tornadus\n|move|p1a: Kushala|Blizzard|p2a: Ogerpon\n|-damage|p2a: Ogerpon|0 fnt\n|faint|p2a: Ogerpon\n|\n|-weather|RainDance|[upkeep]\n|upkeep\n|\n|t:|1700583985\n|switch|p2a: Basculegion|Basculegion-F, L50, F|81\/100\n|turn|8\n|\n|t:|1700583997\n|move|p2a: Basculegion|Surf|p1b: Goodra|[spread] p1a,p1b\n|-resisted|p1b: Goodra\n|-damage|p1a: Kushala|27\/100\n|-damage|p1b: Goodra|0 fnt\n|faint|p1b: Goodra\n|move|p1a: Kushala|Freeze-Dry|p2a: Basculegion\n|-supereffective|p2a: Basculegion\n|-damage|p2a: Basculegion|11\/100\n|\n|-weather|RainDance|[upkeep]\n|upkeep\n|turn|9\n|\n|t:|1700584007\n|move|p2a: Basculegion|Surf|p1a: Kushala\n|-crit|p1a: Kushala\n|-damage|p1a: Kushala|0 fnt\n|faint|p1a: Kushala\n|\n|win|Tyranichunk\n|raw|Porkoroso's rating: 1166 &rarr; <strong>1145<\/strong><br \/>(-21 for losing)\n|raw|Tyranichunk's rating: 1215 &rarr; <strong>1236<\/strong><br \/>(+21 for winning)\n|l|\u2606Porkoroso\n","uploadtime":1700584043,"views":8,"p1id":"porkoroso","p2id":"tyranichunk","formatid":"gen9vgc2023regulatione","rating":1145,"private":0,"password":""}