{"id":"gen9vgc2023regulatione-2000022016","p1":"electricboogaloo12","p2":"gohan92","format":"[Gen 9] VGC 2023 Regulation E","log":"|j|\u203delectricboogaloo12\n|j|\u2606gohan92\n|t:|1701142287\n|gametype|doubles\n|player|p1|electricboogaloo12|cynthia|1543\n|player|p2|gohan92|2|1632\n|teamsize|p1|6\n|teamsize|p2|6\n|gen|9\n|tier|[Gen 9] VGC 2023 Regulation E\n|rated|\n|rule|Species Clause: Limit one of each Pok\u00e9mon\n|rule|Item Clause: Limit one of each item\n|clearpoke\n|poke|p1|Gastrodon, L50, F|\n|poke|p1|Grimmsnarl, L50, M|\n|poke|p1|Articuno-Galar, L50|\n|poke|p1|Heatran, L50, M|\n|poke|p1|Orthworm, L50, F|\n|poke|p1|Decidueye, L50, M|\n|poke|p2|Roaring Moon, L50|\n|poke|p2|Gholdengo, L50|\n|poke|p2|Urshifu-*, L50, F|\n|poke|p2|Arcanine-Hisui, L50, M|\n|poke|p2|Amoonguss, L50, M|\n|poke|p2|Iron Hands, L50|\n|teampreview|4\n|inactive|Battle timer is ON: inactive players will automatically lose when time's up. (requested by electricboogaloo12)\n|inactive|gohan92 has 60 seconds left.\n|j| vsNOMEKOPvs\n|inactive|gohan92 has 30 seconds left.\n|inactive|gohan92 has 20 seconds left.\n|\n|t:|1701142363\n|start\n|switch|p1a: Grimmsnarl|Grimmsnarl, L50, M|100\/100\n|switch|p1b: Articuno|Articuno-Galar, L50|100\/100\n|switch|p2a: Gholdengo|Gholdengo, L50|100\/100\n|switch|p2b: Arcanine|Arcanine-Hisui, L50, M|100\/100\n|-ability|p2b: Arcanine|Intimidate|boost\n|-unboost|p1a: Grimmsnarl|atk|1\n|-unboost|p1b: Articuno|atk|1\n|-ability|p1b: Articuno|Competitive|boost\n|-boost|p1b: Articuno|spa|2\n|turn|1\n|\n|t:|1701142390\n|move|p1a: Grimmsnarl|Fake Out|p2b: Arcanine\n|-resisted|p2b: Arcanine\n|-damage|p2b: Arcanine|96\/100\n|cant|p2b: Arcanine|flinch\n|move|p2a: Gholdengo|Nasty Plot|p2a: Gholdengo\n|-boost|p2a: Gholdengo|spa|2\n|move|p1b: Articuno|Trick Room|p1b: Articuno\n|-fieldstart|move: Trick Room|[of] p1b: Articuno\n|\n|upkeep\n|turn|2\n|\n|t:|1701142404\n|-terastallize|p1b: Articuno|Ground\n|move|p1a: Grimmsnarl|Parting Shot|p2b: Arcanine\n|-unboost|p2b: Arcanine|atk|1\n|-unboost|p2b: Arcanine|spa|1\n|\n|t:|1701142415\n|switch|p1a: Heatran|Heatran, L50, M|100\/100|[from] Parting Shot\n|move|p1b: Articuno|Tera Blast|p2a: Gholdengo|[anim] Tera Blast Ground\n|-supereffective|p2a: Gholdengo\n|-damage|p2a: Gholdengo|0 fnt\n|faint|p2a: Gholdengo\n|move|p2b: Arcanine|Rock Slide|p1a: Heatran|[spread] p1a,p1b\n|-resisted|p1b: Articuno\n|-damage|p1a: Heatran|74\/100\n|-damage|p1b: Articuno|87\/100\n|\n|upkeep\n|\n|t:|1701142428\n|switch|p2a: Iron Hands|Iron Hands, L50|100\/100\n|turn|3\n|\n|t:|1701142440\n|switch|p2b: Urshifu|Urshifu-Rapid-Strike, L50, F|100\/100\n|move|p2a: Iron Hands|Fake Out|p1b: Articuno\n|-damage|p1b: Articuno|74\/100\n|move|p1a: Heatran|Earth Power|p2b: Urshifu\n|-damage|p2b: Urshifu|67\/100\n|-unboost|p2b: Urshifu|spd|1\n|cant|p1b: Articuno|flinch\n|\n|upkeep\n|turn|4\n|\n|t:|1701142459\n|switch|p1a: Gastrodon|Gastrodon, L50, F, shiny|100\/100\n|-terastallize|p2a: Iron Hands|Water\n|move|p2b: Urshifu|Detect|p2b: Urshifu\n|-singleturn|p2b: Urshifu|Protect\n|move|p2a: Iron Hands|Ice Punch|p1b: Articuno\n|-supereffective|p1b: Articuno\n|-damage|p1b: Articuno|20\/100\n|move|p1b: Articuno|Freezing Glare|p2a: Iron Hands\n|-damage|p2a: Iron Hands|54\/100\n|\n|upkeep\n|turn|5\n|\n|t:|1701142482\n|switch|p2b: Arcanine|Arcanine-Hisui, L50, M|96\/100\n|-ability|p2b: Arcanine|Intimidate|boost\n|-unboost|p1a: Gastrodon|atk|1\n|-unboost|p1b: Articuno|atk|1\n|-ability|p1b: Articuno|Competitive|boost\n|-boost|p1b: Articuno|spa|2\n|move|p1b: Articuno|Protect|p1b: Articuno\n|-singleturn|p1b: Articuno|Protect\n|move|p1a: Gastrodon|Yawn|p2b: Arcanine\n|-start|p2b: Arcanine|move: Yawn|[of] p1a: Gastrodon\n|move|p2a: Iron Hands|Drain Punch|p1b: Articuno\n|-activate|p1b: Articuno|move: Protect\n|\n|-fieldend|move: Trick Room\n|upkeep\n|turn|6\n|inactive|electricboogaloo12 has 30 seconds left.\n|inactive|gohan92 has 30 seconds left.\n|\n|t:|1701142511\n|move|p2b: Arcanine|Extreme Speed|p1b: Articuno\n|-damage|p1b: Articuno|0 fnt\n|faint|p1b: Articuno\n|move|p2a: Iron Hands|Drain Punch|p1a: Gastrodon\n|-damage|p1a: Gastrodon|60\/100\n|-heal|p2a: Iron Hands|72\/100|[from] drain|[of] p1a: Gastrodon\n|move|p1a: Gastrodon|Earth Power|p2a: Iron Hands\n|-damage|p2a: Iron Hands|54\/100\n|\n|-end|p2b: Arcanine|move: Yawn|[silent]\n|-status|p2b: Arcanine|slp\n|upkeep\n|\n|t:|1701142523\n|switch|p1b: Grimmsnarl|Grimmsnarl, L50, M|100\/100\n|turn|7\n|\n|t:|1701142534\n|switch|p2b: Urshifu|Urshifu-Rapid-Strike, L50, F|67\/100\n|move|p1b: Grimmsnarl|Fake Out|p2a: Iron Hands\n|-damage|p2a: Iron Hands|45\/100\n|cant|p2a: Iron Hands|flinch\n|move|p1a: Gastrodon|Earth Power|p2a: Iron Hands\n|-damage|p2a: Iron Hands|29\/100\n|\n|upkeep\n|turn|8\n|\n|t:|1701142558\n|-end|p2a: Iron Hands|Quark Drive|[silent]\n|switch|p2a: Arcanine|Arcanine-Hisui, L50, M|96\/100 slp\n|-ability|p2a: Arcanine|Intimidate|boost\n|-unboost|p1a: Gastrodon|atk|1\n|-unboost|p1b: Grimmsnarl|atk|1\n|move|p2b: Urshifu|Detect|p2b: Urshifu\n|-singleturn|p2b: Urshifu|Protect\n|move|p1b: Grimmsnarl|Parting Shot|p2a: Arcanine\n|-unboost|p2a: Arcanine|atk|1\n|-unboost|p2a: Arcanine|spa|1\n|\n|t:|1701142564\n|switch|p1b: Heatran|Heatran, L50, M|74\/100|[from] Parting Shot\n|move|p1a: Gastrodon|Yawn|p2b: Urshifu\n|-activate|p2b: Urshifu|move: Protect\n|\n|upkeep\n|turn|9\n|\n|t:|1701142580\n|switch|p2a: Iron Hands|Iron Hands, L50, tera:Water|29\/100\n|switch|p1b: Grimmsnarl|Grimmsnarl, L50, M|100\/100\n|move|p2b: Urshifu|Substitute|p2b: Urshifu\n|-start|p2b: Urshifu|Substitute\n|-damage|p2b: Urshifu|43\/100\n|move|p1a: Gastrodon|Earth Power|p2b: Urshifu\n|-end|p2b: Urshifu|Substitute\n|\n|upkeep\n|turn|10\n|inactive|electricboogaloo12 has 30 seconds left.\n|inactive|gohan92 has 30 seconds left.\n|\n|t:|1701142606\n|move|p2a: Iron Hands|Fake Out|p1b: Grimmsnarl\n|-crit|p1b: Grimmsnarl\n|-damage|p1b: Grimmsnarl|78\/100\n|move|p1b: Grimmsnarl|Fake Out|p2b: Urshifu\n|-damage|p2b: Urshifu|32\/100\n|cant|p2b: Urshifu|flinch\n|move|p1a: Gastrodon|Yawn|p2a: Iron Hands\n|-start|p2a: Iron Hands|move: Yawn|[of] p1a: Gastrodon\n|\n|upkeep\n|turn|11\n|\n|t:|1701142618\n|-end|p2a: Iron Hands|Quark Drive|[silent]\n|switch|p2a: Arcanine|Arcanine-Hisui, L50, M|96\/100 slp\n|-ability|p2a: Arcanine|Intimidate|boost\n|-unboost|p1a: Gastrodon|atk|1\n|-unboost|p1b: Grimmsnarl|atk|1\n|move|p2b: Urshifu|Close Combat|p1a: Gastrodon\n|-damage|p1a: Gastrodon|0 fnt\n|-unboost|p2b: Urshifu|def|1\n|-unboost|p2b: Urshifu|spd|1\n|faint|p1a: Gastrodon\n|move|p1b: Grimmsnarl|Spirit Break|p2b: Urshifu\n|-supereffective|p2b: Urshifu\n|-damage|p2b: Urshifu|0 fnt\n|faint|p2b: Urshifu\n|\n|upkeep\n|\n|t:|1701142630\n|switch|p2b: Iron Hands|Iron Hands, L50, tera:Water|29\/100\n|switch|p1a: Heatran|Heatran, L50, M|74\/100\n|turn|12\n|\n|t:|1701142642\n|move|p2b: Iron Hands|Fake Out|p1a: Heatran\n|-resisted|p1a: Heatran\n|-damage|p1a: Heatran|68\/100\n|cant|p2a: Arcanine|slp\n|cant|p1a: Heatran|flinch\n|move|p1b: Grimmsnarl|Spirit Break|p2b: Iron Hands\n|-damage|p2b: Iron Hands|12\/100\n|-unboost|p2b: Iron Hands|spa|1\n|\n|upkeep\n|turn|13\n|\n|t:|1701142659\n|move|p1b: Grimmsnarl|Parting Shot|p2a: Arcanine\n|-unboost|p2a: Arcanine|atk|1\n|-unboost|p2a: Arcanine|spa|1\n|-curestatus|p2a: Arcanine|slp|[msg]\n|move|p2a: Arcanine|Rock Slide|p1a: Heatran|[spread] p1a,p1b\n|-damage|p1a: Heatran|41\/100\n|-damage|p1b: Grimmsnarl|49\/100\n|cant|p1a: Heatran|flinch\n|move|p2b: Iron Hands|Drain Punch|p1a: Heatran\n|-supereffective|p1a: Heatran\n|-damage|p1a: Heatran|0 fnt\n|-heal|p2b: Iron Hands|28\/100|[from] drain|[of] p1a: Heatran\n|faint|p1a: Heatran\n|\n|upkeep\n|turn|14\n|-message|electricboogaloo12 forfeited.\n|\n|win|gohan92\n|raw|electricboogaloo12's rating: 1543 &rarr; <strong>1528<\/strong><br \/>(-15 for losing)\n|raw|gohan92's rating: 1632 &rarr; <strong>1647<\/strong><br \/>(+15 for winning)\n|l|\u203delectricboogaloo12\n|l| vsNOMEKOPvs\n","uploadtime":1701142762,"views":2,"p1id":"electricboogaloo12","p2id":"gohan92","formatid":"gen9vgc2023regulatione","rating":1528,"private":0,"password":""}