{"id":"gen9vgc2023regulatione-1995610093","p1":"Abader","p2":"AJB0000","format":"[Gen 9] VGC 2023 Regulation E","log":"|j|\u2606Abader\n|j|\u2606AJB0000\n|t:|1700587261\n|gametype|doubles\n|player|p1|Abader|rood|1152\n|player|p2|AJB0000|1|1111\n|teamsize|p1|6\n|teamsize|p2|6\n|gen|9\n|tier|[Gen 9] VGC 2023 Regulation E\n|rated|\n|rule|Species Clause: Limit one of each Pok\u00e9mon\n|rule|Item Clause: Limit one of each item\n|clearpoke\n|poke|p1|Weezing, L50, M|\n|poke|p1|Flutter Mane, L50|\n|poke|p1|Slaking, L50, F|\n|poke|p1|Chi-Yu, L50|\n|poke|p1|Enamorus, L50, F|\n|poke|p1|Thundurus, L50, M|\n|poke|p2|Dudunsparce-*, L50, M|\n|poke|p2|Sinistcha, L50|\n|poke|p2|Indeedee-F, L50, F|\n|poke|p2|Sylveon, L50, F|\n|poke|p2|Palafin, L50, M|\n|poke|p2|Iron Hands, L50|\n|teampreview|4\nAbader has agreed to open team sheets.\n|inactive|Battle timer is ON: inactive players will automatically lose when time's up. (requested by Abader)\n|\n|t:|1700587294\n|start\n|switch|p1a: Flutter Mane|Flutter Mane, L50|100\/100\n|switch|p1b: Chi-Yu|Chi-Yu, L50|100\/100\n|switch|p2a: Pepper|Indeedee-F, L50, F, shiny|100\/100\n|switch|p2b: Hermit|Sylveon, L50, F, shiny|100\/100\n|-ability|p1b: Chi-Yu|Beads of Ruin\n|-fieldstart|move: Psychic Terrain|[from] ability: Psychic Surge|[of] p2a: Pepper\n|-enditem|p1a: Flutter Mane|Booster Energy\n|-activate|p1a: Flutter Mane|ability: Protosynthesis|[fromitem]\n|-start|p1a: Flutter Mane|protosynthesisspe\n|turn|1\n|\n|t:|1700587311\n|-terastallize|p1a: Flutter Mane|Fairy\n|move|p2b: Hermit|Protect|p2b: Hermit\n|-singleturn|p2b: Hermit|Protect\n|move|p1a: Flutter Mane|Dazzling Gleam|p2b: Hermit|[spread] p2a\n|-activate|p2b: Hermit|move: Protect\n|-damage|p2a: Pepper|46\/100\n|move|p1b: Chi-Yu|Snarl|p2b: Hermit|[spread] p2a\n|-activate|p2b: Hermit|move: Protect\n|-supereffective|p2a: Pepper\n|-damage|p2a: Pepper|1\/100\n|-unboost|p2a: Pepper|spa|1\n|move|p2a: Pepper|Trick Room|p2a: Pepper\n|-fieldstart|move: Trick Room|[of] p2a: Pepper\n|\n|upkeep\n|turn|2\n|inactive|AJB0000 has 30 seconds left.\n|\n|t:|1700587341\n|move|p2a: Pepper|Helping Hand|p2b: Hermit\n|-singleturn|p2b: Hermit|Helping Hand|[of] p2a: Pepper\n|move|p2b: Hermit|Hyper Voice|p1a: Flutter Mane|[spread] p1a,p1b\n|-damage|p1a: Flutter Mane|0 fnt\n|-damage|p1b: Chi-Yu|34\/100\n|faint|p1a: Flutter Mane\n|-end|p1a: Flutter Mane|Protosynthesis|[silent]\n|move|p1b: Chi-Yu|Snarl|p2b: Hermit|[spread] p2a,p2b\n|-supereffective|p2a: Pepper\n|-resisted|p2b: Hermit\n|-damage|p2a: Pepper|0 fnt\n|-damage|p2b: Hermit|93\/100\n|-unboost|p2b: Hermit|spa|1\n|faint|p2a: Pepper\n|\n|upkeep\n|\n|t:|1700587354\n|switch|p2a: Hat|Iron Hands, L50|100\/100\n|switch|p1a: Thundurus|Thundurus, L50, M|100\/100\n|turn|3\n|\n|t:|1700587372\n|move|p1b: Chi-Yu|Protect|p1b: Chi-Yu\n|-singleturn|p1b: Chi-Yu|Protect\n|move|p2a: Hat|Thunder Punch|p1a: Thundurus\n|-damage|p1a: Thundurus|64\/100\n|move|p2b: Hermit|Hyper Voice|p1a: Thundurus|[spread] p1a\n|-activate|p1b: Chi-Yu|move: Protect\n|-damage|p1a: Thundurus|19\/100\n|move|p1a: Thundurus|Wildbolt Storm|p2b: Hermit|[spread] p2a,p2b\n|-resisted|p2a: Hat\n|-damage|p2a: Hat|91\/100\n|-damage|p2b: Hermit|61\/100\n|-status|p2b: Hermit|par\n|\n|upkeep\n|turn|4\n|inactive|Abader has 30 seconds left.\n|inactive|AJB0000 has 30 seconds left.\n|\n|t:|1700587399\n|switch|p1b: Enamorus|Enamorus, L50, F|100\/100\n|move|p1a: Thundurus|Eerie Impulse|p1b: Enamorus\n|-boost|p1b: Enamorus|spa|2\n|cant|p2b: Hermit|par\n|move|p2a: Hat|Thunder Punch|p1a: Thundurus\n|-damage|p1a: Thundurus|0 fnt\n|faint|p1a: Thundurus\n|\n|upkeep\n|\n|t:|1700587410\n|switch|p1a: Chi-Yu|Chi-Yu, L50|34\/100\n|-ability|p1a: Chi-Yu|Beads of Ruin\n|turn|5\n|\n|t:|1700587421\n|-terastallize|p2a: Hat|Grass\n|move|p2b: Hermit|Hyper Voice|p1b: Enamorus|[spread] p1a,p1b\n|-damage|p1a: Chi-Yu|2\/100\n|-damage|p1b: Enamorus|63\/100\n|-enditem|p1a: Chi-Yu|Iapapa Berry|[eat]\n|-heal|p1a: Chi-Yu|35\/100|[from] item: Iapapa Berry\n|move|p2a: Hat|Heavy Slam|p1b: Enamorus\n|-supereffective|p1b: Enamorus\n|-damage|p1b: Enamorus|0 fnt\n|faint|p1b: Enamorus\n|move|p1a: Chi-Yu|Will-O-Wisp|p2a: Hat\n|-status|p2a: Hat|brn\n|\n|-damage|p2a: Hat|85\/100 brn|[from] brn\n|-fieldend|move: Trick Room\n|-fieldend|move: Psychic Terrain\n|upkeep\n|turn|6\n|inactive|AJB0000 has 30 seconds left.\n|inactive|AJB0000 has 20 seconds left.\n|\n|t:|1700587460\n|move|p1a: Chi-Yu|Heat Wave|p2b: Hermit|[spread] p2a,p2b\n|-supereffective|p2a: Hat\n|-damage|p2a: Hat|38\/100 brn\n|-damage|p2b: Hermit|31\/100 par\n|move|p2a: Hat|Thunder Punch|p1a: Chi-Yu\n|-damage|p1a: Chi-Yu|15\/100\n|move|p2b: Hermit|Hyper Voice|p1a: Chi-Yu\n|-damage|p1a: Chi-Yu|0 fnt\n|faint|p1a: Chi-Yu\n|\n|win|AJB0000\n|raw|Abader's rating: 1152 &rarr; <strong>1124<\/strong><br \/>(-28 for losing)\n|raw|AJB0000's rating: 1111 &rarr; <strong>1139<\/strong><br \/>(+28 for winning)\n|l|\u2606Abader\n","uploadtime":1700587567,"views":18,"p1id":"abader","p2id":"ajb0000","formatid":"gen9vgc2023regulatione","rating":1124,"private":0,"password":""}