{"id":"gen9vgc2023regulatione-1990282463","p1":"rha1998","p2":"JamiWami","format":"[Gen 9] VGC 2023 Regulation E","log":"|j|\u2606rha1998\n|j|\u2606JamiWami\n|n|\u2606rha1998|rha1998\n|n|\u2606JamiWami|jamiwami\n|html|View the match progress at <a href=\"\/game-bestof3-gen9vgc2023regulatione-1990276315\">game-bestof3-gen9vgc2023regulatione-1990276315<\/a>\n|t:|1699950258\n|gametype|doubles\n|player|p1|rha1998|pokekid|\n|player|p2|JamiWami|palmer|\n|teamsize|p1|6\n|teamsize|p2|6\n|gen|9\n|tier|[Gen 9] VGC 2023 Regulation E\n|rule|Species Clause: Limit one of each Pok\u00e9mon\n|rule|Item Clause: Limit one of each item\n|clearpoke\n|poke|p1|Flutter Mane, L50|\n|poke|p1|Arcanine-Hisui, L50, M|\n|poke|p1|Roaring Moon, L50|\n|poke|p1|Ogerpon-Wellspring, L50, F|\n|poke|p1|Chien-Pao, L50|\n|poke|p1|Chi-Yu, L50|\n|poke|p2|Cresselia, L50, F|\n|poke|p2|Iron Hands, L50|\n|poke|p2|Ursaluna-Bloodmoon, L50, M|\n|poke|p2|Urshifu-*, L50, M|\n|poke|p2|Ninetales-Alola, L50, F|\n|poke|p2|Torkoal, L50, M|\n|teampreview|4\nrha1998 has agreed to open team sheets.\nJamiWami has agreed to open team sheets.\n|showteam|p1|Flutter Mane||ChoiceSpecs|Protosynthesis|DazzlingGleam,Moonblast,ShadowBall,Thunderbolt||||||50|,,,,,Fairy]Arcanine-Hisui||SitrusBerry|Intimidate|WillOWisp,FlareBlitz,RockSlide,ExtremeSpeed|||M|||50|,,,,,Grass]Roaring Moon||BoosterEnergy|Protosynthesis|Protect,Acrobatics,KnockOff,Tailwind||||||50|,,,,,Flying]Ogerpon-Wellspring||WellspringMask|WaterAbsorb|SpikyShield,IvyCudgel,WoodHammer,FollowMe|||F|||50|,,,,,Water]Chien-Pao||FocusSash|SwordofRuin|Protect,IcicleCrash,SuckerPunch,SacredSword||||||50|,,,,,Ghost]Chi-Yu||LifeOrb|BeadsofRuin|Protect,Overheat,HeatWave,DarkPulse||||||50|,,,,,Ghost\n|showteam|p2|Cresselia||MentalHerb|Levitate|LunarBlessing,TrickRoom,Psychic,HelpingHand|||F|||50|,,,,,Fairy]Iron Hands||AssaultVest|QuarkDrive|CloseCombat,FakeOut,WildCharge,IcePunch||||||50|,,,,,Grass]Ursaluna-Bloodmoon||LifeOrb|MindsEye|BloodMoon,EarthPower,Moonblast,Moonlight|||M|||50|,,,,,Fairy]Urshifu||ChoiceScarf|UnseenFist|Taunt,WickedBlow,CloseCombat,Uturn|||M|||50|,,,,,Dark]Ninetales-Alola||LightClay|SnowWarning|AuroraVeil,Blizzard,DazzlingGleam,Protect|||F|||50|,,,,,Ghost]Torkoal||Charcoal|Drought|Eruption,EarthPower,Flamethrower,Protect|||M|||50|,,,,,Fire\n|j| kinglysquizz\n|\n|t:|1699950607\n|start\n|switch|p1a: Flutter Mane|Flutter Mane, L50|100\/100\n|switch|p1b: Chi-Yu|Chi-Yu, L50|100\/100\n|switch|p2a: Urshifu|Urshifu, L50, M|100\/100\n|switch|p2b: Cresselia|Cresselia, L50, F, shiny|100\/100\n|-ability|p1b: Chi-Yu|Beads of Ruin\n|turn|1\n|inactive|Battle timer is ON: inactive players will automatically lose when time's up. (requested by rha1998)\n|inactive|JamiWami has 60 seconds left.\n|inactive|JamiWami has 30 seconds left.\n|inactive|JamiWami has 20 seconds left.\n|\n|t:|1699950684\n|-terastallize|p1a: Flutter Mane|Fairy\n|-terastallize|p2b: Cresselia|Fairy\n|move|p2a: Urshifu|Close Combat|p1b: Chi-Yu\n|-supereffective|p1b: Chi-Yu\n|-damage|p1b: Chi-Yu|0 fnt\n|-unboost|p2a: Urshifu|def|1\n|-unboost|p2a: Urshifu|spd|1\n|faint|p1b: Chi-Yu\n|move|p1a: Flutter Mane|Dazzling Gleam|p2a: Urshifu|[spread] p2a,p2b\n|-supereffective|p2a: Urshifu\n|-crit|p2b: Cresselia\n|-damage|p2a: Urshifu|0 fnt\n|-damage|p2b: Cresselia|49\/100\n|faint|p2a: Urshifu\n|move|p2b: Cresselia|Trick Room|p2b: Cresselia\n|-fieldstart|move: Trick Room|[of] p2b: Cresselia\n|\n|upkeep\n|inactive|JamiWami has 30 seconds left.\n|\n|t:|1699950711\n|switch|p1b: Ogerpon|Ogerpon-Wellspring, L50, F|100\/100\n|switch|p2a: Torkoal|Torkoal, L50, M|100\/100\n|-weather|SunnyDay|[from] ability: Drought|[of] p2a: Torkoal\n|-activate|p1a: Flutter Mane|ability: Protosynthesis\n|-start|p1a: Flutter Mane|protosynthesisspa\n|turn|2\n|inactive|rha1998 has 30 seconds left.\n|\n|t:|1699950743\n|move|p2b: Cresselia|Helping Hand|p2a: Torkoal\n|-singleturn|p2a: Torkoal|Helping Hand|[of] p2b: Cresselia\n|move|p2a: Torkoal|Eruption|p1b: Ogerpon|[spread] p1a,p1b\n|-damage|p1a: Flutter Mane|0 fnt\n|-damage|p1b: Ogerpon|0 fnt\n|faint|p1a: Flutter Mane\n|-end|p1a: Flutter Mane|Protosynthesis|[silent]\n|faint|p1b: Ogerpon\n|\n|-weather|SunnyDay|[upkeep]\n|upkeep\n|\n|t:|1699950752\n|switch|p1b: Roaring Moon|Roaring Moon, L50|100\/100\n|-activate|p1b: Roaring Moon|ability: Protosynthesis\n|-start|p1b: Roaring Moon|protosynthesisatk\n|turn|3\n|inactive|JamiWami has 30 seconds left.\n|\n|t:|1699950780\n|move|p2b: Cresselia|Helping Hand|p2a: Torkoal\n|-singleturn|p2a: Torkoal|Helping Hand|[of] p2b: Cresselia\n|move|p1b: Roaring Moon|Protect|p1b: Roaring Moon\n|-singleturn|p1b: Roaring Moon|Protect\n|move|p2a: Torkoal|Earth Power|p1b: Roaring Moon\n|-activate|p1b: Roaring Moon|move: Protect\n|\n|-weather|SunnyDay|[upkeep]\n|upkeep\n|turn|4\n|\n|t:|1699950791\n|move|p2b: Cresselia|Helping Hand|p2a: Torkoal\n|-singleturn|p2a: Torkoal|Helping Hand|[of] p2b: Cresselia\n|move|p1b: Roaring Moon|Protect|p1b: Roaring Moon\n|-singleturn|p1b: Roaring Moon|Protect\n|move|p2a: Torkoal|Earth Power|p1b: Roaring Moon\n|-activate|p1b: Roaring Moon|move: Protect\n|\n|-weather|SunnyDay|[upkeep]\n|upkeep\n|turn|5\n|\n|t:|1699950803\n|move|p2b: Cresselia|Helping Hand|p2a: Torkoal\n|-singleturn|p2a: Torkoal|Helping Hand|[of] p2b: Cresselia\n|move|p1b: Roaring Moon|Protect|p1b: Roaring Moon\n|-singleturn|p1b: Roaring Moon|Protect\n|move|p2a: Torkoal|Earth Power|p1b: Roaring Moon\n|-activate|p1b: Roaring Moon|move: Protect\n|\n|-weather|SunnyDay|[upkeep]\n|-fieldend|move: Trick Room\n|upkeep\n|turn|6\n|inactive|rha1998 has 30 seconds left.\n|inactive|JamiWami has 30 seconds left.\n|inactive|JamiWami has 20 seconds left.\n|inactive|JamiWami has 15 seconds left.\n|inactive|JamiWami has 10 seconds left.\n|\n|t:|1699950850\n|move|p2a: Torkoal|Protect|p2a: Torkoal\n|-singleturn|p2a: Torkoal|Protect\n|move|p1b: Roaring Moon|Acrobatics|p2b: Cresselia\n|-damage|p2b: Cresselia|31\/100\n|move|p2b: Cresselia|Trick Room|p2b: Cresselia\n|-fieldstart|move: Trick Room|[of] p2b: Cresselia\n|\n|-weather|none\n|-end|p1b: Roaring Moon|Protosynthesis\n|upkeep\n|-enditem|p1b: Roaring Moon|Booster Energy\n|-activate|p1b: Roaring Moon|ability: Protosynthesis|[fromitem]\n|-start|p1b: Roaring Moon|protosynthesisatk\n|turn|7\n|\n|t:|1699950871\n|move|p2b: Cresselia|Helping Hand|p2a: Torkoal\n|-singleturn|p2a: Torkoal|Helping Hand|[of] p2b: Cresselia\n|move|p1b: Roaring Moon|Protect|p1b: Roaring Moon\n|-singleturn|p1b: Roaring Moon|Protect\n|move|p2a: Torkoal|Earth Power|p1b: Roaring Moon\n|-activate|p1b: Roaring Moon|move: Protect\n|\n|upkeep\n|turn|8\n|\n|t:|1699950891\n|move|p2b: Cresselia|Helping Hand|p2a: Torkoal\n|-singleturn|p2a: Torkoal|Helping Hand|[of] p2b: Cresselia\n|move|p1b: Roaring Moon|Protect||[still]\n|-fail|p1b: Roaring Moon\n|move|p2a: Torkoal|Earth Power|p1b: Roaring Moon\n|-damage|p1b: Roaring Moon|70\/100\n|\n|upkeep\n|turn|9\n|\n|t:|1699950902\n|move|p2b: Cresselia|Helping Hand|p2a: Torkoal\n|-singleturn|p2a: Torkoal|Helping Hand|[of] p2b: Cresselia\n|move|p1b: Roaring Moon|Protect|p1b: Roaring Moon\n|-singleturn|p1b: Roaring Moon|Protect\n|move|p2a: Torkoal|Eruption|p1b: Roaring Moon\n|-activate|p1b: Roaring Moon|move: Protect\n|\n|upkeep\n|turn|10\n|inactive|JamiWami has 30 seconds left.\n|inactive|JamiWami has 20 seconds left.\n|\n|t:|1699950937\n|switch|p2b: Iron Hands|Iron Hands, L50|100\/100\n|move|p2a: Torkoal|Protect|p2a: Torkoal\n|-singleturn|p2a: Torkoal|Protect\n|move|p1b: Roaring Moon|Protect||[still]\n|-fail|p1b: Roaring Moon\n|\n|-fieldend|move: Trick Room\n|upkeep\n|turn|11\n|\n|t:|1699950953\n|move|p1b: Roaring Moon|Protect|p1b: Roaring Moon\n|-singleturn|p1b: Roaring Moon|Protect\n|move|p2b: Iron Hands|Fake Out|p1b: Roaring Moon\n|-activate|p1b: Roaring Moon|move: Protect\n|move|p2a: Torkoal|Eruption|p1b: Roaring Moon\n|-activate|p1b: Roaring Moon|move: Protect\n|\n|upkeep\n|turn|12\n|inactive|JamiWami has 30 seconds left.\n|inactive|JamiWami has 20 seconds left.\n|\n|t:|1699950988\n|-end|p2b: Iron Hands|Quark Drive|[silent]\n|switch|p2b: Cresselia|Cresselia, L50, F, shiny, tera:Fairy|31\/100\n|move|p1b: Roaring Moon|Acrobatics|p2b: Cresselia\n|-damage|p2b: Cresselia|0 fnt\n|faint|p2b: Cresselia\n|move|p2a: Torkoal|Eruption|p1b: Roaring Moon\n|-resisted|p1b: Roaring Moon\n|-damage|p1b: Roaring Moon|37\/100\n|\n|upkeep\n|\n|t:|1699950994\n|switch|p2b: Iron Hands|Iron Hands, L50|100\/100\n|turn|13\n|\n|t:|1699951009\n|move|p1b: Roaring Moon|Protect|p1b: Roaring Moon\n|-singleturn|p1b: Roaring Moon|Protect\n|move|p2b: Iron Hands|Fake Out|p1b: Roaring Moon\n|-activate|p1b: Roaring Moon|move: Protect\n|move|p2a: Torkoal|Eruption|p1b: Roaring Moon\n|-activate|p1b: Roaring Moon|move: Protect\n|\n|upkeep\n|turn|14\n|\n|t:|1699951033\n|move|p1b: Roaring Moon|Acrobatics|p2b: Iron Hands\n|-damage|p2b: Iron Hands|67\/100\n|move|p2b: Iron Hands|Ice Punch|p1b: Roaring Moon\n|-supereffective|p1b: Roaring Moon\n|-damage|p1b: Roaring Moon|0 fnt\n|faint|p1b: Roaring Moon\n|-end|p1b: Roaring Moon|Protosynthesis|[silent]\n|\n|win|JamiWami\n|l|\u2606JamiWami\n","uploadtime":1699951158,"views":12,"p1id":"rha1998","p2id":"jamiwami","formatid":"gen9vgc2023regulatione","rating":0,"private":0,"password":""}