{"id":"gen9vgc2023regulatione-1999047004","p1":"jusemato","p2":"Elquepruebatims2","format":"[Gen 9] VGC 2023 Regulation E","log":"|j|\u2606jusemato\n|j|\u2606Elquepruebatims2\n|n|\u2606jusemato|jusemato\n|n|\u2606Elquepruebatims2|elquepruebatims2\n|html|View the match progress at <a href=\"\/game-bestof3-gen9vgc2023regulatione-1999044576\">game-bestof3-gen9vgc2023regulatione-1999044576<\/a>\n|t:|1701027459\n|gametype|doubles\n|player|p1|jusemato|worker|\n|player|p2|Elquepruebatims2|101|\n|teamsize|p1|6\n|teamsize|p2|6\n|gen|9\n|tier|[Gen 9] VGC 2023 Regulation E\n|rule|Species Clause: Limit one of each Pok\u00e9mon\n|rule|Item Clause: Limit one of each item\n|clearpoke\n|poke|p1|Iron Hands, L50|\n|poke|p1|Flutter Mane, L50|\n|poke|p1|Roaring Moon, L50|\n|poke|p1|Ogerpon-Wellspring, L50, F|\n|poke|p1|Weezing, L50, M|\n|poke|p1|Landorus-Therian, L50, M|\n|poke|p2|Amoonguss, L50, M|\n|poke|p2|Iron Hands, L50|\n|poke|p2|Urshifu-*, L50, M|\n|poke|p2|Tornadus, L50, M|\n|poke|p2|Flutter Mane, L50|\n|poke|p2|Heatran, L50, F|\n|teampreview|4\njusemato has agreed to open team sheets.\n|inactive|Battle timer is ON: inactive players will automatically lose when time's up. (requested by Elquepruebatims2)\nElquepruebatims2 has agreed to open team sheets.\n|showteam|p1|Iron Hands||AssaultVest|QuarkDrive|DrainPunch,WildCharge,HeavySlam,FakeOut||||||50|,,,,,Fire]Flutter Mane||ChoiceSpecs|Protosynthesis|DazzlingGleam,Moonblast,ShadowBall,PowerGem||||||50|,,,,,Fairy]Roaring Moon||BoosterEnergy|Protosynthesis|Acrobatics,KnockOff,Tailwind,Protect||||||50|,,,,,Flying]Ogerpon-Wellspring||WellspringMask|WaterAbsorb|IvyCudgel,HornLeech,FollowMe,SpikyShield|||F|||50|,,,,,Water]Weezing||SitrusBerry|NeutralizingGas|GunkShot,Taunt,WillOWisp,Protect|||M|||50|,,,,,Ghost]Landorus-Therian||AbilityShield|Intimidate|StompingTantrum,RockTomb,Protect,Uturn|||M|||50|,,,,,Water\n|showteam|p2|Amoonguss||SitrusBerry|Regenerator|Spore,RagePowder,Protect,PollenPuff|||M|||50|,,,,,Water]Iron Hands||AssaultVest|QuarkDrive|FakeOut,HeavySlam,WildCharge,DrainPunch||||||50|,,,,,Fire]Urshifu-Rapid-Strike||ChoiceScarf|UnseenFist|CloseCombat,SurgingStrikes,Uturn,IceSpinner|||M|||50|,,,,,Water]Tornadus||SharpBeak|Prankster|Protect,BleakwindStorm,Tailwind,RainDance|||M|||50|,,,,,Dragon]Flutter Mane||BoosterEnergy|Protosynthesis|Moonblast,ShadowBall,Protect,DazzlingGleam||||||50|,,,,,Fairy]Heatran||LifeOrb|FlashFire|Protect,FlashCannon,HeatWave,EarthPower|||F|||50|,,,,,Grass\n|\n|t:|1701027495\n|start\n|switch|p1a: Ogerpon|Ogerpon-Wellspring, L50, F|100\/100\n|switch|p1b: Weezing|Weezing, L50, M, shiny|100\/100\n|switch|p2a: Urshifu|Urshifu-Rapid-Strike, L50, M|100\/100\n|switch|p2b: Amoonguss|Amoonguss, L50, M|100\/100\n|-ability|p1b: Weezing|Neutralizing Gas\n|turn|1\n|inactive|Elquepruebatims2 has 30 seconds left.\n|inactive|Elquepruebatims2 has 20 seconds left.\n|inactive|Elquepruebatims2 has 15 seconds left.\n|inactive|Elquepruebatims2 has 10 seconds left.\n|\n|t:|1701027541\n|switch|p2a: Heatran|Heatran, L50, F|100\/100\n|move|p1a: Ogerpon|Spiky Shield|p1a: Ogerpon\n|-singleturn|p1a: Ogerpon|move: Protect\n|move|p1b: Weezing|Will-O-Wisp|p2a: Heatran\n|-immune|p2a: Heatran\n|move|p2b: Amoonguss|Pollen Puff|p1a: Ogerpon\n|-activate|p1a: Ogerpon|move: Protect\n|\n|upkeep\n|turn|2\n|inactive|jusemato has 30 seconds left.\n|inactive|Elquepruebatims2 has 30 seconds left.\n|inactive|jusemato has 20 seconds left.\n|inactive|jusemato has 15 seconds left.\n|inactive|jusemato has 10 seconds left.\n|\n|t:|1701027588\n|switch|p1a: Iron Hands|Iron Hands, L50|100\/100\n|-terastallize|p2a: Heatran|Grass\n|move|p2b: Amoonguss|Protect|p2b: Amoonguss\n|-singleturn|p2b: Amoonguss|Protect\n|move|p2a: Heatran|Heat Wave|p1b: Weezing|[spread] p1a,p1b\n|-damage|p1a: Iron Hands|73\/100\n|-damage|p1b: Weezing|43\/100\n|-enditem|p1b: Weezing|Sitrus Berry|[eat]\n|-heal|p1b: Weezing|68\/100|[from] item: Sitrus Berry\n|-damage|p2a: Heatran|91\/100|[from] item: Life Orb\n|move|p1b: Weezing|Taunt|p2b: Amoonguss\n|-activate|p2b: Amoonguss|move: Protect\n|\n|upkeep\n|turn|3\n|inactive|Elquepruebatims2 has 30 seconds left.\n|\n|t:|1701027618\n|switch|p2b: Flutter Mane|Flutter Mane, L50|100\/100\n|-enditem|p2b: Flutter Mane|Booster Energy\n|-activate|p2b: Flutter Mane|ability: Protosynthesis|[fromitem]\n|-start|p2b: Flutter Mane|protosynthesisspa\n|move|p2a: Heatran|Protect|p2a: Heatran\n|-singleturn|p2a: Heatran|Protect\n|move|p1b: Weezing|Taunt|p2b: Flutter Mane\n|-start|p2b: Flutter Mane|move: Taunt\n|move|p1a: Iron Hands|Drain Punch|p2a: Heatran\n|-activate|p2a: Heatran|move: Protect\n|\n|upkeep\n|turn|4\n|\n|t:|1701027639\n|-end|p1b: Weezing|ability: Neutralizing Gas\n|switch|p1b: Roaring Moon|Roaring Moon, L50|100\/100\n|-enditem|p1b: Roaring Moon|Booster Energy\n|-activate|p1b: Roaring Moon|ability: Protosynthesis|[fromitem]\n|-start|p1b: Roaring Moon|protosynthesisspe\n|move|p2b: Flutter Mane|Shadow Ball|p1a: Iron Hands\n|-damage|p1a: Iron Hands|46\/100\n|move|p2a: Heatran|Earth Power|p1a: Iron Hands\n|-supereffective|p1a: Iron Hands\n|-damage|p1a: Iron Hands|0 fnt\n|faint|p1a: Iron Hands\n|-end|p1a: Iron Hands|Quark Drive|[silent]\n|-damage|p2a: Heatran|81\/100|[from] item: Life Orb\n|\n|upkeep\n|\n|t:|1701027657\n|switch|p1a: Weezing|Weezing, L50, M, shiny|68\/100\n|-ability|p1a: Weezing|Neutralizing Gas\n|turn|5\n|\n|t:|1701027672\n|-terastallize|p1b: Roaring Moon|Flying\n|move|p1b: Roaring Moon|Tailwind|p1b: Roaring Moon\n|-sidestart|p1: jusemato|move: Tailwind\n|move|p1a: Weezing|Gunk Shot|p2a: Heatran\n|-supereffective|p2a: Heatran\n|-crit|p2a: Heatran\n|-damage|p2a: Heatran|0 fnt\n|faint|p2a: Heatran\n|move|p2b: Flutter Mane|Dazzling Gleam|p1a: Weezing|[spread] p1a,p1b\n|-resisted|p1a: Weezing\n|-damage|p1a: Weezing|47\/100\n|-damage|p1b: Roaring Moon|58\/100\n|\n|-end|p2b: Flutter Mane|move: Taunt\n|upkeep\n|\n|t:|1701027697\n|switch|p2a: Amoonguss|Amoonguss, L50, M|100\/100\n|turn|6\n|\n|t:|1701027726\n|move|p2a: Amoonguss|Rage Powder|p2a: Amoonguss\n|-singleturn|p2a: Amoonguss|move: Rage Powder\n|move|p1b: Roaring Moon|Acrobatics|p2a: Amoonguss\n|-supereffective|p2a: Amoonguss\n|-damage|p2a: Amoonguss|18\/100\n|-enditem|p2a: Amoonguss|Sitrus Berry|[eat]\n|-heal|p2a: Amoonguss|43\/100|[from] item: Sitrus Berry\n|move|p2b: Flutter Mane|Moonblast|p1b: Roaring Moon\n|-damage|p1b: Roaring Moon|0 fnt\n|faint|p1b: Roaring Moon\n|-end|p1b: Roaring Moon|Protosynthesis|[silent]\n|move|p1a: Weezing|Taunt|p2a: Amoonguss\n|-start|p2a: Amoonguss|move: Taunt\n|\n|upkeep\n|\n|t:|1701027735\n|switch|p1b: Ogerpon|Ogerpon-Wellspring, L50, F|100\/100\n|turn|7\n|\n|t:|1701027748\n|move|p1b: Ogerpon|Ivy Cudgel|p2b: Flutter Mane|[anim] Ivy Cudgel Water\n|-damage|p2b: Flutter Mane|19\/100\n|move|p2b: Flutter Mane|Shadow Ball|p1a: Weezing\n|-damage|p1a: Weezing|0 fnt\n|faint|p1a: Weezing\n|-end|p1a: Weezing|ability: Neutralizing Gas\n|move|p2a: Amoonguss|Pollen Puff|p2b: Flutter Mane\n|-heal|p2b: Flutter Mane|69\/100\n|\n|upkeep\n|turn|8\n|\n|t:|1701027762\n|-end|p2b: Flutter Mane|Protosynthesis|[silent]\n|switch|p2b: Urshifu|Urshifu-Rapid-Strike, L50, M|100\/100\n|move|p1b: Ogerpon|Ivy Cudgel|p2b: Urshifu|[anim] Ivy Cudgel Water\n|-resisted|p2b: Urshifu\n|-crit|p2b: Urshifu\n|-damage|p2b: Urshifu|62\/100\n|move|p2a: Amoonguss|Pollen Puff|p2b: Urshifu\n|-heal|p2b: Urshifu|100\/100\n|\n|-sideend|p1: jusemato|move: Tailwind\n|upkeep\n|turn|9\n|\n|t:|1701027777\n|move|p2b: Urshifu|U-turn|p1b: Ogerpon\n|-supereffective|p1b: Ogerpon\n|-damage|p1b: Ogerpon|43\/100\n|\n|t:|1701027780\n|switch|p2b: Flutter Mane|Flutter Mane, L50|69\/100|[from] U-turn\n|move|p1b: Ogerpon|Horn Leech|p2b: Flutter Mane\n|-damage|p2b: Flutter Mane|1\/100\n|-heal|p1b: Ogerpon|70\/100|[from] drain|[of] p2b: Flutter Mane\n|move|p2a: Amoonguss|Pollen Puff|p1b: Ogerpon\n|-supereffective|p1b: Ogerpon\n|-damage|p1b: Ogerpon|28\/100\n|\n|-end|p2a: Amoonguss|move: Taunt\n|upkeep\n|turn|10\n|\n|t:|1701027793\n|move|p2b: Flutter Mane|Moonblast|p1b: Ogerpon\n|-damage|p1b: Ogerpon|0 fnt\n|faint|p1b: Ogerpon\n|\n|win|Elquepruebatims2\n","uploadtime":1701027803,"views":2,"p1id":"jusemato","p2id":"elquepruebatims2","formatid":"gen9vgc2023regulatione","rating":0,"private":0,"password":""}