{"id":"gen9vgc2023regulatione-1989380477","p1":"GlennIsAFrog","p2":"JayMcG1010","format":"[Gen 9] VGC 2023 Regulation E","log":"|j|\u2606GlennIsAFrog\n|j|\u2606JayMcG1010\n|n|\u2606GlennIsAFrog|glennisafrog\n|n|\u2606JayMcG1010|jaymcg1010\n|html|View the match progress at <a href=\"\/game-bestof3-gen9vgc2023regulatione-1989380476\">game-bestof3-gen9vgc2023regulatione-1989380476<\/a>\n|t:|1699842991\n|gametype|doubles\n|player|p1|GlennIsAFrog|170|\n|player|p2|JayMcG1010|2|\n|teamsize|p1|6\n|teamsize|p2|6\n|gen|9\n|tier|[Gen 9] VGC 2023 Regulation E\n|rule|Species Clause: Limit one of each Pok\u00e9mon\n|rule|Item Clause: Limit one of each item\n|clearpoke\n|poke|p1|Zapdos, L50|\n|poke|p1|Chimecho, L50, F|\n|poke|p1|Politoed, L50, M|\n|poke|p1|Tinkaton, L50, F|\n|poke|p1|Electrode-Hisui, L50|\n|poke|p1|Torterra, L50, F|\n|poke|p2|Gholdengo, L50|\n|poke|p2|Kommo-o, L50, M|\n|poke|p2|Grimmsnarl, L50, M|\n|poke|p2|Ogerpon-Cornerstone, L50, F|\n|poke|p2|Wyrdeer, L50, M|\n|poke|p2|Samurott, L50, M|\n|teampreview|4\n|inactive|Battle timer is ON: inactive players will automatically lose when time's up. (requested by GlennIsAFrog)\nJayMcG1010 rejected open team sheets.\n|c|\u2606GlennIsAFrog|glhf!\n|c|\u2606JayMcG1010|glhf!\n|inactive|JayMcG1010 has 60 seconds left.\n|inactive|GlennIsAFrog has 60 seconds left.\n|inactive|JayMcG1010 has 30 seconds left.\n|inactive|JayMcG1010 has 20 seconds left.\n|inactive|JayMcG1010 has 15 seconds left.\n|\n|t:|1699843070\n|start\n|switch|p1a: Elysium|Chimecho, L50, F|100\/100\n|switch|p1b: Frog|Politoed, L50, M|100\/100\n|switch|p2a: Time Piece|Grimmsnarl, L50, M, shiny|100\/100\n|switch|p2b: Spirit 2.0|Kommo-o, L50, M, shiny|100\/100\n|-weather|RainDance|[from] ability: Drizzle|[of] p1b: Frog\n|turn|1\n|inactive|JayMcG1010 has 30 seconds left.\n|inactive|JayMcG1010 has 20 seconds left.\n|inactive|JayMcG1010 has 15 seconds left.\n|\n|t:|1699843111\n|move|p2a: Time Piece|Light Screen|p2a: Time Piece\n|-sidestart|p2: JayMcG1010|move: Light Screen\n|move|p2b: Spirit 2.0|Clangorous Soul|p2b: Spirit 2.0\n|-boost|p2b: Spirit 2.0|atk|1\n|-boost|p2b: Spirit 2.0|def|1\n|-boost|p2b: Spirit 2.0|spa|1\n|-boost|p2b: Spirit 2.0|spd|1\n|-boost|p2b: Spirit 2.0|spe|1\n|-damage|p2b: Spirit 2.0|68\/100\n|-enditem|p2b: Spirit 2.0|Throat Spray\n|-boost|p2b: Spirit 2.0|spa|1|[from] item: Throat Spray\n|move|p1b: Frog|Belly Drum|p1b: Frog\n|-damage|p1b: Frog|50\/100\n|-setboost|p1b: Frog|atk|6|[from] move: Belly Drum\n|-enditem|p1b: Frog|Sitrus Berry|[eat]\n|-heal|p1b: Frog|75\/100|[from] item: Sitrus Berry\n|move|p1a: Elysium|Trick Room|p1a: Elysium\n|-fieldstart|move: Trick Room|[of] p1a: Elysium\n|\n|-weather|RainDance|[upkeep]\n|upkeep\n|turn|2\n|inactive|GlennIsAFrog has 30 seconds left.\n|inactive|JayMcG1010 has 30 seconds left.\n|\n|t:|1699843144\n|move|p2a: Time Piece|Reflect|p2a: Time Piece\n|-sidestart|p2: JayMcG1010|Reflect\n|move|p1a: Elysium|Encore|p2b: Spirit 2.0\n|-start|p2b: Spirit 2.0|Encore\n|move|p1b: Frog|Liquidation|p2a: Time Piece\n|-damage|p2a: Time Piece|0 fnt\n|faint|p2a: Time Piece\n|move|p2b: Spirit 2.0|Clangorous Soul|p2b: Spirit 2.0\n|-boost|p2b: Spirit 2.0|atk|1\n|-boost|p2b: Spirit 2.0|def|1\n|-boost|p2b: Spirit 2.0|spa|1\n|-boost|p2b: Spirit 2.0|spd|1\n|-boost|p2b: Spirit 2.0|spe|1\n|-damage|p2b: Spirit 2.0|35\/100\n|\n|-weather|RainDance|[upkeep]\n|upkeep\n|\n|t:|1699843158\n|switch|p2a: Only|Wyrdeer, L50, M|100\/100\n|-ability|p2a: Only|Intimidate|boost\n|-unboost|p1a: Elysium|atk|1\n|-unboost|p1b: Frog|atk|1\n|turn|3\n|inactive|JayMcG1010 has 30 seconds left.\n|\n|t:|1699843184\n|-terastallize|p2a: Only|Grass\n|move|p1a: Elysium|Psychic|p2b: Spirit 2.0\n|-supereffective|p2b: Spirit 2.0\n|-damage|p2b: Spirit 2.0|17\/100\n|move|p2a: Only|Energy Ball|p1b: Frog\n|-supereffective|p1b: Frog\n|-damage|p1b: Frog|2\/100\n|-unboost|p1b: Frog|spd|1\n|move|p1b: Frog|Liquidation|p2a: Only\n|-resisted|p2a: Only\n|-damage|p2a: Only|47\/100\n|-enditem|p2a: Only|Sitrus Berry|[eat]\n|-heal|p2a: Only|71\/100|[from] item: Sitrus Berry\n|move|p2b: Spirit 2.0|Clangorous Soul||[still]\n|-fail|p2b: Spirit 2.0\n|\n|-weather|RainDance|[upkeep]\n|upkeep\n|turn|4\n|inactive|JayMcG1010 has 30 seconds left.\n|\n|t:|1699843211\n|move|p1a: Elysium|Psychic|p2b: Spirit 2.0\n|-supereffective|p2b: Spirit 2.0\n|-damage|p2b: Spirit 2.0|0 fnt\n|faint|p2b: Spirit 2.0\n|move|p2a: Only|Energy Ball|p1b: Frog\n|-supereffective|p1b: Frog\n|-damage|p1b: Frog|0 fnt\n|faint|p1b: Frog\n|\n|-weather|RainDance|[upkeep]\n|upkeep\n|\n|t:|1699843221\n|switch|p1b: Red Tail|Zapdos, L50|100\/100\n|switch|p2b: Evidence|Ogerpon-Cornerstone, L50, F|100\/100\n|turn|5\n|inactive|GlennIsAFrog has 30 seconds left.\n|inactive|JayMcG1010 has 30 seconds left.\n|inactive|JayMcG1010 has 20 seconds left.\n|inactive|JayMcG1010 has 15 seconds left.\n|inactive|JayMcG1010 has 10 seconds left.\n|\n|t:|1699843275\n|-terastallize|p1b: Red Tail|Water\n|move|p2a: Only|Protect|p2a: Only\n|-singleturn|p2a: Only|Protect\n|move|p2b: Evidence|Spiky Shield|p2b: Evidence\n|-singleturn|p2b: Evidence|move: Protect\n|move|p1a: Elysium|Psychic|p2b: Evidence\n|-activate|p2b: Evidence|move: Protect\n|move|p1b: Red Tail|Hurricane|p2a: Only\n|-activate|p2a: Only|move: Protect\n|\n|-weather|none\n|-fieldend|move: Trick Room\n|upkeep\n|turn|6\n|inactive|JayMcG1010 has 30 seconds left.\n|\n|t:|1699843312\n|switch|p1b: Sena|Tinkaton, L50, F|100\/100\n|move|p2b: Evidence|Horn Leech|p1b: Sena\n|-resisted|p1b: Sena\n|-damage|p1b: Sena|73\/100\n|move|p2a: Only|Energy Ball|p1b: Sena\n|-resisted|p1b: Sena\n|-damage|p1b: Sena|63\/100\n|move|p1a: Elysium|Trick Room|p1a: Elysium\n|-fieldstart|move: Trick Room|[of] p1a: Elysium\n|\n|upkeep\n|turn|7\n|\n|t:|1699843327\n|move|p2b: Evidence|Spiky Shield|p2b: Evidence\n|-singleturn|p2b: Evidence|move: Protect\n|move|p1a: Elysium|Heal Pulse|p1b: Sena\n|-heal|p1b: Sena|100\/100\n|move|p1b: Sena|Gigaton Hammer|p2b: Evidence\n|-activate|p2b: Evidence|move: Protect\n|move|p2a: Only|Trick Room|p2a: Only\n|-fieldend|move: Trick Room\n|\n|upkeep\n|turn|8\n|\n|t:|1699843348\n|move|p2b: Evidence|Ivy Cudgel|p1b: Sena\n|-resisted|p1b: Sena\n|-crit|p1b: Sena\n|-damage|p1b: Sena|54\/100\n|move|p1b: Sena|Brick Break|p2b: Evidence\n|-sideend|p2: JayMcG1010|Reflect\n|-sideend|p2: JayMcG1010|move: Light Screen\n|-supereffective|p2b: Evidence\n|-damage|p2b: Evidence|55\/100\n|move|p2a: Only|Thunderbolt|p1b: Sena\n|-damage|p1b: Sena|39\/100\n|move|p1a: Elysium|Trick Room|p1a: Elysium\n|-fieldstart|move: Trick Room|[of] p1a: Elysium\n|\n|upkeep\n|turn|9\n|\n|t:|1699843362\n|move|p2b: Evidence|Spiky Shield|p2b: Evidence\n|-singleturn|p2b: Evidence|move: Protect\n|move|p1a: Elysium|Psychic|p2a: Only\n|-crit|p2a: Only\n|-damage|p2a: Only|31\/100\n|move|p2a: Only|Thunderbolt|p1b: Sena\n|-damage|p1b: Sena|25\/100\n|move|p1b: Sena|Gigaton Hammer|p2a: Only\n|-damage|p2a: Only|0 fnt\n|faint|p2a: Only\n|\n|upkeep\n|turn|10\n|\n|t:|1699843374\n|move|p1a: Elysium|Psychic|p2b: Evidence\n|-damage|p2b: Evidence|22\/100\n|move|p1b: Sena|Brick Break|p2b: Evidence\n|-supereffective|p2b: Evidence\n|-damage|p2b: Evidence|0 fnt\n|faint|p2b: Evidence\n|\n|win|GlennIsAFrog\n|c|&|\/uhtml prompt-jaymcg1010,JayMcG1010 is ready for game 2!\n|c|\u2606GlennIsAFrog|gg!\n|c|\u2606JayMcG1010|gg\n|c|&|\/uhtml prompt-glennisafrog,GlennIsAFrog is ready for game 2!\nBoth players are ready! Starting next match!\n","uploadtime":1699843968,"views":53,"p1id":"glennisafrog","p2id":"jaymcg1010","formatid":"gen9vgc2023regulatione","rating":0,"private":0,"password":""}