{"id":"gen9vgc2023regulatione-2000492195","p1":"Achoque14","p2":"Golshi","format":"[Gen 9] VGC 2023 Regulation E","log":"|j|\u2606Achoque14\n|j|\u2606Golshi\n|t:|1701199349\n|gametype|doubles\n|player|p1|Achoque14|170|1551\n|player|p2|Golshi|lass|1466\n|teamsize|p1|6\n|teamsize|p2|6\n|gen|9\n|tier|[Gen 9] VGC 2023 Regulation E\n|rated|\n|rule|Species Clause: Limit one of each Pok\u00e9mon\n|rule|Item Clause: Limit one of each item\n|clearpoke\n|poke|p1|Farigiraf, L50, M|\n|poke|p1|Iron Hands, L50|\n|poke|p1|Amoonguss, L50, M|\n|poke|p1|Heatran, L50, M|\n|poke|p1|Cresselia, L50, F|\n|poke|p1|Ursaluna-Bloodmoon, L50, M|\n|poke|p2|Kingambit, L50, M|\n|poke|p2|Landorus, L50, M|\n|poke|p2|Politoed, L50, M|\n|poke|p2|Chien-Pao, L50|\n|poke|p2|Tornadus, L50, M|\n|poke|p2|Tsareena, L50, F|\n|teampreview|4\n|inactive|Battle timer is ON: inactive players will automatically lose when time's up. (requested by Golshi)\n|inactive|Achoque14 has 60 seconds left.\n|inactive|Golshi has 60 seconds left.\nAchoque14 has agreed to open team sheets.\n|\n|t:|1701199403\n|start\n|switch|p1a: Farigiraf|Farigiraf, L50, M|100\/100\n|switch|p1b: Amoonguss|Amoonguss, L50, M|100\/100\n|switch|p2a: Landorus|Landorus, L50, M|100\/100\n|switch|p2b: Tsareena|Tsareena, L50, F|100\/100\n|turn|1\n|inactive|Golshi has 30 seconds left.\n|\n|t:|1701199429\n|move|p2a: Landorus|Sandsear Storm|p1a: Farigiraf|[spread] p1a\n|-miss|p2a: Landorus|p1b: Amoonguss\n|-damage|p1a: Farigiraf|57\/100\n|move|p2b: Tsareena|Taunt|p1b: Amoonguss\n|-start|p1b: Amoonguss|move: Taunt\n|cant|p1b: Amoonguss|move: Taunt|Spore\n|move|p1a: Farigiraf|Trick Room|p1a: Farigiraf\n|-fieldstart|move: Trick Room|[of] p1a: Farigiraf\n|\n|upkeep\n|turn|2\n|\n|t:|1701199444\n|switch|p2a: Kingambit|Kingambit, L50, M|100\/100\n|move|p1b: Amoonguss|Pollen Puff|p1a: Farigiraf\n|-heal|p1a: Farigiraf|100\/100\n|move|p1a: Farigiraf|Hyper Voice|p2a: Kingambit|[spread] p2a,p2b\n|-resisted|p2a: Kingambit\n|-damage|p2a: Kingambit|92\/100\n|-damage|p2b: Tsareena|79\/100\n|move|p2b: Tsareena|Knock Off|p1a: Farigiraf\n|-supereffective|p1a: Farigiraf\n|-damage|p1a: Farigiraf|57\/100\n|-enditem|p1a: Farigiraf|Sitrus Berry|[from] move: Knock Off|[of] p2b: Tsareena\n|\n|upkeep\n|turn|3\n|j| MoonBlock\n|inactive|Achoque14 has 30 seconds left.\n|\n|t:|1701199470\n|switch|p1b: Ursaluna|Ursaluna-Bloodmoon, L50, M|100\/100\n|-terastallize|p1a: Farigiraf|Fairy\n|move|p2a: Kingambit|Kowtow Cleave|p1b: Ursaluna\n|-damage|p1b: Ursaluna|65\/100\n|move|p1a: Farigiraf|Dazzling Gleam|p2a: Kingambit|[spread] p2a,p2b\n|-damage|p2a: Kingambit|78\/100\n|-damage|p2b: Tsareena|60\/100\n|move|p2b: Tsareena|Knock Off|p1b: Ursaluna\n|-damage|p1b: Ursaluna|45\/100\n|-enditem|p1b: Ursaluna|Throat Spray|[from] move: Knock Off|[of] p2b: Tsareena\n|\n|upkeep\n|turn|4\n|inactive|Golshi has 30 seconds left.\n|\n|t:|1701199496\n|switch|p1a: Amoonguss|Amoonguss, L50, M|100\/100\n|move|p1b: Ursaluna|Protect|p1b: Ursaluna\n|-singleturn|p1b: Ursaluna|Protect\n|move|p2a: Kingambit|Iron Head|p1a: Amoonguss\n|-damage|p1a: Amoonguss|61\/100\n|-damage|p2a: Kingambit|61\/100|[from] item: Rocky Helmet|[of] p1a: Amoonguss\n|move|p2b: Tsareena|Trop Kick|p1b: Ursaluna\n|-activate|p1b: Ursaluna|move: Protect\n|\n|upkeep\n|turn|5\n|inactive|Achoque14 has 30 seconds left.\n|inactive|Golshi has 30 seconds left.\n|inactive|Achoque14 has 20 seconds left.\n|inactive|Achoque14 has 15 seconds left.\n|\n|t:|1701199540\n|move|p1a: Amoonguss|Spore|p2a: Kingambit\n|-status|p2a: Kingambit|slp|[from] move: Spore\n|move|p1b: Ursaluna|Blood Moon|p2b: Tsareena\n|-damage|p2b: Tsareena|0 fnt\n|faint|p2b: Tsareena\n|cant|p2a: Kingambit|slp\n|\n|-fieldend|move: Trick Room\n|upkeep\n|\n|t:|1701199557\n|switch|p2b: Landorus|Landorus, L50, M|100\/100\n|turn|6\n|\n|t:|1701199579\n|switch|p1b: Cresselia|Cresselia, L50, F, shiny|100\/100\n|move|p2b: Landorus|Psychic|p1a: Amoonguss\n|-supereffective|p1a: Amoonguss\n|-damage|p1a: Amoonguss|2\/100\n|-curestatus|p2a: Kingambit|slp|[msg]\n|move|p2a: Kingambit|Kowtow Cleave|p1b: Cresselia\n|-supereffective|p1b: Cresselia\n|-damage|p1b: Cresselia|26\/100\n|move|p1a: Amoonguss|Spore|p2b: Landorus\n|-status|p2b: Landorus|slp|[from] move: Spore\n|\n|-heal|p1b: Cresselia|32\/100|[from] item: Leftovers\n|upkeep\n|turn|7\n|\n|t:|1701199600\n|move|p1a: Amoonguss|Rage Powder|p1a: Amoonguss\n|-singleturn|p1a: Amoonguss|move: Rage Powder\n|cant|p2b: Landorus|slp\n|move|p2a: Kingambit|Kowtow Cleave|p1a: Amoonguss\n|-damage|p1a: Amoonguss|0 fnt\n|-damage|p2a: Kingambit|45\/100|[from] item: Rocky Helmet|[of] p1a: Amoonguss\n|faint|p1a: Amoonguss\n|move|p1b: Cresselia|Trick Room|p1b: Cresselia\n|-fieldstart|move: Trick Room|[of] p1b: Cresselia\n|\n|-heal|p1b: Cresselia|38\/100|[from] item: Leftovers\n|upkeep\n|\n|t:|1701199608\n|switch|p1a: Ursaluna|Ursaluna-Bloodmoon, L50, M|45\/100\n|turn|8\n|\n|t:|1701199623\n|move|p1a: Ursaluna|Blood Moon|p2b: Landorus\n|-damage|p2b: Landorus|0 fnt\n|faint|p2b: Landorus\n|move|p2a: Kingambit|Kowtow Cleave|p1b: Cresselia\n|-supereffective|p1b: Cresselia\n|-damage|p1b: Cresselia|0 fnt\n|faint|p1b: Cresselia\n|\n|upkeep\n|\n|t:|1701199633\n|switch|p1b: Farigiraf|Farigiraf, L50, M, tera:Fairy|57\/100\n|switch|p2b: Chien-Pao|Chien-Pao, L50|100\/100\n|-ability|p2b: Chien-Pao|Sword of Ruin\n|turn|9\n|\n|t:|1701199648\n|move|p1a: Ursaluna|Hyper Voice|p2a: Kingambit|[spread] p2a,p2b\n|-resisted|p2a: Kingambit\n|-damage|p2a: Kingambit|31\/100\n|-damage|p2b: Chien-Pao|34\/100\n|move|p2a: Kingambit|Iron Head|p1b: Farigiraf\n|-supereffective|p1b: Farigiraf\n|-damage|p1b: Farigiraf|0 fnt\n|faint|p1b: Farigiraf\n|move|p2b: Chien-Pao|Ice Spinner|p1a: Ursaluna\n|-supereffective|p1a: Ursaluna\n|-damage|p1a: Ursaluna|0 fnt\n|faint|p1a: Ursaluna\n|\n|win|Golshi\n|raw|Achoque14's rating: 1551 &rarr; <strong>1526<\/strong><br \/>(-25 for losing)\n|raw|Golshi's rating: 1466 &rarr; <strong>1491<\/strong><br \/>(+25 for winning)\n","uploadtime":1701199664,"views":0,"p1id":"achoque14","p2id":"golshi","formatid":"gen9vgc2023regulatione","rating":1491,"private":0,"password":""}