{"id":"gen9vgc2023regulatione-1999638233","p1":"1shing1","p2":"Ozwald McFly","format":"[Gen 9] VGC 2023 Regulation E","log":"|j|\u26061shing1\n|j|\u2606Ozwald McFly\n|t:|1701103495\n|gametype|doubles\n|player|p1|1shing1|170|1252\n|player|p2|Ozwald McFly|2|1327\n|teamsize|p1|6\n|teamsize|p2|6\n|gen|9\n|tier|[Gen 9] VGC 2023 Regulation E\n|rated|\n|rule|Species Clause: Limit one of each Pok\u00e9mon\n|rule|Item Clause: Limit one of each item\n|clearpoke\n|poke|p1|Ninetales-Alola, L50, F|\n|poke|p1|Roaring Moon, L50|\n|poke|p1|Indeedee-F, L50, F|\n|poke|p1|Milotic, L50, F|\n|poke|p1|Brambleghast, L50, M|\n|poke|p1|Articuno, L50|\n|poke|p2|Noctowl, L50, F|\n|poke|p2|Sandy Shocks, L50|\n|poke|p2|Espeon, L50, F|\n|poke|p2|Indeedee-F, L50, F|\n|poke|p2|Iron Hands, L50|\n|poke|p2|Decidueye-Hisui, L50, M|\n|teampreview|4\n|inactive|Battle timer is ON: inactive players will automatically lose when time's up. (requested by 1shing1)\n|\n|t:|1701103519\n|start\n|switch|p1a: Ninetales|Ninetales-Alola, L50, F|100\/100\n|switch|p1b: Roaring Moon|Roaring Moon, L50|100\/100\n|switch|p2a: Iron Hands|Iron Hands, L50|100\/100\n|switch|p2b: Indeedee|Indeedee-F, L50, F|100\/100\n|-weather|Snow|[from] ability: Snow Warning|[of] p1a: Ninetales\n|-fieldstart|move: Psychic Terrain|[from] ability: Psychic Surge|[of] p2b: Indeedee\n|-enditem|p1b: Roaring Moon|Booster Energy\n|-activate|p1b: Roaring Moon|ability: Protosynthesis|[fromitem]\n|-start|p1b: Roaring Moon|protosynthesisatk\n|turn|1\n|\n|t:|1701103542\n|-terastallize|p1b: Roaring Moon|Flying\n|move|p1b: Roaring Moon|Knock Off|p2b: Indeedee\n|-supereffective|p2b: Indeedee\n|-damage|p2b: Indeedee|0 fnt\n|-enditem|p2b: Indeedee|Sitrus Berry|[from] move: Knock Off|[of] p1b: Roaring Moon\n|faint|p2b: Indeedee\n|move|p1a: Ninetales|Moonblast|p2a: Iron Hands\n|-supereffective|p2a: Iron Hands\n|-damage|p2a: Iron Hands|69\/100\n|move|p2a: Iron Hands|Heavy Slam|p1a: Ninetales\n|-supereffective|p1a: Ninetales\n|-damage|p1a: Ninetales|0 fnt\n|faint|p1a: Ninetales\n|\n|-weather|Snow|[upkeep]\n|upkeep\n|\n|t:|1701103559\n|switch|p1a: Articuno|Articuno, L50|100\/100\n|switch|p2b: Espeon|Espeon, L50, F|100\/100\n|turn|2\n|\n|t:|1701103568\n|move|p2b: Espeon|Detect|p2b: Espeon\n|-singleturn|p2b: Espeon|Protect\n|move|p1b: Roaring Moon|Earthquake|p2b: Espeon|[spread] p2a\n|-activate|p2b: Espeon|move: Protect\n|-immune|p1a: Articuno\n|-supereffective|p2a: Iron Hands\n|-damage|p2a: Iron Hands|17\/100\n|move|p1a: Articuno|Blizzard|p2a: Iron Hands|[spread] p2a\n|-activate|p2b: Espeon|move: Protect\n|-damage|p2a: Iron Hands|2\/100\n|move|p2a: Iron Hands|Wild Charge|p1b: Roaring Moon\n|-supereffective|p1b: Roaring Moon\n|-damage|p1b: Roaring Moon|0 fnt\n|faint|p1b: Roaring Moon\n|-end|p1b: Roaring Moon|Protosynthesis|[silent]\n|-damage|p2a: Iron Hands|0 fnt|[from] Recoil\n|faint|p2a: Iron Hands\n|-end|p2a: Iron Hands|Quark Drive|[silent]\n|\n|-weather|Snow|[upkeep]\n|upkeep\n|\n|t:|1701103588\n|switch|p1b: Indeedee|Indeedee-F, L50, F|100\/100\n|switch|p2a: Decidueye|Decidueye-Hisui, L50, M, shiny|100\/100\n|turn|3\n|\n|t:|1701103608\n|-terastallize|p2a: Decidueye|Fighting\n|move|p1b: Indeedee|Helping Hand|p1a: Articuno\n|-singleturn|p1a: Articuno|Helping Hand|[of] p1b: Indeedee\n|move|p2b: Espeon|Dazzling Gleam|p1a: Articuno|[spread] p1a,p1b\n|-damage|p1a: Articuno|85\/100\n|-damage|p1b: Indeedee|81\/100\n|move|p1a: Articuno|Blizzard|p2b: Espeon|[spread] p2a,p2b\n|-damage|p2a: Decidueye|56\/100\n|-damage|p2b: Espeon|44\/100\n|move|p2a: Decidueye|Triple Arrows|p1a: Articuno\n|-damage|p1a: Articuno|43\/100\n|-unboost|p1a: Articuno|def|1\n|\n|-weather|Snow|[upkeep]\n|upkeep\n|turn|4\n|\n|t:|1701103631\n|move|p1b: Indeedee|Helping Hand|p1a: Articuno\n|-singleturn|p1a: Articuno|Helping Hand|[of] p1b: Indeedee\n|move|p2b: Espeon|Psychic|p1a: Articuno\n|-damage|p1a: Articuno|0 fnt\n|faint|p1a: Articuno\n|move|p2a: Decidueye|Knock Off|p1b: Indeedee\n|-supereffective|p1b: Indeedee\n|-damage|p1b: Indeedee|21\/100\n|-damage|p2a: Decidueye|39\/100|[from] item: Rocky Helmet|[of] p1b: Indeedee\n|-enditem|p1b: Indeedee|Rocky Helmet|[from] move: Knock Off|[of] p2a: Decidueye\n|\n|-weather|Snow|[upkeep]\n|upkeep\n|turn|5\n|-message|1shing1 forfeited.\n|\n|win|Ozwald McFly\n|raw|1shing1's rating: 1252 &rarr; <strong>1232<\/strong><br \/>(-20 for losing)\n|raw|Ozwald McFly's rating: 1327 &rarr; <strong>1343<\/strong><br \/>(+16 for winning)\n|l|\u26061shing1\n","uploadtime":1701103646,"views":1,"p1id":"1shing1","p2id":"ozwaldmcfly","formatid":"gen9vgc2023regulatione","rating":1232,"private":0,"password":""}