{"id":"gen9vgc2023regulatione-1994428375","p1":"UglyShiny","p2":"Jop 33 in a row","format":"[Gen 9] VGC 2023 Regulation E","log":"|j|\u2606UglyShiny\n|j|\u2606Jop 33 in a row\n|t:|1700442845\n|gametype|doubles\n|player|p1|UglyShiny|preschooler|1150\n|player|p2|Jop 33 in a row|lillie|1172\n|teamsize|p1|6\n|teamsize|p2|6\n|gen|9\n|tier|[Gen 9] VGC 2023 Regulation E\n|rated|\n|rule|Species Clause: Limit one of each Pok\u00e9mon\n|rule|Item Clause: Limit one of each item\n|clearpoke\n|poke|p1|Qwilfish, L50, F|\n|poke|p1|Shiftry, L50, F|\n|poke|p1|Talonflame, L50, M|\n|poke|p1|Garchomp, L50, M|\n|poke|p1|Cresselia, L50, F|\n|poke|p1|Tinkaton, L50, F|\n|poke|p2|Heatran, L50, F|\n|poke|p2|Amoonguss, L50, M|\n|poke|p2|Iron Hands, L50|\n|poke|p2|Flutter Mane, L50|\n|poke|p2|Landorus-Therian, L50, M|\n|poke|p2|Roaring Moon, L50|\n|teampreview|4\n|inactive|Battle timer is ON: inactive players will automatically lose when time's up. (requested by Jop 33 in a row)\n|\n|t:|1700442884\n|start\n|switch|p1a: Talonflame|Talonflame, L50, M|100\/100\n|switch|p1b: Qwilfish|Qwilfish, L50, F, shiny|100\/100\n|switch|p2a: Iron Hands|Iron Hands, L50|100\/100\n|switch|p2b: Roaring Moon|Roaring Moon, L50, shiny|100\/100\n|-ability|p1b: Qwilfish|Intimidate|boost\n|-unboost|p2a: Iron Hands|atk|1\n|-unboost|p2b: Roaring Moon|atk|1\n|-enditem|p2b: Roaring Moon|Booster Energy\n|-activate|p2b: Roaring Moon|ability: Protosynthesis|[fromitem]\n|-start|p2b: Roaring Moon|protosynthesisspe\n|turn|1\n|\n|t:|1700442902\n|switch|p1b: Garchomp|Garchomp, L50, M|100\/100\n|move|p2a: Iron Hands|Fake Out|p1a: Talonflame\n|-damage|p1a: Talonflame|85\/100\n|move|p2b: Roaring Moon|Breaking Swipe|p1b: Garchomp|[spread] p1a,p1b\n|-supereffective|p1b: Garchomp\n|-damage|p1a: Talonflame|64\/100\n|-damage|p1b: Garchomp|71\/100\n|-unboost|p1a: Talonflame|atk|1\n|-damage|p2b: Roaring Moon|88\/100|[from] ability: Rough Skin|[of] p1b: Garchomp\n|cant|p1a: Talonflame|flinch\n|\n|upkeep\n|turn|2\n|\n|t:|1700442919\n|-end|p2a: Iron Hands|Quark Drive|[silent]\n|switch|p2a: Landorus|Landorus-Therian, L50, M|100\/100\n|-ability|p2a: Landorus|Intimidate|boost\n|-unboost|p1a: Talonflame|atk|1\n|-fail|p1b: Garchomp|unboost|[from] item: Clear Amulet|[of] p1b: Garchomp\n|move|p2b: Roaring Moon|Tailwind|p2b: Roaring Moon\n|-sidestart|p2: Jop 33 in a row|move: Tailwind\n|move|p1a: Talonflame|Tailwind|p1a: Talonflame\n|-sidestart|p1: UglyShiny|move: Tailwind\n|move|p1b: Garchomp|Earthquake|p2b: Roaring Moon|[spread] p2b\n|-immune|p1a: Talonflame\n|-immune|p2a: Landorus\n|-damage|p2b: Roaring Moon|46\/100\n|\n|upkeep\n|turn|3\n|inactive|Jop 33 in a row has 30 seconds left.\n|\n|t:|1700442955\n|move|p2b: Roaring Moon|Protect|p2b: Roaring Moon\n|-singleturn|p2b: Roaring Moon|Protect\n|move|p1a: Talonflame|Will-O-Wisp|p2a: Landorus|[miss]\n|-miss|p1a: Talonflame|p2a: Landorus\n|move|p1b: Garchomp|Dragon Claw|p2b: Roaring Moon\n|-activate|p2b: Roaring Moon|move: Protect\n|move|p2a: Landorus|Rock Slide|p1a: Talonflame|[spread] p1a\n|-miss|p2a: Landorus|p1b: Garchomp\n|-supereffective|p1a: Talonflame\n|-damage|p1a: Talonflame|0 fnt\n|faint|p1a: Talonflame\n|\n|upkeep\n|\n|t:|1700442969\n|switch|p1a: Qwilfish|Qwilfish, L50, F, shiny|100\/100\n|-ability|p1a: Qwilfish|Intimidate|boost\n|-unboost|p2a: Landorus|atk|1\n|-unboost|p2b: Roaring Moon|atk|1\n|turn|4\n|inactive|Jop 33 in a row has 30 seconds left.\n|\n|t:|1700442996\n|-end|p2b: Roaring Moon|Protosynthesis|[silent]\n|switch|p2b: Amoonguss|Amoonguss, L50, M, shiny|100\/100\n|move|p1b: Garchomp|Rock Slide|p2a: Landorus|[spread] p2a,p2b\n|-damage|p2a: Landorus|78\/100\n|-damage|p2b: Amoonguss|84\/100\n|move|p2a: Landorus|U-turn|p1a: Qwilfish\n|-resisted|p1a: Qwilfish\n|-damage|p1a: Qwilfish|89\/100\n|\n|t:|1700443005\n|switch|p2a: Iron Hands|Iron Hands, L50|100\/100|[from] U-turn\n|move|p1a: Qwilfish|Waterfall|p2b: Amoonguss\n|-resisted|p2b: Amoonguss\n|-damage|p2b: Amoonguss|73\/100\n|\n|upkeep\n|turn|5\n|\n|t:|1700443020\n|switch|p1a: Cresselia|Cresselia, L50, F|100\/100\n|-terastallize|p2a: Iron Hands|Water\n|move|p1b: Garchomp|Protect|p1b: Garchomp\n|-singleturn|p1b: Garchomp|Protect\n|move|p2a: Iron Hands|Drain Punch|p1b: Garchomp\n|-activate|p1b: Garchomp|move: Protect\n|move|p2b: Amoonguss|Spore|p1b: Garchomp\n|-activate|p1b: Garchomp|move: Protect\n|\n|-sideend|p2: Jop 33 in a row|move: Tailwind\n|-sideend|p1: UglyShiny|move: Tailwind\n|upkeep\n|turn|6\n|inactive|UglyShiny has 30 seconds left.\n|inactive|UglyShiny has 20 seconds left.\n|\n|t:|1700443056\n|move|p1b: Garchomp|Earthquake|p2b: Amoonguss|[spread] p2a,p2b\n|-immune|p1a: Cresselia|[from] ability: Levitate\n|-damage|p2a: Iron Hands|70\/100\n|-damage|p2b: Amoonguss|43\/100\n|-enditem|p2b: Amoonguss|Sitrus Berry|[eat]\n|-heal|p2b: Amoonguss|68\/100|[from] item: Sitrus Berry\n|move|p1a: Cresselia|Moonblast|p2b: Amoonguss\n|-resisted|p2b: Amoonguss\n|-damage|p2b: Amoonguss|59\/100\n|move|p2a: Iron Hands|Drain Punch|p1b: Garchomp\n|-damage|p1b: Garchomp|28\/100\n|-heal|p2a: Iron Hands|87\/100|[from] drain|[of] p1b: Garchomp\n|-damage|p2a: Iron Hands|74\/100|[from] ability: Rough Skin|[of] p1b: Garchomp\n|move|p2b: Amoonguss|Spore|p1b: Garchomp\n|-status|p1b: Garchomp|slp|[from] move: Spore\n|\n|upkeep\n|turn|7\n|\n|t:|1700443077\n|cant|p1b: Garchomp|slp\n|move|p1a: Cresselia|Lunar Blessing|p1a: Cresselia|[spread] p1a,p1b\n|-heal|p1b: Garchomp|53\/100 slp\n|-curestatus|p1b: Garchomp|slp|[msg]\n|move|p2a: Iron Hands|Drain Punch|p1b: Garchomp\n|-damage|p1b: Garchomp|9\/100\n|-heal|p2a: Iron Hands|91\/100|[from] drain|[of] p1b: Garchomp\n|-damage|p2a: Iron Hands|79\/100|[from] ability: Rough Skin|[of] p1b: Garchomp\n|move|p2b: Amoonguss|Spore|p1a: Cresselia\n|-status|p1a: Cresselia|slp|[from] move: Spore\n|\n|upkeep\n|turn|8\n|inactive|UglyShiny has 30 seconds left.\n|inactive|UglyShiny has 20 seconds left.\n|\n|t:|1700443115\n|switch|p1a: Qwilfish|Qwilfish, L50, F, shiny|89\/100\n|-ability|p1a: Qwilfish|Intimidate|boost\n|-unboost|p2a: Iron Hands|atk|1\n|-unboost|p2b: Amoonguss|atk|1\n|-terastallize|p1b: Garchomp|Grass\n|move|p1b: Garchomp|Dragon Claw|p2a: Iron Hands\n|-damage|p2a: Iron Hands|48\/100\n|move|p2a: Iron Hands|Heavy Slam|p1a: Qwilfish\n|-resisted|p1a: Qwilfish\n|-damage|p1a: Qwilfish|71\/100\n|move|p2b: Amoonguss|Spore|p1b: Garchomp\n|-immune|p1b: Garchomp\n|\n|upkeep\n|turn|9\n|inactive|UglyShiny has 30 seconds left.\n|\n|t:|1700443143\n|-end|p2a: Iron Hands|Quark Drive|[silent]\n|switch|p2a: Landorus|Landorus-Therian, L50, M|78\/100\n|-ability|p2a: Landorus|Intimidate|boost\n|-unboost|p1a: Qwilfish|atk|1\n|-fail|p1b: Garchomp|unboost|[from] item: Clear Amulet|[of] p1b: Garchomp\n|move|p1b: Garchomp|Dragon Claw|p2a: Landorus\n|-damage|p2a: Landorus|34\/100\n|move|p1a: Qwilfish|Gunk Shot|p2a: Landorus\n|-resisted|p2a: Landorus\n|-damage|p2a: Landorus|20\/100\n|move|p2b: Amoonguss|Pollen Puff|p1b: Garchomp\n|-supereffective|p1b: Garchomp\n|-damage|p1b: Garchomp|0 fnt\n|faint|p1b: Garchomp\n|\n|upkeep\n|\n|t:|1700443159\n|switch|p1b: Cresselia|Cresselia, L50, F|100\/100 slp\n|turn|10\n|\n|t:|1700443169\n|move|p2a: Landorus|Stomping Tantrum|p1a: Qwilfish\n|-supereffective|p1a: Qwilfish\n|-damage|p1a: Qwilfish|0 fnt\n|faint|p1a: Qwilfish\n|cant|p1b: Cresselia|slp\n|move|p2b: Amoonguss|Pollen Puff|p2a: Landorus\n|-heal|p2a: Landorus|69\/100\n|\n|upkeep\n|turn|11\n|-message|UglyShiny forfeited.\n|\n|win|Jop 33 in a row\n|raw|UglyShiny's rating: 1150 &rarr; <strong>1127<\/strong><br \/>(-23 for losing)\n|raw|Jop 33 in a row's rating: 1172 &rarr; <strong>1195<\/strong><br \/>(+23 for winning)\n|l|\u2606UglyShiny\n","uploadtime":1700443742,"views":5,"p1id":"uglyshiny","p2id":"jop33inarow","formatid":"gen9vgc2023regulatione","rating":1127,"private":0,"password":""}