{"id":"gen9vgc2023regulatione-1994267069","p1":"UnknownPingu","p2":"arijimo","format":"[Gen 9] VGC 2023 Regulation E","log":"|j|\u2606UnknownPingu\n|j|\u2606arijimo\n|n|\u2606UnknownPingu|unknownpingu\n|n|\u2606arijimo|arijimo\n|html|View the match progress at <a href=\"\/game-bestof3-gen9vgc2023regulatione-1994267068\">game-bestof3-gen9vgc2023regulatione-1994267068<\/a>\n|t:|1700425196\n|gametype|doubles\n|player|p1|UnknownPingu|skier|\n|player|p2|arijimo|265|\n|teamsize|p1|6\n|teamsize|p2|6\n|gen|9\n|tier|[Gen 9] VGC 2023 Regulation E\n|rule|Species Clause: Limit one of each Pok\u00e9mon\n|rule|Item Clause: Limit one of each item\n|clearpoke\n|poke|p1|Gallade, L50, M|\n|poke|p1|Arcanine-Hisui, L50, F|\n|poke|p1|Ogerpon-Wellspring, L50, F|\n|poke|p1|Flutter Mane, L50|\n|poke|p1|Iron Hands, L50|\n|poke|p1|Gholdengo, L50|\n|poke|p2|Kommo-o, L50, M|\n|poke|p2|Tyranitar, L50, M|\n|poke|p2|Rillaboom, L50, M|\n|poke|p2|Flutter Mane, L50|\n|poke|p2|Iron Bundle, L50|\n|poke|p2|Arcanine-Hisui, L50, M|\n|teampreview|4\narijimo has agreed to open team sheets.\nUnknownPingu has agreed to open team sheets.\n|showteam|p1|Gallade||ScopeLens|Sharpness|PsychoCut,SacredSword,ShadowSneak,WideGuard|||M|||50|,,,,,Psychic]Arcanine-Hisui||SitrusBerry|Intimidate|FlareBlitz,ExtremeSpeed,TeraBlast,Protect|||F|||50|,,,,,Fairy]Ogerpon-Wellspring||WellspringMask|WaterAbsorb|SpikyShield,FollowMe,IvyCudgel,HornLeech|||F|||50|,,,,,Water]Flutter Mane||BoosterEnergy|Protosynthesis|ShadowBall,DazzlingGleam,IcyWind,Protect||||||50|,,,,,Ghost]Iron Hands||AssaultVest|QuarkDrive|HeavySlam,DrainPunch,WildCharge,FakeOut||||||50|,,,,,Steel]Gholdengo||ChoiceScarf|GoodasGold|MakeItRain,ShadowBall,Thunderbolt,Trick||||||50|,,,,,Water\n|showteam|p2|Kommo-o||Leftovers|Bulletproof|BodyPress,IronDefense,IronHead,Protect|||M|||50|,,,,,Steel]Tyranitar||AssaultVest|SandStream|KnockOff,RockSlide,LowKick,TeraBlast|||M|||50|,,,,,Psychic]Rillaboom||MiracleSeed|GrassySurge|FakeOut,WoodHammer,GrassyGlide,Taunt|||M|||50|,,,,,Grass]Flutter Mane||ChoiceSpecs|Protosynthesis|DazzlingGleam,Moonblast,ShadowBall,Psyshock||||||50|,,,,,Fairy]Iron Bundle||BoosterEnergy|QuarkDrive|FreezeDry,IcyWind,HydroPump,Protect||||||50|,,,,,Ghost]Arcanine-Hisui||SitrusBerry|Intimidate|FlareBlitz,RockSlide,Howl,WillOWisp|||M|||50|,,,,,Water\n|c|\u2606arijimo|glhf\n|c|\u2606UnknownPingu|u2!\n|\n|t:|1700425279\n|start\n|switch|p1a: Gallade|Gallade, L50, M|100\/100\n|switch|p1b: Iron Hands|Iron Hands, L50|100\/100\n|switch|p2a: Iron Bundle|Iron Bundle, L50|100\/100\n|switch|p2b: Arcanine|Arcanine-Hisui, L50, M|100\/100\n|-ability|p2b: Arcanine|Intimidate|boost\n|-unboost|p1a: Gallade|atk|1\n|-unboost|p1b: Iron Hands|atk|1\n|-enditem|p2a: Iron Bundle|Booster Energy\n|-activate|p2a: Iron Bundle|ability: Quark Drive|[fromitem]\n|-start|p2a: Iron Bundle|quarkdrivespe\n|turn|1\n|\n|t:|1700425316\n|move|p2a: Iron Bundle|Protect|p2a: Iron Bundle\n|-singleturn|p2a: Iron Bundle|Protect\n|move|p1b: Iron Hands|Fake Out|p2b: Arcanine\n|-resisted|p2b: Arcanine\n|-damage|p2b: Arcanine|95\/100\n|cant|p2b: Arcanine|flinch\n|move|p1a: Gallade|Sacred Sword|p2b: Arcanine\n|-supereffective|p2b: Arcanine\n|-damage|p2b: Arcanine|0 fnt\n|faint|p2b: Arcanine\n|\n|upkeep\n|\n|t:|1700425328\n|switch|p2b: Rillaboom|Rillaboom, L50, M|100\/100\n|-fieldstart|move: Grassy Terrain|[from] ability: Grassy Surge|[of] p2b: Rillaboom\n|turn|2\n|j| quick222\n|\n|t:|1700425371\n|switch|p1a: Flutter Mane|Flutter Mane, L50|100\/100\n|-enditem|p1a: Flutter Mane|Booster Energy\n|-activate|p1a: Flutter Mane|ability: Protosynthesis|[fromitem]\n|-start|p1a: Flutter Mane|protosynthesisspe\n|-terastallize|p2a: Iron Bundle|Ghost\n|move|p2b: Rillaboom|Fake Out|p1a: Flutter Mane\n|-immune|p1a: Flutter Mane\n|move|p2a: Iron Bundle|Hydro Pump|p1a: Flutter Mane|[miss]\n|-miss|p2a: Iron Bundle|p1a: Flutter Mane\n|move|p1b: Iron Hands|Drain Punch|p2a: Iron Bundle\n|-immune|p2a: Iron Bundle\n|\n|upkeep\n|turn|3\n|\n|t:|1700425409\n|move|p2b: Rillaboom|Grassy Glide|p1a: Flutter Mane\n|-damage|p1a: Flutter Mane|0 fnt\n|faint|p1a: Flutter Mane\n|-end|p1a: Flutter Mane|Protosynthesis|[silent]\n|move|p2a: Iron Bundle|Icy Wind|p1b: Iron Hands\n|-damage|p1b: Iron Hands|86\/100\n|-unboost|p1b: Iron Hands|spe|1\n|move|p1b: Iron Hands|Wild Charge|p2a: Iron Bundle\n|-damage|p2a: Iron Bundle|57\/100\n|-damage|p1b: Iron Hands|80\/100|[from] Recoil\n|\n|-heal|p2a: Iron Bundle|63\/100|[from] Grassy Terrain\n|-heal|p1b: Iron Hands|86\/100|[from] Grassy Terrain\n|upkeep\n|\n|t:|1700425429\n|switch|p1a: Gallade|Gallade, L50, M|100\/100\n|turn|4\n|\n|t:|1700425513\n|-terastallize|p1a: Gallade|Psychic\n|move|p2a: Iron Bundle|Protect|p2a: Iron Bundle\n|-singleturn|p2a: Iron Bundle|Protect\n|move|p2b: Rillaboom|Wood Hammer|p1a: Gallade\n|-damage|p1a: Gallade|0 fnt\n|faint|p1a: Gallade\n|-damage|p2b: Rillaboom|73\/100|[from] Recoil\n|move|p1b: Iron Hands|Drain Punch|p2b: Rillaboom\n|-damage|p2b: Rillaboom|45\/100\n|-heal|p1b: Iron Hands|98\/100|[from] drain|[of] p2b: Rillaboom\n|\n|-heal|p2a: Iron Bundle|69\/100|[from] Grassy Terrain\n|-heal|p2b: Rillaboom|50\/100|[from] Grassy Terrain\n|-heal|p1b: Iron Hands|100\/100|[from] Grassy Terrain\n|upkeep\n|\n|t:|1700425528\n|switch|p1a: Gholdengo|Gholdengo, L50|100\/100\n|turn|5\n|\n|t:|1700425542\n|move|p2a: Iron Bundle|Icy Wind|p1a: Gholdengo|[spread] p1a,p1b\n|-resisted|p1a: Gholdengo\n|-damage|p1a: Gholdengo|88\/100\n|-damage|p1b: Iron Hands|90\/100\n|-unboost|p1a: Gholdengo|spe|1\n|-unboost|p1b: Iron Hands|spe|1\n|move|p1a: Gholdengo|Make It Rain|p2a: Iron Bundle|[spread] p2a,p2b\n|-damage|p2a: Iron Bundle|0 fnt\n|-damage|p2b: Rillaboom|0 fnt\n|-unboost|p1a: Gholdengo|spa|1\n|faint|p2a: Iron Bundle\n|-end|p2a: Iron Bundle|Quark Drive|[silent]\n|faint|p2b: Rillaboom\n|move|p1b: Iron Hands|Wild Charge|p2: Iron Bundle|[notarget]\n|-fail|p1b: Iron Hands\n|\n|-heal|p1a: Gholdengo|94\/100|[from] Grassy Terrain\n|-heal|p1b: Iron Hands|96\/100|[from] Grassy Terrain\n|upkeep\n|\n|t:|1700425554\n|switch|p2b: Kommo-o|Kommo-o, L50, M|100\/100\n|turn|6\n|\n|t:|1700425575\n|move|p1a: Gholdengo|Make It Rain|p2b: Kommo-o\n|-damage|p2b: Kommo-o|63\/100\n|-unboost|p1a: Gholdengo|spa|1\n|move|p2b: Kommo-o|Iron Defense|p2b: Kommo-o\n|-boost|p2b: Kommo-o|def|2\n|move|p1b: Iron Hands|Drain Punch|p2b: Kommo-o\n|-damage|p2b: Kommo-o|54\/100\n|-heal|p1b: Iron Hands|99\/100|[from] drain|[of] p2b: Kommo-o\n|\n|-heal|p1a: Gholdengo|99\/100|[from] Grassy Terrain\n|-heal|p2b: Kommo-o|60\/100|[from] Grassy Terrain\n|-heal|p2b: Kommo-o|66\/100|[from] item: Leftovers\n|-heal|p1b: Iron Hands|100\/100|[from] Grassy Terrain\n|-fieldend|move: Grassy Terrain\n|upkeep\n|turn|7\n|\n|t:|1700425594\n|move|p2b: Kommo-o|Protect|p2b: Kommo-o\n|-singleturn|p2b: Kommo-o|Protect\n|move|p1a: Gholdengo|Make It Rain|p2b: Kommo-o\n|-activate|p2b: Kommo-o|move: Protect\n|move|p1b: Iron Hands|Drain Punch|p2b: Kommo-o\n|-activate|p2b: Kommo-o|move: Protect\n|\n|-heal|p2b: Kommo-o|72\/100|[from] item: Leftovers\n|upkeep\n|turn|8\n|\n|t:|1700425607\n|move|p1a: Gholdengo|Make It Rain|p2b: Kommo-o\n|-damage|p2b: Kommo-o|42\/100\n|-unboost|p1a: Gholdengo|spa|1\n|move|p2b: Kommo-o|Body Press|p1b: Iron Hands\n|-damage|p1b: Iron Hands|40\/100\n|move|p1b: Iron Hands|Drain Punch|p2b: Kommo-o\n|-damage|p2b: Kommo-o|30\/100\n|-heal|p1b: Iron Hands|44\/100|[from] drain|[of] p2b: Kommo-o\n|\n|-heal|p2b: Kommo-o|36\/100|[from] item: Leftovers\n|upkeep\n|turn|9\n|\n|t:|1700425622\n|move|p2b: Kommo-o|Protect|p2b: Kommo-o\n|-singleturn|p2b: Kommo-o|Protect\n|move|p1a: Gholdengo|Make It Rain|p2b: Kommo-o\n|-activate|p2b: Kommo-o|move: Protect\n|move|p1b: Iron Hands|Drain Punch|p2b: Kommo-o\n|-activate|p2b: Kommo-o|move: Protect\n|\n|-heal|p2b: Kommo-o|42\/100|[from] item: Leftovers\n|upkeep\n|turn|10\n|\n|t:|1700425632\n|move|p1a: Gholdengo|Make It Rain|p2b: Kommo-o\n|-damage|p2b: Kommo-o|19\/100\n|-unboost|p1a: Gholdengo|spa|1\n|move|p2b: Kommo-o|Body Press|p1b: Iron Hands\n|-damage|p1b: Iron Hands|0 fnt\n|faint|p1b: Iron Hands\n|-end|p1b: Iron Hands|Quark Drive|[silent]\n|\n|-heal|p2b: Kommo-o|25\/100|[from] item: Leftovers\n|upkeep\n|turn|11\n|\n|t:|1700425643\n|move|p2b: Kommo-o|Protect|p2b: Kommo-o\n|-singleturn|p2b: Kommo-o|Protect\n|move|p1a: Gholdengo|Make It Rain|p2b: Kommo-o\n|-activate|p2b: Kommo-o|move: Protect\n|\n|-heal|p2b: Kommo-o|31\/100|[from] item: Leftovers\n|upkeep\n|turn|12\n|\n|t:|1700425650\n|move|p1a: Gholdengo|Make It Rain|p2b: Kommo-o\n|-damage|p2b: Kommo-o|11\/100\n|-unboost|p1a: Gholdengo|spa|1\n|move|p2b: Kommo-o|Iron Head|p1a: Gholdengo\n|-resisted|p1a: Gholdengo\n|-damage|p1a: Gholdengo|88\/100\n|\n|-heal|p2b: Kommo-o|17\/100|[from] item: Leftovers\n|upkeep\n|turn|13\n|\n|t:|1700425660\n|move|p2b: Kommo-o|Protect|p2b: Kommo-o\n|-singleturn|p2b: Kommo-o|Protect\n|-activate|p1a: Gholdengo|move: Struggle\n|move|p1a: Gholdengo|Struggle|p2b: Kommo-o\n|-activate|p2b: Kommo-o|move: Protect\n|\n|-heal|p2b: Kommo-o|23\/100|[from] item: Leftovers\n|upkeep\n|turn|14\n|\n|t:|1700425668\n|-activate|p1a: Gholdengo|move: Struggle\n|move|p1a: Gholdengo|Struggle|p2b: Kommo-o\n|-damage|p2b: Kommo-o|21\/100\n|-damage|p1a: Gholdengo|62\/100|[from] recoil\n|move|p2b: Kommo-o|Iron Head|p1a: Gholdengo\n|-resisted|p1a: Gholdengo\n|-damage|p1a: Gholdengo|51\/100\n|\n|-heal|p2b: Kommo-o|27\/100|[from] item: Leftovers\n|upkeep\n|turn|15\n|\n|t:|1700425678\n|-activate|p1a: Gholdengo|move: Struggle\n|move|p1a: Gholdengo|Struggle|p2b: Kommo-o\n|-damage|p2b: Kommo-o|24\/100\n|-damage|p1a: Gholdengo|26\/100|[from] recoil\n|move|p2b: Kommo-o|Iron Head|p1a: Gholdengo\n|-resisted|p1a: Gholdengo\n|-damage|p1a: Gholdengo|14\/100\n|\n|-heal|p2b: Kommo-o|30\/100|[from] item: Leftovers\n|upkeep\n|turn|16\n|\n|t:|1700425690\n|-activate|p1a: Gholdengo|move: Struggle\n|move|p1a: Gholdengo|Struggle|p2b: Kommo-o\n|-damage|p2b: Kommo-o|28\/100\n|-damage|p1a: Gholdengo|0 fnt|[from] recoil\n|faint|p1a: Gholdengo\n|\n|win|arijimo\n|c|\u2606UnknownPingu|gg\n|l| quick222\n|c|\u2606arijimo|gg\n|inactive|UnknownPingu has 50 seconds to confirm battle start!\n|inactive|arijimo has 50 seconds to confirm battle start!\n|c|&|\/uhtml prompt-unknownpingu,UnknownPingu is ready for game 2!\n|c|&|\/uhtml prompt-arijimo,arijimo is ready for game 2!\nBoth players are ready! Starting next match!\n","uploadtime":1700426602,"views":4,"p1id":"unknownpingu","p2id":"arijimo","formatid":"gen9vgc2023regulatione","rating":0,"private":0,"password":""}