{"id":"gen9vgc2023regulatione-1995872510","p1":"Luxsage","p2":"HonorHuawei","format":"[Gen 9] VGC 2023 Regulation E","log":"|j|\u2606Luxsage\n|j|\u2606HonorHuawei\n|t:|1700612031\n|gametype|doubles\n|player|p1|Luxsage|volkner|1085\n|player|p2|HonorHuawei|unknown|1015\n|teamsize|p1|6\n|teamsize|p2|6\n|gen|9\n|tier|[Gen 9] VGC 2023 Regulation E\n|rated|\n|rule|Species Clause: Limit one of each Pok\u00e9mon\n|rule|Item Clause: Limit one of each item\n|clearpoke\n|poke|p1|Ninetales-Alola, L50, F|\n|poke|p1|Mandibuzz, L50, F|\n|poke|p1|Clefairy, L50, M|\n|poke|p1|Sinistcha-Masterpiece, L50|\n|poke|p1|Arcanine-Hisui, L50, M|\n|poke|p1|Cetitan, L50, F|\n|poke|p2|Ninetales-Alola, L50, M|\n|poke|p2|Baxcalibur, L50, F|\n|poke|p2|Arboliva, L50, F|\n|poke|p2|Arbok, L50, F|\n|poke|p2|Golem-Alola, L50, M|\n|poke|p2|Pikachu, L50, F|\n|teampreview|4\n|inactive|Battle timer is ON: inactive players will automatically lose when time's up. (requested by HonorHuawei)\n|inactive|Luxsage also wants the timer to be on.\n|j| crlnaoie\n|\n|t:|1700612056\n|start\n|switch|p1a: Clefairy|Clefairy, L50, M|100\/100\n|switch|p1b: Cetitan|Cetitan, L50, F|100\/100\n|switch|p2a: Azura|Ninetales-Alola, L50, M|100\/100\n|switch|p2b: Arboliva|Arboliva, L50, F|100\/100\n|-weather|Snow|[from] ability: Snow Warning|[of] p2a: Azura\n|turn|1\n|inactive|Luxsage has 30 seconds left.\n|inactive|HonorHuawei has 30 seconds left.\n|\n|t:|1700612086\n|move|p2a: Azura|Hypnosis|p1a: Clefairy\n|-status|p1a: Clefairy|slp|[from] move: Hypnosis\n|move|p1b: Cetitan|Belly Drum|p1b: Cetitan\n|-damage|p1b: Cetitan|50\/100\n|-setboost|p1b: Cetitan|atk|6|[from] move: Belly Drum\n|-enditem|p1b: Cetitan|Sitrus Berry|[eat]\n|-heal|p1b: Cetitan|75\/100|[from] item: Sitrus Berry\n|cant|p1a: Clefairy|slp\n|move|p2b: Arboliva|Earth Power|p1a: Clefairy\n|-damage|p1a: Clefairy|76\/100 slp\n|\n|-weather|Snow|[upkeep]\n|upkeep\n|turn|2\n|l| crlnaoie\n|inactive|Luxsage has 30 seconds left.\n|\n|t:|1700612114\n|cant|p1a: Clefairy|slp\n|move|p1b: Cetitan|Ice Shard|p2b: Arboliva\n|-supereffective|p2b: Arboliva\n|-damage|p2b: Arboliva|0 fnt\n|-fieldstart|move: Grassy Terrain|[from] ability: Seed Sower|[of] p2b: Arboliva\n|faint|p2b: Arboliva\n|move|p2a: Azura|Aurora Veil|p2a: Azura\n|-sidestart|p2: HonorHuawei|move: Aurora Veil\n|\n|-weather|Snow|[upkeep]\n|-heal|p1b: Cetitan|81\/100|[from] Grassy Terrain\n|-heal|p1a: Clefairy|82\/100 slp|[from] Grassy Terrain\n|upkeep\n|\n|t:|1700612124\n|switch|p2b: Pikachu|Pikachu, L50, F|100\/100\n|turn|3\n|inactive|Luxsage has 30 seconds left.\n|\n|t:|1700612158\n|switch|p1a: Sinistcha|Sinistcha-Masterpiece, L50|100\/100\n|-heal|p1b: Cetitan|100\/100|[from] ability: Hospitality|[of] p1a: Sinistcha\n|move|p1b: Cetitan|Protect|p1b: Cetitan\n|-singleturn|p1b: Cetitan|Protect\n|move|p2b: Pikachu|Fake Out|p1b: Cetitan\n|-activate|p1b: Cetitan|move: Protect\n|move|p2a: Azura|Hypnosis|p1b: Cetitan\n|-activate|p1b: Cetitan|move: Protect\n|\n|-weather|Snow|[upkeep]\n|upkeep\n|turn|4\n|inactive|Luxsage has 30 seconds left.\n|inactive|Luxsage has 20 seconds left.\n|\n|t:|1700612195\n|switch|p2b: Golem|Golem-Alola, L50, M|100\/100\n|move|p1a: Sinistcha|Rage Powder|p1a: Sinistcha\n|-singleturn|p1a: Sinistcha|move: Rage Powder\n|move|p2a: Azura|Moonblast|p1a: Sinistcha\n|-damage|p1a: Sinistcha|74\/100\n|-unboost|p1a: Sinistcha|spa|1\n|move|p1b: Cetitan|Liquidation|p2a: Azura\n|-damage|p2a: Azura|39\/100\n|\n|-weather|Snow|[upkeep]\n|-heal|p2a: Azura|45\/100|[from] Grassy Terrain\n|-heal|p1a: Sinistcha|80\/100|[from] Grassy Terrain\n|upkeep\n|turn|5\n|inactive|Luxsage has 30 seconds left.\n|inactive|HonorHuawei has 30 seconds left.\n|\n|t:|1700612224\n|switch|p2a: Pikachu|Pikachu, L50, F|100\/100\n|-terastallize|p2b: Golem|Water\n|move|p1b: Cetitan|Liquidation|p2b: Golem\n|-resisted|p2b: Golem\n|-damage|p2b: Golem|76\/100\n|-unboost|p2b: Golem|def|1\n|move|p1a: Sinistcha|Matcha Gotcha|p2b: Golem|[spread] p2a,p2b\n|-supereffective|p2b: Golem\n|-damage|p2a: Pikachu|60\/100\n|-heal|p1a: Sinistcha|93\/100|[from] drain|[of] p2a: Pikachu\n|-damage|p2b: Golem|53\/100\n|-heal|p1a: Sinistcha|100\/100|[from] drain|[of] p2b: Golem\n|move|p2b: Golem|Explosion|p1a: Sinistcha|[spread] p1a,p1b\n|-ability|p2a: Pikachu|Lightning Rod|boost\n|-boost|p2a: Pikachu|spa|1\n|-resisted|p1a: Sinistcha\n|-damage|p1a: Sinistcha|58\/100\n|-damage|p1b: Cetitan|32\/100\n|faint|p2b: Golem\n|\n|-weather|none\n|-heal|p2a: Pikachu|65\/100|[from] Grassy Terrain\n|-heal|p1b: Cetitan|38\/100|[from] Grassy Terrain\n|-heal|p1a: Sinistcha|65\/100|[from] Grassy Terrain\n|upkeep\n|\n|t:|1700612248\n|switch|p2b: Azura|Ninetales-Alola, L50, M|45\/100\n|-weather|Snow|[from] ability: Snow Warning|[of] p2b: Azura\n|turn|6\n|\n|t:|1700612271\n|move|p2a: Pikachu|Fake Out|p1b: Cetitan\n|-damage|p1b: Cetitan|30\/100\n|cant|p1b: Cetitan|flinch\n|move|p2b: Azura|Blizzard|p1a: Sinistcha|[spread] p1a,p1b\n|-supereffective|p1a: Sinistcha\n|-resisted|p1b: Cetitan\n|-damage|p1a: Sinistcha|13\/100\n|-damage|p1b: Cetitan|24\/100\n|move|p1a: Sinistcha|Life Dew|p1a: Sinistcha|[spread] p1a,p1b\n|-heal|p1a: Sinistcha|38\/100\n|-heal|p1b: Cetitan|50\/100\n|\n|-weather|Snow|[upkeep]\n|-heal|p2b: Azura|52\/100|[from] Grassy Terrain\n|-heal|p2a: Pikachu|70\/100|[from] Grassy Terrain\n|-heal|p1b: Cetitan|56\/100|[from] Grassy Terrain\n|-heal|p1a: Sinistcha|44\/100|[from] Grassy Terrain\n|-fieldend|move: Grassy Terrain\n|upkeep\n|turn|7\n|inactive|Luxsage has 30 seconds left.\n|inactive|Luxsage has 20 seconds left.\n|\n|t:|1700612308\n|move|p1b: Cetitan|Protect|p1b: Cetitan\n|-singleturn|p1b: Cetitan|Protect\n|move|p2b: Azura|Hypnosis|p1b: Cetitan\n|-activate|p1b: Cetitan|move: Protect\n|move|p2a: Pikachu|Fly||[still]\n|-prepare|p2a: Pikachu|Fly\n|move|p1a: Sinistcha|Matcha Gotcha|p2b: Azura|[spread] p2b\n|-miss|p1a: Sinistcha|p2a: Pikachu\n|-damage|p2b: Azura|41\/100\n|-heal|p1a: Sinistcha|50\/100|[from] drain|[of] p2b: Azura\n|\n|-weather|Snow|[upkeep]\n|upkeep\n|turn|8\n|inactive|Luxsage has 30 seconds left.\n|\n|t:|1700612341\n|switch|p1a: Arcanine|Arcanine-Hisui, L50, M|100\/100\n|-ability|p1a: Arcanine|Intimidate|boost\n|-unboost|p2a: Pikachu|atk|1\n|-unboost|p2b: Azura|atk|1\n|-terastallize|p1b: Cetitan|Water\n|move|p2b: Azura|Hypnosis|p1b: Cetitan\n|-status|p1b: Cetitan|slp|[from] move: Hypnosis\n|move|p2a: Pikachu|Fly|p1a: Arcanine|[from]lockedmove\n|-resisted|p1a: Arcanine\n|-crit|p1a: Arcanine\n|-damage|p1a: Arcanine|79\/100\n|cant|p1b: Cetitan|slp\n|\n|-weather|Snow|[upkeep]\n|upkeep\n|turn|9\n|inactive|Luxsage has 30 seconds left.\n|\n|t:|1700612371\n|move|p2b: Azura|Moonblast|p1b: Cetitan\n|-damage|p1b: Cetitan|31\/100 slp\n|move|p2a: Pikachu|Surf|p1b: Cetitan|[spread] p2b,p1a,p1b\n|-supereffective|p1a: Arcanine\n|-resisted|p1b: Cetitan\n|-damage|p2b: Azura|17\/100\n|-damage|p1a: Arcanine|0 fnt\n|-damage|p1b: Cetitan|13\/100 slp\n|faint|p1a: Arcanine\n|cant|p1b: Cetitan|slp\n|\n|-weather|Snow|[upkeep]\n|-sideend|p2: HonorHuawei|move: Aurora Veil\n|upkeep\n|\n|t:|1700612383\n|switch|p1a: Sinistcha|Sinistcha-Masterpiece, L50|50\/100\n|-heal|p1b: Cetitan|37\/100 slp|[from] ability: Hospitality|[of] p1a: Sinistcha\n|turn|10\n|inactive|HonorHuawei has 30 seconds left.\n|\n|t:|1700612412\n|switch|p1a: Clefairy|Clefairy, L50, M|82\/100 slp\n|-curestatus|p1b: Cetitan|slp|[msg]\n|move|p1b: Cetitan|Ice Shard|p2b: Azura\n|-resisted|p2b: Azura\n|-damage|p2b: Azura|0 fnt\n|faint|p2b: Azura\n|move|p2a: Pikachu|Fly||[still]\n|-prepare|p2a: Pikachu|Fly\n|\n|-weather|none\n|upkeep\n|turn|11\n|\n|t:|1700612431\n|switch|p1a: Sinistcha|Sinistcha-Masterpiece, L50|50\/100\n|-heal|p1b: Cetitan|62\/100|[from] ability: Hospitality|[of] p1a: Sinistcha\n|move|p1b: Cetitan|Protect|p1b: Cetitan\n|-singleturn|p1b: Cetitan|Protect\n|move|p2a: Pikachu|Fly|p1a: Sinistcha|[from]lockedmove\n|-supereffective|p1a: Sinistcha\n|-damage|p1a: Sinistcha|23\/100\n|\n|upkeep\n|turn|12\n|\n|t:|1700612453\n|move|p1b: Cetitan|Ice Shard|p2a: Pikachu\n|-damage|p2a: Pikachu|0 fnt\n|faint|p2a: Pikachu\n|\n|win|Luxsage\n|raw|Luxsage's rating: 1085 &rarr; <strong>1107<\/strong><br \/>(+22 for winning)\n|raw|HonorHuawei's rating: 1015 &rarr; <strong>1005<\/strong><br \/>(-10 for losing)\n|l|\u2606HonorHuawei\n|c|\u2606Luxsage|Gg\n","uploadtime":1700612464,"views":23,"p1id":"luxsage","p2id":"honorhuawei","formatid":"gen9vgc2023regulatione","rating":1005,"private":0,"password":""}