{"id":"gen9vgc2023regulatione-1999832585","p1":"Pallante4","p2":"Buildozzo","format":"[Gen 9] VGC 2023 Regulation E","log":"|j|\u2606Pallante4\n|j|\u2606Buildozzo\n|n|\u2606Pallante4|pallante4\n|n|\u2606Buildozzo|buildozzo\n|html|View the match progress at <a href=\"\/game-bestof3-gen9vgc2023regulatione-1999828221\">game-bestof3-gen9vgc2023regulatione-1999828221<\/a>\n|t:|1701120921\n|gametype|doubles\n|player|p1|Pallante4|102|\n|player|p2|Buildozzo|cynthia|\n|teamsize|p1|6\n|teamsize|p2|6\n|gen|9\n|tier|[Gen 9] VGC 2023 Regulation E\n|rule|Species Clause: Limit one of each Pok\u00e9mon\n|rule|Item Clause: Limit one of each item\n|clearpoke\n|poke|p1|Tornadus, L50, M|\n|poke|p1|Gholdengo, L50|\n|poke|p1|Regidrago, L50|\n|poke|p1|Urshifu-*, L50, F|\n|poke|p1|Ogerpon-Hearthflame, L50, F|\n|poke|p1|Indeedee-F, L50, F|\n|poke|p2|Braviary-Hisui, L50, M|\n|poke|p2|Politoed, L50, F|\n|poke|p2|Basculegion, L50, M|\n|poke|p2|Thundurus, L50, M|\n|poke|p2|Gholdengo, L50|\n|poke|p2|Rillaboom, L50, F|\n|teampreview|4\nPallante4 has agreed to open team sheets.\nBuildozzo has agreed to open team sheets.\n|showteam|p1|Tornadus||FocusSash|Prankster|Tailwind,BleakwindStorm,IcyWind,Protect|||M|||50|,,,,,Dragon]Gholdengo||ChoiceSpecs|GoodasGold|MakeItRain,ShadowBall,Thunderbolt,Trick||||||50|,,,,,Steel]Regidrago||DracoPlate|DragonsMaw|DragonEnergy,DracoMeteor,EarthPower,Protect||||||50|,,,,,Ghost]Urshifu-Rapid-Strike||ChoiceScarf|UnseenFist|Uturn,CloseCombat,SurgingStrikes,IcePunch|||F|||50|,,,,,Water]Ogerpon-Hearthflame||HearthflameMask|MoldBreaker|IvyCudgel,HornLeech,SpikyShield,SwordsDance|||F|||50|,,,,,Fire]Indeedee-F||PsychicSeed|PsychicSurge|Psychic,FollowMe,Protect,HealPulse|||F|||50|,,,,,Dragon\n|showteam|p2|Braviary-Hisui||FocusSash|TintedLens|EsperWing,Hurricane,HyperVoice,Protect|||M|||50|,,,,,Normal]Politoed||SitrusBerry|Drizzle|MuddyWater,IcyWind,Encore,Protect|||F|||50|,,,,,Grass]Basculegion||MysticWater|SwiftSwim|WaveCrash,AquaJet,LastRespects,Protect|||M|||50|,,,,,Water]Thundurus||MentalHerb|Prankster|WildboltStorm,Taunt,ThunderWave,RainDance|||M|||50|,,,,,Ghost]Gholdengo||Leftovers|GoodasGold|MakeItRain,ShadowBall,NastyPlot,Protect||||||50|,,,,,Dragon]Rillaboom||AssaultVest|GrassySurge|GrassyGlide,WoodHammer,HighHorsepower,FakeOut|||F|||50|,,,,,Poison\n|\n|t:|1701121044\n|start\n|switch|p1a: Tornadus|Tornadus, L50, M|100\/100\n|switch|p1b: Urshifu|Urshifu-Rapid-Strike, L50, F|100\/100\n|switch|p2a: Politoed|Politoed, L50, F|100\/100\n|switch|p2b: Braviary|Braviary-Hisui, L50, M|100\/100\n|-weather|RainDance|[from] ability: Drizzle|[of] p2a: Politoed\n|turn|1\n|\n|t:|1701121076\n|switch|p2b: Rillaboom|Rillaboom, L50, F|100\/100\n|-fieldstart|move: Grassy Terrain|[from] ability: Grassy Surge|[of] p2b: Rillaboom\n|move|p1b: Urshifu|Surging Strikes|p2b: Rillaboom\n|-resisted|p2b: Rillaboom\n|-crit|p2b: Rillaboom\n|-damage|p2b: Rillaboom|84\/100\n|-resisted|p2b: Rillaboom\n|-crit|p2b: Rillaboom\n|-damage|p2b: Rillaboom|67\/100\n|-resisted|p2b: Rillaboom\n|-crit|p2b: Rillaboom\n|-damage|p2b: Rillaboom|51\/100\n|-hitcount|p2b: Rillaboom|3\n|move|p1a: Tornadus|Bleakwind Storm|p2a: Politoed|[spread] p2a,p2b\n|-supereffective|p2b: Rillaboom\n|-damage|p2a: Politoed|70\/100\n|-damage|p2b: Rillaboom|2\/100\n|-unboost|p2a: Politoed|spe|1\n|-unboost|p2b: Rillaboom|spe|1\n|move|p2a: Politoed|Icy Wind|p1a: Tornadus|[spread] p1a,p1b\n|-supereffective|p1a: Tornadus\n|-resisted|p1b: Urshifu\n|-damage|p1a: Tornadus|72\/100\n|-damage|p1b: Urshifu|93\/100\n|-unboost|p1a: Tornadus|spe|1\n|-unboost|p1b: Urshifu|spe|1\n|\n|-weather|RainDance|[upkeep]\n|-heal|p1b: Urshifu|99\/100|[from] Grassy Terrain\n|-heal|p2b: Rillaboom|8\/100|[from] Grassy Terrain\n|-heal|p2a: Politoed|75\/100|[from] Grassy Terrain\n|upkeep\n|turn|2\n|\n|t:|1701121107\n|switch|p1a: Indeedee|Indeedee-F, L50, F|100\/100\n|-fieldstart|move: Psychic Terrain|[from] ability: Psychic Surge|[of] p1a: Indeedee\n|-enditem|p1a: Indeedee|Psychic Seed\n|-boost|p1a: Indeedee|spd|1|[from] item: Psychic Seed\n|move|p2b: Rillaboom|Fake Out|p1a: Indeedee\n|-activate|p1a: Indeedee|move: Psychic Terrain\n|move|p1b: Urshifu|Surging Strikes|p2b: Rillaboom\n|-resisted|p2b: Rillaboom\n|-crit|p2b: Rillaboom\n|-damage|p2b: Rillaboom|0 fnt\n|faint|p2b: Rillaboom\n|-hitcount|p2: Rillaboom|1\n|move|p2a: Politoed|Icy Wind|p1b: Urshifu|[spread] p1a,p1b\n|-resisted|p1b: Urshifu\n|-damage|p1a: Indeedee|94\/100\n|-damage|p1b: Urshifu|92\/100\n|-unboost|p1a: Indeedee|spe|1\n|-unboost|p1b: Urshifu|spe|1\n|\n|-weather|RainDance|[upkeep]\n|upkeep\n|\n|t:|1701121129\n|switch|p2b: Braviary|Braviary-Hisui, L50, M|100\/100\n|turn|3\n|\n|t:|1701121137\n|move|p1a: Indeedee|Follow Me|p1a: Indeedee\n|-singleturn|p1a: Indeedee|move: Follow Me\n|move|p2b: Braviary|Hyper Voice|p1a: Indeedee|[spread] p1a,p1b\n|-damage|p1a: Indeedee|81\/100\n|-damage|p1b: Urshifu|57\/100\n|move|p1b: Urshifu|Surging Strikes|p2b: Braviary\n|-crit|p2b: Braviary\n|-damage|p2b: Braviary|58\/100\n|-crit|p2b: Braviary\n|-damage|p2b: Braviary|16\/100\n|-crit|p2b: Braviary\n|-damage|p2b: Braviary|0 fnt\n|faint|p2b: Braviary\n|-hitcount|p2: Braviary|3\n|move|p2a: Politoed|Muddy Water|p1a: Indeedee|[spread] p1a,p1b\n|-resisted|p1b: Urshifu\n|-damage|p1a: Indeedee|60\/100\n|-damage|p1b: Urshifu|30\/100\n|-unboost|p1a: Indeedee|accuracy|1\n|\n|-weather|RainDance|[upkeep]\n|upkeep\n|\n|t:|1701121153\n|switch|p2b: Gholdengo|Gholdengo, L50|100\/100\n|turn|4\n|\n|t:|1701121172\n|switch|p1b: Tornadus|Tornadus, L50, M|72\/100\n|-terastallize|p2b: Gholdengo|Dragon\n|move|p1a: Indeedee|Protect|p1a: Indeedee\n|-singleturn|p1a: Indeedee|Protect\n|move|p2b: Gholdengo|Nasty Plot|p2b: Gholdengo\n|-boost|p2b: Gholdengo|spa|2\n|move|p2a: Politoed|Muddy Water|p1b: Tornadus|[spread] p1b\n|-activate|p1a: Indeedee|move: Protect\n|-damage|p1b: Tornadus|25\/100\n|\n|-weather|RainDance|[upkeep]\n|upkeep\n|turn|5\n|\n|t:|1701121197\n|move|p1b: Tornadus|Tailwind|p1b: Tornadus\n|-sidestart|p1: Pallante4|move: Tailwind\n|move|p1a: Indeedee|Psychic|p2a: Politoed\n|-damage|p2a: Politoed|40\/100\n|-enditem|p2a: Politoed|Sitrus Berry|[eat]\n|-heal|p2a: Politoed|65\/100|[from] item: Sitrus Berry\n|move|p2b: Gholdengo|Nasty Plot|p2b: Gholdengo\n|-boost|p2b: Gholdengo|spa|2\n|move|p2a: Politoed|Icy Wind|p1a: Indeedee|[spread] p1a,p1b\n|-supereffective|p1b: Tornadus\n|-damage|p1a: Indeedee|54\/100\n|-damage|p1b: Tornadus|0 fnt\n|-unboost|p1a: Indeedee|spe|1\n|faint|p1b: Tornadus\n|\n|-weather|none\n|upkeep\n|\n|t:|1701121211\n|switch|p1b: Regidrago|Regidrago, L50|100\/100\n|turn|6\n|\n|t:|1701121221\n|-terastallize|p1b: Regidrago|Ghost\n|move|p1b: Regidrago|Dragon Energy|p2a: Politoed|[spread] p2a,p2b\n|-supereffective|p2b: Gholdengo\n|-damage|p2a: Politoed|0 fnt\n|-damage|p2b: Gholdengo|0 fnt\n|faint|p2a: Politoed\n|faint|p2b: Gholdengo\n|\n|win|Pallante4\n|c|\u2606Pallante4|gg\n|c|\u2606Buildozzo|Gg\n|l|\u2606Buildozzo\n|j|\u2606Buildozzo\n|player|p2|Buildozzo|cynthia\n|l|\u2606Buildozzo\n|player|p2|\n","uploadtime":1701121284,"views":12,"p1id":"pallante4","p2id":"buildozzo","formatid":"gen9vgc2023regulatione","rating":0,"private":0,"password":""}