{"id":"gen9vgc2023regulatione-1998990208","p1":"NerdyBrain123","p2":"SinistchaChaSlide","format":"[Gen 9] VGC 2023 Regulation E","log":"|j|\u2606NerdyBrain123\n|j|\u2606SinistchaChaSlide\n|n|\u2606NerdyBrain123|nerdybrain123\n|n|\u2606SinistchaChaSlide|sinistchachaslide\n|html|View the match progress at <a href=\"\/game-bestof3-gen9vgc2023regulatione-1998982691\">game-bestof3-gen9vgc2023regulatione-1998982691<\/a>\n|t:|1701021388\n|gametype|doubles\n|player|p1|NerdyBrain123|scientist|\n|player|p2|SinistchaChaSlide|wattson|\n|teamsize|p1|6\n|teamsize|p2|6\n|gen|9\n|tier|[Gen 9] VGC 2023 Regulation E\n|rule|Species Clause: Limit one of each Pok\u00e9mon\n|rule|Item Clause: Limit one of each item\n|clearpoke\n|poke|p1|Lucario, L50, M|\n|poke|p1|Gholdengo, L50|\n|poke|p1|Volcarona, L50, M|\n|poke|p1|Overqwil, L50, M|\n|poke|p1|Pikachu, L50, M|\n|poke|p1|Salamence, L50, M|\n|poke|p2|Zoroark-Hisui, L50, F|\n|poke|p2|Inteleon, L50, F|\n|poke|p2|Altaria, L50, M|\n|poke|p2|Zapdos, L50|\n|poke|p2|Gothitelle, L50, M|\n|poke|p2|Urshifu-*, L50, F|\n|teampreview|4\n|\n|t:|1701021421\n|start\n|switch|p1a: Cheddar|Pikachu, L50, M, shiny|100\/100\n|switch|p1b: Choco Cake Pop|Overqwil, L50, M|100\/100\n|switch|p2a: Mediium Rare Beef|Urshifu, L50, F|100\/100\n|switch|p2b: Crispy Bacon|Zapdos, L50|100\/100\n|-ability|p1b: Choco Cake Pop|Intimidate|boost\n|-unboost|p2a: Mediium Rare Beef|atk|1\n|-unboost|p2b: Crispy Bacon|atk|1\n|turn|1\n|\n|t:|1701021511\n|move|p2a: Mediium Rare Beef|Protect|p2a: Mediium Rare Beef\n|-singleturn|p2a: Mediium Rare Beef|Protect\n|move|p1a: Cheddar|Fake Out|p2b: Crispy Bacon\n|-damage|p2b: Crispy Bacon|93\/100\n|-damage|p1a: Cheddar|84\/100|[from] item: Rocky Helmet|[of] p2b: Crispy Bacon\n|cant|p2b: Crispy Bacon|flinch\n|move|p1b: Choco Cake Pop|Barb Barrage|p2a: Mediium Rare Beef\n|-activate|p2a: Mediium Rare Beef|move: Protect\n|\n|upkeep\n|turn|2\n|\n|t:|1701021545\n|switch|p1b: Crab Wonton|Volcarona, L50, M|100\/100\n|move|p2a: Mediium Rare Beef|Rock Slide|p1b: Crab Wonton|[spread] p1a,p1b\n|-supereffective|p1b: Crab Wonton\n|-damage|p1a: Cheddar|39\/100\n|-damage|p1b: Crab Wonton|52\/100\n|cant|p1a: Cheddar|flinch\n|move|p2b: Crispy Bacon|Hurricane|p1b: Crab Wonton\n|-supereffective|p1b: Crab Wonton\n|-damage|p1b: Crab Wonton|0 fnt\n|faint|p1b: Crab Wonton\n|\n|upkeep\n|\n|t:|1701021555\n|switch|p1b: Choco Cake Pop|Overqwil, L50, M|100\/100\n|-ability|p1b: Choco Cake Pop|Intimidate|boost\n|-unboost|p2a: Mediium Rare Beef|atk|1\n|-unboost|p2b: Crispy Bacon|atk|1\n|turn|3\n|\n|t:|1701021571\n|move|p2a: Mediium Rare Beef|Wicked Blow|p1a: Cheddar\n|-crit|p1a: Cheddar\n|-damage|p1a: Cheddar|0 fnt\n|faint|p1a: Cheddar\n|move|p2b: Crispy Bacon|Hurricane|p1b: Choco Cake Pop\n|-damage|p1b: Choco Cake Pop|67\/100\n|move|p1b: Choco Cake Pop|Barb Barrage|p2b: Crispy Bacon\n|-damage|p2b: Crispy Bacon|72\/100\n|-status|p2b: Crispy Bacon|psn\n|\n|-damage|p2b: Crispy Bacon|60\/100 psn|[from] psn\n|upkeep\n|\n|t:|1701021582\n|switch|p1a: Mac n' Cheese|Gholdengo, L50|100\/100\n|turn|4\n|\n|t:|1701021613\n|-terastallize|p1a: Mac n' Cheese|Water\n|move|p1a: Mac n' Cheese|Protect|p1a: Mac n' Cheese\n|-singleturn|p1a: Mac n' Cheese|Protect\n|move|p2a: Mediium Rare Beef|Wicked Blow|p1a: Mac n' Cheese\n|-crit|p1a: Mac n' Cheese\n|-damage|p1a: Mac n' Cheese|48\/100\n|move|p2b: Crispy Bacon|Tailwind|p2b: Crispy Bacon\n|-sidestart|p2: SinistchaChaSlide|move: Tailwind\n|move|p1b: Choco Cake Pop|Barb Barrage|p2b: Crispy Bacon\n|-damage|p2b: Crispy Bacon|19\/100 psn\n|\n|-heal|p1a: Mac n' Cheese|55\/100|[from] item: Leftovers\n|-damage|p2b: Crispy Bacon|7\/100 psn|[from] psn\n|upkeep\n|turn|5\n|\n|t:|1701021634\n|move|p2a: Mediium Rare Beef|Wicked Blow|p1a: Mac n' Cheese\n|-crit|p1a: Mac n' Cheese\n|-damage|p1a: Mac n' Cheese|1\/100\n|move|p2b: Crispy Bacon|Thunderbolt|p1a: Mac n' Cheese\n|-supereffective|p1a: Mac n' Cheese\n|-damage|p1a: Mac n' Cheese|0 fnt\n|faint|p1a: Mac n' Cheese\n|move|p1b: Choco Cake Pop|Barb Barrage|p2a: Mediium Rare Beef\n|-damage|p2a: Mediium Rare Beef|72\/100\n|-status|p2a: Mediium Rare Beef|psn\n|\n|-damage|p2a: Mediium Rare Beef|59\/100 psn|[from] psn\n|-damage|p2b: Crispy Bacon|0 fnt|[from] psn\n|faint|p2b: Crispy Bacon\n|upkeep\n|\n|t:|1701021642\n|switch|p2b: Peanut Butter|Inteleon, L50, F|100\/100\n|turn|6\n|\n|t:|1701021651\n|move|p2b: Peanut Butter|Snipe Shot|p1b: Choco Cake Pop\n|-damage|p1b: Choco Cake Pop|38\/100\n|move|p2a: Mediium Rare Beef|Wicked Blow|p1b: Choco Cake Pop\n|-resisted|p1b: Choco Cake Pop\n|-crit|p1b: Choco Cake Pop\n|-damage|p1b: Choco Cake Pop|0 fnt\n|faint|p1b: Choco Cake Pop\n|\n|win|SinistchaChaSlide\n|c|\u2606SinistchaChaSlide|ggs\n|c|\u2606NerdyBrain123|ggs, unlucky flinch and hurricane in the same turn but oh well\n","uploadtime":1701021672,"views":25,"p1id":"nerdybrain123","p2id":"sinistchachaslide","formatid":"gen9vgc2023regulatione","rating":0,"private":0,"password":""}