{"id":"gen9vgc2023regulatione-1991611346","p1":"Ra1nFa11","p2":"Wendall555","format":"[Gen 9] VGC 2023 Regulation E","log":"|j|\u2606Ra1nFa11\n|j|\u2606Wendall555\n|n|\u2606Ra1nFa11|ra1nfa11\n|n|\u2606Wendall555|wendall555\n|html|View the match progress at <a href=\"\/game-bestof3-gen9vgc2023regulatione-1991608726\">game-bestof3-gen9vgc2023regulatione-1991608726<\/a>\n|t:|1700094050\n|gametype|doubles\n|player|p1|Ra1nFa11|1|\n|player|p2|Wendall555|170|\n|teamsize|p1|6\n|teamsize|p2|6\n|gen|9\n|tier|[Gen 9] VGC 2023 Regulation E\n|rule|Species Clause: Limit one of each Pok\u00e9mon\n|rule|Item Clause: Limit one of each item\n|clearpoke\n|poke|p1|Farigiraf, L50, M|\n|poke|p1|Ursaluna-Bloodmoon, L50, M|\n|poke|p1|Decidueye-Hisui, L50, F|\n|poke|p1|Hariyama, L50, F|\n|poke|p1|Cresselia, L50, F|\n|poke|p1|Slowbro-Galar, L50, F|\n|poke|p2|Maushold-Four, L50|\n|poke|p2|Oranguru, L50, M|\n|poke|p2|Camerupt, L50, M|\n|poke|p2|Basculegion, L50, M|\n|poke|p2|Froslass, L50, F|\n|poke|p2|Tauros-Paldea-Blaze, L50, M|\n|teampreview|4\n|j| HappyW\nWendall555 rejected open team sheets.\n|c|\u2606Wendall555|glhf\n|j| BarackHussainObama\n|j| GreeeenGator\n|j| LookItUpVGC\n|c|\u2606Ra1nFa11|glhf\n|\n|t:|1700094095\n|start\n|switch|p1a: Farigiraf|Farigiraf, L50, M, shiny|100\/100\n|switch|p1b: Hariyama|Hariyama, L50, F, shiny|100\/100\n|switch|p2a: Froslass|Froslass, L50, F|100\/100\n|switch|p2b: Tauros|Tauros-Paldea-Blaze, L50, M|100\/100\n|turn|1\n|j| Owebbb\n|c|\u2606Ra1nFa11|I legit forgot the camel's speed tier lmao\n|j| KeanuVGC\n|c| KeanuVGC|\ud83e\udee0\n|l| Owebbb\n|c| KeanuVGC|\ud83d\ude35\u200d\ud83d\udcab\n|\n|t:|1700094129\n|move|p1a: Farigiraf|Helping Hand|p1b: Hariyama\n|-singleturn|p1b: Hariyama|Helping Hand|[of] p1a: Farigiraf\n|move|p2a: Froslass|Chilling Water|p1b: Hariyama\n|-damage|p1b: Hariyama|91\/100\n|-unboost|p1b: Hariyama|atk|1\n|move|p2b: Tauros|Raging Bull|p1a: Farigiraf\n|-damage|p1a: Farigiraf|57\/100\n|move|p1b: Hariyama|Headlong Rush|p2b: Tauros\n|-supereffective|p2b: Tauros\n|-damage|p2b: Tauros|8\/100\n|-unboost|p1b: Hariyama|def|1\n|-unboost|p1b: Hariyama|spd|1\n|\n|-status|p1b: Hariyama|brn|[from] item: Flame Orb\n|upkeep\n|turn|2\n|c| HappyW|attack drop coming in clutch xD\n|j| Raikia\n|\n|t:|1700094166\n|move|p1b: Hariyama|Bullet Punch|p2b: Tauros\n|-resisted|p2b: Tauros\n|-damage|p2b: Tauros|0 fnt\n|faint|p2b: Tauros\n|move|p2a: Froslass|Chilling Water|p1b: Hariyama\n|-damage|p1b: Hariyama|78\/100 brn\n|-unboost|p1b: Hariyama|atk|1\n|move|p1a: Farigiraf|Trick Room|p1a: Farigiraf\n|-fieldstart|move: Trick Room|[of] p1a: Farigiraf\n|\n|-damage|p1b: Hariyama|72\/100 brn|[from] brn\n|upkeep\n|\n|t:|1700094175\n|switch|p2b: Camerupt|Camerupt, L50, M|100\/100\n|turn|3\n|\n|t:|1700094194\n|move|p1a: Farigiraf|Helping Hand|p1b: Hariyama\n|-singleturn|p1b: Hariyama|Helping Hand|[of] p1a: Farigiraf\n|move|p1b: Hariyama|Bullet Punch|p2b: Camerupt\n|-resisted|p2b: Camerupt\n|-damage|p2b: Camerupt|89\/100\n|move|p2b: Camerupt|Eruption|p1b: Hariyama|[spread] p1a,p1b\n|-damage|p1a: Farigiraf|4\/100\n|-damage|p1b: Hariyama|1\/100 brn\n|-enditem|p1a: Farigiraf|Sitrus Berry|[eat]\n|-heal|p1a: Farigiraf|29\/100|[from] item: Sitrus Berry\n|move|p2a: Froslass|Destiny Bond|p2a: Froslass\n|-singlemove|p2a: Froslass|Destiny Bond\n|\n|-damage|p1b: Hariyama|0 fnt|[from] brn\n|faint|p1b: Hariyama\n|upkeep\n|j| MrDrProfEssional\n|\n|t:|1700094207\n|switch|p1b: Ursaluna|Ursaluna-Bloodmoon, L50, M|100\/100\n|turn|4\n|\n|t:|1700094215\n|move|p1a: Farigiraf|Helping Hand|p1b: Ursaluna\n|-singleturn|p1b: Ursaluna|Helping Hand|[of] p1a: Farigiraf\n|move|p2b: Camerupt|Protect|p2b: Camerupt\n|-singleturn|p2b: Camerupt|Protect\n|move|p1b: Ursaluna|Hyper Voice|p2b: Camerupt|[spread] p2a\n|-activate|p2b: Camerupt|move: Protect\n|-damage|p2a: Froslass|24\/100\n|-start|p1b: Ursaluna|Disable|Hyper Voice|[from] ability: Cursed Body|[of] p2a: Froslass\n|-enditem|p1b: Ursaluna|Throat Spray\n|-boost|p1b: Ursaluna|spa|1|[from] item: Throat Spray\n|move|p2a: Froslass|Light Screen|p2a: Froslass\n|-sidestart|p2: Wendall555|move: Light Screen\n|\n|upkeep\n|turn|5\n|\n|t:|1700094233\n|-terastallize|p1b: Ursaluna|Normal\n|move|p1a: Farigiraf|Helping Hand|p1b: Ursaluna\n|-singleturn|p1b: Ursaluna|Helping Hand|[of] p1a: Farigiraf\n|move|p2b: Camerupt|Eruption|p1a: Farigiraf|[spread] p1a,p1b\n|-damage|p1a: Farigiraf|0 fnt\n|-damage|p1b: Ursaluna|43\/100\n|faint|p1a: Farigiraf\n|move|p1b: Ursaluna|Blood Moon|p2b: Camerupt\n|-damage|p2b: Camerupt|0 fnt\n|faint|p2b: Camerupt\n|move|p2a: Froslass|Chilling Water|p1b: Ursaluna\n|-damage|p1b: Ursaluna|33\/100\n|-unboost|p1b: Ursaluna|atk|1\n|\n|upkeep\n|\n|t:|1700094244\n|switch|p2b: Basculegion|Basculegion, L50, M|100\/100\n|switch|p1a: Decidueye|Decidueye-Hisui, L50, F, shiny|100\/100\n|turn|6\n|\n|t:|1700094261\n|move|p1b: Ursaluna|Earth Power|p2a: Froslass\n|-damage|p2a: Froslass|0 fnt\n|faint|p2a: Froslass\n|move|p1a: Decidueye|Leaf Blade|p2b: Basculegion\n|-supereffective|p2b: Basculegion\n|-crit|p2b: Basculegion\n|-damage|p2b: Basculegion|0 fnt\n|faint|p2b: Basculegion\n|\n|win|Ra1nFa11\n|c|\u2606Ra1nFa11|onto g3\n|c|\u2606Ra1nFa11|gg\n|c|&|\/uhtml prompt-wendall555,Wendall555 is ready for game 3!\n|l| LookItUpVGC\n|inactive|Ra1nFa11 has 50 seconds to confirm battle start!\n|l| BarackHussainObama\n|c|&|\/uhtml prompt-ra1nfa11,Ra1nFa11 is ready for game 3!\nBoth players are ready! Starting next match!\n|l| KeanuVGC\n|l| MrDrProfEssional\n|l| HappyW\n|l| GreeeenGator\n|j| Lkynmbr24\n|l| Lkynmbr24\n|j| KeanuVGC\n|l| KeanuVGC\n|l|\u2606Wendall555\n|l| Raikia\n","uploadtime":1700094665,"views":14,"p1id":"ra1nfa11","p2id":"wendall555","formatid":"gen9vgc2023regulatione","rating":0,"private":0,"password":""}