{"id":"gen9vgc2023regulatione-1996457322","p1":"HaruTwinleaf","p2":"ClapperKing","format":"[Gen 9] VGC 2023 Regulation E","log":"|j|\u203dHaruTwinleaf\n|j|\u2606ClapperKing\n|t:|1700683865\n|gametype|doubles\n|player|p1|HaruTwinleaf|cyrus|1032\n|player|p2|ClapperKing|101|1074\n|teamsize|p1|6\n|teamsize|p2|6\n|gen|9\n|tier|[Gen 9] VGC 2023 Regulation E\n|rated|\n|rule|Species Clause: Limit one of each Pok\u00e9mon\n|rule|Item Clause: Limit one of each item\n|clearpoke\n|poke|p1|Raichu-Alola, L50, M|\n|poke|p1|Empoleon, L50, M|\n|poke|p1|Lucario, L50, M|\n|poke|p1|Lycanroc-Dusk, L50, M|\n|poke|p1|Volcarona, L50, F|\n|poke|p1|Landorus-Therian, L50, M|\n|poke|p2|Torkoal, L50, F|\n|poke|p2|Flutter Mane, L50|\n|poke|p2|Roaring Moon, L50|\n|poke|p2|Tornadus, L50, M|\n|poke|p2|Landorus-Therian, L50, M|\n|poke|p2|Brute Bonnet, L50|\n|teampreview|4\n|inactive|Battle timer is ON: inactive players will automatically lose when time's up. (requested by HaruTwinleaf)\nClapperKing rejected open team sheets.\n|inactive|HaruTwinleaf has 60 seconds left.\n|\n|t:|1700683921\n|start\n|switch|p1a: Volcarona|Volcarona, L50, F|100\/100\n|switch|p1b: Empoleon|Empoleon, L50, M|100\/100\n|switch|p2a: Flutter Mane|Flutter Mane, L50|100\/100\n|switch|p2b: Torkoal|Torkoal, L50, F|100\/100\n|-weather|SunnyDay|[from] ability: Drought|[of] p2b: Torkoal\n|-activate|p2a: Flutter Mane|ability: Protosynthesis\n|-start|p2a: Flutter Mane|protosynthesisspa\n|turn|1\n|inactive|HaruTwinleaf has 30 seconds left.\n|\n|t:|1700683949\n|-terastallize|p2a: Flutter Mane|Fairy\n|move|p2b: Torkoal|Helping Hand|p2a: Flutter Mane\n|-singleturn|p2a: Flutter Mane|Helping Hand|[of] p2b: Torkoal\n|move|p2a: Flutter Mane|Dazzling Gleam|p1a: Volcarona|[spread] p1a,p1b\n|-resisted|p1a: Volcarona\n|-resisted|p1b: Empoleon\n|-damage|p1a: Volcarona|54\/100\n|-damage|p1b: Empoleon|64\/100\n|move|p1a: Volcarona|Fiery Dance|p2a: Flutter Mane\n|-damage|p2a: Flutter Mane|40\/100\n|move|p1b: Empoleon|Flash Cannon|p2a: Flutter Mane\n|-supereffective|p2a: Flutter Mane\n|-damage|p2a: Flutter Mane|0 fnt\n|faint|p2a: Flutter Mane\n|-end|p2a: Flutter Mane|Protosynthesis|[silent]\n|\n|-weather|SunnyDay|[upkeep]\n|upkeep\n|\n|t:|1700683964\n|switch|p2a: Roaring Moon|Roaring Moon, L50|100\/100\n|-activate|p2a: Roaring Moon|ability: Protosynthesis\n|-start|p2a: Roaring Moon|protosynthesisatk\n|turn|2\n|\n|t:|1700683983\n|move|p2a: Roaring Moon|Knock Off|p1a: Volcarona\n|-damage|p1a: Volcarona|0 fnt\n|-status|p2a: Roaring Moon|brn|[from] ability: Flame Body|[of] p1a: Volcarona\n|-enditem|p1a: Volcarona|Safety Goggles|[from] move: Knock Off|[of] p2a: Roaring Moon\n|faint|p1a: Volcarona\n|-damage|p2a: Roaring Moon|90\/100 brn|[from] item: Life Orb\n|move|p1b: Empoleon|Ice Beam|p2a: Roaring Moon\n|-supereffective|p2a: Roaring Moon\n|-damage|p2a: Roaring Moon|40\/100 brn\n|move|p2b: Torkoal|Yawn|p1b: Empoleon\n|-start|p1b: Empoleon|move: Yawn|[of] p2b: Torkoal\n|\n|-weather|SunnyDay|[upkeep]\n|-damage|p2a: Roaring Moon|34\/100 brn|[from] brn\n|upkeep\n|\n|t:|1700684002\n|switch|p1a: Landorus|Landorus-Therian, L50, M|100\/100\n|-ability|p1a: Landorus|Intimidate|boost\n|-unboost|p2a: Roaring Moon|atk|1\n|-unboost|p2b: Torkoal|atk|1\n|turn|3\n|\n|t:|1700684024\n|move|p1a: Landorus|U-turn|p2a: Roaring Moon\n|-supereffective|p2a: Roaring Moon\n|-damage|p2a: Roaring Moon|0 fnt\n|faint|p2a: Roaring Moon\n|-end|p2a: Roaring Moon|Protosynthesis|[silent]\n|\n|t:|1700684028\n|switch|p1a: Lucario|Lucario, L50, M|100\/100|[from] U-turn\n|move|p1b: Empoleon|Ice Beam|p2b: Torkoal\n|-resisted|p2b: Torkoal\n|-damage|p2b: Torkoal|89\/100\n|move|p2b: Torkoal|Heat Wave|p1a: Lucario|[spread] p1a,p1b\n|-supereffective|p1a: Lucario\n|-damage|p1a: Lucario|0 fnt\n|-damage|p1b: Empoleon|48\/100\n|faint|p1a: Lucario\n|\n|-weather|SunnyDay|[upkeep]\n|-heal|p2b: Torkoal|95\/100|[from] item: Leftovers\n|-end|p1b: Empoleon|move: Yawn|[silent]\n|-status|p1b: Empoleon|slp\n|upkeep\n|\n|t:|1700684040\n|switch|p2a: Tornadus|Tornadus, L50, M|100\/100\n|switch|p1a: Landorus|Landorus-Therian, L50, M|100\/100\n|-ability|p1a: Landorus|Intimidate|boost\n|-unboost|p2a: Tornadus|atk|1\n|-unboost|p2b: Torkoal|atk|1\n|turn|4\n|inactive|HaruTwinleaf has 30 seconds left.\n|\n|t:|1700684075\n|move|p1a: Landorus|Rock Slide|p2a: Tornadus|[spread] p2a\n|-miss|p1a: Landorus|p2b: Torkoal\n|-supereffective|p2a: Tornadus\n|-damage|p2a: Tornadus|50\/100\n|cant|p2a: Tornadus|flinch\n|cant|p1b: Empoleon|slp\n|move|p2b: Torkoal|Heat Wave|p1b: Empoleon|[spread] p1a,p1b\n|-damage|p1a: Landorus|68\/100\n|-damage|p1b: Empoleon|30\/100 slp\n|-status|p1a: Landorus|brn\n|\n|-weather|SunnyDay|[upkeep]\n|-heal|p2b: Torkoal|100\/100|[from] item: Leftovers\n|-damage|p1a: Landorus|62\/100 brn|[from] brn\n|upkeep\n|turn|5\n|\n|t:|1700684098\n|move|p2a: Tornadus|Tailwind|p2a: Tornadus\n|-sidestart|p2: ClapperKing|move: Tailwind\n|move|p1a: Landorus|Rock Slide|p2b: Torkoal|[spread] p2a,p2b\n|-supereffective|p2a: Tornadus\n|-crit|p2a: Tornadus\n|-supereffective|p2b: Torkoal\n|-damage|p2a: Tornadus|11\/100\n|-damage|p2b: Torkoal|85\/100\n|cant|p1b: Empoleon|slp\n|cant|p2b: Torkoal|flinch\n|\n|-weather|none\n|-heal|p2b: Torkoal|91\/100|[from] item: Leftovers\n|-damage|p1a: Landorus|56\/100 brn|[from] brn\n|upkeep\n|turn|6\n|\n|t:|1700684112\n|move|p2a: Tornadus|Sunny Day|p2a: Tornadus\n|-weather|SunnyDay\n|move|p1a: Landorus|Rock Slide|p2a: Tornadus|[spread] p2a,p2b\n|-supereffective|p2a: Tornadus\n|-supereffective|p2b: Torkoal\n|-damage|p2a: Tornadus|0 fnt\n|-damage|p2b: Torkoal|76\/100\n|faint|p2a: Tornadus\n|-curestatus|p1b: Empoleon|slp|[msg]\n|move|p1b: Empoleon|Ice Beam|p2b: Torkoal\n|-resisted|p2b: Torkoal\n|-damage|p2b: Torkoal|64\/100\n|cant|p2b: Torkoal|flinch\n|\n|-weather|SunnyDay|[upkeep]\n|-heal|p2b: Torkoal|71\/100|[from] item: Leftovers\n|-damage|p1a: Landorus|49\/100 brn|[from] brn\n|upkeep\n|turn|7\n|inactive|HaruTwinleaf has 30 seconds left.\n|inactive|HaruTwinleaf has 20 seconds left.\n|\n|t:|1700684148\n|move|p2b: Torkoal|Protect|p2b: Torkoal\n|-singleturn|p2b: Torkoal|Protect\n|move|p1a: Landorus|Rock Slide|p2b: Torkoal\n|-activate|p2b: Torkoal|move: Protect\n|move|p1b: Empoleon|Flash Cannon|p2b: Torkoal\n|-activate|p2b: Torkoal|move: Protect\n|\n|-weather|SunnyDay|[upkeep]\n|-heal|p2b: Torkoal|77\/100|[from] item: Leftovers\n|-damage|p1a: Landorus|43\/100 brn|[from] brn\n|upkeep\n|turn|8\n|\n|t:|1700684163\n|move|p1a: Landorus|Rock Slide|p2b: Torkoal\n|-supereffective|p2b: Torkoal\n|-damage|p2b: Torkoal|56\/100\n|move|p1b: Empoleon|Flash Cannon|p2b: Torkoal\n|-resisted|p2b: Torkoal\n|-damage|p2b: Torkoal|39\/100\n|move|p2b: Torkoal|Yawn|p1b: Empoleon\n|-start|p1b: Empoleon|move: Yawn|[of] p2b: Torkoal\n|\n|-weather|SunnyDay|[upkeep]\n|-heal|p2b: Torkoal|45\/100|[from] item: Leftovers\n|-damage|p1a: Landorus|37\/100 brn|[from] brn\n|-sideend|p2: ClapperKing|move: Tailwind\n|upkeep\n|turn|9\n|\n|t:|1700684179\n|move|p2b: Torkoal|Protect|p2b: Torkoal\n|-singleturn|p2b: Torkoal|Protect\n|move|p1a: Landorus|Rock Slide|p2b: Torkoal\n|-activate|p2b: Torkoal|move: Protect\n|move|p1b: Empoleon|Flash Cannon|p2b: Torkoal\n|-activate|p2b: Torkoal|move: Protect\n|\n|-weather|SunnyDay|[upkeep]\n|-heal|p2b: Torkoal|51\/100|[from] item: Leftovers\n|-damage|p1a: Landorus|31\/100 brn|[from] brn\n|-end|p1b: Empoleon|move: Yawn|[silent]\n|-status|p1b: Empoleon|slp\n|upkeep\n|turn|10\n|\n|t:|1700684193\n|move|p1a: Landorus|Rock Slide|p2b: Torkoal\n|-supereffective|p2b: Torkoal\n|-damage|p2b: Torkoal|32\/100\n|cant|p1b: Empoleon|slp\n|move|p2b: Torkoal|Heat Wave|p1b: Empoleon|[spread] p1a,p1b\n|-damage|p1a: Landorus|0 fnt\n|-damage|p1b: Empoleon|14\/100 slp\n|faint|p1a: Landorus\n|\n|-weather|none\n|-heal|p2b: Torkoal|38\/100|[from] item: Leftovers\n|upkeep\n|turn|11\n|c|\u2606ClapperKing|Gg. Outplayed.\n|\n|t:|1700684211\n|cant|p1b: Empoleon|slp\n|move|p2b: Torkoal|Heat Wave|p1b: Empoleon\n|-damage|p1b: Empoleon|0 fnt\n|faint|p1b: Empoleon\n|\n|win|ClapperKing\n|raw|HaruTwinleaf's rating: 1032 &rarr; <strong>1019<\/strong><br \/>(-13 for losing)\n|raw|ClapperKing's rating: 1074 &rarr; <strong>1099<\/strong><br \/>(+25 for winning)\n|l|\u203dHaruTwinleaf\n","uploadtime":1700684224,"views":0,"p1id":"harutwinleaf","p2id":"clapperking","formatid":"gen9vgc2023regulatione","rating":1019,"private":0,"password":""}