{"id":"gen9vgc2023regulatione-1993874422","p1":"jamahcs","p2":"MrRexx1511","format":"[Gen 9] VGC 2023 Regulation E","log":"|j|\u2606jamahcs\n|j|\u2606MrRexx1511\n|n|\u2606jamahcs|jamahcs\n|n|\u2606MrRexx1511|mrrexx1511\n|html|View the match progress at <a href=\"\/game-bestof7-gen9vgc2023regulatione-1993870435\">game-bestof7-gen9vgc2023regulatione-1993870435<\/a>\n|t:|1700368442\n|gametype|doubles\n|player|p1|jamahcs|102|\n|player|p2|MrRexx1511|pokemonrangerf-gen4|\n|teamsize|p1|6\n|teamsize|p2|6\n|gen|9\n|tier|[Gen 9] VGC 2023 Regulation E\n|rule|Species Clause: Limit one of each Pok\u00e9mon\n|rule|Item Clause: Limit one of each item\n|clearpoke\n|poke|p1|Tornadus, L50, M|\n|poke|p1|Urshifu-*, L50, M|\n|poke|p1|Heatran, L50, F|\n|poke|p1|Iron Hands, L50|\n|poke|p1|Landorus-Therian, L50, M|\n|poke|p1|Flutter Mane, L50|\n|poke|p2|Ursaluna-Bloodmoon, L50, M|\n|poke|p2|Gothitelle, L50, M|\n|poke|p2|Flutter Mane, L50|\n|poke|p2|Iron Hands, L50|\n|poke|p2|Landorus-Therian, L50, M|\n|poke|p2|Urshifu-*, L50, M|\n|teampreview|4\njamahcs has agreed to open team sheets.\nMrRexx1511 has agreed to open team sheets.\n|showteam|p1|Tornadus||SitrusBerry|Prankster|Tailwind,Protect,BleakwindStorm,Leer|||M|||50|,,,,,Ghost]Urshifu-Rapid-Strike||MysticWater|UnseenFist|SurgingStrikes,CloseCombat,Detect,AquaJet|||M|||50|,,,,,Water]Heatran||LifeOrb|FlashFire|HeatWave,EarthPower,FlashCannon,Protect|||F|||50|,,,,,Fairy]Iron Hands||AssaultVest|QuarkDrive|FakeOut,WildCharge,DrainPunch,HeavySlam||||||50|,,,,,Water]Landorus-Therian||ChoiceScarf|Intimidate|StompingTantrum,TeraBlast,RockSlide,Uturn|||M|||50|,,,,,Flying]Flutter Mane||ChoiceSpecs|Protosynthesis|Moonblast,ShadowBall,DazzlingGleam,MistyTerrain||||||50|,,,,,Fairy\n|showteam|p2|Ursaluna-Bloodmoon||LifeOrb|MindsEye|BloodMoon,HyperVoice,EarthPower,Protect|||M|||50|,,,,,Normal]Gothitelle||SitrusBerry|ShadowTag|FakeOut,Psychic,TrickRoom,Protect|||M|||50|,,,,,Fairy]Flutter Mane||ChoiceSpecs|Protosynthesis|Moonblast,ShadowBall,DazzlingGleam,PerishSong||||||50|,,,,,Fairy]Iron Hands||AssaultVest|QuarkDrive|FakeOut,WildCharge,DrainPunch,VoltSwitch||||||50|,,,,,Grass]Landorus-Therian||ChoiceScarf|Intimidate|StompingTantrum,RockSlide,TeraBlast,Uturn|||M|||50|,,,,,Flying]Urshifu-Rapid-Strike||MysticWater|UnseenFist|SurgingStrikes,CloseCombat,Protect,AquaJet|||M|||50|,,,,,Water\n|inactive|Battle timer is ON: inactive players will automatically lose when time's up. (requested by MrRexx1511)\n|inactive|jamahcs has 60 seconds left.\n|\n|t:|1700368502\n|start\n|switch|p1a: Tornadus|Tornadus, L50, M|100\/100\n|switch|p1b: Iron Hands|Iron Hands, L50|100\/100\n|switch|p2a: Flutter Mane|Flutter Mane, L50|100\/100\n|switch|p2b: Urshifu|Urshifu-Rapid-Strike, L50, M|100\/100\n|turn|1\n|inactive|jamahcs has 30 seconds left.\n|inactive|MrRexx1511 has 30 seconds left.\n|inactive|MrRexx1511 has 20 seconds left.\n|\n|t:|1700368538\n|switch|p2b: Landorus|Landorus-Therian, L50, M|100\/100\n|-ability|p2b: Landorus|Intimidate|boost\n|-unboost|p1a: Tornadus|atk|1\n|-unboost|p1b: Iron Hands|atk|1\n|-terastallize|p2a: Flutter Mane|Fairy\n|-terastallize|p1b: Iron Hands|Water\n|move|p2a: Flutter Mane|Moonblast|p1b: Iron Hands\n|-damage|p1b: Iron Hands|44\/100\n|-unboost|p1b: Iron Hands|spa|1\n|move|p1a: Tornadus|Bleakwind Storm|p2b: Landorus|[spread] p2a,p2b\n|-crit|p2b: Landorus\n|-damage|p2a: Flutter Mane|65\/100\n|-damage|p2b: Landorus|34\/100\n|move|p1b: Iron Hands|Heavy Slam|p2a: Flutter Mane\n|-supereffective|p2a: Flutter Mane\n|-damage|p2a: Flutter Mane|0 fnt\n|faint|p2a: Flutter Mane\n|-end|p2a: Flutter Mane|Protosynthesis|[silent]\n|\n|upkeep\n|\n|t:|1700368557\n|switch|p2a: Iron Hands|Iron Hands, L50|100\/100\n|turn|2\n|inactive|jamahcs has 30 seconds left.\n|inactive|jamahcs has 20 seconds left.\n|inactive|jamahcs has 15 seconds left.\n|\n|t:|1700368598\n|-end|p1b: Iron Hands|Quark Drive|[silent]\n|switch|p1b: Heatran|Heatran, L50, F|100\/100\n|move|p1a: Tornadus|Protect|p1a: Tornadus\n|-singleturn|p1a: Tornadus|Protect\n|move|p2b: Landorus|Rock Slide|p1a: Tornadus|[spread] p1b\n|-activate|p1a: Tornadus|move: Protect\n|-damage|p1b: Heatran|82\/100\n|move|p2a: Iron Hands|Wild Charge|p1b: Heatran\n|-damage|p1b: Heatran|35\/100\n|-damage|p2a: Iron Hands|91\/100|[from] Recoil\n|\n|upkeep\n|turn|3\n|inactive|jamahcs has 30 seconds left.\n|inactive|jamahcs has 20 seconds left.\n|inactive|jamahcs has 15 seconds left.\n|inactive|jamahcs has 10 seconds left.\n|\n|t:|1700368647\n|move|p1a: Tornadus|Leer|p2a: Iron Hands|[spread] p2a,p2b\n|-unboost|p2a: Iron Hands|def|1\n|-unboost|p2b: Landorus|def|1\n|move|p2b: Landorus|Rock Slide|p1b: Heatran|[spread] p1a,p1b\n|-supereffective|p1a: Tornadus\n|-damage|p1a: Tornadus|54\/100\n|-damage|p1b: Heatran|15\/100\n|cant|p1b: Heatran|flinch\n|move|p2a: Iron Hands|Drain Punch|p1b: Heatran\n|-supereffective|p1b: Heatran\n|-damage|p1b: Heatran|0 fnt\n|-heal|p2a: Iron Hands|97\/100|[from] drain|[of] p1b: Heatran\n|faint|p1b: Heatran\n|\n|upkeep\n|\n|t:|1700368660\n|switch|p1b: Iron Hands|Iron Hands, L50, tera:Water|44\/100\n|turn|4\n|\n|t:|1700368671\n|move|p1b: Iron Hands|Fake Out|p2b: Landorus\n|-damage|p2b: Landorus|7\/100\n|move|p1a: Tornadus|Leer|p2b: Landorus|[spread] p2a,p2b\n|-unboost|p2a: Iron Hands|def|1\n|-unboost|p2b: Landorus|def|1\n|cant|p2b: Landorus|flinch\n|move|p2a: Iron Hands|Wild Charge|p1b: Iron Hands\n|-supereffective|p1b: Iron Hands\n|-damage|p1b: Iron Hands|0 fnt\n|faint|p1b: Iron Hands\n|-end|p1b: Iron Hands|Quark Drive|[silent]\n|-damage|p2a: Iron Hands|86\/100|[from] Recoil\n|\n|upkeep\n|\n|t:|1700368683\n|switch|p1b: Urshifu|Urshifu-Rapid-Strike, L50, M|100\/100\n|turn|5\n|\n|t:|1700368693\n|move|p2b: Landorus|Rock Slide|p1a: Tornadus|[spread] p1b\n|-miss|p2b: Landorus|p1a: Tornadus\n|-resisted|p1b: Urshifu\n|-damage|p1b: Urshifu|91\/100\n|move|p1a: Tornadus|Bleakwind Storm|p2a: Iron Hands|[spread] p2a,p2b\n|-damage|p2a: Iron Hands|65\/100\n|-damage|p2b: Landorus|0 fnt\n|faint|p2b: Landorus\n|move|p1b: Urshifu|Surging Strikes|p2a: Iron Hands\n|-crit|p2a: Iron Hands\n|-damage|p2a: Iron Hands|34\/100\n|-crit|p2a: Iron Hands\n|-damage|p2a: Iron Hands|3\/100\n|-crit|p2a: Iron Hands\n|-damage|p2a: Iron Hands|0 fnt\n|faint|p2a: Iron Hands\n|-end|p2a: Iron Hands|Quark Drive|[silent]\n|-hitcount|p2: Iron Hands|3\n|\n|upkeep\n|\n|t:|1700368717\n|switch|p2a: Urshifu|Urshifu-Rapid-Strike, L50, M|100\/100\n|turn|6\n|\n|t:|1700368737\n|move|p1a: Tornadus|Leer|p2a: Urshifu\n|-unboost|p2a: Urshifu|def|1\n|move|p2a: Urshifu|Surging Strikes|p1b: Urshifu\n|-resisted|p1b: Urshifu\n|-crit|p1b: Urshifu\n|-damage|p1b: Urshifu|82\/100\n|-resisted|p1b: Urshifu\n|-crit|p1b: Urshifu\n|-damage|p1b: Urshifu|71\/100\n|-resisted|p1b: Urshifu\n|-crit|p1b: Urshifu\n|-damage|p1b: Urshifu|61\/100\n|-hitcount|p1b: Urshifu|3\n|move|p1b: Urshifu|Close Combat|p2a: Urshifu\n|-damage|p2a: Urshifu|16\/100\n|-unboost|p1b: Urshifu|def|1\n|-unboost|p1b: Urshifu|spd|1\n|\n|upkeep\n|turn|7\n|\n|t:|1700368754\n|move|p1b: Urshifu|Aqua Jet|p2a: Urshifu\n|-resisted|p2a: Urshifu\n|-damage|p2a: Urshifu|0 fnt\n|faint|p2a: Urshifu\n|\n|win|jamahcs\n|c|&|\/uhtml prompt-jamahcs,jamahcs is ready for game 4!\n|inactive|MrRexx1511 has 50 seconds to confirm battle start!\n|c|&|\/uhtml prompt-mrrexx1511,MrRexx1511 is ready for game 4!\nBoth players are ready! Starting next match!\n|l|\u2606MrRexx1511\n","uploadtime":1700369025,"views":22,"p1id":"jamahcs","p2id":"mrrexx1511","formatid":"gen9vgc2023regulatione","rating":0,"private":0,"password":""}