{"id":"gen9vgc2023regulatione-1998730039","p1":"Asukaqwq","p2":"ShockucA","format":"[Gen 9] VGC 2023 Regulation E","log":"|j|\u2606Asukaqwq\n|j|\u2606ShockucA\n|t:|1700979252\n|gametype|doubles\n|player|p1|Asukaqwq|veteran|1369\n|player|p2|ShockucA|scientistf|1463\n|teamsize|p1|6\n|teamsize|p2|6\n|gen|9\n|tier|[Gen 9] VGC 2023 Regulation E\n|rated|\n|rule|Species Clause: Limit one of each Pok\u00e9mon\n|rule|Item Clause: Limit one of each item\n|clearpoke\n|poke|p1|Armarouge, L50, F|\n|poke|p1|Indeedee-F, L50, F|\n|poke|p1|Iron Hands, L50|\n|poke|p1|Torkoal, L50, F|\n|poke|p1|Ogerpon, L50, F|\n|poke|p1|Urshifu-*, L50, F|\n|poke|p2|Lilligant-Hisui, L50, F|\n|poke|p2|Torkoal, L50, M|\n|poke|p2|Regieleki, L50|\n|poke|p2|Gholdengo, L50|\n|poke|p2|Urshifu-*, L50, M|\n|poke|p2|Flutter Mane, L50|\n|teampreview|4\n|inactive|Battle timer is ON: inactive players will automatically lose when time's up. (requested by Asukaqwq)\n|inactive|Asukaqwq has 60 seconds left.\n|inactive|ShockucA has 60 seconds left.\n|inactive|Asukaqwq has 30 seconds left.\n|inactive|ShockucA has 30 seconds left.\n|inactive|Asukaqwq has 20 seconds left.\n|inactive|ShockucA has 20 seconds left.\n|inactive|ShockucA has 15 seconds left.\n|inactive|ShockucA has 10 seconds left.\n|\n|t:|1700979345\n|start\n|switch|p1a: Iron Hands|Iron Hands, L50|100\/100\n|switch|p1b: Armarouge|Armarouge, L50, F|100\/100\n|switch|p2a: Flutter Mane|Flutter Mane, L50|100\/100\n|switch|p2b: Urshifu|Urshifu, L50, M|100\/100\n|turn|1\n|inactive|Asukaqwq has 30 seconds left.\n|inactive|ShockucA has 30 seconds left.\n|\n|t:|1700979374\n|switch|p2b: Torkoal|Torkoal, L50, M|100\/100\n|-weather|SunnyDay|[from] ability: Drought|[of] p2b: Torkoal\n|-activate|p2a: Flutter Mane|ability: Protosynthesis\n|-start|p2a: Flutter Mane|protosynthesisspa\n|-terastallize|p1a: Iron Hands|Water\n|move|p1b: Armarouge|Endure|p1b: Armarouge\n|-singleturn|p1b: Armarouge|move: Endure\n|move|p2a: Flutter Mane|Moonblast|p1a: Iron Hands\n|-damage|p1a: Iron Hands|44\/100\n|move|p1a: Iron Hands|Earthquake|p2a: Flutter Mane|[spread] p1b,p2a,p2b\n|-supereffective|p1b: Armarouge\n|-supereffective|p2b: Torkoal\n|-damage|p1b: Armarouge|36\/100\n|-damage|p2a: Flutter Mane|43\/100\n|-damage|p2b: Torkoal|59\/100\n|-ability|p1b: Armarouge|Weak Armor|boost\n|-unboost|p1b: Armarouge|def|1\n|-boost|p1b: Armarouge|spe|2\n|-enditem|p1b: Armarouge|Weakness Policy\n|-boost|p1b: Armarouge|atk|2|[from] item: Weakness Policy\n|-boost|p1b: Armarouge|spa|2|[from] item: Weakness Policy\n|\n|-weather|SunnyDay|[upkeep]\n|upkeep\n|turn|2\n|inactive|Asukaqwq has 30 seconds left.\n|inactive|ShockucA has 30 seconds left.\n|inactive|Asukaqwq has 20 seconds left.\n|inactive|Asukaqwq has 15 seconds left.\n|\n|t:|1700979423\n|-end|p1a: Iron Hands|Quark Drive|[silent]\n|switch|p1a: Indeedee|Indeedee-F, L50, F, shiny|100\/100\n|-fieldstart|move: Psychic Terrain|[from] ability: Psychic Surge|[of] p1a: Indeedee\n|move|p2b: Torkoal|Protect|p2b: Torkoal\n|-singleturn|p2b: Torkoal|Protect\n|move|p1b: Armarouge|Expanding Force|p2a: Flutter Mane|[spread] p2a\n|-activate|p2b: Torkoal|move: Protect\n|-damage|p2a: Flutter Mane|0 fnt\n|faint|p2a: Flutter Mane\n|-end|p2a: Flutter Mane|Protosynthesis|[silent]\n|\n|-weather|SunnyDay|[upkeep]\n|upkeep\n|\n|t:|1700979434\n|switch|p2a: Lilligant|Lilligant-Hisui, L50, F|100\/100\n|turn|3\n|\n|t:|1700979455\n|switch|p2b: Urshifu|Urshifu, L50, M|100\/100\n|move|p1a: Indeedee|Follow Me|p1a: Indeedee\n|-singleturn|p1a: Indeedee|move: Follow Me\n|move|p2a: Lilligant|Sleep Powder|p1a: Indeedee\n|-status|p1a: Indeedee|slp|[from] move: Sleep Powder\n|move|p1b: Armarouge|Expanding Force|p2b: Urshifu|[spread] p2a\n|-immune|p2b: Urshifu\n|-supereffective|p2a: Lilligant\n|-enditem|p2a: Lilligant|Focus Sash\n|-damage|p2a: Lilligant|1\/100\n|\n|-weather|SunnyDay|[upkeep]\n|upkeep\n|turn|4\n|\n|t:|1700979476\n|cant|p1a: Indeedee|slp\n|move|p2a: Lilligant|After You|p2b: Urshifu\n|-activate|p2b: Urshifu|move: After You\n|move|p2b: Urshifu|Wicked Blow|p1b: Armarouge\n|-supereffective|p1b: Armarouge\n|-crit|p1b: Armarouge\n|-damage|p1b: Armarouge|0 fnt\n|faint|p1b: Armarouge\n|\n|-weather|SunnyDay|[upkeep]\n|upkeep\n|\n|t:|1700979488\n|switch|p1b: Ogerpon|Ogerpon, L50, F|100\/100\n|turn|5\n|\n|t:|1700979513\n|switch|p2a: Torkoal|Torkoal, L50, M|59\/100\n|switch|p1b: Iron Hands|Iron Hands, L50, tera:Water|44\/100\n|move|p2b: Urshifu|Wicked Blow|p1b: Iron Hands\n|-crit|p1b: Iron Hands\n|-damage|p1b: Iron Hands|0 fnt\n|faint|p1b: Iron Hands\n|-end|p1b: Iron Hands|Quark Drive|[silent]\n|cant|p1a: Indeedee|slp\n|\n|-weather|none\n|upkeep\n|\n|t:|1700979523\n|switch|p1b: Ogerpon|Ogerpon, L50, F|100\/100\n|turn|6\n|\n|t:|1700979537\n|-terastallize|p2b: Urshifu|Poison\n|move|p1b: Ogerpon|Play Rough|p2b: Urshifu\n|-resisted|p2b: Urshifu\n|-damage|p2b: Urshifu|85\/100\n|move|p2b: Urshifu|Wicked Blow|p1a: Indeedee\n|-supereffective|p1a: Indeedee\n|-crit|p1a: Indeedee\n|-damage|p1a: Indeedee|0 fnt\n|-damage|p2b: Urshifu|68\/100|[from] item: Rocky Helmet|[of] p1a: Indeedee\n|faint|p1a: Indeedee\n|move|p2a: Torkoal|Heat Wave|p1b: Ogerpon\n|-supereffective|p1b: Ogerpon\n|-damage|p1b: Ogerpon|0 fnt\n|faint|p1b: Ogerpon\n|\n|win|ShockucA\n|raw|Asukaqwq's rating: 1369 &rarr; <strong>1354<\/strong><br \/>(-15 for losing)\n|raw|ShockucA's rating: 1463 &rarr; <strong>1478<\/strong><br \/>(+15 for winning)\n|l|\u2606Asukaqwq\n","uploadtime":1700979664,"views":8,"p1id":"asukaqwq","p2id":"shockuca","formatid":"gen9vgc2023regulatione","rating":1354,"private":0,"password":""}