{"id":"gen9vgc2023regulatione-1999369904","p1":"Blackflashzzzzz","p2":"aaooa","format":"[Gen 9] VGC 2023 Regulation E","log":"|j|\u2606Blackflashzzzzz\n|j|\u2606aaooa\n|t:|1701068438\n|gametype|doubles\n|player|p1|Blackflashzzzzz|170|1230\n|player|p2|aaooa|169|1180\n|teamsize|p1|6\n|teamsize|p2|6\n|gen|9\n|tier|[Gen 9] VGC 2023 Regulation E\n|rated|\n|rule|Species Clause: Limit one of each Pok\u00e9mon\n|rule|Item Clause: Limit one of each item\n|clearpoke\n|poke|p1|Iron Bundle, L50|\n|poke|p1|Ninetales-Alola, L50, F|\n|poke|p1|Baxcalibur, L50, F|\n|poke|p1|Urshifu-*, L50, F|\n|poke|p1|Amoonguss, L50, F|\n|poke|p1|Articuno-Galar, L50|\n|poke|p2|Weezing-Galar, L50, M|\n|poke|p2|Toedscruel, L50, F|\n|poke|p2|Tornadus, L50, M|\n|poke|p2|Shiftry, L50, F|\n|poke|p2|Slaking, L50, F|\n|poke|p2|Koffing, L50, F|\n|teampreview|4\n|inactive|Battle timer is ON: inactive players will automatically lose when time's up. (requested by aaooa)\n|\n|t:|1701068489\n|start\n|switch|p1a: Articuno|Articuno-Galar, L50, shiny|100\/100\n|switch|p1b: Amoonguss|Amoonguss, L50, F|100\/100\n|switch|p2a: Koffing|Koffing, L50, F|100\/100\n|switch|p2b: Slaking|Slaking, L50, F|100\/100\n|-ability|p2a: Koffing|Neutralizing Gas\n|turn|1\n|inactive|aaooa has 30 seconds left.\n|\n|t:|1701068520\n|move|p2b: Slaking|Rock Slide|p1b: Amoonguss|[spread] p1a,p1b\n|-supereffective|p1a: Articuno\n|-damage|p1a: Articuno|47\/100\n|-damage|p1b: Amoonguss|85\/100\n|move|p2a: Koffing|Toxic|p1a: Articuno\n|-status|p1a: Articuno|tox\n|move|p1b: Amoonguss|Spore|p2b: Slaking\n|-status|p2b: Slaking|slp|[from] move: Spore\n|move|p1a: Articuno|Trick Room|p1a: Articuno\n|-fieldstart|move: Trick Room|[of] p1a: Articuno\n|\n|-damage|p1a: Articuno|41\/100 tox|[from] psn\n|upkeep\n|turn|2\n|l|\u2606Blackflashzzzzz\n|inactive|Blackflashzzzzz disconnected and has a minute to reconnect!\n|player|p1|\n|j|\u2606Blackflashzzzzz\n|inactive|Blackflashzzzzz reconnected and has 50 seconds left.\n|player|p1|Blackflashzzzzz|170\n|\n|t:|1701068538\n|move|p2a: Koffing|Protect|p2a: Koffing\n|-singleturn|p2a: Koffing|Protect\n|move|p1b: Amoonguss|Pollen Puff|p1a: Articuno\n|-heal|p1a: Articuno|91\/100 tox\n|move|p1a: Articuno|Freezing Glare|p2a: Koffing\n|-activate|p2a: Koffing|move: Protect\n|cant|p2b: Slaking|slp\n|\n|-damage|p1a: Articuno|79\/100 tox|[from] psn\n|upkeep\n|turn|3\n|inactive|aaooa has 30 seconds left.\n|inactive|aaooa has 20 seconds left.\n|inactive|aaooa has 15 seconds left.\n|\n|t:|1701068583\n|move|p1b: Amoonguss|Pollen Puff|p2a: Koffing\n|-resisted|p2a: Koffing\n|-damage|p2a: Koffing|90\/100\n|move|p2a: Koffing|Pain Split|p1b: Amoonguss\n|-sethp|p1b: Amoonguss|66\/100|[from] move: Pain Split|[silent]\n|-sethp|p2a: Koffing|100\/100|[from] move: Pain Split\n|move|p1a: Articuno|Freezing Glare|p2a: Koffing\n|-supereffective|p2a: Koffing\n|-damage|p2a: Koffing|0 fnt\n|faint|p2a: Koffing\n|-end|p2a: Koffing|ability: Neutralizing Gas\n|-curestatus|p2b: Slaking|slp|[msg]\n|move|p2b: Slaking|Rock Slide|p1b: Amoonguss|[spread] p1b\n|-miss|p2b: Slaking|p1a: Articuno\n|-damage|p1b: Amoonguss|50\/100\n|-enditem|p1b: Amoonguss|Sitrus Berry|[eat]\n|-heal|p1b: Amoonguss|75\/100|[from] item: Sitrus Berry\n|\n|-damage|p1a: Articuno|62\/100 tox|[from] psn\n|upkeep\n|\n|t:|1701068594\n|switch|p2a: Weezing|Weezing-Galar, L50, M|100\/100\n|-ability|p2a: Weezing|Neutralizing Gas\n|turn|4\n|\n|t:|1701068606\n|move|p2a: Weezing|Protect|p2a: Weezing\n|-singleturn|p2a: Weezing|Protect\n|move|p1b: Amoonguss|Spore|p2b: Slaking\n|-status|p2b: Slaking|slp|[from] move: Spore\n|move|p1a: Articuno|Freezing Glare|p2a: Weezing\n|-activate|p2a: Weezing|move: Protect\n|cant|p2b: Slaking|slp\n|\n|-damage|p1a: Articuno|39\/100 tox|[from] psn\n|upkeep\n|turn|5\n|\n|t:|1701068619\n|-end|p2a: Weezing|ability: Neutralizing Gas\n|switch|p2a: Toedscruel|Toedscruel, L50, F|100\/100\n|move|p1b: Amoonguss|Pollen Puff|p1a: Articuno\n|-heal|p1a: Articuno|89\/100 tox\n|move|p1a: Articuno|Freezing Glare|p2a: Toedscruel\n|-damage|p2a: Toedscruel|54\/100\n|cant|p2b: Slaking|slp\n|\n|-damage|p1a: Articuno|60\/100 tox|[from] psn\n|-fieldend|move: Trick Room\n|upkeep\n|turn|6\n|\n|t:|1701068637\n|switch|p2a: Weezing|Weezing-Galar, L50, M|100\/100\n|-ability|p2a: Weezing|Neutralizing Gas\n|-curestatus|p2b: Slaking|slp|[msg]\n|move|p2b: Slaking|Rock Slide|p1b: Amoonguss|[spread] p1a,p1b\n|-supereffective|p1a: Articuno\n|-damage|p1a: Articuno|3\/100 tox\n|-damage|p1b: Amoonguss|57\/100\n|move|p1a: Articuno|Freezing Glare|p2a: Weezing\n|-supereffective|p2a: Weezing\n|-damage|p2a: Weezing|0 fnt\n|faint|p2a: Weezing\n|-end|p2a: Weezing|ability: Neutralizing Gas\n|move|p1b: Amoonguss|Pollen Puff|p2b: Slaking\n|-damage|p2b: Slaking|82\/100\n|\n|-damage|p1a: Articuno|0 fnt|[from] psn\n|faint|p1a: Articuno\n|upkeep\n|c|\u2606aaooa|man\n|\n|t:|1701068654\n|switch|p1a: Urshifu|Urshifu-Rapid-Strike, L50, F|100\/100\n|switch|p2a: Toedscruel|Toedscruel, L50, F|54\/100\n|turn|7\n|\n|t:|1701068672\n|move|p1a: Urshifu|U-turn|p2a: Toedscruel\n|-supereffective|p2a: Toedscruel\n|-damage|p2a: Toedscruel|0 fnt\n|faint|p2a: Toedscruel\n|\n|t:|1701068675\n|switch|p1a: Baxcalibur|Baxcalibur, L50, F|100\/100|[from] U-turn\n|cant|p2b: Slaking|ability: Truant\n|move|p1b: Amoonguss|Spore|p2b: Slaking\n|-status|p2b: Slaking|slp|[from] move: Spore\n|\n|upkeep\n|turn|8\n|-message|aaooa forfeited.\n|\n|win|Blackflashzzzzz\n|raw|Blackflashzzzzz's rating: 1230 &rarr; <strong>1251<\/strong><br \/>(+21 for winning)\n|raw|aaooa's rating: 1180 &rarr; <strong>1159<\/strong><br \/>(-21 for losing)\n|l|\u2606aaooa\n","uploadtime":1701068716,"views":8,"p1id":"blackflashzzzzz","p2id":"aaooa","formatid":"gen9vgc2023regulatione","rating":1159,"private":0,"password":""}