{"id":"gen9vgc2023regulatione-1988958240","p1":"qunqun24","p2":"johnnychiou36","format":"[Gen 9] VGC 2023 Regulation E","log":"|j|\u2606qunqun24\n|j|\u2606johnnychiou36\n|t:|1699794544\n|gametype|doubles\n|player|p1|qunqun24|170|1478\n|player|p2|johnnychiou36|lillie|1619\n|teamsize|p1|6\n|teamsize|p2|6\n|gen|9\n|tier|[Gen 9] VGC 2023 Regulation E\n|rated|\n|rule|Species Clause: Limit one of each Pok\u00e9mon\n|rule|Item Clause: Limit one of each item\n|clearpoke\n|poke|p1|Sinistcha, L50|\n|poke|p1|Iron Hands, L50|\n|poke|p1|Ursaluna-Bloodmoon, L50, M|\n|poke|p1|Arcanine-Hisui, L50, M|\n|poke|p1|Dusclops, L50, M|\n|poke|p1|Moltres-Galar, L50|\n|poke|p2|Chien-Pao, L50|\n|poke|p2|Dragonite, L50, M|\n|poke|p2|Arcanine-Hisui, L50, F|\n|poke|p2|Rillaboom, L50, M|\n|poke|p2|Flutter Mane, L50|\n|poke|p2|Farigiraf, L50, F|\n|teampreview|4\n|inactive|Battle timer is ON: inactive players will automatically lose when time's up. (requested by qunqun24)\n|inactive|qunqun24 has 60 seconds left.\n|inactive|johnnychiou36 has 60 seconds left.\n|inactive|johnnychiou36 has 30 seconds left.\n|\n|t:|1699794610\n|start\n|switch|p1a: Dusclops|Dusclops, L50, M|100\/100\n|switch|p1b: Iron Hands|Iron Hands, L50|100\/100\n|switch|p2a: Farigiraf|Farigiraf, L50, F, shiny|100\/100\n|switch|p2b: Rillaboom|Rillaboom, L50, M, shiny|100\/100\n|-fieldstart|move: Grassy Terrain|[from] ability: Grassy Surge|[of] p2b: Rillaboom\n|-ability|p1a: Dusclops|Pressure\n|turn|1\n|\n|t:|1699794629\n|-terastallize|p2b: Rillaboom|Grass\n|move|p2a: Farigiraf|Helping Hand|p2b: Rillaboom\n|-singleturn|p2b: Rillaboom|Helping Hand|[of] p2a: Farigiraf\n|move|p2b: Rillaboom|Wood Hammer|p1a: Dusclops\n|-damage|p1a: Dusclops|0 fnt\n|faint|p1a: Dusclops\n|-damage|p2b: Rillaboom|81\/100|[from] Recoil\n|move|p1b: Iron Hands|Drain Punch|p2b: Rillaboom\n|-damage|p2b: Rillaboom|39\/100\n|\n|-heal|p2b: Rillaboom|45\/100|[from] Grassy Terrain\n|upkeep\n|\n|t:|1699794640\n|switch|p1a: Ursaluna|Ursaluna-Bloodmoon, L50, M|100\/100\n|turn|2\n|\n|t:|1699794649\n|-terastallize|p1a: Ursaluna|Normal\n|move|p2b: Rillaboom|Protect|p2b: Rillaboom\n|-singleturn|p2b: Rillaboom|Protect\n|move|p2a: Farigiraf|Psychic|p1b: Iron Hands\n|-supereffective|p1b: Iron Hands\n|-damage|p1b: Iron Hands|62\/100\n|move|p1b: Iron Hands|Drain Punch|p2b: Rillaboom\n|-activate|p2b: Rillaboom|move: Protect\n|move|p1a: Ursaluna|Blood Moon|p2a: Farigiraf\n|-damage|p2a: Farigiraf|0 fnt\n|faint|p2a: Farigiraf\n|-damage|p1a: Ursaluna|90\/100|[from] item: Life Orb\n|\n|-heal|p2b: Rillaboom|51\/100|[from] Grassy Terrain\n|-heal|p1b: Iron Hands|67\/100|[from] Grassy Terrain\n|-heal|p1a: Ursaluna|96\/100|[from] Grassy Terrain\n|upkeep\n|\n|t:|1699794666\n|switch|p2a: Arcanine|Arcanine-Hisui, L50, F, shiny|100\/100\n|-ability|p2a: Arcanine|Intimidate|boost\n|-unboost|p1a: Ursaluna|atk|1\n|-unboost|p1b: Iron Hands|atk|1\n|turn|3\n|inactive|johnnychiou36 has 30 seconds left.\n|inactive|johnnychiou36 has 20 seconds left.\n|inactive|johnnychiou36 has 15 seconds left.\n|\n|t:|1699794714\n|switch|p2a: Chien-Pao|Chien-Pao, L50|100\/100\n|-ability|p2a: Chien-Pao|Sword of Ruin\n|switch|p1a: Sinistcha|Sinistcha, L50|100\/100\n|-heal|p1b: Iron Hands|92\/100|[from] ability: Hospitality|[of] p1a: Sinistcha\n|move|p2b: Rillaboom|Wood Hammer|p1b: Iron Hands\n|-damage|p1b: Iron Hands|0 fnt\n|faint|p1b: Iron Hands\n|-end|p1b: Iron Hands|Quark Drive|[silent]\n|-damage|p2b: Rillaboom|15\/100|[from] Recoil\n|\n|-heal|p2b: Rillaboom|21\/100|[from] Grassy Terrain\n|upkeep\n|\n|t:|1699794726\n|switch|p1b: Ursaluna|Ursaluna-Bloodmoon, L50, M, tera:Normal|96\/100\n|turn|4\n|inactive|qunqun24 has 30 seconds left.\n|\n|t:|1699794752\n|move|p2a: Chien-Pao|Lash Out|p1a: Sinistcha\n|-supereffective|p1a: Sinistcha\n|-enditem|p1a: Sinistcha|Focus Sash\n|-damage|p1a: Sinistcha|1\/100\n|-damage|p2a: Chien-Pao|91\/100|[from] item: Life Orb\n|move|p2b: Rillaboom|Wood Hammer|p1b: Ursaluna\n|-crit|p1b: Ursaluna\n|-damage|p1b: Ursaluna|0 fnt\n|faint|p1b: Ursaluna\n|-damage|p2b: Rillaboom|0 fnt|[from] Recoil\n|faint|p2b: Rillaboom\n|move|p1a: Sinistcha|Strength Sap|p2a: Chien-Pao\n|-unboost|p2a: Chien-Pao|atk|1\n|-heal|p1a: Sinistcha|100\/100\n|\n|-heal|p2a: Chien-Pao|97\/100|[from] Grassy Terrain\n|upkeep\n|\n|t:|1699794760\n|switch|p2b: Arcanine|Arcanine-Hisui, L50, F, shiny|100\/100\n|-ability|p2b: Arcanine|Intimidate|boost\n|-unboost|p1a: Sinistcha|atk|1\n|turn|5\n|\n|t:|1699794765\n|move|p2a: Chien-Pao|Lash Out|p1a: Sinistcha\n|-supereffective|p1a: Sinistcha\n|-damage|p1a: Sinistcha|26\/100\n|-damage|p2a: Chien-Pao|87\/100|[from] item: Life Orb\n|move|p2b: Arcanine|Flare Blitz|p1a: Sinistcha\n|-supereffective|p1a: Sinistcha\n|-damage|p1a: Sinistcha|0 fnt\n|faint|p1a: Sinistcha\n|-damage|p2b: Arcanine|92\/100|[from] Recoil\n|\n|win|johnnychiou36\n|raw|qunqun24's rating: 1478 &rarr; <strong>1466<\/strong><br \/>(-12 for losing)\n|raw|johnnychiou36's rating: 1619 &rarr; <strong>1631<\/strong><br \/>(+12 for winning)\n","uploadtime":1699794772,"views":29,"p1id":"qunqun24","p2id":"johnnychiou36","formatid":"gen9vgc2023regulatione","rating":1466,"private":0,"password":""}