{"id":"gen9vgc2023regulatione-1991030744","p1":"ashnarsis","p2":"IsuckHams","format":"[Gen 9] VGC 2023 Regulation E","log":"|j|\u2606ashnarsis\n|j|\u2606IsuckHams\n|t:|1700031097\n|gametype|doubles\n|player|p1|ashnarsis|cameraman|1104\n|player|p2|IsuckHams|102|1011\n|teamsize|p1|6\n|teamsize|p2|6\n|gen|9\n|tier|[Gen 9] VGC 2023 Regulation E\n|rated|\n|rule|Species Clause: Limit one of each Pok\u00e9mon\n|rule|Item Clause: Limit one of each item\n|clearpoke\n|poke|p1|Glastrier, L50|\n|poke|p1|Sinistcha-Masterpiece, L50|\n|poke|p1|Kingambit, L50, M|\n|poke|p1|Dragapult, L50, M|\n|poke|p1|Ursaluna-Bloodmoon, L50, M|\n|poke|p1|Ogerpon-Wellspring, L50, F|\n|poke|p2|Amoonguss, L50, F|\n|poke|p2|Chien-Pao, L50|\n|poke|p2|Oranguru, L50, M|\n|poke|p2|Arcanine-Hisui, L50, M|\n|poke|p2|Iron Hands, L50|\n|poke|p2|Urshifu-*, L50, F|\n|teampreview|4\n|inactive|Battle timer is ON: inactive players will automatically lose when time's up. (requested by IsuckHams)\n|inactive|IsuckHams has 60 seconds left.\n|\n|t:|1700031145\n|start\n|switch|p1a: Sinistcha|Sinistcha-Masterpiece, L50|100\/100\n|switch|p1b: Glastrier|Glastrier, L50|100\/100\n|switch|p2a: Iron Hands|Iron Hands, L50|100\/100\n|switch|p2b: Oranguru|Oranguru, L50, M|100\/100\n|turn|1\n|\n|t:|1700031165\n|move|p2a: Iron Hands|Fake Out|p1b: Glastrier\n|-damage|p1b: Glastrier|90\/100\n|move|p2b: Oranguru|Yawn|p1a: Sinistcha\n|-start|p1a: Sinistcha|move: Yawn|[of] p2b: Oranguru\n|cant|p1b: Glastrier|flinch\n|move|p1a: Sinistcha|Trick Room|p1a: Sinistcha\n|-fieldstart|move: Trick Room|[of] p1a: Sinistcha\n|\n|upkeep\n|turn|2\n|inactive|IsuckHams has 30 seconds left.\n|inactive|IsuckHams has 20 seconds left.\n|\n|t:|1700031200\n|switch|p1a: Ursaluna|Ursaluna-Bloodmoon, L50, M|100\/100\n|move|p1b: Glastrier|Stomping Tantrum|p2a: Iron Hands\n|-supereffective|p2a: Iron Hands\n|-damage|p2a: Iron Hands|25\/100\n|move|p2a: Iron Hands|Drain Punch|p1b: Glastrier\n|-supereffective|p1b: Glastrier\n|-damage|p1b: Glastrier|35\/100\n|-heal|p2a: Iron Hands|47\/100|[from] drain|[of] p1b: Glastrier\n|move|p2b: Oranguru|Instruct|p2a: Iron Hands\n|-singleturn|p2a: Iron Hands|move: Instruct|[of] p2b: Oranguru\n|move|p2a: Iron Hands|Drain Punch|p1b: Glastrier\n|-supereffective|p1b: Glastrier\n|-damage|p1b: Glastrier|0 fnt\n|-heal|p2a: Iron Hands|61\/100|[from] drain|[of] p1b: Glastrier\n|faint|p1b: Glastrier\n|\n|upkeep\n|\n|t:|1700031217\n|switch|p1b: Sinistcha|Sinistcha-Masterpiece, L50|100\/100\n|turn|3\n|inactive|IsuckHams has 30 seconds left.\n|\n|t:|1700031242\n|move|p1b: Sinistcha|Rage Powder|p1b: Sinistcha\n|-singleturn|p1b: Sinistcha|move: Rage Powder\n|move|p2a: Iron Hands|Drain Punch|p1b: Sinistcha\n|-immune|p1b: Sinistcha\n|move|p1a: Ursaluna|Hyper Voice|p2a: Iron Hands|[spread] p2a,p2b\n|-damage|p2a: Iron Hands|44\/100\n|-damage|p2b: Oranguru|76\/100\n|-enditem|p1a: Ursaluna|Throat Spray\n|-boost|p1a: Ursaluna|spa|1|[from] item: Throat Spray\n|move|p2b: Oranguru|Yawn|p1b: Sinistcha\n|-start|p1b: Sinistcha|move: Yawn|[of] p2b: Oranguru\n|\n|upkeep\n|turn|4\n|inactive|IsuckHams has 30 seconds left.\n|\n|t:|1700031271\n|move|p1b: Sinistcha|Rage Powder|p1b: Sinistcha\n|-singleturn|p1b: Sinistcha|move: Rage Powder\n|move|p2a: Iron Hands|Drain Punch|p1b: Sinistcha\n|-immune|p1b: Sinistcha\n|move|p1a: Ursaluna|Blood Moon|p2a: Iron Hands\n|-crit|p2a: Iron Hands\n|-damage|p2a: Iron Hands|0 fnt\n|faint|p2a: Iron Hands\n|-end|p2a: Iron Hands|Quark Drive|[silent]\n|move|p2b: Oranguru|Future Sight|p1b: Sinistcha\n|-start|p2b: Oranguru|move: Future Sight\n|\n|-end|p1b: Sinistcha|move: Yawn|[silent]\n|-status|p1b: Sinistcha|slp\n|upkeep\n|\n|t:|1700031286\n|switch|p2a: Urshifu|Urshifu-Rapid-Strike, L50, F|100\/100\n|turn|5\n|\n|t:|1700031304\n|switch|p1b: Ogerpon|Ogerpon-Wellspring, L50, F|100\/100\n|switch|p2a: Arcanine|Arcanine-Hisui, L50, M|100\/100\n|-ability|p2a: Arcanine|Intimidate|boost\n|-unboost|p1a: Ursaluna|atk|1\n|-unboost|p1b: Ogerpon|atk|1\n|move|p1a: Ursaluna|Earth Power|p2a: Arcanine\n|-supereffective|p2a: Arcanine\n|-damage|p2a: Arcanine|0 fnt\n|faint|p2a: Arcanine\n|move|p2b: Oranguru|Yawn|p1a: Ursaluna\n|-start|p1a: Ursaluna|move: Yawn|[of] p2b: Oranguru\n|\n|-fieldend|move: Trick Room\n|upkeep\n|\n|t:|1700031314\n|switch|p2a: Urshifu|Urshifu-Rapid-Strike, L50, F|100\/100\n|turn|6\n|inactive|IsuckHams has 30 seconds left.\n|inactive|IsuckHams has 20 seconds left.\n|\n|t:|1700031351\n|-terastallize|p2a: Urshifu|Water\n|move|p2a: Urshifu|Aqua Jet|p1a: Ursaluna\n|-supereffective|p1a: Ursaluna\n|-damage|p1a: Ursaluna|37\/100\n|move|p1b: Ogerpon|Wood Hammer|p2a: Urshifu\n|-supereffective|p2a: Urshifu\n|-damage|p2a: Urshifu|3\/100\n|-damage|p1b: Ogerpon|64\/100|[from] Recoil\n|move|p2b: Oranguru|Future Sight|p1a: Ursaluna\n|-start|p2b: Oranguru|move: Future Sight\n|move|p1a: Ursaluna|Blood Moon|p2a: Urshifu\n|-damage|p2a: Urshifu|0 fnt\n|faint|p2a: Urshifu\n|\n|-end|p1b: Ogerpon|move: Future Sight\n|-damage|p1b: Ogerpon|13\/100\n|-end|p1a: Ursaluna|move: Yawn|[silent]\n|-status|p1a: Ursaluna|slp\n|upkeep\n|turn|7\n|inactive|IsuckHams has 30 seconds left.\n|\n|t:|1700031378\n|switch|p1a: Sinistcha|Sinistcha-Masterpiece, L50|100\/100 slp\n|-heal|p1b: Ogerpon|38\/100|[from] ability: Hospitality|[of] p1a: Sinistcha\n|-terastallize|p1b: Ogerpon|Water\n|detailschange|p1b: Ogerpon|Ogerpon-Wellspring-Tera, L50, F, tera:Water\n|-ability|p1b: Ogerpon|Embody Aspect (Wellspring)|boost\n|-boost|p1b: Ogerpon|spd|1\n|move|p1b: Ogerpon|Ivy Cudgel|p2b: Oranguru|[anim] Ivy Cudgel Water\n|-damage|p2b: Oranguru|13\/100\n|move|p2b: Oranguru|Future Sight||[still]\n|-fail|p2b: Oranguru\n|\n|upkeep\n|turn|8\n|-message|IsuckHams forfeited.\n|\n|win|ashnarsis\n|raw|ashnarsis's rating: 1104 &rarr; <strong>1122<\/strong><br \/>(+18 for winning)\n|raw|IsuckHams's rating: 1011 &rarr; <strong>1002<\/strong><br \/>(-9 for losing)\n|l|\u2606IsuckHams\n","uploadtime":1700031397,"views":12,"p1id":"ashnarsis","p2id":"isuckhams","formatid":"gen9vgc2023regulatione","rating":1002,"private":0,"password":""}