{"id":"gen9vgc2023regulatione-1995452377","p1":"munro2go","p2":"luk29powavgcwp","format":"[Gen 9] VGC 2023 Regulation E","log":"|j|\u2606munro2go\n|j|\u2606luk29powavgcwp\n|t:|1700572447\n|gametype|doubles\n|player|p1|munro2go|firebreather|1149\n|player|p2|luk29powavgcwp|102|1113\n|teamsize|p1|6\n|teamsize|p2|6\n|gen|9\n|tier|[Gen 9] VGC 2023 Regulation E\n|rated|\n|rule|Species Clause: Limit one of each Pok\u00e9mon\n|rule|Item Clause: Limit one of each item\n|clearpoke\n|poke|p1|Annihilape, L50, M|\n|poke|p1|Maushold-Four, L50|\n|poke|p1|Ting-Lu, L50|\n|poke|p1|Flutter Mane, L50|\n|poke|p1|Chien-Pao, L50|\n|poke|p1|Dragonite, L50, F|\n|poke|p2|Grimmsnarl, L50, M|\n|poke|p2|Okidogi, L50, M|\n|poke|p2|Flutter Mane, L50|\n|poke|p2|Urshifu-*, L50, M|\n|poke|p2|Ogerpon-Hearthflame, L50, F|\n|poke|p2|Arcanine-Hisui, L50, M|\n|teampreview|4\n|\n|t:|1700572483\n|start\n|switch|p1a: Le Monk >:)|Annihilape, L50, M|100\/100\n|switch|p1b: NobodyLikesYou|Maushold-Four, L50|100\/100\n|switch|p2a: Okidogi|Okidogi, L50, M|100\/100\n|switch|p2b: Urshifu|Urshifu-Rapid-Strike, L50, M|100\/100\n|turn|1\n|\n|t:|1700572522\n|move|p2b: Urshifu|Surging Strikes|p1b: NobodyLikesYou\n|-crit|p1b: NobodyLikesYou\n|-damage|p1b: NobodyLikesYou|78\/100\n|-crit|p1b: NobodyLikesYou\n|-damage|p1b: NobodyLikesYou|54\/100\n|-crit|p1b: NobodyLikesYou\n|-damage|p1b: NobodyLikesYou|30\/100\n|-hitcount|p1b: NobodyLikesYou|3\n|move|p1b: NobodyLikesYou|Beat Up|p1a: Le Monk >:)\n|-damage|p1a: Le Monk >:)|98\/100\n|-damage|p1a: Le Monk >:)|96\/100\n|-damage|p1a: Le Monk >:)|94\/100\n|-damage|p1a: Le Monk >:)|92\/100\n|-hitcount|p1a: Le Monk >:)|4\n|move|p1a: Le Monk >:)|Rage Fist|p2b: Urshifu\n|-damage|p2b: Urshifu|4\/100\n|move|p2a: Okidogi|Bulk Up|p2a: Okidogi\n|-boost|p2a: Okidogi|atk|1\n|-boost|p2a: Okidogi|def|1\n|\n|-heal|p1a: Le Monk >:)|98\/100|[from] item: Leftovers\n|upkeep\n|turn|2\n|\n|t:|1700572558\n|move|p1b: NobodyLikesYou|Protect|p1b: NobodyLikesYou\n|-singleturn|p1b: NobodyLikesYou|Protect\n|move|p2b: Urshifu|Surging Strikes|p1b: NobodyLikesYou\n|-crit|p1b: NobodyLikesYou\n|-damage|p1b: NobodyLikesYou|8\/100\n|-crit|p1b: NobodyLikesYou\n|-damage|p1b: NobodyLikesYou|0 fnt\n|faint|p1b: NobodyLikesYou\n|-hitcount|p1: NobodyLikesYou|2\n|move|p1a: Le Monk >:)|Rage Fist|p2a: Okidogi\n|-damage|p2a: Okidogi|44\/100\n|move|p2a: Okidogi|Knock Off|p1a: Le Monk >:)\n|-crit|p1a: Le Monk >:)\n|-damage|p1a: Le Monk >:)|17\/100\n|-enditem|p1a: Le Monk >:)|Leftovers|[from] move: Knock Off|[of] p2a: Okidogi\n|\n|-heal|p2a: Okidogi|50\/100|[from] item: Leftovers\n|upkeep\n|\n|t:|1700572574\n|switch|p1b: Espeed|Dragonite, L50, F, shiny|100\/100\n|turn|3\n|\n|t:|1700572605\n|-terastallize|p1b: Espeed|Normal\n|move|p1b: Espeed|Extreme Speed|p2b: Urshifu\n|-damage|p2b: Urshifu|0 fnt\n|faint|p2b: Urshifu\n|move|p1a: Le Monk >:)|Rage Fist|p2a: Okidogi\n|-damage|p2a: Okidogi|0 fnt\n|faint|p2a: Okidogi\n|\n|upkeep\n|\n|t:|1700572619\n|switch|p2b: Ogerpon|Ogerpon-Hearthflame, L50, F|100\/100\n|switch|p2a: Flutter Mane|Flutter Mane, L50|100\/100\n|-ability|p2b: Ogerpon|Mold Breaker\n|turn|4\n|\n|t:|1700572658\n|move|p1a: Le Monk >:)|Protect|p1a: Le Monk >:)\n|-singleturn|p1a: Le Monk >:)|Protect\n|move|p1b: Espeed|Extreme Speed|p2b: Ogerpon\n|-damage|p2b: Ogerpon|16\/100\n|move|p2a: Flutter Mane|Dazzling Gleam|p1a: Le Monk >:)|[spread] p1b\n|-activate|p1a: Le Monk >:)|move: Protect\n|-damage|p1b: Espeed|80\/100\n|move|p2b: Ogerpon|Horn Leech|p1b: Espeed\n|-crit|p1b: Espeed\n|-damage|p1b: Espeed|9\/100\n|-heal|p2b: Ogerpon|54\/100|[from] drain|[of] p1b: Espeed\n|\n|upkeep\n|turn|5\n|\n|t:|1700572675\n|move|p2b: Ogerpon|Spiky Shield|p2b: Ogerpon\n|-singleturn|p2b: Ogerpon|move: Protect\n|move|p1b: Espeed|Extreme Speed|p2b: Ogerpon\n|-activate|p2b: Ogerpon|move: Protect\n|-damage|p1b: Espeed|0 fnt|[from] Spiky Shield|[of] p2b: Ogerpon\n|faint|p1b: Espeed\n|move|p2a: Flutter Mane|Dazzling Gleam|p1a: Le Monk >:)\n|-supereffective|p1a: Le Monk >:)\n|-damage|p1a: Le Monk >:)|0 fnt\n|faint|p1a: Le Monk >:)\n|\n|upkeep\n|inactive|Battle timer is ON: inactive players will automatically lose when time's up. (requested by luk29powavgcwp)\n|\n|t:|1700572705\n|switch|p1a: Final Boss|Ting-Lu, L50|100\/100\n|-ability|p1a: Final Boss|Vessel of Ruin\n|turn|6\n|\n|t:|1700572722\n|move|p2a: Flutter Mane|Dazzling Gleam|p1a: Final Boss\n|-supereffective|p1a: Final Boss\n|-damage|p1a: Final Boss|58\/100\n|move|p2b: Ogerpon|Horn Leech|p1a: Final Boss\n|-supereffective|p1a: Final Boss\n|-damage|p1a: Final Boss|10\/100\n|-heal|p2b: Ogerpon|87\/100|[from] drain|[of] p1a: Final Boss\n|move|p1a: Final Boss|Stomping Tantrum|p2b: Ogerpon\n|-damage|p2b: Ogerpon|52\/100\n|\n|upkeep\n|turn|7\n|\n|t:|1700572736\n|move|p2b: Ogerpon|Spiky Shield|p2b: Ogerpon\n|-singleturn|p2b: Ogerpon|move: Protect\n|move|p2a: Flutter Mane|Dazzling Gleam|p1a: Final Boss\n|-supereffective|p1a: Final Boss\n|-damage|p1a: Final Boss|0 fnt\n|faint|p1a: Final Boss\n|\n|win|luk29powavgcwp\n|raw|munro2go's rating: 1149 &rarr; <strong>1121<\/strong><br \/>(-28 for losing)\n|raw|luk29powavgcwp's rating: 1113 &rarr; <strong>1141<\/strong><br \/>(+28 for winning)\n","uploadtime":1700572748,"views":8,"p1id":"munro2go","p2id":"luk29powavgcwp","formatid":"gen9vgc2023regulatione","rating":1121,"private":0,"password":""}