{"id":"gen9vgc2023regulatione-1999903773","p1":"Koyigmsh","p2":"lvargas01","format":"[Gen 9] VGC 2023 Regulation E","log":"|j|\u2606Koyigmsh\n|j|\u2606lvargas01\n|n|\u2606Koyigmsh|koyigmsh\n|n|\u2606lvargas01|lvargas01\n|html|View the match progress at <a href=\"\/game-bestof3-gen9vgc2023regulatione-1999903772\">game-bestof3-gen9vgc2023regulatione-1999903772<\/a>\n|t:|1701128298\n|gametype|doubles\n|player|p1|Koyigmsh|cheren-gen5bw2|\n|player|p2|lvargas01|gambler|\n|teamsize|p1|6\n|teamsize|p2|6\n|gen|9\n|tier|[Gen 9] VGC 2023 Regulation E\n|rule|Species Clause: Limit one of each Pok\u00e9mon\n|rule|Item Clause: Limit one of each item\n|clearpoke\n|poke|p1|Flutter Mane, L50|\n|poke|p1|Landorus-Therian, L50, M|\n|poke|p1|Tornadus, L50, M|\n|poke|p1|Urshifu-*, L50, F|\n|poke|p1|Empoleon, L50, F|\n|poke|p1|Rillaboom, L50, F|\n|poke|p2|Kingambit, L50, F|\n|poke|p2|Ogerpon-Wellspring, L50, F|\n|poke|p2|Landorus-Therian, L50, M|\n|poke|p2|Iron Hands, L50|\n|poke|p2|Flutter Mane, L50|\n|poke|p2|Chi-Yu, L50|\n|teampreview|4\n|inactive|Battle timer is ON: inactive players will automatically lose when time's up. (requested by lvargas01)\nlvargas01 has agreed to open team sheets.\nKoyigmsh has agreed to open team sheets.\n|showteam|p1|Flutter Mane||ChoiceSpecs|Protosynthesis|ShadowBall,Moonblast,DazzlingGleam,Thunderbolt||||||50|,,,,,Fairy]Landorus-Therian||SitrusBerry|Intimidate|StompingTantrum,TeraBlast,RockSlide,Protect|||M|||50|,,,,,Flying]Tornadus||RockyHelmet|Prankster|BleakwindStorm,Taunt,RainDance,Tailwind|||M|||50|,,,,,Ghost]Urshifu-Rapid-Strike||MysticWater|UnseenFist|SurgingStrikes,CloseCombat,AquaJet,Detect|||F|||50|,,,,,Water]Empoleon||Leftovers|Competitive|FlashCannon,IcyWind,Yawn,Protect|||F|||50|,,,,,Fairy]Rillaboom||MiracleSeed|GrassySurge|WoodHammer,GrassyGlide,FakeOut,Protect|||F|||50|,,,,,Fire\n|showteam|p2|Kingambit||BlackGlasses|Defiant|Protect,KowtowCleave,SuckerPunch,SwordsDance|||F|||50|,,,,,Poison]Ogerpon-Wellspring||WellspringMask|WaterAbsorb|SpikyShield,IvyCudgel,WoodHammer,FollowMe|||F|||50|,,,,,Water]Landorus-Therian||ChoiceScarf|Intimidate|StompingTantrum,TeraBlast,RockSlide,Uturn|||M|||50|,,,,,Flying]Iron Hands||AssaultVest|QuarkDrive|DrainPunch,WildCharge,FakeOut,HeavySlam||||||50|,,,,,Grass]Flutter Mane||BoosterEnergy|Protosynthesis|Moonblast,DazzlingGleam,ShadowBall,Protect||||||50|,,,,,Fairy]Chi-Yu||FocusSash|BeadsofRuin|HeatWave,DarkPulse,Overheat,Protect||||||50|,,,,,Fire\n|inactive|Koyigmsh has 30 seconds left.\n|inactive|lvargas01 has 30 seconds left.\n|inactive|Koyigmsh has 20 seconds left.\n|\n|t:|1701128349\n|start\n|switch|p1a: Tornadus|Tornadus, L50, M|100\/100\n|switch|p1b: Landorus|Landorus-Therian, L50, M|100\/100\n|switch|p2a: Iron Hands|Iron Hands, L50|100\/100\n|switch|p2b: Landorus|Landorus-Therian, L50, M|100\/100\n|-ability|p2b: Landorus|Intimidate|boost\n|-unboost|p1a: Tornadus|atk|1\n|-unboost|p1b: Landorus|atk|1\n|-ability|p1b: Landorus|Intimidate|boost\n|-unboost|p2a: Iron Hands|atk|1\n|-unboost|p2b: Landorus|atk|1\n|turn|1\n|inactive|Koyigmsh has 30 seconds left.\n|inactive|lvargas01 has 30 seconds left.\n|inactive|Koyigmsh has 20 seconds left.\n|inactive|lvargas01 has 20 seconds left.\n|inactive|lvargas01 has 15 seconds left.\n|\n|t:|1701128399\n|move|p1a: Tornadus|Tailwind|p1a: Tornadus\n|-sidestart|p1: Koyigmsh|move: Tailwind\n|move|p1b: Landorus|Rock Slide|p2b: Landorus|[spread] p2a\n|-miss|p1b: Landorus|p2b: Landorus\n|-resisted|p2a: Iron Hands\n|-damage|p2a: Iron Hands|95\/100\n|move|p2b: Landorus|Rock Slide|p1b: Landorus|[spread] p1a,p1b\n|-supereffective|p1a: Tornadus\n|-damage|p1a: Tornadus|74\/100\n|-damage|p1b: Landorus|85\/100\n|move|p2a: Iron Hands|Wild Charge|p1a: Tornadus\n|-supereffective|p1a: Tornadus\n|-damage|p1a: Tornadus|14\/100\n|-damage|p2a: Iron Hands|79\/100|[from] item: Rocky Helmet|[of] p1a: Tornadus\n|-damage|p2a: Iron Hands|67\/100|[from] Recoil\n|\n|upkeep\n|turn|2\n|inactive|Koyigmsh has 30 seconds left.\n|inactive|Koyigmsh has 20 seconds left.\n|\n|t:|1701128439\n|move|p1a: Tornadus|Bleakwind Storm|p2a: Iron Hands|[spread] p2a,p2b\n|-damage|p2a: Iron Hands|50\/100\n|-damage|p2b: Landorus|68\/100\n|move|p1b: Landorus|Stomping Tantrum|p2a: Iron Hands\n|-supereffective|p2a: Iron Hands\n|-damage|p2a: Iron Hands|12\/100\n|move|p2b: Landorus|Rock Slide|p1b: Landorus|[spread] p1a,p1b\n|-supereffective|p1a: Tornadus\n|-damage|p1a: Tornadus|0 fnt\n|-damage|p1b: Landorus|70\/100\n|faint|p1a: Tornadus\n|move|p2a: Iron Hands|Drain Punch|p1b: Landorus\n|-resisted|p1b: Landorus\n|-damage|p1b: Landorus|56\/100\n|-heal|p2a: Iron Hands|18\/100|[from] drain|[of] p1b: Landorus\n|\n|upkeep\n|\n|t:|1701128456\n|switch|p1a: Urshifu|Urshifu-Rapid-Strike, L50, F|100\/100\n|turn|3\n|\n|t:|1701128473\n|-terastallize|p1a: Urshifu|Water\n|move|p1a: Urshifu|Aqua Jet|p2a: Iron Hands\n|-damage|p2a: Iron Hands|0 fnt\n|faint|p2a: Iron Hands\n|-end|p2a: Iron Hands|Quark Drive|[silent]\n|move|p1b: Landorus|Rock Slide|p2b: Landorus\n|-damage|p2b: Landorus|46\/100\n|move|p2b: Landorus|Rock Slide|p1b: Landorus|[spread] p1a,p1b\n|-damage|p1a: Urshifu|87\/100\n|-damage|p1b: Landorus|40\/100\n|-enditem|p1b: Landorus|Sitrus Berry|[eat]\n|-heal|p1b: Landorus|65\/100|[from] item: Sitrus Berry\n|\n|upkeep\n|\n|t:|1701128486\n|switch|p2a: Flutter Mane|Flutter Mane, L50|100\/100\n|-enditem|p2a: Flutter Mane|Booster Energy\n|-activate|p2a: Flutter Mane|ability: Protosynthesis|[fromitem]\n|-start|p2a: Flutter Mane|protosynthesisspe\n|turn|4\n|\n|t:|1701128510\n|switch|p1a: Empoleon|Empoleon, L50, F|100\/100\n|switch|p2b: Chi-Yu|Chi-Yu, L50|100\/100\n|-ability|p2b: Chi-Yu|Beads of Ruin\n|-terastallize|p2a: Flutter Mane|Fairy\n|move|p1b: Landorus|Rock Slide|p2b: Chi-Yu|[spread] p2a,p2b\n|-supereffective|p2b: Chi-Yu\n|-damage|p2a: Flutter Mane|77\/100\n|-damage|p2b: Chi-Yu|53\/100\n|move|p2a: Flutter Mane|Dazzling Gleam|p1a: Empoleon|[spread] p1a,p1b\n|-resisted|p1a: Empoleon\n|-damage|p1a: Empoleon|76\/100\n|-damage|p1b: Landorus|0 fnt\n|faint|p1b: Landorus\n|\n|-heal|p1a: Empoleon|82\/100|[from] item: Leftovers\n|-sideend|p1: Koyigmsh|move: Tailwind\n|upkeep\n|\n|t:|1701128530\n|switch|p1b: Urshifu|Urshifu-Rapid-Strike, L50, F, tera:Water|87\/100\n|turn|5\n|\n|t:|1701128544\n|move|p1b: Urshifu|Detect|p1b: Urshifu\n|-singleturn|p1b: Urshifu|Protect\n|move|p2a: Flutter Mane|Dazzling Gleam|p1b: Urshifu|[spread] p1a\n|-activate|p1b: Urshifu|move: Protect\n|-resisted|p1a: Empoleon\n|-damage|p1a: Empoleon|57\/100\n|move|p2b: Chi-Yu|Dark Pulse|p1b: Urshifu\n|-activate|p1b: Urshifu|move: Protect\n|move|p1a: Empoleon|Icy Wind|p2a: Flutter Mane|[spread] p2a,p2b\n|-resisted|p2b: Chi-Yu\n|-damage|p2a: Flutter Mane|61\/100\n|-damage|p2b: Chi-Yu|46\/100\n|-unboost|p2a: Flutter Mane|spe|1\n|-unboost|p2b: Chi-Yu|spe|1\n|\n|-heal|p1a: Empoleon|63\/100|[from] item: Leftovers\n|upkeep\n|turn|6\n|\n|t:|1701128567\n|move|p2a: Flutter Mane|Moonblast|p1b: Urshifu\n|-damage|p1b: Urshifu|0 fnt\n|faint|p1b: Urshifu\n|move|p2b: Chi-Yu|Dark Pulse|p1a: Empoleon\n|-damage|p1a: Empoleon|11\/100\n|move|p1a: Empoleon|Flash Cannon|p2a: Flutter Mane\n|-supereffective|p2a: Flutter Mane\n|-damage|p2a: Flutter Mane|0 fnt\n|faint|p2a: Flutter Mane\n|-end|p2a: Flutter Mane|Protosynthesis|[silent]\n|\n|-heal|p1a: Empoleon|17\/100|[from] item: Leftovers\n|upkeep\n|\n|t:|1701128574\n|switch|p2a: Landorus|Landorus-Therian, L50, M|46\/100\n|-ability|p2a: Landorus|Intimidate|boost\n|-unboost|p1a: Empoleon|atk|1\n|-ability|p1a: Empoleon|Competitive|boost\n|-boost|p1a: Empoleon|spa|2\n|turn|7\n|\n|t:|1701128585\n|move|p2b: Chi-Yu|Protect|p2b: Chi-Yu\n|-singleturn|p2b: Chi-Yu|Protect\n|move|p1a: Empoleon|Protect|p1a: Empoleon\n|-singleturn|p1a: Empoleon|Protect\n|move|p2a: Landorus|Stomping Tantrum|p1a: Empoleon\n|-activate|p1a: Empoleon|move: Protect\n|\n|-heal|p1a: Empoleon|22\/100|[from] item: Leftovers\n|upkeep\n|turn|8\n|\n|t:|1701128600\n|move|p2a: Landorus|Stomping Tantrum|p1a: Empoleon\n|-supereffective|p1a: Empoleon\n|-damage|p1a: Empoleon|0 fnt\n|faint|p1a: Empoleon\n|\n|win|lvargas01\n|c|&|\/uhtml prompt-lvargas01,lvargas01 is ready for game 2!\n|c|&|\/uhtml prompt-koyigmsh,Koyigmsh is ready for game 2!\nBoth players are ready! Starting next match!\n|l|\u2606Koyigmsh\n","uploadtime":1701129425,"views":3,"p1id":"koyigmsh","p2id":"lvargas01","formatid":"gen9vgc2023regulatione","rating":0,"private":0,"password":""}