{"id":"gen9vgc2023regulatione-1990027241","p1":"Kindacompetitive","p2":"ChocccccyMilkMafia","format":"[Gen 9] VGC 2023 Regulation E","log":"|j|\u203dKindacompetitive\n|j|\u2606ChocccccyMilkMafia\n|t:|1699916790\n|gametype|doubles\n|player|p1|Kindacompetitive|medium|1127\n|player|p2|ChocccccyMilkMafia|ingo|1073\n|teamsize|p1|6\n|teamsize|p2|6\n|gen|9\n|tier|[Gen 9] VGC 2023 Regulation E\n|rated|\n|rule|Species Clause: Limit one of each Pok\u00e9mon\n|rule|Item Clause: Limit one of each item\n|clearpoke\n|poke|p1|Iron Hands, L50|\n|poke|p1|Torkoal, L50, F|\n|poke|p1|Wyrdeer, L50, F|\n|poke|p1|Amoonguss, L50, M|\n|poke|p1|Slither Wing, L50|\n|poke|p1|Mimikyu, L50, F|\n|poke|p2|Farigiraf, L50, M|\n|poke|p2|Kingambit, L50, M|\n|poke|p2|Kommo-o, L50, M|\n|poke|p2|Sinistcha, L50|\n|poke|p2|Fezandipiti, L50, M|\n|poke|p2|Ninetales-Alola, L50, M|\n|teampreview|4\n|\n|t:|1699916830\n|start\n|switch|p1a: Torkoal|Torkoal, L50, F|100\/100\n|switch|p1b: Mimikyu|Mimikyu, L50, F|100\/100\n|switch|p2a: Fezandipiti|Fezandipiti, L50, M|100\/100\n|switch|p2b: Kommo-o|Kommo-o, L50, M|100\/100\n|-weather|SunnyDay|[from] ability: Drought|[of] p1a: Torkoal\n|turn|1\n|\n|t:|1699916849\n|-terastallize|p2b: Kommo-o|Ghost\n|move|p1a: Torkoal|Protect|p1a: Torkoal\n|-singleturn|p1a: Torkoal|Protect\n|move|p2a: Fezandipiti|Air Slash|p1b: Mimikyu\n|-activate|p1b: Mimikyu|ability: Disguise\n|-damage|p1b: Mimikyu|100\/100\n|detailschange|p1b: Mimikyu|Mimikyu-Busted, L50, F\n|-damage|p1b: Mimikyu|88\/100|[from] pokemon: Mimikyu-Busted\n|move|p2b: Kommo-o|Clangorous Soul|p2b: Kommo-o\n|-boost|p2b: Kommo-o|atk|1\n|-boost|p2b: Kommo-o|def|1\n|-boost|p2b: Kommo-o|spa|1\n|-boost|p2b: Kommo-o|spd|1\n|-boost|p2b: Kommo-o|spe|1\n|-damage|p2b: Kommo-o|68\/100\n|move|p1b: Mimikyu|Trick Room|p1b: Mimikyu\n|-fieldstart|move: Trick Room|[of] p1b: Mimikyu\n|\n|-weather|SunnyDay|[upkeep]\n|upkeep\n|turn|2\n|\n|t:|1699916880\n|-terastallize|p1a: Torkoal|Fire\n|move|p2b: Kommo-o|Protect|p2b: Kommo-o\n|-singleturn|p2b: Kommo-o|Protect\n|move|p1b: Mimikyu|Shadow Sneak|p2b: Kommo-o\n|-activate|p2b: Kommo-o|move: Protect\n|move|p1a: Torkoal|Eruption|p2b: Kommo-o|[spread] p2a\n|-activate|p2b: Kommo-o|move: Protect\n|-damage|p2a: Fezandipiti|41\/100\n|-enditem|p2a: Fezandipiti|Sitrus Berry|[eat]\n|-heal|p2a: Fezandipiti|66\/100|[from] item: Sitrus Berry\n|move|p2a: Fezandipiti|Air Slash|p1a: Torkoal\n|-damage|p1a: Torkoal|83\/100\n|\n|-weather|SunnyDay|[upkeep]\n|upkeep\n|turn|3\n|\n|t:|1699916904\n|move|p1b: Mimikyu|Shadow Sneak|p2b: Kommo-o\n|-supereffective|p2b: Kommo-o\n|-damage|p2b: Kommo-o|50\/100\n|-damage|p1b: Mimikyu|78\/100|[from] item: Life Orb\n|move|p1a: Torkoal|Eruption|p2b: Kommo-o|[spread] p2a,p2b\n|-damage|p2a: Fezandipiti|19\/100\n|-damage|p2b: Kommo-o|4\/100\n|-enditem|p2b: Kommo-o|Aguav Berry|[eat]\n|-heal|p2b: Kommo-o|37\/100|[from] item: Aguav Berry\n|move|p2a: Fezandipiti|Icy Wind|p1a: Torkoal|[spread] p1a,p1b\n|-resisted|p1a: Torkoal\n|-damage|p1a: Torkoal|78\/100\n|-damage|p1b: Mimikyu|73\/100\n|-unboost|p1a: Torkoal|spe|1\n|-unboost|p1b: Mimikyu|spe|1\n|-status|p1a: Torkoal|tox|[from] ability: Toxic Chain|[of] p2a: Fezandipiti\n|move|p2b: Kommo-o|Drain Punch|p1a: Torkoal\n|-damage|p1a: Torkoal|43\/100 tox\n|-heal|p2b: Kommo-o|55\/100|[from] drain|[of] p1a: Torkoal\n|\n|-weather|SunnyDay|[upkeep]\n|-damage|p1a: Torkoal|37\/100 tox|[from] psn\n|upkeep\n|turn|4\n|\n|t:|1699916942\n|move|p2b: Kommo-o|Protect|p2b: Kommo-o\n|-singleturn|p2b: Kommo-o|Protect\n|move|p1b: Mimikyu|Shadow Sneak|p2b: Kommo-o\n|-activate|p2b: Kommo-o|move: Protect\n|move|p1a: Torkoal|Eruption|p2b: Kommo-o|[spread] p2a\n|-activate|p2b: Kommo-o|move: Protect\n|-damage|p2a: Fezandipiti|0 fnt\n|faint|p2a: Fezandipiti\n|\n|-weather|SunnyDay|[upkeep]\n|-damage|p1a: Torkoal|24\/100 tox|[from] psn\n|upkeep\n|\n|t:|1699916960\n|switch|p2a: Kingambit|Kingambit, L50, M|100\/100\n|turn|5\n|inactive|Battle timer is ON: inactive players will automatically lose when time's up. (requested by Kindacompetitive)\n|\n|t:|1699916969\n|move|p1a: Torkoal|Protect|p1a: Torkoal\n|-singleturn|p1a: Torkoal|Protect\n|move|p2a: Kingambit|Sucker Punch||[still]\n|-fail|p2a: Kingambit\n|move|p1b: Mimikyu|Will-O-Wisp|p2a: Kingambit\n|-status|p2a: Kingambit|brn\n|move|p2b: Kommo-o|Shadow Claw|p1b: Mimikyu\n|-supereffective|p1b: Mimikyu\n|-damage|p1b: Mimikyu|0 fnt\n|faint|p1b: Mimikyu\n|\n|-weather|none\n|-damage|p1a: Torkoal|6\/100 tox|[from] psn\n|-damage|p2a: Kingambit|95\/100 brn|[from] brn\n|-fieldend|move: Trick Room\n|upkeep\n|\n|t:|1699916985\n|switch|p1b: Iron Hands|Iron Hands, L50|100\/100\n|turn|6\n|\n|t:|1699917007\n|switch|p2a: Sinistcha|Sinistcha, L50|100\/100\n|-heal|p2b: Kommo-o|80\/100|[from] ability: Hospitality|[of] p2a: Sinistcha\n|move|p1b: Iron Hands|Fake Out|p2a: Sinistcha\n|-immune|p2a: Sinistcha\n|move|p2b: Kommo-o|Clangorous Soul|p2b: Kommo-o\n|-boost|p2b: Kommo-o|atk|1\n|-boost|p2b: Kommo-o|def|1\n|-boost|p2b: Kommo-o|spa|1\n|-boost|p2b: Kommo-o|spd|1\n|-boost|p2b: Kommo-o|spe|1\n|-damage|p2b: Kommo-o|47\/100\n|move|p1a: Torkoal|Heat Wave|p2b: Kommo-o|[spread] p2a,p2b\n|-supereffective|p2a: Sinistcha\n|-enditem|p2a: Sinistcha|Occa Berry|[eat]\n|-enditem|p2a: Sinistcha|Occa Berry|[weaken]\n|-damage|p2a: Sinistcha|59\/100\n|-damage|p2b: Kommo-o|30\/100\n|\n|-damage|p1a: Torkoal|0 fnt|[from] psn\n|faint|p1a: Torkoal\n|upkeep\n|\n|t:|1699917024\n|switch|p1a: Slither Wing|Slither Wing, L50|100\/100\n|-enditem|p1a: Slither Wing|Booster Energy\n|-activate|p1a: Slither Wing|ability: Protosynthesis|[fromitem]\n|-start|p1a: Slither Wing|protosynthesisatk\n|turn|7\n|inactive|Kindacompetitive has 30 seconds left.\n|\n|t:|1699917055\n|move|p1a: Slither Wing|First Impression|p2a: Sinistcha\n|-damage|p2a: Sinistcha|4\/100\n|move|p2b: Kommo-o|Drain Punch|p1b: Iron Hands\n|-damage|p1b: Iron Hands|58\/100\n|-heal|p2b: Kommo-o|61\/100|[from] drain|[of] p1b: Iron Hands\n|move|p2a: Sinistcha|Strength Sap|p1a: Slither Wing\n|-unboost|p1a: Slither Wing|atk|1\n|-heal|p2a: Sinistcha|100\/100\n|move|p1b: Iron Hands|Wild Charge|p2b: Kommo-o\n|-damage|p2b: Kommo-o|40\/100\n|-damage|p1b: Iron Hands|54\/100|[from] Recoil\n|\n|upkeep\n|turn|8\n|inactive|Kindacompetitive has 30 seconds left.\n|\n|t:|1699917080\n|move|p2b: Kommo-o|Drain Punch|p1b: Iron Hands\n|-damage|p1b: Iron Hands|10\/100\n|-heal|p2b: Kommo-o|71\/100|[from] drain|[of] p1b: Iron Hands\n|move|p1a: Slither Wing|Acrobatics|p2a: Sinistcha\n|-supereffective|p2a: Sinistcha\n|-damage|p2a: Sinistcha|44\/100\n|move|p2a: Sinistcha|Strength Sap|p1b: Iron Hands\n|-unboost|p1b: Iron Hands|atk|1\n|-heal|p2a: Sinistcha|100\/100\n|move|p1b: Iron Hands|Wild Charge|p2b: Kommo-o\n|-damage|p2b: Kommo-o|58\/100\n|-damage|p1b: Iron Hands|8\/100|[from] Recoil\n|\n|upkeep\n|turn|9\n|-message|Kindacompetitive forfeited.\n|\n|win|ChocccccyMilkMafia\n|raw|Kindacompetitive's rating: 1127 &rarr; <strong>1098<\/strong><br \/>(-29 for losing)\n|raw|ChocccccyMilkMafia's rating: 1073 &rarr; <strong>1107<\/strong><br \/>(+34 for winning)\n|l|\u203dKindacompetitive\n","uploadtime":1699917100,"views":22,"p1id":"kindacompetitive","p2id":"chocccccymilkmafia","formatid":"gen9vgc2023regulatione","rating":1098,"private":0,"password":""}