{"id":"gen9vgc2023regulatione-1992553551","p1":"ripasolo","p2":"kidturtle","format":"[Gen 9] VGC 2023 Regulation E","log":"|j|\u2606ripasolo\n|j|\u2606kidturtle\n|n|\u2606ripasolo|ripasolo\n|n|\u2606kidturtle|kidturtle\n|html|View the match progress at <a href=\"\/game-bestof3-gen9vgc2023regulatione-1992552634\">game-bestof3-gen9vgc2023regulatione-1992552634<\/a>\n|t:|1700204627\n|gametype|doubles\n|player|p1|ripasolo|101|\n|player|p2|kidturtle|hoopster|\n|teamsize|p1|6\n|teamsize|p2|6\n|gen|9\n|tier|[Gen 9] VGC 2023 Regulation E\n|rated|Tournament battle\n|rule|Species Clause: Limit one of each Pok\u00e9mon\n|rule|Item Clause: Limit one of each item\n|clearpoke\n|poke|p1|Urshifu-*, L50, M|\n|poke|p1|Flutter Mane, L50|\n|poke|p1|Tornadus, L50, M|\n|poke|p1|Arcanine-Hisui, L50, M|\n|poke|p1|Chien-Pao, L50|\n|poke|p1|Rillaboom, L50, M|\n|poke|p2|Ursaluna, L50, M|\n|poke|p2|Cresselia, L50, F|\n|poke|p2|Flutter Mane, L50|\n|poke|p2|Chi-Yu, L50|\n|poke|p2|Iron Hands, L50|\n|poke|p2|Urshifu-*, L50, M|\n|teampreview|4\n|showteam|p1|Urshifu-Rapid-Strike||ChoiceScarf|UnseenFist|SurgingStrikes,CloseCombat,AquaJet,Uturn|||M|||50|,,,,,Water]Flutter Mane||BoosterEnergy|Protosynthesis|Moonblast,ShadowBall,IcyWind,Protect||||||50|,,,,,Fairy]Tornadus||CovertCloak|Prankster|BleakwindStorm,Tailwind,Taunt,RainDance|||M|||50|,,,,,Dragon]Arcanine-Hisui||ChoiceBand|Intimidate|FlareBlitz,RockSlide,ExtremeSpeed,TeraBlast|||M|||50|,,,,,Fairy]Chien-Pao||FocusSash|SwordofRuin|SuckerPunch,IcicleCrash,Protect,SacredSword||||||50|,,,,,Ghost]Rillaboom||AssaultVest|GrassySurge|FakeOut,GrassyGlide,Uturn,HighHorsepower|||M|||50|,,,,,Fire\n|showteam|p2|Ursaluna||FlameOrb|Guts|Facade,Earthquake,SwordsDance,Protect|||M|||50|,,,,,Ghost]Cresselia||MentalHerb|Levitate|IceBeam,AllySwitch,LunarBlessing,TrickRoom|||F|||50|,,,,,Fairy]Flutter Mane||BoosterEnergy|Protosynthesis|IcyWind,ShadowBall,Moonblast,Protect||||||50|,,,,,Fairy]Chi-Yu||ChoiceSpecs|BeadsofRuin|BurningJealousy,DarkPulse,Overheat,Snarl||||||50|,,,,,Ghost]Iron Hands||SitrusBerry|QuarkDrive|DrainPunch,WildCharge,FakeOut,SwordsDance||||||50|,,,,,Fire]Urshifu||FocusSash|UnseenFist|Detect,WickedBlow,CloseCombat,SuckerPunch|||M|||50|,,,,,Dark\n|inactive|Battle timer is ON: inactive players will automatically lose when time's up. (requested by ripasolo)\n|inactive|kidturtle has 60 seconds left.\n|\n|t:|1700204669\n|start\n|switch|p1a: Rillaboom|Rillaboom, L50, M|100\/100\n|switch|p1b: Urshifu|Urshifu-Rapid-Strike, L50, M|100\/100\n|switch|p2a: Flutter Mane|Flutter Mane, L50, shiny|100\/100\n|switch|p2b: Chi-Yu|Chi-Yu, L50|100\/100\n|-ability|p2b: Chi-Yu|Beads of Ruin\n|-fieldstart|move: Grassy Terrain|[from] ability: Grassy Surge|[of] p1a: Rillaboom\n|-enditem|p2a: Flutter Mane|Booster Energy\n|-activate|p2a: Flutter Mane|ability: Protosynthesis|[fromitem]\n|-start|p2a: Flutter Mane|protosynthesisspe\n|turn|1\n|inactive|ripasolo has 30 seconds left.\n|inactive|kidturtle has 30 seconds left.\n|\n|t:|1700204698\n|-terastallize|p1b: Urshifu|Water\n|move|p1a: Rillaboom|Fake Out|p2b: Chi-Yu\n|-damage|p2b: Chi-Yu|78\/100\n|move|p2a: Flutter Mane|Moonblast|p1b: Urshifu\n|-damage|p1b: Urshifu|9\/100\n|move|p1b: Urshifu|Surging Strikes|p2a: Flutter Mane\n|-crit|p2a: Flutter Mane\n|-damage|p2a: Flutter Mane|40\/100\n|-crit|p2a: Flutter Mane\n|-damage|p2a: Flutter Mane|0 fnt\n|faint|p2a: Flutter Mane\n|-end|p2a: Flutter Mane|Protosynthesis|[silent]\n|-hitcount|p2: Flutter Mane|2\n|cant|p2b: Chi-Yu|flinch\n|\n|-heal|p1b: Urshifu|15\/100|[from] Grassy Terrain\n|-heal|p2b: Chi-Yu|84\/100|[from] Grassy Terrain\n|upkeep\n|\n|t:|1700204711\n|switch|p2a: Cresselia|Cresselia, L50, F|100\/100\n|turn|2\n|\n|t:|1700204725\n|move|p1b: Urshifu|Surging Strikes|p2b: Chi-Yu\n|-supereffective|p2b: Chi-Yu\n|-crit|p2b: Chi-Yu\n|-damage|p2b: Chi-Yu|0 fnt\n|faint|p2b: Chi-Yu\n|-hitcount|p2: Chi-Yu|1\n|move|p1a: Rillaboom|U-turn|p2a: Cresselia\n|-supereffective|p2a: Cresselia\n|-damage|p2a: Cresselia|68\/100\n|\n|t:|1700204739\n|switch|p1a: Flutter Mane|Flutter Mane, L50|100\/100|[from] U-turn\n|-enditem|p1a: Flutter Mane|Booster Energy\n|-activate|p1a: Flutter Mane|ability: Protosynthesis|[fromitem]\n|-start|p1a: Flutter Mane|protosynthesisspe\n|move|p2a: Cresselia|Trick Room|p2a: Cresselia\n|-fieldstart|move: Trick Room|[of] p2a: Cresselia\n|\n|-heal|p1b: Urshifu|21\/100|[from] Grassy Terrain\n|upkeep\n|\n|t:|1700204742\n|switch|p2b: Ursaluna|Ursaluna, L50, M|100\/100\n|turn|3\n|\n|t:|1700204773\n|switch|p1b: Rillaboom|Rillaboom, L50, M|100\/100\n|-end|p1a: Flutter Mane|Protosynthesis|[silent]\n|switch|p1a: Arcanine|Arcanine-Hisui, L50, M|100\/100\n|-ability|p1a: Arcanine|Intimidate|boost\n|-unboost|p2a: Cresselia|atk|1\n|-unboost|p2b: Ursaluna|atk|1\n|move|p2b: Ursaluna|Earthquake|p1b: Rillaboom|[spread] p1a,p1b\n|-immune|p2a: Cresselia|[from] ability: Levitate\n|-supereffective|p1a: Arcanine\n|-resisted|p1b: Rillaboom\n|-damage|p1a: Arcanine|36\/100\n|-damage|p1b: Rillaboom|94\/100\n|move|p2a: Cresselia|Lunar Blessing|p2a: Cresselia|[spread] p2a,p2b\n|-heal|p2a: Cresselia|93\/100\n|\n|-heal|p1b: Rillaboom|99\/100|[from] Grassy Terrain\n|-heal|p1a: Arcanine|42\/100|[from] Grassy Terrain\n|-status|p2b: Ursaluna|brn|[from] item: Flame Orb\n|upkeep\n|turn|4\n|inactive|kidturtle has 30 seconds left.\n|\n|t:|1700204801\n|-terastallize|p2b: Ursaluna|Ghost\n|move|p1b: Rillaboom|Fake Out|p2b: Ursaluna\n|-immune|p2b: Ursaluna\n|move|p1a: Arcanine|Extreme Speed|p2b: Ursaluna\n|-immune|p2b: Ursaluna\n|move|p2b: Ursaluna|Facade|p1b: Rillaboom\n|-damage|p1b: Rillaboom|27\/100\n|move|p2a: Cresselia|Ice Beam|p1b: Rillaboom\n|-supereffective|p1b: Rillaboom\n|-damage|p1b: Rillaboom|2\/100\n|\n|-heal|p1b: Rillaboom|8\/100|[from] Grassy Terrain\n|-heal|p1a: Arcanine|48\/100|[from] Grassy Terrain\n|-damage|p2b: Ursaluna|95\/100 brn|[from] brn\n|upkeep\n|turn|5\n|\n|t:|1700204817\n|switch|p1a: Flutter Mane|Flutter Mane, L50|100\/100\n|move|p1b: Rillaboom|Grassy Glide|p2b: Ursaluna\n|-damage|p2b: Ursaluna|67\/100 brn\n|move|p2b: Ursaluna|Earthquake|p1a: Flutter Mane|[spread] p1a,p1b\n|-immune|p2a: Cresselia|[from] ability: Levitate\n|-resisted|p1b: Rillaboom\n|-crit|p1b: Rillaboom\n|-damage|p1a: Flutter Mane|63\/100\n|-damage|p1b: Rillaboom|0 fnt\n|faint|p1b: Rillaboom\n|move|p2a: Cresselia|Ice Beam|p1a: Flutter Mane\n|-damage|p1a: Flutter Mane|47\/100\n|-status|p1a: Flutter Mane|frz\n|\n|-heal|p2b: Ursaluna|73\/100 brn|[from] Grassy Terrain\n|-heal|p1a: Flutter Mane|53\/100 frz|[from] Grassy Terrain\n|-damage|p2b: Ursaluna|67\/100 brn|[from] brn\n|-fieldend|move: Grassy Terrain\n|upkeep\n|\n|t:|1700204827\n|switch|p1b: Arcanine|Arcanine-Hisui, L50, M|48\/100\n|-ability|p1b: Arcanine|Intimidate|boost\n|-unboost|p2a: Cresselia|atk|1\n|-unboost|p2b: Ursaluna|atk|1\n|turn|6\n|\n|t:|1700204839\n|cant|p1a: Flutter Mane|frz\n|move|p2b: Ursaluna|Swords Dance|p2b: Ursaluna\n|-boost|p2b: Ursaluna|atk|2\n|move|p2a: Cresselia|Lunar Blessing|p2a: Cresselia|[spread] p2a,p2b\n|-heal|p2a: Cresselia|100\/100\n|-heal|p2b: Ursaluna|92\/100 brn\n|-curestatus|p2b: Ursaluna|brn|[msg]\n|move|p1b: Arcanine|Flare Blitz|p2b: Ursaluna\n|-damage|p2b: Ursaluna|27\/100\n|-status|p2b: Ursaluna|brn\n|-damage|p1b: Arcanine|20\/100|[from] Recoil\n|\n|-damage|p2b: Ursaluna|21\/100 brn|[from] brn\n|-fieldend|move: Trick Room\n|upkeep\n|turn|7\n|\n|t:|1700204862\n|move|p2b: Ursaluna|Protect|p2b: Ursaluna\n|-singleturn|p2b: Ursaluna|Protect\n|cant|p1a: Flutter Mane|frz\n|move|p1b: Arcanine|Flare Blitz|p2b: Ursaluna\n|-activate|p2b: Ursaluna|move: Protect\n|move|p2a: Cresselia|Trick Room|p2a: Cresselia\n|-fieldstart|move: Trick Room|[of] p2a: Cresselia\n|\n|-damage|p2b: Ursaluna|15\/100 brn|[from] brn\n|upkeep\n|turn|8\n|\n|t:|1700204874\n|switch|p1b: Urshifu|Urshifu-Rapid-Strike, L50, M, tera:Water|21\/100\n|move|p2b: Ursaluna|Earthquake|p1a: Flutter Mane|[spread] p1a,p1b\n|-immune|p2a: Cresselia|[from] ability: Levitate\n|-damage|p1a: Flutter Mane|0 fnt\n|-damage|p1b: Urshifu|0 fnt\n|faint|p1a: Flutter Mane\n|-end|p1a: Flutter Mane|Protosynthesis|[silent]\n|faint|p1b: Urshifu\n|move|p2a: Cresselia|Lunar Blessing|p2a: Cresselia|[spread] p2a,p2b\n|-heal|p2b: Ursaluna|40\/100 brn\n|-curestatus|p2b: Ursaluna|brn|[msg]\n|\n|-status|p2b: Ursaluna|brn|[from] item: Flame Orb\n|upkeep\n|\n|t:|1700204881\n|switch|p1b: Arcanine|Arcanine-Hisui, L50, M|20\/100\n|-ability|p1b: Arcanine|Intimidate|boost\n|-unboost|p2a: Cresselia|atk|1\n|-unboost|p2b: Ursaluna|atk|1\n|turn|9\n|-message|ripasolo forfeited.\n|\n|win|kidturtle\n|l|\u2606ripasolo\n","uploadtime":1700204900,"views":9,"p1id":"ripasolo","p2id":"kidturtle","formatid":"gen9vgc2023regulatione","rating":0,"private":0,"password":""}