{"id":"gen9vgc2023regulatione-1992134529","p1":"nastyman21","p2":"Stefan69","format":"[Gen 9] VGC 2023 Regulation E","log":"|j|\u2606nastyman21\n|j|\u2606Stefan69\n|t:|1700157900\n|gametype|doubles\n|player|p1|nastyman21|clerk-boss|1078\n|player|p2|Stefan69|170|1070\n|teamsize|p1|6\n|teamsize|p2|6\n|gen|9\n|tier|[Gen 9] VGC 2023 Regulation E\n|rated|\n|rule|Species Clause: Limit one of each Pok\u00e9mon\n|rule|Item Clause: Limit one of each item\n|clearpoke\n|poke|p1|Tornadus, L50, M|\n|poke|p1|Landorus-Therian, L50, M|\n|poke|p1|Ogerpon-Wellspring, L50, F|\n|poke|p1|Flutter Mane, L50|\n|poke|p1|Iron Hands, L50|\n|poke|p1|Amoonguss, L50, M|\n|poke|p2|Sneasler, L50, F|\n|poke|p2|Rillaboom, L50, F|\n|poke|p2|Heatran, L50, F|\n|poke|p2|Landorus-Therian, L50, M|\n|poke|p2|Empoleon, L50, M|\n|poke|p2|Thundurus, L50, M|\n|teampreview|4\n|inactive|Battle timer is ON: inactive players will automatically lose when time's up. (requested by nastyman21)\n|\n|t:|1700157927\n|start\n|switch|p1a: Tornadus|Tornadus, L50, M|100\/100\n|switch|p1b: Iron Hands|Iron Hands, L50|100\/100\n|switch|p2a: Sneasler|Sneasler, L50, F|100\/100\n|switch|p2b: Rillaboom|Rillaboom, L50, F|100\/100\n|-fieldstart|move: Grassy Terrain|[from] ability: Grassy Surge|[of] p2b: Rillaboom\n|-enditem|p2a: Sneasler|Grassy Seed\n|-boost|p2a: Sneasler|def|1|[from] item: Grassy Seed\n|turn|1\n|\n|t:|1700157951\n|-terastallize|p2a: Sneasler|Flying\n|move|p2b: Rillaboom|Fake Out|p1b: Iron Hands\n|-damage|p1b: Iron Hands|92\/100\n|cant|p1b: Iron Hands|flinch\n|move|p1a: Tornadus|Tailwind|p1a: Tornadus\n|-sidestart|p1: nastyman21|move: Tailwind\n|move|p2a: Sneasler|Dire Claw|p1a: Tornadus\n|-damage|p1a: Tornadus|46\/100\n|-enditem|p1a: Tornadus|Sitrus Berry|[eat]\n|-heal|p1a: Tornadus|71\/100|[from] item: Sitrus Berry\n|\n|-heal|p1b: Iron Hands|98\/100|[from] Grassy Terrain\n|upkeep\n|turn|2\n|inactive|Stefan69 has 30 seconds left.\n|\n|t:|1700157977\n|switch|p2b: Thundurus|Thundurus, L50, M|100\/100\n|move|p2a: Sneasler|Acrobatics|p1b: Iron Hands\n|-damage|p1b: Iron Hands|57\/100\n|move|p1a: Tornadus|Bleakwind Storm|p2a: Sneasler|[spread] p2a\n|-miss|p1a: Tornadus|p2b: Thundurus\n|-damage|p2a: Sneasler|60\/100\n|move|p1b: Iron Hands|Wild Charge|p2a: Sneasler\n|-supereffective|p2a: Sneasler\n|-crit|p2a: Sneasler\n|-damage|p2a: Sneasler|0 fnt\n|faint|p2a: Sneasler\n|-damage|p1b: Iron Hands|46\/100|[from] Recoil\n|\n|-heal|p1b: Iron Hands|53\/100|[from] Grassy Terrain\n|upkeep\n|\n|t:|1700157994\n|switch|p2a: Landorus|Landorus-Therian, L50, M|100\/100\n|-ability|p2a: Landorus|Intimidate|boost\n|-unboost|p1a: Tornadus|atk|1\n|-unboost|p1b: Iron Hands|atk|1\n|turn|3\n|\n|t:|1700158006\n|-end|p1b: Iron Hands|Quark Drive|[silent]\n|switch|p1b: Ogerpon|Ogerpon-Wellspring, L50, F|100\/100\n|move|p2b: Thundurus|Thunder Wave|p1a: Tornadus\n|-status|p1a: Tornadus|par\n|move|p2a: Landorus|Stomping Tantrum|p1b: Ogerpon\n|-resisted|p1b: Ogerpon\n|-damage|p1b: Ogerpon|74\/100\n|move|p1a: Tornadus|Bleakwind Storm|p2b: Thundurus|[spread] p2a,p2b\n|-resisted|p2b: Thundurus\n|-damage|p2a: Landorus|60\/100\n|-damage|p2b: Thundurus|83\/100\n|\n|-heal|p1b: Ogerpon|79\/100|[from] Grassy Terrain\n|upkeep\n|turn|4\n|\n|t:|1700158028\n|switch|p2a: Rillaboom|Rillaboom, L50, F|100\/100\n|move|p1b: Ogerpon|Ivy Cudgel|p2a: Rillaboom|[anim] Ivy Cudgel Water\n|-resisted|p2a: Rillaboom\n|-damage|p2a: Rillaboom|74\/100\n|move|p1a: Tornadus|Bleakwind Storm|p2b: Thundurus|[spread] p2a,p2b\n|-supereffective|p2a: Rillaboom\n|-resisted|p2b: Thundurus\n|-damage|p2a: Rillaboom|29\/100\n|-damage|p2b: Thundurus|67\/100\n|move|p2b: Thundurus|Wildbolt Storm|p1a: Tornadus|[spread] p1b\n|-miss|p2b: Thundurus|p1a: Tornadus\n|-damage|p1b: Ogerpon|45\/100\n|\n|-heal|p1b: Ogerpon|50\/100|[from] Grassy Terrain\n|-heal|p2a: Rillaboom|35\/100|[from] Grassy Terrain\n|-sideend|p1: nastyman21|move: Tailwind\n|upkeep\n|turn|5\n|\n|t:|1700158047\n|move|p1b: Ogerpon|Spiky Shield|p1b: Ogerpon\n|-singleturn|p1b: Ogerpon|move: Protect\n|move|p2a: Rillaboom|Fake Out|p1a: Tornadus\n|-damage|p1a: Tornadus|54\/100 par\n|move|p2b: Thundurus|Wildbolt Storm|p1a: Tornadus|[spread] p1a\n|-activate|p1b: Ogerpon|move: Protect\n|-supereffective|p1a: Tornadus\n|-damage|p1a: Tornadus|0 fnt\n|faint|p1a: Tornadus\n|\n|-heal|p1b: Ogerpon|56\/100|[from] Grassy Terrain\n|-heal|p2a: Rillaboom|41\/100|[from] Grassy Terrain\n|-fieldend|move: Grassy Terrain\n|upkeep\n|\n|t:|1700158055\n|switch|p1a: Iron Hands|Iron Hands, L50|53\/100\n|turn|6\n|\n|t:|1700158066\n|switch|p2a: Landorus|Landorus-Therian, L50, M|60\/100\n|-ability|p2a: Landorus|Intimidate|boost\n|-unboost|p1a: Iron Hands|atk|1\n|-unboost|p1b: Ogerpon|atk|1\n|move|p1a: Iron Hands|Fake Out|p2a: Landorus\n|-damage|p2a: Landorus|48\/100\n|move|p1b: Ogerpon|Ivy Cudgel|p2b: Thundurus|[anim] Ivy Cudgel Water\n|-damage|p2b: Thundurus|27\/100\n|move|p2b: Thundurus|Wildbolt Storm|p1b: Ogerpon|[spread] p1a,p1b\n|-resisted|p1a: Iron Hands\n|-damage|p1a: Iron Hands|44\/100\n|-damage|p1b: Ogerpon|23\/100\n|\n|upkeep\n|turn|7\n|inactive|nastyman21 has 30 seconds left.\n|\n|t:|1700158093\n|move|p2a: Landorus|U-turn|p1b: Ogerpon\n|-supereffective|p1b: Ogerpon\n|-damage|p1b: Ogerpon|0 fnt\n|faint|p1b: Ogerpon\n|\n|t:|1700158097\n|switch|p2a: Rillaboom|Rillaboom, L50, F|41\/100|[from] U-turn\n|-fieldstart|move: Grassy Terrain|[from] ability: Grassy Surge|[of] p2a: Rillaboom\n|move|p2b: Thundurus|Wildbolt Storm|p1a: Iron Hands\n|-resisted|p1a: Iron Hands\n|-damage|p1a: Iron Hands|32\/100\n|move|p1a: Iron Hands|Wild Charge|p2b: Thundurus\n|-damage|p2b: Thundurus|0 fnt\n|faint|p2b: Thundurus\n|-damage|p1a: Iron Hands|26\/100|[from] Recoil\n|\n|-heal|p2a: Rillaboom|47\/100|[from] Grassy Terrain\n|-heal|p1a: Iron Hands|33\/100|[from] Grassy Terrain\n|upkeep\n|\n|t:|1700158113\n|switch|p1b: Flutter Mane|Flutter Mane, L50|100\/100\n|switch|p2b: Landorus|Landorus-Therian, L50, M|48\/100\n|-ability|p2b: Landorus|Intimidate|boost\n|-unboost|p1a: Iron Hands|atk|1\n|-unboost|p1b: Flutter Mane|atk|1\n|-enditem|p1b: Flutter Mane|Booster Energy\n|-activate|p1b: Flutter Mane|ability: Protosynthesis|[fromitem]\n|-start|p1b: Flutter Mane|protosynthesisspe\n|turn|8\n|\n|t:|1700158126\n|move|p1b: Flutter Mane|Protect|p1b: Flutter Mane\n|-singleturn|p1b: Flutter Mane|Protect\n|move|p2a: Rillaboom|Fake Out|p1b: Flutter Mane\n|-activate|p1b: Flutter Mane|move: Protect\n|move|p2b: Landorus|Stomping Tantrum|p1a: Iron Hands\n|-supereffective|p1a: Iron Hands\n|-damage|p1a: Iron Hands|0 fnt\n|faint|p1a: Iron Hands\n|-end|p1a: Iron Hands|Quark Drive|[silent]\n|\n|-heal|p2a: Rillaboom|53\/100|[from] Grassy Terrain\n|upkeep\n|turn|9\n|\n|t:|1700158147\n|-terastallize|p1b: Flutter Mane|Fairy\n|move|p2a: Rillaboom|Grassy Glide|p1b: Flutter Mane\n|-damage|p1b: Flutter Mane|20\/100\n|move|p1b: Flutter Mane|Dazzling Gleam|p2b: Landorus|[spread] p2a,p2b\n|-damage|p2a: Rillaboom|23\/100\n|-damage|p2b: Landorus|0 fnt\n|faint|p2b: Landorus\n|\n|-heal|p1b: Flutter Mane|26\/100|[from] Grassy Terrain\n|-heal|p2a: Rillaboom|29\/100|[from] Grassy Terrain\n|upkeep\n|turn|10\n|\n|t:|1700158160\n|move|p1b: Flutter Mane|Protect|p1b: Flutter Mane\n|-singleturn|p1b: Flutter Mane|Protect\n|move|p2a: Rillaboom|Grassy Glide|p1b: Flutter Mane\n|-activate|p1b: Flutter Mane|move: Protect\n|\n|-heal|p1b: Flutter Mane|33\/100|[from] Grassy Terrain\n|-heal|p2a: Rillaboom|35\/100|[from] Grassy Terrain\n|upkeep\n|turn|11\n|\n|t:|1700158169\n|move|p1b: Flutter Mane|Protect|p1b: Flutter Mane\n|-singleturn|p1b: Flutter Mane|Protect\n|move|p2a: Rillaboom|Grassy Glide|p1b: Flutter Mane\n|-activate|p1b: Flutter Mane|move: Protect\n|\n|-heal|p1b: Flutter Mane|39\/100|[from] Grassy Terrain\n|-heal|p2a: Rillaboom|41\/100|[from] Grassy Terrain\n|-fieldend|move: Grassy Terrain\n|upkeep\n|turn|12\n|\n|t:|1700158179\n|move|p1b: Flutter Mane|Moonblast|p2a: Rillaboom\n|-damage|p2a: Rillaboom|0 fnt\n|faint|p2a: Rillaboom\n|\n|win|nastyman21\n|raw|nastyman21's rating: 1078 &rarr; <strong>1104<\/strong><br \/>(+26 for winning)\n|raw|Stefan69's rating: 1053 &rarr; <strong>1036<\/strong><br \/>(-17 for losing)\n","uploadtime":1700158182,"views":9,"p1id":"nastyman21","p2id":"stefan69","formatid":"gen9vgc2023regulatione","rating":1036,"private":0,"password":""}