{"id":"gen9vgc2023regulatione-1991396455","p1":"qunqun24","p2":"beastista","format":"[Gen 9] VGC 2023 Regulation E","log":"|j|\u2606qunqun24\n|j|\u2606beastista\n|t:|1700073606\n|gametype|doubles\n|player|p1|qunqun24|266|1504\n|player|p2|beastista|bugcatcher-gen4dp|1510\n|teamsize|p1|6\n|teamsize|p2|6\n|gen|9\n|tier|[Gen 9] VGC 2023 Regulation E\n|rated|\n|rule|Species Clause: Limit one of each Pok\u00e9mon\n|rule|Item Clause: Limit one of each item\n|clearpoke\n|poke|p1|Dondozo, L50, F|\n|poke|p1|Tatsugiri, L50, F|\n|poke|p1|Ninetales-Alola, L50, F|\n|poke|p1|Glimmora, L50, M|\n|poke|p1|Ogerpon-Hearthflame, L50, F|\n|poke|p1|Iron Hands, L50|\n|poke|p2|Kilowattrel, L50, M|\n|poke|p2|Urshifu-*, L50, F|\n|poke|p2|Sandaconda, L50, M|\n|poke|p2|Scream Tail, L50|\n|poke|p2|Rillaboom, L50, F|\n|poke|p2|Vaporeon, L50, M|\n|teampreview|4\n|inactive|Battle timer is ON: inactive players will automatically lose when time's up. (requested by qunqun24)\n|inactive|beastista has 60 seconds left.\n|\n|t:|1700073639\n|start\n|switch|p1a: Ninetales|Ninetales-Alola, L50, F|100\/100\n|switch|p1b: Glimmora|Glimmora, L50, M|100\/100\n|switch|p2a: Kilowattrel|Kilowattrel, L50, M|100\/100\n|switch|p2b: Scream Tail|Scream Tail, L50|100\/100\n|-weather|Snow|[from] ability: Snow Warning|[of] p1a: Ninetales\n|-enditem|p2b: Scream Tail|Booster Energy\n|-activate|p2b: Scream Tail|ability: Protosynthesis|[fromitem]\n|-start|p2b: Scream Tail|protosynthesisspe\n|turn|1\n|\n|t:|1700073655\n|move|p2b: Scream Tail|Thunder Wave|p1a: Ninetales\n|-status|p1a: Ninetales|par\n|move|p2a: Kilowattrel|Thunderbolt|p1b: Glimmora\n|-damage|p1b: Glimmora|59\/100\n|-status|p1b: Glimmora|par\n|move|p1a: Ninetales|Aurora Veil|p1a: Ninetales\n|-sidestart|p1: qunqun24|move: Aurora Veil\n|move|p1b: Glimmora|Mortal Spin|p2b: Scream Tail|[spread] p2a,p2b\n|-supereffective|p2b: Scream Tail\n|-damage|p2a: Kilowattrel|92\/100\n|-damage|p2b: Scream Tail|94\/100\n|-status|p2a: Kilowattrel|psn\n|-status|p2b: Scream Tail|psn\n|\n|-weather|Snow|[upkeep]\n|-damage|p2b: Scream Tail|82\/100 psn|[from] psn\n|-damage|p2a: Kilowattrel|80\/100 psn|[from] psn\n|upkeep\n|turn|2\n|\n|t:|1700073676\n|move|p2b: Scream Tail|Encore|p1a: Ninetales\n|-start|p1a: Ninetales|Encore\n|move|p2a: Kilowattrel|Thunderbolt|p1b: Glimmora\n|-damage|p1b: Glimmora|27\/100 par\n|-enditem|p1b: Glimmora|Sitrus Berry|[eat]\n|-heal|p1b: Glimmora|52\/100 par|[from] item: Sitrus Berry\n|move|p1a: Ninetales|Aurora Veil||[still]\n|-fail|p1a: Ninetales\n|move|p1b: Glimmora|Power Gem|p2a: Kilowattrel\n|-supereffective|p2a: Kilowattrel\n|-damage|p2a: Kilowattrel|0 fnt\n|faint|p2a: Kilowattrel\n|\n|-weather|Snow|[upkeep]\n|-damage|p2b: Scream Tail|70\/100 psn|[from] psn\n|upkeep\n|\n|t:|1700073689\n|switch|p2a: Rillaboom|Rillaboom, L50, F|100\/100\n|-fieldstart|move: Grassy Terrain|[from] ability: Grassy Surge|[of] p2a: Rillaboom\n|turn|3\n|\n|t:|1700073699\n|switch|p1a: Tatsugiri|Tatsugiri, L50, F|100\/100\n|move|p2b: Scream Tail|Thunder Wave|p1a: Tatsugiri\n|-status|p1a: Tatsugiri|par\n|move|p2a: Rillaboom|Wood Hammer|p1b: Glimmora\n|-damage|p1b: Glimmora|0 fnt\n|-activate|p1b: Glimmora|ability: Toxic Debris\n|-sidestart|p2: beastista|move: Toxic Spikes\n|faint|p1b: Glimmora\n|-damage|p2a: Rillaboom|85\/100|[from] Recoil\n|\n|-weather|Snow|[upkeep]\n|-heal|p2b: Scream Tail|76\/100 psn|[from] Grassy Terrain\n|-heal|p2a: Rillaboom|91\/100|[from] Grassy Terrain\n|-damage|p2b: Scream Tail|64\/100 psn|[from] psn\n|upkeep\n|\n|t:|1700073712\n|switch|p1b: Dondozo|Dondozo, L50, F|100\/100\n|-activate|p1a: Tatsugiri|ability: Commander|[of] p1b: Dondozo\n|-boost|p1b: Dondozo|atk|2\n|-boost|p1b: Dondozo|spa|2\n|-boost|p1b: Dondozo|spe|2\n|-boost|p1b: Dondozo|def|2\n|-boost|p1b: Dondozo|spd|2\n|turn|4\n|\n|t:|1700073726\n|-terastallize|p1b: Dondozo|Dragon\n|move|p2b: Scream Tail|Thunder Wave|p1b: Dondozo\n|-status|p1b: Dondozo|par\n|move|p2a: Rillaboom|Wood Hammer|p1b: Dondozo\n|-resisted|p1b: Dondozo\n|-damage|p1b: Dondozo|85\/100 par\n|-damage|p2a: Rillaboom|85\/100|[from] Recoil\n|move|p1b: Dondozo|Order Up|p2a: Rillaboom\n|-damage|p2a: Rillaboom|19\/100\n|-boost|p1b: Dondozo|atk|1\n|\n|-weather|Snow|[upkeep]\n|-heal|p2b: Scream Tail|69\/100 psn|[from] Grassy Terrain\n|-heal|p2a: Rillaboom|25\/100|[from] Grassy Terrain\n|-heal|p1b: Dondozo|91\/100 par|[from] Grassy Terrain\n|-heal|p1b: Dondozo|97\/100 par|[from] item: Leftovers\n|-damage|p2b: Scream Tail|57\/100 psn|[from] psn\n|upkeep\n|turn|5\n|\n|t:|1700073751\n|switch|p2a: Urshifu|Urshifu, L50, F|100\/100\n|-status|p2a: Urshifu|psn\n|move|p2b: Scream Tail|Disable|p1b: Dondozo\n|-start|p1b: Dondozo|Disable|Order Up\n|cant|p1b: Dondozo|Disable|Order Up\n|\n|-weather|none\n|-heal|p2b: Scream Tail|63\/100 psn|[from] Grassy Terrain\n|-heal|p1b: Dondozo|100\/100 par|[from] Grassy Terrain\n|-damage|p2b: Scream Tail|51\/100 psn|[from] psn\n|-damage|p2a: Urshifu|88\/100 psn|[from] psn\n|upkeep\n|turn|6\n|\n|t:|1700073763\n|move|p2b: Scream Tail|Encore|p1b: Dondozo\n|-start|p1b: Dondozo|Encore\n|move|p2a: Urshifu|Wicked Blow|p1b: Dondozo\n|-crit|p1b: Dondozo\n|-damage|p1b: Dondozo|60\/100 par\n|cant|p1b: Dondozo|Disable|Order Up\n|\n|-heal|p2b: Scream Tail|57\/100 psn|[from] Grassy Terrain\n|-heal|p2a: Urshifu|94\/100 psn|[from] Grassy Terrain\n|-heal|p1b: Dondozo|67\/100 par|[from] Grassy Terrain\n|-heal|p1b: Dondozo|73\/100 par|[from] item: Leftovers\n|-damage|p2b: Scream Tail|45\/100 psn|[from] psn\n|-damage|p2a: Urshifu|82\/100 psn|[from] psn\n|upkeep\n|turn|7\n|\n|t:|1700073779\n|move|p2b: Scream Tail|Dazzling Gleam|p1b: Dondozo|[spread] p1b\n|-miss|p2b: Scream Tail|p1a: Tatsugiri\n|-supereffective|p1b: Dondozo\n|-damage|p1b: Dondozo|62\/100 par\n|move|p2a: Urshifu|Wicked Blow|p1b: Dondozo\n|-crit|p1b: Dondozo\n|-damage|p1b: Dondozo|20\/100 par\n|-activate|p1b: Dondozo|move: Struggle\n|move|p1b: Dondozo|Struggle|p2a: Urshifu\n|-damage|p2a: Urshifu|50\/100 psn\n|-damage|p1b: Dondozo|0 fnt|[from] recoil\n|faint|p1b: Dondozo\n|\n|-heal|p2b: Scream Tail|50\/100 psn|[from] Grassy Terrain\n|-heal|p2a: Urshifu|56\/100 psn|[from] Grassy Terrain\n|-damage|p2b: Scream Tail|38\/100 psn|[from] psn\n|-damage|p2a: Urshifu|44\/100 psn|[from] psn\n|-fieldend|move: Grassy Terrain\n|upkeep\n|\n|t:|1700073782\n|switch|p1b: Ninetales|Ninetales-Alola, L50, F|100\/100 par\n|-weather|Snow|[from] ability: Snow Warning|[of] p1b: Ninetales\n|turn|8\n|\n|t:|1700073802\n|-terastallize|p2a: Urshifu|Fairy\n|move|p2b: Scream Tail|Dazzling Gleam|p1a: Tatsugiri|[spread] p1a,p1b\n|-supereffective|p1a: Tatsugiri\n|-damage|p1a: Tatsugiri|75\/100 par\n|-damage|p1b: Ninetales|90\/100 par\n|move|p2a: Urshifu|Wicked Blow|p1a: Tatsugiri\n|-crit|p1a: Tatsugiri\n|-damage|p1a: Tatsugiri|0 fnt\n|faint|p1a: Tatsugiri\n|move|p1b: Ninetales|Moonblast|p2a: Urshifu\n|-damage|p2a: Urshifu|19\/100 psn\n|\n|-weather|Snow|[upkeep]\n|-damage|p2b: Scream Tail|26\/100 psn|[from] psn\n|-damage|p2a: Urshifu|7\/100 psn|[from] psn\n|-sideend|p1: qunqun24|move: Aurora Veil\n|upkeep\n|turn|9\n|\n|t:|1700073819\n|move|p2b: Scream Tail|Dazzling Gleam|p1b: Ninetales\n|-damage|p1b: Ninetales|70\/100 par\n|move|p2a: Urshifu|Poison Jab|p1b: Ninetales\n|-supereffective|p1b: Ninetales\n|-damage|p1b: Ninetales|27\/100 par\n|move|p1b: Ninetales|Blizzard|p2b: Scream Tail|[spread] p2a,p2b\n|-damage|p2a: Urshifu|0 fnt\n|-damage|p2b: Scream Tail|10\/100 psn\n|faint|p2a: Urshifu\n|\n|-weather|Snow|[upkeep]\n|-damage|p2b: Scream Tail|0 fnt|[from] psn\n|faint|p2b: Scream Tail\n|-end|p2b: Scream Tail|Protosynthesis|[silent]\n|upkeep\n|\n|t:|1700073828\n|switch|p2a: Rillaboom|Rillaboom, L50, F|25\/100\n|-status|p2a: Rillaboom|psn\n|-fieldstart|move: Grassy Terrain|[from] ability: Grassy Surge|[of] p2a: Rillaboom\n|turn|10\n|\n|t:|1700073832\n|move|p1b: Ninetales|Protect|p1b: Ninetales\n|-singleturn|p1b: Ninetales|Protect\n|move|p2a: Rillaboom|Wood Hammer|p1b: Ninetales\n|-activate|p1b: Ninetales|move: Protect\n|\n|-weather|Snow|[upkeep]\n|-heal|p2a: Rillaboom|31\/100 psn|[from] Grassy Terrain\n|-heal|p1b: Ninetales|33\/100 par|[from] Grassy Terrain\n|-damage|p2a: Rillaboom|18\/100 psn|[from] psn\n|upkeep\n|turn|11\n|\n|t:|1700073836\n|move|p2a: Rillaboom|Wood Hammer|p1b: Ninetales\n|-damage|p1b: Ninetales|0 fnt\n|faint|p1b: Ninetales\n|-damage|p2a: Rillaboom|9\/100 psn|[from] Recoil\n|\n|win|beastista\n|raw|qunqun24's rating: 1504 &rarr; <strong>1484<\/strong><br \/>(-20 for losing)\n|raw|beastista's rating: 1510 &rarr; <strong>1530<\/strong><br \/>(+20 for winning)\n","uploadtime":1700073880,"views":14,"p1id":"qunqun24","p2id":"beastista","formatid":"gen9vgc2023regulatione","rating":1484,"private":0,"password":""}