{"id":"gen9vgc2023regulatione-1990019585","p1":"bixbi","p2":"Theory Practice","format":"[Gen 9] VGC 2023 Regulation E","log":"|j|\u2606bixbi\n|j|\u2606Theory Practice\n|t:|1699916005\n|gametype|doubles\n|player|p1|bixbi|170|1000\n|player|p2|Theory Practice|colress|1000\n|teamsize|p1|6\n|teamsize|p2|6\n|gen|9\n|tier|[Gen 9] VGC 2023 Regulation E\n|rated|\n|rule|Species Clause: Limit one of each Pok\u00e9mon\n|rule|Item Clause: Limit one of each item\n|clearpoke\n|poke|p1|Tyranitar, L50, F|\n|poke|p1|Lycanroc, L50, F|\n|poke|p1|Dudunsparce-*, L50, M|\n|poke|p1|Dragapult, L50, M|\n|poke|p1|Annihilape, L50, F|\n|poke|p1|Flutter Mane, L50|\n|poke|p2|Milotic, L50, M|\n|poke|p2|Dipplin, L50, M|\n|poke|p2|Weezing-Galar, L50, F|\n|poke|p2|Ninetales-Alola, L50, F|\n|poke|p2|Iron Valiant, L50|\n|poke|p2|Zapdos-Galar, L50|\n|teampreview|4\n|inactive|Battle timer is ON: inactive players will automatically lose when time's up. (requested by Theory Practice)\n|\n|t:|1699916046\n|start\n|switch|p1a: Tyranitar|Tyranitar, L50, F, shiny|100\/100\n|switch|p1b: Lycanroc|Lycanroc, L50, F|100\/100\n|switch|p2a: Bjorgen|Milotic, L50, M|100\/100\n|switch|p2b: Dorky|Dipplin, L50, M|100\/100\n|-weather|Sandstorm|[from] ability: Sand Stream|[of] p1a: Tyranitar\n|-ability|p2b: Dorky|Supersweet Syrup\n|-ability|p2b: Dorky|Supersweet Syrup|boost\n|-unboost|p1a: Tyranitar|evasion|1\n|-unboost|p1b: Lycanroc|evasion|1\n|turn|1\n|inactive|bixbi has 30 seconds left.\n|inactive|Theory Practice has 30 seconds left.\n|\n|t:|1699916075\n|move|p1b: Lycanroc|Rock Slide|p2a: Bjorgen|[spread] p2a,p2b\n|-damage|p2a: Bjorgen|69\/100\n|-damage|p2b: Dorky|84\/100\n|move|p1a: Tyranitar|Dragon Dance|p1a: Tyranitar\n|-boost|p1a: Tyranitar|atk|1\n|-boost|p1a: Tyranitar|spe|1\n|cant|p2a: Bjorgen|flinch\n|cant|p2b: Dorky|flinch\n|\n|-weather|Sandstorm|[upkeep]\n|-damage|p2a: Bjorgen|63\/100|[from] Sandstorm\n|-damage|p2b: Dorky|79\/100|[from] Sandstorm\n|upkeep\n|turn|2\n|\n|t:|1699916094\n|move|p1b: Lycanroc|Rock Slide|p2a: Bjorgen|[spread] p2a,p2b\n|-damage|p2a: Bjorgen|33\/100\n|-damage|p2b: Dorky|61\/100\n|move|p1a: Tyranitar|Rock Slide|p2a: Bjorgen|[spread] p2a,p2b\n|-damage|p2a: Bjorgen|0 fnt\n|-damage|p2b: Dorky|32\/100\n|faint|p2a: Bjorgen\n|-damage|p1a: Tyranitar|91\/100|[from] item: Life Orb\n|cant|p2b: Dorky|flinch\n|\n|-weather|Sandstorm|[upkeep]\n|-damage|p2b: Dorky|26\/100|[from] Sandstorm\n|upkeep\n|\n|t:|1699916107\n|switch|p2a: Squippy|Ninetales-Alola, L50, F, shiny|100\/100\n|-weather|Snow|[from] ability: Snow Warning|[of] p2a: Squippy\n|turn|3\n|\n|t:|1699916117\n|move|p2b: Dorky|Protect|p2b: Dorky\n|-singleturn|p2b: Dorky|Protect\n|move|p1a: Tyranitar|Rock Slide|p2b: Dorky|[spread] \n|-activate|p2b: Dorky|move: Protect\n|-miss|p1a: Tyranitar|p2a: Squippy\n|move|p1b: Lycanroc|Rock Slide|p2b: Dorky|[spread] p2a\n|-activate|p2b: Dorky|move: Protect\n|-supereffective|p2a: Squippy\n|-crit|p2a: Squippy\n|-damage|p2a: Squippy|34\/100\n|move|p2a: Squippy|Blizzard|p1b: Lycanroc|[spread] p1a,p1b\n|-damage|p1a: Tyranitar|57\/100\n|-damage|p1b: Lycanroc|46\/100\n|-status|p1a: Tyranitar|frz\n|\n|-weather|Snow|[upkeep]\n|-heal|p2a: Squippy|40\/100|[from] item: Leftovers\n|upkeep\n|turn|4\n|inactive|Theory Practice has 30 seconds left.\n|\n|t:|1699916144\n|cant|p1a: Tyranitar|frz\n|move|p1b: Lycanroc|Rock Slide|p2a: Squippy|[spread] p2a,p2b\n|-supereffective|p2a: Squippy\n|-damage|p2a: Squippy|0 fnt\n|-damage|p2b: Dorky|8\/100\n|faint|p2a: Squippy\n|cant|p2b: Dorky|flinch\n|\n|-weather|Snow|[upkeep]\n|upkeep\n|\n|t:|1699916150\n|switch|p2a: Nugget|Iron Valiant, L50, shiny|100\/100\n|turn|5\n|\n|t:|1699916164\n|move|p2b: Dorky|Protect|p2b: Dorky\n|-singleturn|p2b: Dorky|Protect\n|cant|p1a: Tyranitar|frz\n|move|p1b: Lycanroc|Endeavor|p2a: Nugget\n|-damage|p2a: Nugget|42\/100\n|move|p2a: Nugget|Trick Room|p2a: Nugget\n|-fieldstart|move: Trick Room|[of] p2a: Nugget\n|\n|-weather|Snow|[upkeep]\n|upkeep\n|turn|6\n|\n|t:|1699916183\n|switch|p1a: Dragapult|Dragapult, L50, M|100\/100\n|move|p2b: Dorky|Pollen Puff|p2a: Nugget\n|-heal|p2a: Nugget|92\/100\n|move|p2a: Nugget|Drain Punch|p1b: Lycanroc\n|-supereffective|p1b: Lycanroc\n|-damage|p1b: Lycanroc|0 fnt\n|-heal|p2a: Nugget|100\/100|[from] drain|[of] p1b: Lycanroc\n|faint|p1b: Lycanroc\n|\n|-weather|Snow|[upkeep]\n|upkeep\n|\n|t:|1699916196\n|switch|p1b: Tyranitar|Tyranitar, L50, F, shiny|57\/100 frz\n|-weather|Sandstorm|[from] ability: Sand Stream|[of] p1b: Tyranitar\n|turn|7\n|\n|t:|1699916221\n|-terastallize|p1b: Tyranitar|Flying\n|move|p2b: Dorky|Pollen Puff|p1b: Tyranitar\n|-resisted|p1b: Tyranitar\n|-damage|p1b: Tyranitar|46\/100 frz\n|move|p2a: Nugget|Poison Jab|p1a: Dragapult\n|-resisted|p1a: Dragapult\n|-damage|p1a: Dragapult|81\/100\n|cant|p1b: Tyranitar|frz\n|move|p1a: Dragapult|Shadow Ball|p2a: Nugget\n|-damage|p2a: Nugget|39\/100\n|\n|-weather|Sandstorm|[upkeep]\n|-damage|p2b: Dorky|2\/100|[from] Sandstorm\n|-damage|p2a: Nugget|33\/100|[from] Sandstorm\n|-damage|p1b: Tyranitar|40\/100 frz|[from] Sandstorm\n|-damage|p1a: Dragapult|75\/100|[from] Sandstorm\n|upkeep\n|turn|8\n|inactive|Theory Practice has 30 seconds left.\n|inactive|Theory Practice has 20 seconds left.\n|\n|t:|1699916257\n|move|p2b: Dorky|Dragon Pulse|p1a: Dragapult\n|-supereffective|p1a: Dragapult\n|-damage|p1a: Dragapult|0 fnt\n|faint|p1a: Dragapult\n|move|p2a: Nugget|Poison Jab|p1b: Tyranitar\n|-damage|p1b: Tyranitar|16\/100 frz\n|cant|p1b: Tyranitar|frz\n|\n|-weather|Sandstorm|[upkeep]\n|-damage|p2b: Dorky|0 fnt|[from] Sandstorm\n|-damage|p2a: Nugget|27\/100|[from] Sandstorm\n|-damage|p1b: Tyranitar|11\/100 frz|[from] Sandstorm\n|faint|p2b: Dorky\n|upkeep\n|\n|t:|1699916268\n|switch|p1a: Dudunsparce|Dudunsparce-Three-Segment, L50, M|100\/100\n|turn|9\n|\n|t:|1699916284\n|move|p2a: Nugget|Drain Punch|p1a: Dudunsparce\n|-supereffective|p1a: Dudunsparce\n|-damage|p1a: Dudunsparce|54\/100\n|-heal|p2a: Nugget|59\/100|[from] drain|[of] p1a: Dudunsparce\n|move|p1a: Dudunsparce|Stored Power|p2a: Nugget\n|-supereffective|p2a: Nugget\n|-damage|p2a: Nugget|47\/100\n|cant|p1b: Tyranitar|frz\n|\n|-weather|Sandstorm|[upkeep]\n|-damage|p2a: Nugget|41\/100|[from] Sandstorm\n|-damage|p1a: Dudunsparce|48\/100|[from] Sandstorm\n|-damage|p1b: Tyranitar|5\/100 frz|[from] Sandstorm\n|-fieldend|move: Trick Room\n|upkeep\n|turn|10\n|\n|t:|1699916302\n|cant|p1b: Tyranitar|frz\n|move|p1a: Dudunsparce|Ancient Power|p2a: Nugget\n|-resisted|p2a: Nugget\n|-damage|p2a: Nugget|34\/100\n|move|p2a: Nugget|Drain Punch|p1a: Dudunsparce\n|-supereffective|p1a: Dudunsparce\n|-damage|p1a: Dudunsparce|0 fnt\n|-heal|p2a: Nugget|67\/100|[from] drain|[of] p1a: Dudunsparce\n|faint|p1a: Dudunsparce\n|\n|-weather|Sandstorm|[upkeep]\n|-damage|p1b: Tyranitar|0 fnt|[from] Sandstorm\n|-damage|p2a: Nugget|61\/100|[from] Sandstorm\n|faint|p1b: Tyranitar\n|\n|win|Theory Practice\n|upkeep\n|raw|bixbi's rating: 1000 &rarr; <strong>1000<\/strong><br \/>(+0 for losing)\n|raw|Theory Practice's rating: 1000 &rarr; <strong>1040<\/strong><br \/>(+40 for winning)\n|l|\u2606bixbi\n","uploadtime":1699916322,"views":32,"p1id":"bixbi","p2id":"theorypractice","formatid":"gen9vgc2023regulatione","rating":1000,"private":0,"password":""}