{"id":"gen9vgc2023regulatione-1995744247","p1":"secretstudent","p2":"Tweethor","format":"[Gen 9] VGC 2023 Regulation E","log":"|j|\u2606secretstudent\n|j|\u2606Tweethor\n|t:|1700599106\n|gametype|doubles\n|player|p1|secretstudent|beauty|1089\n|player|p2|Tweethor|cynthia|1012\n|teamsize|p1|6\n|teamsize|p2|6\n|gen|9\n|tier|[Gen 9] VGC 2023 Regulation E\n|rated|\n|rule|Species Clause: Limit one of each Pok\u00e9mon\n|rule|Item Clause: Limit one of each item\n|clearpoke\n|poke|p1|Chien-Pao, L50|\n|poke|p1|Amoonguss, L50, F|\n|poke|p1|Hatterene, L50, F|\n|poke|p1|Gyarados, L50, M|\n|poke|p1|Volcarona, L50, F|\n|poke|p1|Ogerpon, L50, F|\n|poke|p2|Ariados, L50, F|\n|poke|p2|Arcanine-Hisui, L50, M|\n|poke|p2|Murkrow, L50, M|\n|poke|p2|Ambipom, L50, F|\n|poke|p2|Annihilape, L50, F|\n|poke|p2|Espeon, L50, M|\n|teampreview|4\n|inactive|Battle timer is ON: inactive players will automatically lose when time's up. (requested by Tweethor)\n|inactive|secretstudent has 60 seconds left.\n|\n|t:|1700599153\n|start\n|switch|p1a: Hatterene|Hatterene, L50, F|100\/100\n|switch|p1b: Ogerpon|Ogerpon, L50, F|100\/100\n|switch|p2a: Ariados|Ariados, L50, F|100\/100\n|switch|p2b: Annihilape|Annihilape, L50, F|100\/100\n|turn|1\n|inactive|Tweethor has 30 seconds left.\n|inactive|Tweethor has 20 seconds left.\n|inactive|Tweethor has 15 seconds left.\n|inactive|Tweethor has 10 seconds left.\n|inactive|Tweethor has 5 seconds left.\n|\n|t:|1700599204\n|move|p1b: Ogerpon|Follow Me|p1b: Ogerpon\n|-singleturn|p1b: Ogerpon|move: Follow Me\n|move|p2b: Annihilape|Bulk Up|p2b: Annihilape\n|-boost|p2b: Annihilape|atk|1\n|-boost|p2b: Annihilape|def|1\n|move|p2a: Ariados|Sticky Web|p1b: Ogerpon\n|move|p1a: Hatterene|Sticky Web|p2a: Ariados|[from]ability: Magic Bounce\n|-sidestart|p2: Tweethor|move: Sticky Web\n|move|p1a: Hatterene|Trick Room|p1a: Hatterene\n|-fieldstart|move: Trick Room|[of] p1a: Hatterene\n|\n|upkeep\n|turn|2\n|inactive|Tweethor has 30 seconds left.\n|\n|t:|1700599234\n|-terastallize|p1a: Hatterene|Fairy\n|-terastallize|p2b: Annihilape|Water\n|move|p1a: Hatterene|Dazzling Gleam|p2a: Ariados|[spread] p2a,p2b\n|-resisted|p2a: Ariados\n|-damage|p2a: Ariados|80\/100\n|-damage|p2b: Annihilape|51\/100\n|move|p2a: Ariados|Struggle Bug|p1a: Hatterene|[spread] p1a,p1b\n|-resisted|p1a: Hatterene\n|-supereffective|p1b: Ogerpon\n|-crit|p1b: Ogerpon\n|-damage|p1a: Hatterene|96\/100\n|-damage|p1b: Ogerpon|68\/100\n|-unboost|p1b: Ogerpon|spa|1\n|-ability|p1b: Ogerpon|Defiant|boost\n|-boost|p1b: Ogerpon|atk|2\n|move|p2b: Annihilape|Rage Fist|p1a: Hatterene\n|-damage|p1a: Hatterene|10\/100\n|move|p1b: Ogerpon|Ivy Cudgel|p2b: Annihilape\n|-supereffective|p2b: Annihilape\n|-damage|p2b: Annihilape|0 fnt\n|faint|p2b: Annihilape\n|-damage|p1b: Ogerpon|59\/100|[from] item: Life Orb\n|\n|-heal|p2a: Ariados|86\/100|[from] item: Black Sludge\n|upkeep\n|inactive|Tweethor has 30 seconds left.\n|\n|t:|1700599263\n|switch|p2b: Espeon|Espeon, L50, M|100\/100\n|-activate|p2b: Espeon|move: Sticky Web\n|-unboost|p2b: Espeon|spe|1\n|turn|3\n|\n|t:|1700599285\n|move|p1b: Ogerpon|Follow Me|p1b: Ogerpon\n|-singleturn|p1b: Ogerpon|move: Follow Me\n|move|p1a: Hatterene|Dazzling Gleam|p2a: Ariados|[spread] p2a,p2b\n|-resisted|p2a: Ariados\n|-damage|p2a: Ariados|63\/100\n|-damage|p2b: Espeon|32\/100\n|move|p2a: Ariados|Struggle Bug|p1a: Hatterene|[spread] p1a,p1b\n|-resisted|p1a: Hatterene\n|-supereffective|p1b: Ogerpon\n|-damage|p1a: Hatterene|5\/100\n|-damage|p1b: Ogerpon|38\/100\n|-unboost|p1b: Ogerpon|spa|1\n|-ability|p1b: Ogerpon|Defiant|boost\n|-boost|p1b: Ogerpon|atk|2\n|move|p2b: Espeon|Psychic|p1b: Ogerpon\n|-damage|p1b: Ogerpon|0 fnt\n|faint|p1b: Ogerpon\n|\n|-heal|p2a: Ariados|69\/100|[from] item: Black Sludge\n|upkeep\n|\n|t:|1700599294\n|switch|p1b: Amoonguss|Amoonguss, L50, F|100\/100\n|turn|4\n|\n|t:|1700599306\n|move|p1a: Hatterene|Psychic|p2a: Ariados\n|-supereffective|p2a: Ariados\n|-damage|p2a: Ariados|0 fnt\n|faint|p2a: Ariados\n|move|p1b: Amoonguss|Pollen Puff|p2b: Espeon\n|-supereffective|p2b: Espeon\n|-damage|p2b: Espeon|0 fnt\n|faint|p2b: Espeon\n|\n|upkeep\n|\n|t:|1700599314\n|switch|p2b: Ambipom|Ambipom, L50, F|100\/100\n|-activate|p2b: Ambipom|move: Sticky Web\n|-unboost|p2b: Ambipom|spe|1\n|turn|5\n|\n|t:|1700599327\n|switch|p1a: Gyarados|Gyarados, L50, M|100\/100\n|-ability|p1a: Gyarados|Intimidate|boost\n|-unboost|p2b: Ambipom|atk|1\n|move|p2b: Ambipom|Fake Out|p1a: Gyarados\n|-damage|p1a: Gyarados|68\/100\n|-damage|p2b: Ambipom|90\/100|[from] item: Life Orb\n|move|p1b: Amoonguss|Spore|p2b: Ambipom\n|-status|p2b: Ambipom|slp|[from] move: Spore\n|\n|-fieldend|move: Trick Room\n|upkeep\n|turn|6\n|-message|Tweethor forfeited.\n|\n|win|secretstudent\n|raw|secretstudent's rating: 1089 &rarr; <strong>1110<\/strong><br \/>(+21 for winning)\n|raw|Tweethor's rating: 1012 &rarr; <strong>1003<\/strong><br \/>(-9 for losing)\n|l|\u2606Tweethor\n","uploadtime":1700599337,"views":6,"p1id":"secretstudent","p2id":"tweethor","formatid":"gen9vgc2023regulatione","rating":1003,"private":0,"password":""}