{"id":"gen9vgc2023regulatione-1988470572","p1":"abby giraffe","p2":"praspian","format":"[Gen 9] VGC 2023 Regulation E","log":"|j|\u2606abby giraffe\n|j|\u2606praspian\n|t:|1699726401\n|gametype|doubles\n|player|p1|abby giraffe|101|1098\n|player|p2|praspian|ethan-masters|1183\n|teamsize|p1|6\n|teamsize|p2|6\n|gen|9\n|tier|[Gen 9] VGC 2023 Regulation E\n|rated|\n|rule|Species Clause: Limit one of each Pok\u00e9mon\n|rule|Item Clause: Limit one of each item\n|clearpoke\n|poke|p1|Flutter Mane, L50|\n|poke|p1|Milotic, L50, F|\n|poke|p1|Landorus-Therian, L50, M|\n|poke|p1|Roaring Moon, L50|\n|poke|p1|Heatran, L50, M|\n|poke|p1|Ogerpon, L50, F|\n|poke|p2|Moltres-Galar, L50|\n|poke|p2|Sinistcha, L50|\n|poke|p2|Urshifu-*, L50, M|\n|poke|p2|Arcanine-Hisui, L50, M|\n|poke|p2|Tornadus, L50, M|\n|poke|p2|Iron Hands, L50|\n|teampreview|4\n|inactive|Battle timer is ON: inactive players will automatically lose when time's up. (requested by praspian)\n|\n|t:|1699726449\n|start\n|switch|p1a: Milotic|Milotic, L50, F, shiny|100\/100\n|switch|p1b: Ogerpon|Ogerpon, L50, F|100\/100\n|switch|p2a: Urshifu|Urshifu-Rapid-Strike, L50, M|100\/100\n|switch|p2b: Iron Hands|Iron Hands, L50|100\/100\n|turn|1\n|inactive|abby giraffe has 30 seconds left.\n|inactive|praspian has 30 seconds left.\n|inactive|abby giraffe has 20 seconds left.\n|inactive|abby giraffe has 15 seconds left.\n|\n|t:|1699726490\n|switch|p2a: Tornadus|Tornadus, L50, M, shiny|100\/100\n|move|p1a: Milotic|Protect|p1a: Milotic\n|-singleturn|p1a: Milotic|Protect\n|move|p2b: Iron Hands|Fake Out|p1b: Ogerpon\n|-damage|p1b: Ogerpon|81\/100\n|cant|p1b: Ogerpon|flinch\n|\n|-status|p1a: Milotic|brn|[from] item: Flame Orb\n|upkeep\n|turn|2\n|inactive|abby giraffe has 30 seconds left.\n|\n|t:|1699726518\n|-terastallize|p1a: Milotic|Dragon\n|move|p1b: Ogerpon|Encore|p2b: Iron Hands\n|-start|p2b: Iron Hands|Encore\n|move|p2a: Tornadus|Bleakwind Storm|p1b: Ogerpon|[spread] p1a,p1b\n|-supereffective|p1b: Ogerpon\n|-damage|p1a: Milotic|77\/100 brn\n|-damage|p1b: Ogerpon|6\/100\n|-unboost|p1a: Milotic|spe|1\n|move|p2b: Iron Hands|Fake Out||[still]\n|-hint|Fake Out only works on your first turn out.\n|-fail|p2b: Iron Hands\n|move|p1a: Milotic|Ice Beam|p2a: Tornadus\n|-supereffective|p2a: Tornadus\n|-damage|p2a: Tornadus|65\/100\n|\n|-damage|p1a: Milotic|71\/100 brn|[from] brn\n|upkeep\n|turn|3\n|inactive|abby giraffe has 30 seconds left.\n|\n|t:|1699726544\n|move|p1b: Ogerpon|Spiky Shield|p1b: Ogerpon\n|-singleturn|p1b: Ogerpon|move: Protect\n|move|p2b: Iron Hands|Fake Out||[still]\n|-hint|Fake Out only works on your first turn out.\n|-fail|p2b: Iron Hands\n|move|p2a: Tornadus|Bleakwind Storm|p1b: Ogerpon|[spread] \n|-activate|p1b: Ogerpon|move: Protect\n|-miss|p2a: Tornadus|p1a: Milotic\n|move|p1a: Milotic|Ice Beam|p2a: Tornadus\n|-supereffective|p2a: Tornadus\n|-damage|p2a: Tornadus|30\/100\n|\n|-damage|p1a: Milotic|65\/100 brn|[from] brn\n|upkeep\n|turn|4\n|inactive|abby giraffe has 30 seconds left.\n|\n|t:|1699726571\n|switch|p1b: Landorus|Landorus-Therian, L50, M|100\/100\n|-ability|p1b: Landorus|Intimidate|boost\n|-unboost|p2a: Tornadus|atk|1\n|-unboost|p2b: Iron Hands|atk|1\n|move|p2b: Iron Hands|Fake Out||[still]\n|-hint|Fake Out only works on your first turn out.\n|-fail|p2b: Iron Hands\n|move|p2a: Tornadus|Tailwind|p2a: Tornadus\n|-sidestart|p2: praspian|move: Tailwind\n|move|p1a: Milotic|Ice Beam|p2a: Tornadus\n|-supereffective|p2a: Tornadus\n|-damage|p2a: Tornadus|0 fnt\n|faint|p2a: Tornadus\n|\n|-damage|p1a: Milotic|59\/100 brn|[from] brn\n|-end|p2b: Iron Hands|Encore\n|upkeep\n|\n|t:|1699726582\n|switch|p2a: Urshifu|Urshifu-Rapid-Strike, L50, M|100\/100\n|turn|5\n|inactive|abby giraffe has 30 seconds left.\n|\n|t:|1699726609\n|switch|p1b: Ogerpon|Ogerpon, L50, F|6\/100\n|move|p2a: Urshifu|Surging Strikes|p1b: Ogerpon\n|-resisted|p1b: Ogerpon\n|-crit|p1b: Ogerpon\n|-damage|p1b: Ogerpon|0 fnt\n|faint|p1b: Ogerpon\n|-hitcount|p1: Ogerpon|1\n|move|p2b: Iron Hands|Ice Punch|p1a: Milotic\n|-supereffective|p1a: Milotic\n|-damage|p1a: Milotic|38\/100 brn\n|move|p1a: Milotic|Scald|p2b: Iron Hands\n|-damage|p2b: Iron Hands|87\/100\n|\n|-damage|p1a: Milotic|32\/100 brn|[from] brn\n|upkeep\n|\n|t:|1699726624\n|switch|p1b: Flutter Mane|Flutter Mane, L50|100\/100\n|turn|6\n|\n|t:|1699726640\n|move|p2a: Urshifu|Surging Strikes|p1b: Flutter Mane\n|-crit|p1b: Flutter Mane\n|-damage|p1b: Flutter Mane|71\/100\n|-damage|p2a: Urshifu|84\/100|[from] item: Rocky Helmet|[of] p1b: Flutter Mane\n|-crit|p1b: Flutter Mane\n|-damage|p1b: Flutter Mane|41\/100\n|-damage|p2a: Urshifu|68\/100|[from] item: Rocky Helmet|[of] p1b: Flutter Mane\n|-crit|p1b: Flutter Mane\n|-damage|p1b: Flutter Mane|10\/100\n|-damage|p2a: Urshifu|51\/100|[from] item: Rocky Helmet|[of] p1b: Flutter Mane\n|-hitcount|p1b: Flutter Mane|3\n|move|p1b: Flutter Mane|Dazzling Gleam|p2b: Iron Hands|[spread] p2a,p2b\n|-supereffective|p2a: Urshifu\n|-supereffective|p2b: Iron Hands\n|-crit|p2b: Iron Hands\n|-damage|p2a: Urshifu|0 fnt\n|-damage|p2b: Iron Hands|41\/100\n|faint|p2a: Urshifu\n|move|p2b: Iron Hands|Drain Punch|p1a: Milotic\n|-damage|p1a: Milotic|17\/100 brn\n|-heal|p2b: Iron Hands|47\/100|[from] drain|[of] p1a: Milotic\n|move|p1a: Milotic|Scald|p2b: Iron Hands\n|-damage|p2b: Iron Hands|32\/100\n|-status|p2b: Iron Hands|brn\n|\n|-damage|p2b: Iron Hands|26\/100 brn|[from] brn\n|-damage|p1a: Milotic|11\/100 brn|[from] brn\n|upkeep\n|\n|t:|1699726653\n|switch|p2a: Moltres|Moltres-Galar, L50|100\/100\n|turn|7\n|c|\u2606praspian|i think that's the most unhinged flutter set i've ever seen\n|inactive|abby giraffe has 30 seconds left.\n|c|\u2606abby giraffe|thank you\n|inactive|abby giraffe has 20 seconds left.\n|c|\u2606praspian|you're welcome\n|c|\u2606abby giraffe|literally justthere to stop urshifu\n|inactive|abby giraffe has 15 seconds left.\n|\n|t:|1699726694\n|-terastallize|p2a: Moltres|Poison\n|move|p1a: Milotic|Protect|p1a: Milotic\n|-singleturn|p1a: Milotic|Protect\n|move|p2a: Moltres|Fiery Wrath|p1a: Milotic|[spread] p1b\n|-activate|p1a: Milotic|move: Protect\n|-damage|p1b: Flutter Mane|0 fnt\n|faint|p1b: Flutter Mane\n|-end|p1b: Flutter Mane|Protosynthesis|[silent]\n|move|p2b: Iron Hands|Drain Punch|p1a: Milotic\n|-activate|p1a: Milotic|move: Protect\n|\n|-damage|p2b: Iron Hands|20\/100 brn|[from] brn\n|-damage|p1a: Milotic|5\/100 brn|[from] brn\n|-sideend|p2: praspian|move: Tailwind\n|upkeep\n|\n|t:|1699726708\n|switch|p1b: Landorus|Landorus-Therian, L50, M|100\/100\n|-ability|p1b: Landorus|Intimidate|boost\n|-unboost|p2a: Moltres|atk|1\n|-unboost|p2b: Iron Hands|atk|1\n|turn|8\n|\n|t:|1699726723\n|move|p1b: Landorus|Stomping Tantrum|p2a: Moltres\n|-supereffective|p2a: Moltres\n|-damage|p2a: Moltres|22\/100\n|-ability|p2a: Moltres|Berserk|boost\n|-boost|p2a: Moltres|spa|1\n|-enditem|p2a: Moltres|Sitrus Berry|[eat]\n|-heal|p2a: Moltres|47\/100|[from] item: Sitrus Berry\n|move|p2a: Moltres|Fiery Wrath|p1b: Landorus|[spread] p1a,p1b\n|-damage|p1a: Milotic|0 fnt\n|-damage|p1b: Landorus|53\/100\n|faint|p1a: Milotic\n|move|p2b: Iron Hands|Ice Punch|p1b: Landorus\n|-supereffective|p1b: Landorus\n|-damage|p1b: Landorus|26\/100\n|-status|p1b: Landorus|frz\n|\n|-damage|p2b: Iron Hands|14\/100 brn|[from] brn\n|upkeep\n|turn|9\n|\n|t:|1699726740\n|cant|p1b: Landorus|frz\n|move|p2a: Moltres|Fiery Wrath|p1b: Landorus\n|-damage|p1b: Landorus|0 fnt\n|faint|p1b: Landorus\n|\n|win|praspian\n|raw|abby giraffe's rating: 1098 &rarr; <strong>1079<\/strong><br \/>(-19 for losing)\n|raw|praspian's rating: 1183 &rarr; <strong>1202<\/strong><br \/>(+19 for winning)\n|c|\u2606praspian|ggs\n|c|\u2606abby giraffe|i hate this game\n|c|\u2606abby giraffe|gg\n|l|\u2606abby giraffe\n","uploadtime":1699726754,"views":12,"p1id":"abbygiraffe","p2id":"praspian","formatid":"gen9vgc2023regulatione","rating":1079,"private":0,"password":""}