{"id":"gen9vgc2023regulatione-1995127011","p1":"PGH_Anubis","p2":"Kzkrzvkzl","format":"[Gen 9] VGC 2023 Regulation E","log":"|j|\u2606PGH_Anubis\n|j|\u2606Kzkrzvkzl\n|t:|1700525546\n|gametype|doubles\n|player|p1|PGH_Anubis|artist-gen4|1195\n|player|p2|Kzkrzvkzl|lance|1175\n|teamsize|p1|6\n|teamsize|p2|6\n|gen|9\n|tier|[Gen 9] VGC 2023 Regulation E\n|rated|\n|rule|Species Clause: Limit one of each Pok\u00e9mon\n|rule|Item Clause: Limit one of each item\n|clearpoke\n|poke|p1|Iron Bundle, L50|\n|poke|p1|Gholdengo, L50|\n|poke|p1|Ogerpon-Wellspring, L50, F|\n|poke|p1|Weezing, L50, F|\n|poke|p1|Slaking, L50, F|\n|poke|p1|Chien-Pao, L50|\n|poke|p2|Flutter Mane, L50|\n|poke|p2|Tornadus, L50, M|\n|poke|p2|Rillaboom, L50, M|\n|poke|p2|Garganacl, L50, M|\n|poke|p2|Arcanine-Hisui, L50, M|\n|poke|p2|Chien-Pao, L50|\n|teampreview|4\n|inactive|Battle timer is ON: inactive players will automatically lose when time's up. (requested by PGH_Anubis)\n|\n|t:|1700525570\n|start\n|switch|p1a: Weezing|Weezing, L50, F|100\/100\n|switch|p1b: Slaking|Slaking, L50, F|100\/100\n|switch|p2a: Garganacl|Garganacl, L50, M|100\/100\n|switch|p2b: Tornadus|Tornadus, L50, M|100\/100\n|-ability|p1a: Weezing|Neutralizing Gas\n|turn|1\n|\n|t:|1700525586\n|-terastallize|p2a: Garganacl|Ghost\n|move|p1b: Slaking|High Horsepower|p2a: Garganacl\n|-damage|p2a: Garganacl|64\/100\n|move|p2b: Tornadus|Taunt|p1a: Weezing\n|-start|p1a: Weezing|move: Taunt\n|cant|p1a: Weezing|move: Taunt|Taunt\n|move|p2a: Garganacl|Iron Defense|p2a: Garganacl\n|-boost|p2a: Garganacl|def|2\n|\n|upkeep\n|turn|2\n|\n|t:|1700525601\n|-end|p1a: Weezing|ability: Neutralizing Gas\n|switch|p1a: Iron Bundle|Iron Bundle, L50|100\/100\n|-enditem|p1a: Iron Bundle|Booster Energy\n|-activate|p1a: Iron Bundle|ability: Quark Drive|[fromitem]\n|-start|p1a: Iron Bundle|quarkdrivespe\n|move|p2b: Tornadus|Tailwind|p2b: Tornadus\n|-sidestart|p2: Kzkrzvkzl|move: Tailwind\n|move|p1b: Slaking|High Horsepower|p2a: Garganacl\n|-damage|p2a: Garganacl|46\/100\n|-enditem|p2a: Garganacl|Sitrus Berry|[eat]\n|-heal|p2a: Garganacl|71\/100|[from] item: Sitrus Berry\n|move|p2a: Garganacl|Iron Defense|p2a: Garganacl\n|-boost|p2a: Garganacl|def|2\n|\n|upkeep\n|turn|3\n|\n|t:|1700525623\n|switch|p2b: Arcanine|Arcanine-Hisui, L50, M|100\/100\n|-ability|p2b: Arcanine|Intimidate|boost\n|-unboost|p1a: Iron Bundle|atk|1\n|-unboost|p1b: Slaking|atk|1\n|switch|p1b: Weezing|Weezing, L50, F|100\/100\n|-ability|p1b: Weezing|Neutralizing Gas\n|move|p1a: Iron Bundle|Encore|p2a: Garganacl\n|-start|p2a: Garganacl|Encore\n|move|p2a: Garganacl|Iron Defense|p2a: Garganacl\n|-boost|p2a: Garganacl|def|2\n|\n|upkeep\n|turn|4\n|\n|t:|1700525642\n|move|p2b: Arcanine|Rock Slide|p1b: Weezing|[spread] p1a,p1b\n|-supereffective|p1a: Iron Bundle\n|-damage|p1a: Iron Bundle|9\/100\n|-damage|p1b: Weezing|65\/100\n|move|p1a: Iron Bundle|Hydro Pump|p2b: Arcanine\n|-supereffective|p2b: Arcanine\n|-damage|p2b: Arcanine|0 fnt\n|faint|p2b: Arcanine\n|move|p2a: Garganacl|Iron Defense|p2a: Garganacl\n|-boost|p2a: Garganacl|def|0\n|move|p1b: Weezing|Taunt|p2a: Garganacl\n|-start|p2a: Garganacl|move: Taunt\n|\n|upkeep\n|\n|t:|1700525658\n|switch|p2b: Rillaboom|Rillaboom, L50, M|100\/100\n|turn|5\n|\n|t:|1700525665\n|move|p1a: Iron Bundle|Protect|p1a: Iron Bundle\n|-singleturn|p1a: Iron Bundle|Protect\n|move|p2b: Rillaboom|Fake Out|p1a: Iron Bundle\n|-activate|p1a: Iron Bundle|move: Protect\n|-activate|p2a: Garganacl|move: Struggle\n|move|p2a: Garganacl|Struggle|p1b: Weezing\n|-damage|p1b: Weezing|54\/100\n|-damage|p2a: Garganacl|45\/100|[from] recoil\n|move|p1b: Weezing|Will-O-Wisp|p2b: Rillaboom\n|-status|p2b: Rillaboom|brn\n|\n|-damage|p2b: Rillaboom|95\/100 brn|[from] brn\n|-end|p2a: Garganacl|Encore\n|-sideend|p2: Kzkrzvkzl|move: Tailwind\n|upkeep\n|turn|6\n|\n|t:|1700525683\n|move|p1a: Iron Bundle|Freeze-Dry|p2b: Rillaboom\n|-supereffective|p2b: Rillaboom\n|-damage|p2b: Rillaboom|40\/100 brn\n|move|p2b: Rillaboom|Drain Punch|p1a: Iron Bundle\n|-supereffective|p1a: Iron Bundle\n|-damage|p1a: Iron Bundle|0 fnt\n|-heal|p2b: Rillaboom|43\/100 brn|[from] drain|[of] p1a: Iron Bundle\n|faint|p1a: Iron Bundle\n|-end|p1a: Iron Bundle|Quark Drive|[silent]\n|move|p1b: Weezing|Sludge Bomb|p2b: Rillaboom\n|-supereffective|p2b: Rillaboom\n|-damage|p2b: Rillaboom|0 fnt\n|faint|p2b: Rillaboom\n|move|p2a: Garganacl|Salt Cure|p1b: Weezing\n|-damage|p1b: Weezing|41\/100\n|-start|p1b: Weezing|Salt Cure\n|-enditem|p1b: Weezing|Sitrus Berry|[eat]\n|-heal|p1b: Weezing|66\/100|[from] item: Sitrus Berry\n|\n|-damage|p1b: Weezing|54\/100|[from] Salt Cure\n|upkeep\n|\n|t:|1700525697\n|switch|p1a: Slaking|Slaking, L50, F|100\/100\n|switch|p2b: Tornadus|Tornadus, L50, M|100\/100\n|turn|7\n|\n|t:|1700525720\n|move|p1a: Slaking|Fire Punch|p2b: Tornadus\n|-damage|p2b: Tornadus|47\/100\n|-damage|p1a: Slaking|84\/100|[from] item: Rocky Helmet|[of] p2b: Tornadus\n|move|p2b: Tornadus|Taunt|p1b: Weezing\n|-start|p1b: Weezing|move: Taunt\n|cant|p1b: Weezing|move: Taunt|Will-O-Wisp\n|move|p2a: Garganacl|Salt Cure|p1a: Slaking\n|-damage|p1a: Slaking|72\/100\n|-start|p1a: Slaking|Salt Cure\n|\n|-damage|p1a: Slaking|60\/100|[from] Salt Cure\n|-damage|p1b: Weezing|41\/100|[from] Salt Cure\n|-end|p2a: Garganacl|move: Taunt\n|upkeep\n|turn|8\n|\n|t:|1700525733\n|-end|p1b: Weezing|ability: Neutralizing Gas\n|switch|p1b: Ogerpon|Ogerpon-Wellspring, L50, F|100\/100\n|move|p1a: Slaking|Fire Punch|p2b: Tornadus\n|-damage|p2b: Tornadus|0 fnt\n|-damage|p1a: Slaking|44\/100|[from] item: Rocky Helmet|[of] p2b: Tornadus\n|faint|p2b: Tornadus\n|move|p2a: Garganacl|Recover|p2a: Garganacl\n|-heal|p2a: Garganacl|96\/100\n|\n|-damage|p1a: Slaking|31\/100|[from] Salt Cure\n|upkeep\n|turn|9\n|\n|t:|1700525749\n|switch|p1a: Weezing|Weezing, L50, F|41\/100\n|-ability|p1a: Weezing|Neutralizing Gas\n|move|p1b: Ogerpon|Spiky Shield|p1b: Ogerpon\n|-singleturn|p1b: Ogerpon|move: Protect\n|move|p2a: Garganacl|Salt Cure|p1b: Ogerpon\n|-activate|p1b: Ogerpon|move: Protect\n|\n|upkeep\n|turn|10\n|\n|t:|1700525762\n|switch|p1b: Slaking|Slaking, L50, F|31\/100\n|move|p1a: Weezing|Will-O-Wisp|p2a: Garganacl\n|-status|p2a: Garganacl|brn\n|move|p2a: Garganacl|Salt Cure|p1b: Slaking\n|-crit|p1b: Slaking\n|-damage|p1b: Slaking|23\/100\n|-start|p1b: Slaking|Salt Cure\n|\n|-damage|p2a: Garganacl|90\/100 brn|[from] brn\n|-damage|p1b: Slaking|11\/100|[from] Salt Cure\n|upkeep\n|turn|11\n|\n|t:|1700525781\n|move|p1b: Slaking|High Horsepower|p2a: Garganacl\n|-damage|p2a: Garganacl|80\/100 brn\n|move|p1a: Weezing|Sludge Bomb|p2a: Garganacl\n|-resisted|p2a: Garganacl\n|-damage|p2a: Garganacl|70\/100 brn\n|move|p2a: Garganacl|Salt Cure|p1a: Weezing\n|-damage|p1a: Weezing|35\/100\n|-start|p1a: Weezing|Salt Cure\n|\n|-damage|p2a: Garganacl|64\/100 brn|[from] brn\n|-damage|p1b: Slaking|0 fnt|[from] Salt Cure\n|faint|p1b: Slaking\n|-damage|p1a: Weezing|22\/100|[from] Salt Cure\n|upkeep\n|\n|t:|1700525790\n|switch|p1b: Ogerpon|Ogerpon-Wellspring, L50, F|100\/100\n|turn|12\n|\n|t:|1700525794\n|move|p1b: Ogerpon|Spiky Shield|p1b: Ogerpon\n|-singleturn|p1b: Ogerpon|move: Protect\n|move|p1a: Weezing|Sludge Bomb|p2a: Garganacl\n|-resisted|p2a: Garganacl\n|-damage|p2a: Garganacl|55\/100 brn\n|move|p2a: Garganacl|Salt Cure|p1b: Ogerpon\n|-activate|p1b: Ogerpon|move: Protect\n|\n|-damage|p2a: Garganacl|49\/100 brn|[from] brn\n|-damage|p1a: Weezing|10\/100|[from] Salt Cure\n|upkeep\n|turn|13\n|\n|t:|1700525807\n|-terastallize|p1b: Ogerpon|Water\n|detailschange|p1b: Ogerpon|Ogerpon-Wellspring-Tera, L50, F, tera:Water\n|move|p2a: Garganacl|Protect|p2a: Garganacl\n|-singleturn|p2a: Garganacl|Protect\n|move|p1b: Ogerpon|Swords Dance|p1b: Ogerpon\n|-boost|p1b: Ogerpon|atk|2\n|move|p1a: Weezing|Taunt|p2a: Garganacl\n|-activate|p2a: Garganacl|move: Protect\n|\n|-damage|p2a: Garganacl|43\/100 brn|[from] brn\n|-damage|p1a: Weezing|0 fnt|[from] Salt Cure\n|faint|p1a: Weezing\n|-end|p1a: Weezing|ability: Neutralizing Gas\n|-ability|p1b: Ogerpon|Embody Aspect (Wellspring)|boost\n|-boost|p1b: Ogerpon|spd|1\n|upkeep\n|turn|14\n|\n|t:|1700525817\n|move|p1b: Ogerpon|Swords Dance|p1b: Ogerpon\n|-boost|p1b: Ogerpon|atk|2\n|move|p2a: Garganacl|Recover|p2a: Garganacl\n|-heal|p2a: Garganacl|93\/100 brn\n|\n|-damage|p2a: Garganacl|87\/100 brn|[from] brn\n|upkeep\n|turn|15\n|\n|t:|1700525825\n|move|p1b: Ogerpon|Swords Dance|p1b: Ogerpon\n|-boost|p1b: Ogerpon|atk|2\n|move|p2a: Garganacl|Salt Cure|p1b: Ogerpon\n|-damage|p1b: Ogerpon|91\/100\n|-start|p1b: Ogerpon|Salt Cure\n|\n|-damage|p2a: Garganacl|82\/100 brn|[from] brn\n|-damage|p1b: Ogerpon|67\/100|[from] Salt Cure\n|upkeep\n|turn|16\n|\n|t:|1700525831\n|move|p2a: Garganacl|Protect|p2a: Garganacl\n|-singleturn|p2a: Garganacl|Protect\n|move|p1b: Ogerpon|Horn Leech|p2a: Garganacl\n|-activate|p2a: Garganacl|move: Protect\n|\n|-damage|p2a: Garganacl|76\/100 brn|[from] brn\n|-damage|p1b: Ogerpon|42\/100|[from] Salt Cure\n|upkeep\n|turn|17\n|\n|t:|1700525833\n|move|p1b: Ogerpon|Horn Leech|p2a: Garganacl\n|-damage|p2a: Garganacl|42\/100 brn\n|-heal|p1b: Ogerpon|65\/100|[from] drain|[of] p2a: Garganacl\n|move|p2a: Garganacl|Recover|p2a: Garganacl\n|-heal|p2a: Garganacl|92\/100 brn\n|\n|-damage|p2a: Garganacl|86\/100 brn|[from] brn\n|-damage|p1b: Ogerpon|40\/100|[from] Salt Cure\n|upkeep\n|turn|18\n|\n|t:|1700525839\n|move|p2a: Garganacl|Protect|p2a: Garganacl\n|-singleturn|p2a: Garganacl|Protect\n|move|p1b: Ogerpon|Horn Leech|p2a: Garganacl\n|-activate|p2a: Garganacl|move: Protect\n|\n|-damage|p2a: Garganacl|81\/100 brn|[from] brn\n|-damage|p1b: Ogerpon|16\/100|[from] Salt Cure\n|upkeep\n|turn|19\n|\n|t:|1700525842\n|move|p2a: Garganacl|Protect||[still]\n|-fail|p2a: Garganacl\n|move|p1b: Ogerpon|Horn Leech|p2a: Garganacl\n|-damage|p2a: Garganacl|44\/100 brn\n|-heal|p1b: Ogerpon|40\/100|[from] drain|[of] p2a: Garganacl\n|\n|-damage|p2a: Garganacl|38\/100 brn|[from] brn\n|-damage|p1b: Ogerpon|16\/100|[from] Salt Cure\n|upkeep\n|turn|20\n|\n|t:|1700525849\n|move|p2a: Garganacl|Protect|p2a: Garganacl\n|-singleturn|p2a: Garganacl|Protect\n|move|p1b: Ogerpon|Horn Leech|p2a: Garganacl\n|-activate|p2a: Garganacl|move: Protect\n|\n|-damage|p2a: Garganacl|32\/100 brn|[from] brn\n|-damage|p1b: Ogerpon|0 fnt|[from] Salt Cure\n|faint|p1b: Ogerpon\n|\n|win|Kzkrzvkzl\n|upkeep\n|raw|PGH_Anubis's rating: 1195 &rarr; <strong>1169<\/strong><br \/>(-26 for losing)\n|raw|Kzkrzvkzl's rating: 1175 &rarr; <strong>1201<\/strong><br \/>(+26 for winning)\n|l|\u2606PGH_Anubis\n","uploadtime":1700525853,"views":3,"p1id":"pghanubis","p2id":"kzkrzvkzl","formatid":"gen9vgc2023regulatione","rating":1169,"private":0,"password":""}