{"id":"gen9vgc2023regulatione-1998183856","p1":"Prince Rooveooo","p2":"vlopes777","format":"[Gen 9] VGC 2023 Regulation E","log":"|j|\u2606Prince Rooveooo\n|j|\u2606vlopes777\n|t:|1700908244\n|gametype|doubles\n|player|p1|Prince Rooveooo|red|1178\n|player|p2|vlopes777|pokekid|1163\n|teamsize|p1|6\n|teamsize|p2|6\n|gen|9\n|tier|[Gen 9] VGC 2023 Regulation E\n|rated|\n|rule|Species Clause: Limit one of each Pok\u00e9mon\n|rule|Item Clause: Limit one of each item\n|clearpoke\n|poke|p1|Iron Hands, L50|\n|poke|p1|Landorus-Therian, L50, M|\n|poke|p1|Sinistcha, L50|\n|poke|p1|Grimmsnarl, L50, M|\n|poke|p1|Goodra-Hisui, L50, F|\n|poke|p1|Toxapex, L50, F|\n|poke|p2|Landorus-Therian, L50, M|\n|poke|p2|Tornadus, L50, M|\n|poke|p2|Iron Hands, L50|\n|poke|p2|Amoonguss, L50, M|\n|poke|p2|Heatran, L50, F|\n|poke|p2|Flutter Mane, L50|\n|teampreview|4\n|inactive|Battle timer is ON: inactive players will automatically lose when time's up. (requested by vlopes777)\n|inactive|Prince Rooveooo also wants the timer to be on.\nvlopes777 has agreed to open team sheets.\n|c|\u2606Prince Rooveooo|stall e\n|inactive|Prince Rooveooo has 60 seconds left.\n|inactive|vlopes777 has 60 seconds left.\n|\n|t:|1700908285\n|start\n|switch|p1a: Landorus|Landorus-Therian, L50, M|100\/100\n|switch|p1b: Iron Hands|Iron Hands, L50|100\/100\n|switch|p2a: D\u00e9m\u00e9t\u00e9ros|Landorus-Therian, L50, M|100\/100\n|switch|p2b: Amoonguss|Amoonguss, L50, M|100\/100\n|-ability|p2a: D\u00e9m\u00e9t\u00e9ros|Intimidate|boost\n|-unboost|p1a: Landorus|atk|1\n|-unboost|p1b: Iron Hands|atk|1\n|-ability|p1a: Landorus|Intimidate|boost\n|-unboost|p2a: D\u00e9m\u00e9t\u00e9ros|atk|1\n|-unboost|p2b: Amoonguss|atk|1\n|turn|1\n|inactive|vlopes777 has 30 seconds left.\n|\n|t:|1700908315\n|switch|p2b: Heatran|Heatran, L50, F|100\/100\n|-terastallize|p1a: Landorus|Flying\n|move|p1b: Iron Hands|Fake Out|p2a: D\u00e9m\u00e9t\u00e9ros\n|-damage|p2a: D\u00e9m\u00e9t\u00e9ros|91\/100\n|cant|p2a: D\u00e9m\u00e9t\u00e9ros|flinch\n|move|p1a: Landorus|Tera Blast|p2b: Heatran|[anim] Tera Blast Flying\n|-resisted|p2b: Heatran\n|-damage|p2b: Heatran|82\/100\n|\n|upkeep\n|turn|2\n|\n|t:|1700908329\n|switch|p1a: Toxapex|Toxapex, L50, F|100\/100\n|move|p2b: Heatran|Protect|p2b: Heatran\n|-singleturn|p2b: Heatran|Protect\n|move|p2a: D\u00e9m\u00e9t\u00e9ros|Stomping Tantrum|p1b: Iron Hands\n|-supereffective|p1b: Iron Hands\n|-crit|p1b: Iron Hands\n|-damage|p1b: Iron Hands|0 fnt\n|faint|p1b: Iron Hands\n|-end|p1b: Iron Hands|Quark Drive|[silent]\n|\n|upkeep\n|\n|t:|1700908335\n|switch|p1b: Landorus|Landorus-Therian, L50, M, tera:Flying|100\/100\n|-ability|p1b: Landorus|Intimidate|boost\n|-unboost|p2a: D\u00e9m\u00e9t\u00e9ros|atk|1\n|-unboost|p2b: Heatran|atk|1\n|turn|3\n|inactive|vlopes777 has 30 seconds left.\n|inactive|vlopes777 has 20 seconds left.\n|inactive|vlopes777 has 15 seconds left.\n|\n|t:|1700908377\n|-terastallize|p2b: Heatran|Grass\n|move|p1a: Toxapex|Baneful Bunker|p1a: Toxapex\n|-singleturn|p1a: Toxapex|move: Protect\n|move|p2a: D\u00e9m\u00e9t\u00e9ros|Stomping Tantrum|p1a: Toxapex\n|-activate|p1a: Toxapex|move: Protect\n|-status|p2a: D\u00e9m\u00e9t\u00e9ros|psn\n|move|p1b: Landorus|Stomping Tantrum|p2b: Heatran\n|-resisted|p2b: Heatran\n|-damage|p2b: Heatran|65\/100\n|move|p2b: Heatran|Flash Cannon|p1a: Toxapex\n|-activate|p1a: Toxapex|move: Protect\n|\n|-damage|p2a: D\u00e9m\u00e9t\u00e9ros|78\/100 psn|[from] psn\n|upkeep\n|turn|4\n|inactive|Prince Rooveooo has 30 seconds left.\n|\n|t:|1700908408\n|switch|p1b: Goodra|Goodra-Hisui, L50, F|100\/100\n|move|p2a: D\u00e9m\u00e9t\u00e9ros|Stomping Tantrum|p1a: Toxapex\n|-supereffective|p1a: Toxapex\n|-damage|p1a: Toxapex|72\/100\n|move|p2b: Heatran|Flash Cannon|p1a: Toxapex\n|-resisted|p1a: Toxapex\n|-damage|p1a: Toxapex|50\/100\n|-damage|p2b: Heatran|55\/100|[from] item: Life Orb\n|move|p1a: Toxapex|Recover|p1a: Toxapex\n|-heal|p1a: Toxapex|100\/100\n|\n|-damage|p2a: D\u00e9m\u00e9t\u00e9ros|66\/100 psn|[from] psn\n|upkeep\n|turn|5\n|\n|t:|1700908427\n|switch|p2a: Amoonguss|Amoonguss, L50, M|100\/100\n|switch|p2b: Iron Hands|Iron Hands, L50|100\/100\n|switch|p1b: Landorus|Landorus-Therian, L50, M, tera:Flying|100\/100\n|-ability|p1b: Landorus|Intimidate|boost\n|-unboost|p2a: Amoonguss|atk|1\n|-unboost|p2b: Iron Hands|atk|1\n|move|p1a: Toxapex|Infestation|p2b: Iron Hands\n|-resisted|p2b: Iron Hands\n|-damage|p2b: Iron Hands|99\/100\n|-activate|p2b: Iron Hands|move: Infestation|[of] p1a: Toxapex\n|\n|-damage|p2b: Iron Hands|83\/100|[from] move: Infestation|[partiallytrapped]\n|upkeep\n|turn|6\n|\n|t:|1700908451\n|move|p1a: Toxapex|Baneful Bunker|p1a: Toxapex\n|-singleturn|p1a: Toxapex|move: Protect\n|move|p2b: Iron Hands|Fake Out|p1b: Landorus\n|-damage|p1b: Landorus|92\/100\n|cant|p1b: Landorus|flinch\n|move|p2a: Amoonguss|Spore|p1b: Landorus\n|-status|p1b: Landorus|slp|[from] move: Spore\n|\n|-damage|p2b: Iron Hands|67\/100|[from] move: Infestation|[partiallytrapped]\n|upkeep\n|turn|7\n|inactive|vlopes777 has 30 seconds left.\n|\n|t:|1700908480\n|cant|p1b: Landorus|slp\n|move|p2b: Iron Hands|Drain Punch|p1a: Toxapex\n|-resisted|p1a: Toxapex\n|-damage|p1a: Toxapex|92\/100\n|-heal|p2b: Iron Hands|70\/100|[from] drain|[of] p1a: Toxapex\n|move|p1a: Toxapex|Infestation|p2a: Amoonguss\n|-damage|p2a: Amoonguss|98\/100\n|-activate|p2a: Amoonguss|move: Infestation|[of] p1a: Toxapex\n|move|p2a: Amoonguss|Spore|p1a: Toxapex\n|-status|p1a: Toxapex|slp|[from] move: Spore\n|\n|-damage|p2b: Iron Hands|53\/100|[from] move: Infestation|[partiallytrapped]\n|-damage|p2a: Amoonguss|81\/100|[from] move: Infestation|[partiallytrapped]\n|upkeep\n|turn|8\n|\n|t:|1700908501\n|cant|p1b: Landorus|slp\n|move|p2b: Iron Hands|Wild Charge|p1a: Toxapex\n|-supereffective|p1a: Toxapex\n|-damage|p1a: Toxapex|54\/100 slp\n|-damage|p2b: Iron Hands|47\/100|[from] Recoil\n|cant|p1a: Toxapex|slp\n|move|p2a: Amoonguss|Pollen Puff|p2b: Iron Hands\n|-heal|p2b: Iron Hands|97\/100\n|\n|-damage|p2b: Iron Hands|80\/100|[from] move: Infestation|[partiallytrapped]\n|-damage|p2a: Amoonguss|65\/100|[from] move: Infestation|[partiallytrapped]\n|upkeep\n|turn|9\n|\n|t:|1700908521\n|-curestatus|p1b: Landorus|slp|[msg]\n|move|p1b: Landorus|Tera Blast|p2a: Amoonguss|[anim] Tera Blast Flying\n|-supereffective|p2a: Amoonguss\n|-damage|p2a: Amoonguss|0 fnt\n|faint|p2a: Amoonguss\n|move|p2b: Iron Hands|Wild Charge|p1b: Landorus\n|-supereffective|p1b: Landorus\n|-damage|p1b: Landorus|26\/100\n|-damage|p2b: Iron Hands|68\/100|[from] Recoil\n|-curestatus|p1a: Toxapex|slp|[msg]\n|move|p1a: Toxapex|Recover|p1a: Toxapex\n|-heal|p1a: Toxapex|100\/100\n|\n|-end|p2b: Iron Hands|Infestation|[partiallytrapped]\n|upkeep\n|\n|t:|1700908534\n|switch|p2a: D\u00e9m\u00e9t\u00e9ros|Landorus-Therian, L50, M|66\/100 psn\n|-ability|p2a: D\u00e9m\u00e9t\u00e9ros|Intimidate|boost\n|-unboost|p1a: Toxapex|atk|1\n|-unboost|p1b: Landorus|atk|1\n|turn|10\n|\n|t:|1700908544\n|-end|p2b: Iron Hands|Quark Drive|[silent]\n|switch|p2b: Heatran|Heatran, L50, F, tera:Grass|55\/100\n|move|p1a: Toxapex|Baneful Bunker|p1a: Toxapex\n|-singleturn|p1a: Toxapex|move: Protect\n|move|p2a: D\u00e9m\u00e9t\u00e9ros|Rock Tomb|p1b: Landorus\n|-supereffective|p1b: Landorus\n|-damage|p1b: Landorus|0 fnt\n|faint|p1b: Landorus\n|\n|-damage|p2a: D\u00e9m\u00e9t\u00e9ros|53\/100 psn|[from] psn\n|upkeep\n|\n|t:|1700908555\n|switch|p1b: Goodra|Goodra-Hisui, L50, F|100\/100\n|turn|11\n|\n|t:|1700908568\n|switch|p2a: Iron Hands|Iron Hands, L50|68\/100\n|move|p2b: Heatran|Earth Power|p1b: Goodra\n|-supereffective|p1b: Goodra\n|-damage|p1b: Goodra|46\/100\n|-damage|p2b: Heatran|46\/100|[from] item: Life Orb\n|move|p1b: Goodra|Shelter|p1b: Goodra\n|-boost|p1b: Goodra|def|2\n|move|p1a: Toxapex|Infestation|p2b: Heatran\n|-supereffective|p2b: Heatran\n|-damage|p2b: Heatran|41\/100\n|-activate|p2b: Heatran|move: Infestation|[of] p1a: Toxapex\n|\n|-heal|p1b: Goodra|52\/100|[from] item: Leftovers\n|-damage|p2b: Heatran|24\/100|[from] move: Infestation|[partiallytrapped]\n|upkeep\n|turn|12\n|inactive|Prince Rooveooo has 30 seconds left.\n|inactive|vlopes777 has 30 seconds left.\n|\n|t:|1700908601\n|move|p2a: Iron Hands|Fake Out|p1b: Goodra\n|-resisted|p1b: Goodra\n|-damage|p1b: Goodra|50\/100\n|move|p2b: Heatran|Earth Power|p1b: Goodra\n|-supereffective|p1b: Goodra\n|-damage|p1b: Goodra|0 fnt\n|faint|p1b: Goodra\n|-damage|p2b: Heatran|15\/100|[from] item: Life Orb\n|move|p1a: Toxapex|Infestation|p2a: Iron Hands\n|-resisted|p2a: Iron Hands\n|-crit|p2a: Iron Hands\n|-damage|p2a: Iron Hands|67\/100\n|-activate|p2a: Iron Hands|move: Infestation|[of] p1a: Toxapex\n|\n|-damage|p2b: Heatran|0 fnt|[from] move: Infestation|[partiallytrapped]\n|faint|p2b: Heatran\n|-damage|p2a: Iron Hands|50\/100|[from] move: Infestation|[partiallytrapped]\n|upkeep\n|\n|t:|1700908615\n|switch|p2b: D\u00e9m\u00e9t\u00e9ros|Landorus-Therian, L50, M|53\/100 psn\n|-ability|p2b: D\u00e9m\u00e9t\u00e9ros|Intimidate|boost\n|-unboost|p1a: Toxapex|atk|1\n|turn|13\n|\n|t:|1700908630\n|move|p1a: Toxapex|Baneful Bunker|p1a: Toxapex\n|-singleturn|p1a: Toxapex|move: Protect\n|move|p2b: D\u00e9m\u00e9t\u00e9ros|Stomping Tantrum|p1a: Toxapex\n|-activate|p1a: Toxapex|move: Protect\n|move|p2a: Iron Hands|Drain Punch|p1a: Toxapex\n|-activate|p1a: Toxapex|move: Protect\n|-status|p2a: Iron Hands|psn\n|\n|-damage|p2b: D\u00e9m\u00e9t\u00e9ros|41\/100 psn|[from] psn\n|-damage|p2a: Iron Hands|38\/100 psn|[from] psn\n|-damage|p2a: Iron Hands|22\/100 psn|[from] move: Infestation|[partiallytrapped]\n|upkeep\n|turn|14\n|c|\u2606Prince Rooveooo|gg\n|c|\u2606Prince Rooveooo|i guess\n|c|\u2606vlopes777|ZZZZZZzzzzzZZZZ\n|inactive|vlopes777 has 30 seconds left.\n|\n|t:|1700908660\n|move|p2b: D\u00e9m\u00e9t\u00e9ros|Stomping Tantrum|p1a: Toxapex\n|-supereffective|p1a: Toxapex\n|-damage|p1a: Toxapex|38\/100\n|move|p2a: Iron Hands|Drain Punch|p1a: Toxapex\n|-resisted|p1a: Toxapex\n|-damage|p1a: Toxapex|27\/100\n|-heal|p2a: Iron Hands|25\/100 psn|[from] drain|[of] p1a: Toxapex\n|move|p1a: Toxapex|Recover|p1a: Toxapex\n|-heal|p1a: Toxapex|77\/100\n|\n|-damage|p2b: D\u00e9m\u00e9t\u00e9ros|29\/100 psn|[from] psn\n|-damage|p2a: Iron Hands|13\/100 psn|[from] psn\n|-damage|p2a: Iron Hands|0 fnt|[from] move: Infestation|[partiallytrapped]\n|faint|p2a: Iron Hands\n|-end|p2a: Iron Hands|Quark Drive|[silent]\n|upkeep\n|turn|15\n|c|\u2606Prince Rooveooo|why mad\n|c|\u2606Prince Rooveooo|u should have use wild charge\n|inactive|Prince Rooveooo has 30 seconds left.\n|\n|t:|1700908685\n|move|p2b: D\u00e9m\u00e9t\u00e9ros|Stomping Tantrum|p1a: Toxapex\n|-supereffective|p1a: Toxapex\n|-damage|p1a: Toxapex|18\/100\n|move|p1a: Toxapex|Recover|p1a: Toxapex\n|-heal|p1a: Toxapex|69\/100\n|\n|-damage|p2b: D\u00e9m\u00e9t\u00e9ros|16\/100 psn|[from] psn\n|upkeep\n|turn|16\n|\n|t:|1700908696\n|move|p1a: Toxapex|Baneful Bunker|p1a: Toxapex\n|-singleturn|p1a: Toxapex|move: Protect\n|move|p2b: D\u00e9m\u00e9t\u00e9ros|Stomping Tantrum|p1a: Toxapex\n|-activate|p1a: Toxapex|move: Protect\n|\n|-damage|p2b: D\u00e9m\u00e9t\u00e9ros|4\/100 psn|[from] psn\n|upkeep\n|turn|17\n|\n|t:|1700908704\n|move|p2b: D\u00e9m\u00e9t\u00e9ros|Stomping Tantrum|p1a: Toxapex\n|-supereffective|p1a: Toxapex\n|-crit|p1a: Toxapex\n|-damage|p1a: Toxapex|0 fnt\n|faint|p1a: Toxapex\n|\n|win|vlopes777\n|raw|Prince Rooveooo's rating: 1178 &rarr; <strong>1152<\/strong><br \/>(-26 for losing)\n|raw|vlopes777's rating: 1163 &rarr; <strong>1189<\/strong><br \/>(+26 for winning)\n|c|\u2606Prince Rooveooo|lol\n|c|\u2606vlopes777|what?\n|c|\u2606vlopes777|stall lol\n|l|\u2606Prince Rooveooo\n","uploadtime":1700908726,"views":7,"p1id":"princerooveooo","p2id":"vlopes777","formatid":"gen9vgc2023regulatione","rating":1152,"private":0,"password":""}