{"id":"gen9vgc2023regulatione-1998486896","p1":"iljone","p2":"CyborgPigeon","format":"[Gen 9] VGC 2023 Regulation E","log":"|j|\u2606iljone\n|j|\u2606CyborgPigeon\n|n|\u2606iljone|iljone\n|n|\u2606CyborgPigeon|cyborgpigeon\n|html|View the match progress at <a href=\"\/game-bestof3-gen9vgc2023regulatione-1998486895\">game-bestof3-gen9vgc2023regulatione-1998486895<\/a>\n|t:|1700947835\n|gametype|doubles\n|player|p1|iljone|acetrainer-gen4dp|\n|player|p2|CyborgPigeon|lucas|\n|teamsize|p1|6\n|teamsize|p2|6\n|gen|9\n|tier|[Gen 9] VGC 2023 Regulation E\n|rule|Species Clause: Limit one of each Pok\u00e9mon\n|rule|Item Clause: Limit one of each item\n|clearpoke\n|poke|p1|Sinistcha-Masterpiece, L50|\n|poke|p1|Arcanine-Hisui, L50, F|\n|poke|p1|Kommo-o, L50, F|\n|poke|p1|Fezandipiti, L50, M|\n|poke|p1|Milotic, L50, M|\n|poke|p1|Kingambit, L50, M|\n|poke|p2|Fezandipiti, L50, M|\n|poke|p2|Sinistcha, L50|\n|poke|p2|Annihilape, L50, M|\n|poke|p2|Grimmsnarl, L50, M|\n|poke|p2|Maushold, L50|\n|poke|p2|Meowscarada, L50, F|\n|teampreview|4\niljone has agreed to open team sheets.\nCyborgPigeon has agreed to open team sheets.\n|showteam|p1|Sinistcha-Masterpiece||BigRoot|Hospitality|MatchaGotcha,RagePowder,Protect,StrengthSap||||||50|,,,,,Water]Arcanine-Hisui||SafetyGoggles|Intimidate|RockSlide,ExtremeSpeed,FlareBlitz,Protect|||F|||50|,,,,,Water]Kommo-o||ThroatSpray|Overcoat|ClangorousSoul,Protect,ClangingScales,FlashCannon|||F|||50|,,,,,Steel]Fezandipiti||CovertCloak|ToxicChain|IcyWind,DazzlingGleam,Taunt,Protect|||M|||50|,,,,,Grass]Milotic||Leftovers|Competitive|Scald,Protect,IcyWind,IceBeam|||M|||50|,,,,,Grass]Kingambit||AssaultVest|Defiant|SuckerPunch,KowtowCleave,IronHead,TeraBlast|||M|||50|,,,,,Fairy\n|showteam|p2|Fezandipiti||CovertCloak|ToxicChain|Protect,IcyWind,DazzlingGleam,Tailwind|||M|||50|,,,,,Fairy]Sinistcha||RockyHelmet|Hospitality|MatchaGotcha,Protect,Hex,StrengthSap||||||50|,,,,,Fire]Annihilape||LumBerry|Defiant|RageFist,DrainPunch,BulkUp,Protect|||M|||50|,,,,,Fairy]Grimmsnarl||LightClay|Prankster|LightScreen,Reflect,SpiritBreak,PartingShot|||M|||50|,,,,,Ghost]Maushold||SafetyGoggles|FriendGuard|SuperFang,FollowMe,BeatUp,Taunt||||||50|,,,,,Ghost]Meowscarada||FocusSash|Protean|FlowerTrick,Uturn,KnockOff,Protect|||F|||50|,,,,,Grass\n|c|\u2606CyborgPigeon|Is it okay if we keep the timer off?\n|c|\u2606iljone|yeah sure\n|c|\u2606iljone|i kept it off for most of my games lol\n|\n|t:|1700947877\n|start\n|switch|p1a: Kommo-o|Kommo-o, L50, F|100\/100\n|switch|p1b: Sinistcha|Sinistcha-Masterpiece, L50|100\/100\n|switch|p2a: Grimmsnarl|Grimmsnarl, L50, M|100\/100\n|switch|p2b: Meowscarada|Meowscarada, L50, F|100\/100\n|turn|1\n|c|\u2606CyborgPigeon|Sounds good, just wanted to make sure\n|\n|t:|1700947918\n|move|p1b: Sinistcha|Rage Powder|p1b: Sinistcha\n|-singleturn|p1b: Sinistcha|move: Rage Powder\n|move|p2b: Meowscarada|Knock Off|p1b: Sinistcha\n|-start|p2b: Meowscarada|typechange|Dark|[from] ability: Protean\n|-supereffective|p1b: Sinistcha\n|-damage|p1b: Sinistcha|33\/100\n|-enditem|p1b: Sinistcha|Big Root|[from] move: Knock Off|[of] p2b: Meowscarada\n|move|p1a: Kommo-o|Clangorous Soul|p1a: Kommo-o\n|-boost|p1a: Kommo-o|atk|1\n|-boost|p1a: Kommo-o|def|1\n|-boost|p1a: Kommo-o|spa|1\n|-boost|p1a: Kommo-o|spd|1\n|-boost|p1a: Kommo-o|spe|1\n|-damage|p1a: Kommo-o|68\/100\n|-enditem|p1a: Kommo-o|Throat Spray\n|-boost|p1a: Kommo-o|spa|1|[from] item: Throat Spray\n|move|p2a: Grimmsnarl|Spirit Break|p1b: Sinistcha\n|-damage|p1b: Sinistcha|13\/100\n|-unboost|p1b: Sinistcha|spa|1\n|\n|upkeep\n|turn|2\n|j| itsE\n|c| itsE|Lets go carrot man\n|\n|t:|1700947976\n|switch|p1b: Kingambit|Kingambit, L50, M|100\/100\n|-terastallize|p1a: Kommo-o|Steel\n|move|p2a: Grimmsnarl|Light Screen|p2a: Grimmsnarl\n|-sidestart|p2: CyborgPigeon|move: Light Screen\n|move|p1a: Kommo-o|Flash Cannon|p2a: Grimmsnarl\n|-supereffective|p2a: Grimmsnarl\n|-damage|p2a: Grimmsnarl|23\/100\n|move|p2b: Meowscarada|U-turn|p1a: Kommo-o\n|-resisted|p1a: Kommo-o\n|-damage|p1a: Kommo-o|61\/100\n|\n|t:|1700947986\n|switch|p2b: Annihilape|Annihilape, L50, M|100\/100|[from] U-turn\n|\n|upkeep\n|turn|3\n|\n|t:|1700948007\n|switch|p1b: Sinistcha|Sinistcha-Masterpiece, L50|13\/100\n|-heal|p1a: Kommo-o|86\/100|[from] ability: Hospitality|[of] p1b: Sinistcha\n|move|p2b: Annihilape|Protect|p2b: Annihilape\n|-singleturn|p2b: Annihilape|Protect\n|move|p2a: Grimmsnarl|Reflect|p2a: Grimmsnarl\n|-sidestart|p2: CyborgPigeon|Reflect\n|move|p1a: Kommo-o|Flash Cannon|p2a: Grimmsnarl\n|-supereffective|p2a: Grimmsnarl\n|-damage|p2a: Grimmsnarl|0 fnt\n|faint|p2a: Grimmsnarl\n|\n|upkeep\n|\n|t:|1700948024\n|switch|p2a: Maushold|Maushold, L50|100\/100\n|turn|4\n|\n|t:|1700948054\n|move|p1b: Sinistcha|Rage Powder|p1b: Sinistcha\n|-singleturn|p1b: Sinistcha|move: Rage Powder\n|move|p1a: Kommo-o|Clanging Scales|p2a: Maushold|[spread] p2a,p2b\n|-damage|p2a: Maushold|38\/100\n|-damage|p2b: Annihilape|70\/100\n|-unboost|p1a: Kommo-o|def|1\n|move|p2a: Maushold|Beat Up|p2b: Annihilape\n|-damage|p2b: Annihilape|69\/100\n|-damage|p2b: Annihilape|67\/100\n|-damage|p2b: Annihilape|66\/100\n|-hitcount|p2b: Annihilape|3\n|move|p2b: Annihilape|Rage Fist|p1b: Sinistcha\n|-supereffective|p1b: Sinistcha\n|-damage|p1b: Sinistcha|0 fnt\n|faint|p1b: Sinistcha\n|\n|upkeep\n|\n|t:|1700948094\n|switch|p1b: Fezandipiti|Fezandipiti, L50, M|100\/100\n|turn|5\n|\n|t:|1700948113\n|-terastallize|p2b: Annihilape|Fairy\n|move|p2a: Maushold|Follow Me|p2a: Maushold\n|-singleturn|p2a: Maushold|move: Follow Me\n|move|p1a: Kommo-o|Clanging Scales|p2b: Annihilape|[spread] p2a\n|-immune|p2b: Annihilape\n|-damage|p2a: Maushold|0 fnt\n|faint|p2a: Maushold\n|-unboost|p1a: Kommo-o|def|1\n|move|p1b: Fezandipiti|Dazzling Gleam|p2b: Annihilape\n|-damage|p2b: Annihilape|48\/100\n|move|p2b: Annihilape|Drain Punch|p1a: Kommo-o\n|-supereffective|p1a: Kommo-o\n|-damage|p1a: Kommo-o|0 fnt\n|-heal|p2b: Annihilape|78\/100|[from] drain|[of] p1a: Kommo-o\n|faint|p1a: Kommo-o\n|\n|upkeep\n|\n|t:|1700948129\n|switch|p2a: Meowscarada|Meowscarada, L50, F|100\/100\n|switch|p1a: Kingambit|Kingambit, L50, M|100\/100\n|turn|6\n|\n|t:|1700948157\n|move|p2a: Meowscarada|Protect|p2a: Meowscarada\n|-start|p2a: Meowscarada|typechange|Normal|[from] ability: Protean\n|-singleturn|p2a: Meowscarada|Protect\n|move|p1b: Fezandipiti|Dazzling Gleam|p2b: Annihilape|[spread] p2b\n|-activate|p2a: Meowscarada|move: Protect\n|-damage|p2b: Annihilape|66\/100\n|move|p2b: Annihilape|Drain Punch|p1a: Kingambit\n|-supereffective|p1a: Kingambit\n|-damage|p1a: Kingambit|0 fnt\n|-heal|p2b: Annihilape|100\/100|[from] drain|[of] p1a: Kingambit\n|faint|p1a: Kingambit\n|\n|upkeep\n|turn|7\n|c|\u2606iljone|gg\n|\n|t:|1700948176\n|move|p2a: Meowscarada|Flower Trick|p1b: Fezandipiti\n|-resisted|p1b: Fezandipiti\n|-crit|p1b: Fezandipiti\n|-damage|p1b: Fezandipiti|78\/100\n|move|p1b: Fezandipiti|Icy Wind|p2a: Meowscarada|[spread] p2a,p2b\n|-damage|p2a: Meowscarada|91\/100\n|-damage|p2b: Annihilape|95\/100\n|-unboost|p2a: Meowscarada|spe|1\n|-unboost|p2b: Annihilape|spe|1\n|-ability|p2b: Annihilape|Defiant|boost\n|-boost|p2b: Annihilape|atk|2\n|-status|p2a: Meowscarada|tox|[from] ability: Toxic Chain|[of] p1b: Fezandipiti\n|-status|p2b: Annihilape|tox|[from] ability: Toxic Chain|[of] p1b: Fezandipiti\n|-enditem|p2b: Annihilape|Lum Berry|[eat]\n|-curestatus|p2b: Annihilape|tox|[msg]\n|move|p2b: Annihilape|Rage Fist|p1b: Fezandipiti\n|-damage|p1b: Fezandipiti|0 fnt\n|faint|p1b: Fezandipiti\n|\n|win|CyborgPigeon\n|c|&|\/uhtml prompt-iljone,iljone is ready for game 2!\n|inactive|CyborgPigeon has 50 seconds to confirm battle start!\n|c|&|\/uhtml prompt-cyborgpigeon,CyborgPigeon is ready for game 2!\nBoth players are ready! Starting next match!\n|l| itsE\n","uploadtime":1700948594,"views":16,"p1id":"iljone","p2id":"cyborgpigeon","formatid":"gen9vgc2023regulatione","rating":0,"private":0,"password":""}