{"id":"gen9vgc2023regulatione-1988813774","p1":"shiiiiiney","p2":"Ozwald McFly","format":"[Gen 9] VGC 2023 Regulation E","log":"|j|\u2606shiiiiiney\n|j|\u2606Ozwald McFly\n|t:|1699767000\n|gametype|doubles\n|player|p1|shiiiiiney|flannery|1236\n|player|p2|Ozwald McFly|birdkeeper-gen4dp|1346\n|teamsize|p1|6\n|teamsize|p2|6\n|gen|9\n|tier|[Gen 9] VGC 2023 Regulation E\n|rated|\n|rule|Species Clause: Limit one of each Pok\u00e9mon\n|rule|Item Clause: Limit one of each item\n|clearpoke\n|poke|p1|Roaring Moon, L50|\n|poke|p1|Zapdos-Galar, L50|\n|poke|p1|Tornadus, L50, M|\n|poke|p1|Baxcalibur, L50, F|\n|poke|p1|Chi-Yu, L50|\n|poke|p1|Farigiraf, L50, M|\n|poke|p2|Noctowl, L50, F|\n|poke|p2|Sandy Shocks, L50|\n|poke|p2|Espeon, L50, F|\n|poke|p2|Indeedee-F, L50, F|\n|poke|p2|Iron Hands, L50|\n|poke|p2|Decidueye-Hisui, L50, M|\n|teampreview|4\n|inactive|Battle timer is ON: inactive players will automatically lose when time's up. (requested by shiiiiiney)\n|inactive|shiiiiiney has 60 seconds left.\n|\n|t:|1699767043\n|start\n|switch|p1a: Zapdos|Zapdos-Galar, L50|100\/100\n|switch|p1b: Baxcalibur|Baxcalibur, L50, F|100\/100\n|switch|p2a: Iron Hands|Iron Hands, L50|100\/100\n|switch|p2b: Indeedee|Indeedee-F, L50, F|100\/100\n|-fieldstart|move: Psychic Terrain|[from] ability: Psychic Surge|[of] p2b: Indeedee\n|turn|1\n|inactive|shiiiiiney has 30 seconds left.\n|\n|t:|1699767075\n|move|p1a: Zapdos|Thunderous Kick|p2a: Iron Hands\n|-damage|p2a: Iron Hands|61\/100\n|-unboost|p2a: Iron Hands|def|1\n|move|p1b: Baxcalibur|Earthquake|p2b: Indeedee|[spread] p2a,p2b\n|-immune|p1a: Zapdos\n|-supereffective|p2a: Iron Hands\n|-damage|p2a: Iron Hands|0 fnt\n|-damage|p2b: Indeedee|71\/100\n|faint|p2a: Iron Hands\n|-end|p2a: Iron Hands|Quark Drive|[silent]\n|move|p2b: Indeedee|Trick Room|p2b: Indeedee\n|-fieldstart|move: Trick Room|[of] p2b: Indeedee\n|\n|upkeep\n|\n|t:|1699767086\n|switch|p2a: Decidueye|Decidueye-Hisui, L50, M, shiny|100\/100\n|turn|2\n|inactive|shiiiiiney has 30 seconds left.\n|\n|t:|1699767119\n|switch|p1b: Tornadus|Tornadus, L50, M|100\/100\n|-terastallize|p2a: Decidueye|Fighting\n|-terastallize|p1a: Zapdos|Electric\n|move|p2b: Indeedee|Follow Me|p2b: Indeedee\n|-singleturn|p2b: Indeedee|move: Follow Me\n|move|p2a: Decidueye|Triple Arrows|p1b: Tornadus\n|-resisted|p1b: Tornadus\n|-damage|p1b: Tornadus|60\/100\n|move|p1a: Zapdos|Brave Bird|p2b: Indeedee\n|-damage|p2b: Indeedee|3\/100\n|-enditem|p2b: Indeedee|Sitrus Berry|[eat]\n|-heal|p2b: Indeedee|28\/100|[from] item: Sitrus Berry\n|-damage|p1a: Zapdos|78\/100|[from] Recoil\n|\n|upkeep\n|turn|3\n|inactive|shiiiiiney has 30 seconds left.\n|inactive|Ozwald McFly has 30 seconds left.\n|\n|t:|1699767147\n|move|p2b: Indeedee|Helping Hand|p2a: Decidueye\n|-singleturn|p2a: Decidueye|Helping Hand|[of] p2b: Indeedee\n|move|p2a: Decidueye|Triple Arrows|p1a: Zapdos\n|-crit|p1a: Zapdos\n|-damage|p1a: Zapdos|0 fnt\n|faint|p1a: Zapdos\n|move|p1b: Tornadus|Bleakwind Storm|p2a: Decidueye|[spread] p2a\n|-miss|p1b: Tornadus|p2b: Indeedee\n|-supereffective|p2a: Decidueye\n|-damage|p2a: Decidueye|30\/100\n|-unboost|p2a: Decidueye|spe|1\n|\n|upkeep\n|\n|t:|1699767161\n|switch|p1a: Chi-Yu|Chi-Yu, L50|100\/100\n|-ability|p1a: Chi-Yu|Beads of Ruin\n|turn|4\n|\n|t:|1699767172\n|move|p2b: Indeedee|Helping Hand|p2a: Decidueye\n|-singleturn|p2a: Decidueye|Helping Hand|[of] p2b: Indeedee\n|move|p2a: Decidueye|Triple Arrows|p1a: Chi-Yu\n|-supereffective|p1a: Chi-Yu\n|-enditem|p1a: Chi-Yu|Focus Sash\n|-damage|p1a: Chi-Yu|1\/100\n|move|p1b: Tornadus|Bleakwind Storm|p2b: Indeedee|[spread] p2a,p2b\n|-supereffective|p2a: Decidueye\n|-damage|p2a: Decidueye|0 fnt\n|-damage|p2b: Indeedee|0 fnt\n|faint|p2a: Decidueye\n|faint|p2b: Indeedee\n|cant|p1a: Chi-Yu|flinch\n|\n|upkeep\n|\n|t:|1699767185\n|switch|p2b: Noctowl|Noctowl, L50, F|100\/100\n|turn|5\n|\n|t:|1699767201\n|move|p1a: Chi-Yu|Protect|p1a: Chi-Yu\n|-singleturn|p1a: Chi-Yu|Protect\n|move|p1b: Tornadus|Taunt|p2b: Noctowl\n|-start|p2b: Noctowl|move: Taunt\n|move|p2b: Noctowl|Hurricane|p1a: Chi-Yu\n|-activate|p1a: Chi-Yu|move: Protect\n|\n|-fieldend|move: Trick Room\n|-fieldend|move: Psychic Terrain\n|upkeep\n|turn|6\n|inactive|shiiiiiney has 30 seconds left.\n|\n|t:|1699767227\n|move|p1a: Chi-Yu|Dark Pulse|p2b: Noctowl\n|-damage|p2b: Noctowl|44\/100\n|move|p1b: Tornadus|Bleakwind Storm|p2b: Noctowl\n|-damage|p2b: Noctowl|0 fnt\n|faint|p2b: Noctowl\n|\n|win|shiiiiiney\n|raw|shiiiiiney's rating: 1236 &rarr; <strong>1269<\/strong><br \/>(+33 for winning)\n|raw|Ozwald McFly's rating: 1346 &rarr; <strong>1320<\/strong><br \/>(-26 for losing)\n","uploadtime":1699767235,"views":9,"p1id":"shiiiiiney","p2id":"ozwaldmcfly","formatid":"gen9vgc2023regulatione","rating":1269,"private":0,"password":""}