{"id":"gen9vgc2023regulatione-1988697459","p1":"E.Bluemage","p2":"Bardemis","format":"[Gen 9] VGC 2023 Regulation E","log":"|j|\u2606E.Bluemage\n|j|\u2606Bardemis\n|t:|1699751945\n|gametype|doubles\n|player|p1|E.Bluemage|gentleman-gen4dp|\n|player|p2|Bardemis|morty|\n|teamsize|p1|6\n|teamsize|p2|6\n|gen|9\n|tier|[Gen 9] VGC 2023 Regulation E\n|rule|Species Clause: Limit one of each Pok\u00e9mon\n|rule|Item Clause: Limit one of each item\n|clearpoke\n|poke|p1|Ninetales, L50, M|\n|poke|p1|Farigiraf, L50, M|\n|poke|p1|Typhlosion-Hisui, L50, F|\n|poke|p1|Lilligant-Hisui, L50, F|\n|poke|p1|Flutter Mane, L50|\n|poke|p1|Ursaluna, L50, F|\n|poke|p2|Torterra, L50, F|\n|poke|p2|Grimmsnarl, L50, M|\n|poke|p2|Urshifu-*, L50, M|\n|poke|p2|Heatran, L50, M|\n|poke|p2|Roaring Moon, L50|\n|poke|p2|Farigiraf, L50, M|\n|teampreview|4\n|inactive|Battle timer is ON: inactive players will automatically lose when time's up. (requested by Bardemis)\nBardemis has agreed to open team sheets.\n|j| spork2000\n|j| olmecssb\nE.Bluemage has agreed to open team sheets.\n|showteam|p1|Ninetales||HeatRock|Drought|SolarBeam,Protect,Flamethrower,NastyPlot|||M|||50|,,,,,Grass]Farigiraf||SitrusBerry|ArmorTail|Imprison,HyperVoice,HelpingHand,Psychic|||M|||50|,,,,,Fairy]Typhlosion-Hisui||Charcoal|Blaze|Eruption,InfernalParade,WillOWisp,Protect|||F|||50|,,,,,Fire]Lilligant-Hisui||ExpertBelt|Chlorophyll|SolarBlade,AxeKick,IceSpinner,SleepPowder|||F|||50|,,,,,Fighting]Flutter Mane||LifeOrb|Protosynthesis|Thunderbolt,ShadowBall,Psyshock,Moonblast||||||50|,,,,,Fairy]Ursaluna||AssaultVest|Guts|Earthquake,Facade,CloseCombat,GunkShot|||F|||50|,,,,,Ghost\n|showteam|p2|Torterra||WhiteHerb|ShellArmor|ShellSmash,WoodHammer,HighHorsepower,Protect|||F|||50|,,,,,Water]Grimmsnarl||LightClay|Prankster|Reflect,LightScreen,SpiritBreak,PartingShot|||M|||50|,,,,,Ghost]Urshifu-Rapid-Strike||MysticWater|UnseenFist|SurgingStrikes,CloseCombat,AquaJet,Protect|||M|||50|,,,,,Water]Heatran||Leftovers|FlashFire|EarthPower,Protect,FlashCannon,HeatWave|||M|||50|,,,,,Grass]Roaring Moon||BoosterEnergy|Protosynthesis|Tailwind,KnockOff,Acrobatics,Protect||||||50|,,,,,Flying]Farigiraf||SafetyGoggles|ArmorTail|Psyshock,DazzlingGleam,Imprison,TrickRoom|||M|||50|,,,,,Fairy\n|inactive|Bardemis has 30 seconds left.\n|inactive|Bardemis has 20 seconds left.\n|inactive|Bardemis has 15 seconds left.\n|inactive|Bardemis has 10 seconds left.\n|\n|t:|1699752009\n|start\n|switch|p1a: Amaterasu|Ninetales, L50, M|100\/100\n|switch|p1b: Skipmore|Lilligant-Hisui, L50, F|100\/100\n|switch|p2a: Grimmsnarl|Grimmsnarl, L50, M, shiny|100\/100\n|switch|p2b: Farigiraf|Farigiraf, L50, M, shiny|100\/100\n|-weather|SunnyDay|[from] ability: Drought|[of] p1a: Amaterasu\n|turn|1\n|inactive|E.Bluemage has 30 seconds left.\n|\n|t:|1699752038\n|move|p2a: Grimmsnarl|Reflect|p2a: Grimmsnarl\n|-sidestart|p2: Bardemis|Reflect\n|move|p1b: Skipmore|Sleep Powder|p2b: Farigiraf\n|-activate|p2b: Farigiraf|item: Safety Goggles|Sleep Powder\n|move|p1a: Amaterasu|Flamethrower|p2a: Grimmsnarl\n|-damage|p2a: Grimmsnarl|57\/100\n|move|p2b: Farigiraf|Trick Room|p2b: Farigiraf\n|-fieldstart|move: Trick Room|[of] p2b: Farigiraf\n|\n|-weather|SunnyDay|[upkeep]\n|upkeep\n|turn|2\n|inactive|E.Bluemage has 30 seconds left.\n|\n|t:|1699752064\n|move|p1a: Amaterasu|Protect|p1a: Amaterasu\n|-singleturn|p1a: Amaterasu|Protect\n|move|p2a: Grimmsnarl|Light Screen|p2a: Grimmsnarl\n|-sidestart|p2: Bardemis|move: Light Screen\n|move|p2b: Farigiraf|Psyshock|p1b: Skipmore\n|-supereffective|p1b: Skipmore\n|-damage|p1b: Skipmore|0 fnt\n|faint|p1b: Skipmore\n|\n|-weather|SunnyDay|[upkeep]\n|upkeep\n|\n|t:|1699752078\n|switch|p1b: Shinki|Typhlosion-Hisui, L50, F|100\/100\n|turn|3\n|\n|t:|1699752092\n|-terastallize|p1a: Amaterasu|Grass\n|move|p2a: Grimmsnarl|Parting Shot|p1b: Shinki\n|-unboost|p1b: Shinki|atk|1\n|-unboost|p1b: Shinki|spa|1\n|\n|t:|1699752101\n|switch|p2a: Torterra|Torterra, L50, F|100\/100|[from] Parting Shot\n|move|p2b: Farigiraf|Psyshock|p1a: Amaterasu\n|-damage|p1a: Amaterasu|46\/100\n|move|p1b: Shinki|Eruption|p2a: Torterra|[spread] p2a,p2b\n|-supereffective|p2a: Torterra\n|-damage|p2a: Torterra|23\/100\n|-damage|p2b: Farigiraf|59\/100\n|move|p1a: Amaterasu|Solar Beam||[still]\n|-prepare|p1a: Amaterasu|Solar Beam\n|-anim|p1a: Amaterasu|Solar Beam|p2a: Torterra\n|-damage|p2a: Torterra|0 fnt\n|faint|p2a: Torterra\n|\n|-weather|SunnyDay|[upkeep]\n|upkeep\n|\n|t:|1699752117\n|switch|p2a: Grimmsnarl|Grimmsnarl, L50, M, shiny|57\/100\n|turn|4\n|\n|t:|1699752126\n|move|p1a: Amaterasu|Protect|p1a: Amaterasu\n|-singleturn|p1a: Amaterasu|Protect\n|move|p2a: Grimmsnarl|Spirit Break|p1b: Shinki\n|-resisted|p1b: Shinki\n|-damage|p1b: Shinki|80\/100\n|-unboost|p1b: Shinki|spa|1\n|move|p2b: Farigiraf|Psyshock|p1a: Amaterasu\n|-activate|p1a: Amaterasu|move: Protect\n|move|p1b: Shinki|Eruption|p2a: Grimmsnarl|[spread] p2a,p2b\n|-damage|p2a: Grimmsnarl|33\/100\n|-damage|p2b: Farigiraf|34\/100\n|\n|-weather|SunnyDay|[upkeep]\n|upkeep\n|turn|5\n|inactive|E.Bluemage has 30 seconds left.\n|inactive|Bardemis has 30 seconds left.\n|\n|t:|1699752152\n|switch|p1b: Mima|Flutter Mane, L50|100\/100\n|-activate|p1b: Mima|ability: Protosynthesis\n|-start|p1b: Mima|protosynthesisspe\n|move|p2a: Grimmsnarl|Parting Shot|p1b: Mima\n|-unboost|p1b: Mima|atk|1\n|-unboost|p1b: Mima|spa|1\n|\n|t:|1699752159\n|switch|p2a: Roaring Moon|Roaring Moon, L50|100\/100|[from] Parting Shot\n|-activate|p2a: Roaring Moon|ability: Protosynthesis\n|-start|p2a: Roaring Moon|protosynthesisspe\n|move|p2b: Farigiraf|Psyshock|p1a: Amaterasu\n|-damage|p1a: Amaterasu|0 fnt\n|faint|p1a: Amaterasu\n|\n|-weather|SunnyDay|[upkeep]\n|-fieldend|move: Trick Room\n|upkeep\n|\n|t:|1699752169\n|switch|p1a: Shinki|Typhlosion-Hisui, L50, F|80\/100\n|turn|6\n|inactive|Bardemis has 30 seconds left.\n|inactive|Bardemis has 20 seconds left.\n|\n|t:|1699752206\n|-terastallize|p2a: Roaring Moon|Flying\n|move|p1b: Mima|Moonblast|p2a: Roaring Moon\n|-damage|p2a: Roaring Moon|71\/100\n|-damage|p1b: Mima|90\/100|[from] item: Life Orb\n|move|p2a: Roaring Moon|Tailwind|p2a: Roaring Moon\n|-sidestart|p2: Bardemis|move: Tailwind\n|move|p2b: Farigiraf|Psyshock|p1a: Shinki\n|-damage|p1a: Shinki|27\/100\n|move|p1a: Shinki|Eruption|p2b: Farigiraf|[spread] p2a,p2b\n|-damage|p2a: Roaring Moon|45\/100\n|-damage|p2b: Farigiraf|11\/100\n|\n|-weather|SunnyDay|[upkeep]\n|upkeep\n|turn|7\n|inactive|E.Bluemage has 30 seconds left.\n|inactive|Bardemis has 30 seconds left.\n|\n|t:|1699752239\n|move|p2a: Roaring Moon|Knock Off|p1a: Shinki\n|-supereffective|p1a: Shinki\n|-damage|p1a: Shinki|0 fnt\n|-enditem|p1a: Shinki|Charcoal|[from] move: Knock Off|[of] p2a: Roaring Moon\n|faint|p1a: Shinki\n|move|p1b: Mima|Thunderbolt|p2a: Roaring Moon\n|-supereffective|p2a: Roaring Moon\n|-damage|p2a: Roaring Moon|10\/100\n|-damage|p1b: Mima|80\/100|[from] item: Life Orb\n|move|p2b: Farigiraf|Psyshock|p1b: Mima\n|-damage|p1b: Mima|0 fnt\n|faint|p1b: Mima\n|-end|p1b: Mima|Protosynthesis|[silent]\n|\n|win|Bardemis\n|l|\u2606E.Bluemage\n|l|\u2606Bardemis\n","uploadtime":1699752606,"views":20,"p1id":"ebluemage","p2id":"bardemis","formatid":"gen9vgc2023regulatione","rating":0,"private":0,"password":""}