{"id":"gen9vgc2023regulatione-1995825646","p1":"Roskobrewski","p2":"eEmeraldl","format":"[Gen 9] VGC 2023 Regulation E","log":"|j|\u2606Roskobrewski\n|j|\u2606eEmeraldl\n|t:|1700606896\n|gametype|doubles\n|player|p1|Roskobrewski|102|1090\n|player|p2|eEmeraldl|ethan|1177\n|teamsize|p1|6\n|teamsize|p2|6\n|gen|9\n|tier|[Gen 9] VGC 2023 Regulation E\n|rated|\n|rule|Species Clause: Limit one of each Pok\u00e9mon\n|rule|Item Clause: Limit one of each item\n|clearpoke\n|poke|p1|Ninetales-Alola, L50, F|\n|poke|p1|Sandslash-Alola, L50, F|\n|poke|p1|Arcanine, L50, M|\n|poke|p1|Amoonguss, L50, F|\n|poke|p1|Froslass, L50, F|\n|poke|p1|Baxcalibur, L50, F|\n|poke|p2|Glaceon, L50, F|\n|poke|p2|Ninetales-Alola, L50, F|\n|poke|p2|Regieleki, L50|\n|poke|p2|Arcanine-Hisui, L50, M|\n|poke|p2|Tornadus, L50, M|\n|poke|p2|Rillaboom, L50, F|\n|teampreview|4\n|inactive|Battle timer is ON: inactive players will automatically lose when time's up. (requested by eEmeraldl)\n|inactive|Roskobrewski has 60 seconds left.\n|\n|t:|1700606938\n|start\n|switch|p1a: Ninetales|Ninetales-Alola, L50, F, shiny|100\/100\n|switch|p1b: Froslass|Froslass, L50, F|100\/100\n|switch|p2a: Arcanine|Arcanine-Hisui, L50, M|100\/100\n|switch|p2b: Regieleki|Regieleki, L50|100\/100\n|-weather|Snow|[from] ability: Snow Warning|[of] p1a: Ninetales\n|-ability|p2a: Arcanine|Intimidate|boost\n|-unboost|p1a: Ninetales|atk|1\n|-unboost|p1b: Froslass|atk|1\n|turn|1\n|inactive|Roskobrewski has 30 seconds left.\n|\n|t:|1700606968\n|-terastallize|p1a: Ninetales|Electric\n|move|p2b: Regieleki|Electroweb|p1b: Froslass|[spread] p1a,p1b\n|-resisted|p1a: Ninetales\n|-damage|p1a: Ninetales|82\/100\n|-damage|p1b: Froslass|54\/100\n|-unboost|p1b: Froslass|spe|1\n|move|p1a: Ninetales|Blizzard|p2b: Regieleki|[spread] p2a,p2b\n|-resisted|p2a: Arcanine\n|-damage|p2a: Arcanine|85\/100\n|-damage|p2b: Regieleki|43\/100\n|move|p2a: Arcanine|Rock Slide|p1b: Froslass|[spread] p1a,p1b\n|-supereffective|p1b: Froslass\n|-damage|p1a: Ninetales|27\/100\n|-damage|p1b: Froslass|0 fnt\n|faint|p1b: Froslass\n|-damage|p2a: Arcanine|75\/100|[from] item: Life Orb\n|\n|-weather|Snow|[upkeep]\n|upkeep\n|\n|t:|1700606989\n|switch|p1b: Sandslash|Sandslash-Alola, L50, F|100\/100\n|turn|2\n|\n|t:|1700606997\n|move|p2b: Regieleki|Electroweb|p1b: Sandslash|[spread] p1a,p1b\n|-resisted|p1a: Ninetales\n|-damage|p1a: Ninetales|11\/100\n|-damage|p1b: Sandslash|50\/100\n|-unboost|p1b: Sandslash|spe|1\n|move|p1a: Ninetales|Blizzard|p2b: Regieleki|[spread] p2a,p2b\n|-resisted|p2a: Arcanine\n|-damage|p2a: Arcanine|57\/100\n|-damage|p2b: Regieleki|0 fnt\n|faint|p2b: Regieleki\n|move|p1b: Sandslash|Drill Run|p2a: Arcanine\n|-supereffective|p2a: Arcanine\n|-damage|p2a: Arcanine|0 fnt\n|faint|p2a: Arcanine\n|\n|-weather|Snow|[upkeep]\n|upkeep\n|\n|t:|1700607013\n|switch|p2b: Glaceon|Glaceon, L50, F|100\/100\n|switch|p2a: Ninetales|Ninetales-Alola, L50, F|100\/100\n|turn|3\n|inactive|Roskobrewski has 30 seconds left.\n|\n|t:|1700607045\n|move|p1a: Ninetales|Tera Blast|p2a: Ninetales|[anim] Tera Blast Electric\n|-crit|p2a: Ninetales\n|-damage|p2a: Ninetales|53\/100\n|move|p2a: Ninetales|Aurora Veil|p2a: Ninetales\n|-sidestart|p2: eEmeraldl|move: Aurora Veil\n|move|p1b: Sandslash|Iron Head|p2a: Ninetales\n|-supereffective|p2a: Ninetales\n|-damage|p2a: Ninetales|0 fnt\n|faint|p2a: Ninetales\n|move|p2b: Glaceon|Blizzard|p1a: Ninetales|[spread] p1a,p1b\n|-resisted|p1b: Sandslash\n|-damage|p1a: Ninetales|0 fnt\n|-damage|p1b: Sandslash|31\/100\n|faint|p1a: Ninetales\n|\n|-weather|Snow|[upkeep]\n|upkeep\n|\n|t:|1700607060\n|switch|p1a: Baxcalibur|Baxcalibur, L50, F|100\/100\n|turn|4\n|inactive|eEmeraldl has 30 seconds left.\n|\n|t:|1700607087\n|-terastallize|p2b: Glaceon|Water\n|move|p1b: Sandslash|Iron Head|p2b: Glaceon|[miss]\n|-miss|p1b: Sandslash|p2b: Glaceon\n|move|p1a: Baxcalibur|Glaive Rush|p2b: Glaceon|[miss]\n|-miss|p1a: Baxcalibur|p2b: Glaceon\n|move|p2b: Glaceon|Blizzard|p1b: Sandslash|[spread] p1a,p1b\n|-resisted|p1b: Sandslash\n|-damage|p1a: Baxcalibur|58\/100\n|-damage|p1b: Sandslash|13\/100\n|\n|-weather|Snow|[upkeep]\n|upkeep\n|turn|5\n|\n|t:|1700607110\n|move|p1b: Sandslash|Drill Run|p2b: Glaceon|[miss]\n|-miss|p1b: Sandslash|p2b: Glaceon\n|move|p1a: Baxcalibur|Glaive Rush|p2b: Glaceon\n|-damage|p2b: Glaceon|51\/100\n|-singlemove|p1a: Baxcalibur|Glaive Rush|[silent]\n|move|p2b: Glaceon|Blizzard|p1a: Baxcalibur|[spread] p1a,p1b\n|-resisted|p1b: Sandslash\n|-damage|p1a: Baxcalibur|0 fnt\n|-damage|p1b: Sandslash|0 fnt\n|faint|p1a: Baxcalibur\n|faint|p1b: Sandslash\n|\n|win|eEmeraldl\n|raw|Roskobrewski's rating: 1090 &rarr; <strong>1072<\/strong><br \/>(-18 for losing)\n|raw|eEmeraldl's rating: 1177 &rarr; <strong>1196<\/strong><br \/>(+19 for winning)\n|l|\u2606Roskobrewski\n","uploadtime":1700607518,"views":6,"p1id":"roskobrewski","p2id":"eemeraldl","formatid":"gen9vgc2023regulatione","rating":1072,"private":0,"password":""}