{"id":"gen9vgc2023regulatione-1994319201","p1":"spencomatic","p2":"AquamarineVGC","format":"[Gen 9] VGC 2023 Regulation E","log":"|j|\u2606spencomatic\n|j|\u2606AquamarineVGC\n|n|\u2606spencomatic|spencomatic\n|n|\u2606AquamarineVGC|aquamarinevgc\n|html|View the match progress at <a href=\"\/game-bestof3-gen9vgc2023regulatione-1994315600\">game-bestof3-gen9vgc2023regulatione-1994315600<\/a>\n|t:|1700430638\n|gametype|doubles\n|player|p1|spencomatic|larry|\n|player|p2|AquamarineVGC|lucas-gen4pt|\n|teamsize|p1|6\n|teamsize|p2|6\n|gen|9\n|tier|[Gen 9] VGC 2023 Regulation E\n|rule|Species Clause: Limit one of each Pok\u00e9mon\n|rule|Item Clause: Limit one of each item\n|clearpoke\n|poke|p1|Landorus, L50, M|\n|poke|p1|Ogerpon-Wellspring, L50, F|\n|poke|p1|Urshifu-*, L50, M|\n|poke|p1|Heatran, L50, M|\n|poke|p1|Probopass, L50, F|\n|poke|p1|Iron Bundle, L50|\n|poke|p2|Ninetales-Alola, L50, F|\n|poke|p2|Iron Bundle, L50|\n|poke|p2|Clefairy, L50, F|\n|poke|p2|Annihilape, L50, F|\n|poke|p2|Landorus-Therian, L50, M|\n|poke|p2|Cresselia, L50, F|\n|teampreview|4\n|inactive|Battle timer is ON: inactive players will automatically lose when time's up. (requested by spencomatic)\nspencomatic has agreed to open team sheets.\n|inactiveoff|Battle timer is now OFF.\n|j| Van. Volcanucks\nAquamarineVGC has agreed to open team sheets.\n|showteam|p1|Landorus||LifeOrb|SheerForce|SandsearStorm,NastyPlot,Protect,SludgeBomb|||M|||50|,,,,,Ground]Ogerpon-Wellspring||WellspringMask|WaterAbsorb|FollowMe,IvyCudgel,PowerWhip,SpikyShield|||F|||50|,,,,,Water]Urshifu||FocusSash|UnseenFist|WickedBlow,CloseCombat,Protect,SuckerPunch|||M|||50|,,,,,Poison]Heatran||ChopleBerry|FlashFire|MagmaStorm,Protect,EarthPower,WillOWisp|||M|||50|,,,,,Grass]Probopass||Leftovers|Sturdy|HeavySlam,BodyPress,ThunderWave,Gravity|||F|||50|,,,,,Grass]Iron Bundle||BoosterEnergy|QuarkDrive|FreezeDry,HydroPump,IcyWind,Protect||||||50|,,,,,Water\n|showteam|p2|Ninetales-Alola||FocusSash|SnowWarning|Blizzard,DazzlingGleam,AuroraVeil,Protect|||F|||50|,,,,,Ghost]Iron Bundle||AssaultVest|QuarkDrive|Blizzard,FreezeDry,IcyWind,FlipTurn||||||50|,,,,,Ice]Clefairy||Eviolite|FriendGuard|IcyWind,FollowMe,LifeDew,Protect|||F|||50|,,,,,Grass]Annihilape||Leftovers|Defiant|RageFist,DrainPunch,BulkUp,Protect|||F|||50|,,,,,Fire]Landorus-Therian||ChoiceBand|Intimidate|StompingTantrum,TeraBlast,RockSlide,Uturn|||M|||50|,,,,,Flying]Cresselia||RockyHelmet|Levitate|Psychic,IceBeam,LunarBlessing,TrickRoom|||F|||50|,,,,,Poison\n|\n|t:|1700430688\n|start\n|switch|p1a: Heatran|Heatran, L50, M|100\/100\n|switch|p1b: Probopass|Probopass, L50, F|100\/100\n|switch|p2a: Ninetales|Ninetales-Alola, L50, F|100\/100\n|switch|p2b: Iron Bundle|Iron Bundle, L50|100\/100\n|-weather|Snow|[from] ability: Snow Warning|[of] p2a: Ninetales\n|turn|1\n|\n|t:|1700430710\n|move|p2b: Iron Bundle|Blizzard|p1b: Probopass|[spread] p1a,p1b\n|-resisted|p1a: Heatran\n|-resisted|p1b: Probopass\n|-damage|p1a: Heatran|93\/100\n|-damage|p1b: Probopass|90\/100\n|-status|p1b: Probopass|frz\n|move|p2a: Ninetales|Aurora Veil|p2a: Ninetales\n|-sidestart|p2: AquamarineVGC|move: Aurora Veil\n|move|p1a: Heatran|Magma Storm|p2b: Iron Bundle\n|-damage|p2b: Iron Bundle|63\/100\n|-activate|p2b: Iron Bundle|move: Magma Storm|[of] p1a: Heatran\n|cant|p1b: Probopass|frz\n|\n|-weather|Snow|[upkeep]\n|-heal|p1b: Probopass|96\/100 frz|[from] item: Leftovers\n|-damage|p2b: Iron Bundle|51\/100|[from] move: Magma Storm|[partiallytrapped]\n|upkeep\n|turn|2\n|\n|t:|1700430743\n|switch|p2a: Cresselia|Cresselia, L50, F|100\/100\n|move|p2b: Iron Bundle|Freeze-Dry|p1a: Heatran\n|-resisted|p1a: Heatran\n|-damage|p1a: Heatran|87\/100\n|move|p1a: Heatran|Will-O-Wisp|p2b: Iron Bundle\n|-status|p2b: Iron Bundle|brn\n|cant|p1b: Probopass|frz\n|\n|-weather|Snow|[upkeep]\n|-heal|p1b: Probopass|100\/100 frz|[from] item: Leftovers\n|-damage|p2b: Iron Bundle|45\/100 brn|[from] brn\n|-damage|p2b: Iron Bundle|33\/100 brn|[from] move: Magma Storm|[partiallytrapped]\n|upkeep\n|turn|3\n|\n|t:|1700430766\n|move|p2b: Iron Bundle|Freeze-Dry|p1a: Heatran\n|-resisted|p1a: Heatran\n|-damage|p1a: Heatran|80\/100\n|move|p2a: Cresselia|Lunar Blessing|p2a: Cresselia|[spread] p2a,p2b\n|-heal|p2b: Iron Bundle|58\/100 brn\n|-curestatus|p2b: Iron Bundle|brn|[msg]\n|move|p1a: Heatran|Magma Storm|p2a: Cresselia|[miss]\n|-miss|p1a: Heatran|p2a: Cresselia\n|-curestatus|p1b: Probopass|frz|[msg]\n|move|p1b: Probopass|Thunder Wave|p2b: Iron Bundle\n|-status|p2b: Iron Bundle|par\n|\n|-weather|Snow|[upkeep]\n|-damage|p2b: Iron Bundle|46\/100 par|[from] move: Magma Storm|[partiallytrapped]\n|upkeep\n|turn|4\n|\n|t:|1700430803\n|move|p2a: Cresselia|Lunar Blessing|p2a: Cresselia|[spread] p2a,p2b\n|-heal|p2b: Iron Bundle|71\/100 par\n|-curestatus|p2b: Iron Bundle|par|[msg]\n|move|p2b: Iron Bundle|Blizzard|p1a: Heatran|[spread] p1a,p1b\n|-resisted|p1a: Heatran\n|-resisted|p1b: Probopass\n|-damage|p1a: Heatran|73\/100\n|-damage|p1b: Probopass|90\/100\n|move|p1a: Heatran|Magma Storm|p2a: Cresselia\n|-damage|p2a: Cresselia|83\/100\n|-activate|p2a: Cresselia|move: Magma Storm|[of] p1a: Heatran\n|move|p1b: Probopass|Body Press|p2b: Iron Bundle\n|-supereffective|p2b: Iron Bundle\n|-damage|p2b: Iron Bundle|41\/100\n|\n|-weather|Snow|[upkeep]\n|-heal|p1b: Probopass|96\/100|[from] item: Leftovers\n|-damage|p2b: Iron Bundle|29\/100|[from] move: Magma Storm|[partiallytrapped]\n|-damage|p2a: Cresselia|70\/100|[from] move: Magma Storm|[partiallytrapped]\n|upkeep\n|turn|5\n|\n|t:|1700430829\n|move|p2b: Iron Bundle|Blizzard|p1a: Heatran|[spread] p1a,p1b\n|-resisted|p1a: Heatran\n|-resisted|p1b: Probopass\n|-damage|p1a: Heatran|66\/100\n|-damage|p1b: Probopass|85\/100\n|move|p2a: Cresselia|Lunar Blessing|p2a: Cresselia|[spread] p2a,p2b\n|-heal|p2a: Cresselia|95\/100\n|-heal|p2b: Iron Bundle|54\/100\n|move|p1a: Heatran|Earth Power|p2b: Iron Bundle\n|-damage|p2b: Iron Bundle|31\/100\n|-unboost|p2b: Iron Bundle|spd|1\n|move|p1b: Probopass|Body Press|p2b: Iron Bundle\n|-supereffective|p2b: Iron Bundle\n|-damage|p2b: Iron Bundle|4\/100\n|\n|-weather|none\n|-heal|p1b: Probopass|91\/100|[from] item: Leftovers\n|-damage|p2b: Iron Bundle|0 fnt|[from] move: Magma Storm|[partiallytrapped]\n|faint|p2b: Iron Bundle\n|-end|p2b: Iron Bundle|Quark Drive|[silent]\n|-damage|p2a: Cresselia|83\/100|[from] move: Magma Storm|[partiallytrapped]\n|-sideend|p2: AquamarineVGC|move: Aurora Veil\n|upkeep\n|\n|t:|1700430856\n|switch|p2b: Ninetales|Ninetales-Alola, L50, F|100\/100\n|-weather|Snow|[from] ability: Snow Warning|[of] p2b: Ninetales\n|turn|6\n|\n|t:|1700430882\n|move|p2b: Ninetales|Aurora Veil|p2b: Ninetales\n|-sidestart|p2: AquamarineVGC|move: Aurora Veil\n|move|p2a: Cresselia|Ice Beam|p1b: Probopass\n|-resisted|p1b: Probopass\n|-damage|p1b: Probopass|86\/100\n|move|p1a: Heatran|Magma Storm|p2a: Cresselia\n|-crit|p2a: Cresselia\n|-damage|p2a: Cresselia|42\/100\n|move|p1b: Probopass|Heavy Slam|p2a: Cresselia\n|-damage|p2a: Cresselia|34\/100\n|-damage|p1b: Probopass|69\/100|[from] item: Rocky Helmet|[of] p2a: Cresselia\n|\n|-weather|Snow|[upkeep]\n|-heal|p1b: Probopass|75\/100|[from] item: Leftovers\n|-damage|p2a: Cresselia|21\/100|[from] move: Magma Storm|[partiallytrapped]\n|upkeep\n|turn|7\n|\n|t:|1700430898\n|move|p2b: Ninetales|Blizzard|p1a: Heatran|[spread] p1a,p1b\n|-resisted|p1a: Heatran\n|-resisted|p1b: Probopass\n|-damage|p1a: Heatran|60\/100\n|-damage|p1b: Probopass|66\/100\n|move|p2a: Cresselia|Lunar Blessing|p2a: Cresselia|[spread] p2a,p2b\n|-heal|p2a: Cresselia|46\/100\n|move|p1a: Heatran|Magma Storm|p2a: Cresselia|[miss]\n|-miss|p1a: Heatran|p2a: Cresselia\n|move|p1b: Probopass|Gravity|p1b: Probopass\n|-fieldstart|move: Gravity\n|\n|-weather|Snow|[upkeep]\n|-heal|p1b: Probopass|72\/100|[from] item: Leftovers\n|-damage|p2a: Cresselia|34\/100|[from] move: Magma Storm|[partiallytrapped]\n|upkeep\n|turn|8\n|\n|t:|1700430915\n|move|p2b: Ninetales|Blizzard|p1a: Heatran|[spread] p1a,p1b\n|-resisted|p1a: Heatran\n|-resisted|p1b: Probopass\n|-damage|p1a: Heatran|53\/100\n|-damage|p1b: Probopass|61\/100\n|move|p2a: Cresselia|Ice Beam|p1b: Probopass\n|-resisted|p1b: Probopass\n|-damage|p1b: Probopass|56\/100\n|move|p1a: Heatran|Magma Storm|p2a: Cresselia\n|-crit|p2a: Cresselia\n|-damage|p2a: Cresselia|0 fnt\n|faint|p2a: Cresselia\n|move|p1b: Probopass|Heavy Slam|p2b: Ninetales\n|-supereffective|p2b: Ninetales\n|-damage|p2b: Ninetales|23\/100\n|\n|-weather|Snow|[upkeep]\n|-heal|p1b: Probopass|62\/100|[from] item: Leftovers\n|upkeep\n|\n|t:|1700430930\n|switch|p2a: Annihilape|Annihilape, L50, F|100\/100\n|turn|9\n|\n|t:|1700430969\n|-terastallize|p2a: Annihilape|Fire\n|move|p2b: Ninetales|Blizzard|p1b: Probopass|[spread] p1a,p1b\n|-resisted|p1a: Heatran\n|-resisted|p1b: Probopass\n|-crit|p1b: Probopass\n|-damage|p1a: Heatran|46\/100\n|-damage|p1b: Probopass|48\/100\n|move|p2a: Annihilape|Drain Punch|p1b: Probopass\n|-supereffective|p1b: Probopass\n|-damage|p1b: Probopass|0 fnt\n|faint|p1b: Probopass\n|move|p1a: Heatran|Magma Storm|p2a: Annihilape\n|-resisted|p2a: Annihilape\n|-damage|p2a: Annihilape|88\/100\n|-activate|p2a: Annihilape|move: Magma Storm|[of] p1a: Heatran\n|\n|-weather|Snow|[upkeep]\n|-heal|p2a: Annihilape|94\/100|[from] item: Leftovers\n|-damage|p2a: Annihilape|82\/100|[from] move: Magma Storm|[partiallytrapped]\n|upkeep\n|\n|t:|1700430983\n|switch|p1b: Urshifu|Urshifu, L50, M|100\/100\n|turn|10\n|\n|t:|1700431009\n|-terastallize|p1b: Urshifu|Poison\n|move|p1a: Heatran|Protect|p1a: Heatran\n|-singleturn|p1a: Heatran|Protect\n|move|p2b: Ninetales|Blizzard|p1a: Heatran|[spread] p1b\n|-activate|p1a: Heatran|move: Protect\n|-damage|p1b: Urshifu|52\/100\n|-status|p1b: Urshifu|frz\n|-curestatus|p1b: Urshifu|frz|[msg]\n|move|p1b: Urshifu|Wicked Blow|p2a: Annihilape\n|-crit|p2a: Annihilape\n|-damage|p2a: Annihilape|14\/100\n|move|p2a: Annihilape|Drain Punch|p1b: Urshifu\n|-resisted|p1b: Urshifu\n|-damage|p1b: Urshifu|35\/100\n|-heal|p2a: Annihilape|21\/100|[from] drain|[of] p1b: Urshifu\n|\n|-weather|none\n|-heal|p2a: Annihilape|27\/100|[from] item: Leftovers\n|-damage|p2a: Annihilape|14\/100|[from] move: Magma Storm|[partiallytrapped]\n|-sideend|p2: AquamarineVGC|move: Aurora Veil\n|upkeep\n|turn|11\n|\n|t:|1700431048\n|move|p2a: Annihilape|Protect|p2a: Annihilape\n|-singleturn|p2a: Annihilape|Protect\n|move|p1b: Urshifu|Sucker Punch||[still]\n|-fail|p1b: Urshifu\n|move|p2b: Ninetales|Blizzard|p1b: Urshifu|[spread] p1a,p1b\n|-resisted|p1a: Heatran\n|-damage|p1a: Heatran|39\/100\n|-damage|p1b: Urshifu|0 fnt\n|faint|p1b: Urshifu\n|move|p1a: Heatran|Earth Power|p2a: Annihilape\n|-activate|p2a: Annihilape|move: Protect\n|\n|-heal|p2a: Annihilape|20\/100|[from] item: Leftovers\n|-damage|p2a: Annihilape|8\/100|[from] move: Magma Storm|[partiallytrapped]\n|-fieldend|move: Gravity\n|upkeep\n|\n|t:|1700431052\n|switch|p1b: Ogerpon|Ogerpon-Wellspring, L50, F|100\/100\n|turn|12\n|\n|t:|1700431077\n|move|p1a: Heatran|Protect|p1a: Heatran\n|-singleturn|p1a: Heatran|Protect\n|move|p1b: Ogerpon|Ivy Cudgel|p2b: Ninetales|[anim] Ivy Cudgel Water\n|-damage|p2b: Ninetales|0 fnt\n|faint|p2b: Ninetales\n|move|p2a: Annihilape|Drain Punch|p1a: Heatran\n|-activate|p1a: Heatran|move: Protect\n|\n|-heal|p2a: Annihilape|14\/100|[from] item: Leftovers\n|-damage|p2a: Annihilape|1\/100|[from] move: Magma Storm|[partiallytrapped]\n|upkeep\n|turn|13\n|\n|t:|1700431088\n|move|p2a: Annihilape|Protect|p2a: Annihilape\n|-singleturn|p2a: Annihilape|Protect\n|move|p1a: Heatran|Protect||[still]\n|-fail|p1a: Heatran\n|move|p1b: Ogerpon|Ivy Cudgel|p2a: Annihilape|[anim] Ivy Cudgel Water\n|-activate|p2a: Annihilape|move: Protect\n|\n|-heal|p2a: Annihilape|7\/100|[from] item: Leftovers\n|-damage|p2a: Annihilape|0 fnt|[from] move: Magma Storm|[partiallytrapped]\n|faint|p2a: Annihilape\n|\n|win|spencomatic\n|upkeep\n|c|\u2606spencomatic|gg!\n|c|\u2606AquamarineVGC|GG!\n|l|\u2606spencomatic\n","uploadtime":1700431182,"views":13,"p1id":"spencomatic","p2id":"aquamarinevgc","formatid":"gen9vgc2023regulatione","rating":0,"private":0,"password":""}