{"id":"gen9vgc2023regulatione-1995674514","p1":"Spler","p2":"Bulbasaurteam35","format":"[Gen 9] VGC 2023 Regulation E","log":"|j|\u2606Spler\n|j|\u2606Bulbasaurteam35\n|t:|1700592870\n|gametype|doubles\n|player|p1|Spler|102|1339\n|player|p2|Bulbasaurteam35|pokemaniac|1315\n|teamsize|p1|6\n|teamsize|p2|6\n|gen|9\n|tier|[Gen 9] VGC 2023 Regulation E\n|rated|\n|rule|Species Clause: Limit one of each Pok\u00e9mon\n|rule|Item Clause: Limit one of each item\n|clearpoke\n|poke|p1|Indeedee-F, L50, F|\n|poke|p1|Urshifu-*, L50, M|\n|poke|p1|Ursaluna-Bloodmoon, L50, M|\n|poke|p1|Tornadus, L50, M|\n|poke|p1|Armarouge, L50, M|\n|poke|p1|Flutter Mane, L50|\n|poke|p2|Ninetales-Alola, L50, F|\n|poke|p2|Iron Bundle, L50|\n|poke|p2|Chi-Yu, L50|\n|poke|p2|Dachsbun, L50, F|\n|poke|p2|Rillaboom, L50, M|\n|poke|p2|Ogerpon-Hearthflame, L50, F|\n|teampreview|4\n|inactive|Battle timer is ON: inactive players will automatically lose when time's up. (requested by Bulbasaurteam35)\nSpler rejected open team sheets.\n|inactive|Bulbasaurteam35 has 60 seconds left.\n|\n|t:|1700592902\n|start\n|switch|p1a: Indeedee|Indeedee-F, L50, F|100\/100\n|switch|p1b: Armarouge|Armarouge, L50, M|100\/100\n|switch|p2a: Chi-Yu|Chi-Yu, L50|100\/100\n|switch|p2b: Dachsbun|Dachsbun, L50, F|100\/100\n|-ability|p2a: Chi-Yu|Beads of Ruin\n|-fieldstart|move: Psychic Terrain|[from] ability: Psychic Surge|[of] p1a: Indeedee\n|turn|1\n|inactive|Spler has 30 seconds left.\n|\n|t:|1700592932\n|-terastallize|p2b: Dachsbun|Steel\n|move|p1a: Indeedee|Follow Me|p1a: Indeedee\n|-singleturn|p1a: Indeedee|move: Follow Me\n|move|p2a: Chi-Yu|Dark Pulse|p1a: Indeedee\n|-supereffective|p1a: Indeedee\n|-damage|p1a: Indeedee|4\/100\n|move|p2b: Dachsbun|Substitute|p2b: Dachsbun\n|-start|p2b: Dachsbun|Substitute\n|-damage|p2b: Dachsbun|76\/100\n|move|p1b: Armarouge|Trick Room|p1b: Armarouge\n|-fieldstart|move: Trick Room|[of] p1b: Armarouge\n|\n|-heal|p2b: Dachsbun|82\/100|[from] item: Leftovers\n|upkeep\n|turn|2\n|inactive|Bulbasaurteam35 has 30 seconds left.\n|\n|t:|1700592962\n|move|p1a: Indeedee|Follow Me|p1a: Indeedee\n|-singleturn|p1a: Indeedee|move: Follow Me\n|move|p2b: Dachsbun|Snarl|p1b: Armarouge|[spread] p1a,p1b\n|-supereffective|p1a: Indeedee\n|-supereffective|p1b: Armarouge\n|-damage|p1a: Indeedee|0 fnt\n|-damage|p1b: Armarouge|83\/100\n|-unboost|p1b: Armarouge|spa|1\n|faint|p1a: Indeedee\n|move|p1b: Armarouge|Expanding Force|p2b: Dachsbun|[spread] p2b\n|-immune|p2a: Chi-Yu\n|-resisted|p2b: Dachsbun\n|-end|p2b: Dachsbun|Substitute\n|-damage|p1b: Armarouge|73\/100|[from] item: Life Orb\n|move|p2a: Chi-Yu|Dark Pulse|p1b: Armarouge\n|-supereffective|p1b: Armarouge\n|-damage|p1b: Armarouge|0 fnt\n|faint|p1b: Armarouge\n|\n|-heal|p2b: Dachsbun|88\/100|[from] item: Leftovers\n|upkeep\n|\n|t:|1700592982\n|switch|p1a: Ursaluna|Ursaluna-Bloodmoon, L50, M|100\/100\n|switch|p1b: Urshifu|Urshifu-Rapid-Strike, L50, M|100\/100\n|turn|3\n|\n|t:|1700593000\n|move|p1a: Ursaluna|Earth Power|p2b: Dachsbun\n|-supereffective|p2b: Dachsbun\n|-damage|p2b: Dachsbun|0 fnt\n|faint|p2b: Dachsbun\n|move|p1b: Urshifu|Surging Strikes|p2a: Chi-Yu\n|-supereffective|p2a: Chi-Yu\n|-crit|p2a: Chi-Yu\n|-damage|p2a: Chi-Yu|27\/100\n|-supereffective|p2a: Chi-Yu\n|-crit|p2a: Chi-Yu\n|-damage|p2a: Chi-Yu|0 fnt\n|faint|p2a: Chi-Yu\n|-hitcount|p2: Chi-Yu|2\n|\n|upkeep\n|\n|t:|1700593008\n|switch|p2b: Rillaboom|Rillaboom, L50, M|100\/100\n|switch|p2a: Ogerpon|Ogerpon-Hearthflame, L50, F|100\/100\n|-fieldstart|move: Grassy Terrain|[from] ability: Grassy Surge|[of] p2b: Rillaboom\n|-ability|p2a: Ogerpon|Mold Breaker\n|turn|4\n|\n|t:|1700593022\n|-terastallize|p1a: Ursaluna|Normal\n|move|p1b: Urshifu|Protect|p1b: Urshifu\n|-singleturn|p1b: Urshifu|Protect\n|move|p2b: Rillaboom|Fake Out|p1b: Urshifu\n|-activate|p1b: Urshifu|move: Protect\n|move|p2a: Ogerpon|Grassy Glide|p1a: Ursaluna\n|-damage|p1a: Ursaluna|68\/100\n|move|p1a: Ursaluna|Blood Moon|p2b: Rillaboom\n|-damage|p2b: Rillaboom|17\/100\n|\n|-heal|p1a: Ursaluna|74\/100|[from] Grassy Terrain\n|-heal|p2b: Rillaboom|23\/100|[from] Grassy Terrain\n|upkeep\n|turn|5\n|inactive|Spler has 30 seconds left.\n|inactive|Bulbasaurteam35 has 30 seconds left.\n|\n|t:|1700593048\n|move|p1b: Urshifu|Protect||[still]\n|-fail|p1b: Urshifu\n|move|p2b: Rillaboom|Grassy Glide|p1b: Urshifu\n|-supereffective|p1b: Urshifu\n|-crit|p1b: Urshifu\n|-damage|p1b: Urshifu|0 fnt\n|faint|p1b: Urshifu\n|move|p2a: Ogerpon|Grassy Glide|p1a: Ursaluna\n|-damage|p1a: Ursaluna|40\/100\n|move|p1a: Ursaluna|Hyper Voice|p2a: Ogerpon|[spread] p2a,p2b\n|-damage|p2a: Ogerpon|44\/100\n|-damage|p2b: Rillaboom|0 fnt\n|faint|p2b: Rillaboom\n|-enditem|p1a: Ursaluna|Throat Spray\n|-boost|p1a: Ursaluna|spa|1|[from] item: Throat Spray\n|\n|-heal|p1a: Ursaluna|47\/100|[from] Grassy Terrain\n|-heal|p2a: Ogerpon|50\/100|[from] Grassy Terrain\n|-fieldend|move: Trick Room\n|upkeep\n|turn|6\n|\n|t:|1700593068\n|move|p1a: Ursaluna|Protect|p1a: Ursaluna\n|-singleturn|p1a: Ursaluna|Protect\n|move|p2a: Ogerpon|Ivy Cudgel|p1a: Ursaluna|[anim] Ivy Cudgel Fire\n|-activate|p1a: Ursaluna|move: Protect\n|\n|-heal|p2a: Ogerpon|56\/100|[from] Grassy Terrain\n|-heal|p1a: Ursaluna|53\/100|[from] Grassy Terrain\n|upkeep\n|turn|7\n|\n|t:|1700593079\n|move|p2a: Ogerpon|Ivy Cudgel|p1a: Ursaluna|[anim] Ivy Cudgel Fire\n|-damage|p1a: Ursaluna|7\/100\n|move|p1a: Ursaluna|Blood Moon|p2a: Ogerpon\n|-damage|p2a: Ogerpon|0 fnt\n|faint|p2a: Ogerpon\n|\n|win|Spler\n|raw|Spler's rating: 1339 &rarr; <strong>1358<\/strong><br \/>(+19 for winning)\n|raw|Bulbasaurteam35's rating: 1315 &rarr; <strong>1296<\/strong><br \/>(-19 for losing)\n|l|\u2606Bulbasaurteam35\n","uploadtime":1700593092,"views":0,"p1id":"spler","p2id":"bulbasaurteam35","formatid":"gen9vgc2023regulatione","rating":1296,"private":0,"password":""}