{"id":"gen9vgc2023regulatione-1996532287","p1":"zagreus134","p2":"zakpaskal","format":"[Gen 9] VGC 2023 Regulation E","log":"|j|\u2606zagreus134\n|j|\u2606zakpaskal\n|t:|1700691335\n|gametype|doubles\n|player|p1|zagreus134|janine|1389\n|player|p2|zakpaskal|crasherwake|1393\n|teamsize|p1|6\n|teamsize|p2|6\n|gen|9\n|tier|[Gen 9] VGC 2023 Regulation E\n|rated|\n|rule|Species Clause: Limit one of each Pok\u00e9mon\n|rule|Item Clause: Limit one of each item\n|clearpoke\n|poke|p1|Dragonite, L50, M|\n|poke|p1|Iron Hands, L50|\n|poke|p1|Kingambit, L50, M|\n|poke|p1|Iron Bundle, L50|\n|poke|p1|Flutter Mane, L50|\n|poke|p1|Urshifu-*, L50, F|\n|poke|p2|Flutter Mane, L50|\n|poke|p2|Ogerpon-Wellspring, L50, F|\n|poke|p2|Goodra-Hisui, L50, F|\n|poke|p2|Iron Hands, L50|\n|poke|p2|Volcarona, L50, F|\n|poke|p2|Landorus-Therian, L50, M|\n|teampreview|4\n|inactive|Battle timer is ON: inactive players will automatically lose when time's up. (requested by zagreus134)\n|\n|t:|1700691361\n|start\n|switch|p1a: Queen|Flutter Mane, L50|100\/100\n|switch|p1b: Bishop|Dragonite, L50, M|100\/100\n|switch|p2a: Goodra|Goodra-Hisui, L50, F|100\/100\n|switch|p2b: Iron Hands|Iron Hands, L50|100\/100\n|turn|1\n|\n|t:|1700691377\n|-terastallize|p1b: Bishop|Flying\n|move|p1a: Queen|Dazzling Gleam|p2b: Iron Hands|[spread] p2a,p2b\n|-supereffective|p2b: Iron Hands\n|-damage|p2a: Goodra|81\/100\n|-damage|p2b: Iron Hands|64\/100\n|move|p1b: Bishop|Tera Blast|p2b: Iron Hands|[anim] Tera Blast Flying\n|-damage|p2b: Iron Hands|7\/100\n|move|p2a: Goodra|Shelter|p2a: Goodra\n|-boost|p2a: Goodra|def|2\n|move|p2b: Iron Hands|Heavy Slam|p1a: Queen\n|-supereffective|p1a: Queen\n|-enditem|p1a: Queen|Focus Sash\n|-damage|p1a: Queen|1\/100\n|\n|-heal|p2a: Goodra|87\/100|[from] item: Leftovers\n|upkeep\n|turn|2\n|\n|t:|1700691401\n|move|p1a: Queen|Dazzling Gleam|p2b: Iron Hands|[spread] p2a,p2b\n|-supereffective|p2b: Iron Hands\n|-damage|p2a: Goodra|67\/100\n|-damage|p2b: Iron Hands|0 fnt\n|faint|p2b: Iron Hands\n|-end|p2b: Iron Hands|Quark Drive|[silent]\n|move|p1b: Bishop|Tera Blast|p2a: Goodra|[anim] Tera Blast Flying\n|-resisted|p2a: Goodra\n|-damage|p2a: Goodra|51\/100\n|move|p2a: Goodra|Life Dew|p2a: Goodra\n|-heal|p2a: Goodra|76\/100\n|\n|-heal|p2a: Goodra|82\/100|[from] item: Leftovers\n|upkeep\n|\n|t:|1700691415\n|switch|p2b: Landorus|Landorus-Therian, L50, M|100\/100\n|-ability|p2b: Landorus|Intimidate|boost\n|-unboost|p1a: Queen|atk|1\n|-fail|p1b: Bishop|unboost|Attack|[from] ability: Inner Focus|[of] p1b: Bishop\n|turn|3\n|\n|t:|1700691438\n|move|p1a: Queen|Dazzling Gleam|p2a: Goodra|[spread] p2a,p2b\n|-damage|p2a: Goodra|63\/100\n|-damage|p2b: Landorus|61\/100\n|move|p2b: Landorus|Rock Slide|p1b: Bishop|[spread] p1a,p1b\n|-supereffective|p1b: Bishop\n|-damage|p1a: Queen|0 fnt\n|-damage|p1b: Bishop|38\/100\n|faint|p1a: Queen\n|-end|p1a: Queen|Protosynthesis|[silent]\n|-damage|p2b: Landorus|52\/100|[from] item: Life Orb\n|move|p1b: Bishop|Tera Blast|p2b: Landorus|[anim] Tera Blast Flying\n|-damage|p2b: Landorus|0 fnt\n|faint|p2b: Landorus\n|move|p2a: Goodra|Shelter|p2a: Goodra\n|-boost|p2a: Goodra|def|2\n|\n|-heal|p2a: Goodra|68\/100|[from] item: Leftovers\n|upkeep\n|\n|t:|1700691450\n|switch|p1a: Knight|Iron Bundle, L50|100\/100\n|switch|p2b: Volcarona|Volcarona, L50, F|100\/100\n|-enditem|p1a: Knight|Booster Energy\n|-activate|p1a: Knight|ability: Quark Drive|[fromitem]\n|-start|p1a: Knight|quarkdrivespe\n|turn|4\n|\n|t:|1700691459\n|move|p2b: Volcarona|Protect|p2b: Volcarona\n|-singleturn|p2b: Volcarona|Protect\n|move|p1a: Knight|Encore|p2a: Goodra\n|-start|p2a: Goodra|Encore\n|move|p1b: Bishop|Tera Blast|p2b: Volcarona|[anim] Tera Blast Flying\n|-activate|p2b: Volcarona|move: Protect\n|move|p2a: Goodra|Shelter|p2a: Goodra\n|-boost|p2a: Goodra|def|2\n|\n|-heal|p2a: Goodra|74\/100|[from] item: Leftovers\n|upkeep\n|turn|5\n|-message|zakpaskal forfeited.\n|\n|win|zagreus134\n|raw|zagreus134's rating: 1389 &rarr; <strong>1409<\/strong><br \/>(+20 for winning)\n|raw|zakpaskal's rating: 1393 &rarr; <strong>1373<\/strong><br \/>(-20 for losing)\n|l|\u2606zakpaskal\n","uploadtime":1700691474,"views":13,"p1id":"zagreus134","p2id":"zakpaskal","formatid":"gen9vgc2023regulatione","rating":1373,"private":0,"password":""}