{"id":"gen9vgc2023regulatione-1996496199","p1":"Henristormer99","p2":"TheOleBP","format":"[Gen 9] VGC 2023 Regulation E","log":"|j|\u2606Henristormer99\n|j|\u2606TheOleBP\n|t:|1700687661\n|gametype|doubles\n|player|p1|Henristormer99|acetrainer-gen4dp|1250\n|player|p2|TheOleBP|red|1167\n|teamsize|p1|6\n|teamsize|p2|6\n|gen|9\n|tier|[Gen 9] VGC 2023 Regulation E\n|rated|\n|rule|Species Clause: Limit one of each Pok\u00e9mon\n|rule|Item Clause: Limit one of each item\n|clearpoke\n|poke|p1|Rillaboom, L50, F|\n|poke|p1|Empoleon, L50, M|\n|poke|p1|Tornadus, L50, M|\n|poke|p1|Landorus-Therian, L50, M|\n|poke|p1|Heatran, L50, F|\n|poke|p1|Enamorus-Therian, L50, F|\n|poke|p2|Gliscor, L50, M|\n|poke|p2|Kingambit, L50, F|\n|poke|p2|Ogerpon-Wellspring, L50, F|\n|poke|p2|Heatran, L50, F|\n|poke|p2|Flutter Mane, L50|\n|poke|p2|Sinistcha-Masterpiece, L50|\n|teampreview|4\n|inactive|Battle timer is ON: inactive players will automatically lose when time's up. (requested by TheOleBP)\n|inactive|Henristormer99 has 60 seconds left.\n|\n|t:|1700687698\n|start\n|switch|p1a: Tornadus|Tornadus, L50, M|100\/100\n|switch|p1b: Rillaboom|Rillaboom, L50, F|100\/100\n|switch|p2a: Kingambit|Kingambit, L50, F, shiny|100\/100\n|switch|p2b: Heatran|Heatran, L50, F|100\/100\n|-fieldstart|move: Grassy Terrain|[from] ability: Grassy Surge|[of] p1b: Rillaboom\n|turn|1\n|\n|t:|1700687719\n|switch|p2a: Sinistcha|Sinistcha-Masterpiece, L50|100\/100\n|move|p1b: Rillaboom|Fake Out|p2b: Heatran\n|-resisted|p2b: Heatran\n|-damage|p2b: Heatran|95\/100\n|move|p1a: Tornadus|Tailwind|p1a: Tornadus\n|-sidestart|p1: Henristormer99|move: Tailwind\n|cant|p2b: Heatran|flinch\n|\n|-heal|p2b: Heatran|100\/100|[from] Grassy Terrain\n|upkeep\n|turn|2\n|\n|t:|1700687729\n|move|p1a: Tornadus|Bleakwind Storm|p2a: Sinistcha|[spread] p2a\n|-miss|p1a: Tornadus|p2b: Heatran\n|-supereffective|p2a: Sinistcha\n|-damage|p2a: Sinistcha|43\/100\n|-unboost|p2a: Sinistcha|spe|1\n|-enditem|p2a: Sinistcha|Sitrus Berry|[eat]\n|-heal|p2a: Sinistcha|68\/100|[from] item: Sitrus Berry\n|move|p1b: Rillaboom|Stomping Tantrum|p2b: Heatran\n|-supereffective|p2b: Heatran\n|-damage|p2b: Heatran|16\/100\n|move|p2b: Heatran|Heat Wave|p1a: Tornadus|[spread] p1a,p1b\n|-supereffective|p1b: Rillaboom\n|-damage|p1a: Tornadus|50\/100\n|-damage|p1b: Rillaboom|13\/100\n|-enditem|p1b: Rillaboom|Sitrus Berry|[eat]\n|-heal|p1b: Rillaboom|37\/100|[from] item: Sitrus Berry\n|move|p2a: Sinistcha|Trick Room|p2a: Sinistcha\n|-fieldstart|move: Trick Room|[of] p2a: Sinistcha\n|\n|-heal|p2a: Sinistcha|74\/100|[from] Grassy Terrain\n|-heal|p2b: Heatran|22\/100|[from] Grassy Terrain\n|-heal|p2b: Heatran|28\/100|[from] item: Leftovers\n|-heal|p1b: Rillaboom|43\/100|[from] Grassy Terrain\n|upkeep\n|turn|3\n|\n|t:|1700687751\n|move|p2a: Sinistcha|Rage Powder|p2a: Sinistcha\n|-singleturn|p2a: Sinistcha|move: Rage Powder\n|move|p2b: Heatran|Heat Wave|p1b: Rillaboom|[spread] p1a,p1b\n|-supereffective|p1b: Rillaboom\n|-damage|p1a: Tornadus|4\/100\n|-damage|p1b: Rillaboom|0 fnt\n|faint|p1b: Rillaboom\n|move|p1a: Tornadus|Bleakwind Storm|p2a: Sinistcha|[spread] p2a\n|-miss|p1a: Tornadus|p2b: Heatran\n|-supereffective|p2a: Sinistcha\n|-damage|p2a: Sinistcha|15\/100\n|\n|-heal|p2a: Sinistcha|21\/100|[from] Grassy Terrain\n|-heal|p2b: Heatran|34\/100|[from] Grassy Terrain\n|-heal|p2b: Heatran|40\/100|[from] item: Leftovers\n|upkeep\n|\n|t:|1700687757\n|switch|p1b: Empoleon|Empoleon, L50, M|100\/100\n|turn|4\n|inactive|Henristormer99 has 30 seconds left.\n|\n|t:|1700687784\n|-terastallize|p2b: Heatran|Grass\n|move|p2a: Sinistcha|Matcha Gotcha|p1b: Empoleon|[spread] p1a,p1b\n|-resisted|p1a: Tornadus\n|-damage|p1a: Tornadus|0 fnt\n|-heal|p2a: Sinistcha|24\/100|[from] drain|[of] p1a: Tornadus\n|-damage|p1b: Empoleon|78\/100\n|-heal|p2a: Sinistcha|36\/100|[from] drain|[of] p1b: Empoleon\n|faint|p1a: Tornadus\n|move|p2b: Heatran|Earth Power|p1b: Empoleon\n|-supereffective|p1b: Empoleon\n|-damage|p1b: Empoleon|38\/100\n|move|p1b: Empoleon|Flash Cannon|p2a: Sinistcha\n|-damage|p2a: Sinistcha|0 fnt\n|faint|p2a: Sinistcha\n|\n|-heal|p2b: Heatran|46\/100|[from] Grassy Terrain\n|-heal|p2b: Heatran|52\/100|[from] item: Leftovers\n|-heal|p1b: Empoleon|44\/100|[from] Grassy Terrain\n|-sideend|p1: Henristormer99|move: Tailwind\n|upkeep\n|\n|t:|1700687802\n|switch|p2a: Kingambit|Kingambit, L50, F, shiny|100\/100\n|switch|p1a: Landorus|Landorus-Therian, L50, M|100\/100\n|-ability|p1a: Landorus|Intimidate|boost\n|-unboost|p2a: Kingambit|atk|1\n|-ability|p2a: Kingambit|Defiant|boost\n|-boost|p2a: Kingambit|atk|2\n|-unboost|p2b: Heatran|atk|1\n|turn|5\n|\n|t:|1700687820\n|move|p1a: Landorus|Protect|p1a: Landorus\n|-singleturn|p1a: Landorus|Protect\n|move|p2a: Kingambit|Sucker Punch||[still]\n|-fail|p2a: Kingambit\n|move|p1b: Empoleon|Flash Cannon|p2b: Heatran\n|-damage|p2b: Heatran|18\/100\n|move|p2b: Heatran|Heat Wave|p1b: Empoleon|[spread] \n|-activate|p1a: Landorus|move: Protect\n|-miss|p2b: Heatran|p1b: Empoleon\n|\n|-heal|p1b: Empoleon|50\/100|[from] Grassy Terrain\n|-heal|p2b: Heatran|24\/100|[from] Grassy Terrain\n|-heal|p2b: Heatran|30\/100|[from] item: Leftovers\n|-fieldend|move: Grassy Terrain\n|upkeep\n|turn|6\n|\n|t:|1700687843\n|move|p2a: Kingambit|Kowtow Cleave|p1a: Landorus\n|-damage|p1a: Landorus|39\/100\n|move|p1b: Empoleon|Flash Cannon|p2b: Heatran\n|-damage|p2b: Heatran|0 fnt\n|faint|p2b: Heatran\n|move|p1a: Landorus|Stomping Tantrum|p2a: Kingambit\n|-supereffective|p2a: Kingambit\n|-damage|p2a: Kingambit|42\/100\n|\n|-fieldend|move: Trick Room\n|upkeep\n|\n|t:|1700687851\n|switch|p2b: Flutter Mane|Flutter Mane, L50|100\/100\n|-enditem|p2b: Flutter Mane|Booster Energy\n|-activate|p2b: Flutter Mane|ability: Protosynthesis|[fromitem]\n|-start|p2b: Flutter Mane|protosynthesisspa\n|turn|7\n|\n|t:|1700687864\n|move|p1a: Landorus|Protect|p1a: Landorus\n|-singleturn|p1a: Landorus|Protect\n|move|p2a: Kingambit|Sucker Punch||[still]\n|-fail|p2a: Kingambit\n|move|p2b: Flutter Mane|Icy Wind|p1b: Empoleon|[spread] p1b\n|-activate|p1a: Landorus|move: Protect\n|-resisted|p1b: Empoleon\n|-damage|p1b: Empoleon|47\/100\n|-unboost|p1b: Empoleon|spe|1\n|-ability|p1b: Empoleon|Competitive|boost\n|-boost|p1b: Empoleon|spa|2\n|move|p1b: Empoleon|Water Pledge|p2a: Kingambit\n|-damage|p2a: Kingambit|0 fnt\n|faint|p2a: Kingambit\n|\n|upkeep\n|turn|8\n|-message|TheOleBP forfeited.\n|\n|win|Henristormer99\n|raw|Henristormer99's rating: 1250 &rarr; <strong>1269<\/strong><br \/>(+19 for winning)\n|raw|TheOleBP's rating: 1167 &rarr; <strong>1148<\/strong><br \/>(-19 for losing)\n|l|\u2606TheOleBP\n","uploadtime":1700687882,"views":11,"p1id":"henristormer99","p2id":"theolebp","formatid":"gen9vgc2023regulatione","rating":1148,"private":0,"password":""}