{"id":"gen9vgc2023regulatione-1994347359","p1":"D0xie","p2":"Ralsei Hatty","format":"[Gen 9] VGC 2023 Regulation E","log":"|j|\u2606D0xie\n|j|\u2606Ralsei Hatty\n|t:|1700433652\n|gametype|doubles\n|player|p1|D0xie|flannery|1118\n|player|p2|Ralsei Hatty|kieran|1173\n|teamsize|p1|6\n|teamsize|p2|6\n|gen|9\n|tier|[Gen 9] VGC 2023 Regulation E\n|rated|\n|rule|Species Clause: Limit one of each Pok\u00e9mon\n|rule|Item Clause: Limit one of each item\n|clearpoke\n|poke|p1|Toedscruel, L50, M|\n|poke|p1|Arcanine-Hisui, L50, M|\n|poke|p1|Sableye, L50, M|\n|poke|p1|Flutter Mane, L50|\n|poke|p1|Ogerpon-Wellspring, L50, F|\n|poke|p1|Dragapult, L50, M|\n|poke|p2|Chien-Pao, L50|\n|poke|p2|Tornadus, L50, M|\n|poke|p2|Flutter Mane, L50|\n|poke|p2|Ogerpon-Hearthflame, L50, F|\n|poke|p2|Arcanine-Hisui, L50, M|\n|poke|p2|Milotic, L50, M|\n|teampreview|4\n|inactive|Battle timer is ON: inactive players will automatically lose when time's up. (requested by D0xie)\nD0xie rejected open team sheets.\n|inactive|Ralsei Hatty has 60 seconds left.\n|inactive|Ralsei Hatty has 30 seconds left.\n|inactive|Ralsei Hatty has 20 seconds left.\n|inactive|Ralsei Hatty has 15 seconds left.\n|inactive|Ralsei Hatty has 10 seconds left.\n|\n|t:|1700433735\n|start\n|switch|p1a: Sableye|Sableye, L50, M|100\/100\n|switch|p1b: Toedscruel|Toedscruel, L50, M|100\/100\n|switch|p2a: Tornadus|Tornadus, L50, M|100\/100\n|switch|p2b: FluMane|Flutter Mane, L50|100\/100\n|turn|1\n|\n|t:|1700433745\n|-terastallize|p2b: FluMane|Fairy\n|move|p2a: Tornadus|Sunny Day|p2a: Tornadus\n|-weather|SunnyDay\n|-activate|p2b: FluMane|ability: Protosynthesis\n|-start|p2b: FluMane|protosynthesisspa\n|move|p1a: Sableye|Skill Swap|p1b: Toedscruel\n|-activate|p1a: Sableye|move: Skill Swap|||[of] p1b: Toedscruel\n|move|p1b: Toedscruel|Spore|p2a: Tornadus\n|-status|p2a: Tornadus|slp|[from] move: Spore\n|move|p2b: FluMane|Dazzling Gleam|p1a: Sableye|[spread] p1a,p1b\n|-supereffective|p1a: Sableye\n|-crit|p1b: Toedscruel\n|-damage|p1a: Sableye|0 fnt\n|-damage|p1b: Toedscruel|16\/100\n|faint|p1a: Sableye\n|\n|-weather|SunnyDay|[upkeep]\n|upkeep\n|\n|t:|1700433752\n|switch|p1a: Arcanine|Arcanine-Hisui, L50, M|100\/100\n|-ability|p1a: Arcanine|Intimidate|boost\n|-unboost|p2a: Tornadus|atk|1\n|-unboost|p2b: FluMane|atk|1\n|turn|2\n|\n|t:|1700433758\n|move|p2b: FluMane|Protect|p2b: FluMane\n|-singleturn|p2b: FluMane|Protect\n|cant|p2a: Tornadus|slp\n|move|p1b: Toedscruel|Spore|p2b: FluMane\n|-activate|p2b: FluMane|move: Protect\n|move|p1a: Arcanine|Rock Slide|p2a: Tornadus|[spread] p2a\n|-activate|p2b: FluMane|move: Protect\n|-supereffective|p2a: Tornadus\n|-damage|p2a: Tornadus|36\/100 slp\n|\n|-weather|SunnyDay|[upkeep]\n|upkeep\n|turn|3\n|\n|t:|1700433765\n|cant|p2a: Tornadus|slp\n|move|p1b: Toedscruel|Spore|p2b: FluMane\n|-status|p2b: FluMane|slp|[from] move: Spore\n|cant|p2b: FluMane|slp\n|move|p1a: Arcanine|Rock Slide|p2b: FluMane|[spread] p2a,p2b\n|-supereffective|p2a: Tornadus\n|-damage|p2a: Tornadus|0 fnt\n|-damage|p2b: FluMane|43\/100 slp\n|faint|p2a: Tornadus\n|\n|-weather|SunnyDay|[upkeep]\n|upkeep\n|\n|t:|1700433775\n|switch|p2a: Wallace|Milotic, L50, M, shiny|100\/100\n|turn|4\n|\n|t:|1700433780\n|move|p2a: Wallace|Protect|p2a: Wallace\n|-singleturn|p2a: Wallace|Protect\n|move|p1b: Toedscruel|Spore|p2a: Wallace\n|-activate|p2a: Wallace|move: Protect\n|-curestatus|p2b: FluMane|slp|[msg]\n|move|p2b: FluMane|Dazzling Gleam|p1b: Toedscruel|[spread] p1a,p1b\n|-resisted|p1a: Arcanine\n|-damage|p1a: Arcanine|54\/100\n|-damage|p1b: Toedscruel|0 fnt\n|faint|p1b: Toedscruel\n|move|p1a: Arcanine|Flare Blitz|p2b: FluMane\n|-damage|p2b: FluMane|0 fnt\n|faint|p2b: FluMane\n|-end|p2b: FluMane|Protosynthesis|[silent]\n|-damage|p1a: Arcanine|43\/100|[from] Recoil\n|\n|-weather|SunnyDay|[upkeep]\n|upkeep\n|\n|t:|1700433794\n|switch|p2b: Ogerpon|Ogerpon-Hearthflame, L50, F|100\/100\n|switch|p1b: Ogerpon|Ogerpon-Wellspring, L50, F|100\/100\n|-ability|p2b: Ogerpon|Mold Breaker\n|turn|5\n|\n|t:|1700433804\n|-terastallize|p1b: Ogerpon|Water\n|detailschange|p1b: Ogerpon|Ogerpon-Wellspring-Tera, L50, F, tera:Water\n|-ability|p1b: Ogerpon|Embody Aspect (Wellspring)|boost\n|-boost|p1b: Ogerpon|spd|1\n|move|p2b: Ogerpon|Spiky Shield|p2b: Ogerpon\n|-singleturn|p2b: Ogerpon|move: Protect\n|move|p1b: Ogerpon|Follow Me|p1b: Ogerpon\n|-singleturn|p1b: Ogerpon|move: Follow Me\n|move|p1a: Arcanine|Rock Slide|p2a: Wallace|[spread] p2a\n|-activate|p2b: Ogerpon|move: Protect\n|-damage|p2a: Wallace|72\/100\n|move|p2a: Wallace|Icy Wind|p1b: Ogerpon|[spread] p1a,p1b\n|-resisted|p1a: Arcanine\n|-resisted|p1b: Ogerpon\n|-damage|p1a: Arcanine|38\/100\n|-damage|p1b: Ogerpon|97\/100\n|-unboost|p1b: Ogerpon|spe|1\n|\n|-weather|none\n|-heal|p2a: Wallace|78\/100|[from] item: Leftovers\n|upkeep\n|turn|6\n|inactive|Ralsei Hatty has 30 seconds left.\n|\n|t:|1700433834\n|move|p1b: Ogerpon|Follow Me|p1b: Ogerpon\n|-singleturn|p1b: Ogerpon|move: Follow Me\n|move|p2b: Ogerpon|Horn Leech|p1b: Ogerpon\n|-supereffective|p1b: Ogerpon\n|-damage|p1b: Ogerpon|0 fnt\n|faint|p1b: Ogerpon\n|move|p1a: Arcanine|Rock Slide|p2a: Wallace|[spread] p2a,p2b\n|-supereffective|p2b: Ogerpon\n|-damage|p2a: Wallace|48\/100\n|-damage|p2b: Ogerpon|14\/100\n|move|p2a: Wallace|Icy Wind|p1a: Arcanine\n|-resisted|p1a: Arcanine\n|-damage|p1a: Arcanine|28\/100\n|\n|-heal|p2a: Wallace|54\/100|[from] item: Leftovers\n|upkeep\n|turn|7\n|\n|t:|1700433844\n|move|p2b: Ogerpon|Spiky Shield|p2b: Ogerpon\n|-singleturn|p2b: Ogerpon|move: Protect\n|move|p1a: Arcanine|Wild Charge|p2a: Wallace\n|-supereffective|p2a: Wallace\n|-damage|p2a: Wallace|0 fnt\n|faint|p2a: Wallace\n|-damage|p1a: Arcanine|13\/100|[from] Recoil\n|\n|upkeep\n|turn|8\n|inactive|Ralsei Hatty has 30 seconds left.\n|\n|t:|1700433873\n|move|p1a: Arcanine|Extreme Speed|p2b: Ogerpon\n|-damage|p2b: Ogerpon|0 fnt\n|faint|p2b: Ogerpon\n|\n|win|D0xie\n|raw|D0xie's rating: 1118 &rarr; <strong>1147<\/strong><br \/>(+29 for winning)\n|raw|Ralsei Hatty's rating: 1173 &rarr; <strong>1144<\/strong><br \/>(-29 for losing)\n|c|\u2606Ralsei Hatty|gg\n|c|\u2606D0xie|Gg\n","uploadtime":1700433888,"views":5,"p1id":"d0xie","p2id":"ralseihatty","formatid":"gen9vgc2023regulatione","rating":1144,"private":0,"password":""}