{"id":"gen9vgc2023regulatione-1995144310","p1":"pako1990bcn","p2":"Venefici","format":"[Gen 9] VGC 2023 Regulation E","log":"|j|\u2606pako1990bcn\n|j|\u2606Venefici\n|t:|1700527513\n|gametype|doubles\n|player|p1|pako1990bcn|hiker-gen4|1095\n|player|p2|Venefici|hugh|1093\n|teamsize|p1|6\n|teamsize|p2|6\n|gen|9\n|tier|[Gen 9] VGC 2023 Regulation E\n|rated|\n|rule|Species Clause: Limit one of each Pok\u00e9mon\n|rule|Item Clause: Limit one of each item\n|clearpoke\n|poke|p1|Hatterene, L50, F|\n|poke|p1|Iron Hands, L50|\n|poke|p1|Chien-Pao, L50|\n|poke|p1|Brute Bonnet, L50|\n|poke|p1|Vivillon-Elegant, L50, M|\n|poke|p1|Farigiraf, L50, M|\n|poke|p2|Volcarona, L50, F|\n|poke|p2|Rillaboom, L50, F|\n|poke|p2|Palafin, L50, M|\n|poke|p2|Roaring Moon, L50|\n|poke|p2|Iron Hands, L50|\n|poke|p2|Farigiraf, L50, F|\n|teampreview|4\n|inactive|Battle timer is ON: inactive players will automatically lose when time's up. (requested by Venefici)\n|\n|t:|1700527541\n|start\n|switch|p1a: Vivillon|Vivillon-Elegant, L50, M|100\/100\n|switch|p1b: Farigiraf|Farigiraf, L50, M, shiny|100\/100\n|switch|p2a: Volcarona|Volcarona, L50, F|100\/100\n|switch|p2b: Roaring Moon|Roaring Moon, L50|100\/100\n|-enditem|p2b: Roaring Moon|Booster Energy\n|-activate|p2b: Roaring Moon|ability: Protosynthesis|[fromitem]\n|-start|p2b: Roaring Moon|protosynthesisspe\n|turn|1\n|\n|t:|1700527562\n|-terastallize|p2b: Roaring Moon|Flying\n|move|p2b: Roaring Moon|Acrobatics|p1a: Vivillon\n|-supereffective|p1a: Vivillon\n|-damage|p1a: Vivillon|0 fnt\n|faint|p1a: Vivillon\n|move|p2a: Volcarona|Quiver Dance|p2a: Volcarona\n|-boost|p2a: Volcarona|spa|1\n|-boost|p2a: Volcarona|spd|1\n|-boost|p2a: Volcarona|spe|1\n|move|p1b: Farigiraf|Trick Room|p1b: Farigiraf\n|-fieldstart|move: Trick Room|[of] p1b: Farigiraf\n|\n|upkeep\n|\n|t:|1700527576\n|switch|p1a: Iron Hands|Iron Hands, L50, shiny|100\/100\n|turn|2\n|\n|t:|1700527592\n|-end|p2b: Roaring Moon|Protosynthesis|[silent]\n|switch|p2b: Farigiraf|Farigiraf, L50, F|100\/100\n|move|p1a: Iron Hands|Rock Slide|p2a: Volcarona|[spread] p2a,p2b\n|-supereffective|p2a: Volcarona\n|-damage|p2a: Volcarona|19\/100\n|-damage|p2b: Farigiraf|80\/100\n|move|p1b: Farigiraf|Hyper Voice|p2b: Farigiraf|[spread] p2a,p2b\n|-damage|p2a: Volcarona|0 fnt\n|-damage|p2b: Farigiraf|52\/100\n|faint|p2a: Volcarona\n|-enditem|p1b: Farigiraf|Throat Spray\n|-boost|p1b: Farigiraf|spa|1|[from] item: Throat Spray\n|\n|upkeep\n|\n|t:|1700527606\n|switch|p2a: Iron Hands|Iron Hands, L50|100\/100\n|turn|3\n|\n|t:|1700527629\n|-terastallize|p1b: Farigiraf|Ghost\n|move|p1a: Iron Hands|Wild Charge|p2b: Farigiraf\n|-damage|p2b: Farigiraf|3\/100\n|-damage|p1a: Iron Hands|91\/100|[from] Recoil\n|move|p1b: Farigiraf|Hyper Voice|p2b: Farigiraf|[spread] p2a,p2b\n|-damage|p2a: Iron Hands|74\/100\n|-damage|p2b: Farigiraf|0 fnt\n|faint|p2b: Farigiraf\n|move|p2a: Iron Hands|Wild Charge|p1b: Farigiraf\n|-damage|p1b: Farigiraf|46\/100\n|-damage|p2a: Iron Hands|61\/100|[from] Recoil\n|\n|upkeep\n|\n|t:|1700527648\n|switch|p2b: Roaring Moon|Roaring Moon, L50, tera:Flying|100\/100\n|turn|4\n|\n|t:|1700527668\n|move|p1a: Iron Hands|Wild Charge|p2b: Roaring Moon\n|-supereffective|p2b: Roaring Moon\n|-damage|p2b: Roaring Moon|0 fnt\n|faint|p2b: Roaring Moon\n|-end|p2b: Roaring Moon|Protosynthesis|[silent]\n|-damage|p1a: Iron Hands|74\/100|[from] Recoil\n|move|p1b: Farigiraf|Hyper Voice|p2a: Iron Hands\n|-damage|p2a: Iron Hands|25\/100\n|move|p2a: Iron Hands|Drain Punch|p1a: Iron Hands\n|-damage|p1a: Iron Hands|44\/100\n|-heal|p2a: Iron Hands|43\/100|[from] drain|[of] p1a: Iron Hands\n|\n|upkeep\n|turn|5\n|\n|t:|1700527688\n|move|p1a: Iron Hands|Drain Punch|p2a: Iron Hands\n|-damage|p2a: Iron Hands|7\/100\n|-heal|p1a: Iron Hands|60\/100|[from] drain|[of] p2a: Iron Hands\n|move|p1b: Farigiraf|Shadow Ball|p2a: Iron Hands\n|-damage|p2a: Iron Hands|0 fnt\n|faint|p2a: Iron Hands\n|-end|p2a: Iron Hands|Quark Drive|[silent]\n|\n|win|pako1990bcn\n|raw|pako1990bcn's rating: 1095 &rarr; <strong>1121<\/strong><br \/>(+26 for winning)\n|raw|Venefici's rating: 1093 &rarr; <strong>1069<\/strong><br \/>(-24 for losing)\n","uploadtime":1700527704,"views":3,"p1id":"pako1990bcn","p2id":"venefici","formatid":"gen9vgc2023regulatione","rating":1069,"private":0,"password":""}