{"id":"gen9vgc2023regulatione-1990138372","p1":"Mathology0","p2":"Ozwald McFly","format":"[Gen 9] VGC 2023 Regulation E","log":"|j|\u2606Mathology0\n|j|\u2606Ozwald McFly\n|t:|1699928709\n|gametype|doubles\n|player|p1|Mathology0|101|1067\n|player|p2|Ozwald McFly|birdkeeper-gen4dp|1131\n|teamsize|p1|6\n|teamsize|p2|6\n|gen|9\n|tier|[Gen 9] VGC 2023 Regulation E\n|rated|\n|rule|Species Clause: Limit one of each Pok\u00e9mon\n|rule|Item Clause: Limit one of each item\n|clearpoke\n|poke|p1|Iron Hands, L50|\n|poke|p1|Flutter Mane, L50|\n|poke|p1|Landorus-Therian, L50, M|\n|poke|p1|Heatran, L50, M|\n|poke|p1|Roaring Moon, L50|\n|poke|p1|Amoonguss, L50, F|\n|poke|p2|Noctowl, L50, F|\n|poke|p2|Sandy Shocks, L50|\n|poke|p2|Espeon, L50, F|\n|poke|p2|Indeedee-F, L50, F|\n|poke|p2|Iron Hands, L50|\n|poke|p2|Decidueye-Hisui, L50, M|\n|teampreview|4\n|\n|t:|1699928722\n|start\n|switch|p1a: Flutter Mane|Flutter Mane, L50|100\/100\n|switch|p1b: Roaring Moon|Roaring Moon, L50|100\/100\n|switch|p2a: Espeon|Espeon, L50, F|100\/100\n|switch|p2b: Indeedee|Indeedee-F, L50, F|100\/100\n|-fieldstart|move: Psychic Terrain|[from] ability: Psychic Surge|[of] p2b: Indeedee\n|-enditem|p1b: Roaring Moon|Booster Energy\n|-activate|p1b: Roaring Moon|ability: Protosynthesis|[fromitem]\n|-start|p1b: Roaring Moon|protosynthesisspe\n|turn|1\n|\n|t:|1699928752\n|-terastallize|p2a: Espeon|Fairy\n|move|p2b: Indeedee|Helping Hand|p2a: Espeon\n|-singleturn|p2a: Espeon|Helping Hand|[of] p2b: Indeedee\n|move|p1b: Roaring Moon|Breaking Swipe|p2b: Indeedee|[spread] p2b\n|-immune|p2a: Espeon\n|-damage|p2b: Indeedee|77\/100\n|-unboost|p2b: Indeedee|atk|1\n|move|p1a: Flutter Mane|Dazzling Gleam|p2b: Indeedee|[spread] p2a,p2b\n|-damage|p2a: Espeon|46\/100\n|-damage|p2b: Indeedee|36\/100\n|-enditem|p2b: Indeedee|Sitrus Berry|[eat]\n|-heal|p2b: Indeedee|61\/100|[from] item: Sitrus Berry\n|move|p2a: Espeon|Dazzling Gleam|p1b: Roaring Moon|[spread] p1a,p1b\n|-supereffective|p1b: Roaring Moon\n|-damage|p1a: Flutter Mane|53\/100\n|-damage|p1b: Roaring Moon|0 fnt\n|faint|p1b: Roaring Moon\n|-end|p1b: Roaring Moon|Protosynthesis|[silent]\n|\n|upkeep\n|\n|t:|1699928774\n|switch|p1b: Landorus|Landorus-Therian, L50, M|100\/100\n|-ability|p1b: Landorus|Intimidate|boost\n|-unboost|p2a: Espeon|atk|1\n|-unboost|p2b: Indeedee|atk|1\n|turn|2\n|\n|t:|1699928783\n|move|p2a: Espeon|Detect|p2a: Espeon\n|-singleturn|p2a: Espeon|Protect\n|move|p1b: Landorus|U-turn|p2b: Indeedee\n|-supereffective|p2b: Indeedee\n|-damage|p2b: Indeedee|8\/100\n|\n|t:|1699928788\n|switch|p1b: Heatran|Heatran, L50, M|100\/100|[from] U-turn\n|move|p1a: Flutter Mane|Dazzling Gleam|p2b: Indeedee|[spread] p2b\n|-activate|p2a: Espeon|move: Protect\n|-damage|p2b: Indeedee|0 fnt\n|faint|p2b: Indeedee\n|\n|upkeep\n|\n|t:|1699928795\n|switch|p2b: Iron Hands|Iron Hands, L50|100\/100\n|turn|3\n|\n|t:|1699928810\n|-end|p1a: Flutter Mane|Protosynthesis|[silent]\n|switch|p1a: Landorus|Landorus-Therian, L50, M|100\/100\n|-ability|p1a: Landorus|Intimidate|boost\n|-unboost|p2a: Espeon|atk|1\n|-unboost|p2b: Iron Hands|atk|1\n|move|p1b: Heatran|Protect|p1b: Heatran\n|-singleturn|p1b: Heatran|Protect\n|move|p2a: Espeon|Shadow Ball|p1a: Landorus\n|-damage|p1a: Landorus|66\/100\n|move|p2b: Iron Hands|Earthquake|p1b: Heatran|[spread] p2a\n|-activate|p1b: Heatran|move: Protect\n|-immune|p1a: Landorus\n|-damage|p2a: Espeon|8\/100\n|\n|upkeep\n|turn|4\n|\n|t:|1699928835\n|move|p2a: Espeon|Detect|p2a: Espeon\n|-singleturn|p2a: Espeon|Protect\n|move|p1a: Landorus|Stomping Tantrum|p2b: Iron Hands\n|-supereffective|p2b: Iron Hands\n|-damage|p2b: Iron Hands|45\/100\n|move|p1b: Heatran|Heat Wave|p2b: Iron Hands|[spread] p2b\n|-activate|p2a: Espeon|move: Protect\n|-damage|p2b: Iron Hands|20\/100\n|-damage|p1b: Heatran|91\/100|[from] item: Life Orb\n|move|p2b: Iron Hands|Drain Punch|p1b: Heatran\n|-supereffective|p1b: Heatran\n|-damage|p1b: Heatran|36\/100\n|-heal|p2b: Iron Hands|43\/100|[from] drain|[of] p1b: Heatran\n|\n|upkeep\n|turn|5\n|\n|t:|1699928854\n|move|p1a: Landorus|Stomping Tantrum|p2a: Espeon\n|-damage|p2a: Espeon|0 fnt\n|faint|p2a: Espeon\n|move|p1b: Heatran|Earth Power|p2b: Iron Hands\n|-supereffective|p2b: Iron Hands\n|-damage|p2b: Iron Hands|1\/100\n|-damage|p1b: Heatran|26\/100|[from] item: Life Orb\n|move|p2b: Iron Hands|Earthquake|p1a: Landorus|[spread] p1b\n|-immune|p1a: Landorus\n|-supereffective|p1b: Heatran\n|-damage|p1b: Heatran|0 fnt\n|faint|p1b: Heatran\n|\n|-fieldend|move: Psychic Terrain\n|upkeep\n|\n|t:|1699928868\n|switch|p2a: Decidueye|Decidueye-Hisui, L50, M, shiny|100\/100\n|switch|p1b: Flutter Mane|Flutter Mane, L50|53\/100\n|turn|6\n|\n|t:|1699928878\n|-terastallize|p1b: Flutter Mane|Fairy\n|move|p1a: Landorus|Stomping Tantrum|p2b: Iron Hands\n|-supereffective|p2b: Iron Hands\n|-damage|p2b: Iron Hands|0 fnt\n|faint|p2b: Iron Hands\n|-end|p2b: Iron Hands|Quark Drive|[silent]\n|move|p1b: Flutter Mane|Moonblast|p2a: Decidueye\n|-supereffective|p2a: Decidueye\n|-damage|p2a: Decidueye|0 fnt\n|faint|p2a: Decidueye\n|\n|win|Mathology0\n|raw|Mathology0's rating: 1067 &rarr; <strong>1102<\/strong><br \/>(+35 for winning)\n|raw|Ozwald McFly's rating: 1131 &rarr; <strong>1101<\/strong><br \/>(-30 for losing)\n","uploadtime":1699928888,"views":11,"p1id":"mathology0","p2id":"ozwaldmcfly","formatid":"gen9vgc2023regulatione","rating":1101,"private":0,"password":""}