{"id":"gen9vgc2023regulatione-1993923137","p1":"SpaceCP","p2":"kingofspades13","format":"[Gen 9] VGC 2023 Regulation E","log":"|j|\u2606SpaceCP\n|j|\u2606kingofspades13\n|n|\u2606SpaceCP|spacecp\n|n|\u2606kingofspades13|kingofspades13\n|html|View the match progress at <a href=\"\/game-bestof3-gen9vgc2023regulatione-1993920353\">game-bestof3-gen9vgc2023regulatione-1993920353<\/a>\n|t:|1700376114\n|gametype|doubles\n|player|p1|SpaceCP|youngster-gen4dp|\n|player|p2|kingofspades13|ghetsis-gen5bw|\n|teamsize|p1|6\n|teamsize|p2|6\n|gen|9\n|tier|[Gen 9] VGC 2023 Regulation E\n|rule|Species Clause: Limit one of each Pok\u00e9mon\n|rule|Item Clause: Limit one of each item\n|clearpoke\n|poke|p1|Sandaconda, L50, M|\n|poke|p1|Chi-Yu, L50|\n|poke|p1|Vulpix, L50, F|\n|poke|p1|Clefable, L50, F|\n|poke|p1|Lokix, L50, M|\n|poke|p1|Sunflora, L50, M|\n|poke|p2|Milotic, L50, F|\n|poke|p2|Ampharos, L50, M|\n|poke|p2|Conkeldurr, L50, F|\n|poke|p2|Gogoat, L50, M|\n|poke|p2|Spiritomb, L50, M|\n|poke|p2|Hatterene, L50, F|\n|teampreview|4\nkingofspades13 rejected open team sheets.\n|j| ruwisc\n|\n|t:|1700376195\n|start\n|switch|p1a: Chi-Yu|Chi-Yu, L50|100\/100\n|switch|p1b: Lokix|Lokix, L50, M|100\/100\n|switch|p2a: Milotic|Milotic, L50, F|100\/100\n|switch|p2b: Gogoat|Gogoat, L50, M|100\/100\n|-ability|p1a: Chi-Yu|Beads of Ruin\n|turn|1\n|\n|t:|1700376213\n|switch|p2b: Ampharos|Ampharos, L50, M|100\/100\n|move|p1a: Chi-Yu|Protect|p1a: Chi-Yu\n|-singleturn|p1a: Chi-Yu|Protect\n|move|p1b: Lokix|First Impression|p2a: Milotic\n|-damage|p2a: Milotic|72\/100\n|move|p2a: Milotic|Scald|p1a: Chi-Yu\n|-activate|p1a: Chi-Yu|move: Protect\n|\n|-heal|p2a: Milotic|78\/100|[from] item: Leftovers\n|upkeep\n|turn|2\n|\n|t:|1700376247\n|move|p2a: Milotic|Protect|p2a: Milotic\n|-singleturn|p2a: Milotic|Protect\n|move|p1b: Lokix|U-turn|p2a: Milotic\n|-activate|p2a: Milotic|move: Protect\n|move|p1a: Chi-Yu|Heat Wave|p2b: Ampharos|[spread] p2b\n|-activate|p2a: Milotic|move: Protect\n|-damage|p2b: Ampharos|42\/100\n|move|p2b: Ampharos|Focus Blast|p1a: Chi-Yu\n|-supereffective|p1a: Chi-Yu\n|-damage|p1a: Chi-Yu|6\/100\n|\n|-heal|p2a: Milotic|84\/100|[from] item: Leftovers\n|upkeep\n|turn|3\n|\n|t:|1700376280\n|switch|p2b: Spiritomb|Spiritomb, L50, M|100\/100\n|move|p1a: Chi-Yu|Protect|p1a: Chi-Yu\n|-singleturn|p1a: Chi-Yu|Protect\n|move|p1b: Lokix|U-turn|p2a: Milotic\n|-damage|p2a: Milotic|62\/100\n|\n|t:|1700376286\n|switch|p1b: Vulpix|Vulpix, L50, F|100\/100|[from] U-turn\n|-weather|SunnyDay|[from] ability: Drought|[of] p1b: Vulpix\n|move|p2a: Milotic|Scald|p1b: Vulpix\n|-supereffective|p1b: Vulpix\n|-damage|p1b: Vulpix|45\/100\n|\n|-weather|SunnyDay|[upkeep]\n|-heal|p2a: Milotic|68\/100|[from] item: Leftovers\n|upkeep\n|turn|4\n|\n|t:|1700376340\n|move|p2a: Milotic|Protect|p2a: Milotic\n|-singleturn|p2a: Milotic|Protect\n|move|p1a: Chi-Yu|Heat Wave|p2b: Spiritomb|[spread] p2b\n|-activate|p2a: Milotic|move: Protect\n|-damage|p2b: Spiritomb|29\/100\n|-enditem|p2b: Spiritomb|Red Card|[of] p1a: Chi-Yu\n|drag|p1a: Lokix|Lokix, L50, M|100\/100\n|move|p2b: Spiritomb|Foul Play|p1a: Lokix\n|-resisted|p1a: Lokix\n|-damage|p1a: Lokix|68\/100\n|move|p1b: Vulpix|Roar|p2b: Spiritomb\n|drag|p2b: Gogoat|Gogoat, L50, M|100\/100\n|\n|-weather|SunnyDay|[upkeep]\n|-heal|p2a: Milotic|74\/100|[from] item: Leftovers\n|upkeep\n|turn|5\n|\n|t:|1700376393\n|switch|p2b: Spiritomb|Spiritomb, L50, M|29\/100\n|switch|p1b: Clefable|Clefable, L50, F|100\/100\n|move|p1a: Lokix|U-turn|p2a: Milotic\n|-damage|p2a: Milotic|50\/100\n|\n|t:|1700376406\n|switch|p1a: Vulpix|Vulpix, L50, F|45\/100|[from] U-turn\n|move|p2a: Milotic|Scald|p1b: Clefable\n|-damage|p1b: Clefable|87\/100\n|\n|-weather|SunnyDay|[upkeep]\n|-heal|p2a: Milotic|56\/100|[from] item: Leftovers\n|upkeep\n|turn|6\n|\n|t:|1700376447\n|move|p2a: Milotic|Recover|p2a: Milotic\n|-heal|p2a: Milotic|100\/100\n|move|p1a: Vulpix|Memento|p2b: Spiritomb\n|-unboost|p2b: Spiritomb|atk|2\n|-unboost|p2b: Spiritomb|spa|2\n|faint|p1a: Vulpix\n|move|p2b: Spiritomb|Taunt|p1b: Clefable\n|-start|p1b: Clefable|move: Taunt\n|move|p1b: Clefable|Moonblast|p2a: Milotic\n|-damage|p2a: Milotic|72\/100\n|\n|-weather|SunnyDay|[upkeep]\n|-heal|p2a: Milotic|78\/100|[from] item: Leftovers\n|upkeep\n|\n|t:|1700376459\n|switch|p1a: Chi-Yu|Chi-Yu, L50|6\/100\n|-ability|p1a: Chi-Yu|Beads of Ruin\n|turn|7\n|\n|t:|1700376482\n|move|p2a: Milotic|Protect|p2a: Milotic\n|-singleturn|p2a: Milotic|Protect\n|move|p1a: Chi-Yu|Flamethrower|p2b: Spiritomb\n|-damage|p2b: Spiritomb|0 fnt\n|faint|p2b: Spiritomb\n|move|p1b: Clefable|Moonblast|p2a: Milotic\n|-activate|p2a: Milotic|move: Protect\n|\n|-weather|none\n|-heal|p2a: Milotic|84\/100|[from] item: Leftovers\n|upkeep\n|\n|t:|1700376493\n|switch|p2b: Ampharos|Ampharos, L50, M|42\/100\n|turn|8\n|\n|t:|1700376511\n|-terastallize|p2b: Ampharos|Dragon\n|move|p1a: Chi-Yu|Protect|p1a: Chi-Yu\n|-singleturn|p1a: Chi-Yu|Protect\n|move|p2a: Milotic|Scald|p1b: Clefable\n|-damage|p1b: Clefable|52\/100\n|-status|p1b: Clefable|brn\n|move|p2b: Ampharos|Dragon Pulse|p1a: Chi-Yu\n|-activate|p1a: Chi-Yu|move: Protect\n|move|p1b: Clefable|Moonblast|p2a: Milotic\n|-damage|p2a: Milotic|51\/100\n|\n|-heal|p2a: Milotic|57\/100|[from] item: Leftovers\n|-damage|p1b: Clefable|46\/100 brn|[from] brn\n|-end|p1b: Clefable|move: Taunt\n|upkeep\n|turn|9\n|\n|t:|1700376559\n|move|p1a: Chi-Yu|Dark Pulse|p2a: Milotic\n|-damage|p2a: Milotic|18\/100\n|move|p2a: Milotic|Recover|p2a: Milotic\n|-heal|p2a: Milotic|68\/100\n|move|p2b: Ampharos|Thunderbolt|p1a: Chi-Yu\n|-damage|p1a: Chi-Yu|0 fnt\n|faint|p1a: Chi-Yu\n|move|p1b: Clefable|Moonlight|p1b: Clefable\n|-heal|p1b: Clefable|96\/100 brn\n|\n|-heal|p2a: Milotic|74\/100|[from] item: Leftovers\n|-damage|p1b: Clefable|90\/100 brn|[from] brn\n|upkeep\n|\n|t:|1700376567\n|switch|p1a: Lokix|Lokix, L50, M|68\/100\n|turn|10\n|\n|t:|1700376583\n|move|p1a: Lokix|Detect|p1a: Lokix\n|-singleturn|p1a: Lokix|Protect\n|move|p2b: Ampharos|Protect|p2b: Ampharos\n|-singleturn|p2b: Ampharos|Protect\n|move|p2a: Milotic|Scald|p1a: Lokix\n|-activate|p1a: Lokix|move: Protect\n|move|p1b: Clefable|Moonblast|p2b: Ampharos\n|-activate|p2b: Ampharos|move: Protect\n|\n|-heal|p2a: Milotic|80\/100|[from] item: Leftovers\n|-damage|p1b: Clefable|84\/100 brn|[from] brn\n|upkeep\n|turn|11\n|\n|t:|1700376610\n|switch|p2b: Gogoat|Gogoat, L50, M|100\/100\n|-terastallize|p1a: Lokix|Dark\n|move|p1a: Lokix|Sucker Punch|p2a: Milotic\n|-crit|p2a: Milotic\n|-damage|p2a: Milotic|34\/100\n|move|p2a: Milotic|Scald|p1a: Lokix\n|-damage|p1a: Lokix|23\/100\n|move|p1b: Clefable|Moonblast|p2a: Milotic\n|-damage|p2a: Milotic|9\/100\n|\n|-heal|p2a: Milotic|15\/100|[from] item: Leftovers\n|-damage|p1b: Clefable|78\/100 brn|[from] brn\n|upkeep\n|turn|12\n|\n|t:|1700376686\n|move|p1a: Lokix|Detect|p1a: Lokix\n|-singleturn|p1a: Lokix|Protect\n|move|p2a: Milotic|Protect|p2a: Milotic\n|-singleturn|p2a: Milotic|Protect\n|move|p2b: Gogoat|Earthquake|p1b: Clefable|[spread] p1b\n|-activate|p2a: Milotic|move: Protect\n|-activate|p1a: Lokix|move: Protect\n|-damage|p1b: Clefable|57\/100 brn\n|move|p1b: Clefable|Moonblast|p2b: Gogoat\n|-damage|p2b: Gogoat|80\/100\n|\n|-heal|p2a: Milotic|21\/100|[from] item: Leftovers\n|-damage|p1b: Clefable|51\/100 brn|[from] brn\n|upkeep\n|turn|13\n|\n|t:|1700376716\n|move|p1a: Lokix|U-turn|p2a: Milotic\n|-damage|p2a: Milotic|0 fnt\n|faint|p2a: Milotic\n|move|p2b: Gogoat|Play Rough|p1a: Lokix\n|-supereffective|p1a: Lokix\n|-damage|p1a: Lokix|0 fnt\n|faint|p1a: Lokix\n|move|p1b: Clefable|Moonlight|p1b: Clefable\n|-heal|p1b: Clefable|100\/100 brn\n|\n|-damage|p1b: Clefable|94\/100 brn|[from] brn\n|upkeep\n|\n|t:|1700376726\n|switch|p2a: Ampharos|Ampharos, L50, M, tera:Dragon|42\/100\n|turn|14\n|\n|t:|1700376734\n|move|p2a: Ampharos|Protect|p2a: Ampharos\n|-singleturn|p2a: Ampharos|Protect\n|move|p2b: Gogoat|Horn Leech|p1b: Clefable\n|-damage|p1b: Clefable|59\/100 brn\n|-heal|p2b: Gogoat|94\/100|[from] drain|[of] p1b: Clefable\n|move|p1b: Clefable|Moonblast|p2a: Ampharos\n|-activate|p2a: Ampharos|move: Protect\n|\n|-damage|p1b: Clefable|53\/100 brn|[from] brn\n|upkeep\n|turn|15\n|\n|t:|1700376747\n|move|p2b: Gogoat|Horn Leech|p1b: Clefable\n|-damage|p1b: Clefable|21\/100 brn\n|-heal|p2b: Gogoat|100\/100|[from] drain|[of] p1b: Clefable\n|move|p2a: Ampharos|Thunderbolt|p1b: Clefable\n|-damage|p1b: Clefable|0 fnt\n|faint|p1b: Clefable\n|\n|win|kingofspades13\n|c|\u2606SpaceCP|gg game 2\n|c|&|\/uhtml prompt-spacecp,SpaceCP is ready for game 3!\n|inactive|kingofspades13 has 50 seconds to confirm battle start!\n|c|\u2606kingofspades13|gg game 2\n|c|&|\/uhtml prompt-kingofspades13,kingofspades13 is ready for game 3!\nBoth players are ready! Starting next match!\n|l|\u2606kingofspades13\n","uploadtime":1700377149,"views":35,"p1id":"spacecp","p2id":"kingofspades13","formatid":"gen9vgc2023regulatione","rating":0,"private":0,"password":""}