{"id":"gen9vgc2023regulatione-1988409735","p1":"Paschar","p2":"Salamencetv","format":"[Gen 9] VGC 2023 Regulation E","log":"|j|\u2606Paschar\n|j|\u2606Salamencetv\n|t:|1699719825\n|gametype|doubles\n|player|p1|Paschar|brycenman|\n|player|p2|Salamencetv|pryce|\n|teamsize|p1|6\n|teamsize|p2|6\n|gen|9\n|tier|[Gen 9] VGC 2023 Regulation E\n|rule|Species Clause: Limit one of each Pok\u00e9mon\n|rule|Item Clause: Limit one of each item\n|clearpoke\n|poke|p1|Snorlax, L50, M|\n|poke|p1|Munkidori, L50, M|\n|poke|p1|Arcanine, L50, F|\n|poke|p1|Dragonite, L50, F|\n|poke|p1|Iron Bundle, L50|\n|poke|p1|Stonjourner, L50, M|\n|poke|p2|Rillaboom, L50, F|\n|poke|p2|Enamorus-Therian, L50, F|\n|poke|p2|Sneasler, L50, F|\n|poke|p2|Golem, L50, F|\n|poke|p2|Goodra-Hisui, L50, M|\n|poke|p2|Slowbro, L50, M|\n|teampreview|4\n|j| Jstardude\n|\n|t:|1699719882\n|start\n|switch|p1a: Snorlax|Snorlax, L50, M|100\/100\n|switch|p1b: Munkidori|Munkidori, L50, M|100\/100\n|switch|p2a: Huh?|Slowbro, L50, M|100\/100\n|switch|p2b: Jason Mamoa|Rillaboom, L50, F|100\/100\n|-fieldstart|move: Grassy Terrain|[from] ability: Grassy Surge|[of] p2b: Jason Mamoa\n|turn|1\n|\n|t:|1699719911\n|switch|p2b: Woomy|Goodra-Hisui, L50, M|100\/100\n|move|p1a: Snorlax|Helping Hand|p1b: Munkidori\n|-singleturn|p1b: Munkidori|Helping Hand|[of] p1a: Snorlax\n|move|p1b: Munkidori|Sludge Bomb|p2b: Woomy\n|-immune|p2b: Woomy\n|move|p2a: Huh?|Scald|p1a: Snorlax\n|-damage|p1a: Snorlax|79\/100\n|\n|-heal|p1a: Snorlax|86\/100|[from] Grassy Terrain\n|upkeep\n|turn|2\n|\n|t:|1699719943\n|move|p1b: Munkidori|Sludge Bomb|p2a: Huh?\n|-damage|p2a: Huh?|55\/100\n|move|p2b: Woomy|Body Press|p1a: Snorlax\n|-supereffective|p1a: Snorlax\n|-damage|p1a: Snorlax|45\/100\n|move|p2a: Huh?|Yawn|p1a: Snorlax\n|-start|p1a: Snorlax|move: Yawn|[of] p2a: Huh?\n|move|p1a: Snorlax|High Horsepower|p2b: Woomy\n|-supereffective|p2b: Woomy\n|-damage|p2b: Woomy|49\/100\n|\n|-heal|p2b: Woomy|55\/100|[from] Grassy Terrain\n|-heal|p2b: Woomy|61\/100|[from] item: Leftovers\n|-heal|p2a: Huh?|62\/100|[from] Grassy Terrain\n|-heal|p1a: Snorlax|51\/100|[from] Grassy Terrain\n|upkeep\n|turn|3\n|\n|t:|1699719976\n|move|p1a: Snorlax|Helping Hand|p1b: Munkidori\n|-singleturn|p1b: Munkidori|Helping Hand|[of] p1a: Snorlax\n|move|p2b: Woomy|Protect|p2b: Woomy\n|-singleturn|p2b: Woomy|Protect\n|move|p1b: Munkidori|Psychic|p2b: Woomy\n|-activate|p2b: Woomy|move: Protect\n|move|p2a: Huh?|Trick Room|p2a: Huh?\n|-fieldstart|move: Trick Room|[of] p2a: Huh?\n|\n|-heal|p1a: Snorlax|57\/100|[from] Grassy Terrain\n|-heal|p2a: Huh?|68\/100|[from] Grassy Terrain\n|-heal|p2b: Woomy|67\/100|[from] Grassy Terrain\n|-heal|p2b: Woomy|73\/100|[from] item: Leftovers\n|-end|p1a: Snorlax|move: Yawn|[silent]\n|-status|p1a: Snorlax|slp\n|upkeep\n|turn|4\n|\n|t:|1699719990\n|cant|p1a: Snorlax|slp\n|move|p2a: Huh?|Psyshock|p1b: Munkidori\n|-damage|p1b: Munkidori|56\/100\n|move|p2b: Woomy|Heavy Slam|p1b: Munkidori\n|-damage|p1b: Munkidori|1\/100\n|move|p1b: Munkidori|Psychic|p2b: Woomy\n|-resisted|p2b: Woomy\n|-damage|p2b: Woomy|58\/100\n|\n|-heal|p1a: Snorlax|64\/100 slp|[from] Grassy Terrain\n|-heal|p2a: Huh?|74\/100|[from] Grassy Terrain\n|-heal|p2b: Woomy|64\/100|[from] Grassy Terrain\n|-heal|p2b: Woomy|70\/100|[from] item: Leftovers\n|-heal|p1b: Munkidori|7\/100|[from] Grassy Terrain\n|upkeep\n|turn|5\n|\n|t:|1699720009\n|move|p1b: Munkidori|Protect|p1b: Munkidori\n|-singleturn|p1b: Munkidori|Protect\n|cant|p1a: Snorlax|slp\n|move|p2a: Huh?|Scald|p1b: Munkidori\n|-activate|p1b: Munkidori|move: Protect\n|move|p2b: Woomy|Body Press|p1a: Snorlax\n|-supereffective|p1a: Snorlax\n|-damage|p1a: Snorlax|24\/100 slp\n|\n|-heal|p1a: Snorlax|30\/100 slp|[from] Grassy Terrain\n|-heal|p2a: Huh?|80\/100|[from] Grassy Terrain\n|-heal|p2b: Woomy|75\/100|[from] Grassy Terrain\n|-heal|p2b: Woomy|81\/100|[from] item: Leftovers\n|-heal|p1b: Munkidori|13\/100|[from] Grassy Terrain\n|-fieldend|move: Grassy Terrain\n|upkeep\n|turn|6\n|\n|t:|1699720031\n|-curestatus|p1a: Snorlax|slp|[msg]\n|move|p1a: Snorlax|High Horsepower|p2b: Woomy\n|-supereffective|p2b: Woomy\n|-damage|p2b: Woomy|37\/100\n|move|p2a: Huh?|Psyshock|p1b: Munkidori\n|-damage|p1b: Munkidori|0 fnt\n|faint|p1b: Munkidori\n|move|p2b: Woomy|Body Press|p1a: Snorlax\n|-supereffective|p1a: Snorlax\n|-damage|p1a: Snorlax|0 fnt\n|faint|p1a: Snorlax\n|\n|-heal|p2b: Woomy|43\/100|[from] item: Leftovers\n|upkeep\n|c| Jstardude|grassy terrain putting in work\n|j| Stryke Out\n|\n|t:|1699720066\n|switch|p1a: Dragonite|Dragonite, L50, F|100\/100\n|switch|p1b: Iron Bundle|Iron Bundle, L50|100\/100\n|-enditem|p1b: Iron Bundle|Booster Energy\n|-activate|p1b: Iron Bundle|ability: Quark Drive|[fromitem]\n|-start|p1b: Iron Bundle|quarkdrivespe\n|turn|7\n|\n|t:|1699720099\n|-terastallize|p1a: Dragonite|Normal\n|move|p1a: Dragonite|Extreme Speed|p2b: Woomy\n|-resisted|p2b: Woomy\n|-damage|p2b: Woomy|16\/100\n|move|p2a: Huh?|Psyshock|p1b: Iron Bundle\n|-damage|p1b: Iron Bundle|63\/100\n|move|p2b: Woomy|Rock Slide|p1a: Dragonite|[spread] p1a,p1b\n|-supereffective|p1b: Iron Bundle\n|-damage|p1a: Dragonite|88\/100\n|-damage|p1b: Iron Bundle|33\/100\n|move|p1b: Iron Bundle|Ice Beam|p2a: Huh?\n|-resisted|p2a: Huh?\n|-damage|p2a: Huh?|61\/100\n|\n|-heal|p2b: Woomy|22\/100|[from] item: Leftovers\n|-fieldend|move: Trick Room\n|upkeep\n|turn|8\n|\n|t:|1699720122\n|move|p1a: Dragonite|Extreme Speed|p2b: Woomy\n|-resisted|p2b: Woomy\n|-damage|p2b: Woomy|0 fnt\n|faint|p2b: Woomy\n|move|p1b: Iron Bundle|Icy Wind|p2a: Huh?|[miss]\n|-miss|p1b: Iron Bundle|p2a: Huh?\n|move|p2a: Huh?|Trick Room|p2a: Huh?\n|-fieldstart|move: Trick Room|[of] p2a: Huh?\n|\n|upkeep\n|\n|t:|1699720128\n|switch|p2b: NootNoot|Enamorus-Therian, L50, F|100\/100\n|turn|9\n|\n|t:|1699720154\n|move|p1a: Dragonite|Extreme Speed|p2b: NootNoot\n|-damage|p2b: NootNoot|36\/100\n|-enditem|p2b: NootNoot|Sitrus Berry|[eat]\n|-heal|p2b: NootNoot|61\/100|[from] item: Sitrus Berry\n|move|p2a: Huh?|Psyshock|p1a: Dragonite\n|-damage|p1a: Dragonite|56\/100\n|move|p2b: NootNoot|Springtide Storm|p1a: Dragonite|[spread] p1a,p1b\n|-damage|p1a: Dragonite|23\/100\n|-damage|p1b: Iron Bundle|0 fnt\n|faint|p1b: Iron Bundle\n|-end|p1b: Iron Bundle|Quark Drive|[silent]\n|\n|upkeep\n|turn|10\n|\n|t:|1699720181\n|move|p1a: Dragonite|Extreme Speed|p2a: Huh?\n|-damage|p2a: Huh?|4\/100\n|move|p2a: Huh?|Psyshock|p1a: Dragonite\n|-damage|p1a: Dragonite|0 fnt\n|faint|p1a: Dragonite\n|\n|win|Salamencetv\n","uploadtime":1699720189,"views":53,"p1id":"paschar","p2id":"salamencetv","formatid":"gen9vgc2023regulatione","rating":0,"private":0,"password":""}