{"id":"gen9vgc2023regulatione-1991083037","p1":"ashthedog","p2":"metronome11","format":"[Gen 9] VGC 2023 Regulation E","log":"|j|\u2606ashthedog\n|j|\u2606metronome11\n|t:|1700040150\n|gametype|doubles\n|player|p1|ashthedog|ballguy|\n|player|p2|metronome11|102|\n|teamsize|p1|6\n|teamsize|p2|6\n|gen|9\n|tier|[Gen 9] VGC 2023 Regulation E\n|rated|Tournament battle\n|rule|Species Clause: Limit one of each Pok\u00e9mon\n|rule|Item Clause: Limit one of each item\n|clearpoke\n|poke|p1|Pelipper, L50, M|\n|poke|p1|Urshifu-*, L50, F|\n|poke|p1|Salamence, L50, M|\n|poke|p1|Gholdengo, L50|\n|poke|p1|Iron Hands, L50|\n|poke|p1|Amoonguss, L50, F|\n|poke|p2|Golem-Alola, L50, M|\n|poke|p2|Iron Hands, L50|\n|poke|p2|Sinistcha, L50|\n|poke|p2|Dondozo, L50, M|\n|poke|p2|Rabsca, L50, M|\n|poke|p2|Mamoswine, L50, M|\n|teampreview|4\n|showteam|p1|Pelipper||FocusSash|Drizzle|Hurricane,WeatherBall,WideGuard,Protect|||M|||50|,,,,,Ghost]Urshifu-Rapid-Strike||ChoiceScarf|UnseenFist|SurgingStrikes,CloseCombat,AquaJet,Uturn|||F|||50|,,,,,Grass]Salamence||LifeOrb|Intimidate|Hurricane,DracoMeteor,Tailwind,Protect|||M|||50|,,,,,Steel]Gholdengo||Leftovers|GoodasGold|MakeItRain,ShadowBall,NastyPlot,Protect||||||50|,,,,,Dragon]Iron Hands||AssaultVest|QuarkDrive|DrainPunch,WildCharge,HeavySlam,FakeOut||||||50|,,,,,Grass]Amoonguss||MentalHerb|Regenerator|PollenPuff,RagePowder,Spore,Protect|||F|||50|,,,,,Water\n|showteam|p2|Golem-Alola||Magnet|Galvanize|Explosion,WideGuard,BodySlam,Protect|||M|||50|,,,,,Flying]Iron Hands||SitrusBerry|QuarkDrive|FakeOut,ElectricTerrain,DrainPunch,WildCharge||||||50|,,,,,Fire]Sinistcha||MentalHerb|Hospitality|TrickRoom,MatchaGotcha,Protect,NastyPlot||||||50|,,,,,Fire]Dondozo||Leftovers|Unaware|Yawn,Soak,WaveCrash,Protect|||M|||50|,,,,,Grass]Rabsca||LeppaBerry|Telepathy|RevivalBlessing,TrickRoom,Psychic,Protect|||M|||50|,,,,,Dark]Mamoswine||AssaultVest|Oblivious|IceShard,HighHorsepower,IcicleCrash,HeavySlam|||M|||50|,,,,,Water\n|c|\u2606ashthedog|glhf\n|c|\u2606metronome11|glhf\n|\n|t:|1700040202\n|start\n|switch|p1a: Urshifu|Urshifu-Rapid-Strike, L50, F|100\/100\n|switch|p1b: Gholdengo|Gholdengo, L50|100\/100\n|switch|p2a: Golem|Golem-Alola, L50, M|100\/100\n|switch|p2b: Sinistcha|Sinistcha, L50|100\/100\n|turn|1\n|\n|t:|1700040226\n|switch|p1b: Pelipper|Pelipper, L50, M|100\/100\n|-weather|RainDance|[from] ability: Drizzle|[of] p1b: Pelipper\n|switch|p2a: Iron Hands|Iron Hands, L50|100\/100\n|move|p1a: Urshifu|Surging Strikes|p2a: Iron Hands\n|-crit|p2a: Iron Hands\n|-damage|p2a: Iron Hands|78\/100\n|-crit|p2a: Iron Hands\n|-damage|p2a: Iron Hands|56\/100\n|-crit|p2a: Iron Hands\n|-damage|p2a: Iron Hands|34\/100\n|-enditem|p2a: Iron Hands|Sitrus Berry|[eat]\n|-heal|p2a: Iron Hands|59\/100|[from] item: Sitrus Berry\n|-hitcount|p2a: Iron Hands|3\n|move|p2b: Sinistcha|Trick Room|p2b: Sinistcha\n|-fieldstart|move: Trick Room|[of] p2b: Sinistcha\n|\n|-weather|RainDance|[upkeep]\n|upkeep\n|turn|2\n|c|\u2606metronome11|sorry\n|\n|t:|1700040372\n|-terastallize|p1a: Urshifu|Grass\n|move|p2a: Iron Hands|Wild Charge|p1b: Pelipper\n|-supereffective|p1b: Pelipper\n|-enditem|p1b: Pelipper|Focus Sash\n|-damage|p1b: Pelipper|1\/100\n|-damage|p2a: Iron Hands|46\/100|[from] Recoil\n|move|p2b: Sinistcha|Nasty Plot|p2b: Sinistcha\n|-boost|p2b: Sinistcha|spa|2\n|move|p1b: Pelipper|Hurricane|p2b: Sinistcha\n|-supereffective|p2b: Sinistcha\n|-damage|p2b: Sinistcha|1\/100\n|move|p1a: Urshifu|Surging Strikes|p2a: Iron Hands\n|-crit|p2a: Iron Hands\n|-damage|p2a: Iron Hands|24\/100\n|-crit|p2a: Iron Hands\n|-damage|p2a: Iron Hands|2\/100\n|-crit|p2a: Iron Hands\n|-damage|p2a: Iron Hands|0 fnt\n|faint|p2a: Iron Hands\n|-end|p2a: Iron Hands|Quark Drive|[silent]\n|-hitcount|p2: Iron Hands|3\n|\n|-weather|RainDance|[upkeep]\n|upkeep\n|c|\u2606ashthedog|all good\n|\n|t:|1700040385\n|switch|p2a: Mamoswine|Mamoswine, L50, M|100\/100\n|turn|3\n|\n|t:|1700040417\n|switch|p1a: Gholdengo|Gholdengo, L50|100\/100\n|-terastallize|p2a: Mamoswine|Water\n|move|p1b: Pelipper|Protect|p1b: Pelipper\n|-singleturn|p1b: Pelipper|Protect\n|move|p2b: Sinistcha|Matcha Gotcha|p1a: Gholdengo|[spread] p1a\n|-activate|p1b: Pelipper|move: Protect\n|-resisted|p1a: Gholdengo\n|-damage|p1a: Gholdengo|74\/100\n|-heal|p2b: Sinistcha|16\/100|[from] drain|[of] p1a: Gholdengo\n|move|p2a: Mamoswine|Icicle Crash|p1a: Gholdengo\n|-resisted|p1a: Gholdengo\n|-damage|p1a: Gholdengo|51\/100\n|\n|-weather|RainDance|[upkeep]\n|-heal|p1a: Gholdengo|57\/100|[from] item: Leftovers\n|upkeep\n|turn|4\n|\n|t:|1700040435\n|move|p1b: Pelipper|Wide Guard|p1b: Pelipper\n|-singleturn|p1b: Pelipper|Wide Guard\n|move|p2b: Sinistcha|Matcha Gotcha|p1b: Pelipper|[spread] \n|-activate|p1a: Gholdengo|move: Wide Guard\n|-activate|p1b: Pelipper|move: Wide Guard\n|move|p2a: Mamoswine|High Horsepower|p1a: Gholdengo\n|-supereffective|p1a: Gholdengo\n|-damage|p1a: Gholdengo|0 fnt\n|faint|p1a: Gholdengo\n|\n|-weather|RainDance|[upkeep]\n|upkeep\n|\n|t:|1700040456\n|switch|p1a: Urshifu|Urshifu-Rapid-Strike, L50, F, tera:Grass|100\/100\n|turn|5\n|\n|t:|1700040463\n|move|p1a: Urshifu|Aqua Jet|p2b: Sinistcha\n|-resisted|p2b: Sinistcha\n|-damage|p2b: Sinistcha|0 fnt\n|faint|p2b: Sinistcha\n|move|p2a: Mamoswine|Icicle Crash|p1a: Urshifu\n|-supereffective|p1a: Urshifu\n|-damage|p1a: Urshifu|0 fnt\n|faint|p1a: Urshifu\n|move|p1b: Pelipper|Hurricane|p2a: Mamoswine\n|-damage|p2a: Mamoswine|56\/100\n|\n|-weather|none\n|-fieldend|move: Trick Room\n|upkeep\n|c|\u2606ashthedog|was that sinis EV'd to live the Hurricane?\n|\n|t:|1700040514\n|switch|p1a: Salamence|Salamence, L50, M|100\/100\n|switch|p2b: Golem|Golem-Alola, L50, M|100\/100\n|-ability|p1a: Salamence|Intimidate|boost\n|-fail|p2a: Mamoswine|unboost|Attack|[from] ability: Oblivious|[of] p2a: Mamoswine\n|-unboost|p2b: Golem|atk|1\n|turn|6\n|c|\u2606metronome11|no\n|c|\u2606metronome11|bleek from torn\n|c|\u2606metronome11|it survives it well\n|c|\u2606metronome11|so it was a bit lucky\n|\n|t:|1700040552\n|move|p1b: Pelipper|Protect|p1b: Pelipper\n|-singleturn|p1b: Pelipper|Protect\n|move|p2a: Mamoswine|Ice Shard|p1b: Pelipper\n|-activate|p1b: Pelipper|move: Protect\n|move|p1a: Salamence|Draco Meteor|p2a: Mamoswine\n|-damage|p2a: Mamoswine|0 fnt\n|-unboost|p1a: Salamence|spa|2\n|faint|p2a: Mamoswine\n|-damage|p1a: Salamence|91\/100|[from] item: Life Orb\n|move|p2b: Golem|Body Slam|p1a: Salamence\n|-damage|p1a: Salamence|41\/100\n|\n|upkeep\n|turn|7\n|j| Insertable194\n|\n|t:|1700040585\n|move|p1a: Salamence|Draco Meteor|p2b: Golem\n|-damage|p2b: Golem|54\/100\n|-unboost|p1a: Salamence|spa|2\n|-damage|p1a: Salamence|31\/100|[from] item: Life Orb\n|move|p1b: Pelipper|Hurricane|p2b: Golem\n|-resisted|p2b: Golem\n|-damage|p2b: Golem|38\/100\n|-start|p2b: Golem|confusion\n|-activate|p2b: Golem|confusion\n|-damage|p2b: Golem|30\/100|[from] confusion\n|\n|upkeep\n|turn|8\n|c|\u2606metronome11|noooooo\n|c|\u2606metronome11|gg\n|c|\u2606ashthedog|sorryyyyyyy\n|c|\u2606ashthedog|not over tbg\n|c|\u2606metronome11|all good\n|c|\u2606ashthedog|tbf\n|c|\u2606ashthedog|need to hit the draco\n|c|\u2606metronome11|true\n|\n|t:|1700040619\n|move|p1a: Salamence|Draco Meteor|p2b: Golem\n|-damage|p2b: Golem|0 fnt\n|-unboost|p1a: Salamence|spa|2\n|faint|p2b: Golem\n|-damage|p1a: Salamence|21\/100|[from] item: Life Orb\n|\n|win|ashthedog\n|n|\u2606ashthedog|ashthedog\n|n|\u2606metronome11|metronome11\n|n| Insertable194|insertable194\n","uploadtime":1700040621,"views":13,"p1id":"ashthedog","p2id":"metronome11","formatid":"gen9vgc2023regulatione","rating":0,"private":0,"password":""}