{"id":"gen9vgc2023regulatione-1996281236","p1":"sussystew","p2":"texastrill713","format":"[Gen 9] VGC 2023 Regulation E","log":"|j|\u2606sussystew\n|j|\u2606texastrill713\n|t:|1700667122\n|gametype|doubles\n|player|p1|sussystew|palmer|1311\n|player|p2|texastrill713|lucas-gen4pt|1357\n|teamsize|p1|6\n|teamsize|p2|6\n|gen|9\n|tier|[Gen 9] VGC 2023 Regulation E\n|rated|\n|rule|Species Clause: Limit one of each Pok\u00e9mon\n|rule|Item Clause: Limit one of each item\n|clearpoke\n|poke|p1|Dragapult, L50, M|\n|poke|p1|Ogerpon-Wellspring, L50, F|\n|poke|p1|Heatran, L50, M|\n|poke|p1|Chien-Pao, L50|\n|poke|p1|Rillaboom, L50, M|\n|poke|p1|Landorus-Therian, L50, M|\n|poke|p2|Tyranitar, L50, M|\n|poke|p2|Houndstone, L50, M|\n|poke|p2|Corviknight, L50, M|\n|poke|p2|Rillaboom, L50, M|\n|poke|p2|Flutter Mane, L50|\n|poke|p2|Heatran, L50, F|\n|teampreview|4\n|inactive|Battle timer is ON: inactive players will automatically lose when time's up. (requested by sussystew)\n|\n|t:|1700667182\n|start\n|switch|p1a: Ogerwell|Ogerpon-Wellspring, L50, F|100\/100\n|switch|p1b: He-ran|Heatran, L50, M, shiny|100\/100\n|switch|p2a: Tyranitar|Tyranitar, L50, M|100\/100\n|switch|p2b: Houndstone|Houndstone, L50, M|100\/100\n|-weather|Sandstorm|[from] ability: Sand Stream|[of] p2a: Tyranitar\n|turn|1\n|inactive|sussystew has 30 seconds left.\n|inactive|texastrill713 has 30 seconds left.\n|\n|t:|1700667210\n|move|p2a: Tyranitar|Protect|p2a: Tyranitar\n|-singleturn|p2a: Tyranitar|Protect\n|move|p2b: Houndstone|Will-O-Wisp|p1a: Ogerwell\n|-status|p1a: Ogerwell|brn\n|move|p1a: Ogerwell|Swords Dance|p1a: Ogerwell\n|-boost|p1a: Ogerwell|atk|2\n|move|p1b: He-ran|Earth Power|p2a: Tyranitar\n|-activate|p2a: Tyranitar|move: Protect\n|\n|-weather|Sandstorm|[upkeep]\n|-damage|p1a: Ogerwell|95\/100 brn|[from] Sandstorm\n|-damage|p1a: Ogerwell|89\/100 brn|[from] brn\n|upkeep\n|turn|2\n|\n|t:|1700667233\n|-terastallize|p2a: Tyranitar|Fairy\n|move|p2b: Houndstone|Howl|p2b: Houndstone|[spread] p2a,p2b\n|-boost|p2a: Tyranitar|atk|1\n|-boost|p2b: Houndstone|atk|1\n|move|p1a: Ogerwell|Ivy Cudgel|p2a: Tyranitar|[anim] Ivy Cudgel Water\n|-damage|p2a: Tyranitar|53\/100\n|move|p1b: He-ran|Heat Wave|p2a: Tyranitar|[spread] p2a,p2b\n|-damage|p2a: Tyranitar|23\/100\n|-damage|p2b: Houndstone|65\/100\n|-status|p2a: Tyranitar|brn\n|move|p2a: Tyranitar|Knock Off|p1b: He-ran\n|-damage|p1b: He-ran|68\/100\n|-enditem|p1b: He-ran|Assault Vest|[from] move: Knock Off|[of] p2a: Tyranitar\n|\n|-weather|Sandstorm|[upkeep]\n|-damage|p1a: Ogerwell|83\/100 brn|[from] Sandstorm\n|-damage|p2a: Tyranitar|17\/100 brn|[from] Sandstorm\n|-damage|p1a: Ogerwell|77\/100 brn|[from] brn\n|-damage|p2a: Tyranitar|11\/100 brn|[from] brn\n|upkeep\n|turn|3\n|inactive|sussystew has 30 seconds left.\n|inactive|texastrill713 has 30 seconds left.\n|inactive|texastrill713 has 20 seconds left.\n|\n|t:|1700667269\n|move|p2a: Tyranitar|Protect|p2a: Tyranitar\n|-singleturn|p2a: Tyranitar|Protect\n|move|p2b: Houndstone|Snarl|p1b: He-ran|[spread] p1a,p1b\n|-damage|p1a: Ogerwell|72\/100 brn\n|-damage|p1b: He-ran|63\/100\n|-unboost|p1a: Ogerwell|spa|1\n|-unboost|p1b: He-ran|spa|1\n|move|p1a: Ogerwell|Power Whip|p2b: Houndstone\n|-damage|p2b: Houndstone|10\/100\n|move|p1b: He-ran|Heat Wave|p2a: Tyranitar|[spread] p2b\n|-activate|p2a: Tyranitar|move: Protect\n|-damage|p2b: Houndstone|0 fnt\n|faint|p2b: Houndstone\n|\n|-weather|Sandstorm|[upkeep]\n|-damage|p1a: Ogerwell|66\/100 brn|[from] Sandstorm\n|-damage|p2a: Tyranitar|5\/100 brn|[from] Sandstorm\n|-damage|p1a: Ogerwell|60\/100 brn|[from] brn\n|-damage|p2a: Tyranitar|0 fnt|[from] brn\n|faint|p2a: Tyranitar\n|upkeep\n|\n|t:|1700667290\n|switch|p2b: Rillaboom|Rillaboom, L50, M|100\/100\n|switch|p2a: Heatran|Heatran, L50, F|100\/100\n|-fieldstart|move: Grassy Terrain|[from] ability: Grassy Surge|[of] p2b: Rillaboom\n|turn|4\n|inactive|texastrill713 has 30 seconds left.\n|\n|t:|1700667317\n|-terastallize|p1b: He-ran|Fairy\n|move|p1a: Ogerwell|Spiky Shield|p1a: Ogerwell\n|-singleturn|p1a: Ogerwell|move: Protect\n|move|p2b: Rillaboom|Fake Out|p1a: Ogerwell\n|-activate|p1a: Ogerwell|move: Protect\n|-damage|p2b: Rillaboom|88\/100|[from] Spiky Shield|[of] p1a: Ogerwell\n|move|p2a: Heatran|Earth Power|p1b: He-ran\n|-damage|p1b: He-ran|37\/100\n|move|p1b: He-ran|Earth Power|p2a: Heatran\n|-supereffective|p2a: Heatran\n|-damage|p2a: Heatran|23\/100\n|-unboost|p2a: Heatran|spd|1\n|\n|-weather|Sandstorm|[upkeep]\n|-damage|p1a: Ogerwell|54\/100 brn|[from] Sandstorm\n|-damage|p1b: He-ran|31\/100|[from] Sandstorm\n|-damage|p2b: Rillaboom|82\/100|[from] Sandstorm\n|-heal|p1a: Ogerwell|60\/100 brn|[from] Grassy Terrain\n|-heal|p1b: He-ran|37\/100|[from] Grassy Terrain\n|-heal|p2a: Heatran|30\/100|[from] Grassy Terrain\n|-heal|p2b: Rillaboom|88\/100|[from] Grassy Terrain\n|-heal|p2a: Heatran|36\/100|[from] item: Leftovers\n|-damage|p1a: Ogerwell|54\/100 brn|[from] brn\n|upkeep\n|turn|5\n|c|\u2606texastrill713|Fuk u\n|inactive|sussystew has 30 seconds left.\n|inactive|texastrill713 has 30 seconds left.\n|inactive|texastrill713 has 20 seconds left.\n|\n|t:|1700667356\n|move|p1a: Ogerwell|Ivy Cudgel|p2a: Heatran|[anim] Ivy Cudgel Water\n|-supereffective|p2a: Heatran\n|-damage|p2a: Heatran|0 fnt\n|faint|p2a: Heatran\n|move|p2b: Rillaboom|Wood Hammer|p1a: Ogerwell\n|-damage|p1a: Ogerwell|0 fnt\n|faint|p1a: Ogerwell\n|-damage|p2b: Rillaboom|71\/100|[from] Recoil\n|move|p1b: He-ran|Heat Wave|p2b: Rillaboom\n|-supereffective|p2b: Rillaboom\n|-damage|p2b: Rillaboom|22\/100\n|\n|-weather|none\n|-heal|p1b: He-ran|43\/100|[from] Grassy Terrain\n|-heal|p2b: Rillaboom|29\/100|[from] Grassy Terrain\n|upkeep\n|\n|t:|1700667372\n|switch|p1a: Dnite|Dragapult, L50, M|100\/100\n|turn|6\n|\n|t:|1700667382\n|move|p1a: Dnite|Dragon Darts|p2b: Rillaboom\n|-damage|p2b: Rillaboom|0 fnt\n|faint|p2b: Rillaboom\n|\n|win|sussystew\n|raw|sussystew's rating: 1311 &rarr; <strong>1334<\/strong><br \/>(+23 for winning)\n|raw|texastrill713's rating: 1357 &rarr; <strong>1334<\/strong><br \/>(-23 for losing)\n","uploadtime":1700667343,"views":3,"p1id":"sussystew","p2id":"texastrill713","formatid":"gen9vgc2023regulatione","rating":1334,"private":0,"password":""}