{"id":"gen9vgc2023regulatione-1998546027","p1":"Clapamon","p2":"88per100","format":"[Gen 9] VGC 2023 Regulation E","log":"|j|\u2606Clapamon\n|j|\u260688per100\n|t:|1700954678\n|gametype|doubles\n|player|p1|Clapamon|silver|1433\n|player|p2|88per100|buck|1354\n|teamsize|p1|6\n|teamsize|p2|6\n|gen|9\n|tier|[Gen 9] VGC 2023 Regulation E\n|rated|\n|rule|Species Clause: Limit one of each Pok\u00e9mon\n|rule|Item Clause: Limit one of each item\n|clearpoke\n|poke|p1|Tornadus, L50, M|\n|poke|p1|Rillaboom, L50, M|\n|poke|p1|Ogerpon-Hearthflame, L50, F|\n|poke|p1|Landorus-Therian, L50, M|\n|poke|p1|Urshifu-*, L50, M|\n|poke|p1|Flutter Mane, L50|\n|poke|p2|Fezandipiti, L50, M|\n|poke|p2|Spectrier, L50|\n|poke|p2|Slowbro, L50, M|\n|poke|p2|Rillaboom, L50, F|\n|poke|p2|Tauros-Paldea-Blaze, L50, M|\n|poke|p2|Maushold-Four, L50|\n|teampreview|4\n|inactive|Battle timer is ON: inactive players will automatically lose when time's up. (requested by Clapamon)\n|inactive|Clapamon has 60 seconds left.\n|inactive|88per100 has 60 seconds left.\n|inactive|Clapamon has 30 seconds left.\n|inactive|Clapamon has 20 seconds left.\n|\n|t:|1700954754\n|start\n|switch|p1a: Tornadus|Tornadus, L50, M|100\/100\n|switch|p1b: Flutter Mane|Flutter Mane, L50|100\/100\n|switch|p2a: Fezandipiti|Fezandipiti, L50, M|100\/100\n|switch|p2b: Tauros|Tauros-Paldea-Blaze, L50, M|100\/100\n|-ability|p2b: Tauros|Intimidate|boost\n|-unboost|p1a: Tornadus|atk|1\n|-unboost|p1b: Flutter Mane|atk|1\n|turn|1\n|inactive|Clapamon has 30 seconds left.\n|inactive|88per100 has 30 seconds left.\n|inactive|88per100 has 20 seconds left.\n|inactive|88per100 has 15 seconds left.\n|inactive|88per100 has 10 seconds left.\n|\n|t:|1700954807\n|move|p1b: Flutter Mane|Shadow Ball|p2a: Fezandipiti\n|-damage|p2a: Fezandipiti|50\/100\n|move|p2a: Fezandipiti|Icy Wind|p1b: Flutter Mane|[spread] p1a,p1b\n|-supereffective|p1a: Tornadus\n|-damage|p1a: Tornadus|88\/100\n|-damage|p1b: Flutter Mane|94\/100\n|-unboost|p1b: Flutter Mane|spe|1\n|move|p2b: Tauros|Bulk Up|p2b: Tauros\n|-boost|p2b: Tauros|atk|1\n|-boost|p2b: Tauros|def|1\n|move|p1a: Tornadus|Bleakwind Storm|p2a: Fezandipiti|[spread] p2a,p2b\n|-supereffective|p2b: Tauros\n|-damage|p2a: Fezandipiti|25\/100\n|-damage|p2b: Tauros|28\/100\n|-unboost|p2a: Fezandipiti|spe|1\n|-enditem|p2b: Tauros|Sitrus Berry|[eat]\n|-heal|p2b: Tauros|53\/100|[from] item: Sitrus Berry\n|\n|-heal|p2a: Fezandipiti|31\/100|[from] item: Leftovers\n|upkeep\n|turn|2\n|inactive|88per100 has 30 seconds left.\n|\n|t:|1700954834\n|move|p2b: Tauros|Protect|p2b: Tauros\n|-singleturn|p2b: Tauros|Protect\n|move|p1a: Tornadus|Tailwind|p1a: Tornadus\n|-sidestart|p1: Clapamon|move: Tailwind\n|move|p1b: Flutter Mane|Shadow Ball|p2a: Fezandipiti\n|-damage|p2a: Fezandipiti|0 fnt\n|faint|p2a: Fezandipiti\n|\n|upkeep\n|\n|t:|1700954844\n|switch|p2a: Maushold|Maushold-Four, L50|100\/100\n|turn|3\n|\n|t:|1700954863\n|-end|p1b: Flutter Mane|Protosynthesis|[silent]\n|switch|p1b: Rillaboom|Rillaboom, L50, M|100\/100\n|-fieldstart|move: Grassy Terrain|[from] ability: Grassy Surge|[of] p1b: Rillaboom\n|-terastallize|p2b: Tauros|Steel\n|move|p2a: Maushold|Helping Hand|p2b: Tauros\n|-singleturn|p2b: Tauros|Helping Hand|[of] p2a: Maushold\n|move|p1a: Tornadus|Taunt|p2a: Maushold\n|-start|p2a: Maushold|move: Taunt\n|-enditem|p2a: Maushold|Mental Herb\n|-end|p2a: Maushold|move: Taunt\n|move|p2b: Tauros|Raging Bull|p1b: Rillaboom\n|-supereffective|p1b: Rillaboom\n|-crit|p1b: Rillaboom\n|-damage|p1b: Rillaboom|0 fnt\n|faint|p1b: Rillaboom\n|\n|-heal|p2b: Tauros|59\/100|[from] Grassy Terrain\n|upkeep\n|\n|t:|1700954886\n|switch|p1b: Flutter Mane|Flutter Mane, L50|94\/100\n|turn|4\n|inactive|Clapamon has 30 seconds left.\n|inactive|88per100 has 30 seconds left.\n|inactive|Clapamon has 20 seconds left.\n|\n|t:|1700954923\n|move|p2a: Maushold|Follow Me|p2a: Maushold\n|-singleturn|p2a: Maushold|move: Follow Me\n|move|p1b: Flutter Mane|Moonblast|p2a: Maushold\n|-damage|p2a: Maushold|9\/100\n|-unboost|p2a: Maushold|spa|1\n|move|p1a: Tornadus|Bleakwind Storm|p2a: Maushold|[spread] p2a,p2b\n|-resisted|p2b: Tauros\n|-damage|p2a: Maushold|0 fnt\n|-damage|p2b: Tauros|45\/100\n|-unboost|p2b: Tauros|spe|1\n|faint|p2a: Maushold\n|move|p2b: Tauros|Raging Bull|p1b: Flutter Mane\n|-damage|p1b: Flutter Mane|7\/100\n|\n|-heal|p1b: Flutter Mane|13\/100|[from] Grassy Terrain\n|-heal|p2b: Tauros|50\/100|[from] Grassy Terrain\n|upkeep\n|\n|t:|1700954939\n|switch|p2a: Slowbro|Slowbro, L50, M|100\/100\n|turn|5\n|inactive|88per100 has 30 seconds left.\n|\n|t:|1700954974\n|-terastallize|p1b: Flutter Mane|Fairy\n|move|p2b: Tauros|Protect|p2b: Tauros\n|-singleturn|p2b: Tauros|Protect\n|move|p1a: Tornadus|Taunt|p2a: Slowbro\n|-start|p2a: Slowbro|move: Taunt\n|move|p1b: Flutter Mane|Moonblast|p2b: Tauros\n|-activate|p2b: Tauros|move: Protect\n|move|p2a: Slowbro|Scald|p1b: Flutter Mane\n|-damage|p1b: Flutter Mane|0 fnt\n|faint|p1b: Flutter Mane\n|-end|p1b: Flutter Mane|Protosynthesis|[silent]\n|\n|-heal|p2b: Tauros|56\/100|[from] Grassy Terrain\n|-sideend|p1: Clapamon|move: Tailwind\n|upkeep\n|\n|t:|1700954982\n|switch|p1b: Ogerpon|Ogerpon-Hearthflame, L50, F|100\/100\n|-ability|p1b: Ogerpon|Mold Breaker\n|turn|6\n|inactive|88per100 has 30 seconds left.\n|inactive|88per100 has 20 seconds left.\n|\n|t:|1700955021\n|move|p1b: Ogerpon|Ivy Cudgel|p2b: Tauros|[anim] Ivy Cudgel Fire\n|-supereffective|p2b: Tauros\n|-damage|p2b: Tauros|0 fnt\n|faint|p2b: Tauros\n|move|p1a: Tornadus|Bleakwind Storm|p2a: Slowbro\n|-damage|p2a: Slowbro|64\/100\n|move|p2a: Slowbro|Scald|p1b: Ogerpon\n|-damage|p1b: Ogerpon|73\/100\n|\n|-heal|p1b: Ogerpon|79\/100|[from] Grassy Terrain\n|-heal|p2a: Slowbro|70\/100|[from] Grassy Terrain\n|upkeep\n|turn|7\n|\n|t:|1700955036\n|move|p1b: Ogerpon|Horn Leech|p2a: Slowbro\n|-supereffective|p2a: Slowbro\n|-damage|p2a: Slowbro|0 fnt\n|-heal|p1b: Ogerpon|100\/100|[from] drain|[of] p2a: Slowbro\n|-damage|p1b: Ogerpon|84\/100|[from] item: Rocky Helmet|[of] p2a: Slowbro\n|faint|p2a: Slowbro\n|\n|win|Clapamon\n|raw|Clapamon's rating: 1433 &rarr; <strong>1449<\/strong><br \/>(+16 for winning)\n|raw|88per100's rating: 1354 &rarr; <strong>1338<\/strong><br \/>(-16 for losing)\n|l|\u260688per100\n","uploadtime":1700955061,"views":9,"p1id":"clapamon","p2id":"88per100","formatid":"gen9vgc2023regulatione","rating":1338,"private":0,"password":""}