{"id":"gen9vgc2023regulatione-1993157480","p1":"LMagician","p2":"kn17","format":"[Gen 9] VGC 2023 Regulation E","log":"|j|\u2606LMagician\n|j|\u2606kn17\n|n|\u2606LMagician|lmagician\n|n|\u2606kn17|kn17\n|html|View the match progress at <a href=\"\/game-bestof3-gen9vgc2023regulatione-1993157479\">game-bestof3-gen9vgc2023regulatione-1993157479<\/a>\n|t:|1700271735\n|gametype|doubles\n|player|p1|LMagician|steven|\n|player|p2|kn17|veteran|\n|teamsize|p1|6\n|teamsize|p2|6\n|gen|9\n|tier|[Gen 9] VGC 2023 Regulation E\n|rule|Species Clause: Limit one of each Pok\u00e9mon\n|rule|Item Clause: Limit one of each item\n|clearpoke\n|poke|p1|Tornadus, L50, M|\n|poke|p1|Flutter Mane, L50|\n|poke|p1|Landorus-Therian, L50, M|\n|poke|p1|Heatran, L50, F|\n|poke|p1|Roaring Moon, L50|\n|poke|p1|Ogerpon-Wellspring, L50, F|\n|poke|p2|Roaring Moon, L50|\n|poke|p2|Flutter Mane, L50|\n|poke|p2|Iron Hands, L50|\n|poke|p2|Amoonguss, L50, F|\n|poke|p2|Arcanine-Hisui, L50, M|\n|poke|p2|Ursaluna-Bloodmoon, L50, M|\n|teampreview|4\nkn17 has agreed to open team sheets.\nLMagician has agreed to open team sheets.\n|showteam|p1|Tornadus||CovertCloak|Prankster|Tailwind,BleakwindStorm,SunnyDay,RainDance|||M|||50|,,,,,Dragon]Flutter Mane||ChoiceSpecs|Protosynthesis|Moonblast,ShadowBall,DazzlingGleam,TrickRoom||||||50|,,,,,Fairy]Landorus-Therian||ChoiceScarf|Intimidate|StompingTantrum,TeraBlast,RockSlide,Uturn|||M|||50|,,,,,Flying]Heatran||LifeOrb|FlashFire|HeatWave,FlashCannon,Protect,EarthPower|||F|||50|,,,,,Grass]Roaring Moon||BoosterEnergy|Protosynthesis|Acrobatics,KnockOff,Protect,DragonDance||||||50|,,,,,Flying]Ogerpon-Wellspring||WellspringMask|WaterAbsorb|IvyCudgel,WoodHammer,SpikyShield,FollowMe|||F|||50|,,,,,Water\n|showteam|p2|Roaring Moon||BoosterEnergy|Protosynthesis|Acrobatics,KnockOff,Tailwind,Protect||||||50|,,,,,Flying]Flutter Mane||ChoiceSpecs|Protosynthesis|DazzlingGleam,ShadowBall,Moonblast,Thunderbolt||||||50|,,,,,Fairy]Iron Hands||AssaultVest|QuarkDrive|DrainPunch,WildCharge,HeavySlam,FakeOut||||||50|,,,,,Water]Amoonguss||RockyHelmet|Regenerator|Spore,RagePowder,PollenPuff,Protect|||F|||50|,,,,,Water]Arcanine-Hisui||SitrusBerry|Intimidate|Protect,FlareBlitz,RockSlide,WillOWisp|||M|||50|,,,,,Flying]Ursaluna-Bloodmoon||SilkScarf|MindsEye|BloodMoon,HyperVoice,EarthPower,Protect|||M|||50|,,,,,Fairy\n|c|\u2606kn17|ready\n|c|\u2606LMagician|toy\n|\n|t:|1700271855\n|start\n|switch|p1a: Tornadus|Tornadus, L50, M|100\/100\n|switch|p1b: Ogerpon|Ogerpon-Wellspring, L50, F|100\/100\n|switch|p2a: Amoonguss|Amoonguss, L50, F|100\/100\n|switch|p2b: Iron Hands|Iron Hands, L50|100\/100\n|turn|1\n|\n|t:|1700271897\n|move|p1a: Tornadus|Tailwind|p1a: Tornadus\n|-sidestart|p1: LMagician|move: Tailwind\n|move|p1b: Ogerpon|Ivy Cudgel|p2b: Iron Hands|[anim] Ivy Cudgel Water\n|-damage|p2b: Iron Hands|64\/100\n|move|p2b: Iron Hands|Wild Charge|p1b: Ogerpon\n|-damage|p1b: Ogerpon|48\/100\n|-damage|p2b: Iron Hands|55\/100|[from] Recoil\n|move|p2a: Amoonguss|Pollen Puff|p2b: Iron Hands\n|-heal|p2b: Iron Hands|100\/100\n|\n|upkeep\n|turn|2\n|inactive|Battle timer is ON: inactive players will automatically lose when time's up. (requested by LMagician)\n|\n|t:|1700271955\n|move|p1b: Ogerpon|Spiky Shield|p1b: Ogerpon\n|-singleturn|p1b: Ogerpon|move: Protect\n|move|p1a: Tornadus|Bleakwind Storm|p2a: Amoonguss|[spread] p2a,p2b\n|-supereffective|p2a: Amoonguss\n|-damage|p2a: Amoonguss|43\/100\n|-damage|p2b: Iron Hands|83\/100\n|move|p2b: Iron Hands|Wild Charge|p1a: Tornadus\n|-supereffective|p1a: Tornadus\n|-damage|p1a: Tornadus|9\/100\n|-damage|p2b: Iron Hands|65\/100|[from] Recoil\n|move|p2a: Amoonguss|Pollen Puff|p2b: Iron Hands\n|-heal|p2b: Iron Hands|100\/100\n|\n|upkeep\n|turn|3\n|inactive|LMagician has 30 seconds left.\n|\n|t:|1700271983\n|switch|p1b: Roaring Moon|Roaring Moon, L50|100\/100\n|-enditem|p1b: Roaring Moon|Booster Energy\n|-activate|p1b: Roaring Moon|ability: Protosynthesis|[fromitem]\n|-start|p1b: Roaring Moon|protosynthesisatk\n|move|p2a: Amoonguss|Protect|p2a: Amoonguss\n|-singleturn|p2a: Amoonguss|Protect\n|move|p1a: Tornadus|Bleakwind Storm|p2a: Amoonguss|[spread] p2b\n|-activate|p2a: Amoonguss|move: Protect\n|-damage|p2b: Iron Hands|82\/100\n|move|p2b: Iron Hands|Wild Charge|p1b: Roaring Moon\n|-resisted|p1b: Roaring Moon\n|-damage|p1b: Roaring Moon|67\/100\n|-damage|p2b: Iron Hands|75\/100|[from] Recoil\n|\n|upkeep\n|turn|4\n|inactive|LMagician has 30 seconds left.\n|inactive|kn17 has 30 seconds left.\n|inactive|LMagician has 20 seconds left.\n|inactive|kn17 has 20 seconds left.\n|inactive|LMagician has 15 seconds left.\n|inactive|kn17 has 15 seconds left.\n|\n|t:|1700272026\n|-terastallize|p1b: Roaring Moon|Flying\n|move|p1b: Roaring Moon|Acrobatics|p2a: Amoonguss\n|-supereffective|p2a: Amoonguss\n|-damage|p2a: Amoonguss|0 fnt\n|-damage|p1b: Roaring Moon|50\/100|[from] item: Rocky Helmet|[of] p2a: Amoonguss\n|faint|p2a: Amoonguss\n|move|p1a: Tornadus|Bleakwind Storm|p2b: Iron Hands\n|-damage|p2b: Iron Hands|51\/100\n|-unboost|p2b: Iron Hands|spe|1\n|move|p2b: Iron Hands|Heavy Slam|p1a: Tornadus\n|-damage|p1a: Tornadus|0 fnt\n|faint|p1a: Tornadus\n|\n|-sideend|p1: LMagician|move: Tailwind\n|upkeep\n|\n|t:|1700272047\n|switch|p1a: Flutter Mane|Flutter Mane, L50|100\/100\n|switch|p2a: Ursaluna|Ursaluna-Bloodmoon, L50, M|100\/100\n|turn|5\n|inactive|kn17 has 30 seconds left.\n|inactive|kn17 has 20 seconds left.\n|inactive|kn17 has 15 seconds left.\n|\n|t:|1700272088\n|-terastallize|p2a: Ursaluna|Fairy\n|move|p1a: Flutter Mane|Dazzling Gleam|p2a: Ursaluna|[spread] p2a,p2b\n|-crit|p2a: Ursaluna\n|-supereffective|p2b: Iron Hands\n|-damage|p2a: Ursaluna|24\/100\n|-damage|p2b: Iron Hands|8\/100\n|move|p1b: Roaring Moon|Acrobatics|p2b: Iron Hands\n|-damage|p2b: Iron Hands|0 fnt\n|faint|p2b: Iron Hands\n|-end|p2b: Iron Hands|Quark Drive|[silent]\n|move|p2a: Ursaluna|Earth Power|p1a: Flutter Mane\n|-damage|p1a: Flutter Mane|52\/100\n|\n|upkeep\n|\n|t:|1700272104\n|switch|p2b: Roaring Moon|Roaring Moon, L50|100\/100\n|-enditem|p2b: Roaring Moon|Booster Energy\n|-activate|p2b: Roaring Moon|ability: Protosynthesis|[fromitem]\n|-start|p2b: Roaring Moon|protosynthesisspe\n|turn|6\n|inactive|LMagician has 30 seconds left.\n|inactive|LMagician has 20 seconds left.\n|inactive|LMagician has 15 seconds left.\n|inactive|kn17 has 30 seconds left.\n|inactive|LMagician has 10 seconds left.\n|inactive|LMagician has 5 seconds left.\n|\n|t:|1700272154\n|move|p2a: Ursaluna|Protect|p2a: Ursaluna\n|-singleturn|p2a: Ursaluna|Protect\n|move|p2b: Roaring Moon|Knock Off|p1a: Flutter Mane\n|-damage|p1a: Flutter Mane|0 fnt\n|-enditem|p1a: Flutter Mane|Choice Specs|[from] move: Knock Off|[of] p2b: Roaring Moon\n|faint|p1a: Flutter Mane\n|-end|p1a: Flutter Mane|Protosynthesis|[silent]\n|move|p1b: Roaring Moon|Acrobatics|p2b: Roaring Moon\n|-damage|p2b: Roaring Moon|6\/100\n|\n|upkeep\n|\n|t:|1700272164\n|switch|p1a: Ogerpon|Ogerpon-Wellspring, L50, F|48\/100\n|turn|7\n|inactive|kn17 has 30 seconds left.\n|inactive|kn17 has 20 seconds left.\n|inactive|kn17 has 15 seconds left.\n|inactive|kn17 has 10 seconds left.\n|\n|t:|1700272210\n|move|p1a: Ogerpon|Follow Me|p1a: Ogerpon\n|-singleturn|p1a: Ogerpon|move: Follow Me\n|move|p2b: Roaring Moon|Acrobatics|p1a: Ogerpon\n|-supereffective|p1a: Ogerpon\n|-damage|p1a: Ogerpon|0 fnt\n|faint|p1a: Ogerpon\n|move|p1b: Roaring Moon|Acrobatics|p2a: Ursaluna\n|-damage|p2a: Ursaluna|0 fnt\n|faint|p2a: Ursaluna\n|\n|upkeep\n|turn|8\n|\n|t:|1700272224\n|move|p2b: Roaring Moon|Acrobatics|p1b: Roaring Moon\n|-damage|p1b: Roaring Moon|0 fnt\n|faint|p1b: Roaring Moon\n|-end|p1b: Roaring Moon|Protosynthesis|[silent]\n|\n|win|kn17\n|c|&|\/uhtml prompt-lmagician,LMagician is ready for game 2!\n|inactive|kn17 has 50 seconds to confirm battle start!\n|c|&|\/uhtml prompt-kn17,kn17 is ready for game 2!\nBoth players are ready! Starting next match!\n|j| Tampico11\n|l| Tampico11\n|l|\u2606LMagician\n","uploadtime":1700273499,"views":8,"p1id":"lmagician","p2id":"kn17","formatid":"gen9vgc2023regulatione","rating":0,"private":0,"password":""}