{"id":"gen9vgc2023regulatione-1995186038","p1":"bububibjb","p2":"XxScrubl0rdxX","format":"[Gen 9] VGC 2023 Regulation E","log":"|j|\u2606bububibjb\n|j|\u2606XxScrubl0rdxX\n|t:|1700532232\n|gametype|doubles\n|player|p1|bububibjb|dawn-gen4pt|1370\n|player|p2|XxScrubl0rdxX|lucas-gen4pt|1441\n|teamsize|p1|6\n|teamsize|p2|6\n|gen|9\n|tier|[Gen 9] VGC 2023 Regulation E\n|rated|\n|rule|Species Clause: Limit one of each Pok\u00e9mon\n|rule|Item Clause: Limit one of each item\n|clearpoke\n|poke|p1|Flutter Mane, L50|\n|poke|p1|Tornadus, L50, M|\n|poke|p1|Zapdos-Galar, L50|\n|poke|p1|Chi-Yu, L50|\n|poke|p1|Kingambit, L50, M|\n|poke|p1|Torkoal, L50, M|\n|poke|p2|Volcarona, L50, F|\n|poke|p2|Sinistcha, L50|\n|poke|p2|Iron Hands, L50|\n|poke|p2|Kingambit, L50, F|\n|poke|p2|Landorus-Therian, L50, M|\n|poke|p2|Ogerpon-Wellspring, L50, F|\n|teampreview|4\n|\n|t:|1700532269\n|start\n|switch|p1a: Torkoal|Torkoal, L50, M, shiny|100\/100\n|switch|p1b: Larissa|Flutter Mane, L50|100\/100\n|switch|p2a: Volcarona|Volcarona, L50, F, shiny|100\/100\n|switch|p2b: Iron Hands|Iron Hands, L50|100\/100\n|-weather|SunnyDay|[from] ability: Drought|[of] p1a: Torkoal\n|-activate|p1b: Larissa|ability: Protosynthesis\n|-start|p1b: Larissa|protosynthesisspa\n|turn|1\n|\n|t:|1700532310\n|-terastallize|p1b: Larissa|Fairy\n|move|p1a: Torkoal|Helping Hand|p1b: Larissa\n|-singleturn|p1b: Larissa|Helping Hand|[of] p1a: Torkoal\n|move|p2b: Iron Hands|Fake Out|p1a: Torkoal\n|-damage|p1a: Torkoal|93\/100\n|-enditem|p1a: Torkoal|Red Card|[of] p2b: Iron Hands\n|-end|p2b: Iron Hands|Quark Drive|[silent]\n|drag|p2b: Sinistcha|Sinistcha, L50|100\/100\n|move|p1b: Larissa|Dazzling Gleam|p2a: Volcarona|[spread] p2a,p2b\n|-resisted|p2a: Volcarona\n|-damage|p2a: Volcarona|43\/100\n|-damage|p2b: Sinistcha|0 fnt\n|faint|p2b: Sinistcha\n|move|p2a: Volcarona|Quiver Dance|p2a: Volcarona\n|-boost|p2a: Volcarona|spa|1\n|-boost|p2a: Volcarona|spd|1\n|-boost|p2a: Volcarona|spe|1\n|\n|-weather|SunnyDay|[upkeep]\n|-heal|p2a: Volcarona|49\/100|[from] item: Leftovers\n|upkeep\n|\n|t:|1700532323\n|switch|p2b: Iron Hands|Iron Hands, L50|100\/100\n|turn|2\n|\n|t:|1700532340\n|-end|p1b: Larissa|Protosynthesis|[silent]\n|switch|p1b: Matsya|Chi-Yu, L50|100\/100\n|-ability|p1b: Matsya|Beads of Ruin\n|-terastallize|p2b: Iron Hands|Fire\n|move|p2a: Volcarona|Protect|p2a: Volcarona\n|-singleturn|p2a: Volcarona|Protect\n|move|p2b: Iron Hands|Heavy Slam|p1b: Matsya\n|-resisted|p1b: Matsya\n|-damage|p1b: Matsya|67\/100\n|move|p1a: Torkoal|Will-O-Wisp|p2b: Iron Hands\n|-immune|p2b: Iron Hands\n|\n|-weather|SunnyDay|[upkeep]\n|-heal|p2a: Volcarona|56\/100|[from] item: Leftovers\n|upkeep\n|turn|3\n|\n|t:|1700532365\n|move|p1b: Matsya|Dark Pulse|p2b: Iron Hands\n|-damage|p2b: Iron Hands|74\/100\n|move|p2a: Volcarona|Heat Wave|p1a: Torkoal|[spread] p1a,p1b\n|-resisted|p1a: Torkoal\n|-resisted|p1b: Matsya\n|-damage|p1a: Torkoal|20\/100\n|-damage|p1b: Matsya|21\/100\n|move|p2b: Iron Hands|Drain Punch|p1b: Matsya\n|-supereffective|p1b: Matsya\n|-damage|p1b: Matsya|0 fnt\n|-heal|p2b: Iron Hands|80\/100|[from] drain|[of] p1b: Matsya\n|faint|p1b: Matsya\n|move|p1a: Torkoal|Earth Power|p2b: Iron Hands\n|-supereffective|p2b: Iron Hands\n|-damage|p2b: Iron Hands|64\/100\n|\n|-weather|SunnyDay|[upkeep]\n|-heal|p2a: Volcarona|62\/100|[from] item: Leftovers\n|upkeep\n|\n|t:|1700532384\n|switch|p1b: Roschelle's Bae|Zapdos-Galar, L50|100\/100\n|turn|4\n|\n|t:|1700532392\n|move|p1a: Torkoal|Helping Hand|p1b: Roschelle's Bae\n|-singleturn|p1b: Roschelle's Bae|Helping Hand|[of] p1a: Torkoal\n|move|p2a: Volcarona|Heat Wave|p1a: Torkoal|[spread] p1a,p1b\n|-resisted|p1a: Torkoal\n|-damage|p1a: Torkoal|0 fnt\n|-damage|p1b: Roschelle's Bae|14\/100\n|-status|p1b: Roschelle's Bae|brn\n|faint|p1a: Torkoal\n|move|p1b: Roschelle's Bae|Brave Bird|p2a: Volcarona\n|-supereffective|p2a: Volcarona\n|-damage|p2a: Volcarona|0 fnt\n|faint|p2a: Volcarona\n|-damage|p1b: Roschelle's Bae|0 fnt|[from] Recoil\n|faint|p1b: Roschelle's Bae\n|move|p2b: Iron Hands|Wild Charge|p1: Torkoal|[notarget]\n|-fail|p2b: Iron Hands\n|\n|-weather|SunnyDay|[upkeep]\n|upkeep\n|inactive|Battle timer is ON: inactive players will automatically lose when time's up. (requested by XxScrubl0rdxX)\n|\n|t:|1700532434\n|switch|p2a: Ogerpon|Ogerpon-Wellspring, L50, F|100\/100\n|switch|p1b: Larissa|Flutter Mane, L50, tera:Fairy|100\/100\n|-activate|p1b: Larissa|ability: Protosynthesis\n|-start|p1b: Larissa|protosynthesisspa\n|turn|5\n|\n|t:|1700532440\n|move|p2a: Ogerpon|Follow Me|p2a: Ogerpon\n|-singleturn|p2a: Ogerpon|move: Follow Me\n|move|p1b: Larissa|Dazzling Gleam|p2a: Ogerpon|[spread] p2a,p2b\n|-resisted|p2b: Iron Hands\n|-damage|p2a: Ogerpon|10\/100\n|-damage|p2b: Iron Hands|40\/100\n|move|p2b: Iron Hands|Heavy Slam|p1b: Larissa\n|-supereffective|p1b: Larissa\n|-damage|p1b: Larissa|0 fnt\n|faint|p1b: Larissa\n|-end|p1b: Larissa|Protosynthesis|[silent]\n|\n|win|XxScrubl0rdxX\n|raw|bububibjb's rating: 1370 &rarr; <strong>1354<\/strong><br \/>(-16 for losing)\n|raw|XxScrubl0rdxX's rating: 1441 &rarr; <strong>1457<\/strong><br \/>(+16 for winning)\n|l|\u2606XxScrubl0rdxX\n","uploadtime":1700532476,"views":2,"p1id":"bububibjb","p2id":"xxscrubl0rdxx","formatid":"gen9vgc2023regulatione","rating":1354,"private":0,"password":""}