{"id":"gen9vgc2023regulatione-1992844231","p1":"FlyingHirschGG","p2":"redstonejesus","format":"[Gen 9] VGC 2023 Regulation E","log":"|j|\u2606FlyingHirschGG\n|j|\u2606redstonejesus\n|t:|1700240319\n|gametype|doubles\n|player|p1|FlyingHirschGG|roxie|1150\n|player|p2|redstonejesus|169|1188\n|teamsize|p1|6\n|teamsize|p2|6\n|gen|9\n|tier|[Gen 9] VGC 2023 Regulation E\n|rated|\n|rule|Species Clause: Limit one of each Pok\u00e9mon\n|rule|Item Clause: Limit one of each item\n|clearpoke\n|poke|p1|Corviknight, L50, F|\n|poke|p1|Roaring Moon, L50|\n|poke|p1|Ogerpon-Wellspring, L50, F|\n|poke|p1|Arcanine-Hisui, L50, M|\n|poke|p1|Grimmsnarl, L50, M|\n|poke|p1|Spectrier, L50|\n|poke|p2|Dusclops, L50, F|\n|poke|p2|Ursaluna-Bloodmoon, L50, M|\n|poke|p2|Iron Hands, L50|\n|poke|p2|Landorus-Therian, L50, M|\n|poke|p2|Chi-Yu, L50|\n|poke|p2|Ogerpon-Wellspring, L50, F|\n|teampreview|4\n|inactive|Battle timer is ON: inactive players will automatically lose when time's up. (requested by FlyingHirschGG)\n|inactive|FlyingHirschGG has 60 seconds left.\n|\n|t:|1700240358\n|start\n|switch|p1a: Corviknight|Corviknight, L50, F, shiny|100\/100\n|switch|p1b: Grimmsnarl|Grimmsnarl, L50, M|100\/100\n|switch|p2a: Chi-Yu|Chi-Yu, L50|100\/100\n|switch|p2b: Ogerpon|Ogerpon-Wellspring, L50, F|100\/100\n|-ability|p2a: Chi-Yu|Beads of Ruin\n|turn|1\n|inactive|FlyingHirschGG has 30 seconds left.\n|inactive|FlyingHirschGG has 20 seconds left.\n|inactive|FlyingHirschGG has 15 seconds left.\n|\n|t:|1700240403\n|switch|p2b: Dusclops|Dusclops, L50, F, shiny|100\/100\n|-item|p1a: Corviknight|Rocky Helmet|[from] ability: Frisk|[of] p2b: Dusclops|[identify]\n|-item|p1b: Grimmsnarl|Light Clay|[from] ability: Frisk|[of] p2b: Dusclops|[identify]\n|move|p1b: Grimmsnarl|Light Screen|p1b: Grimmsnarl\n|-sidestart|p1: FlyingHirschGG|move: Light Screen\n|move|p2a: Chi-Yu|Overheat|p1a: Corviknight\n|-supereffective|p1a: Corviknight\n|-damage|p1a: Corviknight|0 fnt\n|-unboost|p2a: Chi-Yu|spa|2\n|faint|p1a: Corviknight\n|\n|upkeep\n|\n|t:|1700240413\n|switch|p1a: Arcanine|Arcanine-Hisui, L50, M, shiny|100\/100\n|-ability|p1a: Arcanine|Intimidate|boost\n|-unboost|p2a: Chi-Yu|atk|1\n|-unboost|p2b: Dusclops|atk|1\n|turn|2\n|\n|t:|1700240429\n|switch|p2a: Ursaluna|Ursaluna-Bloodmoon, L50, M|100\/100\n|-terastallize|p2b: Dusclops|Dark\n|move|p1a: Arcanine|Rock Slide|p2b: Dusclops|[spread] p2a,p2b\n|-resisted|p2a: Ursaluna\n|-damage|p2a: Ursaluna|87\/100\n|-damage|p2b: Dusclops|78\/100\n|move|p1b: Grimmsnarl|Spirit Break|p2a: Ursaluna\n|-damage|p2a: Ursaluna|65\/100\n|-unboost|p2a: Ursaluna|spa|1\n|cant|p2b: Dusclops|flinch\n|\n|upkeep\n|turn|3\n|inactive|FlyingHirschGG has 30 seconds left.\n|inactive|FlyingHirschGG has 20 seconds left.\n|inactive|FlyingHirschGG has 15 seconds left.\n|\n|t:|1700240470\n|-terastallize|p1a: Arcanine|Psychic\n|move|p2a: Ursaluna|Protect|p2a: Ursaluna\n|-singleturn|p2a: Ursaluna|Protect\n|move|p1a: Arcanine|Rock Slide|p2a: Ursaluna|[spread] p2b\n|-activate|p2a: Ursaluna|move: Protect\n|-damage|p2b: Dusclops|56\/100\n|move|p1b: Grimmsnarl|Spirit Break|p2a: Ursaluna\n|-activate|p2a: Ursaluna|move: Protect\n|move|p2b: Dusclops|Trick Room|p2b: Dusclops\n|-fieldstart|move: Trick Room|[of] p2b: Dusclops\n|\n|upkeep\n|turn|4\n|inactive|redstonejesus has 30 seconds left.\n|\n|t:|1700240500\n|move|p2b: Dusclops|Brick Break|p2a: Ursaluna\n|-supereffective|p2a: Ursaluna\n|-damage|p2a: Ursaluna|54\/100\n|-enditem|p2a: Ursaluna|Weakness Policy\n|-boost|p2a: Ursaluna|atk|2|[from] item: Weakness Policy\n|-boost|p2a: Ursaluna|spa|2|[from] item: Weakness Policy\n|move|p2a: Ursaluna|Blood Moon|p1b: Grimmsnarl\n|-damage|p1b: Grimmsnarl|25\/100\n|move|p1b: Grimmsnarl|Spirit Break|p2a: Ursaluna\n|-damage|p2a: Ursaluna|33\/100\n|-unboost|p2a: Ursaluna|spa|1\n|move|p1a: Arcanine|Rock Slide|p2b: Dusclops|[spread] p2a,p2b\n|-resisted|p2a: Ursaluna\n|-damage|p2a: Ursaluna|17\/100\n|-damage|p2b: Dusclops|35\/100\n|\n|upkeep\n|turn|5\n|\n|t:|1700240518\n|move|p1b: Grimmsnarl|Parting Shot|p2a: Ursaluna\n|-unboost|p2a: Ursaluna|atk|1\n|-unboost|p2a: Ursaluna|spa|1\n|\n|t:|1700240521\n|switch|p1b: Ogerpon|Ogerpon-Wellspring, L50, F|100\/100|[from] Parting Shot\n|move|p2b: Dusclops|Will-O-Wisp|p1a: Arcanine\n|-status|p1a: Arcanine|brn\n|move|p2a: Ursaluna|Hyper Voice|p1a: Arcanine|[spread] p1a,p1b\n|-damage|p1a: Arcanine|81\/100 brn\n|-damage|p1b: Ogerpon|84\/100\n|move|p1a: Arcanine|Rock Slide|p2a: Ursaluna|[spread] p2b\n|-miss|p1a: Arcanine|p2a: Ursaluna\n|-damage|p2b: Dusclops|25\/100\n|\n|-damage|p1a: Arcanine|75\/100 brn|[from] brn\n|upkeep\n|turn|6\n|\n|t:|1700240541\n|switch|p1a: Grimmsnarl|Grimmsnarl, L50, M|25\/100\n|move|p2b: Dusclops|Night Shade|p1b: Ogerpon\n|-damage|p1b: Ogerpon|56\/100\n|move|p2a: Ursaluna|Blood Moon|p1b: Ogerpon\n|-damage|p1b: Ogerpon|21\/100\n|move|p1b: Ogerpon|Horn Leech|p2a: Ursaluna\n|-supereffective|p2a: Ursaluna\n|-damage|p2a: Ursaluna|0 fnt\n|-heal|p1b: Ogerpon|31\/100|[from] drain|[of] p2a: Ursaluna\n|faint|p2a: Ursaluna\n|\n|upkeep\n|\n|t:|1700240556\n|switch|p2a: Ogerpon|Ogerpon-Wellspring, L50, F|100\/100\n|turn|7\n|\n|t:|1700240569\n|move|p2a: Ogerpon|Spiky Shield|p2a: Ogerpon\n|-singleturn|p2a: Ogerpon|move: Protect\n|move|p1a: Grimmsnarl|Parting Shot|p2a: Ogerpon\n|-activate|p2a: Ogerpon|move: Protect\n|move|p2b: Dusclops|Will-O-Wisp|p1b: Ogerpon\n|-status|p1b: Ogerpon|brn\n|move|p1b: Ogerpon|Horn Leech|p2a: Ogerpon\n|-activate|p2a: Ogerpon|move: Protect\n|-damage|p1b: Ogerpon|19\/100 brn|[from] Spiky Shield|[of] p2a: Ogerpon\n|\n|-damage|p1b: Ogerpon|13\/100 brn|[from] brn\n|-fieldend|move: Trick Room\n|upkeep\n|turn|8\n|-message|FlyingHirschGG forfeited.\n|\n|win|redstonejesus\n|raw|FlyingHirschGG's rating: 1150 &rarr; <strong>1128<\/strong><br \/>(-22 for losing)\n|raw|redstonejesus's rating: 1188 &rarr; <strong>1210<\/strong><br \/>(+22 for winning)\n|l|\u2606FlyingHirschGG\n","uploadtime":1700240584,"views":15,"p1id":"flyinghirschgg","p2id":"redstonejesus","formatid":"gen9vgc2023regulatione","rating":1128,"private":0,"password":""}