{"id":"gen9vgc2023regulatione-1988201453","p1":"Mortipherus","p2":"MugenZZK","format":"[Gen 9] VGC 2023 Regulation E","log":"|j|\u2606Mortipherus\n|j|\u2606MugenZZK\n|t:|1699684215\n|gametype|doubles\n|player|p1|Mortipherus|biker-gen4|1170\n|player|p2|MugenZZK|169|1101\n|teamsize|p1|6\n|teamsize|p2|6\n|gen|9\n|tier|[Gen 9] VGC 2023 Regulation E\n|rated|\n|rule|Species Clause: Limit one of each Pok\u00e9mon\n|rule|Item Clause: Limit one of each item\n|clearpoke\n|poke|p1|Zapdos-Galar, L50|\n|poke|p1|Flutter Mane, L50|\n|poke|p1|Chi-Yu, L50|\n|poke|p1|Iron Hands, L50|\n|poke|p1|Ogerpon-Wellspring, L50, F|\n|poke|p1|Farigiraf, L50, M|\n|poke|p2|Arcanine-Hisui, L50, M|\n|poke|p2|Amoonguss, L50, M|\n|poke|p2|Rillaboom, L50, F|\n|poke|p2|Urshifu-*, L50, F|\n|poke|p2|Regieleki, L50|\n|poke|p2|Scream Tail, L50|\n|teampreview|4\n|inactive|Battle timer is ON: inactive players will automatically lose when time's up. (requested by MugenZZK)\n|inactive|Mortipherus has 60 seconds left.\nMugenZZK has agreed to open team sheets.\nMortipherus has agreed to open team sheets.\n|inactive|Mortipherus has 30 seconds left.\n|inactive|Mortipherus has 20 seconds left.\n|inactive|Mortipherus has 15 seconds left.\n|\n|t:|1699684299\n|start\n|switch|p1a: Farigiraf|Farigiraf, L50, M|100\/100\n|switch|p1b: Zapdos|Zapdos-Galar, L50|100\/100\n|switch|p2a: Regieleki|Regieleki, L50, shiny|100\/100\n|switch|p2b: Arcanine|Arcanine-Hisui, L50, M, shiny|100\/100\n|-item|p2a: Regieleki|Air Balloon\n|-ability|p2b: Arcanine|Intimidate|boost\n|-unboost|p1a: Farigiraf|atk|1\n|-unboost|p1b: Zapdos|atk|1\n|-ability|p1b: Zapdos|Defiant|boost\n|-boost|p1b: Zapdos|atk|2\n|turn|1\n|inactive|Mortipherus has 30 seconds left.\n|\n|t:|1699684331\n|-terastallize|p2b: Arcanine|Normal\n|move|p2a: Regieleki|Electroweb|p1a: Farigiraf|[spread] p1a,p1b\n|-supereffective|p1b: Zapdos\n|-damage|p1a: Farigiraf|76\/100\n|-damage|p1b: Zapdos|46\/100\n|-unboost|p1a: Farigiraf|spe|1\n|-unboost|p1b: Zapdos|spe|1\n|-ability|p1b: Zapdos|Defiant|boost\n|-boost|p1b: Zapdos|atk|2\n|move|p1b: Zapdos|Thunderous Kick|p2b: Arcanine\n|-supereffective|p2b: Arcanine\n|-damage|p2b: Arcanine|0 fnt\n|faint|p2b: Arcanine\n|move|p1a: Farigiraf|Dazzling Gleam|p2a: Regieleki\n|-damage|p2a: Regieleki|61\/100\n|-enditem|p2a: Regieleki|Air Balloon\n|\n|upkeep\n|\n|t:|1699684345\n|switch|p2b: Urshifu|Urshifu-Rapid-Strike, L50, F|100\/100\n|turn|2\n|\n|t:|1699684359\n|move|p2a: Regieleki|Electroweb|p1a: Farigiraf|[spread] p1a,p1b\n|-supereffective|p1b: Zapdos\n|-damage|p1a: Farigiraf|54\/100\n|-damage|p1b: Zapdos|0 fnt\n|-unboost|p1a: Farigiraf|spe|1\n|faint|p1b: Zapdos\n|move|p2b: Urshifu|Surging Strikes|p1a: Farigiraf\n|-crit|p1a: Farigiraf\n|-damage|p1a: Farigiraf|36\/100\n|-enditem|p1a: Farigiraf|Sitrus Berry|[eat]\n|-heal|p1a: Farigiraf|61\/100|[from] item: Sitrus Berry\n|-crit|p1a: Farigiraf\n|-damage|p1a: Farigiraf|41\/100\n|-crit|p1a: Farigiraf\n|-damage|p1a: Farigiraf|23\/100\n|-hitcount|p1a: Farigiraf|3\n|-damage|p2b: Urshifu|91\/100|[from] item: Life Orb\n|move|p1a: Farigiraf|Trick Room|p1a: Farigiraf\n|-fieldstart|move: Trick Room|[of] p1a: Farigiraf\n|\n|upkeep\n|\n|t:|1699684376\n|switch|p1b: Chi-Yu|Chi-Yu, L50|100\/100\n|-ability|p1b: Chi-Yu|Beads of Ruin\n|turn|3\n|\n|t:|1699684392\n|-terastallize|p1b: Chi-Yu|Ghost\n|move|p2b: Urshifu|Detect|p2b: Urshifu\n|-singleturn|p2b: Urshifu|Protect\n|move|p1a: Farigiraf|Dazzling Gleam|p2a: Regieleki|[spread] p2a\n|-activate|p2b: Urshifu|move: Protect\n|-damage|p2a: Regieleki|22\/100\n|move|p1b: Chi-Yu|Heat Wave|p2a: Regieleki|[spread] p2a\n|-activate|p2b: Urshifu|move: Protect\n|-damage|p2a: Regieleki|0 fnt\n|faint|p2a: Regieleki\n|\n|upkeep\n|\n|t:|1699684403\n|switch|p2a: Amoonguss|Amoonguss, L50, M, shiny|100\/100\n|turn|4\n|\n|t:|1699684413\n|move|p1a: Farigiraf|Psychic|p2a: Amoonguss\n|-supereffective|p2a: Amoonguss\n|-damage|p2a: Amoonguss|38\/100\n|move|p2a: Amoonguss|Toxic|p1b: Chi-Yu\n|-status|p1b: Chi-Yu|tox\n|move|p1b: Chi-Yu|Heat Wave|p2b: Urshifu|[spread] p2a,p2b\n|-supereffective|p2a: Amoonguss\n|-resisted|p2b: Urshifu\n|-damage|p2a: Amoonguss|0 fnt\n|-damage|p2b: Urshifu|37\/100\n|faint|p2a: Amoonguss\n|move|p2b: Urshifu|Surging Strikes|p1b: Chi-Yu\n|-crit|p1b: Chi-Yu\n|-damage|p1b: Chi-Yu|60\/100 tox\n|-crit|p1b: Chi-Yu\n|-damage|p1b: Chi-Yu|19\/100 tox\n|-crit|p1b: Chi-Yu\n|-damage|p1b: Chi-Yu|0 fnt\n|faint|p1b: Chi-Yu\n|-hitcount|p1: Chi-Yu|3\n|-damage|p2b: Urshifu|27\/100|[from] item: Life Orb\n|\n|upkeep\n|\n|t:|1699684432\n|switch|p1b: Flutter Mane|Flutter Mane, L50, shiny|100\/100\n|-enditem|p1b: Flutter Mane|Booster Energy\n|-activate|p1b: Flutter Mane|ability: Protosynthesis|[fromitem]\n|-start|p1b: Flutter Mane|protosynthesisspe\n|turn|5\n|inactive|MugenZZK has 30 seconds left.\n|inactive|MugenZZK has 20 seconds left.\n|inactive|MugenZZK has 15 seconds left.\n|l|\u2606MugenZZK\n|inactive|MugenZZK disconnected and has a minute to reconnect!\n|player|p2|\n|inactive|MugenZZK has 10 seconds left.\n|inactive|MugenZZK has 5 seconds left.\n|-message|MugenZZK lost due to inactivity.\n|\n|win|Mortipherus\n|raw|Mortipherus's rating: 1170 &rarr; <strong>1190<\/strong><br \/>(+20 for winning)\n|raw|MugenZZK's rating: 1101 &rarr; <strong>1081<\/strong><br \/>(-20 for losing)\n","uploadtime":1699684496,"views":26,"p1id":"mortipherus","p2id":"mugenzzk","formatid":"gen9vgc2023regulatione","rating":1081,"private":0,"password":""}