{"id":"gen9vgc2023regulatione-1990039980","p1":"txxhey01","p2":"nosaltBruce","format":"[Gen 9] VGC 2023 Regulation E","log":"|j|\u2606txxhey01\n|j|\u2606nosaltBruce\n|t:|1699918099\n|gametype|doubles\n|player|p1|txxhey01|alder|1330\n|player|p2|nosaltBruce|swimmerf-gen4dp|1323\n|teamsize|p1|6\n|teamsize|p2|6\n|gen|9\n|tier|[Gen 9] VGC 2023 Regulation E\n|rated|\n|rule|Species Clause: Limit one of each Pok\u00e9mon\n|rule|Item Clause: Limit one of each item\n|clearpoke\n|poke|p1|Flutter Mane, L50|\n|poke|p1|Chien-Pao, L50|\n|poke|p1|Tornadus, L50, M|\n|poke|p1|Arcanine-Hisui, L50, F|\n|poke|p1|Urshifu-*, L50, F|\n|poke|p1|Landorus-Therian, L50, M|\n|poke|p2|Kommo-o, L50, M|\n|poke|p2|Tyranitar, L50, M|\n|poke|p2|Rillaboom, L50, F|\n|poke|p2|Flutter Mane, L50|\n|poke|p2|Arcanine-Hisui, L50, F|\n|poke|p2|Iron Bundle, L50|\n|teampreview|4\n|inactive|Battle timer is ON: inactive players will automatically lose when time's up. (requested by nosaltBruce)\n|inactive|txxhey01 has 60 seconds left.\n|inactive|txxhey01 has 30 seconds left.\n|inactive|txxhey01 has 20 seconds left.\n|inactive|txxhey01 has 15 seconds left.\n|inactive|txxhey01 has 10 seconds left.\n|inactive|txxhey01 has 5 seconds left.\n|\n|t:|1699918186\n|start\n|switch|p1a: Tornadus|Tornadus, L50, M|100\/100\n|switch|p1b: Arcanine|Arcanine-Hisui, L50, F|100\/100\n|switch|p2a: Rillaboom|Rillaboom, L50, F, shiny|100\/100\n|switch|p2b: Iron Bundle|Iron Bundle, L50, shiny|100\/100\n|-ability|p1b: Arcanine|Intimidate|boost\n|-unboost|p2a: Rillaboom|atk|1\n|-unboost|p2b: Iron Bundle|atk|1\n|-fieldstart|move: Grassy Terrain|[from] ability: Grassy Surge|[of] p2a: Rillaboom\n|-enditem|p2b: Iron Bundle|Booster Energy\n|-activate|p2b: Iron Bundle|ability: Quark Drive|[fromitem]\n|-start|p2b: Iron Bundle|quarkdrivespe\n|turn|1\n|inactive|nosaltBruce has 30 seconds left.\n|\n|t:|1699918216\n|move|p2a: Rillaboom|Fake Out|p1a: Tornadus\n|-damage|p1a: Tornadus|90\/100\n|move|p1b: Arcanine|Extreme Speed|p2a: Rillaboom\n|-damage|p2a: Rillaboom|77\/100\n|cant|p1a: Tornadus|flinch\n|move|p2b: Iron Bundle|Freeze-Dry|p1a: Tornadus\n|-supereffective|p1a: Tornadus\n|-damage|p1a: Tornadus|10\/100\n|\n|-heal|p2a: Rillaboom|83\/100|[from] Grassy Terrain\n|upkeep\n|turn|2\n|inactive|nosaltBruce has 30 seconds left.\n|\n|t:|1699918245\n|switch|p2a: Arcanine|Arcanine-Hisui, L50, F, shiny|100\/100\n|-ability|p2a: Arcanine|Intimidate|boost\n|-unboost|p1a: Tornadus|atk|1\n|-unboost|p1b: Arcanine|atk|1\n|-terastallize|p1b: Arcanine|Water\n|move|p2b: Iron Bundle|Protect|p2b: Iron Bundle\n|-singleturn|p2b: Iron Bundle|Protect\n|move|p1a: Tornadus|Tailwind|p1a: Tornadus\n|-sidestart|p1: txxhey01|move: Tailwind\n|move|p1b: Arcanine|Rock Slide|p2a: Arcanine|[spread] p2a\n|-activate|p2b: Iron Bundle|move: Protect\n|-supereffective|p2a: Arcanine\n|-damage|p2a: Arcanine|63\/100\n|\n|-heal|p2a: Arcanine|69\/100|[from] Grassy Terrain\n|upkeep\n|turn|3\n|inactive|nosaltBruce has 30 seconds left.\n|\n|t:|1699918278\n|switch|p1b: Chien-Pao|Chien-Pao, L50|100\/100\n|-ability|p1b: Chien-Pao|Sword of Ruin\n|switch|p1a: Landorus|Landorus-Therian, L50, M|100\/100\n|-ability|p1a: Landorus|Intimidate|boost\n|-unboost|p2a: Arcanine|atk|1\n|-unboost|p2b: Iron Bundle|atk|1\n|move|p2b: Iron Bundle|Icy Wind|p1b: Chien-Pao|[spread] p1a,p1b\n|-supereffective|p1a: Landorus\n|-resisted|p1b: Chien-Pao\n|-damage|p1a: Landorus|0 fnt\n|-damage|p1b: Chien-Pao|84\/100\n|-unboost|p1b: Chien-Pao|spe|1\n|faint|p1a: Landorus\n|move|p2a: Arcanine|Will-O-Wisp|p1b: Chien-Pao\n|-status|p1b: Chien-Pao|brn\n|\n|-heal|p1b: Chien-Pao|90\/100 brn|[from] Grassy Terrain\n|-heal|p2a: Arcanine|75\/100|[from] Grassy Terrain\n|-damage|p1b: Chien-Pao|84\/100 brn|[from] brn\n|upkeep\n|c|\u2606txxhey01|ufghghghghgh\n|\n|t:|1699918297\n|switch|p1a: Arcanine|Arcanine-Hisui, L50, F, tera:Water|100\/100\n|-ability|p1a: Arcanine|Intimidate|boost\n|-unboost|p2a: Arcanine|atk|1\n|-unboost|p2b: Iron Bundle|atk|1\n|turn|4\n|inactive|nosaltBruce has 30 seconds left.\n|\n|t:|1699918323\n|switch|p2a: Rillaboom|Rillaboom, L50, F, shiny|83\/100\n|move|p2b: Iron Bundle|Protect|p2b: Iron Bundle\n|-singleturn|p2b: Iron Bundle|Protect\n|move|p1a: Arcanine|Rock Slide|p2b: Iron Bundle|[spread] p2a\n|-activate|p2b: Iron Bundle|move: Protect\n|-damage|p2a: Rillaboom|46\/100\n|move|p1b: Chien-Pao|Sacred Sword|p2b: Iron Bundle\n|-activate|p2b: Iron Bundle|move: Protect\n|\n|-heal|p1b: Chien-Pao|90\/100 brn|[from] Grassy Terrain\n|-heal|p2a: Rillaboom|51\/100|[from] Grassy Terrain\n|-damage|p1b: Chien-Pao|84\/100 brn|[from] brn\n|upkeep\n|turn|5\n|inactive|nosaltBruce has 30 seconds left.\n|\n|t:|1699918354\n|-terastallize|p2b: Iron Bundle|Ghost\n|move|p2a: Rillaboom|Fake Out|p1a: Arcanine\n|-damage|p1a: Arcanine|74\/100\n|cant|p1a: Arcanine|flinch\n|move|p2b: Iron Bundle|Icy Wind|p1b: Chien-Pao|[spread] p1a,p1b\n|-resisted|p1a: Arcanine\n|-resisted|p1b: Chien-Pao\n|-damage|p1a: Arcanine|63\/100\n|-damage|p1b: Chien-Pao|67\/100 brn\n|-unboost|p1a: Arcanine|spe|1\n|-unboost|p1b: Chien-Pao|spe|1\n|move|p1b: Chien-Pao|Sacred Sword|p2b: Iron Bundle\n|-immune|p2b: Iron Bundle\n|\n|-heal|p1b: Chien-Pao|73\/100 brn|[from] Grassy Terrain\n|-heal|p1a: Arcanine|69\/100|[from] Grassy Terrain\n|-heal|p2a: Rillaboom|57\/100|[from] Grassy Terrain\n|-damage|p1b: Chien-Pao|67\/100 brn|[from] brn\n|-sideend|p1: txxhey01|move: Tailwind\n|-fieldend|move: Grassy Terrain\n|upkeep\n|turn|6\n|c|\u2606txxhey01|oh my god\n|inactive|nosaltBruce has 30 seconds left.\n|\n|t:|1699918379\n|switch|p2a: Arcanine|Arcanine-Hisui, L50, F, shiny|75\/100\n|-ability|p2a: Arcanine|Intimidate|boost\n|-unboost|p1a: Arcanine|atk|1\n|-unboost|p1b: Chien-Pao|atk|1\n|move|p1b: Chien-Pao|Sucker Punch|p2b: Iron Bundle\n|-supereffective|p2b: Iron Bundle\n|-damage|p2b: Iron Bundle|63\/100\n|move|p2b: Iron Bundle|Freeze-Dry|p1a: Arcanine\n|-supereffective|p1a: Arcanine\n|-damage|p1a: Arcanine|0 fnt\n|faint|p1a: Arcanine\n|\n|-damage|p1b: Chien-Pao|61\/100 brn|[from] brn\n|upkeep\n|c|\u2606txxhey01|how\n|c|\u2606txxhey01|how tf did that do so little\n|\n|t:|1699918394\n|switch|p1a: Tornadus|Tornadus, L50, M|10\/100\n|turn|7\n|\n|t:|1699918402\n|move|p1a: Tornadus|Tailwind|p1a: Tornadus\n|-sidestart|p1: txxhey01|move: Tailwind\n|move|p2b: Iron Bundle|Icy Wind|p1b: Chien-Pao|[spread] p1a,p1b\n|-supereffective|p1a: Tornadus\n|-resisted|p1b: Chien-Pao\n|-damage|p1a: Tornadus|0 fnt\n|-damage|p1b: Chien-Pao|45\/100 brn\n|-unboost|p1b: Chien-Pao|spe|1\n|faint|p1a: Tornadus\n|move|p1b: Chien-Pao|Ice Spinner|p2b: Iron Bundle\n|-damage|p2b: Iron Bundle|39\/100\n|move|p2a: Arcanine|Rock Slide|p1b: Chien-Pao\n|-supereffective|p1b: Chien-Pao\n|-damage|p1b: Chien-Pao|0 fnt\n|faint|p1b: Chien-Pao\n|\n|win|nosaltBruce\n|raw|txxhey01's rating: 1330 &rarr; <strong>1310<\/strong><br \/>(-20 for losing)\n|raw|nosaltBruce's rating: 1323 &rarr; <strong>1343<\/strong><br \/>(+20 for winning)\n|c|\u2606txxhey01|bruh these teams are so ass\n|l|\u2606txxhey01\n","uploadtime":1699918475,"views":23,"p1id":"txxhey01","p2id":"nosaltbruce","formatid":"gen9vgc2023regulatione","rating":1310,"private":0,"password":""}