{"id":"gen9vgc2023regulatione-1991494055","p1":"Tariya","p2":"WarlogFV","format":"[Gen 9] VGC 2023 Regulation E","log":"|j|\u2606Tariya\n|j|\u2606WarlogFV\n|n|\u2606Tariya|tariya\n|n|\u2606WarlogFV|warlogfv\n|html|View the match progress at <a href=\"\/game-bestof3-gen9vgc2023regulatione-1991491011\">game-bestof3-gen9vgc2023regulatione-1991491011<\/a>\n|t:|1700082050\n|gametype|doubles\n|player|p1|Tariya|iono|\n|player|p2|WarlogFV|erika|\n|teamsize|p1|6\n|teamsize|p2|6\n|gen|9\n|tier|[Gen 9] VGC 2023 Regulation E\n|rule|Species Clause: Limit one of each Pok\u00e9mon\n|rule|Item Clause: Limit one of each item\n|clearpoke\n|poke|p1|Ogerpon, L50, F|\n|poke|p1|Flutter Mane, L50|\n|poke|p1|Thundurus, L50, M|\n|poke|p1|Chi-Yu, L50|\n|poke|p1|Rillaboom, L50, F|\n|poke|p1|Pelipper, L50, F|\n|poke|p2|Goodra-Hisui, L50, F|\n|poke|p2|Urshifu-*, L50, M|\n|poke|p2|Tornadus, L50, M|\n|poke|p2|Rillaboom, L50, F|\n|poke|p2|Landorus-Therian, L50, M|\n|poke|p2|Grimmsnarl, L50, M|\n|teampreview|4\n|inactive|Battle timer is ON: inactive players will automatically lose when time's up. (requested by WarlogFV)\n|\n|t:|1700082080\n|start\n|switch|p1a: Ogerpon|Ogerpon, L50, F|100\/100\n|switch|p1b: Thundurus|Thundurus, L50, M|100\/100\n|switch|p2a: Goodra|Goodra-Hisui, L50, F|100\/100\n|switch|p2b: Grimmsnarl|Grimmsnarl, L50, M|100\/100\n|turn|1\n|\n|t:|1700082101\n|move|p2b: Grimmsnarl|Reflect|p2b: Grimmsnarl\n|-sidestart|p2: WarlogFV|Reflect\n|move|p1a: Ogerpon|Stomping Tantrum|p2a: Goodra\n|-supereffective|p2a: Goodra\n|-damage|p2a: Goodra|73\/100\n|move|p1b: Thundurus|Wildbolt Storm|p2a: Goodra|[spread] p2a,p2b\n|-resisted|p2a: Goodra\n|-damage|p2a: Goodra|60\/100\n|-damage|p2b: Grimmsnarl|71\/100\n|move|p2a: Goodra|Acid Armor|p2a: Goodra\n|-boost|p2a: Goodra|def|2\n|\n|-heal|p2a: Goodra|66\/100|[from] item: Leftovers\n|upkeep\n|turn|2\n|inactive|WarlogFV has 30 seconds left.\n|\n|t:|1700082127\n|switch|p1a: Chi-Yu|Chi-Yu, L50|100\/100\n|-ability|p1a: Chi-Yu|Beads of Ruin\n|move|p2a: Goodra|Protect|p2a: Goodra\n|-singleturn|p2a: Goodra|Protect\n|move|p1b: Thundurus|Taunt|p2a: Goodra\n|-activate|p2a: Goodra|move: Protect\n|move|p2b: Grimmsnarl|Parting Shot|p1b: Thundurus\n|-unboost|p1b: Thundurus|atk|1\n|-unboost|p1b: Thundurus|spa|1\n|\n|t:|1700082139\n|switch|p2b: Urshifu|Urshifu-Rapid-Strike, L50, M|100\/100|[from] Parting Shot\n|\n|-heal|p2a: Goodra|72\/100|[from] item: Leftovers\n|upkeep\n|turn|3\n|inactive|Tariya has 30 seconds left.\n|inactive|WarlogFV has 30 seconds left.\n|\n|t:|1700082173\n|-terastallize|p1a: Chi-Yu|Grass\n|move|p2b: Urshifu|Detect|p2b: Urshifu\n|-singleturn|p2b: Urshifu|Protect\n|move|p1b: Thundurus|Wildbolt Storm|p2b: Urshifu|[spread] \n|-activate|p2b: Urshifu|move: Protect\n|-miss|p1b: Thundurus|p2a: Goodra\n|move|p1a: Chi-Yu|Overheat|p2a: Goodra\n|-damage|p2a: Goodra|0 fnt\n|-unboost|p1a: Chi-Yu|spa|2\n|faint|p2a: Goodra\n|-damage|p1a: Chi-Yu|91\/100|[from] item: Life Orb\n|\n|upkeep\n|\n|t:|1700082186\n|switch|p2a: Grimmsnarl|Grimmsnarl, L50, M|71\/100\n|turn|4\n|\n|t:|1700082211\n|move|p2a: Grimmsnarl|Parting Shot|p1b: Thundurus\n|-unboost|p1b: Thundurus|atk|1\n|-unboost|p1b: Thundurus|spa|1\n|\n|t:|1700082215\n|switch|p2a: Rillaboom|Rillaboom, L50, F|100\/100|[from] Parting Shot\n|-fieldstart|move: Grassy Terrain|[from] ability: Grassy Surge|[of] p2a: Rillaboom\n|move|p1b: Thundurus|Wildbolt Storm|p2b: Urshifu|[spread] p2a,p2b\n|-resisted|p2a: Rillaboom\n|-supereffective|p2b: Urshifu\n|-damage|p2a: Rillaboom|89\/100\n|-damage|p2b: Urshifu|17\/100\n|move|p2b: Urshifu|Close Combat|p1a: Chi-Yu\n|-damage|p1a: Chi-Yu|0 fnt\n|-unboost|p2b: Urshifu|def|1\n|-unboost|p2b: Urshifu|spd|1\n|faint|p1a: Chi-Yu\n|\n|-heal|p2b: Urshifu|23\/100|[from] Grassy Terrain\n|-heal|p2a: Rillaboom|95\/100|[from] Grassy Terrain\n|upkeep\n|\n|t:|1700082233\n|switch|p1a: Flutter Mane|Flutter Mane, L50|100\/100\n|turn|5\n|\n|t:|1700082254\n|switch|p1b: Ogerpon|Ogerpon, L50, F|100\/100\n|switch|p2b: Grimmsnarl|Grimmsnarl, L50, M|71\/100\n|-terastallize|p2a: Rillaboom|Grass\n|move|p2a: Rillaboom|Grassy Glide|p1a: Flutter Mane\n|-damage|p1a: Flutter Mane|21\/100\n|move|p1a: Flutter Mane|Dazzling Gleam|p2b: Grimmsnarl|[spread] p2a,p2b\n|-supereffective|p2b: Grimmsnarl\n|-damage|p2a: Rillaboom|50\/100\n|-damage|p2b: Grimmsnarl|0 fnt\n|faint|p2b: Grimmsnarl\n|\n|-heal|p1a: Flutter Mane|27\/100|[from] Grassy Terrain\n|-heal|p2a: Rillaboom|56\/100|[from] Grassy Terrain\n|upkeep\n|\n|t:|1700082267\n|switch|p2b: Urshifu|Urshifu-Rapid-Strike, L50, M|23\/100\n|turn|6\n|\n|t:|1700082280\n|-end|p1a: Flutter Mane|Protosynthesis|[silent]\n|switch|p1a: Thundurus|Thundurus, L50, M|100\/100\n|move|p2b: Urshifu|Detect|p2b: Urshifu\n|-singleturn|p2b: Urshifu|Protect\n|move|p1b: Ogerpon|U-turn|p2a: Rillaboom\n|-supereffective|p2a: Rillaboom\n|-damage|p2a: Rillaboom|19\/100\n|\n|t:|1700082287\n|switch|p1b: Flutter Mane|Flutter Mane, L50|27\/100|[from] U-turn\n|move|p2a: Rillaboom|Wood Hammer|p1b: Flutter Mane\n|-damage|p1b: Flutter Mane|0 fnt\n|faint|p1b: Flutter Mane\n|-end|p1b: Flutter Mane|Protosynthesis|[silent]\n|-damage|p2a: Rillaboom|12\/100|[from] Recoil\n|\n|-heal|p2b: Urshifu|29\/100|[from] Grassy Terrain\n|-heal|p2a: Rillaboom|18\/100|[from] Grassy Terrain\n|upkeep\n|\n|t:|1700082291\n|switch|p1b: Ogerpon|Ogerpon, L50, F|100\/100\n|turn|7\n|\n|t:|1700082300\n|move|p1b: Ogerpon|Ivy Cudgel|p2b: Urshifu\n|-supereffective|p2b: Urshifu\n|-damage|p2b: Urshifu|0 fnt\n|faint|p2b: Urshifu\n|move|p1a: Thundurus|Wildbolt Storm|p2a: Rillaboom\n|-resisted|p2a: Rillaboom\n|-damage|p2a: Rillaboom|0 fnt\n|faint|p2a: Rillaboom\n|\n|win|Tariya\n|c|&|\/uhtml prompt-warlogfv,WarlogFV is ready for game 3!\n|c|&|\/uhtml prompt-tariya,Tariya is ready for game 3!\nBoth players are ready! Starting next match!\n|l|\u2606WarlogFV\n","uploadtime":1700082616,"views":17,"p1id":"tariya","p2id":"warlogfv","formatid":"gen9vgc2023regulatione","rating":0,"private":0,"password":""}