{"id":"gen9vgc2023regulatione-1998533520","p1":"jaibee96","p2":"Matcha Man Savage","format":"[Gen 9] VGC 2023 Regulation E","log":"|j|\u2606jaibee96\n|j|\u2606Matcha Man Savage\n|t:|1700953205\n|gametype|doubles\n|player|p1|jaibee96|170|1209\n|player|p2|Matcha Man Savage|pokemaniac|1322\n|teamsize|p1|6\n|teamsize|p2|6\n|gen|9\n|tier|[Gen 9] VGC 2023 Regulation E\n|rated|\n|rule|Species Clause: Limit one of each Pok\u00e9mon\n|rule|Item Clause: Limit one of each item\n|clearpoke\n|poke|p1|Palafin, L50, F|\n|poke|p1|Barraskewda, L50, F|\n|poke|p1|Gastrodon, L50, F|\n|poke|p1|Slowbro, L50, M|\n|poke|p1|Politoed, L50, F|\n|poke|p1|Iron Bundle, L50|\n|poke|p2|Baxcalibur, L50, M|\n|poke|p2|Flutter Mane, L50|\n|poke|p2|Landorus-Therian, L50, M|\n|poke|p2|Ninetales-Alola, L50, F|\n|poke|p2|Chi-Yu, L50|\n|poke|p2|Goodra-Hisui, L50, F|\n|teampreview|4\n|inactive|Battle timer is ON: inactive players will automatically lose when time's up. (requested by Matcha Man Savage)\n|c|\u2606jaibee96|Glhf\n|c|\u2606Matcha Man Savage|u2\n|inactive|Matcha Man Savage has 60 seconds left.\n|\n|t:|1700953247\n|start\n|switch|p1a: Barraskewda|Barraskewda, L50, F|100\/100\n|switch|p1b: Palafin|Palafin, L50, F|100\/100\n|switch|p2a: Tairy Fera|Flutter Mane, L50|100\/100\n|switch|p2b: Nuketown|Chi-Yu, L50|100\/100\n|-ability|p2b: Nuketown|Beads of Ruin\n|turn|1\n|inactive|Matcha Man Savage has 30 seconds left.\n|\n|t:|1700953278\n|detailschange|p1b: Palafin|Palafin-Hero, L50, F\n|switch|p1b: Politoed|Politoed, L50, F|100\/100\n|-weather|RainDance|[from] ability: Drizzle|[of] p1b: Politoed\n|move|p2b: Nuketown|Protect|p2b: Nuketown\n|-singleturn|p2b: Nuketown|Protect\n|move|p1a: Barraskewda|Liquidation|p2a: Tairy Fera\n|-damage|p2a: Tairy Fera|0 fnt\n|faint|p2a: Tairy Fera\n|-end|p2a: Tairy Fera|Protosynthesis|[silent]\n|\n|-weather|RainDance|[upkeep]\n|upkeep\n|\n|t:|1700953287\n|switch|p2a: Rosa Tubsman|Goodra-Hisui, L50, F|100\/100\n|turn|2\n|\n|t:|1700953301\n|switch|p2b: Antarctica|Ninetales-Alola, L50, F|100\/100\n|-weather|Snow|[from] ability: Snow Warning|[of] p2b: Antarctica\n|move|p1a: Barraskewda|Liquidation|p2b: Antarctica\n|-damage|p2b: Antarctica|40\/100\n|move|p2a: Rosa Tubsman|Shelter|p2a: Rosa Tubsman\n|-boost|p2a: Rosa Tubsman|def|2\n|move|p1b: Politoed|Weather Ball|p2b: Antarctica\n|-resisted|p2b: Antarctica\n|-damage|p2b: Antarctica|29\/100\n|\n|-weather|Snow|[upkeep]\n|upkeep\n|turn|3\n|\n|t:|1700953325\n|switch|p1b: Palafin|Palafin-Hero, L50, F|100\/100\n|-activate|p1b: Palafin|ability: Zero to Hero\n|move|p2b: Antarctica|Baby-Doll Eyes|p1a: Barraskewda\n|-unboost|p1a: Barraskewda|atk|1\n|move|p1a: Barraskewda|Liquidation|p2b: Antarctica\n|-damage|p2b: Antarctica|0 fnt\n|faint|p2b: Antarctica\n|move|p2a: Rosa Tubsman|Shelter|p2a: Rosa Tubsman\n|-boost|p2a: Rosa Tubsman|def|2\n|-enditem|p1b: Palafin|Mirror Herb\n|-boost|p1b: Palafin|def|2|[from] item: Mirror Herb\n|\n|-weather|Snow|[upkeep]\n|upkeep\n|\n|t:|1700953337\n|switch|p2b: Nuketown|Chi-Yu, L50|100\/100\n|-ability|p2b: Nuketown|Beads of Ruin\n|turn|4\n|\n|t:|1700953354\n|switch|p1a: Politoed|Politoed, L50, F|100\/100\n|-weather|RainDance|[from] ability: Drizzle|[of] p1a: Politoed\n|move|p2b: Nuketown|Protect|p2b: Nuketown\n|-singleturn|p2b: Nuketown|Protect\n|move|p1b: Palafin|Jet Punch|p2b: Nuketown\n|-activate|p2b: Nuketown|move: Protect\n|move|p2a: Rosa Tubsman|Shelter|p2a: Rosa Tubsman\n|-boost|p2a: Rosa Tubsman|def|2\n|\n|-weather|RainDance|[upkeep]\n|upkeep\n|turn|5\n|\n|t:|1700953371\n|move|p1b: Palafin|Protect|p1b: Palafin\n|-singleturn|p1b: Palafin|Protect\n|move|p2b: Nuketown|Overheat|p1a: Politoed\n|-resisted|p1a: Politoed\n|-damage|p1a: Politoed|73\/100\n|-unboost|p2b: Nuketown|spa|2\n|-damage|p2b: Nuketown|91\/100|[from] item: Life Orb\n|move|p2a: Rosa Tubsman|Body Press|p1b: Palafin\n|-activate|p1b: Palafin|move: Protect\n|move|p1a: Politoed|Swagger|p2a: Rosa Tubsman\n|-boost|p2a: Rosa Tubsman|atk|2\n|-start|p2a: Rosa Tubsman|confusion\n|\n|-weather|RainDance|[upkeep]\n|upkeep\n|turn|6\n|\n|t:|1700953392\n|move|p1a: Politoed|Helping Hand|p1b: Palafin\n|-singleturn|p1b: Palafin|Helping Hand|[of] p1a: Politoed\n|move|p2b: Nuketown|Heat Wave|p1a: Politoed|[spread] p1a,p1b\n|-resisted|p1a: Politoed\n|-crit|p1a: Politoed\n|-resisted|p1b: Palafin\n|-damage|p1a: Politoed|50\/100\n|-damage|p1b: Palafin|92\/100\n|-damage|p2b: Nuketown|82\/100|[from] item: Life Orb\n|move|p1b: Palafin|Drain Punch|p2a: Rosa Tubsman\n|-supereffective|p2a: Rosa Tubsman\n|-damage|p2a: Rosa Tubsman|80\/100\n|-heal|p1b: Palafin|100\/100|[from] drain|[of] p2a: Rosa Tubsman\n|-damage|p1b: Palafin|84\/100|[from] item: Rocky Helmet|[of] p2a: Rosa Tubsman\n|-activate|p2a: Rosa Tubsman|confusion\n|-damage|p2a: Rosa Tubsman|75\/100|[from] confusion\n|\n|-weather|RainDance|[upkeep]\n|upkeep\n|turn|7\n|inactive|jaibee96 has 30 seconds left.\n|\n|t:|1700953419\n|move|p2b: Nuketown|Snarl|p1a: Politoed|[spread] p1a,p1b\n|-damage|p1a: Politoed|32\/100\n|-damage|p1b: Palafin|65\/100\n|-unboost|p1a: Politoed|spa|1\n|-unboost|p1b: Palafin|spa|1\n|-damage|p2b: Nuketown|72\/100|[from] item: Life Orb\n|move|p1b: Palafin|Drain Punch|p2a: Rosa Tubsman\n|-supereffective|p2a: Rosa Tubsman\n|-damage|p2a: Rosa Tubsman|62\/100\n|-heal|p1b: Palafin|71\/100|[from] drain|[of] p2a: Rosa Tubsman\n|-damage|p1b: Palafin|55\/100|[from] item: Rocky Helmet|[of] p2a: Rosa Tubsman\n|-activate|p2a: Rosa Tubsman|confusion\n|move|p2a: Rosa Tubsman|Body Press|p1a: Politoed\n|-damage|p1a: Politoed|0 fnt\n|faint|p1a: Politoed\n|\n|-weather|RainDance|[upkeep]\n|upkeep\n|inactive|jaibee96 has 30 seconds left.\n|\n|t:|1700953448\n|switch|p1a: Barraskewda|Barraskewda, L50, F|100\/100\n|turn|8\n|\n|t:|1700953457\n|move|p1a: Barraskewda|Close Combat|p2a: Rosa Tubsman\n|-supereffective|p2a: Rosa Tubsman\n|-damage|p2a: Rosa Tubsman|36\/100\n|-unboost|p1a: Barraskewda|def|1\n|-unboost|p1a: Barraskewda|spd|1\n|-damage|p1a: Barraskewda|84\/100|[from] item: Rocky Helmet|[of] p2a: Rosa Tubsman\n|move|p2b: Nuketown|Snarl|p1a: Barraskewda|[spread] p1a,p1b\n|-damage|p1a: Barraskewda|12\/100\n|-damage|p1b: Palafin|34\/100\n|-unboost|p1a: Barraskewda|spa|1\n|-unboost|p1b: Palafin|spa|1\n|-damage|p2b: Nuketown|63\/100|[from] item: Life Orb\n|move|p1b: Palafin|Drain Punch|p2a: Rosa Tubsman\n|-supereffective|p2a: Rosa Tubsman\n|-damage|p2a: Rosa Tubsman|23\/100\n|-heal|p1b: Palafin|40\/100|[from] drain|[of] p2a: Rosa Tubsman\n|-damage|p1b: Palafin|23\/100|[from] item: Rocky Helmet|[of] p2a: Rosa Tubsman\n|-end|p2a: Rosa Tubsman|confusion\n|move|p2a: Rosa Tubsman|Life Dew|p2a: Rosa Tubsman|[spread] p2a,p2b\n|-heal|p2a: Rosa Tubsman|48\/100\n|-heal|p2b: Nuketown|88\/100\n|\n|-weather|RainDance|[upkeep]\n|upkeep\n|turn|9\n|inactive|jaibee96 has 30 seconds left.\n|inactive|Matcha Man Savage has 30 seconds left.\n|\n|t:|1700953488\n|-terastallize|p2a: Rosa Tubsman|Flying\n|move|p1b: Palafin|Protect|p1b: Palafin\n|-singleturn|p1b: Palafin|Protect\n|move|p1a: Barraskewda|Close Combat|p2b: Nuketown\n|-supereffective|p2b: Nuketown\n|-damage|p2b: Nuketown|0 fnt\n|-unboost|p1a: Barraskewda|def|1\n|-unboost|p1a: Barraskewda|spd|1\n|faint|p2b: Nuketown\n|move|p2a: Rosa Tubsman|Life Dew|p2a: Rosa Tubsman\n|-heal|p2a: Rosa Tubsman|73\/100\n|\n|-weather|RainDance|[upkeep]\n|upkeep\n|turn|10\n|\n|t:|1700953509\n|switch|p1a: Iron Bundle|Iron Bundle, L50|100\/100\n|-enditem|p1a: Iron Bundle|Booster Energy\n|-activate|p1a: Iron Bundle|ability: Quark Drive|[fromitem]\n|-start|p1a: Iron Bundle|quarkdrivespe\n|move|p1b: Palafin|Jet Punch|p2a: Rosa Tubsman\n|-damage|p2a: Rosa Tubsman|60\/100\n|-damage|p1b: Palafin|7\/100|[from] item: Rocky Helmet|[of] p2a: Rosa Tubsman\n|move|p2a: Rosa Tubsman|Life Dew|p2a: Rosa Tubsman\n|-heal|p2a: Rosa Tubsman|84\/100\n|\n|-weather|RainDance|[upkeep]\n|upkeep\n|turn|11\n|\n|t:|1700953527\n|-terastallize|p1a: Iron Bundle|Ice\n|move|p1a: Iron Bundle|Freeze-Dry|p2a: Rosa Tubsman\n|-supereffective|p2a: Rosa Tubsman\n|-damage|p2a: Rosa Tubsman|23\/100\n|move|p1b: Palafin|Drain Punch|p2a: Rosa Tubsman\n|-resisted|p2a: Rosa Tubsman\n|-damage|p2a: Rosa Tubsman|19\/100\n|-heal|p1b: Palafin|8\/100|[from] drain|[of] p2a: Rosa Tubsman\n|-damage|p1b: Palafin|0 fnt|[from] item: Rocky Helmet|[of] p2a: Rosa Tubsman\n|faint|p1b: Palafin\n|move|p2a: Rosa Tubsman|Body Press|p1a: Iron Bundle\n|-supereffective|p1a: Iron Bundle\n|-damage|p1a: Iron Bundle|0 fnt\n|faint|p1a: Iron Bundle\n|-end|p1a: Iron Bundle|Quark Drive|[silent]\n|\n|-weather|none\n|upkeep\n|\n|t:|1700953546\n|switch|p1b: Barraskewda|Barraskewda, L50, F|12\/100\n|turn|12\n|\n|t:|1700953550\n|move|p1b: Barraskewda|Close Combat|p2a: Rosa Tubsman\n|-resisted|p2a: Rosa Tubsman\n|-damage|p2a: Rosa Tubsman|13\/100\n|-unboost|p1b: Barraskewda|def|1\n|-unboost|p1b: Barraskewda|spd|1\n|-damage|p1b: Barraskewda|0 fnt|[from] item: Rocky Helmet|[of] p2a: Rosa Tubsman\n|faint|p1b: Barraskewda\n|\n|win|Matcha Man Savage\n|raw|jaibee96's rating: 1209 &rarr; <strong>1192<\/strong><br \/>(-17 for losing)\n|raw|Matcha Man Savage's rating: 1322 &rarr; <strong>1336<\/strong><br \/>(+14 for winning)\n","uploadtime":1700953560,"views":4,"p1id":"jaibee96","p2id":"matchamansavage","formatid":"gen9vgc2023regulatione","rating":1192,"private":0,"password":""}