{"id":"gen9vgc2023regulatione-2000365440","p1":"TheOnlyWay21","p2":"Killerrizer","format":"[Gen 9] VGC 2023 Regulation E","log":"|j|\u2606TheOnlyWay21\n|j|\u2606Killerrizer\n|t:|1701188665\n|gametype|doubles\n|player|p1|TheOnlyWay21|bea|1170\n|player|p2|Killerrizer|101|1100\n|teamsize|p1|6\n|teamsize|p2|6\n|gen|9\n|tier|[Gen 9] VGC 2023 Regulation E\n|rated|\n|rule|Species Clause: Limit one of each Pok\u00e9mon\n|rule|Item Clause: Limit one of each item\n|clearpoke\n|poke|p1|Shiftry, L50, M|\n|poke|p1|Articuno, L50|\n|poke|p1|Ninetales-Alola, L50, F|\n|poke|p1|Heatran, L50, M|\n|poke|p1|Landorus-Therian, L50, M|\n|poke|p1|Ogerpon, L50, F|\n|poke|p2|Tornadus, L50, M|\n|poke|p2|Urshifu-*, L50, M|\n|poke|p2|Arcanine-Hisui, L50, M|\n|poke|p2|Sinistcha, L50|\n|poke|p2|Dragapult, L50, M|\n|poke|p2|Heatran, L50, M|\n|teampreview|4\n|\n|t:|1701188700\n|start\n|switch|p1a: Shiftry|Shiftry, L50, M|100\/100\n|switch|p1b: Ninetales|Ninetales-Alola, L50, F|100\/100\n|switch|p2a: Tornadus|Tornadus, L50, M|100\/100\n|switch|p2b: Urshifu|Urshifu-Rapid-Strike, L50, M|100\/100\n|-weather|Snow|[from] ability: Snow Warning|[of] p1b: Ninetales\n|turn|1\n|inactive|Battle timer is ON: inactive players will automatically lose when time's up. (requested by Killerrizer)\n|\n|t:|1701188724\n|switch|p2b: Arcanine|Arcanine-Hisui, L50, M|100\/100\n|-ability|p2b: Arcanine|Intimidate|boost\n|-unboost|p1a: Shiftry|atk|1\n|-unboost|p1b: Ninetales|atk|1\n|move|p1a: Shiftry|Fake Out|p2a: Tornadus\n|-damage|p2a: Tornadus|89\/100\n|cant|p2a: Tornadus|flinch\n|move|p1b: Ninetales|Aurora Veil|p1b: Ninetales\n|-sidestart|p1: TheOnlyWay21|move: Aurora Veil\n|\n|-weather|Snow|[upkeep]\n|upkeep\n|turn|2\n|inactive|Killerrizer has 30 seconds left.\n|\n|t:|1701188755\n|switch|p1a: Ogerpon|Ogerpon, L50, F|100\/100\n|move|p2a: Tornadus|Tailwind|p2a: Tornadus\n|-sidestart|p2: Killerrizer|move: Tailwind\n|move|p2b: Arcanine|Flare Blitz|p1b: Ninetales\n|-supereffective|p1b: Ninetales\n|-damage|p1b: Ninetales|0 fnt\n|faint|p1b: Ninetales\n|-damage|p2b: Arcanine|72\/100|[from] Recoil\n|\n|-weather|Snow|[upkeep]\n|upkeep\n|\n|t:|1701188768\n|switch|p1b: Heatran|Heatran, L50, M|100\/100\n|turn|3\n|inactive|TheOnlyWay21 has 30 seconds left.\n|inactive|TheOnlyWay21 has 20 seconds left.\n|inactive|TheOnlyWay21 has 15 seconds left.\n|\n|t:|1701188811\n|-terastallize|p1a: Ogerpon|Grass\n|detailschange|p1a: Ogerpon|Ogerpon-Teal-Tera, L50, F, tera:Grass\n|-ability|p1a: Ogerpon|Embody Aspect (Teal)|boost\n|-boost|p1a: Ogerpon|spe|1\n|move|p2a: Tornadus|Protect|p2a: Tornadus\n|-singleturn|p2a: Tornadus|Protect\n|move|p1a: Ogerpon|Stomping Tantrum|p2b: Arcanine\n|-supereffective|p2b: Arcanine\n|-damage|p2b: Arcanine|0 fnt\n|faint|p2b: Arcanine\n|move|p1b: Heatran|Heat Wave|p2a: Tornadus\n|-activate|p2a: Tornadus|move: Protect\n|\n|-weather|Snow|[upkeep]\n|upkeep\n|\n|t:|1701188830\n|switch|p2b: Dragapult|Dragapult, L50, M|100\/100\n|turn|4\n|\n|t:|1701188850\n|switch|p1a: Shiftry|Shiftry, L50, M|100\/100\n|move|p2b: Dragapult|Flamethrower|p1a: Shiftry\n|-supereffective|p1a: Shiftry\n|-enditem|p1a: Shiftry|Focus Sash\n|-damage|p1a: Shiftry|1\/100\n|move|p2a: Tornadus|Bleakwind Storm|p1a: Shiftry|[spread] p1b\n|-ability|p1a: Shiftry|Wind Rider|boost\n|-boost|p1a: Shiftry|atk|1\n|-resisted|p1b: Heatran\n|-damage|p1b: Heatran|87\/100\n|-unboost|p1b: Heatran|spe|1\n|move|p1b: Heatran|Earth Power|p2b: Dragapult\n|-damage|p2b: Dragapult|45\/100\n|-damage|p1b: Heatran|78\/100|[from] item: Life Orb\n|\n|-weather|Snow|[upkeep]\n|upkeep\n|turn|5\n|inactive|TheOnlyWay21 has 30 seconds left.\n|\n|t:|1701188878\n|switch|p2b: Urshifu|Urshifu-Rapid-Strike, L50, M|100\/100\n|move|p1a: Shiftry|Fake Out|p2a: Tornadus\n|-damage|p2a: Tornadus|66\/100\n|cant|p2a: Tornadus|flinch\n|move|p1b: Heatran|Earth Power|p2b: Urshifu\n|-damage|p2b: Urshifu|38\/100\n|-unboost|p2b: Urshifu|spd|1\n|-damage|p1b: Heatran|69\/100|[from] item: Life Orb\n|\n|-weather|none\n|-sideend|p2: Killerrizer|move: Tailwind\n|upkeep\n|turn|6\n|\n|t:|1701188901\n|move|p2b: Urshifu|Surging Strikes|p1b: Heatran\n|-supereffective|p1b: Heatran\n|-crit|p1b: Heatran\n|-damage|p1b: Heatran|14\/100\n|-supereffective|p1b: Heatran\n|-crit|p1b: Heatran\n|-damage|p1b: Heatran|0 fnt\n|faint|p1b: Heatran\n|-hitcount|p1: Heatran|2\n|move|p2a: Tornadus|Bleakwind Storm|p1a: Shiftry\n|-ability|p1a: Shiftry|Wind Rider|boost\n|-boost|p1a: Shiftry|atk|1\n|move|p1a: Shiftry|Leaf Blade|p2b: Urshifu\n|-supereffective|p2b: Urshifu\n|-damage|p2b: Urshifu|0 fnt\n|faint|p2b: Urshifu\n|\n|upkeep\n|\n|t:|1701188915\n|switch|p2b: Dragapult|Dragapult, L50, M|45\/100\n|switch|p1b: Ogerpon|Ogerpon-Teal-Tera, L50, F, tera:Grass|100\/100\n|-ability|p1b: Ogerpon|Embody Aspect (Teal)|boost\n|-boost|p1b: Ogerpon|spe|1\n|turn|7\n|inactive|TheOnlyWay21 has 30 seconds left.\n|\n|t:|1701188948\n|move|p2a: Tornadus|Tailwind|p2a: Tornadus\n|-sidestart|p2: Killerrizer|move: Tailwind\n|move|p2b: Dragapult|Flamethrower|p1b: Ogerpon\n|-supereffective|p1b: Ogerpon\n|-damage|p1b: Ogerpon|7\/100\n|move|p1b: Ogerpon|Wood Hammer|p2b: Dragapult\n|-resisted|p2b: Dragapult\n|-damage|p2b: Dragapult|0 fnt\n|faint|p2b: Dragapult\n|-damage|p1b: Ogerpon|0 fnt|[from] Recoil\n|faint|p1b: Ogerpon\n|move|p1a: Shiftry|Icy Wind|p2a: Tornadus\n|-supereffective|p2a: Tornadus\n|-damage|p2a: Tornadus|46\/100\n|-unboost|p2a: Tornadus|spe|1\n|\n|upkeep\n|turn|8\n|c|\u2606Killerrizer|gg\n|inactive|Killerrizer has 30 seconds left.\n|\n|t:|1701188975\n|-terastallize|p2a: Tornadus|Ground\n|move|p2a: Tornadus|Bleakwind Storm|p1a: Shiftry\n|-ability|p1a: Shiftry|Wind Rider|boost\n|-boost|p1a: Shiftry|atk|1\n|move|p1a: Shiftry|Knock Off|p2a: Tornadus\n|-damage|p2a: Tornadus|0 fnt\n|-enditem|p2a: Tornadus|Mental Herb|[from] move: Knock Off|[of] p1a: Shiftry\n|faint|p2a: Tornadus\n|\n|win|TheOnlyWay21\n|raw|TheOnlyWay21's rating: 1170 &rarr; <strong>1190<\/strong><br \/>(+20 for winning)\n|raw|Killerrizer's rating: 1100 &rarr; <strong>1080<\/strong><br \/>(-20 for losing)\n|l|\u2606Killerrizer\n","uploadtime":1701188987,"views":4,"p1id":"theonlyway21","p2id":"killerrizer","formatid":"gen9vgc2023regulatione","rating":1080,"private":0,"password":""}