{"id":"gen9vgc2023regulatione-1997976812","p1":"kn17","p2":"Kedrigz","format":"[Gen 9] VGC 2023 Regulation E","log":"|j|\u2606kn17\n|j|\u2606Kedrigz\n|n|\u2606kn17|kn17\n|n|\u2606Kedrigz|kedrigz\n|html|View the match progress at <a href=\"\/game-bestof3-gen9vgc2023regulatione-1997976811\">game-bestof3-gen9vgc2023regulatione-1997976811<\/a>\n|t:|1700874429\n|gametype|doubles\n|player|p1|kn17|worker|\n|player|p2|Kedrigz|steven|\n|teamsize|p1|6\n|teamsize|p2|6\n|gen|9\n|tier|[Gen 9] VGC 2023 Regulation E\n|rule|Species Clause: Limit one of each Pok\u00e9mon\n|rule|Item Clause: Limit one of each item\n|clearpoke\n|poke|p1|Roaring Moon, L50|\n|poke|p1|Amoonguss, L50, F|\n|poke|p1|Landorus-Therian, L50, M|\n|poke|p1|Heatran, L50, F|\n|poke|p1|Iron Hands, L50|\n|poke|p1|Gholdengo, L50|\n|poke|p2|Kommo-o, L50, M|\n|poke|p2|Tyranitar, L50, F|\n|poke|p2|Rillaboom, L50, M|\n|poke|p2|Iron Bundle, L50|\n|poke|p2|Flutter Mane, L50|\n|poke|p2|Arcanine-Hisui, L50, F|\n|teampreview|4\nKedrigz has agreed to open team sheets.\nkn17 has agreed to open team sheets.\n|showteam|p1|Roaring Moon||BoosterEnergy|Protosynthesis|Acrobatics,KnockOff,DragonDance,Protect||||||50|,,,,,Flying]Amoonguss||RockyHelmet|Regenerator|Spore,RagePowder,PollenPuff,Protect|||F|||50|,,,,,Water]Landorus-Therian||ChoiceScarf|Intimidate|StompingTantrum,TeraBlast,RockSlide,Uturn|||M|||50|,,,,,Flying]Heatran||ShucaBerry|FlashFire|HeatWave,EarthPower,FlashCannon,Protect|||F|||50|,,,,,Fairy]Iron Hands||AssaultVest|QuarkDrive|DrainPunch,WildCharge,HeavySlam,FakeOut||||||50|,,,,,Water]Gholdengo||Leftovers|GoodasGold|NastyPlot,ShadowBall,MakeItRain,Protect||||||50|,,,,,Dragon\n|showteam|p2|Kommo-o||Leftovers|Bulletproof|IronDefense,BodyPress,Protect,IronHead|||M|||50|,,,,,Steel]Tyranitar||AssaultVest|SandStream|KnockOff,RockSlide,TeraBlast,LowKick|||F|||50|,,,,,Psychic]Rillaboom||MiracleSeed|GrassySurge|FakeOut,GrassyGlide,Taunt,WoodHammer|||M|||50|,,,,,Grass]Iron Bundle||BoosterEnergy|QuarkDrive|IcyWind,FreezeDry,Protect,HydroPump||||||50|,,,,,Ghost]Flutter Mane||FocusSash|Protosynthesis|Moonblast,DazzlingGleam,ShadowBall,Psyshock||||||50|,,,,,Fairy]Arcanine-Hisui||SitrusBerry|Intimidate|FlareBlitz,WillOWisp,Howl,RockSlide|||F|||50|,,,,,Water\n|c|\u2606kn17|listo\n|c|\u2606Kedrigz|si\n|inactive|Battle timer is ON: inactive players will automatically lose when time's up. (requested by kn17)\n|c|\u2606Kedrigz|hay que presionar algo mas?\n|c|\u2606Kedrigz|me sale que esta esperando oponente\n|c|\u2606kn17|ya estamos jugando\n|inactive|kn17 has 60 seconds left.\n|c|\u2606Kedrigz|no ha lanzado aun\n|c|\u2606kn17|quieres que quitemos el timer?\n|c|\u2606Kedrigz|osea no he lanzado ningun pokemon\n|inactive|kn17 has 30 seconds left.\n|inactiveoff|Battle timer is now OFF.\n|c|\u2606Kedrigz|a ti te aparece que si?\n|c|\u2606kn17|ok\n|c|\u2606kn17|tu selecciona los 4 pkmn y cuando ambos seleccionemos los 4 arranca el match\n|c|\u2606Kedrigz|ya seleccione\n|c|\u2606Kedrigz|y tu?\n|\n|t:|1700874734\n|start\n|switch|p1a: Roaring Moon|Roaring Moon, L50|100\/100\n|switch|p1b: Iron Hands|Iron Hands, L50|100\/100\n|switch|p2a: Kommo-o|Kommo-o, L50, M|100\/100\n|switch|p2b: Iron Bundle|Iron Bundle, L50|100\/100\n|-enditem|p2b: Iron Bundle|Booster Energy\n|-activate|p2b: Iron Bundle|ability: Quark Drive|[fromitem]\n|-start|p2b: Iron Bundle|quarkdrivespe\n|-enditem|p1a: Roaring Moon|Booster Energy\n|-activate|p1a: Roaring Moon|ability: Protosynthesis|[fromitem]\n|-start|p1a: Roaring Moon|protosynthesisspe\n|turn|1\n|\n|t:|1700874761\n|-terastallize|p2b: Iron Bundle|Ghost\n|move|p1b: Iron Hands|Fake Out|p2a: Kommo-o\n|-damage|p2a: Kommo-o|91\/100\n|move|p2b: Iron Bundle|Icy Wind|p1a: Roaring Moon|[spread] p1a\n|-miss|p2b: Iron Bundle|p1b: Iron Hands\n|-supereffective|p1a: Roaring Moon\n|-damage|p1a: Roaring Moon|62\/100\n|-unboost|p1a: Roaring Moon|spe|1\n|move|p1a: Roaring Moon|Knock Off|p2a: Kommo-o\n|-resisted|p2a: Kommo-o\n|-damage|p2a: Kommo-o|75\/100\n|-enditem|p2a: Kommo-o|Leftovers|[from] move: Knock Off|[of] p1a: Roaring Moon\n|cant|p2a: Kommo-o|flinch\n|\n|upkeep\n|turn|2\n|\n|t:|1700874809\n|move|p2b: Iron Bundle|Freeze-Dry|p1a: Roaring Moon\n|-supereffective|p1a: Roaring Moon\n|-damage|p1a: Roaring Moon|0 fnt\n|faint|p1a: Roaring Moon\n|-end|p1a: Roaring Moon|Protosynthesis|[silent]\n|move|p2a: Kommo-o|Iron Defense|p2a: Kommo-o\n|-boost|p2a: Kommo-o|def|2\n|move|p1b: Iron Hands|Heavy Slam|p2b: Iron Bundle\n|-damage|p2b: Iron Bundle|46\/100\n|\n|upkeep\n|\n|t:|1700874817\n|switch|p1a: Amoonguss|Amoonguss, L50, F|100\/100\n|turn|3\n|\n|t:|1700874834\n|move|p1a: Amoonguss|Protect|p1a: Amoonguss\n|-singleturn|p1a: Amoonguss|Protect\n|move|p2b: Iron Bundle|Icy Wind|p1a: Amoonguss|[spread] p1b\n|-activate|p1a: Amoonguss|move: Protect\n|-damage|p1b: Iron Hands|89\/100\n|-unboost|p1b: Iron Hands|spe|1\n|move|p2a: Kommo-o|Iron Defense|p2a: Kommo-o\n|-boost|p2a: Kommo-o|def|2\n|move|p1b: Iron Hands|Heavy Slam|p2b: Iron Bundle\n|-damage|p2b: Iron Bundle|0 fnt\n|faint|p2b: Iron Bundle\n|-end|p2b: Iron Bundle|Quark Drive|[silent]\n|\n|upkeep\n|\n|t:|1700874852\n|switch|p2b: Arcanine|Arcanine-Hisui, L50, F|100\/100\n|-ability|p2b: Arcanine|Intimidate|boost\n|-unboost|p1a: Amoonguss|atk|1\n|-unboost|p1b: Iron Hands|atk|1\n|turn|4\n|\n|t:|1700874892\n|-terastallize|p1a: Amoonguss|Water\n|move|p2b: Arcanine|Will-O-Wisp|p1b: Iron Hands\n|-status|p1b: Iron Hands|brn\n|move|p2a: Kommo-o|Iron Defense|p2a: Kommo-o\n|-boost|p2a: Kommo-o|def|2\n|move|p1b: Iron Hands|Drain Punch|p2b: Arcanine\n|-supereffective|p2b: Arcanine\n|-damage|p2b: Arcanine|68\/100\n|-heal|p1b: Iron Hands|100\/100 brn|[from] drain|[of] p2b: Arcanine\n|move|p1a: Amoonguss|Spore|p2b: Arcanine\n|-status|p2b: Arcanine|slp|[from] move: Spore\n|\n|-damage|p1b: Iron Hands|94\/100 brn|[from] brn\n|upkeep\n|turn|5\n|\n|t:|1700874943\n|move|p1a: Amoonguss|Rage Powder|p1a: Amoonguss\n|-singleturn|p1a: Amoonguss|move: Rage Powder\n|cant|p2b: Arcanine|slp\n|move|p2a: Kommo-o|Body Press|p1a: Amoonguss\n|-damage|p1a: Amoonguss|0 fnt\n|-damage|p2a: Kommo-o|58\/100|[from] item: Rocky Helmet|[of] p1a: Amoonguss\n|faint|p1a: Amoonguss\n|move|p1b: Iron Hands|Drain Punch|p2b: Arcanine\n|-supereffective|p2b: Arcanine\n|-damage|p2b: Arcanine|35\/100 slp\n|-heal|p1b: Iron Hands|100\/100 brn|[from] drain|[of] p2b: Arcanine\n|-enditem|p2b: Arcanine|Sitrus Berry|[eat]\n|-heal|p2b: Arcanine|60\/100 slp|[from] item: Sitrus Berry\n|\n|-damage|p1b: Iron Hands|94\/100 brn|[from] brn\n|upkeep\n|\n|t:|1700874953\n|switch|p1a: Gholdengo|Gholdengo, L50|100\/100\n|turn|6\n|\n|t:|1700874980\n|cant|p2b: Arcanine|slp\n|move|p1a: Gholdengo|Make It Rain|p2b: Arcanine|[spread] p2a,p2b\n|-damage|p2a: Kommo-o|18\/100\n|-damage|p2b: Arcanine|12\/100 slp\n|-unboost|p1a: Gholdengo|spa|1\n|move|p2a: Kommo-o|Body Press|p1b: Iron Hands\n|-crit|p1b: Iron Hands\n|-damage|p1b: Iron Hands|0 fnt\n|faint|p1b: Iron Hands\n|-end|p1b: Iron Hands|Quark Drive|[silent]\n|\n|upkeep\n|turn|7\n|\n|t:|1700875001\n|move|p2a: Kommo-o|Protect|p2a: Kommo-o\n|-singleturn|p2a: Kommo-o|Protect\n|cant|p2b: Arcanine|slp\n|move|p1a: Gholdengo|Shadow Ball|p2b: Arcanine\n|-damage|p2b: Arcanine|0 fnt\n|faint|p2b: Arcanine\n|\n|upkeep\n|\n|t:|1700875008\n|switch|p2b: Tyranitar|Tyranitar, L50, F|100\/100\n|-weather|Sandstorm|[from] ability: Sand Stream|[of] p2b: Tyranitar\n|turn|8\n|\n|t:|1700875019\n|move|p1a: Gholdengo|Nasty Plot|p1a: Gholdengo\n|-boost|p1a: Gholdengo|spa|2\n|move|p2a: Kommo-o|Iron Head|p1a: Gholdengo\n|-resisted|p1a: Gholdengo\n|-damage|p1a: Gholdengo|91\/100\n|move|p2b: Tyranitar|Knock Off|p1a: Gholdengo\n|-supereffective|p1a: Gholdengo\n|-crit|p1a: Gholdengo\n|-damage|p1a: Gholdengo|0 fnt\n|-enditem|p1a: Gholdengo|Leftovers|[from] move: Knock Off|[of] p2b: Tyranitar\n|faint|p1a: Gholdengo\n|\n|win|Kedrigz\n|inactive|kn17 has 50 seconds to confirm battle start!\n|inactive|Kedrigz has 50 seconds to confirm battle start!\n|c|&|\/uhtml prompt-kn17,kn17 is ready for game 2!\n|c|&|\/uhtml prompt-kedrigz,Kedrigz is ready for game 2!\nBoth players are ready! Starting next match!\n|l|\u2606Kedrigz\n","uploadtime":1700876793,"views":2,"p1id":"kn17","p2id":"kedrigz","formatid":"gen9vgc2023regulatione","rating":0,"private":0,"password":""}