{"id":"gen9vgc2023regulatione-1995124985","p1":"Shooples","p2":"Politoed gamer","format":"[Gen 9] VGC 2023 Regulation E","log":"|j|\u2606Shooples\n|j|\u2606Politoed gamer\n|t:|1700525321\n|gametype|doubles\n|player|p1|Shooples|1|1198\n|player|p2|Politoed gamer|2|1163\n|teamsize|p1|6\n|teamsize|p2|6\n|gen|9\n|tier|[Gen 9] VGC 2023 Regulation E\n|rated|\n|rule|Species Clause: Limit one of each Pok\u00e9mon\n|rule|Item Clause: Limit one of each item\n|clearpoke\n|poke|p1|Dondozo, L50, M|\n|poke|p1|Tatsugiri-Droopy, L50, F|\n|poke|p1|Ting-Lu, L50|\n|poke|p1|Flutter Mane, L50|\n|poke|p1|Chi-Yu, L50|\n|poke|p1|Rillaboom, L50, F|\n|poke|p2|Tyranitar, L50, F|\n|poke|p2|Scizor, L50, F|\n|poke|p2|Lycanroc, L50, F|\n|poke|p2|Garchomp, L50, F|\n|poke|p2|Ogerpon-Wellspring, L50, F|\n|poke|p2|Rotom-Heat, L50|\n|teampreview|4\n|inactive|Battle timer is ON: inactive players will automatically lose when time's up. (requested by Shooples)\n|inactive|Politoed gamer has 60 seconds left.\n|inactive|Politoed gamer has 30 seconds left.\n|inactive|Politoed gamer has 20 seconds left.\n|inactive|Politoed gamer has 15 seconds left.\n|\n|t:|1700525400\n|start\n|switch|p1a: Dondozo|Dondozo, L50, M|100\/100\n|switch|p1b: Chi-Yu|Chi-Yu, L50|100\/100\n|switch|p2a: Ogerpon|Ogerpon-Wellspring, L50, F|100\/100\n|switch|p2b: Scizor|Scizor, L50, F|100\/100\n|-ability|p1b: Chi-Yu|Beads of Ruin\n|turn|1\n|inactive|Politoed gamer has 30 seconds left.\n|inactive|Politoed gamer has 20 seconds left.\n|inactive|Politoed gamer has 15 seconds left.\n|\n|t:|1700525441\n|switch|p1b: Tatsugiri|Tatsugiri-Droopy, L50, F|100\/100\n|-activate|p1b: Tatsugiri|ability: Commander|[of] p1a: Dondozo\n|-boost|p1a: Dondozo|atk|2\n|-boost|p1a: Dondozo|spa|2\n|-boost|p1a: Dondozo|spe|2\n|-boost|p1a: Dondozo|def|2\n|-boost|p1a: Dondozo|spd|2\n|-terastallize|p2b: Scizor|Water\n|move|p1a: Dondozo|Order Up|p2b: Scizor\n|-damage|p2b: Scizor|55\/100\n|-boost|p1a: Dondozo|def|1\n|move|p2a: Ogerpon|Ivy Cudgel|p1b: Tatsugiri|[anim] Ivy Cudgel Water|[miss]\n|-miss|p2a: Ogerpon|p1b: Tatsugiri\n|move|p2b: Scizor|Fury Cutter|p1a: Dondozo\n|-damage|p1a: Dondozo|91\/100\n|\n|-heal|p1a: Dondozo|97\/100|[from] item: Leftovers\n|upkeep\n|turn|2\n|\n|t:|1700525464\n|move|p1a: Dondozo|Order Up|p2b: Scizor\n|-damage|p2b: Scizor|8\/100\n|-boost|p1a: Dondozo|def|1\n|move|p2a: Ogerpon|Horn Leech|p1a: Dondozo\n|-supereffective|p1a: Dondozo\n|-damage|p1a: Dondozo|82\/100\n|move|p2b: Scizor|Fury Cutter|p1a: Dondozo\n|-damage|p1a: Dondozo|58\/100\n|\n|-heal|p1a: Dondozo|64\/100|[from] item: Leftovers\n|upkeep\n|turn|3\n|\n|t:|1700525477\n|move|p2a: Ogerpon|Follow Me|p2a: Ogerpon\n|-singleturn|p2a: Ogerpon|move: Follow Me\n|move|p1a: Dondozo|Order Up|p2a: Ogerpon\n|-damage|p2a: Ogerpon|62\/100\n|-boost|p1a: Dondozo|def|1\n|move|p2b: Scizor|Fury Cutter|p1a: Dondozo\n|-damage|p1a: Dondozo|24\/100\n|\n|-heal|p1a: Dondozo|29\/100|[from] item: Leftovers\n|upkeep\n|turn|4\n|inactive|Politoed gamer has 30 seconds left.\n|\n|t:|1700525509\n|move|p1a: Dondozo|Protect|p1a: Dondozo\n|-singleturn|p1a: Dondozo|Protect\n|move|p2a: Ogerpon|Horn Leech|p1a: Dondozo\n|-activate|p1a: Dondozo|move: Protect\n|move|p2b: Scizor|Fury Cutter|p1a: Dondozo\n|-activate|p1a: Dondozo|move: Protect\n|\n|-heal|p1a: Dondozo|35\/100|[from] item: Leftovers\n|upkeep\n|turn|5\n|\n|t:|1700525519\n|-terastallize|p1a: Dondozo|Steel\n|move|p1a: Dondozo|Order Up|p2b: Scizor\n|-damage|p2b: Scizor|0 fnt\n|faint|p2b: Scizor\n|-boost|p1a: Dondozo|def|1\n|move|p2a: Ogerpon|Horn Leech|p1a: Dondozo\n|-resisted|p1a: Dondozo\n|-damage|p1a: Dondozo|32\/100\n|-heal|p2a: Ogerpon|64\/100|[from] drain|[of] p1a: Dondozo\n|\n|-heal|p1a: Dondozo|38\/100|[from] item: Leftovers\n|upkeep\n|\n|t:|1700525529\n|switch|p2b: Garchomp|Garchomp, L50, F|100\/100\n|turn|6\n|\n|t:|1700525534\n|switch|p2a: Rotom|Rotom-Heat, L50|100\/100\n|move|p2b: Garchomp|Earthquake|p1b: Tatsugiri|[spread] p1a\n|-miss|p2b: Garchomp|p1b: Tatsugiri\n|-immune|p2a: Rotom|[from] ability: Levitate\n|-supereffective|p1a: Dondozo\n|-damage|p1a: Dondozo|25\/100\n|move|p1a: Dondozo|Order Up|p2b: Garchomp\n|-supereffective|p2b: Garchomp\n|-damage|p2b: Garchomp|17\/100\n|-boost|p1a: Dondozo|def|0\n|\n|-heal|p1a: Dondozo|31\/100|[from] item: Leftovers\n|upkeep\n|turn|7\n|\n|t:|1700525547\n|switch|p2b: Ogerpon|Ogerpon-Wellspring, L50, F|64\/100\n|move|p1a: Dondozo|Wave Crash|p2a: Rotom\n|-supereffective|p2a: Rotom\n|-damage|p2a: Rotom|0 fnt\n|faint|p2a: Rotom\n|-damage|p1a: Dondozo|12\/100|[from] Recoil\n|\n|-heal|p1a: Dondozo|18\/100|[from] item: Leftovers\n|upkeep\n|\n|t:|1700525553\n|switch|p2a: Garchomp|Garchomp, L50, F|17\/100\n|turn|8\n|\n|t:|1700525570\n|move|p1a: Dondozo|Protect|p1a: Dondozo\n|-singleturn|p1a: Dondozo|Protect\n|move|p2a: Garchomp|Stomping Tantrum|p1a: Dondozo\n|-activate|p1a: Dondozo|move: Protect\n|move|p2b: Ogerpon|Ivy Cudgel|p1a: Dondozo|[anim] Ivy Cudgel Water\n|-activate|p1a: Dondozo|move: Protect\n|\n|-heal|p1a: Dondozo|24\/100|[from] item: Leftovers\n|upkeep\n|turn|9\n|\n|t:|1700525581\n|move|p2a: Garchomp|Stomping Tantrum|p1a: Dondozo\n|-supereffective|p1a: Dondozo\n|-damage|p1a: Dondozo|10\/100\n|move|p1a: Dondozo|Order Up|p2a: Garchomp\n|-supereffective|p2a: Garchomp\n|-damage|p2a: Garchomp|0 fnt\n|faint|p2a: Garchomp\n|-boost|p1a: Dondozo|def|0\n|move|p2b: Ogerpon|Ivy Cudgel|p1a: Dondozo|[anim] Ivy Cudgel Water\n|-damage|p1a: Dondozo|1\/100\n|\n|-heal|p1a: Dondozo|7\/100|[from] item: Leftovers\n|upkeep\n|turn|10\n|\n|t:|1700525597\n|move|p1a: Dondozo|Yawn|p2b: Ogerpon\n|-start|p2b: Ogerpon|move: Yawn|[of] p1a: Dondozo\n|move|p2b: Ogerpon|Ivy Cudgel|p1a: Dondozo|[anim] Ivy Cudgel Water\n|-damage|p1a: Dondozo|0 fnt\n|faint|p1a: Dondozo\n|\n|upkeep\n|\n|t:|1700525608\n|switch|p1a: Chi-Yu|Chi-Yu, L50|100\/100\n|-ability|p1a: Chi-Yu|Beads of Ruin\n|turn|11\n|\n|t:|1700525620\n|move|p1a: Chi-Yu|Protect|p1a: Chi-Yu\n|-singleturn|p1a: Chi-Yu|Protect\n|move|p2b: Ogerpon|Ivy Cudgel|p1a: Chi-Yu|[anim] Ivy Cudgel Water\n|-activate|p1a: Chi-Yu|move: Protect\n|move|p1b: Tatsugiri|Icy Wind|p2b: Ogerpon\n|-damage|p2b: Ogerpon|44\/100\n|-unboost|p2b: Ogerpon|spe|1\n|\n|-end|p2b: Ogerpon|move: Yawn|[silent]\n|-status|p2b: Ogerpon|slp\n|upkeep\n|turn|12\n|-message|Politoed gamer forfeited.\n|\n|win|Shooples\n|raw|Shooples's rating: 1198 &rarr; <strong>1220<\/strong><br \/>(+22 for winning)\n|raw|Politoed gamer's rating: 1163 &rarr; <strong>1141<\/strong><br \/>(-22 for losing)\n|l|\u2606Politoed gamer\n","uploadtime":1700525639,"views":10,"p1id":"shooples","p2id":"politoedgamer","formatid":"gen9vgc2023regulatione","rating":1141,"private":0,"password":""}