{"id":"gen9vgc2023regulatione-1993328566","p1":"hjgklm3k","p2":"zxs2003","format":"[Gen 9] VGC 2023 Regulation E","log":"|j|\u2606hjgklm3k\n|j|\u2606zxs2003\n|t:|1700299355\n|gametype|doubles\n|player|p1|hjgklm3k|1|1332\n|player|p2|zxs2003|dawn|1313\n|teamsize|p1|6\n|teamsize|p2|6\n|gen|9\n|tier|[Gen 9] VGC 2023 Regulation E\n|rated|\n|rule|Species Clause: Limit one of each Pok\u00e9mon\n|rule|Item Clause: Limit one of each item\n|clearpoke\n|poke|p1|Tornadus, L50, M|\n|poke|p1|Ogerpon-Hearthflame, L50, F|\n|poke|p1|Flutter Mane, L50|\n|poke|p1|Dragonite, L50, F|\n|poke|p1|Chi-Yu, L50|\n|poke|p1|Iron Bundle, L50|\n|poke|p2|Grimmsnarl, L50, M|\n|poke|p2|Chi-Yu, L50|\n|poke|p2|Regieleki, L50|\n|poke|p2|Iron Hands, L50|\n|poke|p2|Gholdengo, L50|\n|poke|p2|Sinistcha, L50|\n|teampreview|4\n|\n|t:|1700299382\n|start\n|switch|p1a: Flutter Mane|Flutter Mane, L50|100\/100\n|switch|p1b: Iron Bundle|Iron Bundle, L50|100\/100\n|switch|p2a: Grimmsnarl|Grimmsnarl, L50, M|100\/100\n|switch|p2b: Gholdengo|Gholdengo, L50|100\/100\n|-enditem|p1b: Iron Bundle|Booster Energy\n|-activate|p1b: Iron Bundle|ability: Quark Drive|[fromitem]\n|-start|p1b: Iron Bundle|quarkdrivespe\n|turn|1\n|\n|t:|1700299400\n|move|p2b: Gholdengo|Protect|p2b: Gholdengo\n|-singleturn|p2b: Gholdengo|Protect\n|move|p2a: Grimmsnarl|Light Screen|p2a: Grimmsnarl\n|-sidestart|p2: zxs2003|move: Light Screen\n|move|p1b: Iron Bundle|Hydro Pump|p2b: Gholdengo\n|-activate|p2b: Gholdengo|move: Protect\n|move|p1a: Flutter Mane|Dazzling Gleam|p2a: Grimmsnarl|[spread] p2a\n|-activate|p2b: Gholdengo|move: Protect\n|-supereffective|p2a: Grimmsnarl\n|-damage|p2a: Grimmsnarl|35\/100\n|\n|upkeep\n|turn|2\n|\n|t:|1700299428\n|-end|p1a: Flutter Mane|Protosynthesis|[silent]\n|switch|p1a: Chi-Yu|Chi-Yu, L50|100\/100\n|-ability|p1a: Chi-Yu|Beads of Ruin\n|-terastallize|p2b: Gholdengo|Flying\n|move|p2a: Grimmsnarl|Parting Shot|p1b: Iron Bundle\n|-unboost|p1b: Iron Bundle|atk|1\n|-unboost|p1b: Iron Bundle|spa|1\n|\n|t:|1700299436\n|switch|p2a: Regieleki|Regieleki, L50|100\/100|[from] Parting Shot\n|move|p1b: Iron Bundle|Encore||[still]\n|-fail|p1b: Iron Bundle\n|move|p2b: Gholdengo|Nasty Plot|p2b: Gholdengo\n|-boost|p2b: Gholdengo|spa|2\n|\n|upkeep\n|turn|3\n|\n|t:|1700299451\n|move|p2a: Regieleki|Electroweb|p1b: Iron Bundle|[spread] p1a,p1b\n|-supereffective|p1b: Iron Bundle\n|-damage|p1a: Chi-Yu|80\/100\n|-damage|p1b: Iron Bundle|0 fnt\n|-unboost|p1a: Chi-Yu|spe|1\n|faint|p1b: Iron Bundle\n|-end|p1b: Iron Bundle|Quark Drive|[silent]\n|move|p2b: Gholdengo|Make It Rain|p1a: Chi-Yu\n|-resisted|p1a: Chi-Yu\n|-damage|p1a: Chi-Yu|13\/100\n|-unboost|p2b: Gholdengo|spa|1\n|move|p1a: Chi-Yu|Heat Wave|p2a: Regieleki|[spread] p2a,p2b\n|-damage|p2a: Regieleki|27\/100\n|-damage|p2b: Gholdengo|57\/100\n|-damage|p1a: Chi-Yu|3\/100|[from] item: Life Orb\n|\n|upkeep\n|\n|t:|1700299456\n|switch|p1b: Ogerpon|Ogerpon-Hearthflame, L50, F|100\/100\n|-ability|p1b: Ogerpon|Mold Breaker\n|turn|4\n|\n|t:|1700299472\n|-terastallize|p1b: Ogerpon|Fire\n|detailschange|p1b: Ogerpon|Ogerpon-Hearthflame-Tera, L50, F, tera:Fire\n|-ability|p1b: Ogerpon|Embody Aspect (Hearthflame)|boost\n|-boost|p1b: Ogerpon|atk|1\n|move|p2a: Regieleki|Electroweb|p1b: Ogerpon|[spread] p1a\n|-miss|p2a: Regieleki|p1b: Ogerpon\n|-damage|p1a: Chi-Yu|0 fnt\n|faint|p1a: Chi-Yu\n|move|p1b: Ogerpon|Ivy Cudgel|p2b: Gholdengo|[anim] Ivy Cudgel Fire\n|-damage|p2b: Gholdengo|0 fnt\n|faint|p2b: Gholdengo\n|\n|upkeep\n|\n|t:|1700299492\n|switch|p1a: Flutter Mane|Flutter Mane, L50|100\/100\n|switch|p2b: Iron Hands|Iron Hands, L50|100\/100\n|turn|5\n|\n|t:|1700299505\n|move|p1b: Ogerpon|Spiky Shield|p1b: Ogerpon\n|-singleturn|p1b: Ogerpon|move: Protect\n|move|p2a: Regieleki|Electroweb|p1b: Ogerpon|[spread] p1a\n|-activate|p1b: Ogerpon|move: Protect\n|-damage|p1a: Flutter Mane|81\/100\n|-unboost|p1a: Flutter Mane|spe|1\n|move|p1a: Flutter Mane|Dazzling Gleam|p2a: Regieleki|[spread] p2a,p2b\n|-supereffective|p2b: Iron Hands\n|-damage|p2a: Regieleki|0 fnt\n|-damage|p2b: Iron Hands|59\/100\n|faint|p2a: Regieleki\n|move|p2b: Iron Hands|Drain Punch|p1b: Ogerpon\n|-activate|p1b: Ogerpon|move: Protect\n|-damage|p2b: Iron Hands|47\/100|[from] Spiky Shield|[of] p1b: Ogerpon\n|\n|upkeep\n|\n|t:|1700299510\n|switch|p2a: Grimmsnarl|Grimmsnarl, L50, M|35\/100\n|turn|6\n|-message|zxs2003 forfeited.\n|\n|win|hjgklm3k\n|raw|hjgklm3k's rating: 1332 &rarr; <strong>1351<\/strong><br \/>(+19 for winning)\n|raw|zxs2003's rating: 1313 &rarr; <strong>1294<\/strong><br \/>(-19 for losing)\n|l|\u2606zxs2003\n","uploadtime":1700299517,"views":12,"p1id":"hjgklm3k","p2id":"zxs2003","formatid":"gen9vgc2023regulatione","rating":1294,"private":0,"password":""}