{"id":"gen9vgc2023regulatione-1990734600","p1":"CaptainLatios","p2":"Dyrewolf52","format":"[Gen 9] VGC 2023 Regulation E","log":"|j|\u2606CaptainLatios\n|j|\u2606Dyrewolf52\n|t:|1699995904\n|gametype|doubles\n|player|p1|CaptainLatios|caitlin-masters|1251\n|player|p2|Dyrewolf52|benga|1303\n|teamsize|p1|6\n|teamsize|p2|6\n|gen|9\n|tier|[Gen 9] VGC 2023 Regulation E\n|rated|\n|rule|Species Clause: Limit one of each Pok\u00e9mon\n|rule|Item Clause: Limit one of each item\n|clearpoke\n|poke|p1|Ogerpon-Wellspring, L50, F|\n|poke|p1|Landorus-Therian, L50, M|\n|poke|p1|Ursaluna-Bloodmoon, L50, M|\n|poke|p1|Farigiraf, L50, M|\n|poke|p1|Chi-Yu, L50|\n|poke|p1|Iron Hands, L50|\n|poke|p2|Cresselia, L50, F|\n|poke|p2|Ursaluna, L50, M|\n|poke|p2|Enamorus-Therian, L50, F|\n|poke|p2|Iron Hands, L50|\n|poke|p2|Ogerpon-Wellspring, L50, F|\n|poke|p2|Moltres-Galar, L50|\n|teampreview|4\n|\n|t:|1699995943\n|start\n|switch|p1a: Landorus|Landorus-Therian, L50, M|100\/100\n|switch|p1b: Chi-Yu|Chi-Yu, L50|100\/100\n|switch|p2a: Cresselia|Cresselia, L50, F, shiny|100\/100\n|switch|p2b: Moltres|Moltres-Galar, L50, shiny|100\/100\n|-ability|p1a: Landorus|Intimidate|boost\n|-unboost|p2a: Cresselia|atk|1\n|-unboost|p2b: Moltres|atk|1\n|-ability|p1b: Chi-Yu|Beads of Ruin\n|turn|1\n|\n|t:|1699995959\n|switch|p2a: Ogerpon|Ogerpon-Wellspring, L50, F|100\/100\n|move|p1a: Landorus|U-turn|p2a: Ogerpon\n|-supereffective|p2a: Ogerpon\n|-damage|p2a: Ogerpon|52\/100\n|\n|t:|1699995965\n|switch|p1a: Iron Hands|Iron Hands, L50|100\/100|[from] U-turn\n|move|p1b: Chi-Yu|Dark Pulse|p2a: Ogerpon\n|-damage|p2a: Ogerpon|0 fnt\n|faint|p2a: Ogerpon\n|move|p2b: Moltres|Nasty Plot|p2b: Moltres\n|-boost|p2b: Moltres|spa|2\n|\n|upkeep\n|\n|t:|1699995981\n|switch|p2a: Ursaluna|Ursaluna, L50, M, shiny|100\/100\n|turn|2\n|\n|t:|1699996004\n|move|p1b: Chi-Yu|Protect|p1b: Chi-Yu\n|-singleturn|p1b: Chi-Yu|Protect\n|move|p2b: Moltres|Protect|p2b: Moltres\n|-singleturn|p2b: Moltres|Protect\n|move|p2a: Ursaluna|Protect|p2a: Ursaluna\n|-singleturn|p2a: Ursaluna|Protect\n|move|p1a: Iron Hands|Wild Charge|p2b: Moltres\n|-activate|p2b: Moltres|move: Protect\n|\n|-status|p2a: Ursaluna|brn|[from] item: Flame Orb\n|upkeep\n|turn|3\n|\n|t:|1699996031\n|switch|p1b: Landorus|Landorus-Therian, L50, M|100\/100\n|-ability|p1b: Landorus|Intimidate|boost\n|-unboost|p2a: Ursaluna|atk|1\n|-unboost|p2b: Moltres|atk|1\n|-terastallize|p2a: Ursaluna|Fairy\n|move|p2b: Moltres|Fiery Wrath|p1a: Iron Hands|[spread] p1a,p1b\n|-resisted|p1a: Iron Hands\n|-damage|p1a: Iron Hands|89\/100\n|-damage|p1b: Landorus|47\/100\n|move|p1a: Iron Hands|Wild Charge|p2b: Moltres\n|-supereffective|p2b: Moltres\n|-damage|p2b: Moltres|21\/100\n|-damage|p1a: Iron Hands|73\/100|[from] Recoil\n|-ability|p2b: Moltres|Berserk|boost\n|-boost|p2b: Moltres|spa|1\n|-enditem|p2b: Moltres|Sitrus Berry|[eat]\n|-heal|p2b: Moltres|46\/100|[from] item: Sitrus Berry\n|move|p2a: Ursaluna|Earthquake|p1a: Iron Hands|[spread] p1a\n|-immune|p2b: Moltres\n|-immune|p1b: Landorus\n|-supereffective|p1a: Iron Hands\n|-crit|p1a: Iron Hands\n|-damage|p1a: Iron Hands|0 fnt\n|faint|p1a: Iron Hands\n|-end|p1a: Iron Hands|Quark Drive|[silent]\n|\n|-damage|p2a: Ursaluna|95\/100 brn|[from] brn\n|upkeep\n|\n|t:|1699996055\n|switch|p1a: Chi-Yu|Chi-Yu, L50|100\/100\n|-ability|p1a: Chi-Yu|Beads of Ruin\n|turn|4\n|\n|t:|1699996074\n|move|p2b: Moltres|Protect|p2b: Moltres\n|-singleturn|p2b: Moltres|Protect\n|move|p1b: Landorus|Rock Slide|p2b: Moltres|[spread] p2a\n|-activate|p2b: Moltres|move: Protect\n|-damage|p2a: Ursaluna|79\/100 brn\n|move|p1a: Chi-Yu|Heat Wave|p2b: Moltres|[spread] p2a\n|-activate|p2b: Moltres|move: Protect\n|-damage|p2a: Ursaluna|35\/100 brn\n|move|p2a: Ursaluna|Facade|p1a: Chi-Yu\n|-enditem|p1a: Chi-Yu|Focus Sash\n|-damage|p1a: Chi-Yu|1\/100\n|\n|-damage|p2a: Ursaluna|29\/100 brn|[from] brn\n|upkeep\n|turn|5\n|\n|t:|1699996092\n|switch|p2a: Cresselia|Cresselia, L50, F, shiny|100\/100\n|move|p1b: Landorus|Rock Slide|p2b: Moltres|[spread] p2a,p2b\n|-supereffective|p2b: Moltres\n|-damage|p2a: Cresselia|87\/100\n|-damage|p2b: Moltres|12\/100\n|move|p1a: Chi-Yu|Heat Wave|p2b: Moltres|[spread] p2a,p2b\n|-damage|p2a: Cresselia|59\/100\n|-damage|p2b: Moltres|0 fnt\n|faint|p2b: Moltres\n|\n|upkeep\n|\n|t:|1699996104\n|switch|p2b: Ursaluna|Ursaluna, L50, M, shiny, tera:Fairy|29\/100 brn\n|turn|6\n|\n|t:|1699996111\n|move|p2b: Ursaluna|Protect|p2b: Ursaluna\n|-singleturn|p2b: Ursaluna|Protect\n|move|p1b: Landorus|Rock Slide|p2b: Ursaluna|[spread] p2a\n|-activate|p2b: Ursaluna|move: Protect\n|-damage|p2a: Cresselia|47\/100\n|move|p1a: Chi-Yu|Dark Pulse|p2a: Cresselia\n|-supereffective|p2a: Cresselia\n|-damage|p2a: Cresselia|0 fnt\n|faint|p2a: Cresselia\n|\n|-damage|p2b: Ursaluna|24\/100 brn|[from] brn\n|upkeep\n|turn|7\n|-message|Dyrewolf52 forfeited.\n|\n|win|CaptainLatios\n|raw|CaptainLatios's rating: 1251 &rarr; <strong>1280<\/strong><br \/>(+29 for winning)\n|raw|Dyrewolf52's rating: 1303 &rarr; <strong>1280<\/strong><br \/>(-23 for losing)\n|l|\u2606Dyrewolf52\n","uploadtime":1699996133,"views":7,"p1id":"captainlatios","p2id":"dyrewolf52","formatid":"gen9vgc2023regulatione","rating":1280,"private":0,"password":""}