{"id":"gen9vgc2023regulatione-1989152260","p1":"Avenger_B","p2":"RileyBrielle","format":"[Gen 9] VGC 2023 Regulation E","log":"|j|\u2606Avenger_B\n|j|\u2606RileyBrielle\n|t:|1699817784\n|gametype|doubles\n|player|p1|Avenger_B|red|1000\n|player|p2|RileyBrielle|dawn-gen4pt|1013\n|teamsize|p1|6\n|teamsize|p2|6\n|gen|9\n|tier|[Gen 9] VGC 2023 Regulation E\n|rated|\n|rule|Species Clause: Limit one of each Pok\u00e9mon\n|rule|Item Clause: Limit one of each item\n|clearpoke\n|poke|p1|Snorlax, L50, M|\n|poke|p1|Appletun, L50, M|\n|poke|p1|Bronzong, L50|\n|poke|p1|Blissey, L50, F|\n|poke|p1|Gliscor, L50, M|\n|poke|p1|Hatterene, L50, F|\n|poke|p2|Roaring Moon, L50|\n|poke|p2|Landorus-Therian, L50, M|\n|poke|p2|Amoonguss, L50, M|\n|poke|p2|Ogerpon-Wellspring, L50, F|\n|poke|p2|Flutter Mane, L50|\n|poke|p2|Iron Hands, L50|\n|teampreview|4\n|\n|t:|1699817817\n|start\n|switch|p1a: Appletun|Appletun, L50, M|100\/100\n|switch|p1b: Gliscor|Gliscor, L50, M|100\/100\n|switch|p2a: Landorus|Landorus-Therian, L50, M|100\/100\n|switch|p2b: Iron Hands|Iron Hands, L50|100\/100\n|-ability|p2a: Landorus|Intimidate|boost\n|-unboost|p1a: Appletun|atk|1\n|-unboost|p1b: Gliscor|atk|1\n|turn|1\n|\n|t:|1699817852\n|-terastallize|p2a: Landorus|Flying\n|move|p2a: Landorus|Tera Blast|p1a: Appletun|[anim] Tera Blast Flying\n|-supereffective|p1a: Appletun\n|-damage|p1a: Appletun|0 fnt\n|faint|p1a: Appletun\n|move|p1b: Gliscor|Wing Attack|p2b: Iron Hands\n|-damage|p2b: Iron Hands|90\/100\n|move|p2b: Iron Hands|Volt Switch|p1b: Gliscor\n|-immune|p1b: Gliscor\n|\n|-status|p1b: Gliscor|tox|[from] item: Toxic Orb\n|upkeep\n|\n|t:|1699817868\n|switch|p1a: Bronzong|Bronzong, L50|100\/100\n|turn|2\n|\n|t:|1699817891\n|-end|p2b: Iron Hands|Quark Drive|[silent]\n|switch|p2b: Ogerpon|Ogerpon-Wellspring, L50, F|100\/100\n|move|p2a: Landorus|Tera Blast|p1a: Bronzong|[anim] Tera Blast Flying\n|-resisted|p1a: Bronzong\n|-damage|p1a: Bronzong|76\/100\n|move|p1b: Gliscor|Poison Jab|p2a: Landorus\n|-damage|p2a: Landorus|83\/100\n|move|p1a: Bronzong|Trick Room|p1a: Bronzong\n|-fieldstart|move: Trick Room|[of] p1a: Bronzong\n|\n|upkeep\n|turn|3\n|\n|t:|1699817920\n|move|p1a: Bronzong|Ice Spinner|p2a: Landorus\n|-supereffective|p2a: Landorus\n|-damage|p2a: Landorus|35\/100\n|move|p1b: Gliscor|Poison Jab|p2b: Ogerpon\n|-supereffective|p2b: Ogerpon\n|-damage|p2b: Ogerpon|66\/100\n|move|p2b: Ogerpon|Ivy Cudgel|p1b: Gliscor\n|-supereffective|p1b: Gliscor\n|-damage|p1b: Gliscor|12\/100 tox\n|move|p2a: Landorus|Tera Blast|p1b: Gliscor|[anim] Tera Blast Flying\n|-damage|p1b: Gliscor|0 fnt\n|faint|p1b: Gliscor\n|\n|upkeep\n|\n|t:|1699817931\n|switch|p1b: Snorlax|Snorlax, L50, M|100\/100\n|turn|4\n|\n|t:|1699817954\n|-terastallize|p1b: Snorlax|Water\n|move|p1b: Snorlax|Belly Drum|p1b: Snorlax\n|-damage|p1b: Snorlax|50\/100\n|-setboost|p1b: Snorlax|atk|6|[from] move: Belly Drum\n|-enditem|p1b: Snorlax|Sitrus Berry|[eat]\n|-heal|p1b: Snorlax|75\/100|[from] item: Sitrus Berry\n|move|p1a: Bronzong|Reflect|p1a: Bronzong\n|-sidestart|p1: Avenger_B|Reflect\n|move|p2b: Ogerpon|Swords Dance|p2b: Ogerpon\n|-boost|p2b: Ogerpon|atk|2\n|move|p2a: Landorus|Tera Blast|p1b: Snorlax|[anim] Tera Blast Flying\n|-damage|p1b: Snorlax|48\/100\n|\n|upkeep\n|turn|5\n|\n|t:|1699817984\n|switch|p2a: Iron Hands|Iron Hands, L50|90\/100\n|move|p1b: Snorlax|Body Slam|p2b: Ogerpon\n|-damage|p2b: Ogerpon|0 fnt\n|faint|p2b: Ogerpon\n|move|p1a: Bronzong|Ice Spinner|p2a: Iron Hands\n|-damage|p2a: Iron Hands|78\/100\n|\n|upkeep\n|\n|t:|1699817992\n|switch|p2b: Amoonguss|Amoonguss, L50, M|100\/100\n|turn|6\n|\n|t:|1699818009\n|move|p1b: Snorlax|Protect|p1b: Snorlax\n|-singleturn|p1b: Snorlax|Protect\n|move|p2a: Iron Hands|Fake Out|p1b: Snorlax\n|-activate|p1b: Snorlax|move: Protect\n|move|p2b: Amoonguss|Spore|p1b: Snorlax\n|-activate|p1b: Snorlax|move: Protect\n|move|p1a: Bronzong|Ice Spinner|p2b: Amoonguss\n|-supereffective|p2b: Amoonguss\n|-damage|p2b: Amoonguss|57\/100\n|\n|-heal|p2b: Amoonguss|63\/100|[from] item: Leftovers\n|-fieldend|move: Trick Room\n|upkeep\n|turn|7\n|\n|t:|1699818037\n|move|p2a: Iron Hands|Volt Switch|p1b: Snorlax\n|-supereffective|p1b: Snorlax\n|-damage|p1b: Snorlax|30\/100\n|\n|t:|1699818051\n|-end|p2a: Iron Hands|Quark Drive|[silent]\n|switch|p2a: Landorus|Landorus-Therian, L50, M, tera:Flying|35\/100|[from] Volt Switch\n|-ability|p2a: Landorus|Intimidate|boost\n|-unboost|p1a: Bronzong|atk|1\n|-unboost|p1b: Snorlax|atk|1\n|move|p1a: Bronzong|Ice Spinner|p2b: Amoonguss\n|-supereffective|p2b: Amoonguss\n|-damage|p2b: Amoonguss|33\/100\n|-status|p1a: Bronzong|par|[from] ability: Effect Spore|[of] p2b: Amoonguss\n|move|p2b: Amoonguss|Spore||[still]\n|-fail|p2b: Amoonguss\n|move|p1b: Snorlax|Earthquake|p2a: Landorus|[spread] p2b\n|-immune|p1a: Bronzong|[from] ability: Levitate\n|-immune|p2a: Landorus\n|-damage|p2b: Amoonguss|0 fnt\n|faint|p2b: Amoonguss\n|\n|upkeep\n|\n|t:|1699818067\n|switch|p2b: Iron Hands|Iron Hands, L50|78\/100\n|turn|8\n|\n|t:|1699818092\n|move|p1b: Snorlax|Protect|p1b: Snorlax\n|-singleturn|p1b: Snorlax|Protect\n|move|p2b: Iron Hands|Fake Out|p1b: Snorlax\n|-activate|p1b: Snorlax|move: Protect\n|move|p2a: Landorus|Rock Slide|p1a: Bronzong|[spread] p1a\n|-activate|p1b: Snorlax|move: Protect\n|-resisted|p1a: Bronzong\n|-damage|p1a: Bronzong|70\/100 par\n|move|p1a: Bronzong|Ice Spinner|p2a: Landorus\n|-supereffective|p2a: Landorus\n|-damage|p2a: Landorus|5\/100\n|\n|upkeep\n|turn|9\n|\n|t:|1699818121\n|move|p2a: Landorus|Rock Slide|p1a: Bronzong|[spread] p1a,p1b\n|-resisted|p1a: Bronzong\n|-damage|p1a: Bronzong|64\/100 par\n|-damage|p1b: Snorlax|20\/100\n|move|p2b: Iron Hands|Drain Punch|p1a: Bronzong\n|-damage|p1a: Bronzong|39\/100 par\n|-heal|p2b: Iron Hands|86\/100|[from] drain|[of] p1a: Bronzong\n|cant|p1b: Snorlax|flinch\n|move|p1a: Bronzong|Trick Room|p1a: Bronzong\n|-fieldstart|move: Trick Room|[of] p1a: Bronzong\n|\n|upkeep\n|turn|10\n|\n|t:|1699818137\n|move|p1a: Bronzong|Ice Spinner|p2b: Iron Hands\n|-damage|p2b: Iron Hands|77\/100\n|move|p1b: Snorlax|Body Slam|p2a: Landorus\n|-crit|p2a: Landorus\n|-damage|p2a: Landorus|0 fnt\n|faint|p2a: Landorus\n|move|p2b: Iron Hands|Volt Switch|p1b: Snorlax\n|-supereffective|p1b: Snorlax\n|-damage|p1b: Snorlax|1\/100\n|\n|upkeep\n|turn|11\n|\n|t:|1699818154\n|move|p1a: Bronzong|Ice Spinner|p2b: Iron Hands\n|-damage|p2b: Iron Hands|69\/100\n|move|p1b: Snorlax|Earthquake|p2b: Iron Hands|[spread] p2b\n|-immune|p1a: Bronzong|[from] ability: Levitate\n|-supereffective|p2b: Iron Hands\n|-damage|p2b: Iron Hands|0 fnt\n|faint|p2b: Iron Hands\n|-end|p2b: Iron Hands|Quark Drive|[silent]\n|\n|win|Avenger_B\n|raw|Avenger_B's rating: 1000 &rarr; <strong>1041<\/strong><br \/>(+41 for winning)\n|raw|RileyBrielle's rating: 1013 &rarr; <strong>1001<\/strong><br \/>(-12 for losing)\n|l|\u2606RileyBrielle\n","uploadtime":1699818171,"views":8,"p1id":"avengerb","p2id":"rileybrielle","formatid":"gen9vgc2023regulatione","rating":1001,"private":0,"password":""}