{"id":"gen9vgc2023regulatione-1988514336","p1":"JDubStep99","p2":"Vengeful potato","format":"[Gen 9] VGC 2023 Regulation E","log":"|j|\u2606JDubStep99\n|j|\u2606Vengeful potato\n|t:|1699731086\n|gametype|doubles\n|player|p1|JDubStep99|1|1322\n|player|p2|Vengeful potato|swimmer|1385\n|teamsize|p1|6\n|teamsize|p2|5\n|gen|9\n|tier|[Gen 9] VGC 2023 Regulation E\n|rated|\n|rule|Species Clause: Limit one of each Pok\u00e9mon\n|rule|Item Clause: Limit one of each item\n|clearpoke\n|poke|p1|Hatterene, L50, F|\n|poke|p1|Sinistcha, L50|\n|poke|p1|Armarouge, L50, F|\n|poke|p1|Indeedee-F, L50, F|\n|poke|p1|Torkoal, L50, F|\n|poke|p1|Lilligant-Hisui, L50, F|\n|poke|p2|Articuno-Galar, L50|\n|poke|p2|Maushold, L50|\n|poke|p2|Decidueye-Hisui, L50, M|\n|poke|p2|Stonjourner, L50, F|\n|poke|p2|Regidrago, L50|\n|teampreview|4\n|\n|t:|1699731135\n|start\n|switch|p1a: Armarouge|Armarouge, L50, F|100\/100\n|switch|p1b: Indeedee|Indeedee-F, L50, F|100\/100\n|switch|p2a: THE DRAGON BALL\ud83e\udd76|Regidrago, L50, shiny|100\/100\n|switch|p2b: Best Rock|Stonjourner, L50, F, shiny|100\/100\n|-fieldstart|move: Psychic Terrain|[from] ability: Psychic Surge|[of] p1b: Indeedee\n|-enditem|p1b: Indeedee|Psychic Seed\n|-boost|p1b: Indeedee|spd|1|[from] item: Psychic Seed\n|turn|1\n|\n|t:|1699731145\n|move|p1a: Armarouge|Wide Guard|p1a: Armarouge\n|-singleturn|p1a: Armarouge|Wide Guard\n|move|p2a: THE DRAGON BALL\ud83e\udd76|Dragon Energy|p1b: Indeedee|[spread] \n|-activate|p1a: Armarouge|move: Wide Guard\n|-activate|p1b: Indeedee|move: Wide Guard\n|move|p2b: Best Rock|Rock Slide|p1b: Indeedee|[spread] \n|-activate|p1a: Armarouge|move: Wide Guard\n|-activate|p1b: Indeedee|move: Wide Guard\n|move|p1b: Indeedee|Trick Room|p1b: Indeedee\n|-fieldstart|move: Trick Room|[of] p1b: Indeedee\n|\n|upkeep\n|turn|2\n|\n|t:|1699731164\n|switch|p2a: The Rizzler\ud83d\ude31\ud83d\udcaf\ud83d\udde3\ufe0f|Articuno-Galar, L50, shiny|100\/100\n|-terastallize|p1a: Armarouge|Grass\n|move|p1b: Indeedee|Helping Hand|p1a: Armarouge\n|-singleturn|p1a: Armarouge|Helping Hand|[of] p1b: Indeedee\n|move|p2b: Best Rock|Wide Guard|p2b: Best Rock\n|-singleturn|p2b: Best Rock|Wide Guard\n|move|p1a: Armarouge|Expanding Force|p2a: The Rizzler\ud83d\ude31\ud83d\udcaf\ud83d\udde3\ufe0f|[spread] \n|-activate|p2a: The Rizzler\ud83d\ude31\ud83d\udcaf\ud83d\udde3\ufe0f|move: Wide Guard\n|-activate|p2b: Best Rock|move: Wide Guard\n|\n|upkeep\n|turn|3\n|\n|t:|1699731236\n|move|p1a: Armarouge|Wide Guard|p1a: Armarouge\n|-singleturn|p1a: Armarouge|Wide Guard\n|move|p2b: Best Rock|Rock Slide|p1b: Indeedee|[spread] \n|-activate|p1a: Armarouge|move: Wide Guard\n|-activate|p1b: Indeedee|move: Wide Guard\n|move|p1b: Indeedee|Trick Room|p1b: Indeedee\n|-fieldend|move: Trick Room\n|move|p2a: The Rizzler\ud83d\ude31\ud83d\udcaf\ud83d\udde3\ufe0f|Trick Room|p2a: The Rizzler\ud83d\ude31\ud83d\udcaf\ud83d\udde3\ufe0f\n|-fieldstart|move: Trick Room|[of] p2a: The Rizzler\ud83d\ude31\ud83d\udcaf\ud83d\udde3\ufe0f\n|\n|upkeep\n|turn|4\n|\n|t:|1699731260\n|move|p1b: Indeedee|Helping Hand|p1a: Armarouge\n|-singleturn|p1a: Armarouge|Helping Hand|[of] p1b: Indeedee\n|move|p2b: Best Rock|Wide Guard|p2b: Best Rock\n|-singleturn|p2b: Best Rock|Wide Guard\n|move|p1a: Armarouge|Expanding Force|p2b: Best Rock|[spread] \n|-activate|p2a: The Rizzler\ud83d\ude31\ud83d\udcaf\ud83d\udde3\ufe0f|move: Wide Guard\n|-activate|p2b: Best Rock|move: Wide Guard\n|move|p2a: The Rizzler\ud83d\ude31\ud83d\udcaf\ud83d\udde3\ufe0f|Air Slash|p1a: Armarouge\n|-supereffective|p1a: Armarouge\n|-damage|p1a: Armarouge|0 fnt\n|faint|p1a: Armarouge\n|\n|upkeep\n|\n|t:|1699731269\n|switch|p1a: Torkoal|Torkoal, L50, F|100\/100\n|-weather|SunnyDay|[from] ability: Drought|[of] p1a: Torkoal\n|turn|5\n|\n|t:|1699731282\n|move|p1a: Torkoal|Earth Power|p2b: Best Rock\n|-supereffective|p2b: Best Rock\n|-damage|p2b: Best Rock|0 fnt\n|faint|p2b: Best Rock\n|move|p2a: The Rizzler\ud83d\ude31\ud83d\udcaf\ud83d\udde3\ufe0f|Freezing Glare|p1a: Torkoal\n|-damage|p1a: Torkoal|48\/100\n|move|p1b: Indeedee|Trick Room|p1b: Indeedee\n|-fieldend|move: Trick Room\n|\n|-weather|SunnyDay|[upkeep]\n|-fieldend|move: Psychic Terrain\n|upkeep\n|\n|t:|1699731290\n|switch|p2b: THE DRAGON BALL\ud83e\udd76|Regidrago, L50, shiny|100\/100\n|turn|6\n|-message|JDubStep99 forfeited.\n|\n|win|Vengeful potato\n|raw|JDubStep99's rating: 1322 &rarr; <strong>1306<\/strong><br \/>(-16 for losing)\n|raw|Vengeful potato's rating: 1385 &rarr; <strong>1401<\/strong><br \/>(+16 for winning)\n|l|\u2606JDubStep99\n","uploadtime":1699731310,"views":15,"p1id":"jdubstep99","p2id":"vengefulpotato","formatid":"gen9vgc2023regulatione","rating":1306,"private":0,"password":""}