{"id":"gen9vgc2023regulatione-2000035233","p1":"Lynnnnnnnnn","p2":"5Sscreen","format":"[Gen 9] VGC 2023 Regulation E","log":"|j|\u2606Lynnnnnnnnn\n|j|\u26065Sscreen\n|t:|1701144019\n|gametype|doubles\n|player|p1|Lynnnnnnnnn|hiker-gen4|1278\n|player|p2|5Sscreen|pokekid|1351\n|teamsize|p1|6\n|teamsize|p2|6\n|gen|9\n|tier|[Gen 9] VGC 2023 Regulation E\n|rated|\n|rule|Species Clause: Limit one of each Pok\u00e9mon\n|rule|Item Clause: Limit one of each item\n|clearpoke\n|poke|p1|Iron Hands, L50|\n|poke|p1|Chien-Pao, L50|\n|poke|p1|Arcanine-Hisui, L50, F|\n|poke|p1|Urshifu-*, L50, F|\n|poke|p1|Amoonguss, L50, M|\n|poke|p1|Tornadus, L50, M|\n|poke|p2|Annihilape, L50, M|\n|poke|p2|Sinistcha, L50|\n|poke|p2|Grimmsnarl, L50, M|\n|poke|p2|Landorus-Therian, L50, M|\n|poke|p2|Bellibolt, L50, M|\n|poke|p2|Corviknight, L50, M|\n|teampreview|4\n|inactive|Battle timer is ON: inactive players will automatically lose when time's up. (requested by Lynnnnnnnnn)\n|inactive|Lynnnnnnnnn has 60 seconds left.\n|inactive|Lynnnnnnnnn has 30 seconds left.\n|\n|t:|1701144082\n|start\n|switch|p1a: Tornadus|Tornadus, L50, M|100\/100\n|switch|p1b: Urshifu|Urshifu-Rapid-Strike, L50, F|100\/100\n|switch|p2a: Grimmsnarl|Grimmsnarl, L50, M, shiny|100\/100\n|switch|p2b: Annihilape|Annihilape, L50, M|100\/100\n|turn|1\n|inactive|5Sscreen has 30 seconds left.\n|inactive|5Sscreen has 20 seconds left.\n|inactive|5Sscreen has 15 seconds left.\n|\n|t:|1701144124\n|move|p1b: Urshifu|Detect|p1b: Urshifu\n|-singleturn|p1b: Urshifu|Protect\n|move|p2a: Grimmsnarl|Light Screen|p2a: Grimmsnarl\n|-sidestart|p2: 5Sscreen|move: Light Screen\n|move|p1a: Tornadus|Bleakwind Storm|p2b: Annihilape|[spread] p2b\n|-miss|p1a: Tornadus|p2a: Grimmsnarl\n|-supereffective|p2b: Annihilape\n|-damage|p2b: Annihilape|50\/100\n|move|p2b: Annihilape|Rage Fist|p1b: Urshifu\n|-activate|p1b: Urshifu|move: Protect\n|\n|-heal|p2b: Annihilape|57\/100|[from] item: Leftovers\n|upkeep\n|turn|2\n|inactive|5Sscreen has 30 seconds left.\n|\n|t:|1701144152\n|switch|p2b: Bellibolt|Bellibolt, L50, M, shiny|100\/100\n|move|p1a: Tornadus|Tailwind|p1a: Tornadus\n|-sidestart|p1: Lynnnnnnnnn|move: Tailwind\n|move|p2a: Grimmsnarl|Parting Shot|p1b: Urshifu\n|-unboost|p1b: Urshifu|atk|1\n|-unboost|p1b: Urshifu|spa|1\n|\n|t:|1701144160\n|switch|p2a: Annihilape|Annihilape, L50, M|57\/100|[from] Parting Shot\n|move|p1b: Urshifu|Surging Strikes|p2a: Annihilape\n|-crit|p2a: Annihilape\n|-damage|p2a: Annihilape|32\/100\n|-crit|p2a: Annihilape\n|-damage|p2a: Annihilape|4\/100\n|-crit|p2a: Annihilape\n|-damage|p2a: Annihilape|0 fnt\n|faint|p2a: Annihilape\n|-hitcount|p2: Annihilape|3\n|\n|upkeep\n|\n|t:|1701144173\n|switch|p2a: Grimmsnarl|Grimmsnarl, L50, M, shiny|100\/100\n|turn|3\n|\n|t:|1701144187\n|-terastallize|p2b: Bellibolt|Water\n|move|p1a: Tornadus|Rain Dance|p1a: Tornadus\n|-weather|RainDance\n|move|p2a: Grimmsnarl|Parting Shot|p1a: Tornadus\n|-unboost|p1a: Tornadus|atk|1\n|-unboost|p1a: Tornadus|spa|1\n|\n|t:|1701144192\n|switch|p2a: Landorus|Landorus-Therian, L50, M|100\/100|[from] Parting Shot\n|-ability|p2a: Landorus|Intimidate|boost\n|-unboost|p1a: Tornadus|atk|1\n|-unboost|p1b: Urshifu|atk|1\n|move|p1b: Urshifu|Surging Strikes|p2b: Bellibolt\n|-resisted|p2b: Bellibolt\n|-crit|p2b: Bellibolt\n|-damage|p2b: Bellibolt|87\/100\n|-start|p2b: Bellibolt|Charge|Surging Strikes|[from] ability: Electromorphosis\n|-resisted|p2b: Bellibolt\n|-crit|p2b: Bellibolt\n|-damage|p2b: Bellibolt|71\/100\n|-start|p2b: Bellibolt|Charge|Surging Strikes|[from] ability: Electromorphosis\n|-resisted|p2b: Bellibolt\n|-crit|p2b: Bellibolt\n|-damage|p2b: Bellibolt|56\/100\n|-start|p2b: Bellibolt|Charge|Surging Strikes|[from] ability: Electromorphosis\n|-hitcount|p2b: Bellibolt|3\n|move|p2b: Bellibolt|Parabolic Charge|p1a: Tornadus|[spread] p1a,p1b\n|-immune|p2a: Landorus\n|-supereffective|p1a: Tornadus\n|-supereffective|p1b: Urshifu\n|-damage|p1a: Tornadus|0 fnt\n|-heal|p2b: Bellibolt|92\/100|[from] drain|[of] p1a: Tornadus\n|-damage|p1b: Urshifu|7\/100\n|-heal|p2b: Bellibolt|100\/100|[from] drain|[of] p1b: Urshifu\n|faint|p1a: Tornadus\n|-end|p2b: Bellibolt|Charge|[silent]\n|\n|-weather|RainDance|[upkeep]\n|upkeep\n|inactive|Lynnnnnnnnn has 30 seconds left.\n|\n|t:|1701144223\n|switch|p1a: Chien-Pao|Chien-Pao, L50|100\/100\n|-ability|p1a: Chien-Pao|Sword of Ruin\n|turn|4\n|\n|t:|1701144232\n|switch|p2a: Grimmsnarl|Grimmsnarl, L50, M, shiny|100\/100\n|move|p1b: Urshifu|Detect|p1b: Urshifu\n|-singleturn|p1b: Urshifu|Protect\n|move|p1a: Chien-Pao|Ice Spinner|p2a: Grimmsnarl\n|-damage|p2a: Grimmsnarl|36\/100\n|move|p2b: Bellibolt|Parabolic Charge|p1a: Chien-Pao|[spread] p2a,p1a\n|-activate|p1b: Urshifu|move: Protect\n|-damage|p2a: Grimmsnarl|25\/100\n|-damage|p1a: Chien-Pao|69\/100\n|\n|-weather|RainDance|[upkeep]\n|upkeep\n|turn|5\n|\n|t:|1701144250\n|move|p2a: Grimmsnarl|Reflect|p2a: Grimmsnarl\n|-sidestart|p2: 5Sscreen|Reflect\n|move|p1a: Chien-Pao|Sacred Sword|p2b: Bellibolt\n|-damage|p2b: Bellibolt|78\/100\n|-start|p2b: Bellibolt|Charge|Sacred Sword|[from] ability: Electromorphosis\n|move|p1b: Urshifu|Close Combat|p2b: Bellibolt\n|-damage|p2b: Bellibolt|54\/100\n|-unboost|p1b: Urshifu|def|1\n|-unboost|p1b: Urshifu|spd|1\n|-start|p2b: Bellibolt|Charge|Close Combat|[from] ability: Electromorphosis\n|move|p2b: Bellibolt|Parabolic Charge|p1a: Chien-Pao|[spread] p2a,p1a,p1b\n|-crit|p1a: Chien-Pao\n|-supereffective|p1b: Urshifu\n|-damage|p2a: Grimmsnarl|5\/100\n|-heal|p2b: Bellibolt|63\/100|[from] drain|[of] p2a: Grimmsnarl\n|-damage|p1a: Chien-Pao|0 fnt\n|-heal|p2b: Bellibolt|88\/100|[from] drain|[of] p1a: Chien-Pao\n|-damage|p1b: Urshifu|0 fnt\n|-heal|p2b: Bellibolt|91\/100|[from] drain|[of] p1b: Urshifu\n|faint|p1a: Chien-Pao\n|faint|p1b: Urshifu\n|-end|p2b: Bellibolt|Charge|[silent]\n|\n|-weather|RainDance|[upkeep]\n|-sideend|p1: Lynnnnnnnnn|move: Tailwind\n|upkeep\n|-message|Lynnnnnnnnn forfeited.\n|\n|win|5Sscreen\n|raw|Lynnnnnnnnn's rating: 1278 &rarr; <strong>1258<\/strong><br \/>(-20 for losing)\n|raw|5Sscreen's rating: 1351 &rarr; <strong>1367<\/strong><br \/>(+16 for winning)\n|l|\u2606Lynnnnnnnnn\n","uploadtime":1701144274,"views":22,"p1id":"lynnnnnnnnn","p2id":"5sscreen","formatid":"gen9vgc2023regulatione","rating":1258,"private":0,"password":""}