{"id":"gen9vgc2023regulatione-1991392057","p1":"Glitzky","p2":"roykeenkennedy","format":"[Gen 9] VGC 2023 Regulation E","log":"|j|\u2606Glitzky\n|j|\u2606roykeenkennedy\n|t:|1700073252\n|gametype|doubles\n|player|p1|Glitzky|fisherman-gen4|1469\n|player|p2|roykeenkennedy|alder|1605\n|teamsize|p1|6\n|teamsize|p2|6\n|gen|9\n|tier|[Gen 9] VGC 2023 Regulation E\n|rated|\n|rule|Species Clause: Limit one of each Pok\u00e9mon\n|rule|Item Clause: Limit one of each item\n|clearpoke\n|poke|p1|Arcanine-Hisui, L50, F|\n|poke|p1|Tornadus, L50, M|\n|poke|p1|Urshifu-*, L50, M|\n|poke|p1|Iron Hands, L50|\n|poke|p1|Flutter Mane, L50|\n|poke|p1|Chien-Pao, L50|\n|poke|p2|Weezing, L50, F|\n|poke|p2|Landorus-Therian, L50, M|\n|poke|p2|Chi-Yu, L50|\n|poke|p2|Roaring Moon, L50|\n|poke|p2|Rillaboom, L50, M|\n|poke|p2|Zapdos-Galar, L50|\n|teampreview|4\n|inactive|Battle timer is ON: inactive players will automatically lose when time's up. (requested by Glitzky)\n|inactive|Glitzky has 60 seconds left.\n|inactive|roykeenkennedy has 60 seconds left.\n|\n|t:|1700073290\n|start\n|switch|p1a: Iron Hands|Iron Hands, L50|100\/100\n|switch|p1b: Urshifu|Urshifu-Rapid-Strike, L50, M|100\/100\n|switch|p2a: Weezing|Weezing, L50, F|100\/100\n|switch|p2b: Roaring Moon|Roaring Moon, L50|100\/100\n|-ability|p2a: Weezing|Neutralizing Gas\n|-enditem|p2b: Roaring Moon|Booster Energy\n|-activate|p2b: Roaring Moon|ability: Protosynthesis|[fromitem]\n|-start|p2b: Roaring Moon|protosynthesisspe\n|turn|1\n|\n|t:|1700073306\n|-terastallize|p1b: Urshifu|Water\n|move|p2b: Roaring Moon|Protect|p2b: Roaring Moon\n|-singleturn|p2b: Roaring Moon|Protect\n|move|p2a: Weezing|Protect|p2a: Weezing\n|-singleturn|p2a: Weezing|Protect\n|move|p1a: Iron Hands|Fake Out|p2b: Roaring Moon\n|-activate|p2b: Roaring Moon|move: Protect\n|move|p1b: Urshifu|Surging Strikes|p2b: Roaring Moon\n|-activate|p2b: Roaring Moon|move: Protect\n|\n|upkeep\n|turn|2\n|inactive|roykeenkennedy has 30 seconds left.\n|inactive|roykeenkennedy has 20 seconds left.\n|\n|t:|1700073341\n|move|p2b: Roaring Moon|Tailwind|p2b: Roaring Moon\n|-sidestart|p2: roykeenkennedy|move: Tailwind\n|move|p1b: Urshifu|Surging Strikes|p2b: Roaring Moon\n|-resisted|p2b: Roaring Moon\n|-crit|p2b: Roaring Moon\n|-damage|p2b: Roaring Moon|84\/100\n|-resisted|p2b: Roaring Moon\n|-crit|p2b: Roaring Moon\n|-damage|p2b: Roaring Moon|68\/100\n|-resisted|p2b: Roaring Moon\n|-crit|p2b: Roaring Moon\n|-damage|p2b: Roaring Moon|52\/100\n|-hitcount|p2b: Roaring Moon|3\n|move|p2a: Weezing|Will-O-Wisp|p1a: Iron Hands\n|-status|p1a: Iron Hands|brn\n|move|p1a: Iron Hands|Drain Punch|p2b: Roaring Moon\n|-supereffective|p2b: Roaring Moon\n|-damage|p2b: Roaring Moon|8\/100\n|\n|-damage|p1a: Iron Hands|95\/100 brn|[from] brn\n|upkeep\n|turn|3\n|inactive|roykeenkennedy has 30 seconds left.\n|\n|t:|1700073370\n|-end|p1a: Iron Hands|Quark Drive|[silent]\n|switch|p1a: Arcanine|Arcanine-Hisui, L50, F|100\/100\n|move|p2b: Roaring Moon|Breaking Swipe|p1b: Urshifu|[spread] p1a,p1b\n|-damage|p1a: Arcanine|72\/100\n|-damage|p1b: Urshifu|80\/100\n|-unboost|p1a: Arcanine|atk|1\n|-unboost|p1b: Urshifu|atk|1\n|move|p1b: Urshifu|Surging Strikes|p2a: Weezing\n|-crit|p2a: Weezing\n|-damage|p2a: Weezing|78\/100\n|-crit|p2a: Weezing\n|-damage|p2a: Weezing|53\/100\n|-crit|p2a: Weezing\n|-damage|p2a: Weezing|31\/100\n|-hitcount|p2a: Weezing|3\n|move|p2a: Weezing|Will-O-Wisp|p1b: Urshifu|[miss]\n|-miss|p2a: Weezing|p1b: Urshifu\n|\n|-heal|p2a: Weezing|37\/100|[from] item: Leftovers\n|upkeep\n|turn|4\n|inactive|roykeenkennedy has 30 seconds left.\n|\n|t:|1700073402\n|move|p2a: Weezing|Protect|p2a: Weezing\n|-singleturn|p2a: Weezing|Protect\n|move|p1a: Arcanine|Extreme Speed|p2b: Roaring Moon\n|-damage|p2b: Roaring Moon|0 fnt\n|faint|p2b: Roaring Moon\n|-end|p2b: Roaring Moon|Protosynthesis|[silent]\n|move|p1b: Urshifu|Surging Strikes|p2a: Weezing\n|-activate|p2a: Weezing|move: Protect\n|\n|-heal|p2a: Weezing|43\/100|[from] item: Leftovers\n|upkeep\n|\n|t:|1700073417\n|switch|p2b: Landorus|Landorus-Therian, L50, M|100\/100\n|-ability|p2b: Landorus|Intimidate|boost\n|-unboost|p1a: Arcanine|atk|1\n|-unboost|p1b: Urshifu|atk|1\n|turn|5\n|\n|t:|1700073431\n|switch|p1a: Iron Hands|Iron Hands, L50|95\/100 brn\n|-terastallize|p2b: Landorus|Water\n|move|p2b: Landorus|Stomping Tantrum|p1a: Iron Hands\n|-supereffective|p1a: Iron Hands\n|-damage|p1a: Iron Hands|37\/100 brn\n|move|p1b: Urshifu|Surging Strikes|p2b: Landorus\n|-resisted|p2b: Landorus\n|-crit|p2b: Landorus\n|-damage|p2b: Landorus|87\/100\n|-resisted|p2b: Landorus\n|-crit|p2b: Landorus\n|-damage|p2b: Landorus|72\/100\n|-resisted|p2b: Landorus\n|-crit|p2b: Landorus\n|-damage|p2b: Landorus|59\/100\n|-hitcount|p2b: Landorus|3\n|move|p2a: Weezing|Will-O-Wisp|p1b: Urshifu\n|-status|p1b: Urshifu|brn\n|\n|-heal|p2a: Weezing|50\/100|[from] item: Leftovers\n|-damage|p1b: Urshifu|74\/100 brn|[from] brn\n|-damage|p1a: Iron Hands|31\/100 brn|[from] brn\n|-sideend|p2: roykeenkennedy|move: Tailwind\n|upkeep\n|turn|6\n|inactive|roykeenkennedy has 30 seconds left.\n|\n|t:|1700073458\n|move|p2b: Landorus|Protect|p2b: Landorus\n|-singleturn|p2b: Landorus|Protect\n|move|p2a: Weezing|Protect|p2a: Weezing\n|-singleturn|p2a: Weezing|Protect\n|move|p1b: Urshifu|Surging Strikes|p2a: Weezing\n|-activate|p2a: Weezing|move: Protect\n|move|p1a: Iron Hands|Wild Charge|p2b: Landorus\n|-activate|p2b: Landorus|move: Protect\n|\n|-heal|p2a: Weezing|56\/100|[from] item: Leftovers\n|-damage|p1b: Urshifu|68\/100 brn|[from] brn\n|-damage|p1a: Iron Hands|25\/100 brn|[from] brn\n|upkeep\n|turn|7\n|\n|t:|1700073475\n|move|p1b: Urshifu|Surging Strikes|p2a: Weezing\n|-crit|p2a: Weezing\n|-damage|p2a: Weezing|45\/100\n|-crit|p2a: Weezing\n|-damage|p2a: Weezing|34\/100\n|-crit|p2a: Weezing\n|-damage|p2a: Weezing|23\/100\n|-hitcount|p2a: Weezing|3\n|move|p2b: Landorus|Stomping Tantrum|p1a: Iron Hands\n|-supereffective|p1a: Iron Hands\n|-damage|p1a: Iron Hands|0 fnt\n|faint|p1a: Iron Hands\n|-end|p1a: Iron Hands|Quark Drive|[silent]\n|move|p2a: Weezing|Gunk Shot|p1b: Urshifu\n|-damage|p1b: Urshifu|32\/100 brn\n|\n|-heal|p2a: Weezing|29\/100|[from] item: Leftovers\n|-damage|p1b: Urshifu|26\/100 brn|[from] brn\n|upkeep\n|\n|t:|1700073485\n|switch|p1a: Flutter Mane|Flutter Mane, L50|100\/100\n|turn|8\n|\n|t:|1700073510\n|move|p2a: Weezing|Protect|p2a: Weezing\n|-singleturn|p2a: Weezing|Protect\n|move|p1b: Urshifu|Surging Strikes|p2a: Weezing\n|-activate|p2a: Weezing|move: Protect\n|move|p1a: Flutter Mane|Moonblast|p2b: Landorus\n|-damage|p2b: Landorus|0 fnt\n|faint|p2b: Landorus\n|\n|-heal|p2a: Weezing|35\/100|[from] item: Leftovers\n|-damage|p1b: Urshifu|19\/100 brn|[from] brn\n|upkeep\n|\n|t:|1700073523\n|switch|p2b: Zapdos|Zapdos-Galar, L50|100\/100\n|turn|9\n|\n|t:|1700073543\n|switch|p1b: Arcanine|Arcanine-Hisui, L50, F|72\/100\n|move|p2b: Zapdos|Brave Bird|p1a: Flutter Mane\n|-damage|p1a: Flutter Mane|0 fnt\n|faint|p1a: Flutter Mane\n|-end|p1a: Flutter Mane|Protosynthesis|[silent]\n|-damage|p2b: Zapdos|72\/100|[from] Recoil\n|move|p2a: Weezing|Gunk Shot|p1b: Arcanine|[miss]\n|-miss|p2a: Weezing|p1b: Arcanine\n|\n|-heal|p2a: Weezing|41\/100|[from] item: Leftovers\n|upkeep\n|\n|t:|1700073549\n|switch|p1a: Urshifu|Urshifu-Rapid-Strike, L50, M, tera:Water|19\/100 brn\n|turn|10\n|\n|t:|1700073568\n|move|p1a: Urshifu|Aqua Jet|p2b: Zapdos\n|-damage|p2b: Zapdos|54\/100\n|move|p2b: Zapdos|Brave Bird|p1a: Urshifu\n|-damage|p1a: Urshifu|0 fnt\n|faint|p1a: Urshifu\n|-damage|p2b: Zapdos|48\/100|[from] Recoil\n|move|p1b: Arcanine|Rock Slide|p2b: Zapdos|[spread] p2b\n|-miss|p1b: Arcanine|p2a: Weezing\n|-damage|p2b: Zapdos|0 fnt\n|faint|p2b: Zapdos\n|move|p2a: Weezing|Gunk Shot|p1b: Arcanine\n|-resisted|p1b: Arcanine\n|-damage|p1b: Arcanine|49\/100\n|\n|-heal|p2a: Weezing|48\/100|[from] item: Leftovers\n|upkeep\n|turn|11\n|\n|t:|1700073586\n|move|p2a: Weezing|Protect|p2a: Weezing\n|-singleturn|p2a: Weezing|Protect\n|move|p1b: Arcanine|Rock Slide|p2a: Weezing\n|-activate|p2a: Weezing|move: Protect\n|\n|-heal|p2a: Weezing|54\/100|[from] item: Leftovers\n|upkeep\n|turn|12\n|\n|t:|1700073596\n|move|p1b: Arcanine|Rock Slide|p2a: Weezing\n|-damage|p2a: Weezing|4\/100\n|move|p2a: Weezing|Gunk Shot|p1b: Arcanine\n|-resisted|p1b: Arcanine\n|-damage|p1b: Arcanine|27\/100\n|-status|p1b: Arcanine|psn\n|\n|-heal|p2a: Weezing|10\/100|[from] item: Leftovers\n|-damage|p1b: Arcanine|15\/100 psn|[from] psn\n|upkeep\n|turn|13\n|\n|t:|1700073607\n|move|p2a: Weezing|Protect|p2a: Weezing\n|-singleturn|p2a: Weezing|Protect\n|move|p1b: Arcanine|Rock Slide|p2a: Weezing\n|-activate|p2a: Weezing|move: Protect\n|\n|-heal|p2a: Weezing|16\/100|[from] item: Leftovers\n|-damage|p1b: Arcanine|3\/100 psn|[from] psn\n|upkeep\n|turn|14\n|\n|t:|1700073617\n|move|p2a: Weezing|Protect|p2a: Weezing\n|-singleturn|p2a: Weezing|Protect\n|move|p1b: Arcanine|Rock Slide|p2a: Weezing\n|-activate|p2a: Weezing|move: Protect\n|\n|-heal|p2a: Weezing|22\/100|[from] item: Leftovers\n|-damage|p1b: Arcanine|0 fnt|[from] psn\n|faint|p1b: Arcanine\n|\n|win|roykeenkennedy\n|upkeep\n|raw|Glitzky's rating: 1469 &rarr; <strong>1456<\/strong><br \/>(-13 for losing)\n|raw|roykeenkennedy's rating: 1605 &rarr; <strong>1618<\/strong><br \/>(+13 for winning)\n|l|\u2606roykeenkennedy\n","uploadtime":1700073652,"views":25,"p1id":"glitzky","p2id":"roykeenkennedy","formatid":"gen9vgc2023regulatione","rating":1456,"private":0,"password":""}