{"id":"gen9vgc2023regulatione-1999748486","p1":"whyismynamejeff","p2":"Lordry222","format":"[Gen 9] VGC 2023 Regulation E","log":"|j|\u2606whyismynamejeff\n|j|\u2606Lordry222\n|t:|1701113214\n|gametype|doubles\n|player|p1|whyismynamejeff|colress|1164\n|player|p2|Lordry222|steven|1233\n|teamsize|p1|6\n|teamsize|p2|6\n|gen|9\n|tier|[Gen 9] VGC 2023 Regulation E\n|rated|\n|rule|Species Clause: Limit one of each Pok\u00e9mon\n|rule|Item Clause: Limit one of each item\n|clearpoke\n|poke|p1|Farigiraf, L50, F|\n|poke|p1|Iron Hands, L50|\n|poke|p1|Urshifu-*, L50, M|\n|poke|p1|Chien-Pao, L50|\n|poke|p1|Tornadus, L50, M|\n|poke|p1|Flutter Mane, L50|\n|poke|p2|Arcanine-Hisui, L50, F|\n|poke|p2|Flutter Mane, L50|\n|poke|p2|Tornadus, L50, M|\n|poke|p2|Gholdengo, L50|\n|poke|p2|Rillaboom, L50, F|\n|poke|p2|Urshifu-*, L50, M|\n|teampreview|4\n|\n|t:|1701113261\n|start\n|switch|p1a: Clowdy Howdy|Tornadus, L50, M|100\/100\n|switch|p1b: Sparky Hariyama|Iron Hands, L50, shiny|100\/100\n|switch|p2a: Rillaboom|Rillaboom, L50, F|100\/100\n|switch|p2b: Gholdengo|Gholdengo, L50|100\/100\n|-fieldstart|move: Grassy Terrain|[from] ability: Grassy Surge|[of] p2a: Rillaboom\n|turn|1\n|\n|t:|1701113280\n|move|p2a: Rillaboom|Fake Out|p1b: Sparky Hariyama\n|-damage|p1b: Sparky Hariyama|90\/100\n|move|p1a: Clowdy Howdy|Tailwind|p1a: Clowdy Howdy\n|-sidestart|p1: whyismynamejeff|move: Tailwind\n|cant|p1b: Sparky Hariyama|flinch\n|move|p2b: Gholdengo|Nasty Plot|p2b: Gholdengo\n|-boost|p2b: Gholdengo|spa|2\n|\n|-heal|p1b: Sparky Hariyama|96\/100|[from] Grassy Terrain\n|upkeep\n|turn|2\n|\n|t:|1701113300\n|switch|p2a: Arcanine|Arcanine-Hisui, L50, F|100\/100\n|-ability|p2a: Arcanine|Intimidate|boost\n|-unboost|p1a: Clowdy Howdy|atk|1\n|-unboost|p1b: Sparky Hariyama|atk|1\n|move|p1a: Clowdy Howdy|Tailwind||[still]\n|-fail|p1a: Clowdy Howdy\n|move|p1b: Sparky Hariyama|Heavy Slam|p2b: Gholdengo\n|-resisted|p2b: Gholdengo\n|-damage|p2b: Gholdengo|86\/100\n|move|p2b: Gholdengo|Nasty Plot|p2b: Gholdengo\n|-boost|p2b: Gholdengo|spa|2\n|\n|-heal|p1b: Sparky Hariyama|100\/100|[from] Grassy Terrain\n|-heal|p2b: Gholdengo|92\/100|[from] Grassy Terrain\n|-heal|p2b: Gholdengo|98\/100|[from] item: Leftovers\n|upkeep\n|turn|3\n|c|\u2606whyismynamejeff|fuck\n|c|\u2606whyismynamejeff|wrong move\n|\n|t:|1701113324\n|move|p1a: Clowdy Howdy|Taunt|p2b: Gholdengo\n|-immune|p2b: Gholdengo|[from] ability: Good as Gold\n|move|p1b: Sparky Hariyama|Drain Punch|p2a: Arcanine\n|-supereffective|p2a: Arcanine\n|-damage|p2a: Arcanine|37\/100\n|move|p2a: Arcanine|Rock Slide|p1a: Clowdy Howdy|[spread] p1a,p1b\n|-supereffective|p1a: Clowdy Howdy\n|-resisted|p1b: Sparky Hariyama\n|-damage|p1a: Clowdy Howdy|0 fnt\n|-damage|p1b: Sparky Hariyama|87\/100\n|faint|p1a: Clowdy Howdy\n|move|p2b: Gholdengo|Nasty Plot|p2b: Gholdengo\n|-boost|p2b: Gholdengo|spa|2\n|\n|-heal|p1b: Sparky Hariyama|92\/100|[from] Grassy Terrain\n|-heal|p2a: Arcanine|43\/100|[from] Grassy Terrain\n|-heal|p2b: Gholdengo|100\/100|[from] Grassy Terrain\n|upkeep\n|\n|t:|1701113340\n|switch|p1a: Water Bear|Urshifu-Rapid-Strike, L50, M|100\/100\n|turn|4\n|\n|t:|1701113376\n|switch|p2a: Flutter Mane|Flutter Mane, L50|100\/100\n|-enditem|p2a: Flutter Mane|Booster Energy\n|-activate|p2a: Flutter Mane|ability: Protosynthesis|[fromitem]\n|-start|p2a: Flutter Mane|protosynthesisspa\n|move|p1a: Water Bear|Surging Strikes|p2b: Gholdengo\n|-crit|p2b: Gholdengo\n|-damage|p2b: Gholdengo|79\/100\n|-crit|p2b: Gholdengo\n|-damage|p2b: Gholdengo|57\/100\n|-crit|p2b: Gholdengo\n|-damage|p2b: Gholdengo|38\/100\n|-hitcount|p2b: Gholdengo|3\n|move|p1b: Sparky Hariyama|Drain Punch|p2a: Flutter Mane\n|-immune|p2a: Flutter Mane\n|move|p2b: Gholdengo|Make It Rain|p1a: Water Bear|[spread] p1a,p1b\n|-resisted|p1a: Water Bear\n|-resisted|p1b: Sparky Hariyama\n|-damage|p1a: Water Bear|0 fnt\n|-damage|p1b: Sparky Hariyama|45\/100\n|-unboost|p2b: Gholdengo|spa|1\n|faint|p1a: Water Bear\n|\n|-heal|p1b: Sparky Hariyama|51\/100|[from] Grassy Terrain\n|-heal|p2b: Gholdengo|44\/100|[from] Grassy Terrain\n|-heal|p2b: Gholdengo|50\/100|[from] item: Leftovers\n|-sideend|p1: whyismynamejeff|move: Tailwind\n|upkeep\n|\n|t:|1701113396\n|switch|p1a: Big Girafarig|Farigiraf, L50, F|100\/100\n|turn|5\n|\n|t:|1701113420\n|-terastallize|p2a: Flutter Mane|Fairy\n|move|p2a: Flutter Mane|Dazzling Gleam|p1a: Big Girafarig|[spread] p1a,p1b\n|-supereffective|p1b: Sparky Hariyama\n|-damage|p1a: Big Girafarig|48\/100\n|-damage|p1b: Sparky Hariyama|0 fnt\n|-enditem|p1a: Big Girafarig|Sitrus Berry|[eat]\n|-heal|p1a: Big Girafarig|73\/100|[from] item: Sitrus Berry\n|faint|p1b: Sparky Hariyama\n|-end|p1b: Sparky Hariyama|Quark Drive|[silent]\n|move|p2b: Gholdengo|Make It Rain|p1a: Big Girafarig\n|-damage|p1a: Big Girafarig|0 fnt\n|-unboost|p2b: Gholdengo|spa|1\n|faint|p1a: Big Girafarig\n|\n|win|Lordry222\n|raw|whyismynamejeff's rating: 1164 &rarr; <strong>1144<\/strong><br \/>(-20 for losing)\n|raw|Lordry222's rating: 1233 &rarr; <strong>1253<\/strong><br \/>(+20 for winning)\n","uploadtime":1701113440,"views":8,"p1id":"whyismynamejeff","p2id":"lordry222","formatid":"gen9vgc2023regulatione","rating":1144,"private":0,"password":""}