{"id":"gen9vgc2023regulatione-1993735936","p1":"superseriousboi","p2":"Felip_Obi","format":"[Gen 9] VGC 2023 Regulation E","log":"|j|\u2606superseriousboi\n|j|\u2606Felip_Obi\n|t:|1700351118\n|gametype|doubles\n|player|p1|superseriousboi|drayden|1367\n|player|p2|Felip_Obi|hilbert|1418\n|teamsize|p1|6\n|teamsize|p2|6\n|gen|9\n|tier|[Gen 9] VGC 2023 Regulation E\n|rated|\n|rule|Species Clause: Limit one of each Pok\u00e9mon\n|rule|Item Clause: Limit one of each item\n|clearpoke\n|poke|p1|Sinistcha-Masterpiece, L50|\n|poke|p1|Ursaluna-Bloodmoon, L50, M|\n|poke|p1|Iron Hands, L50|\n|poke|p1|Farigiraf, L50, F|\n|poke|p1|Kommo-o, L50, M|\n|poke|p1|Ogerpon-Cornerstone, L50, F|\n|poke|p2|Clefable, L50, F|\n|poke|p2|Murkrow, L50, M|\n|poke|p2|Quaquaval, L50, M|\n|poke|p2|Gholdengo, L50|\n|poke|p2|Dragonite, L50, M|\n|poke|p2|Regidrago, L50|\n|teampreview|4\n|inactive|Battle timer is ON: inactive players will automatically lose when time's up. (requested by superseriousboi)\n|\n|t:|1700351160\n|start\n|switch|p1a: Iron Hands|Iron Hands, L50|100\/100\n|switch|p1b: Sinistcha|Sinistcha-Masterpiece, L50|100\/100\n|switch|p2a: Regidrago|Regidrago, L50|100\/100\n|switch|p2b: Clefable|Clefable, L50, F|100\/100\n|turn|1\n|\n|t:|1700351180\n|-terastallize|p2a: Regidrago|Ghost\n|move|p2b: Clefable|Helping Hand|p2a: Regidrago\n|-singleturn|p2a: Regidrago|Helping Hand|[of] p2b: Clefable\n|move|p1a: Iron Hands|Fake Out|p2a: Regidrago\n|-immune|p2a: Regidrago\n|move|p2a: Regidrago|Dragon Energy|p1a: Iron Hands|[spread] p1a,p1b\n|-damage|p1a: Iron Hands|0 fnt\n|-damage|p1b: Sinistcha|0 fnt\n|faint|p1a: Iron Hands\n|-end|p1a: Iron Hands|Quark Drive|[silent]\n|faint|p1b: Sinistcha\n|\n|upkeep\n|\n|t:|1700351195\n|switch|p1b: Farigiraf|Farigiraf, L50, F|100\/100\n|switch|p1a: Ursaluna|Ursaluna-Bloodmoon, L50, M|100\/100\n|turn|2\n|c|\u2606superseriousboi|Well. Gg. Lol\n|inactive|superseriousboi has 30 seconds left.\n|c|\u2606Felip_Obi|Gg\n|\n|t:|1700351228\n|-terastallize|p1b: Farigiraf|Fairy\n|move|p2b: Clefable|Helping Hand|p2a: Regidrago\n|-singleturn|p2a: Regidrago|Helping Hand|[of] p2b: Clefable\n|move|p2a: Regidrago|Dragon Energy|p1a: Ursaluna|[spread] p1a\n|-immune|p1b: Farigiraf\n|-damage|p1a: Ursaluna|0 fnt\n|faint|p1a: Ursaluna\n|move|p1b: Farigiraf|Trick Room|p1b: Farigiraf\n|-fieldstart|move: Trick Room|[of] p1b: Farigiraf\n|\n|upkeep\n|turn|3\n|inactive|Felip_Obi has 30 seconds left.\n|\n|t:|1700351255\n|switch|p2a: Murkrow|Murkrow, L50, M|100\/100\n|move|p2b: Clefable|Moonblast|p1b: Farigiraf\n|-damage|p1b: Farigiraf|74\/100\n|move|p1b: Farigiraf|Dazzling Gleam|p2b: Clefable|[spread] p2a,p2b\n|-supereffective|p2a: Murkrow\n|-damage|p2a: Murkrow|51\/100\n|-damage|p2b: Clefable|80\/100\n|\n|upkeep\n|turn|4\n|inactive|Felip_Obi has 30 seconds left.\n|\n|t:|1700351282\n|move|p2b: Clefable|Moonblast|p1b: Farigiraf\n|-damage|p1b: Farigiraf|46\/100\n|-unboost|p1b: Farigiraf|spa|1\n|move|p1b: Farigiraf|Dazzling Gleam|p2a: Murkrow|[spread] p2a,p2b\n|-supereffective|p2a: Murkrow\n|-damage|p2a: Murkrow|16\/100\n|-damage|p2b: Clefable|62\/100\n|move|p2a: Murkrow|Foul Play|p1b: Farigiraf\n|-resisted|p1b: Farigiraf\n|-damage|p1b: Farigiraf|36\/100\n|\n|upkeep\n|turn|5\n|\n|t:|1700351296\n|move|p2b: Clefable|Moonblast|p1b: Farigiraf\n|-damage|p1b: Farigiraf|9\/100\n|-unboost|p1b: Farigiraf|spa|1\n|-enditem|p1b: Farigiraf|Aguav Berry|[eat]\n|-heal|p1b: Farigiraf|42\/100|[from] item: Aguav Berry\n|move|p1b: Farigiraf|Dazzling Gleam|p2a: Murkrow|[spread] p2a,p2b\n|-supereffective|p2a: Murkrow\n|-damage|p2a: Murkrow|0 fnt\n|-damage|p2b: Clefable|41\/100\n|faint|p2a: Murkrow\n|\n|upkeep\n|\n|t:|1700351307\n|switch|p2a: Gholdengo|Gholdengo, L50|100\/100\n|turn|6\n|\n|t:|1700351330\n|move|p2b: Clefable|Follow Me|p2b: Clefable\n|-singleturn|p2b: Clefable|move: Follow Me\n|move|p1b: Farigiraf|Dazzling Gleam|p2b: Clefable|[spread] p2a,p2b\n|-resisted|p2a: Gholdengo\n|-damage|p2a: Gholdengo|95\/100\n|-damage|p2b: Clefable|23\/100\n|move|p2a: Gholdengo|Make It Rain|p1b: Farigiraf\n|-supereffective|p1b: Farigiraf\n|-damage|p1b: Farigiraf|0 fnt\n|-unboost|p2a: Gholdengo|spa|1\n|faint|p1b: Farigiraf\n|\n|win|Felip_Obi\n|raw|superseriousboi's rating: 1367 &rarr; <strong>1350<\/strong><br \/>(-17 for losing)\n|raw|Felip_Obi's rating: 1418 &rarr; <strong>1435<\/strong><br \/>(+17 for winning)\n|l|\u2606superseriousboi\n","uploadtime":1700351350,"views":11,"p1id":"superseriousboi","p2id":"felipobi","formatid":"gen9vgc2023regulatione","rating":1350,"private":0,"password":""}