{"id":"gen9vgc2023regulatione-1990949877","p1":"GiBy0520","p2":"awkwardwolfe","format":"[Gen 9] VGC 2023 Regulation E","log":"|j|\u2606GiBy0520\n|j|\u2606awkwardwolfe\n|t:|1700018733\n|gametype|doubles\n|player|p1|GiBy0520|steven|1172\n|player|p2|awkwardwolfe|colress|1148\n|teamsize|p1|6\n|teamsize|p2|6\n|gen|9\n|tier|[Gen 9] VGC 2023 Regulation E\n|rated|\n|rule|Species Clause: Limit one of each Pok\u00e9mon\n|rule|Item Clause: Limit one of each item\n|clearpoke\n|poke|p1|Tornadus, L50, M|\n|poke|p1|Urshifu-*, L50, F|\n|poke|p1|Chien-Pao, L50|\n|poke|p1|Ogerpon-Hearthflame, L50, F|\n|poke|p1|Flutter Mane, L50|\n|poke|p1|Arcanine-Hisui, L50, F|\n|poke|p2|Urshifu-*, L50, F|\n|poke|p2|Farigiraf, L50, F|\n|poke|p2|Flutter Mane, L50|\n|poke|p2|Landorus-Therian, L50, M|\n|poke|p2|Chi-Yu, L50|\n|poke|p2|Iron Hands, L50|\n|teampreview|4\n|inactive|Battle timer is ON: inactive players will automatically lose when time's up. (requested by GiBy0520)\n|inactive|GiBy0520 has 60 seconds left.\n|inactive|GiBy0520 has 30 seconds left.\n|inactive|GiBy0520 has 20 seconds left.\n|\n|t:|1700018813\n|start\n|switch|p1a: Arcanine|Arcanine-Hisui, L50, F|100\/100\n|switch|p1b: Tornadus|Tornadus, L50, M|100\/100\n|switch|p2a: Landorus|Landorus-Therian, L50, M|100\/100\n|switch|p2b: Urshifu|Urshifu-Rapid-Strike, L50, F|100\/100\n|-ability|p2a: Landorus|Intimidate|boost\n|-unboost|p1a: Arcanine|atk|1\n|-unboost|p1b: Tornadus|atk|1\n|-ability|p1a: Arcanine|Intimidate|boost\n|-unboost|p2a: Landorus|atk|1\n|-unboost|p2b: Urshifu|atk|1\n|turn|1\n|inactive|awkwardwolfe has 30 seconds left.\n|\n|t:|1700018843\n|switch|p2a: Farigiraf|Farigiraf, L50, F, shiny|100\/100\n|-terastallize|p1a: Arcanine|Normal\n|move|p2b: Urshifu|Surging Strikes|p1a: Arcanine\n|-crit|p1a: Arcanine\n|-damage|p1a: Arcanine|76\/100\n|-crit|p1a: Arcanine\n|-damage|p1a: Arcanine|51\/100\n|-crit|p1a: Arcanine\n|-damage|p1a: Arcanine|27\/100\n|-hitcount|p1a: Arcanine|3\n|move|p1b: Tornadus|Bleakwind Storm|p2a: Farigiraf|[spread] p2a\n|-miss|p1b: Tornadus|p2b: Urshifu\n|-damage|p2a: Farigiraf|63\/100\n|-unboost|p2a: Farigiraf|spe|1\n|move|p1a: Arcanine|Rock Slide|p2b: Urshifu|[spread] p2a\n|-miss|p1a: Arcanine|p2b: Urshifu\n|-crit|p2a: Farigiraf\n|-damage|p2a: Farigiraf|10\/100\n|-enditem|p2a: Farigiraf|Sitrus Berry|[eat]\n|-heal|p2a: Farigiraf|35\/100|[from] item: Sitrus Berry\n|\n|upkeep\n|turn|2\n|inactive|awkwardwolfe has 30 seconds left.\n|\n|t:|1700018871\n|move|p2a: Farigiraf|Protect|p2a: Farigiraf\n|-singleturn|p2a: Farigiraf|Protect\n|move|p2b: Urshifu|Surging Strikes|p1a: Arcanine\n|-crit|p1a: Arcanine\n|-damage|p1a: Arcanine|2\/100\n|-crit|p1a: Arcanine\n|-damage|p1a: Arcanine|0 fnt\n|faint|p1a: Arcanine\n|-hitcount|p1: Arcanine|2\n|move|p1b: Tornadus|Bleakwind Storm|p2a: Farigiraf|[spread] \n|-activate|p2a: Farigiraf|move: Protect\n|-miss|p1b: Tornadus|p2b: Urshifu\n|\n|upkeep\n|\n|t:|1700018885\n|switch|p1a: Flutter Mane|Flutter Mane, L50|100\/100\n|turn|3\n|\n|t:|1700018901\n|-terastallize|p2b: Urshifu|Water\n|move|p2a: Farigiraf|Protect||[still]\n|-fail|p2a: Farigiraf\n|move|p1b: Tornadus|Tailwind|p1b: Tornadus\n|-sidestart|p1: GiBy0520|move: Tailwind\n|move|p1a: Flutter Mane|Dazzling Gleam|p2b: Urshifu|[spread] p2a,p2b\n|-damage|p2a: Farigiraf|0 fnt\n|-damage|p2b: Urshifu|33\/100\n|faint|p2a: Farigiraf\n|move|p2b: Urshifu|Surging Strikes|p1a: Flutter Mane\n|-crit|p1a: Flutter Mane\n|-damage|p1a: Flutter Mane|34\/100\n|-crit|p1a: Flutter Mane\n|-damage|p1a: Flutter Mane|0 fnt\n|faint|p1a: Flutter Mane\n|-end|p1a: Flutter Mane|Protosynthesis|[silent]\n|-hitcount|p1: Flutter Mane|2\n|\n|upkeep\n|\n|t:|1700018916\n|switch|p1a: Ogerpon|Ogerpon-Hearthflame, L50, F|100\/100\n|switch|p2a: Landorus|Landorus-Therian, L50, M|100\/100\n|-ability|p1a: Ogerpon|Mold Breaker\n|-ability|p2a: Landorus|Intimidate|boost\n|-unboost|p1a: Ogerpon|atk|1\n|-unboost|p1b: Tornadus|atk|1\n|turn|4\n|\n|t:|1700018930\n|switch|p2b: Flutter Mane|Flutter Mane, L50|100\/100\n|move|p1b: Tornadus|Icy Wind|p2a: Landorus|[spread] p2b\n|-miss|p1b: Tornadus|p2a: Landorus\n|-damage|p2b: Flutter Mane|88\/100\n|-unboost|p2b: Flutter Mane|spe|1\n|move|p1a: Ogerpon|Wood Hammer|p2b: Flutter Mane\n|-damage|p2b: Flutter Mane|0 fnt\n|faint|p2b: Flutter Mane\n|-end|p2b: Flutter Mane|Protosynthesis|[silent]\n|-damage|p1a: Ogerpon|76\/100|[from] Recoil\n|move|p2a: Landorus|Rock Slide|p1b: Tornadus|[spread] p1a,p1b\n|-supereffective|p1a: Ogerpon\n|-crit|p1a: Ogerpon\n|-supereffective|p1b: Tornadus\n|-damage|p1a: Ogerpon|0 fnt\n|-damage|p1b: Tornadus|2\/100\n|faint|p1a: Ogerpon\n|\n|upkeep\n|\n|t:|1700018947\n|switch|p2b: Urshifu|Urshifu-Rapid-Strike, L50, F, tera:Water|33\/100\n|turn|5\n|\n|t:|1700018952\n|move|p2b: Urshifu|Aqua Jet|p1b: Tornadus\n|-damage|p1b: Tornadus|0 fnt\n|faint|p1b: Tornadus\n|\n|win|awkwardwolfe\n|raw|GiBy0520's rating: 1172 &rarr; <strong>1145<\/strong><br \/>(-27 for losing)\n|raw|awkwardwolfe's rating: 1148 &rarr; <strong>1175<\/strong><br \/>(+27 for winning)\n|l|\u2606awkwardwolfe\n","uploadtime":1700018969,"views":21,"p1id":"giby0520","p2id":"awkwardwolfe","formatid":"gen9vgc2023regulatione","rating":1145,"private":0,"password":""}