{"id":"gen9vgc2023regulatione-1990354269","p1":"saifung","p2":"FunnyOwl27","format":"[Gen 9] VGC 2023 Regulation E","log":"|j|\u2606saifung\n|j|\u2606FunnyOwl27\n|t:|1699961197\n|gametype|doubles\n|player|p1|saifung|265|1158\n|player|p2|FunnyOwl27|giovanni|1059\n|teamsize|p1|6\n|teamsize|p2|5\n|gen|9\n|tier|[Gen 9] VGC 2023 Regulation E\n|rated|\n|rule|Species Clause: Limit one of each Pok\u00e9mon\n|rule|Item Clause: Limit one of each item\n|clearpoke\n|poke|p1|Infernape, L50, M|\n|poke|p1|Torkoal, L50, M|\n|poke|p1|Lilligant-Hisui, L50, F|\n|poke|p1|Arcanine-Hisui, L50, M|\n|poke|p1|Flutter Mane, L50|\n|poke|p1|Roaring Moon, L50|\n|poke|p2|Indeedee-F, L50, F|\n|poke|p2|Arcanine-Hisui, L50, F|\n|poke|p2|Gholdengo, L50|\n|poke|p2|Pelipper, L50, F|\n|poke|p2|Poliwrath, L50, F|\n|teampreview|4\n|inactive|Battle timer is ON: inactive players will automatically lose when time's up. (requested by saifung)\n|\n|t:|1699961206\n|start\n|switch|p1a: Infernape|Infernape, L50, M|100\/100\n|switch|p1b: Torkoal|Torkoal, L50, M|100\/100\n|switch|p2a: Indeedee|Indeedee-F, L50, F|100\/100\n|switch|p2b: Poliwrath|Poliwrath, L50, F|100\/100\n|-fieldstart|move: Psychic Terrain|[from] ability: Psychic Surge|[of] p2a: Indeedee\n|-weather|SunnyDay|[from] ability: Drought|[of] p1b: Torkoal\n|turn|1\n|\n|t:|1699961212\n|move|p1a: Infernape|Fake Out|p2b: Poliwrath\n|-activate|p2b: Poliwrath|move: Psychic Terrain\n|move|p2a: Indeedee|Follow Me|p2a: Indeedee\n|-singleturn|p2a: Indeedee|move: Follow Me\n|move|p2b: Poliwrath|Belly Drum|p2b: Poliwrath\n|-damage|p2b: Poliwrath|50\/100\n|-setboost|p2b: Poliwrath|atk|6|[from] move: Belly Drum\n|-enditem|p2b: Poliwrath|Sitrus Berry|[eat]\n|-heal|p2b: Poliwrath|75\/100|[from] item: Sitrus Berry\n|move|p1b: Torkoal|Eruption|p2a: Indeedee|[spread] p2a,p2b\n|-resisted|p2b: Poliwrath\n|-damage|p2a: Indeedee|29\/100\n|-damage|p2b: Poliwrath|45\/100\n|\n|-weather|SunnyDay|[upkeep]\n|upkeep\n|turn|2\n|inactive|FunnyOwl27 has 30 seconds left.\n|inactive|FunnyOwl27 has 20 seconds left.\n|\n|t:|1699961248\n|switch|p2a: Pelipper|Pelipper, L50, F|100\/100\n|-weather|RainDance|[from] ability: Drizzle|[of] p2a: Pelipper\n|move|p2b: Poliwrath|Drain Punch|p1a: Infernape\n|-enditem|p1a: Infernape|Focus Sash\n|-damage|p1a: Infernape|1\/100\n|-heal|p2b: Poliwrath|83\/100|[from] drain|[of] p1a: Infernape\n|move|p1a: Infernape|Heat Wave|p2b: Poliwrath|[spread] p2a\n|-miss|p1a: Infernape|p2b: Poliwrath\n|-resisted|p2a: Pelipper\n|-damage|p2a: Pelipper|87\/100\n|move|p1b: Torkoal|Heat Wave|p2b: Poliwrath|[spread] p2a\n|-miss|p1b: Torkoal|p2b: Poliwrath\n|-resisted|p2a: Pelipper\n|-damage|p2a: Pelipper|78\/100\n|\n|-weather|RainDance|[upkeep]\n|upkeep\n|turn|3\n|inactive|saifung has 30 seconds left.\n|\n|t:|1699961275\n|switch|p1b: Roaring Moon|Roaring Moon, L50|100\/100\n|-enditem|p1b: Roaring Moon|Booster Energy\n|-activate|p1b: Roaring Moon|ability: Protosynthesis|[fromitem]\n|-start|p1b: Roaring Moon|protosynthesisspe\n|move|p2b: Poliwrath|Drain Punch|p1b: Roaring Moon\n|-supereffective|p1b: Roaring Moon\n|-damage|p1b: Roaring Moon|0 fnt\n|-heal|p2b: Poliwrath|100\/100|[from] drain|[of] p1b: Roaring Moon\n|faint|p1b: Roaring Moon\n|-end|p1b: Roaring Moon|Protosynthesis|[silent]\n|move|p1a: Infernape|Close Combat|p2b: Poliwrath\n|-damage|p2b: Poliwrath|52\/100\n|-unboost|p1a: Infernape|def|1\n|-unboost|p1a: Infernape|spd|1\n|move|p2a: Pelipper|U-turn|p1a: Infernape\n|-resisted|p1a: Infernape\n|-damage|p1a: Infernape|0 fnt\n|faint|p1a: Infernape\n|\n|t:|1699961292\n|switch|p2a: Arcanine|Arcanine-Hisui, L50, F|100\/100|[from] U-turn\n|\n|-weather|RainDance|[upkeep]\n|upkeep\n|\n|t:|1699961295\n|switch|p1b: Torkoal|Torkoal, L50, M|100\/100\n|switch|p1a: Arcanine|Arcanine-Hisui, L50, M|100\/100\n|-ability|p1a: Arcanine|Intimidate|boost\n|-unboost|p2a: Arcanine|atk|1\n|-unboost|p2b: Poliwrath|atk|1\n|-weather|SunnyDay|[from] ability: Drought|[of] p1b: Torkoal\n|turn|4\n|inactive|FunnyOwl27 has 30 seconds left.\n|\n|t:|1699961321\n|switch|p2a: Pelipper|Pelipper, L50, F|78\/100\n|-weather|RainDance|[from] ability: Drizzle|[of] p2a: Pelipper\n|-terastallize|p1a: Arcanine|Fairy\n|move|p2b: Poliwrath|Drain Punch|p1a: Arcanine\n|-resisted|p1a: Arcanine\n|-damage|p1a: Arcanine|47\/100\n|-heal|p2b: Poliwrath|76\/100|[from] drain|[of] p1a: Arcanine\n|move|p1a: Arcanine|Rock Slide|p2b: Poliwrath|[spread] p2b\n|-miss|p1a: Arcanine|p2a: Pelipper\n|-resisted|p2b: Poliwrath\n|-damage|p2b: Poliwrath|56\/100\n|move|p1b: Torkoal|Eruption|p2b: Poliwrath|[spread] p2a,p2b\n|-resisted|p2a: Pelipper\n|-resisted|p2b: Poliwrath\n|-damage|p2a: Pelipper|60\/100\n|-damage|p2b: Poliwrath|45\/100\n|\n|-weather|RainDance|[upkeep]\n|upkeep\n|turn|5\n|-message|saifung forfeited.\n|\n|win|FunnyOwl27\n|raw|saifung's rating: 1158 &rarr; <strong>1126<\/strong><br \/>(-32 for losing)\n|raw|FunnyOwl27's rating: 1059 &rarr; <strong>1099<\/strong><br \/>(+40 for winning)\n|l|\u2606saifung\n","uploadtime":1699961342,"views":12,"p1id":"saifung","p2id":"funnyowl27","formatid":"gen9vgc2023regulatione","rating":1099,"private":0,"password":""}