{"id":"gen9vgc2023regulatione-1989227163","p1":"ASanz09","p2":"wholesomeisland","format":"[Gen 9] VGC 2023 Regulation E","log":"|j|\u2606ASanz09\n|j|\u2606wholesomeisland\n|t:|1699825542\n|gametype|doubles\n|player|p1|ASanz09|falkner|1104\n|player|p2|wholesomeisland|102|1092\n|teamsize|p1|6\n|teamsize|p2|6\n|gen|9\n|tier|[Gen 9] VGC 2023 Regulation E\n|rated|\n|rule|Species Clause: Limit one of each Pok\u00e9mon\n|rule|Item Clause: Limit one of each item\n|clearpoke\n|poke|p1|Weavile, L50, M|\n|poke|p1|Dragapult, L50, F|\n|poke|p1|Talonflame, L50, F|\n|poke|p1|Garchomp, L50, M|\n|poke|p1|Dondozo, L50, F|\n|poke|p1|Flutter Mane, L50|\n|poke|p2|Tornadus, L50, M|\n|poke|p2|Cresselia, L50, F|\n|poke|p2|Arcanine, L50, M|\n|poke|p2|Amoonguss, L50, F|\n|poke|p2|Garchomp, L50, F|\n|poke|p2|Iron Valiant, L50|\n|teampreview|4\n|inactive|Battle timer is ON: inactive players will automatically lose when time's up. (requested by ASanz09)\n|\n|t:|1699825564\n|start\n|switch|p1a: Talonflame|Talonflame, L50, F|100\/100\n|switch|p1b: Garchomp|Garchomp, L50, M|100\/100\n|switch|p2a: Tornadus|Tornadus, L50, M, shiny|100\/100\n|switch|p2b: Cresselia|Cresselia, L50, F, shiny|100\/100\n|turn|1\n|\n|t:|1699825585\n|-terastallize|p2b: Cresselia|Fairy\n|move|p1a: Talonflame|Brave Bird|p2a: Tornadus\n|-damage|p2a: Tornadus|39\/100\n|-damage|p1a: Talonflame|76\/100|[from] Recoil\n|move|p2a: Tornadus|Tailwind|p2a: Tornadus\n|-sidestart|p2: wholesomeisland|move: Tailwind\n|move|p2b: Cresselia|Dazzling Gleam|p1b: Garchomp|[spread] p1a,p1b\n|-resisted|p1a: Talonflame\n|-supereffective|p1b: Garchomp\n|-damage|p1a: Talonflame|58\/100\n|-damage|p1b: Garchomp|54\/100\n|move|p1b: Garchomp|Rock Slide|p2a: Tornadus|[spread] p2a,p2b\n|-supereffective|p2a: Tornadus\n|-crit|p2a: Tornadus\n|-damage|p2a: Tornadus|0 fnt\n|-damage|p2b: Cresselia|83\/100\n|faint|p2a: Tornadus\n|-damage|p1b: Garchomp|44\/100|[from] item: Life Orb\n|\n|-heal|p2b: Cresselia|89\/100|[from] item: Leftovers\n|upkeep\n|\n|t:|1699825610\n|switch|p2a: Iron Valiant|Iron Valiant, L50|100\/100\n|turn|2\n|\n|t:|1699825625\n|move|p2a: Iron Valiant|Thunderbolt|p1a: Talonflame\n|-supereffective|p1a: Talonflame\n|-damage|p1a: Talonflame|0 fnt\n|faint|p1a: Talonflame\n|move|p2b: Cresselia|Dazzling Gleam|p1b: Garchomp\n|-supereffective|p1b: Garchomp\n|-damage|p1b: Garchomp|0 fnt\n|faint|p1b: Garchomp\n|\n|-heal|p2b: Cresselia|96\/100|[from] item: Leftovers\n|upkeep\n|\n|t:|1699825634\n|switch|p1a: Dondozo|Dondozo, L50, F|100\/100\n|switch|p1b: Weavile|Weavile, L50, M|100\/100\n|-ability|p1b: Weavile|Pressure\n|turn|3\n|\n|t:|1699825651\n|-terastallize|p1a: Dondozo|Steel\n|move|p1b: Weavile|Fake Out|p2a: Iron Valiant\n|-damage|p2a: Iron Valiant|84\/100\n|cant|p2a: Iron Valiant|flinch\n|move|p2b: Cresselia|Dazzling Gleam|p1a: Dondozo|[spread] p1a,p1b\n|-resisted|p1a: Dondozo\n|-supereffective|p1b: Weavile\n|-damage|p1a: Dondozo|90\/100\n|-damage|p1b: Weavile|58\/100\n|move|p1a: Dondozo|Heavy Slam|p2b: Cresselia\n|-supereffective|p2b: Cresselia\n|-damage|p2b: Cresselia|55\/100\n|\n|-heal|p2b: Cresselia|61\/100|[from] item: Leftovers\n|-heal|p1a: Dondozo|96\/100|[from] item: Leftovers\n|upkeep\n|turn|4\n|\n|t:|1699825671\n|move|p2a: Iron Valiant|Thunderbolt|p1a: Dondozo\n|-damage|p1a: Dondozo|73\/100\n|move|p2b: Cresselia|Dazzling Gleam|p1b: Weavile|[spread] p1a,p1b\n|-resisted|p1a: Dondozo\n|-supereffective|p1b: Weavile\n|-damage|p1a: Dondozo|62\/100\n|-damage|p1b: Weavile|20\/100\n|move|p1b: Weavile|Poison Jab|p2b: Cresselia\n|-supereffective|p2b: Cresselia\n|-damage|p2b: Cresselia|22\/100\n|move|p1a: Dondozo|Heavy Slam|p2b: Cresselia\n|-supereffective|p2b: Cresselia\n|-damage|p2b: Cresselia|0 fnt\n|faint|p2b: Cresselia\n|\n|-heal|p1a: Dondozo|69\/100|[from] item: Leftovers\n|-sideend|p2: wholesomeisland|move: Tailwind\n|upkeep\n|\n|t:|1699825678\n|switch|p2b: Garchomp|Garchomp, L50, F|100\/100\n|turn|5\n|\n|t:|1699825693\n|move|p1b: Weavile|Ice Spinner|p2b: Garchomp\n|-supereffective|p2b: Garchomp\n|-enditem|p2b: Garchomp|Yache Berry|[eat]\n|-enditem|p2b: Garchomp|Yache Berry|[weaken]\n|-damage|p2b: Garchomp|22\/100\n|-damage|p1b: Weavile|8\/100|[from] ability: Rough Skin|[of] p2b: Garchomp\n|move|p2a: Iron Valiant|Thunderbolt|p1b: Weavile\n|-damage|p1b: Weavile|0 fnt\n|faint|p1b: Weavile\n|move|p2b: Garchomp|Rock Slide|p1a: Dondozo\n|-resisted|p1a: Dondozo\n|-damage|p1a: Dondozo|61\/100\n|move|p1a: Dondozo|Wave Crash|p2a: Iron Valiant\n|-damage|p2a: Iron Valiant|6\/100\n|-damage|p1a: Dondozo|45\/100|[from] Recoil\n|\n|-heal|p1a: Dondozo|51\/100|[from] item: Leftovers\n|upkeep\n|turn|6\n|\n|t:|1699825715\n|move|p1a: Dondozo|Protect|p1a: Dondozo\n|-singleturn|p1a: Dondozo|Protect\n|move|p2a: Iron Valiant|Thunderbolt|p1a: Dondozo\n|-activate|p1a: Dondozo|move: Protect\n|move|p2b: Garchomp|Earthquake|p1a: Dondozo|[spread] p2a\n|-activate|p1a: Dondozo|move: Protect\n|-damage|p2a: Iron Valiant|0 fnt\n|faint|p2a: Iron Valiant\n|-end|p2a: Iron Valiant|Quark Drive|[silent]\n|\n|-heal|p1a: Dondozo|57\/100|[from] item: Leftovers\n|upkeep\n|turn|7\n|\n|t:|1699825735\n|move|p2b: Garchomp|Earthquake|p1a: Dondozo\n|-supereffective|p1a: Dondozo\n|-damage|p1a: Dondozo|0 fnt\n|faint|p1a: Dondozo\n|\n|win|wholesomeisland\n|raw|ASanz09's rating: 1104 &rarr; <strong>1078<\/strong><br \/>(-26 for losing)\n|raw|wholesomeisland's rating: 1092 &rarr; <strong>1119<\/strong><br \/>(+27 for winning)\n|l|\u2606ASanz09\n","uploadtime":1699825743,"views":14,"p1id":"asanz09","p2id":"wholesomeisland","formatid":"gen9vgc2023regulatione","rating":1078,"private":0,"password":""}