{"id":"gen9vgc2023regulatione-1989423576","p1":"Phoenixshadow301","p2":"hjvfvxddfgch","format":"[Gen 9] VGC 2023 Regulation E","log":"|j|\u2606Phoenixshadow301\n|j|\u2606hjvfvxddfgch\n|t:|1699848408\n|gametype|doubles\n|player|p1|Phoenixshadow301|101|1083\n|player|p2|hjvfvxddfgch|266|1003\n|teamsize|p1|6\n|teamsize|p2|6\n|gen|9\n|tier|[Gen 9] VGC 2023 Regulation E\n|rated|\n|rule|Species Clause: Limit one of each Pok\u00e9mon\n|rule|Item Clause: Limit one of each item\n|clearpoke\n|poke|p1|Ogerpon-Wellspring, L50, F|\n|poke|p1|Dusclops, L50, M|\n|poke|p1|Sinistcha, L50|\n|poke|p1|Flutter Mane, L50|\n|poke|p1|Annihilape, L50, F|\n|poke|p1|Gholdengo, L50|\n|poke|p2|Glimmora, L50, F|\n|poke|p2|Ting-Lu, L50|\n|poke|p2|Garganacl, L50, F|\n|poke|p2|Snorlax, L50, F|\n|poke|p2|Articuno-Galar, L50|\n|poke|p2|Rillaboom, L50, F|\n|teampreview|4\n|inactive|Battle timer is ON: inactive players will automatically lose when time's up. (requested by hjvfvxddfgch)\nhjvfvxddfgch rejected open team sheets.\n|\n|t:|1699848448\n|start\n|switch|p1a: Sinistcha|Sinistcha, L50|100\/100\n|switch|p1b: Annihilape|Annihilape, L50, F|100\/100\n|switch|p2a: Glimmora|Glimmora, L50, F|100\/100\n|switch|p2b: Rillaboom|Rillaboom, L50, F|100\/100\n|-fieldstart|move: Grassy Terrain|[from] ability: Grassy Surge|[of] p2b: Rillaboom\n|turn|1\n|\n|t:|1699848472\n|move|p2a: Glimmora|Spikes|p1b: Annihilape\n|-sidestart|p1: Phoenixshadow301|Spikes\n|move|p1b: Annihilape|Bulk Up|p1b: Annihilape\n|-boost|p1b: Annihilape|atk|1\n|-boost|p1b: Annihilape|def|1\n|move|p2b: Rillaboom|Substitute|p2b: Rillaboom\n|-start|p2b: Rillaboom|Substitute\n|-damage|p2b: Rillaboom|76\/100\n|move|p1a: Sinistcha|Matcha Gotcha|p2b: Rillaboom|[spread] p2a,p2b\n|-resisted|p2b: Rillaboom\n|-activate|p2b: Rillaboom|move: Substitute|[damage]\n|-damage|p2a: Glimmora|55\/100\n|\n|-heal|p2a: Glimmora|61\/100|[from] Grassy Terrain\n|-heal|p2b: Rillaboom|82\/100|[from] Grassy Terrain\n|upkeep\n|turn|2\n|inactive|Phoenixshadow301 has 30 seconds left.\n|\n|t:|1699848506\n|move|p2a: Glimmora|Spikes|p1b: Annihilape\n|-sidestart|p1: Phoenixshadow301|Spikes\n|move|p1b: Annihilape|Drain Punch|p2b: Rillaboom\n|-end|p2b: Rillaboom|Substitute\n|move|p2b: Rillaboom|Leech Seed|p1b: Annihilape\n|-start|p1b: Annihilape|move: Leech Seed\n|move|p1a: Sinistcha|Trick Room|p1a: Sinistcha\n|-fieldstart|move: Trick Room|[of] p1a: Sinistcha\n|\n|-heal|p2b: Rillaboom|87\/100|[from] Grassy Terrain\n|-heal|p2a: Glimmora|67\/100|[from] Grassy Terrain\n|-damage|p1b: Annihilape|88\/100|[from] Leech Seed|[of] p2b: Rillaboom\n|-heal|p2b: Rillaboom|100\/100|[silent]\n|upkeep\n|turn|3\n|\n|t:|1699848528\n|switch|p2a: Ting-Lu|Ting-Lu, L50|100\/100\n|-ability|p2a: Ting-Lu|Vessel of Ruin\n|move|p2b: Rillaboom|Protect|p2b: Rillaboom\n|-singleturn|p2b: Rillaboom|Protect\n|move|p1a: Sinistcha|Matcha Gotcha|p2b: Rillaboom|[spread] p2a\n|-activate|p2b: Rillaboom|move: Protect\n|-supereffective|p2a: Ting-Lu\n|-damage|p2a: Ting-Lu|66\/100\n|move|p1b: Annihilape|Drain Punch|p2a: Ting-Lu\n|-supereffective|p2a: Ting-Lu\n|-damage|p2a: Ting-Lu|9\/100\n|-heal|p1b: Annihilape|100\/100|[from] drain|[of] p2a: Ting-Lu\n|\n|-heal|p2a: Ting-Lu|15\/100|[from] Grassy Terrain\n|-heal|p2a: Ting-Lu|21\/100|[from] item: Leftovers\n|-damage|p1b: Annihilape|88\/100|[from] Leech Seed|[of] p2b: Rillaboom\n|upkeep\n|turn|4\n|inactive|Phoenixshadow301 has 30 seconds left.\n|inactive|hjvfvxddfgch has 30 seconds left.\n|inactive|hjvfvxddfgch has 20 seconds left.\n|inactive|hjvfvxddfgch has 15 seconds left.\n|inactive|hjvfvxddfgch has 10 seconds left.\n|\n|t:|1699848574\n|move|p2b: Rillaboom|Grassy Glide|p1b: Annihilape\n|-damage|p1b: Annihilape|67\/100\n|move|p1a: Sinistcha|Matcha Gotcha|p2a: Ting-Lu|[spread] p2a,p2b\n|-supereffective|p2a: Ting-Lu\n|-resisted|p2b: Rillaboom\n|-damage|p2a: Ting-Lu|0 fnt\n|-damage|p2b: Rillaboom|88\/100\n|-status|p2b: Rillaboom|brn\n|faint|p2a: Ting-Lu\n|move|p1b: Annihilape|Rage Fist|p2b: Rillaboom|[miss]\n|-miss|p1b: Annihilape|p2b: Rillaboom\n|\n|-heal|p2b: Rillaboom|94\/100 brn|[from] Grassy Terrain\n|-heal|p1b: Annihilape|73\/100|[from] Grassy Terrain\n|-damage|p1b: Annihilape|60\/100|[from] Leech Seed|[of] p2b: Rillaboom\n|-heal|p2b: Rillaboom|100\/100 brn|[silent]\n|-damage|p2b: Rillaboom|95\/100 brn|[from] brn\n|upkeep\n|\n|t:|1699848589\n|switch|p2a: Glimmora|Glimmora, L50, F|67\/100\n|turn|5\n|\n|t:|1699848606\n|switch|p2a: Garganacl|Garganacl, L50, F|100\/100\n|move|p1a: Sinistcha|Matcha Gotcha|p2b: Rillaboom|[spread] p2a,p2b\n|-supereffective|p2a: Garganacl\n|-resisted|p2b: Rillaboom\n|-damage|p2a: Garganacl|47\/100\n|-damage|p2b: Rillaboom|81\/100 brn\n|move|p2b: Rillaboom|Substitute|p2b: Rillaboom\n|-start|p2b: Rillaboom|Substitute\n|-damage|p2b: Rillaboom|56\/100 brn\n|move|p1b: Annihilape|Drain Punch|p2a: Garganacl\n|-supereffective|p2a: Garganacl\n|-damage|p2a: Garganacl|0 fnt\n|-heal|p1b: Annihilape|83\/100|[from] drain|[of] p2a: Garganacl\n|faint|p2a: Garganacl\n|\n|-heal|p2b: Rillaboom|62\/100 brn|[from] Grassy Terrain\n|-heal|p1b: Annihilape|89\/100|[from] Grassy Terrain\n|-damage|p1b: Annihilape|77\/100|[from] Leech Seed|[of] p2b: Rillaboom\n|-heal|p2b: Rillaboom|75\/100 brn|[silent]\n|-damage|p2b: Rillaboom|69\/100 brn|[from] brn\n|-fieldend|move: Grassy Terrain\n|upkeep\n|-message|hjvfvxddfgch forfeited.\n|\n|win|Phoenixshadow301\n|raw|Phoenixshadow301's rating: 1083 &rarr; <strong>1104<\/strong><br \/>(+21 for winning)\n|raw|hjvfvxddfgch's rating: 1003 &rarr; <strong>1000<\/strong><br \/>(-3 for losing)\n|l|\u2606hjvfvxddfgch\n","uploadtime":1699848672,"views":14,"p1id":"phoenixshadow301","p2id":"hjvfvxddfgch","formatid":"gen9vgc2023regulatione","rating":1000,"private":0,"password":""}