{"id":"gen9vgc2023regulatione-1991378850","p1":"TestJay","p2":"DarkDeanne","format":"[Gen 9] VGC 2023 Regulation E","log":"|j|\u2606TestJay\n|j|\u2606DarkDeanne\n|t:|1700072181\n|gametype|doubles\n|player|p1|TestJay|pokemonranger-gen4|1365\n|player|p2|DarkDeanne|1|1380\n|teamsize|p1|6\n|teamsize|p2|6\n|gen|9\n|tier|[Gen 9] VGC 2023 Regulation E\n|rated|\n|rule|Species Clause: Limit one of each Pok\u00e9mon\n|rule|Item Clause: Limit one of each item\n|clearpoke\n|poke|p1|Dusclops, L50, M|\n|poke|p1|Ursaluna-Bloodmoon, L50, M|\n|poke|p1|Kommo-o, L50, F|\n|poke|p1|Landorus-Therian, L50, M|\n|poke|p1|Iron Hands, L50|\n|poke|p1|Sinistcha-Masterpiece, L50|\n|poke|p2|Iron Bundle, L50|\n|poke|p2|Flutter Mane, L50|\n|poke|p2|Arcanine, L50, F|\n|poke|p2|Sinistcha, L50|\n|poke|p2|Kingambit, L50, F|\n|poke|p2|Iron Hands, L50|\n|teampreview|4\n|c|\u2606TestJay|gl hf\n|\n|t:|1700072198\n|start\n|switch|p1a: Dusclops|Dusclops, L50, M, shiny|100\/100\n|switch|p1b: Ursaluna|Ursaluna-Bloodmoon, L50, M|100\/100\n|switch|p2a: Kingambit|Kingambit, L50, F|100\/100\n|switch|p2b: Flutter Mane|Flutter Mane, L50|100\/100\n|-ability|p1a: Dusclops|Pressure\n|turn|1\n|inactive|Battle timer is ON: inactive players will automatically lose when time's up. (requested by DarkDeanne)\n|\n|t:|1700072217\n|-terastallize|p1a: Dusclops|Dark\n|move|p1b: Ursaluna|Protect|p1b: Ursaluna\n|-singleturn|p1b: Ursaluna|Protect\n|move|p2b: Flutter Mane|Dazzling Gleam|p1b: Ursaluna|[spread] p1a\n|-activate|p1b: Ursaluna|move: Protect\n|-supereffective|p1a: Dusclops\n|-damage|p1a: Dusclops|62\/100\n|move|p2a: Kingambit|Swords Dance|p2a: Kingambit\n|-boost|p2a: Kingambit|atk|2\n|move|p1a: Dusclops|Trick Room|p1a: Dusclops\n|-fieldstart|move: Trick Room|[of] p1a: Dusclops\n|\n|upkeep\n|turn|2\n|inactive|DarkDeanne has 30 seconds left.\n|\n|t:|1700072244\n|move|p2a: Kingambit|Sucker Punch|p1b: Ursaluna\n|-damage|p1b: Ursaluna|38\/100\n|move|p1a: Dusclops|Brick Break|p1b: Ursaluna\n|-supereffective|p1b: Ursaluna\n|-damage|p1b: Ursaluna|20\/100\n|-enditem|p1b: Ursaluna|Weakness Policy\n|-boost|p1b: Ursaluna|atk|2|[from] item: Weakness Policy\n|-boost|p1b: Ursaluna|spa|2|[from] item: Weakness Policy\n|move|p1b: Ursaluna|Earth Power|p2a: Kingambit\n|-supereffective|p2a: Kingambit\n|-damage|p2a: Kingambit|0 fnt\n|faint|p2a: Kingambit\n|move|p2b: Flutter Mane|Dazzling Gleam|p1a: Dusclops|[spread] p1a,p1b\n|-supereffective|p1a: Dusclops\n|-damage|p1a: Dusclops|22\/100\n|-damage|p1b: Ursaluna|0 fnt\n|faint|p1b: Ursaluna\n|\n|upkeep\n|\n|t:|1700072258\n|switch|p1b: Iron Hands|Iron Hands, L50|100\/100\n|switch|p2a: Iron Bundle|Iron Bundle, L50|100\/100\n|-enditem|p2a: Iron Bundle|Booster Energy\n|-activate|p2a: Iron Bundle|ability: Quark Drive|[fromitem]\n|-start|p2a: Iron Bundle|quarkdrivespe\n|turn|3\n|\n|t:|1700072271\n|move|p2b: Flutter Mane|Protect|p2b: Flutter Mane\n|-singleturn|p2b: Flutter Mane|Protect\n|move|p2a: Iron Bundle|Protect|p2a: Iron Bundle\n|-singleturn|p2a: Iron Bundle|Protect\n|move|p1a: Dusclops|Night Shade|p2a: Iron Bundle\n|-activate|p2a: Iron Bundle|move: Protect\n|move|p1b: Iron Hands|Heavy Slam|p2b: Flutter Mane\n|-activate|p2b: Flutter Mane|move: Protect\n|\n|upkeep\n|turn|4\n|inactive|DarkDeanne has 30 seconds left.\n|\n|t:|1700072306\n|-terastallize|p2a: Iron Bundle|Ghost\n|move|p1a: Dusclops|Night Shade|p2a: Iron Bundle\n|-damage|p2a: Iron Bundle|70\/100\n|move|p1b: Iron Hands|Heavy Slam|p2b: Flutter Mane\n|-supereffective|p2b: Flutter Mane\n|-enditem|p2b: Flutter Mane|Focus Sash\n|-damage|p2b: Flutter Mane|1\/100\n|move|p2b: Flutter Mane|Dazzling Gleam|p1b: Iron Hands|[spread] p1a,p1b\n|-supereffective|p1a: Dusclops\n|-supereffective|p1b: Iron Hands\n|-damage|p1a: Dusclops|0 fnt\n|-damage|p1b: Iron Hands|57\/100\n|faint|p1a: Dusclops\n|move|p2a: Iron Bundle|Hydro Pump|p1b: Iron Hands\n|-damage|p1b: Iron Hands|29\/100\n|\n|upkeep\n|\n|t:|1700072315\n|switch|p1a: Sinistcha|Sinistcha-Masterpiece, L50|100\/100\n|-heal|p1b: Iron Hands|54\/100|[from] ability: Hospitality|[of] p1a: Sinistcha\n|turn|5\n|\n|t:|1700072323\n|move|p2b: Flutter Mane|Protect|p2b: Flutter Mane\n|-singleturn|p2b: Flutter Mane|Protect\n|move|p2a: Iron Bundle|Protect|p2a: Iron Bundle\n|-singleturn|p2a: Iron Bundle|Protect\n|move|p1a: Sinistcha|Matcha Gotcha|p2a: Iron Bundle|[spread] \n|-activate|p2a: Iron Bundle|move: Protect\n|-activate|p2b: Flutter Mane|move: Protect\n|move|p1b: Iron Hands|Heavy Slam|p2a: Iron Bundle\n|-activate|p2a: Iron Bundle|move: Protect\n|\n|-fieldend|move: Trick Room\n|upkeep\n|turn|6\n|\n|t:|1700072342\n|move|p2a: Iron Bundle|Freeze-Dry|p1a: Sinistcha\n|-supereffective|p1a: Sinistcha\n|-damage|p1a: Sinistcha|45\/100\n|move|p2b: Flutter Mane|Dazzling Gleam|p1b: Iron Hands|[spread] p1a,p1b\n|-supereffective|p1b: Iron Hands\n|-damage|p1a: Sinistcha|8\/100\n|-damage|p1b: Iron Hands|10\/100\n|move|p1b: Iron Hands|Heavy Slam|p2a: Iron Bundle\n|-damage|p2a: Iron Bundle|22\/100\n|move|p1a: Sinistcha|Matcha Gotcha|p2b: Flutter Mane|[spread] p2a,p2b\n|-damage|p2a: Iron Bundle|0 fnt\n|-heal|p1a: Sinistcha|18\/100|[from] drain|[of] p2a: Iron Bundle\n|-damage|p2b: Flutter Mane|0 fnt\n|-heal|p1a: Sinistcha|18\/100|[from] drain|[of] p2b: Flutter Mane\n|faint|p2a: Iron Bundle\n|-end|p2a: Iron Bundle|Quark Drive|[silent]\n|faint|p2b: Flutter Mane\n|-end|p2b: Flutter Mane|Protosynthesis|[silent]\n|\n|upkeep\n|\n|t:|1700072350\n|switch|p2b: Sinistcha|Sinistcha, L50|100\/100\n|turn|7\n|\n|t:|1700072374\n|move|p2b: Sinistcha|Matcha Gotcha|p1a: Sinistcha|[spread] p1a,p1b\n|-resisted|p1a: Sinistcha\n|-damage|p1a: Sinistcha|7\/100\n|-damage|p1b: Iron Hands|0 fnt\n|-status|p1a: Sinistcha|brn\n|faint|p1b: Iron Hands\n|-end|p1b: Iron Hands|Quark Drive|[silent]\n|move|p1a: Sinistcha|Matcha Gotcha|p2b: Sinistcha\n|-resisted|p2b: Sinistcha\n|-damage|p2b: Sinistcha|85\/100\n|-heal|p1a: Sinistcha|15\/100 brn|[from] drain|[of] p2b: Sinistcha\n|-status|p2b: Sinistcha|brn\n|\n|-damage|p2b: Sinistcha|79\/100 brn|[from] brn\n|-damage|p1a: Sinistcha|8\/100 brn|[from] brn\n|upkeep\n|turn|8\n|c|\u2606TestJay|gg wp\n|\n|t:|1700072389\n|move|p2b: Sinistcha|Matcha Gotcha|p1a: Sinistcha\n|-resisted|p1a: Sinistcha\n|-damage|p1a: Sinistcha|0 fnt\n|-heal|p2b: Sinistcha|83\/100 brn|[from] drain|[of] p1a: Sinistcha\n|faint|p1a: Sinistcha\n|\n|win|DarkDeanne\n|raw|TestJay's rating: 1365 &rarr; <strong>1346<\/strong><br \/>(-19 for losing)\n|raw|DarkDeanne's rating: 1380 &rarr; <strong>1399<\/strong><br \/>(+19 for winning)\n","uploadtime":1700072393,"views":16,"p1id":"testjay","p2id":"darkdeanne","formatid":"gen9vgc2023regulatione","rating":1346,"private":0,"password":""}