{"id":"gen9vgc2023regulatione-1991720811","p1":"VeeGey","p2":"Ec1lipse","format":"[Gen 9] VGC 2023 Regulation E","log":"|j|\u2606VeeGey\n|j|\u2606Ec1lipse\n|t:|1700106800\n|gametype|doubles\n|player|p1|VeeGey|crasherwake|1065\n|player|p2|Ec1lipse|iris-gen5bw2|1074\n|teamsize|p1|6\n|teamsize|p2|6\n|gen|9\n|tier|[Gen 9] VGC 2023 Regulation E\n|rated|\n|rule|Species Clause: Limit one of each Pok\u00e9mon\n|rule|Item Clause: Limit one of each item\n|clearpoke\n|poke|p1|Illumise, L50, F|\n|poke|p1|Iron Bundle, L50|\n|poke|p1|Pincurchin, L50, F|\n|poke|p1|Iron Moth, L50|\n|poke|p1|Dusknoir, L50, M|\n|poke|p1|Dugtrio-Alola, L50, M|\n|poke|p2|Braviary-Hisui, L50, M|\n|poke|p2|Pelipper, L50, F|\n|poke|p2|Wo-Chien, L50|\n|poke|p2|Talonflame, L50, F|\n|poke|p2|Urshifu-*, L50, F|\n|poke|p2|Corviknight, L50, M|\n|teampreview|4\n|inactive|Battle timer is ON: inactive players will automatically lose when time's up. (requested by Ec1lipse)\n|inactive|VeeGey also wants the timer to be on.\n|inactive|VeeGey has 60 seconds left.\n|\n|t:|1700106834\n|start\n|switch|p1a: Pincurchin|Pincurchin, L50, F|100\/100\n|switch|p1b: Iron Moth|Iron Moth, L50|100\/100\n|switch|p2a: Braviary|Braviary-Hisui, L50, M|100\/100\n|switch|p2b: Pelipper|Pelipper, L50, F|100\/100\n|-weather|RainDance|[from] ability: Drizzle|[of] p2b: Pelipper\n|-fieldstart|move: Electric Terrain|[from] ability: Electric Surge|[of] p1a: Pincurchin\n|-activate|p1b: Iron Moth|ability: Quark Drive\n|-start|p1b: Iron Moth|quarkdrivespa\n|turn|1\n|\n|t:|1700106847\n|move|p1b: Iron Moth|Fiery Dance|p2a: Braviary\n|-damage|p2a: Braviary|58\/100\n|-boost|p1b: Iron Moth|spa|1\n|move|p2b: Pelipper|Hurricane|p1a: Pincurchin\n|-resisted|p1a: Pincurchin\n|-damage|p1a: Pincurchin|86\/100\n|-start|p1a: Pincurchin|confusion\n|move|p2a: Braviary|Esper Wing|p1b: Iron Moth\n|-supereffective|p1b: Iron Moth\n|-damage|p1b: Iron Moth|4\/100\n|-boost|p2a: Braviary|spe|1\n|-activate|p1a: Pincurchin|confusion\n|move|p1a: Pincurchin|Zing Zap|p2b: Pelipper\n|-supereffective|p2b: Pelipper\n|-damage|p2b: Pelipper|0 fnt\n|faint|p2b: Pelipper\n|\n|-weather|RainDance|[upkeep]\n|upkeep\n|\n|t:|1700106865\n|switch|p2b: Urshifu|Urshifu-Rapid-Strike, L50, F|100\/100\n|turn|2\n|\n|t:|1700106894\n|-terastallize|p2b: Urshifu|Fighting\n|move|p2b: Urshifu|Aqua Jet|p1b: Iron Moth\n|-supereffective|p1b: Iron Moth\n|-damage|p1b: Iron Moth|0 fnt\n|faint|p1b: Iron Moth\n|-end|p1b: Iron Moth|Quark Drive|[silent]\n|move|p2a: Braviary|Esper Wing|p1a: Pincurchin\n|-crit|p1a: Pincurchin\n|-damage|p1a: Pincurchin|35\/100\n|-boost|p2a: Braviary|spe|1\n|-activate|p1a: Pincurchin|confusion\n|move|p1a: Pincurchin|Zing Zap|p2b: Urshifu\n|-damage|p2b: Urshifu|52\/100\n|\n|-weather|RainDance|[upkeep]\n|upkeep\n|\n|t:|1700106909\n|switch|p1b: Iron Bundle|Iron Bundle, L50|100\/100\n|-activate|p1b: Iron Bundle|ability: Quark Drive\n|-start|p1b: Iron Bundle|quarkdrivespe\n|turn|3\n|\n|t:|1700106932\n|-terastallize|p1b: Iron Bundle|Ice\n|move|p1b: Iron Bundle|Blizzard|p2a: Braviary|[spread] p2a\n|-miss|p1b: Iron Bundle|p2b: Urshifu\n|-supereffective|p2a: Braviary\n|-damage|p2a: Braviary|0 fnt\n|faint|p2a: Braviary\n|move|p2b: Urshifu|Surging Strikes|p1a: Pincurchin\n|-crit|p1a: Pincurchin\n|-damage|p1a: Pincurchin|0 fnt\n|faint|p1a: Pincurchin\n|-hitcount|p1: Pincurchin|1\n|\n|-weather|RainDance|[upkeep]\n|upkeep\n|\n|t:|1700106942\n|switch|p2a: Talonflame|Talonflame, L50, F|100\/100\n|switch|p1a: Illumise|Illumise, L50, F|100\/100\n|turn|4\n|\n|t:|1700106958\n|move|p2a: Talonflame|Tailwind|p2a: Talonflame\n|-sidestart|p2: Ec1lipse|move: Tailwind\n|move|p1a: Illumise|Tailwind|p1a: Illumise\n|-sidestart|p1: VeeGey|move: Tailwind\n|move|p1b: Iron Bundle|Hydro Pump|p2b: Urshifu\n|-damage|p2b: Urshifu|0 fnt\n|faint|p2b: Urshifu\n|\n|-weather|RainDance|[upkeep]\n|upkeep\n|turn|5\n|\n|t:|1700106970\n|move|p1b: Iron Bundle|Protect|p1b: Iron Bundle\n|-singleturn|p1b: Iron Bundle|Protect\n|move|p2a: Talonflame|Fire Blast|p1b: Iron Bundle\n|-activate|p1b: Iron Bundle|move: Protect\n|move|p1a: Illumise|Thunder|p2a: Talonflame\n|-supereffective|p2a: Talonflame\n|-damage|p2a: Talonflame|25\/100\n|-status|p2a: Talonflame|par\n|\n|-weather|RainDance|[upkeep]\n|-fieldend|move: Electric Terrain\n|-end|p1b: Iron Bundle|Quark Drive\n|upkeep\n|-enditem|p1b: Iron Bundle|Booster Energy\n|-activate|p1b: Iron Bundle|ability: Quark Drive|[fromitem]\n|-start|p1b: Iron Bundle|quarkdrivespe\n|turn|6\n|\n|t:|1700106987\n|move|p1a: Illumise|Sweet Scent|p2a: Talonflame\n|-unboost|p2a: Talonflame|evasion|2\n|move|p1b: Iron Bundle|Hydro Pump|p2a: Talonflame\n|-supereffective|p2a: Talonflame\n|-damage|p2a: Talonflame|0 fnt\n|faint|p2a: Talonflame\n|\n|win|VeeGey\n|raw|VeeGey's rating: 1065 &rarr; <strong>1096<\/strong><br \/>(+31 for winning)\n|raw|Ec1lipse's rating: 1074 &rarr; <strong>1052<\/strong><br \/>(-22 for losing)\n|l|\u2606Ec1lipse\n","uploadtime":1700106998,"views":16,"p1id":"veegey","p2id":"ec1lipse","formatid":"gen9vgc2023regulatione","rating":1052,"private":0,"password":""}