{"id":"gen9vgc2023regulatione-1996600368","p1":"miadog","p2":"breezedrw","format":"[Gen 9] VGC 2023 Regulation E","log":"|j|\u2606miadog\n|j|\u2606breezedrw\n|t:|1700699103\n|gametype|doubles\n|player|p1|miadog|169|1071\n|player|p2|breezedrw|flannery|1178\n|teamsize|p1|6\n|teamsize|p2|6\n|gen|9\n|tier|[Gen 9] VGC 2023 Regulation E\n|rated|\n|rule|Species Clause: Limit one of each Pok\u00e9mon\n|rule|Item Clause: Limit one of each item\n|clearpoke\n|poke|p1|Coalossal, L50, M|\n|poke|p1|Palafin, L50, M|\n|poke|p1|Torkoal, L50, M|\n|poke|p1|Heatran, L50, M|\n|poke|p1|Ninetales-Alola, L50, M|\n|poke|p1|Abomasnow, L50, M|\n|poke|p2|Espathra, L50, F|\n|poke|p2|Toxapex, L50, F|\n|poke|p2|Delphox, L50, F|\n|poke|p2|Sableye, L50, F|\n|poke|p2|Regieleki, L50|\n|poke|p2|Arbok, L50, F|\n|teampreview|4\n|\n|t:|1700699130\n|start\n|switch|p1a: Coalossal|Coalossal, L50, M, shiny|100\/100\n|switch|p1b: Palafin|Palafin, L50, M, shiny|100\/100\n|switch|p2a: Maude|Espathra, L50, F, shiny|100\/100\n|switch|p2b: Mynor|Sableye, L50, F|100\/100\n|turn|1\n|\n|t:|1700699155\n|-terastallize|p1a: Coalossal|Water\n|move|p2a: Maude|Protect|p2a: Maude\n|-singleturn|p2a: Maude|Protect\n|move|p2b: Mynor|Gravity|p2b: Mynor\n|-fieldstart|move: Gravity\n|move|p1b: Palafin|Flip Turn|p1a: Coalossal\n|-resisted|p1a: Coalossal\n|-damage|p1a: Coalossal|92\/100\n|-ability|p1a: Coalossal|Steam Engine|boost\n|-boost|p1a: Coalossal|spe|6\n|\n|t:|1700699170\n|detailschange|p1b: Palafin|Palafin-Hero, L50, M, shiny\n|switch|p1b: Torkoal|Torkoal, L50, M, shiny|100\/100|[from] Flip Turn\n|-weather|SunnyDay|[from] ability: Drought|[of] p1b: Torkoal\n|move|p1a: Coalossal|Heat Wave|p2b: Mynor|[spread] p2b\n|-activate|p2a: Maude|move: Protect\n|-damage|p2b: Mynor|50\/100\n|\n|-weather|SunnyDay|[upkeep]\n|-heal|p1a: Coalossal|98\/100|[from] item: Leftovers\n|-ability|p2a: Maude|Speed Boost|boost\n|-boost|p2a: Maude|spe|1\n|upkeep\n|turn|2\n|\n|t:|1700699189\n|move|p2b: Mynor|Disable|p1a: Coalossal\n|-start|p1a: Coalossal|Disable|Heat Wave\n|move|p2a: Maude|Hypnosis|p1b: Torkoal\n|-status|p1b: Torkoal|slp|[from] move: Hypnosis\n|cant|p1a: Coalossal|Disable|Heat Wave\n|cant|p1b: Torkoal|slp\n|\n|-weather|SunnyDay|[upkeep]\n|-heal|p1a: Coalossal|100\/100|[from] item: Leftovers\n|-ability|p2a: Maude|Speed Boost|boost\n|-boost|p2a: Maude|spe|1\n|upkeep\n|turn|3\n|\n|t:|1700699210\n|move|p2b: Mynor|Encore|p1a: Coalossal\n|-start|p1a: Coalossal|Encore\n|move|p2a: Maude|Lumina Crash|p1b: Torkoal\n|-damage|p1b: Torkoal|60\/100 slp\n|-unboost|p1b: Torkoal|spd|2\n|cant|p1a: Coalossal|Disable|Heat Wave\n|cant|p1b: Torkoal|slp\n|\n|-weather|SunnyDay|[upkeep]\n|-ability|p2a: Maude|Speed Boost|boost\n|-boost|p2a: Maude|spe|1\n|upkeep\n|turn|4\n|inactive|Battle timer is ON: inactive players will automatically lose when time's up. (requested by miadog)\n|\n|t:|1700699228\n|switch|p2b: Thunder Dome|Regieleki, L50|100\/100\n|move|p2a: Maude|Lumina Crash|p1b: Torkoal\n|-damage|p1b: Torkoal|0 fnt\n|faint|p1b: Torkoal\n|-activate|p1a: Coalossal|move: Struggle\n|move|p1a: Coalossal|Struggle|p2b: Thunder Dome\n|-damage|p2b: Thunder Dome|86\/100\n|-damage|p1a: Coalossal|76\/100|[from] recoil\n|\n|-weather|SunnyDay|[upkeep]\n|-heal|p1a: Coalossal|82\/100|[from] item: Leftovers\n|-ability|p2a: Maude|Speed Boost|boost\n|-boost|p2a: Maude|spe|1\n|upkeep\n|\n|t:|1700699236\n|switch|p1b: Heatran|Heatran, L50, M, shiny|100\/100\n|turn|5\n|\n|t:|1700699249\n|move|p2a: Maude|Hypnosis|p1b: Heatran\n|-status|p1b: Heatran|slp|[from] move: Hypnosis\n|move|p2b: Thunder Dome|Thunderbolt|p1a: Coalossal\n|-supereffective|p1a: Coalossal\n|-damage|p1a: Coalossal|0 fnt\n|faint|p1a: Coalossal\n|cant|p1b: Heatran|slp\n|\n|-weather|none\n|-fieldend|move: Gravity\n|-ability|p2a: Maude|Speed Boost|boost\n|-boost|p2a: Maude|spe|1\n|upkeep\n|c|\u2606miadog|No sleep claus ass bitch\n|-message|miadog forfeited.\n|\n|win|breezedrw\n|raw|miadog's rating: 1071 &rarr; <strong>1057<\/strong><br \/>(-14 for losing)\n|raw|breezedrw's rating: 1178 &rarr; <strong>1196<\/strong><br \/>(+18 for winning)\n","uploadtime":1700699266,"views":9,"p1id":"miadog","p2id":"breezedrw","formatid":"gen9vgc2023regulatione","rating":1057,"private":0,"password":""}