{"id":"gen9vgc2023regulatione-2000214111","p1":"zhz2021","p2":"NotRubyVGC","format":"[Gen 9] VGC 2023 Regulation E","log":"|j|\u2606zhz2021\n|j|\u2606NotRubyVGC\n|t:|1701173058\n|gametype|doubles\n|player|p1|zhz2021|marley|1542\n|player|p2|NotRubyVGC|266|1545\n|teamsize|p1|6\n|teamsize|p2|6\n|gen|9\n|tier|[Gen 9] VGC 2023 Regulation E\n|rated|\n|rule|Species Clause: Limit one of each Pok\u00e9mon\n|rule|Item Clause: Limit one of each item\n|clearpoke\n|poke|p1|Weezing-Galar, L50, F|\n|poke|p1|Flutter Mane, L50|\n|poke|p1|Roaring Moon, L50|\n|poke|p1|Iron Hands, L50|\n|poke|p1|Brambleghast, L50, M|\n|poke|p1|Dragonite, L50, M|\n|poke|p2|Amoonguss, L50, F|\n|poke|p2|Arcanine-Hisui, L50, M|\n|poke|p2|Tornadus, L50, M|\n|poke|p2|Urshifu-*, L50, M|\n|poke|p2|Gholdengo, L50|\n|poke|p2|Iron Hands, L50|\n|teampreview|4\n|inactive|Battle timer is ON: inactive players will automatically lose when time's up. (requested by zhz2021)\n|\n|t:|1701173107\n|start\n|switch|p1a: Silent Sun|Roaring Moon, L50|100\/100\n|switch|p1b: Gladsraeli|Weezing-Galar, L50, F|100\/100\n|switch|p2a: Amoonguss|Amoonguss, L50, F|100\/100\n|switch|p2b: Gholdengo|Gholdengo, L50|100\/100\n|-ability|p1b: Gladsraeli|Neutralizing Gas\n|-enditem|p1a: Silent Sun|Booster Energy\n|-activate|p1a: Silent Sun|ability: Protosynthesis|[fromitem]\n|-start|p1a: Silent Sun|protosynthesisspe\n|turn|1\n|inactive|zhz2021 has 30 seconds left.\n|\n|t:|1701173132\n|-terastallize|p1b: Gladsraeli|Water\n|move|p2a: Amoonguss|Rage Powder|p2a: Amoonguss\n|-singleturn|p2a: Amoonguss|move: Rage Powder\n|move|p1a: Silent Sun|Knock Off|p2a: Amoonguss\n|-crit|p2a: Amoonguss\n|-damage|p2a: Amoonguss|40\/100\n|-enditem|p2a: Amoonguss|Sitrus Berry|[from] move: Knock Off|[of] p1a: Silent Sun\n|move|p1b: Gladsraeli|Taunt|p2a: Amoonguss\n|-start|p2a: Amoonguss|move: Taunt\n|move|p2b: Gholdengo|Nasty Plot|p2b: Gholdengo\n|-boost|p2b: Gholdengo|spa|2\n|\n|upkeep\n|turn|2\n|inactive|NotRubyVGC has 30 seconds left.\n|\n|t:|1701173166\n|switch|p2a: Tornadus|Tornadus, L50, M|100\/100\n|move|p1b: Gladsraeli|Protect|p1b: Gladsraeli\n|-singleturn|p1b: Gladsraeli|Protect\n|move|p2b: Gholdengo|Protect|p2b: Gholdengo\n|-singleturn|p2b: Gholdengo|Protect\n|move|p1a: Silent Sun|Knock Off|p2b: Gholdengo\n|-activate|p2b: Gholdengo|move: Protect\n|\n|upkeep\n|turn|3\n|inactive|NotRubyVGC has 30 seconds left.\n|inactive|NotRubyVGC has 20 seconds left.\n|inactive|NotRubyVGC has 15 seconds left.\n|\n|t:|1701173207\n|-terastallize|p2b: Gholdengo|Dragon\n|move|p1a: Silent Sun|Knock Off|p2b: Gholdengo\n|-damage|p2b: Gholdengo|52\/100\n|-enditem|p2b: Gholdengo|Leftovers|[from] move: Knock Off|[of] p1a: Silent Sun\n|move|p2a: Tornadus|Bleakwind Storm|p1b: Gladsraeli|[spread] p1a,p1b\n|-damage|p1a: Silent Sun|70\/100\n|-damage|p1b: Gladsraeli|55\/100\n|-unboost|p1a: Silent Sun|spe|1\n|move|p1b: Gladsraeli|Taunt|p2a: Tornadus\n|-start|p2a: Tornadus|move: Taunt\n|move|p2b: Gholdengo|Make It Rain|p1b: Gladsraeli|[spread] p1a,p1b\n|-resisted|p1b: Gladsraeli\n|-damage|p1a: Silent Sun|0 fnt\n|-damage|p1b: Gladsraeli|0 fnt\n|-unboost|p2b: Gholdengo|spa|1\n|faint|p1a: Silent Sun\n|-end|p1a: Silent Sun|Protosynthesis|[silent]\n|faint|p1b: Gladsraeli\n|-end|p1b: Gladsraeli|ability: Neutralizing Gas\n|\n|upkeep\n|\n|t:|1701173210\n|switch|p1a: \u304a\u306b\u304e\u308a|Iron Hands, L50|100\/100\n|switch|p1b: Wind Knight|Brambleghast, L50, M|100\/100\n|turn|4\n|\n|t:|1701173228\n|switch|p2a: Arcanine|Arcanine-Hisui, L50, M|100\/100\n|-ability|p2a: Arcanine|Intimidate|boost\n|-unboost|p1a: \u304a\u306b\u304e\u308a|atk|1\n|-unboost|p1b: Wind Knight|atk|1\n|move|p1b: Wind Knight|Protect|p1b: Wind Knight\n|-singleturn|p1b: Wind Knight|Protect\n|move|p2b: Gholdengo|Protect|p2b: Gholdengo\n|-singleturn|p2b: Gholdengo|Protect\n|move|p1a: \u304a\u306b\u304e\u308a|Drain Punch|p2b: Gholdengo\n|-activate|p2b: Gholdengo|move: Protect\n|\n|upkeep\n|turn|5\n|-message|zhz2021 forfeited.\n|\n|win|NotRubyVGC\n|raw|zhz2021's rating: 1559 &rarr; <strong>1538<\/strong><br \/>(-21 for losing)\n|raw|NotRubyVGC's rating: 1545 &rarr; <strong>1566<\/strong><br \/>(+21 for winning)\n|l|\u2606zhz2021\n","uploadtime":1701173340,"views":3,"p1id":"zhz2021","p2id":"notrubyvgc","formatid":"gen9vgc2023regulatione","rating":1538,"private":0,"password":""}