{"id":"gen9vgc2023regulatione-1996067753","p1":"Big_Buffet_Boi87","p2":"QuiC97","format":"[Gen 9] VGC 2023 Regulation E","log":"|j|\u2606Big_Buffet_Boi87\n|j|\u2606QuiC97\n|t:|1700638689\n|gametype|doubles\n|player|p1|Big_Buffet_Boi87|266|1202\n|player|p2|QuiC97|102|1304\n|teamsize|p1|6\n|teamsize|p2|6\n|gen|9\n|tier|[Gen 9] VGC 2023 Regulation E\n|rated|\n|rule|Species Clause: Limit one of each Pok\u00e9mon\n|rule|Item Clause: Limit one of each item\n|clearpoke\n|poke|p1|Iron Hands, L50|\n|poke|p1|Gothitelle, L50, F|\n|poke|p1|Flutter Mane, L50|\n|poke|p1|Palafin, L50, M|\n|poke|p1|Ting-Lu, L50|\n|poke|p1|Cresselia, L50, F|\n|poke|p2|Weezing, L50, M|\n|poke|p2|Slaking, L50, M|\n|poke|p2|Tatsugiri, L50, M|\n|poke|p2|Dondozo, L50, M|\n|poke|p2|Chien-Pao, L50|\n|poke|p2|Dragonite, L50, F|\n|teampreview|4\n|inactive|Battle timer is ON: inactive players will automatically lose when time's up. (requested by Big_Buffet_Boi87)\n|inactive|Big_Buffet_Boi87 has 60 seconds left.\n|inactive|QuiC97 has 60 seconds left.\n|\n|t:|1700638728\n|start\n|switch|p1a: Flutter Mane|Flutter Mane, L50, shiny|100\/100\n|switch|p1b: Palafin|Palafin, L50, M|100\/100\n|switch|p2a: Chien-Pao|Chien-Pao, L50|100\/100\n|switch|p2b: Slaking|Slaking, L50, M|100\/100\n|-ability|p2a: Chien-Pao|Sword of Ruin\n|-enditem|p1a: Flutter Mane|Booster Energy\n|-activate|p1a: Flutter Mane|ability: Protosynthesis|[fromitem]\n|-start|p1a: Flutter Mane|protosynthesisspa\n|turn|1\n|\n|t:|1700638748\n|switch|p2a: Weezing|Weezing, L50, M|100\/100\n|-ability|p2a: Weezing|Neutralizing Gas\n|detailschange|p1b: Palafin|Palafin-Hero, L50, M\n|switch|p1b: Gothitelle|Gothitelle, L50, F|100\/100\n|move|p1a: Flutter Mane|Perish Song|p1a: Flutter Mane\n|-start|p1a: Flutter Mane|perish3|[silent]\n|-start|p1b: Gothitelle|perish3|[silent]\n|-start|p2a: Weezing|perish3|[silent]\n|-start|p2b: Slaking|perish3|[silent]\n|-fieldactivate|move: Perish Song\n|move|p2b: Slaking|Heavy Slam|p1a: Flutter Mane\n|-supereffective|p1a: Flutter Mane\n|-damage|p1a: Flutter Mane|0 fnt\n|faint|p1a: Flutter Mane\n|-end|p1a: Flutter Mane|Protosynthesis|[silent]\n|\n|-start|p2b: Slaking|perish3\n|-start|p2a: Weezing|perish3\n|-start|p1b: Gothitelle|perish3\n|upkeep\n|\n|t:|1700638760\n|switch|p1a: Iron Hands|Iron Hands, L50|100\/100\n|turn|2\n|inactive|QuiC97 has 30 seconds left.\n|\n|t:|1700638792\n|-terastallize|p2b: Slaking|Ghost\n|move|p1b: Gothitelle|Fake Out|p2a: Weezing\n|-damage|p2a: Weezing|96\/100\n|move|p1a: Iron Hands|Fake Out|p2b: Slaking\n|-immune|p2b: Slaking\n|move|p2b: Slaking|Play Rough|p1a: Iron Hands\n|-supereffective|p1a: Iron Hands\n|-damage|p1a: Iron Hands|51\/100\n|cant|p2a: Weezing|flinch\n|\n|-start|p2b: Slaking|perish2\n|-start|p2a: Weezing|perish2\n|-start|p1b: Gothitelle|perish2\n|upkeep\n|turn|3\n|\n|t:|1700638816\n|-end|p1a: Iron Hands|Quark Drive|[silent]\n|switch|p1a: Palafin|Palafin-Hero, L50, M|100\/100\n|-activate|p1a: Palafin|ability: Zero to Hero\n|move|p1b: Gothitelle|Protect|p1b: Gothitelle\n|-singleturn|p1b: Gothitelle|Protect\n|move|p2b: Slaking|Play Rough|p1a: Palafin\n|-damage|p1a: Palafin|67\/100\n|move|p2a: Weezing|Taunt|p1b: Gothitelle\n|-activate|p1b: Gothitelle|move: Protect\n|\n|-start|p2b: Slaking|perish1\n|-start|p2a: Weezing|perish1\n|-start|p1b: Gothitelle|perish1\n|upkeep\n|turn|4\n|\n|t:|1700638836\n|switch|p2b: Dragonite|Dragonite, L50, F|100\/100\n|-end|p2a: Weezing|ability: Neutralizing Gas\n|switch|p2a: Chien-Pao|Chien-Pao, L50|100\/100\n|-ability|p2a: Chien-Pao|Sword of Ruin\n|switch|p1b: Iron Hands|Iron Hands, L50|51\/100\n|move|p1a: Palafin|Protect||[still]\n|-fail|p1a: Palafin\n|\n|upkeep\n|turn|5\n|c|\u2606Big_Buffet_Boi87|im a dummy\n|inactive|Big_Buffet_Boi87 has 30 seconds left.\n|inactive|QuiC97 has 30 seconds left.\n|inactive|Big_Buffet_Boi87 has 20 seconds left.\n|inactive|Big_Buffet_Boi87 has 15 seconds left.\n|\n|t:|1700638877\n|move|p2a: Chien-Pao|Protect|p2a: Chien-Pao\n|-singleturn|p2a: Chien-Pao|Protect\n|move|p1b: Iron Hands|Fake Out|p2b: Dragonite\n|-damage|p2b: Dragonite|79\/100\n|move|p1a: Palafin|Close Combat|p2a: Chien-Pao\n|-activate|p2a: Chien-Pao|move: Protect\n|move|p2b: Dragonite|Outrage|p1a: Palafin\n|-damage|p1a: Palafin|0 fnt\n|faint|p1a: Palafin\n|\n|upkeep\n|\n|t:|1700638883\n|switch|p1a: Gothitelle|Gothitelle, L50, F|100\/100\n|turn|6\n|\n|t:|1700638904\n|move|p1a: Gothitelle|Fake Out|p2a: Chien-Pao\n|-damage|p2a: Chien-Pao|92\/100\n|cant|p2a: Chien-Pao|flinch\n|move|p2b: Dragonite|Outrage|p1b: Iron Hands|[from]lockedmove\n|-damage|p1b: Iron Hands|0 fnt\n|faint|p1b: Iron Hands\n|-end|p1b: Iron Hands|Quark Drive|[silent]\n|-start|p2b: Dragonite|confusion|[fatigue]\n|\n|upkeep\n|turn|7\n|-message|Big_Buffet_Boi87 forfeited.\n|\n|win|QuiC97\n|raw|Big_Buffet_Boi87's rating: 1202 &rarr; <strong>1184<\/strong><br \/>(-18 for losing)\n|raw|QuiC97's rating: 1304 &rarr; <strong>1318<\/strong><br \/>(+14 for winning)\n|l|\u2606Big_Buffet_Boi87\n","uploadtime":1700638917,"views":2,"p1id":"bigbuffetboi87","p2id":"quic97","formatid":"gen9vgc2023regulatione","rating":1184,"private":0,"password":""}