{"id":"gen9vgc2023regulatione-1989108631","p1":"testpip90","p2":"Valhala Alfa","format":"[Gen 9] VGC 2023 Regulation E","log":"|j|\u2606testpip90\n|j|\u2606Valhala Alfa\n|t:|1699813122\n|gametype|doubles\n|player|p1|testpip90|giovanni|1312\n|player|p2|Valhala Alfa|silver|1307\n|teamsize|p1|6\n|teamsize|p2|6\n|gen|9\n|tier|[Gen 9] VGC 2023 Regulation E\n|rated|\n|rule|Species Clause: Limit one of each Pok\u00e9mon\n|rule|Item Clause: Limit one of each item\n|clearpoke\n|poke|p1|Okidogi, L50, M|\n|poke|p1|Flutter Mane, L50|\n|poke|p1|Urshifu-*, L50, F|\n|poke|p1|Arcanine-Hisui, L50, F|\n|poke|p1|Chi-Yu, L50|\n|poke|p1|Rillaboom, L50, F|\n|poke|p2|Dondozo, L50, F|\n|poke|p2|Tatsugiri, L50, M|\n|poke|p2|Glimmora, L50, F|\n|poke|p2|Urshifu-*, L50, F|\n|poke|p2|Ogerpon-Wellspring, L50, F|\n|poke|p2|Chi-Yu, L50|\n|teampreview|4\n|inactive|Battle timer is ON: inactive players will automatically lose when time's up. (requested by Valhala Alfa)\nValhala Alfa has agreed to open team sheets.\n|inactive|Valhala Alfa has 60 seconds left.\n|\n|t:|1699813161\n|start\n|switch|p1a: Okidogi|Okidogi, L50, M|100\/100\n|switch|p1b: Urshifu|Urshifu-Rapid-Strike, L50, F|100\/100\n|switch|p2a: Glimmora|Glimmora, L50, F|100\/100\n|switch|p2b: Ogerpon|Ogerpon-Wellspring, L50, F|100\/100\n|turn|1\n|inactive|testpip90 has 30 seconds left.\n|inactive|Valhala Alfa has 30 seconds left.\n|inactive|Valhala Alfa has 20 seconds left.\n|\n|t:|1699813200\n|-terastallize|p2b: Ogerpon|Water\n|detailschange|p2b: Ogerpon|Ogerpon-Wellspring-Tera, L50, F, tera:Water\n|-ability|p2b: Ogerpon|Embody Aspect (Wellspring)|boost\n|-boost|p2b: Ogerpon|spd|1\n|-terastallize|p1a: Okidogi|Dragon\n|move|p1b: Urshifu|U-turn|p2b: Ogerpon\n|-damage|p2b: Ogerpon|72\/100\n|\n|t:|1699813214\n|switch|p1b: Rillaboom|Rillaboom, L50, F|100\/100|[from] U-turn\n|-fieldstart|move: Grassy Terrain|[from] ability: Grassy Surge|[of] p1b: Rillaboom\n|move|p2a: Glimmora|Power Gem|p1a: Okidogi\n|-damage|p1a: Okidogi|58\/100\n|move|p2b: Ogerpon|Horn Leech|p1b: Rillaboom\n|-resisted|p1b: Rillaboom\n|-damage|p1b: Rillaboom|70\/100\n|-heal|p2b: Ogerpon|89\/100|[from] drain|[of] p1b: Rillaboom\n|move|p1a: Okidogi|Bulk Up|p1a: Okidogi\n|-boost|p1a: Okidogi|atk|1\n|-boost|p1a: Okidogi|def|1\n|\n|-heal|p2b: Ogerpon|95\/100|[from] Grassy Terrain\n|-heal|p1a: Okidogi|64\/100|[from] Grassy Terrain\n|-heal|p1a: Okidogi|70\/100|[from] item: Leftovers\n|-heal|p1b: Rillaboom|76\/100|[from] Grassy Terrain\n|upkeep\n|turn|2\n|inactive|testpip90 has 30 seconds left.\n|inactive|testpip90 has 20 seconds left.\n|inactive|testpip90 has 15 seconds left.\n|\n|t:|1699813258\n|move|p2b: Ogerpon|Spiky Shield|p2b: Ogerpon\n|-singleturn|p2b: Ogerpon|move: Protect\n|move|p2a: Glimmora|Mortal Spin|p1a: Okidogi|[spread] p1a,p1b\n|-supereffective|p1b: Rillaboom\n|-damage|p1a: Okidogi|68\/100\n|-damage|p1b: Rillaboom|67\/100\n|-status|p1a: Okidogi|psn\n|move|p1a: Okidogi|Bulk Up|p1a: Okidogi\n|-boost|p1a: Okidogi|atk|1\n|-boost|p1a: Okidogi|def|1\n|move|p1b: Rillaboom|High Horsepower|p2a: Glimmora\n|-supereffective|p2a: Glimmora\n|-enditem|p2a: Glimmora|Focus Sash\n|-damage|p2a: Glimmora|1\/100\n|-activate|p2a: Glimmora|ability: Toxic Debris\n|-sidestart|p1: testpip90|move: Toxic Spikes\n|\n|-heal|p2a: Glimmora|7\/100|[from] Grassy Terrain\n|-heal|p2b: Ogerpon|100\/100|[from] Grassy Terrain\n|-heal|p1a: Okidogi|74\/100 psn|[from] Grassy Terrain\n|-heal|p1a: Okidogi|81\/100 psn|[from] item: Leftovers\n|-heal|p1b: Rillaboom|73\/100|[from] Grassy Terrain\n|-damage|p1a: Okidogi|68\/100 psn|[from] psn\n|upkeep\n|turn|3\n|inactive|testpip90 has 30 seconds left.\n|inactive|Valhala Alfa has 30 seconds left.\n|inactive|Valhala Alfa has 20 seconds left.\n|inactive|Valhala Alfa has 15 seconds left.\n|inactive|Valhala Alfa has 10 seconds left.\n|inactive|Valhala Alfa has 5 seconds left.\n|\n|t:|1699813312\n|move|p1b: Rillaboom|Grassy Glide|p2a: Glimmora\n|-damage|p2a: Glimmora|0 fnt\n|-activate|p2a: Glimmora|ability: Toxic Debris\n|-sidestart|p1: testpip90|move: Toxic Spikes\n|faint|p2a: Glimmora\n|move|p2b: Ogerpon|Ivy Cudgel|p1b: Rillaboom\n|-resisted|p1b: Rillaboom\n|-damage|p1b: Rillaboom|36\/100\n|move|p1a: Okidogi|Drain Punch|p2b: Ogerpon\n|-damage|p2b: Ogerpon|30\/100\n|-heal|p1a: Okidogi|100\/100 psn|[from] drain|[of] p2b: Ogerpon\n|\n|-heal|p2b: Ogerpon|36\/100|[from] Grassy Terrain\n|-heal|p1b: Rillaboom|42\/100|[from] Grassy Terrain\n|-damage|p1a: Okidogi|88\/100 psn|[from] psn\n|upkeep\n|\n|t:|1699813328\n|switch|p2a: Dondozo|Dondozo, L50, F|100\/100\n|turn|4\n|\n|t:|1699813345\n|move|p2a: Dondozo|Protect|p2a: Dondozo\n|-singleturn|p2a: Dondozo|Protect\n|move|p1b: Rillaboom|Grassy Glide|p2b: Ogerpon\n|-supereffective|p2b: Ogerpon\n|-damage|p2b: Ogerpon|0 fnt\n|faint|p2b: Ogerpon\n|move|p1a: Okidogi|Knock Off|p2a: Dondozo\n|-activate|p2a: Dondozo|move: Protect\n|\n|-heal|p1a: Okidogi|94\/100 psn|[from] Grassy Terrain\n|-heal|p1a: Okidogi|100\/100 psn|[from] item: Leftovers\n|-heal|p1b: Rillaboom|48\/100|[from] Grassy Terrain\n|-damage|p1a: Okidogi|88\/100 psn|[from] psn\n|upkeep\n|\n|t:|1699813354\n|switch|p2b: Tatsugiri|Tatsugiri, L50, M|100\/100\n|-activate|p2b: Tatsugiri|ability: Commander|[of] p2a: Dondozo\n|-boost|p2a: Dondozo|atk|2\n|-boost|p2a: Dondozo|spa|2\n|-boost|p2a: Dondozo|spe|2\n|-boost|p2a: Dondozo|def|2\n|-boost|p2a: Dondozo|spd|2\n|turn|5\n|\n|t:|1699813373\n|switch|p1b: Arcanine|Arcanine-Hisui, L50, F|100\/100\n|-status|p1b: Arcanine|tox\n|-ability|p1b: Arcanine|Intimidate|boost\n|-fail|p2a: Dondozo|unboost|Attack|[from] ability: Oblivious|[of] p2a: Dondozo\n|-unboost|p2b: Tatsugiri|atk|1\n|move|p2a: Dondozo|Order Up|p1a: Okidogi\n|-supereffective|p1a: Okidogi\n|-damage|p1a: Okidogi|57\/100 psn\n|-boost|p2a: Dondozo|atk|1\n|move|p1a: Okidogi|Knock Off|p2a: Dondozo\n|-damage|p2a: Dondozo|79\/100\n|-enditem|p2a: Dondozo|Leftovers|[from] move: Knock Off|[of] p1a: Okidogi\n|\n|-heal|p2a: Dondozo|85\/100|[from] Grassy Terrain\n|-heal|p1a: Okidogi|63\/100 psn|[from] Grassy Terrain\n|-heal|p1a: Okidogi|69\/100 psn|[from] item: Leftovers\n|-damage|p1b: Arcanine|94\/100 tox|[from] psn\n|-damage|p1a: Okidogi|57\/100 psn|[from] psn\n|-fieldend|move: Grassy Terrain\n|upkeep\n|turn|6\n|inactive|testpip90 has 30 seconds left.\n|inactive|testpip90 has 20 seconds left.\n|\n|t:|1699813410\n|switch|p1b: Rillaboom|Rillaboom, L50, F|48\/100\n|-status|p1b: Rillaboom|tox\n|-fieldstart|move: Grassy Terrain|[from] ability: Grassy Surge|[of] p1b: Rillaboom\n|move|p1a: Okidogi|Protect|p1a: Okidogi\n|-singleturn|p1a: Okidogi|Protect\n|move|p2a: Dondozo|Order Up|p1a: Okidogi\n|-activate|p1a: Okidogi|move: Protect\n|\n|-heal|p2a: Dondozo|92\/100|[from] Grassy Terrain\n|-heal|p1a: Okidogi|63\/100 psn|[from] Grassy Terrain\n|-heal|p1a: Okidogi|69\/100 psn|[from] item: Leftovers\n|-heal|p1b: Rillaboom|55\/100 tox|[from] Grassy Terrain\n|-damage|p1a: Okidogi|57\/100 psn|[from] psn\n|-damage|p1b: Rillaboom|48\/100 tox|[from] psn\n|upkeep\n|turn|7\n|\n|t:|1699813432\n|move|p2a: Dondozo|Protect|p2a: Dondozo\n|-singleturn|p2a: Dondozo|Protect\n|move|p1b: Rillaboom|Fake Out|p2a: Dondozo\n|-activate|p2a: Dondozo|move: Protect\n|move|p1a: Okidogi|Bulk Up|p1a: Okidogi\n|-boost|p1a: Okidogi|atk|1\n|-boost|p1a: Okidogi|def|1\n|\n|-heal|p2a: Dondozo|98\/100|[from] Grassy Terrain\n|-heal|p1a: Okidogi|63\/100 psn|[from] Grassy Terrain\n|-heal|p1a: Okidogi|69\/100 psn|[from] item: Leftovers\n|-heal|p1b: Rillaboom|55\/100 tox|[from] Grassy Terrain\n|-damage|p1a: Okidogi|57\/100 psn|[from] psn\n|-damage|p1b: Rillaboom|42\/100 tox|[from] psn\n|upkeep\n|turn|8\n|\n|t:|1699813450\n|move|p1b: Rillaboom|Grassy Glide|p2a: Dondozo\n|-supereffective|p2a: Dondozo\n|-damage|p2a: Dondozo|70\/100\n|move|p2a: Dondozo|Order Up|p1b: Rillaboom\n|-damage|p1b: Rillaboom|0 fnt\n|faint|p1b: Rillaboom\n|-boost|p2a: Dondozo|atk|1\n|move|p1a: Okidogi|Drain Punch|p2a: Dondozo\n|-damage|p2a: Dondozo|42\/100\n|-heal|p1a: Okidogi|75\/100 psn|[from] drain|[of] p2a: Dondozo\n|\n|-heal|p2a: Dondozo|48\/100|[from] Grassy Terrain\n|-heal|p1a: Okidogi|81\/100 psn|[from] Grassy Terrain\n|-heal|p1a: Okidogi|87\/100 psn|[from] item: Leftovers\n|-damage|p1a: Okidogi|75\/100 psn|[from] psn\n|upkeep\n|\n|t:|1699813475\n|switch|p1b: Arcanine|Arcanine-Hisui, L50, F|94\/100 tox\n|-ability|p1b: Arcanine|Intimidate|boost\n|-fail|p2a: Dondozo|unboost|Attack|[from] ability: Oblivious|[of] p2a: Dondozo\n|-unboost|p2b: Tatsugiri|atk|1\n|turn|9\n|\n|t:|1699813499\n|move|p2a: Dondozo|Order Up|p1a: Okidogi\n|-supereffective|p1a: Okidogi\n|-damage|p1a: Okidogi|37\/100 psn\n|-boost|p2a: Dondozo|atk|1\n|move|p1b: Arcanine|Flare Blitz|p2a: Dondozo\n|-resisted|p2a: Dondozo\n|-damage|p2a: Dondozo|38\/100\n|-damage|p1b: Arcanine|90\/100 tox|[from] Recoil\n|move|p1a: Okidogi|Drain Punch|p2a: Dondozo\n|-damage|p2a: Dondozo|8\/100\n|-heal|p1a: Okidogi|57\/100 psn|[from] drain|[of] p2a: Dondozo\n|\n|-heal|p2a: Dondozo|14\/100|[from] Grassy Terrain\n|-heal|p1b: Arcanine|96\/100 tox|[from] Grassy Terrain\n|-heal|p1a: Okidogi|63\/100 psn|[from] Grassy Terrain\n|-heal|p1a: Okidogi|69\/100 psn|[from] item: Leftovers\n|-damage|p1b: Arcanine|90\/100 tox|[from] psn\n|-damage|p1a: Okidogi|57\/100 psn|[from] psn\n|upkeep\n|turn|10\n|inactive|testpip90 has 30 seconds left.\n|inactive|testpip90 has 20 seconds left.\n|inactive|testpip90 has 15 seconds left.\n|\n|t:|1699813539\n|move|p2a: Dondozo|Protect|p2a: Dondozo\n|-singleturn|p2a: Dondozo|Protect\n|move|p1b: Arcanine|Flare Blitz|p2a: Dondozo\n|-activate|p2a: Dondozo|move: Protect\n|move|p1a: Okidogi|Drain Punch|p2a: Dondozo\n|-activate|p2a: Dondozo|move: Protect\n|\n|-heal|p2a: Dondozo|20\/100|[from] Grassy Terrain\n|-heal|p1b: Arcanine|96\/100 tox|[from] Grassy Terrain\n|-heal|p1a: Okidogi|63\/100 psn|[from] Grassy Terrain\n|-heal|p1a: Okidogi|69\/100 psn|[from] item: Leftovers\n|-damage|p1b: Arcanine|84\/100 tox|[from] psn\n|-damage|p1a: Okidogi|57\/100 psn|[from] psn\n|-fieldend|move: Grassy Terrain\n|upkeep\n|turn|11\n|\n|t:|1699813557\n|switch|p1b: Urshifu|Urshifu-Rapid-Strike, L50, F|100\/100\n|-status|p1b: Urshifu|tox\n|move|p2a: Dondozo|Earthquake|p1a: Okidogi|[spread] p1a,p1b\n|-miss|p2a: Dondozo|p2b: Tatsugiri\n|-damage|p1a: Okidogi|38\/100 psn\n|-damage|p1b: Urshifu|43\/100 tox\n|move|p1a: Okidogi|Drain Punch|p2a: Dondozo\n|-damage|p2a: Dondozo|0 fnt\n|-heal|p1a: Okidogi|50\/100 psn|[from] drain|[of] p2a: Dondozo\n|faint|p2a: Dondozo\n|\n|-heal|p1a: Okidogi|57\/100 psn|[from] item: Leftovers\n|-damage|p1b: Urshifu|37\/100 tox|[from] psn\n|-damage|p1a: Okidogi|44\/100 psn|[from] psn\n|upkeep\n|turn|12\n|\n|t:|1699813578\n|move|p1a: Okidogi|Protect|p1a: Okidogi\n|-singleturn|p1a: Okidogi|Protect\n|move|p1b: Urshifu|Close Combat|p2b: Tatsugiri\n|-damage|p2b: Tatsugiri|35\/100\n|-unboost|p1b: Urshifu|def|1\n|-unboost|p1b: Urshifu|spd|1\n|move|p2b: Tatsugiri|Draco Meteor|p1a: Okidogi\n|-activate|p1a: Okidogi|move: Protect\n|\n|-heal|p1a: Okidogi|50\/100 psn|[from] item: Leftovers\n|-damage|p1b: Urshifu|25\/100 tox|[from] psn\n|-damage|p1a: Okidogi|38\/100 psn|[from] psn\n|upkeep\n|turn|13\n|\n|t:|1699813591\n|move|p1b: Urshifu|Close Combat|p2b: Tatsugiri\n|-damage|p2b: Tatsugiri|0 fnt\n|-unboost|p1b: Urshifu|def|1\n|-unboost|p1b: Urshifu|spd|1\n|faint|p2b: Tatsugiri\n|\n|win|testpip90\n|raw|testpip90's rating: 1312 &rarr; <strong>1332<\/strong><br \/>(+20 for winning)\n|raw|Valhala Alfa's rating: 1307 &rarr; <strong>1287<\/strong><br \/>(-20 for losing)\n|l|\u2606testpip90\n","uploadtime":1699813630,"views":17,"p1id":"testpip90","p2id":"valhalaalfa","formatid":"gen9vgc2023regulatione","rating":1287,"private":0,"password":""}