{"id":"gen9vgc2023regulatione-1995051519","p1":"justsosa","p2":"cicibi","format":"[Gen 9] VGC 2023 Regulation E","log":"|j|\u2606justsosa\n|j|\u2606cicibi\n|t:|1700517322\n|gametype|doubles\n|player|p1|justsosa|101|1138\n|player|p2|cicibi|policeman|1147\n|teamsize|p1|6\n|teamsize|p2|6\n|gen|9\n|tier|[Gen 9] VGC 2023 Regulation E\n|rated|\n|rule|Species Clause: Limit one of each Pok\u00e9mon\n|rule|Item Clause: Limit one of each item\n|clearpoke\n|poke|p1|Ogerpon-Hearthflame, L50, F|\n|poke|p1|Fezandipiti, L50, M|\n|poke|p1|Great Tusk, L50|\n|poke|p1|Hydreigon, L50, M|\n|poke|p1|Thundurus-Therian, L50, M|\n|poke|p1|Sneasel, L50, M|\n|poke|p2|Cresselia, L50, F|\n|poke|p2|Dondozo, L50, M|\n|poke|p2|Iron Hands, L50|\n|poke|p2|Klefki, L50, M|\n|poke|p2|Sinistcha, L50|\n|poke|p2|Ting-Lu, L50|\n|teampreview|4\n|inactive|Battle timer is ON: inactive players will automatically lose when time's up. (requested by cicibi)\n|\n|t:|1700517359\n|start\n|switch|p1a: Thundurus|Thundurus-Therian, L50, M, shiny|100\/100\n|switch|p1b: Sneasel|Sneasel, L50, M, shiny|100\/100\n|switch|p2a: Klefki|Klefki, L50, M|100\/100\n|switch|p2b: Iron Hands|Iron Hands, L50|100\/100\n|turn|1\n|\n|t:|1700517379\n|move|p1b: Sneasel|Fake Out|p2b: Iron Hands\n|-damage|p2b: Iron Hands|93\/100\n|cant|p2b: Iron Hands|flinch\n|move|p2a: Klefki|Light Screen|p2a: Klefki\n|-sidestart|p2: cicibi|move: Light Screen\n|move|p1a: Thundurus|Psychic|p2b: Iron Hands\n|-supereffective|p2b: Iron Hands\n|-damage|p2b: Iron Hands|45\/100\n|-damage|p1a: Thundurus|91\/100|[from] item: Life Orb\n|\n|upkeep\n|turn|2\n|inactive|cicibi has 30 seconds left.\n|\n|t:|1700517410\n|-terastallize|p2b: Iron Hands|Fairy\n|move|p2a: Klefki|Reflect|p2a: Klefki\n|-sidestart|p2: cicibi|Reflect\n|move|p1b: Sneasel|Knock Off|p2a: Klefki\n|-resisted|p2a: Klefki\n|-damage|p2a: Klefki|89\/100\n|-enditem|p2a: Klefki|Light Clay|[from] move: Knock Off|[of] p1b: Sneasel\n|move|p1a: Thundurus|Psychic|p2b: Iron Hands\n|-damage|p2b: Iron Hands|20\/100\n|-enditem|p2b: Iron Hands|Figy Berry|[eat]\n|-heal|p2b: Iron Hands|53\/100|[from] item: Figy Berry\n|-damage|p1a: Thundurus|81\/100|[from] item: Life Orb\n|move|p2b: Iron Hands|Drain Punch|p1b: Sneasel\n|-supereffective|p1b: Sneasel\n|-damage|p1b: Sneasel|0 fnt\n|-heal|p2b: Iron Hands|80\/100|[from] drain|[of] p1b: Sneasel\n|faint|p1b: Sneasel\n|\n|upkeep\n|\n|t:|1700517426\n|switch|p1b: Ogerpon|Ogerpon-Hearthflame, L50, F|100\/100\n|-ability|p1b: Ogerpon|Mold Breaker\n|turn|3\n|\n|t:|1700517448\n|move|p1b: Ogerpon|Spiky Shield|p1b: Ogerpon\n|-singleturn|p1b: Ogerpon|move: Protect\n|move|p2a: Klefki|Thunder Wave|p1b: Ogerpon\n|-activate|p1b: Ogerpon|move: Protect\n|move|p1a: Thundurus|Discharge|p2a: Klefki|[spread] p2a,p2b\n|-activate|p1b: Ogerpon|move: Protect\n|-damage|p2a: Klefki|60\/100\n|-damage|p2b: Iron Hands|58\/100\n|-damage|p1a: Thundurus|71\/100|[from] item: Life Orb\n|move|p2b: Iron Hands|Drain Punch|p1b: Ogerpon\n|-activate|p1b: Ogerpon|move: Protect\n|-damage|p2b: Iron Hands|45\/100|[from] Spiky Shield|[of] p1b: Ogerpon\n|\n|upkeep\n|turn|4\n|inactive|justsosa has 30 seconds left.\n|inactive|justsosa has 20 seconds left.\n|inactive|justsosa has 15 seconds left.\n|\n|t:|1700517489\n|move|p2a: Klefki|Thunder Wave|p1b: Ogerpon\n|-status|p1b: Ogerpon|par\n|move|p1a: Thundurus|Psychic|p2b: Iron Hands\n|-damage|p2b: Iron Hands|22\/100\n|-unboost|p2b: Iron Hands|spd|1\n|-damage|p1a: Thundurus|62\/100|[from] item: Life Orb\n|cant|p1b: Ogerpon|par\n|move|p2b: Iron Hands|Drain Punch|p1b: Ogerpon\n|-damage|p1b: Ogerpon|48\/100 par\n|-heal|p2b: Iron Hands|38\/100|[from] drain|[of] p1b: Ogerpon\n|\n|upkeep\n|turn|5\n|\n|t:|1700517509\n|-end|p2b: Iron Hands|Quark Drive|[silent]\n|switch|p2b: Cresselia|Cresselia, L50, F|100\/100\n|move|p1a: Thundurus|Psychic|p2b: Cresselia\n|-resisted|p2b: Cresselia\n|-damage|p2b: Cresselia|92\/100\n|-damage|p1a: Thundurus|52\/100|[from] item: Life Orb\n|move|p2a: Klefki|Dazzling Gleam|p1a: Thundurus|[spread] p1a,p1b\n|-resisted|p1b: Ogerpon\n|-damage|p1a: Thundurus|30\/100\n|-damage|p1b: Ogerpon|39\/100 par\n|move|p1b: Ogerpon|Ivy Cudgel|p2a: Klefki|[anim] Ivy Cudgel Fire\n|-supereffective|p2a: Klefki\n|-damage|p2a: Klefki|0 fnt\n|faint|p2a: Klefki\n|\n|upkeep\n|\n|t:|1700517527\n|switch|p2a: Iron Hands|Iron Hands, L50, tera:Fairy|38\/100\n|turn|6\n|\n|t:|1700517543\n|move|p2a: Iron Hands|Fake Out|p1a: Thundurus\n|-damage|p1a: Thundurus|9\/100\n|cant|p1a: Thundurus|flinch\n|move|p1b: Ogerpon|Ivy Cudgel|p2b: Cresselia|[anim] Ivy Cudgel Fire\n|-damage|p2b: Cresselia|67\/100\n|move|p2b: Cresselia|Trick Room|p2b: Cresselia\n|-fieldstart|move: Trick Room|[of] p2b: Cresselia\n|\n|upkeep\n|turn|7\n|\n|t:|1700517564\n|move|p2a: Iron Hands|Drain Punch|p1b: Ogerpon\n|-damage|p1b: Ogerpon|0 fnt\n|-heal|p2a: Iron Hands|50\/100|[from] drain|[of] p1b: Ogerpon\n|faint|p1b: Ogerpon\n|move|p2b: Cresselia|Lunar Blessing|p2b: Cresselia|[spread] p2a,p2b\n|-heal|p2a: Iron Hands|75\/100\n|-heal|p2b: Cresselia|92\/100\n|move|p1a: Thundurus|Psychic|p2a: Iron Hands\n|-damage|p2a: Iron Hands|54\/100\n|-damage|p1a: Thundurus|0 fnt|[from] item: Life Orb\n|faint|p1a: Thundurus\n|\n|upkeep\n|\n|t:|1700517568\n|switch|p1b: Hydreigon|Hydreigon, L50, M, shiny|100\/100\n|turn|8\n|\n|t:|1700517587\n|-terastallize|p1b: Hydreigon|Poison\n|move|p2a: Iron Hands|Swords Dance|p2a: Iron Hands\n|-boost|p2a: Iron Hands|atk|2\n|move|p2b: Cresselia|Lunar Blessing|p2b: Cresselia|[spread] p2a,p2b\n|-heal|p2a: Iron Hands|79\/100\n|-heal|p2b: Cresselia|100\/100\n|move|p1b: Hydreigon|Dark Pulse|p2b: Cresselia\n|-supereffective|p2b: Cresselia\n|-damage|p2b: Cresselia|66\/100\n|\n|-sideend|p2: cicibi|move: Light Screen\n|upkeep\n|turn|9\n|\n|t:|1700517604\n|move|p2b: Cresselia|Helping Hand|p2a: Iron Hands\n|-singleturn|p2a: Iron Hands|Helping Hand|[of] p2b: Cresselia\n|move|p2a: Iron Hands|Wild Charge|p1b: Hydreigon\n|-damage|p1b: Hydreigon|0 fnt\n|faint|p1b: Hydreigon\n|-damage|p2a: Iron Hands|61\/100|[from] Recoil\n|\n|win|cicibi\n|raw|justsosa's rating: 1138 &rarr; <strong>1114<\/strong><br \/>(-24 for losing)\n|raw|cicibi's rating: 1147 &rarr; <strong>1171<\/strong><br \/>(+24 for winning)\n|l|\u2606justsosa\n","uploadtime":1700517626,"views":31,"p1id":"justsosa","p2id":"cicibi","formatid":"gen9vgc2023regulatione","rating":1114,"private":0,"password":""}