{"id":"gen9vgc2023regulatione-1990804298","p1":"Sword of ?","p2":"AndrwApple","format":"[Gen 9] VGC 2023 Regulation E","log":"|j|\u2606Sword of ?\n|j|\u2606AndrwApple\n|n|\u2606Sword of ?|swordof\n|n|\u2606AndrwApple|andrwapple\n|html|View the match progress at <a href=\"\/game-bestof3-gen9vgc2023regulatione-1990801449\">game-bestof3-gen9vgc2023regulatione-1990801449<\/a>\n|t:|1700002520\n|gametype|doubles\n|player|p1|Sword of ?|acetrainer-gen6xy|\n|player|p2|AndrwApple|dawn|\n|teamsize|p1|6\n|teamsize|p2|6\n|gen|9\n|tier|[Gen 9] VGC 2023 Regulation E\n|rule|Species Clause: Limit one of each Pok\u00e9mon\n|rule|Item Clause: Limit one of each item\n|clearpoke\n|poke|p1|Kingambit, L50, F|\n|poke|p1|Ogerpon-Wellspring, L50, F|\n|poke|p1|Landorus-Therian, L50, M|\n|poke|p1|Flutter Mane, L50|\n|poke|p1|Rillaboom, L50, F|\n|poke|p1|Heatran, L50, M|\n|poke|p2|Ting-Lu, L50|\n|poke|p2|Arcanine-Hisui, L50, M|\n|poke|p2|Iron Hands, L50|\n|poke|p2|Ogerpon-Wellspring, L50, F|\n|poke|p2|Amoonguss, L50, F|\n|poke|p2|Flutter Mane, L50|\n|teampreview|4\n|inactive|Battle timer is ON: inactive players will automatically lose when time's up. (requested by Sword of ?)\n|inactive|Sword of ? has 60 seconds left.\nSword of ? has agreed to open team sheets.\n|\n|t:|1700002560\n|start\n|switch|p1a: Flutter Mane|Flutter Mane, L50|100\/100\n|switch|p1b: Ogerpon|Ogerpon-Wellspring, L50, F|100\/100\n|switch|p2a: Ogerpon|Ogerpon-Wellspring, L50, F|100\/100\n|switch|p2b: Amoonguss|Amoonguss, L50, F|100\/100\n|turn|1\n|inactive|Sword of ? has 30 seconds left.\n|inactive|Sword of ? has 20 seconds left.\n|inactive|Sword of ? has 15 seconds left.\n|\n|t:|1700002604\n|move|p1a: Flutter Mane|Shadow Ball|p2b: Amoonguss\n|-damage|p2b: Amoonguss|41\/100\n|-enditem|p2b: Amoonguss|Sitrus Berry|[eat]\n|-heal|p2b: Amoonguss|66\/100|[from] item: Sitrus Berry\n|move|p2a: Ogerpon|Swords Dance|p2a: Ogerpon\n|-boost|p2a: Ogerpon|atk|2\n|move|p1b: Ogerpon|Wood Hammer|p2a: Ogerpon\n|-damage|p2a: Ogerpon|34\/100\n|-damage|p1b: Ogerpon|79\/100|[from] Recoil\n|move|p2b: Amoonguss|Pollen Puff|p2a: Ogerpon\n|-heal|p2a: Ogerpon|84\/100\n|\n|upkeep\n|turn|2\n|inactive|Sword of ? has 30 seconds left.\n|\n|t:|1700002632\n|switch|p2b: Ting-Lu|Ting-Lu, L50|100\/100\n|-ability|p2b: Ting-Lu|Vessel of Ruin\n|move|p2a: Ogerpon|Spiky Shield|p2a: Ogerpon\n|-singleturn|p2a: Ogerpon|move: Protect\n|move|p1b: Ogerpon|Follow Me|p1b: Ogerpon\n|-singleturn|p1b: Ogerpon|move: Follow Me\n|move|p1a: Flutter Mane|Shadow Ball|p2a: Ogerpon\n|-activate|p2a: Ogerpon|move: Protect\n|\n|upkeep\n|turn|3\n|inactive|Sword of ? has 30 seconds left.\n|inactive|AndrwApple has 30 seconds left.\n|\n|t:|1700002667\n|-end|p1a: Flutter Mane|Protosynthesis|[silent]\n|switch|p1a: Landorus|Landorus-Therian, L50, M|100\/100\n|-ability|p1a: Landorus|Intimidate|boost\n|-unboost|p2a: Ogerpon|atk|1\n|-unboost|p2b: Ting-Lu|atk|1\n|move|p2a: Ogerpon|Horn Leech|p1a: Landorus\n|-damage|p1a: Landorus|34\/100\n|-heal|p2a: Ogerpon|100\/100|[from] drain|[of] p1a: Landorus\n|move|p1b: Ogerpon|Wood Hammer|p2a: Ogerpon\n|-damage|p2a: Ogerpon|39\/100\n|-damage|p1b: Ogerpon|58\/100|[from] Recoil\n|move|p2b: Ting-Lu|Stomping Tantrum|p1a: Landorus\n|-immune|p1a: Landorus\n|\n|upkeep\n|turn|4\n|\n|t:|1700002691\n|switch|p2b: Iron Hands|Iron Hands, L50|100\/100\n|-terastallize|p1a: Landorus|Flying\n|move|p2a: Ogerpon|Spiky Shield|p2a: Ogerpon\n|-singleturn|p2a: Ogerpon|move: Protect\n|move|p1a: Landorus|Tera Blast|p2a: Ogerpon|[anim] Tera Blast Flying\n|-activate|p2a: Ogerpon|move: Protect\n|move|p1b: Ogerpon|Ivy Cudgel|p2b: Iron Hands|[anim] Ivy Cudgel Water\n|-damage|p2b: Iron Hands|61\/100\n|\n|upkeep\n|turn|5\n|inactive|Sword of ? has 30 seconds left.\n|inactive|AndrwApple has 30 seconds left.\n|\n|t:|1700002721\n|move|p2b: Iron Hands|Fake Out|p1a: Landorus\n|-damage|p1a: Landorus|15\/100\n|cant|p1a: Landorus|flinch\n|move|p1b: Ogerpon|Wood Hammer|p2a: Ogerpon\n|-damage|p2a: Ogerpon|0 fnt\n|faint|p2a: Ogerpon\n|-damage|p1b: Ogerpon|45\/100|[from] Recoil\n|\n|upkeep\n|\n|t:|1700002723\n|switch|p2a: Amoonguss|Amoonguss, L50, F|99\/100\n|turn|6\n|inactive|Sword of ? has 30 seconds left.\n|inactive|AndrwApple has 30 seconds left.\n|inactive|Sword of ? has 20 seconds left.\n|\n|t:|1700002762\n|move|p1a: Landorus|Tera Blast|p2b: Iron Hands|[anim] Tera Blast Flying\n|-damage|p2b: Iron Hands|10\/100\n|move|p1b: Ogerpon|Wood Hammer|p2b: Iron Hands\n|-damage|p2b: Iron Hands|0 fnt\n|faint|p2b: Iron Hands\n|-end|p2b: Iron Hands|Quark Drive|[silent]\n|-damage|p1b: Ogerpon|42\/100|[from] Recoil\n|move|p2a: Amoonguss|Pollen Puff|p2: Iron Hands|[notarget]\n|-fail|p2a: Amoonguss\n|\n|upkeep\n|\n|t:|1700002766\n|switch|p2b: Ting-Lu|Ting-Lu, L50|100\/100\n|-ability|p2b: Ting-Lu|Vessel of Ruin\n|turn|7\n|\n|t:|1700002775\n|move|p2a: Amoonguss|Protect|p2a: Amoonguss\n|-singleturn|p2a: Amoonguss|Protect\n|move|p1b: Ogerpon|Follow Me|p1b: Ogerpon\n|-singleturn|p1b: Ogerpon|move: Follow Me\n|move|p1a: Landorus|Tera Blast|p2a: Amoonguss|[anim] Tera Blast Flying\n|-activate|p2a: Amoonguss|move: Protect\n|move|p2b: Ting-Lu|Lash Out|p1b: Ogerpon\n|-damage|p1b: Ogerpon|11\/100\n|\n|upkeep\n|turn|8\n|c|\u2606Sword of ?|gg\n|\n|t:|1700002792\n|move|p1a: Landorus|Tera Blast|p2a: Amoonguss|[anim] Tera Blast Flying\n|-supereffective|p2a: Amoonguss\n|-damage|p2a: Amoonguss|0 fnt\n|faint|p2a: Amoonguss\n|move|p1b: Ogerpon|Wood Hammer|p2b: Ting-Lu\n|-supereffective|p2b: Ting-Lu\n|-damage|p2b: Ting-Lu|27\/100\n|-damage|p1b: Ogerpon|0 fnt|[from] Recoil\n|faint|p1b: Ogerpon\n|move|p2b: Ting-Lu|Lash Out|p1a: Landorus\n|-damage|p1a: Landorus|0 fnt\n|faint|p1a: Landorus\n|\n|-heal|p2b: Ting-Lu|33\/100|[from] item: Leftovers\n|upkeep\n|c|\u2606AndrwApple|Gg\n|\n|t:|1700002799\n|switch|p1b: Flutter Mane|Flutter Mane, L50|100\/100\n|switch|p1a: Rillaboom|Rillaboom, L50, F|100\/100\n|-fieldstart|move: Grassy Terrain|[from] ability: Grassy Surge|[of] p1a: Rillaboom\n|turn|9\n|c|\u2606AndrwApple|Fuck this mu\n|\n|t:|1700002808\n|move|p1b: Flutter Mane|Moonblast|p2b: Ting-Lu\n|-supereffective|p2b: Ting-Lu\n|-damage|p2b: Ting-Lu|0 fnt\n|faint|p2b: Ting-Lu\n|\n|win|Sword of ?\n|l|\u2606Sword of ?\n|j|\u2606Sword of ?\n|player|p1|Sword of ?|acetrainer-gen6xy\n|l|\u2606AndrwApple\n|l|\u2606Sword of ?\n|player|p1|\n|j|\u2606Sword of ?\n|player|p1|Sword of ?|acetrainer-gen6xy\n","uploadtime":1700002895,"views":45,"p1id":"swordof","p2id":"andrwapple","formatid":"gen9vgc2023regulatione","rating":0,"private":0,"password":""}