{"id":"gen9vgc2023regulatione-1990259742","p1":"ObiFelipe","p2":"grumpig#1hero","format":"[Gen 9] VGC 2023 Regulation E","log":"|j|\u2606ObiFelipe\n|j|\u2606grumpig#1hero\n|t:|1699946329\n|gametype|doubles\n|player|p1|ObiFelipe|hilbert|1403\n|player|p2|grumpig#1hero|102|1460\n|teamsize|p1|6\n|teamsize|p2|6\n|gen|9\n|tier|[Gen 9] VGC 2023 Regulation E\n|rated|\n|rule|Species Clause: Limit one of each Pok\u00e9mon\n|rule|Item Clause: Limit one of each item\n|clearpoke\n|poke|p1|Clefable, L50, M|\n|poke|p1|Murkrow, L50, M|\n|poke|p1|Quaquaval, L50, M|\n|poke|p1|Gholdengo, L50|\n|poke|p1|Dragonite, L50, M|\n|poke|p1|Regidrago, L50|\n|poke|p2|Tornadus, L50, M|\n|poke|p2|Flutter Mane, L50|\n|poke|p2|Sandy Shocks, L50|\n|poke|p2|Heatran, L50, M|\n|poke|p2|Urshifu-*, L50, F|\n|poke|p2|Rillaboom, L50, F|\n|teampreview|4\n|\n|t:|1699946397\n|start\n|switch|p1a: Gholdengo|Gholdengo, L50|100\/100\n|switch|p1b: Clefable|Clefable, L50, M|100\/100\n|switch|p2a: Heatran|Heatran, L50, M|100\/100\n|switch|p2b: Tornadus|Tornadus, L50, M|100\/100\n|turn|1\n|\n|t:|1699946410\n|move|p1a: Gholdengo|Protect|p1a: Gholdengo\n|-singleturn|p1a: Gholdengo|Protect\n|move|p1b: Clefable|Protect|p1b: Clefable\n|-singleturn|p1b: Clefable|Protect\n|move|p2b: Tornadus|Sunny Day|p2b: Tornadus\n|-weather|SunnyDay\n|move|p2a: Heatran|Heat Wave|p1b: Clefable|[spread] \n|-activate|p1a: Gholdengo|move: Protect\n|-activate|p1b: Clefable|move: Protect\n|\n|-weather|SunnyDay|[upkeep]\n|upkeep\n|turn|2\n|\n|t:|1699946433\n|switch|p2b: Flutter Mane|Flutter Mane, L50|100\/100\n|-activate|p2b: Flutter Mane|ability: Protosynthesis\n|-start|p2b: Flutter Mane|protosynthesisspa\n|-terastallize|p1a: Gholdengo|Dragon\n|move|p1b: Clefable|Follow Me|p1b: Clefable\n|-singleturn|p1b: Clefable|move: Follow Me\n|move|p1a: Gholdengo|Nasty Plot|p1a: Gholdengo\n|-boost|p1a: Gholdengo|spa|2\n|move|p2a: Heatran|Flash Cannon|p1b: Clefable\n|-supereffective|p1b: Clefable\n|-damage|p1b: Clefable|14\/100\n|\n|-weather|SunnyDay|[upkeep]\n|upkeep\n|turn|3\n|\n|t:|1699946467\n|-terastallize|p2b: Flutter Mane|Fairy\n|move|p1b: Clefable|Follow Me|p1b: Clefable\n|-singleturn|p1b: Clefable|move: Follow Me\n|move|p2b: Flutter Mane|Moonblast|p1b: Clefable\n|-damage|p1b: Clefable|0 fnt\n|faint|p1b: Clefable\n|move|p1a: Gholdengo|Shadow Ball|p2b: Flutter Mane\n|-damage|p2b: Flutter Mane|14\/100\n|move|p2a: Heatran|Flash Cannon|p1a: Gholdengo\n|-damage|p1a: Gholdengo|52\/100\n|\n|-weather|SunnyDay|[upkeep]\n|-heal|p1a: Gholdengo|58\/100|[from] item: Leftovers\n|upkeep\n|\n|t:|1699946482\n|switch|p1b: Dragonite|Dragonite, L50, M|100\/100\n|turn|4\n|\n|t:|1699946490\n|-end|p2b: Flutter Mane|Protosynthesis|[silent]\n|switch|p2b: Tornadus|Tornadus, L50, M|100\/100\n|move|p1b: Dragonite|Extreme Speed|p2b: Tornadus\n|-damage|p2b: Tornadus|52\/100\n|move|p1a: Gholdengo|Shadow Ball|p2a: Heatran\n|-damage|p2a: Heatran|42\/100\n|move|p2a: Heatran|Heat Wave|p1a: Gholdengo|[spread] p1a,p1b\n|-resisted|p1a: Gholdengo\n|-resisted|p1b: Dragonite\n|-damage|p1a: Gholdengo|25\/100\n|-damage|p1b: Dragonite|71\/100\n|\n|-weather|SunnyDay|[upkeep]\n|-heal|p1a: Gholdengo|31\/100|[from] item: Leftovers\n|upkeep\n|turn|5\n|\n|t:|1699946517\n|move|p1b: Dragonite|Extreme Speed|p2b: Tornadus\n|-damage|p2b: Tornadus|5\/100\n|move|p2b: Tornadus|Tailwind|p2b: Tornadus\n|-sidestart|p2: grumpig#1hero|move: Tailwind\n|move|p2a: Heatran|Heat Wave|p1a: Gholdengo|[spread] p1a\n|-miss|p2a: Heatran|p1b: Dragonite\n|-resisted|p1a: Gholdengo\n|-damage|p1a: Gholdengo|0 fnt\n|faint|p1a: Gholdengo\n|\n|-weather|none\n|upkeep\n|\n|t:|1699946529\n|switch|p1a: Regidrago|Regidrago, L50|100\/100\n|turn|6\n|\n|t:|1699946541\n|move|p1b: Dragonite|Extreme Speed|p2b: Tornadus\n|-damage|p2b: Tornadus|0 fnt\n|faint|p2b: Tornadus\n|move|p2a: Heatran|Heat Wave|p1b: Dragonite|[spread] p1a\n|-miss|p2a: Heatran|p1b: Dragonite\n|-resisted|p1a: Regidrago\n|-damage|p1a: Regidrago|79\/100\n|move|p1a: Regidrago|Earth Power|p2a: Heatran\n|-supereffective|p2a: Heatran\n|-damage|p2a: Heatran|0 fnt\n|faint|p2a: Heatran\n|\n|upkeep\n|\n|t:|1699946544\n|switch|p2b: Flutter Mane|Flutter Mane, L50, tera:Fairy|14\/100\n|switch|p2a: Sandy Shocks|Sandy Shocks, L50|100\/100\n|-enditem|p2a: Sandy Shocks|Booster Energy\n|-activate|p2a: Sandy Shocks|ability: Protosynthesis|[fromitem]\n|-start|p2a: Sandy Shocks|protosynthesisspa\n|turn|7\n|\n|t:|1699946562\n|move|p1b: Dragonite|Extreme Speed|p2b: Flutter Mane\n|-damage|p2b: Flutter Mane|0 fnt\n|faint|p2b: Flutter Mane\n|-end|p2b: Flutter Mane|Protosynthesis|[silent]\n|move|p2a: Sandy Shocks|Earth Power|p1a: Regidrago\n|-damage|p1a: Regidrago|23\/100\n|move|p1a: Regidrago|Earth Power|p2a: Sandy Shocks\n|-supereffective|p2a: Sandy Shocks\n|-damage|p2a: Sandy Shocks|8\/100\n|\n|upkeep\n|turn|8\n|\n|t:|1699946576\n|move|p1b: Dragonite|Extreme Speed|p2a: Sandy Shocks\n|-damage|p2a: Sandy Shocks|0 fnt\n|faint|p2a: Sandy Shocks\n|-end|p2a: Sandy Shocks|Protosynthesis|[silent]\n|\n|win|ObiFelipe\n|raw|ObiFelipe's rating: 1403 &rarr; <strong>1426<\/strong><br \/>(+23 for winning)\n|raw|grumpig#1hero's rating: 1460 &rarr; <strong>1437<\/strong><br \/>(-23 for losing)\n","uploadtime":1699946583,"views":16,"p1id":"obifelipe","p2id":"grumpig1hero","formatid":"gen9vgc2023regulatione","rating":1426,"private":0,"password":""}