{"id":"gen9vgc2023regulatione-1990412184","p1":"Ale_Quello_La","p2":"ColeAnimatesStuff","format":"[Gen 9] VGC 2023 Regulation E","log":"|j|\u2606Ale_Quello_La\n|j|\u203dColeAnimatesStuff\n|t:|1699968315\n|gametype|doubles\n|player|p1|Ale_Quello_La|n|1142\n|player|p2|ColeAnimatesStuff|cheryl|1046\n|teamsize|p1|6\n|teamsize|p2|6\n|gen|9\n|tier|[Gen 9] VGC 2023 Regulation E\n|rated|\n|rule|Species Clause: Limit one of each Pok\u00e9mon\n|rule|Item Clause: Limit one of each item\n|clearpoke\n|poke|p1|Arcanine-Hisui, L50, F|\n|poke|p1|Iron Bundle, L50|\n|poke|p1|Kommo-o, L50, M|\n|poke|p1|Flutter Mane, L50|\n|poke|p1|Rillaboom, L50, F|\n|poke|p1|Tyranitar, L50, F|\n|poke|p2|Iron Hands, L50|\n|poke|p2|Gholdengo, L50|\n|poke|p2|Basculegion, L50, M|\n|poke|p2|Tornadus, L50, M|\n|poke|p2|Farigiraf, L50, M|\n|poke|p2|Rillaboom, L50, M|\n|teampreview|4\n|\n|t:|1699968344\n|start\n|switch|p1a: Flutter Mane|Flutter Mane, L50|100\/100\n|switch|p1b: Iron Bundle|Iron Bundle, L50|100\/100\n|switch|p2a: Tornadus|Tornadus, L50, M|100\/100\n|switch|p2b: Iron Hands|Iron Hands, L50, shiny|100\/100\n|-enditem|p1b: Iron Bundle|Booster Energy\n|-activate|p1b: Iron Bundle|ability: Quark Drive|[fromitem]\n|-start|p1b: Iron Bundle|quarkdrivespe\n|turn|1\n|\n|t:|1699968354\n|move|p2b: Iron Hands|Fake Out|p1b: Iron Bundle\n|-damage|p1b: Iron Bundle|84\/100\n|move|p2a: Tornadus|Tailwind|p2a: Tornadus\n|-sidestart|p2: ColeAnimatesStuff|move: Tailwind\n|cant|p1b: Iron Bundle|flinch\n|move|p1a: Flutter Mane|Moonblast|p2b: Iron Hands\n|-supereffective|p2b: Iron Hands\n|-damage|p2b: Iron Hands|0 fnt\n|faint|p2b: Iron Hands\n|-end|p2b: Iron Hands|Quark Drive|[silent]\n|\n|upkeep\n|\n|t:|1699968358\n|switch|p2b: Basculegion|Basculegion, L50, M|100\/100\n|turn|2\n|\n|t:|1699968371\n|move|p2a: Tornadus|Rain Dance|p2a: Tornadus\n|-weather|RainDance\n|move|p2b: Basculegion|Wave Crash|p1a: Flutter Mane\n|-damage|p1a: Flutter Mane|0 fnt\n|faint|p1a: Flutter Mane\n|-end|p1a: Flutter Mane|Protosynthesis|[silent]\n|-damage|p2b: Basculegion|78\/100|[from] Recoil\n|move|p1b: Iron Bundle|Freeze-Dry|p2a: Tornadus\n|-supereffective|p2a: Tornadus\n|-damage|p2a: Tornadus|45\/100\n|\n|-weather|RainDance|[upkeep]\n|upkeep\n|\n|t:|1699968391\n|switch|p1a: Tyranitar|Tyranitar, L50, F, shiny|100\/100\n|-weather|Sandstorm|[from] ability: Sand Stream|[of] p1a: Tyranitar\n|turn|3\n|\n|t:|1699968400\n|-terastallize|p1a: Tyranitar|Psychic\n|move|p2a: Tornadus|Rain Dance|p2a: Tornadus\n|-weather|RainDance\n|move|p2b: Basculegion|Wave Crash|p1a: Tyranitar\n|-damage|p1a: Tyranitar|0 fnt\n|faint|p1a: Tyranitar\n|-damage|p2b: Basculegion|47\/100|[from] Recoil\n|move|p1b: Iron Bundle|Freeze-Dry|p2a: Tornadus\n|-supereffective|p2a: Tornadus\n|-damage|p2a: Tornadus|0 fnt\n|faint|p2a: Tornadus\n|\n|-weather|RainDance|[upkeep]\n|upkeep\n|\n|t:|1699968413\n|switch|p2a: Gholdengo|Gholdengo, L50|100\/100\n|switch|p1a: Arcanine|Arcanine-Hisui, L50, F, shiny|100\/100\n|-ability|p1a: Arcanine|Intimidate|boost\n|-unboost|p2a: Gholdengo|atk|1\n|-unboost|p2b: Basculegion|atk|1\n|turn|4\n|\n|t:|1699968428\n|-terastallize|p2a: Gholdengo|Steel\n|move|p1a: Arcanine|Protect|p1a: Arcanine\n|-singleturn|p1a: Arcanine|Protect\n|move|p2b: Basculegion|Wave Crash|p1a: Arcanine\n|-activate|p1a: Arcanine|move: Protect\n|move|p2a: Gholdengo|Make It Rain|p1a: Arcanine|[spread] p1b\n|-activate|p1a: Arcanine|move: Protect\n|-damage|p1b: Iron Bundle|0 fnt\n|-unboost|p2a: Gholdengo|spa|1\n|faint|p1b: Iron Bundle\n|-end|p1b: Iron Bundle|Quark Drive|[silent]\n|-damage|p2a: Gholdengo|91\/100|[from] item: Life Orb\n|\n|-weather|RainDance|[upkeep]\n|-sideend|p2: ColeAnimatesStuff|move: Tailwind\n|upkeep\n|turn|5\n|\n|t:|1699968449\n|move|p2b: Basculegion|Wave Crash|p1a: Arcanine\n|-supereffective|p1a: Arcanine\n|-damage|p1a: Arcanine|0 fnt\n|faint|p1a: Arcanine\n|-damage|p2b: Basculegion|18\/100|[from] Recoil\n|\n|win|ColeAnimatesStuff\n|raw|Ale_Quello_La's rating: 1142 &rarr; <strong>1110<\/strong><br \/>(-32 for losing)\n|raw|ColeAnimatesStuff's rating: 1046 &rarr; <strong>1088<\/strong><br \/>(+42 for winning)\n|l|\u2606Ale_Quello_La\n","uploadtime":1699968465,"views":14,"p1id":"alequellola","p2id":"coleanimatesstuff","formatid":"gen9vgc2023regulatione","rating":1088,"private":0,"password":""}