{"id":"gen9vgc2023regulatione-1988655162","p1":"alezinho","p2":"Vengeful potato","format":"[Gen 9] VGC 2023 Regulation E","log":"|j|\u2606alezinho\n|j|\u2606Vengeful potato\n|t:|1699746804\n|gametype|doubles\n|player|p1|alezinho|ghetsis-gen5bw|1350\n|player|p2|Vengeful potato|swimmer|1455\n|teamsize|p1|6\n|teamsize|p2|6\n|gen|9\n|tier|[Gen 9] VGC 2023 Regulation E\n|rated|\n|rule|Species Clause: Limit one of each Pok\u00e9mon\n|rule|Item Clause: Limit one of each item\n|clearpoke\n|poke|p1|Iron Hands, L50|\n|poke|p1|Landorus-Therian, L50, M|\n|poke|p1|Amoonguss, L50, M|\n|poke|p1|Farigiraf, L50, F|\n|poke|p1|Flutter Mane, L50|\n|poke|p1|Urshifu-*, L50, M|\n|poke|p2|Articuno-Galar, L50|\n|poke|p2|Maushold, L50|\n|poke|p2|Urshifu-*, L50, F|\n|poke|p2|Rillaboom, L50, M|\n|poke|p2|Heatran, L50, F|\n|poke|p2|Regidrago, L50|\n|teampreview|4\n|inactive|Battle timer is ON: inactive players will automatically lose when time's up. (requested by alezinho)\n|c|\u2606alezinho|glhf\n|c|\u2606Vengeful potato|U2\nalezinho has agreed to open team sheets.\n|inactive|alezinho has 60 seconds left.\n|inactive|Vengeful potato has 60 seconds left.\nVengeful potato has agreed to open team sheets.\n|inactive|alezinho has 30 seconds left.\n|inactive|Vengeful potato has 30 seconds left.\n|\n|t:|1699746881\n|start\n|switch|p1a: Landorus|Landorus-Therian, L50, M, shiny|100\/100\n|switch|p1b: Iron Hands|Iron Hands, L50|100\/100\n|switch|p2a: The Rizzler\ud83d\ude31\ud83d\udcaf\ud83d\udde3\ufe0f|Articuno-Galar, L50, shiny|100\/100\n|switch|p2b: Despereaux|Maushold, L50, shiny|100\/100\n|-ability|p1a: Landorus|Intimidate|boost\n|-unboost|p2a: The Rizzler\ud83d\ude31\ud83d\udcaf\ud83d\udde3\ufe0f|atk|1\n|-ability|p2a: The Rizzler\ud83d\ude31\ud83d\udcaf\ud83d\udde3\ufe0f|Competitive|boost\n|-boost|p2a: The Rizzler\ud83d\ude31\ud83d\udcaf\ud83d\udde3\ufe0f|spa|2\n|-unboost|p2b: Despereaux|atk|1\n|turn|1\n|c|\u2606alezinho|lmao, the names\n|inactive|alezinho has 30 seconds left.\n|inactive|Vengeful potato has 30 seconds left.\n|c|\u2606Vengeful potato|I try\n|inactive|alezinho has 20 seconds left.\n|inactive|Vengeful potato has 20 seconds left.\n|inactive|Vengeful potato has 15 seconds left.\n|\n|t:|1699746921\n|move|p2b: Despereaux|Follow Me|p2b: Despereaux\n|-singleturn|p2b: Despereaux|move: Follow Me\n|move|p1a: Landorus|Rock Slide|p2a: The Rizzler\ud83d\ude31\ud83d\udcaf\ud83d\udde3\ufe0f|[spread] p2a,p2b\n|-supereffective|p2a: The Rizzler\ud83d\ude31\ud83d\udcaf\ud83d\udde3\ufe0f\n|-crit|p2b: Despereaux\n|-damage|p2a: The Rizzler\ud83d\ude31\ud83d\udcaf\ud83d\udde3\ufe0f|69\/100\n|-damage|p2b: Despereaux|66\/100\n|move|p2a: The Rizzler\ud83d\ude31\ud83d\udcaf\ud83d\udde3\ufe0f|Tailwind|p2a: The Rizzler\ud83d\ude31\ud83d\udcaf\ud83d\udde3\ufe0f\n|-sidestart|p2: Vengeful potato|move: Tailwind\n|move|p1b: Iron Hands|Drain Punch|p2b: Despereaux\n|-supereffective|p2b: Despereaux\n|-damage|p2b: Despereaux|0 fnt\n|-damage|p1b: Iron Hands|84\/100|[from] item: Rocky Helmet|[of] p2b: Despereaux\n|faint|p2b: Despereaux\n|\n|upkeep\n|\n|t:|1699746930\n|switch|p2b: C418 - Wet Hands|Urshifu-Rapid-Strike, L50, F|100\/100\n|turn|2\n|\n|t:|1699746947\n|switch|p2b: Krakatoa|Heatran, L50, F, shiny|100\/100\n|-terastallize|p1a: Landorus|Flying\n|move|p2a: The Rizzler\ud83d\ude31\ud83d\udcaf\ud83d\udde3\ufe0f|Freezing Glare|p1b: Iron Hands\n|-supereffective|p1b: Iron Hands\n|-damage|p1b: Iron Hands|0 fnt\n|faint|p1b: Iron Hands\n|-end|p1b: Iron Hands|Quark Drive|[silent]\n|move|p1a: Landorus|Rock Slide|p2b: Krakatoa|[spread] p2a,p2b\n|-supereffective|p2a: The Rizzler\ud83d\ude31\ud83d\udcaf\ud83d\udde3\ufe0f\n|-damage|p2a: The Rizzler\ud83d\ude31\ud83d\udcaf\ud83d\udde3\ufe0f|30\/100\n|-damage|p2b: Krakatoa|78\/100\n|\n|upkeep\n|inactive|alezinho has 30 seconds left.\n|\n|t:|1699746974\n|switch|p1b: Flutter Mane|Flutter Mane, L50|100\/100\n|-enditem|p1b: Flutter Mane|Booster Energy\n|-activate|p1b: Flutter Mane|ability: Protosynthesis|[fromitem]\n|-start|p1b: Flutter Mane|protosynthesisspe\n|turn|3\n|\n|t:|1699746989\n|switch|p1a: Farigiraf|Farigiraf, L50, F|100\/100\n|move|p1b: Flutter Mane|Protect|p1b: Flutter Mane\n|-singleturn|p1b: Flutter Mane|Protect\n|move|p2a: The Rizzler\ud83d\ude31\ud83d\udcaf\ud83d\udde3\ufe0f|Freezing Glare|p1a: Farigiraf\n|-resisted|p1a: Farigiraf\n|-damage|p1a: Farigiraf|58\/100\n|move|p2b: Krakatoa|Flash Cannon|p1b: Flutter Mane\n|-activate|p1b: Flutter Mane|move: Protect\n|\n|upkeep\n|turn|4\n|inactive|alezinho has 30 seconds left.\n|\n|t:|1699747021\n|move|p1a: Farigiraf|Protect|p1a: Farigiraf\n|-singleturn|p1a: Farigiraf|Protect\n|move|p1b: Flutter Mane|Shadow Ball|p2a: The Rizzler\ud83d\ude31\ud83d\udcaf\ud83d\udde3\ufe0f\n|-supereffective|p2a: The Rizzler\ud83d\ude31\ud83d\udcaf\ud83d\udde3\ufe0f\n|-damage|p2a: The Rizzler\ud83d\ude31\ud83d\udcaf\ud83d\udde3\ufe0f|0 fnt\n|faint|p2a: The Rizzler\ud83d\ude31\ud83d\udcaf\ud83d\udde3\ufe0f\n|move|p2b: Krakatoa|Flash Cannon|p1b: Flutter Mane\n|-supereffective|p1b: Flutter Mane\n|-damage|p1b: Flutter Mane|0 fnt\n|faint|p1b: Flutter Mane\n|-end|p1b: Flutter Mane|Protosynthesis|[silent]\n|-damage|p2b: Krakatoa|69\/100|[from] item: Life Orb\n|\n|-sideend|p2: Vengeful potato|move: Tailwind\n|upkeep\n|\n|t:|1699747028\n|switch|p1b: Landorus|Landorus-Therian, L50, M, shiny, tera:Flying|100\/100\n|switch|p2a: C418 - Wet Hands|Urshifu-Rapid-Strike, L50, F|100\/100\n|-ability|p1b: Landorus|Intimidate|boost\n|-unboost|p2a: C418 - Wet Hands|atk|1\n|-unboost|p2b: Krakatoa|atk|1\n|turn|5\n|inactive|alezinho has 30 seconds left.\n|\n|t:|1699747056\n|move|p2a: C418 - Wet Hands|Protect|p2a: C418 - Wet Hands\n|-singleturn|p2a: C418 - Wet Hands|Protect\n|move|p1b: Landorus|Tera Blast|p2a: C418 - Wet Hands|[anim] Tera Blast Flying\n|-activate|p2a: C418 - Wet Hands|move: Protect\n|move|p2b: Krakatoa|Heat Wave|p1a: Farigiraf|[spread] p1a,p1b\n|-damage|p1a: Farigiraf|0 fnt\n|-damage|p1b: Landorus|37\/100\n|faint|p1a: Farigiraf\n|-damage|p2b: Krakatoa|59\/100|[from] item: Life Orb\n|\n|upkeep\n|turn|6\n|c|\u2606alezinho|gg\n|-message|alezinho forfeited.\n|\n|win|Vengeful potato\n|raw|alezinho's rating: 1350 &rarr; <strong>1336<\/strong><br \/>(-14 for losing)\n|raw|Vengeful potato's rating: 1455 &rarr; <strong>1469<\/strong><br \/>(+14 for winning)\n|l|\u2606alezinho\n|c|\u2606Vengeful potato|Gg\n","uploadtime":1699747071,"views":11,"p1id":"alezinho","p2id":"vengefulpotato","formatid":"gen9vgc2023regulatione","rating":1336,"private":0,"password":""}