{"id":"gen9vgc2023regulatione-1998936831","p1":"Syblaze","p2":"MusicalRoc","format":"[Gen 9] VGC 2023 Regulation E","log":"|j|\u2606Syblaze\n|j|\u2606MusicalRoc\n|t:|1701015218\n|gametype|doubles\n|player|p1|Syblaze|101|1086\n|player|p2|MusicalRoc|pryce|1105\n|teamsize|p1|6\n|teamsize|p2|6\n|gen|9\n|tier|[Gen 9] VGC 2023 Regulation E\n|rated|\n|rule|Species Clause: Limit one of each Pok\u00e9mon\n|rule|Item Clause: Limit one of each item\n|clearpoke\n|poke|p1|Skeledirge, L50, F|\n|poke|p1|Landorus-Therian, L50, M|\n|poke|p1|Sinistcha, L50|\n|poke|p1|Hydreigon, L50, M|\n|poke|p1|Samurott, L50, F|\n|poke|p1|Rillaboom, L50, F|\n|poke|p2|Glaceon, L50, M|\n|poke|p2|Abomasnow, L50, F|\n|poke|p2|Flutter Mane, L50|\n|poke|p2|Iron Hands, L50|\n|poke|p2|Urshifu-*, L50, F|\n|poke|p2|Ogerpon-Wellspring, L50, F|\n|teampreview|4\n|\n|t:|1701015272\n|start\n|switch|p1a: Skeledirge|Skeledirge, L50, F|100\/100\n|switch|p1b: MonkeAJ|Rillaboom, L50, F|100\/100\n|switch|p2a: Iron Hands|Iron Hands, L50|100\/100\n|switch|p2b: Abomasnow|Abomasnow, L50, F|100\/100\n|-fieldstart|move: Grassy Terrain|[from] ability: Grassy Surge|[of] p1b: MonkeAJ\n|-enditem|p1b: MonkeAJ|Grassy Seed\n|-boost|p1b: MonkeAJ|def|1|[from] item: Grassy Seed\n|-weather|Snow|[from] ability: Snow Warning|[of] p2b: Abomasnow\n|turn|1\n|\n|t:|1701015303\n|-end|p2a: Iron Hands|Quark Drive|[silent]\n|switch|p2a: Flutter Mane|Flutter Mane, L50|100\/100\n|-enditem|p2a: Flutter Mane|Booster Energy\n|-activate|p2a: Flutter Mane|ability: Protosynthesis|[fromitem]\n|-start|p2a: Flutter Mane|protosynthesisspa\n|move|p1b: MonkeAJ|Bulk Up|p1b: MonkeAJ\n|-boost|p1b: MonkeAJ|atk|1\n|-boost|p1b: MonkeAJ|def|1\n|move|p2b: Abomasnow|Aurora Veil|p2b: Abomasnow\n|-sidestart|p2: MusicalRoc|move: Aurora Veil\n|move|p1a: Skeledirge|Substitute|p1a: Skeledirge\n|-start|p1a: Skeledirge|Substitute\n|-damage|p1a: Skeledirge|76\/100\n|\n|-weather|Snow|[upkeep]\n|-heal|p1a: Skeledirge|82\/100|[from] Grassy Terrain\n|-heal|p1a: Skeledirge|88\/100|[from] item: Leftovers\n|upkeep\n|turn|2\n|\n|t:|1701015333\n|-terastallize|p2b: Abomasnow|Water\n|move|p2a: Flutter Mane|Shadow Ball|p1a: Skeledirge\n|-supereffective|p1a: Skeledirge\n|-end|p1a: Skeledirge|Substitute\n|move|p1b: MonkeAJ|Grass Pledge|p2b: Abomasnow\n|-waiting|p1b: MonkeAJ|p1a: Skeledirge\n|move|p1a: Skeledirge|Fire Pledge|p2b: Abomasnow|[from]move: Grass Pledge\n|-combine\n|-resisted|p2b: Abomasnow\n|-damage|p2b: Abomasnow|75\/100\n|-sidestart|p2: MusicalRoc|Fire Pledge\n|move|p2b: Abomasnow|Blizzard|p1a: Skeledirge|[spread] p1a,p1b\n|-resisted|p1a: Skeledirge\n|-supereffective|p1b: MonkeAJ\n|-damage|p1a: Skeledirge|70\/100\n|-damage|p1b: MonkeAJ|34\/100\n|\n|-weather|Snow|[upkeep]\n|-damage|p2a: Flutter Mane|89\/100|[from] Fire Pledge\n|-heal|p2a: Flutter Mane|95\/100|[from] Grassy Terrain\n|-heal|p1b: MonkeAJ|40\/100|[from] Grassy Terrain\n|-damage|p2b: Abomasnow|62\/100|[from] Fire Pledge\n|-heal|p2b: Abomasnow|69\/100|[from] Grassy Terrain\n|-heal|p1a: Skeledirge|76\/100|[from] Grassy Terrain\n|-heal|p1a: Skeledirge|82\/100|[from] item: Leftovers\n|upkeep\n|turn|3\n|inactive|Battle timer is ON: inactive players will automatically lose when time's up. (requested by MusicalRoc)\n|\n|t:|1701015406\n|move|p2a: Flutter Mane|Shadow Ball|p1a: Skeledirge\n|-supereffective|p1a: Skeledirge\n|-damage|p1a: Skeledirge|0 fnt\n|faint|p1a: Skeledirge\n|move|p1b: MonkeAJ|Drum Beating|p2b: Abomasnow\n|-supereffective|p2b: Abomasnow\n|-damage|p2b: Abomasnow|0 fnt\n|faint|p2b: Abomasnow\n|\n|-weather|Snow|[upkeep]\n|-damage|p2a: Flutter Mane|83\/100|[from] Fire Pledge\n|-heal|p2a: Flutter Mane|89\/100|[from] Grassy Terrain\n|-heal|p1b: MonkeAJ|46\/100|[from] Grassy Terrain\n|upkeep\n|\n|t:|1701015425\n|switch|p2b: Glaceon|Glaceon, L50, M, shiny|100\/100\n|switch|p1a: Sinistcha|Sinistcha, L50|100\/100\n|-heal|p1b: MonkeAJ|71\/100|[from] ability: Hospitality|[of] p1a: Sinistcha\n|turn|4\n|inactive|Syblaze has 30 seconds left.\n|\n|t:|1701015454\n|-terastallize|p1a: Sinistcha|Dragon\n|move|p2a: Flutter Mane|Shadow Ball|p1a: Sinistcha\n|-damage|p1a: Sinistcha|46\/100\n|move|p1b: MonkeAJ|Drum Beating|p2a: Flutter Mane\n|-damage|p2a: Flutter Mane|26\/100\n|-unboost|p2a: Flutter Mane|spe|1\n|move|p1a: Sinistcha|Matcha Gotcha|p2a: Flutter Mane|[spread] p2a,p2b\n|-damage|p2a: Flutter Mane|4\/100\n|-heal|p1a: Sinistcha|57\/100|[from] drain|[of] p2a: Flutter Mane\n|-damage|p2b: Glaceon|71\/100\n|-heal|p1a: Sinistcha|72\/100|[from] drain|[of] p2b: Glaceon\n|move|p2b: Glaceon|Blizzard|p1a: Sinistcha|[spread] p1a,p1b\n|-supereffective|p1a: Sinistcha\n|-supereffective|p1b: MonkeAJ\n|-damage|p1a: Sinistcha|0 fnt\n|-damage|p1b: MonkeAJ|0 fnt\n|faint|p1a: Sinistcha\n|faint|p1b: MonkeAJ\n|\n|-weather|Snow|[upkeep]\n|-heal|p2b: Glaceon|77\/100|[from] ability: Ice Body\n|-damage|p2a: Flutter Mane|0 fnt|[from] Fire Pledge\n|faint|p2a: Flutter Mane\n|-end|p2a: Flutter Mane|Protosynthesis|[silent]\n|-damage|p2b: Glaceon|65\/100|[from] Fire Pledge\n|-heal|p2b: Glaceon|71\/100|[from] Grassy Terrain\n|-heal|p2b: Glaceon|76\/100|[from] item: Leftovers\n|upkeep\n|inactive|MusicalRoc has 30 seconds left.\n|\n|t:|1701015480\n|switch|p2a: Iron Hands|Iron Hands, L50|100\/100\n|switch|p1b: Landorus|Landorus-Therian, L50, M|100\/100\n|-ability|p1b: Landorus|Intimidate|boost\n|-unboost|p2a: Iron Hands|atk|1\n|-unboost|p2b: Glaceon|atk|1\n|turn|5\n|\n|t:|1701015490\n|move|p2a: Iron Hands|Fake Out|p1b: Landorus\n|-damage|p1b: Landorus|90\/100\n|move|p1b: Landorus|Rock Slide|p2a: Iron Hands|[spread] p2a,p2b\n|-resisted|p2a: Iron Hands\n|-supereffective|p2b: Glaceon\n|-damage|p2a: Iron Hands|96\/100\n|-damage|p2b: Glaceon|62\/100\n|move|p2b: Glaceon|Blizzard|p1b: Landorus\n|-supereffective|p1b: Landorus\n|-damage|p1b: Landorus|0 fnt\n|faint|p1b: Landorus\n|\n|win|MusicalRoc\n|raw|Syblaze's rating: 1086 &rarr; <strong>1064<\/strong><br \/>(-22 for losing)\n|raw|MusicalRoc's rating: 1105 &rarr; <strong>1129<\/strong><br \/>(+24 for winning)\n|l|\u2606Syblaze\n|c|\u2606MusicalRoc|question if you're still here\n|c|\u2606MusicalRoc|damn\n","uploadtime":1701015627,"views":2,"p1id":"syblaze","p2id":"musicalroc","formatid":"gen9vgc2023regulatione","rating":1064,"private":0,"password":""}