{"id":"gen9vgc2023regulatione-1992655610","p1":"casper6_14","p2":"nephilimuscat","format":"[Gen 9] VGC 2023 Regulation E","log":"|j|\u2606casper6_14\n|j|\u2606nephilimuscat\n|t:|1700221143\n|gametype|doubles\n|player|p1|casper6_14|1|\n|player|p2|nephilimuscat|policeman-gen4|\n|teamsize|p1|6\n|teamsize|p2|6\n|gen|9\n|tier|[Gen 9] VGC 2023 Regulation E\n|rated|Tournament battle\n|rule|Species Clause: Limit one of each Pok\u00e9mon\n|rule|Item Clause: Limit one of each item\n|clearpoke\n|poke|p1|Fezandipiti, L50, M|\n|poke|p1|Haxorus, L50, M|\n|poke|p1|Kingambit, L50, M|\n|poke|p1|Arcanine-Hisui, L50, M|\n|poke|p1|Heatran, L50, F|\n|poke|p1|Gholdengo, L50|\n|poke|p2|Roaring Moon, L50|\n|poke|p2|Iron Hands, L50|\n|poke|p2|Cresselia, L50, F|\n|poke|p2|Landorus-Therian, L50, M|\n|poke|p2|Flutter Mane, L50|\n|poke|p2|Ogerpon-Hearthflame, L50, F|\n|teampreview|4\n|showteam|p1|Fezandipiti||ChoiceScarf|ToxicChain|IcyWind,SludgeBomb,Venoshock,AcidSpray|||M|||50|,,,,,Ice]Haxorus||ChoiceBand|Unnerve|Outrage,DragonClaw,IronHead,StompingTantrum|||M|||50|,,,,,Dragon]Kingambit||SitrusBerry|Defiant|IronHead,SuckerPunch,ZenHeadbutt,Protect|||M|||50|,,,,,Ghost]Arcanine-Hisui||BlunderPolicy|RockHead|HeadSmash,FlareBlitz,RockSlide,Protect|||M|||50|,,,,,Fire]Heatran||ChoiceSpecs|FlashFire|HeatWave,MagmaStorm,FlashCannon,EarthPower|||F|||50|,,,,,Grass]Gholdengo||LifeOrb|GoodasGold|MakeItRain,ShadowBall,NastyPlot,Protect||||||50|,,,,,Steel\n|showteam|p2|Roaring Moon||BoosterEnergy|Protosynthesis|Acrobatics,KnockOff,DragonDance,Protect||||||50|,,,,,Flying]Iron Hands||AssaultVest|QuarkDrive|WildCharge,DrainPunch,HeavySlam,FakeOut||||||50|,,,,,Fairy]Cresselia||RockyHelmet|Levitate|Psychic,IceBeam,TrickRoom,LunarBlessing|||F|||50|,,,,,Fire]Landorus-Therian||ChoiceScarf|Intimidate|TeraBlast,StompingTantrum,RockSlide,Uturn|||M|||50|,,,,,Flying]Flutter Mane||FairyFeather|Protosynthesis|Moonblast,ShadowBall,Substitute,Protect||||||50|,,,,,Fairy]Ogerpon-Hearthflame||HearthflameMask|MoldBreaker|WoodHammer,IvyCudgel,FollowMe,SpikyShield|||F|||50|,,,,,Fire\n|\n|t:|1700221168\n|start\n|switch|p1a: Fezandipiti|Fezandipiti, L50, M|100\/100\n|switch|p1b: Heatran|Heatran, L50, F|100\/100\n|switch|p2a: Roaring Moon|Roaring Moon, L50|100\/100\n|switch|p2b: Iron Hands|Iron Hands, L50|100\/100\n|-enditem|p2a: Roaring Moon|Booster Energy\n|-activate|p2a: Roaring Moon|ability: Protosynthesis|[fromitem]\n|-start|p2a: Roaring Moon|protosynthesisatk\n|turn|1\n|\n|t:|1700221191\n|move|p2b: Iron Hands|Fake Out|p1b: Heatran\n|-resisted|p1b: Heatran\n|-damage|p1b: Heatran|93\/100\n|move|p1a: Fezandipiti|Icy Wind|p2a: Roaring Moon|[spread] p2a,p2b\n|-supereffective|p2a: Roaring Moon\n|-damage|p2a: Roaring Moon|86\/100\n|-damage|p2b: Iron Hands|96\/100\n|-unboost|p2a: Roaring Moon|spe|1\n|-unboost|p2b: Iron Hands|spe|1\n|move|p2a: Roaring Moon|Dragon Dance|p2a: Roaring Moon\n|-boost|p2a: Roaring Moon|atk|1\n|-boost|p2a: Roaring Moon|spe|1\n|cant|p1b: Heatran|flinch\n|\n|upkeep\n|turn|2\n|\n|t:|1700221216\n|-terastallize|p2a: Roaring Moon|Flying\n|move|p1a: Fezandipiti|Icy Wind|p2a: Roaring Moon|[spread] p2a,p2b\n|-supereffective|p2a: Roaring Moon\n|-damage|p2a: Roaring Moon|70\/100\n|-damage|p2b: Iron Hands|91\/100\n|-unboost|p2a: Roaring Moon|spe|1\n|-unboost|p2b: Iron Hands|spe|1\n|-status|p2b: Iron Hands|tox|[from] ability: Toxic Chain|[of] p1a: Fezandipiti\n|move|p2a: Roaring Moon|Acrobatics|p1a: Fezandipiti\n|-damage|p1a: Fezandipiti|0 fnt\n|faint|p1a: Fezandipiti\n|move|p1b: Heatran|Earth Power|p2b: Iron Hands\n|-supereffective|p2b: Iron Hands\n|-damage|p2b: Iron Hands|33\/100 tox\n|move|p2b: Iron Hands|Drain Punch|p1b: Heatran\n|-supereffective|p1b: Heatran\n|-damage|p1b: Heatran|5\/100\n|-heal|p2b: Iron Hands|67\/100 tox|[from] drain|[of] p1b: Heatran\n|\n|-damage|p2b: Iron Hands|60\/100 tox|[from] psn\n|upkeep\n|\n|t:|1700221237\n|switch|p1a: Haxorus|Haxorus, L50, M|100\/100\n|-ability|p1a: Haxorus|Unnerve\n|turn|3\n|\n|t:|1700221264\n|switch|p1b: Kingambit|Kingambit, L50, M|100\/100\n|-end|p2b: Iron Hands|Quark Drive|[silent]\n|switch|p2b: Flutter Mane|Flutter Mane, L50|100\/100\n|-terastallize|p1a: Haxorus|Dragon\n|move|p2a: Roaring Moon|Protect|p2a: Roaring Moon\n|-singleturn|p2a: Roaring Moon|Protect\n|move|p1a: Haxorus|Outrage|p2b: Flutter Mane\n|-immune|p2b: Flutter Mane\n|\n|upkeep\n|turn|4\n|\n|t:|1700221296\n|switch|p1a: Heatran|Heatran, L50, F|5\/100\n|move|p2b: Flutter Mane|Moonblast|p1a: Heatran\n|-resisted|p1a: Heatran\n|-damage|p1a: Heatran|0 fnt\n|faint|p1a: Heatran\n|move|p2a: Roaring Moon|Dragon Dance|p2a: Roaring Moon\n|-boost|p2a: Roaring Moon|atk|1\n|-boost|p2a: Roaring Moon|spe|1\n|move|p1b: Kingambit|Iron Head|p2b: Flutter Mane\n|-supereffective|p2b: Flutter Mane\n|-damage|p2b: Flutter Mane|0 fnt\n|faint|p2b: Flutter Mane\n|-end|p2b: Flutter Mane|Protosynthesis|[silent]\n|\n|upkeep\n|j| megatemper\n|\n|t:|1700221326\n|switch|p2b: Landorus|Landorus-Therian, L50, M|100\/100\n|switch|p1a: Haxorus|Haxorus, L50, M, tera:Dragon|100\/100\n|-ability|p1a: Haxorus|Unnerve\n|-ability|p2b: Landorus|Intimidate|boost\n|-unboost|p1a: Haxorus|atk|1\n|-unboost|p1b: Kingambit|atk|1\n|-ability|p1b: Kingambit|Defiant|boost\n|-boost|p1b: Kingambit|atk|2\n|turn|5\n|\n|t:|1700221348\n|move|p1b: Kingambit|Sucker Punch|p2a: Roaring Moon\n|-damage|p2a: Roaring Moon|2\/100\n|move|p2b: Landorus|Stomping Tantrum|p1b: Kingambit\n|-supereffective|p1b: Kingambit\n|-crit|p1b: Kingambit\n|-damage|p1b: Kingambit|0 fnt\n|faint|p1b: Kingambit\n|move|p2a: Roaring Moon|Acrobatics|p1a: Haxorus\n|-damage|p1a: Haxorus|0 fnt\n|faint|p1a: Haxorus\n|\n|win|nephilimuscat\n|n|\u2606casper6_14|casper614\n|n|\u2606nephilimuscat|nephilimuscat\n|n| megatemper|megatemper\n|c|\u2606casper6_14|gg\n|l|\u2606casper6_14\n","uploadtime":1700221375,"views":8,"p1id":"casper614","p2id":"nephilimuscat","formatid":"gen9vgc2023regulatione","rating":0,"private":0,"password":""}