{"id":"gen9vgc2023regulatione-1995024385","p1":"LemVGC","p2":"Dysi2404","format":"[Gen 9] VGC 2023 Regulation E","log":"|j|\u2606LemVGC\n|j|\u2606Dysi2404\n|n|\u2606LemVGC|lemvgc\n|n|\u2606Dysi2404|dysi2404\n|html|View the match progress at <a href=\"\/game-bestof3-gen9vgc2023regulatione-1995018245\">game-bestof3-gen9vgc2023regulatione-1995018245<\/a>\n|t:|1700514515\n|gametype|doubles\n|player|p1|LemVGC|169|\n|player|p2|Dysi2404|n|\n|teamsize|p1|6\n|teamsize|p2|6\n|gen|9\n|tier|[Gen 9] VGC 2023 Regulation E\n|rule|Species Clause: Limit one of each Pok\u00e9mon\n|rule|Item Clause: Limit one of each item\n|clearpoke\n|poke|p1|Sinistcha, L50|\n|poke|p1|Ursaluna-Bloodmoon, L50, M|\n|poke|p1|Heatran, L50, M|\n|poke|p1|Gyarados, L50, M|\n|poke|p1|Iron Hands, L50|\n|poke|p1|Tinkaton, L50, F|\n|poke|p2|Gastrodon, L50, M|\n|poke|p2|Landorus-Therian, L50, M|\n|poke|p2|Heatran, L50, M|\n|poke|p2|Flutter Mane, L50|\n|poke|p2|Rillaboom, L50, M|\n|poke|p2|Kingambit, L50, M|\n|teampreview|4\n|j| Polpolpo\nDysi2404 has agreed to open team sheets.\nLemVGC has agreed to open team sheets.\n|showteam|p1|Sinistcha||RockyHelmet|Hospitality|MatchaGotcha,RagePowder,StrengthSap,TrickRoom||||||50|,,,,,Water]Ursaluna-Bloodmoon||Leftovers|MindsEye|BloodMoon,EarthPower,CalmMind,Protect|||M|||50|,,,,,Poison]Heatran||ShucaBerry|FlashFire|HeatWave,FlashCannon,EarthPower,Protect|||M|||50|,,,,,Fairy]Gyarados||SafetyGoggles|Intimidate|Waterfall,ThunderWave,Taunt,Protect|||M|||50|,,,,,Fairy]Iron Hands||AssaultVest|QuarkDrive|WildCharge,DrainPunch,HeavySlam,FakeOut||||||50|,,,,,Fire]Tinkaton||SitrusBerry|OwnTempo|FakeOut,GigatonHammer,PlayRough,KnockOff|||F|||50|,,,,,Water\n|showteam|p2|Gastrodon||SitrusBerry|StormDrain|EarthPower,IceBeam,Yawn,Protect|||M|||50|,,,,,Poison]Landorus-Therian||ChoiceScarf|Intimidate|StompingTantrum,TeraBlast,Uturn,RockSlide|||M|||50|,,,,,Flying]Heatran||Leftovers|FlashFire|MagmaStorm,EarthPower,Substitute,Protect|||M|||50|,,,,,Fairy]Flutter Mane||ChoiceSpecs|Protosynthesis|Moonblast,DazzlingGleam,ShadowBall,PerishSong||||||50|,,,,,Fairy]Rillaboom||MiracleSeed|GrassySurge|FakeOut,GrassyGlide,Protect,WoodHammer|||M|||50|,,,,,Fire]Kingambit||AssaultVest|Defiant|KowtowCleave,SuckerPunch,IronHead,TeraBlast|||M|||50|,,,,,Fairy\n|c|\u2606Dysi2404|gl\n|c|\u2606LemVGC|a tr\n|c|\u2606LemVGC|te\n|\n|t:|1700514627\n|start\n|switch|p1a: Ursaluna|Ursaluna-Bloodmoon, L50, M|100\/100\n|switch|p1b: Iron Hands|Iron Hands, L50|100\/100\n|switch|p2a: Heatran|Heatran, L50, M|100\/100\n|switch|p2b: Rillaboom|Rillaboom, L50, M|100\/100\n|-fieldstart|move: Grassy Terrain|[from] ability: Grassy Surge|[of] p2b: Rillaboom\n|turn|1\n|\n|t:|1700514681\n|switch|p2a: Landorus|Landorus-Therian, L50, M|100\/100\n|-ability|p2a: Landorus|Intimidate|boost\n|-unboost|p1a: Ursaluna|atk|1\n|-unboost|p1b: Iron Hands|atk|1\n|switch|p1a: Heatran|Heatran, L50, M|100\/100\n|move|p2b: Rillaboom|Fake Out|p1a: Heatran\n|-resisted|p1a: Heatran\n|-damage|p1a: Heatran|94\/100\n|move|p1b: Iron Hands|Fake Out|p2a: Landorus\n|-damage|p2a: Landorus|90\/100\n|\n|-heal|p1a: Heatran|99\/100|[from] Grassy Terrain\n|upkeep\n|turn|2\n|\n|t:|1700514722\n|switch|p2b: Gastrodon|Gastrodon, L50, M|100\/100\n|move|p2a: Landorus|U-turn|p1b: Iron Hands\n|-resisted|p1b: Iron Hands\n|-damage|p1b: Iron Hands|92\/100\n|\n|t:|1700514730\n|switch|p2a: Heatran|Heatran, L50, M|100\/100|[from] U-turn\n|move|p1a: Heatran|Heat Wave|p2a: Heatran|[spread] p2b\n|-start|p2a: Heatran|ability: Flash Fire\n|-resisted|p2b: Gastrodon\n|-damage|p2b: Gastrodon|85\/100\n|move|p1b: Iron Hands|Drain Punch|p2b: Gastrodon\n|-damage|p2b: Gastrodon|63\/100\n|-heal|p1b: Iron Hands|100\/100|[from] drain|[of] p2b: Gastrodon\n|\n|-heal|p1a: Heatran|100\/100|[from] Grassy Terrain\n|-heal|p2b: Gastrodon|69\/100|[from] Grassy Terrain\n|upkeep\n|turn|3\n|\n|t:|1700514756\n|-end|p1b: Iron Hands|Quark Drive|[silent]\n|switch|p1b: Ursaluna|Ursaluna-Bloodmoon, L50, M|100\/100\n|-terastallize|p2a: Heatran|Fairy\n|move|p1a: Heatran|Earth Power|p2a: Heatran\n|-damage|p2a: Heatran|74\/100\n|move|p2a: Heatran|Magma Storm|p1b: Ursaluna\n|-damage|p1b: Ursaluna|19\/100\n|-activate|p1b: Ursaluna|move: Magma Storm|[of] p2a: Heatran\n|move|p2b: Gastrodon|Yawn|p1a: Heatran\n|-start|p1a: Heatran|move: Yawn|[of] p2b: Gastrodon\n|\n|-heal|p2a: Heatran|80\/100|[from] Grassy Terrain\n|-heal|p2a: Heatran|86\/100|[from] item: Leftovers\n|-heal|p1b: Ursaluna|25\/100|[from] Grassy Terrain\n|-heal|p1b: Ursaluna|30\/100|[from] item: Leftovers\n|-heal|p2b: Gastrodon|75\/100|[from] Grassy Terrain\n|-damage|p1b: Ursaluna|18\/100|[from] move: Magma Storm|[partiallytrapped]\n|upkeep\n|turn|4\n|\n|t:|1700514834\n|move|p2a: Heatran|Protect|p2a: Heatran\n|-singleturn|p2a: Heatran|Protect\n|move|p1a: Heatran|Earth Power|p2b: Gastrodon\n|-damage|p2b: Gastrodon|47\/100\n|-enditem|p2b: Gastrodon|Sitrus Berry|[eat]\n|-heal|p2b: Gastrodon|72\/100|[from] item: Sitrus Berry\n|move|p1b: Ursaluna|Blood Moon|p2b: Gastrodon\n|-damage|p2b: Gastrodon|7\/100\n|move|p2b: Gastrodon|Yawn||[still]\n|-fail|p2b: Gastrodon\n|\n|-heal|p2a: Heatran|93\/100|[from] Grassy Terrain\n|-heal|p2a: Heatran|99\/100|[from] item: Leftovers\n|-heal|p1b: Ursaluna|24\/100|[from] Grassy Terrain\n|-heal|p1b: Ursaluna|30\/100|[from] item: Leftovers\n|-heal|p2b: Gastrodon|14\/100|[from] Grassy Terrain\n|-damage|p1b: Ursaluna|18\/100|[from] move: Magma Storm|[partiallytrapped]\n|-end|p1a: Heatran|move: Yawn|[silent]\n|-status|p1a: Heatran|slp\n|upkeep\n|turn|5\n|\n|t:|1700514875\n|-terastallize|p1a: Heatran|Fairy\n|cant|p1a: Heatran|slp\n|move|p2a: Heatran|Earth Power|p1b: Ursaluna\n|-damage|p1b: Ursaluna|0 fnt\n|faint|p1b: Ursaluna\n|move|p2b: Gastrodon|Earth Power|p1a: Heatran\n|-damage|p1a: Heatran|71\/100 slp\n|\n|-heal|p1a: Heatran|77\/100 slp|[from] Grassy Terrain\n|-heal|p2a: Heatran|100\/100|[from] Grassy Terrain\n|-heal|p2b: Gastrodon|20\/100|[from] Grassy Terrain\n|-fieldend|move: Grassy Terrain\n|upkeep\n|\n|t:|1700514896\n|switch|p1b: Iron Hands|Iron Hands, L50|100\/100\n|turn|6\n|\n|t:|1700514923\n|move|p1b: Iron Hands|Fake Out|p2a: Heatran\n|-damage|p2a: Heatran|88\/100\n|cant|p1a: Heatran|slp\n|cant|p2a: Heatran|flinch\n|move|p2b: Gastrodon|Yawn|p1b: Iron Hands\n|-start|p1b: Iron Hands|move: Yawn|[of] p2b: Gastrodon\n|\n|-heal|p2a: Heatran|94\/100|[from] item: Leftovers\n|upkeep\n|turn|7\n|\n|t:|1700514944\n|-end|p1b: Iron Hands|Quark Drive|[silent]\n|switch|p1b: Sinistcha|Sinistcha, L50|100\/100\n|-heal|p1a: Heatran|100\/100 slp|[from] ability: Hospitality|[of] p1b: Sinistcha\n|switch|p2b: Rillaboom|Rillaboom, L50, M|100\/100\n|-fieldstart|move: Grassy Terrain|[from] ability: Grassy Surge|[of] p2b: Rillaboom\n|move|p2a: Heatran|Protect|p2a: Heatran\n|-singleturn|p2a: Heatran|Protect\n|-curestatus|p1a: Heatran|slp|[msg]\n|move|p1a: Heatran|Earth Power|p2b: Rillaboom\n|-resisted|p2b: Rillaboom\n|-damage|p2b: Rillaboom|84\/100\n|\n|-heal|p2a: Heatran|100\/100|[from] Grassy Terrain\n|-heal|p2b: Rillaboom|90\/100|[from] Grassy Terrain\n|upkeep\n|turn|8\n|\n|t:|1700514997\n|move|p2b: Rillaboom|Fake Out|p1a: Heatran\n|-damage|p1a: Heatran|85\/100\n|cant|p1a: Heatran|flinch\n|move|p2a: Heatran|Magma Storm|p1b: Sinistcha|[miss]\n|-miss|p2a: Heatran|p1b: Sinistcha\n|move|p1b: Sinistcha|Matcha Gotcha|p2b: Rillaboom|[spread] p2a,p2b\n|-resisted|p2b: Rillaboom\n|-damage|p2a: Heatran|67\/100\n|-damage|p2b: Rillaboom|68\/100\n|\n|-heal|p1a: Heatran|91\/100|[from] Grassy Terrain\n|-heal|p2a: Heatran|73\/100|[from] Grassy Terrain\n|-heal|p2a: Heatran|80\/100|[from] item: Leftovers\n|-heal|p2b: Rillaboom|74\/100|[from] Grassy Terrain\n|upkeep\n|turn|9\n|l|\u2606LemVGC\n|player|p1|\n|\n|t:|1700515093\n|switch|p1b: Iron Hands|Iron Hands, L50|100\/100\n|move|p2a: Heatran|Protect|p2a: Heatran\n|-singleturn|p2a: Heatran|Protect\n|move|p2b: Rillaboom|Protect|p2b: Rillaboom\n|-singleturn|p2b: Rillaboom|Protect\n|move|p1a: Heatran|Heat Wave|p2a: Heatran|[spread] \n|-activate|p2a: Heatran|move: Protect\n|-activate|p2b: Rillaboom|move: Protect\n|\n|-heal|p1a: Heatran|97\/100|[from] Grassy Terrain\n|-heal|p2a: Heatran|86\/100|[from] Grassy Terrain\n|-heal|p2a: Heatran|92\/100|[from] item: Leftovers\n|-heal|p2b: Rillaboom|80\/100|[from] Grassy Terrain\n|upkeep\n|turn|10\n|j|\u2606LemVGC\n|player|p1|LemVGC|169\n|\n|t:|1700515134\n|-end|p2a: Heatran|ability: Flash Fire|[silent]\n|switch|p2a: Gastrodon|Gastrodon, L50, M|20\/100\n|switch|p2b: Landorus|Landorus-Therian, L50, M|90\/100\n|-ability|p2b: Landorus|Intimidate|boost\n|-unboost|p1a: Heatran|atk|1\n|-unboost|p1b: Iron Hands|atk|1\n|move|p1b: Iron Hands|Fake Out|p2b: Landorus\n|-damage|p2b: Landorus|79\/100\n|move|p1a: Heatran|Heat Wave|p2b: Landorus|[spread] p2a\n|-miss|p1a: Heatran|p2b: Landorus\n|-resisted|p2a: Gastrodon\n|-damage|p2a: Gastrodon|4\/100\n|-status|p2a: Gastrodon|brn\n|\n|-heal|p1a: Heatran|100\/100|[from] Grassy Terrain\n|-heal|p2a: Gastrodon|10\/100 brn|[from] Grassy Terrain\n|-damage|p2a: Gastrodon|4\/100 brn|[from] brn\n|upkeep\n|turn|11\n|\n|t:|1700515178\n|-end|p1b: Iron Hands|Quark Drive|[silent]\n|switch|p1b: Sinistcha|Sinistcha, L50|100\/100\n|move|p1a: Heatran|Protect|p1a: Heatran\n|-singleturn|p1a: Heatran|Protect\n|move|p2b: Landorus|Stomping Tantrum|p1a: Heatran\n|-activate|p1a: Heatran|move: Protect\n|move|p2a: Gastrodon|Yawn|p1a: Heatran\n|-activate|p1a: Heatran|move: Protect\n|\n|-heal|p2a: Gastrodon|10\/100 brn|[from] Grassy Terrain\n|-damage|p2a: Gastrodon|4\/100 brn|[from] brn\n|-fieldend|move: Grassy Terrain\n|upkeep\n|turn|12\n|\n|t:|1700515219\n|move|p1b: Sinistcha|Rage Powder|p1b: Sinistcha\n|-singleturn|p1b: Sinistcha|move: Rage Powder\n|move|p2b: Landorus|Stomping Tantrum|p1b: Sinistcha\n|-resisted|p1b: Sinistcha\n|-damage|p1b: Sinistcha|80\/100\n|-damage|p2b: Landorus|63\/100|[from] item: Rocky Helmet|[of] p1b: Sinistcha\n|move|p1a: Heatran|Flash Cannon|p2b: Landorus\n|-damage|p2b: Landorus|16\/100\n|move|p2a: Gastrodon|Yawn|p1b: Sinistcha\n|-start|p1b: Sinistcha|move: Yawn|[of] p2a: Gastrodon\n|\n|-damage|p2a: Gastrodon|0 fnt|[from] brn\n|faint|p2a: Gastrodon\n|upkeep\n|\n|t:|1700515233\n|switch|p2a: Rillaboom|Rillaboom, L50, M|80\/100\n|-fieldstart|move: Grassy Terrain|[from] ability: Grassy Surge|[of] p2a: Rillaboom\n|turn|13\n|\n|t:|1700515279\n|switch|p2b: Heatran|Heatran, L50, M, tera:Fairy|92\/100\n|move|p1a: Heatran|Protect|p1a: Heatran\n|-singleturn|p1a: Heatran|Protect\n|move|p2a: Rillaboom|Wood Hammer|p1a: Heatran\n|-activate|p1a: Heatran|move: Protect\n|move|p1b: Sinistcha|Matcha Gotcha|p2b: Heatran|[spread] p2b\n|-miss|p1b: Sinistcha|p2a: Rillaboom\n|-damage|p2b: Heatran|58\/100\n|-heal|p1b: Sinistcha|98\/100|[from] drain|[of] p2b: Heatran\n|\n|-heal|p2b: Heatran|64\/100|[from] Grassy Terrain\n|-heal|p2b: Heatran|70\/100|[from] item: Leftovers\n|-heal|p2a: Rillaboom|86\/100|[from] Grassy Terrain\n|-heal|p1b: Sinistcha|100\/100|[from] Grassy Terrain\n|-end|p1b: Sinistcha|move: Yawn|[silent]\n|-status|p1b: Sinistcha|slp\n|upkeep\n|turn|14\n|\n|t:|1700515330\n|switch|p1b: Iron Hands|Iron Hands, L50|100\/100\n|move|p2b: Heatran|Protect|p2b: Heatran\n|-singleturn|p2b: Heatran|Protect\n|move|p1a: Heatran|Heat Wave|p2a: Rillaboom|[spread] p2a\n|-activate|p2b: Heatran|move: Protect\n|-supereffective|p2a: Rillaboom\n|-damage|p2a: Rillaboom|13\/100\n|move|p2a: Rillaboom|Wood Hammer|p1a: Heatran\n|-damage|p1a: Heatran|0 fnt\n|faint|p1a: Heatran\n|-damage|p2a: Rillaboom|0 fnt|[from] Recoil\n|faint|p2a: Rillaboom\n|\n|-heal|p2b: Heatran|77\/100|[from] Grassy Terrain\n|-heal|p2b: Heatran|83\/100|[from] item: Leftovers\n|upkeep\n|\n|t:|1700515344\n|switch|p1a: Sinistcha|Sinistcha, L50|100\/100 slp\n|switch|p2a: Landorus|Landorus-Therian, L50, M|16\/100\n|-ability|p2a: Landorus|Intimidate|boost\n|-unboost|p1a: Sinistcha|atk|1\n|-unboost|p1b: Iron Hands|atk|1\n|turn|15\n|\n|t:|1700515377\n|move|p2a: Landorus|Stomping Tantrum|p1b: Iron Hands\n|-supereffective|p1b: Iron Hands\n|-damage|p1b: Iron Hands|51\/100\n|move|p2b: Heatran|Magma Storm|p1a: Sinistcha\n|-supereffective|p1a: Sinistcha\n|-damage|p1a: Sinistcha|0 fnt\n|faint|p1a: Sinistcha\n|move|p1b: Iron Hands|Heavy Slam|p2a: Landorus\n|-damage|p2a: Landorus|0 fnt\n|faint|p2a: Landorus\n|\n|-heal|p2b: Heatran|89\/100|[from] Grassy Terrain\n|-heal|p2b: Heatran|95\/100|[from] item: Leftovers\n|-heal|p1b: Iron Hands|57\/100|[from] Grassy Terrain\n|upkeep\n|turn|16\n|c|\u2606LemVGC|gg\n|\n|t:|1700515395\n|move|p2b: Heatran|Earth Power|p1b: Iron Hands\n|-supereffective|p1b: Iron Hands\n|-damage|p1b: Iron Hands|22\/100\n|move|p1b: Iron Hands|Heavy Slam|p2b: Heatran\n|-supereffective|p2b: Heatran\n|-damage|p2b: Heatran|78\/100\n|\n|-heal|p2b: Heatran|84\/100|[from] Grassy Terrain\n|-heal|p2b: Heatran|90\/100|[from] item: Leftovers\n|-heal|p1b: Iron Hands|28\/100|[from] Grassy Terrain\n|upkeep\n|turn|17\n|c|\u2606Dysi2404|gg\n|-message|LemVGC forfeited.\n|\n|win|Dysi2404\n|c|&|\/uhtml prompt-dysi2404,Dysi2404 is ready for game 3!\n|c|&|\/uhtml prompt-dysi2404,Dysi2404 is ready for game 3!\n|inactive|LemVGC has 50 seconds to confirm battle start!\n|inactive|LemVGC has 40 seconds to confirm battle start!\n|inactive|LemVGC has 29 seconds to confirm battle start!\n|c|&|\/uhtml prompt-lemvgc,LemVGC is ready for game 3!\nBoth players are ready! Starting next match!\n|l| Polpolpo\n","uploadtime":1700516082,"views":16,"p1id":"lemvgc","p2id":"dysi2404","formatid":"gen9vgc2023regulatione","rating":0,"private":0,"password":""}