{"id":"gen9vgc2023regulatione-1987922063","p1":"relder","p2":"SicGatto","format":"[Gen 9] VGC 2023 Regulation E","log":"|j|\u2606relder\n|j|\u2606SicGatto\n|n|\u2606relder|relder\n|n|\u2606SicGatto|sicgatto\n|html|View the match progress at <a href=\"\/game-bestof3-gen9vgc2023regulatione-1987911550\">game-bestof3-gen9vgc2023regulatione-1987911550<\/a>\n|t:|1699649425\n|gametype|doubles\n|player|p1|relder|whitney-gen2|\n|player|p2|SicGatto|170|\n|teamsize|p1|6\n|teamsize|p2|6\n|gen|9\n|tier|[Gen 9] VGC 2023 Regulation E\n|rule|Species Clause: Limit one of each Pok\u00e9mon\n|rule|Item Clause: Limit one of each item\n|clearpoke\n|poke|p1|Weezing, L50, F|\n|poke|p1|Gholdengo, L50|\n|poke|p1|Salamence, L50, F|\n|poke|p1|Urshifu-*, L50, M|\n|poke|p1|Ogerpon-Hearthflame, L50, F|\n|poke|p1|Iron Hands, L50|\n|poke|p2|Iron Hands, L50|\n|poke|p2|Rillaboom, L50, M|\n|poke|p2|Arcanine-Hisui, L50, M|\n|poke|p2|Milotic, L50, F|\n|poke|p2|Tornadus, L50, M|\n|poke|p2|Chien-Pao, L50|\n|teampreview|4\n|j| yo soy basato\n|j| Spindina\nSicGatto has agreed to open team sheets.\nrelder has agreed to open team sheets.\n|showteam|p1|Weezing||SitrusBerry|NeutralizingGas|SludgeBomb,WillOWisp,Taunt,Protect|||F|||50|,,,,,Water]Gholdengo||Leftovers|GoodasGold|MakeItRain,ShadowBall,NastyPlot,Protect||||||50|,,,,,Dragon]Salamence||AbilityShield|Intimidate|DragonClaw,DualWingbeat,Tailwind,Protect|||F|||50|,,,,,Steel]Urshifu-Rapid-Strike||ChoiceScarf|UnseenFist|SurgingStrikes,CloseCombat,IceSpinner,Uturn|||M|||50|,,,,,Water]Ogerpon-Hearthflame||HearthflameMask|MoldBreaker|WoodHammer,IvyCudgel,SwordsDance,SpikyShield|||F|||50|,,,,,Fire]Iron Hands||AssaultVest|QuarkDrive|FakeOut,WildCharge,DrainPunch,VoltSwitch||||||50|,,,,,Grass\n|showteam|p2|Iron Hands||AssaultVest|QuarkDrive|DrainPunch,WildCharge,FakeOut,HeavySlam||||||50|,,,,,Water]Rillaboom||MiracleSeed|GrassySurge|WoodHammer,GrassyGlide,FakeOut,Uturn|||M|||50|,,,,,Grass]Arcanine-Hisui||ChoiceBand|Intimidate|FlareBlitz,RockSlide,ExtremeSpeed,HeadSmash|||M|||50|,,,,,Normal]Milotic||SitrusBerry|Competitive|Scald,IceBeam,Haze,Protect|||F|||50|,,,,,Fairy]Tornadus||CovertCloak|Prankster|BleakwindStorm,IcyWind,Tailwind,Taunt|||M|||50|,,,,,Dark]Chien-Pao||FocusSash|SwordofRuin|IceSpinner,SuckerPunch,SacredSword,Protect||||||50|,,,,,Ghost\n|j| dan_DES\n|j| KyuremBiancoEtero\n|\n|t:|1699649523\n|start\n|switch|p1a: Urshifu|Urshifu-Rapid-Strike, L50, M|100\/100\n|switch|p1b: Iron Hands|Iron Hands, L50|100\/100\n|switch|p2a: Tornadus|Tornadus, L50, M|100\/100\n|switch|p2b: Arcanine|Arcanine-Hisui, L50, M|100\/100\n|-ability|p2b: Arcanine|Intimidate|boost\n|-unboost|p1a: Urshifu|atk|1\n|-unboost|p1b: Iron Hands|atk|1\n|turn|1\n|\n|t:|1699649539\n|switch|p2b: Rillaboom|Rillaboom, L50, M|100\/100\n|-fieldstart|move: Grassy Terrain|[from] ability: Grassy Surge|[of] p2b: Rillaboom\n|-end|p1b: Iron Hands|Quark Drive|[silent]\n|switch|p1b: Weezing|Weezing, L50, F|100\/100\n|-ability|p1b: Weezing|Neutralizing Gas\n|-terastallize|p1a: Urshifu|Water\n|move|p1a: Urshifu|Surging Strikes|p2a: Tornadus\n|-crit|p2a: Tornadus\n|-damage|p2a: Tornadus|76\/100\n|-crit|p2a: Tornadus\n|-damage|p2a: Tornadus|50\/100\n|-crit|p2a: Tornadus\n|-damage|p2a: Tornadus|25\/100\n|-hitcount|p2a: Tornadus|3\n|move|p2a: Tornadus|Tailwind|p2a: Tornadus\n|-sidestart|p2: SicGatto|move: Tailwind\n|\n|upkeep\n|turn|2\n|\n|t:|1699649621\n|switch|p1a: Iron Hands|Iron Hands, L50|100\/100\n|move|p2a: Tornadus|Taunt|p1b: Weezing\n|-start|p1b: Weezing|move: Taunt\n|move|p2b: Rillaboom|Wood Hammer|p1a: Iron Hands\n|-crit|p1a: Iron Hands\n|-damage|p1a: Iron Hands|1\/100\n|-damage|p2b: Rillaboom|62\/100|[from] Recoil\n|cant|p1b: Weezing|move: Taunt|Will-O-Wisp\n|\n|-heal|p2b: Rillaboom|68\/100|[from] Grassy Terrain\n|-heal|p1a: Iron Hands|7\/100|[from] Grassy Terrain\n|upkeep\n|turn|3\n|\n|t:|1699649642\n|move|p1a: Iron Hands|Fake Out|p2a: Tornadus\n|-damage|p2a: Tornadus|11\/100\n|move|p2a: Tornadus|Bleakwind Storm|p1b: Weezing|[spread] p1a,p1b\n|-damage|p1a: Iron Hands|0 fnt\n|-damage|p1b: Weezing|59\/100\n|-unboost|p1b: Weezing|spe|1\n|faint|p1a: Iron Hands\n|-end|p1a: Iron Hands|Quark Drive|[silent]\n|move|p2b: Rillaboom|U-turn|p1b: Weezing\n|-resisted|p1b: Weezing\n|-damage|p1b: Weezing|48\/100\n|-enditem|p1b: Weezing|Sitrus Berry|[eat]\n|-heal|p1b: Weezing|73\/100|[from] item: Sitrus Berry\n|\n|t:|1699649655\n|switch|p2b: Milotic|Milotic, L50, F|100\/100|[from] U-turn\n|move|p1b: Weezing|Sludge Bomb|p2a: Tornadus\n|-damage|p2a: Tornadus|0 fnt\n|faint|p2a: Tornadus\n|\n|-heal|p1b: Weezing|78\/100|[from] Grassy Terrain\n|upkeep\n|\n|t:|1699649666\n|switch|p2a: Rillaboom|Rillaboom, L50, M|68\/100\n|switch|p1a: Urshifu|Urshifu-Rapid-Strike, L50, M, tera:Water|100\/100\n|turn|4\n|j| sciadowsnich\n|\n|t:|1699649692\n|switch|p1a: Gholdengo|Gholdengo, L50|100\/100\n|move|p2a: Rillaboom|Grassy Glide|p1a: Gholdengo\n|-resisted|p1a: Gholdengo\n|-damage|p1a: Gholdengo|79\/100\n|move|p2b: Milotic|Scald|p1b: Weezing\n|-crit|p1b: Weezing\n|-damage|p1b: Weezing|12\/100\n|move|p1b: Weezing|Sludge Bomb|p2a: Rillaboom\n|-supereffective|p2a: Rillaboom\n|-damage|p2a: Rillaboom|4\/100\n|\n|-heal|p2a: Rillaboom|10\/100|[from] Grassy Terrain\n|-heal|p1a: Gholdengo|85\/100|[from] Grassy Terrain\n|-heal|p1a: Gholdengo|91\/100|[from] item: Leftovers\n|-heal|p1b: Weezing|18\/100|[from] Grassy Terrain\n|-end|p1b: Weezing|move: Taunt\n|-sideend|p2: SicGatto|move: Tailwind\n|upkeep\n|turn|5\n|\n|t:|1699649775\n|switch|p2a: Arcanine|Arcanine-Hisui, L50, M|100\/100\n|move|p1a: Gholdengo|Shadow Ball|p2a: Arcanine\n|-damage|p2a: Arcanine|58\/100\n|-unboost|p2a: Arcanine|spd|1\n|move|p2b: Milotic|Scald|p1a: Gholdengo\n|-damage|p1a: Gholdengo|55\/100\n|-status|p1a: Gholdengo|brn\n|move|p1b: Weezing|Taunt|p2b: Milotic\n|-start|p2b: Milotic|move: Taunt\n|\n|-heal|p1a: Gholdengo|61\/100 brn|[from] Grassy Terrain\n|-heal|p1a: Gholdengo|67\/100 brn|[from] item: Leftovers\n|-heal|p2a: Arcanine|64\/100|[from] Grassy Terrain\n|-heal|p1b: Weezing|24\/100|[from] Grassy Terrain\n|-damage|p1a: Gholdengo|61\/100 brn|[from] brn\n|-fieldend|move: Grassy Terrain\n|upkeep\n|turn|6\n|c|\u2606relder|madonna\n|l| sciadowsnich\n|j| sciadowsnich\n|\n|t:|1699649812\n|-terastallize|p2a: Arcanine|Normal\n|move|p1a: Gholdengo|Protect|p1a: Gholdengo\n|-singleturn|p1a: Gholdengo|Protect\n|move|p2a: Arcanine|Extreme Speed|p1b: Weezing\n|-crit|p1b: Weezing\n|-damage|p1b: Weezing|0 fnt\n|faint|p1b: Weezing\n|-end|p1b: Weezing|ability: Neutralizing Gas\n|-ability|p2a: Arcanine|Intimidate|boost\n|-unboost|p1a: Gholdengo|atk|1\n|move|p2b: Milotic|Scald|p1a: Gholdengo\n|-activate|p1a: Gholdengo|move: Protect\n|\n|-heal|p1a: Gholdengo|67\/100 brn|[from] item: Leftovers\n|-damage|p1a: Gholdengo|61\/100 brn|[from] brn\n|upkeep\n|\n|t:|1699649827\n|switch|p1b: Urshifu|Urshifu-Rapid-Strike, L50, M, tera:Water|100\/100\n|turn|7\n|\n|t:|1699649849\n|move|p2a: Arcanine|Extreme Speed|p1b: Urshifu\n|-damage|p1b: Urshifu|34\/100\n|move|p1b: Urshifu|Close Combat|p2b: Milotic\n|-damage|p2b: Milotic|36\/100\n|-unboost|p1b: Urshifu|def|1\n|-unboost|p1b: Urshifu|spd|1\n|-enditem|p2b: Milotic|Sitrus Berry|[eat]\n|-heal|p2b: Milotic|61\/100|[from] item: Sitrus Berry\n|move|p1a: Gholdengo|Nasty Plot|p1a: Gholdengo\n|-boost|p1a: Gholdengo|spa|2\n|move|p2b: Milotic|Scald|p1b: Urshifu\n|-resisted|p1b: Urshifu\n|-damage|p1b: Urshifu|4\/100\n|\n|-heal|p1a: Gholdengo|67\/100 brn|[from] item: Leftovers\n|-damage|p1a: Gholdengo|61\/100 brn|[from] brn\n|upkeep\n|turn|8\n|\n|t:|1699649870\n|move|p2a: Arcanine|Extreme Speed|p1b: Urshifu\n|-damage|p1b: Urshifu|0 fnt\n|faint|p1b: Urshifu\n|move|p1a: Gholdengo|Shadow Ball|p2b: Milotic\n|-damage|p2b: Milotic|7\/100\n|-unboost|p2b: Milotic|spd|1\n|-ability|p2b: Milotic|Competitive|boost\n|-boost|p2b: Milotic|spa|2\n|move|p2b: Milotic|Scald|p1a: Gholdengo\n|-damage|p1a: Gholdengo|0 fnt\n|faint|p1a: Gholdengo\n|\n|win|SicGatto\n|c|\u2606relder|va beh dai\n|c|\u2606relder|tutte\n|c|\u2606SicGatto|gg, sorry\n|c|\u2606relder|doppio crit e burn\n|c|\u2606relder|gg\n|c|\u2606relder|gg non potevo vincere\n|c|\u2606relder|mica \u00e8 colpa tua\n|c|\u2606relder|sto gioco \u00e8 bello\n|l| yo soy basato\n|l| KyuremBiancoEtero\n|l| sciadowsnich\n|j| KyuremBiancoEtero\n|l| Spindina\n|l|\u2606SicGatto\n","uploadtime":1699649942,"views":48,"p1id":"relder","p2id":"sicgatto","formatid":"gen9vgc2023regulatione","rating":0,"private":0,"password":""}