{"id":"gen9vgc2023regulatione-1993173705","p1":"Ogskive","p2":"Ganecoder","format":"[Gen 9] VGC 2023 Regulation E","log":"|j|\u2606Ogskive\n|j|\u2606Ganecoder\n|t:|1700273781\n|gametype|doubles\n|player|p1|Ogskive|fisherman-gen4|1299\n|player|p2|Ganecoder|colress|1278\n|teamsize|p1|6\n|teamsize|p2|6\n|gen|9\n|tier|[Gen 9] VGC 2023 Regulation E\n|rated|\n|rule|Species Clause: Limit one of each Pok\u00e9mon\n|rule|Item Clause: Limit one of each item\n|clearpoke\n|poke|p1|Flutter Mane, L50|\n|poke|p1|Overqwil, L50, M|\n|poke|p1|Pelipper, L50, M|\n|poke|p1|Barraskewda, L50, M|\n|poke|p1|Amoonguss, L50, F|\n|poke|p1|Rotom-Mow, L50|\n|poke|p2|Kingambit, L50, M|\n|poke|p2|Farigiraf, L50, F|\n|poke|p2|Landorus-Therian, L50, M|\n|poke|p2|Iron Hands, L50|\n|poke|p2|Ursaluna-Bloodmoon, L50, M|\n|poke|p2|Iron Bundle, L50|\n|teampreview|4\n|inactive|Battle timer is ON: inactive players will automatically lose when time's up. (requested by Ogskive)\n|\n|t:|1700273810\n|start\n|switch|p1a: Overqwil|Overqwil, L50, M|100\/100\n|switch|p1b: Rotom|Rotom-Mow, L50|100\/100\n|switch|p2a: Kingambit|Kingambit, L50, M|100\/100\n|switch|p2b: Farigiraf|Farigiraf, L50, F|100\/100\n|turn|1\n|j| DarkRinoRex\n|inactive|Ganecoder has 30 seconds left.\n|\n|t:|1700273838\n|-terastallize|p2a: Kingambit|Dark\n|move|p1b: Rotom|Trick|p2a: Kingambit\n|-activate|p1b: Rotom|move: Trick|[of] p2a: Kingambit\n|-item|p2a: Kingambit|Choice Scarf|[from] move: Trick\n|-item|p1b: Rotom|Life Orb|[from] move: Trick\n|move|p1a: Overqwil|Crunch|p2b: Farigiraf\n|-supereffective|p2b: Farigiraf\n|-damage|p2b: Farigiraf|18\/100\n|-unboost|p2b: Farigiraf|def|1\n|move|p2a: Kingambit|Kowtow Cleave|p1b: Rotom\n|-damage|p1b: Rotom|30\/100\n|move|p2b: Farigiraf|Trick Room|p2b: Farigiraf\n|-fieldstart|move: Trick Room|[of] p2b: Farigiraf\n|\n|upkeep\n|turn|2\n|inactive|Ganecoder has 30 seconds left.\n|\n|t:|1700273866\n|switch|p2b: Landorus|Landorus-Therian, L50, M|100\/100\n|-ability|p2b: Landorus|Intimidate|boost\n|-unboost|p1a: Overqwil|atk|1\n|-unboost|p1b: Rotom|atk|1\n|move|p2a: Kingambit|Kowtow Cleave|p1b: Rotom\n|-damage|p1b: Rotom|0 fnt\n|faint|p1b: Rotom\n|move|p1a: Overqwil|Fell Stinger|p2b: Landorus\n|-resisted|p2b: Landorus\n|-damage|p2b: Landorus|94\/100\n|\n|upkeep\n|\n|t:|1700273878\n|switch|p1b: Pelipper|Pelipper, L50, M|100\/100\n|-weather|RainDance|[from] ability: Drizzle|[of] p1b: Pelipper\n|turn|3\n|\n|t:|1700273895\n|move|p2a: Kingambit|Kowtow Cleave|p1b: Pelipper\n|-damage|p1b: Pelipper|25\/100\n|move|p1b: Pelipper|Hydro Pump|p2b: Landorus\n|-supereffective|p2b: Landorus\n|-damage|p2b: Landorus|0 fnt\n|faint|p2b: Landorus\n|move|p1a: Overqwil|Poison Jab|p2a: Kingambit\n|-damage|p2a: Kingambit|80\/100\n|-status|p2a: Kingambit|psn\n|\n|-weather|RainDance|[upkeep]\n|-damage|p2a: Kingambit|68\/100 psn|[from] psn\n|upkeep\n|\n|t:|1700273909\n|switch|p2b: Iron Hands|Iron Hands, L50|100\/100\n|turn|4\n|inactive|Ogskive has 30 seconds left.\n|\n|t:|1700273941\n|move|p1b: Pelipper|Helping Hand|p1a: Overqwil\n|-singleturn|p1a: Overqwil|Helping Hand|[of] p1b: Pelipper\n|move|p2b: Iron Hands|Fake Out|p1a: Overqwil\n|-damage|p1a: Overqwil|85\/100\n|move|p2a: Kingambit|Kowtow Cleave|p1b: Pelipper\n|-damage|p1b: Pelipper|0 fnt\n|faint|p1b: Pelipper\n|cant|p1a: Overqwil|flinch\n|\n|-weather|RainDance|[upkeep]\n|-damage|p2a: Kingambit|56\/100 psn|[from] psn\n|upkeep\n|\n|t:|1700273952\n|switch|p1b: Barraskewda|Barraskewda, L50, M|100\/100\n|turn|5\n|\n|t:|1700273975\n|-terastallize|p1a: Overqwil|Bug\n|move|p1b: Barraskewda|Protect|p1b: Barraskewda\n|-singleturn|p1b: Barraskewda|Protect\n|move|p2b: Iron Hands|Wild Charge|p1b: Barraskewda\n|-activate|p1b: Barraskewda|move: Protect\n|move|p2a: Kingambit|Kowtow Cleave|p1a: Overqwil\n|-damage|p1a: Overqwil|16\/100\n|move|p1a: Overqwil|Fell Stinger|p2a: Kingambit\n|-supereffective|p2a: Kingambit\n|-damage|p2a: Kingambit|26\/100 psn\n|\n|-weather|RainDance|[upkeep]\n|-damage|p2a: Kingambit|14\/100 psn|[from] psn\n|-fieldend|move: Trick Room\n|upkeep\n|turn|6\n|\n|t:|1700273995\n|switch|p2a: Farigiraf|Farigiraf, L50, F|18\/100\n|move|p1b: Barraskewda|Liquidation|p2b: Iron Hands\n|-damage|p2b: Iron Hands|58\/100\n|move|p1a: Overqwil|Fell Stinger|p2a: Farigiraf\n|-supereffective|p2a: Farigiraf\n|-damage|p2a: Farigiraf|0 fnt\n|faint|p2a: Farigiraf\n|-boost|p1a: Overqwil|atk|3\n|move|p2b: Iron Hands|Wild Charge|p1b: Barraskewda\n|-supereffective|p1b: Barraskewda\n|-enditem|p1b: Barraskewda|Focus Sash\n|-damage|p1b: Barraskewda|1\/100\n|-damage|p2b: Iron Hands|45\/100|[from] Recoil\n|\n|-weather|RainDance|[upkeep]\n|upkeep\n|\n|t:|1700274006\n|switch|p2a: Kingambit|Kingambit, L50, M, tera:Dark|14\/100 psn\n|turn|7\n|\n|t:|1700274021\n|move|p1b: Barraskewda|Protect|p1b: Barraskewda\n|-singleturn|p1b: Barraskewda|Protect\n|move|p1a: Overqwil|Aqua Jet|p2a: Kingambit\n|-damage|p2a: Kingambit|0 fnt\n|faint|p2a: Kingambit\n|move|p2b: Iron Hands|Wild Charge|p1b: Barraskewda\n|-activate|p1b: Barraskewda|move: Protect\n|\n|-weather|RainDance|[upkeep]\n|upkeep\n|turn|8\n|\n|t:|1700274040\n|move|p1b: Barraskewda|Liquidation|p2b: Iron Hands\n|-damage|p2b: Iron Hands|4\/100\n|move|p1a: Overqwil|Poison Jab|p2b: Iron Hands\n|-damage|p2b: Iron Hands|0 fnt\n|faint|p2b: Iron Hands\n|-end|p2b: Iron Hands|Quark Drive|[silent]\n|\n|win|Ogskive\n|raw|Ogskive's rating: 1299 &rarr; <strong>1322<\/strong><br \/>(+23 for winning)\n|raw|Ganecoder's rating: 1278 &rarr; <strong>1255<\/strong><br \/>(-23 for losing)\n|c|\u2606Ogskive|gg\n|l|\u2606Ganecoder\n|l| DarkRinoRex\n","uploadtime":1700274062,"views":9,"p1id":"ogskive","p2id":"ganecoder","formatid":"gen9vgc2023regulatione","rating":1255,"private":0,"password":""}