{"id":"gen9vgc2023regulatione-1988443049","p1":"stottzy","p2":"foiledfeline","format":"[Gen 9] VGC 2023 Regulation E","log":"|j|\u2606stottzy\n|j|\u2606foiledfeline\n|n|\u2606stottzy|stottzy\n|n|\u2606foiledfeline|foiledfeline\n|html|View the match progress at <a href=\"\/game-bestof3-gen9vgc2023regulatione-1988440176\">game-bestof3-gen9vgc2023regulatione-1988440176<\/a>\n|t:|1699723462\n|gametype|doubles\n|player|p1|stottzy|266|\n|player|p2|foiledfeline|steven|\n|teamsize|p1|6\n|teamsize|p2|6\n|gen|9\n|tier|[Gen 9] VGC 2023 Regulation E\n|rule|Species Clause: Limit one of each Pok\u00e9mon\n|rule|Item Clause: Limit one of each item\n|clearpoke\n|poke|p1|Urshifu-*, L50, F|\n|poke|p1|Tornadus, L50, M|\n|poke|p1|Raichu, L50, M|\n|poke|p1|Skeledirge, L50, F|\n|poke|p1|Cetitan, L50, F|\n|poke|p1|Frosmoth, L50, M|\n|poke|p2|Goodra-Hisui, L50, F|\n|poke|p2|Foongus, L50, F|\n|poke|p2|Espathra, L50, M|\n|poke|p2|Bronzong, L50|\n|poke|p2|Ursaluna-Bloodmoon, L50, M|\n|poke|p2|Decidueye, L50, F|\n|teampreview|4\n|j| Memes4.0\nfoiledfeline has agreed to open team sheets.\n|c|\u2606foiledfeline|whoops deny teamsheets\n|c|\u2606foiledfeline|pls\n|c| Memes4.0|Bear has conquered\n|c|\u2606foiledfeline|muscle memory from laddering lol\nstottzy rejected open team sheets.\n|c|\u2606foiledfeline|ty\n|c|\u2606foiledfeline|glhf x2!\n|c|\u2606stottzy|np\n|c|\u2606stottzy|glhf!\n|\n|t:|1699723566\n|start\n|switch|p1a: Tornadus|Tornadus, L50, M|100\/100\n|switch|p1b: Frosmoth|Frosmoth, L50, M|100\/100\n|switch|p2a: Foongy|Foongus, L50, F, shiny|100\/100\n|switch|p2b: Bronzy|Bronzong, L50, shiny|100\/100\n|turn|1\n|\n|t:|1699723592\n|move|p2a: Foongy|Protect|p2a: Foongy\n|-singleturn|p2a: Foongy|Protect\n|move|p1a: Tornadus|Taunt|p2a: Foongy\n|-activate|p2a: Foongy|move: Protect\n|move|p1b: Frosmoth|Ice Beam|p2a: Foongy\n|-activate|p2a: Foongy|move: Protect\n|move|p2b: Bronzy|Trick Room|p2b: Bronzy\n|-fieldstart|move: Trick Room|[of] p2b: Bronzy\n|\n|upkeep\n|turn|2\n|\n|t:|1699723620\n|switch|p2b: Ursaluny|Ursaluna-Bloodmoon, L50, M|100\/100\n|move|p1a: Tornadus|Taunt|p2a: Foongy\n|-start|p2a: Foongy|move: Taunt\n|cant|p2a: Foongy|move: Taunt|Spore\n|move|p1b: Frosmoth|Ice Beam|p2a: Foongy\n|-supereffective|p2a: Foongy\n|-crit|p2a: Foongy\n|-damage|p2a: Foongy|0 fnt\n|faint|p2a: Foongy\n|\n|upkeep\n|\n|t:|1699723631\n|switch|p2a: Gooey|Goodra-Hisui, L50, F|100\/100\n|turn|3\n|\n|t:|1699723684\n|-terastallize|p2b: Ursaluny|Ghost\n|move|p1b: Frosmoth|Wide Guard|p1b: Frosmoth\n|-singleturn|p1b: Frosmoth|Wide Guard\n|move|p2b: Ursaluny|Hyper Voice|p1b: Frosmoth|[spread] \n|-activate|p1a: Tornadus|move: Wide Guard\n|-activate|p1b: Frosmoth|move: Wide Guard\n|move|p2a: Gooey|Knock Off|p1b: Frosmoth\n|-damage|p1b: Frosmoth|73\/100\n|-enditem|p1b: Frosmoth|Leftovers|[from] move: Knock Off|[of] p2a: Gooey\n|move|p1a: Tornadus|Bleakwind Storm|p2b: Ursaluny|[spread] p2a,p2b\n|-resisted|p2a: Gooey\n|-damage|p2a: Gooey|91\/100\n|-damage|p2b: Ursaluny|64\/100\n|\n|upkeep\n|turn|4\n|\n|t:|1699723728\n|move|p1b: Frosmoth|Wide Guard|p1b: Frosmoth\n|-singleturn|p1b: Frosmoth|Wide Guard\n|move|p2b: Ursaluny|Blood Moon|p1b: Frosmoth\n|-damage|p1b: Frosmoth|14\/100\n|-damage|p2b: Ursaluny|54\/100|[from] item: Life Orb\n|move|p2a: Gooey|Life Dew|p2a: Gooey|[spread] p2a,p2b\n|-heal|p2a: Gooey|100\/100\n|-heal|p2b: Ursaluny|79\/100\n|move|p1a: Tornadus|Bleakwind Storm|p2a: Gooey|[spread] p2b\n|-miss|p1a: Tornadus|p2a: Gooey\n|-crit|p2b: Ursaluny\n|-damage|p2b: Ursaluny|29\/100\n|\n|upkeep\n|turn|5\n|\n|t:|1699723763\n|switch|p2b: Bronzy|Bronzong, L50, shiny|100\/100\n|move|p1a: Tornadus|Tailwind|p1a: Tornadus\n|-sidestart|p1: stottzy|move: Tailwind\n|move|p2a: Gooey|Shelter|p2a: Gooey\n|-boost|p2a: Gooey|def|2\n|move|p1b: Frosmoth|Ice Beam|p2b: Bronzy\n|-resisted|p2b: Bronzy\n|-damage|p2b: Bronzy|86\/100\n|\n|-fieldend|move: Trick Room\n|upkeep\n|turn|6\n|\n|t:|1699723802\n|move|p1a: Tornadus|Taunt|p2b: Bronzy\n|-start|p2b: Bronzy|move: Taunt\n|-enditem|p2b: Bronzy|Mental Herb\n|-end|p2b: Bronzy|move: Taunt\n|move|p1b: Frosmoth|Snowscape|p1b: Frosmoth\n|-weather|Snow\n|move|p2a: Gooey|Body Press|p1b: Frosmoth\n|-damage|p1b: Frosmoth|0 fnt\n|faint|p1b: Frosmoth\n|move|p2b: Bronzy|Trick Room|p2b: Bronzy\n|-fieldstart|move: Trick Room|[of] p2b: Bronzy\n|\n|-weather|Snow|[upkeep]\n|upkeep\n|\n|t:|1699723811\n|switch|p1b: Cetitan|Cetitan, L50, F|100\/100\n|turn|7\n|\n|t:|1699723861\n|-terastallize|p1b: Cetitan|Water\n|move|p2b: Bronzy|Psychic|p1a: Tornadus\n|-damage|p1a: Tornadus|64\/100\n|move|p2a: Gooey|Body Press|p1b: Cetitan\n|-damage|p1b: Cetitan|57\/100\n|move|p1a: Tornadus|Bleakwind Storm|p2b: Bronzy|[spread] p2a,p2b\n|-resisted|p2a: Gooey\n|-resisted|p2b: Bronzy\n|-damage|p2a: Gooey|91\/100\n|-damage|p2b: Bronzy|73\/100\n|-unboost|p2a: Gooey|spe|1\n|move|p1b: Cetitan|Earthquake|p2b: Bronzy|[spread] p2a,p2b\n|-immune|p1a: Tornadus\n|-supereffective|p2a: Gooey\n|-supereffective|p2b: Bronzy\n|-damage|p2a: Gooey|73\/100\n|-damage|p2b: Bronzy|29\/100\n|\n|-weather|Snow|[upkeep]\n|upkeep\n|turn|8\n|\n|t:|1699723891\n|move|p2b: Bronzy|Helping Hand|p2a: Gooey\n|-singleturn|p2a: Gooey|Helping Hand|[of] p2b: Bronzy\n|move|p1a: Tornadus|Taunt|p2b: Bronzy\n|-start|p2b: Bronzy|move: Taunt\n|move|p2a: Gooey|Body Press|p1b: Cetitan\n|-crit|p1b: Cetitan\n|-damage|p1b: Cetitan|0 fnt\n|faint|p1b: Cetitan\n|\n|-weather|Snow|[upkeep]\n|-sideend|p1: stottzy|move: Tailwind\n|upkeep\n|\n|t:|1699723903\n|switch|p1b: Urshifu|Urshifu-Rapid-Strike, L50, F|100\/100\n|turn|9\n|\n|t:|1699723913\n|move|p1b: Urshifu|Protect|p1b: Urshifu\n|-singleturn|p1b: Urshifu|Protect\n|move|p1a: Tornadus|Rain Dance|p1a: Tornadus\n|-weather|RainDance\n|move|p2b: Bronzy|Psychic|p1b: Urshifu\n|-activate|p1b: Urshifu|move: Protect\n|move|p2a: Gooey|Body Press|p1b: Urshifu\n|-activate|p1b: Urshifu|move: Protect\n|\n|-weather|RainDance|[upkeep]\n|upkeep\n|turn|10\n|\n|t:|1699723936\n|move|p1b: Urshifu|Aqua Jet|p2b: Bronzy\n|-damage|p2b: Bronzy|0 fnt\n|faint|p2b: Bronzy\n|move|p2a: Gooey|Life Dew|p2a: Gooey\n|-heal|p2a: Gooey|98\/100\n|move|p1a: Tornadus|Bleakwind Storm|p2a: Gooey\n|-resisted|p2a: Gooey\n|-damage|p2a: Gooey|86\/100\n|-unboost|p2a: Gooey|spe|1\n|\n|-weather|RainDance|[upkeep]\n|-fieldend|move: Trick Room\n|upkeep\n|\n|t:|1699723947\n|switch|p2b: Ursaluny|Ursaluna-Bloodmoon, L50, M, tera:Ghost|29\/100\n|turn|11\n|\n|t:|1699723962\n|move|p1a: Tornadus|Tailwind|p1a: Tornadus\n|-sidestart|p1: stottzy|move: Tailwind\n|move|p1b: Urshifu|Surging Strikes|p2b: Ursaluny\n|-crit|p2b: Ursaluny\n|-damage|p2b: Ursaluny|1\/100\n|-crit|p2b: Ursaluny\n|-damage|p2b: Ursaluny|0 fnt\n|faint|p2b: Ursaluny\n|-hitcount|p2: Ursaluny|2\n|move|p2a: Gooey|Shelter|p2a: Gooey\n|-boost|p2a: Gooey|def|2\n|\n|-weather|RainDance|[upkeep]\n|upkeep\n|turn|12\n|\n|t:|1699723981\n|move|p1a: Tornadus|Bleakwind Storm|p2a: Gooey\n|-resisted|p2a: Gooey\n|-damage|p2a: Gooey|73\/100\n|move|p1b: Urshifu|Surging Strikes|p2a: Gooey\n|-resisted|p2a: Gooey\n|-damage|p2a: Gooey|69\/100\n|-damage|p1b: Urshifu|84\/100|[from] item: Rocky Helmet|[of] p2a: Gooey\n|-resisted|p2a: Gooey\n|-damage|p2a: Gooey|66\/100\n|-damage|p1b: Urshifu|68\/100|[from] item: Rocky Helmet|[of] p2a: Gooey\n|-resisted|p2a: Gooey\n|-damage|p2a: Gooey|63\/100\n|-damage|p1b: Urshifu|51\/100|[from] item: Rocky Helmet|[of] p2a: Gooey\n|-hitcount|p2a: Gooey|3\n|move|p2a: Gooey|Body Press|p1b: Urshifu\n|-damage|p1b: Urshifu|0 fnt\n|faint|p1b: Urshifu\n|\n|-weather|RainDance|[upkeep]\n|upkeep\n|turn|13\n|\n|t:|1699724000\n|move|p1a: Tornadus|Bleakwind Storm|p2a: Gooey\n|-resisted|p2a: Gooey\n|-damage|p2a: Gooey|51\/100\n|move|p2a: Gooey|Body Press|p1a: Tornadus\n|-resisted|p1a: Tornadus\n|-damage|p1a: Tornadus|20\/100\n|\n|-weather|none\n|upkeep\n|turn|14\n|\n|t:|1699724008\n|move|p1a: Tornadus|Bleakwind Storm|p2a: Gooey\n|-resisted|p2a: Gooey\n|-damage|p2a: Gooey|38\/100\n|move|p2a: Gooey|Body Press|p1a: Tornadus\n|-resisted|p1a: Tornadus\n|-damage|p1a: Tornadus|0 fnt\n|faint|p1a: Tornadus\n|\n|win|foiledfeline\n|c|\u2606stottzy|gg\n|c|\u2606foiledfeline|ggs!\n|c| Memes4.0|Goodra moment\n|l| Memes4.0\n|c|\u2606stottzy|so bulky\n","uploadtime":1699724073,"views":219,"p1id":"stottzy","p2id":"foiledfeline","formatid":"gen9vgc2023regulatione","rating":0,"private":0,"password":""}