{"id":"gen9vgc2023regulatione-1989401481","p1":"Hd70","p2":"Tutkan","format":"[Gen 9] VGC 2023 Regulation E","log":"|j|\u2606Hd70\n|j|\u2606Tutkan\n|t:|1699845569\n|gametype|doubles\n|player|p1|Hd70|170|1376\n|player|p2|Tutkan|170|1282\n|teamsize|p1|6\n|teamsize|p2|6\n|gen|9\n|tier|[Gen 9] VGC 2023 Regulation E\n|rated|\n|rule|Species Clause: Limit one of each Pok\u00e9mon\n|rule|Item Clause: Limit one of each item\n|clearpoke\n|poke|p1|Tatsugiri, L50, F|\n|poke|p1|Dondozo, L50, F|\n|poke|p1|Sinistcha-Masterpiece, L50|\n|poke|p1|Scream Tail, L50|\n|poke|p1|Gothitelle, L50, F|\n|poke|p1|Arcanine, L50, F|\n|poke|p2|Heatran, L50, M|\n|poke|p2|Chien-Pao, L50|\n|poke|p2|Dragonite, L50, F|\n|poke|p2|Urshifu-*, L50, M|\n|poke|p2|Flutter Mane, L50|\n|poke|p2|Tornadus, L50, M|\n|teampreview|4\n|\n|t:|1699845611\n|start\n|switch|p1a: Dondozo|Dondozo, L50, F|100\/100\n|switch|p1b: Gothitelle|Gothitelle, L50, F|100\/100\n|switch|p2a: Tornadus|Tornadus, L50, M|100\/100\n|switch|p2b: Flutter Mane|Flutter Mane, L50|100\/100\n|-enditem|p2b: Flutter Mane|Booster Energy\n|-activate|p2b: Flutter Mane|ability: Protosynthesis|[fromitem]\n|-start|p2b: Flutter Mane|protosynthesisspa\n|turn|1\n|\n|t:|1699845637\n|switch|p1b: Tatsugiri|Tatsugiri, L50, F|100\/100\n|-activate|p1b: Tatsugiri|ability: Commander|[of] p1a: Dondozo\n|-boost|p1a: Dondozo|atk|2\n|-boost|p1a: Dondozo|spa|2\n|-boost|p1a: Dondozo|spe|2\n|-boost|p1a: Dondozo|def|2\n|-boost|p1a: Dondozo|spd|2\n|move|p2a: Tornadus|Taunt|p1b: Tatsugiri|[miss]\n|-miss|p2a: Tornadus|p1b: Tatsugiri\n|move|p2b: Flutter Mane|Thunderbolt|p1a: Dondozo\n|-supereffective|p1a: Dondozo\n|-damage|p1a: Dondozo|59\/100\n|move|p1a: Dondozo|Wave Crash|p2b: Flutter Mane\n|-damage|p2b: Flutter Mane|0 fnt\n|faint|p2b: Flutter Mane\n|-end|p2b: Flutter Mane|Protosynthesis|[silent]\n|-damage|p1a: Dondozo|38\/100|[from] Recoil\n|\n|-heal|p1a: Dondozo|44\/100|[from] item: Leftovers\n|upkeep\n|\n|t:|1699845661\n|switch|p2b: Urshifu|Urshifu-Rapid-Strike, L50, M|100\/100\n|turn|2\n|\n|t:|1699845671\n|-terastallize|p2b: Urshifu|Water\n|move|p2a: Tornadus|Rain Dance|p2a: Tornadus\n|-weather|RainDance\n|move|p2b: Urshifu|Surging Strikes|p1a: Dondozo\n|-resisted|p1a: Dondozo\n|-crit|p1a: Dondozo\n|-damage|p1a: Dondozo|29\/100\n|-resisted|p1a: Dondozo\n|-crit|p1a: Dondozo\n|-damage|p1a: Dondozo|13\/100\n|-resisted|p1a: Dondozo\n|-crit|p1a: Dondozo\n|-damage|p1a: Dondozo|0 fnt\n|faint|p1a: Dondozo\n|-hitcount|p1: Dondozo|3\n|\n|-weather|RainDance|[upkeep]\n|upkeep\n|\n|t:|1699845688\n|switch|p1a: Gothitelle|Gothitelle, L50, F|100\/100\n|turn|3\n|\n|t:|1699845704\n|move|p1a: Gothitelle|Fake Out|p2b: Urshifu\n|-damage|p2b: Urshifu|94\/100\n|move|p2a: Tornadus|Taunt|p1a: Gothitelle\n|-start|p1a: Gothitelle|move: Taunt\n|cant|p2b: Urshifu|flinch\n|move|p1b: Tatsugiri|Draco Meteor|p2b: Urshifu\n|-crit|p2b: Urshifu\n|-damage|p2b: Urshifu|0 fnt\n|-unboost|p1b: Tatsugiri|spa|2\n|faint|p2b: Urshifu\n|\n|-weather|RainDance|[upkeep]\n|upkeep\n|\n|t:|1699845719\n|switch|p2b: Heatran|Heatran, L50, M|100\/100\n|turn|4\n|\n|t:|1699845737\n|switch|p1a: Scream Tail|Scream Tail, L50|100\/100\n|-enditem|p1a: Scream Tail|Booster Energy\n|-activate|p1a: Scream Tail|ability: Protosynthesis|[fromitem]\n|-start|p1a: Scream Tail|protosynthesisspe\n|move|p2a: Tornadus|Bleakwind Storm|p1a: Scream Tail|[spread] p1a,p1b\n|-damage|p1a: Scream Tail|78\/100\n|-damage|p1b: Tatsugiri|63\/100\n|move|p2b: Heatran|Flash Cannon|p1b: Tatsugiri\n|-resisted|p1b: Tatsugiri\n|-damage|p1b: Tatsugiri|38\/100\n|move|p1b: Tatsugiri|Muddy Water|p2b: Heatran|[spread] p2b\n|-miss|p1b: Tatsugiri|p2a: Tornadus\n|-supereffective|p2b: Heatran\n|-damage|p2b: Heatran|72\/100\n|\n|-weather|RainDance|[upkeep]\n|upkeep\n|turn|5\n|\n|t:|1699845760\n|-terastallize|p1a: Scream Tail|Dark\n|move|p1b: Tatsugiri|Protect|p1b: Tatsugiri\n|-singleturn|p1b: Tatsugiri|Protect\n|move|p2a: Tornadus|Taunt|p1a: Scream Tail\n|-hint|Since gen 7, Dark is immune to Prankster moves.\n|-immune|p1a: Scream Tail\n|move|p1a: Scream Tail|Perish Song|p1a: Scream Tail\n|-start|p1a: Scream Tail|perish3|[silent]\n|-start|p1b: Tatsugiri|perish3|[silent]\n|-start|p2a: Tornadus|perish3|[silent]\n|-start|p2b: Heatran|perish3|[silent]\n|-fieldactivate|move: Perish Song\n|move|p2b: Heatran|Earth Power|p1b: Tatsugiri\n|-activate|p1b: Tatsugiri|move: Protect\n|\n|-weather|RainDance|[upkeep]\n|-start|p1a: Scream Tail|perish3\n|-start|p2a: Tornadus|perish3\n|-start|p2b: Heatran|perish3\n|-start|p1b: Tatsugiri|perish3\n|upkeep\n|turn|6\n|\n|t:|1699845785\n|move|p1a: Scream Tail|Disable|p2b: Heatran\n|-start|p2b: Heatran|Disable|Earth Power\n|move|p2a: Tornadus|Bleakwind Storm|p1b: Tatsugiri|[spread] p1a,p1b\n|-damage|p1a: Scream Tail|55\/100\n|-damage|p1b: Tatsugiri|0 fnt\n|faint|p1b: Tatsugiri\n|cant|p2b: Heatran|Disable|Earth Power\n|\n|-weather|none\n|-start|p1a: Scream Tail|perish2\n|-start|p2a: Tornadus|perish2\n|-start|p2b: Heatran|perish2\n|upkeep\n|\n|t:|1699845796\n|switch|p1b: Gothitelle|Gothitelle, L50, F|100\/100\n|turn|7\n|\n|t:|1699845805\n|move|p1b: Gothitelle|Fake Out|p2b: Heatran\n|-resisted|p2b: Heatran\n|-damage|p2b: Heatran|69\/100\n|move|p1a: Scream Tail|Disable|p2a: Tornadus\n|-start|p2a: Tornadus|Disable|Bleakwind Storm\n|cant|p2a: Tornadus|Disable|Bleakwind Storm\n|cant|p2b: Heatran|flinch\n|\n|-start|p1a: Scream Tail|perish1\n|-start|p2a: Tornadus|perish1\n|-start|p2b: Heatran|perish1\n|upkeep\n|turn|8\n|\n|t:|1699845823\n|move|p1a: Scream Tail|Protect|p1a: Scream Tail\n|-singleturn|p1a: Scream Tail|Protect\n|move|p1b: Gothitelle|Protect|p1b: Gothitelle\n|-singleturn|p1b: Gothitelle|Protect\n|move|p2a: Tornadus|Rain Dance|p2a: Tornadus\n|-weather|RainDance\n|move|p2b: Heatran|Heat Wave|p1a: Scream Tail|[spread] \n|-activate|p1a: Scream Tail|move: Protect\n|-activate|p1b: Gothitelle|move: Protect\n|\n|-weather|RainDance|[upkeep]\n|-start|p1a: Scream Tail|perish0\n|-start|p2a: Tornadus|perish0\n|-start|p2b: Heatran|perish0\n|faint|p1a: Scream Tail\n|-end|p1a: Scream Tail|Protosynthesis|[silent]\n|faint|p2a: Tornadus\n|faint|p2b: Heatran\n|\n|win|Hd70\n|upkeep\n|raw|Hd70's rating: 1376 &rarr; <strong>1391<\/strong><br \/>(+15 for winning)\n|raw|Tutkan's rating: 1282 &rarr; <strong>1264<\/strong><br \/>(-18 for losing)\n|l|\u2606Hd70\n","uploadtime":1699845841,"views":9,"p1id":"hd70","p2id":"tutkan","formatid":"gen9vgc2023regulatione","rating":1264,"private":0,"password":""}