{"id":"gen9vgc2023regulatione-1993092176","p1":"Greed_escarlata","p2":"ngocanhngu","format":"[Gen 9] VGC 2023 Regulation E","log":"|j|\u2606Greed_escarlata\n|j|\u2606ngocanhngu\n|t:|1700263818\n|gametype|doubles\n|player|p1|Greed_escarlata|shadowtriad|1130\n|player|p2|ngocanhngu|266|1195\n|teamsize|p1|6\n|teamsize|p2|6\n|gen|9\n|tier|[Gen 9] VGC 2023 Regulation E\n|rated|\n|rule|Species Clause: Limit one of each Pok\u00e9mon\n|rule|Item Clause: Limit one of each item\n|clearpoke\n|poke|p1|Dudunsparce-*, L50, M|\n|poke|p1|Zoroark-Hisui, L50, F|\n|poke|p1|Rillaboom, L50, M|\n|poke|p1|Milotic, L50, F|\n|poke|p1|Flutter Mane, L50|\n|poke|p1|Urshifu-*, L50, M|\n|poke|p2|Charizard, L50, F|\n|poke|p2|Flutter Mane, L50|\n|poke|p2|Tornadus, L50, M|\n|poke|p2|Chi-Yu, L50|\n|poke|p2|Roaring Moon, L50|\n|poke|p2|Arcanine-Hisui, L50, F|\n|teampreview|4\n|\n|t:|1700263887\n|start\n|switch|p1a: Flutter Mane|Flutter Mane, L50|100\/100\n|switch|p1b: Urshifu|Urshifu, L50, M|100\/100\n|switch|p2a: Tornadus|Tornadus, L50, M|100\/100\n|switch|p2b: Charizard|Charizard, L50, F|100\/100\n|turn|1\n|\n|t:|1700263909\n|move|p2a: Tornadus|Tailwind|p2a: Tornadus\n|-sidestart|p2: ngocanhngu|move: Tailwind\n|move|p2b: Charizard|Heat Wave|p1a: Flutter Mane|[spread] p1a,p1b\n|-damage|p1a: Flutter Mane|60\/100\n|-damage|p1b: Urshifu|38\/100\n|-damage|p2b: Charizard|91\/100|[from] item: Life Orb\n|move|p1b: Urshifu|Wicked Blow|p2b: Charizard\n|-crit|p2b: Charizard\n|-damage|p2b: Charizard|0 fnt\n|faint|p2b: Charizard\n|move|p1a: Flutter Mane|Trick Room|p1a: Flutter Mane\n|-fieldstart|move: Trick Room|[of] p1a: Flutter Mane\n|\n|upkeep\n|\n|t:|1700263930\n|switch|p2b: Arcanine|Arcanine-Hisui, L50, F|100\/100\n|-ability|p2b: Arcanine|Intimidate|boost\n|-unboost|p1a: Flutter Mane|atk|1\n|-unboost|p1b: Urshifu|atk|1\n|turn|2\n|\n|t:|1700263948\n|-end|p1a: Flutter Mane|Protosynthesis|[silent]\n|switch|p1a: Milotic|Milotic, L50, F|100\/100\n|move|p1b: Urshifu|Wicked Blow|p2a: Tornadus\n|-crit|p2a: Tornadus\n|-damage|p2a: Tornadus|23\/100\n|move|p2b: Arcanine|Rock Slide|p1a: Milotic|[spread] p1a,p1b\n|-resisted|p1b: Urshifu\n|-damage|p1a: Milotic|59\/100\n|-damage|p1b: Urshifu|15\/100\n|move|p2a: Tornadus|Bleakwind Storm|p1a: Milotic|[spread] p1a,p1b\n|-supereffective|p1b: Urshifu\n|-crit|p1b: Urshifu\n|-damage|p1a: Milotic|38\/100\n|-damage|p1b: Urshifu|0 fnt\n|-unboost|p1a: Milotic|spe|1\n|faint|p1b: Urshifu\n|\n|upkeep\n|\n|t:|1700263962\n|switch|p1b: Dudunsparce|Dudunsparce-Three-Segment, L50, M|100\/100\n|turn|3\n|\n|t:|1700263974\n|move|p1a: Milotic|Scald|p2b: Arcanine\n|-supereffective|p2b: Arcanine\n|-damage|p2b: Arcanine|0 fnt\n|faint|p2b: Arcanine\n|move|p1b: Dudunsparce|Rock Slide|p2a: Tornadus\n|-supereffective|p2a: Tornadus\n|-damage|p2a: Tornadus|0 fnt\n|faint|p2a: Tornadus\n|\n|upkeep\n|\n|t:|1700264004\n|switch|p2b: Flutter Mane|Flutter Mane, L50|100\/100\n|turn|4\n|\n|t:|1700264015\n|-terastallize|p2b: Flutter Mane|Fairy\n|move|p1a: Milotic|Scald|p2b: Flutter Mane\n|-damage|p2b: Flutter Mane|71\/100\n|move|p1b: Dudunsparce|Rock Slide|p2b: Flutter Mane\n|-damage|p2b: Flutter Mane|33\/100\n|cant|p2b: Flutter Mane|flinch\n|\n|-sideend|p2: ngocanhngu|move: Tailwind\n|upkeep\n|turn|5\n|l|\u2606ngocanhngu\n|player|p2|\n|inactive|Battle timer is ON: inactive players will automatically lose when time's up. (requested by Greed_escarlata)\n|inactive|ngocanhngu has 30 seconds to reconnect!\n|inactive|ngocanhngu has 20 seconds to reconnect!\n|inactive|ngocanhngu has 15 seconds to reconnect!\n|inactive|ngocanhngu has 10 seconds to reconnect!\n|inactive|ngocanhngu has 5 seconds to reconnect!\n|-message|ngocanhngu lost due to inactivity.\n|\n|win|Greed_escarlata\n|raw|Greed_escarlata's rating: 1130 &rarr; <strong>1160<\/strong><br \/>(+30 for winning)\n|raw|ngocanhngu's rating: 1195 &rarr; <strong>1165<\/strong><br \/>(-30 for losing)\n","uploadtime":1700264131,"views":13,"p1id":"greedescarlata","p2id":"ngocanhngu","formatid":"gen9vgc2023regulatione","rating":1160,"private":0,"password":""}