{"id":"gen9vgc2023regulatione-1992045305","p1":"Angels Cry","p2":"Mercurial Pluto","format":"[Gen 9] VGC 2023 Regulation E","log":"|j|\u2606Angels Cry\n|j|\u2606Mercurial Pluto\n|t:|1700150477\n|gametype|doubles\n|player|p1|Angels Cry|ghetsis|1221\n|player|p2|Mercurial Pluto|1|1237\n|teamsize|p1|6\n|teamsize|p2|6\n|gen|9\n|tier|[Gen 9] VGC 2023 Regulation E\n|rated|\n|rule|Species Clause: Limit one of each Pok\u00e9mon\n|rule|Item Clause: Limit one of each item\n|clearpoke\n|poke|p1|Kommo-o, L50, F|\n|poke|p1|Clefairy, L50, M|\n|poke|p1|Sinistcha, L50|\n|poke|p1|Snorlax, L50, M|\n|poke|p1|Iron Hands, L50|\n|poke|p1|Landorus-Therian, L50, M|\n|poke|p2|Snorlax, L50, F|\n|poke|p2|Sinistcha, L50|\n|poke|p2|Landorus-Therian, L50, M|\n|poke|p2|Iron Hands, L50|\n|poke|p2|Clefairy, L50, F|\n|poke|p2|Kommo-o, L50, M|\n|teampreview|4\n|inactive|Battle timer is ON: inactive players will automatically lose when time's up. (requested by Mercurial Pluto)\n|\n|t:|1700150517\n|start\n|switch|p1a: Kommo-o|Kommo-o, L50, F, shiny|100\/100\n|switch|p1b: Iron Hands|Iron Hands, L50|100\/100\n|switch|p2a: Snorlax|Snorlax, L50, F|100\/100\n|switch|p2b: Landorus|Landorus-Therian, L50, M|100\/100\n|-ability|p2b: Landorus|Intimidate|boost\n|-unboost|p1a: Kommo-o|atk|1\n|-unboost|p1b: Iron Hands|atk|1\n|turn|1\n|inactive|Angels Cry has 30 seconds left.\n|inactive|Angels Cry has 20 seconds left.\n|\n|t:|1700150555\n|move|p1b: Iron Hands|Fake Out|p2b: Landorus\n|-damage|p2b: Landorus|88\/100\n|cant|p2b: Landorus|flinch\n|move|p1a: Kommo-o|Clangorous Soul|p1a: Kommo-o\n|-boost|p1a: Kommo-o|atk|1\n|-boost|p1a: Kommo-o|def|1\n|-boost|p1a: Kommo-o|spa|1\n|-boost|p1a: Kommo-o|spd|1\n|-boost|p1a: Kommo-o|spe|1\n|-damage|p1a: Kommo-o|68\/100\n|-enditem|p1a: Kommo-o|Throat Spray\n|-boost|p1a: Kommo-o|spa|1|[from] item: Throat Spray\n|move|p2a: Snorlax|Belly Drum|p2a: Snorlax\n|-damage|p2a: Snorlax|50\/100\n|-setboost|p2a: Snorlax|atk|6|[from] move: Belly Drum\n|-enditem|p2a: Snorlax|Sitrus Berry|[eat]\n|-heal|p2a: Snorlax|75\/100|[from] item: Sitrus Berry\n|\n|upkeep\n|turn|2\n|inactive|Mercurial Pluto has 30 seconds left.\n|inactive|Mercurial Pluto has 20 seconds left.\n|\n|t:|1700150590\n|move|p2a: Snorlax|Protect|p2a: Snorlax\n|-singleturn|p2a: Snorlax|Protect\n|move|p2b: Landorus|Stomping Tantrum|p1a: Kommo-o\n|-damage|p1a: Kommo-o|12\/100\n|move|p1a: Kommo-o|Clanging Scales|p2a: Snorlax|[spread] p2b\n|-activate|p2a: Snorlax|move: Protect\n|-damage|p2b: Landorus|0 fnt\n|faint|p2b: Landorus\n|-unboost|p1a: Kommo-o|def|1\n|move|p1b: Iron Hands|Drain Punch|p2a: Snorlax\n|-activate|p2a: Snorlax|move: Protect\n|\n|upkeep\n|\n|t:|1700150607\n|switch|p2b: Iron Hands|Iron Hands, L50|100\/100\n|turn|3\n|\n|t:|1700150621\n|-end|p1b: Iron Hands|Quark Drive|[silent]\n|switch|p1b: Landorus|Landorus-Therian, L50, M|100\/100\n|-ability|p1b: Landorus|Intimidate|boost\n|-unboost|p2a: Snorlax|atk|1\n|-unboost|p2b: Iron Hands|atk|1\n|move|p1a: Kommo-o|Protect|p1a: Kommo-o\n|-singleturn|p1a: Kommo-o|Protect\n|move|p2b: Iron Hands|Fake Out|p1a: Kommo-o\n|-activate|p1a: Kommo-o|move: Protect\n|move|p2a: Snorlax|Facade|p1b: Landorus\n|-damage|p1b: Landorus|0 fnt\n|faint|p1b: Landorus\n|\n|upkeep\n|\n|t:|1700150633\n|switch|p1b: Iron Hands|Iron Hands, L50|100\/100\n|turn|4\n|\n|t:|1700150654\n|move|p2a: Snorlax|Protect|p2a: Snorlax\n|-singleturn|p2a: Snorlax|Protect\n|move|p1b: Iron Hands|Fake Out|p2b: Iron Hands\n|-damage|p2b: Iron Hands|89\/100\n|move|p1a: Kommo-o|Clanging Scales|p2a: Snorlax|[spread] p2b\n|-activate|p2a: Snorlax|move: Protect\n|-damage|p2b: Iron Hands|49\/100\n|-unboost|p1a: Kommo-o|def|1\n|cant|p2b: Iron Hands|flinch\n|\n|upkeep\n|turn|5\n|inactive|Mercurial Pluto has 30 seconds left.\n|\n|t:|1700150682\n|-end|p2b: Iron Hands|Quark Drive|[silent]\n|switch|p2b: Sinistcha|Sinistcha, L50|100\/100\n|-heal|p2a: Snorlax|100\/100|[from] ability: Hospitality|[of] p2b: Sinistcha\n|-terastallize|p2a: Snorlax|Water\n|move|p1a: Kommo-o|Clanging Scales|p2a: Snorlax|[spread] p2a,p2b\n|-damage|p2a: Snorlax|51\/100\n|-damage|p2b: Sinistcha|36\/100\n|-unboost|p1a: Kommo-o|def|1\n|move|p1b: Iron Hands|Drain Punch|p2a: Snorlax\n|-damage|p2a: Snorlax|19\/100\n|move|p2a: Snorlax|Facade|p1b: Iron Hands\n|-damage|p1b: Iron Hands|19\/100\n|\n|upkeep\n|turn|6\n|\n|t:|1700150704\n|-end|p1b: Iron Hands|Quark Drive|[silent]\n|switch|p1b: Sinistcha|Sinistcha, L50|100\/100\n|-heal|p1a: Kommo-o|37\/100|[from] ability: Hospitality|[of] p1b: Sinistcha\n|move|p2a: Snorlax|Protect|p2a: Snorlax\n|-singleturn|p2a: Snorlax|Protect\n|move|p1a: Kommo-o|Clanging Scales|p2a: Snorlax|[spread] p2b\n|-activate|p2a: Snorlax|move: Protect\n|-damage|p2b: Sinistcha|0 fnt\n|faint|p2b: Sinistcha\n|-unboost|p1a: Kommo-o|def|1\n|\n|upkeep\n|\n|t:|1700150717\n|switch|p2b: Iron Hands|Iron Hands, L50|49\/100\n|turn|7\n|\n|t:|1700150735\n|move|p1a: Kommo-o|Protect|p1a: Kommo-o\n|-singleturn|p1a: Kommo-o|Protect\n|move|p2b: Iron Hands|Fake Out|p1a: Kommo-o\n|-activate|p1a: Kommo-o|move: Protect\n|move|p1b: Sinistcha|Matcha Gotcha|p2b: Iron Hands|[spread] p2a,p2b\n|-supereffective|p2a: Snorlax\n|-crit|p2b: Iron Hands\n|-damage|p2a: Snorlax|0 fnt\n|-damage|p2b: Iron Hands|30\/100\n|faint|p2a: Snorlax\n|\n|upkeep\n|turn|8\n|-message|Mercurial Pluto forfeited.\n|\n|win|Angels Cry\n|raw|Angels Cry's rating: 1221 &rarr; <strong>1247<\/strong><br \/>(+26 for winning)\n|raw|Mercurial Pluto's rating: 1237 &rarr; <strong>1211<\/strong><br \/>(-26 for losing)\n|l|\u2606Mercurial Pluto\n","uploadtime":1700150759,"views":9,"p1id":"angelscry","p2id":"mercurialpluto","formatid":"gen9vgc2023regulatione","rating":1211,"private":0,"password":""}