{"id":"gen9vgc2023regulatione-1992620544","p1":"Qwano","p2":"sanlalala","format":"[Gen 9] VGC 2023 Regulation E","log":"|j|\u2606Qwano\n|j|\u2606sanlalala\n|t:|1700215957\n|gametype|doubles\n|player|p1|Qwano|burglar|1196\n|player|p2|sanlalala|102|1123\n|teamsize|p1|6\n|teamsize|p2|6\n|gen|9\n|tier|[Gen 9] VGC 2023 Regulation E\n|rated|\n|rule|Species Clause: Limit one of each Pok\u00e9mon\n|rule|Item Clause: Limit one of each item\n|clearpoke\n|poke|p1|Glimmora, L50, M|\n|poke|p1|Articuno-Galar, L50|\n|poke|p1|Kommo-o, L50, M|\n|poke|p1|Fezandipiti, L50, M|\n|poke|p1|Sinistcha, L50|\n|poke|p1|Iron Valiant, L50|\n|poke|p2|Palafin, L50, F|\n|poke|p2|Chien-Pao, L50|\n|poke|p2|Dragapult, L50, F|\n|poke|p2|Amoonguss, L50, F|\n|poke|p2|Arcanine, L50, F|\n|poke|p2|Flutter Mane, L50|\n|teampreview|4\n|\n|t:|1700216007\n|start\n|switch|p1a: Fezandipiti|Fezandipiti, L50, M|100\/100\n|switch|p1b: Glimmora|Glimmora, L50, M|100\/100\n|switch|p2a: WoChien|Amoonguss, L50, F|100\/100\n|switch|p2b: Dnite|Dragapult, L50, F|100\/100\n|turn|1\n|\n|t:|1700216047\n|-terastallize|p2b: Dnite|Steel\n|-terastallize|p1b: Glimmora|Grass\n|move|p2b: Dnite|Tera Blast|p1a: Fezandipiti|[anim] Tera Blast Steel\n|-supereffective|p1a: Fezandipiti\n|-damage|p1a: Fezandipiti|0 fnt\n|faint|p1a: Fezandipiti\n|move|p1b: Glimmora|Power Gem|p2b: Dnite\n|-resisted|p2b: Dnite\n|-damage|p2b: Dnite|70\/100\n|move|p2a: WoChien|Spore|p1b: Glimmora\n|-immune|p1b: Glimmora\n|\n|upkeep\n|\n|t:|1700216060\n|switch|p1a: Iron Valiant|Iron Valiant, L50|100\/100\n|-enditem|p1a: Iron Valiant|Booster Energy\n|-activate|p1a: Iron Valiant|ability: Quark Drive|[fromitem]\n|-start|p1a: Iron Valiant|quarkdrivespe\n|turn|2\n|\n|t:|1700216077\n|move|p1a: Iron Valiant|Close Combat|p2b: Dnite\n|-supereffective|p2b: Dnite\n|-damage|p2b: Dnite|0 fnt\n|-unboost|p1a: Iron Valiant|def|1\n|-unboost|p1a: Iron Valiant|spd|1\n|faint|p2b: Dnite\n|move|p1b: Glimmora|Earth Power|p2a: WoChien\n|-damage|p2a: WoChien|74\/100\n|-unboost|p2a: WoChien|spd|1\n|move|p2a: WoChien|Spore|p1a: Iron Valiant\n|-status|p1a: Iron Valiant|slp|[from] move: Spore\n|\n|upkeep\n|\n|t:|1700216100\n|switch|p2b: Dozo|Palafin, L50, F|100\/100\n|turn|3\n|\n|t:|1700216115\n|-end|p1a: Iron Valiant|Quark Drive|[silent]\n|switch|p1a: Articuno|Articuno-Galar, L50|100\/100\n|move|p1b: Glimmora|Energy Ball|p2b: Dozo\n|-supereffective|p2b: Dozo\n|-damage|p2b: Dozo|0 fnt\n|faint|p2b: Dozo\n|move|p2a: WoChien|Pollen Puff|p1a: Articuno\n|-damage|p1a: Articuno|79\/100\n|\n|upkeep\n|\n|t:|1700216125\n|switch|p2b: Bundle|Chien-Pao, L50|100\/100\n|-ability|p2b: Bundle|Sword of Ruin\n|turn|4\n|\n|t:|1700216135\n|move|p1a: Articuno|Protect|p1a: Articuno\n|-singleturn|p1a: Articuno|Protect\n|move|p2b: Bundle|Sucker Punch||[still]\n|-fail|p2b: Bundle\n|move|p1b: Glimmora|Power Gem|p2b: Bundle\n|-supereffective|p2b: Bundle\n|-enditem|p2b: Bundle|Focus Sash\n|-damage|p2b: Bundle|1\/100\n|move|p2a: WoChien|Spore|p1a: Articuno\n|-activate|p1a: Articuno|move: Protect\n|\n|upkeep\n|turn|5\n|\n|t:|1700216153\n|switch|p1a: Iron Valiant|Iron Valiant, L50|100\/100 slp\n|move|p2a: WoChien|Rage Powder|p2a: WoChien\n|-singleturn|p2a: WoChien|move: Rage Powder\n|move|p2b: Bundle|Sacred Sword|p1b: Glimmora\n|-damage|p1b: Glimmora|49\/100\n|-activate|p1b: Glimmora|ability: Toxic Debris\n|-sidestart|p2: sanlalala|move: Toxic Spikes\n|move|p1b: Glimmora|Power Gem|p2b: Bundle\n|-supereffective|p2b: Bundle\n|-damage|p2b: Bundle|0 fnt\n|faint|p2b: Bundle\n|\n|upkeep\n|turn|6\n|-message|sanlalala forfeited.\n|\n|win|Qwano\n|raw|Qwano's rating: 1196 &rarr; <strong>1216<\/strong><br \/>(+20 for winning)\n|raw|sanlalala's rating: 1123 &rarr; <strong>1103<\/strong><br \/>(-20 for losing)\n|l|\u2606sanlalala\n","uploadtime":1700216172,"views":16,"p1id":"qwano","p2id":"sanlalala","formatid":"gen9vgc2023regulatione","rating":1103,"private":0,"password":""}