{"id":"gen9vgc2023regulatione-1993003599","p1":"MaxLoco11","p2":"ColeAnimatesStuff","format":"[Gen 9] VGC 2023 Regulation E","log":"|j|\u2606MaxLoco11\n|j|\u2606ColeAnimatesStuff\n|t:|1700254538\n|gametype|doubles\n|player|p1|MaxLoco11|riley|1000\n|player|p2|ColeAnimatesStuff|cheryl|1022\n|teamsize|p1|6\n|teamsize|p2|6\n|gen|9\n|tier|[Gen 9] VGC 2023 Regulation E\n|rated|\n|rule|Species Clause: Limit one of each Pok\u00e9mon\n|rule|Item Clause: Limit one of each item\n|clearpoke\n|poke|p1|Amoonguss, L50, F|\n|poke|p1|Ninetales-Alola, L50, F|\n|poke|p1|Grimmsnarl, L50, M|\n|poke|p1|Lucario, L50, F|\n|poke|p1|Landorus-Therian, L50, M|\n|poke|p1|Armarouge, L50, F|\n|poke|p2|Iron Hands, L50|\n|poke|p2|Gholdengo, L50|\n|poke|p2|Basculegion, L50, M|\n|poke|p2|Tornadus, L50, M|\n|poke|p2|Farigiraf, L50, M|\n|poke|p2|Arcanine-Hisui, L50, F|\n|teampreview|4\n|inactive|Battle timer is ON: inactive players will automatically lose when time's up. (requested by ColeAnimatesStuff)\nColeAnimatesStuff rejected open team sheets.\n|\n|t:|1700254565\n|start\n|switch|p1a: Armarouge|Armarouge, L50, F|100\/100\n|switch|p1b: Grimmsnarl|Grimmsnarl, L50, M|100\/100\n|switch|p2a: Tornadus|Tornadus, L50, M|100\/100\n|switch|p2b: Mr Moneybags|Gholdengo, L50|100\/100\n|turn|1\n|\n|t:|1700254580\n|move|p1b: Grimmsnarl|Fake Out|p2a: Tornadus\n|-damage|p2a: Tornadus|87\/100\n|cant|p2a: Tornadus|flinch\n|move|p2b: Mr Moneybags|Shadow Ball|p1a: Armarouge\n|-supereffective|p1a: Armarouge\n|-damage|p1a: Armarouge|0 fnt\n|faint|p1a: Armarouge\n|-damage|p2b: Mr Moneybags|91\/100|[from] item: Life Orb\n|\n|upkeep\n|\n|t:|1700254592\n|switch|p1a: Lucario|Lucario, L50, F|100\/100\n|turn|2\n|\n|t:|1700254605\n|move|p2a: Tornadus|Taunt|p1b: Grimmsnarl\n|-hint|Since gen 7, Dark is immune to Prankster moves.\n|-immune|p1b: Grimmsnarl\n|move|p1b: Grimmsnarl|Parting Shot|p2a: Tornadus\n|-unboost|p2a: Tornadus|atk|1\n|-unboost|p2a: Tornadus|spa|1\n|\n|t:|1700254611\n|switch|p1b: Amoonguss|Amoonguss, L50, F|100\/100|[from] Parting Shot\n|move|p1a: Lucario|Swords Dance|p1a: Lucario\n|-boost|p1a: Lucario|atk|2\n|move|p2b: Mr Moneybags|Nasty Plot|p2b: Mr Moneybags\n|-boost|p2b: Mr Moneybags|spa|2\n|\n|upkeep\n|turn|3\n|\n|t:|1700254628\n|-terastallize|p2b: Mr Moneybags|Steel\n|move|p1a: Lucario|Crunch|p2b: Mr Moneybags\n|-damage|p2b: Mr Moneybags|38\/100\n|move|p2b: Mr Moneybags|Make It Rain|p1a: Lucario|[spread] p1a,p1b\n|-resisted|p1a: Lucario\n|-enditem|p1a: Lucario|Focus Sash\n|-damage|p1a: Lucario|1\/100\n|-damage|p1b: Amoonguss|0 fnt\n|-unboost|p2b: Mr Moneybags|spa|1\n|faint|p1b: Amoonguss\n|-damage|p2b: Mr Moneybags|28\/100|[from] item: Life Orb\n|move|p2a: Tornadus|Bleakwind Storm|p1a: Lucario\n|-damage|p1a: Lucario|0 fnt\n|faint|p1a: Lucario\n|\n|upkeep\n|\n|t:|1700254650\n|switch|p1b: Grimmsnarl|Grimmsnarl, L50, M|100\/100\n|turn|4\n|\n|t:|1700254656\n|move|p1b: Grimmsnarl|Fake Out|p2b: Mr Moneybags\n|-resisted|p2b: Mr Moneybags\n|-damage|p2b: Mr Moneybags|23\/100\n|move|p2a: Tornadus|Taunt|p1b: Grimmsnarl\n|-hint|Since gen 7, Dark is immune to Prankster moves.\n|-immune|p1b: Grimmsnarl\n|cant|p2b: Mr Moneybags|flinch\n|\n|upkeep\n|turn|5\n|\n|t:|1700254671\n|move|p2b: Mr Moneybags|Make It Rain|p1b: Grimmsnarl\n|-supereffective|p1b: Grimmsnarl\n|-damage|p1b: Grimmsnarl|0 fnt\n|-unboost|p2b: Mr Moneybags|spa|1\n|faint|p1b: Grimmsnarl\n|-damage|p2b: Mr Moneybags|13\/100|[from] item: Life Orb\n|\n|win|ColeAnimatesStuff\n|raw|MaxLoco11's rating: 1000 &rarr; <strong>1000<\/strong><br \/>(+0 for losing)\n|raw|ColeAnimatesStuff's rating: 1022 &rarr; <strong>1056<\/strong><br \/>(+34 for winning)\n|l|\u2606MaxLoco11\n","uploadtime":1700254678,"views":10,"p1id":"maxloco11","p2id":"coleanimatesstuff","formatid":"gen9vgc2023regulatione","rating":1000,"private":0,"password":""}