{"id":"gen9vgc2023regulatione-1998222022","p1":"squigsquag","p2":"barosvk","format":"[Gen 9] VGC 2023 Regulation E","log":"|j|\u2606squigsquag\n|j|\u2606barosvk\n|t:|1700915283\n|gametype|doubles\n|player|p1|squigsquag|265|1088\n|player|p2|barosvk|170|1053\n|teamsize|p1|6\n|teamsize|p2|6\n|gen|9\n|tier|[Gen 9] VGC 2023 Regulation E\n|rated|\n|rule|Species Clause: Limit one of each Pok\u00e9mon\n|rule|Item Clause: Limit one of each item\n|clearpoke\n|poke|p1|Iron Bundle, L50|\n|poke|p1|Hawlucha, L50, F|\n|poke|p1|Garganacl, L50, M|\n|poke|p1|Sinistcha-Masterpiece, L50|\n|poke|p1|Toxapex, L50, M|\n|poke|p1|Goodra-Hisui, L50, F|\n|poke|p2|Gholdengo, L50|\n|poke|p2|Skeledirge, L50, M|\n|poke|p2|Ogerpon-Wellspring, L50, F|\n|poke|p2|Arcanine-Hisui, L50, M|\n|poke|p2|Regieleki, L50|\n|poke|p2|Tyranitar, L50, F|\n|teampreview|4\n|\n|t:|1700915336\n|start\n|switch|p1a: Hawlucha|Hawlucha, L50, F|100\/100\n|switch|p1b: Goodra|Goodra-Hisui, L50, F|100\/100\n|switch|p2a: Regieleki|Regieleki, L50|100\/100\n|switch|p2b: Arcanine|Arcanine-Hisui, L50, M|100\/100\n|-ability|p2b: Arcanine|Intimidate|boost\n|-unboost|p1a: Hawlucha|atk|1\n|-unboost|p1b: Goodra|atk|1\n|turn|1\n|\n|t:|1700915356\n|move|p1a: Hawlucha|Detect|p1a: Hawlucha\n|-singleturn|p1a: Hawlucha|Protect\n|move|p2a: Regieleki|Thunderbolt|p1a: Hawlucha\n|-activate|p1a: Hawlucha|move: Protect\n|move|p2b: Arcanine|Flare Blitz|p1b: Goodra\n|-damage|p1b: Goodra|17\/100\n|-damage|p2b: Arcanine|70\/100|[from] Recoil\n|move|p1b: Goodra|Acid Armor|p1b: Goodra\n|-boost|p1b: Goodra|def|2\n|\n|-heal|p1b: Goodra|22\/100|[from] item: Leftovers\n|upkeep\n|turn|2\n|\n|t:|1700915388\n|switch|p1a: Sinistcha|Sinistcha-Masterpiece, L50|100\/100\n|-heal|p1b: Goodra|47\/100|[from] ability: Hospitality|[of] p1a: Sinistcha\n|move|p2a: Regieleki|Thunderbolt|p1a: Sinistcha\n|-resisted|p1a: Sinistcha\n|-damage|p1a: Sinistcha|65\/100\n|move|p2b: Arcanine|Flare Blitz|p1b: Goodra\n|-damage|p1b: Goodra|5\/100\n|-damage|p2b: Arcanine|55\/100|[from] Recoil\n|move|p1b: Goodra|Body Press|p2b: Arcanine\n|-supereffective|p2b: Arcanine\n|-damage|p2b: Arcanine|0 fnt\n|faint|p2b: Arcanine\n|\n|-heal|p1b: Goodra|11\/100|[from] item: Leftovers\n|upkeep\n|\n|t:|1700915397\n|switch|p2b: Tyranitar|Tyranitar, L50, F|100\/100\n|-weather|Sandstorm|[from] ability: Sand Stream|[of] p2b: Tyranitar\n|turn|3\n|\n|t:|1700915467\n|move|p2a: Regieleki|Electroweb|p1a: Sinistcha|[spread] p1a,p1b\n|-resisted|p1a: Sinistcha\n|-resisted|p1b: Goodra\n|-damage|p1a: Sinistcha|48\/100\n|-damage|p1b: Goodra|4\/100\n|-unboost|p1a: Sinistcha|spe|1\n|-unboost|p1b: Goodra|spe|1\n|move|p2b: Tyranitar|Crunch|p1a: Sinistcha\n|-supereffective|p1a: Sinistcha\n|-damage|p1a: Sinistcha|0 fnt\n|faint|p1a: Sinistcha\n|move|p1b: Goodra|Body Press|p2b: Tyranitar\n|-supereffective|p2b: Tyranitar\n|-damage|p2b: Tyranitar|0 fnt\n|faint|p2b: Tyranitar\n|\n|-weather|Sandstorm|[upkeep]\n|-damage|p2a: Regieleki|95\/100|[from] Sandstorm\n|-heal|p1b: Goodra|10\/100|[from] item: Leftovers\n|upkeep\n|\n|t:|1700915487\n|switch|p1a: Hawlucha|Hawlucha, L50, F|100\/100\n|switch|p2b: Gholdengo|Gholdengo, L50|100\/100\n|turn|4\n|\n|t:|1700915516\n|-terastallize|p1a: Hawlucha|Fighting\n|move|p2a: Regieleki|Electroweb|p1b: Goodra|[spread] p1a,p1b\n|-resisted|p1b: Goodra\n|-damage|p1a: Hawlucha|55\/100\n|-damage|p1b: Goodra|3\/100\n|-unboost|p1a: Hawlucha|spe|1\n|-unboost|p1b: Goodra|spe|1\n|move|p2b: Gholdengo|Shadow Ball|p1b: Goodra\n|-damage|p1b: Goodra|0 fnt\n|faint|p1b: Goodra\n|move|p1a: Hawlucha|Drain Punch|p2a: Regieleki\n|-damage|p2a: Regieleki|0 fnt\n|-heal|p1a: Hawlucha|100\/100|[from] drain|[of] p2a: Regieleki\n|faint|p2a: Regieleki\n|\n|-weather|Sandstorm|[upkeep]\n|-damage|p1a: Hawlucha|95\/100|[from] Sandstorm\n|upkeep\n|\n|t:|1700915534\n|switch|p1b: Iron Bundle|Iron Bundle, L50|100\/100\n|turn|5\n|-message|barosvk forfeited.\n|\n|win|squigsquag\n|raw|squigsquag's rating: 1088 &rarr; <strong>1112<\/strong><br \/>(+24 for winning)\n|raw|barosvk's rating: 1053 &rarr; <strong>1037<\/strong><br \/>(-16 for losing)\n|l|\u2606barosvk\n","uploadtime":1700915551,"views":8,"p1id":"squigsquag","p2id":"barosvk","formatid":"gen9vgc2023regulatione","rating":1037,"private":0,"password":""}