{"id":"gen9vgc2023regulatione-1994074724","p1":"XeolnorzHS","p2":"LuKromVGC","format":"[Gen 9] VGC 2023 Regulation E","log":"|j|\u2606XeolnorzHS\n|j|\u2606LuKromVGC\n|n|\u2606XeolnorzHS|xeolnorzhs\n|n|\u2606LuKromVGC|lukromvgc\n|html|View the match progress at <a href=\"\/game-bestof3-gen9vgc2023regulatione-1994069873\">game-bestof3-gen9vgc2023regulatione-1994069873<\/a>\n|t:|1700403543\n|gametype|doubles\n|player|p1|XeolnorzHS|linebacker|\n|player|p2|LuKromVGC|plasmagrunt|\n|teamsize|p1|6\n|teamsize|p2|6\n|gen|9\n|tier|[Gen 9] VGC 2023 Regulation E\n|rule|Species Clause: Limit one of each Pok\u00e9mon\n|rule|Item Clause: Limit one of each item\n|clearpoke\n|poke|p1|Tornadus, L50, M|\n|poke|p1|Urshifu-*, L50, M|\n|poke|p1|Flutter Mane, L50|\n|poke|p1|Arcanine-Hisui, L50, M|\n|poke|p1|Chien-Pao, L50|\n|poke|p1|Rillaboom, L50, M|\n|poke|p2|Dondozo, L50, M|\n|poke|p2|Tatsugiri, L50, M|\n|poke|p2|Ninetales-Alola, L50, F|\n|poke|p2|Glimmora, L50, F|\n|poke|p2|Iron Hands, L50|\n|poke|p2|Ogerpon-Hearthflame, L50, F|\n|teampreview|4\nXeolnorzHS has agreed to open team sheets.\nLuKromVGC has agreed to open team sheets.\n|showteam|p1|Tornadus||RockyHelmet|Prankster|BleakwindStorm,Taunt,Tailwind,RainDance|||M|||50|,,,,,Ghost]Urshifu-Rapid-Strike||MysticWater|UnseenFist|SurgingStrikes,AquaJet,CloseCombat,Protect|||M|||50|,,,,,Water]Flutter Mane||BoosterEnergy|Protosynthesis|Moonblast,ShadowBall,PerishSong,DazzlingGleam||||||50|,,,,,Fairy]Arcanine-Hisui||ChoiceBand|Intimidate|FlareBlitz,HeadSmash,RockSlide,ExtremeSpeed|||M|||50|,,,,,Normal]Chien-Pao||FocusSash|SwordofRuin|SuckerPunch,IcicleCrash,SacredSword,Protect||||||50|,,,,,Ghost]Rillaboom||AssaultVest|GrassySurge|WoodHammer,GrassyGlide,Uturn,FakeOut|||M|||50|,,,,,Fire\n|showteam|p2|Dondozo||Leftovers|Unaware|WaveCrash,OrderUp,Substitute,Protect|||M|||50|,,,,,Dragon]Tatsugiri||AbilityShield|Commander|MuddyWater,DracoMeteor,Taunt,Protect|||M|||50|,,,,,Steel]Ninetales-Alola||LightClay|SnowWarning|Blizzard,IcyWind,AuroraVeil,Protect|||F|||50|,,,,,Fire]Glimmora||FocusSash|ToxicDebris|PowerGem,SludgeBomb,MortalSpin,SpikyShield|||F|||50|,,,,,Dragon]Iron Hands||AssaultVest|QuarkDrive|DrainPunch,WildCharge,HeavySlam,FakeOut||||||50|,,,,,Water]Ogerpon-Hearthflame||HearthflameMask|MoldBreaker|IvyCudgel,HornLeech,SwordsDance,SpikyShield|||F|||50|,,,,,Fire\n|j| DubiousVGC\n|\n|t:|1700403555\n|start\n|switch|p1a: Tornadus|Tornadus, L50, M|100\/100\n|switch|p1b: Urshifu|Urshifu-Rapid-Strike, L50, M|100\/100\n|switch|p2a: Iron Hands|Iron Hands, L50|100\/100\n|switch|p2b: Glimmora|Glimmora, L50, F, shiny|100\/100\n|turn|1\n|j| Dan_DES\n|j| KyuremBiancoEtero\n|\n|t:|1700403605\n|move|p1b: Urshifu|Protect|p1b: Urshifu\n|-singleturn|p1b: Urshifu|Protect\n|move|p2a: Iron Hands|Fake Out|p1b: Urshifu\n|-activate|p1b: Urshifu|move: Protect\n|move|p2b: Glimmora|Power Gem|p1a: Tornadus\n|-supereffective|p1a: Tornadus\n|-damage|p1a: Tornadus|3\/100\n|move|p1a: Tornadus|Bleakwind Storm|p2b: Glimmora|[spread] p2a,p2b\n|-resisted|p2b: Glimmora\n|-damage|p2a: Iron Hands|84\/100\n|-damage|p2b: Glimmora|80\/100\n|\n|upkeep\n|turn|2\n|j| Fragolinass\n|l| Fragolinass\n|\n|t:|1700403671\n|-terastallize|p1b: Urshifu|Water\n|move|p1a: Tornadus|Rain Dance|p1a: Tornadus\n|-weather|RainDance\n|move|p1b: Urshifu|Surging Strikes|p2a: Iron Hands\n|-crit|p2a: Iron Hands\n|-damage|p2a: Iron Hands|53\/100\n|-crit|p2a: Iron Hands\n|-damage|p2a: Iron Hands|21\/100\n|-crit|p2a: Iron Hands\n|-damage|p2a: Iron Hands|0 fnt\n|faint|p2a: Iron Hands\n|-end|p2a: Iron Hands|Quark Drive|[silent]\n|-hitcount|p2: Iron Hands|3\n|move|p2b: Glimmora|Mortal Spin|p1b: Urshifu|[spread] p1a,p1b\n|-damage|p1a: Tornadus|0 fnt\n|-damage|p1b: Urshifu|95\/100\n|-status|p1b: Urshifu|psn\n|-damage|p2b: Glimmora|63\/100|[from] item: Rocky Helmet|[of] p1a: Tornadus\n|faint|p1a: Tornadus\n|\n|-weather|RainDance|[upkeep]\n|-damage|p1b: Urshifu|83\/100 psn|[from] psn\n|upkeep\n|\n|t:|1700403684\n|switch|p1a: Flutter Mane|Flutter Mane, L50, shiny|100\/100\n|switch|p2a: Dondozo|Dondozo, L50, M|100\/100\n|-enditem|p1a: Flutter Mane|Booster Energy\n|-activate|p1a: Flutter Mane|ability: Protosynthesis|[fromitem]\n|-start|p1a: Flutter Mane|protosynthesisspa\n|turn|3\n|\n|t:|1700403716\n|switch|p2b: Tatsugiri|Tatsugiri, L50, M|100\/100\n|-activate|p2b: Tatsugiri|ability: Commander|[of] p2a: Dondozo\n|-boost|p2a: Dondozo|atk|2\n|-boost|p2a: Dondozo|spa|2\n|-boost|p2a: Dondozo|spe|2\n|-boost|p2a: Dondozo|def|2\n|-boost|p2a: Dondozo|spd|2\n|move|p1a: Flutter Mane|Perish Song|p1a: Flutter Mane\n|-start|p1a: Flutter Mane|perish3|[silent]\n|-start|p1b: Urshifu|perish3|[silent]\n|-start|p2a: Dondozo|perish3|[silent]\n|-miss|p1a: Flutter Mane|p2b: Tatsugiri\n|-fieldactivate|move: Perish Song\n|move|p2a: Dondozo|Wave Crash|p1a: Flutter Mane\n|-damage|p1a: Flutter Mane|0 fnt\n|faint|p1a: Flutter Mane\n|-end|p1a: Flutter Mane|Protosynthesis|[silent]\n|-damage|p2a: Dondozo|81\/100|[from] Recoil\n|move|p1b: Urshifu|Close Combat|p2b: Tatsugiri|[miss]\n|-miss|p1b: Urshifu|p2b: Tatsugiri\n|\n|-weather|RainDance|[upkeep]\n|-heal|p2a: Dondozo|87\/100|[from] item: Leftovers\n|-damage|p1b: Urshifu|70\/100 psn|[from] psn\n|-start|p2a: Dondozo|perish3\n|-start|p1b: Urshifu|perish3\n|upkeep\n|\n|t:|1700403738\n|switch|p1a: Rillaboom|Rillaboom, L50, M|100\/100\n|-fieldstart|move: Grassy Terrain|[from] ability: Grassy Surge|[of] p1a: Rillaboom\n|turn|4\n|\n|t:|1700403750\n|move|p2a: Dondozo|Protect|p2a: Dondozo\n|-singleturn|p2a: Dondozo|Protect\n|move|p1a: Rillaboom|Fake Out|p2a: Dondozo\n|-activate|p2a: Dondozo|move: Protect\n|move|p1b: Urshifu|Surging Strikes|p2a: Dondozo\n|-resisted|p2a: Dondozo\n|-crit|p2a: Dondozo\n|-damage|p2a: Dondozo|69\/100\n|-resisted|p2a: Dondozo\n|-crit|p2a: Dondozo\n|-damage|p2a: Dondozo|53\/100\n|-resisted|p2a: Dondozo\n|-crit|p2a: Dondozo\n|-damage|p2a: Dondozo|36\/100\n|-hitcount|p2a: Dondozo|3\n|\n|-weather|RainDance|[upkeep]\n|-heal|p2a: Dondozo|42\/100|[from] Grassy Terrain\n|-heal|p2a: Dondozo|48\/100|[from] item: Leftovers\n|-heal|p1b: Urshifu|76\/100 psn|[from] Grassy Terrain\n|-damage|p1b: Urshifu|64\/100 psn|[from] psn\n|-start|p2a: Dondozo|perish2\n|-start|p1b: Urshifu|perish2\n|upkeep\n|turn|5\n|\n|t:|1700403797\n|move|p1a: Rillaboom|Grassy Glide|p2a: Dondozo\n|-supereffective|p2a: Dondozo\n|-damage|p2a: Dondozo|21\/100\n|move|p2a: Dondozo|Order Up|p1b: Urshifu\n|-damage|p1b: Urshifu|26\/100 psn\n|-boost|p2a: Dondozo|atk|1\n|move|p1b: Urshifu|Surging Strikes|p2a: Dondozo\n|-resisted|p2a: Dondozo\n|-crit|p2a: Dondozo\n|-damage|p2a: Dondozo|4\/100\n|-resisted|p2a: Dondozo\n|-crit|p2a: Dondozo\n|-damage|p2a: Dondozo|0 fnt\n|faint|p2a: Dondozo\n|-hitcount|p2: Dondozo|2\n|\n|-weather|RainDance|[upkeep]\n|-heal|p1b: Urshifu|32\/100 psn|[from] Grassy Terrain\n|-damage|p1b: Urshifu|20\/100 psn|[from] psn\n|-start|p1b: Urshifu|perish1\n|upkeep\n|\n|t:|1700403809\n|switch|p2a: Glimmora|Glimmora, L50, F, shiny|63\/100\n|turn|6\n|\n|t:|1700403828\n|-terastallize|p2a: Glimmora|Dragon\n|move|p2b: Tatsugiri|Protect|p2b: Tatsugiri\n|-singleturn|p2b: Tatsugiri|Protect\n|move|p1b: Urshifu|Close Combat|p2a: Glimmora\n|-damage|p2a: Glimmora|0 fnt\n|-unboost|p1b: Urshifu|def|1\n|-unboost|p1b: Urshifu|spd|1\n|-activate|p2a: Glimmora|ability: Toxic Debris\n|-sidestart|p1: XeolnorzHS|move: Toxic Spikes\n|faint|p2a: Glimmora\n|move|p1a: Rillaboom|Wood Hammer|p2b: Tatsugiri\n|-activate|p2b: Tatsugiri|move: Protect\n|\n|-weather|none\n|-heal|p1b: Urshifu|26\/100 psn|[from] Grassy Terrain\n|-damage|p1b: Urshifu|14\/100 psn|[from] psn\n|-start|p1b: Urshifu|perish0\n|faint|p1b: Urshifu\n|upkeep\n|turn|7\n|\n|t:|1700403854\n|move|p1a: Rillaboom|Grassy Glide|p2b: Tatsugiri\n|-damage|p2b: Tatsugiri|49\/100\n|move|p2b: Tatsugiri|Draco Meteor|p1a: Rillaboom\n|-damage|p1a: Rillaboom|51\/100\n|-unboost|p2b: Tatsugiri|spa|2\n|\n|-heal|p2b: Tatsugiri|54\/100|[from] Grassy Terrain\n|-heal|p1a: Rillaboom|57\/100|[from] Grassy Terrain\n|upkeep\n|turn|8\n|\n|t:|1700403861\n|move|p2b: Tatsugiri|Protect|p2b: Tatsugiri\n|-singleturn|p2b: Tatsugiri|Protect\n|move|p1a: Rillaboom|Wood Hammer|p2b: Tatsugiri\n|-activate|p2b: Tatsugiri|move: Protect\n|\n|-heal|p2b: Tatsugiri|60\/100|[from] Grassy Terrain\n|-heal|p1a: Rillaboom|63\/100|[from] Grassy Terrain\n|-fieldend|move: Grassy Terrain\n|upkeep\n|turn|9\n|\n|t:|1700403866\n|move|p2b: Tatsugiri|Draco Meteor|p1a: Rillaboom\n|-damage|p1a: Rillaboom|38\/100\n|-unboost|p2b: Tatsugiri|spa|2\n|move|p1a: Rillaboom|Wood Hammer|p2b: Tatsugiri\n|-damage|p2b: Tatsugiri|0 fnt\n|faint|p2b: Tatsugiri\n|-damage|p1a: Rillaboom|23\/100|[from] Recoil\n|\n|win|XeolnorzHS\n|c|\u2606XeolnorzHS|ggs\n|c|\u2606LuKromVGC|Ggs\n|l| DubiousVGC\n|l| KyuremBiancoEtero\n|l|\u2606XeolnorzHS\n|j| DubiousVGC\n","uploadtime":1700403992,"views":10,"p1id":"xeolnorzhs","p2id":"lukromvgc","formatid":"gen9vgc2023regulatione","rating":0,"private":0,"password":""}