{"id":"gen9vgc2023regulatione-1993552659","p1":"Suvojit","p2":"Cjj22","format":"[Gen 9] VGC 2023 Regulation E","log":"|j|\u2606Suvojit\n|j|\u2606Cjj22\n|t:|1700330974\n|gametype|doubles\n|player|p1|Suvojit|102|1088\n|player|p2|Cjj22|n|1142\n|teamsize|p1|6\n|teamsize|p2|6\n|gen|9\n|tier|[Gen 9] VGC 2023 Regulation E\n|rated|\n|rule|Species Clause: Limit one of each Pok\u00e9mon\n|rule|Item Clause: Limit one of each item\n|clearpoke\n|poke|p1|Pelipper, L50, M|\n|poke|p1|Gastrodon, L50, M|\n|poke|p1|Spiritomb, L50, F|\n|poke|p1|Rotom-Wash, L50|\n|poke|p1|Iron Hands, L50|\n|poke|p1|Amoonguss, L50, F|\n|poke|p2|Ogerpon-Cornerstone, L50, F|\n|poke|p2|Rillaboom, L50, F|\n|poke|p2|Chien-Pao, L50|\n|poke|p2|Dragonite, L50, F|\n|poke|p2|Flutter Mane, L50|\n|poke|p2|Heatran, L50, M|\n|teampreview|4\n|inactive|Battle timer is ON: inactive players will automatically lose when time's up. (requested by Cjj22)\n|\n|t:|1700331006\n|start\n|switch|p1a: Iron Hands|Iron Hands, L50|100\/100\n|switch|p1b: Amoonguss|Amoonguss, L50, F|100\/100\n|switch|p2a: Chien-Pao|Chien-Pao, L50|100\/100\n|switch|p2b: Dragonite|Dragonite, L50, F|100\/100\n|-ability|p2a: Chien-Pao|Sword of Ruin\n|turn|1\n|\n|t:|1700331020\n|-terastallize|p2b: Dragonite|Normal\n|-terastallize|p1b: Amoonguss|Dark\n|move|p2b: Dragonite|Extreme Speed|p1a: Iron Hands\n|-damage|p1a: Iron Hands|39\/100\n|move|p2a: Chien-Pao|Icicle Crash|p1a: Iron Hands\n|-damage|p1a: Iron Hands|0 fnt\n|faint|p1a: Iron Hands\n|-end|p1a: Iron Hands|Quark Drive|[silent]\n|-damage|p2a: Chien-Pao|91\/100|[from] item: Life Orb\n|move|p1b: Amoonguss|Spore|p2b: Dragonite\n|-status|p2b: Dragonite|slp|[from] move: Spore\n|\n|-damage|p1b: Amoonguss|88\/100|[from] item: Black Sludge\n|upkeep\n|\n|t:|1700331032\n|switch|p1a: Rotom|Rotom-Wash, L50, shiny|100\/100\n|turn|2\n|\n|t:|1700331055\n|move|p2a: Chien-Pao|Protect|p2a: Chien-Pao\n|-singleturn|p2a: Chien-Pao|Protect\n|cant|p2b: Dragonite|slp\n|move|p1a: Rotom|Hydro Pump|p2a: Chien-Pao\n|-activate|p2a: Chien-Pao|move: Protect\n|move|p1b: Amoonguss|Spore|p2a: Chien-Pao\n|-activate|p2a: Chien-Pao|move: Protect\n|\n|-damage|p1b: Amoonguss|76\/100|[from] item: Black Sludge\n|upkeep\n|turn|3\n|\n|t:|1700331067\n|switch|p2a: Rillaboom|Rillaboom, L50, F|100\/100\n|-fieldstart|move: Grassy Terrain|[from] ability: Grassy Surge|[of] p2a: Rillaboom\n|cant|p2b: Dragonite|slp\n|move|p1a: Rotom|Hydro Pump|p2b: Dragonite\n|-damage|p2b: Dragonite|61\/100 slp\n|move|p1b: Amoonguss|Spore|p2a: Rillaboom\n|-immune|p2a: Rillaboom\n|\n|-heal|p2b: Dragonite|66\/100 slp|[from] Grassy Terrain\n|-heal|p1b: Amoonguss|82\/100|[from] Grassy Terrain\n|-damage|p1b: Amoonguss|70\/100|[from] item: Black Sludge\n|upkeep\n|turn|4\n|\n|t:|1700331084\n|move|p2a: Rillaboom|Fake Out|p1a: Rotom\n|-damage|p1a: Rotom|87\/100\n|-damage|p2a: Rillaboom|84\/100|[from] item: Rocky Helmet|[of] p1a: Rotom\n|-curestatus|p2b: Dragonite|slp|[msg]\n|move|p2b: Dragonite|Extreme Speed|p1a: Rotom\n|-damage|p1a: Rotom|21\/100\n|-damage|p2b: Dragonite|50\/100|[from] item: Rocky Helmet|[of] p1a: Rotom\n|cant|p1a: Rotom|flinch\n|move|p1b: Amoonguss|Pollen Puff|p2b: Dragonite\n|-damage|p2b: Dragonite|32\/100\n|\n|-heal|p2b: Dragonite|38\/100|[from] Grassy Terrain\n|-heal|p2a: Rillaboom|90\/100|[from] Grassy Terrain\n|-heal|p1b: Amoonguss|76\/100|[from] Grassy Terrain\n|-damage|p1b: Amoonguss|64\/100|[from] item: Black Sludge\n|upkeep\n|turn|5\n|\n|t:|1700331104\n|move|p1a: Rotom|Protect|p1a: Rotom\n|-singleturn|p1a: Rotom|Protect\n|move|p2b: Dragonite|Extreme Speed|p1b: Amoonguss\n|-damage|p1b: Amoonguss|0 fnt\n|faint|p1b: Amoonguss\n|move|p2a: Rillaboom|Grassy Glide|p1a: Rotom\n|-activate|p1a: Rotom|move: Protect\n|\n|-heal|p2b: Dragonite|44\/100|[from] Grassy Terrain\n|-heal|p2a: Rillaboom|96\/100|[from] Grassy Terrain\n|upkeep\n|\n|t:|1700331109\n|switch|p1b: Pelipper|Pelipper, L50, M|100\/100\n|-weather|RainDance|[from] ability: Drizzle|[of] p1b: Pelipper\n|turn|6\n|\n|t:|1700331130\n|move|p2b: Dragonite|Extreme Speed|p1b: Pelipper\n|-damage|p1b: Pelipper|18\/100\n|move|p2a: Rillaboom|Grassy Glide|p1a: Rotom\n|-supereffective|p1a: Rotom\n|-damage|p1a: Rotom|0 fnt\n|-damage|p2a: Rillaboom|80\/100|[from] item: Rocky Helmet|[of] p1a: Rotom\n|faint|p1a: Rotom\n|move|p1b: Pelipper|Hurricane|p2b: Dragonite\n|-damage|p2b: Dragonite|8\/100\n|\n|-weather|RainDance|[upkeep]\n|-heal|p2b: Dragonite|14\/100|[from] Grassy Terrain\n|-heal|p2a: Rillaboom|86\/100|[from] Grassy Terrain\n|upkeep\n|turn|7\n|\n|t:|1700331145\n|move|p2b: Dragonite|Extreme Speed|p1b: Pelipper\n|-damage|p1b: Pelipper|0 fnt\n|faint|p1b: Pelipper\n|\n|win|Cjj22\n|raw|Suvojit's rating: 1088 &rarr; <strong>1068<\/strong><br \/>(-20 for losing)\n|raw|Cjj22's rating: 1142 &rarr; <strong>1163<\/strong><br \/>(+21 for winning)\n|l|\u2606Suvojit\n","uploadtime":1700331153,"views":10,"p1id":"suvojit","p2id":"cjj22","formatid":"gen9vgc2023regulatione","rating":1068,"private":0,"password":""}