{"id":"gen9vgc2023regulatione-1993091866","p1":"OlivineSio","p2":"Matcha Man Savage","format":"[Gen 9] VGC 2023 Regulation E","log":"|j|\u2606OlivineSio\n|j|\u2606Matcha Man Savage\n|t:|1700263779\n|gametype|doubles\n|player|p1|OlivineSio|dawn-gen4pt|1320\n|player|p2|Matcha Man Savage|1|1391\n|teamsize|p1|6\n|teamsize|p2|6\n|gen|9\n|tier|[Gen 9] VGC 2023 Regulation E\n|rated|\n|rule|Species Clause: Limit one of each Pok\u00e9mon\n|rule|Item Clause: Limit one of each item\n|clearpoke\n|poke|p1|Roaring Moon, L50|\n|poke|p1|Ogerpon-Wellspring, L50, F|\n|poke|p1|Landorus-Therian, L50, M|\n|poke|p1|Weezing, L50, F|\n|poke|p1|Thundurus-Therian, L50, M|\n|poke|p1|Chien-Pao, L50|\n|poke|p2|Chi-Yu, L50|\n|poke|p2|Flutter Mane, L50|\n|poke|p2|Iron Bundle, L50|\n|poke|p2|Landorus-Therian, L50, M|\n|poke|p2|Tornadus, L50, M|\n|poke|p2|Iron Hands, L50|\n|teampreview|4\n|inactive|Battle timer is ON: inactive players will automatically lose when time's up. (requested by Matcha Man Savage)\n|\n|t:|1700263808\n|start\n|switch|p1a: Weezing|Weezing, L50, F|100\/100\n|switch|p1b: Thundurus|Thundurus-Therian, L50, M|100\/100\n|switch|p2a: RoboSanta|Iron Bundle, L50|100\/100\n|switch|p2b: Landorus|Landorus-Therian, L50, M|100\/100\n|-ability|p1a: Weezing|Neutralizing Gas\n|-enditem|p2a: RoboSanta|Booster Energy\n|-activate|p2a: RoboSanta|ability: Quark Drive|[fromitem]\n|-start|p2a: RoboSanta|quarkdrivespe\n|turn|1\n|inactive|Matcha Man Savage has 30 seconds left.\n|\n|t:|1700263843\n|move|p2a: RoboSanta|Freeze-Dry|p1b: Thundurus\n|-supereffective|p1b: Thundurus\n|-damage|p1b: Thundurus|42\/100\n|move|p2b: Landorus|Rock Slide|p1a: Weezing|[spread] p1a,p1b\n|-supereffective|p1b: Thundurus\n|-damage|p1a: Weezing|82\/100\n|-damage|p1b: Thundurus|0 fnt\n|faint|p1b: Thundurus\n|move|p1a: Weezing|Will-O-Wisp|p2b: Landorus\n|-status|p2b: Landorus|brn\n|\n|-damage|p2b: Landorus|94\/100 brn|[from] brn\n|upkeep\n|\n|t:|1700263863\n|switch|p1b: Roaring Moon|Roaring Moon, L50|100\/100\n|-enditem|p1b: Roaring Moon|Booster Energy\n|-activate|p1b: Roaring Moon|ability: Protosynthesis|[fromitem]\n|-start|p1b: Roaring Moon|protosynthesisspe\n|turn|2\n|\n|t:|1700263876\n|move|p1b: Roaring Moon|Knock Off|p2a: RoboSanta\n|-damage|p2a: RoboSanta|65\/100\n|move|p2a: RoboSanta|Icy Wind|p1b: Roaring Moon|[spread] p1a,p1b\n|-crit|p1a: Weezing\n|-supereffective|p1b: Roaring Moon\n|-damage|p1a: Weezing|49\/100\n|-damage|p1b: Roaring Moon|64\/100\n|-unboost|p1a: Weezing|spe|1\n|-unboost|p1b: Roaring Moon|spe|1\n|-enditem|p1a: Weezing|Sitrus Berry|[eat]\n|-heal|p1a: Weezing|74\/100|[from] item: Sitrus Berry\n|move|p2b: Landorus|Rock Slide|p1b: Roaring Moon|[spread] p1a,p1b\n|-damage|p1a: Weezing|64\/100\n|-damage|p1b: Roaring Moon|48\/100\n|move|p1a: Weezing|Sludge Bomb|p2a: RoboSanta\n|-damage|p2a: RoboSanta|18\/100\n|-status|p2a: RoboSanta|psn\n|\n|-damage|p2a: RoboSanta|6\/100 psn|[from] psn\n|-damage|p2b: Landorus|88\/100 brn|[from] brn\n|upkeep\n|turn|3\n|\n|t:|1700263898\n|move|p1b: Roaring Moon|Protect|p1b: Roaring Moon\n|-singleturn|p1b: Roaring Moon|Protect\n|move|p1a: Weezing|Protect|p1a: Weezing\n|-singleturn|p1a: Weezing|Protect\n|move|p2a: RoboSanta|Icy Wind|p1b: Roaring Moon|[spread] \n|-activate|p1a: Weezing|move: Protect\n|-activate|p1b: Roaring Moon|move: Protect\n|move|p2b: Landorus|Rock Slide|p1a: Weezing|[spread] \n|-activate|p1a: Weezing|move: Protect\n|-activate|p1b: Roaring Moon|move: Protect\n|\n|-damage|p2a: RoboSanta|0 fnt|[from] psn\n|faint|p2a: RoboSanta\n|-end|p2a: RoboSanta|Quark Drive|[silent]\n|-damage|p2b: Landorus|82\/100 brn|[from] brn\n|upkeep\n|\n|t:|1700263903\n|switch|p2a: Tairy Fera|Flutter Mane, L50|100\/100\n|turn|4\n|\n|t:|1700263919\n|-terastallize|p1b: Roaring Moon|Flying\n|move|p2b: Landorus|Rock Slide|p1a: Weezing|[spread] p1a,p1b\n|-supereffective|p1b: Roaring Moon\n|-damage|p1a: Weezing|55\/100\n|-damage|p1b: Roaring Moon|16\/100\n|move|p1b: Roaring Moon|Acrobatics|p2a: Tairy Fera\n|-damage|p2a: Tairy Fera|13\/100\n|move|p2a: Tairy Fera|Shadow Ball|p1a: Weezing\n|-damage|p1a: Weezing|9\/100\n|move|p1a: Weezing|Sludge Bomb|p2a: Tairy Fera\n|-damage|p2a: Tairy Fera|0 fnt\n|faint|p2a: Tairy Fera\n|-end|p2a: Tairy Fera|Protosynthesis|[silent]\n|\n|-damage|p2b: Landorus|76\/100 brn|[from] brn\n|upkeep\n|\n|t:|1700263931\n|switch|p2a: Chi-Yu|Chi-Yu, L50|100\/100\n|turn|5\n|\n|t:|1700263945\n|move|p1b: Roaring Moon|Protect|p1b: Roaring Moon\n|-singleturn|p1b: Roaring Moon|Protect\n|move|p2a: Chi-Yu|Protect|p2a: Chi-Yu\n|-singleturn|p2a: Chi-Yu|Protect\n|move|p2b: Landorus|Rock Slide|p1a: Weezing|[spread] p1a\n|-activate|p1b: Roaring Moon|move: Protect\n|-damage|p1a: Weezing|0 fnt\n|faint|p1a: Weezing\n|-end|p1a: Weezing|ability: Neutralizing Gas\n|-ability|p2b: Landorus|Intimidate|boost\n|-unboost|p1b: Roaring Moon|atk|1\n|-ability|p2a: Chi-Yu|Beads of Ruin\n|\n|-damage|p2b: Landorus|70\/100 brn|[from] brn\n|upkeep\n|\n|t:|1700263958\n|switch|p1a: Landorus|Landorus-Therian, L50, M|100\/100\n|-ability|p1a: Landorus|Intimidate|boost\n|-unboost|p2a: Chi-Yu|atk|1\n|-unboost|p2b: Landorus|atk|1\n|turn|6\n|\n|t:|1700263969\n|-terastallize|p2a: Chi-Yu|Ghost\n|move|p1a: Landorus|Rock Slide|p2a: Chi-Yu|[spread] p2a,p2b\n|-damage|p2a: Chi-Yu|68\/100\n|-damage|p2b: Landorus|41\/100 brn\n|cant|p2b: Landorus|flinch\n|move|p1b: Roaring Moon|Acrobatics|p2a: Chi-Yu\n|-damage|p2a: Chi-Yu|21\/100\n|move|p2a: Chi-Yu|Heat Wave|p1a: Landorus|[spread] p1b\n|-miss|p2a: Chi-Yu|p1a: Landorus\n|-damage|p1b: Roaring Moon|0 fnt\n|faint|p1b: Roaring Moon\n|-end|p1b: Roaring Moon|Protosynthesis|[silent]\n|-damage|p2a: Chi-Yu|11\/100|[from] item: Life Orb\n|\n|-damage|p2b: Landorus|35\/100 brn|[from] brn\n|upkeep\n|turn|7\n|\n|t:|1700263985\n|move|p2b: Landorus|Rock Slide|p1a: Landorus\n|-damage|p1a: Landorus|87\/100\n|move|p1a: Landorus|Rock Slide|p2b: Landorus|[spread] p2a,p2b\n|-damage|p2a: Chi-Yu|0 fnt\n|-damage|p2b: Landorus|6\/100 brn\n|faint|p2a: Chi-Yu\n|\n|-damage|p2b: Landorus|0 fnt|[from] brn\n|faint|p2b: Landorus\n|\n|win|OlivineSio\n|upkeep\n|raw|OlivineSio's rating: 1320 &rarr; <strong>1344<\/strong><br \/>(+24 for winning)\n|raw|Matcha Man Savage's rating: 1391 &rarr; <strong>1367<\/strong><br \/>(-24 for losing)\n|c|\u2606Matcha Man Savage|gg\n","uploadtime":1700263996,"views":18,"p1id":"olivinesio","p2id":"matchamansavage","formatid":"gen9vgc2023regulatione","rating":1344,"private":0,"password":""}