{"id":"gen9vgc2023regulatione-1989150134","p1":"Box29","p2":"YuWei1101","format":"[Gen 9] VGC 2023 Regulation E","log":"|j|\u2606Box29\n|j|\u2606YuWei1101\n|t:|1699817562\n|gametype|doubles\n|player|p1|Box29|266|1408\n|player|p2|YuWei1101|brendan|1585\n|teamsize|p1|6\n|teamsize|p2|6\n|gen|9\n|tier|[Gen 9] VGC 2023 Regulation E\n|rated|\n|rule|Species Clause: Limit one of each Pok\u00e9mon\n|rule|Item Clause: Limit one of each item\n|clearpoke\n|poke|p1|Urshifu-*, L50, F|\n|poke|p1|Oranguru, L50, F|\n|poke|p1|Indeedee-F, L50, F|\n|poke|p1|Ursaluna-Bloodmoon, L50, M|\n|poke|p1|Chien-Pao, L50|\n|poke|p1|Ogerpon-Hearthflame, L50, F|\n|poke|p2|Talonflame, L50, M|\n|poke|p2|Flutter Mane, L50|\n|poke|p2|Urshifu-*, L50, F|\n|poke|p2|Iron Hands, L50|\n|poke|p2|Ursaluna, L50, M|\n|poke|p2|Cresselia, L50, F|\n|teampreview|4\n|inactive|Battle timer is ON: inactive players will automatically lose when time's up. (requested by Box29)\n|\n|t:|1699817645\n|start\n|switch|p1a: BtoB|Urshifu-Rapid-Strike, L50, F|100\/100\n|switch|p1b: Chien-Pao|Chien-Pao, L50|100\/100\n|switch|p2a: Urshifu|Urshifu, L50, F|100\/100\n|switch|p2b: Iron Hands|Iron Hands, L50|100\/100\n|-ability|p1b: Chien-Pao|Sword of Ruin\n|turn|1\n|inactive|Box29 has 30 seconds left.\n|inactive|Box29 has 20 seconds left.\n|inactive|Box29 has 15 seconds left.\n|inactive|YuWei1101 has 30 seconds left.\n|inactive|YuWei1101 has 20 seconds left.\n|\n|t:|1699817700\n|move|p1a: BtoB|Close Combat|p2a: Urshifu\n|-supereffective|p2a: Urshifu\n|-enditem|p2a: Urshifu|Focus Sash\n|-damage|p2a: Urshifu|1\/100\n|-unboost|p1a: BtoB|def|1\n|-unboost|p1a: BtoB|spd|1\n|move|p1b: Chien-Pao|Icicle Crash|p2a: Urshifu\n|-crit|p2a: Urshifu\n|-damage|p2a: Urshifu|0 fnt\n|faint|p2a: Urshifu\n|move|p2b: Iron Hands|Wild Charge|p1b: Chien-Pao\n|-damage|p1b: Chien-Pao|35\/100\n|-damage|p2b: Iron Hands|90\/100|[from] Recoil\n|\n|upkeep\n|\n|t:|1699817713\n|switch|p2a: Cresselia|Cresselia, L50, F|100\/100\n|turn|2\n|\n|t:|1699817725\n|switch|p1a: Ursaluna|Ursaluna-Bloodmoon, L50, M|100\/100\n|move|p1b: Chien-Pao|Throat Chop|p2a: Cresselia\n|-supereffective|p2a: Cresselia\n|-damage|p2a: Cresselia|31\/100\n|-start|p2a: Cresselia|Throat Chop|[silent]\n|move|p2b: Iron Hands|Volt Switch|p1a: Ursaluna\n|-immune|p1a: Ursaluna\n|move|p2a: Cresselia|Trick Room|p2a: Cresselia\n|-fieldstart|move: Trick Room|[of] p2a: Cresselia\n|\n|upkeep\n|turn|3\n|inactive|Box29 has 30 seconds left.\n|\n|t:|1699817759\n|switch|p1b: Oranguru|Oranguru, L50, F|100\/100\n|-terastallize|p1a: Ursaluna|Grass\n|move|p2a: Cresselia|Helping Hand|p2b: Iron Hands\n|-singleturn|p2b: Iron Hands|Helping Hand|[of] p2a: Cresselia\n|move|p1a: Ursaluna|Hyper Voice|p2b: Iron Hands|[spread] p2a,p2b\n|-crit|p2b: Iron Hands\n|-damage|p2a: Cresselia|5\/100\n|-damage|p2b: Iron Hands|62\/100\n|-enditem|p1a: Ursaluna|Throat Spray\n|-boost|p1a: Ursaluna|spa|1|[from] item: Throat Spray\n|move|p2b: Iron Hands|Drain Punch|p1a: Ursaluna\n|-damage|p1a: Ursaluna|52\/100\n|-heal|p2b: Iron Hands|81\/100|[from] drain|[of] p1a: Ursaluna\n|\n|-end|p2a: Cresselia|Throat Chop|[silent]\n|upkeep\n|turn|4\n|\n|t:|1699817783\n|move|p2a: Cresselia|Helping Hand|p2b: Iron Hands\n|-singleturn|p2b: Iron Hands|Helping Hand|[of] p2a: Cresselia\n|move|p1a: Ursaluna|Protect|p1a: Ursaluna\n|-singleturn|p1a: Ursaluna|Protect\n|move|p1b: Oranguru|Encore|p2a: Cresselia\n|-start|p2a: Cresselia|Encore\n|-enditem|p2a: Cresselia|Mental Herb\n|-end|p2a: Cresselia|Encore\n|move|p2b: Iron Hands|Drain Punch|p1a: Ursaluna\n|-activate|p1a: Ursaluna|move: Protect\n|\n|upkeep\n|turn|5\n|inactive|YuWei1101 has 30 seconds left.\n|\n|t:|1699817816\n|switch|p2a: Ursaluna|Ursaluna, L50, M|100\/100\n|move|p1a: Ursaluna|Earth Power|p2b: Iron Hands\n|-supereffective|p2b: Iron Hands\n|-damage|p2b: Iron Hands|0 fnt\n|faint|p2b: Iron Hands\n|-end|p2b: Iron Hands|Quark Drive|[silent]\n|move|p1b: Oranguru|Encore||[still]\n|-fail|p1b: Oranguru\n|\n|-status|p2a: Ursaluna|brn|[from] item: Flame Orb\n|upkeep\n|\n|t:|1699817825\n|switch|p2b: Cresselia|Cresselia, L50, F|5\/100\n|turn|6\n|\n|t:|1699817839\n|move|p2a: Ursaluna|Facade|p1b: Oranguru\n|-damage|p1b: Oranguru|1\/100\n|move|p1a: Ursaluna|Hyper Voice|p2a: Ursaluna|[spread] p2a,p2b\n|-damage|p2a: Ursaluna|47\/100 brn\n|-damage|p2b: Cresselia|0 fnt\n|faint|p2b: Cresselia\n|move|p1b: Oranguru|Instruct|p1a: Ursaluna\n|-singleturn|p1a: Ursaluna|move: Instruct|[of] p1b: Oranguru\n|move|p1a: Ursaluna|Hyper Voice|p2a: Ursaluna\n|-damage|p2a: Ursaluna|0 fnt\n|faint|p2a: Ursaluna\n|\n|win|Box29\n|raw|Box29's rating: 1408 &rarr; <strong>1437<\/strong><br \/>(+29 for winning)\n|raw|YuWei1101's rating: 1585 &rarr; <strong>1556<\/strong><br \/>(-29 for losing)\n|l|\u2606YuWei1101\n","uploadtime":1699817855,"views":7,"p1id":"box29","p2id":"yuwei1101","formatid":"gen9vgc2023regulatione","rating":1437,"private":0,"password":""}