{"id":"gen9vgc2023regulatione-1991452005","p1":"ProtoMasterX","p2":"peepoVegan","format":"[Gen 9] VGC 2023 Regulation E","log":"|j|\u2606ProtoMasterX\n|j|\u2606peepoVegan\n|t:|1700078289\n|gametype|doubles\n|player|p1|ProtoMasterX|iris-gen5bw2|1187\n|player|p2|peepoVegan|volkner|1111\n|teamsize|p1|6\n|teamsize|p2|6\n|gen|9\n|tier|[Gen 9] VGC 2023 Regulation E\n|rated|\n|rule|Species Clause: Limit one of each Pok\u00e9mon\n|rule|Item Clause: Limit one of each item\n|clearpoke\n|poke|p1|Ursaluna-Bloodmoon, L50, M|\n|poke|p1|Sinistcha, L50|\n|poke|p1|Armarouge, L50, M|\n|poke|p1|Indeedee-F, L50, F|\n|poke|p1|Iron Hands, L50|\n|poke|p1|Cresselia, L50, F|\n|poke|p2|Tornadus, L50, M|\n|poke|p2|Flutter Mane, L50|\n|poke|p2|Iron Bundle, L50|\n|poke|p2|Gholdengo, L50|\n|poke|p2|Heatran, L50, F|\n|poke|p2|Wo-Chien, L50|\n|teampreview|4\n|inactive|Battle timer is ON: inactive players will automatically lose when time's up. (requested by peepoVegan)\n|\n|t:|1700078338\n|start\n|switch|p1a: Indeedee|Indeedee-F, L50, F|100\/100\n|switch|p1b: Armarouge|Armarouge, L50, M|100\/100\n|switch|p2a: Wo-Chien|Wo-Chien, L50|100\/100\n|switch|p2b: Heatran|Heatran, L50, F|100\/100\n|-fieldstart|move: Psychic Terrain|[from] ability: Psychic Surge|[of] p1a: Indeedee\n|-enditem|p1a: Indeedee|Psychic Seed\n|-boost|p1a: Indeedee|spd|1|[from] item: Psychic Seed\n|-ability|p2a: Wo-Chien|Tablets of Ruin\n|turn|1\n|inactive|ProtoMasterX has 30 seconds left.\n|inactive|peepoVegan has 30 seconds left.\n|inactive|ProtoMasterX has 20 seconds left.\n|inactive|ProtoMasterX has 15 seconds left.\n|inactive|ProtoMasterX has 10 seconds left.\n|\n|t:|1700078384\n|-terastallize|p1b: Armarouge|Grass\n|move|p2b: Heatran|Earth Power|p1b: Armarouge\n|-resisted|p1b: Armarouge\n|-damage|p1b: Armarouge|83\/100\n|move|p1b: Armarouge|Heat Wave|p2b: Heatran|[spread] p2a\n|-start|p2b: Heatran|ability: Flash Fire\n|-supereffective|p2a: Wo-Chien\n|-damage|p2a: Wo-Chien|43\/100\n|-damage|p1b: Armarouge|73\/100|[from] item: Life Orb\n|move|p2a: Wo-Chien|Snarl|p1b: Armarouge|[spread] p1a,p1b\n|-supereffective|p1a: Indeedee\n|-damage|p1a: Indeedee|82\/100\n|-damage|p1b: Armarouge|57\/100\n|-unboost|p1a: Indeedee|spa|1\n|-unboost|p1b: Armarouge|spa|1\n|move|p1a: Indeedee|Trick Room|p1a: Indeedee\n|-fieldstart|move: Trick Room|[of] p1a: Indeedee\n|\n|upkeep\n|turn|2\n|inactive|ProtoMasterX has 30 seconds left.\n|inactive|peepoVegan has 30 seconds left.\n|inactive|ProtoMasterX has 20 seconds left.\n|inactive|ProtoMasterX has 15 seconds left.\n|inactive|ProtoMasterX has 10 seconds left.\n|\n|t:|1700078432\n|move|p2a: Wo-Chien|Snarl|p1a: Indeedee|[spread] p1a,p1b\n|-supereffective|p1a: Indeedee\n|-damage|p1a: Indeedee|65\/100\n|-damage|p1b: Armarouge|41\/100\n|-unboost|p1a: Indeedee|spa|1\n|-unboost|p1b: Armarouge|spa|1\n|move|p1b: Armarouge|Destiny Bond|p1b: Armarouge\n|-singlemove|p1b: Armarouge|Destiny Bond\n|move|p2b: Heatran|Flash Cannon|p1b: Armarouge\n|-damage|p1b: Armarouge|0 fnt\n|faint|p1b: Armarouge\n|-activate|p1b: Armarouge|move: Destiny Bond\n|faint|p2b: Heatran\n|move|p1a: Indeedee|Dazzling Gleam|p2a: Wo-Chien\n|-supereffective|p2a: Wo-Chien\n|-damage|p2a: Wo-Chien|33\/100\n|\n|upkeep\n|c|\u2606peepoVegan|.....................\n|c|\u2606peepoVegan|..............................\n|c|\u2606peepoVegan|.............................................\n|inactive|peepoVegan has 30 seconds left.\n|\n|t:|1700078457\n|switch|p1b: Ursaluna|Ursaluna-Bloodmoon, L50, M|100\/100\n|switch|p2b: Tornadus|Tornadus, L50, M, shiny|100\/100\n|turn|3\n|inactive|ProtoMasterX has 30 seconds left.\n|\n|t:|1700078482\n|move|p1a: Indeedee|Helping Hand|p1b: Ursaluna\n|-singleturn|p1b: Ursaluna|Helping Hand|[of] p1a: Indeedee\n|move|p2b: Tornadus|Sunny Day|p2b: Tornadus\n|-weather|SunnyDay\n|move|p1b: Ursaluna|Hyper Voice|p2a: Wo-Chien|[spread] p2a,p2b\n|-damage|p2a: Wo-Chien|0 fnt\n|-damage|p2b: Tornadus|47\/100\n|-enditem|p2b: Tornadus|Sitrus Berry|[eat]\n|-heal|p2b: Tornadus|71\/100|[from] item: Sitrus Berry\n|faint|p2a: Wo-Chien\n|-enditem|p1b: Ursaluna|Throat Spray\n|-boost|p1b: Ursaluna|spa|1|[from] item: Throat Spray\n|\n|-weather|SunnyDay|[upkeep]\n|upkeep\n|\n|t:|1700078496\n|switch|p2a: Flutter Mane|Flutter Mane, L50|100\/100\n|-activate|p2a: Flutter Mane|ability: Protosynthesis\n|-start|p2a: Flutter Mane|protosynthesisspa\n|turn|4\n|inactive|peepoVegan has 30 seconds left.\n|inactive|peepoVegan has 20 seconds left.\n|inactive|peepoVegan has 15 seconds left.\n|\n|t:|1700078540\n|-terastallize|p2a: Flutter Mane|Fairy\n|move|p1a: Indeedee|Follow Me|p1a: Indeedee\n|-singleturn|p1a: Indeedee|move: Follow Me\n|move|p2b: Tornadus|Tailwind|p2b: Tornadus\n|-sidestart|p2: peepoVegan|move: Tailwind\n|move|p1b: Ursaluna|Blood Moon|p2a: Flutter Mane\n|-damage|p2a: Flutter Mane|0 fnt\n|faint|p2a: Flutter Mane\n|-end|p2a: Flutter Mane|Protosynthesis|[silent]\n|\n|-weather|SunnyDay|[upkeep]\n|upkeep\n|turn|5\n|\n|t:|1700078561\n|move|p1a: Indeedee|Helping Hand|p1b: Ursaluna\n|-singleturn|p1b: Ursaluna|Helping Hand|[of] p1a: Indeedee\n|move|p1b: Ursaluna|Hyper Voice|p2b: Tornadus\n|-damage|p2b: Tornadus|0 fnt\n|faint|p2b: Tornadus\n|\n|win|ProtoMasterX\n|raw|ProtoMasterX's rating: 1187 &rarr; <strong>1207<\/strong><br \/>(+20 for winning)\n|raw|peepoVegan's rating: 1111 &rarr; <strong>1091<\/strong><br \/>(-20 for losing)\n|l|\u2606peepoVegan\n","uploadtime":1700078834,"views":13,"p1id":"protomasterx","p2id":"peepovegan","formatid":"gen9vgc2023regulatione","rating":1091,"private":0,"password":""}