{"id":"gen9vgc2023regulatione-1990944712","p1":"tlair77","p2":"js3499929","format":"[Gen 9] VGC 2023 Regulation E","log":"|j|\u2606tlair77\n|j|\u2606js3499929\n|t:|1700018088\n|gametype|doubles\n|player|p1|tlair77|blue|1397\n|player|p2|js3499929|101|1483\n|teamsize|p1|6\n|teamsize|p2|6\n|gen|9\n|tier|[Gen 9] VGC 2023 Regulation E\n|rated|\n|rule|Species Clause: Limit one of each Pok\u00e9mon\n|rule|Item Clause: Limit one of each item\n|clearpoke\n|poke|p1|Lycanroc, L50, M|\n|poke|p1|Tyranitar, L50, F|\n|poke|p1|Garchomp, L50, M|\n|poke|p1|Tornadus, L50, M|\n|poke|p1|Indeedee, L50, M|\n|poke|p1|Gastrodon, L50, F|\n|poke|p2|Indeedee-F, L50, F|\n|poke|p2|Armarouge, L50, M|\n|poke|p2|Torkoal, L50, M|\n|poke|p2|Dusclops, L50, F|\n|poke|p2|Ursaluna-Bloodmoon, L50, M|\n|poke|p2|Urshifu-*, L50, F|\n|teampreview|4\n|inactive|Battle timer is ON: inactive players will automatically lose when time's up. (requested by js3499929)\n|inactive|tlair77 has 60 seconds left.\n|\n|t:|1700018169\n|start\n|switch|p1a: Indeedee|Indeedee, L50, M|100\/100\n|switch|p1b: Tyranitar|Tyranitar, L50, F|100\/100\n|switch|p2a: Indeedee|Indeedee-F, L50, F|100\/100\n|switch|p2b: Urshifu|Urshifu, L50, F|100\/100\n|-weather|Sandstorm|[from] ability: Sand Stream|[of] p1b: Tyranitar\n|-fieldstart|move: Psychic Terrain|[from] ability: Psychic Surge|[of] p2a: Indeedee\n|-enditem|p2a: Indeedee|Psychic Seed\n|-boost|p2a: Indeedee|spd|1|[from] item: Psychic Seed\n|-enditem|p1a: Indeedee|Psychic Seed\n|-boost|p1a: Indeedee|spd|1|[from] item: Psychic Seed\n|turn|1\n|inactive|tlair77 has 30 seconds left.\n|inactive|tlair77 has 20 seconds left.\n|inactive|tlair77 has 15 seconds left.\n|inactive|tlair77 has 10 seconds left.\n|\n|t:|1700018216\n|-terastallize|p1a: Indeedee|Fairy\n|move|p1b: Tyranitar|Crunch|p2a: Indeedee\n|-supereffective|p2a: Indeedee\n|-damage|p2a: Indeedee|15\/100\n|move|p2b: Urshifu|Wicked Blow|p1a: Indeedee\n|-resisted|p1a: Indeedee\n|-crit|p1a: Indeedee\n|-damage|p1a: Indeedee|44\/100\n|move|p1a: Indeedee|Imprison|p1a: Indeedee\n|-start|p1a: Indeedee|move: Imprison\n|cant|p2a: Indeedee|move: Imprison|Trick Room\n|\n|-weather|Sandstorm|[upkeep]\n|-damage|p2b: Urshifu|94\/100|[from] Sandstorm\n|-damage|p2a: Indeedee|8\/100|[from] Sandstorm\n|-damage|p1a: Indeedee|38\/100|[from] Sandstorm\n|upkeep\n|turn|2\n|inactive|tlair77 has 30 seconds left.\n|inactive|js3499929 has 30 seconds left.\n|\n|t:|1700018249\n|move|p1b: Tyranitar|Crunch|p2a: Indeedee\n|-supereffective|p2a: Indeedee\n|-damage|p2a: Indeedee|0 fnt\n|faint|p2a: Indeedee\n|move|p2b: Urshifu|Wicked Blow|p1a: Indeedee\n|-resisted|p1a: Indeedee\n|-crit|p1a: Indeedee\n|-damage|p1a: Indeedee|0 fnt\n|faint|p1a: Indeedee\n|\n|-weather|Sandstorm|[upkeep]\n|-damage|p2b: Urshifu|88\/100|[from] Sandstorm\n|upkeep\n|\n|t:|1700018268\n|switch|p2a: Dusclops|Dusclops, L50, F|100\/100\n|switch|p1a: Gastrodon|Gastrodon, L50, F|100\/100\n|-item|p1a: Gastrodon|Sitrus Berry|[from] ability: Frisk|[of] p2a: Dusclops|[identify]\n|-item|p1b: Tyranitar|Choice Scarf|[from] ability: Frisk|[of] p2a: Dusclops|[identify]\n|turn|3\n|\n|t:|1700018292\n|move|p1b: Tyranitar|Crunch|p2a: Dusclops\n|-supereffective|p2a: Dusclops\n|-damage|p2a: Dusclops|47\/100\n|move|p2b: Urshifu|Wicked Blow|p1a: Gastrodon\n|-crit|p1a: Gastrodon\n|-damage|p1a: Gastrodon|30\/100\n|-enditem|p1a: Gastrodon|Sitrus Berry|[eat]\n|-heal|p1a: Gastrodon|55\/100|[from] item: Sitrus Berry\n|move|p1a: Gastrodon|Earth Power|p2a: Dusclops\n|-damage|p2a: Dusclops|32\/100\n|move|p2a: Dusclops|Will-O-Wisp|p1b: Tyranitar\n|-status|p1b: Tyranitar|brn\n|\n|-weather|Sandstorm|[upkeep]\n|-damage|p2b: Urshifu|82\/100|[from] Sandstorm\n|-damage|p2a: Dusclops|26\/100|[from] Sandstorm\n|-damage|p1b: Tyranitar|95\/100 brn|[from] brn\n|upkeep\n|turn|4\n|inactive|js3499929 has 30 seconds left.\n|\n|t:|1700018320\n|move|p1b: Tyranitar|Crunch|p2a: Dusclops\n|-supereffective|p2a: Dusclops\n|-damage|p2a: Dusclops|0 fnt\n|faint|p2a: Dusclops\n|move|p2b: Urshifu|Wicked Blow|p1a: Gastrodon\n|-crit|p1a: Gastrodon\n|-damage|p1a: Gastrodon|0 fnt\n|faint|p1a: Gastrodon\n|\n|-weather|Sandstorm|[upkeep]\n|-damage|p2b: Urshifu|75\/100|[from] Sandstorm\n|-damage|p1b: Tyranitar|89\/100 brn|[from] brn\n|upkeep\n|\n|t:|1700018334\n|switch|p1a: Garchomp|Garchomp, L50, M|100\/100\n|switch|p2a: Ursaluna|Ursaluna-Bloodmoon, L50, M|100\/100\n|turn|5\n|inactive|tlair77 has 30 seconds left.\n|\n|t:|1700018360\n|-terastallize|p2a: Ursaluna|Normal\n|move|p1a: Garchomp|Swords Dance|p1a: Garchomp\n|-boost|p1a: Garchomp|atk|2\n|move|p1b: Tyranitar|Crunch|p2a: Ursaluna\n|-damage|p2a: Ursaluna|85\/100\n|-unboost|p2a: Ursaluna|def|1\n|move|p2b: Urshifu|Wicked Blow|p1a: Garchomp\n|-crit|p1a: Garchomp\n|-damage|p1a: Garchomp|2\/100\n|move|p2a: Ursaluna|Blood Moon|p1a: Garchomp|[miss]\n|-miss|p2a: Ursaluna|p1a: Garchomp\n|\n|-weather|none\n|-damage|p1b: Tyranitar|83\/100 brn|[from] brn\n|-fieldend|move: Psychic Terrain\n|upkeep\n|turn|6\n|\n|t:|1700018385\n|move|p1b: Tyranitar|Crunch|p2b: Urshifu\n|-resisted|p2b: Urshifu\n|-crit|p2b: Urshifu\n|-damage|p2b: Urshifu|67\/100\n|-unboost|p2b: Urshifu|def|1\n|move|p1a: Garchomp|Earthquake|p2b: Urshifu|[spread] p1b,p2a,p2b\n|-supereffective|p1b: Tyranitar\n|-damage|p1b: Tyranitar|0 fnt\n|-damage|p2a: Ursaluna|0 fnt\n|-damage|p2b: Urshifu|0 fnt\n|faint|p1b: Tyranitar\n|faint|p2a: Ursaluna\n|faint|p2b: Urshifu\n|\n|win|tlair77\n|raw|tlair77's rating: 1397 &rarr; <strong>1422<\/strong><br \/>(+25 for winning)\n|raw|js3499929's rating: 1483 &rarr; <strong>1458<\/strong><br \/>(-25 for losing)\n|l|\u2606js3499929\n","uploadtime":1700018756,"views":27,"p1id":"tlair77","p2id":"js3499929","formatid":"gen9vgc2023regulatione","rating":1422,"private":0,"password":""}