{"id":"gen9vgc2023regulatione-2000257624","p1":"aquartertwo","p2":"AswangVGC","format":"[Gen 9] VGC 2023 Regulation E","log":"|j|\u2606aquartertwo\n|j|\u2606AswangVGC\n|n|\u2606aquartertwo|aquartertwo\n|n|\u2606AswangVGC|aswangvgc\n|html|View the match progress at <a href=\"\/game-bestof3-gen9vgc2023regulatione-2000253817\">game-bestof3-gen9vgc2023regulatione-2000253817<\/a>\n|t:|1701178401\n|gametype|doubles\n|player|p1|aquartertwo|clerk|\n|player|p2|AswangVGC|1|\n|teamsize|p1|6\n|teamsize|p2|6\n|gen|9\n|tier|[Gen 9] VGC 2023 Regulation E\n|rule|Species Clause: Limit one of each Pok\u00e9mon\n|rule|Item Clause: Limit one of each item\n|clearpoke\n|poke|p1|Tornadus, L50, M|\n|poke|p1|Flutter Mane, L50|\n|poke|p1|Regidrago, L50|\n|poke|p1|Heatran, L50, F|\n|poke|p1|Urshifu-*, L50, F|\n|poke|p1|Rillaboom, L50, F|\n|poke|p2|Tornadus, L50, M|\n|poke|p2|Urshifu-*, L50, F|\n|poke|p2|Flutter Mane, L50|\n|poke|p2|Arcanine-Hisui, L50, M|\n|poke|p2|Rillaboom, L50, M|\n|poke|p2|Chien-Pao, L50|\n|teampreview|4\nAswangVGC has agreed to open team sheets.\naquartertwo has agreed to open team sheets.\n|showteam|p1|Tornadus||FocusSash|Prankster|BleakwindStorm,Tailwind,SunnyDay,Protect|||M|||50|,,,,,Ghost]Flutter Mane||BoosterEnergy|Protosynthesis|DazzlingGleam,ShadowBall,Substitute,Protect||||||50|,,,,,Water]Regidrago||DragonFang|DragonsMaw|DragonEnergy,DracoMeteor,EarthPower,Protect||||||50|,,,,,Poison]Heatran||LifeOrb|FlashFire|HeatWave,FlashCannon,EarthPower,Protect|||F|||50|,,,,,Fairy]Urshifu||ChoiceScarf|UnseenFist|WickedBlow,SuckerPunch,CloseCombat,IronHead|||F|||50|,,,,,Dark]Rillaboom||AssaultVest|GrassySurge|WoodHammer,HighHorsepower,GrassyGlide,FakeOut|||F|||50|,,,,,Fire\n|showteam|p2|Tornadus||RockyHelmet|Prankster|BleakwindStorm,Taunt,Tailwind,RainDance|||M|||50|,,,,,Ghost]Urshifu-Rapid-Strike||MysticWater|UnseenFist|Detect,SurgingStrikes,CloseCombat,AquaJet|||F|||50|,,,,,Water]Flutter Mane||BoosterEnergy|Protosynthesis|DazzlingGleam,ShadowBall,Protect,Moonblast||||||50|,,,,,Fairy]Arcanine-Hisui||ChoiceBand|Intimidate|FlareBlitz,HeadSmash,RockSlide,ExtremeSpeed|||M|||50|,,,,,Normal]Rillaboom||AssaultVest|GrassySurge|WoodHammer,GrassyGlide,Uturn,FakeOut|||M|||50|,,,,,Fire]Chien-Pao||FocusSash|SwordofRuin|SuckerPunch,IcicleCrash,SacredSword,Protect||||||50|,,,,,Ghost\n|\n|t:|1701178422\n|start\n|switch|p1a: Tornadus|Tornadus, L50, M|100\/100\n|switch|p1b: Heatran|Heatran, L50, F|100\/100\n|switch|p2a: Tornadus|Tornadus, L50, M|100\/100\n|switch|p2b: Urshifu|Urshifu-Rapid-Strike, L50, F|100\/100\n|turn|1\n|\n|t:|1701178439\n|-terastallize|p2b: Urshifu|Water\n|-terastallize|p1b: Heatran|Fairy\n|move|p1a: Tornadus|Sunny Day|p1a: Tornadus\n|-weather|SunnyDay\n|move|p2a: Tornadus|Tailwind|p2a: Tornadus\n|-sidestart|p2: AswangVGC|move: Tailwind\n|move|p2b: Urshifu|Surging Strikes|p1a: Tornadus\n|-crit|p1a: Tornadus\n|-damage|p1a: Tornadus|73\/100\n|-crit|p1a: Tornadus\n|-damage|p1a: Tornadus|49\/100\n|-crit|p1a: Tornadus\n|-damage|p1a: Tornadus|23\/100\n|-hitcount|p1a: Tornadus|3\n|move|p1b: Heatran|Heat Wave|p2b: Urshifu|[spread] p2a,p2b\n|-resisted|p2b: Urshifu\n|-damage|p2a: Tornadus|27\/100\n|-damage|p2b: Urshifu|42\/100\n|-damage|p1b: Heatran|91\/100|[from] item: Life Orb\n|\n|-weather|SunnyDay|[upkeep]\n|upkeep\n|turn|2\n|\n|t:|1701178497\n|move|p2a: Tornadus|Rain Dance|p2a: Tornadus\n|-weather|RainDance\n|move|p1a: Tornadus|Tailwind|p1a: Tornadus\n|-sidestart|p1: aquartertwo|move: Tailwind\n|move|p2b: Urshifu|Surging Strikes|p1b: Heatran\n|-crit|p1b: Heatran\n|-damage|p1b: Heatran|37\/100\n|-crit|p1b: Heatran\n|-damage|p1b: Heatran|0 fnt\n|faint|p1b: Heatran\n|-hitcount|p1: Heatran|2\n|\n|-weather|RainDance|[upkeep]\n|upkeep\n|\n|t:|1701178511\n|switch|p1b: Flutter Mane|Flutter Mane, L50|100\/100\n|-enditem|p1b: Flutter Mane|Booster Energy\n|-activate|p1b: Flutter Mane|ability: Protosynthesis|[fromitem]\n|-start|p1b: Flutter Mane|protosynthesisspa\n|turn|3\n|\n|t:|1701178533\n|switch|p2b: Arcanine|Arcanine-Hisui, L50, M|100\/100\n|-ability|p2b: Arcanine|Intimidate|boost\n|-unboost|p1a: Tornadus|atk|1\n|-unboost|p1b: Flutter Mane|atk|1\n|move|p1a: Tornadus|Sunny Day|p1a: Tornadus\n|-weather|SunnyDay\n|move|p2a: Tornadus|Taunt|p1a: Tornadus\n|-start|p1a: Tornadus|move: Taunt\n|move|p1b: Flutter Mane|Dazzling Gleam|p2a: Tornadus|[spread] p2a,p2b\n|-resisted|p2b: Arcanine\n|-damage|p2a: Tornadus|0 fnt\n|-damage|p2b: Arcanine|78\/100\n|faint|p2a: Tornadus\n|\n|-weather|SunnyDay|[upkeep]\n|upkeep\n|\n|t:|1701178541\n|switch|p2a: Chien-Pao|Chien-Pao, L50|100\/100\n|-ability|p2a: Chien-Pao|Sword of Ruin\n|turn|4\n|\n|t:|1701178578\n|move|p2a: Chien-Pao|Protect|p2a: Chien-Pao\n|-singleturn|p2a: Chien-Pao|Protect\n|move|p1b: Flutter Mane|Substitute|p1b: Flutter Mane\n|-start|p1b: Flutter Mane|Substitute\n|-damage|p1b: Flutter Mane|76\/100\n|move|p1a: Tornadus|Bleakwind Storm|p2a: Chien-Pao|[spread] \n|-activate|p2a: Chien-Pao|move: Protect\n|-miss|p1a: Tornadus|p2b: Arcanine\n|move|p2b: Arcanine|Rock Slide|p1a: Tornadus|[spread] p1a,p1b\n|-end|p1b: Flutter Mane|Substitute\n|-supereffective|p1a: Tornadus\n|-damage|p1a: Tornadus|0 fnt\n|faint|p1a: Tornadus\n|\n|-weather|SunnyDay|[upkeep]\n|-sideend|p2: AswangVGC|move: Tailwind\n|upkeep\n|\n|t:|1701178593\n|switch|p1a: Rillaboom|Rillaboom, L50, F|100\/100\n|-fieldstart|move: Grassy Terrain|[from] ability: Grassy Surge|[of] p1a: Rillaboom\n|turn|5\n|\n|t:|1701178625\n|switch|p2a: Urshifu|Urshifu-Rapid-Strike, L50, F, tera:Water|42\/100\n|move|p1a: Rillaboom|Fake Out|p2a: Urshifu\n|-damage|p2a: Urshifu|28\/100\n|move|p1b: Flutter Mane|Dazzling Gleam|p2b: Arcanine|[spread] p2a,p2b\n|-resisted|p2b: Arcanine\n|-damage|p2a: Urshifu|0 fnt\n|-damage|p2b: Arcanine|51\/100\n|faint|p2a: Urshifu\n|move|p2b: Arcanine|Rock Slide|p1b: Flutter Mane|[spread] p1a,p1b\n|-damage|p1a: Rillaboom|60\/100\n|-damage|p1b: Flutter Mane|0 fnt\n|faint|p1b: Flutter Mane\n|-end|p1b: Flutter Mane|Protosynthesis|[silent]\n|\n|-weather|SunnyDay|[upkeep]\n|-heal|p1a: Rillaboom|66\/100|[from] Grassy Terrain\n|-heal|p2b: Arcanine|57\/100|[from] Grassy Terrain\n|-sideend|p1: aquartertwo|move: Tailwind\n|upkeep\n|\n|t:|1701178636\n|switch|p2a: Chien-Pao|Chien-Pao, L50|100\/100\n|-ability|p2a: Chien-Pao|Sword of Ruin\n|turn|6\n|\n|t:|1701178645\n|move|p1a: Rillaboom|Grassy Glide|p2b: Arcanine\n|-damage|p2b: Arcanine|0 fnt\n|faint|p2b: Arcanine\n|move|p2a: Chien-Pao|Icicle Crash|p1a: Rillaboom\n|-supereffective|p1a: Rillaboom\n|-damage|p1a: Rillaboom|0 fnt\n|faint|p1a: Rillaboom\n|\n|win|AswangVGC\n|c|\u2606aquartertwo|gg\n|c|\u2606AswangVGC|gg\n","uploadtime":1701178655,"views":2,"p1id":"aquartertwo","p2id":"aswangvgc","formatid":"gen9vgc2023regulatione","rating":0,"private":0,"password":""}