{"id":"gen9vgc2023regulatione-1999702396","p1":"bobforte22","p2":"JamesK5885","format":"[Gen 9] VGC 2023 Regulation E","log":"|j|\u2606bobforte22\n|j|\u2606JamesK5885\n|t:|1701109177\n|gametype|doubles\n|player|p1|bobforte22|pilot|1137\n|player|p2|JamesK5885|acetrainerf-gen4dp|1128\n|teamsize|p1|6\n|teamsize|p2|6\n|gen|9\n|tier|[Gen 9] VGC 2023 Regulation E\n|rated|\n|rule|Species Clause: Limit one of each Pok\u00e9mon\n|rule|Item Clause: Limit one of each item\n|clearpoke\n|poke|p1|Baxcalibur, L50, M|\n|poke|p1|Ninetales-Alola, L50, F|\n|poke|p1|Dragonite, L50, F|\n|poke|p1|Landorus-Therian, L50, M|\n|poke|p1|Ceruledge, L50, M|\n|poke|p1|Articuno, L50|\n|poke|p2|Indeedee-F, L50, F|\n|poke|p2|Armarouge, L50, M|\n|poke|p2|Iron Hands, L50|\n|poke|p2|Sinistcha, L50|\n|poke|p2|Iron Bundle, L50|\n|poke|p2|Chi-Yu, L50|\n|teampreview|4\n|inactive|Battle timer is ON: inactive players will automatically lose when time's up. (requested by JamesK5885)\n|\n|t:|1701109205\n|start\n|switch|p1a: Dragonite|Dragonite, L50, F|100\/100\n|switch|p1b: Ceruledge|Ceruledge, L50, M|100\/100\n|switch|p2a: Armarouge|Armarouge, L50, M|100\/100\n|switch|p2b: Indeedee|Indeedee-F, L50, F|100\/100\n|-fieldstart|move: Psychic Terrain|[from] ability: Psychic Surge|[of] p2b: Indeedee\n|turn|1\n|\n|t:|1701109222\n|move|p2b: Indeedee|Follow Me|p2b: Indeedee\n|-singleturn|p2b: Indeedee|move: Follow Me\n|move|p1b: Ceruledge|Night Slash|p2b: Indeedee\n|-supereffective|p2b: Indeedee\n|-damage|p2b: Indeedee|43\/100\n|-damage|p1b: Ceruledge|91\/100|[from] item: Life Orb\n|move|p1a: Dragonite|Ice Spinner|p2b: Indeedee\n|-damage|p2b: Indeedee|2\/100\n|-fieldend|move: Psychic Terrain\n|move|p2a: Armarouge|Trick Room|p2a: Armarouge\n|-fieldstart|move: Trick Room|[of] p2a: Armarouge\n|\n|upkeep\n|turn|2\n|\n|t:|1701109242\n|move|p2b: Indeedee|Helping Hand|p2a: Armarouge\n|-singleturn|p2a: Armarouge|Helping Hand|[of] p2b: Indeedee\n|move|p1a: Dragonite|Ice Spinner|p2b: Indeedee\n|-damage|p2b: Indeedee|0 fnt\n|faint|p2b: Indeedee\n|move|p1b: Ceruledge|Night Slash|p2a: Armarouge\n|-supereffective|p2a: Armarouge\n|-damage|p2a: Armarouge|42\/100\n|-damage|p1b: Ceruledge|81\/100|[from] item: Life Orb\n|move|p2a: Armarouge|Expanding Force|p1b: Ceruledge\n|-damage|p1b: Ceruledge|14\/100\n|\n|upkeep\n|\n|t:|1701109266\n|switch|p2b: Chi-Yu|Chi-Yu, L50|100\/100\n|-ability|p2b: Chi-Yu|Beads of Ruin\n|turn|3\n|\n|t:|1701109282\n|switch|p1a: Ninetales|Ninetales-Alola, L50, F|100\/100\n|-weather|Snow|[from] ability: Snow Warning|[of] p1a: Ninetales\n|move|p1b: Ceruledge|Night Slash|p2a: Armarouge\n|-supereffective|p2a: Armarouge\n|-damage|p2a: Armarouge|0 fnt\n|faint|p2a: Armarouge\n|-damage|p1b: Ceruledge|4\/100|[from] item: Life Orb\n|move|p2b: Chi-Yu|Dark Pulse|p1a: Ninetales\n|-resisted|p1a: Ninetales\n|-damage|p1a: Ninetales|76\/100\n|\n|-weather|Snow|[upkeep]\n|upkeep\n|\n|t:|1701109286\n|switch|p2a: Iron Bundle|Iron Bundle, L50|100\/100\n|-enditem|p2a: Iron Bundle|Booster Energy\n|-activate|p2a: Iron Bundle|ability: Quark Drive|[fromitem]\n|-start|p2a: Iron Bundle|quarkdrivespe\n|turn|4\n|\n|t:|1701109305\n|-terastallize|p2b: Chi-Yu|Flying\n|move|p1b: Ceruledge|Bitter Blade|p2a: Iron Bundle\n|-damage|p2a: Iron Bundle|49\/100\n|-heal|p1b: Ceruledge|23\/100|[from] drain|[of] p2a: Iron Bundle\n|-damage|p1b: Ceruledge|13\/100|[from] item: Life Orb\n|move|p1a: Ninetales|Aurora Veil|p1a: Ninetales\n|-sidestart|p1: bobforte22|move: Aurora Veil\n|move|p2b: Chi-Yu|Heat Wave|p1a: Ninetales|[spread] p1a\n|-start|p1b: Ceruledge|ability: Flash Fire\n|-supereffective|p1a: Ninetales\n|-damage|p1a: Ninetales|19\/100\n|move|p2a: Iron Bundle|Icy Wind|p1a: Ninetales|[spread] p1a,p1b\n|-resisted|p1a: Ninetales\n|-resisted|p1b: Ceruledge\n|-damage|p1a: Ninetales|10\/100\n|-damage|p1b: Ceruledge|5\/100\n|-unboost|p1a: Ninetales|spe|1\n|-unboost|p1b: Ceruledge|spe|1\n|\n|-weather|Snow|[upkeep]\n|upkeep\n|turn|5\n|-message|JamesK5885 forfeited.\n|\n|win|bobforte22\n|raw|bobforte22's rating: 1137 &rarr; <strong>1161<\/strong><br \/>(+24 for winning)\n|raw|JamesK5885's rating: 1128 &rarr; <strong>1104<\/strong><br \/>(-24 for losing)\n|l|\u2606JamesK5885\n","uploadtime":1701109329,"views":19,"p1id":"bobforte22","p2id":"jamesk5885","formatid":"gen9vgc2023regulatione","rating":1104,"private":0,"password":""}