{"id":"gen9vgc2023regulatione-1991352296","p1":"Piace","p2":"KumpelYD","format":"[Gen 9] VGC 2023 Regulation E","log":"|j|\u2606Piace\n|j|\u2606KumpelYD\n|t:|1700069982\n|gametype|doubles\n|player|p1|Piace|ethan|1385\n|player|p2|KumpelYD|volkner|1482\n|teamsize|p1|6\n|teamsize|p2|6\n|gen|9\n|tier|[Gen 9] VGC 2023 Regulation E\n|rated|\n|rule|Species Clause: Limit one of each Pok\u00e9mon\n|rule|Item Clause: Limit one of each item\n|clearpoke\n|poke|p1|Tornadus, L50, M|\n|poke|p1|Arcanine-Hisui, L50, M|\n|poke|p1|Iron Hands, L50|\n|poke|p1|Gholdengo, L50|\n|poke|p1|Urshifu-*, L50, M|\n|poke|p1|Ogerpon-Wellspring, L50, F|\n|poke|p2|Ting-Lu, L50|\n|poke|p2|Ogerpon-Wellspring, L50, F|\n|poke|p2|Arcanine, L50, F|\n|poke|p2|Cresselia, L50, F|\n|poke|p2|Zapdos, L50|\n|poke|p2|Tinkaton, L50, F|\n|teampreview|4\n|inactive|Battle timer is ON: inactive players will automatically lose when time's up. (requested by KumpelYD)\n|inactive|KumpelYD has 60 seconds left.\n|\n|t:|1700070025\n|start\n|switch|p1a: Arcanine|Arcanine-Hisui, L50, M|100\/100\n|switch|p1b: Urshifu|Urshifu-Rapid-Strike, L50, M|100\/100\n|switch|p2a: Zapdos|Zapdos, L50|100\/100\n|switch|p2b: Arcanine|Arcanine, L50, F|100\/100\n|-ability|p1a: Arcanine|Intimidate|boost\n|-unboost|p2a: Zapdos|atk|1\n|-unboost|p2b: Arcanine|atk|1\n|-ability|p2b: Arcanine|Intimidate|boost\n|-unboost|p1a: Arcanine|atk|1\n|-unboost|p1b: Urshifu|atk|1\n|turn|1\n|\n|t:|1700070039\n|switch|p2b: Ogerpon|Ogerpon-Wellspring, L50, F|100\/100\n|-terastallize|p2a: Zapdos|Water\n|move|p1b: Urshifu|Close Combat|p2b: Ogerpon\n|-damage|p2b: Ogerpon|54\/100\n|-unboost|p1b: Urshifu|def|1\n|-unboost|p1b: Urshifu|spd|1\n|move|p1a: Arcanine|Rock Slide|p2b: Ogerpon|[spread] p2a,p2b\n|-damage|p2a: Zapdos|80\/100\n|-damage|p2b: Ogerpon|18\/100\n|cant|p2a: Zapdos|flinch\n|\n|upkeep\n|turn|2\n|\n|t:|1700070060\n|move|p2b: Ogerpon|Spiky Shield|p2b: Ogerpon\n|-singleturn|p2b: Ogerpon|move: Protect\n|move|p1b: Urshifu|Close Combat|p2a: Zapdos\n|-damage|p2a: Zapdos|48\/100\n|-unboost|p1b: Urshifu|def|1\n|-unboost|p1b: Urshifu|spd|1\n|-damage|p1b: Urshifu|84\/100|[from] item: Rocky Helmet|[of] p2a: Zapdos\n|-status|p1b: Urshifu|par|[from] ability: Static|[of] p2a: Zapdos\n|move|p1a: Arcanine|Rock Slide|p2b: Ogerpon|[spread] p2a\n|-activate|p2b: Ogerpon|move: Protect\n|-damage|p2a: Zapdos|27\/100\n|move|p2a: Zapdos|Tera Blast|p1a: Arcanine|[anim] Tera Blast Water\n|-supereffective|p1a: Arcanine\n|-damage|p1a: Arcanine|0 fnt\n|faint|p1a: Arcanine\n|\n|upkeep\n|\n|t:|1700070065\n|switch|p1a: Iron Hands|Iron Hands, L50|100\/100\n|turn|3\n|\n|t:|1700070085\n|switch|p2a: Arcanine|Arcanine, L50, F|100\/100\n|-ability|p2a: Arcanine|Intimidate|boost\n|-unboost|p1a: Iron Hands|atk|1\n|-unboost|p1b: Urshifu|atk|1\n|move|p1a: Iron Hands|Fake Out|p2b: Ogerpon\n|-damage|p2b: Ogerpon|7\/100\n|cant|p2b: Ogerpon|flinch\n|move|p1b: Urshifu|Close Combat|p2a: Arcanine\n|-damage|p2a: Arcanine|74\/100\n|-unboost|p1b: Urshifu|def|1\n|-unboost|p1b: Urshifu|spd|1\n|\n|upkeep\n|turn|4\n|\n|t:|1700070101\n|-end|p1a: Iron Hands|Quark Drive|[silent]\n|switch|p1a: Ogerpon|Ogerpon-Wellspring, L50, F|100\/100\n|move|p2b: Ogerpon|Horn Leech|p1b: Urshifu\n|-supereffective|p1b: Urshifu\n|-damage|p1b: Urshifu|0 fnt\n|-heal|p2b: Ogerpon|50\/100|[from] drain|[of] p1b: Urshifu\n|faint|p1b: Urshifu\n|move|p2a: Arcanine|Will-O-Wisp|p1a: Ogerpon|[miss]\n|-miss|p2a: Arcanine|p1a: Ogerpon\n|\n|upkeep\n|\n|t:|1700070106\n|switch|p1b: Iron Hands|Iron Hands, L50|100\/100\n|turn|5\n|\n|t:|1700070124\n|switch|p2a: Zapdos|Zapdos, L50, tera:Water|27\/100\n|-terastallize|p1a: Ogerpon|Water\n|detailschange|p1a: Ogerpon|Ogerpon-Wellspring-Tera, L50, F, tera:Water\n|-ability|p1a: Ogerpon|Embody Aspect (Wellspring)|boost\n|-boost|p1a: Ogerpon|spd|1\n|move|p2b: Ogerpon|Spiky Shield|p2b: Ogerpon\n|-singleturn|p2b: Ogerpon|move: Protect\n|move|p1b: Iron Hands|Fake Out|p2a: Zapdos\n|-damage|p2a: Zapdos|15\/100\n|-damage|p1b: Iron Hands|84\/100|[from] item: Rocky Helmet|[of] p2a: Zapdos\n|move|p1a: Ogerpon|Ivy Cudgel|p2a: Zapdos|[anim] Ivy Cudgel Water\n|-resisted|p2a: Zapdos\n|-damage|p2a: Zapdos|0 fnt\n|faint|p2a: Zapdos\n|\n|upkeep\n|\n|t:|1700070142\n|switch|p2a: Arcanine|Arcanine, L50, F|74\/100\n|-ability|p2a: Arcanine|Intimidate|boost\n|-unboost|p1a: Ogerpon|atk|1\n|-unboost|p1b: Iron Hands|atk|1\n|turn|6\n|\n|t:|1700070154\n|move|p2a: Arcanine|Protect|p2a: Arcanine\n|-singleturn|p2a: Arcanine|Protect\n|move|p1a: Ogerpon|Ivy Cudgel|p2a: Arcanine|[anim] Ivy Cudgel Water\n|-activate|p2a: Arcanine|move: Protect\n|move|p2b: Ogerpon|Horn Leech|p1a: Ogerpon\n|-supereffective|p1a: Ogerpon\n|-damage|p1a: Ogerpon|0 fnt\n|-heal|p2b: Ogerpon|100\/100|[from] drain|[of] p1a: Ogerpon\n|faint|p1a: Ogerpon\n|move|p1b: Iron Hands|Wild Charge|p2b: Ogerpon\n|-damage|p2b: Ogerpon|59\/100\n|-damage|p1b: Iron Hands|76\/100|[from] Recoil\n|\n|upkeep\n|turn|7\n|l|\u2606Piace\n|inactive|Piace disconnected and has a minute to reconnect!\n|player|p1|\n|inactive|Piace has 30 seconds left.\n|inactive|Piace has 20 seconds left.\n|inactive|Piace has 15 seconds left.\n|inactive|Piace has 10 seconds left.\n|inactive|Piace has 5 seconds left.\n|-message|Piace lost due to inactivity.\n|\n|win|KumpelYD\n|raw|Piace's rating: 1385 &rarr; <strong>1370<\/strong><br \/>(-15 for losing)\n|raw|KumpelYD's rating: 1482 &rarr; <strong>1497<\/strong><br \/>(+15 for winning)\n","uploadtime":1700070221,"views":20,"p1id":"piace","p2id":"kumpelyd","formatid":"gen9vgc2023regulatione","rating":1370,"private":0,"password":""}