{"id":"gen9vgc2023regulatione-1994700327","p1":"Mangoputty","p2":"Jellens","format":"[Gen 9] VGC 2023 Regulation E","log":"|j|\u2606Mangoputty\n|j|\u2606Jellens\n|t:|1700482941\n|gametype|doubles\n|player|p1|Mangoputty|1|1000\n|player|p2|Jellens|101|1060\n|teamsize|p1|6\n|teamsize|p2|6\n|gen|9\n|tier|[Gen 9] VGC 2023 Regulation E\n|rated|\n|rule|Species Clause: Limit one of each Pok\u00e9mon\n|rule|Item Clause: Limit one of each item\n|clearpoke\n|poke|p1|Baxcalibur, L50, F|\n|poke|p1|Cresselia, L50, F|\n|poke|p1|Torkoal, L50, M|\n|poke|p1|Urshifu-*, L50, F|\n|poke|p1|Amoonguss, L50, M|\n|poke|p1|Iron Hands, L50|\n|poke|p2|Empoleon, L50, M|\n|poke|p2|Regieleki, L50|\n|poke|p2|Amoonguss, L50, M|\n|poke|p2|Ogerpon-Cornerstone, L50, F|\n|poke|p2|Heatran, L50, M|\n|poke|p2|Chien-Pao, L50|\n|teampreview|4\n|inactive|Battle timer is ON: inactive players will automatically lose when time's up. (requested by Mangoputty)\nMangoputty has agreed to open team sheets.\n|\n|t:|1700482972\n|start\n|switch|p1a: Cresselia|Cresselia, L50, F|100\/100\n|switch|p1b: Iron Hands|Iron Hands, L50|100\/100\n|switch|p2a: Amoonguss|Amoonguss, L50, M|100\/100\n|switch|p2b: Empoleon|Empoleon, L50, M|100\/100\n|turn|1\n|inactive|Mangoputty has 30 seconds left.\n|inactive|Mangoputty has 20 seconds left.\n|\n|t:|1700483011\n|-terastallize|p1b: Iron Hands|Fighting\n|move|p1a: Cresselia|Protect|p1a: Cresselia\n|-singleturn|p1a: Cresselia|Protect\n|move|p2b: Empoleon|Ice Beam|p1a: Cresselia\n|-activate|p1a: Cresselia|move: Protect\n|move|p2a: Amoonguss|Spore|p1b: Iron Hands\n|-status|p1b: Iron Hands|slp|[from] move: Spore\n|cant|p1b: Iron Hands|slp\n|\n|upkeep\n|turn|2\n|inactive|Jellens has 30 seconds left.\n|\n|t:|1700483041\n|switch|p2a: Ogerpon|Ogerpon-Cornerstone, L50, F|100\/100\n|move|p2b: Empoleon|Flash Cannon|p1a: Cresselia\n|-damage|p1a: Cresselia|80\/100\n|-unboost|p1a: Cresselia|spd|1\n|move|p1a: Cresselia|Lunar Blessing|p1a: Cresselia|[spread] p1a,p1b\n|-heal|p1a: Cresselia|100\/100\n|-curestatus|p1b: Iron Hands|slp|[msg]\n|move|p1b: Iron Hands|Drain Punch|p2b: Empoleon\n|-supereffective|p2b: Empoleon\n|-damage|p2b: Empoleon|0 fnt\n|faint|p2b: Empoleon\n|\n|upkeep\n|\n|t:|1700483059\n|switch|p2b: Amoonguss|Amoonguss, L50, M|100\/100\n|turn|3\n|\n|t:|1700483072\n|-terastallize|p2a: Ogerpon|Rock\n|detailschange|p2a: Ogerpon|Ogerpon-Cornerstone-Tera, L50, F, tera:Rock\n|-ability|p2a: Ogerpon|Embody Aspect (Cornerstone)|boost\n|-boost|p2a: Ogerpon|def|1\n|move|p2b: Amoonguss|Rage Powder|p2b: Amoonguss\n|-singleturn|p2b: Amoonguss|move: Rage Powder\n|move|p2a: Ogerpon|Horn Leech|p1a: Cresselia\n|-damage|p1a: Cresselia|77\/100\n|move|p1b: Iron Hands|Drain Punch|p2b: Amoonguss\n|-resisted|p2b: Amoonguss\n|-damage|p2b: Amoonguss|76\/100\n|move|p1a: Cresselia|Trick Room|p1a: Cresselia\n|-fieldstart|move: Trick Room|[of] p1a: Cresselia\n|\n|upkeep\n|turn|4\n|inactive|Mangoputty has 30 seconds left.\n|\n|t:|1700483099\n|switch|p1a: Torkoal|Torkoal, L50, M|100\/100\n|-weather|SunnyDay|[from] ability: Drought|[of] p1a: Torkoal\n|move|p2a: Ogerpon|Follow Me|p2a: Ogerpon\n|-singleturn|p2a: Ogerpon|move: Follow Me\n|move|p1b: Iron Hands|Drain Punch|p2a: Ogerpon\n|-supereffective|p2a: Ogerpon\n|-damage|p2a: Ogerpon|19\/100\n|move|p2b: Amoonguss|Spore|p1a: Torkoal\n|-status|p1a: Torkoal|slp|[from] move: Spore\n|\n|-weather|SunnyDay|[upkeep]\n|upkeep\n|turn|5\n|inactive|Jellens has 30 seconds left.\n|\n|t:|1700483126\n|switch|p2a: Chien-Pao|Chien-Pao, L50|100\/100\n|-ability|p2a: Chien-Pao|Sword of Ruin\n|move|p2b: Amoonguss|Rage Powder|p2b: Amoonguss\n|-singleturn|p2b: Amoonguss|move: Rage Powder\n|cant|p1a: Torkoal|slp\n|move|p1b: Iron Hands|Drain Punch|p2b: Amoonguss\n|-resisted|p2b: Amoonguss\n|-damage|p2b: Amoonguss|45\/100\n|-enditem|p2b: Amoonguss|Sitrus Berry|[eat]\n|-heal|p2b: Amoonguss|70\/100|[from] item: Sitrus Berry\n|\n|-weather|SunnyDay|[upkeep]\n|upkeep\n|turn|6\n|inactive|Jellens has 30 seconds left.\n|\n|t:|1700483153\n|cant|p1a: Torkoal|slp\n|move|p1b: Iron Hands|Rock Slide|p2b: Amoonguss|[spread] p2a\n|-miss|p1b: Iron Hands|p2b: Amoonguss\n|-supereffective|p2a: Chien-Pao\n|-damage|p2a: Chien-Pao|39\/100\n|move|p2b: Amoonguss|Spore|p1b: Iron Hands\n|-status|p1b: Iron Hands|slp|[from] move: Spore\n|move|p2a: Chien-Pao|Sacred Sword|p1b: Iron Hands\n|-crit|p1b: Iron Hands\n|-damage|p1b: Iron Hands|69\/100 slp\n|\n|-weather|SunnyDay|[upkeep]\n|upkeep\n|turn|7\n|inactive|Jellens has 30 seconds left.\n|\n|t:|1700483181\n|switch|p2b: Ogerpon|Ogerpon-Cornerstone-Tera, L50, F, tera:Rock|19\/100\n|-ability|p2b: Ogerpon|Embody Aspect (Cornerstone)|boost\n|-boost|p2b: Ogerpon|def|1\n|cant|p1a: Torkoal|slp\n|cant|p1b: Iron Hands|slp\n|move|p2a: Chien-Pao|Sacred Sword|p1a: Torkoal\n|-damage|p1a: Torkoal|75\/100 slp\n|\n|-weather|SunnyDay|[upkeep]\n|-fieldend|move: Trick Room\n|upkeep\n|turn|8\n|\n|t:|1700483201\n|-end|p1b: Iron Hands|Quark Drive|[silent]\n|switch|p1b: Cresselia|Cresselia, L50, F|77\/100\n|move|p2a: Chien-Pao|Sacred Sword|p1b: Cresselia\n|-resisted|p1b: Cresselia\n|-damage|p1b: Cresselia|66\/100\n|move|p2b: Ogerpon|Ivy Cudgel|p1a: Torkoal|[anim] Ivy Cudgel Rock\n|-supereffective|p1a: Torkoal\n|-damage|p1a: Torkoal|0 fnt\n|faint|p1a: Torkoal\n|\n|-weather|none\n|upkeep\n|\n|t:|1700483206\n|switch|p1a: Baxcalibur|Baxcalibur, L50, F|100\/100\n|turn|9\n|inactive|Jellens has 30 seconds left.\n|\n|t:|1700483236\n|move|p1b: Cresselia|Protect|p1b: Cresselia\n|-singleturn|p1b: Cresselia|Protect\n|move|p2a: Chien-Pao|Ice Spinner|p1b: Cresselia\n|-activate|p1b: Cresselia|move: Protect\n|move|p2b: Ogerpon|Ivy Cudgel|p1a: Baxcalibur|[anim] Ivy Cudgel Rock\n|-supereffective|p1a: Baxcalibur\n|-damage|p1a: Baxcalibur|0 fnt\n|faint|p1a: Baxcalibur\n|\n|upkeep\n|\n|t:|1700483246\n|switch|p1a: Iron Hands|Iron Hands, L50, tera:Fighting|69\/100 slp\n|turn|10\n|\n|t:|1700483259\n|cant|p1a: Iron Hands|slp\n|move|p2a: Chien-Pao|Snarl|p1b: Cresselia|[spread] p1a\n|-miss|p2a: Chien-Pao|p1b: Cresselia\n|-resisted|p1a: Iron Hands\n|-damage|p1a: Iron Hands|64\/100 slp\n|-unboost|p1a: Iron Hands|spa|1\n|move|p2b: Ogerpon|Horn Leech|p1a: Iron Hands\n|-damage|p1a: Iron Hands|29\/100 slp\n|-heal|p2b: Ogerpon|44\/100|[from] drain|[of] p1a: Iron Hands\n|move|p1b: Cresselia|Trick Room|p1b: Cresselia\n|-fieldstart|move: Trick Room|[of] p1b: Cresselia\n|\n|upkeep\n|turn|11\n|\n|t:|1700483278\n|cant|p1a: Iron Hands|slp\n|move|p1b: Cresselia|Lunar Blessing|p1b: Cresselia|[spread] p1a,p1b\n|-heal|p1a: Iron Hands|54\/100 slp\n|-curestatus|p1a: Iron Hands|slp|[msg]\n|-heal|p1b: Cresselia|91\/100\n|move|p2b: Ogerpon|Ivy Cudgel|p1a: Iron Hands|[anim] Ivy Cudgel Rock\n|-resisted|p1a: Iron Hands\n|-crit|p1a: Iron Hands\n|-damage|p1a: Iron Hands|4\/100\n|move|p2a: Chien-Pao|Snarl|p1b: Cresselia|[spread] p1a,p1b\n|-resisted|p1a: Iron Hands\n|-crit|p1a: Iron Hands\n|-supereffective|p1b: Cresselia\n|-damage|p1a: Iron Hands|0 fnt\n|-damage|p1b: Cresselia|77\/100\n|-unboost|p1b: Cresselia|spa|1\n|faint|p1a: Iron Hands\n|-end|p1a: Iron Hands|Quark Drive|[silent]\n|\n|upkeep\n|turn|12\n|-message|Mangoputty forfeited.\n|\n|win|Jellens\n|raw|Mangoputty's rating: 1000 &rarr; <strong>1000<\/strong><br \/>(+0 for losing)\n|raw|Jellens's rating: 1060 &rarr; <strong>1086<\/strong><br \/>(+26 for winning)\n|l|\u2606Mangoputty\n|l|\u2606Jellens\n|j|\u2606Jellens\n|player|p2|Jellens|101\n","uploadtime":1700483447,"views":4,"p1id":"mangoputty","p2id":"jellens","formatid":"gen9vgc2023regulatione","rating":1000,"private":0,"password":""}