{"id":"gen9vgc2023regulatione-1992490542","p1":"WillieDangerously","p2":"Sailsun","format":"[Gen 9] VGC 2023 Regulation E","log":"|j|\u2606WillieDangerously\n|j|\u2606Sailsun\n|t:|1700194224\n|gametype|doubles\n|player|p1|WillieDangerously|psychic-gen4|1460\n|player|p2|Sailsun|101|1348\n|teamsize|p1|6\n|teamsize|p2|6\n|gen|9\n|tier|[Gen 9] VGC 2023 Regulation E\n|rated|\n|rule|Species Clause: Limit one of each Pok\u00e9mon\n|rule|Item Clause: Limit one of each item\n|clearpoke\n|poke|p1|Iron Hands, L50|\n|poke|p1|Iron Bundle, L50|\n|poke|p1|Landorus-Therian, L50, M|\n|poke|p1|Sinistcha, L50|\n|poke|p1|Ninetales-Alola, L50, M|\n|poke|p1|Heatran, L50, F|\n|poke|p2|Gholdengo, L50|\n|poke|p2|Iron Hands, L50|\n|poke|p2|Amoonguss, L50, M|\n|poke|p2|Iron Bundle, L50|\n|poke|p2|Pelipper, L50, M|\n|poke|p2|Salamence, L50, F|\n|teampreview|4\n|inactive|Battle timer is ON: inactive players will automatically lose when time's up. (requested by Sailsun)\n|\n|t:|1700194262\n|start\n|switch|p1a: Iron Bundle|Iron Bundle, L50|100\/100\n|switch|p1b: Iron Hands|Iron Hands, L50|100\/100\n|switch|p2a: Gholdengo|Gholdengo, L50|100\/100\n|switch|p2b: Iron Hands|Iron Hands, L50|100\/100\n|-enditem|p1a: Iron Bundle|Booster Energy\n|-activate|p1a: Iron Bundle|ability: Quark Drive|[fromitem]\n|-start|p1a: Iron Bundle|quarkdrivespe\n|turn|1\n|\n|t:|1700194278\n|-end|p1b: Iron Hands|Quark Drive|[silent]\n|switch|p1b: Heatran|Heatran, L50, F|100\/100\n|move|p1a: Iron Bundle|Protect|p1a: Iron Bundle\n|-singleturn|p1a: Iron Bundle|Protect\n|move|p2b: Iron Hands|Fake Out|p1b: Heatran\n|-resisted|p1b: Heatran\n|-damage|p1b: Heatran|94\/100\n|move|p2a: Gholdengo|Nasty Plot|p2a: Gholdengo\n|-boost|p2a: Gholdengo|spa|2\n|\n|-heal|p1b: Heatran|100\/100|[from] item: Leftovers\n|upkeep\n|turn|2\n|\n|t:|1700194303\n|-end|p1a: Iron Bundle|Quark Drive|[silent]\n|switch|p1a: Iron Hands|Iron Hands, L50|100\/100\n|move|p2a: Gholdengo|Protect|p2a: Gholdengo\n|-singleturn|p2a: Gholdengo|Protect\n|move|p1b: Heatran|Heat Wave|p2b: Iron Hands|[spread] p2b\n|-activate|p2a: Gholdengo|move: Protect\n|-damage|p2b: Iron Hands|77\/100\n|-status|p2b: Iron Hands|brn\n|move|p2b: Iron Hands|Wild Charge|p1a: Iron Hands\n|-resisted|p1a: Iron Hands\n|-damage|p1a: Iron Hands|92\/100\n|-damage|p2b: Iron Hands|75\/100 brn|[from] Recoil\n|\n|-damage|p2b: Iron Hands|68\/100 brn|[from] brn\n|upkeep\n|turn|3\n|inactive|Sailsun has 30 seconds left.\n|\n|t:|1700194334\n|-end|p2b: Iron Hands|Quark Drive|[silent]\n|switch|p2b: Pelipper|Pelipper, L50, M|100\/100\n|-weather|RainDance|[from] ability: Drizzle|[of] p2b: Pelipper\n|move|p2a: Gholdengo|Shadow Ball|p1b: Heatran\n|-damage|p1b: Heatran|25\/100\n|move|p1b: Heatran|Heat Wave|p2b: Pelipper|[spread] p2a,p2b\n|-supereffective|p2a: Gholdengo\n|-resisted|p2b: Pelipper\n|-damage|p2a: Gholdengo|60\/100\n|-damage|p2b: Pelipper|85\/100\n|move|p1a: Iron Hands|Wild Charge|p2a: Gholdengo\n|-damage|p2a: Gholdengo|9\/100\n|-damage|p1a: Iron Hands|81\/100|[from] Recoil\n|\n|-weather|RainDance|[upkeep]\n|-heal|p2a: Gholdengo|15\/100|[from] item: Leftovers\n|-heal|p1b: Heatran|32\/100|[from] item: Leftovers\n|upkeep\n|turn|4\n|inactive|WillieDangerously has 30 seconds left.\n|inactive|Sailsun has 30 seconds left.\n|\n|t:|1700194361\n|move|p1b: Heatran|Protect|p1b: Heatran\n|-singleturn|p1b: Heatran|Protect\n|move|p2b: Pelipper|Wide Guard|p2b: Pelipper\n|-singleturn|p2b: Pelipper|Wide Guard\n|move|p2a: Gholdengo|Shadow Ball|p1a: Iron Hands\n|-damage|p1a: Iron Hands|31\/100\n|move|p1a: Iron Hands|Wild Charge|p2b: Pelipper\n|-supereffective|p2b: Pelipper\n|-damage|p2b: Pelipper|0 fnt\n|faint|p2b: Pelipper\n|-damage|p1a: Iron Hands|18\/100|[from] Recoil\n|\n|-weather|RainDance|[upkeep]\n|-heal|p2a: Gholdengo|21\/100|[from] item: Leftovers\n|-heal|p1b: Heatran|38\/100|[from] item: Leftovers\n|upkeep\n|\n|t:|1700194379\n|switch|p2b: Iron Hands|Iron Hands, L50|68\/100 brn\n|turn|5\n|\n|t:|1700194398\n|move|p2b: Iron Hands|Fake Out|p1b: Heatran\n|-resisted|p1b: Heatran\n|-damage|p1b: Heatran|35\/100\n|move|p2a: Gholdengo|Shadow Ball|p1a: Iron Hands\n|-damage|p1a: Iron Hands|0 fnt\n|faint|p1a: Iron Hands\n|-end|p1a: Iron Hands|Quark Drive|[silent]\n|cant|p1b: Heatran|flinch\n|\n|-weather|RainDance|[upkeep]\n|-heal|p2a: Gholdengo|27\/100|[from] item: Leftovers\n|-heal|p1b: Heatran|41\/100|[from] item: Leftovers\n|-damage|p2b: Iron Hands|62\/100 brn|[from] brn\n|upkeep\n|\n|t:|1700194420\n|switch|p1a: Iron Bundle|Iron Bundle, L50|100\/100\n|turn|6\n|\n|t:|1700194440\n|-terastallize|p2a: Gholdengo|Dragon\n|-terastallize|p1b: Heatran|Grass\n|move|p1a: Iron Bundle|Icy Wind|p2a: Gholdengo|[spread] p2a,p2b\n|-supereffective|p2a: Gholdengo\n|-damage|p2a: Gholdengo|0 fnt\n|-damage|p2b: Iron Hands|50\/100 brn\n|-unboost|p2b: Iron Hands|spe|1\n|faint|p2a: Gholdengo\n|move|p1b: Heatran|Earth Power|p2b: Iron Hands\n|-supereffective|p2b: Iron Hands\n|-damage|p2b: Iron Hands|15\/100 brn\n|move|p2b: Iron Hands|Wild Charge|p1a: Iron Bundle\n|-supereffective|p1a: Iron Bundle\n|-damage|p1a: Iron Bundle|35\/100\n|-damage|p2b: Iron Hands|5\/100 brn|[from] Recoil\n|\n|-weather|RainDance|[upkeep]\n|-heal|p1b: Heatran|47\/100|[from] item: Leftovers\n|-damage|p2b: Iron Hands|0 fnt|[from] brn\n|faint|p2b: Iron Hands\n|-end|p2b: Iron Hands|Quark Drive|[silent]\n|upkeep\n|\n|t:|1700194462\n|switch|p2b: Salamence|Salamence, L50, F|100\/100\n|-ability|p2b: Salamence|Intimidate|boost\n|-unboost|p1a: Iron Bundle|atk|1\n|-unboost|p1b: Heatran|atk|1\n|turn|7\n|\n|t:|1700194478\n|switch|p1b: Ninetales|Ninetales-Alola, L50, M|100\/100\n|-weather|Snow|[from] ability: Snow Warning|[of] p1b: Ninetales\n|move|p2b: Salamence|Hurricane|p1a: Iron Bundle|[miss]\n|-miss|p2b: Salamence|p1a: Iron Bundle\n|move|p1a: Iron Bundle|Blizzard|p2b: Salamence\n|-supereffective|p2b: Salamence\n|-damage|p2b: Salamence|0 fnt\n|faint|p2b: Salamence\n|\n|win|WillieDangerously\n|raw|WillieDangerously's rating: 1460 &rarr; <strong>1474<\/strong><br \/>(+14 for winning)\n|raw|Sailsun's rating: 1348 &rarr; <strong>1334<\/strong><br \/>(-14 for losing)\n","uploadtime":1700194489,"views":20,"p1id":"williedangerously","p2id":"sailsun","formatid":"gen9vgc2023regulatione","rating":1334,"private":0,"password":""}