{"id":"gen9vgc2023regulatione-1999760825","p1":"whyismynamejeff","p2":"fakexanax","format":"[Gen 9] VGC 2023 Regulation E","log":"|j|\u2606whyismynamejeff\n|j|\u2606fakexanax\n|n|\u2606whyismynamejeff|whyismynamejeff\n|n|\u2606fakexanax|fakexanax\n|html|View the match progress at <a href=\"\/game-bestof3-gen9vgc2023regulatione-1999757643\">game-bestof3-gen9vgc2023regulatione-1999757643<\/a>\n|t:|1701114281\n|gametype|doubles\n|player|p1|whyismynamejeff|colress|\n|player|p2|fakexanax|pokemaniac|\n|teamsize|p1|6\n|teamsize|p2|6\n|gen|9\n|tier|[Gen 9] VGC 2023 Regulation E\n|rated|Tournament battle\n|rule|Species Clause: Limit one of each Pok\u00e9mon\n|rule|Item Clause: Limit one of each item\n|clearpoke\n|poke|p1|Farigiraf, L50, M|\n|poke|p1|Iron Hands, L50|\n|poke|p1|Urshifu-*, L50, F|\n|poke|p1|Chien-Pao, L50|\n|poke|p1|Tornadus, L50, M|\n|poke|p1|Flutter Mane, L50|\n|poke|p2|Chien-Pao, L50|\n|poke|p2|Ogerpon-Hearthflame, L50, F|\n|poke|p2|Tinkaton, L50, F|\n|poke|p2|Rillaboom, L50, F|\n|poke|p2|Thundurus, L50, M|\n|poke|p2|Salamence, L50, F|\n|teampreview|4\n|showteam|p1|Farigiraf||SitrusBerry|ArmorTail|TrickRoom,Imprison,Psychic,DazzlingGleam|||M|||50|,,,,,Fairy]Iron Hands||AssaultVest|QuarkDrive|WildCharge,DrainPunch,HeavySlam,FakeOut||||||50|,,,,,Grass]Urshifu-Rapid-Strike||ChoiceScarf|UnseenFist|SurgingStrikes,AquaJet,CloseCombat,Uturn|||F|||50|,,,,,Water]Chien-Pao||FocusSash|SwordofRuin|SuckerPunch,Crunch,IceSpinner,Protect||||||50|,,,,,Dark]Tornadus||CovertCloak|Prankster|Tailwind,BleakwindStorm,RainDance,Taunt|||M|||50|,,,,,Flying]Flutter Mane||ChoiceSpecs|Protosynthesis|DazzlingGleam,Moonblast,Thunderbolt,ShadowBall||||||50|,,,,,Fairy\n|showteam|p2|Chien-Pao||FocusSash|SwordofRuin|IceSpinner,SuckerPunch,SacredSword,Protect||||||50|,,,,,Ghost]Ogerpon-Hearthflame||HearthflameMask|MoldBreaker|IvyCudgel,HornLeech,SpikyShield,PlayRough|||F|||50|,,,,,Fire]Tinkaton||SitrusBerry|OwnTempo|GigatonHammer,FakeOut,ThunderWave,KnockOff|||F|||50|,,,,,Dragon]Rillaboom||AssaultVest|GrassySurge|WoodHammer,FakeOut,GrassyGlide,HighHorsepower|||F|||50|,,,,,Fire]Thundurus||RockyHelmet|Prankster|Taunt,EerieImpulse,WildboltStorm,ScaryFace|||M|||50|,,,,,Water]Salamence||ChoiceScarf|Intimidate|DracoMeteor,AirSlash,Tailwind,HeatWave|||F|||50|,,,,,Flying\n|\n|t:|1701114323\n|start\n|switch|p1a: Water Bear|Urshifu-Rapid-Strike, L50, F|100\/100\n|switch|p1b: Big Girafarig|Farigiraf, L50, M|100\/100\n|switch|p2a: Ogerpon|Ogerpon-Hearthflame, L50, F|100\/100\n|switch|p2b: Chien-Pao|Chien-Pao, L50|100\/100\n|-ability|p2b: Chien-Pao|Sword of Ruin\n|-ability|p2a: Ogerpon|Mold Breaker\n|turn|1\n|\n|t:|1701114337\n|move|p1a: Water Bear|Close Combat|p2b: Chien-Pao\n|-supereffective|p2b: Chien-Pao\n|-enditem|p2b: Chien-Pao|Focus Sash\n|-damage|p2b: Chien-Pao|1\/100\n|-unboost|p1a: Water Bear|def|1\n|-unboost|p1a: Water Bear|spd|1\n|move|p2b: Chien-Pao|Sacred Sword|p1a: Water Bear\n|-damage|p1a: Water Bear|65\/100\n|move|p2a: Ogerpon|Horn Leech|p1a: Water Bear\n|-supereffective|p1a: Water Bear\n|-damage|p1a: Water Bear|0 fnt\n|faint|p1a: Water Bear\n|move|p1b: Big Girafarig|Trick Room|p1b: Big Girafarig\n|-fieldstart|move: Trick Room|[of] p1b: Big Girafarig\n|\n|upkeep\n|\n|t:|1701114354\n|switch|p1a: Big Misdreavus|Flutter Mane, L50|100\/100\n|turn|2\n|\n|t:|1701114365\n|switch|p2b: Rillaboom|Rillaboom, L50, F|100\/100\n|-fieldstart|move: Grassy Terrain|[from] ability: Grassy Surge|[of] p2b: Rillaboom\n|-terastallize|p2a: Ogerpon|Fire\n|detailschange|p2a: Ogerpon|Ogerpon-Hearthflame-Tera, L50, F, tera:Fire\n|-ability|p2a: Ogerpon|Embody Aspect (Hearthflame)|boost\n|-boost|p2a: Ogerpon|atk|1\n|move|p1b: Big Girafarig|Dazzling Gleam|p2b: Rillaboom|[spread] p2a,p2b\n|-resisted|p2a: Ogerpon\n|-damage|p2a: Ogerpon|91\/100\n|-damage|p2b: Rillaboom|89\/100\n|move|p2a: Ogerpon|Ivy Cudgel|p1b: Big Girafarig|[anim] Ivy Cudgel Fire\n|-damage|p1b: Big Girafarig|11\/100\n|-enditem|p1b: Big Girafarig|Sitrus Berry|[eat]\n|-heal|p1b: Big Girafarig|36\/100|[from] item: Sitrus Berry\n|move|p1a: Big Misdreavus|Thunderbolt|p2a: Ogerpon\n|-damage|p2a: Ogerpon|42\/100\n|\n|-heal|p1b: Big Girafarig|42\/100|[from] Grassy Terrain\n|-heal|p2b: Rillaboom|95\/100|[from] Grassy Terrain\n|-heal|p2a: Ogerpon|48\/100|[from] Grassy Terrain\n|upkeep\n|turn|3\n|\n|t:|1701114416\n|move|p1b: Big Girafarig|Psychic|p2a: Ogerpon\n|-damage|p2a: Ogerpon|4\/100\n|move|p2b: Rillaboom|Wood Hammer|p1a: Big Misdreavus\n|-damage|p1a: Big Misdreavus|0 fnt\n|faint|p1a: Big Misdreavus\n|-end|p1a: Big Misdreavus|Protosynthesis|[silent]\n|-damage|p2b: Rillaboom|71\/100|[from] Recoil\n|move|p2a: Ogerpon|Ivy Cudgel|p1b: Big Girafarig|[anim] Ivy Cudgel Fire\n|-damage|p1b: Big Girafarig|0 fnt\n|faint|p1b: Big Girafarig\n|\n|-heal|p2b: Rillaboom|77\/100|[from] Grassy Terrain\n|-heal|p2a: Ogerpon|10\/100|[from] Grassy Terrain\n|upkeep\n|\n|t:|1701114426\n|switch|p1b: Sword Cat|Chien-Pao, L50|100\/100\n|-ability|p1b: Sword Cat|Sword of Ruin\n|turn|4\n|\n|t:|1701114431\n|-terastallize|p1b: Sword Cat|Dark\n|move|p2a: Ogerpon|Spiky Shield|p2a: Ogerpon\n|-singleturn|p2a: Ogerpon|move: Protect\n|move|p2b: Rillaboom|Grassy Glide|p1b: Sword Cat\n|-damage|p1b: Sword Cat|46\/100\n|move|p1b: Sword Cat|Ice Spinner|p2b: Rillaboom\n|-supereffective|p2b: Rillaboom\n|-damage|p2b: Rillaboom|0 fnt\n|-fieldend|move: Grassy Terrain\n|faint|p2b: Rillaboom\n|\n|upkeep\n|\n|t:|1701114440\n|switch|p2b: Chien-Pao|Chien-Pao, L50|1\/100\n|-ability|p2b: Chien-Pao|Sword of Ruin\n|turn|5\n|\n|t:|1701114448\n|move|p1b: Sword Cat|Sucker Punch|p2a: Ogerpon\n|-damage|p2a: Ogerpon|0 fnt\n|faint|p2a: Ogerpon\n|move|p2b: Chien-Pao|Sacred Sword|p1b: Sword Cat\n|-supereffective|p1b: Sword Cat\n|-damage|p1b: Sword Cat|0 fnt\n|faint|p1b: Sword Cat\n|\n|win|fakexanax\n|c|&|\/uhtml prompt-fakexanax,fakexanax is ready for game 3!\n|inactive|whyismynamejeff has 50 seconds to confirm battle start!\n|c|&|\/uhtml prompt-whyismynamejeff,whyismynamejeff is ready for game 3!\nBoth players are ready! Starting next match!\n|l|\u2606fakexanax\n","uploadtime":1701114457,"views":9,"p1id":"whyismynamejeff","p2id":"fakexanax","formatid":"gen9vgc2023regulatione","rating":0,"private":0,"password":""}