{"id":"gen9vgc2023regulatione-1992556221","p1":"tyranitrev","p2":"tkinthemiddle","format":"[Gen 9] VGC 2023 Regulation E","log":"|j|\u2606tyranitrev\n|j|\u2606tkinthemiddle\n|t:|1700205121\n|gametype|doubles\n|player|p1|tyranitrev|265|1257\n|player|p2|tkinthemiddle|pokemonbreederf-gen4|1385\n|teamsize|p1|6\n|teamsize|p2|6\n|gen|9\n|tier|[Gen 9] VGC 2023 Regulation E\n|rated|\n|rule|Species Clause: Limit one of each Pok\u00e9mon\n|rule|Item Clause: Limit one of each item\n|clearpoke\n|poke|p1|Baxcalibur, L50, M|\n|poke|p1|Ninetales-Alola, L50, M|\n|poke|p1|Sinistcha-Masterpiece, L50|\n|poke|p1|Heatran, L50, M|\n|poke|p1|Ogerpon-Wellspring, L50, F|\n|poke|p1|Arcanine-Hisui, L50, F|\n|poke|p2|Kilowattrel, L50, F|\n|poke|p2|Tauros-Paldea-Aqua, L50, M|\n|poke|p2|Gholdengo, L50|\n|poke|p2|Iron Hands, L50|\n|poke|p2|Hydreigon, L50, M|\n|poke|p2|Tsareena, L50, F|\n|teampreview|4\n|\n|t:|1700205161\n|start\n|switch|p1a: Ninetales|Ninetales-Alola, L50, M|100\/100\n|switch|p1b: Baxcalibur|Baxcalibur, L50, M|100\/100\n|switch|p2a: Iron Hands|Iron Hands, L50|100\/100\n|switch|p2b: Kilowattrel|Kilowattrel, L50, F|100\/100\n|-weather|Snow|[from] ability: Snow Warning|[of] p1a: Ninetales\n|turn|1\n|\n|t:|1700205181\n|move|p1a: Ninetales|Protect|p1a: Ninetales\n|-singleturn|p1a: Ninetales|Protect\n|move|p1b: Baxcalibur|Protect|p1b: Baxcalibur\n|-singleturn|p1b: Baxcalibur|Protect\n|move|p2a: Iron Hands|Fake Out|p1a: Ninetales\n|-activate|p1a: Ninetales|move: Protect\n|move|p2b: Kilowattrel|Tailwind|p2b: Kilowattrel\n|-sidestart|p2: tkinthemiddle|move: Tailwind\n|\n|-weather|Snow|[upkeep]\n|upkeep\n|turn|2\n|\n|t:|1700205206\n|-terastallize|p1b: Baxcalibur|Poison\n|move|p2b: Kilowattrel|Air Cutter|p1a: Ninetales|[spread] p1a,p1b\n|-damage|p1a: Ninetales|79\/100\n|-damage|p1b: Baxcalibur|85\/100\n|move|p1a: Ninetales|Aurora Veil|p1a: Ninetales\n|-sidestart|p1: tyranitrev|move: Aurora Veil\n|move|p1b: Baxcalibur|Dragon Dance|p1b: Baxcalibur\n|-boost|p1b: Baxcalibur|atk|1\n|-boost|p1b: Baxcalibur|spe|1\n|move|p2a: Iron Hands|Heavy Slam|p1a: Ninetales\n|-supereffective|p1a: Ninetales\n|-damage|p1a: Ninetales|0 fnt\n|faint|p1a: Ninetales\n|\n|-weather|Snow|[upkeep]\n|upkeep\n|\n|t:|1700205221\n|switch|p1a: Arcanine|Arcanine-Hisui, L50, F|100\/100\n|-ability|p1a: Arcanine|Intimidate|boost\n|-unboost|p2a: Iron Hands|atk|1\n|-unboost|p2b: Kilowattrel|atk|1\n|-ability|p2b: Kilowattrel|Competitive|boost\n|-boost|p2b: Kilowattrel|spa|2\n|turn|3\n|\n|t:|1700205236\n|move|p1b: Baxcalibur|Protect|p1b: Baxcalibur\n|-singleturn|p1b: Baxcalibur|Protect\n|move|p2b: Kilowattrel|Thunderbolt|p1b: Baxcalibur\n|-activate|p1b: Baxcalibur|move: Protect\n|move|p1a: Arcanine|Rock Slide|p2b: Kilowattrel|[spread] p2a\n|-miss|p1a: Arcanine|p2b: Kilowattrel\n|-resisted|p2a: Iron Hands\n|-damage|p2a: Iron Hands|85\/100\n|move|p2a: Iron Hands|Drain Punch|p1a: Arcanine\n|-supereffective|p1a: Arcanine\n|-damage|p1a: Arcanine|53\/100\n|-heal|p2a: Iron Hands|100\/100|[from] drain|[of] p1a: Arcanine\n|\n|-weather|Snow|[upkeep]\n|upkeep\n|turn|4\n|\n|t:|1700205266\n|move|p2b: Kilowattrel|Thunderbolt|p1b: Baxcalibur\n|-damage|p1b: Baxcalibur|38\/100\n|move|p1b: Baxcalibur|Icicle Spear|p2b: Kilowattrel\n|-supereffective|p2b: Kilowattrel\n|-damage|p2b: Kilowattrel|21\/100\n|-supereffective|p2b: Kilowattrel\n|-damage|p2b: Kilowattrel|0 fnt\n|faint|p2b: Kilowattrel\n|-hitcount|p2: Kilowattrel|2\n|move|p1a: Arcanine|Rock Slide|p2a: Iron Hands\n|-resisted|p2a: Iron Hands\n|-damage|p2a: Iron Hands|80\/100\n|move|p2a: Iron Hands|Wild Charge|p1b: Baxcalibur\n|-damage|p1b: Baxcalibur|17\/100\n|-damage|p2a: Iron Hands|75\/100|[from] Recoil\n|\n|-weather|Snow|[upkeep]\n|-sideend|p2: tkinthemiddle|move: Tailwind\n|upkeep\n|\n|t:|1700205285\n|switch|p2b: Gholdengo|Gholdengo, L50|100\/100\n|turn|5\n|\n|t:|1700205302\n|switch|p1a: Sinistcha|Sinistcha-Masterpiece, L50, shiny|100\/100\n|-heal|p1b: Baxcalibur|42\/100|[from] ability: Hospitality|[of] p1a: Sinistcha\n|move|p2b: Gholdengo|Protect|p2b: Gholdengo\n|-singleturn|p2b: Gholdengo|Protect\n|move|p1b: Baxcalibur|Scale Shot|p2a: Iron Hands|[miss]\n|-miss|p1b: Baxcalibur|p2a: Iron Hands\n|move|p2a: Iron Hands|Drain Punch|p1a: Sinistcha\n|-immune|p1a: Sinistcha\n|\n|-weather|none\n|upkeep\n|turn|6\n|\n|t:|1700205349\n|move|p1b: Baxcalibur|Icicle Spear|p2b: Gholdengo\n|-resisted|p2b: Gholdengo\n|-damage|p2b: Gholdengo|91\/100\n|-resisted|p2b: Gholdengo\n|-damage|p2b: Gholdengo|81\/100\n|-resisted|p2b: Gholdengo\n|-damage|p2b: Gholdengo|70\/100\n|-resisted|p2b: Gholdengo\n|-damage|p2b: Gholdengo|60\/100\n|-resisted|p2b: Gholdengo\n|-damage|p2b: Gholdengo|49\/100\n|-hitcount|p2b: Gholdengo|5\n|move|p2b: Gholdengo|Shadow Ball|p1a: Sinistcha\n|-supereffective|p1a: Sinistcha\n|-damage|p1a: Sinistcha|43\/100\n|move|p1a: Sinistcha|Strength Sap|p2a: Iron Hands\n|-unboost|p2a: Iron Hands|atk|1\n|-heal|p1a: Sinistcha|100\/100\n|move|p2a: Iron Hands|Wild Charge|p1b: Baxcalibur\n|-damage|p1b: Baxcalibur|25\/100\n|-damage|p2a: Iron Hands|71\/100|[from] Recoil\n|\n|-heal|p2b: Gholdengo|55\/100|[from] item: Leftovers\n|upkeep\n|turn|7\n|\n|t:|1700205382\n|-end|p2a: Iron Hands|Quark Drive|[silent]\n|switch|p2a: Hydreigon|Hydreigon, L50, M|100\/100\n|move|p2b: Gholdengo|Protect|p2b: Gholdengo\n|-singleturn|p2b: Gholdengo|Protect\n|move|p1b: Baxcalibur|Icicle Spear|p2b: Gholdengo\n|-activate|p2b: Gholdengo|move: Protect\n|move|p1a: Sinistcha|Matcha Gotcha|p2b: Gholdengo|[spread] p2a\n|-activate|p2b: Gholdengo|move: Protect\n|-resisted|p2a: Hydreigon\n|-damage|p2a: Hydreigon|88\/100\n|-status|p2a: Hydreigon|brn\n|\n|-heal|p2b: Gholdengo|61\/100|[from] item: Leftovers\n|-damage|p2a: Hydreigon|82\/100 brn|[from] brn\n|upkeep\n|turn|8\n|\n|t:|1700205421\n|switch|p2b: Iron Hands|Iron Hands, L50|71\/100\n|-terastallize|p2a: Hydreigon|Fire\n|move|p1b: Baxcalibur|Icicle Spear|p2a: Hydreigon\n|-resisted|p2a: Hydreigon\n|-damage|p2a: Hydreigon|71\/100 brn\n|-resisted|p2a: Hydreigon\n|-damage|p2a: Hydreigon|60\/100 brn\n|-resisted|p2a: Hydreigon\n|-damage|p2a: Hydreigon|49\/100 brn\n|-resisted|p2a: Hydreigon\n|-damage|p2a: Hydreigon|39\/100 brn\n|-resisted|p2a: Hydreigon\n|-damage|p2a: Hydreigon|28\/100 brn\n|-hitcount|p2a: Hydreigon|5\n|move|p2a: Hydreigon|Heat Wave|p1b: Baxcalibur|[spread] p1a\n|-miss|p2a: Hydreigon|p1b: Baxcalibur\n|-supereffective|p1a: Sinistcha\n|-damage|p1a: Sinistcha|38\/100\n|-damage|p2a: Hydreigon|18\/100 brn|[from] item: Life Orb\n|move|p1a: Sinistcha|Matcha Gotcha|p2a: Hydreigon|[spread] p2a,p2b\n|-resisted|p2a: Hydreigon\n|-damage|p2a: Hydreigon|7\/100 brn\n|-heal|p1a: Sinistcha|44\/100|[from] drain|[of] p2a: Hydreigon\n|-damage|p2b: Iron Hands|58\/100\n|-heal|p1a: Sinistcha|53\/100|[from] drain|[of] p2b: Iron Hands\n|\n|-damage|p2a: Hydreigon|0 fnt|[from] brn\n|faint|p2a: Hydreigon\n|upkeep\n|\n|t:|1700205431\n|switch|p2a: Gholdengo|Gholdengo, L50|61\/100\n|turn|9\n|\n|t:|1700205476\n|switch|p1a: Arcanine|Arcanine-Hisui, L50, F|53\/100\n|-ability|p1a: Arcanine|Intimidate|boost\n|-unboost|p2a: Gholdengo|atk|1\n|-unboost|p2b: Iron Hands|atk|1\n|move|p1b: Baxcalibur|Protect|p1b: Baxcalibur\n|-singleturn|p1b: Baxcalibur|Protect\n|move|p2b: Iron Hands|Fake Out|p1b: Baxcalibur\n|-activate|p1b: Baxcalibur|move: Protect\n|move|p2a: Gholdengo|Nasty Plot|p2a: Gholdengo\n|-boost|p2a: Gholdengo|spa|2\n|\n|-heal|p2a: Gholdengo|67\/100|[from] item: Leftovers\n|-sideend|p1: tyranitrev|move: Aurora Veil\n|upkeep\n|turn|10\n|\n|t:|1700205513\n|switch|p1a: Sinistcha|Sinistcha-Masterpiece, L50, shiny|53\/100\n|-heal|p1b: Baxcalibur|49\/100|[from] ability: Hospitality|[of] p1a: Sinistcha\n|move|p1b: Baxcalibur|Icicle Spear|p2a: Gholdengo\n|-resisted|p2a: Gholdengo\n|-damage|p2a: Gholdengo|57\/100\n|-resisted|p2a: Gholdengo\n|-damage|p2a: Gholdengo|47\/100\n|-resisted|p2a: Gholdengo\n|-damage|p2a: Gholdengo|38\/100\n|-resisted|p2a: Gholdengo\n|-damage|p2a: Gholdengo|27\/100\n|-resisted|p2a: Gholdengo\n|-damage|p2a: Gholdengo|17\/100\n|-hitcount|p2a: Gholdengo|5\n|move|p2a: Gholdengo|Make It Rain|p1a: Sinistcha|[spread] p1a,p1b\n|-damage|p1a: Sinistcha|0 fnt\n|-damage|p1b: Baxcalibur|0 fnt\n|-unboost|p2a: Gholdengo|spa|1\n|faint|p1a: Sinistcha\n|faint|p1b: Baxcalibur\n|move|p2b: Iron Hands|Drain Punch|p1: Sinistcha|[notarget]\n|-fail|p2b: Iron Hands\n|\n|-heal|p2a: Gholdengo|23\/100|[from] item: Leftovers\n|upkeep\n|\n|t:|1700205529\n|switch|p1b: Arcanine|Arcanine-Hisui, L50, F|53\/100\n|-ability|p1b: Arcanine|Intimidate|boost\n|-unboost|p2a: Gholdengo|atk|1\n|-unboost|p2b: Iron Hands|atk|1\n|turn|11\n|\n|t:|1700205545\n|move|p1b: Arcanine|Flare Blitz|p2a: Gholdengo\n|-supereffective|p2a: Gholdengo\n|-damage|p2a: Gholdengo|0 fnt\n|faint|p2a: Gholdengo\n|-damage|p1b: Arcanine|45\/100|[from] Recoil\n|move|p2b: Iron Hands|Drain Punch|p1b: Arcanine\n|-supereffective|p1b: Arcanine\n|-damage|p1b: Arcanine|0 fnt\n|-heal|p2b: Iron Hands|75\/100|[from] drain|[of] p1b: Arcanine\n|faint|p1b: Arcanine\n|\n|win|tkinthemiddle\n|raw|tyranitrev's rating: 1257 &rarr; <strong>1241<\/strong><br \/>(-16 for losing)\n|raw|tkinthemiddle's rating: 1385 &rarr; <strong>1398<\/strong><br \/>(+13 for winning)\n|l|\u2606tkinthemiddle\n","uploadtime":1700205557,"views":15,"p1id":"tyranitrev","p2id":"tkinthemiddle","formatid":"gen9vgc2023regulatione","rating":1241,"private":0,"password":""}