{"id":"gen9vgc2023regulatione-1990990461","p1":"tuilatriz","p2":"CharlienoB","format":"[Gen 9] VGC 2023 Regulation E","log":"|j|\u2606tuilatriz\n|j|\u2606CharlienoB\n|t:|1700024260\n|gametype|doubles\n|player|p1|tuilatriz|alder|1093\n|player|p2|CharlienoB|169|1023\n|teamsize|p1|6\n|teamsize|p2|6\n|gen|9\n|tier|[Gen 9] VGC 2023 Regulation E\n|rated|\n|rule|Species Clause: Limit one of each Pok\u00e9mon\n|rule|Item Clause: Limit one of each item\n|clearpoke\n|poke|p1|Raichu, L50, F|\n|poke|p1|Pelipper, L50, M|\n|poke|p1|Grimmsnarl, L50, M|\n|poke|p1|Basculegion-F, L50, F|\n|poke|p1|Samurott-Hisui, L50, M|\n|poke|p1|Ditto, L50|\n|poke|p2|Espathra, L50, M|\n|poke|p2|Clefairy, L50, F|\n|poke|p2|Gholdengo, L50|\n|poke|p2|Rillaboom, L50, M|\n|poke|p2|Arcanine-Hisui, L50, F|\n|poke|p2|Ogerpon-Wellspring, L50, F|\n|teampreview|4\n|inactive|Battle timer is ON: inactive players will automatically lose when time's up. (requested by tuilatriz)\n|\n|t:|1700024274\n|start\n|switch|p1a: Pelipper|Pelipper, L50, M, shiny|100\/100\n|switch|p1b: Samurott|Samurott-Hisui, L50, M, shiny|100\/100\n|switch|p2a: Clefairy|Clefairy, L50, F|100\/100\n|switch|p2b: Gholdengo|Gholdengo, L50|100\/100\n|-weather|RainDance|[from] ability: Drizzle|[of] p1a: Pelipper\n|turn|1\n|\n|t:|1700024292\n|move|p2a: Clefairy|Follow Me|p2a: Clefairy\n|-singleturn|p2a: Clefairy|move: Follow Me\n|move|p1b: Samurott|Ceaseless Edge|p2a: Clefairy\n|-resisted|p2a: Clefairy\n|-damage|p2a: Clefairy|72\/100\n|-sidestart|p2: CharlienoB|Spikes\n|move|p2b: Gholdengo|Nasty Plot|p2b: Gholdengo\n|-boost|p2b: Gholdengo|spa|2\n|move|p1a: Pelipper|Tailwind|p1a: Pelipper\n|-sidestart|p1: tuilatriz|move: Tailwind\n|\n|-weather|RainDance|[upkeep]\n|upkeep\n|turn|2\n|\n|t:|1700024310\n|move|p2a: Clefairy|Follow Me|p2a: Clefairy\n|-singleturn|p2a: Clefairy|move: Follow Me\n|move|p1b: Samurott|Ceaseless Edge|p2a: Clefairy\n|-resisted|p2a: Clefairy\n|-damage|p2a: Clefairy|44\/100\n|-sidestart|p2: CharlienoB|Spikes\n|move|p1a: Pelipper|Icy Wind|p2b: Gholdengo|[spread] p2a,p2b\n|-resisted|p2b: Gholdengo\n|-damage|p2a: Clefairy|37\/100\n|-damage|p2b: Gholdengo|96\/100\n|-unboost|p2a: Clefairy|spe|1\n|-unboost|p2b: Gholdengo|spe|1\n|move|p2b: Gholdengo|Nasty Plot|p2b: Gholdengo\n|-boost|p2b: Gholdengo|spa|2\n|\n|-weather|RainDance|[upkeep]\n|-heal|p2b: Gholdengo|100\/100|[from] item: Leftovers\n|upkeep\n|turn|3\n|\n|t:|1700024332\n|switch|p1a: Grimmsnarl|Grimmsnarl, L50, M, shiny|100\/100\n|move|p2a: Clefairy|Follow Me|p2a: Clefairy\n|-singleturn|p2a: Clefairy|move: Follow Me\n|move|p1b: Samurott|Ceaseless Edge|p2a: Clefairy\n|-resisted|p2a: Clefairy\n|-damage|p2a: Clefairy|8\/100\n|-sidestart|p2: CharlienoB|Spikes\n|move|p2b: Gholdengo|Shadow Ball|p1a: Grimmsnarl\n|-resisted|p1a: Grimmsnarl\n|-damage|p1a: Grimmsnarl|42\/100\n|\n|-weather|RainDance|[upkeep]\n|upkeep\n|turn|4\n|\n|t:|1700024355\n|move|p2a: Clefairy|Follow Me|p2a: Clefairy\n|-singleturn|p2a: Clefairy|move: Follow Me\n|move|p1a: Grimmsnarl|Thunder Wave|p2a: Clefairy\n|-status|p2a: Clefairy|par\n|move|p1b: Samurott|Ceaseless Edge|p2a: Clefairy\n|-resisted|p2a: Clefairy\n|-damage|p2a: Clefairy|0 fnt\n|faint|p2a: Clefairy\n|move|p2b: Gholdengo|Make It Rain|p1a: Grimmsnarl|[spread] p1a,p1b\n|-supereffective|p1a: Grimmsnarl\n|-resisted|p1b: Samurott\n|-damage|p1a: Grimmsnarl|0 fnt\n|-damage|p1b: Samurott|0 fnt\n|-unboost|p2b: Gholdengo|spa|1\n|faint|p1a: Grimmsnarl\n|faint|p1b: Samurott\n|\n|-weather|RainDance|[upkeep]\n|-sideend|p1: tuilatriz|move: Tailwind\n|upkeep\n|\n|t:|1700024376\n|switch|p1b: Basculegion|Basculegion-F, L50, F, shiny|100\/100\n|switch|p1a: Pelipper|Pelipper, L50, M, shiny|100\/100\n|switch|p2a: Espathra|Espathra, L50, M|100\/100\n|-damage|p2a: Espathra|75\/100|[from] Spikes\n|turn|5\n|inactive|CharlienoB has 30 seconds left.\n|inactive|CharlienoB has 20 seconds left.\n|inactive|CharlienoB has 15 seconds left.\n|inactive|CharlienoB has 10 seconds left.\n|c|\u2606tuilatriz|fast\n|\n|t:|1700024425\n|-terastallize|p2b: Gholdengo|Dragon\n|move|p1b: Basculegion|Last Respects|p2b: Gholdengo\n|-damage|p2b: Gholdengo|6\/100\n|-damage|p1b: Basculegion|91\/100|[from] item: Life Orb\n|move|p2a: Espathra|Lumina Crash|p1b: Basculegion\n|-damage|p1b: Basculegion|61\/100\n|-unboost|p1b: Basculegion|spd|2\n|move|p2b: Gholdengo|Make It Rain|p1a: Pelipper|[spread] p1a,p1b\n|-resisted|p1a: Pelipper\n|-crit|p1a: Pelipper\n|-resisted|p1b: Basculegion\n|-damage|p1a: Pelipper|0 fnt\n|-damage|p1b: Basculegion|0 fnt\n|-unboost|p2b: Gholdengo|spa|1\n|faint|p1a: Pelipper\n|faint|p1b: Basculegion\n|\n|win|CharlienoB\n|raw|tuilatriz's rating: 1093 &rarr; <strong>1064<\/strong><br \/>(-29 for losing)\n|raw|CharlienoB's rating: 1023 &rarr; <strong>1067<\/strong><br \/>(+44 for winning)\n|l|\u2606tuilatriz\n","uploadtime":1700024448,"views":11,"p1id":"tuilatriz","p2id":"charlienob","formatid":"gen9vgc2023regulatione","rating":1064,"private":0,"password":""}