{"id":"gen9vgc2023regulatione-1994293577","p1":"Insertable194","p2":"Tilzy","format":"[Gen 9] VGC 2023 Regulation E","log":"|j|\u2606Insertable194\n|j|\u2606Tilzy\n|n|\u2606Insertable194|insertable194\n|n|\u2606Tilzy|tilzy\n|html|View the match progress at <a href=\"\/game-bestof3-gen9vgc2023regulatione-1994293576\">game-bestof3-gen9vgc2023regulatione-1994293576<\/a>\n|t:|1700427928\n|gametype|doubles\n|player|p1|Insertable194|hanbei-conquest|\n|player|p2|Tilzy|170|\n|teamsize|p1|6\n|teamsize|p2|6\n|gen|9\n|tier|[Gen 9] VGC 2023 Regulation E\n|rule|Species Clause: Limit one of each Pok\u00e9mon\n|rule|Item Clause: Limit one of each item\n|clearpoke\n|poke|p1|Landorus-Therian, L50, M|\n|poke|p1|Heatran, L50, M|\n|poke|p1|Flutter Mane, L50|\n|poke|p1|Ogerpon-Wellspring, L50, F|\n|poke|p1|Kingambit, L50, F|\n|poke|p1|Amoonguss, L50, M|\n|poke|p2|Regidrago, L50|\n|poke|p2|Tornadus, L50, M|\n|poke|p2|Urshifu-*, L50, M|\n|poke|p2|Rillaboom, L50, M|\n|poke|p2|Gholdengo, L50|\n|poke|p2|Ogerpon-Hearthflame, L50, F|\n|teampreview|4\nTilzy has agreed to open team sheets.\nInsertable194 has agreed to open team sheets.\n|showteam|p1|Landorus-Therian||ChoiceScarf|Intimidate|StompingTantrum,TeraBlast,Uturn,RockTomb|||M|||50|,,,,,Flying]Heatran||AssaultVest|FlashFire|HeatWave,EarthPower,FlashCannon,MagmaStorm|||M|||50|,,,,,Fairy]Flutter Mane||ChoiceSpecs|Protosynthesis|Moonblast,DazzlingGleam,ShadowBall,PerishSong||||||50|,,,,,Fairy]Ogerpon-Wellspring||WellspringMask|WaterAbsorb|IvyCudgel,WoodHammer,Taunt,SpikyShield|||F|||50|,,,,,Water]Kingambit||BlackGlasses|Defiant|SuckerPunch,KowtowCleave,SwordsDance,Protect|||F|||50|,,,,,Dark]Amoonguss||SitrusBerry|Regenerator|RagePowder,Spore,PollenPuff,Protect|||M|||50|,,,,,Water\n|showteam|p2|Regidrago||DragonFang|DragonsMaw|DragonEnergy,DragonPulse,EarthPower,Protect||||||50|,,,,,Steel]Tornadus||FocusSash|Prankster|IcyWind,Protect,BleakwindStorm,Tailwind|||M|||50|,,,,,Ghost]Urshifu-Rapid-Strike||ChoiceScarf|UnseenFist|SurgingStrikes,CloseCombat,AquaJet,RockSlide|||M|||50|,,,,,Water]Rillaboom||AssaultVest|GrassySurge|GrassyGlide,HighHorsepower,WoodHammer,FakeOut|||M|||50|,,,,,Fire]Gholdengo||ChoiceSpecs|GoodasGold|MakeItRain,ShadowBall,Thunderbolt,PowerGem||||||50|,,,,,Steel]Ogerpon-Hearthflame||HearthflameMask|MoldBreaker|IvyCudgel,GrassyGlide,FollowMe,SpikyShield|||F|||50|,,,,,Fire\n|c|\u2606Insertable194|glhf g1\n|j| fyfyyalt1\n|c|\u2606Tilzy|glhf :) don't be to hard on me :(\n|j| babiwi bewey\u2714\ufe0f\n|\n|t:|1700428006\n|start\n|switch|p1a: Amoonguss|Amoonguss, L50, M|100\/100\n|switch|p1b: Landorus|Landorus-Therian, L50, M|100\/100\n|switch|p2a: Tornadus|Tornadus, L50, M, shiny|100\/100\n|switch|p2b: Urshifu|Urshifu-Rapid-Strike, L50, M|100\/100\n|-ability|p1b: Landorus|Intimidate|boost\n|-unboost|p2a: Tornadus|atk|1\n|-unboost|p2b: Urshifu|atk|1\n|turn|1\n|j| Sir Aaron15\n|\n|t:|1700428067\n|switch|p2b: Rillaboom|Rillaboom, L50, M, shiny|100\/100\n|-fieldstart|move: Grassy Terrain|[from] ability: Grassy Surge|[of] p2b: Rillaboom\n|switch|p1b: Ogerpon|Ogerpon-Wellspring, L50, F|100\/100\n|-terastallize|p1a: Amoonguss|Water\n|move|p2a: Tornadus|Bleakwind Storm|p1a: Amoonguss|[spread] p1a,p1b\n|-supereffective|p1b: Ogerpon\n|-damage|p1a: Amoonguss|70\/100\n|-damage|p1b: Ogerpon|33\/100\n|move|p1a: Amoonguss|Spore|p2a: Tornadus\n|-status|p2a: Tornadus|slp|[from] move: Spore\n|\n|-heal|p1b: Ogerpon|39\/100|[from] Grassy Terrain\n|-heal|p1a: Amoonguss|76\/100|[from] Grassy Terrain\n|upkeep\n|turn|2\n|j| Volcano0\n|l| Volcano0\n|\n|t:|1700428099\n|switch|p2a: Ogerpon|Ogerpon-Hearthflame, L50, F|100\/100\n|-ability|p2a: Ogerpon|Mold Breaker\n|switch|p1a: Landorus|Landorus-Therian, L50, M|100\/100\n|-ability|p1a: Landorus|Intimidate|boost\n|-unboost|p2a: Ogerpon|atk|1\n|-unboost|p2b: Rillaboom|atk|1\n|move|p1b: Ogerpon|Spiky Shield|p1b: Ogerpon\n|-singleturn|p1b: Ogerpon|move: Protect\n|move|p2b: Rillaboom|Grassy Glide|p1b: Ogerpon\n|-activate|p1b: Ogerpon|move: Protect\n|-damage|p2b: Rillaboom|88\/100|[from] Spiky Shield|[of] p1b: Ogerpon\n|\n|-heal|p1b: Ogerpon|45\/100|[from] Grassy Terrain\n|-heal|p2b: Rillaboom|94\/100|[from] Grassy Terrain\n|upkeep\n|turn|3\n|\n|t:|1700428121\n|switch|p1b: Heatran|Heatran, L50, M|100\/100\n|move|p2a: Ogerpon|Spiky Shield|p2a: Ogerpon\n|-singleturn|p2a: Ogerpon|move: Protect\n|move|p2b: Rillaboom|Grassy Glide|p1b: Heatran\n|-resisted|p1b: Heatran\n|-damage|p1b: Heatran|95\/100\n|move|p1a: Landorus|U-turn|p2b: Rillaboom\n|-supereffective|p2b: Rillaboom\n|-damage|p2b: Rillaboom|46\/100\n|\n|t:|1700428136\n|switch|p1a: Ogerpon|Ogerpon-Wellspring, L50, F|45\/100|[from] U-turn\n|\n|-heal|p1a: Ogerpon|51\/100|[from] Grassy Terrain\n|-heal|p2b: Rillaboom|52\/100|[from] Grassy Terrain\n|-heal|p1b: Heatran|100\/100|[from] Grassy Terrain\n|upkeep\n|turn|4\n|\n|t:|1700428164\n|switch|p1b: Landorus|Landorus-Therian, L50, M|100\/100\n|-ability|p1b: Landorus|Intimidate|boost\n|-unboost|p2a: Ogerpon|atk|1\n|-unboost|p2b: Rillaboom|atk|1\n|move|p2b: Rillaboom|Grassy Glide|p1a: Ogerpon\n|-damage|p1a: Ogerpon|33\/100\n|move|p1a: Ogerpon|Ivy Cudgel|p2a: Ogerpon|[anim] Ivy Cudgel Water\n|-damage|p2a: Ogerpon|44\/100\n|move|p2a: Ogerpon|Ivy Cudgel|p1b: Landorus|[anim] Ivy Cudgel Fire\n|-damage|p1b: Landorus|67\/100\n|\n|-heal|p1a: Ogerpon|38\/100|[from] Grassy Terrain\n|-heal|p2a: Ogerpon|50\/100|[from] Grassy Terrain\n|-heal|p2b: Rillaboom|58\/100|[from] Grassy Terrain\n|upkeep\n|turn|5\n|\n|t:|1700428198\n|switch|p1a: Heatran|Heatran, L50, M|100\/100\n|switch|p2b: Tornadus|Tornadus, L50, M, shiny|100\/100 slp\n|move|p2a: Ogerpon|Grassy Glide|p1a: Heatran\n|-resisted|p1a: Heatran\n|-damage|p1a: Heatran|96\/100\n|move|p1b: Landorus|U-turn|p2b: Tornadus\n|-resisted|p2b: Tornadus\n|-damage|p2b: Tornadus|80\/100 slp\n|\n|t:|1700428216\n|switch|p1b: Amoonguss|Amoonguss, L50, M, tera:Water|100\/100|[from] U-turn\n|\n|-heal|p2a: Ogerpon|56\/100|[from] Grassy Terrain\n|-heal|p1a: Heatran|100\/100|[from] Grassy Terrain\n|-fieldend|move: Grassy Terrain\n|upkeep\n|turn|6\n|\n|t:|1700428252\n|switch|p2a: Urshifu|Urshifu-Rapid-Strike, L50, M|100\/100\n|cant|p2b: Tornadus|slp\n|move|p1a: Heatran|Magma Storm|p2b: Tornadus\n|-damage|p2b: Tornadus|14\/100 slp\n|-activate|p2b: Tornadus|move: Magma Storm|[of] p1a: Heatran\n|move|p1b: Amoonguss|Spore|p2b: Tornadus\n|-fail|p2b: Tornadus|slp\n|\n|-damage|p2b: Tornadus|2\/100 slp|[from] move: Magma Storm|[partiallytrapped]\n|upkeep\n|turn|7\n|\n|t:|1700428279\n|move|p1b: Amoonguss|Rage Powder|p1b: Amoonguss\n|-singleturn|p1b: Amoonguss|move: Rage Powder\n|move|p2a: Urshifu|Close Combat|p1b: Amoonguss\n|-damage|p1b: Amoonguss|46\/100\n|-unboost|p2a: Urshifu|def|1\n|-unboost|p2a: Urshifu|spd|1\n|-enditem|p1b: Amoonguss|Sitrus Berry|[eat]\n|-heal|p1b: Amoonguss|70\/100|[from] item: Sitrus Berry\n|cant|p2b: Tornadus|slp\n|move|p1a: Heatran|Magma Storm|p2a: Urshifu\n|-resisted|p2a: Urshifu\n|-damage|p2a: Urshifu|41\/100\n|-activate|p2a: Urshifu|move: Magma Storm|[of] p1a: Heatran\n|\n|-damage|p2a: Urshifu|29\/100|[from] move: Magma Storm|[partiallytrapped]\n|-damage|p2b: Tornadus|0 fnt|[from] move: Magma Storm|[partiallytrapped]\n|faint|p2b: Tornadus\n|upkeep\n|\n|t:|1700428290\n|switch|p2b: Rillaboom|Rillaboom, L50, M, shiny|58\/100\n|-fieldstart|move: Grassy Terrain|[from] ability: Grassy Surge|[of] p2b: Rillaboom\n|turn|8\n|\n|t:|1700428337\n|switch|p1a: Landorus|Landorus-Therian, L50, M|67\/100\n|-ability|p1a: Landorus|Intimidate|boost\n|-unboost|p2a: Urshifu|atk|1\n|-unboost|p2b: Rillaboom|atk|1\n|move|p1b: Amoonguss|Protect|p1b: Amoonguss\n|-singleturn|p1b: Amoonguss|Protect\n|move|p2b: Rillaboom|Grassy Glide|p1b: Amoonguss\n|-activate|p1b: Amoonguss|move: Protect\n|move|p2a: Urshifu|Close Combat|p1a: Landorus\n|-resisted|p1a: Landorus\n|-damage|p1a: Landorus|43\/100\n|-unboost|p2a: Urshifu|def|1\n|-unboost|p2a: Urshifu|spd|1\n|\n|-heal|p2a: Urshifu|35\/100|[from] Grassy Terrain\n|-heal|p2b: Rillaboom|64\/100|[from] Grassy Terrain\n|-heal|p1b: Amoonguss|76\/100|[from] Grassy Terrain\n|-end|p2a: Urshifu|Magma Storm|[partiallytrapped]|[silent]\n|upkeep\n|turn|9\n|\n|t:|1700428380\n|switch|p1a: Heatran|Heatran, L50, M|100\/100\n|-terastallize|p2b: Rillaboom|Fire\n|move|p2a: Urshifu|Close Combat|p1b: Amoonguss\n|-damage|p1b: Amoonguss|41\/100\n|-unboost|p2a: Urshifu|def|1\n|-unboost|p2a: Urshifu|spd|1\n|move|p2b: Rillaboom|High Horsepower|p1a: Heatran\n|-supereffective|p1a: Heatran\n|-damage|p1a: Heatran|29\/100\n|move|p1b: Amoonguss|Spore|p2a: Urshifu\n|-status|p2a: Urshifu|slp|[from] move: Spore\n|\n|-heal|p2a: Urshifu|41\/100 slp|[from] Grassy Terrain\n|-heal|p2b: Rillaboom|70\/100|[from] Grassy Terrain\n|-heal|p1a: Heatran|36\/100|[from] Grassy Terrain\n|-heal|p1b: Amoonguss|47\/100|[from] Grassy Terrain\n|upkeep\n|turn|10\n|\n|t:|1700428423\n|move|p1b: Amoonguss|Rage Powder|p1b: Amoonguss\n|-singleturn|p1b: Amoonguss|move: Rage Powder\n|cant|p2a: Urshifu|slp\n|move|p2b: Rillaboom|Wood Hammer|p1b: Amoonguss\n|-supereffective|p1b: Amoonguss\n|-damage|p1b: Amoonguss|0 fnt\n|faint|p1b: Amoonguss\n|-damage|p2b: Rillaboom|53\/100|[from] Recoil\n|move|p1a: Heatran|Earth Power|p2a: Urshifu\n|-damage|p2a: Urshifu|0 fnt\n|faint|p2a: Urshifu\n|\n|-heal|p1a: Heatran|42\/100|[from] Grassy Terrain\n|-heal|p2b: Rillaboom|59\/100|[from] Grassy Terrain\n|upkeep\n|\n|t:|1700428432\n|switch|p2a: Ogerpon|Ogerpon-Hearthflame, L50, F|56\/100\n|switch|p1b: Landorus|Landorus-Therian, L50, M|43\/100\n|-ability|p1b: Landorus|Intimidate|boost\n|-unboost|p2a: Ogerpon|atk|1\n|-unboost|p2b: Rillaboom|atk|1\n|-ability|p2a: Ogerpon|Mold Breaker\n|turn|11\n|\n|t:|1700428466\n|move|p2a: Ogerpon|Grassy Glide|p1b: Landorus\n|-damage|p1b: Landorus|12\/100\n|move|p1b: Landorus|Stomping Tantrum|p2b: Rillaboom\n|-supereffective|p2b: Rillaboom\n|-damage|p2b: Rillaboom|0 fnt\n|faint|p2b: Rillaboom\n|move|p1a: Heatran|Earth Power|p2a: Ogerpon\n|-damage|p2a: Ogerpon|26\/100\n|\n|-heal|p2a: Ogerpon|32\/100|[from] Grassy Terrain\n|-heal|p1a: Heatran|48\/100|[from] Grassy Terrain\n|upkeep\n|turn|12\n|c|\u2606Tilzy|gg\n|\n|t:|1700428479\n|move|p1b: Landorus|Stomping Tantrum|p2a: Ogerpon\n|-damage|p2a: Ogerpon|0 fnt\n|faint|p2a: Ogerpon\n|\n|win|Insertable194\n|c| fyfyyalt1|wp by insertable\n|c|&|\/uhtml prompt-tilzy,Tilzy is ready for game 2!\n|c| fyfyyalt1|gg\n|c|&|\/uhtml prompt-insertable194,Insertable194 is ready for game 2!\nBoth players are ready! Starting next match!\n|j| SlowHomie\n|j| ale cog\n|l| ale cog\n|l| SlowHomie\n|j| SlowHomie\n|l| SlowHomie\n","uploadtime":1700429057,"views":8,"p1id":"insertable194","p2id":"tilzy","formatid":"gen9vgc2023regulatione","rating":0,"private":0,"password":""}