{"id":"gen9vgc2023regulatione-1989364093","p1":"GrovePlaysGames","p2":"PokeKidMax","format":"[Gen 9] VGC 2023 Regulation E","log":"|j|\u2606GrovePlaysGames\n|j|\u2606PokeKidMax\n|n|\u2606GrovePlaysGames|groveplaysgames\n|n|\u2606PokeKidMax|pokekidmax\n|html|View the match progress at <a href=\"\/game-bestof3-gen9vgc2023regulatione-1989358651\">game-bestof3-gen9vgc2023regulatione-1989358651<\/a>\n|t:|1699841066\n|gametype|doubles\n|player|p1|GrovePlaysGames|hilda|\n|player|p2|PokeKidMax|1|\n|teamsize|p1|6\n|teamsize|p2|6\n|gen|9\n|tier|[Gen 9] VGC 2023 Regulation E\n|rule|Species Clause: Limit one of each Pok\u00e9mon\n|rule|Item Clause: Limit one of each item\n|clearpoke\n|poke|p1|Kingambit, L50, F|\n|poke|p1|Torkoal, L50, M|\n|poke|p1|Indeedee-F, L50, F|\n|poke|p1|Armarouge, L50, F|\n|poke|p1|Lilligant-Hisui, L50, F|\n|poke|p1|Arcanine-Hisui, L50, F|\n|poke|p2|Annihilape, L50, M|\n|poke|p2|Maushold, L50|\n|poke|p2|Dondozo, L50, F|\n|poke|p2|Tatsugiri, L50, F|\n|poke|p2|Pelipper, L50, F|\n|poke|p2|Palafin, L50, M|\n|teampreview|4\n|inactive|Battle timer is ON: inactive players will automatically lose when time's up. (requested by GrovePlaysGames)\n|inactiveoff|Battle timer is now OFF.\n|j| Yawnchamp\nPokeKidMax has agreed to open team sheets.\n|\n|t:|1699841107\n|start\n|switch|p1a: Played|Indeedee-F, L50, F|100\/100\n|switch|p1b: Haven't|Torkoal, L50, M|100\/100\n|switch|p2a: Dondozo|Dondozo, L50, F|100\/100\n|switch|p2b: Tatsugiri|Tatsugiri, L50, F|100\/100\n|-activate|p2b: Tatsugiri|ability: Commander|[of] p2a: Dondozo\n|-boost|p2a: Dondozo|atk|2\n|-boost|p2a: Dondozo|spa|2\n|-boost|p2a: Dondozo|spe|2\n|-boost|p2a: Dondozo|def|2\n|-boost|p2a: Dondozo|spd|2\n|-fieldstart|move: Psychic Terrain|[from] ability: Psychic Surge|[of] p1a: Played\n|-enditem|p1a: Played|Psychic Seed\n|-boost|p1a: Played|spd|1|[from] item: Psychic Seed\n|-weather|SunnyDay|[from] ability: Drought|[of] p1b: Haven't\n|turn|1\n|\n|t:|1699841130\n|move|p2a: Dondozo|Order Up|p1b: Haven't\n|-damage|p1b: Haven't|67\/100\n|-boost|p2a: Dondozo|atk|1\n|move|p1b: Haven't|Earth Power|p2a: Dondozo\n|-damage|p2a: Dondozo|83\/100\n|move|p1a: Played|Trick Room|p1a: Played\n|-fieldstart|move: Trick Room|[of] p1a: Played\n|\n|-weather|SunnyDay|[upkeep]\n|upkeep\n|turn|2\n|\n|t:|1699841143\n|switch|p1b: Mask|Lilligant-Hisui, L50, F|100\/100\n|move|p1a: Played|Follow Me|p1a: Played\n|-singleturn|p1a: Played|move: Follow Me\n|move|p2a: Dondozo|Order Up|p1a: Played\n|-damage|p1a: Played|40\/100\n|-boost|p2a: Dondozo|atk|1\n|\n|-weather|SunnyDay|[upkeep]\n|upkeep\n|turn|3\n|\n|t:|1699841163\n|move|p1a: Played|Helping Hand|p1b: Mask\n|-singleturn|p1b: Mask|Helping Hand|[of] p1a: Played\n|move|p2a: Dondozo|Protect|p2a: Dondozo\n|-singleturn|p2a: Dondozo|Protect\n|move|p1b: Mask|Solar Blade||[still]\n|-prepare|p1b: Mask|Solar Blade\n|-anim|p1b: Mask|Solar Blade|p2a: Dondozo\n|-activate|p2a: Dondozo|move: Protect\n|\n|-weather|SunnyDay|[upkeep]\n|upkeep\n|turn|4\n|\n|t:|1699841174\n|-terastallize|p2a: Dondozo|Steel\n|move|p1a: Played|Helping Hand|p1b: Mask\n|-singleturn|p1b: Mask|Helping Hand|[of] p1a: Played\n|move|p2a: Dondozo|Wave Crash|p1b: Mask\n|-resisted|p1b: Mask\n|-damage|p1b: Mask|43\/100\n|-damage|p2a: Dondozo|70\/100|[from] Recoil\n|move|p1b: Mask|Solar Blade||[still]\n|-prepare|p1b: Mask|Solar Blade\n|-anim|p1b: Mask|Solar Blade|p2a: Dondozo\n|-resisted|p2a: Dondozo\n|-damage|p2a: Dondozo|57\/100\n|\n|-weather|SunnyDay|[upkeep]\n|upkeep\n|turn|5\n|\n|t:|1699841193\n|move|p2a: Dondozo|Protect|p2a: Dondozo\n|-singleturn|p2a: Dondozo|Protect\n|move|p1a: Played|Follow Me|p1a: Played\n|-singleturn|p1a: Played|move: Follow Me\n|move|p1b: Mask|Close Combat|p2a: Dondozo\n|-activate|p2a: Dondozo|move: Protect\n|\n|-weather|none\n|-fieldend|move: Trick Room\n|-fieldend|move: Psychic Terrain\n|upkeep\n|turn|6\n|\n|t:|1699841204\n|move|p1a: Played|Follow Me|p1a: Played\n|-singleturn|p1a: Played|move: Follow Me\n|move|p1b: Mask|Close Combat|p2a: Dondozo\n|-supereffective|p2a: Dondozo\n|-damage|p2a: Dondozo|19\/100\n|-unboost|p1b: Mask|def|1\n|-unboost|p1b: Mask|spd|1\n|move|p2a: Dondozo|Order Up|p1a: Played\n|-damage|p1a: Played|0 fnt\n|faint|p1a: Played\n|-boost|p2a: Dondozo|atk|1\n|\n|upkeep\n|\n|t:|1699841217\n|switch|p1a: Haven't|Torkoal, L50, M|67\/100\n|-weather|SunnyDay|[from] ability: Drought|[of] p1a: Haven't\n|turn|7\n|\n|t:|1699841235\n|move|p1b: Mask|Encore|p2a: Dondozo\n|-start|p2a: Dondozo|Encore\n|move|p2a: Dondozo|Order Up|p1a: Haven't\n|-damage|p1a: Haven't|3\/100\n|-boost|p2a: Dondozo|atk|1\n|move|p1a: Haven't|Eruption|p2b: Tatsugiri|[spread] p2a\n|-miss|p1a: Haven't|p2b: Tatsugiri\n|-supereffective|p2a: Dondozo\n|-damage|p2a: Dondozo|16\/100\n|\n|-weather|SunnyDay|[upkeep]\n|upkeep\n|turn|8\n|\n|t:|1699841253\n|move|p1b: Mask|Close Combat|p2a: Dondozo\n|-supereffective|p2a: Dondozo\n|-damage|p2a: Dondozo|0 fnt\n|-unboost|p1b: Mask|def|1\n|-unboost|p1b: Mask|spd|1\n|faint|p2a: Dondozo\n|move|p1a: Haven't|Eruption|p2b: Tatsugiri\n|-resisted|p2b: Tatsugiri\n|-damage|p2b: Tatsugiri|99\/100\n|\n|-weather|SunnyDay|[upkeep]\n|upkeep\n|\n|t:|1699841256\n|switch|p2a: Pelipper|Pelipper, L50, F|100\/100\n|-weather|RainDance|[from] ability: Drizzle|[of] p2a: Pelipper\n|turn|9\n|\n|t:|1699841272\n|switch|p2a: Palafin|Palafin, L50, M|100\/100\n|move|p2b: Tatsugiri|Muddy Water|p1a: Haven't|[spread] p1a\n|-miss|p2b: Tatsugiri|p1b: Mask\n|-supereffective|p1a: Haven't\n|-damage|p1a: Haven't|0 fnt\n|faint|p1a: Haven't\n|move|p1b: Mask|Close Combat|p2b: Tatsugiri\n|-damage|p2b: Tatsugiri|0 fnt\n|-unboost|p1b: Mask|def|1\n|-unboost|p1b: Mask|spd|1\n|faint|p2b: Tatsugiri\n|\n|-weather|RainDance|[upkeep]\n|upkeep\n|\n|t:|1699841284\n|switch|p2b: Pelipper|Pelipper, L50, F|100\/100\n|switch|p1a: Teal|Armarouge, L50, F|100\/100\n|turn|10\n|c| Yawnchamp|omg teal mask\n|c|\u2606GrovePlaysGames|still havent played teal mask dlc\n|c|\u2606PokeKidMax|Indigo disk better\n|c|\u2606GrovePlaysGames|that's the nickname theme\n|c| Yawnchamp|like dlc expansion hidden treasure of area zero pt 1\n|c|\u2606PokeKidMax|I forgot nicknames\n|c| Yawnchamp|guys new tourney when dlc2 drops trust\n|c| Yawnchamp|restricted format trollface\n|c|\u2606PokeKidMax|Real\n|\n|t:|1699841357\n|-terastallize|p1a: Teal|Grass\n|move|p2a: Palafin|Jet Punch|p1b: Mask\n|-resisted|p1b: Mask\n|-damage|p1b: Mask|0 fnt\n|faint|p1b: Mask\n|move|p2b: Pelipper|Hurricane|p1a: Teal\n|-supereffective|p1a: Teal\n|-damage|p1a: Teal|1\/100\n|-start|p1a: Teal|confusion\n|-activate|p1a: Teal|confusion\n|move|p1a: Teal|Energy Ball|p2b: Pelipper\n|-damage|p2b: Pelipper|0 fnt\n|faint|p2b: Pelipper\n|-damage|p1a: Teal|0 fnt|[from] item: Life Orb\n|faint|p1a: Teal\n|\n|win|PokeKidMax\n|c|\u2606GrovePlaysGames|daaaamn\n|c|\u2606GrovePlaysGames|ggs\n","uploadtime":1699841374,"views":33,"p1id":"groveplaysgames","p2id":"pokekidmax","formatid":"gen9vgc2023regulatione","rating":0,"private":0,"password":""}