{"id":"gen9vgc2023regulatione-1990198228","p1":"superseriousboi","p2":"Sund3wz","format":"[Gen 9] VGC 2023 Regulation E","log":"|j|\u2606superseriousboi\n|j|\u2606Sund3wz\n|t:|1699936105\n|gametype|doubles\n|player|p1|superseriousboi|266|1324\n|player|p2|Sund3wz|unknown|1322\n|teamsize|p1|6\n|teamsize|p2|6\n|gen|9\n|tier|[Gen 9] VGC 2023 Regulation E\n|rated|\n|rule|Species Clause: Limit one of each Pok\u00e9mon\n|rule|Item Clause: Limit one of each item\n|clearpoke\n|poke|p1|Ogerpon-Wellspring, L50, F|\n|poke|p1|Landorus-Therian, L50, M|\n|poke|p1|Heatran, L50, F|\n|poke|p1|Iron Hands, L50|\n|poke|p1|Kingambit, L50, F|\n|poke|p1|Flutter Mane, L50|\n|poke|p2|Dipplin, L50, F|\n|poke|p2|Urshifu-*, L50, M|\n|poke|p2|Chi-Yu, L50|\n|poke|p2|Farigiraf, L50, M|\n|poke|p2|Iron Hands, L50|\n|poke|p2|Chien-Pao, L50|\n|teampreview|4\n|inactive|Battle timer is ON: inactive players will automatically lose when time's up. (requested by Sund3wz)\nsuperseriousboi has agreed to open team sheets.\n|inactive|superseriousboi has 60 seconds left.\nSund3wz has agreed to open team sheets.\n|inactive|superseriousboi has 30 seconds left.\n|\n|t:|1699936177\n|start\n|switch|p1a: Kingambit|Kingambit, L50, F|100\/100\n|switch|p1b: Flutter Mane|Flutter Mane, L50|100\/100\n|switch|p2a: Iron Hands|Iron Hands, L50|100\/100\n|switch|p2b: Chien-Pao|Chien-Pao, L50|100\/100\n|-ability|p2b: Chien-Pao|Sword of Ruin\n|turn|1\n|inactive|superseriousboi has 30 seconds left.\n|\n|t:|1699936210\n|switch|p1a: Landorus|Landorus-Therian, L50, M|100\/100\n|-ability|p1a: Landorus|Intimidate|boost\n|-unboost|p2a: Iron Hands|atk|1\n|-unboost|p2b: Chien-Pao|atk|1\n|move|p2a: Iron Hands|Fake Out|p1a: Landorus\n|-damage|p1a: Landorus|87\/100\n|move|p2b: Chien-Pao|Throat Chop|p1b: Flutter Mane\n|-damage|p1b: Flutter Mane|17\/100\n|-start|p1b: Flutter Mane|Throat Chop|[silent]\n|move|p1b: Flutter Mane|Moonblast|p2b: Chien-Pao\n|-supereffective|p2b: Chien-Pao\n|-enditem|p2b: Chien-Pao|Focus Sash\n|-damage|p2b: Chien-Pao|1\/100\n|\n|upkeep\n|turn|2\n|\n|t:|1699936229\n|move|p2b: Chien-Pao|Sucker Punch|p1b: Flutter Mane\n|-damage|p1b: Flutter Mane|0 fnt\n|faint|p1b: Flutter Mane\n|-end|p1b: Flutter Mane|Protosynthesis|[silent]\n|move|p1a: Landorus|U-turn|p2b: Chien-Pao\n|-supereffective|p2b: Chien-Pao\n|-damage|p2b: Chien-Pao|0 fnt\n|faint|p2b: Chien-Pao\n|\n|t:|1699936243\n|switch|p1a: Kingambit|Kingambit, L50, F|100\/100|[from] U-turn\n|move|p2a: Iron Hands|Drain Punch|p1a: Kingambit\n|-supereffective|p1a: Kingambit\n|-damage|p1a: Kingambit|14\/100\n|\n|upkeep\n|\n|t:|1699936261\n|switch|p2b: Urshifu|Urshifu-Rapid-Strike, L50, M|100\/100\n|switch|p1b: Ogerpon|Ogerpon-Wellspring, L50, F|100\/100\n|turn|3\n|\n|t:|1699936278\n|switch|p1a: Landorus|Landorus-Therian, L50, M|87\/100\n|-ability|p1a: Landorus|Intimidate|boost\n|-unboost|p2a: Iron Hands|atk|1\n|-unboost|p2b: Urshifu|atk|1\n|move|p1b: Ogerpon|Follow Me|p1b: Ogerpon\n|-singleturn|p1b: Ogerpon|move: Follow Me\n|move|p2b: Urshifu|Aqua Jet|p1b: Ogerpon\n|-immune|p1b: Ogerpon|[from] ability: Water Absorb\n|move|p2a: Iron Hands|Wild Charge|p1b: Ogerpon\n|-damage|p1b: Ogerpon|76\/100\n|-damage|p2a: Iron Hands|96\/100|[from] Recoil\n|\n|upkeep\n|turn|4\n|\n|t:|1699936303\n|move|p2b: Urshifu|Detect|p2b: Urshifu\n|-singleturn|p2b: Urshifu|Protect\n|move|p1b: Ogerpon|Follow Me|p1b: Ogerpon\n|-singleturn|p1b: Ogerpon|move: Follow Me\n|move|p1a: Landorus|Stomping Tantrum|p2a: Iron Hands\n|-supereffective|p2a: Iron Hands\n|-damage|p2a: Iron Hands|40\/100\n|move|p2a: Iron Hands|Wild Charge|p1b: Ogerpon\n|-damage|p1b: Ogerpon|52\/100\n|-damage|p2a: Iron Hands|36\/100|[from] Recoil\n|\n|upkeep\n|turn|5\n|\n|t:|1699936316\n|-terastallize|p2a: Iron Hands|Water\n|move|p1a: Landorus|Stomping Tantrum|p2a: Iron Hands\n|-damage|p2a: Iron Hands|10\/100\n|move|p2b: Urshifu|Close Combat|p1b: Ogerpon\n|-damage|p1b: Ogerpon|15\/100\n|-unboost|p2b: Urshifu|def|1\n|-unboost|p2b: Urshifu|spd|1\n|move|p1b: Ogerpon|Horn Leech|p2b: Urshifu\n|-supereffective|p2b: Urshifu\n|-damage|p2b: Urshifu|0 fnt\n|-heal|p1b: Ogerpon|62\/100|[from] drain|[of] p2b: Urshifu\n|faint|p2b: Urshifu\n|move|p2a: Iron Hands|Drain Punch|p1b: Ogerpon\n|-damage|p1b: Ogerpon|41\/100\n|-heal|p2a: Iron Hands|18\/100|[from] drain|[of] p1b: Ogerpon\n|\n|upkeep\n|\n|t:|1699936322\n|switch|p2b: Chi-Yu|Chi-Yu, L50|100\/100\n|-ability|p2b: Chi-Yu|Beads of Ruin\n|turn|6\n|inactive|superseriousboi has 30 seconds left.\n|inactive|superseriousboi has 20 seconds left.\n|\n|t:|1699936359\n|move|p1a: Landorus|Stomping Tantrum|p2b: Chi-Yu\n|-supereffective|p2b: Chi-Yu\n|-damage|p2b: Chi-Yu|0 fnt\n|faint|p2b: Chi-Yu\n|move|p1b: Ogerpon|Horn Leech|p2a: Iron Hands\n|-supereffective|p2a: Iron Hands\n|-damage|p2a: Iron Hands|0 fnt\n|-heal|p1b: Ogerpon|53\/100|[from] drain|[of] p2a: Iron Hands\n|faint|p2a: Iron Hands\n|-end|p2a: Iron Hands|Quark Drive|[silent]\n|\n|win|superseriousboi\n|raw|superseriousboi's rating: 1324 &rarr; <strong>1344<\/strong><br \/>(+20 for winning)\n|raw|Sund3wz's rating: 1322 &rarr; <strong>1302<\/strong><br \/>(-20 for losing)\n|l|\u2606Sund3wz\n","uploadtime":1699936370,"views":6,"p1id":"superseriousboi","p2id":"sund3wz","formatid":"gen9vgc2023regulatione","rating":1302,"private":0,"password":""}