{"id":"gen9vgc2023regulatione-1996153177","p1":"fragment008","p2":"AswangVGC","format":"[Gen 9] VGC 2023 Regulation E","log":"|j|\u2606fragment008\n|j|\u2606AswangVGC\n|n|\u2606fragment008|fragment008\n|n|\u2606AswangVGC|aswangvgc\n|html|View the match progress at <a href=\"\/game-bestof3-gen9vgc2023regulatione-1996151132\">game-bestof3-gen9vgc2023regulatione-1996151132<\/a>\n|t:|1700652081\n|gametype|doubles\n|player|p1|fragment008|266|\n|player|p2|AswangVGC|102|\n|teamsize|p1|6\n|teamsize|p2|6\n|gen|9\n|tier|[Gen 9] VGC 2023 Regulation E\n|rule|Species Clause: Limit one of each Pok\u00e9mon\n|rule|Item Clause: Limit one of each item\n|clearpoke\n|poke|p1|Ogerpon-Wellspring, L50, F|\n|poke|p1|Regieleki, L50|\n|poke|p1|Indeedee-F, L50, F|\n|poke|p1|Tornadus, L50, M|\n|poke|p1|Chi-Yu, L50|\n|poke|p1|Flutter Mane, L50|\n|poke|p2|Dusclops, L50, F|\n|poke|p2|Ursaluna-Bloodmoon, L50, M|\n|poke|p2|Iron Hands, L50|\n|poke|p2|Ogerpon-Wellspring, L50, F|\n|poke|p2|Chi-Yu, L50|\n|poke|p2|Flutter Mane, L50|\n|teampreview|4\n|\n|t:|1700652099\n|start\n|switch|p1a: Chi-Yu|Chi-Yu, L50|100\/100\n|switch|p1b: Indeedee|Indeedee-F, L50, F|100\/100\n|switch|p2a: Dusclops|Dusclops, L50, F|100\/100\n|switch|p2b: Ogerpon|Ogerpon-Wellspring, L50, F|100\/100\n|-ability|p1a: Chi-Yu|Beads of Ruin\n|-fieldstart|move: Psychic Terrain|[from] ability: Psychic Surge|[of] p1b: Indeedee\n|-enditem|p1b: Indeedee|Psychic Seed\n|-boost|p1b: Indeedee|spd|1|[from] item: Psychic Seed\n|-ability|p2a: Dusclops|Pressure\n|turn|1\n|\n|t:|1700652160\n|switch|p1a: Ogerpon|Ogerpon-Wellspring, L50, F|100\/100\n|move|p2b: Ogerpon|Follow Me|p2b: Ogerpon\n|-singleturn|p2b: Ogerpon|move: Follow Me\n|move|p1b: Indeedee|Psychic|p2b: Ogerpon\n|-damage|p2b: Ogerpon|65\/100\n|move|p2a: Dusclops|Trick Room|p2a: Dusclops\n|-fieldstart|move: Trick Room|[of] p2a: Dusclops\n|\n|upkeep\n|turn|2\n|\n|t:|1700652177\n|move|p1b: Indeedee|Follow Me|p1b: Indeedee\n|-singleturn|p1b: Indeedee|move: Follow Me\n|move|p2a: Dusclops|Will-O-Wisp|p1b: Indeedee\n|-status|p1b: Indeedee|brn\n|move|p2b: Ogerpon|Horn Leech|p1b: Indeedee\n|-crit|p1b: Indeedee\n|-damage|p1b: Indeedee|30\/100 brn\n|-heal|p2b: Ogerpon|98\/100|[from] drain|[of] p1b: Indeedee\n|move|p1a: Ogerpon|Swords Dance|p1a: Ogerpon\n|-boost|p1a: Ogerpon|atk|2\n|\n|-damage|p1b: Indeedee|24\/100 brn|[from] brn\n|upkeep\n|turn|3\n|\n|t:|1700652206\n|move|p1b: Indeedee|Follow Me|p1b: Indeedee\n|-singleturn|p1b: Indeedee|move: Follow Me\n|move|p2a: Dusclops|Will-O-Wisp|p1b: Indeedee\n|-fail|p1b: Indeedee|brn\n|move|p2b: Ogerpon|Horn Leech|p1b: Indeedee\n|-damage|p1b: Indeedee|0 fnt\n|-heal|p2b: Ogerpon|100\/100|[from] drain|[of] p1b: Indeedee\n|faint|p1b: Indeedee\n|move|p1a: Ogerpon|Ivy Cudgel|p2a: Dusclops|[anim] Ivy Cudgel Water\n|-damage|p2a: Dusclops|20\/100\n|\n|upkeep\n|\n|t:|1700652219\n|switch|p1b: Chi-Yu|Chi-Yu, L50|100\/100\n|-ability|p1b: Chi-Yu|Beads of Ruin\n|turn|4\n|\n|t:|1700652234\n|-terastallize|p1b: Chi-Yu|Fire\n|move|p2a: Dusclops|Pain Split|p1b: Chi-Yu\n|-sethp|p1b: Chi-Yu|61\/100|[from] move: Pain Split|[silent]\n|-sethp|p2a: Dusclops|58\/100|[from] move: Pain Split\n|move|p2b: Ogerpon|Horn Leech|p1a: Ogerpon\n|-damage|p1a: Ogerpon|48\/100\n|move|p1a: Ogerpon|Horn Leech|p2b: Ogerpon\n|-damage|p2b: Ogerpon|7\/100\n|-heal|p1a: Ogerpon|97\/100|[from] drain|[of] p2b: Ogerpon\n|move|p1b: Chi-Yu|Heat Wave|p2a: Dusclops|[spread] p2a,p2b\n|-damage|p2a: Dusclops|8\/100\n|-damage|p2b: Ogerpon|0 fnt\n|-status|p2a: Dusclops|brn\n|faint|p2b: Ogerpon\n|-damage|p1b: Chi-Yu|52\/100|[from] item: Life Orb\n|\n|-damage|p2a: Dusclops|2\/100 brn|[from] brn\n|upkeep\n|\n|t:|1700652243\n|switch|p2b: Ursaluna|Ursaluna-Bloodmoon, L50, M|100\/100\n|turn|5\n|\n|t:|1700652256\n|-terastallize|p2b: Ursaluna|Normal\n|move|p1a: Ogerpon|Spiky Shield|p1a: Ogerpon\n|-singleturn|p1a: Ogerpon|move: Protect\n|move|p1b: Chi-Yu|Protect|p1b: Chi-Yu\n|-singleturn|p1b: Chi-Yu|Protect\n|move|p2a: Dusclops|Brick Break|p2b: Ursaluna\n|-supereffective|p2b: Ursaluna\n|-damage|p2b: Ursaluna|91\/100\n|-enditem|p2b: Ursaluna|Weakness Policy\n|-boost|p2b: Ursaluna|atk|2|[from] item: Weakness Policy\n|-boost|p2b: Ursaluna|spa|2|[from] item: Weakness Policy\n|move|p2b: Ursaluna|Hyper Voice|p1b: Chi-Yu|[spread] \n|-activate|p1a: Ogerpon|move: Protect\n|-activate|p1b: Chi-Yu|move: Protect\n|\n|-damage|p2a: Dusclops|0 fnt|[from] brn\n|faint|p2a: Dusclops\n|-fieldend|move: Trick Room\n|-fieldend|move: Psychic Terrain\n|upkeep\n|\n|t:|1700652269\n|switch|p2a: Iron Hands|Iron Hands, L50|100\/100\n|turn|6\n|\n|t:|1700652287\n|switch|p1a: Flutter Mane|Flutter Mane, L50|100\/100\n|move|p2a: Iron Hands|Fake Out|p1b: Chi-Yu\n|-damage|p1b: Chi-Yu|24\/100\n|cant|p1b: Chi-Yu|flinch\n|move|p2b: Ursaluna|Hyper Voice|p1b: Chi-Yu|[spread] p1a,p1b\n|-enditem|p1a: Flutter Mane|Focus Sash\n|-damage|p1a: Flutter Mane|1\/100\n|-damage|p1b: Chi-Yu|0 fnt\n|faint|p1b: Chi-Yu\n|\n|upkeep\n|\n|t:|1700652298\n|switch|p1b: Ogerpon|Ogerpon-Wellspring, L50, F|97\/100\n|turn|7\n|\n|t:|1700652311\n|move|p1a: Flutter Mane|Moonblast|p2a: Iron Hands\n|-supereffective|p2a: Iron Hands\n|-damage|p2a: Iron Hands|37\/100\n|move|p1b: Ogerpon|Swords Dance|p1b: Ogerpon\n|-boost|p1b: Ogerpon|atk|2\n|move|p2a: Iron Hands|Heavy Slam|p1a: Flutter Mane\n|-supereffective|p1a: Flutter Mane\n|-damage|p1a: Flutter Mane|0 fnt\n|faint|p1a: Flutter Mane\n|-end|p1a: Flutter Mane|Protosynthesis|[silent]\n|move|p2b: Ursaluna|Hyper Voice|p1b: Ogerpon\n|-damage|p1b: Ogerpon|0 fnt\n|faint|p1b: Ogerpon\n|\n|win|AswangVGC\n|inactive|fragment008 has 50 seconds to confirm battle start!\n|inactive|AswangVGC has 50 seconds to confirm battle start!\n","uploadtime":1700652323,"views":1,"p1id":"fragment008","p2id":"aswangvgc","formatid":"gen9vgc2023regulatione","rating":0,"private":0,"password":""}