{"id":"gen9vgc2023regulatione-1996520453","p1":"Salivadora","p2":"jrod7780","format":"[Gen 9] VGC 2023 Regulation E","log":"|j|\u2606Salivadora\n|j|\u2606jrod7780\n|n|\u2606Salivadora|salivadora\n|n|\u2606jrod7780|jrod7780\n|html|View the match progress at <a href=\"\/game-bestof3-gen9vgc2023regulatione-1996517599\">game-bestof3-gen9vgc2023regulatione-1996517599<\/a>\n|t:|1700690109\n|gametype|doubles\n|player|p1|Salivadora|colress|\n|player|p2|jrod7780|blue|\n|teamsize|p1|6\n|teamsize|p2|6\n|gen|9\n|tier|[Gen 9] VGC 2023 Regulation E\n|rule|Species Clause: Limit one of each Pok\u00e9mon\n|rule|Item Clause: Limit one of each item\n|clearpoke\n|poke|p1|Iron Bundle, L50|\n|poke|p1|Iron Hands, L50|\n|poke|p1|Moltres-Galar, L50|\n|poke|p1|Klefki, L50, F|\n|poke|p1|Delphox, L50, M|\n|poke|p1|Fletchinder, L50, F|\n|poke|p2|Tauros-Paldea-Blaze, L50, M|\n|poke|p2|Volcarona, L50, F|\n|poke|p2|Ogerpon, L50, F|\n|poke|p2|Ninetales-Alola, L50, F|\n|poke|p2|Landorus-Therian, L50, M|\n|poke|p2|Gallade, L50, M|\n|teampreview|4\n|j| Raikia\n|j| JabsGR\n|j| Luckiest Ludicolo\nSalivadora rejected open team sheets.\n|j| Lkynmbr24\n|j| sleepzey\n|j| Abused24\n|\n|t:|1700690210\n|start\n|switch|p1a: Iron Bundle|Iron Bundle, L50|100\/100\n|switch|p1b: Iron Hands|Iron Hands, L50|100\/100\n|switch|p2a: Gallade|Gallade, L50, M|100\/100\n|switch|p2b: Landorus|Landorus-Therian, L50, M|100\/100\n|-ability|p2b: Landorus|Intimidate|boost\n|-unboost|p1a: Iron Bundle|atk|1\n|-unboost|p1b: Iron Hands|atk|1\n|turn|1\n|\n|t:|1700690246\n|switch|p2b: Ninetales|Ninetales-Alola, L50, F|100\/100\n|-weather|Snow|[from] ability: Snow Warning|[of] p2b: Ninetales\n|move|p1b: Iron Hands|Fake Out|p2b: Ninetales\n|-damage|p2b: Ninetales|92\/100\n|move|p1a: Iron Bundle|Icy Wind|p2a: Gallade|[spread] p2a,p2b\n|-resisted|p2b: Ninetales\n|-damage|p2a: Gallade|77\/100\n|-damage|p2b: Ninetales|81\/100\n|-unboost|p2a: Gallade|spe|1\n|-unboost|p2b: Ninetales|spe|1\n|move|p2a: Gallade|Trick|p1a: Iron Bundle\n|-activate|p2a: Gallade|move: Trick|[of] p1a: Iron Bundle\n|-item|p1a: Iron Bundle|Choice Band|[from] move: Trick\n|-item|p2a: Gallade|Focus Sash|[from] move: Trick\n|\n|-weather|Snow|[upkeep]\n|upkeep\n|turn|2\n|\n|t:|1700690272\n|move|p1a: Iron Bundle|Icy Wind|p2a: Gallade|[spread] p2a,p2b\n|-resisted|p2b: Ninetales\n|-damage|p2a: Gallade|52\/100\n|-damage|p2b: Ninetales|70\/100\n|-unboost|p2a: Gallade|spe|1\n|-unboost|p2b: Ninetales|spe|1\n|move|p2b: Ninetales|Aurora Veil|p2b: Ninetales\n|-sidestart|p2: jrod7780|move: Aurora Veil\n|move|p1b: Iron Hands|Rock Slide|p2a: Gallade|[spread] p2a,p2b\n|-resisted|p2a: Gallade\n|-supereffective|p2b: Ninetales\n|-damage|p2a: Gallade|43\/100\n|-damage|p2b: Ninetales|57\/100\n|move|p2a: Gallade|Sacred Sword|p1a: Iron Bundle\n|-supereffective|p1a: Iron Bundle\n|-damage|p1a: Iron Bundle|0 fnt\n|faint|p1a: Iron Bundle\n|-end|p1a: Iron Bundle|Quark Drive|[silent]\n|\n|-weather|Snow|[upkeep]\n|upkeep\n|\n|t:|1700690290\n|switch|p1a: Klefki|Klefki, L50, F|100\/100\n|turn|3\n|\n|t:|1700690317\n|switch|p2a: Landorus|Landorus-Therian, L50, M|100\/100\n|-ability|p2a: Landorus|Intimidate|boost\n|-unboost|p1a: Klefki|atk|1\n|-unboost|p1b: Iron Hands|atk|1\n|move|p1a: Klefki|Light Screen|p1a: Klefki\n|-sidestart|p1: Salivadora|move: Light Screen\n|move|p1b: Iron Hands|Drain Punch|p2b: Ninetales\n|-damage|p2b: Ninetales|47\/100\n|move|p2b: Ninetales|Moonblast|p1b: Iron Hands\n|-supereffective|p1b: Iron Hands\n|-damage|p1b: Iron Hands|76\/100\n|\n|-weather|Snow|[upkeep]\n|upkeep\n|turn|4\n|\n|t:|1700690334\n|-end|p1b: Iron Hands|Quark Drive|[silent]\n|switch|p1b: Moltres|Moltres-Galar, L50|100\/100\n|move|p1a: Klefki|Reflect|p1a: Klefki\n|-sidestart|p1: Salivadora|Reflect\n|move|p2a: Landorus|Brick Break|p1b: Moltres\n|-sideend|p1: Salivadora|Reflect\n|-sideend|p1: Salivadora|move: Light Screen\n|-damage|p1b: Moltres|73\/100\n|move|p2b: Ninetales|Moonblast|p1b: Moltres\n|-supereffective|p1b: Moltres\n|-damage|p1b: Moltres|27\/100\n|-ability|p1b: Moltres|Berserk|boost\n|-boost|p1b: Moltres|spa|1\n|-enditem|p1b: Moltres|Sitrus Berry|[eat]\n|-heal|p1b: Moltres|52\/100|[from] item: Sitrus Berry\n|\n|-weather|Snow|[upkeep]\n|upkeep\n|turn|5\n|l| Raikia\n|\n|t:|1700690365\n|-terastallize|p1b: Moltres|Fairy\n|move|p1a: Klefki|Light Screen|p1a: Klefki\n|-sidestart|p1: Salivadora|move: Light Screen\n|move|p2a: Landorus|Brick Break|p1b: Moltres\n|-sideend|p1: Salivadora|move: Light Screen\n|-resisted|p1b: Moltres\n|-damage|p1b: Moltres|37\/100\n|-ability|p1b: Moltres|Berserk|boost\n|-boost|p1b: Moltres|spa|1\n|move|p1b: Moltres|Fiery Wrath|p2b: Ninetales|[spread] p2a,p2b\n|-resisted|p2b: Ninetales\n|-damage|p2a: Landorus|51\/100\n|-damage|p2b: Ninetales|30\/100\n|move|p2b: Ninetales|Icy Wind|p1b: Moltres|[spread] p1a,p1b\n|-resisted|p1a: Klefki\n|-damage|p1a: Klefki|93\/100\n|-damage|p1b: Moltres|26\/100\n|-unboost|p1a: Klefki|spe|1\n|-unboost|p1b: Moltres|spe|1\n|\n|-weather|none\n|upkeep\n|turn|6\n|\n|t:|1700690389\n|move|p2a: Landorus|Brick Break|p1b: Moltres\n|-resisted|p1b: Moltres\n|-damage|p1b: Moltres|14\/100\n|move|p1b: Moltres|Fiery Wrath|p2a: Landorus|[spread] p2a,p2b\n|-resisted|p2b: Ninetales\n|-damage|p2a: Landorus|7\/100\n|-damage|p2b: Ninetales|11\/100\n|cant|p2b: Ninetales|flinch\n|move|p1a: Klefki|Dazzling Gleam|p2a: Landorus|[spread] p2a,p2b\n|-damage|p2a: Landorus|0 fnt\n|-damage|p2b: Ninetales|0 fnt\n|faint|p2a: Landorus\n|faint|p2b: Ninetales\n|\n|upkeep\n|\n|t:|1700690401\n|switch|p2b: Volcarona|Volcarona, L50, F|100\/100\n|switch|p2a: Gallade|Gallade, L50, M|43\/100\n|turn|7\n|\n|t:|1700690421\n|move|p1a: Klefki|Thunder Wave|p2b: Volcarona\n|-status|p2b: Volcarona|par\n|move|p2a: Gallade|Psycho Cut|p1b: Moltres\n|-damage|p1b: Moltres|0 fnt\n|faint|p1b: Moltres\n|move|p2b: Volcarona|Quiver Dance|p2b: Volcarona\n|-boost|p2b: Volcarona|spa|1\n|-boost|p2b: Volcarona|spd|1\n|-boost|p2b: Volcarona|spe|1\n|\n|upkeep\n|j| Huxley187\n|\n|t:|1700690428\n|switch|p1b: Iron Hands|Iron Hands, L50|76\/100\n|turn|8\n|\n|t:|1700690446\n|-terastallize|p2a: Gallade|Ghost\n|move|p1b: Iron Hands|Fake Out|p2b: Volcarona\n|-damage|p2b: Volcarona|91\/100 par\n|move|p1a: Klefki|Light Screen|p1a: Klefki\n|-sidestart|p1: Salivadora|move: Light Screen\n|move|p2a: Gallade|Psycho Cut|p1b: Iron Hands\n|-supereffective|p1b: Iron Hands\n|-damage|p1b: Iron Hands|0 fnt\n|faint|p1b: Iron Hands\n|-end|p1b: Iron Hands|Quark Drive|[silent]\n|cant|p2b: Volcarona|flinch\n|\n|-heal|p2b: Volcarona|97\/100 par|[from] item: Leftovers\n|upkeep\n|turn|9\n|\n|t:|1700690462\n|move|p2a: Gallade|Sacred Sword|p1a: Klefki\n|-damage|p1a: Klefki|23\/100\n|move|p2b: Volcarona|Heat Wave|p1a: Klefki|[miss]\n|-miss|p2b: Volcarona|p1a: Klefki\n|move|p1a: Klefki|Dazzling Gleam|p2a: Gallade|[spread] p2a,p2b\n|-resisted|p2b: Volcarona\n|-damage|p2a: Gallade|30\/100\n|-damage|p2b: Volcarona|93\/100 par\n|\n|-heal|p2b: Volcarona|99\/100 par|[from] item: Leftovers\n|-sideend|p2: jrod7780|move: Aurora Veil\n|upkeep\n|turn|10\n|\n|t:|1700690475\n|move|p1a: Klefki|Thunder Wave|p2a: Gallade\n|-status|p2a: Gallade|par\n|move|p2b: Volcarona|Heat Wave|p1a: Klefki\n|-supereffective|p1a: Klefki\n|-damage|p1a: Klefki|0 fnt\n|faint|p1a: Klefki\n|\n|win|jrod7780\n|inactive|Salivadora has 50 seconds to confirm battle start!\n|inactive|jrod7780 has 50 seconds to confirm battle start!\n|c|&|\/uhtml prompt-jrod7780,jrod7780 is ready for game 3!\n|inactive|Salivadora has 40 seconds to confirm battle start!\n|l| Luckiest Ludicolo\n|c|&|\/uhtml prompt-salivadora,Salivadora is ready for game 3!\nBoth players are ready! Starting next match!\n|l|\u2606Salivadora\n|l| Abused24\n|l| JabsGR\n|l| Huxley187\n","uploadtime":1700690480,"views":26,"p1id":"salivadora","p2id":"jrod7780","formatid":"gen9vgc2023regulatione","rating":0,"private":0,"password":""}