{"id":"gen9vgc2023regulatione-1992999800","p1":"1owercase","p2":"previouslyunnamed","format":"[Gen 9] VGC 2023 Regulation E","log":"|j|\u26061owercase\n|j|\u2606previouslyunnamed\n|t:|1700254175\n|gametype|doubles\n|player|p1|1owercase|flannery|1623\n|player|p2|previouslyunnamed|heroine2-conquest|1638\n|teamsize|p1|6\n|teamsize|p2|6\n|gen|9\n|tier|[Gen 9] VGC 2023 Regulation E\n|rated|\n|rule|Species Clause: Limit one of each Pok\u00e9mon\n|rule|Item Clause: Limit one of each item\n|clearpoke\n|poke|p1|Urshifu-*, L50, F|\n|poke|p1|Farigiraf, L50, M|\n|poke|p1|Clefairy, L50, M|\n|poke|p1|Ogerpon-Hearthflame, L50, F|\n|poke|p1|Ursaluna-Bloodmoon, L50, M|\n|poke|p1|Okidogi, L50, M|\n|poke|p2|Farigiraf, L50, M|\n|poke|p2|Ursaluna, L50, F|\n|poke|p2|Flutter Mane, L50|\n|poke|p2|Heatran, L50, M|\n|poke|p2|Urshifu-*, L50, M|\n|poke|p2|Tornadus, L50, M|\n|teampreview|4\n|inactive|Battle timer is ON: inactive players will automatically lose when time's up. (requested by previouslyunnamed)\n|c|\u2606previouslyunnamed|gl\n1owercase has agreed to open team sheets.\n|c|\u26061owercase|u2\n|c|\u2606previouslyunnamed|lol we were both 1740\n|c|\u2606previouslyunnamed|dropped hard\n|inactive|1owercase has 60 seconds left.\n|inactive|previouslyunnamed has 60 seconds left.\n|\n|t:|1700254224\n|start\n|switch|p1a: Clefairy|Clefairy, L50, M|100\/100\n|switch|p1b: Ogerpon|Ogerpon-Hearthflame, L50, F|100\/100\n|switch|p2a: Tornadus|Tornadus, L50, M, shiny|100\/100\n|switch|p2b: Flutter Mane|Flutter Mane, L50|100\/100\n|-ability|p1b: Ogerpon|Mold Breaker\n|turn|1\n|\n|t:|1700254239\n|-end|p2b: Flutter Mane|Protosynthesis|[silent]\n|switch|p2b: Heatran|Heatran, L50, M|100\/100\n|move|p1b: Ogerpon|Ivy Cudgel|p2b: Heatran|[anim] Ivy Cudgel Fire\n|-damage|p2b: Heatran|46\/100\n|move|p2a: Tornadus|Bleakwind Storm|p1a: Clefairy|[spread] p1a\n|-miss|p2a: Tornadus|p1b: Ogerpon\n|-damage|p1a: Clefairy|70\/100\n|move|p1a: Clefairy|Heal Pulse|p1b: Ogerpon\n|-fail|p1b: Ogerpon|heal\n|\n|upkeep\n|turn|2\n|inactive|1owercase has 30 seconds left.\n|j| oherrodersir\n|inactive|1owercase has 20 seconds left.\n|\n|t:|1700254276\n|move|p2b: Heatran|Protect|p2b: Heatran\n|-singleturn|p2b: Heatran|Protect\n|move|p1b: Ogerpon|Ivy Cudgel|p2b: Heatran|[anim] Ivy Cudgel Fire\n|-activate|p2b: Heatran|move: Protect\n|move|p2a: Tornadus|Bleakwind Storm|p1b: Ogerpon|[spread] p1a,p1b\n|-supereffective|p1b: Ogerpon\n|-damage|p1a: Clefairy|41\/100\n|-damage|p1b: Ogerpon|53\/100\n|-unboost|p1a: Clefairy|spe|1\n|-unboost|p1b: Ogerpon|spe|1\n|move|p1a: Clefairy|Heal Pulse|p1b: Ogerpon\n|-heal|p1b: Ogerpon|100\/100\n|\n|upkeep\n|turn|3\n|\n|t:|1700254295\n|move|p1a: Clefairy|Protect|p1a: Clefairy\n|-singleturn|p1a: Clefairy|Protect\n|move|p2a: Tornadus|Sunny Day|p2a: Tornadus\n|-weather|SunnyDay\n|move|p2b: Heatran|Heat Wave|p1a: Clefairy|[spread] p1b\n|-activate|p1a: Clefairy|move: Protect\n|-damage|p1b: Ogerpon|31\/100\n|-damage|p2b: Heatran|36\/100|[from] item: Life Orb\n|move|p1b: Ogerpon|Ivy Cudgel|p2b: Heatran|[anim] Ivy Cudgel Fire\n|-damage|p2b: Heatran|0 fnt\n|faint|p2b: Heatran\n|\n|-weather|SunnyDay|[upkeep]\n|upkeep\n|\n|t:|1700254305\n|switch|p2b: Flutter Mane|Flutter Mane, L50|100\/100\n|-activate|p2b: Flutter Mane|ability: Protosynthesis\n|-start|p2b: Flutter Mane|protosynthesisspa\n|turn|4\n|inactive|1owercase has 30 seconds left.\n|\n|t:|1700254333\n|move|p1b: Ogerpon|Spiky Shield|p1b: Ogerpon\n|-singleturn|p1b: Ogerpon|move: Protect\n|move|p1a: Clefairy|Protect||[still]\n|-fail|p1a: Clefairy\n|move|p2b: Flutter Mane|Dazzling Gleam|p1b: Ogerpon|[spread] p1a\n|-activate|p1b: Ogerpon|move: Protect\n|-damage|p1a: Clefairy|0 fnt\n|faint|p1a: Clefairy\n|move|p2a: Tornadus|Bleakwind Storm|p1b: Ogerpon\n|-activate|p1b: Ogerpon|move: Protect\n|\n|-weather|SunnyDay|[upkeep]\n|upkeep\n|\n|t:|1700254342\n|switch|p1a: Okidogi|Okidogi, L50, M|100\/100\n|turn|5\n|\n|t:|1700254359\n|switch|p1b: Ursaluna|Ursaluna-Bloodmoon, L50, M|100\/100\n|-terastallize|p2b: Flutter Mane|Fairy\n|-terastallize|p1a: Okidogi|Water\n|move|p2b: Flutter Mane|Dazzling Gleam|p1b: Ursaluna|[spread] p1a,p1b\n|-damage|p1a: Okidogi|50\/100\n|-damage|p1b: Ursaluna|4\/100\n|move|p2a: Tornadus|Bleakwind Storm|p1b: Ursaluna|[spread] p1a,p1b\n|-damage|p1a: Okidogi|30\/100\n|-damage|p1b: Ursaluna|0 fnt\n|-unboost|p1a: Okidogi|spe|1\n|faint|p1b: Ursaluna\n|move|p1a: Okidogi|Poison Jab|p2b: Flutter Mane\n|-supereffective|p2b: Flutter Mane\n|-damage|p2b: Flutter Mane|0 fnt\n|faint|p2b: Flutter Mane\n|-end|p2b: Flutter Mane|Protosynthesis|[silent]\n|\n|-weather|SunnyDay|[upkeep]\n|upkeep\n|\n|t:|1700254374\n|switch|p2b: Ursaluna|Ursaluna, L50, F, shiny|100\/100\n|switch|p1b: Ogerpon|Ogerpon-Hearthflame, L50, F|31\/100\n|-ability|p1b: Ogerpon|Mold Breaker\n|turn|6\n|\n|t:|1700254394\n|move|p2b: Ursaluna|Protect|p2b: Ursaluna\n|-singleturn|p2b: Ursaluna|Protect\n|move|p2a: Tornadus|Tailwind|p2a: Tornadus\n|-sidestart|p2: previouslyunnamed|move: Tailwind\n|move|p1b: Ogerpon|Ivy Cudgel|p2b: Ursaluna|[anim] Ivy Cudgel Fire\n|-activate|p2b: Ursaluna|move: Protect\n|move|p1a: Okidogi|Poison Jab|p2a: Tornadus\n|-damage|p2a: Tornadus|60\/100\n|\n|-weather|SunnyDay|[upkeep]\n|-status|p2b: Ursaluna|brn|[from] item: Flame Orb\n|upkeep\n|turn|7\n|-message|1owercase forfeited.\n|\n|win|previouslyunnamed\n|raw|1owercase's rating: 1623 &rarr; <strong>1604<\/strong><br \/>(-19 for losing)\n|raw|previouslyunnamed's rating: 1638 &rarr; <strong>1657<\/strong><br \/>(+19 for winning)\n|l|\u26061owercase\n","uploadtime":1700254417,"views":10,"p1id":"1owercase","p2id":"previouslyunnamed","formatid":"gen9vgc2023regulatione","rating":1604,"private":0,"password":""}