{"id":"gen9vgc2023regulatione-1993336253","p1":"Solo Kelley","p2":"hjgklm3k","format":"[Gen 9] VGC 2023 Regulation E","log":"|j|\u2606Solo Kelley\n|j|\u2606hjgklm3k\n|t:|1700300935\n|gametype|doubles\n|player|p1|Solo Kelley|pokemonbreederf-gen4|1340\n|player|p2|hjgklm3k|1|1351\n|teamsize|p1|6\n|teamsize|p2|6\n|gen|9\n|tier|[Gen 9] VGC 2023 Regulation E\n|rated|\n|rule|Species Clause: Limit one of each Pok\u00e9mon\n|rule|Item Clause: Limit one of each item\n|clearpoke\n|poke|p1|Shiftry, L50, F|\n|poke|p1|Articuno-Galar, L50|\n|poke|p1|Mimikyu, L50, F|\n|poke|p1|Greninja-*, L50, M|\n|poke|p1|Iron Hands, L50|\n|poke|p1|Sableye, L50, F|\n|poke|p2|Tornadus, L50, M|\n|poke|p2|Ogerpon-Hearthflame, L50, F|\n|poke|p2|Flutter Mane, L50|\n|poke|p2|Dragonite, L50, F|\n|poke|p2|Chi-Yu, L50|\n|poke|p2|Iron Bundle, L50|\n|teampreview|4\n|\n|t:|1700300952\n|start\n|switch|p1a: Iron Hands|Iron Hands, L50|100\/100\n|switch|p1b: Sableye|Sableye, L50, F|100\/100\n|switch|p2a: Flutter Mane|Flutter Mane, L50|100\/100\n|switch|p2b: Chi-Yu|Chi-Yu, L50|100\/100\n|-ability|p2b: Chi-Yu|Beads of Ruin\n|turn|1\n|\n|t:|1700300980\n|-end|p2a: Flutter Mane|Protosynthesis|[silent]\n|switch|p2a: Ogerpon|Ogerpon-Hearthflame, L50, F|100\/100\n|-ability|p2a: Ogerpon|Mold Breaker\n|move|p1b: Sableye|Quash||[still]\n|-fail|p1b: Sableye\n|move|p2b: Chi-Yu|Heat Wave|p1a: Iron Hands|[spread] p1a,p1b\n|-damage|p1a: Iron Hands|63\/100\n|-damage|p1b: Sableye|0 fnt\n|faint|p1b: Sableye\n|-damage|p2b: Chi-Yu|90\/100|[from] item: Life Orb\n|move|p1a: Iron Hands|Heavy Slam|p2a: Ogerpon\n|-resisted|p2a: Ogerpon\n|-damage|p2a: Ogerpon|66\/100\n|\n|upkeep\n|\n|t:|1700300997\n|switch|p1b: Shiftry|Shiftry, L50, F|100\/100\n|turn|2\n|\n|t:|1700301010\n|switch|p2b: Dragonite|Dragonite, L50, F|100\/100\n|-terastallize|p1b: Shiftry|Poison\n|move|p2a: Ogerpon|Spiky Shield|p2a: Ogerpon\n|-singleturn|p2a: Ogerpon|move: Protect\n|move|p1b: Shiftry|Tailwind|p1b: Shiftry\n|-sidestart|p1: Solo Kelley|move: Tailwind\n|-ability|p1b: Shiftry|Wind Rider|boost\n|-boost|p1b: Shiftry|atk|1\n|move|p1a: Iron Hands|Drain Punch|p2a: Ogerpon\n|-activate|p2a: Ogerpon|move: Protect\n|-damage|p1a: Iron Hands|50\/100|[from] Spiky Shield|[of] p2a: Ogerpon\n|\n|upkeep\n|turn|3\n|\n|t:|1700301038\n|switch|p2a: Flutter Mane|Flutter Mane, L50|100\/100\n|move|p2b: Dragonite|Extreme Speed|p1b: Shiftry\n|-damage|p1b: Shiftry|31\/100\n|move|p1b: Shiftry|Knock Off|p2b: Dragonite\n|-damage|p2b: Dragonite|38\/100\n|-enditem|p2b: Dragonite|Choice Band|[from] move: Knock Off|[of] p1b: Shiftry\n|move|p1a: Iron Hands|Thunder Punch|p2a: Flutter Mane\n|-damage|p2a: Flutter Mane|13\/100\n|\n|upkeep\n|turn|4\n|\n|t:|1700301059\n|move|p2b: Dragonite|Extreme Speed|p1b: Shiftry\n|-damage|p1b: Shiftry|0 fnt\n|faint|p1b: Shiftry\n|move|p2a: Flutter Mane|Moonblast|p1a: Iron Hands\n|-supereffective|p1a: Iron Hands\n|-damage|p1a: Iron Hands|0 fnt\n|faint|p1a: Iron Hands\n|-end|p1a: Iron Hands|Quark Drive|[silent]\n|\n|upkeep\n|\n|t:|1700301068\n|switch|p1b: Articuno|Articuno-Galar, L50|100\/100\n|turn|5\n|\n|t:|1700301076\n|move|p2b: Dragonite|Extreme Speed|p1b: Articuno\n|-damage|p1b: Articuno|66\/100\n|move|p1b: Articuno|Freezing Glare|p2a: Flutter Mane\n|-damage|p2a: Flutter Mane|0 fnt\n|faint|p2a: Flutter Mane\n|-end|p2a: Flutter Mane|Protosynthesis|[silent]\n|\n|-sideend|p1: Solo Kelley|move: Tailwind\n|upkeep\n|\n|t:|1700301081\n|switch|p2a: Chi-Yu|Chi-Yu, L50|90\/100\n|-ability|p2a: Chi-Yu|Beads of Ruin\n|turn|6\n|-message|Solo Kelley forfeited.\n|\n|win|hjgklm3k\n|raw|Solo Kelley's rating: 1340 &rarr; <strong>1321<\/strong><br \/>(-19 for losing)\n|raw|hjgklm3k's rating: 1351 &rarr; <strong>1370<\/strong><br \/>(+19 for winning)\n|l|\u2606Solo Kelley\n","uploadtime":1700301091,"views":7,"p1id":"solokelley","p2id":"hjgklm3k","formatid":"gen9vgc2023regulatione","rating":1321,"private":0,"password":""}