{"id":"gen9vgc2023regulatione-1988332795","p1":"enzogutsilva","p2":"Ningolland","format":"[Gen 9] VGC 2023 Regulation E","log":"|j|\u2606enzogutsilva\n|j|\u2606Ningolland\n|t:|1699709930\n|gametype|doubles\n|player|p1|enzogutsilva|170|1048\n|player|p2|Ningolland|fisherman-gen4|1144\n|teamsize|p1|6\n|teamsize|p2|6\n|gen|9\n|tier|[Gen 9] VGC 2023 Regulation E\n|rated|\n|rule|Species Clause: Limit one of each Pok\u00e9mon\n|rule|Item Clause: Limit one of each item\n|clearpoke\n|poke|p1|Dragapult, L50, F|\n|poke|p1|Greninja-*, L50, M|\n|poke|p1|Krookodile, L50, M|\n|poke|p1|Houndoom, L50, M|\n|poke|p1|Fletchinder, L50, M|\n|poke|p1|Snorlax, L50, M|\n|poke|p2|Toxtricity, L50, M|\n|poke|p2|Thundurus, L50, M|\n|poke|p2|Iron Hands, L50|\n|poke|p2|Raichu-Alola, L50, M|\n|poke|p2|Dragonite, L50, M|\n|poke|p2|Iron Valiant, L50|\n|teampreview|4\n|\n|t:|1699709964\n|start\n|switch|p1a: Fletchinder|Fletchinder, L50, M, shiny|100\/100\n|switch|p1b: Greninja|Greninja, L50, M, shiny|100\/100\n|switch|p2a: Raichu|Raichu-Alola, L50, M|100\/100\n|switch|p2b: Iron Valiant|Iron Valiant, L50|100\/100\n|-enditem|p2b: Iron Valiant|Booster Energy\n|-activate|p2b: Iron Valiant|ability: Quark Drive|[fromitem]\n|-start|p2b: Iron Valiant|quarkdrivedef\n|turn|1\n|\n|t:|1699709990\n|move|p2a: Raichu|Fake Out|p1b: Greninja\n|-damage|p1b: Greninja|89\/100\n|move|p1a: Fletchinder|Tailwind|p1a: Fletchinder\n|-sidestart|p1: enzogutsilva|move: Tailwind\n|cant|p1b: Greninja|flinch\n|move|p2b: Iron Valiant|Dazzling Gleam|p1b: Greninja|[spread] p1a,p1b\n|-resisted|p1a: Fletchinder\n|-supereffective|p1b: Greninja\n|-damage|p1a: Fletchinder|86\/100\n|-damage|p1b: Greninja|15\/100\n|\n|upkeep\n|turn|2\n|\n|t:|1699710009\n|move|p1b: Greninja|Toxic Spikes|p2a: Raichu\n|-start|p1b: Greninja|typechange|Poison|[from] ability: Protean\n|-sidestart|p2: Ningolland|move: Toxic Spikes\n|move|p1a: Fletchinder|Will-O-Wisp|p2b: Iron Valiant\n|-status|p2b: Iron Valiant|brn\n|move|p2a: Raichu|Electro Ball|p1b: Greninja\n|-damage|p1b: Greninja|0 fnt\n|faint|p1b: Greninja\n|move|p2b: Iron Valiant|Electric Terrain|p2b: Iron Valiant\n|-fieldstart|move: Electric Terrain\n|\n|-damage|p2b: Iron Valiant|94\/100 brn|[from] brn\n|upkeep\n|\n|t:|1699710022\n|switch|p1b: Krookodile|Krookodile, L50, M|100\/100\n|turn|3\n|\n|t:|1699710036\n|-terastallize|p2a: Raichu|Fairy\n|move|p2a: Raichu|Draining Kiss|p1b: Krookodile\n|-supereffective|p1b: Krookodile\n|-damage|p1b: Krookodile|33\/100\n|move|p1b: Krookodile|Earthquake|p2a: Raichu|[spread] p2a,p2b\n|-immune|p1a: Fletchinder\n|-enditem|p2a: Raichu|Focus Sash\n|-damage|p2a: Raichu|1\/100\n|-damage|p2b: Iron Valiant|61\/100 brn\n|move|p1a: Fletchinder|Flare Blitz|p2b: Iron Valiant\n|-damage|p2b: Iron Valiant|41\/100 brn\n|-damage|p1a: Fletchinder|79\/100|[from] Recoil\n|move|p2b: Iron Valiant|Taunt|p1a: Fletchinder\n|-start|p1a: Fletchinder|move: Taunt\n|\n|-damage|p2b: Iron Valiant|35\/100 brn|[from] brn\n|upkeep\n|turn|4\n|\n|t:|1699710069\n|move|p2b: Iron Valiant|Protect|p2b: Iron Valiant\n|-singleturn|p2b: Iron Valiant|Protect\n|move|p2a: Raichu|Draining Kiss|p1b: Krookodile\n|-supereffective|p1b: Krookodile\n|-damage|p1b: Krookodile|0 fnt\n|-heal|p2a: Raichu|30\/100|[from] drain|[of] p1b: Krookodile\n|faint|p1b: Krookodile\n|move|p1a: Fletchinder|Flare Blitz|p2b: Iron Valiant\n|-activate|p2b: Iron Valiant|move: Protect\n|\n|-damage|p2b: Iron Valiant|29\/100 brn|[from] brn\n|-sideend|p1: enzogutsilva|move: Tailwind\n|upkeep\n|\n|t:|1699710075\n|switch|p1b: Snorlax|Snorlax, L50, M|100\/100\n|turn|5\n|\n|t:|1699710088\n|-end|p2b: Iron Valiant|Quark Drive|[silent]\n|switch|p2b: Iron Hands|Iron Hands, L50|100\/100\n|-status|p2b: Iron Hands|psn\n|-activate|p2b: Iron Hands|ability: Quark Drive\n|-start|p2b: Iron Hands|quarkdriveatk\n|move|p2a: Raichu|Electro Ball|p1a: Fletchinder\n|-supereffective|p1a: Fletchinder\n|-damage|p1a: Fletchinder|0 fnt\n|faint|p1a: Fletchinder\n|move|p1b: Snorlax|Earthquake|p2b: Iron Hands|[spread] p2a,p2b\n|-supereffective|p2b: Iron Hands\n|-damage|p2a: Raichu|0 fnt\n|-damage|p2b: Iron Hands|67\/100 psn\n|faint|p2a: Raichu\n|\n|-damage|p2b: Iron Hands|54\/100 psn|[from] psn\n|upkeep\n|\n|t:|1699710115\n|switch|p2a: Toxtricity|Toxtricity, L50, M|100\/100\n|-sideend|p2: Ningolland|move: Toxic Spikes|[of] p2a: Toxtricity\n|-enditem|p2a: Toxtricity|Electric Seed\n|-boost|p2a: Toxtricity|def|1|[from] item: Electric Seed\n|turn|6\n|\n|t:|1699710130\n|move|p2a: Toxtricity|Overdrive|p1b: Snorlax\n|-damage|p1b: Snorlax|72\/100\n|move|p2b: Iron Hands|Drain Punch|p1b: Snorlax\n|-supereffective|p1b: Snorlax\n|-damage|p1b: Snorlax|0 fnt\n|-heal|p2b: Iron Hands|94\/100 psn|[from] drain|[of] p1b: Snorlax\n|faint|p1b: Snorlax\n|\n|win|Ningolland\n|raw|enzogutsilva's rating: 1048 &rarr; <strong>1035<\/strong><br \/>(-13 for losing)\n|raw|Ningolland's rating: 1144 &rarr; <strong>1162<\/strong><br \/>(+18 for winning)\n","uploadtime":1699710142,"views":41,"p1id":"enzogutsilva","p2id":"ningolland","formatid":"gen9vgc2023regulatione","rating":1035,"private":0,"password":""}