{"id":"gen9vgc2023regulatione-1995052212","p1":"ApoVGC","p2":"trelorockas","format":"[Gen 9] VGC 2023 Regulation E","log":"|j|\u2606ApoVGC\n|j|\u2606trelorockas\n|t:|1700517395\n|gametype|doubles\n|player|p1|ApoVGC|169|1380\n|player|p2|trelorockas|lucas|1440\n|teamsize|p1|6\n|teamsize|p2|6\n|gen|9\n|tier|[Gen 9] VGC 2023 Regulation E\n|rated|\n|rule|Species Clause: Limit one of each Pok\u00e9mon\n|rule|Item Clause: Limit one of each item\n|clearpoke\n|poke|p1|Garchomp, L50, M|\n|poke|p1|Kommo-o, L50, F|\n|poke|p1|Dragapult, L50, M|\n|poke|p1|Goodra-Hisui, L50, F|\n|poke|p1|Tatsugiri, L50, F|\n|poke|p1|Roaring Moon, L50|\n|poke|p2|Garchomp, L50, F|\n|poke|p2|Kingambit, L50, M|\n|poke|p2|Arcanine-Hisui, L50, F|\n|poke|p2|Flutter Mane, L50|\n|poke|p2|Tornadus, L50, M|\n|poke|p2|Ogerpon-Wellspring, L50, F|\n|teampreview|4\n|inactive|Battle timer is ON: inactive players will automatically lose when time's up. (requested by trelorockas)\n|inactive|trelorockas has 60 seconds left.\n|\n|t:|1700517440\n|start\n|switch|p1a: Roaring Moon|Roaring Moon, L50|100\/100\n|switch|p1b: Goodra|Goodra-Hisui, L50, F|100\/100\n|switch|p2a: Tornadus|Tornadus, L50, M|100\/100\n|switch|p2b: Kingambit|Kingambit, L50, M|100\/100\n|-enditem|p1a: Roaring Moon|Booster Energy\n|-activate|p1a: Roaring Moon|ability: Protosynthesis|[fromitem]\n|-start|p1a: Roaring Moon|protosynthesisspe\n|turn|1\n|\n|t:|1700517455\n|move|p1a: Roaring Moon|Tailwind|p1a: Roaring Moon\n|-sidestart|p1: ApoVGC|move: Tailwind\n|move|p1b: Goodra|Acid Armor|p1b: Goodra\n|-boost|p1b: Goodra|def|2\n|move|p2a: Tornadus|Bleakwind Storm|p1a: Roaring Moon|[spread] p1a,p1b\n|-resisted|p1b: Goodra\n|-damage|p1a: Roaring Moon|67\/100\n|-damage|p1b: Goodra|89\/100\n|move|p2b: Kingambit|Low Kick|p1a: Roaring Moon\n|-supereffective|p1a: Roaring Moon\n|-damage|p1a: Roaring Moon|0 fnt\n|faint|p1a: Roaring Moon\n|-end|p1a: Roaring Moon|Protosynthesis|[silent]\n|\n|-heal|p1b: Goodra|95\/100|[from] item: Leftovers\n|upkeep\n|\n|t:|1700517468\n|switch|p1a: Garchomp|Garchomp, L50, M|100\/100\n|turn|2\n|\n|t:|1700517478\n|move|p2a: Tornadus|Taunt|p1b: Goodra\n|-start|p1b: Goodra|move: Taunt\n|move|p1a: Garchomp|Swords Dance|p1a: Garchomp\n|-boost|p1a: Garchomp|atk|2\n|cant|p1b: Goodra|move: Taunt|Acid Armor\n|move|p2b: Kingambit|Low Kick|p1b: Goodra\n|-supereffective|p1b: Goodra\n|-damage|p1b: Goodra|62\/100\n|\n|-heal|p1b: Goodra|68\/100|[from] item: Leftovers\n|upkeep\n|turn|3\n|inactive|ApoVGC has 30 seconds left.\n|inactive|trelorockas has 30 seconds left.\n|\n|t:|1700517511\n|move|p2a: Tornadus|Tailwind|p2a: Tornadus\n|-sidestart|p2: trelorockas|move: Tailwind\n|move|p1a: Garchomp|Rock Slide|p2b: Kingambit|[spread] p2a,p2b\n|-supereffective|p2a: Tornadus\n|-resisted|p2b: Kingambit\n|-damage|p2a: Tornadus|0 fnt\n|-damage|p2b: Kingambit|86\/100\n|faint|p2a: Tornadus\n|move|p1b: Goodra|Body Press|p2b: Kingambit\n|-supereffective|p2b: Kingambit\n|-damage|p2b: Kingambit|0 fnt\n|faint|p2b: Kingambit\n|\n|-heal|p1b: Goodra|74\/100|[from] item: Leftovers\n|upkeep\n|\n|t:|1700517522\n|switch|p2a: Garchomp|Garchomp, L50, F|100\/100\n|switch|p2b: Flutter Mane|Flutter Mane, L50|100\/100\n|-enditem|p2b: Flutter Mane|Booster Energy\n|-activate|p2b: Flutter Mane|ability: Protosynthesis|[fromitem]\n|-start|p2b: Flutter Mane|protosynthesisspe\n|turn|4\n|inactive|trelorockas has 30 seconds left.\n|\n|t:|1700517553\n|-terastallize|p1b: Goodra|Fairy\n|move|p2b: Flutter Mane|Protect|p2b: Flutter Mane\n|-singleturn|p2b: Flutter Mane|Protect\n|move|p1a: Garchomp|Protect|p1a: Garchomp\n|-singleturn|p1a: Garchomp|Protect\n|move|p2a: Garchomp|Swords Dance|p2a: Garchomp\n|-boost|p2a: Garchomp|atk|2\n|move|p1b: Goodra|Heavy Slam|p2b: Flutter Mane\n|-activate|p2b: Flutter Mane|move: Protect\n|\n|-heal|p1b: Goodra|80\/100|[from] item: Leftovers\n|-end|p1b: Goodra|move: Taunt\n|-sideend|p1: ApoVGC|move: Tailwind\n|upkeep\n|turn|5\n|inactive|ApoVGC has 30 seconds left.\n|inactive|trelorockas has 30 seconds left.\n|\n|t:|1700517584\n|move|p1b: Goodra|Protect|p1b: Goodra\n|-singleturn|p1b: Goodra|Protect\n|move|p2b: Flutter Mane|Dazzling Gleam|p1b: Goodra|[spread] p1a\n|-activate|p1b: Goodra|move: Protect\n|-supereffective|p1a: Garchomp\n|-damage|p1a: Garchomp|19\/100\n|move|p2a: Garchomp|Dragon Claw|p1a: Garchomp\n|-supereffective|p1a: Garchomp\n|-damage|p1a: Garchomp|0 fnt\n|-damage|p2a: Garchomp|88\/100|[from] ability: Rough Skin|[of] p1a: Garchomp\n|faint|p1a: Garchomp\n|\n|-heal|p1b: Goodra|86\/100|[from] item: Leftovers\n|upkeep\n|\n|t:|1700517600\n|switch|p1a: Tatsugiri|Tatsugiri, L50, F|100\/100\n|turn|6\n|inactive|ApoVGC has 30 seconds left.\n|\n|t:|1700517630\n|move|p2b: Flutter Mane|Protect|p2b: Flutter Mane\n|-singleturn|p2b: Flutter Mane|Protect\n|move|p2a: Garchomp|Earthquake|p1a: Tatsugiri|[spread] p1a,p1b\n|-activate|p2b: Flutter Mane|move: Protect\n|-enditem|p1a: Tatsugiri|Focus Sash\n|-damage|p1a: Tatsugiri|1\/100\n|-damage|p1b: Goodra|58\/100\n|move|p1a: Tatsugiri|Icy Wind|p2a: Garchomp|[spread] p2a\n|-activate|p2b: Flutter Mane|move: Protect\n|-supereffective|p2a: Garchomp\n|-damage|p2a: Garchomp|23\/100\n|-unboost|p2a: Garchomp|spe|1\n|-enditem|p2a: Garchomp|Sitrus Berry|[eat]\n|-heal|p2a: Garchomp|47\/100|[from] item: Sitrus Berry\n|move|p1b: Goodra|Heavy Slam|p2b: Flutter Mane\n|-activate|p2b: Flutter Mane|move: Protect\n|\n|-heal|p1b: Goodra|64\/100|[from] item: Leftovers\n|-sideend|p2: trelorockas|move: Tailwind\n|upkeep\n|turn|7\n|inactive|trelorockas has 30 seconds left.\n|inactive|trelorockas has 20 seconds left.\n|inactive|trelorockas has 15 seconds left.\n|inactive|trelorockas has 10 seconds left.\n|\n|t:|1700517678\n|move|p1a: Tatsugiri|Protect|p1a: Tatsugiri\n|-singleturn|p1a: Tatsugiri|Protect\n|move|p2b: Flutter Mane|Dazzling Gleam|p1a: Tatsugiri|[spread] p1b\n|-activate|p1a: Tatsugiri|move: Protect\n|-damage|p1b: Goodra|45\/100\n|move|p2a: Garchomp|Swords Dance|p2a: Garchomp\n|-boost|p2a: Garchomp|atk|2\n|move|p1b: Goodra|Heavy Slam|p2b: Flutter Mane\n|-supereffective|p2b: Flutter Mane\n|-damage|p2b: Flutter Mane|0 fnt\n|faint|p2b: Flutter Mane\n|-end|p2b: Flutter Mane|Protosynthesis|[silent]\n|\n|-heal|p1b: Goodra|51\/100|[from] item: Leftovers\n|upkeep\n|turn|8\n|inactive|ApoVGC has 30 seconds left.\n|\n|t:|1700517707\n|-terastallize|p2a: Garchomp|Fire\n|move|p1a: Tatsugiri|Dragon Pulse|p2a: Garchomp\n|-damage|p2a: Garchomp|3\/100\n|move|p2a: Garchomp|Earthquake|p1b: Goodra|[spread] p1a,p1b\n|-damage|p1a: Tatsugiri|0 fnt\n|-damage|p1b: Goodra|6\/100\n|faint|p1a: Tatsugiri\n|move|p1b: Goodra|Body Press|p2a: Garchomp\n|-damage|p2a: Garchomp|0 fnt\n|-damage|p1b: Goodra|0 fnt|[from] ability: Rough Skin|[of] p2a: Garchomp\n|faint|p2a: Garchomp\n|faint|p1b: Goodra\n|\n|win|ApoVGC\n|raw|ApoVGC's rating: 1380 &rarr; <strong>1403<\/strong><br \/>(+23 for winning)\n|raw|trelorockas's rating: 1440 &rarr; <strong>1417<\/strong><br \/>(-23 for losing)\n|l|\u2606trelorockas\n","uploadtime":1700517884,"views":23,"p1id":"apovgc","p2id":"trelorockas","formatid":"gen9vgc2023regulatione","rating":1403,"private":0,"password":""}