{"id":"gen9vgc2023regulatione-1988492736","p1":"Vengeful potato","p2":"ButterisBetter","format":"[Gen 9] VGC 2023 Regulation E","log":"|j|\u2606Vengeful potato\n|j|\u2606ButterisBetter\n|t:|1699728792\n|gametype|doubles\n|player|p1|Vengeful potato|swimmer|1361\n|player|p2|ButterisBetter|169|1281\n|teamsize|p1|4\n|teamsize|p2|6\n|gen|9\n|tier|[Gen 9] VGC 2023 Regulation E\n|rated|\n|rule|Species Clause: Limit one of each Pok\u00e9mon\n|rule|Item Clause: Limit one of each item\n|clearpoke\n|poke|p1|Articuno-Galar, L50|\n|poke|p1|Maushold, L50|\n|poke|p1|Decidueye-Hisui, L50, M|\n|poke|p1|Stonjourner, L50, F|\n|poke|p2|Iron Moth, L50|\n|poke|p2|Annihilape, L50, M|\n|poke|p2|Ursaluna-Bloodmoon, L50, M|\n|poke|p2|Dragapult, L50, M|\n|poke|p2|Iron Hands, L50|\n|poke|p2|Lilligant-Hisui, L50, F|\n|teampreview|4\nButterisBetter has agreed to open team sheets.\nVengeful potato has agreed to open team sheets.\n|\n|t:|1699728826\n|start\n|switch|p1a: The Rizzler\ud83d\ude0e|Articuno-Galar, L50, shiny|100\/100\n|switch|p1b: Robin DaBank|Decidueye-Hisui, L50, M, shiny|100\/100\n|switch|p2a: Dragapult|Dragapult, L50, M|100\/100\n|switch|p2b: Iron Moth|Iron Moth, L50|100\/100\n|-enditem|p2b: Iron Moth|Booster Energy\n|-activate|p2b: Iron Moth|ability: Quark Drive|[fromitem]\n|-start|p2b: Iron Moth|quarkdrivespa\n|turn|1\n|\n|t:|1699728852\n|-terastallize|p1b: Robin DaBank|Fire\n|move|p2a: Dragapult|Light Screen|p2a: Dragapult\n|-sidestart|p2: ButterisBetter|move: Light Screen\n|move|p2b: Iron Moth|Heat Wave|p1b: Robin DaBank|[spread] p1b\n|-miss|p2b: Iron Moth|p1a: The Rizzler\ud83d\ude0e\n|-resisted|p1b: Robin DaBank\n|-damage|p1b: Robin DaBank|74\/100\n|move|p1a: The Rizzler\ud83d\ude0e|Tailwind|p1a: The Rizzler\ud83d\ude0e\n|-sidestart|p1: Vengeful potato|move: Tailwind\n|move|p1b: Robin DaBank|Swords Dance|p1b: Robin DaBank\n|-boost|p1b: Robin DaBank|atk|2\n|\n|upkeep\n|turn|2\n|\n|t:|1699728861\n|move|p1a: The Rizzler\ud83d\ude0e|Freezing Glare|p2b: Iron Moth\n|-supereffective|p2b: Iron Moth\n|-damage|p2b: Iron Moth|38\/100\n|move|p2a: Dragapult|Reflect|p2a: Dragapult\n|-sidestart|p2: ButterisBetter|Reflect\n|move|p1b: Robin DaBank|Triple Arrows|p2a: Dragapult\n|-damage|p2a: Dragapult|35\/100\n|-unboost|p2a: Dragapult|def|1\n|move|p2b: Iron Moth|Heat Wave|p1b: Robin DaBank|[spread] p1a,p1b\n|-resisted|p1b: Robin DaBank\n|-damage|p1a: The Rizzler\ud83d\ude0e|57\/100\n|-damage|p1b: Robin DaBank|49\/100\n|\n|upkeep\n|turn|3\n|\n|t:|1699728890\n|move|p2b: Iron Moth|Protect|p2b: Iron Moth\n|-singleturn|p2b: Iron Moth|Protect\n|move|p1a: The Rizzler\ud83d\ude0e|Freezing Glare|p2b: Iron Moth\n|-activate|p2b: Iron Moth|move: Protect\n|move|p2a: Dragapult|Will-O-Wisp|p1a: The Rizzler\ud83d\ude0e|[miss]\n|-miss|p2a: Dragapult|p1a: The Rizzler\ud83d\ude0e\n|move|p1b: Robin DaBank|Triple Arrows|p2a: Dragapult\n|-damage|p2a: Dragapult|0 fnt\n|faint|p2a: Dragapult\n|\n|upkeep\n|\n|t:|1699728898\n|switch|p2a: Ursaluna|Ursaluna-Bloodmoon, L50, M|100\/100\n|turn|4\n|\n|t:|1699728908\n|move|p1a: The Rizzler\ud83d\ude0e|Freezing Glare|p2b: Iron Moth\n|-supereffective|p2b: Iron Moth\n|-damage|p2b: Iron Moth|0 fnt\n|faint|p2b: Iron Moth\n|-end|p2b: Iron Moth|Quark Drive|[silent]\n|move|p1b: Robin DaBank|Triple Arrows|p2a: Ursaluna\n|-supereffective|p2a: Ursaluna\n|-damage|p2a: Ursaluna|24\/100\n|move|p2a: Ursaluna|Earth Power|p1b: Robin DaBank\n|-supereffective|p1b: Robin DaBank\n|-damage|p1b: Robin DaBank|0 fnt\n|faint|p1b: Robin DaBank\n|\n|-heal|p2a: Ursaluna|30\/100|[from] item: Leftovers\n|-sideend|p1: Vengeful potato|move: Tailwind\n|upkeep\n|\n|t:|1699728920\n|switch|p2b: Annihilape|Annihilape, L50, M|100\/100\n|switch|p1b: Despereaux|Maushold, L50, shiny|100\/100\n|turn|5\n|\n|t:|1699728951\n|-terastallize|p2b: Annihilape|Steel\n|move|p1b: Despereaux|Super Fang|p2a: Ursaluna\n|-damage|p2a: Ursaluna|15\/100\n|move|p1a: The Rizzler\ud83d\ude0e|Freezing Glare|p2a: Ursaluna\n|-damage|p2a: Ursaluna|0 fnt\n|faint|p2a: Ursaluna\n|move|p2b: Annihilape|Drain Punch|p1b: Despereaux\n|-supereffective|p1b: Despereaux\n|-damage|p1b: Despereaux|29\/100\n|-damage|p2b: Annihilape|84\/100|[from] item: Rocky Helmet|[of] p1b: Despereaux\n|\n|upkeep\n|turn|6\n|\n|t:|1699728967\n|move|p1b: Despereaux|Super Fang|p2b: Annihilape\n|-damage|p2b: Annihilape|42\/100\n|move|p1a: The Rizzler\ud83d\ude0e|Tailwind|p1a: The Rizzler\ud83d\ude0e\n|-sidestart|p1: Vengeful potato|move: Tailwind\n|move|p2b: Annihilape|Rage Fist|p1a: The Rizzler\ud83d\ude0e\n|-supereffective|p1a: The Rizzler\ud83d\ude0e\n|-damage|p1a: The Rizzler\ud83d\ude0e|0 fnt\n|faint|p1a: The Rizzler\ud83d\ude0e\n|\n|upkeep\n|\n|t:|1699728969\n|switch|p1a: Best Rock|Stonjourner, L50, F, shiny|100\/100\n|turn|7\n|\n|t:|1699728973\n|move|p1b: Despereaux|Follow Me|p1b: Despereaux\n|-singleturn|p1b: Despereaux|move: Follow Me\n|move|p1a: Best Rock|Heat Crash|p2b: Annihilape\n|-supereffective|p2b: Annihilape\n|-damage|p2b: Annihilape|0 fnt\n|faint|p2b: Annihilape\n|\n|win|Vengeful potato\n|raw|Vengeful potato's rating: 1361 &rarr; <strong>1376<\/strong><br \/>(+15 for winning)\n|raw|ButterisBetter's rating: 1281 &rarr; <strong>1262<\/strong><br \/>(-19 for losing)\n|l|\u2606ButterisBetter\n|c|\u2606Vengeful potato|Gg\n","uploadtime":1699728989,"views":10,"p1id":"vengefulpotato","p2id":"butterisbetter","formatid":"gen9vgc2023regulatione","rating":1262,"private":0,"password":""}