{"id":"gen9vgc2023regulatione-1989074043","p1":"David Krow","p2":"ilovenons","format":"[Gen 9] VGC 2023 Regulation E","log":"|j|\u2606David Krow\n|j|\u2606ilovenons\n|n|\u2606David Krow|davidkrow\n|n|\u2606ilovenons|ilovenons\n|html|View the match progress at <a href=\"\/game-bestof3-gen9vgc2023regulatione-1989074042\">game-bestof3-gen9vgc2023regulatione-1989074042<\/a>\n|t:|1699809330\n|gametype|doubles\n|player|p1|David Krow|gambler|\n|player|p2|ilovenons|102|\n|teamsize|p1|6\n|teamsize|p2|6\n|gen|9\n|tier|[Gen 9] VGC 2023 Regulation E\n|rule|Species Clause: Limit one of each Pok\u00e9mon\n|rule|Item Clause: Limit one of each item\n|clearpoke\n|poke|p1|Sinistcha-Masterpiece, L50|\n|poke|p1|Gholdengo, L50|\n|poke|p1|Gliscor, L50, F|\n|poke|p1|Brambleghast, L50, M|\n|poke|p1|Dragonite, L50, F|\n|poke|p1|Dugtrio, L50, F|\n|poke|p2|Floatzel, L50, M|\n|poke|p2|Staraptor, L50, F|\n|poke|p2|Garchomp, L50, F|\n|poke|p2|Lucario, L50, M|\n|poke|p2|Luxray, L50, F|\n|poke|p2|Infernape, L50, M|\n|teampreview|4\n|inactive|Battle timer is ON: inactive players will automatically lose when time's up. (requested by David Krow)\n|inactiveoff|Battle timer is now OFF.\nDavid Krow has agreed to open team sheets.\nilovenons has agreed to open team sheets.\n|showteam|p1|Sinistcha-Masterpiece||Leftovers|Hospitality|CalmMind,MatchaGotcha,Scald,StrengthSap||||||50|,,,,,Steel]Gholdengo||MirrorHerb|GoodasGold|Protect,DazzlingGleam,MakeItRain,Recover||||||50|,,,,,Steel]Gliscor||ToxicOrb|PoisonHeal|Protect,Earthquake,Tailwind,Uturn|||F|||50|,,,,,Fairy]Brambleghast||LifeOrb|WindRider|Poltergeist,SeedBomb,StrengthSap,Protect|||M|||50|,,,,,Ghost]Dragonite||AssaultVest|Multiscale|DragonTail,ExtremeSpeed,LowKick,IronHead|||F|||50|,,,,,Steel]Dugtrio||FocusSash|ArenaTrap|Earthquake,RockSlide,SuckerPunch,HelpingHand|||F|||50|,,,,,Ground\n|showteam|p2|Floatzel||MysticWater|SwiftSwim|AquaJet,WaveCrash,IceSpinner,Protect|||M|||50|,,,,,Water]Staraptor||ChoiceScarf|Intimidate|FinalGambit,Uturn,BraveBird,CloseCombat|||F|||50|,,,,,Ghost]Garchomp||ClearAmulet|RoughSkin|SwordsDance,Earthquake,DragonClaw,Protect|||F|||50|,,,,,Ground]Lucario||AssaultVest|InnerFocus|AuraSphere,FlashCannon,DragonPulse,VacuumWave|||M|||50|,,,,,Fairy]Luxray||SitrusBerry|Intimidate|TeraBlast,PsychicFangs,WildCharge,Protect|||F|||50|,,,,,Flying]Infernape||FocusSash|Blaze|Protect,HeatWave,FakeOut,AuraSphere|||M|||50|,,,,,Water\n|\n|t:|1699809381\n|start\n|switch|p1a: Surface Lie|Dugtrio, L50, F|100\/100\n|switch|p1b: Russian Spy|Gliscor, L50, F|100\/100\n|switch|p2a: Crimson Planet|Infernape, L50, M|100\/100\n|switch|p2b: Redstone Ready|Luxray, L50, F|100\/100\n|-ability|p2b: Redstone Ready|Intimidate|boost\n|-unboost|p1a: Surface Lie|atk|1\n|-unboost|p1b: Russian Spy|atk|1\n|turn|1\n|\n|t:|1699809459\n|move|p2a: Crimson Planet|Fake Out|p1a: Surface Lie\n|-damage|p1a: Surface Lie|78\/100\n|cant|p1a: Surface Lie|flinch\n|move|p1b: Russian Spy|Tailwind|p1b: Russian Spy\n|-sidestart|p1: David Krow|move: Tailwind\n|move|p2b: Redstone Ready|Psychic Fangs|p1b: Russian Spy\n|-damage|p1b: Russian Spy|77\/100\n|\n|-status|p1b: Russian Spy|tox|[from] item: Toxic Orb\n|upkeep\n|turn|2\n|\n|t:|1699809505\n|-terastallize|p2a: Crimson Planet|Water\n|move|p1a: Surface Lie|Earthquake|p2a: Crimson Planet|[spread] p2a,p2b\n|-immune|p1b: Russian Spy\n|-supereffective|p2b: Redstone Ready\n|-damage|p2a: Crimson Planet|64\/100\n|-damage|p2b: Redstone Ready|45\/100\n|-enditem|p2b: Redstone Ready|Sitrus Berry|[eat]\n|-heal|p2b: Redstone Ready|69\/100|[from] item: Sitrus Berry\n|move|p1b: Russian Spy|U-turn|p2b: Redstone Ready\n|-damage|p2b: Redstone Ready|57\/100\n|\n|t:|1699809518\n|switch|p1b: He Can Fly|Dragonite, L50, F|100\/100|[from] U-turn\n|move|p2a: Crimson Planet|Heat Wave|p1a: Surface Lie|[spread] p1a,p1b\n|-resisted|p1b: He Can Fly\n|-damage|p1a: Surface Lie|10\/100\n|-damage|p1b: He Can Fly|96\/100\n|move|p2b: Redstone Ready|Wild Charge|p1b: He Can Fly\n|-damage|p1b: He Can Fly|49\/100\n|-damage|p2b: Redstone Ready|45\/100|[from] Recoil\n|\n|upkeep\n|turn|3\n|\n|t:|1699809562\n|move|p2a: Crimson Planet|Protect|p2a: Crimson Planet\n|-singleturn|p2a: Crimson Planet|Protect\n|move|p1b: He Can Fly|Extreme Speed|p2a: Crimson Planet\n|-activate|p2a: Crimson Planet|move: Protect\n|move|p1a: Surface Lie|Earthquake|p2b: Redstone Ready|[spread] p2b\n|-activate|p2a: Crimson Planet|move: Protect\n|-immune|p1b: He Can Fly\n|-supereffective|p2b: Redstone Ready\n|-damage|p2b: Redstone Ready|0 fnt\n|faint|p2b: Redstone Ready\n|\n|upkeep\n|\n|t:|1699809580\n|switch|p2b: Fissure|Garchomp, L50, F|100\/100\n|turn|4\n|\n|t:|1699809623\n|move|p1a: Surface Lie|Helping Hand|p1b: He Can Fly\n|-singleturn|p1b: He Can Fly|Helping Hand|[of] p1a: Surface Lie\n|move|p2a: Crimson Planet|Heat Wave|p1b: He Can Fly|[spread] p1b\n|-miss|p2a: Crimson Planet|p1a: Surface Lie\n|-resisted|p1b: He Can Fly\n|-damage|p1b: He Can Fly|40\/100\n|move|p2b: Fissure|Dragon Claw|p1b: He Can Fly\n|-supereffective|p1b: He Can Fly\n|-damage|p1b: He Can Fly|0 fnt\n|faint|p1b: He Can Fly\n|\n|-sideend|p1: David Krow|move: Tailwind\n|upkeep\n|c|\u2606David Krow|ahhhh\n|\n|t:|1699809642\n|switch|p1b: Russian Spy|Gliscor, L50, F|77\/100 tox\n|turn|5\n|\n|t:|1699809681\n|-terastallize|p1b: Russian Spy|Fairy\n|move|p1a: Surface Lie|Sucker Punch|p2a: Crimson Planet\n|-damage|p2a: Crimson Planet|40\/100\n|move|p2a: Crimson Planet|Heat Wave|p1a: Surface Lie|[spread] p1a,p1b\n|-damage|p1a: Surface Lie|0 fnt\n|-damage|p1b: Russian Spy|46\/100 tox\n|faint|p1a: Surface Lie\n|move|p2b: Fissure|Earthquake|p1b: Russian Spy|[spread] p2a,p1b\n|-damage|p2a: Crimson Planet|0 fnt\n|-damage|p1b: Russian Spy|18\/100 tox\n|faint|p2a: Crimson Planet\n|move|p1b: Russian Spy|Tailwind|p1b: Russian Spy\n|-sidestart|p1: David Krow|move: Tailwind\n|\n|-heal|p1b: Russian Spy|30\/100 tox|[from] ability: Poison Heal\n|upkeep\n|\n|t:|1699809724\n|switch|p2a: Happy Thoughts|Staraptor, L50, F|100\/100\n|switch|p1a: Gonna Die|Brambleghast, L50, M|100\/100\n|-ability|p1a: Gonna Die|Wind Rider|boost\n|-boost|p1a: Gonna Die|atk|1\n|-ability|p2a: Happy Thoughts|Intimidate|boost\n|-unboost|p1a: Gonna Die|atk|1\n|-unboost|p1b: Russian Spy|atk|1\n|turn|6\n|\n|t:|1699809763\n|move|p1b: Russian Spy|Protect|p1b: Russian Spy\n|-singleturn|p1b: Russian Spy|Protect\n|move|p1a: Gonna Die|Strength Sap|p2a: Happy Thoughts\n|-unboost|p2a: Happy Thoughts|atk|1\n|move|p2a: Happy Thoughts|Brave Bird|p1a: Gonna Die\n|-supereffective|p1a: Gonna Die\n|-damage|p1a: Gonna Die|0 fnt\n|faint|p1a: Gonna Die\n|-damage|p2a: Happy Thoughts|74\/100|[from] Recoil\n|move|p2b: Fissure|Dragon Claw|p1b: Russian Spy\n|-activate|p1b: Russian Spy|move: Protect\n|\n|-heal|p1b: Russian Spy|42\/100 tox|[from] ability: Poison Heal\n|upkeep\n|turn|7\n|\n|t:|1699809793\n|move|p2a: Happy Thoughts|Brave Bird|p1b: Russian Spy\n|-damage|p1b: Russian Spy|18\/100 tox\n|-damage|p2a: Happy Thoughts|67\/100|[from] Recoil\n|move|p1b: Russian Spy|Earthquake|p2a: Happy Thoughts|[spread] p2b\n|-immune|p2a: Happy Thoughts\n|-damage|p2b: Fissure|84\/100\n|move|p2b: Fissure|Dragon Claw|p1b: Russian Spy\n|-immune|p1b: Russian Spy\n|\n|-heal|p1b: Russian Spy|30\/100 tox|[from] ability: Poison Heal\n|upkeep\n|turn|8\n|\n|t:|1699809810\n|move|p1b: Russian Spy|Protect|p1b: Russian Spy\n|-singleturn|p1b: Russian Spy|Protect\n|move|p2a: Happy Thoughts|Brave Bird|p1b: Russian Spy\n|-activate|p1b: Russian Spy|move: Protect\n|move|p2b: Fissure|Earthquake|p1b: Russian Spy|[spread] \n|-activate|p1b: Russian Spy|move: Protect\n|-immune|p2a: Happy Thoughts\n|\n|-heal|p1b: Russian Spy|42\/100 tox|[from] ability: Poison Heal\n|-sideend|p1: David Krow|move: Tailwind\n|upkeep\n|turn|9\n|\n|t:|1699809824\n|move|p2a: Happy Thoughts|Brave Bird|p1b: Russian Spy\n|-damage|p1b: Russian Spy|16\/100 tox\n|-damage|p2a: Happy Thoughts|59\/100|[from] Recoil\n|move|p2b: Fissure|Earthquake|p1b: Russian Spy|[spread] p1b\n|-immune|p2a: Happy Thoughts\n|-damage|p1b: Russian Spy|0 fnt\n|faint|p1b: Russian Spy\n|\n|win|ilovenons\n|c|\u2606David Krow|gg\n|c|\u2606ilovenons|gg\n|c|&|\/uhtml prompt-davidkrow,David Krow is ready for game 2!\n|inactive|ilovenons has 50 seconds to confirm battle start!\n|c|&|\/uhtml prompt-ilovenons,ilovenons is ready for game 2!\nBoth players are ready! Starting next match!\n","uploadtime":1699810281,"views":29,"p1id":"davidkrow","p2id":"ilovenons","formatid":"gen9vgc2023regulatione","rating":0,"private":0,"password":""}