{"id":"gen9vgc2023regulatione-1993783113","p1":"LiluziHit","p2":"MunchVGC","format":"[Gen 9] VGC 2023 Regulation E","log":"|j|\u2606LiluziHit\n|j|\u2606MunchVGC\n|n|\u2606LiluziHit|liluzihit\n|n|\u2606MunchVGC|munchvgc\n|html|View the match progress at <a href=\"\/game-bestof3-gen9vgc2023regulatione-1993783112\">game-bestof3-gen9vgc2023regulatione-1993783112<\/a>\n|t:|1700356718\n|gametype|doubles\n|player|p1|LiluziHit|blue|\n|player|p2|MunchVGC|ingo|\n|teamsize|p1|6\n|teamsize|p2|6\n|gen|9\n|tier|[Gen 9] VGC 2023 Regulation E\n|rule|Species Clause: Limit one of each Pok\u00e9mon\n|rule|Item Clause: Limit one of each item\n|clearpoke\n|poke|p1|Kingambit, L50, M|\n|poke|p1|Landorus-Therian, L50, M|\n|poke|p1|Ursaluna-Bloodmoon, L50, M|\n|poke|p1|Dusknoir, L50, M|\n|poke|p1|Munkidori, L50, M|\n|poke|p1|Impidimp, L50, M|\n|poke|p2|Gyarados, L50, F|\n|poke|p2|Landorus, L50, M|\n|poke|p2|Clefairy, L50, M|\n|poke|p2|Snorlax, L50, M|\n|poke|p2|Heracross, L50, F|\n|poke|p2|Fletchinder, L50, M|\n|teampreview|4\n|inactive|Battle timer is ON: inactive players will automatically lose when time's up. (requested by MunchVGC)\n|inactiveoff|Battle timer is now OFF.\n|c|\u2606MunchVGC|glhf\n|c|\u2606LiluziHit|gl\n|\n|t:|1700356810\n|start\n|switch|p1a: Dusknoir|Dusknoir, L50, M|100\/100\n|switch|p1b: Munkidori|Munkidori, L50, M|100\/100\n|switch|p2a: my nama clef|Clefairy, L50, M|100\/100\n|switch|p2b: Bob|Snorlax, L50, M, shiny|100\/100\n|-item|p2a: my nama clef|Eviolite|[from] ability: Frisk|[of] p1a: Dusknoir|[identify]\n|-item|p2b: Bob|Figy Berry|[from] ability: Frisk|[of] p1a: Dusknoir|[identify]\n|turn|1\n|j| kodiedunn\n|c| kodiedunn|other game just ended, give us 30 seconds for recording\n|c|\u2606MunchVGC|ok\n|j| ryanogiggs11\n|c|\u2606MunchVGC|just say when\n|c| kodiedunn|ready\n|\n|t:|1700356968\n|switch|p2a: Lando Norris|Landorus, L50, M, shiny|100\/100\n|move|p1b: Munkidori|Sludge Wave|p2a: Lando Norris|[spread] p1a,p2a,p2b\n|-resisted|p1a: Dusknoir\n|-resisted|p2a: Lando Norris\n|-damage|p1a: Dusknoir|87\/100\n|-damage|p2a: Lando Norris|77\/100\n|-damage|p2b: Bob|77\/100\n|-status|p1a: Dusknoir|tox|[from] ability: Toxic Chain|[of] p1b: Munkidori\n|move|p1a: Dusknoir|Taunt|p2b: Bob\n|-start|p2b: Bob|move: Taunt\n|move|p2b: Bob|Crunch|p1b: Munkidori\n|-supereffective|p1b: Munkidori\n|-damage|p1b: Munkidori|40\/100\n|-unboost|p1b: Munkidori|def|1\n|\n|-heal|p1a: Dusknoir|93\/100 tox|[from] item: Leftovers\n|-damage|p1a: Dusknoir|87\/100 tox|[from] psn\n|upkeep\n|turn|2\n|\n|t:|1700357033\n|switch|p1a: Landorus|Landorus-Therian, L50, M, shiny|100\/100\n|-ability|p1a: Landorus|Intimidate|boost\n|-unboost|p2a: Lando Norris|atk|1\n|-unboost|p2b: Bob|atk|1\n|move|p1b: Munkidori|Parting Shot|p2b: Bob\n|-unboost|p2b: Bob|atk|1\n|-unboost|p2b: Bob|spa|1\n|\n|t:|1700357039\n|switch|p1b: Dusknoir|Dusknoir, L50, M|87\/100 tox|[from] Parting Shot\n|-item|p2a: Lando Norris|Life Orb|[from] ability: Frisk|[of] p1b: Dusknoir|[identify]\n|-item|p2b: Bob|Figy Berry|[from] ability: Frisk|[of] p1b: Dusknoir|[identify]\n|move|p2a: Lando Norris|Taunt|p1a: Landorus\n|-start|p1a: Landorus|move: Taunt\n|move|p2b: Bob|Crunch|p1b: Dusknoir\n|-supereffective|p1b: Dusknoir\n|-damage|p1b: Dusknoir|66\/100 tox\n|\n|-heal|p1b: Dusknoir|72\/100 tox|[from] item: Leftovers\n|-damage|p1b: Dusknoir|66\/100 tox|[from] psn\n|upkeep\n|turn|3\n|j| LackieLackey\n|\n|t:|1700357096\n|switch|p2b: my nama clef|Clefairy, L50, M|100\/100\n|move|p1b: Dusknoir|Helping Hand|p1a: Landorus\n|-singleturn|p1a: Landorus|Helping Hand|[of] p1b: Dusknoir\n|move|p2a: Lando Norris|Earth Power|p1b: Dusknoir\n|-damage|p1b: Dusknoir|12\/100 tox\n|move|p1a: Landorus|Hammer Arm|p2b: my nama clef\n|-resisted|p2b: my nama clef\n|-damage|p2b: my nama clef|80\/100\n|-unboost|p1a: Landorus|spe|1\n|\n|-heal|p1b: Dusknoir|18\/100 tox|[from] item: Leftovers\n|-damage|p1b: Dusknoir|6\/100 tox|[from] psn\n|upkeep\n|turn|4\n|\n|t:|1700357164\n|move|p2a: Lando Norris|Grass Knot|p1a: Landorus\n|-damage|p1a: Landorus|63\/100\n|-damage|p2a: Lando Norris|67\/100|[from] item: Life Orb\n|move|p1a: Landorus|U-turn|p2a: Lando Norris\n|-resisted|p2a: Lando Norris\n|-damage|p2a: Lando Norris|56\/100\n|\n|t:|1700357175\n|switch|p1a: Ursaluna|Ursaluna-Bloodmoon, L50, M|100\/100|[from] U-turn\n|move|p1b: Dusknoir|Taunt|p2b: my nama clef\n|-start|p2b: my nama clef|move: Taunt\n|cant|p2b: my nama clef|move: Taunt|Heal Pulse\n|\n|-heal|p1b: Dusknoir|12\/100 tox|[from] item: Leftovers\n|-damage|p1b: Dusknoir|0 fnt|[from] psn\n|faint|p1b: Dusknoir\n|upkeep\n|\n|t:|1700357197\n|switch|p1b: Landorus|Landorus-Therian, L50, M, shiny|63\/100\n|-ability|p1b: Landorus|Intimidate|boost\n|-unboost|p2a: Lando Norris|atk|1\n|-unboost|p2b: my nama clef|atk|1\n|turn|5\n|\n|t:|1700357230\n|switch|p2b: Herbie|Heracross, L50, F, shiny|100\/100\n|-terastallize|p1a: Ursaluna|Normal\n|move|p2a: Lando Norris|Protect|p2a: Lando Norris\n|-singleturn|p2a: Lando Norris|Protect\n|move|p1b: Landorus|Rock Slide|p2a: Lando Norris|[spread] p2b\n|-activate|p2a: Lando Norris|move: Protect\n|-damage|p2b: Herbie|71\/100\n|move|p1a: Ursaluna|Hyper Voice|p2a: Lando Norris|[spread] p2b\n|-activate|p2a: Lando Norris|move: Protect\n|-crit|p2b: Herbie\n|-damage|p2b: Herbie|0 fnt\n|faint|p2b: Herbie\n|-enditem|p1a: Ursaluna|Throat Spray\n|-boost|p1a: Ursaluna|spa|1|[from] item: Throat Spray\n|\n|upkeep\n|\n|t:|1700357303\n|switch|p2b: my nama clef|Clefairy, L50, M|80\/100\n|turn|6\n|\n|t:|1700357348\n|-terastallize|p2a: Lando Norris|Steel\n|move|p2b: my nama clef|Helping Hand|p2a: Lando Norris\n|-singleturn|p2a: Lando Norris|Helping Hand|[of] p2b: my nama clef\n|move|p2a: Lando Norris|Earth Power|p1a: Ursaluna\n|-damage|p1a: Ursaluna|0 fnt\n|faint|p1a: Ursaluna\n|move|p1b: Landorus|Rock Slide|p2b: my nama clef|[spread] p2a,p2b\n|-resisted|p2a: Lando Norris\n|-damage|p2a: Lando Norris|46\/100\n|-damage|p2b: my nama clef|63\/100\n|\n|upkeep\n|\n|t:|1700357358\n|switch|p1a: Munkidori|Munkidori, L50, M|40\/100\n|turn|7\n|j| Stryke Out\n|\n|t:|1700357434\n|move|p2a: Lando Norris|Protect|p2a: Lando Norris\n|-singleturn|p2a: Lando Norris|Protect\n|move|p2b: my nama clef|Protect|p2b: my nama clef\n|-singleturn|p2b: my nama clef|Protect\n|move|p1a: Munkidori|Fake Out|p2a: Lando Norris\n|-activate|p2a: Lando Norris|move: Protect\n|move|p1b: Landorus|Hammer Arm|p2a: Lando Norris\n|-activate|p2a: Lando Norris|move: Protect\n|\n|upkeep\n|turn|8\n|\n|t:|1700357455\n|move|p1a: Munkidori|Protect|p1a: Munkidori\n|-singleturn|p1a: Munkidori|Protect\n|move|p2b: my nama clef|Follow Me|p2b: my nama clef\n|-singleturn|p2b: my nama clef|move: Follow Me\n|move|p2a: Lando Norris|Earth Power|p1a: Munkidori\n|-activate|p1a: Munkidori|move: Protect\n|move|p1b: Landorus|Hammer Arm|p2b: my nama clef\n|-resisted|p2b: my nama clef\n|-damage|p2b: my nama clef|48\/100\n|-unboost|p1b: Landorus|spe|1\n|\n|upkeep\n|turn|9\n|\n|t:|1700357554\n|move|p2b: my nama clef|Follow Me|p2b: my nama clef\n|-singleturn|p2b: my nama clef|move: Follow Me\n|move|p1a: Munkidori|Sludge Wave|p2a: Lando Norris|[spread] p1b,p2b\n|-immune|p2a: Lando Norris\n|-resisted|p1b: Landorus\n|-supereffective|p2b: my nama clef\n|-damage|p1b: Landorus|41\/100\n|-damage|p2b: my nama clef|0 fnt\n|-status|p1b: Landorus|tox|[from] ability: Toxic Chain|[of] p1a: Munkidori\n|-enditem|p1b: Landorus|Lum Berry|[eat]\n|-curestatus|p1b: Landorus|tox|[msg]\n|faint|p2b: my nama clef\n|move|p2a: Lando Norris|Grass Knot|p1b: Landorus\n|-damage|p1b: Landorus|0 fnt\n|faint|p1b: Landorus\n|-damage|p2a: Lando Norris|37\/100|[from] item: Life Orb\n|\n|upkeep\n|\n|t:|1700357569\n|switch|p2b: Bob|Snorlax, L50, M, shiny|77\/100\n|turn|10\n|c|\u2606MunchVGC|gg\n|\n|t:|1700357580\n|move|p1a: Munkidori|Protect|p1a: Munkidori\n|-singleturn|p1a: Munkidori|Protect\n|move|p2a: Lando Norris|Earth Power|p1a: Munkidori\n|-activate|p1a: Munkidori|move: Protect\n|move|p2b: Bob|Crunch|p1a: Munkidori\n|-activate|p1a: Munkidori|move: Protect\n|\n|upkeep\n|turn|11\n|\n|t:|1700357587\n|move|p1a: Munkidori|Sludge Wave|p2b: Bob|[spread] p2b\n|-immune|p2a: Lando Norris\n|-damage|p2b: Bob|54\/100\n|move|p2a: Lando Norris|Earth Power|p1a: Munkidori\n|-supereffective|p1a: Munkidori\n|-damage|p1a: Munkidori|0 fnt\n|faint|p1a: Munkidori\n|\n|win|MunchVGC\n|c|&|\/uhtml prompt-munchvgc,MunchVGC is ready for game 2!\n|c|&|\/uhtml prompt-liluzihit,LiluziHit is ready for game 2!\nBoth players are ready! Starting next match!\n|l| Stryke Out\n|l| LackieLackey\n|l|\u2606MunchVGC\n|l|\u2606LiluziHit\n|j| Stryke Out\n","uploadtime":1700358509,"views":46,"p1id":"liluzihit","p2id":"munchvgc","formatid":"gen9vgc2023regulatione","rating":0,"private":0,"password":""}