{"id":"gen9vgc2023regulatione-1996058314","p1":"Zvpraa","p2":"clam10000","format":"[Gen 9] VGC 2023 Regulation E","log":"|j|\u2606Zvpraa\n|j|\u2606clam10000\n|t:|1700637014\n|gametype|doubles\n|player|p1|Zvpraa|riley|1051\n|player|p2|clam10000|265|1107\n|teamsize|p1|6\n|teamsize|p2|6\n|gen|9\n|tier|[Gen 9] VGC 2023 Regulation E\n|rated|\n|rule|Species Clause: Limit one of each Pok\u00e9mon\n|rule|Item Clause: Limit one of each item\n|clearpoke\n|poke|p1|Dragapult, L50, F|\n|poke|p1|Chien-Pao, L50|\n|poke|p1|Pelipper, L50, F|\n|poke|p1|Urshifu-*, L50, M|\n|poke|p1|Conkeldurr, L50, F|\n|poke|p1|Clefable, L50, F|\n|poke|p2|Tyranitar, L50, F|\n|poke|p2|Gliscor, L50, M|\n|poke|p2|Landorus, L50, M|\n|poke|p2|Tornadus, L50, M|\n|poke|p2|Ogerpon-Cornerstone, L50, F|\n|poke|p2|Farigiraf, L50, F|\n|teampreview|4\n|\n|t:|1700637031\n|start\n|switch|p1a: Pelipper|Pelipper, L50, F|100\/100\n|switch|p1b: Urshifu|Urshifu-Rapid-Strike, L50, M|100\/100\n|switch|p2a: Landorus|Landorus, L50, M|100\/100\n|switch|p2b: Tornadus|Tornadus, L50, M|100\/100\n|-weather|RainDance|[from] ability: Drizzle|[of] p1a: Pelipper\n|turn|1\n|\n|t:|1700637054\n|-terastallize|p1b: Urshifu|Water\n|move|p1b: Urshifu|Surging Strikes|p2b: Tornadus\n|-crit|p2b: Tornadus\n|-damage|p2b: Tornadus|51\/100\n|-crit|p2b: Tornadus\n|-damage|p2b: Tornadus|0 fnt\n|faint|p2b: Tornadus\n|-hitcount|p2: Tornadus|2\n|move|p2a: Landorus|Sandsear Storm|p1a: Pelipper|[spread] p1b\n|-immune|p1a: Pelipper\n|-damage|p1b: Urshifu|7\/100\n|move|p1a: Pelipper|Tailwind|p1a: Pelipper\n|-sidestart|p1: Zvpraa|move: Tailwind\n|\n|-weather|RainDance|[upkeep]\n|upkeep\n|\n|t:|1700637073\n|switch|p2b: Ogerpon|Ogerpon-Cornerstone, L50, F|100\/100\n|turn|2\n|\n|t:|1700637096\n|move|p2b: Ogerpon|Follow Me|p2b: Ogerpon\n|-singleturn|p2b: Ogerpon|move: Follow Me\n|move|p1b: Urshifu|Surging Strikes|p2b: Ogerpon\n|-crit|p2b: Ogerpon\n|-damage|p2b: Ogerpon|44\/100\n|-crit|p2b: Ogerpon\n|-damage|p2b: Ogerpon|0 fnt\n|faint|p2b: Ogerpon\n|-hitcount|p2: Ogerpon|2\n|move|p1a: Pelipper|Icy Wind|p2a: Landorus\n|-supereffective|p2a: Landorus\n|-damage|p2a: Landorus|35\/100\n|-unboost|p2a: Landorus|spe|1\n|move|p2a: Landorus|Sandsear Storm|p1a: Pelipper|[spread] p1b\n|-immune|p1a: Pelipper\n|-damage|p1b: Urshifu|0 fnt\n|faint|p1b: Urshifu\n|\n|-weather|RainDance|[upkeep]\n|upkeep\n|\n|t:|1700637117\n|switch|p1b: Chien-Pao|Chien-Pao, L50|100\/100\n|switch|p2b: Farigiraf|Farigiraf, L50, F|100\/100\n|-ability|p1b: Chien-Pao|Sword of Ruin\n|turn|3\n|\n|t:|1700637154\n|move|p2a: Landorus|Protect|p2a: Landorus\n|-singleturn|p2a: Landorus|Protect\n|move|p1b: Chien-Pao|Ice Spinner|p2b: Farigiraf\n|-damage|p2b: Farigiraf|52\/100\n|move|p1a: Pelipper|Icy Wind|p2b: Farigiraf|[spread] \n|-activate|p2a: Landorus|move: Protect\n|-miss|p1a: Pelipper|p2b: Farigiraf\n|move|p2b: Farigiraf|Trick Room|p2b: Farigiraf\n|-fieldstart|move: Trick Room|[of] p2b: Farigiraf\n|\n|-weather|RainDance|[upkeep]\n|upkeep\n|turn|4\n|\n|t:|1700637182\n|move|p1b: Chien-Pao|Sucker Punch||[still]\n|cant|p2b: Farigiraf|ability: Armor Tail|Sucker Punch|[of] p1b: Chien-Pao\n|move|p2b: Farigiraf|Hyper Voice|p1b: Chien-Pao|[spread] p1a,p1b\n|-damage|p1a: Pelipper|54\/100\n|-damage|p1b: Chien-Pao|53\/100\n|-enditem|p2b: Farigiraf|Throat Spray\n|-boost|p2b: Farigiraf|spa|1|[from] item: Throat Spray\n|move|p2a: Landorus|Sandsear Storm|p1b: Chien-Pao|[spread] p1b\n|-immune|p1a: Pelipper\n|-damage|p1b: Chien-Pao|0 fnt\n|faint|p1b: Chien-Pao\n|move|p1a: Pelipper|Hydro Pump|p2a: Landorus|[miss]\n|-miss|p1a: Pelipper|p2a: Landorus\n|\n|-weather|RainDance|[upkeep]\n|-sideend|p1: Zvpraa|move: Tailwind\n|upkeep\n|\n|t:|1700637196\n|switch|p1b: Dragapult|Dragapult, L50, F|100\/100\n|turn|5\n|\n|t:|1700637234\n|move|p2b: Farigiraf|Hyper Voice|p1a: Pelipper|[spread] p1a\n|-immune|p1b: Dragapult\n|-damage|p1a: Pelipper|0 fnt\n|faint|p1a: Pelipper\n|move|p2a: Landorus|Sandsear Storm|p1b: Dragapult\n|-damage|p1b: Dragapult|0 fnt\n|faint|p1b: Dragapult\n|\n|win|clam10000\n|raw|Zvpraa's rating: 1051 &rarr; <strong>1036<\/strong><br \/>(-15 for losing)\n|raw|clam10000's rating: 1107 &rarr; <strong>1128<\/strong><br \/>(+21 for winning)\n|l|\u2606Zvpraa\n","uploadtime":1700637262,"views":2,"p1id":"zvpraa","p2id":"clam10000","formatid":"gen9vgc2023regulatione","rating":1036,"private":0,"password":""}