{"id":"gen9vgc2023regulatione-1988088095","p1":"yungsmitty","p2":"Jumbo31","format":"[Gen 9] VGC 2023 Regulation E","log":"|j|\u2606yungsmitty\n|j|\u2606Jumbo31\n|t:|1699668055\n|gametype|doubles\n|player|p1|yungsmitty|medium|1269\n|player|p2|Jumbo31|265|1232\n|teamsize|p1|6\n|teamsize|p2|6\n|gen|9\n|tier|[Gen 9] VGC 2023 Regulation E\n|rated|\n|rule|Species Clause: Limit one of each Pok\u00e9mon\n|rule|Item Clause: Limit one of each item\n|clearpoke\n|poke|p1|Politoed, L50, M|\n|poke|p1|Kingambit, L50, F|\n|poke|p1|Landorus, L50, M|\n|poke|p1|Zapdos, L50|\n|poke|p1|Basculegion, L50, M|\n|poke|p1|Rillaboom, L50, M|\n|poke|p2|Milotic, L50, F|\n|poke|p2|Gallade, L50, M|\n|poke|p2|Scizor, L50, F|\n|poke|p2|Ninetales-Alola, L50, F|\n|poke|p2|Rillaboom, L50, M|\n|poke|p2|Arcanine, L50, M|\n|teampreview|4\n|\n|t:|1699668092\n|start\n|switch|p1a: Kingambit|Kingambit, L50, F|100\/100\n|switch|p1b: Landorus|Landorus, L50, M|100\/100\n|switch|p2a: Milotic|Milotic, L50, F|100\/100\n|switch|p2b: Rillaboom|Rillaboom, L50, M|100\/100\n|-fieldstart|move: Grassy Terrain|[from] ability: Grassy Surge|[of] p2b: Rillaboom\n|turn|1\n|inactive|Battle timer is ON: inactive players will automatically lose when time's up. (requested by yungsmitty)\n|inactive|yungsmitty has 60 seconds left.\n|\n|t:|1699668130\n|switch|p1b: Politoed|Politoed, L50, M|100\/100\n|-weather|RainDance|[from] ability: Drizzle|[of] p1b: Politoed\n|move|p2b: Rillaboom|Fake Out|p1a: Kingambit\n|-resisted|p1a: Kingambit\n|-damage|p1a: Kingambit|94\/100\n|move|p2a: Milotic|Coil|p2a: Milotic\n|-boost|p2a: Milotic|atk|1\n|-boost|p2a: Milotic|def|1\n|-boost|p2a: Milotic|accuracy|1\n|cant|p1a: Kingambit|flinch\n|\n|-weather|RainDance|[upkeep]\n|-heal|p1a: Kingambit|100\/100|[from] Grassy Terrain\n|upkeep\n|turn|2\n|inactive|yungsmitty has 30 seconds left.\n|inactive|Jumbo31 has 30 seconds left.\n|inactive|yungsmitty has 20 seconds left.\n|\n|t:|1699668166\n|switch|p1b: Zapdos|Zapdos, L50|100\/100\n|move|p2b: Rillaboom|Wood Hammer|p1b: Zapdos\n|-resisted|p1b: Zapdos\n|-damage|p1b: Zapdos|50\/100\n|-damage|p2b: Rillaboom|85\/100|[from] Recoil\n|move|p2a: Milotic|Coil|p2a: Milotic\n|-boost|p2a: Milotic|atk|1\n|-boost|p2a: Milotic|def|1\n|-boost|p2a: Milotic|accuracy|1\n|move|p1a: Kingambit|Swords Dance|p1a: Kingambit\n|-boost|p1a: Kingambit|atk|2\n|\n|-weather|RainDance|[upkeep]\n|-heal|p2b: Rillaboom|92\/100|[from] Grassy Terrain\n|upkeep\n|turn|3\n|inactive|yungsmitty has 30 seconds left.\n|inactive|Jumbo31 has 30 seconds left.\n|\n|t:|1699668194\n|-terastallize|p1b: Zapdos|Electric\n|move|p1b: Zapdos|Thunderbolt|p2a: Milotic\n|-supereffective|p2a: Milotic\n|-damage|p2a: Milotic|31\/100\n|move|p2b: Rillaboom|U-turn|p1a: Kingambit\n|-damage|p1a: Kingambit|79\/100\n|\n|t:|1699668201\n|switch|p2b: Ninetales|Ninetales-Alola, L50, F|100\/100|[from] U-turn\n|-weather|Snow|[from] ability: Snow Warning|[of] p2b: Ninetales\n|move|p2a: Milotic|Hypnosis|p1a: Kingambit\n|-status|p1a: Kingambit|slp|[from] move: Hypnosis\n|cant|p1a: Kingambit|slp\n|\n|-weather|Snow|[upkeep]\n|-heal|p1b: Zapdos|57\/100|[from] Grassy Terrain\n|-heal|p2a: Milotic|37\/100|[from] Grassy Terrain\n|-heal|p2a: Milotic|43\/100|[from] item: Leftovers\n|-heal|p1a: Kingambit|85\/100 slp|[from] Grassy Terrain\n|upkeep\n|turn|4\n|inactive|Jumbo31 has 30 seconds left.\n|inactive|Jumbo31 has 20 seconds left.\n|\n|t:|1699668240\n|switch|p1a: Politoed|Politoed, L50, M|100\/100\n|-weather|RainDance|[from] ability: Drizzle|[of] p1a: Politoed\n|-terastallize|p2a: Milotic|Dragon\n|move|p2b: Ninetales|Aurora Veil||[still]\n|-fail|p2b: Ninetales\n|move|p1b: Zapdos|Thunderbolt|p2a: Milotic\n|-resisted|p2a: Milotic\n|-damage|p2a: Milotic|23\/100\n|move|p2a: Milotic|Hydro Pump|p1b: Zapdos\n|-damage|p1b: Zapdos|0 fnt\n|faint|p1b: Zapdos\n|\n|-weather|RainDance|[upkeep]\n|-heal|p2a: Milotic|29\/100|[from] Grassy Terrain\n|-heal|p2a: Milotic|35\/100|[from] item: Leftovers\n|upkeep\n|\n|t:|1699668262\n|switch|p1b: Landorus|Landorus, L50, M|100\/100\n|turn|5\n|inactive|yungsmitty has 30 seconds left.\n|\n|t:|1699668292\n|move|p2b: Ninetales|Freeze-Dry|p1a: Politoed\n|-supereffective|p1a: Politoed\n|-damage|p1a: Politoed|52\/100\n|move|p1b: Landorus|Sandsear Storm|p2b: Ninetales|[spread] p2a,p2b\n|-damage|p2a: Milotic|0 fnt\n|-damage|p2b: Ninetales|27\/100\n|faint|p2a: Milotic\n|move|p1a: Politoed|Icy Wind|p2b: Ninetales\n|-resisted|p2b: Ninetales\n|-damage|p2b: Ninetales|21\/100\n|-unboost|p2b: Ninetales|spe|1\n|\n|-weather|RainDance|[upkeep]\n|-heal|p2b: Ninetales|27\/100|[from] Grassy Terrain\n|-heal|p1a: Politoed|57\/100|[from] Grassy Terrain\n|-fieldend|move: Grassy Terrain\n|upkeep\n|\n|t:|1699668303\n|switch|p2a: Rillaboom|Rillaboom, L50, M|92\/100\n|-fieldstart|move: Grassy Terrain|[from] ability: Grassy Surge|[of] p2a: Rillaboom\n|turn|6\n|\n|t:|1699668313\n|move|p1b: Landorus|Protect|p1b: Landorus\n|-singleturn|p1b: Landorus|Protect\n|move|p1a: Politoed|Protect|p1a: Politoed\n|-singleturn|p1a: Politoed|Protect\n|move|p2a: Rillaboom|Fake Out|p1b: Landorus\n|-activate|p1b: Landorus|move: Protect\n|move|p2b: Ninetales|Freeze-Dry|p1b: Landorus\n|-activate|p1b: Landorus|move: Protect\n|\n|-weather|RainDance|[upkeep]\n|-heal|p2a: Rillaboom|98\/100|[from] Grassy Terrain\n|-heal|p2b: Ninetales|33\/100|[from] Grassy Terrain\n|-heal|p1a: Politoed|63\/100|[from] Grassy Terrain\n|upkeep\n|turn|7\n|inactive|yungsmitty has 30 seconds left.\n|\n|t:|1699668340\n|move|p1a: Politoed|Helping Hand|p1b: Landorus\n|-singleturn|p1b: Landorus|Helping Hand|[of] p1a: Politoed\n|move|p1b: Landorus|Sandsear Storm|p2b: Ninetales|[spread] p2a,p2b\n|-resisted|p2a: Rillaboom\n|-damage|p2a: Rillaboom|64\/100\n|-damage|p2b: Ninetales|0 fnt\n|faint|p2b: Ninetales\n|move|p2a: Rillaboom|Wood Hammer|p1a: Politoed\n|-supereffective|p1a: Politoed\n|-damage|p1a: Politoed|0 fnt\n|faint|p1a: Politoed\n|-damage|p2a: Rillaboom|43\/100|[from] Recoil\n|\n|-weather|RainDance|[upkeep]\n|-heal|p2a: Rillaboom|49\/100|[from] Grassy Terrain\n|upkeep\n|\n|t:|1699668352\n|switch|p2b: Gallade|Gallade, L50, M|100\/100\n|switch|p1a: Kingambit|Kingambit, L50, F|85\/100 slp\n|turn|8\n|inactive|yungsmitty has 30 seconds left.\n|inactive|Jumbo31 has 30 seconds left.\n|\n|t:|1699668380\n|-curestatus|p1a: Kingambit|slp|[msg]\n|move|p1a: Kingambit|Sucker Punch|p2b: Gallade\n|-damage|p2b: Gallade|20\/100\n|move|p1b: Landorus|Psychic|p2b: Gallade\n|-damage|p2b: Gallade|0 fnt\n|faint|p2b: Gallade\n|move|p2a: Rillaboom|Wood Hammer|p1b: Landorus\n|-damage|p1b: Landorus|0 fnt\n|faint|p1b: Landorus\n|-damage|p2a: Rillaboom|21\/100|[from] Recoil\n|\n|-weather|none\n|-heal|p2a: Rillaboom|28\/100|[from] Grassy Terrain\n|-heal|p1a: Kingambit|91\/100|[from] Grassy Terrain\n|upkeep\n|turn|9\n|\n|t:|1699668395\n|move|p1a: Kingambit|Sucker Punch|p2a: Rillaboom\n|-damage|p2a: Rillaboom|0 fnt\n|faint|p2a: Rillaboom\n|\n|win|yungsmitty\n|raw|yungsmitty's rating: 1269 &rarr; <strong>1291<\/strong><br \/>(+22 for winning)\n|raw|Jumbo31's rating: 1232 &rarr; <strong>1210<\/strong><br \/>(-22 for losing)\n|l|\u2606Jumbo31\n","uploadtime":1699668406,"views":31,"p1id":"yungsmitty","p2id":"jumbo31","formatid":"gen9vgc2023regulatione","rating":1210,"private":0,"password":""}