{"id":"gen9vgc2023regulatione-1994465175","p1":"Howell_HM01","p2":"hopoffitt","format":"[Gen 9] VGC 2023 Regulation E","log":"|j|\u2606Howell_HM01\n|j|\u2606hopoffitt\n|n|\u2606Howell_HM01|howellhm01\n|n|\u2606hopoffitt|hopoffitt\n|html|View the match progress at <a href=\"\/game-bestof3-gen9vgc2023regulatione-1994465174\">game-bestof3-gen9vgc2023regulatione-1994465174<\/a>\n|t:|1700447035\n|gametype|doubles\n|player|p1|Howell_HM01|brycen|\n|player|p2|hopoffitt|pokemaniac|\n|teamsize|p1|6\n|teamsize|p2|6\n|gen|9\n|tier|[Gen 9] VGC 2023 Regulation E\n|rule|Species Clause: Limit one of each Pok\u00e9mon\n|rule|Item Clause: Limit one of each item\n|clearpoke\n|poke|p1|Landorus-Therian, L50, M|\n|poke|p1|Ninetales-Alola, L50, M|\n|poke|p1|Baxcalibur, L50, F|\n|poke|p1|Rotom-Wash, L50|\n|poke|p1|Hariyama, L50, M|\n|poke|p1|Dusknoir, L50, M|\n|poke|p2|Palafin, L50, M|\n|poke|p2|Indeedee-F, L50, F|\n|poke|p2|Iron Hands, L50|\n|poke|p2|Ursaluna, L50, M|\n|poke|p2|Sinistcha, L50|\n|poke|p2|Tornadus-Therian, L50, M|\n|teampreview|4\nhopoffitt rejected open team sheets.\n|j| Oddball_Otter\n|c| Oddball_Otter|I believe in peepee\n|c| Oddball_Otter|But I also believe in dusknoir\n|c| Oddball_Otter|I cannot pick a side\n|c| Oddball_Otter|\ud83d\ude14\n|j| thedukeoftacos\n|c| Oddball_Otter|\ud83d\ude14\n|c| thedukeoftacos|i agree, both sides suck\n|c|\u2606Howell_HM01|hang on, i forgot about the tera sheet\n|c|\u2606Howell_HM01|uno momento\n|c| Oddball_Otter|dos momento\n|c| Oddball_Otter|tres momento\n|c|\u2606hopoffitt|i already messed up prep\n|l| Oddball_Otter\n|c|\u2606hopoffitt|i just did it\n|j| Oddball_Otter\n|l| Oddball_Otter\n|j| Oddball_Otter\n|j| Si13nt\n|c|\u2606hopoffitt|hi silen\n|c| Oddball_Otter|Silent pick a side, peepee or touchy handsy dusknoir\n|c| thedukeoftacos|oh good, another friend to watch the clownshow\n|j| LetsGetFluffy\n|l| Oddball_Otter\n|c| thedukeoftacos|ngl it'll be fun to see howell get stomped but i really wanna see hop lose\n|\n|t:|1700447347\n|start\n|switch|p1a: Ninetales|Ninetales-Alola, L50, M|100\/100\n|switch|p1b: Dusknoir|Dusknoir, L50, M|100\/100\n|switch|p2a: Blue Hulk|Palafin, L50, M|100\/100\n|switch|p2b: Peepee|Indeedee-F, L50, F|100\/100\n|-weather|Snow|[from] ability: Snow Warning|[of] p1a: Ninetales\n|-fieldstart|move: Psychic Terrain|[from] ability: Psychic Surge|[of] p2b: Peepee\n|-item|p2a: Blue Hulk|Mystic Water|[from] ability: Frisk|[of] p1b: Dusknoir|[identify]\n|-item|p2b: Peepee|Mental Herb|[from] ability: Frisk|[of] p1b: Dusknoir|[identify]\n|turn|1\n|j| Oddball_Otter\n|\n|t:|1700447371\n|move|p1a: Ninetales|Aurora Veil|p1a: Ninetales\n|-sidestart|p1: Howell_HM01|move: Aurora Veil\n|move|p2a: Blue Hulk|Flip Turn|p1b: Dusknoir\n|-damage|p1b: Dusknoir|87\/100\n|c| Oddball_Otter|Oh shoot hands vs peepee turn 1\n|\n|t:|1700447380\n|detailschange|p2a: Blue Hulk|Palafin-Hero, L50, M\n|switch|p2a: Yogi Berra|Ursaluna, L50, M|100\/100|[from] Flip Turn\n|move|p1b: Dusknoir|Imprison|p1b: Dusknoir\n|-start|p1b: Dusknoir|move: Imprison\n|cant|p2b: Peepee|move: Imprison|Trick Room\n|\n|-weather|Snow|[upkeep]\n|-status|p2a: Yogi Berra|brn|[from] item: Flame Orb\n|upkeep\n|turn|2\n|c| Si13nt|i\u00b4m curious about how this goes\n|c| thedukeoftacos|peepee got sealed~\n|\n|t:|1700447416\n|move|p2a: Yogi Berra|Protect|p2a: Yogi Berra\n|-singleturn|p2a: Yogi Berra|Protect\n|move|p1a: Ninetales|Blizzard|p2b: Peepee|[spread] p2b\n|-activate|p2a: Yogi Berra|move: Protect\n|-damage|p2b: Peepee|78\/100\n|move|p2b: Peepee|Psychic|p1b: Dusknoir\n|-damage|p1b: Dusknoir|63\/100\n|move|p1b: Dusknoir|Will-O-Wisp|p2b: Peepee\n|-status|p2b: Peepee|brn\n|\n|-weather|Snow|[upkeep]\n|-damage|p2b: Peepee|72\/100 brn|[from] brn\n|-damage|p2a: Yogi Berra|95\/100 brn|[from] brn\n|upkeep\n|turn|3\n|c| Oddball_Otter|If dusknoir has 100000 fans I am one of them\n|\n|t:|1700447453\n|-terastallize|p2a: Yogi Berra|Normal\n|move|p1a: Ninetales|Freeze-Dry|p2a: Yogi Berra\n|-damage|p2a: Yogi Berra|78\/100 brn\n|move|p2b: Peepee|Psychic|p1b: Dusknoir\n|-damage|p1b: Dusknoir|38\/100\n|move|p2a: Yogi Berra|Facade|p1a: Ninetales\n|-damage|p1a: Ninetales|14\/100\n|move|p1b: Dusknoir|Night Shade|p2b: Peepee\n|-immune|p2b: Peepee\n|\n|-weather|Snow|[upkeep]\n|-damage|p2b: Peepee|65\/100 brn|[from] brn\n|-damage|p2a: Yogi Berra|72\/100 brn|[from] brn\n|upkeep\n|turn|4\n|c| Oddball_Otter|If dusknoir tries to hit a normal type with a ghost move I still believe in him\n|\n|t:|1700447502\n|move|p2a: Yogi Berra|Protect|p2a: Yogi Berra\n|-singleturn|p2a: Yogi Berra|Protect\n|move|p1a: Ninetales|Blizzard|p2a: Yogi Berra|[spread] p2b\n|-activate|p2a: Yogi Berra|move: Protect\n|-damage|p2b: Peepee|41\/100 brn\n|move|p2b: Peepee|Psychic|p1b: Dusknoir\n|-damage|p1b: Dusknoir|13\/100\n|move|p1b: Dusknoir|Night Shade|p2a: Yogi Berra\n|-activate|p2a: Yogi Berra|move: Protect\n|\n|-weather|Snow|[upkeep]\n|-damage|p2b: Peepee|35\/100 brn|[from] brn\n|-damage|p2a: Yogi Berra|66\/100 brn|[from] brn\n|upkeep\n|turn|5\n|\n|t:|1700447529\n|move|p1a: Ninetales|Moonblast|p2a: Yogi Berra\n|-damage|p2a: Yogi Berra|39\/100 brn\n|move|p2b: Peepee|Psychic|p1b: Dusknoir\n|-damage|p1b: Dusknoir|0 fnt\n|faint|p1b: Dusknoir\n|move|p2a: Yogi Berra|Facade|p1a: Ninetales\n|-crit|p1a: Ninetales\n|-damage|p1a: Ninetales|0 fnt\n|faint|p1a: Ninetales\n|\n|-weather|none\n|-damage|p2b: Peepee|29\/100 brn|[from] brn\n|-damage|p2a: Yogi Berra|33\/100 brn|[from] brn\n|-sideend|p1: Howell_HM01|move: Aurora Veil\n|-fieldend|move: Psychic Terrain\n|upkeep\n|\n|t:|1700447544\n|switch|p1a: Baxcalibur|Baxcalibur, L50, F|100\/100\n|switch|p1b: Landorus|Landorus-Therian, L50, M|100\/100\n|-ability|p1b: Landorus|Intimidate|boost\n|-unboost|p2a: Yogi Berra|atk|1\n|-unboost|p2b: Peepee|atk|1\n|turn|6\n|c| Oddball_Otter|mfw not light clay\n|c| thedukeoftacos|mfw howell forgets the nicknames\n|c| Oddball_Otter|Peepee killed handsy\n|\n|t:|1700447603\n|move|p2b: Peepee|Follow Me|p2b: Peepee\n|-singleturn|p2b: Peepee|move: Follow Me\n|move|p1b: Landorus|Stomping Tantrum|p2b: Peepee\n|-damage|p2b: Peepee|0 fnt\n|faint|p2b: Peepee\n|move|p1a: Baxcalibur|Scale Shot|p2a: Yogi Berra\n|-damage|p2a: Yogi Berra|22\/100 brn\n|-damage|p2a: Yogi Berra|10\/100 brn\n|-damage|p2a: Yogi Berra|0 fnt\n|faint|p2a: Yogi Berra\n|-hitcount|p2: Yogi Berra|3\n|-unboost|p1a: Baxcalibur|def|1\n|-boost|p1a: Baxcalibur|spe|1\n|\n|upkeep\n|\n|t:|1700447616\n|switch|p2b: Urn Han|Iron Hands, L50|100\/100\n|switch|p2a: Blue Hulk|Palafin-Hero, L50, M|100\/100\n|-activate|p2a: Blue Hulk|ability: Zero to Hero\n|turn|7\n|c| Oddball_Otter|Holy guacamole\n|c| LetsGetFluffy|Urn han\n|c| Oddball_Otter|Lesser known sibling of Brian Hands\n|\n|t:|1700447687\n|-terastallize|p1b: Landorus|Grass\n|move|p1a: Baxcalibur|Protect|p1a: Baxcalibur\n|-singleturn|p1a: Baxcalibur|Protect\n|move|p2b: Urn Han|Fake Out|p1b: Landorus\n|-damage|p1b: Landorus|83\/100\n|cant|p1b: Landorus|flinch\n|move|p2a: Blue Hulk|Ice Punch|p1b: Landorus\n|-supereffective|p1b: Landorus\n|-damage|p1b: Landorus|12\/100\n|\n|upkeep\n|turn|8\n|c| Oddball_Otter|Oh hey it lived\n|\n|t:|1700447709\n|move|p1a: Baxcalibur|High Horsepower|p2b: Urn Han\n|-supereffective|p2b: Urn Han\n|-damage|p2b: Urn Han|49\/100\n|move|p1b: Landorus|Stomping Tantrum|p2b: Urn Han\n|-supereffective|p2b: Urn Han\n|-damage|p2b: Urn Han|0 fnt\n|faint|p2b: Urn Han\n|-end|p2b: Urn Han|Quark Drive|[silent]\n|move|p2a: Blue Hulk|Ice Punch|p1b: Landorus\n|-supereffective|p1b: Landorus\n|-damage|p1b: Landorus|0 fnt\n|faint|p1b: Landorus\n|\n|upkeep\n|turn|9\n|\n|t:|1700447749\n|move|p1a: Baxcalibur|High Horsepower|p2a: Blue Hulk|[miss]\n|-miss|p1a: Baxcalibur|p2a: Blue Hulk\n|move|p2a: Blue Hulk|Ice Punch|p1a: Baxcalibur\n|-damage|p1a: Baxcalibur|54\/100\n|\n|upkeep\n|turn|10\n|\n|t:|1700447758\n|move|p2a: Blue Hulk|Protect|p2a: Blue Hulk\n|-singleturn|p2a: Blue Hulk|Protect\n|move|p1a: Baxcalibur|High Horsepower|p2a: Blue Hulk\n|-activate|p2a: Blue Hulk|move: Protect\n|\n|upkeep\n|turn|11\n|\n|t:|1700447767\n|move|p1a: Baxcalibur|High Horsepower|p2a: Blue Hulk\n|-damage|p2a: Blue Hulk|56\/100\n|move|p2a: Blue Hulk|Ice Punch|p1a: Baxcalibur\n|-damage|p1a: Baxcalibur|7\/100\n|\n|upkeep\n|turn|12\n|c| thedukeoftacos|crit inc\n|\n|t:|1700447781\n|move|p1a: Baxcalibur|High Horsepower|p2a: Blue Hulk|[miss]\n|-miss|p1a: Baxcalibur|p2a: Blue Hulk\n|move|p2a: Blue Hulk|Ice Punch|p1a: Baxcalibur\n|-damage|p1a: Baxcalibur|0 fnt\n|faint|p1a: Baxcalibur\n|\n|win|hopoffitt\n|inactive|Howell_HM01 has 50 seconds to confirm battle start!\n|inactive|hopoffitt has 50 seconds to confirm battle start!\n|c| Oddball_Otter|Dang exact opposite of a crit\n|inactive|Howell_HM01 has 40 seconds to confirm battle start!\n|inactive|hopoffitt has 40 seconds to confirm battle start!\n|c| thedukeoftacos|lol how cool would it have been tho if it happened\n|c|&|\/uhtml prompt-howellhm01,Howell_HM01 is ready for game 2!\n|inactive|hopoffitt has 30 seconds to confirm battle start!\n|c| LetsGetFluffy|Bright powder palafin\n|c| Oddball_Otter|Does scale shot not kill there?\n|c| LetsGetFluffy|Nice\n|inactive|hopoffitt has 20 seconds to confirm battle start!\n|inactive|hopoffitt has 10 seconds to confirm battle start!\n|c|&|\/uhtml prompt-howellhm01,Howell_HM01 is ready for game 2!\n|c|\u2606hopoffitt|wait wft\n|c|\u2606hopoffitt|i need notes\nBoth players are ready! Starting next match!\n|c| LetsGetFluffy|How to see\n|j| ruwisc\n|l| Oddball_Otter\n|l| ruwisc\n","uploadtime":1700447805,"views":31,"p1id":"howellhm01","p2id":"hopoffitt","formatid":"gen9vgc2023regulatione","rating":0,"private":0,"password":""}