{"id":"gen9vgc2023regulatione-2000481956","p1":"LegacyShowden","p2":"corrocho8","format":"[Gen 9] VGC 2023 Regulation E","log":"|j|\u2606LegacyShowden\n|j|\u2606corrocho8\n|t:|1701198478\n|gametype|doubles\n|player|p1|LegacyShowden|rosa|1316\n|player|p2|corrocho8|266|1226\n|teamsize|p1|6\n|teamsize|p2|6\n|gen|9\n|tier|[Gen 9] VGC 2023 Regulation E\n|rated|\n|rule|Species Clause: Limit one of each Pok\u00e9mon\n|rule|Item Clause: Limit one of each item\n|clearpoke\n|poke|p1|Landorus-Therian, L50, M|\n|poke|p1|Samurott-Hisui, L50, M|\n|poke|p1|Kommo-o, L50, M|\n|poke|p1|Gholdengo, L50|\n|poke|p1|Ninetales-Alola, L50, F|\n|poke|p1|Talonflame, L50, M|\n|poke|p2|Gholdengo, L50|\n|poke|p2|Salamence, L50, M|\n|poke|p2|Flutter Mane, L50|\n|poke|p2|Ogerpon-Hearthflame, L50, F|\n|poke|p2|Rillaboom, L50, F|\n|poke|p2|Urshifu-*, L50, F|\n|teampreview|4\n|inactive|Battle timer is ON: inactive players will automatically lose when time's up. (requested by LegacyShowden)\n|inactive|LegacyShowden has 60 seconds left.\n|\n|t:|1701198530\n|start\n|switch|p1a: Talonflame|Talonflame, L50, M, shiny|100\/100\n|switch|p1b: Ninetales|Ninetales-Alola, L50, F, shiny|100\/100\n|switch|p2a: Rillaboom|Rillaboom, L50, F|100\/100\n|switch|p2b: Ogerpon|Ogerpon-Hearthflame, L50, F|100\/100\n|-ability|p2b: Ogerpon|Mold Breaker\n|-weather|Snow|[from] ability: Snow Warning|[of] p1b: Ninetales\n|-fieldstart|move: Grassy Terrain|[from] ability: Grassy Surge|[of] p2a: Rillaboom\n|turn|1\n|\n|t:|1701198547\n|switch|p1a: Landorus|Landorus-Therian, L50, M|100\/100\n|-ability|p1a: Landorus|Intimidate|boost\n|-unboost|p2a: Rillaboom|atk|1\n|-unboost|p2b: Ogerpon|atk|1\n|-terastallize|p2b: Ogerpon|Fire\n|detailschange|p2b: Ogerpon|Ogerpon-Hearthflame-Tera, L50, F, tera:Fire\n|-ability|p2b: Ogerpon|Embody Aspect (Hearthflame)|boost\n|-boost|p2b: Ogerpon|atk|1\n|move|p1b: Ninetales|Protect|p1b: Ninetales\n|-singleturn|p1b: Ninetales|Protect\n|move|p2a: Rillaboom|Fake Out|p1a: Landorus\n|-damage|p1a: Landorus|89\/100\n|move|p2b: Ogerpon|Ivy Cudgel|p1b: Ninetales|[anim] Ivy Cudgel Fire\n|-activate|p1b: Ninetales|move: Protect\n|\n|-weather|Snow|[upkeep]\n|upkeep\n|turn|2\n|\n|t:|1701198568\n|switch|p1b: Talonflame|Talonflame, L50, M, shiny|100\/100\n|move|p2a: Rillaboom|Grassy Glide|p1a: Landorus\n|-damage|p1a: Landorus|60\/100\n|move|p1a: Landorus|Stomping Tantrum|p2b: Ogerpon\n|-supereffective|p2b: Ogerpon\n|-damage|p2b: Ogerpon|0 fnt\n|faint|p2b: Ogerpon\n|\n|-weather|Snow|[upkeep]\n|upkeep\n|\n|t:|1701198580\n|switch|p2b: Urshifu|Urshifu-Rapid-Strike, L50, F|100\/100\n|turn|3\n|\n|t:|1701198601\n|switch|p1a: Kommo-o|Kommo-o, L50, M|100\/100\n|move|p1b: Talonflame|Tailwind|p1b: Talonflame\n|-sidestart|p1: LegacyShowden|move: Tailwind\n|move|p2a: Rillaboom|Grassy Glide|p1a: Kommo-o\n|-resisted|p1a: Kommo-o\n|-damage|p1a: Kommo-o|93\/100\n|move|p2b: Urshifu|Surging Strikes|p1b: Talonflame\n|-supereffective|p1b: Talonflame\n|-crit|p1b: Talonflame\n|-damage|p1b: Talonflame|34\/100\n|-supereffective|p1b: Talonflame\n|-crit|p1b: Talonflame\n|-damage|p1b: Talonflame|0 fnt\n|faint|p1b: Talonflame\n|-hitcount|p1: Talonflame|2\n|\n|-weather|Snow|[upkeep]\n|-heal|p1a: Kommo-o|99\/100|[from] Grassy Terrain\n|upkeep\n|\n|t:|1701198609\n|switch|p1b: Ninetales|Ninetales-Alola, L50, F, shiny|100\/100\n|turn|4\n|\n|t:|1701198629\n|move|p1b: Ninetales|Aurora Veil|p1b: Ninetales\n|-sidestart|p1: LegacyShowden|move: Aurora Veil\n|move|p2b: Urshifu|Surging Strikes|p1b: Ninetales\n|-crit|p1b: Ninetales\n|-damage|p1b: Ninetales|78\/100\n|-crit|p1b: Ninetales\n|-damage|p1b: Ninetales|57\/100\n|-crit|p1b: Ninetales\n|-damage|p1b: Ninetales|36\/100\n|-hitcount|p1b: Ninetales|3\n|move|p1a: Kommo-o|Iron Defense|p1a: Kommo-o\n|-boost|p1a: Kommo-o|def|2\n|move|p2a: Rillaboom|U-turn|p1b: Ninetales\n|-resisted|p1b: Ninetales\n|-damage|p1b: Ninetales|31\/100\n|\n|t:|1701198641\n|switch|p2a: Flutter Mane|Flutter Mane, L50|100\/100|[from] U-turn\n|\n|-weather|Snow|[upkeep]\n|-heal|p1b: Ninetales|37\/100|[from] Grassy Terrain\n|-heal|p1a: Kommo-o|100\/100|[from] Grassy Terrain\n|upkeep\n|turn|5\n|\n|t:|1701198652\n|-terastallize|p1a: Kommo-o|Steel\n|move|p1b: Ninetales|Blizzard|p2b: Urshifu|[spread] p2a,p2b\n|-resisted|p2b: Urshifu\n|-damage|p2a: Flutter Mane|65\/100\n|-damage|p2b: Urshifu|75\/100\n|move|p2b: Urshifu|Surging Strikes|p1b: Ninetales\n|-crit|p1b: Ninetales\n|-damage|p1b: Ninetales|13\/100\n|-crit|p1b: Ninetales\n|-damage|p1b: Ninetales|0 fnt\n|faint|p1b: Ninetales\n|-hitcount|p1: Ninetales|2\n|move|p1a: Kommo-o|Iron Head|p2a: Flutter Mane\n|-supereffective|p2a: Flutter Mane\n|-damage|p2a: Flutter Mane|0 fnt\n|faint|p2a: Flutter Mane\n|-end|p2a: Flutter Mane|Protosynthesis|[silent]\n|\n|-weather|none\n|-heal|p2b: Urshifu|82\/100|[from] Grassy Terrain\n|-fieldend|move: Grassy Terrain\n|upkeep\n|inactive|corrocho8 has 30 seconds left.\n|inactive|corrocho8 has 20 seconds left.\n|\n|t:|1701198689\n|switch|p2a: Rillaboom|Rillaboom, L50, F|100\/100\n|switch|p1b: Landorus|Landorus-Therian, L50, M|60\/100\n|-ability|p1b: Landorus|Intimidate|boost\n|-unboost|p2a: Rillaboom|atk|1\n|-unboost|p2b: Urshifu|atk|1\n|-fieldstart|move: Grassy Terrain|[from] ability: Grassy Surge|[of] p2a: Rillaboom\n|turn|6\n|inactive|LegacyShowden has 30 seconds left.\n|\n|t:|1701198720\n|move|p2a: Rillaboom|Fake Out|p1a: Kommo-o\n|-resisted|p1a: Kommo-o\n|-damage|p1a: Kommo-o|99\/100\n|move|p1b: Landorus|Stomping Tantrum|p2b: Urshifu\n|-damage|p2b: Urshifu|36\/100\n|move|p2b: Urshifu|Surging Strikes|p1b: Landorus\n|-supereffective|p1b: Landorus\n|-crit|p1b: Landorus\n|-damage|p1b: Landorus|8\/100\n|-supereffective|p1b: Landorus\n|-crit|p1b: Landorus\n|-damage|p1b: Landorus|0 fnt\n|faint|p1b: Landorus\n|-hitcount|p1: Landorus|2\n|cant|p1a: Kommo-o|flinch\n|\n|-heal|p2b: Urshifu|42\/100|[from] Grassy Terrain\n|-heal|p1a: Kommo-o|100\/100|[from] Grassy Terrain\n|-sideend|p1: LegacyShowden|move: Tailwind\n|upkeep\n|turn|7\n|inactive|corrocho8 has 30 seconds left.\n|\n|t:|1701198749\n|move|p2b: Urshifu|Surging Strikes|p1a: Kommo-o\n|-crit|p1a: Kommo-o\n|-damage|p1a: Kommo-o|87\/100\n|-crit|p1a: Kommo-o\n|-damage|p1a: Kommo-o|72\/100\n|-crit|p1a: Kommo-o\n|-damage|p1a: Kommo-o|59\/100\n|-hitcount|p1a: Kommo-o|3\n|move|p2a: Rillaboom|Wood Hammer|p1a: Kommo-o\n|-resisted|p1a: Kommo-o\n|-damage|p1a: Kommo-o|53\/100\n|-damage|p2a: Rillaboom|99\/100|[from] Recoil\n|move|p1a: Kommo-o|Body Press|p2b: Urshifu\n|-damage|p2b: Urshifu|0 fnt\n|faint|p2b: Urshifu\n|\n|-heal|p2a: Rillaboom|100\/100|[from] Grassy Terrain\n|-heal|p1a: Kommo-o|59\/100|[from] Grassy Terrain\n|upkeep\n|turn|8\n|\n|t:|1701198768\n|move|p2a: Rillaboom|Grassy Glide|p1a: Kommo-o\n|-resisted|p1a: Kommo-o\n|-damage|p1a: Kommo-o|57\/100\n|move|p1a: Kommo-o|Body Press|p2a: Rillaboom\n|-damage|p2a: Rillaboom|27\/100\n|\n|-heal|p2a: Rillaboom|33\/100|[from] Grassy Terrain\n|-heal|p1a: Kommo-o|63\/100|[from] Grassy Terrain\n|upkeep\n|turn|9\n|-message|corrocho8 forfeited.\n|\n|win|LegacyShowden\n|raw|LegacyShowden's rating: 1316 &rarr; <strong>1331<\/strong><br \/>(+15 for winning)\n|raw|corrocho8's rating: 1226 &rarr; <strong>1207<\/strong><br \/>(-19 for losing)\n|l|\u2606corrocho8\n","uploadtime":1701198786,"views":2,"p1id":"legacyshowden","p2id":"corrocho8","formatid":"gen9vgc2023regulatione","rating":1207,"private":0,"password":""}