{"id":"gen9vgc2023regulatione-1993485362","p1":"luct555","p2":"folovolo","format":"[Gen 9] VGC 2023 Regulation E","log":"|j|\u2606luct555\n|j|\u2606folovolo\n|n|\u2606luct555|luct555\n|n|\u2606folovolo|folovolo\n|html|View the match progress at <a href=\"\/game-bestof3-gen9vgc2023regulatione-1993485361\">game-bestof3-gen9vgc2023regulatione-1993485361<\/a>\n|t:|1700323567\n|gametype|doubles\n|player|p1|luct555|n|\n|player|p2|folovolo|pokemonranger-gen4|\n|teamsize|p1|6\n|teamsize|p2|6\n|gen|9\n|tier|[Gen 9] VGC 2023 Regulation E\n|rated|Tournament battle\n|rule|Species Clause: Limit one of each Pok\u00e9mon\n|rule|Item Clause: Limit one of each item\n|clearpoke\n|poke|p1|Cresselia, L50, F|\n|poke|p1|Gholdengo, L50|\n|poke|p1|Dondozo, L50, F|\n|poke|p1|Iron Hands, L50|\n|poke|p1|Heatran, L50, M|\n|poke|p1|Amoonguss, L50, F|\n|poke|p2|Tornadus, L50, M|\n|poke|p2|Roaring Moon, L50|\n|poke|p2|Landorus-Therian, L50, M|\n|poke|p2|Heatran, L50, F|\n|poke|p2|Iron Hands, L50|\n|poke|p2|Wo-Chien, L50|\n|teampreview|4\n|showteam|p1|Cresselia||CovertCloak|Levitate|LunarBlessing,LightScreen,TrickRoom,Psychic|||F|||50|,,,,,Dark]Gholdengo||IronPlate|GoodasGold|NastyPlot,MakeItRain,ShadowBall,DazzlingGleam||||||50|,,,,,Flying]Dondozo||Leftovers|Unaware|Yawn,Soak,Protect,TeraBlast|||F|||50|,,,,,Grass]Iron Hands||BoosterEnergy|QuarkDrive|SwordsDance,Protect,ThunderPunch,DrainPunch||||||50|,,,,,Fighting]Heatran||SitrusBerry|FlashFire|MagmaStorm,WillOWisp,Substitute,Protect|||M|||50|,,,,,Grass]Amoonguss||RockyHelmet|Regenerator|Spore,Protect,RagePowder,PollenPuff|||F|||50|,,,,,Fire\n|showteam|p2|Tornadus||CovertCloak|Prankster|SunnyDay,Taunt,Tailwind,BleakwindStorm|||M|||50|,,,,,Dark]Roaring Moon||BoosterEnergy|Protosynthesis|DragonDance,Acrobatics,KnockOff,Protect||||||50|,,,,,Flying]Landorus-Therian||ChoiceScarf|Intimidate|TeraBlast,StompingTantrum,RockSlide,Uturn|||M|||50|,,,,,Flying]Heatran||ShucaBerry|FlashFire|FlashCannon,HeatWave,EarthPower,Protect|||F|||50|,,,,,Fairy]Iron Hands||AssaultVest|QuarkDrive|FakeOut,DrainPunch,HeavySlam,WildCharge||||||50|,,,,,Grass]Wo-Chien||Leftovers|TabletsofRuin|FoulPlay,LeechSeed,GigaDrain,Protect||||||50|,,,,,Poison\n|c|\u2606luct555|glhf\n|c|\u2606folovolo|u2\n|\n|t:|1700323608\n|start\n|switch|p1a: Cresselia|Cresselia, L50, F|100\/100\n|switch|p1b: Gholdengo|Gholdengo, L50|100\/100\n|switch|p2a: Roaring Moon|Roaring Moon, L50|100\/100\n|switch|p2b: Tornadus|Tornadus, L50, M|100\/100\n|-enditem|p2a: Roaring Moon|Booster Energy\n|-activate|p2a: Roaring Moon|ability: Protosynthesis|[fromitem]\n|-start|p2a: Roaring Moon|protosynthesisatk\n|turn|1\n|\n|t:|1700323667\n|switch|p1b: Iron Hands|Iron Hands, L50|100\/100\n|-enditem|p1b: Iron Hands|Booster Energy\n|-activate|p1b: Iron Hands|ability: Quark Drive|[fromitem]\n|-start|p1b: Iron Hands|quarkdrivedef\n|-terastallize|p1a: Cresselia|Dark\n|move|p2b: Tornadus|Taunt|p1a: Cresselia\n|-hint|Since gen 7, Dark is immune to Prankster moves.\n|-immune|p1a: Cresselia\n|move|p2a: Roaring Moon|Knock Off|p1b: Iron Hands\n|-resisted|p1b: Iron Hands\n|-crit|p1b: Iron Hands\n|-damage|p1b: Iron Hands|87\/100\n|move|p1a: Cresselia|Trick Room|p1a: Cresselia\n|-fieldstart|move: Trick Room|[of] p1a: Cresselia\n|\n|upkeep\n|turn|2\n|\n|t:|1700323709\n|switch|p2b: Wo-Champion|Wo-Chien, L50|100\/100\n|-ability|p2b: Wo-Champion|Tablets of Ruin\n|move|p2a: Roaring Moon|Protect|p2a: Roaring Moon\n|-singleturn|p2a: Roaring Moon|Protect\n|move|p1b: Iron Hands|Drain Punch|p2a: Roaring Moon\n|-activate|p2a: Roaring Moon|move: Protect\n|move|p1a: Cresselia|Light Screen|p1a: Cresselia\n|-sidestart|p1: luct555|move: Light Screen\n|\n|upkeep\n|turn|3\n|\n|t:|1700323733\n|switch|p1a: Amoonguss|Amoonguss, L50, F|100\/100\n|-end|p2a: Roaring Moon|Protosynthesis|[silent]\n|switch|p2a: Tornadus|Tornadus, L50, M|100\/100\n|move|p1b: Iron Hands|Swords Dance|p1b: Iron Hands\n|-boost|p1b: Iron Hands|atk|2\n|move|p2b: Wo-Champion|Leech Seed|p1b: Iron Hands\n|-start|p1b: Iron Hands|move: Leech Seed\n|\n|-damage|p1b: Iron Hands|74\/100|[from] Leech Seed|[of] p2b: Wo-Champion\n|upkeep\n|turn|4\n|\n|t:|1700323747\n|move|p1a: Amoonguss|Protect|p1a: Amoonguss\n|-singleturn|p1a: Amoonguss|Protect\n|move|p2a: Tornadus|Taunt|p1a: Amoonguss\n|-activate|p1a: Amoonguss|move: Protect\n|move|p1b: Iron Hands|Thunder Punch|p2a: Tornadus\n|-supereffective|p2a: Tornadus\n|-damage|p2a: Tornadus|13\/100\n|move|p2b: Wo-Champion|Foul Play|p1b: Iron Hands\n|-resisted|p1b: Iron Hands\n|-damage|p1b: Iron Hands|58\/100\n|\n|-damage|p1b: Iron Hands|46\/100|[from] Leech Seed|[of] p2b: Wo-Champion\n|upkeep\n|turn|5\n|\n|t:|1700323818\n|move|p2a: Tornadus|Taunt|p1a: Amoonguss\n|-start|p1a: Amoonguss|move: Taunt\n|move|p1a: Amoonguss|Pollen Puff|p2b: Wo-Champion\n|-supereffective|p2b: Wo-Champion\n|-damage|p2b: Wo-Champion|46\/100\n|move|p1b: Iron Hands|Drain Punch|p2a: Tornadus\n|-resisted|p2a: Tornadus\n|-crit|p2a: Tornadus\n|-damage|p2a: Tornadus|0 fnt\n|-heal|p1b: Iron Hands|51\/100|[from] drain|[of] p2a: Tornadus\n|faint|p2a: Tornadus\n|move|p2b: Wo-Champion|Foul Play|p1b: Iron Hands\n|-resisted|p1b: Iron Hands\n|-damage|p1b: Iron Hands|33\/100\n|\n|-heal|p2b: Wo-Champion|53\/100|[from] item: Leftovers\n|-damage|p1b: Iron Hands|21\/100|[from] Leech Seed|[of] p2b: Wo-Champion\n|-heal|p2b: Wo-Champion|69\/100|[silent]\n|-fieldend|move: Trick Room\n|upkeep\n|\n|t:|1700323880\n|switch|p2a: Roaring Moon|Roaring Moon, L50|100\/100\n|turn|6\n|\n|t:|1700323908\n|-terastallize|p2a: Roaring Moon|Flying\n|move|p2b: Wo-Champion|Protect|p2b: Wo-Champion\n|-singleturn|p2b: Wo-Champion|Protect\n|move|p2a: Roaring Moon|Acrobatics|p1b: Iron Hands\n|-damage|p1b: Iron Hands|2\/100\n|move|p1b: Iron Hands|Drain Punch|p2a: Roaring Moon\n|-resisted|p2a: Roaring Moon\n|-damage|p2a: Roaring Moon|72\/100\n|-heal|p1b: Iron Hands|14\/100|[from] drain|[of] p2a: Roaring Moon\n|move|p1a: Amoonguss|Pollen Puff|p2b: Wo-Champion\n|-activate|p2b: Wo-Champion|move: Protect\n|\n|-heal|p2b: Wo-Champion|75\/100|[from] item: Leftovers\n|-damage|p1b: Iron Hands|2\/100|[from] Leech Seed|[of] p2b: Wo-Champion\n|-heal|p2b: Wo-Champion|92\/100|[silent]\n|-sideend|p1: luct555|move: Light Screen\n|upkeep\n|turn|7\n|\n|t:|1700323924\n|move|p2a: Roaring Moon|Acrobatics|p1a: Amoonguss\n|-supereffective|p1a: Amoonguss\n|-damage|p1a: Amoonguss|0 fnt\n|-damage|p2a: Roaring Moon|55\/100|[from] item: Rocky Helmet|[of] p1a: Amoonguss\n|faint|p1a: Amoonguss\n|move|p2b: Wo-Champion|Foul Play|p1b: Iron Hands\n|-resisted|p1b: Iron Hands\n|-damage|p1b: Iron Hands|0 fnt\n|faint|p1b: Iron Hands\n|-end|p1b: Iron Hands|Quark Drive|[silent]\n|\n|-heal|p2b: Wo-Champion|98\/100|[from] item: Leftovers\n|upkeep\n|\n|t:|1700323927\n|switch|p1b: Cresselia|Cresselia, L50, F, tera:Dark|100\/100\n|switch|p1a: Gholdengo|Gholdengo, L50|100\/100\n|turn|8\n|\n|t:|1700323963\n|move|p2a: Roaring Moon|Knock Off|p1a: Gholdengo\n|-supereffective|p1a: Gholdengo\n|-damage|p1a: Gholdengo|4\/100\n|-enditem|p1a: Gholdengo|Iron Plate|[from] move: Knock Off|[of] p2a: Roaring Moon\n|move|p2b: Wo-Champion|Foul Play|p1a: Gholdengo\n|-supereffective|p1a: Gholdengo\n|-damage|p1a: Gholdengo|0 fnt\n|faint|p1a: Gholdengo\n|move|p1b: Cresselia|Trick Room|p1b: Cresselia\n|-fieldstart|move: Trick Room|[of] p1b: Cresselia\n|\n|-heal|p2b: Wo-Champion|100\/100|[from] item: Leftovers\n|upkeep\n|turn|9\n|c|\u2606luct555|gg\n|-message|luct555 forfeited.\n|\n|win|folovolo\n|l|\u2606luct555\n|c|&|\/uhtml prompt-luct555,luct555 is ready for game 2!\n|c|&|\/uhtml prompt-folovolo,folovolo is ready for game 2!\nBoth players are ready! Starting next match!\n","uploadtime":1700323984,"views":19,"p1id":"luct555","p2id":"folovolo","formatid":"gen9vgc2023regulatione","rating":0,"private":0,"password":""}