{"id":"gen9vgc2023regulatione-1991602581","p1":"cmackthedefiler","p2":"JDPhoenix","format":"[Gen 9] VGC 2023 Regulation E","log":"|j|\u2606cmackthedefiler\n|j|\u2606JDPhoenix\n|t:|1700093051\n|gametype|doubles\n|player|p1|cmackthedefiler|scientist-gen4dp|1020\n|player|p2|JDPhoenix|266|1051\n|teamsize|p1|6\n|teamsize|p2|6\n|gen|9\n|tier|[Gen 9] VGC 2023 Regulation E\n|rated|\n|rule|Species Clause: Limit one of each Pok\u00e9mon\n|rule|Item Clause: Limit one of each item\n|clearpoke\n|poke|p1|Arbok, L50, M|\n|poke|p1|Tornadus, L50, M|\n|poke|p1|Clefairy, L50, M|\n|poke|p1|Politoed, L50, F|\n|poke|p1|Kommo-o, L50, M|\n|poke|p1|Bellibolt, L50, M|\n|poke|p2|Dusclops, L50, F|\n|poke|p2|Sinistcha-Masterpiece, L50|\n|poke|p2|Ursaluna-Bloodmoon, L50, M|\n|poke|p2|Iron Hands, L50|\n|poke|p2|Ogerpon-Wellspring, L50, F|\n|poke|p2|Landorus-Therian, L50, M|\n|teampreview|4\n|\n|t:|1700093072\n|start\n|switch|p1a: Politoed|Politoed, L50, F|100\/100\n|switch|p1b: Tornadus|Tornadus, L50, M|100\/100\n|switch|p2a: Sinistcha|Sinistcha-Masterpiece, L50, shiny|100\/100\n|switch|p2b: Iron Hands|Iron Hands, L50|100\/100\n|-weather|RainDance|[from] ability: Drizzle|[of] p1a: Politoed\n|turn|1\n|\n|t:|1700093094\n|-terastallize|p2a: Sinistcha|Water\n|move|p2b: Iron Hands|Fake Out|p1b: Tornadus\n|-damage|p1b: Tornadus|73\/100\n|move|p1b: Tornadus|Tailwind|p1b: Tornadus\n|-sidestart|p1: cmackthedefiler|move: Tailwind\n|move|p1a: Politoed|Hyper Voice|p2a: Sinistcha|[spread] p2a,p2b\n|-damage|p2a: Sinistcha|81\/100\n|-damage|p2b: Iron Hands|88\/100\n|-enditem|p1a: Politoed|Throat Spray\n|-boost|p1a: Politoed|spa|1|[from] item: Throat Spray\n|move|p2a: Sinistcha|Trick Room|p2a: Sinistcha\n|-fieldstart|move: Trick Room|[of] p2a: Sinistcha\n|\n|-weather|RainDance|[upkeep]\n|upkeep\n|turn|2\n|\n|t:|1700093118\n|move|p2b: Iron Hands|Wild Charge|p1a: Politoed\n|-supereffective|p1a: Politoed\n|-damage|p1a: Politoed|0 fnt\n|faint|p1a: Politoed\n|-damage|p2b: Iron Hands|72\/100|[from] Recoil\n|move|p2a: Sinistcha|Matcha Gotcha|p1b: Tornadus\n|-resisted|p1b: Tornadus\n|-damage|p1b: Tornadus|49\/100\n|-heal|p2a: Sinistcha|92\/100|[from] drain|[of] p1b: Tornadus\n|move|p1b: Tornadus|Bleakwind Storm|p2a: Sinistcha|[spread] p2a,p2b\n|-damage|p2a: Sinistcha|57\/100\n|-damage|p2b: Iron Hands|46\/100\n|-unboost|p2b: Iron Hands|spe|1\n|\n|-weather|RainDance|[upkeep]\n|upkeep\n|\n|t:|1700093138\n|switch|p1a: Arbok|Arbok, L50, M|100\/100\n|-ability|p1a: Arbok|Intimidate|boost\n|-unboost|p2a: Sinistcha|atk|1\n|-unboost|p2b: Iron Hands|atk|1\n|turn|3\n|\n|t:|1700093154\n|switch|p2a: Landorus|Landorus-Therian, L50, M|100\/100\n|-ability|p2a: Landorus|Intimidate|boost\n|-unboost|p1a: Arbok|atk|1\n|-unboost|p1b: Tornadus|atk|1\n|move|p2b: Iron Hands|Wild Charge|p1b: Tornadus\n|-supereffective|p1b: Tornadus\n|-damage|p1b: Tornadus|0 fnt\n|faint|p1b: Tornadus\n|-damage|p2b: Iron Hands|39\/100|[from] Recoil\n|move|p1a: Arbok|Coil|p1a: Arbok\n|-boost|p1a: Arbok|atk|1\n|-boost|p1a: Arbok|def|1\n|-boost|p1a: Arbok|accuracy|1\n|\n|-weather|RainDance|[upkeep]\n|upkeep\n|\n|t:|1700093169\n|switch|p1b: Clefairy|Clefairy, L50, M|100\/100\n|turn|4\n|\n|t:|1700093188\n|-terastallize|p1a: Arbok|Dragon\n|move|p2b: Iron Hands|Heavy Slam|p1b: Clefairy\n|-supereffective|p1b: Clefairy\n|-damage|p1b: Clefairy|40\/100\n|move|p1b: Clefairy|Reflect|p1b: Clefairy\n|-sidestart|p1: cmackthedefiler|Reflect\n|move|p1a: Arbok|Scale Shot|p2b: Iron Hands\n|-damage|p2b: Iron Hands|32\/100\n|-damage|p2b: Iron Hands|25\/100\n|-damage|p2b: Iron Hands|17\/100\n|-damage|p2b: Iron Hands|10\/100\n|-damage|p2b: Iron Hands|2\/100\n|-hitcount|p2b: Iron Hands|5\n|-unboost|p1a: Arbok|def|1\n|-boost|p1a: Arbok|spe|1\n|move|p2a: Landorus|Rock Slide|p1b: Clefairy|[spread] p1a,p1b\n|-damage|p1a: Arbok|84\/100\n|-damage|p1b: Clefairy|26\/100\n|\n|-weather|RainDance|[upkeep]\n|-sideend|p1: cmackthedefiler|move: Tailwind\n|upkeep\n|turn|5\n|\n|t:|1700093222\n|switch|p2a: Sinistcha|Sinistcha-Masterpiece, L50, shiny, tera:Water|57\/100\n|-heal|p2b: Iron Hands|27\/100|[from] ability: Hospitality|[of] p2a: Sinistcha\n|move|p2b: Iron Hands|Heavy Slam|p1b: Clefairy\n|-supereffective|p1b: Clefairy\n|-damage|p1b: Clefairy|0 fnt\n|faint|p1b: Clefairy\n|move|p1a: Arbok|Scale Shot|p2b: Iron Hands\n|-damage|p2b: Iron Hands|19\/100\n|-damage|p2b: Iron Hands|10\/100\n|-damage|p2b: Iron Hands|3\/100\n|-damage|p2b: Iron Hands|0 fnt\n|faint|p2b: Iron Hands\n|-end|p2b: Iron Hands|Quark Drive|[silent]\n|-hitcount|p2: Iron Hands|4\n|-unboost|p1a: Arbok|def|1\n|-boost|p1a: Arbok|spe|1\n|\n|-weather|none\n|-fieldend|move: Trick Room\n|upkeep\n|\n|t:|1700093242\n|switch|p2b: Landorus|Landorus-Therian, L50, M|100\/100\n|-ability|p2b: Landorus|Intimidate|boost\n|-unboost|p1a: Arbok|atk|1\n|turn|6\n|\n|t:|1700093259\n|move|p2b: Landorus|Rock Slide|p1a: Arbok\n|-damage|p1a: Arbok|43\/100\n|move|p1a: Arbok|Scale Shot|p2a: Sinistcha\n|-crit|p2a: Sinistcha\n|-damage|p2a: Sinistcha|40\/100\n|-damage|p2a: Sinistcha|32\/100\n|-damage|p2a: Sinistcha|25\/100\n|-damage|p2a: Sinistcha|18\/100\n|-hitcount|p2a: Sinistcha|4\n|-unboost|p1a: Arbok|def|1\n|-boost|p1a: Arbok|spe|1\n|move|p2a: Sinistcha|Trick Room|p2a: Sinistcha\n|-fieldstart|move: Trick Room|[of] p2a: Sinistcha\n|\n|upkeep\n|turn|7\n|\n|t:|1700093282\n|switch|p2b: Ursaluna|Ursaluna-Bloodmoon, L50, M|100\/100\n|move|p2a: Sinistcha|Strength Sap|p1a: Arbok\n|-unboost|p1a: Arbok|atk|1\n|-heal|p2a: Sinistcha|79\/100\n|move|p1a: Arbok|Scale Shot|p2b: Ursaluna\n|-damage|p2b: Ursaluna|96\/100\n|-damage|p2b: Ursaluna|92\/100\n|-damage|p2b: Ursaluna|87\/100\n|-damage|p2b: Ursaluna|83\/100\n|-hitcount|p2b: Ursaluna|4\n|-unboost|p1a: Arbok|def|1\n|-boost|p1a: Arbok|spe|1\n|\n|upkeep\n|turn|8\n|\n|t:|1700093303\n|move|p2a: Sinistcha|Rage Powder|p2a: Sinistcha\n|-singleturn|p2a: Sinistcha|move: Rage Powder\n|move|p2b: Ursaluna|Blood Moon|p1a: Arbok\n|-damage|p1a: Arbok|0 fnt\n|faint|p1a: Arbok\n|-damage|p2b: Ursaluna|73\/100|[from] item: Life Orb\n|\n|win|JDPhoenix\n|raw|cmackthedefiler's rating: 1020 &rarr; <strong>1008<\/strong><br \/>(-12 for losing)\n|raw|JDPhoenix's rating: 1051 &rarr; <strong>1080<\/strong><br \/>(+29 for winning)\n|l|\u2606cmackthedefiler\n","uploadtime":1700093319,"views":12,"p1id":"cmackthedefiler","p2id":"jdphoenix","formatid":"gen9vgc2023regulatione","rating":1008,"private":0,"password":""}