{"id":"gen9vgc2023regulatione-1993907754","p1":"tomcheung22","p2":"legndrygoatedXD69","format":"[Gen 9] VGC 2023 Regulation E","log":"|j|\u2606tomcheung22\n|j|\u2606legndrygoatedXD69\n|t:|1700373487\n|gametype|doubles\n|player|p1|tomcheung22|lady-gen4|\n|player|p2|legndrygoatedXD69|iono|\n|teamsize|p1|6\n|teamsize|p2|6\n|gen|9\n|tier|[Gen 9] VGC 2023 Regulation E\n|rated|Tournament battle\n|rule|Species Clause: Limit one of each Pok\u00e9mon\n|rule|Item Clause: Limit one of each item\n|clearpoke\n|poke|p1|Armarouge, L50, M|\n|poke|p1|Indeedee-F, L50, F|\n|poke|p1|Scream Tail, L50|\n|poke|p1|Dondozo, L50, F|\n|poke|p1|Tatsugiri, L50, M|\n|poke|p1|Iron Hands, L50|\n|poke|p2|Chien-Pao, L50|\n|poke|p2|Landorus-Therian, L50, M|\n|poke|p2|Urshifu-*, L50, M|\n|poke|p2|Tornadus, L50, M|\n|poke|p2|Farigiraf, L50, F|\n|poke|p2|Roaring Moon, L50|\n|teampreview|4\n|showteam|p1|Armarouge||MindPlate|FlashFire|ArmorCannon,ExpandingForce,WideGuard,TrickRoom|||M|||50|,,,,,Psychic]Indeedee-F||PsychicSeed|PsychicSurge|DazzlingGleam,FollowMe,HelpingHand,TrickRoom|||F|||50|,,,,,Grass]Scream Tail||RoomService|Protosynthesis|PsychicFangs,DrainPunch,Howl,TrickRoom||||||50|,,,,,Water]Dondozo||SafetyGoggles|Oblivious|WaveCrash,TeraBlast,Earthquake,Protect|||F|||50|,,,,,Flying]Tatsugiri||AbilityShield|Commander|MuddyWater,DracoMeteor,Taunt,Protect|||M|||50|,,,,,Steel]Iron Hands||ClearAmulet|QuarkDrive|WildCharge,DrainPunch,IcePunch,FakeOut||||||50|,,,,,Grass\n|showteam|p2|Chien-Pao||FocusSash|SwordofRuin|IceSpinner,SuckerPunch,Haze,Protect||||||50|,,,,,Ghost]Landorus-Therian||ChoiceBand|Intimidate|StompingTantrum,TeraBlast,RockSlide,Uturn|||M|||50|,,,,,Flying]Urshifu||LifeOrb|UnseenFist|WickedBlow,CloseCombat,SuckerPunch,Detect|||M|||50|,,,,,Dark]Tornadus||CovertCloak|Prankster|Tailwind,Taunt,BleakwindStorm,IcyWind|||M|||50|,,,,,Steel]Farigiraf||RockyHelmet|ArmorTail|HyperVoice,Psyshock,TrickRoom,Imprison|||F|||50|,,,,,Fairy]Roaring Moon||BoosterEnergy|Protosynthesis|KnockOff,RockSlide,DragonDance,Protect||||||50|,,,,,Rock\n|j|%Radio Free C-Side\n|j| TheCounterTeamer\n|c|\u2606legndrygoatedXD69|glhf\n|l| TheCounterTeamer\n|j| christianfinity\n|\n|t:|1700373539\n|start\n|switch|p1a: Indeedee|Indeedee-F, L50, F|100\/100\n|switch|p1b: Armarouge|Armarouge, L50, M|100\/100\n|switch|p2a: Chien-Pao|Chien-Pao, L50|100\/100\n|switch|p2b: Farigiraf|Farigiraf, L50, F|100\/100\n|-ability|p2a: Chien-Pao|Sword of Ruin\n|-fieldstart|move: Psychic Terrain|[from] ability: Psychic Surge|[of] p1a: Indeedee\n|-enditem|p1a: Indeedee|Psychic Seed\n|-boost|p1a: Indeedee|spd|1|[from] item: Psychic Seed\n|turn|1\n|\n|t:|1700373562\n|move|p2a: Chien-Pao|Ice Spinner|p1a: Indeedee\n|-damage|p1a: Indeedee|41\/100\n|-fieldend|move: Psychic Terrain\n|move|p1a: Indeedee|Dazzling Gleam|p2a: Chien-Pao|[spread] p2a,p2b\n|-supereffective|p2a: Chien-Pao\n|-damage|p2a: Chien-Pao|57\/100\n|-damage|p2b: Farigiraf|88\/100\n|move|p2b: Farigiraf|Imprison|p2b: Farigiraf\n|-start|p2b: Farigiraf|move: Imprison\n|move|p1b: Armarouge|Armor Cannon|p2a: Chien-Pao\n|-supereffective|p2a: Chien-Pao\n|-crit|p2a: Chien-Pao\n|-damage|p2a: Chien-Pao|0 fnt\n|-unboost|p1b: Armarouge|def|1\n|-unboost|p1b: Armarouge|spd|1\n|faint|p2a: Chien-Pao\n|\n|upkeep\n|\n|t:|1700373578\n|switch|p2a: Landorus|Landorus-Therian, L50, M|100\/100\n|-ability|p2a: Landorus|Intimidate|boost\n|-unboost|p1a: Indeedee|atk|1\n|-unboost|p1b: Armarouge|atk|1\n|turn|2\n|\n|t:|1700373614\n|move|p1a: Indeedee|Follow Me|p1a: Indeedee\n|-singleturn|p1a: Indeedee|move: Follow Me\n|move|p2a: Landorus|U-turn|p1a: Indeedee\n|-supereffective|p1a: Indeedee\n|-damage|p1a: Indeedee|0 fnt\n|faint|p1a: Indeedee\n|\n|t:|1700373619\n|switch|p2a: Urshifu|Urshifu, L50, M|100\/100|[from] U-turn\n|move|p2b: Farigiraf|Hyper Voice|p1b: Armarouge\n|-damage|p1b: Armarouge|31\/100\n|move|p1b: Armarouge|Armor Cannon|p2a: Urshifu\n|-damage|p2a: Urshifu|4\/100\n|-unboost|p1b: Armarouge|def|1\n|-unboost|p1b: Armarouge|spd|1\n|\n|upkeep\n|\n|t:|1700373629\n|switch|p1a: Scream Tail|Scream Tail, L50|100\/100\n|turn|3\n|\n|t:|1700373643\n|move|p2a: Urshifu|Detect|p2a: Urshifu\n|-singleturn|p2a: Urshifu|Protect\n|move|p1a: Scream Tail|Drain Punch|p2a: Urshifu\n|-activate|p2a: Urshifu|move: Protect\n|move|p2b: Farigiraf|Hyper Voice|p1a: Scream Tail|[spread] p1a,p1b\n|-damage|p1a: Scream Tail|80\/100\n|-damage|p1b: Armarouge|0 fnt\n|faint|p1b: Armarouge\n|\n|upkeep\n|\n|t:|1700373652\n|switch|p1b: Iron Hands|Iron Hands, L50|100\/100\n|turn|4\n|\n|t:|1700373664\n|switch|p2a: Landorus|Landorus-Therian, L50, M|100\/100\n|-ability|p2a: Landorus|Intimidate|boost\n|-unboost|p1a: Scream Tail|atk|1\n|-fail|p1b: Iron Hands|unboost|[from] item: Clear Amulet|[of] p1b: Iron Hands\n|move|p1a: Scream Tail|Howl|p1a: Scream Tail|[spread] p1a,p1b\n|-boost|p1a: Scream Tail|atk|1\n|-boost|p1b: Iron Hands|atk|1\n|move|p2b: Farigiraf|Hyper Voice|p1b: Iron Hands|[spread] p1a,p1b\n|-damage|p1a: Scream Tail|60\/100\n|-damage|p1b: Iron Hands|75\/100\n|move|p1b: Iron Hands|Drain Punch|p2b: Farigiraf\n|-damage|p2b: Farigiraf|28\/100\n|-heal|p1b: Iron Hands|100\/100|[from] drain|[of] p2b: Farigiraf\n|-damage|p1b: Iron Hands|84\/100|[from] item: Rocky Helmet|[of] p2b: Farigiraf\n|\n|upkeep\n|turn|5\n|\n|t:|1700373695\n|-terastallize|p2a: Landorus|Flying\n|move|p2a: Landorus|Tera Blast|p1b: Iron Hands|[anim] Tera Blast Flying\n|-damage|p1b: Iron Hands|17\/100\n|move|p1a: Scream Tail|Howl|p1a: Scream Tail|[spread] p1a,p1b\n|-boost|p1a: Scream Tail|atk|1\n|-boost|p1b: Iron Hands|atk|1\n|move|p2b: Farigiraf|Hyper Voice|p1b: Iron Hands|[spread] p1a,p1b\n|-crit|p1b: Iron Hands\n|-damage|p1a: Scream Tail|37\/100\n|-damage|p1b: Iron Hands|0 fnt\n|faint|p1b: Iron Hands\n|-end|p1b: Iron Hands|Quark Drive|[silent]\n|\n|upkeep\n|turn|6\n|c|\u2606tomcheung22|ggs\n|-message|tomcheung22 forfeited.\n|\n|win|legndrygoatedXD69\n|n|\u2606tomcheung22|tomcheung22\n|n|\u2606legndrygoatedXD69|legndrygoatedxd69\n|n| Radio Free C-Side|radiofreecside\n|n| christianfinity|christianfinity\n","uploadtime":1700373711,"views":8,"p1id":"tomcheung22","p2id":"legndrygoatedxd69","formatid":"gen9vgc2023regulatione","rating":0,"private":0,"password":""}