{"id":"gen9vgc2023regulatione-1997526754","p1":"perceived slight","p2":"Ytterby","format":"[Gen 9] VGC 2023 Regulation E","log":"|j|\u2606perceived slight\n|j|\u2606Ytterby\n|n|\u2606perceived slight|perceivedslight\n|n|\u2606Ytterby|ytterby\n|html|View the match progress at <a href=\"\/game-bestof3-gen9vgc2023regulatione-1997519825\">game-bestof3-gen9vgc2023regulatione-1997519825<\/a>\n|t:|1700820401\n|gametype|doubles\n|player|p1|perceived slight|ninjaboy|\n|player|p2|Ytterby|brycenman|\n|teamsize|p1|6\n|teamsize|p2|6\n|gen|9\n|tier|[Gen 9] VGC 2023 Regulation E\n|rule|Species Clause: Limit one of each Pok\u00e9mon\n|rule|Item Clause: Limit one of each item\n|clearpoke\n|poke|p1|Regieleki, L50|\n|poke|p1|Corviknight, L50, M|\n|poke|p1|Amoonguss, L50, M|\n|poke|p1|Urshifu-*, L50, F|\n|poke|p1|Dragapult, L50, M|\n|poke|p1|Ting-Lu, L50|\n|poke|p2|Indeedee-F, L50, F|\n|poke|p2|Armarouge, L50, F|\n|poke|p2|Torkoal, L50, M|\n|poke|p2|Amoonguss, L50, F|\n|poke|p2|Ursaluna-Bloodmoon, L50, M|\n|poke|p2|Gastrodon, L50, F|\n|teampreview|4\nYtterby has agreed to open team sheets.\n|c|\u2606Ytterby|Absolutely fucking killed \ud83d\ude02\nperceived slight has agreed to open team sheets.\n|showteam|p1|Regieleki||Magnet|Transistor|Thunderbolt,Electroweb,TeraBlast,Protect||||||50|,,,,,Ice]Corviknight||Leftovers|MirrorArmor|BraveBird,Roost,Taunt,BulkUp|||M|||50|,,,,,Dragon]Amoonguss||RockyHelmet|Regenerator|Spore,RagePowder,ClearSmog,PollenPuff|||M|||50|,,,,,Water]Urshifu-Rapid-Strike||ChoiceScarf|UnseenFist|SurgingStrikes,CloseCombat,Uturn,PoisonJab|||F|||50|,,,,,Water]Dragapult||FocusSash|ClearBody|WillOWisp,DragonDarts,Disable,Protect|||M|||50|,,,,,Fairy]Ting-Lu||SitrusBerry|VesselofRuin|Payback,StompingTantrum,HeavySlam,Protect||||||50|,,,,,Fire\n|showteam|p2|Indeedee-F||PsychicSeed|PsychicSurge|FollowMe,TrickRoom,HelpingHand,Psychic|||F|||50|,,,,,Water]Armarouge||LifeOrb|FlashFire|ExpandingForce,HeatWave,TrickRoom,WideGuard|||F|||50|,,,,,Grass]Torkoal||ChoiceSpecs|Drought|Eruption,Flamethrower,SolarBeam,EarthPower|||M|||50|,,,,,Fire]Amoonguss||SitrusBerry|Regenerator|Spore,PollenPuff,RagePowder,Protect|||F|||50|,,,,,Water]Ursaluna-Bloodmoon||AssaultVest|MindsEye|HyperVoice,BloodMoon,EarthPower,Moonblast|||M|||50|,,,,,Fairy]Gastrodon||Leftovers|StormDrain|Counter,MirrorCoat,MuddyWater,Protect|||F|||50|,,,,,Dragon\n|c|\u2606perceived slight|okay just do that again\n|c|\u2606perceived slight|simples \ud83e\udd23\n|\n|t:|1700820447\n|start\n|switch|p1a: Urshifu|Urshifu-Rapid-Strike, L50, F|100\/100\n|switch|p1b: Ting-Lu|Ting-Lu, L50|100\/100\n|switch|p2a: Indeedee|Indeedee-F, L50, F|100\/100\n|switch|p2b: Armarouge|Armarouge, L50, F|100\/100\n|-fieldstart|move: Psychic Terrain|[from] ability: Psychic Surge|[of] p2a: Indeedee\n|-enditem|p2a: Indeedee|Psychic Seed\n|-boost|p2a: Indeedee|spd|1|[from] item: Psychic Seed\n|-ability|p1b: Ting-Lu|Vessel of Ruin\n|turn|1\n|\n|t:|1700820489\n|move|p2a: Indeedee|Follow Me|p2a: Indeedee\n|-singleturn|p2a: Indeedee|move: Follow Me\n|move|p1a: Urshifu|U-turn|p2a: Indeedee\n|-supereffective|p2a: Indeedee\n|-damage|p2a: Indeedee|44\/100\n|\n|t:|1700820495\n|switch|p1a: Corviknight|Corviknight, L50, M|100\/100|[from] U-turn\n|move|p1b: Ting-Lu|Payback|p2a: Indeedee\n|-supereffective|p2a: Indeedee\n|-damage|p2a: Indeedee|0 fnt\n|faint|p2a: Indeedee\n|move|p2b: Armarouge|Trick Room|p2b: Armarouge\n|-fieldstart|move: Trick Room|[of] p2b: Armarouge\n|\n|upkeep\n|\n|t:|1700820506\n|switch|p2a: Amoonguss|Amoonguss, L50, F|100\/100\n|turn|2\n|l|\u2606perceived slight\n|player|p1|\n|j|\u2606perceived slight\n|player|p1|perceived slight|ninjaboy\n|c|\u2606perceived slight|sorry my showdown client in my phone is so c\n|c|\u2606perceived slight|cshit\n|\n|t:|1700820605\n|-terastallize|p2b: Armarouge|Grass\n|-terastallize|p1a: Corviknight|Dragon\n|move|p1b: Ting-Lu|Protect|p1b: Ting-Lu\n|-singleturn|p1b: Ting-Lu|Protect\n|move|p2a: Amoonguss|Spore|p1a: Corviknight\n|-status|p1a: Corviknight|slp|[from] move: Spore\n|move|p2b: Armarouge|Heat Wave|p1b: Ting-Lu|[spread] p1a\n|-activate|p1b: Ting-Lu|move: Protect\n|-resisted|p1a: Corviknight\n|-damage|p1a: Corviknight|87\/100 slp\n|-damage|p2b: Armarouge|91\/100|[from] item: Life Orb\n|cant|p1a: Corviknight|slp\n|\n|-heal|p1a: Corviknight|93\/100 slp|[from] item: Leftovers\n|upkeep\n|turn|3\n|c|\u2606perceived slight|fack\n|c|\u2606perceived slight|every choice is the wrong one there\n|\n|t:|1700820641\n|move|p2a: Amoonguss|Spore|p1b: Ting-Lu\n|-status|p1b: Ting-Lu|slp|[from] move: Spore\n|cant|p1b: Ting-Lu|slp\n|move|p2b: Armarouge|Heat Wave|p1a: Corviknight|[spread] p1a,p1b\n|-resisted|p1a: Corviknight\n|-damage|p1a: Corviknight|80\/100 slp\n|-damage|p1b: Ting-Lu|69\/100 slp\n|-damage|p2b: Armarouge|81\/100|[from] item: Life Orb\n|-curestatus|p1a: Corviknight|slp|[msg]\n|move|p1a: Corviknight|Brave Bird|p2b: Armarouge\n|-supereffective|p2b: Armarouge\n|-damage|p2b: Armarouge|8\/100\n|-damage|p1a: Corviknight|58\/100|[from] Recoil\n|\n|-heal|p1a: Corviknight|64\/100|[from] item: Leftovers\n|upkeep\n|turn|4\n|\n|t:|1700820717\n|switch|p1a: Amoonguss|Amoonguss, L50, M|100\/100\n|move|p2a: Amoonguss|Spore|p1a: Amoonguss\n|-immune|p1a: Amoonguss\n|cant|p1b: Ting-Lu|slp\n|move|p2b: Armarouge|Expanding Force|p1b: Ting-Lu|[spread] p1a\n|-immune|p1b: Ting-Lu\n|-supereffective|p1a: Amoonguss\n|-damage|p1a: Amoonguss|0 fnt\n|faint|p1a: Amoonguss\n|-damage|p2b: Armarouge|0 fnt|[from] item: Life Orb\n|faint|p2b: Armarouge\n|\n|upkeep\n|\n|t:|1700820736\n|switch|p1a: Urshifu|Urshifu-Rapid-Strike, L50, F|100\/100\n|switch|p2b: Ursaluna|Ursaluna-Bloodmoon, L50, M|100\/100\n|turn|5\n|c|\u2606Ytterby|Taking way my opponents options is kinda the goal of this team\n|c|\u2606perceived slight|yeah\n|c|\u2606perceived slight|i do have to be so careful around amoonguss with this squad\n|c|\u2606Ytterby|Having a switchin is nice\n|c|\u2606Ytterby|Got room for goggles anywhere?\n|c|\u2606perceived slight|was thinking about it on eleki\n|c|\u2606perceived slight|but like amoonguss never an issue outside of trick room\n|\n|t:|1700820884\n|switch|p1a: Corviknight|Corviknight, L50, M, tera:Dragon|64\/100\n|move|p2a: Amoonguss|Protect|p2a: Amoonguss\n|-singleturn|p2a: Amoonguss|Protect\n|-curestatus|p1b: Ting-Lu|slp|[msg]\n|move|p1b: Ting-Lu|Heavy Slam|p2a: Amoonguss\n|-activate|p2a: Amoonguss|move: Protect\n|move|p2b: Ursaluna|Moonblast|p1a: Corviknight\n|-supereffective|p1a: Corviknight\n|-damage|p1a: Corviknight|25\/100\n|-ability|p1a: Corviknight|Mirror Armor\n|-unboost|p2b: Ursaluna|spa|1\n|\n|-heal|p1a: Corviknight|31\/100|[from] item: Leftovers\n|-fieldend|move: Trick Room\n|-fieldend|move: Psychic Terrain\n|upkeep\n|turn|6\n|c|\u2606perceived slight|and corv benefits from the leftovers too much i think\n|c|\u2606Ytterby|Omfg xD\n|c|\u2606Ytterby|Mirror armour is so good\n|c|\u2606perceived slight|lol i'll take that\n|\n|t:|1700820936\n|move|p1a: Corviknight|Taunt|p2a: Amoonguss\n|-start|p2a: Amoonguss|move: Taunt\n|move|p2b: Ursaluna|Moonblast|p1a: Corviknight\n|-supereffective|p1a: Corviknight\n|-damage|p1a: Corviknight|3\/100\n|-ability|p1a: Corviknight|Mirror Armor\n|-unboost|p2b: Ursaluna|spa|1\n|move|p1b: Ting-Lu|Heavy Slam|p2a: Amoonguss\n|-damage|p2a: Amoonguss|60\/100\n|cant|p2a: Amoonguss|move: Taunt|Spore\n|\n|-heal|p1a: Corviknight|9\/100|[from] item: Leftovers\n|upkeep\n|turn|7\n|c|\u2606Ytterby|I'm dying lol\n|c|\u2606perceived slight|fucking hell \ud83e\udd23\n|c|\u2606Ytterby|Saving this one\n|\n|t:|1700820971\n|move|p1a: Corviknight|Roost|p1a: Corviknight\n|-heal|p1a: Corviknight|60\/100\n|move|p2b: Ursaluna|Blood Moon|p1a: Corviknight\n|-damage|p1a: Corviknight|39\/100\n|move|p1b: Ting-Lu|Heavy Slam|p2a: Amoonguss\n|-damage|p2a: Amoonguss|21\/100\n|-enditem|p2a: Amoonguss|Sitrus Berry|[eat]\n|-heal|p2a: Amoonguss|46\/100|[from] item: Sitrus Berry\n|move|p2a: Amoonguss|Pollen Puff|p1a: Corviknight\n|-damage|p1a: Corviknight|28\/100\n|\n|-heal|p1a: Corviknight|34\/100|[from] item: Leftovers\n|upkeep\n|turn|8\n|\n|t:|1700820994\n|move|p1a: Corviknight|Brave Bird|p2a: Amoonguss\n|-supereffective|p2a: Amoonguss\n|-damage|p2a: Amoonguss|0 fnt\n|faint|p2a: Amoonguss\n|-damage|p1a: Corviknight|18\/100|[from] Recoil\n|move|p2b: Ursaluna|Moonblast|p1b: Ting-Lu\n|-supereffective|p1b: Ting-Lu\n|-damage|p1b: Ting-Lu|48\/100\n|-enditem|p1b: Ting-Lu|Sitrus Berry|[eat]\n|-heal|p1b: Ting-Lu|73\/100|[from] item: Sitrus Berry\n|move|p1b: Ting-Lu|Payback|p2b: Ursaluna\n|-damage|p2b: Ursaluna|65\/100\n|\n|-heal|p1a: Corviknight|24\/100|[from] item: Leftovers\n|upkeep\n|turn|9\n|c|\u2606Ytterby|Yeah ggs xD\n|\n|t:|1700821012\n|move|p1a: Corviknight|Roost|p1a: Corviknight\n|-heal|p1a: Corviknight|74\/100\n|move|p2b: Ursaluna|Blood Moon|p1a: Corviknight\n|-damage|p1a: Corviknight|52\/100\n|move|p1b: Ting-Lu|Payback|p2b: Ursaluna\n|-damage|p2b: Ursaluna|26\/100\n|\n|-heal|p1a: Corviknight|58\/100|[from] item: Leftovers\n|upkeep\n|turn|10\n|c|\u2606perceived slight|ggs friend\n|\n|t:|1700821038\n|move|p1a: Corviknight|Brave Bird|p2b: Ursaluna\n|-damage|p2b: Ursaluna|0 fnt\n|faint|p2b: Ursaluna\n|-damage|p1a: Corviknight|49\/100|[from] Recoil\n|\n|win|perceived slight\n","uploadtime":1700821041,"views":10,"p1id":"perceivedslight","p2id":"ytterby","formatid":"gen9vgc2023regulatione","rating":0,"private":0,"password":""}