{"id":"gen9vgc2023regulatione-1996197010","p1":"Choruto","p2":"Paolance","format":"[Gen 9] VGC 2023 Regulation E","log":"|j|\u2606Choruto\n|j|\u2606Paolance\n|n|\u2606Choruto|choruto\n|n|\u2606Paolance|paolance\n|html|View the match progress at <a href=\"\/game-bestof3-gen9vgc2023regulatione-1996197009\">game-bestof3-gen9vgc2023regulatione-1996197009<\/a>\n|t:|1700657933\n|gametype|doubles\n|player|p1|Choruto|fisherman|\n|player|p2|Paolance|102|\n|teamsize|p1|6\n|teamsize|p2|6\n|gen|9\n|tier|[Gen 9] VGC 2023 Regulation E\n|rated|Tournament battle\n|rule|Species Clause: Limit one of each Pok\u00e9mon\n|rule|Item Clause: Limit one of each item\n|clearpoke\n|poke|p1|Tornadus, L50, M|\n|poke|p1|Farigiraf, L50, F|\n|poke|p1|Rotom-Heat, L50|\n|poke|p1|Ogerpon-Wellspring, L50, F|\n|poke|p1|Landorus-Therian, L50, M|\n|poke|p1|Flutter Mane, L50|\n|poke|p2|Tornadus, L50, M|\n|poke|p2|Flutter Mane, L50|\n|poke|p2|Rillaboom, L50, F|\n|poke|p2|Urshifu-*, L50, M|\n|poke|p2|Chien-Pao, L50|\n|poke|p2|Arcanine-Hisui, L50, F|\n|teampreview|4\n|showteam|p1|Tornadus||SkyPlate|Prankster|BleakwindStorm,Tailwind,Taunt,RainDance|||M|||50|,,,,,Flying]Farigiraf||SitrusBerry|ArmorTail|Psychic,HyperVoice,TrickRoom,Imprison|||F|||50|,,,,,Water]Rotom-Heat||SafetyGoggles|Levitate|Overheat,Thunderbolt,NastyPlot,Protect||||||50|,,,,,Water]Ogerpon-Wellspring||WellspringMask|WaterAbsorb|IvyCudgel,HornLeech,FollowMe,SpikyShield|||F|||50|,,,,,Water]Landorus-Therian||LifeOrb|Intimidate|TeraBlast,StompingTantrum,RockSlide,Protect|||M|||50|,,,,,Flying]Flutter Mane||ChoiceSpecs|Protosynthesis|Moonblast,DazzlingGleam,ShadowBall,Thunderbolt||||||50|,,,,,Fairy\n|showteam|p2|Tornadus||RockyHelmet|Prankster|Tailwind,BleakwindStorm,Taunt,RainDance|||M|||50|,,,,,Ghost]Flutter Mane||BoosterEnergy|Protosynthesis|Moonblast,ShadowBall,DazzlingGleam,Protect||||||50|,,,,,Fairy]Rillaboom||AssaultVest|GrassySurge|FakeOut,GrassyGlide,WoodHammer,Uturn|||F|||50|,,,,,Fire]Urshifu-Rapid-Strike||MysticWater|UnseenFist|SurgingStrikes,CloseCombat,AquaJet,Protect|||M|||50|,,,,,Water]Chien-Pao||FocusSash|SwordofRuin|IcicleCrash,SuckerPunch,SacredSword,Protect||||||50|,,,,,Ghost]Arcanine-Hisui||ChoiceBand|Intimidate|FlareBlitz,ExtremeSpeed,RockSlide,HeadSmash|||F|||50|,,,,,Normal\n|\n|t:|1700657959\n|start\n|switch|p1a: Typhoon|Tornadus, L50, M, shiny|100\/100\n|switch|p1b: Burn It Baby|Rotom-Heat, L50|100\/100\n|switch|p2a: Urshifu|Urshifu-Rapid-Strike, L50, M|100\/100\n|switch|p2b: Rillaboom|Rillaboom, L50, F|100\/100\n|-fieldstart|move: Grassy Terrain|[from] ability: Grassy Surge|[of] p2b: Rillaboom\n|turn|1\n|\n|t:|1700657978\n|-terastallize|p2a: Urshifu|Water\n|-terastallize|p1b: Burn It Baby|Water\n|move|p2b: Rillaboom|Grassy Glide|p1b: Burn It Baby\n|-supereffective|p1b: Burn It Baby\n|-damage|p1b: Burn It Baby|36\/100\n|move|p1a: Typhoon|Bleakwind Storm|p2a: Urshifu|[spread] p2a,p2b\n|-supereffective|p2b: Rillaboom\n|-damage|p2a: Urshifu|37\/100\n|-damage|p2b: Rillaboom|30\/100\n|move|p2a: Urshifu|Surging Strikes|p1b: Burn It Baby\n|-resisted|p1b: Burn It Baby\n|-crit|p1b: Burn It Baby\n|-damage|p1b: Burn It Baby|19\/100\n|-resisted|p1b: Burn It Baby\n|-crit|p1b: Burn It Baby\n|-damage|p1b: Burn It Baby|2\/100\n|-resisted|p1b: Burn It Baby\n|-crit|p1b: Burn It Baby\n|-damage|p1b: Burn It Baby|0 fnt\n|faint|p1b: Burn It Baby\n|-hitcount|p1: Burn It Baby|3\n|\n|-heal|p2a: Urshifu|43\/100|[from] Grassy Terrain\n|-heal|p2b: Rillaboom|36\/100|[from] Grassy Terrain\n|upkeep\n|j| tomcheung22\n|\n|t:|1700657999\n|switch|p1b: Angel|Flutter Mane, L50|100\/100\n|turn|2\n|\n|t:|1700658022\n|switch|p2b: Tornadus|Tornadus, L50, M|100\/100\n|move|p2a: Urshifu|Protect|p2a: Urshifu\n|-singleturn|p2a: Urshifu|Protect\n|move|p1b: Angel|Moonblast|p2a: Urshifu\n|-activate|p2a: Urshifu|move: Protect\n|move|p1a: Typhoon|Bleakwind Storm|p2b: Tornadus|[spread] \n|-activate|p2a: Urshifu|move: Protect\n|-miss|p1a: Typhoon|p2b: Tornadus\n|\n|-heal|p2a: Urshifu|49\/100|[from] Grassy Terrain\n|upkeep\n|turn|3\n|j|%Therazer456\n|\n|t:|1700658031\n|move|p2b: Tornadus|Tailwind|p2b: Tornadus\n|-sidestart|p2: Paolance|move: Tailwind\n|move|p2a: Urshifu|Aqua Jet|p1b: Angel\n|-damage|p1b: Angel|48\/100\n|move|p1a: Typhoon|Tailwind|p1a: Typhoon\n|-sidestart|p1: Choruto|move: Tailwind\n|move|p1b: Angel|Moonblast|p2a: Urshifu\n|-damage|p2a: Urshifu|0 fnt\n|faint|p2a: Urshifu\n|\n|-heal|p1b: Angel|54\/100|[from] Grassy Terrain\n|upkeep\n|\n|t:|1700658040\n|switch|p2a: Arcanine|Arcanine-Hisui, L50, F, shiny|100\/100\n|-ability|p2a: Arcanine|Intimidate|boost\n|-unboost|p1a: Typhoon|atk|1\n|-unboost|p1b: Angel|atk|1\n|turn|4\n|\n|t:|1700658044\n|move|p1b: Angel|Moonblast|p2b: Tornadus\n|-damage|p2b: Tornadus|24\/100\n|move|p2b: Tornadus|Bleakwind Storm|p1b: Angel|[spread] p1a\n|-miss|p2b: Tornadus|p1b: Angel\n|-damage|p1a: Typhoon|61\/100\n|move|p2a: Arcanine|Rock Slide|p1a: Typhoon|[spread] p1a,p1b\n|-supereffective|p1a: Typhoon\n|-damage|p1a: Typhoon|0 fnt\n|-damage|p1b: Angel|0 fnt\n|faint|p1a: Typhoon\n|faint|p1b: Angel\n|-end|p1b: Angel|Protosynthesis|[silent]\n|\n|upkeep\n|\n|t:|1700658053\n|switch|p1b: Ringo|Landorus-Therian, L50, M|100\/100\n|-ability|p1b: Ringo|Intimidate|boost\n|-unboost|p2a: Arcanine|atk|1\n|-unboost|p2b: Tornadus|atk|1\n|turn|5\n|\n|t:|1700658058\n|switch|p2a: Rillaboom|Rillaboom, L50, F|36\/100\n|move|p2b: Tornadus|Bleakwind Storm|p1b: Ringo|[miss]\n|-miss|p2b: Tornadus|p1b: Ringo\n|move|p1b: Ringo|Rock Slide|p2a: Rillaboom|[spread] p2a,p2b\n|-supereffective|p2b: Tornadus\n|-damage|p2a: Rillaboom|11\/100\n|-damage|p2b: Tornadus|0 fnt\n|faint|p2b: Tornadus\n|-damage|p1b: Ringo|91\/100|[from] item: Life Orb\n|\n|-heal|p2a: Rillaboom|16\/100|[from] Grassy Terrain\n|-fieldend|move: Grassy Terrain\n|upkeep\n|\n|t:|1700658063\n|switch|p2b: Arcanine|Arcanine-Hisui, L50, F, shiny|100\/100\n|-ability|p2b: Arcanine|Intimidate|boost\n|-unboost|p1b: Ringo|atk|1\n|turn|6\n|j| lamafanofdenis362\n|\n|t:|1700658066\n|move|p1b: Ringo|Protect|p1b: Ringo\n|-singleturn|p1b: Ringo|Protect\n|move|p2a: Rillaboom|Fake Out|p1b: Ringo\n|-activate|p1b: Ringo|move: Protect\n|move|p2b: Arcanine|Flare Blitz|p1b: Ringo\n|-activate|p1b: Ringo|move: Protect\n|\n|-sideend|p1: Choruto|move: Tailwind\n|-sideend|p2: Paolance|move: Tailwind\n|upkeep\n|turn|7\n|l| lamafanofdenis362\n|j| qwertyslopmcflop\n|inactive|Battle timer is ON: inactive players will automatically lose when time's up. (requested by Paolance)\n|\n|t:|1700658079\n|move|p2b: Arcanine|Flare Blitz|p1b: Ringo\n|-damage|p1b: Ringo|0 fnt\n|faint|p1b: Ringo\n|-damage|p2b: Arcanine|73\/100|[from] Recoil\n|\n|win|Paolance\n|c|&|\/uhtml prompt-paolance,Paolance is ready for game 2!\n|c|&|\/uhtml prompt-choruto,Choruto is ready for game 2!\nBoth players are ready! Starting next match!\n|l|%Therazer456\n|l| qwertyslopmcflop\n|j| qwertyslopmcflop\n|l| qwertyslopmcflop\n|l|\u2606Choruto\n|l|\u2606Paolance\n|j|\u2606Paolance\n|player|p2|Paolance|102\n","uploadtime":1700658609,"views":3,"p1id":"choruto","p2id":"paolance","formatid":"gen9vgc2023regulatione","rating":0,"private":0,"password":""}