{"id":"gen9vgc2023regulatione-1998807388","p1":"MaxYoo","p2":"k58462312","format":"[Gen 9] VGC 2023 Regulation E","log":"|j|\u2606MaxYoo\n|j|\u2606k58462312\n|t:|1700995003\n|gametype|doubles\n|player|p1|MaxYoo|2|\n|player|p2|k58462312|riley|\n|teamsize|p1|6\n|teamsize|p2|6\n|gen|9\n|tier|[Gen 9] VGC 2023 Regulation E\n|rule|Species Clause: Limit one of each Pok\u00e9mon\n|rule|Item Clause: Limit one of each item\n|clearpoke\n|poke|p1|Tornadus, L50, M|\n|poke|p1|Gholdengo, L50|\n|poke|p1|Brambleghast, L50, F|\n|poke|p1|Tatsugiri, L50, F|\n|poke|p1|Zapdos-Galar, L50|\n|poke|p1|Scizor, L50, F|\n|poke|p2|Kommo-o, L50, F|\n|poke|p2|Sinistcha, L50|\n|poke|p2|Iron Hands, L50|\n|poke|p2|Ursaluna-Bloodmoon, L50, M|\n|poke|p2|Ninetales-Alola, L50, M|\n|poke|p2|Indeedee-F, L50, F|\n|teampreview|4\n|inactive|Battle timer is ON: inactive players will automatically lose when time's up. (requested by k58462312)\n|\n|t:|1700995039\n|start\n|switch|p1a: Tornadus|Tornadus, L50, M|100\/100\n|switch|p1b: Gholdengo|Gholdengo, L50|100\/100\n|switch|p2a: Kommo-o|Kommo-o, L50, F|100\/100\n|switch|p2b: Iron Hands|Iron Hands, L50|100\/100\n|turn|1\n|inactive|MaxYoo has 30 seconds left.\n|inactive|MaxYoo has 20 seconds left.\n|inactive|MaxYoo has 15 seconds left.\n|\n|t:|1700995082\n|-end|p2b: Iron Hands|Quark Drive|[silent]\n|switch|p2b: Indeedee|Indeedee-F, L50, F|100\/100\n|-fieldstart|move: Psychic Terrain|[from] ability: Psychic Surge|[of] p2b: Indeedee\n|-terastallize|p1a: Tornadus|Ghost\n|-terastallize|p2a: Kommo-o|Steel\n|move|p1a: Tornadus|Taunt|p2a: Kommo-o\n|-activate|p2a: Kommo-o|move: Psychic Terrain\n|move|p2a: Kommo-o|Clangorous Soul|p2a: Kommo-o\n|-boost|p2a: Kommo-o|atk|1\n|-boost|p2a: Kommo-o|def|1\n|-boost|p2a: Kommo-o|spa|1\n|-boost|p2a: Kommo-o|spd|1\n|-boost|p2a: Kommo-o|spe|1\n|-damage|p2a: Kommo-o|68\/100\n|move|p1b: Gholdengo|Shadow Ball|p2b: Indeedee\n|-immune|p2b: Indeedee\n|\n|upkeep\n|turn|2\n|inactive|MaxYoo has 30 seconds left.\n|inactive|k58462312 has 30 seconds left.\n|\n|t:|1700995112\n|switch|p2b: Iron Hands|Iron Hands, L50|100\/100\n|move|p1b: Gholdengo|Protect|p1b: Gholdengo\n|-singleturn|p1b: Gholdengo|Protect\n|move|p1a: Tornadus|Tailwind|p1a: Tornadus\n|-sidestart|p1: MaxYoo|move: Tailwind\n|move|p2a: Kommo-o|Clanging Scales|p1a: Tornadus|[spread] p1a\n|-activate|p1b: Gholdengo|move: Protect\n|-damage|p1a: Tornadus|38\/100\n|-enditem|p1a: Tornadus|Sitrus Berry|[eat]\n|-heal|p1a: Tornadus|63\/100|[from] item: Sitrus Berry\n|-unboost|p2a: Kommo-o|def|1\n|\n|upkeep\n|turn|3\n|inactive|MaxYoo has 30 seconds left.\n|\n|t:|1700995142\n|move|p2a: Kommo-o|Protect|p2a: Kommo-o\n|-singleturn|p2a: Kommo-o|Protect\n|move|p1a: Tornadus|Rain Dance|p1a: Tornadus\n|-weather|RainDance\n|move|p1b: Gholdengo|Shadow Ball|p2b: Iron Hands\n|-damage|p2b: Iron Hands|62\/100\n|-damage|p1b: Gholdengo|91\/100|[from] item: Life Orb\n|move|p2b: Iron Hands|Wild Charge|p1a: Tornadus\n|-damage|p1a: Tornadus|0 fnt\n|faint|p1a: Tornadus\n|-damage|p2b: Iron Hands|50\/100|[from] Recoil\n|\n|-weather|RainDance|[upkeep]\n|upkeep\n|inactive|MaxYoo has 30 seconds left.\n|\n|t:|1700995170\n|switch|p1a: Brambleghast|Brambleghast, L50, F|100\/100\n|-ability|p1a: Brambleghast|Wind Rider|boost\n|-boost|p1a: Brambleghast|atk|1\n|turn|4\n|\n|t:|1700995181\n|-end|p2b: Iron Hands|Quark Drive|[silent]\n|switch|p2b: Indeedee|Indeedee-F, L50, F|100\/100\n|move|p1a: Brambleghast|Poltergeist|p2a: Kommo-o\n|-activate|p2a: Kommo-o|move: Poltergeist|Weakness Policy\n|-damage|p2a: Kommo-o|7\/100\n|move|p1b: Gholdengo|Shadow Ball|p2a: Kommo-o\n|-damage|p2a: Kommo-o|0 fnt\n|faint|p2a: Kommo-o\n|-damage|p1b: Gholdengo|82\/100|[from] item: Life Orb\n|\n|-weather|RainDance|[upkeep]\n|upkeep\n|\n|t:|1700995196\n|switch|p2a: Ursaluna|Ursaluna-Bloodmoon, L50, M|100\/100\n|turn|5\n|\n|t:|1700995208\n|switch|p2a: Iron Hands|Iron Hands, L50|50\/100\n|move|p1a: Brambleghast|Power Whip|p2b: Indeedee|[miss]\n|-miss|p1a: Brambleghast|p2b: Indeedee\n|move|p1b: Gholdengo|Make It Rain|p2a: Iron Hands|[spread] p2a,p2b\n|-resisted|p2a: Iron Hands\n|-damage|p2a: Iron Hands|30\/100\n|-damage|p2b: Indeedee|36\/100\n|-unboost|p1b: Gholdengo|spa|1\n|-damage|p1b: Gholdengo|72\/100|[from] item: Life Orb\n|move|p2b: Indeedee|Trick Room|p2b: Indeedee\n|-fieldstart|move: Trick Room|[of] p2b: Indeedee\n|\n|-weather|RainDance|[upkeep]\n|-sideend|p1: MaxYoo|move: Tailwind\n|-fieldend|move: Psychic Terrain\n|upkeep\n|turn|6\n|inactive|MaxYoo has 30 seconds left.\n|\n|t:|1700995237\n|move|p1b: Gholdengo|Protect|p1b: Gholdengo\n|-singleturn|p1b: Gholdengo|Protect\n|move|p2b: Indeedee|Follow Me|p2b: Indeedee\n|-singleturn|p2b: Indeedee|move: Follow Me\n|move|p2a: Iron Hands|Wild Charge|p1a: Brambleghast\n|-resisted|p1a: Brambleghast\n|-damage|p1a: Brambleghast|50\/100\n|-damage|p2a: Iron Hands|23\/100|[from] Recoil\n|move|p1a: Brambleghast|Strength Sap|p2b: Indeedee\n|-unboost|p2b: Indeedee|atk|1\n|-heal|p1a: Brambleghast|96\/100\n|\n|-weather|RainDance|[upkeep]\n|upkeep\n|turn|7\n|inactive|MaxYoo has 30 seconds left.\n|\n|t:|1700995272\n|-end|p2a: Iron Hands|Quark Drive|[silent]\n|switch|p2a: Ursaluna|Ursaluna-Bloodmoon, L50, M|100\/100\n|move|p1a: Brambleghast|Protect|p1a: Brambleghast\n|-singleturn|p1a: Brambleghast|Protect\n|move|p2b: Indeedee|Follow Me|p2b: Indeedee\n|-singleturn|p2b: Indeedee|move: Follow Me\n|move|p1b: Gholdengo|Make It Rain|p2b: Indeedee|[spread] p2a,p2b\n|-damage|p2a: Ursaluna|49\/100\n|-damage|p2b: Indeedee|0 fnt\n|-unboost|p1b: Gholdengo|spa|1\n|faint|p2b: Indeedee\n|-damage|p1b: Gholdengo|63\/100|[from] item: Life Orb\n|\n|-weather|none\n|upkeep\n|\n|t:|1700995289\n|switch|p2b: Iron Hands|Iron Hands, L50|23\/100\n|turn|8\n|\n|t:|1700995305\n|move|p1b: Gholdengo|Protect|p1b: Gholdengo\n|-singleturn|p1b: Gholdengo|Protect\n|move|p2b: Iron Hands|Wild Charge|p1a: Brambleghast\n|-resisted|p1a: Brambleghast\n|-damage|p1a: Brambleghast|50\/100\n|-damage|p2b: Iron Hands|17\/100|[from] Recoil\n|move|p2a: Ursaluna|Blood Moon|p1a: Brambleghast\n|-damage|p1a: Brambleghast|0 fnt\n|faint|p1a: Brambleghast\n|\n|upkeep\n|\n|t:|1700995317\n|switch|p1a: Tatsugiri|Tatsugiri, L50, F|100\/100\n|turn|9\n|\n|t:|1700995329\n|move|p1a: Tatsugiri|Protect|p1a: Tatsugiri\n|-singleturn|p1a: Tatsugiri|Protect\n|move|p2b: Iron Hands|Wild Charge|p1b: Gholdengo\n|-damage|p1b: Gholdengo|15\/100\n|-damage|p2b: Iron Hands|9\/100|[from] Recoil\n|move|p2a: Ursaluna|Hyper Voice|p1a: Tatsugiri|[spread] p1b\n|-activate|p1a: Tatsugiri|move: Protect\n|-resisted|p1b: Gholdengo\n|-damage|p1b: Gholdengo|0 fnt\n|faint|p1b: Gholdengo\n|-enditem|p2a: Ursaluna|Throat Spray\n|-boost|p2a: Ursaluna|spa|1|[from] item: Throat Spray\n|\n|-fieldend|move: Trick Room\n|upkeep\n|turn|10\n|\n|t:|1700995350\n|move|p2a: Ursaluna|Vacuum Wave|p1a: Tatsugiri\n|-damage|p1a: Tatsugiri|70\/100\n|move|p1a: Tatsugiri|Muddy Water|p2b: Iron Hands|[spread] p2b\n|-miss|p1a: Tatsugiri|p2a: Ursaluna\n|-damage|p2b: Iron Hands|0 fnt\n|faint|p2b: Iron Hands\n|-end|p2b: Iron Hands|Quark Drive|[silent]\n|\n|upkeep\n|turn|11\n|\n|t:|1700995363\n|move|p2a: Ursaluna|Vacuum Wave|p1a: Tatsugiri\n|-damage|p1a: Tatsugiri|40\/100\n|move|p1a: Tatsugiri|Muddy Water|p2a: Ursaluna\n|-supereffective|p2a: Ursaluna\n|-damage|p2a: Ursaluna|0 fnt\n|faint|p2a: Ursaluna\n|\n|win|MaxYoo\n|l|\u2606k58462312\n","uploadtime":1700995506,"views":1,"p1id":"maxyoo","p2id":"k58462312","formatid":"gen9vgc2023regulatione","rating":0,"private":0,"password":""}