{"id":"gen9vgc2023regulatione-1999572289","p1":"LowEloGrind","p2":"Therewdog24!","format":"[Gen 9] VGC 2023 Regulation E","log":"|j|\u2606LowEloGrind\n|j|\u2606Therewdog24!\n|t:|1701097394\n|gametype|doubles\n|player|p1|LowEloGrind|1|1174\n|player|p2|Therewdog24!|170|1193\n|teamsize|p1|6\n|teamsize|p2|6\n|gen|9\n|tier|[Gen 9] VGC 2023 Regulation E\n|rated|\n|rule|Species Clause: Limit one of each Pok\u00e9mon\n|rule|Item Clause: Limit one of each item\n|clearpoke\n|poke|p1|Iron Hands, L50|\n|poke|p1|Sinistcha, L50|\n|poke|p1|Arcanine-Hisui, L50, F|\n|poke|p1|Moltres-Galar, L50|\n|poke|p1|Iron Bundle, L50|\n|poke|p1|Ninetales-Alola, L50, F|\n|poke|p2|Goodra-Hisui, L50, M|\n|poke|p2|Grimmsnarl, L50, M|\n|poke|p2|Landorus-Therian, L50, M|\n|poke|p2|Rillaboom, L50, M|\n|poke|p2|Sneasler, L50, F|\n|poke|p2|Empoleon, L50, M|\n|teampreview|4\nLowEloGrind has agreed to open team sheets.\n|\n|t:|1701097439\n|start\n|switch|p1a: Cuddly Dog|Arcanine-Hisui, L50, F|100\/100\n|switch|p1b: Family Disaster|Moltres-Galar, L50|100\/100\n|switch|p2a: Landorus|Landorus-Therian, L50, M|100\/100\n|switch|p2b: Empoleon|Empoleon, L50, M|100\/100\n|-ability|p2a: Landorus|Intimidate|boost\n|-unboost|p1a: Cuddly Dog|atk|1\n|-unboost|p1b: Family Disaster|atk|1\n|-ability|p1a: Cuddly Dog|Intimidate|boost\n|-unboost|p2a: Landorus|atk|1\n|-unboost|p2b: Empoleon|atk|1\n|-ability|p2b: Empoleon|Competitive|boost\n|-boost|p2b: Empoleon|spa|2\n|turn|1\n|inactive|Battle timer is ON: inactive players will automatically lose when time's up. (requested by LowEloGrind)\n|\n|t:|1701097461\n|move|p2a: Landorus|Rock Slide|p1b: Family Disaster|[spread] p1a,p1b\n|-supereffective|p1a: Cuddly Dog\n|-supereffective|p1b: Family Disaster\n|-damage|p1a: Cuddly Dog|67\/100\n|-damage|p1b: Family Disaster|77\/100\n|cant|p1a: Cuddly Dog|flinch\n|move|p1b: Family Disaster|Nasty Plot|p1b: Family Disaster\n|-boost|p1b: Family Disaster|spa|2\n|move|p2b: Empoleon|Agility|p2b: Empoleon\n|-boost|p2b: Empoleon|spe|2\n|\n|upkeep\n|turn|2\n|inactive|LowEloGrind has 30 seconds left.\n|\n|t:|1701097491\n|-terastallize|p1b: Family Disaster|Steel\n|move|p2a: Landorus|Rock Slide|p1a: Cuddly Dog|[spread] p1a\n|-miss|p2a: Landorus|p1b: Family Disaster\n|-supereffective|p1a: Cuddly Dog\n|-damage|p1a: Cuddly Dog|33\/100\n|move|p2b: Empoleon|Ice Beam|p1b: Family Disaster\n|-resisted|p1b: Family Disaster\n|-damage|p1b: Family Disaster|57\/100\n|move|p1a: Cuddly Dog|Rock Slide|p2b: Empoleon|[spread] p2a,p2b\n|-resisted|p2b: Empoleon\n|-damage|p2a: Landorus|72\/100\n|-damage|p2b: Empoleon|85\/100\n|move|p1b: Family Disaster|Fiery Wrath|p2a: Landorus|[spread] p2a,p2b\n|-damage|p2a: Landorus|5\/100\n|-damage|p2b: Empoleon|30\/100\n|\n|upkeep\n|turn|3\n|\n|t:|1701097509\n|switch|p1a: Mint Hot Chocolate|Sinistcha, L50|100\/100\n|-heal|p1b: Family Disaster|82\/100|[from] ability: Hospitality|[of] p1a: Mint Hot Chocolate\n|move|p2a: Landorus|Rock Slide|p1a: Mint Hot Chocolate|[spread] p1a,p1b\n|-resisted|p1b: Family Disaster\n|-damage|p1a: Mint Hot Chocolate|89\/100\n|-damage|p1b: Family Disaster|75\/100\n|move|p2b: Empoleon|Hydro Pump|p1b: Family Disaster\n|-damage|p1b: Family Disaster|0 fnt\n|faint|p1b: Family Disaster\n|\n|upkeep\n|\n|t:|1701097520\n|switch|p1b: Cuddly Dog|Arcanine-Hisui, L50, F|33\/100\n|-ability|p1b: Cuddly Dog|Intimidate|boost\n|-unboost|p2a: Landorus|atk|1\n|-unboost|p2b: Empoleon|atk|1\n|-ability|p2b: Empoleon|Competitive|boost\n|-boost|p2b: Empoleon|spa|2\n|turn|4\n|\n|t:|1701097540\n|switch|p1a: Sanitized|Iron Hands, L50|100\/100\n|move|p1b: Cuddly Dog|Extreme Speed|p2b: Empoleon\n|-resisted|p2b: Empoleon\n|-damage|p2b: Empoleon|7\/100\n|move|p2a: Landorus|Rock Slide|p1b: Cuddly Dog|[spread] p1a,p1b\n|-resisted|p1a: Sanitized\n|-supereffective|p1b: Cuddly Dog\n|-damage|p1a: Sanitized|97\/100\n|-damage|p1b: Cuddly Dog|9\/100\n|move|p2b: Empoleon|Ice Beam|p1a: Sanitized\n|-damage|p1a: Sanitized|38\/100\n|\n|upkeep\n|turn|5\n|\n|t:|1701097562\n|switch|p2a: Rillaboom|Rillaboom, L50, M|100\/100\n|-fieldstart|move: Grassy Terrain|[from] ability: Grassy Surge|[of] p2a: Rillaboom\n|move|p1a: Sanitized|Detect|p1a: Sanitized\n|-singleturn|p1a: Sanitized|Protect\n|move|p1b: Cuddly Dog|Extreme Speed|p2b: Empoleon\n|-resisted|p2b: Empoleon\n|-damage|p2b: Empoleon|0 fnt\n|faint|p2b: Empoleon\n|\n|-heal|p1b: Cuddly Dog|15\/100|[from] Grassy Terrain\n|-heal|p1a: Sanitized|45\/100|[from] Grassy Terrain\n|upkeep\n|\n|t:|1701097568\n|switch|p2b: Landorus|Landorus-Therian, L50, M|5\/100\n|-ability|p2b: Landorus|Intimidate|boost\n|-fail|p1a: Sanitized|unboost|[from] item: Clear Amulet|[of] p1a: Sanitized\n|-unboost|p1b: Cuddly Dog|atk|1\n|turn|6\n|\n|t:|1701097583\n|move|p1b: Cuddly Dog|Extreme Speed|p2b: Landorus\n|-damage|p2b: Landorus|0 fnt\n|faint|p2b: Landorus\n|move|p2a: Rillaboom|Grassy Glide|p1a: Sanitized\n|-damage|p1a: Sanitized|20\/100\n|move|p1a: Sanitized|Swords Dance|p1a: Sanitized\n|-boost|p1a: Sanitized|atk|2\n|\n|-heal|p1b: Cuddly Dog|21\/100|[from] Grassy Terrain\n|-heal|p1a: Sanitized|27\/100|[from] Grassy Terrain\n|upkeep\n|\n|t:|1701097595\n|switch|p2b: Sneasler|Sneasler, L50, F|100\/100\n|-ability|p2b: Sneasler|Pressure\n|-enditem|p2b: Sneasler|Grassy Seed\n|-boost|p2b: Sneasler|def|1|[from] item: Grassy Seed\n|turn|7\n|\n|t:|1701097604\n|move|p1a: Sanitized|Detect|p1a: Sanitized\n|-singleturn|p1a: Sanitized|Protect\n|move|p1b: Cuddly Dog|Extreme Speed|p2b: Sneasler\n|-damage|p2b: Sneasler|73\/100\n|move|p2a: Rillaboom|Grassy Glide|p1a: Sanitized\n|-activate|p1a: Sanitized|move: Protect\n|move|p2b: Sneasler|Close Combat|p1b: Cuddly Dog\n|-supereffective|p1b: Cuddly Dog\n|-damage|p1b: Cuddly Dog|0 fnt\n|-unboost|p2b: Sneasler|def|1\n|-unboost|p2b: Sneasler|spd|1\n|faint|p1b: Cuddly Dog\n|\n|-heal|p2b: Sneasler|79\/100|[from] Grassy Terrain\n|-heal|p1a: Sanitized|33\/100|[from] Grassy Terrain\n|upkeep\n|\n|t:|1701097619\n|switch|p1b: Mint Hot Chocolate|Sinistcha, L50|89\/100\n|-heal|p1a: Sanitized|58\/100|[from] ability: Hospitality|[of] p1b: Mint Hot Chocolate\n|turn|8\n|\n|t:|1701097632\n|move|p1b: Mint Hot Chocolate|Rage Powder|p1b: Mint Hot Chocolate\n|-singleturn|p1b: Mint Hot Chocolate|move: Rage Powder\n|move|p2b: Sneasler|Dire Claw|p1b: Mint Hot Chocolate\n|-damage|p1b: Mint Hot Chocolate|49\/100\n|move|p2a: Rillaboom|Wood Hammer|p1a: Sanitized\n|-damage|p1a: Sanitized|9\/100\n|-damage|p2a: Rillaboom|81\/100|[from] Recoil\n|move|p1a: Sanitized|Drain Punch|p2a: Rillaboom\n|-damage|p2a: Rillaboom|14\/100\n|-heal|p1a: Sanitized|37\/100|[from] drain|[of] p2a: Rillaboom\n|\n|-heal|p2b: Sneasler|84\/100|[from] Grassy Terrain\n|-heal|p2a: Rillaboom|20\/100|[from] Grassy Terrain\n|-heal|p1b: Mint Hot Chocolate|56\/100|[from] Grassy Terrain\n|-heal|p1a: Sanitized|43\/100|[from] Grassy Terrain\n|upkeep\n|turn|9\n|\n|t:|1701097652\n|move|p1a: Sanitized|Detect|p1a: Sanitized\n|-singleturn|p1a: Sanitized|Protect\n|move|p2b: Sneasler|Dire Claw|p1b: Mint Hot Chocolate\n|-damage|p1b: Mint Hot Chocolate|18\/100\n|-status|p1b: Mint Hot Chocolate|psn\n|move|p2a: Rillaboom|Wood Hammer|p1a: Sanitized\n|-activate|p1a: Sanitized|move: Protect\n|move|p1b: Mint Hot Chocolate|Strength Sap|p2b: Sneasler\n|-unboost|p2b: Sneasler|atk|1\n|-heal|p1b: Mint Hot Chocolate|100\/100 psn\n|\n|-heal|p2b: Sneasler|90\/100|[from] Grassy Terrain\n|-heal|p2a: Rillaboom|26\/100|[from] Grassy Terrain\n|-heal|p1a: Sanitized|50\/100|[from] Grassy Terrain\n|-damage|p1b: Mint Hot Chocolate|88\/100 psn|[from] psn\n|-fieldend|move: Grassy Terrain\n|upkeep\n|turn|10\n|\n|t:|1701097675\n|move|p2b: Sneasler|Swords Dance|p2b: Sneasler\n|-boost|p2b: Sneasler|atk|2\n|move|p2a: Rillaboom|Wood Hammer|p1a: Sanitized\n|-damage|p1a: Sanitized|8\/100\n|-damage|p2a: Rillaboom|9\/100|[from] Recoil\n|move|p1b: Mint Hot Chocolate|Matcha Gotcha|p2b: Sneasler|[spread] p2a,p2b\n|-resisted|p2a: Rillaboom\n|-resisted|p2b: Sneasler\n|-damage|p2a: Rillaboom|0 fnt\n|-heal|p1b: Mint Hot Chocolate|93\/100 psn|[from] drain|[of] p2a: Rillaboom\n|-damage|p2b: Sneasler|63\/100\n|-heal|p1b: Mint Hot Chocolate|100\/100 psn|[from] drain|[of] p2b: Sneasler\n|-status|p2b: Sneasler|brn\n|faint|p2a: Rillaboom\n|move|p1a: Sanitized|Drain Punch|p2b: Sneasler\n|-resisted|p2b: Sneasler\n|-damage|p2b: Sneasler|3\/100 brn\n|-heal|p1a: Sanitized|28\/100|[from] drain|[of] p2b: Sneasler\n|\n|-damage|p1b: Mint Hot Chocolate|88\/100 psn|[from] psn\n|-damage|p2b: Sneasler|0 fnt|[from] brn\n|faint|p2b: Sneasler\n|\n|win|LowEloGrind\n|upkeep\n|raw|LowEloGrind's rating: 1174 &rarr; <strong>1200<\/strong><br \/>(+26 for winning)\n|raw|Therewdog24!'s rating: 1193 &rarr; <strong>1167<\/strong><br \/>(-26 for losing)\n|l|\u2606Therewdog24!\n","uploadtime":1701097698,"views":17,"p1id":"lowelogrind","p2id":"therewdog24","formatid":"gen9vgc2023regulatione","rating":1167,"private":0,"password":""}