{"id":"gen9vgc2023regulatione-1994087188","p1":"antlarq","p2":"critcrit2016","format":"[Gen 9] VGC 2023 Regulation E","log":"|j|\u2606antlarq\n|j|\u2606critcrit2016\n|t:|1700405197\n|gametype|doubles\n|player|p1|antlarq|265|1157\n|player|p2|critcrit2016|lady|1248\n|teamsize|p1|6\n|teamsize|p2|6\n|gen|9\n|tier|[Gen 9] VGC 2023 Regulation E\n|rated|\n|rule|Species Clause: Limit one of each Pok\u00e9mon\n|rule|Item Clause: Limit one of each item\n|clearpoke\n|poke|p1|Corviknight, L50, F|\n|poke|p1|Arcanine-Hisui, L50, M|\n|poke|p1|Gholdengo, L50|\n|poke|p1|Flutter Mane, L50|\n|poke|p1|Iron Hands, L50|\n|poke|p1|Annihilape, L50, M|\n|poke|p2|Landorus-Therian, L50, M|\n|poke|p2|Chien-Pao, L50|\n|poke|p2|Flutter Mane, L50|\n|poke|p2|Ogerpon, L50, F|\n|poke|p2|Tornadus, L50, M|\n|poke|p2|Sinistcha, L50|\n|teampreview|4\n|inactive|Battle timer is ON: inactive players will automatically lose when time's up. (requested by critcrit2016)\n|inactive|critcrit2016 has 60 seconds left.\n|\n|t:|1700405240\n|start\n|switch|p1a: Annihilape|Annihilape, L50, M|100\/100\n|switch|p1b: Flutter Mane|Flutter Mane, L50|100\/100\n|switch|p2a: Ogerpon|Ogerpon, L50, F|100\/100\n|switch|p2b: Tornadus|Tornadus, L50, M, shiny|100\/100\n|turn|1\n|\n|t:|1700405256\n|move|p2a: Ogerpon|Spiky Shield|p2a: Ogerpon\n|-singleturn|p2a: Ogerpon|move: Protect\n|move|p2b: Tornadus|Tailwind|p2b: Tornadus\n|-sidestart|p2: critcrit2016|move: Tailwind\n|move|p1b: Flutter Mane|Dazzling Gleam|p2a: Ogerpon|[spread] p2b\n|-activate|p2a: Ogerpon|move: Protect\n|-crit|p2b: Tornadus\n|-damage|p2b: Tornadus|50\/100\n|move|p1a: Annihilape|Bulk Up|p1a: Annihilape\n|-boost|p1a: Annihilape|atk|1\n|-boost|p1a: Annihilape|def|1\n|-enditem|p2a: Ogerpon|Mirror Herb\n|-boost|p2a: Ogerpon|atk|1|[from] item: Mirror Herb\n|-boost|p2a: Ogerpon|def|1|[from] item: Mirror Herb\n|\n|upkeep\n|turn|2\n|inactive|antlarq has 30 seconds left.\n|\n|t:|1700405283\n|-terastallize|p2a: Ogerpon|Grass\n|detailschange|p2a: Ogerpon|Ogerpon-Teal-Tera, L50, F, tera:Grass\n|-ability|p2a: Ogerpon|Embody Aspect (Teal)|boost\n|-boost|p2a: Ogerpon|spe|1\n|-terastallize|p1a: Annihilape|Fire\n|move|p1b: Flutter Mane|Protect|p1b: Flutter Mane\n|-singleturn|p1b: Flutter Mane|Protect\n|move|p2a: Ogerpon|Ivy Cudgel|p1a: Annihilape\n|-resisted|p1a: Annihilape\n|-damage|p1a: Annihilape|65\/100\n|move|p2b: Tornadus|Bleakwind Storm|p1b: Flutter Mane|[spread] p1a\n|-activate|p1b: Flutter Mane|move: Protect\n|-damage|p1a: Annihilape|41\/100\n|-enditem|p1a: Annihilape|Sitrus Berry|[eat]\n|-heal|p1a: Annihilape|65\/100|[from] item: Sitrus Berry\n|move|p1a: Annihilape|Bulk Up|p1a: Annihilape\n|-boost|p1a: Annihilape|atk|1\n|-boost|p1a: Annihilape|def|1\n|\n|upkeep\n|turn|3\n|inactive|antlarq has 30 seconds left.\n|\n|t:|1700405314\n|-end|p1b: Flutter Mane|Protosynthesis|[silent]\n|switch|p1b: Arcanine|Arcanine-Hisui, L50, M|100\/100\n|-ability|p1b: Arcanine|Intimidate|boost\n|-unboost|p2a: Ogerpon|atk|1\n|-unboost|p2b: Tornadus|atk|1\n|move|p2b: Tornadus|Taunt|p1a: Annihilape\n|-start|p1a: Annihilape|move: Taunt\n|move|p2a: Ogerpon|Ivy Cudgel|p1b: Arcanine\n|-damage|p1b: Arcanine|18\/100\n|move|p1a: Annihilape|Rage Fist|p2b: Tornadus\n|-damage|p2b: Tornadus|0 fnt\n|faint|p2b: Tornadus\n|\n|upkeep\n|\n|t:|1700405327\n|switch|p2b: Landorus|Landorus-Therian, L50, M|100\/100\n|-ability|p2b: Landorus|Intimidate|boost\n|-unboost|p1a: Annihilape|atk|1\n|-ability|p1a: Annihilape|Defiant|boost\n|-boost|p1a: Annihilape|atk|2\n|-unboost|p1b: Arcanine|atk|1\n|turn|4\n|\n|t:|1700405345\n|switch|p1b: Flutter Mane|Flutter Mane, L50|100\/100\n|move|p2a: Ogerpon|Spiky Shield|p2a: Ogerpon\n|-singleturn|p2a: Ogerpon|move: Protect\n|move|p2b: Landorus|Earthquake|p1b: Flutter Mane|[spread] p1a,p1b\n|-activate|p2a: Ogerpon|move: Protect\n|-supereffective|p1a: Annihilape\n|-damage|p1a: Annihilape|18\/100\n|-enditem|p1b: Flutter Mane|Focus Sash\n|-damage|p1b: Flutter Mane|1\/100\n|move|p1a: Annihilape|Rage Fist|p2b: Landorus\n|-damage|p2b: Landorus|0 fnt\n|faint|p2b: Landorus\n|\n|-sideend|p2: critcrit2016|move: Tailwind\n|upkeep\n|\n|t:|1700405359\n|switch|p2b: Chien-Pao|Chien-Pao, L50|100\/100\n|-ability|p2b: Chien-Pao|Sword of Ruin\n|turn|5\n|inactive|antlarq has 30 seconds left.\n|\n|t:|1700405385\n|switch|p1a: Arcanine|Arcanine-Hisui, L50, M|18\/100\n|-ability|p1a: Arcanine|Intimidate|boost\n|-unboost|p2a: Ogerpon|atk|1\n|-unboost|p2b: Chien-Pao|atk|1\n|move|p1b: Flutter Mane|Protect|p1b: Flutter Mane\n|-singleturn|p1b: Flutter Mane|Protect\n|move|p2a: Ogerpon|Ivy Cudgel|p1b: Flutter Mane\n|-activate|p1b: Flutter Mane|move: Protect\n|move|p2b: Chien-Pao|Crunch|p1a: Arcanine\n|-damage|p1a: Arcanine|0 fnt\n|faint|p1a: Arcanine\n|\n|upkeep\n|\n|t:|1700405400\n|switch|p1a: Iron Hands|Iron Hands, L50|100\/100\n|turn|6\n|\n|t:|1700405421\n|move|p2a: Ogerpon|Spiky Shield|p2a: Ogerpon\n|-singleturn|p2a: Ogerpon|move: Protect\n|move|p2b: Chien-Pao|Protect|p2b: Chien-Pao\n|-singleturn|p2b: Chien-Pao|Protect\n|move|p1a: Iron Hands|Fake Out|p2b: Chien-Pao\n|-activate|p2b: Chien-Pao|move: Protect\n|move|p1b: Flutter Mane|Dazzling Gleam|p2a: Ogerpon|[spread] \n|-activate|p2a: Ogerpon|move: Protect\n|-activate|p2b: Chien-Pao|move: Protect\n|\n|upkeep\n|turn|7\n|\n|t:|1700405437\n|move|p1b: Flutter Mane|Protect|p1b: Flutter Mane\n|-singleturn|p1b: Flutter Mane|Protect\n|move|p2a: Ogerpon|Ivy Cudgel|p1b: Flutter Mane\n|-activate|p1b: Flutter Mane|move: Protect\n|move|p2b: Chien-Pao|Ice Spinner|p1a: Iron Hands\n|-damage|p1a: Iron Hands|75\/100\n|move|p1a: Iron Hands|Drain Punch|p2b: Chien-Pao\n|-supereffective|p2b: Chien-Pao\n|-enditem|p2b: Chien-Pao|Focus Sash\n|-damage|p2b: Chien-Pao|1\/100\n|-heal|p1a: Iron Hands|100\/100|[from] drain|[of] p2b: Chien-Pao\n|\n|upkeep\n|turn|8\n|\n|t:|1700405461\n|move|p2a: Ogerpon|Ivy Cudgel|p1b: Flutter Mane\n|-damage|p1b: Flutter Mane|0 fnt\n|faint|p1b: Flutter Mane\n|-end|p1b: Flutter Mane|Protosynthesis|[silent]\n|move|p2b: Chien-Pao|Ice Spinner|p1a: Iron Hands\n|-damage|p1a: Iron Hands|74\/100\n|move|p1a: Iron Hands|Volt Switch|p2b: Chien-Pao\n|-damage|p2b: Chien-Pao|0 fnt\n|faint|p2b: Chien-Pao\n|\n|t:|1700405471\n|-end|p1a: Iron Hands|Quark Drive|[silent]\n|switch|p1a: Annihilape|Annihilape, L50, M, tera:Fire|18\/100|[from] Volt Switch\n|\n|upkeep\n|\n|t:|1700405473\n|switch|p1b: Iron Hands|Iron Hands, L50|74\/100\n|turn|9\n|\n|t:|1700405489\n|move|p2a: Ogerpon|Spiky Shield|p2a: Ogerpon\n|-singleturn|p2a: Ogerpon|move: Protect\n|move|p1b: Iron Hands|Fake Out|p2a: Ogerpon\n|-activate|p2a: Ogerpon|move: Protect\n|-damage|p1b: Iron Hands|61\/100|[from] Spiky Shield|[of] p2a: Ogerpon\n|move|p1a: Annihilape|Bulk Up|p1a: Annihilape\n|-boost|p1a: Annihilape|atk|1\n|-boost|p1a: Annihilape|def|1\n|\n|upkeep\n|turn|10\n|\n|t:|1700405504\n|move|p2a: Ogerpon|Ivy Cudgel|p1a: Annihilape\n|-resisted|p1a: Annihilape\n|-damage|p1a: Annihilape|1\/100\n|move|p1a: Annihilape|Drain Punch|p2a: Ogerpon\n|-damage|p2a: Ogerpon|58\/100\n|-heal|p1a: Annihilape|17\/100|[from] drain|[of] p2a: Ogerpon\n|move|p1b: Iron Hands|Drain Punch|p2a: Ogerpon\n|-damage|p2a: Ogerpon|15\/100\n|-heal|p1b: Iron Hands|74\/100|[from] drain|[of] p2a: Ogerpon\n|\n|upkeep\n|turn|11\n|-message|critcrit2016 forfeited.\n|\n|win|antlarq\n|raw|antlarq's rating: 1157 &rarr; <strong>1188<\/strong><br \/>(+31 for winning)\n|raw|critcrit2016's rating: 1248 &rarr; <strong>1217<\/strong><br \/>(-31 for losing)\n|l|\u2606critcrit2016\n","uploadtime":1700405521,"views":17,"p1id":"antlarq","p2id":"critcrit2016","formatid":"gen9vgc2023regulatione","rating":1188,"private":0,"password":""}