{"id":"gen9vgc2023regulatione-1991483928","p1":"Libgen","p2":"Leetextreme","format":"[Gen 9] VGC 2023 Regulation E","log":"|j|\u2606Libgen\n|j|\u2606Leetextreme\n|t:|1700081136\n|gametype|doubles\n|player|p1|Libgen|102|1295\n|player|p2|Leetextreme|scientist|1348\n|teamsize|p1|6\n|teamsize|p2|6\n|gen|9\n|tier|[Gen 9] VGC 2023 Regulation E\n|rated|\n|rule|Species Clause: Limit one of each Pok\u00e9mon\n|rule|Item Clause: Limit one of each item\n|clearpoke\n|poke|p1|Flutter Mane, L50|\n|poke|p1|Chi-Yu, L50|\n|poke|p1|Landorus-Therian, L50, M|\n|poke|p1|Wyrdeer, L50, F|\n|poke|p1|Ursaluna, L50, F|\n|poke|p1|Iron Hands, L50|\n|poke|p2|Kingambit, L50, F|\n|poke|p2|Sinistcha, L50|\n|poke|p2|Iron Hands, L50|\n|poke|p2|Iron Bundle, L50|\n|poke|p2|Urshifu-*, L50, M|\n|poke|p2|Tornadus, L50, M|\n|teampreview|4\n|\n|t:|1700081204\n|start\n|switch|p1a: Chi-Yu|Chi-Yu, L50|100\/100\n|switch|p1b: Flutter Mane|Flutter Mane, L50|100\/100\n|switch|p2a: Iron Bundle|Iron Bundle, L50|100\/100\n|switch|p2b: Iron Hands|Iron Hands, L50|100\/100\n|-ability|p1a: Chi-Yu|Beads of Ruin\n|turn|1\n|inactive|Battle timer is ON: inactive players will automatically lose when time's up. (requested by Libgen)\n|\n|t:|1700081227\n|move|p1a: Chi-Yu|Protect|p1a: Chi-Yu\n|-singleturn|p1a: Chi-Yu|Protect\n|move|p2a: Iron Bundle|Freeze-Dry|p1a: Chi-Yu\n|-activate|p1a: Chi-Yu|move: Protect\n|move|p1b: Flutter Mane|Moonblast|p2b: Iron Hands\n|-supereffective|p2b: Iron Hands\n|-damage|p2b: Iron Hands|28\/100\n|move|p2b: Iron Hands|Heavy Slam|p1b: Flutter Mane\n|-supereffective|p1b: Flutter Mane\n|-damage|p1b: Flutter Mane|0 fnt\n|faint|p1b: Flutter Mane\n|-end|p1b: Flutter Mane|Protosynthesis|[silent]\n|\n|upkeep\n|\n|t:|1700081239\n|switch|p1b: Iron Hands|Iron Hands, L50|100\/100\n|turn|2\n|\n|t:|1700081252\n|move|p2a: Iron Bundle|Protect|p2a: Iron Bundle\n|-singleturn|p2a: Iron Bundle|Protect\n|move|p1b: Iron Hands|Fake Out|p2a: Iron Bundle\n|-activate|p2a: Iron Bundle|move: Protect\n|move|p1a: Chi-Yu|Heat Wave|p2b: Iron Hands|[spread] \n|-activate|p2a: Iron Bundle|move: Protect\n|-miss|p1a: Chi-Yu|p2b: Iron Hands\n|move|p2b: Iron Hands|Drain Punch|p1a: Chi-Yu\n|-supereffective|p1a: Chi-Yu\n|-damage|p1a: Chi-Yu|0 fnt\n|-heal|p2b: Iron Hands|55\/100|[from] drain|[of] p1a: Chi-Yu\n|faint|p1a: Chi-Yu\n|\n|upkeep\n|\n|t:|1700081260\n|switch|p1a: Landorus|Landorus-Therian, L50, M|100\/100\n|-ability|p1a: Landorus|Intimidate|boost\n|-unboost|p2a: Iron Bundle|atk|1\n|-unboost|p2b: Iron Hands|atk|1\n|turn|3\n|inactive|Leetextreme has 30 seconds left.\n|\n|t:|1700081289\n|-terastallize|p1a: Landorus|Flying\n|-terastallize|p2b: Iron Hands|Water\n|move|p2a: Iron Bundle|Encore|p1b: Iron Hands\n|-start|p1b: Iron Hands|Encore\n|move|p1a: Landorus|Rock Slide|p2a: Iron Bundle|[spread] p2a,p2b\n|-supereffective|p2a: Iron Bundle\n|-damage|p2a: Iron Bundle|52\/100\n|-damage|p2b: Iron Hands|42\/100\n|move|p1b: Iron Hands|Fake Out||[still]\n|-hint|Fake Out only works on your first turn out.\n|-fail|p1b: Iron Hands\n|move|p2b: Iron Hands|Drain Punch|p1a: Landorus\n|-resisted|p1a: Landorus\n|-damage|p1a: Landorus|84\/100\n|-heal|p2b: Iron Hands|48\/100|[from] drain|[of] p1a: Landorus\n|\n|upkeep\n|turn|4\n|inactive|Libgen has 30 seconds left.\n|\n|t:|1700081314\n|move|p1b: Iron Hands|Fake Out||[still]\n|-hint|Fake Out only works on your first turn out.\n|-fail|p1b: Iron Hands\n|move|p2a: Iron Bundle|Chilling Water|p1b: Iron Hands\n|-damage|p1b: Iron Hands|86\/100\n|-unboost|p1b: Iron Hands|atk|1\n|move|p1a: Landorus|Rock Slide|p2a: Iron Bundle|[spread] p2b\n|-miss|p1a: Landorus|p2a: Iron Bundle\n|-damage|p2b: Iron Hands|33\/100\n|cant|p2b: Iron Hands|flinch\n|\n|upkeep\n|turn|5\n|\n|t:|1700081330\n|move|p1b: Iron Hands|Fake Out||[still]\n|-hint|Fake Out only works on your first turn out.\n|-fail|p1b: Iron Hands\n|move|p2a: Iron Bundle|Chilling Water|p1b: Iron Hands\n|-damage|p1b: Iron Hands|73\/100\n|-unboost|p1b: Iron Hands|atk|1\n|move|p1a: Landorus|Rock Slide|p2b: Iron Hands|[spread] p2a\n|-miss|p1a: Landorus|p2b: Iron Hands\n|-supereffective|p2a: Iron Bundle\n|-damage|p2a: Iron Bundle|0 fnt\n|faint|p2a: Iron Bundle\n|-end|p2a: Iron Bundle|Quark Drive|[silent]\n|move|p2b: Iron Hands|Wild Charge|p1a: Landorus\n|-supereffective|p1a: Landorus\n|-damage|p1a: Landorus|12\/100\n|-damage|p2b: Iron Hands|20\/100|[from] Recoil\n|\n|-end|p1b: Iron Hands|Encore\n|upkeep\n|\n|t:|1700081348\n|switch|p2a: Urshifu|Urshifu-Rapid-Strike, L50, M|100\/100\n|turn|6\n|\n|t:|1700081360\n|move|p2a: Urshifu|Aqua Jet|p1a: Landorus\n|-damage|p1a: Landorus|0 fnt\n|faint|p1a: Landorus\n|move|p1b: Iron Hands|Drain Punch|p2a: Urshifu\n|-damage|p2a: Urshifu|81\/100\n|-heal|p1b: Iron Hands|81\/100|[from] drain|[of] p2a: Urshifu\n|move|p2b: Iron Hands|Drain Punch|p1b: Iron Hands\n|-damage|p1b: Iron Hands|63\/100\n|-heal|p2b: Iron Hands|29\/100|[from] drain|[of] p1b: Iron Hands\n|\n|upkeep\n|turn|7\n|-message|Libgen forfeited.\n|\n|win|Leetextreme\n|raw|Libgen's rating: 1295 &rarr; <strong>1274<\/strong><br \/>(-21 for losing)\n|raw|Leetextreme's rating: 1348 &rarr; <strong>1365<\/strong><br \/>(+17 for winning)\n|l|\u2606Libgen\n","uploadtime":1700081391,"views":16,"p1id":"libgen","p2id":"leetextreme","formatid":"gen9vgc2023regulatione","rating":1274,"private":0,"password":""}