{"id":"gen9vgc2023regulatione-1992352474","p1":"taco_bowl_mx","p2":"IlLeoneDiLadispoli","format":"[Gen 9] VGC 2023 Regulation E","log":"|j|\u2606taco_bowl_mx\n|j|\u2606IlLeoneDiLadispoli\n|t:|1700177754\n|gametype|doubles\n|player|p1|taco_bowl_mx|dawn-gen4pt|1435\n|player|p2|IlLeoneDiLadispoli|juggler|1416\n|teamsize|p1|6\n|teamsize|p2|6\n|gen|9\n|tier|[Gen 9] VGC 2023 Regulation E\n|rated|\n|rule|Species Clause: Limit one of each Pok\u00e9mon\n|rule|Item Clause: Limit one of each item\n|clearpoke\n|poke|p1|Flutter Mane, L50|\n|poke|p1|Chien-Pao, L50|\n|poke|p1|Iron Hands, L50|\n|poke|p1|Heatran, L50, F|\n|poke|p1|Ogerpon-Wellspring, L50, F|\n|poke|p1|Landorus-Therian, L50, M|\n|poke|p2|Chien-Pao, L50|\n|poke|p2|Rillaboom, L50, M|\n|poke|p2|Urshifu-*, L50, M|\n|poke|p2|Gholdengo, L50|\n|poke|p2|Arcanine-Hisui, L50, M|\n|poke|p2|Tornadus, L50, M|\n|teampreview|4\ntaco_bowl_mx has agreed to open team sheets.\n|inactive|Battle timer is ON: inactive players will automatically lose when time's up. (requested by taco_bowl_mx)\nIlLeoneDiLadispoli has agreed to open team sheets.\n|inactive|taco_bowl_mx has 30 seconds left.\n|\n|t:|1700177808\n|start\n|switch|p1a: Iron Hands|Iron Hands, L50, shiny|100\/100\n|switch|p1b: Landorus|Landorus-Therian, L50, M|100\/100\n|switch|p2a: Good Boi|Arcanine-Hisui, L50, M|100\/100\n|switch|p2b: Windy Boi|Tornadus, L50, M, shiny|100\/100\n|-ability|p1b: Landorus|Intimidate|boost\n|-unboost|p2a: Good Boi|atk|1\n|-unboost|p2b: Windy Boi|atk|1\n|-ability|p2a: Good Boi|Intimidate|boost\n|-unboost|p1a: Iron Hands|atk|1\n|-unboost|p1b: Landorus|atk|1\n|turn|1\n|inactive|taco_bowl_mx has 30 seconds left.\n|inactive|IlLeoneDiLadispoli has 30 seconds left.\n|inactive|taco_bowl_mx has 20 seconds left.\n|\n|t:|1700177847\n|switch|p2a: Drum Boi|Rillaboom, L50, M|100\/100\n|-fieldstart|move: Grassy Terrain|[from] ability: Grassy Surge|[of] p2a: Drum Boi\n|move|p2b: Windy Boi|Tailwind|p2b: Windy Boi\n|-sidestart|p2: IlLeoneDiLadispoli|move: Tailwind\n|move|p1b: Landorus|Stomping Tantrum|p2a: Drum Boi\n|-resisted|p2a: Drum Boi\n|-crit|p2a: Drum Boi\n|-damage|p2a: Drum Boi|72\/100\n|move|p1a: Iron Hands|Drain Punch|p2a: Drum Boi\n|-damage|p2a: Drum Boi|44\/100\n|\n|-heal|p2a: Drum Boi|50\/100|[from] Grassy Terrain\n|upkeep\n|turn|2\n|\n|t:|1700177870\n|switch|p1b: Flutter Mane|Flutter Mane, L50|100\/100\n|move|p2b: Windy Boi|Bleakwind Storm|p1b: Flutter Mane|[spread] p1a,p1b\n|-damage|p1a: Iron Hands|84\/100\n|-damage|p1b: Flutter Mane|71\/100\n|move|p2a: Drum Boi|Wood Hammer|p1a: Iron Hands\n|-damage|p1a: Iron Hands|27\/100\n|-damage|p2a: Drum Boi|27\/100|[from] Recoil\n|move|p1a: Iron Hands|Drain Punch|p2a: Drum Boi\n|-damage|p2a: Drum Boi|0 fnt\n|-heal|p1a: Iron Hands|38\/100|[from] drain|[of] p2a: Drum Boi\n|faint|p2a: Drum Boi\n|\n|-heal|p1b: Flutter Mane|77\/100|[from] Grassy Terrain\n|-heal|p1a: Iron Hands|44\/100|[from] Grassy Terrain\n|upkeep\n|\n|t:|1700177885\n|switch|p2a: Good Boi|Arcanine-Hisui, L50, M|100\/100\n|-ability|p2a: Good Boi|Intimidate|boost\n|-unboost|p1a: Iron Hands|atk|1\n|-unboost|p1b: Flutter Mane|atk|1\n|turn|3\n|\n|t:|1700177895\n|-end|p1b: Flutter Mane|Protosynthesis|[silent]\n|switch|p1b: Landorus|Landorus-Therian, L50, M|100\/100\n|-ability|p1b: Landorus|Intimidate|boost\n|-unboost|p2a: Good Boi|atk|1\n|-unboost|p2b: Windy Boi|atk|1\n|move|p2b: Windy Boi|Bleakwind Storm|p1a: Iron Hands|[spread] p1a,p1b\n|-damage|p1a: Iron Hands|25\/100\n|-damage|p1b: Landorus|61\/100\n|move|p2a: Good Boi|Rock Slide|p1a: Iron Hands|[spread] p1a,p1b\n|-resisted|p1a: Iron Hands\n|-damage|p1a: Iron Hands|16\/100\n|-damage|p1b: Landorus|28\/100\n|move|p1a: Iron Hands|Drain Punch|p2a: Good Boi\n|-supereffective|p2a: Good Boi\n|-damage|p2a: Good Boi|48\/100\n|-heal|p1a: Iron Hands|35\/100|[from] drain|[of] p2a: Good Boi\n|\n|-heal|p2a: Good Boi|54\/100|[from] Grassy Terrain\n|-heal|p1a: Iron Hands|41\/100|[from] Grassy Terrain\n|upkeep\n|turn|4\n|inactive|taco_bowl_mx has 30 seconds left.\n|\n|t:|1700177929\n|switch|p2a: Orzo Boi|Urshifu-Rapid-Strike, L50, M|100\/100\n|switch|p1b: Flutter Mane|Flutter Mane, L50|77\/100\n|move|p2b: Windy Boi|Bleakwind Storm|p1b: Flutter Mane|[spread] p1a,p1b\n|-damage|p1a: Iron Hands|21\/100\n|-damage|p1b: Flutter Mane|47\/100\n|-unboost|p1b: Flutter Mane|spe|1\n|move|p1a: Iron Hands|Drain Punch|p2a: Orzo Boi\n|-damage|p2a: Orzo Boi|81\/100\n|-heal|p1a: Iron Hands|29\/100|[from] drain|[of] p2a: Orzo Boi\n|\n|-heal|p2a: Orzo Boi|87\/100|[from] Grassy Terrain\n|-heal|p1b: Flutter Mane|52\/100|[from] Grassy Terrain\n|-heal|p1a: Iron Hands|35\/100|[from] Grassy Terrain\n|-sideend|p2: IlLeoneDiLadispoli|move: Tailwind\n|upkeep\n|turn|5\n|inactive|taco_bowl_mx has 30 seconds left.\n|inactive|IlLeoneDiLadispoli has 30 seconds left.\n|inactive|taco_bowl_mx has 20 seconds left.\n|\n|t:|1700177969\n|-end|p1a: Iron Hands|Quark Drive|[silent]\n|switch|p1a: Landorus|Landorus-Therian, L50, M|28\/100\n|-ability|p1a: Landorus|Intimidate|boost\n|-unboost|p2a: Orzo Boi|atk|1\n|-unboost|p2b: Windy Boi|atk|1\n|-terastallize|p2a: Orzo Boi|Water\n|move|p2a: Orzo Boi|Aqua Jet|p1b: Flutter Mane\n|-damage|p1b: Flutter Mane|12\/100\n|move|p2b: Windy Boi|Bleakwind Storm|p1b: Flutter Mane|[spread] p1b\n|-miss|p2b: Windy Boi|p1a: Landorus\n|-damage|p1b: Flutter Mane|0 fnt\n|faint|p1b: Flutter Mane\n|-end|p1b: Flutter Mane|Protosynthesis|[silent]\n|\n|-heal|p2a: Orzo Boi|92\/100|[from] Grassy Terrain\n|-fieldend|move: Grassy Terrain\n|upkeep\n|\n|t:|1700177986\n|switch|p1b: Iron Hands|Iron Hands, L50, shiny|35\/100\n|turn|6\n|inactive|taco_bowl_mx has 30 seconds left.\n|\n|t:|1700178015\n|switch|p2a: Good Boi|Arcanine-Hisui, L50, M|54\/100\n|-ability|p2a: Good Boi|Intimidate|boost\n|-unboost|p1a: Landorus|atk|1\n|-unboost|p1b: Iron Hands|atk|1\n|move|p1b: Iron Hands|Fake Out|p2b: Windy Boi\n|-damage|p2b: Windy Boi|89\/100\n|-damage|p1b: Iron Hands|19\/100|[from] item: Rocky Helmet|[of] p2b: Windy Boi\n|cant|p2b: Windy Boi|flinch\n|move|p1a: Landorus|Rock Slide|p2b: Windy Boi|[spread] p2a,p2b\n|-supereffective|p2a: Good Boi\n|-supereffective|p2b: Windy Boi\n|-damage|p2a: Good Boi|23\/100\n|-damage|p2b: Windy Boi|59\/100\n|\n|upkeep\n|turn|7\n|inactive|taco_bowl_mx has 30 seconds left.\n|\n|t:|1700178048\n|move|p2b: Windy Boi|Tailwind|p2b: Windy Boi\n|-sidestart|p2: IlLeoneDiLadispoli|move: Tailwind\n|move|p2a: Good Boi|Rock Slide|p1a: Landorus|[spread] p1a,p1b\n|-resisted|p1b: Iron Hands\n|-damage|p1a: Landorus|0 fnt\n|-damage|p1b: Iron Hands|4\/100\n|faint|p1a: Landorus\n|move|p1b: Iron Hands|Drain Punch|p2a: Good Boi\n|-supereffective|p2a: Good Boi\n|-crit|p2a: Good Boi\n|-damage|p2a: Good Boi|0 fnt\n|-heal|p1b: Iron Hands|12\/100|[from] drain|[of] p2a: Good Boi\n|faint|p2a: Good Boi\n|\n|upkeep\n|\n|t:|1700178060\n|switch|p1a: Heatran|Heatran, L50, F|100\/100\n|switch|p2a: Orzo Boi|Urshifu-Rapid-Strike, L50, M, tera:Water|92\/100\n|turn|8\n|\n|t:|1700178075\n|-terastallize|p1a: Heatran|Grass\n|move|p2b: Windy Boi|Bleakwind Storm|p1a: Heatran|[spread] p1b\n|-miss|p2b: Windy Boi|p1a: Heatran\n|-damage|p1b: Iron Hands|0 fnt\n|faint|p1b: Iron Hands\n|-end|p1b: Iron Hands|Quark Drive|[silent]\n|move|p2a: Orzo Boi|Close Combat|p1a: Heatran\n|-damage|p1a: Heatran|47\/100\n|-unboost|p2a: Orzo Boi|def|1\n|-unboost|p2a: Orzo Boi|spd|1\n|move|p1a: Heatran|Heat Wave|p2b: Windy Boi|[spread] p2a,p2b\n|-resisted|p2a: Orzo Boi\n|-damage|p2a: Orzo Boi|56\/100\n|-damage|p2b: Windy Boi|19\/100\n|\n|-heal|p1a: Heatran|53\/100|[from] item: Leftovers\n|upkeep\n|turn|9\n|\n|t:|1700178092\n|move|p2b: Windy Boi|Bleakwind Storm|p1a: Heatran\n|-supereffective|p1a: Heatran\n|-damage|p1a: Heatran|0 fnt\n|faint|p1a: Heatran\n|\n|win|IlLeoneDiLadispoli\n|raw|taco_bowl_mx's rating: 1435 &rarr; <strong>1414<\/strong><br \/>(-21 for losing)\n|raw|IlLeoneDiLadispoli's rating: 1416 &rarr; <strong>1437<\/strong><br \/>(+21 for winning)\n|l|\u2606IlLeoneDiLadispoli\n","uploadtime":1700178099,"views":21,"p1id":"tacobowlmx","p2id":"illeonediladispoli","formatid":"gen9vgc2023regulatione","rating":1414,"private":0,"password":""}