{"id":"gen9vgc2023regulatione-1995689725","p1":"EdwinVGC","p2":"Fireboule","format":"[Gen 9] VGC 2023 Regulation E","log":"|j|\u2606EdwinVGC\n|j|\u2606Fireboule\n|n|\u2606EdwinVGC|edwinvgc\n|n|\u2606Fireboule|fireboule\n|html|View the match progress at <a href=\"\/game-bestof3-gen9vgc2023regulatione-1995684534\">game-bestof3-gen9vgc2023regulatione-1995684534<\/a>\n|t:|1700594197\n|gametype|doubles\n|player|p1|EdwinVGC|1|\n|player|p2|Fireboule|265|\n|teamsize|p1|6\n|teamsize|p2|6\n|gen|9\n|tier|[Gen 9] VGC 2023 Regulation E\n|rule|Species Clause: Limit one of each Pok\u00e9mon\n|rule|Item Clause: Limit one of each item\n|clearpoke\n|poke|p1|Pelipper, L50, M|\n|poke|p1|Urshifu-*, L50, M|\n|poke|p1|Amoonguss, L50, M|\n|poke|p1|Iron Hands, L50|\n|poke|p1|Gholdengo, L50|\n|poke|p1|Farigiraf, L50, F|\n|poke|p2|Dusclops, L50, F|\n|poke|p2|Ogerpon-Cornerstone, L50, F|\n|poke|p2|Ursaluna-Bloodmoon, L50, M|\n|poke|p2|Iron Hands, L50|\n|poke|p2|Dragonite, L50, F|\n|poke|p2|Chien-Pao, L50|\n|teampreview|4\nEdwinVGC has agreed to open team sheets.\nFireboule has agreed to open team sheets.\n|showteam|p1|Pelipper||FocusSash|Drizzle|Hurricane,Tailwind,WideGuard,WeatherBall|||M|||50|,,,,,Flying]Urshifu-Rapid-Strike||MysticWater|UnseenFist|SurgingStrikes,AquaJet,Detect,CloseCombat|||M|||50|,,,,,Poison]Amoonguss||RockyHelmet|Regenerator|Spore,RagePowder,PollenPuff,GigaDrain|||M|||50|,,,,,Fire]Iron Hands||AssaultVest|QuarkDrive|WildCharge,HeavySlam,FakeOut,DrainPunch||||||50|,,,,,Water]Gholdengo||LifeOrb|GoodasGold|MakeItRain,NastyPlot,ShadowBall,Protect||||||50|,,,,,Steel]Farigiraf||SitrusBerry|ArmorTail|Psychic,DazzlingGleam,NastyPlot,TrickRoom|||F|||50|,,,,,Fairy\n|showteam|p2|Dusclops||Eviolite|Pressure|NightShade,WillOWisp,Haze,TrickRoom|||F|||50|,,,,,Dark]Ogerpon-Cornerstone||CornerstoneMask|Sturdy|FollowMe,IvyCudgel,HornLeech,SpikyShield|||F|||50|,,,,,Rock]Ursaluna-Bloodmoon||SilkScarf|MindsEye|BloodMoon,HyperVoice,EarthPower,Protect|||M|||50|,,,,,Normal]Iron Hands||AssaultVest|QuarkDrive|DrainPunch,WildCharge,FakeOut,HeavySlam||||||50|,,,,,Fire]Dragonite||ChoiceBand|InnerFocus|ExtremeSpeed,StompingTantrum,Outrage,GigaImpact|||F|||50|,,,,,Normal]Chien-Pao||FocusSash|SwordofRuin|IcicleCrash,SacredSword,SuckerPunch,Protect||||||50|,,,,,Ghost\n|\n|t:|1700594220\n|start\n|switch|p1a: Pelipper|Pelipper, L50, M|100\/100\n|switch|p1b: Urshifu|Urshifu-Rapid-Strike, L50, M|100\/100\n|switch|p2a: Dragonite|Dragonite, L50, F|100\/100\n|switch|p2b: Chien-Pao|Chien-Pao, L50|100\/100\n|-ability|p2b: Chien-Pao|Sword of Ruin\n|-weather|RainDance|[from] ability: Drizzle|[of] p1a: Pelipper\n|turn|1\n|\n|t:|1700594243\n|-terastallize|p2a: Dragonite|Normal\n|move|p1b: Urshifu|Detect|p1b: Urshifu\n|-singleturn|p1b: Urshifu|Protect\n|move|p2a: Dragonite|Extreme Speed|p1b: Urshifu\n|-activate|p1b: Urshifu|move: Protect\n|move|p2b: Chien-Pao|Icicle Crash|p1a: Pelipper\n|-damage|p1a: Pelipper|23\/100\n|move|p1a: Pelipper|Tailwind|p1a: Pelipper\n|-sidestart|p1: EdwinVGC|move: Tailwind\n|\n|-weather|RainDance|[upkeep]\n|upkeep\n|turn|2\n|\n|t:|1700594262\n|switch|p1a: Farigiraf|Farigiraf, L50, F|100\/100\n|switch|p2b: Iron Hands|Iron Hands, L50|100\/100\n|move|p2a: Dragonite|Extreme Speed||[still]\n|cant|p1a: Farigiraf|ability: Armor Tail|Extreme Speed|[of] p2a: Dragonite\n|move|p1b: Urshifu|Surging Strikes|p2b: Iron Hands\n|-crit|p2b: Iron Hands\n|-damage|p2b: Iron Hands|75\/100\n|-crit|p2b: Iron Hands\n|-damage|p2b: Iron Hands|50\/100\n|-crit|p2b: Iron Hands\n|-damage|p2b: Iron Hands|22\/100\n|-hitcount|p2b: Iron Hands|3\n|\n|-weather|RainDance|[upkeep]\n|upkeep\n|turn|3\n|\n|t:|1700594280\n|switch|p2a: Dusclops|Dusclops, L50, F|100\/100\n|-ability|p2a: Dusclops|Pressure\n|move|p1b: Urshifu|Detect|p1b: Urshifu\n|-singleturn|p1b: Urshifu|Protect\n|move|p1a: Farigiraf|Nasty Plot|p1a: Farigiraf\n|-boost|p1a: Farigiraf|spa|2\n|move|p2b: Iron Hands|Wild Charge|p1b: Urshifu\n|-activate|p1b: Urshifu|move: Protect\n|\n|-weather|RainDance|[upkeep]\n|upkeep\n|turn|4\n|\n|t:|1700594313\n|-end|p2b: Iron Hands|Quark Drive|[silent]\n|switch|p2b: Dragonite|Dragonite, L50, F, tera:Normal|100\/100\n|-terastallize|p1a: Farigiraf|Fairy\n|move|p1b: Urshifu|Surging Strikes|p2a: Dusclops\n|-crit|p2a: Dusclops\n|-damage|p2a: Dusclops|74\/100\n|-crit|p2a: Dusclops\n|-damage|p2a: Dusclops|49\/100\n|-crit|p2a: Dusclops\n|-damage|p2a: Dusclops|25\/100\n|-hitcount|p2a: Dusclops|3\n|move|p1a: Farigiraf|Dazzling Gleam|p2a: Dusclops|[spread] p2a,p2b\n|-damage|p2a: Dusclops|2\/100\n|-damage|p2b: Dragonite|61\/100\n|move|p2a: Dusclops|Will-O-Wisp|p1b: Urshifu\n|-status|p1b: Urshifu|brn\n|\n|-weather|RainDance|[upkeep]\n|-damage|p1b: Urshifu|94\/100 brn|[from] brn\n|-sideend|p1: EdwinVGC|move: Tailwind\n|upkeep\n|turn|5\n|\n|t:|1700594350\n|move|p1b: Urshifu|Surging Strikes|p2b: Dragonite\n|-crit|p2b: Dragonite\n|-damage|p2b: Dragonite|41\/100\n|-crit|p2b: Dragonite\n|-damage|p2b: Dragonite|22\/100\n|-crit|p2b: Dragonite\n|-damage|p2b: Dragonite|3\/100\n|-hitcount|p2b: Dragonite|3\n|move|p2b: Dragonite|Giga Impact|p1a: Farigiraf\n|-damage|p1a: Farigiraf|0 fnt\n|-mustrecharge|p2b: Dragonite\n|faint|p1a: Farigiraf\n|move|p2a: Dusclops|Haze|p2a: Dusclops\n|-clearallboost\n|\n|-weather|none\n|-damage|p1b: Urshifu|88\/100 brn|[from] brn\n|upkeep\n|\n|t:|1700594363\n|switch|p1a: Iron Hands|Iron Hands, L50|100\/100\n|turn|6\n|\n|t:|1700594378\n|move|p1a: Iron Hands|Fake Out|p2b: Dragonite\n|-damage|p2b: Dragonite|0 fnt\n|faint|p2b: Dragonite\n|move|p1b: Urshifu|Aqua Jet|p2a: Dusclops\n|-damage|p2a: Dusclops|0 fnt\n|faint|p2a: Dusclops\n|\n|-damage|p1b: Urshifu|82\/100 brn|[from] brn\n|upkeep\n|\n|t:|1700594387\n|switch|p2b: Iron Hands|Iron Hands, L50|22\/100\n|switch|p2a: Chien-Pao|Chien-Pao, L50|100\/100\n|-ability|p2a: Chien-Pao|Sword of Ruin\n|turn|7\n|\n|t:|1700594403\n|move|p1b: Urshifu|Detect|p1b: Urshifu\n|-singleturn|p1b: Urshifu|Protect\n|move|p2b: Iron Hands|Fake Out|p1b: Urshifu\n|-activate|p1b: Urshifu|move: Protect\n|move|p2a: Chien-Pao|Icicle Crash|p1a: Iron Hands\n|-damage|p1a: Iron Hands|63\/100\n|move|p1a: Iron Hands|Drain Punch|p2b: Iron Hands\n|-damage|p2b: Iron Hands|0 fnt\n|-heal|p1a: Iron Hands|74\/100|[from] drain|[of] p2b: Iron Hands\n|faint|p2b: Iron Hands\n|-end|p2b: Iron Hands|Quark Drive|[silent]\n|\n|-damage|p1b: Urshifu|75\/100 brn|[from] brn\n|upkeep\n|turn|8\n|\n|t:|1700594420\n|move|p2a: Chien-Pao|Icicle Crash|p1a: Iron Hands\n|-damage|p1a: Iron Hands|38\/100\n|move|p1b: Urshifu|Surging Strikes|p2a: Chien-Pao\n|-crit|p2a: Chien-Pao\n|-damage|p2a: Chien-Pao|80\/100\n|-crit|p2a: Chien-Pao\n|-damage|p2a: Chien-Pao|63\/100\n|-crit|p2a: Chien-Pao\n|-damage|p2a: Chien-Pao|44\/100\n|-hitcount|p2a: Chien-Pao|3\n|cant|p1a: Iron Hands|flinch\n|\n|-damage|p1b: Urshifu|69\/100 brn|[from] brn\n|upkeep\n|turn|9\n|\n|t:|1700594435\n|move|p2a: Chien-Pao|Icicle Crash|p1a: Iron Hands\n|-damage|p1a: Iron Hands|2\/100\n|move|p1b: Urshifu|Surging Strikes|p2a: Chien-Pao\n|-crit|p2a: Chien-Pao\n|-damage|p2a: Chien-Pao|26\/100\n|-crit|p2a: Chien-Pao\n|-damage|p2a: Chien-Pao|8\/100\n|-crit|p2a: Chien-Pao\n|-damage|p2a: Chien-Pao|0 fnt\n|faint|p2a: Chien-Pao\n|-hitcount|p2: Chien-Pao|3\n|\n|win|EdwinVGC\n|c|\u2606EdwinVGC|ggs\n","uploadtime":1700594514,"views":1,"p1id":"edwinvgc","p2id":"fireboule","formatid":"gen9vgc2023regulatione","rating":0,"private":0,"password":""}