{"id":"gen9vgc2023regulatione-1999500819","p1":"MattC (Banned)","p2":"faiRyVGC","format":"[Gen 9] VGC 2023 Regulation E","log":"|j|\u2606MattC (Banned)\n|j|\u2606faiRyVGC\n|t:|1701089593\n|gametype|doubles\n|player|p1|MattC (Banned)|gladion|\n|player|p2|faiRyVGC|buck|\n|teamsize|p1|6\n|teamsize|p2|6\n|gen|9\n|tier|[Gen 9] VGC 2023 Regulation E\n|rated|Tournament battle\n|rule|Species Clause: Limit one of each Pok\u00e9mon\n|rule|Item Clause: Limit one of each item\n|clearpoke\n|poke|p1|Tornadus, L50, M|\n|poke|p1|Scream Tail, L50|\n|poke|p1|Iron Hands, L50|\n|poke|p1|Gholdengo, L50|\n|poke|p1|Landorus-Therian, L50, M|\n|poke|p1|Ogerpon-Wellspring, L50, F|\n|poke|p2|Mamoswine, L50, F|\n|poke|p2|Sinistcha-Masterpiece, L50|\n|poke|p2|Chi-Yu, L50|\n|poke|p2|Iron Hands, L50|\n|poke|p2|Salamence, L50, F|\n|poke|p2|Dondozo, L50, M|\n|teampreview|4\n|showteam|p1|Tornadus||MentalHerb|Prankster|BleakwindStorm,ScaryFace,Tailwind,Protect|||M|||50|,,,,,Ghost]Scream Tail||BoosterEnergy|Protosynthesis|PsychicFangs,Disable,Encore,Protect||||||50|,,,,,Grass]Iron Hands||AssaultVest|QuarkDrive|DrainPunch,HeavySlam,VoltSwitch,FakeOut||||||50|,,,,,Fire]Gholdengo||Leftovers|GoodasGold|MakeItRain,ShadowBall,NastyPlot,Protect||||||50|,,,,,Dragon]Landorus-Therian||ChoiceScarf|Intimidate|StompingTantrum,RockSlide,TeraBlast,Uturn|||M|||50|,,,,,Flying]Ogerpon-Wellspring||WellspringMask|WaterAbsorb|IvyCudgel,HornLeech,FollowMe,SpikyShield|||F|||50|,,,,,Water\n|showteam|p2|Mamoswine||LifeOrb|Oblivious|IcicleCrash,IceShard,HighHorsepower,Protect|||F|||50|,,,,,Water]Sinistcha-Masterpiece||SitrusBerry|Hospitality|MatchaGotcha,StrengthSap,RagePowder,TrickRoom||||||50|,,,,,Water]Chi-Yu||FocusSash|BeadsofRuin|DarkPulse,Snarl,HeatWave,Protect||||||50|,,,,,Ghost]Iron Hands||AssaultVest|QuarkDrive|DrainPunch,WildCharge,HeavySlam,FakeOut||||||50|,,,,,Water]Salamence||ClearAmulet|Intimidate|DualWingbeat,Bulldoze,Tailwind,Protect|||F|||50|,,,,,Flying]Dondozo||Leftovers|Unaware|WaveCrash,HeavySlam,Protect,Yawn|||M|||50|,,,,,Dragon\n|inactive|Battle timer is ON: inactive players will automatically lose when time's up. (requested by faiRyVGC)\n|inactive|MattC (Banned) also wants the timer to be on.\n|c|\u2606MattC (Banned)|Glhf\n|inactive|MattC (Banned) has 60 seconds left.\n|inactive|faiRyVGC has 60 seconds left.\n|\n|t:|1701089643\n|start\n|switch|p1a: Gholdengo|Gholdengo, L50|100\/100\n|switch|p1b: Landorus|Landorus-Therian, L50, M|100\/100\n|switch|p2a: Salamence|Salamence, L50, F, shiny|100\/100\n|switch|p2b: Iron Hands|Iron Hands, L50, shiny|100\/100\n|-ability|p1b: Landorus|Intimidate|boost\n|-fail|p2a: Salamence|unboost|[from] item: Clear Amulet|[of] p2a: Salamence\n|-unboost|p2b: Iron Hands|atk|1\n|-ability|p2a: Salamence|Intimidate|boost\n|-unboost|p1a: Gholdengo|atk|1\n|-unboost|p1b: Landorus|atk|1\n|turn|1\n|\n|t:|1701089664\n|move|p2b: Iron Hands|Fake Out|p1b: Landorus\n|-damage|p1b: Landorus|90\/100\n|cant|p1b: Landorus|flinch\n|move|p2a: Salamence|Tailwind|p2a: Salamence\n|-sidestart|p2: faiRyVGC|move: Tailwind\n|move|p1a: Gholdengo|Nasty Plot|p1a: Gholdengo\n|-boost|p1a: Gholdengo|spa|2\n|\n|upkeep\n|turn|2\n|\n|t:|1701089687\n|-terastallize|p2b: Iron Hands|Water\n|move|p2a: Salamence|Protect|p2a: Salamence\n|-singleturn|p2a: Salamence|Protect\n|move|p1b: Landorus|Stomping Tantrum|p2b: Iron Hands\n|-crit|p2b: Iron Hands\n|-damage|p2b: Iron Hands|14\/100\n|move|p2b: Iron Hands|Wild Charge|p1a: Gholdengo\n|-damage|p1a: Gholdengo|69\/100\n|-damage|p2b: Iron Hands|8\/100|[from] Recoil\n|move|p1a: Gholdengo|Make It Rain|p2b: Iron Hands|[spread] p2b\n|-activate|p2a: Salamence|move: Protect\n|-resisted|p2b: Iron Hands\n|-damage|p2b: Iron Hands|0 fnt\n|-unboost|p1a: Gholdengo|spa|1\n|faint|p2b: Iron Hands\n|-end|p2b: Iron Hands|Quark Drive|[silent]\n|\n|-heal|p1a: Gholdengo|76\/100|[from] item: Leftovers\n|upkeep\n|\n|t:|1701089698\n|switch|p2b: Mamoswine|Mamoswine, L50, F, shiny|100\/100\n|turn|3\n|c|\u2606MattC (Banned)|Crit so mattered\n|\n|t:|1701089716\n|switch|p1b: Iron Hands|Iron Hands, L50|100\/100\n|move|p1a: Gholdengo|Protect|p1a: Gholdengo\n|-singleturn|p1a: Gholdengo|Protect\n|move|p2a: Salamence|Dual Wingbeat|p1b: Iron Hands|[miss]\n|-miss|p2a: Salamence|p1b: Iron Hands\n|move|p2b: Mamoswine|Icicle Crash|p1b: Iron Hands\n|-damage|p1b: Iron Hands|55\/100\n|-damage|p2b: Mamoswine|91\/100|[from] item: Life Orb\n|\n|-heal|p1a: Gholdengo|82\/100|[from] item: Leftovers\n|upkeep\n|turn|4\n|inactive|MattC (Banned) has 30 seconds left.\n|\n|t:|1701089746\n|move|p2b: Mamoswine|Protect|p2b: Mamoswine\n|-singleturn|p2b: Mamoswine|Protect\n|move|p1b: Iron Hands|Fake Out|p2b: Mamoswine\n|-activate|p2b: Mamoswine|move: Protect\n|move|p2a: Salamence|Bulldoze|p1b: Iron Hands|[spread] p1a,p1b\n|-activate|p2b: Mamoswine|move: Protect\n|-supereffective|p1a: Gholdengo\n|-supereffective|p1b: Iron Hands\n|-damage|p1a: Gholdengo|50\/100\n|-damage|p1b: Iron Hands|33\/100\n|-unboost|p1a: Gholdengo|spe|1\n|-unboost|p1b: Iron Hands|spe|1\n|move|p1a: Gholdengo|Make It Rain|p2b: Mamoswine|[spread] p2a\n|-activate|p2b: Mamoswine|move: Protect\n|-damage|p2a: Salamence|20\/100\n|-unboost|p1a: Gholdengo|spa|1\n|\n|-heal|p1a: Gholdengo|56\/100|[from] item: Leftovers\n|-sideend|p2: faiRyVGC|move: Tailwind\n|upkeep\n|turn|5\n|inactive|MattC (Banned) has 30 seconds left.\n|inactive|faiRyVGC has 30 seconds left.\n|inactive|MattC (Banned) has 20 seconds left.\n|inactive|faiRyVGC has 20 seconds left.\n|\n|t:|1701089782\n|move|p2a: Salamence|Tailwind|p2a: Salamence\n|-sidestart|p2: faiRyVGC|move: Tailwind\n|move|p2b: Mamoswine|High Horsepower|p1b: Iron Hands\n|-supereffective|p1b: Iron Hands\n|-damage|p1b: Iron Hands|0 fnt\n|faint|p1b: Iron Hands\n|-end|p1b: Iron Hands|Quark Drive|[silent]\n|-damage|p2b: Mamoswine|81\/100|[from] item: Life Orb\n|move|p1a: Gholdengo|Make It Rain|p2b: Mamoswine|[spread] p2a,p2b\n|-supereffective|p2b: Mamoswine\n|-damage|p2a: Salamence|0 fnt\n|-damage|p2b: Mamoswine|0 fnt\n|-unboost|p1a: Gholdengo|spa|1\n|faint|p2a: Salamence\n|faint|p2b: Mamoswine\n|\n|-heal|p1a: Gholdengo|62\/100|[from] item: Leftovers\n|upkeep\n|\n|t:|1701089791\n|switch|p2b: Chi-Yu|Chi-Yu, L50|100\/100\n|switch|p1b: Landorus|Landorus-Therian, L50, M|90\/100\n|-ability|p2b: Chi-Yu|Beads of Ruin\n|-ability|p1b: Landorus|Intimidate|boost\n|-unboost|p2b: Chi-Yu|atk|1\n|turn|6\n|c|\u2606MattC (Banned)|Chi Yu vs the world\n|\n|t:|1701089810\n|move|p2b: Chi-Yu|Dark Pulse|p1b: Landorus\n|-damage|p1b: Landorus|31\/100\n|move|p1b: Landorus|Stomping Tantrum|p2b: Chi-Yu\n|-supereffective|p2b: Chi-Yu\n|-enditem|p2b: Chi-Yu|Focus Sash\n|-damage|p2b: Chi-Yu|1\/100\n|move|p1a: Gholdengo|Make It Rain|p2b: Chi-Yu\n|-resisted|p2b: Chi-Yu\n|-damage|p2b: Chi-Yu|0 fnt\n|-unboost|p1a: Gholdengo|spa|1\n|faint|p2b: Chi-Yu\n|\n|win|MattC (Banned)\n|n|\u2606MattC (Banned)|mattcbanned\n|n|\u2606faiRyVGC|fairyvgc\n|c|\u2606MattC (Banned)|Gg\n|l|\u2606faiRyVGC\n|j| unemployment mogul\n|l| unemployment mogul\n","uploadtime":1701089914,"views":1,"p1id":"mattcbanned","p2id":"fairyvgc","formatid":"gen9vgc2023regulatione","rating":0,"private":0,"password":""}