{"id":"gen9vgc2023regulatione-1999862195","p1":"erikbound","p2":"lorylagg","format":"[Gen 9] VGC 2023 Regulation E","log":"|j|\u2606erikbound\n|j|\u2606lorylagg\n|t:|1701123856\n|gametype|doubles\n|player|p1|erikbound|barry|1622\n|player|p2|lorylagg|unknownf|1523\n|teamsize|p1|6\n|teamsize|p2|6\n|gen|9\n|tier|[Gen 9] VGC 2023 Regulation E\n|rated|\n|rule|Species Clause: Limit one of each Pok\u00e9mon\n|rule|Item Clause: Limit one of each item\n|clearpoke\n|poke|p1|Tyranitar, L50, F|\n|poke|p1|Houndstone, L50, M|\n|poke|p1|Rillaboom, L50, F|\n|poke|p1|Arcanine-Hisui, L50, F|\n|poke|p1|Zapdos, L50|\n|poke|p1|Milotic, L50, F|\n|poke|p2|Urshifu-*, L50, F|\n|poke|p2|Arcanine-Hisui, L50, M|\n|poke|p2|Gholdengo, L50|\n|poke|p2|Tornadus, L50, M|\n|poke|p2|Rillaboom, L50, F|\n|poke|p2|Flutter Mane, L50|\n|teampreview|4\nlorylagg has agreed to open team sheets.\n|j| Asacado\n|l| Asacado\nerikbound has agreed to open team sheets.\n|\n|t:|1701123922\n|start\n|switch|p1a: Milotic|Milotic, L50, F|100\/100\n|switch|p1b: Ape Escape|Rillaboom, L50, F|100\/100\n|switch|p2a: Flutter Mane|Flutter Mane, L50|100\/100\n|switch|p2b: Rillaboom|Rillaboom, L50, F|100\/100\n|-fieldstart|move: Grassy Terrain|[from] ability: Grassy Surge|[of] p2b: Rillaboom\n|-enditem|p2a: Flutter Mane|Booster Energy\n|-activate|p2a: Flutter Mane|ability: Protosynthesis|[fromitem]\n|-start|p2a: Flutter Mane|protosynthesisspa\n|turn|1\n|\n|t:|1701123948\n|move|p2b: Rillaboom|Fake Out|p1b: Ape Escape\n|-damage|p1b: Ape Escape|88\/100\n|cant|p1b: Ape Escape|flinch\n|move|p2a: Flutter Mane|Moonblast|p1b: Ape Escape\n|-damage|p1b: Ape Escape|48\/100\n|-unboost|p1b: Ape Escape|spa|1\n|move|p1a: Milotic|Icy Wind|p2b: Rillaboom|[spread] p2a,p2b\n|-supereffective|p2b: Rillaboom\n|-damage|p2a: Flutter Mane|93\/100\n|-damage|p2b: Rillaboom|88\/100\n|-unboost|p2a: Flutter Mane|spe|1\n|-unboost|p2b: Rillaboom|spe|1\n|\n|-heal|p1b: Ape Escape|54\/100|[from] Grassy Terrain\n|-heal|p2a: Flutter Mane|99\/100|[from] Grassy Terrain\n|-heal|p2b: Rillaboom|94\/100|[from] Grassy Terrain\n|upkeep\n|turn|2\n|\n|t:|1701123982\n|-end|p2a: Flutter Mane|Protosynthesis|[silent]\n|switch|p2a: Urs4lun4-Bloodmoon|Gholdengo, L50|100\/100\n|move|p1a: Milotic|Protect|p1a: Milotic\n|-singleturn|p1a: Milotic|Protect\n|move|p1b: Ape Escape|Wood Hammer|p2a: Urs4lun4-Bloodmoon\n|-resisted|p2a: Urs4lun4-Bloodmoon\n|-damage|p2a: Urs4lun4-Bloodmoon|61\/100\n|-damage|p1b: Ape Escape|43\/100|[from] Recoil\n|move|p2b: Rillaboom|Wood Hammer|p1a: Milotic\n|-activate|p1a: Milotic|move: Protect\n|\n|-heal|p2a: Urs4lun4-Bloodmoon|67\/100|[from] Grassy Terrain\n|-heal|p1b: Ape Escape|48\/100|[from] Grassy Terrain\n|-heal|p2b: Rillaboom|100\/100|[from] Grassy Terrain\n|upkeep\n|turn|3\n|\n|t:|1701123999\n|-terastallize|p1a: Milotic|Dragon\n|move|p2a: Urs4lun4-Bloodmoon|Shadow Ball|p1b: Ape Escape\n|-damage|p1b: Ape Escape|6\/100\n|move|p1b: Ape Escape|High Horsepower|p2a: Urs4lun4-Bloodmoon\n|-supereffective|p2a: Urs4lun4-Bloodmoon\n|-damage|p2a: Urs4lun4-Bloodmoon|2\/100\n|move|p1a: Milotic|Icy Wind|p2b: Rillaboom|[spread] p2a,p2b\n|-resisted|p2a: Urs4lun4-Bloodmoon\n|-supereffective|p2b: Rillaboom\n|-damage|p2a: Urs4lun4-Bloodmoon|0 fnt\n|-damage|p2b: Rillaboom|88\/100\n|-unboost|p2b: Rillaboom|spe|1\n|faint|p2a: Urs4lun4-Bloodmoon\n|move|p2b: Rillaboom|Wood Hammer|p1a: Milotic\n|-resisted|p1a: Milotic\n|-damage|p1a: Milotic|71\/100\n|-damage|p2b: Rillaboom|77\/100|[from] Recoil\n|\n|-heal|p1b: Ape Escape|12\/100|[from] Grassy Terrain\n|-heal|p1a: Milotic|77\/100|[from] Grassy Terrain\n|-heal|p1a: Milotic|83\/100|[from] item: Leftovers\n|-heal|p2b: Rillaboom|84\/100|[from] Grassy Terrain\n|upkeep\n|\n|t:|1701124007\n|switch|p2a: Flutter Mane|Flutter Mane, L50|99\/100\n|turn|4\n|\n|t:|1701124017\n|move|p1b: Ape Escape|Grassy Glide|p2a: Flutter Mane\n|-damage|p2a: Flutter Mane|44\/100\n|move|p2b: Rillaboom|Grassy Glide|p1b: Ape Escape\n|-resisted|p1b: Ape Escape\n|-damage|p1b: Ape Escape|0 fnt\n|faint|p1b: Ape Escape\n|move|p2a: Flutter Mane|Dazzling Gleam|p1a: Milotic\n|-supereffective|p1a: Milotic\n|-damage|p1a: Milotic|20\/100\n|move|p1a: Milotic|Icy Wind|p2b: Rillaboom|[spread] p2a,p2b\n|-supereffective|p2b: Rillaboom\n|-damage|p2a: Flutter Mane|35\/100\n|-damage|p2b: Rillaboom|71\/100\n|-unboost|p2a: Flutter Mane|spe|1\n|-unboost|p2b: Rillaboom|spe|1\n|\n|-heal|p2a: Flutter Mane|41\/100|[from] Grassy Terrain\n|-heal|p1a: Milotic|26\/100|[from] Grassy Terrain\n|-heal|p1a: Milotic|32\/100|[from] item: Leftovers\n|-heal|p2b: Rillaboom|77\/100|[from] Grassy Terrain\n|upkeep\n|\n|t:|1701124028\n|switch|p1b: Tyranitar|Tyranitar, L50, F|100\/100\n|-weather|Sandstorm|[from] ability: Sand Stream|[of] p1b: Tyranitar\n|turn|5\n|\n|t:|1701124041\n|-end|p2a: Flutter Mane|Protosynthesis|[silent]\n|switch|p2a: Tornadus|Tornadus, L50, M|100\/100\n|move|p1b: Tyranitar|Protect|p1b: Tyranitar\n|-singleturn|p1b: Tyranitar|Protect\n|move|p1a: Milotic|Icy Wind|p2a: Tornadus|[spread] p2a,p2b\n|-supereffective|p2a: Tornadus\n|-crit|p2a: Tornadus\n|-supereffective|p2b: Rillaboom\n|-damage|p2a: Tornadus|66\/100\n|-damage|p2b: Rillaboom|64\/100\n|-unboost|p2a: Tornadus|spe|1\n|-unboost|p2b: Rillaboom|spe|1\n|move|p2b: Rillaboom|Wood Hammer|p1b: Tyranitar\n|-activate|p1b: Tyranitar|move: Protect\n|\n|-weather|Sandstorm|[upkeep]\n|-damage|p1a: Milotic|26\/100|[from] Sandstorm\n|-damage|p2a: Tornadus|60\/100|[from] Sandstorm\n|-damage|p2b: Rillaboom|58\/100|[from] Sandstorm\n|-heal|p1a: Milotic|32\/100|[from] Grassy Terrain\n|-heal|p1a: Milotic|38\/100|[from] item: Leftovers\n|-heal|p2b: Rillaboom|64\/100|[from] Grassy Terrain\n|-fieldend|move: Grassy Terrain\n|upkeep\n|turn|6\n|j| Asacado\n|l| Asacado\n|\n|t:|1701124069\n|-terastallize|p2a: Tornadus|Steel\n|move|p2a: Tornadus|Tailwind|p2a: Tornadus\n|-sidestart|p2: lorylagg|move: Tailwind\n|move|p1a: Milotic|Icy Wind|p2b: Rillaboom|[spread] p2a,p2b\n|-resisted|p2a: Tornadus\n|-supereffective|p2b: Rillaboom\n|-damage|p2a: Tornadus|55\/100\n|-damage|p2b: Rillaboom|52\/100\n|-unboost|p2a: Tornadus|spe|1\n|-unboost|p2b: Rillaboom|spe|1\n|move|p1b: Tyranitar|Rock Slide|p2b: Rillaboom|[spread] p2a,p2b\n|-resisted|p2a: Tornadus\n|-damage|p2a: Tornadus|38\/100\n|-damage|p2b: Rillaboom|13\/100\n|move|p2b: Rillaboom|Wood Hammer|p1b: Tyranitar\n|-supereffective|p1b: Tyranitar\n|-damage|p1b: Tyranitar|0 fnt\n|faint|p1b: Tyranitar\n|-damage|p2b: Rillaboom|0 fnt|[from] Recoil\n|faint|p2b: Rillaboom\n|\n|-weather|Sandstorm|[upkeep]\n|-damage|p1a: Milotic|32\/100|[from] Sandstorm\n|-heal|p1a: Milotic|38\/100|[from] item: Leftovers\n|upkeep\n|\n|t:|1701124082\n|switch|p2b: Flutter Mane|Flutter Mane, L50|41\/100\n|switch|p1b: Houndstone|Houndstone, L50, M|100\/100\n|turn|7\n|\n|t:|1701124092\n|move|p2b: Flutter Mane|Protect|p2b: Flutter Mane\n|-singleturn|p2b: Flutter Mane|Protect\n|move|p2a: Tornadus|Rain Dance|p2a: Tornadus\n|-weather|RainDance\n|move|p1b: Houndstone|Last Respects|p2b: Flutter Mane\n|-activate|p2b: Flutter Mane|move: Protect\n|move|p1a: Milotic|Icy Wind|p2b: Flutter Mane|[spread] p2a\n|-activate|p2b: Flutter Mane|move: Protect\n|-resisted|p2a: Tornadus\n|-damage|p2a: Tornadus|33\/100\n|-unboost|p2a: Tornadus|spe|1\n|\n|-weather|RainDance|[upkeep]\n|-heal|p1a: Milotic|44\/100|[from] item: Leftovers\n|upkeep\n|turn|8\n|\n|t:|1701124118\n|move|p1b: Houndstone|Protect|p1b: Houndstone\n|-singleturn|p1b: Houndstone|Protect\n|move|p1a: Milotic|Protect|p1a: Milotic\n|-singleturn|p1a: Milotic|Protect\n|move|p2b: Flutter Mane|Shadow Ball|p1b: Houndstone\n|-activate|p1b: Houndstone|move: Protect\n|move|p2a: Tornadus|Bleakwind Storm|p1a: Milotic|[spread] \n|-activate|p1a: Milotic|move: Protect\n|-activate|p1b: Houndstone|move: Protect\n|\n|-weather|RainDance|[upkeep]\n|-heal|p1a: Milotic|50\/100|[from] item: Leftovers\n|upkeep\n|turn|9\n|\n|t:|1701124132\n|move|p2b: Flutter Mane|Shadow Ball|p1b: Houndstone\n|-supereffective|p1b: Houndstone\n|-enditem|p1b: Houndstone|Focus Sash\n|-damage|p1b: Houndstone|1\/100\n|move|p2a: Tornadus|Bleakwind Storm|p1b: Houndstone|[spread] p1a,p1b\n|-crit|p1a: Milotic\n|-damage|p1a: Milotic|16\/100\n|-damage|p1b: Houndstone|0 fnt\n|-unboost|p1a: Milotic|spe|1\n|-ability|p1a: Milotic|Competitive|boost\n|-boost|p1a: Milotic|spa|2\n|faint|p1b: Houndstone\n|move|p1a: Milotic|Scald|p2b: Flutter Mane\n|-damage|p2b: Flutter Mane|0 fnt\n|faint|p2b: Flutter Mane\n|-end|p2b: Flutter Mane|Protosynthesis|[silent]\n|\n|-weather|RainDance|[upkeep]\n|-heal|p1a: Milotic|22\/100|[from] item: Leftovers\n|-sideend|p2: lorylagg|move: Tailwind\n|upkeep\n|turn|10\n|\n|t:|1701124151\n|move|p1a: Milotic|Protect|p1a: Milotic\n|-singleturn|p1a: Milotic|Protect\n|move|p2a: Tornadus|Bleakwind Storm|p1a: Milotic\n|-activate|p1a: Milotic|move: Protect\n|\n|-weather|RainDance|[upkeep]\n|-heal|p1a: Milotic|28\/100|[from] item: Leftovers\n|upkeep\n|turn|11\n|\n|t:|1701124156\n|move|p1a: Milotic|Scald|p2a: Tornadus\n|-damage|p2a: Tornadus|0 fnt\n|faint|p2a: Tornadus\n|\n|win|erikbound\n|raw|erikbound's rating: 1622 &rarr; <strong>1636<\/strong><br \/>(+14 for winning)\n|raw|lorylagg's rating: 1523 &rarr; <strong>1509<\/strong><br \/>(-14 for losing)\n","uploadtime":1701124163,"views":17,"p1id":"erikbound","p2id":"lorylagg","formatid":"gen9vgc2023regulatione","rating":1509,"private":0,"password":""}