{"id":"gen9vgc2023regulatione-1996959115","p1":"PoisonousXatu","p2":"nomis1","format":"[Gen 9] VGC 2023 Regulation E","log":"|j|\u2606PoisonousXatu\n|j|\u2606nomis1\n|t:|1700749730\n|gametype|doubles\n|player|p1|PoisonousXatu|102|\n|player|p2|nomis1|nate|\n|teamsize|p1|6\n|teamsize|p2|6\n|gen|9\n|tier|[Gen 9] VGC 2023 Regulation E\n|rated|Tournament battle\n|rule|Species Clause: Limit one of each Pok\u00e9mon\n|rule|Item Clause: Limit one of each item\n|clearpoke\n|poke|p1|Glimmora, L50, F|\n|poke|p1|Dondozo, L50, M|\n|poke|p1|Tatsugiri-Droopy, L50, F|\n|poke|p1|Dusclops, L50, M|\n|poke|p1|Cryogonal, L50|\n|poke|p1|Wo-Chien, L50|\n|poke|p2|Dondozo, L50, F|\n|poke|p2|Tatsugiri, L50, F|\n|poke|p2|Glimmora, L50, F|\n|poke|p2|Ogerpon-Hearthflame, L50, F|\n|poke|p2|Roaring Moon, L50|\n|poke|p2|Ninetales-Alola, L50, M|\n|teampreview|4\n|showteam|p1|Glimmora||SitrusBerry|ToxicDebris|PowerGem,MortalSpin,EarthPower,SpikyShield|||F|||50|,,,,,Bug]Dondozo||ClearAmulet|Unaware|OrderUp,Earthquake,Protect,Rest|||M|||50|,,,,,Dragon]Tatsugiri-Droopy||RoseliBerry|Commander|Protect,ChillingWater,IcyWind,DracoMeteor|||F|||50|,,,,,Steel]Dusclops||Eviolite|Pressure|PainSplit,ShadowSneak,NightShade,WillOWisp|||M|||50|,,,,,Dark]Cryogonal||KeeBerry|Levitate|FreezeDry,Recover,Haze,Protect||||||50|,,,,,Water]Wo-Chien||Leftovers|TabletsofRuin|LeechSeed,Snarl,GigaDrain,Protect||||||50|,,,,,Poison\n|showteam|p2|Dondozo||Leftovers|Oblivious|OrderUp,WaveCrash,Protect,Substitute|||F|||50|,,,,,Dragon]Tatsugiri||ChoiceScarf|Commander|DracoMeteor,MuddyWater,IcyWind,HelpingHand|||F|||50|,,,,,Steel]Glimmora||FocusSash|ToxicDebris|MortalSpin,EarthPower,SludgeBomb,SpikyShield|||F|||50|,,,,,Water]Ogerpon-Hearthflame||HearthflameMask|MoldBreaker|IvyCudgel,WoodHammer,SpikyShield,SwordsDance|||F|||50|,,,,,Fire]Roaring Moon||BoosterEnergy|Protosynthesis|KnockOff,Acrobatics,Protect,BreakingSwipe||||||50|,,,,,Flying]Ninetales-Alola||CovertCloak|SnowWarning|AuroraVeil,Moonblast,Blizzard,Protect|||M|||50|,,,,,Water\n|inactive|Battle timer is ON: inactive players will automatically lose when time's up. (requested by PoisonousXatu)\n|j| bloodcurseuk\n|c|\u2606PoisonousXatu|dozo glimm mirror\n|j| beyontle\n|c|\u2606nomis1|glhf\n|c|\u2606PoisonousXatu|glhf\n|inactive|nomis1 has 60 seconds left.\n|\n|t:|1700749763\n|start\n|switch|p1a: Glimmora|Glimmora, L50, F|100\/100\n|switch|p1b: Cryogonal|Cryogonal, L50|100\/100\n|switch|p2a: Glimmora|Glimmora, L50, F|100\/100\n|switch|p2b: Ogerpon|Ogerpon-Hearthflame, L50, F|100\/100\n|-ability|p2b: Ogerpon|Mold Breaker\n|turn|1\n|j| Haggis_Chaser\n|inactive|nomis1 has 30 seconds left.\n|\n|t:|1700749789\n|move|p2b: Ogerpon|Spiky Shield|p2b: Ogerpon\n|-singleturn|p2b: Ogerpon|move: Protect\n|move|p2a: Glimmora|Spiky Shield|p2a: Glimmora\n|-singleturn|p2a: Glimmora|move: Protect\n|move|p1b: Cryogonal|Protect|p1b: Cryogonal\n|-singleturn|p1b: Cryogonal|Protect\n|move|p1a: Glimmora|Mortal Spin|p2a: Glimmora|[spread] \n|-activate|p2a: Glimmora|move: Protect\n|-damage|p1a: Glimmora|88\/100|[from] Spiky Shield|[of] p2a: Glimmora\n|-activate|p2b: Ogerpon|move: Protect\n|-damage|p1a: Glimmora|76\/100|[from] Spiky Shield|[of] p2b: Ogerpon\n|\n|upkeep\n|turn|2\n|inactive|nomis1 has 30 seconds left.\n|inactive|nomis1 has 20 seconds left.\n|inactive|nomis1 has 15 seconds left.\n|\n|t:|1700749830\n|move|p2b: Ogerpon|Ivy Cudgel|p1b: Cryogonal|[anim] Ivy Cudgel Fire\n|-supereffective|p1b: Cryogonal\n|-damage|p1b: Cryogonal|0 fnt\n|faint|p1b: Cryogonal\n|move|p2a: Glimmora|Earth Power|p1a: Glimmora\n|-supereffective|p1a: Glimmora\n|-damage|p1a: Glimmora|0 fnt\n|faint|p1a: Glimmora\n|\n|upkeep\n|\n|t:|1700749838\n|switch|p1a: Dondozo|Dondozo, L50, M|100\/100\n|switch|p1b: Tatsugiri|Tatsugiri-Droopy, L50, F|100\/100\n|-activate|p1b: Tatsugiri|ability: Commander|[of] p1a: Dondozo\n|-boost|p1a: Dondozo|atk|2\n|-boost|p1a: Dondozo|spa|2\n|-boost|p1a: Dondozo|spe|2\n|-boost|p1a: Dondozo|def|2\n|-boost|p1a: Dondozo|spd|2\n|turn|3\n|inactive|nomis1 has 30 seconds left.\n|\n|t:|1700749870\n|-terastallize|p1a: Dondozo|Dragon\n|move|p2b: Ogerpon|Spiky Shield|p2b: Ogerpon\n|-singleturn|p2b: Ogerpon|move: Protect\n|move|p1a: Dondozo|Earthquake|p2b: Ogerpon|[spread] p2a\n|-miss|p1a: Dondozo|p1b: Tatsugiri\n|-activate|p2b: Ogerpon|move: Protect\n|-supereffective|p2a: Glimmora\n|-enditem|p2a: Glimmora|Focus Sash\n|-damage|p2a: Glimmora|1\/100\n|-activate|p2a: Glimmora|ability: Toxic Debris\n|-sidestart|p1: PoisonousXatu|move: Toxic Spikes\n|move|p2a: Glimmora|Mortal Spin|p1a: Dondozo|[spread] p1a\n|-miss|p2a: Glimmora|p1b: Tatsugiri\n|-damage|p1a: Dondozo|99\/100\n|-status|p1a: Dondozo|psn\n|\n|-damage|p1a: Dondozo|87\/100 psn|[from] psn\n|upkeep\n|turn|4\n|inactive|nomis1 has 30 seconds left.\n|inactive|nomis1 has 20 seconds left.\n|\n|t:|1700749906\n|move|p2a: Glimmora|Spiky Shield|p2a: Glimmora\n|-singleturn|p2a: Glimmora|move: Protect\n|move|p2b: Ogerpon|Ivy Cudgel|p1a: Dondozo|[anim] Ivy Cudgel Fire\n|-resisted|p1a: Dondozo\n|-damage|p1a: Dondozo|77\/100 psn\n|move|p1a: Dondozo|Earthquake|p2b: Ogerpon|[spread] p2b\n|-miss|p1a: Dondozo|p1b: Tatsugiri\n|-activate|p2a: Glimmora|move: Protect\n|-damage|p2b: Ogerpon|52\/100\n|\n|-damage|p1a: Dondozo|65\/100 psn|[from] psn\n|upkeep\n|turn|5\n|inactive|nomis1 has 30 seconds left.\n|\n|t:|1700749931\n|move|p2b: Ogerpon|Ivy Cudgel|p1a: Dondozo|[anim] Ivy Cudgel Fire\n|-resisted|p1a: Dondozo\n|-damage|p1a: Dondozo|55\/100 psn\n|move|p1a: Dondozo|Earthquake|p2a: Glimmora|[spread] p2a,p2b\n|-miss|p1a: Dondozo|p1b: Tatsugiri\n|-supereffective|p2a: Glimmora\n|-damage|p2a: Glimmora|0 fnt\n|-damage|p2b: Ogerpon|5\/100\n|-activate|p2a: Glimmora|ability: Toxic Debris\n|-sidestart|p1: PoisonousXatu|move: Toxic Spikes\n|faint|p2a: Glimmora\n|\n|-damage|p1a: Dondozo|43\/100 psn|[from] psn\n|upkeep\n|\n|t:|1700749951\n|switch|p2a: Roaring Moon|Roaring Moon, L50|100\/100\n|-enditem|p2a: Roaring Moon|Booster Energy\n|-activate|p2a: Roaring Moon|ability: Protosynthesis|[fromitem]\n|-start|p2a: Roaring Moon|protosynthesisatk\n|turn|6\n|l| Haggis_Chaser\n|inactive|nomis1 has 30 seconds left.\n|\n|t:|1700749985\n|-terastallize|p2a: Roaring Moon|Flying\n|move|p2a: Roaring Moon|Knock Off|p1a: Dondozo\n|-damage|p1a: Dondozo|19\/100 psn\n|-enditem|p1a: Dondozo|Clear Amulet|[from] move: Knock Off|[of] p2a: Roaring Moon\n|move|p2b: Ogerpon|Ivy Cudgel|p1a: Dondozo|[anim] Ivy Cudgel Fire\n|-resisted|p1a: Dondozo\n|-damage|p1a: Dondozo|9\/100 psn\n|move|p1a: Dondozo|Order Up|p2a: Roaring Moon\n|-damage|p2a: Roaring Moon|30\/100\n|-boost|p1a: Dondozo|def|1\n|\n|-damage|p1a: Dondozo|0 fnt|[from] psn\n|faint|p1a: Dondozo\n|upkeep\n|turn|7\n|j| tomcheung22\n|\n|t:|1700750006\n|move|p2a: Roaring Moon|Protect|p2a: Roaring Moon\n|-singleturn|p2a: Roaring Moon|Protect\n|move|p2b: Ogerpon|Wood Hammer|p1b: Tatsugiri\n|-damage|p1b: Tatsugiri|7\/100\n|-damage|p2b: Ogerpon|0 fnt|[from] Recoil\n|faint|p2b: Ogerpon\n|move|p1b: Tatsugiri|Icy Wind|p2a: Roaring Moon\n|-activate|p2a: Roaring Moon|move: Protect\n|\n|upkeep\n|c|\u2606PoisonousXatu|gg\n|\n|t:|1700750016\n|switch|p2b: Ninetales|Ninetales-Alola, L50, M|100\/100\n|-weather|Snow|[from] ability: Snow Warning|[of] p2b: Ninetales\n|turn|8\n|c|\u2606nomis1|gg\n|\n|t:|1700750031\n|move|p2a: Roaring Moon|Knock Off|p1b: Tatsugiri\n|-damage|p1b: Tatsugiri|0 fnt\n|-enditem|p1b: Tatsugiri|Roseli Berry|[from] move: Knock Off|[of] p2a: Roaring Moon\n|faint|p1b: Tatsugiri\n|\n|win|nomis1\n|n|\u2606PoisonousXatu|poisonousxatu\n|n|\u2606nomis1|nomis1\n|n| bloodcurseuk|bloodcurseuk\n|n| beyontle|beyontle\n|n| tomcheung22|tomcheung22\n","uploadtime":1700750032,"views":3,"p1id":"poisonousxatu","p2id":"nomis1","formatid":"gen9vgc2023regulatione","rating":0,"private":0,"password":""}