{"id":"gen9vgc2023regulatione-1989098248","p1":"MurphyTheMut","p2":"puffypoop2","format":"[Gen 9] VGC 2023 Regulation E","log":"|j|\u2606MurphyTheMut\n|j|\u2606puffypoop2\n|t:|1699811947\n|gametype|doubles\n|player|p1|MurphyTheMut|roughneck-gen4|1047\n|player|p2|puffypoop2|2|1140\n|teamsize|p1|6\n|teamsize|p2|6\n|gen|9\n|tier|[Gen 9] VGC 2023 Regulation E\n|rated|\n|rule|Species Clause: Limit one of each Pok\u00e9mon\n|rule|Item Clause: Limit one of each item\n|clearpoke\n|poke|p1|Hippowdon, L50, M|\n|poke|p1|Tyranitar, L50, M|\n|poke|p1|Flutter Mane, L50|\n|poke|p1|Indeedee-F, L50, F|\n|poke|p1|Armarouge, L50, M|\n|poke|p1|Kommo-o, L50, F|\n|poke|p2|Roaring Moon, L50|\n|poke|p2|Rillaboom, L50, F|\n|poke|p2|Urshifu-*, L50, M|\n|poke|p2|Weezing, L50, M|\n|poke|p2|Flutter Mane, L50|\n|poke|p2|Ogerpon-Hearthflame, L50, F|\n|teampreview|4\n|inactive|Battle timer is ON: inactive players will automatically lose when time's up. (requested by puffypoop2)\n|inactive|MurphyTheMut has 60 seconds left.\n|\n|t:|1699812003\n|start\n|switch|p1a: Indeedee|Indeedee-F, L50, F|100\/100\n|switch|p1b: Kommo-o|Kommo-o, L50, F|100\/100\n|switch|p2a: Weezing|Weezing, L50, M|100\/100\n|switch|p2b: Roaring Moon|Roaring Moon, L50|100\/100\n|-ability|p2a: Weezing|Neutralizing Gas\n|-enditem|p2b: Roaring Moon|Booster Energy\n|-activate|p2b: Roaring Moon|ability: Protosynthesis|[fromitem]\n|-start|p2b: Roaring Moon|protosynthesisspe\n|turn|1\n|\n|t:|1699812026\n|move|p2b: Roaring Moon|Protect|p2b: Roaring Moon\n|-singleturn|p2b: Roaring Moon|Protect\n|move|p1a: Indeedee|Follow Me|p1a: Indeedee\n|-singleturn|p1a: Indeedee|move: Follow Me\n|move|p1b: Kommo-o|Iron Defense|p1b: Kommo-o\n|-boost|p1b: Kommo-o|def|2\n|move|p2a: Weezing|Will-O-Wisp|p1a: Indeedee\n|-status|p1a: Indeedee|brn\n|\n|-damage|p1a: Indeedee|94\/100 brn|[from] brn\n|upkeep\n|turn|2\n|\n|t:|1699812043\n|move|p1a: Indeedee|Follow Me|p1a: Indeedee\n|-singleturn|p1a: Indeedee|move: Follow Me\n|move|p2b: Roaring Moon|Knock Off|p1a: Indeedee\n|-supereffective|p1a: Indeedee\n|-damage|p1a: Indeedee|8\/100 brn\n|-damage|p2b: Roaring Moon|84\/100|[from] item: Rocky Helmet|[of] p1a: Indeedee\n|-enditem|p1a: Indeedee|Rocky Helmet|[from] move: Knock Off|[of] p2b: Roaring Moon\n|move|p1b: Kommo-o|Iron Defense|p1b: Kommo-o\n|-boost|p1b: Kommo-o|def|2\n|move|p2a: Weezing|Taunt|p1a: Indeedee\n|-start|p1a: Indeedee|move: Taunt\n|\n|-damage|p1a: Indeedee|2\/100 brn|[from] brn\n|upkeep\n|turn|3\n|inactive|MurphyTheMut has 30 seconds left.\n|\n|t:|1699812074\n|switch|p1a: Tyranitar|Tyranitar, L50, M|100\/100\n|-terastallize|p1b: Kommo-o|Steel\n|move|p2b: Roaring Moon|Breaking Swipe|p1a: Tyranitar|[spread] p1a,p1b\n|-resisted|p1b: Kommo-o\n|-damage|p1a: Tyranitar|82\/100\n|-damage|p1b: Kommo-o|98\/100\n|-unboost|p1a: Tyranitar|atk|1\n|-unboost|p1b: Kommo-o|atk|1\n|move|p1b: Kommo-o|Body Press|p2b: Roaring Moon\n|-supereffective|p2b: Roaring Moon\n|-damage|p2b: Roaring Moon|0 fnt\n|faint|p2b: Roaring Moon\n|-end|p2b: Roaring Moon|Protosynthesis|[silent]\n|move|p2a: Weezing|Will-O-Wisp|p1b: Kommo-o|[miss]\n|-miss|p2a: Weezing|p1b: Kommo-o\n|\n|-heal|p1b: Kommo-o|100\/100|[from] item: Leftovers\n|upkeep\n|\n|t:|1699812091\n|switch|p2b: Urshifu|Urshifu-Rapid-Strike, L50, M|100\/100\n|turn|4\n|\n|t:|1699812108\n|switch|p1a: Indeedee|Indeedee-F, L50, F|2\/100 brn\n|move|p2b: Urshifu|Close Combat|p1b: Kommo-o\n|-supereffective|p1b: Kommo-o\n|-damage|p1b: Kommo-o|71\/100\n|-unboost|p2b: Urshifu|def|1\n|-unboost|p2b: Urshifu|spd|1\n|move|p1b: Kommo-o|Body Press|p2b: Urshifu\n|-damage|p2b: Urshifu|0 fnt\n|faint|p2b: Urshifu\n|move|p2a: Weezing|Will-O-Wisp|p1b: Kommo-o\n|-status|p1b: Kommo-o|brn\n|\n|-heal|p1b: Kommo-o|77\/100 brn|[from] item: Leftovers\n|-damage|p1b: Kommo-o|71\/100 brn|[from] brn\n|-damage|p1a: Indeedee|0 fnt|[from] brn\n|faint|p1a: Indeedee\n|upkeep\n|\n|t:|1699812125\n|switch|p2b: Flutter Mane|Flutter Mane, L50|100\/100\n|switch|p1a: Tyranitar|Tyranitar, L50, M|82\/100\n|turn|5\n|inactive|puffypoop2 has 30 seconds left.\n|\n|t:|1699812156\n|move|p1b: Kommo-o|Protect|p1b: Kommo-o\n|-singleturn|p1b: Kommo-o|Protect\n|move|p2b: Flutter Mane|Power Gem|p1b: Kommo-o\n|-activate|p1b: Kommo-o|move: Protect\n|move|p2a: Weezing|Will-O-Wisp|p1a: Tyranitar\n|-status|p1a: Tyranitar|brn\n|move|p1a: Tyranitar|Icy Wind|p2a: Weezing|[spread] p2a,p2b\n|-damage|p2a: Weezing|92\/100\n|-damage|p2b: Flutter Mane|93\/100\n|-unboost|p2a: Weezing|spe|1\n|-unboost|p2b: Flutter Mane|spe|1\n|\n|-heal|p1b: Kommo-o|77\/100 brn|[from] item: Leftovers\n|-damage|p1b: Kommo-o|71\/100 brn|[from] brn\n|-damage|p1a: Tyranitar|76\/100 brn|[from] brn\n|upkeep\n|turn|6\n|inactive|MurphyTheMut has 30 seconds left.\n|\n|t:|1699812187\n|move|p2b: Flutter Mane|Power Gem|p1b: Kommo-o\n|-resisted|p1b: Kommo-o\n|-damage|p1b: Kommo-o|54\/100 brn\n|move|p1b: Kommo-o|Body Press|p2a: Weezing\n|-resisted|p2a: Weezing\n|-damage|p2a: Weezing|66\/100\n|move|p1a: Tyranitar|Icy Wind|p2b: Flutter Mane|[spread] p2a,p2b\n|-damage|p2a: Weezing|58\/100\n|-damage|p2b: Flutter Mane|85\/100\n|-unboost|p2a: Weezing|spe|1\n|-unboost|p2b: Flutter Mane|spe|1\n|move|p2a: Weezing|Gunk Shot|p1a: Tyranitar\n|-resisted|p1a: Tyranitar\n|-crit|p1a: Tyranitar\n|-damage|p1a: Tyranitar|53\/100 brn\n|\n|-heal|p1b: Kommo-o|60\/100 brn|[from] item: Leftovers\n|-damage|p1b: Kommo-o|54\/100 brn|[from] brn\n|-damage|p1a: Tyranitar|47\/100 brn|[from] brn\n|upkeep\n|turn|7\n|inactive|MurphyTheMut has 30 seconds left.\n|\n|t:|1699812220\n|-terastallize|p2a: Weezing|Ghost\n|move|p1b: Kommo-o|Protect|p1b: Kommo-o\n|-singleturn|p1b: Kommo-o|Protect\n|move|p2b: Flutter Mane|Power Gem|p1b: Kommo-o\n|-activate|p1b: Kommo-o|move: Protect\n|move|p1a: Tyranitar|Knock Off|p2b: Flutter Mane\n|-damage|p2b: Flutter Mane|37\/100\n|-enditem|p2b: Flutter Mane|Choice Specs|[from] move: Knock Off|[of] p1a: Tyranitar\n|move|p2a: Weezing|Taunt|p1b: Kommo-o\n|-activate|p1b: Kommo-o|move: Protect\n|\n|-heal|p1b: Kommo-o|60\/100 brn|[from] item: Leftovers\n|-damage|p1b: Kommo-o|54\/100 brn|[from] brn\n|-damage|p1a: Tyranitar|42\/100 brn|[from] brn\n|upkeep\n|turn|8\n|\n|t:|1699812239\n|move|p2a: Weezing|Protect|p2a: Weezing\n|-singleturn|p2a: Weezing|Protect\n|move|p1b: Kommo-o|Iron Head|p2b: Flutter Mane\n|-supereffective|p2b: Flutter Mane\n|-damage|p2b: Flutter Mane|3\/100\n|move|p2b: Flutter Mane|Moonblast|p1a: Tyranitar\n|-supereffective|p1a: Tyranitar\n|-damage|p1a: Tyranitar|0 fnt\n|faint|p1a: Tyranitar\n|\n|-heal|p1b: Kommo-o|60\/100 brn|[from] item: Leftovers\n|-damage|p1b: Kommo-o|54\/100 brn|[from] brn\n|upkeep\n|\n|t:|1699812251\n|switch|p1a: Flutter Mane|Flutter Mane, L50|100\/100\n|turn|9\n|\n|t:|1699812258\n|move|p1a: Flutter Mane|Shadow Ball|p2a: Weezing\n|-supereffective|p2a: Weezing\n|-damage|p2a: Weezing|0 fnt\n|faint|p2a: Weezing\n|-end|p2a: Weezing|ability: Neutralizing Gas\n|move|p1b: Kommo-o|Iron Head|p2b: Flutter Mane\n|-supereffective|p2b: Flutter Mane\n|-damage|p2b: Flutter Mane|0 fnt\n|faint|p2b: Flutter Mane\n|-end|p2b: Flutter Mane|Protosynthesis|[silent]\n|\n|win|MurphyTheMut\n|raw|MurphyTheMut's rating: 1047 &rarr; <strong>1089<\/strong><br \/>(+42 for winning)\n|raw|puffypoop2's rating: 1140 &rarr; <strong>1108<\/strong><br \/>(-32 for losing)\n|l|\u2606puffypoop2\n|c|\u2606MurphyTheMut|gg\n|c|\u2606MurphyTheMut|bitch\n","uploadtime":1699812285,"views":18,"p1id":"murphythemut","p2id":"puffypoop2","formatid":"gen9vgc2023regulatione","rating":1089,"private":0,"password":""}