{"id":"gen9vgc2023regulatione-1988565758","p1":"Rocket Turtle","p2":"Auxowave","format":"[Gen 9] VGC 2023 Regulation E","log":"|j|\u2606Rocket Turtle\n|j|\u2606Auxowave\n|n|\u2606Rocket Turtle|rocketturtle\n|n|\u2606Auxowave|auxowave\n|html|View the match progress at <a href=\"\/game-bestof3-gen9vgc2023regulatione-1988565757\">game-bestof3-gen9vgc2023regulatione-1988565757<\/a>\n|t:|1699736768\n|gametype|doubles\n|player|p1|Rocket Turtle|n|\n|player|p2|Auxowave|102|\n|teamsize|p1|6\n|teamsize|p2|6\n|gen|9\n|tier|[Gen 9] VGC 2023 Regulation E\n|rule|Species Clause: Limit one of each Pok\u00e9mon\n|rule|Item Clause: Limit one of each item\n|clearpoke\n|poke|p1|Iron Hands, L50|\n|poke|p1|Landorus-Therian, L50, M|\n|poke|p1|Ogerpon-Hearthflame, L50, F|\n|poke|p1|Milotic, L50, F|\n|poke|p1|Kommo-o, L50, M|\n|poke|p1|Clefairy, L50, M|\n|poke|p2|Chi-Yu, L50|\n|poke|p2|Iron Hands, L50|\n|poke|p2|Landorus-Therian, L50, M|\n|poke|p2|Dusclops, L50, M|\n|poke|p2|Ogerpon-Wellspring, L50, F|\n|poke|p2|Ursaluna-Bloodmoon, L50, M|\n|teampreview|4\nAuxowave has agreed to open team sheets.\n|c|\u2606Auxowave|hi\nRocket Turtle has agreed to open team sheets.\n|showteam|p1|Iron Hands||AssaultVest|QuarkDrive|FakeOut,WildCharge,DrainPunch,VoltSwitch||||||50|,,,,,Grass]Landorus-Therian||ChoiceScarf|Intimidate|TeraBlast,RockSlide,StompingTantrum,Uturn|||M|||50|,,,,,Flying]Ogerpon-Hearthflame||HearthflameMask|MoldBreaker|SpikyShield,IvyCudgel,HornLeech,SwordsDance|||F|||50|,,,,,Fire]Milotic||SafetyGoggles|Competitive|Protect,IceBeam,Scald,IcyWind|||F|||50|,,,,,Ice]Kommo-o||ThroatSpray|Bulletproof|Protect,ClangingScales,ClangorousSoul,FlashCannon|||M|||50|,,,,,Steel]Clefairy||Eviolite|FriendGuard|Protect,FollowMe,HelpingHand,LifeDew|||M|||50|,,,,,Dark\n|showteam|p2|Chi-Yu||MirrorHerb|BeadsofRuin|HeatWave,DarkPulse,NastyPlot,Protect||||||50|,,,,,Ghost]Iron Hands||AssaultVest|QuarkDrive|WildCharge,DrainPunch,VoltSwitch,FakeOut||||||50|,,,,,Fire]Landorus-Therian||ChoiceScarf|Intimidate|RockSlide,StompingTantrum,Uturn,TeraBlast|||M|||50|,,,,,Flying]Dusclops||Eviolite|Frisk|WillOWisp,TrickRoom,PainSplit,BrickBreak|||M|||50|,,,,,Dark]Ogerpon-Wellspring||WellspringMask|WaterAbsorb|SpikyShield,FollowMe,HornLeech,IvyCudgel|||F|||50|,,,,,Water]Ursaluna-Bloodmoon||WeaknessPolicy|MindsEye|EarthPower,Protect,HyperVoice,BloodMoon|||M|||50|,,,,,Normal\n|c|\u2606Rocket Turtle|yo\n|c|\u2606Auxowave|glhf\n|c|\u2606Rocket Turtle|u2\n|\n|t:|1699736849\n|start\n|switch|p1a: Kommo-o|Kommo-o, L50, M|100\/100\n|switch|p1b: Landorus|Landorus-Therian, L50, M|100\/100\n|switch|p2a: Landorus|Landorus-Therian, L50, M|100\/100\n|switch|p2b: Chi-Yu|Chi-Yu, L50|100\/100\n|-ability|p1b: Landorus|Intimidate|boost\n|-unboost|p2a: Landorus|atk|1\n|-unboost|p2b: Chi-Yu|atk|1\n|-ability|p2a: Landorus|Intimidate|boost\n|-unboost|p1a: Kommo-o|atk|1\n|-unboost|p1b: Landorus|atk|1\n|-ability|p2b: Chi-Yu|Beads of Ruin\n|turn|1\n|\n|t:|1699736880\n|move|p2b: Chi-Yu|Protect|p2b: Chi-Yu\n|-singleturn|p2b: Chi-Yu|Protect\n|move|p1b: Landorus|Rock Slide|p2b: Chi-Yu|[spread] p2a\n|-activate|p2b: Chi-Yu|move: Protect\n|-damage|p2a: Landorus|85\/100\n|move|p2a: Landorus|U-turn|p1b: Landorus\n|-resisted|p1b: Landorus\n|-damage|p1b: Landorus|91\/100\n|\n|t:|1699736887\n|switch|p2a: Iron Hands|Iron Hands, L50|100\/100|[from] U-turn\n|move|p1a: Kommo-o|Clangorous Soul|p1a: Kommo-o\n|-boost|p1a: Kommo-o|atk|1\n|-boost|p1a: Kommo-o|def|1\n|-boost|p1a: Kommo-o|spa|1\n|-boost|p1a: Kommo-o|spd|1\n|-boost|p1a: Kommo-o|spe|1\n|-enditem|p2b: Chi-Yu|Mirror Herb\n|-boost|p2b: Chi-Yu|atk|1|[from] item: Mirror Herb\n|-boost|p2b: Chi-Yu|def|1|[from] item: Mirror Herb\n|-boost|p2b: Chi-Yu|spa|1|[from] item: Mirror Herb\n|-boost|p2b: Chi-Yu|spd|1|[from] item: Mirror Herb\n|-boost|p2b: Chi-Yu|spe|1|[from] item: Mirror Herb\n|-damage|p1a: Kommo-o|68\/100\n|-enditem|p1a: Kommo-o|Throat Spray\n|-boost|p1a: Kommo-o|spa|1|[from] item: Throat Spray\n|\n|upkeep\n|turn|2\n|j| Jorijn\n|\n|t:|1699736904\n|switch|p1b: Clefairy|Clefairy, L50, M|100\/100\n|move|p1a: Kommo-o|Protect|p1a: Kommo-o\n|-singleturn|p1a: Kommo-o|Protect\n|move|p2a: Iron Hands|Fake Out|p1a: Kommo-o\n|-activate|p1a: Kommo-o|move: Protect\n|move|p2b: Chi-Yu|Dark Pulse|p1b: Clefairy\n|-resisted|p1b: Clefairy\n|-damage|p1b: Clefairy|65\/100\n|\n|upkeep\n|turn|3\n|\n|t:|1699736919\n|move|p2b: Chi-Yu|Protect|p2b: Chi-Yu\n|-singleturn|p2b: Chi-Yu|Protect\n|move|p1a: Kommo-o|Clangorous Soul|p1a: Kommo-o\n|-boost|p1a: Kommo-o|atk|1\n|-boost|p1a: Kommo-o|def|1\n|-boost|p1a: Kommo-o|spa|1\n|-boost|p1a: Kommo-o|spd|1\n|-boost|p1a: Kommo-o|spe|1\n|-damage|p1a: Kommo-o|36\/100\n|move|p2a: Iron Hands|Wild Charge|p1b: Clefairy\n|-damage|p1b: Clefairy|25\/100\n|-damage|p2a: Iron Hands|93\/100|[from] Recoil\n|move|p1b: Clefairy|Life Dew|p1b: Clefairy|[spread] p1a,p1b\n|-heal|p1a: Kommo-o|61\/100\n|-heal|p1b: Clefairy|50\/100\n|\n|upkeep\n|turn|4\n|\n|t:|1699736934\n|move|p1a: Kommo-o|Clanging Scales|p2b: Chi-Yu|[spread] p2a,p2b\n|-damage|p2a: Iron Hands|22\/100\n|-damage|p2b: Chi-Yu|40\/100\n|-unboost|p1a: Kommo-o|def|1\n|move|p2b: Chi-Yu|Heat Wave|p1a: Kommo-o|[spread] p1a,p1b\n|-resisted|p1a: Kommo-o\n|-damage|p1a: Kommo-o|46\/100\n|-damage|p1b: Clefairy|0 fnt\n|faint|p1b: Clefairy\n|move|p2a: Iron Hands|Wild Charge|p1a: Kommo-o\n|-resisted|p1a: Kommo-o\n|-damage|p1a: Kommo-o|29\/100\n|-damage|p2a: Iron Hands|19\/100|[from] Recoil\n|\n|upkeep\n|\n|t:|1699736945\n|switch|p1b: Landorus|Landorus-Therian, L50, M|91\/100\n|-ability|p1b: Landorus|Intimidate|boost\n|-unboost|p2a: Iron Hands|atk|1\n|-unboost|p2b: Chi-Yu|atk|1\n|turn|5\n|\n|t:|1699736959\n|move|p1a: Kommo-o|Clanging Scales|p2b: Chi-Yu|[spread] p2a,p2b\n|-damage|p2a: Iron Hands|0 fnt\n|-damage|p2b: Chi-Yu|0 fnt\n|faint|p2a: Iron Hands\n|-end|p2a: Iron Hands|Quark Drive|[silent]\n|faint|p2b: Chi-Yu\n|-unboost|p1a: Kommo-o|def|1\n|move|p1b: Landorus|Rock Slide|p2: Iron Hands|[notarget]\n|-fail|p1b: Landorus\n|\n|upkeep\n|\n|t:|1699736961\n|switch|p2b: Ogerpon|Ogerpon-Wellspring, L50, F|100\/100\n|switch|p2a: Landorus|Landorus-Therian, L50, M|85\/100\n|-ability|p2a: Landorus|Intimidate|boost\n|-unboost|p1a: Kommo-o|atk|1\n|-unboost|p1b: Landorus|atk|1\n|turn|6\n|\n|t:|1699736986\n|switch|p1b: Iron Hands|Iron Hands, L50|100\/100\n|-terastallize|p2a: Landorus|Flying\n|move|p2b: Ogerpon|Spiky Shield|p2b: Ogerpon\n|-singleturn|p2b: Ogerpon|move: Protect\n|move|p1a: Kommo-o|Clanging Scales|p2a: Landorus|[spread] p2a\n|-activate|p2b: Ogerpon|move: Protect\n|-damage|p2a: Landorus|0 fnt\n|faint|p2a: Landorus\n|-unboost|p1a: Kommo-o|def|1\n|\n|upkeep\n|turn|7\n|\n|t:|1699736998\n|move|p1a: Kommo-o|Clanging Scales|p2b: Ogerpon\n|-damage|p2b: Ogerpon|0 fnt\n|faint|p2b: Ogerpon\n|\n|win|Rocket Turtle\n|c|\u2606Auxowave|gg\n|c|&|\/uhtml prompt-rocketturtle,Rocket Turtle is ready for game 2!\n|c|&|\/uhtml prompt-auxowave,Auxowave is ready for game 2!\nBoth players are ready! Starting next match!\n|c|\u2606Rocket Turtle|gg\n|l|\u2606Rocket Turtle\n","uploadtime":1699737852,"views":10,"p1id":"rocketturtle","p2id":"auxowave","formatid":"gen9vgc2023regulatione","rating":0,"private":0,"password":""}