{"id":"gen9vgc2023regulatione-1989160674","p1":"myovenisbroken","p2":"Sdsdffggff","format":"[Gen 9] VGC 2023 Regulation E","log":"|j|\u2606myovenisbroken\n|j|\u2606Sdsdffggff\n|t:|1699818656\n|gametype|doubles\n|player|p1|myovenisbroken|steven|1413\n|player|p2|Sdsdffggff|2|1424\n|teamsize|p1|6\n|teamsize|p2|6\n|gen|9\n|tier|[Gen 9] VGC 2023 Regulation E\n|rated|\n|rule|Species Clause: Limit one of each Pok\u00e9mon\n|rule|Item Clause: Limit one of each item\n|clearpoke\n|poke|p1|Armarouge, L50, M|\n|poke|p1|Indeedee-F, L50, F|\n|poke|p1|Ogerpon-Wellspring, L50, F|\n|poke|p1|Gholdengo, L50|\n|poke|p1|Iron Hands, L50|\n|poke|p1|Roaring Moon, L50|\n|poke|p2|Tornadus, L50, M|\n|poke|p2|Ogerpon-Hearthflame, L50, F|\n|poke|p2|Arcanine-Hisui, L50, F|\n|poke|p2|Mamoswine, L50, M|\n|poke|p2|Iron Bundle, L50|\n|poke|p2|Farigiraf, L50, M|\n|teampreview|4\n|inactive|Battle timer is ON: inactive players will automatically lose when time's up. (requested by Sdsdffggff)\n|inactive|myovenisbroken has 60 seconds left.\n|inactive|Sdsdffggff has 60 seconds left.\n|inactive|myovenisbroken has 30 seconds left.\n|inactive|myovenisbroken has 20 seconds left.\n|inactive|myovenisbroken has 15 seconds left.\n|\n|t:|1699818735\n|start\n|switch|p1a: Armarouge|Armarouge, L50, M|100\/100\n|switch|p1b: Roaring Moon|Roaring Moon, L50|100\/100\n|switch|p2a: Ogerpon|Ogerpon-Hearthflame, L50, F|100\/100\n|switch|p2b: Arcanine|Arcanine-Hisui, L50, F|100\/100\n|-ability|p2a: Ogerpon|Mold Breaker\n|-ability|p2b: Arcanine|Intimidate|boost\n|-unboost|p1a: Armarouge|atk|1\n|-unboost|p1b: Roaring Moon|atk|1\n|-enditem|p1b: Roaring Moon|Booster Energy\n|-activate|p1b: Roaring Moon|ability: Protosynthesis|[fromitem]\n|-start|p1b: Roaring Moon|protosynthesisspe\n|turn|1\n|\n|t:|1699818763\n|move|p1a: Armarouge|Protect|p1a: Armarouge\n|-singleturn|p1a: Armarouge|Protect\n|move|p1b: Roaring Moon|Tailwind|p1b: Roaring Moon\n|-sidestart|p1: myovenisbroken|move: Tailwind\n|move|p2a: Ogerpon|Ivy Cudgel|p1a: Armarouge\n|-activate|p1a: Armarouge|move: Protect\n|move|p2b: Arcanine|Rock Slide|p1b: Roaring Moon|[spread] p1b\n|-activate|p1a: Armarouge|move: Protect\n|-damage|p1b: Roaring Moon|56\/100\n|\n|upkeep\n|turn|2\n|inactive|myovenisbroken has 30 seconds left.\n|inactive|Sdsdffggff has 30 seconds left.\n|\n|t:|1699818796\n|-end|p1b: Roaring Moon|Protosynthesis|[silent]\n|switch|p1b: Indeedee|Indeedee-F, L50, F|100\/100\n|-fieldstart|move: Psychic Terrain|[from] ability: Psychic Surge|[of] p1b: Indeedee\n|switch|p2b: Iron Bundle|Iron Bundle, L50|100\/100\n|-enditem|p2b: Iron Bundle|Booster Energy\n|-activate|p2b: Iron Bundle|ability: Quark Drive|[fromitem]\n|-start|p2b: Iron Bundle|quarkdrivespe\n|-terastallize|p1a: Armarouge|Grass\n|move|p2a: Ogerpon|Spiky Shield|p2a: Ogerpon\n|-singleturn|p2a: Ogerpon|move: Protect\n|move|p1a: Armarouge|Expanding Force|p2a: Ogerpon|[spread] p2b\n|-activate|p2a: Ogerpon|move: Protect\n|-damage|p2b: Iron Bundle|0 fnt\n|faint|p2b: Iron Bundle\n|-end|p2b: Iron Bundle|Quark Drive|[silent]\n|-damage|p1a: Armarouge|91\/100|[from] item: Life Orb\n|\n|upkeep\n|\n|t:|1699818798\n|switch|p2b: Farigiraf|Farigiraf, L50, M|100\/100\n|turn|3\n|inactive|myovenisbroken has 30 seconds left.\n|\n|t:|1699818832\n|move|p1b: Indeedee|Helping Hand|p1a: Armarouge\n|-singleturn|p1a: Armarouge|Helping Hand|[of] p1b: Indeedee\n|move|p1a: Armarouge|Expanding Force|p2a: Ogerpon|[spread] p2a,p2b\n|-resisted|p2b: Farigiraf\n|-damage|p2a: Ogerpon|0 fnt\n|-damage|p2b: Farigiraf|42\/100\n|faint|p2a: Ogerpon\n|-damage|p1a: Armarouge|81\/100|[from] item: Life Orb\n|move|p2b: Farigiraf|Trick Room|p2b: Farigiraf\n|-fieldstart|move: Trick Room|[of] p2b: Farigiraf\n|\n|upkeep\n|\n|t:|1699818837\n|switch|p2a: Arcanine|Arcanine-Hisui, L50, F|100\/100\n|-ability|p2a: Arcanine|Intimidate|boost\n|-unboost|p1a: Armarouge|atk|1\n|-unboost|p1b: Indeedee|atk|1\n|turn|4\n|inactive|myovenisbroken has 30 seconds left.\n|inactive|myovenisbroken has 20 seconds left.\n|inactive|myovenisbroken has 15 seconds left.\n|inactive|myovenisbroken has 10 seconds left.\n|inactive|myovenisbroken has 5 seconds left.\n|\n|t:|1699818888\n|move|p1a: Armarouge|Protect|p1a: Armarouge\n|-singleturn|p1a: Armarouge|Protect\n|move|p2b: Farigiraf|Dazzling Gleam|p1a: Armarouge|[spread] p1b\n|-activate|p1a: Armarouge|move: Protect\n|-damage|p1b: Indeedee|88\/100\n|move|p2a: Arcanine|Rock Slide|p1b: Indeedee|[spread] p1b\n|-activate|p1a: Armarouge|move: Protect\n|-damage|p1b: Indeedee|43\/100\n|cant|p1b: Indeedee|flinch\n|\n|-sideend|p1: myovenisbroken|move: Tailwind\n|upkeep\n|turn|5\n|\n|t:|1699818909\n|move|p1b: Indeedee|Helping Hand|p1a: Armarouge\n|-singleturn|p1a: Armarouge|Helping Hand|[of] p1b: Indeedee\n|move|p2b: Farigiraf|Dazzling Gleam|p1b: Indeedee|[spread] p1a,p1b\n|-damage|p1a: Armarouge|65\/100\n|-damage|p1b: Indeedee|30\/100\n|move|p1a: Armarouge|Expanding Force|p2a: Arcanine|[spread] p2a,p2b\n|-resisted|p2b: Farigiraf\n|-damage|p2a: Arcanine|0 fnt\n|-damage|p2b: Farigiraf|0 fnt\n|faint|p2a: Arcanine\n|faint|p2b: Farigiraf\n|-damage|p1a: Armarouge|55\/100|[from] item: Life Orb\n|\n|win|myovenisbroken\n|raw|myovenisbroken's rating: 1413 &rarr; <strong>1434<\/strong><br \/>(+21 for winning)\n|raw|Sdsdffggff's rating: 1424 &rarr; <strong>1403<\/strong><br \/>(-21 for losing)\n|l|\u2606Sdsdffggff\n","uploadtime":1699818927,"views":50,"p1id":"myovenisbroken","p2id":"sdsdffggff","formatid":"gen9vgc2023regulatione","rating":1403,"private":0,"password":""}