{"id":"gen9vgc2023regulatione-1997522558","p1":"Lukeey c","p2":"DeadbeatDarcy","format":"[Gen 9] VGC 2023 Regulation E","log":"|j|\u2606Lukeey c\n|j|\u2606DeadbeatDarcy\n|t:|1700819714\n|gametype|doubles\n|player|p1|Lukeey c|169|1314\n|player|p2|DeadbeatDarcy|ghetsis|1418\n|teamsize|p1|6\n|teamsize|p2|6\n|gen|9\n|tier|[Gen 9] VGC 2023 Regulation E\n|rated|\n|rule|Species Clause: Limit one of each Pok\u00e9mon\n|rule|Item Clause: Limit one of each item\n|clearpoke\n|poke|p1|Urshifu-*, L50, F|\n|poke|p1|Rillaboom, L50, F|\n|poke|p1|Heatran, L50, M|\n|poke|p1|Tornadus, L50, M|\n|poke|p1|Flutter Mane, L50|\n|poke|p1|Zapdos, L50|\n|poke|p2|Zapdos-Galar, L50|\n|poke|p2|Indeedee-F, L50, F|\n|poke|p2|Heatran, L50, M|\n|poke|p2|Landorus-Therian, L50, M|\n|poke|p2|Urshifu-*, L50, M|\n|poke|p2|Chien-Pao, L50|\n|teampreview|4\n|inactive|Battle timer is ON: inactive players will automatically lose when time's up. (requested by DeadbeatDarcy)\n|inactive|Lukeey c has 60 seconds left.\n|inactive|DeadbeatDarcy has 60 seconds left.\n|\n|t:|1700819761\n|start\n|switch|p1a: Urshifu|Urshifu-Rapid-Strike, L50, F|100\/100\n|switch|p1b: Tornadus|Tornadus, L50, M|100\/100\n|switch|p2a: Zapdos|Zapdos-Galar, L50, shiny|100\/100\n|switch|p2b: Indeedee|Indeedee-F, L50, F, shiny|100\/100\n|-fieldstart|move: Psychic Terrain|[from] ability: Psychic Surge|[of] p2b: Indeedee\n|-enditem|p2a: Zapdos|Psychic Seed\n|-boost|p2a: Zapdos|spd|1|[from] item: Psychic Seed\n|turn|1\n|inactive|Lukeey c has 30 seconds left.\n|\n|t:|1700819787\n|-terastallize|p2a: Zapdos|Flying\n|move|p2b: Indeedee|Follow Me|p2b: Indeedee\n|-singleturn|p2b: Indeedee|move: Follow Me\n|move|p1b: Tornadus|Tailwind|p1b: Tornadus\n|-sidestart|p1: Lukeey c|move: Tailwind\n|move|p1a: Urshifu|Surging Strikes|p2b: Indeedee\n|-crit|p2b: Indeedee\n|-damage|p2b: Indeedee|75\/100\n|-damage|p1a: Urshifu|84\/100|[from] item: Rocky Helmet|[of] p2b: Indeedee\n|-crit|p2b: Indeedee\n|-damage|p2b: Indeedee|53\/100\n|-damage|p1a: Urshifu|67\/100|[from] item: Rocky Helmet|[of] p2b: Indeedee\n|-crit|p2b: Indeedee\n|-damage|p2b: Indeedee|30\/100\n|-damage|p1a: Urshifu|51\/100|[from] item: Rocky Helmet|[of] p2b: Indeedee\n|-hitcount|p2b: Indeedee|3\n|move|p2a: Zapdos|Acrobatics|p1a: Urshifu\n|-supereffective|p1a: Urshifu\n|-damage|p1a: Urshifu|0 fnt\n|faint|p1a: Urshifu\n|\n|upkeep\n|\n|t:|1700819792\n|switch|p1a: Flutter Mane|Flutter Mane, L50|100\/100\n|turn|2\n|\n|t:|1700819803\n|-terastallize|p1a: Flutter Mane|Fairy\n|move|p2b: Indeedee|Follow Me|p2b: Indeedee\n|-singleturn|p2b: Indeedee|move: Follow Me\n|move|p1a: Flutter Mane|Dazzling Gleam|p2a: Zapdos|[spread] p2a,p2b\n|-crit|p2b: Indeedee\n|-damage|p2a: Zapdos|50\/100\n|-damage|p2b: Indeedee|0 fnt\n|faint|p2b: Indeedee\n|move|p1b: Tornadus|Bleakwind Storm|p2a: Zapdos\n|-damage|p2a: Zapdos|19\/100\n|move|p2a: Zapdos|Acrobatics|p1a: Flutter Mane\n|-damage|p1a: Flutter Mane|0 fnt\n|faint|p1a: Flutter Mane\n|-end|p1a: Flutter Mane|Protosynthesis|[silent]\n|\n|upkeep\n|inactive|Lukeey c has 30 seconds left.\n|inactive|Lukeey c has 20 seconds left.\n|inactive|Lukeey c has 15 seconds left.\n|inactive|Lukeey c has 10 seconds left.\n|inactive|Lukeey c has 5 seconds left.\n|\n|t:|1700819858\n|switch|p1a: Rillaboom|Rillaboom, L50, F|100\/100\n|switch|p2b: Heatran|Heatran, L50, M|100\/100\n|-fieldstart|move: Grassy Terrain|[from] ability: Grassy Surge|[of] p1a: Rillaboom\n|turn|3\n|inactive|Lukeey c has 30 seconds left.\n|inactive|Lukeey c has 20 seconds left.\n|inactive|Lukeey c has 15 seconds left.\n|inactive|Lukeey c has 10 seconds left.\n|inactive|Lukeey c has 5 seconds left.\n|\n|t:|1700819913\n|move|p2a: Zapdos|Protect|p2a: Zapdos\n|-singleturn|p2a: Zapdos|Protect\n|move|p1a: Rillaboom|Fake Out|p2a: Zapdos\n|-activate|p2a: Zapdos|move: Protect\n|move|p1b: Tornadus|Tailwind||[still]\n|-fail|p1b: Tornadus\n|move|p2b: Heatran|Heat Wave|p1b: Tornadus|[spread] p1a,p1b\n|-supereffective|p1a: Rillaboom\n|-damage|p1a: Rillaboom|48\/100\n|-damage|p1b: Tornadus|55\/100\n|\n|-heal|p1a: Rillaboom|54\/100|[from] Grassy Terrain\n|upkeep\n|turn|4\n|n|!DeadbeatDarcy|deadbeatdarcy\n|inactive|Lukeey c has 30 seconds left.\n|inactive|DeadbeatDarcy has 30 seconds left.\n|inactive|Lukeey c has 20 seconds left.\n|\n|t:|1700819950\n|move|p1b: Tornadus|Bleakwind Storm|p2b: Heatran|[spread] p2a\n|-miss|p1b: Tornadus|p2b: Heatran\n|-damage|p2a: Zapdos|0 fnt\n|faint|p2a: Zapdos\n|move|p1a: Rillaboom|High Horsepower|p2b: Heatran\n|-supereffective|p2b: Heatran\n|-damage|p2b: Heatran|0 fnt\n|faint|p2b: Heatran\n|\n|-heal|p1a: Rillaboom|60\/100|[from] Grassy Terrain\n|-sideend|p1: Lukeey c|move: Tailwind\n|upkeep\n|inactive|DeadbeatDarcy has 30 seconds left.\n|\n|t:|1700819978\n|switch|p2b: Urshifu|Urshifu-Rapid-Strike, L50, M|100\/100\n|turn|5\n|\n|t:|1700819990\n|move|p1a: Rillaboom|Grassy Glide|p2b: Urshifu\n|-supereffective|p2b: Urshifu\n|-damage|p2b: Urshifu|36\/100\n|move|p1b: Tornadus|Bleakwind Storm|p2b: Urshifu\n|-supereffective|p2b: Urshifu\n|-damage|p2b: Urshifu|0 fnt\n|faint|p2b: Urshifu\n|\n|win|Lukeey c\n|raw|Lukeey c's rating: 1314 &rarr; <strong>1340<\/strong><br \/>(+26 for winning)\n|raw|DeadbeatDarcy's rating: 1418 &rarr; <strong>1392<\/strong><br \/>(-26 for losing)\n","uploadtime":1700819915,"views":3,"p1id":"lukeeyc","p2id":"deadbeatdarcy","formatid":"gen9vgc2023regulatione","rating":1340,"private":0,"password":""}