{"id":"gen9vgc2023regulatione-1998492702","p1":"DoggoGGO","p2":"Mush_506","format":"[Gen 9] VGC 2023 Regulation E","log":"|j|\u2606DoggoGGO\n|j|\u2606Mush_506\n|t:|1700948492\n|gametype|doubles\n|player|p1|DoggoGGO|pokemonrangerf|1096\n|player|p2|Mush_506|hilbert-wonderlauncher|1041\n|teamsize|p1|6\n|teamsize|p2|6\n|gen|9\n|tier|[Gen 9] VGC 2023 Regulation E\n|rated|\n|rule|Species Clause: Limit one of each Pok\u00e9mon\n|rule|Item Clause: Limit one of each item\n|clearpoke\n|poke|p1|Ninetales-Alola, L50, F|\n|poke|p1|Ting-Lu, L50|\n|poke|p1|Cetitan, L50, F|\n|poke|p1|Sinistcha, L50|\n|poke|p1|Baxcalibur, L50, M|\n|poke|p1|Iron Bundle, L50|\n|poke|p2|Ursaluna-Bloodmoon, L50, M|\n|poke|p2|Sinistcha, L50|\n|poke|p2|Grimmsnarl, L50, M|\n|poke|p2|Iron Hands, L50|\n|poke|p2|Ogerpon-Wellspring, L50, F|\n|poke|p2|Arcanine-Hisui, L50, F|\n|teampreview|4\n|\n|t:|1700948544\n|start\n|switch|p1a: Ninetales|Ninetales-Alola, L50, F|100\/100\n|switch|p1b: Ting-Lu|Ting-Lu, L50|100\/100\n|switch|p2a: Grimmsnarl|Grimmsnarl, L50, M, shiny|100\/100\n|switch|p2b: Ursaluna|Ursaluna-Bloodmoon, L50, M|100\/100\n|-weather|Snow|[from] ability: Snow Warning|[of] p1a: Ninetales\n|-ability|p1b: Ting-Lu|Vessel of Ruin\n|turn|1\n|\n|t:|1700948581\n|move|p2a: Grimmsnarl|Reflect|p2a: Grimmsnarl\n|-sidestart|p2: Mush_506|Reflect\n|move|p1a: Ninetales|Aurora Veil|p1a: Ninetales\n|-sidestart|p1: DoggoGGO|move: Aurora Veil\n|move|p2b: Ursaluna|Calm Mind|p2b: Ursaluna\n|-boost|p2b: Ursaluna|spa|1\n|-boost|p2b: Ursaluna|spd|1\n|move|p1b: Ting-Lu|Substitute|p1b: Ting-Lu\n|-start|p1b: Ting-Lu|Substitute\n|-damage|p1b: Ting-Lu|76\/100\n|\n|-weather|Snow|[upkeep]\n|-heal|p1b: Ting-Lu|82\/100|[from] item: Leftovers\n|upkeep\n|turn|2\n|\n|t:|1700948595\n|move|p1a: Ninetales|Protect|p1a: Ninetales\n|-singleturn|p1a: Ninetales|Protect\n|move|p2a: Grimmsnarl|Light Screen|p2a: Grimmsnarl\n|-sidestart|p2: Mush_506|move: Light Screen\n|move|p2b: Ursaluna|Blood Moon|p1a: Ninetales\n|-activate|p1a: Ninetales|move: Protect\n|move|p1b: Ting-Lu|Earthquake|p2a: Grimmsnarl|[spread] p2a,p2b\n|-activate|p1a: Ninetales|move: Protect\n|-damage|p2a: Grimmsnarl|83\/100\n|-damage|p2b: Ursaluna|88\/100\n|\n|-weather|Snow|[upkeep]\n|-heal|p2b: Ursaluna|94\/100|[from] item: Leftovers\n|-heal|p1b: Ting-Lu|88\/100|[from] item: Leftovers\n|upkeep\n|turn|3\n|\n|t:|1700948625\n|move|p1a: Ninetales|Blizzard|p2a: Grimmsnarl|[spread] p2a,p2b\n|-supereffective|p2b: Ursaluna\n|-damage|p2a: Grimmsnarl|69\/100\n|-damage|p2b: Ursaluna|71\/100\n|move|p2a: Grimmsnarl|Spirit Break|p1b: Ting-Lu\n|-supereffective|p1b: Ting-Lu\n|-activate|p1b: Ting-Lu|move: Substitute|[damage]\n|move|p2b: Ursaluna|Earth Power|p1b: Ting-Lu\n|-end|p1b: Ting-Lu|Substitute\n|move|p1b: Ting-Lu|Ruination|p2b: Ursaluna\n|-damage|p2b: Ursaluna|36\/100\n|\n|-weather|Snow|[upkeep]\n|-heal|p2b: Ursaluna|42\/100|[from] item: Leftovers\n|-heal|p1b: Ting-Lu|94\/100|[from] item: Leftovers\n|upkeep\n|turn|4\n|\n|t:|1700948650\n|move|p1a: Ninetales|Blizzard|p2a: Grimmsnarl|[spread] p2a,p2b\n|-supereffective|p2b: Ursaluna\n|-damage|p2a: Grimmsnarl|53\/100\n|-damage|p2b: Ursaluna|19\/100\n|-status|p2a: Grimmsnarl|frz\n|cant|p2a: Grimmsnarl|frz\n|move|p2b: Ursaluna|Earth Power|p1b: Ting-Lu\n|-damage|p1b: Ting-Lu|63\/100\n|move|p1b: Ting-Lu|Substitute|p1b: Ting-Lu\n|-start|p1b: Ting-Lu|Substitute\n|-damage|p1b: Ting-Lu|38\/100\n|\n|-weather|Snow|[upkeep]\n|-heal|p2b: Ursaluna|25\/100|[from] item: Leftovers\n|-heal|p1b: Ting-Lu|44\/100|[from] item: Leftovers\n|upkeep\n|turn|5\n|\n|t:|1700948676\n|-curestatus|p2a: Grimmsnarl|frz|[msg]\n|move|p2a: Grimmsnarl|Parting Shot|p1a: Ninetales\n|-unboost|p1a: Ninetales|atk|1\n|-unboost|p1a: Ninetales|spa|1\n|\n|t:|1700948684\n|switch|p2a: Ogerpon|Ogerpon-Wellspring, L50, F|100\/100|[from] Parting Shot\n|move|p1a: Ninetales|Blizzard|p2b: Ursaluna|[spread] p2a,p2b\n|-supereffective|p2b: Ursaluna\n|-damage|p2a: Ogerpon|88\/100\n|-damage|p2b: Ursaluna|9\/100\n|move|p2b: Ursaluna|Blood Moon|p1a: Ninetales\n|-damage|p1a: Ninetales|34\/100\n|move|p1b: Ting-Lu|Ruination|p2a: Ogerpon\n|-damage|p2a: Ogerpon|45\/100\n|\n|-weather|none\n|-heal|p2b: Ursaluna|15\/100|[from] item: Leftovers\n|-heal|p1b: Ting-Lu|50\/100|[from] item: Leftovers\n|-sideend|p1: DoggoGGO|move: Aurora Veil\n|upkeep\n|turn|6\n|\n|t:|1700948716\n|switch|p1a: Baxcalibur|Baxcalibur, L50, M|100\/100\n|-terastallize|p2a: Ogerpon|Water\n|detailschange|p2a: Ogerpon|Ogerpon-Wellspring-Tera, L50, F, tera:Water\n|-ability|p2a: Ogerpon|Embody Aspect (Wellspring)|boost\n|-boost|p2a: Ogerpon|spd|1\n|move|p1b: Ting-Lu|Protect|p1b: Ting-Lu\n|-singleturn|p1b: Ting-Lu|Protect\n|move|p2a: Ogerpon|Ivy Cudgel|p1b: Ting-Lu|[anim] Ivy Cudgel Water\n|-activate|p1b: Ting-Lu|move: Protect\n|move|p2b: Ursaluna|Earth Power|p1b: Ting-Lu\n|-activate|p1b: Ting-Lu|move: Protect\n|\n|-heal|p2b: Ursaluna|22\/100|[from] item: Leftovers\n|-heal|p1b: Ting-Lu|56\/100|[from] item: Leftovers\n|upkeep\n|turn|7\n|\n|t:|1700948748\n|move|p1a: Baxcalibur|Ice Shard|p2b: Ursaluna\n|-supereffective|p2b: Ursaluna\n|-damage|p2b: Ursaluna|0 fnt\n|faint|p2b: Ursaluna\n|move|p2a: Ogerpon|Horn Leech|p1a: Baxcalibur\n|-resisted|p1a: Baxcalibur\n|-damage|p1a: Baxcalibur|80\/100\n|-heal|p2a: Ogerpon|59\/100|[from] drain|[of] p1a: Baxcalibur\n|move|p1b: Ting-Lu|Earthquake|p2a: Ogerpon|[spread] p1a,p2a\n|-damage|p1a: Baxcalibur|55\/100\n|-damage|p2a: Ogerpon|34\/100\n|\n|-heal|p1b: Ting-Lu|62\/100|[from] item: Leftovers\n|upkeep\n|\n|t:|1700948755\n|switch|p2b: Arcanine|Arcanine-Hisui, L50, F, shiny|100\/100\n|-ability|p2b: Arcanine|Intimidate|boost\n|-unboost|p1a: Baxcalibur|atk|1\n|-immune|p1b: Ting-Lu\n|turn|8\n|\n|t:|1700948774\n|switch|p1a: Ninetales|Ninetales-Alola, L50, F|34\/100\n|-weather|Snow|[from] ability: Snow Warning|[of] p1a: Ninetales\n|move|p2a: Ogerpon|Horn Leech|p1b: Ting-Lu\n|-supereffective|p1b: Ting-Lu\n|-end|p1b: Ting-Lu|Substitute\n|-heal|p2a: Ogerpon|54\/100|[from] drain|[of] p1b: Ting-Lu\n|move|p2b: Arcanine|Rock Slide|p1a: Ninetales|[spread] p1a,p1b\n|-supereffective|p1a: Ninetales\n|-resisted|p1b: Ting-Lu\n|-damage|p1a: Ninetales|0 fnt\n|-damage|p1b: Ting-Lu|55\/100\n|faint|p1a: Ninetales\n|-damage|p2b: Arcanine|91\/100|[from] item: Life Orb\n|move|p1b: Ting-Lu|Ruination|p2b: Arcanine\n|-damage|p2b: Arcanine|46\/100\n|\n|-weather|Snow|[upkeep]\n|-heal|p1b: Ting-Lu|61\/100|[from] item: Leftovers\n|-sideend|p2: Mush_506|Reflect\n|upkeep\n|\n|t:|1700948801\n|switch|p1a: Iron Bundle|Iron Bundle, L50|100\/100\n|-enditem|p1a: Iron Bundle|Booster Energy\n|-activate|p1a: Iron Bundle|ability: Quark Drive|[fromitem]\n|-start|p1a: Iron Bundle|quarkdrivespe\n|turn|9\n|\n|t:|1700948810\n|move|p2b: Arcanine|Protect|p2b: Arcanine\n|-singleturn|p2b: Arcanine|Protect\n|move|p1a: Iron Bundle|Freeze-Dry|p2a: Ogerpon\n|-supereffective|p2a: Ogerpon\n|-damage|p2a: Ogerpon|27\/100\n|move|p2a: Ogerpon|Horn Leech|p1a: Iron Bundle\n|-supereffective|p1a: Iron Bundle\n|-damage|p1a: Iron Bundle|27\/100\n|-heal|p2a: Ogerpon|57\/100|[from] drain|[of] p1a: Iron Bundle\n|move|p1b: Ting-Lu|Substitute|p1b: Ting-Lu\n|-start|p1b: Ting-Lu|Substitute\n|-damage|p1b: Ting-Lu|36\/100\n|\n|-weather|Snow|[upkeep]\n|-heal|p1b: Ting-Lu|42\/100|[from] item: Leftovers\n|-sideend|p2: Mush_506|move: Light Screen\n|upkeep\n|turn|10\n|\n|t:|1700948828\n|move|p1a: Iron Bundle|Protect|p1a: Iron Bundle\n|-singleturn|p1a: Iron Bundle|Protect\n|move|p2a: Ogerpon|Horn Leech|p1a: Iron Bundle\n|-activate|p1a: Iron Bundle|move: Protect\n|move|p2b: Arcanine|Rock Slide|p1a: Iron Bundle|[spread] p1b\n|-activate|p1a: Iron Bundle|move: Protect\n|-resisted|p1b: Ting-Lu\n|-activate|p1b: Ting-Lu|move: Substitute|[damage]\n|-damage|p2b: Arcanine|36\/100|[from] item: Life Orb\n|move|p1b: Ting-Lu|Earthquake|p2a: Ogerpon|[spread] p2a,p2b\n|-activate|p1a: Iron Bundle|move: Protect\n|-supereffective|p2b: Arcanine\n|-damage|p2a: Ogerpon|22\/100\n|-damage|p2b: Arcanine|0 fnt\n|faint|p2b: Arcanine\n|\n|-weather|Snow|[upkeep]\n|-heal|p1b: Ting-Lu|49\/100|[from] item: Leftovers\n|upkeep\n|\n|t:|1700948837\n|switch|p2b: Grimmsnarl|Grimmsnarl, L50, M, shiny|53\/100\n|turn|11\n|\n|t:|1700948857\n|move|p2a: Ogerpon|Spiky Shield|p2a: Ogerpon\n|-singleturn|p2a: Ogerpon|move: Protect\n|move|p2b: Grimmsnarl|Reflect|p2b: Grimmsnarl\n|-sidestart|p2: Mush_506|Reflect\n|move|p1a: Iron Bundle|Freeze-Dry|p2a: Ogerpon\n|-activate|p2a: Ogerpon|move: Protect\n|move|p1b: Ting-Lu|Ruination|p2b: Grimmsnarl\n|-damage|p2b: Grimmsnarl|27\/100\n|\n|-weather|Snow|[upkeep]\n|-heal|p1b: Ting-Lu|55\/100|[from] item: Leftovers\n|upkeep\n|turn|12\n|\n|t:|1700948882\n|move|p1a: Iron Bundle|Protect|p1a: Iron Bundle\n|-singleturn|p1a: Iron Bundle|Protect\n|move|p2a: Ogerpon|Ivy Cudgel|p1b: Ting-Lu|[anim] Ivy Cudgel Water\n|-supereffective|p1b: Ting-Lu\n|-end|p1b: Ting-Lu|Substitute\n|move|p2b: Grimmsnarl|Spirit Break|p1b: Ting-Lu\n|-supereffective|p1b: Ting-Lu\n|-damage|p1b: Ting-Lu|27\/100\n|-unboost|p1b: Ting-Lu|spa|1\n|move|p1b: Ting-Lu|Earthquake|p2a: Ogerpon|[spread] p2a,p2b\n|-activate|p1a: Iron Bundle|move: Protect\n|-damage|p2a: Ogerpon|0 fnt\n|-damage|p2b: Grimmsnarl|8\/100\n|faint|p2a: Ogerpon\n|\n|-weather|none\n|-heal|p1b: Ting-Lu|33\/100|[from] item: Leftovers\n|upkeep\n|turn|13\n|-message|Mush_506 forfeited.\n|\n|win|DoggoGGO\n|raw|DoggoGGO's rating: 1096 &rarr; <strong>1118<\/strong><br \/>(+22 for winning)\n|raw|Mush_506's rating: 1041 &rarr; <strong>1027<\/strong><br \/>(-14 for losing)\n|l|\u2606Mush_506\n","uploadtime":1700948904,"views":11,"p1id":"doggoggo","p2id":"mush506","formatid":"gen9vgc2023regulatione","rating":1027,"private":0,"password":""}