{"id":"gen9vgc2023regulatione-1992228670","p1":"corefallenkei","p2":"Fabbiel","format":"[Gen 9] VGC 2023 Regulation E","log":"|j|\u2606corefallenkei\n|j|\u2606Fabbiel\n|t:|1700165755\n|gametype|doubles\n|player|p1|corefallenkei|169|1241\n|player|p2|Fabbiel|gentleman|1159\n|teamsize|p1|6\n|teamsize|p2|6\n|gen|9\n|tier|[Gen 9] VGC 2023 Regulation E\n|rated|\n|rule|Species Clause: Limit one of each Pok\u00e9mon\n|rule|Item Clause: Limit one of each item\n|clearpoke\n|poke|p1|Copperajah, L50, F|\n|poke|p1|Garganacl, L50, M|\n|poke|p1|Farigiraf, L50, F|\n|poke|p1|Sinistcha-Masterpiece, L50|\n|poke|p1|Ursaluna-Bloodmoon, L50, M|\n|poke|p1|Gyarados, L50, M|\n|poke|p2|Toxapex, L50, M|\n|poke|p2|Ogerpon-Hearthflame, L50, F|\n|poke|p2|Okidogi, L50, M|\n|poke|p2|Urshifu-*, L50, M|\n|poke|p2|Flutter Mane, L50|\n|poke|p2|Landorus-Therian, L50, M|\n|teampreview|4\n|inactive|Battle timer is ON: inactive players will automatically lose when time's up. (requested by corefallenkei)\n|\n|t:|1700165781\n|start\n|switch|p1a: Garganacl|Garganacl, L50, M, shiny|100\/100\n|switch|p1b: Farigiraf|Farigiraf, L50, F, shiny|100\/100\n|switch|p2a: Toxapex|Toxapex, L50, M|100\/100\n|switch|p2b: Okidogi|Okidogi, L50, M|100\/100\n|turn|1\n|inactive|Fabbiel has 30 seconds left.\n|\n|t:|1700165814\n|move|p2b: Okidogi|Taunt|p1b: Farigiraf\n|-start|p1b: Farigiraf|move: Taunt\n|-enditem|p1b: Farigiraf|Mental Herb\n|-end|p1b: Farigiraf|move: Taunt\n|move|p2a: Toxapex|Liquidation|p1a: Garganacl\n|-supereffective|p1a: Garganacl\n|-damage|p1a: Garganacl|64\/100\n|-damage|p2a: Toxapex|84\/100|[from] item: Rocky Helmet|[of] p1a: Garganacl\n|move|p1a: Garganacl|Salt Cure|p2a: Toxapex\n|-damage|p2a: Toxapex|72\/100\n|-start|p2a: Toxapex|Salt Cure\n|move|p1b: Farigiraf|Trick Room|p1b: Farigiraf\n|-fieldstart|move: Trick Room|[of] p1b: Farigiraf\n|\n|-heal|p2a: Toxapex|78\/100|[from] item: Leftovers\n|-damage|p2a: Toxapex|53\/100|[from] Salt Cure\n|upkeep\n|turn|2\n|inactive|corefallenkei has 30 seconds left.\n|inactive|Fabbiel has 30 seconds left.\n|inactive|Fabbiel has 20 seconds left.\n|inactive|corefallenkei has 20 seconds left.\n|inactive|Fabbiel has 15 seconds left.\n|inactive|Fabbiel has 10 seconds left.\n|\n|t:|1700165863\n|-terastallize|p1a: Garganacl|Ghost\n|move|p2a: Toxapex|Baneful Bunker|p2a: Toxapex\n|-singleturn|p2a: Toxapex|move: Protect\n|move|p1b: Farigiraf|Protect|p1b: Farigiraf\n|-singleturn|p1b: Farigiraf|Protect\n|move|p1a: Garganacl|Salt Cure|p2b: Okidogi\n|-resisted|p2b: Okidogi\n|-damage|p2b: Okidogi|94\/100\n|-start|p2b: Okidogi|Salt Cure\n|move|p2b: Okidogi|Brick Break|p1a: Garganacl\n|-immune|p1a: Garganacl\n|\n|-heal|p2a: Toxapex|59\/100|[from] item: Leftovers\n|-damage|p2a: Toxapex|34\/100|[from] Salt Cure\n|-damage|p2b: Okidogi|82\/100|[from] Salt Cure\n|upkeep\n|turn|3\n|inactive|Fabbiel has 30 seconds left.\n|inactive|corefallenkei has 30 seconds left.\n|\n|t:|1700165895\n|move|p1a: Garganacl|Recover|p1a: Garganacl\n|-heal|p1a: Garganacl|100\/100\n|move|p2a: Toxapex|Toxic|p1b: Farigiraf\n|-status|p1b: Farigiraf|tox\n|move|p1b: Farigiraf|Dazzling Gleam|p2b: Okidogi|[spread] p2a,p2b\n|-resisted|p2a: Toxapex\n|-damage|p2a: Toxapex|29\/100\n|-damage|p2b: Okidogi|67\/100\n|move|p2b: Okidogi|Poison Jab|p1b: Farigiraf\n|-damage|p1b: Farigiraf|65\/100 tox\n|\n|-heal|p2a: Toxapex|34\/100|[from] item: Leftovers\n|-damage|p1b: Farigiraf|59\/100 tox|[from] psn\n|-damage|p2a: Toxapex|9\/100|[from] Salt Cure\n|-damage|p2b: Okidogi|55\/100|[from] Salt Cure\n|upkeep\n|turn|4\n|\n|t:|1700165920\n|move|p2a: Toxapex|Poison Jab|p1b: Farigiraf\n|-crit|p1b: Farigiraf\n|-damage|p1b: Farigiraf|16\/100 tox\n|move|p1a: Garganacl|Salt Cure|p2a: Toxapex\n|-damage|p2a: Toxapex|0 fnt\n|faint|p2a: Toxapex\n|move|p1b: Farigiraf|Dazzling Gleam|p2b: Okidogi\n|-damage|p2b: Okidogi|34\/100\n|-enditem|p2b: Okidogi|Sitrus Berry|[eat]\n|-heal|p2b: Okidogi|59\/100|[from] item: Sitrus Berry\n|move|p2b: Okidogi|Taunt|p1b: Farigiraf\n|-start|p1b: Farigiraf|move: Taunt\n|\n|-damage|p1b: Farigiraf|4\/100 tox|[from] psn\n|-damage|p2b: Okidogi|47\/100|[from] Salt Cure\n|upkeep\n|\n|t:|1700165940\n|switch|p2a: Urshifu|Urshifu, L50, M|100\/100\n|turn|5\n|\n|t:|1700165953\n|move|p2a: Urshifu|Detect|p2a: Urshifu\n|-singleturn|p2a: Urshifu|Protect\n|move|p1a: Garganacl|Body Press|p2a: Urshifu\n|-activate|p2a: Urshifu|move: Protect\n|move|p1b: Farigiraf|Dazzling Gleam|p2a: Urshifu|[spread] p2b\n|-activate|p2a: Urshifu|move: Protect\n|-damage|p2b: Okidogi|32\/100\n|move|p2b: Okidogi|Poison Jab|p1a: Garganacl\n|-resisted|p1a: Garganacl\n|-damage|p1a: Garganacl|89\/100\n|-damage|p2b: Okidogi|16\/100|[from] item: Rocky Helmet|[of] p1a: Garganacl\n|\n|-damage|p1b: Farigiraf|0 fnt|[from] psn\n|faint|p1b: Farigiraf\n|-damage|p2b: Okidogi|4\/100|[from] Salt Cure\n|-fieldend|move: Trick Room\n|upkeep\n|\n|t:|1700165958\n|switch|p1b: Gyarados|Gyarados, L50, M, shiny|100\/100\n|-ability|p1b: Gyarados|Intimidate|boost\n|-unboost|p2a: Urshifu|atk|1\n|-unboost|p2b: Okidogi|atk|1\n|turn|6\n|inactive|Fabbiel has 30 seconds left.\n|\n|t:|1700165987\n|-terastallize|p2a: Urshifu|Dark\n|move|p2a: Urshifu|Wicked Blow|p1a: Garganacl\n|-supereffective|p1a: Garganacl\n|-crit|p1a: Garganacl\n|-damage|p1a: Garganacl|0 fnt\n|-damage|p2a: Urshifu|84\/100|[from] item: Rocky Helmet|[of] p1a: Garganacl\n|faint|p1a: Garganacl\n|move|p1b: Gyarados|Waterfall|p2b: Okidogi\n|-damage|p2b: Okidogi|0 fnt\n|faint|p2b: Okidogi\n|\n|upkeep\n|\n|t:|1700165996\n|switch|p2b: Ogerpon|Ogerpon-Hearthflame, L50, F|100\/100\n|switch|p1a: Ursaluna|Ursaluna-Bloodmoon, L50, M|100\/100\n|-ability|p2b: Ogerpon|Mold Breaker\n|turn|7\n|inactive|Fabbiel has 30 seconds left.\n|\n|t:|1700166028\n|move|p2b: Ogerpon|Horn Leech|p1b: Gyarados\n|-damage|p1b: Gyarados|54\/100\n|move|p2a: Urshifu|Wicked Blow|p1b: Gyarados\n|-crit|p1b: Gyarados\n|-damage|p1b: Gyarados|0 fnt\n|faint|p1b: Gyarados\n|move|p1a: Ursaluna|Hyper Voice|p2a: Urshifu|[spread] p2a,p2b\n|-crit|p2b: Ogerpon\n|-damage|p2a: Urshifu|19\/100\n|-damage|p2b: Ogerpon|34\/100\n|-enditem|p1a: Ursaluna|Throat Spray\n|-boost|p1a: Ursaluna|spa|1|[from] item: Throat Spray\n|\n|upkeep\n|turn|8\n|-message|corefallenkei forfeited.\n|\n|win|Fabbiel\n|raw|corefallenkei's rating: 1241 &rarr; <strong>1210<\/strong><br \/>(-31 for losing)\n|raw|Fabbiel's rating: 1159 &rarr; <strong>1190<\/strong><br \/>(+31 for winning)\n|l|\u2606corefallenkei\n","uploadtime":1700166053,"views":11,"p1id":"corefallenkei","p2id":"fabbiel","formatid":"gen9vgc2023regulatione","rating":1190,"private":0,"password":""}