{"id":"gen9vgc2023regulatione-1999302868","p1":"Ensioa","p2":"Tagiruz","format":"[Gen 9] VGC 2023 Regulation E","log":"|j|\u2606Ensioa\n|j|\u2606Tagiruz\n|n|\u2606Ensioa|ensioa\n|n|\u2606Tagiruz|tagiruz\n|html|View the match progress at <a href=\"\/game-bestof3-gen9vgc2023regulatione-1999301083\">game-bestof3-gen9vgc2023regulatione-1999301083<\/a>\n|t:|1701057361\n|gametype|doubles\n|player|p1|Ensioa|cynthia-anime|\n|player|p2|Tagiruz|hugh|\n|teamsize|p1|6\n|teamsize|p2|6\n|gen|9\n|tier|[Gen 9] VGC 2023 Regulation E\n|rated|Tournament battle\n|rule|Species Clause: Limit one of each Pok\u00e9mon\n|rule|Item Clause: Limit one of each item\n|clearpoke\n|poke|p1|Chien-Pao, L50|\n|poke|p1|Arcanine-Hisui, L50, M|\n|poke|p1|Rillaboom, L50, M|\n|poke|p1|Urshifu-*, L50, F|\n|poke|p1|Tornadus, L50, M|\n|poke|p1|Gholdengo, L50|\n|poke|p2|Baxcalibur, L50, F|\n|poke|p2|Tornadus, L50, M|\n|poke|p2|Arcanine-Hisui, L50, M|\n|poke|p2|Rillaboom, L50, F|\n|poke|p2|Ninetales-Alola, L50, F|\n|poke|p2|Urshifu-*, L50, M|\n|teampreview|4\n|showteam|p1|Chien-Pao||FocusSash|SwordofRuin|IcicleCrash,SuckerPunch,SacredSword,Protect||||||50|,,,,,Ghost]Arcanine-Hisui||ChoiceBand|Intimidate|FlareBlitz,RockSlide,ExtremeSpeed,TeraBlast|||M|||50|,,,,,Fairy]Rillaboom||AssaultVest|GrassySurge|Uturn,WoodHammer,GrassyGlide,FakeOut|||M|||50|,,,,,Grass]Urshifu-Rapid-Strike||ChoiceScarf|UnseenFist|SurgingStrikes,CloseCombat,AquaJet,Uturn|||F|||50|,,,,,Water]Tornadus||RockyHelmet|Prankster|BleakwindStorm,Tailwind,RainDance,Protect|||M|||50|,,,,,Steel]Gholdengo||Leftovers|GoodasGold|MakeItRain,ShadowBall,NastyPlot,Protect||||||50|,,,,,Dragon\n|showteam|p2|Baxcalibur||LoadedDice|ThermalExchange|IcicleSpear,HighHorsepower,DragonDance,Protect|||F|||50|,,,,,Poison]Tornadus||CovertCloak|Prankster|BleakwindStorm,RainDance,Taunt,Tailwind|||M|||50|,,,,,Dark]Arcanine-Hisui||SitrusBerry|Intimidate|RockSlide,FlareBlitz,WillOWisp,Protect|||M|||50|,,,,,Fairy]Rillaboom||MiracleSeed|GrassySurge|GrassyGlide,WoodHammer,FakeOut,Protect|||F|||50|,,,,,Poison]Ninetales-Alola||LightClay|SnowWarning|FreezeDry,Moonblast,Encore,AuroraVeil|||F|||50|,,,,,Water]Urshifu-Rapid-Strike||ChoiceScarf|UnseenFist|AquaJet,SurgingStrikes,CloseCombat,Uturn|||M|||50|,,,,,Dark\n|inactive|Battle timer is ON: inactive players will automatically lose when time's up. (requested by Ensioa)\n|inactive|Tagiruz has 60 seconds left.\n|\n|t:|1701057420\n|start\n|switch|p1a: Rillaboom|Rillaboom, L50, M, shiny|100\/100\n|switch|p1b: Gholdengo|Gholdengo, L50, shiny|100\/100\n|switch|p2a: Otis|Arcanine-Hisui, L50, M|100\/100\n|switch|p2b: Cloudy|Tornadus, L50, M|100\/100\n|-fieldstart|move: Grassy Terrain|[from] ability: Grassy Surge|[of] p1a: Rillaboom\n|-ability|p2a: Otis|Intimidate|boost\n|-unboost|p1a: Rillaboom|atk|1\n|-unboost|p1b: Gholdengo|atk|1\n|turn|1\n|\n|t:|1701057440\n|move|p1a: Rillaboom|Fake Out|p2a: Otis\n|-resisted|p2a: Otis\n|-damage|p2a: Otis|96\/100\n|move|p2b: Cloudy|Tailwind|p2b: Cloudy\n|-sidestart|p2: Tagiruz|move: Tailwind\n|cant|p2a: Otis|flinch\n|move|p1b: Gholdengo|Nasty Plot|p1b: Gholdengo\n|-boost|p1b: Gholdengo|spa|2\n|\n|-heal|p2a: Otis|100\/100|[from] Grassy Terrain\n|upkeep\n|turn|2\n|inactive|Ensioa has 30 seconds left.\n|inactive|Ensioa has 20 seconds left.\n|inactive|Ensioa has 15 seconds left.\n|inactive|Ensioa has 10 seconds left.\n|\n|t:|1701057488\n|switch|p1a: Arcanine|Arcanine-Hisui, L50, M, shiny|100\/100\n|-ability|p1a: Arcanine|Intimidate|boost\n|-unboost|p2a: Otis|atk|1\n|-unboost|p2b: Cloudy|atk|1\n|-terastallize|p1b: Gholdengo|Dragon\n|move|p2b: Cloudy|Bleakwind Storm|p1b: Gholdengo|[spread] p1a,p1b\n|-resisted|p1a: Arcanine\n|-damage|p1a: Arcanine|79\/100\n|-damage|p1b: Gholdengo|63\/100\n|move|p2a: Otis|Flare Blitz|p1b: Gholdengo\n|-resisted|p1b: Gholdengo\n|-damage|p1b: Gholdengo|46\/100\n|-damage|p2a: Otis|95\/100|[from] Recoil\n|move|p1b: Gholdengo|Make It Rain|p2a: Otis|[spread] p2a,p2b\n|-damage|p2a: Otis|21\/100\n|-damage|p2b: Cloudy|5\/100\n|-unboost|p1b: Gholdengo|spa|1\n|-enditem|p2a: Otis|Sitrus Berry|[eat]\n|-heal|p2a: Otis|46\/100|[from] item: Sitrus Berry\n|\n|-heal|p2a: Otis|52\/100|[from] Grassy Terrain\n|-heal|p1a: Arcanine|86\/100|[from] Grassy Terrain\n|-heal|p1b: Gholdengo|53\/100|[from] Grassy Terrain\n|-heal|p1b: Gholdengo|59\/100|[from] item: Leftovers\n|upkeep\n|turn|3\n|\n|t:|1701057511\n|move|p2a: Otis|Protect|p2a: Otis\n|-singleturn|p2a: Otis|Protect\n|move|p1b: Gholdengo|Protect|p1b: Gholdengo\n|-singleturn|p1b: Gholdengo|Protect\n|move|p1a: Arcanine|Extreme Speed|p2b: Cloudy\n|-damage|p2b: Cloudy|0 fnt\n|faint|p2b: Cloudy\n|\n|-heal|p2a: Otis|58\/100|[from] Grassy Terrain\n|-heal|p1a: Arcanine|92\/100|[from] Grassy Terrain\n|-heal|p1b: Gholdengo|65\/100|[from] Grassy Terrain\n|-heal|p1b: Gholdengo|71\/100|[from] item: Leftovers\n|upkeep\n|\n|t:|1701057520\n|switch|p2b: Rajang|Rillaboom, L50, F|100\/100\n|turn|4\n|\n|t:|1701057539\n|switch|p1a: Rillaboom|Rillaboom, L50, M, shiny|100\/100\n|move|p2b: Rajang|Fake Out|p1b: Gholdengo\n|-damage|p1b: Gholdengo|58\/100\n|move|p2a: Otis|Will-O-Wisp|p1a: Rillaboom|[miss]\n|-miss|p2a: Otis|p1a: Rillaboom\n|cant|p1b: Gholdengo|flinch\n|\n|-heal|p2a: Otis|64\/100|[from] Grassy Terrain\n|-heal|p1b: Gholdengo|64\/100|[from] Grassy Terrain\n|-heal|p1b: Gholdengo|70\/100|[from] item: Leftovers\n|-sideend|p2: Tagiruz|move: Tailwind\n|upkeep\n|turn|5\n|\n|t:|1701057550\n|move|p2a: Otis|Protect|p2a: Otis\n|-singleturn|p2a: Otis|Protect\n|move|p2b: Rajang|Protect|p2b: Rajang\n|-singleturn|p2b: Rajang|Protect\n|move|p1a: Rillaboom|Fake Out|p2a: Otis\n|-activate|p2a: Otis|move: Protect\n|move|p1b: Gholdengo|Nasty Plot|p1b: Gholdengo\n|-boost|p1b: Gholdengo|spa|2\n|\n|-heal|p1b: Gholdengo|77\/100|[from] Grassy Terrain\n|-heal|p1b: Gholdengo|83\/100|[from] item: Leftovers\n|-heal|p2a: Otis|70\/100|[from] Grassy Terrain\n|-fieldend|move: Grassy Terrain\n|upkeep\n|turn|6\n|inactive|Tagiruz has 30 seconds left.\n|\n|t:|1701057579\n|move|p1b: Gholdengo|Protect|p1b: Gholdengo\n|-singleturn|p1b: Gholdengo|Protect\n|move|p2b: Rajang|Protect||[still]\n|-fail|p2b: Rajang\n|move|p1a: Rillaboom|U-turn|p2b: Rajang\n|-supereffective|p2b: Rajang\n|-damage|p2b: Rajang|53\/100\n|\n|t:|1701057586\n|switch|p1a: Arcanine|Arcanine-Hisui, L50, M, shiny|92\/100|[from] U-turn\n|-ability|p1a: Arcanine|Intimidate|boost\n|-unboost|p2a: Otis|atk|1\n|-unboost|p2b: Rajang|atk|1\n|move|p2a: Otis|Flare Blitz|p1a: Arcanine\n|-resisted|p1a: Arcanine\n|-damage|p1a: Arcanine|83\/100\n|-damage|p2a: Otis|68\/100|[from] Recoil\n|\n|-heal|p1b: Gholdengo|89\/100|[from] item: Leftovers\n|upkeep\n|turn|7\n|\n|t:|1701057604\n|switch|p1a: Rillaboom|Rillaboom, L50, M, shiny|100\/100\n|-fieldstart|move: Grassy Terrain|[from] ability: Grassy Surge|[of] p1a: Rillaboom\n|move|p2a: Otis|Protect|p2a: Otis\n|-singleturn|p2a: Otis|Protect\n|move|p2b: Rajang|Protect|p2b: Rajang\n|-singleturn|p2b: Rajang|Protect\n|move|p1b: Gholdengo|Make It Rain|p2b: Rajang|[spread] \n|-activate|p2a: Otis|move: Protect\n|-activate|p2b: Rajang|move: Protect\n|\n|-heal|p1b: Gholdengo|95\/100|[from] Grassy Terrain\n|-heal|p1b: Gholdengo|100\/100|[from] item: Leftovers\n|-heal|p2a: Otis|74\/100|[from] Grassy Terrain\n|-heal|p2b: Rajang|59\/100|[from] Grassy Terrain\n|upkeep\n|turn|8\n|\n|t:|1701057628\n|switch|p2a: Cobra Kai|Urshifu-Rapid-Strike, L50, M|100\/100\n|move|p1a: Rillaboom|Fake Out|p2a: Cobra Kai\n|-damage|p2a: Cobra Kai|86\/100\n|move|p1b: Gholdengo|Make It Rain|p2a: Cobra Kai|[spread] p2a,p2b\n|-resisted|p2a: Cobra Kai\n|-damage|p2a: Cobra Kai|7\/100\n|-damage|p2b: Rajang|0 fnt\n|-unboost|p1b: Gholdengo|spa|1\n|faint|p2b: Rajang\n|\n|-heal|p2a: Cobra Kai|13\/100|[from] Grassy Terrain\n|upkeep\n|\n|t:|1701057637\n|switch|p2b: Otis|Arcanine-Hisui, L50, M|74\/100\n|-ability|p2b: Otis|Intimidate|boost\n|-unboost|p1a: Rillaboom|atk|1\n|-unboost|p1b: Gholdengo|atk|1\n|turn|9\n|\n|t:|1701057650\n|-terastallize|p2a: Cobra Kai|Dark\n|move|p1b: Gholdengo|Protect|p1b: Gholdengo\n|-singleturn|p1b: Gholdengo|Protect\n|move|p1a: Rillaboom|Grassy Glide|p2a: Cobra Kai\n|-damage|p2a: Cobra Kai|0 fnt\n|faint|p2a: Cobra Kai\n|move|p2b: Otis|Flare Blitz|p1a: Rillaboom\n|-supereffective|p1a: Rillaboom\n|-damage|p1a: Rillaboom|4\/100\n|-damage|p2b: Otis|41\/100|[from] Recoil\n|\n|-heal|p1a: Rillaboom|10\/100|[from] Grassy Terrain\n|-heal|p2b: Otis|47\/100|[from] Grassy Terrain\n|upkeep\n|turn|10\n|\n|t:|1701057661\n|switch|p1a: Arcanine|Arcanine-Hisui, L50, M, shiny|83\/100\n|-ability|p1a: Arcanine|Intimidate|boost\n|-unboost|p2b: Otis|atk|1\n|move|p2b: Otis|Protect|p2b: Otis\n|-singleturn|p2b: Otis|Protect\n|move|p1b: Gholdengo|Make It Rain|p2b: Otis\n|-activate|p2b: Otis|move: Protect\n|\n|-heal|p1a: Arcanine|90\/100|[from] Grassy Terrain\n|-heal|p2b: Otis|53\/100|[from] Grassy Terrain\n|upkeep\n|turn|11\n|c|\u2606Tagiruz|gg\n|-message|Tagiruz forfeited.\n|\n|win|Ensioa\n|l|\u2606Tagiruz\n|c|\u2606Ensioa|gg\\\n|j|\u2606Tagiruz\n|player|p2|Tagiruz|hugh\n|l|\u2606Tagiruz\n|player|p2|\n|j|\u2606Tagiruz\n|player|p2|Tagiruz|hugh\n","uploadtime":1701058365,"views":3,"p1id":"ensioa","p2id":"tagiruz","formatid":"gen9vgc2023regulatione","rating":0,"private":0,"password":""}