{"id":"gen9vgc2023regulatione-1989026898","p1":"lyyzxl4","p2":"iStockphoto","format":"[Gen 9] VGC 2023 Regulation E","log":"|j|\u2606lyyzxl4\n|j|\u2606iStockphoto\n|t:|1699803849\n|gametype|doubles\n|player|p1|lyyzxl4|swimmerf|1116\n|player|p2|iStockphoto|170|1085\n|teamsize|p1|6\n|teamsize|p2|6\n|gen|9\n|tier|[Gen 9] VGC 2023 Regulation E\n|rated|\n|rule|Species Clause: Limit one of each Pok\u00e9mon\n|rule|Item Clause: Limit one of each item\n|clearpoke\n|poke|p1|Dondozo, L50, F|\n|poke|p1|Tatsugiri, L50, F|\n|poke|p1|Iron Hands, L50|\n|poke|p1|Amoonguss, L50, F|\n|poke|p1|Drifblim, L50, M|\n|poke|p1|Clefairy, L50, F|\n|poke|p2|Fezandipiti, L50, M|\n|poke|p2|Iron Hands, L50|\n|poke|p2|Glimmora, L50, M|\n|poke|p2|Flutter Mane, L50|\n|poke|p2|Sinistcha, L50|\n|poke|p2|Gyarados, L50, M|\n|teampreview|4\n|inactive|Battle timer is ON: inactive players will automatically lose when time's up. (requested by lyyzxl4)\n|inactive|iStockphoto has 60 seconds left.\n|inactive|iStockphoto has 30 seconds left.\n|inactive|iStockphoto has 20 seconds left.\n|inactive|iStockphoto has 15 seconds left.\n|inactive|iStockphoto has 10 seconds left.\niStockphoto has agreed to open team sheets.\n|inactive|iStockphoto has 5 seconds left.\n|\n|t:|1699803936\n|start\n|switch|p1a: Clefairy|Clefairy, L50, F|100\/100\n|switch|p1b: Drifblim|Drifblim, L50, M|100\/100\n|switch|p2a: Ax|Glimmora, L50, M|100\/100\n|switch|p2b: Rachel|Flutter Mane, L50|100\/100\n|-enditem|p2b: Rachel|Booster Energy\n|-activate|p2b: Rachel|ability: Protosynthesis|[fromitem]\n|-start|p2b: Rachel|protosynthesisspa\n|turn|1\n|\n|t:|1699803951\n|move|p2b: Rachel|Protect|p2b: Rachel\n|-singleturn|p2b: Rachel|Protect\n|move|p1a: Clefairy|Follow Me|p1a: Clefairy\n|-singleturn|p1a: Clefairy|move: Follow Me\n|move|p2a: Ax|Mortal Spin|p1b: Drifblim|[spread] p1a,p1b\n|-supereffective|p1a: Clefairy\n|-resisted|p1b: Drifblim\n|-damage|p1a: Clefairy|88\/100\n|-damage|p1b: Drifblim|99\/100\n|-status|p1a: Clefairy|psn\n|-status|p1b: Drifblim|psn\n|move|p1b: Drifblim|Minimize|p1b: Drifblim\n|-boost|p1b: Drifblim|evasion|2\n|\n|-damage|p1b: Drifblim|86\/100 psn|[from] psn\n|-damage|p1a: Clefairy|75\/100 psn|[from] psn\n|upkeep\n|turn|2\n|\n|t:|1699803974\n|move|p1a: Clefairy|Follow Me|p1a: Clefairy\n|-singleturn|p1a: Clefairy|move: Follow Me\n|move|p2b: Rachel|Hex|p1a: Clefairy\n|-damage|p1a: Clefairy|0 fnt\n|faint|p1a: Clefairy\n|move|p2a: Ax|Venoshock|p1b: Drifblim|[miss]\n|-miss|p2a: Ax|p1b: Drifblim\n|move|p1b: Drifblim|Minimize|p1b: Drifblim\n|-boost|p1b: Drifblim|evasion|2\n|\n|-damage|p1b: Drifblim|74\/100 psn|[from] psn\n|upkeep\n|\n|t:|1699803985\n|switch|p1a: Tatsugiri|Tatsugiri, L50, F|100\/100\n|turn|3\n|\n|t:|1699804000\n|move|p1a: Tatsugiri|Muddy Water|p2b: Rachel|[spread] p2a,p2b\n|-supereffective|p2a: Ax\n|-damage|p2a: Ax|2\/100\n|-damage|p2b: Rachel|72\/100\n|move|p2b: Rachel|Hex|p1b: Drifblim\n|-supereffective|p1b: Drifblim\n|-damage|p1b: Drifblim|0 fnt\n|faint|p1b: Drifblim\n|move|p2a: Ax|Mortal Spin|p1a: Tatsugiri\n|-damage|p1a: Tatsugiri|87\/100\n|-status|p1a: Tatsugiri|psn\n|\n|-damage|p1a: Tatsugiri|75\/100 psn|[from] psn\n|upkeep\n|\n|t:|1699804013\n|switch|p1b: Dondozo|Dondozo, L50, F|100\/100\n|-activate|p1a: Tatsugiri|ability: Commander|[of] p1b: Dondozo\n|-boost|p1b: Dondozo|atk|2\n|-boost|p1b: Dondozo|spa|2\n|-boost|p1b: Dondozo|spe|2\n|-boost|p1b: Dondozo|def|2\n|-boost|p1b: Dondozo|spd|2\n|turn|4\n|\n|t:|1699804027\n|move|p2b: Rachel|Protect|p2b: Rachel\n|-singleturn|p2b: Rachel|Protect\n|move|p2a: Ax|Toxic|p1b: Dondozo\n|-status|p1b: Dondozo|tox\n|move|p1b: Dondozo|Wave Crash|p2b: Rachel\n|-activate|p2b: Rachel|move: Protect\n|\n|-damage|p1a: Tatsugiri|63\/100 psn|[from] psn\n|-damage|p1b: Dondozo|94\/100 tox|[from] psn\n|upkeep\n|turn|5\n|\n|t:|1699804043\n|move|p2b: Rachel|Hex|p1b: Dondozo\n|-damage|p1b: Dondozo|48\/100 tox\n|move|p2a: Ax|Venoshock|p1b: Dondozo\n|-damage|p1b: Dondozo|18\/100 tox\n|move|p1b: Dondozo|Wave Crash|p2b: Rachel\n|-damage|p2b: Rachel|0 fnt\n|faint|p2b: Rachel\n|-end|p2b: Rachel|Protosynthesis|[silent]\n|-damage|p1b: Dondozo|3\/100 tox|[from] Recoil\n|\n|-heal|p1b: Dondozo|9\/100 tox|[from] item: Leftovers\n|-damage|p1a: Tatsugiri|52\/100 psn|[from] psn\n|-damage|p1b: Dondozo|0 fnt|[from] psn\n|faint|p1b: Dondozo\n|upkeep\n|\n|t:|1699804057\n|switch|p2b: Tobias|Fezandipiti, L50, M|100\/100\n|turn|6\n|\n|t:|1699804070\n|move|p2b: Tobias|Dazzling Gleam|p1a: Tatsugiri\n|-supereffective|p1a: Tatsugiri\n|-damage|p1a: Tatsugiri|0 fnt\n|faint|p1a: Tatsugiri\n|\n|win|iStockphoto\n|raw|lyyzxl4's rating: 1116 &rarr; <strong>1089<\/strong><br \/>(-27 for losing)\n|raw|iStockphoto's rating: 1085 &rarr; <strong>1115<\/strong><br \/>(+30 for winning)\n|l|\u2606lyyzxl4\n","uploadtime":1699804079,"views":7,"p1id":"lyyzxl4","p2id":"istockphoto","formatid":"gen9vgc2023regulatione","rating":1089,"private":0,"password":""}