{"id":"gen9vgc2023regulatione-1993677508","p1":"TheGreenTotoro","p2":"That_Leek","format":"[Gen 9] VGC 2023 Regulation E","log":"|j|\u2606TheGreenTotoro\n|j|\u2606That_Leek\n|t:|1700344531\n|gametype|doubles\n|player|p1|TheGreenTotoro|265|1542\n|player|p2|That_Leek|blue|1606\n|teamsize|p1|6\n|teamsize|p2|6\n|gen|9\n|tier|[Gen 9] VGC 2023 Regulation E\n|rated|\n|rule|Species Clause: Limit one of each Pok\u00e9mon\n|rule|Item Clause: Limit one of each item\n|clearpoke\n|poke|p1|Tatsugiri, L50, M|\n|poke|p1|Heatran, L50, F|\n|poke|p1|Dondozo, L50, F|\n|poke|p1|Volcarona, L50, F|\n|poke|p1|Cresselia, L50, F|\n|poke|p1|Glimmora, L50, M|\n|poke|p2|Gholdengo, L50|\n|poke|p2|Ogerpon-Wellspring, L50, F|\n|poke|p2|Arcanine-Hisui, L50, M|\n|poke|p2|Chien-Pao, L50|\n|poke|p2|Scream Tail, L50|\n|poke|p2|Dragonite, L50, M|\n|teampreview|4\nThat_Leek has agreed to open team sheets.\n|inactive|Battle timer is ON: inactive players will automatically lose when time's up. (requested by TheGreenTotoro)\nTheGreenTotoro has agreed to open team sheets.\n|\n|t:|1700344619\n|start\n|switch|p1a: Cresselia|Cresselia, L50, F|100\/100\n|switch|p1b: Volcarona|Volcarona, L50, F|100\/100\n|switch|p2a: Ogerpon|Ogerpon-Wellspring, L50, F|100\/100\n|switch|p2b: Gholdengo|Gholdengo, L50|100\/100\n|turn|1\n|\n|t:|1700344631\n|move|p1b: Volcarona|Protect|p1b: Volcarona\n|-singleturn|p1b: Volcarona|Protect\n|move|p2a: Ogerpon|Ivy Cudgel|p1b: Volcarona|[anim] Ivy Cudgel Water\n|-activate|p1b: Volcarona|move: Protect\n|move|p1a: Cresselia|Thunder Wave|p2a: Ogerpon\n|-status|p2a: Ogerpon|par\n|move|p2b: Gholdengo|Nasty Plot|p2b: Gholdengo\n|-boost|p2b: Gholdengo|spa|2\n|\n|upkeep\n|turn|2\n|\n|t:|1700344648\n|switch|p1b: Dondozo|Dondozo, L50, F|100\/100\n|move|p1a: Cresselia|Moonblast|p2b: Gholdengo\n|-resisted|p2b: Gholdengo\n|-damage|p2b: Gholdengo|92\/100\n|-unboost|p2b: Gholdengo|spa|1\n|move|p2b: Gholdengo|Nasty Plot|p2b: Gholdengo\n|-boost|p2b: Gholdengo|spa|2\n|move|p2a: Ogerpon|Ivy Cudgel|p1b: Dondozo|[anim] Ivy Cudgel Water\n|-resisted|p1b: Dondozo\n|-damage|p1b: Dondozo|84\/100\n|\n|-heal|p1b: Dondozo|90\/100|[from] item: Leftovers\n|upkeep\n|turn|3\n|\n|t:|1700344661\n|-terastallize|p1b: Dondozo|Grass\n|move|p1a: Cresselia|Lunar Blessing|p1a: Cresselia|[spread] p1a,p1b\n|-heal|p1b: Dondozo|100\/100\n|move|p2b: Gholdengo|Shadow Ball|p1b: Dondozo\n|-damage|p1b: Dondozo|56\/100\n|-unboost|p1b: Dondozo|spd|1\n|move|p2a: Ogerpon|Horn Leech|p1b: Dondozo\n|-resisted|p1b: Dondozo\n|-damage|p1b: Dondozo|44\/100\n|move|p1b: Dondozo|Earthquake|p2b: Gholdengo|[spread] p2a,p2b\n|-immune|p1a: Cresselia|[from] ability: Levitate\n|-resisted|p2a: Ogerpon\n|-supereffective|p2b: Gholdengo\n|-damage|p2a: Ogerpon|89\/100 par\n|-damage|p2b: Gholdengo|52\/100\n|\n|-heal|p1b: Dondozo|50\/100|[from] item: Leftovers\n|upkeep\n|turn|4\n|\n|t:|1700344675\n|switch|p2a: Arcanine|Arcanine-Hisui, L50, M|100\/100\n|-ability|p2a: Arcanine|Intimidate|boost\n|-unboost|p1a: Cresselia|atk|1\n|-unboost|p1b: Dondozo|atk|1\n|move|p1b: Dondozo|Protect|p1b: Dondozo\n|-singleturn|p1b: Dondozo|Protect\n|move|p1a: Cresselia|Lunar Blessing|p1a: Cresselia|[spread] p1a,p1b\n|-heal|p1b: Dondozo|75\/100\n|move|p2b: Gholdengo|Shadow Ball|p1b: Dondozo\n|-activate|p1b: Dondozo|move: Protect\n|\n|-heal|p1b: Dondozo|81\/100|[from] item: Leftovers\n|upkeep\n|turn|5\n|\n|t:|1700344686\n|switch|p2a: Ogerpon|Ogerpon-Wellspring, L50, F|89\/100 par\n|switch|p1b: Volcarona|Volcarona, L50, F|100\/100\n|move|p1a: Cresselia|Thunder Wave|p2a: Ogerpon\n|-fail|p2a: Ogerpon|par\n|move|p2b: Gholdengo|Shadow Ball|p1b: Volcarona\n|-damage|p1b: Volcarona|0 fnt\n|faint|p1b: Volcarona\n|\n|upkeep\n|\n|t:|1700344690\n|switch|p1b: Dondozo|Dondozo, L50, F, tera:Grass|81\/100\n|turn|6\n|\n|t:|1700344703\n|-terastallize|p2b: Gholdengo|Water\n|move|p2a: Ogerpon|Follow Me|p2a: Ogerpon\n|-singleturn|p2a: Ogerpon|move: Follow Me\n|move|p1a: Cresselia|Lunar Blessing|p1a: Cresselia|[spread] p1a,p1b\n|-heal|p1b: Dondozo|100\/100\n|move|p2b: Gholdengo|Shadow Ball|p1b: Dondozo\n|-damage|p1b: Dondozo|61\/100\n|-unboost|p1b: Dondozo|spd|1\n|move|p1b: Dondozo|Earthquake|p2b: Gholdengo|[spread] p2a,p2b\n|-immune|p1a: Cresselia|[from] ability: Levitate\n|-resisted|p2a: Ogerpon\n|-damage|p2a: Ogerpon|78\/100 par\n|-damage|p2b: Gholdengo|29\/100\n|-enditem|p2b: Gholdengo|Sitrus Berry|[eat]\n|-heal|p2b: Gholdengo|54\/100|[from] item: Sitrus Berry\n|\n|-heal|p1b: Dondozo|67\/100|[from] item: Leftovers\n|upkeep\n|turn|7\n|\n|t:|1700344727\n|switch|p2a: Arcanine|Arcanine-Hisui, L50, M|100\/100\n|-ability|p2a: Arcanine|Intimidate|boost\n|-unboost|p1a: Cresselia|atk|1\n|-unboost|p1b: Dondozo|atk|1\n|move|p1b: Dondozo|Protect|p1b: Dondozo\n|-singleturn|p1b: Dondozo|Protect\n|move|p1a: Cresselia|Lunar Blessing|p1a: Cresselia|[spread] p1a,p1b\n|-heal|p1b: Dondozo|92\/100\n|move|p2b: Gholdengo|Shadow Ball|p1a: Cresselia\n|-supereffective|p1a: Cresselia\n|-damage|p1a: Cresselia|0 fnt\n|faint|p1a: Cresselia\n|\n|-heal|p1b: Dondozo|98\/100|[from] item: Leftovers\n|upkeep\n|\n|t:|1700344729\n|switch|p1a: Tatsugiri|Tatsugiri, L50, M|100\/100\n|-activate|p1a: Tatsugiri|ability: Commander|[of] p1b: Dondozo\n|-boost|p1b: Dondozo|atk|2\n|-boost|p1b: Dondozo|spa|2\n|-boost|p1b: Dondozo|spe|2\n|-boost|p1b: Dondozo|def|2\n|-boost|p1b: Dondozo|spd|2\n|turn|8\n|\n|t:|1700344741\n|switch|p2a: Ogerpon|Ogerpon-Wellspring, L50, F|78\/100 par\n|move|p2b: Gholdengo|Protect|p2b: Gholdengo\n|-singleturn|p2b: Gholdengo|Protect\n|move|p1b: Dondozo|Order Up|p2b: Gholdengo\n|-activate|p2b: Gholdengo|move: Protect\n|\n|-heal|p1b: Dondozo|100\/100|[from] item: Leftovers\n|upkeep\n|turn|9\n|\n|t:|1700344755\n|switch|p2a: Arcanine|Arcanine-Hisui, L50, M|100\/100\n|-ability|p2a: Arcanine|Intimidate|boost\n|-unboost|p1a: Tatsugiri|atk|1\n|-unboost|p1b: Dondozo|atk|1\n|move|p1b: Dondozo|Order Up|p2b: Gholdengo\n|-damage|p2b: Gholdengo|32\/100\n|-boost|p1b: Dondozo|atk|1\n|move|p2b: Gholdengo|Shadow Ball|p1b: Dondozo\n|-damage|p1b: Dondozo|72\/100\n|\n|-heal|p1b: Dondozo|79\/100|[from] item: Leftovers\n|upkeep\n|turn|10\n|\n|t:|1700344767\n|move|p2a: Arcanine|Flare Blitz|p1b: Dondozo\n|-supereffective|p1b: Dondozo\n|-damage|p1b: Dondozo|18\/100\n|-damage|p2a: Arcanine|72\/100|[from] Recoil\n|move|p1b: Dondozo|Order Up|p2a: Arcanine\n|-damage|p2a: Arcanine|24\/100\n|-boost|p1b: Dondozo|atk|1\n|move|p2b: Gholdengo|Shadow Ball|p1b: Dondozo\n|-damage|p1b: Dondozo|0 fnt\n|faint|p1b: Dondozo\n|\n|upkeep\n|turn|11\n|-message|TheGreenTotoro forfeited.\n|\n|win|That_Leek\n|raw|TheGreenTotoro's rating: 1542 &rarr; <strong>1526<\/strong><br \/>(-16 for losing)\n|raw|That_Leek's rating: 1606 &rarr; <strong>1622<\/strong><br \/>(+16 for winning)\n|l|\u2606TheGreenTotoro\n","uploadtime":1700344783,"views":7,"p1id":"thegreentotoro","p2id":"thatleek","formatid":"gen9vgc2023regulatione","rating":1526,"private":0,"password":""}