{"id":"gen9vgc2023regulatione-1988149305","p1":"Mr.Shibatku","p2":"Ice-cream-man1997","format":"[Gen 9] VGC 2023 Regulation E","log":"|j|\u2606Mr.Shibatku\n|j|\u2606Ice-cream-man1997\n|t:|1699675857\n|gametype|doubles\n|player|p1|Mr.Shibatku|byron|1232\n|player|p2|Ice-cream-man1997|linebacker|1168\n|teamsize|p1|6\n|teamsize|p2|6\n|gen|9\n|tier|[Gen 9] VGC 2023 Regulation E\n|rated|\n|rule|Species Clause: Limit one of each Pok\u00e9mon\n|rule|Item Clause: Limit one of each item\n|clearpoke\n|poke|p1|Gholdengo, L50|\n|poke|p1|Iron Hands, L50|\n|poke|p1|Amoonguss, L50, F|\n|poke|p1|Iron Bundle, L50|\n|poke|p1|Pelipper, L50, F|\n|poke|p1|Salamence, L50, F|\n|poke|p2|Skeledirge, L50, M|\n|poke|p2|Iron Hands, L50|\n|poke|p2|Kingambit, L50, F|\n|poke|p2|Grimmsnarl, L50, M|\n|poke|p2|Sinistcha, L50|\n|poke|p2|Arcanine-Hisui, L50, F|\n|teampreview|4\n|\n|t:|1699675883\n|start\n|switch|p1a: HighKneeCan|Iron Hands, L50, shiny|100\/100\n|switch|p1b: Mr. Phister|Gholdengo, L50|100\/100\n|switch|p2a: Kingambit|Kingambit, L50, F|100\/100\n|switch|p2b: Iron Hands|Iron Hands, L50|100\/100\n|turn|1\n|\n|t:|1699675910\n|move|p1a: HighKneeCan|Fake Out|p2a: Kingambit\n|-resisted|p2a: Kingambit\n|-damage|p2a: Kingambit|95\/100\n|move|p2b: Iron Hands|Fake Out|p1a: HighKneeCan\n|-damage|p1a: HighKneeCan|89\/100\n|move|p1b: Mr. Phister|Nasty Plot|p1b: Mr. Phister\n|-boost|p1b: Mr. Phister|spa|2\n|cant|p2a: Kingambit|flinch\n|\n|upkeep\n|turn|2\n|\n|t:|1699675941\n|-terastallize|p1b: Mr. Phister|Dragon\n|-terastallize|p2a: Kingambit|Dark\n|move|p2a: Kingambit|Sucker Punch||[still]\n|-fail|p2a: Kingambit\n|move|p1b: Mr. Phister|Nasty Plot|p1b: Mr. Phister\n|-boost|p1b: Mr. Phister|spa|2\n|move|p1a: HighKneeCan|Drain Punch|p2a: Kingambit\n|-supereffective|p2a: Kingambit\n|-damage|p2a: Kingambit|31\/100\n|-heal|p1a: HighKneeCan|100\/100|[from] drain|[of] p2a: Kingambit\n|move|p2b: Iron Hands|Drain Punch|p1a: HighKneeCan\n|-damage|p1a: HighKneeCan|69\/100\n|\n|upkeep\n|turn|3\n|\n|t:|1699675977\n|-end|p2b: Iron Hands|Quark Drive|[silent]\n|switch|p2b: Sinistcha|Sinistcha, L50|100\/100\n|-heal|p2a: Kingambit|56\/100|[from] ability: Hospitality|[of] p2b: Sinistcha\n|move|p2a: Kingambit|Protect|p2a: Kingambit\n|-singleturn|p2a: Kingambit|Protect\n|move|p1b: Mr. Phister|Nasty Plot|p1b: Mr. Phister\n|-boost|p1b: Mr. Phister|spa|2\n|move|p1a: HighKneeCan|Heavy Slam|p2a: Kingambit\n|-activate|p2a: Kingambit|move: Protect\n|\n|upkeep\n|turn|4\n|\n|t:|1699676002\n|switch|p2b: Iron Hands|Iron Hands, L50|100\/100\n|-end|p1a: HighKneeCan|Quark Drive|[silent]\n|switch|p1a: PkmnHntrJ|Salamence, L50, F, shiny|100\/100\n|-ability|p1a: PkmnHntrJ|Intimidate|boost\n|-unboost|p2a: Kingambit|atk|1\n|-ability|p2a: Kingambit|Defiant|boost\n|-boost|p2a: Kingambit|atk|2\n|-unboost|p2b: Iron Hands|atk|1\n|move|p1b: Mr. Phister|Protect|p1b: Mr. Phister\n|-singleturn|p1b: Mr. Phister|Protect\n|move|p2a: Kingambit|Sucker Punch||[still]\n|-fail|p2a: Kingambit\n|\n|upkeep\n|turn|5\n|\n|t:|1699676029\n|-end|p2b: Iron Hands|Quark Drive|[silent]\n|switch|p2b: Sinistcha|Sinistcha, L50|100\/100\n|-heal|p2a: Kingambit|80\/100|[from] ability: Hospitality|[of] p2b: Sinistcha\n|move|p2a: Kingambit|Sucker Punch|p1b: Mr. Phister\n|-damage|p1b: Mr. Phister|3\/100\n|move|p1a: PkmnHntrJ|Tailwind|p1a: PkmnHntrJ\n|-sidestart|p1: Mr.Shibatku|move: Tailwind\n|move|p1b: Mr. Phister|Make It Rain|p2b: Sinistcha|[spread] p2a,p2b\n|-damage|p2a: Kingambit|0 fnt\n|-damage|p2b: Sinistcha|0 fnt\n|-unboost|p1b: Mr. Phister|spa|1\n|faint|p2a: Kingambit\n|faint|p2b: Sinistcha\n|\n|-heal|p1b: Mr. Phister|9\/100|[from] item: Leftovers\n|upkeep\n|\n|t:|1699676045\n|switch|p2b: Iron Hands|Iron Hands, L50|100\/100\n|switch|p2a: Arcanine|Arcanine-Hisui, L50, F|100\/100\n|-ability|p2a: Arcanine|Intimidate|boost\n|-unboost|p1a: PkmnHntrJ|atk|1\n|-unboost|p1b: Mr. Phister|atk|1\n|turn|6\n|\n|t:|1699676071\n|switch|p1a: HighKneeCan|Iron Hands, L50, shiny|69\/100\n|move|p2a: Arcanine|Extreme Speed|p1a: HighKneeCan\n|-damage|p1a: HighKneeCan|40\/100\n|move|p1b: Mr. Phister|Make It Rain|p2b: Iron Hands|[spread] p2a,p2b\n|-crit|p2a: Arcanine\n|-resisted|p2b: Iron Hands\n|-crit|p2b: Iron Hands\n|-damage|p2a: Arcanine|0 fnt\n|-damage|p2b: Iron Hands|35\/100\n|-unboost|p1b: Mr. Phister|spa|1\n|faint|p2a: Arcanine\n|move|p2b: Iron Hands|Wild Charge|p1a: HighKneeCan\n|-resisted|p1a: HighKneeCan\n|-damage|p1a: HighKneeCan|24\/100\n|-damage|p2b: Iron Hands|32\/100|[from] Recoil\n|\n|-heal|p1b: Mr. Phister|15\/100|[from] item: Leftovers\n|upkeep\n|turn|7\n|-message|Ice-cream-man1997 forfeited.\n|\n|win|Mr.Shibatku\n|raw|Mr.Shibatku's rating: 1232 &rarr; <strong>1252<\/strong><br \/>(+20 for winning)\n|raw|Ice-cream-man1997's rating: 1168 &rarr; <strong>1148<\/strong><br \/>(-20 for losing)\n|l|\u2606Ice-cream-man1997\n","uploadtime":1699676208,"views":199,"p1id":"mrshibatku","p2id":"icecreamman1997","formatid":"gen9vgc2023regulatione","rating":1148,"private":0,"password":""}