{"id":"gen9vgc2023regulatione-1991983225","p1":"gg3g3","p2":"MonoWater Bro","format":"[Gen 9] VGC 2023 Regulation E","log":"|j|\u2606gg3g3\n|j|\u2606MonoWater Bro\n|t:|1700144989\n|gametype|doubles\n|player|p1|gg3g3|iris|1048\n|player|p2|MonoWater Bro|fisherman-gen4|1111\n|teamsize|p1|6\n|teamsize|p2|6\n|gen|9\n|tier|[Gen 9] VGC 2023 Regulation E\n|rated|\n|rule|Species Clause: Limit one of each Pok\u00e9mon\n|rule|Item Clause: Limit one of each item\n|clearpoke\n|poke|p1|Torkoal, L50, M|\n|poke|p1|Ogerpon-Wellspring, L50, F|\n|poke|p1|Cresselia, L50, F|\n|poke|p1|Roaring Moon, L50|\n|poke|p1|Maushold-Four, L50|\n|poke|p1|Iron Hands, L50|\n|poke|p2|Urshifu-*, L50, F|\n|poke|p2|Ogerpon-Wellspring, L50, F|\n|poke|p2|Pelipper, L50, F|\n|poke|p2|Iron Bundle, L50|\n|poke|p2|Empoleon, L50, F|\n|poke|p2|Barraskewda, L50, F|\n|teampreview|4\n|inactive|Battle timer is ON: inactive players will automatically lose when time's up. (requested by gg3g3)\n|inactive|MonoWater Bro has 60 seconds left.\n|\n|t:|1700145025\n|start\n|switch|p1a: Cresselia|Cresselia, L50, F|100\/100\n|switch|p1b: Iron Hands|Iron Hands, L50|100\/100\n|switch|p2a: Urshifu|Urshifu-Rapid-Strike, L50, F|100\/100\n|switch|p2b: Ogerpon|Ogerpon-Wellspring, L50, F|100\/100\n|turn|1\n|inactive|MonoWater Bro has 30 seconds left.\n|\n|t:|1700145057\n|switch|p2a: Barraskewda|Barraskewda, L50, F|100\/100\n|move|p1b: Iron Hands|Fake Out|p2a: Barraskewda\n|-damage|p2a: Barraskewda|60\/100\n|-damage|p1b: Iron Hands|91\/100|[from] item: Life Orb\n|move|p2b: Ogerpon|Horn Leech|p1a: Cresselia\n|-damage|p1a: Cresselia|67\/100\n|move|p1a: Cresselia|Trick Room|p1a: Cresselia\n|-fieldstart|move: Trick Room|[of] p1a: Cresselia\n|\n|upkeep\n|turn|2\n|\n|t:|1700145080\n|-terastallize|p2a: Barraskewda|Ground\n|move|p2b: Ogerpon|Follow Me|p2b: Ogerpon\n|-singleturn|p2b: Ogerpon|move: Follow Me\n|move|p1b: Iron Hands|Play Rough|p2b: Ogerpon\n|-damage|p2b: Ogerpon|34\/100\n|-damage|p1b: Iron Hands|81\/100|[from] item: Life Orb\n|move|p1a: Cresselia|Calm Mind|p1a: Cresselia\n|-boost|p1a: Cresselia|spa|1\n|-boost|p1a: Cresselia|spd|1\n|move|p2a: Barraskewda|Drill Run|p1b: Iron Hands\n|-supereffective|p1b: Iron Hands\n|-crit|p1b: Iron Hands\n|-damage|p1b: Iron Hands|0 fnt\n|faint|p1b: Iron Hands\n|-end|p1b: Iron Hands|Quark Drive|[silent]\n|\n|upkeep\n|\n|t:|1700145096\n|switch|p1b: Torkoal|Torkoal, L50, M|100\/100\n|-weather|SunnyDay|[from] ability: Drought|[of] p1b: Torkoal\n|turn|3\n|\n|t:|1700145110\n|switch|p2b: Pelipper|Pelipper, L50, F|100\/100\n|-weather|RainDance|[from] ability: Drizzle|[of] p2b: Pelipper\n|-terastallize|p1b: Torkoal|Grass\n|move|p2a: Barraskewda|Protect|p2a: Barraskewda\n|-singleturn|p2a: Barraskewda|Protect\n|move|p1b: Torkoal|Eruption|p2a: Barraskewda|[spread] p2b\n|-activate|p2a: Barraskewda|move: Protect\n|-resisted|p2b: Pelipper\n|-damage|p2b: Pelipper|90\/100\n|move|p1a: Cresselia|Dazzling Gleam|p2a: Barraskewda|[spread] p2b\n|-activate|p2a: Barraskewda|move: Protect\n|-damage|p2b: Pelipper|59\/100\n|\n|-weather|RainDance|[upkeep]\n|upkeep\n|turn|4\n|\n|t:|1700145133\n|switch|p1a: Roaring Moon|Roaring Moon, L50|100\/100\n|-enditem|p1a: Roaring Moon|Booster Energy\n|-activate|p1a: Roaring Moon|ability: Protosynthesis|[fromitem]\n|-start|p1a: Roaring Moon|protosynthesisatk\n|move|p1b: Torkoal|Protect|p1b: Torkoal\n|-singleturn|p1b: Torkoal|Protect\n|move|p2b: Pelipper|Hurricane|p1b: Torkoal\n|-activate|p1b: Torkoal|move: Protect\n|move|p2a: Barraskewda|Drill Run|p1a: Roaring Moon\n|-damage|p1a: Roaring Moon|54\/100\n|\n|-weather|RainDance|[upkeep]\n|upkeep\n|turn|5\n|inactive|gg3g3 has 30 seconds left.\n|inactive|MonoWater Bro has 30 seconds left.\n|\n|t:|1700145164\n|switch|p1b: Cresselia|Cresselia, L50, F|67\/100\n|switch|p2b: Ogerpon|Ogerpon-Wellspring, L50, F|34\/100\n|move|p1a: Roaring Moon|Rock Slide|p2a: Barraskewda|[spread] p2a\n|-miss|p1a: Roaring Moon|p2b: Ogerpon\n|-resisted|p2a: Barraskewda\n|-damage|p2a: Barraskewda|34\/100\n|move|p2a: Barraskewda|Poison Jab|p1b: Cresselia\n|-crit|p1b: Cresselia\n|-damage|p1b: Cresselia|35\/100\n|\n|-weather|RainDance|[upkeep]\n|-fieldend|move: Trick Room\n|upkeep\n|turn|6\n|\n|t:|1700145186\n|switch|p1b: Torkoal|Torkoal, L50, M, tera:Grass|100\/100\n|-weather|SunnyDay|[from] ability: Drought|[of] p1b: Torkoal\n|move|p2a: Barraskewda|Protect|p2a: Barraskewda\n|-singleturn|p2a: Barraskewda|Protect\n|move|p2b: Ogerpon|Horn Leech|p1b: Torkoal\n|-resisted|p1b: Torkoal\n|-damage|p1b: Torkoal|88\/100\n|-heal|p2b: Ogerpon|42\/100|[from] drain|[of] p1b: Torkoal\n|move|p1a: Roaring Moon|Rock Slide|p2b: Ogerpon|[spread] p2b\n|-activate|p2a: Barraskewda|move: Protect\n|-damage|p2b: Ogerpon|3\/100\n|\n|-weather|SunnyDay|[upkeep]\n|-heal|p1b: Torkoal|94\/100|[from] item: Leftovers\n|upkeep\n|turn|7\n|inactive|gg3g3 has 30 seconds left.\n|\n|t:|1700145212\n|switch|p2b: Pelipper|Pelipper, L50, F|59\/100\n|-weather|RainDance|[from] ability: Drizzle|[of] p2b: Pelipper\n|move|p2a: Barraskewda|Poison Jab|p1b: Torkoal\n|-supereffective|p1b: Torkoal\n|-crit|p1b: Torkoal\n|-damage|p1b: Torkoal|42\/100\n|move|p1a: Roaring Moon|Rock Slide|p2a: Barraskewda|[spread] p2b\n|-miss|p1a: Roaring Moon|p2a: Barraskewda\n|-supereffective|p2b: Pelipper\n|-damage|p2b: Pelipper|0 fnt\n|faint|p2b: Pelipper\n|move|p1b: Torkoal|Body Press|p2a: Barraskewda\n|-damage|p2a: Barraskewda|0 fnt\n|faint|p2a: Barraskewda\n|\n|-weather|RainDance|[upkeep]\n|-heal|p1b: Torkoal|48\/100|[from] item: Leftovers\n|upkeep\n|\n|t:|1700145229\n|switch|p2a: Ogerpon|Ogerpon-Wellspring, L50, F|3\/100\n|switch|p2b: Urshifu|Urshifu-Rapid-Strike, L50, F|100\/100\n|turn|8\n|\n|t:|1700145242\n|move|p2a: Ogerpon|Spiky Shield|p2a: Ogerpon\n|-singleturn|p2a: Ogerpon|move: Protect\n|move|p1b: Torkoal|Protect|p1b: Torkoal\n|-singleturn|p1b: Torkoal|Protect\n|move|p2b: Urshifu|Surging Strikes|p1a: Roaring Moon\n|-resisted|p1a: Roaring Moon\n|-crit|p1a: Roaring Moon\n|-damage|p1a: Roaring Moon|35\/100\n|-resisted|p1a: Roaring Moon\n|-crit|p1a: Roaring Moon\n|-damage|p1a: Roaring Moon|20\/100\n|-resisted|p1a: Roaring Moon\n|-crit|p1a: Roaring Moon\n|-damage|p1a: Roaring Moon|4\/100\n|-hitcount|p1a: Roaring Moon|3\n|move|p1a: Roaring Moon|Acrobatics|p2b: Urshifu\n|-supereffective|p2b: Urshifu\n|-damage|p2b: Urshifu|0 fnt\n|faint|p2b: Urshifu\n|\n|-weather|RainDance|[upkeep]\n|-heal|p1b: Torkoal|54\/100|[from] item: Leftovers\n|upkeep\n|turn|9\n|c|\u2606MonoWater Bro|gg\n|-message|MonoWater Bro forfeited.\n|\n|win|gg3g3\n|raw|gg3g3's rating: 1048 &rarr; <strong>1087<\/strong><br \/>(+39 for winning)\n|raw|MonoWater Bro's rating: 1111 &rarr; <strong>1082<\/strong><br \/>(-29 for losing)\n|l|\u2606gg3g3\n|l|\u2606MonoWater Bro\n|j|\u2606gg3g3\n|player|p1|gg3g3|iris\n","uploadtime":1700145665,"views":22,"p1id":"gg3g3","p2id":"monowaterbro","formatid":"gen9vgc2023regulatione","rating":1082,"private":0,"password":""}