{"id":"gen9vgc2023regulatione-1989123774","p1":"beeki","p2":"HSuSe","format":"[Gen 9] VGC 2023 Regulation E","log":"|j|\u2606beeki\n|j|\u2606HSuSe\n|t:|1699814781\n|gametype|doubles\n|player|p1|beeki|larry|1461\n|player|p2|HSuSe|rika|1485\n|teamsize|p1|6\n|teamsize|p2|6\n|gen|9\n|tier|[Gen 9] VGC 2023 Regulation E\n|rated|\n|rule|Species Clause: Limit one of each Pok\u00e9mon\n|rule|Item Clause: Limit one of each item\n|clearpoke\n|poke|p1|Urshifu-*, L50, M|\n|poke|p1|Tornadus, L50, M|\n|poke|p1|Gholdengo, L50|\n|poke|p1|Ogerpon-Wellspring, L50, F|\n|poke|p1|Heatran, L50, M|\n|poke|p1|Rillaboom, L50, F|\n|poke|p2|Enamorus, L50, F|\n|poke|p2|Illumise, L50, F|\n|poke|p2|Kommo-o, L50, F|\n|poke|p2|Sinistcha, L50|\n|poke|p2|Iron Hands, L50|\n|poke|p2|Landorus-Therian, L50, M|\n|teampreview|4\n|\n|t:|1699814815\n|start\n|switch|p1a: Tornadus|Tornadus, L50, M|100\/100\n|switch|p1b: Gholdengo|Gholdengo, L50|100\/100\n|switch|p2a: Kommo-o|Kommo-o, L50, F|100\/100\n|switch|p2b: Iron Hands|Iron Hands, L50|100\/100\n|turn|1\n|\n|t:|1699814826\n|move|p2a: Kommo-o|Protect|p2a: Kommo-o\n|-singleturn|p2a: Kommo-o|Protect\n|move|p1a: Tornadus|Tailwind|p1a: Tornadus\n|-sidestart|p1: beeki|move: Tailwind\n|move|p1b: Gholdengo|Nasty Plot|p1b: Gholdengo\n|-boost|p1b: Gholdengo|spa|2\n|move|p2b: Iron Hands|Wild Charge|p1a: Tornadus\n|-supereffective|p1a: Tornadus\n|-damage|p1a: Tornadus|0 fnt\n|faint|p1a: Tornadus\n|-damage|p2b: Iron Hands|83\/100|[from] Recoil\n|\n|upkeep\n|\n|t:|1699814852\n|switch|p1a: Heatran|Heatran, L50, M|100\/100\n|turn|2\n|\n|t:|1699814894\n|-terastallize|p1a: Heatran|Grass\n|move|p1b: Gholdengo|Shadow Ball|p2a: Kommo-o\n|-immune|p2a: Kommo-o|[from] ability: Bulletproof\n|move|p1a: Heatran|Heat Wave|p2b: Iron Hands|[spread] p2a,p2b\n|-resisted|p2a: Kommo-o\n|-damage|p2a: Kommo-o|74\/100\n|-damage|p2b: Iron Hands|59\/100\n|-damage|p1a: Heatran|91\/100|[from] item: Life Orb\n|move|p2a: Kommo-o|Clanging Scales|p1a: Heatran|[spread] p1a,p1b\n|-resisted|p1b: Gholdengo\n|-damage|p1a: Heatran|60\/100\n|-damage|p1b: Gholdengo|84\/100\n|-unboost|p2a: Kommo-o|def|1\n|-enditem|p2a: Kommo-o|Throat Spray\n|-boost|p2a: Kommo-o|spa|1|[from] item: Throat Spray\n|move|p2b: Iron Hands|Drain Punch|p1a: Heatran\n|-damage|p1a: Heatran|28\/100\n|-heal|p2b: Iron Hands|71\/100|[from] drain|[of] p1a: Heatran\n|\n|-heal|p1b: Gholdengo|90\/100|[from] item: Leftovers\n|upkeep\n|turn|3\n|\n|t:|1699814918\n|-end|p2b: Iron Hands|Quark Drive|[silent]\n|switch|p2b: Sinistcha|Sinistcha, L50|100\/100\n|-heal|p2a: Kommo-o|99\/100|[from] ability: Hospitality|[of] p2b: Sinistcha\n|move|p1b: Gholdengo|Make It Rain|p2b: Sinistcha|[spread] p2a,p2b\n|-damage|p2a: Kommo-o|4\/100\n|-damage|p2b: Sinistcha|3\/100\n|-unboost|p1b: Gholdengo|spa|1\n|move|p1a: Heatran|Earth Power|p2b: Sinistcha\n|-resisted|p2b: Sinistcha\n|-damage|p2b: Sinistcha|0 fnt\n|faint|p2b: Sinistcha\n|-damage|p1a: Heatran|18\/100|[from] item: Life Orb\n|move|p2a: Kommo-o|Clanging Scales|p1b: Gholdengo|[spread] p1a,p1b\n|-resisted|p1b: Gholdengo\n|-damage|p1a: Heatran|0 fnt\n|-damage|p1b: Gholdengo|63\/100\n|faint|p1a: Heatran\n|-unboost|p2a: Kommo-o|def|1\n|\n|-heal|p1b: Gholdengo|69\/100|[from] item: Leftovers\n|upkeep\n|\n|t:|1699814931\n|switch|p1a: Urshifu|Urshifu, L50, M|100\/100\n|switch|p2b: Landorus|Landorus-Therian, L50, M|100\/100\n|-ability|p2b: Landorus|Intimidate|boost\n|-unboost|p1a: Urshifu|atk|1\n|-unboost|p1b: Gholdengo|atk|1\n|turn|4\n|\n|t:|1699814939\n|-terastallize|p2b: Landorus|Flying\n|move|p1a: Urshifu|Wicked Blow|p2b: Landorus\n|-crit|p2b: Landorus\n|-damage|p2b: Landorus|28\/100\n|move|p1b: Gholdengo|Make It Rain|p2b: Landorus|[spread] p2a,p2b\n|-damage|p2a: Kommo-o|0 fnt\n|-damage|p2b: Landorus|0 fnt\n|-unboost|p1b: Gholdengo|spa|1\n|faint|p2a: Kommo-o\n|faint|p2b: Landorus\n|\n|-heal|p1b: Gholdengo|75\/100|[from] item: Leftovers\n|-sideend|p1: beeki|move: Tailwind\n|upkeep\n|\n|t:|1699814948\n|switch|p2b: Iron Hands|Iron Hands, L50|71\/100\n|turn|5\n|\n|t:|1699814952\n|move|p1a: Urshifu|Detect|p1a: Urshifu\n|-singleturn|p1a: Urshifu|Protect\n|move|p1b: Gholdengo|Shadow Ball|p2b: Iron Hands\n|-damage|p2b: Iron Hands|52\/100\n|move|p2b: Iron Hands|Drain Punch|p1a: Urshifu\n|-activate|p1a: Urshifu|move: Protect\n|\n|-heal|p1b: Gholdengo|81\/100|[from] item: Leftovers\n|upkeep\n|turn|6\n|\n|t:|1699814965\n|move|p1a: Urshifu|Close Combat|p2b: Iron Hands\n|-damage|p2b: Iron Hands|22\/100\n|-unboost|p1a: Urshifu|def|1\n|-unboost|p1a: Urshifu|spd|1\n|move|p1b: Gholdengo|Shadow Ball|p2b: Iron Hands\n|-damage|p2b: Iron Hands|3\/100\n|-unboost|p2b: Iron Hands|spd|1\n|move|p2b: Iron Hands|Drain Punch|p1a: Urshifu\n|-supereffective|p1a: Urshifu\n|-enditem|p1a: Urshifu|Focus Sash\n|-damage|p1a: Urshifu|1\/100\n|-heal|p2b: Iron Hands|39\/100|[from] drain|[of] p1a: Urshifu\n|\n|-heal|p1b: Gholdengo|87\/100|[from] item: Leftovers\n|upkeep\n|turn|7\n|-message|HSuSe forfeited.\n|\n|win|beeki\n|raw|beeki's rating: 1461 &rarr; <strong>1482<\/strong><br \/>(+21 for winning)\n|raw|HSuSe's rating: 1485 &rarr; <strong>1464<\/strong><br \/>(-21 for losing)\n|l|\u2606HSuSe\n","uploadtime":1699814979,"views":14,"p1id":"beeki","p2id":"hsuse","formatid":"gen9vgc2023regulatione","rating":1464,"private":0,"password":""}