{"id":"gen9vgc2023regulatione-1993045784","p1":"abran63","p2":"Hisuian Hustler","format":"[Gen 9] VGC 2023 Regulation E","log":"|j|\u2606abran63\n|j|\u2606Hisuian Hustler\n|t:|1700258773\n|gametype|doubles\n|player|p1|abran63|265|1308\n|player|p2|Hisuian Hustler|marlon|1233\n|teamsize|p1|6\n|teamsize|p2|6\n|gen|9\n|tier|[Gen 9] VGC 2023 Regulation E\n|rated|\n|rule|Species Clause: Limit one of each Pok\u00e9mon\n|rule|Item Clause: Limit one of each item\n|clearpoke\n|poke|p1|Tornadus, L50, M|\n|poke|p1|Landorus, L50, M|\n|poke|p1|Thundurus, L50, M|\n|poke|p1|Indeedee-F, L50, F|\n|poke|p1|Ogerpon-Hearthflame, L50, F|\n|poke|p1|Urshifu-*, L50, F|\n|poke|p2|Tornadus, L50, M|\n|poke|p2|Ogerpon-Cornerstone, L50, F|\n|poke|p2|Iron Hands, L50|\n|poke|p2|Clefairy, L50, M|\n|poke|p2|Gholdengo, L50|\n|poke|p2|Roaring Moon, L50|\n|teampreview|4\nHisuian Hustler has agreed to open team sheets.\n|\n|t:|1700258811\n|start\n|switch|p1a: Tornadus|Tornadus, L50, M|100\/100\n|switch|p1b: Landorus|Landorus, L50, M|100\/100\n|switch|p2a: Tornadus|Tornadus, L50, M|100\/100\n|switch|p2b: Roaring Moon|Roaring Moon, L50, shiny|100\/100\n|-enditem|p2b: Roaring Moon|Booster Energy\n|-activate|p2b: Roaring Moon|ability: Protosynthesis|[fromitem]\n|-start|p2b: Roaring Moon|protosynthesisatk\n|turn|1\n|inactive|Battle timer is ON: inactive players will automatically lose when time's up. (requested by abran63)\n|\n|t:|1700258866\n|move|p1a: Tornadus|Tailwind|p1a: Tornadus\n|-sidestart|p1: abran63|move: Tailwind\n|move|p2a: Tornadus|Tailwind|p2a: Tornadus\n|-sidestart|p2: Hisuian Hustler|move: Tailwind\n|move|p1b: Landorus|Sludge Bomb|p2b: Roaring Moon\n|-damage|p2b: Roaring Moon|52\/100\n|move|p2b: Roaring Moon|Acrobatics|p1b: Landorus\n|-damage|p1b: Landorus|33\/100\n|\n|upkeep\n|turn|2\n|inactive|Hisuian Hustler has 30 seconds left.\n|\n|t:|1700258901\n|move|p2b: Roaring Moon|Protect|p2b: Roaring Moon\n|-singleturn|p2b: Roaring Moon|Protect\n|move|p1a: Tornadus|Rain Dance|p1a: Tornadus\n|-weather|RainDance\n|move|p2a: Tornadus|Bleakwind Storm|p1b: Landorus|[spread] p1a,p1b\n|-damage|p1a: Tornadus|57\/100\n|-damage|p1b: Landorus|0 fnt\n|faint|p1b: Landorus\n|\n|-weather|RainDance|[upkeep]\n|upkeep\n|\n|t:|1700258909\n|switch|p1b: Thundurus|Thundurus, L50, M|100\/100\n|turn|3\n|\n|t:|1700258923\n|move|p2a: Tornadus|Taunt|p1b: Thundurus\n|-start|p1b: Thundurus|move: Taunt\n|move|p1a: Tornadus|Bleakwind Storm|p2a: Tornadus|[spread] p2a,p2b\n|-damage|p2a: Tornadus|58\/100\n|-damage|p2b: Roaring Moon|24\/100\n|move|p1b: Thundurus|Wildbolt Storm|p2b: Roaring Moon|[spread] p2a,p2b\n|-supereffective|p2a: Tornadus\n|-resisted|p2b: Roaring Moon\n|-damage|p2a: Tornadus|0 fnt\n|-damage|p2b: Roaring Moon|4\/100\n|faint|p2a: Tornadus\n|move|p2b: Roaring Moon|Acrobatics|p1a: Tornadus\n|-damage|p1a: Tornadus|0 fnt\n|faint|p1a: Tornadus\n|\n|-weather|RainDance|[upkeep]\n|upkeep\n|inactive|Hisuian Hustler has 30 seconds left.\n|\n|t:|1700258951\n|switch|p2a: Ogerpon|Ogerpon-Cornerstone, L50, F|100\/100\n|switch|p1a: Ogerpon|Ogerpon-Hearthflame, L50, F|100\/100\n|-ability|p1a: Ogerpon|Mold Breaker\n|turn|4\n|inactive|abran63 has 30 seconds left.\n|inactive|Hisuian Hustler has 30 seconds left.\n|\n|t:|1700258982\n|move|p1b: Thundurus|Wildbolt Storm|p2b: Roaring Moon|[spread] p2a,p2b\n|-resisted|p2a: Ogerpon\n|-resisted|p2b: Roaring Moon\n|-damage|p2a: Ogerpon|72\/100\n|-damage|p2b: Roaring Moon|0 fnt\n|faint|p2b: Roaring Moon\n|-end|p2b: Roaring Moon|Protosynthesis|[silent]\n|move|p1a: Ogerpon|Horn Leech|p2a: Ogerpon\n|-damage|p2a: Ogerpon|17\/100\n|move|p2a: Ogerpon|Ivy Cudgel|p1b: Thundurus|[anim] Ivy Cudgel Rock\n|-supereffective|p1b: Thundurus\n|-damage|p1b: Thundurus|0 fnt\n|faint|p1b: Thundurus\n|\n|-weather|RainDance|[upkeep]\n|-sideend|p1: abran63|move: Tailwind\n|-sideend|p2: Hisuian Hustler|move: Tailwind\n|upkeep\n|\n|t:|1700259000\n|switch|p2b: Clefairy|Clefairy, L50, M|100\/100\n|turn|5\n|\n|t:|1700259014\n|-terastallize|p2a: Ogerpon|Rock\n|detailschange|p2a: Ogerpon|Ogerpon-Cornerstone-Tera, L50, F, tera:Rock\n|-ability|p2a: Ogerpon|Embody Aspect (Cornerstone)|boost\n|-boost|p2a: Ogerpon|def|1\n|move|p2b: Clefairy|Follow Me|p2b: Clefairy\n|-singleturn|p2b: Clefairy|move: Follow Me\n|move|p1a: Ogerpon|Swords Dance|p1a: Ogerpon\n|-boost|p1a: Ogerpon|atk|2\n|move|p2a: Ogerpon|Ivy Cudgel|p1a: Ogerpon|[anim] Ivy Cudgel Rock\n|-supereffective|p1a: Ogerpon\n|-damage|p1a: Ogerpon|0 fnt\n|faint|p1a: Ogerpon\n|\n|win|Hisuian Hustler\n|raw|abran63's rating: 1308 &rarr; <strong>1284<\/strong><br \/>(-24 for losing)\n|raw|Hisuian Hustler's rating: 1233 &rarr; <strong>1263<\/strong><br \/>(+30 for winning)\n|l|\u2606abran63\n|c|\u2606Hisuian Hustler|Gg\n","uploadtime":1700259246,"views":10,"p1id":"abran63","p2id":"hisuianhustler","formatid":"gen9vgc2023regulatione","rating":1263,"private":0,"password":""}