{"id":"gen9vgc2023regulatione-1990289366","p1":"qz231114","p2":"Altimetfarmer","format":"[Gen 9] VGC 2023 Regulation E","log":"|j|\u2606qz231114\n|j|\u2606Altimetfarmer\n|t:|1699951401\n|gametype|doubles\n|player|p1|qz231114|102|1227\n|player|p2|Altimetfarmer|pokekid|1214\n|teamsize|p1|6\n|teamsize|p2|6\n|gen|9\n|tier|[Gen 9] VGC 2023 Regulation E\n|rated|\n|rule|Species Clause: Limit one of each Pok\u00e9mon\n|rule|Item Clause: Limit one of each item\n|clearpoke\n|poke|p1|Tornadus, L50, M|\n|poke|p1|Volcarona, L50, F|\n|poke|p1|Basculegion, L50, M|\n|poke|p1|Ludicolo, L50, M|\n|poke|p1|Scizor, L50, F|\n|poke|p1|Flutter Mane, L50|\n|poke|p2|Tornadus, L50, M|\n|poke|p2|Urshifu-*, L50, M|\n|poke|p2|Chien-Pao, L50|\n|poke|p2|Ogerpon-Wellspring, L50, F|\n|poke|p2|Gholdengo, L50|\n|poke|p2|Weavile, L50, F|\n|teampreview|4\n|inactive|Battle timer is ON: inactive players will automatically lose when time's up. (requested by Altimetfarmer)\n|\n|t:|1699951428\n|start\n|switch|p1a: Tornadus|Tornadus, L50, M|100\/100\n|switch|p1b: Basculegion|Basculegion, L50, M|100\/100\n|switch|p2a: Gholdengo|Gholdengo, L50|100\/100\n|switch|p2b: Weavile|Weavile, L50, F|100\/100\n|turn|1\n|\n|t:|1699951444\n|move|p1a: Tornadus|Rain Dance|p1a: Tornadus\n|-weather|RainDance\n|move|p2b: Weavile|Fling|p2a: Gholdengo\n|-supereffective|p2a: Gholdengo\n|-damage|p2a: Gholdengo|86\/100\n|-enditem|p2a: Gholdengo|Weakness Policy\n|-boost|p2a: Gholdengo|atk|2|[from] item: Weakness Policy\n|-boost|p2a: Gholdengo|spa|2|[from] item: Weakness Policy\n|-enditem|p2b: Weavile|Choice Scarf|[from] move: Fling\n|move|p1b: Basculegion|Wave Crash|p2a: Gholdengo\n|-damage|p2a: Gholdengo|0 fnt\n|faint|p2a: Gholdengo\n|-damage|p1b: Basculegion|77\/100|[from] Recoil\n|\n|-weather|RainDance|[upkeep]\n|upkeep\n|\n|t:|1699951458\n|switch|p2a: Chien-Pao|Chien-Pao, L50|100\/100\n|-ability|p2a: Chien-Pao|Sword of Ruin\n|turn|2\n|\n|t:|1699951474\n|switch|p1b: Scizor|Scizor, L50, F|100\/100\n|move|p2a: Chien-Pao|Sucker Punch||[still]\n|-fail|p2a: Chien-Pao\n|move|p1a: Tornadus|Tailwind|p1a: Tornadus\n|-sidestart|p1: qz231114|move: Tailwind\n|move|p2b: Weavile|Ice Spinner|p1a: Tornadus\n|-supereffective|p1a: Tornadus\n|-damage|p1a: Tornadus|0 fnt\n|faint|p1a: Tornadus\n|\n|-weather|RainDance|[upkeep]\n|upkeep\n|\n|t:|1699951482\n|switch|p1a: Volcarona|Volcarona, L50, F|100\/100\n|turn|3\n|inactive|Altimetfarmer has 30 seconds left.\n|inactive|Altimetfarmer has 20 seconds left.\n|\n|t:|1699951520\n|-terastallize|p2a: Chien-Pao|Dark\n|move|p1b: Scizor|Bullet Punch|p2b: Weavile\n|-supereffective|p2b: Weavile\n|-damage|p2b: Weavile|0 fnt\n|faint|p2b: Weavile\n|move|p1a: Volcarona|Quiver Dance|p1a: Volcarona\n|-boost|p1a: Volcarona|spa|1\n|-boost|p1a: Volcarona|spd|1\n|-boost|p1a: Volcarona|spe|1\n|move|p2a: Chien-Pao|Lash Out|p1a: Volcarona\n|-damage|p1a: Volcarona|22\/100\n|-damage|p2a: Chien-Pao|84\/100|[from] item: Rocky Helmet|[of] p1a: Volcarona\n|-damage|p2a: Chien-Pao|75\/100|[from] item: Life Orb\n|\n|-weather|RainDance|[upkeep]\n|upkeep\n|\n|t:|1699951536\n|switch|p2b: Tornadus|Tornadus, L50, M|100\/100\n|turn|4\n|\n|t:|1699951555\n|move|p2a: Chien-Pao|Protect|p2a: Chien-Pao\n|-singleturn|p2a: Chien-Pao|Protect\n|move|p1a: Volcarona|Hurricane|p2b: Tornadus\n|-damage|p2b: Tornadus|42\/100\n|move|p1b: Scizor|Swords Dance|p1b: Scizor\n|-boost|p1b: Scizor|atk|2\n|move|p2b: Tornadus|Bleakwind Storm|p1b: Scizor|[spread] p1a,p1b\n|-supereffective|p1a: Volcarona\n|-damage|p1a: Volcarona|0 fnt\n|-damage|p1b: Scizor|60\/100\n|faint|p1a: Volcarona\n|\n|-weather|RainDance|[upkeep]\n|-heal|p1b: Scizor|66\/100|[from] item: Leftovers\n|upkeep\n|\n|t:|1699951558\n|switch|p1a: Basculegion|Basculegion, L50, M|77\/100\n|turn|5\n|inactive|Altimetfarmer has 30 seconds left.\n|inactive|Altimetfarmer has 20 seconds left.\n|inactive|Altimetfarmer has 15 seconds left.\n|\n|t:|1699951598\n|-terastallize|p1a: Basculegion|Water\n|move|p1a: Basculegion|Aqua Jet|p2a: Chien-Pao\n|-damage|p2a: Chien-Pao|0 fnt\n|faint|p2a: Chien-Pao\n|move|p1b: Scizor|Bullet Punch|p2b: Tornadus\n|-damage|p2b: Tornadus|0 fnt\n|-damage|p1b: Scizor|50\/100|[from] item: Rocky Helmet|[of] p2b: Tornadus\n|faint|p2b: Tornadus\n|\n|win|qz231114\n|raw|qz231114's rating: 1209 &rarr; <strong>1234<\/strong><br \/>(+25 for winning)\n|raw|Altimetfarmer's rating: 1214 &rarr; <strong>1189<\/strong><br \/>(-25 for losing)\n|l|\u2606Altimetfarmer\n","uploadtime":1699951605,"views":11,"p1id":"qz231114","p2id":"altimetfarmer","formatid":"gen9vgc2023regulatione","rating":1189,"private":0,"password":""}