{"id":"gen9vgc2023regulatione-1998793969","p1":"bullet83","p2":"zombieaussie","format":"[Gen 9] VGC 2023 Regulation E","log":"|j|\u2606bullet83\n|j|\u2606zombieaussie\n|t:|1700992234\n|gametype|doubles\n|player|p1|bullet83|2|1000\n|player|p2|zombieaussie|265|1099\n|teamsize|p1|6\n|teamsize|p2|6\n|gen|9\n|tier|[Gen 9] VGC 2023 Regulation E\n|rated|\n|rule|Species Clause: Limit one of each Pok\u00e9mon\n|rule|Item Clause: Limit one of each item\n|clearpoke\n|poke|p1|Salamence, L50, F|\n|poke|p1|Azumarill, L50, F|\n|poke|p1|Banette, L50, F|\n|poke|p1|Oranguru, L50, M|\n|poke|p1|Regieleki, L50|\n|poke|p1|Forretress, L50, F|\n|poke|p2|Espathra, L50, M|\n|poke|p2|Corviknight, L50, M|\n|poke|p2|Regieleki, L50|\n|poke|p2|Skeledirge, L50, M|\n|poke|p2|Ninetales-Alola, L50, M|\n|poke|p2|Floatzel, L50, F|\n|teampreview|4\nbullet83 rejected open team sheets.\n|\n|t:|1700992288\n|start\n|switch|p1a: Forretress|Forretress, L50, F, shiny|100\/100\n|switch|p1b: Salamence|Salamence, L50, F, shiny|100\/100\n|switch|p2a: Ninetales|Ninetales-Alola, L50, M|100\/100\n|switch|p2b: Floatzel|Floatzel, L50, F|100\/100\n|-weather|Snow|[from] ability: Snow Warning|[of] p2a: Ninetales\n|turn|1\n|\n|t:|1700992329\n|-terastallize|p1b: Salamence|Fire\n|move|p1b: Salamence|Flamethrower|p2a: Ninetales\n|-supereffective|p2a: Ninetales\n|-damage|p2a: Ninetales|16\/100\n|move|p2a: Ninetales|Aurora Veil|p2a: Ninetales\n|-sidestart|p2: zombieaussie|move: Aurora Veil\n|move|p2b: Floatzel|Flip Turn|p1b: Salamence\n|-supereffective|p1b: Salamence\n|-damage|p1b: Salamence|0 fnt\n|faint|p1b: Salamence\n|\n|t:|1700992339\n|switch|p2b: Regieleki|Regieleki, L50|100\/100|[from] Flip Turn\n|move|p1a: Forretress|Stealth Rock|p2a: Ninetales\n|-sidestart|p2: zombieaussie|move: Stealth Rock\n|\n|-weather|Snow|[upkeep]\n|upkeep\n|\n|t:|1700992348\n|switch|p1b: Regieleki|Regieleki, L50, shiny|100\/100\n|turn|2\n|\n|t:|1700992370\n|move|p1b: Regieleki|Thunderbolt|p2a: Ninetales\n|-damage|p2a: Ninetales|0 fnt\n|faint|p2a: Ninetales\n|move|p2b: Regieleki|Electroweb|p1a: Forretress|[spread] p1a,p1b\n|-resisted|p1b: Regieleki\n|-damage|p1a: Forretress|56\/100\n|-damage|p1b: Regieleki|69\/100\n|-unboost|p1a: Forretress|spe|1\n|-unboost|p1b: Regieleki|spe|1\n|move|p1a: Forretress|Body Press|p2b: Regieleki\n|-damage|p2b: Regieleki|65\/100\n|\n|-weather|Snow|[upkeep]\n|-heal|p1a: Forretress|62\/100|[from] item: Leftovers\n|upkeep\n|\n|t:|1700992381\n|switch|p2a: Skeledirge|Skeledirge, L50, M|100\/100\n|-damage|p2a: Skeledirge|76\/100|[from] Stealth Rock\n|turn|3\n|\n|t:|1700992394\n|move|p2b: Regieleki|Electroweb|p1b: Regieleki|[spread] p1a,p1b\n|-resisted|p1b: Regieleki\n|-damage|p1a: Forretress|14\/100\n|-damage|p1b: Regieleki|36\/100\n|-unboost|p1a: Forretress|spe|1\n|-unboost|p1b: Regieleki|spe|1\n|move|p1b: Regieleki|Thunderbolt|p2a: Skeledirge\n|-crit|p2a: Skeledirge\n|-damage|p2a: Skeledirge|0 fnt\n|faint|p2a: Skeledirge\n|move|p1a: Forretress|Gyro Ball|p2b: Regieleki\n|-resisted|p2b: Regieleki\n|-damage|p2b: Regieleki|36\/100\n|\n|-weather|Snow|[upkeep]\n|-heal|p1a: Forretress|20\/100|[from] item: Leftovers\n|upkeep\n|\n|t:|1700992407\n|switch|p2a: Floatzel|Floatzel, L50, F|100\/100\n|-damage|p2a: Floatzel|88\/100|[from] Stealth Rock\n|turn|4\n|\n|t:|1700992433\n|move|p2b: Regieleki|Electroweb|p1a: Forretress|[spread] p1a,p1b\n|-resisted|p1b: Regieleki\n|-damage|p1a: Forretress|0 fnt\n|-damage|p1b: Regieleki|7\/100\n|-unboost|p1b: Regieleki|spe|1\n|faint|p1a: Forretress\n|move|p2a: Floatzel|Wave Crash|p1b: Regieleki\n|-damage|p1b: Regieleki|0 fnt\n|faint|p1b: Regieleki\n|-damage|p2a: Floatzel|86\/100|[from] Recoil\n|\n|-weather|Snow|[upkeep]\n|upkeep\n|\n|t:|1700992445\n|switch|p1a: Azumarill|Azumarill, L50, F, shiny|100\/100\n|turn|5\n|\n|t:|1700992452\n|move|p1a: Azumarill|Aqua Jet|p2b: Regieleki\n|-damage|p2b: Regieleki|0 fnt\n|faint|p2b: Regieleki\n|move|p2a: Floatzel|Wave Crash|p1a: Azumarill\n|-resisted|p1a: Azumarill\n|-damage|p1a: Azumarill|57\/100\n|-damage|p2a: Floatzel|68\/100|[from] Recoil\n|\n|-weather|none\n|upkeep\n|turn|6\n|\n|t:|1700992461\n|move|p1a: Azumarill|Aqua Jet|p2a: Floatzel\n|-resisted|p2a: Floatzel\n|-damage|p2a: Floatzel|45\/100\n|move|p2a: Floatzel|Wave Crash|p1a: Azumarill\n|-resisted|p1a: Azumarill\n|-damage|p1a: Azumarill|8\/100\n|-damage|p2a: Floatzel|24\/100|[from] Recoil\n|\n|upkeep\n|turn|7\n|\n|t:|1700992476\n|move|p1a: Azumarill|Aqua Jet|p2a: Floatzel\n|-resisted|p2a: Floatzel\n|-crit|p2a: Floatzel\n|-damage|p2a: Floatzel|0 fnt\n|faint|p2a: Floatzel\n|\n|win|bullet83\n|raw|bullet83's rating: 1000 &rarr; <strong>1051<\/strong><br \/>(+51 for winning)\n|raw|zombieaussie's rating: 1099 &rarr; <strong>1067<\/strong><br \/>(-32 for losing)\n","uploadtime":1700992483,"views":19,"p1id":"bullet83","p2id":"zombieaussie","formatid":"gen9vgc2023regulatione","rating":1051,"private":0,"password":""}