{"id":"gen9vgc2023regulatione-1991264149","p1":"Conchoboar","p2":"Mr.Shibatku","format":"[Gen 9] VGC 2023 Regulation E","log":"|j|\u2606Conchoboar\n|j|\u2606Mr.Shibatku\n|t:|1700062483\n|gametype|doubles\n|player|p1|Conchoboar|101|1410\n|player|p2|Mr.Shibatku|byron|1338\n|teamsize|p1|6\n|teamsize|p2|6\n|gen|9\n|tier|[Gen 9] VGC 2023 Regulation E\n|rated|\n|rule|Species Clause: Limit one of each Pok\u00e9mon\n|rule|Item Clause: Limit one of each item\n|clearpoke\n|poke|p1|Mamoswine, L50, M|\n|poke|p1|Iron Hands, L50|\n|poke|p1|Tornadus, L50, M|\n|poke|p1|Grimmsnarl, L50, M|\n|poke|p1|Flutter Mane, L50|\n|poke|p1|Heatran, L50, F|\n|poke|p2|Chien-Pao, L50|\n|poke|p2|Tornadus, L50, M|\n|poke|p2|Flutter Mane, L50|\n|poke|p2|Rillaboom, L50, M|\n|poke|p2|Arcanine-Hisui, L50, F|\n|poke|p2|Urshifu-*, L50, F|\n|teampreview|4\n|inactive|Battle timer is ON: inactive players will automatically lose when time's up. (requested by Mr.Shibatku)\n|\n|t:|1700062521\n|start\n|switch|p1a: Grimmsnarl|Grimmsnarl, L50, M|100\/100\n|switch|p1b: Iron Hands|Iron Hands, L50|100\/100\n|switch|p2a: Kinda Dicey|Urshifu-Rapid-Strike, L50, F|100\/100\n|switch|p2b: Kinda Sketch|Tornadus, L50, M|100\/100\n|turn|1\n|inactive|Mr.Shibatku has 30 seconds left.\n|\n|t:|1700062550\n|-terastallize|p2a: Kinda Dicey|Water\n|move|p2b: Kinda Sketch|Tailwind|p2b: Kinda Sketch\n|-sidestart|p2: Mr.Shibatku|move: Tailwind\n|move|p2a: Kinda Dicey|Surging Strikes|p1a: Grimmsnarl\n|-crit|p1a: Grimmsnarl\n|-damage|p1a: Grimmsnarl|71\/100\n|-crit|p1a: Grimmsnarl\n|-damage|p1a: Grimmsnarl|41\/100\n|-crit|p1a: Grimmsnarl\n|-damage|p1a: Grimmsnarl|11\/100\n|-hitcount|p1a: Grimmsnarl|3\n|move|p1b: Iron Hands|Thunder Punch|p2a: Kinda Dicey\n|-supereffective|p2a: Kinda Dicey\n|-damage|p2a: Kinda Dicey|13\/100\n|move|p1a: Grimmsnarl|Spirit Break|p2a: Kinda Dicey\n|-damage|p2a: Kinda Dicey|0 fnt\n|faint|p2a: Kinda Dicey\n|\n|upkeep\n|\n|t:|1700062572\n|switch|p2a: Goobed|Arcanine-Hisui, L50, F|100\/100\n|-ability|p2a: Goobed|Intimidate|boost\n|-unboost|p1a: Grimmsnarl|atk|1\n|-unboost|p1b: Iron Hands|atk|1\n|turn|2\n|inactive|Mr.Shibatku has 30 seconds left.\n|\n|t:|1700062599\n|move|p2a: Goobed|Extreme Speed|p1a: Grimmsnarl\n|-damage|p1a: Grimmsnarl|0 fnt\n|faint|p1a: Grimmsnarl\n|move|p2b: Kinda Sketch|Bleakwind Storm|p1b: Iron Hands\n|-crit|p1b: Iron Hands\n|-damage|p1b: Iron Hands|62\/100\n|move|p1b: Iron Hands|Volt Switch|p2b: Kinda Sketch\n|-supereffective|p2b: Kinda Sketch\n|-damage|p2b: Kinda Sketch|70\/100\n|\n|t:|1700062611\n|-end|p1b: Iron Hands|Quark Drive|[silent]\n|switch|p1b: Mamoswine|Mamoswine, L50, M|100\/100|[from] Volt Switch\n|\n|upkeep\n|\n|t:|1700062614\n|switch|p1a: Iron Hands|Iron Hands, L50|62\/100\n|turn|3\n|inactive|Mr.Shibatku has 30 seconds left.\n|\n|t:|1700062641\n|switch|p2a: SonicBoom|Rillaboom, L50, M, shiny|100\/100\n|-fieldstart|move: Grassy Terrain|[from] ability: Grassy Surge|[of] p2a: SonicBoom\n|-terastallize|p1b: Mamoswine|Dragon\n|move|p1b: Mamoswine|Ice Shard|p2b: Kinda Sketch\n|-supereffective|p2b: Kinda Sketch\n|-damage|p2b: Kinda Sketch|18\/100\n|move|p2b: Kinda Sketch|Bleakwind Storm|p1b: Mamoswine|[spread] p1a,p1b\n|-crit|p1b: Mamoswine\n|-damage|p1a: Iron Hands|44\/100\n|-damage|p1b: Mamoswine|36\/100\n|-unboost|p1a: Iron Hands|spe|1\n|move|p1a: Iron Hands|Drain Punch|p2a: SonicBoom\n|-damage|p2a: SonicBoom|57\/100\n|-heal|p1a: Iron Hands|62\/100|[from] drain|[of] p2a: SonicBoom\n|\n|-heal|p2a: SonicBoom|63\/100|[from] Grassy Terrain\n|-heal|p1b: Mamoswine|41\/100|[from] Grassy Terrain\n|-heal|p1a: Iron Hands|68\/100|[from] Grassy Terrain\n|upkeep\n|turn|4\n|inactive|Mr.Shibatku has 30 seconds left.\n|\n|t:|1700062675\n|move|p1b: Mamoswine|Protect|p1b: Mamoswine\n|-singleturn|p1b: Mamoswine|Protect\n|move|p2a: SonicBoom|Fake Out|p1a: Iron Hands\n|-damage|p1a: Iron Hands|57\/100\n|move|p2b: Kinda Sketch|Bleakwind Storm|p1b: Mamoswine|[spread] p1a\n|-activate|p1b: Mamoswine|move: Protect\n|-damage|p1a: Iron Hands|37\/100\n|cant|p1a: Iron Hands|flinch\n|\n|-heal|p2a: SonicBoom|69\/100|[from] Grassy Terrain\n|-heal|p1b: Mamoswine|47\/100|[from] Grassy Terrain\n|-heal|p1a: Iron Hands|44\/100|[from] Grassy Terrain\n|-sideend|p2: Mr.Shibatku|move: Tailwind\n|upkeep\n|turn|5\n|inactive|Mr.Shibatku has 30 seconds left.\n|\n|t:|1700062707\n|move|p1b: Mamoswine|Ice Shard|p2a: SonicBoom\n|-supereffective|p2a: SonicBoom\n|-damage|p2a: SonicBoom|16\/100\n|move|p2a: SonicBoom|Grassy Glide|p1b: Mamoswine\n|-resisted|p1b: Mamoswine\n|-damage|p1b: Mamoswine|26\/100\n|move|p2b: Kinda Sketch|Bleakwind Storm|p1a: Iron Hands|[spread] p1a,p1b\n|-damage|p1a: Iron Hands|24\/100\n|-damage|p1b: Mamoswine|0 fnt\n|-unboost|p1a: Iron Hands|spe|1\n|faint|p1b: Mamoswine\n|move|p1a: Iron Hands|Drain Punch|p2b: Kinda Sketch\n|-resisted|p2b: Kinda Sketch\n|-damage|p2b: Kinda Sketch|0 fnt\n|-heal|p1a: Iron Hands|31\/100|[from] drain|[of] p2b: Kinda Sketch\n|faint|p2b: Kinda Sketch\n|\n|-heal|p2a: SonicBoom|22\/100|[from] Grassy Terrain\n|-heal|p1a: Iron Hands|37\/100|[from] Grassy Terrain\n|upkeep\n|\n|t:|1700062729\n|switch|p2b: Goobed|Arcanine-Hisui, L50, F|100\/100\n|switch|p1b: Flutter Mane|Flutter Mane, L50, shiny|100\/100\n|-ability|p2b: Goobed|Intimidate|boost\n|-unboost|p1a: Iron Hands|atk|1\n|-unboost|p1b: Flutter Mane|atk|1\n|-enditem|p1b: Flutter Mane|Booster Energy\n|-activate|p1b: Flutter Mane|ability: Protosynthesis|[fromitem]\n|-start|p1b: Flutter Mane|protosynthesisspa\n|turn|6\n|inactive|Mr.Shibatku has 30 seconds left.\n|inactive|Mr.Shibatku has 20 seconds left.\n|inactive|Mr.Shibatku has 15 seconds left.\n|\n|t:|1700062772\n|move|p2a: SonicBoom|Grassy Glide|p1b: Flutter Mane\n|-damage|p1b: Flutter Mane|41\/100\n|move|p1b: Flutter Mane|Dazzling Gleam|p2b: Goobed|[spread] p2a,p2b\n|-resisted|p2b: Goobed\n|-damage|p2a: SonicBoom|0 fnt\n|-damage|p2b: Goobed|76\/100\n|faint|p2a: SonicBoom\n|move|p2b: Goobed|Rock Slide|p1a: Iron Hands|[spread] p1a,p1b\n|-resisted|p1a: Iron Hands\n|-damage|p1a: Iron Hands|20\/100\n|-damage|p1b: Flutter Mane|0 fnt\n|faint|p1b: Flutter Mane\n|-end|p1b: Flutter Mane|Protosynthesis|[silent]\n|move|p1a: Iron Hands|Drain Punch|p2b: Goobed\n|-supereffective|p2b: Goobed\n|-crit|p2b: Goobed\n|-damage|p2b: Goobed|0 fnt\n|-heal|p1a: Iron Hands|48\/100|[from] drain|[of] p2b: Goobed\n|faint|p2b: Goobed\n|\n|win|Conchoboar\n|raw|Conchoboar's rating: 1410 &rarr; <strong>1426<\/strong><br \/>(+16 for winning)\n|raw|Mr.Shibatku's rating: 1338 &rarr; <strong>1322<\/strong><br \/>(-16 for losing)\n|l|\u2606Mr.Shibatku\n","uploadtime":1700062796,"views":15,"p1id":"conchoboar","p2id":"mrshibatku","formatid":"gen9vgc2023regulatione","rating":1322,"private":0,"password":""}