{"id":"gen9vgc2023regulatione-1987897753","p1":"Open00","p2":"Wildbomb","format":"[Gen 9] VGC 2023 Regulation E","log":"|j|\u2606Open00\n|j|\u2606Wildbomb\n|t:|1699647049\n|gametype|doubles\n|player|p1|Open00|depotagent|1457\n|player|p2|Wildbomb|riley|1468\n|teamsize|p1|6\n|teamsize|p2|6\n|gen|9\n|tier|[Gen 9] VGC 2023 Regulation E\n|rated|\n|rule|Species Clause: Limit one of each Pok\u00e9mon\n|rule|Item Clause: Limit one of each item\n|clearpoke\n|poke|p1|Sableye, L50, F|\n|poke|p1|Espathra, L50, F|\n|poke|p1|Landorus, L50, M|\n|poke|p1|Iron Bundle, L50|\n|poke|p1|Arcanine-Hisui, L50, F|\n|poke|p1|Flutter Mane, L50|\n|poke|p2|Dragonite, L50, M|\n|poke|p2|Chien-Pao, L50|\n|poke|p2|Empoleon, L50, F|\n|poke|p2|Landorus-Therian, L50, M|\n|poke|p2|Iron Hands, L50|\n|poke|p2|Ogerpon-Hearthflame, L50, F|\n|teampreview|4\n|\n|t:|1699647094\n|start\n|switch|p1a: Sableye|Sableye, L50, F|100\/100\n|switch|p1b: Espathra|Espathra, L50, F|100\/100\n|switch|p2a: Empoleon|Empoleon, L50, F|100\/100\n|switch|p2b: Landorus|Landorus-Therian, L50, M|100\/100\n|-ability|p2b: Landorus|Intimidate|boost\n|-unboost|p1a: Sableye|atk|1\n|-unboost|p1b: Espathra|atk|1\n|turn|1\n|inactive|Battle timer is ON: inactive players will automatically lose when time's up. (requested by Open00)\n|\n|t:|1699647112\n|move|p1a: Sableye|Gravity|p1a: Sableye\n|-fieldstart|move: Gravity\n|move|p2b: Landorus|U-turn|p1b: Espathra\n|-supereffective|p1b: Espathra\n|-damage|p1b: Espathra|31\/100\n|\n|t:|1699647116\n|switch|p2b: Iron Hands|Iron Hands, L50|100\/100|[from] U-turn\n|move|p1b: Espathra|Hypnosis|p2b: Iron Hands\n|-status|p2b: Iron Hands|slp|[from] move: Hypnosis\n|move|p2a: Empoleon|Yawn|p1a: Sableye\n|-start|p1a: Sableye|move: Yawn|[of] p2a: Empoleon\n|\n|-ability|p1b: Espathra|Speed Boost|boost\n|-boost|p1b: Espathra|spe|1\n|upkeep\n|turn|2\n|\n|t:|1699647129\n|switch|p1a: Landorus|Landorus, L50, M|100\/100\n|move|p2a: Empoleon|Protect|p2a: Empoleon\n|-singleturn|p2a: Empoleon|Protect\n|cant|p2b: Iron Hands|slp\n|move|p1b: Espathra|Hypnosis|p2a: Empoleon\n|-activate|p2a: Empoleon|move: Protect\n|\n|-ability|p1b: Espathra|Speed Boost|boost\n|-boost|p1b: Espathra|spe|1\n|upkeep\n|turn|3\n|\n|t:|1699647144\n|-terastallize|p1a: Landorus|Ground\n|cant|p2b: Iron Hands|slp\n|move|p1b: Espathra|Hypnosis|p2a: Empoleon\n|-status|p2a: Empoleon|slp|[from] move: Hypnosis\n|move|p1a: Landorus|Sandsear Storm|p2b: Iron Hands|[spread] p2a,p2b\n|-supereffective|p2a: Empoleon\n|-supereffective|p2b: Iron Hands\n|-damage|p2a: Empoleon|0 fnt\n|-damage|p2b: Iron Hands|7\/100 slp\n|faint|p2a: Empoleon\n|\n|-ability|p1b: Espathra|Speed Boost|boost\n|-boost|p1b: Espathra|spe|1\n|upkeep\n|\n|t:|1699647156\n|switch|p2a: Chien-Pao|Chien-Pao, L50|100\/100\n|-ability|p2a: Chien-Pao|Sword of Ruin\n|turn|4\n|\n|t:|1699647176\n|-curestatus|p2b: Iron Hands|slp|[msg]\n|move|p2b: Iron Hands|Fake Out||[still]\n|-hint|Fake Out only works on your first turn out.\n|-fail|p2b: Iron Hands\n|move|p1b: Espathra|Hypnosis|p2a: Chien-Pao\n|-status|p2a: Chien-Pao|slp|[from] move: Hypnosis\n|cant|p2a: Chien-Pao|slp\n|move|p1a: Landorus|Sandsear Storm|p2b: Iron Hands|[spread] p2a,p2b\n|-supereffective|p2b: Iron Hands\n|-enditem|p2a: Chien-Pao|Focus Sash\n|-damage|p2a: Chien-Pao|1\/100 slp\n|-damage|p2b: Iron Hands|0 fnt\n|faint|p2b: Iron Hands\n|-end|p2b: Iron Hands|Quark Drive|[silent]\n|\n|-ability|p1b: Espathra|Speed Boost|boost\n|-boost|p1b: Espathra|spe|1\n|upkeep\n|c|\u2606Wildbomb|this is actually os fucking annoying\n|inactive|Wildbomb has 30 seconds left.\n|c|\u2606Wildbomb|i didnt realize things worked like this and i actually wanna die but ggs i guess\n|\n|t:|1699647210\n|switch|p2b: Landorus|Landorus-Therian, L50, M|100\/100\n|-ability|p2b: Landorus|Intimidate|boost\n|-unboost|p1a: Landorus|atk|1\n|-unboost|p1b: Espathra|atk|1\n|turn|5\n|\n|t:|1699647227\n|-terastallize|p2b: Landorus|Flying\n|move|p1b: Espathra|Hypnosis|p2b: Landorus\n|-status|p2b: Landorus|slp|[from] move: Hypnosis\n|cant|p2b: Landorus|slp\n|-curestatus|p2a: Chien-Pao|slp|[msg]\n|move|p2a: Chien-Pao|Throat Chop|p1b: Espathra\n|-supereffective|p1b: Espathra\n|-damage|p1b: Espathra|0 fnt\n|faint|p1b: Espathra\n|move|p1a: Landorus|Sandsear Storm|p2a: Chien-Pao|[spread] p2a,p2b\n|-damage|p2a: Chien-Pao|0 fnt\n|-damage|p2b: Landorus|3\/100 slp\n|faint|p2a: Chien-Pao\n|\n|-fieldend|move: Gravity\n|upkeep\n|n|!Wildbomb|wildbomb\n|\n|t:|1699647241\n|switch|p1b: Iron Bundle|Iron Bundle, L50|100\/100\n|turn|6\n|inactive|Wildbomb has 30 seconds left.\n|inactive|Wildbomb has 20 seconds left.\n|inactive|Wildbomb has 15 seconds left.\n|inactive|Wildbomb has 10 seconds left.\n|inactive|Wildbomb has 5 seconds left.\n|c|\u2606Open00|I'm sorry for this team\n|\n|t:|1699647296\n|cant|p2b: Landorus|slp\n|move|p1b: Iron Bundle|Freeze-Dry|p2b: Landorus\n|-supereffective|p2b: Landorus\n|-damage|p2b: Landorus|0 fnt\n|faint|p2b: Landorus\n|\n|win|Open00\n|raw|Open00's rating: 1457 &rarr; <strong>1478<\/strong><br \/>(+21 for winning)\n|raw|Wildbomb's rating: 1468 &rarr; <strong>1447<\/strong><br \/>(-21 for losing)\n","uploadtime":1699647235,"views":15,"p1id":"open00","p2id":"wildbomb","formatid":"gen9vgc2023regulatione","rating":1447,"private":0,"password":""}