{"id":"gen9vgc2023regulatione-1994697023","p1":"crace1345","p2":"Gaboswampert","format":"[Gen 9] VGC 2023 Regulation E","log":"|j|\u2606crace1345\n|j|\u2606Gaboswampert\n|t:|1700482491\n|gametype|doubles\n|player|p1|crace1345|dawn|\n|player|p2|Gaboswampert|psychic-lgpe|\n|teamsize|p1|6\n|teamsize|p2|6\n|gen|9\n|tier|[Gen 9] VGC 2023 Regulation E\n|rule|Species Clause: Limit one of each Pok\u00e9mon\n|rule|Item Clause: Limit one of each item\n|clearpoke\n|poke|p1|Rillaboom, L50, F|\n|poke|p1|Ogerpon-Wellspring, L50, F|\n|poke|p1|Chien-Pao, L50|\n|poke|p1|Flutter Mane, L50|\n|poke|p1|Zapdos-Galar, L50|\n|poke|p1|Arcanine-Hisui, L50, F|\n|poke|p2|Ogerpon-Wellspring, L50, F|\n|poke|p2|Tornadus, L50, M|\n|poke|p2|Salamence, L50, M|\n|poke|p2|Flutter Mane, L50|\n|poke|p2|Iron Hands, L50|\n|poke|p2|Kingambit, L50, F|\n|teampreview|4\nGaboswampert has agreed to open team sheets.\n|c|\u2606Gaboswampert|El teamsheets\n|c|\u2606Gaboswampert|Carlos\ncrace1345 has agreed to open team sheets.\n|showteam|p1|Rillaboom||MeadowPlate|GrassySurge|GrassyGlide,FakeOut,WoodHammer,Taunt|||F|||50|,,,,,Steel]Ogerpon-Wellspring||WellspringMask|WaterAbsorb|IvyCudgel,HornLeech,FollowMe,SpikyShield|||F|||50|,,,,,Water]Chien-Pao||FocusSash|SwordofRuin|SuckerPunch,IcicleCrash,SacredSword,Protect||||||50|,,,,,Ghost]Flutter Mane||ChoiceSpecs|Protosynthesis|ShadowBall,DazzlingGleam,Moonblast,PowerGem||||||50|,,,,,Fairy]Zapdos-Galar||ChoiceScarf|Defiant|BraveBird,ThunderousKick,KnockOff,CloseCombat||||||50|,,,,,Ghost]Arcanine-Hisui||SitrusBerry|Intimidate|RockSlide,FlareBlitz,ExtremeSpeed,WillOWisp|||F|||50|,,,,,Water\n|showteam|p2|Ogerpon-Wellspring||WellspringMask|WaterAbsorb|SwordsDance,IvyCudgel,HornLeech,SpikyShield|||F|||50|,,,,,Water]Tornadus||CovertCloak|Prankster|Tailwind,Taunt,BleakwindStorm,Protect|||M|||50|,,,,,Grass]Salamence||Leftovers|Intimidate|DracoMeteor,Hurricane,Roost,Protect|||M|||50|,,,,,Poison]Flutter Mane||ChoiceScarf|Protosynthesis|DazzlingGleam,Moonblast,ShadowBall,Psyshock||||||50|,,,,,Fairy]Iron Hands||AssaultVest|QuarkDrive|WildCharge,FakeOut,HeavySlam,VoltSwitch||||||50|,,,,,Flying]Kingambit||LumBerry|Defiant|Protect,KowtowCleave,SuckerPunch,IronHead|||F|||50|,,,,,Flying\n|l|\u2606crace1345\n|player|p1|\n|j|\u2606crace1345\n|player|p1|crace1345|dawn\n|\n|t:|1700482701\n|start\n|switch|p1a: Zapdos|Zapdos-Galar, L50|100\/100\n|switch|p1b: Chien-Pao|Chien-Pao, L50|100\/100\n|switch|p2a: Iron Hands|Iron Hands, L50|100\/100\n|switch|p2b: Ogerpon|Ogerpon-Wellspring, L50, F|100\/100\n|-ability|p1b: Chien-Pao|Sword of Ruin\n|turn|1\n|\n|t:|1700482774\n|switch|p1a: Arcanine|Arcanine-Hisui, L50, F|100\/100\n|-ability|p1a: Arcanine|Intimidate|boost\n|-unboost|p2a: Iron Hands|atk|1\n|-unboost|p2b: Ogerpon|atk|1\n|move|p1b: Chien-Pao|Protect|p1b: Chien-Pao\n|-singleturn|p1b: Chien-Pao|Protect\n|move|p2b: Ogerpon|Spiky Shield|p2b: Ogerpon\n|-singleturn|p2b: Ogerpon|move: Protect\n|move|p2a: Iron Hands|Volt Switch|p1b: Chien-Pao\n|-activate|p1b: Chien-Pao|move: Protect\n|\n|upkeep\n|turn|2\n|\n|t:|1700482795\n|-terastallize|p1a: Arcanine|Water\n|move|p1b: Chien-Pao|Sacred Sword|p2a: Iron Hands\n|-damage|p2a: Iron Hands|69\/100\n|move|p2b: Ogerpon|Ivy Cudgel|p1a: Arcanine|[anim] Ivy Cudgel Water\n|-resisted|p1a: Arcanine\n|-damage|p1a: Arcanine|76\/100\n|move|p1a: Arcanine|Will-O-Wisp|p2b: Ogerpon\n|-status|p2b: Ogerpon|brn\n|move|p2a: Iron Hands|Volt Switch|p1b: Chien-Pao\n|-damage|p1b: Chien-Pao|81\/100\n|\n|t:|1700482818\n|-end|p2a: Iron Hands|Quark Drive|[silent]\n|switch|p2a: Flutter Mane|Flutter Mane, L50|100\/100|[from] Volt Switch\n|\n|-damage|p2b: Ogerpon|95\/100 brn|[from] brn\n|upkeep\n|turn|3\n|\n|t:|1700482859\n|-terastallize|p2a: Flutter Mane|Fairy\n|move|p1b: Chien-Pao|Protect|p1b: Chien-Pao\n|-singleturn|p1b: Chien-Pao|Protect\n|move|p2a: Flutter Mane|Moonblast|p1a: Arcanine\n|-damage|p1a: Arcanine|2\/100\n|-unboost|p1a: Arcanine|spa|1\n|-enditem|p1a: Arcanine|Sitrus Berry|[eat]\n|-heal|p1a: Arcanine|27\/100|[from] item: Sitrus Berry\n|move|p2b: Ogerpon|Swords Dance|p2b: Ogerpon\n|-boost|p2b: Ogerpon|atk|2\n|move|p1a: Arcanine|Rock Slide|p2b: Ogerpon|[spread] p2a,p2b\n|-damage|p2a: Flutter Mane|24\/100\n|-damage|p2b: Ogerpon|52\/100 brn\n|\n|-damage|p2b: Ogerpon|47\/100 brn|[from] brn\n|upkeep\n|turn|4\n|\n|t:|1700482884\n|move|p1a: Arcanine|Extreme Speed|p2b: Ogerpon\n|-damage|p2b: Ogerpon|6\/100 brn\n|move|p1b: Chien-Pao|Sucker Punch|p2a: Flutter Mane\n|-resisted|p2a: Flutter Mane\n|-damage|p2a: Flutter Mane|0 fnt\n|faint|p2a: Flutter Mane\n|-end|p2a: Flutter Mane|Protosynthesis|[silent]\n|move|p2b: Ogerpon|Horn Leech|p1a: Arcanine\n|-supereffective|p1a: Arcanine\n|-damage|p1a: Arcanine|0 fnt\n|-heal|p2b: Ogerpon|24\/100 brn|[from] drain|[of] p1a: Arcanine\n|faint|p1a: Arcanine\n|\n|-damage|p2b: Ogerpon|18\/100 brn|[from] brn\n|upkeep\n|\n|t:|1700482903\n|switch|p2a: Iron Hands|Iron Hands, L50|69\/100\n|switch|p1a: Maxichango|Rillaboom, L50, F|100\/100\n|-fieldstart|move: Grassy Terrain|[from] ability: Grassy Surge|[of] p1a: Maxichango\n|turn|5\n|\n|t:|1700482973\n|move|p2b: Ogerpon|Spiky Shield|p2b: Ogerpon\n|-singleturn|p2b: Ogerpon|move: Protect\n|move|p1a: Maxichango|Fake Out|p2a: Iron Hands\n|-damage|p2a: Iron Hands|54\/100\n|move|p1b: Chien-Pao|Sucker Punch||[still]\n|-fail|p1b: Chien-Pao\n|cant|p2a: Iron Hands|flinch\n|\n|-heal|p1b: Chien-Pao|87\/100|[from] Grassy Terrain\n|-heal|p2b: Ogerpon|24\/100 brn|[from] Grassy Terrain\n|-heal|p2a: Iron Hands|60\/100|[from] Grassy Terrain\n|-damage|p2b: Ogerpon|18\/100 brn|[from] brn\n|upkeep\n|turn|6\n|\n|t:|1700483011\n|move|p1b: Chien-Pao|Sucker Punch|p2b: Ogerpon\n|-damage|p2b: Ogerpon|0 fnt\n|faint|p2b: Ogerpon\n|move|p1a: Maxichango|Wood Hammer|p2a: Iron Hands\n|-damage|p2a: Iron Hands|0 fnt\n|faint|p2a: Iron Hands\n|-end|p2a: Iron Hands|Quark Drive|[silent]\n|-damage|p1a: Maxichango|78\/100|[from] Recoil\n|\n|-heal|p1b: Chien-Pao|93\/100|[from] Grassy Terrain\n|-heal|p1a: Maxichango|84\/100|[from] Grassy Terrain\n|upkeep\n|\n|t:|1700483019\n|switch|p2a: Tornadus|Tornadus, L50, M|100\/100\n|turn|7\n|\n|t:|1700483033\n|move|p1a: Maxichango|Grassy Glide|p2a: Tornadus\n|-resisted|p2a: Tornadus\n|-damage|p2a: Tornadus|72\/100\n|move|p1b: Chien-Pao|Icicle Crash|p2a: Tornadus\n|-supereffective|p2a: Tornadus\n|-damage|p2a: Tornadus|0 fnt\n|faint|p2a: Tornadus\n|\n|win|crace1345\n|c|\u2606crace1345|Facil\n|c|\u2606crace1345|Gg\n|l|\u2606Gaboswampert\n","uploadtime":1700483047,"views":5,"p1id":"crace1345","p2id":"gaboswampert","formatid":"gen9vgc2023regulatione","rating":0,"private":0,"password":""}