{"id":"gen9vgc2023regulatione-1992352148","p1":"Slimpmega","p2":"fireupfire","format":"[Gen 9] VGC 2023 Regulation E","log":"|j|\u2606Slimpmega\n|j|\u2606fireupfire\n|t:|1700177716\n|gametype|doubles\n|player|p1|Slimpmega|102|1084\n|player|p2|fireupfire|266|1000\n|teamsize|p1|6\n|teamsize|p2|6\n|gen|9\n|tier|[Gen 9] VGC 2023 Regulation E\n|rated|\n|rule|Species Clause: Limit one of each Pok\u00e9mon\n|rule|Item Clause: Limit one of each item\n|clearpoke\n|poke|p1|Flutter Mane, L50|\n|poke|p1|Rillaboom, L50, F|\n|poke|p1|Iron Bundle, L50|\n|poke|p1|Ogerpon-Hearthflame, L50, F|\n|poke|p1|Landorus-Therian, L50, M|\n|poke|p1|Iron Hands, L50|\n|poke|p2|Avalugg-Hisui, L50, F|\n|poke|p2|Ninetales-Alola, L50, F|\n|poke|p2|Baxcalibur, L50, M|\n|poke|p2|Ting-Lu, L50|\n|poke|p2|Ogerpon-Wellspring, L50, F|\n|poke|p2|Cetitan, L50, M|\n|teampreview|4\nfireupfire has agreed to open team sheets.\n|inactive|Battle timer is ON: inactive players will automatically lose when time's up. (requested by fireupfire)\n|\n|t:|1700177752\n|start\n|switch|p1a: Iron Hands|Iron Hands, L50|100\/100\n|switch|p1b: Ogerpon|Ogerpon-Hearthflame, L50, F|100\/100\n|switch|p2a: Ninetales|Ninetales-Alola, L50, F|100\/100\n|switch|p2b: Avalugg|Avalugg-Hisui, L50, F, shiny|100\/100\n|-weather|Snow|[from] ability: Snow Warning|[of] p2a: Ninetales\n|-ability|p1b: Ogerpon|Mold Breaker\n|turn|1\n|inactive|fireupfire has 30 seconds left.\n|\n|t:|1700177781\n|move|p1a: Iron Hands|Fake Out|p2b: Avalugg\n|-resisted|p2b: Avalugg\n|-damage|p2b: Avalugg|98\/100\n|move|p2a: Ninetales|Aurora Veil|p2a: Ninetales\n|-sidestart|p2: fireupfire|move: Aurora Veil\n|move|p1b: Ogerpon|Swords Dance|p1b: Ogerpon\n|-boost|p1b: Ogerpon|atk|2\n|cant|p2b: Avalugg|flinch\n|\n|-weather|Snow|[upkeep]\n|-heal|p2b: Avalugg|100\/100|[from] ability: Ice Body\n|upkeep\n|turn|2\n|\n|t:|1700177804\n|move|p1b: Ogerpon|Spiky Shield|p1b: Ogerpon\n|-singleturn|p1b: Ogerpon|move: Protect\n|move|p2a: Ninetales|Disable|p1b: Ogerpon\n|-activate|p1b: Ogerpon|move: Protect\n|move|p1a: Iron Hands|Heavy Slam|p2a: Ninetales\n|-supereffective|p2a: Ninetales\n|-crit|p2a: Ninetales\n|-damage|p2a: Ninetales|0 fnt\n|faint|p2a: Ninetales\n|move|p2b: Avalugg|Rock Slide|p1b: Ogerpon|[spread] p1a\n|-activate|p1b: Ogerpon|move: Protect\n|-resisted|p1a: Iron Hands\n|-damage|p1a: Iron Hands|92\/100\n|\n|-weather|Snow|[upkeep]\n|upkeep\n|\n|t:|1700177821\n|switch|p2a: Cetitan|Cetitan, L50, M, shiny|100\/100\n|turn|3\n|inactive|fireupfire has 30 seconds left.\n|\n|t:|1700177849\n|switch|p2b: Baxcalibur|Baxcalibur, L50, M, shiny|100\/100\n|-terastallize|p2a: Cetitan|Water\n|-terastallize|p1b: Ogerpon|Fire\n|detailschange|p1b: Ogerpon|Ogerpon-Hearthflame-Tera, L50, F, tera:Fire\n|-ability|p1b: Ogerpon|Embody Aspect (Hearthflame)|boost\n|-boost|p1b: Ogerpon|atk|1\n|move|p2a: Cetitan|Belly Drum|p2a: Cetitan\n|-damage|p2a: Cetitan|51\/100\n|-setboost|p2a: Cetitan|atk|6|[from] move: Belly Drum\n|move|p1b: Ogerpon|Ivy Cudgel|p2a: Cetitan|[anim] Ivy Cudgel Fire\n|-resisted|p2a: Cetitan\n|-damage|p2a: Cetitan|0 fnt\n|faint|p2a: Cetitan\n|move|p1a: Iron Hands|Wild Charge|p2b: Baxcalibur\n|-resisted|p2b: Baxcalibur\n|-damage|p2b: Baxcalibur|88\/100\n|-damage|p1a: Iron Hands|89\/100|[from] Recoil\n|\n|-weather|Snow|[upkeep]\n|upkeep\n|\n|t:|1700177867\n|switch|p2a: Avalugg|Avalugg-Hisui, L50, F, shiny|100\/100\n|turn|4\n|\n|t:|1700177882\n|-end|p1a: Iron Hands|Quark Drive|[silent]\n|switch|p1a: Landorus|Landorus-Therian, L50, M|100\/100\n|-ability|p1a: Landorus|Intimidate|boost\n|-unboost|p2a: Avalugg|atk|1\n|-unboost|p2b: Baxcalibur|atk|1\n|move|p2b: Baxcalibur|Scale Shot|p1b: Ogerpon\n|-crit|p1b: Ogerpon\n|-damage|p1b: Ogerpon|74\/100\n|-damage|p1b: Ogerpon|63\/100\n|-damage|p1b: Ogerpon|52\/100\n|-damage|p1b: Ogerpon|39\/100\n|-hitcount|p1b: Ogerpon|4\n|-unboost|p2b: Baxcalibur|def|1\n|-boost|p2b: Baxcalibur|spe|1\n|move|p1b: Ogerpon|Ivy Cudgel|p2b: Baxcalibur|[anim] Ivy Cudgel Fire\n|-damage|p2b: Baxcalibur|0 fnt\n|faint|p2b: Baxcalibur\n|move|p2a: Avalugg|Body Press|p1a: Landorus\n|-resisted|p1a: Landorus\n|-damage|p1a: Landorus|78\/100\n|\n|-weather|Snow|[upkeep]\n|upkeep\n|turn|5\n|-message|fireupfire forfeited.\n|\n|win|Slimpmega\n|raw|Slimpmega's rating: 1084 &rarr; <strong>1105<\/strong><br \/>(+21 for winning)\n|raw|fireupfire's rating: 1000 &rarr; <strong>1000<\/strong><br \/>(+0 for losing)\n|l|\u2606fireupfire\n","uploadtime":1700177916,"views":12,"p1id":"slimpmega","p2id":"fireupfire","formatid":"gen9vgc2023regulatione","rating":1000,"private":0,"password":""}