{"id":"gen9vgc2023regulatione-1998643649","p1":"Prf.Anu","p2":"Raiiiiiijin","format":"[Gen 9] VGC 2023 Regulation E","log":"|j|\u2606Prf.Anu\n|j|\u2606Raiiiiiijin\n|t:|1700966777\n|gametype|doubles\n|player|p1|Prf.Anu|unknown|1178\n|player|p2|Raiiiiiijin|265|1065\n|teamsize|p1|6\n|teamsize|p2|6\n|gen|9\n|tier|[Gen 9] VGC 2023 Regulation E\n|rated|\n|rule|Species Clause: Limit one of each Pok\u00e9mon\n|rule|Item Clause: Limit one of each item\n|clearpoke\n|poke|p1|Ogerpon-Wellspring, L50, F|\n|poke|p1|Heatran, L50, F|\n|poke|p1|Armarouge, L50, M|\n|poke|p1|Flutter Mane, L50|\n|poke|p1|Indeedee-F, L50, F|\n|poke|p1|Tornadus, L50, M|\n|poke|p2|Lilligant, L50, F|\n|poke|p2|Torkoal, L50, M|\n|poke|p2|Dragapult, L50, M|\n|poke|p2|Hawlucha, L50, M|\n|poke|p2|Indeedee-F, L50, F|\n|poke|p2|Corviknight, L50, F|\n|teampreview|4\n|inactive|Battle timer is ON: inactive players will automatically lose when time's up. (requested by Prf.Anu)\nPrf.Anu rejected open team sheets.\n|inactive|Prf.Anu has 60 seconds left.\n|inactive|Raiiiiiijin has 60 seconds left.\n|\n|t:|1700966823\n|start\n|switch|p1a: Indeedee|Indeedee-F, L50, F, shiny|100\/100\n|switch|p1b: Tornadus|Tornadus, L50, M, shiny|100\/100\n|switch|p2a: Dragapult|Dragapult, L50, M|100\/100\n|switch|p2b: Indeedee|Indeedee-F, L50, F|100\/100\n|-fieldstart|move: Psychic Terrain|[from] ability: Psychic Surge|[of] p1a: Indeedee\n|turn|1\n|\n|t:|1700966844\n|move|p2a: Dragapult|Thunder Wave|p1b: Tornadus\n|-status|p1b: Tornadus|par\n|move|p1a: Indeedee|Psychic|p2b: Indeedee\n|-resisted|p2b: Indeedee\n|-damage|p2b: Indeedee|86\/100\n|-unboost|p2b: Indeedee|spd|1\n|move|p2b: Indeedee|Psychic|p1b: Tornadus\n|-damage|p1b: Tornadus|50\/100 par\n|move|p1b: Tornadus|Bleakwind Storm|p2b: Indeedee|[spread] p2a,p2b\n|-damage|p2a: Dragapult|60\/100\n|-damage|p2b: Indeedee|43\/100\n|\n|upkeep\n|turn|2\n|\n|t:|1700966865\n|move|p1a: Indeedee|Follow Me|p1a: Indeedee\n|-singleturn|p1a: Indeedee|move: Follow Me\n|move|p1b: Tornadus|Tailwind|p1b: Tornadus\n|-sidestart|p1: Prf.Anu|move: Tailwind\n|move|p2a: Dragapult|Draco Meteor|p1a: Indeedee\n|-damage|p1a: Indeedee|59\/100\n|-unboost|p2a: Dragapult|spa|2\n|move|p2b: Indeedee|Psychic|p1a: Indeedee\n|-resisted|p1a: Indeedee\n|-crit|p1a: Indeedee\n|-damage|p1a: Indeedee|36\/100\n|\n|-heal|p1a: Indeedee|42\/100|[from] item: Leftovers\n|upkeep\n|turn|3\n|inactive|Raiiiiiijin has 30 seconds left.\n|inactive|Raiiiiiijin has 20 seconds left.\n|\n|t:|1700966900\n|move|p2a: Dragapult|Thunder Wave|p1a: Indeedee\n|-status|p1a: Indeedee|par\n|move|p1b: Tornadus|Bleakwind Storm|p2a: Dragapult|[spread] p2a,p2b\n|-damage|p2a: Dragapult|19\/100\n|-damage|p2b: Indeedee|6\/100\n|-unboost|p2a: Dragapult|spe|1\n|-unboost|p2b: Indeedee|spe|1\n|move|p1a: Indeedee|Psychic|p2a: Dragapult\n|-damage|p2a: Dragapult|0 fnt\n|faint|p2a: Dragapult\n|move|p2b: Indeedee|Psychic|p1b: Tornadus\n|-damage|p1b: Tornadus|4\/100 par\n|\n|-heal|p1a: Indeedee|48\/100 par|[from] item: Leftovers\n|upkeep\n|\n|t:|1700966916\n|switch|p2a: Hawlucha|Hawlucha, L50, M|100\/100\n|-enditem|p2a: Hawlucha|Psychic Seed\n|-boost|p2a: Hawlucha|spd|1|[from] item: Psychic Seed\n|turn|4\n|inactive|Raiiiiiijin has 30 seconds left.\n|inactive|Raiiiiiijin has 20 seconds left.\n|inactive|Raiiiiiijin has 15 seconds left.\n|inactive|Raiiiiiijin has 10 seconds left.\n|\n|t:|1700966963\n|-terastallize|p2a: Hawlucha|Electric\n|move|p1a: Indeedee|Follow Me|p1a: Indeedee\n|-singleturn|p1a: Indeedee|move: Follow Me\n|move|p2a: Hawlucha|Thunder Punch|p1a: Indeedee\n|-damage|p1a: Indeedee|8\/100 par\n|move|p1b: Tornadus|Bleakwind Storm|p2b: Indeedee|[spread] p2a,p2b\n|-resisted|p2a: Hawlucha\n|-damage|p2a: Hawlucha|79\/100\n|-damage|p2b: Indeedee|0 fnt\n|-unboost|p2a: Hawlucha|spe|1\n|faint|p2b: Indeedee\n|\n|-heal|p1a: Indeedee|14\/100 par|[from] item: Leftovers\n|upkeep\n|\n|t:|1700966978\n|switch|p2b: Corviknight|Corviknight, L50, F|100\/100\n|turn|5\n|\n|t:|1700967000\n|move|p1a: Indeedee|Protect|p1a: Indeedee\n|-singleturn|p1a: Indeedee|Protect\n|move|p1b: Tornadus|Taunt|p2b: Corviknight\n|-start|p2b: Corviknight|move: Taunt\n|move|p2a: Hawlucha|Thunder Punch|p1b: Tornadus\n|-supereffective|p1b: Tornadus\n|-damage|p1b: Tornadus|0 fnt\n|faint|p1b: Tornadus\n|move|p2b: Corviknight|Brave Bird|p1a: Indeedee\n|-activate|p1a: Indeedee|move: Protect\n|\n|-heal|p1a: Indeedee|20\/100 par|[from] item: Leftovers\n|-sideend|p1: Prf.Anu|move: Tailwind\n|-fieldend|move: Psychic Terrain\n|upkeep\n|\n|t:|1700967019\n|switch|p1b: Armarouge|Armarouge, L50, M, shiny|100\/100\n|turn|6\n|\n|t:|1700967041\n|switch|p1a: Flutter Mane|Flutter Mane, L50, shiny|100\/100\n|-enditem|p1a: Flutter Mane|Booster Energy\n|-activate|p1a: Flutter Mane|ability: Protosynthesis|[fromitem]\n|-start|p1a: Flutter Mane|protosynthesisspa\n|move|p1b: Armarouge|Protect|p1b: Armarouge\n|-singleturn|p1b: Armarouge|Protect\n|move|p2a: Hawlucha|Brave Bird|p1b: Armarouge\n|-activate|p1b: Armarouge|move: Protect\n|move|p2b: Corviknight|Brave Bird|p1b: Armarouge\n|-activate|p1b: Armarouge|move: Protect\n|\n|upkeep\n|turn|7\n|\n|t:|1700967065\n|switch|p1b: Indeedee|Indeedee-F, L50, F, shiny|20\/100 par\n|-fieldstart|move: Psychic Terrain|[from] ability: Psychic Surge|[of] p1b: Indeedee\n|move|p1a: Flutter Mane|Protect|p1a: Flutter Mane\n|-singleturn|p1a: Flutter Mane|Protect\n|move|p2a: Hawlucha|Brave Bird|p1a: Flutter Mane\n|-activate|p1a: Flutter Mane|move: Protect\n|move|p2b: Corviknight|Brave Bird|p1a: Flutter Mane\n|-activate|p1a: Flutter Mane|move: Protect\n|\n|-heal|p1b: Indeedee|26\/100 par|[from] item: Leftovers\n|-end|p2b: Corviknight|move: Taunt\n|upkeep\n|turn|8\n|\n|t:|1700967090\n|move|p1b: Indeedee|Follow Me|p1b: Indeedee\n|-singleturn|p1b: Indeedee|move: Follow Me\n|move|p2a: Hawlucha|Brave Bird|p1b: Indeedee\n|-damage|p1b: Indeedee|0 fnt\n|faint|p1b: Indeedee\n|-damage|p2a: Hawlucha|70\/100|[from] Recoil\n|move|p1a: Flutter Mane|Thunderbolt|p2b: Corviknight\n|-supereffective|p2b: Corviknight\n|-damage|p2b: Corviknight|11\/100\n|-status|p2b: Corviknight|par\n|move|p2b: Corviknight|Brave Bird|p1a: Flutter Mane\n|-damage|p1a: Flutter Mane|24\/100\n|-damage|p2b: Corviknight|0 fnt|[from] Recoil\n|faint|p2b: Corviknight\n|\n|upkeep\n|\n|t:|1700967096\n|switch|p1b: Armarouge|Armarouge, L50, M, shiny|100\/100\n|turn|9\n|\n|t:|1700967117\n|-terastallize|p1b: Armarouge|Psychic\n|move|p2a: Hawlucha|Brave Bird|p1b: Armarouge\n|-damage|p1b: Armarouge|37\/100\n|-damage|p2a: Hawlucha|48\/100|[from] Recoil\n|move|p1a: Flutter Mane|Pain Split|p2a: Hawlucha\n|-sethp|p2a: Hawlucha|34\/100|[from] move: Pain Split|[silent]\n|-sethp|p1a: Flutter Mane|40\/100|[from] move: Pain Split\n|move|p1b: Armarouge|Expanding Force|p2a: Hawlucha\n|-crit|p2a: Hawlucha\n|-damage|p2a: Hawlucha|0 fnt\n|faint|p2a: Hawlucha\n|\n|win|Prf.Anu\n|raw|Prf.Anu's rating: 1178 &rarr; <strong>1195<\/strong><br \/>(+17 for winning)\n|raw|Raiiiiiijin's rating: 1065 &rarr; <strong>1051<\/strong><br \/>(-14 for losing)\n|l|\u2606Raiiiiiijin\n","uploadtime":1700967138,"views":1,"p1id":"prfanu","p2id":"raiiiiiijin","formatid":"gen9vgc2023regulatione","rating":1051,"private":0,"password":""}