{"id":"gen9vgc2023regulatione-1998244218","p1":"bigbranonbampus","p2":"Aranciano","format":"[Gen 9] VGC 2023 Regulation E","log":"|j|\u2606bigbranonbampus\n|j|\u2606Aranciano\n|t:|1700918922\n|gametype|doubles\n|player|p1|bigbranonbampus|hiker|1077\n|player|p2|Aranciano|1|1136\n|teamsize|p1|6\n|teamsize|p2|6\n|gen|9\n|tier|[Gen 9] VGC 2023 Regulation E\n|rated|\n|rule|Species Clause: Limit one of each Pok\u00e9mon\n|rule|Item Clause: Limit one of each item\n|clearpoke\n|poke|p1|Urshifu-*, L50, F|\n|poke|p1|Arcanine-Hisui, L50, F|\n|poke|p1|Iron Hands, L50|\n|poke|p1|Amoonguss, L50, M|\n|poke|p1|Chien-Pao, L50|\n|poke|p1|Kingambit, L50, M|\n|poke|p2|Camerupt, L50, M|\n|poke|p2|Carbink, L50|\n|poke|p2|Inteleon, L50, F|\n|poke|p2|Volcarona, L50, M|\n|poke|p2|Baxcalibur, L50, M|\n|poke|p2|Meowscarada, L50, F|\n|teampreview|4\n|inactive|Battle timer is ON: inactive players will automatically lose when time's up. (requested by bigbranonbampus)\n|inactive|Aranciano has 60 seconds left.\n|\n|t:|1700918961\n|start\n|switch|p1a: Arcanine|Arcanine-Hisui, L50, F|100\/100\n|switch|p1b: Kingambit|Kingambit, L50, M|100\/100\n|switch|p2a: Inteleon|Inteleon, L50, F|100\/100\n|switch|p2b: Meowscarada|Meowscarada, L50, F|100\/100\n|-ability|p1a: Arcanine|Intimidate|boost\n|-unboost|p2a: Inteleon|atk|1\n|-unboost|p2b: Meowscarada|atk|1\n|turn|1\n|\n|t:|1700918979\n|move|p1b: Kingambit|Protect|p1b: Kingambit\n|-singleturn|p1b: Kingambit|Protect\n|move|p2b: Meowscarada|Grass Pledge|p1a: Arcanine\n|-waiting|p2b: Meowscarada|p2a: Inteleon\n|move|p2a: Inteleon|Water Pledge|p1a: Arcanine|[from]move: Grass Pledge\n|-combine\n|-enditem|p1a: Arcanine|Focus Sash\n|-damage|p1a: Arcanine|1\/100\n|-sidestart|p1: bigbranonbampus|Grass Pledge\n|move|p1a: Arcanine|Howl|p1a: Arcanine|[spread] p1a,p1b\n|-boost|p1a: Arcanine|atk|1\n|-boost|p1b: Kingambit|atk|1\n|\n|upkeep\n|turn|2\n|inactive|bigbranonbampus has 30 seconds left.\n|inactive|Aranciano has 30 seconds left.\n|\n|t:|1700919008\n|move|p1a: Arcanine|Extreme Speed|p2b: Meowscarada\n|-damage|p2b: Meowscarada|36\/100\n|move|p1b: Kingambit|Sucker Punch|p2a: Inteleon\n|-damage|p2a: Inteleon|0 fnt\n|faint|p2a: Inteleon\n|move|p2b: Meowscarada|Knock Off|p1b: Kingambit\n|-start|p2b: Meowscarada|typechange|Dark|[from] ability: Protean\n|-resisted|p1b: Kingambit\n|-damage|p1b: Kingambit|90\/100\n|-enditem|p1b: Kingambit|Leftovers|[from] move: Knock Off|[of] p2b: Meowscarada\n|\n|upkeep\n|\n|t:|1700919027\n|switch|p2a: Tiffany|Carbink, L50, shiny|100\/100\n|turn|3\n|\n|t:|1700919048\n|move|p2b: Meowscarada|Protect|p2b: Meowscarada\n|-singleturn|p2b: Meowscarada|Protect\n|move|p1a: Arcanine|Extreme Speed|p2b: Meowscarada\n|-activate|p2b: Meowscarada|move: Protect\n|move|p2a: Tiffany|Body Press|p1b: Kingambit\n|-supereffective|p1b: Kingambit\n|-damage|p1b: Kingambit|0 fnt\n|faint|p1b: Kingambit\n|\n|upkeep\n|\n|t:|1700919064\n|switch|p1b: Chien-Pao|Chien-Pao, L50|100\/100\n|-ability|p1b: Chien-Pao|Sword of Ruin\n|turn|4\n|inactive|Aranciano has 30 seconds left.\n|\n|t:|1700919091\n|switch|p2b: Volcarona|Volcarona, L50, M|100\/100\n|-terastallize|p2a: Tiffany|Fighting\n|-terastallize|p1b: Chien-Pao|Ghost\n|move|p1a: Arcanine|Extreme Speed|p2b: Volcarona\n|-damage|p2b: Volcarona|55\/100\n|-damage|p1a: Arcanine|0 fnt|[from] item: Rocky Helmet|[of] p2b: Volcarona\n|faint|p1a: Arcanine\n|move|p2a: Tiffany|Body Press|p1b: Chien-Pao\n|-immune|p1b: Chien-Pao\n|move|p1b: Chien-Pao|Icicle Crash|p2a: Tiffany\n|-damage|p2a: Tiffany|53\/100\n|-damage|p1b: Chien-Pao|91\/100|[from] item: Life Orb\n|\n|-heal|p2a: Tiffany|59\/100|[from] item: Leftovers\n|-sideend|p1: bigbranonbampus|Grass Pledge\n|upkeep\n|\n|t:|1700919107\n|switch|p1a: Iron Hands|Iron Hands, L50|100\/100\n|turn|5\n|\n|t:|1700919113\n|move|p2a: Tiffany|Protect|p2a: Tiffany\n|-singleturn|p2a: Tiffany|Protect\n|move|p1a: Iron Hands|Fake Out|p2b: Volcarona\n|-damage|p2b: Volcarona|36\/100\n|-damage|p1a: Iron Hands|84\/100|[from] item: Rocky Helmet|[of] p2b: Volcarona\n|move|p1b: Chien-Pao|Psychic Fangs|p2a: Tiffany\n|-activate|p2a: Tiffany|move: Protect\n|cant|p2b: Volcarona|flinch\n|\n|-heal|p2a: Tiffany|65\/100|[from] item: Leftovers\n|upkeep\n|turn|6\n|inactive|Aranciano has 30 seconds left.\n|inactive|Aranciano has 20 seconds left.\n|\n|t:|1700919150\n|switch|p2a: Meowscarada|Meowscarada, L50, F|36\/100\n|move|p1b: Chien-Pao|Psychic Fangs|p2a: Meowscarada\n|-immune|p2a: Meowscarada\n|move|p2b: Volcarona|Will-O-Wisp|p1a: Iron Hands|[miss]\n|-miss|p2b: Volcarona|p1a: Iron Hands\n|move|p1a: Iron Hands|Wild Charge|p2b: Volcarona\n|-crit|p2b: Volcarona\n|-damage|p2b: Volcarona|0 fnt\n|-damage|p1a: Iron Hands|68\/100|[from] item: Rocky Helmet|[of] p2b: Volcarona\n|faint|p2b: Volcarona\n|-damage|p1a: Iron Hands|61\/100|[from] Recoil\n|\n|upkeep\n|\n|t:|1700919162\n|switch|p2b: Tiffany|Carbink, L50, shiny, tera:Fighting|65\/100\n|turn|7\n|\n|t:|1700919181\n|move|p1b: Chien-Pao|Protect|p1b: Chien-Pao\n|-singleturn|p1b: Chien-Pao|Protect\n|move|p2a: Meowscarada|Knock Off|p1b: Chien-Pao\n|-start|p2a: Meowscarada|typechange|Dark|[from] ability: Protean\n|-activate|p1b: Chien-Pao|move: Protect\n|move|p1a: Iron Hands|Drain Punch|p2a: Meowscarada\n|-supereffective|p2a: Meowscarada\n|-damage|p2a: Meowscarada|0 fnt\n|-heal|p1a: Iron Hands|71\/100|[from] drain|[of] p2a: Meowscarada\n|faint|p2a: Meowscarada\n|move|p2b: Tiffany|Iron Defense|p2b: Tiffany\n|-boost|p2b: Tiffany|def|2\n|\n|-heal|p2b: Tiffany|71\/100|[from] item: Leftovers\n|upkeep\n|turn|8\n|-message|Aranciano forfeited.\n|\n|win|bigbranonbampus\n|raw|bigbranonbampus's rating: 1077 &rarr; <strong>1110<\/strong><br \/>(+33 for winning)\n|raw|Aranciano's rating: 1136 &rarr; <strong>1107<\/strong><br \/>(-29 for losing)\n|l|\u2606Aranciano\n","uploadtime":1700919201,"views":14,"p1id":"bigbranonbampus","p2id":"aranciano","formatid":"gen9vgc2023regulatione","rating":1107,"private":0,"password":""}