{"id":"gen9vgc2023regulatione-1990964190","p1":"electricboogaloo12","p2":"Tazsea","format":"[Gen 9] VGC 2023 Regulation E","log":"|j|\u203delectricboogaloo12\n|j|\u2606Tazsea\n|t:|1700020571\n|gametype|doubles\n|player|p1|electricboogaloo12|cynthia|1419\n|player|p2|Tazsea|iris-gen5bw2|1417\n|teamsize|p1|6\n|teamsize|p2|6\n|gen|9\n|tier|[Gen 9] VGC 2023 Regulation E\n|rated|\n|rule|Species Clause: Limit one of each Pok\u00e9mon\n|rule|Item Clause: Limit one of each item\n|clearpoke\n|poke|p1|Gastrodon, L50, F|\n|poke|p1|Grimmsnarl, L50, M|\n|poke|p1|Articuno-Galar, L50|\n|poke|p1|Great Tusk, L50|\n|poke|p1|Infernape, L50, M|\n|poke|p1|Farigiraf, L50, M|\n|poke|p2|Glimmora, L50, F|\n|poke|p2|Articuno-Galar, L50|\n|poke|p2|Kommo-o, L50, M|\n|poke|p2|Fezandipiti, L50, M|\n|poke|p2|Sinistcha, L50|\n|poke|p2|Mimikyu, L50, M|\n|teampreview|4\n|inactive|Battle timer is ON: inactive players will automatically lose when time's up. (requested by Tazsea)\n|j| buckmatic\n|\n|t:|1700020601\n|start\n|switch|p1a: Grimmsnarl|Grimmsnarl, L50, M|100\/100\n|switch|p1b: Articuno|Articuno-Galar, L50|100\/100\n|switch|p2a: Glimmora|Glimmora, L50, F|100\/100\n|switch|p2b: Mimikyu|Mimikyu, L50, M|100\/100\n|turn|1\n|\n|t:|1700020619\n|move|p1a: Grimmsnarl|Fake Out|p2a: Glimmora\n|-resisted|p2a: Glimmora\n|-damage|p2a: Glimmora|94\/100\n|-activate|p2a: Glimmora|ability: Toxic Debris\n|-sidestart|p1: electricboogaloo12|move: Toxic Spikes\n|move|p2b: Mimikyu|Shadow Claw|p1b: Articuno\n|-supereffective|p1b: Articuno\n|-damage|p1b: Articuno|24\/100\n|-damage|p2b: Mimikyu|91\/100|[from] item: Life Orb\n|cant|p2a: Glimmora|flinch\n|move|p1b: Articuno|Trick Room|p1b: Articuno\n|-fieldstart|move: Trick Room|[of] p1b: Articuno\n|\n|upkeep\n|turn|2\n|\n|t:|1700020635\n|move|p2b: Mimikyu|Shadow Sneak|p1b: Articuno\n|-supereffective|p1b: Articuno\n|-damage|p1b: Articuno|0 fnt\n|faint|p1b: Articuno\n|-damage|p2b: Mimikyu|81\/100|[from] item: Life Orb\n|move|p1a: Grimmsnarl|Spirit Break|p2b: Mimikyu\n|-activate|p2b: Mimikyu|ability: Disguise\n|-damage|p2b: Mimikyu|81\/100\n|-unboost|p2b: Mimikyu|spa|1\n|detailschange|p2b: Mimikyu|Mimikyu-Busted, L50, M\n|-damage|p2b: Mimikyu|68\/100|[from] pokemon: Mimikyu-Busted\n|move|p2a: Glimmora|Sludge Bomb|p1a: Grimmsnarl\n|-supereffective|p1a: Grimmsnarl\n|-enditem|p1a: Grimmsnarl|Focus Sash\n|-damage|p1a: Grimmsnarl|1\/100\n|\n|upkeep\n|\n|t:|1700020640\n|switch|p1b: Great Tusk|Great Tusk, L50|100\/100\n|-status|p1b: Great Tusk|psn\n|-enditem|p1b: Great Tusk|Booster Energy\n|-activate|p1b: Great Tusk|ability: Protosynthesis|[fromitem]\n|-start|p1b: Great Tusk|protosynthesisatk\n|turn|3\n|\n|t:|1700020658\n|-terastallize|p2a: Glimmora|Grass\n|move|p1a: Grimmsnarl|Thunder Wave|p2a: Glimmora\n|-status|p2a: Glimmora|par\n|move|p2b: Mimikyu|Shadow Sneak|p1a: Grimmsnarl\n|-resisted|p1a: Grimmsnarl\n|-damage|p1a: Grimmsnarl|0 fnt\n|faint|p1a: Grimmsnarl\n|-damage|p2b: Mimikyu|59\/100|[from] item: Life Orb\n|cant|p2a: Glimmora|par\n|move|p1b: Great Tusk|Ice Spinner|p2b: Mimikyu\n|-damage|p2b: Mimikyu|0 fnt\n|faint|p2b: Mimikyu\n|\n|-damage|p1b: Great Tusk|88\/100 psn|[from] psn\n|upkeep\n|\n|t:|1700020674\n|switch|p1a: Infernape|Infernape, L50, M|100\/100\n|switch|p2b: Articuno|Articuno-Galar, L50|100\/100\n|-status|p1a: Infernape|psn\n|turn|4\n|\n|t:|1700020692\n|-terastallize|p1b: Great Tusk|Steel\n|cant|p2a: Glimmora|par\n|move|p1b: Great Tusk|Ice Spinner|p2b: Articuno\n|-supereffective|p2b: Articuno\n|-damage|p2b: Articuno|2\/100\n|-enditem|p2b: Articuno|Weakness Policy\n|-boost|p2b: Articuno|atk|2|[from] item: Weakness Policy\n|-boost|p2b: Articuno|spa|2|[from] item: Weakness Policy\n|move|p1a: Infernape|Fire Punch|p2a: Glimmora\n|-supereffective|p2a: Glimmora\n|-damage|p2a: Glimmora|0 fnt\n|-activate|p2a: Glimmora|ability: Toxic Debris\n|-sidestart|p1: electricboogaloo12|move: Toxic Spikes\n|faint|p2a: Glimmora\n|move|p2b: Articuno|Freezing Glare|p1b: Great Tusk\n|-resisted|p1b: Great Tusk\n|-damage|p1b: Great Tusk|32\/100 psn\n|\n|-damage|p1b: Great Tusk|20\/100 psn|[from] psn\n|-damage|p1a: Infernape|88\/100 psn|[from] psn\n|upkeep\n|\n|t:|1700020703\n|switch|p2a: Sinistcha|Sinistcha, L50|100\/100\n|-heal|p2b: Articuno|27\/100|[from] ability: Hospitality|[of] p2a: Sinistcha\n|turn|5\n|\n|t:|1700020716\n|move|p2b: Articuno|Protect|p2b: Articuno\n|-singleturn|p2b: Articuno|Protect\n|move|p2a: Sinistcha|Scald|p1a: Infernape\n|-supereffective|p1a: Infernape\n|-damage|p1a: Infernape|27\/100 psn\n|move|p1b: Great Tusk|Ice Spinner|p2a: Sinistcha\n|-supereffective|p2a: Sinistcha\n|-damage|p2a: Sinistcha|42\/100\n|-damage|p1b: Great Tusk|3\/100 psn|[from] item: Rocky Helmet|[of] p2a: Sinistcha\n|move|p1a: Infernape|Fire Punch|p2a: Sinistcha\n|-supereffective|p2a: Sinistcha\n|-damage|p2a: Sinistcha|0 fnt\n|-damage|p1a: Infernape|11\/100 psn|[from] item: Rocky Helmet|[of] p2a: Sinistcha\n|faint|p2a: Sinistcha\n|\n|-damage|p1b: Great Tusk|0 fnt|[from] psn\n|faint|p1b: Great Tusk\n|-end|p1b: Great Tusk|Protosynthesis|[silent]\n|-damage|p1a: Infernape|0 fnt|[from] psn\n|faint|p1a: Infernape\n|\n|win|Tazsea\n|upkeep\n|raw|electricboogaloo12's rating: 1419 &rarr; <strong>1399<\/strong><br \/>(-20 for losing)\n|raw|Tazsea's rating: 1417 &rarr; <strong>1437<\/strong><br \/>(+20 for winning)\n|l|\u203delectricboogaloo12\n|l| buckmatic\n","uploadtime":1700020741,"views":15,"p1id":"electricboogaloo12","p2id":"tazsea","formatid":"gen9vgc2023regulatione","rating":1399,"private":0,"password":""}