{"id":"gen9vgc2023regulatione-1992934242","p1":"pelipperislandxoo","p2":"DVRadio","format":"[Gen 9] VGC 2023 Regulation E","log":"|j|\u203dpelipperislandxoo\n|j|\u2606DVRadio\n|t:|1700248151\n|gametype|doubles\n|player|p1|pelipperislandxoo|169|1141\n|player|p2|DVRadio|1|1063\n|teamsize|p1|6\n|teamsize|p2|6\n|gen|9\n|tier|[Gen 9] VGC 2023 Regulation E\n|rated|\n|rule|Species Clause: Limit one of each Pok\u00e9mon\n|rule|Item Clause: Limit one of each item\n|clearpoke\n|poke|p1|Garchomp, L50, M|\n|poke|p1|Milotic, L50, F|\n|poke|p1|Spiritomb, L50, M|\n|poke|p1|Gastrodon, L50, M|\n|poke|p1|Enamorus, L50, F|\n|poke|p1|Masquerain, L50, M|\n|poke|p2|Arcanine-Hisui, L50, M|\n|poke|p2|Iron Hands, L50|\n|poke|p2|Roaring Moon, L50|\n|poke|p2|Empoleon, L50, M|\n|poke|p2|Sinistcha, L50|\n|poke|p2|Regidrago, L50|\n|teampreview|4\n|inactive|Battle timer is ON: inactive players will automatically lose when time's up. (requested by DVRadio)\n|inactive|pelipperislandxoo also wants the timer to be on.\n|inactive|DVRadio has 60 seconds left.\n|\n|t:|1700248196\n|start\n|switch|p1a: Garchomp|Garchomp, L50, M|100\/100\n|switch|p1b: Milotic|Milotic, L50, F, shiny|100\/100\n|switch|p2a: Iron Hands|Iron Hands, L50|100\/100\n|switch|p2b: Empoleon|Empoleon, L50, M|100\/100\n|turn|1\n|\n|t:|1700248213\n|move|p1a: Garchomp|Protect|p1a: Garchomp\n|-singleturn|p1a: Garchomp|Protect\n|move|p1b: Milotic|Protect|p1b: Milotic\n|-singleturn|p1b: Milotic|Protect\n|move|p2a: Iron Hands|Fake Out|p1b: Milotic\n|-activate|p1b: Milotic|move: Protect\n|move|p2b: Empoleon|Flash Cannon|p1a: Garchomp\n|-activate|p1a: Garchomp|move: Protect\n|\n|upkeep\n|turn|2\n|inactive|pelipperislandxoo has 30 seconds left.\n|inactive|pelipperislandxoo has 20 seconds left.\n|\n|t:|1700248248\n|-end|p2a: Iron Hands|Quark Drive|[silent]\n|switch|p2a: Arcanine|Arcanine-Hisui, L50, M, shiny|100\/100\n|-ability|p2a: Arcanine|Intimidate|boost\n|-unboost|p1a: Garchomp|atk|1\n|-unboost|p1b: Milotic|atk|1\n|-terastallize|p1a: Garchomp|Fire\n|move|p1a: Garchomp|Earthquake|p2a: Arcanine|[spread] p1b,p2a,p2b\n|-supereffective|p2a: Arcanine\n|-supereffective|p2b: Empoleon\n|-damage|p1b: Milotic|74\/100\n|-damage|p2a: Arcanine|0 fnt\n|-damage|p2b: Empoleon|49\/100\n|-enditem|p2b: Empoleon|Sitrus Berry|[eat]\n|-heal|p2b: Empoleon|74\/100|[from] item: Sitrus Berry\n|faint|p2a: Arcanine\n|move|p1b: Milotic|Bulldoze|p2b: Empoleon|[spread] p1a,p2b\n|-supereffective|p1a: Garchomp\n|-supereffective|p2b: Empoleon\n|-damage|p1a: Garchomp|94\/100\n|-damage|p2b: Empoleon|66\/100\n|-unboost|p1a: Garchomp|spe|1\n|-unboost|p2b: Empoleon|spe|1\n|-ability|p2b: Empoleon|Competitive|boost\n|-boost|p2b: Empoleon|spa|2\n|-enditem|p1a: Garchomp|Weakness Policy\n|-boost|p1a: Garchomp|atk|2|[from] item: Weakness Policy\n|-boost|p1a: Garchomp|spa|2|[from] item: Weakness Policy\n|move|p2b: Empoleon|Ice Beam|p1a: Garchomp\n|-resisted|p1a: Garchomp\n|-damage|p1a: Garchomp|62\/100\n|\n|upkeep\n|\n|t:|1700248270\n|switch|p2a: Iron Hands|Iron Hands, L50|100\/100\n|turn|3\n|\n|t:|1700248282\n|move|p1a: Garchomp|Protect|p1a: Garchomp\n|-singleturn|p1a: Garchomp|Protect\n|move|p1b: Milotic|Protect|p1b: Milotic\n|-singleturn|p1b: Milotic|Protect\n|move|p2a: Iron Hands|Fake Out|p1a: Garchomp\n|-activate|p1a: Garchomp|move: Protect\n|move|p2b: Empoleon|Yawn|p1b: Milotic\n|-activate|p1b: Milotic|move: Protect\n|\n|upkeep\n|turn|4\n|\n|t:|1700248299\n|switch|p1b: Enamorus|Enamorus, L50, F, shiny|100\/100\n|move|p1a: Garchomp|Earthquake|p2b: Empoleon|[spread] p2a,p2b\n|-immune|p1b: Enamorus\n|-supereffective|p2a: Iron Hands\n|-supereffective|p2b: Empoleon\n|-damage|p2a: Iron Hands|24\/100\n|-damage|p2b: Empoleon|0 fnt\n|faint|p2b: Empoleon\n|move|p2a: Iron Hands|Wild Charge|p1b: Enamorus\n|-supereffective|p1b: Enamorus\n|-damage|p1b: Enamorus|0 fnt\n|faint|p1b: Enamorus\n|-damage|p2a: Iron Hands|9\/100|[from] Recoil\n|\n|upkeep\n|\n|t:|1700248316\n|switch|p1b: Gastrodon|Gastrodon, L50, M|100\/100\n|switch|p2b: Roaring Moon|Roaring Moon, L50|100\/100\n|-enditem|p2b: Roaring Moon|Booster Energy\n|-activate|p2b: Roaring Moon|ability: Protosynthesis|[fromitem]\n|-start|p2b: Roaring Moon|protosynthesisspe\n|turn|5\n|\n|t:|1700248333\n|move|p2b: Roaring Moon|Rock Slide|p1b: Gastrodon|[spread] p1a,p1b\n|-supereffective|p1a: Garchomp\n|-resisted|p1b: Gastrodon\n|-damage|p1a: Garchomp|19\/100\n|-damage|p1b: Gastrodon|92\/100\n|cant|p1a: Garchomp|flinch\n|move|p2a: Iron Hands|Drain Punch|p1b: Gastrodon\n|-crit|p1b: Gastrodon\n|-damage|p1b: Gastrodon|44\/100\n|-heal|p2a: Iron Hands|28\/100|[from] drain|[of] p1b: Gastrodon\n|move|p1b: Gastrodon|Earth Power|p2a: Iron Hands\n|-supereffective|p2a: Iron Hands\n|-damage|p2a: Iron Hands|0 fnt\n|faint|p2a: Iron Hands\n|-end|p2a: Iron Hands|Quark Drive|[silent]\n|\n|upkeep\n|turn|6\n|\n|t:|1700248357\n|-terastallize|p2b: Roaring Moon|Flying\n|move|p1a: Garchomp|Protect|p1a: Garchomp\n|-singleturn|p1a: Garchomp|Protect\n|move|p2b: Roaring Moon|Acrobatics|p1b: Gastrodon\n|-damage|p1b: Gastrodon|0 fnt\n|faint|p1b: Gastrodon\n|\n|upkeep\n|\n|t:|1700248364\n|switch|p1b: Milotic|Milotic, L50, F, shiny|74\/100\n|turn|7\n|\n|t:|1700248378\n|move|p1a: Garchomp|Protect||[still]\n|-fail|p1a: Garchomp\n|move|p2b: Roaring Moon|Acrobatics|p1a: Garchomp\n|-damage|p1a: Garchomp|0 fnt\n|faint|p1a: Garchomp\n|move|p1b: Milotic|Draining Kiss|p2b: Roaring Moon\n|-damage|p2b: Roaring Moon|84\/100\n|-heal|p1b: Milotic|86\/100|[from] drain|[of] p2b: Roaring Moon\n|\n|upkeep\n|turn|8\n|\n|t:|1700248391\n|move|p2b: Roaring Moon|Knock Off|p1b: Milotic\n|-damage|p1b: Milotic|32\/100\n|-enditem|p1b: Milotic|Iapapa Berry|[from] move: Knock Off|[of] p2b: Roaring Moon\n|move|p1b: Milotic|Surf|p2b: Roaring Moon\n|-damage|p2b: Roaring Moon|43\/100\n|\n|upkeep\n|turn|9\n|\n|t:|1700248401\n|move|p2b: Roaring Moon|Acrobatics|p1b: Milotic\n|-damage|p1b: Milotic|0 fnt\n|faint|p1b: Milotic\n|\n|win|DVRadio\n|raw|pelipperislandxoo's rating: 1141 &rarr; <strong>1110<\/strong><br \/>(-31 for losing)\n|raw|DVRadio's rating: 1063 &rarr; <strong>1100<\/strong><br \/>(+37 for winning)\n","uploadtime":1700248410,"views":11,"p1id":"pelipperislandxoo","p2id":"dvradio","formatid":"gen9vgc2023regulatione","rating":1100,"private":0,"password":""}