{"id":"gen9vgc2023regulatione-1989776792","p1":"BEANO808","p2":"Jippt351","format":"[Gen 9] VGC 2023 Regulation E","log":"|j|\u2606BEANO808\n|j|\u2606Jippt351\n|t:|1699894822\n|gametype|doubles\n|player|p1|BEANO808|depotagent|1148\n|player|p2|Jippt351|2|1106\n|teamsize|p1|6\n|teamsize|p2|6\n|gen|9\n|tier|[Gen 9] VGC 2023 Regulation E\n|rated|\n|rule|Species Clause: Limit one of each Pok\u00e9mon\n|rule|Item Clause: Limit one of each item\n|clearpoke\n|poke|p1|Cresselia, L50, F|\n|poke|p1|Iron Hands, L50|\n|poke|p1|Chien-Pao, L50|\n|poke|p1|Flutter Mane, L50|\n|poke|p1|Landorus-Therian, L50, M|\n|poke|p1|Urshifu-*, L50, M|\n|poke|p2|Landorus-Therian, L50, M|\n|poke|p2|Flutter Mane, L50|\n|poke|p2|Weezing, L50, M|\n|poke|p2|Roaring Moon, L50|\n|poke|p2|Iron Hands, L50|\n|poke|p2|Ogerpon-Wellspring, L50, F|\n|teampreview|4\n|inactive|Battle timer is ON: inactive players will automatically lose when time's up. (requested by Jippt351)\n|l|\u2606Jippt351\n|inactive|Jippt351 disconnected and has a minute to reconnect!\n|player|p2|\n|inactive|BEANO808 has 60 seconds left.\n|j|\u2606Jippt351\n|inactive|Jippt351 reconnected and has 55 seconds left.\n|player|p2|Jippt351|2\n|l|\u2606Jippt351\n|inactive|Jippt351 disconnected and has a minute to reconnect!\n|player|p2|\n|j|\u2606Jippt351\n|inactive|Jippt351 reconnected and has 35 seconds left.\n|player|p2|Jippt351|2\n|inactive|BEANO808 has 30 seconds left.\n|inactive|Jippt351 has 30 seconds left.\n|inactive|BEANO808 has 20 seconds left.\n|\n|t:|1699894896\n|start\n|switch|p1a: Chien-Pao|Chien-Pao, L50|100\/100\n|switch|p1b: Cresselia|Cresselia, L50, F|100\/100\n|switch|p2a: Roaring Moon|Roaring Moon, L50|100\/100\n|switch|p2b: Iron Hands|Iron Hands, L50|100\/100\n|-ability|p1a: Chien-Pao|Sword of Ruin\n|-enditem|p2a: Roaring Moon|Booster Energy\n|-activate|p2a: Roaring Moon|ability: Protosynthesis|[fromitem]\n|-start|p2a: Roaring Moon|protosynthesisspe\n|turn|1\n|\n|t:|1699894919\n|switch|p1b: Landorus|Landorus-Therian, L50, M|100\/100\n|-ability|p1b: Landorus|Intimidate|boost\n|-unboost|p2a: Roaring Moon|atk|1\n|-unboost|p2b: Iron Hands|atk|1\n|move|p2b: Iron Hands|Fake Out|p1a: Chien-Pao\n|-damage|p1a: Chien-Pao|88\/100\n|move|p2a: Roaring Moon|Knock Off|p1b: Landorus\n|-damage|p1b: Landorus|49\/100\n|-enditem|p1b: Landorus|Choice Scarf|[from] move: Knock Off|[of] p2a: Roaring Moon\n|cant|p1a: Chien-Pao|flinch\n|\n|upkeep\n|turn|2\n|inactive|Jippt351 has 30 seconds left.\n|\n|t:|1699894949\n|move|p2a: Roaring Moon|Acrobatics|p1b: Landorus\n|-damage|p1b: Landorus|11\/100\n|move|p1a: Chien-Pao|Icicle Crash|p2a: Roaring Moon\n|-supereffective|p2a: Roaring Moon\n|-damage|p2a: Roaring Moon|0 fnt\n|faint|p2a: Roaring Moon\n|-end|p2a: Roaring Moon|Protosynthesis|[silent]\n|move|p1b: Landorus|Stomping Tantrum|p2b: Iron Hands\n|-supereffective|p2b: Iron Hands\n|-damage|p2b: Iron Hands|30\/100\n|move|p2b: Iron Hands|Drain Punch|p1a: Chien-Pao\n|-supereffective|p1a: Chien-Pao\n|-damage|p1a: Chien-Pao|0 fnt\n|-heal|p2b: Iron Hands|60\/100|[from] drain|[of] p1a: Chien-Pao\n|faint|p1a: Chien-Pao\n|\n|upkeep\n|\n|t:|1699894966\n|switch|p1a: Cresselia|Cresselia, L50, F|100\/100\n|switch|p2a: Flutter Mane|Flutter Mane, L50|100\/100\n|turn|3\n|inactive|Jippt351 has 30 seconds left.\n|\n|t:|1699894998\n|move|p2a: Flutter Mane|Shadow Ball|p1a: Cresselia\n|-supereffective|p1a: Cresselia\n|-damage|p1a: Cresselia|34\/100\n|move|p1b: Landorus|Stomping Tantrum|p2b: Iron Hands\n|-supereffective|p2b: Iron Hands\n|-damage|p2b: Iron Hands|10\/100\n|move|p1a: Cresselia|Light Screen|p1a: Cresselia\n|-sidestart|p1: BEANO808|move: Light Screen\n|move|p2b: Iron Hands|Drain Punch|p1b: Landorus\n|-resisted|p1b: Landorus\n|-damage|p1b: Landorus|0 fnt\n|-heal|p2b: Iron Hands|13\/100|[from] drain|[of] p1b: Landorus\n|faint|p1b: Landorus\n|\n|upkeep\n|\n|t:|1699895006\n|switch|p1b: Flutter Mane|Flutter Mane, L50|100\/100\n|turn|4\n|inactive|BEANO808 has 30 seconds left.\n|\n|t:|1699895033\n|-terastallize|p1b: Flutter Mane|Fairy\n|-terastallize|p2a: Flutter Mane|Fairy\n|move|p1b: Flutter Mane|Dazzling Gleam|p2b: Iron Hands|[spread] p2a,p2b\n|-supereffective|p2b: Iron Hands\n|-damage|p2a: Flutter Mane|44\/100\n|-damage|p2b: Iron Hands|0 fnt\n|faint|p2b: Iron Hands\n|-end|p2b: Iron Hands|Quark Drive|[silent]\n|move|p2a: Flutter Mane|Shadow Ball|p1b: Flutter Mane\n|-damage|p1b: Flutter Mane|57\/100\n|move|p1a: Cresselia|Ice Beam|p2a: Flutter Mane\n|-damage|p2a: Flutter Mane|27\/100\n|\n|upkeep\n|\n|t:|1699895045\n|switch|p2b: Ogerpon|Ogerpon-Wellspring, L50, F|100\/100\n|turn|5\n|\n|t:|1699895055\n|move|p1b: Flutter Mane|Dazzling Gleam|p2b: Ogerpon|[spread] p2a,p2b\n|-damage|p2a: Flutter Mane|0 fnt\n|-damage|p2b: Ogerpon|51\/100\n|faint|p2a: Flutter Mane\n|-end|p2a: Flutter Mane|Protosynthesis|[silent]\n|move|p2b: Ogerpon|Ivy Cudgel|p1b: Flutter Mane\n|-crit|p1b: Flutter Mane\n|-damage|p1b: Flutter Mane|0 fnt\n|faint|p1b: Flutter Mane\n|-end|p1b: Flutter Mane|Protosynthesis|[silent]\n|move|p1a: Cresselia|Ice Beam|p2b: Ogerpon\n|-damage|p2b: Ogerpon|34\/100\n|\n|upkeep\n|turn|6\n|\n|t:|1699895065\n|move|p2b: Ogerpon|Ivy Cudgel|p1a: Cresselia\n|-damage|p1a: Cresselia|0 fnt\n|faint|p1a: Cresselia\n|\n|win|Jippt351\n|raw|BEANO808's rating: 1148 &rarr; <strong>1120<\/strong><br \/>(-28 for losing)\n|raw|Jippt351's rating: 1106 &rarr; <strong>1134<\/strong><br \/>(+28 for winning)\n","uploadtime":1699895069,"views":9,"p1id":"beano808","p2id":"jippt351","formatid":"gen9vgc2023regulatione","rating":1120,"private":0,"password":""}