{"id":"gen9vgc2023regulatione-1997398671","p1":"Manthis","p2":"TheGnerdyGnome","format":"[Gen 9] VGC 2023 Regulation E","log":"|j|\u2606Manthis\n|j|\u2606TheGnerdyGnome\n|t:|1700799094\n|gametype|doubles\n|player|p1|Manthis|plasmagrunt|1294\n|player|p2|TheGnerdyGnome|chef|1264\n|teamsize|p1|6\n|teamsize|p2|6\n|gen|9\n|tier|[Gen 9] VGC 2023 Regulation E\n|rated|\n|rule|Species Clause: Limit one of each Pok\u00e9mon\n|rule|Item Clause: Limit one of each item\n|clearpoke\n|poke|p1|Golem-Alola, L50, M|\n|poke|p1|Rabsca, L50, F|\n|poke|p1|Toxtricity, L50, M|\n|poke|p1|Spiritomb, L50, M|\n|poke|p1|Ursaluna-Bloodmoon, L50, M|\n|poke|p1|Oranguru, L50, M|\n|poke|p2|Ninetales-Alola, L50, M|\n|poke|p2|Baxcalibur, L50, M|\n|poke|p2|Arcanine-Hisui, L50, F|\n|poke|p2|Ogerpon-Wellspring, L50, F|\n|poke|p2|Farigiraf, L50, F|\n|poke|p2|Kingambit, L50, F|\n|teampreview|4\n|inactive|Battle timer is ON: inactive players will automatically lose when time's up. (requested by TheGnerdyGnome)\n|inactive|TheGnerdyGnome has 60 seconds left.\n|\n|t:|1700799137\n|start\n|switch|p1a: Golem|Golem-Alola, L50, M|100\/100\n|switch|p1b: Rabsca|Rabsca, L50, F|100\/100\n|switch|p2a: Farigiraf|Farigiraf, L50, F|100\/100\n|switch|p2b: Ogerpon|Ogerpon-Wellspring, L50, F|100\/100\n|turn|1\n|inactive|Manthis has 30 seconds left.\n|inactive|TheGnerdyGnome has 30 seconds left.\n|inactive|TheGnerdyGnome has 20 seconds left.\n|inactive|TheGnerdyGnome has 15 seconds left.\n|\n|t:|1700799179\n|-terastallize|p2b: Ogerpon|Water\n|detailschange|p2b: Ogerpon|Ogerpon-Wellspring-Tera, L50, F, tera:Water\n|-ability|p2b: Ogerpon|Embody Aspect (Wellspring)|boost\n|-boost|p2b: Ogerpon|spd|1\n|-terastallize|p1a: Golem|Electric\n|move|p2b: Ogerpon|Ivy Cudgel|p1a: Golem|[anim] Ivy Cudgel Water\n|-damage|p1a: Golem|40\/100\n|move|p2a: Farigiraf|Hyper Voice|p1a: Golem|[spread] p1a,p1b\n|-damage|p1a: Golem|0 fnt\n|-damage|p1b: Rabsca|77\/100\n|faint|p1a: Golem\n|move|p1b: Rabsca|Trick Room|p1b: Rabsca\n|-fieldstart|move: Trick Room|[of] p1b: Rabsca\n|\n|upkeep\n|inactive|Manthis has 30 seconds left.\n|\n|t:|1700799206\n|switch|p1a: Ursaluna|Ursaluna-Bloodmoon, L50, M|100\/100\n|turn|2\n|\n|t:|1700799215\n|move|p2b: Ogerpon|Spiky Shield|p2b: Ogerpon\n|-singleturn|p2b: Ogerpon|move: Protect\n|move|p1b: Rabsca|Revival Blessing|p1b: Rabsca\n|-enditem|p1b: Rabsca|Leppa Berry|[eat]\n|-activate|p1b: Rabsca|item: Leppa Berry|Revival Blessing|[consumed]\n|\n|t:|1700799219\n|-heal|p1: Golem|50\/100|[from] move: Revival Blessing\n|move|p1a: Ursaluna|Hyper Voice|p2b: Ogerpon|[spread] p2a\n|-activate|p2b: Ogerpon|move: Protect\n|-damage|p2a: Farigiraf|62\/100\n|-enditem|p1a: Ursaluna|Throat Spray\n|-boost|p1a: Ursaluna|spa|1|[from] item: Throat Spray\n|move|p2a: Farigiraf|Trick Room|p2a: Farigiraf\n|-fieldend|move: Trick Room\n|\n|upkeep\n|turn|3\n|inactive|TheGnerdyGnome has 30 seconds left.\n|\n|t:|1700799245\n|move|p1a: Ursaluna|Protect|p1a: Ursaluna\n|-singleturn|p1a: Ursaluna|Protect\n|move|p2b: Ogerpon|Wood Hammer|p1a: Ursaluna\n|-activate|p1a: Ursaluna|move: Protect\n|move|p2a: Farigiraf|Hyper Voice|p1b: Rabsca|[spread] p1b\n|-activate|p1a: Ursaluna|move: Protect\n|-damage|p1b: Rabsca|53\/100\n|move|p1b: Rabsca|Trick Room|p1b: Rabsca\n|-fieldstart|move: Trick Room|[of] p1b: Rabsca\n|\n|upkeep\n|turn|4\n|inactive|TheGnerdyGnome has 30 seconds left.\n|\n|t:|1700799273\n|move|p1b: Rabsca|Struggle Bug|p2a: Farigiraf|[spread] p2a,p2b\n|-supereffective|p2a: Farigiraf\n|-damage|p2a: Farigiraf|30\/100\n|-damage|p2b: Ogerpon|91\/100\n|-unboost|p2a: Farigiraf|spa|1\n|-unboost|p2b: Ogerpon|spa|1\n|move|p1a: Ursaluna|Hyper Voice|p2a: Farigiraf|[spread] p2a,p2b\n|-damage|p2a: Farigiraf|0 fnt\n|-damage|p2b: Ogerpon|51\/100\n|faint|p2a: Farigiraf\n|move|p2b: Ogerpon|Wood Hammer|p1a: Ursaluna\n|-supereffective|p1a: Ursaluna\n|-crit|p1a: Ursaluna\n|-damage|p1a: Ursaluna|0 fnt\n|faint|p1a: Ursaluna\n|-damage|p2b: Ogerpon|13\/100|[from] Recoil\n|\n|upkeep\n|\n|t:|1700799289\n|switch|p1a: Golem|Golem-Alola, L50, M|50\/100\n|switch|p2a: Kingambit|Kingambit, L50, F|100\/100\n|turn|5\n|inactive|Manthis has 30 seconds left.\n|\n|t:|1700799324\n|switch|p1b: Oranguru|Oranguru, L50, M|100\/100\n|move|p2b: Ogerpon|Spiky Shield|p2b: Ogerpon\n|-singleturn|p2b: Ogerpon|move: Protect\n|move|p1a: Golem|Explosion|p2b: Ogerpon|[spread] p2a\n|-activate|p2b: Ogerpon|move: Protect\n|-activate|p1b: Oranguru|ability: Telepathy\n|-damage|p2a: Kingambit|0 fnt\n|faint|p1a: Golem\n|faint|p2a: Kingambit\n|\n|upkeep\n|\n|t:|1700799338\n|switch|p1a: Rabsca|Rabsca, L50, F|53\/100\n|switch|p2a: Arcanine|Arcanine-Hisui, L50, F|100\/100\n|-ability|p2a: Arcanine|Intimidate|boost\n|-unboost|p1a: Rabsca|atk|1\n|-unboost|p1b: Oranguru|atk|1\n|turn|6\n|\n|t:|1700799357\n|move|p1a: Rabsca|Protect|p1a: Rabsca\n|-singleturn|p1a: Rabsca|Protect\n|move|p2a: Arcanine|Extreme Speed|p1a: Rabsca\n|-activate|p1a: Rabsca|move: Protect\n|move|p1b: Oranguru|Hyper Voice|p2b: Ogerpon|[spread] p2a,p2b\n|-resisted|p2a: Arcanine\n|-damage|p2a: Arcanine|87\/100\n|-damage|p2b: Ogerpon|0 fnt\n|faint|p2b: Ogerpon\n|\n|upkeep\n|turn|7\n|\n|t:|1700799374\n|move|p2a: Arcanine|Extreme Speed|p1a: Rabsca\n|-damage|p1a: Rabsca|9\/100\n|move|p1a: Rabsca|Revival Blessing|p1a: Rabsca\n|\n|t:|1700799379\n|-heal|p1: Golem|50\/100|[from] move: Revival Blessing\n|move|p1b: Oranguru|Hyper Voice|p2a: Arcanine\n|-resisted|p2a: Arcanine\n|-crit|p2a: Arcanine\n|-damage|p2a: Arcanine|61\/100\n|\n|-fieldend|move: Trick Room\n|upkeep\n|turn|8\n|\n|t:|1700799389\n|move|p2a: Arcanine|Extreme Speed|p1a: Rabsca\n|-damage|p1a: Rabsca|0 fnt\n|faint|p1a: Rabsca\n|move|p1b: Oranguru|Trick Room|p1b: Oranguru\n|-fieldstart|move: Trick Room|[of] p1b: Oranguru\n|\n|upkeep\n|\n|t:|1700799392\n|switch|p1a: Golem|Golem-Alola, L50, M|50\/100\n|turn|9\n|\n|t:|1700799404\n|move|p1a: Golem|Protect|p1a: Golem\n|-singleturn|p1a: Golem|Protect\n|move|p2a: Arcanine|Extreme Speed|p1a: Golem\n|-activate|p1a: Golem|move: Protect\n|move|p1b: Oranguru|Hyper Voice|p2a: Arcanine\n|-resisted|p2a: Arcanine\n|-damage|p2a: Arcanine|42\/100\n|\n|upkeep\n|turn|10\n|\n|t:|1700799413\n|move|p2a: Arcanine|Extreme Speed|p1a: Golem\n|-resisted|p1a: Golem\n|-damage|p1a: Golem|34\/100\n|move|p1a: Golem|Explosion|p2a: Arcanine|[spread] p2a\n|-activate|p1b: Oranguru|ability: Telepathy\n|-damage|p2a: Arcanine|0 fnt\n|faint|p1a: Golem\n|faint|p2a: Arcanine\n|\n|win|Manthis\n|raw|Manthis's rating: 1294 &rarr; <strong>1317<\/strong><br \/>(+23 for winning)\n|raw|TheGnerdyGnome's rating: 1264 &rarr; <strong>1241<\/strong><br \/>(-23 for losing)\n|l|\u2606Manthis\n","uploadtime":1700799423,"views":16,"p1id":"manthis","p2id":"thegnerdygnome","formatid":"gen9vgc2023regulatione","rating":1241,"private":0,"password":""}