{"id":"gen9vgc2023regulatione-1991239636","p1":"intark","p2":"onyxchan","format":"[Gen 9] VGC 2023 Regulation E","log":"|j|\u2606intark\n|j|\u2606onyxchan\n|t:|1700060293\n|gametype|doubles\n|player|p1|intark|artist|1325\n|player|p2|onyxchan|n|1267\n|teamsize|p1|6\n|teamsize|p2|6\n|gen|9\n|tier|[Gen 9] VGC 2023 Regulation E\n|rated|\n|rule|Species Clause: Limit one of each Pok\u00e9mon\n|rule|Item Clause: Limit one of each item\n|clearpoke\n|poke|p1|Hydreigon, L50, M|\n|poke|p1|Tornadus, L50, M|\n|poke|p1|Gholdengo, L50|\n|poke|p1|Arcanine-Hisui, L50, M|\n|poke|p1|Rillaboom, L50, F|\n|poke|p1|Urshifu-*, L50, F|\n|poke|p2|Urshifu-*, L50, F|\n|poke|p2|Gothitelle, L50, F|\n|poke|p2|Ogerpon-Wellspring, L50, F|\n|poke|p2|Tornadus, L50, M|\n|poke|p2|Flutter Mane, L50|\n|poke|p2|Arcanine-Hisui, L50, F|\n|teampreview|4\n|inactive|Battle timer is ON: inactive players will automatically lose when time's up. (requested by onyxchan)\n|\n|t:|1700060346\n|start\n|switch|p1a: Gholdengo|Gholdengo, L50|100\/100\n|switch|p1b: Rillaboom|Rillaboom, L50, F|100\/100\n|switch|p2a: Arcanine|Arcanine-Hisui, L50, F|100\/100\n|switch|p2b: Tornadus|Tornadus, L50, M|100\/100\n|-ability|p2a: Arcanine|Intimidate|boost\n|-unboost|p1a: Gholdengo|atk|1\n|-unboost|p1b: Rillaboom|atk|1\n|-fieldstart|move: Grassy Terrain|[from] ability: Grassy Surge|[of] p1b: Rillaboom\n|turn|1\n|inactive|intark has 30 seconds left.\n|inactive|onyxchan has 30 seconds left.\n|inactive|intark has 20 seconds left.\n|inactive|intark has 15 seconds left.\n|inactive|intark has 10 seconds left.\n|\n|t:|1700060394\n|move|p1a: Gholdengo|Protect|p1a: Gholdengo\n|-singleturn|p1a: Gholdengo|Protect\n|move|p2b: Tornadus|Tailwind|p2b: Tornadus\n|-sidestart|p2: onyxchan|move: Tailwind\n|move|p2a: Arcanine|Flare Blitz|p1a: Gholdengo\n|-activate|p1a: Gholdengo|move: Protect\n|move|p1b: Rillaboom|High Horsepower|p2a: Arcanine\n|-supereffective|p2a: Arcanine\n|-damage|p2a: Arcanine|8\/100\n|\n|-heal|p2a: Arcanine|14\/100|[from] Grassy Terrain\n|upkeep\n|turn|2\n|\n|t:|1700060414\n|move|p1b: Rillaboom|Grassy Glide|p2a: Arcanine\n|-damage|p2a: Arcanine|0 fnt\n|faint|p2a: Arcanine\n|move|p2b: Tornadus|Bleakwind Storm|p1b: Rillaboom|[spread] p1b\n|-miss|p2b: Tornadus|p1a: Gholdengo\n|-supereffective|p1b: Rillaboom\n|-damage|p1b: Rillaboom|53\/100\n|move|p1a: Gholdengo|Nasty Plot|p1a: Gholdengo\n|-boost|p1a: Gholdengo|spa|2\n|\n|-heal|p1b: Rillaboom|59\/100|[from] Grassy Terrain\n|upkeep\n|\n|t:|1700060422\n|switch|p2a: Urshifu|Urshifu-Rapid-Strike, L50, F|100\/100\n|turn|3\n|\n|t:|1700060443\n|switch|p1b: Arcanine|Arcanine-Hisui, L50, M|100\/100\n|-ability|p1b: Arcanine|Intimidate|boost\n|-unboost|p2a: Urshifu|atk|1\n|-unboost|p2b: Tornadus|atk|1\n|-terastallize|p2a: Urshifu|Water\n|-terastallize|p1a: Gholdengo|Dragon\n|move|p2b: Tornadus|Rain Dance|p2b: Tornadus\n|-weather|RainDance\n|move|p2a: Urshifu|Surging Strikes|p1a: Gholdengo\n|-resisted|p1a: Gholdengo\n|-crit|p1a: Gholdengo\n|-damage|p1a: Gholdengo|79\/100\n|-resisted|p1a: Gholdengo\n|-crit|p1a: Gholdengo\n|-damage|p1a: Gholdengo|58\/100\n|-resisted|p1a: Gholdengo\n|-crit|p1a: Gholdengo\n|-damage|p1a: Gholdengo|36\/100\n|-hitcount|p1a: Gholdengo|3\n|move|p1a: Gholdengo|Make It Rain|p2a: Urshifu|[spread] p2a,p2b\n|-resisted|p2a: Urshifu\n|-damage|p2a: Urshifu|31\/100\n|-damage|p2b: Tornadus|4\/100\n|-unboost|p1a: Gholdengo|spa|1\n|\n|-weather|RainDance|[upkeep]\n|-heal|p2a: Urshifu|38\/100|[from] Grassy Terrain\n|-heal|p1a: Gholdengo|42\/100|[from] Grassy Terrain\n|-heal|p1a: Gholdengo|48\/100|[from] item: Leftovers\n|upkeep\n|turn|4\n|inactive|intark has 30 seconds left.\n|inactive|onyxchan has 30 seconds left.\n|inactive|onyxchan has 20 seconds left.\n|inactive|intark has 20 seconds left.\n|inactive|onyxchan has 15 seconds left.\n|inactive|intark has 15 seconds left.\n|inactive|onyxchan has 10 seconds left.\n|inactive|intark has 10 seconds left.\n|\n|t:|1700060495\n|move|p1b: Arcanine|Extreme Speed|p2a: Urshifu\n|-damage|p2a: Urshifu|0 fnt\n|faint|p2a: Urshifu\n|move|p2b: Tornadus|Bleakwind Storm|p1a: Gholdengo|[spread] p1a,p1b\n|-resisted|p1b: Arcanine\n|-damage|p1a: Gholdengo|16\/100\n|-damage|p1b: Arcanine|80\/100\n|move|p1a: Gholdengo|Make It Rain|p2b: Tornadus\n|-damage|p2b: Tornadus|0 fnt\n|-unboost|p1a: Gholdengo|spa|1\n|faint|p2b: Tornadus\n|\n|-weather|RainDance|[upkeep]\n|-heal|p1b: Arcanine|86\/100|[from] Grassy Terrain\n|-heal|p1a: Gholdengo|22\/100|[from] Grassy Terrain\n|-heal|p1a: Gholdengo|28\/100|[from] item: Leftovers\n|-sideend|p2: onyxchan|move: Tailwind\n|upkeep\n|\n|t:|1700060499\n|switch|p2b: Flutter Mane|Flutter Mane, L50|100\/100\n|-enditem|p2b: Flutter Mane|Booster Energy\n|-activate|p2b: Flutter Mane|ability: Protosynthesis|[fromitem]\n|-start|p2b: Flutter Mane|protosynthesisspa\n|turn|5\n|-message|onyxchan forfeited.\n|\n|win|intark\n|raw|intark's rating: 1325 &rarr; <strong>1342<\/strong><br \/>(+17 for winning)\n|raw|onyxchan's rating: 1267 &rarr; <strong>1246<\/strong><br \/>(-21 for losing)\n|l|\u2606onyxchan\n|c|\u2606intark|gg\n","uploadtime":1700060515,"views":13,"p1id":"intark","p2id":"onyxchan","formatid":"gen9vgc2023regulatione","rating":1246,"private":0,"password":""}