{"id":"gen9vgc2023regulatione-2000326051","p1":"pepping_out","p2":"jwheheheheu","format":"[Gen 9] VGC 2023 Regulation E","log":"|j|\u2606pepping_out\n|j|\u203djwheheheheu\n|t:|1701185176\n|gametype|doubles\n|player|p1|pepping_out|zinzolin|1034\n|player|p2|jwheheheheu|266|1000\n|teamsize|p1|6\n|teamsize|p2|6\n|gen|9\n|tier|[Gen 9] VGC 2023 Regulation E\n|rated|\n|rule|Species Clause: Limit one of each Pok\u00e9mon\n|rule|Item Clause: Limit one of each item\n|clearpoke\n|poke|p1|Medicham, L50, F|\n|poke|p1|Tornadus, L50, M|\n|poke|p1|Hydreigon, L50, F|\n|poke|p1|Amoonguss, L50, M|\n|poke|p1|Landorus-Therian, L50, M|\n|poke|p1|Braviary-Hisui, L50, M|\n|poke|p2|Raichu, L50, F|\n|poke|p2|Tornadus, L50, M|\n|poke|p2|Landorus, L50, M|\n|poke|p2|Baxcalibur, L50, F|\n|poke|p2|Grimmsnarl, L50, M|\n|poke|p2|Ogerpon-Wellspring, L50, F|\n|teampreview|4\n|inactive|Battle timer is ON: inactive players will automatically lose when time's up. (requested by jwheheheheu)\n|inactive|pepping_out has 60 seconds left.\n|\n|t:|1701185215\n|start\n|switch|p1a: Tornadus|Tornadus, L50, M|100\/100\n|switch|p1b: Braviary|Braviary-Hisui, L50, M|100\/100\n|switch|p2a: Tornadus|Tornadus, L50, M|100\/100\n|switch|p2b: Ogerpon|Ogerpon-Wellspring, L50, F|100\/100\n|turn|1\n|\n|t:|1701185236\n|switch|p2b: Raichu|Raichu, L50, F|100\/100\n|-terastallize|p1a: Tornadus|Dark\n|move|p2a: Tornadus|Tailwind|p2a: Tornadus\n|-sidestart|p2: jwheheheheu|move: Tailwind\n|move|p1a: Tornadus|Tailwind|p1a: Tornadus\n|-sidestart|p1: pepping_out|move: Tailwind\n|move|p1b: Braviary|Esper Wing|p2a: Tornadus\n|-crit|p2a: Tornadus\n|-damage|p2a: Tornadus|33\/100\n|-boost|p1b: Braviary|spe|1\n|-damage|p1b: Braviary|91\/100|[from] item: Life Orb\n|\n|upkeep\n|turn|2\n|\n|t:|1701185256\n|switch|p1a: Landorus|Landorus-Therian, L50, M|100\/100\n|-ability|p1a: Landorus|Intimidate|boost\n|-unboost|p2a: Tornadus|atk|1\n|-unboost|p2b: Raichu|atk|1\n|move|p1b: Braviary|Protect|p1b: Braviary\n|-singleturn|p1b: Braviary|Protect\n|move|p2a: Tornadus|Rain Dance|p2a: Tornadus\n|-weather|RainDance\n|move|p2b: Raichu|Thunder|p1b: Braviary\n|-activate|p1b: Braviary|move: Protect\n|\n|-weather|RainDance|[upkeep]\n|upkeep\n|turn|3\n|\n|t:|1701185279\n|switch|p2a: Landorus|Landorus, L50, M|100\/100\n|-terastallize|p2b: Raichu|Ice\n|move|p1a: Landorus|Rock Slide|p2b: Raichu|[spread] p2a,p2b\n|-supereffective|p2b: Raichu\n|-damage|p2a: Landorus|75\/100\n|-damage|p2b: Raichu|6\/100\n|move|p2b: Raichu|Thunder|p1b: Braviary\n|-supereffective|p1b: Braviary\n|-damage|p1b: Braviary|7\/100\n|-status|p1b: Braviary|par\n|move|p1b: Braviary|Esper Wing|p2b: Raichu\n|-damage|p2b: Raichu|0 fnt\n|-boost|p1b: Braviary|spe|1\n|faint|p2b: Raichu\n|-damage|p1b: Braviary|0 fnt|[from] item: Life Orb\n|faint|p1b: Braviary\n|\n|-weather|RainDance|[upkeep]\n|upkeep\n|\n|t:|1701185302\n|switch|p2b: Ogerpon|Ogerpon-Wellspring, L50, F|100\/100\n|switch|p1b: Medicham|Medicham, L50, F|100\/100\n|turn|4\n|\n|t:|1701185316\n|switch|p1a: Tornadus|Tornadus, L50, M, tera:Dark|100\/100\n|move|p2b: Ogerpon|Ivy Cudgel|p1a: Tornadus|[anim] Ivy Cudgel Water\n|-damage|p1a: Tornadus|0 fnt\n|faint|p1a: Tornadus\n|move|p2a: Landorus|Sandstorm|p2a: Landorus\n|-weather|Sandstorm\n|move|p1b: Medicham|Ice Punch|p2a: Landorus\n|-supereffective|p2a: Landorus\n|-damage|p2a: Landorus|0 fnt\n|faint|p2a: Landorus\n|\n|-weather|Sandstorm|[upkeep]\n|-damage|p2b: Ogerpon|95\/100|[from] Sandstorm\n|-damage|p1b: Medicham|95\/100|[from] Sandstorm\n|-sideend|p2: jwheheheheu|move: Tailwind\n|-sideend|p1: pepping_out|move: Tailwind\n|upkeep\n|\n|t:|1701185333\n|switch|p2a: Tornadus|Tornadus, L50, M|33\/100\n|switch|p1a: Landorus|Landorus-Therian, L50, M|100\/100\n|-ability|p1a: Landorus|Intimidate|boost\n|-unboost|p2a: Tornadus|atk|1\n|-unboost|p2b: Ogerpon|atk|1\n|turn|5\n|\n|t:|1701185345\n|move|p2a: Tornadus|Tailwind|p2a: Tornadus\n|-sidestart|p2: jwheheheheu|move: Tailwind\n|move|p2b: Ogerpon|Ivy Cudgel|p1a: Landorus|[anim] Ivy Cudgel Water\n|-supereffective|p1a: Landorus\n|-crit|p1a: Landorus\n|-damage|p1a: Landorus|0 fnt\n|faint|p1a: Landorus\n|move|p1b: Medicham|Close Combat|p2b: Ogerpon\n|-damage|p2b: Ogerpon|1\/100\n|-unboost|p1b: Medicham|def|1\n|-unboost|p1b: Medicham|spd|1\n|\n|-weather|Sandstorm|[upkeep]\n|-damage|p2b: Ogerpon|0 fnt|[from] Sandstorm\n|-damage|p2a: Tornadus|27\/100|[from] Sandstorm\n|-damage|p1b: Medicham|89\/100|[from] Sandstorm\n|faint|p2b: Ogerpon\n|upkeep\n|turn|6\n|\n|t:|1701185363\n|move|p2a: Tornadus|Bleakwind Storm|p1b: Medicham\n|-supereffective|p1b: Medicham\n|-damage|p1b: Medicham|0 fnt\n|faint|p1b: Medicham\n|\n|win|jwheheheheu\n|raw|pepping_out's rating: 1034 &rarr; <strong>1017<\/strong><br \/>(-17 for losing)\n|raw|jwheheheheu's rating: 1000 &rarr; <strong>1044<\/strong><br \/>(+44 for winning)\n|l|\u2606pepping_out\n","uploadtime":1701185389,"views":1,"p1id":"peppingout","p2id":"jwheheheheu","formatid":"gen9vgc2023regulatione","rating":1017,"private":0,"password":""}