{"id":"gen9vgc2023regulatione-1997803989","p1":"Sir Aaron07","p2":"LameLiarLeo","format":"[Gen 9] VGC 2023 Regulation E","log":"|j|\u2606Sir Aaron07\n|j|\u2606LameLiarLeo\n|t:|1700854462\n|gametype|doubles\n|player|p1|Sir Aaron07|furisodegirl-black|1463\n|player|p2|LameLiarLeo|caitlin|1556\n|teamsize|p1|6\n|teamsize|p2|6\n|gen|9\n|tier|[Gen 9] VGC 2023 Regulation E\n|rated|\n|rule|Species Clause: Limit one of each Pok\u00e9mon\n|rule|Item Clause: Limit one of each item\n|clearpoke\n|poke|p1|Urshifu-*, L50, M|\n|poke|p1|Gholdengo, L50|\n|poke|p1|Ogerpon-Wellspring, L50, F|\n|poke|p1|Iron Hands, L50|\n|poke|p1|Farigiraf, L50, F|\n|poke|p1|Tornadus, L50, M|\n|poke|p2|Chi-Yu, L50|\n|poke|p2|Iron Hands, L50|\n|poke|p2|Amoonguss, L50, F|\n|poke|p2|Landorus-Therian, L50, M|\n|poke|p2|Flutter Mane, L50|\n|poke|p2|Chien-Pao, L50|\n|teampreview|4\n|inactive|Battle timer is ON: inactive players will automatically lose when time's up. (requested by LameLiarLeo)\nSir Aaron07 has agreed to open team sheets.\n|c|\u2606Sir Aaron07|Leoooo???????\n|inactive|Sir Aaron07 has 60 seconds left.\n|inactive|LameLiarLeo has 60 seconds left.\n|c|\u2606LameLiarLeo|Oh lmaoo\n|c|\u2606LameLiarLeo|newvariatiom of tailroom?\n|c|\u2606Sir Aaron07|Don't share this replay before tmrw pleaseeee\n|c|\u2606Sir Aaron07|Yeah\n|inactive|Sir Aaron07 has 30 seconds left.\n|inactive|LameLiarLeo has 30 seconds left.\n|c|\u2606Sir Aaron07|But this one's special\n|c|\u2606LameLiarLeo|alright\n|inactive|LameLiarLeo has 20 seconds left.\n|inactive|LameLiarLeo has 15 seconds left.\n|inactive|LameLiarLeo has 10 seconds left.\n|\n|t:|1700854543\n|start\n|switch|p1a: PonPon!urTEAMgone|Ogerpon-Wellspring, L50, F|100\/100\n|switch|p1b: Maestro|Tornadus, L50, M|100\/100\n|switch|p2a: One Puch Mon|Iron Hands, L50|100\/100\n|switch|p2b: Old King|Landorus-Therian, L50, M|100\/100\n|-ability|p2b: Old King|Intimidate|boost\n|-unboost|p1a: PonPon!urTEAMgone|atk|1\n|-unboost|p1b: Maestro|atk|1\n|turn|1\n|c|\u2606Sir Aaron07|What's going on\n|c|\u2606Sir Aaron07|I literally battled agni today on the ladder and now you\n|c|\u2606Sir Aaron07|Lol\n|c|\u2606LameLiarLeo|lmfao\n|inactive|Sir Aaron07 has 30 seconds left.\n|\n|t:|1700854572\n|switch|p1a: Scrapper the Great|Iron Hands, L50, shiny|100\/100\n|-enditem|p1a: Scrapper the Great|Booster Energy\n|-activate|p1a: Scrapper the Great|ability: Quark Drive|[fromitem]\n|-start|p1a: Scrapper the Great|quarkdriveatk\n|-terastallize|p2b: Old King|Flying\n|move|p1b: Maestro|Tailwind|p1b: Maestro\n|-sidestart|p1: Sir Aaron07|move: Tailwind\n|move|p2b: Old King|Tera Blast|p1a: Scrapper the Great|[anim] Tera Blast Flying\n|-damage|p1a: Scrapper the Great|59\/100\n|move|p2a: One Puch Mon|Wild Charge|p1b: Maestro\n|-supereffective|p1b: Maestro\n|-damage|p1b: Maestro|0 fnt\n|faint|p1b: Maestro\n|-damage|p2a: One Puch Mon|80\/100|[from] Recoil\n|\n|upkeep\n|\n|t:|1700854597\n|switch|p1b: Arch Lorbius|Urshifu, L50, M|100\/100\n|turn|2\n|\n|t:|1700854606\n|switch|p2b: Urshi-Who|Amoonguss, L50, F|100\/100\n|-terastallize|p1b: Arch Lorbius|Poison\n|move|p1b: Arch Lorbius|Swords Dance|p1b: Arch Lorbius\n|-boost|p1b: Arch Lorbius|atk|2\n|move|p1a: Scrapper the Great|Wild Charge|p2b: Urshi-Who\n|-resisted|p2b: Urshi-Who\n|-damage|p2b: Urshi-Who|72\/100\n|-damage|p1a: Scrapper the Great|52\/100|[from] Recoil\n|move|p2a: One Puch Mon|Drain Punch|p1a: Scrapper the Great\n|-damage|p1a: Scrapper the Great|23\/100\n|-heal|p2a: One Puch Mon|95\/100|[from] drain|[of] p1a: Scrapper the Great\n|\n|upkeep\n|turn|3\n|inactive|LameLiarLeo has 30 seconds left.\n|\n|t:|1700854631\n|move|p2b: Urshi-Who|Protect|p2b: Urshi-Who\n|-singleturn|p2b: Urshi-Who|Protect\n|move|p1b: Arch Lorbius|Wicked Blow|p2b: Urshi-Who\n|-crit|p2b: Urshi-Who\n|-damage|p2b: Urshi-Who|0 fnt\n|faint|p2b: Urshi-Who\n|-damage|p1b: Arch Lorbius|91\/100|[from] item: Life Orb\n|move|p1a: Scrapper the Great|Close Combat|p2a: One Puch Mon\n|-damage|p2a: One Puch Mon|30\/100\n|-unboost|p1a: Scrapper the Great|def|1\n|-unboost|p1a: Scrapper the Great|spd|1\n|move|p2a: One Puch Mon|Drain Punch|p1a: Scrapper the Great\n|-damage|p1a: Scrapper the Great|0 fnt\n|-heal|p2a: One Puch Mon|41\/100|[from] drain|[of] p1a: Scrapper the Great\n|faint|p1a: Scrapper the Great\n|-end|p1a: Scrapper the Great|Quark Drive|[silent]\n|\n|upkeep\n|\n|t:|1700854651\n|switch|p1a: PonPon!urTEAMgone|Ogerpon-Wellspring, L50, F|100\/100\n|switch|p2b: Old King|Landorus-Therian, L50, M, tera:Flying|100\/100\n|-ability|p2b: Old King|Intimidate|boost\n|-unboost|p1a: PonPon!urTEAMgone|atk|1\n|-unboost|p1b: Arch Lorbius|atk|1\n|turn|4\n|\n|t:|1700854664\n|move|p1a: PonPon!urTEAMgone|Follow Me|p1a: PonPon!urTEAMgone\n|-singleturn|p1a: PonPon!urTEAMgone|move: Follow Me\n|move|p1b: Arch Lorbius|Wicked Blow|p2b: Old King\n|-crit|p2b: Old King\n|-damage|p2b: Old King|0 fnt\n|faint|p2b: Old King\n|-damage|p1b: Arch Lorbius|81\/100|[from] item: Life Orb\n|move|p2a: One Puch Mon|Drain Punch|p1a: PonPon!urTEAMgone\n|-damage|p1a: PonPon!urTEAMgone|54\/100\n|-heal|p2a: One Puch Mon|60\/100|[from] drain|[of] p1a: PonPon!urTEAMgone\n|\n|-sideend|p1: Sir Aaron07|move: Tailwind\n|upkeep\n|\n|t:|1700854669\n|switch|p2b: Tiger Rawr|Chien-Pao, L50|100\/100\n|-ability|p2b: Tiger Rawr|Sword of Ruin\n|turn|5\n|inactive|Sir Aaron07 has 30 seconds left.\n|\n|t:|1700854700\n|move|p2b: Tiger Rawr|Crunch|p1b: Arch Lorbius\n|-damage|p1b: Arch Lorbius|31\/100\n|move|p1a: PonPon!urTEAMgone|Horn Leech|p2a: One Puch Mon\n|-damage|p2a: One Puch Mon|31\/100\n|-heal|p1a: PonPon!urTEAMgone|72\/100|[from] drain|[of] p2a: One Puch Mon\n|move|p1b: Arch Lorbius|Wicked Blow|p2a: One Puch Mon\n|-resisted|p2a: One Puch Mon\n|-crit|p2a: One Puch Mon\n|-damage|p2a: One Puch Mon|0 fnt\n|faint|p2a: One Puch Mon\n|-end|p2a: One Puch Mon|Quark Drive|[silent]\n|-damage|p1b: Arch Lorbius|21\/100|[from] item: Life Orb\n|\n|upkeep\n|turn|6\n|c|\u2606LameLiarLeo|rip\n|\n|t:|1700854714\n|move|p1a: PonPon!urTEAMgone|Follow Me|p1a: PonPon!urTEAMgone\n|-singleturn|p1a: PonPon!urTEAMgone|move: Follow Me\n|move|p2b: Tiger Rawr|Crunch|p1a: PonPon!urTEAMgone\n|-damage|p1a: PonPon!urTEAMgone|15\/100\n|move|p1b: Arch Lorbius|Wicked Blow|p2b: Tiger Rawr\n|-resisted|p2b: Tiger Rawr\n|-crit|p2b: Tiger Rawr\n|-damage|p2b: Tiger Rawr|23\/100\n|-damage|p1b: Arch Lorbius|12\/100|[from] item: Life Orb\n|\n|upkeep\n|turn|7\n|c|\u2606LameLiarLeo|gg\n|c|\u2606Sir Aaron07|gg\n|c|\u2606Sir Aaron07|This team is for the server tour\n|c|\u2606LameLiarLeo|I see\n|inactive|Sir Aaron07 has 30 seconds left.\n|c|\u2606Sir Aaron07|And especially this version is for tempest\n|inactive|Sir Aaron07 has 20 seconds left.\n|inactive|Sir Aaron07 has 15 seconds left.\n|c|\u2606Sir Aaron07|Don't tell this to anyone lol\n|inactive|Sir Aaron07 has 10 seconds left.\n|\n|t:|1700854762\n|move|p2b: Tiger Rawr|Sucker Punch|p1a: PonPon!urTEAMgone\n|-damage|p1a: PonPon!urTEAMgone|0 fnt\n|faint|p1a: PonPon!urTEAMgone\n|move|p1b: Arch Lorbius|Wicked Blow|p2b: Tiger Rawr\n|-resisted|p2b: Tiger Rawr\n|-crit|p2b: Tiger Rawr\n|-damage|p2b: Tiger Rawr|0 fnt\n|faint|p2b: Tiger Rawr\n|-damage|p1b: Arch Lorbius|2\/100|[from] item: Life Orb\n|\n|win|Sir Aaron07\n|raw|Sir Aaron07's rating: 1463 &rarr; <strong>1488<\/strong><br \/>(+25 for winning)\n|raw|LameLiarLeo's rating: 1556 &rarr; <strong>1531<\/strong><br \/>(-25 for losing)\n|c|\u2606LameLiarLeo|yeah I wont\n|c|\u2606Sir Aaron07|ggwp\n|c|\u2606LameLiarLeo|you too\n","uploadtime":1700854995,"views":14,"p1id":"siraaron07","p2id":"lameliarleo","formatid":"gen9vgc2023regulatione","rating":1488,"private":0,"password":""}