{"id":"gen9vgc2023regulatione-1998506653","p1":"drmsang","p2":"weavvvvv","format":"[Gen 9] VGC 2023 Regulation E","log":"|j|\u2606drmsang\n|j|\u2606weavvvvv\n|t:|1700950098\n|gametype|doubles\n|player|p1|drmsang|1|1127\n|player|p2|weavvvvv|266|1039\n|teamsize|p1|6\n|teamsize|p2|6\n|gen|9\n|tier|[Gen 9] VGC 2023 Regulation E\n|rated|\n|rule|Species Clause: Limit one of each Pok\u00e9mon\n|rule|Item Clause: Limit one of each item\n|clearpoke\n|poke|p1|Kilowattrel, L50, M|\n|poke|p1|Garganacl, L50, F|\n|poke|p1|Brambleghast, L50, F|\n|poke|p1|Ceruledge, L50, M|\n|poke|p1|Rabsca, L50, M|\n|poke|p1|Iron Valiant, L50|\n|poke|p2|Urshifu-*, L50, M|\n|poke|p2|Pelipper, L50, F|\n|poke|p2|Regieleki, L50|\n|poke|p2|Tornadus, L50, M|\n|poke|p2|Landorus, L50, M|\n|poke|p2|Gastrodon-East, L50, M|\n|teampreview|4\n|\n|t:|1700950117\n|start\n|switch|p1a: Ceruledge|Ceruledge, L50, M|100\/100\n|switch|p1b: Iron Valiant|Iron Valiant, L50|100\/100\n|switch|p2a: Tornadus|Tornadus, L50, M, shiny|100\/100\n|switch|p2b: Pelipper|Pelipper, L50, F, shiny|100\/100\n|-weather|RainDance|[from] ability: Drizzle|[of] p2b: Pelipper\n|-enditem|p1b: Iron Valiant|Booster Energy\n|-activate|p1b: Iron Valiant|ability: Quark Drive|[fromitem]\n|-start|p1b: Iron Valiant|quarkdrivespa\n|turn|1\n|inactive|Battle timer is ON: inactive players will automatically lose when time's up. (requested by drmsang)\n|inactive|drmsang has 60 seconds left.\n|\n|t:|1700950158\n|-terastallize|p1b: Iron Valiant|Fairy\n|move|p1a: Ceruledge|Protect|p1a: Ceruledge\n|-singleturn|p1a: Ceruledge|Protect\n|move|p2a: Tornadus|Tailwind|p2a: Tornadus\n|-sidestart|p2: weavvvvv|move: Tailwind\n|move|p2b: Pelipper|Hurricane|p1b: Iron Valiant\n|-damage|p1b: Iron Valiant|6\/100\n|move|p1b: Iron Valiant|Dazzling Gleam|p2b: Pelipper|[spread] p2a,p2b\n|-damage|p2a: Tornadus|38\/100\n|-damage|p2b: Pelipper|17\/100\n|-enditem|p2b: Pelipper|Sitrus Berry|[eat]\n|-heal|p2b: Pelipper|42\/100|[from] item: Sitrus Berry\n|\n|-weather|RainDance|[upkeep]\n|upkeep\n|turn|2\n|inactive|drmsang has 30 seconds left.\n|\n|t:|1700950186\n|move|p1b: Iron Valiant|Vacuum Wave|p2a: Tornadus\n|-resisted|p2a: Tornadus\n|-damage|p2a: Tornadus|19\/100\n|move|p1a: Ceruledge|Shadow Sneak|p2b: Pelipper\n|-damage|p2b: Pelipper|10\/100\n|-damage|p1a: Ceruledge|90\/100|[from] item: Life Orb\n|move|p2a: Tornadus|Bleakwind Storm|p1a: Ceruledge|[spread] p1a,p1b\n|-damage|p1a: Ceruledge|36\/100\n|-damage|p1b: Iron Valiant|0 fnt\n|-unboost|p1a: Ceruledge|spe|1\n|faint|p1b: Iron Valiant\n|-end|p1b: Iron Valiant|Quark Drive|[silent]\n|move|p2b: Pelipper|Hurricane|p1a: Ceruledge\n|-damage|p1a: Ceruledge|0 fnt\n|faint|p1a: Ceruledge\n|\n|-weather|RainDance|[upkeep]\n|upkeep\n|\n|t:|1700950204\n|switch|p1b: Garganacl|Garganacl, L50, F|100\/100\n|switch|p1a: Brambleghast|Brambleghast, L50, F|100\/100\n|turn|3\n|inactive|drmsang has 30 seconds left.\n|\n|t:|1700950234\n|move|p1b: Garganacl|Wide Guard|p1b: Garganacl\n|-singleturn|p1b: Garganacl|Wide Guard\n|move|p1a: Brambleghast|Shadow Sneak|p2b: Pelipper\n|-damage|p2b: Pelipper|0 fnt\n|faint|p2b: Pelipper\n|move|p2a: Tornadus|Bleakwind Storm|p1a: Brambleghast|[spread] \n|-activate|p1a: Brambleghast|move: Wide Guard\n|-activate|p1b: Garganacl|move: Wide Guard\n|\n|-weather|RainDance|[upkeep]\n|upkeep\n|\n|t:|1700950248\n|switch|p2b: Regieleki|Regieleki, L50, shiny|100\/100\n|turn|4\n|inactive|drmsang has 30 seconds left.\n|\n|t:|1700950279\n|move|p2a: Tornadus|Taunt|p1b: Garganacl\n|-start|p1b: Garganacl|move: Taunt\n|move|p1a: Brambleghast|Shadow Sneak|p2b: Regieleki\n|-damage|p2b: Regieleki|56\/100\n|move|p2b: Regieleki|Thunder|p1a: Brambleghast\n|-resisted|p1a: Brambleghast\n|-damage|p1a: Brambleghast|46\/100\n|-status|p1a: Brambleghast|par\n|-enditem|p1a: Brambleghast|Sitrus Berry|[eat]\n|-heal|p1a: Brambleghast|70\/100 par|[from] item: Sitrus Berry\n|move|p1b: Garganacl|Salt Cure|p2b: Regieleki\n|-damage|p2b: Regieleki|27\/100\n|-start|p2b: Regieleki|Salt Cure\n|\n|-weather|RainDance|[upkeep]\n|-damage|p2b: Regieleki|15\/100|[from] Salt Cure\n|-sideend|p2: weavvvvv|move: Tailwind\n|upkeep\n|turn|5\n|inactive|weavvvvv has 30 seconds left.\n|\n|t:|1700950306\n|cant|p1a: Brambleghast|par\n|move|p2b: Regieleki|Thunder|p1a: Brambleghast\n|-resisted|p1a: Brambleghast\n|-damage|p1a: Brambleghast|10\/100 par\n|move|p2a: Tornadus|Bleakwind Storm|p1b: Garganacl|[spread] p1b\n|-ability|p1a: Brambleghast|Wind Rider|boost\n|-boost|p1a: Brambleghast|atk|1\n|-resisted|p1b: Garganacl\n|-damage|p1b: Garganacl|82\/100\n|-unboost|p1b: Garganacl|spe|1\n|move|p1b: Garganacl|Salt Cure|p2a: Tornadus\n|-supereffective|p2a: Tornadus\n|-damage|p2a: Tornadus|0 fnt\n|faint|p2a: Tornadus\n|\n|-weather|none\n|-heal|p1b: Garganacl|87\/100|[from] item: Leftovers\n|-damage|p2b: Regieleki|2\/100|[from] Salt Cure\n|upkeep\n|\n|t:|1700950326\n|switch|p2a: Landorus|Landorus, L50, M|100\/100\n|turn|6\n|\n|t:|1700950336\n|-terastallize|p2a: Landorus|Ground\n|cant|p1a: Brambleghast|par\n|move|p2b: Regieleki|Rain Dance|p2b: Regieleki\n|-weather|RainDance\n|move|p2a: Landorus|Sandsear Storm|p1a: Brambleghast|[spread] p1b\n|-ability|p1a: Brambleghast|Wind Rider|boost\n|-boost|p1a: Brambleghast|atk|1\n|-supereffective|p1b: Garganacl\n|-damage|p1b: Garganacl|0 fnt\n|faint|p1b: Garganacl\n|\n|-weather|RainDance|[upkeep]\n|-damage|p2b: Regieleki|0 fnt|[from] Salt Cure\n|faint|p2b: Regieleki\n|upkeep\n|turn|7\n|inactive|drmsang has 30 seconds left.\n|\n|t:|1700950366\n|move|p1a: Brambleghast|Shadow Sneak|p2a: Landorus\n|-damage|p2a: Landorus|60\/100\n|move|p2a: Landorus|Sandsear Storm|p1a: Brambleghast\n|-ability|p1a: Brambleghast|Wind Rider|boost\n|-boost|p1a: Brambleghast|atk|1\n|\n|-weather|RainDance|[upkeep]\n|upkeep\n|turn|8\n|-message|weavvvvv forfeited.\n|\n|win|drmsang\n|raw|drmsang's rating: 1127 &rarr; <strong>1146<\/strong><br \/>(+19 for winning)\n|raw|weavvvvv's rating: 1039 &rarr; <strong>1027<\/strong><br \/>(-12 for losing)\n|l|\u2606weavvvvv\n","uploadtime":1700950379,"views":13,"p1id":"drmsang","p2id":"weavvvvv","formatid":"gen9vgc2023regulatione","rating":1027,"private":0,"password":""}