{"id":"gen9vgc2023regulatione-1988601605","p1":"matiasval1502","p2":"JacopinoGenerale","format":"[Gen 9] VGC 2023 Regulation E","log":"|j|\u2606matiasval1502\n|j|\u2606JacopinoGenerale\n|t:|1699740715\n|gametype|doubles\n|player|p1|matiasval1502|lucas|1313\n|player|p2|JacopinoGenerale|benga|1274\n|teamsize|p1|6\n|teamsize|p2|6\n|gen|9\n|tier|[Gen 9] VGC 2023 Regulation E\n|rated|\n|rule|Species Clause: Limit one of each Pok\u00e9mon\n|rule|Item Clause: Limit one of each item\n|clearpoke\n|poke|p1|Tornadus, L50, M|\n|poke|p1|Chi-Yu, L50|\n|poke|p1|Iron Hands, L50|\n|poke|p1|Kingambit, L50, M|\n|poke|p1|Iron Bundle, L50|\n|poke|p1|Rillaboom, L50, F|\n|poke|p2|Ogerpon, L50, F|\n|poke|p2|Farigiraf, L50, M|\n|poke|p2|Dusclops, L50, M|\n|poke|p2|Ursaluna-Bloodmoon, L50, M|\n|poke|p2|Iron Hands, L50|\n|poke|p2|Urshifu-*, L50, M|\n|teampreview|4\n|inactive|Battle timer is ON: inactive players will automatically lose when time's up. (requested by JacopinoGenerale)\nJacopinoGenerale rejected open team sheets.\n|\n|t:|1699740735\n|start\n|switch|p1a: Tornadus|Tornadus, L50, M|100\/100\n|switch|p1b: Kingambit|Kingambit, L50, M|100\/100\n|switch|p2a: Dusclops|Dusclops, L50, M|100\/100\n|switch|p2b: Ursaluna|Ursaluna-Bloodmoon, L50, M|100\/100\n|-item|p1a: Tornadus|Covert Cloak|[from] ability: Frisk|[of] p2a: Dusclops|[identify]\n|-item|p1b: Kingambit|Sitrus Berry|[from] ability: Frisk|[of] p2a: Dusclops|[identify]\n|turn|1\n|inactive|matiasval1502 has 30 seconds left.\n|inactive|JacopinoGenerale has 30 seconds left.\n|inactive|matiasval1502 has 20 seconds left.\n|inactive|matiasval1502 has 15 seconds left.\n|inactive|matiasval1502 has 10 seconds left.\n|\n|t:|1699740780\n|move|p1a: Tornadus|Taunt|p2a: Dusclops\n|-start|p2a: Dusclops|move: Taunt\n|move|p1b: Kingambit|Swords Dance|p1b: Kingambit\n|-boost|p1b: Kingambit|atk|2\n|move|p2b: Ursaluna|Earth Power|p1b: Kingambit\n|-supereffective|p1b: Kingambit\n|-damage|p1b: Kingambit|1\/100\n|-enditem|p1b: Kingambit|Sitrus Berry|[eat]\n|-heal|p1b: Kingambit|26\/100|[from] item: Sitrus Berry\n|cant|p2a: Dusclops|move: Taunt|Trick Room\n|\n|upkeep\n|turn|2\n|\n|t:|1699740798\n|-terastallize|p2b: Ursaluna|Normal\n|move|p1b: Kingambit|Sucker Punch|p2b: Ursaluna\n|-damage|p2b: Ursaluna|45\/100\n|move|p1a: Tornadus|Bleakwind Storm|p2a: Dusclops|[spread] p2b\n|-miss|p1a: Tornadus|p2a: Dusclops\n|-damage|p2b: Ursaluna|1\/100\n|move|p2b: Ursaluna|Hyper Voice|p1a: Tornadus|[spread] p1a,p1b\n|-resisted|p1b: Kingambit\n|-damage|p1a: Tornadus|49\/100\n|-damage|p1b: Kingambit|1\/100\n|move|p2a: Dusclops|Brick Break|p1b: Kingambit\n|-supereffective|p1b: Kingambit\n|-damage|p1b: Kingambit|0 fnt\n|faint|p1b: Kingambit\n|\n|upkeep\n|\n|t:|1699740813\n|switch|p1b: Iron Bundle|Iron Bundle, L50|100\/100\n|-enditem|p1b: Iron Bundle|Booster Energy\n|-activate|p1b: Iron Bundle|ability: Quark Drive|[fromitem]\n|-start|p1b: Iron Bundle|quarkdrivespe\n|turn|3\n|\n|t:|1699740822\n|move|p2b: Ursaluna|Protect|p2b: Ursaluna\n|-singleturn|p2b: Ursaluna|Protect\n|move|p1a: Tornadus|Tailwind|p1a: Tornadus\n|-sidestart|p1: matiasval1502|move: Tailwind\n|move|p1b: Iron Bundle|Freeze-Dry|p2b: Ursaluna\n|-activate|p2b: Ursaluna|move: Protect\n|move|p2a: Dusclops|Brick Break|p1b: Iron Bundle\n|-supereffective|p1b: Iron Bundle\n|-damage|p1b: Iron Bundle|74\/100\n|\n|-end|p2a: Dusclops|move: Taunt\n|upkeep\n|turn|4\n|\n|t:|1699740836\n|move|p2b: Ursaluna|Protect|p2b: Ursaluna\n|-singleturn|p2b: Ursaluna|Protect\n|move|p1a: Tornadus|Taunt|p2a: Dusclops\n|-start|p2a: Dusclops|move: Taunt\n|move|p1b: Iron Bundle|Freeze-Dry|p2b: Ursaluna\n|-activate|p2b: Ursaluna|move: Protect\n|cant|p2a: Dusclops|move: Taunt|Trick Room\n|\n|upkeep\n|turn|5\n|\n|t:|1699740853\n|move|p1b: Iron Bundle|Freeze-Dry|p2b: Ursaluna\n|-damage|p2b: Ursaluna|0 fnt\n|faint|p2b: Ursaluna\n|move|p1a: Tornadus|Bleakwind Storm|p2a: Dusclops|[miss]\n|-miss|p1a: Tornadus|p2a: Dusclops\n|move|p2a: Dusclops|Brick Break|p1b: Iron Bundle\n|-supereffective|p1b: Iron Bundle\n|-damage|p1b: Iron Bundle|47\/100\n|\n|upkeep\n|\n|t:|1699740865\n|switch|p2b: Urshifu|Urshifu, L50, M|100\/100\n|turn|6\n|\n|t:|1699740873\n|move|p2b: Urshifu|Sucker Punch|p1a: Tornadus\n|-damage|p1a: Tornadus|0 fnt\n|faint|p1a: Tornadus\n|-damage|p2b: Urshifu|91\/100|[from] item: Life Orb\n|move|p1b: Iron Bundle|Hydro Pump|p2b: Urshifu\n|-damage|p2b: Urshifu|3\/100\n|move|p2a: Dusclops|Brick Break|p1b: Iron Bundle\n|-supereffective|p1b: Iron Bundle\n|-damage|p1b: Iron Bundle|17\/100\n|\n|-end|p2a: Dusclops|move: Taunt\n|-sideend|p1: matiasval1502|move: Tailwind\n|upkeep\n|\n|t:|1699740885\n|switch|p1a: Chi-Yu|Chi-Yu, L50|100\/100\n|-ability|p1a: Chi-Yu|Beads of Ruin\n|turn|7\n|\n|t:|1699740907\n|move|p2b: Urshifu|Sucker Punch|p1b: Iron Bundle\n|-damage|p1b: Iron Bundle|0 fnt\n|faint|p1b: Iron Bundle\n|-end|p1b: Iron Bundle|Quark Drive|[silent]\n|-damage|p2b: Urshifu|0 fnt|[from] item: Life Orb\n|faint|p2b: Urshifu\n|move|p1a: Chi-Yu|Dark Pulse|p2a: Dusclops\n|-supereffective|p2a: Dusclops\n|-damage|p2a: Dusclops|39\/100\n|move|p2a: Dusclops|Trick Room|p2a: Dusclops\n|-fieldstart|move: Trick Room|[of] p2a: Dusclops\n|\n|upkeep\n|\n|t:|1699740916\n|switch|p2b: Iron Hands|Iron Hands, L50|100\/100\n|-enditem|p2b: Iron Hands|Booster Energy\n|-activate|p2b: Iron Hands|ability: Quark Drive|[fromitem]\n|-start|p2b: Iron Hands|quarkdriveatk\n|turn|8\n|\n|t:|1699740931\n|-terastallize|p1a: Chi-Yu|Ghost\n|move|p2b: Iron Hands|Fake Out|p1a: Chi-Yu\n|-immune|p1a: Chi-Yu\n|move|p2a: Dusclops|Brick Break|p1a: Chi-Yu\n|-immune|p1a: Chi-Yu\n|move|p1a: Chi-Yu|Heat Wave|p2b: Iron Hands|[spread] p2a,p2b\n|-damage|p2a: Dusclops|15\/100\n|-damage|p2b: Iron Hands|53\/100\n|\n|upkeep\n|turn|9\n|\n|t:|1699740943\n|move|p2a: Dusclops|Will-O-Wisp|p1a: Chi-Yu\n|-status|p1a: Chi-Yu|brn\n|move|p2b: Iron Hands|Wild Charge|p1a: Chi-Yu\n|-enditem|p1a: Chi-Yu|Focus Sash\n|-damage|p1a: Chi-Yu|1\/100 brn\n|-damage|p2b: Iron Hands|40\/100|[from] Recoil\n|move|p1a: Chi-Yu|Psychic|p2b: Iron Hands\n|-supereffective|p2b: Iron Hands\n|-damage|p2b: Iron Hands|0 fnt\n|faint|p2b: Iron Hands\n|-end|p2b: Iron Hands|Quark Drive|[silent]\n|\n|-damage|p1a: Chi-Yu|0 fnt|[from] brn\n|faint|p1a: Chi-Yu\n|\n|win|JacopinoGenerale\n|upkeep\n|raw|matiasval1502's rating: 1313 &rarr; <strong>1291<\/strong><br \/>(-22 for losing)\n|raw|JacopinoGenerale's rating: 1274 &rarr; <strong>1302<\/strong><br \/>(+28 for winning)\n|c|\u2606JacopinoGenerale|heat wave\n|c|\u2606JacopinoGenerale|u win\n|c|\u2606JacopinoGenerale|man\n|c|\u2606matiasval1502|:(\n|l|\u2606matiasval1502\n|c|\u2606JacopinoGenerale|just heat wave\n","uploadtime":1699740992,"views":10,"p1id":"matiasval1502","p2id":"jacopinogenerale","formatid":"gen9vgc2023regulatione","rating":1291,"private":0,"password":""}