{"id":"gen9vgc2023regulatione-1997548624","p1":"Stoopidhydreigon","p2":"Helo1","format":"[Gen 9] VGC 2023 Regulation E","log":"|j|\u2606Stoopidhydreigon\n|j|\u2606Helo1\n|t:|1700823788\n|gametype|doubles\n|player|p1|Stoopidhydreigon|2|1270\n|player|p2|Helo1|hilda|1352\n|teamsize|p1|6\n|teamsize|p2|6\n|gen|9\n|tier|[Gen 9] VGC 2023 Regulation E\n|rated|\n|rule|Species Clause: Limit one of each Pok\u00e9mon\n|rule|Item Clause: Limit one of each item\n|clearpoke\n|poke|p1|Hydreigon, L50, F|\n|poke|p1|Arcanine-Hisui, L50, M|\n|poke|p1|Iron Hands, L50|\n|poke|p1|Ogerpon-Wellspring, L50, F|\n|poke|p1|Corviknight, L50, M|\n|poke|p1|Farigiraf, L50, M|\n|poke|p2|Sableye, L50, M|\n|poke|p2|Gholdengo, L50|\n|poke|p2|Ogerpon-Wellspring, L50, F|\n|poke|p2|Iron Hands, L50|\n|poke|p2|Landorus-Therian, L50, M|\n|poke|p2|Rotom-Heat, L50|\n|teampreview|4\n|inactive|Battle timer is ON: inactive players will automatically lose when time's up. (requested by Helo1)\n|inactive|Helo1 has 60 seconds left.\n|\n|t:|1700823831\n|start\n|switch|p1a: Corviknight|Corviknight, L50, M|100\/100\n|switch|p1b: Ogerpon|Ogerpon-Wellspring, L50, F|100\/100\n|switch|p2a: Worse Incin|Landorus-Therian, L50, M|100\/100\n|switch|p2b: Great Hands|Iron Hands, L50|100\/100\n|-ability|p2a: Worse Incin|Intimidate|boost\n|-ability|p1a: Corviknight|Mirror Armor\n|-unboost|p2a: Worse Incin|atk|1\n|-unboost|p1b: Ogerpon|atk|1\n|turn|1\n|\n|t:|1700823841\n|move|p2a: Worse Incin|U-turn|p1b: Ogerpon\n|-supereffective|p1b: Ogerpon\n|-damage|p1b: Ogerpon|59\/100\n|\n|t:|1700823844\n|switch|p2a: Rotom-Stove|Rotom-Heat, L50|100\/100|[from] U-turn\n|move|p1b: Ogerpon|Ivy Cudgel|p2a: Rotom-Stove|[anim] Ivy Cudgel Water\n|-supereffective|p2a: Rotom-Stove\n|-damage|p2a: Rotom-Stove|19\/100\n|-enditem|p2a: Rotom-Stove|Sitrus Berry|[eat]\n|-heal|p2a: Rotom-Stove|44\/100|[from] item: Sitrus Berry\n|move|p1a: Corviknight|Tailwind|p1a: Corviknight\n|-sidestart|p1: Stoopidhydreigon|move: Tailwind\n|move|p2b: Great Hands|Wild Charge|p1a: Corviknight\n|-supereffective|p1a: Corviknight\n|-crit|p1a: Corviknight\n|-damage|p1a: Corviknight|0 fnt\n|faint|p1a: Corviknight\n|-damage|p2b: Great Hands|79\/100|[from] Recoil\n|\n|upkeep\n|\n|t:|1700823864\n|switch|p1a: Iron Hands|Iron Hands, L50|100\/100\n|turn|2\n|\n|t:|1700823872\n|move|p2a: Rotom-Stove|Protect|p2a: Rotom-Stove\n|-singleturn|p2a: Rotom-Stove|Protect\n|move|p1b: Ogerpon|Horn Leech|p2b: Great Hands\n|-damage|p2b: Great Hands|60\/100\n|-heal|p1b: Ogerpon|72\/100|[from] drain|[of] p2b: Great Hands\n|move|p1a: Iron Hands|Drain Punch|p2a: Rotom-Stove\n|-activate|p2a: Rotom-Stove|move: Protect\n|move|p2b: Great Hands|Wild Charge|p1b: Ogerpon\n|-damage|p1b: Ogerpon|10\/100\n|-damage|p2b: Great Hands|49\/100|[from] Recoil\n|\n|upkeep\n|turn|3\n|\n|t:|1700823891\n|move|p1b: Ogerpon|Ivy Cudgel|p2a: Rotom-Stove|[anim] Ivy Cudgel Water\n|-supereffective|p2a: Rotom-Stove\n|-damage|p2a: Rotom-Stove|0 fnt\n|faint|p2a: Rotom-Stove\n|move|p1a: Iron Hands|Drain Punch|p2b: Great Hands\n|-damage|p2b: Great Hands|24\/100\n|move|p2b: Great Hands|Drain Punch|p1b: Ogerpon\n|-damage|p1b: Ogerpon|0 fnt\n|-heal|p2b: Great Hands|27\/100|[from] drain|[of] p1b: Ogerpon\n|faint|p1b: Ogerpon\n|\n|upkeep\n|\n|t:|1700823900\n|switch|p1b: Hydreigon|Hydreigon, L50, F|100\/100\n|switch|p2a: Worse Incin|Landorus-Therian, L50, M|100\/100\n|-ability|p2a: Worse Incin|Intimidate|boost\n|-unboost|p1a: Iron Hands|atk|1\n|-unboost|p1b: Hydreigon|atk|1\n|turn|4\n|\n|t:|1700823911\n|-terastallize|p1b: Hydreigon|Fire\n|move|p1b: Hydreigon|Heat Wave|p2b: Great Hands|[spread] p2b\n|-miss|p1b: Hydreigon|p2a: Worse Incin\n|-damage|p2b: Great Hands|0 fnt\n|faint|p2b: Great Hands\n|-end|p2b: Great Hands|Quark Drive|[silent]\n|-damage|p1b: Hydreigon|91\/100|[from] item: Life Orb\n|move|p2a: Worse Incin|Stomping Tantrum|p1a: Iron Hands\n|-supereffective|p1a: Iron Hands\n|-damage|p1a: Iron Hands|50\/100\n|move|p1a: Iron Hands|Heavy Slam|p2a: Worse Incin\n|-damage|p2a: Worse Incin|63\/100\n|\n|-sideend|p1: Stoopidhydreigon|move: Tailwind\n|upkeep\n|\n|t:|1700823915\n|switch|p2b: Monopoly Man|Gholdengo, L50|100\/100\n|turn|5\n|\n|t:|1700823929\n|-terastallize|p2b: Monopoly Man|Fairy\n|move|p2a: Worse Incin|Stomping Tantrum|p1a: Iron Hands\n|-supereffective|p1a: Iron Hands\n|-damage|p1a: Iron Hands|0 fnt\n|faint|p1a: Iron Hands\n|-end|p1a: Iron Hands|Quark Drive|[silent]\n|move|p1b: Hydreigon|Heat Wave|p2b: Monopoly Man|[spread] p2a,p2b\n|-damage|p2a: Worse Incin|8\/100\n|-damage|p2b: Monopoly Man|49\/100\n|-status|p2b: Monopoly Man|brn\n|-damage|p1b: Hydreigon|81\/100|[from] item: Life Orb\n|move|p2b: Monopoly Man|Shadow Ball|p1b: Hydreigon\n|-damage|p1b: Hydreigon|7\/100\n|\n|-damage|p2b: Monopoly Man|43\/100 brn|[from] brn\n|upkeep\n|turn|6\n|\n|t:|1700823943\n|move|p2a: Worse Incin|Stomping Tantrum|p1b: Hydreigon\n|-immune|p1b: Hydreigon|[from] ability: Levitate\n|move|p1b: Hydreigon|Heat Wave|p2a: Worse Incin|[spread] p2a,p2b\n|-damage|p2a: Worse Incin|0 fnt\n|-damage|p2b: Monopoly Man|0 fnt\n|faint|p2a: Worse Incin\n|faint|p2b: Monopoly Man\n|-damage|p1b: Hydreigon|0 fnt|[from] item: Life Orb\n|faint|p1b: Hydreigon\n|\n|win|Stoopidhydreigon\n|raw|Stoopidhydreigon's rating: 1270 &rarr; <strong>1301<\/strong><br \/>(+31 for winning)\n|raw|Helo1's rating: 1352 &rarr; <strong>1327<\/strong><br \/>(-25 for losing)\n","uploadtime":1700823955,"views":12,"p1id":"stoopidhydreigon","p2id":"helo1","formatid":"gen9vgc2023regulatione","rating":1301,"private":0,"password":""}