{"id":"gen9vgc2023regulatione-1992003006","p1":"bandino","p2":"tomachovgc","format":"[Gen 9] VGC 2023 Regulation E","log":"|j|\u2606bandino\n|j|\u2606tomachovgc\n|t:|1700146811\n|gametype|doubles\n|player|p1|bandino|lucas|1319\n|player|p2|tomachovgc|101|1234\n|teamsize|p1|6\n|teamsize|p2|6\n|gen|9\n|tier|[Gen 9] VGC 2023 Regulation E\n|rated|\n|rule|Species Clause: Limit one of each Pok\u00e9mon\n|rule|Item Clause: Limit one of each item\n|clearpoke\n|poke|p1|Annihilape, L50, F|\n|poke|p1|Clefairy, L50, M|\n|poke|p1|Urshifu-*, L50, F|\n|poke|p1|Arcanine-Hisui, L50, F|\n|poke|p1|Roaring Moon, L50|\n|poke|p1|Tornadus, L50, M|\n|poke|p2|Weezing, L50, M|\n|poke|p2|Arcanine, L50, F|\n|poke|p2|Roaring Moon, L50|\n|poke|p2|Sinistcha, L50|\n|poke|p2|Urshifu-*, L50, M|\n|poke|p2|Cresselia, L50, F|\n|teampreview|4\n|\n|t:|1700146843\n|start\n|switch|p1a: Roaring Moon|Roaring Moon, L50|100\/100\n|switch|p1b: Tornadus|Tornadus, L50, M|100\/100\n|switch|p2a: Weezing|Weezing, L50, M|100\/100\n|switch|p2b: Roaring Moon|Roaring Moon, L50|100\/100\n|-ability|p2a: Weezing|Neutralizing Gas\n|-enditem|p2b: Roaring Moon|Booster Energy\n|-activate|p2b: Roaring Moon|ability: Protosynthesis|[fromitem]\n|-start|p2b: Roaring Moon|protosynthesisspe\n|-enditem|p1a: Roaring Moon|Booster Energy\n|-activate|p1a: Roaring Moon|ability: Protosynthesis|[fromitem]\n|-start|p1a: Roaring Moon|protosynthesisspe\n|turn|1\n|inactive|Battle timer is ON: inactive players will automatically lose when time's up. (requested by tomachovgc)\n|\n|t:|1700146868\n|move|p2b: Roaring Moon|Taunt|p1b: Tornadus\n|-start|p1b: Tornadus|move: Taunt\n|move|p1a: Roaring Moon|Knock Off|p2a: Weezing\n|-damage|p2a: Weezing|65\/100\n|-enditem|p2a: Weezing|Leftovers|[from] move: Knock Off|[of] p1a: Roaring Moon\n|cant|p1b: Tornadus|move: Taunt|Taunt\n|move|p2a: Weezing|Will-O-Wisp|p1a: Roaring Moon\n|-status|p1a: Roaring Moon|brn\n|\n|-damage|p1a: Roaring Moon|95\/100 brn|[from] brn\n|upkeep\n|turn|2\n|\n|t:|1700146888\n|switch|p1b: Annihilape|Annihilape, L50, F|100\/100\n|move|p2a: Weezing|Protect|p2a: Weezing\n|-singleturn|p2a: Weezing|Protect\n|move|p2b: Roaring Moon|Knock Off|p1b: Annihilape\n|-damage|p1b: Annihilape|55\/100\n|-enditem|p1b: Annihilape|Leftovers|[from] move: Knock Off|[of] p2b: Roaring Moon\n|move|p1a: Roaring Moon|Breaking Swipe|p2a: Weezing|[spread] p2b\n|-activate|p2a: Weezing|move: Protect\n|-supereffective|p2b: Roaring Moon\n|-damage|p2b: Roaring Moon|68\/100\n|-unboost|p2b: Roaring Moon|atk|1\n|\n|-damage|p1a: Roaring Moon|89\/100 brn|[from] brn\n|upkeep\n|turn|3\n|inactive|tomachovgc has 30 seconds left.\n|\n|t:|1700146915\n|-terastallize|p2b: Roaring Moon|Flying\n|move|p1b: Annihilape|Protect|p1b: Annihilape\n|-singleturn|p1b: Annihilape|Protect\n|move|p2b: Roaring Moon|Acrobatics|p1b: Annihilape\n|-activate|p1b: Annihilape|move: Protect\n|move|p1a: Roaring Moon|Breaking Swipe|p2b: Roaring Moon|[spread] p2a,p2b\n|-damage|p2a: Weezing|57\/100\n|-damage|p2b: Roaring Moon|54\/100\n|-unboost|p2a: Weezing|atk|1\n|-unboost|p2b: Roaring Moon|atk|1\n|move|p2a: Weezing|Sludge Bomb|p1b: Annihilape\n|-activate|p1b: Annihilape|move: Protect\n|\n|-damage|p1a: Roaring Moon|83\/100 brn|[from] brn\n|upkeep\n|turn|4\n|inactive|bandino has 30 seconds left.\n|\n|t:|1700146944\n|-end|p2b: Roaring Moon|Protosynthesis|[silent]\n|switch|p2b: Urshifu|Urshifu-Rapid-Strike, L50, M|100\/100\n|-terastallize|p1b: Annihilape|Water\n|move|p1a: Roaring Moon|Breaking Swipe|p2b: Urshifu|[spread] p2a,p2b\n|-crit|p2b: Urshifu\n|-damage|p2a: Weezing|48\/100\n|-damage|p2b: Urshifu|83\/100\n|-unboost|p2a: Weezing|atk|1\n|-unboost|p2b: Urshifu|atk|1\n|move|p1b: Annihilape|Drain Punch|p2a: Weezing\n|-resisted|p2a: Weezing\n|-damage|p2a: Weezing|37\/100\n|-heal|p1b: Annihilape|59\/100|[from] drain|[of] p2a: Weezing\n|move|p2a: Weezing|Will-O-Wisp|p1b: Annihilape\n|-status|p1b: Annihilape|brn\n|\n|-damage|p1a: Roaring Moon|77\/100 brn|[from] brn\n|-damage|p1b: Annihilape|53\/100 brn|[from] brn\n|upkeep\n|turn|5\n|inactive|tomachovgc has 30 seconds left.\n|inactive|tomachovgc has 20 seconds left.\n|inactive|tomachovgc has 15 seconds left.\n|\n|t:|1700146987\n|-end|p2a: Weezing|ability: Neutralizing Gas\n|switch|p2a: Roaring Moon|Roaring Moon, L50, tera:Flying|54\/100\n|move|p1a: Roaring Moon|Knock Off|p2b: Urshifu\n|-resisted|p2b: Urshifu\n|-damage|p2b: Urshifu|71\/100\n|-enditem|p2b: Urshifu|Choice Scarf|[from] move: Knock Off|[of] p1a: Roaring Moon\n|move|p2b: Urshifu|Close Combat|p1a: Roaring Moon\n|-supereffective|p1a: Roaring Moon\n|-damage|p1a: Roaring Moon|0 fnt\n|-unboost|p2b: Urshifu|def|1\n|-unboost|p2b: Urshifu|spd|1\n|faint|p1a: Roaring Moon\n|-end|p1a: Roaring Moon|Protosynthesis|[silent]\n|move|p1b: Annihilape|Rage Fist|p2b: Urshifu\n|-damage|p2b: Urshifu|40\/100\n|\n|-damage|p1b: Annihilape|48\/100 brn|[from] brn\n|upkeep\n|\n|t:|1700147008\n|switch|p1a: Tornadus|Tornadus, L50, M|100\/100\n|turn|6\n|inactive|bandino has 30 seconds left.\n|\n|t:|1700147041\n|switch|p2b: Weezing|Weezing, L50, M|37\/100\n|-ability|p2b: Weezing|Neutralizing Gas\n|move|p1b: Annihilape|Protect|p1b: Annihilape\n|-singleturn|p1b: Annihilape|Protect\n|move|p2a: Roaring Moon|Taunt|p1a: Tornadus\n|-start|p1a: Tornadus|move: Taunt\n|cant|p1a: Tornadus|move: Taunt|Rain Dance\n|\n|-damage|p1b: Annihilape|42\/100 brn|[from] brn\n|upkeep\n|turn|7\n|\n|t:|1700147060\n|switch|p1a: Clefairy|Clefairy, L50, M|100\/100\n|move|p2b: Weezing|Protect|p2b: Weezing\n|-singleturn|p2b: Weezing|Protect\n|move|p2a: Roaring Moon|Knock Off|p1a: Clefairy\n|-resisted|p1a: Clefairy\n|-damage|p1a: Clefairy|76\/100\n|-enditem|p1a: Clefairy|Eviolite|[from] move: Knock Off|[of] p2a: Roaring Moon\n|move|p1b: Annihilape|Bulk Up|p1b: Annihilape\n|-boost|p1b: Annihilape|atk|1\n|-boost|p1b: Annihilape|def|1\n|\n|-damage|p1b: Annihilape|36\/100 brn|[from] brn\n|upkeep\n|turn|8\n|\n|t:|1700147076\n|move|p2a: Roaring Moon|Acrobatics|p1a: Clefairy\n|-damage|p1a: Clefairy|1\/100\n|move|p1b: Annihilape|Drain Punch|p2b: Weezing\n|-resisted|p2b: Weezing\n|-damage|p2b: Weezing|28\/100\n|-heal|p1b: Annihilape|39\/100 brn|[from] drain|[of] p2b: Weezing\n|move|p2b: Weezing|Haze|p2b: Weezing\n|-clearallboost\n|move|p1a: Clefairy|Life Dew|p1a: Clefairy|[spread] p1a,p1b\n|-heal|p1a: Clefairy|26\/100\n|-heal|p1b: Annihilape|64\/100 brn\n|\n|-damage|p1b: Annihilape|58\/100 brn|[from] brn\n|upkeep\n|turn|9\n|\n|t:|1700147101\n|move|p2a: Roaring Moon|Protect|p2a: Roaring Moon\n|-singleturn|p2a: Roaring Moon|Protect\n|move|p1a: Clefairy|Protect|p1a: Clefairy\n|-singleturn|p1a: Clefairy|Protect\n|move|p1b: Annihilape|Rage Fist|p2a: Roaring Moon\n|-activate|p2a: Roaring Moon|move: Protect\n|move|p2b: Weezing|Sludge Bomb|p1a: Clefairy\n|-activate|p1a: Clefairy|move: Protect\n|\n|-damage|p1b: Annihilape|52\/100 brn|[from] brn\n|upkeep\n|turn|10\n|\n|t:|1700147124\n|switch|p1a: Tornadus|Tornadus, L50, M|100\/100\n|move|p2a: Roaring Moon|Acrobatics|p1a: Tornadus\n|-damage|p1a: Tornadus|40\/100\n|move|p1b: Annihilape|Drain Punch|p2b: Weezing\n|-resisted|p2b: Weezing\n|-damage|p2b: Weezing|23\/100\n|-heal|p1b: Annihilape|54\/100 brn|[from] drain|[of] p2b: Weezing\n|move|p2b: Weezing|Haze|p2b: Weezing\n|-clearallboost\n|\n|-damage|p1b: Annihilape|48\/100 brn|[from] brn\n|upkeep\n|turn|11\n|\n|t:|1700147143\n|move|p2b: Weezing|Protect|p2b: Weezing\n|-singleturn|p2b: Weezing|Protect\n|move|p2a: Roaring Moon|Acrobatics|p1a: Tornadus\n|-damage|p1a: Tornadus|0 fnt\n|faint|p1a: Tornadus\n|move|p1b: Annihilape|Bulk Up|p1b: Annihilape\n|-boost|p1b: Annihilape|atk|1\n|-boost|p1b: Annihilape|def|1\n|\n|-damage|p1b: Annihilape|42\/100 brn|[from] brn\n|upkeep\n|\n|t:|1700147152\n|switch|p1a: Clefairy|Clefairy, L50, M|26\/100\n|turn|12\n|\n|t:|1700147170\n|-end|p2b: Weezing|ability: Neutralizing Gas\n|switch|p2b: Sinistcha|Sinistcha, L50|100\/100\n|-heal|p2a: Roaring Moon|79\/100|[from] ability: Hospitality|[of] p2b: Sinistcha\n|move|p1a: Clefairy|Protect|p1a: Clefairy\n|-singleturn|p1a: Clefairy|Protect\n|move|p2a: Roaring Moon|Taunt|p1b: Annihilape\n|-start|p1b: Annihilape|move: Taunt\n|move|p1b: Annihilape|Rage Fist|p2b: Sinistcha\n|-supereffective|p2b: Sinistcha\n|-damage|p2b: Sinistcha|41\/100\n|-damage|p1b: Annihilape|26\/100 brn|[from] item: Rocky Helmet|[of] p2b: Sinistcha\n|\n|-damage|p1b: Annihilape|20\/100 brn|[from] brn\n|upkeep\n|turn|13\n|\n|t:|1700147189\n|move|p2b: Sinistcha|Protect|p2b: Sinistcha\n|-singleturn|p2b: Sinistcha|Protect\n|move|p2a: Roaring Moon|Acrobatics|p1a: Clefairy\n|-damage|p1a: Clefairy|0 fnt\n|faint|p1a: Clefairy\n|move|p1b: Annihilape|Drain Punch|p2a: Roaring Moon\n|-resisted|p2a: Roaring Moon\n|-damage|p2a: Roaring Moon|65\/100\n|-heal|p1b: Annihilape|26\/100 brn|[from] drain|[of] p2a: Roaring Moon\n|\n|-damage|p1b: Annihilape|20\/100 brn|[from] brn\n|upkeep\n|turn|14\n|-message|bandino forfeited.\n|\n|win|tomachovgc\n|raw|bandino's rating: 1319 &rarr; <strong>1294<\/strong><br \/>(-25 for losing)\n|raw|tomachovgc's rating: 1234 &rarr; <strong>1265<\/strong><br \/>(+31 for winning)\n|l|\u2606bandino\n","uploadtime":1700147206,"views":25,"p1id":"bandino","p2id":"tomachovgc","formatid":"gen9vgc2023regulatione","rating":1265,"private":0,"password":""}