{"id":"gen9vgc2023regulatione-1991511380","p1":"Nervoneo","p2":"DarKnot","format":"[Gen 9] VGC 2023 Regulation E","log":"|j|\u2606Nervoneo\n|j|\u2606DarKnot\n|t:|1700083652\n|gametype|doubles\n|player|p1|Nervoneo|101|1063\n|player|p2|DarKnot|silver|1113\n|teamsize|p1|6\n|teamsize|p2|6\n|gen|9\n|tier|[Gen 9] VGC 2023 Regulation E\n|rated|\n|rule|Species Clause: Limit one of each Pok\u00e9mon\n|rule|Item Clause: Limit one of each item\n|clearpoke\n|poke|p1|Clodsire, L50, M|\n|poke|p1|Dipplin, L50, M|\n|poke|p1|Iron Bundle, L50|\n|poke|p1|Tauros-Paldea-Blaze, L50, M|\n|poke|p1|Landorus-Therian, L50, M|\n|poke|p1|Farigiraf, L50, M|\n|poke|p2|Clodsire, L50, M|\n|poke|p2|Raichu, L50, F|\n|poke|p2|Pelipper, L50, M|\n|poke|p2|Rotom-Mow, L50|\n|poke|p2|Munkidori, L50, M|\n|poke|p2|Clefairy, L50, F|\n|teampreview|4\n|c|\u2606Nervoneo|Clod\n|\n|t:|1700083717\n|start\n|switch|p1a: Farigiraf|Farigiraf, L50, M|100\/100\n|switch|p1b: Clodsire|Clodsire, L50, M|100\/100\n|switch|p2a: Clefairy|Clefairy, L50, F, shiny|100\/100\n|switch|p2b: Pelipper|Pelipper, L50, M|100\/100\n|-weather|RainDance|[from] ability: Drizzle|[of] p2b: Pelipper\n|turn|1\n|\n|t:|1700083731\n|move|p2b: Pelipper|Ice Beam|p1b: Clodsire\n|-supereffective|p1b: Clodsire\n|-damage|p1b: Clodsire|65\/100\n|move|p2a: Clefairy|Cosmic Power|p2a: Clefairy\n|-boost|p2a: Clefairy|def|1\n|-boost|p2a: Clefairy|spd|1\n|move|p1b: Clodsire|Gunk Shot|p2a: Clefairy\n|-supereffective|p2a: Clefairy\n|-damage|p2a: Clefairy|38\/100\n|-status|p2a: Clefairy|psn\n|move|p1a: Farigiraf|Trick Room|p1a: Farigiraf\n|-fieldstart|move: Trick Room|[of] p1a: Farigiraf\n|\n|-weather|RainDance|[upkeep]\n|-damage|p2a: Clefairy|26\/100 psn|[from] psn\n|upkeep\n|turn|2\n|\n|t:|1700083778\n|-terastallize|p2a: Clefairy|Psychic\n|move|p1b: Clodsire|Yawn|p2b: Pelipper\n|-start|p2b: Pelipper|move: Yawn|[of] p1b: Clodsire\n|move|p2a: Clefairy|Moonlight|p2a: Clefairy\n|-heal|p2a: Clefairy|51\/100 psn\n|move|p1a: Farigiraf|Psychic|p2a: Clefairy\n|-resisted|p2a: Clefairy\n|-crit|p2a: Clefairy\n|-damage|p2a: Clefairy|29\/100 psn\n|move|p2b: Pelipper|Ice Beam|p1b: Clodsire\n|-supereffective|p1b: Clodsire\n|-damage|p1b: Clodsire|33\/100\n|\n|-weather|RainDance|[upkeep]\n|-damage|p2a: Clefairy|17\/100 psn|[from] psn\n|upkeep\n|turn|3\n|\n|t:|1700083798\n|switch|p1b: Tauros|Tauros-Paldea-Blaze, L50, M|100\/100\n|-ability|p1b: Tauros|Intimidate|boost\n|-unboost|p2a: Clefairy|atk|1\n|-unboost|p2b: Pelipper|atk|1\n|move|p2a: Clefairy|Moonlight|p2a: Clefairy\n|-heal|p2a: Clefairy|42\/100 psn\n|move|p1a: Farigiraf|Dazzling Gleam|p2b: Pelipper|[spread] p2a,p2b\n|-damage|p2a: Clefairy|34\/100 psn\n|-damage|p2b: Pelipper|86\/100\n|move|p2b: Pelipper|Ice Beam|p1b: Tauros\n|-resisted|p1b: Tauros\n|-damage|p1b: Tauros|88\/100\n|\n|-weather|RainDance|[upkeep]\n|-heal|p2b: Pelipper|93\/100|[from] item: Leftovers\n|-damage|p2a: Clefairy|21\/100 psn|[from] psn\n|-end|p2b: Pelipper|move: Yawn|[silent]\n|-status|p2b: Pelipper|slp\n|upkeep\n|turn|4\n|\n|t:|1700083823\n|move|p2a: Clefairy|Stored Power|p1b: Tauros\n|-supereffective|p1b: Tauros\n|-damage|p1b: Tauros|57\/100\n|move|p1a: Farigiraf|Psychic|p2a: Clefairy\n|-resisted|p2a: Clefairy\n|-damage|p2a: Clefairy|12\/100 psn\n|-unboost|p2a: Clefairy|spd|1\n|cant|p2b: Pelipper|slp\n|move|p1b: Tauros|Rock Slide|p2a: Clefairy|[spread] p2a\n|-miss|p1b: Tauros|p2b: Pelipper\n|-damage|p2a: Clefairy|2\/100 psn\n|\n|-weather|RainDance|[upkeep]\n|-heal|p2b: Pelipper|99\/100 slp|[from] item: Leftovers\n|-damage|p2a: Clefairy|0 fnt|[from] psn\n|faint|p2a: Clefairy\n|upkeep\n|\n|t:|1700083844\n|switch|p2a: Rotom|Rotom-Mow, L50|100\/100\n|turn|5\n|\n|t:|1700083858\n|switch|p1a: Dipplin|Dipplin, L50, M|100\/100\n|-ability|p1a: Dipplin|Supersweet Syrup\n|-ability|p1a: Dipplin|Supersweet Syrup|boost\n|-unboost|p2a: Rotom|evasion|1\n|-unboost|p2b: Pelipper|evasion|1\n|switch|p2b: Raichu|Raichu, L50, F|100\/100\n|move|p1b: Tauros|Rock Slide|p2b: Raichu|[spread] p2a,p2b\n|-damage|p2a: Rotom|79\/100\n|-damage|p2b: Raichu|63\/100\n|cant|p2a: Rotom|flinch\n|\n|-weather|none\n|-fieldend|move: Trick Room\n|upkeep\n|turn|6\n|\n|t:|1700083890\n|move|p2b: Raichu|Fake Out|p1b: Tauros\n|-damage|p1b: Tauros|47\/100\n|move|p2a: Rotom|Discharge|p1b: Tauros|[spread] p1a,p1b\n|-ability|p2b: Raichu|Lightning Rod|boost\n|-boost|p2b: Raichu|spa|1\n|-resisted|p1a: Dipplin\n|-damage|p1a: Dipplin|96\/100\n|-damage|p1b: Tauros|22\/100\n|cant|p1b: Tauros|flinch\n|move|p1a: Dipplin|Syrup Bomb|p2b: Raichu\n|-damage|p2b: Raichu|21\/100\n|-start|p2b: Raichu|Syrup Bomb\n|\n|-unboost|p2b: Raichu|spe|1\n|upkeep\n|turn|7\n|\n|t:|1700083922\n|switch|p1a: Clodsire|Clodsire, L50, M|33\/100\n|move|p2a: Rotom|Discharge|p1a: Clodsire|[spread] p1b\n|-ability|p2b: Raichu|Lightning Rod|boost\n|-boost|p2b: Raichu|spa|1\n|-immune|p1a: Clodsire\n|-damage|p1b: Tauros|0 fnt\n|faint|p1b: Tauros\n|move|p2b: Raichu|Surf|p1a: Clodsire|[spread] p2a\n|-heal|p1a: Clodsire|58\/100|[from] ability: Water Absorb|[of] p2b: Raichu\n|-resisted|p2a: Rotom\n|-damage|p2a: Rotom|58\/100\n|\n|-unboost|p2b: Raichu|spe|1\n|upkeep\n|\n|t:|1700083942\n|switch|p1b: Dipplin|Dipplin, L50, M|96\/100\n|turn|8\n|\n|t:|1700083952\n|move|p2b: Raichu|Protect|p2b: Raichu\n|-singleturn|p2b: Raichu|Protect\n|move|p2a: Rotom|Discharge|p1a: Clodsire|[spread] p1b\n|-activate|p2b: Raichu|move: Protect\n|-immune|p1a: Clodsire\n|-resisted|p1b: Dipplin\n|-damage|p1b: Dipplin|91\/100\n|move|p1b: Dipplin|Pollen Puff|p1a: Clodsire\n|-heal|p1a: Clodsire|100\/100\n|move|p1a: Clodsire|Gunk Shot|p2a: Rotom\n|-supereffective|p2a: Rotom\n|-damage|p2a: Rotom|0 fnt\n|faint|p2a: Rotom\n|\n|-unboost|p2b: Raichu|spe|1\n|upkeep\n|\n|t:|1700083967\n|switch|p2a: Pelipper|Pelipper, L50, M|99\/100 slp\n|-weather|RainDance|[from] ability: Drizzle|[of] p2a: Pelipper\n|turn|9\n|\n|t:|1700083982\n|-curestatus|p2a: Pelipper|slp|[msg]\n|move|p2a: Pelipper|Ice Beam|p1b: Dipplin\n|-supereffective|p1b: Dipplin\n|-damage|p1b: Dipplin|25\/100\n|move|p2b: Raichu|Surf|p1b: Dipplin|[spread] p2a,p1b\n|-immune|p1a: Clodsire|[from] ability: Water Absorb\n|-resisted|p2a: Pelipper\n|-resisted|p1b: Dipplin\n|-damage|p2a: Pelipper|60\/100\n|-damage|p1b: Dipplin|15\/100\n|move|p1b: Dipplin|Syrup Bomb|p2a: Pelipper\n|-damage|p2a: Pelipper|24\/100\n|-start|p2a: Pelipper|Syrup Bomb\n|move|p1a: Clodsire|Stomping Tantrum|p2b: Raichu\n|-supereffective|p2b: Raichu\n|-damage|p2b: Raichu|0 fnt\n|faint|p2b: Raichu\n|\n|-weather|RainDance|[upkeep]\n|-heal|p2a: Pelipper|30\/100|[from] item: Leftovers\n|-unboost|p2a: Pelipper|spe|1\n|upkeep\n|turn|10\n|inactive|Battle timer is ON: inactive players will automatically lose when time's up. (requested by DarKnot)\n|\n|t:|1700084007\n|-terastallize|p1a: Clodsire|Poison\n|move|p2a: Pelipper|Ice Beam|p1b: Dipplin\n|-supereffective|p1b: Dipplin\n|-crit|p1b: Dipplin\n|-damage|p1b: Dipplin|0 fnt\n|faint|p1b: Dipplin\n|move|p1a: Clodsire|Gunk Shot|p2a: Pelipper\n|-damage|p2a: Pelipper|0 fnt\n|faint|p2a: Pelipper\n|\n|win|Nervoneo\n|raw|Nervoneo's rating: 1063 &rarr; <strong>1098<\/strong><br \/>(+35 for winning)\n|raw|DarKnot's rating: 1113 &rarr; <strong>1084<\/strong><br \/>(-29 for losing)\n|c|\u2606Nervoneo|gg\n|l|\u2606DarKnot\n","uploadtime":1700084020,"views":10,"p1id":"nervoneo","p2id":"darknot","formatid":"gen9vgc2023regulatione","rating":1084,"private":0,"password":""}