{"id":"gen9vgc2023regulatione-1995611657","p1":"Goose1758","p2":"opxqo","format":"[Gen 9] VGC 2023 Regulation E","log":"|j|\u2606Goose1758\n|j|\u2606opxqo\n|t:|1700587397\n|gametype|doubles\n|player|p1|Goose1758|170|1108\n|player|p2|opxqo|clair|1079\n|teamsize|p1|6\n|teamsize|p2|6\n|gen|9\n|tier|[Gen 9] VGC 2023 Regulation E\n|rated|\n|rule|Species Clause: Limit one of each Pok\u00e9mon\n|rule|Item Clause: Limit one of each item\n|clearpoke\n|poke|p1|Typhlosion-Hisui, L50, M|\n|poke|p1|Tropius, L50, F|\n|poke|p1|Torkoal, L50, F|\n|poke|p1|Flutter Mane, L50|\n|poke|p1|Lilligant-Hisui, L50, F|\n|poke|p1|Sableye, L50, M|\n|poke|p2|Sylveon, L50, F|\n|poke|p2|Dragonite, L50, M|\n|poke|p2|Ceruledge, L50, M|\n|poke|p2|Murkrow, L50, F|\n|poke|p2|Hydreigon, L50, F|\n|poke|p2|Garchomp, L50, M|\n|teampreview|4\n|inactive|Battle timer is ON: inactive players will automatically lose when time's up. (requested by opxqo)\n|inactive|opxqo has 60 seconds left.\n|\n|t:|1700587430\n|start\n|switch|p1a: Tropius|Tropius, L50, F|100\/100\n|switch|p1b: Sableye|Sableye, L50, M|100\/100\n|switch|p2a: Murkrow|Murkrow, L50, F|100\/100\n|switch|p2b: Garchomp|Garchomp, L50, M|100\/100\n|turn|1\n|\n|t:|1700587450\n|move|p1b: Sableye|Fake Out|p2a: Murkrow\n|-damage|p2a: Murkrow|92\/100\n|cant|p2a: Murkrow|flinch\n|move|p2b: Garchomp|Dragon Claw|p1a: Tropius\n|-damage|p1a: Tropius|59\/100\n|move|p1a: Tropius|Leech Seed|p2b: Garchomp\n|-start|p2b: Garchomp|move: Leech Seed\n|\n|-damage|p2b: Garchomp|88\/100|[from] Leech Seed|[of] p1a: Tropius\n|-heal|p1a: Tropius|71\/100|[silent]\n|upkeep\n|turn|2\n|\n|t:|1700587475\n|switch|p2b: Hydreigon|Hydreigon, L50, F|100\/100\n|move|p2a: Murkrow|Tailwind|p2a: Murkrow\n|-sidestart|p2: opxqo|move: Tailwind\n|move|p1b: Sableye|Sunny Day|p1b: Sableye\n|-weather|SunnyDay\n|move|p1a: Tropius|Leech Seed|p2a: Murkrow\n|-start|p2a: Murkrow|move: Leech Seed\n|\n|-weather|SunnyDay|[upkeep]\n|-damage|p2a: Murkrow|80\/100|[from] Leech Seed|[of] p1a: Tropius\n|-heal|p1a: Tropius|81\/100|[silent]\n|upkeep\n|turn|3\n|inactive|Goose1758 has 30 seconds left.\n|inactive|opxqo has 30 seconds left.\n|inactive|Goose1758 has 20 seconds left.\n|inactive|opxqo has 20 seconds left.\n|inactive|opxqo has 15 seconds left.\n|inactive|opxqo has 10 seconds left.\n|inactive|opxqo has 5 seconds left.\n|\n|t:|1700587529\n|switch|p2a: Sylveon|Sylveon, L50, F|100\/100\n|switch|p1b: Flutter Mane|Flutter Mane, L50|100\/100\n|-activate|p1b: Flutter Mane|ability: Protosynthesis\n|-start|p1b: Flutter Mane|protosynthesisspa\n|move|p2b: Hydreigon|Dark Pulse|p1a: Tropius\n|-damage|p1a: Tropius|31\/100\n|-enditem|p1a: Tropius|Sitrus Berry|[eat]\n|-heal|p1a: Tropius|57\/100|[from] item: Sitrus Berry\n|-damage|p2b: Hydreigon|91\/100|[from] item: Life Orb\n|move|p1a: Tropius|Leech Seed|p2b: Hydreigon\n|-start|p2b: Hydreigon|move: Leech Seed\n|\n|-weather|SunnyDay|[upkeep]\n|-damage|p2b: Hydreigon|78\/100|[from] Leech Seed|[of] p1a: Tropius\n|-heal|p1a: Tropius|67\/100|[silent]\n|-item|p1a: Tropius|Sitrus Berry|[from] ability: Harvest\n|upkeep\n|turn|4\n|\n|t:|1700587553\n|-terastallize|p2b: Hydreigon|Steel\n|-terastallize|p1b: Flutter Mane|Fairy\n|move|p1a: Tropius|Wide Guard|p1a: Tropius\n|-singleturn|p1a: Tropius|Wide Guard\n|move|p2b: Hydreigon|Flash Cannon|p1b: Flutter Mane\n|-supereffective|p1b: Flutter Mane\n|-damage|p1b: Flutter Mane|0 fnt\n|faint|p1b: Flutter Mane\n|-end|p1b: Flutter Mane|Protosynthesis|[silent]\n|-damage|p2b: Hydreigon|69\/100|[from] item: Life Orb\n|move|p2a: Sylveon|Hyper Voice|p1a: Tropius\n|-activate|p1a: Tropius|move: Wide Guard\n|\n|-weather|SunnyDay|[upkeep]\n|-damage|p2b: Hydreigon|56\/100|[from] Leech Seed|[of] p1a: Tropius\n|-heal|p1a: Tropius|77\/100|[silent]\n|upkeep\n|\n|t:|1700587564\n|switch|p1b: Sableye|Sableye, L50, M|100\/100\n|turn|5\n|\n|t:|1700587580\n|move|p1b: Sableye|Fake Out|p2b: Hydreigon\n|-resisted|p2b: Hydreigon\n|-damage|p2b: Hydreigon|52\/100\n|cant|p2b: Hydreigon|flinch\n|move|p2a: Sylveon|Hyper Voice|p1a: Tropius|[spread] p1a,p1b\n|-supereffective|p1b: Sableye\n|-damage|p1a: Tropius|37\/100\n|-enditem|p1b: Sableye|Focus Sash\n|-damage|p1b: Sableye|1\/100\n|-enditem|p1a: Tropius|Sitrus Berry|[eat]\n|-heal|p1a: Tropius|62\/100|[from] item: Sitrus Berry\n|-enditem|p2a: Sylveon|Throat Spray\n|-boost|p2a: Sylveon|spa|1|[from] item: Throat Spray\n|move|p1a: Tropius|Leech Seed|p2a: Sylveon\n|-start|p2a: Sylveon|move: Leech Seed\n|\n|-weather|SunnyDay|[upkeep]\n|-damage|p2b: Hydreigon|40\/100|[from] Leech Seed|[of] p1a: Tropius\n|-heal|p1a: Tropius|72\/100|[silent]\n|-damage|p2a: Sylveon|88\/100|[from] Leech Seed|[of] p1a: Tropius\n|-heal|p1a: Tropius|83\/100|[silent]\n|-sideend|p2: opxqo|move: Tailwind\n|-item|p1a: Tropius|Sitrus Berry|[from] ability: Harvest\n|upkeep\n|turn|6\n|inactive|Goose1758 has 30 seconds left.\n|inactive|opxqo has 30 seconds left.\n|inactive|Goose1758 has 20 seconds left.\n|\n|t:|1700587619\n|move|p1a: Tropius|Wide Guard|p1a: Tropius\n|-singleturn|p1a: Tropius|Wide Guard\n|move|p1b: Sableye|Shadow Sneak|p2b: Hydreigon\n|-damage|p2b: Hydreigon|27\/100\n|move|p2b: Hydreigon|Flash Cannon|p1a: Tropius\n|-damage|p1a: Tropius|31\/100\n|-enditem|p1a: Tropius|Sitrus Berry|[eat]\n|-heal|p1a: Tropius|57\/100|[from] item: Sitrus Berry\n|-damage|p2b: Hydreigon|17\/100|[from] item: Life Orb\n|move|p2a: Sylveon|Hyper Voice|p1a: Tropius|[spread] \n|-activate|p1a: Tropius|move: Wide Guard\n|-activate|p1b: Sableye|move: Wide Guard\n|\n|-weather|none\n|-damage|p2b: Hydreigon|5\/100|[from] Leech Seed|[of] p1a: Tropius\n|-heal|p1a: Tropius|67\/100|[silent]\n|-damage|p2a: Sylveon|76\/100|[from] Leech Seed|[of] p1a: Tropius\n|-heal|p1a: Tropius|77\/100|[silent]\n|upkeep\n|turn|7\n|\n|t:|1700587639\n|move|p1a: Tropius|Wide Guard|p1a: Tropius\n|-singleturn|p1a: Tropius|Wide Guard\n|move|p1b: Sableye|Sunny Day|p1b: Sableye\n|-weather|SunnyDay\n|move|p2b: Hydreigon|Flash Cannon|p1a: Tropius\n|-damage|p1a: Tropius|30\/100\n|-damage|p2b: Hydreigon|0 fnt|[from] item: Life Orb\n|faint|p2b: Hydreigon\n|move|p2a: Sylveon|Hyper Voice|p1b: Sableye|[spread] \n|-activate|p1a: Tropius|move: Wide Guard\n|-activate|p1b: Sableye|move: Wide Guard\n|\n|-weather|SunnyDay|[upkeep]\n|-damage|p2a: Sylveon|64\/100|[from] Leech Seed|[of] p1a: Tropius\n|-heal|p1a: Tropius|40\/100|[silent]\n|-item|p1a: Tropius|Sitrus Berry|[from] ability: Harvest\n|upkeep\n|-enditem|p1a: Tropius|Sitrus Berry|[eat]\n|-heal|p1a: Tropius|65\/100|[from] item: Sitrus Berry\n|\n|t:|1700587661\n|switch|p2b: Murkrow|Murkrow, L50, F|80\/100\n|turn|8\n|\n|t:|1700587671\n|move|p1a: Tropius|Wide Guard|p1a: Tropius\n|-singleturn|p1a: Tropius|Wide Guard\n|move|p2b: Murkrow|Tailwind|p2b: Murkrow\n|-sidestart|p2: opxqo|move: Tailwind\n|move|p1b: Sableye|Encore|p2a: Sylveon\n|-start|p2a: Sylveon|Encore\n|move|p2a: Sylveon|Hyper Voice|p1b: Sableye|[spread] \n|-activate|p1a: Tropius|move: Wide Guard\n|-activate|p1b: Sableye|move: Wide Guard\n|\n|-weather|SunnyDay|[upkeep]\n|-damage|p2a: Sylveon|52\/100|[from] Leech Seed|[of] p1a: Tropius\n|-heal|p1a: Tropius|76\/100|[silent]\n|-item|p1a: Tropius|Sitrus Berry|[from] ability: Harvest\n|upkeep\n|turn|9\n|\n|t:|1700587688\n|switch|p2a: Garchomp|Garchomp, L50, M|88\/100\n|switch|p1b: Typhlosion|Typhlosion-Hisui, L50, M|100\/100\n|-item|p2a: Garchomp|Clear Amulet|[from] ability: Frisk|[of] p1b: Typhlosion|[identify]\n|-item|p2b: Murkrow|Eviolite|[from] ability: Frisk|[of] p1b: Typhlosion|[identify]\n|move|p2b: Murkrow|Protect|p2b: Murkrow\n|-singleturn|p2b: Murkrow|Protect\n|move|p1a: Tropius|Wide Guard||[still]\n|-fail|p1a: Tropius\n|\n|-weather|SunnyDay|[upkeep]\n|upkeep\n|turn|10\n|\n|t:|1700587707\n|switch|p1b: Sableye|Sableye, L50, M|1\/100\n|move|p2a: Garchomp|Dragon Claw|p1a: Tropius\n|-damage|p1a: Tropius|38\/100\n|-enditem|p1a: Tropius|Sitrus Berry|[eat]\n|-heal|p1a: Tropius|63\/100|[from] item: Sitrus Berry\n|move|p2b: Murkrow|Foul Play|p1b: Sableye\n|-damage|p1b: Sableye|0 fnt\n|faint|p1b: Sableye\n|move|p1a: Tropius|Leech Seed|p2a: Garchomp\n|-start|p2a: Garchomp|move: Leech Seed\n|\n|-weather|SunnyDay|[upkeep]\n|-damage|p2a: Garchomp|75\/100|[from] Leech Seed|[of] p1a: Tropius\n|-heal|p1a: Tropius|75\/100|[silent]\n|-item|p1a: Tropius|Sitrus Berry|[from] ability: Harvest\n|upkeep\n|\n|t:|1700587717\n|switch|p1b: Typhlosion|Typhlosion-Hisui, L50, M|100\/100\n|-item|p2a: Garchomp|Clear Amulet|[from] ability: Frisk|[of] p1b: Typhlosion|[identify]\n|-item|p2b: Murkrow|Eviolite|[from] ability: Frisk|[of] p1b: Typhlosion|[identify]\n|turn|11\n|\n|t:|1700587740\n|move|p2a: Garchomp|Earthquake|p1b: Typhlosion|[spread] p1b\n|-immune|p2b: Murkrow\n|-immune|p1a: Tropius\n|-supereffective|p1b: Typhlosion\n|-damage|p1b: Typhlosion|0 fnt\n|faint|p1b: Typhlosion\n|move|p2b: Murkrow|Foul Play|p1a: Tropius\n|-damage|p1a: Tropius|59\/100\n|move|p1a: Tropius|Leech Seed|p2b: Murkrow\n|-start|p2b: Murkrow|move: Leech Seed\n|\n|-weather|none\n|-damage|p2a: Garchomp|63\/100|[from] Leech Seed|[of] p1a: Tropius\n|-heal|p1a: Tropius|71\/100|[silent]\n|-damage|p2b: Murkrow|68\/100|[from] Leech Seed|[of] p1a: Tropius\n|-heal|p1a: Tropius|81\/100|[silent]\n|-sideend|p2: opxqo|move: Tailwind\n|upkeep\n|turn|12\n|\n|t:|1700587763\n|switch|p2b: Sylveon|Sylveon, L50, F|52\/100\n|move|p2a: Garchomp|Dragon Claw|p1a: Tropius\n|-damage|p1a: Tropius|43\/100\n|-enditem|p1a: Tropius|Sitrus Berry|[eat]\n|-heal|p1a: Tropius|68\/100|[from] item: Sitrus Berry\n|move|p1a: Tropius|Energy Ball|p2a: Garchomp\n|-damage|p2a: Garchomp|29\/100\n|\n|-damage|p2a: Garchomp|16\/100|[from] Leech Seed|[of] p1a: Tropius\n|-heal|p1a: Tropius|80\/100|[silent]\n|-item|p1a: Tropius|Sitrus Berry|[from] ability: Harvest\n|upkeep\n|turn|13\n|\n|t:|1700587785\n|move|p1a: Tropius|Wide Guard|p1a: Tropius\n|-singleturn|p1a: Tropius|Wide Guard\n|move|p2a: Garchomp|Dragon Claw|p1a: Tropius\n|-damage|p1a: Tropius|39\/100\n|-enditem|p1a: Tropius|Sitrus Berry|[eat]\n|-heal|p1a: Tropius|64\/100|[from] item: Sitrus Berry\n|move|p2b: Sylveon|Hyper Voice|p1a: Tropius\n|-activate|p1a: Tropius|move: Wide Guard\n|\n|-damage|p2a: Garchomp|4\/100|[from] Leech Seed|[of] p1a: Tropius\n|-heal|p1a: Tropius|76\/100|[silent]\n|upkeep\n|turn|14\n|inactive|Goose1758 has 30 seconds left.\n|\n|t:|1700587813\n|switch|p2a: Murkrow|Murkrow, L50, F|68\/100\n|move|p1a: Tropius|Wide Guard|p1a: Tropius\n|-singleturn|p1a: Tropius|Wide Guard\n|move|p2b: Sylveon|Tera Blast|p1a: Tropius\n|-damage|p1a: Tropius|33\/100\n|\n|upkeep\n|turn|15\n|\n|t:|1700587825\n|move|p2a: Murkrow|Foul Play|p1a: Tropius\n|-damage|p1a: Tropius|18\/100\n|move|p2b: Sylveon|Tera Blast|p1a: Tropius\n|-damage|p1a: Tropius|0 fnt\n|faint|p1a: Tropius\n|\n|win|opxqo\n|raw|Goose1758's rating: 1108 &rarr; <strong>1081<\/strong><br \/>(-27 for losing)\n|raw|opxqo's rating: 1079 &rarr; <strong>1109<\/strong><br \/>(+30 for winning)\n|l|\u2606Goose1758\n","uploadtime":1700587841,"views":0,"p1id":"goose1758","p2id":"opxqo","formatid":"gen9vgc2023regulatione","rating":1081,"private":0,"password":""}