{"id":"gen9vgc2023regulatione-1988734499","p1":"Hobbesbirdman","p2":"Thatlookglope","format":"[Gen 9] VGC 2023 Regulation E","log":"|j|\u2606Hobbesbirdman\n|j|\u2606Thatlookglope\n|t:|1699756384\n|gametype|doubles\n|player|p1|Hobbesbirdman|dragontamer|1393\n|player|p2|Thatlookglope|brawly|1380\n|teamsize|p1|6\n|teamsize|p2|6\n|gen|9\n|tier|[Gen 9] VGC 2023 Regulation E\n|rated|\n|rule|Species Clause: Limit one of each Pok\u00e9mon\n|rule|Item Clause: Limit one of each item\n|clearpoke\n|poke|p1|Sinistcha, L50|\n|poke|p1|Moltres-Galar, L50|\n|poke|p1|Grimmsnarl, L50, M|\n|poke|p1|Arcanine-Hisui, L50, M|\n|poke|p1|Milotic, L50, M|\n|poke|p1|Munkidori, L50, M|\n|poke|p2|Tauros-Paldea-Blaze, L50, M|\n|poke|p2|Flutter Mane, L50|\n|poke|p2|Tornadus, L50, M|\n|poke|p2|Ogerpon-Wellspring, L50, F|\n|poke|p2|Landorus-Therian, L50, M|\n|poke|p2|Kingambit, L50, M|\n|teampreview|4\n|inactive|Battle timer is ON: inactive players will automatically lose when time's up. (requested by Hobbesbirdman)\n|inactive|Thatlookglope has 60 seconds left.\n|j| yawn+sleep1234\n|\n|t:|1699756435\n|start\n|switch|p1a: Grimmsnarl|Grimmsnarl, L50, M|100\/100\n|switch|p1b: Milotic|Milotic, L50, M|100\/100\n|switch|p2a: Ogerpon|Ogerpon-Wellspring, L50, F|100\/100\n|switch|p2b: Tornadus|Tornadus, L50, M|100\/100\n|turn|1\n|inactive|Hobbesbirdman has 30 seconds left.\n|\n|t:|1699756466\n|switch|p1b: Moltres|Moltres-Galar, L50|100\/100\n|move|p2b: Tornadus|Taunt|p1b: Moltres\n|-hint|Since gen 7, Dark is immune to Prankster moves.\n|-immune|p1b: Moltres\n|move|p1a: Grimmsnarl|Reflect|p1a: Grimmsnarl\n|-sidestart|p1: Hobbesbirdman|Reflect\n|move|p2a: Ogerpon|Ivy Cudgel|p1a: Grimmsnarl\n|-damage|p1a: Grimmsnarl|66\/100\n|\n|upkeep\n|turn|2\n|\n|t:|1699756490\n|move|p2b: Tornadus|Rain Dance|p2b: Tornadus\n|-weather|RainDance\n|move|p1a: Grimmsnarl|Parting Shot|p2a: Ogerpon\n|-unboost|p2a: Ogerpon|atk|1\n|-unboost|p2a: Ogerpon|spa|1\n|\n|t:|1699756495\n|switch|p1a: Sinistcha|Sinistcha, L50|100\/100|[from] Parting Shot\n|move|p2a: Ogerpon|Ivy Cudgel|p1b: Moltres\n|-damage|p1b: Moltres|60\/100\n|move|p1b: Moltres|Nasty Plot|p1b: Moltres\n|-boost|p1b: Moltres|spa|2\n|\n|-weather|RainDance|[upkeep]\n|upkeep\n|turn|3\n|\n|t:|1699756512\n|-terastallize|p1a: Sinistcha|Dragon\n|move|p1a: Sinistcha|Rage Powder|p1a: Sinistcha\n|-singleturn|p1a: Sinistcha|move: Rage Powder\n|move|p2a: Ogerpon|Ivy Cudgel|p1b: Moltres\n|-damage|p1b: Moltres|19\/100\n|-ability|p1b: Moltres|Berserk|boost\n|-boost|p1b: Moltres|spa|1\n|-enditem|p1b: Moltres|Sitrus Berry|[eat]\n|-heal|p1b: Moltres|44\/100|[from] item: Sitrus Berry\n|move|p2b: Tornadus|Bleakwind Storm|p1a: Sinistcha|[spread] p1a,p1b\n|-damage|p1a: Sinistcha|71\/100\n|-damage|p1b: Moltres|19\/100\n|move|p1b: Moltres|Fiery Wrath|p2b: Tornadus|[spread] p2a,p2b\n|-damage|p2a: Ogerpon|18\/100\n|-damage|p2b: Tornadus|17\/100\n|\n|-weather|RainDance|[upkeep]\n|upkeep\n|turn|4\n|inactive|Thatlookglope has 30 seconds left.\n|\n|t:|1699756541\n|switch|p2a: Tauros|Tauros-Paldea-Blaze, L50, M|100\/100\n|-ability|p2a: Tauros|Intimidate|boost\n|-unboost|p1a: Sinistcha|atk|1\n|-unboost|p1b: Moltres|atk|1\n|move|p1b: Moltres|Protect|p1b: Moltres\n|-singleturn|p1b: Moltres|Protect\n|move|p2b: Tornadus|Bleakwind Storm|p1a: Sinistcha|[spread] p1a\n|-activate|p1b: Moltres|move: Protect\n|-damage|p1a: Sinistcha|40\/100\n|move|p1a: Sinistcha|Matcha Gotcha|p2b: Tornadus|[spread] p2a,p2b\n|-resisted|p2a: Tauros\n|-resisted|p2b: Tornadus\n|-damage|p2a: Tauros|87\/100\n|-heal|p1a: Sinistcha|47\/100|[from] drain|[of] p2a: Tauros\n|-damage|p2b: Tornadus|5\/100\n|-heal|p1a: Sinistcha|54\/100|[from] drain|[of] p2b: Tornadus\n|\n|-weather|RainDance|[upkeep]\n|upkeep\n|turn|5\n|l| yawn+sleep1234\n|inactive|Hobbesbirdman has 30 seconds left.\n|inactive|Hobbesbirdman has 20 seconds left.\n|inactive|Hobbesbirdman has 15 seconds left.\n|inactive|Hobbesbirdman has 10 seconds left.\n|\n|t:|1699756591\n|switch|p1b: Grimmsnarl|Grimmsnarl, L50, M|66\/100\n|move|p2a: Tauros|Raging Bull|p1b: Grimmsnarl\n|-sideend|p1: Hobbesbirdman|Reflect\n|-damage|p1b: Grimmsnarl|50\/100\n|move|p2b: Tornadus|Bleakwind Storm|p1b: Grimmsnarl|[spread] p1a,p1b\n|-damage|p1a: Sinistcha|19\/100\n|-damage|p1b: Grimmsnarl|14\/100\n|move|p1a: Sinistcha|Matcha Gotcha|p2a: Tauros|[spread] p2a,p2b\n|-resisted|p2a: Tauros\n|-resisted|p2b: Tornadus\n|-damage|p2a: Tauros|73\/100\n|-heal|p1a: Sinistcha|26\/100|[from] drain|[of] p2a: Tauros\n|-damage|p2b: Tornadus|0 fnt\n|-heal|p1a: Sinistcha|29\/100|[from] drain|[of] p2b: Tornadus\n|faint|p2b: Tornadus\n|\n|-weather|RainDance|[upkeep]\n|upkeep\n|\n|t:|1699756612\n|switch|p2b: Flutter Mane|Flutter Mane, L50|100\/100\n|turn|6\n|\n|t:|1699756622\n|switch|p1a: Milotic|Milotic, L50, M|100\/100\n|move|p2a: Tauros|Protect|p2a: Tauros\n|-singleturn|p2a: Tauros|Protect\n|move|p1b: Grimmsnarl|Light Screen|p1b: Grimmsnarl\n|-sidestart|p1: Hobbesbirdman|move: Light Screen\n|move|p2b: Flutter Mane|Dazzling Gleam|p1b: Grimmsnarl|[spread] p1a,p1b\n|-supereffective|p1b: Grimmsnarl\n|-damage|p1a: Milotic|77\/100\n|-damage|p1b: Grimmsnarl|0 fnt\n|faint|p1b: Grimmsnarl\n|\n|-weather|none\n|upkeep\n|\n|t:|1699756635\n|switch|p1b: Moltres|Moltres-Galar, L50|19\/100\n|turn|7\n|\n|t:|1699756647\n|-terastallize|p2a: Tauros|Dragon\n|move|p1b: Moltres|Protect|p1b: Moltres\n|-singleturn|p1b: Moltres|Protect\n|move|p2b: Flutter Mane|Dazzling Gleam|p1b: Moltres|[spread] p1a\n|-activate|p1b: Moltres|move: Protect\n|-damage|p1a: Milotic|51\/100\n|move|p2a: Tauros|Raging Bull|p1b: Moltres\n|-activate|p1b: Moltres|move: Protect\n|move|p1a: Milotic|Hypnosis|p2b: Flutter Mane\n|-status|p2b: Flutter Mane|slp|[from] move: Hypnosis\n|\n|upkeep\n|turn|8\n|inactive|Hobbesbirdman has 30 seconds left.\n|\n|t:|1699756674\n|switch|p1a: Sinistcha|Sinistcha, L50, tera:Dragon|29\/100\n|-heal|p1b: Moltres|44\/100|[from] ability: Hospitality|[of] p1a: Sinistcha\n|cant|p2b: Flutter Mane|slp\n|move|p2a: Tauros|Raging Bull|p1b: Moltres\n|-sideend|p1: Hobbesbirdman|move: Light Screen\n|-damage|p1b: Moltres|10\/100\n|move|p1b: Moltres|Fiery Wrath|p2a: Tauros|[spread] p2a,p2b\n|-damage|p2a: Tauros|32\/100\n|-damage|p2b: Flutter Mane|72\/100 slp\n|\n|upkeep\n|turn|9\n|inactive|Hobbesbirdman has 30 seconds left.\n|\n|t:|1699756701\n|move|p2a: Tauros|Protect|p2a: Tauros\n|-singleturn|p2a: Tauros|Protect\n|move|p1b: Moltres|Protect|p1b: Moltres\n|-singleturn|p1b: Moltres|Protect\n|cant|p2b: Flutter Mane|slp\n|move|p1a: Sinistcha|Trick Room|p1a: Sinistcha\n|-fieldstart|move: Trick Room|[of] p1a: Sinistcha\n|\n|upkeep\n|turn|10\n|\n|t:|1699756724\n|move|p1a: Sinistcha|Life Dew|p1a: Sinistcha|[spread] p1a,p1b\n|-heal|p1a: Sinistcha|54\/100\n|-heal|p1b: Moltres|35\/100\n|move|p1b: Moltres|Fiery Wrath|p2a: Tauros|[spread] p2a,p2b\n|-damage|p2a: Tauros|0 fnt\n|-damage|p2b: Flutter Mane|41\/100 slp\n|faint|p2a: Tauros\n|cant|p2b: Flutter Mane|slp\n|\n|upkeep\n|\n|t:|1699756735\n|switch|p2a: Ogerpon|Ogerpon-Wellspring, L50, F|18\/100\n|turn|11\n|c|\u2606Thatlookglope|Fucking hypnosis bullshit\n|inactive|Thatlookglope has 30 seconds left.\n|c|\u2606Thatlookglope|Like seriously, fuck milotic\n|c|\u2606Thatlookglope|And fuck sleep\n|inactive|Thatlookglope has 20 seconds left.\n|c|\u2606Thatlookglope|Its a bullshit strategy\n|c|\u2606Thatlookglope|You should lose\n|inactive|Thatlookglope has 15 seconds left.\n|inactive|Thatlookglope has 10 seconds left.\n|\n|t:|1699756781\n|move|p2a: Ogerpon|Spiky Shield|p2a: Ogerpon\n|-singleturn|p2a: Ogerpon|move: Protect\n|move|p1a: Sinistcha|Life Dew|p1a: Sinistcha|[spread] p1a,p1b\n|-heal|p1a: Sinistcha|79\/100\n|-heal|p1b: Moltres|60\/100\n|move|p1b: Moltres|Air Slash|p2b: Flutter Mane\n|-damage|p2b: Flutter Mane|9\/100 slp\n|-curestatus|p2b: Flutter Mane|slp|[msg]\n|move|p2b: Flutter Mane|Dazzling Gleam|p1a: Sinistcha|[spread] p1a,p1b\n|-supereffective|p1a: Sinistcha\n|-supereffective|p1b: Moltres\n|-damage|p1a: Sinistcha|0 fnt\n|-damage|p1b: Moltres|0 fnt\n|faint|p1a: Sinistcha\n|faint|p1b: Moltres\n|\n|upkeep\n|\n|t:|1699756805\n|switch|p1b: Milotic|Milotic, L50, M|51\/100\n|turn|12\n|\n|t:|1699756812\n|move|p1b: Milotic|Icy Wind|p2a: Ogerpon|[spread] p2a,p2b\n|-damage|p2a: Ogerpon|6\/100\n|-damage|p2b: Flutter Mane|0 fnt\n|-unboost|p2a: Ogerpon|spe|1\n|faint|p2b: Flutter Mane\n|-end|p2b: Flutter Mane|Protosynthesis|[silent]\n|move|p2a: Ogerpon|Horn Leech|p1b: Milotic\n|-supereffective|p1b: Milotic\n|-damage|p1b: Milotic|0 fnt\n|-heal|p2a: Ogerpon|34\/100|[from] drain|[of] p1b: Milotic\n|faint|p1b: Milotic\n|\n|win|Thatlookglope\n|raw|Hobbesbirdman's rating: 1393 &rarr; <strong>1372<\/strong><br \/>(-21 for losing)\n|raw|Thatlookglope's rating: 1380 &rarr; <strong>1401<\/strong><br \/>(+21 for winning)\n","uploadtime":1699756744,"views":21,"p1id":"hobbesbirdman","p2id":"thatlookglope","formatid":"gen9vgc2023regulatione","rating":1372,"private":0,"password":""}