{"id":"gen9vgc2023regulatione-1995336910","p1":"WisdomLordAlgos","p2":"Tzagor","format":"[Gen 9] VGC 2023 Regulation E","log":"|j|\u2606WisdomLordAlgos\n|j|\u2606Tzagor\n|t:|1700555910\n|gametype|doubles\n|player|p1|WisdomLordAlgos|2|1294\n|player|p2|Tzagor|1|1292\n|teamsize|p1|6\n|teamsize|p2|6\n|gen|9\n|tier|[Gen 9] VGC 2023 Regulation E\n|rated|\n|rule|Species Clause: Limit one of each Pok\u00e9mon\n|rule|Item Clause: Limit one of each item\n|clearpoke\n|poke|p1|Ting-Lu, L50|\n|poke|p1|Gothitelle, L50, M|\n|poke|p1|Munkidori, L50, M|\n|poke|p1|Amoonguss, L50, M|\n|poke|p1|Kingambit, L50, F|\n|poke|p1|Iron Valiant, L50|\n|poke|p2|Flutter Mane, L50|\n|poke|p2|Tornadus, L50, M|\n|poke|p2|Regieleki, L50|\n|poke|p2|Chi-Yu, L50|\n|poke|p2|Ogerpon-Wellspring, L50, F|\n|poke|p2|Indeedee-F, L50, F|\n|teampreview|4\nTzagor has agreed to open team sheets.\n|inactive|Battle timer is ON: inactive players will automatically lose when time's up. (requested by Tzagor)\n|inactive|Tzagor has 60 seconds left.\nWisdomLordAlgos has agreed to open team sheets.\n|\n|t:|1700555971\n|start\n|switch|p1a: Iron Valiant|Iron Valiant, L50|100\/100\n|switch|p1b: Kingambit|Kingambit, L50, F|100\/100\n|switch|p2a: Tornadus|Tornadus, L50, M|100\/100\n|switch|p2b: Ogerpon|Ogerpon-Wellspring, L50, F|100\/100\n|-enditem|p1a: Iron Valiant|Booster Energy\n|-activate|p1a: Iron Valiant|ability: Quark Drive|[fromitem]\n|-start|p1a: Iron Valiant|quarkdrivespe\n|turn|1\n|inactive|Tzagor has 30 seconds left.\n|inactive|Tzagor has 20 seconds left.\n|\n|t:|1700556011\n|-terastallize|p2b: Ogerpon|Water\n|detailschange|p2b: Ogerpon|Ogerpon-Wellspring-Tera, L50, F, tera:Water\n|-ability|p2b: Ogerpon|Embody Aspect (Wellspring)|boost\n|-boost|p2b: Ogerpon|spd|1\n|move|p2a: Tornadus|Rain Dance|p2a: Tornadus\n|-weather|RainDance\n|move|p1a: Iron Valiant|Close Combat|p2b: Ogerpon\n|-damage|p2b: Ogerpon|39\/100\n|-unboost|p1a: Iron Valiant|def|1\n|-unboost|p1a: Iron Valiant|spd|1\n|move|p2b: Ogerpon|Ivy Cudgel|p1a: Iron Valiant|[anim] Ivy Cudgel Water\n|-damage|p1a: Iron Valiant|0 fnt\n|faint|p1a: Iron Valiant\n|-end|p1a: Iron Valiant|Quark Drive|[silent]\n|move|p1b: Kingambit|Swords Dance|p1b: Kingambit\n|-boost|p1b: Kingambit|atk|2\n|\n|-weather|RainDance|[upkeep]\n|upkeep\n|\n|t:|1700556015\n|switch|p1a: Gothitelle|Gothitelle, L50, M|100\/100\n|turn|2\n|inactive|Tzagor has 30 seconds left.\n|\n|t:|1700556042\n|move|p1b: Kingambit|Sucker Punch|p2b: Ogerpon\n|-damage|p2b: Ogerpon|0 fnt\n|faint|p2b: Ogerpon\n|move|p2a: Tornadus|Bleakwind Storm|p1a: Gothitelle|[spread] p1a,p1b\n|-resisted|p1b: Kingambit\n|-damage|p1a: Gothitelle|78\/100\n|-damage|p1b: Kingambit|86\/100\n|move|p1a: Gothitelle|Trick Room|p1a: Gothitelle\n|-fieldstart|move: Trick Room|[of] p1a: Gothitelle\n|\n|-weather|RainDance|[upkeep]\n|upkeep\n|\n|t:|1700556063\n|switch|p2b: Flutter Mane|Flutter Mane, L50|100\/100\n|turn|3\n|inactive|Tzagor has 30 seconds left.\n|\n|t:|1700556094\n|move|p1b: Kingambit|Kowtow Cleave|p2b: Flutter Mane\n|-enditem|p2b: Flutter Mane|Focus Sash\n|-damage|p2b: Flutter Mane|1\/100\n|move|p1a: Gothitelle|Psychic|p2b: Flutter Mane\n|-damage|p2b: Flutter Mane|0 fnt\n|faint|p2b: Flutter Mane\n|-end|p2b: Flutter Mane|Protosynthesis|[silent]\n|move|p2a: Tornadus|Bleakwind Storm|p1a: Gothitelle|[spread] p1a,p1b\n|-resisted|p1b: Kingambit\n|-damage|p1a: Gothitelle|55\/100\n|-damage|p1b: Kingambit|72\/100\n|\n|-weather|RainDance|[upkeep]\n|upkeep\n|\n|t:|1700556105\n|switch|p2b: Chi-Yu|Chi-Yu, L50|100\/100\n|-ability|p2b: Chi-Yu|Beads of Ruin\n|turn|4\n|\n|t:|1700556116\n|move|p1b: Kingambit|Kowtow Cleave|p2a: Tornadus\n|-damage|p2a: Tornadus|0 fnt\n|faint|p2a: Tornadus\n|move|p1a: Gothitelle|Psychic|p2b: Chi-Yu\n|-immune|p2b: Chi-Yu\n|move|p2b: Chi-Yu|Snarl|p1b: Kingambit|[spread] p1a,p1b\n|-supereffective|p1a: Gothitelle\n|-resisted|p1b: Kingambit\n|-damage|p1a: Gothitelle|0 fnt\n|-damage|p1b: Kingambit|54\/100\n|-unboost|p1b: Kingambit|spa|1\n|-ability|p1b: Kingambit|Defiant|boost\n|-boost|p1b: Kingambit|atk|2\n|faint|p1a: Gothitelle\n|-damage|p2b: Chi-Yu|91\/100|[from] item: Life Orb\n|\n|-weather|RainDance|[upkeep]\n|upkeep\n|\n|t:|1700556120\n|switch|p1a: Ting-Lu|Ting-Lu, L50|100\/100\n|-ability|p1a: Ting-Lu|Vessel of Ruin\n|turn|5\n|c|\u2606Tzagor|gg\n|c|\u2606WisdomLordAlgos|GG\n|\n|t:|1700556135\n|move|p1a: Ting-Lu|Stomping Tantrum|p2b: Chi-Yu\n|-supereffective|p2b: Chi-Yu\n|-damage|p2b: Chi-Yu|0 fnt\n|faint|p2b: Chi-Yu\n|\n|win|WisdomLordAlgos\n|raw|WisdomLordAlgos's rating: 1294 &rarr; <strong>1319<\/strong><br \/>(+25 for winning)\n|raw|Tzagor's rating: 1292 &rarr; <strong>1267<\/strong><br \/>(-25 for losing)\n|c|\u2606Tzagor|sciopa di ocan\n|l|\u2606Tzagor\n|c|\u2606WisdomLordAlgos|Come?\n","uploadtime":1700556200,"views":3,"p1id":"wisdomlordalgos","p2id":"tzagor","formatid":"gen9vgc2023regulatione","rating":1267,"private":0,"password":""}