{"id":"gen9vgc2023regulatione-1988745700","p1":"Solanum","p2":"ethangames.tw","format":"[Gen 9] VGC 2023 Regulation E","log":"|j|\u2606Solanum\n|j|\u2606ethangames.tw\n|t:|1699757779\n|gametype|doubles\n|player|p1|Solanum|palmer|\n|player|p2|ethangames.tw|giovanni|\n|teamsize|p1|6\n|teamsize|p2|6\n|gen|9\n|tier|[Gen 9] VGC 2023 Regulation E\n|rated|Tournament battle\n|rule|Species Clause: Limit one of each Pok\u00e9mon\n|rule|Item Clause: Limit one of each item\n|clearpoke\n|poke|p1|Baxcalibur, L50, M|\n|poke|p1|Ninetales-Alola, L50, M|\n|poke|p1|Rillaboom, L50, M|\n|poke|p1|Heatran, L50, M|\n|poke|p1|Landorus-Therian, L50, M|\n|poke|p1|Ogerpon-Wellspring, L50, F|\n|poke|p2|Pelipper, L50, M|\n|poke|p2|Basculegion, L50, M|\n|poke|p2|Gholdengo, L50|\n|poke|p2|Okidogi, L50, M|\n|poke|p2|Tornadus, L50, M|\n|poke|p2|Urshifu-*, L50, F|\n|teampreview|4\n|showteam|p1|Baxcalibur||LoadedDice|IceBody|ScaleShot,IcicleSpear,SwordsDance,Protect|||M|||50|,,,,,Poison]Ninetales-Alola||LightClay|SnowWarning|Blizzard,Moonblast,AuroraVeil,Protect|||M|||50|,,,,,Water]Rillaboom||AssaultVest|GrassySurge|FakeOut,WoodHammer,HighHorsepower,GrassyGlide|||M|||50|,,,,,Grass]Heatran||Leftovers|FlashFire|MagmaStorm,EarthPower,Substitute,Protect|||M|||50|,,,,,Fairy]Landorus-Therian||ChoiceScarf|Intimidate|StompingTantrum,RockSlide,TeraBlast,Uturn|||M|||50|,,,,,Flying]Ogerpon-Wellspring||WellspringMask|WaterAbsorb|FollowMe,SpikyShield,WoodHammer,IvyCudgel|||F|||50|,,,,,Water\n|showteam|p2|Pelipper||RockyHelmet|Drizzle|Protect,Hurricane,WideGuard,WeatherBall|||M|||50|,,,,,Water]Basculegion||FocusSash|SwiftSwim|Liquidation,LastRespects,Protect,AquaJet|||M|||50|,,,,,Water]Gholdengo||ChoiceSpecs|GoodasGold|MakeItRain,ShadowBall,DazzlingGleam,Trick||||||50|,,,,,Steel]Okidogi||AssaultVest|GuardDog|DrainPunch,KnockOff,HighHorsepower,PoisonJab|||M|||50|,,,,,Poison]Tornadus||YacheBerry|Prankster|BleakwindStorm,RainDance,SunnyDay,Tailwind|||M|||50|,,,,,Flying]Urshifu||ChoiceBand|UnseenFist|CloseCombat,WickedBlow,BrickBreak,SuckerPunch|||F|||50|,,,,,Fighting\n|j| DS1999\n|j|@Bright Size\n|j|%Radio Free C-Side\n|l| DS1999\n|inactive|Battle timer is ON: inactive players will automatically lose when time's up. (requested by ethangames.tw)\n|\n|t:|1699757825\n|start\n|switch|p1a: Baxcalibur|Baxcalibur, L50, M|100\/100\n|switch|p1b: Rillaboom|Rillaboom, L50, M|100\/100\n|switch|p2a: Tornadus|Tornadus, L50, M|100\/100\n|switch|p2b: Okidogi|Okidogi, L50, M|100\/100\n|-fieldstart|move: Grassy Terrain|[from] ability: Grassy Surge|[of] p1b: Rillaboom\n|turn|1\n|inactive|Solanum has 30 seconds left.\n|\n|t:|1699757858\n|switch|p2b: Gholdengo|Gholdengo, L50|100\/100\n|move|p1b: Rillaboom|Fake Out|p2b: Gholdengo\n|-immune|p2b: Gholdengo\n|move|p2a: Tornadus|Tailwind|p2a: Tornadus\n|-sidestart|p2: ethangames.tw|move: Tailwind\n|move|p1a: Baxcalibur|Icicle Spear|p2a: Tornadus\n|-supereffective|p2a: Tornadus\n|-enditem|p2a: Tornadus|Yache Berry|[eat]\n|-enditem|p2a: Tornadus|Yache Berry|[weaken]\n|-damage|p2a: Tornadus|83\/100\n|-supereffective|p2a: Tornadus\n|-damage|p2a: Tornadus|44\/100\n|-supereffective|p2a: Tornadus\n|-damage|p2a: Tornadus|11\/100\n|-supereffective|p2a: Tornadus\n|-damage|p2a: Tornadus|0 fnt\n|faint|p2a: Tornadus\n|-hitcount|p2: Tornadus|4\n|\n|upkeep\n|\n|t:|1699757872\n|switch|p2a: Okidogi|Okidogi, L50, M|100\/100\n|turn|2\n|\n|t:|1699757891\n|move|p1a: Baxcalibur|Protect|p1a: Baxcalibur\n|-singleturn|p1a: Baxcalibur|Protect\n|move|p2b: Gholdengo|Make It Rain|p1b: Rillaboom|[spread] p1b\n|-activate|p1a: Baxcalibur|move: Protect\n|-damage|p1b: Rillaboom|45\/100\n|-unboost|p2b: Gholdengo|spa|1\n|move|p2a: Okidogi|Poison Jab|p1b: Rillaboom\n|-supereffective|p1b: Rillaboom\n|-damage|p1b: Rillaboom|0 fnt\n|faint|p1b: Rillaboom\n|\n|upkeep\n|\n|t:|1699757915\n|switch|p1b: Ogerpon|Ogerpon-Wellspring, L50, F|100\/100\n|turn|3\n|\n|t:|1699757935\n|-terastallize|p1a: Baxcalibur|Poison\n|move|p1b: Ogerpon|Spiky Shield|p1b: Ogerpon\n|-singleturn|p1b: Ogerpon|move: Protect\n|move|p2b: Gholdengo|Make It Rain|p1b: Ogerpon|[spread] p1a\n|-activate|p1b: Ogerpon|move: Protect\n|-damage|p1a: Baxcalibur|55\/100\n|-unboost|p2b: Gholdengo|spa|1\n|move|p2a: Okidogi|Poison Jab|p1b: Ogerpon\n|-activate|p1b: Ogerpon|move: Protect\n|-damage|p2a: Okidogi|88\/100|[from] Spiky Shield|[of] p1b: Ogerpon\n|move|p1a: Baxcalibur|Swords Dance|p1a: Baxcalibur\n|-boost|p1a: Baxcalibur|atk|2\n|\n|-heal|p2a: Okidogi|94\/100|[from] Grassy Terrain\n|-heal|p1a: Baxcalibur|61\/100|[from] Grassy Terrain\n|upkeep\n|turn|4\n|inactive|Solanum has 30 seconds left.\n|inactive|Solanum has 20 seconds left.\n|inactive|Solanum has 15 seconds left.\n|inactive|Solanum has 10 seconds left.\n|\n|t:|1699757983\n|switch|p2b: Urshifu|Urshifu, L50, F|100\/100\n|move|p1a: Baxcalibur|Protect|p1a: Baxcalibur\n|-singleturn|p1a: Baxcalibur|Protect\n|move|p2a: Okidogi|Poison Jab|p1b: Ogerpon\n|-supereffective|p1b: Ogerpon\n|-damage|p1b: Ogerpon|0 fnt\n|faint|p1b: Ogerpon\n|\n|-heal|p2a: Okidogi|100\/100|[from] Grassy Terrain\n|-heal|p1a: Baxcalibur|67\/100|[from] Grassy Terrain\n|-sideend|p2: ethangames.tw|move: Tailwind\n|upkeep\n|\n|t:|1699757990\n|switch|p1b: Ninetales|Ninetales-Alola, L50, M|100\/100\n|-weather|Snow|[from] ability: Snow Warning|[of] p1b: Ninetales\n|turn|5\n|inactive|Solanum has 30 seconds left.\n|inactive|ethangames.tw has 30 seconds left.\n|inactive|ethangames.tw has 20 seconds left.\n|\n|t:|1699758028\n|switch|p2b: Gholdengo|Gholdengo, L50|100\/100\n|move|p1b: Ninetales|Aurora Veil|p1b: Ninetales\n|-sidestart|p1: Solanum|move: Aurora Veil\n|move|p1a: Baxcalibur|Swords Dance|p1a: Baxcalibur\n|-boost|p1a: Baxcalibur|atk|2\n|move|p2a: Okidogi|High Horsepower|p1a: Baxcalibur\n|-supereffective|p1a: Baxcalibur\n|-damage|p1a: Baxcalibur|19\/100\n|\n|-weather|Snow|[upkeep]\n|-heal|p1a: Baxcalibur|25\/100|[from] ability: Ice Body\n|-heal|p1a: Baxcalibur|31\/100|[from] Grassy Terrain\n|-fieldend|move: Grassy Terrain\n|upkeep\n|turn|6\n|inactive|Solanum has 30 seconds left.\n|inactive|ethangames.tw has 30 seconds left.\n|\n|t:|1699758054\n|move|p1b: Ninetales|Protect|p1b: Ninetales\n|-singleturn|p1b: Ninetales|Protect\n|move|p2b: Gholdengo|Make It Rain|p1a: Baxcalibur|[spread] p1a\n|-activate|p1b: Ninetales|move: Protect\n|-damage|p1a: Baxcalibur|0 fnt\n|-unboost|p2b: Gholdengo|spa|1\n|faint|p1a: Baxcalibur\n|move|p2a: Okidogi|High Horsepower|p1b: Ninetales\n|-activate|p1b: Ninetales|move: Protect\n|\n|-weather|Snow|[upkeep]\n|upkeep\n|turn|7\n|l|%Radio Free C-Side\n|\n|t:|1699758071\n|move|p1b: Ninetales|Moonblast|p2a: Okidogi\n|-damage|p2a: Okidogi|79\/100\n|move|p2b: Gholdengo|Make It Rain|p1b: Ninetales\n|-supereffective|p1b: Ninetales\n|-damage|p1b: Ninetales|0 fnt\n|-unboost|p2b: Gholdengo|spa|1\n|faint|p1b: Ninetales\n|\n|win|ethangames.tw\n|n|\u2606Solanum|solanum\n|n|\u2606ethangames.tw|ethangamestw\n|n| Bright Size|brightsize\n","uploadtime":1699758078,"views":22,"p1id":"solanum","p2id":"ethangamestw","formatid":"gen9vgc2023regulatione","rating":0,"private":0,"password":""}