{"id":"gen9vgc2023regulatione-2000506339","p1":"LichieRich","p2":"Lurvas","format":"[Gen 9] VGC 2023 Regulation E","log":"|j|\u2606LichieRich\n|j|\u2606Lurvas\n|t:|1701200525\n|gametype|doubles\n|player|p1|LichieRich|265|1311\n|player|p2|Lurvas|alder|1254\n|teamsize|p1|6\n|teamsize|p2|6\n|gen|9\n|tier|[Gen 9] VGC 2023 Regulation E\n|rated|\n|rule|Species Clause: Limit one of each Pok\u00e9mon\n|rule|Item Clause: Limit one of each item\n|clearpoke\n|poke|p1|Riolu, L50, F|\n|poke|p1|Urshifu-*, L50, F|\n|poke|p1|Chien-Pao, L50|\n|poke|p1|Rillaboom, L50, M|\n|poke|p1|Arcanine-Hisui, L50, M|\n|poke|p1|Tornadus, L50, M|\n|poke|p2|Urshifu-*, L50, M|\n|poke|p2|Rillaboom, L50, F|\n|poke|p2|Flutter Mane, L50|\n|poke|p2|Arcanine-Hisui, L50, F|\n|poke|p2|Chien-Pao, L50|\n|poke|p2|Tornadus, L50, M|\n|teampreview|4\nLurvas has agreed to open team sheets.\n|inactive|Battle timer is ON: inactive players will automatically lose when time's up. (requested by Lurvas)\n|\n|t:|1701200554\n|start\n|switch|p1a: Riolu|Riolu, L50, F|100\/100\n|switch|p1b: Urshifu|Urshifu, L50, F|100\/100\n|switch|p2a: Urshifu|Urshifu-Rapid-Strike, L50, M|100\/100\n|switch|p2b: Chien-Pao|Chien-Pao, L50|100\/100\n|-ability|p2b: Chien-Pao|Sword of Ruin\n|turn|1\n|inactive|LichieRich has 30 seconds left.\n|inactive|LichieRich has 20 seconds left.\n|\n|t:|1701200592\n|switch|p1b: Rillaboom|Rillaboom, L50, M|100\/100\n|-fieldstart|move: Grassy Terrain|[from] ability: Grassy Surge|[of] p1b: Rillaboom\n|move|p1a: Riolu|Howl|p1a: Riolu|[spread] p1a,p1b\n|-boost|p1a: Riolu|atk|1\n|-boost|p1b: Rillaboom|atk|1\n|move|p2b: Chien-Pao|Sacred Sword|p1b: Rillaboom\n|-damage|p1b: Rillaboom|61\/100\n|move|p2a: Urshifu|Surging Strikes|p1a: Riolu\n|-crit|p1a: Riolu\n|-enditem|p1a: Riolu|Focus Sash\n|-damage|p1a: Riolu|1\/100\n|-crit|p1a: Riolu\n|-damage|p1a: Riolu|0 fnt\n|faint|p1a: Riolu\n|-hitcount|p1: Riolu|2\n|\n|-heal|p1b: Rillaboom|68\/100|[from] Grassy Terrain\n|upkeep\n|\n|t:|1701200614\n|switch|p1a: Arcanine|Arcanine-Hisui, L50, M|100\/100\n|-ability|p1a: Arcanine|Intimidate|boost\n|-unboost|p2a: Urshifu|atk|1\n|-unboost|p2b: Chien-Pao|atk|1\n|turn|2\n|inactive|LichieRich has 30 seconds left.\n|inactive|LichieRich has 20 seconds left.\n|inactive|LichieRich has 15 seconds left.\n|inactive|LichieRich has 10 seconds left.\n|\n|t:|1701200660\n|-terastallize|p1a: Arcanine|Fairy\n|move|p2a: Urshifu|Detect|p2a: Urshifu\n|-singleturn|p2a: Urshifu|Protect\n|move|p1a: Arcanine|Extreme Speed|p2b: Chien-Pao\n|-damage|p2b: Chien-Pao|49\/100\n|move|p1b: Rillaboom|Grassy Glide|p2a: Urshifu\n|-activate|p2a: Urshifu|move: Protect\n|move|p2b: Chien-Pao|Icicle Crash|p1b: Rillaboom\n|-supereffective|p1b: Rillaboom\n|-damage|p1b: Rillaboom|0 fnt\n|faint|p1b: Rillaboom\n|\n|-heal|p2b: Chien-Pao|55\/100|[from] Grassy Terrain\n|upkeep\n|\n|t:|1701200674\n|switch|p1b: Urshifu|Urshifu, L50, F|100\/100\n|turn|3\n|\n|t:|1701200684\n|switch|p2a: Arcanine|Arcanine-Hisui, L50, F|100\/100\n|-ability|p2a: Arcanine|Intimidate|boost\n|-unboost|p1a: Arcanine|atk|1\n|-unboost|p1b: Urshifu|atk|1\n|move|p1a: Arcanine|Extreme Speed|p2a: Arcanine\n|-resisted|p2a: Arcanine\n|-damage|p2a: Arcanine|80\/100\n|move|p2b: Chien-Pao|Sucker Punch||[still]\n|-fail|p2b: Chien-Pao\n|move|p1b: Urshifu|Wicked Blow|p2b: Chien-Pao\n|-resisted|p2b: Chien-Pao\n|-crit|p2b: Chien-Pao\n|-damage|p2b: Chien-Pao|0 fnt\n|faint|p2b: Chien-Pao\n|\n|-heal|p2a: Arcanine|87\/100|[from] Grassy Terrain\n|upkeep\n|\n|t:|1701200702\n|switch|p2b: Urshifu|Urshifu-Rapid-Strike, L50, M|100\/100\n|turn|4\n|\n|t:|1701200710\n|-terastallize|p2a: Arcanine|Fairy\n|move|p1a: Arcanine|Extreme Speed|p2b: Urshifu\n|-damage|p2b: Urshifu|76\/100\n|move|p2b: Urshifu|Surging Strikes|p1a: Arcanine\n|-crit|p1a: Arcanine\n|-damage|p1a: Arcanine|69\/100\n|-crit|p1a: Arcanine\n|-damage|p1a: Arcanine|37\/100\n|-crit|p1a: Arcanine\n|-damage|p1a: Arcanine|6\/100\n|-hitcount|p1a: Arcanine|3\n|move|p2a: Arcanine|Rock Slide|p1b: Urshifu|[spread] p1a,p1b\n|-resisted|p1b: Urshifu\n|-crit|p1b: Urshifu\n|-damage|p1a: Arcanine|0 fnt\n|-damage|p1b: Urshifu|68\/100\n|faint|p1a: Arcanine\n|move|p1b: Urshifu|Wicked Blow|p2a: Arcanine\n|-resisted|p2a: Arcanine\n|-crit|p2a: Arcanine\n|-damage|p2a: Arcanine|43\/100\n|\n|-heal|p2b: Urshifu|82\/100|[from] Grassy Terrain\n|-heal|p2a: Arcanine|49\/100|[from] Grassy Terrain\n|-heal|p1b: Urshifu|74\/100|[from] Grassy Terrain\n|upkeep\n|turn|5\n|-message|LichieRich forfeited.\n|\n|win|Lurvas\n|raw|LichieRich's rating: 1311 &rarr; <strong>1288<\/strong><br \/>(-23 for losing)\n|raw|Lurvas's rating: 1254 &rarr; <strong>1283<\/strong><br \/>(+29 for winning)\n|l|\u2606LichieRich\n|c|\u2606Lurvas|gg\n","uploadtime":1701200737,"views":5,"p1id":"lichierich","p2id":"lurvas","formatid":"gen9vgc2023regulatione","rating":1283,"private":0,"password":""}