{"id":"gen9vgc2023regulatione-1988692100","p1":"D1gsVGC","p2":"idolhunter28273","format":"[Gen 9] VGC 2023 Regulation E","log":"|j|\u2606D1gsVGC\n|j|\u2606idolhunter28273\n|t:|1699751293\n|gametype|doubles\n|player|p1|D1gsVGC|red-masters|\n|player|p2|idolhunter28273|170|\n|teamsize|p1|6\n|teamsize|p2|6\n|gen|9\n|tier|[Gen 9] VGC 2023 Regulation E\n|rule|Species Clause: Limit one of each Pok\u00e9mon\n|rule|Item Clause: Limit one of each item\n|clearpoke\n|poke|p1|Volbeat, L50, M|\n|poke|p1|Gyarados, L50, F|\n|poke|p1|Thwackey, L50, M|\n|poke|p1|Heatran, L50, F|\n|poke|p1|Meowscarada, L50, M|\n|poke|p1|Bruxish, L50, F|\n|poke|p2|Cresselia, L50, F|\n|poke|p2|Ursaluna, L50, M|\n|poke|p2|Enamorus-Therian, L50, F|\n|poke|p2|Squawkabilly-White, L50, F|\n|poke|p2|Zoroark, L50, F|\n|poke|p2|Klefki, L50, M|\n|teampreview|4\n|inactive|Battle timer is ON: inactive players will automatically lose when time's up. (requested by D1gsVGC)\n|inactiveoff|Battle timer is now OFF.\n|c|\u2606idolhunter28273|timer is so scary lol\nidolhunter28273 rejected open team sheets.\n|c|\u2606idolhunter28273|glhf, for all the marbles\n|j| Pokemon_and_beer\n|c|\u2606D1gsVGC|glhf\n|j| MikeTitan\n|j| 4Azzy\n|c| Pokemon_and_beer|Glhf! Great set so far\n|c| MikeTitan|Gotta switch my viewpoint\n|c| MikeTitan|that\u2019ll determine the winner\n|c|\u2606D1gsVGC|lol\n|c|\u2606D1gsVGC|I hope it's mine\n|\n|t:|1699751349\n|start\n|switch|p1a: O Mascara|Meowscarada, L50, M|100\/100\n|switch|p1b: Up|Heatran, L50, F|100\/100\n|switch|p2a: Squawkabilly|Squawkabilly-White, L50, F|100\/100\n|switch|p2b: Klefki|Klefki, L50, M|100\/100\n|-ability|p2a: Squawkabilly|Intimidate|boost\n|-unboost|p1a: O Mascara|atk|1\n|-unboost|p1b: Up|atk|1\n|-item|p1b: Up|Air Balloon\n|turn|1\n|c| 4Azzy|dw d1gs im watching your side\n|\n|t:|1699751369\n|move|p1a: O Mascara|Protect|p1a: O Mascara\n|-singleturn|p1a: O Mascara|Protect\n|move|p2b: Klefki|Light Screen|p2b: Klefki\n|-sidestart|p2: idolhunter28273|move: Light Screen\n|move|p2a: Squawkabilly|Parting Shot|p1b: Up\n|-unboost|p1b: Up|atk|1\n|-unboost|p1b: Up|spa|1\n|c| 4Azzy|(i did it last game too)\n|\n|t:|1699751377\n|switch|p2a: Cresselia|Cresselia, L50, F|100\/100|[from] Parting Shot\n|move|p1b: Up|Taunt|p2b: Klefki\n|-start|p2b: Klefki|move: Taunt\n|\n|upkeep\n|turn|2\n|\n|t:|1699751398\n|switch|p2a: Squawkabilly|Squawkabilly-White, L50, F|100\/100\n|-ability|p2a: Squawkabilly|Intimidate|boost\n|-unboost|p1a: O Mascara|atk|1\n|-unboost|p1b: Up|atk|1\n|switch|p1b: Harambinho|Thwackey, L50, M|100\/100\n|-fieldstart|move: Grassy Terrain|[from] ability: Grassy Surge|[of] p1b: Harambinho\n|-terastallize|p1a: O Mascara|Grass\n|move|p1a: O Mascara|Flower Trick|p2a: Squawkabilly\n|-resisted|p2a: Squawkabilly\n|-crit|p2a: Squawkabilly\n|-damage|p2a: Squawkabilly|12\/100\n|-enditem|p2a: Squawkabilly|Sitrus Berry|[eat]\n|-heal|p2a: Squawkabilly|36\/100|[from] item: Sitrus Berry\n|move|p2b: Klefki|Dazzling Gleam|p1a: O Mascara|[spread] p1a,p1b\n|-damage|p1a: O Mascara|77\/100\n|-damage|p1b: Harambinho|84\/100\n|\n|-heal|p1b: Harambinho|90\/100|[from] Grassy Terrain\n|-heal|p1a: O Mascara|83\/100|[from] Grassy Terrain\n|upkeep\n|turn|3\n|c|\u2606D1gsVGC|NOO\n|\n|t:|1699751421\n|move|p1b: Harambinho|Fake Out|p2a: Squawkabilly\n|-damage|p2a: Squawkabilly|24\/100\n|cant|p2a: Squawkabilly|flinch\n|move|p1a: O Mascara|Flower Trick|p2a: Squawkabilly\n|-resisted|p2a: Squawkabilly\n|-crit|p2a: Squawkabilly\n|-damage|p2a: Squawkabilly|0 fnt\n|faint|p2a: Squawkabilly\n|move|p2b: Klefki|Dazzling Gleam|p1b: Harambinho|[spread] p1a,p1b\n|-damage|p1a: O Mascara|61\/100\n|-damage|p1b: Harambinho|73\/100\n|\n|-heal|p1b: Harambinho|79\/100|[from] Grassy Terrain\n|-heal|p1a: O Mascara|67\/100|[from] Grassy Terrain\n|upkeep\n|\n|t:|1699751432\n|switch|p2a: Cresselia|Cresselia, L50, F|100\/100\n|turn|4\n|\n|t:|1699751449\n|-terastallize|p2a: Cresselia|Dark\n|move|p1b: Harambinho|Screech|p2a: Cresselia\n|-unboost|p2a: Cresselia|def|2\n|move|p1a: O Mascara|Flower Trick|p2a: Cresselia\n|-crit|p2a: Cresselia\n|-damage|p2a: Cresselia|0 fnt\n|faint|p2a: Cresselia\n|move|p2b: Klefki|Dazzling Gleam|p1b: Harambinho|[spread] p1a,p1b\n|-damage|p1a: O Mascara|43\/100\n|-damage|p1b: Harambinho|62\/100\n|\n|-heal|p1b: Harambinho|68\/100|[from] Grassy Terrain\n|-heal|p1a: O Mascara|49\/100|[from] Grassy Terrain\n|-end|p2b: Klefki|move: Taunt\n|upkeep\n|\n|t:|1699751456\n|switch|p2a: Enamorus|Enamorus-Therian, L50, F|100\/100\n|turn|5\n|\n|t:|1699751468\n|switch|p1b: Up|Heatran, L50, F|100\/100\n|-item|p1b: Up|Air Balloon\n|move|p2b: Klefki|Metal Sound|p1b: Up|[miss]\n|-miss|p2b: Klefki|p1b: Up\n|move|p1a: O Mascara|Knock Off|p2b: Klefki\n|-resisted|p2b: Klefki\n|-damage|p2b: Klefki|88\/100\n|-enditem|p2b: Klefki|Light Clay|[from] move: Knock Off|[of] p1a: O Mascara\n|move|p2a: Enamorus|Dazzling Gleam|p1b: Up|[spread] p1a,p1b\n|-resisted|p1b: Up\n|-damage|p1a: O Mascara|0 fnt\n|-damage|p1b: Up|90\/100\n|-enditem|p1b: Up|Air Balloon\n|faint|p1a: O Mascara\n|\n|-heal|p1b: Up|96\/100|[from] Grassy Terrain\n|-heal|p2b: Klefki|94\/100|[from] Grassy Terrain\n|upkeep\n|c| 4Azzy|that cresselia got removed from the game\n|c|\u2606idolhunter28273|no kidding\n|\n|t:|1699751479\n|switch|p1a: Harambinho|Thwackey, L50, M|68\/100\n|turn|6\n|\n|t:|1699751490\n|move|p1a: Harambinho|Fake Out|p2a: Enamorus\n|-damage|p2a: Enamorus|93\/100\n|move|p2b: Klefki|Reflect|p2b: Klefki\n|-sidestart|p2: idolhunter28273|Reflect\n|move|p1b: Up|Substitute|p1b: Up\n|-start|p1b: Up|Substitute\n|-damage|p1b: Up|72\/100\n|cant|p2a: Enamorus|flinch\n|\n|-heal|p1a: Harambinho|74\/100|[from] Grassy Terrain\n|-heal|p1b: Up|78\/100|[from] Grassy Terrain\n|-heal|p2b: Klefki|100\/100|[from] Grassy Terrain\n|-fieldend|move: Grassy Terrain\n|upkeep\n|turn|7\n|\n|t:|1699751500\n|move|p1b: Up|Protect|p1b: Up\n|-singleturn|p1b: Up|Protect\n|move|p2b: Klefki|Reflect||[still]\n|-fail|p2b: Klefki\n|move|p1a: Harambinho|Screech|p2a: Enamorus\n|-unboost|p2a: Enamorus|def|2\n|move|p2a: Enamorus|Earth Power|p1b: Up\n|-activate|p1b: Up|move: Protect\n|\n|upkeep\n|turn|8\n|\n|t:|1699751510\n|switch|p1a: Dragon Lore:|Gyarados, L50, F|100\/100\n|-ability|p1a: Dragon Lore:|Intimidate|boost\n|-unboost|p2a: Enamorus|atk|1\n|-unboost|p2b: Klefki|atk|1\n|move|p2b: Klefki|Metal Sound|p1b: Up\n|-unboost|p1b: Up|spd|2\n|move|p1b: Up|Heat Wave|p2b: Klefki|[spread] p2a,p2b\n|-supereffective|p2b: Klefki\n|-damage|p2a: Enamorus|65\/100\n|-damage|p2b: Klefki|44\/100\n|move|p2a: Enamorus|Earth Power|p1b: Up\n|-supereffective|p1b: Up\n|-end|p1b: Up|Substitute\n|\n|-sideend|p2: idolhunter28273|move: Light Screen\n|upkeep\n|turn|9\n|\n|t:|1699751534\n|move|p2b: Klefki|Light Screen|p2b: Klefki\n|-sidestart|p2: idolhunter28273|move: Light Screen\n|move|p1a: Dragon Lore:|Waterfall|p2a: Enamorus\n|-damage|p2a: Enamorus|0 fnt\n|faint|p2a: Enamorus\n|-damage|p1a: Dragon Lore:|90\/100|[from] item: Life Orb\n|move|p1b: Up|Heat Wave|p2b: Klefki\n|-supereffective|p2b: Klefki\n|-damage|p2b: Klefki|0 fnt\n|faint|p2b: Klefki\n|\n|win|D1gsVGC\n|c|\u2606D1gsVGC|GG\n|c|\u2606idolhunter28273|man fuck\n|c|\u2606idolhunter28273|gg\n|c|\u2606idolhunter28273|you played excellent\n|c|\u2606D1gsVGC|was very fun\n|c| Pokemon_and_beer|GGs\n|c|\u2606idolhunter28273|i had nothing for tran\n|c|\u2606D1gsVGC|thanks\n|c|\u2606D1gsVGC|you too\n|c| MikeTitan|Ggs!\n|c|\u2606idolhunter28273|eh\n|l| MikeTitan\n|c|\u2606idolhunter28273|i played well g2 ill give myself that\n|c| 4Azzy|poggers\n|c|\u2606idolhunter28273|man i wish i built knowing you had meow, i didnt have time to rebuild\n|c| 4Azzy|remember that a forfeit counts as your mons fainting for records\n|c|\u2606idolhunter28273|?\n|l| Pokemon_and_beer\n|c| 4Azzy|in g2\n|c|\u2606D1gsVGC|yeah\n|c| 4Azzy|digs forfeited\n|c|\u2606D1gsVGC|but it wouldn't be able to kill anything\n|c| 4Azzy|that counts as all his remining mons fainting\n|c| 4Azzy|which granted is only one\n|c|\u2606idolhunter28273|it woulda tho lol\n|l| 4Azzy\n","uploadtime":1699751727,"views":20,"p1id":"d1gsvgc","p2id":"idolhunter28273","formatid":"gen9vgc2023regulatione","rating":0,"private":0,"password":""}