{"id":"gen9vgc2023regulatione-1996272257","p1":"Bigsauuuurrr","p2":"Bulba9933","format":"[Gen 9] VGC 2023 Regulation E","log":"|j|\u2606Bigsauuuurrr\n|j|\u2606Bulba9933\n|t:|1700666229\n|gametype|doubles\n|player|p1|Bigsauuuurrr|palmer|1011\n|player|p2|Bulba9933|170|1000\n|teamsize|p1|6\n|teamsize|p2|6\n|gen|9\n|tier|[Gen 9] VGC 2023 Regulation E\n|rated|\n|rule|Species Clause: Limit one of each Pok\u00e9mon\n|rule|Item Clause: Limit one of each item\n|clearpoke\n|poke|p1|Enamorus-Therian, L50, F|\n|poke|p1|Bronzong, L50|\n|poke|p1|Annihilape, L50, M|\n|poke|p1|Volcarona, L50, M|\n|poke|p1|Torkoal, L50, F|\n|poke|p1|Jumpluff, L50, F|\n|poke|p2|Politoed, L50, F|\n|poke|p2|Gothitelle, L50, F|\n|poke|p2|Flutter Mane, L50|\n|poke|p2|Amoonguss, L50, M|\n|poke|p2|Kingambit, L50, F|\n|poke|p2|Arcanine-Hisui, L50, M|\n|teampreview|4\n|\n|t:|1700666261\n|start\n|switch|p1a: Mad Monkey|Annihilape, L50, M, shiny|100\/100\n|switch|p1b: 100% Cotton|Jumpluff, L50, F, shiny|100\/100\n|switch|p2a: Politoed|Politoed, L50, F, shiny|100\/100\n|switch|p2b: Gothitelle|Gothitelle, L50, F, shiny|100\/100\n|-weather|RainDance|[from] ability: Drizzle|[of] p2a: Politoed\n|turn|1\n|inactive|Battle timer is ON: inactive players will automatically lose when time's up. (requested by Bigsauuuurrr)\n|\n|t:|1700666289\n|move|p2b: Gothitelle|Fake Out|p1b: 100% Cotton\n|-damage|p1b: 100% Cotton|93\/100\n|cant|p1b: 100% Cotton|flinch\n|move|p1a: Mad Monkey|U-turn|p2b: Gothitelle\n|-supereffective|p2b: Gothitelle\n|-damage|p2b: Gothitelle|55\/100\n|\n|t:|1700666296\n|switch|p1a: Sonny|Torkoal, L50, F, shiny|100\/100|[from] U-turn\n|-weather|SunnyDay|[from] ability: Drought|[of] p1a: Sonny\n|move|p2a: Politoed|Perish Song|p2a: Politoed\n|-start|p1a: Sonny|perish3|[silent]\n|-start|p1b: 100% Cotton|perish3|[silent]\n|-start|p2a: Politoed|perish3|[silent]\n|-start|p2b: Gothitelle|perish3|[silent]\n|-fieldactivate|move: Perish Song\n|\n|-weather|SunnyDay|[upkeep]\n|-start|p1b: 100% Cotton|perish3\n|-start|p2a: Politoed|perish3\n|-start|p2b: Gothitelle|perish3\n|-start|p1a: Sonny|perish3\n|upkeep\n|turn|2\n|inactive|Bigsauuuurrr has 30 seconds left.\n|\n|t:|1700666329\n|move|p2a: Politoed|Protect|p2a: Politoed\n|-singleturn|p2a: Politoed|Protect\n|move|p2b: Gothitelle|Protect|p2b: Gothitelle\n|-singleturn|p2b: Gothitelle|Protect\n|move|p1b: 100% Cotton|Leech Seed|p2b: Gothitelle\n|-activate|p2b: Gothitelle|move: Protect\n|move|p1a: Sonny|Heat Wave|p2a: Politoed|[spread] \n|-activate|p2a: Politoed|move: Protect\n|-activate|p2b: Gothitelle|move: Protect\n|\n|-weather|SunnyDay|[upkeep]\n|-start|p1b: 100% Cotton|perish2\n|-start|p2a: Politoed|perish2\n|-start|p2b: Gothitelle|perish2\n|-start|p1a: Sonny|perish2\n|upkeep\n|turn|3\n|inactive|Bulba9933 has 30 seconds left.\n|inactive|Bulba9933 has 20 seconds left.\n|inactive|Bulba9933 has 15 seconds left.\n|inactive|Bulba9933 has 10 seconds left.\n|\n|t:|1700666377\n|-terastallize|p2b: Gothitelle|Water\n|move|p1b: 100% Cotton|Leech Seed|p2b: Gothitelle\n|-start|p2b: Gothitelle|move: Leech Seed\n|move|p2a: Politoed|Weather Ball|p1b: 100% Cotton\n|-supereffective|p1b: 100% Cotton\n|-damage|p1b: 100% Cotton|27\/100\n|move|p2b: Gothitelle|Heal Pulse|p2a: Politoed\n|-fail|p2a: Politoed|heal\n|move|p1a: Sonny|Heat Wave|p2a: Politoed|[spread] p2a,p2b\n|-resisted|p2a: Politoed\n|-resisted|p2b: Gothitelle\n|-damage|p2a: Politoed|80\/100\n|-damage|p2b: Gothitelle|38\/100\n|\n|-weather|SunnyDay|[upkeep]\n|-damage|p2b: Gothitelle|25\/100|[from] Leech Seed|[of] p1b: 100% Cotton\n|-heal|p1b: 100% Cotton|39\/100|[silent]\n|-start|p1b: 100% Cotton|perish1\n|-start|p2a: Politoed|perish1\n|-start|p2b: Gothitelle|perish1\n|-start|p1a: Sonny|perish1\n|upkeep\n|turn|4\n|inactive|Bigsauuuurrr has 30 seconds left.\n|inactive|Bigsauuuurrr has 20 seconds left.\n|\n|t:|1700666415\n|move|p2a: Politoed|Protect|p2a: Politoed\n|-singleturn|p2a: Politoed|Protect\n|move|p2b: Gothitelle|Protect|p2b: Gothitelle\n|-singleturn|p2b: Gothitelle|Protect\n|move|p1b: 100% Cotton|Sleep Powder|p2a: Politoed\n|-activate|p2a: Politoed|move: Protect\n|move|p1a: Sonny|Heat Wave|p2b: Gothitelle|[spread] \n|-activate|p2a: Politoed|move: Protect\n|-activate|p2b: Gothitelle|move: Protect\n|\n|-weather|SunnyDay|[upkeep]\n|-damage|p2b: Gothitelle|13\/100|[from] Leech Seed|[of] p1b: 100% Cotton\n|-heal|p1b: 100% Cotton|51\/100|[silent]\n|-start|p1b: 100% Cotton|perish0\n|-start|p2a: Politoed|perish0\n|-start|p2b: Gothitelle|perish0\n|-start|p1a: Sonny|perish0\n|faint|p1b: 100% Cotton\n|faint|p2a: Politoed\n|faint|p2b: Gothitelle\n|faint|p1a: Sonny\n|upkeep\n|\n|t:|1700666432\n|switch|p1b: Zong|Bronzong, L50, shiny|100\/100\n|switch|p2a: Flutter Mane|Flutter Mane, L50, shiny|100\/100\n|switch|p2b: Amoonguss|Amoonguss, L50, M, shiny|100\/100\n|switch|p1a: Mad Monkey|Annihilape, L50, M, shiny|100\/100\n|-activate|p2a: Flutter Mane|ability: Protosynthesis\n|-start|p2a: Flutter Mane|protosynthesisspa\n|turn|5\n|inactive|Bulba9933 has 30 seconds left.\n|\n|t:|1700666459\n|-terastallize|p1a: Mad Monkey|Steel\n|move|p2a: Flutter Mane|Perish Song|p2a: Flutter Mane\n|-start|p1a: Mad Monkey|perish3|[silent]\n|-start|p1b: Zong|perish3|[silent]\n|-start|p2a: Flutter Mane|perish3|[silent]\n|-start|p2b: Amoonguss|perish3|[silent]\n|-fieldactivate|move: Perish Song\n|move|p1a: Mad Monkey|Rage Fist|p2a: Flutter Mane\n|-supereffective|p2a: Flutter Mane\n|-enditem|p2a: Flutter Mane|Focus Sash\n|-damage|p2a: Flutter Mane|1\/100\n|move|p1b: Zong|Light Screen|p1b: Zong\n|-sidestart|p1: Bigsauuuurrr|move: Light Screen\n|move|p2b: Amoonguss|Spore|p1a: Mad Monkey\n|-status|p1a: Mad Monkey|slp|[from] move: Spore\n|\n|-weather|SunnyDay|[upkeep]\n|-start|p2a: Flutter Mane|perish3\n|-start|p1a: Mad Monkey|perish3\n|-start|p1b: Zong|perish3\n|-start|p2b: Amoonguss|perish3\n|upkeep\n|turn|6\n|inactive|Bulba9933 has 30 seconds left.\n|\n|t:|1700666489\n|move|p2b: Amoonguss|Rage Powder|p2b: Amoonguss\n|-singleturn|p2b: Amoonguss|move: Rage Powder\n|move|p2a: Flutter Mane|Shadow Ball|p1b: Zong\n|-supereffective|p1b: Zong\n|-damage|p1b: Zong|36\/100\n|cant|p1a: Mad Monkey|slp\n|move|p1b: Zong|Body Press|p2b: Amoonguss\n|-resisted|p2b: Amoonguss\n|-damage|p2b: Amoonguss|89\/100\n|-damage|p1b: Zong|19\/100|[from] item: Rocky Helmet|[of] p2b: Amoonguss\n|\n|-weather|SunnyDay|[upkeep]\n|-start|p2a: Flutter Mane|perish2\n|-start|p1a: Mad Monkey|perish2\n|-start|p1b: Zong|perish2\n|-start|p2b: Amoonguss|perish2\n|upkeep\n|turn|7\n|-message|Bigsauuuurrr forfeited.\n|\n|win|Bulba9933\n|raw|Bigsauuuurrr's rating: 1011 &rarr; <strong>1000<\/strong><br \/>(-11 for losing)\n|raw|Bulba9933's rating: 1000 &rarr; <strong>1041<\/strong><br \/>(+41 for winning)\n|l|\u2606Bigsauuuurrr\n","uploadtime":1700666558,"views":10,"p1id":"bigsauuuurrr","p2id":"bulba9933","formatid":"gen9vgc2023regulatione","rating":1000,"private":0,"password":""}