{"id":"gen9vgc2023regulatione-1993790341","p1":"LiluziHit","p2":"MunchVGC","format":"[Gen 9] VGC 2023 Regulation E","log":"|j|\u2606LiluziHit\n|j|\u2606MunchVGC\n|n|\u2606LiluziHit|liluzihit\n|n|\u2606MunchVGC|munchvgc\n|html|View the match progress at <a href=\"\/game-bestof3-gen9vgc2023regulatione-1993783112\">game-bestof3-gen9vgc2023regulatione-1993783112<\/a>\n|t:|1700357592\n|gametype|doubles\n|player|p1|LiluziHit|blue|\n|player|p2|MunchVGC|ingo|\n|teamsize|p1|6\n|teamsize|p2|6\n|gen|9\n|tier|[Gen 9] VGC 2023 Regulation E\n|rule|Species Clause: Limit one of each Pok\u00e9mon\n|rule|Item Clause: Limit one of each item\n|clearpoke\n|poke|p1|Kingambit, L50, M|\n|poke|p1|Landorus-Therian, L50, M|\n|poke|p1|Ursaluna-Bloodmoon, L50, M|\n|poke|p1|Dusknoir, L50, M|\n|poke|p1|Munkidori, L50, M|\n|poke|p1|Impidimp, L50, M|\n|poke|p2|Gyarados, L50, F|\n|poke|p2|Landorus, L50, M|\n|poke|p2|Clefairy, L50, M|\n|poke|p2|Snorlax, L50, M|\n|poke|p2|Heracross, L50, F|\n|poke|p2|Fletchinder, L50, M|\n|teampreview|4\n|inactive|Battle timer is ON: inactive players will automatically lose when time's up. (requested by MunchVGC)\n|c|\u2606MunchVGC|glhf\n|j| kodiedunn\n|j| ryanogiggs11\n|j| LackieLackey\n|inactive|LiluziHit has 60 seconds left.\n|inactive|MunchVGC has 60 seconds left.\n|c|\u2606LiluziHit|stop timer pls\n|j| Stryke Out\n|inactiveoff|Battle timer is now OFF.\n|c| ryanogiggs11|A\n|c|\u2606LiluziHit|B\n|\n|t:|1700357812\n|start\n|switch|p1a: Dusknoir|Dusknoir, L50, M|100\/100\n|switch|p1b: Ursaluna|Ursaluna-Bloodmoon, L50, M|100\/100\n|switch|p2a: everybody's heard|Fletchinder, L50, M|100\/100\n|switch|p2b: Gyara ara|Gyarados, L50, F, shiny|100\/100\n|-ability|p2b: Gyara ara|Intimidate|boost\n|-unboost|p1a: Dusknoir|atk|1\n|-unboost|p1b: Ursaluna|atk|1\n|-item|p2a: everybody's heard|Mental Herb|[from] ability: Frisk|[of] p1a: Dusknoir|[identify]\n|-item|p2b: Gyara ara|Mirror Herb|[from] ability: Frisk|[of] p1a: Dusknoir|[identify]\n|turn|1\n|c| Stryke Out|c\n|\n|t:|1700357887\n|move|p1b: Ursaluna|Protect|p1b: Ursaluna\n|-singleturn|p1b: Ursaluna|Protect\n|move|p2a: everybody's heard|Taunt|p1a: Dusknoir\n|-start|p1a: Dusknoir|move: Taunt\n|move|p2b: Gyara ara|Waterfall|p1b: Ursaluna\n|-activate|p1b: Ursaluna|move: Protect\n|cant|p1a: Dusknoir|move: Taunt|Trick Room\n|\n|upkeep\n|turn|2\n|\n|t:|1700357953\n|switch|p1a: Landorus|Landorus-Therian, L50, M, shiny|100\/100\n|-ability|p1a: Landorus|Intimidate|boost\n|-unboost|p2a: everybody's heard|atk|1\n|-unboost|p2b: Gyara ara|atk|1\n|-terastallize|p1b: Ursaluna|Normal\n|move|p2a: everybody's heard|Will-O-Wisp|p1a: Landorus\n|-status|p1a: Landorus|brn\n|-enditem|p1a: Landorus|Lum Berry|[eat]\n|-curestatus|p1a: Landorus|brn|[msg]\n|move|p2b: Gyara ara|Waterfall|p1b: Ursaluna\n|-damage|p1b: Ursaluna|81\/100\n|move|p1b: Ursaluna|Blood Moon|p2a: everybody's heard\n|-damage|p2a: everybody's heard|0 fnt\n|faint|p2a: everybody's heard\n|\n|upkeep\n|\n|t:|1700357980\n|switch|p2a: Lando Norris|Landorus, L50, M, shiny|100\/100\n|turn|3\n|\n|t:|1700358013\n|switch|p1a: Dusknoir|Dusknoir, L50, M|100\/100\n|-item|p2a: Lando Norris|Life Orb|[from] ability: Frisk|[of] p1a: Dusknoir|[identify]\n|-item|p2b: Gyara ara|Mirror Herb|[from] ability: Frisk|[of] p1a: Dusknoir|[identify]\n|move|p2a: Lando Norris|Protect|p2a: Lando Norris\n|-singleturn|p2a: Lando Norris|Protect\n|move|p1b: Ursaluna|Protect|p1b: Ursaluna\n|-singleturn|p1b: Ursaluna|Protect\n|move|p2b: Gyara ara|Waterfall|p1a: Dusknoir\n|-damage|p1a: Dusknoir|73\/100\n|\n|-heal|p1a: Dusknoir|79\/100|[from] item: Leftovers\n|upkeep\n|turn|4\n|\n|t:|1700358095\n|switch|p1b: Landorus|Landorus-Therian, L50, M, shiny|100\/100\n|-ability|p1b: Landorus|Intimidate|boost\n|-unboost|p2a: Lando Norris|atk|1\n|-unboost|p2b: Gyara ara|atk|1\n|move|p2a: Lando Norris|Earth Power|p1b: Landorus\n|-immune|p1b: Landorus\n|move|p2b: Gyara ara|Waterfall|p1b: Landorus\n|-supereffective|p1b: Landorus\n|-damage|p1b: Landorus|56\/100\n|move|p1a: Dusknoir|Trick Room|p1a: Dusknoir\n|-fieldstart|move: Trick Room|[of] p1a: Dusknoir\n|\n|-heal|p1a: Dusknoir|85\/100|[from] item: Leftovers\n|upkeep\n|turn|5\n|\n|t:|1700358155\n|switch|p1a: Ursaluna|Ursaluna-Bloodmoon, L50, M, tera:Normal|81\/100\n|move|p2b: Gyara ara|Waterfall|p1b: Landorus\n|-supereffective|p1b: Landorus\n|-damage|p1b: Landorus|11\/100\n|move|p1b: Landorus|U-turn|p2b: Gyara ara\n|-resisted|p2b: Gyara ara\n|-damage|p2b: Gyara ara|81\/100\n|\n|t:|1700358172\n|switch|p1b: Dusknoir|Dusknoir, L50, M|85\/100|[from] U-turn\n|-item|p2a: Lando Norris|Life Orb|[from] ability: Frisk|[of] p1b: Dusknoir|[identify]\n|-item|p2b: Gyara ara|Mirror Herb|[from] ability: Frisk|[of] p1b: Dusknoir|[identify]\n|move|p2a: Lando Norris|Grass Knot|p1b: Dusknoir\n|-damage|p1b: Dusknoir|56\/100\n|-damage|p2a: Lando Norris|91\/100|[from] item: Life Orb\n|\n|-heal|p1b: Dusknoir|62\/100|[from] item: Leftovers\n|upkeep\n|turn|6\n|\n|t:|1700358208\n|-terastallize|p2a: Lando Norris|Steel\n|move|p1b: Dusknoir|Helping Hand|p1a: Ursaluna\n|-singleturn|p1a: Ursaluna|Helping Hand|[of] p1b: Dusknoir\n|move|p2b: Gyara ara|Protect|p2b: Gyara ara\n|-singleturn|p2b: Gyara ara|Protect\n|move|p1a: Ursaluna|Hyper Voice|p2a: Lando Norris|[spread] p2a\n|-activate|p2b: Gyara ara|move: Protect\n|-resisted|p2a: Lando Norris\n|-damage|p2a: Lando Norris|44\/100\n|-enditem|p1a: Ursaluna|Throat Spray\n|-boost|p1a: Ursaluna|spa|1|[from] item: Throat Spray\n|-enditem|p2b: Gyara ara|Mirror Herb\n|-boost|p2b: Gyara ara|spa|1|[from] item: Mirror Herb\n|move|p2a: Lando Norris|Earth Power|p1a: Ursaluna\n|-damage|p1a: Ursaluna|9\/100\n|\n|-heal|p1b: Dusknoir|68\/100|[from] item: Leftovers\n|upkeep\n|turn|7\n|\n|t:|1700358256\n|move|p1b: Dusknoir|Helping Hand|p1a: Ursaluna\n|-singleturn|p1a: Ursaluna|Helping Hand|[of] p1b: Dusknoir\n|move|p2a: Lando Norris|Protect|p2a: Lando Norris\n|-singleturn|p2a: Lando Norris|Protect\n|move|p1a: Ursaluna|Hyper Voice|p2b: Gyara ara|[spread] p2b\n|-activate|p2a: Lando Norris|move: Protect\n|-damage|p2b: Gyara ara|0 fnt\n|faint|p2b: Gyara ara\n|\n|-heal|p1b: Dusknoir|74\/100|[from] item: Leftovers\n|upkeep\n|\n|t:|1700358267\n|switch|p2b: Herbie|Heracross, L50, F, shiny|100\/100\n|turn|8\n|l| LackieLackey\n|j| LackieLackey\n|\n|t:|1700358290\n|move|p1b: Dusknoir|Helping Hand|p1a: Ursaluna\n|-singleturn|p1a: Ursaluna|Helping Hand|[of] p1b: Dusknoir\n|move|p2b: Herbie|Protect|p2b: Herbie\n|-singleturn|p2b: Herbie|Protect\n|move|p2a: Lando Norris|Protect|p2a: Lando Norris\n|-singleturn|p2a: Lando Norris|Protect\n|move|p1a: Ursaluna|Vacuum Wave|p2a: Lando Norris\n|-activate|p2a: Lando Norris|move: Protect\n|\n|-heal|p1b: Dusknoir|79\/100|[from] item: Leftovers\n|-fieldend|move: Trick Room\n|-status|p2b: Herbie|brn|[from] item: Flame Orb\n|upkeep\n|turn|9\n|\n|t:|1700358340\n|move|p1b: Dusknoir|Helping Hand|p1a: Ursaluna\n|-singleturn|p1a: Ursaluna|Helping Hand|[of] p1b: Dusknoir\n|move|p2a: Lando Norris|Protect|p2a: Lando Norris\n|-singleturn|p2a: Lando Norris|Protect\n|move|p1a: Ursaluna|Vacuum Wave|p2a: Lando Norris\n|-activate|p2a: Lando Norris|move: Protect\n|move|p2b: Herbie|Facade|p1a: Ursaluna\n|-damage|p1a: Ursaluna|0 fnt\n|faint|p1a: Ursaluna\n|\n|-heal|p1b: Dusknoir|85\/100|[from] item: Leftovers\n|-damage|p2b: Herbie|95\/100 brn|[from] brn\n|upkeep\n|c|\u2606LiluziHit|?????\n|\n|t:|1700358349\n|switch|p1a: Impidimp|Impidimp, L50, M|100\/100\n|turn|10\n|c|\u2606LiluziHit|triple protect are you fucking serious\n|c| Stryke Out|Munch running all the probabilities\n|\n|t:|1700358380\n|move|p1a: Impidimp|Reflect|p1a: Impidimp\n|-sidestart|p1: LiluziHit|Reflect\n|move|p2a: Lando Norris|Taunt|p1a: Impidimp\n|-start|p1a: Impidimp|move: Taunt\n|move|p2b: Herbie|Throat Chop|p1b: Dusknoir\n|-supereffective|p1b: Dusknoir\n|-damage|p1b: Dusknoir|39\/100\n|-start|p1b: Dusknoir|Throat Chop|[silent]\n|move|p1b: Dusknoir|Taunt|p2a: Lando Norris\n|-start|p2a: Lando Norris|move: Taunt\n|\n|-heal|p1b: Dusknoir|45\/100|[from] item: Leftovers\n|-damage|p2b: Herbie|89\/100 brn|[from] brn\n|upkeep\n|turn|11\n|\n|t:|1700358411\n|move|p1b: Dusknoir|Helping Hand|p1a: Impidimp\n|-singleturn|p1a: Impidimp|Helping Hand|[of] p1b: Dusknoir\n|move|p2a: Lando Norris|Earth Power|p1b: Dusknoir\n|-damage|p1b: Dusknoir|0 fnt\n|faint|p1b: Dusknoir\n|move|p2b: Herbie|Facade|p1a: Impidimp\n|-enditem|p1a: Impidimp|Focus Sash\n|-damage|p1a: Impidimp|1\/100\n|move|p1a: Impidimp|Foul Play|p2b: Herbie\n|-resisted|p2b: Herbie\n|-damage|p2b: Herbie|43\/100 brn\n|\n|-damage|p2b: Herbie|37\/100 brn|[from] brn\n|upkeep\n|\n|t:|1700358421\n|switch|p1b: Landorus|Landorus-Therian, L50, M, shiny|11\/100\n|-ability|p1b: Landorus|Intimidate|boost\n|-unboost|p2a: Lando Norris|atk|1\n|-unboost|p2b: Herbie|atk|1\n|turn|12\n|l|\u2606MunchVGC\n|player|p2|\n|j|\u2606MunchVGC\n|player|p2|MunchVGC|ingo\n|inactive|Battle timer is ON: inactive players will automatically lose when time's up. (requested by MunchVGC)\n|inactiveoff|Battle timer is now OFF.\n|\n|t:|1700358478\n|move|p2a: Lando Norris|Grass Knot|p1b: Landorus\n|-damage|p1b: Landorus|0 fnt\n|faint|p1b: Landorus\n|-damage|p2a: Lando Norris|34\/100|[from] item: Life Orb\n|move|p2b: Herbie|Facade|p1a: Impidimp\n|-damage|p1a: Impidimp|0 fnt\n|faint|p1a: Impidimp\n|\n|win|MunchVGC\n|c|\u2606LiluziHit|this a joke lmao\n|c|\u2606MunchVGC|gg\n|c|\u2606LiluziHit|gg\n|l| Stryke Out\n|c|\u2606MunchVGC|save the first game\n|c|\u2606MunchVGC|i can't get to it\n|l| LackieLackey\n","uploadtime":1700358524,"views":45,"p1id":"liluzihit","p2id":"munchvgc","formatid":"gen9vgc2023regulatione","rating":0,"private":0,"password":""}