{"id":"gen9vgc2023regulatione-1999951539","p1":"Lucawufflekinz","p2":"Ozzen","format":"[Gen 9] VGC 2023 Regulation E","log":"|j|\u2606Lucawufflekinz\n|j|\u2606Ozzen\n|t:|1701133805\n|gametype|doubles\n|player|p1|Lucawufflekinz|266|1197\n|player|p2|Ozzen|169|1148\n|teamsize|p1|6\n|teamsize|p2|6\n|gen|9\n|tier|[Gen 9] VGC 2023 Regulation E\n|rated|\n|rule|Species Clause: Limit one of each Pok\u00e9mon\n|rule|Item Clause: Limit one of each item\n|clearpoke\n|poke|p1|Scream Tail, L50|\n|poke|p1|Ninetales-Alola, L50, F|\n|poke|p1|Baxcalibur, L50, M|\n|poke|p1|Arcanine-Hisui, L50, F|\n|poke|p1|Rillaboom, L50, M|\n|poke|p1|Gyarados, L50, F|\n|poke|p2|Amoonguss, L50, M|\n|poke|p2|Pelipper, L50, F|\n|poke|p2|Ogerpon-Wellspring, L50, F|\n|poke|p2|Kingambit, L50, M|\n|poke|p2|Tornadus, L50, M|\n|poke|p2|Iron Hands, L50|\n|teampreview|4\n|\n|t:|1701133845\n|start\n|switch|p1a: Scream Tail|Scream Tail, L50|100\/100\n|switch|p1b: Rillaboom|Rillaboom, L50, M|100\/100\n|switch|p2a: Pelipper|Pelipper, L50, F|100\/100\n|switch|p2b: Iron Hands|Iron Hands, L50|100\/100\n|-fieldstart|move: Grassy Terrain|[from] ability: Grassy Surge|[of] p1b: Rillaboom\n|-weather|RainDance|[from] ability: Drizzle|[of] p2a: Pelipper\n|-enditem|p1a: Scream Tail|Booster Energy\n|-activate|p1a: Scream Tail|ability: Protosynthesis|[fromitem]\n|-start|p1a: Scream Tail|protosynthesisspe\n|turn|1\n|\n|t:|1701133874\n|move|p1b: Rillaboom|Fake Out|p2b: Iron Hands\n|-damage|p2b: Iron Hands|91\/100\n|cant|p2b: Iron Hands|flinch\n|move|p1a: Scream Tail|Play Rough|p2b: Iron Hands\n|-supereffective|p2b: Iron Hands\n|-damage|p2b: Iron Hands|58\/100\n|move|p2a: Pelipper|Hurricane|p1b: Rillaboom\n|-supereffective|p1b: Rillaboom\n|-damage|p1b: Rillaboom|30\/100\n|\n|-weather|RainDance|[upkeep]\n|-heal|p1b: Rillaboom|36\/100|[from] Grassy Terrain\n|-heal|p2b: Iron Hands|64\/100|[from] Grassy Terrain\n|upkeep\n|turn|2\n|\n|t:|1701133898\n|move|p1a: Scream Tail|Play Rough|p2b: Iron Hands\n|-supereffective|p2b: Iron Hands\n|-damage|p2b: Iron Hands|28\/100\n|move|p1b: Rillaboom|High Horsepower|p2b: Iron Hands\n|-supereffective|p2b: Iron Hands\n|-damage|p2b: Iron Hands|0 fnt\n|faint|p2b: Iron Hands\n|-end|p2b: Iron Hands|Quark Drive|[silent]\n|move|p2a: Pelipper|Hurricane|p1b: Rillaboom\n|-supereffective|p1b: Rillaboom\n|-damage|p1b: Rillaboom|0 fnt\n|faint|p1b: Rillaboom\n|\n|-weather|RainDance|[upkeep]\n|upkeep\n|\n|t:|1701133913\n|switch|p1b: Ninetales|Ninetales-Alola, L50, F|100\/100\n|switch|p2b: Ogerpon|Ogerpon-Wellspring, L50, F|100\/100\n|-weather|Snow|[from] ability: Snow Warning|[of] p1b: Ninetales\n|turn|3\n|\n|t:|1701133932\n|switch|p2a: Kingambit|Kingambit, L50, M|100\/100\n|-activate|p2a: Kingambit|ability: Supreme Overlord\n|-start|p2a: Kingambit|fallen1|[silent]\n|move|p2b: Ogerpon|Spiky Shield|p2b: Ogerpon\n|-singleturn|p2b: Ogerpon|move: Protect\n|move|p1a: Scream Tail|Encore||[still]\n|-fail|p1a: Scream Tail\n|move|p1b: Ninetales|Aurora Veil|p1b: Ninetales\n|-sidestart|p1: Lucawufflekinz|move: Aurora Veil\n|\n|-weather|Snow|[upkeep]\n|upkeep\n|turn|4\n|\n|t:|1701133966\n|-end|p2a: Kingambit|fallen1|[silent]\n|switch|p2a: Pelipper|Pelipper, L50, F|100\/100\n|-weather|RainDance|[from] ability: Drizzle|[of] p2a: Pelipper\n|move|p1a: Scream Tail|Encore|p2b: Ogerpon\n|-start|p2b: Ogerpon|Encore\n|move|p2b: Ogerpon|Spiky Shield||[still]\n|-fail|p2b: Ogerpon\n|move|p1b: Ninetales|Blizzard|p2b: Ogerpon|[spread] p2a,p2b\n|-damage|p2a: Pelipper|62\/100\n|-damage|p2b: Ogerpon|71\/100\n|\n|-weather|RainDance|[upkeep]\n|-heal|p2b: Ogerpon|77\/100|[from] Grassy Terrain\n|upkeep\n|turn|5\n|\n|t:|1701134002\n|-end|p1a: Scream Tail|Protosynthesis|[silent]\n|switch|p1a: Arcanine|Arcanine-Hisui, L50, F|100\/100\n|-ability|p1a: Arcanine|Intimidate|boost\n|-unboost|p2a: Pelipper|atk|1\n|-unboost|p2b: Ogerpon|atk|1\n|switch|p2b: Kingambit|Kingambit, L50, M|100\/100\n|-activate|p2b: Kingambit|ability: Supreme Overlord\n|-start|p2b: Kingambit|fallen1|[silent]\n|move|p1b: Ninetales|Moonblast|p2b: Kingambit\n|-damage|p2b: Kingambit|72\/100\n|move|p2a: Pelipper|Hydro Pump|p1b: Ninetales\n|-damage|p1b: Ninetales|58\/100\n|\n|-weather|RainDance|[upkeep]\n|-heal|p1b: Ninetales|64\/100|[from] Grassy Terrain\n|-heal|p2b: Kingambit|78\/100|[from] Grassy Terrain\n|-fieldend|move: Grassy Terrain\n|upkeep\n|turn|6\n|\n|t:|1701134043\n|switch|p1b: Scream Tail|Scream Tail, L50|100\/100\n|-terastallize|p1a: Arcanine|Fairy\n|move|p1a: Arcanine|Flare Blitz|p2b: Kingambit\n|-supereffective|p2b: Kingambit\n|-damage|p2b: Kingambit|15\/100\n|-damage|p1a: Arcanine|75\/100|[from] Recoil\n|move|p2a: Pelipper|Hydro Pump|p1a: Arcanine\n|-damage|p1a: Arcanine|20\/100\n|move|p2b: Kingambit|Kowtow Cleave|p1a: Arcanine\n|-resisted|p1a: Arcanine\n|-damage|p1a: Arcanine|0 fnt\n|faint|p1a: Arcanine\n|-damage|p2b: Kingambit|5\/100|[from] item: Life Orb\n|\n|-weather|RainDance|[upkeep]\n|upkeep\n|\n|t:|1701134062\n|switch|p1a: Ninetales|Ninetales-Alola, L50, F|64\/100\n|-weather|Snow|[from] ability: Snow Warning|[of] p1a: Ninetales\n|turn|7\n|\n|t:|1701134084\n|switch|p2a: Ogerpon|Ogerpon-Wellspring, L50, F|77\/100\n|move|p1a: Ninetales|Blizzard|p2a: Ogerpon|[spread] p2a,p2b\n|-resisted|p2b: Kingambit\n|-damage|p2a: Ogerpon|46\/100\n|-damage|p2b: Kingambit|0 fnt\n|faint|p2b: Kingambit\n|-end|p2b: Kingambit|fallen1|[silent]\n|move|p1b: Scream Tail|Play Rough|p2a: Ogerpon\n|-damage|p2a: Ogerpon|12\/100\n|-unboost|p2a: Ogerpon|atk|1\n|\n|-weather|Snow|[upkeep]\n|upkeep\n|\n|t:|1701134096\n|switch|p2b: Pelipper|Pelipper, L50, F|62\/100\n|-weather|RainDance|[from] ability: Drizzle|[of] p2b: Pelipper\n|turn|8\n|\n|t:|1701134110\n|move|p2a: Ogerpon|Ivy Cudgel|p1a: Ninetales|[anim] Ivy Cudgel Water\n|-damage|p1a: Ninetales|20\/100\n|move|p1a: Ninetales|Icy Wind|p2b: Pelipper|[spread] p2a,p2b\n|-damage|p2a: Ogerpon|0 fnt\n|-damage|p2b: Pelipper|45\/100\n|-unboost|p2b: Pelipper|spe|1\n|-enditem|p2b: Pelipper|Sitrus Berry|[eat]\n|-heal|p2b: Pelipper|70\/100|[from] item: Sitrus Berry\n|faint|p2a: Ogerpon\n|move|p1b: Scream Tail|Play Rough|p2b: Pelipper\n|-damage|p2b: Pelipper|47\/100\n|move|p2b: Pelipper|Hydro Pump|p1a: Ninetales\n|-damage|p1a: Ninetales|0 fnt\n|faint|p1a: Ninetales\n|\n|-weather|RainDance|[upkeep]\n|upkeep\n|turn|9\n|\n|t:|1701134141\n|-terastallize|p2b: Pelipper|Steel\n|move|p1b: Scream Tail|Encore|p2b: Pelipper\n|-start|p2b: Pelipper|Encore\n|move|p2b: Pelipper|Hydro Pump|p1b: Scream Tail|[miss]\n|-miss|p2b: Pelipper|p1b: Scream Tail\n|\n|-weather|RainDance|[upkeep]\n|upkeep\n|turn|10\n|\n|t:|1701134150\n|move|p1b: Scream Tail|Disable|p2b: Pelipper\n|-start|p2b: Pelipper|Disable|Hydro Pump\n|cant|p2b: Pelipper|Disable|Hydro Pump\n|\n|-weather|RainDance|[upkeep]\n|-sideend|p1: Lucawufflekinz|move: Aurora Veil\n|upkeep\n|turn|11\n|\n|t:|1701134157\n|move|p1b: Scream Tail|Play Rough|p2b: Pelipper\n|-resisted|p2b: Pelipper\n|-damage|p2b: Pelipper|35\/100\n|-activate|p2b: Pelipper|move: Struggle\n|move|p2b: Pelipper|Struggle|p1b: Scream Tail\n|-damage|p1b: Scream Tail|97\/100\n|-damage|p2b: Pelipper|9\/100|[from] recoil\n|\n|-weather|RainDance|[upkeep]\n|-end|p2b: Pelipper|Encore\n|upkeep\n|turn|12\n|-message|Ozzen forfeited.\n|\n|win|Lucawufflekinz\n|raw|Lucawufflekinz's rating: 1197 &rarr; <strong>1218<\/strong><br \/>(+21 for winning)\n|raw|Ozzen's rating: 1148 &rarr; <strong>1127<\/strong><br \/>(-21 for losing)\n|l|\u2606Ozzen\n|c|\u2606Lucawufflekinz|Gg\n","uploadtime":1701134245,"views":9,"p1id":"lucawufflekinz","p2id":"ozzen","formatid":"gen9vgc2023regulatione","rating":1127,"private":0,"password":""}