{"id":"gen9vgc2023regulatione-1995217269","p1":"hsts12345","p2":"kidturtle","format":"[Gen 9] VGC 2023 Regulation E","log":"|j|\u2606hsts12345\n|j|\u2606kidturtle\n|t:|1700535837\n|gametype|doubles\n|player|p1|hsts12345|cynthia-gen4|\n|player|p2|kidturtle|hoopster|\n|teamsize|p1|6\n|teamsize|p2|6\n|gen|9\n|tier|[Gen 9] VGC 2023 Regulation E\n|rated|Tournament battle\n|rule|Species Clause: Limit one of each Pok\u00e9mon\n|rule|Item Clause: Limit one of each item\n|clearpoke\n|poke|p1|Flutter Mane, L50|\n|poke|p1|Chien-Pao, L50|\n|poke|p1|Chi-Yu, L50|\n|poke|p1|Tornadus, L50, M|\n|poke|p1|Urshifu-*, L50, F|\n|poke|p1|Heatran, L50, F|\n|poke|p2|Ursaluna, L50, M|\n|poke|p2|Cresselia, L50, F|\n|poke|p2|Flutter Mane, L50|\n|poke|p2|Chi-Yu, L50|\n|poke|p2|Iron Hands, L50|\n|poke|p2|Urshifu-*, L50, M|\n|teampreview|4\n|showteam|p1|Flutter Mane||FocusSash|Protosynthesis|Protect,TrickRoom,Imprison,Moonblast||||||50|,,,,,Dark]Chien-Pao||ClearAmulet|SwordofRuin|Protect,SacredSword,IceSpinner,SuckerPunch||||||50|,,,,,Ghost]Chi-Yu||AssaultVest|BeadsofRuin|HeatWave,Overheat,DarkPulse,Snarl||||||50|,,,,,Fire]Tornadus||CovertCloak|Prankster|Tailwind,RainDance,BleakwindStorm,Taunt|||M|||50|,,,,,Water]Urshifu-Rapid-Strike||ChoiceScarf|UnseenFist|CloseCombat,Uturn,SurgingStrikes,IceSpinner|||F|||50|,,,,,Water]Heatran||LifeOrb|FlashFire|Protect,HeatWave,EarthPower,TeraBlast|||F|||50|,,,,,Grass\n|showteam|p2|Ursaluna||FlameOrb|Guts|Facade,Earthquake,SwordsDance,Protect|||M|||50|,,,,,Ghost]Cresselia||MentalHerb|Levitate|IceBeam,AllySwitch,LunarBlessing,TrickRoom|||F|||50|,,,,,Fairy]Flutter Mane||BoosterEnergy|Protosynthesis|IcyWind,ShadowBall,Moonblast,Protect||||||50|,,,,,Fairy]Chi-Yu||ChoiceSpecs|BeadsofRuin|BurningJealousy,DarkPulse,Overheat,Snarl||||||50|,,,,,Ghost]Iron Hands||SitrusBerry|QuarkDrive|DrainPunch,WildCharge,FakeOut,SwordsDance||||||50|,,,,,Fire]Urshifu||FocusSash|UnseenFist|Detect,WickedBlow,CloseCombat,SuckerPunch|||M|||50|,,,,,Dark\n|inactive|Battle timer is ON: inactive players will automatically lose when time's up. (requested by kidturtle)\n|\n|t:|1700535861\n|start\n|switch|p1a: Flutter Mane|Flutter Mane, L50, shiny|100\/100\n|switch|p1b: Urshifu|Urshifu-Rapid-Strike, L50, F|100\/100\n|switch|p2a: Flutter Mane|Flutter Mane, L50, shiny|100\/100\n|switch|p2b: Chi-Yu|Chi-Yu, L50|100\/100\n|-ability|p2b: Chi-Yu|Beads of Ruin\n|-enditem|p2a: Flutter Mane|Booster Energy\n|-activate|p2a: Flutter Mane|ability: Protosynthesis|[fromitem]\n|-start|p2a: Flutter Mane|protosynthesisspe\n|turn|1\n|j| IcicleStorm13\n|j|%Radio Free C-Side\n|\n|t:|1700535884\n|switch|p1b: Chi-Yu|Chi-Yu, L50|100\/100\n|-ability|p1b: Chi-Yu|Beads of Ruin\n|-terastallize|p1a: Flutter Mane|Dark\n|move|p2a: Flutter Mane|Icy Wind|p1a: Flutter Mane|[spread] p1a,p1b\n|-resisted|p1b: Chi-Yu\n|-damage|p1a: Flutter Mane|84\/100\n|-damage|p1b: Chi-Yu|95\/100\n|-unboost|p1a: Flutter Mane|spe|1\n|-unboost|p1b: Chi-Yu|spe|1\n|move|p2b: Chi-Yu|Dark Pulse|p1b: Chi-Yu\n|-resisted|p1b: Chi-Yu\n|-crit|p1b: Chi-Yu\n|-damage|p1b: Chi-Yu|57\/100\n|move|p1a: Flutter Mane|Trick Room|p1a: Flutter Mane\n|-fieldstart|move: Trick Room|[of] p1a: Flutter Mane\n|\n|upkeep\n|turn|2\n|j| FatalEspresso\n|\n|t:|1700535905\n|move|p1b: Chi-Yu|Snarl|p2a: Flutter Mane|[spread] p2a,p2b\n|-resisted|p2b: Chi-Yu\n|-damage|p2a: Flutter Mane|67\/100\n|-damage|p2b: Chi-Yu|87\/100\n|-unboost|p2a: Flutter Mane|spa|1\n|-unboost|p2b: Chi-Yu|spa|1\n|move|p1a: Flutter Mane|Imprison|p1a: Flutter Mane\n|-start|p1a: Flutter Mane|move: Imprison\n|move|p2b: Chi-Yu|Dark Pulse|p1b: Chi-Yu\n|-resisted|p1b: Chi-Yu\n|-damage|p1b: Chi-Yu|40\/100\n|cant|p2a: Flutter Mane|move: Imprison|Moonblast\n|\n|upkeep\n|turn|3\n|l| IcicleStorm13\n|\n|t:|1700535926\n|switch|p2b: Ursaluna|Ursaluna, L50, M|100\/100\n|-end|p2a: Flutter Mane|Protosynthesis|[silent]\n|switch|p2a: Cresselia|Cresselia, L50, F|100\/100\n|move|p1b: Chi-Yu|Heat Wave|p2b: Ursaluna|[spread] p2a\n|-miss|p1b: Chi-Yu|p2b: Ursaluna\n|-damage|p2a: Cresselia|71\/100\n|move|p1a: Flutter Mane|Moonblast|p2b: Ursaluna\n|-damage|p2b: Ursaluna|46\/100\n|\n|-status|p2b: Ursaluna|brn|[from] item: Flame Orb\n|upkeep\n|turn|4\n|\n|t:|1700535947\n|move|p1a: Flutter Mane|Protect|p1a: Flutter Mane\n|-singleturn|p1a: Flutter Mane|Protect\n|move|p2b: Ursaluna|Earthquake|p1b: Chi-Yu|[spread] p1b\n|-activate|p1a: Flutter Mane|move: Protect\n|-immune|p2a: Cresselia|[from] ability: Levitate\n|-supereffective|p1b: Chi-Yu\n|-damage|p1b: Chi-Yu|0 fnt\n|faint|p1b: Chi-Yu\n|move|p2a: Cresselia|Lunar Blessing|p2a: Cresselia|[spread] p2a,p2b\n|-heal|p2a: Cresselia|97\/100\n|-heal|p2b: Ursaluna|71\/100 brn\n|-curestatus|p2b: Ursaluna|brn|[msg]\n|\n|-status|p2b: Ursaluna|brn|[from] item: Flame Orb\n|upkeep\n|\n|t:|1700535956\n|switch|p1b: Chien-Pao|Chien-Pao, L50|100\/100\n|-ability|p1b: Chien-Pao|Sword of Ruin\n|turn|5\n|\n|t:|1700535963\n|-end|p1a: Flutter Mane|Protosynthesis|[silent]\n|switch|p1a: Urshifu|Urshifu-Rapid-Strike, L50, F|100\/100\n|-terastallize|p2b: Ursaluna|Ghost\n|move|p1b: Chien-Pao|Protect|p1b: Chien-Pao\n|-singleturn|p1b: Chien-Pao|Protect\n|move|p2b: Ursaluna|Earthquake|p1a: Urshifu|[spread] p1a\n|-activate|p1b: Chien-Pao|move: Protect\n|-immune|p2a: Cresselia|[from] ability: Levitate\n|-damage|p1a: Urshifu|6\/100\n|move|p2a: Cresselia|Ice Beam|p1b: Chien-Pao\n|-activate|p1b: Chien-Pao|move: Protect\n|\n|-damage|p2b: Ursaluna|65\/100 brn|[from] brn\n|-fieldend|move: Trick Room\n|upkeep\n|turn|6\n|\n|t:|1700535975\n|switch|p2b: Flutter Mane|Flutter Mane, L50, shiny|67\/100\n|move|p1a: Urshifu|Surging Strikes|p2a: Cresselia\n|-crit|p2a: Cresselia\n|-damage|p2a: Cresselia|78\/100\n|-crit|p2a: Cresselia\n|-damage|p2a: Cresselia|60\/100\n|-crit|p2a: Cresselia\n|-damage|p2a: Cresselia|43\/100\n|-hitcount|p2a: Cresselia|3\n|move|p1b: Chien-Pao|Ice Spinner|p2a: Cresselia\n|-damage|p2a: Cresselia|12\/100\n|move|p2a: Cresselia|Trick Room|p2a: Cresselia\n|-fieldstart|move: Trick Room|[of] p2a: Cresselia\n|\n|upkeep\n|turn|7\n|j| IcicleStorm13\n|\n|t:|1700535996\n|switch|p1a: Flutter Mane|Flutter Mane, L50, shiny, tera:Dark|84\/100\n|move|p1b: Chien-Pao|Sucker Punch|p2b: Flutter Mane\n|-crit|p2b: Flutter Mane\n|-damage|p2b: Flutter Mane|0 fnt\n|faint|p2b: Flutter Mane\n|-end|p2b: Flutter Mane|Protosynthesis|[silent]\n|move|p2a: Cresselia|Ice Beam|p1b: Chien-Pao\n|-resisted|p1b: Chien-Pao\n|-damage|p1b: Chien-Pao|87\/100\n|\n|upkeep\n|\n|t:|1700536001\n|switch|p2b: Ursaluna|Ursaluna, L50, M, tera:Ghost|65\/100 brn\n|turn|8\n|\n|t:|1700536020\n|move|p1b: Chien-Pao|Sucker Punch|p2b: Ursaluna\n|-supereffective|p2b: Ursaluna\n|-damage|p2b: Ursaluna|0 fnt\n|faint|p2b: Ursaluna\n|move|p2a: Cresselia|Lunar Blessing|p2a: Cresselia\n|-heal|p2a: Cresselia|38\/100\n|move|p1a: Flutter Mane|Moonblast|p2a: Cresselia\n|-damage|p2a: Cresselia|11\/100\n|\n|upkeep\n|\n|t:|1700536023\n|switch|p2b: Chi-Yu|Chi-Yu, L50|87\/100\n|-ability|p2b: Chi-Yu|Beads of Ruin\n|turn|9\n|l| IcicleStorm13\n|\n|t:|1700536035\n|move|p1a: Flutter Mane|Protect|p1a: Flutter Mane\n|-singleturn|p1a: Flutter Mane|Protect\n|move|p1b: Chien-Pao|Protect|p1b: Chien-Pao\n|-singleturn|p1b: Chien-Pao|Protect\n|move|p2a: Cresselia|Lunar Blessing|p2a: Cresselia|[spread] p2a,p2b\n|-heal|p2a: Cresselia|36\/100\n|-heal|p2b: Chi-Yu|100\/100\n|move|p2b: Chi-Yu|Burning Jealousy|p1a: Flutter Mane|[spread] \n|-activate|p1a: Flutter Mane|move: Protect\n|-activate|p1b: Chien-Pao|move: Protect\n|\n|upkeep\n|turn|10\n|\n|t:|1700536057\n|move|p1b: Chien-Pao|Sucker Punch|p2b: Chi-Yu\n|-resisted|p2b: Chi-Yu\n|-damage|p2b: Chi-Yu|60\/100\n|move|p2a: Cresselia|Ice Beam|p1a: Flutter Mane\n|-damage|p1a: Flutter Mane|64\/100\n|move|p2b: Chi-Yu|Burning Jealousy|p1a: Flutter Mane|[spread] p1a,p1b\n|-crit|p1a: Flutter Mane\n|-supereffective|p1b: Chien-Pao\n|-damage|p1a: Flutter Mane|0 fnt\n|-damage|p1b: Chien-Pao|0 fnt\n|faint|p1a: Flutter Mane\n|-end|p1a: Flutter Mane|Protosynthesis|[silent]\n|faint|p1b: Chien-Pao\n|\n|-fieldend|move: Trick Room\n|upkeep\n|\n|t:|1700536064\n|switch|p1a: Urshifu|Urshifu-Rapid-Strike, L50, F|6\/100\n|turn|11\n|\n|t:|1700536070\n|move|p1a: Urshifu|Surging Strikes|p2b: Chi-Yu\n|-supereffective|p2b: Chi-Yu\n|-crit|p2b: Chi-Yu\n|-damage|p2b: Chi-Yu|0 fnt\n|faint|p2b: Chi-Yu\n|-hitcount|p2: Chi-Yu|1\n|move|p2a: Cresselia|Ice Beam|p1a: Urshifu\n|-resisted|p1a: Urshifu\n|-damage|p1a: Urshifu|0 fnt\n|faint|p1a: Urshifu\n|\n|win|kidturtle\n|n|\u2606hsts12345|hsts12345\n|n|\u2606kidturtle|kidturtle\n|n| Radio Free C-Side|radiofreecside\n|n| FatalEspresso|fatalespresso\n|l|\u2606hsts12345\n","uploadtime":1700536076,"views":3,"p1id":"hsts12345","p2id":"kidturtle","formatid":"gen9vgc2023regulatione","rating":0,"private":0,"password":""}