{"id":"gen9vgc2023regulatione-1994433462","p1":"Minimugs","p2":"Rankedcheat16","format":"[Gen 9] VGC 2023 Regulation E","log":"|j|\u2606Minimugs\n|j|\u2606Rankedcheat16\n|t:|1700443417\n|gametype|doubles\n|player|p1|Minimugs|steven|1073\n|player|p2|Rankedcheat16|170|1162\n|teamsize|p1|5\n|teamsize|p2|6\n|gen|9\n|tier|[Gen 9] VGC 2023 Regulation E\n|rated|\n|rule|Species Clause: Limit one of each Pok\u00e9mon\n|rule|Item Clause: Limit one of each item\n|clearpoke\n|poke|p1|Iron Hands, L50|\n|poke|p1|Articuno-Galar, L50|\n|poke|p1|Chi-Yu, L50|\n|poke|p1|Ogerpon, L50, F|\n|poke|p1|Gyarados, L50, F|\n|poke|p2|Landorus-Therian, L50, M|\n|poke|p2|Farigiraf, L50, F|\n|poke|p2|Heatran, L50, F|\n|poke|p2|Ogerpon-Wellspring, L50, F|\n|poke|p2|Grimmsnarl, L50, M|\n|poke|p2|Spectrier, L50|\n|teampreview|4\n|inactive|Battle timer is ON: inactive players will automatically lose when time's up. (requested by Minimugs)\n|inactive|Minimugs has 60 seconds left.\n|inactive|Rankedcheat16 has 60 seconds left.\n|\n|t:|1700443454\n|start\n|switch|p1a: Iron Hands|Iron Hands, L50|100\/100\n|switch|p1b: Gyarados|Gyarados, L50, F|100\/100\n|switch|p2a: Landorus|Landorus-Therian, L50, M|100\/100\n|switch|p2b: Grimmsnarl|Grimmsnarl, L50, M|100\/100\n|-ability|p2a: Landorus|Intimidate|boost\n|-unboost|p1a: Iron Hands|atk|1\n|-unboost|p1b: Gyarados|atk|1\n|-ability|p1b: Gyarados|Intimidate|boost\n|-unboost|p2a: Landorus|atk|1\n|-unboost|p2b: Grimmsnarl|atk|1\n|turn|1\n|\n|t:|1700443476\n|-terastallize|p1a: Iron Hands|Grass\n|move|p1a: Iron Hands|Detect|p1a: Iron Hands\n|-singleturn|p1a: Iron Hands|Protect\n|move|p2b: Grimmsnarl|Reflect|p2b: Grimmsnarl\n|-sidestart|p2: Rankedcheat16|Reflect\n|move|p2a: Landorus|U-turn|p1b: Gyarados\n|-resisted|p1b: Gyarados\n|-damage|p1b: Gyarados|90\/100\n|\n|t:|1700443494\n|switch|p2a: Spectrier|Spectrier, L50|100\/100|[from] U-turn\n|move|p1b: Gyarados|Taunt|p2b: Grimmsnarl\n|-start|p2b: Grimmsnarl|move: Taunt\n|\n|upkeep\n|turn|2\n|\n|t:|1700443511\n|switch|p2b: Landorus|Landorus-Therian, L50, M|100\/100\n|-ability|p2b: Landorus|Intimidate|boost\n|-unboost|p1a: Iron Hands|atk|1\n|-unboost|p1b: Gyarados|atk|1\n|-terastallize|p2a: Spectrier|Fairy\n|move|p2a: Spectrier|Nasty Plot|p2a: Spectrier\n|-boost|p2a: Spectrier|spa|2\n|move|p1b: Gyarados|Waterfall|p2a: Spectrier\n|-damage|p2a: Spectrier|87\/100\n|move|p1a: Iron Hands|Swords Dance|p1a: Iron Hands\n|-boost|p1a: Iron Hands|atk|2\n|\n|-heal|p2a: Spectrier|94\/100|[from] item: Leftovers\n|upkeep\n|turn|3\n|inactive|Minimugs has 30 seconds left.\n|inactive|Rankedcheat16 has 30 seconds left.\n|\n|t:|1700443540\n|move|p1a: Iron Hands|Detect|p1a: Iron Hands\n|-singleturn|p1a: Iron Hands|Protect\n|move|p2b: Landorus|U-turn|p1a: Iron Hands\n|-activate|p1a: Iron Hands|move: Protect\n|move|p2a: Spectrier|Shadow Ball|p1a: Iron Hands\n|-activate|p1a: Iron Hands|move: Protect\n|move|p1b: Gyarados|Thunder Wave|p2a: Spectrier\n|-status|p2a: Spectrier|par\n|\n|-heal|p2a: Spectrier|99\/100 par|[from] item: Leftovers\n|upkeep\n|turn|4\n|\n|t:|1700443561\n|move|p2a: Spectrier|Protect|p2a: Spectrier\n|-singleturn|p2a: Spectrier|Protect\n|move|p2b: Landorus|U-turn|p1a: Iron Hands\n|-supereffective|p1a: Iron Hands\n|-damage|p1a: Iron Hands|62\/100\n|\n|t:|1700443567\n|switch|p2b: Grimmsnarl|Grimmsnarl, L50, M|100\/100|[from] U-turn\n|move|p1b: Gyarados|Waterfall|p2a: Spectrier\n|-activate|p2a: Spectrier|move: Protect\n|move|p1a: Iron Hands|Swords Dance|p1a: Iron Hands\n|-boost|p1a: Iron Hands|atk|2\n|\n|-heal|p2a: Spectrier|100\/100 par|[from] item: Leftovers\n|-heal|p1a: Iron Hands|68\/100|[from] item: Leftovers\n|upkeep\n|turn|5\n|\n|t:|1700443584\n|move|p2b: Grimmsnarl|Parting Shot|p1a: Iron Hands\n|-unboost|p1a: Iron Hands|atk|1\n|-unboost|p1a: Iron Hands|spa|1\n|\n|t:|1700443590\n|switch|p2b: Landorus|Landorus-Therian, L50, M|100\/100|[from] Parting Shot\n|-ability|p2b: Landorus|Intimidate|boost\n|-unboost|p1a: Iron Hands|atk|1\n|-unboost|p1b: Gyarados|atk|1\n|move|p1b: Gyarados|Waterfall|p2a: Spectrier\n|-damage|p2a: Spectrier|90\/100 par\n|move|p2a: Spectrier|Draining Kiss|p1a: Iron Hands\n|-damage|p1a: Iron Hands|12\/100\n|-heal|p2a: Spectrier|100\/100 par|[from] drain|[of] p1a: Iron Hands\n|move|p1a: Iron Hands|Drain Punch|p2b: Landorus\n|-resisted|p2b: Landorus\n|-damage|p2b: Landorus|84\/100\n|-heal|p1a: Iron Hands|17\/100|[from] drain|[of] p2b: Landorus\n|\n|-heal|p1a: Iron Hands|23\/100|[from] item: Leftovers\n|upkeep\n|turn|6\n|\n|t:|1700443607\n|-end|p1a: Iron Hands|Quark Drive|[silent]\n|switch|p1a: Chi-Yu|Chi-Yu, L50|100\/100\n|-ability|p1a: Chi-Yu|Beads of Ruin\n|move|p2b: Landorus|U-turn|p1a: Chi-Yu\n|-damage|p1a: Chi-Yu|62\/100\n|\n|t:|1700443615\n|switch|p2b: Grimmsnarl|Grimmsnarl, L50, M|100\/100|[from] U-turn\n|move|p1b: Gyarados|Waterfall|p2a: Spectrier\n|-damage|p2a: Spectrier|90\/100 par\n|cant|p2a: Spectrier|par\n|\n|-heal|p2a: Spectrier|96\/100 par|[from] item: Leftovers\n|upkeep\n|turn|7\n|\n|t:|1700443629\n|move|p2b: Grimmsnarl|Light Screen|p2b: Grimmsnarl\n|-sidestart|p2: Rankedcheat16|move: Light Screen\n|move|p1a: Chi-Yu|Flamethrower|p2a: Spectrier\n|-damage|p2a: Spectrier|46\/100 par\n|move|p1b: Gyarados|Waterfall|p2a: Spectrier\n|-damage|p2a: Spectrier|34\/100 par\n|move|p2a: Spectrier|Draining Kiss|p1a: Chi-Yu\n|-damage|p1a: Chi-Yu|0 fnt\n|-heal|p2a: Spectrier|69\/100 par|[from] drain|[of] p1a: Chi-Yu\n|faint|p1a: Chi-Yu\n|-ability|p2a: Spectrier|Grim Neigh|boost\n|-boost|p2a: Spectrier|spa|1\n|\n|-heal|p2a: Spectrier|75\/100 par|[from] item: Leftovers\n|upkeep\n|\n|t:|1700443637\n|switch|p1a: Articuno|Articuno-Galar, L50|100\/100\n|turn|8\n|\n|t:|1700443649\n|move|p2b: Grimmsnarl|Parting Shot|p1a: Articuno\n|-unboost|p1a: Articuno|atk|1\n|-ability|p1a: Articuno|Competitive|boost\n|-boost|p1a: Articuno|spa|2\n|-unboost|p1a: Articuno|spa|1\n|-ability|p1a: Articuno|Competitive|boost\n|-boost|p1a: Articuno|spa|2\n|\n|t:|1700443656\n|switch|p2b: Landorus|Landorus-Therian, L50, M|84\/100|[from] Parting Shot\n|-ability|p2b: Landorus|Intimidate|boost\n|-unboost|p1a: Articuno|atk|1\n|-ability|p1a: Articuno|Competitive|boost\n|-boost|p1a: Articuno|spa|2\n|-unboost|p1b: Gyarados|atk|1\n|move|p1a: Articuno|Shadow Ball|p2a: Spectrier\n|-damage|p2a: Spectrier|0 fnt\n|faint|p2a: Spectrier\n|move|p1b: Gyarados|Waterfall|p2b: Landorus\n|-supereffective|p2b: Landorus\n|-damage|p2b: Landorus|66\/100\n|\n|-sideend|p2: Rankedcheat16|Reflect\n|upkeep\n|\n|t:|1700443663\n|switch|p2a: Ogerpon|Ogerpon-Wellspring, L50, F|100\/100\n|turn|9\n|\n|t:|1700443677\n|move|p2a: Ogerpon|Follow Me|p2a: Ogerpon\n|-singleturn|p2a: Ogerpon|move: Follow Me\n|move|p2b: Landorus|Rock Slide|p1a: Articuno|[spread] p1a,p1b\n|-supereffective|p1a: Articuno\n|-supereffective|p1b: Gyarados\n|-damage|p1a: Articuno|53\/100\n|-damage|p1b: Gyarados|41\/100\n|-enditem|p1b: Gyarados|Sitrus Berry|[eat]\n|-heal|p1b: Gyarados|66\/100|[from] item: Sitrus Berry\n|move|p1a: Articuno|Freezing Glare|p2a: Ogerpon\n|-damage|p2a: Ogerpon|0 fnt\n|faint|p2a: Ogerpon\n|cant|p1b: Gyarados|flinch\n|\n|upkeep\n|\n|t:|1700443682\n|switch|p2a: Grimmsnarl|Grimmsnarl, L50, M|100\/100\n|turn|10\n|\n|t:|1700443698\n|move|p2a: Grimmsnarl|Reflect|p2a: Grimmsnarl\n|-sidestart|p2: Rankedcheat16|Reflect\n|move|p2b: Landorus|Rock Slide|p1b: Gyarados|[spread] p1a,p1b\n|-supereffective|p1a: Articuno\n|-supereffective|p1b: Gyarados\n|-damage|p1a: Articuno|2\/100\n|-damage|p1b: Gyarados|13\/100\n|-enditem|p1a: Articuno|Iapapa Berry|[eat]\n|-heal|p1a: Articuno|35\/100|[from] item: Iapapa Berry\n|move|p1a: Articuno|Freezing Glare|p2b: Landorus\n|-damage|p2b: Landorus|0 fnt\n|faint|p2b: Landorus\n|move|p1b: Gyarados|Waterfall|p2a: Grimmsnarl\n|-damage|p2a: Grimmsnarl|91\/100\n|\n|upkeep\n|turn|11\n|\n|t:|1700443711\n|move|p1b: Gyarados|Protect|p1b: Gyarados\n|-singleturn|p1b: Gyarados|Protect\n|move|p1a: Articuno|Shadow Ball|p2a: Grimmsnarl\n|-resisted|p2a: Grimmsnarl\n|-damage|p2a: Grimmsnarl|61\/100\n|move|p2a: Grimmsnarl|Spirit Break|p1a: Articuno\n|-damage|p1a: Articuno|0 fnt\n|faint|p1a: Articuno\n|\n|upkeep\n|\n|t:|1700443720\n|switch|p1a: Iron Hands|Iron Hands, L50, tera:Grass|23\/100\n|turn|12\n|\n|t:|1700443730\n|move|p1a: Iron Hands|Detect|p1a: Iron Hands\n|-singleturn|p1a: Iron Hands|Protect\n|move|p1b: Gyarados|Thunder Wave|p2a: Grimmsnarl\n|-status|p2a: Grimmsnarl|par\n|move|p2a: Grimmsnarl|Spirit Break|p1a: Iron Hands\n|-activate|p1a: Iron Hands|move: Protect\n|\n|-heal|p1a: Iron Hands|29\/100|[from] item: Leftovers\n|upkeep\n|turn|13\n|\n|t:|1700443745\n|move|p1b: Gyarados|Taunt|p2a: Grimmsnarl\n|-start|p2a: Grimmsnarl|move: Taunt\n|move|p1a: Iron Hands|Drain Punch|p2a: Grimmsnarl\n|-damage|p2a: Grimmsnarl|28\/100 par\n|-heal|p1a: Iron Hands|41\/100|[from] drain|[of] p2a: Grimmsnarl\n|cant|p2a: Grimmsnarl|par\n|\n|-heal|p1a: Iron Hands|48\/100|[from] item: Leftovers\n|upkeep\n|turn|14\n|-message|Rankedcheat16 forfeited.\n|\n|win|Minimugs\n|raw|Minimugs's rating: 1073 &rarr; <strong>1109<\/strong><br \/>(+36 for winning)\n|raw|Rankedcheat16's rating: 1162 &rarr; <strong>1131<\/strong><br \/>(-31 for losing)\n|l|\u2606Rankedcheat16\n","uploadtime":1700443757,"views":7,"p1id":"minimugs","p2id":"rankedcheat16","formatid":"gen9vgc2023regulatione","rating":1109,"private":0,"password":""}