{"id":"gen9vgc2023regulatione-1999406266","p1":"Chaizen Hirussa","p2":"Calmnic","format":"[Gen 9] VGC 2023 Regulation E","log":"|j|\u2606Chaizen Hirussa\n|j|\u2606Calmnic\n|t:|1701075107\n|gametype|doubles\n|player|p1|Chaizen Hirussa|bugcatcher-gen4dp|1304\n|player|p2|Calmnic|petrel|1347\n|teamsize|p1|6\n|teamsize|p2|6\n|gen|9\n|tier|[Gen 9] VGC 2023 Regulation E\n|rated|\n|rule|Species Clause: Limit one of each Pok\u00e9mon\n|rule|Item Clause: Limit one of each item\n|clearpoke\n|poke|p1|Flutter Mane, L50|\n|poke|p1|Zapdos-Galar, L50|\n|poke|p1|Chien-Pao, L50|\n|poke|p1|Arcanine-Hisui, L50, F|\n|poke|p1|Ogerpon-Wellspring, L50, F|\n|poke|p1|Farigiraf, L50, M|\n|poke|p2|Amoonguss, L50, M|\n|poke|p2|Tornadus, L50, M|\n|poke|p2|Iron Hands, L50|\n|poke|p2|Arcanine-Hisui, L50, M|\n|poke|p2|Gholdengo, L50|\n|poke|p2|Urshifu-*, L50, M|\n|teampreview|4\n|inactive|Battle timer is ON: inactive players will automatically lose when time's up. (requested by Calmnic)\n|inactive|Chaizen Hirussa has 60 seconds left.\n|inactive|Calmnic has 60 seconds left.\n|inactive|Calmnic has 30 seconds left.\n|inactive|Calmnic has 20 seconds left.\n|\n|t:|1701075180\n|start\n|switch|p1a: Ogerpon|Ogerpon-Wellspring, L50, F|100\/100\n|switch|p1b: Farigiraf|Farigiraf, L50, M|100\/100\n|switch|p2a: Tornadus|Tornadus, L50, M|100\/100\n|switch|p2b: Gholdengo|Gholdengo, L50|100\/100\n|turn|1\n|inactive|Calmnic has 30 seconds left.\n|\n|t:|1701075213\n|-terastallize|p2b: Gholdengo|Dragon\n|-terastallize|p1a: Ogerpon|Water\n|detailschange|p1a: Ogerpon|Ogerpon-Wellspring-Tera, L50, F, tera:Water\n|-ability|p1a: Ogerpon|Embody Aspect (Wellspring)|boost\n|-boost|p1a: Ogerpon|spd|1\n|move|p2a: Tornadus|Bleakwind Storm|p1a: Ogerpon|[spread] p1b\n|-miss|p2a: Tornadus|p1a: Ogerpon\n|-damage|p1b: Farigiraf|64\/100\n|move|p2b: Gholdengo|Nasty Plot|p2b: Gholdengo\n|-boost|p2b: Gholdengo|spa|2\n|move|p1a: Ogerpon|Swords Dance|p1a: Ogerpon\n|-boost|p1a: Ogerpon|atk|2\n|move|p1b: Farigiraf|Trick Room|p1b: Farigiraf\n|-fieldstart|move: Trick Room|[of] p1b: Farigiraf\n|\n|upkeep\n|turn|2\n|inactive|Chaizen Hirussa has 30 seconds left.\n|inactive|Chaizen Hirussa has 20 seconds left.\n|inactive|Calmnic has 30 seconds left.\n|inactive|Chaizen Hirussa has 15 seconds left.\n|\n|t:|1701075262\n|move|p1b: Farigiraf|Light Screen|p1b: Farigiraf\n|-sidestart|p1: Chaizen Hirussa|move: Light Screen\n|move|p1a: Ogerpon|Ivy Cudgel|p2a: Tornadus|[anim] Ivy Cudgel Water\n|-damage|p2a: Tornadus|0 fnt\n|faint|p2a: Tornadus\n|move|p2b: Gholdengo|Make It Rain|p1a: Ogerpon|[spread] p1a,p1b\n|-resisted|p1a: Ogerpon\n|-damage|p1a: Ogerpon|83\/100\n|-damage|p1b: Farigiraf|15\/100\n|-unboost|p2b: Gholdengo|spa|1\n|-enditem|p1b: Farigiraf|Sitrus Berry|[eat]\n|-heal|p1b: Farigiraf|40\/100|[from] item: Sitrus Berry\n|\n|upkeep\n|\n|t:|1701075281\n|switch|p2a: Iron Hands|Iron Hands, L50|100\/100\n|turn|3\n|inactive|Chaizen Hirussa has 30 seconds left.\n|\n|t:|1701075314\n|move|p1a: Ogerpon|Spiky Shield|p1a: Ogerpon\n|-singleturn|p1a: Ogerpon|move: Protect\n|move|p2a: Iron Hands|Wild Charge|p1a: Ogerpon\n|-activate|p1a: Ogerpon|move: Protect\n|-damage|p2a: Iron Hands|88\/100|[from] Spiky Shield|[of] p1a: Ogerpon\n|move|p1b: Farigiraf|Psychic|p2a: Iron Hands\n|-supereffective|p2a: Iron Hands\n|-crit|p2a: Iron Hands\n|-damage|p2a: Iron Hands|26\/100\n|move|p2b: Gholdengo|Nasty Plot|p2b: Gholdengo\n|-boost|p2b: Gholdengo|spa|2\n|\n|upkeep\n|turn|4\n|inactive|Chaizen Hirussa has 30 seconds left.\n|inactive|Calmnic has 30 seconds left.\n|\n|t:|1701075347\n|-end|p2a: Iron Hands|Quark Drive|[silent]\n|switch|p2a: Arcanine|Arcanine-Hisui, L50, M|100\/100\n|-ability|p2a: Arcanine|Intimidate|boost\n|-unboost|p1a: Ogerpon|atk|1\n|-unboost|p1b: Farigiraf|atk|1\n|move|p1b: Farigiraf|Psychic|p2a: Arcanine\n|-damage|p2a: Arcanine|57\/100\n|move|p1a: Ogerpon|Horn Leech|p2b: Gholdengo\n|-resisted|p2b: Gholdengo\n|-damage|p2b: Gholdengo|62\/100\n|-heal|p1a: Ogerpon|100\/100|[from] drain|[of] p2b: Gholdengo\n|move|p2b: Gholdengo|Make It Rain|p1b: Farigiraf|[spread] p1a,p1b\n|-resisted|p1a: Ogerpon\n|-crit|p1a: Ogerpon\n|-damage|p1a: Ogerpon|31\/100\n|-damage|p1b: Farigiraf|0 fnt\n|-unboost|p2b: Gholdengo|spa|1\n|faint|p1b: Farigiraf\n|\n|-heal|p2b: Gholdengo|68\/100|[from] item: Leftovers\n|upkeep\n|\n|t:|1701075370\n|switch|p1b: Zapdos|Zapdos-Galar, L50|100\/100\n|turn|5\n|inactive|Chaizen Hirussa has 30 seconds left.\n|inactive|Chaizen Hirussa has 20 seconds left.\n|inactive|Chaizen Hirussa has 15 seconds left.\n|\n|t:|1701075411\n|switch|p2a: Iron Hands|Iron Hands, L50|26\/100\n|move|p2b: Gholdengo|Protect|p2b: Gholdengo\n|-singleturn|p2b: Gholdengo|Protect\n|move|p1a: Ogerpon|Ivy Cudgel|p2a: Iron Hands|[anim] Ivy Cudgel Water\n|-damage|p2a: Iron Hands|0 fnt\n|faint|p2a: Iron Hands\n|-end|p2a: Iron Hands|Quark Drive|[silent]\n|move|p1b: Zapdos|Brave Bird|p2b: Gholdengo\n|-activate|p2b: Gholdengo|move: Protect\n|\n|-heal|p2b: Gholdengo|74\/100|[from] item: Leftovers\n|-fieldend|move: Trick Room\n|upkeep\n|\n|t:|1701075424\n|switch|p2a: Arcanine|Arcanine-Hisui, L50, M|57\/100\n|-ability|p2a: Arcanine|Intimidate|boost\n|-unboost|p1a: Ogerpon|atk|1\n|-unboost|p1b: Zapdos|atk|1\n|-ability|p1b: Zapdos|Defiant|boost\n|-boost|p1b: Zapdos|atk|2\n|turn|6\n|inactive|Chaizen Hirussa has 30 seconds left.\n|\n|t:|1701075454\n|move|p1a: Ogerpon|Spiky Shield|p1a: Ogerpon\n|-singleturn|p1a: Ogerpon|move: Protect\n|move|p1b: Zapdos|Brave Bird|p2b: Gholdengo\n|-damage|p2b: Gholdengo|0 fnt\n|faint|p2b: Gholdengo\n|-damage|p1b: Zapdos|77\/100|[from] Recoil\n|move|p2a: Arcanine|Head Smash|p1b: Zapdos\n|-damage|p1b: Zapdos|0 fnt\n|faint|p1b: Zapdos\n|-damage|p2a: Arcanine|21\/100|[from] Recoil\n|\n|-sideend|p1: Chaizen Hirussa|move: Light Screen\n|upkeep\n|\n|t:|1701075465\n|switch|p1b: Chien-Pao|Chien-Pao, L50|100\/100\n|-ability|p1b: Chien-Pao|Sword of Ruin\n|turn|7\n|-message|Calmnic forfeited.\n|\n|win|Chaizen Hirussa\n|raw|Chaizen Hirussa's rating: 1304 &rarr; <strong>1326<\/strong><br \/>(+22 for winning)\n|raw|Calmnic's rating: 1347 &rarr; <strong>1325<\/strong><br \/>(-22 for losing)\n","uploadtime":1701075475,"views":3,"p1id":"chaizenhirussa","p2id":"calmnic","formatid":"gen9vgc2023regulatione","rating":1325,"private":0,"password":""}