{"id":"gen9vgc2023regulatione-1992298561","p1":"swaggypepper","p2":"tythann","format":"[Gen 9] VGC 2023 Regulation E","log":"|j|\u2606swaggypepper\n|j|\u2606tythann\n|t:|1700172203\n|gametype|doubles\n|player|p1|swaggypepper|swimmer|1191\n|player|p2|tythann|102|1104\n|teamsize|p1|6\n|teamsize|p2|6\n|gen|9\n|tier|[Gen 9] VGC 2023 Regulation E\n|rated|\n|rule|Species Clause: Limit one of each Pok\u00e9mon\n|rule|Item Clause: Limit one of each item\n|clearpoke\n|poke|p1|Dusclops, L50, F|\n|poke|p1|Torkoal, L50, M|\n|poke|p1|Ursaluna, L50, F|\n|poke|p1|Vaporeon, L50, M|\n|poke|p1|Jumpluff, L50, M|\n|poke|p1|Snorlax, L50, F|\n|poke|p2|Roaring Moon, L50|\n|poke|p2|Tornadus, L50, M|\n|poke|p2|Sinistcha, L50|\n|poke|p2|Arcanine-Hisui, L50, F|\n|poke|p2|Ogerpon, L50, F|\n|poke|p2|Iron Hands, L50|\n|teampreview|4\nswaggypepper rejected open team sheets.\n|inactive|Battle timer is ON: inactive players will automatically lose when time's up. (requested by swaggypepper)\n|\n|t:|1700172243\n|start\n|switch|p1a: Ralf|Torkoal, L50, M|100\/100\n|switch|p1b: McFly|Jumpluff, L50, M|100\/100\n|switch|p2a: Arcanine|Arcanine-Hisui, L50, F|100\/100\n|switch|p2b: Tornadus|Tornadus, L50, M|100\/100\n|-ability|p2a: Arcanine|Intimidate|boost\n|-unboost|p1a: Ralf|atk|1\n|-unboost|p1b: McFly|atk|1\n|-weather|SunnyDay|[from] ability: Drought|[of] p1a: Ralf\n|turn|1\n|\n|t:|1700172262\n|move|p1b: McFly|Sleep Powder|p2a: Arcanine\n|-status|p2a: Arcanine|slp|[from] move: Sleep Powder\n|cant|p2a: Arcanine|slp\n|move|p2b: Tornadus|Bleakwind Storm|p1b: McFly|[spread] p1a,p1b\n|-supereffective|p1b: McFly\n|-damage|p1a: Ralf|55\/100\n|-damage|p1b: McFly|31\/100\n|move|p1a: Ralf|Heat Wave|p2b: Tornadus|[spread] p2a,p2b\n|-resisted|p2a: Arcanine\n|-damage|p2a: Arcanine|86\/100 slp\n|-damage|p2b: Tornadus|47\/100\n|\n|-weather|SunnyDay|[upkeep]\n|upkeep\n|turn|2\n|\n|t:|1700172281\n|move|p2b: Tornadus|Tailwind|p2b: Tornadus\n|-sidestart|p2: tythann|move: Tailwind\n|cant|p2a: Arcanine|slp\n|move|p1b: McFly|Sleep Powder|p2b: Tornadus|[miss]\n|-miss|p1b: McFly|p2b: Tornadus\n|move|p1a: Ralf|Earth Power|p2a: Arcanine\n|-supereffective|p2a: Arcanine\n|-damage|p2a: Arcanine|0 fnt\n|faint|p2a: Arcanine\n|\n|-weather|SunnyDay|[upkeep]\n|upkeep\n|\n|t:|1700172297\n|switch|p2a: Roaring Moon|Roaring Moon, L50|100\/100\n|-activate|p2a: Roaring Moon|ability: Protosynthesis\n|-start|p2a: Roaring Moon|protosynthesisatk\n|turn|3\n|\n|t:|1700172311\n|move|p2b: Tornadus|Taunt|p1b: McFly\n|-start|p1b: McFly|move: Taunt\n|cant|p1b: McFly|move: Taunt|Sleep Powder\n|move|p2a: Roaring Moon|Knock Off|p1a: Ralf\n|-damage|p1a: Ralf|0 fnt\n|-damage|p2a: Roaring Moon|84\/100|[from] item: Rocky Helmet|[of] p1a: Ralf\n|-enditem|p1a: Ralf|Rocky Helmet|[from] move: Knock Off|[of] p2a: Roaring Moon\n|faint|p1a: Ralf\n|\n|-weather|SunnyDay|[upkeep]\n|upkeep\n|\n|t:|1700172327\n|switch|p1a: Lotta|Ursaluna, L50, F|100\/100\n|turn|4\n|\n|t:|1700172347\n|switch|p1b: Buddy|Vaporeon, L50, M|100\/100\n|-terastallize|p2a: Roaring Moon|Flying\n|move|p1a: Lotta|Protect|p1a: Lotta\n|-singleturn|p1a: Lotta|Protect\n|move|p2b: Tornadus|Bleakwind Storm|p1b: Buddy|[spread] p1b\n|-activate|p1a: Lotta|move: Protect\n|-damage|p1b: Buddy|73\/100\n|move|p2a: Roaring Moon|Acrobatics|p1a: Lotta\n|-activate|p1a: Lotta|move: Protect\n|\n|-weather|SunnyDay|[upkeep]\n|-heal|p1b: Buddy|79\/100|[from] item: Leftovers\n|-status|p1a: Lotta|brn|[from] item: Flame Orb\n|upkeep\n|turn|5\n|\n|t:|1700172370\n|move|p2b: Tornadus|Taunt|p1b: Buddy\n|-start|p1b: Buddy|move: Taunt\n|move|p2a: Roaring Moon|Acrobatics|p1a: Lotta\n|-damage|p1a: Lotta|64\/100 brn\n|move|p1b: Buddy|Ice Beam|p2b: Tornadus\n|-supereffective|p2b: Tornadus\n|-crit|p2b: Tornadus\n|-damage|p2b: Tornadus|0 fnt\n|faint|p2b: Tornadus\n|move|p1a: Lotta|Facade|p2a: Roaring Moon\n|-damage|p2a: Roaring Moon|0 fnt\n|faint|p2a: Roaring Moon\n|-end|p2a: Roaring Moon|Protosynthesis|[silent]\n|\n|-weather|none\n|-heal|p1b: Buddy|85\/100|[from] item: Leftovers\n|-damage|p1a: Lotta|58\/100 brn|[from] brn\n|-sideend|p2: tythann|move: Tailwind\n|upkeep\n|\n|t:|1700172390\n|switch|p2b: Iron Hands|Iron Hands, L50|100\/100\n|turn|6\n|\n|t:|1700172400\n|-terastallize|p1a: Lotta|Ghost\n|move|p2b: Iron Hands|Fake Out|p1b: Buddy\n|-damage|p1b: Buddy|66\/100\n|cant|p1b: Buddy|flinch\n|move|p1a: Lotta|Headlong Rush|p2b: Iron Hands\n|-supereffective|p2b: Iron Hands\n|-damage|p2b: Iron Hands|0 fnt\n|-unboost|p1a: Lotta|def|1\n|-unboost|p1a: Lotta|spd|1\n|faint|p2b: Iron Hands\n|-end|p2b: Iron Hands|Quark Drive|[silent]\n|\n|win|swaggypepper\n|raw|swaggypepper's rating: 1191 &rarr; <strong>1210<\/strong><br \/>(+19 for winning)\n|raw|tythann's rating: 1104 &rarr; <strong>1085<\/strong><br \/>(-19 for losing)\n|l|\u2606tythann\n|c|\u2606swaggypepper|gg\n","uploadtime":1700172606,"views":18,"p1id":"swaggypepper","p2id":"tythann","formatid":"gen9vgc2023regulatione","rating":1085,"private":0,"password":""}