{"id":"gen9vgc2023regulatione-1992052576","p1":"dbatterie","p2":"bunearyboicherry","format":"[Gen 9] VGC 2023 Regulation E","log":"|j|\u2606dbatterie\n|j|\u2606bunearyboicherry\n|t:|1700151097\n|gametype|doubles\n|player|p1|dbatterie|marley|1116\n|player|p2|bunearyboicherry|hapu|1055\n|teamsize|p1|6\n|teamsize|p2|6\n|gen|9\n|tier|[Gen 9] VGC 2023 Regulation E\n|rated|\n|rule|Species Clause: Limit one of each Pok\u00e9mon\n|rule|Item Clause: Limit one of each item\n|clearpoke\n|poke|p1|Dipplin, L50, M|\n|poke|p1|Zoroark-Hisui, L50, F|\n|poke|p1|Ceruledge, L50, F|\n|poke|p1|Hydreigon, L50, F|\n|poke|p1|Kingambit, L50, F|\n|poke|p1|Sylveon, L50, F|\n|poke|p2|Mudsdale, L50, M|\n|poke|p2|Scream Tail, L50|\n|poke|p2|Chien-Pao, L50|\n|poke|p2|Honchkrow, L50, M|\n|poke|p2|Iron Thorns, L50|\n|poke|p2|Pincurchin, L50, F|\n|teampreview|4\n|inactive|Battle timer is ON: inactive players will automatically lose when time's up. (requested by bunearyboicherry)\n|\n|t:|1700151111\n|start\n|switch|p1a: Kingambit|Kingambit, L50, F|100\/100\n|switch|p1b: Hydreigon|Hydreigon, L50, F|100\/100\n|switch|p2a: Iron Thorns|Iron Thorns, L50|100\/100\n|switch|p2b: Pincurchin|Pincurchin, L50, F|100\/100\n|-fieldstart|move: Electric Terrain|[from] ability: Electric Surge|[of] p2b: Pincurchin\n|-activate|p2a: Iron Thorns|ability: Quark Drive\n|-start|p2a: Iron Thorns|quarkdriveatk\n|turn|1\n|\n|t:|1700151134\n|-terastallize|p2a: Iron Thorns|Ghost\n|move|p1b: Hydreigon|Tailwind|p1b: Hydreigon\n|-sidestart|p1: dbatterie|move: Tailwind\n|move|p1a: Kingambit|Low Kick|p2a: Iron Thorns\n|-immune|p2a: Iron Thorns\n|move|p2a: Iron Thorns|Rock Slide|p1a: Kingambit|[spread] p1a,p1b\n|-resisted|p1a: Kingambit\n|-damage|p1a: Kingambit|76\/100\n|-damage|p1b: Hydreigon|24\/100\n|move|p2b: Pincurchin|Acupressure|p2a: Iron Thorns\n|-boost|p2a: Iron Thorns|evasion|2\n|\n|upkeep\n|turn|2\n|inactive|bunearyboicherry has 30 seconds left.\n|inactive|bunearyboicherry has 20 seconds left.\n|\n|t:|1700151173\n|move|p1b: Hydreigon|Earth Power|p2b: Pincurchin\n|-supereffective|p2b: Pincurchin\n|-damage|p2b: Pincurchin|6\/100\n|-unboost|p2b: Pincurchin|spd|1\n|-enditem|p2b: Pincurchin|Sitrus Berry|[eat]\n|-heal|p2b: Pincurchin|31\/100|[from] item: Sitrus Berry\n|-damage|p1b: Hydreigon|15\/100|[from] item: Life Orb\n|move|p1a: Kingambit|Kowtow Cleave|p2a: Iron Thorns\n|-supereffective|p2a: Iron Thorns\n|-damage|p2a: Iron Thorns|15\/100\n|move|p2a: Iron Thorns|Rock Slide|p1b: Hydreigon|[spread] p1a,p1b\n|-resisted|p1a: Kingambit\n|-damage|p1a: Kingambit|54\/100\n|-damage|p1b: Hydreigon|0 fnt\n|faint|p1b: Hydreigon\n|move|p2b: Pincurchin|Thunder|p1a: Kingambit\n|-damage|p1a: Kingambit|2\/100\n|-status|p1a: Kingambit|par\n|\n|upkeep\n|inactive|dbatterie has 30 seconds left.\n|\n|t:|1700151201\n|switch|p1b: Sylveon|Sylveon, L50, F|100\/100\n|turn|3\n|\n|t:|1700151209\n|-terastallize|p1b: Sylveon|Fairy\n|cant|p1a: Kingambit|par\n|move|p2b: Pincurchin|Sucker Punch||[still]\n|-fail|p2b: Pincurchin\n|move|p1b: Sylveon|Hyper Voice|p2a: Iron Thorns|[spread] p2a,p2b\n|-damage|p2a: Iron Thorns|0 fnt\n|-damage|p2b: Pincurchin|0 fnt\n|faint|p2a: Iron Thorns\n|-end|p2a: Iron Thorns|Quark Drive|[silent]\n|faint|p2b: Pincurchin\n|\n|upkeep\n|\n|t:|1700151217\n|switch|p2a: Scream Tail|Scream Tail, L50|100\/100\n|switch|p2b: Chien-Pao|Chien-Pao, L50|100\/100\n|-ability|p2b: Chien-Pao|Sword of Ruin\n|-enditem|p2a: Scream Tail|Booster Energy\n|-activate|p2a: Scream Tail|ability: Protosynthesis|[fromitem]\n|-start|p2a: Scream Tail|protosynthesisspe\n|turn|4\n|\n|t:|1700151230\n|move|p1b: Sylveon|Moonblast|p2b: Chien-Pao\n|-supereffective|p2b: Chien-Pao\n|-enditem|p2b: Chien-Pao|Focus Sash\n|-damage|p2b: Chien-Pao|1\/100\n|-unboost|p2b: Chien-Pao|spa|1\n|move|p2a: Scream Tail|Howl|p2a: Scream Tail|[spread] p2a,p2b\n|-boost|p2a: Scream Tail|atk|1\n|-boost|p2b: Chien-Pao|atk|1\n|move|p2b: Chien-Pao|Icicle Crash|p1b: Sylveon\n|-damage|p1b: Sylveon|0 fnt\n|faint|p1b: Sylveon\n|move|p1a: Kingambit|Iron Head|p2a: Scream Tail\n|-supereffective|p2a: Scream Tail\n|-damage|p2a: Scream Tail|0 fnt\n|faint|p2a: Scream Tail\n|-end|p2a: Scream Tail|Protosynthesis|[silent]\n|\n|-sideend|p1: dbatterie|move: Tailwind\n|upkeep\n|\n|t:|1700151244\n|switch|p1b: Dipplin|Dipplin, L50, M|100\/100\n|-ability|p1b: Dipplin|Supersweet Syrup\n|-ability|p1b: Dipplin|Supersweet Syrup|boost\n|-unboost|p2b: Chien-Pao|evasion|1\n|turn|5\n|\n|t:|1700151255\n|cant|p1a: Kingambit|par\n|move|p2b: Chien-Pao|Icicle Crash|p1b: Dipplin\n|-supereffective|p1b: Dipplin\n|-damage|p1b: Dipplin|0 fnt\n|faint|p1b: Dipplin\n|\n|-fieldend|move: Electric Terrain\n|upkeep\n|turn|6\n|\n|t:|1700151268\n|move|p1a: Kingambit|Protect|p1a: Kingambit\n|-singleturn|p1a: Kingambit|Protect\n|move|p2b: Chien-Pao|Sucker Punch||[still]\n|-fail|p2b: Chien-Pao\n|\n|upkeep\n|turn|7\n|\n|t:|1700151278\n|move|p2b: Chien-Pao|Sucker Punch|p1a: Kingambit\n|-resisted|p1a: Kingambit\n|-damage|p1a: Kingambit|0 fnt\n|faint|p1a: Kingambit\n|\n|win|bunearyboicherry\n|raw|dbatterie's rating: 1116 &rarr; <strong>1087<\/strong><br \/>(-29 for losing)\n|raw|bunearyboicherry's rating: 1055 &rarr; <strong>1092<\/strong><br \/>(+37 for winning)\n|c|\u2606bunearyboicherry|GG\n|c|\u2606dbatterie|gg\n|l|\u2606dbatterie\n","uploadtime":1700151302,"views":22,"p1id":"dbatterie","p2id":"bunearyboicherry","formatid":"gen9vgc2023regulatione","rating":1087,"private":0,"password":""}