{"id":"gen9vgc2023regulatione-1995789970","p1":"Krisuerte","p2":"Mr.A1","format":"[Gen 9] VGC 2023 Regulation E","log":"|j|\u2606Krisuerte\n|j|\u203dMr.A1\n|n|\u2606Krisuerte|krisuerte\n|n|\u203dMr.A1|mra1\n|html|View the match progress at <a href=\"\/game-bestof3-gen9vgc2023regulatione-1995784663\">game-bestof3-gen9vgc2023regulatione-1995784663<\/a>\n|t:|1700603384\n|gametype|doubles\n|player|p1|Krisuerte|265|\n|player|p2|Mr.A1|acetrainer-gen4|\n|teamsize|p1|6\n|teamsize|p2|6\n|gen|9\n|tier|[Gen 9] VGC 2023 Regulation E\n|rule|Species Clause: Limit one of each Pok\u00e9mon\n|rule|Item Clause: Limit one of each item\n|clearpoke\n|poke|p1|Rillaboom, L50, F|\n|poke|p1|Flutter Mane, L50|\n|poke|p1|Chi-Yu, L50|\n|poke|p1|Thundurus, L50, M|\n|poke|p1|Landorus-Therian, L50, M|\n|poke|p1|Sinistcha-Masterpiece, L50|\n|poke|p2|Flutter Mane, L50|\n|poke|p2|Tornadus, L50, M|\n|poke|p2|Urshifu-*, L50, M|\n|poke|p2|Arcanine-Hisui, L50, F|\n|poke|p2|Chien-Pao, L50|\n|poke|p2|Rillaboom, L50, F|\n|teampreview|4\n|\n|t:|1700603415\n|start\n|switch|p1a: Chi-Yu|Chi-Yu, L50|100\/100\n|switch|p1b: Flutter Mane|Flutter Mane, L50|100\/100\n|switch|p2a: Tornadus|Tornadus, L50, M|100\/100\n|switch|p2b: Arcanine|Arcanine-Hisui, L50, F|100\/100\n|-ability|p1a: Chi-Yu|Beads of Ruin\n|-ability|p2b: Arcanine|Intimidate|boost\n|-unboost|p1a: Chi-Yu|atk|1\n|-unboost|p1b: Flutter Mane|atk|1\n|-enditem|p1b: Flutter Mane|Booster Energy\n|-activate|p1b: Flutter Mane|ability: Protosynthesis|[fromitem]\n|-start|p1b: Flutter Mane|protosynthesisspa\n|turn|1\n|inactive|Battle timer is ON: inactive players will automatically lose when time's up. (requested by Mr.A1)\n|\n|t:|1700603456\n|switch|p1a: Landorus|Landorus-Therian, L50, M|100\/100\n|-ability|p1a: Landorus|Intimidate|boost\n|-unboost|p2a: Tornadus|atk|1\n|-unboost|p2b: Arcanine|atk|1\n|move|p2a: Tornadus|Tailwind|p2a: Tornadus\n|-sidestart|p2: Mr.A1|move: Tailwind\n|move|p2b: Arcanine|Rock Slide|p1b: Flutter Mane|[spread] p1a,p1b\n|-damage|p1a: Landorus|72\/100\n|-damage|p1b: Flutter Mane|50\/100\n|cant|p1b: Flutter Mane|flinch\n|\n|upkeep\n|turn|2\n|\n|t:|1700603481\n|-terastallize|p2b: Arcanine|Normal\n|move|p1b: Flutter Mane|Protect|p1b: Flutter Mane\n|-singleturn|p1b: Flutter Mane|Protect\n|move|p2a: Tornadus|Bleakwind Storm|p1b: Flutter Mane|[spread] p1a\n|-activate|p1b: Flutter Mane|move: Protect\n|-damage|p1a: Landorus|35\/100\n|move|p2b: Arcanine|Rock Slide|p1b: Flutter Mane|[spread] p1a\n|-activate|p1b: Flutter Mane|move: Protect\n|-damage|p1a: Landorus|3\/100\n|move|p1a: Landorus|Earthquake|p2b: Arcanine|[spread] p2b\n|-activate|p1b: Flutter Mane|move: Protect\n|-immune|p2a: Tornadus\n|-damage|p2b: Arcanine|41\/100\n|-damage|p1a: Landorus|0 fnt|[from] item: Life Orb\n|faint|p1a: Landorus\n|\n|upkeep\n|inactive|Krisuerte has 30 seconds left.\n|\n|t:|1700603506\n|switch|p1a: Rillaboom|Rillaboom, L50, F|100\/100\n|-fieldstart|move: Grassy Terrain|[from] ability: Grassy Surge|[of] p1a: Rillaboom\n|turn|3\n|inactive|Mr.A1 has 30 seconds left.\n|\n|t:|1700603534\n|-terastallize|p1b: Flutter Mane|Fairy\n|move|p1a: Rillaboom|Fake Out|p2b: Arcanine\n|-damage|p2b: Arcanine|22\/100\n|move|p2a: Tornadus|Bleakwind Storm|p1a: Rillaboom|[spread] p1b\n|-miss|p2a: Tornadus|p1a: Rillaboom\n|-damage|p1b: Flutter Mane|17\/100\n|-unboost|p1b: Flutter Mane|spe|1\n|cant|p2b: Arcanine|flinch\n|move|p1b: Flutter Mane|Dazzling Gleam|p2a: Tornadus|[spread] p2a,p2b\n|-damage|p2a: Tornadus|29\/100\n|-damage|p2b: Arcanine|0 fnt\n|faint|p2b: Arcanine\n|\n|-heal|p1b: Flutter Mane|23\/100|[from] Grassy Terrain\n|upkeep\n|\n|t:|1700603551\n|switch|p2b: Chien-Pao|Chien-Pao, L50|100\/100\n|-ability|p2b: Chien-Pao|Sword of Ruin\n|turn|4\n|inactive|Krisuerte has 30 seconds left.\n|\n|t:|1700603580\n|move|p1b: Flutter Mane|Protect|p1b: Flutter Mane\n|-singleturn|p1b: Flutter Mane|Protect\n|move|p1a: Rillaboom|Grassy Glide|p2b: Chien-Pao\n|-damage|p2b: Chien-Pao|44\/100\n|move|p2b: Chien-Pao|Icicle Crash|p1a: Rillaboom\n|-supereffective|p1a: Rillaboom\n|-damage|p1a: Rillaboom|0 fnt\n|faint|p1a: Rillaboom\n|move|p2a: Tornadus|Bleakwind Storm|p1b: Flutter Mane\n|-activate|p1b: Flutter Mane|move: Protect\n|\n|-heal|p2b: Chien-Pao|50\/100|[from] Grassy Terrain\n|-heal|p1b: Flutter Mane|29\/100|[from] Grassy Terrain\n|-sideend|p2: Mr.A1|move: Tailwind\n|upkeep\n|\n|t:|1700603596\n|switch|p1a: Chi-Yu|Chi-Yu, L50|100\/100\n|-ability|p1a: Chi-Yu|Beads of Ruin\n|turn|5\n|\n|t:|1700603620\n|move|p1a: Chi-Yu|Heat Wave|p2a: Tornadus|[spread] p2a,p2b\n|-supereffective|p2b: Chien-Pao\n|-damage|p2a: Tornadus|0 fnt\n|-damage|p2b: Chien-Pao|0 fnt\n|faint|p2a: Tornadus\n|faint|p2b: Chien-Pao\n|move|p1b: Flutter Mane|Dazzling Gleam|p2: Tornadus|[notarget]\n|-fail|p1b: Flutter Mane\n|\n|-heal|p1b: Flutter Mane|35\/100|[from] Grassy Terrain\n|upkeep\n|\n|t:|1700603628\n|switch|p2b: Urshifu|Urshifu-Rapid-Strike, L50, M|100\/100\n|turn|6\n|\n|t:|1700603640\n|move|p1a: Chi-Yu|Heat Wave|p2b: Urshifu\n|-resisted|p2b: Urshifu\n|-damage|p2b: Urshifu|59\/100\n|move|p2b: Urshifu|Surging Strikes|p1b: Flutter Mane\n|-crit|p1b: Flutter Mane\n|-damage|p1b: Flutter Mane|0 fnt\n|faint|p1b: Flutter Mane\n|-end|p1b: Flutter Mane|Protosynthesis|[silent]\n|-hitcount|p1: Flutter Mane|1\n|\n|-heal|p2b: Urshifu|65\/100|[from] Grassy Terrain\n|upkeep\n|turn|7\n|\n|t:|1700603653\n|move|p1a: Chi-Yu|Heat Wave|p2b: Urshifu\n|-resisted|p2b: Urshifu\n|-damage|p2b: Urshifu|19\/100\n|move|p2b: Urshifu|Surging Strikes|p1a: Chi-Yu\n|-supereffective|p1a: Chi-Yu\n|-crit|p1a: Chi-Yu\n|-damage|p1a: Chi-Yu|23\/100\n|-supereffective|p1a: Chi-Yu\n|-crit|p1a: Chi-Yu\n|-damage|p1a: Chi-Yu|0 fnt\n|faint|p1a: Chi-Yu\n|-hitcount|p1: Chi-Yu|2\n|\n|win|Mr.A1\n","uploadtime":1700603672,"views":1,"p1id":"krisuerte","p2id":"mra1","formatid":"gen9vgc2023regulatione","rating":0,"private":0,"password":""}