{"id":"gen9vgc2023regulatione-1994384962","p1":"TakinaVGC","p2":"Pink_SSB","format":"[Gen 9] VGC 2023 Regulation E","log":"|j|\u2606TakinaVGC\n|j|\u2606Pink_SSB\n|n|\u2606TakinaVGC|takinavgc\n|n|\u2606Pink_SSB|pinkssb\n|html|View the match progress at <a href=\"\/game-bestof3-gen9vgc2023regulatione-1994382061\">game-bestof3-gen9vgc2023regulatione-1994382061<\/a>\n|t:|1700437835\n|gametype|doubles\n|player|p1|TakinaVGC|cynthia|\n|player|p2|Pink_SSB|1|\n|teamsize|p1|6\n|teamsize|p2|6\n|gen|9\n|tier|[Gen 9] VGC 2023 Regulation E\n|rule|Species Clause: Limit one of each Pok\u00e9mon\n|rule|Item Clause: Limit one of each item\n|clearpoke\n|poke|p1|Arcanine-Hisui, L50, M|\n|poke|p1|Tornadus, L50, M|\n|poke|p1|Urshifu-*, L50, M|\n|poke|p1|Rillaboom, L50, F|\n|poke|p1|Regidrago, L50|\n|poke|p1|Scizor, L50, M|\n|poke|p2|Eiscue, L50, F|\n|poke|p2|Iron Hands, L50|\n|poke|p2|Sinistcha, L50|\n|poke|p2|Landorus-Therian, L50, M|\n|poke|p2|Heatran, L50, F|\n|poke|p2|Flutter Mane, L50|\n|teampreview|4\n|j| AC Wesley\nTakinaVGC has agreed to open team sheets.\n|inactive|Battle timer is ON: inactive players will automatically lose when time's up. (requested by TakinaVGC)\n|inactive|TakinaVGC has 60 seconds left.\n|\n|t:|1700437879\n|start\n|switch|p1a: Tornadus|Tornadus, L50, M|100\/100\n|switch|p1b: Urshifu|Urshifu-Rapid-Strike, L50, M|100\/100\n|switch|p2a: Uncle Lando|Landorus-Therian, L50, M|100\/100\n|switch|p2b: Brian Hands|Iron Hands, L50|100\/100\n|-ability|p2a: Uncle Lando|Intimidate|boost\n|-unboost|p1a: Tornadus|atk|1\n|-unboost|p1b: Urshifu|atk|1\n|turn|1\n|\n|t:|1700437897\n|-terastallize|p2a: Uncle Lando|Flying\n|move|p1a: Tornadus|Protect|p1a: Tornadus\n|-singleturn|p1a: Tornadus|Protect\n|move|p1b: Urshifu|Protect|p1b: Urshifu\n|-singleturn|p1b: Urshifu|Protect\n|move|p2b: Brian Hands|Fake Out|p1b: Urshifu\n|-activate|p1b: Urshifu|move: Protect\n|move|p2a: Uncle Lando|Tera Blast|p1a: Tornadus|[anim] Tera Blast Flying\n|-activate|p1a: Tornadus|move: Protect\n|\n|upkeep\n|turn|2\n|j| Van. Volcanucks\n|inactive|TakinaVGC has 30 seconds left.\n|inactive|TakinaVGC has 20 seconds left.\n|inactive|TakinaVGC has 15 seconds left.\n|inactive|TakinaVGC has 10 seconds left.\n|inactive|TakinaVGC has 5 seconds left.\n|\n|t:|1700437948\n|-terastallize|p1b: Urshifu|Water\n|move|p1a: Tornadus|Tailwind|p1a: Tornadus\n|-sidestart|p1: TakinaVGC|move: Tailwind\n|move|p1b: Urshifu|Surging Strikes|p2a: Uncle Lando\n|-crit|p2a: Uncle Lando\n|-damage|p2a: Uncle Lando|64\/100\n|-crit|p2a: Uncle Lando\n|-damage|p2a: Uncle Lando|28\/100\n|-crit|p2a: Uncle Lando\n|-damage|p2a: Uncle Lando|0 fnt\n|faint|p2a: Uncle Lando\n|-hitcount|p2: Uncle Lando|3\n|move|p2b: Brian Hands|Wild Charge|p1a: Tornadus\n|-supereffective|p1a: Tornadus\n|-damage|p1a: Tornadus|0 fnt\n|faint|p1a: Tornadus\n|-damage|p2b: Brian Hands|81\/100|[from] Recoil\n|\n|upkeep\n|j| CrystalDialga\n|\n|t:|1700437969\n|switch|p2a: Brian's Sippy Cup|Sinistcha, L50|100\/100\n|switch|p1a: Regidrago|Regidrago, L50|100\/100\n|-heal|p2b: Brian Hands|100\/100|[from] ability: Hospitality|[of] p2a: Brian's Sippy Cup\n|turn|3\n|\n|t:|1700437990\n|switch|p1b: Rillaboom|Rillaboom, L50, F|100\/100\n|-fieldstart|move: Grassy Terrain|[from] ability: Grassy Surge|[of] p1b: Rillaboom\n|move|p1a: Regidrago|Dragon Energy|p2a: Brian's Sippy Cup|[spread] p2a,p2b\n|-damage|p2a: Brian's Sippy Cup|0 fnt\n|-damage|p2b: Brian Hands|53\/100\n|faint|p2a: Brian's Sippy Cup\n|move|p2b: Brian Hands|Drain Punch|p1a: Regidrago\n|-damage|p1a: Regidrago|52\/100\n|-heal|p2b: Brian Hands|80\/100|[from] drain|[of] p1a: Regidrago\n|\n|-heal|p1a: Regidrago|59\/100|[from] Grassy Terrain\n|-heal|p2b: Brian Hands|86\/100|[from] Grassy Terrain\n|upkeep\n|\n|t:|1700437997\n|switch|p2a: Tera-Ass|Heatran, L50, F|100\/100\n|turn|4\n|inactive|TakinaVGC has 30 seconds left.\n|inactive|TakinaVGC has 20 seconds left.\n|inactive|TakinaVGC has 15 seconds left.\n|inactive|TakinaVGC has 10 seconds left.\n|\n|t:|1700438045\n|move|p2a: Tera-Ass|Protect|p2a: Tera-Ass\n|-singleturn|p2a: Tera-Ass|Protect\n|move|p1b: Rillaboom|Fake Out|p2b: Brian Hands\n|-damage|p2b: Brian Hands|76\/100\n|move|p1a: Regidrago|Earth Power|p2b: Brian Hands\n|-supereffective|p2b: Brian Hands\n|-damage|p2b: Brian Hands|47\/100\n|cant|p2b: Brian Hands|flinch\n|\n|-heal|p1a: Regidrago|65\/100|[from] Grassy Terrain\n|-heal|p2b: Brian Hands|53\/100|[from] Grassy Terrain\n|upkeep\n|turn|5\n|inactive|TakinaVGC has 30 seconds left.\n|inactive|TakinaVGC has 20 seconds left.\n|inactive|TakinaVGC has 15 seconds left.\n|\n|t:|1700438088\n|move|p1a: Regidrago|Draco Meteor|p2b: Brian Hands\n|-damage|p2b: Brian Hands|0 fnt\n|-unboost|p1a: Regidrago|spa|2\n|faint|p2b: Brian Hands\n|-end|p2b: Brian Hands|Quark Drive|[silent]\n|move|p1b: Rillaboom|High Horsepower|p2a: Tera-Ass\n|-supereffective|p2a: Tera-Ass\n|-damage|p2a: Tera-Ass|0 fnt\n|faint|p2a: Tera-Ass\n|\n|win|TakinaVGC\n|l|\u2606Pink_SSB\n|l| AC Wesley\n","uploadtime":1700438110,"views":20,"p1id":"takinavgc","p2id":"pinkssb","formatid":"gen9vgc2023regulatione","rating":0,"private":0,"password":""}