{"id":"gen9vgc2023regulatione-1989172756","p1":"LorhinVGC","p2":"ZEBRA COMMANDR","format":"[Gen 9] VGC 2023 Regulation E","log":"|j|\u2606LorhinVGC\n|j|\u2606ZEBRA COMMANDR\n|t:|1699819895\n|gametype|doubles\n|player|p1|LorhinVGC|shadowtriad|1024\n|player|p2|ZEBRA COMMANDR|169|1033\n|teamsize|p1|6\n|teamsize|p2|6\n|gen|9\n|tier|[Gen 9] VGC 2023 Regulation E\n|rated|\n|rule|Species Clause: Limit one of each Pok\u00e9mon\n|rule|Item Clause: Limit one of each item\n|clearpoke\n|poke|p1|Landorus-Therian, L50, M|\n|poke|p1|Ogerpon-Wellspring, L50, F|\n|poke|p1|Weezing, L50, M|\n|poke|p1|Iron Hands, L50|\n|poke|p1|Flutter Mane, L50|\n|poke|p1|Roaring Moon, L50|\n|poke|p2|Tornadus, L50, M|\n|poke|p2|Landorus-Therian, L50, M|\n|poke|p2|Flutter Mane, L50|\n|poke|p2|Ogerpon-Hearthflame, L50, F|\n|poke|p2|Rillaboom, L50, M|\n|poke|p2|Chien-Pao, L50|\n|teampreview|4\n|\n|t:|1699819933\n|start\n|switch|p1a: Weezing|Weezing, L50, M|100\/100\n|switch|p1b: Roaring Moon|Roaring Moon, L50|100\/100\n|switch|p2a: Tornadus|Tornadus, L50, M|100\/100\n|switch|p2b: Landorus|Landorus-Therian, L50, M|100\/100\n|-ability|p1a: Weezing|Neutralizing Gas\n|-enditem|p1b: Roaring Moon|Booster Energy\n|-activate|p1b: Roaring Moon|ability: Protosynthesis|[fromitem]\n|-start|p1b: Roaring Moon|protosynthesisspe\n|turn|1\n|\n|t:|1699819959\n|move|p1b: Roaring Moon|Tailwind|p1b: Roaring Moon\n|-sidestart|p1: LorhinVGC|move: Tailwind\n|move|p2b: Landorus|U-turn|p1a: Weezing\n|-resisted|p1a: Weezing\n|-damage|p1a: Weezing|90\/100\n|\n|t:|1699819966\n|switch|p2b: Flutter Mane|Flutter Mane, L50|100\/100|[from] U-turn\n|move|p1a: Weezing|Will-O-Wisp|p2b: Flutter Mane\n|-status|p2b: Flutter Mane|brn\n|move|p2a: Tornadus|Bleakwind Storm|p1b: Roaring Moon|[spread] p1a\n|-miss|p2a: Tornadus|p1b: Roaring Moon\n|-damage|p1a: Weezing|57\/100\n|\n|-damage|p2b: Flutter Mane|95\/100 brn|[from] brn\n|upkeep\n|turn|2\n|\n|t:|1699820000\n|-terastallize|p1b: Roaring Moon|Flying\n|move|p1b: Roaring Moon|Acrobatics|p2b: Flutter Mane\n|-damage|p2b: Flutter Mane|0 fnt\n|faint|p2b: Flutter Mane\n|-end|p2b: Flutter Mane|Protosynthesis|[silent]\n|move|p1a: Weezing|Taunt|p2a: Tornadus\n|-start|p2a: Tornadus|move: Taunt\n|cant|p2a: Tornadus|move: Taunt|Tailwind\n|\n|upkeep\n|\n|t:|1699820009\n|switch|p2b: Rillaboom|Rillaboom, L50, M|100\/100\n|turn|3\n|\n|t:|1699820020\n|move|p2b: Rillaboom|Fake Out|p1b: Roaring Moon\n|-damage|p1b: Roaring Moon|84\/100\n|cant|p1b: Roaring Moon|flinch\n|move|p1a: Weezing|Will-O-Wisp|p2b: Rillaboom\n|-status|p2b: Rillaboom|brn\n|move|p2a: Tornadus|Bleakwind Storm|p1a: Weezing|[spread] p1a,p1b\n|-damage|p1a: Weezing|23\/100\n|-damage|p1b: Roaring Moon|56\/100\n|-enditem|p1a: Weezing|Sitrus Berry|[eat]\n|-heal|p1a: Weezing|48\/100|[from] item: Sitrus Berry\n|\n|-damage|p2b: Rillaboom|95\/100 brn|[from] brn\n|upkeep\n|turn|4\n|\n|t:|1699820038\n|move|p1a: Weezing|Protect|p1a: Weezing\n|-singleturn|p1a: Weezing|Protect\n|move|p1b: Roaring Moon|Acrobatics|p2b: Rillaboom\n|-supereffective|p2b: Rillaboom\n|-damage|p2b: Rillaboom|0 fnt\n|faint|p2b: Rillaboom\n|move|p2a: Tornadus|Bleakwind Storm|p1a: Weezing|[spread] p1b\n|-activate|p1a: Weezing|move: Protect\n|-damage|p1b: Roaring Moon|28\/100\n|\n|-end|p2a: Tornadus|move: Taunt\n|-sideend|p1: LorhinVGC|move: Tailwind\n|upkeep\n|\n|t:|1699820049\n|switch|p2b: Landorus|Landorus-Therian, L50, M|100\/100\n|turn|5\n|\n|t:|1699820060\n|move|p1b: Roaring Moon|Protect|p1b: Roaring Moon\n|-singleturn|p1b: Roaring Moon|Protect\n|move|p2b: Landorus|Rock Slide|p1b: Roaring Moon|[spread] p1a\n|-activate|p1b: Roaring Moon|move: Protect\n|-damage|p1a: Weezing|31\/100\n|move|p2a: Tornadus|Taunt|p1a: Weezing\n|-start|p1a: Weezing|move: Taunt\n|cant|p1a: Weezing|move: Taunt|Will-O-Wisp\n|\n|upkeep\n|turn|6\n|\n|t:|1699820107\n|-end|p1a: Weezing|ability: Neutralizing Gas\n|-ability|p2b: Landorus|Intimidate|boost\n|-unboost|p1a: Weezing|atk|1\n|-unboost|p1b: Roaring Moon|atk|1\n|switch|p1a: Landorus|Landorus-Therian, L50, M|100\/100\n|-ability|p1a: Landorus|Intimidate|boost\n|-unboost|p2a: Tornadus|atk|1\n|-unboost|p2b: Landorus|atk|1\n|move|p2a: Tornadus|Tailwind|p2a: Tornadus\n|-sidestart|p2: ZEBRA COMMANDR|move: Tailwind\n|move|p2b: Landorus|Rock Slide|p1a: Landorus|[spread] p1a,p1b\n|-supereffective|p1b: Roaring Moon\n|-damage|p1a: Landorus|84\/100\n|-damage|p1b: Roaring Moon|0 fnt\n|faint|p1b: Roaring Moon\n|-end|p1b: Roaring Moon|Protosynthesis|[silent]\n|\n|upkeep\n|\n|t:|1699820120\n|switch|p1b: Iron Hands|Iron Hands, L50|100\/100\n|turn|7\n|\n|t:|1699820134\n|move|p1b: Iron Hands|Fake Out|p2b: Landorus\n|-damage|p2b: Landorus|83\/100\n|move|p2a: Tornadus|Taunt|p1b: Iron Hands\n|-start|p1b: Iron Hands|move: Taunt\n|cant|p2b: Landorus|flinch\n|move|p1a: Landorus|Rock Slide|p2b: Landorus|[spread] p2b\n|-miss|p1a: Landorus|p2a: Tornadus\n|-damage|p2b: Landorus|60\/100\n|\n|upkeep\n|turn|8\n|\n|t:|1699820149\n|move|p2b: Landorus|Rock Slide|p1a: Landorus|[spread] p1a,p1b\n|-resisted|p1b: Iron Hands\n|-damage|p1a: Landorus|66\/100\n|-damage|p1b: Iron Hands|96\/100\n|move|p2a: Tornadus|Bleakwind Storm|p1b: Iron Hands|[spread] p1a,p1b\n|-crit|p1a: Landorus\n|-damage|p1a: Landorus|0 fnt\n|-damage|p1b: Iron Hands|79\/100\n|faint|p1a: Landorus\n|move|p1b: Iron Hands|Wild Charge|p2a: Tornadus\n|-supereffective|p2a: Tornadus\n|-damage|p2a: Tornadus|11\/100\n|-damage|p1b: Iron Hands|62\/100|[from] Recoil\n|\n|upkeep\n|\n|t:|1699820161\n|switch|p1a: Weezing|Weezing, L50, M|31\/100\n|-ability|p1a: Weezing|Neutralizing Gas\n|turn|9\n|\n|t:|1699820174\n|move|p1a: Weezing|Protect|p1a: Weezing\n|-singleturn|p1a: Weezing|Protect\n|move|p2b: Landorus|Rock Slide|p1b: Iron Hands|[spread] p1b\n|-activate|p1a: Weezing|move: Protect\n|-resisted|p1b: Iron Hands\n|-damage|p1b: Iron Hands|57\/100\n|move|p2a: Tornadus|Taunt|p1a: Weezing\n|-activate|p1a: Weezing|move: Protect\n|move|p1b: Iron Hands|Drain Punch|p2b: Landorus\n|-resisted|p2b: Landorus\n|-damage|p2b: Landorus|36\/100\n|-heal|p1b: Iron Hands|66\/100|[from] drain|[of] p2b: Landorus\n|\n|-sideend|p2: ZEBRA COMMANDR|move: Tailwind\n|upkeep\n|turn|10\n|\n|t:|1699820195\n|move|p2b: Landorus|Rock Slide|p1a: Weezing|[spread] p1a,p1b\n|-resisted|p1b: Iron Hands\n|-damage|p1a: Weezing|19\/100\n|-damage|p1b: Iron Hands|62\/100\n|move|p2a: Tornadus|Taunt|p1a: Weezing\n|-start|p1a: Weezing|move: Taunt\n|cant|p1a: Weezing|flinch\n|cant|p1b: Iron Hands|flinch\n|\n|-end|p1b: Iron Hands|move: Taunt\n|upkeep\n|turn|11\n|\n|t:|1699820213\n|move|p2b: Landorus|Rock Slide|p1a: Weezing|[spread] p1a,p1b\n|-resisted|p1b: Iron Hands\n|-damage|p1a: Weezing|7\/100\n|-damage|p1b: Iron Hands|57\/100\n|move|p2a: Tornadus|Bleakwind Storm|p1a: Weezing|[spread] p1b\n|-miss|p2a: Tornadus|p1a: Weezing\n|-damage|p1b: Iron Hands|41\/100\n|move|p1a: Weezing|Sludge Bomb|p2a: Tornadus\n|-damage|p2a: Tornadus|0 fnt\n|faint|p2a: Tornadus\n|cant|p1b: Iron Hands|flinch\n|\n|upkeep\n|turn|12\n|\n|t:|1699820230\n|-terastallize|p2b: Landorus|Flying\n|move|p2b: Landorus|Rock Slide|p1b: Iron Hands|[spread] p1a,p1b\n|-resisted|p1b: Iron Hands\n|-damage|p1a: Weezing|0 fnt\n|-damage|p1b: Iron Hands|37\/100\n|faint|p1a: Weezing\n|-end|p1a: Weezing|ability: Neutralizing Gas\n|-ability|p2b: Landorus|Intimidate|boost\n|-unboost|p1b: Iron Hands|atk|1\n|move|p1b: Iron Hands|Drain Punch|p2b: Landorus\n|-resisted|p2b: Landorus\n|-damage|p2b: Landorus|21\/100\n|-heal|p1b: Iron Hands|43\/100|[from] drain|[of] p2b: Landorus\n|\n|upkeep\n|turn|13\n|inactive|Battle timer is ON: inactive players will automatically lose when time's up. (requested by ZEBRA COMMANDR)\n|\n|t:|1699820255\n|move|p2b: Landorus|Rock Slide|p1b: Iron Hands\n|-resisted|p1b: Iron Hands\n|-damage|p1b: Iron Hands|36\/100\n|move|p1b: Iron Hands|Heavy Slam|p2b: Landorus\n|-damage|p2b: Landorus|0 fnt\n|faint|p2b: Landorus\n|\n|win|LorhinVGC\n|raw|LorhinVGC's rating: 1024 &rarr; <strong>1061<\/strong><br \/>(+37 for winning)\n|raw|ZEBRA COMMANDR's rating: 1033 &rarr; <strong>1018<\/strong><br \/>(-15 for losing)\n|l|\u2606ZEBRA COMMANDR\n","uploadtime":1699820267,"views":25,"p1id":"lorhinvgc","p2id":"zebracommandr","formatid":"gen9vgc2023regulatione","rating":1018,"private":0,"password":""}