{"id":"gen9vgc2023regulatione-1997674658","p1":"PeachBlink","p2":"gordovgc","format":"[Gen 9] VGC 2023 Regulation E","log":"|j|\u2606PeachBlink\n|j|\u2606gordovgc\n|t:|1700840415\n|gametype|doubles\n|player|p1|PeachBlink|bruno|1269\n|player|p2|gordovgc|preschoolerf|1311\n|teamsize|p1|6\n|teamsize|p2|6\n|gen|9\n|tier|[Gen 9] VGC 2023 Regulation E\n|rated|\n|rule|Species Clause: Limit one of each Pok\u00e9mon\n|rule|Item Clause: Limit one of each item\n|clearpoke\n|poke|p1|Gholdengo, L50|\n|poke|p1|Iron Hands, L50|\n|poke|p1|Amoonguss, L50, M|\n|poke|p1|Iron Bundle, L50|\n|poke|p1|Pelipper, L50, F|\n|poke|p1|Salamence, L50, M|\n|poke|p2|Indeedee-F, L50, F|\n|poke|p2|Armarouge, L50, F|\n|poke|p2|Dondozo, L50, M|\n|poke|p2|Tatsugiri, L50, M|\n|poke|p2|Annihilape, L50, M|\n|poke|p2|Amoonguss, L50, M|\n|teampreview|4\n|inactive|Battle timer is ON: inactive players will automatically lose when time's up. (requested by gordovgc)\n|inactive|PeachBlink has 60 seconds left.\n|inactive|PeachBlink has 30 seconds left.\n|inactive|PeachBlink has 20 seconds left.\n|inactive|PeachBlink has 15 seconds left.\n|\n|t:|1700840495\n|start\n|switch|p1a: Gholdengo|Gholdengo, L50|100\/100\n|switch|p1b: Iron Hands|Iron Hands, L50|100\/100\n|switch|p2a: Armarouge|Armarouge, L50, F|100\/100\n|switch|p2b: Indeedee|Indeedee-F, L50, F|100\/100\n|-fieldstart|move: Psychic Terrain|[from] ability: Psychic Surge|[of] p2b: Indeedee\n|-enditem|p2b: Indeedee|Psychic Seed\n|-boost|p2b: Indeedee|spd|1|[from] item: Psychic Seed\n|turn|1\n|inactive|PeachBlink has 30 seconds left.\n|inactive|PeachBlink has 20 seconds left.\n|inactive|PeachBlink has 15 seconds left.\n|\n|t:|1700840536\n|-terastallize|p1b: Iron Hands|Water\n|move|p2b: Indeedee|Follow Me|p2b: Indeedee\n|-singleturn|p2b: Indeedee|move: Follow Me\n|move|p1a: Gholdengo|Nasty Plot|p1a: Gholdengo\n|-boost|p1a: Gholdengo|spa|2\n|move|p1b: Iron Hands|Drain Punch|p2b: Indeedee\n|-crit|p2b: Indeedee\n|-damage|p2b: Indeedee|24\/100\n|move|p2a: Armarouge|Expanding Force|p1a: Gholdengo|[spread] p1a,p1b\n|-resisted|p1a: Gholdengo\n|-damage|p1a: Gholdengo|55\/100\n|-damage|p1b: Iron Hands|55\/100\n|-damage|p2a: Armarouge|91\/100|[from] item: Life Orb\n|\n|-heal|p1a: Gholdengo|61\/100|[from] item: Leftovers\n|upkeep\n|turn|2\n|inactive|PeachBlink has 30 seconds left.\n|inactive|gordovgc has 30 seconds left.\n|inactive|gordovgc has 20 seconds left.\n|inactive|gordovgc has 15 seconds left.\n|\n|t:|1700840578\n|move|p2b: Indeedee|Follow Me|p2b: Indeedee\n|-singleturn|p2b: Indeedee|move: Follow Me\n|move|p1a: Gholdengo|Make It Rain|p2a: Armarouge|[spread] p2a,p2b\n|-resisted|p2a: Armarouge\n|-damage|p2a: Armarouge|38\/100\n|-damage|p2b: Indeedee|0 fnt\n|-unboost|p1a: Gholdengo|spa|1\n|faint|p2b: Indeedee\n|move|p1b: Iron Hands|Wild Charge|p2a: Armarouge\n|-damage|p2a: Armarouge|0 fnt\n|faint|p2a: Armarouge\n|-damage|p1b: Iron Hands|48\/100|[from] Recoil\n|\n|-heal|p1a: Gholdengo|67\/100|[from] item: Leftovers\n|upkeep\n|\n|t:|1700840583\n|switch|p2b: Tatsugiri|Tatsugiri, L50, M|100\/100\n|switch|p2a: Dondozo|Dondozo, L50, M, shiny|100\/100\n|-activate|p2b: Tatsugiri|ability: Commander|[of] p2a: Dondozo\n|-boost|p2a: Dondozo|atk|2\n|-boost|p2a: Dondozo|spa|2\n|-boost|p2a: Dondozo|spe|2\n|-boost|p2a: Dondozo|def|2\n|-boost|p2a: Dondozo|spd|2\n|turn|3\n|inactive|PeachBlink has 30 seconds left.\n|\n|t:|1700840613\n|-end|p1b: Iron Hands|Quark Drive|[silent]\n|switch|p1b: Salamence|Salamence, L50, M|100\/100\n|-ability|p1b: Salamence|Intimidate|boost\n|-unboost|p2a: Dondozo|atk|1\n|-unboost|p2b: Tatsugiri|atk|1\n|move|p1a: Gholdengo|Shadow Ball|p2a: Dondozo\n|-damage|p2a: Dondozo|86\/100\n|-unboost|p2a: Dondozo|spd|1\n|move|p2a: Dondozo|Wave Crash|p1a: Gholdengo\n|-damage|p1a: Gholdengo|7\/100\n|-damage|p2a: Dondozo|72\/100|[from] Recoil\n|\n|-heal|p1a: Gholdengo|13\/100|[from] item: Leftovers\n|-heal|p2a: Dondozo|78\/100|[from] item: Leftovers\n|upkeep\n|turn|4\n|inactive|PeachBlink has 30 seconds left.\n|inactive|PeachBlink has 20 seconds left.\n|\n|t:|1700840649\n|switch|p1b: Iron Hands|Iron Hands, L50, tera:Water|48\/100\n|move|p2a: Dondozo|Protect|p2a: Dondozo\n|-singleturn|p2a: Dondozo|Protect\n|move|p1a: Gholdengo|Shadow Ball|p2a: Dondozo\n|-activate|p2a: Dondozo|move: Protect\n|\n|-heal|p1a: Gholdengo|19\/100|[from] item: Leftovers\n|-heal|p2a: Dondozo|85\/100|[from] item: Leftovers\n|upkeep\n|turn|5\n|inactive|PeachBlink has 30 seconds left.\n|\n|t:|1700840677\n|switch|p1a: Salamence|Salamence, L50, M|100\/100\n|-ability|p1a: Salamence|Intimidate|boost\n|-unboost|p2a: Dondozo|atk|1\n|-unboost|p2b: Tatsugiri|atk|1\n|-terastallize|p2a: Dondozo|Steel\n|move|p1b: Iron Hands|Fake Out|p2a: Dondozo\n|-activate|p2a: Dondozo|move: Psychic Terrain\n|move|p2a: Dondozo|Order Up|p1b: Iron Hands\n|-damage|p1b: Iron Hands|33\/100\n|-boost|p2a: Dondozo|atk|1\n|\n|-heal|p2a: Dondozo|91\/100|[from] item: Leftovers\n|-fieldend|move: Psychic Terrain\n|upkeep\n|turn|6\n|inactive|PeachBlink has 30 seconds left.\n|\n|t:|1700840704\n|switch|p1a: Amoonguss|Amoonguss, L50, M|100\/100\n|move|p2a: Dondozo|Order Up|p1b: Iron Hands\n|-damage|p1b: Iron Hands|15\/100\n|-boost|p2a: Dondozo|atk|1\n|move|p1b: Iron Hands|Drain Punch|p2a: Dondozo\n|-supereffective|p2a: Dondozo\n|-damage|p2a: Dondozo|64\/100\n|-heal|p1b: Iron Hands|30\/100|[from] drain|[of] p2a: Dondozo\n|\n|-heal|p2a: Dondozo|71\/100|[from] item: Leftovers\n|upkeep\n|turn|7\n|\n|t:|1700840727\n|move|p2a: Dondozo|Order Up|p1b: Iron Hands\n|-damage|p1b: Iron Hands|4\/100\n|-boost|p2a: Dondozo|atk|1\n|move|p1b: Iron Hands|Drain Punch|p2a: Dondozo\n|-supereffective|p2a: Dondozo\n|-damage|p2a: Dondozo|43\/100\n|-heal|p1b: Iron Hands|19\/100|[from] drain|[of] p2a: Dondozo\n|move|p1a: Amoonguss|Pollen Puff|p1b: Iron Hands\n|-heal|p1b: Iron Hands|69\/100\n|\n|-heal|p2a: Dondozo|49\/100|[from] item: Leftovers\n|upkeep\n|turn|8\n|\n|t:|1700840746\n|move|p2a: Dondozo|Order Up|p1a: Amoonguss\n|-damage|p1a: Amoonguss|64\/100\n|-boost|p2a: Dondozo|atk|1\n|move|p1b: Iron Hands|Drain Punch|p2a: Dondozo\n|-supereffective|p2a: Dondozo\n|-damage|p2a: Dondozo|20\/100\n|-heal|p1b: Iron Hands|85\/100|[from] drain|[of] p2a: Dondozo\n|move|p1a: Amoonguss|Spore|p2a: Dondozo\n|-status|p2a: Dondozo|slp|[from] move: Spore\n|\n|-heal|p2a: Dondozo|26\/100 slp|[from] item: Leftovers\n|upkeep\n|turn|9\n|-message|gordovgc forfeited.\n|\n|win|PeachBlink\n|raw|PeachBlink's rating: 1269 &rarr; <strong>1297<\/strong><br \/>(+28 for winning)\n|raw|gordovgc's rating: 1311 &rarr; <strong>1289<\/strong><br \/>(-22 for losing)\n|l|\u2606gordovgc\n","uploadtime":1700840761,"views":3,"p1id":"peachblink","p2id":"gordovgc","formatid":"gen9vgc2023regulatione","rating":1289,"private":0,"password":""}