{"id":"gen9vgc2023regulatione-1987908376","p1":"Sam6116","p2":"jahoy","format":"[Gen 9] VGC 2023 Regulation E","log":"|j|\u2606Sam6116\n|j|\u2606jahoy\n|t:|1699648084\n|gametype|doubles\n|player|p1|Sam6116|riley|1122\n|player|p2|jahoy|pokemaniac|1220\n|teamsize|p1|6\n|teamsize|p2|6\n|gen|9\n|tier|[Gen 9] VGC 2023 Regulation E\n|rated|\n|rule|Species Clause: Limit one of each Pok\u00e9mon\n|rule|Item Clause: Limit one of each item\n|clearpoke\n|poke|p1|Ninetales, L50, M|\n|poke|p1|Flutter Mane, L50|\n|poke|p1|Ogerpon-Hearthflame, L50, F|\n|poke|p1|Urshifu-*, L50, F|\n|poke|p1|Salamence, L50, F|\n|poke|p1|Maushold, L50|\n|poke|p2|Farigiraf, L50, M|\n|poke|p2|Slaking, L50, F|\n|poke|p2|Sinistcha, L50|\n|poke|p2|Iron Hands, L50|\n|poke|p2|Landorus-Therian, L50, M|\n|poke|p2|Flutter Mane, L50|\n|teampreview|4\n|inactive|Battle timer is ON: inactive players will automatically lose when time's up. (requested by jahoy)\n|\n|t:|1699648108\n|start\n|switch|p1a: Ninetales|Ninetales, L50, M, shiny|100\/100\n|switch|p1b: Flutter Mane|Flutter Mane, L50, shiny|100\/100\n|switch|p2a: Farigiraf|Farigiraf, L50, M|100\/100\n|switch|p2b: Slaking|Slaking, L50, F|100\/100\n|-weather|SunnyDay|[from] ability: Drought|[of] p1a: Ninetales\n|-activate|p1b: Flutter Mane|ability: Protosynthesis\n|-start|p1b: Flutter Mane|protosynthesisspe\n|turn|1\n|-activate|p2a: Farigiraf|item: Quick Claw\n|\n|t:|1699648131\n|move|p2a: Farigiraf|Skill Swap|p2b: Slaking\n|-activate|p2a: Farigiraf|move: Skill Swap|||[of] p2b: Slaking\n|move|p1b: Flutter Mane|Moonblast|p2b: Slaking\n|-damage|p2b: Slaking|20\/100\n|-enditem|p2b: Slaking|Sitrus Berry|[eat]\n|-heal|p2b: Slaking|45\/100|[from] item: Sitrus Berry\n|move|p1a: Ninetales|Encore|p2a: Farigiraf\n|-start|p2a: Farigiraf|Encore\n|move|p2b: Slaking|Heavy Slam|p1b: Flutter Mane\n|-supereffective|p1b: Flutter Mane\n|-damage|p1b: Flutter Mane|0 fnt\n|faint|p1b: Flutter Mane\n|-end|p1b: Flutter Mane|Protosynthesis|[silent]\n|\n|-weather|SunnyDay|[upkeep]\n|upkeep\n|\n|t:|1699648144\n|switch|p1b: Urshifu|Urshifu-Rapid-Strike, L50, F|100\/100\n|turn|2\n|\n|t:|1699648167\n|switch|p2a: Iron Hands|Iron Hands, L50|100\/100\n|-terastallize|p2b: Slaking|Ghost\n|move|p1a: Ninetales|Protect|p1a: Ninetales\n|-singleturn|p1a: Ninetales|Protect\n|move|p1b: Urshifu|Surging Strikes|p2b: Slaking\n|-crit|p2b: Slaking\n|-damage|p2b: Slaking|37\/100\n|-crit|p2b: Slaking\n|-damage|p2b: Slaking|29\/100\n|-crit|p2b: Slaking\n|-damage|p2b: Slaking|21\/100\n|-hitcount|p2b: Slaking|3\n|move|p2b: Slaking|High Horsepower|p1a: Ninetales\n|-activate|p1a: Ninetales|move: Protect\n|\n|-weather|SunnyDay|[upkeep]\n|upkeep\n|turn|3\n|\n|t:|1699648189\n|move|p2a: Iron Hands|Fake Out|p1b: Urshifu\n|-damage|p1b: Urshifu|82\/100\n|cant|p1b: Urshifu|flinch\n|move|p1a: Ninetales|Will-O-Wisp|p2a: Iron Hands\n|-status|p2a: Iron Hands|brn\n|move|p2b: Slaking|High Horsepower|p1a: Ninetales\n|-supereffective|p1a: Ninetales\n|-enditem|p1a: Ninetales|Focus Sash\n|-damage|p1a: Ninetales|1\/100\n|\n|-weather|SunnyDay|[upkeep]\n|-damage|p2a: Iron Hands|94\/100 brn|[from] brn\n|upkeep\n|turn|4\n|inactive|jahoy has 30 seconds left.\n|inactive|jahoy has 20 seconds left.\n|\n|t:|1699648224\n|move|p1b: Urshifu|Surging Strikes|p2b: Slaking\n|-crit|p2b: Slaking\n|-damage|p2b: Slaking|13\/100\n|-crit|p2b: Slaking\n|-damage|p2b: Slaking|5\/100\n|-crit|p2b: Slaking\n|-damage|p2b: Slaking|0 fnt\n|faint|p2b: Slaking\n|-hitcount|p2: Slaking|3\n|move|p1a: Ninetales|Encore|p2a: Iron Hands\n|-start|p2a: Iron Hands|Encore\n|move|p2a: Iron Hands|Fake Out||[still]\n|-hint|Fake Out only works on your first turn out.\n|-fail|p2a: Iron Hands\n|\n|-weather|SunnyDay|[upkeep]\n|-damage|p2a: Iron Hands|88\/100 brn|[from] brn\n|upkeep\n|\n|t:|1699648240\n|switch|p2b: Flutter Mane|Flutter Mane, L50|100\/100\n|-activate|p2b: Flutter Mane|ability: Protosynthesis\n|-start|p2b: Flutter Mane|protosynthesisspe\n|turn|5\n|\n|t:|1699648250\n|-end|p2a: Iron Hands|Quark Drive|[silent]\n|switch|p2a: Farigiraf|Farigiraf, L50, M|100\/100\n|move|p1b: Urshifu|Protect|p1b: Urshifu\n|-singleturn|p1b: Urshifu|Protect\n|move|p1a: Ninetales|Protect|p1a: Ninetales\n|-singleturn|p1a: Ninetales|Protect\n|move|p2b: Flutter Mane|Dazzling Gleam|p1b: Urshifu|[spread] \n|-activate|p1a: Ninetales|move: Protect\n|-activate|p1b: Urshifu|move: Protect\n|\n|-weather|none\n|-end|p2b: Flutter Mane|Protosynthesis\n|upkeep\n|turn|6\n|inactive|jahoy has 30 seconds left.\n|\n|t:|1699648279\n|switch|p1b: Ogerpon|Ogerpon-Hearthflame, L50, F|100\/100\n|-ability|p1b: Ogerpon|Mold Breaker\n|move|p2b: Flutter Mane|Dazzling Gleam|p1b: Ogerpon|[spread] p1a,p1b\n|-resisted|p1a: Ninetales\n|-resisted|p1b: Ogerpon\n|-damage|p1a: Ninetales|0 fnt\n|-damage|p1b: Ogerpon|76\/100\n|faint|p1a: Ninetales\n|-damage|p2b: Flutter Mane|90\/100|[from] item: Life Orb\n|move|p2a: Farigiraf|Calm Mind|p2a: Farigiraf\n|-boost|p2a: Farigiraf|spa|1\n|-boost|p2a: Farigiraf|spd|1\n|\n|upkeep\n|\n|t:|1699648290\n|switch|p1a: Urshifu|Urshifu-Rapid-Strike, L50, F|82\/100\n|turn|7\n|\n|t:|1699648310\n|-terastallize|p1a: Urshifu|Poison\n|move|p2b: Flutter Mane|Moonblast|p1a: Urshifu\n|-resisted|p1a: Urshifu\n|-damage|p1a: Urshifu|29\/100\n|-damage|p2b: Flutter Mane|80\/100|[from] item: Life Orb\n|move|p1b: Ogerpon|Ivy Cudgel|p2a: Farigiraf\n|-damage|p2a: Farigiraf|39\/100\n|move|p1a: Urshifu|Surging Strikes|p2b: Flutter Mane\n|-crit|p2b: Flutter Mane\n|-damage|p2b: Flutter Mane|27\/100\n|-crit|p2b: Flutter Mane\n|-damage|p2b: Flutter Mane|0 fnt\n|faint|p2b: Flutter Mane\n|-end|p2b: Flutter Mane|Protosynthesis|[silent]\n|-hitcount|p2: Flutter Mane|2\n|move|p2a: Farigiraf|Psychic|p1a: Urshifu\n|-supereffective|p1a: Urshifu\n|-damage|p1a: Urshifu|0 fnt\n|faint|p1a: Urshifu\n|\n|upkeep\n|\n|t:|1699648329\n|switch|p2b: Iron Hands|Iron Hands, L50|88\/100 brn\n|turn|8\n|\n|t:|1699648341\n|move|p1b: Ogerpon|Spiky Shield|p1b: Ogerpon\n|-singleturn|p1b: Ogerpon|move: Protect\n|move|p2b: Iron Hands|Fake Out|p1b: Ogerpon\n|-activate|p1b: Ogerpon|move: Protect\n|-damage|p2b: Iron Hands|76\/100 brn|[from] Spiky Shield|[of] p1b: Ogerpon\n|move|p2a: Farigiraf|Psychic|p1b: Ogerpon\n|-activate|p1b: Ogerpon|move: Protect\n|\n|-damage|p2b: Iron Hands|70\/100 brn|[from] brn\n|upkeep\n|turn|9\n|\n|t:|1699648356\n|move|p1b: Ogerpon|Ivy Cudgel|p2a: Farigiraf\n|-damage|p2a: Farigiraf|0 fnt\n|faint|p2a: Farigiraf\n|move|p2b: Iron Hands|Drain Punch|p1b: Ogerpon\n|-damage|p1b: Ogerpon|44\/100\n|-heal|p2b: Iron Hands|79\/100 brn|[from] drain|[of] p1b: Ogerpon\n|\n|-damage|p2b: Iron Hands|73\/100 brn|[from] brn\n|upkeep\n|turn|10\n|\n|t:|1699648374\n|move|p1b: Ogerpon|Horn Leech|p2b: Iron Hands\n|-damage|p2b: Iron Hands|45\/100 brn\n|-heal|p1b: Ogerpon|69\/100|[from] drain|[of] p2b: Iron Hands\n|move|p2b: Iron Hands|Wild Charge|p1b: Ogerpon\n|-resisted|p1b: Ogerpon\n|-damage|p1b: Ogerpon|52\/100\n|-damage|p2b: Iron Hands|42\/100 brn|[from] Recoil\n|\n|-damage|p2b: Iron Hands|36\/100 brn|[from] brn\n|upkeep\n|turn|11\n|\n|t:|1699648384\n|move|p1b: Ogerpon|Horn Leech|p2b: Iron Hands\n|-damage|p2b: Iron Hands|6\/100 brn\n|-heal|p1b: Ogerpon|77\/100|[from] drain|[of] p2b: Iron Hands\n|move|p2b: Iron Hands|Drain Punch|p1b: Ogerpon\n|-damage|p1b: Ogerpon|44\/100\n|-heal|p2b: Iron Hands|16\/100 brn|[from] drain|[of] p1b: Ogerpon\n|\n|-damage|p2b: Iron Hands|10\/100 brn|[from] brn\n|upkeep\n|turn|12\n|-message|jahoy forfeited.\n|\n|win|Sam6116\n|raw|Sam6116's rating: 1122 &rarr; <strong>1154<\/strong><br \/>(+32 for winning)\n|raw|jahoy's rating: 1220 &rarr; <strong>1188<\/strong><br \/>(-32 for losing)\n|l|\u2606jahoy\n","uploadtime":1699648400,"views":13,"p1id":"sam6116","p2id":"jahoy","formatid":"gen9vgc2023regulatione","rating":1154,"private":0,"password":""}