{"id":"gen9vgc2023regulatione-1992178014","p1":"thecellosong1","p2":"LameLiarLeo","format":"[Gen 9] VGC 2023 Regulation E","log":"|j|\u2606thecellosong1\n|j|\u2606LameLiarLeo\n|t:|1700161466\n|gametype|doubles\n|player|p1|thecellosong1|colress|1438\n|player|p2|LameLiarLeo|caitlin|1427\n|teamsize|p1|6\n|teamsize|p2|6\n|gen|9\n|tier|[Gen 9] VGC 2023 Regulation E\n|rated|\n|rule|Species Clause: Limit one of each Pok\u00e9mon\n|rule|Item Clause: Limit one of each item\n|clearpoke\n|poke|p1|Iron Hands, L50|\n|poke|p1|Weezing, L50, M|\n|poke|p1|Landorus-Therian, L50, M|\n|poke|p1|Ogerpon-Wellspring, L50, F|\n|poke|p1|Flutter Mane, L50|\n|poke|p1|Roaring Moon, L50|\n|poke|p2|Iron Valiant, L50|\n|poke|p2|Gholdengo, L50|\n|poke|p2|Ogerpon-Wellspring, L50, F|\n|poke|p2|Rillaboom, L50, M|\n|poke|p2|Heatran, L50, M|\n|poke|p2|Ninetales-Alola, L50, F|\n|teampreview|4\n|inactive|Battle timer is ON: inactive players will automatically lose when time's up. (requested by thecellosong1)\n|inactive|LameLiarLeo also wants the timer to be on.\n|inactive|thecellosong1 has 60 seconds left.\n|inactive|LameLiarLeo has 60 seconds left.\n|j| hoozayisdead\n|inactive|LameLiarLeo has 30 seconds left.\n|inactive|LameLiarLeo has 20 seconds left.\n|inactive|LameLiarLeo has 15 seconds left.\n|inactive|LameLiarLeo has 10 seconds left.\n|\n|t:|1700161546\n|start\n|switch|p1a: Weezing|Weezing, L50, M|100\/100\n|switch|p1b: Landorus|Landorus-Therian, L50, M|100\/100\n|switch|p2a: Rillaboom|Rillaboom, L50, M|100\/100\n|switch|p2b: Iron Valiant|Iron Valiant, L50|100\/100\n|-ability|p1a: Weezing|Neutralizing Gas\n|-enditem|p2b: Iron Valiant|Booster Energy\n|-activate|p2b: Iron Valiant|ability: Quark Drive|[fromitem]\n|-start|p2b: Iron Valiant|quarkdrivespe\n|turn|1\n|inactive|thecellosong1 has 30 seconds left.\n|inactive|LameLiarLeo has 30 seconds left.\n|inactive|thecellosong1 has 20 seconds left.\n|\n|t:|1700161582\n|-terastallize|p2b: Iron Valiant|Ghost\n|move|p2a: Rillaboom|Fake Out|p1b: Landorus\n|-damage|p1b: Landorus|85\/100\n|move|p2b: Iron Valiant|Moonblast|p1b: Landorus\n|-damage|p1b: Landorus|35\/100\n|-unboost|p1b: Landorus|spa|1\n|cant|p1b: Landorus|flinch\n|move|p1a: Weezing|Will-O-Wisp|p2a: Rillaboom\n|-status|p2a: Rillaboom|brn\n|\n|-damage|p2a: Rillaboom|95\/100 brn|[from] brn\n|upkeep\n|turn|2\n|inactive|thecellosong1 has 30 seconds left.\n|\n|t:|1700161608\n|switch|p1b: Ogerpon|Ogerpon-Wellspring, L50, F|100\/100\n|move|p1a: Weezing|Protect|p1a: Weezing\n|-singleturn|p1a: Weezing|Protect\n|move|p2b: Iron Valiant|Moonblast|p1b: Ogerpon\n|-damage|p1b: Ogerpon|53\/100\n|move|p2a: Rillaboom|Wood Hammer|p1a: Weezing\n|-activate|p1a: Weezing|move: Protect\n|\n|-damage|p2a: Rillaboom|89\/100 brn|[from] brn\n|upkeep\n|turn|3\n|inactive|LameLiarLeo has 30 seconds left.\n|\n|t:|1700161639\n|-end|p1a: Weezing|ability: Neutralizing Gas\n|-fieldstart|move: Grassy Terrain|[from] ability: Grassy Surge|[of] p2a: Rillaboom\n|switch|p1a: Landorus|Landorus-Therian, L50, M|35\/100\n|-ability|p1a: Landorus|Intimidate|boost\n|-unboost|p2a: Rillaboom|atk|1\n|-unboost|p2b: Iron Valiant|atk|1\n|-terastallize|p1b: Ogerpon|Water\n|detailschange|p1b: Ogerpon|Ogerpon-Wellspring-Tera, L50, F, tera:Water\n|-ability|p1b: Ogerpon|Embody Aspect (Wellspring)|boost\n|-boost|p1b: Ogerpon|spd|1\n|move|p2b: Iron Valiant|Encore||[still]\n|-fail|p2b: Iron Valiant\n|move|p1b: Ogerpon|Swords Dance|p1b: Ogerpon\n|-boost|p1b: Ogerpon|atk|2\n|move|p2a: Rillaboom|Wood Hammer|p1b: Ogerpon\n|-supereffective|p1b: Ogerpon\n|-damage|p1b: Ogerpon|0 fnt\n|faint|p1b: Ogerpon\n|-damage|p2a: Rillaboom|74\/100 brn|[from] Recoil\n|\n|-heal|p2a: Rillaboom|80\/100 brn|[from] Grassy Terrain\n|-damage|p2a: Rillaboom|74\/100 brn|[from] brn\n|upkeep\n|\n|t:|1700161655\n|switch|p1b: Iron Hands|Iron Hands, L50|100\/100\n|turn|4\n|\n|t:|1700161665\n|switch|p1a: Weezing|Weezing, L50, M|100\/100\n|-ability|p1a: Weezing|Neutralizing Gas\n|move|p2b: Iron Valiant|Moonblast|p1a: Weezing\n|-resisted|p1a: Weezing\n|-damage|p1a: Weezing|77\/100\n|move|p2a: Rillaboom|Wood Hammer|p1b: Iron Hands\n|-damage|p1b: Iron Hands|80\/100\n|-damage|p2a: Rillaboom|67\/100 brn|[from] Recoil\n|move|p1b: Iron Hands|Wild Charge|p2b: Iron Valiant\n|-damage|p2b: Iron Valiant|36\/100\n|-damage|p1b: Iron Hands|70\/100|[from] Recoil\n|\n|-heal|p2b: Iron Valiant|42\/100|[from] Grassy Terrain\n|-heal|p2a: Rillaboom|73\/100 brn|[from] Grassy Terrain\n|-heal|p1a: Weezing|82\/100|[from] Grassy Terrain\n|-heal|p1b: Iron Hands|76\/100|[from] Grassy Terrain\n|-damage|p2a: Rillaboom|67\/100 brn|[from] brn\n|upkeep\n|turn|5\n|\n|t:|1700161686\n|move|p1a: Weezing|Protect|p1a: Weezing\n|-singleturn|p1a: Weezing|Protect\n|move|p2b: Iron Valiant|Disable|p1b: Iron Hands\n|-start|p1b: Iron Hands|Disable|Wild Charge\n|move|p2a: Rillaboom|Wood Hammer|p1b: Iron Hands\n|-damage|p1b: Iron Hands|58\/100\n|-damage|p2a: Rillaboom|60\/100 brn|[from] Recoil\n|cant|p1b: Iron Hands|Disable|Wild Charge\n|\n|-heal|p2b: Iron Valiant|48\/100|[from] Grassy Terrain\n|-heal|p2a: Rillaboom|66\/100 brn|[from] Grassy Terrain\n|-heal|p1a: Weezing|88\/100|[from] Grassy Terrain\n|-heal|p1b: Iron Hands|64\/100|[from] Grassy Terrain\n|-damage|p2a: Rillaboom|60\/100 brn|[from] brn\n|upkeep\n|turn|6\n|\n|t:|1700161711\n|switch|p2a: Heatran|Heatran, L50, M|100\/100\n|move|p2b: Iron Valiant|Encore|p1b: Iron Hands\n|-start|p1b: Iron Hands|Encore\n|move|p1a: Weezing|Taunt|p2b: Iron Valiant\n|-start|p2b: Iron Valiant|move: Taunt\n|cant|p1b: Iron Hands|Disable|Wild Charge\n|\n|-heal|p2b: Iron Valiant|54\/100|[from] Grassy Terrain\n|-heal|p1a: Weezing|94\/100|[from] Grassy Terrain\n|-heal|p1b: Iron Hands|70\/100|[from] Grassy Terrain\n|upkeep\n|turn|7\n|\n|t:|1700161727\n|-end|p1b: Iron Hands|Quark Drive|[silent]\n|switch|p1b: Landorus|Landorus-Therian, L50, M|35\/100\n|move|p1a: Weezing|Protect|p1a: Weezing\n|-singleturn|p1a: Weezing|Protect\n|move|p2b: Iron Valiant|Moonblast|p1b: Landorus\n|-damage|p1b: Landorus|0 fnt\n|faint|p1b: Landorus\n|move|p2a: Heatran|Earth Power|p1a: Weezing\n|-activate|p1a: Weezing|move: Protect\n|\n|-heal|p2b: Iron Valiant|60\/100|[from] Grassy Terrain\n|-heal|p1a: Weezing|99\/100|[from] Grassy Terrain\n|-fieldend|move: Grassy Terrain\n|upkeep\n|\n|t:|1700161729\n|switch|p1b: Iron Hands|Iron Hands, L50|70\/100\n|turn|8\n|\n|t:|1700161738\n|-end|p2b: Iron Valiant|Quark Drive|[silent]\n|switch|p2b: Rillaboom|Rillaboom, L50, M|60\/100 brn\n|move|p2a: Heatran|Protect|p2a: Heatran\n|-singleturn|p2a: Heatran|Protect\n|move|p1a: Weezing|Sludge Bomb|p2b: Rillaboom\n|-supereffective|p2b: Rillaboom\n|-damage|p2b: Rillaboom|23\/100 brn\n|move|p1b: Iron Hands|Drain Punch|p2a: Heatran\n|-activate|p2a: Heatran|move: Protect\n|\n|-damage|p2b: Rillaboom|17\/100 brn|[from] brn\n|upkeep\n|turn|9\n|inactive|thecellosong1 has 30 seconds left.\n|\n|t:|1700161771\n|move|p2b: Rillaboom|Fake Out|p1b: Iron Hands\n|-damage|p1b: Iron Hands|65\/100\n|move|p2a: Heatran|Earth Power|p1b: Iron Hands\n|-supereffective|p1b: Iron Hands\n|-damage|p1b: Iron Hands|20\/100\n|-unboost|p1b: Iron Hands|spd|1\n|-damage|p2a: Heatran|91\/100|[from] item: Life Orb\n|move|p1a: Weezing|Sludge Bomb|p2b: Rillaboom\n|-supereffective|p2b: Rillaboom\n|-damage|p2b: Rillaboom|0 fnt\n|faint|p2b: Rillaboom\n|cant|p1b: Iron Hands|flinch\n|\n|upkeep\n|inactive|LameLiarLeo has 30 seconds left.\n|\n|t:|1700161797\n|switch|p2b: Iron Valiant|Iron Valiant, L50, tera:Ghost|60\/100\n|turn|10\n|\n|t:|1700161815\n|move|p2b: Iron Valiant|Moonblast|p1b: Iron Hands\n|-supereffective|p1b: Iron Hands\n|-damage|p1b: Iron Hands|0 fnt\n|faint|p1b: Iron Hands\n|-end|p1b: Iron Hands|Quark Drive|[silent]\n|move|p2a: Heatran|Earth Power|p1a: Weezing\n|-supereffective|p1a: Weezing\n|-damage|p1a: Weezing|4\/100\n|-enditem|p1a: Weezing|Sitrus Berry|[eat]\n|-heal|p1a: Weezing|29\/100|[from] item: Sitrus Berry\n|-damage|p2a: Heatran|81\/100|[from] item: Life Orb\n|move|p1a: Weezing|Sludge Bomb|p2b: Iron Valiant\n|-resisted|p2b: Iron Valiant\n|-damage|p2b: Iron Valiant|35\/100\n|\n|upkeep\n|turn|11\n|-message|thecellosong1 forfeited.\n|\n|win|LameLiarLeo\n|raw|thecellosong1's rating: 1438 &rarr; <strong>1417<\/strong><br \/>(-21 for losing)\n|raw|LameLiarLeo's rating: 1427 &rarr; <strong>1448<\/strong><br \/>(+21 for winning)\n|l|\u2606thecellosong1\n|l| hoozayisdead\n","uploadtime":1700161835,"views":24,"p1id":"thecellosong1","p2id":"lameliarleo","formatid":"gen9vgc2023regulatione","rating":1417,"private":0,"password":""}