{"id":"gen9vgc2023regulatione-1996984113","p1":"breezyfbaby","p2":"Autofire101","format":"[Gen 9] VGC 2023 Regulation E","log":"|j|\u2606breezyfbaby\n|j|\u2606Autofire101\n|t:|1700752542\n|gametype|doubles\n|player|p1|breezyfbaby|silver-gen2kanto|1394\n|player|p2|Autofire101|lance|1501\n|teamsize|p1|6\n|teamsize|p2|6\n|gen|9\n|tier|[Gen 9] VGC 2023 Regulation E\n|rated|\n|rule|Species Clause: Limit one of each Pok\u00e9mon\n|rule|Item Clause: Limit one of each item\n|clearpoke\n|poke|p1|Tornadus, L50, M|\n|poke|p1|Rillaboom, L50, M|\n|poke|p1|Ogerpon-Hearthflame, L50, F|\n|poke|p1|Landorus-Therian, L50, M|\n|poke|p1|Urshifu-*, L50, M|\n|poke|p1|Flutter Mane, L50|\n|poke|p2|Gholdengo, L50|\n|poke|p2|Regidrago, L50|\n|poke|p2|Urshifu-*, L50, M|\n|poke|p2|Ursaluna, L50, F|\n|poke|p2|Tornadus, L50, M|\n|poke|p2|Indeedee-F, L50, F|\n|teampreview|4\n|inactive|Battle timer is ON: inactive players will automatically lose when time's up. (requested by Autofire101)\n|inactive|breezyfbaby has 60 seconds left.\nAutofire101 rejected open team sheets.\n|\n|t:|1700752575\n|start\n|switch|p1a: Landorus|Landorus-Therian, L50, M|100\/100\n|switch|p1b: Flutter Mane|Flutter Mane, L50|100\/100\n|switch|p2a: Tornadus|Tornadus, L50, M|100\/100\n|switch|p2b: Gholdengo|Gholdengo, L50|100\/100\n|-ability|p1a: Landorus|Intimidate|boost\n|-unboost|p2a: Tornadus|atk|1\n|-unboost|p2b: Gholdengo|atk|1\n|turn|1\n|inactive|breezyfbaby has 30 seconds left.\n|inactive|breezyfbaby has 20 seconds left.\n|inactive|breezyfbaby has 15 seconds left.\n|\n|t:|1700752617\n|move|p2a: Tornadus|Tailwind|p2a: Tornadus\n|-sidestart|p2: Autofire101|move: Tailwind\n|move|p2b: Gholdengo|Make It Rain|p1a: Landorus|[spread] p1a,p1b\n|-supereffective|p1b: Flutter Mane\n|-damage|p1a: Landorus|20\/100\n|-damage|p1b: Flutter Mane|0 fnt\n|-unboost|p2b: Gholdengo|spa|1\n|faint|p1b: Flutter Mane\n|-end|p1b: Flutter Mane|Protosynthesis|[silent]\n|move|p1a: Landorus|Stomping Tantrum|p2b: Gholdengo\n|-supereffective|p2b: Gholdengo\n|-damage|p2b: Gholdengo|18\/100\n|\n|upkeep\n|\n|t:|1700752627\n|switch|p1b: Ogerpon|Ogerpon-Hearthflame, L50, F|100\/100\n|-ability|p1b: Ogerpon|Mold Breaker\n|turn|2\n|inactive|Autofire101 has 30 seconds left.\n|inactive|Autofire101 has 20 seconds left.\n|\n|t:|1700752663\n|switch|p1a: Rillaboom|Rillaboom, L50, M|100\/100\n|-fieldstart|move: Grassy Terrain|[from] ability: Grassy Surge|[of] p1a: Rillaboom\n|-terastallize|p1b: Ogerpon|Fire\n|detailschange|p1b: Ogerpon|Ogerpon-Hearthflame-Tera, L50, F, tera:Fire\n|-ability|p1b: Ogerpon|Embody Aspect (Hearthflame)|boost\n|-boost|p1b: Ogerpon|atk|1\n|move|p2a: Tornadus|Icy Wind|p1a: Rillaboom|[spread] p1a,p1b\n|-supereffective|p1a: Rillaboom\n|-resisted|p1b: Ogerpon\n|-damage|p1a: Rillaboom|84\/100\n|-damage|p1b: Ogerpon|95\/100\n|-unboost|p1a: Rillaboom|spe|1\n|-unboost|p1b: Ogerpon|spe|1\n|move|p2b: Gholdengo|Make It Rain|p1a: Rillaboom|[spread] p1a,p1b\n|-resisted|p1b: Ogerpon\n|-damage|p1a: Rillaboom|55\/100\n|-damage|p1b: Ogerpon|72\/100\n|-unboost|p2b: Gholdengo|spa|1\n|move|p1b: Ogerpon|Ivy Cudgel|p2a: Tornadus|[anim] Ivy Cudgel Fire\n|-damage|p2a: Tornadus|0 fnt\n|faint|p2a: Tornadus\n|\n|-heal|p2b: Gholdengo|24\/100|[from] Grassy Terrain\n|-heal|p1b: Ogerpon|78\/100|[from] Grassy Terrain\n|-heal|p1a: Rillaboom|61\/100|[from] Grassy Terrain\n|upkeep\n|\n|t:|1700752687\n|switch|p2a: Regidrago|Regidrago, L50|100\/100\n|turn|3\n|\n|t:|1700752707\n|switch|p2b: Urshifu|Urshifu-Rapid-Strike, L50, M|100\/100\n|-terastallize|p2a: Regidrago|Dragon\n|move|p1a: Rillaboom|Fake Out|p2a: Regidrago\n|-crit|p2a: Regidrago\n|-damage|p2a: Regidrago|81\/100\n|cant|p2a: Regidrago|flinch\n|move|p1b: Ogerpon|Ivy Cudgel|p2a: Regidrago|[anim] Ivy Cudgel Fire\n|-resisted|p2a: Regidrago\n|-damage|p2a: Regidrago|22\/100\n|\n|-heal|p2a: Regidrago|28\/100|[from] Grassy Terrain\n|-heal|p1b: Ogerpon|84\/100|[from] Grassy Terrain\n|-heal|p1a: Rillaboom|67\/100|[from] Grassy Terrain\n|upkeep\n|turn|4\n|inactive|breezyfbaby has 30 seconds left.\n|\n|t:|1700752735\n|move|p1b: Ogerpon|Grassy Glide|p2a: Regidrago\n|-resisted|p2a: Regidrago\n|-damage|p2a: Regidrago|0 fnt\n|faint|p2a: Regidrago\n|move|p1a: Rillaboom|Grassy Glide|p2b: Urshifu\n|-supereffective|p2b: Urshifu\n|-damage|p2b: Urshifu|34\/100\n|move|p2b: Urshifu|Surging Strikes|p1b: Ogerpon\n|-supereffective|p1b: Ogerpon\n|-crit|p1b: Ogerpon\n|-damage|p1b: Ogerpon|32\/100\n|-supereffective|p1b: Ogerpon\n|-crit|p1b: Ogerpon\n|-damage|p1b: Ogerpon|0 fnt\n|faint|p1b: Ogerpon\n|-hitcount|p1: Ogerpon|2\n|\n|-heal|p2b: Urshifu|40\/100|[from] Grassy Terrain\n|-heal|p1a: Rillaboom|72\/100|[from] Grassy Terrain\n|-sideend|p2: Autofire101|move: Tailwind\n|upkeep\n|\n|t:|1700752744\n|switch|p1b: Landorus|Landorus-Therian, L50, M|20\/100\n|switch|p2a: Gholdengo|Gholdengo, L50|24\/100\n|-ability|p1b: Landorus|Intimidate|boost\n|-unboost|p2a: Gholdengo|atk|1\n|-unboost|p2b: Urshifu|atk|1\n|turn|5\n|\n|t:|1700752757\n|move|p1a: Rillaboom|Grassy Glide|p2b: Urshifu\n|-supereffective|p2b: Urshifu\n|-damage|p2b: Urshifu|0 fnt\n|faint|p2b: Urshifu\n|move|p1b: Landorus|Stomping Tantrum|p2a: Gholdengo\n|-supereffective|p2a: Gholdengo\n|-damage|p2a: Gholdengo|0 fnt\n|faint|p2a: Gholdengo\n|\n|win|breezyfbaby\n|raw|breezyfbaby's rating: 1394 &rarr; <strong>1420<\/strong><br \/>(+26 for winning)\n|raw|Autofire101's rating: 1501 &rarr; <strong>1475<\/strong><br \/>(-26 for losing)\n|l|\u2606Autofire101\n","uploadtime":1700752768,"views":1,"p1id":"breezyfbaby","p2id":"autofire101","formatid":"gen9vgc2023regulatione","rating":1420,"private":0,"password":""}