{"id":"gen9vgc2023regulatione-1999339081","p1":"bigg.mac210","p2":"ThannaOcto","format":"[Gen 9] VGC 2023 Regulation E","log":"|j|\u2606bigg.mac210\n|j|\u2606ThannaOcto\n|t:|1701062819\n|gametype|doubles\n|player|p1|bigg.mac210|2|\n|player|p2|ThannaOcto|aaron|\n|teamsize|p1|6\n|teamsize|p2|6\n|gen|9\n|tier|[Gen 9] VGC 2023 Regulation E\n|rule|Species Clause: Limit one of each Pok\u00e9mon\n|rule|Item Clause: Limit one of each item\n|clearpoke\n|poke|p1|Jumpluff, L50, M|\n|poke|p1|Charizard, L50, F|\n|poke|p1|Ninetales, L50, F|\n|poke|p1|Orthworm, L50, F|\n|poke|p1|Mudsdale, L50, M|\n|poke|p1|Ambipom, L50, F|\n|poke|p2|Scovillain, L50, M|\n|poke|p2|Dragapult, L50, M|\n|poke|p2|Fezandipiti, L50, M|\n|poke|p2|Dudunsparce-*, L50, F|\n|poke|p2|Talonflame, L50, F|\n|poke|p2|Brambleghast, L50, M|\n|teampreview|4\nThannaOcto has agreed to open team sheets.\nbigg.mac210 has agreed to open team sheets.\n|showteam|p1|Jumpluff||MentalHerb|Chlorophyll|RagePowder,SleepPowder,Tailwind,SolarBeam|||M|||50|,,,,,Grass]Charizard||ChoiceScarf|SolarPower|AirSlash,HeatWave,SolarBeam,FocusBlast|||F|||50|,,,,,Fire]Ninetales||EjectPack|Drought|Overheat,WillOWisp,HelpingHand,SolarBeam|||F|||50|,,,,,Fire]Orthworm||SitrusBerry|EarthEater|BodyPress,HeavySlam,RockSlide,Coil|||F|||50|,,,,,Steel]Mudsdale||AssaultVest|Stamina|Earthquake,RockSlide,BodyPress,HeavySlam|||M|||50|,,,,,Grass]Ambipom||SilkScarf|Technician|DoubleHit,Protect,FakeOut,Trailblaze|||F|||50|,,,,,Normal\n|showteam|p2|Scovillain||Leftovers|Moody|LeechSeed,GigaDrain,Substitute,Protect|||M|||50|,,,,,Grass]Dragapult||FocusSash|CursedBody|DragonDarts,PhantomForce,SuckerPunch,Protect|||M|||50|,,,,,Fairy]Fezandipiti||ShucaBerry|ToxicChain|Roost,Moonblast,HeatWave,Protect|||M|||50|,,,,,Fairy]Dudunsparce-Three-Segment||WideLens|SereneGrace|Hurricane,AncientPower,Roost,Substitute|||F|||50|,,,,,Flying]Talonflame||CovertCloak|GaleWings|FlareBlitz,WillOWisp,Roost,Tailwind|||F|||50|,,,,,Ghost]Brambleghast||LifeOrb|WindRider|PowerWhip,PhantomForce,Protect,StrengthSap|||M|||50|,,,,,Grass\n|\n|t:|1701062933\n|start\n|switch|p1a: Ninetales|Ninetales, L50, F|100\/100\n|switch|p1b: Ambipom|Ambipom, L50, F|100\/100\n|switch|p2a: Suzaku|Talonflame, L50, F|100\/100\n|switch|p2b: Morbol|Brambleghast, L50, M|100\/100\n|-weather|SunnyDay|[from] ability: Drought|[of] p1a: Ninetales\n|turn|1\n|\n|t:|1701062956\n|move|p1b: Ambipom|Fake Out|p2a: Suzaku\n|-damage|p2a: Suzaku|63\/100\n|move|p2a: Suzaku|Tailwind|p2a: Suzaku\n|-sidestart|p2: ThannaOcto|move: Tailwind\n|-ability|p2b: Morbol|Wind Rider|boost\n|-boost|p2b: Morbol|atk|1\n|move|p2b: Morbol|Phantom Force||[still]\n|-prepare|p2b: Morbol|Phantom Force\n|move|p1a: Ninetales|Overheat|p2b: Morbol|[miss]\n|-miss|p1a: Ninetales|p2b: Morbol\n|\n|-weather|SunnyDay|[upkeep]\n|upkeep\n|turn|2\n|\n|t:|1701062996\n|switch|p1a: Mudsdale|Mudsdale, L50, M|100\/100\n|move|p2a: Suzaku|Will-O-Wisp|p1b: Ambipom\n|-status|p1b: Ambipom|brn\n|move|p2b: Morbol|Phantom Force|p1a: Mudsdale|[from]lockedmove\n|-damage|p1a: Mudsdale|25\/100\n|-ability|p1a: Mudsdale|Stamina|boost\n|-boost|p1a: Mudsdale|def|1\n|-damage|p2b: Morbol|90\/100|[from] item: Life Orb\n|move|p1b: Ambipom|Double Hit|p2a: Suzaku\n|-damage|p2a: Suzaku|46\/100\n|-damage|p2a: Suzaku|29\/100\n|-hitcount|p2a: Suzaku|2\n|\n|-weather|SunnyDay|[upkeep]\n|-damage|p1b: Ambipom|94\/100 brn|[from] brn\n|upkeep\n|turn|3\n|\n|t:|1701063022\n|move|p2a: Suzaku|Will-O-Wisp|p1a: Mudsdale\n|-status|p1a: Mudsdale|brn\n|move|p2b: Morbol|Power Whip|p1b: Ambipom\n|-damage|p1b: Ambipom|0 fnt\n|faint|p1b: Ambipom\n|-damage|p2b: Morbol|80\/100|[from] item: Life Orb\n|move|p1a: Mudsdale|Rock Slide|p2b: Morbol|[spread] p2a,p2b\n|-supereffective|p2a: Suzaku\n|-damage|p2a: Suzaku|0 fnt\n|-damage|p2b: Morbol|61\/100\n|faint|p2a: Suzaku\n|\n|-weather|SunnyDay|[upkeep]\n|-damage|p1a: Mudsdale|19\/100 brn|[from] brn\n|upkeep\n|\n|t:|1701063040\n|switch|p2a: Mist Dragon|Dragapult, L50, M|100\/100\n|switch|p1b: Charizard|Charizard, L50, F|100\/100\n|turn|4\n|\n|t:|1701063065\n|-terastallize|p1b: Charizard|Fire\n|move|p2a: Mist Dragon|Dragon Darts|p1b: Charizard\n|-damage|p1b: Charizard|67\/100\n|-anim|p2a: Mist Dragon|Dragon Darts|p1a: Mudsdale\n|-damage|p1a: Mudsdale|4\/100 brn\n|-ability|p1a: Mudsdale|Stamina|boost\n|-boost|p1a: Mudsdale|def|1\n|move|p2b: Morbol|Phantom Force||[still]\n|-prepare|p2b: Morbol|Phantom Force\n|move|p1b: Charizard|Heat Wave|p2b: Morbol|[spread] \n|-miss|p1b: Charizard|p2b: Morbol\n|-miss|p1b: Charizard|p2a: Mist Dragon\n|move|p1a: Mudsdale|Rock Slide|p2a: Mist Dragon|[spread] p2a\n|-miss|p1a: Mudsdale|p2b: Morbol\n|-damage|p2a: Mist Dragon|85\/100\n|\n|-weather|SunnyDay|[upkeep]\n|-damage|p1b: Charizard|55\/100|[from] ability: Solar Power|[of] p1b: Charizard\n|-damage|p1a: Mudsdale|0 fnt|[from] brn\n|faint|p1a: Mudsdale\n|-sideend|p2: ThannaOcto|move: Tailwind\n|upkeep\n|\n|t:|1701063084\n|switch|p1a: Ninetales|Ninetales, L50, F|100\/100\n|turn|5\n|\n|t:|1701063149\n|move|p2a: Mist Dragon|Protect|p2a: Mist Dragon\n|-singleturn|p2a: Mist Dragon|Protect\n|move|p1b: Charizard|Heat Wave|p2a: Mist Dragon|[spread] \n|-miss|p1b: Charizard|p2b: Morbol\n|-activate|p2a: Mist Dragon|move: Protect\n|move|p1a: Ninetales|Overheat|p2b: Morbol|[miss]\n|-miss|p1a: Ninetales|p2b: Morbol\n|move|p2b: Morbol|Phantom Force|p1b: Charizard|[from]lockedmove\n|-damage|p1b: Charizard|0 fnt\n|faint|p1b: Charizard\n|-damage|p2b: Morbol|51\/100|[from] item: Life Orb\n|\n|-weather|none\n|upkeep\n|turn|6\n|\n|t:|1701063186\n|move|p2b: Morbol|Protect|p2b: Morbol\n|-singleturn|p2b: Morbol|Protect\n|move|p2a: Mist Dragon|Dragon Darts|p1a: Ninetales\n|-damage|p1a: Ninetales|62\/100\n|-anim|p2a: Mist Dragon|Dragon Darts|p1a: Ninetales\n|-damage|p1a: Ninetales|27\/100\n|move|p1a: Ninetales|Overheat|p2b: Morbol\n|-activate|p2b: Morbol|move: Protect\n|\n|upkeep\n|turn|7\n|\n|t:|1701063199\n|move|p1a: Ninetales|Helping Hand|p1: Charizard|[notarget]\n|-fail|p1a: Ninetales\n|move|p2a: Mist Dragon|Dragon Darts|p1a: Ninetales\n|-damage|p1a: Ninetales|0 fnt\n|faint|p1a: Ninetales\n|\n|win|ThannaOcto\n","uploadtime":1701063207,"views":20,"p1id":"biggmac210","p2id":"thannaocto","formatid":"gen9vgc2023regulatione","rating":0,"private":0,"password":""}