{"id":"gen9vgc2023regulatione-1997933817","p1":"AbsRam","p2":"Ampy Wampether","format":"[Gen 9] VGC 2023 Regulation E","log":"|j|\u2606AbsRam\n|j|\u2606Ampy Wampether\n|t:|1700869174\n|gametype|doubles\n|player|p1|AbsRam|1|1402\n|player|p2|Ampy Wampether|janitor|1399\n|teamsize|p1|6\n|teamsize|p2|6\n|gen|9\n|tier|[Gen 9] VGC 2023 Regulation E\n|rated|\n|rule|Species Clause: Limit one of each Pok\u00e9mon\n|rule|Item Clause: Limit one of each item\n|clearpoke\n|poke|p1|Grimmsnarl, L50, M|\n|poke|p1|Iron Bundle, L50|\n|poke|p1|Abomasnow, L50, F|\n|poke|p1|Ursaluna, L50, M|\n|poke|p1|Cresselia, L50, F|\n|poke|p1|Arcanine-Hisui, L50, F|\n|poke|p2|Iron Hands, L50|\n|poke|p2|Arcanine-Hisui, L50, M|\n|poke|p2|Sinistcha, L50|\n|poke|p2|Toxapex, L50, M|\n|poke|p2|Moltres-Galar, L50|\n|poke|p2|Grimmsnarl, L50, M|\n|teampreview|4\n|inactive|Battle timer is ON: inactive players will automatically lose when time's up. (requested by AbsRam)\n|inactive|Ampy Wampether has 60 seconds left.\n|\n|t:|1700869242\n|start\n|switch|p1a: Grimmsnarl|Grimmsnarl, L50, M, shiny|100\/100\n|switch|p1b: Arcanine|Arcanine-Hisui, L50, F|100\/100\n|switch|p2a: Arcanine|Arcanine-Hisui, L50, M|100\/100\n|switch|p2b: Toxapex|Toxapex, L50, M|100\/100\n|-ability|p1b: Arcanine|Intimidate|boost\n|-unboost|p2a: Arcanine|atk|1\n|-unboost|p2b: Toxapex|atk|1\n|-ability|p2a: Arcanine|Intimidate|boost\n|-unboost|p1a: Grimmsnarl|atk|1\n|-unboost|p1b: Arcanine|atk|1\n|turn|1\n|inactive|Ampy Wampether has 30 seconds left.\n|inactive|AbsRam has 30 seconds left.\n|\n|t:|1700869273\n|switch|p1b: Abomasnow|Abomasnow, L50, F, shiny|100\/100\n|-weather|Snow|[from] ability: Snow Warning|[of] p1b: Abomasnow\n|move|p2a: Arcanine|Protect|p2a: Arcanine\n|-singleturn|p2a: Arcanine|Protect\n|move|p1a: Grimmsnarl|Parting Shot|p2a: Arcanine\n|-activate|p2a: Arcanine|move: Protect\n|move|p2b: Toxapex|Infestation|p1b: Abomasnow\n|-supereffective|p1b: Abomasnow\n|-damage|p1b: Abomasnow|95\/100\n|-activate|p1b: Abomasnow|move: Infestation|[of] p2b: Toxapex\n|\n|-weather|Snow|[upkeep]\n|-damage|p1b: Abomasnow|79\/100|[from] move: Infestation|[partiallytrapped]\n|upkeep\n|turn|2\n|inactive|Ampy Wampether has 30 seconds left.\n|\n|t:|1700869304\n|move|p1a: Grimmsnarl|Parting Shot|p2a: Arcanine\n|-unboost|p2a: Arcanine|atk|1\n|-unboost|p2a: Arcanine|spa|1\n|\n|t:|1700869307\n|switch|p1a: Arcanine|Arcanine-Hisui, L50, F|100\/100|[from] Parting Shot\n|-ability|p1a: Arcanine|Intimidate|boost\n|-unboost|p2a: Arcanine|atk|1\n|-unboost|p2b: Toxapex|atk|1\n|move|p2a: Arcanine|Rock Slide|p1b: Abomasnow|[spread] p1a,p1b\n|-supereffective|p1a: Arcanine\n|-supereffective|p1b: Abomasnow\n|-damage|p1a: Arcanine|75\/100\n|-damage|p1b: Abomasnow|63\/100\n|move|p1b: Abomasnow|Giga Drain|p2b: Toxapex\n|-crit|p2b: Toxapex\n|-damage|p2b: Toxapex|62\/100\n|-heal|p1b: Abomasnow|79\/100|[from] drain|[of] p2b: Toxapex\n|move|p2b: Toxapex|Substitute|p2b: Toxapex\n|-start|p2b: Toxapex|Substitute\n|-damage|p2b: Toxapex|37\/100\n|\n|-weather|Snow|[upkeep]\n|-damage|p1b: Abomasnow|63\/100|[from] move: Infestation|[partiallytrapped]\n|upkeep\n|turn|3\n|inactive|AbsRam has 30 seconds left.\n|inactive|Ampy Wampether has 30 seconds left.\n|\n|t:|1700869335\n|switch|p2a: Sinistcha|Sinistcha, L50|100\/100\n|-heal|p2b: Toxapex|62\/100|[from] ability: Hospitality|[of] p2a: Sinistcha\n|move|p1a: Arcanine|Rock Slide|p2b: Toxapex|[spread] p2a,p2b\n|-activate|p2b: Toxapex|move: Substitute|[damage]\n|-damage|p2a: Sinistcha|80\/100\n|move|p1b: Abomasnow|Giga Drain|p2b: Toxapex\n|-end|p2b: Toxapex|Substitute\n|-heal|p1b: Abomasnow|65\/100|[from] drain|[of] p2b: Toxapex\n|move|p2b: Toxapex|Infestation|p1a: Arcanine\n|-resisted|p1a: Arcanine\n|-damage|p1a: Arcanine|73\/100\n|-activate|p1a: Arcanine|move: Infestation|[of] p2b: Toxapex\n|\n|-weather|Snow|[upkeep]\n|-damage|p1a: Arcanine|57\/100|[from] move: Infestation|[partiallytrapped]\n|-damage|p1b: Abomasnow|48\/100|[from] move: Infestation|[partiallytrapped]\n|upkeep\n|turn|4\n|inactive|Ampy Wampether has 30 seconds left.\n|\n|t:|1700869365\n|move|p1a: Arcanine|Rock Slide|p2a: Sinistcha|[spread] p2a,p2b\n|-damage|p2a: Sinistcha|61\/100\n|-damage|p2b: Toxapex|43\/100\n|move|p1b: Abomasnow|Giga Drain|p2b: Toxapex\n|-damage|p2b: Toxapex|15\/100\n|-heal|p1b: Abomasnow|60\/100|[from] drain|[of] p2b: Toxapex\n|move|p2a: Sinistcha|Matcha Gotcha|p1b: Abomasnow|[spread] p1a,p1b\n|-resisted|p1b: Abomasnow\n|-damage|p1a: Arcanine|28\/100\n|-heal|p2a: Sinistcha|75\/100|[from] drain|[of] p1a: Arcanine\n|-damage|p1b: Abomasnow|50\/100\n|-heal|p2a: Sinistcha|80\/100|[from] drain|[of] p1b: Abomasnow\n|cant|p2b: Toxapex|flinch\n|\n|-weather|Snow|[upkeep]\n|-damage|p1a: Arcanine|11\/100|[from] move: Infestation|[partiallytrapped]\n|-damage|p1b: Abomasnow|34\/100|[from] move: Infestation|[partiallytrapped]\n|upkeep\n|turn|5\n|\n|t:|1700869387\n|move|p2b: Toxapex|Baneful Bunker|p2b: Toxapex\n|-singleturn|p2b: Toxapex|move: Protect\n|move|p1a: Arcanine|Rock Slide|p2b: Toxapex|[spread] p2a\n|-activate|p2b: Toxapex|move: Protect\n|-damage|p2a: Sinistcha|58\/100\n|move|p1b: Abomasnow|Blizzard|p2b: Toxapex|[spread] p2a\n|-activate|p2b: Toxapex|move: Protect\n|-supereffective|p2a: Sinistcha\n|-damage|p2a: Sinistcha|0 fnt\n|faint|p2a: Sinistcha\n|\n|-weather|none\n|-damage|p1a: Arcanine|0 fnt|[from] move: Infestation|[partiallytrapped]\n|faint|p1a: Arcanine\n|-end|p1b: Abomasnow|Infestation|[partiallytrapped]\n|upkeep\n|\n|t:|1700869405\n|switch|p1a: Iron Bundle|Iron Bundle, L50|100\/100\n|switch|p2a: Arcanine|Arcanine-Hisui, L50, M|100\/100\n|-ability|p2a: Arcanine|Intimidate|boost\n|-unboost|p1a: Iron Bundle|atk|1\n|-unboost|p1b: Abomasnow|atk|1\n|-enditem|p1a: Iron Bundle|Booster Energy\n|-activate|p1a: Iron Bundle|ability: Quark Drive|[fromitem]\n|-start|p1a: Iron Bundle|quarkdrivespe\n|turn|6\n|\n|t:|1700869417\n|-terastallize|p2a: Arcanine|Water\n|move|p1a: Iron Bundle|Hydro Pump|p2a: Arcanine\n|-resisted|p2a: Arcanine\n|-damage|p2a: Arcanine|75\/100\n|move|p2a: Arcanine|Rock Slide|p1a: Iron Bundle|[spread] p1a,p1b\n|-supereffective|p1a: Iron Bundle\n|-supereffective|p1b: Abomasnow\n|-damage|p1a: Iron Bundle|35\/100\n|-damage|p1b: Abomasnow|0 fnt\n|faint|p1b: Abomasnow\n|move|p2b: Toxapex|Recover|p2b: Toxapex\n|-heal|p2b: Toxapex|65\/100\n|\n|upkeep\n|\n|t:|1700869430\n|switch|p1b: Grimmsnarl|Grimmsnarl, L50, M, shiny|100\/100\n|turn|7\n|\n|t:|1700869447\n|move|p2a: Arcanine|Protect|p2a: Arcanine\n|-singleturn|p2a: Arcanine|Protect\n|move|p1b: Grimmsnarl|Fake Out|p2b: Toxapex\n|-damage|p2b: Toxapex|54\/100\n|move|p1a: Iron Bundle|Freeze-Dry|p2a: Arcanine\n|-activate|p2a: Arcanine|move: Protect\n|cant|p2b: Toxapex|flinch\n|\n|upkeep\n|turn|8\n|\n|t:|1700869464\n|switch|p2a: Iron Hands|Iron Hands, L50|100\/100\n|move|p1a: Iron Bundle|Freeze-Dry|p2a: Iron Hands\n|-crit|p2a: Iron Hands\n|-damage|p2a: Iron Hands|75\/100\n|move|p1b: Grimmsnarl|Spirit Break|p2b: Toxapex\n|-resisted|p2b: Toxapex\n|-damage|p2b: Toxapex|38\/100\n|-unboost|p2b: Toxapex|spa|1\n|move|p2b: Toxapex|Recover|p2b: Toxapex\n|-heal|p2b: Toxapex|88\/100\n|\n|upkeep\n|turn|9\n|\n|t:|1700869484\n|-terastallize|p1a: Iron Bundle|Ghost\n|move|p2a: Iron Hands|Fake Out|p1a: Iron Bundle\n|-immune|p1a: Iron Bundle\n|move|p1a: Iron Bundle|Freeze-Dry|p2b: Toxapex\n|-supereffective|p2b: Toxapex\n|-damage|p2b: Toxapex|30\/100\n|move|p1b: Grimmsnarl|Spirit Break|p2a: Iron Hands\n|-supereffective|p2a: Iron Hands\n|-damage|p2a: Iron Hands|27\/100\n|-unboost|p2a: Iron Hands|spa|1\n|move|p2b: Toxapex|Infestation|p1b: Grimmsnarl\n|-damage|p1b: Grimmsnarl|98\/100\n|-activate|p1b: Grimmsnarl|move: Infestation|[of] p2b: Toxapex\n|\n|-damage|p1b: Grimmsnarl|81\/100|[from] move: Infestation|[partiallytrapped]\n|upkeep\n|turn|10\n|inactive|Ampy Wampether has 30 seconds left.\n|\n|t:|1700869510\n|move|p1a: Iron Bundle|Freeze-Dry|p2b: Toxapex\n|-supereffective|p2b: Toxapex\n|-damage|p2b: Toxapex|0 fnt\n|faint|p2b: Toxapex\n|move|p1b: Grimmsnarl|Spirit Break|p2a: Iron Hands\n|-supereffective|p2a: Iron Hands\n|-damage|p2a: Iron Hands|0 fnt\n|faint|p2a: Iron Hands\n|-end|p2a: Iron Hands|Quark Drive|[silent]\n|\n|-end|p1b: Grimmsnarl|Infestation|[partiallytrapped]|[silent]\n|upkeep\n|\n|t:|1700869514\n|switch|p2a: Arcanine|Arcanine-Hisui, L50, M, tera:Water|75\/100\n|-ability|p2a: Arcanine|Intimidate|boost\n|-unboost|p1a: Iron Bundle|atk|1\n|-unboost|p1b: Grimmsnarl|atk|1\n|turn|11\n|\n|t:|1700869531\n|move|p1a: Iron Bundle|Freeze-Dry|p2a: Arcanine\n|-supereffective|p2a: Arcanine\n|-damage|p2a: Arcanine|16\/100\n|-enditem|p2a: Arcanine|Sitrus Berry|[eat]\n|-heal|p2a: Arcanine|41\/100|[from] item: Sitrus Berry\n|move|p2a: Arcanine|Rock Slide|p1b: Grimmsnarl|[spread] p1a,p1b\n|-damage|p1a: Iron Bundle|5\/100\n|-damage|p1b: Grimmsnarl|54\/100\n|move|p1b: Grimmsnarl|Spirit Break|p2a: Arcanine\n|-damage|p2a: Arcanine|12\/100\n|-unboost|p2a: Arcanine|spa|1\n|\n|upkeep\n|turn|12\n|-message|Ampy Wampether forfeited.\n|\n|win|AbsRam\n|raw|AbsRam's rating: 1402 &rarr; <strong>1422<\/strong><br \/>(+20 for winning)\n|raw|Ampy Wampether's rating: 1399 &rarr; <strong>1379<\/strong><br \/>(-20 for losing)\n|l|\u2606Ampy Wampether\n","uploadtime":1700869559,"views":5,"p1id":"absram","p2id":"ampywampether","formatid":"gen9vgc2023regulatione","rating":1379,"private":0,"password":""}