{"id":"gen9vgc2023regulatione-1996158601","p1":"AswangVGC","p2":"fragment008","format":"[Gen 9] VGC 2023 Regulation E","log":"|j|\u2606AswangVGC\n|j|\u2606fragment008\n|n|\u2606AswangVGC|aswangvgc\n|n|\u2606fragment008|fragment008\n|html|View the match progress at <a href=\"\/game-bestof3-gen9vgc2023regulatione-1996157162\">game-bestof3-gen9vgc2023regulatione-1996157162<\/a>\n|t:|1700652868\n|gametype|doubles\n|player|p1|AswangVGC|102|\n|player|p2|fragment008|266|\n|teamsize|p1|6\n|teamsize|p2|6\n|gen|9\n|tier|[Gen 9] VGC 2023 Regulation E\n|rule|Species Clause: Limit one of each Pok\u00e9mon\n|rule|Item Clause: Limit one of each item\n|clearpoke\n|poke|p1|Dusclops, L50, F|\n|poke|p1|Ursaluna-Bloodmoon, L50, M|\n|poke|p1|Iron Hands, L50|\n|poke|p1|Ogerpon-Wellspring, L50, F|\n|poke|p1|Chi-Yu, L50|\n|poke|p1|Flutter Mane, L50|\n|poke|p2|Ogerpon-Wellspring, L50, F|\n|poke|p2|Regieleki, L50|\n|poke|p2|Indeedee-F, L50, F|\n|poke|p2|Tornadus, L50, M|\n|poke|p2|Chi-Yu, L50|\n|poke|p2|Flutter Mane, L50|\n|teampreview|4\nAswangVGC has agreed to open team sheets.\n|\n|t:|1700652898\n|start\n|switch|p1a: Dusclops|Dusclops, L50, F|100\/100\n|switch|p1b: Iron Hands|Iron Hands, L50|100\/100\n|switch|p2a: Chi-Yu|Chi-Yu, L50|100\/100\n|switch|p2b: Indeedee|Indeedee-F, L50, F|100\/100\n|-ability|p2a: Chi-Yu|Beads of Ruin\n|-fieldstart|move: Psychic Terrain|[from] ability: Psychic Surge|[of] p2b: Indeedee\n|-enditem|p2b: Indeedee|Psychic Seed\n|-boost|p2b: Indeedee|spd|1|[from] item: Psychic Seed\n|-ability|p1a: Dusclops|Pressure\n|turn|1\n|\n|t:|1700652915\n|switch|p1a: Ogerpon|Ogerpon-Wellspring, L50, F|100\/100\n|-terastallize|p2a: Chi-Yu|Fire\n|move|p2b: Indeedee|Helping Hand|p2a: Chi-Yu\n|-singleturn|p2a: Chi-Yu|Helping Hand|[of] p2b: Indeedee\n|move|p2a: Chi-Yu|Overheat|p1a: Ogerpon\n|-crit|p1a: Ogerpon\n|-damage|p1a: Ogerpon|0 fnt\n|-unboost|p2a: Chi-Yu|spa|2\n|faint|p1a: Ogerpon\n|-damage|p2a: Chi-Yu|91\/100|[from] item: Life Orb\n|move|p1b: Iron Hands|Drain Punch|p2a: Chi-Yu\n|-damage|p2a: Chi-Yu|20\/100\n|\n|upkeep\n|\n|t:|1700652930\n|switch|p1a: Dusclops|Dusclops, L50, F|100\/100\n|-ability|p1a: Dusclops|Pressure\n|turn|2\n|\n|t:|1700652944\n|-terastallize|p1b: Iron Hands|Fire\n|move|p2a: Chi-Yu|Overheat|p1a: Dusclops\n|-damage|p1a: Dusclops|58\/100\n|-unboost|p2a: Chi-Yu|spa|2\n|-damage|p2a: Chi-Yu|11\/100|[from] item: Life Orb\n|move|p2b: Indeedee|Psychic|p1a: Dusclops\n|-damage|p1a: Dusclops|31\/100\n|move|p1b: Iron Hands|Heavy Slam|p2a: Chi-Yu\n|-resisted|p2a: Chi-Yu\n|-damage|p2a: Chi-Yu|0 fnt\n|faint|p2a: Chi-Yu\n|move|p1a: Dusclops|Trick Room|p1a: Dusclops\n|-fieldstart|move: Trick Room|[of] p1a: Dusclops\n|\n|upkeep\n|\n|t:|1700652973\n|switch|p2a: Ogerpon|Ogerpon-Wellspring, L50, F|100\/100\n|turn|3\n|\n|t:|1700652994\n|move|p2b: Indeedee|Helping Hand|p2a: Ogerpon\n|-singleturn|p2a: Ogerpon|Helping Hand|[of] p2b: Indeedee\n|move|p1a: Dusclops|Pain Split|p2b: Indeedee\n|-sethp|p2b: Indeedee|63\/100|[from] move: Pain Split|[silent]\n|-sethp|p1a: Dusclops|76\/100|[from] move: Pain Split\n|move|p1b: Iron Hands|Wild Charge|p2b: Indeedee\n|-damage|p2b: Indeedee|5\/100\n|-damage|p1b: Iron Hands|89\/100|[from] Recoil\n|move|p2a: Ogerpon|Ivy Cudgel|p1b: Iron Hands|[anim] Ivy Cudgel Water\n|-supereffective|p1b: Iron Hands\n|-damage|p1b: Iron Hands|0 fnt\n|faint|p1b: Iron Hands\n|-end|p1b: Iron Hands|Quark Drive|[silent]\n|\n|upkeep\n|\n|t:|1700653002\n|switch|p1b: Ursaluna|Ursaluna-Bloodmoon, L50, M|100\/100\n|turn|4\n|\n|t:|1700653027\n|move|p2b: Indeedee|Protect|p2b: Indeedee\n|-singleturn|p2b: Indeedee|Protect\n|move|p2a: Ogerpon|Spiky Shield|p2a: Ogerpon\n|-singleturn|p2a: Ogerpon|move: Protect\n|move|p1a: Dusclops|Brick Break|p1b: Ursaluna\n|-supereffective|p1b: Ursaluna\n|-damage|p1b: Ursaluna|80\/100\n|-enditem|p1b: Ursaluna|Weakness Policy\n|-boost|p1b: Ursaluna|atk|2|[from] item: Weakness Policy\n|-boost|p1b: Ursaluna|spa|2|[from] item: Weakness Policy\n|move|p1b: Ursaluna|Blood Moon|p2a: Ogerpon\n|-activate|p2a: Ogerpon|move: Protect\n|\n|upkeep\n|turn|5\n|\n|t:|1700653041\n|move|p2b: Indeedee|Follow Me|p2b: Indeedee\n|-singleturn|p2b: Indeedee|move: Follow Me\n|move|p1a: Dusclops|Will-O-Wisp|p2b: Indeedee\n|-status|p2b: Indeedee|brn\n|move|p1b: Ursaluna|Hyper Voice|p2a: Ogerpon|[spread] p2a,p2b\n|-damage|p2a: Ogerpon|19\/100\n|-damage|p2b: Indeedee|0 fnt\n|faint|p2b: Indeedee\n|move|p2a: Ogerpon|Ivy Cudgel|p1b: Ursaluna|[anim] Ivy Cudgel Water\n|-supereffective|p1b: Ursaluna\n|-damage|p1b: Ursaluna|0 fnt\n|faint|p1b: Ursaluna\n|\n|-fieldend|move: Psychic Terrain\n|upkeep\n|\n|t:|1700653054\n|switch|p2b: Flutter Mane|Flutter Mane, L50|100\/100\n|turn|6\n|\n|t:|1700653067\n|move|p2a: Ogerpon|Spiky Shield|p2a: Ogerpon\n|-singleturn|p2a: Ogerpon|move: Protect\n|move|p2b: Flutter Mane|Protect|p2b: Flutter Mane\n|-singleturn|p2b: Flutter Mane|Protect\n|move|p1a: Dusclops|Pain Split|p2b: Flutter Mane\n|-activate|p2b: Flutter Mane|move: Protect\n|\n|-fieldend|move: Trick Room\n|upkeep\n|turn|7\n|\n|t:|1700653083\n|move|p2b: Flutter Mane|Shadow Ball|p1a: Dusclops\n|-supereffective|p1a: Dusclops\n|-damage|p1a: Dusclops|27\/100\n|move|p2a: Ogerpon|Ivy Cudgel|p1a: Dusclops|[anim] Ivy Cudgel Water\n|-crit|p1a: Dusclops\n|-damage|p1a: Dusclops|0 fnt\n|faint|p1a: Dusclops\n|\n|win|fragment008\n|c|&|\/uhtml prompt-aswangvgc,AswangVGC is ready for game 3!\n|c|&|\/uhtml prompt-fragment008,fragment008 is ready for game 3!\nBoth players are ready! Starting next match!\n","uploadtime":1700653092,"views":1,"p1id":"aswangvgc","p2id":"fragment008","formatid":"gen9vgc2023regulatione","rating":0,"private":0,"password":""}