{"id":"gen9vgc2023regulatione-1991430465","p1":"QrdeJegoMac","p2":"jaehaerys_the_old","format":"[Gen 9] VGC 2023 Regulation E","log":"|j|\u2606QrdeJegoMac\n|j|\u2606jaehaerys_the_old\n|t:|1700076469\n|gametype|doubles\n|player|p1|QrdeJegoMac|170|1587\n|player|p2|jaehaerys_the_old|266|1662\n|teamsize|p1|6\n|teamsize|p2|6\n|gen|9\n|tier|[Gen 9] VGC 2023 Regulation E\n|rated|\n|rule|Species Clause: Limit one of each Pok\u00e9mon\n|rule|Item Clause: Limit one of each item\n|clearpoke\n|poke|p1|Chien-Pao, L50|\n|poke|p1|Arcanine-Hisui, L50, F|\n|poke|p1|Urshifu-*, L50, M|\n|poke|p1|Tornadus, L50, M|\n|poke|p1|Rillaboom, L50, M|\n|poke|p1|Flutter Mane, L50|\n|poke|p2|Indeedee-F, L50, F|\n|poke|p2|Armarouge, L50, F|\n|poke|p2|Ursaluna, L50, F|\n|poke|p2|Torkoal, L50, F|\n|poke|p2|Urshifu-*, L50, F|\n|poke|p2|Roaring Moon, L50|\n|teampreview|4\n|inactive|Battle timer is ON: inactive players will automatically lose when time's up. (requested by QrdeJegoMac)\nQrdeJegoMac has agreed to open team sheets.\njaehaerys_the_old rejected open team sheets.\n|inactive|jaehaerys_the_old has 60 seconds left.\n|\n|t:|1700076514\n|start\n|switch|p1a: Arcanine|Arcanine-Hisui, L50, F|100\/100\n|switch|p1b: Tornadus|Tornadus, L50, M|100\/100\n|switch|p2a: Indeedee|Indeedee-F, L50, F|100\/100\n|switch|p2b: Urshifu|Urshifu-Rapid-Strike, L50, F|100\/100\n|-ability|p1a: Arcanine|Intimidate|boost\n|-unboost|p2a: Indeedee|atk|1\n|-unboost|p2b: Urshifu|atk|1\n|-fieldstart|move: Psychic Terrain|[from] ability: Psychic Surge|[of] p2a: Indeedee\n|-enditem|p2a: Indeedee|Psychic Seed\n|-boost|p2a: Indeedee|spd|1|[from] item: Psychic Seed\n|turn|1\n|\n|t:|1700076539\n|switch|p1a: Rillaboom|Rillaboom, L50, M|100\/100\n|-fieldstart|move: Grassy Terrain|[from] ability: Grassy Surge|[of] p1a: Rillaboom\n|move|p1b: Tornadus|Taunt|p2a: Indeedee\n|-start|p2a: Indeedee|move: Taunt\n|move|p2b: Urshifu|Surging Strikes|p1a: Rillaboom\n|-resisted|p1a: Rillaboom\n|-crit|p1a: Rillaboom\n|-damage|p1a: Rillaboom|92\/100\n|-resisted|p1a: Rillaboom\n|-crit|p1a: Rillaboom\n|-damage|p1a: Rillaboom|83\/100\n|-resisted|p1a: Rillaboom\n|-crit|p1a: Rillaboom\n|-damage|p1a: Rillaboom|73\/100\n|-hitcount|p1a: Rillaboom|3\n|cant|p2a: Indeedee|move: Taunt|Trick Room\n|\n|-heal|p1a: Rillaboom|79\/100|[from] Grassy Terrain\n|upkeep\n|turn|2\n|j| Nightwind Husky\n|j| Asacado\n|inactive|QrdeJegoMac has 30 seconds left.\n|inactive|jaehaerys_the_old has 30 seconds left.\n|\n|t:|1700076569\n|switch|p2a: Ursaluna|Ursaluna, L50, F|100\/100\n|move|p1b: Tornadus|Rain Dance|p1b: Tornadus\n|-weather|RainDance\n|move|p1a: Rillaboom|Grassy Glide|p2b: Urshifu\n|-supereffective|p2b: Urshifu\n|-damage|p2b: Urshifu|32\/100\n|move|p2b: Urshifu|Surging Strikes|p1b: Tornadus\n|-crit|p1b: Tornadus\n|-damage|p1b: Tornadus|66\/100\n|-crit|p1b: Tornadus\n|-damage|p1b: Tornadus|29\/100\n|-crit|p1b: Tornadus\n|-damage|p1b: Tornadus|0 fnt\n|faint|p1b: Tornadus\n|-hitcount|p1: Tornadus|3\n|\n|-weather|RainDance|[upkeep]\n|-heal|p2b: Urshifu|39\/100|[from] Grassy Terrain\n|-heal|p1a: Rillaboom|85\/100|[from] Grassy Terrain\n|-status|p2a: Ursaluna|brn|[from] item: Flame Orb\n|upkeep\n|\n|t:|1700076577\n|switch|p1b: Urshifu|Urshifu-Rapid-Strike, L50, M|100\/100\n|turn|3\n|\n|t:|1700076594\n|switch|p2a: Torkoal|Torkoal, L50, F|100\/100\n|-weather|SunnyDay|[from] ability: Drought|[of] p2a: Torkoal\n|-terastallize|p1b: Urshifu|Water\n|move|p1a: Rillaboom|Grassy Glide|p2b: Urshifu\n|-supereffective|p2b: Urshifu\n|-damage|p2b: Urshifu|0 fnt\n|faint|p2b: Urshifu\n|move|p1b: Urshifu|Surging Strikes|p2a: Torkoal\n|-supereffective|p2a: Torkoal\n|-crit|p2a: Torkoal\n|-damage|p2a: Torkoal|76\/100\n|-supereffective|p2a: Torkoal\n|-crit|p2a: Torkoal\n|-damage|p2a: Torkoal|46\/100\n|-supereffective|p2a: Torkoal\n|-crit|p2a: Torkoal\n|-damage|p2a: Torkoal|21\/100\n|-hitcount|p2a: Torkoal|3\n|\n|-weather|SunnyDay|[upkeep]\n|-heal|p1a: Rillaboom|91\/100|[from] Grassy Terrain\n|-heal|p2a: Torkoal|28\/100|[from] Grassy Terrain\n|upkeep\n|\n|t:|1700076599\n|switch|p2b: Indeedee|Indeedee-F, L50, F|100\/100\n|-fieldstart|move: Psychic Terrain|[from] ability: Psychic Surge|[of] p2b: Indeedee\n|turn|4\n|\n|t:|1700076613\n|move|p1b: Urshifu|Close Combat|p2b: Indeedee\n|-damage|p2b: Indeedee|19\/100\n|-unboost|p1b: Urshifu|def|1\n|-unboost|p1b: Urshifu|spd|1\n|move|p1a: Rillaboom|Wood Hammer|p2b: Indeedee\n|-damage|p2b: Indeedee|0 fnt\n|faint|p2b: Indeedee\n|-damage|p1a: Rillaboom|85\/100|[from] Recoil\n|move|p2a: Torkoal|Solar Beam||[still]\n|-prepare|p2a: Torkoal|Solar Beam\n|-anim|p2a: Torkoal|Solar Beam|p1b: Urshifu\n|-supereffective|p1b: Urshifu\n|-damage|p1b: Urshifu|0 fnt\n|faint|p1b: Urshifu\n|\n|-weather|SunnyDay|[upkeep]\n|upkeep\n|\n|t:|1700076617\n|switch|p1b: Arcanine|Arcanine-Hisui, L50, F|100\/100\n|switch|p2b: Ursaluna|Ursaluna, L50, F|100\/100 brn\n|-ability|p1b: Arcanine|Intimidate|boost\n|-unboost|p2a: Torkoal|atk|1\n|-unboost|p2b: Ursaluna|atk|1\n|turn|5\n|inactive|jaehaerys_the_old has 30 seconds left.\n|\n|t:|1700076648\n|-terastallize|p2b: Ursaluna|Poison\n|move|p1b: Arcanine|Rock Slide|p2a: Torkoal|[spread] p2b\n|-miss|p1b: Arcanine|p2a: Torkoal\n|-damage|p2b: Ursaluna|70\/100 brn\n|move|p1a: Rillaboom|Wood Hammer|p2b: Ursaluna\n|-resisted|p2b: Ursaluna\n|-damage|p2b: Ursaluna|47\/100 brn\n|-damage|p1a: Rillaboom|77\/100|[from] Recoil\n|move|p2b: Ursaluna|Headlong Rush|p1b: Arcanine\n|-supereffective|p1b: Arcanine\n|-damage|p1b: Arcanine|0 fnt\n|-unboost|p2b: Ursaluna|def|1\n|-unboost|p2b: Ursaluna|spd|1\n|faint|p1b: Arcanine\n|move|p2a: Torkoal|Solar Beam||[still]\n|-prepare|p2a: Torkoal|Solar Beam\n|-anim|p2a: Torkoal|Solar Beam|p1a: Rillaboom\n|-resisted|p1a: Rillaboom\n|-damage|p1a: Rillaboom|56\/100\n|\n|-weather|SunnyDay|[upkeep]\n|-damage|p2b: Ursaluna|41\/100 brn|[from] brn\n|upkeep\n|turn|6\n|c|\u2606QrdeJegoMac|wait wut\n|c|\u2606QrdeJegoMac|is it specs?\n|inactive|jaehaerys_the_old has 30 seconds left.\n|c|\u2606QrdeJegoMac|no wonder U wanted cts lol\n|\n|t:|1700076676\n|move|p1a: Rillaboom|Stomping Tantrum|p2b: Ursaluna\n|-supereffective|p2b: Ursaluna\n|-damage|p2b: Ursaluna|0 fnt\n|faint|p2b: Ursaluna\n|move|p2a: Torkoal|Solar Beam||[still]\n|-prepare|p2a: Torkoal|Solar Beam\n|-anim|p2a: Torkoal|Solar Beam|p1a: Rillaboom\n|-resisted|p1a: Rillaboom\n|-damage|p1a: Rillaboom|37\/100\n|\n|-weather|SunnyDay|[upkeep]\n|upkeep\n|turn|7\n|c|\u2606jaehaerys_the_old|yes specs\n|c|\u2606QrdeJegoMac|1-1\n|\n|t:|1700076690\n|move|p1a: Rillaboom|Stomping Tantrum|p2a: Torkoal\n|-supereffective|p2a: Torkoal\n|-damage|p2a: Torkoal|0 fnt\n|faint|p2a: Torkoal\n|\n|win|QrdeJegoMac\n|raw|QrdeJegoMac's rating: 1587 &rarr; <strong>1611<\/strong><br \/>(+24 for winning)\n|raw|jaehaerys_the_old's rating: 1662 &rarr; <strong>1638<\/strong><br \/>(-24 for losing)\n|c|\u2606QrdeJegoMac|gg\n","uploadtime":1700076697,"views":20,"p1id":"qrdejegomac","p2id":"jaehaerystheold","formatid":"gen9vgc2023regulatione","rating":1611,"private":0,"password":""}