{"id":"gen9vgc2023regulatione-1991488110","p1":"qls19","p2":"QLS2468","format":"[Gen 9] VGC 2023 Regulation E","log":"|j|\u2606qls19\n|j|\u2606QLS2468\n|n|\u2606qls19|qls19\n|n|\u2606QLS2468|qls2468\n|html|View the match progress at <a href=\"\/game-bestof3-gen9vgc2023regulatione-1991483345\">game-bestof3-gen9vgc2023regulatione-1991483345<\/a>\n|t:|1700081506\n|gametype|doubles\n|player|p1|qls19|102|\n|player|p2|QLS2468|266|\n|teamsize|p1|6\n|teamsize|p2|6\n|gen|9\n|tier|[Gen 9] VGC 2023 Regulation E\n|rule|Species Clause: Limit one of each Pok\u00e9mon\n|rule|Item Clause: Limit one of each item\n|clearpoke\n|poke|p1|Umbreon, L50, F|\n|poke|p1|Arcanine, L50, M|\n|poke|p1|Milotic, L50, M|\n|poke|p1|Ogerpon, L50, F|\n|poke|p1|Mienshao, L50, F|\n|poke|p1|Azelf, L50|\n|poke|p2|Umbreon, L50, M|\n|poke|p2|Arcanine, L50, M|\n|poke|p2|Milotic, L50, F|\n|poke|p2|Ogerpon, L50, F|\n|poke|p2|Mienshao, L50, M|\n|poke|p2|Azelf, L50|\n|teampreview|4\n|\n|t:|1700081524\n|start\n|switch|p1a: Milotic|Milotic, L50, M|100\/100\n|switch|p1b: Ogerpon|Ogerpon, L50, F|100\/100\n|switch|p2a: Ogerpon|Ogerpon, L50, F|100\/100\n|switch|p2b: Azelf|Azelf, L50|100\/100\n|turn|1\n|\n|t:|1700081550\n|switch|p1b: Arcanine|Arcanine, L50, M|100\/100\n|-ability|p1b: Arcanine|Intimidate|boost\n|-unboost|p2a: Ogerpon|atk|1\n|-ability|p2a: Ogerpon|Defiant|boost\n|-boost|p2a: Ogerpon|atk|2\n|-unboost|p2b: Azelf|atk|1\n|move|p1a: Milotic|Protect|p1a: Milotic\n|-singleturn|p1a: Milotic|Protect\n|move|p2b: Azelf|Psychic|p1b: Arcanine\n|-damage|p1b: Arcanine|52\/100\n|move|p2a: Ogerpon|Horn Leech|p1a: Milotic\n|-activate|p1a: Milotic|move: Protect\n|\n|upkeep\n|turn|2\n|\n|t:|1700081585\n|move|p1a: Milotic|Helping Hand|p1b: Arcanine\n|-singleturn|p1b: Arcanine|Helping Hand|[of] p1a: Milotic\n|move|p2b: Azelf|Nasty Plot|p2b: Azelf\n|-boost|p2b: Azelf|spa|2\n|move|p2a: Ogerpon|Stomping Tantrum|p1b: Arcanine\n|-supereffective|p1b: Arcanine\n|-damage|p1b: Arcanine|0 fnt\n|faint|p1b: Arcanine\n|\n|upkeep\n|\n|t:|1700081607\n|switch|p1b: Ogerpon|Ogerpon, L50, F|100\/100\n|turn|3\n|\n|t:|1700081626\n|switch|p1a: Azelf|Azelf, L50|100\/100\n|move|p2b: Azelf|Psychic|p1b: Ogerpon\n|-damage|p1b: Ogerpon|0 fnt\n|faint|p1b: Ogerpon\n|move|p2a: Ogerpon|Horn Leech|p1a: Azelf\n|-damage|p1a: Azelf|26\/100\n|\n|upkeep\n|\n|t:|1700081636\n|switch|p1b: Milotic|Milotic, L50, M|100\/100\n|turn|4\n|\n|t:|1700081647\n|move|p1b: Milotic|Protect|p1b: Milotic\n|-singleturn|p1b: Milotic|Protect\n|move|p2b: Azelf|Dazzling Gleam|p1b: Milotic|[spread] p1a\n|-activate|p1b: Milotic|move: Protect\n|-damage|p1a: Azelf|0 fnt\n|faint|p1a: Azelf\n|move|p2a: Ogerpon|Horn Leech|p1b: Milotic\n|-activate|p1b: Milotic|move: Protect\n|\n|upkeep\n|turn|5\n|-message|qls19 forfeited.\n|\n|win|QLS2468\n|l|\u2606qls19\n","uploadtime":1700081722,"views":21,"p1id":"qls19","p2id":"qls2468","formatid":"gen9vgc2023regulatione","rating":0,"private":0,"password":""}