{"id":"gen9vgc2023regulatione-1991755495","p1":"pelipperislandxoo","p2":"Shadow Ballers","format":"[Gen 9] VGC 2023 Regulation E","log":"|j|\u2606pelipperislandxoo\n|j|\u2606Shadow Ballers\n|t:|1700111698\n|gametype|doubles\n|player|p1|pelipperislandxoo|101|1109\n|player|p2|Shadow Ballers|roughneck|1195\n|teamsize|p1|6\n|teamsize|p2|6\n|gen|9\n|tier|[Gen 9] VGC 2023 Regulation E\n|rated|\n|rule|Species Clause: Limit one of each Pok\u00e9mon\n|rule|Item Clause: Limit one of each item\n|clearpoke\n|poke|p1|Ceruledge, L50, M|\n|poke|p1|Rillaboom, L50, M|\n|poke|p1|Farigiraf, L50, M|\n|poke|p1|Clodsire, L50, F|\n|poke|p1|Urshifu-*, L50, M|\n|poke|p1|Sylveon, L50, F|\n|poke|p2|Rillaboom, L50, M|\n|poke|p2|Quaquaval, L50, F|\n|poke|p2|Ceruledge, L50, F|\n|poke|p2|Weavile, L50, M|\n|poke|p2|Weezing-Galar, L50, M|\n|poke|p2|Thundurus-Therian, L50, M|\n|teampreview|4\n|inactive|Battle timer is ON: inactive players will automatically lose when time's up. (requested by pelipperislandxoo)\n|\n|t:|1700111727\n|start\n|switch|p1a: Ceruledge|Ceruledge, L50, M|100\/100\n|switch|p1b: Rillaboom|Rillaboom, L50, M|100\/100\n|switch|p2a: Chien-Pao?|Weavile, L50, M, shiny|100\/100\n|switch|p2b: Fezandipiti?|Weezing-Galar, L50, M, shiny|100\/100\n|-ability|p2b: Fezandipiti?|Neutralizing Gas\n|turn|1\n|inactive|Shadow Ballers has 30 seconds left.\n|\n|t:|1700111756\n|-terastallize|p2a: Chien-Pao?|Ghost\n|move|p1b: Rillaboom|Fake Out|p2a: Chien-Pao?\n|-immune|p2a: Chien-Pao?\n|move|p2a: Chien-Pao?|Knock Off|p1a: Ceruledge\n|-supereffective|p1a: Ceruledge\n|-damage|p1a: Ceruledge|0 fnt\n|-enditem|p1a: Ceruledge|Clear Amulet|[from] move: Knock Off|[of] p2a: Chien-Pao?\n|faint|p1a: Ceruledge\n|move|p2b: Fezandipiti?|Play Rough|p1b: Rillaboom\n|-damage|p1b: Rillaboom|59\/100\n|\n|upkeep\n|\n|t:|1700111772\n|switch|p1a: Urshifu|Urshifu, L50, M|100\/100\n|turn|2\n|\n|t:|1700111784\n|move|p1a: Urshifu|Sucker Punch|p2a: Chien-Pao?\n|-supereffective|p2a: Chien-Pao?\n|-damage|p2a: Chien-Pao?|0 fnt\n|faint|p2a: Chien-Pao?\n|move|p1b: Rillaboom|Knock Off|p2b: Fezandipiti?\n|-resisted|p2b: Fezandipiti?\n|-damage|p2b: Fezandipiti?|85\/100\n|-enditem|p2b: Fezandipiti?|Covert Cloak|[from] move: Knock Off|[of] p1b: Rillaboom\n|move|p2b: Fezandipiti?|Play Rough|p1a: Urshifu\n|-supereffective|p1a: Urshifu\n|-enditem|p1a: Urshifu|Focus Sash\n|-damage|p1a: Urshifu|1\/100\n|\n|upkeep\n|inactive|Shadow Ballers has 30 seconds left.\n|\n|t:|1700111815\n|switch|p2a: Typhlosion-Hisui?|Ceruledge, L50, F, shiny|100\/100\n|turn|3\n|\n|t:|1700111834\n|move|p2a: Typhlosion-Hisui?|Protect|p2a: Typhlosion-Hisui?\n|-singleturn|p2a: Typhlosion-Hisui?|Protect\n|move|p1a: Urshifu|Wicked Blow|p2a: Typhlosion-Hisui?\n|-activate|p2a: Typhlosion-Hisui?|move: Protect\n|move|p1b: Rillaboom|High Horsepower|p2b: Fezandipiti?\n|-supereffective|p2b: Fezandipiti?\n|-damage|p2b: Fezandipiti?|23\/100\n|move|p2b: Fezandipiti?|Gyro Ball|p1a: Urshifu\n|-damage|p1a: Urshifu|0 fnt\n|faint|p1a: Urshifu\n|\n|upkeep\n|\n|t:|1700111846\n|switch|p1a: Clodsire|Clodsire, L50, F, shiny|100\/100\n|turn|4\n|\n|t:|1700111862\n|-end|p2b: Fezandipiti?|ability: Neutralizing Gas\n|-fieldstart|move: Grassy Terrain|[from] ability: Grassy Surge|[of] p1b: Rillaboom\n|switch|p2b: Urshifu?|Quaquaval, L50, F, shiny|100\/100\n|-terastallize|p1b: Rillaboom|Water\n|move|p1b: Rillaboom|High Horsepower|p2b: Urshifu?\n|-damage|p2b: Urshifu?|52\/100\n|move|p2a: Typhlosion-Hisui?|Bitter Blade|p1b: Rillaboom\n|-resisted|p1b: Rillaboom\n|-damage|p1b: Rillaboom|36\/100\n|move|p1a: Clodsire|Yawn|p2a: Typhlosion-Hisui?\n|-start|p2a: Typhlosion-Hisui?|move: Yawn|[of] p1a: Clodsire\n|\n|-heal|p2b: Urshifu?|59\/100|[from] Grassy Terrain\n|-heal|p1b: Rillaboom|42\/100|[from] Grassy Terrain\n|upkeep\n|turn|5\n|inactive|pelipperislandxoo has 30 seconds left.\n|inactive|Shadow Ballers has 30 seconds left.\n|\n|t:|1700111895\n|switch|p2a: Fezandipiti?|Weezing-Galar, L50, M, shiny|23\/100\n|-ability|p2a: Fezandipiti?|Neutralizing Gas\n|move|p1b: Rillaboom|Grassy Glide|p2b: Urshifu?\n|-supereffective|p2b: Urshifu?\n|-damage|p2b: Urshifu?|0 fnt\n|faint|p2b: Urshifu?\n|move|p1a: Clodsire|Stomping Tantrum|p2a: Fezandipiti?\n|-supereffective|p2a: Fezandipiti?\n|-damage|p2a: Fezandipiti?|0 fnt\n|faint|p2a: Fezandipiti?\n|-end|p2a: Fezandipiti?|ability: Neutralizing Gas\n|\n|-heal|p1b: Rillaboom|48\/100|[from] Grassy Terrain\n|upkeep\n|\n|t:|1700111903\n|switch|p2a: Typhlosion-Hisui?|Ceruledge, L50, F, shiny|100\/100\n|turn|6\n|c|\u2606Shadow Ballers|Gah I messed up\n|\n|t:|1700111917\n|move|p1b: Rillaboom|Knock Off|p2a: Typhlosion-Hisui?\n|-supereffective|p2a: Typhlosion-Hisui?\n|-damage|p2a: Typhlosion-Hisui?|26\/100\n|-enditem|p2a: Typhlosion-Hisui?|Ability Shield|[from] move: Knock Off|[of] p1b: Rillaboom\n|move|p2a: Typhlosion-Hisui?|Close Combat|p1b: Rillaboom\n|-damage|p1b: Rillaboom|2\/100\n|-unboost|p2a: Typhlosion-Hisui?|def|1\n|-unboost|p2a: Typhlosion-Hisui?|spd|1\n|move|p1a: Clodsire|Yawn|p2a: Typhlosion-Hisui?\n|-start|p2a: Typhlosion-Hisui?|move: Yawn|[of] p1a: Clodsire\n|\n|-heal|p1b: Rillaboom|8\/100|[from] Grassy Terrain\n|-heal|p2a: Typhlosion-Hisui?|32\/100|[from] Grassy Terrain\n|upkeep\n|turn|7\n|-message|Shadow Ballers forfeited.\n|\n|win|pelipperislandxoo\n|raw|pelipperislandxoo's rating: 1109 &rarr; <strong>1140<\/strong><br \/>(+31 for winning)\n|raw|Shadow Ballers's rating: 1195 &rarr; <strong>1164<\/strong><br \/>(-31 for losing)\n|l|\u2606Shadow Ballers\n","uploadtime":1700111934,"views":15,"p1id":"pelipperislandxoo","p2id":"shadowballers","formatid":"gen9vgc2023regulatione","rating":1140,"private":0,"password":""}