{"id":"gen9vgc2023regulatione-1990385920","p1":"kcazrou","p2":"DominikMysterioVGC","format":"[Gen 9] VGC 2023 Regulation E","log":"|j|\u2606kcazrou\n|j|\u2606DominikMysterioVGC\n|t:|1699965350\n|gametype|doubles\n|player|p1|kcazrou|emma|1580\n|player|p2|DominikMysterioVGC|rocketgrunt|1589\n|teamsize|p1|6\n|teamsize|p2|6\n|gen|9\n|tier|[Gen 9] VGC 2023 Regulation E\n|rated|\n|rule|Species Clause: Limit one of each Pok\u00e9mon\n|rule|Item Clause: Limit one of each item\n|clearpoke\n|poke|p1|Ursaluna, L50, F|\n|poke|p1|Enamorus-Therian, L50, F|\n|poke|p1|Oranguru, L50, F|\n|poke|p1|Iron Hands, L50|\n|poke|p1|Chi-Yu, L50|\n|poke|p1|Tornadus, L50, M|\n|poke|p2|Iron Hands, L50|\n|poke|p2|Landorus-Therian, L50, M|\n|poke|p2|Chi-Yu, L50|\n|poke|p2|Flutter Mane, L50|\n|poke|p2|Cresselia, L50, F|\n|poke|p2|Amoonguss, L50, F|\n|teampreview|4\n|inactive|Battle timer is ON: inactive players will automatically lose when time's up. (requested by DominikMysterioVGC)\nDominikMysterioVGC has agreed to open team sheets.\nkcazrou rejected open team sheets.\n|inactive|kcazrou has 60 seconds left.\n|inactive|DominikMysterioVGC has 60 seconds left.\n|\n|t:|1699965382\n|start\n|switch|p1a: Iron Hands|Iron Hands, L50|100\/100\n|switch|p1b: Oranguru|Oranguru, L50, F|100\/100\n|switch|p2a: Chi-Yu|Chi-Yu, L50|100\/100\n|switch|p2b: Iron Hands|Iron Hands, L50|100\/100\n|-ability|p2a: Chi-Yu|Beads of Ruin\n|turn|1\n|\n|t:|1699965397\n|-terastallize|p2a: Chi-Yu|Ghost\n|-terastallize|p1a: Iron Hands|Water\n|move|p1b: Oranguru|Protect|p1b: Oranguru\n|-singleturn|p1b: Oranguru|Protect\n|move|p2b: Iron Hands|Fake Out|p1a: Iron Hands\n|-damage|p1a: Iron Hands|91\/100\n|move|p2a: Chi-Yu|Dark Pulse|p1b: Oranguru\n|-activate|p1b: Oranguru|move: Protect\n|cant|p1a: Iron Hands|flinch\n|\n|upkeep\n|turn|2\n|inactive|kcazrou has 30 seconds left.\n|\n|t:|1699965424\n|switch|p1b: Enamorus|Enamorus-Therian, L50, F|100\/100\n|move|p2a: Chi-Yu|Dark Pulse|p1b: Enamorus\n|-resisted|p1b: Enamorus\n|-damage|p1b: Enamorus|60\/100\n|move|p2b: Iron Hands|Wild Charge|p1a: Iron Hands\n|-supereffective|p1a: Iron Hands\n|-damage|p1a: Iron Hands|19\/100\n|-damage|p2b: Iron Hands|81\/100|[from] Recoil\n|move|p1a: Iron Hands|Wild Charge|p2a: Chi-Yu\n|-damage|p2a: Chi-Yu|18\/100\n|-damage|p1a: Iron Hands|7\/100|[from] Recoil\n|\n|upkeep\n|turn|3\n|j| 7hurmos\n|l| 7hurmos\n|\n|t:|1699965444\n|move|p2a: Chi-Yu|Dark Pulse|p1a: Iron Hands\n|-damage|p1a: Iron Hands|0 fnt\n|faint|p1a: Iron Hands\n|-end|p1a: Iron Hands|Quark Drive|[silent]\n|move|p2b: Iron Hands|Heavy Slam|p1b: Enamorus\n|-supereffective|p1b: Enamorus\n|-damage|p1b: Enamorus|0 fnt\n|faint|p1b: Enamorus\n|\n|upkeep\n|\n|t:|1699965447\n|switch|p1a: Oranguru|Oranguru, L50, F|100\/100\n|switch|p1b: Ursaluna|Ursaluna, L50, F|100\/100\n|turn|4\n|inactive|kcazrou has 30 seconds left.\n|\n|t:|1699965475\n|move|p1b: Ursaluna|Protect|p1b: Ursaluna\n|-singleturn|p1b: Ursaluna|Protect\n|move|p2a: Chi-Yu|Dark Pulse|p1a: Oranguru\n|-supereffective|p1a: Oranguru\n|-damage|p1a: Oranguru|0 fnt\n|faint|p1a: Oranguru\n|move|p2b: Iron Hands|Drain Punch|p1b: Ursaluna\n|-activate|p1b: Ursaluna|move: Protect\n|\n|-status|p1b: Ursaluna|brn|[from] item: Flame Orb\n|upkeep\n|turn|5\n|\n|t:|1699965479\n|move|p2a: Chi-Yu|Dark Pulse|p1b: Ursaluna\n|-damage|p1b: Ursaluna|30\/100 brn\n|move|p2b: Iron Hands|Drain Punch|p1b: Ursaluna\n|-supereffective|p1b: Ursaluna\n|-damage|p1b: Ursaluna|0 fnt\n|-heal|p2b: Iron Hands|96\/100|[from] drain|[of] p1b: Ursaluna\n|faint|p1b: Ursaluna\n|\n|win|DominikMysterioVGC\n|raw|kcazrou's rating: 1580 &rarr; <strong>1561<\/strong><br \/>(-19 for losing)\n|raw|DominikMysterioVGC's rating: 1589 &rarr; <strong>1608<\/strong><br \/>(+19 for winning)\n|l|\u2606DominikMysterioVGC\n","uploadtime":1699965487,"views":21,"p1id":"kcazrou","p2id":"dominikmysteriovgc","formatid":"gen9vgc2023regulatione","rating":1561,"private":0,"password":""}