{"id":"gen9vgc2023regulatione-1991309020","p1":"BabyStella","p2":"SERENA2024","format":"[Gen 9] VGC 2023 Regulation E","log":"|j|\u2606BabyStella\n|j|\u2606SERENA2024\n|t:|1700066322\n|gametype|doubles\n|player|p1|BabyStella|nita|1449\n|player|p2|SERENA2024|hilda|1466\n|teamsize|p1|6\n|teamsize|p2|6\n|gen|9\n|tier|[Gen 9] VGC 2023 Regulation E\n|rated|\n|rule|Species Clause: Limit one of each Pok\u00e9mon\n|rule|Item Clause: Limit one of each item\n|clearpoke\n|poke|p1|Grimmsnarl, L50, M|\n|poke|p1|Sinistcha, L50|\n|poke|p1|Glimmora, L50, M|\n|poke|p1|Iron Treads, L50|\n|poke|p1|Sylveon, L50, F|\n|poke|p1|Hydreigon, L50, F|\n|poke|p2|Indeedee-F, L50, F|\n|poke|p2|Drifblim, L50, F|\n|poke|p2|Armarouge, L50, F|\n|poke|p2|Flutter Mane, L50|\n|poke|p2|Dondozo, L50, M|\n|poke|p2|Tatsugiri, L50, M|\n|teampreview|4\n|inactive|Battle timer is ON: inactive players will automatically lose when time's up. (requested by BabyStella)\n|\n|t:|1700066351\n|start\n|switch|p1a: Hydreigon|Hydreigon, L50, F|100\/100\n|switch|p1b: Glimmora|Glimmora, L50, M|100\/100\n|switch|p2a: Indeedee|Indeedee-F, L50, F|100\/100\n|switch|p2b: Drifblim|Drifblim, L50, F|100\/100\n|-fieldstart|move: Psychic Terrain|[from] ability: Psychic Surge|[of] p2a: Indeedee\n|-enditem|p2b: Drifblim|Psychic Seed\n|-boost|p2b: Drifblim|spd|1|[from] item: Psychic Seed\n|turn|1\n|inactive|BabyStella has 30 seconds left.\n|\n|t:|1700066386\n|move|p2b: Drifblim|Minimize|p2b: Drifblim\n|-boost|p2b: Drifblim|evasion|2\n|move|p1b: Glimmora|Power Gem|p2a: Indeedee\n|-damage|p2a: Indeedee|59\/100\n|move|p1a: Hydreigon|Dark Pulse|p2a: Indeedee\n|-supereffective|p2a: Indeedee\n|-damage|p2a: Indeedee|0 fnt\n|faint|p2a: Indeedee\n|\n|upkeep\n|\n|t:|1700066394\n|switch|p2a: Tatsugiri|Tatsugiri, L50, M, shiny|100\/100\n|turn|2\n|\n|t:|1700066401\n|move|p2b: Drifblim|Minimize|p2b: Drifblim\n|-boost|p2b: Drifblim|evasion|2\n|move|p1b: Glimmora|Power Gem|p2b: Drifblim\n|-supereffective|p2b: Drifblim\n|-damage|p2b: Drifblim|40\/100\n|move|p1a: Hydreigon|Dark Pulse|p2b: Drifblim|[miss]\n|-miss|p1a: Hydreigon|p2b: Drifblim\n|move|p2a: Tatsugiri|Draco Meteor|p1a: Hydreigon\n|-supereffective|p1a: Hydreigon\n|-damage|p1a: Hydreigon|0 fnt\n|-unboost|p2a: Tatsugiri|spa|2\n|faint|p1a: Hydreigon\n|\n|upkeep\n|\n|t:|1700066413\n|switch|p1a: Sylveon|Sylveon, L50, F, shiny|100\/100\n|turn|3\n|inactive|BabyStella has 30 seconds left.\n|inactive|BabyStella has 20 seconds left.\n|\n|t:|1700066453\n|move|p2b: Drifblim|Minimize|p2b: Drifblim\n|-boost|p2b: Drifblim|evasion|2\n|move|p1b: Glimmora|Power Gem|p2b: Drifblim|[miss]\n|-miss|p1b: Glimmora|p2b: Drifblim\n|move|p2a: Tatsugiri|Taunt|p1b: Glimmora\n|-start|p1b: Glimmora|move: Taunt\n|move|p1a: Sylveon|Yawn|p2b: Drifblim\n|-start|p2b: Drifblim|move: Yawn|[of] p1a: Sylveon\n|\n|upkeep\n|turn|4\n|\n|t:|1700066468\n|move|p2a: Tatsugiri|Protect|p2a: Tatsugiri\n|-singleturn|p2a: Tatsugiri|Protect\n|move|p2b: Drifblim|Baton Pass|p2b: Drifblim\n|\n|t:|1700066472\n|switch|p2b: Dondozo|Dondozo, L50, M|100\/100|[from] Baton Pass\n|-activate|p2a: Tatsugiri|ability: Commander|[of] p2b: Dondozo\n|-boost|p2b: Dondozo|atk|2\n|-boost|p2b: Dondozo|spa|2\n|-boost|p2b: Dondozo|spe|2\n|-boost|p2b: Dondozo|def|2\n|-boost|p2b: Dondozo|spd|2\n|move|p1b: Glimmora|Power Gem|p2b: Dondozo|[miss]\n|-miss|p1b: Glimmora|p2b: Dondozo\n|move|p1a: Sylveon|Yawn|p2b: Dondozo\n|-start|p2b: Dondozo|move: Yawn|[of] p1a: Sylveon\n|\n|upkeep\n|turn|5\n|\n|t:|1700066494\n|-terastallize|p1b: Glimmora|Grass\n|-terastallize|p2b: Dondozo|Poison\n|move|p1a: Sylveon|Protect|p1a: Sylveon\n|-singleturn|p1a: Sylveon|Protect\n|move|p1b: Glimmora|Energy Ball|p2b: Dondozo|[miss]\n|-miss|p1b: Glimmora|p2b: Dondozo\n|move|p2b: Dondozo|Substitute|p2b: Dondozo\n|-start|p2b: Dondozo|Substitute\n|-damage|p2b: Dondozo|75\/100\n|\n|-heal|p2b: Dondozo|82\/100|[from] item: Leftovers\n|-end|p2b: Dondozo|move: Yawn|[silent]\n|-status|p2b: Dondozo|slp\n|-fieldend|move: Psychic Terrain\n|upkeep\n|turn|6\n|\n|t:|1700066510\n|move|p1b: Glimmora|Earth Power|p2b: Dondozo|[miss]\n|-miss|p1b: Glimmora|p2b: Dondozo\n|cant|p2b: Dondozo|slp\n|move|p1a: Sylveon|Hyper Voice|p2b: Dondozo|[spread] \n|-miss|p1a: Sylveon|p2a: Tatsugiri\n|-miss|p1a: Sylveon|p2b: Dondozo\n|\n|-heal|p2b: Dondozo|88\/100 slp|[from] item: Leftovers\n|-end|p1b: Glimmora|move: Taunt\n|upkeep\n|turn|7\n|\n|t:|1700066521\n|move|p1b: Glimmora|Earth Power|p2b: Dondozo\n|-supereffective|p2b: Dondozo\n|-activate|p2b: Dondozo|move: Substitute|[damage]\n|-curestatus|p2b: Dondozo|slp|[msg]\n|move|p2b: Dondozo|Order Up|p1b: Glimmora\n|-damage|p1b: Glimmora|56\/100\n|-activate|p1b: Glimmora|ability: Toxic Debris\n|-sidestart|p2: SERENA2024|move: Toxic Spikes\n|-boost|p2b: Dondozo|atk|1\n|move|p1a: Sylveon|Hyper Voice|p2b: Dondozo|[spread] p2b\n|-miss|p1a: Sylveon|p2a: Tatsugiri\n|-resisted|p2b: Dondozo\n|-damage|p2b: Dondozo|84\/100\n|-enditem|p1a: Sylveon|Throat Spray\n|-boost|p1a: Sylveon|spa|1|[from] item: Throat Spray\n|\n|-heal|p2b: Dondozo|90\/100|[from] item: Leftovers\n|upkeep\n|turn|8\n|inactive|BabyStella has 30 seconds left.\n|inactive|BabyStella has 20 seconds left.\n|c|\u2606BabyStella|What an insipid soul sucking way of playing the game\n|inactive|BabyStella has 15 seconds left.\n|\n|t:|1700066563\n|move|p1b: Glimmora|Earth Power|p2b: Dondozo\n|-supereffective|p2b: Dondozo\n|-end|p2b: Dondozo|Substitute\n|move|p2b: Dondozo|Order Up|p1b: Glimmora\n|-damage|p1b: Glimmora|0 fnt\n|-activate|p1b: Glimmora|ability: Toxic Debris\n|-sidestart|p2: SERENA2024|move: Toxic Spikes\n|faint|p1b: Glimmora\n|-boost|p2b: Dondozo|atk|1\n|move|p1a: Sylveon|Tera Blast|p2b: Dondozo|[miss]\n|-miss|p1a: Sylveon|p2b: Dondozo\n|\n|-heal|p2b: Dondozo|96\/100|[from] item: Leftovers\n|upkeep\n|\n|t:|1700066566\n|switch|p1b: Sinistcha|Sinistcha, L50|100\/100\n|turn|9\n|\n|t:|1700066583\n|move|p2b: Dondozo|Substitute|p2b: Dondozo\n|-start|p2b: Dondozo|Substitute\n|-damage|p2b: Dondozo|71\/100\n|move|p1b: Sinistcha|Matcha Gotcha|p2b: Dondozo|[spread] \n|-miss|p1b: Sinistcha|p2a: Tatsugiri\n|-miss|p1b: Sinistcha|p2b: Dondozo\n|move|p1a: Sylveon|Tera Blast|p2b: Dondozo|[miss]\n|-miss|p1a: Sylveon|p2b: Dondozo\n|\n|-heal|p2b: Dondozo|78\/100|[from] item: Leftovers\n|upkeep\n|turn|10\n|\n|t:|1700066590\n|move|p2b: Dondozo|Protect|p2b: Dondozo\n|-singleturn|p2b: Dondozo|Protect\n|move|p1b: Sinistcha|Matcha Gotcha|p2b: Dondozo|[spread] \n|-miss|p1b: Sinistcha|p2a: Tatsugiri\n|-activate|p2b: Dondozo|move: Protect\n|move|p1a: Sylveon|Tera Blast|p2b: Dondozo\n|-activate|p2b: Dondozo|move: Protect\n|\n|-heal|p2b: Dondozo|84\/100|[from] item: Leftovers\n|upkeep\n|turn|11\n|c|\u2606BabyStella|gg I guess...\n|j| Playsterco\n|-message|BabyStella forfeited.\n|\n|win|SERENA2024\n|raw|BabyStella's rating: 1449 &rarr; <strong>1430<\/strong><br \/>(-19 for losing)\n|raw|SERENA2024's rating: 1466 &rarr; <strong>1485<\/strong><br \/>(+19 for winning)\n|l|\u2606SERENA2024\n|l|\u2606BabyStella\n","uploadtime":1700066666,"views":44,"p1id":"babystella","p2id":"serena2024","formatid":"gen9vgc2023regulatione","rating":1430,"private":0,"password":""}