{"id":"gen9vgc2023regulatione-1992487452","p1":"Bad0ws","p2":"Hdjddj","format":"[Gen 9] VGC 2023 Regulation E","log":"|j|\u2606Bad0ws\n|j|\u2606Hdjddj\n|t:|1700193792\n|gametype|doubles\n|player|p1|Bad0ws|artist-gen4|1074\n|player|p2|Hdjddj|102|1000\n|teamsize|p1|6\n|teamsize|p2|6\n|gen|9\n|tier|[Gen 9] VGC 2023 Regulation E\n|rated|\n|rule|Species Clause: Limit one of each Pok\u00e9mon\n|rule|Item Clause: Limit one of each item\n|clearpoke\n|poke|p1|Indeedee-F, L50, F|\n|poke|p1|Armarouge, L50, M|\n|poke|p1|Torkoal, L50, M|\n|poke|p1|Amoonguss, L50, M|\n|poke|p1|Urshifu-*, L50, M|\n|poke|p1|Iron Hands, L50|\n|poke|p2|Gholdengo, L50|\n|poke|p2|Amoonguss, L50, F|\n|poke|p2|Regidrago, L50|\n|poke|p2|Dusclops, L50, F|\n|poke|p2|Ursaluna-Bloodmoon, L50, M|\n|poke|p2|Iron Hands, L50|\n|teampreview|4\n|\n|t:|1700193831\n|start\n|switch|p1a: Amoonguss|Amoonguss, L50, M|100\/100\n|switch|p1b: Urshifu|Urshifu-Rapid-Strike, L50, M|100\/100\n|switch|p2a: Ro|Dusclops, L50, F|100\/100\n|switch|p2b: Tm|Amoonguss, L50, F|100\/100\n|-item|p1a: Amoonguss|Sitrus Berry|[from] ability: Frisk|[of] p2a: Ro|[identify]\n|-item|p1b: Urshifu|Choice Scarf|[from] ability: Frisk|[of] p2a: Ro|[identify]\n|turn|1\n|\n|t:|1700193857\n|move|p1a: Amoonguss|Rage Powder|p1a: Amoonguss\n|-singleturn|p1a: Amoonguss|move: Rage Powder\n|move|p1b: Urshifu|Surging Strikes|p2a: Ro\n|-crit|p2a: Ro\n|-damage|p2a: Ro|84\/100\n|-crit|p2a: Ro\n|-damage|p2a: Ro|68\/100\n|-crit|p2a: Ro\n|-damage|p2a: Ro|50\/100\n|-hitcount|p2a: Ro|3\n|move|p2b: Tm|Spore|p1b: Urshifu\n|-status|p1b: Urshifu|slp|[from] move: Spore\n|move|p2a: Ro|Trick Room|p2a: Ro\n|-fieldstart|move: Trick Room|[of] p2a: Ro\n|\n|upkeep\n|turn|2\n|\n|t:|1700193884\n|switch|p2b: Ha|Ursaluna-Bloodmoon, L50, M|100\/100\n|move|p2a: Ro|Pain Split|p1b: Urshifu\n|-sethp|p1b: Urshifu|66\/100 slp|[from] move: Pain Split|[silent]\n|-sethp|p2a: Ro|100\/100|[from] move: Pain Split\n|move|p1a: Amoonguss|Spore|p2a: Ro\n|-status|p2a: Ro|slp|[from] move: Spore\n|cant|p1b: Urshifu|slp\n|\n|upkeep\n|turn|3\n|\n|t:|1700193902\n|cant|p2a: Ro|slp\n|move|p1a: Amoonguss|Spore|p2b: Ha\n|-status|p2b: Ha|slp|[from] move: Spore\n|-enditem|p2b: Ha|Lum Berry|[eat]\n|-curestatus|p2b: Ha|slp|[msg]\n|move|p2b: Ha|Hyper Voice|p1b: Urshifu|[spread] p1a,p1b\n|-damage|p1a: Amoonguss|64\/100\n|-damage|p1b: Urshifu|3\/100 slp\n|cant|p1b: Urshifu|slp\n|\n|upkeep\n|turn|4\n|inactive|Battle timer is ON: inactive players will automatically lose when time's up. (requested by Hdjddj)\n|\n|t:|1700193928\n|-terastallize|p2b: Ha|Normal\n|-curestatus|p2a: Ro|slp|[msg]\n|move|p2a: Ro|Helping Hand|p2b: Ha\n|-singleturn|p2b: Ha|Helping Hand|[of] p2a: Ro\n|move|p1a: Amoonguss|Spore|p2b: Ha\n|-status|p2b: Ha|slp|[from] move: Spore\n|cant|p2b: Ha|slp\n|-curestatus|p1b: Urshifu|slp|[msg]\n|move|p1b: Urshifu|Surging Strikes|p2b: Ha\n|-crit|p2b: Ha\n|-damage|p2b: Ha|86\/100 slp\n|-crit|p2b: Ha\n|-damage|p2b: Ha|71\/100 slp\n|-crit|p2b: Ha\n|-damage|p2b: Ha|56\/100 slp\n|-hitcount|p2b: Ha|3\n|\n|upkeep\n|turn|5\n|inactive|Bad0ws has 30 seconds left.\n|\n|t:|1700193954\n|switch|p2a: Ca|Iron Hands, L50|100\/100\n|-enditem|p2a: Ca|Booster Energy\n|-activate|p2a: Ca|ability: Quark Drive|[fromitem]\n|-start|p2a: Ca|quarkdriveatk\n|switch|p1b: Indeedee|Indeedee-F, L50, F|100\/100\n|-fieldstart|move: Psychic Terrain|[from] ability: Psychic Surge|[of] p1b: Indeedee\n|-enditem|p1b: Indeedee|Psychic Seed\n|-boost|p1b: Indeedee|spd|1|[from] item: Psychic Seed\n|cant|p2b: Ha|slp\n|move|p1a: Amoonguss|Spore|p2a: Ca\n|-status|p2a: Ca|slp|[from] move: Spore\n|\n|-fieldend|move: Trick Room\n|upkeep\n|turn|6\n|inactive|Bad0ws has 30 seconds left.\n|inactive|Hdjddj has 30 seconds left.\n|inactive|Hdjddj has 20 seconds left.\n|inactive|Hdjddj has 15 seconds left.\n|inactive|Hdjddj has 10 seconds left.\n|inactive|Hdjddj has 5 seconds left.\n|\n|t:|1700194009\n|switch|p1a: Armarouge|Armarouge, L50, M|100\/100\n|move|p1b: Indeedee|Dazzling Gleam|p2b: Ha|[spread] p2a,p2b\n|-supereffective|p2a: Ca\n|-damage|p2a: Ca|72\/100 slp\n|-damage|p2b: Ha|38\/100 slp\n|-curestatus|p2b: Ha|slp|[msg]\n|move|p2b: Ha|Blood Moon|p1b: Indeedee\n|-damage|p1b: Indeedee|50\/100\n|cant|p2a: Ca|slp\n|\n|upkeep\n|turn|7\n|inactive|Bad0ws has 30 seconds left.\n|inactive|Hdjddj has 30 seconds left.\n|inactive|Hdjddj has 20 seconds left.\n|inactive|Hdjddj has 15 seconds left.\n|inactive|Hdjddj has 10 seconds left.\n|inactive|Hdjddj has 5 seconds left.\n|\n|t:|1700194064\n|-terastallize|p1a: Armarouge|Ghost\n|move|p2b: Ha|Protect|p2b: Ha\n|-singleturn|p2b: Ha|Protect\n|move|p1b: Indeedee|Follow Me|p1b: Indeedee\n|-singleturn|p1b: Indeedee|move: Follow Me\n|move|p1a: Armarouge|Heat Wave|p2b: Ha|[spread] p2a\n|-activate|p2b: Ha|move: Protect\n|-damage|p2a: Ca|16\/100 slp\n|-damage|p1a: Armarouge|91\/100|[from] item: Life Orb\n|cant|p2a: Ca|slp\n|\n|upkeep\n|turn|8\n|inactive|Hdjddj has 30 seconds left.\n|inactive|Hdjddj has 20 seconds left.\n|inactive|Hdjddj has 15 seconds left.\n|inactive|Hdjddj has 10 seconds left.\n|inactive|Hdjddj has 5 seconds left.\n|\n|t:|1700194119\n|move|p1b: Indeedee|Follow Me|p1b: Indeedee\n|-singleturn|p1b: Indeedee|move: Follow Me\n|move|p1a: Armarouge|Heat Wave|p2b: Ha|[spread] p2a,p2b\n|-crit|p2a: Ca\n|-damage|p2a: Ca|0 fnt\n|-damage|p2b: Ha|0 fnt\n|faint|p2a: Ca\n|-end|p2a: Ca|Quark Drive|[silent]\n|faint|p2b: Ha\n|-damage|p1a: Armarouge|81\/100|[from] item: Life Orb\n|\n|upkeep\n|inactive|Hdjddj has 30 seconds left.\n|inactive|Hdjddj has 20 seconds left.\n|inactive|Hdjddj has 15 seconds left.\n|inactive|Hdjddj has 10 seconds left.\n|inactive|Hdjddj has 5 seconds left.\n|\n|t:|1700194174\n|switch|p2b: Ro|Dusclops, L50, F|100\/100\n|switch|p2a: Tm|Amoonguss, L50, F|100\/100\n|-item|p1a: Armarouge|Life Orb|[from] ability: Frisk|[of] p2b: Ro|[identify]\n|turn|9\n|inactive|Hdjddj has 30 seconds left.\n|inactive|Hdjddj has 20 seconds left.\n|inactive|Hdjddj has 15 seconds left.\n|inactive|Hdjddj has 10 seconds left.\n|inactive|Hdjddj has 5 seconds left.\n|\n|t:|1700194230\n|move|p2b: Ro|Helping Hand|p2a: Tm\n|-singleturn|p2a: Tm|Helping Hand|[of] p2b: Ro\n|move|p1b: Indeedee|Follow Me|p1b: Indeedee\n|-singleturn|p1b: Indeedee|move: Follow Me\n|move|p2a: Tm|Rage Powder|p2a: Tm\n|-singleturn|p2a: Tm|move: Rage Powder\n|move|p1a: Armarouge|Heat Wave|p2b: Ro|[spread] p2a,p2b\n|-supereffective|p2a: Tm\n|-damage|p2a: Tm|17\/100\n|-damage|p2b: Ro|67\/100\n|-status|p2a: Tm|brn\n|-damage|p1a: Armarouge|71\/100|[from] item: Life Orb\n|\n|-damage|p2a: Tm|11\/100 brn|[from] brn\n|-fieldend|move: Psychic Terrain\n|upkeep\n|turn|10\n|inactive|Bad0ws has 30 seconds left.\n|inactive|Hdjddj has 30 seconds left.\n|inactive|Hdjddj has 20 seconds left.\n|-message|Hdjddj forfeited.\n|\n|win|Bad0ws\n|raw|Bad0ws's rating: 1074 &rarr; <strong>1097<\/strong><br \/>(+23 for winning)\n|raw|Hdjddj's rating: 1000 &rarr; <strong>1000<\/strong><br \/>(+0 for losing)\n|l|\u2606Hdjddj\n","uploadtime":1700194270,"views":16,"p1id":"bad0ws","p2id":"hdjddj","formatid":"gen9vgc2023regulatione","rating":1000,"private":0,"password":""}