{"id":"gen9vgc2023regulatione-1998864951","p1":"Kiwigal","p2":"tetraz","format":"[Gen 9] VGC 2023 Regulation E","log":"|j|\u2606Kiwigal\n|j|\u2606tetraz\n|n|\u2606Kiwigal|kiwigal\n|n|\u2606tetraz|tetraz\n|html|View the match progress at <a href=\"\/game-bestof3-gen9vgc2023regulatione-1998862298\">game-bestof3-gen9vgc2023regulatione-1998862298<\/a>\n|t:|1701005379\n|gametype|doubles\n|player|p1|Kiwigal|carmine|\n|player|p2|tetraz|juan|\n|teamsize|p1|6\n|teamsize|p2|6\n|gen|9\n|tier|[Gen 9] VGC 2023 Regulation E\n|rated|Tournament battle\n|rule|Species Clause: Limit one of each Pok\u00e9mon\n|rule|Item Clause: Limit one of each item\n|clearpoke\n|poke|p1|Arcanine-Hisui, L50, F|\n|poke|p1|Iron Bundle, L50|\n|poke|p1|Urshifu-*, L50, M|\n|poke|p1|Amoonguss, L50, M|\n|poke|p1|Gholdengo, L50|\n|poke|p1|Iron Hands, L50|\n|poke|p2|Magnezone, L50|\n|poke|p2|Tornadus, L50, M|\n|poke|p2|Basculegion, L50, M|\n|poke|p2|Urshifu-*, L50, F|\n|poke|p2|Landorus-Therian, L50, M|\n|poke|p2|Arcanine-Hisui, L50, M|\n|teampreview|4\n|showteam|p1|Arcanine-Hisui||LifeOrb|Intimidate|FlareBlitz,RockSlide,ExtremeSpeed,Protect|||F|||50|,,,,,Fairy]Iron Bundle||BoosterEnergy|QuarkDrive|FreezeDry,IcyWind,HydroPump,Protect||||||50|,,,,,Poison]Urshifu-Rapid-Strike||MysticWater|UnseenFist|SurgingStrikes,AquaJet,IceSpinner,Protect|||M|||50|,,,,,Poison]Amoonguss||MentalHerb|Regenerator|Spore,RagePowder,PollenPuff,Protect|||M|||50|,,,,,Water]Gholdengo||Leftovers|GoodasGold|MakeItRain,ShadowBall,NastyPlot,Protect||||||50|,,,,,Dragon]Iron Hands||AssaultVest|QuarkDrive|FakeOut,WildCharge,DrainPunch,HeavySlam||||||50|,,,,,Water\n|showteam|p2|Magnezone||SitrusBerry|Analytic|Thunder,FlashCannon,Protect,RainDance||||||50|,,,,,Grass]Tornadus||CovertCloak|Prankster|Tailwind,Taunt,BleakwindStorm,RainDance|||M|||50|,,,,,Dark]Basculegion||LifeOrb|SwiftSwim|Protect,LastRespects,WaveCrash,AquaJet|||M|||50|,,,,,Fire]Urshifu-Rapid-Strike||MysticWater|UnseenFist|SurgingStrikes,Protect,AquaJet,CloseCombat|||F|||50|,,,,,Water]Landorus-Therian||ChoiceScarf|Intimidate|TeraBlast,StompingTantrum,Uturn,RockSlide|||M|||50|,,,,,Flying]Arcanine-Hisui||ChoiceBand|Intimidate|RockSlide,FlareBlitz,ExtremeSpeed,IronHead|||M|||50|,,,,,Rock\n|inactive|Battle timer is ON: inactive players will automatically lose when time's up. (requested by tetraz)\n|j| Topperlecat\n|j| Mr Yokai\n|j| tiaguitovgc\n|c|\u2606Kiwigal|gl hf g3\n|c|\u2606tetraz|u2\n|\n|t:|1701005400\n|start\n|switch|p1a: Arcanine|Arcanine-Hisui, L50, F|100\/100\n|switch|p1b: Amoonguss|Amoonguss, L50, M|100\/100\n|switch|p2a: Arcanine|Arcanine-Hisui, L50, M|100\/100\n|switch|p2b: Tornadus|Tornadus, L50, M|100\/100\n|-ability|p1a: Arcanine|Intimidate|boost\n|-unboost|p2a: Arcanine|atk|1\n|-unboost|p2b: Tornadus|atk|1\n|-ability|p2a: Arcanine|Intimidate|boost\n|-unboost|p1a: Arcanine|atk|1\n|-unboost|p1b: Amoonguss|atk|1\n|turn|1\n|l| Topperlecat\n|\n|t:|1701005417\n|-terastallize|p2a: Arcanine|Rock\n|-terastallize|p1b: Amoonguss|Water\n|move|p1a: Arcanine|Protect|p1a: Arcanine\n|-singleturn|p1a: Arcanine|Protect\n|move|p2b: Tornadus|Tailwind|p2b: Tornadus\n|-sidestart|p2: tetraz|move: Tailwind\n|move|p2a: Arcanine|Rock Slide|p1b: Amoonguss|[spread] p1b\n|-activate|p1a: Arcanine|move: Protect\n|-damage|p1b: Amoonguss|69\/100\n|move|p1b: Amoonguss|Spore|p2a: Arcanine\n|-status|p2a: Arcanine|slp|[from] move: Spore\n|\n|upkeep\n|turn|2\n|c|\u2606tetraz|iamgine flinch though\n|c|\u2606Kiwigal|true\n|c|\u2606tetraz|kinda dissapointing\n|j| Topperlecat\n|\n|t:|1701005442\n|move|p2b: Tornadus|Rain Dance|p2b: Tornadus\n|-weather|RainDance\n|cant|p2a: Arcanine|slp\n|move|p1a: Arcanine|Rock Slide|p2a: Arcanine|[spread] p2a,p2b\n|-supereffective|p2b: Tornadus\n|-damage|p2a: Arcanine|75\/100 slp\n|-damage|p2b: Tornadus|38\/100\n|-damage|p1a: Arcanine|91\/100|[from] item: Life Orb\n|move|p1b: Amoonguss|Pollen Puff|p1a: Arcanine\n|-heal|p1a: Arcanine|100\/100\n|\n|-weather|RainDance|[upkeep]\n|upkeep\n|turn|3\n|\n|t:|1701005465\n|move|p1a: Arcanine|Extreme Speed|p2b: Tornadus\n|-damage|p2b: Tornadus|5\/100\n|-damage|p1a: Arcanine|91\/100|[from] item: Life Orb\n|move|p2b: Tornadus|Bleakwind Storm|p1a: Arcanine|[spread] p1a,p1b\n|-resisted|p1a: Arcanine\n|-damage|p1a: Arcanine|71\/100\n|-damage|p1b: Amoonguss|42\/100\n|-curestatus|p2a: Arcanine|slp|[msg]\n|move|p2a: Arcanine|Rock Slide|p1b: Amoonguss|[spread] p1b\n|-miss|p2a: Arcanine|p1a: Arcanine\n|-damage|p1b: Amoonguss|7\/100\n|move|p1b: Amoonguss|Spore|p2a: Arcanine\n|-status|p2a: Arcanine|slp|[from] move: Spore\n|\n|-weather|RainDance|[upkeep]\n|upkeep\n|turn|4\n|\n|t:|1701005484\n|switch|p2b: Basculegion|Basculegion, L50, M|100\/100\n|move|p1a: Arcanine|Protect|p1a: Arcanine\n|-singleturn|p1a: Arcanine|Protect\n|move|p1b: Amoonguss|Protect|p1b: Amoonguss\n|-singleturn|p1b: Amoonguss|Protect\n|cant|p2a: Arcanine|slp\n|\n|-weather|RainDance|[upkeep]\n|-sideend|p2: tetraz|move: Tailwind\n|upkeep\n|turn|5\n|j| Jesuuuus\n|\n|t:|1701005505\n|switch|p1b: Urshifu|Urshifu-Rapid-Strike, L50, M|100\/100\n|move|p2b: Basculegion|Wave Crash|p1b: Urshifu\n|-resisted|p1b: Urshifu\n|-damage|p1b: Urshifu|44\/100\n|-damage|p2b: Basculegion|84\/100|[from] Recoil\n|-damage|p2b: Basculegion|74\/100|[from] item: Life Orb\n|move|p1a: Arcanine|Rock Slide|p2a: Arcanine|[spread] p2a,p2b\n|-damage|p2a: Arcanine|49\/100 slp\n|-damage|p2b: Basculegion|44\/100\n|-damage|p1a: Arcanine|61\/100|[from] item: Life Orb\n|-curestatus|p2a: Arcanine|slp|[msg]\n|cant|p2a: Arcanine|flinch\n|\n|-weather|RainDance|[upkeep]\n|upkeep\n|turn|6\n|c|\u2606Kiwigal|oof\n|inactive|Kiwigal has 30 seconds left.\n|c|\u2606tetraz|im lucky lucky this game\n|\n|t:|1701005535\n|switch|p2a: Tornadus|Tornadus, L50, M|5\/100\n|move|p2b: Basculegion|Aqua Jet|p1a: Arcanine\n|-supereffective|p1a: Arcanine\n|-damage|p1a: Arcanine|0 fnt\n|faint|p1a: Arcanine\n|-damage|p2b: Basculegion|34\/100|[from] item: Life Orb\n|move|p1b: Urshifu|Aqua Jet|p2a: Tornadus\n|-damage|p2a: Tornadus|0 fnt\n|faint|p2a: Tornadus\n|\n|-weather|none\n|upkeep\n|\n|t:|1701005547\n|switch|p2a: Arcanine|Arcanine-Hisui, L50, M, tera:Rock|49\/100\n|switch|p1a: Iron Bundle|Iron Bundle, L50|100\/100\n|-ability|p2a: Arcanine|Intimidate|boost\n|-unboost|p1a: Iron Bundle|atk|1\n|-unboost|p1b: Urshifu|atk|1\n|-enditem|p1a: Iron Bundle|Booster Energy\n|-activate|p1a: Iron Bundle|ability: Quark Drive|[fromitem]\n|-start|p1a: Iron Bundle|quarkdrivespe\n|turn|7\n|c|\u2606Kiwigal|didn't get to click ice spinner\n|c|\u2606tetraz|i know like 0 arcanine calcs since i just threw him on here so lets see\n|inactive|Kiwigal has 30 seconds left.\n|inactive|tetraz has 30 seconds left.\n|\n|t:|1701005576\n|move|p2a: Arcanine|Extreme Speed|p1b: Urshifu\n|-damage|p1b: Urshifu|4\/100\n|move|p1a: Iron Bundle|Freeze-Dry|p2b: Basculegion\n|-supereffective|p2b: Basculegion\n|-damage|p2b: Basculegion|0 fnt\n|faint|p2b: Basculegion\n|move|p1b: Urshifu|Surging Strikes|p2a: Arcanine\n|-supereffective|p2a: Arcanine\n|-crit|p2a: Arcanine\n|-damage|p2a: Arcanine|0 fnt\n|faint|p2a: Arcanine\n|-hitcount|p2: Arcanine|1\n|\n|upkeep\n|c|\u2606tetraz|WELP\n|c|\u2606Kiwigal|ggs\n|\n|t:|1701005585\n|switch|p2b: Magnezone|Magnezone, L50|100\/100\n|turn|8\n|\n|t:|1701005595\n|move|p1a: Iron Bundle|Hydro Pump|p2b: Magnezone|[miss]\n|-miss|p1a: Iron Bundle|p2b: Magnezone\n|move|p1b: Urshifu|Surging Strikes|p2b: Magnezone\n|-crit|p2b: Magnezone\n|-damage|p2b: Magnezone|83\/100\n|-crit|p2b: Magnezone\n|-damage|p2b: Magnezone|64\/100\n|-crit|p2b: Magnezone\n|-damage|p2b: Magnezone|46\/100\n|-enditem|p2b: Magnezone|Sitrus Berry|[eat]\n|-heal|p2b: Magnezone|71\/100|[from] item: Sitrus Berry\n|-hitcount|p2b: Magnezone|3\n|move|p2b: Magnezone|Thunder|p1a: Iron Bundle|[miss]\n|-miss|p2b: Magnezone|p1a: Iron Bundle\n|\n|upkeep\n|turn|9\n|c|\u2606tetraz|gg\n|l| tiaguitovgc\n|j| pokeveteran04\n|\n|t:|1701005610\n|move|p1a: Iron Bundle|Hydro Pump|p2b: Magnezone|[miss]\n|-miss|p1a: Iron Bundle|p2b: Magnezone\n|move|p1b: Urshifu|Surging Strikes|p2b: Magnezone\n|-crit|p2b: Magnezone\n|-damage|p2b: Magnezone|53\/100\n|-crit|p2b: Magnezone\n|-damage|p2b: Magnezone|34\/100\n|-crit|p2b: Magnezone\n|-damage|p2b: Magnezone|15\/100\n|-hitcount|p2b: Magnezone|3\n|move|p2b: Magnezone|Flash Cannon|p1b: Urshifu\n|-resisted|p1b: Urshifu\n|-damage|p1b: Urshifu|0 fnt\n|faint|p1b: Urshifu\n|\n|upkeep\n|c|\u2606tetraz|unless incredible luck happens even more\n|c|\u2606Kiwigal|kek\n|\n|t:|1701005622\n|switch|p1b: Amoonguss|Amoonguss, L50, M, tera:Water|40\/100\n|turn|10\n|c|\u2606tetraz|but i think 2 freeze dries should kill so lol\n|c|\u2606Kiwigal|yeh 2free drys should kill\n|c| Jesuuuus|click hydro\n|c| Jesuuuus|make it fun\n|c|\u2606tetraz|LMAO\n|c|\u2606Kiwigal|nah\n|inactive|Kiwigal has 30 seconds left.\n|c|\u2606tetraz|i mean i still have to hit 2 thunders\n|\n|t:|1701005649\n|move|p1b: Amoonguss|Rage Powder|p1b: Amoonguss\n|-singleturn|p1b: Amoonguss|move: Rage Powder\n|move|p1a: Iron Bundle|Freeze-Dry|p2b: Magnezone\n|-resisted|p2b: Magnezone\n|-damage|p2b: Magnezone|0 fnt\n|faint|p2b: Magnezone\n|\n|win|Kiwigal\n|c|\u2606tetraz|outside of rain\n|c|\u2606tetraz|gg\n|c|\u2606tetraz|1 kills already wow\n|l| Jesuuuus\n|l| Mr Yokai\n|c|\u2606Kiwigal|I just check the calc\n|c|\u2606tetraz|guess i need something for amoonguss\n|c|\u2606tetraz|the arcanine es?\n|c|\u2606tetraz|i needed something against amoonguss and though arcanine might work but didnt really\n|c|\u2606tetraz|do you have any suggestions\/\n|c|\u2606Kiwigal|hands maybe\n|l| pokeveteran04\n|c|\u2606tetraz|actually might work since i can fake out set up rain and then bleakwind\n|c|\u2606tetraz|will try that, ty. also grats\n|c|\u2606Kiwigal|np & thx\n|l|\u2606tetraz\n","uploadtime":1701005899,"views":38,"p1id":"kiwigal","p2id":"tetraz","formatid":"gen9vgc2023regulatione","rating":0,"private":0,"password":""}