{"id":"gen9vgc2023regulatione-1992272541","p1":"owlishness","p2":"Krjazkz","format":"[Gen 9] VGC 2023 Regulation E","log":"|j|\u2606owlishness\n|j|\u2606Krjazkz\n|t:|1700169725\n|gametype|doubles\n|player|p1|owlishness|pokemaniac|1031\n|player|p2|Krjazkz|lance|1137\n|teamsize|p1|6\n|teamsize|p2|6\n|gen|9\n|tier|[Gen 9] VGC 2023 Regulation E\n|rated|\n|rule|Species Clause: Limit one of each Pok\u00e9mon\n|rule|Item Clause: Limit one of each item\n|clearpoke\n|poke|p1|Volcarona, L50, F|\n|poke|p1|Sylveon, L50, M|\n|poke|p1|Maushold, L50|\n|poke|p1|Dragapult, L50, F|\n|poke|p1|Gholdengo, L50|\n|poke|p1|Clefairy, L50, M|\n|poke|p2|Flutter Mane, L50|\n|poke|p2|Tornadus, L50, M|\n|poke|p2|Rillaboom, L50, F|\n|poke|p2|Garganacl, L50, F|\n|poke|p2|Arcanine-Hisui, L50, F|\n|poke|p2|Chien-Pao, L50|\n|teampreview|4\n|\n|t:|1700169748\n|start\n|switch|p1a: Dragapult|Dragapult, L50, F|100\/100\n|switch|p1b: Clefairy|Clefairy, L50, M|100\/100\n|switch|p2a: Tornadus|Tornadus, L50, M|100\/100\n|switch|p2b: Garganacl|Garganacl, L50, F|100\/100\n|turn|1\n|\n|t:|1700169772\n|move|p1b: Clefairy|Protect|p1b: Clefairy\n|-singleturn|p1b: Clefairy|Protect\n|move|p2a: Tornadus|Taunt|p1b: Clefairy\n|-activate|p1b: Clefairy|move: Protect\n|move|p1a: Dragapult|U-turn|p2b: Garganacl\n|-damage|p2b: Garganacl|78\/100\n|-damage|p1a: Dragapult|91\/100|[from] item: Life Orb\n|\n|t:|1700169789\n|switch|p1a: Gholdengo|Gholdengo, L50|100\/100|[from] U-turn\n|move|p2b: Garganacl|Iron Defense|p2b: Garganacl\n|-boost|p2b: Garganacl|def|2\n|\n|upkeep\n|turn|2\n|\n|t:|1700169810\n|move|p2b: Garganacl|Protect|p2b: Garganacl\n|-singleturn|p2b: Garganacl|Protect\n|move|p1b: Clefairy|Follow Me|p1b: Clefairy\n|-singleturn|p1b: Clefairy|move: Follow Me\n|move|p2a: Tornadus|Taunt|p1b: Clefairy\n|-start|p1b: Clefairy|move: Taunt\n|move|p1a: Gholdengo|Trick|p2a: Tornadus\n|-activate|p1a: Gholdengo|move: Trick|[of] p2a: Tornadus\n|-item|p2a: Tornadus|Toxic Orb|[from] move: Trick\n|-item|p1a: Gholdengo|Rocky Helmet|[from] move: Trick\n|\n|-status|p2a: Tornadus|tox|[from] item: Toxic Orb\n|upkeep\n|turn|3\n|\n|t:|1700169832\n|switch|p1b: Maushold|Maushold, L50|100\/100\n|-terastallize|p2b: Garganacl|Ghost\n|move|p1a: Gholdengo|Shadow Ball|p2b: Garganacl\n|-supereffective|p2b: Garganacl\n|-damage|p2b: Garganacl|48\/100\n|-enditem|p2b: Garganacl|Sitrus Berry|[eat]\n|-heal|p2b: Garganacl|72\/100|[from] item: Sitrus Berry\n|move|p2a: Tornadus|Bleakwind Storm|p1a: Gholdengo|[spread] p1a\n|-miss|p2a: Tornadus|p1b: Maushold\n|-resisted|p1a: Gholdengo\n|-damage|p1a: Gholdengo|83\/100\n|move|p2b: Garganacl|Salt Cure|p1a: Gholdengo\n|-resisted|p1a: Gholdengo\n|-damage|p1a: Gholdengo|75\/100\n|-start|p1a: Gholdengo|Salt Cure\n|\n|-damage|p2a: Tornadus|95\/100 tox|[from] psn\n|-damage|p1a: Gholdengo|50\/100|[from] Salt Cure\n|upkeep\n|turn|4\n|\n|t:|1700169868\n|move|p1a: Gholdengo|Make It Rain|p2a: Tornadus|[spread] p2a,p2b\n|-damage|p2a: Tornadus|59\/100 tox\n|-damage|p2b: Garganacl|42\/100\n|-unboost|p1a: Gholdengo|spa|1\n|move|p2a: Tornadus|Bleakwind Storm|p1a: Gholdengo|[spread] p1a,p1b\n|-resisted|p1a: Gholdengo\n|-damage|p1a: Gholdengo|31\/100\n|-damage|p1b: Maushold|61\/100\n|move|p1b: Maushold|Population Bomb|p2a: Tornadus\n|-damage|p2a: Tornadus|47\/100 tox\n|-damage|p2a: Tornadus|35\/100 tox\n|-damage|p2a: Tornadus|26\/100 tox\n|-damage|p2a: Tornadus|14\/100 tox\n|-crit|p2a: Tornadus\n|-damage|p2a: Tornadus|0 fnt\n|faint|p2a: Tornadus\n|-hitcount|p2: Tornadus|5\n|move|p2b: Garganacl|Salt Cure|p1b: Maushold\n|-damage|p1b: Maushold|49\/100\n|-start|p1b: Maushold|Salt Cure\n|\n|-damage|p1a: Gholdengo|6\/100|[from] Salt Cure\n|-damage|p1b: Maushold|36\/100|[from] Salt Cure\n|upkeep\n|\n|t:|1700169884\n|switch|p2a: Rillaboom|Rillaboom, L50, F|100\/100\n|-fieldstart|move: Grassy Terrain|[from] ability: Grassy Surge|[of] p2a: Rillaboom\n|turn|5\n|\n|t:|1700169904\n|move|p2a: Rillaboom|Grassy Glide|p1b: Maushold\n|-damage|p1b: Maushold|3\/100\n|move|p1a: Gholdengo|Shadow Ball|p2b: Garganacl\n|-supereffective|p2b: Garganacl\n|-damage|p2b: Garganacl|20\/100\n|-unboost|p2b: Garganacl|spd|1\n|move|p1b: Maushold|Population Bomb|p2a: Rillaboom\n|-damage|p2a: Rillaboom|93\/100\n|-damage|p2a: Rillaboom|85\/100\n|-damage|p2a: Rillaboom|77\/100\n|-damage|p2a: Rillaboom|68\/100\n|-hitcount|p2a: Rillaboom|4\n|move|p2b: Garganacl|Recover|p2b: Garganacl\n|-heal|p2b: Garganacl|71\/100\n|\n|-heal|p1a: Gholdengo|12\/100|[from] Grassy Terrain\n|-heal|p1b: Maushold|9\/100|[from] Grassy Terrain\n|-heal|p2a: Rillaboom|74\/100|[from] Grassy Terrain\n|-heal|p2b: Garganacl|76\/100|[from] Grassy Terrain\n|-damage|p1a: Gholdengo|0 fnt|[from] Salt Cure\n|faint|p1a: Gholdengo\n|-damage|p1b: Maushold|0 fnt|[from] Salt Cure\n|faint|p1b: Maushold\n|upkeep\n|\n|t:|1700169930\n|switch|p1a: Dragapult|Dragapult, L50, F|91\/100\n|switch|p1b: Clefairy|Clefairy, L50, M|100\/100\n|turn|6\n|\n|t:|1700169956\n|-terastallize|p1a: Dragapult|Dragon\n|move|p1b: Clefairy|Protect|p1b: Clefairy\n|-singleturn|p1b: Clefairy|Protect\n|move|p1a: Dragapult|Dragon Darts|p2b: Garganacl\n|-damage|p2b: Garganacl|60\/100\n|-anim|p1a: Dragapult|Dragon Darts|p2a: Rillaboom\n|-damage|p2a: Rillaboom|31\/100\n|-damage|p1a: Dragapult|81\/100|[from] item: Life Orb\n|move|p2a: Rillaboom|Wood Hammer|p1a: Dragapult\n|-resisted|p1a: Dragapult\n|-damage|p1a: Dragapult|20\/100\n|-damage|p2a: Rillaboom|15\/100|[from] Recoil\n|move|p2b: Garganacl|Iron Defense|p2b: Garganacl\n|-boost|p2b: Garganacl|def|2\n|\n|-heal|p1a: Dragapult|26\/100|[from] Grassy Terrain\n|-heal|p2a: Rillaboom|21\/100|[from] Grassy Terrain\n|-heal|p2b: Garganacl|66\/100|[from] Grassy Terrain\n|upkeep\n|turn|7\n|\n|t:|1700169983\n|move|p1b: Clefairy|Follow Me|p1b: Clefairy\n|-singleturn|p1b: Clefairy|move: Follow Me\n|move|p1a: Dragapult|Shadow Ball|p2b: Garganacl\n|-supereffective|p2b: Garganacl\n|-damage|p2b: Garganacl|32\/100\n|-damage|p1a: Dragapult|16\/100|[from] item: Life Orb\n|move|p2a: Rillaboom|Wood Hammer|p1b: Clefairy\n|-damage|p1b: Clefairy|14\/100\n|-damage|p2a: Rillaboom|0 fnt|[from] Recoil\n|faint|p2a: Rillaboom\n|move|p2b: Garganacl|Salt Cure|p1b: Clefairy\n|-damage|p1b: Clefairy|0 fnt\n|faint|p1b: Clefairy\n|\n|-heal|p1a: Dragapult|23\/100|[from] Grassy Terrain\n|-heal|p2b: Garganacl|38\/100|[from] Grassy Terrain\n|upkeep\n|\n|t:|1700169989\n|switch|p2a: Arcanine|Arcanine-Hisui, L50, F|100\/100\n|-ability|p2a: Arcanine|Intimidate|boost\n|-fail|p1a: Dragapult|unboost|[from] ability: Clear Body|[of] p1a: Dragapult\n|turn|8\n|\n|t:|1700170007\n|move|p2a: Arcanine|Extreme Speed|p1a: Dragapult\n|-damage|p1a: Dragapult|0 fnt\n|faint|p1a: Dragapult\n|\n|win|Krjazkz\n|raw|owlishness's rating: 1031 &rarr; <strong>1020<\/strong><br \/>(-11 for losing)\n|raw|Krjazkz's rating: 1117 &rarr; <strong>1136<\/strong><br \/>(+19 for winning)\n|l|\u2606owlishness\n","uploadtime":1700170014,"views":15,"p1id":"owlishness","p2id":"krjazkz","formatid":"gen9vgc2023regulatione","rating":1020,"private":0,"password":""}