{"id":"gen9vgc2023regulatione-1991583498","p1":"dman12352","p2":"Moxiemencefan21","format":"[Gen 9] VGC 2023 Regulation E","log":"|j|\u2606dman12352\n|j|\u2606Moxiemencefan21\n|t:|1700090927\n|gametype|doubles\n|player|p1|dman12352|crasherwake|1382\n|player|p2|Moxiemencefan21|101|1456\n|teamsize|p1|6\n|teamsize|p2|6\n|gen|9\n|tier|[Gen 9] VGC 2023 Regulation E\n|rated|\n|rule|Species Clause: Limit one of each Pok\u00e9mon\n|rule|Item Clause: Limit one of each item\n|clearpoke\n|poke|p1|Ogerpon-Wellspring, L50, F|\n|poke|p1|Landorus-Therian, L50, M|\n|poke|p1|Kingambit, L50, M|\n|poke|p1|Heatran, L50, M|\n|poke|p1|Kommo-o, L50, M|\n|poke|p1|Sinistcha-Masterpiece, L50|\n|poke|p2|Urshifu-*, L50, M|\n|poke|p2|Iron Hands, L50|\n|poke|p2|Chi-Yu, L50|\n|poke|p2|Roaring Moon, L50|\n|poke|p2|Rillaboom, L50, F|\n|poke|p2|Flutter Mane, L50|\n|teampreview|4\n|inactive|Battle timer is ON: inactive players will automatically lose when time's up. (requested by dman12352)\ndman12352 has agreed to open team sheets.\n|inactive|Moxiemencefan21 has 60 seconds left.\n|\n|t:|1700090972\n|start\n|switch|p1a: Kommo-o|Kommo-o, L50, M|100\/100\n|switch|p1b: Landorus|Landorus-Therian, L50, M, shiny|100\/100\n|switch|p2a: Keanu Reeves|Flutter Mane, L50|100\/100\n|switch|p2b: Chi-Yu|Chi-Yu, L50|100\/100\n|-ability|p1b: Landorus|Intimidate|boost\n|-unboost|p2a: Keanu Reeves|atk|1\n|-unboost|p2b: Chi-Yu|atk|1\n|-ability|p2b: Chi-Yu|Beads of Ruin\n|turn|1\n|inactive|Moxiemencefan21 has 30 seconds left.\n|\n|t:|1700091006\n|switch|p1b: Heatran|Heatran, L50, M|100\/100\n|-terastallize|p2a: Keanu Reeves|Fairy\n|-terastallize|p1a: Kommo-o|Steel\n|move|p2a: Keanu Reeves|Dazzling Gleam|p1b: Heatran|[spread] p1a,p1b\n|-resisted|p1a: Kommo-o\n|-resisted|p1b: Heatran\n|-damage|p1a: Kommo-o|70\/100\n|-damage|p1b: Heatran|83\/100\n|move|p2b: Chi-Yu|Heat Wave|p1a: Kommo-o|[spread] p1a\n|-start|p1b: Heatran|ability: Flash Fire\n|-supereffective|p1a: Kommo-o\n|-damage|p1a: Kommo-o|0 fnt\n|faint|p1a: Kommo-o\n|\n|upkeep\n|\n|t:|1700091019\n|switch|p1a: Landorus|Landorus-Therian, L50, M, shiny|100\/100\n|-ability|p1a: Landorus|Intimidate|boost\n|-unboost|p2a: Keanu Reeves|atk|1\n|-unboost|p2b: Chi-Yu|atk|1\n|turn|2\n|\n|t:|1700091036\n|-end|p2a: Keanu Reeves|Protosynthesis|[silent]\n|switch|p2a: Iron Hands|Iron Hands, L50|100\/100\n|move|p2b: Chi-Yu|Protect|p2b: Chi-Yu\n|-singleturn|p2b: Chi-Yu|Protect\n|move|p1a: Landorus|Stomping Tantrum|p2b: Chi-Yu\n|-activate|p2b: Chi-Yu|move: Protect\n|move|p1b: Heatran|Flash Cannon|p2a: Iron Hands\n|-resisted|p2a: Iron Hands\n|-damage|p2a: Iron Hands|83\/100\n|-damage|p1b: Heatran|73\/100|[from] item: Life Orb\n|\n|upkeep\n|turn|3\n|\n|t:|1700091054\n|switch|p1a: Sinistcha|Sinistcha-Masterpiece, L50, shiny|100\/100\n|-heal|p1b: Heatran|98\/100|[from] ability: Hospitality|[of] p1a: Sinistcha\n|move|p2a: Iron Hands|Fake Out|p1a: Sinistcha\n|-immune|p1a: Sinistcha\n|move|p2b: Chi-Yu|Snarl|p1a: Sinistcha|[spread] p1a,p1b\n|-supereffective|p1a: Sinistcha\n|-crit|p1b: Heatran\n|-damage|p1a: Sinistcha|33\/100\n|-damage|p1b: Heatran|53\/100\n|-unboost|p1a: Sinistcha|spa|1\n|-unboost|p1b: Heatran|spa|1\n|move|p1b: Heatran|Heat Wave|p2b: Chi-Yu|[spread] p2a,p2b\n|-resisted|p2b: Chi-Yu\n|-damage|p2a: Iron Hands|52\/100\n|-damage|p2b: Chi-Yu|71\/100\n|-damage|p1b: Heatran|44\/100|[from] item: Life Orb\n|\n|upkeep\n|turn|4\n|inactive|Moxiemencefan21 has 30 seconds left.\n|\n|t:|1700091082\n|switch|p1a: Landorus|Landorus-Therian, L50, M, shiny|100\/100\n|-ability|p1a: Landorus|Intimidate|boost\n|-unboost|p2a: Iron Hands|atk|1\n|-unboost|p2b: Chi-Yu|atk|1\n|move|p2b: Chi-Yu|Snarl|p1a: Landorus|[spread] p1a,p1b\n|-damage|p1a: Landorus|61\/100\n|-damage|p1b: Heatran|14\/100\n|-unboost|p1a: Landorus|spa|1\n|-unboost|p1b: Heatran|spa|1\n|move|p1b: Heatran|Earth Power|p2b: Chi-Yu\n|-supereffective|p2b: Chi-Yu\n|-damage|p2b: Chi-Yu|26\/100\n|-damage|p1b: Heatran|4\/100|[from] item: Life Orb\n|move|p2a: Iron Hands|Heavy Slam|p1a: Landorus\n|-damage|p1a: Landorus|30\/100\n|\n|upkeep\n|turn|5\n|inactive|Moxiemencefan21 has 30 seconds left.\n|\n|t:|1700091110\n|-end|p1b: Heatran|ability: Flash Fire|[silent]\n|switch|p1b: Sinistcha|Sinistcha-Masterpiece, L50, shiny|33\/100\n|-heal|p1a: Landorus|55\/100|[from] ability: Hospitality|[of] p1b: Sinistcha\n|move|p1a: Landorus|Rock Slide|p2a: Iron Hands|[spread] p2b\n|-miss|p1a: Landorus|p2a: Iron Hands\n|-supereffective|p2b: Chi-Yu\n|-damage|p2b: Chi-Yu|0 fnt\n|faint|p2b: Chi-Yu\n|move|p2a: Iron Hands|Drain Punch|p1b: Sinistcha\n|-immune|p1b: Sinistcha\n|\n|upkeep\n|\n|t:|1700091123\n|switch|p2b: Keanu Reeves|Flutter Mane, L50, tera:Fairy|100\/100\n|turn|6\n|\n|t:|1700091138\n|-end|p2a: Iron Hands|Quark Drive|[silent]\n|switch|p2a: Sammy zayn|Rillaboom, L50, F|100\/100\n|-fieldstart|move: Grassy Terrain|[from] ability: Grassy Surge|[of] p2a: Sammy zayn\n|move|p1a: Landorus|Rock Slide|p2a: Sammy zayn|[spread] p2a,p2b\n|-damage|p2a: Sammy zayn|77\/100\n|-damage|p2b: Keanu Reeves|67\/100\n|cant|p2b: Keanu Reeves|flinch\n|move|p1b: Sinistcha|Strength Sap|p2a: Sammy zayn\n|-unboost|p2a: Sammy zayn|atk|1\n|-heal|p1b: Sinistcha|100\/100\n|\n|-heal|p2b: Keanu Reeves|73\/100|[from] Grassy Terrain\n|-heal|p2a: Sammy zayn|83\/100|[from] Grassy Terrain\n|upkeep\n|turn|7\n|inactive|Moxiemencefan21 has 30 seconds left.\n|inactive|Moxiemencefan21 has 20 seconds left.\n|\n|t:|1700091174\n|switch|p1a: Heatran|Heatran, L50, M|4\/100\n|move|p2b: Keanu Reeves|Dazzling Gleam|p1b: Sinistcha|[spread] p1a,p1b\n|-resisted|p1a: Heatran\n|-crit|p1b: Sinistcha\n|-damage|p1a: Heatran|0 fnt\n|-damage|p1b: Sinistcha|17\/100\n|faint|p1a: Heatran\n|move|p2a: Sammy zayn|Knock Off|p1b: Sinistcha\n|-supereffective|p1b: Sinistcha\n|-damage|p1b: Sinistcha|0 fnt\n|-damage|p2a: Sammy zayn|66\/100|[from] item: Rocky Helmet|[of] p1b: Sinistcha\n|-enditem|p1b: Sinistcha|Rocky Helmet|[from] move: Knock Off|[of] p2a: Sammy zayn\n|faint|p1b: Sinistcha\n|\n|-heal|p2b: Keanu Reeves|79\/100|[from] Grassy Terrain\n|-heal|p2a: Sammy zayn|72\/100|[from] Grassy Terrain\n|upkeep\n|c|\u2606dman12352|stop critting me plz\n|-message|dman12352 forfeited.\n|\n|win|Moxiemencefan21\n|raw|dman12352's rating: 1382 &rarr; <strong>1366<\/strong><br \/>(-16 for losing)\n|raw|Moxiemencefan21's rating: 1456 &rarr; <strong>1472<\/strong><br \/>(+16 for winning)\n|l|\u2606dman12352\n","uploadtime":1700091197,"views":20,"p1id":"dman12352","p2id":"moxiemencefan21","formatid":"gen9vgc2023regulatione","rating":1366,"private":0,"password":""}