{"id":"gen9vgc2023regulatione-1990414955","p1":"marscookie","p2":"Richard Draco","format":"[Gen 9] VGC 2023 Regulation E","log":"|j|\u2606marscookie\n|j|\u2606Richard Draco\n|t:|1699968606\n|gametype|doubles\n|player|p1|marscookie|1|1112\n|player|p2|Richard Draco|juggler|1140\n|teamsize|p1|6\n|teamsize|p2|6\n|gen|9\n|tier|[Gen 9] VGC 2023 Regulation E\n|rated|\n|rule|Species Clause: Limit one of each Pok\u00e9mon\n|rule|Item Clause: Limit one of each item\n|clearpoke\n|poke|p1|Iron Bundle, L50|\n|poke|p1|Landorus-Therian, L50, M|\n|poke|p1|Iron Hands, L50|\n|poke|p1|Ogerpon-Hearthflame, L50, F|\n|poke|p1|Weezing, L50, M|\n|poke|p1|Flutter Mane, L50|\n|poke|p2|Lycanroc, L50, M|\n|poke|p2|Tyranitar, L50, F|\n|poke|p2|Ogerpon-Hearthflame, L50, F|\n|poke|p2|Farigiraf, L50, F|\n|poke|p2|Iron Hands, L50|\n|poke|p2|Amoonguss, L50, M|\n|teampreview|4\n|inactive|Battle timer is ON: inactive players will automatically lose when time's up. (requested by marscookie)\n|\n|t:|1699968639\n|start\n|switch|p1a: Weezing|Weezing, L50, M|100\/100\n|switch|p1b: Iron Bundle|Iron Bundle, L50|100\/100\n|switch|p2a: Ogerpon|Ogerpon-Hearthflame, L50, F|100\/100\n|switch|p2b: Tyranitar|Tyranitar, L50, F|100\/100\n|-ability|p1a: Weezing|Neutralizing Gas\n|-enditem|p1b: Iron Bundle|Booster Energy\n|-activate|p1b: Iron Bundle|ability: Quark Drive|[fromitem]\n|-start|p1b: Iron Bundle|quarkdrivespe\n|turn|1\n|\n|t:|1699968662\n|move|p1b: Iron Bundle|Hydro Pump|p2a: Ogerpon|[miss]\n|-miss|p1b: Iron Bundle|p2a: Ogerpon\n|move|p2a: Ogerpon|Ivy Cudgel|p1b: Iron Bundle|[anim] Ivy Cudgel Fire\n|-damage|p1b: Iron Bundle|26\/100\n|move|p1a: Weezing|Will-O-Wisp|p2b: Tyranitar\n|-status|p2b: Tyranitar|brn\n|move|p2b: Tyranitar|High Horsepower|p1a: Weezing\n|-supereffective|p1a: Weezing\n|-damage|p1a: Weezing|71\/100\n|\n|-damage|p2b: Tyranitar|95\/100 brn|[from] brn\n|upkeep\n|turn|2\n|inactive|Richard Draco has 30 seconds left.\n|inactive|Richard Draco has 20 seconds left.\n|\n|t:|1699968700\n|move|p1a: Weezing|Protect|p1a: Weezing\n|-singleturn|p1a: Weezing|Protect\n|move|p1b: Iron Bundle|Hydro Pump|p2a: Ogerpon\n|-damage|p2a: Ogerpon|30\/100\n|move|p2a: Ogerpon|Ivy Cudgel|p1a: Weezing|[anim] Ivy Cudgel Fire\n|-activate|p1a: Weezing|move: Protect\n|move|p2b: Tyranitar|Rock Slide|p1b: Iron Bundle|[spread] p1b\n|-activate|p1a: Weezing|move: Protect\n|-supereffective|p1b: Iron Bundle\n|-damage|p1b: Iron Bundle|0 fnt\n|faint|p1b: Iron Bundle\n|-end|p1b: Iron Bundle|Quark Drive|[silent]\n|\n|-damage|p2b: Tyranitar|89\/100 brn|[from] brn\n|upkeep\n|\n|t:|1699968715\n|switch|p1b: Iron Hands|Iron Hands, L50|100\/100\n|turn|3\n|inactive|Richard Draco has 30 seconds left.\n|inactive|Richard Draco has 20 seconds left.\n|\n|t:|1699968752\n|switch|p2a: Lycanroc|Lycanroc, L50, M|100\/100\n|move|p1b: Iron Hands|Fake Out|p2b: Tyranitar\n|-resisted|p2b: Tyranitar\n|-damage|p2b: Tyranitar|84\/100 brn\n|-damage|p1b: Iron Hands|84\/100|[from] item: Rocky Helmet|[of] p2b: Tyranitar\n|move|p1a: Weezing|Gunk Shot|p2a: Lycanroc\n|-resisted|p2a: Lycanroc\n|-damage|p2a: Lycanroc|54\/100\n|-status|p2a: Lycanroc|psn\n|cant|p2b: Tyranitar|flinch\n|\n|-damage|p2a: Lycanroc|42\/100 psn|[from] psn\n|-damage|p2b: Tyranitar|78\/100 brn|[from] brn\n|upkeep\n|turn|4\n|inactive|Richard Draco has 30 seconds left.\n|\n|t:|1699968784\n|-terastallize|p2b: Tyranitar|Flying\n|-terastallize|p1b: Iron Hands|Grass\n|move|p1a: Weezing|Protect|p1a: Weezing\n|-singleturn|p1a: Weezing|Protect\n|move|p2a: Lycanroc|Endeavor|p1b: Iron Hands\n|-damage|p1b: Iron Hands|23\/100\n|move|p2b: Tyranitar|Tera Blast|p1b: Iron Hands|[anim] Tera Blast Flying\n|-supereffective|p1b: Iron Hands\n|-damage|p1b: Iron Hands|0 fnt\n|faint|p1b: Iron Hands\n|-end|p1b: Iron Hands|Quark Drive|[silent]\n|\n|-damage|p2a: Lycanroc|30\/100 psn|[from] psn\n|-damage|p2b: Tyranitar|72\/100 brn|[from] brn\n|upkeep\n|\n|t:|1699968798\n|switch|p1b: Ogerpon|Ogerpon-Hearthflame, L50, F|100\/100\n|turn|5\n|\n|t:|1699968820\n|move|p1b: Ogerpon|Ivy Cudgel|p2b: Tyranitar|[anim] Ivy Cudgel Fire\n|-damage|p2b: Tyranitar|22\/100 brn\n|move|p2a: Lycanroc|Endeavor|p1b: Ogerpon\n|-damage|p1b: Ogerpon|26\/100\n|move|p1a: Weezing|Gunk Shot|p2a: Lycanroc\n|-resisted|p2a: Lycanroc\n|-damage|p2a: Lycanroc|0 fnt\n|faint|p2a: Lycanroc\n|move|p2b: Tyranitar|Rock Slide|p1a: Weezing|[spread] p1a,p1b\n|-supereffective|p1b: Ogerpon\n|-damage|p1a: Weezing|60\/100\n|-damage|p1b: Ogerpon|0 fnt\n|faint|p1b: Ogerpon\n|\n|-damage|p2b: Tyranitar|16\/100 brn|[from] brn\n|upkeep\n|inactive|Richard Draco has 30 seconds left.\n|\n|t:|1699968846\n|switch|p2a: Iron Hands|Iron Hands, L50|100\/100\n|turn|6\n|-message|marscookie forfeited.\n|\n|win|Richard Draco\n|raw|marscookie's rating: 1112 &rarr; <strong>1089<\/strong><br \/>(-23 for losing)\n|raw|Richard Draco's rating: 1140 &rarr; <strong>1163<\/strong><br \/>(+23 for winning)\n|l|\u2606marscookie\n","uploadtime":1699968861,"views":7,"p1id":"marscookie","p2id":"richarddraco","formatid":"gen9vgc2023regulatione","rating":1089,"private":0,"password":""}