{"id":"gen9vgc2023regulatione-1991244929","p1":"milkymonet","p2":"KasperOfHoenn","format":"[Gen 9] VGC 2023 Regulation E","log":"|j|\u2606milkymonet\n|j|\u2606KasperOfHoenn\n|n|\u2606milkymonet|milkymonet\n|n|\u2606KasperOfHoenn|kasperofhoenn\n|html|View the match progress at <a href=\"\/game-bestof3-gen9vgc2023regulatione-1991244928\">game-bestof3-gen9vgc2023regulatione-1991244928<\/a>\n|t:|1700060780\n|gametype|doubles\n|player|p1|milkymonet|erika|\n|player|p2|KasperOfHoenn|red|\n|teamsize|p1|6\n|teamsize|p2|6\n|gen|9\n|tier|[Gen 9] VGC 2023 Regulation E\n|rated|Tournament battle\n|rule|Species Clause: Limit one of each Pok\u00e9mon\n|rule|Item Clause: Limit one of each item\n|clearpoke\n|poke|p1|Amoonguss, L50, F|\n|poke|p1|Tornadus, L50, M|\n|poke|p1|Landorus-Therian, L50, M|\n|poke|p1|Urshifu-*, L50, M|\n|poke|p1|Farigiraf, L50, F|\n|poke|p1|Gholdengo, L50|\n|poke|p2|Roaring Moon, L50|\n|poke|p2|Iron Valiant, L50|\n|poke|p2|Sableye, L50, M|\n|poke|p2|Heatran, L50, M|\n|poke|p2|Fezandipiti, L50, M|\n|poke|p2|Ogerpon, L50, F|\n|teampreview|4\n|showteam|p1|Amoonguss||RockyHelmet|Regenerator|LeafStorm,PollenPuff,RagePowder,Spore|||F|||50|,,,,,Water]Tornadus||FocusSash|Prankster|BleakwindStorm,IcyWind,Tailwind,RainDance|||M|||50|,,,,,Ghost]Landorus-Therian||AssaultVest|Intimidate|Earthquake,StompingTantrum,RockSlide,Uturn|||M|||50|,,,,,Water]Urshifu-Rapid-Strike||ChoiceScarf|UnseenFist|CloseCombat,SurgingStrikes,AquaJet,Uturn|||M|||50|,,,,,Water]Farigiraf||SitrusBerry|ArmorTail|DazzlingGleam,HelpingHand,TrickRoom,Imprison|||F|||50|,,,,,Fairy]Gholdengo||ChoiceSpecs|GoodasGold|MakeItRain,ShadowBall,Thunderbolt,Trick||||||50|,,,,,Steel\n|showteam|p2|Roaring Moon||LifeOrb|Protosynthesis|RockSlide,KnockOff,Outrage,Protect||||||50|,,,,,Poison]Iron Valiant||BoosterEnergy|QuarkDrive|Protect,Hypnosis,FocusBlast,Moonblast||||||50|,,,,,Ghost]Sableye||EjectButton|Prankster|SunnyDay,Gravity,Encore,Disable|||M|||50|,,,,,Water]Heatran||Leftovers|FlameBody|MagmaStorm,EarthPower,Substitute,Protect|||M|||50|,,,,,Dragon]Fezandipiti||ChoiceScarf|ToxicChain|DazzlingGleam,SludgeBomb,IcyWind,Tailwind|||M|||50|,,,,,Fairy]Ogerpon||ScopeLens|Defiant|IvyCudgel,KnockOff,StompingTantrum,SpikyShield|||F|||50|,,,,,Grass\n|inactive|Battle timer is ON: inactive players will automatically lose when time's up. (requested by KasperOfHoenn)\n|inactive|milkymonet has 60 seconds left.\n|\n|t:|1700060830\n|start\n|switch|p1a: Tornadus|Tornadus, L50, M|100\/100\n|switch|p1b: Urshifu|Urshifu-Rapid-Strike, L50, M|100\/100\n|switch|p2a: Sableye|Sableye, L50, M|100\/100\n|switch|p2b: Heatran|Heatran, L50, M|100\/100\n|turn|1\n|\n|t:|1700060843\n|move|p1a: Tornadus|Rain Dance|p1a: Tornadus\n|-weather|RainDance\n|move|p2a: Sableye|Sunny Day|p2a: Sableye\n|-weather|SunnyDay\n|move|p1b: Urshifu|Surging Strikes|p2a: Sableye\n|-crit|p2a: Sableye\n|-damage|p2a: Sableye|89\/100\n|-crit|p2a: Sableye\n|-damage|p2a: Sableye|77\/100\n|-crit|p2a: Sableye\n|-damage|p2a: Sableye|67\/100\n|-hitcount|p2a: Sableye|3\n|-enditem|p2a: Sableye|Eject Button\n|\n|t:|1700060856\n|switch|p2a: Fezandipiti|Fezandipiti, L50, M|100\/100\n|move|p2b: Heatran|Magma Storm|p1b: Urshifu\n|-resisted|p1b: Urshifu\n|-damage|p1b: Urshifu|43\/100\n|-activate|p1b: Urshifu|move: Magma Storm|[of] p2b: Heatran\n|\n|-weather|SunnyDay|[upkeep]\n|-damage|p1b: Urshifu|31\/100|[from] move: Magma Storm|[partiallytrapped]\n|upkeep\n|turn|2\n|\n|t:|1700060871\n|-terastallize|p1b: Urshifu|Water\n|-terastallize|p2b: Heatran|Dragon\n|move|p1a: Tornadus|Rain Dance|p1a: Tornadus\n|-weather|RainDance\n|move|p2a: Fezandipiti|Icy Wind|p1a: Tornadus|[spread] p1a,p1b\n|-supereffective|p1a: Tornadus\n|-resisted|p1b: Urshifu\n|-damage|p1a: Tornadus|78\/100\n|-damage|p1b: Urshifu|24\/100\n|-unboost|p1a: Tornadus|spe|1\n|-unboost|p1b: Urshifu|spe|1\n|-status|p1a: Tornadus|tox|[from] ability: Toxic Chain|[of] p2a: Fezandipiti\n|-status|p1b: Urshifu|tox|[from] ability: Toxic Chain|[of] p2a: Fezandipiti\n|move|p1b: Urshifu|Surging Strikes|p2a: Fezandipiti\n|-crit|p2a: Fezandipiti\n|-damage|p2a: Fezandipiti|56\/100\n|-crit|p2a: Fezandipiti\n|-damage|p2a: Fezandipiti|6\/100\n|-crit|p2a: Fezandipiti\n|-damage|p2a: Fezandipiti|0 fnt\n|faint|p2a: Fezandipiti\n|-hitcount|p2: Fezandipiti|3\n|move|p2b: Heatran|Magma Storm|p1a: Tornadus\n|-damage|p1a: Tornadus|43\/100 tox\n|-activate|p1a: Tornadus|move: Magma Storm|[of] p2b: Heatran\n|\n|-weather|RainDance|[upkeep]\n|-damage|p1b: Urshifu|18\/100 tox|[from] psn\n|-damage|p1a: Tornadus|37\/100 tox|[from] psn\n|-damage|p1b: Urshifu|6\/100 tox|[from] move: Magma Storm|[partiallytrapped]\n|-damage|p1a: Tornadus|25\/100 tox|[from] move: Magma Storm|[partiallytrapped]\n|upkeep\n|\n|t:|1700060884\n|switch|p2a: Sableye|Sableye, L50, M|67\/100\n|turn|3\n|\n|t:|1700060905\n|move|p1a: Tornadus|Tailwind|p1a: Tornadus\n|-sidestart|p1: milkymonet|move: Tailwind\n|move|p2a: Sableye|Disable|p1b: Urshifu\n|-start|p1b: Urshifu|Disable|Surging Strikes\n|cant|p1b: Urshifu|Disable|Surging Strikes\n|move|p2b: Heatran|Substitute|p2b: Heatran\n|-start|p2b: Heatran|Substitute\n|-damage|p2b: Heatran|75\/100\n|\n|-weather|RainDance|[upkeep]\n|-heal|p2b: Heatran|82\/100|[from] item: Leftovers\n|-damage|p1b: Urshifu|0 fnt|[from] psn\n|faint|p1b: Urshifu\n|-damage|p1a: Tornadus|14\/100 tox|[from] psn\n|-damage|p1a: Tornadus|2\/100 tox|[from] move: Magma Storm|[partiallytrapped]\n|upkeep\n|\n|t:|1700060915\n|switch|p1b: Farigiraf|Farigiraf, L50, F|100\/100\n|turn|4\n|\n|t:|1700060920\n|move|p1b: Farigiraf|Helping Hand|p1a: Tornadus\n|-singleturn|p1a: Tornadus|Helping Hand|[of] p1b: Farigiraf\n|move|p2a: Sableye|Sunny Day|p2a: Sableye\n|-weather|SunnyDay\n|move|p1a: Tornadus|Bleakwind Storm|p2b: Heatran|[spread] p2a,p2b\n|-end|p2b: Heatran|Substitute\n|-damage|p2a: Sableye|0 fnt\n|faint|p2a: Sableye\n|move|p2b: Heatran|Magma Storm|p1b: Farigiraf\n|-damage|p1b: Farigiraf|34\/100\n|-activate|p1b: Farigiraf|move: Magma Storm|[of] p2b: Heatran\n|-enditem|p1b: Farigiraf|Sitrus Berry|[eat]\n|-heal|p1b: Farigiraf|59\/100|[from] item: Sitrus Berry\n|\n|-weather|SunnyDay|[upkeep]\n|-heal|p2b: Heatran|88\/100|[from] item: Leftovers\n|-damage|p1a: Tornadus|0 fnt|[from] psn\n|faint|p1a: Tornadus\n|-damage|p1b: Farigiraf|46\/100|[from] move: Magma Storm|[partiallytrapped]\n|upkeep\n|\n|t:|1700060927\n|switch|p1a: Gholdengo|Gholdengo, L50|100\/100\n|switch|p2a: Roaring Moon|Roaring Moon, L50, shiny|100\/100\n|-activate|p2a: Roaring Moon|ability: Protosynthesis\n|-start|p2a: Roaring Moon|protosynthesisatk\n|turn|5\n|inactive|KasperOfHoenn has 30 seconds left.\n|\n|t:|1700060959\n|move|p2b: Heatran|Protect|p2b: Heatran\n|-singleturn|p2b: Heatran|Protect\n|move|p1a: Gholdengo|Make It Rain|p2b: Heatran|[spread] p2a\n|-activate|p2b: Heatran|move: Protect\n|-damage|p2a: Roaring Moon|20\/100\n|-unboost|p1a: Gholdengo|spa|1\n|move|p2a: Roaring Moon|Knock Off|p1a: Gholdengo\n|-supereffective|p1a: Gholdengo\n|-damage|p1a: Gholdengo|0 fnt\n|-enditem|p1a: Gholdengo|Choice Specs|[from] move: Knock Off|[of] p2a: Roaring Moon\n|faint|p1a: Gholdengo\n|-damage|p2a: Roaring Moon|10\/100|[from] item: Life Orb\n|move|p1b: Farigiraf|Dazzling Gleam|p2a: Roaring Moon|[spread] p2a\n|-activate|p2b: Heatran|move: Protect\n|-supereffective|p2a: Roaring Moon\n|-damage|p2a: Roaring Moon|0 fnt\n|faint|p2a: Roaring Moon\n|-end|p2a: Roaring Moon|Protosynthesis|[silent]\n|\n|-weather|SunnyDay|[upkeep]\n|-heal|p2b: Heatran|94\/100|[from] item: Leftovers\n|-damage|p1b: Farigiraf|34\/100|[from] move: Magma Storm|[partiallytrapped]\n|upkeep\n|turn|6\n|\n|t:|1700060969\n|move|p1b: Farigiraf|Dazzling Gleam|p2b: Heatran\n|-supereffective|p2b: Heatran\n|-damage|p2b: Heatran|60\/100\n|move|p2b: Heatran|Earth Power|p1b: Farigiraf\n|-damage|p1b: Farigiraf|6\/100\n|\n|-weather|SunnyDay|[upkeep]\n|-heal|p2b: Heatran|66\/100|[from] item: Leftovers\n|-damage|p1b: Farigiraf|0 fnt|[from] move: Magma Storm|[partiallytrapped]\n|faint|p1b: Farigiraf\n|\n|win|KasperOfHoenn\n|upkeep\n","uploadtime":1700060974,"views":8,"p1id":"milkymonet","p2id":"kasperofhoenn","formatid":"gen9vgc2023regulatione","rating":0,"private":0,"password":""}