{"id":"gen9vgc2023regulatione-1998705329","p1":"That_Leek","p2":"grecnarl","format":"[Gen 9] VGC 2023 Regulation E","log":"|j|\u2606That_Leek\n|j|\u2606grecnarl\n|t:|1700975227\n|gametype|doubles\n|player|p1|That_Leek|blue-masters|1574\n|player|p2|grecnarl|clair|1623\n|teamsize|p1|6\n|teamsize|p2|6\n|gen|9\n|tier|[Gen 9] VGC 2023 Regulation E\n|rated|\n|rule|Species Clause: Limit one of each Pok\u00e9mon\n|rule|Item Clause: Limit one of each item\n|clearpoke\n|poke|p1|Gholdengo, L50|\n|poke|p1|Ogerpon-Wellspring, L50, F|\n|poke|p1|Arcanine-Hisui, L50, M|\n|poke|p1|Chien-Pao, L50|\n|poke|p1|Scream Tail, L50|\n|poke|p1|Dragonite, L50, M|\n|poke|p2|Annihilape, L50, F|\n|poke|p2|Ogerpon-Wellspring, L50, F|\n|poke|p2|Tornadus, L50, M|\n|poke|p2|Landorus-Therian, L50, M|\n|poke|p2|Chien-Pao, L50|\n|poke|p2|Indeedee-F, L50, F|\n|teampreview|4\nThat_Leek has agreed to open team sheets.\n|c|\u2606That_Leek|oh\n|j| Wailordeo\n|c|\u2606That_Leek|wow\ngrecnarl has agreed to open team sheets.\n|c|\u2606grecnarl|lol I guess we're the only ones on\n|c|\u2606That_Leek|Yeah\n|c|\u2606That_Leek|wait do you compete?\n|c|\u2606grecnarl|like in regionals?\n|c|\u2606grecnarl|I've only been to 1\n|c|\u2606That_Leek|oh\n|c|\u2606That_Leek|what division if you don't mind me asking\n|\n|t:|1700975304\n|start\n|switch|p1a: Arcanine|Arcanine-Hisui, L50, M|100\/100\n|switch|p1b: Dragonite|Dragonite, L50, M|100\/100\n|switch|p2a: Annihilape|Annihilape, L50, F|100\/100\n|switch|p2b: Tornadus|Tornadus, L50, M|100\/100\n|-ability|p1a: Arcanine|Intimidate|boost\n|-unboost|p2a: Annihilape|atk|1\n|-ability|p2a: Annihilape|Defiant|boost\n|-boost|p2a: Annihilape|atk|2\n|-unboost|p2b: Tornadus|atk|1\n|turn|1\n|c|\u2606grecnarl|master's\n|c|\u2606grecnarl|I'm an adult\n|c|\u2606That_Leek|alr just want to make suree it isn't a 5yo whooping me\n|\n|t:|1700975331\n|-terastallize|p1a: Arcanine|Fairy\n|move|p2b: Tornadus|Tailwind|p2b: Tornadus\n|-sidestart|p2: grecnarl|move: Tailwind\n|move|p2a: Annihilape|Bulk Up|p2a: Annihilape\n|-boost|p2a: Annihilape|atk|1\n|-boost|p2a: Annihilape|def|1\n|move|p1a: Arcanine|Tera Blast|p2a: Annihilape|[anim] Tera Blast Fairy\n|-supereffective|p2a: Annihilape\n|-damage|p2a: Annihilape|25\/100\n|move|p1b: Dragonite|Dragon Claw|p2b: Tornadus\n|-damage|p2b: Tornadus|49\/100\n|\n|-heal|p2a: Annihilape|31\/100|[from] item: Leftovers\n|upkeep\n|turn|2\n|j| excadrill785\n|\n|t:|1700975356\n|move|p2a: Annihilape|Protect|p2a: Annihilape\n|-singleturn|p2a: Annihilape|Protect\n|move|p2b: Tornadus|Bleakwind Storm|p1b: Dragonite|[spread] \n|-miss|p2b: Tornadus|p1a: Arcanine\n|-miss|p2b: Tornadus|p1b: Dragonite\n|move|p1a: Arcanine|Tera Blast|p2a: Annihilape|[anim] Tera Blast Fairy\n|-activate|p2a: Annihilape|move: Protect\n|move|p1b: Dragonite|Aerial Ace|p2a: Annihilape\n|-activate|p2a: Annihilape|move: Protect\n|\n|-heal|p2a: Annihilape|37\/100|[from] item: Leftovers\n|upkeep\n|turn|3\n|c|\u2606That_Leek|cause that would be embarrassing\n|c|\u2606That_Leek|RIP\n|c|\u2606That_Leek|bleakwind\n|l| excadrill785\n|\n|t:|1700975383\n|switch|p2b: Landorus|Landorus-Therian, L50, M|100\/100\n|-ability|p2b: Landorus|Intimidate|boost\n|-unboost|p1a: Arcanine|atk|1\n|-fail|p1b: Dragonite|unboost|Attack|[from] ability: Inner Focus|[of] p1b: Dragonite\n|-terastallize|p2a: Annihilape|Fire\n|move|p2a: Annihilape|Rage Fist|p1b: Dragonite\n|-damage|p1b: Dragonite|33\/100\n|move|p1a: Arcanine|Tera Blast|p2a: Annihilape|[anim] Tera Blast Fairy\n|-resisted|p2a: Annihilape\n|-damage|p2a: Annihilape|25\/100\n|move|p1b: Dragonite|Aerial Ace|p2a: Annihilape\n|-damage|p2a: Annihilape|5\/100\n|\n|-heal|p2a: Annihilape|12\/100|[from] item: Leftovers\n|upkeep\n|turn|4\n|\n|t:|1700975401\n|switch|p1a: Chien-Pao|Chien-Pao, L50|100\/100\n|-ability|p1a: Chien-Pao|Sword of Ruin\n|move|p2a: Annihilape|Protect|p2a: Annihilape\n|-singleturn|p2a: Annihilape|Protect\n|move|p2b: Landorus|Rock Tomb|p1b: Dragonite\n|-supereffective|p1b: Dragonite\n|-crit|p1b: Dragonite\n|-damage|p1b: Dragonite|0 fnt\n|faint|p1b: Dragonite\n|\n|-heal|p2a: Annihilape|18\/100|[from] item: Leftovers\n|-sideend|p2: grecnarl|move: Tailwind\n|upkeep\n|\n|t:|1700975408\n|switch|p1b: Ogerpon|Ogerpon-Wellspring, L50, F|100\/100\n|turn|5\n|\n|t:|1700975433\n|switch|p2b: Ogerpon|Ogerpon-Wellspring, L50, F|100\/100\n|move|p1a: Chien-Pao|Ice Spinner|p2b: Ogerpon\n|-damage|p2b: Ogerpon|48\/100\n|move|p1b: Ogerpon|Ivy Cudgel|p2a: Annihilape|[anim] Ivy Cudgel Water\n|-supereffective|p2a: Annihilape\n|-crit|p2a: Annihilape\n|-damage|p2a: Annihilape|0 fnt\n|faint|p2a: Annihilape\n|\n|upkeep\n|\n|t:|1700975441\n|switch|p2a: Landorus|Landorus-Therian, L50, M|100\/100\n|-ability|p2a: Landorus|Intimidate|boost\n|-unboost|p1a: Chien-Pao|atk|1\n|-unboost|p1b: Ogerpon|atk|1\n|turn|6\n|\n|t:|1700975456\n|switch|p1b: Arcanine|Arcanine-Hisui, L50, M, tera:Fairy|100\/100\n|-ability|p1b: Arcanine|Intimidate|boost\n|-unboost|p2a: Landorus|atk|1\n|-unboost|p2b: Ogerpon|atk|1\n|move|p1a: Chien-Pao|Protect|p1a: Chien-Pao\n|-singleturn|p1a: Chien-Pao|Protect\n|move|p2b: Ogerpon|Horn Leech|p1a: Chien-Pao\n|-activate|p1a: Chien-Pao|move: Protect\n|move|p2a: Landorus|U-turn|p1a: Chien-Pao\n|-activate|p1a: Chien-Pao|move: Protect\n|\n|upkeep\n|turn|7\n|j| horizonbattle\n|\n|t:|1700975469\n|switch|p2a: Tornadus|Tornadus, L50, M|49\/100\n|move|p2b: Ogerpon|Spiky Shield|p2b: Ogerpon\n|-singleturn|p2b: Ogerpon|move: Protect\n|move|p1b: Arcanine|Extreme Speed|p2b: Ogerpon\n|-activate|p2b: Ogerpon|move: Protect\n|-damage|p1b: Arcanine|88\/100|[from] Spiky Shield|[of] p2b: Ogerpon\n|move|p1a: Chien-Pao|Ice Spinner|p2a: Tornadus\n|-supereffective|p2a: Tornadus\n|-damage|p2a: Tornadus|0 fnt\n|faint|p2a: Tornadus\n|\n|upkeep\n|\n|t:|1700975479\n|switch|p2a: Landorus|Landorus-Therian, L50, M|100\/100\n|-ability|p2a: Landorus|Intimidate|boost\n|-unboost|p1a: Chien-Pao|atk|1\n|-unboost|p1b: Arcanine|atk|1\n|turn|8\n|j| excadrill785\n|\n|t:|1700975495\n|switch|p1a: Ogerpon|Ogerpon-Wellspring, L50, F|100\/100\n|move|p1b: Arcanine|Extreme Speed|p2b: Ogerpon\n|-damage|p2b: Ogerpon|21\/100\n|move|p2b: Ogerpon|Ivy Cudgel|p1b: Arcanine|[anim] Ivy Cudgel Water\n|-damage|p1b: Arcanine|39\/100\n|move|p2a: Landorus|Earthquake|p1a: Ogerpon|[spread] p2b,p1a,p1b\n|-resisted|p2b: Ogerpon\n|-resisted|p1a: Ogerpon\n|-damage|p2b: Ogerpon|0 fnt\n|-damage|p1a: Ogerpon|81\/100\n|-damage|p1b: Arcanine|0 fnt\n|faint|p2b: Ogerpon\n|faint|p1b: Arcanine\n|\n|upkeep\n|c|\u2606That_Leek|I didn't bring scream tail this time\n|c|\u2606That_Leek|and a part of me just died\n|\n|t:|1700975507\n|switch|p1b: Chien-Pao|Chien-Pao, L50|100\/100\n|-ability|p1b: Chien-Pao|Sword of Ruin\n|turn|9\n|\n|t:|1700975512\n|move|p1b: Chien-Pao|Ice Spinner|p2a: Landorus\n|-supereffective|p2a: Landorus\n|-crit|p2a: Landorus\n|-damage|p2a: Landorus|0 fnt\n|faint|p2a: Landorus\n|\n|win|That_Leek\n|raw|That_Leek's rating: 1574 &rarr; <strong>1597<\/strong><br \/>(+23 for winning)\n|raw|grecnarl's rating: 1623 &rarr; <strong>1600<\/strong><br \/>(-23 for losing)\n|c|\u2606That_Leek|gg\n|c|\u2606grecnarl|gg\n|l| horizonbattle\n|c|\u2606That_Leek|don't tilt\n|c|\u2606That_Leek|you got this!\n|c|\u2606grecnarl|thanks\n|c|\u2606grecnarl|I was starting feel a bit burnt out rn\n|c|\u2606That_Leek|unless you're 5\n|c|\u2606grecnarl|lmaooooo\n|c|\u2606That_Leek|then you can tilt all you want\n|c|\u2606grecnarl|I made this team yesterday and have been playing it alll day\n|c|\u2606That_Leek|try scream tail\n|c|\u2606That_Leek|it'll make things fun\n|c|\u2606That_Leek|trust trust\\\n|c|\u2606grecnarl|that's tempting\n|l| Wailordeo\n|c|\u2606That_Leek|or if you feel burning out your opponents\n|c|\u2606grecnarl|lowkey I've been feeling my indeedee has been dead wight\n|c|\u2606That_Leek|try glimm dozo\n|c|\u2606grecnarl|these last couple games\n|l| excadrill785\n|c|\u2606grecnarl|Im gonna try scream tail\n|c|\u2606grecnarl|any spread suggestions?\n|c|\u2606That_Leek|Encore Disable probably is best\n|c|\u2606That_Leek|to enable ape\n|c|\u2606grecnarl|mmmmmmmmmmm\n|c|\u2606That_Leek|100 speed boosting out speeds something\n|c|\u2606That_Leek|oh\n|c|\u2606That_Leek|max speed scarf landp\n|c|\u2606grecnarl|gotcha!\n|c|\u2606That_Leek|uh\n|c|\u2606That_Leek|what elese\n|c|\u2606That_Leek|you can send me the paste\n|c|\u2606That_Leek|for the other memebers\n|c|\u2606That_Leek|I'm gonna tune out playing in a bit so you don't have to worry about calcing\n|c|\u2606That_Leek|lmao\n|c|\u2606grecnarl|lmaoooo\n|c|\u2606grecnarl|you want me to send you my paste?\n|c|\u2606grecnarl|I think I'm gonna try that scream tail for a bit then call it a night myself\n|c|\u2606That_Leek|yeah\n|c|\u2606That_Leek|send it to me\n|c|\u2606That_Leek|so I can see what things to synergize\n|c|\u2606That_Leek|and moves and stuff\n|l|\u2606That_Leek\n|j|\u2606That_Leek\n|player|p1|That_Leek|blue-masters\n|l|\u2606grecnarl\n","uploadtime":1700975517,"views":6,"p1id":"thatleek","p2id":"grecnarl","formatid":"gen9vgc2023regulatione","rating":1597,"private":0,"password":""}