{"id":"gen9vgc2023regulatione-1990627428","p1":"TrapZelda","p2":"AntonioRandom1500","format":"[Gen 9] VGC 2023 Regulation E","log":"|j|\u2606TrapZelda\n|j|\u2606AntonioRandom1500\n|t:|1699986900\n|gametype|doubles\n|player|p1|TrapZelda|2|1414\n|player|p2|AntonioRandom1500|hilbert|1383\n|teamsize|p1|6\n|teamsize|p2|6\n|gen|9\n|tier|[Gen 9] VGC 2023 Regulation E\n|rated|\n|rule|Species Clause: Limit one of each Pok\u00e9mon\n|rule|Item Clause: Limit one of each item\n|clearpoke\n|poke|p1|Annihilape, L50, F|\n|poke|p1|Stantler, L50, F|\n|poke|p1|Maushold, L50|\n|poke|p1|Vikavolt, L50, F|\n|poke|p1|Crawdaunt, L50, M|\n|poke|p1|Cresselia, L50, F|\n|poke|p2|Kommo-o, L50, M|\n|poke|p2|Clefairy, L50, F|\n|poke|p2|Iron Hands, L50|\n|poke|p2|Sinistcha-Masterpiece, L50|\n|poke|p2|Urshifu-*, L50, M|\n|poke|p2|Ursaluna-Bloodmoon, L50, M|\n|teampreview|4\n|\n|t:|1699986940\n|start\n|switch|p1a: Annihilape|Annihilape, L50, F|100\/100\n|switch|p1b: Stantler|Stantler, L50, F|100\/100\n|switch|p2a: Kommo-o|Kommo-o, L50, M|100\/100\n|switch|p2b: Clefairy|Clefairy, L50, F|100\/100\n|-ability|p1b: Stantler|Intimidate|boost\n|-unboost|p2a: Kommo-o|atk|1\n|-unboost|p2b: Clefairy|atk|1\n|turn|1\n|inactive|Battle timer is ON: inactive players will automatically lose when time's up. (requested by AntonioRandom1500)\n|inactive|TrapZelda has 60 seconds left.\n|\n|t:|1699986985\n|move|p2a: Kommo-o|Protect|p2a: Kommo-o\n|-singleturn|p2a: Kommo-o|Protect\n|move|p1a: Annihilape|Protect|p1a: Annihilape\n|-singleturn|p1a: Annihilape|Protect\n|move|p2b: Clefairy|Protect|p2b: Clefairy\n|-singleturn|p2b: Clefairy|Protect\n|move|p1b: Stantler|Skill Swap|p2a: Kommo-o\n|-activate|p2a: Kommo-o|move: Protect\n|\n|upkeep\n|turn|2\n|inactive|TrapZelda has 30 seconds left.\n|\n|t:|1699987020\n|move|p2b: Clefairy|Follow Me|p2b: Clefairy\n|-singleturn|p2b: Clefairy|move: Follow Me\n|move|p2a: Kommo-o|Clangorous Soul|p2a: Kommo-o\n|-boost|p2a: Kommo-o|atk|1\n|-boost|p2a: Kommo-o|def|1\n|-boost|p2a: Kommo-o|spa|1\n|-boost|p2a: Kommo-o|spd|1\n|-boost|p2a: Kommo-o|spe|1\n|-damage|p2a: Kommo-o|68\/100\n|-enditem|p2a: Kommo-o|Throat Spray\n|-boost|p2a: Kommo-o|spa|1|[from] item: Throat Spray\n|move|p1a: Annihilape|Rage Fist|p2b: Clefairy\n|-damage|p2b: Clefairy|80\/100\n|move|p1b: Stantler|Skill Swap|p2b: Clefairy\n|-activate|p1b: Stantler|move: Skill Swap|Friend Guard|Intimidate|[of] p2b: Clefairy\n|-ability|p2b: Clefairy|Intimidate|boost\n|-unboost|p1a: Annihilape|atk|1\n|-ability|p1a: Annihilape|Defiant|boost\n|-boost|p1a: Annihilape|atk|2\n|-unboost|p1b: Stantler|atk|1\n|\n|upkeep\n|turn|3\n|\n|t:|1699987041\n|move|p1a: Annihilape|Protect|p1a: Annihilape\n|-singleturn|p1a: Annihilape|Protect\n|move|p2b: Clefairy|Follow Me|p2b: Clefairy\n|-singleturn|p2b: Clefairy|move: Follow Me\n|move|p2a: Kommo-o|Clanging Scales|p1a: Annihilape|[spread] p1b\n|-activate|p1a: Annihilape|move: Protect\n|-crit|p1b: Stantler\n|-damage|p1b: Stantler|11\/100\n|-unboost|p2a: Kommo-o|def|1\n|move|p1b: Stantler|Trick Room|p1b: Stantler\n|-fieldstart|move: Trick Room|[of] p1b: Stantler\n|\n|upkeep\n|turn|4\n|\n|t:|1699987062\n|move|p2b: Clefairy|Protect|p2b: Clefairy\n|-singleturn|p2b: Clefairy|Protect\n|move|p2a: Kommo-o|Protect|p2a: Kommo-o\n|-singleturn|p2a: Kommo-o|Protect\n|move|p1b: Stantler|Psyshield Bash|p2a: Kommo-o\n|-activate|p2a: Kommo-o|move: Protect\n|move|p1a: Annihilape|Rage Fist|p2b: Clefairy\n|-activate|p2b: Clefairy|move: Protect\n|\n|upkeep\n|turn|5\n|\n|t:|1699987078\n|move|p2b: Clefairy|Follow Me|p2b: Clefairy\n|-singleturn|p2b: Clefairy|move: Follow Me\n|move|p1b: Stantler|Psyshield Bash|p2b: Clefairy\n|-damage|p2b: Clefairy|71\/100\n|-boost|p1b: Stantler|def|1\n|move|p1a: Annihilape|Rage Fist|p2b: Clefairy\n|-damage|p2b: Clefairy|41\/100\n|move|p2a: Kommo-o|Clanging Scales|p1a: Annihilape|[spread] p1a,p1b\n|-damage|p1a: Annihilape|57\/100\n|-damage|p1b: Stantler|0 fnt\n|faint|p1b: Stantler\n|-unboost|p2a: Kommo-o|def|1\n|\n|-heal|p1a: Annihilape|63\/100|[from] item: Leftovers\n|upkeep\n|\n|t:|1699987091\n|switch|p1b: Cresselia|Cresselia, L50, F|100\/100\n|turn|6\n|\n|t:|1699987104\n|move|p2b: Clefairy|Follow Me|p2b: Clefairy\n|-singleturn|p2b: Clefairy|move: Follow Me\n|move|p1b: Cresselia|Lunar Blessing|p1b: Cresselia|[spread] p1a,p1b\n|-heal|p1a: Annihilape|88\/100\n|move|p1a: Annihilape|Rage Fist|p2b: Clefairy\n|-damage|p2b: Clefairy|0 fnt\n|faint|p2b: Clefairy\n|move|p2a: Kommo-o|Clanging Scales|p1a: Annihilape|[spread] p1a,p1b\n|-damage|p1a: Annihilape|27\/100\n|-damage|p1b: Cresselia|56\/100\n|-unboost|p2a: Kommo-o|def|1\n|\n|-heal|p1a: Annihilape|32\/100|[from] item: Leftovers\n|upkeep\n|\n|t:|1699987118\n|switch|p2b: Sinistcha|Sinistcha-Masterpiece, L50|100\/100\n|-heal|p2a: Kommo-o|93\/100|[from] ability: Hospitality|[of] p2b: Sinistcha\n|turn|7\n|\n|t:|1699987125\n|move|p2b: Sinistcha|Protect|p2b: Sinistcha\n|-singleturn|p2b: Sinistcha|Protect\n|move|p1a: Annihilape|Protect|p1a: Annihilape\n|-singleturn|p1a: Annihilape|Protect\n|move|p2a: Kommo-o|Protect|p2a: Kommo-o\n|-singleturn|p2a: Kommo-o|Protect\n|move|p1b: Cresselia|Lunar Blessing|p1b: Cresselia|[spread] p1a,p1b\n|-heal|p1a: Annihilape|58\/100\n|-heal|p1b: Cresselia|80\/100\n|\n|-heal|p1a: Annihilape|63\/100|[from] item: Leftovers\n|-fieldend|move: Trick Room\n|upkeep\n|turn|8\n|\n|t:|1699987145\n|move|p2a: Kommo-o|Clanging Scales|p1b: Cresselia|[spread] p1a,p1b\n|-damage|p1a: Annihilape|3\/100\n|-damage|p1b: Cresselia|37\/100\n|-unboost|p2a: Kommo-o|def|1\n|move|p1a: Annihilape|Rage Fist|p2b: Sinistcha\n|-supereffective|p2b: Sinistcha\n|-damage|p2b: Sinistcha|0 fnt\n|-damage|p1a: Annihilape|0 fnt|[from] item: Rocky Helmet|[of] p2b: Sinistcha\n|faint|p2b: Sinistcha\n|faint|p1a: Annihilape\n|move|p1b: Cresselia|Trick Room|p1b: Cresselia\n|-fieldstart|move: Trick Room|[of] p1b: Cresselia\n|\n|upkeep\n|\n|t:|1699987157\n|switch|p2b: Urshifu|Urshifu-Rapid-Strike, L50, M|100\/100\n|switch|p1a: Crawdaunt|Crawdaunt, L50, M|100\/100\n|turn|9\n|\n|t:|1699987170\n|-terastallize|p1a: Crawdaunt|Water\n|move|p2a: Kommo-o|Protect|p2a: Kommo-o\n|-singleturn|p2a: Kommo-o|Protect\n|move|p1a: Crawdaunt|Crabhammer|p2b: Urshifu\n|-resisted|p2b: Urshifu\n|-damage|p2b: Urshifu|41\/100\n|move|p1b: Cresselia|Moonblast|p2a: Kommo-o\n|-activate|p2a: Kommo-o|move: Protect\n|move|p2b: Urshifu|Surging Strikes|p1b: Cresselia\n|-crit|p1b: Cresselia\n|-damage|p1b: Cresselia|25\/100\n|-crit|p1b: Cresselia\n|-damage|p1b: Cresselia|12\/100\n|-crit|p1b: Cresselia\n|-damage|p1b: Cresselia|0 fnt\n|faint|p1b: Cresselia\n|-hitcount|p1: Cresselia|3\n|\n|upkeep\n|turn|10\n|\n|t:|1699987191\n|move|p1a: Crawdaunt|Crabhammer|p2a: Kommo-o\n|-resisted|p2a: Kommo-o\n|-damage|p2a: Kommo-o|0 fnt\n|faint|p2a: Kommo-o\n|move|p2b: Urshifu|Surging Strikes|p1a: Crawdaunt\n|-resisted|p1a: Crawdaunt\n|-crit|p1a: Crawdaunt\n|-damage|p1a: Crawdaunt|87\/100\n|-resisted|p1a: Crawdaunt\n|-crit|p1a: Crawdaunt\n|-damage|p1a: Crawdaunt|74\/100\n|-resisted|p1a: Crawdaunt\n|-crit|p1a: Crawdaunt\n|-damage|p1a: Crawdaunt|63\/100\n|-hitcount|p1a: Crawdaunt|3\n|\n|upkeep\n|turn|11\n|\n|t:|1699987202\n|move|p1a: Crawdaunt|Crabhammer|p2b: Urshifu|[miss]\n|-miss|p1a: Crawdaunt|p2b: Urshifu\n|move|p2b: Urshifu|Surging Strikes|p1a: Crawdaunt\n|-resisted|p1a: Crawdaunt\n|-crit|p1a: Crawdaunt\n|-damage|p1a: Crawdaunt|51\/100\n|-resisted|p1a: Crawdaunt\n|-crit|p1a: Crawdaunt\n|-damage|p1a: Crawdaunt|38\/100\n|-resisted|p1a: Crawdaunt\n|-crit|p1a: Crawdaunt\n|-damage|p1a: Crawdaunt|26\/100\n|-hitcount|p1a: Crawdaunt|3\n|\n|upkeep\n|turn|12\n|\n|t:|1699987210\n|move|p1a: Crawdaunt|Crabhammer|p2b: Urshifu\n|-resisted|p2b: Urshifu\n|-damage|p2b: Urshifu|0 fnt\n|faint|p2b: Urshifu\n|\n|win|TrapZelda\n|raw|TrapZelda's rating: 1414 &rarr; <strong>1432<\/strong><br \/>(+18 for winning)\n|raw|AntonioRandom1500's rating: 1383 &rarr; <strong>1365<\/strong><br \/>(-18 for losing)\n","uploadtime":1699987228,"views":9,"p1id":"trapzelda","p2id":"antoniorandom1500","formatid":"gen9vgc2023regulatione","rating":1365,"private":0,"password":""}