{"id":"gen9vgc2023regulatione-1993763552","p1":"Heavygc21","p2":"Conchoboar3","format":"[Gen 9] VGC 2023 Regulation E","log":"|j|\u2606Heavygc21\n|j|\u2606Conchoboar3\n|t:|1700354389\n|gametype|doubles\n|player|p1|Heavygc21|265|1239\n|player|p2|Conchoboar3|1|1337\n|teamsize|p1|6\n|teamsize|p2|6\n|gen|9\n|tier|[Gen 9] VGC 2023 Regulation E\n|rated|\n|rule|Species Clause: Limit one of each Pok\u00e9mon\n|rule|Item Clause: Limit one of each item\n|clearpoke\n|poke|p1|Ogerpon-Wellspring, L50, F|\n|poke|p1|Heatran, L50, F|\n|poke|p1|Flutter Mane, L50|\n|poke|p1|Roaring Moon, L50|\n|poke|p1|Iron Hands, L50|\n|poke|p1|Amoonguss, L50, M|\n|poke|p2|Mamoswine, L50, M|\n|poke|p2|Iron Hands, L50|\n|poke|p2|Grimmsnarl, L50, M|\n|poke|p2|Sinistcha, L50|\n|poke|p2|Chi-Yu, L50|\n|poke|p2|Flutter Mane, L50|\n|teampreview|4\n|\n|t:|1700354412\n|start\n|switch|p1a: Heatran|Heatran, L50, F|100\/100\n|switch|p1b: Roaring Moon|Roaring Moon, L50|100\/100\n|switch|p2a: Flutter Mane|Flutter Mane, L50|100\/100\n|switch|p2b: Chi-Yu|Chi-Yu, L50|100\/100\n|-ability|p2b: Chi-Yu|Beads of Ruin\n|-enditem|p2a: Flutter Mane|Booster Energy\n|-activate|p2a: Flutter Mane|ability: Protosynthesis|[fromitem]\n|-start|p2a: Flutter Mane|protosynthesisspe\n|-enditem|p1b: Roaring Moon|Booster Energy\n|-activate|p1b: Roaring Moon|ability: Protosynthesis|[fromitem]\n|-start|p1b: Roaring Moon|protosynthesisspe\n|turn|1\n|\n|t:|1700354436\n|move|p2a: Flutter Mane|Icy Wind|p1a: Heatran|[spread] p1a,p1b\n|-resisted|p1a: Heatran\n|-supereffective|p1b: Roaring Moon\n|-damage|p1a: Heatran|97\/100\n|-damage|p1b: Roaring Moon|65\/100\n|-unboost|p1a: Heatran|spe|1\n|-unboost|p1b: Roaring Moon|spe|1\n|move|p1b: Roaring Moon|Knock Off|p2a: Flutter Mane\n|-damage|p2a: Flutter Mane|24\/100\n|move|p2b: Chi-Yu|Snarl|p1a: Heatran|[spread] p1a,p1b\n|-resisted|p1b: Roaring Moon\n|-damage|p1a: Heatran|73\/100\n|-damage|p1b: Roaring Moon|51\/100\n|-unboost|p1a: Heatran|spa|1\n|-unboost|p1b: Roaring Moon|spa|1\n|-enditem|p2b: Chi-Yu|Throat Spray\n|-boost|p2b: Chi-Yu|spa|1|[from] item: Throat Spray\n|move|p1a: Heatran|Earth Power|p2b: Chi-Yu\n|-supereffective|p2b: Chi-Yu\n|-damage|p2b: Chi-Yu|59\/100\n|\n|-heal|p1a: Heatran|79\/100|[from] item: Leftovers\n|upkeep\n|turn|2\n|\n|t:|1700354458\n|move|p1b: Roaring Moon|Protect|p1b: Roaring Moon\n|-singleturn|p1b: Roaring Moon|Protect\n|move|p2a: Flutter Mane|Icy Wind|p1b: Roaring Moon|[spread] p1a\n|-activate|p1b: Roaring Moon|move: Protect\n|-resisted|p1a: Heatran\n|-damage|p1a: Heatran|75\/100\n|-unboost|p1a: Heatran|spe|1\n|move|p2b: Chi-Yu|Dark Pulse|p1a: Heatran\n|-damage|p1a: Heatran|13\/100\n|move|p1a: Heatran|Flash Cannon|p2a: Flutter Mane\n|-supereffective|p2a: Flutter Mane\n|-damage|p2a: Flutter Mane|0 fnt\n|faint|p2a: Flutter Mane\n|-end|p2a: Flutter Mane|Protosynthesis|[silent]\n|\n|-heal|p1a: Heatran|19\/100|[from] item: Leftovers\n|upkeep\n|\n|t:|1700354464\n|switch|p2a: Mamoswine|Mamoswine, L50, M|100\/100\n|turn|3\n|\n|t:|1700354488\n|move|p1a: Heatran|Protect|p1a: Heatran\n|-singleturn|p1a: Heatran|Protect\n|move|p2a: Mamoswine|Ice Shard|p1b: Roaring Moon\n|-supereffective|p1b: Roaring Moon\n|-damage|p1b: Roaring Moon|0 fnt\n|faint|p1b: Roaring Moon\n|-end|p1b: Roaring Moon|Protosynthesis|[silent]\n|move|p2b: Chi-Yu|Dark Pulse|p1a: Heatran\n|-activate|p1a: Heatran|move: Protect\n|\n|-heal|p1a: Heatran|25\/100|[from] item: Leftovers\n|upkeep\n|\n|t:|1700354501\n|switch|p1b: Ogerpon|Ogerpon-Wellspring, L50, F|100\/100\n|turn|4\n|\n|t:|1700354512\n|switch|p1a: Amoonguss|Amoonguss, L50, M|100\/100\n|-terastallize|p1b: Ogerpon|Water\n|detailschange|p1b: Ogerpon|Ogerpon-Wellspring-Tera, L50, F, tera:Water\n|-ability|p1b: Ogerpon|Embody Aspect (Wellspring)|boost\n|-boost|p1b: Ogerpon|spd|1\n|-terastallize|p2a: Mamoswine|Dragon\n|move|p2b: Chi-Yu|Protect|p2b: Chi-Yu\n|-singleturn|p2b: Chi-Yu|Protect\n|move|p1b: Ogerpon|Ivy Cudgel|p2b: Chi-Yu|[anim] Ivy Cudgel Water\n|-activate|p2b: Chi-Yu|move: Protect\n|move|p2a: Mamoswine|High Horsepower|p1a: Amoonguss\n|-damage|p1a: Amoonguss|58\/100\n|-damage|p2a: Mamoswine|84\/100|[from] item: Rocky Helmet|[of] p1a: Amoonguss\n|\n|upkeep\n|turn|5\n|\n|t:|1700354533\n|move|p1a: Amoonguss|Rage Powder|p1a: Amoonguss\n|-singleturn|p1a: Amoonguss|move: Rage Powder\n|move|p1b: Ogerpon|Ivy Cudgel|p2b: Chi-Yu|[anim] Ivy Cudgel Water\n|-supereffective|p2b: Chi-Yu\n|-damage|p2b: Chi-Yu|0 fnt\n|faint|p2b: Chi-Yu\n|move|p2a: Mamoswine|Icicle Crash|p1a: Amoonguss|[miss]\n|-miss|p2a: Mamoswine|p1a: Amoonguss\n|\n|upkeep\n|\n|t:|1700354540\n|switch|p2b: Iron Hands|Iron Hands, L50|100\/100\n|turn|6\n|\n|t:|1700354545\n|move|p1b: Ogerpon|Spiky Shield|p1b: Ogerpon\n|-singleturn|p1b: Ogerpon|move: Protect\n|move|p1a: Amoonguss|Protect|p1a: Amoonguss\n|-singleturn|p1a: Amoonguss|Protect\n|move|p2a: Mamoswine|Icicle Crash|p1a: Amoonguss\n|-activate|p1a: Amoonguss|move: Protect\n|move|p2b: Iron Hands|Wild Charge|p1b: Ogerpon\n|-activate|p1b: Ogerpon|move: Protect\n|-damage|p2b: Iron Hands|88\/100|[from] Spiky Shield|[of] p1b: Ogerpon\n|\n|upkeep\n|turn|7\n|\n|t:|1700354566\n|move|p1a: Amoonguss|Rage Powder|p1a: Amoonguss\n|-singleturn|p1a: Amoonguss|move: Rage Powder\n|move|p1b: Ogerpon|Ivy Cudgel|p2b: Iron Hands|[anim] Ivy Cudgel Water\n|-damage|p2b: Iron Hands|34\/100\n|move|p2a: Mamoswine|Icicle Crash|p1a: Amoonguss\n|-supereffective|p1a: Amoonguss\n|-damage|p1a: Amoonguss|0 fnt\n|faint|p1a: Amoonguss\n|move|p2b: Iron Hands|Wild Charge|p1b: Ogerpon\n|-supereffective|p1b: Ogerpon\n|-damage|p1b: Ogerpon|0 fnt\n|faint|p1b: Ogerpon\n|-damage|p2b: Iron Hands|17\/100|[from] Recoil\n|\n|upkeep\n|\n|t:|1700354581\n|switch|p1b: Heatran|Heatran, L50, F|25\/100\n|turn|8\n|\n|t:|1700354585\n|move|p2a: Mamoswine|High Horsepower|p1b: Heatran\n|-supereffective|p1b: Heatran\n|-damage|p1b: Heatran|0 fnt\n|faint|p1b: Heatran\n|\n|win|Conchoboar3\n|raw|Heavygc21's rating: 1239 &rarr; <strong>1221<\/strong><br \/>(-18 for losing)\n|raw|Conchoboar3's rating: 1337 &rarr; <strong>1352<\/strong><br \/>(+15 for winning)\n|l|\u2606Heavygc21\n","uploadtime":1700354596,"views":13,"p1id":"heavygc21","p2id":"conchoboar3","formatid":"gen9vgc2023regulatione","rating":1221,"private":0,"password":""}