{"id":"gen9vgc2023regulatione-1990966497","p1":"AXELLARAMENA","p2":"TU-Exprimo","format":"[Gen 9] VGC 2023 Regulation E","log":"|j|\u2606AXELLARAMENA\n|j|\u2606TU-Exprimo\n|t:|1700020880\n|gametype|doubles\n|player|p1|AXELLARAMENA|1|1069\n|player|p2|TU-Exprimo|psychic-gen4|1115\n|teamsize|p1|6\n|teamsize|p2|6\n|gen|9\n|tier|[Gen 9] VGC 2023 Regulation E\n|rated|\n|rule|Species Clause: Limit one of each Pok\u00e9mon\n|rule|Item Clause: Limit one of each item\n|clearpoke\n|poke|p1|Torterra, L50, M|\n|poke|p1|Sinistcha, L50|\n|poke|p1|Grumpig, L50, M|\n|poke|p1|Talonflame, L50, F|\n|poke|p1|Ursaluna-Bloodmoon, L50, M|\n|poke|p1|Indeedee-F, L50, F|\n|poke|p2|Grimmsnarl, L50, M|\n|poke|p2|Arcanine-Hisui, L50, M|\n|poke|p2|Ogerpon-Wellspring, L50, F|\n|poke|p2|Corviknight, L50, F|\n|poke|p2|Roaring Moon, L50|\n|poke|p2|Spectrier, L50|\n|teampreview|4\n|inactive|Battle timer is ON: inactive players will automatically lose when time's up. (requested by TU-Exprimo)\n|\n|t:|1700020910\n|start\n|switch|p1a: Grumpig|Grumpig, L50, M, shiny|100\/100\n|switch|p1b: Indeedee|Indeedee-F, L50, F|100\/100\n|switch|p2a: Grimmsnarl|Grimmsnarl, L50, M, shiny|100\/100\n|switch|p2b: Corviknight|Corviknight, L50, F, shiny|100\/100\n|-fieldstart|move: Psychic Terrain|[from] ability: Psychic Surge|[of] p1b: Indeedee\n|-enditem|p1b: Indeedee|Psychic Seed\n|-boost|p1b: Indeedee|spd|1|[from] item: Psychic Seed\n|turn|1\n|\n|t:|1700020934\n|switch|p1b: Ursaluna|Ursaluna-Bloodmoon, L50, M|100\/100\n|move|p2a: Grimmsnarl|Light Screen|p2a: Grimmsnarl\n|-sidestart|p2: TU-Exprimo|move: Light Screen\n|move|p1a: Grumpig|Simple Beam|p1b: Ursaluna\n|-endability|p1b: Ursaluna|Mind's Eye|[from] move: Simple Beam\n|-ability|p1b: Ursaluna|Simple|[from] move: Simple Beam\n|move|p2b: Corviknight|Iron Head|p1a: Grumpig\n|-damage|p1a: Grumpig|77\/100\n|\n|upkeep\n|turn|2\n|inactive|AXELLARAMENA has 30 seconds left.\n|inactive|TU-Exprimo has 30 seconds left.\n|inactive|AXELLARAMENA has 20 seconds left.\n|inactive|TU-Exprimo has 20 seconds left.\n|inactive|AXELLARAMENA has 15 seconds left.\n|\n|t:|1700020975\n|move|p1b: Ursaluna|Protect|p1b: Ursaluna\n|-singleturn|p1b: Ursaluna|Protect\n|move|p2b: Corviknight|Tailwind|p2b: Corviknight\n|-sidestart|p2: TU-Exprimo|move: Tailwind\n|move|p2a: Grimmsnarl|Spirit Break|p1b: Ursaluna\n|-activate|p1b: Ursaluna|move: Protect\n|move|p1a: Grumpig|Trick Room|p1a: Grumpig\n|-fieldstart|move: Trick Room|[of] p1a: Grumpig\n|\n|upkeep\n|turn|3\n|\n|t:|1700020998\n|switch|p1a: Indeedee|Indeedee-F, L50, F|100\/100\n|move|p1b: Ursaluna|Calm Mind|p1b: Ursaluna\n|-boost|p1b: Ursaluna|spa|2\n|-boost|p1b: Ursaluna|spd|2\n|move|p2a: Grimmsnarl|Spirit Break|p1b: Ursaluna\n|-damage|p1b: Ursaluna|79\/100\n|-unboost|p1b: Ursaluna|spa|2\n|move|p2b: Corviknight|Iron Head|p1a: Indeedee\n|-damage|p1a: Indeedee|75\/100\n|\n|upkeep\n|turn|4\n|\n|t:|1700021018\n|move|p1a: Indeedee|Follow Me|p1a: Indeedee\n|-singleturn|p1a: Indeedee|move: Follow Me\n|move|p1b: Ursaluna|Calm Mind|p1b: Ursaluna\n|-boost|p1b: Ursaluna|spa|2\n|-boost|p1b: Ursaluna|spd|2\n|move|p2a: Grimmsnarl|Spirit Break|p1a: Indeedee\n|-damage|p1a: Indeedee|44\/100\n|-unboost|p1a: Indeedee|spa|1\n|move|p2b: Corviknight|Brave Bird|p1a: Indeedee\n|-damage|p1a: Indeedee|4\/100\n|-damage|p2b: Corviknight|89\/100|[from] Recoil\n|\n|-heal|p2b: Corviknight|95\/100|[from] item: Leftovers\n|upkeep\n|turn|5\n|\n|t:|1700021039\n|move|p1a: Indeedee|Follow Me|p1a: Indeedee\n|-singleturn|p1a: Indeedee|move: Follow Me\n|move|p1b: Ursaluna|Hyper Voice|p2a: Grimmsnarl|[spread] p2a,p2b\n|-resisted|p2b: Corviknight\n|-damage|p2a: Grimmsnarl|54\/100\n|-damage|p2b: Corviknight|70\/100\n|-enditem|p1b: Ursaluna|Throat Spray\n|-boost|p1b: Ursaluna|spa|2|[from] item: Throat Spray\n|move|p2a: Grimmsnarl|Spirit Break|p1a: Indeedee\n|-damage|p1a: Indeedee|0 fnt\n|faint|p1a: Indeedee\n|move|p2b: Corviknight|Iron Head|p1b: Ursaluna\n|-damage|p1b: Ursaluna|60\/100\n|\n|-heal|p2b: Corviknight|77\/100|[from] item: Leftovers\n|-sideend|p2: TU-Exprimo|move: Tailwind\n|-fieldend|move: Psychic Terrain\n|upkeep\n|\n|t:|1700021056\n|switch|p1a: Sinistcha|Sinistcha, L50, shiny|100\/100\n|-heal|p1b: Ursaluna|85\/100|[from] ability: Hospitality|[of] p1a: Sinistcha\n|turn|6\n|\n|t:|1700021077\n|move|p1b: Ursaluna|Hyper Voice|p2a: Grimmsnarl|[spread] p2a,p2b\n|-crit|p2a: Grimmsnarl\n|-resisted|p2b: Corviknight\n|-damage|p2a: Grimmsnarl|0 fnt\n|-damage|p2b: Corviknight|40\/100\n|faint|p2a: Grimmsnarl\n|move|p2b: Corviknight|Tailwind|p2b: Corviknight\n|-sidestart|p2: TU-Exprimo|move: Tailwind\n|move|p1a: Sinistcha|Matcha Gotcha|p2b: Corviknight\n|-resisted|p2b: Corviknight\n|-damage|p2b: Corviknight|34\/100\n|-status|p2b: Corviknight|brn\n|\n|-heal|p2b: Corviknight|41\/100 brn|[from] item: Leftovers\n|-damage|p2b: Corviknight|34\/100 brn|[from] brn\n|-fieldend|move: Trick Room\n|upkeep\n|\n|t:|1700021097\n|switch|p2a: Arcanine|Arcanine-Hisui, L50, M|100\/100\n|-ability|p2a: Arcanine|Intimidate|boost\n|-unboost|p1a: Sinistcha|atk|1\n|-unboost|p1b: Ursaluna|atk|2\n|turn|7\n|\n|t:|1700021119\n|-terastallize|p1a: Sinistcha|Normal\n|move|p2a: Arcanine|Flare Blitz|p1a: Sinistcha\n|-damage|p1a: Sinistcha|47\/100\n|-damage|p2a: Arcanine|84\/100|[from] item: Rocky Helmet|[of] p1a: Sinistcha\n|-damage|p2a: Arcanine|70\/100|[from] Recoil\n|move|p2b: Corviknight|Brave Bird|p1a: Sinistcha\n|-damage|p1a: Sinistcha|31\/100\n|-damage|p2b: Corviknight|18\/100 brn|[from] item: Rocky Helmet|[of] p1a: Sinistcha\n|-damage|p2b: Corviknight|13\/100 brn|[from] Recoil\n|move|p1b: Ursaluna|Calm Mind|p1b: Ursaluna\n|-boost|p1b: Ursaluna|spa|2\n|-boost|p1b: Ursaluna|spd|2\n|move|p1a: Sinistcha|Trick Room|p1a: Sinistcha\n|-fieldstart|move: Trick Room|[of] p1a: Sinistcha\n|\n|-heal|p2b: Corviknight|19\/100 brn|[from] item: Leftovers\n|-damage|p2b: Corviknight|13\/100 brn|[from] brn\n|upkeep\n|turn|8\n|inactive|TU-Exprimo has 30 seconds left.\n|\n|t:|1700021147\n|move|p1b: Ursaluna|Hyper Voice|p2b: Corviknight|[spread] p2a,p2b\n|-resisted|p2a: Arcanine\n|-resisted|p2b: Corviknight\n|-damage|p2a: Arcanine|19\/100\n|-damage|p2b: Corviknight|0 fnt\n|faint|p2b: Corviknight\n|move|p1a: Sinistcha|Life Dew|p1a: Sinistcha|[spread] p1a,p1b\n|-heal|p1a: Sinistcha|56\/100\n|-heal|p1b: Ursaluna|100\/100\n|move|p2a: Arcanine|Rock Slide|p1b: Ursaluna|[spread] p1a,p1b\n|-resisted|p1b: Ursaluna\n|-damage|p1a: Sinistcha|31\/100\n|-damage|p1b: Ursaluna|89\/100\n|\n|-sideend|p2: TU-Exprimo|move: Light Screen\n|upkeep\n|\n|t:|1700021152\n|switch|p2b: Roaring Moon|Roaring Moon, L50|100\/100\n|turn|9\n|\n|t:|1700021166\n|-terastallize|p2b: Roaring Moon|Ground\n|move|p2a: Arcanine|Protect|p2a: Arcanine\n|-singleturn|p2a: Arcanine|Protect\n|move|p1b: Ursaluna|Hyper Voice|p2b: Roaring Moon|[spread] p2b\n|-activate|p2a: Arcanine|move: Protect\n|-damage|p2b: Roaring Moon|19\/100\n|move|p1a: Sinistcha|Life Dew|p1a: Sinistcha|[spread] p1a,p1b\n|-heal|p1a: Sinistcha|56\/100\n|-heal|p1b: Ursaluna|100\/100\n|move|p2b: Roaring Moon|Earthquake|p1b: Ursaluna|[spread] p1a,p1b\n|-activate|p2a: Arcanine|move: Protect\n|-damage|p1a: Sinistcha|18\/100\n|-damage|p1b: Ursaluna|69\/100\n|\n|-sideend|p2: TU-Exprimo|move: Tailwind\n|upkeep\n|turn|10\n|-message|TU-Exprimo forfeited.\n|\n|win|AXELLARAMENA\n|raw|AXELLARAMENA's rating: 1069 &rarr; <strong>1103<\/strong><br \/>(+34 for winning)\n|raw|TU-Exprimo's rating: 1115 &rarr; <strong>1087<\/strong><br \/>(-28 for losing)\n|l|\u2606TU-Exprimo\n","uploadtime":1700021207,"views":24,"p1id":"axellaramena","p2id":"tuexprimo","formatid":"gen9vgc2023regulatione","rating":1087,"private":0,"password":""}