{"id":"gen9vgc2023regulatione-1991492909","p1":"alecphil","p2":"M2P lugui","format":"[Gen 9] VGC 2023 Regulation E","log":"|j|\u2606alecphil\n|j|\u2606M2P lugui\n|t:|1700081944\n|gametype|doubles\n|player|p1|alecphil|2|1106\n|player|p2|M2P lugui|n|1042\n|teamsize|p1|6\n|teamsize|p2|6\n|gen|9\n|tier|[Gen 9] VGC 2023 Regulation E\n|rated|\n|rule|Species Clause: Limit one of each Pok\u00e9mon\n|rule|Item Clause: Limit one of each item\n|clearpoke\n|poke|p1|Urshifu-*, L50, M|\n|poke|p1|Flutter Mane, L50|\n|poke|p1|Regieleki, L50|\n|poke|p1|Meowscarada, L50, M|\n|poke|p1|Chi-Yu, L50|\n|poke|p1|Iron Treads, L50|\n|poke|p2|Charizard, L50, M|\n|poke|p2|Torkoal, L50, F|\n|poke|p2|Lilligant-Hisui, L50, F|\n|poke|p2|Pelipper, L50, M|\n|poke|p2|Sableye, L50, F|\n|poke|p2|Gliscor, L50, M|\n|teampreview|4\n|\n|t:|1700081973\n|start\n|switch|p1a: Regieleki|Regieleki, L50, shiny|100\/100\n|switch|p1b: Urshifu|Urshifu-Rapid-Strike, L50, M|100\/100\n|switch|p2a: Charizard|Charizard, L50, M|100\/100\n|switch|p2b: Torkoal|Torkoal, L50, F|100\/100\n|-weather|SunnyDay|[from] ability: Drought|[of] p2b: Torkoal\n|turn|1\n|\n|t:|1700081998\n|switch|p2a: Gliscor|Gliscor, L50, M|100\/100\n|-terastallize|p1b: Urshifu|Ground\n|move|p1a: Regieleki|Electroweb|p2a: Gliscor|[spread] p2b\n|-immune|p2a: Gliscor\n|-damage|p2b: Torkoal|61\/100\n|-unboost|p2b: Torkoal|spe|1\n|move|p1b: Urshifu|Surging Strikes|p2b: Torkoal\n|-supereffective|p2b: Torkoal\n|-crit|p2b: Torkoal\n|-damage|p2b: Torkoal|46\/100\n|-supereffective|p2b: Torkoal\n|-crit|p2b: Torkoal\n|-damage|p2b: Torkoal|33\/100\n|-supereffective|p2b: Torkoal\n|-crit|p2b: Torkoal\n|-damage|p2b: Torkoal|18\/100\n|-hitcount|p2b: Torkoal|3\n|move|p2b: Torkoal|Earth Power|p1a: Regieleki\n|-supereffective|p1a: Regieleki\n|-damage|p1a: Regieleki|0 fnt\n|faint|p1a: Regieleki\n|\n|-weather|SunnyDay|[upkeep]\n|-heal|p2b: Torkoal|24\/100|[from] item: Leftovers\n|-status|p2a: Gliscor|tox|[from] item: Toxic Orb\n|upkeep\n|\n|t:|1700082019\n|switch|p1a: Chi-Yu|Chi-Yu, L50|100\/100\n|-ability|p1a: Chi-Yu|Beads of Ruin\n|turn|2\n|\n|t:|1700082026\n|move|p1a: Chi-Yu|Heat Wave|p2b: Torkoal|[spread] p2a,p2b\n|-resisted|p2b: Torkoal\n|-damage|p2a: Gliscor|0 fnt\n|-damage|p2b: Torkoal|0 fnt\n|faint|p2a: Gliscor\n|faint|p2b: Torkoal\n|move|p1b: Urshifu|Surging Strikes|p2: Gliscor|[notarget]\n|-fail|p1b: Urshifu\n|\n|-weather|SunnyDay|[upkeep]\n|upkeep\n|\n|t:|1700082029\n|switch|p2a: Charizard|Charizard, L50, M|100\/100\n|switch|p2b: Pelipper|Pelipper, L50, M|100\/100\n|-weather|RainDance|[from] ability: Drizzle|[of] p2b: Pelipper\n|turn|3\n|\n|t:|1700082042\n|switch|p1a: Iron Treads|Iron Treads, L50|100\/100\n|-terastallize|p2a: Charizard|Water\n|move|p2a: Charizard|Weather Ball|p1a: Iron Treads\n|-supereffective|p1a: Iron Treads\n|-damage|p1a: Iron Treads|0 fnt\n|faint|p1a: Iron Treads\n|-end|p1a: Iron Treads|Quark Drive|[silent]\n|-damage|p2a: Charizard|91\/100|[from] item: Life Orb\n|move|p1b: Urshifu|Surging Strikes|p2a: Charizard\n|-resisted|p2a: Charizard\n|-crit|p2a: Charizard\n|-damage|p2a: Charizard|68\/100\n|-resisted|p2a: Charizard\n|-crit|p2a: Charizard\n|-damage|p2a: Charizard|45\/100\n|-resisted|p2a: Charizard\n|-crit|p2a: Charizard\n|-damage|p2a: Charizard|24\/100\n|-hitcount|p2a: Charizard|3\n|move|p2b: Pelipper|Tailwind|p2b: Pelipper\n|-sidestart|p2: M2P lugui|move: Tailwind\n|\n|-weather|RainDance|[upkeep]\n|upkeep\n|\n|t:|1700082054\n|switch|p1a: Chi-Yu|Chi-Yu, L50|100\/100\n|-ability|p1a: Chi-Yu|Beads of Ruin\n|turn|4\n|\n|t:|1700082062\n|move|p2a: Charizard|Weather Ball|p1a: Chi-Yu\n|-supereffective|p1a: Chi-Yu\n|-damage|p1a: Chi-Yu|0 fnt\n|faint|p1a: Chi-Yu\n|-damage|p2a: Charizard|14\/100|[from] item: Life Orb\n|move|p2b: Pelipper|Icy Wind|p1b: Urshifu\n|-supereffective|p1b: Urshifu\n|-damage|p1b: Urshifu|62\/100\n|-unboost|p1b: Urshifu|spe|1\n|move|p1b: Urshifu|Surging Strikes|p2b: Pelipper\n|-resisted|p2b: Pelipper\n|-crit|p2b: Pelipper\n|-damage|p2b: Pelipper|89\/100\n|-damage|p1b: Urshifu|45\/100|[from] item: Rocky Helmet|[of] p2b: Pelipper\n|-resisted|p2b: Pelipper\n|-crit|p2b: Pelipper\n|-damage|p2b: Pelipper|77\/100\n|-damage|p1b: Urshifu|29\/100|[from] item: Rocky Helmet|[of] p2b: Pelipper\n|-resisted|p2b: Pelipper\n|-crit|p2b: Pelipper\n|-damage|p2b: Pelipper|66\/100\n|-damage|p1b: Urshifu|12\/100|[from] item: Rocky Helmet|[of] p2b: Pelipper\n|-enditem|p1b: Urshifu|Figy Berry|[eat]\n|-heal|p1b: Urshifu|45\/100|[from] item: Figy Berry\n|-hitcount|p2b: Pelipper|3\n|\n|-weather|RainDance|[upkeep]\n|upkeep\n|turn|5\n|\n|t:|1700082073\n|move|p2a: Charizard|Weather Ball|p1b: Urshifu\n|-supereffective|p1b: Urshifu\n|-damage|p1b: Urshifu|0 fnt\n|faint|p1b: Urshifu\n|-damage|p2a: Charizard|4\/100|[from] item: Life Orb\n|\n|win|M2P lugui\n|raw|alecphil's rating: 1106 &rarr; <strong>1076<\/strong><br \/>(-30 for losing)\n|raw|M2P lugui's rating: 1042 &rarr; <strong>1082<\/strong><br \/>(+40 for winning)\n","uploadtime":1700082077,"views":19,"p1id":"alecphil","p2id":"m2plugui","formatid":"gen9vgc2023regulatione","rating":1076,"private":0,"password":""}