{"id":"gen9vgc2023regulatione-1999071977","p1":"justin tang fan","p2":"5wamp","format":"[Gen 9] VGC 2023 Regulation E","log":"|j|\u2606justin tang fan\n|j|\u26065wamp\n|n|\u2606justin tang fan|justintangfan\n|n|\u26065wamp|5wamp\n|html|View the match progress at <a href=\"\/game-bestof3-gen9vgc2023regulatione-1999071976\">game-bestof3-gen9vgc2023regulatione-1999071976<\/a>\n|t:|1701030151\n|gametype|doubles\n|player|p1|justin tang fan|parasollady-gen4|\n|player|p2|5wamp|carmine-festival|\n|teamsize|p1|6\n|teamsize|p2|6\n|gen|9\n|tier|[Gen 9] VGC 2023 Regulation E\n|rule|Species Clause: Limit one of each Pok\u00e9mon\n|rule|Item Clause: Limit one of each item\n|clearpoke\n|poke|p1|Urshifu-*, L50, F|\n|poke|p1|Rillaboom, L50, F|\n|poke|p1|Kleavor, L50, F|\n|poke|p1|Drifblim, L50, M|\n|poke|p1|Weavile, L50, F|\n|poke|p1|Grimer-Alola, L50, F|\n|poke|p2|Tornadus, L50, M|\n|poke|p2|Trevenant, L50, M|\n|poke|p2|Clefable, L50, F|\n|poke|p2|Golem-Alola, L50, M|\n|poke|p2|Gholdengo, L50|\n|poke|p2|Leafeon, L50, F|\n|teampreview|4\n|inactive|Battle timer is ON: inactive players will automatically lose when time's up. (requested by justin tang fan)\n|c|\u26065wamp|glhf\n|inactiveoff|Battle timer is now OFF.\n|c|\u2606justin tang fan|glhf\n|j| idolhunter28273\n|j| MikeTitan\n|c| idolhunter28273|here we gooooooooooooo\n|c| idolhunter28273|glhf to both of ya!\n|c|\u26065wamp|tyty\n|\n|t:|1701030216\n|start\n|switch|p1a: Kleavor|Kleavor, L50, F|100\/100\n|switch|p1b: Weavile|Weavile, L50, F|100\/100\n|switch|p2a: Tornadus|Tornadus, L50, M|100\/100\n|switch|p2b: Gholdengo|Gholdengo, L50|100\/100\n|-ability|p1b: Weavile|Pressure\n|turn|1\n|\n|t:|1701030239\n|-terastallize|p2b: Gholdengo|Fire\n|move|p1a: Kleavor|Protect|p1a: Kleavor\n|-singleturn|p1a: Kleavor|Protect\n|move|p2a: Tornadus|Tailwind|p2a: Tornadus\n|-sidestart|p2: 5wamp|move: Tailwind\n|move|p2b: Gholdengo|Make It Rain|p1a: Kleavor|[spread] p1b\n|-activate|p1a: Kleavor|move: Protect\n|-supereffective|p1b: Weavile\n|-enditem|p1b: Weavile|Focus Sash\n|-damage|p1b: Weavile|1\/100\n|-unboost|p2b: Gholdengo|spa|1\n|move|p1b: Weavile|Knock Off|p2b: Gholdengo\n|-damage|p2b: Gholdengo|42\/100\n|-enditem|p2b: Gholdengo|Choice Scarf|[from] move: Knock Off|[of] p1b: Weavile\n|\n|upkeep\n|turn|2\n|\n|t:|1701030271\n|-terastallize|p1a: Kleavor|Fire\n|move|p1b: Weavile|Protect|p1b: Weavile\n|-singleturn|p1b: Weavile|Protect\n|move|p2a: Tornadus|Bleakwind Storm|p1a: Kleavor|[spread] p1a\n|-activate|p1b: Weavile|move: Protect\n|-damage|p1a: Kleavor|48\/100\n|-enditem|p1a: Kleavor|Sitrus Berry|[eat]\n|-heal|p1a: Kleavor|73\/100|[from] item: Sitrus Berry\n|move|p2b: Gholdengo|Make It Rain|p1a: Kleavor|[spread] p1a\n|-activate|p1b: Weavile|move: Protect\n|-resisted|p1a: Kleavor\n|-damage|p1a: Kleavor|47\/100\n|-unboost|p2b: Gholdengo|spa|1\n|move|p1a: Kleavor|Stone Axe|p2a: Tornadus\n|-supereffective|p2a: Tornadus\n|-crit|p2a: Tornadus\n|-damage|p2a: Tornadus|0 fnt\n|-sidestart|p2: 5wamp|move: Stealth Rock\n|faint|p2a: Tornadus\n|\n|upkeep\n|j| Pokemon_and_beer\n|\n|t:|1701030278\n|switch|p2a: Leafeon|Leafeon, L50, F|100\/100\n|-damage|p2a: Leafeon|89\/100|[from] Stealth Rock\n|turn|3\n|l| Pokemon_and_beer\n|\n|t:|1701030301\n|move|p1b: Weavile|Ice Shard|p2a: Leafeon\n|-supereffective|p2a: Leafeon\n|-damage|p2a: Leafeon|47\/100\n|move|p2b: Gholdengo|Make It Rain|p1b: Weavile|[spread] p1a,p1b\n|-resisted|p1a: Kleavor\n|-supereffective|p1b: Weavile\n|-damage|p1a: Kleavor|25\/100\n|-damage|p1b: Weavile|0 fnt\n|-unboost|p2b: Gholdengo|spa|1\n|faint|p1b: Weavile\n|move|p2a: Leafeon|Knock Off|p1a: Kleavor\n|-damage|p1a: Kleavor|0 fnt\n|faint|p1a: Kleavor\n|-damage|p2a: Leafeon|38\/100|[from] item: Life Orb\n|\n|upkeep\n|\n|t:|1701030312\n|switch|p1b: Rillaboom|Rillaboom, L50, F|100\/100\n|switch|p1a: Urshifu|Urshifu-Rapid-Strike, L50, F|100\/100\n|-fieldstart|move: Grassy Terrain|[from] ability: Grassy Surge|[of] p1b: Rillaboom\n|turn|4\n|\n|t:|1701030328\n|move|p1b: Rillaboom|Fake Out|p2a: Leafeon\n|-damage|p2a: Leafeon|25\/100\n|move|p2b: Gholdengo|Tera Blast|p1b: Rillaboom|[anim] Tera Blast Fire\n|-supereffective|p1b: Rillaboom\n|-damage|p1b: Rillaboom|73\/100\n|cant|p2a: Leafeon|flinch\n|move|p1a: Urshifu|Surging Strikes|p2a: Leafeon\n|-resisted|p2a: Leafeon\n|-crit|p2a: Leafeon\n|-damage|p2a: Leafeon|16\/100\n|-resisted|p2a: Leafeon\n|-crit|p2a: Leafeon\n|-damage|p2a: Leafeon|6\/100\n|-resisted|p2a: Leafeon\n|-crit|p2a: Leafeon\n|-damage|p2a: Leafeon|0 fnt\n|faint|p2a: Leafeon\n|-hitcount|p2: Leafeon|3\n|\n|-heal|p2b: Gholdengo|48\/100|[from] Grassy Terrain\n|-heal|p1b: Rillaboom|79\/100|[from] Grassy Terrain\n|-sideend|p2: 5wamp|move: Tailwind\n|upkeep\n|\n|t:|1701030333\n|switch|p2a: Clefable|Clefable, L50, F|100\/100\n|-damage|p2a: Clefable|88\/100|[from] Stealth Rock\n|turn|5\n|\n|t:|1701030348\n|move|p1b: Rillaboom|Grassy Glide|p2a: Clefable\n|-damage|p2a: Clefable|57\/100\n|-damage|p1b: Rillaboom|63\/100|[from] item: Rocky Helmet|[of] p2a: Clefable\n|move|p1a: Urshifu|Surging Strikes|p2b: Gholdengo\n|-supereffective|p2b: Gholdengo\n|-crit|p2b: Gholdengo\n|-damage|p2b: Gholdengo|3\/100\n|-supereffective|p2b: Gholdengo\n|-crit|p2b: Gholdengo\n|-damage|p2b: Gholdengo|0 fnt\n|faint|p2b: Gholdengo\n|-hitcount|p2: Gholdengo|2\n|move|p2a: Clefable|Moonblast|p1a: Urshifu\n|-supereffective|p1a: Urshifu\n|-damage|p1a: Urshifu|3\/100\n|\n|-heal|p1a: Urshifu|9\/100|[from] Grassy Terrain\n|-heal|p1b: Rillaboom|68\/100|[from] Grassy Terrain\n|-heal|p2a: Clefable|63\/100|[from] Grassy Terrain\n|upkeep\n|turn|6\n|\n|t:|1701030357\n|move|p1b: Rillaboom|Grassy Glide|p2a: Clefable\n|-damage|p2a: Clefable|33\/100\n|-damage|p1b: Rillaboom|52\/100|[from] item: Rocky Helmet|[of] p2a: Clefable\n|move|p1a: Urshifu|Surging Strikes|p2a: Clefable\n|-crit|p2a: Clefable\n|-damage|p2a: Clefable|14\/100\n|-damage|p1a: Urshifu|0 fnt|[from] item: Rocky Helmet|[of] p2a: Clefable\n|faint|p1a: Urshifu\n|-hitcount|p2a: Clefable|1\n|move|p2a: Clefable|Moonblast|p1b: Rillaboom\n|-damage|p1b: Rillaboom|27\/100\n|\n|-heal|p1b: Rillaboom|33\/100|[from] Grassy Terrain\n|-heal|p2a: Clefable|20\/100|[from] Grassy Terrain\n|upkeep\n|turn|7\n|c|\u26065wamp|gg\n|\n|t:|1701030369\n|move|p1b: Rillaboom|Grassy Glide|p2a: Clefable\n|-damage|p2a: Clefable|0 fnt\n|-damage|p1b: Rillaboom|17\/100|[from] item: Rocky Helmet|[of] p2a: Clefable\n|faint|p2a: Clefable\n|\n|win|justin tang fan\n|c|\u2606justin tang fan|gg\n|c|&|\/uhtml prompt-5wamp,5wamp is ready for game 2!\n|c|&|\/uhtml prompt-justintangfan,justin tang fan is ready for game 2!\nBoth players are ready! Starting next match!\n|l| idolhunter28273\n|l| MikeTitan\n","uploadtime":1701030908,"views":19,"p1id":"justintangfan","p2id":"5wamp","formatid":"gen9vgc2023regulatione","rating":0,"private":0,"password":""}