{"id":"gen9vgc2023regulatione-1993295673","p1":"maximkompy","p2":"KimiTheWeeb","format":"[Gen 9] VGC 2023 Regulation E","log":"|j|\u2606maximkompy\n|j|\u2606KimiTheWeeb\n|t:|1700292471\n|gametype|doubles\n|player|p1|maximkompy|266|1318\n|player|p2|KimiTheWeeb|maid|1374\n|teamsize|p1|6\n|teamsize|p2|6\n|gen|9\n|tier|[Gen 9] VGC 2023 Regulation E\n|rated|\n|rule|Species Clause: Limit one of each Pok\u00e9mon\n|rule|Item Clause: Limit one of each item\n|clearpoke\n|poke|p1|Iron Hands, L50|\n|poke|p1|Kingambit, L50, M|\n|poke|p1|Cresselia, L50, F|\n|poke|p1|Scizor, L50, M|\n|poke|p1|Ursaluna, L50, F|\n|poke|p1|Ogerpon-Hearthflame, L50, F|\n|poke|p2|Kommo-o, L50, F|\n|poke|p2|Clefairy, L50, F|\n|poke|p2|Arcanine-Hisui, L50, F|\n|poke|p2|Rillaboom, L50, F|\n|poke|p2|Milotic, L50, M|\n|poke|p2|Flutter Mane, L50|\n|teampreview|4\n|inactive|Battle timer is ON: inactive players will automatically lose when time's up. (requested by maximkompy)\n|\n|t:|1700292500\n|start\n|switch|p1a: Scizor|Scizor, L50, M|100\/100\n|switch|p1b: Cresselia|Cresselia, L50, F|100\/100\n|switch|p2a: Rillaboom|Rillaboom, L50, F|100\/100\n|switch|p2b: Kommo-o|Kommo-o, L50, F|100\/100\n|-fieldstart|move: Grassy Terrain|[from] ability: Grassy Surge|[of] p2a: Rillaboom\n|turn|1\n|\n|t:|1700292515\n|move|p2a: Rillaboom|Fake Out|p1b: Cresselia\n|-damage|p1b: Cresselia|91\/100\n|move|p2b: Kommo-o|Clangorous Soul|p2b: Kommo-o\n|-boost|p2b: Kommo-o|atk|1\n|-boost|p2b: Kommo-o|def|1\n|-boost|p2b: Kommo-o|spa|1\n|-boost|p2b: Kommo-o|spd|1\n|-boost|p2b: Kommo-o|spe|1\n|-damage|p2b: Kommo-o|68\/100\n|move|p1a: Scizor|U-turn|p2a: Rillaboom\n|-supereffective|p2a: Rillaboom\n|-damage|p2a: Rillaboom|0 fnt\n|faint|p2a: Rillaboom\n|\n|t:|1700292526\n|switch|p1a: Iron Hands|Iron Hands, L50|100\/100|[from] U-turn\n|-enditem|p1a: Iron Hands|Booster Energy\n|-activate|p1a: Iron Hands|ability: Quark Drive|[fromitem]\n|-start|p1a: Iron Hands|quarkdriveatk\n|cant|p1b: Cresselia|flinch\n|\n|-heal|p2b: Kommo-o|74\/100|[from] Grassy Terrain\n|-heal|p2b: Kommo-o|80\/100|[from] item: Leftovers\n|-heal|p1b: Cresselia|97\/100|[from] item: Leftovers\n|upkeep\n|\n|t:|1700292540\n|switch|p2a: Arcanine|Arcanine-Hisui, L50, F|100\/100\n|-ability|p2a: Arcanine|Intimidate|boost\n|-unboost|p1a: Iron Hands|atk|1\n|-unboost|p1b: Cresselia|atk|1\n|turn|2\n|\n|t:|1700292550\n|switch|p2a: Flutter Mane|Flutter Mane, L50|100\/100\n|-enditem|p2a: Flutter Mane|Booster Energy\n|-activate|p2a: Flutter Mane|ability: Protosynthesis|[fromitem]\n|-start|p2a: Flutter Mane|protosynthesisspe\n|move|p2b: Kommo-o|Protect|p2b: Kommo-o\n|-singleturn|p2b: Kommo-o|Protect\n|move|p1a: Iron Hands|Fake Out|p2b: Kommo-o\n|-activate|p2b: Kommo-o|move: Protect\n|move|p1b: Cresselia|Trick Room|p1b: Cresselia\n|-fieldstart|move: Trick Room|[of] p1b: Cresselia\n|\n|-heal|p1b: Cresselia|100\/100|[from] item: Leftovers\n|-heal|p2b: Kommo-o|86\/100|[from] Grassy Terrain\n|-heal|p2b: Kommo-o|92\/100|[from] item: Leftovers\n|upkeep\n|turn|3\n|\n|t:|1700292573\n|move|p1a: Iron Hands|Wild Charge|p2a: Flutter Mane\n|-damage|p2a: Flutter Mane|21\/100\n|-damage|p1a: Iron Hands|90\/100|[from] Recoil\n|move|p1b: Cresselia|Psychic|p2b: Kommo-o\n|-supereffective|p2b: Kommo-o\n|-damage|p2b: Kommo-o|58\/100\n|move|p2b: Kommo-o|Clangorous Soul|p2b: Kommo-o\n|-boost|p2b: Kommo-o|atk|1\n|-boost|p2b: Kommo-o|def|1\n|-boost|p2b: Kommo-o|spa|1\n|-boost|p2b: Kommo-o|spd|1\n|-boost|p2b: Kommo-o|spe|1\n|-damage|p2b: Kommo-o|25\/100\n|move|p2a: Flutter Mane|Moonblast|p1a: Iron Hands\n|-supereffective|p1a: Iron Hands\n|-damage|p1a: Iron Hands|9\/100\n|\n|-heal|p1a: Iron Hands|15\/100|[from] Grassy Terrain\n|-heal|p2b: Kommo-o|31\/100|[from] Grassy Terrain\n|-heal|p2b: Kommo-o|37\/100|[from] item: Leftovers\n|-heal|p2a: Flutter Mane|27\/100|[from] Grassy Terrain\n|upkeep\n|turn|4\n|\n|t:|1700292596\n|move|p2b: Kommo-o|Protect|p2b: Kommo-o\n|-singleturn|p2b: Kommo-o|Protect\n|move|p2a: Flutter Mane|Protect|p2a: Flutter Mane\n|-singleturn|p2a: Flutter Mane|Protect\n|move|p1a: Iron Hands|Wild Charge|p2a: Flutter Mane\n|-activate|p2a: Flutter Mane|move: Protect\n|move|p1b: Cresselia|Psychic|p2b: Kommo-o\n|-activate|p2b: Kommo-o|move: Protect\n|\n|-heal|p1a: Iron Hands|21\/100|[from] Grassy Terrain\n|-heal|p2b: Kommo-o|43\/100|[from] Grassy Terrain\n|-heal|p2b: Kommo-o|49\/100|[from] item: Leftovers\n|-heal|p2a: Flutter Mane|33\/100|[from] Grassy Terrain\n|upkeep\n|turn|5\n|\n|t:|1700292616\n|-terastallize|p2b: Kommo-o|Steel\n|move|p1a: Iron Hands|Wild Charge|p2a: Flutter Mane\n|-damage|p2a: Flutter Mane|0 fnt\n|faint|p2a: Flutter Mane\n|-end|p2a: Flutter Mane|Protosynthesis|[silent]\n|-damage|p1a: Iron Hands|17\/100|[from] Recoil\n|move|p1b: Cresselia|Psychic|p2b: Kommo-o\n|-resisted|p2b: Kommo-o\n|-damage|p2b: Kommo-o|43\/100\n|move|p2b: Kommo-o|Clanging Scales|p1a: Iron Hands|[spread] p1a,p1b\n|-damage|p1a: Iron Hands|0 fnt\n|-damage|p1b: Cresselia|60\/100\n|faint|p1a: Iron Hands\n|-end|p1a: Iron Hands|Quark Drive|[silent]\n|-unboost|p2b: Kommo-o|def|1\n|\n|-heal|p1b: Cresselia|66\/100|[from] item: Leftovers\n|-heal|p2b: Kommo-o|49\/100|[from] Grassy Terrain\n|-heal|p2b: Kommo-o|55\/100|[from] item: Leftovers\n|-fieldend|move: Grassy Terrain\n|upkeep\n|\n|t:|1700292636\n|switch|p1a: Kingambit|Kingambit, L50, M|100\/100\n|switch|p2a: Arcanine|Arcanine-Hisui, L50, F|100\/100\n|-ability|p2a: Arcanine|Intimidate|boost\n|-unboost|p1a: Kingambit|atk|1\n|-ability|p1a: Kingambit|Defiant|boost\n|-boost|p1a: Kingambit|atk|2\n|-unboost|p1b: Cresselia|atk|1\n|turn|6\n|\n|t:|1700292650\n|-terastallize|p1a: Kingambit|Poison\n|move|p2b: Kommo-o|Protect|p2b: Kommo-o\n|-singleturn|p2b: Kommo-o|Protect\n|move|p1a: Kingambit|Kowtow Cleave|p2b: Kommo-o\n|-activate|p2b: Kommo-o|move: Protect\n|move|p1b: Cresselia|Psychic|p2b: Kommo-o\n|-activate|p2b: Kommo-o|move: Protect\n|move|p2a: Arcanine|Rock Slide|p1a: Kingambit|[spread] p1a,p1b\n|-damage|p1a: Kingambit|67\/100\n|-damage|p1b: Cresselia|39\/100\n|\n|-heal|p1b: Cresselia|45\/100|[from] item: Leftovers\n|-heal|p2b: Kommo-o|61\/100|[from] item: Leftovers\n|-fieldend|move: Trick Room\n|upkeep\n|turn|7\n|\n|t:|1700292669\n|move|p1a: Kingambit|Sucker Punch|p2b: Kommo-o\n|-damage|p2b: Kommo-o|21\/100\n|move|p2b: Kommo-o|Clanging Scales|p1b: Cresselia|[spread] p1a,p1b\n|-damage|p1a: Kingambit|8\/100\n|-damage|p1b: Cresselia|2\/100\n|-unboost|p2b: Kommo-o|def|1\n|move|p2a: Arcanine|Rock Slide|p1a: Kingambit|[spread] p1a,p1b\n|-crit|p1a: Kingambit\n|-damage|p1a: Kingambit|0 fnt\n|-damage|p1b: Cresselia|0 fnt\n|faint|p1a: Kingambit\n|faint|p1b: Cresselia\n|\n|-heal|p2b: Kommo-o|27\/100|[from] item: Leftovers\n|upkeep\n|\n|t:|1700292679\n|switch|p1b: Scizor|Scizor, L50, M|100\/100\n|turn|8\n|\n|t:|1700292689\n|move|p2b: Kommo-o|Protect|p2b: Kommo-o\n|-singleturn|p2b: Kommo-o|Protect\n|move|p1b: Scizor|Bullet Punch|p2b: Kommo-o\n|-activate|p2b: Kommo-o|move: Protect\n|move|p2a: Arcanine|Rock Slide|p1b: Scizor\n|-damage|p1b: Scizor|44\/100\n|\n|-heal|p2b: Kommo-o|33\/100|[from] item: Leftovers\n|upkeep\n|turn|9\n|\n|t:|1700292703\n|move|p1b: Scizor|Bullet Punch|p2a: Arcanine\n|-damage|p2a: Arcanine|38\/100\n|move|p2b: Kommo-o|Clanging Scales|p1b: Scizor\n|-resisted|p1b: Scizor\n|-damage|p1b: Scizor|0 fnt\n|faint|p1b: Scizor\n|\n|win|KimiTheWeeb\n|raw|maximkompy's rating: 1318 &rarr; <strong>1301<\/strong><br \/>(-17 for losing)\n|raw|KimiTheWeeb's rating: 1374 &rarr; <strong>1391<\/strong><br \/>(+17 for winning)\n|l|\u2606maximkompy\n","uploadtime":1700292732,"views":21,"p1id":"maximkompy","p2id":"kimitheweeb","formatid":"gen9vgc2023regulatione","rating":1301,"private":0,"password":""}