{"id":"gen9vgc2023regulatione-1990119577","p1":"lyyzxl4","p2":"Loswiththeemost","format":"[Gen 9] VGC 2023 Regulation E","log":"|j|\u2606lyyzxl4\n|j|\u2606Loswiththeemost\n|t:|1699926635\n|gametype|doubles\n|player|p1|lyyzxl4|swimmerf|1265\n|player|p2|Loswiththeemost|101|1219\n|teamsize|p1|6\n|teamsize|p2|6\n|gen|9\n|tier|[Gen 9] VGC 2023 Regulation E\n|rated|\n|rule|Species Clause: Limit one of each Pok\u00e9mon\n|rule|Item Clause: Limit one of each item\n|clearpoke\n|poke|p1|Dondozo, L50, F|\n|poke|p1|Tatsugiri, L50, M|\n|poke|p1|Iron Hands, L50|\n|poke|p1|Amoonguss, L50, M|\n|poke|p1|Drifblim, L50, F|\n|poke|p1|Clefairy, L50, F|\n|poke|p2|Chien-Pao, L50|\n|poke|p2|Amoonguss, L50, F|\n|poke|p2|Dragonite, L50, M|\n|poke|p2|Kingambit, L50, M|\n|poke|p2|Urshifu-*, L50, F|\n|poke|p2|Tornadus, L50, M|\n|teampreview|4\n|inactive|Battle timer is ON: inactive players will automatically lose when time's up. (requested by lyyzxl4)\nLoswiththeemost has agreed to open team sheets.\n|\n|t:|1699926663\n|start\n|switch|p1a: Clefairy|Clefairy, L50, F|100\/100\n|switch|p1b: Drifblim|Drifblim, L50, F|100\/100\n|switch|p2a: Urshifu|Urshifu-Rapid-Strike, L50, F|100\/100\n|switch|p2b: Tornadus|Tornadus, L50, M|100\/100\n|turn|1\n|\n|t:|1699926675\n|move|p1a: Clefairy|Follow Me|p1a: Clefairy\n|-singleturn|p1a: Clefairy|move: Follow Me\n|move|p2b: Tornadus|Taunt|p1a: Clefairy\n|-start|p1a: Clefairy|move: Taunt\n|move|p2a: Urshifu|Surging Strikes|p1a: Clefairy\n|-crit|p1a: Clefairy\n|-damage|p1a: Clefairy|76\/100\n|-crit|p1a: Clefairy\n|-damage|p1a: Clefairy|50\/100\n|-crit|p1a: Clefairy\n|-damage|p1a: Clefairy|25\/100\n|-enditem|p1a: Clefairy|Aguav Berry|[eat]\n|-heal|p1a: Clefairy|59\/100|[from] item: Aguav Berry\n|-hitcount|p1a: Clefairy|3\n|move|p1b: Drifblim|Minimize|p1b: Drifblim\n|-boost|p1b: Drifblim|evasion|2\n|\n|upkeep\n|turn|2\n|\n|t:|1699926699\n|move|p2b: Tornadus|Taunt|p1b: Drifblim\n|-start|p1b: Drifblim|move: Taunt\n|move|p2a: Urshifu|Surging Strikes|p1a: Clefairy\n|-crit|p1a: Clefairy\n|-damage|p1a: Clefairy|34\/100\n|-crit|p1a: Clefairy\n|-damage|p1a: Clefairy|7\/100\n|-crit|p1a: Clefairy\n|-damage|p1a: Clefairy|0 fnt\n|faint|p1a: Clefairy\n|-hitcount|p1: Clefairy|3\n|cant|p1b: Drifblim|move: Taunt|Minimize\n|\n|upkeep\n|\n|t:|1699926712\n|switch|p1a: Tatsugiri|Tatsugiri, L50, M|100\/100\n|turn|3\n|\n|t:|1699926722\n|switch|p2b: Amoonguss|Amoonguss, L50, F|100\/100\n|move|p2a: Urshifu|Surging Strikes|p1b: Drifblim\n|-crit|p1b: Drifblim\n|-damage|p1b: Drifblim|72\/100\n|-crit|p1b: Drifblim\n|-damage|p1b: Drifblim|44\/100\n|-enditem|p1b: Drifblim|Sitrus Berry|[eat]\n|-heal|p1b: Drifblim|69\/100|[from] item: Sitrus Berry\n|-crit|p1b: Drifblim\n|-damage|p1b: Drifblim|38\/100\n|-hitcount|p1b: Drifblim|3\n|-activate|p1b: Drifblim|move: Struggle\n|move|p1b: Drifblim|Struggle|p2a: Urshifu\n|-damage|p2a: Urshifu|93\/100\n|-damage|p1b: Drifblim|13\/100|[from] recoil\n|move|p1a: Tatsugiri|Muddy Water|p2b: Amoonguss|[spread] p2a\n|-miss|p1a: Tatsugiri|p2b: Amoonguss\n|-resisted|p2a: Urshifu\n|-damage|p2a: Urshifu|69\/100\n|\n|upkeep\n|turn|4\n|inactive|Loswiththeemost has 30 seconds left.\n|\n|t:|1699926748\n|switch|p1b: Dondozo|Dondozo, L50, F|100\/100\n|-activate|p1a: Tatsugiri|ability: Commander|[of] p1b: Dondozo\n|-boost|p1b: Dondozo|atk|2\n|-boost|p1b: Dondozo|spa|2\n|-boost|p1b: Dondozo|spe|2\n|-boost|p1b: Dondozo|def|2\n|-boost|p1b: Dondozo|spd|2\n|move|p2a: Urshifu|Surging Strikes|p1b: Dondozo\n|-resisted|p1b: Dondozo\n|-crit|p1b: Dondozo\n|-damage|p1b: Dondozo|95\/100\n|-resisted|p1b: Dondozo\n|-crit|p1b: Dondozo\n|-damage|p1b: Dondozo|90\/100\n|-resisted|p1b: Dondozo\n|-crit|p1b: Dondozo\n|-damage|p1b: Dondozo|84\/100\n|-hitcount|p1b: Dondozo|3\n|move|p2b: Amoonguss|Spore|p1b: Dondozo\n|-status|p1b: Dondozo|slp|[from] move: Spore\n|\n|-heal|p1b: Dondozo|90\/100 slp|[from] item: Leftovers\n|upkeep\n|turn|5\n|-message|lyyzxl4 forfeited.\n|\n|win|Loswiththeemost\n|raw|lyyzxl4's rating: 1265 &rarr; <strong>1237<\/strong><br \/>(-28 for losing)\n|raw|Loswiththeemost's rating: 1219 &rarr; <strong>1247<\/strong><br \/>(+28 for winning)\n|l|\u2606lyyzxl4\n","uploadtime":1699926772,"views":7,"p1id":"lyyzxl4","p2id":"loswiththeemost","formatid":"gen9vgc2023regulatione","rating":1237,"private":0,"password":""}