{"id":"gen9vgc2023regulatione-1997012578","p1":"Yoyoforce","p2":"todasde3","format":"[Gen 9] VGC 2023 Regulation E","log":"|j|\u2606Yoyoforce\n|j|\u2606todasde3\n|t:|1700755584\n|gametype|doubles\n|player|p1|Yoyoforce|alder|1069\n|player|p2|todasde3|101|1084\n|teamsize|p1|6\n|teamsize|p2|6\n|gen|9\n|tier|[Gen 9] VGC 2023 Regulation E\n|rated|\n|rule|Species Clause: Limit one of each Pok\u00e9mon\n|rule|Item Clause: Limit one of each item\n|clearpoke\n|poke|p1|Chi-Yu, L50|\n|poke|p1|Tornadus, L50, M|\n|poke|p1|Landorus-Therian, L50, M|\n|poke|p1|Flutter Mane, L50|\n|poke|p1|Iron Hands, L50|\n|poke|p1|Ogerpon-Wellspring, L50, F|\n|poke|p2|Chi-Yu, L50|\n|poke|p2|Flutter Mane, L50|\n|poke|p2|Great Tusk, L50|\n|poke|p2|Articuno-Galar, L50|\n|poke|p2|Gholdengo, L50|\n|poke|p2|Kilowattrel, L50, M|\n|teampreview|4\nYoyoforce rejected open team sheets.\n|j| LandoRizz-T\n|\n|t:|1700755625\n|start\n|switch|p1a: Taichi|Landorus-Therian, L50, M|100\/100\n|switch|p1b: Misdreamus|Flutter Mane, L50, shiny|100\/100\n|switch|p2a: Chi-Yu|Chi-Yu, L50|100\/100\n|switch|p2b: Flutter Mane|Flutter Mane, L50|100\/100\n|-ability|p1a: Taichi|Intimidate|boost\n|-unboost|p2a: Chi-Yu|atk|1\n|-unboost|p2b: Flutter Mane|atk|1\n|-ability|p2a: Chi-Yu|Beads of Ruin\n|turn|1\n|j| Breloom3912\n|\n|t:|1700755652\n|move|p2a: Chi-Yu|Protect|p2a: Chi-Yu\n|-singleturn|p2a: Chi-Yu|Protect\n|move|p1a: Taichi|Rock Slide|p2a: Chi-Yu|[spread] p2b\n|-activate|p2a: Chi-Yu|move: Protect\n|-damage|p2b: Flutter Mane|46\/100\n|move|p1b: Misdreamus|Dazzling Gleam|p2b: Flutter Mane|[spread] p2b\n|-activate|p2a: Chi-Yu|move: Protect\n|-damage|p2b: Flutter Mane|0 fnt\n|faint|p2b: Flutter Mane\n|-end|p2b: Flutter Mane|Protosynthesis|[silent]\n|\n|upkeep\n|\n|t:|1700755663\n|switch|p2b: Gholdengo|Gholdengo, L50|100\/100\n|turn|2\n|j| Jadedragon61\n|\n|t:|1700755676\n|-end|p1b: Misdreamus|Protosynthesis|[silent]\n|switch|p1b: Tornadus|Tornadus, L50, M|100\/100\n|switch|p2a: Great Tusk|Great Tusk, L50|100\/100\n|move|p1a: Taichi|Rock Slide|p2a: Great Tusk|[spread] p2a\n|-miss|p1a: Taichi|p2b: Gholdengo\n|-resisted|p2a: Great Tusk\n|-damage|p2a: Great Tusk|98\/100\n|move|p2b: Gholdengo|Shadow Ball|p1b: Tornadus\n|-damage|p1b: Tornadus|44\/100\n|-unboost|p1b: Tornadus|spd|1\n|\n|upkeep\n|turn|3\n|j| iPetBigfoot\n|\n|t:|1700755705\n|switch|p1a: Huo Yan|Chi-Yu, L50|100\/100\n|-ability|p1a: Huo Yan|Beads of Ruin\n|-terastallize|p2a: Great Tusk|Ground\n|move|p1b: Tornadus|Tailwind|p1b: Tornadus\n|-sidestart|p1: Yoyoforce|move: Tailwind\n|move|p2a: Great Tusk|High Horsepower|p1b: Tornadus\n|-immune|p1b: Tornadus\n|move|p2b: Gholdengo|Shadow Ball|p1b: Tornadus\n|-damage|p1b: Tornadus|0 fnt\n|faint|p1b: Tornadus\n|\n|upkeep\n|\n|t:|1700755725\n|switch|p1b: Taichi|Landorus-Therian, L50, M|100\/100\n|-ability|p1b: Taichi|Intimidate|boost\n|-unboost|p2a: Great Tusk|atk|1\n|-unboost|p2b: Gholdengo|atk|1\n|turn|4\n|l| Breloom3912\n|c| Jadedragon61|High horsepower tusk \ud83d\udc80\n|\n|t:|1700755745\n|-terastallize|p1a: Huo Yan|Grass\n|move|p1b: Taichi|Stomping Tantrum|p2b: Gholdengo\n|-supereffective|p2b: Gholdengo\n|-damage|p2b: Gholdengo|10\/100\n|move|p1a: Huo Yan|Tera Blast|p2a: Great Tusk|[anim] Tera Blast Grass\n|-supereffective|p2a: Great Tusk\n|-damage|p2a: Great Tusk|0 fnt\n|faint|p2a: Great Tusk\n|-end|p2a: Great Tusk|Protosynthesis|[silent]\n|-damage|p1a: Huo Yan|91\/100|[from] item: Life Orb\n|move|p2b: Gholdengo|Focus Blast|p1a: Huo Yan|[miss]\n|-miss|p2b: Gholdengo|p1a: Huo Yan\n|\n|upkeep\n|c|\u2606Yoyoforce|That team is cooking tho\n|c| iPetBigfoot|FOCUS BLAST DENGO\n|c| iPetBigfoot|COOKING\n|\n|t:|1700755761\n|switch|p2a: Chi-Yu|Chi-Yu, L50|100\/100\n|-ability|p2a: Chi-Yu|Beads of Ruin\n|turn|5\n|c| LandoRizz-T|COOKING\n|\n|t:|1700755776\n|move|p1a: Huo Yan|Protect|p1a: Huo Yan\n|-singleturn|p1a: Huo Yan|Protect\n|move|p1b: Taichi|Stomping Tantrum|p2a: Chi-Yu\n|-supereffective|p2a: Chi-Yu\n|-damage|p2a: Chi-Yu|0 fnt\n|faint|p2a: Chi-Yu\n|move|p2b: Gholdengo|Make It Rain|p1a: Huo Yan|[spread] p1b\n|-activate|p1a: Huo Yan|move: Protect\n|-damage|p1b: Taichi|0 fnt\n|-unboost|p2b: Gholdengo|spa|1\n|faint|p1b: Taichi\n|\n|upkeep\n|j| Bolt-Beam Studios\n|\n|t:|1700755788\n|switch|p1b: Misdreamus|Flutter Mane, L50, shiny|100\/100\n|turn|6\n|c| iPetBigfoot|LMAO JUST CLICK MAKE IT RAIN EARLIER\n|\n|t:|1700755793\n|move|p1b: Misdreamus|Psyshock|p2b: Gholdengo\n|-resisted|p2b: Gholdengo\n|-damage|p2b: Gholdengo|0 fnt\n|faint|p2b: Gholdengo\n|\n|win|Yoyoforce\n|raw|Yoyoforce's rating: 1069 &rarr; <strong>1100<\/strong><br \/>(+31 for winning)\n|raw|todasde3's rating: 1084 &rarr; <strong>1060<\/strong><br \/>(-24 for losing)\n","uploadtime":1700755800,"views":13,"p1id":"yoyoforce","p2id":"todasde3","formatid":"gen9vgc2023regulatione","rating":1060,"private":0,"password":""}