{"id":"gen9vgc2023regulatione-1993486704","p1":"INKevin","p2":"lgh925","format":"[Gen 9] VGC 2023 Regulation E","log":"|j|\u2606INKevin\n|j|\u2606lgh925\n|t:|1700323722\n|gametype|doubles\n|player|p1|INKevin|101|1282\n|player|p2|lgh925|dawn|1368\n|teamsize|p1|6\n|teamsize|p2|6\n|gen|9\n|tier|[Gen 9] VGC 2023 Regulation E\n|rated|\n|rule|Species Clause: Limit one of each Pok\u00e9mon\n|rule|Item Clause: Limit one of each item\n|clearpoke\n|poke|p1|Roaring Moon, L50|\n|poke|p1|Ogerpon, L50, F|\n|poke|p1|Arcanine-Hisui, L50, M|\n|poke|p1|Urshifu-*, L50, M|\n|poke|p1|Thundurus-Therian, L50, M|\n|poke|p1|Gholdengo, L50|\n|poke|p2|Weezing, L50, M|\n|poke|p2|Landorus-Therian, L50, M|\n|poke|p2|Iron Hands, L50|\n|poke|p2|Flutter Mane, L50|\n|poke|p2|Kommo-o, L50, M|\n|poke|p2|Roaring Moon, L50|\n|teampreview|4\n|inactive|Battle timer is ON: inactive players will automatically lose when time's up. (requested by INKevin)\n|inactive|INKevin has 60 seconds left.\n|inactive|INKevin has 30 seconds left.\n|\n|t:|1700323786\n|start\n|switch|p1a: Roaring Moon|Roaring Moon, L50|100\/100\n|switch|p1b: Ogerpon|Ogerpon, L50, F|100\/100\n|switch|p2a: Landorus|Landorus-Therian, L50, M|100\/100\n|switch|p2b: Weezing|Weezing, L50, M|100\/100\n|-ability|p2b: Weezing|Neutralizing Gas\n|-block|p2a: Landorus|item: Ability Shield\n|-ability|p2a: Landorus|Intimidate|boost\n|-unboost|p1a: Roaring Moon|atk|1\n|-unboost|p1b: Ogerpon|atk|1\n|-enditem|p1a: Roaring Moon|Booster Energy\n|-activate|p1a: Roaring Moon|ability: Protosynthesis|[fromitem]\n|-start|p1a: Roaring Moon|protosynthesisspe\n|turn|1\n|\n|t:|1700323804\n|move|p1b: Ogerpon|Spiky Shield|p1b: Ogerpon\n|-singleturn|p1b: Ogerpon|move: Protect\n|move|p1a: Roaring Moon|Tailwind|p1a: Roaring Moon\n|-sidestart|p1: INKevin|move: Tailwind\n|move|p2a: Landorus|U-turn|p1a: Roaring Moon\n|-supereffective|p1a: Roaring Moon\n|-damage|p1a: Roaring Moon|35\/100\n|\n|t:|1700323809\n|switch|p2a: Kommo-o|Kommo-o, L50, M|100\/100|[from] U-turn\n|move|p2b: Weezing|Will-O-Wisp|p1b: Ogerpon\n|-activate|p1b: Ogerpon|move: Protect\n|\n|upkeep\n|turn|2\n|inactive|INKevin has 30 seconds left.\n|\n|t:|1700323844\n|-end|p1a: Roaring Moon|Protosynthesis|[silent]\n|switch|p1a: Arcanine|Arcanine-Hisui, L50, M|100\/100\n|-terastallize|p1b: Ogerpon|Grass\n|detailschange|p1b: Ogerpon|Ogerpon-Teal-Tera, L50, F, tera:Grass\n|-terastallize|p2a: Kommo-o|Steel\n|move|p1b: Ogerpon|Stomping Tantrum|p2b: Weezing\n|-supereffective|p2b: Weezing\n|-damage|p2b: Weezing|72\/100\n|move|p2a: Kommo-o|Iron Defense|p2a: Kommo-o\n|-boost|p2a: Kommo-o|def|2\n|move|p2b: Weezing|Will-O-Wisp|p1b: Ogerpon\n|-status|p1b: Ogerpon|brn\n|\n|-damage|p1b: Ogerpon|95\/100 brn|[from] brn\n|upkeep\n|turn|3\n|inactive|INKevin has 30 seconds left.\n|\n|t:|1700323870\n|move|p2a: Kommo-o|Protect|p2a: Kommo-o\n|-singleturn|p2a: Kommo-o|Protect\n|move|p1b: Ogerpon|Ivy Cudgel|p2a: Kommo-o\n|-activate|p2a: Kommo-o|move: Protect\n|move|p1a: Arcanine|Flare Blitz|p2a: Kommo-o\n|-activate|p2a: Kommo-o|move: Protect\n|move|p2b: Weezing|Taunt|p1a: Arcanine\n|-start|p1a: Arcanine|move: Taunt\n|\n|-damage|p1b: Ogerpon|89\/100 brn|[from] brn\n|upkeep\n|turn|4\n|\n|t:|1700323891\n|move|p1b: Ogerpon|Ivy Cudgel|p2a: Kommo-o\n|-resisted|p2a: Kommo-o\n|-crit|p2a: Kommo-o\n|-damage|p2a: Kommo-o|85\/100\n|move|p1a: Arcanine|Flare Blitz|p2a: Kommo-o\n|-supereffective|p2a: Kommo-o\n|-damage|p2a: Kommo-o|29\/100\n|-damage|p1a: Arcanine|82\/100|[from] Recoil\n|move|p2a: Kommo-o|Body Press|p1a: Arcanine\n|-supereffective|p1a: Arcanine\n|-damage|p1a: Arcanine|0 fnt\n|faint|p1a: Arcanine\n|move|p2b: Weezing|Gunk Shot|p1b: Ogerpon\n|-supereffective|p1b: Ogerpon\n|-damage|p1b: Ogerpon|0 fnt\n|faint|p1b: Ogerpon\n|\n|-heal|p2a: Kommo-o|35\/100|[from] item: Leftovers\n|-sideend|p1: INKevin|move: Tailwind\n|upkeep\n|\n|t:|1700323906\n|switch|p1b: Gholdengo|Gholdengo, L50|100\/100\n|switch|p1a: Roaring Moon|Roaring Moon, L50|35\/100\n|turn|5\n|\n|t:|1700323919\n|move|p1a: Roaring Moon|Tailwind|p1a: Roaring Moon\n|-sidestart|p1: INKevin|move: Tailwind\n|move|p1b: Gholdengo|Nasty Plot|p1b: Gholdengo\n|-boost|p1b: Gholdengo|spa|2\n|move|p2a: Kommo-o|Body Press|p1a: Roaring Moon\n|-supereffective|p1a: Roaring Moon\n|-damage|p1a: Roaring Moon|0 fnt\n|faint|p1a: Roaring Moon\n|-end|p1a: Roaring Moon|Protosynthesis|[silent]\n|move|p2b: Weezing|Gunk Shot|p1b: Gholdengo\n|-immune|p1b: Gholdengo\n|\n|-heal|p2a: Kommo-o|41\/100|[from] item: Leftovers\n|upkeep\n|turn|6\n|\n|t:|1700323935\n|move|p2a: Kommo-o|Protect|p2a: Kommo-o\n|-singleturn|p2a: Kommo-o|Protect\n|move|p2b: Weezing|Protect|p2b: Weezing\n|-singleturn|p2b: Weezing|Protect\n|move|p1b: Gholdengo|Make It Rain|p2a: Kommo-o|[spread] \n|-activate|p2a: Kommo-o|move: Protect\n|-activate|p2b: Weezing|move: Protect\n|\n|-heal|p2a: Kommo-o|47\/100|[from] item: Leftovers\n|upkeep\n|turn|7\n|\n|t:|1700323948\n|move|p2b: Weezing|Protect||[still]\n|-fail|p2b: Weezing\n|move|p1b: Gholdengo|Make It Rain|p2b: Weezing|[spread] p2a,p2b\n|-resisted|p2a: Kommo-o\n|-damage|p2a: Kommo-o|0 fnt\n|-damage|p2b: Weezing|0 fnt\n|-unboost|p1b: Gholdengo|spa|1\n|faint|p2a: Kommo-o\n|faint|p2b: Weezing\n|-end|p2b: Weezing|ability: Neutralizing Gas\n|-damage|p1b: Gholdengo|91\/100|[from] item: Life Orb\n|\n|upkeep\n|\n|t:|1700323952\n|switch|p2a: Landorus|Landorus-Therian, L50, M|100\/100\n|switch|p2b: Roaring Moon|Roaring Moon, L50|100\/100\n|-ability|p2a: Landorus|Intimidate|boost\n|-unboost|p1b: Gholdengo|atk|1\n|-enditem|p2b: Roaring Moon|Booster Energy\n|-activate|p2b: Roaring Moon|ability: Protosynthesis|[fromitem]\n|-start|p2b: Roaring Moon|protosynthesisspe\n|turn|8\n|\n|t:|1700323974\n|move|p2b: Roaring Moon|Protect|p2b: Roaring Moon\n|-singleturn|p2b: Roaring Moon|Protect\n|move|p2a: Landorus|Protect|p2a: Landorus\n|-singleturn|p2a: Landorus|Protect\n|move|p1b: Gholdengo|Make It Rain|p2a: Landorus|[spread] \n|-activate|p2a: Landorus|move: Protect\n|-activate|p2b: Roaring Moon|move: Protect\n|\n|-sideend|p1: INKevin|move: Tailwind\n|upkeep\n|turn|9\n|\n|t:|1700323982\n|move|p2b: Roaring Moon|Knock Off|p1b: Gholdengo\n|-supereffective|p1b: Gholdengo\n|-damage|p1b: Gholdengo|0 fnt\n|-enditem|p1b: Gholdengo|Life Orb|[from] move: Knock Off|[of] p2b: Roaring Moon\n|faint|p1b: Gholdengo\n|\n|win|lgh925\n|raw|INKevin's rating: 1282 &rarr; <strong>1263<\/strong><br \/>(-19 for losing)\n|raw|lgh925's rating: 1368 &rarr; <strong>1383<\/strong><br \/>(+15 for winning)\n","uploadtime":1700323987,"views":8,"p1id":"inkevin","p2id":"lgh925","formatid":"gen9vgc2023regulatione","rating":1263,"private":0,"password":""}