{"id":"gen9vgc2023regulatione-1988620253","p1":"Marcofer14","p2":"It'sJustKen VGC","format":"[Gen 9] VGC 2023 Regulation E","log":"|j|\u2606Marcofer14\n|j|\u2606It'sJustKen VGC\n|t:|1699742795\n|gametype|doubles\n|player|p1|Marcofer14|lance|1251\n|player|p2|It'sJustKen VGC|turo|1306\n|teamsize|p1|6\n|teamsize|p2|6\n|gen|9\n|tier|[Gen 9] VGC 2023 Regulation E\n|rated|\n|rule|Species Clause: Limit one of each Pok\u00e9mon\n|rule|Item Clause: Limit one of each item\n|clearpoke\n|poke|p1|Kingambit, L50, F|\n|poke|p1|Dragonite, L50, M|\n|poke|p1|Chien-Pao, L50|\n|poke|p1|Ogerpon-Hearthflame, L50, F|\n|poke|p1|Amoonguss, L50, M|\n|poke|p1|Urshifu-*, L50, F|\n|poke|p2|Ting-Lu, L50|\n|poke|p2|Palafin, L50, M|\n|poke|p2|Pelipper, L50, F|\n|poke|p2|Iron Bundle, L50|\n|poke|p2|Ogerpon-Hearthflame, L50, F|\n|poke|p2|Dragonite, L50, F|\n|teampreview|4\n|inactive|Battle timer is ON: inactive players will automatically lose when time's up. (requested by It'sJustKen VGC)\n|inactive|It'sJustKen VGC has 60 seconds left.\n|\n|t:|1699742835\n|start\n|switch|p1a: Dragonite|Dragonite, L50, M|100\/100\n|switch|p1b: Chien-Pao|Chien-Pao, L50|100\/100\n|switch|p2a: Ting-Lu|Ting-Lu, L50|100\/100\n|switch|p2b: Dragonite|Dragonite, L50, F|100\/100\n|-ability|p1b: Chien-Pao|Sword of Ruin\n|-ability|p2a: Ting-Lu|Vessel of Ruin\n|turn|1\n|inactive|Marcofer14 has 30 seconds left.\n|inactive|Marcofer14 has 20 seconds left.\n|\n|t:|1699742871\n|move|p2b: Dragonite|Extreme Speed|p1a: Dragonite\n|-damage|p1a: Dragonite|44\/100\n|move|p1b: Chien-Pao|Sacred Sword|p2a: Ting-Lu\n|-supereffective|p2a: Ting-Lu\n|-damage|p2a: Ting-Lu|45\/100\n|move|p1a: Dragonite|Aerial Ace|p2a: Ting-Lu\n|-damage|p2a: Ting-Lu|17\/100\n|move|p2a: Ting-Lu|Earthquake|p1a: Dragonite|[spread] p1b\n|-immune|p2b: Dragonite\n|-immune|p1a: Dragonite\n|-damage|p1b: Chien-Pao|54\/100\n|\n|upkeep\n|turn|2\n|\n|t:|1699742891\n|move|p2b: Dragonite|Extreme Speed|p1a: Dragonite\n|-damage|p1a: Dragonite|0 fnt\n|faint|p1a: Dragonite\n|move|p1b: Chien-Pao|Ice Spinner|p2b: Dragonite\n|-supereffective|p2b: Dragonite\n|-damage|p2b: Dragonite|0 fnt\n|faint|p2b: Dragonite\n|move|p2a: Ting-Lu|Heavy Slam|p1b: Chien-Pao\n|-supereffective|p1b: Chien-Pao\n|-damage|p1b: Chien-Pao|0 fnt\n|faint|p1b: Chien-Pao\n|\n|upkeep\n|\n|t:|1699742902\n|switch|p1b: Amoonguss|Amoonguss, L50, M|100\/100\n|switch|p2b: Palafin|Palafin, L50, M|100\/100\n|switch|p1a: Urshifu|Urshifu-Rapid-Strike, L50, F|100\/100\n|turn|3\n|inactive|It'sJustKen VGC has 30 seconds left.\n|inactive|It'sJustKen VGC has 20 seconds left.\n|\n|t:|1699742940\n|move|p2b: Palafin|Flip Turn|p1a: Urshifu\n|-resisted|p1a: Urshifu\n|-damage|p1a: Urshifu|89\/100\n|\n|t:|1699742943\n|detailschange|p2b: Palafin|Palafin-Hero, L50, M\n|switch|p2b: Iron Bundle|Iron Bundle, L50|100\/100|[from] Flip Turn\n|-enditem|p2b: Iron Bundle|Booster Energy\n|-activate|p2b: Iron Bundle|ability: Quark Drive|[fromitem]\n|-start|p2b: Iron Bundle|quarkdrivespe\n|move|p1a: Urshifu|Surging Strikes|p2a: Ting-Lu\n|-supereffective|p2a: Ting-Lu\n|-crit|p2a: Ting-Lu\n|-damage|p2a: Ting-Lu|0 fnt\n|faint|p2a: Ting-Lu\n|-hitcount|p2: Ting-Lu|1\n|move|p1b: Amoonguss|Spore|p2b: Iron Bundle\n|-status|p2b: Iron Bundle|slp|[from] move: Spore\n|\n|upkeep\n|\n|t:|1699742945\n|switch|p2a: Palafin|Palafin-Hero, L50, M|100\/100\n|-activate|p2a: Palafin|ability: Zero to Hero\n|turn|4\n|inactive|Marcofer14 has 30 seconds left.\n|\n|t:|1699742973\n|-terastallize|p2b: Iron Bundle|Ice\n|-terastallize|p1b: Amoonguss|Water\n|cant|p2b: Iron Bundle|slp\n|move|p2a: Palafin|Wave Crash|p1a: Urshifu\n|-resisted|p1a: Urshifu\n|-damage|p1a: Urshifu|51\/100\n|-damage|p2a: Palafin|88\/100|[from] Recoil\n|move|p1a: Urshifu|Surging Strikes|p2a: Palafin\n|-resisted|p2a: Palafin\n|-crit|p2a: Palafin\n|-damage|p2a: Palafin|76\/100\n|-resisted|p2a: Palafin\n|-crit|p2a: Palafin\n|-damage|p2a: Palafin|66\/100\n|-resisted|p2a: Palafin\n|-crit|p2a: Palafin\n|-damage|p2a: Palafin|55\/100\n|-hitcount|p2a: Palafin|3\n|move|p1b: Amoonguss|Grass Knot|p2a: Palafin\n|-supereffective|p2a: Palafin\n|-damage|p2a: Palafin|5\/100\n|\n|upkeep\n|turn|5\n|inactive|Marcofer14 has 30 seconds left.\n|\n|t:|1699743003\n|-curestatus|p2b: Iron Bundle|slp|[msg]\n|move|p2b: Iron Bundle|Freeze-Dry|p1a: Urshifu\n|-supereffective|p1a: Urshifu\n|-damage|p1a: Urshifu|0 fnt\n|faint|p1a: Urshifu\n|move|p2a: Palafin|Wave Crash|p1b: Amoonguss\n|-resisted|p1b: Amoonguss\n|-damage|p1b: Amoonguss|68\/100\n|-damage|p2a: Palafin|0 fnt|[from] Recoil\n|faint|p2a: Palafin\n|move|p1b: Amoonguss|Pollen Puff|p1: Urshifu|[notarget]\n|-fail|p1b: Amoonguss\n|\n|upkeep\n|turn|6\n|\n|t:|1699743016\n|move|p2b: Iron Bundle|Freeze-Dry|p1b: Amoonguss\n|-supereffective|p1b: Amoonguss\n|-damage|p1b: Amoonguss|0 fnt\n|faint|p1b: Amoonguss\n|\n|win|It'sJustKen VGC\n|raw|Marcofer14's rating: 1251 &rarr; <strong>1230<\/strong><br \/>(-21 for losing)\n|raw|It&apos;sJustKen VGC's rating: 1306 &rarr; <strong>1323<\/strong><br \/>(+17 for winning)\n|c|\u2606It'sJustKen VGC|gg wp\n","uploadtime":1699743058,"views":10,"p1id":"marcofer14","p2id":"itsjustkenvgc","formatid":"gen9vgc2023regulatione","rating":1230,"private":0,"password":""}