{"id":"gen9vgc2023regulatione-1989830705","p1":"FoxMarshmallow","p2":"That_boi_Jerry","format":"[Gen 9] VGC 2023 Regulation E","log":"|j|\u2606FoxMarshmallow\n|j|\u2606That_boi_Jerry\n|t:|1699899336\n|gametype|doubles\n|player|p1|FoxMarshmallow|hilda|1095\n|player|p2|That_boi_Jerry|101|1042\n|teamsize|p1|6\n|teamsize|p2|6\n|gen|9\n|tier|[Gen 9] VGC 2023 Regulation E\n|rated|\n|rule|Species Clause: Limit one of each Pok\u00e9mon\n|rule|Item Clause: Limit one of each item\n|clearpoke\n|poke|p1|Ogerpon-Wellspring, L50, F|\n|poke|p1|Arcanine-Hisui, L50, F|\n|poke|p1|Chien-Pao, L50|\n|poke|p1|Flutter Mane, L50|\n|poke|p1|Ursaluna-Bloodmoon, L50, M|\n|poke|p1|Iron Hands, L50|\n|poke|p2|Indeedee, L50, M|\n|poke|p2|Hydreigon, L50, M|\n|poke|p2|Typhlosion-Hisui, L50, M|\n|poke|p2|Tinkaton, L50, F|\n|poke|p2|Ogerpon-Wellspring, L50, F|\n|poke|p2|Ursaluna, L50, F|\n|teampreview|4\nFoxMarshmallow has agreed to open team sheets.\n|\n|t:|1699899374\n|start\n|switch|p1a: Momotaro|Ogerpon-Wellspring, L50, F|100\/100\n|switch|p1b: Yukihyo|Chien-Pao, L50|100\/100\n|switch|p2a: Tinkaton|Tinkaton, L50, F|100\/100\n|switch|p2b: Typhlosion|Typhlosion-Hisui, L50, M|100\/100\n|-ability|p1b: Yukihyo|Sword of Ruin\n|-ability|p2a: Tinkaton|Mold Breaker\n|turn|1\n|\n|t:|1699899415\n|-terastallize|p1b: Yukihyo|Ghost\n|-terastallize|p2b: Typhlosion|Electric\n|move|p1b: Yukihyo|Sacred Sword|p2a: Tinkaton\n|-damage|p2a: Tinkaton|45\/100\n|-enditem|p2a: Tinkaton|Sitrus Berry|[eat]\n|-heal|p2a: Tinkaton|70\/100|[from] item: Sitrus Berry\n|move|p1a: Momotaro|Ivy Cudgel|p2b: Typhlosion\n|-damage|p2b: Typhlosion|0 fnt\n|faint|p2b: Typhlosion\n|move|p2a: Tinkaton|Thunder Wave|p1b: Yukihyo|[miss]\n|-miss|p2a: Tinkaton|p1b: Yukihyo\n|\n|upkeep\n|inactive|Battle timer is ON: inactive players will automatically lose when time's up. (requested by That_boi_Jerry)\n|\n|t:|1699899434\n|switch|p2b: Ogerpon|Ogerpon-Wellspring, L50, F|100\/100\n|turn|2\n|\n|t:|1699899449\n|move|p1a: Momotaro|Spiky Shield|p1a: Momotaro\n|-singleturn|p1a: Momotaro|move: Protect\n|move|p2b: Ogerpon|Spiky Shield|p2b: Ogerpon\n|-singleturn|p2b: Ogerpon|move: Protect\n|move|p1b: Yukihyo|Sacred Sword|p2a: Tinkaton\n|-damage|p2a: Tinkaton|5\/100\n|move|p2a: Tinkaton|Thunder Wave|p1a: Momotaro\n|-activate|p1a: Momotaro|move: Protect\n|\n|upkeep\n|turn|3\n|inactive|FoxMarshmallow has 30 seconds left.\n|inactive|FoxMarshmallow has 20 seconds left.\n|inactive|FoxMarshmallow has 15 seconds left.\n|\n|t:|1699899490\n|move|p1b: Yukihyo|Sucker Punch||[still]\n|-fail|p1b: Yukihyo\n|move|p2b: Ogerpon|Horn Leech|p1a: Momotaro\n|-damage|p1a: Momotaro|27\/100\n|move|p1a: Momotaro|Horn Leech|p2b: Ogerpon\n|-damage|p2b: Ogerpon|19\/100\n|-heal|p1a: Momotaro|68\/100|[from] drain|[of] p2b: Ogerpon\n|move|p2a: Tinkaton|Thunder Wave|p1a: Momotaro\n|-status|p1a: Momotaro|par\n|\n|upkeep\n|turn|4\n|inactive|FoxMarshmallow has 30 seconds left.\n|inactive|That_boi_Jerry has 30 seconds left.\n|\n|t:|1699899518\n|move|p1b: Yukihyo|Ice Spinner|p2a: Tinkaton\n|-resisted|p2a: Tinkaton\n|-damage|p2a: Tinkaton|0 fnt\n|faint|p2a: Tinkaton\n|move|p2b: Ogerpon|Horn Leech|p1a: Momotaro\n|-damage|p1a: Momotaro|0 fnt\n|-heal|p2b: Ogerpon|53\/100|[from] drain|[of] p1a: Momotaro\n|faint|p1a: Momotaro\n|\n|upkeep\n|\n|t:|1699899530\n|switch|p1a: Habatakukami|Flutter Mane, L50|100\/100\n|switch|p2a: Hydreigon|Hydreigon, L50, M|100\/100\n|turn|5\n|\n|t:|1699899553\n|move|p1a: Habatakukami|Moonblast|p2a: Hydreigon\n|-supereffective|p2a: Hydreigon\n|-damage|p2a: Hydreigon|0 fnt\n|faint|p2a: Hydreigon\n|move|p1b: Yukihyo|Ice Spinner|p2b: Ogerpon\n|-damage|p2b: Ogerpon|0 fnt\n|faint|p2b: Ogerpon\n|\n|win|FoxMarshmallow\n|raw|FoxMarshmallow's rating: 1095 &rarr; <strong>1117<\/strong><br \/>(+22 for winning)\n|raw|That_boi_Jerry's rating: 1042 &rarr; <strong>1028<\/strong><br \/>(-14 for losing)\n|l|\u2606That_boi_Jerry\n","uploadtime":1699899564,"views":13,"p1id":"foxmarshmallow","p2id":"thatboijerry","formatid":"gen9vgc2023regulatione","rating":1028,"private":0,"password":""}