{"id":"gen9vgc2023regulatione-1989360874","p1":"ZileanMaster","p2":"ThrasherBigMar","format":"[Gen 9] VGC 2023 Regulation E","log":"|j|\u2606ZileanMaster\n|j|\u2606ThrasherBigMar\n|t:|1699840683\n|gametype|doubles\n|player|p1|ZileanMaster|cynthia|1182\n|player|p2|ThrasherBigMar|roughneck|1130\n|teamsize|p1|6\n|teamsize|p2|6\n|gen|9\n|tier|[Gen 9] VGC 2023 Regulation E\n|rated|\n|rule|Species Clause: Limit one of each Pok\u00e9mon\n|rule|Item Clause: Limit one of each item\n|clearpoke\n|poke|p1|Urshifu-*, L50, F|\n|poke|p1|Torkoal, L50, M|\n|poke|p1|Oranguru, L50, M|\n|poke|p1|Ursaluna-Bloodmoon, L50, M|\n|poke|p1|Iron Hands, L50|\n|poke|p1|Clefairy, L50, F|\n|poke|p2|Dusclops, L50, M|\n|poke|p2|Dragonite, L50, M|\n|poke|p2|Indeedee-F, L50, F|\n|poke|p2|Conkeldurr, L50, F|\n|poke|p2|Quaquaval, L50, M|\n|poke|p2|Heatran, L50, M|\n|teampreview|4\n|\n|t:|1699840701\n|start\n|switch|p1a: Torkoal|Torkoal, L50, M|100\/100\n|switch|p1b: Oranguru|Oranguru, L50, M|100\/100\n|switch|p2a: Indeedee|Indeedee-F, L50, F|100\/100\n|switch|p2b: Quaquaval|Quaquaval, L50, M|100\/100\n|-fieldstart|move: Psychic Terrain|[from] ability: Psychic Surge|[of] p2a: Indeedee\n|-weather|SunnyDay|[from] ability: Drought|[of] p1a: Torkoal\n|turn|1\n|inactive|Battle timer is ON: inactive players will automatically lose when time's up. (requested by ZileanMaster)\n|\n|t:|1699840726\n|switch|p1a: Clefairy|Clefairy, L50, F|100\/100\n|move|p2b: Quaquaval|Flip Turn|p1a: Clefairy\n|-damage|p1a: Clefairy|82\/100\n|\n|t:|1699840732\n|switch|p2b: Heatran|Heatran, L50, M|100\/100|[from] Flip Turn\n|move|p1b: Oranguru|Psychic|p2b: Heatran\n|-resisted|p2b: Heatran\n|-damage|p2b: Heatran|90\/100\n|move|p2a: Indeedee|Trick|p1b: Oranguru\n|-activate|p2a: Indeedee|move: Trick|[of] p1b: Oranguru\n|-item|p1b: Oranguru|Lagging Tail|[from] move: Trick\n|-item|p2a: Indeedee|Mental Herb|[from] move: Trick\n|\n|-weather|SunnyDay|[upkeep]\n|upkeep\n|turn|2\n|\n|t:|1699840752\n|move|p1a: Clefairy|Protect|p1a: Clefairy\n|-singleturn|p1a: Clefairy|Protect\n|move|p2b: Heatran|Flash Cannon|p1a: Clefairy\n|-activate|p1a: Clefairy|move: Protect\n|move|p2a: Indeedee|Trick Room|p2a: Indeedee\n|-fieldstart|move: Trick Room|[of] p2a: Indeedee\n|move|p1b: Oranguru|Trick Room|p1b: Oranguru\n|-fieldend|move: Trick Room\n|\n|-weather|SunnyDay|[upkeep]\n|upkeep\n|turn|3\n|\n|t:|1699840772\n|switch|p1a: Torkoal|Torkoal, L50, M|100\/100\n|move|p2a: Indeedee|Dazzling Gleam|p1a: Torkoal|[spread] p1a,p1b\n|-resisted|p1a: Torkoal\n|-damage|p1a: Torkoal|93\/100\n|-damage|p1b: Oranguru|93\/100\n|move|p2b: Heatran|Flash Cannon|p1a: Torkoal\n|-resisted|p1a: Torkoal\n|-damage|p1a: Torkoal|59\/100\n|move|p1b: Oranguru|Trick Room|p1b: Oranguru\n|-fieldstart|move: Trick Room|[of] p1b: Oranguru\n|\n|-weather|SunnyDay|[upkeep]\n|upkeep\n|turn|4\n|\n|t:|1699840796\n|switch|p1b: Clefairy|Clefairy, L50, F|82\/100\n|switch|p2b: Quaquaval|Quaquaval, L50, M|100\/100\n|move|p1a: Torkoal|Earth Power|p2b: Quaquaval\n|-damage|p2b: Quaquaval|65\/100\n|move|p2a: Indeedee|Trick Room|p2a: Indeedee\n|-fieldend|move: Trick Room\n|\n|-weather|SunnyDay|[upkeep]\n|upkeep\n|turn|5\n|inactive|ZileanMaster has 30 seconds left.\n|inactive|ThrasherBigMar has 30 seconds left.\n|\n|t:|1699840828\n|-terastallize|p2b: Quaquaval|Water\n|move|p1b: Clefairy|Follow Me|p1b: Clefairy\n|-singleturn|p1b: Clefairy|move: Follow Me\n|move|p2b: Quaquaval|Aqua Step|p1b: Clefairy\n|-damage|p1b: Clefairy|51\/100\n|-boost|p2b: Quaquaval|spe|1\n|move|p2a: Indeedee|Trick|p1b: Clefairy\n|-activate|p2a: Indeedee|move: Trick|[of] p1b: Clefairy\n|-item|p1b: Clefairy|Mental Herb|[from] move: Trick\n|-item|p2a: Indeedee|Eviolite|[from] move: Trick\n|move|p1a: Torkoal|Earth Power|p2b: Quaquaval\n|-damage|p2b: Quaquaval|30\/100\n|\n|-weather|none\n|-fieldend|move: Psychic Terrain\n|upkeep\n|turn|6\n|\n|t:|1699840847\n|move|p1a: Torkoal|Protect|p1a: Torkoal\n|-singleturn|p1a: Torkoal|Protect\n|move|p2a: Indeedee|Follow Me|p2a: Indeedee\n|-singleturn|p2a: Indeedee|move: Follow Me\n|move|p2b: Quaquaval|Aqua Step|p1a: Torkoal\n|-activate|p1a: Torkoal|move: Protect\n|move|p1b: Clefairy|Life Dew|p1b: Clefairy|[spread] p1a,p1b\n|-heal|p1a: Torkoal|84\/100\n|-heal|p1b: Clefairy|76\/100\n|\n|upkeep\n|turn|7\n|\n|t:|1699840862\n|switch|p1a: Oranguru|Oranguru, L50, M|93\/100\n|move|p1b: Clefairy|Protect|p1b: Clefairy\n|-singleturn|p1b: Clefairy|Protect\n|move|p2a: Indeedee|Follow Me|p2a: Indeedee\n|-singleturn|p2a: Indeedee|move: Follow Me\n|move|p2b: Quaquaval|Aqua Step|p1a: Oranguru\n|-damage|p1a: Oranguru|53\/100\n|-boost|p2b: Quaquaval|spe|1\n|\n|upkeep\n|turn|8\n|\n|t:|1699840886\n|move|p1b: Clefairy|Follow Me|p1b: Clefairy\n|-singleturn|p1b: Clefairy|move: Follow Me\n|move|p2b: Quaquaval|Aqua Step|p1b: Clefairy\n|-damage|p1b: Clefairy|0 fnt\n|-boost|p2b: Quaquaval|spe|1\n|faint|p1b: Clefairy\n|-ability|p2b: Quaquaval|Moxie|boost\n|-boost|p2b: Quaquaval|atk|1\n|move|p1a: Oranguru|Psychic|p2b: Quaquaval\n|-damage|p2b: Quaquaval|0 fnt\n|faint|p2b: Quaquaval\n|move|p2a: Indeedee|Trick Room|p2a: Indeedee\n|-fieldstart|move: Trick Room|[of] p2a: Indeedee\n|\n|upkeep\n|\n|t:|1699840908\n|switch|p1b: Torkoal|Torkoal, L50, M|84\/100\n|switch|p2b: Conkeldurr|Conkeldurr, L50, F|100\/100\n|-weather|SunnyDay|[from] ability: Drought|[of] p1b: Torkoal\n|turn|9\n|\n|t:|1699840919\n|move|p1b: Torkoal|Eruption|p2a: Indeedee|[spread] p2a,p2b\n|-crit|p2a: Indeedee\n|-damage|p2a: Indeedee|10\/100\n|-damage|p2b: Conkeldurr|11\/100\n|move|p2b: Conkeldurr|Knock Off|p1a: Oranguru\n|-supereffective|p1a: Oranguru\n|-damage|p1a: Oranguru|0 fnt\n|-enditem|p1a: Oranguru|Lagging Tail|[from] move: Knock Off|[of] p2b: Conkeldurr\n|faint|p1a: Oranguru\n|move|p2a: Indeedee|Dazzling Gleam|p1b: Torkoal\n|-resisted|p1b: Torkoal\n|-damage|p1b: Torkoal|72\/100\n|\n|-weather|SunnyDay|[upkeep]\n|-status|p2b: Conkeldurr|brn|[from] item: Flame Orb\n|upkeep\n|\n|t:|1699840932\n|switch|p1a: Ursaluna|Ursaluna-Bloodmoon, L50, M|100\/100\n|turn|10\n|inactive|ThrasherBigMar has 30 seconds left.\n|l|\u2606ThrasherBigMar\n|inactive|ThrasherBigMar disconnected and has a minute to reconnect!\n|player|p2|\n|inactive|ThrasherBigMar has 20 seconds left.\n|j|\u2606ThrasherBigMar\n|inactive|ThrasherBigMar reconnected and has 20 seconds left.\n|player|p2|ThrasherBigMar|roughneck\n|inactive|ThrasherBigMar has 15 seconds left.\n|inactive|ThrasherBigMar has 10 seconds left.\n|inactive|ThrasherBigMar has 5 seconds left.\n|\n|t:|1699840987\n|move|p1a: Ursaluna|Protect|p1a: Ursaluna\n|-singleturn|p1a: Ursaluna|Protect\n|move|p1b: Torkoal|Eruption|p2b: Conkeldurr|[spread] p2a,p2b\n|-damage|p2a: Indeedee|0 fnt\n|-damage|p2b: Conkeldurr|0 fnt\n|faint|p2a: Indeedee\n|faint|p2b: Conkeldurr\n|\n|-weather|SunnyDay|[upkeep]\n|upkeep\n|l|\u2606ThrasherBigMar\n|inactive|ThrasherBigMar disconnected and has a minute to reconnect!\n|player|p2|\n|inactive|ThrasherBigMar has 30 seconds left.\n|inactive|ThrasherBigMar has 20 seconds left.\n|inactive|ThrasherBigMar has 15 seconds left.\n|inactive|ThrasherBigMar has 10 seconds left.\n|inactive|ThrasherBigMar has 5 seconds left.\n|-message|ThrasherBigMar lost due to inactivity.\n|\n|win|ZileanMaster\n|raw|ZileanMaster's rating: 1182 &rarr; <strong>1203<\/strong><br \/>(+21 for winning)\n|raw|ThrasherBigMar's rating: 1130 &rarr; <strong>1109<\/strong><br \/>(-21 for losing)\n","uploadtime":1699841166,"views":12,"p1id":"zileanmaster","p2id":"thrasherbigmar","formatid":"gen9vgc2023regulatione","rating":1109,"private":0,"password":""}