{"id":"gen9vgc2023regulatione-1989858735","p1":"Actual Gamer Girl","p2":"2EC18_","format":"[Gen 9] VGC 2023 Regulation E","log":"|j|\u2606Actual Gamer Girl\n|j|\u26062EC18_\n|t:|1699901646\n|gametype|doubles\n|player|p1|Actual Gamer Girl|1|1298\n|player|p2|2EC18_|blue|1213\n|teamsize|p1|6\n|teamsize|p2|6\n|gen|9\n|tier|[Gen 9] VGC 2023 Regulation E\n|rated|\n|rule|Species Clause: Limit one of each Pok\u00e9mon\n|rule|Item Clause: Limit one of each item\n|clearpoke\n|poke|p1|Sinistcha, L50|\n|poke|p1|Arcanine-Hisui, L50, F|\n|poke|p1|Iron Hands, L50|\n|poke|p1|Chien-Pao, L50|\n|poke|p1|Flutter Mane, L50|\n|poke|p1|Kommo-o, L50, F|\n|poke|p2|Thundurus, L50, M|\n|poke|p2|Flutter Mane, L50|\n|poke|p2|Landorus-Therian, L50, M|\n|poke|p2|Typhlosion-Hisui, L50, M|\n|poke|p2|Ogerpon-Wellspring, L50, F|\n|poke|p2|Iron Bundle, L50|\n|teampreview|4\n|inactive|Battle timer is ON: inactive players will automatically lose when time's up. (requested by 2EC18_)\n|inactive|2EC18_ has 60 seconds left.\n|\n|t:|1699901703\n|start\n|switch|p1a: Arcanine|Arcanine-Hisui, L50, F|100\/100\n|switch|p1b: Kommo-o|Kommo-o, L50, F|100\/100\n|switch|p2a: Flutter Mane|Flutter Mane, L50|100\/100\n|switch|p2b: Thundurus|Thundurus, L50, M|100\/100\n|-ability|p1a: Arcanine|Intimidate|boost\n|-unboost|p2a: Flutter Mane|atk|1\n|-unboost|p2b: Thundurus|atk|1\n|turn|1\n|inactive|2EC18_ has 30 seconds left.\n|\n|t:|1699901729\n|-terastallize|p1b: Kommo-o|Steel\n|move|p2a: Flutter Mane|Protect|p2a: Flutter Mane\n|-singleturn|p2a: Flutter Mane|Protect\n|move|p2b: Thundurus|Taunt|p1b: Kommo-o\n|-start|p1b: Kommo-o|move: Taunt\n|move|p1a: Arcanine|Rock Slide|p2b: Thundurus|[spread] \n|-activate|p2a: Flutter Mane|move: Protect\n|-miss|p1a: Arcanine|p2b: Thundurus\n|cant|p1b: Kommo-o|move: Taunt|Clangorous Soul\n|\n|upkeep\n|turn|2\n|\n|t:|1699901751\n|-end|p2a: Flutter Mane|Protosynthesis|[silent]\n|switch|p2a: Ogerpon|Ogerpon-Wellspring, L50, F|100\/100\n|move|p2b: Thundurus|Thunder Wave|p1a: Arcanine\n|-status|p1a: Arcanine|par\n|move|p1b: Kommo-o|Flash Cannon|p2a: Ogerpon\n|-resisted|p2a: Ogerpon\n|-damage|p2a: Ogerpon|90\/100\n|move|p1a: Arcanine|Rock Slide|p2a: Ogerpon|[spread] p2a,p2b\n|-supereffective|p2b: Thundurus\n|-damage|p2a: Ogerpon|58\/100\n|-damage|p2b: Thundurus|42\/100\n|\n|upkeep\n|turn|3\n|\n|t:|1699901768\n|switch|p1a: Sinistcha|Sinistcha, L50|100\/100\n|move|p2b: Thundurus|Thunder Wave|p1b: Kommo-o\n|-status|p1b: Kommo-o|par\n|move|p2a: Ogerpon|Ivy Cudgel|p1a: Sinistcha\n|-resisted|p1a: Sinistcha\n|-damage|p1a: Sinistcha|78\/100\n|move|p1b: Kommo-o|Clanging Scales|p2b: Thundurus|[spread] p2a,p2b\n|-damage|p2a: Ogerpon|33\/100\n|-damage|p2b: Thundurus|14\/100\n|-unboost|p1b: Kommo-o|def|1\n|\n|-end|p1b: Kommo-o|move: Taunt\n|upkeep\n|turn|4\n|inactive|2EC18_ has 30 seconds left.\n|inactive|Actual Gamer Girl has 30 seconds left.\n|\n|t:|1699901806\n|switch|p1a: Arcanine|Arcanine-Hisui, L50, F|100\/100 par\n|-ability|p1a: Arcanine|Intimidate|boost\n|-unboost|p2a: Ogerpon|atk|1\n|-unboost|p2b: Thundurus|atk|1\n|move|p2b: Thundurus|Thunder Wave|p1a: Arcanine\n|-fail|p1a: Arcanine|par\n|move|p2a: Ogerpon|Ivy Cudgel|p1b: Kommo-o\n|-crit|p1b: Kommo-o\n|-damage|p1b: Kommo-o|19\/100 par\n|move|p1b: Kommo-o|Flash Cannon|p2b: Thundurus\n|-resisted|p2b: Thundurus\n|-damage|p2b: Thundurus|2\/100\n|\n|-heal|p1b: Kommo-o|25\/100 par|[from] item: Leftovers\n|upkeep\n|turn|5\n|inactive|2EC18_ has 30 seconds left.\n|\n|t:|1699901834\n|switch|p1a: Sinistcha|Sinistcha, L50|78\/100\n|-heal|p1b: Kommo-o|50\/100 par|[from] ability: Hospitality|[of] p1a: Sinistcha\n|cant|p1b: Kommo-o|par\n|move|p2b: Thundurus|Sunny Day|p2b: Thundurus\n|-weather|SunnyDay\n|move|p2a: Ogerpon|Ivy Cudgel|p1b: Kommo-o\n|-damage|p1b: Kommo-o|33\/100 par\n|\n|-weather|SunnyDay|[upkeep]\n|-heal|p1b: Kommo-o|39\/100 par|[from] item: Leftovers\n|upkeep\n|turn|6\n|\n|t:|1699901858\n|switch|p1a: Arcanine|Arcanine-Hisui, L50, F|100\/100 par\n|-ability|p1a: Arcanine|Intimidate|boost\n|-unboost|p2a: Ogerpon|atk|1\n|-unboost|p2b: Thundurus|atk|1\n|move|p2b: Thundurus|Wildbolt Storm|p1a: Arcanine|[spread] p1b\n|-miss|p2b: Thundurus|p1a: Arcanine\n|-damage|p1b: Kommo-o|7\/100 par\n|move|p2a: Ogerpon|Ivy Cudgel|p1b: Kommo-o\n|-damage|p1b: Kommo-o|0 fnt\n|faint|p1b: Kommo-o\n|\n|-weather|SunnyDay|[upkeep]\n|upkeep\n|\n|t:|1699901869\n|switch|p1b: Chien-Pao|Chien-Pao, L50|100\/100\n|-ability|p1b: Chien-Pao|Sword of Ruin\n|turn|7\n|\n|t:|1699901879\n|move|p2a: Ogerpon|Follow Me|p2a: Ogerpon\n|-singleturn|p2a: Ogerpon|move: Follow Me\n|move|p1a: Arcanine|Extreme Speed|p2a: Ogerpon\n|-damage|p2a: Ogerpon|0 fnt\n|faint|p2a: Ogerpon\n|move|p1b: Chien-Pao|Sucker Punch||[still]\n|-fail|p1b: Chien-Pao\n|move|p2b: Thundurus|Thunder Wave|p1b: Chien-Pao\n|-hint|Since gen 7, Dark is immune to Prankster moves.\n|-immune|p1b: Chien-Pao\n|\n|-weather|SunnyDay|[upkeep]\n|upkeep\n|\n|t:|1699901896\n|switch|p2a: Flutter Mane|Flutter Mane, L50|100\/100\n|-activate|p2a: Flutter Mane|ability: Protosynthesis\n|-start|p2a: Flutter Mane|protosynthesisspe\n|turn|8\n|\n|t:|1699901913\n|-terastallize|p2a: Flutter Mane|Fairy\n|move|p1b: Chien-Pao|Protect|p1b: Chien-Pao\n|-singleturn|p1b: Chien-Pao|Protect\n|move|p1a: Arcanine|Extreme Speed|p2b: Thundurus\n|-damage|p2b: Thundurus|0 fnt\n|faint|p2b: Thundurus\n|move|p2a: Flutter Mane|Dazzling Gleam|p1b: Chien-Pao|[spread] p1a\n|-activate|p1b: Chien-Pao|move: Protect\n|-resisted|p1a: Arcanine\n|-damage|p1a: Arcanine|76\/100 par\n|\n|-weather|SunnyDay|[upkeep]\n|upkeep\n|\n|t:|1699901924\n|switch|p2b: Typhlosion|Typhlosion-Hisui, L50, M|100\/100\n|-item|p1a: Arcanine|Sitrus Berry|[from] ability: Frisk|[of] p2b: Typhlosion|[identify]\n|-item|p1b: Chien-Pao|Focus Sash|[from] ability: Frisk|[of] p2b: Typhlosion|[identify]\n|turn|9\n|\n|t:|1699901937\n|move|p1b: Chien-Pao|Sucker Punch|p2b: Typhlosion\n|-supereffective|p2b: Typhlosion\n|-damage|p2b: Typhlosion|0 fnt\n|faint|p2b: Typhlosion\n|move|p2a: Flutter Mane|Dazzling Gleam|p1a: Arcanine|[spread] p1a,p1b\n|-resisted|p1a: Arcanine\n|-supereffective|p1b: Chien-Pao\n|-damage|p1a: Arcanine|48\/100 par\n|-enditem|p1b: Chien-Pao|Focus Sash\n|-damage|p1b: Chien-Pao|1\/100\n|-enditem|p1a: Arcanine|Sitrus Berry|[eat]\n|-heal|p1a: Arcanine|73\/100 par|[from] item: Sitrus Berry\n|move|p1a: Arcanine|Flare Blitz|p2a: Flutter Mane\n|-damage|p2a: Flutter Mane|0 fnt\n|faint|p2a: Flutter Mane\n|-end|p2a: Flutter Mane|Protosynthesis|[silent]\n|-damage|p1a: Arcanine|49\/100 par|[from] Recoil\n|\n|win|Actual Gamer Girl\n|raw|Actual Gamer Girl's rating: 1298 &rarr; <strong>1317<\/strong><br \/>(+19 for winning)\n|raw|2EC18_'s rating: 1213 &rarr; <strong>1194<\/strong><br \/>(-19 for losing)\n|l|\u26062EC18_\n","uploadtime":1699901956,"views":11,"p1id":"actualgamergirl","p2id":"2ec18","formatid":"gen9vgc2023regulatione","rating":1194,"private":0,"password":""}