{"id":"gen9vgc2023regulatione-1997632540","p1":"Dryslide","p2":"OscarVillac2020","format":"[Gen 9] VGC 2023 Regulation E","log":"|j|\u2606Dryslide\n|j|\u2606OscarVillac2020\n|t:|1700835425\n|gametype|doubles\n|player|p1|Dryslide|flannery|1297\n|player|p2|OscarVillac2020|169|1378\n|teamsize|p1|6\n|teamsize|p2|6\n|gen|9\n|tier|[Gen 9] VGC 2023 Regulation E\n|rated|\n|rule|Species Clause: Limit one of each Pok\u00e9mon\n|rule|Item Clause: Limit one of each item\n|clearpoke\n|poke|p1|Flutter Mane, L50|\n|poke|p1|Urshifu-*, L50, M|\n|poke|p1|Arcanine-Hisui, L50, M|\n|poke|p1|Rillaboom, L50, F|\n|poke|p1|Chien-Pao, L50|\n|poke|p1|Tornadus, L50, M|\n|poke|p2|Dragonite, L50, F|\n|poke|p2|Chien-Pao, L50|\n|poke|p2|Iron Hands, L50|\n|poke|p2|Urshifu-*, L50, F|\n|poke|p2|Tornadus, L50, M|\n|poke|p2|Arcanine-Hisui, L50, F|\n|teampreview|4\n|inactive|Battle timer is ON: inactive players will automatically lose when time's up. (requested by OscarVillac2020)\nOscarVillac2020 has agreed to open team sheets.\n|inactive|Dryslide has 60 seconds left.\n|inactive|OscarVillac2020 has 60 seconds left.\n|\n|t:|1700835458\n|start\n|switch|p1a: Arcanine|Arcanine-Hisui, L50, M, shiny|100\/100\n|switch|p1b: Chien-Pao|Chien-Pao, L50|100\/100\n|switch|p2a: Arcanine|Arcanine-Hisui, L50, F|100\/100\n|switch|p2b: Urshifu|Urshifu-Rapid-Strike, L50, F|100\/100\n|-ability|p1b: Chien-Pao|Sword of Ruin\n|-ability|p1a: Arcanine|Intimidate|boost\n|-unboost|p2a: Arcanine|atk|1\n|-unboost|p2b: Urshifu|atk|1\n|-ability|p2a: Arcanine|Intimidate|boost\n|-unboost|p1a: Arcanine|atk|1\n|-unboost|p1b: Chien-Pao|atk|1\n|turn|1\n|\n|t:|1700835478\n|-terastallize|p1a: Arcanine|Fairy\n|-terastallize|p2b: Urshifu|Water\n|move|p2b: Urshifu|Aqua Jet|p1a: Arcanine\n|-damage|p1a: Arcanine|63\/100\n|move|p1b: Chien-Pao|Sacred Sword|p2a: Arcanine\n|-supereffective|p2a: Arcanine\n|-damage|p2a: Arcanine|39\/100\n|-enditem|p2a: Arcanine|Sitrus Berry|[eat]\n|-heal|p2a: Arcanine|64\/100|[from] item: Sitrus Berry\n|move|p1a: Arcanine|Tera Blast|p2b: Urshifu|[anim] Tera Blast Fairy\n|-crit|p2b: Urshifu\n|-damage|p2b: Urshifu|0 fnt\n|faint|p2b: Urshifu\n|move|p2a: Arcanine|Rock Slide|p1b: Chien-Pao|[spread] p1a,p1b\n|-supereffective|p1b: Chien-Pao\n|-damage|p1a: Arcanine|35\/100\n|-damage|p1b: Chien-Pao|50\/100\n|\n|upkeep\n|\n|t:|1700835496\n|switch|p2b: Iron Hands|Iron Hands, L50|100\/100\n|turn|2\n|\n|t:|1700835517\n|switch|p1b: Urshifu|Urshifu-Rapid-Strike, L50, M|100\/100\n|switch|p1a: Flutter Mane|Flutter Mane, L50|100\/100\n|-enditem|p1a: Flutter Mane|Booster Energy\n|-activate|p1a: Flutter Mane|ability: Protosynthesis|[fromitem]\n|-start|p1a: Flutter Mane|protosynthesisspa\n|move|p2b: Iron Hands|Fake Out|p1b: Urshifu\n|-damage|p1b: Urshifu|86\/100\n|move|p2a: Arcanine|Rock Slide|p1b: Urshifu|[spread] p1a,p1b\n|-resisted|p1b: Urshifu\n|-damage|p1a: Flutter Mane|75\/100\n|-damage|p1b: Urshifu|78\/100\n|\n|upkeep\n|turn|3\n|\n|t:|1700835537\n|move|p1a: Flutter Mane|Moonblast|p2b: Iron Hands\n|-supereffective|p2b: Iron Hands\n|-damage|p2b: Iron Hands|29\/100\n|move|p1b: Urshifu|Surging Strikes|p2b: Iron Hands\n|-crit|p2b: Iron Hands\n|-damage|p2b: Iron Hands|12\/100\n|-crit|p2b: Iron Hands\n|-damage|p2b: Iron Hands|0 fnt\n|faint|p2b: Iron Hands\n|-end|p2b: Iron Hands|Quark Drive|[silent]\n|-hitcount|p2: Iron Hands|2\n|move|p2a: Arcanine|Flare Blitz|p1a: Flutter Mane\n|-damage|p1a: Flutter Mane|17\/100\n|-status|p1a: Flutter Mane|brn\n|-damage|p2a: Arcanine|51\/100|[from] Recoil\n|\n|-damage|p1a: Flutter Mane|11\/100 brn|[from] brn\n|upkeep\n|\n|t:|1700835544\n|switch|p2b: Tornadus|Tornadus, L50, M|100\/100\n|turn|4\n|inactive|Dryslide has 30 seconds left.\n|\n|t:|1700835572\n|move|p1b: Urshifu|Detect|p1b: Urshifu\n|-singleturn|p1b: Urshifu|Protect\n|move|p1a: Flutter Mane|Shadow Ball|p2a: Arcanine\n|-damage|p2a: Arcanine|0 fnt\n|faint|p2a: Arcanine\n|move|p2b: Tornadus|Bleakwind Storm|p1a: Flutter Mane|[spread] p1a\n|-activate|p1b: Urshifu|move: Protect\n|-damage|p1a: Flutter Mane|0 fnt\n|faint|p1a: Flutter Mane\n|-end|p1a: Flutter Mane|Protosynthesis|[silent]\n|\n|upkeep\n|\n|t:|1700835592\n|switch|p1a: Chien-Pao|Chien-Pao, L50|50\/100\n|-ability|p1a: Chien-Pao|Sword of Ruin\n|turn|5\n|\n|t:|1700835599\n|move|p1a: Chien-Pao|Icicle Crash|p2b: Tornadus\n|-supereffective|p2b: Tornadus\n|-damage|p2b: Tornadus|0 fnt\n|faint|p2b: Tornadus\n|\n|win|Dryslide\n|raw|Dryslide's rating: 1297 &rarr; <strong>1328<\/strong><br \/>(+31 for winning)\n|raw|OscarVillac2020's rating: 1378 &rarr; <strong>1353<\/strong><br \/>(-25 for losing)\n|l|\u2606OscarVillac2020\n","uploadtime":1700835619,"views":3,"p1id":"dryslide","p2id":"oscarvillac2020","formatid":"gen9vgc2023regulatione","rating":1328,"private":0,"password":""}