{"id":"gen9vgc2023regulatione-1991449315","p1":"Luiz Red","p2":"TheEeveeAnimations","format":"[Gen 9] VGC 2023 Regulation E","log":"|j|\u2606Luiz Red\n|j|\u2606TheEeveeAnimations\n|t:|1700078054\n|gametype|doubles\n|player|p1|Luiz Red|clown|\n|player|p2|TheEeveeAnimations|dahlia|\n|teamsize|p1|6\n|teamsize|p2|6\n|gen|9\n|tier|[Gen 9] VGC 2023 Regulation E\n|rated|Tournament battle\n|rule|Species Clause: Limit one of each Pok\u00e9mon\n|rule|Item Clause: Limit one of each item\n|clearpoke\n|poke|p1|Tyranitar, L50, F|\n|poke|p1|Houndstone, L50, M|\n|poke|p1|Gholdengo, L50|\n|poke|p1|Landorus-Therian, L50, M|\n|poke|p1|Cresselia, L50, F|\n|poke|p1|Gastrodon, L50, F|\n|poke|p2|Empoleon, L50, M|\n|poke|p2|Rillaboom, L50, F|\n|poke|p2|Arcanine-Hisui, L50, F|\n|poke|p2|Flutter Mane, L50|\n|poke|p2|Landorus, L50, M|\n|poke|p2|Regieleki, L50|\n|teampreview|4\n|showteam|p1|Tyranitar||FocusSash|SandStream|RockSlide,Crunch,DragonDance,Protect|||F|||50|,,,,,Ghost]Houndstone||SpellTag|SandRush|LastRespects,Howl,ShadowSneak,Protect|||M|||50|,,,,,Ghost]Gholdengo||Leftovers|GoodasGold|DazzlingGleam,MakeItRain,NastyPlot,ShadowBall||||||50|,,,,,Fairy]Landorus-Therian||AssaultVest|Intimidate|Uturn,Earthquake,StompingTantrum,RockSlide|||M|||50|,,,,,Rock]Cresselia||BrightPowder|Levitate|AllySwitch,LunarBlessing,IcyWind,DoubleTeam|||F|||50|,,,,,Dark]Gastrodon||SitrusBerry|StormDrain|AcidArmor,Yawn,IceBeam,Recover|||F|||50|,,,,,Fire\n|showteam|p2|Empoleon||SitrusBerry|Competitive|IceBeam,WaterPledge,Yawn,Protect|||M|||50|,,,,,Grass]Rillaboom||AssaultVest|GrassySurge|GrassyGlide,GrassPledge,Uturn,FakeOut|||F|||50|,,,,,Grass]Arcanine-Hisui||ChoiceBand|Intimidate|RockSlide,FlareBlitz,HeadSmash,ExtremeSpeed|||F|||50|,,,,,Fairy]Flutter Mane||BoosterEnergy|Protosynthesis|Moonblast,ShadowBall,Substitute,Protect||||||50|,,,,,Fairy]Landorus||LifeOrb|SheerForce|SandsearStorm,EarthPower,SludgeBomb,Protect|||M|||50|,,,,,Poison]Regieleki||FocusSash|Transistor|Protect,VoltSwitch,Electroweb,Thunderbolt||||||50|,,,,,Electric\n|j| LanternComic\n|c|\u2606TheEeveeAnimations|HOUNDSTONE MENTION\n|c|\u2606TheEeveeAnimations|GRAHHHHHHHHH\n|c|\u2606TheEeveeAnimations|glhf\n|c|\u2606Luiz Red|glhf\n|j| Someone#58\n|l| Someone#58\n|\n|t:|1700078154\n|start\n|switch|p1a: Gastrodon|Gastrodon, L50, F|100\/100\n|switch|p1b: Tyranitar|Tyranitar, L50, F, shiny|100\/100\n|switch|p2a: Empoleon|Empoleon, L50, M|100\/100\n|switch|p2b: Rillaboom|Rillaboom, L50, F|100\/100\n|-fieldstart|move: Grassy Terrain|[from] ability: Grassy Surge|[of] p2b: Rillaboom\n|-weather|Sandstorm|[from] ability: Sand Stream|[of] p1b: Tyranitar\n|turn|1\n|\n|t:|1700078178\n|switch|p1a: Gholdengo|Gholdengo, L50, shiny|100\/100\n|move|p1b: Tyranitar|Protect|p1b: Tyranitar\n|-singleturn|p1b: Tyranitar|Protect\n|move|p2b: Rillaboom|Fake Out|p1a: Gholdengo\n|-immune|p1a: Gholdengo\n|move|p2a: Empoleon|Yawn|p1b: Tyranitar\n|-activate|p1b: Tyranitar|move: Protect\n|\n|-weather|Sandstorm|[upkeep]\n|-damage|p2b: Rillaboom|94\/100|[from] Sandstorm\n|-heal|p2b: Rillaboom|100\/100|[from] Grassy Terrain\n|upkeep\n|turn|2\n|j|%Therazer456\n|\n|t:|1700078232\n|move|p2b: Rillaboom|Grass Pledge|p1b: Tyranitar\n|-waiting|p2b: Rillaboom|p2a: Empoleon\n|move|p2a: Empoleon|Water Pledge|p1b: Tyranitar|[from]move: Grass Pledge\n|-combine\n|-supereffective|p1b: Tyranitar\n|-damage|p1b: Tyranitar|1\/100\n|-sidestart|p1: Luiz Red|Grass Pledge\n|move|p1a: Gholdengo|Nasty Plot|p1a: Gholdengo\n|-boost|p1a: Gholdengo|spa|2\n|move|p1b: Tyranitar|Dragon Dance|p1b: Tyranitar\n|-boost|p1b: Tyranitar|atk|1\n|-boost|p1b: Tyranitar|spe|1\n|\n|-weather|Sandstorm|[upkeep]\n|-damage|p2b: Rillaboom|94\/100|[from] Sandstorm\n|-heal|p2b: Rillaboom|100\/100|[from] Grassy Terrain\n|-heal|p1b: Tyranitar|7\/100|[from] Grassy Terrain\n|upkeep\n|turn|3\n|j| somethingelse77\n|l| somethingelse77\n|c|%Therazer456|man's using my ideas\n|j| Someone#58\n|c|%Therazer456|based\n|\n|t:|1700078262\n|move|p1b: Tyranitar|Protect|p1b: Tyranitar\n|-singleturn|p1b: Tyranitar|Protect\n|move|p2b: Rillaboom|U-turn|p1b: Tyranitar\n|-activate|p1b: Tyranitar|move: Protect\n|move|p2a: Empoleon|Water Pledge|p1a: Gholdengo\n|-crit|p1a: Gholdengo\n|-damage|p1a: Gholdengo|52\/100\n|move|p1a: Gholdengo|Shadow Ball|p2a: Empoleon\n|-damage|p2a: Empoleon|29\/100\n|-unboost|p2a: Empoleon|spd|1\n|-ability|p2a: Empoleon|Competitive|boost\n|-boost|p2a: Empoleon|spa|2\n|-enditem|p2a: Empoleon|Sitrus Berry|[eat]\n|-heal|p2a: Empoleon|54\/100|[from] item: Sitrus Berry\n|\n|-weather|Sandstorm|[upkeep]\n|-damage|p2b: Rillaboom|94\/100|[from] Sandstorm\n|-heal|p2b: Rillaboom|100\/100|[from] Grassy Terrain\n|-heal|p2a: Empoleon|60\/100|[from] Grassy Terrain\n|-heal|p1b: Tyranitar|13\/100|[from] Grassy Terrain\n|-heal|p1a: Gholdengo|58\/100|[from] Grassy Terrain\n|-heal|p1a: Gholdengo|64\/100|[from] item: Leftovers\n|upkeep\n|turn|4\n|c|\u2606TheEeveeAnimations|I cooked this earlier today with the squad\n|j| KnighLt\n|c|%Therazer456|pog\n|l| KnighLt\n|\n|t:|1700078308\n|move|p2b: Rillaboom|U-turn|p1b: Tyranitar\n|-supereffective|p1b: Tyranitar\n|-damage|p1b: Tyranitar|0 fnt\n|faint|p1b: Tyranitar\n|\n|t:|1700078311\n|switch|p2b: Arcanine|Arcanine-Hisui, L50, F|100\/100|[from] U-turn\n|-ability|p2b: Arcanine|Intimidate|boost\n|-unboost|p1a: Gholdengo|atk|1\n|move|p2a: Empoleon|Water Pledge|p1a: Gholdengo\n|-damage|p1a: Gholdengo|0 fnt\n|faint|p1a: Gholdengo\n|\n|-weather|Sandstorm|[upkeep]\n|-heal|p2a: Empoleon|66\/100|[from] Grassy Terrain\n|upkeep\n|\n|t:|1700078325\n|switch|p1a: Houndstone|Houndstone, L50, M|100\/100\n|switch|p1b: Gastrodon|Gastrodon, L50, F|100\/100\n|turn|5\n|j| ale cog\n|\n|t:|1700078344\n|move|p2b: Arcanine|Flare Blitz|p1a: Houndstone\n|-damage|p1a: Houndstone|8\/100\n|-damage|p2b: Arcanine|76\/100|[from] Recoil\n|move|p2a: Empoleon|Yawn|p1b: Gastrodon\n|-start|p1b: Gastrodon|move: Yawn|[of] p2a: Empoleon\n|move|p1a: Houndstone|Last Respects|p2b: Arcanine\n|-damage|p2b: Arcanine|0 fnt\n|faint|p2b: Arcanine\n|move|p1b: Gastrodon|Acid Armor|p1b: Gastrodon\n|-boost|p1b: Gastrodon|def|2\n|\n|-weather|none\n|-heal|p2a: Empoleon|72\/100|[from] Grassy Terrain\n|-heal|p1a: Houndstone|14\/100|[from] Grassy Terrain\n|-sideend|p1: Luiz Red|Grass Pledge\n|-fieldend|move: Grassy Terrain\n|upkeep\n|\n|t:|1700078356\n|switch|p2b: Rillaboom|Rillaboom, L50, F|100\/100\n|-fieldstart|move: Grassy Terrain|[from] ability: Grassy Surge|[of] p2b: Rillaboom\n|turn|6\n|\n|t:|1700078374\n|move|p1a: Houndstone|Protect|p1a: Houndstone\n|-singleturn|p1a: Houndstone|Protect\n|move|p2b: Rillaboom|Grassy Glide|p1a: Houndstone\n|-activate|p1a: Houndstone|move: Protect\n|move|p2a: Empoleon|Ice Beam|p1b: Gastrodon\n|-damage|p1b: Gastrodon|55\/100\n|move|p1b: Gastrodon|Yawn|p2b: Rillaboom\n|-start|p2b: Rillaboom|move: Yawn|[of] p1b: Gastrodon\n|\n|-heal|p1a: Houndstone|20\/100|[from] Grassy Terrain\n|-heal|p2a: Empoleon|77\/100|[from] Grassy Terrain\n|-heal|p1b: Gastrodon|61\/100|[from] Grassy Terrain\n|-end|p1b: Gastrodon|move: Yawn|[silent]\n|-status|p1b: Gastrodon|slp\n|upkeep\n|turn|7\n|\n|t:|1700078408\n|-terastallize|p1b: Gastrodon|Fire\n|move|p2b: Rillaboom|Grassy Glide|p1b: Gastrodon\n|-resisted|p1b: Gastrodon\n|-damage|p1b: Gastrodon|53\/100 slp\n|move|p1a: Houndstone|Shadow Sneak|p2a: Empoleon\n|-damage|p2a: Empoleon|54\/100\n|move|p2a: Empoleon|Water Pledge|p1a: Houndstone\n|-damage|p1a: Houndstone|0 fnt\n|faint|p1a: Houndstone\n|cant|p1b: Gastrodon|slp\n|\n|-heal|p2a: Empoleon|59\/100|[from] Grassy Terrain\n|-heal|p1b: Gastrodon|59\/100 slp|[from] Grassy Terrain\n|-end|p2b: Rillaboom|move: Yawn|[silent]\n|-status|p2b: Rillaboom|slp\n|upkeep\n|turn|8\n|c|\u2606TheEeveeAnimations|wait\n|c|\u2606TheEeveeAnimations|does pledge just\n|c|\u2606TheEeveeAnimations|ignore storm drain\n|c| Someone#58|Uhh what\n|\n|t:|1700078441\n|cant|p2b: Rillaboom|slp\n|move|p2a: Empoleon|Water Pledge|p1b: Gastrodon\n|-ability|p1b: Gastrodon|Storm Drain|boost\n|-boost|p1b: Gastrodon|spa|1\n|cant|p1b: Gastrodon|slp\n|\n|-heal|p2a: Empoleon|65\/100|[from] Grassy Terrain\n|-heal|p1b: Gastrodon|65\/100 slp|[from] Grassy Terrain\n|upkeep\n|turn|9\n|j| Kiwigal\n|c| LanternComic|Im confused\n|c|\u2606TheEeveeAnimations|I am too\n|\n|t:|1700078460\n|cant|p2b: Rillaboom|slp\n|move|p2a: Empoleon|Water Pledge|p1b: Gastrodon\n|-ability|p1b: Gastrodon|Storm Drain|boost\n|-boost|p1b: Gastrodon|spa|1\n|-curestatus|p1b: Gastrodon|slp|[msg]\n|move|p1b: Gastrodon|Recover|p1b: Gastrodon\n|-heal|p1b: Gastrodon|100\/100\n|\n|-heal|p2a: Empoleon|71\/100|[from] Grassy Terrain\n|upkeep\n|turn|10\n|\n|t:|1700078476\n|cant|p2b: Rillaboom|slp\n|move|p2a: Empoleon|Yawn|p1b: Gastrodon\n|-start|p1b: Gastrodon|move: Yawn|[of] p2a: Empoleon\n|move|p1b: Gastrodon|Yawn|p2a: Empoleon\n|-start|p2a: Empoleon|move: Yawn|[of] p1b: Gastrodon\n|\n|-heal|p2a: Empoleon|77\/100|[from] Grassy Terrain\n|-fieldend|move: Grassy Terrain\n|upkeep\n|turn|11\n|\n|t:|1700078493\n|-curestatus|p2b: Rillaboom|slp|[msg]\n|move|p2b: Rillaboom|Grassy Glide|p1b: Gastrodon\n|-resisted|p1b: Gastrodon\n|-crit|p1b: Gastrodon\n|-damage|p1b: Gastrodon|83\/100\n|move|p2a: Empoleon|Yawn||[still]\n|-fail|p2a: Empoleon\n|move|p1b: Gastrodon|Ice Beam|p2b: Rillaboom\n|-supereffective|p2b: Rillaboom\n|-damage|p2b: Rillaboom|40\/100\n|\n|-end|p2a: Empoleon|move: Yawn|[silent]\n|-status|p2a: Empoleon|slp\n|-end|p1b: Gastrodon|move: Yawn|[silent]\n|-status|p1b: Gastrodon|slp\n|upkeep\n|turn|12\n|\n|t:|1700078517\n|switch|p2b: Crowned Queen|Flutter Mane, L50|100\/100\n|-enditem|p2b: Crowned Queen|Booster Energy\n|-activate|p2b: Crowned Queen|ability: Protosynthesis|[fromitem]\n|-start|p2b: Crowned Queen|protosynthesisspa\n|cant|p2a: Empoleon|slp\n|cant|p1b: Gastrodon|slp\n|\n|upkeep\n|turn|13\n|\n|t:|1700078535\n|move|p2b: Crowned Queen|Substitute|p2b: Crowned Queen\n|-start|p2b: Crowned Queen|Substitute\n|-damage|p2b: Crowned Queen|76\/100\n|cant|p2a: Empoleon|slp\n|cant|p1b: Gastrodon|slp\n|\n|upkeep\n|turn|14\n|j| kidturtle\n|\n|t:|1700078549\n|move|p2b: Crowned Queen|Shadow Ball|p1b: Gastrodon\n|-damage|p1b: Gastrodon|43\/100 slp\n|-enditem|p1b: Gastrodon|Sitrus Berry|[eat]\n|-heal|p1b: Gastrodon|67\/100 slp|[from] item: Sitrus Berry\n|cant|p2a: Empoleon|slp\n|cant|p1b: Gastrodon|slp\n|\n|upkeep\n|turn|15\n|l| Someone#58\n|j| dreaming naxhi\n|j| Someone#58\n|c|\u2606TheEeveeAnimations|So many three turn sleeps\n|l| dreaming naxhi\n|\n|t:|1700078566\n|move|p2b: Crowned Queen|Protect|p2b: Crowned Queen\n|-singleturn|p2b: Crowned Queen|Protect\n|-curestatus|p2a: Empoleon|slp|[msg]\n|move|p2a: Empoleon|Yawn||[still]\n|-fail|p2a: Empoleon\n|-curestatus|p1b: Gastrodon|slp|[msg]\n|move|p1b: Gastrodon|Recover|p1b: Gastrodon\n|-heal|p1b: Gastrodon|100\/100\n|\n|upkeep\n|turn|16\n|\n|t:|1700078580\n|move|p2b: Crowned Queen|Shadow Ball|p1b: Gastrodon\n|-damage|p1b: Gastrodon|58\/100\n|-unboost|p1b: Gastrodon|spd|1\n|move|p2a: Empoleon|Yawn|p1b: Gastrodon\n|-start|p1b: Gastrodon|move: Yawn|[of] p2a: Empoleon\n|move|p1b: Gastrodon|Ice Beam|p2b: Crowned Queen\n|-crit|p2b: Crowned Queen\n|-end|p2b: Crowned Queen|Substitute\n|\n|upkeep\n|turn|17\n|\n|t:|1700078602\n|switch|p2a: Rillaboom|Rillaboom, L50, F|40\/100\n|-fieldstart|move: Grassy Terrain|[from] ability: Grassy Surge|[of] p2a: Rillaboom\n|move|p2b: Crowned Queen|Substitute|p2b: Crowned Queen\n|-start|p2b: Crowned Queen|Substitute\n|-damage|p2b: Crowned Queen|51\/100\n|move|p1b: Gastrodon|Yawn|p2a: Rillaboom\n|-start|p2a: Rillaboom|move: Yawn|[of] p1b: Gastrodon\n|\n|-heal|p2b: Crowned Queen|57\/100|[from] Grassy Terrain\n|-heal|p2a: Rillaboom|46\/100|[from] Grassy Terrain\n|-heal|p1b: Gastrodon|64\/100|[from] Grassy Terrain\n|-end|p1b: Gastrodon|move: Yawn|[silent]\n|-status|p1b: Gastrodon|slp\n|upkeep\n|turn|18\n|c| kidturtle|why does empoleon have 5 moves\n|c| Kiwigal|rilla's grass pledge\n|c|\u2606TheEeveeAnimations|Pledge nonsense\n|c| kidturtle|oh\n|\n|t:|1700078623\n|move|p2b: Crowned Queen|Shadow Ball|p1b: Gastrodon\n|-damage|p1b: Gastrodon|0 fnt\n|faint|p1b: Gastrodon\n|\n|win|TheEeveeAnimations\n|n|\u2606Luiz Red|luizred\n|n|\u2606TheEeveeAnimations|theeeveeanimations\n|n| LanternComic|lanterncomic\n|n| Therazer456|therazer456\n|n| ale cog|alecog\n|n| Kiwigal|kiwigal\n|n| kidturtle|kidturtle\n|n| Someone#58|someone58\n|c|\u2606TheEeveeAnimations|gg\n|l| Kiwigal\n|c|\u2606TheEeveeAnimations|wp\n|l|\u2606TheEeveeAnimations\n|l| LanternComic\n|c|\u2606Luiz Red|gg\n","uploadtime":1700078641,"views":10,"p1id":"luizred","p2id":"theeeveeanimations","formatid":"gen9vgc2023regulatione","rating":0,"private":0,"password":""}