{"id":"gen9vgc2023regulatione-1999712290","p1":"whyismynamejeff","p2":"pepping_out","format":"[Gen 9] VGC 2023 Regulation E","log":"|j|\u2606whyismynamejeff\n|j|\u2606pepping_out\n|t:|1701110044\n|gametype|doubles\n|player|p1|whyismynamejeff|colress|1051\n|player|p2|pepping_out|zinzolin|1091\n|teamsize|p1|6\n|teamsize|p2|6\n|gen|9\n|tier|[Gen 9] VGC 2023 Regulation E\n|rated|\n|rule|Species Clause: Limit one of each Pok\u00e9mon\n|rule|Item Clause: Limit one of each item\n|clearpoke\n|poke|p1|Iron Hands, L50|\n|poke|p1|Landorus-Therian, L50, M|\n|poke|p1|Sinistcha, L50|\n|poke|p1|Grimmsnarl, L50, M|\n|poke|p1|Goodra-Hisui, L50, M|\n|poke|p1|Toxapex, L50, M|\n|poke|p2|Medicham, L50, M|\n|poke|p2|Tornadus, L50, M|\n|poke|p2|Hydreigon, L50, F|\n|poke|p2|Amoonguss, L50, F|\n|poke|p2|Revavroom, L50, M|\n|poke|p2|Drifblim, L50, M|\n|teampreview|4\n|\n|t:|1701110088\n|start\n|switch|p1a: Landorus|Landorus-Therian, L50, M|100\/100\n|switch|p1b: Goodra|Goodra-Hisui, L50, M|100\/100\n|switch|p2a: Tornadus|Tornadus, L50, M|100\/100\n|switch|p2b: Drifblim|Drifblim, L50, M|100\/100\n|-ability|p1a: Landorus|Intimidate|boost\n|-unboost|p2a: Tornadus|atk|1\n|-unboost|p2b: Drifblim|atk|1\n|turn|1\n|\n|t:|1701110105\n|move|p2b: Drifblim|Protect|p2b: Drifblim\n|-singleturn|p2b: Drifblim|Protect\n|move|p2a: Tornadus|Tailwind|p2a: Tornadus\n|-sidestart|p2: pepping_out|move: Tailwind\n|move|p1a: Landorus|U-turn|p2a: Tornadus\n|-resisted|p2a: Tornadus\n|-damage|p2a: Tornadus|82\/100\n|\n|t:|1701110114\n|switch|p1a: Toxapex|Toxapex, L50, M|100\/100|[from] U-turn\n|move|p1b: Goodra|Shelter|p1b: Goodra\n|-boost|p1b: Goodra|def|2\n|\n|-status|p2b: Drifblim|brn|[from] item: Flame Orb\n|upkeep\n|turn|2\n|\n|t:|1701110139\n|move|p1a: Toxapex|Baneful Bunker|p1a: Toxapex\n|-singleturn|p1a: Toxapex|move: Protect\n|move|p2a: Tornadus|Taunt|p1a: Toxapex\n|-activate|p1a: Toxapex|move: Protect\n|move|p2b: Drifblim|Shadow Ball|p1b: Goodra\n|-damage|p1b: Goodra|67\/100\n|move|p1b: Goodra|Heavy Slam|p2a: Tornadus\n|-damage|p2a: Tornadus|35\/100\n|\n|-heal|p1b: Goodra|73\/100|[from] item: Leftovers\n|-damage|p2b: Drifblim|94\/100 brn|[from] brn\n|upkeep\n|turn|3\n|\n|t:|1701110158\n|move|p2a: Tornadus|Taunt|p1b: Goodra\n|-start|p1b: Goodra|move: Taunt\n|move|p2b: Drifblim|Shadow Ball|p1a: Toxapex\n|-damage|p1a: Toxapex|62\/100\n|-unboost|p1a: Toxapex|spd|1\n|cant|p1b: Goodra|move: Taunt|Shelter\n|move|p1a: Toxapex|Infestation|p2a: Tornadus\n|-resisted|p2a: Tornadus\n|-damage|p2a: Tornadus|33\/100\n|-activate|p2a: Tornadus|move: Infestation|[of] p1a: Toxapex\n|\n|-heal|p1b: Goodra|79\/100|[from] item: Leftovers\n|-damage|p2b: Drifblim|88\/100 brn|[from] brn\n|-damage|p2a: Tornadus|17\/100|[from] move: Infestation|[partiallytrapped]\n|upkeep\n|turn|4\n|\n|t:|1701110180\n|move|p2a: Tornadus|Protect|p2a: Tornadus\n|-singleturn|p2a: Tornadus|Protect\n|move|p1a: Toxapex|Baneful Bunker|p1a: Toxapex\n|-singleturn|p1a: Toxapex|move: Protect\n|move|p2b: Drifblim|Shadow Ball|p1b: Goodra\n|-damage|p1b: Goodra|44\/100\n|move|p1b: Goodra|Heavy Slam|p2b: Drifblim\n|-damage|p2b: Drifblim|28\/100 brn\n|\n|-heal|p1b: Goodra|50\/100|[from] item: Leftovers\n|-damage|p2b: Drifblim|22\/100 brn|[from] brn\n|-damage|p2a: Tornadus|0 fnt|[from] move: Infestation|[partiallytrapped]\n|faint|p2a: Tornadus\n|-sideend|p2: pepping_out|move: Tailwind\n|upkeep\n|\n|t:|1701110201\n|switch|p2a: Revavroom|Revavroom, L50, M|100\/100\n|turn|5\n|-message|pepping_out forfeited.\n|\n|win|whyismynamejeff\n|raw|whyismynamejeff's rating: 1051 &rarr; <strong>1087<\/strong><br \/>(+36 for winning)\n|raw|pepping_out's rating: 1091 &rarr; <strong>1065<\/strong><br \/>(-26 for losing)\n|l|\u2606pepping_out\n","uploadtime":1701110210,"views":2,"p1id":"whyismynamejeff","p2id":"peppingout","formatid":"gen9vgc2023regulatione","rating":1065,"private":0,"password":""}