{"id":"gen9vgc2023regulatione-1987932534","p1":"ELFRAN132","p2":"BowB4Bidoof","format":"[Gen 9] VGC 2023 Regulation E","log":"|j|\u2606ELFRAN132\n|j|\u2606BowB4Bidoof\n|t:|1699650486\n|gametype|doubles\n|player|p1|ELFRAN132|102|1133\n|player|p2|BowB4Bidoof|unknownf|1053\n|teamsize|p1|6\n|teamsize|p2|6\n|gen|9\n|tier|[Gen 9] VGC 2023 Regulation E\n|rated|\n|rule|Species Clause: Limit one of each Pok\u00e9mon\n|rule|Item Clause: Limit one of each item\n|clearpoke\n|poke|p1|Clefairy, L50, M|\n|poke|p1|Flamigo, L50, F|\n|poke|p1|Iron Bundle, L50|\n|poke|p1|Kingambit, L50, F|\n|poke|p1|Magcargo, L50, M|\n|poke|p1|Rillaboom, L50, M|\n|poke|p2|Lilligant, L50, F|\n|poke|p2|Illumise, L50, F|\n|poke|p2|Brambleghast, L50, M|\n|poke|p2|Torkoal, L50, M|\n|poke|p2|Espathra, L50, F|\n|poke|p2|Flutter Mane, L50|\n|teampreview|4\n|inactive|Battle timer is ON: inactive players will automatically lose when time's up. (requested by BowB4Bidoof)\n|inactive|ELFRAN132 has 60 seconds left.\n|\n|t:|1699650563\n|start\n|switch|p1a: Magcargo|Magcargo, L50, M|100\/100\n|switch|p1b: Rillaboom|Rillaboom, L50, M|100\/100\n|switch|p2a: Espathra|Espathra, L50, F, shiny|100\/100\n|switch|p2b: Brambleghast|Brambleghast, L50, M, shiny|100\/100\n|-fieldstart|move: Grassy Terrain|[from] ability: Grassy Surge|[of] p1b: Rillaboom\n|turn|1\n|\n|t:|1699650581\n|-terastallize|p1a: Magcargo|Dragon\n|move|p2b: Brambleghast|Protect|p2b: Brambleghast\n|-singleturn|p2b: Brambleghast|Protect\n|move|p2a: Espathra|Calm Mind|p2a: Espathra\n|-boost|p2a: Espathra|spa|1\n|-boost|p2a: Espathra|spd|1\n|move|p1b: Rillaboom|Swords Dance|p1b: Rillaboom\n|-boost|p1b: Rillaboom|atk|2\n|move|p1a: Magcargo|Shell Smash|p1a: Magcargo\n|-unboost|p1a: Magcargo|def|1\n|-unboost|p1a: Magcargo|spd|1\n|-boost|p1a: Magcargo|atk|2\n|-boost|p1a: Magcargo|spa|2\n|-boost|p1a: Magcargo|spe|2\n|-enditem|p1a: Magcargo|White Herb\n|-clearnegativeboost|p1a: Magcargo|[silent]\n|\n|-ability|p2a: Espathra|Speed Boost|boost\n|-boost|p2a: Espathra|spe|1\n|upkeep\n|turn|2\n|inactive|BowB4Bidoof has 30 seconds left.\n|\n|t:|1699650613\n|move|p2a: Espathra|Protect|p2a: Espathra\n|-singleturn|p2a: Espathra|Protect\n|move|p1b: Rillaboom|Grassy Glide|p2a: Espathra\n|-activate|p2a: Espathra|move: Protect\n|move|p1a: Magcargo|Power Gem|p2b: Brambleghast\n|-damage|p2b: Brambleghast|0 fnt\n|faint|p2b: Brambleghast\n|\n|-ability|p2a: Espathra|Speed Boost|boost\n|-boost|p2a: Espathra|spe|1\n|upkeep\n|\n|t:|1699650628\n|switch|p2b: Flutter Mane|Flutter Mane, L50, shiny|100\/100\n|turn|3\n|\n|t:|1699650645\n|-terastallize|p2b: Flutter Mane|Fairy\n|move|p1a: Magcargo|Protect|p1a: Magcargo\n|-singleturn|p1a: Magcargo|Protect\n|move|p1b: Rillaboom|Grassy Glide|p2a: Espathra\n|-damage|p2a: Espathra|10\/100\n|-enditem|p2a: Espathra|Aguav Berry|[eat]\n|-heal|p2a: Espathra|43\/100|[from] item: Aguav Berry\n|move|p2a: Espathra|Baton Pass|p2a: Espathra\n|\n|t:|1699650656\n|switch|p2a: Torkoal|Torkoal, L50, M|100\/100|[from] Baton Pass\n|-weather|SunnyDay|[from] ability: Drought|[of] p2a: Torkoal\n|-activate|p2b: Flutter Mane|ability: Protosynthesis\n|-start|p2b: Flutter Mane|protosynthesisspe\n|move|p2b: Flutter Mane|Dazzling Gleam|p1a: Magcargo|[spread] p1b\n|-activate|p1a: Magcargo|move: Protect\n|-damage|p1b: Rillaboom|33\/100\n|-damage|p2b: Flutter Mane|90\/100|[from] item: Life Orb\n|\n|-weather|SunnyDay|[upkeep]\n|-heal|p2b: Flutter Mane|97\/100|[from] Grassy Terrain\n|-heal|p1b: Rillaboom|39\/100|[from] Grassy Terrain\n|upkeep\n|turn|4\n|inactive|BowB4Bidoof has 30 seconds left.\n|\n|t:|1699650686\n|move|p1b: Rillaboom|Grassy Glide|p2b: Flutter Mane\n|-damage|p2b: Flutter Mane|0 fnt\n|faint|p2b: Flutter Mane\n|-end|p2b: Flutter Mane|Protosynthesis|[silent]\n|move|p1a: Magcargo|Power Gem|p2a: Torkoal\n|-supereffective|p2a: Torkoal\n|-damage|p2a: Torkoal|0 fnt\n|faint|p2a: Torkoal\n|\n|-weather|SunnyDay|[upkeep]\n|-heal|p1b: Rillaboom|45\/100|[from] Grassy Terrain\n|upkeep\n|\n|t:|1699650700\n|switch|p2a: Espathra|Espathra, L50, F, shiny|43\/100\n|turn|5\n|\n|t:|1699650711\n|switch|p1b: Flamigo|Flamigo, L50, F|100\/100\n|-copyboost|p1b: Flamigo|p1a: Magcargo|[from] ability: Costar\n|move|p2a: Espathra|Protect|p2a: Espathra\n|-singleturn|p2a: Espathra|Protect\n|move|p1a: Magcargo|Power Gem|p2a: Espathra\n|-activate|p2a: Espathra|move: Protect\n|\n|-weather|SunnyDay|[upkeep]\n|-heal|p2a: Espathra|49\/100|[from] Grassy Terrain\n|-fieldend|move: Grassy Terrain\n|-ability|p2a: Espathra|Speed Boost|boost\n|-boost|p2a: Espathra|spe|1\n|upkeep\n|turn|6\n|\n|t:|1699650727\n|move|p2a: Espathra|Protect|p2a: Espathra\n|-singleturn|p2a: Espathra|Protect\n|move|p1b: Flamigo|Brave Bird|p2a: Espathra\n|-activate|p2a: Espathra|move: Protect\n|move|p1a: Magcargo|Power Gem|p2a: Espathra\n|-activate|p2a: Espathra|move: Protect\n|\n|-weather|SunnyDay|[upkeep]\n|-ability|p2a: Espathra|Speed Boost|boost\n|-boost|p2a: Espathra|spe|1\n|upkeep\n|turn|7\n|\n|t:|1699650742\n|move|p1b: Flamigo|Brave Bird|p2a: Espathra\n|-damage|p2a: Espathra|0 fnt\n|faint|p2a: Espathra\n|-damage|p1b: Flamigo|84\/100|[from] Recoil\n|-damage|p1b: Flamigo|74\/100|[from] item: Life Orb\n|\n|win|ELFRAN132\n|raw|ELFRAN132's rating: 1133 &rarr; <strong>1152<\/strong><br \/>(+19 for winning)\n|raw|BowB4Bidoof's rating: 1053 &rarr; <strong>1039<\/strong><br \/>(-14 for losing)\n","uploadtime":1699650752,"views":14,"p1id":"elfran132","p2id":"bowb4bidoof","formatid":"gen9vgc2023regulatione","rating":1039,"private":0,"password":""}