{"id":"gen9vgc2023regulatione-1995986474","p1":"RotovicVGC","p2":"Natrox1998","format":"[Gen 9] VGC 2023 Regulation E","log":"|j|\u2606RotovicVGC\n|j|\u2606Natrox1998\n|n|\u2606RotovicVGC|rotovicvgc\n|n|\u2606Natrox1998|natrox1998\n|html|View the match progress at <a href=\"\/game-bestof3-gen9vgc2023regulatione-1995986473\">game-bestof3-gen9vgc2023regulatione-1995986473<\/a>\n|t:|1700625611\n|gametype|doubles\n|player|p1|RotovicVGC|266|\n|player|p2|Natrox1998|2|\n|teamsize|p1|6\n|teamsize|p2|6\n|gen|9\n|tier|[Gen 9] VGC 2023 Regulation E\n|rule|Species Clause: Limit one of each Pok\u00e9mon\n|rule|Item Clause: Limit one of each item\n|clearpoke\n|poke|p1|Tornadus, L50, M|\n|poke|p1|Urshifu-*, L50, M|\n|poke|p1|Chien-Pao, L50|\n|poke|p1|Arcanine-Hisui, L50, F|\n|poke|p1|Rillaboom, L50, M|\n|poke|p1|Flutter Mane, L50|\n|poke|p2|Armarouge, L50, F|\n|poke|p2|Iron Hands, L50|\n|poke|p2|Indeedee-F, L50, F|\n|poke|p2|Ursaluna-Bloodmoon, L50, M|\n|poke|p2|Enamorus-Therian, L50, F|\n|poke|p2|Ogerpon-Wellspring, L50, F|\n|teampreview|4\nRotovicVGC has agreed to open team sheets.\n|j| Tenken11\n|j| Fancy Cucudrula\n|c|\u2606RotovicVGC|Teamsheet mi rey\n|c| Tenken11|suerte\nNatrox1998 has agreed to open team sheets.\n|showteam|p1|Tornadus||RockyHelmet|Prankster|BleakwindStorm,Tailwind,Taunt,RainDance|||M|||50|,,,,,Ghost]Urshifu-Rapid-Strike||ChoiceScarf|UnseenFist|SurgingStrikes,CloseCombat,Uturn,AquaJet|||M|||50|,,,,,Water]Chien-Pao||FocusSash|SwordofRuin|SuckerPunch,IcicleCrash,Protect,SacredSword||||||50|,,,,,Ghost]Arcanine-Hisui||ChoiceBand|Intimidate|ExtremeSpeed,FlareBlitz,RockSlide,TeraBlast|||F|||50|,,,,,Fairy]Rillaboom||AssaultVest|GrassySurge|FakeOut,GrassyGlide,Uturn,WoodHammer|||M|||50|,,,,,Poison]Flutter Mane||BoosterEnergy|Protosynthesis|DazzlingGleam,ShadowBall,Moonblast,Protect||||||50|,,,,,Fairy\n|showteam|p2|Armarouge||LifeOrb|FlashFire|ExpandingForce,HeatWave,TrickRoom,AuraSphere|||F|||50|,,,,,Grass]Iron Hands||AssaultVest|QuarkDrive|FakeOut,DrainPunch,WildCharge,HeavySlam||||||50|,,,,,Water]Indeedee-F||RockyHelmet|PsychicSurge|HelpingHand,FollowMe,TrickRoom,Psychic|||F|||50|,,,,,Dark]Ursaluna-Bloodmoon||ThroatSpray|MindsEye|BloodMoon,HyperVoice,EarthPower,Protect|||M|||50|,,,,,Normal]Enamorus-Therian||PixiePlate|Overcoat|DazzlingGleam,EarthPower,Tailwind,Protect|||F|||50|,,,,,Fairy]Ogerpon-Wellspring||WellspringMask|WaterAbsorb|HornLeech,IvyCudgel,SwordsDance,SpikyShield|||F|||50|,,,,,Water\n|c| Fancy Cucudrula|ya sabes Vic! besito pa ti\n|c|\u2606RotovicVGC|* se emociona *\n|\n|t:|1700625696\n|start\n|switch|p1a: Tornadus|Tornadus, L50, M|100\/100\n|switch|p1b: Mi Kokoro|Arcanine-Hisui, L50, F|100\/100\n|switch|p2a: Armarouge|Armarouge, L50, F|100\/100\n|switch|p2b: Iron Hands|Iron Hands, L50|100\/100\n|-ability|p1b: Mi Kokoro|Intimidate|boost\n|-unboost|p2a: Armarouge|atk|1\n|-unboost|p2b: Iron Hands|atk|1\n|turn|1\n|c| Tenken11|timer\n|\n|t:|1700625767\n|-end|p2b: Iron Hands|Quark Drive|[silent]\n|switch|p2b: Indeedee|Indeedee-F, L50, F|100\/100\n|-fieldstart|move: Psychic Terrain|[from] ability: Psychic Surge|[of] p2b: Indeedee\n|-terastallize|p1b: Mi Kokoro|Fairy\n|-terastallize|p2a: Armarouge|Grass\n|move|p1a: Tornadus|Taunt|p2a: Armarouge\n|-activate|p2a: Armarouge|move: Psychic Terrain\n|move|p1b: Mi Kokoro|Rock Slide|p2b: Indeedee|[spread] p2b\n|-miss|p1b: Mi Kokoro|p2a: Armarouge\n|-damage|p2b: Indeedee|56\/100\n|move|p2a: Armarouge|Trick Room|p2a: Armarouge\n|-fieldstart|move: Trick Room|[of] p2a: Armarouge\n|\n|upkeep\n|turn|2\n|\n|t:|1700625806\n|switch|p1b: Rillaboom|Rillaboom, L50, M|100\/100\n|-fieldstart|move: Grassy Terrain|[from] ability: Grassy Surge|[of] p1b: Rillaboom\n|move|p2b: Indeedee|Helping Hand|p2a: Armarouge\n|-singleturn|p2a: Armarouge|Helping Hand|[of] p2b: Indeedee\n|move|p1a: Tornadus|Rain Dance|p1a: Tornadus\n|-weather|RainDance\n|move|p2a: Armarouge|Expanding Force|p1b: Rillaboom\n|-damage|p1b: Rillaboom|40\/100\n|-damage|p2a: Armarouge|90\/100|[from] item: Life Orb\n|\n|-weather|RainDance|[upkeep]\n|-heal|p2a: Armarouge|96\/100|[from] Grassy Terrain\n|-heal|p2b: Indeedee|63\/100|[from] Grassy Terrain\n|-heal|p1b: Rillaboom|46\/100|[from] Grassy Terrain\n|upkeep\n|turn|3\n|\n|t:|1700625851\n|switch|p2a: Iron Hands|Iron Hands, L50|100\/100\n|move|p1b: Rillaboom|Fake Out|p2a: Iron Hands\n|-damage|p2a: Iron Hands|90\/100\n|move|p2b: Indeedee|Psychic|p1a: Tornadus\n|-damage|p1a: Tornadus|69\/100\n|move|p1a: Tornadus|Bleakwind Storm|p2a: Iron Hands|[spread] p2a,p2b\n|-damage|p2a: Iron Hands|74\/100\n|-damage|p2b: Indeedee|33\/100\n|-unboost|p2a: Iron Hands|spe|1\n|\n|-weather|RainDance|[upkeep]\n|-heal|p2a: Iron Hands|80\/100|[from] Grassy Terrain\n|-heal|p2b: Indeedee|39\/100|[from] Grassy Terrain\n|-heal|p1b: Rillaboom|51\/100|[from] Grassy Terrain\n|upkeep\n|turn|4\n|\n|t:|1700625891\n|switch|p2b: Enamorus|Enamorus-Therian, L50, F|100\/100\n|switch|p1b: Mi Kokoro|Arcanine-Hisui, L50, F, tera:Fairy|100\/100\n|-ability|p1b: Mi Kokoro|Intimidate|boost\n|-unboost|p2a: Iron Hands|atk|1\n|-unboost|p2b: Enamorus|atk|1\n|move|p1a: Tornadus|Taunt|p2b: Enamorus\n|-start|p2b: Enamorus|move: Taunt\n|move|p2a: Iron Hands|Drain Punch|p1b: Mi Kokoro\n|-resisted|p1b: Mi Kokoro\n|-damage|p1b: Mi Kokoro|82\/100\n|-heal|p2a: Iron Hands|87\/100|[from] drain|[of] p1b: Mi Kokoro\n|\n|-weather|RainDance|[upkeep]\n|-heal|p2a: Iron Hands|93\/100|[from] Grassy Terrain\n|-heal|p1b: Mi Kokoro|88\/100|[from] Grassy Terrain\n|upkeep\n|turn|5\n|\n|t:|1700625946\n|switch|p1a: Rillaboom|Rillaboom, L50, M|51\/100\n|move|p2a: Iron Hands|Wild Charge|p1a: Rillaboom\n|-resisted|p1a: Rillaboom\n|-damage|p1a: Rillaboom|37\/100\n|-damage|p2a: Iron Hands|90\/100|[from] Recoil\n|move|p2b: Enamorus|Dazzling Gleam|p1b: Mi Kokoro|[spread] p1a,p1b\n|-damage|p1a: Rillaboom|11\/100\n|-damage|p1b: Mi Kokoro|38\/100\n|move|p1b: Mi Kokoro|Tera Blast|p2a: Iron Hands|[anim] Tera Blast Fairy\n|-supereffective|p2a: Iron Hands\n|-damage|p2a: Iron Hands|0 fnt\n|faint|p2a: Iron Hands\n|-end|p2a: Iron Hands|Quark Drive|[silent]\n|\n|-weather|RainDance|[upkeep]\n|-heal|p1a: Rillaboom|17\/100|[from] Grassy Terrain\n|-heal|p1b: Mi Kokoro|44\/100|[from] Grassy Terrain\n|-fieldend|move: Trick Room\n|upkeep\n|\n|t:|1700625962\n|switch|p2a: Indeedee|Indeedee-F, L50, F|39\/100\n|-fieldstart|move: Psychic Terrain|[from] ability: Psychic Surge|[of] p2a: Indeedee\n|turn|6\n|\n|t:|1700626000\n|switch|p1a: Tornadus|Tornadus, L50, M|69\/100\n|move|p2a: Indeedee|Helping Hand|p2b: Enamorus\n|-singleturn|p2b: Enamorus|Helping Hand|[of] p2a: Indeedee\n|move|p1b: Mi Kokoro|Tera Blast|p2a: Indeedee|[anim] Tera Blast Fairy\n|-damage|p2a: Indeedee|0 fnt\n|faint|p2a: Indeedee\n|move|p2b: Enamorus|Dazzling Gleam|p1b: Mi Kokoro|[spread] p1a,p1b\n|-damage|p1a: Tornadus|3\/100\n|-damage|p1b: Mi Kokoro|0 fnt\n|faint|p1b: Mi Kokoro\n|\n|-weather|none\n|-end|p2b: Enamorus|move: Taunt\n|upkeep\n|\n|t:|1700626025\n|switch|p1b: Rillaboom|Rillaboom, L50, M|17\/100\n|switch|p2a: Armarouge|Armarouge, L50, F, tera:Grass|96\/100\n|-fieldstart|move: Grassy Terrain|[from] ability: Grassy Surge|[of] p1b: Rillaboom\n|turn|7\n|\n|t:|1700626058\n|move|p1a: Tornadus|Bleakwind Storm|p2a: Armarouge|[spread] p2a,p2b\n|-supereffective|p2a: Armarouge\n|-crit|p2a: Armarouge\n|-damage|p2a: Armarouge|0 fnt\n|-damage|p2b: Enamorus|63\/100\n|faint|p2a: Armarouge\n|move|p1b: Rillaboom|U-turn|p2b: Enamorus\n|-resisted|p2b: Enamorus\n|-damage|p2b: Enamorus|58\/100\n|\n|t:|1700626065\n|switch|p1b: Chien-Pao|Chien-Pao, L50|100\/100|[from] U-turn\n|-ability|p1b: Chien-Pao|Sword of Ruin\n|move|p2b: Enamorus|Dazzling Gleam|p1b: Chien-Pao|[spread] p1a,p1b\n|-supereffective|p1b: Chien-Pao\n|-damage|p1a: Tornadus|0 fnt\n|-enditem|p1b: Chien-Pao|Focus Sash\n|-damage|p1b: Chien-Pao|1\/100\n|faint|p1a: Tornadus\n|\n|-heal|p1b: Chien-Pao|7\/100|[from] Grassy Terrain\n|upkeep\n|\n|t:|1700626071\n|switch|p1a: Rillaboom|Rillaboom, L50, M|17\/100\n|turn|8\n|\n|t:|1700626079\n|move|p2b: Enamorus|Protect|p2b: Enamorus\n|-singleturn|p2b: Enamorus|Protect\n|move|p1a: Rillaboom|Fake Out|p2b: Enamorus\n|-activate|p2b: Enamorus|move: Protect\n|move|p1b: Chien-Pao|Icicle Crash|p2b: Enamorus\n|-activate|p2b: Enamorus|move: Protect\n|\n|-heal|p1b: Chien-Pao|13\/100|[from] Grassy Terrain\n|-heal|p1a: Rillaboom|23\/100|[from] Grassy Terrain\n|upkeep\n|turn|9\n|\n|t:|1700626092\n|move|p1b: Chien-Pao|Icicle Crash|p2b: Enamorus\n|-supereffective|p2b: Enamorus\n|-damage|p2b: Enamorus|0 fnt\n|faint|p2b: Enamorus\n|\n|win|RotovicVGC\n|c|&|\/uhtml prompt-rotovicvgc,RotovicVGC is ready for game 2!\n|c|&|\/uhtml prompt-natrox1998,Natrox1998 is ready for game 2!\nBoth players are ready! Starting next match!\n|j| Tampico11\n","uploadtime":1700626550,"views":3,"p1id":"rotovicvgc","p2id":"natrox1998","formatid":"gen9vgc2023regulatione","rating":0,"private":0,"password":""}