{"id":"gen9vgc2023regulatione-1993025295","p1":"Gato_can","p2":"CaHu2","format":"[Gen 9] VGC 2023 Regulation E","log":"|j|\u2606Gato_can\n|j|\u2606CaHu2\n|t:|1700256663\n|gametype|doubles\n|player|p1|Gato_can|102|1108\n|player|p2|CaHu2|170|1167\n|teamsize|p1|6\n|teamsize|p2|6\n|gen|9\n|tier|[Gen 9] VGC 2023 Regulation E\n|rated|\n|rule|Species Clause: Limit one of each Pok\u00e9mon\n|rule|Item Clause: Limit one of each item\n|clearpoke\n|poke|p1|Tornadus, L50, M|\n|poke|p1|Glimmora, L50, F|\n|poke|p1|Flutter Mane, L50|\n|poke|p1|Ursaluna, L50, F|\n|poke|p1|Cresselia, L50, F|\n|poke|p1|Sinistcha-Masterpiece, L50|\n|poke|p2|Empoleon, L50, M|\n|poke|p2|Ogerpon-Wellspring, L50, F|\n|poke|p2|Tornadus, L50, M|\n|poke|p2|Roaring Moon, L50|\n|poke|p2|Gholdengo, L50|\n|poke|p2|Landorus-Therian, L50, M|\n|teampreview|4\n|inactive|Battle timer is ON: inactive players will automatically lose when time's up. (requested by CaHu2)\nCaHu2 has agreed to open team sheets.\n|inactive|Gato_can has 60 seconds left.\n|inactive|CaHu2 has 60 seconds left.\n|\n|t:|1700256708\n|start\n|switch|p1a: Tornadus|Tornadus, L50, M|100\/100\n|switch|p1b: Flutter Mane|Flutter Mane, L50|100\/100\n|switch|p2a: Tornadus|Tornadus, L50, M|100\/100\n|switch|p2b: Roaring Moon|Roaring Moon, L50|100\/100\n|-enditem|p2b: Roaring Moon|Booster Energy\n|-activate|p2b: Roaring Moon|ability: Protosynthesis|[fromitem]\n|-start|p2b: Roaring Moon|protosynthesisatk\n|-enditem|p1b: Flutter Mane|Booster Energy\n|-activate|p1b: Flutter Mane|ability: Protosynthesis|[fromitem]\n|-start|p1b: Flutter Mane|protosynthesisspa\n|turn|1\n|inactive|Gato_can has 30 seconds left.\n|inactive|CaHu2 has 30 seconds left.\n|\n|t:|1700256741\n|move|p2b: Roaring Moon|Protect|p2b: Roaring Moon\n|-singleturn|p2b: Roaring Moon|Protect\n|move|p1a: Tornadus|Tailwind|p1a: Tornadus\n|-sidestart|p1: Gato_can|move: Tailwind\n|move|p2a: Tornadus|Tailwind|p2a: Tornadus\n|-sidestart|p2: CaHu2|move: Tailwind\n|move|p1b: Flutter Mane|Thunderbolt|p2a: Tornadus\n|-supereffective|p2a: Tornadus\n|-damage|p2a: Tornadus|18\/100\n|\n|upkeep\n|turn|2\n|\n|t:|1700256757\n|-terastallize|p2b: Roaring Moon|Fairy\n|move|p2b: Roaring Moon|Knock Off|p1b: Flutter Mane\n|-damage|p1b: Flutter Mane|20\/100\n|move|p1a: Tornadus|Heat Wave|p2a: Tornadus|[spread] p2b\n|-miss|p1a: Tornadus|p2a: Tornadus\n|-damage|p2b: Roaring Moon|79\/100\n|move|p1b: Flutter Mane|Dazzling Gleam|p2a: Tornadus|[spread] p2a,p2b\n|-damage|p2a: Tornadus|0 fnt\n|-damage|p2b: Roaring Moon|38\/100\n|faint|p2a: Tornadus\n|\n|upkeep\n|inactive|CaHu2 has 30 seconds left.\n|\n|t:|1700256785\n|switch|p2a: Gholdengo|Gholdengo, L50|100\/100\n|turn|3\n|inactive|CaHu2 has 30 seconds left.\n|\n|t:|1700256811\n|move|p2b: Roaring Moon|Knock Off|p1b: Flutter Mane\n|-damage|p1b: Flutter Mane|0 fnt\n|faint|p1b: Flutter Mane\n|-end|p1b: Flutter Mane|Protosynthesis|[silent]\n|move|p1a: Tornadus|Heat Wave|p2b: Roaring Moon|[spread] p2a,p2b\n|-supereffective|p2a: Gholdengo\n|-damage|p2a: Gholdengo|47\/100\n|-damage|p2b: Roaring Moon|18\/100\n|move|p2a: Gholdengo|Nasty Plot|p2a: Gholdengo\n|-boost|p2a: Gholdengo|spa|2\n|\n|upkeep\n|\n|t:|1700256822\n|switch|p1b: Ursaluna|Ursaluna, L50, F|100\/100\n|turn|4\n|\n|t:|1700256841\n|move|p2a: Gholdengo|Protect|p2a: Gholdengo\n|-singleturn|p2a: Gholdengo|Protect\n|move|p2b: Roaring Moon|Dragon Claw|p1a: Tornadus\n|-damage|p1a: Tornadus|15\/100\n|-enditem|p1a: Tornadus|Sitrus Berry|[eat]\n|-heal|p1a: Tornadus|40\/100|[from] item: Sitrus Berry\n|move|p1a: Tornadus|Heat Wave|p2a: Gholdengo|[spread] \n|-activate|p2a: Gholdengo|move: Protect\n|-miss|p1a: Tornadus|p2b: Roaring Moon\n|move|p1b: Ursaluna|Earthquake|p2b: Roaring Moon|[spread] p2b\n|-activate|p2a: Gholdengo|move: Protect\n|-immune|p1a: Tornadus\n|-damage|p2b: Roaring Moon|0 fnt\n|faint|p2b: Roaring Moon\n|-end|p2b: Roaring Moon|Protosynthesis|[silent]\n|\n|-sideend|p1: Gato_can|move: Tailwind\n|-sideend|p2: CaHu2|move: Tailwind\n|-status|p1b: Ursaluna|brn|[from] item: Flame Orb\n|upkeep\n|\n|t:|1700256855\n|switch|p2b: Ogerpon|Ogerpon-Wellspring, L50, F|100\/100\n|turn|5\n|\n|t:|1700256867\n|move|p1a: Tornadus|Tailwind|p1a: Tornadus\n|-sidestart|p1: Gato_can|move: Tailwind\n|move|p2b: Ogerpon|Ivy Cudgel|p1b: Ursaluna|[anim] Ivy Cudgel Water\n|-supereffective|p1b: Ursaluna\n|-damage|p1b: Ursaluna|14\/100 brn\n|move|p2a: Gholdengo|Make It Rain|p1b: Ursaluna|[spread] p1a,p1b\n|-damage|p1a: Tornadus|0 fnt\n|-damage|p1b: Ursaluna|0 fnt\n|-unboost|p2a: Gholdengo|spa|1\n|faint|p1a: Tornadus\n|faint|p1b: Ursaluna\n|-damage|p2a: Gholdengo|38\/100|[from] item: Life Orb\n|\n|upkeep\n|\n|t:|1700256877\n|switch|p1b: Sinistcha|Sinistcha-Masterpiece, L50|100\/100\n|turn|6\n|\n|t:|1700256889\n|-terastallize|p1b: Sinistcha|Water\n|move|p2a: Gholdengo|Protect|p2a: Gholdengo\n|-singleturn|p2a: Gholdengo|Protect\n|move|p1b: Sinistcha|Shadow Ball|p2a: Gholdengo\n|-activate|p2a: Gholdengo|move: Protect\n|move|p2b: Ogerpon|Horn Leech|p1b: Sinistcha\n|-supereffective|p1b: Sinistcha\n|-damage|p1b: Sinistcha|32\/100\n|-damage|p2b: Ogerpon|84\/100|[from] item: Rocky Helmet|[of] p1b: Sinistcha\n|\n|upkeep\n|turn|7\n|\n|t:|1700256914\n|move|p1b: Sinistcha|Matcha Gotcha|p2b: Ogerpon|[spread] p2a,p2b\n|-resisted|p2a: Gholdengo\n|-damage|p2a: Gholdengo|23\/100\n|-heal|p1b: Sinistcha|39\/100|[from] drain|[of] p2a: Gholdengo\n|-damage|p2b: Ogerpon|53\/100\n|-heal|p1b: Sinistcha|52\/100|[from] drain|[of] p2b: Ogerpon\n|move|p2b: Ogerpon|Horn Leech|p1b: Sinistcha\n|-supereffective|p1b: Sinistcha\n|-damage|p1b: Sinistcha|0 fnt\n|-heal|p2b: Ogerpon|83\/100|[from] drain|[of] p1b: Sinistcha\n|-damage|p2b: Ogerpon|67\/100|[from] item: Rocky Helmet|[of] p1b: Sinistcha\n|faint|p1b: Sinistcha\n|\n|win|CaHu2\n|raw|Gato_can's rating: 1108 &rarr; <strong>1087<\/strong><br \/>(-21 for losing)\n|raw|CaHu2's rating: 1167 &rarr; <strong>1188<\/strong><br \/>(+21 for winning)\n","uploadtime":1700256926,"views":19,"p1id":"gatocan","p2id":"cahu2","formatid":"gen9vgc2023regulatione","rating":1087,"private":0,"password":""}