{"id":"gen9vgc2023regulatione-1992950363","p1":"whykeyVGC","p2":"MrMcNukington","format":"[Gen 9] VGC 2023 Regulation E","log":"|j|\u2606whykeyVGC\n|j|\u2606MrMcNukington\n|t:|1700249593\n|gametype|doubles\n|player|p1|whykeyVGC|265|1326\n|player|p2|MrMcNukington|will|1247\n|teamsize|p1|6\n|teamsize|p2|6\n|gen|9\n|tier|[Gen 9] VGC 2023 Regulation E\n|rated|\n|rule|Species Clause: Limit one of each Pok\u00e9mon\n|rule|Item Clause: Limit one of each item\n|clearpoke\n|poke|p1|Landorus-Therian, L50, M|\n|poke|p1|Ogerpon-Wellspring, L50, F|\n|poke|p1|Roaring Moon, L50|\n|poke|p1|Flutter Mane, L50|\n|poke|p1|Heatran, L50, M|\n|poke|p1|Iron Hands, L50|\n|poke|p2|Chien-Pao, L50|\n|poke|p2|Dragonite, L50, F|\n|poke|p2|Heatran, L50, F|\n|poke|p2|Rillaboom, L50, M|\n|poke|p2|Urshifu-*, L50, F|\n|poke|p2|Farigiraf, L50, M|\n|teampreview|4\nwhykeyVGC has agreed to open team sheets.\n|inactive|Battle timer is ON: inactive players will automatically lose when time's up. (requested by whykeyVGC)\n|inactive|whykeyVGC has 60 seconds left.\n|\n|t:|1700249634\n|start\n|switch|p1a: Roaring Moon|Roaring Moon, L50|100\/100\n|switch|p1b: Landorus|Landorus-Therian, L50, M|100\/100\n|switch|p2a: Farigiraf|Farigiraf, L50, M|100\/100\n|switch|p2b: Urshifu|Urshifu-Rapid-Strike, L50, F|100\/100\n|-ability|p1b: Landorus|Intimidate|boost\n|-unboost|p2a: Farigiraf|atk|1\n|-unboost|p2b: Urshifu|atk|1\n|-enditem|p1a: Roaring Moon|Booster Energy\n|-activate|p1a: Roaring Moon|ability: Protosynthesis|[fromitem]\n|-start|p1a: Roaring Moon|protosynthesisspe\n|turn|1\n|\n|t:|1700249659\n|-terastallize|p1b: Landorus|Flying\n|move|p1a: Roaring Moon|Breaking Swipe|p2b: Urshifu|[spread] p2a,p2b\n|-damage|p2a: Farigiraf|83\/100\n|-damage|p2b: Urshifu|78\/100\n|-unboost|p2a: Farigiraf|atk|1\n|-unboost|p2b: Urshifu|atk|1\n|move|p2b: Urshifu|Surging Strikes|p1b: Landorus\n|-crit|p1b: Landorus\n|-damage|p1b: Landorus|76\/100\n|-crit|p1b: Landorus\n|-damage|p1b: Landorus|54\/100\n|-crit|p1b: Landorus\n|-damage|p1b: Landorus|29\/100\n|-hitcount|p1b: Landorus|3\n|move|p1b: Landorus|Tera Blast|p2b: Urshifu|[anim] Tera Blast Flying\n|-supereffective|p2b: Urshifu\n|-damage|p2b: Urshifu|0 fnt\n|faint|p2b: Urshifu\n|move|p2a: Farigiraf|Trick Room|p2a: Farigiraf\n|-fieldstart|move: Trick Room|[of] p2a: Farigiraf\n|\n|upkeep\n|\n|t:|1700249679\n|switch|p2b: Dragonite|Dragonite, L50, F|100\/100\n|turn|2\n|\n|t:|1700249692\n|switch|p1b: Heatran|Heatran, L50, M|100\/100\n|-terastallize|p2b: Dragonite|Normal\n|move|p2b: Dragonite|Extreme Speed|p1a: Roaring Moon\n|-damage|p1a: Roaring Moon|16\/100\n|move|p2a: Farigiraf|Dazzling Gleam|p1a: Roaring Moon|[spread] p1a,p1b\n|-supereffective|p1a: Roaring Moon\n|-resisted|p1b: Heatran\n|-damage|p1a: Roaring Moon|0 fnt\n|-damage|p1b: Heatran|97\/100\n|faint|p1a: Roaring Moon\n|-end|p1a: Roaring Moon|Protosynthesis|[silent]\n|\n|upkeep\n|\n|t:|1700249705\n|switch|p1a: Iron Hands|Iron Hands, L50|100\/100\n|turn|3\n|\n|t:|1700249715\n|move|p2b: Dragonite|Extreme Speed|p1b: Heatran\n|-resisted|p1b: Heatran\n|-damage|p1b: Heatran|64\/100\n|move|p2a: Farigiraf|Psyshock|p1a: Iron Hands\n|-supereffective|p1a: Iron Hands\n|-damage|p1a: Iron Hands|56\/100\n|move|p1a: Iron Hands|Drain Punch|p2b: Dragonite\n|-supereffective|p2b: Dragonite\n|-damage|p2b: Dragonite|16\/100\n|-heal|p1a: Iron Hands|90\/100|[from] drain|[of] p2b: Dragonite\n|move|p1b: Heatran|Heat Wave|p2a: Farigiraf|[spread] p2a,p2b\n|-damage|p2a: Farigiraf|26\/100\n|-damage|p2b: Dragonite|0 fnt\n|faint|p2b: Dragonite\n|-damage|p1b: Heatran|55\/100|[from] item: Life Orb\n|\n|upkeep\n|\n|t:|1700249727\n|switch|p2b: Heatran|Heatran, L50, F|100\/100\n|turn|4\n|\n|t:|1700249735\n|move|p1b: Heatran|Protect|p1b: Heatran\n|-singleturn|p1b: Heatran|Protect\n|move|p2a: Farigiraf|Psyshock|p1a: Iron Hands\n|-supereffective|p1a: Iron Hands\n|-damage|p1a: Iron Hands|41\/100\n|move|p1a: Iron Hands|Drain Punch|p2b: Heatran\n|-supereffective|p2b: Heatran\n|-damage|p2b: Heatran|24\/100\n|-heal|p1a: Iron Hands|74\/100|[from] drain|[of] p2b: Heatran\n|move|p2b: Heatran|Earth Power|p1b: Heatran\n|-activate|p1b: Heatran|move: Protect\n|\n|upkeep\n|turn|5\n|\n|t:|1700249749\n|switch|p1b: Landorus|Landorus-Therian, L50, M, tera:Flying|29\/100\n|-ability|p1b: Landorus|Intimidate|boost\n|-unboost|p2a: Farigiraf|atk|1\n|-unboost|p2b: Heatran|atk|1\n|move|p2a: Farigiraf|Psyshock|p1a: Iron Hands\n|-supereffective|p1a: Iron Hands\n|-damage|p1a: Iron Hands|27\/100\n|move|p1a: Iron Hands|Drain Punch|p2b: Heatran\n|-supereffective|p2b: Heatran\n|-damage|p2b: Heatran|0 fnt\n|-heal|p1a: Iron Hands|37\/100|[from] drain|[of] p2b: Heatran\n|faint|p2b: Heatran\n|\n|-fieldend|move: Trick Room\n|upkeep\n|turn|6\n|\n|t:|1700249767\n|move|p1b: Landorus|Tera Blast|p2a: Farigiraf|[anim] Tera Blast Flying\n|-damage|p2a: Farigiraf|0 fnt\n|faint|p2a: Farigiraf\n|\n|win|whykeyVGC\n|raw|whykeyVGC's rating: 1326 &rarr; <strong>1342<\/strong><br \/>(+16 for winning)\n|raw|MrMcNukington's rating: 1247 &rarr; <strong>1228<\/strong><br \/>(-19 for losing)\n","uploadtime":1700249887,"views":9,"p1id":"whykeyvgc","p2id":"mrmcnukington","formatid":"gen9vgc2023regulatione","rating":1228,"private":0,"password":""}