{"id":"gen9vgc2023regulatione-1989117484","p1":"ToastedArt","p2":"Granny Pie","format":"[Gen 9] VGC 2023 Regulation E","log":"|j|\u2606ToastedArt\n|j|\u2606Granny Pie\n|t:|1699814106\n|gametype|doubles\n|player|p1|ToastedArt|iris|\n|player|p2|Granny Pie|zinnia|\n|teamsize|p1|6\n|teamsize|p2|6\n|gen|9\n|tier|[Gen 9] VGC 2023 Regulation E\n|rule|Species Clause: Limit one of each Pok\u00e9mon\n|rule|Item Clause: Limit one of each item\n|clearpoke\n|poke|p1|Weezing, L50, F|\n|poke|p1|Landorus-Therian, L50, M|\n|poke|p1|Ogerpon, L50, F|\n|poke|p1|Roaring Moon, L50|\n|poke|p1|Gholdengo, L50|\n|poke|p1|Iron Hands, L50|\n|poke|p2|Snorlax, L50, M|\n|poke|p2|Sinistcha, L50|\n|poke|p2|Landorus-Therian, L50, M|\n|poke|p2|Iron Hands, L50|\n|poke|p2|Clefairy, L50, F|\n|poke|p2|Kommo-o, L50, F|\n|teampreview|4\nToastedArt has agreed to open team sheets.\nGranny Pie has agreed to open team sheets.\n|showteam|p1|Weezing||SitrusBerry|NeutralizingGas|GunkShot,WillOWisp,Taunt,Protect|||F|||50|,,,,,Grass]Landorus-Therian||AbilityShield|Intimidate|StompingTantrum,TeraBlast,Uturn,RockSlide|||M|||50|,,,,,Flying]Ogerpon||RazorClaw|Defiant|IvyCudgel,SpikyShield,StompingTantrum,SwordsDance|||F|||50|,,,,,Grass]Roaring Moon||BoosterEnergy|Protosynthesis|KnockOff,BreakingSwipe,Tailwind,Protect||||||50|,,,,,Poison]Gholdengo||LifeOrb|GoodasGold|MakeItRain,ShadowBall,NastyPlot,Protect||||||50|,,,,,Water]Iron Hands||AssaultVest|QuarkDrive|WildCharge,DrainPunch,HeavySlam,FakeOut||||||50|,,,,,Fire\n|showteam|p2|Snorlax||SitrusBerry|ThickFat|BellyDrum,Protect,Facade,HighHorsepower|||M|||50|,,,,,Water]Sinistcha||MentalHerb|Hospitality|MatchaGotcha,RagePowder,StrengthSap,TrickRoom||||||50|,,,,,Fire]Landorus-Therian||ChoiceScarf|Intimidate|Uturn,StompingTantrum,RockSlide,TeraBlast|||M|||50|,,,,,Flying]Iron Hands||AssaultVest|QuarkDrive|FakeOut,DrainPunch,WildCharge,HeavySlam||||||50|,,,,,Water]Clefairy||Eviolite|FriendGuard|HelpingHand,FollowMe,HealPulse,Protect|||F|||50|,,,,,Grass]Kommo-o||ThroatSpray|Bulletproof|ClangorousSoul,ClangingScales,FlashCannon,Protect|||F|||50|,,,,,Steel\n|\n|t:|1699814145\n|start\n|switch|p1a: Ogerpon|Ogerpon, L50, F|100\/100\n|switch|p1b: Iron Hands|Iron Hands, L50|100\/100\n|switch|p2a: Hands-Down|Iron Hands, L50|100\/100\n|switch|p2b: Dancing Queen|Kommo-o, L50, F|100\/100\n|turn|1\n|\n|t:|1699814164\n|move|p1a: Ogerpon|Spiky Shield|p1a: Ogerpon\n|-singleturn|p1a: Ogerpon|move: Protect\n|move|p1b: Iron Hands|Fake Out|p2b: Dancing Queen\n|-damage|p2b: Dancing Queen|86\/100\n|move|p2a: Hands-Down|Fake Out|p1a: Ogerpon\n|-activate|p1a: Ogerpon|move: Protect\n|-damage|p2a: Hands-Down|88\/100|[from] Spiky Shield|[of] p1a: Ogerpon\n|cant|p2b: Dancing Queen|flinch\n|\n|upkeep\n|turn|2\n|\n|t:|1699814210\n|-end|p1b: Iron Hands|Quark Drive|[silent]\n|switch|p1b: Thomas Jefferson|Landorus-Therian, L50, M|100\/100\n|-ability|p1b: Thomas Jefferson|Intimidate|boost\n|-unboost|p2a: Hands-Down|atk|1\n|-unboost|p2b: Dancing Queen|atk|1\n|-end|p2a: Hands-Down|Quark Drive|[silent]\n|switch|p2a: Pipi|Clefairy, L50, F|100\/100\n|move|p2b: Dancing Queen|Clangorous Soul|p2b: Dancing Queen\n|-boost|p2b: Dancing Queen|atk|1\n|-boost|p2b: Dancing Queen|def|1\n|-boost|p2b: Dancing Queen|spa|1\n|-boost|p2b: Dancing Queen|spd|1\n|-boost|p2b: Dancing Queen|spe|1\n|-damage|p2b: Dancing Queen|54\/100\n|-enditem|p2b: Dancing Queen|Throat Spray\n|-boost|p2b: Dancing Queen|spa|1|[from] item: Throat Spray\n|move|p1a: Ogerpon|Swords Dance|p1a: Ogerpon\n|-boost|p1a: Ogerpon|atk|2\n|\n|upkeep\n|turn|3\n|\n|t:|1699814235\n|-terastallize|p1b: Thomas Jefferson|Flying\n|move|p2a: Pipi|Follow Me|p2a: Pipi\n|-singleturn|p2a: Pipi|move: Follow Me\n|move|p2b: Dancing Queen|Clanging Scales|p1a: Ogerpon|[spread] p1a,p1b\n|-damage|p1a: Ogerpon|27\/100\n|-damage|p1b: Thomas Jefferson|17\/100\n|-unboost|p2b: Dancing Queen|def|1\n|move|p1b: Thomas Jefferson|Tera Blast|p2a: Pipi|[anim] Tera Blast Flying\n|-damage|p2a: Pipi|51\/100\n|move|p1a: Ogerpon|Ivy Cudgel|p2a: Pipi\n|-crit|p2a: Pipi\n|-damage|p2a: Pipi|0 fnt\n|faint|p2a: Pipi\n|\n|upkeep\n|\n|t:|1699814248\n|switch|p2a: Ho-kago Tea Time|Sinistcha, L50|100\/100\n|-heal|p2b: Dancing Queen|79\/100|[from] ability: Hospitality|[of] p2a: Ho-kago Tea Time\n|turn|4\n|c|\u2606ToastedArt|played the cards wrong\n|\n|t:|1699814268\n|move|p1a: Ogerpon|Spiky Shield|p1a: Ogerpon\n|-singleturn|p1a: Ogerpon|move: Protect\n|move|p2a: Ho-kago Tea Time|Rage Powder|p2a: Ho-kago Tea Time\n|-singleturn|p2a: Ho-kago Tea Time|move: Rage Powder\n|move|p2b: Dancing Queen|Clangorous Soul|p2b: Dancing Queen\n|-boost|p2b: Dancing Queen|atk|1\n|-boost|p2b: Dancing Queen|def|1\n|-boost|p2b: Dancing Queen|spa|1\n|-boost|p2b: Dancing Queen|spd|1\n|-boost|p2b: Dancing Queen|spe|1\n|-damage|p2b: Dancing Queen|46\/100\n|move|p1b: Thomas Jefferson|U-turn|p2a: Ho-kago Tea Time\n|-damage|p2a: Ho-kago Tea Time|80\/100\n|\n|t:|1699814281\n|switch|p1b: Iron Hands|Iron Hands, L50|100\/100|[from] U-turn\n|\n|upkeep\n|turn|5\n|c|\u2606Granny Pie|I'm crazy\n|c|\u2606ToastedArt|not for long\n|\n|t:|1699814309\n|move|p2b: Dancing Queen|Protect|p2b: Dancing Queen\n|-singleturn|p2b: Dancing Queen|Protect\n|move|p1b: Iron Hands|Fake Out|p2b: Dancing Queen\n|-activate|p2b: Dancing Queen|move: Protect\n|move|p2a: Ho-kago Tea Time|Rage Powder|p2a: Ho-kago Tea Time\n|-singleturn|p2a: Ho-kago Tea Time|move: Rage Powder\n|move|p1a: Ogerpon|Ivy Cudgel|p2a: Ho-kago Tea Time\n|-resisted|p2a: Ho-kago Tea Time\n|-damage|p2a: Ho-kago Tea Time|35\/100\n|\n|upkeep\n|turn|6\n|\n|t:|1699814335\n|move|p1a: Ogerpon|Spiky Shield|p1a: Ogerpon\n|-singleturn|p1a: Ogerpon|move: Protect\n|move|p2a: Ho-kago Tea Time|Rage Powder|p2a: Ho-kago Tea Time\n|-singleturn|p2a: Ho-kago Tea Time|move: Rage Powder\n|move|p2b: Dancing Queen|Clanging Scales|p1b: Iron Hands|[spread] p1b\n|-activate|p1a: Ogerpon|move: Protect\n|-damage|p1b: Iron Hands|56\/100\n|-unboost|p2b: Dancing Queen|def|1\n|move|p1b: Iron Hands|Heavy Slam|p2a: Ho-kago Tea Time\n|-damage|p2a: Ho-kago Tea Time|0 fnt\n|faint|p2a: Ho-kago Tea Time\n|\n|upkeep\n|\n|t:|1699814349\n|switch|p2a: Hands-Down|Iron Hands, L50|88\/100\n|turn|7\n|\n|t:|1699814361\n|switch|p1a: Thomas Jefferson|Landorus-Therian, L50, M, tera:Flying|17\/100\n|-ability|p1a: Thomas Jefferson|Intimidate|boost\n|-unboost|p2a: Hands-Down|atk|1\n|-unboost|p2b: Dancing Queen|atk|1\n|move|p2a: Hands-Down|Fake Out|p1b: Iron Hands\n|-damage|p1b: Iron Hands|49\/100\n|move|p2b: Dancing Queen|Clanging Scales|p1b: Iron Hands|[spread] p1a,p1b\n|-damage|p1a: Thomas Jefferson|0 fnt\n|-damage|p1b: Iron Hands|4\/100\n|faint|p1a: Thomas Jefferson\n|-unboost|p2b: Dancing Queen|def|1\n|cant|p1b: Iron Hands|flinch\n|\n|upkeep\n|\n|t:|1699814374\n|switch|p1a: Ogerpon|Ogerpon, L50, F|27\/100\n|turn|8\n|\n|t:|1699814384\n|-end|p1b: Iron Hands|Quark Drive|[silent]\n|switch|p1b: Weezing|Weezing, L50, F|100\/100\n|-ability|p1b: Weezing|Neutralizing Gas\n|move|p1a: Ogerpon|Spiky Shield|p1a: Ogerpon\n|-singleturn|p1a: Ogerpon|move: Protect\n|move|p2b: Dancing Queen|Clanging Scales|p1a: Ogerpon|[spread] p1b\n|-activate|p1a: Ogerpon|move: Protect\n|-damage|p1b: Weezing|0 fnt\n|faint|p1b: Weezing\n|-end|p1b: Weezing|ability: Neutralizing Gas\n|-unboost|p2b: Dancing Queen|def|1\n|move|p2a: Hands-Down|Drain Punch|p1a: Ogerpon\n|-activate|p1a: Ogerpon|move: Protect\n|-damage|p2a: Hands-Down|76\/100|[from] Spiky Shield|[of] p1a: Ogerpon\n|\n|upkeep\n|\n|t:|1699814399\n|switch|p1b: Iron Hands|Iron Hands, L50|4\/100\n|turn|9\n|\n|t:|1699814411\n|move|p2b: Dancing Queen|Protect|p2b: Dancing Queen\n|-singleturn|p2b: Dancing Queen|Protect\n|move|p1b: Iron Hands|Fake Out|p2b: Dancing Queen\n|-activate|p2b: Dancing Queen|move: Protect\n|move|p1a: Ogerpon|Stomping Tantrum|p2a: Hands-Down\n|-supereffective|p2a: Hands-Down\n|-crit|p2a: Hands-Down\n|-damage|p2a: Hands-Down|22\/100\n|move|p2a: Hands-Down|Drain Punch|p1b: Iron Hands\n|-damage|p1b: Iron Hands|0 fnt\n|-heal|p2a: Hands-Down|24\/100|[from] drain|[of] p1b: Iron Hands\n|faint|p1b: Iron Hands\n|-end|p1b: Iron Hands|Quark Drive|[silent]\n|\n|upkeep\n|turn|10\n|\n|t:|1699814424\n|move|p1a: Ogerpon|Spiky Shield|p1a: Ogerpon\n|-singleturn|p1a: Ogerpon|move: Protect\n|move|p2b: Dancing Queen|Clanging Scales|p1a: Ogerpon\n|-activate|p1a: Ogerpon|move: Protect\n|move|p2a: Hands-Down|Drain Punch|p1a: Ogerpon\n|-activate|p1a: Ogerpon|move: Protect\n|-damage|p2a: Hands-Down|12\/100|[from] Spiky Shield|[of] p1a: Ogerpon\n|\n|upkeep\n|turn|11\n|\n|t:|1699814435\n|move|p2b: Dancing Queen|Clanging Scales|p1a: Ogerpon\n|-damage|p1a: Ogerpon|0 fnt\n|faint|p1a: Ogerpon\n|\n|win|Granny Pie\n|l|\u2606ToastedArt\n","uploadtime":1699814438,"views":12,"p1id":"toastedart","p2id":"grannypie","formatid":"gen9vgc2023regulatione","rating":0,"private":0,"password":""}