{"id":"gen9vgc2023regulatione-1991028972","p1":"GubbemonVGC","p2":"CFgenesis","format":"[Gen 9] VGC 2023 Regulation E","log":"|j|\u2606GubbemonVGC\n|j|\u2606CFgenesis\n|t:|1700030776\n|gametype|doubles\n|player|p1|GubbemonVGC|pokemaniac|1112\n|player|p2|CFgenesis|lucas|1191\n|teamsize|p1|6\n|teamsize|p2|6\n|gen|9\n|tier|[Gen 9] VGC 2023 Regulation E\n|rated|\n|rule|Species Clause: Limit one of each Pok\u00e9mon\n|rule|Item Clause: Limit one of each item\n|clearpoke\n|poke|p1|Dusclops, L50, M|\n|poke|p1|Snorlax, L50, F|\n|poke|p1|Heatran, L50, M|\n|poke|p1|Ogerpon-Wellspring, L50, F|\n|poke|p1|Ninetales-Alola, L50, M|\n|poke|p1|Iron Hands, L50|\n|poke|p2|Ogerpon-Wellspring, L50, F|\n|poke|p2|Sinistcha-Masterpiece, L50|\n|poke|p2|Landorus-Therian, L50, M|\n|poke|p2|Tornadus, L50, M|\n|poke|p2|Urshifu-*, L50, F|\n|poke|p2|Iron Hands, L50|\n|teampreview|4\n|\n|t:|1700030830\n|start\n|switch|p1a: Dusclops|Dusclops, L50, M, shiny|100\/100\n|switch|p1b: Ninetales|Ninetales-Alola, L50, M, shiny|100\/100\n|switch|p2a: Urshifu|Urshifu-Rapid-Strike, L50, F|100\/100\n|switch|p2b: Landorus|Landorus-Therian, L50, M|100\/100\n|-weather|Snow|[from] ability: Snow Warning|[of] p1b: Ninetales\n|-ability|p2b: Landorus|Intimidate|boost\n|-unboost|p1a: Dusclops|atk|1\n|-unboost|p1b: Ninetales|atk|1\n|-item|p2a: Urshifu|Leftovers|[from] ability: Frisk|[of] p1a: Dusclops|[identify]\n|-item|p2b: Landorus|Lum Berry|[from] ability: Frisk|[of] p1a: Dusclops|[identify]\n|turn|1\n|\n|t:|1700030855\n|move|p1b: Ninetales|Aurora Veil|p1b: Ninetales\n|-sidestart|p1: GubbemonVGC|move: Aurora Veil\n|move|p2b: Landorus|Rock Slide|p1a: Dusclops|[spread] p1a,p1b\n|-supereffective|p1b: Ninetales\n|-damage|p1a: Dusclops|90\/100\n|-damage|p1b: Ninetales|73\/100\n|move|p2a: Urshifu|Surging Strikes|p1a: Dusclops\n|-crit|p1a: Dusclops\n|-damage|p1a: Dusclops|74\/100\n|-crit|p1a: Dusclops\n|-damage|p1a: Dusclops|60\/100\n|-crit|p1a: Dusclops\n|-damage|p1a: Dusclops|47\/100\n|-hitcount|p1a: Dusclops|3\n|cant|p1a: Dusclops|flinch\n|\n|-weather|Snow|[upkeep]\n|upkeep\n|turn|2\n|\n|t:|1700030877\n|switch|p2a: Iron Hands|Iron Hands, L50|100\/100\n|move|p1b: Ninetales|Blizzard|p2b: Landorus|[spread] p2a,p2b\n|-supereffective|p2b: Landorus\n|-damage|p2a: Iron Hands|80\/100\n|-damage|p2b: Landorus|0 fnt\n|faint|p2b: Landorus\n|move|p1a: Dusclops|Pain Split|p2a: Iron Hands\n|-sethp|p2a: Iron Hands|50\/100|[from] move: Pain Split|[silent]\n|-sethp|p1a: Dusclops|100\/100|[from] move: Pain Split\n|\n|-weather|Snow|[upkeep]\n|upkeep\n|\n|t:|1700030887\n|switch|p2b: Urshifu|Urshifu-Rapid-Strike, L50, F|100\/100\n|turn|3\n|\n|t:|1700030912\n|-end|p2a: Iron Hands|Quark Drive|[silent]\n|switch|p2a: Sinistcha|Sinistcha-Masterpiece, L50|100\/100\n|move|p1b: Ninetales|Dazzling Gleam|p2b: Urshifu|[spread] p2a,p2b\n|-supereffective|p2b: Urshifu\n|-damage|p2a: Sinistcha|77\/100\n|-damage|p2b: Urshifu|45\/100\n|move|p2b: Urshifu|Swords Dance|p2b: Urshifu\n|-boost|p2b: Urshifu|atk|2\n|move|p1a: Dusclops|Trick Room|p1a: Dusclops\n|-fieldstart|move: Trick Room|[of] p1a: Dusclops\n|\n|-weather|Snow|[upkeep]\n|-heal|p2b: Urshifu|51\/100|[from] item: Leftovers\n|upkeep\n|turn|4\n|\n|t:|1700030936\n|switch|p2a: Iron Hands|Iron Hands, L50|50\/100\n|move|p1a: Dusclops|Poltergeist|p2a: Iron Hands\n|-activate|p2a: Iron Hands|move: Poltergeist|Assault Vest\n|-damage|p2a: Iron Hands|37\/100\n|move|p2b: Urshifu|Surging Strikes|p1b: Ninetales\n|-crit|p1b: Ninetales\n|-damage|p1b: Ninetales|30\/100\n|-crit|p1b: Ninetales\n|-damage|p1b: Ninetales|0 fnt\n|faint|p1b: Ninetales\n|-hitcount|p1: Ninetales|2\n|\n|-weather|Snow|[upkeep]\n|-heal|p2b: Urshifu|57\/100|[from] item: Leftovers\n|upkeep\n|\n|t:|1700030950\n|switch|p1b: Ogerpon|Ogerpon-Wellspring, L50, F|100\/100\n|turn|5\n|\n|t:|1700030962\n|move|p1b: Ogerpon|Spiky Shield|p1b: Ogerpon\n|-singleturn|p1b: Ogerpon|move: Protect\n|move|p2a: Iron Hands|Fake Out|p1b: Ogerpon\n|-activate|p1b: Ogerpon|move: Protect\n|-damage|p2a: Iron Hands|24\/100|[from] Spiky Shield|[of] p1b: Ogerpon\n|move|p1a: Dusclops|Poltergeist|p2b: Urshifu\n|-activate|p2b: Urshifu|move: Poltergeist|Leftovers\n|-damage|p2b: Urshifu|40\/100\n|move|p2b: Urshifu|Drain Punch|p1b: Ogerpon\n|-damage|p1b: Ogerpon|42\/100\n|-heal|p2b: Urshifu|62\/100|[from] drain|[of] p1b: Ogerpon\n|\n|-weather|none\n|-heal|p2b: Urshifu|68\/100|[from] item: Leftovers\n|upkeep\n|turn|6\n|\n|t:|1700030990\n|-end|p2a: Iron Hands|Quark Drive|[silent]\n|switch|p2a: Sinistcha|Sinistcha-Masterpiece, L50|77\/100\n|-heal|p2b: Urshifu|93\/100|[from] ability: Hospitality|[of] p2a: Sinistcha\n|move|p1a: Dusclops|Poltergeist|p2a: Sinistcha\n|-activate|p2a: Sinistcha|move: Poltergeist|Sitrus Berry\n|-supereffective|p2a: Sinistcha\n|-damage|p2a: Sinistcha|43\/100\n|-enditem|p2a: Sinistcha|Sitrus Berry|[eat]\n|-heal|p2a: Sinistcha|68\/100|[from] item: Sitrus Berry\n|move|p2b: Urshifu|Drain Punch|p1b: Ogerpon\n|-damage|p1b: Ogerpon|0 fnt\n|-heal|p2b: Urshifu|100\/100|[from] drain|[of] p1b: Ogerpon\n|faint|p1b: Ogerpon\n|\n|upkeep\n|\n|t:|1700031005\n|switch|p1b: Snorlax|Snorlax, L50, F, shiny|100\/100\n|turn|7\n|\n|t:|1700031021\n|-terastallize|p1b: Snorlax|Ground\n|move|p1b: Snorlax|Curse|p1b: Snorlax\n|-unboost|p1b: Snorlax|spe|1\n|-boost|p1b: Snorlax|atk|1\n|-boost|p1b: Snorlax|def|1\n|move|p1a: Dusclops|Poltergeist||[still]\n|-fail|p1a: Dusclops\n|move|p2a: Sinistcha|Matcha Gotcha|p1b: Snorlax|[spread] p1a,p1b\n|-supereffective|p1b: Snorlax\n|-damage|p1a: Dusclops|89\/100\n|-heal|p2a: Sinistcha|72\/100|[from] drain|[of] p1a: Dusclops\n|-damage|p1b: Snorlax|82\/100\n|-heal|p2a: Sinistcha|84\/100|[from] drain|[of] p1b: Snorlax\n|-status|p1a: Dusclops|brn\n|move|p2b: Urshifu|Surging Strikes|p1b: Snorlax\n|-supereffective|p1b: Snorlax\n|-crit|p1b: Snorlax\n|-damage|p1b: Snorlax|27\/100\n|-supereffective|p1b: Snorlax\n|-crit|p1b: Snorlax\n|-damage|p1b: Snorlax|0 fnt\n|faint|p1b: Snorlax\n|-hitcount|p1: Snorlax|2\n|\n|-damage|p1a: Dusclops|83\/100 brn|[from] brn\n|-fieldend|move: Trick Room\n|upkeep\n|turn|8\n|c|\u2606CFgenesis|i thot tera ghost\n|c|\u2606GubbemonVGC|i did it for hh\n|c|\u2606GubbemonVGC|high horse power\n|\n|t:|1700031083\n|move|p2b: Urshifu|Surging Strikes|p1a: Dusclops\n|-crit|p1a: Dusclops\n|-damage|p1a: Dusclops|56\/100 brn\n|-crit|p1a: Dusclops\n|-damage|p1a: Dusclops|27\/100 brn\n|-crit|p1a: Dusclops\n|-damage|p1a: Dusclops|0 fnt\n|faint|p1a: Dusclops\n|-hitcount|p1: Dusclops|3\n|\n|win|CFgenesis\n|raw|GubbemonVGC's rating: 1112 &rarr; <strong>1093<\/strong><br \/>(-19 for losing)\n|raw|CFgenesis's rating: 1191 &rarr; <strong>1210<\/strong><br \/>(+19 for winning)\n|c|\u2606CFgenesis|k\n|c|\u2606CFgenesis|gg\n|c|\u2606GubbemonVGC|gg lol\n","uploadtime":1700031095,"views":8,"p1id":"gubbemonvgc","p2id":"cfgenesis","formatid":"gen9vgc2023regulatione","rating":1093,"private":0,"password":""}