{"id":"gen9vgc2023regulatione-1995808465","p1":"opxqo","p2":"secretstudent","format":"[Gen 9] VGC 2023 Regulation E","log":"|j|\u2606opxqo\n|j|\u2606secretstudent\n|t:|1700605181\n|gametype|doubles\n|player|p1|opxqo|clair|1163\n|player|p2|secretstudent|beauty|1220\n|teamsize|p1|6\n|teamsize|p2|6\n|gen|9\n|tier|[Gen 9] VGC 2023 Regulation E\n|rated|\n|rule|Species Clause: Limit one of each Pok\u00e9mon\n|rule|Item Clause: Limit one of each item\n|clearpoke\n|poke|p1|Armarouge, L50, F|\n|poke|p1|Sylveon, L50, F|\n|poke|p1|Amoonguss, L50, M|\n|poke|p1|Rotom-Wash, L50|\n|poke|p1|Cresselia, L50, F|\n|poke|p1|Ursaluna, L50, F|\n|poke|p2|Chien-Pao, L50|\n|poke|p2|Amoonguss, L50, F|\n|poke|p2|Hatterene, L50, F|\n|poke|p2|Gyarados, L50, M|\n|poke|p2|Volcarona, L50, F|\n|poke|p2|Ogerpon, L50, F|\n|teampreview|4\n|inactive|Battle timer is ON: inactive players will automatically lose when time's up. (requested by opxqo)\nsecretstudent rejected open team sheets.\n|inactive|opxqo has 60 seconds left.\n|inactive|secretstudent has 60 seconds left.\n|inactive|secretstudent has 30 seconds left.\n|\n|t:|1700605249\n|start\n|switch|p1a: Armarouge|Armarouge, L50, F|100\/100\n|switch|p1b: Sylveon|Sylveon, L50, F|100\/100\n|switch|p2a: Hatterene|Hatterene, L50, F|100\/100\n|switch|p2b: Gyarados|Gyarados, L50, M|100\/100\n|-ability|p2b: Gyarados|Intimidate|boost\n|-unboost|p1a: Armarouge|atk|1\n|-unboost|p1b: Sylveon|atk|1\n|turn|1\n|inactive|opxqo has 30 seconds left.\n|inactive|secretstudent has 30 seconds left.\n|inactive|secretstudent has 20 seconds left.\n|\n|t:|1700605284\n|move|p2b: Gyarados|Taunt|p1a: Armarouge\n|-start|p1a: Armarouge|move: Taunt\n|move|p1b: Sylveon|Tera Blast|p2a: Hatterene\n|-damage|p2a: Hatterene|51\/100\n|move|p2a: Hatterene|Dazzling Gleam|p1a: Armarouge|[spread] p1a,p1b\n|-resisted|p1a: Armarouge\n|-damage|p1a: Armarouge|80\/100\n|-damage|p1b: Sylveon|77\/100\n|cant|p1a: Armarouge|move: Taunt|Trick Room\n|\n|upkeep\n|turn|2\n|inactive|opxqo has 30 seconds left.\n|inactive|secretstudent has 30 seconds left.\n|\n|t:|1700605317\n|move|p2a: Hatterene|Protect|p2a: Hatterene\n|-singleturn|p2a: Hatterene|Protect\n|move|p2b: Gyarados|Thunder Wave|p1b: Sylveon\n|-status|p1b: Sylveon|par\n|move|p1a: Armarouge|Armor Cannon|p2a: Hatterene\n|-activate|p2a: Hatterene|move: Protect\n|move|p1b: Sylveon|Tera Blast|p2b: Gyarados\n|-damage|p2b: Gyarados|51\/100\n|\n|upkeep\n|turn|3\n|\n|t:|1700605339\n|move|p2b: Gyarados|Waterfall|p1a: Armarouge\n|-supereffective|p1a: Armarouge\n|-damage|p1a: Armarouge|1\/100\n|cant|p1a: Armarouge|flinch\n|move|p1b: Sylveon|Tera Blast|p2b: Gyarados\n|-damage|p2b: Gyarados|5\/100\n|-enditem|p2b: Gyarados|Sitrus Berry|[eat]\n|-heal|p2b: Gyarados|30\/100|[from] item: Sitrus Berry\n|move|p2a: Hatterene|Psychic|p1b: Sylveon\n|-damage|p1b: Sylveon|38\/100 par\n|\n|-end|p1a: Armarouge|move: Taunt\n|upkeep\n|turn|4\n|\n|t:|1700605358\n|move|p2b: Gyarados|Waterfall|p1b: Sylveon\n|-damage|p1b: Sylveon|0 fnt\n|faint|p1b: Sylveon\n|move|p2a: Hatterene|Psychic|p1a: Armarouge\n|-resisted|p1a: Armarouge\n|-damage|p1a: Armarouge|0 fnt\n|faint|p1a: Armarouge\n|\n|upkeep\n|\n|t:|1700605367\n|switch|p1b: Ursaluna|Ursaluna, L50, F|100\/100\n|switch|p1a: Rotom|Rotom-Wash, L50|100\/100\n|turn|5\n|\n|t:|1700605382\n|move|p1b: Ursaluna|Protect|p1b: Ursaluna\n|-singleturn|p1b: Ursaluna|Protect\n|move|p2a: Hatterene|Protect|p2a: Hatterene\n|-singleturn|p2a: Hatterene|Protect\n|move|p2b: Gyarados|Taunt|p1a: Rotom\n|-start|p1a: Rotom|move: Taunt\n|move|p1a: Rotom|Volt Switch|p2b: Gyarados\n|-supereffective|p2b: Gyarados\n|-damage|p2b: Gyarados|0 fnt\n|faint|p2b: Gyarados\n|\n|-status|p1b: Ursaluna|brn|[from] item: Flame Orb\n|upkeep\n|inactive|secretstudent has 30 seconds left.\n|\n|t:|1700605407\n|switch|p2b: Ogerpon|Ogerpon, L50, F|100\/100\n|turn|6\n|\n|t:|1700605417\n|-terastallize|p1b: Ursaluna|Ghost\n|move|p2b: Ogerpon|Ivy Cudgel|p1a: Rotom\n|-supereffective|p1a: Rotom\n|-damage|p1a: Rotom|0 fnt\n|faint|p1a: Rotom\n|-damage|p2b: Ogerpon|91\/100|[from] item: Life Orb\n|move|p1b: Ursaluna|Facade|p2b: Ogerpon\n|-damage|p2b: Ogerpon|0 fnt\n|faint|p2b: Ogerpon\n|move|p2a: Hatterene|Dazzling Gleam|p1b: Ursaluna\n|-damage|p1b: Ursaluna|60\/100 brn\n|\n|-damage|p1b: Ursaluna|54\/100 brn|[from] brn\n|upkeep\n|\n|t:|1700605428\n|switch|p2b: Chien-Pao|Chien-Pao, L50|100\/100\n|-ability|p2b: Chien-Pao|Sword of Ruin\n|turn|7\n|\n|t:|1700605442\n|-terastallize|p2b: Chien-Pao|Ghost\n|move|p2b: Chien-Pao|Sucker Punch|p1b: Ursaluna\n|-supereffective|p1b: Ursaluna\n|-damage|p1b: Ursaluna|0 fnt\n|faint|p1b: Ursaluna\n|\n|win|secretstudent\n|raw|opxqo's rating: 1163 &rarr; <strong>1142<\/strong><br \/>(-21 for losing)\n|raw|secretstudent's rating: 1220 &rarr; <strong>1241<\/strong><br \/>(+21 for winning)\n|l|\u2606opxqo\n","uploadtime":1700605447,"views":4,"p1id":"opxqo","p2id":"secretstudent","formatid":"gen9vgc2023regulatione","rating":1142,"private":0,"password":""}