{"id":"gen9vgc2023regulatione-1992397766","p1":"Conchoboar2","p2":"fishuu","format":"[Gen 9] VGC 2023 Regulation E","log":"|j|\u2606Conchoboar2\n|j|\u2606fishuu\n|t:|1700182876\n|gametype|doubles\n|player|p1|Conchoboar2|101|1332\n|player|p2|fishuu|akari|1426\n|teamsize|p1|6\n|teamsize|p2|6\n|gen|9\n|tier|[Gen 9] VGC 2023 Regulation E\n|rated|\n|rule|Species Clause: Limit one of each Pok\u00e9mon\n|rule|Item Clause: Limit one of each item\n|clearpoke\n|poke|p1|Mamoswine, L50, M|\n|poke|p1|Iron Hands, L50|\n|poke|p1|Grimmsnarl, L50, M|\n|poke|p1|Flutter Mane, L50|\n|poke|p1|Heatran, L50, F|\n|poke|p1|Sinistcha, L50|\n|poke|p2|Conkeldurr, L50, M|\n|poke|p2|Cresselia, L50, F|\n|poke|p2|Salamence, L50, F|\n|poke|p2|Iron Hands, L50|\n|poke|p2|Heatran, L50, F|\n|poke|p2|Amoonguss, L50, F|\n|teampreview|4\n|inactive|Battle timer is ON: inactive players will automatically lose when time's up. (requested by fishuu)\n|inactive|Conchoboar2 has 60 seconds left.\n|\n|t:|1700182909\n|start\n|switch|p1a: Grimmsnarl|Grimmsnarl, L50, M|100\/100\n|switch|p1b: Iron Hands|Iron Hands, L50|100\/100\n|switch|p2a: Cresselia|Cresselia, L50, F|100\/100\n|switch|p2b: Conkeldurr|Conkeldurr, L50, M|100\/100\n|turn|1\n|\n|t:|1700182927\n|switch|p2a: Iron Hands|Iron Hands, L50, shiny|100\/100\n|move|p2b: Conkeldurr|Protect|p2b: Conkeldurr\n|-singleturn|p2b: Conkeldurr|Protect\n|move|p1a: Grimmsnarl|Reflect|p1a: Grimmsnarl\n|-sidestart|p1: Conchoboar2|Reflect\n|move|p1b: Iron Hands|Thunder Punch|p2b: Conkeldurr\n|-activate|p2b: Conkeldurr|move: Protect\n|\n|-status|p2b: Conkeldurr|brn|[from] item: Flame Orb\n|upkeep\n|turn|2\n|inactive|fishuu has 30 seconds left.\n|inactive|fishuu has 20 seconds left.\n|inactive|fishuu has 15 seconds left.\n|\n|t:|1700182970\n|-terastallize|p2b: Conkeldurr|Poison\n|move|p2a: Iron Hands|Fake Out|p1b: Iron Hands\n|-damage|p1b: Iron Hands|94\/100\n|move|p1a: Grimmsnarl|Parting Shot|p2b: Conkeldurr\n|-unboost|p2b: Conkeldurr|atk|1\n|-unboost|p2b: Conkeldurr|spa|1\n|\n|t:|1700182980\n|switch|p1a: Flutter Mane|Flutter Mane, L50, shiny|100\/100|[from] Parting Shot\n|-enditem|p1a: Flutter Mane|Booster Energy\n|-activate|p1a: Flutter Mane|ability: Protosynthesis|[fromitem]\n|-start|p1a: Flutter Mane|protosynthesisspa\n|cant|p1b: Iron Hands|flinch\n|move|p2b: Conkeldurr|Hammer Arm|p1a: Flutter Mane\n|-immune|p1a: Flutter Mane\n|\n|-damage|p2b: Conkeldurr|94\/100 brn|[from] brn\n|upkeep\n|turn|3\n|\n|t:|1700182995\n|switch|p2b: Heatran|Heatran, L50, F|100\/100\n|move|p1a: Flutter Mane|Protect|p1a: Flutter Mane\n|-singleturn|p1a: Flutter Mane|Protect\n|move|p2a: Iron Hands|Heavy Slam|p1a: Flutter Mane\n|-activate|p1a: Flutter Mane|move: Protect\n|move|p1b: Iron Hands|Thunder Punch|p2b: Heatran\n|-damage|p2b: Heatran|63\/100\n|\n|upkeep\n|turn|4\n|\n|t:|1700183010\n|-terastallize|p1a: Flutter Mane|Fairy\n|move|p1a: Flutter Mane|Moonblast|p2a: Iron Hands\n|-supereffective|p2a: Iron Hands\n|-damage|p2a: Iron Hands|0 fnt\n|faint|p2a: Iron Hands\n|-end|p2a: Iron Hands|Quark Drive|[silent]\n|move|p1b: Iron Hands|Drain Punch|p2b: Heatran\n|-supereffective|p2b: Heatran\n|-damage|p2b: Heatran|0 fnt\n|-heal|p1b: Iron Hands|100\/100|[from] drain|[of] p2b: Heatran\n|faint|p2b: Heatran\n|\n|upkeep\n|inactive|fishuu has 30 seconds left.\n|inactive|fishuu has 20 seconds left.\n|inactive|fishuu has 15 seconds left.\n|inactive|fishuu has 10 seconds left.\n|inactive|fishuu has 5 seconds left.\n|\n|t:|1700183065\n|switch|p2a: Conkeldurr|Conkeldurr, L50, M, tera:Poison|94\/100 brn\n|switch|p2b: Cresselia|Cresselia, L50, F|100\/100\n|turn|5\n|inactive|fishuu has 30 seconds left.\n|inactive|fishuu has 20 seconds left.\n|inactive|fishuu has 15 seconds left.\n|inactive|fishuu has 10 seconds left.\n|inactive|fishuu has 5 seconds left.\n|\n|t:|1700183120\n|move|p2a: Conkeldurr|Mach Punch|p1a: Flutter Mane\n|-resisted|p1a: Flutter Mane\n|-damage|p1a: Flutter Mane|82\/100\n|move|p1a: Flutter Mane|Shadow Ball|p2b: Cresselia\n|-supereffective|p2b: Cresselia\n|-damage|p2b: Cresselia|19\/100\n|move|p2b: Cresselia|Lunar Blessing|p2b: Cresselia|[spread] p2a,p2b\n|-heal|p2a: Conkeldurr|100\/100 brn\n|-curestatus|p2a: Conkeldurr|brn|[msg]\n|-heal|p2b: Cresselia|44\/100\n|move|p1b: Iron Hands|Thunder Punch|p2b: Cresselia\n|-damage|p2b: Cresselia|17\/100\n|\n|-status|p2a: Conkeldurr|brn|[from] item: Flame Orb\n|upkeep\n|turn|6\n|inactive|fishuu has 30 seconds left.\n|inactive|fishuu has 20 seconds left.\n|inactive|fishuu has 15 seconds left.\n|inactive|fishuu has 10 seconds left.\n|inactive|fishuu has 5 seconds left.\n|\n|t:|1700183175\n|move|p2a: Conkeldurr|Mach Punch|p1b: Iron Hands\n|-damage|p1b: Iron Hands|82\/100\n|move|p1a: Flutter Mane|Dazzling Gleam|p2a: Conkeldurr|[spread] p2a,p2b\n|-resisted|p2a: Conkeldurr\n|-crit|p2b: Cresselia\n|-damage|p2a: Conkeldurr|73\/100 brn\n|-damage|p2b: Cresselia|0 fnt\n|faint|p2b: Cresselia\n|move|p1b: Iron Hands|Thunder Punch|p2a: Conkeldurr\n|-damage|p2a: Conkeldurr|35\/100 brn\n|\n|-damage|p2a: Conkeldurr|29\/100 brn|[from] brn\n|upkeep\n|turn|7\n|inactive|fishuu has 30 seconds left.\n|inactive|fishuu has 20 seconds left.\n|inactive|fishuu has 15 seconds left.\n|inactive|fishuu has 10 seconds left.\n|inactive|fishuu has 5 seconds left.\n|\n|t:|1700183230\n|move|p2a: Conkeldurr|Mach Punch|p1a: Flutter Mane\n|-resisted|p1a: Flutter Mane\n|-damage|p1a: Flutter Mane|65\/100\n|move|p1a: Flutter Mane|Shadow Ball|p2a: Conkeldurr\n|-damage|p2a: Conkeldurr|0 fnt\n|faint|p2a: Conkeldurr\n|\n|win|Conchoboar2\n|raw|Conchoboar2's rating: 1332 &rarr; <strong>1357<\/strong><br \/>(+25 for winning)\n|raw|fishuu's rating: 1426 &rarr; <strong>1401<\/strong><br \/>(-25 for losing)\n","uploadtime":1700183242,"views":10,"p1id":"conchoboar2","p2id":"fishuu","formatid":"gen9vgc2023regulatione","rating":1357,"private":0,"password":""}