{"id":"gen9vgc2023regulatione-1994335346","p1":"PunkRockObstagoon","p2":"kinokoatamakinoko","format":"[Gen 9] VGC 2023 Regulation E","log":"|j|\u2606PunkRockObstagoon\n|j|\u2606kinokoatamakinoko\n|t:|1700432358\n|gametype|doubles\n|player|p1|PunkRockObstagoon|hilbert|1420\n|player|p2|kinokoatamakinoko|benga|1532\n|teamsize|p1|6\n|teamsize|p2|6\n|gen|9\n|tier|[Gen 9] VGC 2023 Regulation E\n|rated|\n|rule|Species Clause: Limit one of each Pok\u00e9mon\n|rule|Item Clause: Limit one of each item\n|clearpoke\n|poke|p1|Spinarak, L50, M|\n|poke|p1|Tatsugiri-Droopy, L50, M|\n|poke|p1|Lurantis, L50, F|\n|poke|p1|Gholdengo, L50|\n|poke|p1|Farigiraf, L50, F|\n|poke|p1|Roaring Moon, L50|\n|poke|p2|Ogerpon-Wellspring, L50, F|\n|poke|p2|Tornadus, L50, M|\n|poke|p2|Chi-Yu, L50|\n|poke|p2|Flutter Mane, L50|\n|poke|p2|Regieleki, L50|\n|poke|p2|Indeedee-F, L50, F|\n|teampreview|4\n|inactive|Battle timer is ON: inactive players will automatically lose when time's up. (requested by PunkRockObstagoon)\n|inactive|PunkRockObstagoon has 60 seconds left.\n|inactive|kinokoatamakinoko has 60 seconds left.\n|\n|t:|1700432404\n|start\n|switch|p1a: Roaring Moon|Roaring Moon, L50|100\/100\n|switch|p1b: Farigiraf|Farigiraf, L50, F|100\/100\n|switch|p2a: Flutter Mane|Flutter Mane, L50|100\/100\n|switch|p2b: Chi-Yu|Chi-Yu, L50|100\/100\n|-ability|p2b: Chi-Yu|Beads of Ruin\n|-enditem|p1a: Roaring Moon|Booster Energy\n|-activate|p1a: Roaring Moon|ability: Protosynthesis|[fromitem]\n|-start|p1a: Roaring Moon|protosynthesisspe\n|turn|1\n|\n|t:|1700432415\n|-terastallize|p1a: Roaring Moon|Fire\n|move|p1b: Farigiraf|Protect|p1b: Farigiraf\n|-singleturn|p1b: Farigiraf|Protect\n|move|p1a: Roaring Moon|Iron Head|p2a: Flutter Mane\n|-supereffective|p2a: Flutter Mane\n|-enditem|p2a: Flutter Mane|Focus Sash\n|-damage|p2a: Flutter Mane|1\/100\n|move|p2a: Flutter Mane|Moonblast|p1a: Roaring Moon\n|-resisted|p1a: Roaring Moon\n|-damage|p1a: Roaring Moon|68\/100\n|move|p2b: Chi-Yu|Heat Wave|p1a: Roaring Moon|[spread] p1a\n|-activate|p1b: Farigiraf|move: Protect\n|-resisted|p1a: Roaring Moon\n|-damage|p1a: Roaring Moon|36\/100\n|-damage|p2b: Chi-Yu|91\/100|[from] item: Life Orb\n|\n|upkeep\n|turn|2\n|inactive|kinokoatamakinoko has 30 seconds left.\n|\n|t:|1700432441\n|move|p2a: Flutter Mane|Protect|p2a: Flutter Mane\n|-singleturn|p2a: Flutter Mane|Protect\n|move|p1a: Roaring Moon|Knock Off|p2a: Flutter Mane\n|-activate|p2a: Flutter Mane|move: Protect\n|move|p2b: Chi-Yu|Dark Pulse|p1b: Farigiraf\n|-supereffective|p1b: Farigiraf\n|-enditem|p1b: Farigiraf|Focus Sash\n|-damage|p1b: Farigiraf|1\/100\n|-damage|p2b: Chi-Yu|81\/100|[from] item: Life Orb\n|move|p1b: Farigiraf|Trick Room|p1b: Farigiraf\n|-fieldstart|move: Trick Room|[of] p1b: Farigiraf\n|\n|upkeep\n|turn|3\n|\n|t:|1700432464\n|-end|p2a: Flutter Mane|Protosynthesis|[silent]\n|switch|p2a: Tornadus|Tornadus, L50, M|100\/100\n|move|p1b: Farigiraf|Psychic|p2a: Tornadus\n|-damage|p2a: Tornadus|29\/100\n|move|p2b: Chi-Yu|Heat Wave|p1b: Farigiraf|[spread] p1a,p1b\n|-resisted|p1a: Roaring Moon\n|-damage|p1a: Roaring Moon|6\/100\n|-damage|p1b: Farigiraf|0 fnt\n|faint|p1b: Farigiraf\n|-damage|p2b: Chi-Yu|71\/100|[from] item: Life Orb\n|move|p1a: Roaring Moon|Breaking Swipe|p2b: Chi-Yu|[spread] p2a,p2b\n|-damage|p2a: Tornadus|8\/100\n|-damage|p2b: Chi-Yu|31\/100\n|-unboost|p2b: Chi-Yu|atk|1\n|\n|upkeep\n|j| thomas shelby 1\n|\n|t:|1700432472\n|switch|p1b: Gholdengo|Gholdengo, L50|100\/100\n|turn|4\n|inactive|kinokoatamakinoko has 30 seconds left.\n|inactive|kinokoatamakinoko has 20 seconds left.\n|inactive|kinokoatamakinoko has 15 seconds left.\n|inactive|kinokoatamakinoko has 10 seconds left.\n|inactive|kinokoatamakinoko has 5 seconds left.\n|\n|t:|1700432526\n|switch|p2a: Flutter Mane|Flutter Mane, L50|1\/100\n|move|p2b: Chi-Yu|Protect|p2b: Chi-Yu\n|-singleturn|p2b: Chi-Yu|Protect\n|move|p1a: Roaring Moon|Protect|p1a: Roaring Moon\n|-singleturn|p1a: Roaring Moon|Protect\n|move|p1b: Gholdengo|Make It Rain|p2a: Flutter Mane|[spread] p2a\n|-activate|p2b: Chi-Yu|move: Protect\n|-supereffective|p2a: Flutter Mane\n|-damage|p2a: Flutter Mane|0 fnt\n|-unboost|p1b: Gholdengo|spa|1\n|-enditem|p1b: Gholdengo|Eject Pack\n|faint|p2a: Flutter Mane\n|-end|p2a: Flutter Mane|Protosynthesis|[silent]\n|\n|t:|1700432530\n|switch|p1b: Tatsugiri|Tatsugiri-Droopy, L50, M|100\/100\n|\n|upkeep\n|\n|t:|1700432538\n|switch|p2a: Ogerpon|Ogerpon-Wellspring, L50, F|100\/100\n|turn|5\n|\n|t:|1700432562\n|-terastallize|p2a: Ogerpon|Water\n|detailschange|p2a: Ogerpon|Ogerpon-Wellspring-Tera, L50, F, tera:Water\n|-ability|p2a: Ogerpon|Embody Aspect (Wellspring)|boost\n|-boost|p2a: Ogerpon|spd|1\n|move|p2b: Chi-Yu|Protect|p2b: Chi-Yu\n|-singleturn|p2b: Chi-Yu|Protect\n|move|p1b: Tatsugiri|Muddy Water|p2b: Chi-Yu|[spread] p2a\n|-activate|p2b: Chi-Yu|move: Protect\n|-resisted|p2a: Ogerpon\n|-damage|p2a: Ogerpon|84\/100\n|move|p2a: Ogerpon|Ivy Cudgel|p1b: Tatsugiri|[anim] Ivy Cudgel Water\n|-activate|p1b: Tatsugiri|ability: Storm Drain\n|-ability|p1b: Tatsugiri|Storm Drain|boost\n|-boost|p1b: Tatsugiri|spa|1\n|move|p1a: Roaring Moon|Breaking Swipe|p2a: Ogerpon|[spread] p2a\n|-activate|p2b: Chi-Yu|move: Protect\n|-damage|p2a: Ogerpon|57\/100\n|-unboost|p2a: Ogerpon|atk|1\n|\n|upkeep\n|turn|6\n|\n|t:|1700432580\n|switch|p2b: Tornadus|Tornadus, L50, M|8\/100\n|move|p1a: Roaring Moon|Protect|p1a: Roaring Moon\n|-singleturn|p1a: Roaring Moon|Protect\n|move|p1b: Tatsugiri|Muddy Water|p2a: Ogerpon|[spread] p2a,p2b\n|-resisted|p2a: Ogerpon\n|-damage|p2a: Ogerpon|37\/100\n|-damage|p2b: Tornadus|0 fnt\n|-unboost|p2a: Ogerpon|accuracy|1\n|faint|p2b: Tornadus\n|move|p2a: Ogerpon|Horn Leech|p1a: Roaring Moon\n|-activate|p1a: Roaring Moon|move: Protect\n|\n|-fieldend|move: Trick Room\n|upkeep\n|\n|t:|1700432584\n|switch|p2b: Chi-Yu|Chi-Yu, L50|31\/100\n|-ability|p2b: Chi-Yu|Beads of Ruin\n|turn|7\n|\n|t:|1700432592\n|move|p1a: Roaring Moon|Breaking Swipe|p2b: Chi-Yu|[spread] p2a,p2b\n|-damage|p2a: Ogerpon|10\/100\n|-damage|p2b: Chi-Yu|0 fnt\n|-unboost|p2a: Ogerpon|atk|1\n|faint|p2b: Chi-Yu\n|move|p2a: Ogerpon|Horn Leech|p1a: Roaring Moon\n|-resisted|p1a: Roaring Moon\n|-damage|p1a: Roaring Moon|0 fnt\n|-heal|p2a: Ogerpon|13\/100|[from] drain|[of] p1a: Roaring Moon\n|faint|p1a: Roaring Moon\n|-end|p1a: Roaring Moon|Protosynthesis|[silent]\n|move|p1b: Tatsugiri|Muddy Water|p2a: Ogerpon\n|-resisted|p2a: Ogerpon\n|-damage|p2a: Ogerpon|0 fnt\n|faint|p2a: Ogerpon\n|\n|win|PunkRockObstagoon\n|raw|PunkRockObstagoon's rating: 1396 &rarr; <strong>1423<\/strong><br \/>(+27 for winning)\n|raw|kinokoatamakinoko's rating: 1532 &rarr; <strong>1505<\/strong><br \/>(-27 for losing)\n|c|\u2606kinokoatamakinoko|Your nice player\n|c|\u2606PunkRockObstagoon|thx\n","uploadtime":1700432597,"views":4,"p1id":"punkrockobstagoon","p2id":"kinokoatamakinoko","formatid":"gen9vgc2023regulatione","rating":1423,"private":0,"password":""}