{"id":"gen9vgc2023regulatione-1992099723","p1":"Cayde6ix","p2":"Cjj22","format":"[Gen 9] VGC 2023 Regulation E","log":"|j|\u2606Cayde6ix\n|j|\u2606Cjj22\n|t:|1700155059\n|gametype|doubles\n|player|p1|Cayde6ix|red|1051\n|player|p2|Cjj22|n|1067\n|teamsize|p1|6\n|teamsize|p2|6\n|gen|9\n|tier|[Gen 9] VGC 2023 Regulation E\n|rated|\n|rule|Species Clause: Limit one of each Pok\u00e9mon\n|rule|Item Clause: Limit one of each item\n|clearpoke\n|poke|p1|Gholdengo, L50|\n|poke|p1|Iron Hands, L50|\n|poke|p1|Amoonguss, L50, M|\n|poke|p1|Iron Bundle, L50|\n|poke|p1|Pelipper, L50, M|\n|poke|p1|Salamence, L50, M|\n|poke|p2|Articuno, L50|\n|poke|p2|Chien-Pao, L50|\n|poke|p2|Dragonite, L50, M|\n|poke|p2|Amoonguss, L50, F|\n|poke|p2|Flutter Mane, L50|\n|poke|p2|Arcanine-Hisui, L50, F|\n|teampreview|4\n|inactive|Battle timer is ON: inactive players will automatically lose when time's up. (requested by Cayde6ix)\n|inactive|Cayde6ix has 60 seconds left.\n|c|\u2606Cjj22|\u4eae\u54e5\u7684\u961f\n|inactive|Cayde6ix has 30 seconds left.\n|inactive|Cayde6ix has 20 seconds left.\n|inactive|Cayde6ix has 15 seconds left.\n|inactive|Cayde6ix has 10 seconds left.\n|inactive|Cayde6ix has 5 seconds left.\n|\n|t:|1700155149\n|start\n|switch|p1a: Iron Hands|Iron Hands, L50|100\/100\n|switch|p1b: Gholdengo|Gholdengo, L50|100\/100\n|switch|p2a: Chien-Pao|Chien-Pao, L50|100\/100\n|switch|p2b: Dragonite|Dragonite, L50, M|100\/100\n|-ability|p2a: Chien-Pao|Sword of Ruin\n|turn|1\n|inactive|Cjj22 has 30 seconds left.\n|\n|t:|1700155183\n|-terastallize|p2a: Chien-Pao|Ghost\n|move|p1a: Iron Hands|Fake Out|p2a: Chien-Pao\n|-immune|p2a: Chien-Pao\n|move|p2a: Chien-Pao|Ice Spinner|p1b: Gholdengo\n|-resisted|p1b: Gholdengo\n|-damage|p1b: Gholdengo|75\/100\n|move|p1b: Gholdengo|Nasty Plot|p1b: Gholdengo\n|-boost|p1b: Gholdengo|spa|2\n|move|p2b: Dragonite|Stomping Tantrum|p1b: Gholdengo\n|-supereffective|p1b: Gholdengo\n|-damage|p1b: Gholdengo|4\/100\n|\n|-heal|p1b: Gholdengo|10\/100|[from] item: Leftovers\n|upkeep\n|turn|2\n|\n|t:|1700155207\n|-end|p1a: Iron Hands|Quark Drive|[silent]\n|switch|p1a: Amoonguss|Amoonguss, L50, M, shiny|100\/100\n|move|p1b: Gholdengo|Protect|p1b: Gholdengo\n|-singleturn|p1b: Gholdengo|Protect\n|move|p2a: Chien-Pao|Ice Spinner|p1b: Gholdengo\n|-activate|p1b: Gholdengo|move: Protect\n|move|p2b: Dragonite|Stomping Tantrum|p1a: Amoonguss\n|-damage|p1a: Amoonguss|73\/100\n|\n|-heal|p1b: Gholdengo|16\/100|[from] item: Leftovers\n|upkeep\n|turn|3\n|inactive|Cayde6ix has 30 seconds left.\n|inactive|Cjj22 has 30 seconds left.\n|inactive|Cjj22 has 20 seconds left.\n|\n|t:|1700155244\n|move|p2a: Chien-Pao|Ice Spinner|p1b: Gholdengo\n|-resisted|p1b: Gholdengo\n|-damage|p1b: Gholdengo|0 fnt\n|faint|p1b: Gholdengo\n|move|p2b: Dragonite|Dragon Claw|p1a: Amoonguss\n|-damage|p1a: Amoonguss|32\/100\n|-enditem|p1a: Amoonguss|Sitrus Berry|[eat]\n|-heal|p1a: Amoonguss|57\/100|[from] item: Sitrus Berry\n|move|p1a: Amoonguss|Spore|p2a: Chien-Pao\n|-status|p2a: Chien-Pao|slp|[from] move: Spore\n|\n|upkeep\n|\n|t:|1700155248\n|switch|p1b: Iron Hands|Iron Hands, L50|100\/100\n|turn|4\n|\n|t:|1700155265\n|move|p1a: Amoonguss|Protect|p1a: Amoonguss\n|-singleturn|p1a: Amoonguss|Protect\n|cant|p2a: Chien-Pao|slp\n|move|p2b: Dragonite|Stomping Tantrum|p1b: Iron Hands\n|-supereffective|p1b: Iron Hands\n|-damage|p1b: Iron Hands|50\/100\n|move|p1b: Iron Hands|Wild Charge|p2b: Dragonite\n|-damage|p2b: Dragonite|40\/100\n|-damage|p1b: Iron Hands|38\/100|[from] Recoil\n|\n|upkeep\n|turn|5\n|\n|t:|1700155287\n|move|p1a: Amoonguss|Protect||[still]\n|-fail|p1a: Amoonguss\n|-curestatus|p2a: Chien-Pao|slp|[msg]\n|move|p2a: Chien-Pao|Ice Spinner|p1a: Amoonguss\n|-supereffective|p1a: Amoonguss\n|-damage|p1a: Amoonguss|0 fnt\n|faint|p1a: Amoonguss\n|move|p2b: Dragonite|Stomping Tantrum|p1b: Iron Hands\n|-supereffective|p1b: Iron Hands\n|-damage|p1b: Iron Hands|0 fnt\n|faint|p1b: Iron Hands\n|-end|p1b: Iron Hands|Quark Drive|[silent]\n|\n|upkeep\n|\n|t:|1700155292\n|switch|p1b: Salamence|Salamence, L50, M, shiny|100\/100\n|-ability|p1b: Salamence|Intimidate|boost\n|-unboost|p2a: Chien-Pao|atk|1\n|-fail|p2b: Dragonite|unboost|Attack|[from] ability: Inner Focus|[of] p2b: Dragonite\n|turn|6\n|\n|t:|1700155304\n|move|p2a: Chien-Pao|Ice Spinner|p1b: Salamence\n|-supereffective|p1b: Salamence\n|-damage|p1b: Salamence|0 fnt\n|faint|p1b: Salamence\n|\n|win|Cjj22\n|raw|Cayde6ix's rating: 1051 &rarr; <strong>1034<\/strong><br \/>(-17 for losing)\n|raw|Cjj22's rating: 1067 &rarr; <strong>1096<\/strong><br \/>(+29 for winning)\n|l|\u2606Cayde6ix\n","uploadtime":1700155312,"views":9,"p1id":"cayde6ix","p2id":"cjj22","formatid":"gen9vgc2023regulatione","rating":1034,"private":0,"password":""}