{"id":"gen9vgc2023regulatione-1988694094","p1":"MidnightV2","p2":"Sliy","format":"[Gen 9] VGC 2023 Regulation E","log":"|j|\u2606MidnightV2\n|j|\u2606Sliy\n|n|\u2606MidnightV2|midnightv2\n|n|\u2606Sliy|sliy\n|html|View the match progress at <a href=\"\/game-bestof3-gen9vgc2023regulatione-1988694093\">game-bestof3-gen9vgc2023regulatione-1988694093<\/a>\n|t:|1699751541\n|gametype|doubles\n|player|p1|MidnightV2|steven|\n|player|p2|Sliy|2|\n|teamsize|p1|6\n|teamsize|p2|6\n|gen|9\n|tier|[Gen 9] VGC 2023 Regulation E\n|rule|Species Clause: Limit one of each Pok\u00e9mon\n|rule|Item Clause: Limit one of each item\n|clearpoke\n|poke|p1|Flutter Mane, L50|\n|poke|p1|Chi-Yu, L50|\n|poke|p1|Goodra-Hisui, L50, F|\n|poke|p1|Ursaluna-Bloodmoon, L50, M|\n|poke|p1|Vikavolt, L50, F|\n|poke|p1|Gyarados, L50, M|\n|poke|p2|Mimikyu, L50, M|\n|poke|p2|Meowscarada, L50, F|\n|poke|p2|Corviknight, L50, M|\n|poke|p2|Ogerpon-Wellspring, L50, F|\n|poke|p2|Zoroark-Hisui, L50, M|\n|poke|p2|Great Tusk, L50|\n|teampreview|4\n|\n|t:|1699751611\n|start\n|switch|p1a: Chi-Yu|Chi-Yu, L50|100\/100\n|switch|p1b: Goodra|Goodra-Hisui, L50, F|100\/100\n|switch|p2a: CRY|Ogerpon-Wellspring, L50, F|100\/100\n|switch|p2b: BIG|Great Tusk, L50|100\/100\n|-ability|p1a: Chi-Yu|Beads of Ruin\n|turn|1\n|\n|t:|1699751680\n|-terastallize|p2a: CRY|Water\n|detailschange|p2a: CRY|Ogerpon-Wellspring-Tera, L50, F, tera:Water\n|-ability|p2a: CRY|Embody Aspect (Wellspring)|boost\n|-boost|p2a: CRY|spd|1\n|move|p1a: Chi-Yu|Heat Wave|p2b: BIG|[spread] p2a,p2b\n|-resisted|p2a: CRY\n|-damage|p2a: CRY|81\/100\n|-damage|p2b: BIG|0 fnt\n|replace|p2b: ICY|Zoroark-Hisui, L50, M, shiny\n|-end|p2b: ICY|Illusion\n|faint|p2b: ICY\n|move|p2a: CRY|Ivy Cudgel|p1a: Chi-Yu\n|-supereffective|p1a: Chi-Yu\n|-damage|p1a: Chi-Yu|0 fnt\n|faint|p1a: Chi-Yu\n|move|p1b: Goodra|Acid Armor|p1b: Goodra\n|-boost|p1b: Goodra|def|2\n|\n|upkeep\n|\n|t:|1699751704\n|switch|p2b: BIG|Great Tusk, L50|100\/100\n|switch|p1a: Vikavolt|Vikavolt, L50, F, shiny|100\/100\n|-enditem|p2b: BIG|Booster Energy\n|-activate|p2b: BIG|ability: Protosynthesis|[fromitem]\n|-start|p2b: BIG|protosynthesisatk\n|turn|2\n|\n|t:|1699751727\n|-terastallize|p1a: Vikavolt|Electric\n|move|p2a: CRY|Spiky Shield|p2a: CRY\n|-singleturn|p2a: CRY|move: Protect\n|move|p2b: BIG|Headlong Rush|p1b: Goodra\n|-supereffective|p1b: Goodra\n|-damage|p1b: Goodra|35\/100\n|-unboost|p2b: BIG|def|1\n|-unboost|p2b: BIG|spd|1\n|-ability|p1b: Goodra|Gooey\n|-unboost|p2b: BIG|spe|1\n|move|p1a: Vikavolt|Thunderbolt|p2a: CRY\n|-activate|p2a: CRY|move: Protect\n|move|p1b: Goodra|Life Dew||[still]|[spread] p1a,p1b\n|-fail|p1a: Vikavolt|heal\n|-heal|p1b: Goodra|60\/100\n|\n|-heal|p1b: Goodra|66\/100|[from] item: Leftovers\n|upkeep\n|turn|3\n|\n|t:|1699751777\n|move|p2a: CRY|Horn Leech|p1b: Goodra\n|-resisted|p1b: Goodra\n|-damage|p1b: Goodra|61\/100\n|-heal|p2a: CRY|84\/100|[from] drain|[of] p1b: Goodra\n|-ability|p1b: Goodra|Gooey\n|-unboost|p2a: CRY|spe|1\n|move|p1b: Goodra|Body Press|p2b: BIG\n|-damage|p2b: BIG|59\/100\n|move|p1a: Vikavolt|Thunderbolt|p2a: CRY\n|-supereffective|p2a: CRY\n|-damage|p2a: CRY|0 fnt\n|faint|p2a: CRY\n|-damage|p1a: Vikavolt|91\/100|[from] item: Life Orb\n|move|p2b: BIG|Headlong Rush|p1a: Vikavolt\n|-immune|p1a: Vikavolt|[from] ability: Levitate\n|\n|-heal|p1b: Goodra|67\/100|[from] item: Leftovers\n|upkeep\n|\n|t:|1699751796\n|switch|p2a: SUS|Corviknight, L50, M|100\/100\n|-ability|p2a: SUS|Pressure\n|turn|4\n|\n|t:|1699751811\n|move|p2a: SUS|Body Press|p1b: Goodra\n|-supereffective|p1b: Goodra\n|-damage|p1b: Goodra|45\/100\n|-ability|p1b: Goodra|Gooey\n|-unboost|p2a: SUS|spe|1\n|move|p1b: Goodra|Acid Armor|p1b: Goodra\n|-boost|p1b: Goodra|def|2\n|move|p1a: Vikavolt|Thunderbolt|p2a: SUS\n|-supereffective|p2a: SUS\n|-damage|p2a: SUS|0 fnt\n|faint|p2a: SUS\n|-damage|p1a: Vikavolt|81\/100|[from] item: Life Orb\n|move|p2b: BIG|Headlong Rush|p1b: Goodra\n|-supereffective|p1b: Goodra\n|-damage|p1b: Goodra|0 fnt\n|-unboost|p2b: BIG|def|1\n|-unboost|p2b: BIG|spd|1\n|-ability|p1b: Goodra|Gooey\n|-unboost|p2b: BIG|spe|1\n|faint|p1b: Goodra\n|\n|upkeep\n|\n|t:|1699751831\n|switch|p1b: Flutter Mane|Flutter Mane, L50|100\/100\n|-enditem|p1b: Flutter Mane|Booster Energy\n|-activate|p1b: Flutter Mane|ability: Protosynthesis|[fromitem]\n|-start|p1b: Flutter Mane|protosynthesisspa\n|turn|5\n|\n|t:|1699751843\n|move|p2b: BIG|Protect|p2b: BIG\n|-singleturn|p2b: BIG|Protect\n|move|p1b: Flutter Mane|Shadow Ball|p2b: BIG\n|-activate|p2b: BIG|move: Protect\n|move|p1a: Vikavolt|Bug Buzz|p2b: BIG\n|-activate|p2b: BIG|move: Protect\n|\n|upkeep\n|turn|6\n|\n|t:|1699751851\n|move|p1b: Flutter Mane|Shadow Ball|p2b: BIG\n|-damage|p2b: BIG|0 fnt\n|faint|p2b: BIG\n|-end|p2b: BIG|Protosynthesis|[silent]\n|\n|win|MidnightV2\n|c|&|\/uhtml prompt-sliy,Sliy is ready for game 2!\n|c|&|\/uhtml prompt-midnightv2,MidnightV2 is ready for game 2!\nBoth players are ready! Starting next match!\n|l|\u2606Sliy\n","uploadtime":1699752771,"views":12,"p1id":"midnightv2","p2id":"sliy","formatid":"gen9vgc2023regulatione","rating":0,"private":0,"password":""}