{"id":"gen9vgc2023regulatione-1998357125","p1":"roval2","p2":"nufonaw","format":"[Gen 9] VGC 2023 Regulation E","log":"|j|\u2606roval2\n|j|\u2606nufonaw\n|t:|1700933288\n|gametype|doubles\n|player|p1|roval2|169|1118\n|player|p2|nufonaw|ethan|1074\n|teamsize|p1|6\n|teamsize|p2|6\n|gen|9\n|tier|[Gen 9] VGC 2023 Regulation E\n|rated|\n|rule|Species Clause: Limit one of each Pok\u00e9mon\n|rule|Item Clause: Limit one of each item\n|clearpoke\n|poke|p1|Slaking, L50, F|\n|poke|p1|Weezing, L50, M|\n|poke|p1|Landorus-Therian, L50, M|\n|poke|p1|Drifblim, L50, F|\n|poke|p1|Iron Hands, L50|\n|poke|p1|Flutter Mane, L50|\n|poke|p2|Munkidori, L50, M|\n|poke|p2|Dusclops, L50, F|\n|poke|p2|Chi-Yu, L50|\n|poke|p2|Landorus-Therian, L50, M|\n|poke|p2|Iron Hands, L50|\n|poke|p2|Amoonguss, L50, M|\n|teampreview|4\n|inactive|Battle timer is ON: inactive players will automatically lose when time's up. (requested by nufonaw)\n|inactive|roval2 has 60 seconds left.\n|\n|t:|1700933325\n|start\n|switch|p1a: Drifblim|Drifblim, L50, F|100\/100\n|switch|p1b: Flutter Mane|Flutter Mane, L50|100\/100\n|switch|p2a: Amoonguss|Amoonguss, L50, M|100\/100\n|switch|p2b: Munkidori|Munkidori, L50, M|100\/100\n|-enditem|p1b: Flutter Mane|Booster Energy\n|-activate|p1b: Flutter Mane|ability: Protosynthesis|[fromitem]\n|-start|p1b: Flutter Mane|protosynthesisspa\n|turn|1\n|inactive|nufonaw has 30 seconds left.\n|\n|t:|1700933350\n|-terastallize|p2b: Munkidori|Poison\n|move|p2a: Amoonguss|Rage Powder|p2a: Amoonguss\n|-singleturn|p2a: Amoonguss|move: Rage Powder\n|move|p1b: Flutter Mane|Shadow Ball|p2a: Amoonguss\n|-damage|p2a: Amoonguss|54\/100\n|move|p1a: Drifblim|Air Slash|p2a: Amoonguss\n|-supereffective|p2a: Amoonguss\n|-damage|p2a: Amoonguss|13\/100\n|-enditem|p2a: Amoonguss|Sitrus Berry|[eat]\n|-heal|p2a: Amoonguss|38\/100|[from] item: Sitrus Berry\n|move|p2b: Munkidori|Hex|p1b: Flutter Mane\n|-supereffective|p1b: Flutter Mane\n|-damage|p1b: Flutter Mane|50\/100\n|-status|p1b: Flutter Mane|tox|[from] ability: Toxic Chain|[of] p2b: Munkidori\n|-damage|p2b: Munkidori|90\/100|[from] item: Life Orb\n|\n|-damage|p1b: Flutter Mane|44\/100 tox|[from] psn\n|-status|p1a: Drifblim|brn|[from] item: Flame Orb\n|upkeep\n|turn|2\n|inactive|roval2 has 30 seconds left.\n|inactive|roval2 has 20 seconds left.\n|inactive|roval2 has 15 seconds left.\n|\n|t:|1700933393\n|move|p2a: Amoonguss|Rage Powder|p2a: Amoonguss\n|-singleturn|p2a: Amoonguss|move: Rage Powder\n|move|p1b: Flutter Mane|Shadow Ball|p2a: Amoonguss\n|-damage|p2a: Amoonguss|0 fnt\n|faint|p2a: Amoonguss\n|move|p1a: Drifblim|Shadow Ball|p2b: Munkidori\n|-damage|p2b: Munkidori|52\/100\n|move|p2b: Munkidori|Hex|p1a: Drifblim\n|-supereffective|p1a: Drifblim\n|-damage|p1a: Drifblim|8\/100 brn\n|-damage|p2b: Munkidori|42\/100|[from] item: Life Orb\n|\n|-damage|p1b: Flutter Mane|33\/100 tox|[from] psn\n|-damage|p1a: Drifblim|1\/100 brn|[from] brn\n|upkeep\n|\n|t:|1700933404\n|switch|p2a: Iron Hands|Iron Hands, L50|100\/100\n|turn|3\n|inactive|nufonaw has 30 seconds left.\n|\n|t:|1700933430\n|switch|p2b: Chi-Yu|Chi-Yu, L50|100\/100\n|-ability|p2b: Chi-Yu|Beads of Ruin\n|-terastallize|p1b: Flutter Mane|Fairy\n|move|p1b: Flutter Mane|Moonblast|p2a: Iron Hands\n|-supereffective|p2a: Iron Hands\n|-damage|p2a: Iron Hands|0 fnt\n|faint|p2a: Iron Hands\n|-end|p2a: Iron Hands|Quark Drive|[silent]\n|move|p1a: Drifblim|Tailwind|p1a: Drifblim\n|-sidestart|p1: roval2|move: Tailwind\n|\n|-damage|p1b: Flutter Mane|16\/100 tox|[from] psn\n|-damage|p1a: Drifblim|0 fnt|[from] brn\n|faint|p1a: Drifblim\n|upkeep\n|\n|t:|1700933449\n|switch|p1a: Landorus|Landorus-Therian, L50, M|100\/100\n|switch|p2a: Munkidori|Munkidori, L50, M, tera:Poison|42\/100\n|-ability|p1a: Landorus|Intimidate|boost\n|-unboost|p2a: Munkidori|atk|1\n|-unboost|p2b: Chi-Yu|atk|1\n|turn|4\n|\n|t:|1700933471\n|move|p2a: Munkidori|Fake Out|p1b: Flutter Mane\n|-damage|p1b: Flutter Mane|3\/100 tox\n|-damage|p2a: Munkidori|32\/100|[from] item: Life Orb\n|cant|p1b: Flutter Mane|flinch\n|move|p1a: Landorus|Stomping Tantrum|p2b: Chi-Yu\n|-supereffective|p2b: Chi-Yu\n|-enditem|p2b: Chi-Yu|Focus Sash\n|-damage|p2b: Chi-Yu|1\/100\n|move|p2b: Chi-Yu|Psychic|p1a: Landorus\n|-damage|p1a: Landorus|54\/100\n|\n|-damage|p1b: Flutter Mane|0 fnt|[from] psn\n|faint|p1b: Flutter Mane\n|-end|p1b: Flutter Mane|Protosynthesis|[silent]\n|upkeep\n|\n|t:|1700933482\n|switch|p1b: Weezing|Weezing, L50, M|100\/100\n|-ability|p1b: Weezing|Neutralizing Gas\n|-block|p1a: Landorus|item: Ability Shield\n|turn|5\n|\n|t:|1700933498\n|move|p1a: Landorus|Stomping Tantrum|p2b: Chi-Yu\n|-supereffective|p2b: Chi-Yu\n|-damage|p2b: Chi-Yu|0 fnt\n|faint|p2b: Chi-Yu\n|move|p1b: Weezing|Will-O-Wisp|p2a: Munkidori\n|-status|p2a: Munkidori|brn\n|move|p2a: Munkidori|Sludge Bomb|p1a: Landorus\n|-resisted|p1a: Landorus\n|-damage|p1a: Landorus|20\/100\n|-status|p1a: Landorus|psn\n|-damage|p2a: Munkidori|22\/100 brn|[from] item: Life Orb\n|\n|-damage|p1a: Landorus|7\/100 psn|[from] psn\n|-damage|p2a: Munkidori|15\/100 brn|[from] brn\n|upkeep\n|turn|6\n|\n|t:|1700933508\n|move|p1b: Weezing|Protect|p1b: Weezing\n|-singleturn|p1b: Weezing|Protect\n|move|p1a: Landorus|Stomping Tantrum|p2a: Munkidori\n|-supereffective|p2a: Munkidori\n|-damage|p2a: Munkidori|0 fnt\n|faint|p2a: Munkidori\n|\n|win|roval2\n|raw|roval2's rating: 1118 &rarr; <strong>1140<\/strong><br \/>(+22 for winning)\n|raw|nufonaw's rating: 1074 &rarr; <strong>1056<\/strong><br \/>(-18 for losing)\n|c|\u2606nufonaw|ggs!\n|l|\u2606nufonaw\n|l|\u2606roval2\n|j|\u2606roval2\n|player|p1|roval2|169\n|l|\u2606roval2\n|player|p1|\n|j|\u2606roval2\n|player|p1|roval2|169\n","uploadtime":1700933921,"views":1,"p1id":"roval2","p2id":"nufonaw","formatid":"gen9vgc2023regulatione","rating":1056,"private":0,"password":""}