{"id":"gen9vgc2023regulatione-1988491794","p1":"Rock tumblr","p2":"MrNiceguyVGC","format":"[Gen 9] VGC 2023 Regulation E","log":"|j|\u2606Rock tumblr\n|j|\u2606MrNiceguyVGC\n|t:|1699728694\n|gametype|doubles\n|player|p1|Rock tumblr|pokemaniac|1056\n|player|p2|MrNiceguyVGC|bruno|1040\n|teamsize|p1|6\n|teamsize|p2|6\n|gen|9\n|tier|[Gen 9] VGC 2023 Regulation E\n|rated|\n|rule|Species Clause: Limit one of each Pok\u00e9mon\n|rule|Item Clause: Limit one of each item\n|clearpoke\n|poke|p1|Spectrier, L50|\n|poke|p1|Grimmsnarl, L50, M|\n|poke|p1|Ogerpon-Hearthflame, L50, F|\n|poke|p1|Iron Hands, L50|\n|poke|p1|Breloom, L50, F|\n|poke|p1|Rillaboom, L50, M|\n|poke|p2|Indeedee, L50, M|\n|poke|p2|Armarouge, L50, F|\n|poke|p2|Amoonguss, L50, M|\n|poke|p2|Iron Hands, L50|\n|poke|p2|Sneasler, L50, M|\n|poke|p2|Tornadus, L50, M|\n|teampreview|4\nRock tumblr has agreed to open team sheets.\n|inactive|Battle timer is ON: inactive players will automatically lose when time's up. (requested by Rock tumblr)\n|inactive|MrNiceguyVGC has 60 seconds left.\n|\n|t:|1699728747\n|start\n|switch|p1a: Snarles|Grimmsnarl, L50, M, shiny|100\/100\n|switch|p1b: Stead|Spectrier, L50|100\/100\n|switch|p2a: Amoonguss|Amoonguss, L50, M, shiny|100\/100\n|switch|p2b: Iron Hands|Iron Hands, L50, shiny|100\/100\n|turn|1\n|inactive|Rock tumblr has 30 seconds left.\n|inactive|Rock tumblr has 20 seconds left.\n|inactive|Rock tumblr has 15 seconds left.\n|inactive|Rock tumblr has 10 seconds left.\n|\n|t:|1699728794\n|switch|p1b: Boomy|Rillaboom, L50, M, shiny|100\/100\n|-fieldstart|move: Grassy Terrain|[from] ability: Grassy Surge|[of] p1b: Boomy\n|move|p1a: Snarles|Reflect|p1a: Snarles\n|-sidestart|p1: Rock tumblr|Reflect\n|move|p2b: Iron Hands|Swords Dance|p2b: Iron Hands\n|-boost|p2b: Iron Hands|atk|2\n|move|p2a: Amoonguss|Spore|p1b: Boomy\n|-immune|p1b: Boomy\n|\n|upkeep\n|turn|2\n|inactive|Rock tumblr has 30 seconds left.\n|\n|t:|1699728819\n|move|p2b: Iron Hands|Detect|p2b: Iron Hands\n|-singleturn|p2b: Iron Hands|Protect\n|move|p1b: Boomy|Fake Out|p2b: Iron Hands\n|-activate|p2b: Iron Hands|move: Protect\n|move|p1a: Snarles|Light Screen|p1a: Snarles\n|-sidestart|p1: Rock tumblr|move: Light Screen\n|move|p2a: Amoonguss|Spore|p1a: Snarles\n|-status|p1a: Snarles|slp|[from] move: Spore\n|\n|upkeep\n|turn|3\n|inactive|Rock tumblr has 30 seconds left.\n|inactive|Rock tumblr has 20 seconds left.\n|\n|t:|1699728854\n|switch|p1a: Tyson|Breloom, L50, F|100\/100\n|move|p1b: Boomy|Drum Beating|p2b: Iron Hands\n|-damage|p2b: Iron Hands|68\/100\n|-unboost|p2b: Iron Hands|spe|1\n|move|p2a: Amoonguss|Sludge Bomb|p1b: Boomy\n|-supereffective|p1b: Boomy\n|-damage|p1b: Boomy|71\/100\n|-status|p1b: Boomy|psn\n|move|p2b: Iron Hands|Swords Dance|p2b: Iron Hands\n|-boost|p2b: Iron Hands|atk|2\n|\n|-heal|p1b: Boomy|77\/100 psn|[from] Grassy Terrain\n|-heal|p2b: Iron Hands|74\/100|[from] Grassy Terrain\n|-damage|p1b: Boomy|65\/100 psn|[from] psn\n|upkeep\n|turn|4\n|inactive|Rock tumblr has 30 seconds left.\n|inactive|MrNiceguyVGC has 30 seconds left.\n|\n|t:|1699728883\n|move|p2b: Iron Hands|Detect|p2b: Iron Hands\n|-singleturn|p2b: Iron Hands|Protect\n|move|p1a: Tyson|Close Combat|p2a: Amoonguss\n|-resisted|p2a: Amoonguss\n|-damage|p2a: Amoonguss|75\/100\n|-unboost|p1a: Tyson|def|1\n|-unboost|p1a: Tyson|spd|1\n|move|p1b: Boomy|Drum Beating|p2b: Iron Hands\n|-activate|p2b: Iron Hands|move: Protect\n|move|p2a: Amoonguss|Sludge Bomb|p1a: Tyson\n|-supereffective|p1a: Tyson\n|-damage|p1a: Tyson|16\/100\n|-status|p1a: Tyson|psn\n|\n|-heal|p1a: Tyson|22\/100 psn|[from] Grassy Terrain\n|-heal|p1b: Boomy|70\/100 psn|[from] Grassy Terrain\n|-heal|p2a: Amoonguss|80\/100|[from] Grassy Terrain\n|-heal|p2b: Iron Hands|80\/100|[from] Grassy Terrain\n|-damage|p1a: Tyson|10\/100 psn|[from] psn\n|-damage|p1b: Boomy|58\/100 psn|[from] psn\n|upkeep\n|turn|5\n|-message|Rock tumblr forfeited.\n|\n|win|MrNiceguyVGC\n|raw|Rock tumblr's rating: 1056 &rarr; <strong>1037<\/strong><br \/>(-19 for losing)\n|raw|MrNiceguyVGC's rating: 1040 &rarr; <strong>1076<\/strong><br \/>(+36 for winning)\n|l|\u2606Rock tumblr\n","uploadtime":1699728908,"views":9,"p1id":"rocktumblr","p2id":"mrniceguyvgc","formatid":"gen9vgc2023regulatione","rating":1037,"private":0,"password":""}