{"id":"gen9vgc2023regulatione-1989715927","p1":"kidturtle","p2":"uwu_0w0_uwu_0w0","format":"[Gen 9] VGC 2023 Regulation E","log":"|j|\u2606kidturtle\n|j|\u2606uwu_0w0_uwu_0w0\n|n|\u2606kidturtle|kidturtle\n|n|\u2606uwu_0w0_uwu_0w0|uwu0w0uwu0w0\n|html|View the match progress at <a href=\"\/game-bestof3-gen9vgc2023regulatione-1989714271\">game-bestof3-gen9vgc2023regulatione-1989714271<\/a>\n|t:|1699889542\n|gametype|doubles\n|player|p1|kidturtle|hoopster|\n|player|p2|uwu_0w0_uwu_0w0|clair|\n|teamsize|p1|6\n|teamsize|p2|6\n|gen|9\n|tier|[Gen 9] VGC 2023 Regulation E\n|rated|Tournament battle\n|rule|Species Clause: Limit one of each Pok\u00e9mon\n|rule|Item Clause: Limit one of each item\n|clearpoke\n|poke|p1|Ursaluna, L50, M|\n|poke|p1|Cresselia, L50, F|\n|poke|p1|Flutter Mane, L50|\n|poke|p1|Chi-Yu, L50|\n|poke|p1|Iron Hands, L50|\n|poke|p1|Urshifu-*, L50, M|\n|poke|p2|Armarouge, L50, M|\n|poke|p2|Indeedee-F, L50, F|\n|poke|p2|Gholdengo, L50|\n|poke|p2|Dipplin, L50, M|\n|poke|p2|Dragonite, L50, M|\n|poke|p2|Iron Bundle, L50|\n|teampreview|4\n|showteam|p1|Ursaluna||FlameOrb|Guts|Facade,Earthquake,SwordsDance,Protect|||M|||50|,,,,,Ghost]Cresselia||MentalHerb|Levitate|IceBeam,AllySwitch,LunarBlessing,TrickRoom|||F|||50|,,,,,Fairy]Flutter Mane||BoosterEnergy|Protosynthesis|IcyWind,ShadowBall,Moonblast,Protect||||||50|,,,,,Fairy]Chi-Yu||ChoiceSpecs|BeadsofRuin|BurningJealousy,DarkPulse,Overheat,Snarl||||||50|,,,,,Ghost]Iron Hands||SitrusBerry|QuarkDrive|DrainPunch,WildCharge,FakeOut,SwordsDance||||||50|,,,,,Fire]Urshifu||FocusSash|UnseenFist|Detect,WickedBlow,CloseCombat,SuckerPunch|||M|||50|,,,,,Dark\n|showteam|p2|Armarouge||ChoiceSpecs|WeakArmor|ArmorCannon,ExpandingForce,TeraBlast,AcidSpray|||M|||50|,,,,,Fire]Indeedee-F||ColburBerry|PsychicSurge|TrickRoom,FollowMe,FakeOut,Psyshock|||F|||50|,,,,,Bug]Gholdengo||AssaultVest|GoodasGold|MakeItRain,DazzlingGleam,Psychic,Thunderbolt||||||50|,,,,,Steel]Dipplin||MentalHerb|SupersweetSyrup|PollenPuff,GigaDrain,Protect,Recover|||M|||50|,,,,,Grass]Dragonite||ChoiceScarf|Multiscale|ExtremeSpeed,Earthquake,AquaJet,FirePunch|||M|||50|,,,,,Dragon]Iron Bundle||BoosterEnergy|QuarkDrive|FreezeDry,HydroPump,ChillingWater,Protect||||||50|,,,,,Ice\n|inactive|Battle timer is ON: inactive players will automatically lose when time's up. (requested by uwu_0w0_uwu_0w0)\n|\n|t:|1699889565\n|start\n|switch|p1a: Iron Hands|Iron Hands, L50|100\/100\n|switch|p1b: Cresselia|Cresselia, L50, F|100\/100\n|switch|p2a: Indeedee|Indeedee-F, L50, F, shiny|100\/100\n|switch|p2b: Armarouge|Armarouge, L50, M|100\/100\n|-fieldstart|move: Psychic Terrain|[from] ability: Psychic Surge|[of] p2a: Indeedee\n|turn|1\n|inactive|uwu_0w0_uwu_0w0 has 30 seconds left.\n|inactive|kidturtle has 30 seconds left.\n|\n|t:|1699889600\n|-terastallize|p1a: Iron Hands|Fire\n|move|p2a: Indeedee|Fake Out|p1b: Cresselia\n|-hint|Psychic Terrain doesn't affect Pok\u00e9mon immune to Ground.\n|-damage|p1b: Cresselia|95\/100\n|move|p2b: Armarouge|Expanding Force|p1a: Iron Hands|[spread] p1a,p1b\n|-resisted|p1b: Cresselia\n|-damage|p1a: Iron Hands|13\/100\n|-damage|p1b: Cresselia|64\/100\n|-enditem|p1a: Iron Hands|Sitrus Berry|[eat]\n|-heal|p1a: Iron Hands|38\/100|[from] item: Sitrus Berry\n|move|p1a: Iron Hands|Swords Dance|p1a: Iron Hands\n|-boost|p1a: Iron Hands|atk|2\n|cant|p1b: Cresselia|flinch\n|\n|upkeep\n|turn|2\n|\n|t:|1699889619\n|switch|p1b: Urshifu|Urshifu, L50, M|100\/100\n|move|p2b: Armarouge|Expanding Force|p1a: Iron Hands|[spread] p1a\n|-immune|p1b: Urshifu\n|-damage|p1a: Iron Hands|0 fnt\n|faint|p1a: Iron Hands\n|-end|p1a: Iron Hands|Quark Drive|[silent]\n|move|p2a: Indeedee|Psyshock|p1b: Urshifu\n|-immune|p1b: Urshifu\n|\n|upkeep\n|\n|t:|1699889627\n|switch|p1a: Cresselia|Cresselia, L50, F|64\/100\n|turn|3\n|\n|t:|1699889635\n|switch|p2b: Dragonite|Dragonite, L50, M, shiny|100\/100\n|move|p1b: Urshifu|Wicked Blow|p2b: Dragonite\n|-crit|p2b: Dragonite\n|-damage|p2b: Dragonite|61\/100\n|move|p2a: Indeedee|Trick Room|p2a: Indeedee\n|-fieldstart|move: Trick Room|[of] p2a: Indeedee\n|move|p1a: Cresselia|Trick Room|p1a: Cresselia\n|-fieldend|move: Trick Room\n|\n|upkeep\n|turn|4\n|\n|t:|1699889660\n|move|p2b: Dragonite|Extreme Speed|p1b: Urshifu\n|-activate|p1b: Urshifu|move: Psychic Terrain\n|move|p2a: Indeedee|Follow Me|p2a: Indeedee\n|-singleturn|p2a: Indeedee|move: Follow Me\n|move|p1b: Urshifu|Wicked Blow|p2a: Indeedee\n|-supereffective|p2a: Indeedee\n|-crit|p2a: Indeedee\n|-enditem|p2a: Indeedee|Colbur Berry|[eat]\n|-enditem|p2a: Indeedee|Colbur Berry|[weaken]\n|-damage|p2a: Indeedee|14\/100\n|move|p1a: Cresselia|Trick Room|p1a: Cresselia\n|-fieldstart|move: Trick Room|[of] p1a: Cresselia\n|\n|upkeep\n|turn|5\n|\n|t:|1699889678\n|switch|p1a: Ursaluna|Ursaluna, L50, M|100\/100\n|move|p2b: Dragonite|Extreme Speed|p1a: Ursaluna\n|-activate|p1a: Ursaluna|move: Psychic Terrain\n|move|p1b: Urshifu|Wicked Blow|p2a: Indeedee\n|-supereffective|p2a: Indeedee\n|-crit|p2a: Indeedee\n|-damage|p2a: Indeedee|0 fnt\n|faint|p2a: Indeedee\n|\n|-fieldend|move: Psychic Terrain\n|-status|p1a: Ursaluna|brn|[from] item: Flame Orb\n|upkeep\n|\n|t:|1699889692\n|switch|p2a: Armarouge|Armarouge, L50, M|100\/100\n|turn|6\n|inactive|kidturtle has 30 seconds left.\n|\n|t:|1699889723\n|-terastallize|p2a: Armarouge|Fire\n|move|p2b: Dragonite|Extreme Speed|p1b: Urshifu\n|-crit|p1b: Urshifu\n|-damage|p1b: Urshifu|55\/100\n|move|p1a: Ursaluna|Facade|p2a: Armarouge\n|-damage|p2a: Armarouge|0 fnt\n|faint|p2a: Armarouge\n|move|p1b: Urshifu|Wicked Blow|p2b: Dragonite\n|-crit|p2b: Dragonite\n|-damage|p2b: Dragonite|0 fnt\n|faint|p2b: Dragonite\n|\n|-damage|p1a: Ursaluna|95\/100 brn|[from] brn\n|upkeep\n|\n|t:|1699889739\n|switch|p2b: Iron Bundle|Iron Bundle, L50|100\/100\n|-enditem|p2b: Iron Bundle|Booster Energy\n|-activate|p2b: Iron Bundle|ability: Quark Drive|[fromitem]\n|-start|p2b: Iron Bundle|quarkdrivespe\n|turn|7\n|\n|t:|1699889747\n|move|p2b: Iron Bundle|Protect|p2b: Iron Bundle\n|-singleturn|p2b: Iron Bundle|Protect\n|move|p1a: Ursaluna|Facade|p2b: Iron Bundle\n|-activate|p2b: Iron Bundle|move: Protect\n|move|p1b: Urshifu|Wicked Blow|p2b: Iron Bundle\n|-crit|p2b: Iron Bundle\n|-damage|p2b: Iron Bundle|20\/100\n|\n|-damage|p1a: Ursaluna|89\/100 brn|[from] brn\n|upkeep\n|turn|8\n|c|\u2606kidturtle|gg\n|\n|t:|1699889760\n|move|p1a: Ursaluna|Facade|p2b: Iron Bundle\n|-damage|p2b: Iron Bundle|0 fnt\n|faint|p2b: Iron Bundle\n|-end|p2b: Iron Bundle|Quark Drive|[silent]\n|\n|win|kidturtle\n","uploadtime":1699889764,"views":17,"p1id":"kidturtle","p2id":"uwu0w0uwu0w0","formatid":"gen9vgc2023regulatione","rating":0,"private":0,"password":""}