{"id":"gen9vgc2023regulatione-1998796141","p1":"pirakun","p2":"Jippt351","format":"[Gen 9] VGC 2023 Regulation E","log":"|j|\u2606pirakun\n|j|\u2606Jippt351\n|t:|1700992684\n|gametype|doubles\n|player|p1|pirakun|265|1140\n|player|p2|Jippt351|102|1230\n|teamsize|p1|6\n|teamsize|p2|6\n|gen|9\n|tier|[Gen 9] VGC 2023 Regulation E\n|rated|\n|rule|Species Clause: Limit one of each Pok\u00e9mon\n|rule|Item Clause: Limit one of each item\n|clearpoke\n|poke|p1|Rillaboom, L50, F|\n|poke|p1|Regieleki, L50|\n|poke|p1|Arcanine-Hisui, L50, M|\n|poke|p1|Iron Hands, L50|\n|poke|p1|Palafin, L50, M|\n|poke|p1|Iron Jugulis, L50|\n|poke|p2|Armarouge, L50, F|\n|poke|p2|Indeedee-F, L50, F|\n|poke|p2|Torkoal, L50, M|\n|poke|p2|Weezing-Galar, L50, F|\n|poke|p2|Flutter Mane, L50|\n|poke|p2|Gallade, L50, M|\n|teampreview|4\n|inactive|Battle timer is ON: inactive players will automatically lose when time's up. (requested by Jippt351)\n|l|\u2606Jippt351\n|inactive|Jippt351 disconnected and has a minute to reconnect!\n|player|p2|\n|inactive|pirakun has 60 seconds left.\n|j|\u2606Jippt351\n|inactive|Jippt351 reconnected.\n|player|p2|Jippt351|102\n|l|\u2606Jippt351\n|inactive|Jippt351 disconnected and has a minute to reconnect!\n|player|p2|\n|inactive|pirakun has 30 seconds left.\n|j|\u2606Jippt351\n|inactive|Jippt351 reconnected.\n|player|p2|Jippt351|102\n|\n|t:|1700992752\n|start\n|switch|p1a: Regieleki|Regieleki, L50|100\/100\n|switch|p1b: Palafin|Palafin, L50, M|100\/100\n|switch|p2a: Armarouge|Armarouge, L50, F|100\/100\n|switch|p2b: Indeedee|Indeedee-F, L50, F|100\/100\n|-item|p1a: Regieleki|Air Balloon\n|-fieldstart|move: Psychic Terrain|[from] ability: Psychic Surge|[of] p2b: Indeedee\n|turn|1\n|\n|t:|1700992763\n|detailschange|p1b: Palafin|Palafin-Hero, L50, M\n|switch|p1b: Iron Jugulis|Iron Jugulis, L50|100\/100\n|move|p2b: Indeedee|Follow Me|p2b: Indeedee\n|-singleturn|p2b: Indeedee|move: Follow Me\n|move|p1a: Regieleki|Electric Terrain|p1a: Regieleki\n|-fieldstart|move: Electric Terrain\n|-activate|p1b: Iron Jugulis|ability: Quark Drive\n|-start|p1b: Iron Jugulis|quarkdrivespe\n|move|p2a: Armarouge|Trick Room|p2a: Armarouge\n|-fieldstart|move: Trick Room|[of] p2a: Armarouge\n|\n|upkeep\n|turn|2\n|inactive|pirakun has 30 seconds left.\n|\n|t:|1700992794\n|move|p2a: Armarouge|Expanding Force|p1a: Regieleki\n|-damage|p1a: Regieleki|9\/100\n|-enditem|p1a: Regieleki|Air Balloon\n|-damage|p2a: Armarouge|91\/100|[from] item: Life Orb\n|move|p2b: Indeedee|Dazzling Gleam|p1b: Iron Jugulis|[spread] p1a,p1b\n|-supereffective|p1b: Iron Jugulis\n|-damage|p1a: Regieleki|0 fnt\n|-damage|p1b: Iron Jugulis|64\/100\n|faint|p1a: Regieleki\n|move|p1b: Iron Jugulis|Rain Dance|p1b: Iron Jugulis\n|-weather|RainDance\n|\n|-weather|RainDance|[upkeep]\n|upkeep\n|\n|t:|1700992812\n|switch|p1a: Palafin|Palafin-Hero, L50, M|100\/100\n|-activate|p1a: Palafin|ability: Zero to Hero\n|turn|3\n|\n|t:|1700992828\n|move|p1a: Palafin|Protect|p1a: Palafin\n|-singleturn|p1a: Palafin|Protect\n|move|p2b: Indeedee|Follow Me|p2b: Indeedee\n|-singleturn|p2b: Indeedee|move: Follow Me\n|move|p2a: Armarouge|Expanding Force|p1a: Palafin\n|-activate|p1a: Palafin|move: Protect\n|move|p1b: Iron Jugulis|Snarl|p2a: Armarouge|[spread] p2a,p2b\n|-supereffective|p2a: Armarouge\n|-supereffective|p2b: Indeedee\n|-crit|p2b: Indeedee\n|-damage|p2a: Armarouge|49\/100\n|-damage|p2b: Indeedee|38\/100\n|-unboost|p2a: Armarouge|spa|1\n|-unboost|p2b: Indeedee|spa|1\n|\n|-weather|RainDance|[upkeep]\n|upkeep\n|turn|4\n|\n|t:|1700992848\n|move|p1a: Palafin|Jet Punch|p2a: Armarouge\n|-supereffective|p2a: Armarouge\n|-damage|p2a: Armarouge|0 fnt\n|faint|p2a: Armarouge\n|move|p2b: Indeedee|Dazzling Gleam|p1b: Iron Jugulis|[spread] p1a,p1b\n|-supereffective|p1b: Iron Jugulis\n|-damage|p1a: Palafin|91\/100\n|-damage|p1b: Iron Jugulis|41\/100\n|move|p1b: Iron Jugulis|Snarl|p2b: Indeedee\n|-supereffective|p2b: Indeedee\n|-damage|p2b: Indeedee|0 fnt\n|faint|p2b: Indeedee\n|\n|-weather|RainDance|[upkeep]\n|upkeep\n|\n|t:|1700992855\n|switch|p2a: Torkoal|Torkoal, L50, M|100\/100\n|switch|p2b: Flutter Mane|Flutter Mane, L50|100\/100\n|-weather|SunnyDay|[from] ability: Drought|[of] p2a: Torkoal\n|-activate|p2b: Flutter Mane|ability: Protosynthesis\n|-start|p2b: Flutter Mane|protosynthesisspa\n|turn|5\n|\n|t:|1700992877\n|-end|p1b: Iron Jugulis|Quark Drive|[silent]\n|switch|p1b: Iron Hands|Iron Hands, L50|100\/100\n|-activate|p1b: Iron Hands|ability: Quark Drive\n|-start|p1b: Iron Hands|quarkdriveatk\n|-terastallize|p2a: Torkoal|Fire\n|-terastallize|p1a: Palafin|Water\n|move|p1a: Palafin|Jet Punch|p2a: Torkoal\n|-supereffective|p2a: Torkoal\n|-damage|p2a: Torkoal|49\/100\n|move|p2a: Torkoal|Eruption|p1a: Palafin|[spread] p1a,p1b\n|-resisted|p1a: Palafin\n|-damage|p1a: Palafin|65\/100\n|-damage|p1b: Iron Hands|68\/100\n|move|p2b: Flutter Mane|Dazzling Gleam|p1b: Iron Hands|[spread] p1a,p1b\n|-supereffective|p1b: Iron Hands\n|-damage|p1a: Palafin|5\/100\n|-damage|p1b: Iron Hands|0 fnt\n|faint|p1b: Iron Hands\n|-end|p1b: Iron Hands|Quark Drive|[silent]\n|\n|-weather|SunnyDay|[upkeep]\n|-fieldend|move: Trick Room\n|-fieldend|move: Electric Terrain\n|upkeep\n|l|\u2606Jippt351\n|inactive|Jippt351 disconnected and has a minute to reconnect!\n|player|p2|\n|\n|t:|1700992894\n|switch|p1b: Iron Jugulis|Iron Jugulis, L50|41\/100\n|turn|6\n|j|\u2606Jippt351\n|inactive|Jippt351 reconnected and has 50 seconds left.\n|player|p2|Jippt351|102\n|\n|t:|1700992914\n|move|p1a: Palafin|Protect|p1a: Palafin\n|-singleturn|p1a: Palafin|Protect\n|move|p2a: Torkoal|Protect|p2a: Torkoal\n|-singleturn|p2a: Torkoal|Protect\n|move|p2b: Flutter Mane|Dazzling Gleam|p1b: Iron Jugulis|[spread] p1b\n|-activate|p1a: Palafin|move: Protect\n|-supereffective|p1b: Iron Jugulis\n|-damage|p1b: Iron Jugulis|0 fnt\n|faint|p1b: Iron Jugulis\n|-end|p1b: Iron Jugulis|Quark Drive|[silent]\n|\n|-weather|SunnyDay|[upkeep]\n|upkeep\n|turn|7\n|\n|t:|1700992927\n|move|p2b: Flutter Mane|Dazzling Gleam|p1a: Palafin\n|-damage|p1a: Palafin|0 fnt\n|faint|p1a: Palafin\n|\n|win|Jippt351\n|raw|pirakun's rating: 1140 &rarr; <strong>1121<\/strong><br \/>(-19 for losing)\n|raw|Jippt351's rating: 1230 &rarr; <strong>1249<\/strong><br \/>(+19 for winning)\n|l|\u2606pirakun\n","uploadtime":1700992932,"views":13,"p1id":"pirakun","p2id":"jippt351","formatid":"gen9vgc2023regulatione","rating":1121,"private":0,"password":""}