{"id":"gen9vgc2023regulatione-1998044193","p1":"Mr Memer_McMemes","p2":"LechonkBro","format":"[Gen 9] VGC 2023 Regulation E","log":"|j|\u2606Mr Memer_McMemes\n|j|\u2606LechonkBro\n|t:|1700882975\n|gametype|doubles\n|player|p1|Mr Memer_McMemes|265|1441\n|player|p2|LechonkBro|brycenman|1415\n|teamsize|p1|6\n|teamsize|p2|6\n|gen|9\n|tier|[Gen 9] VGC 2023 Regulation E\n|rated|\n|rule|Species Clause: Limit one of each Pok\u00e9mon\n|rule|Item Clause: Limit one of each item\n|clearpoke\n|poke|p1|Volbeat, L50, M|\n|poke|p1|Gholdengo, L50|\n|poke|p1|Ogerpon-Hearthflame, L50, F|\n|poke|p1|Urshifu-*, L50, M|\n|poke|p1|Landorus-Therian, L50, M|\n|poke|p1|Sylveon, L50, F|\n|poke|p2|Annihilape, L50, F|\n|poke|p2|Cresselia, L50, F|\n|poke|p2|Maushold-Four, L50|\n|poke|p2|Flutter Mane, L50|\n|poke|p2|Chien-Pao, L50|\n|poke|p2|Arcanine-Hisui, L50, F|\n|teampreview|4\n|inactive|Battle timer is ON: inactive players will automatically lose when time's up. (requested by LechonkBro)\n|inactive|Mr Memer_McMemes has 60 seconds left.\n|\n|t:|1700883006\n|start\n|switch|p1a: Volbeat|Volbeat, L50, M|100\/100\n|switch|p1b: Ogerpon|Ogerpon-Hearthflame, L50, F|100\/100\n|switch|p2a: Flutter Mane|Flutter Mane, L50|100\/100\n|switch|p2b: Maushold|Maushold-Four, L50, shiny|100\/100\n|-ability|p1b: Ogerpon|Mold Breaker\n|-enditem|p2a: Flutter Mane|Booster Energy\n|-activate|p2a: Flutter Mane|ability: Protosynthesis|[fromitem]\n|-start|p2a: Flutter Mane|protosynthesisspa\n|turn|1\n|\n|t:|1700883021\n|move|p1b: Ogerpon|Follow Me|p1b: Ogerpon\n|-singleturn|p1b: Ogerpon|move: Follow Me\n|move|p1a: Volbeat|Tail Glow|p1a: Volbeat\n|-boost|p1a: Volbeat|spa|3\n|move|p2b: Maushold|Super Fang|p1b: Ogerpon\n|-damage|p1b: Ogerpon|51\/100\n|move|p2a: Flutter Mane|Shadow Ball|p1b: Ogerpon\n|-damage|p1b: Ogerpon|0 fnt\n|faint|p1b: Ogerpon\n|\n|upkeep\n|\n|t:|1700883032\n|switch|p1b: Sylveon|Sylveon, L50, F|100\/100\n|turn|2\n|\n|t:|1700883043\n|move|p1a: Volbeat|Baton Pass|p1a: Volbeat\n|\n|t:|1700883045\n|switch|p1a: Gholdengo|Gholdengo, L50|100\/100|[from] Baton Pass\n|move|p2b: Maushold|Super Fang|p1b: Sylveon\n|-damage|p1b: Sylveon|50\/100\n|move|p2a: Flutter Mane|Moonblast|p1b: Sylveon\n|-damage|p1b: Sylveon|0 fnt\n|faint|p1b: Sylveon\n|\n|upkeep\n|\n|t:|1700883051\n|switch|p1b: Volbeat|Volbeat, L50, M|100\/100\n|turn|3\n|inactive|LechonkBro has 30 seconds left.\n|\n|t:|1700883077\n|-end|p2a: Flutter Mane|Protosynthesis|[silent]\n|switch|p2a: Arcanine|Arcanine-Hisui, L50, F, shiny|100\/100\n|-ability|p2a: Arcanine|Intimidate|boost\n|-unboost|p1a: Gholdengo|atk|1\n|-unboost|p1b: Volbeat|atk|1\n|-terastallize|p1a: Gholdengo|Steel\n|move|p1b: Volbeat|Tailwind|p1b: Volbeat\n|-sidestart|p1: Mr Memer_McMemes|move: Tailwind\n|move|p1a: Gholdengo|Make It Rain|p2b: Maushold|[spread] p2a,p2b\n|-damage|p2a: Arcanine|0 fnt\n|-damage|p2b: Maushold|0 fnt\n|-unboost|p1a: Gholdengo|spa|1\n|faint|p2a: Arcanine\n|faint|p2b: Maushold\n|\n|upkeep\n|\n|t:|1700883094\n|switch|p2b: Flutter Mane|Flutter Mane, L50|100\/100\n|switch|p2a: Chien-Pao|Chien-Pao, L50|100\/100\n|-ability|p2a: Chien-Pao|Sword of Ruin\n|turn|4\n|\n|t:|1700883107\n|move|p2b: Flutter Mane|Protect|p2b: Flutter Mane\n|-singleturn|p2b: Flutter Mane|Protect\n|move|p2a: Chien-Pao|Sucker Punch|p1a: Gholdengo\n|-damage|p1a: Gholdengo|50\/100\n|move|p1a: Gholdengo|Make It Rain|p2b: Flutter Mane|[spread] p2a\n|-activate|p2b: Flutter Mane|move: Protect\n|-supereffective|p2a: Chien-Pao\n|-enditem|p2a: Chien-Pao|Focus Sash\n|-damage|p2a: Chien-Pao|1\/100\n|-unboost|p1a: Gholdengo|spa|1\n|move|p1b: Volbeat|Lunge|p2a: Chien-Pao\n|-supereffective|p2a: Chien-Pao\n|-damage|p2a: Chien-Pao|0 fnt\n|faint|p2a: Chien-Pao\n|\n|upkeep\n|turn|5\n|-message|LechonkBro forfeited.\n|\n|win|Mr Memer_McMemes\n|raw|Mr Memer_McMemes's rating: 1441 &rarr; <strong>1460<\/strong><br \/>(+19 for winning)\n|raw|LechonkBro's rating: 1415 &rarr; <strong>1396<\/strong><br \/>(-19 for losing)\n|l|\u2606LechonkBro\n","uploadtime":1700883132,"views":18,"p1id":"mrmemermcmemes","p2id":"lechonkbro","formatid":"gen9vgc2023regulatione","rating":1396,"private":0,"password":""}