{"id":"gen9vgc2023regulatione-1992798515","p1":"adrienandmarinete","p2":"ghdhfg","format":"[Gen 9] VGC 2023 Regulation E","log":"|j|\u2606adrienandmarinete\n|j|\u2606ghdhfg\n|t:|1700236393\n|gametype|doubles\n|player|p1|adrienandmarinete|steven|1159\n|player|p2|ghdhfg|ingo|1093\n|teamsize|p1|6\n|teamsize|p2|6\n|gen|9\n|tier|[Gen 9] VGC 2023 Regulation E\n|rated|\n|rule|Species Clause: Limit one of each Pok\u00e9mon\n|rule|Item Clause: Limit one of each item\n|clearpoke\n|poke|p1|Chien-Pao, L50|\n|poke|p1|Roaring Moon, L50|\n|poke|p1|Basculegion, L50, M|\n|poke|p1|Arcanine, L50, M|\n|poke|p1|Sinistcha-Masterpiece, L50|\n|poke|p1|Iron Hands, L50|\n|poke|p2|Toedscool, L50, M|\n|poke|p2|Bellibolt, L50, M|\n|poke|p2|Rellor, L50, F|\n|poke|p2|Amoonguss, L50, F|\n|poke|p2|Skeledirge, L50, F|\n|poke|p2|Clodsire, L50, M|\n|teampreview|4\n|inactive|Battle timer is ON: inactive players will automatically lose when time's up. (requested by ghdhfg)\n|\n|t:|1700236420\n|start\n|switch|p1a: Iron Hands|Iron Hands, L50, shiny|100\/100\n|switch|p1b: Chien-Pao|Chien-Pao, L50|100\/100\n|switch|p2a: Bellibolt|Bellibolt, L50, M|100\/100\n|switch|p2b: Clodsire|Clodsire, L50, M|100\/100\n|-ability|p1b: Chien-Pao|Sword of Ruin\n|turn|1\n|\n|t:|1700236446\n|switch|p2b: Amoonguss|Amoonguss, L50, F|100\/100\n|move|p1a: Iron Hands|Fake Out|p2a: Bellibolt\n|-damage|p2a: Bellibolt|84\/100\n|-start|p2a: Bellibolt|Charge|Fake Out|[from] ability: Electromorphosis\n|move|p1b: Chien-Pao|Rain Dance|p1b: Chien-Pao\n|-weather|RainDance\n|cant|p2a: Bellibolt|flinch\n|\n|-weather|RainDance|[upkeep]\n|upkeep\n|turn|2\n|\n|t:|1700236465\n|move|p2b: Amoonguss|Protect|p2b: Amoonguss\n|-singleturn|p2b: Amoonguss|Protect\n|move|p1b: Chien-Pao|Ice Spinner|p2b: Amoonguss\n|-activate|p2b: Amoonguss|move: Protect\n|move|p1a: Iron Hands|Drain Punch|p2a: Bellibolt\n|-damage|p2a: Bellibolt|41\/100\n|-start|p2a: Bellibolt|Charge|Drain Punch|[from] ability: Electromorphosis\n|move|p2a: Bellibolt|Muddy Water|p1b: Chien-Pao|[spread] p1a,p1b\n|-damage|p1a: Iron Hands|83\/100\n|-damage|p1b: Chien-Pao|48\/100\n|-unboost|p1a: Iron Hands|accuracy|1\n|\n|-weather|RainDance|[upkeep]\n|upkeep\n|turn|3\n|\n|t:|1700236488\n|-terastallize|p2b: Amoonguss|Water\n|move|p2a: Bellibolt|Protect|p2a: Bellibolt\n|-singleturn|p2a: Bellibolt|Protect\n|move|p1b: Chien-Pao|Ice Spinner|p2a: Bellibolt\n|-activate|p2a: Bellibolt|move: Protect\n|move|p1a: Iron Hands|Ice Punch|p2b: Amoonguss\n|-resisted|p2b: Amoonguss\n|-damage|p2b: Amoonguss|85\/100\n|move|p2b: Amoonguss|Spore|p1b: Chien-Pao\n|-status|p1b: Chien-Pao|slp|[from] move: Spore\n|\n|-weather|RainDance|[upkeep]\n|upkeep\n|turn|4\n|\n|t:|1700236510\n|switch|p2b: Clodsire|Clodsire, L50, M|100\/100\n|cant|p1b: Chien-Pao|slp\n|move|p1a: Iron Hands|Thunder Punch|p2b: Clodsire\n|-immune|p2b: Clodsire\n|move|p2a: Bellibolt|Parabolic Charge|p1b: Chien-Pao|[spread] p1a,p1b\n|-immune|p2b: Clodsire\n|-resisted|p1a: Iron Hands\n|-damage|p1a: Iron Hands|72\/100\n|-heal|p2a: Bellibolt|47\/100|[from] drain|[of] p1a: Iron Hands\n|-damage|p1b: Chien-Pao|0 fnt\n|-heal|p2a: Bellibolt|64\/100|[from] drain|[of] p1b: Chien-Pao\n|faint|p1b: Chien-Pao\n|-end|p2a: Bellibolt|Charge|[silent]\n|\n|-weather|RainDance|[upkeep]\n|upkeep\n|\n|t:|1700236526\n|switch|p1b: Basculegion|Basculegion, L50, M|100\/100\n|turn|5\n|\n|t:|1700236545\n|move|p1b: Basculegion|Phantom Force||[still]\n|-prepare|p1b: Basculegion|Phantom Force\n|move|p1a: Iron Hands|Ice Punch|p2b: Clodsire\n|-supereffective|p2b: Clodsire\n|-damage|p2b: Clodsire|42\/100\n|-status|p2b: Clodsire|frz\n|move|p2a: Bellibolt|Parabolic Charge|p1a: Iron Hands|[spread] p1a\n|-miss|p2a: Bellibolt|p1b: Basculegion\n|-immune|p2b: Clodsire\n|-resisted|p1a: Iron Hands\n|-damage|p1a: Iron Hands|67\/100\n|-heal|p2a: Bellibolt|68\/100|[from] drain|[of] p1a: Iron Hands\n|-curestatus|p2b: Clodsire|frz|[msg]\n|move|p2b: Clodsire|Yawn|p1b: Basculegion|[miss]\n|-miss|p2b: Clodsire|p1b: Basculegion\n|\n|-weather|none\n|upkeep\n|turn|6\n|\n|t:|1700236565\n|switch|p2b: Amoonguss|Amoonguss, L50, F, tera:Water|100\/100\n|move|p1b: Basculegion|Phantom Force|p2a: Bellibolt|[from]lockedmove\n|-damage|p2a: Bellibolt|23\/100\n|-start|p2a: Bellibolt|Charge|Phantom Force|[from] ability: Electromorphosis\n|-damage|p1b: Basculegion|91\/100|[from] item: Life Orb\n|move|p1a: Iron Hands|Thunder Punch|p2b: Amoonguss\n|-supereffective|p2b: Amoonguss\n|-damage|p2b: Amoonguss|29\/100\n|-enditem|p2b: Amoonguss|Sitrus Berry|[eat]\n|-heal|p2b: Amoonguss|54\/100|[from] item: Sitrus Berry\n|move|p2a: Bellibolt|Parabolic Charge|p1a: Iron Hands|[spread] p2b,p1a,p1b\n|-supereffective|p2b: Amoonguss\n|-crit|p2b: Amoonguss\n|-resisted|p1a: Iron Hands\n|-supereffective|p1b: Basculegion\n|-damage|p2b: Amoonguss|0 fnt\n|-heal|p2a: Bellibolt|50\/100|[from] drain|[of] p2b: Amoonguss\n|-damage|p1a: Iron Hands|56\/100\n|-heal|p2a: Bellibolt|56\/100|[from] drain|[of] p1a: Iron Hands\n|-damage|p1b: Basculegion|0 fnt\n|-heal|p2a: Bellibolt|97\/100|[from] drain|[of] p1b: Basculegion\n|faint|p2b: Amoonguss\n|faint|p1b: Basculegion\n|-end|p2a: Bellibolt|Charge|[silent]\n|\n|upkeep\n|inactive|ghdhfg has 30 seconds left.\n|\n|t:|1700236595\n|switch|p1b: Sinistcha|Sinistcha-Masterpiece, L50|100\/100\n|switch|p2b: Skeledirge|Skeledirge, L50, F|100\/100\n|-heal|p1a: Iron Hands|81\/100|[from] ability: Hospitality|[of] p1b: Sinistcha\n|turn|7\n|\n|t:|1700236614\n|-terastallize|p1b: Sinistcha|Water\n|move|p1b: Sinistcha|Matcha Gotcha|p2a: Bellibolt|[spread] p2a,p2b\n|-resisted|p2b: Skeledirge\n|-damage|p2a: Bellibolt|72\/100\n|-damage|p2b: Skeledirge|86\/100\n|-start|p2a: Bellibolt|Charge|Matcha Gotcha|[from] ability: Electromorphosis\n|move|p1a: Iron Hands|Drain Punch|p2a: Bellibolt\n|-damage|p2a: Bellibolt|38\/100\n|-heal|p1a: Iron Hands|96\/100|[from] drain|[of] p2a: Bellibolt\n|-start|p2a: Bellibolt|Charge|Drain Punch|[from] ability: Electromorphosis\n|move|p2b: Skeledirge|Torch Song|p1b: Sinistcha\n|-resisted|p1b: Sinistcha\n|-damage|p1b: Sinistcha|82\/100\n|-boost|p2b: Skeledirge|spa|1\n|move|p2a: Bellibolt|Muddy Water|p1b: Sinistcha|[spread] p1a,p1b\n|-resisted|p1b: Sinistcha\n|-damage|p1a: Iron Hands|85\/100\n|-damage|p1b: Sinistcha|71\/100\n|\n|-heal|p2b: Skeledirge|92\/100|[from] item: Leftovers\n|upkeep\n|turn|8\n|inactive|adrienandmarinete has 30 seconds left.\n|\n|t:|1700236640\n|move|p2b: Skeledirge|Protect|p2b: Skeledirge\n|-singleturn|p2b: Skeledirge|Protect\n|move|p1b: Sinistcha|Matcha Gotcha|p2b: Skeledirge|[spread] p2a\n|-activate|p2b: Skeledirge|move: Protect\n|-crit|p2a: Bellibolt\n|-damage|p2a: Bellibolt|1\/100\n|-heal|p1b: Sinistcha|94\/100|[from] drain|[of] p2a: Bellibolt\n|-status|p2a: Bellibolt|brn\n|-start|p2a: Bellibolt|Charge|Matcha Gotcha|[from] ability: Electromorphosis\n|move|p1a: Iron Hands|Thunder Punch|p2b: Skeledirge\n|-activate|p2b: Skeledirge|move: Protect\n|move|p2a: Bellibolt|Parabolic Charge|p1b: Sinistcha|[spread] p1a,p1b\n|-activate|p2b: Skeledirge|move: Protect\n|-resisted|p1a: Iron Hands\n|-supereffective|p1b: Sinistcha\n|-damage|p1a: Iron Hands|75\/100\n|-heal|p2a: Bellibolt|7\/100 brn|[from] drain|[of] p1a: Iron Hands\n|-damage|p1b: Sinistcha|10\/100\n|-heal|p2a: Bellibolt|42\/100 brn|[from] drain|[of] p1b: Sinistcha\n|-end|p2a: Bellibolt|Charge|[silent]\n|\n|-heal|p2b: Skeledirge|99\/100|[from] item: Leftovers\n|-damage|p2a: Bellibolt|36\/100 brn|[from] brn\n|upkeep\n|turn|9\n|inactive|adrienandmarinete has 30 seconds left.\n|inactive|ghdhfg has 30 seconds left.\n|\n|t:|1700236672\n|move|p1b: Sinistcha|Strength Sap|p2b: Skeledirge\n|-unboost|p2b: Skeledirge|atk|1\n|-heal|p1b: Sinistcha|55\/100\n|move|p1a: Iron Hands|Thunder Punch|p2a: Bellibolt|[miss]\n|-miss|p1a: Iron Hands|p2a: Bellibolt\n|move|p2b: Skeledirge|Torch Song|p1b: Sinistcha\n|-resisted|p1b: Sinistcha\n|-damage|p1b: Sinistcha|25\/100\n|-boost|p2b: Skeledirge|spa|1\n|move|p2a: Bellibolt|Parabolic Charge|p1b: Sinistcha|[spread] p2b,p1a,p1b\n|-resisted|p1a: Iron Hands\n|-supereffective|p1b: Sinistcha\n|-damage|p2b: Skeledirge|77\/100\n|-heal|p2a: Bellibolt|46\/100 brn|[from] drain|[of] p2b: Skeledirge\n|-damage|p1a: Iron Hands|69\/100\n|-heal|p2a: Bellibolt|50\/100 brn|[from] drain|[of] p1a: Iron Hands\n|-damage|p1b: Sinistcha|0 fnt\n|-heal|p2a: Bellibolt|60\/100 brn|[from] drain|[of] p1b: Sinistcha\n|faint|p1b: Sinistcha\n|\n|-heal|p2b: Skeledirge|83\/100|[from] item: Leftovers\n|-damage|p2a: Bellibolt|54\/100 brn|[from] brn\n|upkeep\n|turn|10\n|-message|adrienandmarinete forfeited.\n|\n|win|ghdhfg\n|raw|adrienandmarinete's rating: 1159 &rarr; <strong>1129<\/strong><br \/>(-30 for losing)\n|raw|ghdhfg's rating: 1093 &rarr; <strong>1124<\/strong><br \/>(+31 for winning)\n|l|\u2606adrienandmarinete\n","uploadtime":1700236693,"views":11,"p1id":"adrienandmarinete","p2id":"ghdhfg","formatid":"gen9vgc2023regulatione","rating":1124,"private":0,"password":""}