{"id":"gen9vgc2023regulatione-1988760462","p1":"u7h7hh798","p2":"it76dhjk","format":"[Gen 9] VGC 2023 Regulation E","log":"|j|\u2606u7h7hh798\n|j|\u203dit76dhjk\n|t:|1699759641\n|gametype|doubles\n|player|p1|u7h7hh798|silver|1205\n|player|p2|it76dhjk|artist-gen4|1110\n|teamsize|p1|6\n|teamsize|p2|6\n|gen|9\n|tier|[Gen 9] VGC 2023 Regulation E\n|rated|\n|rule|Species Clause: Limit one of each Pok\u00e9mon\n|rule|Item Clause: Limit one of each item\n|clearpoke\n|poke|p1|Dondozo, L50, F|\n|poke|p1|Tatsugiri, L50, F|\n|poke|p1|Glimmora, L50, F|\n|poke|p1|Urshifu-*, L50, F|\n|poke|p1|Ogerpon-Wellspring, L50, F|\n|poke|p1|Chi-Yu, L50|\n|poke|p2|Politoed, L50, M|\n|poke|p2|Tornadus, L50, M|\n|poke|p2|Basculegion-F, L50, F|\n|poke|p2|Toxicroak, L50, M|\n|poke|p2|Chien-Pao, L50|\n|poke|p2|Milotic, L50, M|\n|teampreview|4\n|inactive|Battle timer is ON: inactive players will automatically lose when time's up. (requested by u7h7hh798)\n|\n|t:|1699759662\n|start\n|switch|p1a: Glimmora|Glimmora, L50, F|100\/100\n|switch|p1b: Urshifu|Urshifu, L50, F|100\/100\n|switch|p2a: Politoed|Politoed, L50, M|100\/100\n|switch|p2b: Basculegion|Basculegion-F, L50, F|100\/100\n|-weather|RainDance|[from] ability: Drizzle|[of] p2a: Politoed\n|turn|1\n|\n|t:|1699759685\n|-terastallize|p2b: Basculegion|Water\n|-terastallize|p1a: Glimmora|Grass\n|move|p2a: Politoed|Helping Hand|p2b: Basculegion\n|-singleturn|p2b: Basculegion|Helping Hand|[of] p2a: Politoed\n|move|p1b: Urshifu|Protect|p1b: Urshifu\n|-singleturn|p1b: Urshifu|Protect\n|move|p2b: Basculegion|Surf|p1b: Urshifu|[spread] p2a,p1a\n|-activate|p1b: Urshifu|move: Protect\n|-resisted|p2a: Politoed\n|-resisted|p1a: Glimmora\n|-damage|p2a: Politoed|50\/100\n|-damage|p1a: Glimmora|6\/100\n|-enditem|p2a: Politoed|Eject Button\n|\n|t:|1699759697\n|switch|p2a: Tornadus|Tornadus, L50, M|100\/100\n|move|p1a: Glimmora|Mortal Spin|p2a: Tornadus|[spread] p2a,p2b\n|-damage|p2a: Tornadus|95\/100\n|-damage|p2b: Basculegion|94\/100\n|-status|p2a: Tornadus|psn\n|-status|p2b: Basculegion|psn\n|\n|-weather|RainDance|[upkeep]\n|-damage|p2b: Basculegion|82\/100 psn|[from] psn\n|-damage|p2a: Tornadus|83\/100 psn|[from] psn\n|upkeep\n|turn|2\n|\n|t:|1699759715\n|move|p2a: Tornadus|Protect|p2a: Tornadus\n|-singleturn|p2a: Tornadus|Protect\n|move|p1b: Urshifu|Sucker Punch|p2b: Basculegion\n|-damage|p2b: Basculegion|35\/100 psn\n|move|p2b: Basculegion|Surf|p1a: Glimmora|[spread] p1a,p1b\n|-activate|p2a: Tornadus|move: Protect\n|-resisted|p1a: Glimmora\n|-crit|p1b: Urshifu\n|-damage|p1a: Glimmora|0 fnt\n|-damage|p1b: Urshifu|0 fnt\n|faint|p1a: Glimmora\n|faint|p1b: Urshifu\n|\n|-weather|RainDance|[upkeep]\n|-damage|p2b: Basculegion|23\/100 psn|[from] psn\n|-damage|p2a: Tornadus|70\/100 psn|[from] psn\n|upkeep\n|\n|t:|1699759723\n|switch|p1a: Dondozo|Dondozo, L50, F|100\/100\n|switch|p1b: Tatsugiri|Tatsugiri, L50, F|100\/100\n|-activate|p1b: Tatsugiri|ability: Commander|[of] p1a: Dondozo\n|-boost|p1a: Dondozo|atk|2\n|-boost|p1a: Dondozo|spa|2\n|-boost|p1a: Dondozo|spe|2\n|-boost|p1a: Dondozo|def|2\n|-boost|p1a: Dondozo|spd|2\n|turn|3\n|\n|t:|1699759747\n|move|p2a: Tornadus|Protect||[still]\n|-fail|p2a: Tornadus\n|move|p2b: Basculegion|Surf|p1b: Tatsugiri|[spread] p2a,p1a\n|-miss|p2b: Basculegion|p1b: Tatsugiri\n|-resisted|p1a: Dondozo\n|-damage|p2a: Tornadus|0 fnt\n|-damage|p1a: Dondozo|80\/100\n|faint|p2a: Tornadus\n|move|p1a: Dondozo|Order Up|p2b: Basculegion\n|-damage|p2b: Basculegion|0 fnt\n|faint|p2b: Basculegion\n|-boost|p1a: Dondozo|atk|1\n|\n|-weather|RainDance|[upkeep]\n|-heal|p1a: Dondozo|86\/100|[from] item: Leftovers\n|upkeep\n|\n|t:|1699759753\n|switch|p2b: Politoed|Politoed, L50, M|50\/100\n|switch|p2a: Milotic|Milotic, L50, M|100\/100\n|turn|4\n|\n|t:|1699759763\n|move|p1a: Dondozo|Protect|p1a: Dondozo\n|-singleturn|p1a: Dondozo|Protect\n|move|p2a: Milotic|Haze|p2a: Milotic\n|-clearallboost\n|move|p2b: Politoed|Chilling Water|p1a: Dondozo\n|-activate|p1a: Dondozo|move: Protect\n|\n|-weather|RainDance|[upkeep]\n|-heal|p1a: Dondozo|92\/100|[from] item: Leftovers\n|upkeep\n|turn|5\n|\n|t:|1699759772\n|move|p2a: Milotic|Scald|p1a: Dondozo\n|-resisted|p1a: Dondozo\n|-damage|p1a: Dondozo|73\/100\n|move|p1a: Dondozo|Substitute|p1a: Dondozo\n|-start|p1a: Dondozo|Substitute\n|-damage|p1a: Dondozo|48\/100\n|move|p2b: Politoed|Chilling Water|p1a: Dondozo\n|-resisted|p1a: Dondozo\n|-activate|p1a: Dondozo|move: Substitute|[damage]\n|\n|-weather|none\n|-heal|p1a: Dondozo|54\/100|[from] item: Leftovers\n|upkeep\n|turn|6\n|\n|t:|1699759785\n|move|p1a: Dondozo|Protect|p1a: Dondozo\n|-singleturn|p1a: Dondozo|Protect\n|move|p2a: Milotic|Scald|p1a: Dondozo\n|-activate|p1a: Dondozo|move: Protect\n|move|p2b: Politoed|Chilling Water|p1a: Dondozo\n|-activate|p1a: Dondozo|move: Protect\n|\n|-heal|p1a: Dondozo|60\/100|[from] item: Leftovers\n|upkeep\n|turn|7\n|\n|t:|1699759793\n|move|p2a: Milotic|Scald|p1a: Dondozo\n|-resisted|p1a: Dondozo\n|-activate|p1a: Dondozo|move: Substitute|[damage]\n|move|p1a: Dondozo|Order Up|p2b: Politoed\n|-damage|p2b: Politoed|30\/100\n|-boost|p1a: Dondozo|atk|1\n|move|p2b: Politoed|Chilling Water|p1a: Dondozo\n|-resisted|p1a: Dondozo\n|-end|p1a: Dondozo|Substitute\n|\n|-heal|p1a: Dondozo|66\/100|[from] item: Leftovers\n|upkeep\n|turn|8\n|\n|t:|1699759808\n|move|p1a: Dondozo|Protect|p1a: Dondozo\n|-singleturn|p1a: Dondozo|Protect\n|move|p2a: Milotic|Haze|p2a: Milotic\n|-clearallboost\n|move|p2b: Politoed|Weather Ball|p1a: Dondozo\n|-activate|p1a: Dondozo|move: Protect\n|\n|-heal|p1a: Dondozo|73\/100|[from] item: Leftovers\n|upkeep\n|turn|9\n|\n|t:|1699759815\n|move|p2a: Milotic|Scald|p1a: Dondozo\n|-resisted|p1a: Dondozo\n|-crit|p1a: Dondozo\n|-damage|p1a: Dondozo|53\/100\n|move|p1a: Dondozo|Substitute|p1a: Dondozo\n|-start|p1a: Dondozo|Substitute\n|-damage|p1a: Dondozo|28\/100\n|move|p2b: Politoed|Weather Ball|p1a: Dondozo\n|-activate|p1a: Dondozo|move: Substitute|[damage]\n|\n|-heal|p1a: Dondozo|35\/100|[from] item: Leftovers\n|upkeep\n|turn|10\n|\n|t:|1699759826\n|move|p1a: Dondozo|Protect|p1a: Dondozo\n|-singleturn|p1a: Dondozo|Protect\n|move|p2a: Milotic|Scald|p1a: Dondozo\n|-activate|p1a: Dondozo|move: Protect\n|move|p2b: Politoed|Weather Ball|p1a: Dondozo\n|-activate|p1a: Dondozo|move: Protect\n|\n|-heal|p1a: Dondozo|41\/100|[from] item: Leftovers\n|upkeep\n|turn|11\n|\n|t:|1699759832\n|move|p2a: Milotic|Scald|p1a: Dondozo\n|-resisted|p1a: Dondozo\n|-activate|p1a: Dondozo|move: Substitute|[damage]\n|move|p1a: Dondozo|Order Up|p2b: Politoed\n|-damage|p2b: Politoed|11\/100\n|-boost|p1a: Dondozo|atk|1\n|move|p2b: Politoed|Weather Ball|p1a: Dondozo\n|-end|p1a: Dondozo|Substitute\n|\n|-heal|p1a: Dondozo|47\/100|[from] item: Leftovers\n|upkeep\n|turn|12\n|\n|t:|1699759851\n|move|p2b: Politoed|Helping Hand|p2a: Milotic\n|-singleturn|p2a: Milotic|Helping Hand|[of] p2b: Politoed\n|move|p2a: Milotic|Scald|p1a: Dondozo\n|-resisted|p1a: Dondozo\n|-damage|p1a: Dondozo|27\/100\n|move|p1a: Dondozo|Earthquake|p2b: Politoed|[spread] p2a,p2b\n|-miss|p1a: Dondozo|p1b: Tatsugiri\n|-damage|p2a: Milotic|80\/100\n|-damage|p2b: Politoed|0 fnt\n|faint|p2b: Politoed\n|\n|-heal|p1a: Dondozo|33\/100|[from] item: Leftovers\n|upkeep\n|turn|13\n|\n|t:|1699759861\n|move|p1a: Dondozo|Protect|p1a: Dondozo\n|-singleturn|p1a: Dondozo|Protect\n|move|p2a: Milotic|Scald|p1a: Dondozo\n|-activate|p1a: Dondozo|move: Protect\n|\n|-heal|p1a: Dondozo|40\/100|[from] item: Leftovers\n|upkeep\n|turn|14\n|\n|t:|1699759867\n|move|p2a: Milotic|Scald|p1a: Dondozo\n|-resisted|p1a: Dondozo\n|-damage|p1a: Dondozo|27\/100\n|move|p1a: Dondozo|Substitute|p1a: Dondozo\n|-start|p1a: Dondozo|Substitute\n|-damage|p1a: Dondozo|2\/100\n|\n|-heal|p1a: Dondozo|8\/100|[from] item: Leftovers\n|upkeep\n|turn|15\n|\n|t:|1699759874\n|move|p1a: Dondozo|Protect|p1a: Dondozo\n|-singleturn|p1a: Dondozo|Protect\n|move|p2a: Milotic|Haze|p2a: Milotic\n|-clearallboost\n|\n|-heal|p1a: Dondozo|15\/100|[from] item: Leftovers\n|upkeep\n|turn|16\n|\n|t:|1699759878\n|move|p2a: Milotic|Scald|p1a: Dondozo\n|-resisted|p1a: Dondozo\n|-activate|p1a: Dondozo|move: Substitute|[damage]\n|move|p1a: Dondozo|Order Up|p2a: Milotic\n|-damage|p2a: Milotic|67\/100\n|-boost|p1a: Dondozo|atk|1\n|\n|-heal|p1a: Dondozo|21\/100|[from] item: Leftovers\n|upkeep\n|turn|17\n|\n|t:|1699759884\n|move|p1a: Dondozo|Protect|p1a: Dondozo\n|-singleturn|p1a: Dondozo|Protect\n|move|p2a: Milotic|Scald|p1a: Dondozo\n|-activate|p1a: Dondozo|move: Protect\n|\n|-heal|p1a: Dondozo|27\/100|[from] item: Leftovers\n|upkeep\n|turn|18\n|\n|t:|1699759889\n|move|p2a: Milotic|Scald|p1a: Dondozo\n|-resisted|p1a: Dondozo\n|-end|p1a: Dondozo|Substitute\n|move|p1a: Dondozo|Order Up|p2a: Milotic\n|-damage|p2a: Milotic|44\/100\n|-enditem|p2a: Milotic|Sitrus Berry|[eat]\n|-heal|p2a: Milotic|69\/100|[from] item: Sitrus Berry\n|-boost|p1a: Dondozo|atk|1\n|\n|-heal|p1a: Dondozo|33\/100|[from] item: Leftovers\n|upkeep\n|turn|19\n|\n|t:|1699759895\n|move|p1a: Dondozo|Protect|p1a: Dondozo\n|-singleturn|p1a: Dondozo|Protect\n|move|p2a: Milotic|Scald|p1a: Dondozo\n|-activate|p1a: Dondozo|move: Protect\n|\n|-heal|p1a: Dondozo|40\/100|[from] item: Leftovers\n|upkeep\n|turn|20\n|\n|t:|1699759907\n|move|p2a: Milotic|Scald|p1a: Dondozo\n|-resisted|p1a: Dondozo\n|-damage|p1a: Dondozo|26\/100\n|move|p1a: Dondozo|Order Up|p2a: Milotic\n|-damage|p2a: Milotic|41\/100\n|-boost|p1a: Dondozo|atk|1\n|\n|-heal|p1a: Dondozo|32\/100|[from] item: Leftovers\n|upkeep\n|turn|21\n|\n|t:|1699759916\n|move|p2a: Milotic|Haze|p2a: Milotic\n|-clearallboost\n|move|p1a: Dondozo|Order Up|p2a: Milotic\n|-damage|p2a: Milotic|28\/100\n|-boost|p1a: Dondozo|atk|1\n|\n|-heal|p1a: Dondozo|38\/100|[from] item: Leftovers\n|upkeep\n|turn|22\n|\n|t:|1699759923\n|move|p1a: Dondozo|Protect|p1a: Dondozo\n|-singleturn|p1a: Dondozo|Protect\n|move|p2a: Milotic|Scald|p1a: Dondozo\n|-activate|p1a: Dondozo|move: Protect\n|\n|-heal|p1a: Dondozo|45\/100|[from] item: Leftovers\n|upkeep\n|turn|23\n|inactive|it76dhjk has 30 seconds left.\n|inactive|it76dhjk has 20 seconds left.\n|inactive|it76dhjk has 15 seconds left.\n|inactive|it76dhjk has 10 seconds left.\n|inactive|it76dhjk has 5 seconds left.\n|\n|t:|1699759978\n|move|p2a: Milotic|Scald|p1b: Tatsugiri|[miss]\n|-miss|p2a: Milotic|p1b: Tatsugiri\n|move|p1a: Dondozo|Order Up|p2a: Milotic\n|-damage|p2a: Milotic|8\/100\n|-boost|p1a: Dondozo|atk|1\n|\n|-heal|p1a: Dondozo|51\/100|[from] item: Leftovers\n|upkeep\n|turn|24\n|inactive|it76dhjk has 30 seconds left.\n|inactive|it76dhjk has 20 seconds left.\n|inactive|it76dhjk has 15 seconds left.\n|inactive|it76dhjk has 10 seconds left.\n|inactive|it76dhjk has 5 seconds left.\n|\n|t:|1699760033\n|move|p2a: Milotic|Scald|p1a: Dondozo\n|-resisted|p1a: Dondozo\n|-damage|p1a: Dondozo|37\/100\n|move|p1a: Dondozo|Order Up|p2a: Milotic\n|-damage|p2a: Milotic|0 fnt\n|faint|p2a: Milotic\n|\n|win|u7h7hh798\n|raw|u7h7hh798's rating: 1205 &rarr; <strong>1223<\/strong><br \/>(+18 for winning)\n|raw|it76dhjk's rating: 1110 &rarr; <strong>1092<\/strong><br \/>(-18 for losing)\n|l|\u203dit76dhjk\n","uploadtime":1699760505,"views":15,"p1id":"u7h7hh798","p2id":"it76dhjk","formatid":"gen9vgc2023regulatione","rating":1092,"private":0,"password":""}