{"id":"gen9vgc2023regulatione-1991483427","p1":"JeromeMuskrat","p2":"BaldoricVGC","format":"[Gen 9] VGC 2023 Regulation E","log":"|j|\u2606JeromeMuskrat\n|j|\u2606BaldoricVGC\n|t:|1700081090\n|gametype|doubles\n|player|p1|JeromeMuskrat|169|1457\n|player|p2|BaldoricVGC|morty|1365\n|teamsize|p1|6\n|teamsize|p2|6\n|gen|9\n|tier|[Gen 9] VGC 2023 Regulation E\n|rated|\n|rule|Species Clause: Limit one of each Pok\u00e9mon\n|rule|Item Clause: Limit one of each item\n|clearpoke\n|poke|p1|Illumise, L50, F|\n|poke|p1|Chi-Yu, L50|\n|poke|p1|Arcanine-Hisui, L50, M|\n|poke|p1|Flutter Mane, L50|\n|poke|p1|Ogerpon-Wellspring, L50, F|\n|poke|p1|Iron Hands, L50|\n|poke|p2|Rillaboom, L50, M|\n|poke|p2|Arcanine-Hisui, L50, M|\n|poke|p2|Chien-Pao, L50|\n|poke|p2|Tornadus, L50, M|\n|poke|p2|Urshifu-*, L50, F|\n|poke|p2|Flutter Mane, L50|\n|teampreview|4\n|\n|t:|1700081124\n|start\n|switch|p1a: Illumise|Illumise, L50, F|100\/100\n|switch|p1b: Flutter Mane|Flutter Mane, L50|100\/100\n|switch|p2a: Rillaboom|Rillaboom, L50, M|100\/100\n|switch|p2b: Flutter Mane|Flutter Mane, L50|100\/100\n|-fieldstart|move: Grassy Terrain|[from] ability: Grassy Surge|[of] p2a: Rillaboom\n|-enditem|p1b: Flutter Mane|Booster Energy\n|-activate|p1b: Flutter Mane|ability: Protosynthesis|[fromitem]\n|-start|p1b: Flutter Mane|protosynthesisspa\n|-enditem|p2b: Flutter Mane|Booster Energy\n|-activate|p2b: Flutter Mane|ability: Protosynthesis|[fromitem]\n|-start|p2b: Flutter Mane|protosynthesisspa\n|turn|1\n|\n|t:|1700081152\n|-terastallize|p2b: Flutter Mane|Fairy\n|move|p2a: Rillaboom|Fake Out|p1a: Illumise\n|-damage|p1a: Illumise|87\/100\n|move|p1a: Illumise|Tailwind|p1a: Illumise\n|-sidestart|p1: JeromeMuskrat|move: Tailwind\n|move|p1b: Flutter Mane|Dazzling Gleam|p2a: Rillaboom|[spread] p2a,p2b\n|-damage|p2a: Rillaboom|64\/100\n|-damage|p2b: Flutter Mane|58\/100\n|move|p2b: Flutter Mane|Moonblast|p1b: Flutter Mane\n|-damage|p1b: Flutter Mane|13\/100\n|\n|-heal|p1b: Flutter Mane|19\/100|[from] Grassy Terrain\n|-heal|p1a: Illumise|93\/100|[from] Grassy Terrain\n|-heal|p2b: Flutter Mane|65\/100|[from] Grassy Terrain\n|-heal|p2a: Rillaboom|70\/100|[from] Grassy Terrain\n|upkeep\n|turn|2\n|\n|t:|1700081173\n|move|p1a: Illumise|Encore|p2a: Rillaboom\n|-start|p2a: Rillaboom|Encore\n|move|p2a: Rillaboom|Fake Out||[still]\n|-hint|Fake Out only works on your first turn out.\n|-fail|p2a: Rillaboom\n|move|p1b: Flutter Mane|Moonblast|p2b: Flutter Mane\n|-damage|p2b: Flutter Mane|0 fnt\n|faint|p2b: Flutter Mane\n|-end|p2b: Flutter Mane|Protosynthesis|[silent]\n|\n|-heal|p1b: Flutter Mane|25\/100|[from] Grassy Terrain\n|-heal|p1a: Illumise|99\/100|[from] Grassy Terrain\n|-heal|p2a: Rillaboom|76\/100|[from] Grassy Terrain\n|upkeep\n|\n|t:|1700081184\n|switch|p2b: Arcanine|Arcanine-Hisui, L50, M|100\/100\n|-ability|p2b: Arcanine|Intimidate|boost\n|-unboost|p1a: Illumise|atk|1\n|-unboost|p1b: Flutter Mane|atk|1\n|turn|3\n|\n|t:|1700081195\n|switch|p2a: Urshifu|Urshifu-Rapid-Strike, L50, F|100\/100\n|move|p1a: Illumise|Helping Hand|p1b: Flutter Mane\n|-singleturn|p1b: Flutter Mane|Helping Hand|[of] p1a: Illumise\n|move|p2b: Arcanine|Extreme Speed|p1a: Illumise\n|-damage|p1a: Illumise|57\/100\n|move|p1b: Flutter Mane|Shadow Ball|p2b: Arcanine\n|-damage|p2b: Arcanine|0 fnt\n|faint|p2b: Arcanine\n|\n|-heal|p1b: Flutter Mane|31\/100|[from] Grassy Terrain\n|-heal|p1a: Illumise|63\/100|[from] Grassy Terrain\n|upkeep\n|\n|t:|1700081206\n|switch|p2b: Rillaboom|Rillaboom, L50, M|76\/100\n|turn|4\n|\n|t:|1700081221\n|move|p2b: Rillaboom|Grassy Glide|p1b: Flutter Mane\n|-damage|p1b: Flutter Mane|0 fnt\n|faint|p1b: Flutter Mane\n|-end|p1b: Flutter Mane|Protosynthesis|[silent]\n|move|p1a: Illumise|Struggle Bug|p2a: Urshifu|[spread] p2a,p2b\n|-resisted|p2a: Urshifu\n|-supereffective|p2b: Rillaboom\n|-damage|p2a: Urshifu|94\/100\n|-damage|p2b: Rillaboom|60\/100\n|-unboost|p2a: Urshifu|spa|1\n|-unboost|p2b: Rillaboom|spa|1\n|move|p2a: Urshifu|Surging Strikes|p1a: Illumise\n|-crit|p1a: Illumise\n|-damage|p1a: Illumise|36\/100\n|-crit|p1a: Illumise\n|-damage|p1a: Illumise|9\/100\n|-crit|p1a: Illumise\n|-damage|p1a: Illumise|0 fnt\n|faint|p1a: Illumise\n|-hitcount|p1: Illumise|3\n|\n|-heal|p2a: Urshifu|99\/100|[from] Grassy Terrain\n|-heal|p2b: Rillaboom|66\/100|[from] Grassy Terrain\n|-sideend|p1: JeromeMuskrat|move: Tailwind\n|upkeep\n|\n|t:|1700081230\n|switch|p1b: Iron Hands|Iron Hands, L50|100\/100\n|switch|p1a: Arcanine|Arcanine-Hisui, L50, M|100\/100\n|-ability|p1a: Arcanine|Intimidate|boost\n|-unboost|p2a: Urshifu|atk|1\n|-unboost|p2b: Rillaboom|atk|1\n|turn|5\n|\n|t:|1700081249\n|-terastallize|p1a: Arcanine|Grass\n|move|p2a: Urshifu|Detect|p2a: Urshifu\n|-singleturn|p2a: Urshifu|Protect\n|move|p1b: Iron Hands|Fake Out|p2a: Urshifu\n|-activate|p2a: Urshifu|move: Protect\n|move|p1a: Arcanine|Flare Blitz|p2b: Rillaboom\n|-supereffective|p2b: Rillaboom\n|-damage|p2b: Rillaboom|0 fnt\n|faint|p2b: Rillaboom\n|-damage|p1a: Arcanine|75\/100|[from] Recoil\n|\n|-heal|p2a: Urshifu|100\/100|[from] Grassy Terrain\n|-heal|p1a: Arcanine|82\/100|[from] Grassy Terrain\n|-fieldend|move: Grassy Terrain\n|upkeep\n|turn|6\n|-message|BaldoricVGC forfeited.\n|\n|win|JeromeMuskrat\n|raw|JeromeMuskrat's rating: 1457 &rarr; <strong>1472<\/strong><br \/>(+15 for winning)\n|raw|BaldoricVGC's rating: 1365 &rarr; <strong>1350<\/strong><br \/>(-15 for losing)\n|l|\u2606BaldoricVGC\n","uploadtime":1700081269,"views":16,"p1id":"jeromemuskrat","p2id":"baldoricvgc","formatid":"gen9vgc2023regulatione","rating":1350,"private":0,"password":""}