{"id":"gen9vgc2023regulatione-1993695537","p1":"PawsCollect","p2":"Jard13255","format":"[Gen 9] VGC 2023 Regulation E","log":"|j|\u2606PawsCollect\n|j|\u2606Jard13255\n|t:|1700346521\n|gametype|doubles\n|player|p1|PawsCollect|265|1205\n|player|p2|Jard13255|169|1204\n|teamsize|p1|6\n|teamsize|p2|6\n|gen|9\n|tier|[Gen 9] VGC 2023 Regulation E\n|rated|\n|rule|Species Clause: Limit one of each Pok\u00e9mon\n|rule|Item Clause: Limit one of each item\n|clearpoke\n|poke|p1|Cresselia, L50, F|\n|poke|p1|Ursaluna-Bloodmoon, L50, M|\n|poke|p1|Iron Hands, L50|\n|poke|p1|Ogerpon-Wellspring, L50, F|\n|poke|p1|Arcanine-Hisui, L50, M|\n|poke|p1|Flutter Mane, L50|\n|poke|p2|Gyarados, L50, M|\n|poke|p2|Garganacl, L50, M|\n|poke|p2|Sinistcha, L50|\n|poke|p2|Iron Hands, L50|\n|poke|p2|Grimmsnarl, L50, M|\n|poke|p2|Glimmora, L50, F|\n|teampreview|4\n|\n|t:|1700346561\n|start\n|switch|p1a: Iron Hands|Iron Hands, L50|100\/100\n|switch|p1b: Ogerpon|Ogerpon-Wellspring, L50, F|100\/100\n|switch|p2a: Glimmora|Glimmora, L50, F|100\/100\n|switch|p2b: Grimmsnarl|Grimmsnarl, L50, M|100\/100\n|turn|1\n|inactive|Battle timer is ON: inactive players will automatically lose when time's up. (requested by PawsCollect)\n|\n|t:|1700346595\n|switch|p2b: Gyarados|Gyarados, L50, M|100\/100\n|-ability|p2b: Gyarados|Intimidate|boost\n|-unboost|p1a: Iron Hands|atk|1\n|-unboost|p1b: Ogerpon|atk|1\n|-terastallize|p1b: Ogerpon|Water\n|detailschange|p1b: Ogerpon|Ogerpon-Wellspring-Tera, L50, F, tera:Water\n|-ability|p1b: Ogerpon|Embody Aspect (Wellspring)|boost\n|-boost|p1b: Ogerpon|spd|1\n|-terastallize|p2a: Glimmora|Grass\n|move|p1a: Iron Hands|Fake Out|p2b: Gyarados\n|-damage|p2b: Gyarados|91\/100\n|move|p1b: Ogerpon|Ivy Cudgel|p2b: Gyarados|[anim] Ivy Cudgel Water\n|-resisted|p2b: Gyarados\n|-damage|p2b: Gyarados|67\/100\n|move|p2a: Glimmora|Earth Power|p1a: Iron Hands\n|-supereffective|p1a: Iron Hands\n|-damage|p1a: Iron Hands|66\/100\n|\n|upkeep\n|turn|2\n|\n|t:|1700346619\n|switch|p1b: Ursaluna|Ursaluna-Bloodmoon, L50, M|100\/100\n|move|p2b: Gyarados|Protect|p2b: Gyarados\n|-singleturn|p2b: Gyarados|Protect\n|move|p2a: Glimmora|Mortal Spin|p1a: Iron Hands|[spread] p1a,p1b\n|-resisted|p1b: Ursaluna\n|-damage|p1a: Iron Hands|63\/100\n|-damage|p1b: Ursaluna|99\/100\n|-status|p1a: Iron Hands|psn\n|-status|p1b: Ursaluna|psn\n|move|p1a: Iron Hands|Wild Charge|p2b: Gyarados\n|-activate|p2b: Gyarados|move: Protect\n|\n|-damage|p1a: Iron Hands|51\/100 psn|[from] psn\n|-damage|p1b: Ursaluna|87\/100 psn|[from] psn\n|upkeep\n|turn|3\n|inactive|PawsCollect has 30 seconds left.\n|inactive|Jard13255 has 30 seconds left.\n|\n|t:|1700346650\n|switch|p2b: Grimmsnarl|Grimmsnarl, L50, M|100\/100\n|move|p2a: Glimmora|Earth Power|p1a: Iron Hands\n|-supereffective|p1a: Iron Hands\n|-damage|p1a: Iron Hands|20\/100 psn\n|move|p1a: Iron Hands|Heavy Slam|p2b: Grimmsnarl\n|-supereffective|p2b: Grimmsnarl\n|-damage|p2b: Grimmsnarl|47\/100\n|move|p1b: Ursaluna|Hyper Voice|p2b: Grimmsnarl|[spread] p2a,p2b\n|-damage|p2a: Glimmora|75\/100\n|-damage|p2b: Grimmsnarl|12\/100\n|-enditem|p1b: Ursaluna|Throat Spray\n|-boost|p1b: Ursaluna|spa|1|[from] item: Throat Spray\n|\n|-damage|p1a: Iron Hands|8\/100 psn|[from] psn\n|-damage|p1b: Ursaluna|74\/100 psn|[from] psn\n|upkeep\n|turn|4\n|inactive|PawsCollect has 30 seconds left.\n|\n|t:|1700346677\n|move|p2b: Grimmsnarl|Parting Shot|p1b: Ursaluna\n|-unboost|p1b: Ursaluna|atk|1\n|-unboost|p1b: Ursaluna|spa|1\n|\n|t:|1700346681\n|switch|p2b: Sinistcha|Sinistcha, L50|100\/100|[from] Parting Shot\n|-heal|p2a: Glimmora|99\/100|[from] ability: Hospitality|[of] p2b: Sinistcha\n|move|p2a: Glimmora|Venoshock|p1b: Ursaluna\n|-resisted|p1b: Ursaluna\n|-damage|p1b: Ursaluna|43\/100 psn\n|move|p1a: Iron Hands|Drain Punch|p2a: Glimmora\n|-crit|p2a: Glimmora\n|-damage|p2a: Glimmora|40\/100\n|-heal|p1a: Iron Hands|31\/100 psn|[from] drain|[of] p2a: Glimmora\n|-activate|p2a: Glimmora|ability: Toxic Debris\n|-sidestart|p1: PawsCollect|move: Toxic Spikes\n|move|p1b: Ursaluna|Hyper Voice|p2b: Sinistcha|[spread] p2a,p2b\n|-crit|p2a: Glimmora\n|-damage|p2a: Glimmora|2\/100\n|-damage|p2b: Sinistcha|68\/100\n|\n|-damage|p1a: Iron Hands|19\/100 psn|[from] psn\n|-damage|p1b: Ursaluna|30\/100 psn|[from] psn\n|upkeep\n|turn|5\n|inactive|PawsCollect has 30 seconds left.\n|inactive|Jard13255 has 30 seconds left.\n|inactive|PawsCollect has 20 seconds left.\n|\n|t:|1700346718\n|move|p2a: Glimmora|Earth Power|p1a: Iron Hands\n|-supereffective|p1a: Iron Hands\n|-damage|p1a: Iron Hands|0 fnt\n|faint|p1a: Iron Hands\n|-end|p1a: Iron Hands|Quark Drive|[silent]\n|move|p2b: Sinistcha|Matcha Gotcha|p1b: Ursaluna\n|-supereffective|p1b: Ursaluna\n|-damage|p1b: Ursaluna|0 fnt\n|-heal|p2b: Sinistcha|86\/100|[from] drain|[of] p1b: Ursaluna\n|faint|p1b: Ursaluna\n|\n|upkeep\n|\n|t:|1700346730\n|switch|p1a: Ogerpon|Ogerpon-Wellspring-Tera, L50, F, tera:Water|100\/100\n|switch|p1b: Arcanine|Arcanine-Hisui, L50, M|100\/100\n|-status|p1a: Ogerpon|psn\n|-ability|p1a: Ogerpon|Embody Aspect (Wellspring)|boost\n|-boost|p1a: Ogerpon|spd|1\n|-status|p1b: Arcanine|psn\n|-ability|p1b: Arcanine|Intimidate|boost\n|-unboost|p2a: Glimmora|atk|1\n|-unboost|p2b: Sinistcha|atk|1\n|turn|6\n|\n|t:|1700346752\n|move|p2b: Sinistcha|Protect|p2b: Sinistcha\n|-singleturn|p2b: Sinistcha|Protect\n|move|p1a: Ogerpon|Ivy Cudgel|p2a: Glimmora|[anim] Ivy Cudgel Water\n|-resisted|p2a: Glimmora\n|-damage|p2a: Glimmora|0 fnt\n|-activate|p2a: Glimmora|ability: Toxic Debris\n|-sidestart|p1: PawsCollect|move: Toxic Spikes\n|faint|p2a: Glimmora\n|move|p1b: Arcanine|Flare Blitz|p2b: Sinistcha\n|-activate|p2b: Sinistcha|move: Protect\n|\n|-damage|p1a: Ogerpon|88\/100 psn|[from] psn\n|-damage|p1b: Arcanine|88\/100 psn|[from] psn\n|upkeep\n|\n|t:|1700346767\n|switch|p2a: Grimmsnarl|Grimmsnarl, L50, M|12\/100\n|turn|7\n|\n|t:|1700346783\n|move|p1a: Ogerpon|Spiky Shield|p1a: Ogerpon\n|-singleturn|p1a: Ogerpon|move: Protect\n|move|p1b: Arcanine|Extreme Speed|p2a: Grimmsnarl\n|-damage|p2a: Grimmsnarl|0 fnt\n|faint|p2a: Grimmsnarl\n|move|p2b: Sinistcha|Strength Sap|p1a: Ogerpon\n|-activate|p1a: Ogerpon|move: Protect\n|\n|-damage|p1a: Ogerpon|76\/100 psn|[from] psn\n|-damage|p1b: Arcanine|75\/100 psn|[from] psn\n|upkeep\n|\n|t:|1700346796\n|switch|p2a: Gyarados|Gyarados, L50, M|67\/100\n|-ability|p2a: Gyarados|Intimidate|boost\n|-unboost|p1a: Ogerpon|atk|1\n|-unboost|p1b: Arcanine|atk|1\n|turn|8\n|\n|t:|1700346812\n|move|p2a: Gyarados|Protect|p2a: Gyarados\n|-singleturn|p2a: Gyarados|Protect\n|move|p2b: Sinistcha|Protect|p2b: Sinistcha\n|-singleturn|p2b: Sinistcha|Protect\n|move|p1a: Ogerpon|Ivy Cudgel|p2b: Sinistcha|[anim] Ivy Cudgel Water\n|-activate|p2b: Sinistcha|move: Protect\n|move|p1b: Arcanine|Flare Blitz|p2b: Sinistcha\n|-activate|p2b: Sinistcha|move: Protect\n|\n|-damage|p1a: Ogerpon|64\/100 psn|[from] psn\n|-damage|p1b: Arcanine|63\/100 psn|[from] psn\n|upkeep\n|turn|9\n|inactive|Jard13255 has 30 seconds left.\n|\n|t:|1700346842\n|move|p1a: Ogerpon|Spiky Shield|p1a: Ogerpon\n|-singleturn|p1a: Ogerpon|move: Protect\n|move|p2b: Sinistcha|Protect|p2b: Sinistcha\n|-singleturn|p2b: Sinistcha|Protect\n|move|p1b: Arcanine|Rock Slide|p2b: Sinistcha|[spread] p2a\n|-activate|p2b: Sinistcha|move: Protect\n|-supereffective|p2a: Gyarados\n|-damage|p2a: Gyarados|36\/100\n|move|p2a: Gyarados|Waterfall|p1b: Arcanine\n|-supereffective|p1b: Arcanine\n|-damage|p1b: Arcanine|0 fnt\n|faint|p1b: Arcanine\n|\n|-damage|p1a: Ogerpon|51\/100 psn|[from] psn\n|upkeep\n|turn|10\n|-message|PawsCollect forfeited.\n|\n|win|Jard13255\n|raw|PawsCollect's rating: 1205 &rarr; <strong>1180<\/strong><br \/>(-25 for losing)\n|raw|Jard13255's rating: 1204 &rarr; <strong>1229<\/strong><br \/>(+25 for winning)\n|l|\u2606PawsCollect\n|c|\u2606Jard13255|Gg\n","uploadtime":1700346869,"views":19,"p1id":"pawscollect","p2id":"jard13255","formatid":"gen9vgc2023regulatione","rating":1180,"private":0,"password":""}