{"id":"gen9vgc2023regulatione-2000088668","p1":"anarc0","p2":"CharlienoB","format":"[Gen 9] VGC 2023 Regulation E","log":"|j|\u2606anarc0\n|j|\u2606CharlienoB\n|t:|1701152616\n|gametype|doubles\n|player|p1|anarc0|clair|1077\n|player|p2|CharlienoB|1|1006\n|teamsize|p1|6\n|teamsize|p2|6\n|gen|9\n|tier|[Gen 9] VGC 2023 Regulation E\n|rated|\n|rule|Species Clause: Limit one of each Pok\u00e9mon\n|rule|Item Clause: Limit one of each item\n|clearpoke\n|poke|p1|Flapple, L50, M|\n|poke|p1|Sandy Shocks, L50|\n|poke|p1|Iron Bundle, L50|\n|poke|p1|Ninetales-Alola, L50, F|\n|poke|p1|Arcanine-Hisui, L50, F|\n|poke|p1|Tornadus, L50, M|\n|poke|p2|Armarouge, L50, M|\n|poke|p2|Indeedee-F, L50, F|\n|poke|p2|Hippowdon, L50, M|\n|poke|p2|Rillaboom, L50, F|\n|poke|p2|Empoleon, L50, F|\n|poke|p2|Enamorus-Therian, L50, F|\n|teampreview|4\n|\n|t:|1701152635\n|start\n|switch|p1a: Sandy Shocks|Sandy Shocks, L50|100\/100\n|switch|p1b: Ninetales|Ninetales-Alola, L50, F|100\/100\n|switch|p2a: Armarouge|Armarouge, L50, M|100\/100\n|switch|p2b: Indeedee|Indeedee-F, L50, F|100\/100\n|-weather|Snow|[from] ability: Snow Warning|[of] p1b: Ninetales\n|-fieldstart|move: Psychic Terrain|[from] ability: Psychic Surge|[of] p2b: Indeedee\n|-enditem|p1a: Sandy Shocks|Booster Energy\n|-activate|p1a: Sandy Shocks|ability: Protosynthesis|[fromitem]\n|-start|p1a: Sandy Shocks|protosynthesisspe\n|turn|1\n|inactive|Battle timer is ON: inactive players will automatically lose when time's up. (requested by CharlienoB)\n|\n|t:|1701152652\n|move|p2b: Indeedee|Follow Me|p2b: Indeedee\n|-singleturn|p2b: Indeedee|move: Follow Me\n|move|p1a: Sandy Shocks|Gravity|p1a: Sandy Shocks\n|-fieldstart|move: Gravity\n|move|p1b: Ninetales|Hypnosis|p2b: Indeedee\n|-status|p2b: Indeedee|slp|[from] move: Hypnosis\n|move|p2a: Armarouge|Trick Room|p2a: Armarouge\n|-fieldstart|move: Trick Room|[of] p2a: Armarouge\n|\n|-weather|Snow|[upkeep]\n|upkeep\n|turn|2\n|\n|t:|1701152668\n|-terastallize|p1b: Ninetales|Steel\n|move|p1a: Sandy Shocks|Protect|p1a: Sandy Shocks\n|-singleturn|p1a: Sandy Shocks|Protect\n|move|p2a: Armarouge|Expanding Force|p1b: Ninetales|[spread] p1b\n|-activate|p1a: Sandy Shocks|move: Protect\n|-resisted|p1b: Ninetales\n|-damage|p1b: Ninetales|73\/100\n|cant|p2b: Indeedee|slp\n|move|p1b: Ninetales|Hypnosis|p2a: Armarouge\n|-status|p2a: Armarouge|slp|[from] move: Hypnosis\n|\n|-weather|Snow|[upkeep]\n|upkeep\n|turn|3\n|\n|t:|1701152686\n|cant|p2b: Indeedee|slp\n|cant|p2a: Armarouge|slp\n|move|p1b: Ninetales|Aurora Veil|p1b: Ninetales\n|-sidestart|p1: anarc0|move: Aurora Veil\n|move|p1a: Sandy Shocks|Thunder|p2a: Armarouge\n|-damage|p2a: Armarouge|59\/100 slp\n|\n|-weather|Snow|[upkeep]\n|upkeep\n|turn|4\n|\n|t:|1701152708\n|-curestatus|p2a: Armarouge|slp|[msg]\n|move|p2a: Armarouge|Protect|p2a: Armarouge\n|-singleturn|p2a: Armarouge|Protect\n|-curestatus|p2b: Indeedee|slp|[msg]\n|move|p2b: Indeedee|Protect|p2b: Indeedee\n|-singleturn|p2b: Indeedee|Protect\n|move|p1b: Ninetales|Blizzard|p2b: Indeedee|[spread] \n|-activate|p2a: Armarouge|move: Protect\n|-activate|p2b: Indeedee|move: Protect\n|move|p1a: Sandy Shocks|Thunder|p2a: Armarouge\n|-activate|p2a: Armarouge|move: Protect\n|\n|-weather|Snow|[upkeep]\n|upkeep\n|turn|5\n|\n|t:|1701152723\n|move|p1b: Ninetales|Protect|p1b: Ninetales\n|-singleturn|p1b: Ninetales|Protect\n|move|p1a: Sandy Shocks|Protect|p1a: Sandy Shocks\n|-singleturn|p1a: Sandy Shocks|Protect\n|move|p2b: Indeedee|Follow Me|p2b: Indeedee\n|-singleturn|p2b: Indeedee|move: Follow Me\n|move|p2a: Armarouge|Heat Wave|p1b: Ninetales|[spread] \n|-activate|p1a: Sandy Shocks|move: Protect\n|-activate|p1b: Ninetales|move: Protect\n|\n|-weather|none\n|-fieldend|move: Trick Room\n|-fieldend|move: Gravity\n|-fieldend|move: Psychic Terrain\n|upkeep\n|turn|6\n|inactive|CharlienoB has 30 seconds left.\n|inactive|CharlienoB has 20 seconds left.\n|inactive|CharlienoB has 15 seconds left.\n|\n|t:|1701152767\n|move|p2b: Indeedee|Follow Me|p2b: Indeedee\n|-singleturn|p2b: Indeedee|move: Follow Me\n|move|p1a: Sandy Shocks|Gravity|p1a: Sandy Shocks\n|-fieldstart|move: Gravity\n|move|p1b: Ninetales|Hypnosis|p2b: Indeedee\n|-status|p2b: Indeedee|slp|[from] move: Hypnosis\n|move|p2a: Armarouge|Heat Wave|p1b: Ninetales|[spread] p1a,p1b\n|-supereffective|p1b: Ninetales\n|-damage|p1a: Sandy Shocks|71\/100\n|-damage|p1b: Ninetales|24\/100\n|-enditem|p1b: Ninetales|Sitrus Berry|[eat]\n|-heal|p1b: Ninetales|49\/100|[from] item: Sitrus Berry\n|\n|upkeep\n|turn|7\n|\n|t:|1701152791\n|switch|p2b: Hippowdon|Hippowdon, L50, M|100\/100\n|-weather|Sandstorm|[from] ability: Sand Stream|[of] p2b: Hippowdon\n|-terastallize|p2a: Armarouge|Psychic\n|move|p1a: Sandy Shocks|Protect|p1a: Sandy Shocks\n|-singleturn|p1a: Sandy Shocks|Protect\n|move|p1b: Ninetales|Hypnosis|p2a: Armarouge\n|-status|p2a: Armarouge|slp|[from] move: Hypnosis\n|cant|p2a: Armarouge|slp\n|\n|-weather|Sandstorm|[upkeep]\n|-damage|p2a: Armarouge|53\/100 slp|[from] Sandstorm\n|-sideend|p1: anarc0|move: Aurora Veil\n|upkeep\n|turn|8\n|\n|t:|1701152812\n|switch|p1b: Flapple|Flapple, L50, M|100\/100\n|move|p1a: Sandy Shocks|Thunder|p2a: Armarouge\n|-damage|p2a: Armarouge|7\/100 slp\n|-curestatus|p2a: Armarouge|slp|[msg]\n|move|p2a: Armarouge|Heat Wave|p1a: Sandy Shocks|[spread] p1a,p1b\n|-damage|p1a: Sandy Shocks|29\/100\n|-damage|p1b: Flapple|36\/100\n|move|p2b: Hippowdon|Yawn|p1b: Flapple\n|-start|p1b: Flapple|move: Yawn|[of] p2b: Hippowdon\n|\n|-weather|Sandstorm|[upkeep]\n|-damage|p1b: Flapple|30\/100|[from] Sandstorm\n|-damage|p2a: Armarouge|2\/100|[from] Sandstorm\n|upkeep\n|turn|9\n|\n|t:|1701152827\n|move|p2a: Armarouge|Protect|p2a: Armarouge\n|-singleturn|p2a: Armarouge|Protect\n|move|p1a: Sandy Shocks|Flash Cannon|p2a: Armarouge\n|-activate|p2a: Armarouge|move: Protect\n|move|p1b: Flapple|Grav Apple|p2b: Hippowdon\n|-supereffective|p2b: Hippowdon\n|-damage|p2b: Hippowdon|0 fnt\n|faint|p2b: Hippowdon\n|\n|-weather|Sandstorm|[upkeep]\n|-damage|p1b: Flapple|24\/100|[from] Sandstorm\n|-damage|p2a: Armarouge|0 fnt|[from] Sandstorm\n|faint|p2a: Armarouge\n|-end|p1b: Flapple|move: Yawn|[silent]\n|-status|p1b: Flapple|slp\n|upkeep\n|\n|t:|1701152832\n|switch|p2a: Indeedee|Indeedee-F, L50, F|100\/100 slp\n|switch|p2b: Enamorus|Enamorus-Therian, L50, F|100\/100\n|-fieldstart|move: Psychic Terrain|[from] ability: Psychic Surge|[of] p2a: Indeedee\n|turn|10\n|\n|t:|1701152851\n|switch|p1b: Ninetales|Ninetales-Alola, L50, F, tera:Steel|49\/100\n|-weather|Snow|[from] ability: Snow Warning|[of] p1b: Ninetales\n|move|p1a: Sandy Shocks|Flash Cannon|p2b: Enamorus\n|-supereffective|p2b: Enamorus\n|-damage|p2b: Enamorus|71\/100\n|cant|p2a: Indeedee|slp\n|move|p2b: Enamorus|Dazzling Gleam|p1b: Ninetales|[spread] p1a,p1b\n|-resisted|p1b: Ninetales\n|-damage|p1a: Sandy Shocks|0 fnt\n|-damage|p1b: Ninetales|33\/100\n|faint|p1a: Sandy Shocks\n|-end|p1a: Sandy Shocks|Protosynthesis|[silent]\n|\n|-weather|Snow|[upkeep]\n|-fieldend|move: Gravity\n|upkeep\n|\n|t:|1701152861\n|switch|p1a: Iron Bundle|Iron Bundle, L50|100\/100\n|turn|11\n|\n|t:|1701152868\n|cant|p2a: Indeedee|slp\n|move|p1a: Iron Bundle|Blizzard|p2b: Enamorus|[spread] p2a,p2b\n|-supereffective|p2b: Enamorus\n|-damage|p2a: Indeedee|63\/100 slp\n|-damage|p2b: Enamorus|17\/100\n|move|p1b: Ninetales|Blizzard|p2b: Enamorus|[spread] p2a,p2b\n|-supereffective|p2b: Enamorus\n|-damage|p2a: Indeedee|39\/100 slp\n|-damage|p2b: Enamorus|0 fnt\n|faint|p2b: Enamorus\n|\n|-weather|Snow|[upkeep]\n|upkeep\n|turn|12\n|-message|CharlienoB forfeited.\n|\n|win|anarc0\n|raw|anarc0's rating: 1077 &rarr; <strong>1100<\/strong><br \/>(+23 for winning)\n|raw|CharlienoB's rating: 1006 &rarr; <strong>1000<\/strong><br \/>(-6 for losing)\n|l|\u2606CharlienoB\n","uploadtime":1701152886,"views":3,"p1id":"anarc0","p2id":"charlienob","formatid":"gen9vgc2023regulatione","rating":1000,"private":0,"password":""}