{"id":"gen9vgc2023regulatione-1987983033","p1":"misoup28","p2":"txxhey01","format":"[Gen 9] VGC 2023 Regulation E","log":"|j|\u2606misoup28\n|j|\u2606txxhey01\n|t:|1699655804\n|gametype|doubles\n|player|p1|misoup28|102|1333\n|player|p2|txxhey01|alder|1326\n|teamsize|p1|6\n|teamsize|p2|6\n|gen|9\n|tier|[Gen 9] VGC 2023 Regulation E\n|rated|\n|rule|Species Clause: Limit one of each Pok\u00e9mon\n|rule|Item Clause: Limit one of each item\n|clearpoke\n|poke|p1|Kommo-o, L50, F|\n|poke|p1|Tyranitar, L50, F|\n|poke|p1|Rillaboom, L50, F|\n|poke|p1|Flutter Mane, L50|\n|poke|p1|Arcanine-Hisui, L50, F|\n|poke|p1|Iron Bundle, L50|\n|poke|p2|Flutter Mane, L50|\n|poke|p2|Chien-Pao, L50|\n|poke|p2|Tornadus, L50, M|\n|poke|p2|Arcanine-Hisui, L50, F|\n|poke|p2|Urshifu-*, L50, F|\n|poke|p2|Landorus-Therian, L50, M|\n|teampreview|4\n|inactive|Battle timer is ON: inactive players will automatically lose when time's up. (requested by misoup28)\n|inactive|misoup28 has 60 seconds left.\n|inactive|txxhey01 has 60 seconds left.\n|inactive|txxhey01 has 30 seconds left.\n|inactive|txxhey01 has 20 seconds left.\n|inactive|txxhey01 has 15 seconds left.\n|inactive|txxhey01 has 10 seconds left.\n|\n|t:|1699655888\n|start\n|switch|p1a: Rillaboom|Rillaboom, L50, F|100\/100\n|switch|p1b: Iron Bundle|Iron Bundle, L50|100\/100\n|switch|p2a: Arcanine|Arcanine-Hisui, L50, F|100\/100\n|switch|p2b: Tornadus|Tornadus, L50, M|100\/100\n|-ability|p2a: Arcanine|Intimidate|boost\n|-unboost|p1a: Rillaboom|atk|1\n|-unboost|p1b: Iron Bundle|atk|1\n|-fieldstart|move: Grassy Terrain|[from] ability: Grassy Surge|[of] p1a: Rillaboom\n|-enditem|p1b: Iron Bundle|Booster Energy\n|-activate|p1b: Iron Bundle|ability: Quark Drive|[fromitem]\n|-start|p1b: Iron Bundle|quarkdrivespe\n|turn|1\n|inactive|txxhey01 has 30 seconds left.\n|inactive|txxhey01 has 20 seconds left.\n|\n|t:|1699655926\n|-terastallize|p2a: Arcanine|Grass\n|move|p1a: Rillaboom|Fake Out|p2a: Arcanine\n|-damage|p2a: Arcanine|88\/100\n|cant|p2a: Arcanine|flinch\n|move|p2b: Tornadus|Tailwind|p2b: Tornadus\n|-sidestart|p2: txxhey01|move: Tailwind\n|move|p1b: Iron Bundle|Icy Wind|p2a: Arcanine|[spread] p2a,p2b\n|-supereffective|p2a: Arcanine\n|-supereffective|p2b: Tornadus\n|-damage|p2a: Arcanine|39\/100\n|-damage|p2b: Tornadus|57\/100\n|-unboost|p2a: Arcanine|spe|1\n|-unboost|p2b: Tornadus|spe|1\n|-enditem|p2a: Arcanine|Sitrus Berry|[eat]\n|-heal|p2a: Arcanine|63\/100|[from] item: Sitrus Berry\n|\n|-heal|p2a: Arcanine|69\/100|[from] Grassy Terrain\n|upkeep\n|turn|2\n|inactive|misoup28 has 30 seconds left.\n|inactive|txxhey01 has 30 seconds left.\n|inactive|misoup28 has 20 seconds left.\n|inactive|txxhey01 has 20 seconds left.\n|inactive|misoup28 has 15 seconds left.\n|inactive|txxhey01 has 15 seconds left.\n|inactive|txxhey01 has 10 seconds left.\n|\n|t:|1699655975\n|switch|p2a: Chien-Pao|Chien-Pao, L50|100\/100\n|-ability|p2a: Chien-Pao|Sword of Ruin\n|switch|p1a: Arcanine|Arcanine-Hisui, L50, F|100\/100\n|-ability|p1a: Arcanine|Intimidate|boost\n|-unboost|p2a: Chien-Pao|atk|1\n|-unboost|p2b: Tornadus|atk|1\n|move|p1b: Iron Bundle|Icy Wind|p2b: Tornadus|[spread] p2a,p2b\n|-resisted|p2a: Chien-Pao\n|-supereffective|p2b: Tornadus\n|-damage|p2a: Chien-Pao|84\/100\n|-damage|p2b: Tornadus|9\/100\n|-unboost|p2a: Chien-Pao|spe|1\n|-unboost|p2b: Tornadus|spe|1\n|move|p2b: Tornadus|Icy Wind|p1b: Iron Bundle|[spread] p1a,p1b\n|-resisted|p1a: Arcanine\n|-resisted|p1b: Iron Bundle\n|-damage|p1a: Arcanine|94\/100\n|-damage|p1b: Iron Bundle|95\/100\n|-unboost|p1a: Arcanine|spe|1\n|-unboost|p1b: Iron Bundle|spe|1\n|\n|-heal|p2a: Chien-Pao|90\/100|[from] Grassy Terrain\n|-heal|p1b: Iron Bundle|100\/100|[from] Grassy Terrain\n|-heal|p1a: Arcanine|100\/100|[from] Grassy Terrain\n|upkeep\n|turn|3\n|inactive|misoup28 has 30 seconds left.\n|inactive|txxhey01 has 30 seconds left.\n|inactive|misoup28 has 20 seconds left.\n|inactive|txxhey01 has 20 seconds left.\n|inactive|misoup28 has 15 seconds left.\n|inactive|txxhey01 has 15 seconds left.\n|inactive|misoup28 has 10 seconds left.\n|inactive|misoup28 has 5 seconds left.\n|\n|t:|1699656026\n|switch|p2b: Flutter Mane|Flutter Mane, L50|100\/100\n|-enditem|p2b: Flutter Mane|Booster Energy\n|-activate|p2b: Flutter Mane|ability: Protosynthesis|[fromitem]\n|-start|p2b: Flutter Mane|protosynthesisspe\n|-terastallize|p1a: Arcanine|Water\n|move|p2a: Chien-Pao|Sacred Sword|p1a: Arcanine\n|-damage|p1a: Arcanine|73\/100\n|move|p1b: Iron Bundle|Icy Wind|p2b: Flutter Mane|[spread] p2a,p2b\n|-resisted|p2a: Chien-Pao\n|-damage|p2a: Chien-Pao|72\/100\n|-damage|p2b: Flutter Mane|77\/100\n|-unboost|p2a: Chien-Pao|spe|1\n|-unboost|p2b: Flutter Mane|spe|1\n|move|p1a: Arcanine|Will-O-Wisp|p2a: Chien-Pao|[miss]\n|-miss|p1a: Arcanine|p2a: Chien-Pao\n|\n|-heal|p2b: Flutter Mane|83\/100|[from] Grassy Terrain\n|-heal|p2a: Chien-Pao|78\/100|[from] Grassy Terrain\n|-heal|p1a: Arcanine|79\/100|[from] Grassy Terrain\n|upkeep\n|turn|4\n|inactive|misoup28 has 30 seconds left.\n|inactive|txxhey01 has 30 seconds left.\n|inactive|misoup28 has 20 seconds left.\n|inactive|txxhey01 has 20 seconds left.\n|inactive|misoup28 has 15 seconds left.\n|inactive|txxhey01 has 15 seconds left.\n|\n|t:|1699656069\n|switch|p1a: Rillaboom|Rillaboom, L50, F|100\/100\n|move|p1b: Iron Bundle|Protect|p1b: Iron Bundle\n|-singleturn|p1b: Iron Bundle|Protect\n|move|p2a: Chien-Pao|Sucker Punch||[still]\n|-fail|p2a: Chien-Pao\n|move|p2b: Flutter Mane|Dazzling Gleam|p1b: Iron Bundle|[spread] p1a\n|-activate|p1b: Iron Bundle|move: Protect\n|-damage|p1a: Rillaboom|64\/100\n|\n|-heal|p2b: Flutter Mane|89\/100|[from] Grassy Terrain\n|-heal|p2a: Chien-Pao|84\/100|[from] Grassy Terrain\n|-heal|p1a: Rillaboom|70\/100|[from] Grassy Terrain\n|-sideend|p2: txxhey01|move: Tailwind\n|upkeep\n|turn|5\n|inactive|misoup28 has 30 seconds left.\n|inactive|misoup28 has 20 seconds left.\n|inactive|misoup28 has 15 seconds left.\n|\n|t:|1699656113\n|-end|p2b: Flutter Mane|Protosynthesis|[silent]\n|switch|p2b: Arcanine|Arcanine-Hisui, L50, F, tera:Grass|69\/100\n|-ability|p2b: Arcanine|Intimidate|boost\n|-unboost|p1a: Rillaboom|atk|1\n|-unboost|p1b: Iron Bundle|atk|1\n|move|p1b: Iron Bundle|Icy Wind|p2a: Chien-Pao|[spread] p2a,p2b\n|-resisted|p2a: Chien-Pao\n|-supereffective|p2b: Arcanine\n|-damage|p2a: Chien-Pao|66\/100\n|-damage|p2b: Arcanine|19\/100\n|-unboost|p2a: Chien-Pao|spe|1\n|-unboost|p2b: Arcanine|spe|1\n|move|p1a: Rillaboom|Wood Hammer|p2b: Arcanine\n|-resisted|p2b: Arcanine\n|-damage|p2b: Arcanine|0 fnt\n|faint|p2b: Arcanine\n|-damage|p1a: Rillaboom|65\/100|[from] Recoil\n|move|p2a: Chien-Pao|Sacred Sword|p1b: Iron Bundle\n|-supereffective|p1b: Iron Bundle\n|-damage|p1b: Iron Bundle|35\/100\n|\n|-heal|p1b: Iron Bundle|41\/100|[from] Grassy Terrain\n|-heal|p1a: Rillaboom|71\/100|[from] Grassy Terrain\n|-heal|p2a: Chien-Pao|72\/100|[from] Grassy Terrain\n|-fieldend|move: Grassy Terrain\n|upkeep\n|inactive|txxhey01 has 30 seconds left.\n|\n|t:|1699656144\n|switch|p2b: Flutter Mane|Flutter Mane, L50|89\/100\n|turn|6\n|\n|t:|1699656156\n|switch|p1a: Arcanine|Arcanine-Hisui, L50, F, tera:Water|79\/100\n|-ability|p1a: Arcanine|Intimidate|boost\n|-unboost|p2a: Chien-Pao|atk|1\n|-unboost|p2b: Flutter Mane|atk|1\n|move|p1b: Iron Bundle|Protect|p1b: Iron Bundle\n|-singleturn|p1b: Iron Bundle|Protect\n|move|p2a: Chien-Pao|Sucker Punch||[still]\n|-fail|p2a: Chien-Pao\n|move|p2b: Flutter Mane|Shadow Ball|p1a: Arcanine\n|-damage|p1a: Arcanine|33\/100\n|-enditem|p1a: Arcanine|Sitrus Berry|[eat]\n|-heal|p1a: Arcanine|58\/100|[from] item: Sitrus Berry\n|\n|upkeep\n|turn|7\n|\n|t:|1699656181\n|move|p2a: Chien-Pao|Sucker Punch|p1a: Arcanine\n|-damage|p1a: Arcanine|35\/100\n|move|p1b: Iron Bundle|Icy Wind|p2b: Flutter Mane|[spread] p2a,p2b\n|-resisted|p2a: Chien-Pao\n|-damage|p2a: Chien-Pao|56\/100\n|-damage|p2b: Flutter Mane|68\/100\n|-unboost|p2a: Chien-Pao|spe|1\n|-unboost|p2b: Flutter Mane|spe|1\n|move|p1a: Arcanine|Flare Blitz|p2b: Flutter Mane\n|-damage|p2b: Flutter Mane|0 fnt\n|faint|p2b: Flutter Mane\n|-end|p2b: Flutter Mane|Protosynthesis|[silent]\n|-damage|p1a: Arcanine|20\/100|[from] Recoil\n|\n|upkeep\n|\n|t:|1699656192\n|switch|p2b: Tornadus|Tornadus, L50, M|9\/100\n|turn|8\n|\n|t:|1699656202\n|move|p2b: Tornadus|Tailwind|p2b: Tornadus\n|-sidestart|p2: txxhey01|move: Tailwind\n|move|p1b: Iron Bundle|Icy Wind|p2b: Tornadus|[spread] p2a,p2b\n|-resisted|p2a: Chien-Pao\n|-supereffective|p2b: Tornadus\n|-damage|p2a: Chien-Pao|39\/100\n|-damage|p2b: Tornadus|0 fnt\n|-unboost|p2a: Chien-Pao|spe|1\n|faint|p2b: Tornadus\n|move|p1a: Arcanine|Rock Slide|p2a: Chien-Pao\n|-supereffective|p2a: Chien-Pao\n|-damage|p2a: Chien-Pao|0 fnt\n|faint|p2a: Chien-Pao\n|\n|win|misoup28\n|raw|misoup28's rating: 1333 &rarr; <strong>1353<\/strong><br \/>(+20 for winning)\n|raw|txxhey01's rating: 1326 &rarr; <strong>1306<\/strong><br \/>(-20 for losing)\n|c|\u2606txxhey01|bruh bundle is so annoying\n|l|\u2606txxhey01\n|c|\u2606misoup28|Lol\n","uploadtime":1699656241,"views":20,"p1id":"misoup28","p2id":"txxhey01","formatid":"gen9vgc2023regulatione","rating":1306,"private":0,"password":""}