{"id":"gen9vgc2023regulatione-1994496584","p1":"Llort365","p2":"MrJu","format":"[Gen 9] VGC 2023 Regulation E","log":"|j|\u2606Llort365\n|j|\u2606MrJu\n|t:|1700450790\n|gametype|doubles\n|player|p1|Llort365|hilbert-wonderlauncher|1101\n|player|p2|MrJu|170|1137\n|teamsize|p1|6\n|teamsize|p2|6\n|gen|9\n|tier|[Gen 9] VGC 2023 Regulation E\n|rated|\n|rule|Species Clause: Limit one of each Pok\u00e9mon\n|rule|Item Clause: Limit one of each item\n|clearpoke\n|poke|p1|Tinkaton, L50, F|\n|poke|p1|Amoonguss, L50, M|\n|poke|p1|Ceruledge, L50, F|\n|poke|p1|Iron Bundle, L50|\n|poke|p1|Flutter Mane, L50|\n|poke|p1|Kingambit, L50, M|\n|poke|p2|Goodra-Hisui, L50, M|\n|poke|p2|Cresselia, L50, F|\n|poke|p2|Sinistcha-Masterpiece, L50|\n|poke|p2|Iron Hands, L50|\n|poke|p2|Sableye, L50, F|\n|poke|p2|Great Tusk, L50|\n|teampreview|4\nLlort365 has agreed to open team sheets.\n|inactive|Battle timer is ON: inactive players will automatically lose when time's up. (requested by MrJu)\nMrJu has agreed to open team sheets.\n|inactive|Llort365 has 30 seconds left.\n|inactive|Llort365 has 20 seconds left.\n|inactive|Llort365 has 15 seconds left.\n|inactive|Llort365 has 10 seconds left.\n|inactive|Llort365 has 5 seconds left.\n|\n|t:|1700450854\n|start\n|switch|p1a: Kingambit|Kingambit, L50, M|100\/100\n|switch|p1b: Amoonguss|Amoonguss, L50, M|100\/100\n|switch|p2a: Goodra|Goodra-Hisui, L50, M|100\/100\n|switch|p2b: Sableye|Sableye, L50, F|100\/100\n|turn|1\n|inactive|Llort365 has 30 seconds left.\n|\n|t:|1700450882\n|switch|p1a: Flutter Mane|Flutter Mane, L50|100\/100\n|-terastallize|p2a: Goodra|Water\n|move|p2b: Sableye|Taunt|p1b: Amoonguss\n|-start|p1b: Amoonguss|move: Taunt\n|-enditem|p1b: Amoonguss|Mental Herb\n|-end|p1b: Amoonguss|move: Taunt\n|move|p2a: Goodra|Body Press|p1a: Flutter Mane\n|-immune|p1a: Flutter Mane\n|move|p1b: Amoonguss|Spore|p2a: Goodra\n|-ability|p2a: Goodra|Sap Sipper|boost\n|-boost|p2a: Goodra|atk|1\n|\n|upkeep\n|turn|2\n|inactive|Llort365 has 30 seconds left.\n|inactive|Llort365 has 20 seconds left.\n|inactive|Llort365 has 15 seconds left.\n|\n|t:|1700450926\n|move|p1b: Amoonguss|Rage Powder|p1b: Amoonguss\n|-singleturn|p1b: Amoonguss|move: Rage Powder\n|move|p2b: Sableye|Taunt|p1b: Amoonguss\n|-start|p1b: Amoonguss|move: Taunt\n|move|p1a: Flutter Mane|Moonblast|p2b: Sableye\n|-supereffective|p2b: Sableye\n|-damage|p2b: Sableye|0 fnt\n|faint|p2b: Sableye\n|move|p2a: Goodra|Heavy Slam|p1b: Amoonguss\n|-damage|p1b: Amoonguss|55\/100\n|\n|upkeep\n|inactive|MrJu has 30 seconds left.\n|\n|t:|1700450954\n|switch|p2b: Iron Hands|Iron Hands, L50|100\/100\n|turn|3\n|\n|t:|1700450970\n|-end|p1a: Flutter Mane|Protosynthesis|[silent]\n|switch|p1a: Kingambit|Kingambit, L50, M|100\/100\n|switch|p1b: Iron Bundle|Iron Bundle, L50|100\/100\n|-enditem|p1b: Iron Bundle|Booster Energy\n|-activate|p1b: Iron Bundle|ability: Quark Drive|[fromitem]\n|-start|p1b: Iron Bundle|quarkdrivespe\n|move|p2a: Goodra|Shelter|p2a: Goodra\n|-boost|p2a: Goodra|def|2\n|move|p2b: Iron Hands|Heavy Slam|p1a: Kingambit\n|-resisted|p1a: Kingambit\n|-damage|p1a: Kingambit|88\/100\n|\n|upkeep\n|turn|4\n|\n|t:|1700450988\n|-terastallize|p1a: Kingambit|Water\n|move|p2a: Goodra|Protect|p2a: Goodra\n|-singleturn|p2a: Goodra|Protect\n|move|p1b: Iron Bundle|Freeze-Dry|p2a: Goodra\n|-activate|p2a: Goodra|move: Protect\n|move|p1a: Kingambit|Swords Dance|p1a: Kingambit\n|-boost|p1a: Kingambit|atk|2\n|move|p2b: Iron Hands|Heavy Slam|p1b: Iron Bundle\n|-damage|p1b: Iron Bundle|44\/100\n|\n|upkeep\n|turn|5\n|\n|t:|1700451010\n|move|p1b: Iron Bundle|Freeze-Dry|p2a: Goodra\n|-supereffective|p2a: Goodra\n|-damage|p2a: Goodra|57\/100\n|move|p2a: Goodra|Heavy Slam|p1b: Iron Bundle\n|-damage|p1b: Iron Bundle|0 fnt\n|faint|p1b: Iron Bundle\n|-end|p1b: Iron Bundle|Quark Drive|[silent]\n|move|p1a: Kingambit|Kowtow Cleave|p2a: Goodra\n|-damage|p2a: Goodra|11\/100\n|move|p2b: Iron Hands|Wild Charge|p1a: Kingambit\n|-supereffective|p1a: Kingambit\n|-damage|p1a: Kingambit|6\/100\n|-damage|p2b: Iron Hands|84\/100|[from] Recoil\n|\n|-heal|p2a: Goodra|17\/100|[from] item: Leftovers\n|upkeep\n|\n|t:|1700451025\n|switch|p1b: Amoonguss|Amoonguss, L50, M|88\/100\n|turn|6\n|inactive|Llort365 has 30 seconds left.\n|\n|t:|1700451050\n|move|p2a: Goodra|Protect|p2a: Goodra\n|-singleturn|p2a: Goodra|Protect\n|move|p1b: Amoonguss|Rage Powder|p1b: Amoonguss\n|-singleturn|p1b: Amoonguss|move: Rage Powder\n|move|p1a: Kingambit|Sucker Punch||[still]\n|-fail|p1a: Kingambit\n|move|p2b: Iron Hands|Drain Punch|p1b: Amoonguss\n|-resisted|p1b: Amoonguss\n|-damage|p1b: Amoonguss|70\/100\n|-heal|p2b: Iron Hands|92\/100|[from] drain|[of] p1b: Amoonguss\n|\n|-heal|p2a: Goodra|23\/100|[from] item: Leftovers\n|upkeep\n|turn|7\n|\n|t:|1700451070\n|move|p1b: Amoonguss|Rage Powder|p1b: Amoonguss\n|-singleturn|p1b: Amoonguss|move: Rage Powder\n|move|p2a: Goodra|Heavy Slam|p1b: Amoonguss\n|-damage|p1b: Amoonguss|25\/100\n|move|p1a: Kingambit|Kowtow Cleave|p2a: Goodra\n|-damage|p2a: Goodra|0 fnt\n|faint|p2a: Goodra\n|move|p2b: Iron Hands|Heavy Slam|p1b: Amoonguss\n|-damage|p1b: Amoonguss|0 fnt\n|faint|p1b: Amoonguss\n|\n|upkeep\n|\n|t:|1700451081\n|switch|p2a: Great Tusk|Great Tusk, L50|100\/100\n|switch|p1b: Flutter Mane|Flutter Mane, L50|100\/100\n|-enditem|p2a: Great Tusk|Booster Energy\n|-activate|p2a: Great Tusk|ability: Protosynthesis|[fromitem]\n|-start|p2a: Great Tusk|protosynthesisatk\n|turn|8\n|\n|t:|1700451105\n|move|p1a: Kingambit|Sucker Punch|p2b: Iron Hands\n|-resisted|p2b: Iron Hands\n|-damage|p2b: Iron Hands|62\/100\n|move|p1b: Flutter Mane|Dazzling Gleam|p2b: Iron Hands|[spread] p2a,p2b\n|-supereffective|p2a: Great Tusk\n|-supereffective|p2b: Iron Hands\n|-damage|p2a: Great Tusk|5\/100\n|-damage|p2b: Iron Hands|16\/100\n|move|p2a: Great Tusk|Ice Spinner|p1a: Kingambit\n|-resisted|p1a: Kingambit\n|-damage|p1a: Kingambit|0 fnt\n|faint|p1a: Kingambit\n|move|p2b: Iron Hands|Heavy Slam|p1b: Flutter Mane\n|-supereffective|p1b: Flutter Mane\n|-damage|p1b: Flutter Mane|0 fnt\n|faint|p1b: Flutter Mane\n|-end|p1b: Flutter Mane|Protosynthesis|[silent]\n|\n|win|MrJu\n|raw|Llort365's rating: 1101 &rarr; <strong>1079<\/strong><br \/>(-22 for losing)\n|raw|MrJu's rating: 1137 &rarr; <strong>1159<\/strong><br \/>(+22 for winning)\n|c|\u2606Llort365|gg\n","uploadtime":1700451119,"views":7,"p1id":"llort365","p2id":"mrju","formatid":"gen9vgc2023regulatione","rating":1079,"private":0,"password":""}