{"id":"gen9vgc2023regulatione-1996658422","p1":"QueenFluffyShadow","p2":"LikelyJelly","format":"[Gen 9] VGC 2023 Regulation E","log":"|j|\u2606QueenFluffyShadow\n|j|\u2606LikelyJelly\n|t:|1700706176\n|gametype|doubles\n|player|p1|QueenFluffyShadow|bellelba|1099\n|player|p2|LikelyJelly|boarder|1078\n|teamsize|p1|6\n|teamsize|p2|6\n|gen|9\n|tier|[Gen 9] VGC 2023 Regulation E\n|rated|\n|rule|Species Clause: Limit one of each Pok\u00e9mon\n|rule|Item Clause: Limit one of each item\n|clearpoke\n|poke|p1|Zorua-Hisui, L50, M|\n|poke|p1|Ogerpon-Wellspring, L50, F|\n|poke|p1|Heatran, L50, M|\n|poke|p1|Ninetales-Alola, L50, M|\n|poke|p1|Spectrier, L50|\n|poke|p1|Iron Hands, L50|\n|poke|p2|Grafaiai, L50, M|\n|poke|p2|Slaking, L50, F|\n|poke|p2|Chi-Yu, L50|\n|poke|p2|Sinistcha-Masterpiece, L50|\n|poke|p2|Roaring Moon, L50|\n|poke|p2|Gothitelle, L50, M|\n|teampreview|4\n|\n|t:|1700706212\n|start\n|switch|p1a: Spectrier|Spectrier, L50|100\/100\n|switch|p1b: Iron Hands|Iron Hands, L50|100\/100\n|switch|p2a: Grafaiai|Grafaiai, L50, M, shiny|100\/100\n|switch|p2b: Slaking|Slaking, L50, F, shiny|100\/100\n|turn|1\n|\n|t:|1700706246\n|move|p2a: Grafaiai|Protect|p2a: Grafaiai\n|-singleturn|p2a: Grafaiai|Protect\n|move|p1b: Iron Hands|Fake Out|p2a: Grafaiai\n|-activate|p2a: Grafaiai|move: Protect\n|move|p2b: Slaking|Earthquake|p1b: Iron Hands|[spread] p1a,p1b\n|-activate|p2a: Grafaiai|move: Protect\n|-supereffective|p1b: Iron Hands\n|-damage|p1a: Spectrier|50\/100\n|-damage|p1b: Iron Hands|46\/100\n|replace|p1a: Zorua|Zorua-Hisui, L50, M, shiny\n|-end|p1a: Zorua|Illusion\n|-damage|p2b: Slaking|91\/100|[from] item: Life Orb\n|move|p1a: Zorua|Will-O-Wisp|p2b: Slaking\n|-status|p2b: Slaking|brn\n|\n|-damage|p2b: Slaking|85\/100 brn|[from] brn\n|upkeep\n|turn|2\n|\n|t:|1700706272\n|move|p2a: Grafaiai|Doodle||[still]\n|-fail|p2a: Grafaiai\n|cant|p2b: Slaking|ability: Truant\n|move|p1a: Zorua|Taunt|p2a: Grafaiai\n|-start|p2a: Grafaiai|move: Taunt\n|-enditem|p2a: Grafaiai|Mental Herb\n|-end|p2a: Grafaiai|move: Taunt\n|move|p1b: Iron Hands|Drain Punch|p2b: Slaking\n|-supereffective|p2b: Slaking\n|-damage|p2b: Slaking|24\/100 brn\n|-heal|p1b: Iron Hands|74\/100|[from] drain|[of] p2b: Slaking\n|\n|-damage|p2b: Slaking|17\/100 brn|[from] brn\n|upkeep\n|turn|3\n|\n|t:|1700706301\n|move|p2a: Grafaiai|Parting Shot|p1b: Iron Hands\n|-unboost|p1b: Iron Hands|atk|1\n|-unboost|p1b: Iron Hands|spa|1\n|\n|t:|1700706306\n|switch|p2a: Roaring Moon|Roaring Moon, L50, shiny|100\/100|[from] Parting Shot\n|-enditem|p2a: Roaring Moon|Booster Energy\n|-activate|p2a: Roaring Moon|ability: Protosynthesis|[fromitem]\n|-start|p2a: Roaring Moon|protosynthesisspe\n|move|p2b: Slaking|Earthquake|p1b: Iron Hands|[spread] p2a,p1a,p1b\n|-supereffective|p1b: Iron Hands\n|-damage|p2a: Roaring Moon|76\/100\n|-damage|p1a: Zorua|26\/100\n|-damage|p1b: Iron Hands|49\/100\n|-damage|p2b: Slaking|8\/100 brn|[from] item: Life Orb\n|move|p1a: Zorua|Taunt|p2a: Roaring Moon\n|-start|p2a: Roaring Moon|move: Taunt\n|move|p1b: Iron Hands|Drain Punch|p2b: Slaking\n|-supereffective|p2b: Slaking\n|-damage|p2b: Slaking|0 fnt\n|-heal|p1b: Iron Hands|53\/100|[from] drain|[of] p2b: Slaking\n|faint|p2b: Slaking\n|\n|upkeep\n|\n|t:|1700706324\n|switch|p2b: Chi-Yu|Chi-Yu, L50|100\/100\n|-ability|p2b: Chi-Yu|Beads of Ruin\n|turn|4\n|\n|t:|1700706356\n|-end|p1b: Iron Hands|Quark Drive|[silent]\n|switch|p1b: Heatran|Heatran, L50, M|100\/100\n|-terastallize|p2a: Roaring Moon|Flying\n|move|p2a: Roaring Moon|Acrobatics|p1b: Heatran\n|-resisted|p1b: Heatran\n|-damage|p1b: Heatran|77\/100\n|move|p2b: Chi-Yu|Heat Wave|p1a: Zorua|[spread] p1a\n|-start|p1b: Heatran|ability: Flash Fire\n|-damage|p1a: Zorua|0 fnt\n|faint|p1a: Zorua\n|\n|-heal|p1b: Heatran|83\/100|[from] item: Leftovers\n|upkeep\n|\n|t:|1700706373\n|switch|p1a: Iron Hands|Iron Hands, L50|53\/100\n|turn|5\n|\n|t:|1700706398\n|move|p2b: Chi-Yu|Protect|p2b: Chi-Yu\n|-singleturn|p2b: Chi-Yu|Protect\n|move|p1a: Iron Hands|Fake Out|p2a: Roaring Moon\n|-damage|p2a: Roaring Moon|61\/100\n|cant|p2a: Roaring Moon|flinch\n|move|p1b: Heatran|Earth Power|p2b: Chi-Yu\n|-activate|p2b: Chi-Yu|move: Protect\n|\n|-heal|p1b: Heatran|88\/100|[from] item: Leftovers\n|-end|p2a: Roaring Moon|move: Taunt\n|upkeep\n|turn|6\n|\n|t:|1700706421\n|switch|p2b: Grafaiai|Grafaiai, L50, M, shiny|100\/100\n|move|p2a: Roaring Moon|Acrobatics|p1a: Iron Hands\n|-damage|p1a: Iron Hands|17\/100\n|move|p1b: Heatran|Earth Power|p2b: Grafaiai\n|-supereffective|p2b: Grafaiai\n|-damage|p2b: Grafaiai|11\/100\n|move|p1a: Iron Hands|Wild Charge|p2a: Roaring Moon\n|-supereffective|p2a: Roaring Moon\n|-damage|p2a: Roaring Moon|0 fnt\n|faint|p2a: Roaring Moon\n|-end|p2a: Roaring Moon|Protosynthesis|[silent]\n|-damage|p1a: Iron Hands|5\/100|[from] Recoil\n|\n|-heal|p1b: Heatran|94\/100|[from] item: Leftovers\n|upkeep\n|\n|t:|1700706435\n|switch|p2a: Chi-Yu|Chi-Yu, L50|100\/100\n|-ability|p2a: Chi-Yu|Beads of Ruin\n|turn|7\n|-message|LikelyJelly forfeited.\n|\n|win|QueenFluffyShadow\n|raw|QueenFluffyShadow's rating: 1099 &rarr; <strong>1123<\/strong><br \/>(+24 for winning)\n|raw|LikelyJelly's rating: 1078 &rarr; <strong>1058<\/strong><br \/>(-20 for losing)\n|l|\u2606LikelyJelly\n","uploadtime":1700706445,"views":14,"p1id":"queenfluffyshadow","p2id":"likelyjelly","formatid":"gen9vgc2023regulatione","rating":1058,"private":0,"password":""}