{"id":"gen9vgc2023regulatione-1999306748","p1":"BattleBlazikenVGC","p2":"LegnaK","format":"[Gen 9] VGC 2023 Regulation E","log":"|j|\u2606BattleBlazikenVGC\n|j|\u2606LegnaK\n|n|\u2606BattleBlazikenVGC|battleblazikenvgc\n|n|\u2606LegnaK|legnak\n|html|View the match progress at <a href=\"\/game-bestof3-gen9vgc2023regulatione-1999304575\">game-bestof3-gen9vgc2023regulatione-1999304575<\/a>\n|t:|1701057890\n|gametype|doubles\n|player|p1|BattleBlazikenVGC|ltsurge|\n|player|p2|LegnaK|colress|\n|teamsize|p1|6\n|teamsize|p2|6\n|gen|9\n|tier|[Gen 9] VGC 2023 Regulation E\n|rule|Species Clause: Limit one of each Pok\u00e9mon\n|rule|Item Clause: Limit one of each item\n|clearpoke\n|poke|p1|Drifblim, L50, M|\n|poke|p1|Clefairy, L50, F|\n|poke|p1|Dondozo, L50, F|\n|poke|p1|Tatsugiri, L50, F|\n|poke|p1|Azelf, L50|\n|poke|p1|Flamigo, L50, M|\n|poke|p2|Arcanine-Hisui, L50, F|\n|poke|p2|Ogerpon, L50, F|\n|poke|p2|Dondozo, L50, M|\n|poke|p2|Tatsugiri, L50, F|\n|poke|p2|Gholdengo, L50|\n|poke|p2|Tornadus, L50, M|\n|teampreview|4\nBattleBlazikenVGC has agreed to open team sheets.\n|\n|t:|1701057913\n|start\n|switch|p1a: Drifblim|Drifblim, L50, M|100\/100\n|switch|p1b: Tatsugiri|Tatsugiri, L50, F|100\/100\n|switch|p2a: Brutus|Arcanine-Hisui, L50, F|100\/100\n|switch|p2b: Chedda|Gholdengo, L50|100\/100\n|-ability|p2a: Brutus|Intimidate|boost\n|-unboost|p1a: Drifblim|atk|1\n|-unboost|p1b: Tatsugiri|atk|1\n|turn|1\n|\n|t:|1701057947\n|move|p1b: Tatsugiri|Muddy Water|p2b: Chedda|[spread] p2a,p2b\n|-supereffective|p2a: Brutus\n|-damage|p2a: Brutus|0 fnt\n|-damage|p2b: Chedda|67\/100\n|-unboost|p2b: Chedda|accuracy|1\n|faint|p2a: Brutus\n|move|p1a: Drifblim|Minimize|p1a: Drifblim\n|-boost|p1a: Drifblim|evasion|2\n|move|p2b: Chedda|Shadow Ball|p1a: Drifblim\n|-supereffective|p1a: Drifblim\n|-damage|p1a: Drifblim|0 fnt\n|faint|p1a: Drifblim\n|\n|-status|p1b: Tatsugiri|tox|[from] item: Toxic Orb\n|upkeep\n|c|\u2606BattleBlazikenVGC|bro what?\n|c|\u2606BattleBlazikenVGC|useless balloon\n|\n|t:|1701057966\n|switch|p1a: Dondozo|Dondozo, L50, F|100\/100\n|switch|p2a: Sushi|Tatsugiri, L50, F|100\/100\n|-activate|p1b: Tatsugiri|ability: Commander|[of] p1a: Dondozo\n|-boost|p1a: Dondozo|atk|2\n|-boost|p1a: Dondozo|spa|2\n|-boost|p1a: Dondozo|spe|2\n|-boost|p1a: Dondozo|def|2\n|-boost|p1a: Dondozo|spd|2\n|turn|2\n|\n|t:|1701058014\n|move|p2a: Sushi|Protect|p2a: Sushi\n|-singleturn|p2a: Sushi|Protect\n|move|p1a: Dondozo|Substitute|p1a: Dondozo\n|-start|p1a: Dondozo|Substitute\n|-damage|p1a: Dondozo|76\/100\n|move|p2b: Chedda|Shadow Ball|p1a: Dondozo\n|-end|p1a: Dondozo|Substitute\n|\n|-heal|p1a: Dondozo|82\/100|[from] item: Leftovers\n|-damage|p1b: Tatsugiri|95\/100 tox|[from] psn\n|upkeep\n|turn|3\n|\n|t:|1701058034\n|switch|p2b: Casterbait|Dondozo, L50, M, shiny|100\/100\n|-activate|p2a: Sushi|ability: Commander|[of] p2b: Casterbait\n|-boost|p2b: Casterbait|atk|2\n|-boost|p2b: Casterbait|spa|2\n|-boost|p2b: Casterbait|spe|2\n|-boost|p2b: Casterbait|def|2\n|-boost|p2b: Casterbait|spd|2\n|move|p1a: Dondozo|Order Up|p2a: Sushi|[miss]\n|-miss|p1a: Dondozo|p2a: Sushi\n|\n|-heal|p1a: Dondozo|88\/100|[from] item: Leftovers\n|-damage|p1b: Tatsugiri|84\/100 tox|[from] psn\n|upkeep\n|turn|4\n|\n|t:|1701058073\n|move|p1a: Dondozo|Substitute|p1a: Dondozo\n|-start|p1a: Dondozo|Substitute\n|-damage|p1a: Dondozo|63\/100\n|move|p2b: Casterbait|Order Up|p1a: Dondozo\n|-activate|p1a: Dondozo|move: Substitute|[damage]\n|-boost|p2b: Casterbait|atk|1\n|\n|-heal|p1a: Dondozo|70\/100|[from] item: Leftovers\n|-damage|p1b: Tatsugiri|67\/100 tox|[from] psn\n|upkeep\n|turn|5\n|\n|t:|1701058082\n|move|p1a: Dondozo|Order Up|p2b: Casterbait\n|-damage|p2b: Casterbait|86\/100\n|-boost|p1a: Dondozo|atk|1\n|move|p2b: Casterbait|Order Up|p1a: Dondozo\n|-end|p1a: Dondozo|Substitute\n|-boost|p2b: Casterbait|atk|1\n|\n|-heal|p1a: Dondozo|76\/100|[from] item: Leftovers\n|-heal|p2b: Casterbait|92\/100|[from] item: Leftovers\n|-damage|p1b: Tatsugiri|45\/100 tox|[from] psn\n|upkeep\n|turn|6\n|\n|t:|1701058135\n|-terastallize|p1a: Dondozo|Poison\n|move|p1a: Dondozo|Tera Blast|p2b: Casterbait|[anim] Tera Blast Poison\n|-damage|p2b: Casterbait|72\/100\n|move|p2b: Casterbait|Order Up|p1a: Dondozo\n|-damage|p1a: Dondozo|56\/100\n|-boost|p2b: Casterbait|atk|1\n|\n|-heal|p1a: Dondozo|62\/100|[from] item: Leftovers\n|-heal|p2b: Casterbait|78\/100|[from] item: Leftovers\n|-damage|p1b: Tatsugiri|17\/100 tox|[from] psn\n|upkeep\n|turn|7\n|\n|t:|1701058143\n|move|p1a: Dondozo|Tera Blast|p2b: Casterbait|[anim] Tera Blast Poison\n|-damage|p2b: Casterbait|57\/100\n|move|p2b: Casterbait|Earthquake|p1a: Dondozo|[spread] p1a\n|-miss|p2b: Casterbait|p2a: Sushi\n|-miss|p2b: Casterbait|p1b: Tatsugiri\n|-supereffective|p1a: Dondozo\n|-damage|p1a: Dondozo|25\/100\n|\n|-heal|p1a: Dondozo|31\/100|[from] item: Leftovers\n|-heal|p2b: Casterbait|64\/100|[from] item: Leftovers\n|-damage|p1b: Tatsugiri|0 fnt|[from] psn\n|faint|p1b: Tatsugiri\n|upkeep\n|\n|t:|1701058149\n|switch|p1b: Flamigo|Flamigo, L50, M|100\/100\n|-copyboost|p1b: Flamigo|p1a: Dondozo|[from] ability: Costar\n|turn|8\n|\n|t:|1701058185\n|move|p1b: Flamigo|Brave Bird|p2b: Casterbait\n|-crit|p2b: Casterbait\n|-damage|p2b: Casterbait|11\/100\n|-damage|p1b: Flamigo|72\/100|[from] Recoil\n|move|p1a: Dondozo|Substitute|p1a: Dondozo\n|-start|p1a: Dondozo|Substitute\n|-damage|p1a: Dondozo|7\/100\n|move|p2b: Casterbait|Wave Crash|p1b: Flamigo\n|-damage|p1b: Flamigo|0 fnt\n|faint|p1b: Flamigo\n|-damage|p2b: Casterbait|0 fnt|[from] Recoil\n|faint|p2b: Casterbait\n|\n|-heal|p1a: Dondozo|13\/100|[from] item: Leftovers\n|upkeep\n|\n|t:|1701058193\n|switch|p2b: Chedda|Gholdengo, L50|67\/100\n|turn|9\n|\n|t:|1701058202\n|move|p1a: Dondozo|Earthquake|p2a: Sushi|[spread] p2a,p2b\n|-supereffective|p2b: Chedda\n|-damage|p2a: Sushi|15\/100\n|-damage|p2b: Chedda|0 fnt\n|faint|p2b: Chedda\n|move|p2a: Sushi|Draco Meteor|p1a: Dondozo\n|-end|p1a: Dondozo|Substitute\n|-unboost|p2a: Sushi|spa|2\n|\n|-heal|p1a: Dondozo|19\/100|[from] item: Leftovers\n|upkeep\n|turn|10\n|\n|t:|1701058218\n|move|p1a: Dondozo|Tera Blast|p2a: Sushi|[anim] Tera Blast Poison\n|-damage|p2a: Sushi|0 fnt\n|faint|p2a: Sushi\n|\n|win|BattleBlazikenVGC\n|c|&|\/uhtml prompt-legnak,LegnaK is ready for game 3!\n|c|&|\/uhtml prompt-battleblazikenvgc,BattleBlazikenVGC is ready for game 3!\nBoth players are ready! Starting next match!\n|l|\u2606LegnaK\n","uploadtime":1701058426,"views":2,"p1id":"battleblazikenvgc","p2id":"legnak","formatid":"gen9vgc2023regulatione","rating":0,"private":0,"password":""}