{"id":"gen9vgc2023regulatione-1995659893","p1":"VeeGey","p2":"Gutts1","format":"[Gen 9] VGC 2023 Regulation E","log":"|j|\u2606VeeGey\n|j|\u2606Gutts1\n|t:|1700591619\n|gametype|doubles\n|player|p1|VeeGey|crasherwake|1050\n|player|p2|Gutts1|265|1128\n|teamsize|p1|6\n|teamsize|p2|6\n|gen|9\n|tier|[Gen 9] VGC 2023 Regulation E\n|rated|\n|rule|Species Clause: Limit one of each Pok\u00e9mon\n|rule|Item Clause: Limit one of each item\n|clearpoke\n|poke|p1|Meowscarada, L50, F|\n|poke|p1|Tauros-Paldea-Blaze, L50, M|\n|poke|p1|Corviknight, L50, F|\n|poke|p1|Stantler, L50, M|\n|poke|p1|Urshifu-*, L50, M|\n|poke|p1|Inteleon, L50, M|\n|poke|p2|Ursaluna-Bloodmoon, L50, M|\n|poke|p2|Sinistcha, L50|\n|poke|p2|Mimikyu, L50, M|\n|poke|p2|Cresselia, L50, F|\n|poke|p2|Milotic, L50, F|\n|poke|p2|Moltres-Galar, L50|\n|teampreview|4\n|inactive|Battle timer is ON: inactive players will automatically lose when time's up. (requested by VeeGey)\nGutts1 rejected open team sheets.\n|inactive|VeeGey has 60 seconds left.\n|\n|t:|1700591650\n|start\n|switch|p1a: Meowscarada|Meowscarada, L50, F|100\/100\n|switch|p1b: Tauros|Tauros-Paldea-Blaze, L50, M|100\/100\n|switch|p2a: Milotic|Milotic, L50, F|100\/100\n|switch|p2b: Cresselia|Cresselia, L50, F|100\/100\n|turn|1\n|\n|t:|1700591666\n|move|p1a: Meowscarada|Flower Trick|p1b: Tauros\n|-start|p1a: Meowscarada|typechange|Grass|[from] ability: Protean\n|-resisted|p1b: Tauros\n|-crit|p1b: Tauros\n|-damage|p1b: Tauros|76\/100\n|-setboost|p1b: Tauros|atk|6|[from] ability: Anger Point\n|-enditem|p1b: Tauros|Kee Berry|[eat]\n|-boost|p1b: Tauros|def|1|[from] item: Kee Berry\n|move|p1b: Tauros|Double Kick|p2a: Milotic\n|-damage|p2a: Milotic|45\/100\n|-damage|p2a: Milotic|0 fnt\n|faint|p2a: Milotic\n|-hitcount|p2: Milotic|2\n|move|p2b: Cresselia|Trick Room|p2b: Cresselia\n|-fieldstart|move: Trick Room|[of] p2b: Cresselia\n|\n|upkeep\n|\n|t:|1700591681\n|switch|p2a: Ursaluna|Ursaluna-Bloodmoon, L50, M|100\/100\n|turn|2\n|\n|t:|1700591705\n|move|p2b: Cresselia|Helping Hand|p2a: Ursaluna\n|-singleturn|p2a: Ursaluna|Helping Hand|[of] p2b: Cresselia\n|move|p1b: Tauros|Protect|p1b: Tauros\n|-singleturn|p1b: Tauros|Protect\n|move|p2a: Ursaluna|Hyper Voice|p1b: Tauros|[spread] p1a\n|-activate|p1b: Tauros|move: Protect\n|-damage|p1a: Meowscarada|39\/100\n|-enditem|p2a: Ursaluna|Throat Spray\n|-boost|p2a: Ursaluna|spa|1|[from] item: Throat Spray\n|move|p1a: Meowscarada|Flower Trick|p2a: Ursaluna\n|-supereffective|p2a: Ursaluna\n|-crit|p2a: Ursaluna\n|-damage|p2a: Ursaluna|49\/100\n|\n|upkeep\n|turn|3\n|\n|t:|1700591733\n|-terastallize|p2a: Ursaluna|Normal\n|move|p1a: Meowscarada|Sucker Punch||[still]\n|-fail|p1a: Meowscarada\n|move|p2a: Ursaluna|Blood Moon|p1b: Tauros\n|-crit|p1b: Tauros\n|-damage|p1b: Tauros|0 fnt\n|faint|p1b: Tauros\n|move|p2b: Cresselia|Lunar Blessing|p2b: Cresselia|[spread] p2a,p2b\n|-heal|p2a: Ursaluna|74\/100\n|\n|upkeep\n|\n|t:|1700591736\n|switch|p1b: Corviknight|Corviknight, L50, F|100\/100\n|-ability|p1b: Corviknight|Pressure\n|turn|4\n|inactive|Gutts1 has 30 seconds left.\n|\n|t:|1700591769\n|move|p2a: Ursaluna|Hyper Voice|p1a: Meowscarada|[spread] p1a,p1b\n|-resisted|p1b: Corviknight\n|-damage|p1a: Meowscarada|0 fnt\n|-damage|p1b: Corviknight|62\/100\n|faint|p1a: Meowscarada\n|move|p2b: Cresselia|Lunar Blessing|p2b: Cresselia|[spread] p2a,p2b\n|-heal|p2a: Ursaluna|99\/100\n|move|p1b: Corviknight|Iron Defense|p1b: Corviknight\n|-boost|p1b: Corviknight|def|2\n|\n|-heal|p1b: Corviknight|68\/100|[from] item: Leftovers\n|upkeep\n|\n|t:|1700591782\n|switch|p1a: Urshifu|Urshifu, L50, M|100\/100\n|turn|5\n|inactive|Gutts1 has 30 seconds left.\n|\n|t:|1700591808\n|move|p2b: Cresselia|Helping Hand|p2a: Ursaluna\n|-singleturn|p2a: Ursaluna|Helping Hand|[of] p2b: Cresselia\n|move|p2a: Ursaluna|Blood Moon|p1a: Urshifu\n|-damage|p1a: Urshifu|0 fnt\n|faint|p1a: Urshifu\n|move|p1b: Corviknight|Body Press|p2a: Ursaluna\n|-supereffective|p2a: Ursaluna\n|-damage|p2a: Ursaluna|28\/100\n|\n|-heal|p1b: Corviknight|74\/100|[from] item: Leftovers\n|-fieldend|move: Trick Room\n|upkeep\n|turn|6\n|\n|t:|1700591823\n|move|p2a: Ursaluna|Protect|p2a: Ursaluna\n|-singleturn|p2a: Ursaluna|Protect\n|move|p1b: Corviknight|Body Press|p2a: Ursaluna\n|-activate|p2a: Ursaluna|move: Protect\n|move|p2b: Cresselia|Trick Room|p2b: Cresselia\n|-fieldstart|move: Trick Room|[of] p2b: Cresselia\n|\n|-heal|p1b: Corviknight|80\/100|[from] item: Leftovers\n|upkeep\n|turn|7\n|inactive|Gutts1 has 30 seconds left.\n|\n|t:|1700591856\n|switch|p2b: Sinistcha|Sinistcha, L50|100\/100\n|-heal|p2a: Ursaluna|53\/100|[from] ability: Hospitality|[of] p2b: Sinistcha\n|move|p2a: Ursaluna|Protect||[still]\n|-fail|p2a: Ursaluna\n|move|p1b: Corviknight|Body Press|p2a: Ursaluna\n|-supereffective|p2a: Ursaluna\n|-damage|p2a: Ursaluna|0 fnt\n|faint|p2a: Ursaluna\n|\n|-heal|p1b: Corviknight|85\/100|[from] item: Leftovers\n|upkeep\n|-message|Gutts1 forfeited.\n|\n|win|VeeGey\n|raw|VeeGey's rating: 1050 &rarr; <strong>1090<\/strong><br \/>(+40 for winning)\n|raw|Gutts1's rating: 1128 &rarr; <strong>1097<\/strong><br \/>(-31 for losing)\n|l|\u2606Gutts1\n","uploadtime":1700591880,"views":0,"p1id":"veegey","p2id":"gutts1","formatid":"gen9vgc2023regulatione","rating":1090,"private":0,"password":""}