{"id":"gen9vgc2023regulatione-1993580898","p1":"Testingmood","p2":"QrdeJegoMac","format":"[Gen 9] VGC 2023 Regulation E","log":"|j|\u2606Testingmood\n|j|\u2606QrdeJegoMac\n|t:|1700334046\n|gametype|doubles\n|player|p1|Testingmood|gambler|1458\n|player|p2|QrdeJegoMac|101|1553\n|teamsize|p1|6\n|teamsize|p2|6\n|gen|9\n|tier|[Gen 9] VGC 2023 Regulation E\n|rated|\n|rule|Species Clause: Limit one of each Pok\u00e9mon\n|rule|Item Clause: Limit one of each item\n|clearpoke\n|poke|p1|Flutter Mane, L50|\n|poke|p1|Landorus-Therian, L50, M|\n|poke|p1|Roaring Moon, L50|\n|poke|p1|Iron Hands, L50|\n|poke|p1|Amoonguss, L50, M|\n|poke|p1|Heatran, L50, M|\n|poke|p2|Ogerpon-Hearthflame, L50, F|\n|poke|p2|Urshifu-*, L50, M|\n|poke|p2|Tornadus, L50, M|\n|poke|p2|Landorus-Therian, L50, M|\n|poke|p2|Flutter Mane, L50|\n|poke|p2|Kingambit, L50, M|\n|teampreview|4\n|inactive|Battle timer is ON: inactive players will automatically lose when time's up. (requested by QrdeJegoMac)\n|inactive|Testingmood has 60 seconds left.\nQrdeJegoMac has agreed to open team sheets.\n|inactive|Testingmood has 30 seconds left.\n|\n|t:|1700334110\n|start\n|switch|p1a: Iron Hands|Iron Hands, L50, shiny|100\/100\n|switch|p1b: Flutter Mane|Flutter Mane, L50, shiny|100\/100\n|switch|p2a: Flutter Mane|Flutter Mane, L50|100\/100\n|switch|p2b: Tornadus|Tornadus, L50, M|100\/100\n|turn|1\n|inactive|QrdeJegoMac has 30 seconds left.\n|\n|t:|1700334139\n|-end|p1b: Flutter Mane|Protosynthesis|[silent]\n|switch|p1b: Amoonguss|Amoonguss, L50, M, shiny|100\/100\n|move|p2b: Tornadus|Taunt|p1b: Amoonguss\n|-start|p1b: Amoonguss|move: Taunt\n|move|p2a: Flutter Mane|Dazzling Gleam|p1b: Amoonguss|[spread] p1a,p1b\n|-supereffective|p1a: Iron Hands\n|-resisted|p1b: Amoonguss\n|-damage|p1a: Iron Hands|54\/100\n|-damage|p1b: Amoonguss|81\/100\n|move|p1a: Iron Hands|Heavy Slam|p2a: Flutter Mane\n|-supereffective|p2a: Flutter Mane\n|-damage|p2a: Flutter Mane|0 fnt\n|faint|p2a: Flutter Mane\n|-end|p2a: Flutter Mane|Protosynthesis|[silent]\n|\n|upkeep\n|\n|t:|1700334151\n|switch|p2a: Ogerpon|Ogerpon-Hearthflame, L50, F|100\/100\n|-ability|p2a: Ogerpon|Mold Breaker\n|turn|2\n|inactive|Testingmood has 30 seconds left.\n|\n|t:|1700334181\n|-terastallize|p1b: Amoonguss|Water\n|move|p2a: Ogerpon|Ivy Cudgel|p1a: Iron Hands|[anim] Ivy Cudgel Fire\n|-damage|p1a: Iron Hands|12\/100\n|move|p2b: Tornadus|Bleakwind Storm|p1a: Iron Hands|[spread] p1a\n|-miss|p2b: Tornadus|p1b: Amoonguss\n|-damage|p1a: Iron Hands|0 fnt\n|faint|p1a: Iron Hands\n|-end|p1a: Iron Hands|Quark Drive|[silent]\n|move|p1b: Amoonguss|Pollen Puff|p1: Iron Hands|[notarget]\n|-fail|p1b: Amoonguss\n|\n|upkeep\n|\n|t:|1700334193\n|switch|p1a: Landorus|Landorus-Therian, L50, M, shiny|100\/100\n|-ability|p1a: Landorus|Intimidate|boost\n|-unboost|p2a: Ogerpon|atk|1\n|-unboost|p2b: Tornadus|atk|1\n|turn|3\n|\n|t:|1700334212\n|switch|p2a: Landorus|Landorus-Therian, L50, M|100\/100\n|-ability|p2a: Landorus|Intimidate|boost\n|-unboost|p1a: Landorus|atk|1\n|-unboost|p1b: Amoonguss|atk|1\n|move|p2b: Tornadus|Tailwind|p2b: Tornadus\n|-sidestart|p2: QrdeJegoMac|move: Tailwind\n|move|p1a: Landorus|Rock Slide|p2a: Landorus|[spread] p2a,p2b\n|-supereffective|p2b: Tornadus\n|-damage|p2a: Landorus|85\/100\n|-damage|p2b: Tornadus|66\/100\n|move|p1b: Amoonguss|Pollen Puff|p1a: Landorus\n|-immune|p1a: Landorus\n|\n|-end|p1b: Amoonguss|move: Taunt\n|upkeep\n|turn|4\n|j| randy.zhang2023\n|inactive|Testingmood has 30 seconds left.\n|\n|t:|1700334242\n|move|p2b: Tornadus|Taunt|p1b: Amoonguss\n|-start|p1b: Amoonguss|move: Taunt\n|move|p2a: Landorus|U-turn|p1a: Landorus\n|-resisted|p1a: Landorus\n|-damage|p1a: Landorus|86\/100\n|\n|t:|1700334246\n|switch|p2a: Ogerpon|Ogerpon-Hearthflame, L50, F|100\/100|[from] U-turn\n|-ability|p2a: Ogerpon|Mold Breaker\n|move|p1a: Landorus|Rock Slide|p2a: Ogerpon|[spread] p2a\n|-miss|p1a: Landorus|p2b: Tornadus\n|-supereffective|p2a: Ogerpon\n|-damage|p2a: Ogerpon|73\/100\n|cant|p1b: Amoonguss|move: Taunt|Spore\n|\n|upkeep\n|turn|5\n|\n|t:|1700334262\n|switch|p2b: Landorus|Landorus-Therian, L50, M|85\/100\n|-ability|p2b: Landorus|Intimidate|boost\n|-unboost|p1a: Landorus|atk|1\n|-unboost|p1b: Amoonguss|atk|1\n|switch|p1a: Flutter Mane|Flutter Mane, L50, shiny|100\/100\n|-terastallize|p2a: Ogerpon|Fire\n|detailschange|p2a: Ogerpon|Ogerpon-Hearthflame-Tera, L50, F, tera:Fire\n|-ability|p2a: Ogerpon|Embody Aspect (Hearthflame)|boost\n|-boost|p2a: Ogerpon|atk|1\n|move|p2a: Ogerpon|Horn Leech|p1a: Flutter Mane\n|-damage|p1a: Flutter Mane|0 fnt\n|-heal|p2a: Ogerpon|100\/100|[from] drain|[of] p1a: Flutter Mane\n|faint|p1a: Flutter Mane\n|-end|p1a: Flutter Mane|Protosynthesis|[silent]\n|move|p1b: Amoonguss|Pollen Puff|p2a: Ogerpon\n|-resisted|p2a: Ogerpon\n|-damage|p2a: Ogerpon|92\/100\n|\n|upkeep\n|\n|t:|1700334274\n|switch|p1a: Landorus|Landorus-Therian, L50, M, shiny|86\/100\n|-ability|p1a: Landorus|Intimidate|boost\n|-unboost|p2a: Ogerpon|atk|1\n|-unboost|p2b: Landorus|atk|1\n|turn|6\n|\n|t:|1700334284\n|move|p2b: Landorus|U-turn|p1a: Landorus\n|-resisted|p1a: Landorus\n|-damage|p1a: Landorus|77\/100\n|\n|t:|1700334285\n|switch|p2b: Tornadus|Tornadus, L50, M|66\/100|[from] U-turn\n|move|p2a: Ogerpon|Horn Leech|p1b: Amoonguss\n|-supereffective|p1b: Amoonguss\n|-damage|p1b: Amoonguss|10\/100\n|-heal|p2a: Ogerpon|100\/100|[from] drain|[of] p1b: Amoonguss\n|-damage|p2a: Ogerpon|84\/100|[from] item: Rocky Helmet|[of] p1b: Amoonguss\n|move|p1a: Landorus|Rock Slide|p2b: Tornadus|[spread] p2a,p2b\n|-supereffective|p2a: Ogerpon\n|-supereffective|p2b: Tornadus\n|-damage|p2a: Ogerpon|41\/100\n|-damage|p2b: Tornadus|19\/100\n|move|p1b: Amoonguss|Pollen Puff|p1a: Landorus\n|-heal|p1a: Landorus|100\/100\n|\n|-end|p1b: Amoonguss|move: Taunt\n|-sideend|p2: QrdeJegoMac|move: Tailwind\n|upkeep\n|turn|7\n|j| Guido131\n|\n|t:|1700334304\n|switch|p2a: Landorus|Landorus-Therian, L50, M|85\/100\n|-ability|p2a: Landorus|Intimidate|boost\n|-unboost|p1a: Landorus|atk|1\n|-unboost|p1b: Amoonguss|atk|1\n|move|p1b: Amoonguss|Protect|p1b: Amoonguss\n|-singleturn|p1b: Amoonguss|Protect\n|move|p2b: Tornadus|Tailwind|p2b: Tornadus\n|-sidestart|p2: QrdeJegoMac|move: Tailwind\n|move|p1a: Landorus|Rock Slide|p2b: Tornadus|[spread] p2a,p2b\n|-supereffective|p2b: Tornadus\n|-damage|p2a: Landorus|67\/100\n|-damage|p2b: Tornadus|0 fnt\n|faint|p2b: Tornadus\n|\n|upkeep\n|\n|t:|1700334308\n|switch|p2b: Ogerpon|Ogerpon-Hearthflame-Tera, L50, F, tera:Fire|41\/100\n|-ability|p2b: Ogerpon|Embody Aspect (Hearthflame)|boost\n|-boost|p2b: Ogerpon|atk|1\n|turn|8\n|\n|t:|1700334319\n|move|p1b: Amoonguss|Rage Powder|p1b: Amoonguss\n|-singleturn|p1b: Amoonguss|move: Rage Powder\n|move|p2a: Landorus|Rock Slide|p1b: Amoonguss|[spread] p1a,p1b\n|-damage|p1a: Landorus|80\/100\n|-damage|p1b: Amoonguss|0 fnt\n|faint|p1b: Amoonguss\n|move|p2b: Ogerpon|Horn Leech|p1a: Landorus\n|-damage|p1a: Landorus|10\/100\n|-heal|p2b: Ogerpon|76\/100|[from] drain|[of] p1a: Landorus\n|-enditem|p1a: Landorus|Sitrus Berry|[eat]\n|-heal|p1a: Landorus|35\/100|[from] item: Sitrus Berry\n|move|p1a: Landorus|Stomping Tantrum|p2b: Ogerpon\n|-supereffective|p2b: Ogerpon\n|-damage|p2b: Ogerpon|14\/100\n|\n|upkeep\n|turn|9\n|-message|Testingmood forfeited.\n|\n|win|QrdeJegoMac\n|raw|Testingmood's rating: 1458 &rarr; <strong>1443<\/strong><br \/>(-15 for losing)\n|raw|QrdeJegoMac's rating: 1553 &rarr; <strong>1568<\/strong><br \/>(+15 for winning)\n|l|\u2606Testingmood\n","uploadtime":1700334344,"views":12,"p1id":"testingmood","p2id":"qrdejegomac","formatid":"gen9vgc2023regulatione","rating":1443,"private":0,"password":""}