{"id":"gen9vgc2023regulatione-1998740064","p1":"Dr. Ausar The Vile","p2":"PieRatVGC","format":"[Gen 9] VGC 2023 Regulation E","log":"|j|\u2606Dr. Ausar The Vile\n|j|\u2606PieRatVGC\n|t:|1700981118\n|gametype|doubles\n|player|p1|Dr. Ausar The Vile|169|1115\n|player|p2|PieRatVGC|170|1212\n|teamsize|p1|5\n|teamsize|p2|6\n|gen|9\n|tier|[Gen 9] VGC 2023 Regulation E\n|rated|\n|rule|Species Clause: Limit one of each Pok\u00e9mon\n|rule|Item Clause: Limit one of each item\n|clearpoke\n|poke|p1|Flutter Mane, L50|\n|poke|p1|Heatran, L50, F|\n|poke|p1|Iron Hands, L50|\n|poke|p1|Roaring Moon, L50|\n|poke|p1|Urshifu-*, L50, M|\n|poke|p2|Sinistcha, L50|\n|poke|p2|Enamorus, L50, F|\n|poke|p2|Tornadus, L50, M|\n|poke|p2|Farigiraf, L50, M|\n|poke|p2|Chien-Pao, L50|\n|poke|p2|Ogerpon-Wellspring, L50, F|\n|teampreview|4\n|inactive|Battle timer is ON: inactive players will automatically lose when time's up. (requested by Dr. Ausar The Vile)\nDr. Ausar The Vile rejected open team sheets.\n|inactive|PieRatVGC has 60 seconds left.\n|\n|t:|1700981160\n|start\n|switch|p1a: Flutter Mane|Flutter Mane, L50|100\/100\n|switch|p1b: Iron Hands|Iron Hands, L50, shiny|100\/100\n|switch|p2a: Enamorus|Enamorus, L50, F|100\/100\n|switch|p2b: Tornadus|Tornadus, L50, M|100\/100\n|turn|1\n|inactive|Dr. Ausar The Vile has 30 seconds left.\n|\n|t:|1700981188\n|-terastallize|p2a: Enamorus|Fire\n|move|p2b: Tornadus|Tailwind|p2b: Tornadus\n|-sidestart|p2: PieRatVGC|move: Tailwind\n|move|p2a: Enamorus|Iron Head|p1a: Flutter Mane\n|-supereffective|p1a: Flutter Mane\n|-enditem|p1a: Flutter Mane|Focus Sash\n|-damage|p1a: Flutter Mane|1\/100\n|-damage|p2a: Enamorus|91\/100|[from] item: Life Orb\n|move|p1a: Flutter Mane|Calm Mind|p1a: Flutter Mane\n|-boost|p1a: Flutter Mane|spa|1\n|-boost|p1a: Flutter Mane|spd|1\n|move|p1b: Iron Hands|Swords Dance|p1b: Iron Hands\n|-boost|p1b: Iron Hands|atk|2\n|\n|upkeep\n|turn|2\n|inactive|Dr. Ausar The Vile has 30 seconds left.\n|\n|t:|1700981221\n|move|p2b: Tornadus|Bleakwind Storm|p1b: Iron Hands|[spread] p1a,p1b\n|-damage|p1a: Flutter Mane|0 fnt\n|-damage|p1b: Iron Hands|70\/100\n|faint|p1a: Flutter Mane\n|-end|p1a: Flutter Mane|Protosynthesis|[silent]\n|move|p2a: Enamorus|Play Rough|p1b: Iron Hands\n|-supereffective|p1b: Iron Hands\n|-damage|p1b: Iron Hands|8\/100\n|-damage|p2a: Enamorus|82\/100|[from] item: Life Orb\n|move|p1b: Iron Hands|Ice Punch|p2b: Tornadus\n|-supereffective|p2b: Tornadus\n|-damage|p2b: Tornadus|0 fnt\n|faint|p2b: Tornadus\n|\n|upkeep\n|\n|t:|1700981242\n|switch|p1a: Heatran|Heatran, L50, F, shiny|100\/100\n|switch|p2b: Ogerpon|Ogerpon-Wellspring, L50, F|100\/100\n|turn|3\n|\n|t:|1700981260\n|move|p2b: Ogerpon|Spiky Shield|p2b: Ogerpon\n|-singleturn|p2b: Ogerpon|move: Protect\n|move|p2a: Enamorus|Protect|p2a: Enamorus\n|-singleturn|p2a: Enamorus|Protect\n|move|p1a: Heatran|Earth Power|p2a: Enamorus\n|-activate|p2a: Enamorus|move: Protect\n|move|p1b: Iron Hands|Thunder Punch|p2b: Ogerpon\n|-activate|p2b: Ogerpon|move: Protect\n|\n|upkeep\n|turn|4\n|inactive|Dr. Ausar The Vile has 30 seconds left.\n|\n|t:|1700981292\n|move|p2b: Ogerpon|Follow Me|p2b: Ogerpon\n|-singleturn|p2b: Ogerpon|move: Follow Me\n|move|p2a: Enamorus|Superpower|p1b: Iron Hands\n|-damage|p1b: Iron Hands|0 fnt\n|-boost|p2a: Enamorus|atk|1\n|-boost|p2a: Enamorus|def|1\n|faint|p1b: Iron Hands\n|-end|p1b: Iron Hands|Quark Drive|[silent]\n|-damage|p2a: Enamorus|72\/100|[from] item: Life Orb\n|move|p1a: Heatran|Earth Power|p2b: Ogerpon\n|-resisted|p2b: Ogerpon\n|-damage|p2b: Ogerpon|83\/100\n|\n|-sideend|p2: PieRatVGC|move: Tailwind\n|upkeep\n|\n|t:|1700981305\n|switch|p1b: Roaring Moon|Roaring Moon, L50|100\/100\n|-enditem|p1b: Roaring Moon|Booster Energy\n|-activate|p1b: Roaring Moon|ability: Protosynthesis|[fromitem]\n|-start|p1b: Roaring Moon|protosynthesisatk\n|turn|5\n|inactive|Dr. Ausar The Vile has 30 seconds left.\n|\n|t:|1700981333\n|move|p2b: Ogerpon|Spiky Shield|p2b: Ogerpon\n|-singleturn|p2b: Ogerpon|move: Protect\n|move|p2a: Enamorus|Protect|p2a: Enamorus\n|-singleturn|p2a: Enamorus|Protect\n|move|p1b: Roaring Moon|Dragon Dance|p1b: Roaring Moon\n|-boost|p1b: Roaring Moon|atk|1\n|-boost|p1b: Roaring Moon|spe|1\n|move|p1a: Heatran|Earth Power|p2a: Enamorus\n|-activate|p2a: Enamorus|move: Protect\n|\n|upkeep\n|turn|6\n|inactive|PieRatVGC has 30 seconds left.\n|\n|t:|1700981364\n|-terastallize|p1b: Roaring Moon|Flying\n|move|p2b: Ogerpon|Follow Me|p2b: Ogerpon\n|-singleturn|p2b: Ogerpon|move: Follow Me\n|move|p1b: Roaring Moon|Acrobatics|p2b: Ogerpon\n|-supereffective|p2b: Ogerpon\n|-damage|p2b: Ogerpon|0 fnt\n|faint|p2b: Ogerpon\n|move|p2a: Enamorus|Superpower|p1a: Heatran\n|-supereffective|p1a: Heatran\n|-damage|p1a: Heatran|0 fnt\n|-boost|p2a: Enamorus|atk|1\n|-boost|p2a: Enamorus|def|1\n|faint|p1a: Heatran\n|-damage|p2a: Enamorus|63\/100|[from] item: Life Orb\n|\n|upkeep\n|\n|t:|1700981378\n|switch|p2b: Farigiraf|Farigiraf, L50, M|100\/100\n|turn|7\n|\n|t:|1700981387\n|move|p2a: Enamorus|Protect|p2a: Enamorus\n|-singleturn|p2a: Enamorus|Protect\n|move|p1b: Roaring Moon|Acrobatics|p2a: Enamorus\n|-activate|p2a: Enamorus|move: Protect\n|move|p2b: Farigiraf|Trick Room|p2b: Farigiraf\n|-fieldstart|move: Trick Room|[of] p2b: Farigiraf\n|\n|upkeep\n|turn|8\n|\n|t:|1700981402\n|move|p2b: Farigiraf|Helping Hand|p2a: Enamorus\n|-singleturn|p2a: Enamorus|Helping Hand|[of] p2b: Farigiraf\n|move|p2a: Enamorus|Play Rough|p1b: Roaring Moon|[miss]\n|-miss|p2a: Enamorus|p1b: Roaring Moon\n|move|p1b: Roaring Moon|Jaw Lock|p2b: Farigiraf\n|-supereffective|p2b: Farigiraf\n|-damage|p2b: Farigiraf|0 fnt\n|faint|p2b: Farigiraf\n|\n|upkeep\n|turn|9\n|\n|t:|1700981414\n|move|p2a: Enamorus|Play Rough|p1b: Roaring Moon\n|-damage|p1b: Roaring Moon|0 fnt\n|faint|p1b: Roaring Moon\n|-end|p1b: Roaring Moon|Protosynthesis|[silent]\n|-damage|p2a: Enamorus|53\/100|[from] item: Life Orb\n|\n|win|PieRatVGC\n|raw|Dr. Ausar The Vile's rating: 1115 &rarr; <strong>1097<\/strong><br \/>(-18 for losing)\n|raw|PieRatVGC's rating: 1212 &rarr; <strong>1230<\/strong><br \/>(+18 for winning)\n|l|\u2606Dr. Ausar The Vile\n","uploadtime":1700981428,"views":27,"p1id":"drausarthevile","p2id":"pieratvgc","formatid":"gen9vgc2023regulatione","rating":1097,"private":0,"password":""}