{"id":"gen9vgc2023regulatione-1988840087","p1":"Broccoli Soup","p2":"Cheeseless","format":"[Gen 9] VGC 2023 Regulation E","log":"|j|\u2606Broccoli Soup\n|j|\u203dCheeseless\n|t:|1699771425\n|gametype|doubles\n|player|p1|Broccoli Soup|preschooler|1456\n|player|p2|Cheeseless|acetrainerf-gen4dp|1475\n|teamsize|p1|6\n|teamsize|p2|6\n|gen|9\n|tier|[Gen 9] VGC 2023 Regulation E\n|rated|\n|rule|Species Clause: Limit one of each Pok\u00e9mon\n|rule|Item Clause: Limit one of each item\n|clearpoke\n|poke|p1|Ogerpon-Hearthflame, L50, F|\n|poke|p1|Chien-Pao, L50|\n|poke|p1|Urshifu-*, L50, F|\n|poke|p1|Gholdengo, L50|\n|poke|p1|Rillaboom, L50, F|\n|poke|p1|Roaring Moon, L50|\n|poke|p2|Indeedee-F, L50, F|\n|poke|p2|Armarouge, L50, M|\n|poke|p2|Sylveon, L50, M|\n|poke|p2|Ursaluna, L50, F|\n|poke|p2|Urshifu-*, L50, M|\n|poke|p2|Torkoal, L50, M|\n|teampreview|4\n|inactive|Battle timer is ON: inactive players will automatically lose when time's up. (requested by Cheeseless)\n|inactive|Broccoli Soup also wants the timer to be on.\nBroccoli Soup has agreed to open team sheets.\n|inactive|Broccoli Soup has 60 seconds left.\n|\n|t:|1699771467\n|start\n|switch|p1a: Hydrogen Bomb|Gholdengo, L50|100\/100\n|switch|p1b: RUBL at best|Chien-Pao, L50|100\/100\n|switch|p2a: Indeedee|Indeedee-F, L50, F|100\/100\n|switch|p2b: Armarouge|Armarouge, L50, M|100\/100\n|-ability|p1b: RUBL at best|Sword of Ruin\n|-fieldstart|move: Psychic Terrain|[from] ability: Psychic Surge|[of] p2a: Indeedee\n|-enditem|p2a: Indeedee|Psychic Seed\n|-boost|p2a: Indeedee|spd|1|[from] item: Psychic Seed\n|turn|1\n|inactive|Cheeseless has 30 seconds left.\n|\n|t:|1699771500\n|move|p2a: Indeedee|Follow Me|p2a: Indeedee\n|-singleturn|p2a: Indeedee|move: Follow Me\n|move|p1b: RUBL at best|Icicle Crash|p2a: Indeedee\n|-damage|p2a: Indeedee|51\/100\n|move|p1a: Hydrogen Bomb|Make It Rain|p2b: Armarouge|[spread] p2a,p2b\n|-resisted|p2b: Armarouge\n|-damage|p2a: Indeedee|2\/100\n|-damage|p2b: Armarouge|58\/100\n|-unboost|p1a: Hydrogen Bomb|spa|1\n|move|p2b: Armarouge|Heat Wave|p1b: RUBL at best|[spread] p1a,p1b\n|-supereffective|p1a: Hydrogen Bomb\n|-supereffective|p1b: RUBL at best\n|-damage|p1a: Hydrogen Bomb|2\/100\n|-enditem|p1b: RUBL at best|Focus Sash\n|-damage|p1b: RUBL at best|1\/100\n|\n|upkeep\n|turn|2\n|inactive|Cheeseless has 30 seconds left.\n|\n|t:|1699771531\n|move|p1b: RUBL at best|Protect|p1b: RUBL at best\n|-singleturn|p1b: RUBL at best|Protect\n|move|p2a: Indeedee|Follow Me|p2a: Indeedee\n|-singleturn|p2a: Indeedee|move: Follow Me\n|move|p1a: Hydrogen Bomb|Make It Rain|p2b: Armarouge|[spread] p2a,p2b\n|-resisted|p2b: Armarouge\n|-damage|p2a: Indeedee|0 fnt\n|-damage|p2b: Armarouge|33\/100\n|-unboost|p1a: Hydrogen Bomb|spa|1\n|faint|p2a: Indeedee\n|move|p2b: Armarouge|Trick Room|p2b: Armarouge\n|-fieldstart|move: Trick Room|[of] p2b: Armarouge\n|\n|upkeep\n|\n|t:|1699771542\n|switch|p2a: Sylveon|Sylveon, L50, M|100\/100\n|turn|3\n|\n|t:|1699771553\n|switch|p1b: WE RILLABACK|Rillaboom, L50, F|100\/100\n|-fieldstart|move: Grassy Terrain|[from] ability: Grassy Surge|[of] p1b: WE RILLABACK\n|move|p2a: Sylveon|Hyper Voice|p1a: Hydrogen Bomb|[spread] p1a,p1b\n|-resisted|p1a: Hydrogen Bomb\n|-damage|p1a: Hydrogen Bomb|0 fnt\n|-damage|p1b: WE RILLABACK|71\/100\n|faint|p1a: Hydrogen Bomb\n|-enditem|p2a: Sylveon|Throat Spray\n|-boost|p2a: Sylveon|spa|1|[from] item: Throat Spray\n|move|p2b: Armarouge|Heat Wave|p1b: WE RILLABACK\n|-supereffective|p1b: WE RILLABACK\n|-damage|p1b: WE RILLABACK|0 fnt\n|faint|p1b: WE RILLABACK\n|\n|-heal|p2b: Armarouge|40\/100|[from] Grassy Terrain\n|upkeep\n|\n|t:|1699771568\n|switch|p1b: RUBL at best|Chien-Pao, L50|1\/100\n|switch|p1a: Loaded Dice|Urshifu-Rapid-Strike, L50, F|100\/100\n|-ability|p1b: RUBL at best|Sword of Ruin\n|turn|4\n|\n|t:|1699771584\n|-terastallize|p2a: Sylveon|Water\n|move|p1a: Loaded Dice|Protect|p1a: Loaded Dice\n|-singleturn|p1a: Loaded Dice|Protect\n|move|p1b: RUBL at best|Protect|p1b: RUBL at best\n|-singleturn|p1b: RUBL at best|Protect\n|move|p2a: Sylveon|Hyper Voice|p1b: RUBL at best|[spread] \n|-activate|p1a: Loaded Dice|move: Protect\n|-activate|p1b: RUBL at best|move: Protect\n|move|p2b: Armarouge|Expanding Force|p1a: Loaded Dice\n|-activate|p1a: Loaded Dice|move: Protect\n|\n|-heal|p2b: Armarouge|46\/100|[from] Grassy Terrain\n|-heal|p1b: RUBL at best|7\/100|[from] Grassy Terrain\n|upkeep\n|turn|5\n|\n|t:|1699771603\n|-terastallize|p1a: Loaded Dice|Water\n|move|p1b: RUBL at best|Sucker Punch|p2a: Sylveon\n|-damage|p2a: Sylveon|41\/100\n|move|p2a: Sylveon|Hyper Voice|p1a: Loaded Dice|[spread] p1a,p1b\n|-supereffective|p1b: RUBL at best\n|-damage|p1a: Loaded Dice|10\/100\n|-damage|p1b: RUBL at best|0 fnt\n|faint|p1b: RUBL at best\n|move|p2b: Armarouge|Expanding Force|p1a: Loaded Dice\n|-damage|p1a: Loaded Dice|0 fnt\n|faint|p1a: Loaded Dice\n|\n|win|Cheeseless\n|raw|Broccoli Soup's rating: 1456 &rarr; <strong>1437<\/strong><br \/>(-19 for losing)\n|raw|Cheeseless's rating: 1475 &rarr; <strong>1494<\/strong><br \/>(+19 for winning)\n|l|\u2606Broccoli Soup\n","uploadtime":1699771616,"views":23,"p1id":"broccolisoup","p2id":"cheeseless","formatid":"gen9vgc2023regulatione","rating":1437,"private":0,"password":""}