{"id":"gen9vgc2023regulatione-1998630688","p1":"OG Cream AU","p2":"RoayVn","format":"[Gen 9] VGC 2023 Regulation E","log":"|j|\u2606OG Cream AU\n|j|\u2606RoayVn\n|t:|1700965166\n|gametype|doubles\n|player|p1|OG Cream AU|worker-gen4|1340\n|player|p2|RoayVn|nate|1425\n|teamsize|p1|6\n|teamsize|p2|6\n|gen|9\n|tier|[Gen 9] VGC 2023 Regulation E\n|rated|\n|rule|Species Clause: Limit one of each Pok\u00e9mon\n|rule|Item Clause: Limit one of each item\n|clearpoke\n|poke|p1|Heatran, L50, M|\n|poke|p1|Iron Bundle, L50|\n|poke|p1|Rillaboom, L50, M|\n|poke|p1|Flutter Mane, L50|\n|poke|p1|Landorus-Therian, L50, M|\n|poke|p1|Iron Hands, L50|\n|poke|p2|Oranguru, L50, M|\n|poke|p2|Ursaluna-Bloodmoon, L50, M|\n|poke|p2|Indeedee-F, L50, F|\n|poke|p2|Lilligant-Hisui, L50, F|\n|poke|p2|Torkoal, L50, M|\n|poke|p2|Annihilape, L50, M|\n|teampreview|4\n|inactive|Battle timer is ON: inactive players will automatically lose when time's up. (requested by RoayVn)\n|\n|t:|1700965223\n|start\n|switch|p1a: Iron Bundle|Iron Bundle, L50|100\/100\n|switch|p1b: Iron Hands|Iron Hands, L50|100\/100\n|switch|p2a: Oranguru|Oranguru, L50, M|100\/100\n|switch|p2b: Annihilape|Annihilape, L50, M|100\/100\n|turn|1\n|inactive|OG Cream AU has 30 seconds left.\n|inactive|RoayVn has 30 seconds left.\n|inactive|OG Cream AU has 20 seconds left.\n|inactive|RoayVn has 20 seconds left.\n|inactive|RoayVn has 15 seconds left.\n|\n|t:|1700965268\n|move|p2b: Annihilape|Final Gambit|p1a: Iron Bundle\n|-enditem|p1a: Iron Bundle|Focus Sash\n|-damage|p1a: Iron Bundle|1\/100\n|faint|p2b: Annihilape\n|move|p1a: Iron Bundle|Taunt|p2a: Oranguru\n|-start|p2a: Oranguru|move: Taunt\n|-enditem|p2a: Oranguru|Mental Herb\n|-end|p2a: Oranguru|move: Taunt\n|move|p1b: Iron Hands|Drain Punch|p2a: Oranguru\n|-damage|p2a: Oranguru|68\/100\n|move|p2a: Oranguru|Trick Room|p2a: Oranguru\n|-fieldstart|move: Trick Room|[of] p2a: Oranguru\n|\n|upkeep\n|inactive|RoayVn has 30 seconds left.\n|\n|t:|1700965295\n|switch|p2b: Torkoal|Torkoal, L50, M|100\/100\n|-weather|SunnyDay|[from] ability: Drought|[of] p2b: Torkoal\n|turn|2\n|\n|t:|1700965314\n|-end|p1a: Iron Bundle|Quark Drive|[silent]\n|switch|p1a: Heatran|Heatran, L50, M|100\/100\n|-terastallize|p2b: Torkoal|Fire\n|move|p2b: Torkoal|Eruption|p1a: Heatran|[spread] p1b\n|-start|p1a: Heatran|ability: Flash Fire\n|-damage|p1b: Iron Hands|37\/100\n|move|p2a: Oranguru|Instruct|p2b: Torkoal\n|-singleturn|p2b: Torkoal|move: Instruct|[of] p2a: Oranguru\n|move|p2b: Torkoal|Eruption|p1b: Iron Hands|[spread] p1b\n|-immune|p1a: Heatran|[from] ability: Flash Fire\n|-crit|p1b: Iron Hands\n|-damage|p1b: Iron Hands|0 fnt\n|faint|p1b: Iron Hands\n|-end|p1b: Iron Hands|Quark Drive|[silent]\n|\n|-weather|SunnyDay|[upkeep]\n|upkeep\n|\n|t:|1700965335\n|switch|p1b: Rillaboom|Rillaboom, L50, M|100\/100\n|-fieldstart|move: Grassy Terrain|[from] ability: Grassy Surge|[of] p1b: Rillaboom\n|turn|3\n|inactive|OG Cream AU has 30 seconds left.\n|inactive|OG Cream AU has 20 seconds left.\n|inactive|OG Cream AU has 15 seconds left.\n|\n|t:|1700965379\n|-terastallize|p1a: Heatran|Fairy\n|move|p2b: Torkoal|Protect|p2b: Torkoal\n|-singleturn|p2b: Torkoal|Protect\n|move|p2a: Oranguru|Protect|p2a: Oranguru\n|-singleturn|p2a: Oranguru|Protect\n|move|p1b: Rillaboom|Fake Out|p2b: Torkoal\n|-activate|p2b: Torkoal|move: Protect\n|move|p1a: Heatran|Earth Power|p2b: Torkoal\n|-activate|p2b: Torkoal|move: Protect\n|\n|-weather|SunnyDay|[upkeep]\n|-heal|p2a: Oranguru|74\/100|[from] Grassy Terrain\n|upkeep\n|turn|4\n|\n|t:|1700965402\n|move|p1b: Rillaboom|Protect|p1b: Rillaboom\n|-singleturn|p1b: Rillaboom|Protect\n|move|p2b: Torkoal|Eruption|p1b: Rillaboom|[spread] \n|-activate|p1b: Rillaboom|move: Protect\n|-immune|p1a: Heatran|[from] ability: Flash Fire\n|move|p2a: Oranguru|Instruct|p2b: Torkoal\n|-singleturn|p2b: Torkoal|move: Instruct|[of] p2a: Oranguru\n|move|p2b: Torkoal|Eruption|p1a: Heatran|[spread] \n|-activate|p1b: Rillaboom|move: Protect\n|-immune|p1a: Heatran|[from] ability: Flash Fire\n|move|p1a: Heatran|Earth Power|p2b: Torkoal\n|-supereffective|p2b: Torkoal\n|-damage|p2b: Torkoal|15\/100\n|-unboost|p2b: Torkoal|spd|1\n|\n|-weather|SunnyDay|[upkeep]\n|-heal|p2b: Torkoal|21\/100|[from] Grassy Terrain\n|-heal|p2a: Oranguru|80\/100|[from] Grassy Terrain\n|upkeep\n|turn|5\n|inactive|OG Cream AU has 30 seconds left.\n|\n|t:|1700965434\n|switch|p1b: Iron Bundle|Iron Bundle, L50|1\/100\n|move|p2b: Torkoal|Heat Wave|p1a: Heatran|[spread] p1b\n|-immune|p1a: Heatran|[from] ability: Flash Fire\n|-damage|p1b: Iron Bundle|0 fnt\n|faint|p1b: Iron Bundle\n|-end|p1b: Iron Bundle|Quark Drive|[silent]\n|move|p2a: Oranguru|Instruct|p2b: Torkoal\n|-singleturn|p2b: Torkoal|move: Instruct|[of] p2a: Oranguru\n|move|p2b: Torkoal|Heat Wave|p1a: Heatran\n|-immune|p1a: Heatran|[from] ability: Flash Fire\n|move|p1a: Heatran|Earth Power|p2b: Torkoal\n|-supereffective|p2b: Torkoal\n|-crit|p2b: Torkoal\n|-damage|p2b: Torkoal|0 fnt\n|faint|p2b: Torkoal\n|\n|-weather|SunnyDay|[upkeep]\n|-heal|p2a: Oranguru|86\/100|[from] Grassy Terrain\n|-fieldend|move: Trick Room\n|upkeep\n|\n|t:|1700965459\n|switch|p1b: Rillaboom|Rillaboom, L50, M|100\/100\n|switch|p2b: Ursaluna|Ursaluna-Bloodmoon, L50, M|100\/100\n|turn|6\n|inactive|OG Cream AU has 30 seconds left.\n|\n|t:|1700965487\n|move|p2b: Ursaluna|Protect|p2b: Ursaluna\n|-singleturn|p2b: Ursaluna|Protect\n|move|p1b: Rillaboom|Wood Hammer|p2a: Oranguru\n|-damage|p2a: Oranguru|4\/100\n|-damage|p1b: Rillaboom|74\/100|[from] Recoil\n|move|p1a: Heatran|Heat Wave|p2b: Ursaluna|[spread] p2a\n|-activate|p2b: Ursaluna|move: Protect\n|-damage|p2a: Oranguru|0 fnt\n|faint|p2a: Oranguru\n|\n|-weather|none\n|-heal|p1b: Rillaboom|80\/100|[from] Grassy Terrain\n|upkeep\n|turn|7\n|-message|RoayVn forfeited.\n|\n|win|OG Cream AU\n|raw|OG Cream AU's rating: 1340 &rarr; <strong>1365<\/strong><br \/>(+25 for winning)\n|raw|RoayVn's rating: 1425 &rarr; <strong>1400<\/strong><br \/>(-25 for losing)\n|l|\u2606RoayVn\n","uploadtime":1700965527,"views":2,"p1id":"ogcreamau","p2id":"roayvn","formatid":"gen9vgc2023regulatione","rating":1365,"private":0,"password":""}