{"id":"gen9vgc2023regulatione-1997416617","p1":"vivb","p2":"NormalGymLeaderTed","format":"[Gen 9] VGC 2023 Regulation E","log":"|j|\u2606vivb\n|j|\u2606NormalGymLeaderTed\n|t:|1700801729\n|gametype|doubles\n|player|p1|vivb|n|1114\n|player|p2|NormalGymLeaderTed|cheren-gen5bw2|1050\n|teamsize|p1|6\n|teamsize|p2|6\n|gen|9\n|tier|[Gen 9] VGC 2023 Regulation E\n|rated|\n|rule|Species Clause: Limit one of each Pok\u00e9mon\n|rule|Item Clause: Limit one of each item\n|clearpoke\n|poke|p1|Palossand, L50, F|\n|poke|p1|Palafin, L50, F|\n|poke|p1|Tornadus, L50, M|\n|poke|p1|Amoonguss, L50, M|\n|poke|p1|Tyranitar, L50, M|\n|poke|p1|Chi-Yu, L50|\n|poke|p2|Grafaiai, L50, M|\n|poke|p2|Slaking, L50, M|\n|poke|p2|Zoroark-Hisui, L50, M|\n|poke|p2|Murkrow, L50, F|\n|poke|p2|Oranguru, L50, M|\n|poke|p2|Ursaluna-Bloodmoon, L50, M|\n|teampreview|4\n|\n|t:|1700801756\n|start\n|switch|p1a: Palossand|Palossand, L50, F|100\/100\n|switch|p1b: Palafin|Palafin, L50, F|100\/100\n|switch|p2a: Grafaiai|Grafaiai, L50, M|100\/100\n|switch|p2b: Slaking|Slaking, L50, M|100\/100\n|turn|1\n|inactive|Battle timer is ON: inactive players will automatically lose when time's up. (requested by NormalGymLeaderTed)\n|\n|t:|1700801775\n|move|p1b: Palafin|Flip Turn|p1a: Palossand\n|-supereffective|p1a: Palossand\n|-damage|p1a: Palossand|62\/100\n|-ability|p1a: Palossand|Water Compaction|boost\n|-boost|p1a: Palossand|def|2\n|-enditem|p2b: Slaking|Mirror Herb\n|-boost|p2b: Slaking|def|2|[from] item: Mirror Herb\n|-enditem|p1a: Palossand|Weakness Policy\n|-boost|p1a: Palossand|atk|2|[from] item: Weakness Policy\n|-boost|p1a: Palossand|spa|2|[from] item: Weakness Policy\n|inactive|vivb has 30 seconds left.\n|\n|t:|1700801804\n|detailschange|p1b: Palafin|Palafin-Hero, L50, F\n|switch|p1b: Tornadus|Tornadus, L50, M|100\/100|[from] Flip Turn\n|move|p2a: Grafaiai|Doodle|p1a: Palossand\n|-endability|p2a: Grafaiai|Poison Touch|[from] move: Doodle\n|-ability|p2a: Grafaiai|Water Compaction|[from] move: Doodle\n|-endability|p2b: Slaking|Truant|[from] move: Doodle\n|-ability|p2b: Slaking|Water Compaction|[from] move: Doodle\n|move|p2b: Slaking|Bulk Up|p2b: Slaking\n|-boost|p2b: Slaking|atk|1\n|-boost|p2b: Slaking|def|1\n|move|p1a: Palossand|Earth Power|p2a: Grafaiai\n|-supereffective|p2a: Grafaiai\n|-damage|p2a: Grafaiai|0 fnt\n|faint|p2a: Grafaiai\n|\n|upkeep\n|\n|t:|1700801820\n|switch|p2a: Ursaluna|Ursaluna-Bloodmoon, L50, M|100\/100\n|turn|2\n|inactive|NormalGymLeaderTed has 30 seconds left.\n|inactive|NormalGymLeaderTed has 20 seconds left.\n|inactive|NormalGymLeaderTed has 15 seconds left.\n|\n|t:|1700801863\n|-terastallize|p1a: Palossand|Ghost\n|move|p1b: Tornadus|Tailwind|p1b: Tornadus\n|-sidestart|p1: vivb|move: Tailwind\n|move|p2b: Slaking|Rock Slide|p1b: Tornadus|[spread] p1a,p1b\n|-crit|p1a: Palossand\n|-supereffective|p1b: Tornadus\n|-damage|p1a: Palossand|9\/100\n|-damage|p1b: Tornadus|10\/100\n|move|p1a: Palossand|Earth Power|p2a: Ursaluna\n|-damage|p2a: Ursaluna|32\/100\n|-unboost|p2a: Ursaluna|spd|1\n|move|p2a: Ursaluna|Blood Moon|p1a: Palossand\n|-damage|p1a: Palossand|0 fnt\n|faint|p1a: Palossand\n|\n|upkeep\n|\n|t:|1700801885\n|switch|p1a: Palafin|Palafin-Hero, L50, F|100\/100\n|-activate|p1a: Palafin|ability: Zero to Hero\n|turn|3\n|\n|t:|1700801910\n|move|p1b: Tornadus|Protect|p1b: Tornadus\n|-singleturn|p1b: Tornadus|Protect\n|move|p2a: Ursaluna|Vacuum Wave|p1b: Tornadus\n|-activate|p1b: Tornadus|move: Protect\n|move|p1a: Palafin|Waterfall|p2a: Ursaluna\n|-supereffective|p2a: Ursaluna\n|-damage|p2a: Ursaluna|0 fnt\n|faint|p2a: Ursaluna\n|move|p2b: Slaking|Drain Punch|p1a: Palafin\n|-damage|p1a: Palafin|50\/100\n|\n|upkeep\n|\n|t:|1700801922\n|switch|p2a: Slaking|Slaking, L50, M|100\/100\n|turn|4\n|\n|t:|1700801940\n|-terastallize|p2b: Slaking|Ghost\n|move|p1a: Palafin|Waterfall|p2a: Slaking\n|-damage|p2a: Slaking|0 fnt\n|replace|p2a: Zoroark|Zoroark-Hisui, L50, M\n|-end|p2a: Zoroark|Illusion\n|faint|p2a: Zoroark\n|move|p1b: Tornadus|Acrobatics|p2b: Slaking\n|-damage|p2b: Slaking|88\/100\n|move|p2b: Slaking|Drain Punch|p1a: Palafin\n|-damage|p1a: Palafin|0 fnt\n|-heal|p2b: Slaking|100\/100|[from] drain|[of] p1a: Palafin\n|faint|p1a: Palafin\n|\n|upkeep\n|\n|t:|1700801956\n|switch|p1a: Chi-Yu|Chi-Yu, L50|100\/100\n|-ability|p1a: Chi-Yu|Beads of Ruin\n|turn|5\n|\n|t:|1700801969\n|move|p1a: Chi-Yu|Dark Pulse|p2b: Slaking\n|-supereffective|p2b: Slaking\n|-crit|p2b: Slaking\n|-damage|p2b: Slaking|0 fnt\n|faint|p2b: Slaking\n|\n|win|vivb\n|raw|vivb's rating: 1114 &rarr; <strong>1134<\/strong><br \/>(+20 for winning)\n|raw|NormalGymLeaderTed's rating: 1050 &rarr; <strong>1036<\/strong><br \/>(-14 for losing)\n|l|\u2606NormalGymLeaderTed\n","uploadtime":1700801978,"views":17,"p1id":"vivb","p2id":"normalgymleaderted","formatid":"gen9vgc2023regulatione","rating":1036,"private":0,"password":""}