{"id":"gen9vgc2023regulatione-2000153052","p1":"Kyle64j","p2":"Astano","format":"[Gen 9] VGC 2023 Regulation E","log":"|j|\u2606Kyle64j\n|j|\u2606Astano\n|t:|1701164001\n|gametype|doubles\n|player|p1|Kyle64j|266|1099\n|player|p2|Astano|102|1209\n|teamsize|p1|6\n|teamsize|p2|6\n|gen|9\n|tier|[Gen 9] VGC 2023 Regulation E\n|rated|\n|rule|Species Clause: Limit one of each Pok\u00e9mon\n|rule|Item Clause: Limit one of each item\n|clearpoke\n|poke|p1|Indeedee-F, L50, F|\n|poke|p1|Urshifu-*, L50, M|\n|poke|p1|Chi-Yu, L50|\n|poke|p1|Iron Bundle, L50|\n|poke|p1|Gengar, L50, F|\n|poke|p1|Tornadus, L50, M|\n|poke|p2|Cresselia, L50, F|\n|poke|p2|Flutter Mane, L50|\n|poke|p2|Iron Hands, L50|\n|poke|p2|Ursaluna, L50, F|\n|poke|p2|Sinistcha, L50|\n|poke|p2|Heatran, L50, M|\n|teampreview|4\nAstano has agreed to open team sheets.\n|inactive|Battle timer is ON: inactive players will automatically lose when time's up. (requested by Astano)\n|\n|t:|1701164036\n|start\n|switch|p1a: Indeedee|Indeedee-F, L50, F|100\/100\n|switch|p1b: Urshifu|Urshifu-Rapid-Strike, L50, M|100\/100\n|switch|p2a: Sinistcha|Sinistcha, L50|100\/100\n|switch|p2b: Iron Hands|Iron Hands, L50|100\/100\n|-fieldstart|move: Psychic Terrain|[from] ability: Psychic Surge|[of] p1a: Indeedee\n|turn|1\n|inactive|Kyle64j has 30 seconds left.\n|\n|t:|1701164064\n|-terastallize|p1b: Urshifu|Water\n|move|p1b: Urshifu|Surging Strikes|p2b: Iron Hands\n|-crit|p2b: Iron Hands\n|-damage|p2b: Iron Hands|70\/100\n|-crit|p2b: Iron Hands\n|-damage|p2b: Iron Hands|40\/100\n|-crit|p2b: Iron Hands\n|-damage|p2b: Iron Hands|11\/100\n|-hitcount|p2b: Iron Hands|3\n|move|p1a: Indeedee|Imprison|p1a: Indeedee\n|-start|p1a: Indeedee|move: Imprison\n|move|p2b: Iron Hands|Wild Charge|p1b: Urshifu\n|-supereffective|p1b: Urshifu\n|-damage|p1b: Urshifu|0 fnt\n|faint|p1b: Urshifu\n|-damage|p2b: Iron Hands|0 fnt|[from] Recoil\n|faint|p2b: Iron Hands\n|-end|p2b: Iron Hands|Quark Drive|[silent]\n|cant|p2a: Sinistcha|move: Imprison|Trick Room\n|\n|upkeep\n|\n|t:|1701164080\n|switch|p1b: Chi-Yu|Chi-Yu, L50|100\/100\n|switch|p2b: Ursaluna|Ursaluna, L50, F|100\/100\n|-ability|p1b: Chi-Yu|Beads of Ruin\n|turn|2\n|\n|t:|1701164101\n|move|p2a: Sinistcha|Protect|p2a: Sinistcha\n|-singleturn|p2a: Sinistcha|Protect\n|move|p2b: Ursaluna|Protect|p2b: Ursaluna\n|-singleturn|p2b: Ursaluna|Protect\n|move|p1b: Chi-Yu|Heat Wave|p2b: Ursaluna|[spread] \n|-activate|p2a: Sinistcha|move: Protect\n|-activate|p2b: Ursaluna|move: Protect\n|move|p1a: Indeedee|Dazzling Gleam|p2b: Ursaluna|[spread] \n|-activate|p2a: Sinistcha|move: Protect\n|-activate|p2b: Ursaluna|move: Protect\n|\n|-status|p2b: Ursaluna|brn|[from] item: Flame Orb\n|upkeep\n|turn|3\n|\n|t:|1701164117\n|switch|p2a: Cresselia|Cresselia, L50, F|100\/100\n|move|p1b: Chi-Yu|Heat Wave|p2a: Cresselia|[spread] p2a,p2b\n|-damage|p2a: Cresselia|70\/100\n|-damage|p2b: Ursaluna|56\/100 brn\n|move|p1a: Indeedee|Dazzling Gleam|p2a: Cresselia|[spread] p2a,p2b\n|-damage|p2a: Cresselia|59\/100\n|-damage|p2b: Ursaluna|39\/100 brn\n|move|p2b: Ursaluna|Earthquake|p1a: Indeedee|[spread] p1a,p1b\n|-immune|p2a: Cresselia|[from] ability: Levitate\n|-supereffective|p1b: Chi-Yu\n|-damage|p1a: Indeedee|36\/100\n|-damage|p1b: Chi-Yu|0 fnt\n|-enditem|p1a: Indeedee|Sitrus Berry|[eat]\n|-heal|p1a: Indeedee|60\/100|[from] item: Sitrus Berry\n|faint|p1b: Chi-Yu\n|\n|-damage|p2b: Ursaluna|33\/100 brn|[from] brn\n|upkeep\n|\n|t:|1701164133\n|switch|p1b: Gengar|Gengar, L50, F|100\/100\n|turn|4\n|\n|t:|1701164144\n|-terastallize|p2a: Cresselia|Fairy\n|move|p1b: Gengar|Dazzling Gleam|p2a: Cresselia|[spread] p2a,p2b\n|-damage|p2a: Cresselia|45\/100\n|-damage|p2b: Ursaluna|12\/100 brn\n|move|p2a: Cresselia|Psychic|p1b: Gengar\n|-supereffective|p1b: Gengar\n|-damage|p1b: Gengar|17\/100\n|move|p1a: Indeedee|Dazzling Gleam|p2b: Ursaluna|[spread] p2a,p2b\n|-crit|p2a: Cresselia\n|-damage|p2a: Cresselia|32\/100\n|-damage|p2b: Ursaluna|1\/100 brn\n|move|p2b: Ursaluna|Earthquake|p1b: Gengar|[spread] p1a,p1b\n|-immune|p2a: Cresselia|[from] ability: Levitate\n|-supereffective|p1b: Gengar\n|-damage|p1a: Indeedee|1\/100\n|-damage|p1b: Gengar|0 fnt\n|faint|p1b: Gengar\n|\n|-damage|p2b: Ursaluna|0 fnt|[from] brn\n|faint|p2b: Ursaluna\n|upkeep\n|\n|t:|1701164154\n|switch|p2b: Sinistcha|Sinistcha, L50|100\/100\n|-heal|p2a: Cresselia|56\/100|[from] ability: Hospitality|[of] p2b: Sinistcha\n|turn|5\n|-message|Kyle64j forfeited.\n|\n|win|Astano\n|raw|Kyle64j's rating: 1099 &rarr; <strong>1080<\/strong><br \/>(-19 for losing)\n|raw|Astano's rating: 1183 &rarr; <strong>1202<\/strong><br \/>(+19 for winning)\n|l|\u2606Kyle64j\n","uploadtime":1701164168,"views":4,"p1id":"kyle64j","p2id":"astano","formatid":"gen9vgc2023regulatione","rating":1080,"private":0,"password":""}