{"id":"gen9vgc2023regulatione-1997799447","p1":"Matt142718","p2":"Eviovulpix","format":"[Gen 9] VGC 2023 Regulation E","log":"|j|\u2606Matt142718\n|j|\u2606Eviovulpix\n|n|\u2606Matt142718|matt142718\n|n|\u2606Eviovulpix|eviovulpix\n|html|View the match progress at <a href=\"\/game-bestof3-gen9vgc2023regulatione-1997799446\">game-bestof3-gen9vgc2023regulatione-1997799446<\/a>\n|t:|1700853966\n|gametype|doubles\n|player|p1|Matt142718|170|\n|player|p2|Eviovulpix|dragontamer|\n|teamsize|p1|6\n|teamsize|p2|6\n|gen|9\n|tier|[Gen 9] VGC 2023 Regulation E\n|rule|Species Clause: Limit one of each Pok\u00e9mon\n|rule|Item Clause: Limit one of each item\n|clearpoke\n|poke|p1|Dragonite, L50, M|\n|poke|p1|Chien-Pao, L50|\n|poke|p1|Rillaboom, L50, M|\n|poke|p1|Farigiraf, L50, M|\n|poke|p1|Urshifu-*, L50, F|\n|poke|p1|Heatran, L50, F|\n|poke|p2|Dusclops, L50, M|\n|poke|p2|Ursaluna-Bloodmoon, L50, M|\n|poke|p2|Chi-Yu, L50|\n|poke|p2|Landorus-Therian, L50, M|\n|poke|p2|Iron Hands, L50|\n|poke|p2|Ogerpon-Wellspring, L50, F|\n|teampreview|4\nEviovulpix has agreed to open team sheets.\nMatt142718 has agreed to open team sheets.\n|showteam|p1|Dragonite||ChoiceBand|InnerFocus|ExtremeSpeed,AerialAce,StompingTantrum,Outrage|||M|||50|,,,,,Normal]Chien-Pao||FocusSash|SwordofRuin|IcicleCrash,SuckerPunch,SacredSword,Protect||||||50|,,,,,Ghost]Rillaboom||MiracleSeed|GrassySurge|FakeOut,GrassyGlide,WoodHammer,Protect|||M|||50|,,,,,Grass]Farigiraf||SitrusBerry|ArmorTail|Psychic,TrickRoom,DazzlingGleam,HelpingHand|||M|||50|,,,,,Water]Urshifu-Rapid-Strike||ChoiceScarf|UnseenFist|SurgingStrikes,AquaJet,Uturn,CloseCombat|||F|||50|,,,,,Water]Heatran||AssaultVest|FlashFire|TeraBlast,HeatWave,EarthPower,FlashCannon|||F|||50|,,,,,Fairy\n|showteam|p2|Dusclops||Eviolite|Frisk|NightShade,WillOWisp,PainSplit,TrickRoom|||M|||50|,,,,,Dark]Ursaluna-Bloodmoon||LifeOrb|MindsEye|BloodMoon,HyperVoice,Protect,EarthPower|||M|||50|,,,,,Normal]Chi-Yu||FocusSash|BeadsofRuin|Snarl,DarkPulse,HeatWave,Protect||||||50|,,,,,Ghost]Landorus-Therian||ChoiceScarf|Intimidate|TeraBlast,RockTomb,StompingTantrum,Uturn|||M|||50|,,,,,Flying]Iron Hands||AssaultVest|QuarkDrive|FakeOut,HeavySlam,DrainPunch,WildCharge||||||50|,,,,,Fire]Ogerpon-Wellspring||WellspringMask|WaterAbsorb|IvyCudgel,HornLeech,FollowMe,SpikyShield|||F|||50|,,,,,Water\n|\n|t:|1700854043\n|start\n|switch|p1a: Dragonite|Dragonite, L50, M|100\/100\n|switch|p1b: Farigiraf|Farigiraf, L50, M|100\/100\n|switch|p2a: Landorus|Landorus-Therian, L50, M|100\/100\n|switch|p2b: Dusclops|Dusclops, L50, M|100\/100\n|-ability|p2a: Landorus|Intimidate|boost\n|-fail|p1a: Dragonite|unboost|Attack|[from] ability: Inner Focus|[of] p1a: Dragonite\n|-unboost|p1b: Farigiraf|atk|1\n|-item|p1a: Dragonite|Choice Band|[from] ability: Frisk|[of] p2b: Dusclops|[identify]\n|-item|p1b: Farigiraf|Sitrus Berry|[from] ability: Frisk|[of] p2b: Dusclops|[identify]\n|turn|1\n|\n|t:|1700854084\n|move|p1b: Farigiraf|Helping Hand|p1a: Dragonite\n|-singleturn|p1a: Dragonite|Helping Hand|[of] p1b: Farigiraf\n|move|p2a: Landorus|Rock Tomb|p1a: Dragonite\n|-supereffective|p1a: Dragonite\n|-damage|p1a: Dragonite|51\/100\n|-unboost|p1a: Dragonite|spe|1\n|move|p1a: Dragonite|Outrage|p2b: Dusclops\n|-damage|p2b: Dusclops|3\/100\n|move|p2b: Dusclops|Will-O-Wisp|p1a: Dragonite\n|-status|p1a: Dragonite|brn\n|\n|-damage|p1a: Dragonite|46\/100 brn|[from] brn\n|upkeep\n|turn|2\n|\n|t:|1700854124\n|move|p2a: Landorus|Rock Tomb|p1a: Dragonite\n|-supereffective|p1a: Dragonite\n|-damage|p1a: Dragonite|0 fnt\n|faint|p1a: Dragonite\n|move|p1b: Farigiraf|Dazzling Gleam|p2b: Dusclops|[spread] p2a,p2b\n|-damage|p2a: Landorus|80\/100\n|-damage|p2b: Dusclops|0 fnt\n|faint|p2b: Dusclops\n|\n|upkeep\n|\n|t:|1700854143\n|switch|p1a: Urshifu|Urshifu-Rapid-Strike, L50, F|100\/100\n|switch|p2b: Iron Hands|Iron Hands, L50|100\/100\n|turn|3\n|\n|t:|1700854161\n|-terastallize|p1a: Urshifu|Water\n|move|p1a: Urshifu|Surging Strikes|p2b: Iron Hands\n|-crit|p2b: Iron Hands\n|-damage|p2b: Iron Hands|79\/100\n|-crit|p2b: Iron Hands\n|-damage|p2b: Iron Hands|56\/100\n|-crit|p2b: Iron Hands\n|-damage|p2b: Iron Hands|33\/100\n|-hitcount|p2b: Iron Hands|3\n|move|p2a: Landorus|Rock Tomb|p1b: Farigiraf\n|-damage|p1b: Farigiraf|78\/100\n|-unboost|p1b: Farigiraf|spe|1\n|move|p1b: Farigiraf|Psychic|p2b: Iron Hands\n|-supereffective|p2b: Iron Hands\n|-damage|p2b: Iron Hands|0 fnt\n|faint|p2b: Iron Hands\n|-end|p2b: Iron Hands|Quark Drive|[silent]\n|\n|upkeep\n|\n|t:|1700854175\n|switch|p2b: Ursaluna|Ursaluna-Bloodmoon, L50, M|100\/100\n|turn|4\n|\n|t:|1700854189\n|-terastallize|p2b: Ursaluna|Normal\n|move|p1b: Farigiraf|Helping Hand|p1a: Urshifu\n|-singleturn|p1a: Urshifu|Helping Hand|[of] p1b: Farigiraf\n|move|p1a: Urshifu|Surging Strikes|p2b: Ursaluna\n|-crit|p2b: Ursaluna\n|-damage|p2b: Ursaluna|72\/100\n|-crit|p2b: Ursaluna\n|-damage|p2b: Ursaluna|43\/100\n|-crit|p2b: Ursaluna\n|-damage|p2b: Ursaluna|14\/100\n|-hitcount|p2b: Ursaluna|3\n|move|p2a: Landorus|Rock Tomb|p1a: Urshifu\n|-damage|p1a: Urshifu|76\/100\n|-unboost|p1a: Urshifu|spe|1\n|move|p2b: Ursaluna|Hyper Voice|p1b: Farigiraf|[spread] p1a,p1b\n|-damage|p1a: Urshifu|0 fnt\n|-damage|p1b: Farigiraf|16\/100\n|-enditem|p1b: Farigiraf|Sitrus Berry|[eat]\n|-heal|p1b: Farigiraf|41\/100|[from] item: Sitrus Berry\n|faint|p1a: Urshifu\n|-damage|p2b: Ursaluna|4\/100|[from] item: Life Orb\n|\n|upkeep\n|\n|t:|1700854205\n|switch|p1a: Rillaboom|Rillaboom, L50, M|100\/100\n|-fieldstart|move: Grassy Terrain|[from] ability: Grassy Surge|[of] p1a: Rillaboom\n|turn|5\n|\n|t:|1700854215\n|move|p2b: Ursaluna|Protect|p2b: Ursaluna\n|-singleturn|p2b: Ursaluna|Protect\n|move|p1a: Rillaboom|Grassy Glide|p2b: Ursaluna\n|-activate|p2b: Ursaluna|move: Protect\n|move|p2a: Landorus|Rock Tomb|p1b: Farigiraf\n|-damage|p1b: Farigiraf|17\/100\n|-unboost|p1b: Farigiraf|spe|1\n|move|p1b: Farigiraf|Trick Room|p1b: Farigiraf\n|-fieldstart|move: Trick Room|[of] p1b: Farigiraf\n|\n|-heal|p1b: Farigiraf|23\/100|[from] Grassy Terrain\n|-heal|p2b: Ursaluna|10\/100|[from] Grassy Terrain\n|upkeep\n|turn|6\n|\n|t:|1700854232\n|move|p1a: Rillaboom|Grassy Glide|p2b: Ursaluna\n|-damage|p2b: Ursaluna|0 fnt\n|faint|p2b: Ursaluna\n|move|p1b: Farigiraf|Psychic|p2a: Landorus\n|-damage|p2a: Landorus|29\/100\n|move|p2a: Landorus|Rock Tomb|p1b: Farigiraf\n|-damage|p1b: Farigiraf|0 fnt\n|faint|p1b: Farigiraf\n|\n|upkeep\n|turn|7\n|\n|t:|1700854241\n|move|p1a: Rillaboom|Wood Hammer|p2a: Landorus\n|-damage|p2a: Landorus|0 fnt\n|faint|p2a: Landorus\n|-damage|p1a: Rillaboom|92\/100|[from] Recoil\n|\n|win|Matt142718\n|c|&|\/uhtml prompt-matt142718,Matt142718 is ready for game 2!\n|c|&|\/uhtml prompt-eviovulpix,Eviovulpix is ready for game 2!\nBoth players are ready! Starting next match!\n|l|\u2606Eviovulpix\n","uploadtime":1700854742,"views":5,"p1id":"matt142718","p2id":"eviovulpix","formatid":"gen9vgc2023regulatione","rating":0,"private":0,"password":""}