{"id":"gen9vgc2023regulatione-1999917375","p1":"Nta07","p2":"Yayomax","format":"[Gen 9] VGC 2023 Regulation E","log":"|j|\u2606Nta07\n|j|\u2606Yayomax\n|t:|1701129841\n|gametype|doubles\n|player|p1|Nta07|265|1137\n|player|p2|Yayomax|colress|1000\n|teamsize|p1|6\n|teamsize|p2|6\n|gen|9\n|tier|[Gen 9] VGC 2023 Regulation E\n|rated|\n|rule|Species Clause: Limit one of each Pok\u00e9mon\n|rule|Item Clause: Limit one of each item\n|clearpoke\n|poke|p1|Sylveon, L50, M|\n|poke|p1|Oranguru, L50, F|\n|poke|p1|Arcanine, L50, M|\n|poke|p1|Arbok, L50, M|\n|poke|p1|Ursaluna-Bloodmoon, L50, M|\n|poke|p1|Ambipom, L50, M|\n|poke|p2|Tornadus, L50, M|\n|poke|p2|Shiftry, L50, M|\n|poke|p2|Pelipper, L50, M|\n|poke|p2|Samurott-Hisui, L50, M|\n|poke|p2|Clodsire, L50, M|\n|poke|p2|Ogerpon-Wellspring, L50, F|\n|teampreview|4\n|inactive|Battle timer is ON: inactive players will automatically lose when time's up. (requested by Nta07)\n|\n|t:|1701129852\n|start\n|switch|p1a: Sylveon|Sylveon, L50, M, shiny|100\/100\n|switch|p1b: Oranguru|Oranguru, L50, F|100\/100\n|switch|p2a: Tornadus|Tornadus, L50, M|100\/100\n|switch|p2b: Pelipper|Pelipper, L50, M|100\/100\n|-weather|RainDance|[from] ability: Drizzle|[of] p2b: Pelipper\n|turn|1\n|\n|t:|1701129866\n|move|p2b: Pelipper|Protect|p2b: Pelipper\n|-singleturn|p2b: Pelipper|Protect\n|move|p1a: Sylveon|Protect|p1a: Sylveon\n|-singleturn|p1a: Sylveon|Protect\n|move|p2a: Tornadus|Taunt|p1b: Oranguru\n|-start|p1b: Oranguru|move: Taunt\n|cant|p1b: Oranguru|move: Taunt|Trick Room\n|\n|-weather|RainDance|[upkeep]\n|upkeep\n|turn|2\n|\n|t:|1701129883\n|move|p2a: Tornadus|Tailwind|p2a: Tornadus\n|-sidestart|p2: Yayomax|move: Tailwind\n|move|p2b: Pelipper|Weather Ball|p1a: Sylveon\n|-damage|p1a: Sylveon|68\/100\n|move|p1b: Oranguru|Thunderbolt|p2b: Pelipper\n|-supereffective|p2b: Pelipper\n|-damage|p2b: Pelipper|0 fnt\n|faint|p2b: Pelipper\n|-damage|p1b: Oranguru|91\/100|[from] item: Life Orb\n|move|p1a: Sylveon|Hyper Voice|p2a: Tornadus\n|-damage|p2a: Tornadus|18\/100\n|-enditem|p1a: Sylveon|Throat Spray\n|-boost|p1a: Sylveon|spa|1|[from] item: Throat Spray\n|-activate|p1b: Oranguru|ability: Symbiosis|Life Orb|[of] p1a: Sylveon\n|\n|-weather|RainDance|[upkeep]\n|upkeep\n|\n|t:|1701129894\n|switch|p2b: Shiftry|Shiftry, L50, M|100\/100\n|-ability|p2b: Shiftry|Wind Rider|boost\n|-boost|p2b: Shiftry|atk|1\n|turn|3\n|\n|t:|1701129912\n|switch|p1b: Arbok|Arbok, L50, M|100\/100\n|-ability|p1b: Arbok|Intimidate|boost\n|-unboost|p2a: Tornadus|atk|1\n|-unboost|p2b: Shiftry|atk|1\n|-terastallize|p2b: Shiftry|Flying\n|move|p1a: Sylveon|Protect|p1a: Sylveon\n|-singleturn|p1a: Sylveon|Protect\n|move|p2a: Tornadus|Bleakwind Storm|p1a: Sylveon|[spread] p1b\n|-activate|p1a: Sylveon|move: Protect\n|-damage|p1b: Arbok|61\/100\n|move|p2b: Shiftry|Knock Off|p1b: Arbok\n|-damage|p1b: Arbok|0 fnt\n|-enditem|p1b: Arbok|Black Sludge|[from] move: Knock Off|[of] p2b: Shiftry\n|faint|p1b: Arbok\n|-damage|p2b: Shiftry|91\/100|[from] item: Life Orb\n|\n|-weather|RainDance|[upkeep]\n|upkeep\n|\n|t:|1701129926\n|switch|p1b: Oranguru|Oranguru, L50, F|91\/100\n|turn|4\n|inactive|Yayomax has 30 seconds left.\n|\n|t:|1701129961\n|switch|p2a: Samurott|Samurott-Hisui, L50, M|100\/100\n|move|p2b: Shiftry|Tera Blast|p1a: Sylveon|[anim] Tera Blast Flying\n|-damage|p1a: Sylveon|11\/100\n|-damage|p2b: Shiftry|81\/100|[from] item: Life Orb\n|move|p1b: Oranguru|Thunderbolt|p2b: Shiftry\n|-supereffective|p2b: Shiftry\n|-damage|p2b: Shiftry|18\/100\n|move|p1a: Sylveon|Hyper Voice|p2b: Shiftry|[spread] p2a,p2b\n|-supereffective|p2a: Samurott\n|-enditem|p2a: Samurott|Focus Sash\n|-damage|p2a: Samurott|1\/100\n|-damage|p2b: Shiftry|0 fnt\n|faint|p2b: Shiftry\n|-damage|p1a: Sylveon|1\/100|[from] item: Life Orb\n|\n|-weather|RainDance|[upkeep]\n|upkeep\n|\n|t:|1701129969\n|switch|p2b: Tornadus|Tornadus, L50, M|18\/100\n|turn|5\n|\n|t:|1701129981\n|move|p1a: Sylveon|Quick Attack|p2a: Samurott\n|-supereffective|p2a: Samurott\n|-damage|p2a: Samurott|0 fnt\n|faint|p2a: Samurott\n|-damage|p1a: Sylveon|0 fnt|[from] item: Life Orb\n|faint|p1a: Sylveon\n|move|p2b: Tornadus|Bleakwind Storm|p1b: Oranguru\n|-damage|p1b: Oranguru|54\/100\n|move|p1b: Oranguru|Instruct|p1: Sylveon|[notarget]\n|-fail|p1b: Oranguru\n|\n|-weather|RainDance|[upkeep]\n|-sideend|p2: Yayomax|move: Tailwind\n|upkeep\n|\n|t:|1701129985\n|switch|p1a: Ambipom|Ambipom, L50, M|100\/100\n|turn|6\n|\n|t:|1701129989\n|move|p1a: Ambipom|Fake Out|p2b: Tornadus\n|-enditem|p1a: Ambipom|Normal Gem|[from] gem\n|-damage|p2b: Tornadus|0 fnt\n|faint|p2b: Tornadus\n|\n|win|Nta07\n|raw|Nta07's rating: 1137 &rarr; <strong>1153<\/strong><br \/>(+16 for winning)\n|raw|Yayomax's rating: 1000 &rarr; <strong>1000<\/strong><br \/>(+0 for losing)\n|l|\u2606Yayomax\n","uploadtime":1701129992,"views":5,"p1id":"nta07","p2id":"yayomax","formatid":"gen9vgc2023regulatione","rating":1000,"private":0,"password":""}