{"id":"gen9vgc2023regulatione-1996870783","p1":"cheesustakemywheel","p2":"KilnFirelinkAlt","format":"[Gen 9] VGC 2023 Regulation E","log":"|j|\u2606cheesustakemywheel\n|j|\u2606KilnFirelinkAlt\n|t:|1700738205\n|gametype|doubles\n|player|p1|cheesustakemywheel|dawn|1000\n|player|p2|KilnFirelinkAlt|iris-gen5bw2|1069\n|teamsize|p1|6\n|teamsize|p2|6\n|gen|9\n|tier|[Gen 9] VGC 2023 Regulation E\n|rated|\n|rule|Species Clause: Limit one of each Pok\u00e9mon\n|rule|Item Clause: Limit one of each item\n|clearpoke\n|poke|p1|Rillaboom, L50, F|\n|poke|p1|Urshifu-*, L50, F|\n|poke|p1|Flutter Mane, L50|\n|poke|p1|Tornadus, L50, M|\n|poke|p1|Chien-Pao, L50|\n|poke|p1|Arcanine-Hisui, L50, M|\n|poke|p2|Gengar, L50, F|\n|poke|p2|Gyarados, L50, M|\n|poke|p2|Snorlax, L50, M|\n|poke|p2|Golem, L50, M|\n|poke|p2|Scyther, L50, F|\n|poke|p2|Flareon, L50, M|\n|teampreview|4\nKilnFirelinkAlt rejected open team sheets.\n|inactive|Battle timer is ON: inactive players will automatically lose when time's up. (requested by KilnFirelinkAlt)\n|\n|t:|1700738242\n|start\n|switch|p1a: Rillaboom|Rillaboom, L50, F|100\/100\n|switch|p1b: Flutter Mane|Flutter Mane, L50|100\/100\n|switch|p2a: Gengar|Gengar, L50, F|100\/100\n|switch|p2b: Snorlax|Snorlax, L50, M|100\/100\n|-fieldstart|move: Grassy Terrain|[from] ability: Grassy Surge|[of] p1a: Rillaboom\n|-enditem|p1b: Flutter Mane|Booster Energy\n|-activate|p1b: Flutter Mane|ability: Protosynthesis|[fromitem]\n|-start|p1b: Flutter Mane|protosynthesisspa\n|turn|1\n|inactive|cheesustakemywheel has 30 seconds left.\n|inactive|KilnFirelinkAlt has 30 seconds left.\n|\n|t:|1700738276\n|-terastallize|p1b: Flutter Mane|Fairy\n|-terastallize|p2a: Gengar|Steel\n|move|p1a: Rillaboom|Fake Out|p2b: Snorlax\n|-damage|p2b: Snorlax|92\/100\n|move|p1b: Flutter Mane|Shadow Ball|p2a: Gengar\n|-damage|p2a: Gengar|40\/100\n|-start|p1b: Flutter Mane|Disable|Shadow Ball|[from] ability: Cursed Body|[of] p2a: Gengar\n|move|p2a: Gengar|Sludge Bomb|p1a: Rillaboom\n|-supereffective|p1a: Rillaboom\n|-damage|p1a: Rillaboom|0 fnt\n|faint|p1a: Rillaboom\n|cant|p2b: Snorlax|flinch\n|\n|-heal|p2a: Gengar|45\/100|[from] Grassy Terrain\n|-heal|p2b: Snorlax|98\/100|[from] Grassy Terrain\n|-heal|p2b: Snorlax|100\/100|[from] item: Leftovers\n|upkeep\n|\n|t:|1700738293\n|switch|p1a: Tornadus|Tornadus, L50, M|100\/100\n|turn|2\n|\n|t:|1700738313\n|move|p1a: Tornadus|Rain Dance|p1a: Tornadus\n|-weather|RainDance\n|move|p1b: Flutter Mane|Moonblast|p2a: Gengar\n|-resisted|p2a: Gengar\n|-damage|p2a: Gengar|0 fnt\n|faint|p2a: Gengar\n|move|p2b: Snorlax|Ice Punch|p1a: Tornadus\n|-supereffective|p1a: Tornadus\n|-damage|p1a: Tornadus|45\/100\n|\n|-weather|RainDance|[upkeep]\n|upkeep\n|\n|t:|1700738326\n|switch|p2a: Golem|Golem, L50, M|100\/100\n|turn|3\n|\n|t:|1700738346\n|move|p1b: Flutter Mane|Dazzling Gleam|p2b: Snorlax|[spread] p2a,p2b\n|-damage|p2a: Golem|30\/100\n|-damage|p2b: Snorlax|67\/100\n|move|p1a: Tornadus|Bleakwind Storm|p2a: Golem|[spread] p2a,p2b\n|-resisted|p2a: Golem\n|-damage|p2a: Golem|5\/100\n|-damage|p2b: Snorlax|44\/100\n|move|p2a: Golem|Rock Slide|p1a: Tornadus|[spread] p1a,p1b\n|-supereffective|p1a: Tornadus\n|-damage|p1a: Tornadus|0 fnt\n|-damage|p1b: Flutter Mane|29\/100\n|faint|p1a: Tornadus\n|move|p2b: Snorlax|Ice Punch|p1b: Flutter Mane\n|-damage|p1b: Flutter Mane|0 fnt\n|faint|p1b: Flutter Mane\n|-end|p1b: Flutter Mane|Protosynthesis|[silent]\n|\n|-weather|RainDance|[upkeep]\n|-heal|p2a: Golem|11\/100|[from] Grassy Terrain\n|-heal|p2b: Snorlax|50\/100|[from] Grassy Terrain\n|-heal|p2b: Snorlax|56\/100|[from] item: Leftovers\n|upkeep\n|\n|t:|1700738365\n|switch|p1a: Urshifu|Urshifu-Rapid-Strike, L50, F|100\/100\n|turn|4\n|\n|t:|1700738374\n|move|p1a: Urshifu|Aqua Jet|p2a: Golem\n|-supereffective|p2a: Golem\n|-damage|p2a: Golem|0 fnt\n|faint|p2a: Golem\n|move|p2b: Snorlax|Yawn|p1a: Urshifu\n|-start|p1a: Urshifu|move: Yawn|[of] p2b: Snorlax\n|\n|-weather|RainDance|[upkeep]\n|-heal|p2b: Snorlax|62\/100|[from] Grassy Terrain\n|-heal|p2b: Snorlax|68\/100|[from] item: Leftovers\n|upkeep\n|\n|t:|1700738384\n|switch|p2a: Scyther|Scyther, L50, F|100\/100\n|turn|5\n|\n|t:|1700738395\n|move|p1a: Urshifu|Surging Strikes|p2a: Scyther\n|-crit|p2a: Scyther\n|-damage|p2a: Scyther|75\/100\n|-crit|p2a: Scyther\n|-damage|p2a: Scyther|50\/100\n|-crit|p2a: Scyther\n|-damage|p2a: Scyther|24\/100\n|-hitcount|p2a: Scyther|3\n|move|p2a: Scyther|Swords Dance|p2a: Scyther\n|-boost|p2a: Scyther|atk|2\n|move|p2b: Snorlax|Curse|p2b: Snorlax\n|-unboost|p2b: Snorlax|spe|1\n|-boost|p2b: Snorlax|atk|1\n|-boost|p2b: Snorlax|def|1\n|\n|-weather|RainDance|[upkeep]\n|-heal|p2b: Snorlax|74\/100|[from] Grassy Terrain\n|-heal|p2b: Snorlax|80\/100|[from] item: Leftovers\n|-end|p1a: Urshifu|move: Yawn|[silent]\n|-status|p1a: Urshifu|slp\n|-fieldend|move: Grassy Terrain\n|upkeep\n|turn|6\n|-message|cheesustakemywheel forfeited.\n|\n|win|KilnFirelinkAlt\n|raw|cheesustakemywheel's rating: 1000 &rarr; <strong>1000<\/strong><br \/>(+0 for losing)\n|raw|KilnFirelinkAlt's rating: 1069 &rarr; <strong>1093<\/strong><br \/>(+24 for winning)\n|l|\u2606cheesustakemywheel\n","uploadtime":1700738422,"views":10,"p1id":"cheesustakemywheel","p2id":"kilnfirelinkalt","formatid":"gen9vgc2023regulatione","rating":1000,"private":0,"password":""}