{"id":"gen9vgc2023regulatione-1990527977","p1":"YisusSob","p2":"Levelup_yaman","format":"[Gen 9] VGC 2023 Regulation E","log":"|j|\u2606YisusSob\n|j|\u2606Levelup_yaman\n|t:|1699978849\n|gametype|doubles\n|player|p1|YisusSob|backpacker|1080\n|player|p2|Levelup_yaman|picnicker|1016\n|teamsize|p1|6\n|teamsize|p2|6\n|gen|9\n|tier|[Gen 9] VGC 2023 Regulation E\n|rated|\n|rule|Species Clause: Limit one of each Pok\u00e9mon\n|rule|Item Clause: Limit one of each item\n|clearpoke\n|poke|p1|Gliscor, L50, M|\n|poke|p1|Ogerpon-Wellspring, L50, F|\n|poke|p1|Flutter Mane, L50|\n|poke|p1|Arcanine-Hisui, L50, M|\n|poke|p1|Iron Hands, L50|\n|poke|p1|Sableye, L50, F|\n|poke|p2|Skeledirge, L50, F|\n|poke|p2|Sinistcha-Masterpiece, L50|\n|poke|p2|Landorus-Therian, L50, M|\n|poke|p2|Baxcalibur, L50, M|\n|poke|p2|Flutter Mane, L50|\n|poke|p2|Ogerpon-Wellspring, L50, F|\n|teampreview|4\n|\n|t:|1699978895\n|start\n|switch|p1a: Arcanine|Arcanine-Hisui, L50, M|100\/100\n|switch|p1b: Sableye|Sableye, L50, F|100\/100\n|switch|p2a: Sinistcha|Sinistcha-Masterpiece, L50|100\/100\n|switch|p2b: Landorus|Landorus-Therian, L50, M|100\/100\n|-ability|p2b: Landorus|Intimidate|boost\n|-unboost|p1a: Arcanine|atk|1\n|-unboost|p1b: Sableye|atk|1\n|-ability|p1a: Arcanine|Intimidate|boost\n|-unboost|p2a: Sinistcha|atk|1\n|-unboost|p2b: Landorus|atk|1\n|turn|1\n|\n|t:|1699978922\n|-terastallize|p1a: Arcanine|Fairy\n|move|p1b: Sableye|Reflect|p1b: Sableye\n|-sidestart|p1: YisusSob|Reflect\n|move|p2b: Landorus|U-turn|p1b: Sableye\n|-damage|p1b: Sableye|83\/100\n|\n|t:|1699978930\n|switch|p2b: Flutter Mane|Flutter Mane, L50|100\/100|[from] U-turn\n|-enditem|p2b: Flutter Mane|Booster Energy\n|-activate|p2b: Flutter Mane|ability: Protosynthesis|[fromitem]\n|-start|p2b: Flutter Mane|protosynthesisspa\n|move|p1a: Arcanine|Flare Blitz|p2a: Sinistcha\n|-supereffective|p2a: Sinistcha\n|-damage|p2a: Sinistcha|0 fnt\n|-damage|p1a: Arcanine|84\/100|[from] item: Rocky Helmet|[of] p2a: Sinistcha\n|faint|p2a: Sinistcha\n|-damage|p1a: Arcanine|51\/100|[from] Recoil\n|\n|upkeep\n|\n|t:|1699978935\n|switch|p2a: Landorus|Landorus-Therian, L50, M|100\/100\n|-ability|p2a: Landorus|Intimidate|boost\n|-unboost|p1a: Arcanine|atk|1\n|-unboost|p1b: Sableye|atk|1\n|turn|2\n|\n|t:|1699978954\n|-terastallize|p2a: Landorus|Flying\n|move|p1b: Sableye|Thunder Wave|p2b: Flutter Mane\n|-status|p2b: Flutter Mane|par\n|move|p2a: Landorus|Tera Blast|p1a: Arcanine|[anim] Tera Blast Flying\n|-damage|p1a: Arcanine|3\/100\n|move|p1a: Arcanine|Flare Blitz|p2b: Flutter Mane\n|-damage|p2b: Flutter Mane|0 fnt\n|faint|p2b: Flutter Mane\n|-end|p2b: Flutter Mane|Protosynthesis|[silent]\n|-damage|p1a: Arcanine|0 fnt|[from] Recoil\n|faint|p1a: Arcanine\n|\n|upkeep\n|\n|t:|1699978973\n|switch|p2b: Ogerpon|Ogerpon-Wellspring, L50, F|100\/100\n|switch|p1a: Gliscor|Gliscor, L50, M|100\/100\n|turn|3\n|\n|t:|1699978985\n|move|p1b: Sableye|Thunder Wave|p2b: Ogerpon\n|-status|p2b: Ogerpon|par\n|move|p2a: Landorus|Tera Blast|p1b: Sableye|[anim] Tera Blast Flying\n|-crit|p1b: Sableye\n|-damage|p1b: Sableye|0 fnt\n|faint|p1b: Sableye\n|move|p1a: Gliscor|Dual Wingbeat|p2b: Ogerpon\n|-supereffective|p2b: Ogerpon\n|-damage|p2b: Ogerpon|54\/100 par\n|-supereffective|p2b: Ogerpon\n|-damage|p2b: Ogerpon|6\/100 par\n|-hitcount|p2b: Ogerpon|2\n|move|p2b: Ogerpon|Wood Hammer|p1a: Gliscor\n|-damage|p1a: Gliscor|57\/100\n|-damage|p2b: Ogerpon|0 fnt|[from] Recoil\n|faint|p2b: Ogerpon\n|\n|-heal|p1a: Gliscor|64\/100|[from] item: Leftovers\n|upkeep\n|\n|t:|1699979004\n|switch|p1b: Ogerpon|Ogerpon-Wellspring, L50, F|100\/100\n|turn|4\n|\n|t:|1699979016\n|move|p1b: Ogerpon|Spiky Shield|p1b: Ogerpon\n|-singleturn|p1b: Ogerpon|move: Protect\n|move|p1a: Gliscor|Protect|p1a: Gliscor\n|-singleturn|p1a: Gliscor|Protect\n|move|p2a: Landorus|Tera Blast|p1b: Ogerpon|[anim] Tera Blast Flying\n|-activate|p1b: Ogerpon|move: Protect\n|\n|-heal|p1a: Gliscor|70\/100|[from] item: Leftovers\n|upkeep\n|turn|5\n|\n|t:|1699979033\n|move|p2a: Landorus|Tera Blast|p1b: Ogerpon|[anim] Tera Blast Flying\n|-supereffective|p1b: Ogerpon\n|-damage|p1b: Ogerpon|0 fnt\n|faint|p1b: Ogerpon\n|move|p1a: Gliscor|Dual Wingbeat|p2a: Landorus\n|-damage|p2a: Landorus|80\/100\n|-damage|p2a: Landorus|60\/100\n|-hitcount|p2a: Landorus|2\n|\n|-heal|p1a: Gliscor|76\/100|[from] item: Leftovers\n|upkeep\n|turn|6\n|\n|t:|1699979045\n|move|p2a: Landorus|Tera Blast|p1a: Gliscor|[anim] Tera Blast Flying\n|-damage|p1a: Gliscor|41\/100\n|move|p1a: Gliscor|Dual Wingbeat|p2a: Landorus\n|-damage|p2a: Landorus|40\/100\n|-damage|p2a: Landorus|19\/100\n|-hitcount|p2a: Landorus|2\n|\n|-heal|p1a: Gliscor|48\/100|[from] item: Leftovers\n|upkeep\n|turn|7\n|\n|t:|1699979064\n|move|p2a: Landorus|Tera Blast|p1a: Gliscor|[anim] Tera Blast Flying\n|-damage|p1a: Gliscor|14\/100\n|move|p1a: Gliscor|Dual Wingbeat|p2a: Landorus\n|-damage|p2a: Landorus|0 fnt\n|faint|p2a: Landorus\n|-hitcount|p2: Landorus|1\n|\n|win|YisusSob\n|raw|YisusSob's rating: 1080 &rarr; <strong>1103<\/strong><br \/>(+23 for winning)\n|raw|Levelup_yaman's rating: 1016 &rarr; <strong>1006<\/strong><br \/>(-10 for losing)\n|l|\u2606Levelup_yaman\n","uploadtime":1699979154,"views":13,"p1id":"yisussob","p2id":"levelupyaman","formatid":"gen9vgc2023regulatione","rating":1006,"private":0,"password":""}