{"id":"gen9vgc2023regulatione-1998138580","p1":"Gourstru","p2":"NApiplana","format":"[Gen 9] VGC 2023 Regulation E","log":"|j|\u2606Gourstru\n|j|\u2606NApiplana\n|t:|1700898630\n|gametype|doubles\n|player|p1|Gourstru|roughneck-gen4|1136\n|player|p2|NApiplana|dawn-masters3|1019\n|teamsize|p1|6\n|teamsize|p2|6\n|gen|9\n|tier|[Gen 9] VGC 2023 Regulation E\n|rated|\n|rule|Species Clause: Limit one of each Pok\u00e9mon\n|rule|Item Clause: Limit one of each item\n|clearpoke\n|poke|p1|Pincurchin, L50, M|\n|poke|p1|Regieleki, L50|\n|poke|p1|Sinistcha, L50|\n|poke|p1|Iron Hands, L50|\n|poke|p1|Kommo-o, L50, M|\n|poke|p1|Ninetales-Alola, L50, F|\n|poke|p2|Murkrow, L50, M|\n|poke|p2|Gengar, L50, F|\n|poke|p2|Gothitelle, L50, F|\n|poke|p2|Sinistcha-Masterpiece, L50|\n|poke|p2|Pelipper, L50, M|\n|poke|p2|Luxray, L50, F|\n|teampreview|4\n|\n|t:|1700898662\n|start\n|switch|p1a: Pincurchin|Pincurchin, L50, M|100\/100\n|switch|p1b: Iron Hands|Iron Hands, L50|100\/100\n|switch|p2a: Murkrow|Murkrow, L50, M, shiny|100\/100\n|switch|p2b: Luxray|Luxray, L50, F, shiny|100\/100\n|-ability|p2b: Luxray|Intimidate|boost\n|-unboost|p1a: Pincurchin|atk|1\n|-unboost|p1b: Iron Hands|atk|1\n|-fieldstart|move: Electric Terrain|[from] ability: Electric Surge|[of] p1a: Pincurchin\n|-activate|p1b: Iron Hands|ability: Quark Drive\n|-start|p1b: Iron Hands|quarkdriveatk\n|turn|1\n|\n|t:|1700898685\n|move|p2a: Murkrow|Protect|p2a: Murkrow\n|-singleturn|p2a: Murkrow|Protect\n|move|p2b: Luxray|Protect|p2b: Luxray\n|-singleturn|p2b: Luxray|Protect\n|move|p1b: Iron Hands|Fake Out|p2a: Murkrow\n|-activate|p2a: Murkrow|move: Protect\n|move|p1a: Pincurchin|Scald|p2b: Luxray\n|-activate|p2b: Luxray|move: Protect\n|\n|upkeep\n|turn|2\n|\n|t:|1700898701\n|-end|p1b: Iron Hands|Quark Drive|[silent]\n|switch|p1b: Ninetales|Ninetales-Alola, L50, F, shiny|100\/100\n|-weather|Snow|[from] ability: Snow Warning|[of] p1b: Ninetales\n|move|p2a: Murkrow|Perish Song|p2a: Murkrow\n|-start|p1a: Pincurchin|perish3|[silent]\n|-start|p1b: Ninetales|perish3|[silent]\n|-start|p2a: Murkrow|perish3|[silent]\n|-start|p2b: Luxray|perish3|[silent]\n|-fieldactivate|move: Perish Song\n|move|p2b: Luxray|Volt Switch|p1a: Pincurchin\n|-resisted|p1a: Pincurchin\n|-damage|p1a: Pincurchin|82\/100\n|\n|t:|1700898711\n|switch|p2b: Gothitelle|Gothitelle, L50, F, shiny|100\/100|[from] Volt Switch\n|move|p1a: Pincurchin|Wild Charge|p2a: Murkrow\n|-supereffective|p2a: Murkrow\n|-damage|p2a: Murkrow|14\/100\n|-damage|p1a: Pincurchin|59\/100|[from] Recoil\n|\n|-weather|Snow|[upkeep]\n|-start|p1b: Ninetales|perish3\n|-start|p2a: Murkrow|perish3\n|-start|p1a: Pincurchin|perish3\n|upkeep\n|turn|3\n|\n|t:|1700898735\n|move|p2b: Gothitelle|Fake Out|p1b: Ninetales\n|-damage|p1b: Ninetales|97\/100\n|cant|p1b: Ninetales|flinch\n|move|p2a: Murkrow|U-turn|p1a: Pincurchin\n|-damage|p1a: Pincurchin|40\/100\n|\n|t:|1700898741\n|switch|p2a: Luxray|Luxray, L50, F, shiny|100\/100|[from] U-turn\n|-ability|p2a: Luxray|Intimidate|boost\n|-unboost|p1a: Pincurchin|atk|1\n|-unboost|p1b: Ninetales|atk|1\n|move|p1a: Pincurchin|Wild Charge|p2b: Gothitelle\n|-damage|p2b: Gothitelle|73\/100\n|-damage|p1a: Pincurchin|33\/100|[from] Recoil\n|\n|-weather|Snow|[upkeep]\n|-start|p1b: Ninetales|perish2\n|-start|p1a: Pincurchin|perish2\n|upkeep\n|turn|4\n|\n|t:|1700898760\n|move|p2b: Gothitelle|Protect|p2b: Gothitelle\n|-singleturn|p2b: Gothitelle|Protect\n|move|p1b: Ninetales|Blizzard|p2a: Luxray|[spread] p2a\n|-activate|p2b: Gothitelle|move: Protect\n|-damage|p2a: Luxray|53\/100\n|move|p2a: Luxray|Thunder Wave|p1b: Ninetales\n|-status|p1b: Ninetales|par\n|move|p1a: Pincurchin|Scald|p2a: Luxray\n|-damage|p2a: Luxray|38\/100\n|\n|-weather|Snow|[upkeep]\n|-start|p1b: Ninetales|perish1\n|-start|p1a: Pincurchin|perish1\n|upkeep\n|turn|5\n|\n|t:|1700898793\n|move|p1a: Pincurchin|Sucker Punch||[still]\n|-fail|p1a: Pincurchin\n|move|p2a: Luxray|Eerie Impulse|p1b: Ninetales\n|-unboost|p1b: Ninetales|spa|2\n|move|p2b: Gothitelle|Heal Pulse|p2a: Luxray\n|-heal|p2a: Luxray|88\/100\n|move|p1b: Ninetales|Blizzard|p2b: Gothitelle|[spread] p2a,p2b\n|-damage|p2a: Luxray|63\/100\n|-damage|p2b: Gothitelle|54\/100\n|\n|-weather|Snow|[upkeep]\n|-start|p1b: Ninetales|perish0\n|-start|p1a: Pincurchin|perish0\n|faint|p1b: Ninetales\n|faint|p1a: Pincurchin\n|upkeep\n|\n|t:|1700898796\n|switch|p1b: Sinistcha|Sinistcha, L50|100\/100\n|switch|p1a: Iron Hands|Iron Hands, L50|100\/100\n|-activate|p1a: Iron Hands|ability: Quark Drive\n|-start|p1a: Iron Hands|quarkdriveatk\n|turn|6\n|\n|t:|1700898822\n|switch|p2a: Murkrow|Murkrow, L50, M, shiny|14\/100\n|move|p2b: Gothitelle|Protect|p2b: Gothitelle\n|-singleturn|p2b: Gothitelle|Protect\n|move|p1b: Sinistcha|Matcha Gotcha|p2b: Gothitelle|[spread] p2a\n|-activate|p2b: Gothitelle|move: Protect\n|-resisted|p2a: Murkrow\n|-damage|p2a: Murkrow|3\/100\n|move|p1a: Iron Hands|Drain Punch|p2a: Murkrow\n|-damage|p2a: Murkrow|0 fnt\n|faint|p2a: Murkrow\n|\n|-weather|none\n|upkeep\n|\n|t:|1700898835\n|switch|p2a: Gengar|Gengar, L50, F, shiny|100\/100\n|turn|7\n|\n|t:|1700898845\n|switch|p2b: Luxray|Luxray, L50, F, shiny|63\/100\n|-ability|p2b: Luxray|Intimidate|boost\n|-unboost|p1a: Iron Hands|atk|1\n|-unboost|p1b: Sinistcha|atk|1\n|move|p2a: Gengar|Perish Song|p2a: Gengar\n|-start|p1a: Iron Hands|perish3|[silent]\n|-start|p1b: Sinistcha|perish3|[silent]\n|-start|p2a: Gengar|perish3|[silent]\n|-start|p2b: Luxray|perish3|[silent]\n|-fieldactivate|move: Perish Song\n|move|p1a: Iron Hands|Wild Charge|p2a: Gengar\n|-enditem|p2a: Gengar|Focus Sash\n|-damage|p2a: Gengar|1\/100\n|-damage|p1a: Iron Hands|86\/100|[from] Recoil\n|move|p1b: Sinistcha|Trick Room|p1b: Sinistcha\n|-fieldstart|move: Trick Room|[of] p1b: Sinistcha\n|\n|-start|p1a: Iron Hands|perish3\n|-start|p1b: Sinistcha|perish3\n|-start|p2b: Luxray|perish3\n|-start|p2a: Gengar|perish3\n|upkeep\n|turn|8\n|\n|t:|1700898865\n|move|p2b: Luxray|Protect|p2b: Luxray\n|-singleturn|p2b: Luxray|Protect\n|move|p2a: Gengar|Protect|p2a: Gengar\n|-singleturn|p2a: Gengar|Protect\n|move|p1a: Iron Hands|Drain Punch|p2b: Luxray\n|-activate|p2b: Luxray|move: Protect\n|move|p1b: Sinistcha|Matcha Gotcha|p2b: Luxray|[spread] \n|-activate|p2a: Gengar|move: Protect\n|-activate|p2b: Luxray|move: Protect\n|\n|-start|p1a: Iron Hands|perish2\n|-start|p1b: Sinistcha|perish2\n|-start|p2b: Luxray|perish2\n|-start|p2a: Gengar|perish2\n|-fieldend|move: Electric Terrain\n|-end|p1a: Iron Hands|Quark Drive\n|upkeep\n|turn|9\n|\n|t:|1700898887\n|move|p2a: Gengar|Protect||[still]\n|-fail|p2a: Gengar\n|move|p1a: Iron Hands|Wild Charge|p2b: Luxray\n|-resisted|p2b: Luxray\n|-damage|p2b: Luxray|45\/100\n|-damage|p1a: Iron Hands|83\/100|[from] Recoil\n|move|p1b: Sinistcha|Matcha Gotcha|p2a: Gengar|[spread] p2a,p2b\n|-resisted|p2a: Gengar\n|-damage|p2a: Gengar|0 fnt\n|-damage|p2b: Luxray|20\/100\n|faint|p2a: Gengar\n|move|p2b: Luxray|Eerie Impulse|p1b: Sinistcha\n|-unboost|p1b: Sinistcha|spa|2\n|\n|-start|p1a: Iron Hands|perish1\n|-start|p1b: Sinistcha|perish1\n|-start|p2b: Luxray|perish1\n|upkeep\n|-message|Gourstru forfeited.\n|\n|win|NApiplana\n|raw|Gourstru's rating: 1136 &rarr; <strong>1103<\/strong><br \/>(-33 for losing)\n|raw|NApiplana's rating: 1019 &rarr; <strong>1068<\/strong><br \/>(+49 for winning)\n|l|\u2606Gourstru\n","uploadtime":1700898919,"views":17,"p1id":"gourstru","p2id":"napiplana","formatid":"gen9vgc2023regulatione","rating":1068,"private":0,"password":""}