{"id":"gen9vgc2023regulatione-1988176007","p1":"Rustyroo","p2":"It\u2019sJustKen VGC","format":"[Gen 9] VGC 2023 Regulation E","log":"|j|\u2606Rustyroo\n|j|\u2606It\u2019sJustKen VGC\n|t:|1699679834\n|gametype|doubles\n|player|p1|Rustyroo|1|1295\n|player|p2|It\u2019sJustKen VGC|turo|1254\n|teamsize|p1|6\n|teamsize|p2|6\n|gen|9\n|tier|[Gen 9] VGC 2023 Regulation E\n|rated|\n|rule|Species Clause: Limit one of each Pok\u00e9mon\n|rule|Item Clause: Limit one of each item\n|clearpoke\n|poke|p1|Arcanine-Hisui, L50, M|\n|poke|p1|Urshifu-*, L50, M|\n|poke|p1|Chien-Pao, L50|\n|poke|p1|Tornadus, L50, M|\n|poke|p1|Flutter Mane, L50|\n|poke|p1|Rillaboom, L50, F|\n|poke|p2|Ting-Lu, L50|\n|poke|p2|Palafin, L50, M|\n|poke|p2|Pelipper, L50, M|\n|poke|p2|Flutter Mane, L50|\n|poke|p2|Ogerpon-Hearthflame, L50, F|\n|poke|p2|Dragonite, L50, F|\n|teampreview|4\n|inactive|Battle timer is ON: inactive players will automatically lose when time's up. (requested by It\u2019sJustKen VGC)\nRustyroo has agreed to open team sheets.\n|inactive|It\u2019sJustKen VGC has 60 seconds left.\n|c|\u2606It\u2019sJustKen VGC|Glhf\n|c|\u2606Rustyroo|u2\n|inactive|It\u2019sJustKen VGC has 30 seconds left.\n|inactive|It\u2019sJustKen VGC has 20 seconds left.\n|inactive|It\u2019sJustKen VGC has 15 seconds left.\n|inactive|It\u2019sJustKen VGC has 10 seconds left.\n|inactive|It\u2019sJustKen VGC has 5 seconds left.\n|\n|t:|1699679923\n|start\n|switch|p1a: Tornadus|Tornadus, L50, M|100\/100\n|switch|p1b: Arcanine|Arcanine-Hisui, L50, M|100\/100\n|switch|p2a: Ogerpon|Ogerpon-Hearthflame, L50, F|100\/100\n|switch|p2b: Palafin|Palafin, L50, M|100\/100\n|-ability|p2a: Ogerpon|Mold Breaker\n|-ability|p1b: Arcanine|Intimidate|boost\n|-unboost|p2a: Ogerpon|atk|1\n|-unboost|p2b: Palafin|atk|1\n|turn|1\n|\n|t:|1699679940\n|detailschange|p2b: Palafin|Palafin-Hero, L50, M\n|switch|p2b: Ting-Lu|Ting-Lu, L50|100\/100\n|-ability|p2b: Ting-Lu|Vessel of Ruin\n|move|p2a: Ogerpon|Spiky Shield|p2a: Ogerpon\n|-singleturn|p2a: Ogerpon|move: Protect\n|move|p1a: Tornadus|Bleakwind Storm|p2a: Ogerpon|[spread] p2b\n|-activate|p2a: Ogerpon|move: Protect\n|-damage|p2b: Ting-Lu|87\/100\n|move|p1b: Arcanine|Rock Slide|p2b: Ting-Lu|[spread] \n|-activate|p2a: Ogerpon|move: Protect\n|-miss|p1b: Arcanine|p2b: Ting-Lu\n|\n|upkeep\n|turn|2\n|\n|t:|1699679955\n|-terastallize|p1b: Arcanine|Normal\n|move|p2a: Ogerpon|Helping Hand|p2b: Ting-Lu\n|-singleturn|p2b: Ting-Lu|Helping Hand|[of] p2a: Ogerpon\n|move|p1a: Tornadus|Bleakwind Storm|p2a: Ogerpon|[spread] p2a,p2b\n|-supereffective|p2a: Ogerpon\n|-damage|p2a: Ogerpon|33\/100\n|-damage|p2b: Ting-Lu|73\/100\n|-unboost|p2a: Ogerpon|spe|1\n|-unboost|p2b: Ting-Lu|spe|1\n|move|p1b: Arcanine|Rock Slide|p2a: Ogerpon|[spread] p2a,p2b\n|-supereffective|p2a: Ogerpon\n|-resisted|p2b: Ting-Lu\n|-damage|p2a: Ogerpon|0 fnt\n|-damage|p2b: Ting-Lu|61\/100\n|faint|p2a: Ogerpon\n|move|p2b: Ting-Lu|Stomping Tantrum|p1b: Arcanine\n|-damage|p1b: Arcanine|28\/100\n|\n|upkeep\n|\n|t:|1699679972\n|switch|p2a: Palafin|Palafin-Hero, L50, M|100\/100\n|-activate|p2a: Palafin|ability: Zero to Hero\n|turn|3\n|inactive|Rustyroo has 30 seconds left.\n|\n|t:|1699680005\n|-terastallize|p2a: Palafin|Water\n|move|p2a: Palafin|Wave Crash|p1a: Tornadus\n|-damage|p1a: Tornadus|0 fnt\n|faint|p1a: Tornadus\n|-damage|p2a: Palafin|72\/100|[from] Recoil\n|move|p1b: Arcanine|Rock Slide|p2b: Ting-Lu|[spread] p2a,p2b\n|-resisted|p2b: Ting-Lu\n|-damage|p2a: Palafin|31\/100\n|-damage|p2b: Ting-Lu|49\/100\n|cant|p2b: Ting-Lu|flinch\n|\n|upkeep\n|\n|t:|1699680012\n|switch|p1a: Chien-Pao|Chien-Pao, L50|100\/100\n|-ability|p1a: Chien-Pao|Sword of Ruin\n|turn|4\n|inactive|It\u2019sJustKen VGC has 30 seconds left.\n|inactive|It\u2019sJustKen VGC has 20 seconds left.\n|inactive|It\u2019sJustKen VGC has 15 seconds left.\n|\n|t:|1699680055\n|switch|p2a: Dragonite|Dragonite, L50, F|100\/100\n|move|p1a: Chien-Pao|Sacred Sword|p2a: Dragonite\n|-resisted|p2a: Dragonite\n|-crit|p2a: Dragonite\n|-damage|p2a: Dragonite|68\/100\n|move|p1b: Arcanine|Rock Slide|p2a: Dragonite|[spread] p2a,p2b\n|-supereffective|p2a: Dragonite\n|-resisted|p2b: Ting-Lu\n|-damage|p2a: Dragonite|0 fnt\n|-damage|p2b: Ting-Lu|32\/100\n|faint|p2a: Dragonite\n|move|p2b: Ting-Lu|Heavy Slam|p1a: Chien-Pao\n|-supereffective|p1a: Chien-Pao\n|-damage|p1a: Chien-Pao|6\/100\n|\n|upkeep\n|\n|t:|1699680058\n|switch|p2a: Palafin|Palafin-Hero, L50, M, tera:Water|31\/100\n|turn|5\n|\n|t:|1699680074\n|move|p1a: Chien-Pao|Protect|p1a: Chien-Pao\n|-singleturn|p1a: Chien-Pao|Protect\n|move|p2a: Palafin|Jet Punch|p1a: Chien-Pao\n|-activate|p1a: Chien-Pao|move: Protect\n|move|p1b: Arcanine|Rock Slide|p2b: Ting-Lu|[spread] p2a,p2b\n|-resisted|p2b: Ting-Lu\n|-damage|p2a: Palafin|0 fnt\n|-damage|p2b: Ting-Lu|15\/100\n|faint|p2a: Palafin\n|move|p2b: Ting-Lu|Stomping Tantrum|p1b: Arcanine\n|-damage|p1b: Arcanine|0 fnt\n|faint|p1b: Arcanine\n|\n|upkeep\n|-message|It\u2019sJustKen VGC forfeited.\n|\n|win|Rustyroo\n|raw|Rustyroo's rating: 1295 &rarr; <strong>1317<\/strong><br \/>(+22 for winning)\n|raw|It\u2019sJustKen VGC's rating: 1254 &rarr; <strong>1232<\/strong><br \/>(-22 for losing)\n|l|\u2606Rustyroo\n","uploadtime":1699680122,"views":12,"p1id":"rustyroo","p2id":"itsjustkenvgc","formatid":"gen9vgc2023regulatione","rating":1232,"private":0,"password":""}