{"id":"gen9vgc2023regulatione-1999189681","p1":"BabaYaga_oog","p2":"Typonese","format":"[Gen 9] VGC 2023 Regulation E","log":"|j|\u2606BabaYaga_oog\n|j|\u2606Typonese\n|t:|1701043310\n|gametype|doubles\n|player|p1|BabaYaga_oog|170|1397\n|player|p2|Typonese|acetrainerf-gen4|1301\n|teamsize|p1|6\n|teamsize|p2|6\n|gen|9\n|tier|[Gen 9] VGC 2023 Regulation E\n|rated|\n|rule|Species Clause: Limit one of each Pok\u00e9mon\n|rule|Item Clause: Limit one of each item\n|clearpoke\n|poke|p1|Gholdengo, L50|\n|poke|p1|Gothitelle, L50, F|\n|poke|p1|Urshifu-*, L50, F|\n|poke|p1|Ogerpon, L50, F|\n|poke|p1|Heatran, L50, M|\n|poke|p1|Landorus-Therian, L50, M|\n|poke|p2|Iron Hands, L50|\n|poke|p2|Arcanine-Hisui, L50, M|\n|poke|p2|Gholdengo, L50|\n|poke|p2|Tornadus, L50, M|\n|poke|p2|Urshifu-*, L50, F|\n|poke|p2|Amoonguss, L50, F|\n|teampreview|4\n|inactive|Battle timer is ON: inactive players will automatically lose when time's up. (requested by BabaYaga_oog)\n|inactive|BabaYaga_oog has 60 seconds left.\n|inactive|Typonese has 60 seconds left.\n|inactive|BabaYaga_oog has 30 seconds left.\n|\n|t:|1701043375\n|start\n|switch|p1a: Ogerpon|Ogerpon, L50, F|100\/100\n|switch|p1b: Landorus|Landorus-Therian, L50, M|100\/100\n|switch|p2a: Tornadus|Tornadus, L50, M|100\/100\n|switch|p2b: Arcanine|Arcanine-Hisui, L50, M|100\/100\n|-ability|p2b: Arcanine|Intimidate|boost\n|-unboost|p1a: Ogerpon|atk|1\n|-ability|p1a: Ogerpon|Defiant|boost\n|-boost|p1a: Ogerpon|atk|2\n|-unboost|p1b: Landorus|atk|1\n|-ability|p1b: Landorus|Intimidate|boost\n|-unboost|p2a: Tornadus|atk|1\n|-unboost|p2b: Arcanine|atk|1\n|turn|1\n|inactive|Typonese has 30 seconds left.\n|inactive|Typonese has 20 seconds left.\n|inactive|Typonese has 15 seconds left.\n|\n|t:|1701043417\n|-terastallize|p2b: Arcanine|Fairy\n|move|p2a: Tornadus|Tailwind|p2a: Tornadus\n|-sidestart|p2: Typonese|move: Tailwind\n|move|p2b: Arcanine|Rock Slide|p1b: Landorus|[spread] p1a,p1b\n|-damage|p1a: Ogerpon|66\/100\n|-damage|p1b: Landorus|74\/100\n|cant|p1a: Ogerpon|flinch\n|cant|p1b: Landorus|flinch\n|\n|upkeep\n|turn|2\n|inactive|BabaYaga_oog has 30 seconds left.\n|inactive|Typonese has 30 seconds left.\n|inactive|BabaYaga_oog has 20 seconds left.\n|\n|t:|1701043455\n|switch|p1a: Gothitelle|Gothitelle, L50, F|100\/100\n|switch|p1b: Gholdengo|Gholdengo, L50|100\/100\n|move|p2a: Tornadus|Bleakwind Storm|p1a: Gothitelle|[spread] p1a,p1b\n|-resisted|p1b: Gholdengo\n|-damage|p1a: Gothitelle|77\/100\n|-damage|p1b: Gholdengo|84\/100\n|-unboost|p1b: Gholdengo|spe|1\n|move|p2b: Arcanine|Rock Slide|p1a: Gothitelle|[spread] p1a,p1b\n|-resisted|p1b: Gholdengo\n|-damage|p1a: Gothitelle|49\/100\n|-damage|p1b: Gholdengo|70\/100\n|-enditem|p1a: Gothitelle|Sitrus Berry|[eat]\n|-heal|p1a: Gothitelle|74\/100|[from] item: Sitrus Berry\n|\n|upkeep\n|turn|3\n|inactive|BabaYaga_oog has 30 seconds left.\n|inactive|BabaYaga_oog has 20 seconds left.\n|inactive|BabaYaga_oog has 15 seconds left.\n|\n|t:|1701043496\n|move|p1a: Gothitelle|Fake Out|p2b: Arcanine\n|-damage|p2b: Arcanine|92\/100\n|move|p2a: Tornadus|Bleakwind Storm|p1b: Gholdengo|[spread] p1a,p1b\n|-resisted|p1b: Gholdengo\n|-damage|p1a: Gothitelle|50\/100\n|-damage|p1b: Gholdengo|52\/100\n|cant|p2b: Arcanine|flinch\n|move|p1b: Gholdengo|Trick|p2a: Tornadus\n|-activate|p1b: Gholdengo|move: Trick|[of] p2a: Tornadus\n|-item|p2a: Tornadus|Choice Specs|[from] move: Trick\n|-item|p1b: Gholdengo|Rocky Helmet|[from] move: Trick\n|\n|upkeep\n|turn|4\n|inactive|BabaYaga_oog has 30 seconds left.\n|\n|t:|1701043529\n|-terastallize|p1b: Gholdengo|Water\n|move|p2a: Tornadus|Bleakwind Storm|p1b: Gholdengo|[spread] p1b\n|-miss|p2a: Tornadus|p1a: Gothitelle\n|-damage|p1b: Gholdengo|0 fnt\n|faint|p1b: Gholdengo\n|move|p2b: Arcanine|Rock Slide|p1a: Gothitelle\n|-damage|p1a: Gothitelle|15\/100\n|move|p1a: Gothitelle|Psychic|p2b: Arcanine\n|-damage|p2b: Arcanine|51\/100\n|\n|-sideend|p2: Typonese|move: Tailwind\n|upkeep\n|\n|t:|1701043543\n|switch|p1b: Landorus|Landorus-Therian, L50, M|74\/100\n|-ability|p1b: Landorus|Intimidate|boost\n|-unboost|p2a: Tornadus|atk|1\n|-unboost|p2b: Arcanine|atk|1\n|turn|5\n|\n|t:|1701043554\n|move|p1a: Gothitelle|Protect|p1a: Gothitelle\n|-singleturn|p1a: Gothitelle|Protect\n|move|p2a: Tornadus|Bleakwind Storm|p1a: Gothitelle|[spread] p1b\n|-activate|p1a: Gothitelle|move: Protect\n|-damage|p1b: Landorus|40\/100\n|-unboost|p1b: Landorus|spe|1\n|move|p2b: Arcanine|Rock Slide|p1b: Landorus|[spread] p1b\n|-activate|p1a: Gothitelle|move: Protect\n|-crit|p1b: Landorus\n|-damage|p1b: Landorus|0 fnt\n|faint|p1b: Landorus\n|\n|upkeep\n|c|\u2606Typonese|wow\n|\n|t:|1701043566\n|switch|p1b: Ogerpon|Ogerpon, L50, F|66\/100\n|turn|6\n|c|\u2606Typonese|thats unlucky\n|\n|t:|1701043580\n|move|p1b: Ogerpon|Ivy Cudgel|p2b: Arcanine\n|-damage|p2b: Arcanine|0 fnt\n|faint|p2b: Arcanine\n|move|p2a: Tornadus|Bleakwind Storm|p1b: Ogerpon|[spread] p1a,p1b\n|-supereffective|p1b: Ogerpon\n|-damage|p1a: Gothitelle|0 fnt\n|-damage|p1b: Ogerpon|0 fnt\n|faint|p1a: Gothitelle\n|faint|p1b: Ogerpon\n|\n|win|Typonese\n|raw|BabaYaga_oog's rating: 1397 &rarr; <strong>1372<\/strong><br \/>(-25 for losing)\n|raw|Typonese's rating: 1301 &rarr; <strong>1326<\/strong><br \/>(+25 for winning)\n","uploadtime":1701043594,"views":21,"p1id":"babayagaoog","p2id":"typonese","formatid":"gen9vgc2023regulatione","rating":1326,"private":0,"password":""}