{"id":"gen9vgc2023regulatione-1991802217","p1":"k1tfox","p2":"VGCLinx","format":"[Gen 9] VGC 2023 Regulation E","log":"|j|\u2606k1tfox\n|j|\u2606VGCLinx\n|t:|1700120088\n|gametype|doubles\n|player|p1|k1tfox|harlequin|1038\n|player|p2|VGCLinx|101|1108\n|teamsize|p1|6\n|teamsize|p2|5\n|gen|9\n|tier|[Gen 9] VGC 2023 Regulation E\n|rated|\n|rule|Species Clause: Limit one of each Pok\u00e9mon\n|rule|Item Clause: Limit one of each item\n|clearpoke\n|poke|p1|Slaking, L50, F|\n|poke|p1|Weezing-Galar, L50, F|\n|poke|p1|Thundurus, L50, M|\n|poke|p1|Urshifu-*, L50, M|\n|poke|p1|Scizor, L50, M|\n|poke|p1|Sinistcha, L50|\n|poke|p2|Politoed, L50, F|\n|poke|p2|Ludicolo, L50, M|\n|poke|p2|Tornadus, L50, M|\n|poke|p2|Zapdos, L50|\n|poke|p2|Iron Bundle, L50|\n|teampreview|4\n|\n|t:|1700120136\n|start\n|switch|p1a: Truan't|Slaking, L50, F|100\/100\n|switch|p1b: Gas powered ball|Weezing-Galar, L50, F|100\/100\n|switch|p2a: Tornadus|Tornadus, L50, M|100\/100\n|switch|p2b: Ludicolo|Ludicolo, L50, M|100\/100\n|-ability|p1b: Gas powered ball|Neutralizing Gas\n|turn|1\n|c|\u2606k1tfox|may i sufggest grafaiai or another gravitymon for hypmosis?\n|inactive|Battle timer is ON: inactive players will automatically lose when time's up. (requested by VGCLinx)\n|\n|t:|1700120169\n|move|p2a: Tornadus|Rain Dance|p2a: Tornadus\n|-weather|RainDance\n|move|p1a: Truan't|Giga Impact|p2a: Tornadus\n|-damage|p2a: Tornadus|0 fnt\n|-mustrecharge|p1a: Truan't\n|faint|p2a: Tornadus\n|move|p2b: Ludicolo|Weather Ball|p1b: Gas powered ball\n|-damage|p1b: Gas powered ball|53\/100\n|move|p1b: Gas powered ball|Dazzling Gleam|p2b: Ludicolo\n|-damage|p2b: Ludicolo|84\/100\n|\n|-weather|RainDance|[upkeep]\n|upkeep\n|\n|t:|1700120186\n|switch|p2a: Zapdos|Zapdos, L50|100\/100\n|turn|2\n|\n|t:|1700120203\n|move|p2a: Zapdos|Hurricane|p1b: Gas powered ball\n|-damage|p1b: Gas powered ball|7\/100\n|-enditem|p1b: Gas powered ball|Aguav Berry|[eat]\n|-heal|p1b: Gas powered ball|41\/100|[from] item: Aguav Berry\n|cant|p1a: Truan't|recharge\n|move|p2b: Ludicolo|Weather Ball|p1b: Gas powered ball\n|-damage|p1b: Gas powered ball|0 fnt\n|faint|p1b: Gas powered ball\n|-end|p1b: Gas powered ball|ability: Neutralizing Gas\n|-ability|p2a: Zapdos|Pressure\n|\n|-weather|RainDance|[upkeep]\n|upkeep\n|\n|t:|1700120225\n|switch|p1b: Glow-up|Scizor, L50, M|100\/100\n|turn|3\n|inactive|k1tfox has 30 seconds left.\n|\n|t:|1700120257\n|move|p2b: Ludicolo|Icy Wind|p1b: Glow-up|[spread] p1a,p1b\n|-resisted|p1b: Glow-up\n|-damage|p1a: Truan't|93\/100\n|-damage|p1b: Glow-up|95\/100\n|-unboost|p1a: Truan't|spe|1\n|-unboost|p1b: Glow-up|spe|1\n|move|p2a: Zapdos|Hurricane|p1b: Glow-up\n|-damage|p1b: Glow-up|39\/100\n|cant|p1a: Truan't|ability: Truant\n|move|p1b: Glow-up|Bug Bite|p2b: Ludicolo\n|-supereffective|p2b: Ludicolo\n|-damage|p2b: Ludicolo|0 fnt\n|faint|p2b: Ludicolo\n|-damage|p1b: Glow-up|29\/100|[from] item: Life Orb\n|\n|-weather|RainDance|[upkeep]\n|upkeep\n|\n|t:|1700120274\n|switch|p2b: Iron Bundle|Iron Bundle, L50|100\/100\n|-enditem|p2b: Iron Bundle|Booster Energy\n|-activate|p2b: Iron Bundle|ability: Quark Drive|[fromitem]\n|-start|p2b: Iron Bundle|quarkdrivespe\n|turn|4\n|\n|t:|1700120289\n|move|p2b: Iron Bundle|Protect|p2b: Iron Bundle\n|-singleturn|p2b: Iron Bundle|Protect\n|move|p1b: Glow-up|Bullet Punch|p2b: Iron Bundle\n|-activate|p2b: Iron Bundle|move: Protect\n|move|p2a: Zapdos|Hurricane|p1b: Glow-up\n|-damage|p1b: Glow-up|0 fnt\n|faint|p1b: Glow-up\n|move|p1a: Truan't|Giga Impact|p2a: Zapdos\n|-damage|p2a: Zapdos|25\/100\n|-mustrecharge|p1a: Truan't\n|-damage|p1a: Truan't|77\/100|[from] item: Rocky Helmet|[of] p2a: Zapdos\n|\n|-weather|RainDance|[upkeep]\n|upkeep\n|\n|t:|1700120301\n|switch|p1b: Tricky|Thundurus, L50, M|100\/100\n|turn|5\n|\n|t:|1700120329\n|move|p1b: Tricky|Eerie Impulse|p2b: Iron Bundle\n|-unboost|p2b: Iron Bundle|spa|2\n|move|p2b: Iron Bundle|Freeze-Dry|p1b: Tricky\n|-supereffective|p1b: Tricky\n|-damage|p1b: Tricky|68\/100\n|move|p2a: Zapdos|Thunder|p1b: Tricky\n|-damage|p1b: Tricky|28\/100\n|cant|p1a: Truan't|recharge\n|\n|-weather|none\n|upkeep\n|turn|6\n|\n|t:|1700120351\n|move|p2b: Iron Bundle|Endure|p2b: Iron Bundle\n|-singleturn|p2b: Iron Bundle|move: Endure\n|move|p2a: Zapdos|Detect|p2a: Zapdos\n|-singleturn|p2a: Zapdos|Protect\n|move|p1b: Tricky|Sludge Bomb|p2a: Zapdos\n|-activate|p2a: Zapdos|move: Protect\n|move|p1a: Truan't|High Horsepower|p2b: Iron Bundle\n|-damage|p2b: Iron Bundle|53\/100\n|\n|upkeep\n|turn|7\n|inactive|k1tfox has 30 seconds left.\n|\n|t:|1700120379\n|move|p1b: Tricky|Eerie Impulse|p2a: Zapdos\n|-unboost|p2a: Zapdos|spa|2\n|move|p2b: Iron Bundle|Freeze-Dry|p1b: Tricky\n|-supereffective|p1b: Tricky\n|-damage|p1b: Tricky|1\/100\n|-enditem|p1b: Tricky|Figy Berry|[eat]\n|-heal|p1b: Tricky|34\/100|[from] item: Figy Berry\n|-start|p1b: Tricky|confusion\n|move|p2a: Zapdos|Roost|p2a: Zapdos\n|-heal|p2a: Zapdos|76\/100\n|-singleturn|p2a: Zapdos|move: Roost\n|cant|p1a: Truan't|ability: Truant\n|\n|upkeep\n|turn|8\n|c|\u2606k1tfox|wait what\n|c|\u2606k1tfox|wrong berry -m-\n|inactive|k1tfox has 30 seconds left.\n|inactive|VGCLinx has 30 seconds left.\n|inactive|k1tfox has 20 seconds left.\n|inactive|k1tfox has 15 seconds left.\n|\n|t:|1700120419\n|-terastallize|p2b: Iron Bundle|Ghost\n|move|p2a: Zapdos|Detect|p2a: Zapdos\n|-singleturn|p2a: Zapdos|Protect\n|-activate|p1b: Tricky|confusion\n|-damage|p1b: Tricky|23\/100|[from] confusion\n|move|p2b: Iron Bundle|Freeze-Dry|p1a: Truan't\n|-damage|p1a: Truan't|65\/100\n|move|p1a: Truan't|Drain Punch|p2b: Iron Bundle\n|-immune|p2b: Iron Bundle\n|\n|upkeep\n|turn|9\n|\n|t:|1700120440\n|-end|p1b: Tricky|confusion\n|move|p1b: Tricky|Taunt|p2a: Zapdos\n|-start|p2a: Zapdos|move: Taunt\n|cant|p1a: Truan't|ability: Truant\n|move|p2b: Iron Bundle|Freeze-Dry|p1a: Truan't\n|-damage|p1a: Truan't|53\/100\n|-status|p1a: Truan't|frz\n|move|p2a: Zapdos|Hurricane|p1a: Truan't|[miss]\n|-miss|p2a: Zapdos|p1a: Truan't\n|\n|upkeep\n|turn|10\n|c|\u2606k1tfox|oh my god\n|inactive|k1tfox has 30 seconds left.\n|\n|t:|1700120467\n|move|p1b: Tricky|Eerie Impulse|p2a: Zapdos\n|-unboost|p2a: Zapdos|spa|2\n|-curestatus|p1a: Truan't|frz|[msg]\n|move|p1a: Truan't|Sucker Punch|p2b: Iron Bundle\n|-supereffective|p2b: Iron Bundle\n|-damage|p2b: Iron Bundle|0 fnt\n|faint|p2b: Iron Bundle\n|-end|p2b: Iron Bundle|Quark Drive|[silent]\n|move|p2a: Zapdos|Hurricane|p1a: Truan't\n|-damage|p1a: Truan't|43\/100\n|\n|upkeep\n|turn|11\n|-message|VGCLinx forfeited.\n|\n|win|k1tfox\n|raw|k1tfox's rating: 1038 &rarr; <strong>1079<\/strong><br \/>(+41 for winning)\n|raw|VGCLinx's rating: 1108 &rarr; <strong>1078<\/strong><br \/>(-30 for losing)\n|l|\u2606VGCLinx\n|c|\u2606k1tfox|gg\n","uploadtime":1700120493,"views":17,"p1id":"k1tfox","p2id":"vgclinx","formatid":"gen9vgc2023regulatione","rating":1078,"private":0,"password":""}