{"id":"gen9vgc2023regulatione-1997431152","p1":"synhgs","p2":"Zeus_Swerve","format":"[Gen 9] VGC 2023 Regulation E","log":"|j|\u2606synhgs\n|j|\u2606Zeus_Swerve\n|t:|1700804024\n|gametype|doubles\n|player|p1|synhgs|170|1098\n|player|p2|Zeus_Swerve|1|1000\n|teamsize|p1|6\n|teamsize|p2|6\n|gen|9\n|tier|[Gen 9] VGC 2023 Regulation E\n|rated|\n|rule|Species Clause: Limit one of each Pok\u00e9mon\n|rule|Item Clause: Limit one of each item\n|clearpoke\n|poke|p1|Sylveon, L50, M|\n|poke|p1|Urshifu-*, L50, F|\n|poke|p1|Arcanine-Hisui, L50, F|\n|poke|p1|Ogerpon-Wellspring, L50, F|\n|poke|p1|Regieleki, L50|\n|poke|p1|Sinistcha, L50|\n|poke|p2|Iron Valiant, L50|\n|poke|p2|Okidogi, L50, M|\n|poke|p2|Tinkaton, L50, F|\n|poke|p2|Tatsugiri, L50, M|\n|poke|p2|Dondozo, L50, F|\n|poke|p2|Glimmora, L50, M|\n|teampreview|4\n|\n|t:|1700804066\n|start\n|switch|p1a: :3|Arcanine-Hisui, L50, F|100\/100\n|switch|p1b: bear|Urshifu, L50, F|100\/100\n|switch|p2a: Glimmora|Glimmora, L50, M|100\/100\n|switch|p2b: Iron Valiant|Iron Valiant, L50|100\/100\n|-ability|p1a: :3|Intimidate|boost\n|-unboost|p2a: Glimmora|atk|1\n|-unboost|p2b: Iron Valiant|atk|1\n|-enditem|p2b: Iron Valiant|Booster Energy\n|-activate|p2b: Iron Valiant|ability: Quark Drive|[fromitem]\n|-start|p2b: Iron Valiant|quarkdrivespe\n|turn|1\n|\n|t:|1700804121\n|-terastallize|p2b: Iron Valiant|Dark\n|move|p2b: Iron Valiant|Knock Off|p1b: bear\n|-resisted|p1b: bear\n|-crit|p1b: bear\n|-damage|p1b: bear|80\/100\n|-enditem|p1b: bear|Choice Band|[from] move: Knock Off|[of] p2b: Iron Valiant\n|move|p1b: bear|Close Combat|p2b: Iron Valiant\n|-supereffective|p2b: Iron Valiant\n|-damage|p2b: Iron Valiant|0 fnt\n|-unboost|p1b: bear|def|1\n|-unboost|p1b: bear|spd|1\n|faint|p2b: Iron Valiant\n|-end|p2b: Iron Valiant|Quark Drive|[silent]\n|move|p1a: :3|Flare Blitz|p2a: Glimmora\n|-resisted|p2a: Glimmora\n|-damage|p2a: Glimmora|64\/100\n|-activate|p2a: Glimmora|ability: Toxic Debris\n|-sidestart|p1: synhgs|move: Toxic Spikes\n|-damage|p1a: :3|89\/100|[from] Recoil\n|move|p2a: Glimmora|Earth Power|p1a: :3\n|-supereffective|p1a: :3\n|-damage|p1a: :3|0 fnt\n|faint|p1a: :3\n|\n|upkeep\n|\n|t:|1700804149\n|switch|p2b: Dondozo|Dondozo, L50, F|100\/100\n|switch|p1a: critter|Ogerpon-Wellspring, L50, F|100\/100\n|-status|p1a: critter|psn\n|turn|2\n|\n|t:|1700804180\n|move|p2b: Dondozo|Protect|p2b: Dondozo\n|-singleturn|p2b: Dondozo|Protect\n|move|p1b: bear|Sucker Punch||[still]\n|-fail|p1b: bear\n|move|p1a: critter|Horn Leech|p2b: Dondozo\n|-activate|p2b: Dondozo|move: Protect\n|move|p2a: Glimmora|Power Gem|p1b: bear\n|-resisted|p1b: bear\n|-damage|p1b: bear|36\/100\n|\n|-damage|p1a: critter|88\/100 psn|[from] psn\n|upkeep\n|turn|3\n|\n|t:|1700804216\n|move|p1a: critter|Horn Leech|p2b: Dondozo\n|-supereffective|p2b: Dondozo\n|-crit|p2b: Dondozo\n|-damage|p2b: Dondozo|24\/100\n|-heal|p1a: critter|100\/100 psn|[from] drain|[of] p2b: Dondozo\n|-enditem|p2b: Dondozo|Sitrus Berry|[eat]\n|-heal|p2b: Dondozo|48\/100|[from] item: Sitrus Berry\n|move|p1b: bear|Wicked Blow|p2b: Dondozo\n|-crit|p2b: Dondozo\n|-damage|p2b: Dondozo|7\/100\n|move|p2a: Glimmora|Power Gem|p1b: bear\n|-resisted|p1b: bear\n|-damage|p1b: bear|0 fnt\n|faint|p1b: bear\n|move|p2b: Dondozo|Wave Crash|p1a: critter\n|-immune|p1a: critter|[from] ability: Water Absorb\n|\n|-damage|p1a: critter|88\/100 psn|[from] psn\n|upkeep\n|\n|t:|1700804232\n|switch|p1b: Astolfo|Sylveon, L50, M|100\/100\n|-status|p1b: Astolfo|psn\n|turn|4\n|\n|t:|1700804264\n|move|p2b: Dondozo|Protect|p2b: Dondozo\n|-singleturn|p2b: Dondozo|Protect\n|move|p1a: critter|Horn Leech|p2a: Glimmora\n|-damage|p2a: Glimmora|19\/100\n|-heal|p1a: critter|100\/100 psn|[from] drain|[of] p2a: Glimmora\n|-activate|p2a: Glimmora|ability: Toxic Debris\n|-sidestart|p1: synhgs|move: Toxic Spikes\n|move|p2a: Glimmora|Power Gem|p1b: Astolfo\n|-damage|p1b: Astolfo|72\/100 psn\n|move|p1b: Astolfo|Hyper Voice|p2a: Glimmora|[spread] p2a\n|-activate|p2b: Dondozo|move: Protect\n|-resisted|p2a: Glimmora\n|-crit|p2a: Glimmora\n|-damage|p2a: Glimmora|0 fnt\n|faint|p2a: Glimmora\n|\n|-damage|p1a: critter|88\/100 psn|[from] psn\n|-damage|p1b: Astolfo|60\/100 psn|[from] psn\n|upkeep\n|\n|t:|1700804281\n|switch|p2a: Tatsugiri|Tatsugiri, L50, M|100\/100\n|-activate|p2a: Tatsugiri|ability: Commander|[of] p2b: Dondozo\n|-boost|p2b: Dondozo|atk|2\n|-boost|p2b: Dondozo|spa|2\n|-boost|p2b: Dondozo|spe|2\n|-boost|p2b: Dondozo|def|2\n|-boost|p2b: Dondozo|spd|2\n|turn|5\n|\n|t:|1700804295\n|move|p2b: Dondozo|Order Up|p1b: Astolfo\n|-immune|p1b: Astolfo\n|move|p1a: critter|Horn Leech|p2b: Dondozo\n|-supereffective|p2b: Dondozo\n|-damage|p2b: Dondozo|0 fnt\n|-heal|p1a: critter|92\/100 psn|[from] drain|[of] p2b: Dondozo\n|faint|p2b: Dondozo\n|move|p1b: Astolfo|Hyper Voice|p2a: Tatsugiri\n|-supereffective|p2a: Tatsugiri\n|-damage|p2a: Tatsugiri|0 fnt\n|faint|p2a: Tatsugiri\n|\n|win|synhgs\n|raw|synhgs's rating: 1098 &rarr; <strong>1116<\/strong><br \/>(+18 for winning)\n|raw|Zeus_Swerve's rating: 1000 &rarr; <strong>1000<\/strong><br \/>(+0 for losing)\n","uploadtime":1700804307,"views":22,"p1id":"synhgs","p2id":"zeusswerve","formatid":"gen9vgc2023regulatione","rating":1000,"private":0,"password":""}