{"id":"gen9vgc2023regulatione-1997529451","p1":"cicibi","p2":"Akuriom","format":"[Gen 9] VGC 2023 Regulation E","log":"|j|\u2606cicibi\n|j|\u2606Akuriom\n|t:|1700820835\n|gametype|doubles\n|player|p1|cicibi|policeman|1476\n|player|p2|Akuriom|blackbelt-gen4dp|1385\n|teamsize|p1|6\n|teamsize|p2|6\n|gen|9\n|tier|[Gen 9] VGC 2023 Regulation E\n|rated|\n|rule|Species Clause: Limit one of each Pok\u00e9mon\n|rule|Item Clause: Limit one of each item\n|clearpoke\n|poke|p1|Amoonguss, L50, F|\n|poke|p1|Chi-Yu, L50|\n|poke|p1|Flutter Mane, L50|\n|poke|p1|Iron Bundle, L50|\n|poke|p1|Iron Hands, L50|\n|poke|p1|Landorus-Therian, L50, M|\n|poke|p2|Dondozo, L50, M|\n|poke|p2|Heatran, L50, M|\n|poke|p2|Urshifu-*, L50, F|\n|poke|p2|Salamence, L50, F|\n|poke|p2|Flutter Mane, L50|\n|poke|p2|Rillaboom, L50, F|\n|teampreview|4\nAkuriom has agreed to open team sheets.\n|\n|t:|1700820882\n|start\n|switch|p1a: Amoonguss|Amoonguss, L50, F|100\/100\n|switch|p1b: Flutter Mane|Flutter Mane, L50|100\/100\n|switch|p2a: Rillaboom|Rillaboom, L50, F|100\/100\n|switch|p2b: Salamence|Salamence, L50, F|100\/100\n|-ability|p2b: Salamence|Intimidate|boost\n|-unboost|p1a: Amoonguss|atk|1\n|-unboost|p1b: Flutter Mane|atk|1\n|-fieldstart|move: Grassy Terrain|[from] ability: Grassy Surge|[of] p2a: Rillaboom\n|turn|1\n|\n|t:|1700820910\n|-terastallize|p2b: Salamence|Water\n|move|p2a: Rillaboom|Fake Out|p1a: Amoonguss\n|-damage|p1a: Amoonguss|89\/100\n|-damage|p2a: Rillaboom|84\/100|[from] item: Rocky Helmet|[of] p1a: Amoonguss\n|move|p1b: Flutter Mane|Dazzling Gleam|p2a: Rillaboom|[spread] p2a,p2b\n|-crit|p2a: Rillaboom\n|-damage|p2a: Rillaboom|31\/100\n|-damage|p2b: Salamence|52\/100\n|move|p2b: Salamence|Tailwind|p2b: Salamence\n|-sidestart|p2: Akuriom|move: Tailwind\n|cant|p1a: Amoonguss|flinch\n|\n|-heal|p2b: Salamence|58\/100|[from] Grassy Terrain\n|-heal|p2a: Rillaboom|37\/100|[from] Grassy Terrain\n|-heal|p1a: Amoonguss|95\/100|[from] Grassy Terrain\n|upkeep\n|turn|2\n|\n|t:|1700820932\n|-end|p1b: Flutter Mane|Protosynthesis|[silent]\n|switch|p1b: Iron Hands|Iron Hands, L50|100\/100\n|move|p2b: Salamence|Air Slash|p1a: Amoonguss\n|-supereffective|p1a: Amoonguss\n|-damage|p1a: Amoonguss|18\/100\n|move|p2a: Rillaboom|Wood Hammer|p1b: Iron Hands\n|-damage|p1b: Iron Hands|39\/100\n|-damage|p2a: Rillaboom|12\/100|[from] Recoil\n|move|p1a: Amoonguss|Spore|p2b: Salamence\n|-status|p2b: Salamence|slp|[from] move: Spore\n|\n|-heal|p2b: Salamence|64\/100 slp|[from] Grassy Terrain\n|-heal|p2a: Rillaboom|18\/100|[from] Grassy Terrain\n|-heal|p1b: Iron Hands|45\/100|[from] Grassy Terrain\n|-heal|p1a: Amoonguss|24\/100|[from] Grassy Terrain\n|upkeep\n|turn|3\n|\n|t:|1700820962\n|switch|p2a: Flutter Mane|Flutter Mane, L50|100\/100\n|move|p1b: Iron Hands|Fake Out|p2a: Flutter Mane\n|-immune|p2a: Flutter Mane\n|cant|p2b: Salamence|slp\n|move|p1a: Amoonguss|Pollen Puff|p1b: Iron Hands\n|-heal|p1b: Iron Hands|95\/100\n|\n|-heal|p2b: Salamence|70\/100 slp|[from] Grassy Terrain\n|-heal|p1b: Iron Hands|100\/100|[from] Grassy Terrain\n|-heal|p1a: Amoonguss|30\/100|[from] Grassy Terrain\n|upkeep\n|turn|4\n|\n|t:|1700820987\n|move|p2a: Flutter Mane|Shadow Ball|p1a: Amoonguss\n|-damage|p1a: Amoonguss|0 fnt\n|faint|p1a: Amoonguss\n|cant|p2b: Salamence|slp\n|move|p1b: Iron Hands|Wild Charge|p2b: Salamence\n|-supereffective|p2b: Salamence\n|-crit|p2b: Salamence\n|-damage|p2b: Salamence|0 fnt\n|-damage|p1b: Iron Hands|84\/100|[from] item: Rocky Helmet|[of] p2b: Salamence\n|faint|p2b: Salamence\n|-damage|p1b: Iron Hands|69\/100|[from] Recoil\n|\n|-heal|p1b: Iron Hands|75\/100|[from] Grassy Terrain\n|-sideend|p2: Akuriom|move: Tailwind\n|upkeep\n|\n|t:|1700821015\n|switch|p2b: Heatran|Heatran, L50, M|100\/100\n|switch|p1a: Flutter Mane|Flutter Mane, L50|100\/100\n|turn|5\n|j| strikesuitzero\n|\n|t:|1700821054\n|-end|p2a: Flutter Mane|Protosynthesis|[silent]\n|switch|p2a: Rillaboom|Rillaboom, L50, F|18\/100\n|-terastallize|p1a: Flutter Mane|Fairy\n|move|p1a: Flutter Mane|Shadow Ball|p2a: Rillaboom\n|-damage|p2a: Rillaboom|0 fnt\n|faint|p2a: Rillaboom\n|move|p2b: Heatran|Flash Cannon|p1a: Flutter Mane\n|-supereffective|p1a: Flutter Mane\n|-damage|p1a: Flutter Mane|28\/100\n|move|p1b: Iron Hands|Drain Punch|p2b: Heatran\n|-supereffective|p2b: Heatran\n|-damage|p2b: Heatran|21\/100\n|-heal|p1b: Iron Hands|100\/100|[from] drain|[of] p2b: Heatran\n|-enditem|p2b: Heatran|Sitrus Berry|[eat]\n|-heal|p2b: Heatran|46\/100|[from] item: Sitrus Berry\n|\n|-heal|p1a: Flutter Mane|34\/100|[from] Grassy Terrain\n|-heal|p2b: Heatran|52\/100|[from] Grassy Terrain\n|-fieldend|move: Grassy Terrain\n|upkeep\n|\n|t:|1700821071\n|switch|p2a: Flutter Mane|Flutter Mane, L50|100\/100\n|turn|6\n|\n|t:|1700821084\n|move|p1a: Flutter Mane|Shadow Ball|p2b: Heatran\n|-damage|p2b: Heatran|0 fnt\n|faint|p2b: Heatran\n|move|p2a: Flutter Mane|Moonblast|p1b: Iron Hands\n|-supereffective|p1b: Iron Hands\n|-damage|p1b: Iron Hands|10\/100\n|-unboost|p1b: Iron Hands|spa|1\n|move|p1b: Iron Hands|Heavy Slam|p2a: Flutter Mane\n|-supereffective|p2a: Flutter Mane\n|-damage|p2a: Flutter Mane|0 fnt\n|faint|p2a: Flutter Mane\n|-end|p2a: Flutter Mane|Protosynthesis|[silent]\n|\n|win|cicibi\n|raw|cicibi's rating: 1476 &rarr; <strong>1491<\/strong><br \/>(+15 for winning)\n|raw|Akuriom's rating: 1385 &rarr; <strong>1370<\/strong><br \/>(-15 for losing)\n|l|\u2606Akuriom\n","uploadtime":1700821102,"views":14,"p1id":"cicibi","p2id":"akuriom","formatid":"gen9vgc2023regulatione","rating":1370,"private":0,"password":""}