{"id":"gen9vgc2023regulatione-1998106605","p1":"Mimistew24","p2":"azubbang","format":"[Gen 9] VGC 2023 Regulation E","log":"|j|\u2606Mimistew24\n|j|\u2606azubbang\n|t:|1700892403\n|gametype|doubles\n|player|p1|Mimistew24|lucas|\n|player|p2|azubbang|nurse|\n|teamsize|p1|6\n|teamsize|p2|6\n|gen|9\n|tier|[Gen 9] VGC 2023 Regulation E\n|rule|Species Clause: Limit one of each Pok\u00e9mon\n|rule|Item Clause: Limit one of each item\n|clearpoke\n|poke|p1|Indeedee-F, L50, F|\n|poke|p1|Armarouge, L50, M|\n|poke|p1|Dondozo, L50, M|\n|poke|p1|Tatsugiri-Droopy, L50, F|\n|poke|p1|Torkoal, L50, F|\n|poke|p1|Lilligant-Hisui, L50, F|\n|poke|p2|Thundurus-Therian, L50, M|\n|poke|p2|Heatran, L50, M|\n|poke|p2|Roaring Moon, L50|\n|poke|p2|Ogerpon-Wellspring, L50, F|\n|poke|p2|Weezing, L50, M|\n|poke|p2|Landorus-Therian, L50, M|\n|teampreview|4\nazubbang has agreed to open team sheets.\nMimistew24 has agreed to open team sheets.\n|showteam|p1|Indeedee-F||RockyHelmet|PsychicSurge|DazzlingGleam,TrickRoom,HelpingHand,FollowMe|||F|||50|,,,,,Fairy]Armarouge||LifeOrb|FlashFire|TrickRoom,HeatWave,ExpandingForce,Protect|||M|||50|,,,,,Grass]Dondozo||Leftovers|Oblivious|Earthquake,OrderUp,Protect,WaveCrash|||M|||50|,,,,,Dragon]Tatsugiri-Droopy||SitrusBerry|Commander|MuddyWater,Protect,DracoMeteor,DragonPulse|||F|||50|,,,,,Steel]Torkoal||Charcoal|Drought|Eruption,HeatWave,Protect,EarthPower|||F|||50|,,,,,Fire]Lilligant-Hisui||FocusSash|Chlorophyll|SleepPowder,SolarBlade,CloseCombat,AfterYou|||F|||50|,,,,,Ghost\n|showteam|p2|Thundurus-Therian||AssaultVest|VoltAbsorb|Thunderbolt,WildboltStorm,GrassKnot,VoltSwitch|||M|||50|,,,,,Steel]Heatran||LifeOrb|FlashFire|Protect,HeatWave,FlashCannon,EarthPower|||M|||50|,,,,,Fairy]Roaring Moon||BoosterEnergy|Protosynthesis|Protect,KnockOff,Acrobatics,Tailwind||||||50|,,,,,Flying]Ogerpon-Wellspring||WellspringMask|WaterAbsorb|SpikyShield,IvyCudgel,HornLeech,SwordsDance|||F|||50|,,,,,Water]Weezing||SitrusBerry|NeutralizingGas|Protect,GunkShot,WillOWisp,Taunt|||M|||50|,,,,,Ghost]Landorus-Therian||ChoiceBand|Intimidate|StompingTantrum,RockTomb,TeraBlast,Uturn|||M|||50|,,,,,Ground\n|c|\u2606azubbang|glhf!\n|\n|t:|1700892499\n|start\n|switch|p1a: Lilligant|Lilligant-Hisui, L50, F|100\/100\n|switch|p1b: Dondozo|Dondozo, L50, M|100\/100\n|switch|p2a: Weezing|Weezing, L50, M|100\/100\n|switch|p2b: Roaring Moon|Roaring Moon, L50|100\/100\n|-ability|p2a: Weezing|Neutralizing Gas\n|-enditem|p2b: Roaring Moon|Booster Energy\n|-activate|p2b: Roaring Moon|ability: Protosynthesis|[fromitem]\n|-start|p2b: Roaring Moon|protosynthesisspe\n|turn|1\n|\n|t:|1700892548\n|move|p2b: Roaring Moon|Tailwind|p2b: Roaring Moon\n|-sidestart|p2: azubbang|move: Tailwind\n|move|p2a: Weezing|Taunt|p1a: Lilligant\n|-start|p1a: Lilligant|move: Taunt\n|cant|p1a: Lilligant|move: Taunt|Sleep Powder\n|move|p1b: Dondozo|Order Up|p2b: Roaring Moon\n|-supereffective|p2b: Roaring Moon\n|-damage|p2b: Roaring Moon|43\/100\n|\n|upkeep\n|turn|2\n|\n|t:|1700892603\n|switch|p1a: Indeedee|Indeedee-F, L50, F, shiny|100\/100\n|switch|p1b: Armarouge|Armarouge, L50, M|100\/100\n|move|p2b: Roaring Moon|Knock Off|p1a: Indeedee\n|-supereffective|p1a: Indeedee\n|-damage|p1a: Indeedee|4\/100\n|-damage|p2b: Roaring Moon|26\/100|[from] item: Rocky Helmet|[of] p1a: Indeedee\n|-enditem|p1a: Indeedee|Rocky Helmet|[from] move: Knock Off|[of] p2b: Roaring Moon\n|move|p2a: Weezing|Will-O-Wisp|p1b: Armarouge\n|-immune|p1b: Armarouge\n|\n|upkeep\n|turn|3\n|\n|t:|1700892646\n|move|p2b: Roaring Moon|Protect|p2b: Roaring Moon\n|-singleturn|p2b: Roaring Moon|Protect\n|move|p1a: Indeedee|Follow Me|p1a: Indeedee\n|-singleturn|p1a: Indeedee|move: Follow Me\n|move|p2a: Weezing|Gunk Shot|p1a: Indeedee|[miss]\n|-miss|p2a: Weezing|p1a: Indeedee\n|move|p1b: Armarouge|Expanding Force|p2a: Weezing\n|-supereffective|p2a: Weezing\n|-damage|p2a: Weezing|0 fnt\n|faint|p2a: Weezing\n|-end|p2a: Weezing|ability: Neutralizing Gas\n|-fieldstart|move: Psychic Terrain|[from] ability: Psychic Surge|[of] p1a: Indeedee\n|-damage|p1b: Armarouge|91\/100|[from] item: Life Orb\n|\n|upkeep\n|\n|t:|1700892658\n|switch|p2a: Ogerpon|Ogerpon-Wellspring, L50, F|100\/100\n|turn|4\n|\n|t:|1700892693\n|-terastallize|p1b: Armarouge|Grass\n|move|p1a: Indeedee|Follow Me|p1a: Indeedee\n|-singleturn|p1a: Indeedee|move: Follow Me\n|move|p2b: Roaring Moon|Knock Off|p1a: Indeedee\n|-supereffective|p1a: Indeedee\n|-damage|p1a: Indeedee|0 fnt\n|faint|p1a: Indeedee\n|move|p2a: Ogerpon|Ivy Cudgel|p1b: Armarouge|[anim] Ivy Cudgel Water\n|-resisted|p1b: Armarouge\n|-damage|p1b: Armarouge|68\/100\n|move|p1b: Armarouge|Trick Room|p1b: Armarouge\n|-fieldstart|move: Trick Room|[of] p1b: Armarouge\n|\n|-sideend|p2: azubbang|move: Tailwind\n|upkeep\n|\n|t:|1700892703\n|switch|p1a: Dondozo|Dondozo, L50, M|100\/100\n|turn|5\n|\n|t:|1700892741\n|move|p2a: Ogerpon|Spiky Shield|p2a: Ogerpon\n|-singleturn|p2a: Ogerpon|move: Protect\n|move|p2b: Roaring Moon|Protect|p2b: Roaring Moon\n|-singleturn|p2b: Roaring Moon|Protect\n|move|p1b: Armarouge|Expanding Force|p2b: Roaring Moon|[spread] \n|-activate|p2a: Ogerpon|move: Protect\n|-activate|p2b: Roaring Moon|move: Protect\n|move|p1a: Dondozo|Order Up|p2b: Roaring Moon\n|-activate|p2b: Roaring Moon|move: Protect\n|\n|upkeep\n|turn|6\n|\n|t:|1700892760\n|-end|p2b: Roaring Moon|Protosynthesis|[silent]\n|switch|p2b: Heatran|Heatran, L50, M|100\/100\n|-terastallize|p2a: Ogerpon|Water\n|detailschange|p2a: Ogerpon|Ogerpon-Wellspring-Tera, L50, F, tera:Water\n|-ability|p2a: Ogerpon|Embody Aspect (Wellspring)|boost\n|-boost|p2a: Ogerpon|spd|1\n|move|p1b: Armarouge|Expanding Force|p2a: Ogerpon|[spread] p2a,p2b\n|-resisted|p2b: Heatran\n|-damage|p2a: Ogerpon|44\/100\n|-damage|p2b: Heatran|65\/100\n|-damage|p1b: Armarouge|58\/100|[from] item: Life Orb\n|move|p1a: Dondozo|Order Up|p2b: Heatran\n|-resisted|p2b: Heatran\n|-damage|p2b: Heatran|56\/100\n|move|p2a: Ogerpon|Horn Leech|p1a: Dondozo\n|-supereffective|p1a: Dondozo\n|-damage|p1a: Dondozo|47\/100\n|-heal|p2a: Ogerpon|77\/100|[from] drain|[of] p1a: Dondozo\n|\n|-heal|p1a: Dondozo|53\/100|[from] item: Leftovers\n|upkeep\n|turn|7\n|\n|t:|1700892807\n|move|p2a: Ogerpon|Spiky Shield|p2a: Ogerpon\n|-singleturn|p2a: Ogerpon|move: Protect\n|move|p1b: Armarouge|Expanding Force|p2a: Ogerpon|[spread] p2b\n|-activate|p2a: Ogerpon|move: Protect\n|-resisted|p2b: Heatran\n|-damage|p2b: Heatran|20\/100\n|-damage|p1b: Armarouge|48\/100|[from] item: Life Orb\n|move|p1a: Dondozo|Wave Crash|p2b: Heatran\n|-supereffective|p2b: Heatran\n|-damage|p2b: Heatran|0 fnt\n|faint|p2b: Heatran\n|-damage|p1a: Dondozo|47\/100|[from] Recoil\n|\n|-heal|p1a: Dondozo|53\/100|[from] item: Leftovers\n|-fieldend|move: Psychic Terrain\n|upkeep\n|\n|t:|1700892817\n|switch|p2b: Roaring Moon|Roaring Moon, L50|26\/100\n|turn|8\n|\n|t:|1700892826\n|move|p2b: Roaring Moon|Protect|p2b: Roaring Moon\n|-singleturn|p2b: Roaring Moon|Protect\n|move|p1b: Armarouge|Expanding Force|p2a: Ogerpon\n|-damage|p2a: Ogerpon|42\/100\n|-damage|p1b: Armarouge|38\/100|[from] item: Life Orb\n|move|p1a: Dondozo|Order Up|p2a: Ogerpon\n|-damage|p2a: Ogerpon|13\/100\n|move|p2a: Ogerpon|Horn Leech|p1a: Dondozo\n|-supereffective|p1a: Dondozo\n|-damage|p1a: Dondozo|0 fnt\n|-heal|p2a: Ogerpon|45\/100|[from] drain|[of] p1a: Dondozo\n|faint|p1a: Dondozo\n|\n|-fieldend|move: Trick Room\n|upkeep\n|\n|t:|1700892840\n|switch|p1a: Lilligant|Lilligant-Hisui, L50, F|100\/100\n|turn|9\n|\n|t:|1700892873\n|move|p1b: Armarouge|Protect|p1b: Armarouge\n|-singleturn|p1b: Armarouge|Protect\n|move|p2b: Roaring Moon|Acrobatics|p1a: Lilligant\n|-supereffective|p1a: Lilligant\n|-enditem|p1a: Lilligant|Focus Sash\n|-damage|p1a: Lilligant|1\/100\n|move|p1a: Lilligant|Close Combat|p2b: Roaring Moon\n|-supereffective|p2b: Roaring Moon\n|-damage|p2b: Roaring Moon|0 fnt\n|-unboost|p1a: Lilligant|def|1\n|-unboost|p1a: Lilligant|spd|1\n|faint|p2b: Roaring Moon\n|-end|p2b: Roaring Moon|Protosynthesis|[silent]\n|move|p2a: Ogerpon|Ivy Cudgel|p1b: Armarouge|[anim] Ivy Cudgel Water\n|-activate|p1b: Armarouge|move: Protect\n|\n|upkeep\n|turn|10\n|\n|t:|1700892938\n|move|p2a: Ogerpon|Spiky Shield|p2a: Ogerpon\n|-singleturn|p2a: Ogerpon|move: Protect\n|move|p1a: Lilligant|Close Combat|p2a: Ogerpon\n|-activate|p2a: Ogerpon|move: Protect\n|-damage|p1a: Lilligant|0 fnt|[from] Spiky Shield|[of] p2a: Ogerpon\n|faint|p1a: Lilligant\n|move|p1b: Armarouge|Expanding Force|p2a: Ogerpon\n|-activate|p2a: Ogerpon|move: Protect\n|\n|upkeep\n|turn|11\n|\n|t:|1700892958\n|move|p2a: Ogerpon|Ivy Cudgel|p1b: Armarouge|[anim] Ivy Cudgel Water\n|-resisted|p1b: Armarouge\n|-damage|p1b: Armarouge|5\/100\n|move|p1b: Armarouge|Expanding Force|p2a: Ogerpon\n|-damage|p2a: Ogerpon|8\/100\n|-damage|p1b: Armarouge|0 fnt|[from] item: Life Orb\n|faint|p1b: Armarouge\n|\n|win|azubbang\n|c|\u2606azubbang|gg~\n","uploadtime":1700892973,"views":7,"p1id":"mimistew24","p2id":"azubbang","formatid":"gen9vgc2023regulatione","rating":0,"private":0,"password":""}