{"id":"gen9vgc2023regulatione-1998339654","p1":"Sexyanimegirl456","p2":"gonegeb","format":"[Gen 9] VGC 2023 Regulation E","log":"|j|\u2606Sexyanimegirl456\n|j|\u2606gonegeb\n|t:|1700931289\n|gametype|doubles\n|player|p1|Sexyanimegirl456|shauna-masters|1087\n|player|p2|gonegeb|alain|1136\n|teamsize|p1|6\n|teamsize|p2|6\n|gen|9\n|tier|[Gen 9] VGC 2023 Regulation E\n|rated|\n|rule|Species Clause: Limit one of each Pok\u00e9mon\n|rule|Item Clause: Limit one of each item\n|clearpoke\n|poke|p1|Kommo-o, L50, M|\n|poke|p1|Tyranitar, L50, M|\n|poke|p1|Rillaboom, L50, F|\n|poke|p1|Flutter Mane, L50|\n|poke|p1|Arcanine-Hisui, L50, M|\n|poke|p1|Iron Bundle, L50|\n|poke|p2|Lucario, L50, M|\n|poke|p2|Umbreon, L50, M|\n|poke|p2|Arcanine, L50, F|\n|poke|p2|Ceruledge, L50, M|\n|poke|p2|Maushold, L50|\n|poke|p2|Ursaluna-Bloodmoon, L50, M|\n|teampreview|4\n|inactive|Battle timer is ON: inactive players will automatically lose when time's up. (requested by Sexyanimegirl456)\nSexyanimegirl456 has agreed to open team sheets.\n|inactive|Sexyanimegirl456 has 60 seconds left.\n|c|\u2606gonegeb|oh boy\n|c|\u2606gonegeb|my fated encounter\n|inactive|Sexyanimegirl456 has 30 seconds left.\n|c|\u2606gonegeb|with sexyanimegirl456\n|inactive|Sexyanimegirl456 has 20 seconds left.\n|\n|t:|1700931359\n|start\n|switch|p1a: Iron Bundle|Iron Bundle, L50|100\/100\n|switch|p1b: Arcanine|Arcanine-Hisui, L50, M|100\/100\n|switch|p2a: Bjorn|Ursaluna-Bloodmoon, L50, M|100\/100\n|switch|p2b: Howlite|Maushold, L50|100\/100\n|-ability|p1b: Arcanine|Intimidate|boost\n|-unboost|p2a: Bjorn|atk|1\n|-unboost|p2b: Howlite|atk|1\n|-enditem|p1a: Iron Bundle|Booster Energy\n|-activate|p1a: Iron Bundle|ability: Quark Drive|[fromitem]\n|-start|p1a: Iron Bundle|quarkdrivespe\n|turn|1\n|c|\u2606Sexyanimegirl456|i'm the final boss\n|c|\u2606Sexyanimegirl456|you can't beat me\n|inactive|Sexyanimegirl456 has 30 seconds left.\n|c|\u2606gonegeb|fuck\n|inactive|Sexyanimegirl456 has 20 seconds left.\n|inactive|Sexyanimegirl456 has 15 seconds left.\n|\n|t:|1700931402\n|switch|p1b: Rillaboom|Rillaboom, L50, F|100\/100\n|-fieldstart|move: Grassy Terrain|[from] ability: Grassy Surge|[of] p1b: Rillaboom\n|-terastallize|p2a: Bjorn|Normal\n|move|p2b: Howlite|Follow Me|p2b: Howlite\n|-singleturn|p2b: Howlite|move: Follow Me\n|move|p1a: Iron Bundle|Icy Wind|p2b: Howlite|[spread] p2a,p2b\n|-damage|p2a: Bjorn|77\/100\n|-damage|p2b: Howlite|76\/100\n|-unboost|p2a: Bjorn|spe|1\n|-unboost|p2b: Howlite|spe|1\n|move|p2a: Bjorn|Hyper Voice|p1b: Rillaboom|[spread] p1a,p1b\n|-damage|p1a: Iron Bundle|0 fnt\n|-damage|p1b: Rillaboom|40\/100\n|faint|p1a: Iron Bundle\n|-end|p1a: Iron Bundle|Quark Drive|[silent]\n|-enditem|p2a: Bjorn|Throat Spray\n|-boost|p2a: Bjorn|spa|1|[from] item: Throat Spray\n|\n|-heal|p2b: Howlite|82\/100|[from] Grassy Terrain\n|-heal|p1b: Rillaboom|46\/100|[from] Grassy Terrain\n|-heal|p2a: Bjorn|83\/100|[from] Grassy Terrain\n|upkeep\n|\n|t:|1700931422\n|switch|p1a: Flutter Mane|Flutter Mane, L50|100\/100\n|turn|2\n|\n|t:|1700931434\n|-terastallize|p1a: Flutter Mane|Fairy\n|move|p2a: Bjorn|Protect|p2a: Bjorn\n|-singleturn|p2a: Bjorn|Protect\n|move|p1a: Flutter Mane|Moonblast|p2b: Howlite\n|-damage|p2b: Howlite|0 fnt\n|faint|p2b: Howlite\n|move|p1b: Rillaboom|Wood Hammer|p2a: Bjorn\n|-activate|p2a: Bjorn|move: Protect\n|\n|-heal|p1b: Rillaboom|52\/100|[from] Grassy Terrain\n|-heal|p2a: Bjorn|89\/100|[from] Grassy Terrain\n|upkeep\n|\n|t:|1700931444\n|switch|p2b: Pryna|Arcanine, L50, F, shiny|100\/100\n|-ability|p2b: Pryna|Intimidate|boost\n|-unboost|p1a: Flutter Mane|atk|1\n|-unboost|p1b: Rillaboom|atk|1\n|turn|3\n|\n|t:|1700931453\n|switch|p1b: Arcanine|Arcanine-Hisui, L50, M|100\/100\n|-ability|p1b: Arcanine|Intimidate|boost\n|-unboost|p2a: Bjorn|atk|1\n|-unboost|p2b: Pryna|atk|1\n|move|p1a: Flutter Mane|Moonblast|p2a: Bjorn\n|-damage|p2a: Bjorn|0 fnt\n|faint|p2a: Bjorn\n|move|p2b: Pryna|Flare Blitz|p1a: Flutter Mane\n|-damage|p1a: Flutter Mane|39\/100\n|-damage|p2b: Pryna|85\/100|[from] Recoil\n|\n|-heal|p1a: Flutter Mane|45\/100|[from] Grassy Terrain\n|-heal|p2b: Pryna|91\/100|[from] Grassy Terrain\n|upkeep\n|\n|t:|1700931464\n|switch|p2a: Obsidian|Ceruledge, L50, M, shiny|100\/100\n|turn|4\n|\n|t:|1700931473\n|move|p2a: Obsidian|Protect|p2a: Obsidian\n|-singleturn|p2a: Obsidian|Protect\n|move|p1a: Flutter Mane|Moonblast|p2a: Obsidian\n|-activate|p2a: Obsidian|move: Protect\n|move|p1b: Arcanine|Rock Slide|p2a: Obsidian|[spread] p2b\n|-activate|p2a: Obsidian|move: Protect\n|-supereffective|p2b: Pryna\n|-damage|p2b: Pryna|55\/100\n|move|p2b: Pryna|Flare Blitz|p1a: Flutter Mane\n|-damage|p1a: Flutter Mane|0 fnt\n|faint|p1a: Flutter Mane\n|-end|p1a: Flutter Mane|Protosynthesis|[silent]\n|-damage|p2b: Pryna|44\/100|[from] Recoil\n|\n|-heal|p2b: Pryna|50\/100|[from] Grassy Terrain\n|upkeep\n|\n|t:|1700931488\n|switch|p1a: Rillaboom|Rillaboom, L50, F|52\/100\n|turn|5\n|\n|t:|1700931507\n|move|p1a: Rillaboom|Fake Out|p2b: Pryna\n|-damage|p2b: Pryna|38\/100\n|move|p1b: Arcanine|Rock Slide|p2b: Pryna|[spread] p2a,p2b\n|-supereffective|p2a: Obsidian\n|-supereffective|p2b: Pryna\n|-damage|p2a: Obsidian|53\/100\n|-damage|p2b: Pryna|3\/100\n|-enditem|p2a: Obsidian|Weakness Policy\n|-boost|p2a: Obsidian|atk|2|[from] item: Weakness Policy\n|-boost|p2a: Obsidian|spa|2|[from] item: Weakness Policy\n|-enditem|p2b: Pryna|Figy Berry|[eat]\n|-heal|p2b: Pryna|36\/100|[from] item: Figy Berry\n|cant|p2b: Pryna|flinch\n|move|p2a: Obsidian|Bitter Blade|p1a: Rillaboom\n|-supereffective|p1a: Rillaboom\n|-damage|p1a: Rillaboom|0 fnt\n|-heal|p2a: Obsidian|82\/100|[from] drain|[of] p1a: Rillaboom\n|faint|p1a: Rillaboom\n|\n|-heal|p2b: Pryna|42\/100|[from] Grassy Terrain\n|-heal|p2a: Obsidian|88\/100|[from] Grassy Terrain\n|-fieldend|move: Grassy Terrain\n|upkeep\n|turn|6\n|c|\u2606gonegeb|i see its now come down to this, sexyanimegirl456\n|inactive|gonegeb has 30 seconds left.\n|\n|t:|1700931541\n|move|p2a: Obsidian|Protect|p2a: Obsidian\n|-singleturn|p2a: Obsidian|Protect\n|move|p1b: Arcanine|Rock Slide|p2b: Pryna|[spread] p2b\n|-activate|p2a: Obsidian|move: Protect\n|-supereffective|p2b: Pryna\n|-damage|p2b: Pryna|8\/100\n|move|p2b: Pryna|Morning Sun|p2b: Pryna\n|-heal|p2b: Pryna|57\/100\n|\n|upkeep\n|turn|7\n|\n|t:|1700931558\n|move|p1b: Arcanine|Rock Slide|p2b: Pryna|[spread] p2a,p2b\n|-supereffective|p2a: Obsidian\n|-supereffective|p2b: Pryna\n|-damage|p2a: Obsidian|38\/100\n|-damage|p2b: Pryna|18\/100\n|move|p2b: Pryna|Flare Blitz|p2a: Obsidian\n|-start|p2a: Obsidian|ability: Flash Fire\n|cant|p2a: Obsidian|flinch\n|\n|upkeep\n|turn|8\n|c|\u2606gonegeb|dangit\n|inactive|gonegeb has 30 seconds left.\n|c|\u2606gonegeb|its true\n|c|\u2606gonegeb|i cant defeat her\n|inactive|gonegeb has 20 seconds left.\n|c|\u2606Sexyanimegirl456|yeah\n|inactive|gonegeb has 15 seconds left.\n|inactive|gonegeb has 10 seconds left.\n|inactive|gonegeb has 5 seconds left.\n|\n|t:|1700931609\n|move|p2b: Pryna|Extreme Speed|p1b: Arcanine\n|-resisted|p1b: Arcanine\n|-damage|p1b: Arcanine|94\/100\n|move|p1b: Arcanine|Rock Slide|p2b: Pryna|[spread] p2a\n|-miss|p1b: Arcanine|p2b: Pryna\n|-supereffective|p2a: Obsidian\n|-damage|p2a: Obsidian|0 fnt\n|faint|p2a: Obsidian\n|\n|upkeep\n|turn|9\n|c|\u2606Sexyanimegirl456|maybe next time\n|c|\u2606gonegeb|till next time\n|c|\u2606gonegeb|sexyanimegirl456\n|c|\u2606gonegeb|we will meet again\n|inactive|gonegeb has 30 seconds left.\n|\n|t:|1700931639\n|move|p1b: Arcanine|Rock Slide|p2b: Pryna\n|-supereffective|p2b: Pryna\n|-damage|p2b: Pryna|0 fnt\n|faint|p2b: Pryna\n|\n|win|Sexyanimegirl456\n|raw|Sexyanimegirl456's rating: 1087 &rarr; <strong>1118<\/strong><br \/>(+31 for winning)\n|raw|gonegeb's rating: 1136 &rarr; <strong>1107<\/strong><br \/>(-29 for losing)\n|c|\u2606Sexyanimegirl456|btw gg\n","uploadtime":1700931651,"views":5,"p1id":"sexyanimegirl456","p2id":"gonegeb","formatid":"gen9vgc2023regulatione","rating":1107,"private":0,"password":""}