{"id":"gen9vgc2023regulatione-1994188303","p1":"Legend273","p2":"sdfghnjhgfghn","format":"[Gen 9] VGC 2023 Regulation E","log":"|j|\u2606Legend273\n|j|\u2606sdfghnjhgfghn\n|t:|1700416879\n|gametype|doubles\n|player|p1|Legend273|266|1164\n|player|p2|sdfghnjhgfghn|schoolkid-gen4|1040\n|teamsize|p1|6\n|teamsize|p2|6\n|gen|9\n|tier|[Gen 9] VGC 2023 Regulation E\n|rated|\n|rule|Species Clause: Limit one of each Pok\u00e9mon\n|rule|Item Clause: Limit one of each item\n|clearpoke\n|poke|p1|Sinistcha, L50|\n|poke|p1|Moltres-Galar, L50|\n|poke|p1|Ninetales-Alola, L50, F|\n|poke|p1|Iron Bundle, L50|\n|poke|p1|Sandy Shocks, L50|\n|poke|p1|Cetitan, L50, F|\n|poke|p2|Clefairy, L50, F|\n|poke|p2|Cloyster, L50, M|\n|poke|p2|Rillaboom, L50, M|\n|poke|p2|Flamigo, L50, M|\n|poke|p2|Flutter Mane, L50|\n|poke|p2|Chi-Yu, L50|\n|teampreview|4\n|\n|t:|1700416905\n|start\n|switch|p1a: Ninetales|Ninetales-Alola, L50, F|100\/100\n|switch|p1b: Cetitan|Cetitan, L50, F|100\/100\n|switch|p2a: Clefairy|Clefairy, L50, F|100\/100\n|switch|p2b: Cloyster|Cloyster, L50, M, shiny|100\/100\n|-weather|Snow|[from] ability: Snow Warning|[of] p1a: Ninetales\n|turn|1\n|\n|t:|1700416916\n|move|p2a: Clefairy|Follow Me|p2a: Clefairy\n|-singleturn|p2a: Clefairy|move: Follow Me\n|move|p1b: Cetitan|Belly Drum|p1b: Cetitan\n|-damage|p1b: Cetitan|51\/100\n|-setboost|p1b: Cetitan|atk|6|[from] move: Belly Drum\n|move|p1a: Ninetales|Aurora Veil|p1a: Ninetales\n|-sidestart|p1: Legend273|move: Aurora Veil\n|move|p2b: Cloyster|Shell Smash|p2b: Cloyster\n|-unboost|p2b: Cloyster|def|1\n|-unboost|p2b: Cloyster|spd|1\n|-boost|p2b: Cloyster|atk|2\n|-boost|p2b: Cloyster|spa|2\n|-boost|p2b: Cloyster|spe|2\n|-enditem|p2b: Cloyster|White Herb\n|-clearnegativeboost|p2b: Cloyster|[silent]\n|\n|-weather|Snow|[upkeep]\n|upkeep\n|turn|2\n|\n|t:|1700416953\n|move|p2a: Clefairy|Follow Me|p2a: Clefairy\n|-singleturn|p2a: Clefairy|move: Follow Me\n|move|p1b: Cetitan|Ice Spinner|p2a: Clefairy\n|-damage|p2a: Clefairy|0 fnt\n|faint|p2a: Clefairy\n|move|p2b: Cloyster|Surf|p1a: Ninetales|[spread] p1a,p1b\n|-damage|p1a: Ninetales|51\/100\n|-damage|p1b: Cetitan|9\/100\n|-enditem|p1b: Cetitan|Sitrus Berry|[eat]\n|-heal|p1b: Cetitan|34\/100|[from] item: Sitrus Berry\n|move|p1a: Ninetales|Blizzard|p2b: Cloyster\n|-resisted|p2b: Cloyster\n|-damage|p2b: Cloyster|72\/100\n|\n|-weather|Snow|[upkeep]\n|upkeep\n|\n|t:|1700416964\n|switch|p2a: Flamigo|Flamigo, L50, M|100\/100\n|-copyboost|p2a: Flamigo|p2b: Cloyster|[from] ability: Costar\n|turn|3\n|\n|t:|1700416972\n|-terastallize|p2a: Flamigo|Steel\n|move|p2a: Flamigo|Brave Bird|p1b: Cetitan\n|-damage|p1b: Cetitan|0 fnt\n|faint|p1b: Cetitan\n|-damage|p2a: Flamigo|84\/100|[from] Recoil\n|move|p2b: Cloyster|Ice Beam|p1a: Ninetales\n|-resisted|p1a: Ninetales\n|-damage|p1a: Ninetales|19\/100\n|move|p1a: Ninetales|Blizzard|p2a: Flamigo|[spread] p2a,p2b\n|-resisted|p2a: Flamigo\n|-resisted|p2b: Cloyster\n|-damage|p2a: Flamigo|56\/100\n|-damage|p2b: Cloyster|52\/100\n|\n|-weather|Snow|[upkeep]\n|upkeep\n|\n|t:|1700416986\n|switch|p1b: Sinistcha|Sinistcha, L50|100\/100\n|-heal|p1a: Ninetales|44\/100|[from] ability: Hospitality|[of] p1b: Sinistcha\n|turn|4\n|\n|t:|1700416995\n|move|p2a: Flamigo|Brave Bird|p1b: Sinistcha\n|-supereffective|p1b: Sinistcha\n|-enditem|p1b: Sinistcha|Focus Sash\n|-damage|p1b: Sinistcha|1\/100\n|-damage|p2a: Flamigo|20\/100|[from] Recoil\n|move|p2b: Cloyster|Ice Beam|p1b: Sinistcha\n|-supereffective|p1b: Sinistcha\n|-damage|p1b: Sinistcha|0 fnt\n|faint|p1b: Sinistcha\n|move|p1a: Ninetales|Blizzard|p2b: Cloyster|[spread] p2a,p2b\n|-resisted|p2a: Flamigo\n|-resisted|p2b: Cloyster\n|-damage|p2a: Flamigo|0 fnt\n|-damage|p2b: Cloyster|30\/100\n|faint|p2a: Flamigo\n|\n|-weather|Snow|[upkeep]\n|upkeep\n|\n|t:|1700417008\n|switch|p2a: Chi-Yu|Chi-Yu, L50|100\/100\n|switch|p1b: Sandy Shocks|Sandy Shocks, L50|100\/100\n|-ability|p2a: Chi-Yu|Beads of Ruin\n|turn|5\n|\n|t:|1700417024\n|move|p2a: Chi-Yu|Protect|p2a: Chi-Yu\n|-singleturn|p2a: Chi-Yu|Protect\n|move|p1b: Sandy Shocks|Protect|p1b: Sandy Shocks\n|-singleturn|p1b: Sandy Shocks|Protect\n|move|p2b: Cloyster|Surf|p1a: Ninetales|[spread] p1a\n|-activate|p2a: Chi-Yu|move: Protect\n|-activate|p1b: Sandy Shocks|move: Protect\n|-damage|p1a: Ninetales|0 fnt\n|faint|p1a: Ninetales\n|\n|-weather|none\n|upkeep\n|turn|6\n|\n|t:|1700417040\n|-terastallize|p1b: Sandy Shocks|Ground\n|move|p2b: Cloyster|Ice Beam|p1b: Sandy Shocks\n|-supereffective|p1b: Sandy Shocks\n|-damage|p1b: Sandy Shocks|0 fnt\n|faint|p1b: Sandy Shocks\n|-end|p1b: Sandy Shocks|Protosynthesis|[silent]\n|\n|win|sdfghnjhgfghn\n|raw|Legend273's rating: 1164 &rarr; <strong>1130<\/strong><br \/>(-34 for losing)\n|raw|sdfghnjhgfghn's rating: 1040 &rarr; <strong>1086<\/strong><br \/>(+46 for winning)\n|l|\u2606Legend273\n","uploadtime":1700417051,"views":5,"p1id":"legend273","p2id":"sdfghnjhgfghn","formatid":"gen9vgc2023regulatione","rating":1086,"private":0,"password":""}