{"id":"gen9vgc2023regulatione-1990822212","p1":"Daboudidabouda","p2":"cardojtv","format":"[Gen 9] VGC 2023 Regulation E","log":"|j|\u2606Daboudidabouda\n|j|\u2606cardojtv\n|t:|1700004378\n|gametype|doubles\n|player|p1|Daboudidabouda|2|1174\n|player|p2|cardojtv|acetrainersnow|1260\n|teamsize|p1|6\n|teamsize|p2|6\n|gen|9\n|tier|[Gen 9] VGC 2023 Regulation E\n|rated|\n|rule|Species Clause: Limit one of each Pok\u00e9mon\n|rule|Item Clause: Limit one of each item\n|clearpoke\n|poke|p1|Tornadus, L50, M|\n|poke|p1|Flutter Mane, L50|\n|poke|p1|Rillaboom, L50, F|\n|poke|p1|Ogerpon-Hearthflame, L50, F|\n|poke|p1|Chien-Pao, L50|\n|poke|p1|Dragonite, L50, M|\n|poke|p2|Gholdengo, L50|\n|poke|p2|Iron Hands, L50|\n|poke|p2|Amoonguss, L50, F|\n|poke|p2|Iron Bundle, L50|\n|poke|p2|Pelipper, L50, F|\n|poke|p2|Salamence, L50, M|\n|teampreview|4\n|\n|t:|1700004450\n|start\n|switch|p1a: Ventisca|Tornadus, L50, M|100\/100\n|switch|p1b: Ogerpon|Ogerpon-Hearthflame, L50, F|100\/100\n|switch|p2a: Iron Bundle|Iron Bundle, L50|100\/100\n|switch|p2b: Pelipper|Pelipper, L50, F|100\/100\n|-ability|p1b: Ogerpon|Mold Breaker\n|-weather|RainDance|[from] ability: Drizzle|[of] p2b: Pelipper\n|-enditem|p2a: Iron Bundle|Booster Energy\n|-activate|p2a: Iron Bundle|ability: Quark Drive|[fromitem]\n|-start|p2a: Iron Bundle|quarkdrivespe\n|turn|1\n|\n|t:|1700004472\n|move|p1a: Ventisca|Sunny Day|p1a: Ventisca\n|-weather|SunnyDay\n|move|p2a: Iron Bundle|Icy Wind|p1b: Ogerpon|[spread] p1a,p1b\n|-supereffective|p1a: Ventisca\n|-damage|p1a: Ventisca|54\/100\n|-damage|p1b: Ogerpon|79\/100\n|-unboost|p1b: Ogerpon|spe|1\n|move|p2b: Pelipper|Hurricane|p1b: Ogerpon|[miss]\n|-miss|p2b: Pelipper|p1b: Ogerpon\n|move|p1b: Ogerpon|Wood Hammer|p2a: Iron Bundle\n|-supereffective|p2a: Iron Bundle\n|-damage|p2a: Iron Bundle|0 fnt\n|faint|p2a: Iron Bundle\n|-end|p2a: Iron Bundle|Quark Drive|[silent]\n|-damage|p1b: Ogerpon|50\/100|[from] Recoil\n|\n|-weather|SunnyDay|[upkeep]\n|upkeep\n|\n|t:|1700004489\n|switch|p2a: Amoonguss|Amoonguss, L50, F|100\/100\n|turn|2\n|\n|t:|1700004505\n|-terastallize|p2a: Amoonguss|Water\n|move|p1b: Ogerpon|Spiky Shield|p1b: Ogerpon\n|-singleturn|p1b: Ogerpon|move: Protect\n|move|p2a: Amoonguss|Rage Powder|p2a: Amoonguss\n|-singleturn|p2a: Amoonguss|move: Rage Powder\n|move|p1a: Ventisca|Tailwind|p1a: Ventisca\n|-sidestart|p1: Daboudidabouda|move: Tailwind\n|move|p2b: Pelipper|Hurricane|p1b: Ogerpon\n|-activate|p1b: Ogerpon|move: Protect\n|\n|-weather|SunnyDay|[upkeep]\n|upkeep\n|turn|3\n|\n|t:|1700004520\n|move|p2a: Amoonguss|Protect|p2a: Amoonguss\n|-singleturn|p2a: Amoonguss|Protect\n|move|p1a: Ventisca|Bleakwind Storm|p2a: Amoonguss|[spread] \n|-activate|p2a: Amoonguss|move: Protect\n|-miss|p1a: Ventisca|p2b: Pelipper\n|move|p1b: Ogerpon|Wood Hammer|p2a: Amoonguss\n|-activate|p2a: Amoonguss|move: Protect\n|move|p2b: Pelipper|Hurricane|p1b: Ogerpon\n|-supereffective|p1b: Ogerpon\n|-damage|p1b: Ogerpon|0 fnt\n|faint|p1b: Ogerpon\n|\n|-weather|SunnyDay|[upkeep]\n|upkeep\n|\n|t:|1700004525\n|switch|p1b: Dragonite|Dragonite, L50, M|100\/100\n|turn|4\n|\n|t:|1700004543\n|move|p2b: Pelipper|Wide Guard|p2b: Pelipper\n|-singleturn|p2b: Pelipper|Wide Guard\n|move|p1a: Ventisca|Taunt|p2a: Amoonguss\n|-start|p2a: Amoonguss|move: Taunt\n|move|p1b: Dragonite|Outrage|p2a: Amoonguss\n|-damage|p2a: Amoonguss|25\/100\n|-enditem|p2a: Amoonguss|Sitrus Berry|[eat]\n|-heal|p2a: Amoonguss|50\/100|[from] item: Sitrus Berry\n|cant|p2a: Amoonguss|move: Taunt|Spore\n|\n|-weather|SunnyDay|[upkeep]\n|upkeep\n|turn|5\n|\n|t:|1700004567\n|switch|p2a: Iron Hands|Iron Hands, L50|100\/100\n|move|p1a: Ventisca|Bleakwind Storm|p2b: Pelipper|[spread] p2a,p2b\n|-damage|p2a: Iron Hands|82\/100\n|-damage|p2b: Pelipper|48\/100\n|-unboost|p2b: Pelipper|spe|1\n|move|p1b: Dragonite|Outrage|p2a: Iron Hands|[from]lockedmove\n|-damage|p2a: Iron Hands|15\/100\n|-start|p1b: Dragonite|confusion|[fatigue]\n|move|p2b: Pelipper|Weather Ball|p1a: Ventisca\n|-damage|p1a: Ventisca|8\/100\n|\n|-weather|none\n|-sideend|p1: Daboudidabouda|move: Tailwind\n|upkeep\n|turn|6\n|\n|t:|1700004593\n|switch|p2b: Amoonguss|Amoonguss, L50, F, tera:Water|84\/100\n|move|p2a: Iron Hands|Fake Out|p1a: Ventisca\n|-damage|p1a: Ventisca|0 fnt\n|faint|p1a: Ventisca\n|-activate|p1b: Dragonite|confusion\n|move|p1b: Dragonite|Outrage|p2b: Amoonguss\n|-damage|p2b: Amoonguss|5\/100\n|\n|upkeep\n|\n|t:|1700004602\n|switch|p1a: Brujita|Flutter Mane, L50|100\/100\n|turn|7\n|\n|t:|1700004612\n|move|p2b: Amoonguss|Rage Powder|p2b: Amoonguss\n|-singleturn|p2b: Amoonguss|move: Rage Powder\n|move|p1a: Brujita|Dazzling Gleam|p2b: Amoonguss|[spread] p2a,p2b\n|-supereffective|p2a: Iron Hands\n|-damage|p2a: Iron Hands|0 fnt\n|-damage|p2b: Amoonguss|0 fnt\n|faint|p2a: Iron Hands\n|-end|p2a: Iron Hands|Quark Drive|[silent]\n|faint|p2b: Amoonguss\n|-end|p1b: Dragonite|confusion\n|move|p1b: Dragonite|Outrage|p2: Iron Hands|[from]lockedmove|[notarget]\n|-fail|p1b: Dragonite\n|-start|p1b: Dragonite|confusion|[fatigue]\n|\n|upkeep\n|\n|t:|1700004647\n|switch|p2b: Pelipper|Pelipper, L50, F|48\/100\n|-weather|RainDance|[from] ability: Drizzle|[of] p2b: Pelipper\n|turn|8\n|-message|cardojtv forfeited.\n|\n|win|Daboudidabouda\n|raw|Daboudidabouda's rating: 1174 &rarr; <strong>1205<\/strong><br \/>(+31 for winning)\n|raw|cardojtv's rating: 1260 &rarr; <strong>1229<\/strong><br \/>(-31 for losing)\n|l|\u2606cardojtv\n","uploadtime":1700004691,"views":17,"p1id":"daboudidabouda","p2id":"cardojtv","formatid":"gen9vgc2023regulatione","rating":1205,"private":0,"password":""}