{"id":"gen9vgc2023regulatione-1993805780","p1":"Blakxify","p2":"DonFuron","format":"[Gen 9] VGC 2023 Regulation E","log":"|j|\u2606Blakxify\n|j|\u2606DonFuron\n|n|\u2606Blakxify|blakxify\n|n|\u2606DonFuron|donfuron\n|html|View the match progress at <a href=\"\/game-bestof3-gen9vgc2023regulatione-1993804079\">game-bestof3-gen9vgc2023regulatione-1993804079<\/a>\n|t:|1700359489\n|gametype|doubles\n|player|p1|Blakxify|265|\n|player|p2|DonFuron|101|\n|teamsize|p1|6\n|teamsize|p2|6\n|gen|9\n|tier|[Gen 9] VGC 2023 Regulation E\n|rule|Species Clause: Limit one of each Pok\u00e9mon\n|rule|Item Clause: Limit one of each item\n|clearpoke\n|poke|p1|Chien-Pao, L50|\n|poke|p1|Articuno-Galar, L50|\n|poke|p1|Thundurus-Therian, L50, M|\n|poke|p1|Gligar, L50, M|\n|poke|p1|Ogerpon-Hearthflame, L50, F|\n|poke|p1|Riolu, L50, M|\n|poke|p2|Decidueye-Hisui, L50, M|\n|poke|p2|Arcanine-Hisui, L50, F|\n|poke|p2|Gothitelle, L50, M|\n|poke|p2|Tornadus-Therian, L50, M|\n|poke|p2|Azumarill, L50, F|\n|poke|p2|Volbeat, L50, M|\n|teampreview|4\nDonFuron rejected open team sheets.\n|c|\u2606DonFuron|glhf\n|c|\u2606Blakxify|u 2\n|\n|t:|1700359524\n|start\n|switch|p1a: Articuno|Articuno-Galar, L50|100\/100\n|switch|p1b: Thundurus|Thundurus-Therian, L50, M|100\/100\n|switch|p2a: POK\u00c9PARK2|Gothitelle, L50, M|100\/100\n|switch|p2b: WHERE COAL|Azumarill, L50, F, shiny|100\/100\n|turn|1\n|\n|t:|1700359544\n|move|p1a: Articuno|Protect|p1a: Articuno\n|-singleturn|p1a: Articuno|Protect\n|move|p2a: POK\u00c9PARK2|Fake Out|p1b: Thundurus\n|-damage|p1b: Thundurus|92\/100\n|cant|p1b: Thundurus|flinch\n|move|p2b: WHERE COAL|Belly Drum|p2b: WHERE COAL\n|-damage|p2b: WHERE COAL|50\/100\n|-setboost|p2b: WHERE COAL|atk|6|[from] move: Belly Drum\n|-enditem|p2b: WHERE COAL|Sitrus Berry|[eat]\n|-heal|p2b: WHERE COAL|75\/100|[from] item: Sitrus Berry\n|\n|upkeep\n|turn|2\n|\n|t:|1700359562\n|-terastallize|p2b: WHERE COAL|Ground\n|move|p1b: Thundurus|Volt Switch|p2b: WHERE COAL\n|-immune|p2b: WHERE COAL\n|move|p1a: Articuno|Freezing Glare|p2b: WHERE COAL\n|-damage|p2b: WHERE COAL|27\/100\n|move|p2b: WHERE COAL|Ice Spinner|p1a: Articuno\n|-supereffective|p1a: Articuno\n|-damage|p1a: Articuno|0 fnt\n|faint|p1a: Articuno\n|move|p2a: POK\u00c9PARK2|Trick Room|p2a: POK\u00c9PARK2\n|-fieldstart|move: Trick Room|[of] p2a: POK\u00c9PARK2\n|\n|upkeep\n|\n|t:|1700359572\n|switch|p1a: Ogerpon|Ogerpon-Hearthflame, L50, F|100\/100\n|-ability|p1a: Ogerpon|Mold Breaker\n|turn|3\n|\n|t:|1700359584\n|move|p1a: Ogerpon|Spiky Shield|p1a: Ogerpon\n|-singleturn|p1a: Ogerpon|move: Protect\n|move|p2b: WHERE COAL|Ice Spinner|p1b: Thundurus\n|-supereffective|p1b: Thundurus\n|-damage|p1b: Thundurus|0 fnt\n|faint|p1b: Thundurus\n|move|p2a: POK\u00c9PARK2|Foul Play|p1a: Ogerpon\n|-activate|p1a: Ogerpon|move: Protect\n|-damage|p2a: POK\u00c9PARK2|88\/100|[from] Spiky Shield|[of] p1a: Ogerpon\n|\n|upkeep\n|\n|t:|1700359588\n|switch|p1b: Riolu|Riolu, L50, M|100\/100\n|turn|4\n|\n|t:|1700359598\n|-terastallize|p1a: Ogerpon|Fire\n|detailschange|p1a: Ogerpon|Ogerpon-Hearthflame-Tera, L50, F, tera:Fire\n|-ability|p1a: Ogerpon|Embody Aspect (Hearthflame)|boost\n|-boost|p1a: Ogerpon|atk|1\n|move|p2a: POK\u00c9PARK2|Helping Hand|p2b: WHERE COAL\n|-singleturn|p2b: WHERE COAL|Helping Hand|[of] p2a: POK\u00c9PARK2\n|move|p1b: Riolu|Sunny Day|p1b: Riolu\n|-weather|SunnyDay\n|move|p2b: WHERE COAL|Liquidation|p1a: Ogerpon\n|-supereffective|p1a: Ogerpon\n|-damage|p1a: Ogerpon|0 fnt\n|faint|p1a: Ogerpon\n|\n|-weather|SunnyDay|[upkeep]\n|upkeep\n|turn|5\n|c|\u2606Blakxify|ggs\n|\n|t:|1700359612\n|move|p1b: Riolu|Detect|p1b: Riolu\n|-singleturn|p1b: Riolu|Protect\n|move|p2a: POK\u00c9PARK2|Helping Hand|p2b: WHERE COAL\n|-singleturn|p2b: WHERE COAL|Helping Hand|[of] p2a: POK\u00c9PARK2\n|move|p2b: WHERE COAL|Ice Spinner|p1b: Riolu\n|-activate|p1b: Riolu|move: Protect\n|\n|-weather|SunnyDay|[upkeep]\n|upkeep\n|turn|6\n|\n|t:|1700359619\n|move|p1b: Riolu|Helping Hand|p1: Ogerpon|[notarget]\n|-fail|p1b: Riolu\n|move|p2a: POK\u00c9PARK2|Helping Hand|p2b: WHERE COAL\n|-singleturn|p2b: WHERE COAL|Helping Hand|[of] p2a: POK\u00c9PARK2\n|move|p2b: WHERE COAL|Ice Spinner|p1b: Riolu\n|-damage|p1b: Riolu|0 fnt\n|faint|p1b: Riolu\n|\n|win|DonFuron\n|c|\u2606DonFuron|ggs\n|l|\u2606Blakxify\n|c|\u2606DonFuron|do you mind sharing the replays?\n|j|\u2606Blakxify\n|player|p1|Blakxify|265\n|c|\u2606Blakxify|i only got one\n","uploadtime":1700359692,"views":50,"p1id":"blakxify","p2id":"donfuron","formatid":"gen9vgc2023regulatione","rating":0,"private":0,"password":""}