{"id":"gen9vgc2023regulatione-1990538140","p1":"intark","p2":"MCsquidzy","format":"[Gen 9] VGC 2023 Regulation E","log":"|j|\u2606intark\n|j|\u2606MCsquidzy\n|t:|1699979681\n|gametype|doubles\n|player|p1|intark|artist|1282\n|player|p2|MCsquidzy|wattson|1375\n|teamsize|p1|6\n|teamsize|p2|6\n|gen|9\n|tier|[Gen 9] VGC 2023 Regulation E\n|rated|\n|rule|Species Clause: Limit one of each Pok\u00e9mon\n|rule|Item Clause: Limit one of each item\n|clearpoke\n|poke|p1|Hydreigon, L50, M|\n|poke|p1|Tornadus, L50, M|\n|poke|p1|Gholdengo, L50|\n|poke|p1|Arcanine-Hisui, L50, M|\n|poke|p1|Rillaboom, L50, F|\n|poke|p1|Urshifu-*, L50, M|\n|poke|p2|Iron Bundle, L50|\n|poke|p2|Rillaboom, L50, M|\n|poke|p2|Farigiraf, L50, M|\n|poke|p2|Iron Hands, L50|\n|poke|p2|Arcanine-Hisui, L50, M|\n|poke|p2|Sneasler, L50, F|\n|teampreview|4\nintark has agreed to open team sheets.\n|j| ashdungotem\nMCsquidzy has agreed to open team sheets.\n|l| ashdungotem\n|inactive|Battle timer is ON: inactive players will automatically lose when time's up. (requested by MCsquidzy)\n|\n|t:|1699979800\n|start\n|switch|p1a: Gholdengo|Gholdengo, L50|100\/100\n|switch|p1b: Arcanine|Arcanine-Hisui, L50, M|100\/100\n|switch|p2a: Rillaboom|Rillaboom, L50, M|100\/100\n|switch|p2b: Sneasler|Sneasler, L50, F|100\/100\n|-ability|p1b: Arcanine|Intimidate|boost\n|-unboost|p2a: Rillaboom|atk|1\n|-unboost|p2b: Sneasler|atk|1\n|-fieldstart|move: Grassy Terrain|[from] ability: Grassy Surge|[of] p2a: Rillaboom\n|-enditem|p2b: Sneasler|Grassy Seed\n|-boost|p2b: Sneasler|def|1|[from] item: Grassy Seed\n|turn|1\n|inactive|intark has 30 seconds left.\n|inactive|MCsquidzy has 30 seconds left.\n|inactive|intark has 20 seconds left.\n|inactive|intark has 15 seconds left.\n|inactive|MCsquidzy has 20 seconds left.\n|inactive|MCsquidzy has 15 seconds left.\n|inactive|intark has 10 seconds left.\n|inactive|MCsquidzy has 10 seconds left.\n|\n|t:|1699979859\n|switch|p2b: Iron Hands|Iron Hands, L50, shiny|100\/100\n|switch|p1b: Rillaboom|Rillaboom, L50, F|100\/100\n|move|p1a: Gholdengo|Protect|p1a: Gholdengo\n|-singleturn|p1a: Gholdengo|Protect\n|move|p2a: Rillaboom|High Horsepower|p1a: Gholdengo\n|-activate|p1a: Gholdengo|move: Protect\n|\n|upkeep\n|turn|2\n|\n|t:|1699979878\n|switch|p2a: Iron Bundle|Iron Bundle, L50|100\/100\n|-enditem|p2a: Iron Bundle|Booster Energy\n|-activate|p2a: Iron Bundle|ability: Quark Drive|[fromitem]\n|-start|p2a: Iron Bundle|quarkdrivespe\n|move|p1b: Rillaboom|Fake Out|p2a: Iron Bundle\n|-crit|p2a: Iron Bundle\n|-damage|p2a: Iron Bundle|79\/100\n|move|p2b: Iron Hands|Fake Out|p1b: Rillaboom\n|-damage|p1b: Rillaboom|88\/100\n|move|p1a: Gholdengo|Nasty Plot|p1a: Gholdengo\n|-boost|p1a: Gholdengo|spa|2\n|\n|-heal|p2a: Iron Bundle|85\/100|[from] Grassy Terrain\n|-heal|p1b: Rillaboom|94\/100|[from] Grassy Terrain\n|upkeep\n|turn|3\n|inactive|intark has 30 seconds left.\n|inactive|MCsquidzy has 30 seconds left.\n|inactive|intark has 20 seconds left.\n|\n|t:|1699979915\n|move|p2a: Iron Bundle|Freeze-Dry|p1b: Rillaboom\n|-supereffective|p1b: Rillaboom\n|-damage|p1b: Rillaboom|44\/100\n|move|p1a: Gholdengo|Make It Rain|p2a: Iron Bundle|[spread] p2a,p2b\n|-resisted|p2b: Iron Hands\n|-damage|p2a: Iron Bundle|0 fnt\n|-damage|p2b: Iron Hands|73\/100\n|-unboost|p1a: Gholdengo|spa|1\n|faint|p2a: Iron Bundle\n|-end|p2a: Iron Bundle|Quark Drive|[silent]\n|move|p1b: Rillaboom|High Horsepower|p2b: Iron Hands\n|-supereffective|p2b: Iron Hands\n|-damage|p2b: Iron Hands|31\/100\n|move|p2b: Iron Hands|Wild Charge|p1a: Gholdengo\n|-crit|p1a: Gholdengo\n|-damage|p1a: Gholdengo|30\/100\n|-damage|p2b: Iron Hands|17\/100|[from] Recoil\n|\n|-heal|p1a: Gholdengo|36\/100|[from] Grassy Terrain\n|-heal|p1a: Gholdengo|42\/100|[from] item: Leftovers\n|-heal|p1b: Rillaboom|50\/100|[from] Grassy Terrain\n|-heal|p2b: Iron Hands|23\/100|[from] Grassy Terrain\n|upkeep\n|\n|t:|1699979935\n|switch|p2a: Sneasler|Sneasler, L50, F|100\/100\n|turn|4\n|\n|t:|1699979957\n|switch|p1b: Arcanine|Arcanine-Hisui, L50, M|100\/100\n|-ability|p1b: Arcanine|Intimidate|boost\n|-unboost|p2a: Sneasler|atk|1\n|-unboost|p2b: Iron Hands|atk|1\n|move|p1a: Gholdengo|Protect|p1a: Gholdengo\n|-singleturn|p1a: Gholdengo|Protect\n|move|p2a: Sneasler|Dire Claw|p1b: Arcanine\n|-resisted|p1b: Arcanine\n|-crit|p1b: Arcanine\n|-damage|p1b: Arcanine|60\/100\n|-status|p1b: Arcanine|psn\n|move|p2b: Iron Hands|Wild Charge|p1a: Gholdengo\n|-activate|p1a: Gholdengo|move: Protect\n|\n|-heal|p1b: Arcanine|66\/100 psn|[from] Grassy Terrain\n|-heal|p1a: Gholdengo|48\/100|[from] Grassy Terrain\n|-heal|p1a: Gholdengo|55\/100|[from] item: Leftovers\n|-heal|p2b: Iron Hands|29\/100|[from] Grassy Terrain\n|-damage|p1b: Arcanine|53\/100 psn|[from] psn\n|upkeep\n|turn|5\n|inactive|intark has 30 seconds left.\n|-message|MCsquidzy forfeited.\n|\n|win|intark\n|raw|intark's rating: 1282 &rarr; <strong>1314<\/strong><br \/>(+32 for winning)\n|raw|MCsquidzy's rating: 1375 &rarr; <strong>1350<\/strong><br \/>(-25 for losing)\n|l|\u2606MCsquidzy\n","uploadtime":1699980000,"views":16,"p1id":"intark","p2id":"mcsquidzy","formatid":"gen9vgc2023regulatione","rating":1314,"private":0,"password":""}