{"id":"gen9vgc2023regulatione-1988596635","p1":"Tilzy","p2":"ggttmmhh","format":"[Gen 9] VGC 2023 Regulation E","log":"|j|\u2606Tilzy\n|j|\u2606ggttmmhh\n|t:|1699740161\n|gametype|doubles\n|player|p1|Tilzy|morty|1724\n|player|p2|ggttmmhh|102|1856\n|teamsize|p1|6\n|teamsize|p2|6\n|gen|9\n|tier|[Gen 9] VGC 2023 Regulation E\n|rated|\n|rule|Species Clause: Limit one of each Pok\u00e9mon\n|rule|Item Clause: Limit one of each item\n|clearpoke\n|poke|p1|Regidrago, L50|\n|poke|p1|Tornadus, L50, M|\n|poke|p1|Urshifu-*, L50, F|\n|poke|p1|Rillaboom, L50, F|\n|poke|p1|Gholdengo, L50|\n|poke|p1|Ogerpon-Hearthflame, L50, F|\n|poke|p2|Roaring Moon, L50|\n|poke|p2|Ogerpon, L50, F|\n|poke|p2|Gholdengo, L50|\n|poke|p2|Gallade, L50, M|\n|poke|p2|Urshifu-*, L50, F|\n|poke|p2|Enamorus-Therian, L50, F|\n|teampreview|4\nTilzy has agreed to open team sheets.\n|inactive|Battle timer is ON: inactive players will automatically lose when time's up. (requested by Tilzy)\n|\n|t:|1699740256\n|start\n|switch|p1a: Jay Baruchel|Tornadus, L50, M, shiny|100\/100\n|switch|p1b: Ben Stiller|Urshifu-Rapid-Strike, L50, F|100\/100\n|switch|p2a: Roaring Moon|Roaring Moon, L50|100\/100\n|switch|p2b: Urshifu|Urshifu-Rapid-Strike, L50, F|100\/100\n|-enditem|p2a: Roaring Moon|Booster Energy\n|-activate|p2a: Roaring Moon|ability: Protosynthesis|[fromitem]\n|-start|p2a: Roaring Moon|protosynthesisspe\n|turn|1\n|inactive|Tilzy has 30 seconds left.\n|inactive|ggttmmhh has 30 seconds left.\n|inactive|Tilzy has 20 seconds left.\n|inactive|ggttmmhh has 20 seconds left.\n|inactive|Tilzy has 15 seconds left.\n|inactive|ggttmmhh has 15 seconds left.\n|inactive|Tilzy has 10 seconds left.\n|inactive|ggttmmhh has 10 seconds left.\n|inactive|ggttmmhh has 5 seconds left.\n|\n|t:|1699740309\n|-terastallize|p2a: Roaring Moon|Fairy\n|move|p2a: Roaring Moon|Tailwind|p2a: Roaring Moon\n|-sidestart|p2: ggttmmhh|move: Tailwind\n|move|p2b: Urshifu|Close Combat|p1b: Ben Stiller\n|-damage|p1b: Ben Stiller|42\/100\n|-unboost|p2b: Urshifu|def|1\n|-unboost|p2b: Urshifu|spd|1\n|move|p1b: Ben Stiller|Rock Slide|p2a: Roaring Moon|[spread] p2a,p2b\n|-resisted|p2b: Urshifu\n|-damage|p2a: Roaring Moon|79\/100\n|-damage|p2b: Urshifu|87\/100\n|move|p1a: Jay Baruchel|Icy Wind|p2b: Urshifu|[spread] p2a,p2b\n|-resisted|p2b: Urshifu\n|-crit|p2b: Urshifu\n|-damage|p2a: Roaring Moon|68\/100\n|-damage|p2b: Urshifu|70\/100\n|-unboost|p2a: Roaring Moon|spe|1\n|-unboost|p2b: Urshifu|spe|1\n|\n|upkeep\n|turn|2\n|inactive|ggttmmhh has 30 seconds left.\n|inactive|ggttmmhh has 20 seconds left.\n|\n|t:|1699740347\n|move|p1a: Jay Baruchel|Tailwind|p1a: Jay Baruchel\n|-sidestart|p1: Tilzy|move: Tailwind\n|move|p1b: Ben Stiller|Rock Slide|p2b: Urshifu|[spread] p2a,p2b\n|-resisted|p2b: Urshifu\n|-damage|p2a: Roaring Moon|49\/100\n|-damage|p2b: Urshifu|56\/100\n|cant|p2a: Roaring Moon|flinch\n|move|p2b: Urshifu|Surging Strikes|p1a: Jay Baruchel\n|-crit|p1a: Jay Baruchel\n|-damage|p1a: Jay Baruchel|68\/100\n|-crit|p1a: Jay Baruchel\n|-damage|p1a: Jay Baruchel|34\/100\n|-crit|p1a: Jay Baruchel\n|-damage|p1a: Jay Baruchel|0 fnt\n|faint|p1a: Jay Baruchel\n|-hitcount|p1: Jay Baruchel|3\n|\n|upkeep\n|\n|t:|1699740362\n|switch|p1a: Jack Black|Rillaboom, L50, F, shiny|100\/100\n|-fieldstart|move: Grassy Terrain|[from] ability: Grassy Surge|[of] p1a: Jack Black\n|turn|3\n|inactive|ggttmmhh has 30 seconds left.\n|inactive|ggttmmhh has 20 seconds left.\n|\n|t:|1699740400\n|switch|p2b: Gholdengo|Gholdengo, L50|100\/100\n|move|p2a: Roaring Moon|Protect|p2a: Roaring Moon\n|-singleturn|p2a: Roaring Moon|Protect\n|move|p1a: Jack Black|Grassy Glide|p2a: Roaring Moon\n|-activate|p2a: Roaring Moon|move: Protect\n|move|p1b: Ben Stiller|Rock Slide|p2a: Roaring Moon|[spread] p2b\n|-activate|p2a: Roaring Moon|move: Protect\n|-resisted|p2b: Gholdengo\n|-damage|p2b: Gholdengo|91\/100\n|\n|-heal|p1b: Ben Stiller|49\/100|[from] Grassy Terrain\n|-heal|p2a: Roaring Moon|55\/100|[from] Grassy Terrain\n|-heal|p2b: Gholdengo|97\/100|[from] Grassy Terrain\n|-heal|p2b: Gholdengo|100\/100|[from] item: Leftovers\n|upkeep\n|turn|4\n|inactive|ggttmmhh has 30 seconds left.\n|inactive|ggttmmhh has 20 seconds left.\n|inactive|ggttmmhh has 15 seconds left.\n|inactive|ggttmmhh has 10 seconds left.\n|inactive|ggttmmhh has 5 seconds left.\n|\n|t:|1699740452\n|-end|p2a: Roaring Moon|Protosynthesis|[silent]\n|switch|p2a: Urshifu|Urshifu-Rapid-Strike, L50, F|56\/100\n|move|p1a: Jack Black|Grassy Glide|p2a: Urshifu\n|-supereffective|p2a: Urshifu\n|-damage|p2a: Urshifu|0 fnt\n|faint|p2a: Urshifu\n|move|p1b: Ben Stiller|Rock Slide|p2b: Gholdengo\n|-resisted|p2b: Gholdengo\n|-damage|p2b: Gholdengo|88\/100\n|move|p2b: Gholdengo|Nasty Plot|p2b: Gholdengo\n|-boost|p2b: Gholdengo|spa|2\n|\n|-heal|p1b: Ben Stiller|55\/100|[from] Grassy Terrain\n|-heal|p2b: Gholdengo|94\/100|[from] Grassy Terrain\n|-heal|p2b: Gholdengo|99\/100|[from] item: Leftovers\n|-sideend|p2: ggttmmhh|move: Tailwind\n|upkeep\n|\n|t:|1699740471\n|switch|p2a: Roaring Moon|Roaring Moon, L50, tera:Fairy|55\/100\n|turn|5\n|\n|t:|1699740483\n|move|p2a: Roaring Moon|Protect|p2a: Roaring Moon\n|-singleturn|p2a: Roaring Moon|Protect\n|move|p2b: Gholdengo|Protect|p2b: Gholdengo\n|-singleturn|p2b: Gholdengo|Protect\n|move|p1b: Ben Stiller|Rock Slide|p2b: Gholdengo|[spread] \n|-activate|p2a: Roaring Moon|move: Protect\n|-activate|p2b: Gholdengo|move: Protect\n|move|p1a: Jack Black|High Horsepower|p2b: Gholdengo\n|-activate|p2b: Gholdengo|move: Protect\n|\n|-heal|p1b: Ben Stiller|61\/100|[from] Grassy Terrain\n|-heal|p2a: Roaring Moon|61\/100|[from] Grassy Terrain\n|-heal|p2b: Gholdengo|100\/100|[from] Grassy Terrain\n|-sideend|p1: Tilzy|move: Tailwind\n|upkeep\n|turn|6\n|\n|t:|1699740499\n|move|p1b: Ben Stiller|Rock Slide|p2b: Gholdengo|[spread] p2a,p2b\n|-resisted|p2b: Gholdengo\n|-damage|p2a: Roaring Moon|41\/100\n|-damage|p2b: Gholdengo|90\/100\n|cant|p2a: Roaring Moon|flinch\n|move|p2b: Gholdengo|Make It Rain|p1a: Jack Black|[spread] p1a,p1b\n|-resisted|p1b: Ben Stiller\n|-damage|p1a: Jack Black|40\/100\n|-damage|p1b: Ben Stiller|0 fnt\n|-unboost|p2b: Gholdengo|spa|1\n|faint|p1b: Ben Stiller\n|move|p1a: Jack Black|High Horsepower|p2b: Gholdengo\n|-supereffective|p2b: Gholdengo\n|-damage|p2b: Gholdengo|25\/100\n|\n|-heal|p2a: Roaring Moon|47\/100|[from] Grassy Terrain\n|-heal|p2b: Gholdengo|31\/100|[from] Grassy Terrain\n|-heal|p2b: Gholdengo|37\/100|[from] item: Leftovers\n|-heal|p1a: Jack Black|46\/100|[from] Grassy Terrain\n|upkeep\n|\n|t:|1699740514\n|switch|p1b: Brandon Jackson|Ogerpon-Hearthflame, L50, F|100\/100\n|-ability|p1b: Brandon Jackson|Mold Breaker\n|turn|7\n|inactive|ggttmmhh has 30 seconds left.\n|inactive|ggttmmhh has 20 seconds left.\n|inactive|ggttmmhh has 15 seconds left.\n|inactive|ggttmmhh has 10 seconds left.\n|inactive|ggttmmhh has 5 seconds left.\n|\n|t:|1699740566\n|move|p2b: Gholdengo|Protect|p2b: Gholdengo\n|-singleturn|p2b: Gholdengo|Protect\n|move|p1a: Jack Black|Grassy Glide|p2a: Roaring Moon\n|-damage|p2a: Roaring Moon|9\/100\n|move|p2a: Roaring Moon|Tailwind|p2a: Roaring Moon\n|-sidestart|p2: ggttmmhh|move: Tailwind\n|move|p1b: Brandon Jackson|Ivy Cudgel|p2b: Gholdengo\n|-activate|p2b: Gholdengo|move: Protect\n|\n|-heal|p2a: Roaring Moon|15\/100|[from] Grassy Terrain\n|-heal|p2b: Gholdengo|43\/100|[from] Grassy Terrain\n|-heal|p2b: Gholdengo|49\/100|[from] item: Leftovers\n|-heal|p1a: Jack Black|52\/100|[from] Grassy Terrain\n|-fieldend|move: Grassy Terrain\n|upkeep\n|turn|8\n|\n|t:|1699740588\n|-terastallize|p1a: Jack Black|Fire\n|move|p1b: Brandon Jackson|Spiky Shield|p1b: Brandon Jackson\n|-singleturn|p1b: Brandon Jackson|move: Protect\n|move|p2a: Roaring Moon|Breaking Swipe|p1a: Jack Black|[spread] p1a\n|-activate|p1b: Brandon Jackson|move: Protect\n|-damage|p2a: Roaring Moon|3\/100|[from] Spiky Shield|[of] p1b: Brandon Jackson\n|-damage|p1a: Jack Black|32\/100\n|-unboost|p1a: Jack Black|atk|1\n|move|p2b: Gholdengo|Make It Rain|p1a: Jack Black|[spread] p1a\n|-activate|p1b: Brandon Jackson|move: Protect\n|-resisted|p1a: Jack Black\n|-damage|p1a: Jack Black|9\/100\n|-unboost|p2b: Gholdengo|spa|1\n|move|p1a: Jack Black|Wood Hammer|p2b: Gholdengo\n|-resisted|p2b: Gholdengo\n|-damage|p2b: Gholdengo|31\/100\n|-damage|p1a: Jack Black|3\/100|[from] Recoil\n|\n|-heal|p2b: Gholdengo|37\/100|[from] item: Leftovers\n|upkeep\n|turn|9\n|inactive|Tilzy has 30 seconds left.\n|inactive|ggttmmhh has 30 seconds left.\n|\n|t:|1699740613\n|move|p2a: Roaring Moon|Knock Off|p1a: Jack Black\n|-damage|p1a: Jack Black|0 fnt\n|-enditem|p1a: Jack Black|Assault Vest|[from] move: Knock Off|[of] p2a: Roaring Moon\n|faint|p1a: Jack Black\n|move|p2b: Gholdengo|Shadow Ball|p1b: Brandon Jackson\n|-damage|p1b: Brandon Jackson|60\/100\n|move|p1b: Brandon Jackson|Ivy Cudgel|p2b: Gholdengo\n|-supereffective|p2b: Gholdengo\n|-damage|p2b: Gholdengo|0 fnt\n|faint|p2b: Gholdengo\n|\n|upkeep\n|\n|t:|1699740623\n|switch|p2b: Gallade|Gallade, L50, M|100\/100\n|turn|10\n|\n|t:|1699740636\n|move|p2a: Roaring Moon|Protect|p2a: Roaring Moon\n|-singleturn|p2a: Roaring Moon|Protect\n|move|p1b: Brandon Jackson|Spiky Shield|p1b: Brandon Jackson\n|-singleturn|p1b: Brandon Jackson|move: Protect\n|move|p2b: Gallade|Psycho Cut|p1b: Brandon Jackson\n|-activate|p1b: Brandon Jackson|move: Protect\n|\n|-sideend|p2: ggttmmhh|move: Tailwind\n|upkeep\n|turn|11\n|\n|t:|1699740643\n|move|p1b: Brandon Jackson|Spiky Shield|p1b: Brandon Jackson\n|-singleturn|p1b: Brandon Jackson|move: Protect\n|move|p2a: Roaring Moon|Tailwind|p2a: Roaring Moon\n|-sidestart|p2: ggttmmhh|move: Tailwind\n|move|p2b: Gallade|Sacred Sword|p1b: Brandon Jackson\n|-activate|p1b: Brandon Jackson|move: Protect\n|-damage|p2b: Gallade|88\/100|[from] Spiky Shield|[of] p1b: Brandon Jackson\n|\n|upkeep\n|turn|12\n|\n|t:|1699740652\n|move|p1b: Brandon Jackson|Spiky Shield|p1b: Brandon Jackson\n|-singleturn|p1b: Brandon Jackson|move: Protect\n|move|p2a: Roaring Moon|Breaking Swipe|p1b: Brandon Jackson\n|-activate|p1b: Brandon Jackson|move: Protect\n|-damage|p2a: Roaring Moon|0 fnt|[from] Spiky Shield|[of] p1b: Brandon Jackson\n|faint|p2a: Roaring Moon\n|-end|p2a: Roaring Moon|Protosynthesis|[silent]\n|move|p2b: Gallade|Sacred Sword|p1b: Brandon Jackson\n|-activate|p1b: Brandon Jackson|move: Protect\n|-damage|p2b: Gallade|75\/100|[from] Spiky Shield|[of] p1b: Brandon Jackson\n|\n|upkeep\n|turn|13\n|c|\u2606Tilzy|Uff\n|\n|t:|1699740668\n|move|p2b: Gallade|Sacred Sword|p1b: Brandon Jackson\n|-damage|p1b: Brandon Jackson|0 fnt\n|faint|p1b: Brandon Jackson\n|\n|win|ggttmmhh\n|raw|Tilzy's rating: 1724 &rarr; <strong>1711<\/strong><br \/>(-13 for losing)\n|raw|ggttmmhh's rating: 1856 &rarr; <strong>1869<\/strong><br \/>(+13 for winning)\n","uploadtime":1699740678,"views":29,"p1id":"tilzy","p2id":"ggttmmhh","formatid":"gen9vgc2023regulatione","rating":1711,"private":0,"password":""}