{"id":"gen9vgc2023regulatione-1999319035","p1":"TheFreshPrints","p2":"Calmnic","format":"[Gen 9] VGC 2023 Regulation E","log":"|j|\u2606TheFreshPrints\n|j|\u2606Calmnic\n|t:|1701059654\n|gametype|doubles\n|player|p1|TheFreshPrints|102|1259\n|player|p2|Calmnic|petrel|1301\n|teamsize|p1|6\n|teamsize|p2|6\n|gen|9\n|tier|[Gen 9] VGC 2023 Regulation E\n|rated|\n|rule|Species Clause: Limit one of each Pok\u00e9mon\n|rule|Item Clause: Limit one of each item\n|clearpoke\n|poke|p1|Tornadus, L50, M|\n|poke|p1|Dragapult, L50, F|\n|poke|p1|Farigiraf, L50, F|\n|poke|p1|Urshifu-*, L50, F|\n|poke|p1|Tinkaton, L50, F|\n|poke|p1|Arcanine-Hisui, L50, M|\n|poke|p2|Amoonguss, L50, M|\n|poke|p2|Tornadus, L50, M|\n|poke|p2|Iron Hands, L50|\n|poke|p2|Arcanine-Hisui, L50, F|\n|poke|p2|Gholdengo, L50|\n|poke|p2|Urshifu-*, L50, M|\n|teampreview|4\n|inactive|Battle timer is ON: inactive players will automatically lose when time's up. (requested by Calmnic)\n|inactive|TheFreshPrints has 60 seconds left.\n|inactive|Calmnic has 60 seconds left.\n|inactive|TheFreshPrints has 30 seconds left.\n|inactive|TheFreshPrints has 20 seconds left.\n|inactive|TheFreshPrints has 15 seconds left.\n|inactive|TheFreshPrints has 10 seconds left.\n|inactive|TheFreshPrints has 5 seconds left.\n|\n|t:|1701059744\n|start\n|switch|p1a: Tornadus|Tornadus, L50, M|100\/100\n|switch|p1b: Dragapult|Dragapult, L50, F|100\/100\n|switch|p2a: Gholdengo|Gholdengo, L50|100\/100\n|switch|p2b: Tornadus|Tornadus, L50, M|100\/100\n|turn|1\n|\n|t:|1701059766\n|-terastallize|p2a: Gholdengo|Dragon\n|move|p1b: Dragapult|Protect|p1b: Dragapult\n|-singleturn|p1b: Dragapult|Protect\n|move|p2b: Tornadus|Tailwind|p2b: Tornadus\n|-sidestart|p2: Calmnic|move: Tailwind\n|move|p1a: Tornadus|Tailwind|p1a: Tornadus\n|-sidestart|p1: TheFreshPrints|move: Tailwind\n|move|p2a: Gholdengo|Nasty Plot|p2a: Gholdengo\n|-boost|p2a: Gholdengo|spa|2\n|-enditem|p1b: Dragapult|Mirror Herb\n|-boost|p1b: Dragapult|spa|2|[from] item: Mirror Herb\n|\n|upkeep\n|turn|2\n|inactive|Calmnic has 30 seconds left.\n|\n|t:|1701059799\n|switch|p2b: Iron Hands|Iron Hands, L50|100\/100\n|-terastallize|p1b: Dragapult|Dragon\n|move|p2a: Gholdengo|Protect|p2a: Gholdengo\n|-singleturn|p2a: Gholdengo|Protect\n|move|p1a: Tornadus|Swagger|p2b: Iron Hands\n|-boost|p2b: Iron Hands|atk|2\n|-start|p2b: Iron Hands|confusion\n|move|p1b: Dragapult|Dragon Darts|p2b: Iron Hands\n|-damage|p2b: Iron Hands|79\/100\n|-anim|p1b: Dragapult|Dragon Darts|p2b: Iron Hands\n|-damage|p2b: Iron Hands|58\/100\n|\n|upkeep\n|turn|3\n|inactive|TheFreshPrints has 30 seconds left.\n|\n|t:|1701059825\n|move|p1b: Dragapult|Protect|p1b: Dragapult\n|-singleturn|p1b: Dragapult|Protect\n|-activate|p2b: Iron Hands|confusion\n|-damage|p2b: Iron Hands|37\/100|[from] confusion\n|move|p2a: Gholdengo|Nasty Plot|p2a: Gholdengo\n|-boost|p2a: Gholdengo|spa|2\n|move|p1a: Tornadus|Bleakwind Storm|p2b: Iron Hands|[spread] p2a,p2b\n|-damage|p2a: Gholdengo|73\/100\n|-damage|p2b: Iron Hands|17\/100\n|\n|-heal|p2a: Gholdengo|79\/100|[from] item: Leftovers\n|upkeep\n|turn|4\n|inactive|Calmnic has 30 seconds left.\n|\n|t:|1701059859\n|-end|p2b: Iron Hands|Quark Drive|[silent]\n|switch|p2b: Tornadus|Tornadus, L50, M|100\/100\n|move|p2a: Gholdengo|Protect|p2a: Gholdengo\n|-singleturn|p2a: Gholdengo|Protect\n|move|p1b: Dragapult|Dragon Darts|p2b: Tornadus\n|-damage|p2b: Tornadus|48\/100\n|-anim|p1b: Dragapult|Dragon Darts|p2b: Tornadus\n|-crit|p2b: Tornadus\n|-damage|p2b: Tornadus|0 fnt\n|faint|p2b: Tornadus\n|move|p1a: Tornadus|Bleakwind Storm|p2a: Gholdengo\n|-activate|p2a: Gholdengo|move: Protect\n|\n|-heal|p2a: Gholdengo|85\/100|[from] item: Leftovers\n|-sideend|p1: TheFreshPrints|move: Tailwind\n|-sideend|p2: Calmnic|move: Tailwind\n|upkeep\n|\n|t:|1701059874\n|switch|p2b: Iron Hands|Iron Hands, L50|17\/100\n|turn|5\n|inactive|TheFreshPrints has 30 seconds left.\n|\n|t:|1701059900\n|move|p1b: Dragapult|Protect|p1b: Dragapult\n|-singleturn|p1b: Dragapult|Protect\n|move|p2b: Iron Hands|Fake Out|p1b: Dragapult\n|-activate|p1b: Dragapult|move: Protect\n|move|p2a: Gholdengo|Make It Rain|p1a: Tornadus|[spread] p1a\n|-activate|p1b: Dragapult|move: Protect\n|-damage|p1a: Tornadus|0 fnt\n|-unboost|p2a: Gholdengo|spa|1\n|faint|p1a: Tornadus\n|\n|-heal|p2a: Gholdengo|91\/100|[from] item: Leftovers\n|upkeep\n|\n|t:|1701059917\n|switch|p1a: Farigiraf|Farigiraf, L50, F|100\/100\n|turn|6\n|\n|t:|1701059924\n|-end|p2b: Iron Hands|Quark Drive|[silent]\n|switch|p2b: Arcanine|Arcanine-Hisui, L50, F|100\/100\n|-ability|p2b: Arcanine|Intimidate|boost\n|-unboost|p1a: Farigiraf|atk|1\n|-fail|p1b: Dragapult|unboost|[from] ability: Clear Body|[of] p1b: Dragapult\n|move|p1a: Farigiraf|Helping Hand|p1b: Dragapult\n|-singleturn|p1b: Dragapult|Helping Hand|[of] p1a: Farigiraf\n|move|p2a: Gholdengo|Protect|p2a: Gholdengo\n|-singleturn|p2a: Gholdengo|Protect\n|move|p1b: Dragapult|Dragon Darts|p2b: Arcanine\n|-damage|p2b: Arcanine|39\/100\n|-anim|p1b: Dragapult|Dragon Darts|p2b: Arcanine\n|-damage|p2b: Arcanine|0 fnt\n|faint|p2b: Arcanine\n|\n|-heal|p2a: Gholdengo|97\/100|[from] item: Leftovers\n|upkeep\n|\n|t:|1701059939\n|switch|p2b: Iron Hands|Iron Hands, L50|17\/100\n|turn|7\n|\n|t:|1701059953\n|move|p1b: Dragapult|Protect|p1b: Dragapult\n|-singleturn|p1b: Dragapult|Protect\n|move|p2a: Gholdengo|Make It Rain|p1a: Farigiraf|[spread] p1a\n|-activate|p1b: Dragapult|move: Protect\n|-damage|p1a: Farigiraf|17\/100\n|-unboost|p2a: Gholdengo|spa|1\n|move|p1a: Farigiraf|Psychic|p2b: Iron Hands\n|-supereffective|p2b: Iron Hands\n|-damage|p2b: Iron Hands|0 fnt\n|faint|p2b: Iron Hands\n|-end|p2b: Iron Hands|Quark Drive|[silent]\n|\n|-heal|p2a: Gholdengo|100\/100|[from] item: Leftovers\n|upkeep\n|turn|8\n|\n|t:|1701059971\n|move|p1a: Farigiraf|Helping Hand|p1b: Dragapult\n|-singleturn|p1b: Dragapult|Helping Hand|[of] p1a: Farigiraf\n|move|p1b: Dragapult|Dragon Darts|p2a: Gholdengo\n|-supereffective|p2a: Gholdengo\n|-damage|p2a: Gholdengo|0 fnt\n|faint|p2a: Gholdengo\n|\n|win|TheFreshPrints\n|raw|TheFreshPrints's rating: 1259 &rarr; <strong>1287<\/strong><br \/>(+28 for winning)\n|raw|Calmnic's rating: 1301 &rarr; <strong>1279<\/strong><br \/>(-22 for losing)\n","uploadtime":1701059976,"views":8,"p1id":"thefreshprints","p2id":"calmnic","formatid":"gen9vgc2023regulatione","rating":1279,"private":0,"password":""}