{"id":"gen9vgc2023regulatione-1994987222","p1":"YAY DOGGOS!","p2":"Astra15","format":"[Gen 9] VGC 2023 Regulation E","log":"|j|\u2606YAY DOGGOS!\n|j|\u2606Astra15\n|t:|1700510789\n|gametype|doubles\n|player|p1|YAY DOGGOS!|idol|\n|player|p2|Astra15|hugh|\n|teamsize|p1|6\n|teamsize|p2|6\n|gen|9\n|tier|[Gen 9] VGC 2023 Regulation E\n|rule|Species Clause: Limit one of each Pok\u00e9mon\n|rule|Item Clause: Limit one of each item\n|clearpoke\n|poke|p1|Grafaiai, L50, M|\n|poke|p1|Flutter Mane, L50|\n|poke|p1|Politoed, L50, M|\n|poke|p1|Beartic, L50, M|\n|poke|p1|Basculegion, L50, M|\n|poke|p1|Ting-Lu, L50|\n|poke|p2|Urshifu-*, L50, F|\n|poke|p2|Pelipper, L50, M|\n|poke|p2|Amoonguss, L50, M|\n|poke|p2|Thundurus-Therian, L50, M|\n|poke|p2|Mamoswine, L50, M|\n|poke|p2|Florges-Blue, L50, F|\n|teampreview|4\nAstra15 rejected open team sheets.\n|j| PorygonTheBot\n|c| PorygonTheBot|I'm here now, the battle can get started!\n|j| Storm149\n|n| Storm149|storm149\n|j| Katefromhighschool\n|\n|t:|1700510893\n|start\n|switch|p1a: Maiailes Morales|Grafaiai, L50, M|100\/100\n|switch|p1b: ThisIsForTheGays|Flutter Mane, L50|100\/100\n|switch|p2a: Charlemagne|Urshifu-Rapid-Strike, L50, F|100\/100\n|switch|p2b: Avicebron|Pelipper, L50, M|100\/100\n|-weather|RainDance|[from] ability: Drizzle|[of] p2b: Avicebron\n|turn|1\n|\n|t:|1700510911\n|-terastallize|p1b: ThisIsForTheGays|Ghost\n|-terastallize|p2a: Charlemagne|Steel\n|move|p2b: Avicebron|Protect|p2b: Avicebron\n|-singleturn|p2b: Avicebron|Protect\n|move|p1a: Maiailes Morales|Sunny Day|p1a: Maiailes Morales\n|-weather|SunnyDay\n|-activate|p1b: ThisIsForTheGays|ability: Protosynthesis\n|-start|p1b: ThisIsForTheGays|protosynthesisspa\n|move|p1b: ThisIsForTheGays|Shadow Ball|p2a: Charlemagne\n|-damage|p2a: Charlemagne|0 fnt\n|faint|p2a: Charlemagne\n|-damage|p1b: ThisIsForTheGays|91\/100|[from] item: Life Orb\n|\n|-weather|SunnyDay|[upkeep]\n|upkeep\n|j| minior01\n|\n|t:|1700510924\n|switch|p2a: Jeanne d'Arc|Florges-Blue, L50, F|100\/100\n|turn|2\n|\n|t:|1700510930\n|move|p1a: Maiailes Morales|Helping Hand|p1b: ThisIsForTheGays\n|-singleturn|p1b: ThisIsForTheGays|Helping Hand|[of] p1a: Maiailes Morales\n|move|p1b: ThisIsForTheGays|Shadow Ball|p2a: Jeanne d'Arc\n|-damage|p2a: Jeanne d'Arc|35\/100\n|-damage|p1b: ThisIsForTheGays|81\/100|[from] item: Life Orb\n|move|p2a: Jeanne d'Arc|Dazzling Gleam|p1b: ThisIsForTheGays|[spread] p1a,p1b\n|-resisted|p1a: Maiailes Morales\n|-damage|p1a: Maiailes Morales|85\/100\n|-damage|p1b: ThisIsForTheGays|55\/100\n|move|p2b: Avicebron|Rain Dance|p2b: Avicebron\n|-weather|RainDance\n|-end|p1b: ThisIsForTheGays|Protosynthesis\n|\n|-weather|RainDance|[upkeep]\n|-heal|p2a: Jeanne d'Arc|40\/100|[from] item: Leftovers\n|upkeep\n|turn|3\n|\n|t:|1700510952\n|move|p2a: Jeanne d'Arc|Protect|p2a: Jeanne d'Arc\n|-singleturn|p2a: Jeanne d'Arc|Protect\n|move|p1a: Maiailes Morales|Sunny Day|p1a: Maiailes Morales\n|-weather|SunnyDay\n|-activate|p1b: ThisIsForTheGays|ability: Protosynthesis\n|-start|p1b: ThisIsForTheGays|protosynthesisspa\n|move|p1b: ThisIsForTheGays|Shadow Ball|p2a: Jeanne d'Arc\n|-activate|p2a: Jeanne d'Arc|move: Protect\n|move|p2b: Avicebron|Weather Ball|p1b: ThisIsForTheGays\n|-damage|p1b: ThisIsForTheGays|21\/100\n|\n|-weather|SunnyDay|[upkeep]\n|-heal|p2a: Jeanne d'Arc|46\/100|[from] item: Leftovers\n|upkeep\n|turn|4\n|c| minior01|RAIN DANCE PELIPPER GOES HARD\n|\n|t:|1700510996\n|move|p1a: Maiailes Morales|Helping Hand|p1b: ThisIsForTheGays\n|-singleturn|p1b: ThisIsForTheGays|Helping Hand|[of] p1a: Maiailes Morales\n|move|p1b: ThisIsForTheGays|Shadow Ball|p2a: Jeanne d'Arc\n|-damage|p2a: Jeanne d'Arc|0 fnt\n|faint|p2a: Jeanne d'Arc\n|-damage|p1b: ThisIsForTheGays|11\/100|[from] item: Life Orb\n|move|p2b: Avicebron|Tailwind|p2b: Avicebron\n|-sidestart|p2: Astra15|move: Tailwind\n|\n|-weather|SunnyDay|[upkeep]\n|upkeep\n|\n|t:|1700511005\n|switch|p2a: Tiamat|Thundurus-Therian, L50, M|100\/100\n|turn|5\n|\n|t:|1700511017\n|move|p1b: ThisIsForTheGays|Protect|p1b: ThisIsForTheGays\n|-singleturn|p1b: ThisIsForTheGays|Protect\n|move|p1a: Maiailes Morales|Taunt|p2b: Avicebron\n|-start|p2b: Avicebron|move: Taunt\n|move|p2a: Tiamat|Wildbolt Storm|p1b: ThisIsForTheGays|[spread] p1a\n|-activate|p1b: ThisIsForTheGays|move: Protect\n|-damage|p1a: Maiailes Morales|0 fnt\n|faint|p1a: Maiailes Morales\n|cant|p2b: Avicebron|move: Taunt|Rain Dance\n|\n|-weather|SunnyDay|[upkeep]\n|upkeep\n|\n|t:|1700511036\n|switch|p1a: iFightForMyFriends|Basculegion, L50, M|100\/100\n|turn|6\n|\n|t:|1700511045\n|move|p1a: iFightForMyFriends|Protect|p1a: iFightForMyFriends\n|-singleturn|p1a: iFightForMyFriends|Protect\n|move|p2a: Tiamat|Wildbolt Storm|p1a: iFightForMyFriends|[spread] p1b\n|-activate|p1a: iFightForMyFriends|move: Protect\n|-damage|p1b: ThisIsForTheGays|0 fnt\n|faint|p1b: ThisIsForTheGays\n|-end|p1b: ThisIsForTheGays|Protosynthesis|[silent]\n|move|p2b: Avicebron|Weather Ball|p1a: iFightForMyFriends\n|-activate|p1a: iFightForMyFriends|move: Protect\n|\n|-weather|SunnyDay|[upkeep]\n|upkeep\n|\n|t:|1700511059\n|switch|p1b: Froggo Doggo|Politoed, L50, M|100\/100\n|-weather|RainDance|[from] ability: Drizzle|[of] p1b: Froggo Doggo\n|turn|7\n|\n|t:|1700511082\n|move|p1b: Froggo Doggo|Helping Hand|p1a: iFightForMyFriends\n|-singleturn|p1a: iFightForMyFriends|Helping Hand|[of] p1b: Froggo Doggo\n|move|p2a: Tiamat|Wildbolt Storm|p1a: iFightForMyFriends|[spread] p1a,p1b\n|-supereffective|p1a: iFightForMyFriends\n|-supereffective|p1b: Froggo Doggo\n|-damage|p1a: iFightForMyFriends|0 fnt\n|-damage|p1b: Froggo Doggo|18\/100\n|faint|p1a: iFightForMyFriends\n|move|p2b: Avicebron|Weather Ball|p1b: Froggo Doggo\n|-resisted|p1b: Froggo Doggo\n|-damage|p1b: Froggo Doggo|3\/100\n|\n|-weather|RainDance|[upkeep]\n|-end|p2b: Avicebron|move: Taunt\n|-sideend|p2: Astra15|move: Tailwind\n|upkeep\n|turn|8\n|\n|t:|1700511098\n|move|p2a: Tiamat|Wildbolt Storm|p1b: Froggo Doggo\n|-supereffective|p1b: Froggo Doggo\n|-damage|p1b: Froggo Doggo|0 fnt\n|faint|p1b: Froggo Doggo\n|\n|win|Astra15\n","uploadtime":1700511107,"views":22,"p1id":"yaydoggos","p2id":"astra15","formatid":"gen9vgc2023regulatione","rating":0,"private":0,"password":null}