{"id":"gen9vgc2023regulatione-1999310402","p1":"Mr. Slowpoke Well","p2":"Delta1O7","format":"[Gen 9] VGC 2023 Regulation E","log":"|j|\u2606Mr. Slowpoke Well\n|j|\u2606Delta1O7\n|t:|1701058409\n|gametype|doubles\n|player|p1|Mr. Slowpoke Well|101|1078\n|player|p2|Delta1O7|265|1138\n|teamsize|p1|6\n|teamsize|p2|6\n|gen|9\n|tier|[Gen 9] VGC 2023 Regulation E\n|rated|\n|rule|Species Clause: Limit one of each Pok\u00e9mon\n|rule|Item Clause: Limit one of each item\n|clearpoke\n|poke|p1|Gyarados, L50, F|\n|poke|p1|Drowzee, L50, F|\n|poke|p1|Marill, L50, M|\n|poke|p1|Revavroom, L50, F|\n|poke|p1|Clefairy, L50, F|\n|poke|p1|Ursaluna-Bloodmoon, L50, M|\n|poke|p2|Tornadus, L50, M|\n|poke|p2|Orthworm, L50, M|\n|poke|p2|Iron Hands, L50|\n|poke|p2|Ogerpon-Hearthflame, L50, F|\n|poke|p2|Landorus-Therian, L50, M|\n|poke|p2|Iron Bundle, L50|\n|teampreview|4\n|inactive|Battle timer is ON: inactive players will automatically lose when time's up. (requested by Mr. Slowpoke Well)\n|\n|t:|1701058425\n|start\n|switch|p1a: Purple|Drowzee, L50, F, shiny|100\/100\n|switch|p1b: Going to Space|Clefairy, L50, F|100\/100\n|switch|p2a: Tornadus|Tornadus, L50, M|100\/100\n|switch|p2b: Iron Hands|Iron Hands, L50|100\/100\n|turn|1\n|\n|t:|1701058446\n|switch|p1b: Bloodmoon Beast|Ursaluna-Bloodmoon, L50, M|100\/100\n|-terastallize|p1a: Purple|Dark\n|move|p2a: Tornadus|Taunt|p1a: Purple\n|-hint|Since gen 7, Dark is immune to Prankster moves.\n|-immune|p1a: Purple\n|move|p2b: Iron Hands|Heavy Slam|p1b: Bloodmoon Beast\n|-damage|p1b: Bloodmoon Beast|91\/100\n|move|p1a: Purple|Trick Room|p1a: Purple\n|-fieldstart|move: Trick Room|[of] p1a: Purple\n|\n|upkeep\n|turn|2\n|\n|t:|1701058461\n|switch|p1a: Going to Space|Clefairy, L50, F|100\/100\n|move|p1b: Bloodmoon Beast|Hyper Voice|p2b: Iron Hands|[spread] p2a,p2b\n|-crit|p2a: Tornadus\n|-damage|p2a: Tornadus|36\/100\n|-damage|p2b: Iron Hands|80\/100\n|-enditem|p1b: Bloodmoon Beast|Throat Spray\n|-boost|p1b: Bloodmoon Beast|spa|1|[from] item: Throat Spray\n|move|p2b: Iron Hands|Drain Punch|p1b: Bloodmoon Beast\n|-supereffective|p1b: Bloodmoon Beast\n|-damage|p1b: Bloodmoon Beast|50\/100\n|-heal|p2b: Iron Hands|98\/100|[from] drain|[of] p1b: Bloodmoon Beast\n|move|p2a: Tornadus|Bleakwind Storm|p1b: Bloodmoon Beast|[spread] \n|-miss|p2a: Tornadus|p1a: Going to Space\n|-miss|p2a: Tornadus|p1b: Bloodmoon Beast\n|\n|upkeep\n|turn|3\n|inactive|Delta1O7 has 30 seconds left.\n|\n|t:|1701058490\n|move|p2a: Tornadus|Taunt|p1a: Going to Space\n|-start|p1a: Going to Space|move: Taunt\n|cant|p1a: Going to Space|move: Taunt|Heal Pulse\n|move|p1b: Bloodmoon Beast|Hyper Voice|p2b: Iron Hands|[spread] p2a,p2b\n|-damage|p2a: Tornadus|0 fnt\n|-damage|p2b: Iron Hands|68\/100\n|faint|p2a: Tornadus\n|move|p2b: Iron Hands|Drain Punch|p1b: Bloodmoon Beast\n|-supereffective|p1b: Bloodmoon Beast\n|-damage|p1b: Bloodmoon Beast|6\/100\n|-heal|p2b: Iron Hands|88\/100|[from] drain|[of] p1b: Bloodmoon Beast\n|\n|upkeep\n|\n|t:|1701058508\n|switch|p2a: Iron Bundle|Iron Bundle, L50|100\/100\n|-enditem|p2a: Iron Bundle|Booster Energy\n|-activate|p2a: Iron Bundle|ability: Quark Drive|[fromitem]\n|-start|p2a: Iron Bundle|quarkdrivespa\n|turn|4\n|\n|t:|1701058520\n|move|p1a: Going to Space|Dazzling Gleam|p2a: Iron Bundle|[spread] p2a,p2b\n|-supereffective|p2b: Iron Hands\n|-damage|p2a: Iron Bundle|73\/100\n|-damage|p2b: Iron Hands|73\/100\n|move|p1b: Bloodmoon Beast|Hyper Voice|p2b: Iron Hands|[spread] p2a,p2b\n|-damage|p2a: Iron Bundle|0 fnt\n|-damage|p2b: Iron Hands|43\/100\n|faint|p2a: Iron Bundle\n|-end|p2a: Iron Bundle|Quark Drive|[silent]\n|move|p2b: Iron Hands|Heavy Slam|p1a: Going to Space\n|-supereffective|p1a: Going to Space\n|-damage|p1a: Going to Space|33\/100\n|\n|upkeep\n|\n|t:|1701058532\n|switch|p2a: Ogerpon|Ogerpon-Hearthflame, L50, F|100\/100\n|-ability|p2a: Ogerpon|Mold Breaker\n|turn|5\n|\n|t:|1701058548\n|move|p2a: Ogerpon|Spiky Shield|p2a: Ogerpon\n|-singleturn|p2a: Ogerpon|move: Protect\n|move|p1a: Going to Space|Dazzling Gleam|p2b: Iron Hands|[spread] p2b\n|-activate|p2a: Ogerpon|move: Protect\n|-supereffective|p2b: Iron Hands\n|-damage|p2b: Iron Hands|30\/100\n|move|p1b: Bloodmoon Beast|Hyper Voice|p2b: Iron Hands|[spread] p2b\n|-activate|p2a: Ogerpon|move: Protect\n|-damage|p2b: Iron Hands|0 fnt\n|faint|p2b: Iron Hands\n|-end|p2b: Iron Hands|Quark Drive|[silent]\n|\n|-end|p1a: Going to Space|move: Taunt\n|-fieldend|move: Trick Room\n|upkeep\n|turn|6\n|\n|t:|1701058566\n|move|p1a: Going to Space|Follow Me|p1a: Going to Space\n|-singleturn|p1a: Going to Space|move: Follow Me\n|move|p2a: Ogerpon|Horn Leech|p1a: Going to Space\n|-damage|p1a: Going to Space|0 fnt\n|faint|p1a: Going to Space\n|move|p1b: Bloodmoon Beast|Blood Moon|p2a: Ogerpon\n|-damage|p2a: Ogerpon|0 fnt\n|faint|p2a: Ogerpon\n|\n|win|Mr. Slowpoke Well\n|raw|Mr. Slowpoke Well's rating: 1078 &rarr; <strong>1111<\/strong><br \/>(+33 for winning)\n|raw|Delta1O7's rating: 1138 &rarr; <strong>1109<\/strong><br \/>(-29 for losing)\n","uploadtime":1701058577,"views":3,"p1id":"mrslowpokewell","p2id":"delta1o7","formatid":"gen9vgc2023regulatione","rating":1109,"private":0,"password":""}