{"id":"gen9vgc2023regulatione-1992628041","p1":"Qwano","p2":"MagikDeluxe","format":"[Gen 9] VGC 2023 Regulation E","log":"|j|\u2606Qwano\n|j|\u2606MagikDeluxe\n|t:|1700217136\n|gametype|doubles\n|player|p1|Qwano|burglar|1266\n|player|p2|MagikDeluxe|colress|1364\n|teamsize|p1|6\n|teamsize|p2|6\n|gen|9\n|tier|[Gen 9] VGC 2023 Regulation E\n|rated|\n|rule|Species Clause: Limit one of each Pok\u00e9mon\n|rule|Item Clause: Limit one of each item\n|clearpoke\n|poke|p1|Glimmora, L50, M|\n|poke|p1|Articuno-Galar, L50|\n|poke|p1|Kommo-o, L50, F|\n|poke|p1|Fezandipiti, L50, M|\n|poke|p1|Sinistcha, L50|\n|poke|p1|Iron Valiant, L50|\n|poke|p2|Tornadus, L50, M|\n|poke|p2|Heatran, L50, F|\n|poke|p2|Tauros-Paldea-Blaze, L50, M|\n|poke|p2|Rillaboom, L50, F|\n|poke|p2|Slither Wing, L50|\n|poke|p2|Chi-Yu, L50|\n|teampreview|4\n|c|\u2606MagikDeluxe|glhf\n|\n|t:|1700217163\n|start\n|switch|p1a: Glimmora|Glimmora, L50, M|100\/100\n|switch|p1b: Fezandipiti|Fezandipiti, L50, M|100\/100\n|switch|p2a: Raging 'Ran|Heatran, L50, F|100\/100\n|switch|p2b: Biggie Teese|Tornadus, L50, M|100\/100\n|turn|1\n|\n|t:|1700217178\n|-terastallize|p2a: Raging 'Ran|Dragon\n|move|p2b: Biggie Teese|Tailwind|p2b: Biggie Teese\n|-sidestart|p2: MagikDeluxe|move: Tailwind\n|move|p2a: Raging 'Ran|Earth Power|p1a: Glimmora\n|-supereffective|p1a: Glimmora\n|-enditem|p1a: Glimmora|Focus Sash\n|-damage|p1a: Glimmora|1\/100\n|-unboost|p1a: Glimmora|spd|1\n|move|p1b: Fezandipiti|Tailwind|p1b: Fezandipiti\n|-sidestart|p1: Qwano|move: Tailwind\n|move|p1a: Glimmora|Power Gem|p2b: Biggie Teese\n|-supereffective|p2b: Biggie Teese\n|-damage|p2b: Biggie Teese|0 fnt\n|faint|p2b: Biggie Teese\n|\n|upkeep\n|\n|t:|1700217191\n|switch|p2b: Chi-Yu|Chi-Yu, L50|100\/100\n|-ability|p2b: Chi-Yu|Beads of Ruin\n|turn|2\n|\n|t:|1700217204\n|move|p2b: Chi-Yu|Lava Plume|p1a: Glimmora|[spread] p1a,p1b\n|-start|p2a: Raging 'Ran|ability: Flash Fire\n|-resisted|p1a: Glimmora\n|-damage|p1a: Glimmora|0 fnt\n|-damage|p1b: Fezandipiti|62\/100\n|faint|p1a: Glimmora\n|move|p1b: Fezandipiti|Icy Wind|p2b: Chi-Yu|[spread] p2a,p2b\n|-supereffective|p2a: Raging 'Ran\n|-resisted|p2b: Chi-Yu\n|-damage|p2a: Raging 'Ran|78\/100\n|-damage|p2b: Chi-Yu|96\/100\n|-unboost|p2a: Raging 'Ran|spe|1\n|-unboost|p2b: Chi-Yu|spe|1\n|move|p2a: Raging 'Ran|Earth Power|p1b: Fezandipiti\n|-supereffective|p1b: Fezandipiti\n|-damage|p1b: Fezandipiti|0 fnt\n|faint|p1b: Fezandipiti\n|\n|-heal|p2a: Raging 'Ran|84\/100|[from] item: Leftovers\n|upkeep\n|\n|t:|1700217220\n|switch|p1b: Kommo-o|Kommo-o, L50, F|100\/100\n|switch|p1a: Iron Valiant|Iron Valiant, L50|100\/100\n|-enditem|p1a: Iron Valiant|Booster Energy\n|-activate|p1a: Iron Valiant|ability: Quark Drive|[fromitem]\n|-start|p1a: Iron Valiant|quarkdrivespe\n|turn|3\n|\n|t:|1700217252\n|-end|p2a: Raging 'Ran|ability: Flash Fire|[silent]\n|switch|p2a: Bada Bing Bada|Rillaboom, L50, F|100\/100\n|-fieldstart|move: Grassy Terrain|[from] ability: Grassy Surge|[of] p2a: Bada Bing Bada\n|-enditem|p2a: Bada Bing Bada|Grassy Seed\n|-boost|p2a: Bada Bing Bada|def|1|[from] item: Grassy Seed\n|move|p1a: Iron Valiant|Wide Guard|p1a: Iron Valiant\n|-singleturn|p1a: Iron Valiant|Wide Guard\n|move|p2b: Chi-Yu|Lava Plume|p1a: Iron Valiant|[spread] p2a\n|-activate|p1a: Iron Valiant|move: Wide Guard\n|-activate|p1b: Kommo-o|move: Wide Guard\n|-supereffective|p2a: Bada Bing Bada\n|-damage|p2a: Bada Bing Bada|0 fnt\n|faint|p2a: Bada Bing Bada\n|move|p1b: Kommo-o|Body Press|p2b: Chi-Yu\n|-supereffective|p2b: Chi-Yu\n|-damage|p2b: Chi-Yu|0 fnt\n|faint|p2b: Chi-Yu\n|\n|upkeep\n|\n|t:|1700217266\n|switch|p2b: Raging 'Ran|Heatran, L50, F, tera:Dragon|84\/100\n|turn|4\n|c|\u2606MagikDeluxe|ah damn\n|\n|t:|1700217274\n|move|p1a: Iron Valiant|Spirit Break|p2b: Raging 'Ran\n|-supereffective|p2b: Raging 'Ran\n|-damage|p2b: Raging 'Ran|13\/100\n|-unboost|p2b: Raging 'Ran|spa|1\n|move|p2b: Raging 'Ran|Dragon Pulse|p1b: Kommo-o\n|-supereffective|p1b: Kommo-o\n|-damage|p1b: Kommo-o|41\/100\n|move|p1b: Kommo-o|Iron Defense|p1b: Kommo-o\n|-boost|p1b: Kommo-o|def|2\n|\n|-heal|p2b: Raging 'Ran|20\/100|[from] Grassy Terrain\n|-heal|p2b: Raging 'Ran|26\/100|[from] item: Leftovers\n|-heal|p1b: Kommo-o|48\/100|[from] Grassy Terrain\n|-heal|p1b: Kommo-o|54\/100|[from] item: Leftovers\n|-sideend|p1: Qwano|move: Tailwind\n|-sideend|p2: MagikDeluxe|move: Tailwind\n|upkeep\n|turn|5\n|c|\u2606MagikDeluxe|ggwp\n|\n|t:|1700217292\n|move|p1a: Iron Valiant|Spirit Break|p2b: Raging 'Ran\n|-supereffective|p2b: Raging 'Ran\n|-damage|p2b: Raging 'Ran|0 fnt\n|faint|p2b: Raging 'Ran\n|\n|win|Qwano\n|raw|Qwano's rating: 1266 &rarr; <strong>1298<\/strong><br \/>(+32 for winning)\n|raw|MagikDeluxe's rating: 1364 &rarr; <strong>1339<\/strong><br \/>(-25 for losing)\n|c|\u2606Qwano|gg\n|l|\u2606MagikDeluxe\n","uploadtime":1700217323,"views":17,"p1id":"qwano","p2id":"magikdeluxe","formatid":"gen9vgc2023regulatione","rating":1298,"private":0,"password":""}