{"id":"gen9vgc2023regulatione-1988238553","p1":"VNTAGONIST","p2":"Josuee_29","format":"[Gen 9] VGC 2023 Regulation E","log":"|j|\u2606VNTAGONIST\n|j|\u2606Josuee_29\n|t:|1699691867\n|gametype|doubles\n|player|p1|VNTAGONIST|acetrainerf-gen4dp|1219\n|player|p2|Josuee_29|lucas|1262\n|teamsize|p1|6\n|teamsize|p2|6\n|gen|9\n|tier|[Gen 9] VGC 2023 Regulation E\n|rated|\n|rule|Species Clause: Limit one of each Pok\u00e9mon\n|rule|Item Clause: Limit one of each item\n|clearpoke\n|poke|p1|Sneasler, L50, M|\n|poke|p1|Sinistcha, L50|\n|poke|p1|Glastrier, L50|\n|poke|p1|Iron Hands, L50|\n|poke|p1|Indeedee-F, L50, F|\n|poke|p1|Armarouge, L50, M|\n|poke|p2|Tornadus, L50, M|\n|poke|p2|Iron Hands, L50|\n|poke|p2|Rillaboom, L50, M|\n|poke|p2|Flutter Mane, L50|\n|poke|p2|Ogerpon-Hearthflame, L50, F|\n|poke|p2|Heatran, L50, F|\n|teampreview|4\n|\n|t:|1699691934\n|start\n|switch|p1a: Indeedee|Indeedee-F, L50, F|100\/100\n|switch|p1b: Sneasler|Sneasler, L50, M|100\/100\n|switch|p2a: Rillaboom|Rillaboom, L50, M|100\/100\n|switch|p2b: Heatran|Heatran, L50, F|100\/100\n|-fieldstart|move: Grassy Terrain|[from] ability: Grassy Surge|[of] p2a: Rillaboom\n|-fieldstart|move: Psychic Terrain|[from] ability: Psychic Surge|[of] p1a: Indeedee\n|-enditem|p1b: Sneasler|Psychic Seed\n|-boost|p1b: Sneasler|spd|1|[from] item: Psychic Seed\n|turn|1\n|\n|t:|1699691962\n|-terastallize|p2a: Rillaboom|Dark\n|move|p1a: Indeedee|Follow Me|p1a: Indeedee\n|-singleturn|p1a: Indeedee|move: Follow Me\n|move|p1b: Sneasler|Close Combat|p2b: Heatran\n|-supereffective|p2b: Heatran\n|-damage|p2b: Heatran|0 fnt\n|-unboost|p1b: Sneasler|def|1\n|-unboost|p1b: Sneasler|spd|1\n|faint|p2b: Heatran\n|move|p2a: Rillaboom|Knock Off|p1a: Indeedee\n|-supereffective|p1a: Indeedee\n|-damage|p1a: Indeedee|0 fnt\n|-damage|p2a: Rillaboom|84\/100|[from] item: Rocky Helmet|[of] p1a: Indeedee\n|-enditem|p1a: Indeedee|Rocky Helmet|[from] move: Knock Off|[of] p2a: Rillaboom\n|faint|p1a: Indeedee\n|\n|-heal|p2a: Rillaboom|90\/100|[from] item: Leftovers\n|upkeep\n|\n|t:|1699691985\n|switch|p2b: Ogerpon|Ogerpon-Hearthflame, L50, F|100\/100\n|switch|p1a: Armarouge|Armarouge, L50, M|100\/100\n|-ability|p2b: Ogerpon|Mold Breaker\n|turn|2\n|\n|t:|1699692008\n|switch|p2a: Flutter Mane|Flutter Mane, L50, shiny|100\/100\n|move|p1b: Sneasler|Close Combat|p2a: Flutter Mane\n|-immune|p2a: Flutter Mane\n|move|p2b: Ogerpon|Ivy Cudgel|p1b: Sneasler\n|-damage|p1b: Sneasler|0 fnt\n|faint|p1b: Sneasler\n|move|p1a: Armarouge|Expanding Force|p2b: Ogerpon|[spread] p2a,p2b\n|-damage|p2a: Flutter Mane|20\/100\n|-damage|p2b: Ogerpon|0 fnt\n|faint|p2b: Ogerpon\n|-damage|p1a: Armarouge|91\/100|[from] item: Life Orb\n|\n|upkeep\n|\n|t:|1699692022\n|switch|p2b: Rillaboom|Rillaboom, L50, M, tera:Dark|90\/100\n|switch|p1b: Iron Hands|Iron Hands, L50|100\/100\n|-fieldstart|move: Grassy Terrain|[from] ability: Grassy Surge|[of] p2b: Rillaboom\n|turn|3\n|\n|t:|1699692043\n|-terastallize|p1a: Armarouge|Grass\n|move|p2a: Flutter Mane|Dazzling Gleam|p1a: Armarouge|[spread] p1a,p1b\n|-supereffective|p1b: Iron Hands\n|-damage|p1a: Armarouge|48\/100\n|-damage|p1b: Iron Hands|24\/100\n|-enditem|p1b: Iron Hands|Aguav Berry|[eat]\n|-heal|p1b: Iron Hands|57\/100|[from] item: Aguav Berry\n|-damage|p2a: Flutter Mane|10\/100|[from] item: Life Orb\n|move|p2b: Rillaboom|Knock Off|p1a: Armarouge\n|-damage|p1a: Armarouge|0 fnt\n|-enditem|p1a: Armarouge|Life Orb|[from] move: Knock Off|[of] p2b: Rillaboom\n|faint|p1a: Armarouge\n|move|p1b: Iron Hands|Wild Charge|p2a: Flutter Mane\n|-damage|p2a: Flutter Mane|0 fnt\n|faint|p2a: Flutter Mane\n|-end|p2a: Flutter Mane|Protosynthesis|[silent]\n|-damage|p1b: Iron Hands|56\/100|[from] Recoil\n|\n|-heal|p2b: Rillaboom|96\/100|[from] Grassy Terrain\n|-heal|p2b: Rillaboom|100\/100|[from] item: Leftovers\n|-heal|p1b: Iron Hands|62\/100|[from] Grassy Terrain\n|upkeep\n|turn|4\n|j| nico R0b1N\n|\n|t:|1699692072\n|move|p2b: Rillaboom|Knock Off|p1b: Iron Hands\n|-resisted|p1b: Iron Hands\n|-damage|p1b: Iron Hands|51\/100\n|move|p1b: Iron Hands|Drain Punch|p2b: Rillaboom\n|-supereffective|p2b: Rillaboom\n|-damage|p2b: Rillaboom|18\/100\n|-heal|p1b: Iron Hands|84\/100|[from] drain|[of] p2b: Rillaboom\n|\n|-heal|p2b: Rillaboom|24\/100|[from] Grassy Terrain\n|-heal|p2b: Rillaboom|30\/100|[from] item: Leftovers\n|-heal|p1b: Iron Hands|90\/100|[from] Grassy Terrain\n|upkeep\n|turn|5\n|\n|t:|1699692087\n|move|p2b: Rillaboom|High Horsepower|p1b: Iron Hands\n|-supereffective|p1b: Iron Hands\n|-damage|p1b: Iron Hands|47\/100\n|move|p1b: Iron Hands|Drain Punch|p2b: Rillaboom\n|-supereffective|p2b: Rillaboom\n|-damage|p2b: Rillaboom|0 fnt\n|-heal|p1b: Iron Hands|58\/100|[from] drain|[of] p2b: Rillaboom\n|faint|p2b: Rillaboom\n|\n|win|VNTAGONIST\n|raw|VNTAGONIST's rating: 1219 &rarr; <strong>1247<\/strong><br \/>(+28 for winning)\n|raw|Josuee_29's rating: 1262 &rarr; <strong>1234<\/strong><br \/>(-28 for losing)\n|l|\u2606VNTAGONIST\n","uploadtime":1699692099,"views":22,"p1id":"vntagonist","p2id":"josuee29","formatid":"gen9vgc2023regulatione","rating":1234,"private":0,"password":""}