{"id":"gen9vgc2023regulatione-1988738133","p1":"Da Burbo","p2":"xyz88 7","format":"[Gen 9] VGC 2023 Regulation E","log":"|j|\u2606Da Burbo\n|j|\u2606xyz88 7\n|t:|1699756835\n|gametype|doubles\n|player|p1|Da Burbo|janitor|1000\n|player|p2|xyz88 7|hilbert|1000\n|teamsize|p1|6\n|teamsize|p2|4\n|gen|9\n|tier|[Gen 9] VGC 2023 Regulation E\n|rated|\n|rule|Species Clause: Limit one of each Pok\u00e9mon\n|rule|Item Clause: Limit one of each item\n|clearpoke\n|poke|p1|Ninetales-Alola, L50, F|\n|poke|p1|Articuno, L50|\n|poke|p1|Ting-Lu, L50|\n|poke|p1|Landorus-Therian, L50, M|\n|poke|p1|Sableye, L50, M|\n|poke|p1|Mamoswine, L50, F|\n|poke|p2|Iron Bundle, L50|\n|poke|p2|Ninetales-Alola, L50, F|\n|poke|p2|Ogerpon-Hearthflame, L50, F|\n|poke|p2|Baxcalibur, L50, M|\n|teampreview|4\n|\n|t:|1699756895\n|start\n|switch|p1a: Articuno|Articuno, L50, shiny|100\/100\n|switch|p1b: Ninetales|Ninetales-Alola, L50, F|100\/100\n|switch|p2a: Ogerpon|Ogerpon-Hearthflame, L50, F|100\/100\n|switch|p2b: Iron Bundle|Iron Bundle, L50|100\/100\n|-ability|p2a: Ogerpon|Mold Breaker\n|-weather|Snow|[from] ability: Snow Warning|[of] p1b: Ninetales\n|-enditem|p2b: Iron Bundle|Booster Energy\n|-activate|p2b: Iron Bundle|ability: Quark Drive|[fromitem]\n|-start|p2b: Iron Bundle|quarkdrivedef\n|turn|1\n|inactive|Battle timer is ON: inactive players will automatically lose when time's up. (requested by Da Burbo)\n|\n|t:|1699756951\n|-terastallize|p1b: Ninetales|Ghost\n|move|p2b: Iron Bundle|Aurora Veil|p2b: Iron Bundle\n|-sidestart|p2: xyz88 7|move: Aurora Veil\n|move|p2a: Ogerpon|Ivy Cudgel|p1a: Articuno\n|-supereffective|p1a: Articuno\n|-damage|p1a: Articuno|43\/100\n|move|p1b: Ninetales|Aurora Veil|p1b: Ninetales\n|-sidestart|p1: Da Burbo|move: Aurora Veil\n|move|p1a: Articuno|Substitute|p1a: Articuno\n|-start|p1a: Articuno|Substitute\n|-damage|p1a: Articuno|18\/100\n|\n|-weather|Snow|[upkeep]\n|upkeep\n|turn|2\n|\n|t:|1699756968\n|move|p2b: Iron Bundle|Icy Wind|p1b: Ninetales|[spread] p1a,p1b\n|-activate|p1a: Articuno|move: Substitute|[damage]\n|-damage|p1b: Ninetales|88\/100\n|-unboost|p1b: Ninetales|spe|1\n|move|p2a: Ogerpon|Ivy Cudgel|p1a: Articuno\n|-supereffective|p1a: Articuno\n|-crit|p1a: Articuno\n|-end|p1a: Articuno|Substitute\n|move|p1b: Ninetales|Charm|p2a: Ogerpon\n|-unboost|p2a: Ogerpon|atk|2\n|move|p1a: Articuno|Roost|p1a: Articuno\n|-heal|p1a: Articuno|68\/100\n|-singleturn|p1a: Articuno|move: Roost\n|\n|-weather|Snow|[upkeep]\n|upkeep\n|turn|3\n|inactive|Da Burbo has 30 seconds left.\n|inactive|xyz88 7 has 30 seconds left.\n|\n|t:|1699757002\n|-end|p2b: Iron Bundle|Quark Drive|[silent]\n|switch|p2b: Baxcalibur|Baxcalibur, L50, M|100\/100\n|move|p2a: Ogerpon|Ivy Cudgel|p2b: Baxcalibur\n|-damage|p2b: Baxcalibur|90\/100\n|-ability|p2b: Baxcalibur|Thermal Exchange|boost\n|-boost|p2b: Baxcalibur|atk|1\n|move|p1b: Ninetales|Hypnosis|p2a: Ogerpon\n|-status|p2a: Ogerpon|slp|[from] move: Hypnosis\n|move|p1a: Articuno|Sheer Cold|p2a: Ogerpon|[miss]\n|-miss|p1a: Articuno|p2a: Ogerpon\n|\n|-weather|Snow|[upkeep]\n|upkeep\n|turn|4\n|\n|t:|1699757022\n|-terastallize|p2b: Baxcalibur|Dragon\n|cant|p2a: Ogerpon|slp\n|move|p1b: Ninetales|Charm|p2b: Baxcalibur\n|-unboost|p2b: Baxcalibur|atk|2\n|move|p1a: Articuno|Substitute|p1a: Articuno\n|-start|p1a: Articuno|Substitute\n|-damage|p1a: Articuno|43\/100\n|move|p2b: Baxcalibur|Glaive Rush|p1a: Articuno\n|-activate|p1a: Articuno|move: Substitute|[damage]\n|-singlemove|p2b: Baxcalibur|Glaive Rush|[silent]\n|\n|-weather|Snow|[upkeep]\n|upkeep\n|turn|5\n|inactive|Da Burbo has 30 seconds left.\n|\n|t:|1699757049\n|move|p2b: Baxcalibur|Protect|p2b: Baxcalibur\n|-singleturn|p2b: Baxcalibur|Protect\n|cant|p2a: Ogerpon|slp\n|move|p1b: Ninetales|Charm|p2a: Ogerpon\n|-unboost|p2a: Ogerpon|atk|2\n|move|p1a: Articuno|Roost|p1a: Articuno\n|-heal|p1a: Articuno|93\/100\n|-singleturn|p1a: Articuno|move: Roost\n|\n|-weather|none\n|-sideend|p2: xyz88 7|move: Aurora Veil\n|upkeep\n|turn|6\n|\n|t:|1699757070\n|-curestatus|p2a: Ogerpon|slp|[msg]\n|move|p2a: Ogerpon|Swords Dance|p2a: Ogerpon\n|-boost|p2a: Ogerpon|atk|2\n|move|p1b: Ninetales|Hypnosis|p2b: Baxcalibur|[miss]\n|-miss|p1b: Ninetales|p2b: Baxcalibur\n|move|p1a: Articuno|Sheer Cold|p2a: Ogerpon|[miss]\n|-miss|p1a: Articuno|p2a: Ogerpon\n|move|p2b: Baxcalibur|Glaive Rush|p1b: Ninetales\n|-damage|p1b: Ninetales|37\/100\n|-singlemove|p2b: Baxcalibur|Glaive Rush|[silent]\n|\n|upkeep\n|turn|7\n|inactive|Da Burbo has 30 seconds left.\n|\n|t:|1699757099\n|move|p2b: Baxcalibur|Protect|p2b: Baxcalibur\n|-singleturn|p2b: Baxcalibur|Protect\n|move|p2a: Ogerpon|Ivy Cudgel|p1b: Ninetales\n|-damage|p1b: Ninetales|13\/100\n|move|p1b: Ninetales|Charm|p2a: Ogerpon\n|-unboost|p2a: Ogerpon|atk|2\n|move|p1a: Articuno|Sheer Cold|p2a: Ogerpon|[miss]\n|-miss|p1a: Articuno|p2a: Ogerpon\n|\n|upkeep\n|turn|8\n|\n|t:|1699757120\n|move|p2a: Ogerpon|Swords Dance|p2a: Ogerpon\n|-boost|p2a: Ogerpon|atk|2\n|move|p1b: Ninetales|Confuse Ray|p2a: Ogerpon\n|-start|p2a: Ogerpon|confusion\n|move|p1a: Articuno|Sheer Cold|p2b: Baxcalibur\n|-damage|p2b: Baxcalibur|0 fnt\n|faint|p2b: Baxcalibur\n|-ohko\n|\n|-sideend|p1: Da Burbo|move: Aurora Veil\n|upkeep\n|-message|xyz88 7 forfeited.\n|\n|win|Da Burbo\n|raw|Da Burbo's rating: 1000 &rarr; <strong>1040<\/strong><br \/>(+40 for winning)\n|raw|xyz88 7's rating: 1000 &rarr; <strong>1000<\/strong><br \/>(+0 for losing)\n|l|\u2606xyz88 7\n","uploadtime":1699757141,"views":18,"p1id":"daburbo","p2id":"xyz887","formatid":"gen9vgc2023regulatione","rating":1000,"private":0,"password":""}