{"id":"gen9vgc2023regulatione-1993581451","p1":"DeathReaperTTV","p2":"VeversonJP","format":"[Gen 9] VGC 2023 Regulation E","log":"|j|\u2606DeathReaperTTV\n|j|\u2606VeversonJP\n|n|\u2606DeathReaperTTV|deathreaperttv\n|n|\u2606VeversonJP|veversonjp\n|html|View the match progress at <a href=\"\/game-bestof3-gen9vgc2023regulatione-1993577410\">game-bestof3-gen9vgc2023regulatione-1993577410<\/a>\n|t:|1700334107\n|gametype|doubles\n|player|p1|DeathReaperTTV|red|\n|player|p2|VeversonJP|swimmer-gen4dp|\n|teamsize|p1|6\n|teamsize|p2|6\n|gen|9\n|tier|[Gen 9] VGC 2023 Regulation E\n|rule|Species Clause: Limit one of each Pok\u00e9mon\n|rule|Item Clause: Limit one of each item\n|clearpoke\n|poke|p1|Urshifu-*, L50, M|\n|poke|p1|Flutter Mane, L50|\n|poke|p1|Amoonguss, L50, M|\n|poke|p1|Iron Hands, L50|\n|poke|p1|Chien-Pao, L50|\n|poke|p1|Dragonite, L50, M|\n|poke|p2|Basculegion, L50, M|\n|poke|p2|Pelipper, L50, M|\n|poke|p2|Alomomola, L50, F|\n|poke|p2|Ogerpon-Wellspring, L50, F|\n|poke|p2|Palafin, L50, F|\n|poke|p2|Azumarill, L50, F|\n|teampreview|4\n|inactive|Battle timer is ON: inactive players will automatically lose when time's up. (requested by DeathReaperTTV)\n|\n|t:|1700334130\n|start\n|switch|p1a: Almondegas|Amoonguss, L50, M, shiny|100\/100\n|switch|p1b: Banheta (kael)|Iron Hands, L50|100\/100\n|switch|p2a: Felipe|Pelipper, L50, M|100\/100\n|switch|p2b: Aqua|Ogerpon-Wellspring, L50, F|100\/100\n|-weather|RainDance|[from] ability: Drizzle|[of] p2a: Felipe\n|turn|1\n|c|\u2606DeathReaperTTV|Viu vevi\n|c|\u2606DeathReaperTTV|Drago \u00e9 broken\n|\n|t:|1700334153\n|move|p1b: Banheta (kael)|Fake Out|p2b: Aqua\n|-damage|p2b: Aqua|83\/100\n|cant|p2b: Aqua|flinch\n|move|p2a: Felipe|Hurricane|p1a: Almondegas\n|-supereffective|p1a: Almondegas\n|-damage|p1a: Almondegas|26\/100\n|-start|p1a: Almondegas|confusion\n|-activate|p1a: Almondegas|confusion\n|move|p1a: Almondegas|Spore|p2a: Felipe\n|-status|p2a: Felipe|slp|[from] move: Spore\n|\n|-weather|RainDance|[upkeep]\n|upkeep\n|turn|2\n|inactive|VeversonJP has 30 seconds left.\n|\n|t:|1700334186\n|switch|p1a: Meu meninao|Dragonite, L50, M|100\/100\n|move|p2b: Aqua|Swords Dance|p2b: Aqua\n|-boost|p2b: Aqua|atk|2\n|cant|p2a: Felipe|slp\n|move|p1b: Banheta (kael)|Wild Charge|p2b: Aqua\n|-damage|p2b: Aqua|26\/100\n|-damage|p1b: Banheta (kael)|91\/100|[from] Recoil\n|\n|-weather|RainDance|[upkeep]\n|upkeep\n|turn|3\n|\n|t:|1700334211\n|move|p2b: Aqua|Spiky Shield|p2b: Aqua\n|-singleturn|p2b: Aqua|move: Protect\n|move|p1a: Meu meninao|Extreme Speed|p2b: Aqua\n|-activate|p2b: Aqua|move: Protect\n|-damage|p1a: Meu meninao|88\/100|[from] Spiky Shield|[of] p2b: Aqua\n|cant|p2a: Felipe|slp\n|move|p1b: Banheta (kael)|Wild Charge|p2a: Felipe\n|-supereffective|p2a: Felipe\n|-damage|p2a: Felipe|0 fnt\n|faint|p2a: Felipe\n|-damage|p1b: Banheta (kael)|75\/100|[from] Recoil\n|\n|-weather|RainDance|[upkeep]\n|upkeep\n|\n|t:|1700334231\n|switch|p2a: Azuma Ryuu|Azumarill, L50, F|100\/100\n|turn|4\n|\n|t:|1700334245\n|switch|p1a: Almondegas|Amoonguss, L50, M, shiny|59\/100\n|move|p2b: Aqua|Spiky Shield|p2b: Aqua\n|-singleturn|p2b: Aqua|move: Protect\n|move|p1b: Banheta (kael)|Wild Charge|p2b: Aqua\n|-activate|p2b: Aqua|move: Protect\n|-damage|p1b: Banheta (kael)|63\/100|[from] Spiky Shield|[of] p2b: Aqua\n|move|p2a: Azuma Ryuu|Play Rough|p1b: Banheta (kael)\n|-supereffective|p1b: Banheta (kael)\n|-damage|p1b: Banheta (kael)|0 fnt\n|faint|p1b: Banheta (kael)\n|-end|p1b: Banheta (kael)|Quark Drive|[silent]\n|\n|-weather|RainDance|[upkeep]\n|upkeep\n|c|\u2606DeathReaperTTV|Vtmnc\n|c|\u2606DeathReaperTTV|Rng diff\n|\n|t:|1700334267\n|switch|p1b: Meu meninao|Dragonite, L50, M|88\/100\n|turn|5\n|c|\u2606VeversonJP|Double proteeeeect\n|inactive|VeversonJP has 30 seconds left.\n|c|\u2606DeathReaperTTV|Ganho por causa disso\n|c|\u2606DeathReaperTTV|Inacreditavel\n|\n|t:|1700334300\n|move|p1b: Meu meninao|Extreme Speed|p2b: Aqua\n|-damage|p2b: Aqua|0 fnt\n|faint|p2b: Aqua\n|move|p2a: Azuma Ryuu|Ice Spinner|p1a: Almondegas\n|-supereffective|p1a: Almondegas\n|-damage|p1a: Almondegas|0 fnt\n|-damage|p2a: Azuma Ryuu|84\/100|[from] item: Rocky Helmet|[of] p1a: Almondegas\n|faint|p1a: Almondegas\n|\n|-weather|RainDance|[upkeep]\n|upkeep\n|\n|t:|1700334311\n|switch|p2b: Piranho|Basculegion, L50, M|100\/100\n|switch|p1a: Soca rapido|Urshifu-Rapid-Strike, L50, M|100\/100\n|turn|6\n|\n|t:|1700334334\n|-terastallize|p1b: Meu meninao|Normal\n|-terastallize|p2a: Azuma Ryuu|Fairy\n|move|p1a: Soca rapido|Detect|p1a: Soca rapido\n|-singleturn|p1a: Soca rapido|Protect\n|move|p1b: Meu meninao|Extreme Speed|p2a: Azuma Ryuu\n|-damage|p2a: Azuma Ryuu|23\/100\n|move|p2b: Piranho|Wave Crash|p1b: Meu meninao\n|-damage|p1b: Meu meninao|0 fnt\n|faint|p1b: Meu meninao\n|-damage|p2b: Piranho|76\/100|[from] Recoil\n|-damage|p2b: Piranho|66\/100|[from] item: Life Orb\n|move|p2a: Azuma Ryuu|Play Rough|p1a: Soca rapido\n|-activate|p1a: Soca rapido|move: Protect\n|\n|-weather|RainDance|[upkeep]\n|upkeep\n|turn|7\n|c|\u2606DeathReaperTTV|Existe uma chance\n|\n|t:|1700334357\n|move|p2b: Piranho|Last Respects|p1a: Soca rapido\n|-damage|p1a: Soca rapido|0 fnt\n|faint|p1a: Soca rapido\n|-damage|p2b: Piranho|56\/100|[from] item: Life Orb\n|\n|win|VeversonJP\n|c|&|\/uhtml prompt-deathreaperttv,DeathReaperTTV is ready for game 3!\n|inactive|VeversonJP has 50 seconds to confirm battle start!\n|c|\u2606VeversonJP|Double protect diff\n|c|&|\/uhtml prompt-veversonjp,VeversonJP is ready for game 3!\nBoth players are ready! Starting next match!\n|l|\u2606DeathReaperTTV\n","uploadtime":1700334980,"views":9,"p1id":"deathreaperttv","p2id":"veversonjp","formatid":"gen9vgc2023regulatione","rating":0,"private":0,"password":""}