{"id":"gen9vgc2023regulatione-1998221553","p1":"BlindMagneton","p2":"Hilt9Swaltb","format":"[Gen 9] VGC 2023 Regulation E","log":"|j|\u2606BlindMagneton\n|j|\u2606Hilt9Swaltb\n|t:|1700915207\n|gametype|doubles\n|player|p1|BlindMagneton|wattson|1492\n|player|p2|Hilt9Swaltb|caitlin|1582\n|teamsize|p1|6\n|teamsize|p2|6\n|gen|9\n|tier|[Gen 9] VGC 2023 Regulation E\n|rated|\n|rule|Species Clause: Limit one of each Pok\u00e9mon\n|rule|Item Clause: Limit one of each item\n|clearpoke\n|poke|p1|Mandibuzz, L50, F|\n|poke|p1|Abomasnow, L50, M|\n|poke|p1|Roaring Moon, L50|\n|poke|p1|Brambleghast, L50, F|\n|poke|p1|Farigiraf, L50, F|\n|poke|p1|Hydreigon, L50, M|\n|poke|p2|Tornadus, L50, M|\n|poke|p2|Thundurus, L50, M|\n|poke|p2|Landorus, L50, M|\n|poke|p2|Ogerpon-Hearthflame, L50, F|\n|poke|p2|Arcanine-Hisui, L50, M|\n|poke|p2|Chien-Pao, L50|\n|teampreview|4\n|inactive|Battle timer is ON: inactive players will automatically lose when time's up. (requested by Hilt9Swaltb)\n|inactive|Hilt9Swaltb has 60 seconds left.\n|\n|t:|1700915247\n|start\n|switch|p1a: Mandibuzz|Mandibuzz, L50, F|100\/100\n|switch|p1b: Abomasnow|Abomasnow, L50, M|100\/100\n|switch|p2a: Ogerpon|Ogerpon-Hearthflame, L50, F|100\/100\n|switch|p2b: Chien-Pao|Chien-Pao, L50|100\/100\n|-ability|p2b: Chien-Pao|Sword of Ruin\n|-ability|p2a: Ogerpon|Mold Breaker\n|-weather|Snow|[from] ability: Snow Warning|[of] p1b: Abomasnow\n|turn|1\n|inactive|BlindMagneton has 30 seconds left.\n|\n|t:|1700915272\n|move|p1b: Abomasnow|Ice Shard|p1a: Mandibuzz\n|-supereffective|p1a: Mandibuzz\n|-damage|p1a: Mandibuzz|71\/100\n|-ability|p1a: Mandibuzz|Weak Armor|boost\n|-unboost|p1a: Mandibuzz|def|1\n|-boost|p1a: Mandibuzz|spe|2\n|-enditem|p1a: Mandibuzz|Weakness Policy\n|-boost|p1a: Mandibuzz|atk|2|[from] item: Weakness Policy\n|-boost|p1a: Mandibuzz|spa|2|[from] item: Weakness Policy\n|move|p1a: Mandibuzz|Lash Out|p2a: Ogerpon\n|-damage|p2a: Ogerpon|0 fnt\n|faint|p2a: Ogerpon\n|move|p2b: Chien-Pao|Ice Spinner|p1a: Mandibuzz\n|-supereffective|p1a: Mandibuzz\n|-damage|p1a: Mandibuzz|0 fnt\n|faint|p1a: Mandibuzz\n|\n|-weather|Snow|[upkeep]\n|upkeep\n|inactive|BlindMagneton has 30 seconds left.\n|inactive|BlindMagneton has 20 seconds left.\n|inactive|BlindMagneton has 15 seconds left.\n|\n|t:|1700915313\n|switch|p2a: Tornadus|Tornadus, L50, M|100\/100\n|switch|p1a: Brambleghast|Brambleghast, L50, F|100\/100\n|turn|2\n|\n|t:|1700915332\n|-terastallize|p1a: Brambleghast|Fairy\n|move|p2a: Tornadus|Sunny Day|p2a: Tornadus\n|-weather|SunnyDay\n|move|p2b: Chien-Pao|Ice Spinner|p1a: Brambleghast\n|-damage|p1a: Brambleghast|26\/100\n|-damage|p2b: Chien-Pao|84\/100|[from] item: Rocky Helmet|[of] p1a: Brambleghast\n|move|p1b: Abomasnow|Energy Ball|p2b: Chien-Pao\n|-damage|p2b: Chien-Pao|20\/100\n|move|p1a: Brambleghast|Strength Sap|p2b: Chien-Pao\n|-unboost|p2b: Chien-Pao|atk|1\n|-heal|p1a: Brambleghast|100\/100\n|\n|-weather|SunnyDay|[upkeep]\n|upkeep\n|turn|3\n|inactive|BlindMagneton has 30 seconds left.\n|inactive|Hilt9Swaltb has 30 seconds left.\n|inactive|BlindMagneton has 20 seconds left.\n|inactive|BlindMagneton has 15 seconds left.\n|\n|t:|1700915374\n|switch|p2a: Arcanine|Arcanine-Hisui, L50, M|100\/100\n|-ability|p2a: Arcanine|Intimidate|boost\n|-unboost|p1a: Brambleghast|atk|1\n|-unboost|p1b: Abomasnow|atk|1\n|move|p1b: Abomasnow|Ice Shard|p2b: Chien-Pao\n|-resisted|p2b: Chien-Pao\n|-damage|p2b: Chien-Pao|15\/100\n|move|p1a: Brambleghast|Shadow Sneak|p2b: Chien-Pao\n|-resisted|p2b: Chien-Pao\n|-damage|p2b: Chien-Pao|8\/100\n|move|p2b: Chien-Pao|Ice Spinner|p1b: Abomasnow\n|-damage|p1b: Abomasnow|31\/100\n|\n|-weather|SunnyDay|[upkeep]\n|upkeep\n|turn|4\n|inactive|BlindMagneton has 30 seconds left.\n|inactive|Hilt9Swaltb has 30 seconds left.\n|inactive|BlindMagneton has 20 seconds left.\n|inactive|BlindMagneton has 15 seconds left.\n|inactive|BlindMagneton has 10 seconds left.\n|inactive|BlindMagneton has 5 seconds left.\n|\n|t:|1700915426\n|switch|p2b: Tornadus|Tornadus, L50, M|100\/100\n|move|p1a: Brambleghast|Protect|p1a: Brambleghast\n|-singleturn|p1a: Brambleghast|Protect\n|move|p1b: Abomasnow|Energy Ball|p2b: Tornadus\n|-resisted|p2b: Tornadus\n|-damage|p2b: Tornadus|78\/100\n|move|p2a: Arcanine|Rock Slide|p1a: Brambleghast|[spread] p1b\n|-activate|p1a: Brambleghast|move: Protect\n|-supereffective|p1b: Abomasnow\n|-damage|p1b: Abomasnow|0 fnt\n|faint|p1b: Abomasnow\n|\n|-weather|SunnyDay|[upkeep]\n|upkeep\n|\n|t:|1700915435\n|switch|p1b: Roaring Moon|Roaring Moon, L50|100\/100\n|-activate|p1b: Roaring Moon|ability: Protosynthesis\n|-start|p1b: Roaring Moon|protosynthesisspe\n|turn|5\n|\n|t:|1700915458\n|move|p2b: Tornadus|Tailwind|p2b: Tornadus\n|-sidestart|p2: Hilt9Swaltb|move: Tailwind\n|move|p1b: Roaring Moon|Breaking Swipe|p2a: Arcanine|[spread] p2a,p2b\n|-damage|p2a: Arcanine|77\/100\n|-damage|p2b: Tornadus|50\/100\n|-unboost|p2a: Arcanine|atk|1\n|move|p2a: Arcanine|Will-O-Wisp|p1a: Brambleghast|[miss]\n|-miss|p2a: Arcanine|p1a: Brambleghast\n|move|p1a: Brambleghast|Strength Sap|p2a: Arcanine\n|-unboost|p2a: Arcanine|atk|1\n|\n|-weather|SunnyDay|[upkeep]\n|upkeep\n|turn|6\n|inactive|BlindMagneton has 30 seconds left.\n|inactive|BlindMagneton has 20 seconds left.\n|\n|t:|1700915494\n|move|p1b: Roaring Moon|Protect|p1b: Roaring Moon\n|-singleturn|p1b: Roaring Moon|Protect\n|move|p2b: Tornadus|Rain Dance|p2b: Tornadus\n|-weather|RainDance\n|-end|p1b: Roaring Moon|Protosynthesis\n|-enditem|p1b: Roaring Moon|Booster Energy\n|-activate|p1b: Roaring Moon|ability: Protosynthesis|[fromitem]\n|-start|p1b: Roaring Moon|protosynthesisspe\n|move|p2a: Arcanine|Will-O-Wisp|p1a: Brambleghast|[miss]\n|-miss|p2a: Arcanine|p1a: Brambleghast\n|move|p1a: Brambleghast|Power Whip|p2a: Arcanine\n|-damage|p2a: Arcanine|44\/100\n|-enditem|p2a: Arcanine|Sitrus Berry|[eat]\n|-heal|p2a: Arcanine|68\/100|[from] item: Sitrus Berry\n|\n|-weather|RainDance|[upkeep]\n|upkeep\n|turn|7\n|inactive|Hilt9Swaltb has 30 seconds left.\n|\n|t:|1700915528\n|move|p2b: Tornadus|Sunny Day|p2b: Tornadus\n|-weather|SunnyDay\n|move|p1b: Roaring Moon|Tailwind|p1b: Roaring Moon\n|-sidestart|p1: BlindMagneton|move: Tailwind\n|-ability|p1a: Brambleghast|Wind Rider|boost\n|-boost|p1a: Brambleghast|atk|1\n|move|p2a: Arcanine|Will-O-Wisp|p1a: Brambleghast\n|-status|p1a: Brambleghast|brn\n|move|p1a: Brambleghast|Power Whip|p2a: Arcanine\n|-damage|p2a: Arcanine|47\/100\n|\n|-weather|SunnyDay|[upkeep]\n|-damage|p1a: Brambleghast|94\/100 brn|[from] brn\n|upkeep\n|turn|8\n|\n|t:|1700915552\n|move|p2b: Tornadus|Tailwind||[still]\n|-fail|p2b: Tornadus\n|move|p1b: Roaring Moon|Breaking Swipe|p2b: Tornadus|[spread] p2a,p2b\n|-damage|p2a: Arcanine|22\/100\n|-damage|p2b: Tornadus|17\/100\n|-unboost|p2a: Arcanine|atk|1\n|move|p2a: Arcanine|Flare Blitz|p1a: Brambleghast\n|-damage|p1a: Brambleghast|55\/100 brn\n|-damage|p2a: Arcanine|6\/100|[from] item: Rocky Helmet|[of] p1a: Brambleghast\n|-damage|p2a: Arcanine|0 fnt|[from] Recoil\n|faint|p2a: Arcanine\n|move|p1a: Brambleghast|Power Whip|p2b: Tornadus\n|-resisted|p2b: Tornadus\n|-damage|p2b: Tornadus|4\/100\n|\n|-weather|SunnyDay|[upkeep]\n|-damage|p1a: Brambleghast|49\/100 brn|[from] brn\n|-sideend|p2: Hilt9Swaltb|move: Tailwind\n|upkeep\n|\n|t:|1700915568\n|switch|p2a: Chien-Pao|Chien-Pao, L50|8\/100\n|-ability|p2a: Chien-Pao|Sword of Ruin\n|turn|9\n|inactive|Hilt9Swaltb has 30 seconds left.\n|\n|t:|1700915599\n|-terastallize|p2a: Chien-Pao|Dark\n|move|p1a: Brambleghast|Shadow Sneak|p2b: Tornadus\n|-damage|p2b: Tornadus|0 fnt\n|faint|p2b: Tornadus\n|move|p2a: Chien-Pao|Sucker Punch||[still]\n|-fail|p2a: Chien-Pao\n|move|p1b: Roaring Moon|Breaking Swipe|p2a: Chien-Pao\n|-damage|p2a: Chien-Pao|0 fnt\n|faint|p2a: Chien-Pao\n|\n|win|BlindMagneton\n|raw|BlindMagneton's rating: 1492 &rarr; <strong>1517<\/strong><br \/>(+25 for winning)\n|raw|Hilt9Swaltb's rating: 1582 &rarr; <strong>1557<\/strong><br \/>(-25 for losing)\n|l|\u2606Hilt9Swaltb\n","uploadtime":1700915611,"views":1,"p1id":"blindmagneton","p2id":"hilt9swaltb","formatid":"gen9vgc2023regulatione","rating":1517,"private":0,"password":""}