{"id":"gen9vgc2023regulatione-1997821473","p1":"wdytyaia","p2":"anthonyy737","format":"[Gen 9] VGC 2023 Regulation E","log":"|j|\u2606wdytyaia\n|j|\u2606anthonyy737\n|t:|1700856354\n|gametype|doubles\n|player|p1|wdytyaia|flannery|1460\n|player|p2|anthonyy737|266|1559\n|teamsize|p1|6\n|teamsize|p2|6\n|gen|9\n|tier|[Gen 9] VGC 2023 Regulation E\n|rated|\n|rule|Species Clause: Limit one of each Pok\u00e9mon\n|rule|Item Clause: Limit one of each item\n|clearpoke\n|poke|p1|Roaring Moon, L50|\n|poke|p1|Arcanine-Hisui, L50, M|\n|poke|p1|Chien-Pao, L50|\n|poke|p1|Iron Hands, L50|\n|poke|p1|Kingambit, L50, F|\n|poke|p1|Sinistcha, L50|\n|poke|p2|Dondozo, L50, F|\n|poke|p2|Tatsugiri-Stretchy, L50, M|\n|poke|p2|Dragonite, L50, F|\n|poke|p2|Chien-Pao, L50|\n|poke|p2|Typhlosion-Hisui, L50, M|\n|poke|p2|Ogerpon, L50, F|\n|teampreview|4\nwdytyaia has agreed to open team sheets.\nanthonyy737 rejected open team sheets.\n|inactive|Battle timer is ON: inactive players will automatically lose when time's up. (requested by wdytyaia)\n|\n|t:|1700856391\n|start\n|switch|p1a: Roaring Moon|Roaring Moon, L50|100\/100\n|switch|p1b: Arcanine|Arcanine-Hisui, L50, M|100\/100\n|switch|p2a: Typhlosion|Typhlosion-Hisui, L50, M|100\/100\n|switch|p2b: Ogerpon|Ogerpon, L50, F|100\/100\n|-ability|p1b: Arcanine|Intimidate|boost\n|-unboost|p2a: Typhlosion|atk|1\n|-unboost|p2b: Ogerpon|atk|1\n|-ability|p2b: Ogerpon|Defiant|boost\n|-boost|p2b: Ogerpon|atk|2\n|-enditem|p1a: Roaring Moon|Booster Energy\n|-activate|p1a: Roaring Moon|ability: Protosynthesis|[fromitem]\n|-start|p1a: Roaring Moon|protosynthesisspe\n|turn|1\n|l|\u2606wdytyaia\n|inactive|wdytyaia disconnected and has a minute to reconnect!\n|player|p1|\n|j|\u2606wdytyaia\n|inactive|wdytyaia reconnected and has 40 seconds left.\n|player|p1|wdytyaia|flannery\n|inactive|anthonyy737 has 30 seconds left.\n|inactive|anthonyy737 has 20 seconds left.\n|\n|t:|1700856430\n|switch|p2a: Dragonite|Dragonite, L50, F|100\/100\n|move|p1a: Roaring Moon|Tailwind|p1a: Roaring Moon\n|-sidestart|p1: wdytyaia|move: Tailwind\n|move|p1b: Arcanine|Flare Blitz|p2b: Ogerpon\n|-supereffective|p2b: Ogerpon\n|-damage|p2b: Ogerpon|0 fnt\n|faint|p2b: Ogerpon\n|-damage|p1b: Arcanine|68\/100|[from] Recoil\n|\n|upkeep\n|\n|t:|1700856439\n|switch|p2b: Chien-Pao|Chien-Pao, L50|100\/100\n|-ability|p2b: Chien-Pao|Sword of Ruin\n|turn|2\n|\n|t:|1700856460\n|switch|p1b: Sinistcha|Sinistcha, L50|100\/100\n|-terastallize|p2a: Dragonite|Normal\n|move|p1a: Roaring Moon|Protect|p1a: Roaring Moon\n|-singleturn|p1a: Roaring Moon|Protect\n|move|p2a: Dragonite|Extreme Speed|p1a: Roaring Moon\n|-activate|p1a: Roaring Moon|move: Protect\n|move|p2b: Chien-Pao|Sacred Sword|p1b: Sinistcha\n|-immune|p1b: Sinistcha\n|\n|upkeep\n|turn|3\n|inactive|wdytyaia has 30 seconds left.\n|inactive|anthonyy737 has 30 seconds left.\n|\n|t:|1700856490\n|-end|p1a: Roaring Moon|Protosynthesis|[silent]\n|switch|p1a: Arcanine|Arcanine-Hisui, L50, M|68\/100\n|-ability|p1a: Arcanine|Intimidate|boost\n|-fail|p2a: Dragonite|unboost|Attack|[from] ability: Inner Focus|[of] p2a: Dragonite\n|-unboost|p2b: Chien-Pao|atk|1\n|move|p2a: Dragonite|Extreme Speed|p1a: Arcanine\n|-resisted|p1a: Arcanine\n|-crit|p1a: Arcanine\n|-damage|p1a: Arcanine|0 fnt\n|faint|p1a: Arcanine\n|move|p2b: Chien-Pao|Ice Spinner|p1b: Sinistcha\n|-supereffective|p1b: Sinistcha\n|-damage|p1b: Sinistcha|43\/100\n|-damage|p2b: Chien-Pao|84\/100|[from] item: Rocky Helmet|[of] p1b: Sinistcha\n|move|p1b: Sinistcha|Matcha Gotcha|p2b: Chien-Pao|[spread] p2a,p2b\n|-damage|p2a: Dragonite|78\/100\n|-heal|p1b: Sinistcha|56\/100|[from] drain|[of] p2a: Dragonite\n|-damage|p2b: Chien-Pao|42\/100\n|-heal|p1b: Sinistcha|74\/100|[from] drain|[of] p2b: Chien-Pao\n|-status|p2b: Chien-Pao|brn\n|\n|-damage|p2b: Chien-Pao|36\/100 brn|[from] brn\n|upkeep\n|\n|t:|1700856512\n|switch|p1a: Iron Hands|Iron Hands, L50|100\/100\n|turn|4\n|\n|t:|1700856531\n|switch|p2a: Typhlosion|Typhlosion-Hisui, L50, M|100\/100\n|move|p2b: Chien-Pao|Protect|p2b: Chien-Pao\n|-singleturn|p2b: Chien-Pao|Protect\n|move|p1a: Iron Hands|Drain Punch|p2a: Typhlosion\n|-immune|p2a: Typhlosion\n|move|p1b: Sinistcha|Trick Room|p1b: Sinistcha\n|-fieldstart|move: Trick Room|[of] p1b: Sinistcha\n|\n|-damage|p2b: Chien-Pao|30\/100 brn|[from] brn\n|-sideend|p1: wdytyaia|move: Tailwind\n|upkeep\n|turn|5\n|inactive|wdytyaia has 30 seconds left.\n|inactive|anthonyy737 has 30 seconds left.\n|\n|t:|1700856563\n|switch|p2b: Dragonite|Dragonite, L50, F, tera:Normal|78\/100\n|-terastallize|p1b: Sinistcha|Fire\n|move|p1a: Iron Hands|Wild Charge|p2a: Typhlosion\n|-damage|p2a: Typhlosion|30\/100\n|-damage|p1a: Iron Hands|89\/100|[from] Recoil\n|move|p1b: Sinistcha|Matcha Gotcha|p2b: Dragonite|[spread] p2a,p2b\n|-resisted|p2a: Typhlosion\n|-damage|p2a: Typhlosion|13\/100\n|-heal|p1b: Sinistcha|81\/100|[from] drain|[of] p2a: Typhlosion\n|-damage|p2b: Dragonite|57\/100\n|-heal|p1b: Sinistcha|93\/100|[from] drain|[of] p2b: Dragonite\n|move|p2a: Typhlosion|Heat Wave|p1a: Iron Hands|[spread] p1a,p1b\n|-resisted|p1b: Sinistcha\n|-damage|p1a: Iron Hands|49\/100\n|-damage|p1b: Sinistcha|47\/100\n|\n|upkeep\n|turn|6\n|inactive|wdytyaia has 30 seconds left.\n|inactive|anthonyy737 has 30 seconds left.\n|\n|t:|1700856593\n|switch|p2a: Chien-Pao|Chien-Pao, L50|30\/100 brn\n|-ability|p2a: Chien-Pao|Sword of Ruin\n|move|p1b: Sinistcha|Rage Powder|p1b: Sinistcha\n|-singleturn|p1b: Sinistcha|move: Rage Powder\n|move|p2b: Dragonite|Extreme Speed|p1b: Sinistcha\n|-damage|p1b: Sinistcha|0 fnt\n|-damage|p2b: Dragonite|41\/100|[from] item: Rocky Helmet|[of] p1b: Sinistcha\n|faint|p1b: Sinistcha\n|move|p1a: Iron Hands|Drain Punch|p2b: Dragonite\n|-supereffective|p2b: Dragonite\n|-damage|p2b: Dragonite|0 fnt\n|-heal|p1a: Iron Hands|66\/100|[from] drain|[of] p2b: Dragonite\n|faint|p2b: Dragonite\n|\n|-damage|p2a: Chien-Pao|24\/100 brn|[from] brn\n|upkeep\n|\n|t:|1700856606\n|switch|p1b: Roaring Moon|Roaring Moon, L50|100\/100\n|switch|p2b: Typhlosion|Typhlosion-Hisui, L50, M|13\/100\n|turn|7\n|-message|anthonyy737 forfeited.\n|\n|win|wdytyaia\n|raw|wdytyaia's rating: 1460 &rarr; <strong>1486<\/strong><br \/>(+26 for winning)\n|raw|anthonyy737's rating: 1559 &rarr; <strong>1533<\/strong><br \/>(-26 for losing)\n|l|\u2606anthonyy737\n","uploadtime":1700856627,"views":3,"p1id":"wdytyaia","p2id":"anthonyy737","formatid":"gen9vgc2023regulatione","rating":1486,"private":0,"password":""}