{"id":"gen9vgc2023regulatione-1995241780","p1":"tete_dgc","p2":"MetaBonker69","format":"[Gen 9] VGC 2023 Regulation E","log":"|j|\u2606tete_dgc\n|j|\u2606MetaBonker69\n|t:|1700538961\n|gametype|doubles\n|player|p1|tete_dgc|266|1069\n|player|p2|MetaBonker69|170|1016\n|teamsize|p1|4\n|teamsize|p2|6\n|gen|9\n|tier|[Gen 9] VGC 2023 Regulation E\n|rated|\n|rule|Species Clause: Limit one of each Pok\u00e9mon\n|rule|Item Clause: Limit one of each item\n|clearpoke\n|poke|p1|Iron Bundle, L50|\n|poke|p1|Clodsire, L50, F|\n|poke|p1|Arcanine-Hisui, L50, M|\n|poke|p1|Articuno-Galar, L50|\n|poke|p2|Heatran, L50, F|\n|poke|p2|Clodsire, L50, M|\n|poke|p2|Chi-Yu, L50|\n|poke|p2|Clefairy, L50, F|\n|poke|p2|Iron Hands, L50|\n|poke|p2|Bronzong, L50|\n|teampreview|4\n|inactive|Battle timer is ON: inactive players will automatically lose when time's up. (requested by tete_dgc)\n|\n|t:|1700538990\n|start\n|switch|p1a: Iron Bundle|Iron Bundle, L50|100\/100\n|switch|p1b: Articuno|Articuno-Galar, L50, shiny|100\/100\n|switch|p2a: Tacobell|Bronzong, L50, shiny|100\/100\n|switch|p2b: Goldfish|Chi-Yu, L50|100\/100\n|-ability|p2b: Goldfish|Beads of Ruin\n|-enditem|p1a: Iron Bundle|Booster Energy\n|-activate|p1a: Iron Bundle|ability: Quark Drive|[fromitem]\n|-start|p1a: Iron Bundle|quarkdrivespe\n|turn|1\n|\n|t:|1700539004\n|move|p2b: Goldfish|Protect|p2b: Goldfish\n|-singleturn|p2b: Goldfish|Protect\n|move|p1a: Iron Bundle|Hydro Pump|p2b: Goldfish\n|-activate|p2b: Goldfish|move: Protect\n|move|p1b: Articuno|Freezing Glare|p2a: Tacobell\n|-resisted|p2a: Tacobell\n|-damage|p2a: Tacobell|88\/100\n|-status|p2a: Tacobell|frz\n|cant|p2a: Tacobell|frz\n|\n|upkeep\n|turn|2\n|inactive|tete_dgc has 30 seconds left.\n|\n|t:|1700539031\n|switch|p2b: Walter|Iron Hands, L50|100\/100\n|move|p1a: Iron Bundle|Hydro Pump|p2b: Walter\n|-damage|p2b: Walter|74\/100\n|move|p1b: Articuno|Freezing Glare|p2a: Tacobell\n|-resisted|p2a: Tacobell\n|-damage|p2a: Tacobell|78\/100 frz\n|cant|p2a: Tacobell|frz\n|\n|upkeep\n|turn|3\n|\n|t:|1700539046\n|move|p2b: Walter|Fake Out|p1a: Iron Bundle\n|-damage|p1a: Iron Bundle|84\/100\n|cant|p1a: Iron Bundle|flinch\n|move|p1b: Articuno|Freezing Glare|p2b: Walter\n|-supereffective|p2b: Walter\n|-damage|p2b: Walter|31\/100\n|cant|p2a: Tacobell|frz\n|\n|upkeep\n|turn|4\n|\n|t:|1700539064\n|-end|p2b: Walter|Quark Drive|[silent]\n|switch|p2b: Child|Clefairy, L50, F|100\/100\n|move|p1a: Iron Bundle|Hydro Pump|p2a: Tacobell\n|-damage|p2a: Tacobell|46\/100 frz\n|move|p1b: Articuno|Freezing Glare|p2b: Child\n|-damage|p2b: Child|68\/100\n|cant|p2a: Tacobell|frz\n|\n|upkeep\n|turn|5\n|\n|t:|1700539076\n|move|p2b: Child|Follow Me|p2b: Child\n|-singleturn|p2b: Child|move: Follow Me\n|move|p1a: Iron Bundle|Freeze-Dry|p2b: Child\n|-damage|p2b: Child|45\/100\n|move|p1b: Articuno|Freezing Glare|p2b: Child\n|-damage|p2b: Child|12\/100\n|cant|p2a: Tacobell|frz\n|\n|upkeep\n|turn|6\n|\n|t:|1700539095\n|move|p2b: Child|Protect|p2b: Child\n|-singleturn|p2b: Child|Protect\n|move|p1a: Iron Bundle|Freeze-Dry|p2a: Tacobell\n|-resisted|p2a: Tacobell\n|-damage|p2a: Tacobell|35\/100 frz\n|move|p1b: Articuno|Freezing Glare|p2b: Child\n|-activate|p2b: Child|move: Protect\n|cant|p2a: Tacobell|frz\n|\n|upkeep\n|turn|7\n|\n|t:|1700539111\n|move|p2b: Child|Follow Me|p2b: Child\n|-singleturn|p2b: Child|move: Follow Me\n|move|p1a: Iron Bundle|Freeze-Dry|p2b: Child\n|-damage|p2b: Child|0 fnt\n|faint|p2b: Child\n|move|p1b: Articuno|Freezing Glare|p2a: Tacobell\n|-resisted|p2a: Tacobell\n|-damage|p2a: Tacobell|26\/100 frz\n|cant|p2a: Tacobell|frz\n|\n|upkeep\n|c|\u2606MetaBonker69|THAWWW\n|\n|t:|1700539126\n|switch|p2b: Goldfish|Chi-Yu, L50|100\/100\n|-ability|p2b: Goldfish|Beads of Ruin\n|turn|8\n|\n|t:|1700539132\n|move|p2b: Goldfish|Protect|p2b: Goldfish\n|-singleturn|p2b: Goldfish|Protect\n|move|p1a: Iron Bundle|Hydro Pump|p2b: Goldfish\n|-activate|p2b: Goldfish|move: Protect\n|move|p1b: Articuno|Freezing Glare|p2a: Tacobell\n|-resisted|p2a: Tacobell\n|-damage|p2a: Tacobell|14\/100 frz\n|cant|p2a: Tacobell|frz\n|\n|upkeep\n|turn|9\n|c|\u2606tete_dgc|How many turn u frozen?\n|c|\u2606tete_dgc|Xd\n|inactive|tete_dgc has 30 seconds left.\n|c|\u2606MetaBonker69|8 TURNS\n|\n|t:|1700539157\n|switch|p2a: Walter|Iron Hands, L50|31\/100\n|move|p1a: Iron Bundle|Hydro Pump|p2b: Goldfish\n|-supereffective|p2b: Goldfish\n|-damage|p2b: Goldfish|0 fnt\n|faint|p2b: Goldfish\n|move|p1b: Articuno|Freezing Glare|p2a: Walter\n|-supereffective|p2a: Walter\n|-damage|p2a: Walter|0 fnt\n|faint|p2a: Walter\n|-end|p2a: Walter|Quark Drive|[silent]\n|\n|upkeep\n|c|\u2606MetaBonker69|STILL FROZEN\n|c|\u2606MetaBonker69|BRUh\n|c|\u2606tete_dgc|Xdddd\n|c|\u2606MetaBonker69|gg\n|\n|t:|1700539170\n|switch|p2b: Tacobell|Bronzong, L50, shiny|14\/100 frz\n|turn|10\n|c|\u2606tete_dgc|Gg\n|c|\u2606MetaBonker69|i give in\n|\n|t:|1700539177\n|move|p1a: Iron Bundle|Hydro Pump|p2b: Tacobell\n|-damage|p2b: Tacobell|0 fnt\n|faint|p2b: Tacobell\n|\n|win|tete_dgc\n|raw|tete_dgc's rating: 1069 &rarr; <strong>1094<\/strong><br \/>(+25 for winning)\n|raw|MetaBonker69's rating: 1016 &rarr; <strong>1005<\/strong><br \/>(-11 for losing)\n|l|\u2606MetaBonker69\n","uploadtime":1700539184,"views":9,"p1id":"tetedgc","p2id":"metabonker69","formatid":"gen9vgc2023regulatione","rating":1005,"private":0,"password":""}