{"id":"gen9vgc2023regulatione-1997890691","p1":"LuxioTest","p2":"Rean411","format":"[Gen 9] VGC 2023 Regulation E","log":"|j|\u2606LuxioTest\n|j|\u2606Rean411\n|t:|1700864210\n|gametype|doubles\n|player|p1|LuxioTest|volkner|\n|player|p2|Rean411|170|\n|teamsize|p1|6\n|teamsize|p2|6\n|gen|9\n|tier|[Gen 9] VGC 2023 Regulation E\n|rated|Tournament battle\n|rule|Species Clause: Limit one of each Pok\u00e9mon\n|rule|Item Clause: Limit one of each item\n|clearpoke\n|poke|p1|Ninetales-Alola, L50, M|\n|poke|p1|Baxcalibur, L50, F|\n|poke|p1|Heatran, L50, F|\n|poke|p1|Rillaboom, L50, M|\n|poke|p1|Empoleon, L50, M|\n|poke|p1|Salamence, L50, F|\n|poke|p2|Iron Hands, L50|\n|poke|p2|Chien-Pao, L50|\n|poke|p2|Annihilape, L50, M|\n|poke|p2|Ninetales-Alola, L50, F|\n|poke|p2|Amoonguss, L50, M|\n|poke|p2|Arcanine-Hisui, L50, M|\n|teampreview|4\n|showteam|p1|Ninetales-Alola||LightClay|SnowWarning|AuroraVeil,Moonblast,Encore,IcyWind|||M|||50|,,,,,Ghost]Baxcalibur||ChopleBerry|IceBody|Protect,GlaiveRush,IceShard,SwordsDance|||F|||50|,,,,,Poison]Heatran||Leftovers|FlashFire|Protect,MagmaStorm,FlashCannon,EarthPower|||F|||50|,,,,,Grass]Rillaboom||AssaultVest|GrassySurge|GrassyGlide,WoodHammer,FakeOut,HighHorsepower|||M|||50|,,,,,Fire]Empoleon||SitrusBerry|Competitive|FlashCannon,WaterPledge,Haze,Protect|||M|||50|,,,,,Bug]Salamence||LifeOrb|Intimidate|Hurricane,Flamethrower,DracoMeteor,Protect|||F|||50|,,,,,Steel\n|showteam|p2|Iron Hands||AssaultVest|QuarkDrive|WildCharge,DrainPunch,HeavySlam,FakeOut||||||50|,,,,,Water]Chien-Pao||FocusSash|SwordofRuin|IceSpinner,SuckerPunch,ThroatChop,Protect||||||50|,,,,,Ghost]Annihilape||Leftovers|Defiant|RageFist,DrainPunch,BulkUp,Protect|||M|||50|,,,,,Fire]Ninetales-Alola||LightClay|SnowWarning|IcyWind,Howl,AuroraVeil,Blizzard|||F|||50|,,,,,Water]Amoonguss||RockyHelmet|Regenerator|PollenPuff,Spore,RagePowder,Protect|||M|||50|,,,,,Water]Arcanine-Hisui||SitrusBerry|Intimidate|FlareBlitz,WillOWisp,Snarl,RockSlide|||M|||50|,,,,,Grass\n|j| NooobGuy\n|j| moonybunny\n|j| Red Fang X\n|j| FunneeMonkee\n|c| NooobGuy|good luck yall\n|c|\u2606Rean411|GLHF\n|j| goldenleapfrog\n|c|\u2606LuxioTest|u2\n|j| GooberChedder445\n|l| moonybunny\n|c| NooobGuy|is the timer on?\n|inactive|Battle timer is ON: inactive players will automatically lose when time's up. (requested by Rean411)\n|l| Red Fang X\n|c|\u2606LuxioTest|not yet\n|c|\u2606LuxioTest|im thinking\n|j| Red Fang X\n|c| NooobGuy|k\n|c| goldenleapfrog|Ape might win\n|c| Red Fang X|Oh goof\n|c| NooobGuy|wich one\n|inactiveoff|Battle timer is now OFF.\n|j| tiaguitovgc\n|c| GooberChedder445|nah ape gets pissed on\n|c|\u2606Rean411|There\u2019s only one ape\n|c| NooobGuy|rilaboom?\n|c|\u2606LuxioTest|i guess there are 2 lol\n|c|\u2606Rean411|at least most people don\u2019t refer to rillaboom as ape\n|c| Red Fang X|That's a gorilla\n|c| GooberChedder445|annihilape\n|c| GooberChedder445|real\n|c|\u2606Rean411|Gorillas are a type of ape\n|\n|t:|1700864399\n|start\n|switch|p1a: Empoleon|Empoleon, L50, M|100\/100\n|switch|p1b: Ninetales|Ninetales-Alola, L50, M|100\/100\n|switch|p2a: Ninetales|Ninetales-Alola, L50, F|100\/100\n|switch|p2b: Amoonguss|Amoonguss, L50, M|100\/100\n|-weather|Snow|[from] ability: Snow Warning|[of] p2a: Ninetales\n|turn|1\n|\n|t:|1700864425\n|-terastallize|p2b: Amoonguss|Water\n|move|p2a: Ninetales|Aurora Veil|p2a: Ninetales\n|-sidestart|p2: Rean411|move: Aurora Veil\n|move|p1b: Ninetales|Aurora Veil|p1b: Ninetales\n|-sidestart|p1: LuxioTest|move: Aurora Veil\n|move|p1a: Empoleon|Flash Cannon|p2b: Amoonguss\n|-resisted|p2b: Amoonguss\n|-damage|p2b: Amoonguss|91\/100\n|move|p2b: Amoonguss|Spore|p1a: Empoleon\n|-status|p1a: Empoleon|slp|[from] move: Spore\n|\n|-weather|Snow|[upkeep]\n|upkeep\n|turn|2\n|c| NooobGuy|amoongus sweep?\n|\n|t:|1700864464\n|switch|p1a: Heatran|Heatran, L50, F|100\/100\n|switch|p2b: Iron Hands|Iron Hands, L50|100\/100\n|move|p2a: Ninetales|Howl|p2a: Ninetales|[spread] p2a,p2b\n|-boost|p2a: Ninetales|atk|1\n|-boost|p2b: Iron Hands|atk|1\n|move|p1b: Ninetales|Moonblast|p2a: Ninetales\n|-damage|p2a: Ninetales|79\/100\n|\n|-weather|Snow|[upkeep]\n|upkeep\n|turn|3\n|l| FunneeMonkee\n|c| GooberChedder445|howl?!?!\n|c| GooberChedder445|based set\n|c| Red Fang X|:)\n|c| Red Fang X|>:)\n|\n|t:|1700864502\n|move|p1a: Heatran|Protect|p1a: Heatran\n|-singleturn|p1a: Heatran|Protect\n|move|p2a: Ninetales|Howl|p2a: Ninetales|[spread] p2a,p2b\n|-boost|p2a: Ninetales|atk|1\n|-boost|p2b: Iron Hands|atk|1\n|move|p1b: Ninetales|Icy Wind|p2b: Iron Hands|[spread] p2b\n|-miss|p1b: Ninetales|p2a: Ninetales\n|-damage|p2b: Iron Hands|96\/100\n|-unboost|p2b: Iron Hands|spe|1\n|move|p2b: Iron Hands|Drain Punch|p1a: Heatran\n|-activate|p1a: Heatran|move: Protect\n|\n|-weather|Snow|[upkeep]\n|upkeep\n|turn|4\n|c| GooberChedder445|oh damn shits over\n|c| GooberChedder445|wtf\n|\n|t:|1700864528\n|move|p2a: Ninetales|Icy Wind|p1b: Ninetales|[spread] p1a,p1b\n|-resisted|p1a: Heatran\n|-resisted|p1b: Ninetales\n|-damage|p1a: Heatran|99\/100\n|-damage|p1b: Ninetales|96\/100\n|-unboost|p1a: Heatran|spe|1\n|-unboost|p1b: Ninetales|spe|1\n|move|p1b: Ninetales|Encore|p2b: Iron Hands\n|-start|p2b: Iron Hands|Encore\n|move|p1a: Heatran|Flash Cannon|p2a: Ninetales\n|-supereffective|p2a: Ninetales\n|-damage|p2a: Ninetales|0 fnt\n|faint|p2a: Ninetales\n|move|p2b: Iron Hands|Drain Punch|p1a: Heatran\n|-supereffective|p1a: Heatran\n|-damage|p1a: Heatran|9\/100\n|-heal|p2b: Iron Hands|100\/100|[from] drain|[of] p1a: Heatran\n|\n|-weather|Snow|[upkeep]\n|-heal|p1a: Heatran|15\/100|[from] item: Leftovers\n|upkeep\n|\n|t:|1700864549\n|switch|p2a: Amoonguss|Amoonguss, L50, M, tera:Water|100\/100\n|turn|5\n|c| tiaguitovgc|plus 2 iron hand doesnt kill the heatran lmao\n|c|\u2606Rean411|Veil\n|c| GooberChedder445|its under veil lol\n|\n|t:|1700864570\n|switch|p1b: Empoleon|Empoleon, L50, M|100\/100 slp\n|move|p1a: Heatran|Protect|p1a: Heatran\n|-singleturn|p1a: Heatran|Protect\n|move|p2b: Iron Hands|Drain Punch|p1b: Empoleon\n|-supereffective|p1b: Empoleon\n|-damage|p1b: Empoleon|0 fnt\n|faint|p1b: Empoleon\n|move|p2a: Amoonguss|Spore|p1a: Heatran\n|-activate|p1a: Heatran|move: Protect\n|\n|-weather|none\n|-heal|p1a: Heatran|21\/100|[from] item: Leftovers\n|upkeep\n|c| GooberChedder445|hands is technically dealing normal damage\n|\n|t:|1700864579\n|switch|p1b: Baxcalibur|Baxcalibur, L50, F|100\/100\n|turn|6\n|\n|t:|1700864598\n|switch|p1a: Ninetales|Ninetales-Alola, L50, M|96\/100\n|-weather|Snow|[from] ability: Snow Warning|[of] p1a: Ninetales\n|move|p1b: Baxcalibur|Swords Dance|p1b: Baxcalibur\n|-boost|p1b: Baxcalibur|atk|2\n|move|p2b: Iron Hands|Drain Punch|p1a: Ninetales\n|-damage|p1a: Ninetales|53\/100\n|move|p2a: Amoonguss|Spore|p1a: Ninetales\n|-status|p1a: Ninetales|slp|[from] move: Spore\n|\n|-weather|Snow|[upkeep]\n|-end|p2b: Iron Hands|Encore\n|upkeep\n|turn|7\n|c| tiaguitovgc|is a plus 2 iron hand\n|c| GooberChedder445|yuh, attacking with a 75 bp move\n|\n|t:|1700864629\n|switch|p1a: Heatran|Heatran, L50, F|21\/100\n|move|p1b: Baxcalibur|Protect|p1b: Baxcalibur\n|-singleturn|p1b: Baxcalibur|Protect\n|move|p2b: Iron Hands|Wild Charge|p1b: Baxcalibur\n|-activate|p1b: Baxcalibur|move: Protect\n|move|p2a: Amoonguss|Spore|p1b: Baxcalibur\n|-activate|p1b: Baxcalibur|move: Protect\n|\n|-weather|Snow|[upkeep]\n|-heal|p1a: Heatran|28\/100|[from] item: Leftovers\n|upkeep\n|turn|8\n|\n|t:|1700864658\n|move|p2a: Amoonguss|Protect|p2a: Amoonguss\n|-singleturn|p2a: Amoonguss|Protect\n|move|p1b: Baxcalibur|Glaive Rush|p2b: Iron Hands\n|-damage|p2b: Iron Hands|42\/100\n|-singlemove|p1b: Baxcalibur|Glaive Rush|[silent]\n|move|p1a: Heatran|Earth Power|p2b: Iron Hands\n|-supereffective|p2b: Iron Hands\n|-damage|p2b: Iron Hands|22\/100\n|move|p2b: Iron Hands|Drain Punch|p1b: Baxcalibur\n|-supereffective|p1b: Baxcalibur\n|-enditem|p1b: Baxcalibur|Chople Berry|[eat]\n|-enditem|p1b: Baxcalibur|Chople Berry|[weaken]\n|-damage|p1b: Baxcalibur|39\/100\n|-heal|p2b: Iron Hands|49\/100|[from] drain|[of] p1b: Baxcalibur\n|\n|-weather|Snow|[upkeep]\n|-heal|p1b: Baxcalibur|45\/100|[from] ability: Ice Body\n|-heal|p1a: Heatran|34\/100|[from] item: Leftovers\n|-sideend|p2: Rean411|move: Aurora Veil\n|-sideend|p1: LuxioTest|move: Aurora Veil\n|upkeep\n|turn|9\n|c|\u2606Rean411|Delete\n|c| GooberChedder445|gah damn\n|c|\u2606Rean411|Are you kidding me?!\n|c|\u2606Rean411|Dang\n|c| Red Fang X|Chople berry\n|c| GooberChedder445|61 through veil and chople is fire\n|\n|t:|1700864700\n|move|p2a: Amoonguss|Rage Powder|p2a: Amoonguss\n|-singleturn|p2a: Amoonguss|move: Rage Powder\n|move|p1b: Baxcalibur|Glaive Rush|p2a: Amoonguss\n|-damage|p2a: Amoonguss|0 fnt\n|-singlemove|p1b: Baxcalibur|Glaive Rush|[silent]\n|-damage|p1b: Baxcalibur|29\/100|[from] item: Rocky Helmet|[of] p2a: Amoonguss\n|faint|p2a: Amoonguss\n|move|p1a: Heatran|Magma Storm|p2b: Iron Hands\n|-damage|p2b: Iron Hands|21\/100\n|-activate|p2b: Iron Hands|move: Magma Storm|[of] p1a: Heatran\n|move|p2b: Iron Hands|Drain Punch|p1a: Heatran\n|-supereffective|p1a: Heatran\n|-crit|p1a: Heatran\n|-damage|p1a: Heatran|0 fnt\n|-heal|p2b: Iron Hands|35\/100|[from] drain|[of] p1a: Heatran\n|faint|p1a: Heatran\n|\n|-weather|Snow|[upkeep]\n|-heal|p1b: Baxcalibur|35\/100|[from] ability: Ice Body\n|-end|p2b: Iron Hands|Magma Storm|[partiallytrapped]|[silent]\n|upkeep\n|c| Red Fang X|Read the team sheets xD\n|c| NooobGuy|that\u00b4s crazy\n|c| GooberChedder445|rean pass me the team when tour over plz\n|c|\u2606Rean411|\ud83d\udc4d\ud83c\udffe\n|\n|t:|1700864717\n|switch|p1a: Ninetales|Ninetales-Alola, L50, M|53\/100 slp\n|switch|p2a: Annihilape|Annihilape, L50, M|100\/100\n|turn|10\n|c| goldenleapfrog|The ape\n|\n|t:|1700864742\n|-terastallize|p1b: Baxcalibur|Poison\n|cant|p1a: Ninetales|slp\n|move|p1b: Baxcalibur|Glaive Rush|p2b: Iron Hands\n|-damage|p2b: Iron Hands|0 fnt\n|-singlemove|p1b: Baxcalibur|Glaive Rush|[silent]\n|faint|p2b: Iron Hands\n|-end|p2b: Iron Hands|Quark Drive|[silent]\n|move|p2a: Annihilape|Drain Punch|p1b: Baxcalibur\n|-resisted|p1b: Baxcalibur\n|-damage|p1b: Baxcalibur|2\/100\n|\n|-weather|none\n|upkeep\n|turn|11\n|c| GooberChedder445|monke\n|\n|t:|1700864759\n|move|p1b: Baxcalibur|Protect|p1b: Baxcalibur\n|-singleturn|p1b: Baxcalibur|Protect\n|cant|p1a: Ninetales|slp\n|move|p2a: Annihilape|Drain Punch|p1b: Baxcalibur\n|-activate|p1b: Baxcalibur|move: Protect\n|\n|upkeep\n|turn|12\n|c|\u2606LuxioTest|wakeupwakeupwakeupwakeup\n|\n|t:|1700864771\n|cant|p1a: Ninetales|slp\n|move|p1b: Baxcalibur|Glaive Rush|p2a: Annihilape\n|-damage|p2a: Annihilape|0 fnt\n|-singlemove|p1b: Baxcalibur|Glaive Rush|[silent]\n|faint|p2a: Annihilape\n|\n|win|LuxioTest\n|n|\u2606LuxioTest|luxiotest\n|n|\u2606Rean411|rean411\n|n| NooobGuy|nooobguy\n|n| goldenleapfrog|goldenleapfrog\n|n| GooberChedder445|gooberchedder445\n|n| Red Fang X|redfangx\n|n| tiaguitovgc|tiaguitovgc\n","uploadtime":1700864773,"views":2,"p1id":"luxiotest","p2id":"rean411","formatid":"gen9vgc2023regulatione","rating":0,"private":0,"password":""}