{"id":"gen9vgc2023regulatione-1997737552","p1":"Autumn0815","p2":"Aboogaboogaboo","format":"[Gen 9] VGC 2023 Regulation E","log":"|j|\u2606Autumn0815\n|j|\u2606Aboogaboogaboo\n|t:|1700847337\n|gametype|doubles\n|player|p1|Autumn0815|lady|1089\n|player|p2|Aboogaboogaboo|giovanni|1106\n|teamsize|p1|6\n|teamsize|p2|6\n|gen|9\n|tier|[Gen 9] VGC 2023 Regulation E\n|rated|\n|rule|Species Clause: Limit one of each Pok\u00e9mon\n|rule|Item Clause: Limit one of each item\n|clearpoke\n|poke|p1|Rillaboom, L50, M|\n|poke|p1|Arcanine, L50, F|\n|poke|p1|Gastrodon, L50, F|\n|poke|p1|Roaring Moon, L50|\n|poke|p1|Sneasler, L50, F|\n|poke|p1|Gholdengo, L50|\n|poke|p2|Cetitan, L50, M|\n|poke|p2|Cresselia, L50, F|\n|poke|p2|Articuno-Galar, L50|\n|poke|p2|Torkoal, L50, M|\n|poke|p2|Amoonguss, L50, F|\n|poke|p2|Barraskewda, L50, F|\n|teampreview|4\n|inactive|Battle timer is ON: inactive players will automatically lose when time's up. (requested by Aboogaboogaboo)\n|inactive|Autumn0815 also wants the timer to be on.\nAboogaboogaboo has agreed to open team sheets.\nAutumn0815 has agreed to open team sheets.\n|inactive|Autumn0815 has 30 seconds left.\n|inactive|Autumn0815 has 20 seconds left.\n|inactive|Autumn0815 has 15 seconds left.\n|inactive|Autumn0815 has 10 seconds left.\n|inactive|Autumn0815 has 5 seconds left.\n|\n|t:|1700847397\n|start\n|switch|p1a: Rillaboom|Rillaboom, L50, M|100\/100\n|switch|p1b: Arcanine|Arcanine, L50, F|100\/100\n|switch|p2a: Cetitan|Cetitan, L50, M|100\/100\n|switch|p2b: Articuno|Articuno-Galar, L50|100\/100\n|-ability|p1b: Arcanine|Intimidate|boost\n|-unboost|p2a: Cetitan|atk|1\n|-unboost|p2b: Articuno|atk|1\n|-ability|p2b: Articuno|Competitive|boost\n|-boost|p2b: Articuno|spa|2\n|-fieldstart|move: Grassy Terrain|[from] ability: Grassy Surge|[of] p1a: Rillaboom\n|turn|1\n|c|\u2606Autumn0815|Wait\n|c|\u2606Autumn0815|It didn't let me choose?\n|c|\u2606Aboogaboogaboo|You ran out of time\n|inactive|Autumn0815 has 30 seconds left.\n|c|\u2606Autumn0815|I see.\n|c|\u2606Autumn0815|That is gonna suck\n|inactive|Autumn0815 has 20 seconds left.\n|inactive|Autumn0815 has 15 seconds left.\n|\n|t:|1700847439\n|move|p1a: Rillaboom|Fake Out|p2b: Articuno\n|-damage|p2b: Articuno|86\/100\n|move|p1b: Arcanine|Will-O-Wisp|p2a: Cetitan\n|-status|p2a: Cetitan|brn\n|cant|p2b: Articuno|flinch\n|move|p2a: Cetitan|Earthquake|p1b: Arcanine|[spread] p1a,p1b\n|-immune|p2b: Articuno\n|-resisted|p1a: Rillaboom\n|-supereffective|p1b: Arcanine\n|-damage|p1a: Rillaboom|99\/100\n|-damage|p1b: Arcanine|89\/100\n|\n|-heal|p1b: Arcanine|95\/100|[from] Grassy Terrain\n|-heal|p1a: Rillaboom|100\/100|[from] Grassy Terrain\n|-damage|p2a: Cetitan|94\/100 brn|[from] brn\n|upkeep\n|turn|2\n|inactive|Autumn0815 has 30 seconds left.\n|inactive|Aboogaboogaboo has 30 seconds left.\n|\n|t:|1700847468\n|move|p2a: Cetitan|Ice Shard|p1a: Rillaboom\n|-supereffective|p1a: Rillaboom\n|-damage|p1a: Rillaboom|88\/100\n|move|p1b: Arcanine|Snarl|p2a: Cetitan|[spread] p2a,p2b\n|-supereffective|p2b: Articuno\n|-damage|p2a: Cetitan|83\/100 brn\n|-damage|p2b: Articuno|66\/100\n|-unboost|p2a: Cetitan|spa|1\n|-unboost|p2b: Articuno|spa|1\n|-ability|p2b: Articuno|Competitive|boost\n|-boost|p2b: Articuno|spa|2\n|move|p1a: Rillaboom|Knock Off|p2b: Articuno\n|-supereffective|p2b: Articuno\n|-damage|p2b: Articuno|3\/100\n|-enditem|p2b: Articuno|Room Service|[from] move: Knock Off|[of] p1a: Rillaboom\n|move|p2b: Articuno|Freezing Glare|p1b: Arcanine\n|-damage|p1b: Arcanine|0 fnt\n|faint|p1b: Arcanine\n|\n|-heal|p1a: Rillaboom|94\/100|[from] Grassy Terrain\n|-heal|p2a: Cetitan|89\/100 brn|[from] Grassy Terrain\n|-damage|p2a: Cetitan|83\/100 brn|[from] brn\n|upkeep\n|\n|t:|1700847487\n|switch|p1b: Roaring Moon|Roaring Moon, L50|100\/100\n|-enditem|p1b: Roaring Moon|Booster Energy\n|-activate|p1b: Roaring Moon|ability: Protosynthesis|[fromitem]\n|-start|p1b: Roaring Moon|protosynthesisspe\n|turn|3\n|\n|t:|1700847505\n|move|p1a: Rillaboom|Grassy Glide|p2b: Articuno\n|-resisted|p2b: Articuno\n|-damage|p2b: Articuno|0 fnt\n|faint|p2b: Articuno\n|move|p2a: Cetitan|Ice Shard|p1b: Roaring Moon\n|-supereffective|p1b: Roaring Moon\n|-damage|p1b: Roaring Moon|86\/100\n|move|p1b: Roaring Moon|Tailwind|p1b: Roaring Moon\n|-sidestart|p1: Autumn0815|move: Tailwind\n|\n|-heal|p1b: Roaring Moon|92\/100|[from] Grassy Terrain\n|-heal|p1a: Rillaboom|99\/100|[from] Grassy Terrain\n|-heal|p2a: Cetitan|89\/100 brn|[from] Grassy Terrain\n|-damage|p2a: Cetitan|83\/100 brn|[from] brn\n|upkeep\n|\n|t:|1700847509\n|switch|p2b: Torkoal|Torkoal, L50, M|100\/100\n|-weather|SunnyDay|[from] ability: Drought|[of] p2b: Torkoal\n|turn|4\n|inactive|Autumn0815 has 30 seconds left.\n|inactive|Autumn0815 has 20 seconds left.\n|\n|t:|1700847547\n|switch|p2a: Amoonguss|Amoonguss, L50, F, shiny|100\/100\n|move|p2b: Torkoal|Protect|p2b: Torkoal\n|-singleturn|p2b: Torkoal|Protect\n|move|p1b: Roaring Moon|Acrobatics|p2b: Torkoal\n|-activate|p2b: Torkoal|move: Protect\n|move|p1a: Rillaboom|U-turn|p2a: Amoonguss\n|-damage|p2a: Amoonguss|83\/100\n|\n|t:|1700847552\n|switch|p1a: Gastrodon|Gastrodon, L50, F|100\/100|[from] U-turn\n|\n|-weather|SunnyDay|[upkeep]\n|-heal|p1b: Roaring Moon|98\/100|[from] Grassy Terrain\n|-heal|p2a: Amoonguss|89\/100|[from] Grassy Terrain\n|upkeep\n|turn|5\n|inactive|Aboogaboogaboo has 30 seconds left.\n|\n|t:|1700847580\n|switch|p2b: Cetitan|Cetitan, L50, M|83\/100 brn\n|move|p1b: Roaring Moon|Protect|p1b: Roaring Moon\n|-singleturn|p1b: Roaring Moon|Protect\n|move|p1a: Gastrodon|Yawn|p2a: Amoonguss\n|-start|p2a: Amoonguss|move: Yawn|[of] p1a: Gastrodon\n|move|p2a: Amoonguss|Spore|p1a: Gastrodon\n|-status|p1a: Gastrodon|slp|[from] move: Spore\n|\n|-weather|SunnyDay|[upkeep]\n|-heal|p1b: Roaring Moon|100\/100|[from] Grassy Terrain\n|-heal|p2b: Cetitan|89\/100 brn|[from] Grassy Terrain\n|-heal|p2a: Amoonguss|95\/100|[from] Grassy Terrain\n|-damage|p2b: Cetitan|83\/100 brn|[from] brn\n|-fieldend|move: Grassy Terrain\n|upkeep\n|turn|6\n|inactive|Autumn0815 has 30 seconds left.\n|\n|t:|1700847610\n|switch|p2a: Torkoal|Torkoal, L50, M|100\/100\n|-terastallize|p1b: Roaring Moon|Flying\n|move|p1b: Roaring Moon|Acrobatics|p2a: Torkoal\n|-damage|p2a: Torkoal|71\/100\n|cant|p1a: Gastrodon|slp\n|move|p2b: Cetitan|Belly Drum|p2b: Cetitan\n|-damage|p2b: Cetitan|33\/100 brn\n|-setboost|p2b: Cetitan|atk|6|[from] move: Belly Drum\n|-enditem|p2b: Cetitan|Sitrus Berry|[eat]\n|-heal|p2b: Cetitan|58\/100 brn|[from] item: Sitrus Berry\n|\n|-weather|SunnyDay|[upkeep]\n|-damage|p2b: Cetitan|52\/100 brn|[from] brn\n|-sideend|p1: Autumn0815|move: Tailwind\n|upkeep\n|turn|7\n|inactive|Autumn0815 has 30 seconds left.\n|\n|t:|1700847637\n|-curestatus|p1a: Gastrodon|slp|[msg]\n|move|p1a: Gastrodon|Protect|p1a: Gastrodon\n|-singleturn|p1a: Gastrodon|Protect\n|move|p2b: Cetitan|Ice Shard|p1b: Roaring Moon\n|-supereffective|p1b: Roaring Moon\n|-damage|p1b: Roaring Moon|5\/100\n|move|p1b: Roaring Moon|Tailwind|p1b: Roaring Moon\n|-sidestart|p1: Autumn0815|move: Tailwind\n|move|p2a: Torkoal|Body Press|p1a: Gastrodon\n|-activate|p1a: Gastrodon|move: Protect\n|\n|-weather|SunnyDay|[upkeep]\n|-damage|p2b: Cetitan|46\/100 brn|[from] brn\n|upkeep\n|turn|8\n|\n|t:|1700847657\n|move|p1b: Roaring Moon|Protect|p1b: Roaring Moon\n|-singleturn|p1b: Roaring Moon|Protect\n|move|p2b: Cetitan|Ice Shard|p1b: Roaring Moon\n|-activate|p1b: Roaring Moon|move: Protect\n|move|p1a: Gastrodon|Earth Power|p2b: Cetitan\n|-damage|p2b: Cetitan|10\/100 brn\n|move|p2a: Torkoal|Body Press|p1a: Gastrodon\n|-damage|p1a: Gastrodon|68\/100\n|\n|-weather|none\n|-heal|p1a: Gastrodon|75\/100|[from] item: Leftovers\n|-damage|p2b: Cetitan|4\/100 brn|[from] brn\n|upkeep\n|turn|9\n|\n|t:|1700847671\n|move|p1b: Roaring Moon|Protect|p1b: Roaring Moon\n|-singleturn|p1b: Roaring Moon|Protect\n|move|p2b: Cetitan|Ice Shard|p1b: Roaring Moon\n|-activate|p1b: Roaring Moon|move: Protect\n|move|p1a: Gastrodon|Yawn|p2a: Torkoal\n|-start|p2a: Torkoal|move: Yawn|[of] p1a: Gastrodon\n|move|p2a: Torkoal|Body Press|p1a: Gastrodon\n|-damage|p1a: Gastrodon|42\/100\n|\n|-heal|p1a: Gastrodon|48\/100|[from] item: Leftovers\n|-damage|p2b: Cetitan|0 fnt|[from] brn\n|faint|p2b: Cetitan\n|upkeep\n|\n|t:|1700847681\n|switch|p2b: Amoonguss|Amoonguss, L50, F, shiny|100\/100\n|turn|10\n|inactive|Aboogaboogaboo has 30 seconds left.\n|\n|t:|1700847711\n|move|p1b: Roaring Moon|Acrobatics|p2b: Amoonguss\n|-supereffective|p2b: Amoonguss\n|-damage|p2b: Amoonguss|24\/100\n|move|p1a: Gastrodon|Ice Beam|p2b: Amoonguss\n|-supereffective|p2b: Amoonguss\n|-damage|p2b: Amoonguss|0 fnt\n|faint|p2b: Amoonguss\n|move|p2a: Torkoal|Eruption|p1a: Gastrodon|[spread] p1a,p1b\n|-resisted|p1a: Gastrodon\n|-crit|p1b: Roaring Moon\n|-damage|p1a: Gastrodon|36\/100\n|-damage|p1b: Roaring Moon|0 fnt\n|faint|p1b: Roaring Moon\n|-end|p1b: Roaring Moon|Protosynthesis|[silent]\n|\n|-heal|p1a: Gastrodon|42\/100|[from] item: Leftovers\n|-end|p2a: Torkoal|move: Yawn|[silent]\n|-status|p2a: Torkoal|slp\n|-sideend|p1: Autumn0815|move: Tailwind\n|upkeep\n|c|\u2606Autumn0815|Actually... This is panning out well for me\n|\n|t:|1700847724\n|switch|p1b: Rillaboom|Rillaboom, L50, M|99\/100\n|-fieldstart|move: Grassy Terrain|[from] ability: Grassy Surge|[of] p1b: Rillaboom\n|turn|11\n|c|\u2606Aboogaboogaboo|That double-protect was absolutely tragic for me\n|c|\u2606Autumn0815|Yeah?\n|\n|t:|1700847743\n|-terastallize|p2a: Torkoal|Fire\n|move|p1b: Rillaboom|Knock Off|p2a: Torkoal\n|-damage|p2a: Torkoal|52\/100 slp\n|-enditem|p2a: Torkoal|Charcoal|[from] move: Knock Off|[of] p1b: Rillaboom\n|move|p1a: Gastrodon|Earth Power|p2a: Torkoal\n|-supereffective|p2a: Torkoal\n|-damage|p2a: Torkoal|0 fnt\n|faint|p2a: Torkoal\n|\n|win|Autumn0815\n|raw|Autumn0815's rating: 1089 &rarr; <strong>1117<\/strong><br \/>(+28 for winning)\n|raw|Aboogaboogaboo's rating: 1106 &rarr; <strong>1080<\/strong><br \/>(-26 for losing)\n|c|\u2606Aboogaboogaboo|gg\n|c|\u2606Autumn0815|Tbh, I am glad it worked out for me, hehe\n|c|\u2606Autumn0815|GG\n|c|\u2606Autumn0815|This was fun\n","uploadtime":1700847772,"views":1,"p1id":"autumn0815","p2id":"aboogaboogaboo","formatid":"gen9vgc2023regulatione","rating":1080,"private":0,"password":""}