{"id":"gen9vgc2023regulatione-1995114317","p1":"xxXRODILLAXxx","p2":"gamer_cyprian","format":"[Gen 9] VGC 2023 Regulation E","log":"|j|\u2606xxXRODILLAXxx\n|j|\u2606gamer_cyprian\n|t:|1700524125\n|gametype|doubles\n|player|p1|xxXRODILLAXxx|cameraman|1088\n|player|p2|gamer_cyprian|265|1172\n|teamsize|p1|6\n|teamsize|p2|6\n|gen|9\n|tier|[Gen 9] VGC 2023 Regulation E\n|rated|\n|rule|Species Clause: Limit one of each Pok\u00e9mon\n|rule|Item Clause: Limit one of each item\n|clearpoke\n|poke|p1|Tornadus, L50, M|\n|poke|p1|Chien-Pao, L50|\n|poke|p1|Iron Bundle, L50|\n|poke|p1|Iron Hands, L50|\n|poke|p1|Chi-Yu, L50|\n|poke|p1|Dragonite, L50, F|\n|poke|p2|Arcanine-Hisui, L50, M|\n|poke|p2|Rillaboom, L50, M|\n|poke|p2|Flutter Mane, L50|\n|poke|p2|Tornadus, L50, M|\n|poke|p2|Chien-Pao, L50|\n|poke|p2|Urshifu-*, L50, M|\n|teampreview|4\nxxXRODILLAXxx has agreed to open team sheets.\n|inactive|Battle timer is ON: inactive players will automatically lose when time's up. (requested by xxXRODILLAXxx)\n|\n|t:|1700524170\n|start\n|switch|p1a: Tornadus|Tornadus, L50, M|100\/100\n|switch|p1b: Iron Hands|Iron Hands, L50|100\/100\n|switch|p2a: Flutter Mane|Flutter Mane, L50|100\/100\n|switch|p2b: Tornadus|Tornadus, L50, M|100\/100\n|-enditem|p2a: Flutter Mane|Booster Energy\n|-activate|p2a: Flutter Mane|ability: Protosynthesis|[fromitem]\n|-start|p2a: Flutter Mane|protosynthesisspa\n|turn|1\n|inactive|gamer_cyprian has 30 seconds left.\n|\n|t:|1700524201\n|-terastallize|p1b: Iron Hands|Water\n|move|p1a: Tornadus|Taunt|p2b: Tornadus\n|-start|p2b: Tornadus|move: Taunt\n|cant|p2b: Tornadus|move: Taunt|Tailwind\n|move|p2a: Flutter Mane|Thunderbolt|p1a: Tornadus\n|-supereffective|p1a: Tornadus\n|-damage|p1a: Tornadus|19\/100\n|-status|p1a: Tornadus|par\n|move|p1b: Iron Hands|Heavy Slam|p2a: Flutter Mane\n|-supereffective|p2a: Flutter Mane\n|-crit|p2a: Flutter Mane\n|-damage|p2a: Flutter Mane|0 fnt\n|faint|p2a: Flutter Mane\n|-end|p2a: Flutter Mane|Protosynthesis|[silent]\n|\n|upkeep\n|\n|t:|1700524222\n|switch|p2a: Urshifu|Urshifu-Rapid-Strike, L50, M|100\/100\n|turn|2\n|inactive|gamer_cyprian has 30 seconds left.\n|\n|t:|1700524248\n|-terastallize|p2a: Urshifu|Water\n|move|p1a: Tornadus|Tailwind|p1a: Tornadus\n|-sidestart|p1: xxXRODILLAXxx|move: Tailwind\n|move|p2b: Tornadus|Bleakwind Storm|p1b: Iron Hands|[spread] p1a,p1b\n|-damage|p1a: Tornadus|0 fnt\n|-damage|p1b: Iron Hands|83\/100\n|faint|p1a: Tornadus\n|move|p1b: Iron Hands|Wild Charge|p2a: Urshifu\n|-supereffective|p2a: Urshifu\n|-damage|p2a: Urshifu|10\/100\n|-damage|p1b: Iron Hands|65\/100|[from] Recoil\n|move|p2a: Urshifu|Surging Strikes|p1b: Iron Hands\n|-resisted|p1b: Iron Hands\n|-crit|p1b: Iron Hands\n|-damage|p1b: Iron Hands|54\/100\n|-resisted|p1b: Iron Hands\n|-crit|p1b: Iron Hands\n|-damage|p1b: Iron Hands|43\/100\n|-resisted|p1b: Iron Hands\n|-crit|p1b: Iron Hands\n|-damage|p1b: Iron Hands|33\/100\n|-hitcount|p1b: Iron Hands|3\n|\n|upkeep\n|\n|t:|1700524258\n|switch|p1a: Iron Bundle|Iron Bundle, L50|100\/100\n|-enditem|p1a: Iron Bundle|Booster Energy\n|-activate|p1a: Iron Bundle|ability: Quark Drive|[fromitem]\n|-start|p1a: Iron Bundle|quarkdrivespe\n|turn|3\n|inactive|gamer_cyprian has 30 seconds left.\n|\n|t:|1700524285\n|move|p2a: Urshifu|Protect|p2a: Urshifu\n|-singleturn|p2a: Urshifu|Protect\n|move|p1a: Iron Bundle|Icy Wind|p2b: Tornadus|[spread] p2b\n|-activate|p2a: Urshifu|move: Protect\n|-supereffective|p2b: Tornadus\n|-damage|p2b: Tornadus|57\/100\n|-unboost|p2b: Tornadus|spe|1\n|move|p1b: Iron Hands|Drain Punch|p2a: Urshifu\n|-activate|p2a: Urshifu|move: Protect\n|move|p2b: Tornadus|Bleakwind Storm|p1b: Iron Hands|[spread] p1a,p1b\n|-damage|p1a: Iron Bundle|45\/100\n|-damage|p1b: Iron Hands|13\/100\n|\n|-end|p2b: Tornadus|move: Taunt\n|upkeep\n|turn|4\n|inactive|gamer_cyprian has 30 seconds left.\n|inactive|gamer_cyprian has 20 seconds left.\n|inactive|gamer_cyprian has 15 seconds left.\n|inactive|gamer_cyprian has 10 seconds left.\n|inactive|gamer_cyprian has 5 seconds left.\n|\n|t:|1700524337\n|move|p2b: Tornadus|Tailwind|p2b: Tornadus\n|-sidestart|p2: gamer_cyprian|move: Tailwind\n|move|p1a: Iron Bundle|Icy Wind|p2a: Urshifu|[spread] p2a,p2b\n|-resisted|p2a: Urshifu\n|-supereffective|p2b: Tornadus\n|-damage|p2a: Urshifu|0 fnt\n|-damage|p2b: Tornadus|9\/100\n|-unboost|p2b: Tornadus|spe|1\n|faint|p2a: Urshifu\n|move|p1b: Iron Hands|Drain Punch|p2b: Tornadus\n|-resisted|p2b: Tornadus\n|-damage|p2b: Tornadus|0 fnt\n|-heal|p1b: Iron Hands|16\/100|[from] drain|[of] p2b: Tornadus\n|-damage|p1b: Iron Hands|0 fnt|[from] item: Rocky Helmet|[of] p2b: Tornadus\n|faint|p2b: Tornadus\n|faint|p1b: Iron Hands\n|-end|p1b: Iron Hands|Quark Drive|[silent]\n|\n|upkeep\n|\n|t:|1700524354\n|switch|p2a: Chien-Pao|Chien-Pao, L50|100\/100\n|switch|p1b: Chi-Yu|Chi-Yu, L50|100\/100\n|-ability|p2a: Chien-Pao|Sword of Ruin\n|-ability|p1b: Chi-Yu|Beads of Ruin\n|turn|5\n|\n|t:|1700524372\n|move|p1a: Iron Bundle|Protect|p1a: Iron Bundle\n|-singleturn|p1a: Iron Bundle|Protect\n|move|p2a: Chien-Pao|Protect|p2a: Chien-Pao\n|-singleturn|p2a: Chien-Pao|Protect\n|move|p1b: Chi-Yu|Protect||[still]\n|-fail|p1b: Chi-Yu\n|\n|-sideend|p1: xxXRODILLAXxx|move: Tailwind\n|upkeep\n|turn|6\n|\n|t:|1700524396\n|move|p2a: Chien-Pao|Sacred Sword|p1b: Chi-Yu\n|-supereffective|p1b: Chi-Yu\n|-damage|p1b: Chi-Yu|0 fnt\n|faint|p1b: Chi-Yu\n|move|p1a: Iron Bundle|Freeze-Dry|p2a: Chien-Pao\n|-resisted|p2a: Chien-Pao\n|-damage|p2a: Chien-Pao|74\/100\n|\n|upkeep\n|turn|7\n|\n|t:|1700524411\n|move|p1a: Iron Bundle|Protect|p1a: Iron Bundle\n|-singleturn|p1a: Iron Bundle|Protect\n|move|p2a: Chien-Pao|Sacred Sword|p1a: Iron Bundle\n|-activate|p1a: Iron Bundle|move: Protect\n|\n|-sideend|p2: gamer_cyprian|move: Tailwind\n|upkeep\n|turn|8\n|\n|t:|1700524420\n|move|p2a: Chien-Pao|Protect|p2a: Chien-Pao\n|-singleturn|p2a: Chien-Pao|Protect\n|move|p1a: Iron Bundle|Freeze-Dry|p2a: Chien-Pao\n|-activate|p2a: Chien-Pao|move: Protect\n|\n|upkeep\n|turn|9\n|\n|t:|1700524428\n|move|p1a: Iron Bundle|Protect|p1a: Iron Bundle\n|-singleturn|p1a: Iron Bundle|Protect\n|move|p2a: Chien-Pao|Sucker Punch||[still]\n|-fail|p2a: Chien-Pao\n|\n|upkeep\n|turn|10\n|\n|t:|1700524437\n|move|p2a: Chien-Pao|Protect|p2a: Chien-Pao\n|-singleturn|p2a: Chien-Pao|Protect\n|move|p1a: Iron Bundle|Freeze-Dry|p2a: Chien-Pao\n|-activate|p2a: Chien-Pao|move: Protect\n|\n|upkeep\n|turn|11\n|\n|t:|1700524447\n|move|p1a: Iron Bundle|Protect|p1a: Iron Bundle\n|-singleturn|p1a: Iron Bundle|Protect\n|move|p2a: Chien-Pao|Sucker Punch||[still]\n|-fail|p2a: Chien-Pao\n|\n|upkeep\n|turn|12\n|\n|t:|1700524463\n|move|p2a: Chien-Pao|Protect|p2a: Chien-Pao\n|-singleturn|p2a: Chien-Pao|Protect\n|move|p1a: Iron Bundle|Hydro Pump|p2a: Chien-Pao\n|-activate|p2a: Chien-Pao|move: Protect\n|\n|upkeep\n|turn|13\n|\n|t:|1700524471\n|move|p2a: Chien-Pao|Sucker Punch|p1a: Iron Bundle\n|-damage|p1a: Iron Bundle|0 fnt\n|faint|p1a: Iron Bundle\n|-end|p1a: Iron Bundle|Quark Drive|[silent]\n|\n|win|gamer_cyprian\n|raw|xxXRODILLAXxx's rating: 1088 &rarr; <strong>1070<\/strong><br \/>(-18 for losing)\n|raw|gamer_cyprian's rating: 1172 &rarr; <strong>1191<\/strong><br \/>(+19 for winning)\n|l|\u2606xxXRODILLAXxx\n","uploadtime":1700524525,"views":2,"p1id":"xxxrodillaxxx","p2id":"gamercyprian","formatid":"gen9vgc2023regulatione","rating":1070,"private":0,"password":""}