{"id":"gen9vgc2023regulatione-1994987265","p1":"NzkanBzn","p2":"krenitos","format":"[Gen 9] VGC 2023 Regulation E","log":"|j|\u2606NzkanBzn\n|j|\u2606krenitos\n|t:|1700510792\n|gametype|doubles\n|player|p1|NzkanBzn|1|1000\n|player|p2|krenitos|fisherman|1107\n|teamsize|p1|6\n|teamsize|p2|6\n|gen|9\n|tier|[Gen 9] VGC 2023 Regulation E\n|rated|\n|rule|Species Clause: Limit one of each Pok\u00e9mon\n|rule|Item Clause: Limit one of each item\n|clearpoke\n|poke|p1|Iron Hands, L50|\n|poke|p1|Landorus-Therian, L50, M|\n|poke|p1|Empoleon, L50, M|\n|poke|p1|Ninetales-Alola, L50, M|\n|poke|p1|Roaring Moon, L50|\n|poke|p1|Ogerpon-Hearthflame, L50, F|\n|poke|p2|Flutter Mane, L50|\n|poke|p2|Glimmora, L50, F|\n|poke|p2|Dusclops, L50, F|\n|poke|p2|Ceruledge, L50, F|\n|poke|p2|Gyarados, L50, F|\n|poke|p2|Weezing, L50, F|\n|teampreview|4\n|inactive|Battle timer is ON: inactive players will automatically lose when time's up. (requested by krenitos)\n|inactive|krenitos has 60 seconds left.\n|\n|t:|1700510837\n|start\n|switch|p1a: Ninetales|Ninetales-Alola, L50, M|100\/100\n|switch|p1b: Empoleon|Empoleon, L50, M|100\/100\n|switch|p2a: Weezing|Weezing, L50, F|100\/100\n|switch|p2b: Flutter Mane|Flutter Mane, L50, shiny|100\/100\n|-ability|p2a: Weezing|Neutralizing Gas\n|-enditem|p2b: Flutter Mane|Booster Energy\n|-activate|p2b: Flutter Mane|ability: Protosynthesis|[fromitem]\n|-start|p2b: Flutter Mane|protosynthesisspa\n|turn|1\n|inactive|krenitos has 30 seconds left.\n|\n|t:|1700510868\n|switch|p1a: Landorus|Landorus-Therian, L50, M|100\/100\n|move|p2b: Flutter Mane|Shadow Ball|p1b: Empoleon\n|-damage|p1b: Empoleon|53\/100\n|move|p1b: Empoleon|Yawn|p2b: Flutter Mane\n|-start|p2b: Flutter Mane|move: Yawn|[of] p1b: Empoleon\n|move|p2a: Weezing|Gyro Ball|p1a: Landorus\n|-damage|p1a: Landorus|77\/100\n|\n|upkeep\n|turn|2\n|inactive|NzkanBzn has 30 seconds left.\n|\n|t:|1700510893\n|-end|p2b: Flutter Mane|Protosynthesis|[silent]\n|switch|p2b: Dusclops|Dusclops, L50, F|100\/100\n|move|p2a: Weezing|Protect|p2a: Weezing\n|-singleturn|p2a: Weezing|Protect\n|move|p1a: Landorus|Stomping Tantrum|p2a: Weezing\n|-activate|p2a: Weezing|move: Protect\n|move|p1b: Empoleon|Flash Cannon|p2a: Weezing\n|-activate|p2a: Weezing|move: Protect\n|\n|upkeep\n|turn|3\n|\n|t:|1700510914\n|switch|p1a: Ninetales|Ninetales-Alola, L50, M|100\/100\n|-terastallize|p2a: Weezing|Ghost\n|move|p1b: Empoleon|Yawn|p2a: Weezing\n|-start|p2a: Weezing|move: Yawn|[of] p1b: Empoleon\n|move|p2a: Weezing|Body Slam|p1b: Empoleon\n|-resisted|p1b: Empoleon\n|-damage|p1b: Empoleon|46\/100\n|-status|p1b: Empoleon|par\n|-enditem|p1b: Empoleon|Sitrus Berry|[eat]\n|-heal|p1b: Empoleon|71\/100 par|[from] item: Sitrus Berry\n|move|p2b: Dusclops|Trick Room|p2b: Dusclops\n|-fieldstart|move: Trick Room|[of] p2b: Dusclops\n|\n|upkeep\n|turn|4\n|inactive|NzkanBzn has 30 seconds left.\n|\n|t:|1700510942\n|switch|p1a: Landorus|Landorus-Therian, L50, M|77\/100\n|move|p2b: Dusclops|Night Shade|p1b: Empoleon\n|-damage|p1b: Empoleon|44\/100 par\n|move|p1b: Empoleon|Yawn|p2b: Dusclops\n|-start|p2b: Dusclops|move: Yawn|[of] p1b: Empoleon\n|move|p2a: Weezing|Gyro Ball|p1a: Landorus\n|-damage|p1a: Landorus|51\/100\n|\n|-end|p2a: Weezing|move: Yawn|[silent]\n|-status|p2a: Weezing|slp\n|upkeep\n|turn|5\n|\n|t:|1700510967\n|switch|p2b: Flutter Mane|Flutter Mane, L50, shiny|100\/100\n|cant|p2a: Weezing|slp\n|move|p1b: Empoleon|Flash Cannon|p2a: Weezing\n|-damage|p2a: Weezing|72\/100 slp\n|move|p1a: Landorus|Stomping Tantrum|p2a: Weezing\n|-damage|p2a: Weezing|35\/100 slp\n|-damage|p1a: Landorus|35\/100|[from] item: Rocky Helmet|[of] p2a: Weezing\n|\n|upkeep\n|turn|6\n|\n|t:|1700510987\n|switch|p1a: Ninetales|Ninetales-Alola, L50, M|100\/100\n|-curestatus|p2a: Weezing|slp|[msg]\n|move|p2a: Weezing|Protect|p2a: Weezing\n|-singleturn|p2a: Weezing|Protect\n|move|p1b: Empoleon|Hydro Pump|p2a: Weezing\n|-activate|p2a: Weezing|move: Protect\n|move|p2b: Flutter Mane|Shadow Ball|p1b: Empoleon\n|-damage|p1b: Empoleon|8\/100 par\n|\n|upkeep\n|turn|7\n|\n|t:|1700511013\n|switch|p1a: Landorus|Landorus-Therian, L50, M|35\/100\n|move|p1b: Empoleon|Hydro Pump|p2a: Weezing|[miss]\n|-miss|p1b: Empoleon|p2a: Weezing\n|move|p2a: Weezing|Body Slam|p1b: Empoleon\n|-resisted|p1b: Empoleon\n|-damage|p1b: Empoleon|0 fnt\n|faint|p1b: Empoleon\n|move|p2b: Flutter Mane|Shadow Ball|p1a: Landorus\n|-damage|p1a: Landorus|0 fnt\n|faint|p1a: Landorus\n|\n|-fieldend|move: Trick Room\n|upkeep\n|\n|t:|1700511030\n|switch|p1a: Ninetales|Ninetales-Alola, L50, M|100\/100\n|switch|p1b: Roaring Moon|Roaring Moon, L50|100\/100\n|-enditem|p1b: Roaring Moon|Booster Energy\n|-activate|p1b: Roaring Moon|ability: Protosynthesis|[fromitem]\n|-start|p1b: Roaring Moon|protosynthesisspe\n|turn|8\n|\n|t:|1700511052\n|-terastallize|p1b: Roaring Moon|Flying\n|move|p2b: Flutter Mane|Protect|p2b: Flutter Mane\n|-singleturn|p2b: Flutter Mane|Protect\n|move|p1b: Roaring Moon|Knock Off|p2a: Weezing\n|-supereffective|p2a: Weezing\n|-crit|p2a: Weezing\n|-damage|p2a: Weezing|0 fnt\n|-damage|p1b: Roaring Moon|84\/100|[from] item: Rocky Helmet|[of] p2a: Weezing\n|-enditem|p2a: Weezing|Rocky Helmet|[from] move: Knock Off|[of] p1b: Roaring Moon\n|faint|p2a: Weezing\n|-end|p2a: Weezing|ability: Neutralizing Gas\n|-weather|Snow|[from] ability: Snow Warning|[of] p1a: Ninetales\n|move|p1a: Ninetales|Icy Wind|p2b: Flutter Mane\n|-activate|p2b: Flutter Mane|move: Protect\n|\n|-weather|Snow|[upkeep]\n|upkeep\n|\n|t:|1700511069\n|switch|p2a: Dusclops|Dusclops, L50, F|100\/100\n|-ability|p2a: Dusclops|Pressure\n|turn|9\n|\n|t:|1700511084\n|move|p1b: Roaring Moon|Knock Off|p2a: Dusclops\n|-supereffective|p2a: Dusclops\n|-damage|p2a: Dusclops|40\/100\n|-enditem|p2a: Dusclops|Eviolite|[from] move: Knock Off|[of] p1b: Roaring Moon\n|move|p1a: Ninetales|Aurora Veil|p1a: Ninetales\n|-sidestart|p1: NzkanBzn|move: Aurora Veil\n|move|p2b: Flutter Mane|Dazzling Gleam|p1a: Ninetales|[spread] p1a,p1b\n|-damage|p1a: Ninetales|76\/100\n|-damage|p1b: Roaring Moon|64\/100\n|move|p2a: Dusclops|Trick Room|p2a: Dusclops\n|-fieldstart|move: Trick Room|[of] p2a: Dusclops\n|\n|-weather|Snow|[upkeep]\n|upkeep\n|turn|10\n|\n|t:|1700511102\n|move|p2a: Dusclops|Protect|p2a: Dusclops\n|-singleturn|p2a: Dusclops|Protect\n|move|p2b: Flutter Mane|Protect|p2b: Flutter Mane\n|-singleturn|p2b: Flutter Mane|Protect\n|move|p1a: Ninetales|Moonblast|p2b: Flutter Mane\n|-activate|p2b: Flutter Mane|move: Protect\n|move|p1b: Roaring Moon|Acrobatics|p2a: Dusclops\n|-activate|p2a: Dusclops|move: Protect\n|\n|-weather|Snow|[upkeep]\n|upkeep\n|turn|11\n|\n|t:|1700511123\n|move|p2a: Dusclops|Night Shade|p1b: Roaring Moon\n|-damage|p1b: Roaring Moon|37\/100\n|move|p2b: Flutter Mane|Shadow Ball|p1a: Ninetales\n|-damage|p1a: Ninetales|47\/100\n|move|p1a: Ninetales|Encore|p2b: Flutter Mane\n|-start|p2b: Flutter Mane|Encore\n|move|p1b: Roaring Moon|Acrobatics|p2a: Dusclops\n|-damage|p2a: Dusclops|0 fnt\n|faint|p2a: Dusclops\n|\n|-weather|Snow|[upkeep]\n|upkeep\n|\n|t:|1700511137\n|switch|p2a: Glimmora|Glimmora, L50, F, shiny|100\/100\n|turn|12\n|\n|t:|1700511160\n|move|p2a: Glimmora|Sludge Bomb|p1a: Ninetales\n|-supereffective|p1a: Ninetales\n|-damage|p1a: Ninetales|0 fnt\n|faint|p1a: Ninetales\n|move|p2b: Flutter Mane|Shadow Ball|p1b: Roaring Moon\n|-damage|p1b: Roaring Moon|11\/100\n|-unboost|p1b: Roaring Moon|spd|1\n|move|p1b: Roaring Moon|Acrobatics|p2a: Glimmora\n|-resisted|p2a: Glimmora\n|-damage|p2a: Glimmora|69\/100\n|-activate|p2a: Glimmora|ability: Toxic Debris\n|-sidestart|p1: NzkanBzn|move: Toxic Spikes\n|\n|-weather|none\n|-heal|p2a: Glimmora|75\/100|[from] item: Leftovers\n|upkeep\n|turn|13\n|l|\u2606NzkanBzn\n|inactive|NzkanBzn disconnected and has a minute to reconnect!\n|player|p1|\n|inactive|NzkanBzn has 30 seconds left.\n|inactive|NzkanBzn has 20 seconds left.\n|inactive|NzkanBzn has 15 seconds left.\n|inactive|NzkanBzn has 10 seconds left.\n|inactive|NzkanBzn has 5 seconds left.\n|-message|NzkanBzn lost due to inactivity.\n|\n|win|krenitos\n|raw|NzkanBzn's rating: 1000 &rarr; <strong>1000<\/strong><br \/>(+0 for losing)\n|raw|krenitos's rating: 1107 &rarr; <strong>1125<\/strong><br \/>(+18 for winning)\n","uploadtime":1700511606,"views":3,"p1id":"nzkanbzn","p2id":"krenitos","formatid":"gen9vgc2023regulatione","rating":1000,"private":0,"password":""}