{"id":"gen9vgc2023regulatione-1990881410","p1":"Diabetic Daddy","p2":"BobbyBlueEyes","format":"[Gen 9] VGC 2023 Regulation E","log":"|j|\u2606Diabetic Daddy\n|j|\u2606BobbyBlueEyes\n|t:|1700010884\n|gametype|doubles\n|player|p1|Diabetic Daddy|gentleman|1176\n|player|p2|BobbyBlueEyes|gentleman-gen4|1183\n|teamsize|p1|6\n|teamsize|p2|6\n|gen|9\n|tier|[Gen 9] VGC 2023 Regulation E\n|rated|\n|rule|Species Clause: Limit one of each Pok\u00e9mon\n|rule|Item Clause: Limit one of each item\n|clearpoke\n|poke|p1|Goodra-Hisui, L50, F|\n|poke|p1|Pelipper, L50, F|\n|poke|p1|Sinistcha, L50|\n|poke|p1|Iron Hands, L50|\n|poke|p1|Dondozo, L50, M|\n|poke|p1|Tatsugiri, L50, M|\n|poke|p2|Thundurus, L50, M|\n|poke|p2|Iron Moth, L50|\n|poke|p2|Amoonguss, L50, M|\n|poke|p2|Iron Hands, L50|\n|poke|p2|Dragapult, L50, F|\n|poke|p2|Iron Bundle, L50|\n|teampreview|4\n|inactive|Battle timer is ON: inactive players will automatically lose when time's up. (requested by BobbyBlueEyes)\n|inactive|BobbyBlueEyes has 60 seconds left.\n|\n|t:|1700010919\n|start\n|switch|p1a: Bucket Mouth|Pelipper, L50, F|100\/100\n|switch|p1b: Dirty Dozo|Dondozo, L50, M|100\/100\n|switch|p2a: Iron Moth|Iron Moth, L50|100\/100\n|switch|p2b: Amoonguss|Amoonguss, L50, M|100\/100\n|-weather|RainDance|[from] ability: Drizzle|[of] p1a: Bucket Mouth\n|turn|1\n|\n|t:|1700010942\n|move|p2a: Iron Moth|U-turn|p1b: Dirty Dozo\n|-damage|p1b: Dirty Dozo|94\/100\n|\n|t:|1700010946\n|-end|p2a: Iron Moth|Quark Drive|[silent]\n|switch|p2a: Iron Hands|Iron Hands, L50|100\/100|[from] U-turn\n|move|p1a: Bucket Mouth|Weather Ball|p2a: Iron Hands\n|-damage|p2a: Iron Hands|40\/100\n|move|p1b: Dirty Dozo|Earthquake|p2a: Iron Hands|[spread] p2a,p2b\n|-immune|p1a: Bucket Mouth\n|-supereffective|p2a: Iron Hands\n|-damage|p2a: Iron Hands|15\/100\n|-damage|p2b: Amoonguss|81\/100\n|move|p2b: Amoonguss|Spore|p1b: Dirty Dozo\n|-status|p1b: Dirty Dozo|slp|[from] move: Spore\n|\n|-weather|RainDance|[upkeep]\n|-heal|p2a: Iron Hands|21\/100|[from] item: Leftovers\n|upkeep\n|turn|2\n|inactive|Diabetic Daddy has 30 seconds left.\n|\n|t:|1700010972\n|switch|p1b: No Hands|Iron Hands, L50|100\/100\n|move|p1a: Bucket Mouth|Protect|p1a: Bucket Mouth\n|-singleturn|p1a: Bucket Mouth|Protect\n|move|p2b: Amoonguss|Rage Powder|p2b: Amoonguss\n|-singleturn|p2b: Amoonguss|move: Rage Powder\n|move|p2a: Iron Hands|Wild Charge|p1a: Bucket Mouth\n|-activate|p1a: Bucket Mouth|move: Protect\n|\n|-weather|RainDance|[upkeep]\n|-heal|p2a: Iron Hands|27\/100|[from] item: Leftovers\n|upkeep\n|turn|3\n|\n|t:|1700010987\n|move|p1b: No Hands|Fake Out|p2a: Iron Hands\n|-damage|p2a: Iron Hands|18\/100\n|move|p2b: Amoonguss|Rage Powder|p2b: Amoonguss\n|-singleturn|p2b: Amoonguss|move: Rage Powder\n|move|p1a: Bucket Mouth|Hurricane|p2b: Amoonguss\n|-supereffective|p2b: Amoonguss\n|-damage|p2b: Amoonguss|8\/100\n|-enditem|p2b: Amoonguss|Sitrus Berry|[eat]\n|-heal|p2b: Amoonguss|33\/100|[from] item: Sitrus Berry\n|cant|p2a: Iron Hands|flinch\n|\n|-weather|RainDance|[upkeep]\n|-heal|p2a: Iron Hands|24\/100|[from] item: Leftovers\n|upkeep\n|turn|4\n|\n|t:|1700011004\n|move|p2a: Iron Hands|Protect|p2a: Iron Hands\n|-singleturn|p2a: Iron Hands|Protect\n|move|p1a: Bucket Mouth|Hurricane|p2b: Amoonguss\n|-supereffective|p2b: Amoonguss\n|-damage|p2b: Amoonguss|0 fnt\n|faint|p2b: Amoonguss\n|move|p1b: No Hands|Drain Punch|p2a: Iron Hands\n|-activate|p2a: Iron Hands|move: Protect\n|\n|-weather|RainDance|[upkeep]\n|-heal|p2a: Iron Hands|30\/100|[from] item: Leftovers\n|upkeep\n|\n|t:|1700011013\n|switch|p2b: Iron Bundle|Iron Bundle, L50|100\/100\n|turn|5\n|\n|t:|1700011036\n|move|p1a: Bucket Mouth|Protect|p1a: Bucket Mouth\n|-singleturn|p1a: Bucket Mouth|Protect\n|move|p2b: Iron Bundle|Freeze-Dry|p1a: Bucket Mouth\n|-activate|p1a: Bucket Mouth|move: Protect\n|move|p1b: No Hands|Drain Punch|p2a: Iron Hands\n|-damage|p2a: Iron Hands|4\/100\n|move|p2a: Iron Hands|Swords Dance|p2a: Iron Hands\n|-boost|p2a: Iron Hands|atk|2\n|\n|-weather|none\n|-heal|p2a: Iron Hands|10\/100|[from] item: Leftovers\n|upkeep\n|turn|6\n|inactive|Diabetic Daddy has 30 seconds left.\n|\n|t:|1700011070\n|switch|p1a: Dirty Dozo|Dondozo, L50, M|94\/100 slp\n|move|p2a: Iron Hands|Protect|p2a: Iron Hands\n|-singleturn|p2a: Iron Hands|Protect\n|move|p2b: Iron Bundle|Icy Wind|p1b: No Hands|[spread] p1a,p1b\n|-resisted|p1a: Dirty Dozo\n|-damage|p1a: Dirty Dozo|82\/100 slp\n|-damage|p1b: No Hands|88\/100\n|-unboost|p1a: Dirty Dozo|spe|1\n|-unboost|p1b: No Hands|spe|1\n|move|p1b: No Hands|Drain Punch|p2a: Iron Hands\n|-activate|p2a: Iron Hands|move: Protect\n|\n|-heal|p2a: Iron Hands|16\/100|[from] item: Leftovers\n|upkeep\n|turn|7\n|inactive|Diabetic Daddy has 30 seconds left.\n|\n|t:|1700011101\n|-terastallize|p1a: Dirty Dozo|Steel\n|cant|p1a: Dirty Dozo|slp\n|move|p2b: Iron Bundle|Icy Wind|p1a: Dirty Dozo|[spread] p1a,p1b\n|-resisted|p1a: Dirty Dozo\n|-damage|p1a: Dirty Dozo|69\/100 slp\n|-damage|p1b: No Hands|74\/100\n|-unboost|p1a: Dirty Dozo|spe|1\n|-unboost|p1b: No Hands|spe|1\n|move|p2a: Iron Hands|Drain Punch|p1a: Dirty Dozo\n|-supereffective|p1a: Dirty Dozo\n|-damage|p1a: Dirty Dozo|22\/100 slp\n|-heal|p2a: Iron Hands|37\/100|[from] drain|[of] p1a: Dirty Dozo\n|-enditem|p1a: Dirty Dozo|Sitrus Berry|[eat]\n|-heal|p1a: Dirty Dozo|46\/100 slp|[from] item: Sitrus Berry\n|move|p1b: No Hands|Drain Punch|p2a: Iron Hands\n|-damage|p2a: Iron Hands|11\/100\n|-heal|p1b: No Hands|88\/100|[from] drain|[of] p2a: Iron Hands\n|\n|-heal|p2a: Iron Hands|17\/100|[from] item: Leftovers\n|upkeep\n|turn|8\n|inactive|BobbyBlueEyes has 30 seconds left.\n|\n|t:|1700011131\n|-end|p1b: No Hands|Quark Drive|[silent]\n|switch|p1b: Giri|Tatsugiri, L50, M|100\/100\n|-activate|p1b: Giri|ability: Commander|[of] p1a: Dirty Dozo\n|-boost|p1a: Dirty Dozo|atk|2\n|-boost|p1a: Dirty Dozo|spa|2\n|-boost|p1a: Dirty Dozo|spe|2\n|-boost|p1a: Dirty Dozo|def|2\n|-boost|p1a: Dirty Dozo|spd|2\n|cant|p1a: Dirty Dozo|slp\n|move|p2b: Iron Bundle|Icy Wind|p1a: Dirty Dozo|[spread] p1a\n|-miss|p2b: Iron Bundle|p1b: Giri\n|-resisted|p1a: Dirty Dozo\n|-crit|p1a: Dirty Dozo\n|-damage|p1a: Dirty Dozo|30\/100 slp\n|-unboost|p1a: Dirty Dozo|spe|1\n|move|p2a: Iron Hands|Drain Punch|p1b: Giri|[miss]\n|-miss|p2a: Iron Hands|p1b: Giri\n|\n|-heal|p2a: Iron Hands|23\/100|[from] item: Leftovers\n|upkeep\n|turn|9\n|inactive|BobbyBlueEyes has 30 seconds left.\n|\n|t:|1700011161\n|cant|p1a: Dirty Dozo|slp\n|move|p2b: Iron Bundle|Taunt|p1a: Dirty Dozo\n|-start|p1a: Dirty Dozo|move: Taunt\n|move|p2a: Iron Hands|Drain Punch|p1a: Dirty Dozo\n|-supereffective|p1a: Dirty Dozo\n|-damage|p1a: Dirty Dozo|3\/100 slp\n|-heal|p2a: Iron Hands|35\/100|[from] drain|[of] p1a: Dirty Dozo\n|\n|-heal|p2a: Iron Hands|40\/100|[from] item: Leftovers\n|upkeep\n|turn|10\n|\n|t:|1700011174\n|move|p2b: Iron Bundle|Icy Wind|p1a: Dirty Dozo|[spread] p1a\n|-miss|p2b: Iron Bundle|p1b: Giri\n|-resisted|p1a: Dirty Dozo\n|-damage|p1a: Dirty Dozo|0 fnt\n|faint|p1a: Dirty Dozo\n|move|p2a: Iron Hands|Drain Punch|p1b: Giri\n|-damage|p1b: Giri|0 fnt\n|-heal|p2a: Iron Hands|69\/100|[from] drain|[of] p1b: Giri\n|faint|p1b: Giri\n|\n|-heal|p2a: Iron Hands|75\/100|[from] item: Leftovers\n|upkeep\n|\n|t:|1700011185\n|switch|p1b: Bucket Mouth|Pelipper, L50, F|100\/100\n|switch|p1a: No Hands|Iron Hands, L50|88\/100\n|-weather|RainDance|[from] ability: Drizzle|[of] p1b: Bucket Mouth\n|turn|11\n|\n|t:|1700011208\n|move|p1a: No Hands|Fake Out|p2b: Iron Bundle\n|-damage|p2b: Iron Bundle|80\/100\n|cant|p2b: Iron Bundle|flinch\n|move|p1b: Bucket Mouth|Weather Ball|p2a: Iron Hands\n|-damage|p2a: Iron Hands|21\/100\n|move|p2a: Iron Hands|Swords Dance|p2a: Iron Hands\n|-boost|p2a: Iron Hands|atk|2\n|\n|-weather|RainDance|[upkeep]\n|-heal|p2a: Iron Hands|27\/100|[from] item: Leftovers\n|upkeep\n|turn|12\n|\n|t:|1700011225\n|move|p1b: Bucket Mouth|Protect|p1b: Bucket Mouth\n|-singleturn|p1b: Bucket Mouth|Protect\n|move|p2a: Iron Hands|Protect|p2a: Iron Hands\n|-singleturn|p2a: Iron Hands|Protect\n|move|p2b: Iron Bundle|Icy Wind|p1a: No Hands|[spread] p1a\n|-activate|p1b: Bucket Mouth|move: Protect\n|-damage|p1a: No Hands|74\/100\n|-unboost|p1a: No Hands|spe|1\n|move|p1a: No Hands|Drain Punch|p2a: Iron Hands\n|-activate|p2a: Iron Hands|move: Protect\n|\n|-weather|RainDance|[upkeep]\n|-heal|p2a: Iron Hands|33\/100|[from] item: Leftovers\n|upkeep\n|turn|13\n|\n|t:|1700011244\n|move|p2b: Iron Bundle|Freeze-Dry|p1b: Bucket Mouth\n|-supereffective|p1b: Bucket Mouth\n|-enditem|p1b: Bucket Mouth|Focus Sash\n|-damage|p1b: Bucket Mouth|1\/100\n|-status|p1b: Bucket Mouth|frz\n|cant|p1b: Bucket Mouth|frz\n|move|p2a: Iron Hands|Drain Punch|p1a: No Hands\n|-damage|p1a: No Hands|0 fnt\n|-heal|p2a: Iron Hands|68\/100|[from] drain|[of] p1a: No Hands\n|faint|p1a: No Hands\n|-end|p1a: No Hands|Quark Drive|[silent]\n|\n|-weather|RainDance|[upkeep]\n|-heal|p2a: Iron Hands|73\/100|[from] item: Leftovers\n|upkeep\n|turn|14\n|-message|Diabetic Daddy forfeited.\n|\n|win|BobbyBlueEyes\n|raw|Diabetic Daddy's rating: 1176 &rarr; <strong>1152<\/strong><br \/>(-24 for losing)\n|raw|BobbyBlueEyes's rating: 1183 &rarr; <strong>1207<\/strong><br \/>(+24 for winning)\n|l|\u2606Diabetic Daddy\n","uploadtime":1700011502,"views":15,"p1id":"diabeticdaddy","p2id":"bobbyblueeyes","formatid":"gen9vgc2023regulatione","rating":1152,"private":0,"password":""}