{"id":"gen9vgc2023regulatione-1990909912","p1":"j1m13o","p2":"Lynarto","format":"[Gen 9] VGC 2023 Regulation E","log":"|j|\u2606j1m13o\n|j|\u2606Lynarto\n|t:|1700014070\n|gametype|doubles\n|player|p1|j1m13o|102|1123\n|player|p2|Lynarto|ltsurge|1208\n|teamsize|p1|6\n|teamsize|p2|6\n|gen|9\n|tier|[Gen 9] VGC 2023 Regulation E\n|rated|\n|rule|Species Clause: Limit one of each Pok\u00e9mon\n|rule|Item Clause: Limit one of each item\n|clearpoke\n|poke|p1|Ursaluna-Bloodmoon, L50, M|\n|poke|p1|Torkoal, L50, M|\n|poke|p1|Dusclops, L50, F|\n|poke|p1|Clefable, L50, F|\n|poke|p1|Golem-Alola, L50, M|\n|poke|p1|Lucario, L50, M|\n|poke|p2|Tsareena, L50, F|\n|poke|p2|Regieleki, L50|\n|poke|p2|Ninetales-Alola, L50, F|\n|poke|p2|Heatran, L50, M|\n|poke|p2|Baxcalibur, L50, F|\n|poke|p2|Landorus-Therian, L50, M|\n|teampreview|4\n|c|\u2606Lynarto|hf\n|\n|t:|1700014136\n|start\n|switch|p1a: Mr. Hands|Dusclops, L50, F|100\/100\n|switch|p1b: Clefable|Clefable, L50, F|100\/100\n|switch|p2a: Ninetales|Ninetales-Alola, L50, F|100\/100\n|switch|p2b: Heatran|Heatran, L50, M|100\/100\n|-weather|Snow|[from] ability: Snow Warning|[of] p2a: Ninetales\n|-item|p2a: Ninetales|Light Clay|[from] ability: Frisk|[of] p1a: Mr. Hands|[identify]\n|-item|p2b: Heatran|Assault Vest|[from] ability: Frisk|[of] p1a: Mr. Hands|[identify]\n|turn|1\n|\n|t:|1700014161\n|move|p1b: Clefable|Follow Me|p1b: Clefable\n|-singleturn|p1b: Clefable|move: Follow Me\n|move|p2a: Ninetales|Moonblast|p1b: Clefable\n|-damage|p1b: Clefable|79\/100\n|-enditem|p1b: Clefable|Eject Button\n|\n|t:|1700014165\n|switch|p1b: Ursaluna|Ursaluna-Bloodmoon, L50, M|100\/100\n|move|p2b: Heatran|Flash Cannon|p1b: Ursaluna\n|-damage|p1b: Ursaluna|51\/100\n|move|p1a: Mr. Hands|Trick Room|p1a: Mr. Hands\n|-fieldstart|move: Trick Room|[of] p1a: Mr. Hands\n|\n|-weather|Snow|[upkeep]\n|upkeep\n|turn|2\n|\n|t:|1700014181\n|switch|p2b: Landorus|Landorus-Therian, L50, M|100\/100\n|-ability|p2b: Landorus|Intimidate|boost\n|-unboost|p1a: Mr. Hands|atk|1\n|-unboost|p1b: Ursaluna|atk|1\n|move|p1a: Mr. Hands|Helping Hand|p1b: Ursaluna\n|-singleturn|p1b: Ursaluna|Helping Hand|[of] p1a: Mr. Hands\n|move|p1b: Ursaluna|Hyper Voice|p2a: Ninetales|[spread] p2a,p2b\n|-enditem|p1b: Ursaluna|Normal Gem|[from] gem\n|-damage|p2a: Ninetales|20\/100\n|-damage|p2b: Landorus|8\/100\n|move|p2a: Ninetales|Encore|p1a: Mr. Hands\n|-start|p1a: Mr. Hands|Encore\n|\n|-weather|Snow|[upkeep]\n|upkeep\n|turn|3\n|\n|t:|1700014213\n|-terastallize|p1b: Ursaluna|Normal\n|move|p1a: Mr. Hands|Helping Hand|p1b: Ursaluna\n|-singleturn|p1b: Ursaluna|Helping Hand|[of] p1a: Mr. Hands\n|move|p1b: Ursaluna|Hyper Voice|p2b: Landorus|[spread] p2a,p2b\n|-damage|p2a: Ninetales|0 fnt\n|-damage|p2b: Landorus|0 fnt\n|faint|p2a: Ninetales\n|faint|p2b: Landorus\n|\n|-weather|Snow|[upkeep]\n|upkeep\n|\n|t:|1700014223\n|switch|p2b: Heatran|Heatran, L50, M|100\/100\n|switch|p2a: Baxcalibur|Baxcalibur, L50, F|100\/100\n|turn|4\n|\n|t:|1700014242\n|-terastallize|p2b: Heatran|Fairy\n|move|p1a: Mr. Hands|Helping Hand|p1b: Ursaluna\n|-singleturn|p1b: Ursaluna|Helping Hand|[of] p1a: Mr. Hands\n|move|p1b: Ursaluna|Hyper Voice|p2a: Baxcalibur|[spread] p2a,p2b\n|-damage|p2a: Baxcalibur|27\/100\n|-damage|p2b: Heatran|44\/100\n|move|p2a: Baxcalibur|Icicle Spear|p1b: Ursaluna\n|-damage|p1b: Ursaluna|41\/100\n|-damage|p1b: Ursaluna|30\/100\n|-damage|p1b: Ursaluna|21\/100\n|-damage|p1b: Ursaluna|11\/100\n|-damage|p1b: Ursaluna|1\/100\n|-hitcount|p1b: Ursaluna|5\n|move|p2b: Heatran|Heat Wave|p1a: Mr. Hands|[spread] p1a,p1b\n|-damage|p1a: Mr. Hands|83\/100\n|-damage|p1b: Ursaluna|0 fnt\n|faint|p1b: Ursaluna\n|\n|-weather|Snow|[upkeep]\n|upkeep\n|\n|t:|1700014256\n|switch|p1b: Clefable|Clefable, L50, F|79\/100\n|turn|5\n|\n|t:|1700014266\n|move|p1a: Mr. Hands|Helping Hand|p1b: Clefable\n|-singleturn|p1b: Clefable|Helping Hand|[of] p1a: Mr. Hands\n|move|p2a: Baxcalibur|Protect|p2a: Baxcalibur\n|-singleturn|p2a: Baxcalibur|Protect\n|move|p1b: Clefable|Dazzling Gleam|p2b: Heatran|[spread] p2b\n|-activate|p2a: Baxcalibur|move: Protect\n|-damage|p2b: Heatran|24\/100\n|move|p2b: Heatran|Flash Cannon|p1b: Clefable\n|-supereffective|p1b: Clefable\n|-damage|p1b: Clefable|19\/100\n|\n|-weather|none\n|-end|p1a: Mr. Hands|Encore\n|-fieldend|move: Trick Room\n|upkeep\n|turn|6\n|\n|t:|1700014323\n|move|p1b: Clefable|Follow Me|p1b: Clefable\n|-singleturn|p1b: Clefable|move: Follow Me\n|move|p2b: Heatran|Flash Cannon|p1b: Clefable\n|-supereffective|p1b: Clefable\n|-damage|p1b: Clefable|0 fnt\n|faint|p1b: Clefable\n|move|p2a: Baxcalibur|Icicle Spear|p1a: Mr. Hands\n|-damage|p1a: Mr. Hands|73\/100\n|-damage|p1a: Mr. Hands|63\/100\n|-damage|p1a: Mr. Hands|52\/100\n|-damage|p1a: Mr. Hands|43\/100\n|-hitcount|p1a: Mr. Hands|4\n|move|p1a: Mr. Hands|Trick Room|p1a: Mr. Hands\n|-fieldstart|move: Trick Room|[of] p1a: Mr. Hands\n|\n|upkeep\n|\n|t:|1700014331\n|switch|p1b: Torkoal|Torkoal, L50, M|100\/100\n|-weather|SunnyDay|[from] ability: Drought|[of] p1b: Torkoal\n|turn|7\n|\n|t:|1700014357\n|move|p1a: Mr. Hands|Helping Hand|p1b: Torkoal\n|-singleturn|p1b: Torkoal|Helping Hand|[of] p1a: Mr. Hands\n|move|p1b: Torkoal|Eruption|p2b: Heatran|[spread] p2a\n|-start|p2b: Heatran|ability: Flash Fire\n|-damage|p2a: Baxcalibur|0 fnt\n|faint|p2a: Baxcalibur\n|move|p2b: Heatran|Earth Power|p1b: Torkoal\n|-supereffective|p1b: Torkoal\n|-damage|p1b: Torkoal|19\/100\n|\n|-weather|SunnyDay|[upkeep]\n|upkeep\n|turn|8\n|\n|t:|1700014383\n|move|p1a: Mr. Hands|Helping Hand|p1b: Torkoal\n|-singleturn|p1b: Torkoal|Helping Hand|[of] p1a: Mr. Hands\n|move|p1b: Torkoal|Earth Power|p2b: Heatran\n|-crit|p2b: Heatran\n|-damage|p2b: Heatran|0 fnt\n|faint|p2b: Heatran\n|\n|win|j1m13o\n|raw|j1m13o's rating: 1123 &rarr; <strong>1154<\/strong><br \/>(+31 for winning)\n|raw|Lynarto's rating: 1208 &rarr; <strong>1177<\/strong><br \/>(-31 for losing)\n","uploadtime":1700014388,"views":26,"p1id":"j1m13o","p2id":"lynarto","formatid":"gen9vgc2023regulatione","rating":1154,"private":0,"password":""}