{"id":"gen9vgc2023regulatione-1990283516","p1":"Th3D3b","p2":"Mariana Croth","format":"[Gen 9] VGC 2023 Regulation E","log":"|j|\u2606Th3D3b\n|j|\u2606Mariana Croth\n|t:|1699950430\n|gametype|doubles\n|player|p1|Th3D3b|170|1293\n|player|p2|Mariana Croth|acetrainer|1353\n|teamsize|p1|6\n|teamsize|p2|6\n|gen|9\n|tier|[Gen 9] VGC 2023 Regulation E\n|rated|\n|rule|Species Clause: Limit one of each Pok\u00e9mon\n|rule|Item Clause: Limit one of each item\n|clearpoke\n|poke|p1|Illumise, L50, F|\n|poke|p1|Farigiraf, L50, F|\n|poke|p1|Chi-Yu, L50|\n|poke|p1|Rillaboom, L50, M|\n|poke|p1|Flutter Mane, L50|\n|poke|p1|Kleavor, L50, M|\n|poke|p2|Tornadus, L50, M|\n|poke|p2|Flutter Mane, L50|\n|poke|p2|Landorus-Therian, L50, M|\n|poke|p2|Urshifu-*, L50, F|\n|poke|p2|Regidrago, L50|\n|poke|p2|Camerupt, L50, F|\n|teampreview|4\n|inactive|Battle timer is ON: inactive players will automatically lose when time's up. (requested by Mariana Croth)\n|\n|t:|1699950453\n|start\n|switch|p1a: Farigiraf|Farigiraf, L50, F|100\/100\n|switch|p1b: Flutter Mane|Flutter Mane, L50|100\/100\n|switch|p2a: Tornadus|Tornadus, L50, M|100\/100\n|switch|p2b: Regidrago|Regidrago, L50|100\/100\n|turn|1\n|inactive|Th3D3b has 30 seconds left.\n|inactive|Th3D3b has 20 seconds left.\n|inactive|Mariana Croth has 30 seconds left.\n|\n|t:|1699950491\n|switch|p2b: Landorus|Landorus-Therian, L50, M|100\/100\n|-ability|p2b: Landorus|Intimidate|boost\n|-unboost|p1a: Farigiraf|atk|1\n|-unboost|p1b: Flutter Mane|atk|1\n|move|p2a: Tornadus|Sunny Day|p2a: Tornadus\n|-weather|SunnyDay\n|-activate|p1b: Flutter Mane|ability: Protosynthesis\n|-start|p1b: Flutter Mane|protosynthesisspe\n|move|p1b: Flutter Mane|Dazzling Gleam|p2b: Landorus|[spread] p2a,p2b\n|-damage|p2a: Tornadus|50\/100\n|-damage|p2b: Landorus|62\/100\n|-enditem|p2a: Tornadus|Sitrus Berry|[eat]\n|-heal|p2a: Tornadus|75\/100|[from] item: Sitrus Berry\n|move|p1a: Farigiraf|Trick Room|p1a: Farigiraf\n|-fieldstart|move: Trick Room|[of] p1a: Farigiraf\n|\n|-weather|SunnyDay|[upkeep]\n|upkeep\n|turn|2\n|inactive|Th3D3b has 30 seconds left.\n|\n|t:|1699950520\n|move|p1a: Farigiraf|Psychic|p2a: Tornadus\n|-crit|p2a: Tornadus\n|-damage|p2a: Tornadus|20\/100\n|move|p2a: Tornadus|Bleakwind Storm|p1b: Flutter Mane|[spread] p1a\n|-miss|p2a: Tornadus|p1b: Flutter Mane\n|-crit|p1a: Farigiraf\n|-damage|p1a: Farigiraf|54\/100\n|-unboost|p1a: Farigiraf|spe|1\n|move|p2b: Landorus|U-turn|p1a: Farigiraf\n|-supereffective|p1a: Farigiraf\n|-damage|p1a: Farigiraf|9\/100\n|-enditem|p1a: Farigiraf|Sitrus Berry|[eat]\n|-heal|p1a: Farigiraf|34\/100|[from] item: Sitrus Berry\n|\n|t:|1699950523\n|switch|p2b: Camerupt|Camerupt, L50, F|100\/100|[from] U-turn\n|move|p1b: Flutter Mane|Dazzling Gleam|p2b: Camerupt|[spread] p2a,p2b\n|-resisted|p2b: Camerupt\n|-damage|p2a: Tornadus|0 fnt\n|-damage|p2b: Camerupt|71\/100\n|faint|p2a: Tornadus\n|\n|-weather|SunnyDay|[upkeep]\n|upkeep\n|\n|t:|1699950528\n|switch|p2a: Landorus|Landorus-Therian, L50, M|62\/100\n|-ability|p2a: Landorus|Intimidate|boost\n|-unboost|p1a: Farigiraf|atk|1\n|-unboost|p1b: Flutter Mane|atk|1\n|turn|3\n|inactive|Th3D3b has 30 seconds left.\n|\n|t:|1699950556\n|-terastallize|p2b: Camerupt|Fire\n|move|p2b: Camerupt|Eruption|p1b: Flutter Mane|[spread] p1a,p1b\n|-damage|p1a: Farigiraf|0 fnt\n|-damage|p1b: Flutter Mane|5\/100\n|faint|p1a: Farigiraf\n|move|p2a: Landorus|Stomping Tantrum|p1b: Flutter Mane\n|-damage|p1b: Flutter Mane|0 fnt\n|faint|p1b: Flutter Mane\n|-end|p1b: Flutter Mane|Protosynthesis|[silent]\n|\n|-weather|SunnyDay|[upkeep]\n|upkeep\n|\n|t:|1699950564\n|switch|p1a: Rillaboom|Rillaboom, L50, M|100\/100\n|switch|p1b: Chi-Yu|Chi-Yu, L50|100\/100\n|-fieldstart|move: Grassy Terrain|[from] ability: Grassy Surge|[of] p1a: Rillaboom\n|-ability|p1b: Chi-Yu|Beads of Ruin\n|turn|4\n|\n|t:|1699950578\n|-terastallize|p1a: Rillaboom|Fire\n|move|p2b: Camerupt|Protect|p2b: Camerupt\n|-singleturn|p2b: Camerupt|Protect\n|move|p1a: Rillaboom|Fake Out|p2b: Camerupt\n|-activate|p2b: Camerupt|move: Protect\n|move|p2a: Landorus|Rock Slide|p1a: Rillaboom|[spread] p1a,p1b\n|-supereffective|p1a: Rillaboom\n|-supereffective|p1b: Chi-Yu\n|-damage|p1a: Rillaboom|63\/100\n|-damage|p1b: Chi-Yu|35\/100\n|cant|p1b: Chi-Yu|flinch\n|\n|-weather|SunnyDay|[upkeep]\n|-heal|p2b: Camerupt|77\/100|[from] Grassy Terrain\n|-heal|p1a: Rillaboom|69\/100|[from] Grassy Terrain\n|-heal|p1b: Chi-Yu|41\/100|[from] Grassy Terrain\n|upkeep\n|turn|5\n|\n|t:|1699950597\n|move|p1a: Rillaboom|Grassy Glide|p2a: Landorus\n|-damage|p2a: Landorus|23\/100\n|move|p2b: Camerupt|Earth Power|p1a: Rillaboom\n|-supereffective|p1a: Rillaboom\n|-damage|p1a: Rillaboom|0 fnt\n|faint|p1a: Rillaboom\n|move|p2a: Landorus|Stomping Tantrum|p1b: Chi-Yu\n|-supereffective|p1b: Chi-Yu\n|-damage|p1b: Chi-Yu|0 fnt\n|faint|p1b: Chi-Yu\n|\n|win|Mariana Croth\n|raw|Th3D3b's rating: 1293 &rarr; <strong>1272<\/strong><br \/>(-21 for losing)\n|raw|Mariana Croth's rating: 1353 &rarr; <strong>1370<\/strong><br \/>(+17 for winning)\n","uploadtime":1699950602,"views":17,"p1id":"th3d3b","p2id":"marianacroth","formatid":"gen9vgc2023regulatione","rating":1272,"private":0,"password":""}