{"id":"gen9vgc2023regulatione-1988608341","p1":"Kizrhzk","p2":"puli95","format":"[Gen 9] VGC 2023 Regulation E","log":"|j|\u2606Kizrhzk\n|j|\u2606puli95\n|t:|1699741461\n|gametype|doubles\n|player|p1|Kizrhzk|lance|1144\n|player|p2|puli95|101|1238\n|teamsize|p1|6\n|teamsize|p2|6\n|gen|9\n|tier|[Gen 9] VGC 2023 Regulation E\n|rated|\n|rule|Species Clause: Limit one of each Pok\u00e9mon\n|rule|Item Clause: Limit one of each item\n|clearpoke\n|poke|p1|Flutter Mane, L50|\n|poke|p1|Tornadus, L50, M|\n|poke|p1|Rillaboom, L50, F|\n|poke|p1|Garganacl, L50, M|\n|poke|p1|Arcanine-Hisui, L50, M|\n|poke|p1|Chien-Pao, L50|\n|poke|p2|Ting-Lu, L50|\n|poke|p2|Gyarados, L50, M|\n|poke|p2|Klefki, L50, M|\n|poke|p2|Amoonguss, L50, M|\n|poke|p2|Mimikyu, L50, M|\n|poke|p2|Talonflame, L50, F|\n|teampreview|4\npuli95 rejected open team sheets.\n|inactive|Battle timer is ON: inactive players will automatically lose when time's up. (requested by Kizrhzk)\n|\n|t:|1699741507\n|start\n|switch|p1a: Tornadus|Tornadus, L50, M|100\/100\n|switch|p1b: Garganacl|Garganacl, L50, M|100\/100\n|switch|p2a: Ting-Lu|Ting-Lu, L50|100\/100\n|switch|p2b: Mimikyu|Mimikyu, L50, M|100\/100\n|-ability|p2a: Ting-Lu|Vessel of Ruin\n|turn|1\n|inactive|puli95 has 30 seconds left.\n|\n|t:|1699741540\n|-terastallize|p1b: Garganacl|Ghost\n|move|p1a: Tornadus|Bleakwind Storm|p2b: Mimikyu|[spread] p2a,p2b\n|-damage|p2a: Ting-Lu|82\/100\n|-activate|p2b: Mimikyu|ability: Disguise\n|-damage|p2b: Mimikyu|100\/100\n|-unboost|p2a: Ting-Lu|spe|1\n|detailschange|p2b: Mimikyu|Mimikyu-Busted, L50, M\n|-damage|p2b: Mimikyu|89\/100|[from] pokemon: Mimikyu-Busted\n|move|p2b: Mimikyu|Play Rough|p1a: Tornadus\n|-damage|p1a: Tornadus|52\/100\n|-damage|p2b: Mimikyu|72\/100|[from] item: Rocky Helmet|[of] p1a: Tornadus\n|-damage|p2b: Mimikyu|62\/100|[from] item: Life Orb\n|move|p1b: Garganacl|Iron Defense|p1b: Garganacl\n|-boost|p1b: Garganacl|def|2\n|move|p2a: Ting-Lu|Payback|p1a: Tornadus\n|-damage|p1a: Tornadus|4\/100\n|-damage|p2a: Ting-Lu|66\/100|[from] item: Rocky Helmet|[of] p1a: Tornadus\n|\n|upkeep\n|turn|2\n|inactive|puli95 has 30 seconds left.\n|\n|t:|1699741569\n|move|p1b: Garganacl|Protect|p1b: Garganacl\n|-singleturn|p1b: Garganacl|Protect\n|move|p1a: Tornadus|Tailwind|p1a: Tornadus\n|-sidestart|p1: Kizrhzk|move: Tailwind\n|move|p2b: Mimikyu|Play Rough|p1b: Garganacl\n|-activate|p1b: Garganacl|move: Protect\n|move|p2a: Ting-Lu|Payback|p1b: Garganacl\n|-activate|p1b: Garganacl|move: Protect\n|\n|upkeep\n|turn|3\n|\n|t:|1699741586\n|move|p1a: Tornadus|Bleakwind Storm|p2b: Mimikyu|[spread] p2a\n|-miss|p1a: Tornadus|p2b: Mimikyu\n|-damage|p2a: Ting-Lu|49\/100\n|-unboost|p2a: Ting-Lu|spe|1\n|move|p2b: Mimikyu|Play Rough|p1b: Garganacl\n|-damage|p1b: Garganacl|86\/100\n|-damage|p2b: Mimikyu|52\/100|[from] item: Life Orb\n|move|p1b: Garganacl|Iron Defense|p1b: Garganacl\n|-boost|p1b: Garganacl|def|2\n|move|p2a: Ting-Lu|Payback|p1b: Garganacl\n|-supereffective|p1b: Garganacl\n|-damage|p1b: Garganacl|69\/100\n|\n|upkeep\n|turn|4\n|\n|t:|1699741610\n|move|p1a: Tornadus|Bleakwind Storm|p2b: Mimikyu|[spread] p2a,p2b\n|-damage|p2a: Ting-Lu|29\/100\n|-damage|p2b: Mimikyu|26\/100\n|move|p2b: Mimikyu|Play Rough|p1b: Garganacl\n|-damage|p1b: Garganacl|60\/100\n|-damage|p2b: Mimikyu|16\/100|[from] item: Life Orb\n|move|p1b: Garganacl|Salt Cure|p2b: Mimikyu\n|-damage|p2b: Mimikyu|2\/100\n|-start|p2b: Mimikyu|Salt Cure\n|move|p2a: Ting-Lu|Payback|p1a: Tornadus\n|-damage|p1a: Tornadus|0 fnt\n|-damage|p2a: Ting-Lu|13\/100|[from] item: Rocky Helmet|[of] p1a: Tornadus\n|faint|p1a: Tornadus\n|\n|-damage|p2b: Mimikyu|0 fnt|[from] Salt Cure\n|faint|p2b: Mimikyu\n|upkeep\n|inactive|puli95 has 30 seconds left.\n|\n|t:|1699741636\n|switch|p1a: Arcanine|Arcanine-Hisui, L50, M|100\/100\n|switch|p2b: Gyarados|Gyarados, L50, M|100\/100\n|-ability|p1a: Arcanine|Intimidate|boost\n|-unboost|p2a: Ting-Lu|atk|1\n|-fail|p2b: Gyarados|unboost|[from] item: Clear Amulet|[of] p2b: Gyarados\n|-ability|p2b: Gyarados|Intimidate|boost\n|-unboost|p1a: Arcanine|atk|1\n|-unboost|p1b: Garganacl|atk|1\n|turn|5\n|\n|t:|1699741656\n|move|p2a: Ting-Lu|Protect|p2a: Ting-Lu\n|-singleturn|p2a: Ting-Lu|Protect\n|move|p1a: Arcanine|Head Smash|p2b: Gyarados\n|-supereffective|p2b: Gyarados\n|-damage|p2b: Gyarados|0 fnt\n|faint|p2b: Gyarados\n|-damage|p1a: Arcanine|49\/100|[from] Recoil\n|move|p1b: Garganacl|Salt Cure|p2a: Ting-Lu\n|-activate|p2a: Ting-Lu|move: Protect\n|\n|-sideend|p1: Kizrhzk|move: Tailwind\n|upkeep\n|\n|t:|1699741667\n|switch|p2b: Amoonguss|Amoonguss, L50, M|100\/100\n|turn|6\n|\n|t:|1699741680\n|move|p2b: Amoonguss|Rage Powder|p2b: Amoonguss\n|-singleturn|p2b: Amoonguss|move: Rage Powder\n|move|p1a: Arcanine|Head Smash|p2b: Amoonguss\n|-damage|p2b: Amoonguss|40\/100\n|-damage|p1a: Arcanine|32\/100|[from] item: Rocky Helmet|[of] p2b: Amoonguss\n|-damage|p1a: Arcanine|0 fnt|[from] Recoil\n|faint|p1a: Arcanine\n|move|p1b: Garganacl|Salt Cure|p2b: Amoonguss\n|-damage|p2b: Amoonguss|33\/100\n|-start|p2b: Amoonguss|Salt Cure\n|move|p2a: Ting-Lu|Stomping Tantrum|p1b: Garganacl\n|-damage|p1b: Garganacl|55\/100\n|\n|-damage|p2b: Amoonguss|21\/100|[from] Salt Cure\n|upkeep\n|\n|t:|1699741684\n|switch|p1a: Flutter Mane|Flutter Mane, L50|100\/100\n|-enditem|p1a: Flutter Mane|Booster Energy\n|-activate|p1a: Flutter Mane|ability: Protosynthesis|[fromitem]\n|-start|p1a: Flutter Mane|protosynthesisspe\n|turn|7\n|-message|puli95 forfeited.\n|\n|win|Kizrhzk\n|raw|Kizrhzk's rating: 1144 &rarr; <strong>1176<\/strong><br \/>(+32 for winning)\n|raw|puli95's rating: 1238 &rarr; <strong>1206<\/strong><br \/>(-32 for losing)\n|l|\u2606puli95\n","uploadtime":1699741700,"views":13,"p1id":"kizrhzk","p2id":"puli95","formatid":"gen9vgc2023regulatione","rating":1176,"private":0,"password":""}