{"id":"gen9vgc2023regulatione-2000126511","p1":"Pizzamemes123","p2":"It4li4n St4llion","format":"[Gen 9] VGC 2023 Regulation E","log":"|j|\u2606Pizzamemes123\n|j|\u2606It4li4n St4llion\n|t:|1701159589\n|gametype|doubles\n|player|p1|Pizzamemes123|steven|1156\n|player|p2|It4li4n St4llion|clemont|1127\n|teamsize|p1|6\n|teamsize|p2|6\n|gen|9\n|tier|[Gen 9] VGC 2023 Regulation E\n|rated|\n|rule|Species Clause: Limit one of each Pok\u00e9mon\n|rule|Item Clause: Limit one of each item\n|clearpoke\n|poke|p1|Indeedee-F, L50, F|\n|poke|p1|Armarouge, L50, M|\n|poke|p1|Chi-Yu, L50|\n|poke|p1|Flutter Mane, L50|\n|poke|p1|Kingambit, L50, F|\n|poke|p1|Thundurus, L50, M|\n|poke|p2|Rillaboom, L50, F|\n|poke|p2|Chien-Pao, L50|\n|poke|p2|Heatran, L50, F|\n|poke|p2|Enamorus, L50, F|\n|poke|p2|Farigiraf, L50, F|\n|poke|p2|Clodsire, L50, M|\n|teampreview|4\n|inactive|Battle timer is ON: inactive players will automatically lose when time's up. (requested by It4li4n St4llion)\nIt4li4n St4llion has agreed to open team sheets.\n|\n|t:|1701159629\n|start\n|switch|p1a: Thundurus|Thundurus, L50, M|100\/100\n|switch|p1b: Chi-Yu|Chi-Yu, L50|100\/100\n|switch|p2a: Clodsire|Clodsire, L50, M|100\/100\n|switch|p2b: Farigiraf|Farigiraf, L50, F|100\/100\n|-ability|p1b: Chi-Yu|Beads of Ruin\n|turn|1\n|inactive|It4li4n St4llion has 30 seconds left.\n|inactive|It4li4n St4llion has 20 seconds left.\n|\n|t:|1701159667\n|-terastallize|p2b: Farigiraf|Fire\n|move|p1b: Chi-Yu|Dark Pulse|p2b: Farigiraf\n|-damage|p2b: Farigiraf|25\/100\n|move|p1a: Thundurus|Wildbolt Storm|p2a: Clodsire|[spread] p2b\n|-immune|p2a: Clodsire\n|-damage|p2b: Farigiraf|0 fnt\n|faint|p2b: Farigiraf\n|move|p2a: Clodsire|Stockpile|p2a: Clodsire\n|-start|p2a: Clodsire|stockpile1\n|-boost|p2a: Clodsire|def|1\n|-boost|p2a: Clodsire|spd|1\n|\n|upkeep\n|\n|t:|1701159682\n|switch|p2b: Heatran|Heatran, L50, F|100\/100\n|turn|2\n|\n|t:|1701159696\n|move|p1a: Thundurus|Taunt|p2a: Clodsire\n|-start|p2a: Clodsire|move: Taunt\n|move|p1b: Chi-Yu|Dark Pulse|p2b: Heatran\n|-damage|p2b: Heatran|30\/100\n|move|p2b: Heatran|Substitute|p2b: Heatran\n|-start|p2b: Heatran|Substitute\n|-damage|p2b: Heatran|5\/100\n|cant|p2a: Clodsire|move: Taunt|Stockpile\n|\n|-heal|p2b: Heatran|11\/100|[from] item: Leftovers\n|upkeep\n|turn|3\n|inactive|Pizzamemes123 has 30 seconds left.\n|\n|t:|1701159721\n|move|p1a: Thundurus|Taunt|p2b: Heatran\n|-start|p2b: Heatran|move: Taunt\n|move|p1b: Chi-Yu|Dark Pulse|p2b: Heatran\n|-end|p2b: Heatran|Substitute\n|move|p2b: Heatran|Earth Power|p1b: Chi-Yu\n|-supereffective|p1b: Chi-Yu\n|-damage|p1b: Chi-Yu|24\/100\n|move|p2a: Clodsire|Earthquake|p1a: Thundurus|[spread] p2b,p1b\n|-immune|p1a: Thundurus\n|-supereffective|p2b: Heatran\n|-supereffective|p1b: Chi-Yu\n|-damage|p2b: Heatran|0 fnt\n|-damage|p1b: Chi-Yu|0 fnt\n|faint|p2b: Heatran\n|faint|p1b: Chi-Yu\n|\n|upkeep\n|\n|t:|1701159745\n|switch|p1b: Flutter Mane|Flutter Mane, L50|100\/100\n|switch|p2b: Enamorus|Enamorus, L50, F|100\/100\n|-enditem|p1b: Flutter Mane|Booster Energy\n|-activate|p1b: Flutter Mane|ability: Protosynthesis|[fromitem]\n|-start|p1b: Flutter Mane|protosynthesisspe\n|turn|4\n|\n|t:|1701159760\n|move|p1b: Flutter Mane|Protect|p1b: Flutter Mane\n|-singleturn|p1b: Flutter Mane|Protect\n|move|p1a: Thundurus|Thunder Wave|p2b: Enamorus\n|-status|p2b: Enamorus|par\n|move|p2b: Enamorus|Dazzling Gleam|p1b: Flutter Mane|[spread] p1a\n|-activate|p1b: Flutter Mane|move: Protect\n|-damage|p1a: Thundurus|76\/100\n|move|p2a: Clodsire|Earthquake|p1b: Flutter Mane|[spread] \n|-activate|p1b: Flutter Mane|move: Protect\n|-immune|p2b: Enamorus\n|-immune|p1a: Thundurus\n|\n|-end|p2a: Clodsire|move: Taunt\n|upkeep\n|turn|5\n|\n|t:|1701159778\n|move|p1b: Flutter Mane|Shadow Ball|p2a: Clodsire\n|-damage|p2a: Clodsire|79\/100\n|-unboost|p2a: Clodsire|spd|1\n|move|p1a: Thundurus|Wildbolt Storm|p2a: Clodsire|[spread] p2b\n|-immune|p2a: Clodsire\n|-supereffective|p2b: Enamorus\n|-damage|p2b: Enamorus|31\/100 par\n|-enditem|p2b: Enamorus|Sitrus Berry|[eat]\n|-heal|p2b: Enamorus|56\/100 par|[from] item: Sitrus Berry\n|move|p2b: Enamorus|Dazzling Gleam|p1b: Flutter Mane|[spread] p1a,p1b\n|-damage|p1a: Thundurus|55\/100\n|-damage|p1b: Flutter Mane|72\/100\n|move|p2a: Clodsire|Earthquake|p1a: Thundurus|[spread] p1b\n|-immune|p2b: Enamorus\n|-immune|p1a: Thundurus\n|-damage|p1b: Flutter Mane|25\/100\n|\n|upkeep\n|turn|6\n|inactive|It4li4n St4llion has 30 seconds left.\n|\n|t:|1701159810\n|move|p1b: Flutter Mane|Shadow Ball|p2a: Clodsire\n|-damage|p2a: Clodsire|49\/100\n|-unboost|p2a: Clodsire|spd|1\n|move|p1a: Thundurus|Wildbolt Storm|p2a: Clodsire|[spread] p2b\n|-immune|p2a: Clodsire\n|-supereffective|p2b: Enamorus\n|-damage|p2b: Enamorus|0 fnt\n|faint|p2b: Enamorus\n|move|p2a: Clodsire|Earthquake|p1a: Thundurus|[spread] p1b\n|-immune|p1a: Thundurus\n|-damage|p1b: Flutter Mane|0 fnt\n|faint|p1b: Flutter Mane\n|-end|p1b: Flutter Mane|Protosynthesis|[silent]\n|\n|upkeep\n|\n|t:|1701159816\n|switch|p1b: Kingambit|Kingambit, L50, F|100\/100\n|turn|7\n|\n|t:|1701159826\n|-terastallize|p1b: Kingambit|Flying\n|move|p1a: Thundurus|Taunt|p2a: Clodsire\n|-start|p2a: Clodsire|move: Taunt\n|move|p1b: Kingambit|Swords Dance|p1b: Kingambit\n|-boost|p1b: Kingambit|atk|2\n|cant|p2a: Clodsire|move: Taunt|Recover\n|\n|upkeep\n|turn|8\n|\n|t:|1701159840\n|move|p1a: Thundurus|Sunny Day|p1a: Thundurus\n|-weather|SunnyDay\n|move|p1b: Kingambit|Kowtow Cleave|p2a: Clodsire\n|-damage|p2a: Clodsire|0 fnt\n|-damage|p1b: Kingambit|84\/100|[from] item: Rocky Helmet|[of] p2a: Clodsire\n|faint|p2a: Clodsire\n|\n|win|Pizzamemes123\n|raw|Pizzamemes123's rating: 1156 &rarr; <strong>1179<\/strong><br \/>(+23 for winning)\n|raw|It4li4n St4llion's rating: 1127 &rarr; <strong>1104<\/strong><br \/>(-23 for losing)\n|l|\u2606Pizzamemes123\n","uploadtime":1701159851,"views":9,"p1id":"pizzamemes123","p2id":"it4li4nst4llion","formatid":"gen9vgc2023regulatione","rating":1104,"private":0,"password":""}