{"id":"gen9vgc2023regulatione-1995285499","p1":"hsts12345","p2":"magicalarcher57","format":"[Gen 9] VGC 2023 Regulation E","log":"|j|\u2606hsts12345\n|j|\u2606magicalarcher57\n|t:|1700546906\n|gametype|doubles\n|player|p1|hsts12345|cynthia-gen4|\n|player|p2|magicalarcher57|cynthia-gen4|\n|teamsize|p1|6\n|teamsize|p2|6\n|gen|9\n|tier|[Gen 9] VGC 2023 Regulation E\n|rated|Tournament battle\n|rule|Species Clause: Limit one of each Pok\u00e9mon\n|rule|Item Clause: Limit one of each item\n|clearpoke\n|poke|p1|Flutter Mane, L50|\n|poke|p1|Chien-Pao, L50|\n|poke|p1|Chi-Yu, L50|\n|poke|p1|Tornadus, L50, M|\n|poke|p1|Urshifu-*, L50, F|\n|poke|p1|Heatran, L50, F|\n|poke|p2|Tornadus, L50, M|\n|poke|p2|Rillaboom, L50, M|\n|poke|p2|Basculegion, L50, M|\n|poke|p2|Gholdengo, L50|\n|poke|p2|Chi-Yu, L50|\n|poke|p2|Flutter Mane, L50|\n|teampreview|4\n|showteam|p1|Flutter Mane||FocusSash|Protosynthesis|Protect,TrickRoom,Imprison,Moonblast||||||50|,,,,,Dark]Chien-Pao||ClearAmulet|SwordofRuin|Protect,SacredSword,IceSpinner,SuckerPunch||||||50|,,,,,Ghost]Chi-Yu||AssaultVest|BeadsofRuin|HeatWave,Overheat,DarkPulse,Snarl||||||50|,,,,,Fire]Tornadus||CovertCloak|Prankster|Tailwind,RainDance,BleakwindStorm,Taunt|||M|||50|,,,,,Water]Urshifu-Rapid-Strike||ChoiceScarf|UnseenFist|CloseCombat,Uturn,SurgingStrikes,IceSpinner|||F|||50|,,,,,Water]Heatran||LifeOrb|FlashFire|Protect,HeatWave,EarthPower,TeraBlast|||F|||50|,,,,,Grass\n|showteam|p2|Tornadus||MentalHerb|Prankster|BleakwindStorm,Tailwind,Taunt,Protect|||M|||50|,,,,,Ghost]Rillaboom||AssaultVest|GrassySurge|GrassyGlide,WoodHammer,Uturn,FakeOut|||M|||50|,,,,,Fire]Basculegion||SpookyPlate|Adaptability|Protect,AquaJet,LastRespects,WaveCrash|||M|||50|,,,,,Dragon]Gholdengo||Leftovers|GoodasGold|NastyPlot,Protect,ShadowBall,MakeItRain||||||50|,,,,,Water]Chi-Yu||ChoiceSpecs|BeadsofRuin|DarkPulse,HeatWave,Snarl,Protect||||||50|,,,,,Water]Flutter Mane||BoosterEnergy|Protosynthesis|DazzlingGleam,Protect,ShadowBall,Moonblast||||||50|,,,,,Fairy\n|j| FatalEspresso\n|j| StarCraft kid \u2717\n|j| Flarefox_7\n|j| speedrunlegend\n|j| KnighLt\n|inactive|Battle timer is ON: inactive players will automatically lose when time's up. (requested by hsts12345)\n|\n|t:|1700546950\n|start\n|switch|p1a: Tornadus|Tornadus, L50, M|100\/100\n|switch|p1b: Heatran|Heatran, L50, F|100\/100\n|switch|p2a: Tornadus|Tornadus, L50, M|100\/100\n|switch|p2b: Gholdengo|Gholdengo, L50|100\/100\n|turn|1\n|j|%Radio Free C-Side\n|\n|t:|1700546971\n|-terastallize|p2b: Gholdengo|Water\n|move|p2a: Tornadus|Tailwind|p2a: Tornadus\n|-sidestart|p2: magicalarcher57|move: Tailwind\n|move|p2b: Gholdengo|Nasty Plot|p2b: Gholdengo\n|-boost|p2b: Gholdengo|spa|2\n|move|p1a: Tornadus|Bleakwind Storm|p2b: Gholdengo|[spread] p2a,p2b\n|-damage|p2a: Tornadus|61\/100\n|-damage|p2b: Gholdengo|63\/100\n|move|p1b: Heatran|Heat Wave|p2a: Tornadus|[spread] p2a,p2b\n|-resisted|p2b: Gholdengo\n|-damage|p2a: Tornadus|0 fnt\n|-damage|p2b: Gholdengo|34\/100\n|faint|p2a: Tornadus\n|-damage|p1b: Heatran|91\/100|[from] item: Life Orb\n|\n|-heal|p2b: Gholdengo|40\/100|[from] item: Leftovers\n|upkeep\n|\n|t:|1700546982\n|switch|p2a: Basculegion|Basculegion, L50, M|100\/100\n|turn|2\n|j| Super Melusine\n|\n|t:|1700546998\n|-terastallize|p1b: Heatran|Grass\n|move|p2b: Gholdengo|Protect|p2b: Gholdengo\n|-singleturn|p2b: Gholdengo|Protect\n|move|p1a: Tornadus|Tailwind|p1a: Tornadus\n|-sidestart|p1: hsts12345|move: Tailwind\n|move|p1b: Heatran|Tera Blast|p2b: Gholdengo|[anim] Tera Blast Grass\n|-activate|p2b: Gholdengo|move: Protect\n|move|p2a: Basculegion|Wave Crash|p1b: Heatran\n|-resisted|p1b: Heatran\n|-damage|p1b: Heatran|53\/100\n|-damage|p2a: Basculegion|91\/100|[from] Recoil\n|\n|-heal|p2b: Gholdengo|46\/100|[from] item: Leftovers\n|upkeep\n|turn|3\n|\n|t:|1700547006\n|move|p1b: Heatran|Protect|p1b: Heatran\n|-singleturn|p1b: Heatran|Protect\n|move|p2b: Gholdengo|Make It Rain|p1b: Heatran|[spread] p1a\n|-activate|p1b: Heatran|move: Protect\n|-damage|p1a: Tornadus|0 fnt\n|-unboost|p2b: Gholdengo|spa|1\n|faint|p1a: Tornadus\n|move|p2a: Basculegion|Last Respects|p1b: Heatran\n|-activate|p1b: Heatran|move: Protect\n|\n|-heal|p2b: Gholdengo|52\/100|[from] item: Leftovers\n|upkeep\n|j| LifeOrbPex\n|\n|t:|1700547019\n|switch|p1a: Chien-Pao|Chien-Pao, L50|100\/100\n|-ability|p1a: Chien-Pao|Sword of Ruin\n|turn|4\n|\n|t:|1700547028\n|move|p1a: Chien-Pao|Sucker Punch|p2a: Basculegion\n|-supereffective|p2a: Basculegion\n|-damage|p2a: Basculegion|0 fnt\n|faint|p2a: Basculegion\n|move|p2b: Gholdengo|Make It Rain|p1b: Heatran|[spread] p1a,p1b\n|-supereffective|p1a: Chien-Pao\n|-damage|p1a: Chien-Pao|0 fnt\n|-damage|p1b: Heatran|0 fnt\n|-unboost|p2b: Gholdengo|spa|1\n|faint|p1a: Chien-Pao\n|faint|p1b: Heatran\n|\n|-heal|p2b: Gholdengo|59\/100|[from] item: Leftovers\n|-sideend|p2: magicalarcher57|move: Tailwind\n|upkeep\n|\n|t:|1700547036\n|switch|p1b: Urshifu|Urshifu-Rapid-Strike, L50, F|100\/100\n|switch|p2a: Chi-Yu|Chi-Yu, L50|100\/100\n|-ability|p2a: Chi-Yu|Beads of Ruin\n|turn|5\n|j| 4KuserVGC\n|c|\u2606magicalarcher57|O\n|\n|t:|1700547045\n|move|p1b: Urshifu|Surging Strikes|p2a: Chi-Yu\n|-supereffective|p2a: Chi-Yu\n|-crit|p2a: Chi-Yu\n|-damage|p2a: Chi-Yu|22\/100\n|-supereffective|p2a: Chi-Yu\n|-crit|p2a: Chi-Yu\n|-damage|p2a: Chi-Yu|0 fnt\n|faint|p2a: Chi-Yu\n|-hitcount|p2: Chi-Yu|2\n|move|p2b: Gholdengo|Make It Rain|p1b: Urshifu\n|-resisted|p1b: Urshifu\n|-damage|p1b: Urshifu|52\/100\n|-unboost|p2b: Gholdengo|spa|1\n|\n|-heal|p2b: Gholdengo|65\/100|[from] item: Leftovers\n|-sideend|p1: hsts12345|move: Tailwind\n|upkeep\n|turn|6\n|\n|t:|1700547060\n|move|p1b: Urshifu|Surging Strikes|p2b: Gholdengo\n|-resisted|p2b: Gholdengo\n|-crit|p2b: Gholdengo\n|-damage|p2b: Gholdengo|52\/100\n|-resisted|p2b: Gholdengo\n|-crit|p2b: Gholdengo\n|-damage|p2b: Gholdengo|39\/100\n|-resisted|p2b: Gholdengo\n|-crit|p2b: Gholdengo\n|-damage|p2b: Gholdengo|26\/100\n|-hitcount|p2b: Gholdengo|3\n|move|p2b: Gholdengo|Make It Rain|p1b: Urshifu\n|-resisted|p1b: Urshifu\n|-crit|p1b: Urshifu\n|-damage|p1b: Urshifu|0 fnt\n|-unboost|p2b: Gholdengo|spa|1\n|faint|p1b: Urshifu\n|\n|win|magicalarcher57\n|n|\u2606hsts12345|hsts12345\n|n|\u2606magicalarcher57|magicalarcher57\n|n| FatalEspresso|fatalespresso\n|n| StarCraft kid \u2717|starcraftkid\n|n| Flarefox_7|flarefox7\n|n| speedrunlegend|speedrunlegend\n|n| KnighLt|knighlt\n|n| Radio Free C-Side|radiofreecside\n|n| Super Melusine|supermelusine\n|n| LifeOrbPex|lifeorbpex\n|n| 4KuserVGC|4kuservgc\n","uploadtime":1700547061,"views":3,"p1id":"hsts12345","p2id":"magicalarcher57","formatid":"gen9vgc2023regulatione","rating":0,"private":0,"password":""}