{"id":"gen9vgc2023regulatione-1995507203","p1":"LuffySlamsNaruto","p2":"zeldafuked","format":"[Gen 9] VGC 2023 Regulation E","log":"|j|\u2606LuffySlamsNaruto\n|j|\u2606zeldafuked\n|t:|1700578120\n|gametype|doubles\n|player|p1|LuffySlamsNaruto|102|1449\n|player|p2|zeldafuked|beauty-gen4dp|1414\n|teamsize|p1|6\n|teamsize|p2|6\n|gen|9\n|tier|[Gen 9] VGC 2023 Regulation E\n|rated|\n|rule|Species Clause: Limit one of each Pok\u00e9mon\n|rule|Item Clause: Limit one of each item\n|clearpoke\n|poke|p1|Dusclops, L50, F|\n|poke|p1|Amoonguss, L50, M|\n|poke|p1|Ursaluna-Bloodmoon, L50, M|\n|poke|p1|Iron Bundle, L50|\n|poke|p1|Iron Hands, L50|\n|poke|p1|Landorus-Therian, L50, M|\n|poke|p2|Tatsugiri, L50, F|\n|poke|p2|Dondozo, L50, M|\n|poke|p2|Dragonite, L50, M|\n|poke|p2|Chien-Pao, L50|\n|poke|p2|Meowscarada, L50, F|\n|poke|p2|Ursaluna-Bloodmoon, L50, M|\n|teampreview|4\n|inactive|Battle timer is ON: inactive players will automatically lose when time's up. (requested by LuffySlamsNaruto)\n|inactive|LuffySlamsNaruto has 60 seconds left.\n|l|\u2606LuffySlamsNaruto\n|inactive|LuffySlamsNaruto disconnected and has a minute to reconnect!\n|player|p1|\n|inactive|LuffySlamsNaruto has 30 seconds left.\n|j|\u2606LuffySlamsNaruto\n|inactive|LuffySlamsNaruto reconnected and has 25 seconds left.\n|player|p1|LuffySlamsNaruto|102\n|inactive|LuffySlamsNaruto has 20 seconds left.\n|inactive|LuffySlamsNaruto has 15 seconds left.\n|\n|t:|1700578199\n|start\n|switch|p1a: Dusclops|Dusclops, L50, F|100\/100\n|switch|p1b: Iron Hands|Iron Hands, L50|100\/100\n|switch|p2a: Ursaluna|Ursaluna-Bloodmoon, L50, M|100\/100\n|switch|p2b: Meowscarada|Meowscarada, L50, F, shiny|100\/100\n|-item|p2a: Ursaluna|Throat Spray|[from] ability: Frisk|[of] p1a: Dusclops|[identify]\n|-item|p2b: Meowscarada|Choice Scarf|[from] ability: Frisk|[of] p1a: Dusclops|[identify]\n|turn|1\n|\n|t:|1700578211\n|move|p1b: Iron Hands|Fake Out|p2b: Meowscarada\n|-damage|p2b: Meowscarada|76\/100\n|cant|p2b: Meowscarada|flinch\n|move|p2a: Ursaluna|Hyper Voice|p1a: Dusclops|[spread] p1a,p1b\n|-damage|p1a: Dusclops|80\/100\n|-damage|p1b: Iron Hands|83\/100\n|-enditem|p2a: Ursaluna|Throat Spray\n|-boost|p2a: Ursaluna|spa|1|[from] item: Throat Spray\n|move|p1a: Dusclops|Trick Room|p1a: Dusclops\n|-fieldstart|move: Trick Room|[of] p1a: Dusclops\n|\n|upkeep\n|turn|2\n|\n|t:|1700578233\n|switch|p1a: Ursaluna|Ursaluna-Bloodmoon, L50, M|100\/100\n|-terastallize|p2a: Ursaluna|Normal\n|move|p1b: Iron Hands|Drain Punch|p2b: Meowscarada\n|-supereffective|p2b: Meowscarada\n|-damage|p2b: Meowscarada|0 fnt\n|-heal|p1b: Iron Hands|100\/100|[from] drain|[of] p2b: Meowscarada\n|faint|p2b: Meowscarada\n|move|p2a: Ursaluna|Blood Moon|p1b: Iron Hands\n|-damage|p1b: Iron Hands|26\/100\n|\n|upkeep\n|\n|t:|1700578248\n|switch|p2b: Dragonite|Dragonite, L50, M|100\/100\n|turn|3\n|\n|t:|1700578259\n|move|p2b: Dragonite|Extreme Speed|p1b: Iron Hands\n|-damage|p1b: Iron Hands|0 fnt\n|faint|p1b: Iron Hands\n|-end|p1b: Iron Hands|Quark Drive|[silent]\n|move|p1a: Ursaluna|Hyper Voice|p2a: Ursaluna|[spread] p2a,p2b\n|-damage|p2a: Ursaluna|60\/100\n|-damage|p2b: Dragonite|62\/100\n|move|p2a: Ursaluna|Hyper Voice|p1a: Ursaluna\n|-damage|p1a: Ursaluna|0 fnt\n|faint|p1a: Ursaluna\n|\n|upkeep\n|\n|t:|1700578263\n|switch|p1a: Dusclops|Dusclops, L50, F|80\/100\n|switch|p1b: Landorus|Landorus-Therian, L50, M, shiny|100\/100\n|-item|p2b: Dragonite|Choice Band|[from] ability: Frisk|[of] p1a: Dusclops|[identify]\n|-ability|p1b: Landorus|Intimidate|boost\n|-unboost|p2a: Ursaluna|atk|1\n|-fail|p2b: Dragonite|unboost|Attack|[from] ability: Inner Focus|[of] p2b: Dragonite\n|turn|4\n|\n|t:|1700578286\n|-terastallize|p1b: Landorus|Flying\n|move|p2b: Dragonite|Extreme Speed|p1b: Landorus\n|-damage|p1b: Landorus|42\/100\n|move|p1a: Dusclops|Will-O-Wisp|p2b: Dragonite|[miss]\n|-miss|p1a: Dusclops|p2b: Dragonite\n|move|p2a: Ursaluna|Hyper Voice|p1a: Dusclops|[spread] p1a,p1b\n|-damage|p1a: Dusclops|41\/100\n|-damage|p1b: Landorus|0 fnt\n|faint|p1b: Landorus\n|\n|upkeep\n|turn|5\n|-message|LuffySlamsNaruto forfeited.\n|\n|win|zeldafuked\n|raw|LuffySlamsNaruto's rating: 1449 &rarr; <strong>1427<\/strong><br \/>(-22 for losing)\n|raw|zeldafuked's rating: 1414 &rarr; <strong>1436<\/strong><br \/>(+22 for winning)\n|l|\u2606LuffySlamsNaruto\n","uploadtime":1700578314,"views":7,"p1id":"luffyslamsnaruto","p2id":"zeldafuked","formatid":"gen9vgc2023regulatione","rating":1427,"private":0,"password":""}