{"id":"gen9vgc2023regulatione-1999093850","p1":"Pard Mafia","p2":"RUBEN GUARDA QUA","format":"[Gen 9] VGC 2023 Regulation E","log":"|j|\u2606Pard Mafia\n|j|\u2606RUBEN GUARDA QUA\n|n|\u2606Pard Mafia|pardmafia\n|n|\u2606RUBEN GUARDA QUA|rubenguardaqua\n|html|View the match progress at <a href=\"\/game-bestof3-gen9vgc2023regulatione-1999086586\">game-bestof3-gen9vgc2023regulatione-1999086586<\/a>\n|t:|1701032470\n|gametype|doubles\n|player|p1|Pard Mafia|petrel|\n|player|p2|RUBEN GUARDA QUA|lucas|\n|teamsize|p1|6\n|teamsize|p2|6\n|gen|9\n|tier|[Gen 9] VGC 2023 Regulation E\n|rule|Species Clause: Limit one of each Pok\u00e9mon\n|rule|Item Clause: Limit one of each item\n|clearpoke\n|poke|p1|Flutter Mane, L50|\n|poke|p1|Tornadus, L50, M|\n|poke|p1|Regieleki, L50|\n|poke|p1|Chi-Yu, L50|\n|poke|p1|Ogerpon-Wellspring, L50, F|\n|poke|p1|Indeedee-F, L50, F|\n|poke|p2|Tornadus, L50, M|\n|poke|p2|Gholdengo, L50|\n|poke|p2|Amoonguss, L50, F|\n|poke|p2|Arcanine-Hisui, L50, F|\n|poke|p2|Urshifu-*, L50, F|\n|poke|p2|Iron Hands, L50|\n|teampreview|4\nPard Mafia has agreed to open team sheets.\nRUBEN GUARDA QUA has agreed to open team sheets.\n|showteam|p1|Flutter Mane||FocusSash|Protosynthesis|DazzlingGleam,Moonblast,ShadowBall,Protect||||||50|,,,,,Fairy]Tornadus||SafetyGoggles|Prankster|BleakwindStorm,Tailwind,RainDance,Protect|||M|||50|,,,,,Dark]Regieleki||Magnet|Transistor|Thunderbolt,Electroweb,TeraBlast,Protect||||||50|,,,,,Ice]Chi-Yu||LifeOrb|BeadsofRuin|HeatWave,Overheat,Snarl,Protect||||||50|,,,,,Fire]Ogerpon-Wellspring||WellspringMask|WaterAbsorb|IvyCudgel,HornLeech,SwordsDance,SpikyShield|||F|||50|,,,,,Water]Indeedee-F||PsychicSeed|PsychicSurge|Psychic,FollowMe,HelpingHand,Protect|||F|||50|,,,,,Dragon\n|showteam|p2|Tornadus||RockyHelmet|Prankster|BleakwindStorm,Tailwind,RainDance,Protect|||M|||50|,,,,,Steel]Gholdengo||Leftovers|GoodasGold|MakeItRain,ShadowBall,NastyPlot,Protect||||||50|,,,,,Dragon]Amoonguss||SitrusBerry|Regenerator|RagePowder,Spore,PollenPuff,Protect|||F|||50|,,,,,Fire]Arcanine-Hisui||ChoiceBand|Intimidate|FlareBlitz,RockSlide,ExtremeSpeed,TeraBlast|||F|||50|,,,,,Fairy]Urshifu-Rapid-Strike||MysticWater|UnseenFist|SurgingStrikes,CloseCombat,AquaJet,Protect|||F|||50|,,,,,Water]Iron Hands||AssaultVest|QuarkDrive|WildCharge,DrainPunch,VoltSwitch,FakeOut||||||50|,,,,,Water\n|j| HH mEMA\n|\n|t:|1701032530\n|start\n|switch|p1a: Baby Be Mine|Indeedee-F, L50, F|100\/100\n|switch|p1b: Blue Gangsta|Ogerpon-Wellspring, L50, F|100\/100\n|switch|p2a: Pokemon bilanciato|Tornadus, L50, M|100\/100\n|switch|p2b: Brezza man|Arcanine-Hisui, L50, F|100\/100\n|-ability|p2b: Brezza man|Intimidate|boost\n|-unboost|p1a: Baby Be Mine|atk|1\n|-unboost|p1b: Blue Gangsta|atk|1\n|-fieldstart|move: Psychic Terrain|[from] ability: Psychic Surge|[of] p1a: Baby Be Mine\n|-enditem|p1a: Baby Be Mine|Psychic Seed\n|-boost|p1a: Baby Be Mine|spd|1|[from] item: Psychic Seed\n|turn|1\n|\n|t:|1701032569\n|-terastallize|p1b: Blue Gangsta|Water\n|detailschange|p1b: Blue Gangsta|Ogerpon-Wellspring-Tera, L50, F, tera:Water\n|-ability|p1b: Blue Gangsta|Embody Aspect (Wellspring)|boost\n|-boost|p1b: Blue Gangsta|spd|1\n|move|p1b: Blue Gangsta|Ivy Cudgel|p2b: Brezza man|[anim] Ivy Cudgel Water\n|-supereffective|p2b: Brezza man\n|-damage|p2b: Brezza man|0 fnt\n|faint|p2b: Brezza man\n|move|p2a: Pokemon bilanciato|Bleakwind Storm|p1a: Baby Be Mine|[spread] p1a\n|-miss|p2a: Pokemon bilanciato|p1b: Blue Gangsta\n|-damage|p1a: Baby Be Mine|80\/100\n|move|p1a: Baby Be Mine|Psychic|p2a: Pokemon bilanciato\n|-damage|p2a: Pokemon bilanciato|59\/100\n|\n|upkeep\n|c|\u2606RUBEN GUARDA QUA|...\n|c|\u2606Pard Mafia|Billone balaua.\n|c|\u2606RUBEN GUARDA QUA|ma perch\u00e8 \u00e8 piu veloce\n|c|\u2606Pard Mafia|Chiss\u00e0\n|\n|t:|1701032614\n|switch|p2b: Danetty|Amoonguss, L50, F|100\/100\n|turn|2\n|\n|t:|1701032633\n|move|p1b: Blue Gangsta|Ivy Cudgel|p2b: Danetty|[anim] Ivy Cudgel Water\n|-resisted|p2b: Danetty\n|-damage|p2b: Danetty|78\/100\n|move|p2a: Pokemon bilanciato|Bleakwind Storm|p1b: Blue Gangsta|[spread] p1a\n|-miss|p2a: Pokemon bilanciato|p1b: Blue Gangsta\n|-damage|p1a: Baby Be Mine|59\/100\n|-unboost|p1a: Baby Be Mine|spe|1\n|move|p1a: Baby Be Mine|Psychic|p2b: Danetty\n|-supereffective|p2b: Danetty\n|-damage|p2b: Danetty|20\/100\n|-enditem|p2b: Danetty|Sitrus Berry|[eat]\n|-heal|p2b: Danetty|45\/100|[from] item: Sitrus Berry\n|move|p2b: Danetty|Spore|p1a: Baby Be Mine\n|-status|p1a: Baby Be Mine|slp|[from] move: Spore\n|\n|upkeep\n|turn|3\n|\n|t:|1701032657\n|switch|p2a: Mava|Iron Hands, L50|100\/100\n|move|p1b: Blue Gangsta|Ivy Cudgel|p2a: Mava|[anim] Ivy Cudgel Water\n|-damage|p2a: Mava|66\/100\n|cant|p1a: Baby Be Mine|slp\n|move|p2b: Danetty|Pollen Puff|p1a: Baby Be Mine\n|-supereffective|p1a: Baby Be Mine\n|-crit|p1a: Baby Be Mine\n|-damage|p1a: Baby Be Mine|3\/100 slp\n|\n|upkeep\n|turn|4\n|\n|t:|1701032679\n|switch|p1a: Bad|Tornadus, L50, M|100\/100\n|move|p1b: Blue Gangsta|Spiky Shield|p1b: Blue Gangsta\n|-singleturn|p1b: Blue Gangsta|move: Protect\n|move|p2a: Mava|Drain Punch|p1a: Bad\n|-resisted|p1a: Bad\n|-damage|p1a: Bad|81\/100\n|-heal|p2a: Mava|73\/100|[from] drain|[of] p1a: Bad\n|move|p2b: Danetty|Pollen Puff|p2a: Mava\n|-heal|p2a: Mava|100\/100\n|\n|upkeep\n|turn|5\n|\n|t:|1701032710\n|switch|p1b: Baby Be Mine|Indeedee-F, L50, F|3\/100 slp\n|move|p2b: Danetty|Protect|p2b: Danetty\n|-singleturn|p2b: Danetty|Protect\n|move|p1a: Bad|Bleakwind Storm|p2b: Danetty|[spread] p2a\n|-activate|p2b: Danetty|move: Protect\n|-damage|p2a: Mava|84\/100\n|move|p2a: Mava|Wild Charge|p1a: Bad\n|-supereffective|p1a: Bad\n|-damage|p1a: Bad|0 fnt\n|faint|p1a: Bad\n|-damage|p2a: Mava|69\/100|[from] Recoil\n|\n|-fieldend|move: Psychic Terrain\n|upkeep\n|\n|t:|1701032723\n|switch|p1a: Blue Gangsta|Ogerpon-Wellspring-Tera, L50, F, tera:Water|100\/100\n|-ability|p1a: Blue Gangsta|Embody Aspect (Wellspring)|boost\n|-boost|p1a: Blue Gangsta|spd|1\n|turn|6\n|\n|t:|1701032892\n|-curestatus|p1b: Baby Be Mine|slp|[msg]\n|move|p1b: Baby Be Mine|Helping Hand|p1a: Blue Gangsta\n|-singleturn|p1a: Blue Gangsta|Helping Hand|[of] p1b: Baby Be Mine\n|move|p1a: Blue Gangsta|Ivy Cudgel|p2a: Mava|[anim] Ivy Cudgel Water\n|-damage|p2a: Mava|0 fnt\n|faint|p2a: Mava\n|-end|p2a: Mava|Quark Drive|[silent]\n|move|p2b: Danetty|Spore|p1a: Blue Gangsta\n|-status|p1a: Blue Gangsta|slp|[from] move: Spore\n|\n|upkeep\n|\n|t:|1701032898\n|switch|p2a: Pokemon bilanciato|Tornadus, L50, M|59\/100\n|turn|7\n|c|\u2606RUBEN GUARDA QUA|vabe vaffanculo\n|\n|t:|1701032960\n|move|p1b: Baby Be Mine|Protect|p1b: Baby Be Mine\n|-singleturn|p1b: Baby Be Mine|Protect\n|cant|p1a: Blue Gangsta|slp\n|move|p2a: Pokemon bilanciato|Bleakwind Storm|p1a: Blue Gangsta|[spread] p1a\n|-activate|p1b: Baby Be Mine|move: Protect\n|-damage|p1a: Blue Gangsta|80\/100 slp\n|move|p2b: Danetty|Pollen Puff|p2a: Pokemon bilanciato\n|-heal|p2a: Pokemon bilanciato|100\/100\n|\n|upkeep\n|turn|8\n|\n|t:|1701032980\n|move|p2b: Danetty|Rage Powder|p2b: Danetty\n|-singleturn|p2b: Danetty|move: Rage Powder\n|cant|p1a: Blue Gangsta|slp\n|move|p2a: Pokemon bilanciato|Bleakwind Storm|p1a: Blue Gangsta|[spread] p1a,p1b\n|-damage|p1a: Blue Gangsta|58\/100 slp\n|-damage|p1b: Baby Be Mine|0 fnt\n|-unboost|p1a: Blue Gangsta|spe|1\n|faint|p1b: Baby Be Mine\n|\n|upkeep\n|\n|t:|1701032983\n|switch|p1b: Thriller|Regieleki, L50|100\/100\n|turn|9\n|\n|t:|1701033031\n|-terastallize|p2a: Pokemon bilanciato|Steel\n|move|p1b: Thriller|Thunderbolt|p2b: Danetty\n|-resisted|p2b: Danetty\n|-damage|p2b: Danetty|24\/100\n|move|p2a: Pokemon bilanciato|Bleakwind Storm|p1a: Blue Gangsta|[spread] p1a\n|-miss|p2a: Pokemon bilanciato|p1b: Thriller\n|-damage|p1a: Blue Gangsta|36\/100 slp\n|-curestatus|p1a: Blue Gangsta|slp|[msg]\n|move|p1a: Blue Gangsta|Ivy Cudgel|p2b: Danetty|[anim] Ivy Cudgel Water\n|-resisted|p2b: Danetty\n|-damage|p2b: Danetty|0 fnt\n|faint|p2b: Danetty\n|\n|upkeep\n|turn|10\n|\n|t:|1701033041\n|move|p1b: Thriller|Thunderbolt|p2a: Pokemon bilanciato\n|-damage|p2a: Pokemon bilanciato|34\/100\n|move|p2a: Pokemon bilanciato|Bleakwind Storm|p1b: Thriller|[spread] p1b\n|-miss|p2a: Pokemon bilanciato|p1a: Blue Gangsta\n|-resisted|p1b: Thriller\n|-damage|p1b: Thriller|76\/100\n|-unboost|p1b: Thriller|spe|1\n|move|p1a: Blue Gangsta|Ivy Cudgel|p2a: Pokemon bilanciato|[anim] Ivy Cudgel Water\n|-damage|p2a: Pokemon bilanciato|0 fnt\n|faint|p2a: Pokemon bilanciato\n|\n|win|Pard Mafia\n|l|\u2606RUBEN GUARDA QUA\n|c|\u2606Pard Mafia|Gg\n|l| HH mEMA\n","uploadtime":1701033068,"views":2,"p1id":"pardmafia","p2id":"rubenguardaqua","formatid":"gen9vgc2023regulatione","rating":0,"private":0,"password":""}