{"id":"gen9vgc2023regulatione-2000635363","p1":"CooledOregon","p2":"Hey Its Lunar!","format":"[Gen 9] VGC 2023 Regulation E","log":"|j|\u2606CooledOregon\n|j|\u2606Hey Its Lunar!\n|t:|1701212906\n|gametype|doubles\n|player|p1|CooledOregon|101|1096\n|player|p2|Hey Its Lunar!|cynthia-gen4|1015\n|teamsize|p1|5\n|teamsize|p2|6\n|gen|9\n|tier|[Gen 9] VGC 2023 Regulation E\n|rated|\n|rule|Species Clause: Limit one of each Pok\u00e9mon\n|rule|Item Clause: Limit one of each item\n|clearpoke\n|poke|p1|Landorus-Therian, L50, M|\n|poke|p1|Goodra-Hisui, L50, M|\n|poke|p1|Zoroark-Hisui, L50, M|\n|poke|p1|Ditto, L50|\n|poke|p1|Clefairy, L50, F|\n|poke|p2|Tatsugiri, L50, F|\n|poke|p2|Dondozo, L50, M|\n|poke|p2|Annihilape, L50, M|\n|poke|p2|Flamigo, L50, F|\n|poke|p2|Cetitan, L50, F|\n|poke|p2|Maushold-Four, L50|\n|teampreview|4\n|inactive|Battle timer is ON: inactive players will automatically lose when time's up. (requested by Hey Its Lunar!)\n|inactive|CooledOregon also wants the timer to be on.\nHey Its Lunar! rejected open team sheets.\n|inactive|CooledOregon has 60 seconds left.\n|\n|t:|1701212945\n|start\n|switch|p1a: Clefairy|Clefairy, L50, F|100\/100\n|switch|p1b: Mongolfiera|Goodra-Hisui, L50, M|100\/100\n|switch|p2a: Annihilape|Annihilape, L50, M|100\/100\n|switch|p2b: Tatsugiri|Tatsugiri, L50, F|100\/100\n|turn|1\n|\n|t:|1701212957\n|move|p2b: Tatsugiri|Endure|p2b: Tatsugiri\n|-singleturn|p2b: Tatsugiri|move: Endure\n|move|p2a: Annihilape|Final Gambit|p2b: Tatsugiri\n|-activate|p2b: Tatsugiri|move: Endure\n|-damage|p2b: Tatsugiri|1\/100\n|faint|p2a: Annihilape\n|move|p1b: Mongolfiera|Bitter Malice|p2b: Tatsugiri\n|-crit|p2b: Tatsugiri\n|-activate|p2b: Tatsugiri|move: Endure\n|-damage|p2b: Tatsugiri|1\/100\n|-unboost|p2b: Tatsugiri|atk|1\n|move|p1a: Clefairy|Moonblast|p2b: Tatsugiri\n|-supereffective|p2b: Tatsugiri\n|-activate|p2b: Tatsugiri|move: Endure\n|-damage|p2b: Tatsugiri|1\/100\n|\n|-status|p2b: Tatsugiri|tox|[from] item: Toxic Orb\n|upkeep\n|\n|t:|1701212973\n|switch|p2a: Dondozo|Dondozo, L50, M|100\/100\n|-activate|p2b: Tatsugiri|ability: Commander|[of] p2a: Dondozo\n|-boost|p2a: Dondozo|atk|2\n|-boost|p2a: Dondozo|spa|2\n|-boost|p2a: Dondozo|spe|2\n|-boost|p2a: Dondozo|def|2\n|-boost|p2a: Dondozo|spd|2\n|turn|2\n|\n|t:|1701212990\n|move|p1a: Clefairy|Helping Hand|p1b: Mongolfiera\n|-singleturn|p1b: Mongolfiera|Helping Hand|[of] p1a: Clefairy\n|move|p1b: Mongolfiera|Grass Knot|p2a: Dondozo\n|-supereffective|p2a: Dondozo\n|-damage|p2a: Dondozo|37\/100\n|move|p2a: Dondozo|Order Up|p1b: Mongolfiera\n|-damage|p1b: Mongolfiera|27\/100\n|replace|p1b: Zoroark|Zoroark-Hisui, L50, M\n|-end|p1b: Zoroark|Illusion\n|-boost|p2a: Dondozo|atk|1\n|\n|-heal|p2a: Dondozo|44\/100|[from] item: Leftovers\n|-damage|p2b: Tatsugiri|0 fnt|[from] psn\n|faint|p2b: Tatsugiri\n|upkeep\n|\n|t:|1701213002\n|switch|p2b: Flamigo|Flamigo, L50, F|100\/100\n|-copyboost|p2b: Flamigo|p2a: Dondozo|[from] ability: Costar\n|turn|3\n|inactive|Hey Its Lunar! has 30 seconds left.\n|inactive|CooledOregon has 30 seconds left.\n|\n|t:|1701213046\n|-terastallize|p2a: Dondozo|Dragon\n|move|p2a: Dondozo|Protect|p2a: Dondozo\n|-singleturn|p2a: Dondozo|Protect\n|move|p1a: Clefairy|Follow Me|p1a: Clefairy\n|-singleturn|p1a: Clefairy|move: Follow Me\n|move|p2b: Flamigo|Brave Bird|p1a: Clefairy\n|-damage|p1a: Clefairy|0 fnt\n|faint|p1a: Clefairy\n|-damage|p2b: Flamigo|64\/100|[from] Recoil\n|move|p1b: Zoroark|Hyper Voice|p2a: Dondozo|[spread] p2b\n|-activate|p2a: Dondozo|move: Protect\n|-damage|p2b: Flamigo|38\/100\n|\n|-heal|p2a: Dondozo|50\/100|[from] item: Leftovers\n|upkeep\n|\n|t:|1701213066\n|switch|p1a: Ditto|Ditto, L50|100\/100\n|-transform|p1a: Ditto|p2b: Flamigo|[from] ability: Imposter\n|-copyboost|p1a: Ditto|p1b: Zoroark|[from] ability: Costar\n|turn|4\n|inactive|CooledOregon has 30 seconds left.\n|inactive|Hey Its Lunar! has 30 seconds left.\n|\n|t:|1701213099\n|switch|p1a: Mongolfiera|Goodra-Hisui, L50, M|100\/100\n|move|p2b: Flamigo|Brave Bird|p1a: Mongolfiera\n|-resisted|p1a: Mongolfiera\n|-damage|p1a: Mongolfiera|31\/100\n|-damage|p2b: Flamigo|13\/100|[from] Recoil\n|move|p1b: Zoroark|Bitter Malice|p2b: Flamigo\n|-damage|p2b: Flamigo|0 fnt\n|faint|p2b: Flamigo\n|move|p2a: Dondozo|Order Up|p1b: Zoroark\n|-damage|p1b: Zoroark|0 fnt\n|faint|p1b: Zoroark\n|-boost|p2a: Dondozo|atk|1\n|\n|-heal|p2a: Dondozo|56\/100|[from] item: Leftovers\n|upkeep\n|\n|t:|1701213113\n|switch|p1b: Ditto|Ditto, L50|100\/100\n|-transform|p1b: Ditto|p2a: Dondozo|[from] ability: Imposter\n|-start|p1b: Ditto|typechange|Water|[silent]\n|turn|5\n|\n|t:|1701213121\n|move|p1b: Ditto|Order Up|p2a: Dondozo\n|-supereffective|p2a: Dondozo\n|-damage|p2a: Dondozo|17\/100\n|move|p2a: Dondozo|Order Up|p1a: Mongolfiera\n|-damage|p1a: Mongolfiera|0 fnt\n|faint|p1a: Mongolfiera\n|-boost|p2a: Dondozo|atk|1\n|\n|-heal|p2a: Dondozo|23\/100|[from] item: Leftovers\n|upkeep\n|turn|6\n|\n|t:|1701213134\n|move|p2a: Dondozo|Protect|p2a: Dondozo\n|-singleturn|p2a: Dondozo|Protect\n|move|p1b: Ditto|Order Up|p2a: Dondozo\n|-activate|p2a: Dondozo|move: Protect\n|\n|-heal|p2a: Dondozo|29\/100|[from] item: Leftovers\n|upkeep\n|turn|7\n|\n|t:|1701213142\n|move|p2a: Dondozo|Protect||[still]\n|-fail|p2a: Dondozo\n|move|p1b: Ditto|Order Up|p2a: Dondozo\n|-supereffective|p2a: Dondozo\n|-damage|p2a: Dondozo|0 fnt\n|faint|p2a: Dondozo\n|\n|win|CooledOregon\n|raw|CooledOregon's rating: 1096 &rarr; <strong>1116<\/strong><br \/>(+20 for winning)\n|raw|Hey Its Lunar!'s rating: 1015 &rarr; <strong>1006<\/strong><br \/>(-9 for losing)\n|l|\u2606Hey Its Lunar!\n","uploadtime":1701213156,"views":10,"p1id":"cooledoregon","p2id":"heyitslunar","formatid":"gen9vgc2023regulatione","rating":1006,"private":0,"password":""}