{"id":"gen9vgc2023regulatione-1998086637","p1":"Pokeyrach21","p2":"Abro hilo","format":"[Gen 9] VGC 2023 Regulation E","log":"|j|\u2606Pokeyrach21\n|j|\u2606Abro hilo\n|t:|1700889070\n|gametype|doubles\n|player|p1|Pokeyrach21|hiker-gen4|1426\n|player|p2|Abro hilo|pilot|1399\n|teamsize|p1|6\n|teamsize|p2|6\n|gen|9\n|tier|[Gen 9] VGC 2023 Regulation E\n|rated|\n|rule|Species Clause: Limit one of each Pok\u00e9mon\n|rule|Item Clause: Limit one of each item\n|clearpoke\n|poke|p1|Tornadus, L50, M|\n|poke|p1|Landorus-Therian, L50, M|\n|poke|p1|Flutter Mane, L50|\n|poke|p1|Rillaboom, L50, F|\n|poke|p1|Urshifu-*, L50, M|\n|poke|p1|Gholdengo, L50|\n|poke|p2|Ninetales-Alola, L50, F|\n|poke|p2|Empoleon, L50, F|\n|poke|p2|Roaring Moon, L50|\n|poke|p2|Sinistcha, L50|\n|poke|p2|Urshifu-*, L50, F|\n|poke|p2|Arcanine-Hisui, L50, F|\n|teampreview|4\n|inactive|Battle timer is ON: inactive players will automatically lose when time's up. (requested by Pokeyrach21)\nPokeyrach21 has agreed to open team sheets.\n|inactive|Pokeyrach21 has 60 seconds left.\n|inactive|Abro hilo has 60 seconds left.\n|inactive|Abro hilo has 30 seconds left.\n|inactive|Abro hilo has 20 seconds left.\n|inactive|Abro hilo has 15 seconds left.\n|\n|t:|1700889149\n|start\n|switch|p1a: Landorus|Landorus-Therian, L50, M|100\/100\n|switch|p1b: Tornadus|Tornadus, L50, M, shiny|100\/100\n|switch|p2a: Empoleon|Empoleon, L50, F|100\/100\n|switch|p2b: Urshifu|Urshifu, L50, F|100\/100\n|-ability|p1a: Landorus|Intimidate|boost\n|-unboost|p2a: Empoleon|atk|1\n|-ability|p2a: Empoleon|Competitive|boost\n|-boost|p2a: Empoleon|spa|2\n|-unboost|p2b: Urshifu|atk|1\n|turn|1\n|inactive|Pokeyrach21 has 30 seconds left.\n|\n|t:|1700889176\n|switch|p2b: Arcanine|Arcanine-Hisui, L50, F|100\/100\n|-ability|p2b: Arcanine|Intimidate|boost\n|-unboost|p1a: Landorus|atk|1\n|-unboost|p1b: Tornadus|atk|1\n|-terastallize|p1b: Tornadus|Steel\n|move|p1a: Landorus|U-turn|p2b: Arcanine\n|-resisted|p2b: Arcanine\n|-damage|p2b: Arcanine|86\/100\n|\n|t:|1700889186\n|switch|p1a: Urshifu|Urshifu-Rapid-Strike, L50, M|100\/100|[from] U-turn\n|move|p1b: Tornadus|Bleakwind Storm|p2a: Empoleon|[spread] p2b\n|-miss|p1b: Tornadus|p2a: Empoleon\n|-resisted|p2b: Arcanine\n|-damage|p2b: Arcanine|66\/100\n|-unboost|p2b: Arcanine|spe|1\n|move|p2a: Empoleon|Ice Beam|p1a: Urshifu\n|-resisted|p1a: Urshifu\n|-damage|p1a: Urshifu|60\/100\n|\n|upkeep\n|turn|2\n|\n|t:|1700889214\n|switch|p1b: Landorus|Landorus-Therian, L50, M|100\/100\n|-ability|p1b: Landorus|Intimidate|boost\n|-unboost|p2a: Empoleon|atk|1\n|-ability|p2a: Empoleon|Competitive|boost\n|-boost|p2a: Empoleon|spa|2\n|-unboost|p2b: Arcanine|atk|1\n|switch|p2b: Sinistcha|Sinistcha, L50|100\/100\n|move|p2a: Empoleon|Vacuum Wave|p1b: Landorus\n|-resisted|p1b: Landorus\n|-damage|p1b: Landorus|78\/100\n|move|p1a: Urshifu|Close Combat|p2a: Empoleon\n|-supereffective|p2a: Empoleon\n|-damage|p2a: Empoleon|0 fnt\n|-unboost|p1a: Urshifu|def|1\n|-unboost|p1a: Urshifu|spd|1\n|faint|p2a: Empoleon\n|\n|upkeep\n|\n|t:|1700889229\n|switch|p2a: Urshifu|Urshifu, L50, F|100\/100\n|turn|3\n|\n|t:|1700889241\n|-terastallize|p2a: Urshifu|Dark\n|move|p2b: Sinistcha|Rage Powder|p2b: Sinistcha\n|-singleturn|p2b: Sinistcha|move: Rage Powder\n|move|p1a: Urshifu|Close Combat|p2b: Sinistcha\n|-immune|p2b: Sinistcha\n|move|p2a: Urshifu|Wicked Blow|p1a: Urshifu\n|-resisted|p1a: Urshifu\n|-crit|p1a: Urshifu\n|-damage|p1a: Urshifu|5\/100\n|move|p1b: Landorus|U-turn|p2b: Sinistcha\n|-damage|p2b: Sinistcha|72\/100\n|-damage|p1b: Landorus|62\/100|[from] item: Rocky Helmet|[of] p2b: Sinistcha\n|\n|t:|1700889250\n|switch|p1b: Tornadus|Tornadus, L50, M, shiny, tera:Steel|100\/100|[from] U-turn\n|\n|upkeep\n|turn|4\n|\n|t:|1700889259\n|switch|p2b: Arcanine|Arcanine-Hisui, L50, F|66\/100\n|-ability|p2b: Arcanine|Intimidate|boost\n|-unboost|p1a: Urshifu|atk|1\n|-unboost|p1b: Tornadus|atk|1\n|move|p2a: Urshifu|Sucker Punch|p1a: Urshifu\n|-resisted|p1a: Urshifu\n|-damage|p1a: Urshifu|0 fnt\n|faint|p1a: Urshifu\n|move|p1b: Tornadus|Taunt|p2b: Arcanine\n|-start|p2b: Arcanine|move: Taunt\n|\n|upkeep\n|\n|t:|1700889265\n|switch|p1a: Gholdengo|Gholdengo, L50|100\/100\n|turn|5\n|\n|t:|1700889273\n|switch|p1a: Landorus|Landorus-Therian, L50, M|62\/100\n|-ability|p1a: Landorus|Intimidate|boost\n|-unboost|p2a: Urshifu|atk|1\n|-unboost|p2b: Arcanine|atk|1\n|move|p2a: Urshifu|Wicked Blow|p1a: Landorus\n|-crit|p1a: Landorus\n|-damage|p1a: Landorus|0 fnt\n|faint|p1a: Landorus\n|move|p2b: Arcanine|Flare Blitz|p1b: Tornadus\n|-supereffective|p1b: Tornadus\n|-damage|p1b: Tornadus|0 fnt\n|-damage|p2b: Arcanine|49\/100|[from] item: Rocky Helmet|[of] p1b: Tornadus\n|faint|p1b: Tornadus\n|-damage|p2b: Arcanine|13\/100|[from] Recoil\n|\n|upkeep\n|\n|t:|1700889281\n|switch|p1b: Gholdengo|Gholdengo, L50|100\/100\n|turn|6\n|\n|t:|1700889288\n|move|p2a: Urshifu|Wicked Blow|p1b: Gholdengo\n|-supereffective|p1b: Gholdengo\n|-crit|p1b: Gholdengo\n|-damage|p1b: Gholdengo|0 fnt\n|faint|p1b: Gholdengo\n|\n|win|Abro hilo\n|raw|Pokeyrach21's rating: 1426 &rarr; <strong>1404<\/strong><br \/>(-22 for losing)\n|raw|Abro hilo's rating: 1399 &rarr; <strong>1421<\/strong><br \/>(+22 for winning)\n|l|\u2606Pokeyrach21\n","uploadtime":1700889294,"views":2,"p1id":"pokeyrach21","p2id":"abrohilo","formatid":"gen9vgc2023regulatione","rating":1404,"private":0,"password":""}