{"id":"gen9vgc2023regulatione-1998928309","p1":"Astano","p2":"LAKAYTGAMER75","format":"[Gen 9] VGC 2023 Regulation E","log":"|j|\u2606Astano\n|j|\u2606LAKAYTGAMER75\n|t:|1701014185\n|gametype|doubles\n|player|p1|Astano|cynthia-masters3|1040\n|player|p2|LAKAYTGAMER75|2|1065\n|teamsize|p1|6\n|teamsize|p2|6\n|gen|9\n|tier|[Gen 9] VGC 2023 Regulation E\n|rated|\n|rule|Species Clause: Limit one of each Pok\u00e9mon\n|rule|Item Clause: Limit one of each item\n|clearpoke\n|poke|p1|Ogerpon-Wellspring, L50, F|\n|poke|p1|Chi-Yu, L50|\n|poke|p1|Iron Hands, L50|\n|poke|p1|Landorus-Therian, L50, M|\n|poke|p1|Chien-Pao, L50|\n|poke|p1|Flutter Mane, L50|\n|poke|p2|Talonflame, L50, F|\n|poke|p2|Salamence, L50, F|\n|poke|p2|Oranguru, L50, F|\n|poke|p2|Politoed, L50, F|\n|poke|p2|Spiritomb, L50, F|\n|poke|p2|Roaring Moon, L50|\n|teampreview|4\nAstano has agreed to open team sheets.\n|\n|t:|1701014203\n|start\n|switch|p1a: Iron Hands|Iron Hands, L50|100\/100\n|switch|p1b: Flutter Mane|Flutter Mane, L50|100\/100\n|switch|p2a: Talonflame|Talonflame, L50, F|100\/100\n|switch|p2b: Salamence|Salamence, L50, F|100\/100\n|-enditem|p1b: Flutter Mane|Booster Energy\n|-activate|p1b: Flutter Mane|ability: Protosynthesis|[fromitem]\n|-start|p1b: Flutter Mane|protosynthesisspa\n|turn|1\n|inactive|Battle timer is ON: inactive players will automatically lose when time's up. (requested by Astano)\n|\n|t:|1701014221\n|switch|p2b: Politoed|Politoed, L50, F|100\/100\n|-weather|RainDance|[from] ability: Drizzle|[of] p2b: Politoed\n|-terastallize|p1b: Flutter Mane|Fairy\n|move|p1a: Iron Hands|Fake Out|p2a: Talonflame\n|-damage|p2a: Talonflame|79\/100\n|cant|p2a: Talonflame|flinch\n|move|p1b: Flutter Mane|Dazzling Gleam|p2b: Politoed|[spread] p2a,p2b\n|-resisted|p2a: Talonflame\n|-damage|p2a: Talonflame|44\/100\n|-damage|p2b: Politoed|55\/100\n|\n|-weather|RainDance|[upkeep]\n|upkeep\n|turn|2\n|\n|t:|1701014239\n|move|p1b: Flutter Mane|Protect|p1b: Flutter Mane\n|-singleturn|p1b: Flutter Mane|Protect\n|move|p2a: Talonflame|Tailwind|p2a: Talonflame\n|-sidestart|p2: LAKAYTGAMER75|move: Tailwind\n|move|p2b: Politoed|Muddy Water|p1b: Flutter Mane|[spread] p1a\n|-activate|p1b: Flutter Mane|move: Protect\n|-damage|p1a: Iron Hands|74\/100\n|move|p1a: Iron Hands|Wild Charge|p2a: Talonflame\n|-supereffective|p2a: Talonflame\n|-damage|p2a: Talonflame|0 fnt\n|faint|p2a: Talonflame\n|-damage|p1a: Iron Hands|66\/100|[from] Recoil\n|\n|-weather|RainDance|[upkeep]\n|upkeep\n|\n|t:|1701014250\n|switch|p2a: Salamence|Salamence, L50, F|100\/100\n|turn|3\n|\n|t:|1701014272\n|-end|p1a: Iron Hands|Quark Drive|[silent]\n|switch|p1a: Landorus|Landorus-Therian, L50, M|100\/100\n|-ability|p1a: Landorus|Intimidate|boost\n|-unboost|p2a: Salamence|atk|1\n|-unboost|p2b: Politoed|atk|1\n|-terastallize|p2a: Salamence|Water\n|move|p2a: Salamence|Earthquake|p1b: Flutter Mane|[spread] p2b,p1b\n|-immune|p1a: Landorus\n|-damage|p2b: Politoed|37\/100\n|-damage|p1b: Flutter Mane|75\/100\n|move|p2b: Politoed|Muddy Water|p1a: Landorus|[spread] p1a,p1b\n|-supereffective|p1a: Landorus\n|-damage|p1a: Landorus|0 fnt\n|-damage|p1b: Flutter Mane|31\/100\n|faint|p1a: Landorus\n|move|p1b: Flutter Mane|Dazzling Gleam|p2a: Salamence|[spread] p2a,p2b\n|-damage|p2a: Salamence|36\/100\n|-damage|p2b: Politoed|0 fnt\n|faint|p2b: Politoed\n|\n|-weather|RainDance|[upkeep]\n|upkeep\n|\n|t:|1701014289\n|switch|p1a: Iron Hands|Iron Hands, L50|66\/100\n|switch|p2b: Roaring Moon|Roaring Moon, L50|100\/100\n|turn|4\n|\n|t:|1701014307\n|move|p1b: Flutter Mane|Protect|p1b: Flutter Mane\n|-singleturn|p1b: Flutter Mane|Protect\n|move|p2b: Roaring Moon|Earthquake|p1b: Flutter Mane|[spread] p2a,p1a\n|-activate|p1b: Flutter Mane|move: Protect\n|-supereffective|p1a: Iron Hands\n|-damage|p2a: Salamence|0 fnt\n|-damage|p1a: Iron Hands|15\/100\n|faint|p2a: Salamence\n|move|p1a: Iron Hands|Wild Charge|p2b: Roaring Moon\n|-resisted|p2b: Roaring Moon\n|-damage|p2b: Roaring Moon|67\/100\n|-damage|p1a: Iron Hands|9\/100|[from] Recoil\n|\n|-weather|RainDance|[upkeep]\n|upkeep\n|turn|5\n|\n|t:|1701014322\n|-end|p1b: Flutter Mane|Protosynthesis|[silent]\n|switch|p1b: Ogerpon|Ogerpon-Wellspring, L50, F|100\/100\n|move|p2b: Roaring Moon|Earthquake|p1b: Ogerpon|[spread] p1a,p1b\n|-supereffective|p1a: Iron Hands\n|-resisted|p1b: Ogerpon\n|-crit|p1b: Ogerpon\n|-damage|p1a: Iron Hands|0 fnt\n|-damage|p1b: Ogerpon|67\/100\n|faint|p1a: Iron Hands\n|-end|p1a: Iron Hands|Quark Drive|[silent]\n|\n|-weather|RainDance|[upkeep]\n|-sideend|p2: LAKAYTGAMER75|move: Tailwind\n|upkeep\n|\n|t:|1701014324\n|switch|p1a: Flutter Mane|Flutter Mane, L50, tera:Fairy|31\/100\n|turn|6\n|\n|t:|1701014332\n|move|p2b: Roaring Moon|Earthquake|p1a: Flutter Mane|[spread] p1a,p1b\n|-resisted|p1b: Ogerpon\n|-damage|p1a: Flutter Mane|0 fnt\n|-damage|p1b: Ogerpon|45\/100\n|faint|p1a: Flutter Mane\n|-end|p1a: Flutter Mane|Protosynthesis|[silent]\n|move|p1b: Ogerpon|Ivy Cudgel|p2b: Roaring Moon|[anim] Ivy Cudgel Water\n|-resisted|p2b: Roaring Moon\n|-damage|p2b: Roaring Moon|14\/100\n|\n|-weather|RainDance|[upkeep]\n|upkeep\n|turn|7\n|\n|t:|1701014340\n|move|p1b: Ogerpon|Spiky Shield|p1b: Ogerpon\n|-singleturn|p1b: Ogerpon|move: Protect\n|move|p2b: Roaring Moon|Earthquake|p1b: Ogerpon\n|-activate|p1b: Ogerpon|move: Protect\n|\n|-weather|RainDance|[upkeep]\n|upkeep\n|turn|8\n|\n|t:|1701014346\n|move|p2b: Roaring Moon|Earthquake|p1b: Ogerpon\n|-resisted|p1b: Ogerpon\n|-damage|p1b: Ogerpon|18\/100\n|move|p1b: Ogerpon|Ivy Cudgel|p2b: Roaring Moon|[anim] Ivy Cudgel Water\n|-resisted|p2b: Roaring Moon\n|-damage|p2b: Roaring Moon|0 fnt\n|faint|p2b: Roaring Moon\n|-end|p2b: Roaring Moon|Protosynthesis|[silent]\n|\n|win|Astano\n|raw|Astano's rating: 1040 &rarr; <strong>1076<\/strong><br \/>(+36 for winning)\n|raw|LAKAYTGAMER75's rating: 1065 &rarr; <strong>1044<\/strong><br \/>(-21 for losing)\n","uploadtime":1701014350,"views":2,"p1id":"astano","p2id":"lakaytgamer75","formatid":"gen9vgc2023regulatione","rating":1044,"private":0,"password":""}