{"id":"gen9vgc2023regulatione-1994550884","p1":"GlennIsAFrog","p2":"Blakxify","format":"[Gen 9] VGC 2023 Regulation E","log":"|j|\u2606GlennIsAFrog\n|j|\u2606Blakxify\n|n|\u2606GlennIsAFrog|glennisafrog\n|n|\u2606Blakxify|blakxify\n|html|View the match progress at <a href=\"\/game-bestof3-gen9vgc2023regulatione-1994550883\">game-bestof3-gen9vgc2023regulatione-1994550883<\/a>\n|t:|1700458391\n|gametype|doubles\n|player|p1|GlennIsAFrog|2|\n|player|p2|Blakxify|101|\n|teamsize|p1|6\n|teamsize|p2|6\n|gen|9\n|tier|[Gen 9] VGC 2023 Regulation E\n|rule|Species Clause: Limit one of each Pok\u00e9mon\n|rule|Item Clause: Limit one of each item\n|clearpoke\n|poke|p1|Zapdos, L50|\n|poke|p1|Politoed, L50, F|\n|poke|p1|Drednaw, L50, M|\n|poke|p1|Goodra, L50, M|\n|poke|p1|Palafin, L50, F|\n|poke|p1|Tinkaton, L50, F|\n|poke|p2|Thundurus-Therian, L50, M|\n|poke|p2|Magneton, L50|\n|poke|p2|Riolu, L50, F|\n|poke|p2|Ogerpon-Hearthflame, L50, F|\n|poke|p2|Chien-Pao, L50|\n|poke|p2|Lycanroc-Dusk, L50, M|\n|teampreview|4\n|inactive|Battle timer is ON: inactive players will automatically lose when time's up. (requested by GlennIsAFrog)\n|c|\u2606GlennIsAFrog|glhf!\n|c|\u2606Blakxify|u 2\nBlakxify rejected open team sheets.\n|inactive|GlennIsAFrog has 60 seconds left.\n|inactive|Blakxify has 60 seconds left.\n|\n|t:|1700458441\n|start\n|switch|p1a: Frog|Politoed, L50, F|100\/100\n|switch|p1b: Speedy|Drednaw, L50, M, shiny|100\/100\n|switch|p2a: Ogerpon|Ogerpon-Hearthflame, L50, F|100\/100\n|switch|p2b: Riolu|Riolu, L50, F|100\/100\n|-ability|p2a: Ogerpon|Mold Breaker\n|-weather|RainDance|[from] ability: Drizzle|[of] p1a: Frog\n|turn|1\n|inactive|GlennIsAFrog has 30 seconds left.\n|\n|t:|1700458469\n|-terastallize|p1b: Speedy|Fire\n|move|p1a: Frog|Helping Hand|p1b: Speedy\n|-singleturn|p1b: Speedy|Helping Hand|[of] p1a: Frog\n|move|p2b: Riolu|Sunny Day|p2b: Riolu\n|-weather|SunnyDay\n|move|p2a: Ogerpon|Horn Leech|p1b: Speedy\n|-resisted|p1b: Speedy\n|-damage|p1b: Speedy|79\/100\n|move|p1b: Speedy|Rock Slide|p2a: Ogerpon|[spread] p2a,p2b\n|-supereffective|p2a: Ogerpon\n|-resisted|p2b: Riolu\n|-damage|p2a: Ogerpon|0 fnt\n|-damage|p2b: Riolu|56\/100\n|faint|p2a: Ogerpon\n|\n|-weather|SunnyDay|[upkeep]\n|upkeep\n|\n|t:|1700458478\n|switch|p2a: Lycanroc|Lycanroc-Dusk, L50, M|100\/100\n|turn|2\n|\n|t:|1700458497\n|move|p1b: Speedy|Protect|p1b: Speedy\n|-singleturn|p1b: Speedy|Protect\n|move|p2a: Lycanroc|Rock Slide|p1b: Speedy|[spread] p1a\n|-activate|p1b: Speedy|move: Protect\n|-damage|p1a: Frog|77\/100\n|move|p1a: Frog|Weather Ball|p2b: Riolu\n|-damage|p2b: Riolu|0 fnt\n|faint|p2b: Riolu\n|\n|-weather|SunnyDay|[upkeep]\n|upkeep\n|\n|t:|1700458506\n|switch|p2b: Thundurus|Thundurus-Therian, L50, M|100\/100\n|turn|3\n|inactive|GlennIsAFrog has 30 seconds left.\n|inactive|GlennIsAFrog has 20 seconds left.\n|inactive|GlennIsAFrog has 15 seconds left.\n|\n|t:|1700458548\n|move|p1a: Frog|Protect|p1a: Frog\n|-singleturn|p1a: Frog|Protect\n|move|p2a: Lycanroc|Rock Slide|p1b: Speedy|[spread] p1b\n|-activate|p1a: Frog|move: Protect\n|-supereffective|p1b: Speedy\n|-damage|p1b: Speedy|25\/100\n|move|p2b: Thundurus|Wildbolt Storm|p1a: Frog|[spread] p1b\n|-activate|p1a: Frog|move: Protect\n|-damage|p1b: Speedy|0 fnt\n|faint|p1b: Speedy\n|-damage|p2b: Thundurus|91\/100|[from] item: Life Orb\n|\n|-weather|SunnyDay|[upkeep]\n|upkeep\n|\n|t:|1700458558\n|switch|p1b: Goobdra|Goodra, L50, M|100\/100\n|turn|4\n|\n|t:|1700458583\n|move|p2a: Lycanroc|Rock Slide|p1a: Frog|[spread] p1a,p1b\n|-damage|p1a: Frog|52\/100\n|-damage|p1b: Goobdra|68\/100\n|move|p2b: Thundurus|Wildbolt Storm|p1b: Goobdra|[spread] p1a\n|-miss|p2b: Thundurus|p1b: Goobdra\n|-supereffective|p1a: Frog\n|-damage|p1a: Frog|0 fnt\n|faint|p1a: Frog\n|-damage|p2b: Thundurus|81\/100|[from] item: Life Orb\n|cant|p1b: Goobdra|flinch\n|\n|-weather|SunnyDay|[upkeep]\n|upkeep\n|\n|t:|1700458593\n|switch|p1a: Red Tail|Zapdos, L50|100\/100\n|turn|5\n|\n|t:|1700458605\n|-terastallize|p2a: Lycanroc|Fairy\n|move|p1a: Red Tail|Protect|p1a: Red Tail\n|-singleturn|p1a: Red Tail|Protect\n|move|p2a: Lycanroc|Rock Slide|p1b: Goobdra|[spread] \n|-activate|p1a: Red Tail|move: Protect\n|-miss|p2a: Lycanroc|p1b: Goobdra\n|move|p2b: Thundurus|Weather Ball|p1a: Red Tail\n|-activate|p1a: Red Tail|move: Protect\n|move|p1b: Goobdra|Draco Meteor|p2a: Lycanroc\n|-immune|p2a: Lycanroc\n|\n|-weather|none\n|upkeep\n|turn|6\n|\n|t:|1700458619\n|move|p2a: Lycanroc|Rock Slide|p1b: Goobdra|[spread] p1a,p1b\n|-supereffective|p1a: Red Tail\n|-enditem|p1a: Red Tail|Charti Berry|[eat]\n|-enditem|p1a: Red Tail|Charti Berry|[weaken]\n|-damage|p1a: Red Tail|75\/100\n|-damage|p1b: Goobdra|35\/100\n|move|p2b: Thundurus|Wildbolt Storm|p1a: Red Tail|[spread] p1a\n|-miss|p2b: Thundurus|p1b: Goobdra\n|-damage|p1a: Red Tail|13\/100\n|-damage|p2b: Thundurus|71\/100|[from] item: Life Orb\n|move|p1a: Red Tail|Thunderbolt|p2a: Lycanroc\n|-damage|p2a: Lycanroc|28\/100\n|move|p1b: Goobdra|Rock Slide|p2b: Thundurus|[spread] p2a,p2b\n|-supereffective|p2b: Thundurus\n|-damage|p2a: Lycanroc|8\/100\n|-damage|p2b: Thundurus|28\/100\n|\n|upkeep\n|turn|7\n|inactive|GlennIsAFrog has 30 seconds left.\n|\n|t:|1700458647\n|move|p1a: Red Tail|Protect|p1a: Red Tail\n|-singleturn|p1a: Red Tail|Protect\n|move|p2a: Lycanroc|Rock Slide|p1b: Goobdra|[spread] \n|-activate|p1a: Red Tail|move: Protect\n|-miss|p2a: Lycanroc|p1b: Goobdra\n|move|p2b: Thundurus|Wildbolt Storm|p1b: Goobdra|[spread] p1b\n|-activate|p1a: Red Tail|move: Protect\n|-resisted|p1b: Goobdra\n|-damage|p1b: Goobdra|14\/100\n|-damage|p2b: Thundurus|18\/100|[from] item: Life Orb\n|move|p1b: Goobdra|Rock Slide|p2b: Thundurus|[spread] p2a,p2b\n|-supereffective|p2b: Thundurus\n|-damage|p2a: Lycanroc|0 fnt\n|-damage|p2b: Thundurus|0 fnt\n|faint|p2a: Lycanroc\n|faint|p2b: Thundurus\n|\n|win|GlennIsAFrog\n|inactive|GlennIsAFrog has 50 seconds to confirm battle start!\n|inactive|Blakxify has 50 seconds to confirm battle start!\n|c|\u2606Blakxify|facak\n|c|\u2606GlennIsAFrog|gg\n|c|\u2606Blakxify|gg\n|inactive|GlennIsAFrog has 40 seconds to confirm battle start!\n|inactive|Blakxify has 40 seconds to confirm battle start!\n|c|&|\/uhtml prompt-blakxify,Blakxify is ready for game 2!\n|c|&|\/uhtml prompt-glennisafrog,GlennIsAFrog is ready for game 2!\nBoth players are ready! Starting next match!\n","uploadtime":1700458660,"views":25,"p1id":"glennisafrog","p2id":"blakxify","formatid":"gen9vgc2023regulatione","rating":0,"private":0,"password":""}