{"id":"gen9vgc2023regulatione-1991602412","p1":"ThatSweetEmoKid","p2":"AidenMia","format":"[Gen 9] VGC 2023 Regulation E","log":"|j|\u2606ThatSweetEmoKid\n|j|\u2606AidenMia\n|t:|1700093032\n|gametype|doubles\n|player|p1|ThatSweetEmoKid|riley|1000\n|player|p2|AidenMia|102|1045\n|teamsize|p1|6\n|teamsize|p2|6\n|gen|9\n|tier|[Gen 9] VGC 2023 Regulation E\n|rated|\n|rule|Species Clause: Limit one of each Pok\u00e9mon\n|rule|Item Clause: Limit one of each item\n|clearpoke\n|poke|p1|Sneasler, L50, F|\n|poke|p1|Indeedee-F, L50, F|\n|poke|p1|Armarouge, L50, F|\n|poke|p1|Urshifu-*, L50, F|\n|poke|p1|Chien-Pao, L50|\n|poke|p1|Tornadus, L50, M|\n|poke|p2|Ogerpon-Hearthflame, L50, F|\n|poke|p2|Landorus-Therian, L50, M|\n|poke|p2|Flutter Mane, L50|\n|poke|p2|Iron Hands, L50|\n|poke|p2|Urshifu-*, L50, M|\n|poke|p2|Tornadus, L50, M|\n|teampreview|4\n|\n|t:|1700093061\n|start\n|switch|p1a: Urshifu|Urshifu-Rapid-Strike, L50, F|100\/100\n|switch|p1b: Armarouge|Armarouge, L50, F|100\/100\n|switch|p2a: Iron Hands|Iron Hands, L50, shiny|100\/100\n|switch|p2b: Flutter Mane|Flutter Mane, L50, shiny|100\/100\n|-enditem|p2b: Flutter Mane|Booster Energy\n|-activate|p2b: Flutter Mane|ability: Protosynthesis|[fromitem]\n|-start|p2b: Flutter Mane|protosynthesisspa\n|turn|1\n|inactive|Battle timer is ON: inactive players will automatically lose when time's up. (requested by AidenMia)\n|inactive|ThatSweetEmoKid has 60 seconds left.\n|\n|t:|1700093096\n|move|p1b: Armarouge|Wide Guard|p1b: Armarouge\n|-singleturn|p1b: Armarouge|Wide Guard\n|move|p2a: Iron Hands|Fake Out|p1a: Urshifu\n|-damage|p1a: Urshifu|88\/100\n|cant|p1a: Urshifu|flinch\n|move|p2b: Flutter Mane|Dazzling Gleam|p1a: Urshifu|[spread] \n|-activate|p1a: Urshifu|move: Wide Guard\n|-activate|p1b: Armarouge|move: Wide Guard\n|\n|upkeep\n|turn|2\n|inactive|ThatSweetEmoKid has 30 seconds left.\n|\n|t:|1700093128\n|move|p2b: Flutter Mane|Protect|p2b: Flutter Mane\n|-singleturn|p2b: Flutter Mane|Protect\n|move|p1b: Armarouge|Wide Guard|p1b: Armarouge\n|-singleturn|p1b: Armarouge|Wide Guard\n|move|p1a: Urshifu|Aqua Jet|p2b: Flutter Mane\n|-damage|p2b: Flutter Mane|55\/100\n|move|p2a: Iron Hands|Wild Charge|p1a: Urshifu\n|-supereffective|p1a: Urshifu\n|-damage|p1a: Urshifu|13\/100\n|-damage|p2a: Iron Hands|87\/100|[from] Recoil\n|\n|upkeep\n|turn|3\n|inactive|ThatSweetEmoKid has 30 seconds left.\n|inactive|ThatSweetEmoKid has 20 seconds left.\n|\n|t:|1700093163\n|-end|p2a: Iron Hands|Quark Drive|[silent]\n|switch|p2a: Tornadus|Tornadus, L50, M, shiny|100\/100\n|move|p1a: Urshifu|Aqua Jet|p2b: Flutter Mane\n|-damage|p2b: Flutter Mane|8\/100\n|move|p2b: Flutter Mane|Dark Pulse|p1a: Urshifu\n|-resisted|p1a: Urshifu\n|-damage|p1a: Urshifu|0 fnt\n|faint|p1a: Urshifu\n|move|p1b: Armarouge|Armor Cannon|p2a: Tornadus\n|-damage|p2a: Tornadus|23\/100\n|-unboost|p1b: Armarouge|def|1\n|-unboost|p1b: Armarouge|spd|1\n|\n|upkeep\n|\n|t:|1700093186\n|switch|p1a: Indeedee|Indeedee-F, L50, F|100\/100\n|-fieldstart|move: Psychic Terrain|[from] ability: Psychic Surge|[of] p1a: Indeedee\n|turn|4\n|inactive|ThatSweetEmoKid has 30 seconds left.\n|inactive|AidenMia has 30 seconds left.\n|\n|t:|1700093217\n|move|p2b: Flutter Mane|Protect|p2b: Flutter Mane\n|-singleturn|p2b: Flutter Mane|Protect\n|move|p1a: Indeedee|Follow Me|p1a: Indeedee\n|-singleturn|p1a: Indeedee|move: Follow Me\n|move|p2a: Tornadus|Bleakwind Storm|p1a: Indeedee|[spread] p1a,p1b\n|-crit|p1b: Armarouge\n|-damage|p1a: Indeedee|54\/100\n|-enditem|p1b: Armarouge|Focus Sash\n|-damage|p1b: Armarouge|1\/100\n|-unboost|p1a: Indeedee|spe|1\n|-damage|p2a: Tornadus|13\/100|[from] item: Life Orb\n|move|p1b: Armarouge|Expanding Force|p2a: Tornadus|[spread] p2a\n|-activate|p2b: Flutter Mane|move: Protect\n|-damage|p2a: Tornadus|0 fnt\n|faint|p2a: Tornadus\n|\n|upkeep\n|\n|t:|1700093239\n|switch|p2a: Iron Hands|Iron Hands, L50, shiny|87\/100\n|turn|5\n|\n|t:|1700093259\n|move|p1b: Armarouge|Wide Guard|p1b: Armarouge\n|-singleturn|p1b: Armarouge|Wide Guard\n|move|p2a: Iron Hands|Fake Out|p1b: Armarouge\n|-activate|p1b: Armarouge|move: Psychic Terrain\n|move|p2b: Flutter Mane|Dark Pulse|p1a: Indeedee\n|-supereffective|p1a: Indeedee\n|-damage|p1a: Indeedee|0 fnt\n|faint|p1a: Indeedee\n|\n|upkeep\n|\n|t:|1700093270\n|switch|p1a: Sneasler|Sneasler, L50, F|100\/100\n|-enditem|p1a: Sneasler|Psychic Seed\n|-boost|p1a: Sneasler|spd|1|[from] item: Psychic Seed\n|turn|6\n|\n|t:|1700093287\n|move|p1a: Sneasler|Protect|p1a: Sneasler\n|-singleturn|p1a: Sneasler|Protect\n|move|p2b: Flutter Mane|Dazzling Gleam|p1a: Sneasler|[spread] p1b\n|-activate|p1a: Sneasler|move: Protect\n|-resisted|p1b: Armarouge\n|-damage|p1b: Armarouge|0 fnt\n|faint|p1b: Armarouge\n|move|p2a: Iron Hands|Drain Punch|p1a: Sneasler\n|-activate|p1a: Sneasler|move: Protect\n|\n|upkeep\n|turn|7\n|\n|t:|1700093311\n|move|p1a: Sneasler|Rock Slide|p2a: Iron Hands|[spread] p2a,p2b\n|-resisted|p2a: Iron Hands\n|-damage|p2a: Iron Hands|81\/100\n|-damage|p2b: Flutter Mane|0 fnt\n|faint|p2b: Flutter Mane\n|-end|p2b: Flutter Mane|Protosynthesis|[silent]\n|move|p2a: Iron Hands|Wild Charge|p1a: Sneasler\n|-damage|p1a: Sneasler|43\/100\n|-damage|p2a: Iron Hands|72\/100|[from] Recoil\n|\n|upkeep\n|\n|t:|1700093319\n|switch|p2b: Urshifu|Urshifu-Rapid-Strike, L50, M|100\/100\n|turn|8\n|\n|t:|1700093330\n|-terastallize|p1a: Sneasler|Rock\n|-terastallize|p2b: Urshifu|Dragon\n|move|p1a: Sneasler|Rock Slide|p2b: Urshifu|[spread] p2a,p2b\n|-resisted|p2a: Iron Hands\n|-damage|p2a: Iron Hands|63\/100\n|-damage|p2b: Urshifu|74\/100\n|cant|p2b: Urshifu|flinch\n|move|p2a: Iron Hands|Wild Charge|p1a: Sneasler\n|-crit|p1a: Sneasler\n|-damage|p1a: Sneasler|0 fnt\n|faint|p1a: Sneasler\n|-damage|p2a: Iron Hands|56\/100|[from] Recoil\n|\n|win|AidenMia\n|raw|ThatSweetEmoKid's rating: 1000 &rarr; <strong>1000<\/strong><br \/>(+0 for losing)\n|raw|AidenMia's rating: 1045 &rarr; <strong>1074<\/strong><br \/>(+29 for winning)\n|l|\u2606AidenMia\n","uploadtime":1700093352,"views":13,"p1id":"thatsweetemokid","p2id":"aidenmia","formatid":"gen9vgc2023regulatione","rating":1000,"private":0,"password":""}