{"id":"gen9vgc2023regulatione-1992356449","p1":"Snarf6969","p2":"Kzjrkzjk","format":"[Gen 9] VGC 2023 Regulation E","log":"|j|\u2606Snarf6969\n|j|\u2606Kzjrkzjk\n|t:|1700178194\n|gametype|doubles\n|player|p1|Snarf6969|red|1152\n|player|p2|Kzjrkzjk|lance|1052\n|teamsize|p1|6\n|teamsize|p2|6\n|gen|9\n|tier|[Gen 9] VGC 2023 Regulation E\n|rated|\n|rule|Species Clause: Limit one of each Pok\u00e9mon\n|rule|Item Clause: Limit one of each item\n|clearpoke\n|poke|p1|Tornadus, L50, M|\n|poke|p1|Baxcalibur, L50, F|\n|poke|p1|Tinkaton, L50, F|\n|poke|p1|Dondozo, L50, M|\n|poke|p1|Sinistcha-Masterpiece, L50|\n|poke|p1|Chi-Yu, L50|\n|poke|p2|Flutter Mane, L50|\n|poke|p2|Tornadus, L50, M|\n|poke|p2|Rillaboom, L50, M|\n|poke|p2|Garganacl, L50, M|\n|poke|p2|Arcanine-Hisui, L50, F|\n|poke|p2|Chien-Pao, L50|\n|teampreview|4\n|inactive|Battle timer is ON: inactive players will automatically lose when time's up. (requested by Snarf6969)\n|inactive|Snarf6969 has 60 seconds left.\nSnarf6969 rejected open team sheets.\n|inactive|Snarf6969 has 30 seconds left.\n|inactive|Snarf6969 has 20 seconds left.\n|inactive|Snarf6969 has 15 seconds left.\n|\n|t:|1700178272\n|start\n|switch|p1a: Baxcalibur|Baxcalibur, L50, F|100\/100\n|switch|p1b: Tinkaton|Tinkaton, L50, F|100\/100\n|switch|p2a: Tornadus|Tornadus, L50, M|100\/100\n|switch|p2b: Arcanine|Arcanine-Hisui, L50, F|100\/100\n|-ability|p2b: Arcanine|Intimidate|boost\n|-unboost|p1a: Baxcalibur|atk|1\n|-fail|p1b: Tinkaton|unboost|Attack|[from] ability: Own Tempo|[of] p1b: Tinkaton\n|turn|1\n|\n|t:|1700178288\n|switch|p2b: Garganacl|Garganacl, L50, M|100\/100\n|move|p1b: Tinkaton|Fake Out|p2a: Tornadus\n|-damage|p2a: Tornadus|90\/100\n|-damage|p1b: Tinkaton|84\/100|[from] item: Rocky Helmet|[of] p2a: Tornadus\n|move|p1a: Baxcalibur|Icicle Crash|p2a: Tornadus|[miss]\n|-miss|p1a: Baxcalibur|p2a: Tornadus\n|cant|p2a: Tornadus|flinch\n|\n|upkeep\n|turn|2\n|\n|t:|1700178304\n|switch|p1a: Dondozo|Dondozo, L50, M|100\/100\n|-terastallize|p2b: Garganacl|Ghost\n|move|p2a: Tornadus|Tailwind|p2a: Tornadus\n|-sidestart|p2: Kzjrkzjk|move: Tailwind\n|move|p1b: Tinkaton|Bulldoze|p2a: Tornadus|[spread] p1a,p2b\n|-immune|p2a: Tornadus\n|-crit|p2b: Garganacl\n|-damage|p1a: Dondozo|95\/100\n|-damage|p2b: Garganacl|92\/100\n|-unboost|p2b: Garganacl|spe|1\n|move|p2b: Garganacl|Salt Cure|p1a: Dondozo\n|-damage|p1a: Dondozo|86\/100\n|-start|p1a: Dondozo|Salt Cure\n|\n|-damage|p1a: Dondozo|61\/100|[from] Salt Cure\n|upkeep\n|turn|3\n|\n|t:|1700178325\n|switch|p2a: Rillaboom|Rillaboom, L50, M|100\/100\n|-fieldstart|move: Grassy Terrain|[from] ability: Grassy Surge|[of] p2a: Rillaboom\n|move|p1b: Tinkaton|Foul Play|p2b: Garganacl\n|-supereffective|p2b: Garganacl\n|-damage|p2b: Garganacl|60\/100\n|move|p2b: Garganacl|Iron Defense|p2b: Garganacl\n|-boost|p2b: Garganacl|def|2\n|move|p1a: Dondozo|Yawn|p2b: Garganacl\n|-immune|p2b: Garganacl|[from] ability: Purifying Salt\n|\n|-heal|p1b: Tinkaton|90\/100|[from] Grassy Terrain\n|-heal|p2b: Garganacl|66\/100|[from] Grassy Terrain\n|-heal|p1a: Dondozo|67\/100|[from] Grassy Terrain\n|-damage|p1a: Dondozo|42\/100|[from] Salt Cure\n|upkeep\n|turn|4\n|\n|t:|1700178351\n|switch|p1a: Chi-Yu|Chi-Yu, L50|100\/100\n|-ability|p1a: Chi-Yu|Beads of Ruin\n|move|p2a: Rillaboom|Drain Punch|p1b: Tinkaton\n|-damage|p1b: Tinkaton|63\/100\n|move|p1b: Tinkaton|Foul Play|p2b: Garganacl\n|-supereffective|p2b: Garganacl\n|-damage|p2b: Garganacl|50\/100\n|-enditem|p2b: Garganacl|Sitrus Berry|[eat]\n|-heal|p2b: Garganacl|74\/100|[from] item: Sitrus Berry\n|move|p2b: Garganacl|Salt Cure|p1b: Tinkaton\n|-resisted|p1b: Tinkaton\n|-damage|p1b: Tinkaton|57\/100\n|-start|p1b: Tinkaton|Salt Cure\n|\n|-heal|p1b: Tinkaton|63\/100|[from] Grassy Terrain\n|-heal|p2b: Garganacl|80\/100|[from] Grassy Terrain\n|-damage|p1b: Tinkaton|38\/100|[from] Salt Cure\n|upkeep\n|turn|5\n|inactive|Snarf6969 has 30 seconds left.\n|inactive|Snarf6969 has 20 seconds left.\n|\n|t:|1700178387\n|switch|p2a: Tornadus|Tornadus, L50, M|90\/100\n|switch|p1b: Dondozo|Dondozo, L50, M|42\/100\n|move|p1a: Chi-Yu|Protect|p1a: Chi-Yu\n|-singleturn|p1a: Chi-Yu|Protect\n|move|p2b: Garganacl|Protect||[still]\n|-fail|p2b: Garganacl\n|\n|-heal|p2b: Garganacl|86\/100|[from] Grassy Terrain\n|-heal|p1b: Dondozo|48\/100|[from] Grassy Terrain\n|-sideend|p2: Kzjrkzjk|move: Tailwind\n|upkeep\n|turn|6\n|\n|t:|1700178406\n|move|p2a: Tornadus|Tailwind|p2a: Tornadus\n|-sidestart|p2: Kzjrkzjk|move: Tailwind\n|move|p1a: Chi-Yu|Heat Wave|p2b: Garganacl|[spread] p2a\n|-miss|p1a: Chi-Yu|p2b: Garganacl\n|-damage|p2a: Tornadus|37\/100\n|move|p2b: Garganacl|Salt Cure|p1a: Chi-Yu\n|-supereffective|p1a: Chi-Yu\n|-damage|p1a: Chi-Yu|49\/100\n|-start|p1a: Chi-Yu|Salt Cure\n|move|p1b: Dondozo|Yawn|p2b: Garganacl\n|-immune|p2b: Garganacl|[from] ability: Purifying Salt\n|\n|-heal|p1a: Chi-Yu|55\/100|[from] Grassy Terrain\n|-heal|p2b: Garganacl|92\/100|[from] Grassy Terrain\n|-heal|p1b: Dondozo|54\/100|[from] Grassy Terrain\n|-damage|p1a: Chi-Yu|42\/100|[from] Salt Cure\n|upkeep\n|turn|7\n|\n|t:|1700178425\n|move|p2a: Tornadus|Bleakwind Storm|p1b: Dondozo|[spread] p1a,p1b\n|-crit|p1a: Chi-Yu\n|-damage|p1a: Chi-Yu|0 fnt\n|-damage|p1b: Dondozo|18\/100\n|faint|p1a: Chi-Yu\n|move|p2b: Garganacl|Salt Cure|p1b: Dondozo\n|-damage|p1b: Dondozo|9\/100\n|-start|p1b: Dondozo|Salt Cure\n|move|p1b: Dondozo|Wave Crash|p2a: Tornadus\n|-damage|p2a: Tornadus|0 fnt\n|-damage|p1b: Dondozo|0 fnt|[from] item: Rocky Helmet|[of] p2a: Tornadus\n|faint|p2a: Tornadus\n|faint|p1b: Dondozo\n|\n|-heal|p2b: Garganacl|98\/100|[from] Grassy Terrain\n|-fieldend|move: Grassy Terrain\n|upkeep\n|-message|Snarf6969 forfeited.\n|\n|win|Kzjrkzjk\n|raw|Snarf6969's rating: 1152 &rarr; <strong>1120<\/strong><br \/>(-32 for losing)\n|raw|Kzjrkzjk's rating: 1052 &rarr; <strong>1093<\/strong><br \/>(+41 for winning)\n|l|\u2606Snarf6969\n","uploadtime":1700178439,"views":13,"p1id":"snarf6969","p2id":"kzjrkzjk","formatid":"gen9vgc2023regulatione","rating":1093,"private":0,"password":""}