{"id":"gen9vgc2023regulatione-1990066206","p1":"D1gsVGC","p2":"Capn Neo","format":"[Gen 9] VGC 2023 Regulation E","log":"|j|\u2606D1gsVGC\n|j|\u2606Capn Neo\n|n|\u2606D1gsVGC|d1gsvgc\n|n|\u2606Capn Neo|capnneo\n|html|View the match progress at <a href=\"\/game-bestof3-gen9vgc2023regulatione-1990066205\">game-bestof3-gen9vgc2023regulatione-1990066205<\/a>\n|t:|1699920891\n|gametype|doubles\n|player|p1|D1gsVGC|red-masters|\n|player|p2|Capn Neo|red|\n|teamsize|p1|6\n|teamsize|p2|6\n|gen|9\n|tier|[Gen 9] VGC 2023 Regulation E\n|rule|Species Clause: Limit one of each Pok\u00e9mon\n|rule|Item Clause: Limit one of each item\n|clearpoke\n|poke|p1|Okidogi, L50, M|\n|poke|p1|Volbeat, L50, M|\n|poke|p1|Heatran, L50, M|\n|poke|p1|Tinkaton, L50, F|\n|poke|p1|Thwackey, L50, F|\n|poke|p1|Tauros-Paldea-Combat, L50, M|\n|poke|p2|Urshifu-*, L50, M|\n|poke|p2|Iron Bundle, L50|\n|poke|p2|Cinderace, L50, M|\n|poke|p2|Slowking-Galar, L50, M|\n|poke|p2|Electrode, L50|\n|poke|p2|Illumise, L50, F|\n|teampreview|4\n|inactive|Battle timer is ON: inactive players will automatically lose when time's up. (requested by D1gsVGC)\n|inactiveoff|Battle timer is now OFF.\n|c|\u2606Capn Neo|glhf\n|c|\u2606D1gsVGC|glhf\n|j| OmegaAlpha01\n|j| 4Azzy\n|c|\u2606D1gsVGC|just realised I did some math wrong\n|c|\u2606D1gsVGC|oops\n|j| Pokemon_and_beer\n|c| Pokemon_and_beer|Glhf!\n|c| 4Azzy|time to play\n|c| 4Azzy|how many derivations can i do in my HW each game\n|c|\u2606Capn Neo|i forgot what strategy i was using this round hold on\n|c| 4Azzy|real\n|\n|t:|1699921005\n|start\n|switch|p1a: Tinkaton|Tinkaton, L50, F|100\/100\n|switch|p1b: Thwackey|Thwackey, L50, F|100\/100\n|switch|p2a: Mysterio|Iron Bundle, L50|100\/100\n|switch|p2b: Venom|Slowking-Galar, L50, M|100\/100\n|-ability|p1a: Tinkaton|Mold Breaker\n|-enditem|p2a: Mysterio|Booster Energy\n|-activate|p2a: Mysterio|ability: Quark Drive|[fromitem]\n|-start|p2a: Mysterio|quarkdrivespe\n|turn|1\n|c|\u2606D1gsVGC|bro\n|c|\u2606D1gsVGC|I forgot grassy surge\n|c|\u2606D1gsVGC|\ud83d\ude2d\ud83d\ude2d\ud83d\ude2d\n|c|\u2606Capn Neo|F\n|c|\u2606D1gsVGC|idk what the rules are for me to change it\n|c|\u2606D1gsVGC|idk\n|c|\u2606D1gsVGC|well\n|c|\u2606Capn Neo|it's okay idk what im doing anyway, im sure you'll win regardless\n|c|\u2606D1gsVGC|I'll try\n|c|\u2606D1gsVGC|its just that one of my strategies was involved around it\n|\n|t:|1699921096\n|switch|p2b: Electro|Electrode, L50, shiny|100\/100\n|move|p1b: Thwackey|Fake Out|p2a: Mysterio\n|-damage|p2a: Mysterio|90\/100\n|cant|p2a: Mysterio|flinch\n|move|p1a: Tinkaton|Light Screen|p1a: Tinkaton\n|-sidestart|p1: D1gsVGC|move: Light Screen\n|\n|upkeep\n|turn|2\n|\n|t:|1699921110\n|move|p2a: Mysterio|Blizzard|p1b: Thwackey|[spread] p1a,p1b\n|-resisted|p1a: Tinkaton\n|-supereffective|p1b: Thwackey\n|-damage|p1a: Tinkaton|89\/100\n|-damage|p1b: Thwackey|55\/100\n|move|p2b: Electro|Light Screen|p2b: Electro\n|-sidestart|p2: Capn Neo|move: Light Screen\n|move|p1a: Tinkaton|Thunder Wave|p2a: Mysterio\n|-status|p2a: Mysterio|par\n|move|p1b: Thwackey|U-turn|p2b: Electro\n|-damage|p2b: Electro|78\/100\n|\n|t:|1699921119\n|switch|p1b: Heatran|Heatran, L50, M|100\/100|[from] U-turn\n|\n|upkeep\n|turn|3\n|\n|t:|1699921144\n|move|p2b: Electro|Helping Hand|p2a: Mysterio\n|-singleturn|p2a: Mysterio|Helping Hand|[of] p2b: Electro\n|move|p2a: Mysterio|Chilling Water|p1b: Heatran\n|-supereffective|p1b: Heatran\n|-damage|p1b: Heatran|66\/100\n|-unboost|p1b: Heatran|atk|1\n|move|p1a: Tinkaton|Play Rough|p2b: Electro|[miss]\n|-miss|p1a: Tinkaton|p2b: Electro\n|move|p1b: Heatran|Substitute|p1b: Heatran\n|-start|p1b: Heatran|Substitute\n|-damage|p1b: Heatran|41\/100\n|\n|upkeep\n|turn|4\n|c|\u2606D1gsVGC|ok really missing that terrain rn\n|\n|t:|1699921177\n|switch|p1a: Thwackey|Thwackey, L50, F|55\/100\n|move|p2b: Electro|Helping Hand|p2a: Mysterio\n|-singleturn|p2a: Mysterio|Helping Hand|[of] p2b: Electro\n|move|p2a: Mysterio|Blizzard|p1b: Heatran|[spread] p1a\n|-miss|p2a: Mysterio|p1b: Heatran\n|-supereffective|p1a: Thwackey\n|-damage|p1a: Thwackey|0 fnt\n|faint|p1a: Thwackey\n|move|p1b: Heatran|Heat Wave|p2a: Mysterio|[spread] p2a,p2b\n|-damage|p2a: Mysterio|37\/100 par\n|-damage|p2b: Electro|48\/100\n|\n|upkeep\n|\n|t:|1699921195\n|switch|p1a: Tinkaton|Tinkaton, L50, F|89\/100\n|-ability|p1a: Tinkaton|Mold Breaker\n|turn|5\n|\n|t:|1699921218\n|move|p2b: Electro|Volt Switch|p1b: Heatran\n|-activate|p1b: Heatran|move: Substitute|[damage]\n|\n|t:|1699921227\n|switch|p2b: Carnage|Cinderace, L50, M|100\/100|[from] Volt Switch\n|move|p2a: Mysterio|Blizzard|p1b: Heatran|[spread] p1b\n|-miss|p2a: Mysterio|p1a: Tinkaton\n|-resisted|p1b: Heatran\n|-activate|p1b: Heatran|move: Substitute|[damage]\n|move|p1a: Tinkaton|Play Rough|p2b: Carnage\n|-resisted|p2b: Carnage\n|-damage|p2b: Carnage|80\/100\n|move|p1b: Heatran|Heat Wave|p2a: Mysterio|[spread] p2a,p2b\n|-resisted|p2b: Carnage\n|-damage|p2a: Mysterio|0 fnt\n|-damage|p2b: Carnage|65\/100\n|faint|p2a: Mysterio\n|-end|p2a: Mysterio|Quark Drive|[silent]\n|\n|upkeep\n|c| 4Azzy|53 through screens on neutral is beefy\n|\n|t:|1699921242\n|switch|p2a: Electro|Electrode, L50, shiny|48\/100\n|turn|6\n|\n|t:|1699921276\n|move|p2a: Electro|Helping Hand|p2b: Carnage\n|-singleturn|p2b: Carnage|Helping Hand|[of] p2a: Electro\n|move|p2b: Carnage|Pyro Ball|p1a: Tinkaton\n|-supereffective|p1a: Tinkaton\n|-damage|p1a: Tinkaton|0 fnt\n|faint|p1a: Tinkaton\n|move|p1b: Heatran|Heat Wave|p2a: Electro|[spread] p2a,p2b\n|-resisted|p2b: Carnage\n|-damage|p2a: Electro|19\/100\n|-damage|p2b: Carnage|50\/100\n|-enditem|p2a: Electro|Aguav Berry|[eat]\n|-heal|p2a: Electro|52\/100|[from] item: Aguav Berry\n|\n|-sideend|p2: Capn Neo|move: Light Screen\n|upkeep\n|\n|t:|1699921284\n|switch|p1a: Okidogi|Okidogi, L50, M|100\/100\n|turn|7\n|\n|t:|1699921316\n|move|p2a: Electro|Volt Switch|p1b: Heatran\n|-activate|p1b: Heatran|move: Substitute|[damage]\n|\n|t:|1699921320\n|switch|p2a: Venom|Slowking-Galar, L50, M|100\/100|[from] Volt Switch\n|move|p2b: Carnage|Acrobatics|p1a: Okidogi\n|-supereffective|p1a: Okidogi\n|-damage|p1a: Okidogi|67\/100\n|move|p1b: Heatran|Heat Wave|p2a: Venom|[spread] p2a,p2b\n|-resisted|p2b: Carnage\n|-damage|p2a: Venom|72\/100\n|-damage|p2b: Carnage|26\/100\n|move|p1a: Okidogi|Drain Punch|p2b: Carnage\n|-damage|p2b: Carnage|0 fnt\n|-heal|p1a: Okidogi|78\/100|[from] drain|[of] p2b: Carnage\n|faint|p2b: Carnage\n|\n|-heal|p2a: Venom|78\/100|[from] item: Leftovers\n|upkeep\n|c|\u2606D1gsVGC|lol\n|\n|t:|1699921336\n|switch|p2b: Electro|Electrode, L50, shiny|52\/100\n|turn|8\n|c|\u2606D1gsVGC|that substitute\n|\n|t:|1699921353\n|-terastallize|p1a: Okidogi|Dark\n|move|p2b: Electro|Helping Hand|p2a: Venom\n|-singleturn|p2a: Venom|Helping Hand|[of] p2b: Electro\n|move|p1b: Heatran|Heat Wave|p2a: Venom|[spread] p2a,p2b\n|-damage|p2a: Venom|51\/100\n|-damage|p2b: Electro|14\/100\n|move|p1a: Okidogi|Knock Off|p2a: Venom\n|-supereffective|p2a: Venom\n|-damage|p2a: Venom|0 fnt\n|-enditem|p2a: Venom|Leftovers|[from] move: Knock Off|[of] p1a: Okidogi\n|faint|p2a: Venom\n|\n|-sideend|p1: D1gsVGC|move: Light Screen\n|upkeep\n|turn|9\n|c| 4Azzy|this sub is one of your mons now\n|c| Pokemon_and_beer|Its been up for like 3 years\n|\n|t:|1699921367\n|move|p2b: Electro|Explosion|p1a: Okidogi|[spread] p1a,p1b\n|-resisted|p1b: Heatran\n|-end|p1b: Heatran|Substitute\n|-damage|p1a: Okidogi|60\/100\n|faint|p2b: Electro\n|\n|win|D1gsVGC\n|c|\u2606Capn Neo|funny\n|c|&|\/uhtml prompt-d1gsvgc,D1gsVGC is ready for game 2!\n|c|\u2606D1gsVGC|gg\n|c|\u2606Capn Neo|gg\n|inactive|Capn Neo has 50 seconds to confirm battle start!\n|c| Pokemon_and_beer|Gg\n|c|&|\/uhtml prompt-d1gsvgc,D1gsVGC is ready for game 2!\n|c|&|\/uhtml prompt-capnneo,Capn Neo is ready for game 2!\nBoth players are ready! Starting next match!\n|c| 4Azzy|sub *this* beefy and 2hkoing bundle through screens is insane\n|l| 4Azzy\n|l|\u2606Capn Neo\n|l| Pokemon_and_beer\n","uploadtime":1699921670,"views":27,"p1id":"d1gsvgc","p2id":"capnneo","formatid":"gen9vgc2023regulatione","rating":0,"private":0,"password":""}