{"id":"gen9vgc2023regulatione-1994077937","p1":"Pepear500","p2":"RealPratyushZ","format":"[Gen 9] VGC 2023 Regulation E","log":"|j|\u2606Pepear500\n|j|\u2606RealPratyushZ\n|t:|1700403975\n|gametype|doubles\n|player|p1|Pepear500|hiker-gen4|1408\n|player|p2|RealPratyushZ|hiker-gen4|1458\n|teamsize|p1|6\n|teamsize|p2|6\n|gen|9\n|tier|[Gen 9] VGC 2023 Regulation E\n|rated|\n|rule|Species Clause: Limit one of each Pok\u00e9mon\n|rule|Item Clause: Limit one of each item\n|clearpoke\n|poke|p1|Iron Hands, L50|\n|poke|p1|Ursaluna-Bloodmoon, L50, M|\n|poke|p1|Dusclops, L50, F|\n|poke|p1|Flutter Mane, L50|\n|poke|p1|Heatran, L50, M|\n|poke|p1|Ogerpon-Wellspring, L50, F|\n|poke|p2|Coalossal, L50, F|\n|poke|p2|Bruxish, L50, F|\n|poke|p2|Torkoal, L50, F|\n|poke|p2|Iron Hands, L50|\n|poke|p2|Landorus-Therian, L50, M|\n|poke|p2|Brute Bonnet, L50|\n|teampreview|4\n|inactive|Battle timer is ON: inactive players will automatically lose when time's up. (requested by Pepear500)\nRealPratyushZ rejected open team sheets.\n|inactive|Pepear500 has 60 seconds left.\n|\n|t:|1700404008\n|start\n|switch|p1a: Ogerpon|Ogerpon-Wellspring, L50, F|100\/100\n|switch|p1b: Iron Hands|Iron Hands, L50|100\/100\n|switch|p2a: Steamy balls|Coalossal, L50, F|100\/100\n|switch|p2b: scarlet lips|Bruxish, L50, F, shiny|100\/100\n|turn|1\n|\n|t:|1700404023\n|move|p2a: Steamy balls|Protect|p2a: Steamy balls\n|-singleturn|p2a: Steamy balls|Protect\n|move|p1a: Ogerpon|Follow Me|p1a: Ogerpon\n|-singleturn|p1a: Ogerpon|move: Follow Me\n|move|p2b: scarlet lips|Super Fang|p1a: Ogerpon\n|-damage|p1a: Ogerpon|51\/100\n|move|p1b: Iron Hands|Wild Charge|p2b: scarlet lips\n|-supereffective|p2b: scarlet lips\n|-damage|p2b: scarlet lips|0 fnt\n|faint|p2b: scarlet lips\n|-damage|p1b: Iron Hands|83\/100|[from] Recoil\n|\n|upkeep\n|\n|t:|1700404033\n|switch|p2b: AmongUs|Brute Bonnet, L50|100\/100\n|turn|2\n|\n|t:|1700404039\n|-end|p2b: AmongUs|Protosynthesis|[silent]\n|switch|p2b: chorkoal|Torkoal, L50, F|100\/100\n|-weather|SunnyDay|[from] ability: Drought|[of] p2b: chorkoal\n|-terastallize|p2a: Steamy balls|Fire\n|move|p1a: Ogerpon|Ivy Cudgel|p2a: Steamy balls|[anim] Ivy Cudgel Water\n|-supereffective|p2a: Steamy balls\n|-damage|p2a: Steamy balls|57\/100\n|-ability|p2a: Steamy balls|Steam Engine|boost\n|-boost|p2a: Steamy balls|spe|6\n|-enditem|p2a: Steamy balls|Weakness Policy\n|-boost|p2a: Steamy balls|atk|2|[from] item: Weakness Policy\n|-boost|p2a: Steamy balls|spa|2|[from] item: Weakness Policy\n|move|p2a: Steamy balls|Heat Wave|p1a: Ogerpon|[spread] p1a,p1b\n|-crit|p1a: Ogerpon\n|-damage|p1a: Ogerpon|0 fnt\n|-damage|p1b: Iron Hands|25\/100\n|faint|p1a: Ogerpon\n|move|p1b: Iron Hands|Drain Punch|p2b: chorkoal\n|-damage|p2b: chorkoal|76\/100\n|-heal|p1b: Iron Hands|34\/100|[from] drain|[of] p2b: chorkoal\n|\n|-weather|SunnyDay|[upkeep]\n|upkeep\n|\n|t:|1700404053\n|switch|p1a: Dusclops|Dusclops, L50, F|100\/100\n|-ability|p1a: Dusclops|Pressure\n|turn|3\n|\n|t:|1700404068\n|move|p2a: Steamy balls|Heat Wave|p1a: Dusclops|[spread] p1a,p1b\n|-damage|p1a: Dusclops|33\/100\n|-damage|p1b: Iron Hands|0 fnt\n|-status|p1a: Dusclops|brn\n|faint|p1b: Iron Hands\n|-end|p1b: Iron Hands|Quark Drive|[silent]\n|move|p2b: chorkoal|Yawn||[still]\n|-fail|p2b: chorkoal\n|move|p1a: Dusclops|Trick Room|p1a: Dusclops\n|-fieldstart|move: Trick Room|[of] p1a: Dusclops\n|\n|-weather|SunnyDay|[upkeep]\n|-damage|p1a: Dusclops|27\/100 brn|[from] brn\n|upkeep\n|\n|t:|1700404080\n|switch|p1b: Ursaluna|Ursaluna-Bloodmoon, L50, M|100\/100\n|turn|4\n|\n|t:|1700404089\n|-terastallize|p1b: Ursaluna|Normal\n|move|p2b: chorkoal|Yawn|p1b: Ursaluna\n|-start|p1b: Ursaluna|move: Yawn|[of] p2b: chorkoal\n|move|p1a: Dusclops|Brick Break|p1b: Ursaluna\n|-supereffective|p1b: Ursaluna\n|-damage|p1b: Ursaluna|91\/100\n|-enditem|p1b: Ursaluna|Weakness Policy\n|-boost|p1b: Ursaluna|atk|2|[from] item: Weakness Policy\n|-boost|p1b: Ursaluna|spa|2|[from] item: Weakness Policy\n|move|p1b: Ursaluna|Hyper Voice|p2a: Steamy balls|[spread] p2a,p2b\n|-damage|p2a: Steamy balls|0 fnt\n|-damage|p2b: chorkoal|0 fnt\n|faint|p2a: Steamy balls\n|faint|p2b: chorkoal\n|\n|-weather|SunnyDay|[upkeep]\n|-damage|p1a: Dusclops|21\/100 brn|[from] brn\n|upkeep\n|\n|t:|1700404105\n|switch|p2b: AmongUs|Brute Bonnet, L50|100\/100\n|-activate|p2b: AmongUs|ability: Protosynthesis\n|-start|p2b: AmongUs|protosynthesisatk\n|turn|5\n|\n|t:|1700404116\n|move|p2b: AmongUs|Protect|p2b: AmongUs\n|-singleturn|p2b: AmongUs|Protect\n|move|p1a: Dusclops|Will-O-Wisp|p1b: Ursaluna\n|-status|p1b: Ursaluna|brn\n|move|p1b: Ursaluna|Blood Moon|p2b: AmongUs\n|-activate|p2b: AmongUs|move: Protect\n|\n|-weather|SunnyDay|[upkeep]\n|-damage|p1a: Dusclops|15\/100 brn|[from] brn\n|-damage|p1b: Ursaluna|85\/100 brn|[from] brn\n|-end|p1b: Ursaluna|move: Yawn|[silent]\n|upkeep\n|turn|6\n|c|\u2606RealPratyushZ|I GOT OUTPLAYED\n|c|\u2606RealPratyushZ|DAM\n|c|\u2606Pepear500|Yep jejej\n|inactive|RealPratyushZ has 30 seconds left.\n|\n|t:|1700404145\n|move|p1a: Dusclops|Pain Split|p2b: AmongUs\n|-sethp|p2b: AmongUs|55\/100|[from] move: Pain Split|[silent]\n|-sethp|p1a: Dusclops|92\/100 brn|[from] move: Pain Split\n|move|p1b: Ursaluna|Hyper Voice|p2b: AmongUs\n|-damage|p2b: AmongUs|0 fnt\n|faint|p2b: AmongUs\n|-end|p2b: AmongUs|Protosynthesis|[silent]\n|\n|win|Pepear500\n|raw|Pepear500's rating: 1408 &rarr; <strong>1431<\/strong><br \/>(+23 for winning)\n|raw|RealPratyushZ's rating: 1458 &rarr; <strong>1435<\/strong><br \/>(-23 for losing)\n","uploadtime":1700404154,"views":8,"p1id":"pepear500","p2id":"realpratyushz","formatid":"gen9vgc2023regulatione","rating":1431,"private":0,"password":""}