{"id":"gen9vgc2023regulatione-1989045800","p1":"klaus strudel","p2":"Bear Club","format":"[Gen 9] VGC 2023 Regulation E","log":"|j|\u2606klaus strudel\n|j|\u2606Bear Club\n|n|\u2606klaus strudel|klausstrudel\n|n|\u2606Bear Club|bearclub\n|html|View the match progress at <a href=\"\/game-bestof3-gen9vgc2023regulatione-1989042869\">game-bestof3-gen9vgc2023regulatione-1989042869<\/a>\n|t:|1699806102\n|gametype|doubles\n|player|p1|klaus strudel|266|\n|player|p2|Bear Club|cynthia-gen4|\n|teamsize|p1|6\n|teamsize|p2|6\n|gen|9\n|tier|[Gen 9] VGC 2023 Regulation E\n|rule|Species Clause: Limit one of each Pok\u00e9mon\n|rule|Item Clause: Limit one of each item\n|clearpoke\n|poke|p1|Tornadus, L50, M|\n|poke|p1|Urshifu-*, L50, M|\n|poke|p1|Glimmora, L50, M|\n|poke|p1|Dondozo, L50, F|\n|poke|p1|Tatsugiri, L50, F|\n|poke|p1|Flutter Mane, L50|\n|poke|p2|Tornadus, L50, M|\n|poke|p2|Heatran, L50, M|\n|poke|p2|Flutter Mane, L50|\n|poke|p2|Landorus-Therian, L50, M|\n|poke|p2|Amoonguss, L50, M|\n|poke|p2|Urshifu-*, L50, M|\n|teampreview|4\nklaus strudel has agreed to open team sheets.\nBear Club has agreed to open team sheets.\n|showteam|p1|Tornadus||CovertCloak|Prankster|Tailwind,BleakwindStorm,IcyWind,Protect|||M|||50|,,,,,Steel]Urshifu||LifeOrb|UnseenFist|WickedBlow,CloseCombat,SuckerPunch,Detect|||M|||50|,,,,,Poison]Glimmora||FocusSash|ToxicDebris|SludgeBomb,PowerGem,MortalSpin,SpikyShield|||M|||50|,,,,,Grass]Dondozo||Leftovers|Unaware|WaveCrash,Earthquake,OrderUp,Protect|||F|||50|,,,,,Dragon]Tatsugiri||RockyHelmet|Commander|DracoMeteor,MuddyWater,Taunt,Protect|||F|||50|,,,,,Steel]Flutter Mane||BoosterEnergy|Protosynthesis|Moonblast,ShadowBall,DazzlingGleam,Protect||||||50|,,,,,Fairy\n|showteam|p2|Tornadus||MentalHerb|Prankster|Tailwind,SunnyDay,BleakwindStorm,Protect|||M|||50|,,,,,Dark]Heatran||AssaultVest|FlashFire|HeatWave,FlashCannon,EarthPower,SolarBeam|||M|||50|,,,,,Fairy]Flutter Mane||ChoiceSpecs|Protosynthesis|Moonblast,DazzlingGleam,PowerGem,ShadowBall||||||50|,,,,,Fairy]Landorus-Therian||ChoiceScarf|Intimidate|StompingTantrum,Uturn,TeraBlast,RockSlide|||M|||50|,,,,,Flying]Amoonguss||SitrusBerry|Regenerator|RagePowder,Spore,Protect,PollenPuff|||M|||50|,,,,,Water]Urshifu||FocusSash|UnseenFist|WickedBlow,CloseCombat,SwordsDance,Detect|||M|||50|,,,,,Dark\n|\n|t:|1699806162\n|start\n|switch|p1a: Dondozo|Dondozo, L50, F|100\/100\n|switch|p1b: Glimmora|Glimmora, L50, M|100\/100\n|switch|p2a: Tornadus|Tornadus, L50, M|100\/100\n|switch|p2b: Flutter Mane|Flutter Mane, L50|100\/100\n|turn|1\n|\n|t:|1699806201\n|-end|p2b: Flutter Mane|Protosynthesis|[silent]\n|switch|p2b: Amoonguss|Amoonguss, L50, M|100\/100\n|move|p2a: Tornadus|Protect|p2a: Tornadus\n|-singleturn|p2a: Tornadus|Protect\n|move|p1a: Dondozo|Protect|p1a: Dondozo\n|-singleturn|p1a: Dondozo|Protect\n|move|p1b: Glimmora|Sludge Bomb|p2b: Amoonguss\n|-damage|p2b: Amoonguss|56\/100\n|\n|upkeep\n|turn|2\n|\n|t:|1699806230\n|switch|p2a: Urshifu|Urshifu, L50, M|100\/100\n|-terastallize|p1b: Glimmora|Grass\n|move|p1b: Glimmora|Power Gem|p2a: Urshifu\n|-resisted|p2a: Urshifu\n|-damage|p2a: Urshifu|65\/100\n|move|p1a: Dondozo|Earthquake|p2a: Urshifu|[spread] p1b,p2a,p2b\n|-resisted|p1b: Glimmora\n|-damage|p1b: Glimmora|88\/100\n|-damage|p2a: Urshifu|45\/100\n|-damage|p2b: Amoonguss|42\/100\n|-activate|p1b: Glimmora|ability: Toxic Debris\n|-sidestart|p2: Bear Club|move: Toxic Spikes\n|-enditem|p2b: Amoonguss|Sitrus Berry|[eat]\n|-heal|p2b: Amoonguss|66\/100|[from] item: Sitrus Berry\n|move|p2b: Amoonguss|Spore|p1a: Dondozo\n|-status|p1a: Dondozo|slp|[from] move: Spore\n|\n|upkeep\n|turn|3\n|\n|t:|1699806263\n|-terastallize|p2a: Urshifu|Dark\n|move|p2a: Urshifu|Wicked Blow|p1b: Glimmora\n|-crit|p1b: Glimmora\n|-damage|p1b: Glimmora|0 fnt\n|-activate|p1b: Glimmora|ability: Toxic Debris\n|-sidestart|p2: Bear Club|move: Toxic Spikes\n|faint|p1b: Glimmora\n|cant|p1a: Dondozo|slp\n|move|p2b: Amoonguss|Pollen Puff|p2a: Urshifu\n|-heal|p2a: Urshifu|95\/100\n|\n|upkeep\n|\n|t:|1699806279\n|switch|p1b: Urshifu|Urshifu, L50, M|100\/100\n|turn|4\n|\n|t:|1699806303\n|switch|p1b: Tatsugiri|Tatsugiri, L50, F|100\/100\n|-activate|p1b: Tatsugiri|ability: Commander|[of] p1a: Dondozo\n|-boost|p1a: Dondozo|atk|2\n|-boost|p1a: Dondozo|spa|2\n|-boost|p1a: Dondozo|spe|2\n|-boost|p1a: Dondozo|def|2\n|-boost|p1a: Dondozo|spd|2\n|move|p2b: Amoonguss|Rage Powder|p2b: Amoonguss\n|-singleturn|p2b: Amoonguss|move: Rage Powder\n|cant|p1a: Dondozo|slp\n|move|p2a: Urshifu|Wicked Blow|p1a: Dondozo\n|-crit|p1a: Dondozo\n|-damage|p1a: Dondozo|51\/100 slp\n|\n|-heal|p1a: Dondozo|57\/100 slp|[from] item: Leftovers\n|upkeep\n|turn|5\n|\n|t:|1699806320\n|switch|p2b: Tornadus|Tornadus, L50, M|100\/100\n|move|p2a: Urshifu|Detect|p2a: Urshifu\n|-singleturn|p2a: Urshifu|Protect\n|-curestatus|p1a: Dondozo|slp|[msg]\n|move|p1a: Dondozo|Earthquake|p2a: Urshifu|[spread] \n|-miss|p1a: Dondozo|p1b: Tatsugiri\n|-activate|p2a: Urshifu|move: Protect\n|-immune|p2b: Tornadus\n|\n|-heal|p1a: Dondozo|63\/100|[from] item: Leftovers\n|upkeep\n|turn|6\n|\n|t:|1699806351\n|move|p2b: Tornadus|Tailwind|p2b: Tornadus\n|-sidestart|p2: Bear Club|move: Tailwind\n|move|p2a: Urshifu|Wicked Blow|p1a: Dondozo\n|-crit|p1a: Dondozo\n|-damage|p1a: Dondozo|11\/100\n|move|p1a: Dondozo|Wave Crash|p2a: Urshifu\n|-damage|p2a: Urshifu|0 fnt\n|faint|p2a: Urshifu\n|-damage|p1a: Dondozo|0 fnt|[from] Recoil\n|faint|p1a: Dondozo\n|\n|upkeep\n|\n|t:|1699806364\n|switch|p2a: Flutter Mane|Flutter Mane, L50|100\/100\n|switch|p1a: Urshifu|Urshifu, L50, M|100\/100\n|-status|p2a: Flutter Mane|tox\n|turn|7\n|\n|t:|1699806386\n|move|p1a: Urshifu|Detect|p1a: Urshifu\n|-singleturn|p1a: Urshifu|Protect\n|move|p1b: Tatsugiri|Protect|p1b: Tatsugiri\n|-singleturn|p1b: Tatsugiri|Protect\n|move|p2b: Tornadus|Sunny Day|p2b: Tornadus\n|-weather|SunnyDay\n|-activate|p2a: Flutter Mane|ability: Protosynthesis\n|-start|p2a: Flutter Mane|protosynthesisspa\n|move|p2a: Flutter Mane|Dazzling Gleam|p1a: Urshifu|[spread] \n|-activate|p1a: Urshifu|move: Protect\n|-activate|p1b: Tatsugiri|move: Protect\n|\n|-weather|SunnyDay|[upkeep]\n|-damage|p2a: Flutter Mane|95\/100 tox|[from] psn\n|upkeep\n|turn|8\n|\n|t:|1699806409\n|-end|p2a: Flutter Mane|Protosynthesis|[silent]\n|switch|p2a: Amoonguss|Amoonguss, L50, M|99\/100\n|-sideend|p2: Bear Club|move: Toxic Spikes|[of] p2a: Amoonguss\n|move|p1a: Urshifu|Sucker Punch||[still]\n|-fail|p1a: Urshifu\n|move|p2b: Tornadus|Bleakwind Storm|p1b: Tatsugiri|[spread] p1a,p1b\n|-supereffective|p1a: Urshifu\n|-damage|p1a: Urshifu|0 fnt\n|-damage|p1b: Tatsugiri|67\/100\n|faint|p1a: Urshifu\n|move|p1b: Tatsugiri|Muddy Water|p2b: Tornadus|[spread] p2a,p2b\n|-resisted|p2a: Amoonguss\n|-damage|p2a: Amoonguss|94\/100\n|-damage|p2b: Tornadus|89\/100\n|-unboost|p2b: Tornadus|accuracy|1\n|\n|-weather|SunnyDay|[upkeep]\n|upkeep\n|turn|9\n|-message|klaus strudel forfeited.\n|\n|win|Bear Club\n","uploadtime":1699806477,"views":10,"p1id":"klausstrudel","p2id":"bearclub","formatid":"gen9vgc2023regulatione","rating":0,"private":0,"password":""}