{"id":"gen9vgc2023regulatione-1993522950","p1":"LuckyLyrical","p2":"eltlxee","format":"[Gen 9] VGC 2023 Regulation E","log":"|j|\u2606LuckyLyrical\n|j|\u2606eltlxee\n|n|\u2606LuckyLyrical|luckylyrical\n|n|\u2606eltlxee|eltlxee\n|html|View the match progress at <a href=\"\/game-bestof3-gen9vgc2023regulatione-1993518644\">game-bestof3-gen9vgc2023regulatione-1993518644<\/a>\n|t:|1700327752\n|gametype|doubles\n|player|p1|LuckyLyrical|brawly|\n|player|p2|eltlxee|265|\n|teamsize|p1|6\n|teamsize|p2|6\n|gen|9\n|tier|[Gen 9] VGC 2023 Regulation E\n|rule|Species Clause: Limit one of each Pok\u00e9mon\n|rule|Item Clause: Limit one of each item\n|clearpoke\n|poke|p1|Flutter Mane, L50|\n|poke|p1|Kommo-o, L50, M|\n|poke|p1|Torterra, L50, M|\n|poke|p1|Clefairy, L50, M|\n|poke|p1|Volcarona, L50, F|\n|poke|p1|Volbeat, L50, M|\n|poke|p2|Urshifu-*, L50, M|\n|poke|p2|Thundurus-Therian, L50, M|\n|poke|p2|Politoed, L50, M|\n|poke|p2|Brambleghast, L50, M|\n|poke|p2|Gardevoir, L50, M|\n|poke|p2|Tornadus, L50, M|\n|teampreview|4\neltlxee rejected open team sheets.\n|\n|t:|1700327779\n|start\n|switch|p1a: Torterra|Torterra, L50, M|100\/100\n|switch|p1b: Clefairy|Clefairy, L50, M|100\/100\n|switch|p2a: \u707e\u7978|Urshifu-Rapid-Strike, L50, M|100\/100\n|switch|p2b: force|Tornadus, L50, M, shiny|100\/100\n|turn|1\n|\n|t:|1700327822\n|switch|p2a: frog|Politoed, L50, M|100\/100\n|-weather|RainDance|[from] ability: Drizzle|[of] p2a: frog\n|-terastallize|p1a: Torterra|Steel\n|move|p1b: Clefairy|Follow Me|p1b: Clefairy\n|-singleturn|p1b: Clefairy|move: Follow Me\n|move|p2b: force|Bleakwind Storm|p1a: Torterra|[spread] p1a,p1b\n|-resisted|p1a: Torterra\n|-damage|p1a: Torterra|86\/100\n|-damage|p1b: Clefairy|60\/100\n|move|p1a: Torterra|Bullet Seed|p2a: frog\n|-supereffective|p2a: frog\n|-damage|p2a: frog|78\/100\n|-supereffective|p2a: frog\n|-damage|p2a: frog|54\/100\n|-supereffective|p2a: frog\n|-damage|p2a: frog|29\/100\n|-supereffective|p2a: frog\n|-damage|p2a: frog|4\/100\n|-hitcount|p2a: frog|4\n|\n|-weather|RainDance|[upkeep]\n|upkeep\n|turn|2\n|\n|t:|1700327862\n|move|p2b: force|Bleakwind Storm|p1b: Clefairy|[spread] p1a,p1b\n|-resisted|p1a: Torterra\n|-damage|p1a: Torterra|71\/100\n|-damage|p1b: Clefairy|19\/100\n|move|p2a: frog|Weather Ball|p1a: Torterra\n|-damage|p1a: Torterra|37\/100\n|move|p1a: Torterra|Rock Blast|p2b: force\n|-supereffective|p2b: force\n|-damage|p2b: force|79\/100\n|-supereffective|p2b: force\n|-damage|p2b: force|59\/100\n|-supereffective|p2b: force\n|-damage|p2b: force|37\/100\n|-supereffective|p2b: force\n|-damage|p2b: force|14\/100\n|-hitcount|p2b: force|4\n|move|p1b: Clefairy|Heal Pulse|p1a: Torterra\n|-heal|p1a: Torterra|87\/100\n|\n|-weather|RainDance|[upkeep]\n|upkeep\n|turn|3\n|\n|t:|1700327932\n|move|p1b: Clefairy|Helping Hand|p1a: Torterra\n|-singleturn|p1a: Torterra|Helping Hand|[of] p1b: Clefairy\n|move|p2b: force|Tailwind|p2b: force\n|-sidestart|p2: eltlxee|move: Tailwind\n|move|p2a: frog|Weather Ball|p1b: Clefairy\n|-damage|p1b: Clefairy|0 fnt\n|faint|p1b: Clefairy\n|move|p1a: Torterra|Bullet Seed|p2b: force\n|-resisted|p2b: force\n|-damage|p2b: force|2\/100\n|-resisted|p2b: force\n|-damage|p2b: force|0 fnt\n|faint|p2b: force\n|-hitcount|p2: force|2\n|\n|-weather|RainDance|[upkeep]\n|upkeep\n|\n|t:|1700327960\n|switch|p2b: strike|Thundurus-Therian, L50, M|100\/100\n|switch|p1b: Kommo-o|Kommo-o, L50, M|100\/100\n|turn|4\n|\n|t:|1700327985\n|-terastallize|p2b: strike|Flying\n|move|p1b: Kommo-o|Protect|p1b: Kommo-o\n|-singleturn|p1b: Kommo-o|Protect\n|move|p2b: strike|Tera Blast|p1b: Kommo-o|[anim] Tera Blast Flying\n|-activate|p1b: Kommo-o|move: Protect\n|move|p2a: frog|Encore|p1a: Torterra\n|-start|p1a: Torterra|Encore\n|move|p1a: Torterra|Bullet Seed|p2b: strike\n|-resisted|p2b: strike\n|-damage|p2b: strike|91\/100\n|-resisted|p2b: strike\n|-damage|p2b: strike|81\/100\n|-resisted|p2b: strike\n|-damage|p2b: strike|71\/100\n|-resisted|p2b: strike\n|-crit|p2b: strike\n|-damage|p2b: strike|56\/100\n|-hitcount|p2b: strike|4\n|\n|-weather|RainDance|[upkeep]\n|upkeep\n|turn|5\n|\n|t:|1700328026\n|switch|p1a: Flutter Mane|Flutter Mane, L50|100\/100\n|-enditem|p1a: Flutter Mane|Booster Energy\n|-activate|p1a: Flutter Mane|ability: Protosynthesis|[fromitem]\n|-start|p1a: Flutter Mane|protosynthesisspe\n|move|p2b: strike|Tera Blast|p1b: Kommo-o|[anim] Tera Blast Flying\n|-supereffective|p1b: Kommo-o\n|-damage|p1b: Kommo-o|0 fnt\n|faint|p1b: Kommo-o\n|-damage|p2b: strike|46\/100|[from] item: Life Orb\n|move|p2a: frog|Icy Wind|p1a: Flutter Mane\n|-damage|p1a: Flutter Mane|87\/100\n|-unboost|p1a: Flutter Mane|spe|1\n|\n|-weather|RainDance|[upkeep]\n|upkeep\n|\n|t:|1700328040\n|switch|p1b: Torterra|Torterra, L50, M, tera:Steel|87\/100\n|turn|6\n|\n|t:|1700328098\n|switch|p2a: \u707e\u7978|Urshifu-Rapid-Strike, L50, M|100\/100\n|move|p2b: strike|Protect|p2b: strike\n|-singleturn|p2b: strike|Protect\n|move|p1a: Flutter Mane|Dazzling Gleam|p2b: strike|[spread] p2a\n|-activate|p2b: strike|move: Protect\n|-supereffective|p2a: \u707e\u7978\n|-damage|p2a: \u707e\u7978|10\/100\n|move|p1b: Torterra|Bullet Seed|p2a: \u707e\u7978\n|-supereffective|p2a: \u707e\u7978\n|-damage|p2a: \u707e\u7978|0 fnt\n|faint|p2a: \u707e\u7978\n|-hitcount|p2: \u707e\u7978|1\n|\n|-weather|RainDance|[upkeep]\n|-sideend|p2: eltlxee|move: Tailwind\n|upkeep\n|\n|t:|1700328111\n|switch|p2a: frog|Politoed, L50, M|4\/100\n|turn|7\n|\n|t:|1700328126\n|move|p2a: frog|Helping Hand|p2b: strike\n|-singleturn|p2b: strike|Helping Hand|[of] p2a: frog\n|move|p1a: Flutter Mane|Dazzling Gleam|p2a: frog|[spread] p2a,p2b\n|-crit|p2b: strike\n|-damage|p2a: frog|0 fnt\n|-damage|p2b: strike|0 fnt\n|faint|p2a: frog\n|faint|p2b: strike\n|\n|win|LuckyLyrical\n|c|&|\/uhtml prompt-eltlxee,eltlxee is ready for game 3!\n|inactive|LuckyLyrical has 50 seconds to confirm battle start!\n|c|\u2606LuckyLyrical|O:\n|inactive|LuckyLyrical has 40 seconds to confirm battle start!\n|c|\u2606LuckyLyrical|Didnt expect to even take a game off of you\n|c|&|\/uhtml prompt-luckylyrical,LuckyLyrical is ready for game 3!\nBoth players are ready! Starting next match!\n","uploadtime":1700328676,"views":10,"p1id":"luckylyrical","p2id":"eltlxee","formatid":"gen9vgc2023regulatione","rating":0,"private":0,"password":""}