{"id":"gen9vgc2023regulatione-1992565273","p1":"yuanyangjun","p2":"That_Leek","format":"[Gen 9] VGC 2023 Regulation E","log":"|j|\u2606yuanyangjun\n|j|\u2606That_Leek\n|t:|1700206777\n|gametype|doubles\n|player|p1|yuanyangjun|dawn|1626\n|player|p2|That_Leek|blue|1558\n|teamsize|p1|6\n|teamsize|p2|6\n|gen|9\n|tier|[Gen 9] VGC 2023 Regulation E\n|rated|\n|rule|Species Clause: Limit one of each Pok\u00e9mon\n|rule|Item Clause: Limit one of each item\n|clearpoke\n|poke|p1|Chien-Pao, L50|\n|poke|p1|Dragonite, L50, M|\n|poke|p1|Scizor, L50, F|\n|poke|p1|Rillaboom, L50, M|\n|poke|p1|Urshifu-*, L50, F|\n|poke|p1|Articuno-Galar, L50|\n|poke|p2|Gholdengo, L50|\n|poke|p2|Ogerpon-Wellspring, L50, F|\n|poke|p2|Arcanine-Hisui, L50, F|\n|poke|p2|Chien-Pao, L50|\n|poke|p2|Scream Tail, L50|\n|poke|p2|Dragonite, L50, F|\n|teampreview|4\nThat_Leek has agreed to open team sheets.\n|\n|t:|1700206800\n|start\n|switch|p1a: Chien-Pao|Chien-Pao, L50|100\/100\n|switch|p1b: Dragonite|Dragonite, L50, M|100\/100\n|switch|p2a: Gholdengo|Gholdengo, L50|100\/100\n|switch|p2b: Ogerpon|Ogerpon-Wellspring, L50, F|100\/100\n|-ability|p1a: Chien-Pao|Sword of Ruin\n|turn|1\n|\n|t:|1700206823\n|-terastallize|p1b: Dragonite|Normal\n|move|p2b: Ogerpon|Spiky Shield|p2b: Ogerpon\n|-singleturn|p2b: Ogerpon|move: Protect\n|move|p1b: Dragonite|Extreme Speed|p2b: Ogerpon\n|-activate|p2b: Ogerpon|move: Protect\n|-damage|p1b: Dragonite|88\/100|[from] Spiky Shield|[of] p2b: Ogerpon\n|move|p1a: Chien-Pao|Throat Chop|p2a: Gholdengo\n|-supereffective|p2a: Gholdengo\n|-damage|p2a: Gholdengo|5\/100\n|-start|p2a: Gholdengo|Throat Chop|[silent]\n|-enditem|p2a: Gholdengo|Sitrus Berry|[eat]\n|-heal|p2a: Gholdengo|29\/100|[from] item: Sitrus Berry\n|move|p2a: Gholdengo|Nasty Plot|p2a: Gholdengo\n|-boost|p2a: Gholdengo|spa|2\n|\n|upkeep\n|turn|2\n|j| Kal0sunleashed\n|\n|t:|1700206845\n|move|p1b: Dragonite|Extreme Speed|p2b: Ogerpon\n|-damage|p2b: Ogerpon|5\/100\n|move|p2b: Ogerpon|Follow Me|p2b: Ogerpon\n|-singleturn|p2b: Ogerpon|move: Follow Me\n|move|p1a: Chien-Pao|Throat Chop|p2b: Ogerpon\n|-damage|p2b: Ogerpon|0 fnt\n|faint|p2b: Ogerpon\n|move|p2a: Gholdengo|Make It Rain|p1b: Dragonite|[spread] p1a,p1b\n|-supereffective|p1a: Chien-Pao\n|-enditem|p1a: Chien-Pao|Focus Sash\n|-damage|p1a: Chien-Pao|1\/100\n|-damage|p1b: Dragonite|0 fnt\n|-unboost|p2a: Gholdengo|spa|1\n|faint|p1b: Dragonite\n|\n|-end|p2a: Gholdengo|Throat Chop|[silent]\n|upkeep\n|\n|t:|1700206863\n|switch|p1b: Scizor|Scizor, L50, F|100\/100\n|switch|p2b: Arcanine|Arcanine-Hisui, L50, F|100\/100\n|-ability|p2b: Arcanine|Intimidate|boost\n|-unboost|p1a: Chien-Pao|atk|1\n|-unboost|p1b: Scizor|atk|1\n|turn|3\n|\n|t:|1700206902\n|move|p2b: Arcanine|Extreme Speed|p1a: Chien-Pao\n|-damage|p1a: Chien-Pao|0 fnt\n|faint|p1a: Chien-Pao\n|move|p1b: Scizor|Bullet Punch|p2b: Arcanine\n|-damage|p2b: Arcanine|65\/100\n|-damage|p1b: Scizor|91\/100|[from] item: Life Orb\n|move|p2a: Gholdengo|Shadow Ball|p1b: Scizor\n|-damage|p1b: Scizor|2\/100\n|\n|upkeep\n|\n|t:|1700206914\n|switch|p1a: Rillaboom|Rillaboom, L50, M, shiny|100\/100\n|-fieldstart|move: Grassy Terrain|[from] ability: Grassy Surge|[of] p1a: Rillaboom\n|turn|4\n|\n|t:|1700206938\n|move|p2a: Gholdengo|Protect|p2a: Gholdengo\n|-singleturn|p2a: Gholdengo|Protect\n|move|p1b: Scizor|Quick Guard|p1b: Scizor\n|-singleturn|p1b: Scizor|Quick Guard\n|move|p2b: Arcanine|Extreme Speed|p1b: Scizor\n|-activate|p1b: Scizor|move: Quick Guard\n|move|p1a: Rillaboom|Wood Hammer|p2b: Arcanine\n|-damage|p2b: Arcanine|0 fnt\n|faint|p2b: Arcanine\n|-damage|p1a: Rillaboom|79\/100|[from] Recoil\n|\n|-heal|p1a: Rillaboom|85\/100|[from] Grassy Terrain\n|-heal|p2a: Gholdengo|35\/100|[from] Grassy Terrain\n|-heal|p1b: Scizor|8\/100|[from] Grassy Terrain\n|upkeep\n|\n|t:|1700206944\n|switch|p2b: Chien-Pao|Chien-Pao, L50|100\/100\n|-ability|p2b: Chien-Pao|Sword of Ruin\n|turn|5\n|\n|t:|1700206979\n|move|p2b: Chien-Pao|Protect|p2b: Chien-Pao\n|-singleturn|p2b: Chien-Pao|Protect\n|move|p1b: Scizor|Feint|p2b: Chien-Pao\n|-activate|p2b: Chien-Pao|move: Feint\n|-damage|p2b: Chien-Pao|80\/100\n|-damage|p1b: Scizor|0 fnt|[from] item: Life Orb\n|faint|p1b: Scizor\n|move|p1a: Rillaboom|Grassy Glide|p2b: Chien-Pao\n|-damage|p2b: Chien-Pao|14\/100\n|move|p2a: Gholdengo|Make It Rain|p1a: Rillaboom\n|-damage|p1a: Rillaboom|0 fnt\n|-unboost|p2a: Gholdengo|spa|1\n|faint|p1a: Rillaboom\n|\n|win|That_Leek\n|raw|yuanyangjun's rating: 1626 &rarr; <strong>1602<\/strong><br \/>(-24 for losing)\n|raw|That_Leek's rating: 1558 &rarr; <strong>1582<\/strong><br \/>(+24 for winning)\n|l|\u2606yuanyangjun\n|c|\u2606That_Leek|this is why open teamsheets are important\n","uploadtime":1700207001,"views":15,"p1id":"yuanyangjun","p2id":"thatleek","formatid":"gen9vgc2023regulatione","rating":1582,"private":0,"password":""}