{"id":"gen9vgc2023regulatione-1998029834","p1":"N4N0vgc","p2":"Fancy Cucudrula","format":"[Gen 9] VGC 2023 Regulation E","log":"|j|\u2606N4N0vgc\n|j|\u2606Fancy Cucudrula\n|n|\u2606N4N0vgc|n4n0vgc\n|n|\u2606Fancy Cucudrula|fancycucudrula\n|html|View the match progress at <a href=\"\/game-bestof3-gen9vgc2023regulatione-1998026094\">game-bestof3-gen9vgc2023regulatione-1998026094<\/a>\n|t:|1700881079\n|gametype|doubles\n|player|p1|N4N0vgc|guzma|\n|player|p2|Fancy Cucudrula|valerie|\n|teamsize|p1|6\n|teamsize|p2|6\n|gen|9\n|tier|[Gen 9] VGC 2023 Regulation E\n|rule|Species Clause: Limit one of each Pok\u00e9mon\n|rule|Item Clause: Limit one of each item\n|clearpoke\n|poke|p1|Tornadus, L50, M|\n|poke|p1|Arcanine-Hisui, L50, M|\n|poke|p1|Rillaboom, L50, F|\n|poke|p1|Flutter Mane, L50|\n|poke|p1|Urshifu-*, L50, M|\n|poke|p1|Chien-Pao, L50|\n|poke|p2|Flutter Mane, L50|\n|poke|p2|Amoonguss, L50, M|\n|poke|p2|Heatran, L50, F|\n|poke|p2|Iron Hands, L50|\n|poke|p2|Landorus-Therian, L50, M|\n|poke|p2|Chien-Pao, L50|\n|teampreview|4\n|inactive|Battle timer is ON: inactive players will automatically lose when time's up. (requested by Fancy Cucudrula)\nFancy Cucudrula has agreed to open team sheets.\nN4N0vgc has agreed to open team sheets.\n|showteam|p1|Tornadus||RockyHelmet|Prankster|BleakwindStorm,Taunt,Tailwind,RainDance|||M|||50|,,,,,Ghost]Arcanine-Hisui||ChoiceBand|Intimidate|ExtremeSpeed,FlareBlitz,RockSlide,TeraBlast|||M|||50|,,,,,Fairy]Rillaboom||AssaultVest|GrassySurge|FakeOut,WoodHammer,GrassyGlide,HighHorsepower|||F|||50|,,,,,Fire]Flutter Mane||BoosterEnergy|Protosynthesis|Moonblast,ShadowBall,DazzlingGleam,Protect||||||50|,,,,,Fairy]Urshifu-Rapid-Strike||MysticWater|UnseenFist|Detect,SurgingStrikes,CloseCombat,AquaJet|||M|||50|,,,,,Water]Chien-Pao||FocusSash|SwordofRuin|SuckerPunch,IcicleCrash,SacredSword,Protect||||||50|,,,,,Ghost\n|showteam|p2|Flutter Mane||ChoiceSpecs|Protosynthesis|DazzlingGleam,Moonblast,ShadowBall,PerishSong||||||50|,,,,,Fairy]Amoonguss||RockyHelmet|Regenerator|RagePowder,PollenPuff,Spore,Protect|||M|||50|,,,,,Water]Heatran||SafetyGoggles|FlashFire|HeatWave,EarthPower,FlashCannon,Protect|||F|||50|,,,,,Fairy]Iron Hands||AssaultVest|QuarkDrive|DrainPunch,WildCharge,HeavySlam,FakeOut||||||50|,,,,,Water]Landorus-Therian||ChoiceScarf|Intimidate|StompingTantrum,TeraBlast,RockSlide,Uturn|||M|||50|,,,,,Flying]Chien-Pao||FocusSash|SwordofRuin|IceSpinner,SuckerPunch,Haze,Protect||||||50|,,,,,Ghost\n|inactive|N4N0vgc has 30 seconds left.\n|inactive|Fancy Cucudrula has 30 seconds left.\n|inactive|N4N0vgc has 20 seconds left.\n|inactive|Fancy Cucudrula has 20 seconds left.\n|inactive|N4N0vgc has 15 seconds left.\n|\n|t:|1700881138\n|start\n|switch|p1a: Lakitu|Tornadus, L50, M|100\/100\n|switch|p1b: MelaMeneo|Flutter Mane, L50|100\/100\n|switch|p2a: Luquisha|Landorus-Therian, L50, M|100\/100\n|switch|p2b: Mistress|Iron Hands, L50, shiny|100\/100\n|-ability|p2a: Luquisha|Intimidate|boost\n|-unboost|p1a: Lakitu|atk|1\n|-unboost|p1b: MelaMeneo|atk|1\n|-enditem|p1b: MelaMeneo|Booster Energy\n|-activate|p1b: MelaMeneo|ability: Protosynthesis|[fromitem]\n|-start|p1b: MelaMeneo|protosynthesisspa\n|turn|1\n|\n|t:|1700881159\n|switch|p1a: George|Arcanine-Hisui, L50, M, shiny|100\/100\n|-ability|p1a: George|Intimidate|boost\n|-unboost|p2a: Luquisha|atk|1\n|-unboost|p2b: Mistress|atk|1\n|move|p2a: Luquisha|U-turn|p1b: MelaMeneo\n|-resisted|p1b: MelaMeneo\n|-damage|p1b: MelaMeneo|95\/100\n|\n|t:|1700881166\n|switch|p2a: Brita Filter|Amoonguss, L50, M, shiny|100\/100|[from] U-turn\n|move|p1b: MelaMeneo|Dazzling Gleam|p2b: Mistress|[spread] p2a,p2b\n|-resisted|p2a: Brita Filter\n|-supereffective|p2b: Mistress\n|-damage|p2a: Brita Filter|84\/100\n|-damage|p2b: Mistress|54\/100\n|move|p2b: Mistress|Heavy Slam|p1b: MelaMeneo\n|-supereffective|p1b: MelaMeneo\n|-damage|p1b: MelaMeneo|13\/100\n|\n|upkeep\n|turn|2\n|\n|t:|1700881188\n|switch|p1a: Funky Kong|Rillaboom, L50, F|100\/100\n|-fieldstart|move: Grassy Terrain|[from] ability: Grassy Surge|[of] p1a: Funky Kong\n|switch|p2a: Luquisha|Landorus-Therian, L50, M|100\/100\n|-ability|p2a: Luquisha|Intimidate|boost\n|-unboost|p1a: Funky Kong|atk|1\n|-unboost|p1b: MelaMeneo|atk|1\n|move|p1b: MelaMeneo|Protect|p1b: MelaMeneo\n|-singleturn|p1b: MelaMeneo|Protect\n|move|p2b: Mistress|Heavy Slam|p1b: MelaMeneo\n|-activate|p1b: MelaMeneo|move: Protect\n|\n|-heal|p1b: MelaMeneo|19\/100|[from] Grassy Terrain\n|-heal|p2b: Mistress|60\/100|[from] Grassy Terrain\n|upkeep\n|turn|3\n|\n|t:|1700881207\n|-terastallize|p2a: Luquisha|Flying\n|move|p1a: Funky Kong|Fake Out|p2a: Luquisha\n|-damage|p2a: Luquisha|91\/100\n|cant|p2a: Luquisha|flinch\n|move|p1b: MelaMeneo|Moonblast|p2b: Mistress\n|-supereffective|p2b: Mistress\n|-damage|p2b: Mistress|0 fnt\n|faint|p2b: Mistress\n|-end|p2b: Mistress|Quark Drive|[silent]\n|\n|-heal|p1b: MelaMeneo|25\/100|[from] Grassy Terrain\n|upkeep\n|\n|t:|1700881216\n|switch|p2b: Brita Filter|Amoonguss, L50, M, shiny|100\/100\n|turn|4\n|\n|t:|1700881221\n|switch|p1a: George|Arcanine-Hisui, L50, M, shiny|100\/100\n|-ability|p1a: George|Intimidate|boost\n|-unboost|p2a: Luquisha|atk|1\n|-unboost|p2b: Brita Filter|atk|1\n|move|p1b: MelaMeneo|Protect|p1b: MelaMeneo\n|-singleturn|p1b: MelaMeneo|Protect\n|move|p2a: Luquisha|Tera Blast|p1a: George|[anim] Tera Blast Flying\n|-resisted|p1a: George\n|-damage|p1a: George|77\/100\n|move|p2b: Brita Filter|Spore|p1b: MelaMeneo\n|-activate|p1b: MelaMeneo|move: Protect\n|\n|-heal|p1b: MelaMeneo|31\/100|[from] Grassy Terrain\n|-heal|p1a: George|83\/100|[from] Grassy Terrain\n|upkeep\n|turn|5\n|\n|t:|1700881241\n|move|p2a: Luquisha|Tera Blast|p1b: MelaMeneo|[anim] Tera Blast Flying\n|-damage|p1b: MelaMeneo|0 fnt\n|faint|p1b: MelaMeneo\n|-end|p1b: MelaMeneo|Protosynthesis|[silent]\n|move|p1a: George|Flare Blitz|p2b: Brita Filter\n|-supereffective|p2b: Brita Filter\n|-damage|p2b: Brita Filter|0 fnt\n|-damage|p1a: George|67\/100|[from] item: Rocky Helmet|[of] p2b: Brita Filter\n|faint|p2b: Brita Filter\n|-damage|p1a: George|27\/100|[from] Recoil\n|\n|-heal|p1a: George|33\/100|[from] Grassy Terrain\n|upkeep\n|\n|t:|1700881251\n|switch|p1b: Lakitu|Tornadus, L50, M|100\/100\n|switch|p2b: Sasha Colby|Flutter Mane, L50|100\/100\n|turn|6\n|\n|t:|1700881258\n|move|p1b: Lakitu|Tailwind|p1b: Lakitu\n|-sidestart|p1: N4N0vgc|move: Tailwind\n|move|p1a: George|Flare Blitz|p2b: Sasha Colby\n|-damage|p2b: Sasha Colby|0 fnt\n|faint|p2b: Sasha Colby\n|-end|p2b: Sasha Colby|Protosynthesis|[silent]\n|-damage|p1a: George|8\/100|[from] Recoil\n|move|p2a: Luquisha|Tera Blast|p1b: Lakitu|[anim] Tera Blast Flying\n|-damage|p1b: Lakitu|52\/100\n|\n|-heal|p1a: George|14\/100|[from] Grassy Terrain\n|-fieldend|move: Grassy Terrain\n|upkeep\n|turn|7\n|\n|t:|1700881271\n|move|p1b: Lakitu|Bleakwind Storm|p2a: Luquisha\n|-damage|p2a: Luquisha|40\/100\n|-unboost|p2a: Luquisha|spe|1\n|move|p1a: George|Flare Blitz|p2a: Luquisha\n|-damage|p2a: Luquisha|0 fnt\n|faint|p2a: Luquisha\n|-damage|p1a: George|0 fnt|[from] Recoil\n|faint|p1a: George\n|\n|win|N4N0vgc\n|l|\u2606Fancy Cucudrula\n|j|\u2606Fancy Cucudrula\n|player|p2|Fancy Cucudrula|valerie\n","uploadtime":1700881504,"views":5,"p1id":"n4n0vgc","p2id":"fancycucudrula","formatid":"gen9vgc2023regulatione","rating":0,"private":0,"password":""}