{"id":"gen9vgc2023regulatione-1993039511","p1":"Who'sWh0","p2":"whykeyVGC","format":"[Gen 9] VGC 2023 Regulation E","log":"|j|\u2606Who'sWh0\n|j|\u2606whykeyVGC\n|t:|1700258113\n|gametype|doubles\n|player|p1|Who'sWh0|unknown|1369\n|player|p2|whykeyVGC|265|1361\n|teamsize|p1|6\n|teamsize|p2|6\n|gen|9\n|tier|[Gen 9] VGC 2023 Regulation E\n|rated|\n|rule|Species Clause: Limit one of each Pok\u00e9mon\n|rule|Item Clause: Limit one of each item\n|clearpoke\n|poke|p1|Weezing, L50, M|\n|poke|p1|Roaring Moon, L50|\n|poke|p1|Heatran, L50, F|\n|poke|p1|Iron Bundle, L50|\n|poke|p1|Flutter Mane, L50|\n|poke|p1|Iron Hands, L50|\n|poke|p2|Landorus-Therian, L50, M|\n|poke|p2|Ogerpon-Wellspring, L50, F|\n|poke|p2|Kingambit, L50, M|\n|poke|p2|Flutter Mane, L50|\n|poke|p2|Heatran, L50, M|\n|poke|p2|Iron Hands, L50|\n|teampreview|4\nWho'sWh0 rejected open team sheets.\n|inactive|Battle timer is ON: inactive players will automatically lose when time's up. (requested by Who'sWh0)\n|\n|t:|1700258166\n|start\n|switch|p1a: Iron Bundle|Iron Bundle, L50|100\/100\n|switch|p1b: Flutter Mane|Flutter Mane, L50|100\/100\n|switch|p2a: Landorus|Landorus-Therian, L50, M|100\/100\n|switch|p2b: Heatran|Heatran, L50, M|100\/100\n|-ability|p2a: Landorus|Intimidate|boost\n|-unboost|p1a: Iron Bundle|atk|1\n|-unboost|p1b: Flutter Mane|atk|1\n|turn|1\n|inactive|Who'sWh0 has 30 seconds left.\n|inactive|whykeyVGC has 30 seconds left.\n|inactive|Who'sWh0 has 20 seconds left.\n|inactive|whykeyVGC has 20 seconds left.\n|inactive|Who'sWh0 has 15 seconds left.\n|inactive|whykeyVGC has 15 seconds left.\n|inactive|Who'sWh0 has 10 seconds left.\n|inactive|whykeyVGC has 10 seconds left.\n|inactive|Who'sWh0 has 5 seconds left.\n|\n|t:|1700258218\n|move|p2b: Heatran|Protect|p2b: Heatran\n|-singleturn|p2b: Heatran|Protect\n|move|p2a: Landorus|U-turn|p1a: Iron Bundle\n|-damage|p1a: Iron Bundle|66\/100\n|\n|t:|1700258228\n|switch|p2a: Iron Hands|Iron Hands, L50|100\/100|[from] U-turn\n|move|p1a: Iron Bundle|Hydro Pump|p2b: Heatran\n|-activate|p2b: Heatran|move: Protect\n|move|p1b: Flutter Mane|Dark Pulse|p2b: Heatran\n|-activate|p2b: Heatran|move: Protect\n|\n|upkeep\n|turn|2\n|inactive|Who'sWh0 has 30 seconds left.\n|inactive|whykeyVGC has 30 seconds left.\n|inactive|whykeyVGC has 20 seconds left.\n|\n|t:|1700258264\n|-terastallize|p1a: Iron Bundle|Ghost\n|-terastallize|p2b: Heatran|Grass\n|move|p1a: Iron Bundle|Hydro Pump|p2b: Heatran\n|-resisted|p2b: Heatran\n|-damage|p2b: Heatran|74\/100\n|move|p1b: Flutter Mane|Dark Pulse|p2b: Heatran\n|-damage|p2b: Heatran|36\/100\n|move|p2b: Heatran|Substitute|p2b: Heatran\n|-start|p2b: Heatran|Substitute\n|-damage|p2b: Heatran|11\/100\n|move|p2a: Iron Hands|Heavy Slam|p1b: Flutter Mane\n|-supereffective|p1b: Flutter Mane\n|-damage|p1b: Flutter Mane|0 fnt\n|faint|p1b: Flutter Mane\n|-end|p1b: Flutter Mane|Protosynthesis|[silent]\n|\n|-heal|p2b: Heatran|17\/100|[from] item: Leftovers\n|upkeep\n|\n|t:|1700258282\n|switch|p1b: Weezing|Weezing, L50, M|100\/100\n|-ability|p1b: Weezing|Neutralizing Gas\n|turn|3\n|inactive|whykeyVGC has 30 seconds left.\n|inactive|whykeyVGC has 20 seconds left.\n|\n|t:|1700258317\n|move|p1a: Iron Bundle|Freeze-Dry|p2b: Heatran\n|-supereffective|p2b: Heatran\n|-end|p2b: Heatran|Substitute\n|move|p2b: Heatran|Earth Power|p1b: Weezing\n|-supereffective|p1b: Weezing\n|-damage|p1b: Weezing|25\/100\n|-enditem|p1b: Weezing|Sitrus Berry|[eat]\n|-heal|p1b: Weezing|50\/100|[from] item: Sitrus Berry\n|move|p1b: Weezing|Will-O-Wisp|p2a: Iron Hands|[miss]\n|-miss|p1b: Weezing|p2a: Iron Hands\n|move|p2a: Iron Hands|Wild Charge|p1a: Iron Bundle\n|-damage|p1a: Iron Bundle|0 fnt\n|faint|p1a: Iron Bundle\n|-end|p1a: Iron Bundle|Quark Drive|[silent]\n|-damage|p2a: Iron Hands|91\/100|[from] Recoil\n|\n|-heal|p2b: Heatran|23\/100|[from] item: Leftovers\n|upkeep\n|\n|t:|1700258332\n|switch|p1a: Roaring Moon|Roaring Moon, L50|100\/100\n|-enditem|p1a: Roaring Moon|Booster Energy\n|-activate|p1a: Roaring Moon|ability: Protosynthesis|[fromitem]\n|-start|p1a: Roaring Moon|protosynthesisspe\n|turn|4\n|\n|t:|1700258352\n|switch|p2b: Landorus|Landorus-Therian, L50, M|100\/100\n|move|p1a: Roaring Moon|Breaking Swipe|p2b: Landorus|[spread] p2a,p2b\n|-damage|p2a: Iron Hands|74\/100\n|-damage|p2b: Landorus|73\/100\n|-unboost|p2a: Iron Hands|atk|1\n|-unboost|p2b: Landorus|atk|1\n|move|p1b: Weezing|Will-O-Wisp|p2a: Iron Hands\n|-status|p2a: Iron Hands|brn\n|move|p2a: Iron Hands|Drain Punch|p1a: Roaring Moon\n|-supereffective|p1a: Roaring Moon\n|-damage|p1a: Roaring Moon|65\/100\n|-heal|p2a: Iron Hands|89\/100 brn|[from] drain|[of] p1a: Roaring Moon\n|\n|-damage|p2a: Iron Hands|83\/100 brn|[from] brn\n|upkeep\n|turn|5\n|\n|t:|1700258371\n|move|p1b: Weezing|Protect|p1b: Weezing\n|-singleturn|p1b: Weezing|Protect\n|move|p1a: Roaring Moon|Tailwind|p1a: Roaring Moon\n|-sidestart|p1: Who'sWh0|move: Tailwind\n|move|p2b: Landorus|Stomping Tantrum|p1b: Weezing\n|-activate|p1b: Weezing|move: Protect\n|move|p2a: Iron Hands|Drain Punch|p1a: Roaring Moon\n|-supereffective|p1a: Roaring Moon\n|-damage|p1a: Roaring Moon|33\/100\n|-heal|p2a: Iron Hands|97\/100 brn|[from] drain|[of] p1a: Roaring Moon\n|\n|-damage|p2a: Iron Hands|91\/100 brn|[from] brn\n|upkeep\n|turn|6\n|inactive|Who'sWh0 has 30 seconds left.\n|\n|t:|1700258406\n|move|p1a: Roaring Moon|Knock Off|p2b: Landorus\n|-damage|p2b: Landorus|13\/100\n|-enditem|p2b: Landorus|Choice Scarf|[from] move: Knock Off|[of] p1a: Roaring Moon\n|move|p1b: Weezing|Gunk Shot|p2a: Iron Hands|[miss]\n|-miss|p1b: Weezing|p2a: Iron Hands\n|move|p2b: Landorus|Stomping Tantrum|p1b: Weezing\n|-supereffective|p1b: Weezing\n|-damage|p1b: Weezing|0 fnt\n|faint|p1b: Weezing\n|-end|p1b: Weezing|ability: Neutralizing Gas\n|-ability|p2b: Landorus|Intimidate|boost\n|-unboost|p1a: Roaring Moon|atk|1\n|move|p2a: Iron Hands|Drain Punch|p1a: Roaring Moon\n|-supereffective|p1a: Roaring Moon\n|-damage|p1a: Roaring Moon|0 fnt\n|-heal|p2a: Iron Hands|100\/100 brn|[from] drain|[of] p1a: Roaring Moon\n|faint|p1a: Roaring Moon\n|-end|p1a: Roaring Moon|Protosynthesis|[silent]\n|\n|win|whykeyVGC\n|raw|Who&apos;sWh0's rating: 1369 &rarr; <strong>1349<\/strong><br \/>(-20 for losing)\n|raw|whykeyVGC's rating: 1361 &rarr; <strong>1381<\/strong><br \/>(+20 for winning)\n","uploadtime":1700258426,"views":8,"p1id":"whoswh0","p2id":"whykeyvgc","formatid":"gen9vgc2023regulatione","rating":1349,"private":0,"password":""}