{"id":"gen9vgc2023regulatione-1999843799","p1":"marko585","p2":"lovetolearn","format":"[Gen 9] VGC 2023 Regulation E","log":"|j|\u2606marko585\n|j|\u2606lovetolearn\n|t:|1701122008\n|gametype|doubles\n|player|p1|marko585|gambler|1154\n|player|p2|lovetolearn|carmine-festival|1177\n|teamsize|p1|6\n|teamsize|p2|6\n|gen|9\n|tier|[Gen 9] VGC 2023 Regulation E\n|rated|\n|rule|Species Clause: Limit one of each Pok\u00e9mon\n|rule|Item Clause: Limit one of each item\n|clearpoke\n|poke|p1|Talonflame, L50, M|\n|poke|p1|Garchomp, L50, M|\n|poke|p1|Urshifu-*, L50, M|\n|poke|p1|Arcanine-Hisui, L50, M|\n|poke|p1|Sinistcha, L50|\n|poke|p1|Flutter Mane, L50|\n|poke|p2|Grimmsnarl, L50, M|\n|poke|p2|Ogerpon-Wellspring, L50, F|\n|poke|p2|Chien-Pao, L50|\n|poke|p2|Arcanine-Hisui, L50, M|\n|poke|p2|Rillaboom, L50, F|\n|poke|p2|Tornadus, L50, M|\n|teampreview|4\nlovetolearn has agreed to open team sheets.\n|inactive|Battle timer is ON: inactive players will automatically lose when time's up. (requested by marko585)\n|inactive|lovetolearn has 60 seconds left.\nmarko585 rejected open team sheets.\n|inactive|lovetolearn has 30 seconds left.\n|inactive|lovetolearn has 20 seconds left.\n|\n|t:|1701122100\n|start\n|switch|p1a: Arcanine|Arcanine-Hisui, L50, M|100\/100\n|switch|p1b: Urshifu|Urshifu-Rapid-Strike, L50, M|100\/100\n|switch|p2a: Ogerpon|Ogerpon-Wellspring, L50, F|100\/100\n|switch|p2b: Chien-Pao|Chien-Pao, L50|100\/100\n|-ability|p2b: Chien-Pao|Sword of Ruin\n|-ability|p1a: Arcanine|Intimidate|boost\n|-unboost|p2a: Ogerpon|atk|1\n|-unboost|p2b: Chien-Pao|atk|1\n|turn|1\n|inactive|lovetolearn has 30 seconds left.\n|inactive|marko585 has 30 seconds left.\n|inactive|lovetolearn has 20 seconds left.\n|\n|t:|1701122139\n|-terastallize|p1a: Arcanine|Normal\n|move|p2b: Chien-Pao|Icicle Crash|p1b: Urshifu\n|-resisted|p1b: Urshifu\n|-damage|p1b: Urshifu|80\/100\n|move|p2a: Ogerpon|Horn Leech|p1b: Urshifu\n|-supereffective|p1b: Urshifu\n|-damage|p1b: Urshifu|0 fnt\n|faint|p1b: Urshifu\n|move|p1a: Arcanine|Rock Slide|p2b: Chien-Pao|[spread] p2a,p2b\n|-crit|p2a: Ogerpon\n|-supereffective|p2b: Chien-Pao\n|-damage|p2a: Ogerpon|0 fnt\n|-enditem|p2b: Chien-Pao|Focus Sash\n|-damage|p2b: Chien-Pao|1\/100\n|faint|p2a: Ogerpon\n|\n|upkeep\n|\n|t:|1701122159\n|switch|p2a: Arcanine|Arcanine-Hisui, L50, M, shiny|100\/100\n|switch|p1b: Flutter Mane|Flutter Mane, L50|100\/100\n|-ability|p2a: Arcanine|Intimidate|boost\n|-unboost|p1a: Arcanine|atk|1\n|-unboost|p1b: Flutter Mane|atk|1\n|turn|2\n|inactive|lovetolearn has 30 seconds left.\n|inactive|lovetolearn has 20 seconds left.\n|inactive|lovetolearn has 15 seconds left.\n|\n|t:|1701122200\n|switch|p1a: Sinistcha|Sinistcha, L50|100\/100\n|-terastallize|p2b: Chien-Pao|Ghost\n|move|p2b: Chien-Pao|Icicle Crash|p1b: Flutter Mane\n|-damage|p1b: Flutter Mane|15\/100\n|cant|p1b: Flutter Mane|flinch\n|move|p2a: Arcanine|Rock Slide|p1a: Sinistcha|[spread] p1a\n|-miss|p2a: Arcanine|p1b: Flutter Mane\n|-damage|p1a: Sinistcha|57\/100\n|-damage|p2a: Arcanine|91\/100|[from] item: Life Orb\n|\n|upkeep\n|turn|3\n|inactive|lovetolearn has 30 seconds left.\n|inactive|lovetolearn has 20 seconds left.\n|inactive|lovetolearn has 15 seconds left.\n|inactive|lovetolearn has 10 seconds left.\n|\n|t:|1701122249\n|-end|p1b: Flutter Mane|Protosynthesis|[silent]\n|switch|p1b: Arcanine|Arcanine-Hisui, L50, M, tera:Normal|100\/100\n|-ability|p1b: Arcanine|Intimidate|boost\n|-unboost|p2a: Arcanine|atk|1\n|-unboost|p2b: Chien-Pao|atk|1\n|move|p2b: Chien-Pao|Icicle Crash|p1b: Arcanine\n|-damage|p1b: Arcanine|62\/100\n|move|p2a: Arcanine|Flare Blitz|p1a: Sinistcha\n|-supereffective|p1a: Sinistcha\n|-damage|p1a: Sinistcha|0 fnt\n|-damage|p2a: Arcanine|74\/100|[from] item: Rocky Helmet|[of] p1a: Sinistcha\n|faint|p1a: Sinistcha\n|-damage|p2a: Arcanine|55\/100|[from] Recoil\n|-damage|p2a: Arcanine|45\/100|[from] item: Life Orb\n|\n|upkeep\n|\n|t:|1701122263\n|switch|p1a: Flutter Mane|Flutter Mane, L50|15\/100\n|turn|4\n|\n|t:|1701122281\n|switch|p2b: Tornadus|Tornadus, L50, M|100\/100\n|move|p2a: Arcanine|Protect|p2a: Arcanine\n|-singleturn|p2a: Arcanine|Protect\n|move|p1a: Flutter Mane|Dazzling Gleam|p2a: Arcanine|[spread] p2b\n|-activate|p2a: Arcanine|move: Protect\n|-damage|p2b: Tornadus|45\/100\n|move|p1b: Arcanine|Rock Slide|p2a: Arcanine|[spread] p2b\n|-activate|p2a: Arcanine|move: Protect\n|-supereffective|p2b: Tornadus\n|-damage|p2b: Tornadus|0 fnt\n|faint|p2b: Tornadus\n|\n|upkeep\n|\n|t:|1701122296\n|switch|p2b: Chien-Pao|Chien-Pao, L50, tera:Ghost|1\/100\n|-ability|p2b: Chien-Pao|Sword of Ruin\n|turn|5\n|inactive|lovetolearn has 30 seconds left.\n|inactive|lovetolearn has 20 seconds left.\n|inactive|lovetolearn has 15 seconds left.\n|\n|t:|1701122338\n|move|p2b: Chien-Pao|Icicle Crash|p1a: Flutter Mane\n|-damage|p1a: Flutter Mane|0 fnt\n|faint|p1a: Flutter Mane\n|-end|p1a: Flutter Mane|Protosynthesis|[silent]\n|move|p2a: Arcanine|Rock Slide|p1b: Arcanine\n|-damage|p1b: Arcanine|5\/100\n|-damage|p2a: Arcanine|35\/100|[from] item: Life Orb\n|move|p1b: Arcanine|Rock Slide|p2b: Chien-Pao|[spread] p2a,p2b\n|-supereffective|p2a: Arcanine\n|-damage|p2a: Arcanine|0 fnt\n|-damage|p2b: Chien-Pao|0 fnt\n|faint|p2a: Arcanine\n|faint|p2b: Chien-Pao\n|\n|win|marko585\n|raw|marko585's rating: 1154 &rarr; <strong>1181<\/strong><br \/>(+27 for winning)\n|raw|lovetolearn's rating: 1177 &rarr; <strong>1150<\/strong><br \/>(-27 for losing)\n|l|\u2606marko585\n","uploadtime":1701122381,"views":3,"p1id":"marko585","p2id":"lovetolearn","formatid":"gen9vgc2023regulatione","rating":1150,"private":0,"password":""}