{"id":"gen9vgc2023regulatione-1996547693","p1":"ToadSageHokage","p2":"zagreus134","format":"[Gen 9] VGC 2023 Regulation E","log":"|j|\u2606ToadSageHokage\n|j|\u2606zagreus134\n|t:|1700692968\n|gametype|doubles\n|player|p1|ToadSageHokage|gambler|1327\n|player|p2|zagreus134|janine|1444\n|teamsize|p1|6\n|teamsize|p2|6\n|gen|9\n|tier|[Gen 9] VGC 2023 Regulation E\n|rated|\n|rule|Species Clause: Limit one of each Pok\u00e9mon\n|rule|Item Clause: Limit one of each item\n|clearpoke\n|poke|p1|Ogerpon-Wellspring, L50, F|\n|poke|p1|Flutter Mane, L50|\n|poke|p1|Arcanine-Hisui, L50, F|\n|poke|p1|Urshifu-*, L50, F|\n|poke|p1|Landorus, L50, M|\n|poke|p1|Iron Hands, L50|\n|poke|p2|Dragonite, L50, M|\n|poke|p2|Iron Hands, L50|\n|poke|p2|Kingambit, L50, M|\n|poke|p2|Iron Bundle, L50|\n|poke|p2|Flutter Mane, L50|\n|poke|p2|Urshifu-*, L50, F|\n|teampreview|4\n|inactive|Battle timer is ON: inactive players will automatically lose when time's up. (requested by zagreus134)\n|inactive|ToadSageHokage has 60 seconds left.\n|\n|t:|1700693026\n|start\n|switch|p1a: Iron Hands|Iron Hands, L50|100\/100\n|switch|p1b: Flutter Mane|Flutter Mane, L50|100\/100\n|switch|p2a: Queen|Flutter Mane, L50|100\/100\n|switch|p2b: Knight|Iron Bundle, L50|100\/100\n|-enditem|p2b: Knight|Booster Energy\n|-activate|p2b: Knight|ability: Quark Drive|[fromitem]\n|-start|p2b: Knight|quarkdrivespe\n|-enditem|p1b: Flutter Mane|Booster Energy\n|-activate|p1b: Flutter Mane|ability: Protosynthesis|[fromitem]\n|-start|p1b: Flutter Mane|protosynthesisspe\n|turn|1\n|inactive|ToadSageHokage has 30 seconds left.\n|inactive|zagreus134 has 30 seconds left.\n|inactive|ToadSageHokage has 20 seconds left.\n|inactive|ToadSageHokage has 15 seconds left.\n|\n|t:|1700693067\n|-terastallize|p2b: Knight|Ghost\n|move|p1b: Flutter Mane|Protect|p1b: Flutter Mane\n|-singleturn|p1b: Flutter Mane|Protect\n|move|p2b: Knight|Icy Wind|p1a: Iron Hands|[spread] p1a\n|-activate|p1b: Flutter Mane|move: Protect\n|-damage|p1a: Iron Hands|90\/100\n|-unboost|p1a: Iron Hands|spe|1\n|move|p2a: Queen|Imprison|p2a: Queen\n|-start|p2a: Queen|move: Imprison\n|move|p1a: Iron Hands|Heavy Slam|p2a: Queen\n|-supereffective|p2a: Queen\n|-enditem|p2a: Queen|Focus Sash\n|-damage|p2a: Queen|1\/100\n|\n|upkeep\n|turn|2\n|\n|t:|1700693092\n|move|p2b: Knight|Icy Wind|p1b: Flutter Mane|[spread] p1a,p1b\n|-damage|p1a: Iron Hands|81\/100\n|-damage|p1b: Flutter Mane|84\/100\n|-unboost|p1a: Iron Hands|spe|1\n|-unboost|p1b: Flutter Mane|spe|1\n|move|p2a: Queen|Dazzling Gleam|p1a: Iron Hands|[spread] p1a,p1b\n|-supereffective|p1a: Iron Hands\n|-crit|p1b: Flutter Mane\n|-damage|p1a: Iron Hands|50\/100\n|-damage|p1b: Flutter Mane|44\/100\n|move|p1b: Flutter Mane|Icy Wind|p2a: Queen|[spread] p2a,p2b\n|-damage|p2a: Queen|0 fnt\n|-damage|p2b: Knight|80\/100\n|-unboost|p2b: Knight|spe|1\n|faint|p2a: Queen\n|-end|p2a: Queen|Protosynthesis|[silent]\n|move|p1a: Iron Hands|Wild Charge|p2b: Knight\n|-damage|p2b: Knight|19\/100\n|-damage|p1a: Iron Hands|41\/100|[from] Recoil\n|\n|upkeep\n|\n|t:|1700693113\n|switch|p2a: Pawn|Urshifu-Rapid-Strike, L50, F|100\/100\n|turn|3\n|\n|t:|1700693132\n|-end|p1b: Flutter Mane|Protosynthesis|[silent]\n|switch|p1b: Arcanine|Arcanine-Hisui, L50, F|100\/100\n|-ability|p1b: Arcanine|Intimidate|boost\n|-unboost|p2a: Pawn|atk|1\n|-unboost|p2b: Knight|atk|1\n|move|p2b: Knight|Hydro Pump|p1b: Arcanine\n|-supereffective|p1b: Arcanine\n|-damage|p1b: Arcanine|0 fnt\n|faint|p1b: Arcanine\n|move|p2a: Pawn|Surging Strikes|p1a: Iron Hands\n|-crit|p1a: Iron Hands\n|-damage|p1a: Iron Hands|19\/100\n|-crit|p1a: Iron Hands\n|-damage|p1a: Iron Hands|0 fnt\n|faint|p1a: Iron Hands\n|-end|p1a: Iron Hands|Quark Drive|[silent]\n|-hitcount|p1: Iron Hands|2\n|-damage|p2a: Pawn|91\/100|[from] item: Life Orb\n|\n|upkeep\n|\n|t:|1700693150\n|switch|p1b: Urshifu|Urshifu, L50, F|100\/100\n|switch|p1a: Flutter Mane|Flutter Mane, L50|44\/100\n|turn|4\n|inactive|ToadSageHokage has 30 seconds left.\n|\n|t:|1700693181\n|-terastallize|p1a: Flutter Mane|Fairy\n|move|p2b: Knight|Icy Wind|p1a: Flutter Mane|[spread] p1a,p1b\n|-damage|p1a: Flutter Mane|27\/100\n|-damage|p1b: Urshifu|74\/100\n|-unboost|p1a: Flutter Mane|spe|1\n|-unboost|p1b: Urshifu|spe|1\n|move|p2a: Pawn|Surging Strikes|p1a: Flutter Mane\n|-crit|p1a: Flutter Mane\n|-damage|p1a: Flutter Mane|0 fnt\n|faint|p1a: Flutter Mane\n|-end|p1a: Flutter Mane|Protosynthesis|[silent]\n|-hitcount|p1: Flutter Mane|1\n|-damage|p2a: Pawn|81\/100|[from] item: Life Orb\n|move|p1b: Urshifu|Wicked Blow|p2b: Knight\n|-supereffective|p2b: Knight\n|-crit|p2b: Knight\n|-damage|p2b: Knight|0 fnt\n|faint|p2b: Knight\n|-end|p2b: Knight|Quark Drive|[silent]\n|\n|upkeep\n|\n|t:|1700693193\n|switch|p2b: Bishop|Dragonite, L50, M|100\/100\n|turn|5\n|\n|t:|1700693214\n|move|p2b: Bishop|Extreme Speed|p1b: Urshifu\n|-damage|p1b: Urshifu|29\/100\n|move|p2a: Pawn|Surging Strikes|p1b: Urshifu\n|-crit|p1b: Urshifu\n|-damage|p1b: Urshifu|0 fnt\n|faint|p1b: Urshifu\n|-hitcount|p1: Urshifu|1\n|-damage|p2a: Pawn|71\/100|[from] item: Life Orb\n|\n|win|zagreus134\n|raw|ToadSageHokage's rating: 1327 &rarr; <strong>1313<\/strong><br \/>(-14 for losing)\n|raw|zagreus134's rating: 1444 &rarr; <strong>1458<\/strong><br \/>(+14 for winning)\n|l|\u2606ToadSageHokage\n","uploadtime":1700693228,"views":13,"p1id":"toadsagehokage","p2id":"zagreus134","formatid":"gen9vgc2023regulatione","rating":1313,"private":0,"password":""}