{"id":"gen9vgc2023regulatione-1992245077","p1":"Kzjrjzkl","p2":"mufflekip","format":"[Gen 9] VGC 2023 Regulation E","log":"|j|\u2606Kzjrjzkl\n|j|\u2606mufflekip\n|t:|1700167227\n|gametype|doubles\n|player|p1|Kzjrjzkl|lance|1044\n|player|p2|mufflekip|carmine-festival|1080\n|teamsize|p1|6\n|teamsize|p2|6\n|gen|9\n|tier|[Gen 9] VGC 2023 Regulation E\n|rated|\n|rule|Species Clause: Limit one of each Pok\u00e9mon\n|rule|Item Clause: Limit one of each item\n|clearpoke\n|poke|p1|Flutter Mane, L50|\n|poke|p1|Tornadus, L50, M|\n|poke|p1|Rillaboom, L50, M|\n|poke|p1|Garganacl, L50, F|\n|poke|p1|Arcanine-Hisui, L50, F|\n|poke|p1|Chien-Pao, L50|\n|poke|p2|Milotic, L50, F|\n|poke|p2|Dondozo, L50, F|\n|poke|p2|Tatsugiri-Stretchy, L50, M|\n|poke|p2|Ninetales-Alola, L50, F|\n|poke|p2|Iron Bundle, L50|\n|poke|p2|Arcanine-Hisui, L50, F|\n|teampreview|4\n|\n|t:|1700167238\n|start\n|switch|p1a: Garganacl|Garganacl, L50, F|100\/100\n|switch|p1b: Tornadus|Tornadus, L50, M|100\/100\n|switch|p2a: Dondozo|Dondozo, L50, F, shiny|100\/100\n|switch|p2b: Tatsugiri|Tatsugiri-Stretchy, L50, M, shiny|100\/100\n|-activate|p2b: Tatsugiri|ability: Commander|[of] p2a: Dondozo\n|-boost|p2a: Dondozo|atk|2\n|-boost|p2a: Dondozo|spa|2\n|-boost|p2a: Dondozo|spe|2\n|-boost|p2a: Dondozo|def|2\n|-boost|p2a: Dondozo|spd|2\n|turn|1\n|\n|t:|1700167250\n|-terastallize|p1a: Garganacl|Ghost\n|move|p1b: Tornadus|Taunt|p2a: Dondozo\n|-start|p2a: Dondozo|move: Taunt\n|move|p2a: Dondozo|Wave Crash|p1a: Garganacl\n|-damage|p1a: Garganacl|33\/100\n|-enditem|p1a: Garganacl|Sitrus Berry|[eat]\n|-heal|p1a: Garganacl|58\/100|[from] item: Sitrus Berry\n|-damage|p2a: Dondozo|80\/100|[from] Recoil\n|move|p1a: Garganacl|Salt Cure|p2a: Dondozo\n|-damage|p2a: Dondozo|75\/100\n|-start|p2a: Dondozo|Salt Cure\n|\n|-heal|p2a: Dondozo|81\/100|[from] item: Leftovers\n|-damage|p2a: Dondozo|56\/100|[from] Salt Cure\n|upkeep\n|turn|2\n|\n|t:|1700167273\n|-terastallize|p2a: Dondozo|Dragon\n|move|p1a: Garganacl|Protect|p1a: Garganacl\n|-singleturn|p1a: Garganacl|Protect\n|move|p1b: Tornadus|Sunny Day|p1b: Tornadus\n|-weather|SunnyDay\n|move|p2a: Dondozo|Order Up|p1a: Garganacl\n|-activate|p1a: Garganacl|move: Protect\n|\n|-weather|SunnyDay|[upkeep]\n|-heal|p2a: Dondozo|62\/100|[from] item: Leftovers\n|-damage|p2a: Dondozo|50\/100|[from] Salt Cure\n|upkeep\n|turn|3\n|\n|t:|1700167287\n|move|p2a: Dondozo|Order Up|p1b: Tornadus\n|-damage|p1b: Tornadus|10\/100\n|-boost|p2a: Dondozo|spe|1\n|move|p1b: Tornadus|Bleakwind Storm|p2b: Tatsugiri|[spread] p2a\n|-miss|p1b: Tornadus|p2b: Tatsugiri\n|-damage|p2a: Dondozo|35\/100\n|move|p1a: Garganacl|Recover|p1a: Garganacl\n|-heal|p1a: Garganacl|100\/100\n|\n|-weather|SunnyDay|[upkeep]\n|-heal|p2a: Dondozo|41\/100|[from] item: Leftovers\n|-damage|p2a: Dondozo|29\/100|[from] Salt Cure\n|-end|p2a: Dondozo|move: Taunt\n|upkeep\n|turn|4\n|\n|t:|1700167302\n|move|p1b: Tornadus|Tailwind|p1b: Tornadus\n|-sidestart|p1: Kzjrjzkl|move: Tailwind\n|move|p2a: Dondozo|Order Up|p1a: Garganacl\n|-damage|p1a: Garganacl|49\/100\n|-boost|p2a: Dondozo|spe|1\n|move|p1a: Garganacl|Iron Defense|p1a: Garganacl\n|-boost|p1a: Garganacl|def|2\n|\n|-weather|SunnyDay|[upkeep]\n|-heal|p2a: Dondozo|35\/100|[from] item: Leftovers\n|-damage|p2a: Dondozo|23\/100|[from] Salt Cure\n|upkeep\n|turn|5\n|\n|t:|1700167320\n|move|p1a: Garganacl|Protect|p1a: Garganacl\n|-singleturn|p1a: Garganacl|Protect\n|move|p1b: Tornadus|Bleakwind Storm|p2a: Dondozo|[spread] p2a\n|-miss|p1b: Tornadus|p2b: Tatsugiri\n|-damage|p2a: Dondozo|8\/100\n|move|p2a: Dondozo|Tera Blast|p1a: Garganacl|[anim] Tera Blast Dragon\n|-activate|p1a: Garganacl|move: Protect\n|\n|-weather|SunnyDay|[upkeep]\n|-heal|p2a: Dondozo|14\/100|[from] item: Leftovers\n|-damage|p2a: Dondozo|1\/100|[from] Salt Cure\n|upkeep\n|turn|6\n|\n|t:|1700167333\n|move|p1b: Tornadus|Bleakwind Storm|p2a: Dondozo|[spread] p2a\n|-miss|p1b: Tornadus|p2b: Tatsugiri\n|-damage|p2a: Dondozo|0 fnt\n|faint|p2a: Dondozo\n|move|p1a: Garganacl|Recover|p1a: Garganacl\n|-heal|p1a: Garganacl|99\/100\n|\n|-weather|none\n|upkeep\n|\n|t:|1700167341\n|switch|p2a: Iron Bundle|Iron Bundle, L50, shiny|100\/100\n|-enditem|p2a: Iron Bundle|Booster Energy\n|-activate|p2a: Iron Bundle|ability: Quark Drive|[fromitem]\n|-start|p2a: Iron Bundle|quarkdrivespe\n|turn|7\n|\n|t:|1700167350\n|move|p1a: Garganacl|Protect|p1a: Garganacl\n|-singleturn|p1a: Garganacl|Protect\n|move|p2a: Iron Bundle|Icy Wind|p1b: Tornadus|[spread] p1b\n|-activate|p1a: Garganacl|move: Protect\n|-supereffective|p1b: Tornadus\n|-damage|p1b: Tornadus|0 fnt\n|faint|p1b: Tornadus\n|move|p2b: Tatsugiri|Muddy Water|p1a: Garganacl\n|-activate|p1a: Garganacl|move: Protect\n|\n|-sideend|p1: Kzjrjzkl|move: Tailwind\n|upkeep\n|\n|t:|1700167357\n|switch|p1b: Rillaboom|Rillaboom, L50, M|100\/100\n|-fieldstart|move: Grassy Terrain|[from] ability: Grassy Surge|[of] p1b: Rillaboom\n|turn|8\n|\n|t:|1700167364\n|move|p1b: Rillaboom|Grassy Glide|p2a: Iron Bundle\n|-supereffective|p2a: Iron Bundle\n|-damage|p2a: Iron Bundle|0 fnt\n|faint|p2a: Iron Bundle\n|-end|p2a: Iron Bundle|Quark Drive|[silent]\n|move|p2b: Tatsugiri|Muddy Water|p1a: Garganacl|[spread] p1b\n|-miss|p2b: Tatsugiri|p1a: Garganacl\n|-resisted|p1b: Rillaboom\n|-damage|p1b: Rillaboom|89\/100\n|move|p1a: Garganacl|Salt Cure|p2b: Tatsugiri\n|-damage|p2b: Tatsugiri|80\/100\n|-start|p2b: Tatsugiri|Salt Cure\n|\n|-heal|p2b: Tatsugiri|86\/100|[from] Grassy Terrain\n|-heal|p1b: Rillaboom|95\/100|[from] Grassy Terrain\n|-heal|p1a: Garganacl|100\/100|[from] Grassy Terrain\n|-damage|p2b: Tatsugiri|61\/100|[from] Salt Cure\n|upkeep\n|\n|t:|1700167380\n|switch|p2a: Milotic|Milotic, L50, F, shiny|100\/100\n|turn|9\n|\n|t:|1700167395\n|move|p1b: Rillaboom|Grassy Glide|p2b: Tatsugiri\n|-damage|p2b: Tatsugiri|1\/100\n|move|p2b: Tatsugiri|Muddy Water|p1b: Rillaboom|[spread] p1b\n|-miss|p2b: Tatsugiri|p1a: Garganacl\n|-resisted|p1b: Rillaboom\n|-damage|p1b: Rillaboom|84\/100\n|-unboost|p1b: Rillaboom|accuracy|1\n|move|p2a: Milotic|Icy Wind|p1a: Garganacl|[spread] p1a,p1b\n|-supereffective|p1b: Rillaboom\n|-damage|p1a: Garganacl|93\/100\n|-damage|p1b: Rillaboom|68\/100\n|-unboost|p1a: Garganacl|spe|1\n|-unboost|p1b: Rillaboom|spe|1\n|move|p1a: Garganacl|Salt Cure|p2a: Milotic\n|-damage|p2a: Milotic|88\/100\n|-start|p2a: Milotic|Salt Cure\n|\n|-heal|p2b: Tatsugiri|7\/100|[from] Grassy Terrain\n|-heal|p2a: Milotic|93\/100|[from] Grassy Terrain\n|-heal|p1b: Rillaboom|73\/100|[from] Grassy Terrain\n|-heal|p1a: Garganacl|99\/100|[from] Grassy Terrain\n|-damage|p2b: Tatsugiri|0 fnt|[from] Salt Cure\n|faint|p2b: Tatsugiri\n|-damage|p2a: Milotic|69\/100|[from] Salt Cure\n|upkeep\n|turn|10\n|\n|t:|1700167418\n|move|p1a: Garganacl|Protect|p1a: Garganacl\n|-singleturn|p1a: Garganacl|Protect\n|move|p2a: Milotic|Scald|p1a: Garganacl\n|-activate|p1a: Garganacl|move: Protect\n|move|p1b: Rillaboom|Wood Hammer|p2a: Milotic\n|-supereffective|p2a: Milotic\n|-crit|p2a: Milotic\n|-damage|p2a: Milotic|0 fnt\n|-damage|p1b: Rillaboom|57\/100|[from] item: Rocky Helmet|[of] p2a: Milotic\n|faint|p2a: Milotic\n|-damage|p1b: Rillaboom|39\/100|[from] Recoil\n|\n|win|Kzjrjzkl\n|raw|Kzjrjzkl's rating: 1044 &rarr; <strong>1081<\/strong><br \/>(+37 for winning)\n|raw|mufflekip's rating: 1080 &rarr; <strong>1056<\/strong><br \/>(-24 for losing)\n|l|\u2606mufflekip\n","uploadtime":1700167426,"views":19,"p1id":"kzjrjzkl","p2id":"mufflekip","formatid":"gen9vgc2023regulatione","rating":1056,"private":0,"password":""}