{"id":"gen9vgc2023regulatione-1993551381","p1":"Juanber13","p2":"Wierdo2_0","format":"[Gen 9] VGC 2023 Regulation E","log":"|j|\u2606Juanber13\n|j|\u2606Wierdo2_0\n|t:|1700330835\n|gametype|doubles\n|player|p1|Juanber13|102|1060\n|player|p2|Wierdo2_0|265|1160\n|teamsize|p1|6\n|teamsize|p2|6\n|gen|9\n|tier|[Gen 9] VGC 2023 Regulation E\n|rated|\n|rule|Species Clause: Limit one of each Pok\u00e9mon\n|rule|Item Clause: Limit one of each item\n|clearpoke\n|poke|p1|Lilligant-Hisui, L50, F|\n|poke|p1|Torkoal, L50, M|\n|poke|p1|Tinkaton, L50, F|\n|poke|p1|Goodra, L50, F|\n|poke|p1|Ogerpon-Hearthflame, L50, F|\n|poke|p1|Clefable, L50, F|\n|poke|p2|Flutter Mane, L50|\n|poke|p2|Urshifu-*, L50, F|\n|poke|p2|Iron Hands, L50|\n|poke|p2|Amoonguss, L50, M|\n|poke|p2|Ogerpon-Hearthflame, L50, F|\n|poke|p2|Tornadus, L50, M|\n|teampreview|4\n|inactive|Battle timer is ON: inactive players will automatically lose when time's up. (requested by Wierdo2_0)\n|\n|t:|1700330844\n|start\n|switch|p1a: Clefable|Clefable, L50, F|100\/100\n|switch|p1b: Tinkaton|Tinkaton, L50, F|100\/100\n|switch|p2a: Tornadus|Tornadus, L50, M|100\/100\n|switch|p2b: Urshifu|Urshifu-Rapid-Strike, L50, F|100\/100\n|turn|1\n|inactive|Juanber13 has 30 seconds left.\n|inactive|Wierdo2_0 has 30 seconds left.\n|inactive|Wierdo2_0 has 20 seconds left.\n|inactive|Wierdo2_0 has 15 seconds left.\n|inactive|Wierdo2_0 has 10 seconds left.\n|\n|t:|1700330893\n|switch|p2b: Ogerpon|Ogerpon-Hearthflame, L50, F|100\/100\n|-ability|p2b: Ogerpon|Mold Breaker\n|move|p2a: Tornadus|Protect|p2a: Tornadus\n|-singleturn|p2a: Tornadus|Protect\n|move|p1b: Tinkaton|Fake Out|p2a: Tornadus\n|-activate|p2a: Tornadus|move: Protect\n|move|p1a: Clefable|Moonblast|p2a: Tornadus\n|-activate|p2a: Tornadus|move: Protect\n|\n|upkeep\n|turn|2\n|inactive|Juanber13 has 30 seconds left.\n|inactive|Juanber13 has 20 seconds left.\n|inactive|Wierdo2_0 has 30 seconds left.\n|inactive|Juanber13 has 15 seconds left.\n|inactive|Juanber13 has 10 seconds left.\n|inactive|Wierdo2_0 has 20 seconds left.\n|inactive|Juanber13 has 5 seconds left.\n|inactive|Wierdo2_0 has 15 seconds left.\n|inactive|Wierdo2_0 has 10 seconds left.\n|\n|t:|1700330951\n|-terastallize|p2b: Ogerpon|Fire\n|detailschange|p2b: Ogerpon|Ogerpon-Hearthflame-Tera, L50, F, tera:Fire\n|-ability|p2b: Ogerpon|Embody Aspect (Hearthflame)|boost\n|-boost|p2b: Ogerpon|atk|1\n|move|p1a: Clefable|Follow Me|p1a: Clefable\n|-singleturn|p1a: Clefable|move: Follow Me\n|move|p2a: Tornadus|Tailwind|p2a: Tornadus\n|-sidestart|p2: Wierdo2_0|move: Tailwind\n|move|p2b: Ogerpon|Ivy Cudgel|p1a: Clefable|[anim] Ivy Cudgel Fire\n|-damage|p1a: Clefable|39\/100\n|move|p1b: Tinkaton|Play Rough|p2b: Ogerpon\n|-resisted|p2b: Ogerpon\n|-damage|p2b: Ogerpon|72\/100\n|-damage|p1b: Tinkaton|91\/100|[from] item: Life Orb\n|\n|upkeep\n|turn|3\n|inactive|Juanber13 has 30 seconds left.\n|inactive|Wierdo2_0 has 30 seconds left.\n|\n|t:|1700330985\n|switch|p1b: Torkoal|Torkoal, L50, M|100\/100\n|-weather|SunnyDay|[from] ability: Drought|[of] p1b: Torkoal\n|move|p2b: Ogerpon|Ivy Cudgel|p1b: Torkoal|[anim] Ivy Cudgel Fire\n|-resisted|p1b: Torkoal\n|-damage|p1b: Torkoal|36\/100\n|move|p2a: Tornadus|Bleakwind Storm|p1b: Torkoal|[spread] p1a,p1b\n|-damage|p1a: Clefable|10\/100\n|-damage|p1b: Torkoal|5\/100\n|-enditem|p1a: Clefable|Aguav Berry|[eat]\n|-heal|p1a: Clefable|44\/100|[from] item: Aguav Berry\n|-enditem|p1b: Torkoal|Iapapa Berry|[eat]\n|-heal|p1b: Torkoal|38\/100|[from] item: Iapapa Berry\n|move|p1a: Clefable|Moonblast|p2a: Tornadus\n|-damage|p2a: Tornadus|74\/100\n|\n|-weather|SunnyDay|[upkeep]\n|upkeep\n|turn|4\n|inactive|Juanber13 has 30 seconds left.\n|inactive|Wierdo2_0 has 30 seconds left.\n|inactive|Juanber13 has 20 seconds left.\n|inactive|Wierdo2_0 has 20 seconds left.\n|inactive|Juanber13 has 15 seconds left.\n|inactive|Wierdo2_0 has 15 seconds left.\n|inactive|Wierdo2_0 has 10 seconds left.\n|inactive|Wierdo2_0 has 5 seconds left.\n|\n|t:|1700331036\n|-terastallize|p1b: Torkoal|Water\n|move|p2b: Ogerpon|Ivy Cudgel|p1b: Torkoal|[anim] Ivy Cudgel Fire\n|-resisted|p1b: Torkoal\n|-damage|p1b: Torkoal|0 fnt\n|faint|p1b: Torkoal\n|move|p2a: Tornadus|Bleakwind Storm|p1a: Clefable\n|-damage|p1a: Clefable|5\/100\n|move|p1a: Clefable|Moonblast|p2a: Tornadus\n|-damage|p2a: Tornadus|48\/100\n|\n|-weather|SunnyDay|[upkeep]\n|upkeep\n|\n|t:|1700331050\n|switch|p1b: Tinkaton|Tinkaton, L50, F|91\/100\n|turn|5\n|\n|t:|1700331070\n|move|p1b: Tinkaton|Fake Out|p2b: Ogerpon\n|-damage|p2b: Ogerpon|53\/100\n|-damage|p1b: Tinkaton|81\/100|[from] item: Life Orb\n|move|p1a: Clefable|Follow Me|p1a: Clefable\n|-singleturn|p1a: Clefable|move: Follow Me\n|cant|p2b: Ogerpon|flinch\n|move|p2a: Tornadus|Bleakwind Storm|p1b: Tinkaton|[spread] p1a,p1b\n|-resisted|p1b: Tinkaton\n|-damage|p1a: Clefable|0 fnt\n|-damage|p1b: Tinkaton|63\/100\n|faint|p1a: Clefable\n|\n|-weather|SunnyDay|[upkeep]\n|-sideend|p2: Wierdo2_0|move: Tailwind\n|upkeep\n|\n|t:|1700331085\n|switch|p1a: Lilligant|Lilligant-Hisui, L50, F|100\/100\n|turn|6\n|\n|t:|1700331105\n|move|p2a: Tornadus|Tailwind|p2a: Tornadus\n|-sidestart|p2: Wierdo2_0|move: Tailwind\n|move|p1a: Lilligant|Close Combat|p2b: Ogerpon\n|-damage|p2b: Ogerpon|0 fnt\n|-unboost|p1a: Lilligant|def|1\n|-unboost|p1a: Lilligant|spd|1\n|faint|p2b: Ogerpon\n|move|p1b: Tinkaton|Gigaton Hammer|p2a: Tornadus\n|-damage|p2a: Tornadus|0 fnt\n|faint|p2a: Tornadus\n|-damage|p1b: Tinkaton|53\/100|[from] item: Life Orb\n|\n|-weather|SunnyDay|[upkeep]\n|upkeep\n|\n|t:|1700331117\n|switch|p2b: Flutter Mane|Flutter Mane, L50|100\/100\n|switch|p2a: Urshifu|Urshifu-Rapid-Strike, L50, F|100\/100\n|-activate|p2b: Flutter Mane|ability: Protosynthesis\n|-start|p2b: Flutter Mane|protosynthesisspa\n|turn|7\n|inactive|Wierdo2_0 has 30 seconds left.\n|inactive|Juanber13 has 30 seconds left.\n|inactive|Wierdo2_0 has 20 seconds left.\n|inactive|Wierdo2_0 has 15 seconds left.\n|inactive|Wierdo2_0 has 10 seconds left.\n|inactive|Wierdo2_0 has 5 seconds left.\n|\n|t:|1700331169\n|move|p2b: Flutter Mane|Shadow Ball|p1a: Lilligant\n|-enditem|p1a: Lilligant|Focus Sash\n|-damage|p1a: Lilligant|1\/100\n|move|p1a: Lilligant|Solar Blade||[still]\n|-prepare|p1a: Lilligant|Solar Blade\n|-anim|p1a: Lilligant|Solar Blade|p2a: Urshifu\n|-supereffective|p2a: Urshifu\n|-damage|p2a: Urshifu|0 fnt\n|faint|p2a: Urshifu\n|move|p1b: Tinkaton|Play Rough|p2b: Flutter Mane\n|-damage|p2b: Flutter Mane|27\/100\n|-damage|p1b: Tinkaton|43\/100|[from] item: Life Orb\n|\n|-weather|none\n|-end|p2b: Flutter Mane|Protosynthesis\n|upkeep\n|-enditem|p2b: Flutter Mane|Booster Energy\n|-activate|p2b: Flutter Mane|ability: Protosynthesis|[fromitem]\n|-start|p2b: Flutter Mane|protosynthesisspa\n|turn|8\n|inactive|Juanber13 has 30 seconds left.\n|\n|t:|1700331196\n|move|p2b: Flutter Mane|Dazzling Gleam|p1a: Lilligant|[spread] p1a,p1b\n|-supereffective|p1a: Lilligant\n|-resisted|p1b: Tinkaton\n|-damage|p1a: Lilligant|0 fnt\n|-damage|p1b: Tinkaton|20\/100\n|faint|p1a: Lilligant\n|move|p1b: Tinkaton|Gigaton Hammer|p2b: Flutter Mane\n|-supereffective|p2b: Flutter Mane\n|-damage|p2b: Flutter Mane|0 fnt\n|faint|p2b: Flutter Mane\n|-end|p2b: Flutter Mane|Protosynthesis|[silent]\n|-damage|p1b: Tinkaton|10\/100|[from] item: Life Orb\n|\n|win|Juanber13\n|raw|Juanber13's rating: 1060 &rarr; <strong>1100<\/strong><br \/>(+40 for winning)\n|raw|Wierdo2_0's rating: 1160 &rarr; <strong>1128<\/strong><br \/>(-32 for losing)\n|l|\u2606Wierdo2_0\n","uploadtime":1700331209,"views":7,"p1id":"juanber13","p2id":"wierdo20","formatid":"gen9vgc2023regulatione","rating":1100,"private":0,"password":""}