{"id":"gen9vgc2023regulatione-1988589347","p1":"OceanRayClark","p2":"Darth_Nater59","format":"[Gen 9] VGC 2023 Regulation E","log":"|j|\u2606OceanRayClark\n|j|\u2606Darth_Nater59\n|t:|1699739360\n|gametype|doubles\n|player|p1|OceanRayClark|marshal|\n|player|p2|Darth_Nater59|alder|\n|teamsize|p1|6\n|teamsize|p2|6\n|gen|9\n|tier|[Gen 9] VGC 2023 Regulation E\n|rule|Species Clause: Limit one of each Pok\u00e9mon\n|rule|Item Clause: Limit one of each item\n|clearpoke\n|poke|p1|Annihilape, L50, M|\n|poke|p1|Gallade, L50, M|\n|poke|p1|Iron Hands, L50|\n|poke|p1|Glimmora, L50, F|\n|poke|p1|Ninetales-Alola, L50, F|\n|poke|p1|Haxorus, L50, M|\n|poke|p2|Iron Bundle, L50|\n|poke|p2|Iron Hands, L50|\n|poke|p2|Pincurchin, L50, F|\n|poke|p2|Ogerpon, L50, F|\n|poke|p2|Ninetales-Alola, L50, F|\n|poke|p2|Arcanine-Hisui, L50, F|\n|teampreview|4\nOceanRayClark rejected open team sheets.\n|\n|t:|1699739423\n|start\n|switch|p1a: Beetlemon|Iron Hands, L50, shiny|100\/100\n|switch|p1b: Soul Slicer|Gallade, L50, M|100\/100\n|switch|p2a: Sonic|Pincurchin, L50, F|100\/100\n|switch|p2b: Iron Bundle|Iron Bundle, L50|100\/100\n|-fieldstart|move: Electric Terrain|[from] ability: Electric Surge|[of] p2a: Sonic\n|-activate|p2b: Iron Bundle|ability: Quark Drive\n|-start|p2b: Iron Bundle|quarkdrivespe\n|-activate|p1a: Beetlemon|ability: Quark Drive\n|-start|p1a: Beetlemon|quarkdriveatk\n|turn|1\n|\n|t:|1699739488\n|-end|p2b: Iron Bundle|Quark Drive|[silent]\n|switch|p2b: Ninetales|Ninetales-Alola, L50, F|100\/100\n|-weather|Snow|[from] ability: Snow Warning|[of] p2b: Ninetales\n|switch|p2a: Iron Hands|Iron Hands, L50|100\/100\n|-activate|p2a: Iron Hands|ability: Quark Drive\n|-start|p2a: Iron Hands|quarkdriveatk\n|move|p1a: Beetlemon|Fake Out|p2b: Ninetales\n|-damage|p2b: Ninetales|83\/100\n|move|p1b: Soul Slicer|Sacred Sword|p2b: Ninetales\n|-damage|p2b: Ninetales|25\/100\n|\n|-weather|Snow|[upkeep]\n|upkeep\n|turn|2\n|\n|t:|1699739531\n|move|p2a: Iron Hands|Fake Out|p1a: Beetlemon\n|-damage|p1a: Beetlemon|86\/100\n|move|p2b: Ninetales|Dazzling Gleam|p1a: Beetlemon|[spread] p1a,p1b\n|-supereffective|p1a: Beetlemon\n|-supereffective|p1b: Soul Slicer\n|-damage|p1a: Beetlemon|55\/100\n|-damage|p1b: Soul Slicer|65\/100\n|move|p1b: Soul Slicer|Psycho Cut|p2a: Iron Hands\n|-supereffective|p2a: Iron Hands\n|-damage|p2a: Iron Hands|20\/100\n|cant|p1a: Beetlemon|flinch\n|\n|-weather|Snow|[upkeep]\n|upkeep\n|turn|3\n|\n|t:|1699739558\n|-end|p2a: Iron Hands|Quark Drive|[silent]\n|switch|p2a: Sonic|Pincurchin, L50, F|100\/100\n|-terastallize|p1a: Beetlemon|Ground\n|move|p1b: Soul Slicer|Wide Guard|p1b: Soul Slicer\n|-singleturn|p1b: Soul Slicer|Wide Guard\n|move|p2b: Ninetales|Moonblast|p1b: Soul Slicer\n|-supereffective|p1b: Soul Slicer\n|-damage|p1b: Soul Slicer|12\/100\n|move|p1a: Beetlemon|Earthquake|p2a: Sonic|[spread] p2a,p2b\n|-activate|p1b: Soul Slicer|move: Wide Guard\n|-supereffective|p2a: Sonic\n|-damage|p2a: Sonic|0 fnt\n|-damage|p2b: Ninetales|0 fnt\n|faint|p2a: Sonic\n|faint|p2b: Ninetales\n|\n|-weather|Snow|[upkeep]\n|upkeep\n|\n|t:|1699739574\n|switch|p2b: Iron Bundle|Iron Bundle, L50|100\/100\n|switch|p2a: Iron Hands|Iron Hands, L50|20\/100\n|-activate|p2b: Iron Bundle|ability: Quark Drive\n|-start|p2b: Iron Bundle|quarkdrivespe\n|-activate|p2a: Iron Hands|ability: Quark Drive\n|-start|p2a: Iron Hands|quarkdriveatk\n|turn|4\n|\n|t:|1699739605\n|-terastallize|p2b: Iron Bundle|Ghost\n|move|p2a: Iron Hands|Fake Out|p1b: Soul Slicer\n|-damage|p1b: Soul Slicer|0 fnt\n|faint|p1b: Soul Slicer\n|move|p2b: Iron Bundle|Blizzard|p1a: Beetlemon\n|-supereffective|p1a: Beetlemon\n|-crit|p1a: Beetlemon\n|-damage|p1a: Beetlemon|0 fnt\n|faint|p1a: Beetlemon\n|-end|p1a: Beetlemon|Quark Drive|[silent]\n|\n|-weather|Snow|[upkeep]\n|upkeep\n|\n|t:|1699739617\n|switch|p1b: \u30b4\u30fc\u30b9\u30c8\u30d5\u30a1\u30a4\u30bf\u30fc|Annihilape, L50, M|100\/100\n|switch|p1a: Princess|Ninetales-Alola, L50, F|100\/100\n|turn|5\n|\n|t:|1699739642\n|move|p1a: Princess|Protect|p1a: Princess\n|-singleturn|p1a: Princess|Protect\n|move|p2b: Iron Bundle|Blizzard|p1a: Princess|[spread] p1b\n|-activate|p1a: Princess|move: Protect\n|-damage|p1b: \u30b4\u30fc\u30b9\u30c8\u30d5\u30a1\u30a4\u30bf\u30fc|43\/100\n|move|p1b: \u30b4\u30fc\u30b9\u30c8\u30d5\u30a1\u30a4\u30bf\u30fc|Rage Fist|p2b: Iron Bundle\n|-supereffective|p2b: Iron Bundle\n|-damage|p2b: Iron Bundle|0 fnt\n|faint|p2b: Iron Bundle\n|-end|p2b: Iron Bundle|Quark Drive|[silent]\n|move|p2a: Iron Hands|Drain Punch|p1a: Princess\n|-activate|p1a: Princess|move: Protect\n|\n|-weather|none\n|-heal|p1b: \u30b4\u30fc\u30b9\u30c8\u30d5\u30a1\u30a4\u30bf\u30fc|49\/100|[from] item: Leftovers\n|-fieldend|move: Electric Terrain\n|-end|p2a: Iron Hands|Quark Drive\n|upkeep\n|turn|6\n|\n|t:|1699739666\n|move|p1a: Princess|Dazzling Gleam|p2a: Iron Hands\n|-supereffective|p2a: Iron Hands\n|-damage|p2a: Iron Hands|0 fnt\n|faint|p2a: Iron Hands\n|-end|p2a: Iron Hands|Quark Drive|[silent]\n|\n|win|OceanRayClark\n","uploadtime":1699739685,"views":7,"p1id":"oceanrayclark","p2id":"darthnater59","formatid":"gen9vgc2023regulatione","rating":0,"private":0,"password":""}