{"id":"gen9vgc2023regulatione-1994371272","p1":"Pink_SSB","p2":"CrystalDialga","format":"[Gen 9] VGC 2023 Regulation E","log":"|j|\u2606Pink_SSB\n|j|\u2606CrystalDialga\n|n|\u2606Pink_SSB|pinkssb\n|n|\u2606CrystalDialga|crystaldialga\n|html|View the match progress at <a href=\"\/game-bestof3-gen9vgc2023regulatione-1994366923\">game-bestof3-gen9vgc2023regulatione-1994366923<\/a>\n|t:|1700436288\n|gametype|doubles\n|player|p1|Pink_SSB|1|\n|player|p2|CrystalDialga|larry|\n|teamsize|p1|6\n|teamsize|p2|6\n|gen|9\n|tier|[Gen 9] VGC 2023 Regulation E\n|rule|Species Clause: Limit one of each Pok\u00e9mon\n|rule|Item Clause: Limit one of each item\n|clearpoke\n|poke|p1|Eiscue, L50, M|\n|poke|p1|Iron Hands, L50|\n|poke|p1|Sinistcha, L50|\n|poke|p1|Landorus-Therian, L50, M|\n|poke|p1|Heatran, L50, F|\n|poke|p1|Flutter Mane, L50|\n|poke|p2|Dragapult, L50, M|\n|poke|p2|Chien-Pao, L50|\n|poke|p2|Ting-Lu, L50|\n|poke|p2|Rillaboom, L50, M|\n|poke|p2|Dondozo, L50, F|\n|poke|p2|Amoonguss, L50, M|\n|teampreview|4\nCrystalDialga has agreed to open team sheets.\n|inactive|Battle timer is ON: inactive players will automatically lose when time's up. (requested by Pink_SSB)\n|\n|t:|1700436332\n|start\n|switch|p1a: Tera-Ass|Heatran, L50, F|100\/100\n|switch|p1b: Uncle Lando|Landorus-Therian, L50, M|100\/100\n|switch|p2a: Dude from Ice Age|Chien-Pao, L50|100\/100\n|switch|p2b: \"One more fissure\"|Ting-Lu, L50|100\/100\n|-ability|p1b: Uncle Lando|Intimidate|boost\n|-unboost|p2a: Dude from Ice Age|atk|1\n|-unboost|p2b: \"One more fissure\"|atk|1\n|-ability|p2a: Dude from Ice Age|Sword of Ruin\n|-ability|p2b: \"One more fissure\"|Vessel of Ruin\n|turn|1\n|inactive|Pink_SSB has 30 seconds left.\n|inactive|CrystalDialga has 30 seconds left.\n|inactive|CrystalDialga has 20 seconds left.\n|\n|t:|1700436368\n|-terastallize|p1a: Tera-Ass|Grass\n|move|p2a: Dude from Ice Age|Protect|p2a: Dude from Ice Age\n|-singleturn|p2a: Dude from Ice Age|Protect\n|move|p1b: Uncle Lando|U-turn|p2a: Dude from Ice Age\n|-activate|p2a: Dude from Ice Age|move: Protect\n|move|p1a: Tera-Ass|Heat Wave|p2b: \"One more fissure\"|[spread] \n|-activate|p2a: Dude from Ice Age|move: Protect\n|-miss|p1a: Tera-Ass|p2b: \"One more fissure\"\n|move|p2b: \"One more fissure\"|Ruination|p1b: Uncle Lando\n|-damage|p1b: Uncle Lando|51\/100\n|\n|upkeep\n|turn|2\n|inactive|CrystalDialga has 30 seconds left.\n|inactive|CrystalDialga has 20 seconds left.\n|inactive|CrystalDialga has 15 seconds left.\n|\n|t:|1700436410\n|-terastallize|p2a: Dude from Ice Age|Ghost\n|move|p1b: Uncle Lando|U-turn|p2a: Dude from Ice Age\n|-resisted|p2a: Dude from Ice Age\n|-damage|p2a: Dude from Ice Age|81\/100\n|\n|t:|1700436416\n|switch|p1b: Brian's Sippy Cup|Sinistcha, L50|100\/100|[from] U-turn\n|move|p2a: Dude from Ice Age|Icicle Crash|p1a: Tera-Ass\n|-supereffective|p1a: Tera-Ass\n|-damage|p1a: Tera-Ass|33\/100\n|move|p1a: Tera-Ass|Heat Wave|p2a: Dude from Ice Age|[spread] p2a,p2b\n|-damage|p2a: Dude from Ice Age|33\/100\n|-damage|p2b: \"One more fissure\"|87\/100\n|move|p2b: \"One more fissure\"|Stomping Tantrum|p1b: Brian's Sippy Cup\n|-resisted|p1b: Brian's Sippy Cup\n|-damage|p1b: Brian's Sippy Cup|86\/100\n|-damage|p2b: \"One more fissure\"|70\/100|[from] item: Rocky Helmet|[of] p1b: Brian's Sippy Cup\n|\n|-heal|p1a: Tera-Ass|39\/100|[from] item: Leftovers\n|upkeep\n|turn|3\n|inactive|Pink_SSB has 30 seconds left.\n|\n|t:|1700436443\n|switch|p2b: pookie bear|Dragapult, L50, M|100\/100\n|move|p2a: Dude from Ice Age|Protect|p2a: Dude from Ice Age\n|-singleturn|p2a: Dude from Ice Age|Protect\n|move|p1a: Tera-Ass|Protect|p1a: Tera-Ass\n|-singleturn|p1a: Tera-Ass|Protect\n|move|p1b: Brian's Sippy Cup|Trick Room|p1b: Brian's Sippy Cup\n|-fieldstart|move: Trick Room|[of] p1b: Brian's Sippy Cup\n|\n|-heal|p1a: Tera-Ass|45\/100|[from] item: Leftovers\n|upkeep\n|turn|4\n|\n|t:|1700436467\n|switch|p2a: \"One more fissure\"|Ting-Lu, L50|70\/100\n|-ability|p2a: \"One more fissure\"|Vessel of Ruin\n|move|p1b: Brian's Sippy Cup|Matcha Gotcha|p2a: \"One more fissure\"|[spread] p2a,p2b\n|-supereffective|p2a: \"One more fissure\"\n|-resisted|p2b: pookie bear\n|-damage|p2a: \"One more fissure\"|49\/100\n|-heal|p1b: Brian's Sippy Cup|100\/100|[from] drain|[of] p2a: \"One more fissure\"\n|-damage|p2b: pookie bear|86\/100\n|move|p1a: Tera-Ass|Flash Cannon|p2b: pookie bear\n|-damage|p2b: pookie bear|43\/100\n|move|p2b: pookie bear|Phantom Force||[still]\n|-prepare|p2b: pookie bear|Phantom Force\n|\n|-heal|p1a: Tera-Ass|51\/100|[from] item: Leftovers\n|upkeep\n|turn|5\n|inactive|Pink_SSB has 30 seconds left.\n|inactive|CrystalDialga has 30 seconds left.\n|inactive|CrystalDialga has 20 seconds left.\n|\n|t:|1700436506\n|move|p2a: \"One more fissure\"|Heavy Slam|p1a: Tera-Ass\n|-damage|p1a: Tera-Ass|41\/100\n|move|p1b: Brian's Sippy Cup|Matcha Gotcha|p2b: pookie bear|[spread] p2a\n|-miss|p1b: Brian's Sippy Cup|p2b: pookie bear\n|-supereffective|p2a: \"One more fissure\"\n|-damage|p2a: \"One more fissure\"|28\/100\n|move|p1a: Tera-Ass|Flash Cannon|p2a: \"One more fissure\"\n|-damage|p2a: \"One more fissure\"|13\/100\n|move|p2b: pookie bear|Phantom Force|p1a: Tera-Ass|[from]lockedmove\n|-damage|p1a: Tera-Ass|0 fnt\n|faint|p1a: Tera-Ass\n|\n|upkeep\n|\n|t:|1700436521\n|switch|p1a: Uncle Lando|Landorus-Therian, L50, M|51\/100\n|-ability|p1a: Uncle Lando|Intimidate|boost\n|-unboost|p2a: \"One more fissure\"|atk|1\n|-fail|p2b: pookie bear|unboost|[from] ability: Clear Body|[of] p2b: pookie bear\n|turn|6\n|\n|t:|1700436536\n|move|p2a: \"One more fissure\"|Fissure|p1b: Brian's Sippy Cup|[miss]\n|-miss|p2a: \"One more fissure\"|p1b: Brian's Sippy Cup\n|move|p1b: Brian's Sippy Cup|Matcha Gotcha|p2a: \"One more fissure\"|[spread] p2a,p2b\n|-supereffective|p2a: \"One more fissure\"\n|-resisted|p2b: pookie bear\n|-damage|p2a: \"One more fissure\"|0 fnt\n|-damage|p2b: pookie bear|27\/100\n|-status|p2b: pookie bear|brn\n|faint|p2a: \"One more fissure\"\n|move|p1a: Uncle Lando|U-turn|p2b: pookie bear\n|-resisted|p2b: pookie bear\n|-damage|p2b: pookie bear|8\/100 brn\n|\n|t:|1700436550\n|switch|p1a: Flutter Mane|Flutter Mane, L50|100\/100|[from] U-turn\n|-enditem|p1a: Flutter Mane|Booster Energy\n|-activate|p1a: Flutter Mane|ability: Protosynthesis|[fromitem]\n|-start|p1a: Flutter Mane|protosynthesisspe\n|move|p2b: pookie bear|Phantom Force||[still]\n|-prepare|p2b: pookie bear|Phantom Force\n|\n|-damage|p2b: pookie bear|2\/100 brn|[from] brn\n|upkeep\n|\n|t:|1700436556\n|switch|p2a: Dude from Ice Age|Chien-Pao, L50, tera:Ghost|33\/100\n|-ability|p2a: Dude from Ice Age|Sword of Ruin\n|turn|7\n|\n|t:|1700436561\n|move|p2a: Dude from Ice Age|Protect|p2a: Dude from Ice Age\n|-singleturn|p2a: Dude from Ice Age|Protect\n|move|p1b: Brian's Sippy Cup|Rage Powder|p1b: Brian's Sippy Cup\n|-singleturn|p1b: Brian's Sippy Cup|move: Rage Powder\n|move|p2b: pookie bear|Phantom Force|p1b: Brian's Sippy Cup|[from]lockedmove\n|-supereffective|p1b: Brian's Sippy Cup\n|-damage|p1b: Brian's Sippy Cup|14\/100\n|-damage|p2b: pookie bear|0 fnt|[from] item: Rocky Helmet|[of] p1b: Brian's Sippy Cup\n|faint|p2b: pookie bear\n|move|p1a: Flutter Mane|Dazzling Gleam|p2a: Dude from Ice Age\n|-activate|p2a: Dude from Ice Age|move: Protect\n|\n|-fieldend|move: Trick Room\n|upkeep\n|\n|t:|1700436570\n|switch|p2b: Donbozo|Dondozo, L50, F|100\/100\n|turn|8\n|\n|t:|1700436592\n|move|p1a: Flutter Mane|Shadow Ball|p2a: Dude from Ice Age\n|-supereffective|p2a: Dude from Ice Age\n|-damage|p2a: Dude from Ice Age|0 fnt\n|faint|p2a: Dude from Ice Age\n|move|p1b: Brian's Sippy Cup|Strength Sap|p2b: Donbozo\n|-unboost|p2b: Donbozo|atk|1\n|-heal|p1b: Brian's Sippy Cup|81\/100\n|move|p2b: Donbozo|Heavy Slam|p1a: Flutter Mane\n|-supereffective|p1a: Flutter Mane\n|-damage|p1a: Flutter Mane|24\/100\n|\n|upkeep\n|turn|9\n|\n|t:|1700436606\n|move|p1a: Flutter Mane|Moonblast|p2b: Donbozo\n|-damage|p2b: Donbozo|53\/100\n|-unboost|p2b: Donbozo|spa|1\n|move|p1b: Brian's Sippy Cup|Strength Sap|p2b: Donbozo\n|-unboost|p2b: Donbozo|atk|1\n|-heal|p1b: Brian's Sippy Cup|100\/100\n|move|p2b: Donbozo|Heavy Slam|p1a: Flutter Mane\n|-supereffective|p1a: Flutter Mane\n|-damage|p1a: Flutter Mane|0 fnt\n|faint|p1a: Flutter Mane\n|-end|p1a: Flutter Mane|Protosynthesis|[silent]\n|\n|-heal|p2b: Donbozo|60\/100|[from] item: Leftovers\n|upkeep\n|\n|t:|1700436613\n|switch|p1a: Uncle Lando|Landorus-Therian, L50, M|51\/100\n|-ability|p1a: Uncle Lando|Intimidate|boost\n|-fail|p2b: Donbozo|unboost|Attack|[from] ability: Oblivious|[of] p2b: Donbozo\n|turn|10\n|\n|t:|1700436626\n|move|p1a: Uncle Lando|Rock Slide|p2b: Donbozo\n|-damage|p2b: Donbozo|48\/100\n|move|p1b: Brian's Sippy Cup|Matcha Gotcha|p2b: Donbozo\n|-supereffective|p2b: Donbozo\n|-damage|p2b: Donbozo|0 fnt\n|faint|p2b: Donbozo\n|\n|win|Pink_SSB\n|c|\u2606CrystalDialga|gg wp\n|c|\u2606Pink_SSB|ggwp\n|l|\u2606CrystalDialga\n|l|\u2606Pink_SSB\n|j|\u2606Pink_SSB\n|player|p1|Pink_SSB|1\n","uploadtime":1700436636,"views":6,"p1id":"pinkssb","p2id":"crystaldialga","formatid":"gen9vgc2023regulatione","rating":0,"private":0,"password":""}