{"id":"gen9vgc2023regulatione-1991610436","p1":"TapedCrusader","p2":"slypacifier","format":"[Gen 9] VGC 2023 Regulation E","log":"|j|\u2606TapedCrusader\n|j|\u2606slypacifier\n|t:|1700093948\n|gametype|doubles\n|player|p1|TapedCrusader|169|1314\n|player|p2|slypacifier|iris-gen5bw2|1281\n|teamsize|p1|6\n|teamsize|p2|6\n|gen|9\n|tier|[Gen 9] VGC 2023 Regulation E\n|rated|\n|rule|Species Clause: Limit one of each Pok\u00e9mon\n|rule|Item Clause: Limit one of each item\n|clearpoke\n|poke|p1|Oranguru, L50, M|\n|poke|p1|Ursaluna-Bloodmoon, L50, M|\n|poke|p1|Iron Hands, L50|\n|poke|p1|Chandelure, L50, M|\n|poke|p1|Rillaboom, L50, F|\n|poke|p1|Ogerpon-Cornerstone, L50, F|\n|poke|p2|Iron Hands, L50|\n|poke|p2|Urshifu-*, L50, M|\n|poke|p2|Iron Bundle, L50|\n|poke|p2|Rillaboom, L50, F|\n|poke|p2|Arcanine-Hisui, L50, F|\n|poke|p2|Landorus-Therian, L50, M|\n|teampreview|4\n|inactive|Battle timer is ON: inactive players will automatically lose when time's up. (requested by slypacifier)\n|inactive|TapedCrusader has 60 seconds left.\n|inactive|slypacifier has 60 seconds left.\n|\n|t:|1700093993\n|start\n|switch|p1a: Oranguru|Oranguru, L50, M|100\/100\n|switch|p1b: Iron Hands|Iron Hands, L50|100\/100\n|switch|p2a: Urshifu|Urshifu, L50, M|100\/100\n|switch|p2b: Rillaboom|Rillaboom, L50, F|100\/100\n|-fieldstart|move: Grassy Terrain|[from] ability: Grassy Surge|[of] p2b: Rillaboom\n|turn|1\n|\n|t:|1700094019\n|-end|p1b: Iron Hands|Quark Drive|[silent]\n|switch|p1b: Ursaluna|Ursaluna-Bloodmoon, L50, M|100\/100\n|-terastallize|p1a: Oranguru|Fairy\n|move|p2b: Rillaboom|Fake Out|p1b: Ursaluna\n|-damage|p1b: Ursaluna|90\/100\n|move|p2a: Urshifu|Wicked Blow|p1a: Oranguru\n|-resisted|p1a: Oranguru\n|-crit|p1a: Oranguru\n|-damage|p1a: Oranguru|71\/100\n|move|p1a: Oranguru|Trick Room|p1a: Oranguru\n|-fieldstart|move: Trick Room|[of] p1a: Oranguru\n|\n|-heal|p1b: Ursaluna|96\/100|[from] Grassy Terrain\n|-heal|p1a: Oranguru|77\/100|[from] Grassy Terrain\n|upkeep\n|turn|2\n|c|\u2606slypacifier|fucking fuck\n|c|\u2606TapedCrusader|lmao\n|\n|t:|1700094044\n|move|p2a: Urshifu|Detect|p2a: Urshifu\n|-singleturn|p2a: Urshifu|Protect\n|move|p1b: Ursaluna|Hyper Voice|p2a: Urshifu|[spread] p2b\n|-activate|p2a: Urshifu|move: Protect\n|-damage|p2b: Rillaboom|71\/100\n|-enditem|p1b: Ursaluna|Throat Spray\n|-boost|p1b: Ursaluna|spa|1|[from] item: Throat Spray\n|move|p1a: Oranguru|Instruct|p1b: Ursaluna\n|-singleturn|p1b: Ursaluna|move: Instruct|[of] p1a: Oranguru\n|move|p1b: Ursaluna|Hyper Voice|p2b: Rillaboom|[spread] p2b\n|-activate|p2a: Urshifu|move: Protect\n|-damage|p2b: Rillaboom|35\/100\n|move|p2b: Rillaboom|Wood Hammer|p1b: Ursaluna\n|-supereffective|p1b: Ursaluna\n|-damage|p1b: Ursaluna|0 fnt\n|faint|p1b: Ursaluna\n|-damage|p2b: Rillaboom|0 fnt|[from] Recoil\n|faint|p2b: Rillaboom\n|\n|-heal|p1a: Oranguru|83\/100|[from] Grassy Terrain\n|upkeep\n|\n|t:|1700094068\n|switch|p1b: Chandelure|Chandelure, L50, M|100\/100\n|switch|p2b: Iron Hands|Iron Hands, L50|100\/100\n|turn|3\n|inactive|TapedCrusader has 30 seconds left.\n|\n|t:|1700094093\n|move|p1a: Oranguru|Encore|p2a: Urshifu\n|-start|p2a: Urshifu|Encore\n|move|p2b: Iron Hands|Heavy Slam|p1a: Oranguru\n|-supereffective|p1a: Oranguru\n|-damage|p1a: Oranguru|6\/100\n|move|p1b: Chandelure|Heat Wave|p2b: Iron Hands|[spread] p2a,p2b\n|-damage|p2a: Urshifu|34\/100\n|-damage|p2b: Iron Hands|64\/100\n|-damage|p1b: Chandelure|91\/100|[from] item: Life Orb\n|move|p2a: Urshifu|Detect||[still]\n|-fail|p2a: Urshifu\n|\n|-heal|p1a: Oranguru|12\/100|[from] Grassy Terrain\n|-heal|p2b: Iron Hands|70\/100|[from] Grassy Terrain\n|-heal|p1b: Chandelure|97\/100|[from] Grassy Terrain\n|-heal|p2a: Urshifu|40\/100|[from] Grassy Terrain\n|upkeep\n|turn|4\n|\n|t:|1700094117\n|switch|p2a: Arcanine|Arcanine-Hisui, L50, F|100\/100\n|-ability|p2a: Arcanine|Intimidate|boost\n|-fail|p1a: Oranguru|unboost|Attack|[from] ability: Inner Focus|[of] p1a: Oranguru\n|-unboost|p1b: Chandelure|atk|1\n|move|p1a: Oranguru|Instruct|p1b: Chandelure\n|-singleturn|p1b: Chandelure|move: Instruct|[of] p1a: Oranguru\n|move|p1b: Chandelure|Heat Wave|p2a: Arcanine|[spread] p2a,p2b\n|-resisted|p2a: Arcanine\n|-damage|p2a: Arcanine|87\/100\n|-damage|p2b: Iron Hands|35\/100\n|-damage|p1b: Chandelure|87\/100|[from] item: Life Orb\n|move|p2b: Iron Hands|Heavy Slam|p1a: Oranguru\n|-supereffective|p1a: Oranguru\n|-damage|p1a: Oranguru|0 fnt\n|faint|p1a: Oranguru\n|move|p1b: Chandelure|Heat Wave|p2b: Iron Hands|[spread] p2a\n|-miss|p1b: Chandelure|p2b: Iron Hands\n|-resisted|p2a: Arcanine\n|-damage|p2a: Arcanine|74\/100\n|-damage|p1b: Chandelure|78\/100|[from] item: Life Orb\n|\n|-heal|p2b: Iron Hands|41\/100|[from] Grassy Terrain\n|-heal|p1b: Chandelure|84\/100|[from] Grassy Terrain\n|-heal|p2a: Arcanine|80\/100|[from] Grassy Terrain\n|upkeep\n|\n|t:|1700094140\n|switch|p1a: Iron Hands|Iron Hands, L50|100\/100\n|turn|5\n|\n|t:|1700094161\n|-terastallize|p2a: Arcanine|Normal\n|move|p2b: Iron Hands|Drain Punch|p1a: Iron Hands\n|-damage|p1a: Iron Hands|70\/100\n|-heal|p2b: Iron Hands|57\/100|[from] drain|[of] p1a: Iron Hands\n|move|p1a: Iron Hands|Drain Punch|p2a: Arcanine\n|-supereffective|p2a: Arcanine\n|-damage|p2a: Arcanine|0 fnt\n|-heal|p1a: Iron Hands|97\/100|[from] drain|[of] p2a: Arcanine\n|faint|p2a: Arcanine\n|move|p1b: Chandelure|Shadow Ball|p2b: Iron Hands\n|-damage|p2b: Iron Hands|17\/100\n|-damage|p1b: Chandelure|74\/100|[from] item: Life Orb\n|\n|-heal|p2b: Iron Hands|23\/100|[from] Grassy Terrain\n|-heal|p1a: Iron Hands|100\/100|[from] Grassy Terrain\n|-heal|p1b: Chandelure|80\/100|[from] Grassy Terrain\n|-fieldend|move: Trick Room\n|-fieldend|move: Grassy Terrain\n|upkeep\n|\n|t:|1700094171\n|switch|p2a: Urshifu|Urshifu, L50, M|40\/100\n|turn|6\n|c|\u2606slypacifier|gg\n|c|\u2606slypacifier|you win fr\n|\n|t:|1700094189\n|move|p2a: Urshifu|Wicked Blow|p1b: Chandelure\n|-supereffective|p1b: Chandelure\n|-crit|p1b: Chandelure\n|-damage|p1b: Chandelure|0 fnt\n|faint|p1b: Chandelure\n|move|p1a: Iron Hands|Drain Punch|p2a: Urshifu\n|-supereffective|p2a: Urshifu\n|-damage|p2a: Urshifu|0 fnt\n|faint|p2a: Urshifu\n|move|p2b: Iron Hands|Drain Punch|p1a: Iron Hands\n|-damage|p1a: Iron Hands|72\/100\n|-heal|p2b: Iron Hands|38\/100|[from] drain|[of] p1a: Iron Hands\n|\n|upkeep\n|turn|7\n|c|\u2606TapedCrusader|crits could swing it\n|\n|t:|1700094207\n|move|p1a: Iron Hands|Drain Punch|p2b: Iron Hands\n|-damage|p2b: Iron Hands|7\/100\n|-heal|p1a: Iron Hands|87\/100|[from] drain|[of] p2b: Iron Hands\n|move|p2b: Iron Hands|Drain Punch|p1a: Iron Hands\n|-damage|p1a: Iron Hands|57\/100\n|-heal|p2b: Iron Hands|23\/100|[from] drain|[of] p1a: Iron Hands\n|\n|upkeep\n|turn|8\n|\n|t:|1700094217\n|move|p1a: Iron Hands|Drain Punch|p2b: Iron Hands\n|-damage|p2b: Iron Hands|0 fnt\n|-heal|p1a: Iron Hands|68\/100|[from] drain|[of] p2b: Iron Hands\n|faint|p2b: Iron Hands\n|-end|p2b: Iron Hands|Quark Drive|[silent]\n|\n|win|TapedCrusader\n|raw|TapedCrusader's rating: 1314 &rarr; <strong>1332<\/strong><br \/>(+18 for winning)\n|raw|slypacifier's rating: 1281 &rarr; <strong>1258<\/strong><br \/>(-23 for losing)\n","uploadtime":1700094032,"views":7,"p1id":"tapedcrusader","p2id":"slypacifier","formatid":"gen9vgc2023regulatione","rating":1258,"private":0,"password":""}