{"id":"gen9vgc2023regulatione-1997972388","p1":"thefriending","p2":"Goblin728","format":"[Gen 9] VGC 2023 Regulation E","log":"|j|\u2606thefriending\n|j|\u2606Goblin728\n|n|\u2606thefriending|thefriending\n|n|\u2606Goblin728|goblin728\n|html|View the match progress at <a href=\"\/game-bestof3-gen9vgc2023regulatione-1997968653\">game-bestof3-gen9vgc2023regulatione-1997968653<\/a>\n|t:|1700873888\n|gametype|doubles\n|player|p1|thefriending|101|\n|player|p2|Goblin728|bugcatcher-gen4dp|\n|teamsize|p1|6\n|teamsize|p2|6\n|gen|9\n|tier|[Gen 9] VGC 2023 Regulation E\n|rule|Species Clause: Limit one of each Pok\u00e9mon\n|rule|Item Clause: Limit one of each item\n|clearpoke\n|poke|p1|Iron Hands, L50|\n|poke|p1|Iron Bundle, L50|\n|poke|p1|Kommo-o, L50, M|\n|poke|p1|Clefairy, L50, M|\n|poke|p1|Ceruledge, L50, M|\n|poke|p1|Sableye, L50, F|\n|poke|p2|Roaring Moon, L50|\n|poke|p2|Grookey, L50, F|\n|poke|p2|Oranguru, L50, F|\n|poke|p2|Gyarados, L50, M|\n|poke|p2|Ogerpon, L50, F|\n|poke|p2|Wigglytuff, L50, M|\n|teampreview|4\n|c|\u2606Goblin728|Glhf\n|c|\u2606thefriending|glhf\nthefriending rejected open team sheets.\n|c|\u2606Goblin728|Sorry, Internet issues\n|c|\u2606thefriending|no worries\n|\n|t:|1700874070\n|start\n|switch|p1a: Iron Bundle|Iron Bundle, L50|100\/100\n|switch|p1b: Kommo-o|Kommo-o, L50, M|100\/100\n|switch|p2a: Roaring Moon|Roaring Moon, L50, shiny|100\/100\n|switch|p2b: Grookey|Grookey, L50, F|100\/100\n|-fieldstart|move: Grassy Terrain|[from] ability: Grassy Surge|[of] p2b: Grookey\n|-enditem|p1a: Iron Bundle|Booster Energy\n|-activate|p1a: Iron Bundle|ability: Quark Drive|[fromitem]\n|-start|p1a: Iron Bundle|quarkdrivespe\n|turn|1\n|\n|t:|1700874129\n|switch|p1b: Ceruledge|Ceruledge, L50, M|100\/100\n|move|p1a: Iron Bundle|Protect|p1a: Iron Bundle\n|-singleturn|p1a: Iron Bundle|Protect\n|move|p2b: Grookey|Fake Out|p1b: Ceruledge\n|-immune|p1b: Ceruledge\n|move|p2a: Roaring Moon|Dragon Claw|p1b: Ceruledge\n|-damage|p1b: Ceruledge|44\/100\n|\n|-heal|p1b: Ceruledge|50\/100|[from] Grassy Terrain\n|upkeep\n|turn|2\n|\n|t:|1700874155\n|move|p1a: Iron Bundle|Freeze-Dry|p2a: Roaring Moon\n|-supereffective|p2a: Roaring Moon\n|-enditem|p2a: Roaring Moon|Yache Berry|[eat]\n|-enditem|p2a: Roaring Moon|Yache Berry|[weaken]\n|-damage|p2a: Roaring Moon|66\/100\n|move|p2a: Roaring Moon|Dragon Claw|p1b: Ceruledge\n|-damage|p1b: Ceruledge|0 fnt\n|faint|p1b: Ceruledge\n|move|p2b: Grookey|Wood Hammer|p1a: Iron Bundle\n|-supereffective|p1a: Iron Bundle\n|-damage|p1a: Iron Bundle|0 fnt\n|faint|p1a: Iron Bundle\n|-end|p1a: Iron Bundle|Quark Drive|[silent]\n|-damage|p2b: Grookey|73\/100|[from] Recoil\n|\n|-heal|p2a: Roaring Moon|72\/100|[from] Grassy Terrain\n|-heal|p2b: Grookey|79\/100|[from] Grassy Terrain\n|upkeep\n|\n|t:|1700874169\n|switch|p1a: Clefairy|Clefairy, L50, M|100\/100\n|switch|p1b: Kommo-o|Kommo-o, L50, M|100\/100\n|turn|3\n|\n|t:|1700874205\n|switch|p2b: Oranguru|Oranguru, L50, F, shiny|100\/100\n|move|p2a: Roaring Moon|Protect|p2a: Roaring Moon\n|-singleturn|p2a: Roaring Moon|Protect\n|move|p1a: Clefairy|Follow Me|p1a: Clefairy\n|-singleturn|p1a: Clefairy|move: Follow Me\n|move|p1b: Kommo-o|Clangorous Soul|p1b: Kommo-o\n|-boost|p1b: Kommo-o|atk|1\n|-boost|p1b: Kommo-o|def|1\n|-boost|p1b: Kommo-o|spa|1\n|-boost|p1b: Kommo-o|spd|1\n|-boost|p1b: Kommo-o|spe|1\n|-damage|p1b: Kommo-o|68\/100\n|-enditem|p1b: Kommo-o|Throat Spray\n|-boost|p1b: Kommo-o|spa|1|[from] item: Throat Spray\n|\n|-heal|p1b: Kommo-o|74\/100|[from] Grassy Terrain\n|-heal|p2a: Roaring Moon|79\/100|[from] Grassy Terrain\n|upkeep\n|turn|4\n|\n|t:|1700874231\n|-end|p2a: Roaring Moon|Protosynthesis|[silent]\n|switch|p2a: Grookey|Grookey, L50, F|79\/100\n|move|p1a: Clefairy|Follow Me|p1a: Clefairy\n|-singleturn|p1a: Clefairy|move: Follow Me\n|move|p1b: Kommo-o|Clanging Scales|p2a: Grookey|[spread] p2a,p2b\n|-damage|p2a: Grookey|0 fnt\n|-damage|p2b: Oranguru|38\/100\n|faint|p2a: Grookey\n|-unboost|p1b: Kommo-o|def|1\n|move|p2b: Oranguru|Trick Room|p2b: Oranguru\n|-fieldstart|move: Trick Room|[of] p2b: Oranguru\n|\n|-heal|p2b: Oranguru|44\/100|[from] Grassy Terrain\n|-heal|p1b: Kommo-o|80\/100|[from] Grassy Terrain\n|upkeep\n|\n|t:|1700874245\n|switch|p2a: Gyarados|Gyarados, L50, M, shiny|100\/100\n|-ability|p2a: Gyarados|Intimidate|boost\n|-unboost|p1a: Clefairy|atk|1\n|-unboost|p1b: Kommo-o|atk|1\n|turn|5\n|\n|t:|1700874280\n|move|p2a: Gyarados|Protect|p2a: Gyarados\n|-singleturn|p2a: Gyarados|Protect\n|move|p1a: Clefairy|Follow Me|p1a: Clefairy\n|-singleturn|p1a: Clefairy|move: Follow Me\n|move|p2b: Oranguru|Psychic|p1a: Clefairy\n|-damage|p1a: Clefairy|67\/100\n|move|p1b: Kommo-o|Clanging Scales|p2b: Oranguru|[spread] p2b\n|-activate|p2a: Gyarados|move: Protect\n|-damage|p2b: Oranguru|0 fnt\n|faint|p2b: Oranguru\n|-unboost|p1b: Kommo-o|def|1\n|\n|-heal|p1a: Clefairy|73\/100|[from] Grassy Terrain\n|-heal|p1b: Kommo-o|86\/100|[from] Grassy Terrain\n|-fieldend|move: Grassy Terrain\n|upkeep\n|\n|t:|1700874290\n|switch|p2b: Roaring Moon|Roaring Moon, L50, shiny|79\/100\n|turn|6\n|\n|t:|1700874306\n|-terastallize|p2b: Roaring Moon|Ghost\n|move|p1a: Clefairy|Follow Me|p1a: Clefairy\n|-singleturn|p1a: Clefairy|move: Follow Me\n|move|p2a: Gyarados|Earthquake|p1b: Kommo-o|[spread] p2b,p1a,p1b\n|-damage|p2b: Roaring Moon|43\/100\n|-damage|p1a: Clefairy|52\/100\n|-damage|p1b: Kommo-o|60\/100\n|move|p2b: Roaring Moon|Earthquake|p1b: Kommo-o|[spread] p1a,p1b\n|-immune|p2a: Gyarados\n|-damage|p1a: Clefairy|30\/100\n|-damage|p1b: Kommo-o|31\/100\n|move|p1b: Kommo-o|Clangorous Soul||[still]\n|-fail|p1b: Kommo-o\n|\n|upkeep\n|turn|7\n|c|\u2606thefriending|oops misclick kek\n|\n|t:|1700874341\n|move|p1a: Clefairy|Heal Pulse|p1b: Kommo-o\n|-heal|p1b: Kommo-o|82\/100\n|move|p2a: Gyarados|Earthquake|p1b: Kommo-o|[spread] p2b,p1a,p1b\n|-damage|p2b: Roaring Moon|12\/100\n|-damage|p1a: Clefairy|9\/100\n|-damage|p1b: Kommo-o|58\/100\n|move|p2b: Roaring Moon|Earthquake|p1b: Kommo-o|[spread] p1a,p1b\n|-immune|p2a: Gyarados\n|-damage|p1a: Clefairy|0 fnt\n|-damage|p1b: Kommo-o|32\/100\n|faint|p1a: Clefairy\n|move|p1b: Kommo-o|Clanging Scales|p2a: Gyarados|[spread] p2a,p2b\n|-damage|p2a: Gyarados|32\/100\n|-damage|p2b: Roaring Moon|0 fnt\n|faint|p2b: Roaring Moon\n|-end|p2b: Roaring Moon|Protosynthesis|[silent]\n|-unboost|p1b: Kommo-o|def|1\n|\n|upkeep\n|turn|8\n|\n|t:|1700874363\n|move|p1b: Kommo-o|Protect|p1b: Kommo-o\n|-singleturn|p1b: Kommo-o|Protect\n|move|p2a: Gyarados|Earthquake|p1b: Kommo-o\n|-activate|p1b: Kommo-o|move: Protect\n|\n|-fieldend|move: Trick Room\n|upkeep\n|turn|9\n|\n|t:|1700874369\n|move|p2a: Gyarados|Protect|p2a: Gyarados\n|-singleturn|p2a: Gyarados|Protect\n|move|p1b: Kommo-o|Clanging Scales|p2a: Gyarados\n|-activate|p2a: Gyarados|move: Protect\n|\n|upkeep\n|turn|10\n|\n|t:|1700874374\n|move|p1b: Kommo-o|Clanging Scales|p2a: Gyarados\n|-damage|p2a: Gyarados|0 fnt\n|faint|p2a: Gyarados\n|\n|win|thefriending\n|c|\u2606Goblin728|Gg\n|c|\u2606thefriending|ggs\n","uploadtime":1700874382,"views":2,"p1id":"thefriending","p2id":"goblin728","formatid":"gen9vgc2023regulatione","rating":0,"private":0,"password":""}