{"id":"gen9vgc2023regulatione-1992496198","p1":"Totemadept","p2":"j1m13o","format":"[Gen 9] VGC 2023 Regulation E","log":"|j|\u2606Totemadept\n|j|\u2606j1m13o\n|t:|1700195022\n|gametype|doubles\n|player|p1|Totemadept|1|1132\n|player|p2|j1m13o|2|1032\n|teamsize|p1|6\n|teamsize|p2|6\n|gen|9\n|tier|[Gen 9] VGC 2023 Regulation E\n|rated|\n|rule|Species Clause: Limit one of each Pok\u00e9mon\n|rule|Item Clause: Limit one of each item\n|clearpoke\n|poke|p1|Arcanine-Hisui, L50, M|\n|poke|p1|Ogerpon-Wellspring, L50, F|\n|poke|p1|Sinistcha, L50|\n|poke|p1|Thundurus-Therian, L50, M|\n|poke|p1|Roaring Moon, L50|\n|poke|p1|Pelipper, L50, F|\n|poke|p2|Ursaluna-Bloodmoon, L50, M|\n|poke|p2|Torkoal, L50, M|\n|poke|p2|Dusclops, L50, M|\n|poke|p2|Clefable, L50, F|\n|poke|p2|Lucario, L50, M|\n|poke|p2|Clawitzer, L50, F|\n|teampreview|4\nTotemadept has agreed to open team sheets.\nj1m13o rejected open team sheets.\n|inactive|Battle timer is ON: inactive players will automatically lose when time's up. (requested by Totemadept)\n|inactive|j1m13o has 60 seconds left.\n|\n|t:|1700195133\n|start\n|switch|p1a: Thundurus|Thundurus-Therian, L50, M|100\/100\n|switch|p1b: Roaring Moon|Roaring Moon, L50|100\/100\n|switch|p2a: Mr. Hands|Dusclops, L50, M|100\/100\n|switch|p2b: Clefable|Clefable, L50, F|100\/100\n|-item|p1a: Thundurus|Choice Specs|[from] ability: Frisk|[of] p2a: Mr. Hands|[identify]\n|-item|p1b: Roaring Moon|Booster Energy|[from] ability: Frisk|[of] p2a: Mr. Hands|[identify]\n|-enditem|p1b: Roaring Moon|Booster Energy\n|-activate|p1b: Roaring Moon|ability: Protosynthesis|[fromitem]\n|-start|p1b: Roaring Moon|protosynthesisspe\n|turn|1\n|inactive|Totemadept has 30 seconds left.\n|inactive|Totemadept has 20 seconds left.\n|inactive|Totemadept has 15 seconds left.\n|inactive|Totemadept has 10 seconds left.\n|\n|t:|1700195179\n|move|p2b: Clefable|Follow Me|p2b: Clefable\n|-singleturn|p2b: Clefable|move: Follow Me\n|move|p1b: Roaring Moon|Knock Off|p2b: Clefable\n|-resisted|p2b: Clefable\n|-damage|p2b: Clefable|74\/100\n|-enditem|p2b: Clefable|Eject Button|[from] move: Knock Off|[of] p1b: Roaring Moon\n|move|p1a: Thundurus|Thunderbolt|p2b: Clefable\n|-damage|p2b: Clefable|18\/100\n|move|p2a: Mr. Hands|Trick Room|p2a: Mr. Hands\n|-fieldstart|move: Trick Room|[of] p2a: Mr. Hands\n|\n|upkeep\n|turn|2\n|\n|t:|1700195200\n|switch|p2a: Ursaluna|Ursaluna-Bloodmoon, L50, M|100\/100\n|move|p2b: Clefable|Protect|p2b: Clefable\n|-singleturn|p2b: Clefable|Protect\n|move|p1a: Thundurus|Thunderbolt|p2a: Ursaluna\n|-immune|p2a: Ursaluna\n|move|p1b: Roaring Moon|Knock Off|p2b: Clefable\n|-activate|p2b: Clefable|move: Protect\n|\n|upkeep\n|turn|3\n|\n|t:|1700195216\n|switch|p1a: Pelipper|Pelipper, L50, F|100\/100\n|-terastallize|p2a: Ursaluna|Normal\n|move|p2b: Clefable|Helping Hand|p2a: Ursaluna\n|-singleturn|p2a: Ursaluna|Helping Hand|[of] p2b: Clefable\n|move|p1b: Roaring Moon|Protect|p1b: Roaring Moon\n|-singleturn|p1b: Roaring Moon|Protect\n|move|p2a: Ursaluna|Hyper Voice|p1a: Pelipper|[spread] p1a\n|-activate|p1b: Roaring Moon|move: Protect\n|-enditem|p2a: Ursaluna|Normal Gem|[from] gem\n|-damage|p1a: Pelipper|0 fnt\n|faint|p1a: Pelipper\n|\n|upkeep\n|\n|t:|1700195230\n|switch|p1a: Ogerpon|Ogerpon-Wellspring, L50, F|100\/100\n|turn|4\n|\n|t:|1700195251\n|move|p2b: Clefable|Helping Hand|p2a: Ursaluna\n|-singleturn|p2a: Ursaluna|Helping Hand|[of] p2b: Clefable\n|move|p1a: Ogerpon|Spiky Shield|p1a: Ogerpon\n|-singleturn|p1a: Ogerpon|move: Protect\n|move|p2a: Ursaluna|Blood Moon|p1b: Roaring Moon\n|-damage|p1b: Roaring Moon|0 fnt\n|faint|p1b: Roaring Moon\n|-end|p1b: Roaring Moon|Protosynthesis|[silent]\n|\n|upkeep\n|\n|t:|1700195260\n|switch|p1b: Thundurus|Thundurus-Therian, L50, M|100\/100\n|turn|5\n|\n|t:|1700195270\n|-terastallize|p1b: Thundurus|Flying\n|move|p2b: Clefable|Helping Hand|p2a: Ursaluna\n|-singleturn|p2a: Ursaluna|Helping Hand|[of] p2b: Clefable\n|move|p1a: Ogerpon|Follow Me|p1a: Ogerpon\n|-singleturn|p1a: Ogerpon|move: Follow Me\n|move|p2a: Ursaluna|Hyper Voice|p1b: Thundurus|[spread] p1a,p1b\n|-crit|p1a: Ogerpon\n|-damage|p1a: Ogerpon|0 fnt\n|-damage|p1b: Thundurus|0 fnt\n|faint|p1a: Ogerpon\n|faint|p1b: Thundurus\n|\n|win|j1m13o\n|raw|Totemadept's rating: 1132 &rarr; <strong>1100<\/strong><br \/>(-32 for losing)\n|raw|j1m13o's rating: 1032 &rarr; <strong>1077<\/strong><br \/>(+45 for winning)\n|c|\u2606j1m13o|lol\n|l|\u2606Totemadept\n","uploadtime":1700195286,"views":18,"p1id":"totemadept","p2id":"j1m13o","formatid":"gen9vgc2023regulatione","rating":1077,"private":0,"password":""}