{"id":"gen9vgc2023regulatione-1988993064","p1":"Ampao","p2":"RandyDaRowlet","format":"[Gen 9] VGC 2023 Regulation E","log":"|j|\u2606Ampao\n|j|\u2606RandyDaRowlet\n|t:|1699799577\n|gametype|doubles\n|player|p1|Ampao|170|1000\n|player|p2|RandyDaRowlet|boarder|1093\n|teamsize|p1|6\n|teamsize|p2|6\n|gen|9\n|tier|[Gen 9] VGC 2023 Regulation E\n|rated|\n|rule|Species Clause: Limit one of each Pok\u00e9mon\n|rule|Item Clause: Limit one of each item\n|clearpoke\n|poke|p1|Oranguru, L50, M|\n|poke|p1|Palafin, L50, F|\n|poke|p1|Grimmsnarl, L50, M|\n|poke|p1|Flutter Mane, L50|\n|poke|p1|Masquerain, L50, M|\n|poke|p1|Amoonguss, L50, M|\n|poke|p2|Torkoal, L50, M|\n|poke|p2|Hatterene, L50, F|\n|poke|p2|Amoonguss, L50, M|\n|poke|p2|Armarouge, L50, F|\n|poke|p2|Skeledirge, L50, F|\n|poke|p2|Flutter Mane, L50|\n|teampreview|4\n|\n|t:|1699799589\n|start\n|switch|p1a: Grimmsnarl|Grimmsnarl, L50, M|100\/100\n|switch|p1b: Palafin|Palafin, L50, F|100\/100\n|switch|p2a: Torkoal|Torkoal, L50, M|100\/100\n|switch|p2b: Hatterene|Hatterene, L50, F|100\/100\n|-weather|SunnyDay|[from] ability: Drought|[of] p2a: Torkoal\n|turn|1\n|\n|t:|1699799631\n|detailschange|p1b: Palafin|Palafin-Hero, L50, F\n|switch|p1b: Masquerain|Masquerain, L50, M|100\/100\n|-ability|p1b: Masquerain|Intimidate|boost\n|-unboost|p2a: Torkoal|atk|1\n|-unboost|p2b: Hatterene|atk|1\n|move|p1a: Grimmsnarl|Spirit Break|p2b: Hatterene\n|-damage|p2b: Hatterene|64\/100\n|-unboost|p2b: Hatterene|spa|1\n|move|p2a: Torkoal|Stealth Rock|p1a: Grimmsnarl\n|-sidestart|p1: Ampao|move: Stealth Rock\n|move|p2b: Hatterene|Trick Room|p2b: Hatterene\n|-fieldstart|move: Trick Room|[of] p2b: Hatterene\n|\n|-weather|SunnyDay|[upkeep]\n|upkeep\n|turn|2\n|\n|t:|1699799654\n|move|p2a: Torkoal|Gyro Ball|p1a: Grimmsnarl\n|-supereffective|p1a: Grimmsnarl\n|-crit|p1a: Grimmsnarl\n|-damage|p1a: Grimmsnarl|31\/100\n|move|p2b: Hatterene|Mystical Fire|p1b: Masquerain\n|-supereffective|p1b: Masquerain\n|-crit|p1b: Masquerain\n|-enditem|p1b: Masquerain|Focus Sash\n|-damage|p1b: Masquerain|1\/100\n|-unboost|p1b: Masquerain|spa|1\n|move|p1a: Grimmsnarl|Spirit Break|p2b: Hatterene\n|-damage|p2b: Hatterene|22\/100\n|-unboost|p2b: Hatterene|spa|1\n|move|p1b: Masquerain|Quiver Dance|p1b: Masquerain\n|-boost|p1b: Masquerain|spa|1\n|-boost|p1b: Masquerain|spd|1\n|-boost|p1b: Masquerain|spe|1\n|\n|-weather|SunnyDay|[upkeep]\n|upkeep\n|turn|3\n|\n|t:|1699799690\n|move|p1a: Grimmsnarl|Sucker Punch|p2b: Hatterene\n|-damage|p2b: Hatterene|0 fnt\n|faint|p2b: Hatterene\n|move|p2a: Torkoal|Gyro Ball|p1a: Grimmsnarl\n|-supereffective|p1a: Grimmsnarl\n|-damage|p1a: Grimmsnarl|0 fnt\n|faint|p1a: Grimmsnarl\n|move|p1b: Masquerain|Hurricane|p2a: Torkoal\n|-damage|p2a: Torkoal|46\/100\n|\n|-weather|SunnyDay|[upkeep]\n|upkeep\n|\n|t:|1699799704\n|switch|p2b: Amoonguss|Amoonguss, L50, M, shiny|100\/100\n|switch|p1a: Palafin|Palafin-Hero, L50, F|100\/100\n|-damage|p1a: Palafin|88\/100|[from] Stealth Rock\n|-activate|p1a: Palafin|ability: Zero to Hero\n|turn|4\n|\n|t:|1699799721\n|move|p1a: Palafin|Protect|p1a: Palafin\n|-singleturn|p1a: Palafin|Protect\n|move|p2a: Torkoal|Gyro Ball|p1b: Masquerain\n|-damage|p1b: Masquerain|0 fnt\n|faint|p1b: Masquerain\n|move|p2b: Amoonguss|Giga Drain|p1a: Palafin\n|-activate|p1a: Palafin|move: Protect\n|\n|-weather|SunnyDay|[upkeep]\n|upkeep\n|\n|t:|1699799731\n|switch|p1b: Oranguru|Oranguru, L50, M|100\/100\n|-damage|p1b: Oranguru|88\/100|[from] Stealth Rock\n|turn|5\n|\n|t:|1699799741\n|-terastallize|p1a: Palafin|Normal\n|move|p2a: Torkoal|Gyro Ball|p1a: Palafin\n|-damage|p1a: Palafin|66\/100\n|move|p2b: Amoonguss|Giga Drain|p1a: Palafin\n|-damage|p1a: Palafin|37\/100\n|move|p1b: Oranguru|Instruct|p1a: Palafin\n|-singleturn|p1a: Palafin|move: Instruct|[of] p1b: Oranguru\n|move|p1a: Palafin|Protect||[still]\n|-fail|p1a: Palafin\n|move|p1a: Palafin|Boomburst|p2b: Amoonguss|[spread] p2a,p2b\n|-activate|p1b: Oranguru|ability: Telepathy\n|-crit|p2b: Amoonguss\n|-damage|p2a: Torkoal|0 fnt\n|-damage|p2b: Amoonguss|35\/100\n|faint|p2a: Torkoal\n|-enditem|p1a: Palafin|Throat Spray\n|-boost|p1a: Palafin|spa|1|[from] item: Throat Spray\n|\n|-weather|SunnyDay|[upkeep]\n|-heal|p2b: Amoonguss|41\/100|[from] item: Black Sludge\n|-heal|p1b: Oranguru|94\/100|[from] item: Leftovers\n|-fieldend|move: Trick Room\n|upkeep\n|\n|t:|1699799760\n|switch|p2a: Flutter Mane|Flutter Mane, L50|100\/100\n|-activate|p2a: Flutter Mane|ability: Protosynthesis\n|-start|p2a: Flutter Mane|protosynthesisspa\n|turn|6\n|\n|t:|1699799772\n|move|p1a: Palafin|Protect|p1a: Palafin\n|-singleturn|p1a: Palafin|Protect\n|move|p2b: Amoonguss|Protect|p2b: Amoonguss\n|-singleturn|p2b: Amoonguss|Protect\n|move|p1b: Oranguru|Knock Off|p2a: Flutter Mane\n|-damage|p2a: Flutter Mane|83\/100\n|move|p2a: Flutter Mane|Trick Room|p2a: Flutter Mane\n|-fieldstart|move: Trick Room|[of] p2a: Flutter Mane\n|\n|-weather|SunnyDay|[upkeep]\n|-heal|p2b: Amoonguss|47\/100|[from] item: Black Sludge\n|-heal|p1b: Oranguru|100\/100|[from] item: Leftovers\n|upkeep\n|turn|7\n|\n|t:|1699799800\n|-terastallize|p2a: Flutter Mane|Fairy\n|move|p2b: Amoonguss|Giga Drain|p1a: Palafin\n|-damage|p1a: Palafin|10\/100\n|-heal|p2b: Amoonguss|58\/100|[from] drain|[of] p1a: Palafin\n|move|p1b: Oranguru|Encore|p2a: Flutter Mane\n|-start|p2a: Flutter Mane|Encore\n|move|p2a: Flutter Mane|Trick Room|p2a: Flutter Mane\n|-fieldend|move: Trick Room\n|move|p1a: Palafin|Boomburst|p2b: Amoonguss|[spread] p2a,p2b\n|-activate|p1b: Oranguru|ability: Telepathy\n|-damage|p2a: Flutter Mane|23\/100\n|-damage|p2b: Amoonguss|0 fnt\n|faint|p2b: Amoonguss\n|\n|-weather|SunnyDay|[upkeep]\n|upkeep\n|turn|8\n|\n|t:|1699799827\n|move|p1a: Palafin|Boomburst|p2a: Flutter Mane|[spread] p2a\n|-activate|p1b: Oranguru|ability: Telepathy\n|-damage|p2a: Flutter Mane|0 fnt\n|faint|p2a: Flutter Mane\n|-end|p2a: Flutter Mane|Protosynthesis|[silent]\n|\n|win|Ampao\n|raw|Ampao's rating: 1000 &rarr; <strong>1050<\/strong><br \/>(+50 for winning)\n|raw|RandyDaRowlet's rating: 1093 &rarr; <strong>1063<\/strong><br \/>(-30 for losing)\n|l|\u2606RandyDaRowlet\n","uploadtime":1699799857,"views":30,"p1id":"ampao","p2id":"randydarowlet","formatid":"gen9vgc2023regulatione","rating":1050,"private":0,"password":""}