{"id":"gen9vgc2023regulatione-1995038291","p1":"interet","p2":"vlopes777","format":"[Gen 9] VGC 2023 Regulation E","log":"|j|\u2606interet\n|j|\u2606vlopes777\n|t:|1700515937\n|gametype|doubles\n|player|p1|interet|169|1257\n|player|p2|vlopes777|pokekid|1199\n|teamsize|p1|6\n|teamsize|p2|6\n|gen|9\n|tier|[Gen 9] VGC 2023 Regulation E\n|rated|\n|rule|Species Clause: Limit one of each Pok\u00e9mon\n|rule|Item Clause: Limit one of each item\n|clearpoke\n|poke|p1|Ogerpon-Hearthflame, L50, F|\n|poke|p1|Tornadus, L50, M|\n|poke|p1|Chien-Pao, L50|\n|poke|p1|Farigiraf, L50, F|\n|poke|p1|Flutter Mane, L50|\n|poke|p1|Iron Hands, L50|\n|poke|p2|Landorus-Therian, L50, M|\n|poke|p2|Tornadus, L50, M|\n|poke|p2|Iron Hands, L50|\n|poke|p2|Amoonguss, L50, F|\n|poke|p2|Heatran, L50, M|\n|poke|p2|Flutter Mane, L50|\n|teampreview|4\n|inactive|Battle timer is ON: inactive players will automatically lose when time's up. (requested by vlopes777)\nvlopes777 has agreed to open team sheets.\n|inactive|vlopes777 has 60 seconds left.\n|\n|t:|1700515999\n|start\n|switch|p1a: Chien-Pao|Chien-Pao, L50|100\/100\n|switch|p1b: Iron Hands|Iron Hands, L50|100\/100\n|switch|p2a: D\u00e9m\u00e9t\u00e9ros|Landorus-Therian, L50, M|100\/100\n|switch|p2b: Flutter Mane|Flutter Mane, L50|100\/100\n|-ability|p2a: D\u00e9m\u00e9t\u00e9ros|Intimidate|boost\n|-unboost|p1a: Chien-Pao|atk|1\n|-unboost|p1b: Iron Hands|atk|1\n|-ability|p1a: Chien-Pao|Sword of Ruin\n|turn|1\n|inactive|interet has 30 seconds left.\n|inactive|vlopes777 has 30 seconds left.\n|\n|t:|1700516033\n|switch|p2a: Heatran|Heatran, L50, M|100\/100\n|move|p1b: Iron Hands|Fake Out|p2a: Heatran\n|-resisted|p2a: Heatran\n|-damage|p2a: Heatran|95\/100\n|move|p1a: Chien-Pao|Throat Chop|p2b: Flutter Mane\n|-damage|p2b: Flutter Mane|43\/100\n|-start|p2b: Flutter Mane|Throat Chop|[silent]\n|move|p2b: Flutter Mane|Dazzling Gleam|p1b: Iron Hands|[spread] p1a,p1b\n|-supereffective|p1a: Chien-Pao\n|-supereffective|p1b: Iron Hands\n|-enditem|p1a: Chien-Pao|Focus Sash\n|-damage|p1a: Chien-Pao|1\/100\n|-damage|p1b: Iron Hands|54\/100\n|\n|upkeep\n|turn|2\n|\n|t:|1700516057\n|-end|p2b: Flutter Mane|Protosynthesis|[silent]\n|switch|p2b: D\u00e9m\u00e9t\u00e9ros|Landorus-Therian, L50, M|100\/100\n|-ability|p2b: D\u00e9m\u00e9t\u00e9ros|Intimidate|boost\n|-unboost|p1a: Chien-Pao|atk|1\n|-unboost|p1b: Iron Hands|atk|1\n|move|p2a: Heatran|Protect|p2a: Heatran\n|-singleturn|p2a: Heatran|Protect\n|move|p1a: Chien-Pao|Sucker Punch||[still]\n|-fail|p1a: Chien-Pao\n|move|p1b: Iron Hands|Drain Punch|p2a: Heatran\n|-activate|p2a: Heatran|move: Protect\n|\n|upkeep\n|turn|3\n|\n|t:|1700516075\n|switch|p1a: Tornadus|Tornadus, L50, M|100\/100\n|-end|p1b: Iron Hands|Quark Drive|[silent]\n|switch|p1b: Flutter Mane|Flutter Mane, L50|100\/100\n|-enditem|p1b: Flutter Mane|Booster Energy\n|-activate|p1b: Flutter Mane|ability: Protosynthesis|[fromitem]\n|-start|p1b: Flutter Mane|protosynthesisspa\n|move|p2b: D\u00e9m\u00e9t\u00e9ros|U-turn|p1a: Tornadus\n|-resisted|p1a: Tornadus\n|-damage|p1a: Tornadus|79\/100\n|inactive|vlopes777 has 30 seconds left.\n|\n|t:|1700516104\n|switch|p2b: Flutter Mane|Flutter Mane, L50|43\/100|[from] U-turn\n|move|p2a: Heatran|Earth Power|p1b: Flutter Mane\n|-damage|p1b: Flutter Mane|61\/100\n|-damage|p2a: Heatran|85\/100|[from] item: Life Orb\n|\n|upkeep\n|turn|4\n|\n|t:|1700516126\n|move|p1a: Tornadus|Tailwind|p1a: Tornadus\n|-sidestart|p1: interet|move: Tailwind\n|move|p1b: Flutter Mane|Shadow Ball|p2b: Flutter Mane\n|-supereffective|p2b: Flutter Mane\n|-damage|p2b: Flutter Mane|0 fnt\n|faint|p2b: Flutter Mane\n|-end|p2b: Flutter Mane|Protosynthesis|[silent]\n|move|p2a: Heatran|Flash Cannon|p1b: Flutter Mane\n|-supereffective|p1b: Flutter Mane\n|-damage|p1b: Flutter Mane|0 fnt\n|faint|p1b: Flutter Mane\n|-end|p1b: Flutter Mane|Protosynthesis|[silent]\n|-damage|p2a: Heatran|76\/100|[from] item: Life Orb\n|\n|upkeep\n|\n|t:|1700516150\n|switch|p1b: Chien-Pao|Chien-Pao, L50|1\/100\n|switch|p2b: D\u00e9m\u00e9t\u00e9ros|Landorus-Therian, L50, M|100\/100\n|-ability|p1b: Chien-Pao|Sword of Ruin\n|-ability|p2b: D\u00e9m\u00e9t\u00e9ros|Intimidate|boost\n|-unboost|p1a: Tornadus|atk|1\n|-unboost|p1b: Chien-Pao|atk|1\n|turn|5\n|\n|t:|1700516174\n|move|p1b: Chien-Pao|Icicle Crash|p2b: D\u00e9m\u00e9t\u00e9ros\n|-supereffective|p2b: D\u00e9m\u00e9t\u00e9ros\n|-damage|p2b: D\u00e9m\u00e9t\u00e9ros|0 fnt\n|faint|p2b: D\u00e9m\u00e9t\u00e9ros\n|move|p1a: Tornadus|Icy Wind|p2a: Heatran\n|-resisted|p2a: Heatran\n|-damage|p2a: Heatran|72\/100\n|-unboost|p2a: Heatran|spe|1\n|move|p2a: Heatran|Heat Wave|p1a: Tornadus|[spread] p1a,p1b\n|-supereffective|p1b: Chien-Pao\n|-damage|p1a: Tornadus|12\/100\n|-damage|p1b: Chien-Pao|0 fnt\n|-enditem|p1a: Tornadus|Sitrus Berry|[eat]\n|-heal|p1a: Tornadus|37\/100|[from] item: Sitrus Berry\n|faint|p1b: Chien-Pao\n|-damage|p2a: Heatran|62\/100|[from] item: Life Orb\n|\n|upkeep\n|\n|t:|1700516189\n|switch|p1b: Iron Hands|Iron Hands, L50|54\/100\n|switch|p2b: Amoonguss|Amoonguss, L50, F|100\/100\n|turn|6\n|inactive|interet has 30 seconds left.\n|\n|t:|1700516219\n|move|p2a: Heatran|Protect|p2a: Heatran\n|-singleturn|p2a: Heatran|Protect\n|move|p1a: Tornadus|Taunt|p2b: Amoonguss\n|-start|p2b: Amoonguss|move: Taunt\n|move|p1b: Iron Hands|Drain Punch|p2a: Heatran\n|-activate|p2a: Heatran|move: Protect\n|cant|p2b: Amoonguss|move: Taunt|Spore\n|\n|upkeep\n|turn|7\n|\n|t:|1700516240\n|-terastallize|p2a: Heatran|Grass\n|move|p1a: Tornadus|Bleakwind Storm|p2b: Amoonguss|[spread] \n|-miss|p1a: Tornadus|p2a: Heatran\n|-miss|p1a: Tornadus|p2b: Amoonguss\n|move|p1b: Iron Hands|Drain Punch|p2a: Heatran\n|-damage|p2a: Heatran|26\/100\n|-heal|p1b: Iron Hands|68\/100|[from] drain|[of] p2a: Heatran\n|move|p2a: Heatran|Earth Power|p1b: Iron Hands\n|-supereffective|p1b: Iron Hands\n|-damage|p1b: Iron Hands|16\/100\n|-damage|p2a: Heatran|16\/100|[from] item: Life Orb\n|move|p2b: Amoonguss|Pollen Puff|p2a: Heatran\n|-heal|p2a: Heatran|66\/100\n|\n|-sideend|p1: interet|move: Tailwind\n|upkeep\n|turn|8\n|inactive|interet has 30 seconds left.\n|inactive|vlopes777 has 30 seconds left.\n|inactive|vlopes777 has 20 seconds left.\n|\n|t:|1700516278\n|-terastallize|p1b: Iron Hands|Fighting\n|move|p2a: Heatran|Protect|p2a: Heatran\n|-singleturn|p2a: Heatran|Protect\n|move|p1a: Tornadus|Bleakwind Storm|p2b: Amoonguss|[spread] p2b\n|-activate|p2a: Heatran|move: Protect\n|-supereffective|p2b: Amoonguss\n|-damage|p2b: Amoonguss|32\/100\n|-unboost|p2b: Amoonguss|spe|1\n|-enditem|p2b: Amoonguss|Sitrus Berry|[eat]\n|-heal|p2b: Amoonguss|57\/100|[from] item: Sitrus Berry\n|move|p1b: Iron Hands|Drain Punch|p2a: Heatran\n|-activate|p2a: Heatran|move: Protect\n|move|p2b: Amoonguss|Pollen Puff|p1a: Tornadus\n|-resisted|p1a: Tornadus\n|-damage|p1a: Tornadus|23\/100\n|\n|-end|p2b: Amoonguss|move: Taunt\n|upkeep\n|turn|9\n|\n|t:|1700516302\n|move|p2b: Amoonguss|Rage Powder|p2b: Amoonguss\n|-singleturn|p2b: Amoonguss|move: Rage Powder\n|move|p1a: Tornadus|Bleakwind Storm|p2b: Amoonguss|[spread] p2a,p2b\n|-supereffective|p2a: Heatran\n|-supereffective|p2b: Amoonguss\n|-damage|p2a: Heatran|8\/100\n|-damage|p2b: Amoonguss|0 fnt\n|faint|p2b: Amoonguss\n|move|p1b: Iron Hands|Drain Punch|p2a: Heatran\n|-damage|p2a: Heatran|0 fnt\n|-heal|p1b: Iron Hands|19\/100|[from] drain|[of] p2a: Heatran\n|faint|p2a: Heatran\n|\n|win|interet\n|raw|interet's rating: 1257 &rarr; <strong>1278<\/strong><br \/>(+21 for winning)\n|raw|vlopes777's rating: 1199 &rarr; <strong>1178<\/strong><br \/>(-21 for losing)\n|l|\u2606interet\n","uploadtime":1700516314,"views":5,"p1id":"interet","p2id":"vlopes777","formatid":"gen9vgc2023regulatione","rating":1178,"private":0,"password":""}