{"id":"gen9vgc2023regulatione-1998280212","p1":"eEmeraldl","p2":"JayoticNL","format":"[Gen 9] VGC 2023 Regulation E","log":"|j|\u2606eEmeraldl\n|j|\u2606JayoticNL\n|t:|1700924027\n|gametype|doubles\n|player|p1|eEmeraldl|ethan|1402\n|player|p2|JayoticNL|101|1429\n|teamsize|p1|6\n|teamsize|p2|6\n|gen|9\n|tier|[Gen 9] VGC 2023 Regulation E\n|rated|\n|rule|Species Clause: Limit one of each Pok\u00e9mon\n|rule|Item Clause: Limit one of each item\n|clearpoke\n|poke|p1|Armarouge, L50, M|\n|poke|p1|Indeedee-F, L50, F|\n|poke|p1|Torkoal, L50, F|\n|poke|p1|Maushold-Four, L50|\n|poke|p1|Iron Hands, L50|\n|poke|p1|Lilligant-Hisui, L50, F|\n|poke|p2|Ogerpon, L50, F|\n|poke|p2|Thundurus, L50, M|\n|poke|p2|Chi-Yu, L50|\n|poke|p2|Flutter Mane, L50|\n|poke|p2|Dondozo, L50, F|\n|poke|p2|Tatsugiri, L50, M|\n|teampreview|4\n|inactive|Battle timer is ON: inactive players will automatically lose when time's up. (requested by eEmeraldl)\n|\n|t:|1700924048\n|start\n|switch|p1a: Torkoal|Torkoal, L50, F|100\/100\n|switch|p1b: Lilligant|Lilligant-Hisui, L50, F|100\/100\n|switch|p2a: Thundurus|Thundurus, L50, M|100\/100\n|switch|p2b: Chi-Yu|Chi-Yu, L50|100\/100\n|-ability|p2b: Chi-Yu|Beads of Ruin\n|-weather|SunnyDay|[from] ability: Drought|[of] p1a: Torkoal\n|turn|1\n|\n|t:|1700924063\n|switch|p1b: Indeedee|Indeedee-F, L50, F|100\/100\n|-fieldstart|move: Psychic Terrain|[from] ability: Psychic Surge|[of] p1b: Indeedee\n|-terastallize|p2b: Chi-Yu|Ghost\n|-terastallize|p1a: Torkoal|Fire\n|move|p2a: Thundurus|Taunt|p1b: Indeedee\n|-activate|p1b: Indeedee|move: Psychic Terrain\n|move|p2b: Chi-Yu|Heat Wave|p1b: Indeedee|[spread] p1a,p1b\n|-resisted|p1a: Torkoal\n|-damage|p1a: Torkoal|30\/100\n|-damage|p1b: Indeedee|0 fnt\n|faint|p1b: Indeedee\n|move|p1a: Torkoal|Eruption|p2a: Thundurus|[spread] p2a,p2b\n|-damage|p2a: Thundurus|47\/100\n|-damage|p2b: Chi-Yu|57\/100\n|-damage|p1a: Torkoal|21\/100|[from] item: Life Orb\n|\n|-weather|SunnyDay|[upkeep]\n|upkeep\n|\n|t:|1700924084\n|switch|p1b: Lilligant|Lilligant-Hisui, L50, F|100\/100\n|turn|2\n|\n|t:|1700924094\n|switch|p1a: Iron Hands|Iron Hands, L50|100\/100\n|move|p1b: Lilligant|Leaf Blade|p2b: Chi-Yu\n|-damage|p2b: Chi-Yu|0 fnt\n|faint|p2b: Chi-Yu\n|move|p2a: Thundurus|Wildbolt Storm|p1b: Lilligant|[spread] p1a\n|-miss|p2a: Thundurus|p1b: Lilligant\n|-resisted|p1a: Iron Hands\n|-damage|p1a: Iron Hands|91\/100\n|\n|-weather|SunnyDay|[upkeep]\n|upkeep\n|\n|t:|1700924107\n|switch|p2b: Flutter Mane|Flutter Mane, L50|100\/100\n|-activate|p2b: Flutter Mane|ability: Protosynthesis\n|-start|p2b: Flutter Mane|protosynthesisspe\n|turn|3\n|inactive|JayoticNL has 30 seconds left.\n|inactive|JayoticNL has 20 seconds left.\n|\n|t:|1700924145\n|switch|p2a: Ogerpon|Ogerpon, L50, F|100\/100\n|move|p1b: Lilligant|After You|p1a: Iron Hands\n|-activate|p1a: Iron Hands|move: After You\n|move|p1a: Iron Hands|Heavy Slam|p2b: Flutter Mane\n|-supereffective|p2b: Flutter Mane\n|-damage|p2b: Flutter Mane|0 fnt\n|faint|p2b: Flutter Mane\n|-end|p2b: Flutter Mane|Protosynthesis|[silent]\n|\n|-weather|SunnyDay|[upkeep]\n|upkeep\n|\n|t:|1700924151\n|switch|p2b: Thundurus|Thundurus, L50, M|47\/100\n|turn|4\n|inactive|eEmeraldl has 30 seconds left.\n|\n|t:|1700924184\n|move|p1b: Lilligant|Close Combat|p2a: Ogerpon\n|-damage|p2a: Ogerpon|21\/100\n|-unboost|p1b: Lilligant|def|1\n|-unboost|p1b: Lilligant|spd|1\n|move|p2a: Ogerpon|Stomping Tantrum|p1a: Iron Hands\n|-supereffective|p1a: Iron Hands\n|-damage|p1a: Iron Hands|54\/100\n|move|p2b: Thundurus|Wildbolt Storm|p1b: Lilligant|[spread] p1a,p1b\n|-resisted|p1a: Iron Hands\n|-resisted|p1b: Lilligant\n|-damage|p1a: Iron Hands|45\/100\n|-damage|p1b: Lilligant|57\/100\n|-status|p1b: Lilligant|par\n|move|p1a: Iron Hands|Heavy Slam|p2a: Ogerpon\n|-damage|p2a: Ogerpon|0 fnt\n|faint|p2a: Ogerpon\n|\n|-weather|SunnyDay|[upkeep]\n|upkeep\n|turn|5\n|-message|JayoticNL forfeited.\n|\n|win|eEmeraldl\n|raw|eEmeraldl's rating: 1402 &rarr; <strong>1424<\/strong><br \/>(+22 for winning)\n|raw|JayoticNL's rating: 1429 &rarr; <strong>1407<\/strong><br \/>(-22 for losing)\n|l|\u2606JayoticNL\n","uploadtime":1700924232,"views":10,"p1id":"eemeraldl","p2id":"jayoticnl","formatid":"gen9vgc2023regulatione","rating":1407,"private":0,"password":""}