{"id":"gen9vgc2023regulatione-1990146039","p1":"Zardos66","p2":"jebongskiman","format":"[Gen 9] VGC 2023 Regulation E","log":"|j|\u2606Zardos66\n|j|\u2606jebongskiman\n|t:|1699929580\n|gametype|doubles\n|player|p1|Zardos66|hiker|1113\n|player|p2|jebongskiman|blue|1185\n|teamsize|p1|6\n|teamsize|p2|6\n|gen|9\n|tier|[Gen 9] VGC 2023 Regulation E\n|rated|\n|rule|Species Clause: Limit one of each Pok\u00e9mon\n|rule|Item Clause: Limit one of each item\n|clearpoke\n|poke|p1|Ninetales, L50, F|\n|poke|p1|Tauros-Paldea-Blaze, L50, M|\n|poke|p1|Leafeon, L50, F|\n|poke|p1|Flutter Mane, L50|\n|poke|p1|Tornadus, L50, M|\n|poke|p1|Chi-Yu, L50|\n|poke|p2|Kleavor, L50, F|\n|poke|p2|Dondozo, L50, M|\n|poke|p2|Clefairy, L50, M|\n|poke|p2|Tatsugiri, L50, F|\n|poke|p2|Flutter Mane, L50|\n|poke|p2|Kommo-o, L50, F|\n|teampreview|4\njebongskiman has agreed to open team sheets.\n|\n|t:|1699929601\n|start\n|switch|p1a: Ninetales|Ninetales, L50, F|100\/100\n|switch|p1b: Chi-Yu|Chi-Yu, L50|100\/100\n|switch|p2a: Kleavor|Kleavor, L50, F|100\/100\n|switch|p2b: Tatsugiri|Tatsugiri, L50, F|100\/100\n|-ability|p1b: Chi-Yu|Beads of Ruin\n|-weather|SunnyDay|[from] ability: Drought|[of] p1a: Ninetales\n|turn|1\n|\n|t:|1699929631\n|move|p2b: Tatsugiri|Endure|p2b: Tatsugiri\n|-singleturn|p2b: Tatsugiri|move: Endure\n|move|p2a: Kleavor|U-turn|p2b: Tatsugiri\n|-damage|p2b: Tatsugiri|16\/100\n|\n|t:|1699929636\n|switch|p2a: Dondozo|Dondozo, L50, M, shiny|100\/100|[from] U-turn\n|-activate|p2b: Tatsugiri|ability: Commander|[of] p2a: Dondozo\n|-boost|p2a: Dondozo|atk|2\n|-boost|p2a: Dondozo|spa|2\n|-boost|p2a: Dondozo|spe|2\n|-boost|p2a: Dondozo|def|2\n|-boost|p2a: Dondozo|spd|2\n|move|p1a: Ninetales|Solar Beam||[still]\n|-prepare|p1a: Ninetales|Solar Beam\n|-anim|p1a: Ninetales|Solar Beam|p2b: Tatsugiri|[miss]\n|-miss|p1a: Ninetales|p2b: Tatsugiri\n|move|p1b: Chi-Yu|Dark Pulse|p2b: Tatsugiri|[miss]\n|-miss|p1b: Chi-Yu|p2b: Tatsugiri\n|\n|-weather|SunnyDay|[upkeep]\n|-status|p2b: Tatsugiri|tox|[from] item: Toxic Orb\n|upkeep\n|turn|2\n|\n|t:|1699929663\n|-terastallize|p1b: Chi-Yu|Dark\n|move|p2a: Dondozo|Stomping Tantrum|p1b: Chi-Yu\n|-damage|p1b: Chi-Yu|26\/100\n|-enditem|p1b: Chi-Yu|Sitrus Berry|[eat]\n|-heal|p1b: Chi-Yu|50\/100|[from] item: Sitrus Berry\n|move|p1a: Ninetales|Solar Beam||[still]\n|-prepare|p1a: Ninetales|Solar Beam\n|-anim|p1a: Ninetales|Solar Beam|p2a: Dondozo\n|-supereffective|p2a: Dondozo\n|-damage|p2a: Dondozo|56\/100\n|move|p1b: Chi-Yu|Dark Pulse|p2a: Dondozo\n|-damage|p2a: Dondozo|15\/100\n|\n|-weather|SunnyDay|[upkeep]\n|-heal|p2a: Dondozo|21\/100|[from] item: Leftovers\n|-damage|p2b: Tatsugiri|10\/100 tox|[from] psn\n|upkeep\n|turn|3\n|\n|t:|1699929687\n|move|p2a: Dondozo|Protect|p2a: Dondozo\n|-singleturn|p2a: Dondozo|Protect\n|move|p1a: Ninetales|Solar Beam||[still]\n|-prepare|p1a: Ninetales|Solar Beam\n|-anim|p1a: Ninetales|Solar Beam|p2a: Dondozo\n|-activate|p2a: Dondozo|move: Protect\n|move|p1b: Chi-Yu|Snarl|p2a: Dondozo|[spread] \n|-miss|p1b: Chi-Yu|p2b: Tatsugiri\n|-activate|p2a: Dondozo|move: Protect\n|\n|-weather|SunnyDay|[upkeep]\n|-heal|p2a: Dondozo|27\/100|[from] item: Leftovers\n|-damage|p2b: Tatsugiri|0 fnt|[from] psn\n|faint|p2b: Tatsugiri\n|upkeep\n|\n|t:|1699929700\n|switch|p2b: Kleavor|Kleavor, L50, F|100\/100\n|turn|4\n|\n|t:|1699929708\n|move|p2b: Kleavor|U-turn|p1b: Chi-Yu\n|-supereffective|p1b: Chi-Yu\n|-damage|p1b: Chi-Yu|0 fnt\n|faint|p1b: Chi-Yu\n|\n|t:|1699929712\n|switch|p2b: Clefairy|Clefairy, L50, M|100\/100|[from] U-turn\n|move|p2a: Dondozo|Stomping Tantrum|p1a: Ninetales\n|-supereffective|p1a: Ninetales\n|-damage|p1a: Ninetales|0 fnt\n|faint|p1a: Ninetales\n|\n|-weather|SunnyDay|[upkeep]\n|-heal|p2a: Dondozo|33\/100|[from] item: Leftovers\n|upkeep\n|\n|t:|1699929723\n|switch|p1a: Leafeon|Leafeon, L50, F|100\/100\n|switch|p1b: Flutter Mane|Flutter Mane, L50|100\/100\n|-activate|p1b: Flutter Mane|ability: Protosynthesis\n|-start|p1b: Flutter Mane|protosynthesisspa\n|turn|5\n|\n|t:|1699929741\n|move|p2a: Dondozo|Protect|p2a: Dondozo\n|-singleturn|p2a: Dondozo|Protect\n|move|p1a: Leafeon|Solar Blade||[still]\n|-prepare|p1a: Leafeon|Solar Blade\n|-anim|p1a: Leafeon|Solar Blade|p2a: Dondozo\n|-activate|p2a: Dondozo|move: Protect\n|move|p1b: Flutter Mane|Dazzling Gleam|p2b: Clefairy|[spread] p2b\n|-activate|p2a: Dondozo|move: Protect\n|-damage|p2b: Clefairy|55\/100\n|move|p2b: Clefairy|Thunder Wave|p1b: Flutter Mane|[miss]\n|-miss|p2b: Clefairy|p1b: Flutter Mane\n|\n|-weather|SunnyDay|[upkeep]\n|-heal|p2a: Dondozo|39\/100|[from] item: Leftovers\n|upkeep\n|turn|6\n|\n|t:|1699929761\n|-terastallize|p2a: Dondozo|Steel\n|move|p1a: Leafeon|Solar Blade||[still]\n|-prepare|p1a: Leafeon|Solar Blade\n|-anim|p1a: Leafeon|Solar Blade|p2a: Dondozo\n|-resisted|p2a: Dondozo\n|-damage|p2a: Dondozo|29\/100\n|-damage|p1a: Leafeon|90\/100|[from] item: Life Orb\n|move|p2a: Dondozo|Stomping Tantrum|p1b: Flutter Mane\n|-damage|p1b: Flutter Mane|2\/100\n|move|p1b: Flutter Mane|Dazzling Gleam|p2a: Dondozo|[spread] p2a,p2b\n|-resisted|p2a: Dondozo\n|-damage|p2a: Dondozo|18\/100\n|-damage|p2b: Clefairy|9\/100\n|move|p2b: Clefairy|Heal Pulse|p2a: Dondozo\n|-heal|p2a: Dondozo|68\/100\n|\n|-weather|SunnyDay|[upkeep]\n|-heal|p2a: Dondozo|75\/100|[from] item: Leftovers\n|upkeep\n|turn|7\n|\n|t:|1699929793\n|move|p1a: Leafeon|Knock Off|p2a: Dondozo\n|-damage|p2a: Dondozo|62\/100\n|-enditem|p2a: Dondozo|Leftovers|[from] move: Knock Off|[of] p1a: Leafeon\n|-damage|p1a: Leafeon|80\/100|[from] item: Life Orb\n|move|p2a: Dondozo|Order Up|p1a: Leafeon\n|-damage|p1a: Leafeon|31\/100\n|-boost|p2a: Dondozo|atk|1\n|move|p1b: Flutter Mane|Dazzling Gleam|p2b: Clefairy|[spread] p2a,p2b\n|-resisted|p2a: Dondozo\n|-damage|p2a: Dondozo|51\/100\n|-damage|p2b: Clefairy|0 fnt\n|faint|p2b: Clefairy\n|\n|-weather|SunnyDay|[upkeep]\n|upkeep\n|\n|t:|1699929804\n|switch|p2b: Kleavor|Kleavor, L50, F|100\/100\n|turn|8\n|\n|t:|1699929814\n|move|p1a: Leafeon|Solar Blade||[still]\n|-prepare|p1a: Leafeon|Solar Blade\n|-anim|p1a: Leafeon|Solar Blade|p2b: Kleavor\n|-damage|p2b: Kleavor|0 fnt\n|faint|p2b: Kleavor\n|-damage|p1a: Leafeon|21\/100|[from] item: Life Orb\n|move|p2a: Dondozo|Stomping Tantrum|p1b: Flutter Mane\n|-damage|p1b: Flutter Mane|0 fnt\n|faint|p1b: Flutter Mane\n|-end|p1b: Flutter Mane|Protosynthesis|[silent]\n|\n|-weather|none\n|upkeep\n|turn|9\n|\n|t:|1699929830\n|move|p1a: Leafeon|Protect|p1a: Leafeon\n|-singleturn|p1a: Leafeon|Protect\n|move|p2a: Dondozo|Order Up|p1a: Leafeon\n|-activate|p1a: Leafeon|move: Protect\n|\n|upkeep\n|turn|10\n|\n|t:|1699929837\n|move|p2a: Dondozo|Order Up|p1a: Leafeon\n|-damage|p1a: Leafeon|0 fnt\n|faint|p1a: Leafeon\n|\n|win|jebongskiman\n|raw|Zardos66's rating: 1113 &rarr; <strong>1093<\/strong><br \/>(-20 for losing)\n|raw|jebongskiman's rating: 1185 &rarr; <strong>1205<\/strong><br \/>(+20 for winning)\n","uploadtime":1699929840,"views":10,"p1id":"zardos66","p2id":"jebongskiman","formatid":"gen9vgc2023regulatione","rating":1093,"private":0,"password":""}