{"id":"gen9vgc2023regulatione-1991527543","p1":"alecphil","p2":"secretstudent","format":"[Gen 9] VGC 2023 Regulation E","log":"|j|\u2606alecphil\n|j|\u2606secretstudent\n|t:|1700085182\n|gametype|doubles\n|player|p1|alecphil|2|1051\n|player|p2|secretstudent|beauty|1045\n|teamsize|p1|6\n|teamsize|p2|6\n|gen|9\n|tier|[Gen 9] VGC 2023 Regulation E\n|rated|\n|rule|Species Clause: Limit one of each Pok\u00e9mon\n|rule|Item Clause: Limit one of each item\n|clearpoke\n|poke|p1|Cresselia, L50, F|\n|poke|p1|Heatran, L50, F|\n|poke|p1|Iron Bundle, L50|\n|poke|p1|Tornadus, L50, M|\n|poke|p1|Shiftry, L50, F|\n|poke|p1|Azumarill, L50, M|\n|poke|p2|Chien-Pao, L50|\n|poke|p2|Amoonguss, L50, F|\n|poke|p2|Hatterene, L50, F|\n|poke|p2|Gyarados, L50, M|\n|poke|p2|Volcarona, L50, F|\n|poke|p2|Ogerpon, L50, F|\n|teampreview|4\nsecretstudent rejected open team sheets.\n|\n|t:|1700085224\n|start\n|switch|p1a: Heatran|Heatran, L50, F|100\/100\n|switch|p1b: Iron Bundle|Iron Bundle, L50|100\/100\n|switch|p2a: Hatterene|Hatterene, L50, F|100\/100\n|switch|p2b: Gyarados|Gyarados, L50, M|100\/100\n|-ability|p2b: Gyarados|Intimidate|boost\n|-unboost|p1a: Heatran|atk|1\n|-unboost|p1b: Iron Bundle|atk|1\n|-enditem|p1b: Iron Bundle|Booster Energy\n|-activate|p1b: Iron Bundle|ability: Quark Drive|[fromitem]\n|-start|p1b: Iron Bundle|quarkdrivespe\n|turn|1\n|\n|t:|1700085239\n|move|p1b: Iron Bundle|Freeze-Dry|p2b: Gyarados\n|-supereffective|p2b: Gyarados\n|-damage|p2b: Gyarados|0 fnt\n|faint|p2b: Gyarados\n|move|p1a: Heatran|Steel Beam|p2a: Hatterene\n|-supereffective|p2a: Hatterene\n|-damage|p2a: Hatterene|0 fnt\n|-damage|p1a: Heatran|50\/100|[from] steelbeam\n|faint|p2a: Hatterene\n|\n|upkeep\n|\n|t:|1700085245\n|switch|p2b: Ogerpon|Ogerpon, L50, F|100\/100\n|switch|p2a: Amoonguss|Amoonguss, L50, F|100\/100\n|turn|2\n|\n|t:|1700085264\n|move|p1b: Iron Bundle|Freeze-Dry|p2a: Amoonguss\n|-supereffective|p2a: Amoonguss\n|-damage|p2a: Amoonguss|40\/100\n|move|p2b: Ogerpon|Stomping Tantrum|p1a: Heatran\n|-supereffective|p1a: Heatran\n|-damage|p1a: Heatran|0 fnt\n|faint|p1a: Heatran\n|-damage|p2b: Ogerpon|91\/100|[from] item: Life Orb\n|move|p2a: Amoonguss|Spore|p1b: Iron Bundle\n|-status|p1b: Iron Bundle|slp|[from] move: Spore\n|\n|upkeep\n|\n|t:|1700085333\n|switch|p1a: Cresselia|Cresselia, L50, F|100\/100\n|turn|3\n|\n|t:|1700085341\n|move|p2a: Amoonguss|Protect|p2a: Amoonguss\n|-singleturn|p2a: Amoonguss|Protect\n|cant|p1b: Iron Bundle|slp\n|move|p2b: Ogerpon|Ivy Cudgel|p1a: Cresselia\n|-damage|p1a: Cresselia|57\/100\n|-damage|p2b: Ogerpon|81\/100|[from] item: Life Orb\n|move|p1a: Cresselia|Future Sight|p2a: Amoonguss\n|-start|p1a: Cresselia|move: Future Sight\n|\n|-heal|p1a: Cresselia|63\/100|[from] item: Leftovers\n|upkeep\n|turn|4\n|\n|t:|1700085361\n|-curestatus|p1b: Iron Bundle|slp|[msg]\n|move|p1b: Iron Bundle|Freeze-Dry|p2a: Amoonguss\n|-supereffective|p2a: Amoonguss\n|-damage|p2a: Amoonguss|0 fnt\n|faint|p2a: Amoonguss\n|move|p2b: Ogerpon|Ivy Cudgel|p1a: Cresselia\n|-damage|p1a: Cresselia|17\/100\n|-damage|p2b: Ogerpon|71\/100|[from] item: Life Orb\n|move|p1a: Cresselia|Future Sight|p2b: Ogerpon\n|-start|p1a: Cresselia|move: Future Sight\n|\n|-heal|p1a: Cresselia|23\/100|[from] item: Leftovers\n|upkeep\n|turn|5\n|c|\u2606secretstudent|gg wp\n|-message|secretstudent forfeited.\n|\n|win|alecphil\n|raw|alecphil's rating: 1051 &rarr; <strong>1083<\/strong><br \/>(+32 for winning)\n|raw|secretstudent's rating: 1045 &rarr; <strong>1029<\/strong><br \/>(-16 for losing)\n","uploadtime":1700085375,"views":8,"p1id":"alecphil","p2id":"secretstudent","formatid":"gen9vgc2023regulatione","rating":1029,"private":0,"password":""}