{"id":"gen9vgc2023regulatione-1992854274","p1":"galgith","p2":"bunearyboicherry","format":"[Gen 9] VGC 2023 Regulation E","log":"|j|\u2606galgith\n|j|\u2606bunearyboicherry\n|t:|1700241199\n|gametype|doubles\n|player|p1|galgith|steven|1076\n|player|p2|bunearyboicherry|hapu|1059\n|teamsize|p1|6\n|teamsize|p2|6\n|gen|9\n|tier|[Gen 9] VGC 2023 Regulation E\n|rated|\n|rule|Species Clause: Limit one of each Pok\u00e9mon\n|rule|Item Clause: Limit one of each item\n|clearpoke\n|poke|p1|Regidrago, L50|\n|poke|p1|Tornadus, L50, M|\n|poke|p1|Flutter Mane, L50|\n|poke|p1|Urshifu-*, L50, M|\n|poke|p1|Amoonguss, L50, M|\n|poke|p1|Scizor, L50, F|\n|poke|p2|Politoed, L50, F|\n|poke|p2|Feebas, L50, F|\n|poke|p2|Thundurus-Therian, L50, M|\n|poke|p2|Mamoswine, L50, M|\n|poke|p2|Scream Tail, L50|\n|poke|p2|Landorus-Therian, L50, M|\n|teampreview|4\n|inactive|Battle timer is ON: inactive players will automatically lose when time's up. (requested by bunearyboicherry)\ngalgith has agreed to open team sheets.\n|inactive|galgith has 60 seconds left.\n|inactive|bunearyboicherry has 60 seconds left.\n|inactive|bunearyboicherry has 30 seconds left.\n|\n|t:|1700241265\n|start\n|switch|p1a: Mario Monti|Tornadus, L50, M|100\/100\n|switch|p1b: Giorgia Meloni|Flutter Mane, L50|100\/100\n|switch|p2a: Scream Tail|Scream Tail, L50, shiny|100\/100\n|switch|p2b: Mamoswine|Mamoswine, L50, M, shiny|100\/100\n|-enditem|p2a: Scream Tail|Booster Energy\n|-activate|p2a: Scream Tail|ability: Protosynthesis|[fromitem]\n|-start|p2a: Scream Tail|protosynthesisspe\n|turn|1\n|inactive|galgith has 30 seconds left.\n|inactive|galgith has 20 seconds left.\n|\n|t:|1700241304\n|-terastallize|p2a: Scream Tail|Flying\n|move|p1a: Mario Monti|Taunt|p2a: Scream Tail\n|-start|p2a: Scream Tail|move: Taunt\n|cant|p2a: Scream Tail|move: Taunt|Howl\n|move|p1b: Giorgia Meloni|Moonblast|p2a: Scream Tail\n|-crit|p2a: Scream Tail\n|-damage|p2a: Scream Tail|24\/100\n|-unboost|p2a: Scream Tail|spa|1\n|move|p2b: Mamoswine|Rock Slide|p1a: Mario Monti|[spread] p1a\n|-miss|p2b: Mamoswine|p1b: Giorgia Meloni\n|-supereffective|p1a: Mario Monti\n|-damage|p1a: Mario Monti|23\/100\n|\n|upkeep\n|turn|2\n|\n|t:|1700241325\n|move|p2a: Scream Tail|Play Rough|p1a: Mario Monti\n|-damage|p1a: Mario Monti|0 fnt\n|faint|p1a: Mario Monti\n|move|p1b: Giorgia Meloni|Moonblast|p2b: Mamoswine\n|-damage|p2b: Mamoswine|21\/100\n|move|p2b: Mamoswine|Rock Slide|p1b: Giorgia Meloni\n|-damage|p1b: Giorgia Meloni|36\/100\n|\n|upkeep\n|\n|t:|1700241334\n|switch|p1a: Mario Draghi|Regidrago, L50|100\/100\n|turn|3\n|\n|t:|1700241351\n|-terastallize|p1a: Mario Draghi|Steel\n|move|p2a: Scream Tail|Play Rough|p1a: Mario Draghi\n|-resisted|p1a: Mario Draghi\n|-damage|p1a: Mario Draghi|85\/100\n|move|p1b: Giorgia Meloni|Moonblast|p2b: Mamoswine\n|-damage|p2b: Mamoswine|0 fnt\n|faint|p2b: Mamoswine\n|move|p1a: Mario Draghi|Tera Blast|p2a: Scream Tail|[anim] Tera Blast Steel\n|-damage|p2a: Scream Tail|0 fnt\n|faint|p2a: Scream Tail\n|-end|p2a: Scream Tail|Protosynthesis|[silent]\n|\n|upkeep\n|\n|t:|1700241357\n|switch|p2a: Speedbas|Feebas, L50, F, shiny|100\/100\n|switch|p2b: Besmara|Politoed, L50, F, shiny|100\/100\n|-weather|RainDance|[from] ability: Drizzle|[of] p2b: Besmara\n|turn|4\n|\n|t:|1700241377\n|move|p2a: Speedbas|Hypnosis|p1a: Mario Draghi\n|-status|p1a: Mario Draghi|slp|[from] move: Hypnosis\n|move|p1b: Giorgia Meloni|Moonblast|p2b: Besmara\n|-damage|p2b: Besmara|34\/100\n|cant|p1a: Mario Draghi|slp\n|move|p2b: Besmara|Muddy Water|p1b: Giorgia Meloni|[spread] p1b\n|-miss|p2b: Besmara|p1a: Mario Draghi\n|-enditem|p2b: Besmara|Blunder Policy\n|-boost|p2b: Besmara|spe|2\n|-damage|p1b: Giorgia Meloni|0 fnt\n|faint|p1b: Giorgia Meloni\n|-end|p1b: Giorgia Meloni|Protosynthesis|[silent]\n|\n|-weather|RainDance|[upkeep]\n|upkeep\n|\n|t:|1700241390\n|switch|p1b: Giuseppe Conte|Urshifu-Rapid-Strike, L50, M|100\/100\n|turn|5\n|\n|t:|1700241406\n|move|p2a: Speedbas|Hypnosis|p1b: Giuseppe Conte\n|-status|p1b: Giuseppe Conte|slp|[from] move: Hypnosis\n|move|p2b: Besmara|Earth Power|p1a: Mario Draghi\n|-supereffective|p1a: Mario Draghi\n|-damage|p1a: Mario Draghi|28\/100 slp\n|cant|p1b: Giuseppe Conte|slp\n|cant|p1a: Mario Draghi|slp\n|\n|-weather|RainDance|[upkeep]\n|upkeep\n|turn|6\n|\n|t:|1700241421\n|move|p2a: Speedbas|Icy Wind|p1b: Giuseppe Conte|[spread] p1a,p1b\n|-resisted|p1a: Mario Draghi\n|-resisted|p1b: Giuseppe Conte\n|-damage|p1a: Mario Draghi|25\/100 slp\n|-damage|p1b: Giuseppe Conte|97\/100 slp\n|-unboost|p1a: Mario Draghi|spe|1\n|-unboost|p1b: Giuseppe Conte|spe|1\n|move|p2b: Besmara|Muddy Water|p1a: Mario Draghi|[spread] p1a,p1b\n|-resisted|p1b: Giuseppe Conte\n|-damage|p1a: Mario Draghi|0 fnt\n|-damage|p1b: Giuseppe Conte|62\/100 slp\n|-unboost|p1b: Giuseppe Conte|accuracy|1\n|faint|p1a: Mario Draghi\n|cant|p1b: Giuseppe Conte|slp\n|\n|-weather|RainDance|[upkeep]\n|upkeep\n|turn|7\n|\n|t:|1700241440\n|move|p2a: Speedbas|Icy Wind|p1b: Giuseppe Conte\n|-resisted|p1b: Giuseppe Conte\n|-damage|p1b: Giuseppe Conte|58\/100 slp\n|-unboost|p1b: Giuseppe Conte|spe|1\n|move|p2b: Besmara|Muddy Water|p1b: Giuseppe Conte\n|-resisted|p1b: Giuseppe Conte\n|-damage|p1b: Giuseppe Conte|14\/100 slp\n|-curestatus|p1b: Giuseppe Conte|slp|[msg]\n|move|p1b: Giuseppe Conte|Close Combat|p2b: Besmara|[miss]\n|-miss|p1b: Giuseppe Conte|p2b: Besmara\n|\n|-weather|RainDance|[upkeep]\n|upkeep\n|turn|8\n|-message|galgith forfeited.\n|\n|win|bunearyboicherry\n|raw|galgith's rating: 1076 &rarr; <strong>1054<\/strong><br \/>(-22 for losing)\n|raw|bunearyboicherry's rating: 1059 &rarr; <strong>1092<\/strong><br \/>(+33 for winning)\n|l|\u2606galgith\n","uploadtime":1700241463,"views":40,"p1id":"galgith","p2id":"bunearyboicherry","formatid":"gen9vgc2023regulatione","rating":1054,"private":0,"password":""}