{"id":"gen9vgc2023regulatione-1996688846","p1":"nightbutterfly","p2":"Mr.X&Y97","format":"[Gen 9] VGC 2023 Regulation E","log":"|j|\u2606nightbutterfly\n|j|\u2606Mr.X&Y97\n|t:|1700709976\n|gametype|doubles\n|player|p1|nightbutterfly|rosa|1153\n|player|p2|Mr.X&Y97|ingo|1225\n|teamsize|p1|6\n|teamsize|p2|6\n|gen|9\n|tier|[Gen 9] VGC 2023 Regulation E\n|rated|\n|rule|Species Clause: Limit one of each Pok\u00e9mon\n|rule|Item Clause: Limit one of each item\n|clearpoke\n|poke|p1|Flutter Mane, L50|\n|poke|p1|Tornadus, L50, M|\n|poke|p1|Urshifu-*, L50, M|\n|poke|p1|Iron Hands, L50|\n|poke|p1|Arcanine-Hisui, L50, F|\n|poke|p1|Gholdengo, L50|\n|poke|p2|Ogerpon-Wellspring, L50, F|\n|poke|p2|Conkeldurr, L50, M|\n|poke|p2|Munkidori, L50, M|\n|poke|p2|Landorus-Therian, L50, M|\n|poke|p2|Tornadus, L50, M|\n|poke|p2|Gholdengo, L50|\n|teampreview|4\n|inactive|Battle timer is ON: inactive players will automatically lose when time's up. (requested by Mr.X&Y97)\nMr.X&Y97 rejected open team sheets.\n|\n|t:|1700710003\n|start\n|switch|p1a: Tornadus|Tornadus, L50, M, shiny|100\/100\n|switch|p1b: Flutter Mane|Flutter Mane, L50, shiny|100\/100\n|switch|p2a: Tornadus|Tornadus, L50, M|100\/100\n|switch|p2b: Landorus|Landorus-Therian, L50, M|100\/100\n|-ability|p2b: Landorus|Intimidate|boost\n|-unboost|p1a: Tornadus|atk|1\n|-unboost|p1b: Flutter Mane|atk|1\n|-enditem|p1b: Flutter Mane|Booster Energy\n|-activate|p1b: Flutter Mane|ability: Protosynthesis|[fromitem]\n|-start|p1b: Flutter Mane|protosynthesisspa\n|turn|1\n|\n|t:|1700710021\n|move|p1b: Flutter Mane|Protect|p1b: Flutter Mane\n|-singleturn|p1b: Flutter Mane|Protect\n|move|p1a: Tornadus|Taunt|p2a: Tornadus\n|-start|p2a: Tornadus|move: Taunt\n|cant|p2a: Tornadus|move: Taunt|Tailwind\n|move|p2b: Landorus|Rock Slide|p1a: Tornadus|[spread] p1a\n|-activate|p1b: Flutter Mane|move: Protect\n|-supereffective|p1a: Tornadus\n|-damage|p1a: Tornadus|33\/100\n|\n|upkeep\n|turn|2\n|\n|t:|1700710036\n|-terastallize|p1b: Flutter Mane|Fairy\n|move|p1a: Tornadus|Tailwind|p1a: Tornadus\n|-sidestart|p1: nightbutterfly|move: Tailwind\n|move|p1b: Flutter Mane|Dazzling Gleam|p2b: Landorus|[spread] p2a,p2b\n|-damage|p2a: Tornadus|15\/100\n|-damage|p2b: Landorus|5\/100\n|move|p2b: Landorus|Rock Slide|p1b: Flutter Mane|[spread] p1a,p1b\n|-supereffective|p1a: Tornadus\n|-damage|p1a: Tornadus|0 fnt\n|-damage|p1b: Flutter Mane|53\/100\n|faint|p1a: Tornadus\n|move|p2a: Tornadus|Bleakwind Storm|p1b: Flutter Mane\n|-damage|p1b: Flutter Mane|0 fnt\n|faint|p1b: Flutter Mane\n|-end|p1b: Flutter Mane|Protosynthesis|[silent]\n|\n|upkeep\n|\n|t:|1700710051\n|switch|p1b: Iron Hands|Iron Hands, L50, shiny|100\/100\n|switch|p1a: Urshifu|Urshifu-Rapid-Strike, L50, M|100\/100\n|turn|3\n|\n|t:|1700710070\n|switch|p2a: Gholdengo|Gholdengo, L50|100\/100\n|move|p1a: Urshifu|Surging Strikes|p2b: Landorus\n|-supereffective|p2b: Landorus\n|-crit|p2b: Landorus\n|-damage|p2b: Landorus|0 fnt\n|faint|p2b: Landorus\n|-hitcount|p2: Landorus|1\n|move|p1b: Iron Hands|Volt Switch|p2a: Gholdengo\n|-damage|p2a: Gholdengo|88\/100\n|\n|upkeep\n|\n|t:|1700710090\n|switch|p2b: Tornadus|Tornadus, L50, M|15\/100\n|turn|4\n|\n|t:|1700710106\n|move|p2b: Tornadus|Tailwind|p2b: Tornadus\n|-sidestart|p2: Mr.X&Y97|move: Tailwind\n|move|p1a: Urshifu|Surging Strikes|p2a: Gholdengo\n|-crit|p2a: Gholdengo\n|-damage|p2a: Gholdengo|60\/100\n|-crit|p2a: Gholdengo\n|-damage|p2a: Gholdengo|35\/100\n|-crit|p2a: Gholdengo\n|-damage|p2a: Gholdengo|10\/100\n|-hitcount|p2a: Gholdengo|3\n|move|p2a: Gholdengo|Thunderbolt|p1a: Urshifu\n|-supereffective|p1a: Urshifu\n|-damage|p1a: Urshifu|0 fnt\n|faint|p1a: Urshifu\n|move|p1b: Iron Hands|Wild Charge|p2b: Tornadus\n|-supereffective|p2b: Tornadus\n|-damage|p2b: Tornadus|0 fnt\n|faint|p2b: Tornadus\n|-damage|p1b: Iron Hands|98\/100|[from] Recoil\n|\n|upkeep\n|\n|t:|1700710118\n|switch|p2b: Munkidori|Munkidori, L50, M|100\/100\n|turn|5\n|\n|t:|1700710133\n|move|p2b: Munkidori|Fake Out|p1b: Iron Hands\n|-damage|p1b: Iron Hands|93\/100\n|-status|p1b: Iron Hands|tox|[from] ability: Toxic Chain|[of] p2b: Munkidori\n|move|p2a: Gholdengo|Thunderbolt|p1b: Iron Hands\n|-resisted|p1b: Iron Hands\n|-damage|p1b: Iron Hands|83\/100 tox\n|cant|p1b: Iron Hands|flinch\n|\n|-damage|p1b: Iron Hands|77\/100 tox|[from] psn\n|-sideend|p1: nightbutterfly|move: Tailwind\n|upkeep\n|turn|6\n|\n|t:|1700710146\n|move|p2b: Munkidori|Psychic|p1b: Iron Hands\n|-supereffective|p1b: Iron Hands\n|-damage|p1b: Iron Hands|29\/100 tox\n|move|p2a: Gholdengo|Thunderbolt|p1b: Iron Hands\n|-resisted|p1b: Iron Hands\n|-damage|p1b: Iron Hands|18\/100 tox\n|move|p1b: Iron Hands|Wild Charge|p2a: Gholdengo\n|-damage|p2a: Gholdengo|0 fnt\n|faint|p2a: Gholdengo\n|-damage|p1b: Iron Hands|16\/100 tox|[from] Recoil\n|\n|-damage|p1b: Iron Hands|4\/100 tox|[from] psn\n|upkeep\n|turn|7\n|\n|t:|1700710165\n|move|p2b: Munkidori|Protect|p2b: Munkidori\n|-singleturn|p2b: Munkidori|Protect\n|move|p1b: Iron Hands|Wild Charge|p2b: Munkidori\n|-activate|p2b: Munkidori|move: Protect\n|\n|-damage|p1b: Iron Hands|0 fnt|[from] psn\n|faint|p1b: Iron Hands\n|-end|p1b: Iron Hands|Quark Drive|[silent]\n|\n|win|Mr.X&Y97\n|upkeep\n|raw|nightbutterfly's rating: 1153 &rarr; <strong>1133<\/strong><br \/>(-20 for losing)\n|raw|Mr.X&amp;Y97's rating: 1225 &rarr; <strong>1245<\/strong><br \/>(+20 for winning)\n|l|\u2606nightbutterfly\n","uploadtime":1700710174,"views":9,"p1id":"nightbutterfly","p2id":"mrxy97","formatid":"gen9vgc2023regulatione","rating":1133,"private":0,"password":""}