{"id":"gen9vgc2023regulatione-1991615160","p1":"AXELLARAMENA","p2":"Jard13255","format":"[Gen 9] VGC 2023 Regulation E","log":"|j|\u2606AXELLARAMENA\n|j|\u2606Jard13255\n|t:|1700094480\n|gametype|doubles\n|player|p1|AXELLARAMENA|1|1131\n|player|p2|Jard13255|psychic-gen4|1114\n|teamsize|p1|6\n|teamsize|p2|6\n|gen|9\n|tier|[Gen 9] VGC 2023 Regulation E\n|rated|\n|rule|Species Clause: Limit one of each Pok\u00e9mon\n|rule|Item Clause: Limit one of each item\n|clearpoke\n|poke|p1|Torterra, L50, M|\n|poke|p1|Sinistcha, L50|\n|poke|p1|Grumpig, L50, M|\n|poke|p1|Talonflame, L50, F|\n|poke|p1|Ursaluna-Bloodmoon, L50, M|\n|poke|p1|Indeedee-F, L50, F|\n|poke|p2|Gyarados, L50, M|\n|poke|p2|Garganacl, L50, M|\n|poke|p2|Sinistcha, L50|\n|poke|p2|Iron Hands, L50|\n|poke|p2|Grimmsnarl, L50, M|\n|poke|p2|Glimmora, L50, M|\n|teampreview|4\nJard13255 has agreed to open team sheets.\n|\n|t:|1700094532\n|start\n|switch|p1a: Grumpig|Grumpig, L50, M, shiny|100\/100\n|switch|p1b: Ursaluna|Ursaluna-Bloodmoon, L50, M|100\/100\n|switch|p2a: Glimmora|Glimmora, L50, M|100\/100\n|switch|p2b: Grimmsnarl|Grimmsnarl, L50, M|100\/100\n|turn|1\n|inactive|Battle timer is ON: inactive players will automatically lose when time's up. (requested by Jard13255)\n|\n|t:|1700094583\n|-terastallize|p2a: Glimmora|Grass\n|move|p2b: Grimmsnarl|Light Screen|p2b: Grimmsnarl\n|-sidestart|p2: Jard13255|move: Light Screen\n|move|p2a: Glimmora|Mortal Spin|p1b: Ursaluna|[spread] p1a,p1b\n|-resisted|p1b: Ursaluna\n|-damage|p1a: Grumpig|95\/100\n|-damage|p1b: Ursaluna|99\/100\n|-status|p1a: Grumpig|psn\n|-status|p1b: Ursaluna|psn\n|move|p1a: Grumpig|Simple Beam|p1b: Ursaluna\n|-endability|p1b: Ursaluna|Mind's Eye|[from] move: Simple Beam\n|-ability|p1b: Ursaluna|Simple|[from] move: Simple Beam\n|move|p1b: Ursaluna|Calm Mind|p1b: Ursaluna\n|-boost|p1b: Ursaluna|spa|2\n|-boost|p1b: Ursaluna|spd|2\n|\n|-damage|p1a: Grumpig|83\/100 psn|[from] psn\n|-damage|p1b: Ursaluna|87\/100 psn|[from] psn\n|upkeep\n|turn|2\n|inactive|AXELLARAMENA has 30 seconds left.\n|inactive|Jard13255 has 30 seconds left.\n|\n|t:|1700094614\n|move|p1b: Ursaluna|Protect|p1b: Ursaluna\n|-singleturn|p1b: Ursaluna|Protect\n|move|p2b: Grimmsnarl|Parting Shot|p1b: Ursaluna\n|-activate|p1b: Ursaluna|move: Protect\n|move|p2a: Glimmora|Venoshock|p1a: Grumpig\n|-damage|p1a: Grumpig|30\/100 psn\n|move|p1a: Grumpig|Trick Room|p1a: Grumpig\n|-fieldstart|move: Trick Room|[of] p1a: Grumpig\n|\n|-damage|p1b: Ursaluna|74\/100 psn|[from] psn\n|-damage|p1a: Grumpig|18\/100 psn|[from] psn\n|upkeep\n|turn|3\n|\n|t:|1700094638\n|switch|p1a: Indeedee|Indeedee-F, L50, F|100\/100\n|-fieldstart|move: Psychic Terrain|[from] ability: Psychic Surge|[of] p1a: Indeedee\n|-enditem|p1a: Indeedee|Psychic Seed\n|-boost|p1a: Indeedee|spd|1|[from] item: Psychic Seed\n|move|p2b: Grimmsnarl|Parting Shot|p1b: Ursaluna\n|-activate|p1b: Ursaluna|move: Psychic Terrain\n|move|p1b: Ursaluna|Hyper Voice|p2a: Glimmora|[spread] p2a,p2b\n|-damage|p2a: Glimmora|62\/100\n|-damage|p2b: Grimmsnarl|52\/100\n|-enditem|p1b: Ursaluna|Throat Spray\n|-boost|p1b: Ursaluna|spa|2|[from] item: Throat Spray\n|move|p2a: Glimmora|Venoshock|p1b: Ursaluna\n|-resisted|p1b: Ursaluna\n|-damage|p1b: Ursaluna|55\/100 psn\n|\n|-damage|p1b: Ursaluna|43\/100 psn|[from] psn\n|upkeep\n|turn|4\n|\n|t:|1700094661\n|switch|p2a: Sinistcha|Sinistcha, L50|100\/100\n|-heal|p2b: Grimmsnarl|77\/100|[from] ability: Hospitality|[of] p2a: Sinistcha\n|move|p1b: Ursaluna|Calm Mind|p1b: Ursaluna\n|-boost|p1b: Ursaluna|spa|2\n|-boost|p1b: Ursaluna|spd|2\n|move|p2b: Grimmsnarl|Spirit Break|p1b: Ursaluna\n|-damage|p1b: Ursaluna|20\/100 psn\n|-unboost|p1b: Ursaluna|spa|2\n|move|p1a: Indeedee|Heal Pulse|p1b: Ursaluna\n|-heal|p1b: Ursaluna|70\/100 psn\n|\n|-damage|p1b: Ursaluna|57\/100 psn|[from] psn\n|upkeep\n|turn|5\n|\n|t:|1700094682\n|move|p1a: Indeedee|Follow Me|p1a: Indeedee\n|-singleturn|p1a: Indeedee|move: Follow Me\n|move|p1b: Ursaluna|Hyper Voice|p2a: Sinistcha|[spread] p2b\n|-immune|p2a: Sinistcha\n|-damage|p2b: Grimmsnarl|3\/100\n|move|p2b: Grimmsnarl|Spirit Break|p1a: Indeedee\n|-damage|p1a: Indeedee|68\/100\n|-unboost|p1a: Indeedee|spa|1\n|move|p2a: Sinistcha|Matcha Gotcha|p1a: Indeedee|[spread] p1a,p1b\n|-supereffective|p1b: Ursaluna\n|-damage|p1a: Indeedee|53\/100\n|-damage|p1b: Ursaluna|37\/100 psn\n|\n|-damage|p1b: Ursaluna|25\/100 psn|[from] psn\n|upkeep\n|turn|6\n|inactive|Jard13255 has 30 seconds left.\n|\n|t:|1700094712\n|switch|p2b: Glimmora|Glimmora, L50, M, tera:Grass|62\/100\n|move|p1b: Ursaluna|Hyper Voice|p2a: Sinistcha|[spread] p2b\n|-immune|p2a: Sinistcha\n|-damage|p2b: Glimmora|10\/100\n|move|p2a: Sinistcha|Matcha Gotcha|p1b: Ursaluna|[spread] p1a,p1b\n|-supereffective|p1b: Ursaluna\n|-damage|p1a: Indeedee|38\/100\n|-damage|p1b: Ursaluna|8\/100 psn\n|-status|p1a: Indeedee|brn\n|move|p1a: Indeedee|Heal Pulse|p1b: Ursaluna\n|-heal|p1b: Ursaluna|58\/100 psn\n|\n|-damage|p1b: Ursaluna|46\/100 psn|[from] psn\n|-damage|p1a: Indeedee|32\/100 brn|[from] brn\n|-fieldend|move: Trick Room\n|upkeep\n|turn|7\n|inactive|AXELLARAMENA has 30 seconds left.\n|inactive|Jard13255 has 30 seconds left.\n|\n|t:|1700094739\n|move|p1b: Ursaluna|Protect|p1b: Ursaluna\n|-singleturn|p1b: Ursaluna|Protect\n|move|p2b: Glimmora|Earth Power|p1a: Indeedee\n|-damage|p1a: Indeedee|12\/100 brn\n|move|p2a: Sinistcha|Matcha Gotcha|p1b: Ursaluna|[spread] p1a\n|-activate|p1b: Ursaluna|move: Protect\n|-damage|p1a: Indeedee|0 fnt\n|faint|p1a: Indeedee\n|\n|-damage|p1b: Ursaluna|33\/100 psn|[from] psn\n|-fieldend|move: Psychic Terrain\n|upkeep\n|\n|t:|1700094754\n|switch|p1a: Sinistcha|Sinistcha, L50, shiny|100\/100\n|-heal|p1b: Ursaluna|58\/100 psn|[from] ability: Hospitality|[of] p1a: Sinistcha\n|turn|8\n|inactive|AXELLARAMENA has 30 seconds left.\n|\n|t:|1700094780\n|move|p2b: Glimmora|Mortal Spin|p1b: Ursaluna|[spread] p1a,p1b\n|-resisted|p1b: Ursaluna\n|-damage|p1a: Sinistcha|97\/100\n|-damage|p1b: Ursaluna|57\/100 psn\n|-status|p1a: Sinistcha|psn\n|-damage|p2b: Glimmora|0 fnt|[from] item: Rocky Helmet|[of] p1a: Sinistcha\n|faint|p2b: Glimmora\n|move|p2a: Sinistcha|Matcha Gotcha|p1b: Ursaluna|[spread] p1a,p1b\n|-resisted|p1a: Sinistcha\n|-supereffective|p1b: Ursaluna\n|-damage|p1a: Sinistcha|85\/100 psn\n|-damage|p1b: Ursaluna|38\/100 psn\n|move|p1b: Ursaluna|Calm Mind|p1b: Ursaluna\n|-boost|p1b: Ursaluna|spa|2\n|-boost|p1b: Ursaluna|spd|2\n|move|p1a: Sinistcha|Trick Room|p1a: Sinistcha\n|-fieldstart|move: Trick Room|[of] p1a: Sinistcha\n|\n|-damage|p1b: Ursaluna|25\/100 psn|[from] psn\n|-damage|p1a: Sinistcha|73\/100 psn|[from] psn\n|-sideend|p2: Jard13255|move: Light Screen\n|upkeep\n|\n|t:|1700094796\n|switch|p2b: Grimmsnarl|Grimmsnarl, L50, M|3\/100\n|turn|9\n|\n|t:|1700094809\n|-terastallize|p1b: Ursaluna|Fairy\n|move|p2b: Grimmsnarl|Parting Shot|p1b: Ursaluna\n|-unboost|p1b: Ursaluna|atk|2\n|-unboost|p1b: Ursaluna|spa|2\n|\n|t:|1700094813\n|switch|p2b: Gyarados|Gyarados, L50, M|100\/100|[from] Parting Shot\n|-ability|p2b: Gyarados|Intimidate|boost\n|-unboost|p1a: Sinistcha|atk|1\n|-unboost|p1b: Ursaluna|atk|2\n|move|p1b: Ursaluna|Hyper Voice|p2a: Sinistcha|[spread] p2b\n|-immune|p2a: Sinistcha\n|-damage|p2b: Gyarados|0 fnt\n|faint|p2b: Gyarados\n|move|p1a: Sinistcha|Life Dew|p1a: Sinistcha|[spread] p1a,p1b\n|-heal|p1a: Sinistcha|98\/100 psn\n|-heal|p1b: Ursaluna|50\/100 psn\n|move|p2a: Sinistcha|Matcha Gotcha|p1b: Ursaluna|[spread] p1a,p1b\n|-resisted|p1a: Sinistcha\n|-damage|p1a: Sinistcha|85\/100 psn\n|-damage|p1b: Ursaluna|44\/100 psn\n|\n|-damage|p1b: Ursaluna|31\/100 psn|[from] psn\n|-damage|p1a: Sinistcha|73\/100 psn|[from] psn\n|upkeep\n|\n|t:|1700094830\n|switch|p2b: Grimmsnarl|Grimmsnarl, L50, M|3\/100\n|turn|10\n|\n|t:|1700094846\n|move|p2b: Grimmsnarl|Light Screen|p2b: Grimmsnarl\n|-sidestart|p2: Jard13255|move: Light Screen\n|move|p1b: Ursaluna|Hyper Voice|p2b: Grimmsnarl|[spread] p2b\n|-immune|p2a: Sinistcha\n|-damage|p2b: Grimmsnarl|0 fnt\n|faint|p2b: Grimmsnarl\n|move|p1a: Sinistcha|Life Dew|p1a: Sinistcha|[spread] p1a,p1b\n|-heal|p1a: Sinistcha|98\/100 psn\n|-heal|p1b: Ursaluna|56\/100 psn\n|move|p2a: Sinistcha|Hex|p1a: Sinistcha\n|-supereffective|p1a: Sinistcha\n|-damage|p1a: Sinistcha|0 fnt\n|faint|p1a: Sinistcha\n|\n|-damage|p1b: Ursaluna|44\/100 psn|[from] psn\n|upkeep\n|\n|t:|1700094862\n|switch|p1a: Grumpig|Grumpig, L50, M, shiny|18\/100 psn\n|turn|11\n|\n|t:|1700094882\n|move|p2a: Sinistcha|Protect|p2a: Sinistcha\n|-singleturn|p2a: Sinistcha|Protect\n|move|p1b: Ursaluna|Earth Power|p2a: Sinistcha\n|-activate|p2a: Sinistcha|move: Protect\n|move|p1a: Grumpig|Taunt|p2a: Sinistcha\n|-activate|p2a: Sinistcha|move: Protect\n|\n|-damage|p1b: Ursaluna|32\/100 psn|[from] psn\n|-damage|p1a: Grumpig|6\/100 psn|[from] psn\n|upkeep\n|turn|12\n|-message|AXELLARAMENA forfeited.\n|\n|win|Jard13255\n|raw|AXELLARAMENA's rating: 1131 &rarr; <strong>1105<\/strong><br \/>(-26 for losing)\n|raw|Jard13255's rating: 1114 &rarr; <strong>1140<\/strong><br \/>(+26 for winning)\n|l|\u2606AXELLARAMENA\n|c|\u2606Jard13255|gg\n","uploadtime":1700094903,"views":18,"p1id":"axellaramena","p2id":"jard13255","formatid":"gen9vgc2023regulatione","rating":1105,"private":0,"password":""}