{"id":"gen9vgc2023regulatione-1998141188","p1":"HazteTodos2","p2":"slmfjn","format":"[Gen 9] VGC 2023 Regulation E","log":"|j|\u2606HazteTodos2\n|j|\u2606slmfjn\n|t:|1700899174\n|gametype|doubles\n|player|p1|HazteTodos2|266|1065\n|player|p2|slmfjn|nate|1100\n|teamsize|p1|6\n|teamsize|p2|6\n|gen|9\n|tier|[Gen 9] VGC 2023 Regulation E\n|rated|\n|rule|Species Clause: Limit one of each Pok\u00e9mon\n|rule|Item Clause: Limit one of each item\n|clearpoke\n|poke|p1|Volcarona, L50, M|\n|poke|p1|Indeedee-F, L50, F|\n|poke|p1|Rillaboom, L50, F|\n|poke|p1|Roaring Moon, L50|\n|poke|p1|Tauros-Paldea-Aqua, L50, M|\n|poke|p1|Gholdengo, L50|\n|poke|p2|Arcanine-Hisui, L50, F|\n|poke|p2|Landorus-Therian, L50, M|\n|poke|p2|Chien-Pao, L50|\n|poke|p2|Amoonguss, L50, M|\n|poke|p2|Talonflame, L50, M|\n|poke|p2|Ogerpon-Hearthflame, L50, F|\n|teampreview|4\n|inactive|Battle timer is ON: inactive players will automatically lose when time's up. (requested by slmfjn)\n|inactive|HazteTodos2 has 60 seconds left.\n|\n|t:|1700899217\n|start\n|switch|p1a: Indeedee|Indeedee-F, L50, F|100\/100\n|switch|p1b: Volcarona|Volcarona, L50, M, shiny|100\/100\n|switch|p2a: Ogerpon|Ogerpon-Hearthflame, L50, F|100\/100\n|switch|p2b: Arcanine|Arcanine-Hisui, L50, F|100\/100\n|-ability|p2a: Ogerpon|Mold Breaker\n|-ability|p2b: Arcanine|Intimidate|boost\n|-unboost|p1a: Indeedee|atk|1\n|-fail|p1b: Volcarona|unboost|[from] item: Clear Amulet|[of] p1b: Volcarona\n|-fieldstart|move: Psychic Terrain|[from] ability: Psychic Surge|[of] p1a: Indeedee\n|-enditem|p1a: Indeedee|Psychic Seed\n|-boost|p1a: Indeedee|spd|1|[from] item: Psychic Seed\n|turn|1\n|inactive|slmfjn has 30 seconds left.\n|\n|t:|1700899249\n|move|p1a: Indeedee|Follow Me|p1a: Indeedee\n|-singleturn|p1a: Indeedee|move: Follow Me\n|move|p2a: Ogerpon|Ivy Cudgel|p1a: Indeedee|[anim] Ivy Cudgel Fire\n|-damage|p1a: Indeedee|39\/100\n|move|p2b: Arcanine|Head Smash|p1a: Indeedee\n|-damage|p1a: Indeedee|0 fnt\n|faint|p1a: Indeedee\n|-damage|p2b: Arcanine|81\/100|[from] Recoil\n|-damage|p2b: Arcanine|71\/100|[from] item: Life Orb\n|move|p1b: Volcarona|Quiver Dance|p1b: Volcarona\n|-boost|p1b: Volcarona|spa|1\n|-boost|p1b: Volcarona|spd|1\n|-boost|p1b: Volcarona|spe|1\n|\n|upkeep\n|inactive|HazteTodos2 has 30 seconds left.\n|\n|t:|1700899277\n|switch|p1a: Roaring Moon|Roaring Moon, L50|100\/100\n|-enditem|p1a: Roaring Moon|Booster Energy\n|-activate|p1a: Roaring Moon|ability: Protosynthesis|[fromitem]\n|-start|p1a: Roaring Moon|protosynthesisatk\n|turn|2\n|\n|t:|1700899301\n|-terastallize|p1b: Volcarona|Dragon\n|move|p2a: Ogerpon|Spiky Shield|p2a: Ogerpon\n|-singleturn|p2a: Ogerpon|move: Protect\n|move|p1b: Volcarona|Giga Drain|p2b: Arcanine\n|-damage|p2b: Arcanine|23\/100\n|move|p1a: Roaring Moon|Acrobatics|p2a: Ogerpon\n|-activate|p2a: Ogerpon|move: Protect\n|-damage|p1a: Roaring Moon|88\/100|[from] Spiky Shield|[of] p2a: Ogerpon\n|move|p2b: Arcanine|Rock Slide|p1a: Roaring Moon|[spread] p1a,p1b\n|-damage|p1a: Roaring Moon|47\/100\n|-damage|p1b: Volcarona|64\/100\n|-damage|p2b: Arcanine|13\/100|[from] item: Life Orb\n|\n|upkeep\n|turn|3\n|inactive|HazteTodos2 has 30 seconds left.\n|inactive|slmfjn has 30 seconds left.\n|\n|t:|1700899336\n|switch|p2a: Chien-Pao|Chien-Pao, L50|100\/100\n|-ability|p2a: Chien-Pao|Sword of Ruin\n|switch|p2b: Landorus|Landorus-Therian, L50, M|100\/100\n|-ability|p2b: Landorus|Intimidate|boost\n|-unboost|p1a: Roaring Moon|atk|1\n|-fail|p1b: Volcarona|unboost|[from] item: Clear Amulet|[of] p1b: Volcarona\n|move|p1b: Volcarona|Giga Drain|p2b: Landorus\n|-damage|p2b: Landorus|49\/100\n|-heal|p1b: Volcarona|89\/100|[from] drain|[of] p2b: Landorus\n|move|p1a: Roaring Moon|Acrobatics|p2a: Chien-Pao\n|-damage|p2a: Chien-Pao|47\/100\n|\n|upkeep\n|turn|4\n|\n|t:|1700899357\n|move|p2a: Chien-Pao|Protect|p2a: Chien-Pao\n|-singleturn|p2a: Chien-Pao|Protect\n|move|p1a: Roaring Moon|Protect|p1a: Roaring Moon\n|-singleturn|p1a: Roaring Moon|Protect\n|move|p2b: Landorus|U-turn|p1a: Roaring Moon\n|-activate|p1a: Roaring Moon|move: Protect\n|move|p1b: Volcarona|Fiery Dance|p2a: Chien-Pao\n|-activate|p2a: Chien-Pao|move: Protect\n|\n|upkeep\n|turn|5\n|\n|t:|1700899382\n|switch|p2a: Arcanine|Arcanine-Hisui, L50, F|13\/100\n|-ability|p2a: Arcanine|Intimidate|boost\n|-unboost|p1a: Roaring Moon|atk|1\n|-fail|p1b: Volcarona|unboost|[from] item: Clear Amulet|[of] p1b: Volcarona\n|-end|p1a: Roaring Moon|Protosynthesis|[silent]\n|switch|p1a: Tauros|Tauros-Paldea-Aqua, L50, M|100\/100\n|-ability|p1a: Tauros|Intimidate|boost\n|-unboost|p2a: Arcanine|atk|1\n|-unboost|p2b: Landorus|atk|1\n|move|p2b: Landorus|U-turn|p1a: Tauros\n|-resisted|p1a: Tauros\n|-damage|p1a: Tauros|90\/100\n|\n|t:|1700899404\n|switch|p2b: Ogerpon|Ogerpon-Hearthflame, L50, F|100\/100|[from] U-turn\n|-ability|p2b: Ogerpon|Mold Breaker\n|move|p1b: Volcarona|Fiery Dance|p2a: Arcanine\n|-resisted|p2a: Arcanine\n|-damage|p2a: Arcanine|0 fnt\n|faint|p2a: Arcanine\n|\n|-fieldend|move: Psychic Terrain\n|upkeep\n|\n|t:|1700899411\n|switch|p2a: Chien-Pao|Chien-Pao, L50|47\/100\n|-ability|p2a: Chien-Pao|Sword of Ruin\n|turn|6\n|\n|t:|1700899429\n|move|p2b: Ogerpon|Spiky Shield|p2b: Ogerpon\n|-singleturn|p2b: Ogerpon|move: Protect\n|move|p1b: Volcarona|Fiery Dance|p2a: Chien-Pao\n|-supereffective|p2a: Chien-Pao\n|-damage|p2a: Chien-Pao|0 fnt\n|faint|p2a: Chien-Pao\n|move|p1a: Tauros|Wave Crash|p2b: Ogerpon\n|-activate|p2b: Ogerpon|move: Protect\n|-damage|p1a: Tauros|78\/100|[from] Spiky Shield|[of] p2b: Ogerpon\n|\n|upkeep\n|\n|t:|1700899438\n|switch|p2a: Landorus|Landorus-Therian, L50, M|49\/100\n|-ability|p2a: Landorus|Intimidate|boost\n|-unboost|p1a: Tauros|atk|1\n|-fail|p1b: Volcarona|unboost|[from] item: Clear Amulet|[of] p1b: Volcarona\n|turn|7\n|\n|t:|1700899459\n|-terastallize|p2a: Landorus|Water\n|move|p2a: Landorus|Rock Slide|p1a: Tauros|[spread] p1a\n|-miss|p2a: Landorus|p1b: Volcarona\n|-resisted|p1a: Tauros\n|-damage|p1a: Tauros|67\/100\n|move|p1b: Volcarona|Fiery Dance|p2b: Ogerpon\n|-damage|p2b: Ogerpon|22\/100\n|move|p1a: Tauros|Wave Crash|p2a: Landorus\n|-resisted|p2a: Landorus\n|-damage|p2a: Landorus|23\/100\n|-damage|p1a: Tauros|58\/100|[from] Recoil\n|move|p2b: Ogerpon|Horn Leech|p1a: Tauros\n|-supereffective|p1a: Tauros\n|-damage|p1a: Tauros|0 fnt\n|-heal|p2b: Ogerpon|52\/100|[from] drain|[of] p1a: Tauros\n|faint|p1a: Tauros\n|\n|upkeep\n|\n|t:|1700899479\n|switch|p1a: Roaring Moon|Roaring Moon, L50|47\/100\n|turn|8\n|\n|t:|1700899498\n|move|p1a: Roaring Moon|Protect|p1a: Roaring Moon\n|-singleturn|p1a: Roaring Moon|Protect\n|move|p2a: Landorus|Rock Slide|p1b: Volcarona|[spread] p1b\n|-activate|p1a: Roaring Moon|move: Protect\n|-damage|p1b: Volcarona|64\/100\n|move|p1b: Volcarona|Giga Drain|p2a: Landorus\n|-supereffective|p2a: Landorus\n|-damage|p2a: Landorus|0 fnt\n|-heal|p1b: Volcarona|75\/100|[from] drain|[of] p2a: Landorus\n|faint|p2a: Landorus\n|move|p2b: Ogerpon|Play Rough|p1b: Volcarona\n|-supereffective|p1b: Volcarona\n|-damage|p1b: Volcarona|0 fnt\n|faint|p1b: Volcarona\n|\n|upkeep\n|turn|9\n|\n|t:|1700899517\n|move|p2b: Ogerpon|Play Rough|p1a: Roaring Moon\n|-supereffective|p1a: Roaring Moon\n|-damage|p1a: Roaring Moon|0 fnt\n|faint|p1a: Roaring Moon\n|-end|p1a: Roaring Moon|Protosynthesis|[silent]\n|\n|win|slmfjn\n|raw|HazteTodos2's rating: 1065 &rarr; <strong>1047<\/strong><br \/>(-18 for losing)\n|raw|slmfjn's rating: 1100 &rarr; <strong>1122<\/strong><br \/>(+22 for winning)\n|l|\u2606HazteTodos2\n","uploadtime":1700899592,"views":2,"p1id":"haztetodos2","p2id":"slmfjn","formatid":"gen9vgc2023regulatione","rating":1047,"private":0,"password":""}