{"id":"gen9vgc2023regulatione-1988378130","p1":"taterstotz","p2":"Hyuhao\u60f3\u8981\u5929\u6069","format":"[Gen 9] VGC 2023 Regulation E","log":"|j|\u2606taterstotz\n|j|\u2606Hyuhao\u60f3\u8981\u5929\u6069\n|t:|1699716084\n|gametype|doubles\n|player|p1|taterstotz|2|1502\n|player|p2|Hyuhao\u60f3\u8981\u5929\u6069|gardenia|1453\n|teamsize|p1|6\n|teamsize|p2|6\n|gen|9\n|tier|[Gen 9] VGC 2023 Regulation E\n|rated|\n|rule|Species Clause: Limit one of each Pok\u00e9mon\n|rule|Item Clause: Limit one of each item\n|clearpoke\n|poke|p1|Politoed, L50, M|\n|poke|p1|Zapdos, L50|\n|poke|p1|Landorus-Therian, L50, M|\n|poke|p1|Basculegion, L50, M|\n|poke|p1|Rillaboom, L50, F|\n|poke|p1|Grimmsnarl, L50, M|\n|poke|p2|Sableye, L50, M|\n|poke|p2|Espathra, L50, F|\n|poke|p2|Landorus, L50, M|\n|poke|p2|Chi-Yu, L50|\n|poke|p2|Iron Hands, L50|\n|poke|p2|Roaring Moon, L50|\n|teampreview|4\n|inactive|Battle timer is ON: inactive players will automatically lose when time's up. (requested by taterstotz)\ntaterstotz has agreed to open team sheets.\n|\n|t:|1699716110\n|start\n|switch|p1a: Landorus|Landorus-Therian, L50, M|100\/100\n|switch|p1b: Grimmsnarl|Grimmsnarl, L50, M|100\/100\n|switch|p2a: Sableye|Sableye, L50, M, shiny|100\/100\n|switch|p2b: Espathra|Espathra, L50, F, shiny|100\/100\n|-ability|p1a: Landorus|Intimidate|boost\n|-unboost|p2a: Sableye|atk|1\n|-unboost|p2b: Espathra|atk|1\n|turn|1\n|\n|t:|1699716125\n|move|p2a: Sableye|Detect|p2a: Sableye\n|-singleturn|p2a: Sableye|Protect\n|move|p2b: Espathra|Protect|p2b: Espathra\n|-singleturn|p2b: Espathra|Protect\n|move|p1b: Grimmsnarl|Fake Out|p2b: Espathra\n|-activate|p2b: Espathra|move: Protect\n|move|p1a: Landorus|U-turn|p2b: Espathra\n|-activate|p2b: Espathra|move: Protect\n|\n|-ability|p2b: Espathra|Speed Boost|boost\n|-boost|p2b: Espathra|spe|1\n|upkeep\n|turn|2\n|\n|t:|1699716143\n|move|p1b: Grimmsnarl|Thunder Wave|p2b: Espathra\n|-status|p2b: Espathra|par\n|move|p2a: Sableye|Gravity|p2a: Sableye\n|-fieldstart|move: Gravity\n|move|p1a: Landorus|U-turn|p2b: Espathra\n|-supereffective|p2b: Espathra\n|-damage|p2b: Espathra|33\/100 par\n|\n|t:|1699716150\n|switch|p1a: Politoed|Politoed, L50, M|100\/100|[from] U-turn\n|-weather|RainDance|[from] ability: Drizzle|[of] p1a: Politoed\n|move|p2b: Espathra|Hypnosis|p1a: Politoed\n|-status|p1a: Politoed|slp|[from] move: Hypnosis\n|\n|-weather|RainDance|[upkeep]\n|-ability|p2b: Espathra|Speed Boost|boost\n|-boost|p2b: Espathra|spe|1\n|upkeep\n|turn|3\n|\n|t:|1699716161\n|switch|p2a: Landorus|Landorus, L50, M, shiny|100\/100\n|cant|p1a: Politoed|slp\n|cant|p2b: Espathra|par\n|move|p1b: Grimmsnarl|Spirit Break|p2b: Espathra\n|-damage|p2b: Espathra|0 fnt\n|faint|p2b: Espathra\n|\n|-weather|RainDance|[upkeep]\n|upkeep\n|\n|t:|1699716176\n|switch|p2b: Roaring Moon|Roaring Moon, L50|100\/100\n|-enditem|p2b: Roaring Moon|Booster Energy\n|-activate|p2b: Roaring Moon|ability: Protosynthesis|[fromitem]\n|-start|p2b: Roaring Moon|protosynthesisspe\n|turn|4\n|\n|t:|1699716189\n|move|p2b: Roaring Moon|Protect|p2b: Roaring Moon\n|-singleturn|p2b: Roaring Moon|Protect\n|move|p1b: Grimmsnarl|Parting Shot|p2a: Landorus\n|-unboost|p2a: Landorus|atk|1\n|-unboost|p2a: Landorus|spa|1\n|\n|t:|1699716193\n|switch|p1b: Landorus|Landorus-Therian, L50, M|100\/100|[from] Parting Shot\n|-ability|p1b: Landorus|Intimidate|boost\n|-unboost|p2a: Landorus|atk|1\n|-unboost|p2b: Roaring Moon|atk|1\n|move|p2a: Landorus|Nasty Plot|p2a: Landorus\n|-boost|p2a: Landorus|spa|2\n|-curestatus|p1a: Politoed|slp|[msg]\n|move|p1a: Politoed|Icy Wind|p2a: Landorus|[spread] p2a\n|-activate|p2b: Roaring Moon|move: Protect\n|-supereffective|p2a: Landorus\n|-damage|p2a: Landorus|58\/100\n|-unboost|p2a: Landorus|spe|1\n|\n|-weather|RainDance|[upkeep]\n|upkeep\n|turn|5\n|\n|t:|1699716215\n|move|p2b: Roaring Moon|Tailwind|p2b: Roaring Moon\n|-sidestart|p2: Hyuhao\u60f3\u8981\u5929\u6069|move: Tailwind\n|move|p2a: Landorus|Sandsear Storm|p1b: Landorus|[spread] p1a,p1b\n|-damage|p1a: Politoed|38\/100\n|-damage|p1b: Landorus|0 fnt\n|faint|p1b: Landorus\n|move|p1a: Politoed|Icy Wind|p2a: Landorus|[spread] p2a,p2b\n|-supereffective|p2a: Landorus\n|-supereffective|p2b: Roaring Moon\n|-damage|p2a: Landorus|12\/100\n|-damage|p2b: Roaring Moon|82\/100\n|-unboost|p2a: Landorus|spe|1\n|-unboost|p2b: Roaring Moon|spe|1\n|\n|-weather|RainDance|[upkeep]\n|upkeep\n|\n|t:|1699716225\n|switch|p1b: Grimmsnarl|Grimmsnarl, L50, M|100\/100\n|turn|6\n|\n|t:|1699716234\n|-end|p2b: Roaring Moon|Protosynthesis|[silent]\n|switch|p2b: Sableye|Sableye, L50, M, shiny|100\/100\n|move|p2a: Landorus|Protect|p2a: Landorus\n|-singleturn|p2a: Landorus|Protect\n|move|p1b: Grimmsnarl|Fake Out|p2a: Landorus\n|-activate|p2a: Landorus|move: Protect\n|move|p1a: Politoed|Icy Wind|p2b: Sableye|[spread] p2b\n|-activate|p2a: Landorus|move: Protect\n|-damage|p2b: Sableye|90\/100\n|-unboost|p2b: Sableye|spe|1\n|-enditem|p2b: Sableye|Eject Button\n|\n|t:|1699716242\n|switch|p2b: Roaring Moon|Roaring Moon, L50|82\/100\n|\n|-weather|RainDance|[upkeep]\n|-fieldend|move: Gravity\n|upkeep\n|turn|7\n|\n|t:|1699716257\n|move|p2b: Roaring Moon|Acrobatics|p1b: Grimmsnarl\n|-damage|p1b: Grimmsnarl|58\/100\n|move|p2a: Landorus|Sandsear Storm|p1a: Politoed|[spread] p1a,p1b\n|-damage|p1a: Politoed|0 fnt\n|-damage|p1b: Grimmsnarl|0 fnt\n|faint|p1a: Politoed\n|faint|p1b: Grimmsnarl\n|\n|-weather|RainDance|[upkeep]\n|upkeep\n|\n|t:|1699716263\n|switch|p1b: Basculegion|Basculegion, L50, M|100\/100\n|turn|8\n|\n|t:|1699716269\n|-terastallize|p1b: Basculegion|Water\n|move|p2a: Landorus|Protect|p2a: Landorus\n|-singleturn|p2a: Landorus|Protect\n|move|p1b: Basculegion|Aqua Jet|p2a: Landorus\n|-activate|p2a: Landorus|move: Protect\n|move|p2b: Roaring Moon|Knock Off|p1b: Basculegion\n|-damage|p1b: Basculegion|45\/100\n|-enditem|p1b: Basculegion|Mystic Water|[from] move: Knock Off|[of] p2b: Roaring Moon\n|\n|-weather|RainDance|[upkeep]\n|-sideend|p2: Hyuhao\u60f3\u8981\u5929\u6069|move: Tailwind\n|upkeep\n|turn|9\n|-message|taterstotz forfeited.\n|\n|win|Hyuhao\u60f3\u8981\u5929\u6069\n|raw|taterstotz's rating: 1502 &rarr; <strong>1479<\/strong><br \/>(-23 for losing)\n|raw|Hyuhao\u60f3\u8981\u5929\u6069's rating: 1453 &rarr; <strong>1476<\/strong><br \/>(+23 for winning)\n","uploadtime":1699716288,"views":27,"p1id":"taterstotz","p2id":"hyuhao","formatid":"gen9vgc2023regulatione","rating":1476,"private":0,"password":""}