{"id":"gen9vgc2023regulatione-1996899733","p1":"Ychao","p2":"Niko highway","format":"[Gen 9] VGC 2023 Regulation E","log":"|j|\u2606Ychao\n|j|\u2606Niko highway\n|t:|1700742246\n|gametype|doubles\n|player|p1|Ychao|169|\n|player|p2|Niko highway|170|\n|teamsize|p1|6\n|teamsize|p2|6\n|gen|9\n|tier|[Gen 9] VGC 2023 Regulation E\n|rule|Species Clause: Limit one of each Pok\u00e9mon\n|rule|Item Clause: Limit one of each item\n|clearpoke\n|poke|p1|Iron Bundle, L50|\n|poke|p1|Abomasnow, L50, F|\n|poke|p1|Pelipper, L50, F|\n|poke|p1|Florges, L50, F|\n|poke|p1|Luxray, L50, F|\n|poke|p1|Maushold-Four, L50|\n|poke|p2|Bellibolt, L50, M|\n|poke|p2|Overqwil, L50, F|\n|poke|p2|Klawf, L50, M|\n|poke|p2|Baxcalibur, L50, F|\n|poke|p2|Hatterene, L50, F|\n|poke|p2|Rillaboom, L50, F|\n|teampreview|4\n|\n|t:|1700742298\n|start\n|switch|p1a: Iron Bundle|Iron Bundle, L50|100\/100\n|switch|p1b: Florges|Florges, L50, F|100\/100\n|switch|p2a: Rillaboom|Rillaboom, L50, F|100\/100\n|switch|p2b: Bellibolt|Bellibolt, L50, M|100\/100\n|-fieldstart|move: Grassy Terrain|[from] ability: Grassy Surge|[of] p2a: Rillaboom\n|-enditem|p1a: Iron Bundle|Booster Energy\n|-activate|p1b: Florges|ability: Symbiosis|Weakness Policy|[of] p1a: Iron Bundle\n|-activate|p1a: Iron Bundle|ability: Quark Drive|[fromitem]\n|-start|p1a: Iron Bundle|quarkdrivespe\n|turn|1\n|j| postman7534216\n|inactive|Battle timer is ON: inactive players will automatically lose when time's up. (requested by Niko highway)\n|inactiveoff|Battle timer is now OFF.\n|\n|t:|1700742366\n|move|p2a: Rillaboom|Grassy Glide|p1a: Iron Bundle\n|-supereffective|p1a: Iron Bundle\n|-damage|p1a: Iron Bundle|0 fnt\n|faint|p1a: Iron Bundle\n|-end|p1a: Iron Bundle|Quark Drive|[silent]\n|move|p1b: Florges|Moonblast|p2a: Rillaboom\n|-damage|p2a: Rillaboom|44\/100\n|move|p2b: Bellibolt|Thunderbolt|p1b: Florges\n|-damage|p1b: Florges|70\/100\n|\n|-heal|p2a: Rillaboom|50\/100|[from] Grassy Terrain\n|-heal|p1b: Florges|76\/100|[from] Grassy Terrain\n|upkeep\n|\n|t:|1700742396\n|switch|p1a: Abomasnow|Abomasnow, L50, F|100\/100\n|-weather|Snow|[from] ability: Snow Warning|[of] p1a: Abomasnow\n|turn|2\n|\n|t:|1700742421\n|move|p2a: Rillaboom|Wood Hammer|p1b: Florges\n|-damage|p1b: Florges|0 fnt\n|faint|p1b: Florges\n|-damage|p2a: Rillaboom|27\/100|[from] Recoil\n|move|p1a: Abomasnow|Blizzard|p2b: Bellibolt|[spread] p2a,p2b\n|-supereffective|p2a: Rillaboom\n|-damage|p2a: Rillaboom|0 fnt\n|-damage|p2b: Bellibolt|69\/100\n|-start|p2b: Bellibolt|Charge|Blizzard|[from] ability: Electromorphosis\n|faint|p2a: Rillaboom\n|move|p2b: Bellibolt|Weather Ball|p1a: Abomasnow\n|-damage|p1a: Abomasnow|67\/100\n|\n|-weather|Snow|[upkeep]\n|-heal|p1a: Abomasnow|73\/100|[from] Grassy Terrain\n|-heal|p2b: Bellibolt|75\/100|[from] Grassy Terrain\n|upkeep\n|\n|t:|1700742445\n|switch|p2a: Baxcalibur|Baxcalibur, L50, F|100\/100\n|switch|p1b: Luxray|Luxray, L50, F|100\/100\n|-ability|p1b: Luxray|Intimidate|boost\n|-unboost|p2a: Baxcalibur|atk|1\n|-unboost|p2b: Bellibolt|atk|1\n|turn|3\n|\n|t:|1700742463\n|-terastallize|p2a: Baxcalibur|Fire\n|-terastallize|p1b: Luxray|Fairy\n|move|p2a: Baxcalibur|Swords Dance|p2a: Baxcalibur\n|-boost|p2a: Baxcalibur|atk|2\n|move|p1b: Luxray|Play Rough|p2a: Baxcalibur\n|-resisted|p2a: Baxcalibur\n|-damage|p2a: Baxcalibur|78\/100\n|move|p1a: Abomasnow|Blizzard|p2b: Bellibolt|[spread] p2a,p2b\n|-resisted|p2a: Baxcalibur\n|-damage|p2a: Baxcalibur|58\/100\n|-damage|p2b: Bellibolt|42\/100\n|-start|p2b: Bellibolt|Charge|Blizzard|[from] ability: Electromorphosis\n|move|p2b: Bellibolt|Weather Ball|p1b: Luxray\n|-damage|p1b: Luxray|77\/100\n|\n|-weather|Snow|[upkeep]\n|-heal|p2a: Baxcalibur|64\/100|[from] Grassy Terrain\n|-heal|p1b: Luxray|83\/100|[from] Grassy Terrain\n|-heal|p1a: Abomasnow|79\/100|[from] Grassy Terrain\n|-heal|p2b: Bellibolt|48\/100|[from] Grassy Terrain\n|upkeep\n|turn|4\n|\n|t:|1700742495\n|move|p2a: Baxcalibur|Icicle Spear|p1b: Luxray\n|-damage|p1b: Luxray|57\/100\n|-damage|p1b: Luxray|30\/100\n|-damage|p1b: Luxray|8\/100\n|-damage|p1b: Luxray|0 fnt\n|faint|p1b: Luxray\n|-hitcount|p1: Luxray|4\n|move|p1a: Abomasnow|Blizzard|p2a: Baxcalibur|[spread] p2a,p2b\n|-resisted|p2a: Baxcalibur\n|-damage|p2a: Baxcalibur|48\/100\n|-damage|p2b: Bellibolt|15\/100\n|-start|p2b: Bellibolt|Charge|Blizzard|[from] ability: Electromorphosis\n|move|p2b: Bellibolt|Slack Off|p2b: Bellibolt\n|-heal|p2b: Bellibolt|65\/100\n|\n|-weather|Snow|[upkeep]\n|-heal|p2a: Baxcalibur|54\/100|[from] Grassy Terrain\n|-heal|p1a: Abomasnow|85\/100|[from] Grassy Terrain\n|-heal|p2b: Bellibolt|71\/100|[from] Grassy Terrain\n|upkeep\n|turn|5\n|-message|Ychao forfeited.\n|\n|win|Niko highway\n|l|\u2606Ychao\n","uploadtime":1700742888,"views":19,"p1id":"ychao","p2id":"nikohighway","formatid":"gen9vgc2023regulatione","rating":0,"private":0,"password":""}