{"id":"gen9vgc2023regulatione-1995682967","p1":"Mortipherus","p2":"TheOgreVGC","format":"[Gen 9] VGC 2023 Regulation E","log":"|j|\u2606Mortipherus\n|j|\u2606TheOgreVGC\n|n|\u2606Mortipherus|mortipherus\n|n|\u2606TheOgreVGC|theogrevgc\n|html|View the match progress at <a href=\"\/game-bestof3-gen9vgc2023regulatione-1995682966\">game-bestof3-gen9vgc2023regulatione-1995682966<\/a>\n|t:|1700593609\n|gametype|doubles\n|player|p1|Mortipherus|biker-gen4|\n|player|p2|TheOgreVGC|1|\n|teamsize|p1|6\n|teamsize|p2|6\n|gen|9\n|tier|[Gen 9] VGC 2023 Regulation E\n|rule|Species Clause: Limit one of each Pok\u00e9mon\n|rule|Item Clause: Limit one of each item\n|clearpoke\n|poke|p1|Gholdengo, L50|\n|poke|p1|Roaring Moon, L50|\n|poke|p1|Iron Hands, L50|\n|poke|p1|Ogerpon-Hearthflame, L50, F|\n|poke|p1|Landorus-Therian, L50, M|\n|poke|p1|Flutter Mane, L50|\n|poke|p2|Ogerpon-Hearthflame, L50, F|\n|poke|p2|Regidrago, L50|\n|poke|p2|Rillaboom, L50, F|\n|poke|p2|Gholdengo, L50|\n|poke|p2|Tornadus, L50, M|\n|poke|p2|Urshifu-*, L50, M|\n|teampreview|4\nTheOgreVGC has agreed to open team sheets.\nMortipherus has agreed to open team sheets.\n|showteam|p1|Gholdengo||Leftovers|GoodasGold|Protect,NastyPlot,MakeItRain,ShadowBall||||||50|,,,,,Dragon]Roaring Moon||BoosterEnergy|Protosynthesis|Protect,Tailwind,KnockOff,Acrobatics||||||50|,,,,,Flying]Iron Hands||AssaultVest|QuarkDrive|FakeOut,DrainPunch,WildCharge,HeavySlam||||||50|,,,,,Fire]Ogerpon-Hearthflame||HearthflameMask|MoldBreaker|SpikyShield,SwordsDance,IvyCudgel,HornLeech|||F|||50|,,,,,Fire]Landorus-Therian||ChoiceScarf|Intimidate|StompingTantrum,TeraBlast,RockSlide,Uturn|||M|||50|,,,,,Flying]Flutter Mane||FairyFeather|Protosynthesis|Protect,Substitute,Moonblast,ShadowBall||||||50|,,,,,Fairy\n|showteam|p2|Ogerpon-Hearthflame||HearthflameMask|MoldBreaker|IvyCudgel,GrassyGlide,FollowMe,SpikyShield|||F|||50|,,,,,Fire]Regidrago||DragonFang|DragonsMaw|DragonEnergy,DracoMeteor,EarthPower,Protect||||||50|,,,,,Steel]Rillaboom||AssaultVest|GrassySurge|WoodHammer,FakeOut,HighHorsepower,GrassyGlide|||F|||50|,,,,,Fire]Gholdengo||ChoiceSpecs|GoodasGold|MakeItRain,ShadowBall,Thunderbolt,Trick||||||50|,,,,,Steel]Tornadus||FocusSash|Prankster|BleakwindStorm,Protect,IcyWind,Tailwind|||M|||50|,,,,,Ghost]Urshifu-Rapid-Strike||ChoiceScarf|UnseenFist|SurgingStrikes,Uturn,CloseCombat,AquaJet|||M|||50|,,,,,Water\n|\n|t:|1700593651\n|start\n|switch|p1a: Gholdengo|Gholdengo, L50|100\/100\n|switch|p1b: Roaring Moon|Roaring Moon, L50, shiny|100\/100\n|switch|p2a: Tornadus|Tornadus, L50, M|100\/100\n|switch|p2b: Gholdengo|Gholdengo, L50|100\/100\n|-enditem|p1b: Roaring Moon|Booster Energy\n|-activate|p1b: Roaring Moon|ability: Protosynthesis|[fromitem]\n|-start|p1b: Roaring Moon|protosynthesisspe\n|turn|1\n|\n|t:|1700593671\n|-terastallize|p2b: Gholdengo|Steel\n|move|p2a: Tornadus|Tailwind|p2a: Tornadus\n|-sidestart|p2: TheOgreVGC|move: Tailwind\n|move|p1b: Roaring Moon|Knock Off|p2b: Gholdengo\n|-damage|p2b: Gholdengo|57\/100\n|-enditem|p2b: Gholdengo|Choice Specs|[from] move: Knock Off|[of] p1b: Roaring Moon\n|move|p2b: Gholdengo|Make It Rain|p1b: Roaring Moon|[spread] p1a,p1b\n|-resisted|p1a: Gholdengo\n|-damage|p1a: Gholdengo|70\/100\n|-damage|p1b: Roaring Moon|44\/100\n|-unboost|p2b: Gholdengo|spa|1\n|move|p1a: Gholdengo|Nasty Plot|p1a: Gholdengo\n|-boost|p1a: Gholdengo|spa|2\n|\n|-heal|p1a: Gholdengo|77\/100|[from] item: Leftovers\n|upkeep\n|turn|2\n|\n|t:|1700593699\n|move|p1a: Gholdengo|Protect|p1a: Gholdengo\n|-singleturn|p1a: Gholdengo|Protect\n|move|p2a: Tornadus|Icy Wind|p1b: Roaring Moon|[spread] p1b\n|-activate|p1a: Gholdengo|move: Protect\n|-supereffective|p1b: Roaring Moon\n|-damage|p1b: Roaring Moon|22\/100\n|-unboost|p1b: Roaring Moon|spe|1\n|move|p2b: Gholdengo|Shadow Ball|p1a: Gholdengo\n|-activate|p1a: Gholdengo|move: Protect\n|move|p1b: Roaring Moon|Tailwind|p1b: Roaring Moon\n|-sidestart|p1: Mortipherus|move: Tailwind\n|\n|-heal|p1a: Gholdengo|83\/100|[from] item: Leftovers\n|upkeep\n|turn|3\n|\n|t:|1700593720\n|-terastallize|p1a: Gholdengo|Dragon\n|move|p1b: Roaring Moon|Knock Off|p2a: Tornadus\n|-damage|p2a: Tornadus|32\/100\n|-enditem|p2a: Tornadus|Focus Sash|[from] move: Knock Off|[of] p1b: Roaring Moon\n|move|p2a: Tornadus|Icy Wind|p1a: Gholdengo|[spread] p1a,p1b\n|-supereffective|p1a: Gholdengo\n|-supereffective|p1b: Roaring Moon\n|-damage|p1a: Gholdengo|53\/100\n|-damage|p1b: Roaring Moon|0 fnt\n|-unboost|p1a: Gholdengo|spe|1\n|faint|p1b: Roaring Moon\n|-end|p1b: Roaring Moon|Protosynthesis|[silent]\n|move|p2b: Gholdengo|Shadow Ball|p1a: Gholdengo\n|-damage|p1a: Gholdengo|26\/100\n|move|p1a: Gholdengo|Make It Rain|p2a: Tornadus|[spread] p2a,p2b\n|-resisted|p2b: Gholdengo\n|-damage|p2a: Tornadus|0 fnt\n|-damage|p2b: Gholdengo|7\/100\n|-unboost|p1a: Gholdengo|spa|1\n|faint|p2a: Tornadus\n|\n|-heal|p1a: Gholdengo|32\/100|[from] item: Leftovers\n|upkeep\n|\n|t:|1700593743\n|switch|p1b: Iron Hands|Iron Hands, L50|100\/100\n|switch|p2a: Urshifu|Urshifu-Rapid-Strike, L50, M|100\/100\n|turn|4\n|\n|t:|1700593774\n|move|p1a: Gholdengo|Protect|p1a: Gholdengo\n|-singleturn|p1a: Gholdengo|Protect\n|move|p2a: Urshifu|U-turn|p1a: Gholdengo\n|-damage|p1a: Gholdengo|6\/100\n|\n|t:|1700593779\n|switch|p2a: Regidrago|Regidrago, L50|100\/100|[from] U-turn\n|move|p2b: Gholdengo|Make It Rain|p1a: Gholdengo|[spread] p1b\n|-activate|p1a: Gholdengo|move: Protect\n|-resisted|p1b: Iron Hands\n|-damage|p1b: Iron Hands|90\/100\n|-unboost|p2b: Gholdengo|spa|1\n|move|p1b: Iron Hands|Wild Charge|p2a: Regidrago\n|-resisted|p2a: Regidrago\n|-damage|p2a: Regidrago|73\/100\n|-damage|p1b: Iron Hands|82\/100|[from] Recoil\n|\n|-heal|p1a: Gholdengo|12\/100|[from] item: Leftovers\n|-sideend|p2: TheOgreVGC|move: Tailwind\n|upkeep\n|turn|5\n|\n|t:|1700593800\n|move|p2a: Regidrago|Protect|p2a: Regidrago\n|-singleturn|p2a: Regidrago|Protect\n|move|p1a: Gholdengo|Make It Rain|p2b: Gholdengo|[spread] p2b\n|-activate|p2a: Regidrago|move: Protect\n|-resisted|p2b: Gholdengo\n|-damage|p2b: Gholdengo|0 fnt\n|-unboost|p1a: Gholdengo|spa|1\n|faint|p2b: Gholdengo\n|move|p1b: Iron Hands|Drain Punch|p2a: Regidrago\n|-activate|p2a: Regidrago|move: Protect\n|\n|-heal|p1a: Gholdengo|19\/100|[from] item: Leftovers\n|-sideend|p1: Mortipherus|move: Tailwind\n|upkeep\n|\n|t:|1700593809\n|switch|p2b: Urshifu|Urshifu-Rapid-Strike, L50, M|100\/100\n|turn|6\n|\n|t:|1700593818\n|switch|p1a: Landorus|Landorus-Therian, L50, M|100\/100\n|-ability|p1a: Landorus|Intimidate|boost\n|-unboost|p2a: Regidrago|atk|1\n|-unboost|p2b: Urshifu|atk|1\n|move|p2b: Urshifu|Surging Strikes|p1b: Iron Hands\n|-crit|p1b: Iron Hands\n|-damage|p1b: Iron Hands|65\/100\n|-crit|p1b: Iron Hands\n|-damage|p1b: Iron Hands|51\/100\n|-crit|p1b: Iron Hands\n|-damage|p1b: Iron Hands|34\/100\n|-hitcount|p1b: Iron Hands|3\n|move|p2a: Regidrago|Dragon Energy|p1b: Iron Hands|[spread] p1a,p1b\n|-damage|p1a: Landorus|23\/100\n|-damage|p1b: Iron Hands|0 fnt\n|faint|p1b: Iron Hands\n|-end|p1b: Iron Hands|Quark Drive|[silent]\n|\n|upkeep\n|\n|t:|1700593832\n|switch|p1b: Gholdengo|Gholdengo, L50, tera:Dragon|19\/100\n|turn|7\n|\n|t:|1700593843\n|move|p2b: Urshifu|Surging Strikes|p1b: Gholdengo\n|-resisted|p1b: Gholdengo\n|-crit|p1b: Gholdengo\n|-damage|p1b: Gholdengo|8\/100\n|-resisted|p1b: Gholdengo\n|-crit|p1b: Gholdengo\n|-damage|p1b: Gholdengo|0 fnt\n|faint|p1b: Gholdengo\n|-hitcount|p1: Gholdengo|2\n|move|p1a: Landorus|Rock Slide|p2b: Urshifu|[spread] p2a,p2b\n|-resisted|p2b: Urshifu\n|-damage|p2a: Regidrago|50\/100\n|-damage|p2b: Urshifu|90\/100\n|move|p2a: Regidrago|Dragon Energy|p1a: Landorus\n|-damage|p1a: Landorus|0 fnt\n|faint|p1a: Landorus\n|\n|win|TheOgreVGC\n|c|&|\/uhtml prompt-theogrevgc,TheOgreVGC is ready for game 2!\n|inactive|Mortipherus has 50 seconds to confirm battle start!\n|c|&|\/uhtml prompt-mortipherus,Mortipherus is ready for game 2!\nBoth players are ready! Starting next match!\n","uploadtime":1700594506,"views":1,"p1id":"mortipherus","p2id":"theogrevgc","formatid":"gen9vgc2023regulatione","rating":0,"private":0,"password":""}