{"id":"gen9vgc2023regulatione-1989849814","p1":"Rexluser","p2":"vNiles","format":"[Gen 9] VGC 2023 Regulation E","log":"|j|\u2606Rexluser\n|j|\u2606vNiles\n|t:|1699900901\n|gametype|doubles\n|player|p1|Rexluser|169|1015\n|player|p2|vNiles|1|1120\n|teamsize|p1|6\n|teamsize|p2|6\n|gen|9\n|tier|[Gen 9] VGC 2023 Regulation E\n|rated|\n|rule|Species Clause: Limit one of each Pok\u00e9mon\n|rule|Item Clause: Limit one of each item\n|clearpoke\n|poke|p1|Enamorus, L50, F|\n|poke|p1|Passimian, L50, M|\n|poke|p1|Dugtrio-Alola, L50, M|\n|poke|p1|Tornadus, L50, M|\n|poke|p1|Farigiraf, L50, F|\n|poke|p1|Rillaboom, L50, F|\n|poke|p2|Sandslash-Alola, L50, F|\n|poke|p2|Abomasnow, L50, M|\n|poke|p2|Iron Hands, L50|\n|poke|p2|Landorus-Therian, L50, M|\n|poke|p2|Ogerpon-Hearthflame, L50, F|\n|poke|p2|Rotom-Wash, L50|\n|teampreview|4\n|inactive|Battle timer is ON: inactive players will automatically lose when time's up. (requested by vNiles)\n|inactive|vNiles has 60 seconds left.\n|\n|t:|1699900935\n|start\n|switch|p1a: Enamorus|Enamorus, L50, F|100\/100\n|switch|p1b: Passimian|Passimian, L50, M|100\/100\n|switch|p2a: Ogerpon|Ogerpon-Hearthflame, L50, F|100\/100\n|switch|p2b: Iron Hands|Iron Hands, L50|100\/100\n|-ability|p2a: Ogerpon|Mold Breaker\n|-enditem|p2b: Iron Hands|Booster Energy\n|-activate|p2b: Iron Hands|ability: Quark Drive|[fromitem]\n|-start|p2b: Iron Hands|quarkdriveatk\n|turn|1\n|inactive|vNiles has 30 seconds left.\n|\n|t:|1699900962\n|-terastallize|p2a: Ogerpon|Fire\n|detailschange|p2a: Ogerpon|Ogerpon-Hearthflame-Tera, L50, F, tera:Fire\n|-ability|p2a: Ogerpon|Embody Aspect (Hearthflame)|boost\n|-boost|p2a: Ogerpon|atk|1\n|move|p1b: Passimian|Protect|p1b: Passimian\n|-singleturn|p1b: Passimian|Protect\n|move|p2b: Iron Hands|Fake Out|p1a: Enamorus\n|-damage|p1a: Enamorus|74\/100\n|move|p2a: Ogerpon|Ivy Cudgel|p1a: Enamorus\n|-damage|p1a: Enamorus|0 fnt\n|faint|p1a: Enamorus\n|-ability|p1b: Passimian|Contrary|[from] ability: Receiver|[of] p1a: Enamorus\n|\n|upkeep\n|\n|t:|1699900984\n|switch|p1a: Farigiraf|Farigiraf, L50, F|100\/100\n|turn|2\n|\n|t:|1699901000\n|-terastallize|p1b: Passimian|Fire\n|move|p2a: Ogerpon|Knock Off|p1a: Farigiraf\n|-supereffective|p1a: Farigiraf\n|-damage|p1a: Farigiraf|2\/100\n|-damage|p2a: Ogerpon|84\/100|[from] item: Rocky Helmet|[of] p1a: Farigiraf\n|-enditem|p1a: Farigiraf|Rocky Helmet|[from] move: Knock Off|[of] p2a: Ogerpon\n|move|p1b: Passimian|Close Combat|p2a: Ogerpon\n|-damage|p2a: Ogerpon|17\/100\n|-boost|p1b: Passimian|def|1\n|-boost|p1b: Passimian|spd|1\n|move|p2b: Iron Hands|Drain Punch|p1b: Passimian\n|-damage|p1b: Passimian|63\/100\n|move|p1a: Farigiraf|Trick Room|p1a: Farigiraf\n|-fieldstart|move: Trick Room|[of] p1a: Farigiraf\n|\n|-heal|p1b: Passimian|69\/100|[from] item: Leftovers\n|upkeep\n|turn|3\n|inactive|Rexluser has 30 seconds left.\n|inactive|vNiles has 30 seconds left.\n|\n|t:|1699901032\n|move|p2a: Ogerpon|Protect|p2a: Ogerpon\n|-singleturn|p2a: Ogerpon|Protect\n|move|p1a: Farigiraf|Dazzling Gleam|p2b: Iron Hands|[spread] p2b\n|-activate|p2a: Ogerpon|move: Protect\n|-supereffective|p2b: Iron Hands\n|-damage|p2b: Iron Hands|67\/100\n|move|p2b: Iron Hands|Drain Punch|p1a: Farigiraf\n|-damage|p1a: Farigiraf|0 fnt\n|-heal|p2b: Iron Hands|68\/100|[from] drain|[of] p1a: Farigiraf\n|faint|p1a: Farigiraf\n|move|p1b: Passimian|Close Combat|p2b: Iron Hands\n|-damage|p2b: Iron Hands|25\/100\n|-boost|p1b: Passimian|def|1\n|-boost|p1b: Passimian|spd|1\n|\n|-heal|p1b: Passimian|75\/100|[from] item: Leftovers\n|upkeep\n|\n|t:|1699901049\n|switch|p1a: Dugtrio|Dugtrio-Alola, L50, M|100\/100\n|turn|4\n|\n|t:|1699901067\n|move|p2b: Iron Hands|Drain Punch|p1a: Dugtrio\n|-supereffective|p1a: Dugtrio\n|-damage|p1a: Dugtrio|0 fnt\n|-heal|p2b: Iron Hands|56\/100|[from] drain|[of] p1a: Dugtrio\n|-ability|p1a: Dugtrio|Tangling Hair\n|-unboost|p2b: Iron Hands|spe|1\n|faint|p1a: Dugtrio\n|move|p1b: Passimian|Close Combat|p2a: Ogerpon\n|-damage|p2a: Ogerpon|0 fnt\n|-boost|p1b: Passimian|def|1\n|-boost|p1b: Passimian|spd|1\n|faint|p2a: Ogerpon\n|\n|-heal|p1b: Passimian|81\/100|[from] item: Leftovers\n|upkeep\n|\n|t:|1699901084\n|switch|p2a: Abomasnow|Abomasnow, L50, M|100\/100\n|-weather|Snow|[from] ability: Snow Warning|[of] p2a: Abomasnow\n|turn|5\n|\n|t:|1699901093\n|move|p2b: Iron Hands|Drain Punch|p1b: Passimian\n|-damage|p1b: Passimian|58\/100\n|-heal|p2b: Iron Hands|66\/100|[from] drain|[of] p1b: Passimian\n|move|p2a: Abomasnow|Aurora Veil|p2a: Abomasnow\n|-sidestart|p2: vNiles|move: Aurora Veil\n|move|p1b: Passimian|Iron Head|p2a: Abomasnow\n|-supereffective|p2a: Abomasnow\n|-damage|p2a: Abomasnow|80\/100\n|\n|-weather|Snow|[upkeep]\n|-heal|p1b: Passimian|64\/100|[from] item: Leftovers\n|upkeep\n|turn|6\n|\n|t:|1699901115\n|switch|p2a: Landorus|Landorus-Therian, L50, M|100\/100\n|-ability|p2a: Landorus|Intimidate|boost\n|-boost|p1b: Passimian|atk|1\n|move|p2b: Iron Hands|Drain Punch|p1b: Passimian\n|-damage|p1b: Passimian|39\/100\n|-heal|p2b: Iron Hands|77\/100|[from] drain|[of] p1b: Passimian\n|move|p1b: Passimian|Close Combat|p2b: Iron Hands\n|-damage|p2b: Iron Hands|36\/100\n|-boost|p1b: Passimian|def|1\n|-boost|p1b: Passimian|spd|1\n|\n|-weather|Snow|[upkeep]\n|-heal|p1b: Passimian|46\/100|[from] item: Leftovers\n|-fieldend|move: Trick Room\n|upkeep\n|turn|7\n|inactive|vNiles has 30 seconds left.\n|\n|t:|1699901140\n|-end|p2b: Iron Hands|Quark Drive|[silent]\n|switch|p2b: Abomasnow|Abomasnow, L50, M|80\/100\n|move|p2a: Landorus|Rock Slide|p1b: Passimian|[miss]\n|-miss|p2a: Landorus|p1b: Passimian\n|move|p1b: Passimian|Drain Punch|p2a: Landorus\n|-resisted|p2a: Landorus\n|-damage|p2a: Landorus|79\/100\n|-heal|p1b: Passimian|55\/100|[from] drain|[of] p2a: Landorus\n|\n|-weather|Snow|[upkeep]\n|-heal|p1b: Passimian|61\/100|[from] item: Leftovers\n|upkeep\n|turn|8\n|\n|t:|1699901164\n|move|p2a: Landorus|Rock Slide|p1b: Passimian\n|-supereffective|p1b: Passimian\n|-damage|p1b: Passimian|42\/100\n|move|p1b: Passimian|Drain Punch|p2b: Abomasnow\n|-supereffective|p2b: Abomasnow\n|-crit|p2b: Abomasnow\n|-damage|p2b: Abomasnow|0 fnt\n|-heal|p1b: Passimian|80\/100|[from] drain|[of] p2b: Abomasnow\n|faint|p2b: Abomasnow\n|\n|-weather|Snow|[upkeep]\n|-heal|p1b: Passimian|86\/100|[from] item: Leftovers\n|upkeep\n|\n|t:|1699901175\n|switch|p2b: Iron Hands|Iron Hands, L50|36\/100\n|turn|9\n|inactive|Rexluser has 30 seconds left.\n|inactive|Rexluser has 20 seconds left.\n|inactive|Rexluser has 15 seconds left.\n|inactive|Rexluser has 10 seconds left.\n|\n|t:|1699901224\n|move|p2b: Iron Hands|Fake Out|p1b: Passimian\n|-damage|p1b: Passimian|80\/100\n|move|p2a: Landorus|Rock Slide|p1b: Passimian\n|-supereffective|p1b: Passimian\n|-damage|p1b: Passimian|60\/100\n|cant|p1b: Passimian|flinch\n|\n|-weather|none\n|-heal|p1b: Passimian|66\/100|[from] item: Leftovers\n|-sideend|p2: vNiles|move: Aurora Veil\n|upkeep\n|turn|10\n|\n|t:|1699901243\n|move|p2a: Landorus|Rock Slide|p1b: Passimian\n|-supereffective|p1b: Passimian\n|-damage|p1b: Passimian|48\/100\n|move|p1b: Passimian|Drain Punch|p2b: Iron Hands\n|-damage|p2b: Iron Hands|0 fnt\n|-heal|p1b: Passimian|69\/100|[from] drain|[of] p2b: Iron Hands\n|faint|p2b: Iron Hands\n|-end|p2b: Iron Hands|Quark Drive|[silent]\n|\n|-heal|p1b: Passimian|75\/100|[from] item: Leftovers\n|upkeep\n|turn|11\n|-message|vNiles forfeited.\n|\n|win|Rexluser\n|raw|Rexluser's rating: 1015 &rarr; <strong>1064<\/strong><br \/>(+49 for winning)\n|raw|vNiles's rating: 1120 &rarr; <strong>1088<\/strong><br \/>(-32 for losing)\n|l|\u2606vNiles\n","uploadtime":1699901263,"views":11,"p1id":"rexluser","p2id":"vniles","formatid":"gen9vgc2023regulatione","rating":1064,"private":0,"password":""}