{"id":"gen9vgc2023regulatione-1989972576","p1":"felixxOrozco","p2":"neverword77","format":"[Gen 9] VGC 2023 Regulation E","log":"|j|\u2606felixxOrozco\n|j|\u2606neverword77\n|n|\u2606felixxOrozco|felixxorozco\n|n|\u2606neverword77|neverword77\n|html|View the match progress at <a href=\"\/game-bestof3-gen9vgc2023regulatione-1989967470\">game-bestof3-gen9vgc2023regulatione-1989967470<\/a>\n|t:|1699911473\n|gametype|doubles\n|player|p1|felixxOrozco|veteranf|\n|player|p2|neverword77|pokemaniac|\n|teamsize|p1|6\n|teamsize|p2|6\n|gen|9\n|tier|[Gen 9] VGC 2023 Regulation E\n|rule|Species Clause: Limit one of each Pok\u00e9mon\n|rule|Item Clause: Limit one of each item\n|clearpoke\n|poke|p1|Kingambit, L50, M|\n|poke|p1|Flutter Mane, L50|\n|poke|p1|Cresselia, L50, F|\n|poke|p1|Tornadus, L50, M|\n|poke|p1|Iron Hands, L50|\n|poke|p1|Chi-Yu, L50|\n|poke|p2|Arcanine-Hisui, L50, F|\n|poke|p2|Urshifu-*, L50, M|\n|poke|p2|Iron Hands, L50|\n|poke|p2|Flutter Mane, L50|\n|poke|p2|Tornadus, L50, M|\n|poke|p2|Chien-Pao, L50|\n|teampreview|4\n|c|\u2606felixxOrozco|Acabemos esto rapido\nneverword77 has agreed to open team sheets.\n|inactive|Battle timer is ON: inactive players will automatically lose when time's up. (requested by neverword77)\n|j| Lugia\u25bc\u25b2\u00b2JP\n|c| Lugia\u25bc\u25b2\u00b2JP|vamos neverword ra ra ra\n|\n|t:|1699911519\n|start\n|switch|p1a: Ventisca|Tornadus, L50, M|100\/100\n|switch|p1b: Chi-Yu|Chi-Yu, L50|100\/100\n|switch|p2a: Iron Hands|Iron Hands, L50|100\/100\n|switch|p2b: Flutter Mane|Flutter Mane, L50|100\/100\n|-ability|p1b: Chi-Yu|Beads of Ruin\n|-enditem|p2b: Flutter Mane|Booster Energy\n|-activate|p2b: Flutter Mane|ability: Protosynthesis|[fromitem]\n|-start|p2b: Flutter Mane|protosynthesisspe\n|turn|1\n|c|\u2606neverword77|daleeee\n|inactive|neverword77 has 30 seconds left.\n|inactive|neverword77 has 20 seconds left.\n|\n|t:|1699911557\n|switch|p1b: Flutter Mane|Flutter Mane, L50|100\/100\n|move|p2a: Iron Hands|Fake Out|p1b: Flutter Mane\n|-immune|p1b: Flutter Mane\n|move|p1a: Ventisca|Tailwind|p1a: Ventisca\n|-sidestart|p1: felixxOrozco|move: Tailwind\n|move|p2b: Flutter Mane|Dazzling Gleam|p1b: Flutter Mane|[spread] p1a,p1b\n|-damage|p1a: Ventisca|68\/100\n|-damage|p1b: Flutter Mane|68\/100\n|\n|upkeep\n|turn|2\n|inactive|felixxOrozco has 30 seconds left.\n|\n|t:|1699911589\n|move|p2b: Flutter Mane|Protect|p2b: Flutter Mane\n|-singleturn|p2b: Flutter Mane|Protect\n|move|p1a: Ventisca|Sunny Day|p1a: Ventisca\n|-weather|SunnyDay\n|-activate|p1b: Flutter Mane|ability: Protosynthesis\n|-start|p1b: Flutter Mane|protosynthesisspa\n|move|p1b: Flutter Mane|Dazzling Gleam|p2b: Flutter Mane|[spread] p2a\n|-activate|p2b: Flutter Mane|move: Protect\n|-supereffective|p2a: Iron Hands\n|-damage|p2a: Iron Hands|51\/100\n|move|p2a: Iron Hands|Heavy Slam|p1b: Flutter Mane\n|-supereffective|p1b: Flutter Mane\n|-damage|p1b: Flutter Mane|0 fnt\n|faint|p1b: Flutter Mane\n|-end|p1b: Flutter Mane|Protosynthesis|[silent]\n|\n|-weather|SunnyDay|[upkeep]\n|upkeep\n|\n|t:|1699911593\n|switch|p1b: Chi-Yu|Chi-Yu, L50|100\/100\n|-ability|p1b: Chi-Yu|Beads of Ruin\n|turn|3\n|inactive|neverword77 has 30 seconds left.\n|inactive|neverword77 has 20 seconds left.\n|c|\u2606felixxOrozco|Tik tok\n|inactive|neverword77 has 15 seconds left.\n|c|\u2606felixxOrozco|Tik tak\n|\n|t:|1699911636\n|-terastallize|p2b: Flutter Mane|Fairy\n|-terastallize|p1b: Chi-Yu|Ghost\n|move|p2b: Flutter Mane|Dazzling Gleam|p1b: Chi-Yu|[spread] p1a,p1b\n|-crit|p1a: Ventisca\n|-damage|p1a: Ventisca|0 fnt\n|-damage|p1b: Chi-Yu|47\/100\n|faint|p1a: Ventisca\n|move|p1b: Chi-Yu|Heat Wave|p2b: Flutter Mane|[spread] p2a,p2b\n|-damage|p2a: Iron Hands|0 fnt\n|-damage|p2b: Flutter Mane|0 fnt\n|faint|p2a: Iron Hands\n|-end|p2a: Iron Hands|Quark Drive|[silent]\n|faint|p2b: Flutter Mane\n|-end|p2b: Flutter Mane|Protosynthesis|[silent]\n|\n|-weather|SunnyDay|[upkeep]\n|upkeep\n|\n|t:|1699911648\n|switch|p2b: Arcanine|Arcanine-Hisui, L50, F|100\/100\n|switch|p1a: Iron Hands|Iron Hands, L50|100\/100\n|switch|p2a: Urshifu|Urshifu-Rapid-Strike, L50, M|100\/100\n|-ability|p2b: Arcanine|Intimidate|boost\n|-unboost|p1a: Iron Hands|atk|1\n|-unboost|p1b: Chi-Yu|atk|1\n|turn|4\n|\n|t:|1699911663\n|move|p2a: Urshifu|Protect|p2a: Urshifu\n|-singleturn|p2a: Urshifu|Protect\n|move|p2b: Arcanine|Protect|p2b: Arcanine\n|-singleturn|p2b: Arcanine|Protect\n|move|p1a: Iron Hands|Fake Out|p2b: Arcanine\n|-activate|p2b: Arcanine|move: Protect\n|move|p1b: Chi-Yu|Heat Wave|p2b: Arcanine|[spread] \n|-activate|p2a: Urshifu|move: Protect\n|-activate|p2b: Arcanine|move: Protect\n|\n|-weather|SunnyDay|[upkeep]\n|-sideend|p1: felixxOrozco|move: Tailwind\n|upkeep\n|turn|5\n|inactive|neverword77 has 30 seconds left.\n|inactive|neverword77 has 20 seconds left.\n|\n|t:|1699911700\n|move|p2a: Urshifu|Close Combat|p1a: Iron Hands\n|-damage|p1a: Iron Hands|60\/100\n|-unboost|p2a: Urshifu|def|1\n|-unboost|p2a: Urshifu|spd|1\n|move|p2b: Arcanine|Flare Blitz|p1a: Iron Hands\n|-damage|p1a: Iron Hands|2\/100\n|-damage|p2b: Arcanine|73\/100|[from] Recoil\n|move|p1b: Chi-Yu|Heat Wave|p2b: Arcanine|[spread] p2a\n|-miss|p1b: Chi-Yu|p2b: Arcanine\n|-resisted|p2a: Urshifu\n|-damage|p2a: Urshifu|0 fnt\n|faint|p2a: Urshifu\n|move|p1a: Iron Hands|Drain Punch|p2b: Arcanine\n|-supereffective|p2b: Arcanine\n|-damage|p2b: Arcanine|0 fnt\n|-heal|p1a: Iron Hands|28\/100|[from] drain|[of] p2b: Arcanine\n|faint|p2b: Arcanine\n|\n|win|felixxOrozco\n|inactive|felixxOrozco has 50 seconds to confirm battle start!\n|inactive|neverword77 has 50 seconds to confirm battle start!\n|c|&|\/uhtml prompt-felixxorozco,felixxOrozco is ready for game 3!\n|c|&|\/uhtml prompt-neverword77,neverword77 is ready for game 3!\nBoth players are ready! Starting next match!\n|l| Lugia\u25bc\u25b2\u00b2JP\n|l|\u2606neverword77\n","uploadtime":1699912073,"views":13,"p1id":"felixxorozco","p2id":"neverword77","formatid":"gen9vgc2023regulatione","rating":0,"private":0,"password":""}