{"id":"gen9vgc2023regulatione-1994207186","p1":"lure shell","p2":"RakeVGC","format":"[Gen 9] VGC 2023 Regulation E","log":"|j|\u2606lure shell\n|j|\u2606RakeVGC\n|n|\u2606lure shell|lureshell\n|n|\u2606RakeVGC|rakevgc\n|html|View the match progress at <a href=\"\/game-bestof3-gen9vgc2023regulatione-1994198306\">game-bestof3-gen9vgc2023regulatione-1994198306<\/a>\n|t:|1700418930\n|gametype|doubles\n|player|p1|lure shell|steven|\n|player|p2|RakeVGC|cynthia-gen4|\n|teamsize|p1|6\n|teamsize|p2|6\n|gen|9\n|tier|[Gen 9] VGC 2023 Regulation E\n|rule|Species Clause: Limit one of each Pok\u00e9mon\n|rule|Item Clause: Limit one of each item\n|clearpoke\n|poke|p1|Iron Hands, L50|\n|poke|p1|Roaring Moon, L50|\n|poke|p1|Chien-Pao, L50|\n|poke|p1|Flutter Mane, L50|\n|poke|p1|Amoonguss, L50, M|\n|poke|p1|Heatran, L50, M|\n|poke|p2|Arcanine-Hisui, L50, F|\n|poke|p2|Urshifu-*, L50, F|\n|poke|p2|Indeedee-F, L50, F|\n|poke|p2|Rillaboom, L50, M|\n|poke|p2|Flutter Mane, L50|\n|poke|p2|Iron Bundle, L50|\n|teampreview|4\nlure shell has agreed to open team sheets.\n|\n|t:|1700418958\n|start\n|switch|p1a: Iron Hands|Iron Hands, L50|100\/100\n|switch|p1b: Heatran|Heatran, L50, M|100\/100\n|switch|p2a: Rillaboom|Rillaboom, L50, M|100\/100\n|switch|p2b: Flutter Mane|Flutter Mane, L50|100\/100\n|-fieldstart|move: Grassy Terrain|[from] ability: Grassy Surge|[of] p2a: Rillaboom\n|turn|1\n|\n|t:|1700418987\n|move|p2a: Rillaboom|Fake Out|p1b: Heatran\n|-resisted|p1b: Heatran\n|-damage|p1b: Heatran|94\/100\n|move|p2b: Flutter Mane|Shadow Ball|p1b: Heatran\n|-crit|p1b: Heatran\n|-damage|p1b: Heatran|19\/100\n|-unboost|p1b: Heatran|spd|1\n|cant|p1b: Heatran|flinch\n|move|p1a: Iron Hands|Heavy Slam|p2b: Flutter Mane\n|-supereffective|p2b: Flutter Mane\n|-damage|p2b: Flutter Mane|0 fnt\n|faint|p2b: Flutter Mane\n|-end|p2b: Flutter Mane|Protosynthesis|[silent]\n|\n|-heal|p1b: Heatran|25\/100|[from] Grassy Terrain\n|-heal|p1b: Heatran|31\/100|[from] item: Leftovers\n|upkeep\n|\n|t:|1700419005\n|switch|p2b: Urshifu|Urshifu-Rapid-Strike, L50, F|100\/100\n|turn|2\n|\n|t:|1700419032\n|switch|p1b: Amoonguss|Amoonguss, L50, M|100\/100\n|-terastallize|p2a: Rillaboom|Grass\n|move|p2b: Urshifu|Surging Strikes|p1a: Iron Hands\n|-crit|p1a: Iron Hands\n|-damage|p1a: Iron Hands|87\/100\n|-crit|p1a: Iron Hands\n|-damage|p1a: Iron Hands|72\/100\n|-crit|p1a: Iron Hands\n|-damage|p1a: Iron Hands|60\/100\n|-hitcount|p1a: Iron Hands|3\n|move|p2a: Rillaboom|Wood Hammer|p1a: Iron Hands\n|-damage|p1a: Iron Hands|0 fnt\n|faint|p1a: Iron Hands\n|-end|p1a: Iron Hands|Quark Drive|[silent]\n|-damage|p2a: Rillaboom|76\/100|[from] Recoil\n|\n|-heal|p2a: Rillaboom|82\/100|[from] Grassy Terrain\n|upkeep\n|\n|t:|1700419047\n|switch|p1a: Heatran|Heatran, L50, M|31\/100\n|turn|3\n|\n|t:|1700419061\n|switch|p2a: Arcanine|Arcanine-Hisui, L50, F|100\/100\n|-ability|p2a: Arcanine|Intimidate|boost\n|-unboost|p1a: Heatran|atk|1\n|-unboost|p1b: Amoonguss|atk|1\n|move|p1b: Amoonguss|Rage Powder|p1b: Amoonguss\n|-singleturn|p1b: Amoonguss|move: Rage Powder\n|move|p2b: Urshifu|Surging Strikes|p1b: Amoonguss\n|-resisted|p1b: Amoonguss\n|-crit|p1b: Amoonguss\n|-damage|p1b: Amoonguss|93\/100\n|-resisted|p1b: Amoonguss\n|-crit|p1b: Amoonguss\n|-damage|p1b: Amoonguss|85\/100\n|-resisted|p1b: Amoonguss\n|-crit|p1b: Amoonguss\n|-damage|p1b: Amoonguss|77\/100\n|-hitcount|p1b: Amoonguss|3\n|move|p1a: Heatran|Heat Wave|p2a: Arcanine|[spread] p2a,p2b\n|-resisted|p2a: Arcanine\n|-resisted|p2b: Urshifu\n|-damage|p2a: Arcanine|88\/100\n|-damage|p2b: Urshifu|71\/100\n|\n|-heal|p2b: Urshifu|77\/100|[from] Grassy Terrain\n|-heal|p2a: Arcanine|94\/100|[from] Grassy Terrain\n|-heal|p2a: Arcanine|99\/100|[from] item: Leftovers\n|-heal|p1a: Heatran|37\/100|[from] Grassy Terrain\n|-heal|p1a: Heatran|44\/100|[from] item: Leftovers\n|-heal|p1b: Amoonguss|83\/100|[from] Grassy Terrain\n|upkeep\n|turn|4\n|\n|t:|1700419101\n|switch|p2b: Rillaboom|Rillaboom, L50, M, tera:Grass|82\/100\n|-terastallize|p1b: Amoonguss|Water\n|move|p2a: Arcanine|Protect|p2a: Arcanine\n|-singleturn|p2a: Arcanine|Protect\n|move|p1b: Amoonguss|Rage Powder|p1b: Amoonguss\n|-singleturn|p1b: Amoonguss|move: Rage Powder\n|move|p1a: Heatran|Earth Power|p2a: Arcanine\n|-activate|p2a: Arcanine|move: Protect\n|\n|-heal|p2a: Arcanine|100\/100|[from] Grassy Terrain\n|-heal|p2b: Rillaboom|88\/100|[from] Grassy Terrain\n|-heal|p1a: Heatran|50\/100|[from] Grassy Terrain\n|-heal|p1a: Heatran|56\/100|[from] item: Leftovers\n|-heal|p1b: Amoonguss|89\/100|[from] Grassy Terrain\n|upkeep\n|turn|5\n|\n|t:|1700419145\n|move|p1b: Amoonguss|Protect|p1b: Amoonguss\n|-singleturn|p1b: Amoonguss|Protect\n|move|p2a: Arcanine|Rock Slide|p1a: Heatran|[spread] p1a\n|-activate|p1b: Amoonguss|move: Protect\n|-damage|p1a: Heatran|30\/100\n|move|p2b: Rillaboom|Wood Hammer|p1a: Heatran\n|-resisted|p1a: Heatran\n|-damage|p1a: Heatran|0 fnt\n|faint|p1a: Heatran\n|-damage|p2b: Rillaboom|79\/100|[from] Recoil\n|\n|-heal|p2b: Rillaboom|85\/100|[from] Grassy Terrain\n|-heal|p1b: Amoonguss|95\/100|[from] Grassy Terrain\n|-fieldend|move: Grassy Terrain\n|upkeep\n|\n|t:|1700419158\n|switch|p1a: Roaring Moon|Roaring Moon, L50|100\/100\n|-enditem|p1a: Roaring Moon|Booster Energy\n|-activate|p1a: Roaring Moon|ability: Protosynthesis|[fromitem]\n|-start|p1a: Roaring Moon|protosynthesisspe\n|turn|6\n|\n|t:|1700419212\n|switch|p2a: Urshifu|Urshifu-Rapid-Strike, L50, F|77\/100\n|move|p1a: Roaring Moon|Protect|p1a: Roaring Moon\n|-singleturn|p1a: Roaring Moon|Protect\n|move|p2b: Rillaboom|Protect|p2b: Rillaboom\n|-singleturn|p2b: Rillaboom|Protect\n|move|p1b: Amoonguss|Spore|p2a: Urshifu\n|-status|p2a: Urshifu|slp|[from] move: Spore\n|\n|upkeep\n|turn|7\n|\n|t:|1700419267\n|switch|p2b: Arcanine|Arcanine-Hisui, L50, F|100\/100\n|-ability|p2b: Arcanine|Intimidate|boost\n|-unboost|p1a: Roaring Moon|atk|1\n|-unboost|p1b: Amoonguss|atk|1\n|move|p1b: Amoonguss|Protect|p1b: Amoonguss\n|-singleturn|p1b: Amoonguss|Protect\n|move|p1a: Roaring Moon|Acrobatics|p2b: Arcanine\n|-resisted|p2b: Arcanine\n|-damage|p2b: Arcanine|86\/100\n|cant|p2a: Urshifu|slp\n|\n|-heal|p2b: Arcanine|92\/100|[from] item: Leftovers\n|upkeep\n|turn|8\n|\n|t:|1700419282\n|move|p2b: Arcanine|Protect|p2b: Arcanine\n|-singleturn|p2b: Arcanine|Protect\n|move|p1a: Roaring Moon|Acrobatics|p2a: Urshifu\n|-supereffective|p2a: Urshifu\n|-damage|p2a: Urshifu|23\/100 slp\n|cant|p2a: Urshifu|slp\n|move|p1b: Amoonguss|Spore|p2b: Arcanine\n|-activate|p2b: Arcanine|move: Protect\n|\n|-heal|p2b: Arcanine|98\/100|[from] item: Leftovers\n|upkeep\n|turn|9\n|\n|t:|1700419306\n|switch|p2b: Rillaboom|Rillaboom, L50, M, tera:Grass|85\/100\n|-fieldstart|move: Grassy Terrain|[from] ability: Grassy Surge|[of] p2b: Rillaboom\n|move|p1a: Roaring Moon|Protect|p1a: Roaring Moon\n|-singleturn|p1a: Roaring Moon|Protect\n|cant|p2a: Urshifu|slp\n|move|p1b: Amoonguss|Spore|p2b: Rillaboom\n|-immune|p2b: Rillaboom\n|\n|-heal|p2a: Urshifu|29\/100 slp|[from] Grassy Terrain\n|-heal|p2b: Rillaboom|91\/100|[from] Grassy Terrain\n|-heal|p1b: Amoonguss|100\/100|[from] Grassy Terrain\n|upkeep\n|turn|10\n|\n|t:|1700419341\n|move|p1b: Amoonguss|Protect|p1b: Amoonguss\n|-singleturn|p1b: Amoonguss|Protect\n|move|p2b: Rillaboom|Fake Out|p1a: Roaring Moon\n|-damage|p1a: Roaring Moon|83\/100\n|cant|p1a: Roaring Moon|flinch\n|-curestatus|p2a: Urshifu|slp|[msg]\n|move|p2a: Urshifu|Close Combat|p1a: Roaring Moon\n|-supereffective|p1a: Roaring Moon\n|-damage|p1a: Roaring Moon|0 fnt\n|-unboost|p2a: Urshifu|def|1\n|-unboost|p2a: Urshifu|spd|1\n|faint|p1a: Roaring Moon\n|-end|p1a: Roaring Moon|Protosynthesis|[silent]\n|\n|-heal|p2a: Urshifu|35\/100|[from] Grassy Terrain\n|-heal|p2b: Rillaboom|97\/100|[from] Grassy Terrain\n|upkeep\n|turn|11\n|\n|t:|1700419363\n|move|p2a: Urshifu|Close Combat|p1b: Amoonguss\n|-damage|p1b: Amoonguss|55\/100\n|-unboost|p2a: Urshifu|def|1\n|-unboost|p2a: Urshifu|spd|1\n|move|p2b: Rillaboom|Wood Hammer|p1b: Amoonguss\n|-supereffective|p1b: Amoonguss\n|-damage|p1b: Amoonguss|0 fnt\n|faint|p1b: Amoonguss\n|-damage|p2b: Rillaboom|77\/100|[from] Recoil\n|\n|win|RakeVGC\n|l|\u2606lure shell\n","uploadtime":1700419492,"views":6,"p1id":"lureshell","p2id":"rakevgc","formatid":"gen9vgc2023regulatione","rating":0,"private":0,"password":""}