{"id":"gen9vgc2023regulatione-1999602338","p1":"LowEloGrind","p2":"m0mentum19","format":"[Gen 9] VGC 2023 Regulation E","log":"|j|\u2606LowEloGrind\n|j|\u2606m0mentum19\n|t:|1701100213\n|gametype|doubles\n|player|p1|LowEloGrind|1|1205\n|player|p2|m0mentum19|170|1287\n|teamsize|p1|6\n|teamsize|p2|6\n|gen|9\n|tier|[Gen 9] VGC 2023 Regulation E\n|rated|\n|rule|Species Clause: Limit one of each Pok\u00e9mon\n|rule|Item Clause: Limit one of each item\n|clearpoke\n|poke|p1|Iron Hands, L50|\n|poke|p1|Sinistcha, L50|\n|poke|p1|Arcanine-Hisui, L50, F|\n|poke|p1|Moltres-Galar, L50|\n|poke|p1|Iron Bundle, L50|\n|poke|p1|Ninetales-Alola, L50, F|\n|poke|p2|Urshifu-*, L50, F|\n|poke|p2|Flutter Mane, L50|\n|poke|p2|Tornadus, L50, M|\n|poke|p2|Gholdengo, L50|\n|poke|p2|Iron Hands, L50|\n|poke|p2|Arcanine-Hisui, L50, M|\n|teampreview|4\n|inactive|Battle timer is ON: inactive players will automatically lose when time's up. (requested by m0mentum19)\n|inactive|m0mentum19 has 60 seconds left.\n|\n|t:|1701100250\n|start\n|switch|p1a: Under the Tree|Iron Bundle, L50|100\/100\n|switch|p1b: Snowing!!!!!|Ninetales-Alola, L50, F|100\/100\n|switch|p2a: Tornadus|Tornadus, L50, M|100\/100\n|switch|p2b: Arcanine|Arcanine-Hisui, L50, M|100\/100\n|-weather|Snow|[from] ability: Snow Warning|[of] p1b: Snowing!!!!!\n|-ability|p2b: Arcanine|Intimidate|boost\n|-unboost|p1a: Under the Tree|atk|1\n|-unboost|p1b: Snowing!!!!!|atk|1\n|-enditem|p1a: Under the Tree|Booster Energy\n|-activate|p1a: Under the Tree|ability: Quark Drive|[fromitem]\n|-start|p1a: Under the Tree|quarkdrivespe\n|turn|1\n|inactive|m0mentum19 has 30 seconds left.\n|inactive|m0mentum19 has 20 seconds left.\n|inactive|m0mentum19 has 15 seconds left.\n|\n|t:|1701100293\n|move|p2a: Tornadus|Tailwind|p2a: Tornadus\n|-sidestart|p2: m0mentum19|move: Tailwind\n|move|p2b: Arcanine|Rock Slide|p1b: Snowing!!!!!|[spread] p1a,p1b\n|-supereffective|p1a: Under the Tree\n|-supereffective|p1b: Snowing!!!!!\n|-damage|p1a: Under the Tree|38\/100\n|-damage|p1b: Snowing!!!!!|31\/100\n|move|p1a: Under the Tree|Hydro Pump|p2b: Arcanine\n|-supereffective|p2b: Arcanine\n|-damage|p2b: Arcanine|0 fnt\n|faint|p2b: Arcanine\n|move|p1b: Snowing!!!!!|Aurora Veil|p1b: Snowing!!!!!\n|-sidestart|p1: LowEloGrind|move: Aurora Veil\n|\n|-weather|Snow|[upkeep]\n|upkeep\n|\n|t:|1701100307\n|switch|p2b: Iron Hands|Iron Hands, L50|100\/100\n|turn|2\n|\n|t:|1701100314\n|-end|p1a: Under the Tree|Quark Drive|[silent]\n|switch|p1a: Mint Hot Chocolate|Sinistcha, L50|100\/100\n|-heal|p1b: Snowing!!!!!|56\/100|[from] ability: Hospitality|[of] p1a: Mint Hot Chocolate\n|move|p2b: Iron Hands|Fake Out|p1a: Mint Hot Chocolate\n|-immune|p1a: Mint Hot Chocolate\n|move|p2a: Tornadus|Bleakwind Storm|p1b: Snowing!!!!!|[spread] p1a,p1b\n|-supereffective|p1a: Mint Hot Chocolate\n|-damage|p1a: Mint Hot Chocolate|62\/100\n|-damage|p1b: Snowing!!!!!|36\/100\n|-unboost|p1b: Snowing!!!!!|spe|1\n|move|p1b: Snowing!!!!!|Blizzard|p2a: Tornadus|[spread] p2a,p2b\n|-supereffective|p2a: Tornadus\n|-crit|p2b: Iron Hands\n|-damage|p2a: Tornadus|49\/100\n|-damage|p2b: Iron Hands|76\/100\n|\n|-weather|Snow|[upkeep]\n|upkeep\n|turn|3\n|\n|t:|1701100334\n|move|p2a: Tornadus|Bleakwind Storm|p1a: Mint Hot Chocolate|[spread] p1a\n|-miss|p2a: Tornadus|p1b: Snowing!!!!!\n|-supereffective|p1a: Mint Hot Chocolate\n|-damage|p1a: Mint Hot Chocolate|27\/100\n|move|p2b: Iron Hands|Wild Charge|p1a: Mint Hot Chocolate\n|-resisted|p1a: Mint Hot Chocolate\n|-damage|p1a: Mint Hot Chocolate|11\/100\n|-damage|p2b: Iron Hands|74\/100|[from] Recoil\n|move|p1b: Snowing!!!!!|Blizzard|p2a: Tornadus|[spread] p2a,p2b\n|-supereffective|p2a: Tornadus\n|-damage|p2a: Tornadus|0 fnt\n|-damage|p2b: Iron Hands|59\/100\n|faint|p2a: Tornadus\n|move|p1a: Mint Hot Chocolate|Strength Sap|p2b: Iron Hands\n|-unboost|p2b: Iron Hands|atk|1\n|-heal|p1a: Mint Hot Chocolate|100\/100\n|\n|-weather|Snow|[upkeep]\n|upkeep\n|\n|t:|1701100352\n|switch|p2a: Urshifu|Urshifu-Rapid-Strike, L50, F|100\/100\n|turn|4\n|\n|t:|1701100366\n|-terastallize|p2a: Urshifu|Water\n|move|p2a: Urshifu|Surging Strikes|p1a: Mint Hot Chocolate\n|-resisted|p1a: Mint Hot Chocolate\n|-crit|p1a: Mint Hot Chocolate\n|-damage|p1a: Mint Hot Chocolate|85\/100\n|-resisted|p1a: Mint Hot Chocolate\n|-crit|p1a: Mint Hot Chocolate\n|-damage|p1a: Mint Hot Chocolate|70\/100\n|-resisted|p1a: Mint Hot Chocolate\n|-crit|p1a: Mint Hot Chocolate\n|-damage|p1a: Mint Hot Chocolate|54\/100\n|-hitcount|p1a: Mint Hot Chocolate|3\n|move|p2b: Iron Hands|Drain Punch|p1b: Snowing!!!!!\n|-damage|p1b: Snowing!!!!!|19\/100\n|-heal|p2b: Iron Hands|65\/100|[from] drain|[of] p1b: Snowing!!!!!\n|move|p1b: Snowing!!!!!|Moonblast|p2a: Urshifu\n|-damage|p2a: Urshifu|56\/100\n|move|p1a: Mint Hot Chocolate|Matcha Gotcha|p2a: Urshifu|[spread] p2a,p2b\n|-supereffective|p2a: Urshifu\n|-damage|p2a: Urshifu|0 fnt\n|-heal|p1a: Mint Hot Chocolate|82\/100|[from] drain|[of] p2a: Urshifu\n|-damage|p2b: Iron Hands|49\/100\n|-heal|p1a: Mint Hot Chocolate|94\/100|[from] drain|[of] p2b: Iron Hands\n|faint|p2a: Urshifu\n|\n|-weather|Snow|[upkeep]\n|-sideend|p2: m0mentum19|move: Tailwind\n|upkeep\n|turn|5\n|inactive|LowEloGrind has 30 seconds left.\n|inactive|m0mentum19 has 30 seconds left.\n|-message|m0mentum19 forfeited.\n|\n|win|LowEloGrind\n|raw|LowEloGrind's rating: 1205 &rarr; <strong>1236<\/strong><br \/>(+31 for winning)\n|raw|m0mentum19's rating: 1287 &rarr; <strong>1256<\/strong><br \/>(-31 for losing)\n|l|\u2606m0mentum19\n","uploadtime":1701100403,"views":7,"p1id":"lowelogrind","p2id":"m0mentum19","formatid":"gen9vgc2023regulatione","rating":1236,"private":0,"password":""}