{"id":"gen9vgc2023regulatione-1990085432","p1":"project g1","p2":"Protostatus7","format":"[Gen 9] VGC 2023 Regulation E","log":"|j|\u2606project g1\n|j|\u2606Protostatus7\n|t:|1699922963\n|gametype|doubles\n|player|p1|project g1|102|1119\n|player|p2|Protostatus7|steven|1089\n|teamsize|p1|6\n|teamsize|p2|6\n|gen|9\n|tier|[Gen 9] VGC 2023 Regulation E\n|rated|\n|rule|Species Clause: Limit one of each Pok\u00e9mon\n|rule|Item Clause: Limit one of each item\n|clearpoke\n|poke|p1|Farigiraf, L50, M|\n|poke|p1|Amoonguss, L50, M|\n|poke|p1|Copperajah, L50, M|\n|poke|p1|Perrserker, L50, M|\n|poke|p1|Gholdengo, L50|\n|poke|p1|Scizor, L50, M|\n|poke|p2|Tornadus, L50, M|\n|poke|p2|Lilligant-Hisui, L50, F|\n|poke|p2|Haxorus, L50, M|\n|poke|p2|Rotom-Wash, L50|\n|poke|p2|Toedscruel, L50, M|\n|poke|p2|Arcanine-Hisui, L50, F|\n|teampreview|4\n|inactive|Battle timer is ON: inactive players will automatically lose when time's up. (requested by Protostatus7)\n|inactive|project g1 has 60 seconds left.\nProtostatus7 rejected open team sheets.\n|\n|t:|1699923034\n|start\n|switch|p1a: Perrserker|Perrserker, L50, M|100\/100\n|switch|p1b: Gholdengo|Gholdengo, L50|100\/100\n|switch|p2a: Toedscruel|Toedscruel, L50, M|100\/100\n|switch|p2b: Haxorus|Haxorus, L50, M|100\/100\n|-ability|p2b: Haxorus|Unnerve\n|turn|1\n|\n|t:|1699923046\n|-terastallize|p2b: Haxorus|Fire\n|-terastallize|p1b: Gholdengo|Steel\n|move|p1a: Perrserker|Fake Out|p2b: Haxorus\n|-damage|p2b: Haxorus|89\/100\n|cant|p2b: Haxorus|flinch\n|move|p1b: Gholdengo|Make It Rain|p2a: Toedscruel|[spread] p2a,p2b\n|-resisted|p2b: Haxorus\n|-damage|p2a: Toedscruel|11\/100\n|-damage|p2b: Haxorus|0 fnt\n|-unboost|p1b: Gholdengo|spa|1\n|faint|p2b: Haxorus\n|move|p2a: Toedscruel|Light Screen|p2a: Toedscruel\n|-sidestart|p2: Protostatus7|move: Light Screen\n|\n|-heal|p2a: Toedscruel|17\/100|[from] item: Leftovers\n|upkeep\n|\n|t:|1699923062\n|switch|p2b: Arcanine|Arcanine-Hisui, L50, F|100\/100\n|-ability|p2b: Arcanine|Intimidate|boost\n|-unboost|p1a: Perrserker|atk|1\n|-unboost|p1b: Gholdengo|atk|1\n|turn|2\n|\n|t:|1699923077\n|move|p2b: Arcanine|Flare Blitz|p1b: Gholdengo\n|-supereffective|p1b: Gholdengo\n|-damage|p1b: Gholdengo|0 fnt\n|faint|p1b: Gholdengo\n|-damage|p2b: Arcanine|69\/100|[from] Recoil\n|move|p1a: Perrserker|Knock Off|p2b: Arcanine\n|-damage|p2b: Arcanine|49\/100\n|-enditem|p2b: Arcanine|Sitrus Berry|[from] move: Knock Off|[of] p1a: Perrserker\n|move|p2a: Toedscruel|Reflect|p2a: Toedscruel\n|-sidestart|p2: Protostatus7|Reflect\n|\n|-heal|p2a: Toedscruel|22\/100|[from] item: Leftovers\n|upkeep\n|\n|t:|1699923085\n|switch|p1b: Scizor|Scizor, L50, M|100\/100\n|turn|3\n|\n|t:|1699923103\n|move|p2a: Toedscruel|Rage Powder|p2a: Toedscruel\n|-singleturn|p2a: Toedscruel|move: Rage Powder\n|move|p1b: Scizor|Bullet Punch|p2a: Toedscruel\n|-damage|p2a: Toedscruel|0 fnt\n|faint|p2a: Toedscruel\n|move|p2b: Arcanine|Flare Blitz|p1b: Scizor\n|-supereffective|p1b: Scizor\n|-damage|p1b: Scizor|0 fnt\n|faint|p1b: Scizor\n|-damage|p2b: Arcanine|16\/100|[from] Recoil\n|move|p1a: Perrserker|U-turn|p2b: Arcanine\n|-resisted|p2b: Arcanine\n|-damage|p2b: Arcanine|11\/100\n|\n|t:|1699923111\n|switch|p1a: Amoonguss|Amoonguss, L50, M|100\/100|[from] U-turn\n|\n|upkeep\n|\n|t:|1699923115\n|switch|p2a: Tornadus|Tornadus, L50, M|100\/100\n|switch|p1b: Perrserker|Perrserker, L50, M|100\/100\n|turn|4\n|\n|t:|1699923137\n|move|p2b: Arcanine|Protect|p2b: Arcanine\n|-singleturn|p2b: Arcanine|Protect\n|move|p1b: Perrserker|Fake Out|p2b: Arcanine\n|-activate|p2b: Arcanine|move: Protect\n|move|p2a: Tornadus|Taunt|p1a: Amoonguss\n|-start|p1a: Amoonguss|move: Taunt\n|cant|p1a: Amoonguss|move: Taunt|Spore\n|\n|upkeep\n|turn|5\n|inactive|Protostatus7 has 30 seconds left.\n|\n|t:|1699923163\n|move|p2a: Tornadus|Bleakwind Storm|p1b: Perrserker|[spread] p1b\n|-miss|p2a: Tornadus|p1a: Amoonguss\n|-resisted|p1b: Perrserker\n|-damage|p1b: Perrserker|89\/100\n|move|p2b: Arcanine|Flare Blitz|p1b: Perrserker\n|-supereffective|p1b: Perrserker\n|-damage|p1b: Perrserker|0 fnt\n|faint|p1b: Perrserker\n|-damage|p2b: Arcanine|0 fnt|[from] Recoil\n|faint|p2b: Arcanine\n|move|p1a: Amoonguss|Pollen Puff|p1: Perrserker|[notarget]\n|-fail|p1a: Amoonguss\n|\n|-sideend|p2: Protostatus7|move: Light Screen\n|upkeep\n|turn|6\n|\n|t:|1699923173\n|move|p2a: Tornadus|Bleakwind Storm|p1a: Amoonguss\n|-supereffective|p1a: Amoonguss\n|-damage|p1a: Amoonguss|43\/100\n|-enditem|p1a: Amoonguss|Sitrus Berry|[eat]\n|-heal|p1a: Amoonguss|67\/100|[from] item: Sitrus Berry\n|move|p1a: Amoonguss|Pollen Puff|p2a: Tornadus\n|-resisted|p2a: Tornadus\n|-damage|p2a: Tornadus|90\/100\n|\n|-end|p1a: Amoonguss|move: Taunt\n|-sideend|p2: Protostatus7|Reflect\n|upkeep\n|turn|7\n|\n|t:|1699923184\n|move|p2a: Tornadus|Taunt|p1a: Amoonguss\n|-start|p1a: Amoonguss|move: Taunt\n|move|p1a: Amoonguss|Pollen Puff|p2a: Tornadus\n|-resisted|p2a: Tornadus\n|-damage|p2a: Tornadus|81\/100\n|\n|upkeep\n|turn|8\n|\n|t:|1699923188\n|move|p2a: Tornadus|Bleakwind Storm|p1a: Amoonguss\n|-supereffective|p1a: Amoonguss\n|-damage|p1a: Amoonguss|2\/100\n|move|p1a: Amoonguss|Pollen Puff|p2a: Tornadus\n|-resisted|p2a: Tornadus\n|-damage|p2a: Tornadus|71\/100\n|\n|upkeep\n|turn|9\n|-message|project g1 forfeited.\n|\n|win|Protostatus7\n|raw|project g1's rating: 1119 &rarr; <strong>1092<\/strong><br \/>(-27 for losing)\n|raw|Protostatus7's rating: 1089 &rarr; <strong>1118<\/strong><br \/>(+29 for winning)\n|l|\u2606project g1\n|j|\u2606project g1\n|player|p1|project g1|102\n","uploadtime":1699923205,"views":34,"p1id":"projectg1","p2id":"protostatus7","formatid":"gen9vgc2023regulatione","rating":1092,"private":0,"password":""}