{"id":"gen9vgc2023regulatione-1990960658","p1":"Dunsnom","p2":"50Niko05","format":"[Gen 9] VGC 2023 Regulation E","log":"|j|\u2606Dunsnom\n|j|\u260650Niko05\n|t:|1700020102\n|gametype|doubles\n|player|p1|Dunsnom|supernerd|1064\n|player|p2|50Niko05|n|1171\n|teamsize|p1|6\n|teamsize|p2|6\n|gen|9\n|tier|[Gen 9] VGC 2023 Regulation E\n|rated|\n|rule|Species Clause: Limit one of each Pok\u00e9mon\n|rule|Item Clause: Limit one of each item\n|clearpoke\n|poke|p1|Politoed, L50, F|\n|poke|p1|Thundurus-Therian, L50, M|\n|poke|p1|Basculegion, L50, M|\n|poke|p1|Iron Hands, L50|\n|poke|p1|Sinistcha, L50|\n|poke|p1|Gholdengo, L50|\n|poke|p2|Hatterene, L50, F|\n|poke|p2|Garganacl, L50, M|\n|poke|p2|Indeedee-F, L50, F|\n|poke|p2|Rabsca, L50, F|\n|poke|p2|Houndstone, L50, M|\n|poke|p2|Golem-Alola, L50, F|\n|teampreview|4\n|\n|t:|1700020129\n|start\n|switch|p1a: Gholdengo|Gholdengo, L50|100\/100\n|switch|p1b: Sinistcha|Sinistcha, L50|100\/100\n|switch|p2a: Rabsca|Rabsca, L50, F|100\/100\n|switch|p2b: Golem|Golem-Alola, L50, F|100\/100\n|turn|1\n|\n|t:|1700020169\n|-terastallize|p2b: Golem|Grass\n|move|p1a: Gholdengo|Nasty Plot|p1a: Gholdengo\n|-boost|p1a: Gholdengo|spa|2\n|move|p2b: Golem|Fire Punch|p1a: Gholdengo\n|-supereffective|p1a: Gholdengo\n|-damage|p1a: Gholdengo|25\/100\n|move|p1b: Sinistcha|Trick Room|p1b: Sinistcha\n|-fieldstart|move: Trick Room|[of] p1b: Sinistcha\n|move|p2a: Rabsca|Trick Room|p2a: Rabsca\n|-fieldend|move: Trick Room\n|\n|-heal|p1a: Gholdengo|31\/100|[from] item: Leftovers\n|upkeep\n|turn|2\n|\n|t:|1700020189\n|move|p1b: Sinistcha|Rage Powder|p1b: Sinistcha\n|-singleturn|p1b: Sinistcha|move: Rage Powder\n|move|p1a: Gholdengo|Shadow Ball|p2a: Rabsca\n|-supereffective|p2a: Rabsca\n|-damage|p2a: Rabsca|0 fnt\n|faint|p2a: Rabsca\n|move|p2b: Golem|Fire Punch|p1a: Gholdengo\n|-supereffective|p1a: Gholdengo\n|-damage|p1a: Gholdengo|0 fnt\n|faint|p1a: Gholdengo\n|\n|upkeep\n|\n|t:|1700020199\n|switch|p1a: Iron Hands|Iron Hands, L50|100\/100\n|switch|p2a: Houndstone|Houndstone, L50, M|100\/100\n|turn|3\n|\n|t:|1700020218\n|move|p1a: Iron Hands|Fake Out|p2b: Golem\n|-damage|p2b: Golem|89\/100\n|move|p2a: Houndstone|Last Respects|p1b: Sinistcha\n|-supereffective|p1b: Sinistcha\n|-damage|p1b: Sinistcha|32\/100\n|move|p1b: Sinistcha|Matcha Gotcha|p2b: Golem|[spread] p2a,p2b\n|-resisted|p2b: Golem\n|-damage|p2a: Houndstone|74\/100\n|-heal|p1b: Sinistcha|45\/100|[from] drain|[of] p2a: Houndstone\n|-damage|p2b: Golem|73\/100\n|-heal|p1b: Sinistcha|54\/100|[from] drain|[of] p2b: Golem\n|-status|p2b: Golem|brn\n|cant|p2b: Golem|flinch\n|\n|-heal|p2a: Houndstone|80\/100|[from] item: Leftovers\n|-damage|p2b: Golem|67\/100 brn|[from] brn\n|upkeep\n|turn|4\n|\n|t:|1700020249\n|move|p2a: Houndstone|Last Respects|p1b: Sinistcha\n|-supereffective|p1b: Sinistcha\n|-damage|p1b: Sinistcha|0 fnt\n|faint|p1b: Sinistcha\n|move|p1a: Iron Hands|Wild Charge|p2a: Houndstone\n|-damage|p2a: Houndstone|57\/100\n|-damage|p1a: Iron Hands|96\/100|[from] Recoil\n|move|p2b: Golem|Fire Punch|p1a: Iron Hands\n|-damage|p1a: Iron Hands|83\/100\n|\n|-heal|p2a: Houndstone|63\/100|[from] item: Leftovers\n|-damage|p2b: Golem|61\/100 brn|[from] brn\n|upkeep\n|\n|t:|1700020261\n|switch|p1b: Politoed|Politoed, L50, F|100\/100\n|-weather|RainDance|[from] ability: Drizzle|[of] p1b: Politoed\n|turn|5\n|\n|t:|1700020273\n|move|p1b: Politoed|Weather Ball|p2a: Houndstone\n|-damage|p2a: Houndstone|13\/100\n|move|p2a: Houndstone|Will-O-Wisp|p1a: Iron Hands\n|-status|p1a: Iron Hands|brn\n|move|p1a: Iron Hands|Drain Punch|p2b: Golem\n|-damage|p2b: Golem|45\/100 brn\n|-heal|p1a: Iron Hands|90\/100 brn|[from] drain|[of] p2b: Golem\n|move|p2b: Golem|Fire Punch|p1b: Politoed\n|-resisted|p1b: Politoed\n|-damage|p1b: Politoed|97\/100\n|\n|-weather|RainDance|[upkeep]\n|-heal|p2a: Houndstone|19\/100|[from] item: Leftovers\n|-damage|p1a: Iron Hands|83\/100 brn|[from] brn\n|-damage|p2b: Golem|39\/100 brn|[from] brn\n|upkeep\n|turn|6\n|\n|t:|1700020292\n|move|p1b: Politoed|Weather Ball|p2a: Houndstone\n|-damage|p2a: Houndstone|0 fnt\n|faint|p2a: Houndstone\n|move|p1a: Iron Hands|Drain Punch|p2b: Golem\n|-damage|p2b: Golem|24\/100 brn\n|-heal|p1a: Iron Hands|89\/100 brn|[from] drain|[of] p2b: Golem\n|move|p2b: Golem|Fire Punch|p1a: Iron Hands\n|-damage|p1a: Iron Hands|82\/100 brn\n|\n|-weather|RainDance|[upkeep]\n|-damage|p1a: Iron Hands|76\/100 brn|[from] brn\n|-damage|p2b: Golem|18\/100 brn|[from] brn\n|upkeep\n|\n|t:|1700020295\n|switch|p2a: Garganacl|Garganacl, L50, M|100\/100\n|turn|7\n|\n|t:|1700020310\n|move|p1b: Politoed|Weather Ball|p2a: Garganacl\n|-supereffective|p2a: Garganacl\n|-damage|p2a: Garganacl|15\/100\n|move|p1a: Iron Hands|Drain Punch|p2a: Garganacl\n|-supereffective|p2a: Garganacl\n|-damage|p2a: Garganacl|0 fnt\n|-heal|p1a: Iron Hands|83\/100 brn|[from] drain|[of] p2a: Garganacl\n|faint|p2a: Garganacl\n|move|p2b: Golem|Fire Punch|p1a: Iron Hands\n|-damage|p1a: Iron Hands|76\/100 brn\n|\n|-weather|RainDance|[upkeep]\n|-damage|p1a: Iron Hands|70\/100 brn|[from] brn\n|-damage|p2b: Golem|12\/100 brn|[from] brn\n|upkeep\n|turn|8\n|-message|50Niko05 forfeited.\n|\n|win|Dunsnom\n|raw|Dunsnom's rating: 1064 &rarr; <strong>1103<\/strong><br \/>(+39 for winning)\n|raw|50Niko05's rating: 1171 &rarr; <strong>1139<\/strong><br \/>(-32 for losing)\n|l|\u260650Niko05\n","uploadtime":1700020329,"views":9,"p1id":"dunsnom","p2id":"50niko05","formatid":"gen9vgc2023regulatione","rating":1103,"private":0,"password":""}