{"id":"gen9vgc2023regulatione-1997822124","p1":"juliovpoke","p2":"doiexistfr","format":"[Gen 9] VGC 2023 Regulation E","log":"|j|\u2606juliovpoke\n|j|\u2606doiexistfr\n|t:|1700856425\n|gametype|doubles\n|player|p1|juliovpoke|iris|1093\n|player|p2|doiexistfr|cheren-gen5bw2|1000\n|teamsize|p1|6\n|teamsize|p2|6\n|gen|9\n|tier|[Gen 9] VGC 2023 Regulation E\n|rated|\n|rule|Species Clause: Limit one of each Pok\u00e9mon\n|rule|Item Clause: Limit one of each item\n|clearpoke\n|poke|p1|Oricorio-Pom-Pom, L50, F|\n|poke|p1|Volcarona, L50, M|\n|poke|p1|Indeedee-F, L50, F|\n|poke|p1|Lilligant-Hisui, L50, F|\n|poke|p1|Dipplin, L50, M|\n|poke|p1|Torkoal, L50, F|\n|poke|p2|Ceruledge, L50, F|\n|poke|p2|Rillaboom, L50, F|\n|poke|p2|Kilowattrel, L50, F|\n|poke|p2|Clefairy, L50, M|\n|poke|p2|Landorus-Therian, L50, M|\n|poke|p2|Sneasler, L50, M|\n|teampreview|4\n|inactive|Battle timer is ON: inactive players will automatically lose when time's up. (requested by juliovpoke)\n|inactive|doiexistfr has 60 seconds left.\n|\n|t:|1700856464\n|start\n|switch|p1a: Oricorio|Oricorio-Pom-Pom, L50, F|100\/100\n|switch|p1b: Volcarona|Volcarona, L50, M|100\/100\n|switch|p2a: Ceruledge|Ceruledge, L50, F|100\/100\n|switch|p2b: Landorus|Landorus-Therian, L50, M|100\/100\n|-ability|p2b: Landorus|Intimidate|boost\n|-unboost|p1a: Oricorio|atk|1\n|-unboost|p1b: Volcarona|atk|1\n|turn|1\n|\n|t:|1700856483\n|-terastallize|p1a: Oricorio|Ground\n|move|p2b: Landorus|Rock Slide|p1a: Oricorio|[spread] p1a\n|-miss|p2b: Landorus|p1b: Volcarona\n|-resisted|p1a: Oricorio\n|-damage|p1a: Oricorio|82\/100\n|move|p1b: Volcarona|Quiver Dance|p1b: Volcarona\n|-boost|p1b: Volcarona|spa|1\n|-boost|p1b: Volcarona|spd|1\n|-boost|p1b: Volcarona|spe|1\n|-activate|p1a: Oricorio|ability: Dancer\n|cant|p1a: Oricorio|flinch\n|cant|p1a: Oricorio|flinch\n|move|p2a: Ceruledge|Bulk Up|p2a: Ceruledge\n|-boost|p2a: Ceruledge|atk|1\n|-boost|p2a: Ceruledge|def|1\n|\n|upkeep\n|turn|2\n|inactive|doiexistfr has 30 seconds left.\n|\n|t:|1700856511\n|move|p2a: Ceruledge|Shadow Sneak|p1b: Volcarona\n|-damage|p1b: Volcarona|50\/100\n|move|p2b: Landorus|Rock Slide|p1a: Oricorio|[spread] p1a,p1b\n|-resisted|p1a: Oricorio\n|-supereffective|p1b: Volcarona\n|-damage|p1a: Oricorio|65\/100\n|-damage|p1b: Volcarona|0 fnt\n|faint|p1b: Volcarona\n|cant|p1a: Oricorio|flinch\n|\n|upkeep\n|c|\u2606juliovpoke|broooo\n|\n|t:|1700856525\n|switch|p1b: Indeedee|Indeedee-F, L50, F|100\/100\n|-fieldstart|move: Psychic Terrain|[from] ability: Psychic Surge|[of] p1b: Indeedee\n|turn|3\n|c|\u2606juliovpoke|double flinch is wild\n|\n|t:|1700856547\n|move|p2b: Landorus|Rock Slide|p1a: Oricorio|[spread] p1a\n|-miss|p2b: Landorus|p1b: Indeedee\n|-resisted|p1a: Oricorio\n|-damage|p1a: Oricorio|48\/100\n|move|p1b: Indeedee|Trick|p2a: Ceruledge\n|-activate|p1b: Indeedee|move: Trick|[of] p2a: Ceruledge\n|-item|p2a: Ceruledge|Choice Scarf|[from] move: Trick\n|-item|p1b: Indeedee|Leftovers|[from] move: Trick\n|move|p2a: Ceruledge|Bulk Up|p2a: Ceruledge\n|-boost|p2a: Ceruledge|atk|1\n|-boost|p2a: Ceruledge|def|1\n|cant|p1a: Oricorio|flinch\n|\n|upkeep\n|turn|4\n|c|\u2606juliovpoke|BROOOOOO\n|inactive|juliovpoke has 30 seconds left.\n|\n|t:|1700856582\n|switch|p2a: Sneasler|Sneasler, L50, M|100\/100\n|move|p2b: Landorus|Rock Slide|p1b: Indeedee|[spread] p1a,p1b\n|-resisted|p1a: Oricorio\n|-crit|p1a: Oricorio\n|-damage|p1a: Oricorio|20\/100\n|-damage|p1b: Indeedee|71\/100\n|cant|p1a: Oricorio|flinch\n|move|p1b: Indeedee|Hyper Voice|p2b: Landorus|[spread] p2a,p2b\n|-damage|p2a: Sneasler|71\/100\n|-damage|p2b: Landorus|69\/100\n|\n|-heal|p1b: Indeedee|77\/100|[from] item: Leftovers\n|upkeep\n|turn|5\n|c|\u2606juliovpoke|that's impossible bro\n|inactive|doiexistfr has 30 seconds left.\n|\n|t:|1700856608\n|switch|p2b: Clefairy|Clefairy, L50, M|100\/100\n|move|p1b: Indeedee|Follow Me|p1b: Indeedee\n|-singleturn|p1b: Indeedee|move: Follow Me\n|move|p2a: Sneasler|Dire Claw|p1b: Indeedee\n|-damage|p1b: Indeedee|0 fnt\n|faint|p1b: Indeedee\n|-damage|p2a: Sneasler|61\/100|[from] item: Life Orb\n|move|p1a: Oricorio|Revelation Dance|p2a: Sneasler\n|-supereffective|p2a: Sneasler\n|-damage|p2a: Sneasler|0 fnt\n|faint|p2a: Sneasler\n|\n|upkeep\n|\n|t:|1700856626\n|switch|p2a: Ceruledge|Ceruledge, L50, F|100\/100\n|switch|p1b: Dipplin|Dipplin, L50, M|100\/100\n|-ability|p1b: Dipplin|Supersweet Syrup\n|-ability|p1b: Dipplin|Supersweet Syrup|boost\n|-unboost|p2a: Ceruledge|evasion|1\n|-unboost|p2b: Clefairy|evasion|1\n|turn|6\n|\n|t:|1700856639\n|move|p2a: Ceruledge|Bitter Blade|p1b: Dipplin\n|-damage|p1b: Dipplin|63\/100\n|move|p1a: Oricorio|Revelation Dance|p2a: Ceruledge\n|-supereffective|p2a: Ceruledge\n|-damage|p2a: Ceruledge|48\/100\n|move|p1b: Dipplin|Pollen Puff|p1a: Oricorio\n|-heal|p1a: Oricorio|70\/100\n|move|p2b: Clefairy|Moonblast|p1b: Dipplin\n|-supereffective|p1b: Dipplin\n|-damage|p1b: Dipplin|14\/100\n|\n|-heal|p1b: Dipplin|20\/100|[from] item: Leftovers\n|upkeep\n|turn|7\n|inactive|juliovpoke has 30 seconds left.\n|inactive|doiexistfr has 30 seconds left.\n|inactive|juliovpoke has 20 seconds left.\n|inactive|juliovpoke has 15 seconds left.\n|\n|t:|1700856681\n|move|p2b: Clefairy|Follow Me|p2b: Clefairy\n|-singleturn|p2b: Clefairy|move: Follow Me\n|move|p2a: Ceruledge|Bitter Blade|p1b: Dipplin\n|-damage|p1b: Dipplin|0 fnt\n|-heal|p2a: Ceruledge|58\/100|[from] drain|[of] p1b: Dipplin\n|faint|p1b: Dipplin\n|move|p1a: Oricorio|Quiver Dance|p1a: Oricorio\n|-boost|p1a: Oricorio|spa|1\n|-boost|p1a: Oricorio|spd|1\n|-boost|p1a: Oricorio|spe|1\n|\n|-fieldend|move: Psychic Terrain\n|upkeep\n|turn|8\n|\n|t:|1700856700\n|move|p2b: Clefairy|Follow Me|p2b: Clefairy\n|-singleturn|p2b: Clefairy|move: Follow Me\n|move|p1a: Oricorio|Revelation Dance|p2b: Clefairy\n|-crit|p2b: Clefairy\n|-damage|p2b: Clefairy|20\/100\n|move|p2a: Ceruledge|Bitter Blade|p1a: Oricorio\n|-crit|p1a: Oricorio\n|-damage|p1a: Oricorio|0 fnt\n|-heal|p2a: Ceruledge|87\/100|[from] drain|[of] p1a: Oricorio\n|faint|p1a: Oricorio\n|\n|win|doiexistfr\n|raw|juliovpoke's rating: 1093 &rarr; <strong>1063<\/strong><br \/>(-30 for losing)\n|raw|doiexistfr's rating: 1000 &rarr; <strong>1050<\/strong><br \/>(+50 for winning)\n","uploadtime":1700856715,"views":14,"p1id":"juliovpoke","p2id":"doiexistfr","formatid":"gen9vgc2023regulatione","rating":1050,"private":0,"password":""}