{"id":"gen9vgc2023regulatione-1990126766","p1":"ScaryQwQ","p2":"GS \u2b51 Paranoia-","format":"[Gen 9] VGC 2023 Regulation E","log":"|j|\u2606ScaryQwQ\n|j|\u2606GS \u2b51 Paranoia-\n|t:|1699927419\n|gametype|doubles\n|player|p1|ScaryQwQ|veteran|\n|player|p2|GS \u2b51 Paranoia-|lance|\n|teamsize|p1|6\n|teamsize|p2|6\n|gen|9\n|tier|[Gen 9] VGC 2023 Regulation E\n|rated|Tournament battle\n|rule|Species Clause: Limit one of each Pok\u00e9mon\n|rule|Item Clause: Limit one of each item\n|clearpoke\n|poke|p1|Roaring Moon, L50|\n|poke|p1|Ogerpon-Hearthflame, L50, F|\n|poke|p1|Rillaboom, L50, F|\n|poke|p1|Urshifu-*, L50, M|\n|poke|p1|Arcanine-Hisui, L50, M|\n|poke|p1|Gholdengo, L50|\n|poke|p2|Dragonite, L50, F|\n|poke|p2|Chien-Pao, L50|\n|poke|p2|Urshifu-*, L50, M|\n|poke|p2|Heatran, L50, M|\n|poke|p2|Farigiraf, L50, F|\n|poke|p2|Rillaboom, L50, M|\n|teampreview|4\n|showteam|p1|Roaring Moon||BoosterEnergy|Protosynthesis|KnockOff,BreakingSwipe,Tailwind,Protect||||||50|,,,,,Poison]Ogerpon-Hearthflame||HearthflameMask|MoldBreaker|IvyCudgel,GrassyGlide,SwordsDance,SpikyShield|||F|||50|,,,,,Fire]Rillaboom||AssaultVest|GrassySurge|WoodHammer,GrassyGlide,Uturn,FakeOut|||F|||50|,,,,,Grass]Urshifu-Rapid-Strike||MysticWater|UnseenFist|SurgingStrikes,CloseCombat,Substitute,Protect|||M|||50|,,,,,Water]Arcanine-Hisui||ChoiceBand|Intimidate|FlareBlitz,RockSlide,ExtremeSpeed,TeraBlast|||M|||50|,,,,,Fairy]Gholdengo||LifeOrb|GoodasGold|MakeItRain,ShadowBall,NastyPlot,Protect||||||50|,,,,,Steel\n|showteam|p2|Dragonite||ChoiceBand|InnerFocus|Outrage,ExtremeSpeed,AerialAce,StompingTantrum|||F|||50|,,,,,Normal]Chien-Pao||FocusSash|SwordofRuin|SuckerPunch,SacredSword,IcicleCrash,Protect||||||50|,,,,,Ghost]Urshifu-Rapid-Strike||ChoiceScarf|UnseenFist|SurgingStrikes,Uturn,AquaJet,CloseCombat|||M|||50|,,,,,Water]Heatran||AssaultVest|FlashFire|HeatWave,TeraBlast,FlashCannon,EarthPower|||M|||50|,,,,,Fairy]Farigiraf||RockyHelmet|ArmorTail|DazzlingGleam,HelpingHand,Psychic,TrickRoom|||F|||50|,,,,,Fairy]Rillaboom||MiracleSeed|GrassySurge|WoodHammer,GrassyGlide,FakeOut,Protect|||M|||50|,,,,,Grass\n|j| COSMONAUTA J\n|j| inimig0\n|j| Oshawott\n|j| testudoudoudo\n|j|%Radio Free C-Side\n|j| SHUIMASTER\n|j| RSPA2001\n|j| suffyrin\n|\n|t:|1699927470\n|start\n|switch|p1a: Roaring Moon|Roaring Moon, L50|100\/100\n|switch|p1b: Gholdengo|Gholdengo, L50|100\/100\n|switch|p2a: Dragonite|Dragonite, L50, F|100\/100\n|switch|p2b: Chien-Pao|Chien-Pao, L50|100\/100\n|-ability|p2b: Chien-Pao|Sword of Ruin\n|-enditem|p1a: Roaring Moon|Booster Energy\n|-activate|p1a: Roaring Moon|ability: Protosynthesis|[fromitem]\n|-start|p1a: Roaring Moon|protosynthesisspe\n|turn|1\n|\n|t:|1699927504\n|move|p1a: Roaring Moon|Protect|p1a: Roaring Moon\n|-singleturn|p1a: Roaring Moon|Protect\n|move|p1b: Gholdengo|Protect|p1b: Gholdengo\n|-singleturn|p1b: Gholdengo|Protect\n|move|p2b: Chien-Pao|Icicle Crash|p1a: Roaring Moon\n|-activate|p1a: Roaring Moon|move: Protect\n|move|p2a: Dragonite|Stomping Tantrum|p1b: Gholdengo\n|-activate|p1b: Gholdengo|move: Protect\n|\n|upkeep\n|turn|2\n|\n|t:|1699927529\n|switch|p2a: Heatran|Heatran, L50, M|100\/100\n|-terastallize|p1a: Roaring Moon|Poison\n|move|p2b: Chien-Pao|Protect|p2b: Chien-Pao\n|-singleturn|p2b: Chien-Pao|Protect\n|move|p1a: Roaring Moon|Breaking Swipe|p2b: Chien-Pao|[spread] p2a\n|-activate|p2b: Chien-Pao|move: Protect\n|-resisted|p2a: Heatran\n|-damage|p2a: Heatran|87\/100\n|-unboost|p2a: Heatran|atk|1\n|move|p1b: Gholdengo|Make It Rain|p2a: Heatran|[spread] p2a\n|-activate|p2b: Chien-Pao|move: Protect\n|-resisted|p2a: Heatran\n|-damage|p2a: Heatran|79\/100\n|-unboost|p1b: Gholdengo|spa|1\n|-damage|p1b: Gholdengo|91\/100|[from] item: Life Orb\n|\n|upkeep\n|turn|3\n|\n|t:|1699927601\n|switch|p1b: Urshifu|Urshifu-Rapid-Strike, L50, M|100\/100\n|move|p1a: Roaring Moon|Protect|p1a: Roaring Moon\n|-singleturn|p1a: Roaring Moon|Protect\n|move|p2b: Chien-Pao|Icicle Crash|p1a: Roaring Moon\n|-activate|p1a: Roaring Moon|move: Protect\n|move|p2a: Heatran|Heat Wave|p1b: Urshifu|[spread] \n|-activate|p1a: Roaring Moon|move: Protect\n|-miss|p2a: Heatran|p1b: Urshifu\n|\n|upkeep\n|turn|4\n|j| Robyn\n|\n|t:|1699927661\n|switch|p2b: Rillaboom|Rillaboom, L50, M|100\/100\n|-fieldstart|move: Grassy Terrain|[from] ability: Grassy Surge|[of] p2b: Rillaboom\n|move|p1b: Urshifu|Protect|p1b: Urshifu\n|-singleturn|p1b: Urshifu|Protect\n|move|p1a: Roaring Moon|Tailwind|p1a: Roaring Moon\n|-sidestart|p1: ScaryQwQ|move: Tailwind\n|move|p2a: Heatran|Heat Wave|p1a: Roaring Moon|[spread] p1a\n|-activate|p1b: Urshifu|move: Protect\n|-damage|p1a: Roaring Moon|61\/100\n|\n|-heal|p1a: Roaring Moon|67\/100|[from] Grassy Terrain\n|-heal|p2a: Heatran|85\/100|[from] Grassy Terrain\n|upkeep\n|turn|5\n|j| Snowmuse\n|inactive|Battle timer is ON: inactive players will automatically lose when time's up. (requested by GS \u2b51 Paranoia-)\n|inactive|ScaryQwQ has 60 seconds left.\n|\n|t:|1699927767\n|switch|p1b: Rillaboom|Rillaboom, L50, F|100\/100\n|switch|p2a: Chien-Pao|Chien-Pao, L50|100\/100\n|-ability|p2a: Chien-Pao|Sword of Ruin\n|move|p1a: Roaring Moon|Protect|p1a: Roaring Moon\n|-singleturn|p1a: Roaring Moon|Protect\n|move|p2b: Rillaboom|Grassy Glide|p1b: Rillaboom\n|-resisted|p1b: Rillaboom\n|-damage|p1b: Rillaboom|67\/100\n|\n|-heal|p1a: Roaring Moon|73\/100|[from] Grassy Terrain\n|-heal|p1b: Rillaboom|73\/100|[from] Grassy Terrain\n|upkeep\n|turn|6\n|inactive|ScaryQwQ has 30 seconds left.\n|inactive|GS \u2b51 Paranoia- has 30 seconds left.\n|inactive|GS \u2b51 Paranoia- has 20 seconds left.\n|inactive|GS \u2b51 Paranoia- has 15 seconds left.\n|inactive|GS \u2b51 Paranoia- has 10 seconds left.\n|\n|t:|1699927813\n|switch|p2b: Heatran|Heatran, L50, M|85\/100\n|move|p2a: Chien-Pao|Protect|p2a: Chien-Pao\n|-singleturn|p2a: Chien-Pao|Protect\n|move|p1a: Roaring Moon|Breaking Swipe|p2a: Chien-Pao|[spread] p2b\n|-activate|p2a: Chien-Pao|move: Protect\n|-resisted|p2b: Heatran\n|-damage|p2b: Heatran|71\/100\n|-unboost|p2b: Heatran|atk|1\n|move|p1b: Rillaboom|U-turn|p2a: Chien-Pao\n|-activate|p2a: Chien-Pao|move: Protect\n|\n|-heal|p1a: Roaring Moon|79\/100|[from] Grassy Terrain\n|-heal|p1b: Rillaboom|79\/100|[from] Grassy Terrain\n|-heal|p2b: Heatran|77\/100|[from] Grassy Terrain\n|upkeep\n|turn|7\n|inactive|ScaryQwQ has 30 seconds left.\n|inactive|ScaryQwQ has 20 seconds left.\n|inactive|ScaryQwQ has 15 seconds left.\n|inactive|ScaryQwQ has 10 seconds left.\n|\n|t:|1699927862\n|switch|p2a: Dragonite|Dragonite, L50, F|100\/100\n|move|p1a: Roaring Moon|Protect|p1a: Roaring Moon\n|-singleturn|p1a: Roaring Moon|Protect\n|move|p1b: Rillaboom|U-turn|p2a: Dragonite\n|-resisted|p2a: Dragonite\n|-damage|p2a: Dragonite|88\/100\n|j|@PinkSylvie\n|inactive|ScaryQwQ has 30 seconds left.\n|\n|t:|1699927894\n|switch|p1b: Urshifu|Urshifu-Rapid-Strike, L50, M|100\/100|[from] U-turn\n|move|p2b: Heatran|Heat Wave|p1a: Roaring Moon|[spread] p1b\n|-activate|p1a: Roaring Moon|move: Protect\n|-resisted|p1b: Urshifu\n|-damage|p1b: Urshifu|68\/100\n|\n|-heal|p1a: Roaring Moon|85\/100|[from] Grassy Terrain\n|-heal|p1b: Urshifu|74\/100|[from] Grassy Terrain\n|-heal|p2b: Heatran|83\/100|[from] Grassy Terrain\n|-sideend|p1: ScaryQwQ|move: Tailwind\n|upkeep\n|turn|8\n|j| Flarefox_7\n|inactive|ScaryQwQ has 30 seconds left.\n|inactive|GS \u2b51 Paranoia- has 30 seconds left.\n|inactive|ScaryQwQ has 20 seconds left.\n|inactive|ScaryQwQ has 15 seconds left.\n|inactive|ScaryQwQ has 10 seconds left.\n|inactive|ScaryQwQ has 5 seconds left.\n|inactive|GS \u2b51 Paranoia- has 20 seconds left.\n|\n|t:|1699927949\n|switch|p2b: Chien-Pao|Chien-Pao, L50|100\/100\n|-ability|p2b: Chien-Pao|Sword of Ruin\n|move|p2a: Dragonite|Extreme Speed|p1b: Urshifu\n|-damage|p1b: Urshifu|12\/100\n|move|p1a: Roaring Moon|Knock Off|p2b: Chien-Pao\n|-resisted|p2b: Chien-Pao\n|-damage|p2b: Chien-Pao|68\/100\n|-enditem|p2b: Chien-Pao|Focus Sash|[from] move: Knock Off|[of] p1a: Roaring Moon\n|move|p1b: Urshifu|Close Combat|p2a: Dragonite\n|-resisted|p2a: Dragonite\n|-damage|p2a: Dragonite|45\/100\n|-unboost|p1b: Urshifu|def|1\n|-unboost|p1b: Urshifu|spd|1\n|\n|-heal|p1a: Roaring Moon|91\/100|[from] Grassy Terrain\n|-heal|p2b: Chien-Pao|73\/100|[from] Grassy Terrain\n|-heal|p1b: Urshifu|18\/100|[from] Grassy Terrain\n|-fieldend|move: Grassy Terrain\n|upkeep\n|turn|9\n|inactive|ScaryQwQ has 30 seconds left.\n|inactive|GS \u2b51 Paranoia- has 30 seconds left.\n|inactive|ScaryQwQ has 20 seconds left.\n|\n|t:|1699927986\n|-terastallize|p2a: Dragonite|Normal\n|move|p1a: Roaring Moon|Protect|p1a: Roaring Moon\n|-singleturn|p1a: Roaring Moon|Protect\n|move|p2a: Dragonite|Extreme Speed|p1b: Urshifu\n|-damage|p1b: Urshifu|0 fnt\n|faint|p1b: Urshifu\n|move|p2b: Chien-Pao|Sucker Punch||[still]\n|-fail|p2b: Chien-Pao\n|\n|upkeep\n|\n|t:|1699927994\n|switch|p1b: Gholdengo|Gholdengo, L50|91\/100\n|turn|10\n|l|@PinkSylvie\n|inactive|ScaryQwQ has 30 seconds left.\n|inactive|ScaryQwQ has 20 seconds left.\n|inactive|ScaryQwQ has 15 seconds left.\n|inactive|ScaryQwQ has 10 seconds left.\n|inactive|ScaryQwQ has 5 seconds left.\n|\n|t:|1699928047\n|move|p2a: Dragonite|Extreme Speed|p1a: Roaring Moon\n|-damage|p1a: Roaring Moon|0 fnt\n|faint|p1a: Roaring Moon\n|-end|p1a: Roaring Moon|Protosynthesis|[silent]\n|move|p2b: Chien-Pao|Sucker Punch||[still]\n|-fail|p2b: Chien-Pao\n|move|p1b: Gholdengo|Nasty Plot|p1b: Gholdengo\n|-boost|p1b: Gholdengo|spa|2\n|\n|upkeep\n|\n|t:|1699928051\n|switch|p1a: Rillaboom|Rillaboom, L50, F|79\/100\n|-fieldstart|move: Grassy Terrain|[from] ability: Grassy Surge|[of] p1a: Rillaboom\n|turn|11\n|inactive|ScaryQwQ has 30 seconds left.\n|inactive|GS \u2b51 Paranoia- has 30 seconds left.\n|inactive|ScaryQwQ has 20 seconds left.\n|inactive|ScaryQwQ has 15 seconds left.\n|inactive|ScaryQwQ has 10 seconds left.\n|inactive|ScaryQwQ has 5 seconds left.\n|\n|t:|1699928101\n|move|p1a: Rillaboom|Fake Out|p2b: Chien-Pao\n|-damage|p2b: Chien-Pao|53\/100\n|move|p2a: Dragonite|Extreme Speed|p1a: Rillaboom\n|-damage|p1a: Rillaboom|0 fnt\n|faint|p1a: Rillaboom\n|cant|p2b: Chien-Pao|flinch\n|move|p1b: Gholdengo|Make It Rain|p2b: Chien-Pao|[spread] p2a,p2b\n|-supereffective|p2b: Chien-Pao\n|-damage|p2a: Dragonite|0 fnt\n|-damage|p2b: Chien-Pao|0 fnt\n|-unboost|p1b: Gholdengo|spa|1\n|faint|p2a: Dragonite\n|faint|p2b: Chien-Pao\n|-damage|p1b: Gholdengo|81\/100|[from] item: Life Orb\n|\n|-heal|p1b: Gholdengo|87\/100|[from] Grassy Terrain\n|upkeep\n|\n|t:|1699928119\n|switch|p2b: Rillaboom|Rillaboom, L50, M|100\/100\n|switch|p2a: Heatran|Heatran, L50, M|83\/100\n|turn|12\n|\n|t:|1699928143\n|move|p2b: Rillaboom|Protect|p2b: Rillaboom\n|-singleturn|p2b: Rillaboom|Protect\n|move|p1b: Gholdengo|Shadow Ball|p2a: Heatran\n|-damage|p2a: Heatran|34\/100\n|-damage|p1b: Gholdengo|77\/100|[from] item: Life Orb\n|move|p2a: Heatran|Heat Wave|p1b: Gholdengo\n|-supereffective|p1b: Gholdengo\n|-damage|p1b: Gholdengo|0 fnt\n|faint|p1b: Gholdengo\n|\n|win|GS \u2b51 Paranoia-\n|n|\u2606ScaryQwQ|scaryqwq\n|n|\u2606GS \u2b51 Paranoia-|gsparanoia\n|n| COSMONAUTA J|cosmonautaj\n|n| inimig0|inimig0\n|n| Oshawott|oshawott\n|n| testudoudoudo|testudoudoudo\n|n| Radio Free C-Side|radiofreecside\n|n| SHUIMASTER|shuimaster\n|n| RSPA2001|rspa2001\n|n| suffyrin|suffyrin\n|n| Robyn|robyn\n|n| Snowmuse|snowmuse\n|n| Flarefox_7|flarefox7\n","uploadtime":1699928145,"views":8,"p1id":"scaryqwq","p2id":"gsparanoia","formatid":"gen9vgc2023regulatione","rating":0,"private":0,"password":""}