{"id":"gen9vgc2023regulatione-2000577635","p1":"My_1stime_VGC","p2":"Snog2273","format":"[Gen 9] VGC 2023 Regulation E","log":"|j|\u2606My_1stime_VGC\n|j|\u2606Snog2273\n|t:|1701207008\n|gametype|doubles\n|player|p1|My_1stime_VGC|tuber|1262\n|player|p2|Snog2273|supernerd|1192\n|teamsize|p1|6\n|teamsize|p2|6\n|gen|9\n|tier|[Gen 9] VGC 2023 Regulation E\n|rated|\n|rule|Species Clause: Limit one of each Pok\u00e9mon\n|rule|Item Clause: Limit one of each item\n|clearpoke\n|poke|p1|Ursaluna-Bloodmoon, L50, M|\n|poke|p1|Sinistcha, L50|\n|poke|p1|Goodra-Hisui, L50, F|\n|poke|p1|Indeedee-F, L50, F|\n|poke|p1|Armarouge, L50, F|\n|poke|p1|Drednaw, L50, M|\n|poke|p2|Scream Tail, L50|\n|poke|p2|Conkeldurr, L50, M|\n|poke|p2|Sinistcha, L50|\n|poke|p2|Chien-Pao, L50|\n|poke|p2|Iron Hands, L50|\n|poke|p2|Heatran, L50, M|\n|teampreview|4\n|inactive|Battle timer is ON: inactive players will automatically lose when time's up. (requested by Snog2273)\nSnog2273 has agreed to open team sheets.\n|inactive|Snog2273 has 60 seconds left.\n|inactive|My_1stime_VGC has 60 seconds left.\n|\n|t:|1701207050\n|start\n|switch|p1a: Sinistcha|Sinistcha, L50|100\/100\n|switch|p1b: Goodra|Goodra-Hisui, L50, F|100\/100\n|switch|p2a: Scream Tail|Scream Tail, L50|100\/100\n|switch|p2b: Chien-Pao|Chien-Pao, L50|100\/100\n|-ability|p2b: Chien-Pao|Sword of Ruin\n|-enditem|p2a: Scream Tail|Booster Energy\n|-activate|p2a: Scream Tail|ability: Protosynthesis|[fromitem]\n|-start|p2a: Scream Tail|protosynthesisspe\n|turn|1\n|inactive|Snog2273 has 30 seconds left.\n|\n|t:|1701207076\n|-terastallize|p1b: Goodra|Water\n|move|p2a: Scream Tail|Howl|p2a: Scream Tail|[spread] p2a,p2b\n|-boost|p2a: Scream Tail|atk|1\n|-boost|p2b: Chien-Pao|atk|1\n|move|p2b: Chien-Pao|Ice Spinner|p1a: Sinistcha\n|-supereffective|p1a: Sinistcha\n|-damage|p1a: Sinistcha|0 fnt\n|faint|p1a: Sinistcha\n|move|p1b: Goodra|Shelter|p1b: Goodra\n|-boost|p1b: Goodra|def|2\n|\n|upkeep\n|\n|t:|1701207090\n|switch|p1a: Indeedee|Indeedee-F, L50, F|100\/100\n|-fieldstart|move: Psychic Terrain|[from] ability: Psychic Surge|[of] p1a: Indeedee\n|-enditem|p1a: Indeedee|Psychic Seed\n|-boost|p1a: Indeedee|spd|1|[from] item: Psychic Seed\n|turn|2\n|\n|t:|1701207105\n|move|p2a: Scream Tail|Encore|p1b: Goodra\n|-start|p1b: Goodra|Encore\n|move|p2b: Chien-Pao|Lash Out|p1a: Indeedee\n|-supereffective|p1a: Indeedee\n|-damage|p1a: Indeedee|0 fnt\n|faint|p1a: Indeedee\n|move|p1b: Goodra|Shelter|p1b: Goodra\n|-boost|p1b: Goodra|def|2\n|\n|upkeep\n|\n|t:|1701207109\n|switch|p1a: Ursaluna|Ursaluna-Bloodmoon, L50, M|100\/100\n|turn|3\n|\n|t:|1701207118\n|move|p1a: Ursaluna|Protect|p1a: Ursaluna\n|-singleturn|p1a: Ursaluna|Protect\n|move|p2a: Scream Tail|Disable|p1b: Goodra\n|-start|p1b: Goodra|Disable|Shelter\n|move|p2b: Chien-Pao|Ice Spinner|p1a: Ursaluna\n|-activate|p1a: Ursaluna|move: Protect\n|cant|p1b: Goodra|Disable|Shelter\n|\n|upkeep\n|turn|4\n|\n|t:|1701207138\n|move|p2a: Scream Tail|Howl|p2a: Scream Tail|[spread] p2a,p2b\n|-boost|p2a: Scream Tail|atk|1\n|-boost|p2b: Chien-Pao|atk|1\n|move|p2b: Chien-Pao|Ice Spinner|p1a: Ursaluna\n|-supereffective|p1a: Ursaluna\n|-damage|p1a: Ursaluna|0 fnt\n|-fieldend|move: Psychic Terrain\n|faint|p1a: Ursaluna\n|-activate|p1b: Goodra|move: Struggle\n|move|p1b: Goodra|Struggle|p2b: Chien-Pao\n|-damage|p2b: Chien-Pao|86\/100\n|-damage|p1b: Goodra|75\/100|[from] recoil\n|\n|-end|p1b: Goodra|Encore\n|upkeep\n|turn|5\n|\n|t:|1701207163\n|move|p2a: Scream Tail|Encore||[still]\n|-fail|p2a: Scream Tail\n|move|p2b: Chien-Pao|Lash Out|p1b: Goodra\n|-damage|p1b: Goodra|53\/100\n|move|p1b: Goodra|Body Press|p2b: Chien-Pao\n|-supereffective|p2b: Chien-Pao\n|-damage|p2b: Chien-Pao|0 fnt\n|faint|p2b: Chien-Pao\n|\n|upkeep\n|\n|t:|1701207182\n|switch|p2b: Conkeldurr|Conkeldurr, L50, M|100\/100\n|turn|6\n|inactive|Snog2273 has 30 seconds left.\n|\n|t:|1701207208\n|move|p2b: Conkeldurr|Detect|p2b: Conkeldurr\n|-singleturn|p2b: Conkeldurr|Protect\n|move|p2a: Scream Tail|Howl|p2a: Scream Tail|[spread] p2a,p2b\n|-boost|p2a: Scream Tail|atk|1\n|-boost|p2b: Conkeldurr|atk|1\n|move|p1b: Goodra|Body Press|p2b: Conkeldurr\n|-activate|p2b: Conkeldurr|move: Protect\n|\n|-end|p1b: Goodra|Disable\n|-status|p2b: Conkeldurr|brn|[from] item: Flame Orb\n|upkeep\n|turn|7\n|inactive|Snog2273 has 30 seconds left.\n|\n|t:|1701207234\n|move|p2a: Scream Tail|Disable|p1b: Goodra\n|-start|p1b: Goodra|Disable|Body Press\n|cant|p1b: Goodra|Disable|Body Press\n|move|p2b: Conkeldurr|Hammer Arm|p1b: Goodra\n|-damage|p1b: Goodra|20\/100\n|-unboost|p2b: Conkeldurr|spe|1\n|\n|-damage|p2b: Conkeldurr|94\/100 brn|[from] brn\n|upkeep\n|turn|8\n|inactive|Snog2273 has 30 seconds left.\n|\n|t:|1701207266\n|move|p2b: Conkeldurr|Mach Punch|p1b: Goodra\n|-damage|p1b: Goodra|7\/100\n|move|p2a: Scream Tail|Howl|p2a: Scream Tail|[spread] p2a,p2b\n|-boost|p2a: Scream Tail|atk|1\n|-boost|p2b: Conkeldurr|atk|1\n|move|p1b: Goodra|Heavy Slam|p2a: Scream Tail\n|-supereffective|p2a: Scream Tail\n|-damage|p2a: Scream Tail|49\/100\n|\n|-damage|p2b: Conkeldurr|88\/100 brn|[from] brn\n|upkeep\n|turn|9\n|inactive|My_1stime_VGC has 30 seconds left.\n|\n|t:|1701207294\n|move|p2b: Conkeldurr|Mach Punch|p1b: Goodra\n|-damage|p1b: Goodra|0 fnt\n|faint|p1b: Goodra\n|\n|win|Snog2273\n|raw|My_1stime_VGC's rating: 1262 &rarr; <strong>1232<\/strong><br \/>(-30 for losing)\n|raw|Snog2273's rating: 1192 &rarr; <strong>1222<\/strong><br \/>(+30 for winning)\n","uploadtime":1701207299,"views":5,"p1id":"my1stimevgc","p2id":"snog2273","formatid":"gen9vgc2023regulatione","rating":1222,"private":0,"password":""}