{"id":"gen9vgc2023regulatione-1999828684","p1":"KarinaMomatova","p2":"RaidSpinel","format":"[Gen 9] VGC 2023 Regulation E","log":"|j|\u2606KarinaMomatova\n|j|\u2606RaidSpinel\n|t:|1701120545\n|gametype|doubles\n|player|p1|KarinaMomatova|teamrocket|1081\n|player|p2|RaidSpinel|hilda|1157\n|teamsize|p1|6\n|teamsize|p2|6\n|gen|9\n|tier|[Gen 9] VGC 2023 Regulation E\n|rated|\n|rule|Species Clause: Limit one of each Pok\u00e9mon\n|rule|Item Clause: Limit one of each item\n|clearpoke\n|poke|p1|Snorlax, L50, F|\n|poke|p1|Farigiraf, L50, F|\n|poke|p1|Iron Hands, L50|\n|poke|p1|Enamorus-Therian, L50, F|\n|poke|p1|Torkoal, L50, M|\n|poke|p1|Garganacl, L50, M|\n|poke|p2|Chien-Pao, L50|\n|poke|p2|Dragonite, L50, M|\n|poke|p2|Flutter Mane, L50|\n|poke|p2|Amoonguss, L50, M|\n|poke|p2|Arcanine-Hisui, L50, M|\n|poke|p2|Ogerpon-Wellspring, L50, F|\n|teampreview|4\n|inactive|Battle timer is ON: inactive players will automatically lose when time's up. (requested by KarinaMomatova)\n|inactive|KarinaMomatova has 60 seconds left.\n|inactive|KarinaMomatova has 30 seconds left.\n|\n|t:|1701120611\n|start\n|switch|p1a: Farigiraf|Farigiraf, L50, F, shiny|100\/100\n|switch|p1b: Iron Hands|Iron Hands, L50, shiny|100\/100\n|switch|p2a: Ogerpon|Ogerpon-Wellspring, L50, F|100\/100\n|switch|p2b: Arcanine|Arcanine-Hisui, L50, M|100\/100\n|-ability|p2b: Arcanine|Intimidate|boost\n|-unboost|p1a: Farigiraf|atk|1\n|-unboost|p1b: Iron Hands|atk|1\n|turn|1\n|inactive|RaidSpinel has 30 seconds left.\n|\n|t:|1701120637\n|move|p1b: Iron Hands|Fake Out|p2b: Arcanine\n|-resisted|p2b: Arcanine\n|-damage|p2b: Arcanine|94\/100\n|move|p2a: Ogerpon|Ivy Cudgel|p1a: Farigiraf|[anim] Ivy Cudgel Water\n|-damage|p1a: Farigiraf|38\/100\n|cant|p2b: Arcanine|flinch\n|move|p1a: Farigiraf|Trick Room|p1a: Farigiraf\n|-fieldstart|move: Trick Room|[of] p1a: Farigiraf\n|\n|upkeep\n|turn|2\n|\n|t:|1701120660\n|switch|p2b: Amoonguss|Amoonguss, L50, M|100\/100\n|move|p2a: Ogerpon|Spiky Shield|p2a: Ogerpon\n|-singleturn|p2a: Ogerpon|move: Protect\n|move|p1b: Iron Hands|Drain Punch|p2b: Amoonguss\n|-resisted|p2b: Amoonguss\n|-damage|p2b: Amoonguss|84\/100\n|-damage|p1b: Iron Hands|84\/100|[from] item: Rocky Helmet|[of] p2b: Amoonguss\n|move|p1a: Farigiraf|Hyper Voice|p2b: Amoonguss|[spread] p2b\n|-activate|p2a: Ogerpon|move: Protect\n|-damage|p2b: Amoonguss|61\/100\n|-enditem|p1a: Farigiraf|Throat Spray\n|-boost|p1a: Farigiraf|spa|1|[from] item: Throat Spray\n|\n|upkeep\n|turn|3\n|inactive|KarinaMomatova has 30 seconds left.\n|inactive|RaidSpinel has 30 seconds left.\n|\n|t:|1701120687\n|-end|p1b: Iron Hands|Quark Drive|[silent]\n|switch|p1b: Snorlax|Snorlax, L50, F|100\/100\n|switch|p1a: Torkoal|Torkoal, L50, M|100\/100\n|-weather|SunnyDay|[from] ability: Drought|[of] p1a: Torkoal\n|switch|p2a: Arcanine|Arcanine-Hisui, L50, M|94\/100\n|-ability|p2a: Arcanine|Intimidate|boost\n|-unboost|p1a: Torkoal|atk|1\n|-unboost|p1b: Snorlax|atk|1\n|move|p2b: Amoonguss|Spore|p1a: Torkoal\n|-status|p1a: Torkoal|slp|[from] move: Spore\n|\n|-weather|SunnyDay|[upkeep]\n|upkeep\n|turn|4\n|inactive|KarinaMomatova has 30 seconds left.\n|inactive|RaidSpinel has 30 seconds left.\n|inactive|RaidSpinel has 20 seconds left.\n|inactive|RaidSpinel has 15 seconds left.\n|\n|t:|1701120729\n|switch|p1b: Farigiraf|Farigiraf, L50, F, shiny|38\/100\n|cant|p1a: Torkoal|slp\n|move|p2b: Amoonguss|Spore|p1b: Farigiraf\n|-status|p1b: Farigiraf|slp|[from] move: Spore\n|move|p2a: Arcanine|Rock Slide|p1b: Farigiraf|[spread] p1a,p1b\n|-supereffective|p1a: Torkoal\n|-damage|p1a: Torkoal|59\/100 slp\n|-damage|p1b: Farigiraf|7\/100 slp\n|\n|-weather|SunnyDay|[upkeep]\n|upkeep\n|turn|5\n|\n|t:|1701120748\n|switch|p2b: Ogerpon|Ogerpon-Wellspring, L50, F|100\/100\n|cant|p1a: Torkoal|slp\n|cant|p1b: Farigiraf|slp\n|move|p2a: Arcanine|Rock Slide|p1b: Farigiraf|[spread] p1a,p1b\n|-supereffective|p1a: Torkoal\n|-damage|p1a: Torkoal|13\/100 slp\n|-damage|p1b: Farigiraf|0 fnt\n|faint|p1b: Farigiraf\n|\n|-weather|SunnyDay|[upkeep]\n|-fieldend|move: Trick Room\n|upkeep\n|\n|t:|1701120761\n|switch|p1b: Iron Hands|Iron Hands, L50, shiny|84\/100\n|turn|6\n|\n|t:|1701120775\n|move|p2a: Arcanine|Extreme Speed|p1a: Torkoal\n|-damage|p1a: Torkoal|0 fnt\n|faint|p1a: Torkoal\n|move|p2b: Ogerpon|Swords Dance|p2b: Ogerpon\n|-boost|p2b: Ogerpon|atk|2\n|move|p1b: Iron Hands|Drain Punch|p2a: Arcanine\n|-supereffective|p2a: Arcanine\n|-damage|p2a: Arcanine|0 fnt\n|-heal|p1b: Iron Hands|100\/100|[from] drain|[of] p2a: Arcanine\n|faint|p2a: Arcanine\n|\n|-weather|SunnyDay|[upkeep]\n|upkeep\n|\n|t:|1701120790\n|switch|p2a: Chien-Pao|Chien-Pao, L50|100\/100\n|switch|p1a: Snorlax|Snorlax, L50, F|100\/100\n|-ability|p2a: Chien-Pao|Sword of Ruin\n|turn|7\n|\n|t:|1701120811\n|-terastallize|p2a: Chien-Pao|Ghost\n|move|p2a: Chien-Pao|Ice Spinner|p1a: Snorlax\n|-damage|p1a: Snorlax|67\/100\n|move|p2b: Ogerpon|Ivy Cudgel|p1b: Iron Hands|[anim] Ivy Cudgel Water\n|-damage|p1b: Iron Hands|47\/100\n|move|p1b: Iron Hands|Wild Charge|p2b: Ogerpon\n|-damage|p2b: Ogerpon|3\/100\n|-damage|p1b: Iron Hands|33\/100|[from] Recoil\n|move|p1a: Snorlax|Body Slam|p2a: Chien-Pao\n|-immune|p2a: Chien-Pao\n|\n|-weather|none\n|upkeep\n|turn|8\n|-message|KarinaMomatova forfeited.\n|\n|win|RaidSpinel\n|raw|KarinaMomatova's rating: 1081 &rarr; <strong>1064<\/strong><br \/>(-17 for losing)\n|raw|RaidSpinel's rating: 1157 &rarr; <strong>1177<\/strong><br \/>(+20 for winning)\n|l|\u2606KarinaMomatova\n","uploadtime":1701120844,"views":7,"p1id":"karinamomatova","p2id":"raidspinel","formatid":"gen9vgc2023regulatione","rating":1064,"private":0,"password":""}