{"id":"gen9vgc2023regulatione-1995630833","p1":"ulomomu","p2":"VillagerZz","format":"[Gen 9] VGC 2023 Regulation E","log":"|j|\u2606ulomomu\n|j|\u2606VillagerZz\n|t:|1700589075\n|gametype|doubles\n|player|p1|ulomomu|juggler|1179\n|player|p2|VillagerZz|1|1122\n|teamsize|p1|6\n|teamsize|p2|6\n|gen|9\n|tier|[Gen 9] VGC 2023 Regulation E\n|rated|\n|rule|Species Clause: Limit one of each Pok\u00e9mon\n|rule|Item Clause: Limit one of each item\n|clearpoke\n|poke|p1|Annihilape, L50, F|\n|poke|p1|Sinistcha, L50|\n|poke|p1|Sableye, L50, M|\n|poke|p1|Landorus, L50, M|\n|poke|p1|Arcanine-Hisui, L50, M|\n|poke|p1|Iron Bundle, L50|\n|poke|p2|Gliscor, L50, M|\n|poke|p2|Gastrodon-East, L50, F|\n|poke|p2|Tyranitar, L50, M|\n|poke|p2|Ogerpon-Cornerstone, L50, F|\n|poke|p2|Gothitelle, L50, F|\n|poke|p2|Heatran, L50, M|\n|teampreview|4\n|inactive|Battle timer is ON: inactive players will automatically lose when time's up. (requested by VillagerZz)\n|inactive|ulomomu has 60 seconds left.\n|inactive|VillagerZz has 60 seconds left.\nulomomu rejected open team sheets.\n|\n|t:|1700589131\n|start\n|switch|p1a: Sableye|Sableye, L50, M|100\/100\n|switch|p1b: Annihilape|Annihilape, L50, F|100\/100\n|switch|p2a: Ogerpon|Ogerpon-Cornerstone, L50, F|100\/100\n|switch|p2b: Gliscor|Gliscor, L50, M, shiny|100\/100\n|turn|1\n|inactive|VillagerZz has 30 seconds left.\n|\n|t:|1700589159\n|move|p2a: Ogerpon|Spiky Shield|p2a: Ogerpon\n|-singleturn|p2a: Ogerpon|move: Protect\n|move|p1b: Annihilape|Protect|p1b: Annihilape\n|-singleturn|p1b: Annihilape|Protect\n|move|p1a: Sableye|Will-O-Wisp|p2a: Ogerpon\n|-activate|p2a: Ogerpon|move: Protect\n|move|p2b: Gliscor|Tailwind|p2b: Gliscor\n|-sidestart|p2: VillagerZz|move: Tailwind\n|\n|-status|p2b: Gliscor|tox|[from] item: Toxic Orb\n|upkeep\n|turn|2\n|inactive|VillagerZz has 30 seconds left.\n|\n|t:|1700589193\n|switch|p2a: Heatran|Heatran, L50, M|100\/100\n|-item|p2a: Heatran|Air Balloon\n|move|p1a: Sableye|Encore||[still]\n|-fail|p1a: Sableye\n|move|p2b: Gliscor|Earthquake|p1a: Sableye|[spread] p1a,p1b\n|-immune|p2a: Heatran\n|-damage|p1a: Sableye|58\/100\n|-damage|p1b: Annihilape|71\/100\n|move|p1b: Annihilape|Bulk Up|p1b: Annihilape\n|-boost|p1b: Annihilape|atk|1\n|-boost|p1b: Annihilape|def|1\n|\n|upkeep\n|turn|3\n|inactive|ulomomu has 30 seconds left.\n|inactive|VillagerZz has 30 seconds left.\n|\n|t:|1700589223\n|-terastallize|p2a: Heatran|Bug\n|move|p1a: Sableye|Light Screen|p1a: Sableye\n|-sidestart|p1: ulomomu|move: Light Screen\n|move|p2b: Gliscor|Earthquake|p1a: Sableye|[spread] p1a,p1b\n|-immune|p2a: Heatran\n|-damage|p1a: Sableye|13\/100\n|-damage|p1b: Annihilape|52\/100\n|move|p2a: Heatran|Heat Wave|p1a: Sableye|[spread] p1a,p1b\n|-damage|p1a: Sableye|0 fnt\n|-damage|p1b: Annihilape|31\/100\n|faint|p1a: Sableye\n|move|p1b: Annihilape|Drain Punch|p2a: Heatran\n|-resisted|p2a: Heatran\n|-damage|p2a: Heatran|78\/100\n|-heal|p1b: Annihilape|42\/100|[from] drain|[of] p2a: Heatran\n|-enditem|p2a: Heatran|Air Balloon\n|\n|upkeep\n|\n|t:|1700589240\n|switch|p1a: Sinistcha|Sinistcha, L50|100\/100\n|-heal|p1b: Annihilape|67\/100|[from] ability: Hospitality|[of] p1a: Sinistcha\n|turn|4\n|\n|t:|1700589255\n|-terastallize|p1a: Sinistcha|Dragon\n|move|p2b: Gliscor|Substitute|p2b: Gliscor\n|-start|p2b: Gliscor|Substitute\n|-damage|p2b: Gliscor|76\/100 tox\n|move|p2a: Heatran|Heat Wave|p1b: Annihilape|[spread] \n|-miss|p2a: Heatran|p1a: Sinistcha\n|-miss|p2a: Heatran|p1b: Annihilape\n|move|p1b: Annihilape|Rage Fist|p2a: Heatran\n|-damage|p2a: Heatran|0 fnt\n|faint|p2a: Heatran\n|move|p1a: Sinistcha|Life Dew||[still]|[spread] p1a,p1b\n|-fail|p1a: Sinistcha|heal\n|-heal|p1b: Annihilape|92\/100\n|\n|-heal|p2b: Gliscor|88\/100 tox|[from] ability: Poison Heal\n|-sideend|p2: VillagerZz|move: Tailwind\n|upkeep\n|\n|t:|1700589277\n|switch|p2a: Ogerpon|Ogerpon-Cornerstone, L50, F|100\/100\n|turn|5\n|inactive|ulomomu has 30 seconds left.\n|inactive|ulomomu has 20 seconds left.\n|inactive|ulomomu has 15 seconds left.\n|\n|t:|1700589318\n|move|p2b: Gliscor|Facade|p1a: Sinistcha\n|-damage|p1a: Sinistcha|70\/100\n|-damage|p2b: Gliscor|71\/100 tox|[from] item: Rocky Helmet|[of] p1a: Sinistcha\n|move|p2a: Ogerpon|Ivy Cudgel|p1a: Sinistcha|[anim] Ivy Cudgel Rock\n|-damage|p1a: Sinistcha|29\/100\n|move|p1b: Annihilape|Drain Punch|p2b: Gliscor\n|-resisted|p2b: Gliscor\n|-activate|p2b: Gliscor|move: Substitute|[damage]\n|-heal|p1b: Annihilape|99\/100|[from] drain|[of] p2b: Gliscor\n|move|p1a: Sinistcha|Matcha Gotcha|p2b: Gliscor|[spread] p2a,p2b\n|-end|p2b: Gliscor|Substitute\n|-heal|p1a: Sinistcha|30\/100|[from] drain|[of] p2b: Gliscor\n|-damage|p2a: Ogerpon|73\/100\n|-heal|p1a: Sinistcha|43\/100|[from] drain|[of] p2a: Ogerpon\n|\n|-heal|p2b: Gliscor|83\/100 tox|[from] ability: Poison Heal\n|upkeep\n|turn|6\n|inactive|ulomomu has 30 seconds left.\n|inactive|VillagerZz has 30 seconds left.\n|inactive|ulomomu has 20 seconds left.\n|\n|t:|1700589353\n|move|p2a: Ogerpon|Spiky Shield|p2a: Ogerpon\n|-singleturn|p2a: Ogerpon|move: Protect\n|move|p2b: Gliscor|Tailwind|p2b: Gliscor\n|-sidestart|p2: VillagerZz|move: Tailwind\n|move|p1b: Annihilape|Drain Punch|p2a: Ogerpon\n|-activate|p2a: Ogerpon|move: Protect\n|-damage|p1b: Annihilape|88\/100|[from] Spiky Shield|[of] p2a: Ogerpon\n|move|p1a: Sinistcha|Matcha Gotcha|p2a: Ogerpon|[spread] p2b\n|-activate|p2a: Ogerpon|move: Protect\n|-damage|p2b: Gliscor|49\/100 tox\n|-heal|p1a: Sinistcha|58\/100|[from] drain|[of] p2b: Gliscor\n|\n|-heal|p2b: Gliscor|61\/100 tox|[from] ability: Poison Heal\n|upkeep\n|turn|7\n|inactive|ulomomu has 30 seconds left.\n|inactive|VillagerZz has 30 seconds left.\n|\n|t:|1700589385\n|move|p1b: Annihilape|Protect|p1b: Annihilape\n|-singleturn|p1b: Annihilape|Protect\n|move|p2b: Gliscor|Facade|p1a: Sinistcha\n|-damage|p1a: Sinistcha|27\/100\n|-damage|p2b: Gliscor|44\/100 tox|[from] item: Rocky Helmet|[of] p1a: Sinistcha\n|move|p2a: Ogerpon|Ivy Cudgel|p1a: Sinistcha|[anim] Ivy Cudgel Rock\n|-damage|p1a: Sinistcha|0 fnt\n|faint|p1a: Sinistcha\n|\n|-heal|p2b: Gliscor|57\/100 tox|[from] ability: Poison Heal\n|-sideend|p1: ulomomu|move: Light Screen\n|upkeep\n|\n|t:|1700589397\n|switch|p1a: Landorus|Landorus, L50, M|100\/100\n|turn|8\n|\n|t:|1700589413\n|move|p2b: Gliscor|Substitute|p2b: Gliscor\n|-start|p2b: Gliscor|Substitute\n|-damage|p2b: Gliscor|32\/100 tox\n|move|p2a: Ogerpon|Ivy Cudgel|p1a: Landorus|[anim] Ivy Cudgel Rock\n|-damage|p1a: Landorus|43\/100\n|move|p1a: Landorus|Sandsear Storm|p2b: Gliscor|[spread] p2a\n|-immune|p2b: Gliscor\n|-damage|p2a: Ogerpon|18\/100\n|move|p1b: Annihilape|Rage Fist|p2b: Gliscor\n|-end|p2b: Gliscor|Substitute\n|\n|-heal|p2b: Gliscor|44\/100 tox|[from] ability: Poison Heal\n|upkeep\n|turn|9\n|\n|t:|1700589435\n|move|p1a: Landorus|Protect|p1a: Landorus\n|-singleturn|p1a: Landorus|Protect\n|move|p2b: Gliscor|Substitute|p2b: Gliscor\n|-start|p2b: Gliscor|Substitute\n|-damage|p2b: Gliscor|19\/100 tox\n|move|p2a: Ogerpon|Ivy Cudgel|p1a: Landorus|[anim] Ivy Cudgel Rock\n|-activate|p1a: Landorus|move: Protect\n|move|p1b: Annihilape|Drain Punch|p2a: Ogerpon\n|-supereffective|p2a: Ogerpon\n|-damage|p2a: Ogerpon|0 fnt\n|-heal|p1b: Annihilape|95\/100|[from] drain|[of] p2a: Ogerpon\n|faint|p2a: Ogerpon\n|\n|-heal|p2b: Gliscor|31\/100 tox|[from] ability: Poison Heal\n|-sideend|p2: VillagerZz|move: Tailwind\n|upkeep\n|\n|t:|1700589451\n|switch|p2a: Tyranitar|Tyranitar, L50, M|100\/100\n|-weather|Sandstorm|[from] ability: Sand Stream|[of] p2a: Tyranitar\n|turn|10\n|\n|t:|1700589468\n|move|p1a: Landorus|Sandsear Storm|p2a: Tyranitar|[spread] p2a\n|-immune|p2b: Gliscor\n|-supereffective|p2a: Tyranitar\n|-damage|p2a: Tyranitar|67\/100\n|move|p2b: Gliscor|Facade|p1a: Landorus\n|-damage|p1a: Landorus|2\/100\n|move|p1b: Annihilape|Drain Punch|p2a: Tyranitar\n|-supereffective|p2a: Tyranitar\n|-damage|p2a: Tyranitar|0 fnt\n|-heal|p1b: Annihilape|100\/100|[from] drain|[of] p2a: Tyranitar\n|faint|p2a: Tyranitar\n|\n|-weather|Sandstorm|[upkeep]\n|-damage|p1b: Annihilape|94\/100|[from] Sandstorm\n|-heal|p2b: Gliscor|43\/100 tox|[from] ability: Poison Heal\n|upkeep\n|turn|11\n|inactive|ulomomu has 30 seconds left.\n|\n|t:|1700589495\n|move|p1a: Landorus|Sludge Bomb|p2b: Gliscor\n|-resisted|p2b: Gliscor\n|-end|p2b: Gliscor|Substitute\n|move|p2b: Gliscor|Earthquake|p1b: Annihilape|[spread] p1b\n|-immune|p1a: Landorus\n|-damage|p1b: Annihilape|75\/100\n|move|p1b: Annihilape|Rage Fist|p2b: Gliscor\n|-crit|p2b: Gliscor\n|-damage|p2b: Gliscor|0 fnt\n|faint|p2b: Gliscor\n|\n|win|ulomomu\n|raw|ulomomu's rating: 1179 &rarr; <strong>1200<\/strong><br \/>(+21 for winning)\n|raw|VillagerZz's rating: 1122 &rarr; <strong>1101<\/strong><br \/>(-21 for losing)\n|l|\u2606VillagerZz\n|l|\u2606ulomomu\n|j|\u2606VillagerZz\n|player|p2|VillagerZz|1\n","uploadtime":1700589534,"views":4,"p1id":"ulomomu","p2id":"villagerzz","formatid":"gen9vgc2023regulatione","rating":1101,"private":0,"password":""}