{"id":"gen9vgc2023regulatione-1991335307","p1":"Dumdunsparce","p2":"Judang","format":"[Gen 9] VGC 2023 Regulation E","log":"|j|\u2606Dumdunsparce\n|j|\u2606Judang\n|t:|1700068581\n|gametype|doubles\n|player|p1|Dumdunsparce|harlequin|1386\n|player|p2|Judang|ruinmaniac|1488\n|teamsize|p1|6\n|teamsize|p2|6\n|gen|9\n|tier|[Gen 9] VGC 2023 Regulation E\n|rated|\n|rule|Species Clause: Limit one of each Pok\u00e9mon\n|rule|Item Clause: Limit one of each item\n|clearpoke\n|poke|p1|Thundurus, L50, M|\n|poke|p1|Rillaboom, L50, M|\n|poke|p1|Gholdengo, L50|\n|poke|p1|Roaring Moon, L50|\n|poke|p1|Milotic, L50, F|\n|poke|p1|Tauros-Paldea-Blaze, L50, M|\n|poke|p2|Tyranitar, L50, M|\n|poke|p2|Farigiraf, L50, F|\n|poke|p2|Garchomp, L50, M|\n|poke|p2|Chien-Pao, L50|\n|poke|p2|Glimmora, L50, M|\n|poke|p2|Zapdos-Galar, L50|\n|teampreview|4\nDumdunsparce rejected open team sheets.\n|inactive|Battle timer is ON: inactive players will automatically lose when time's up. (requested by Dumdunsparce)\n|\n|t:|1700068628\n|start\n|switch|p1a: Gholdengo|Gholdengo, L50|100\/100\n|switch|p1b: Roaring Moon|Roaring Moon, L50|100\/100\n|switch|p2a: Tyranitar|Tyranitar, L50, M|100\/100\n|switch|p2b: Zapdos|Zapdos-Galar, L50|100\/100\n|-weather|Sandstorm|[from] ability: Sand Stream|[of] p2a: Tyranitar\n|-enditem|p1b: Roaring Moon|Booster Energy\n|-activate|p1b: Roaring Moon|ability: Protosynthesis|[fromitem]\n|-start|p1b: Roaring Moon|protosynthesisspe\n|turn|1\n|inactive|Judang has 30 seconds left.\n|inactive|Judang has 20 seconds left.\n|inactive|Judang has 15 seconds left.\n|\n|t:|1700068669\n|-terastallize|p2b: Zapdos|Steel\n|-terastallize|p1a: Gholdengo|Steel\n|move|p1b: Roaring Moon|Tailwind|p1b: Roaring Moon\n|-sidestart|p1: Dumdunsparce|move: Tailwind\n|move|p1a: Gholdengo|Make It Rain|p2a: Tyranitar|[spread] p2a,p2b\n|-supereffective|p2a: Tyranitar\n|-resisted|p2b: Zapdos\n|-damage|p2a: Tyranitar|48\/100\n|-damage|p2b: Zapdos|53\/100\n|-unboost|p1a: Gholdengo|spa|1\n|move|p2b: Zapdos|Close Combat|p1b: Roaring Moon\n|-supereffective|p1b: Roaring Moon\n|-damage|p1b: Roaring Moon|0 fnt\n|-unboost|p2b: Zapdos|def|1\n|-unboost|p2b: Zapdos|spd|1\n|faint|p1b: Roaring Moon\n|-end|p1b: Roaring Moon|Protosynthesis|[silent]\n|move|p2a: Tyranitar|Knock Off|p1a: Gholdengo\n|-damage|p1a: Gholdengo|42\/100\n|-enditem|p1a: Gholdengo|Metal Coat|[from] move: Knock Off|[of] p2a: Tyranitar\n|\n|-weather|Sandstorm|[upkeep]\n|upkeep\n|inactive|Dumdunsparce has 30 seconds left.\n|\n|t:|1700068698\n|switch|p1b: Tauros|Tauros-Paldea-Blaze, L50, M|100\/100\n|-ability|p1b: Tauros|Intimidate|boost\n|-unboost|p2a: Tyranitar|atk|1\n|-unboost|p2b: Zapdos|atk|1\n|-ability|p2b: Zapdos|Defiant|boost\n|-boost|p2b: Zapdos|atk|2\n|turn|2\n|\n|t:|1700068719\n|switch|p2b: Farigiraf|Farigiraf, L50, F|100\/100\n|move|p1b: Tauros|Raging Bull|p2b: Farigiraf\n|-damage|p2b: Farigiraf|71\/100\n|move|p1a: Gholdengo|Nasty Plot|p1a: Gholdengo\n|-boost|p1a: Gholdengo|spa|2\n|move|p2a: Tyranitar|Knock Off|p1b: Tauros\n|-resisted|p1b: Tauros\n|-damage|p1b: Tauros|82\/100\n|-enditem|p1b: Tauros|Eject Pack|[from] move: Knock Off|[of] p2a: Tyranitar\n|\n|-weather|Sandstorm|[upkeep]\n|-damage|p1b: Tauros|75\/100|[from] Sandstorm\n|-damage|p2b: Farigiraf|65\/100|[from] Sandstorm\n|upkeep\n|turn|3\n|inactive|Dumdunsparce has 30 seconds left.\n|inactive|Judang has 30 seconds left.\n|inactive|Judang has 20 seconds left.\n|inactive|Judang has 15 seconds left.\n|inactive|Judang has 10 seconds left.\n|inactive|Judang has 5 seconds left.\n|\n|t:|1700068773\n|switch|p1b: Rillaboom|Rillaboom, L50, M|100\/100\n|-fieldstart|move: Grassy Terrain|[from] ability: Grassy Surge|[of] p1b: Rillaboom\n|move|p2b: Farigiraf|Ally Switch|p2b: Farigiraf\n|swap|p2b: Farigiraf|0|[from] move: Ally Switch\n|move|p1a: Gholdengo|Make It Rain|p2a: Farigiraf|[spread] p2a,p2b\n|-supereffective|p2b: Tyranitar\n|-damage|p2a: Farigiraf|0 fnt\n|-damage|p2b: Tyranitar|0 fnt\n|-unboost|p1a: Gholdengo|spa|1\n|faint|p2a: Farigiraf\n|faint|p2b: Tyranitar\n|\n|-weather|Sandstorm|[upkeep]\n|-damage|p1b: Rillaboom|95\/100|[from] Sandstorm\n|-heal|p1a: Gholdengo|48\/100|[from] Grassy Terrain\n|-heal|p1b: Rillaboom|100\/100|[from] Grassy Terrain\n|upkeep\n|\n|t:|1700068785\n|switch|p2b: Glimmora|Glimmora, L50, M|100\/100\n|switch|p2a: Zapdos|Zapdos-Galar, L50, tera:Steel|53\/100\n|turn|4\n|\n|t:|1700068797\n|move|p1b: Rillaboom|Fake Out|p2a: Zapdos\n|-resisted|p2a: Zapdos\n|-damage|p2a: Zapdos|44\/100\n|move|p1a: Gholdengo|Make It Rain|p2b: Glimmora|[spread] p2a,p2b\n|-resisted|p2a: Zapdos\n|-supereffective|p2b: Glimmora\n|-crit|p2b: Glimmora\n|-damage|p2a: Zapdos|6\/100\n|-damage|p2b: Glimmora|0 fnt\n|-unboost|p1a: Gholdengo|spa|1\n|faint|p2b: Glimmora\n|cant|p2a: Zapdos|flinch\n|\n|-weather|Sandstorm|[upkeep]\n|-damage|p1b: Rillaboom|95\/100|[from] Sandstorm\n|-heal|p1a: Gholdengo|54\/100|[from] Grassy Terrain\n|-heal|p2a: Zapdos|12\/100|[from] Grassy Terrain\n|-heal|p1b: Rillaboom|100\/100|[from] Grassy Terrain\n|-sideend|p1: Dumdunsparce|move: Tailwind\n|upkeep\n|turn|5\n|\n|t:|1700068820\n|move|p1b: Rillaboom|Grassy Glide|p2a: Zapdos\n|-resisted|p2a: Zapdos\n|-damage|p2a: Zapdos|0 fnt\n|faint|p2a: Zapdos\n|\n|win|Dumdunsparce\n|raw|Dumdunsparce's rating: 1386 &rarr; <strong>1412<\/strong><br \/>(+26 for winning)\n|raw|Judang's rating: 1488 &rarr; <strong>1462<\/strong><br \/>(-26 for losing)\n","uploadtime":1700068828,"views":10,"p1id":"dumdunsparce","p2id":"judang","formatid":"gen9vgc2023regulatione","rating":1412,"private":0,"password":""}