{"id":"gen9vgc2023regulatione-1997824467","p1":"Triir","p2":"cach92","format":"[Gen 9] VGC 2023 Regulation E","log":"|j|\u2606Triir\n|j|\u2606cach92\n|n|\u2606Triir|triir\n|n|\u2606cach92|cach92\n|html|View the match progress at <a href=\"\/game-bestof3-gen9vgc2023regulatione-1997821095\">game-bestof3-gen9vgc2023regulatione-1997821095<\/a>\n|t:|1700856677\n|gametype|doubles\n|player|p1|Triir|palmer|\n|player|p2|cach92|170|\n|teamsize|p1|6\n|teamsize|p2|6\n|gen|9\n|tier|[Gen 9] VGC 2023 Regulation E\n|rule|Species Clause: Limit one of each Pok\u00e9mon\n|rule|Item Clause: Limit one of each item\n|clearpoke\n|poke|p1|Urshifu-*, L50, F|\n|poke|p1|Tornadus, L50, M|\n|poke|p1|Regidrago, L50|\n|poke|p1|Rillaboom, L50, F|\n|poke|p1|Gholdengo, L50|\n|poke|p1|Ogerpon-Hearthflame, L50, F|\n|poke|p2|Brambleghast, L50, F|\n|poke|p2|Roaring Moon, L50|\n|poke|p2|Iron Hands, L50|\n|poke|p2|Tornadus, L50, M|\n|poke|p2|Arcanine-Hisui, L50, M|\n|poke|p2|Urshifu-*, L50, F|\n|teampreview|4\n|j| TaliZ0rah\ncach92 has agreed to open team sheets.\nTriir has agreed to open team sheets.\n|showteam|p1|Urshifu-Rapid-Strike||ChoiceScarf|UnseenFist|SurgingStrikes,CloseCombat,AquaJet,Uturn|||F|||50|,,,,,Poison]Tornadus||RockyHelmet|Prankster|BleakwindStorm,RainDance,Tailwind,Protect|||M|||50|,,,,,Ghost]Regidrago||DragonFang|DragonsMaw|DragonEnergy,DracoMeteor,EarthPower,Protect||||||50|,,,,,Steel]Rillaboom||AssaultVest|GrassySurge|FakeOut,WoodHammer,HighHorsepower,GrassyGlide|||F|||50|,,,,,Grass]Gholdengo||MetalCoat|GoodasGold|MakeItRain,ShadowBall,NastyPlot,Protect||||||50|,,,,,Dragon]Ogerpon-Hearthflame||HearthflameMask|MoldBreaker|IvyCudgel,GrassyGlide,FollowMe,SpikyShield|||F|||50|,,,,,Fire\n|showteam|p2|Brambleghast||FocusSash|WindRider|Poltergeist,PowerWhip,ShadowSneak,StrengthSap|||F|||50|,,,,,Ghost]Roaring Moon||BoosterEnergy|Protosynthesis|Acrobatics,KnockOff,DragonDance,Protect||||||50|,,,,,Flying]Iron Hands||AssaultVest|QuarkDrive|DrainPunch,WildCharge,HeavySlam,FakeOut||||||50|,,,,,Water]Tornadus||CovertCloak|Prankster|BleakwindStorm,Tailwind,RainDance,Taunt|||M|||50|,,,,,Fairy]Arcanine-Hisui||SitrusBerry|Intimidate|FlareBlitz,RockSlide,Howl,ExtremeSpeed|||M|||50|,,,,,Ghost]Urshifu-Rapid-Strike||MysticWater|UnseenFist|SurgingStrikes,CloseCombat,AquaJet,Detect|||F|||50|,,,,,Water\n|j| Zeprikan\n|\n|t:|1700856761\n|start\n|switch|p1a: Regidrago|Regidrago, L50|100\/100\n|switch|p1b: Ogerpon|Ogerpon-Hearthflame, L50, F|100\/100\n|switch|p2a: Tornadus|Tornadus, L50, M|100\/100\n|switch|p2b: Brambleghast|Brambleghast, L50, F|100\/100\n|-ability|p1b: Ogerpon|Mold Breaker\n|turn|1\n|\n|t:|1700856786\n|-terastallize|p2b: Brambleghast|Ghost\n|move|p1b: Ogerpon|Follow Me|p1b: Ogerpon\n|-singleturn|p1b: Ogerpon|move: Follow Me\n|move|p2a: Tornadus|Tailwind|p2a: Tornadus\n|-sidestart|p2: cach92|move: Tailwind\n|-ability|p2b: Brambleghast|Wind Rider|boost\n|-boost|p2b: Brambleghast|atk|1\n|move|p2b: Brambleghast|Poltergeist|p1b: Ogerpon\n|-activate|p1b: Ogerpon|move: Poltergeist|Hearthflame Mask\n|-crit|p1b: Ogerpon\n|-damage|p1b: Ogerpon|0 fnt\n|faint|p1b: Ogerpon\n|move|p1a: Regidrago|Dragon Energy|p2b: Brambleghast|[spread] p2a,p2b\n|-damage|p2a: Tornadus|4\/100\n|-enditem|p2b: Brambleghast|Focus Sash\n|-damage|p2b: Brambleghast|1\/100\n|\n|upkeep\n|\n|t:|1700856797\n|switch|p1b: Rillaboom|Rillaboom, L50, F|100\/100\n|-fieldstart|move: Grassy Terrain|[from] ability: Grassy Surge|[of] p1b: Rillaboom\n|turn|2\n|\n|t:|1700856833\n|move|p1a: Regidrago|Protect|p1a: Regidrago\n|-singleturn|p1a: Regidrago|Protect\n|move|p1b: Rillaboom|Grassy Glide|p2b: Brambleghast\n|-damage|p2b: Brambleghast|0 fnt\n|faint|p2b: Brambleghast\n|move|p2a: Tornadus|Bleakwind Storm|p1a: Regidrago|[spread] \n|-activate|p1a: Regidrago|move: Protect\n|-miss|p2a: Tornadus|p1b: Rillaboom\n|\n|upkeep\n|\n|t:|1700856851\n|switch|p2b: Roaring Moon|Roaring Moon, L50|100\/100\n|-enditem|p2b: Roaring Moon|Booster Energy\n|-activate|p2b: Roaring Moon|ability: Protosynthesis|[fromitem]\n|-start|p2b: Roaring Moon|protosynthesisatk\n|turn|3\n|\n|t:|1700856892\n|switch|p2a: Iron Hands|Iron Hands, L50|100\/100\n|move|p2b: Roaring Moon|Protect|p2b: Roaring Moon\n|-singleturn|p2b: Roaring Moon|Protect\n|move|p1b: Rillaboom|Grassy Glide|p2a: Iron Hands\n|-damage|p2a: Iron Hands|75\/100\n|move|p1a: Regidrago|Draco Meteor|p2b: Roaring Moon\n|-activate|p2b: Roaring Moon|move: Protect\n|\n|-heal|p2a: Iron Hands|81\/100|[from] Grassy Terrain\n|upkeep\n|turn|4\n|\n|t:|1700856967\n|switch|p1a: Urshifu|Urshifu-Rapid-Strike, L50, F|100\/100\n|move|p2a: Iron Hands|Fake Out|p1a: Urshifu\n|-damage|p1a: Urshifu|83\/100\n|move|p2b: Roaring Moon|Dragon Dance|p2b: Roaring Moon\n|-boost|p2b: Roaring Moon|atk|1\n|-boost|p2b: Roaring Moon|spe|1\n|move|p1b: Rillaboom|Wood Hammer|p2a: Iron Hands\n|-damage|p2a: Iron Hands|23\/100\n|-damage|p1b: Rillaboom|78\/100|[from] Recoil\n|\n|-heal|p1a: Urshifu|90\/100|[from] Grassy Terrain\n|-heal|p2a: Iron Hands|29\/100|[from] Grassy Terrain\n|-heal|p1b: Rillaboom|84\/100|[from] Grassy Terrain\n|-sideend|p2: cach92|move: Tailwind\n|upkeep\n|turn|5\n|\n|t:|1700856990\n|-end|p2a: Iron Hands|Quark Drive|[silent]\n|switch|p2a: Tornadus|Tornadus, L50, M|4\/100\n|-terastallize|p1a: Urshifu|Poison\n|move|p1b: Rillaboom|Grassy Glide|p2a: Tornadus\n|-resisted|p2a: Tornadus\n|-damage|p2a: Tornadus|0 fnt\n|faint|p2a: Tornadus\n|move|p2b: Roaring Moon|Acrobatics|p1a: Urshifu\n|-damage|p1a: Urshifu|7\/100\n|move|p1a: Urshifu|Close Combat|p2b: Roaring Moon\n|-supereffective|p2b: Roaring Moon\n|-damage|p2b: Roaring Moon|0 fnt\n|-unboost|p1a: Urshifu|def|1\n|-unboost|p1a: Urshifu|spd|1\n|faint|p2b: Roaring Moon\n|-end|p2b: Roaring Moon|Protosynthesis|[silent]\n|\n|-heal|p1a: Urshifu|14\/100|[from] Grassy Terrain\n|-heal|p1b: Rillaboom|89\/100|[from] Grassy Terrain\n|upkeep\n|\n|t:|1700857018\n|switch|p2b: Iron Hands|Iron Hands, L50|29\/100\n|turn|6\n|l| Zeprikan\n|\n|t:|1700857032\n|switch|p1a: Regidrago|Regidrago, L50|100\/100\n|move|p2b: Iron Hands|Fake Out|p1a: Regidrago\n|-damage|p1a: Regidrago|82\/100\n|move|p1b: Rillaboom|Wood Hammer|p2b: Iron Hands\n|-damage|p2b: Iron Hands|0 fnt\n|faint|p2b: Iron Hands\n|-end|p2b: Iron Hands|Quark Drive|[silent]\n|-damage|p1b: Rillaboom|79\/100|[from] Recoil\n|\n|win|Triir\n|c|&|\/uhtml prompt-triir,Triir is ready for game 3!\n|inactive|cach92 has 50 seconds to confirm battle start!\n","uploadtime":1700857052,"views":13,"p1id":"triir","p2id":"cach92","formatid":"gen9vgc2023regulatione","rating":0,"private":0,"password":""}