{"id":"gen9vgc2023regulatione-1998227894","p1":"Justyoujustyou","p2":"Politoed gamer","format":"[Gen 9] VGC 2023 Regulation E","log":"|j|\u2606Justyoujustyou\n|j|\u2606Politoed gamer\n|t:|1700916263\n|gametype|doubles\n|player|p1|Justyoujustyou|170|1052\n|player|p2|Politoed gamer|265|1146\n|teamsize|p1|6\n|teamsize|p2|6\n|gen|9\n|tier|[Gen 9] VGC 2023 Regulation E\n|rated|\n|rule|Species Clause: Limit one of each Pok\u00e9mon\n|rule|Item Clause: Limit one of each item\n|clearpoke\n|poke|p1|Flutter Mane, L50|\n|poke|p1|Arcanine-Hisui, L50, F|\n|poke|p1|Iron Hands, L50|\n|poke|p1|Tornadus, L50, M|\n|poke|p1|Urshifu-*, L50, M|\n|poke|p1|Amoonguss, L50, F|\n|poke|p2|Iron Treads, L50|\n|poke|p2|Iron Jugulis, L50|\n|poke|p2|Politoed, L50, F|\n|poke|p2|Sableye, L50, F|\n|poke|p2|Thundurus-Therian, L50, M|\n|poke|p2|Farigiraf, L50, F|\n|teampreview|4\n|\n|t:|1700916308\n|start\n|switch|p1a: Amoonguss|Amoonguss, L50, F|100\/100\n|switch|p1b: Iron Hands|Iron Hands, L50|100\/100\n|switch|p2a: Sableye|Sableye, L50, F|100\/100\n|switch|p2b: Iron Jugulis|Iron Jugulis, L50|100\/100\n|-enditem|p2b: Iron Jugulis|Booster Energy\n|-activate|p2b: Iron Jugulis|ability: Quark Drive|[fromitem]\n|-start|p2b: Iron Jugulis|quarkdrivespa\n|turn|1\n|\n|t:|1700916331\n|move|p2b: Iron Jugulis|Protect|p2b: Iron Jugulis\n|-singleturn|p2b: Iron Jugulis|Protect\n|move|p2a: Sableye|Gravity|p2a: Sableye\n|-fieldstart|move: Gravity\n|move|p1b: Iron Hands|Wild Charge|p2b: Iron Jugulis\n|-activate|p2b: Iron Jugulis|move: Protect\n|move|p1a: Amoonguss|Spore|p2b: Iron Jugulis\n|-activate|p2b: Iron Jugulis|move: Protect\n|\n|upkeep\n|turn|2\n|\n|t:|1700916371\n|-terastallize|p1b: Iron Hands|Steel\n|move|p2a: Sableye|Will-O-Wisp|p1b: Iron Hands\n|-status|p1b: Iron Hands|brn\n|move|p2b: Iron Jugulis|Hurricane|p1a: Amoonguss\n|-supereffective|p1a: Amoonguss\n|-damage|p1a: Amoonguss|0 fnt\n|faint|p1a: Amoonguss\n|move|p1b: Iron Hands|Wild Charge|p2b: Iron Jugulis\n|-supereffective|p2b: Iron Jugulis\n|-damage|p2b: Iron Jugulis|41\/100\n|-damage|p1b: Iron Hands|90\/100 brn|[from] Recoil\n|\n|-damage|p1b: Iron Hands|84\/100 brn|[from] brn\n|upkeep\n|\n|t:|1700916385\n|switch|p1a: Urshifu|Urshifu-Rapid-Strike, L50, M|100\/100\n|turn|3\n|\n|t:|1700916404\n|move|p2b: Iron Jugulis|Protect|p2b: Iron Jugulis\n|-singleturn|p2b: Iron Jugulis|Protect\n|move|p2a: Sableye|Will-O-Wisp|p1a: Urshifu\n|-status|p1a: Urshifu|brn\n|move|p1a: Urshifu|Surging Strikes|p2a: Sableye\n|-crit|p2a: Sableye\n|-damage|p2a: Sableye|86\/100\n|-crit|p2a: Sableye\n|-damage|p2a: Sableye|70\/100\n|-crit|p2a: Sableye\n|-damage|p2a: Sableye|55\/100\n|-hitcount|p2a: Sableye|3\n|move|p1b: Iron Hands|Wild Charge|p2b: Iron Jugulis\n|-activate|p2b: Iron Jugulis|move: Protect\n|\n|-damage|p1a: Urshifu|94\/100 brn|[from] brn\n|-damage|p1b: Iron Hands|78\/100 brn|[from] brn\n|upkeep\n|turn|4\n|\n|t:|1700916426\n|move|p2b: Iron Jugulis|Hurricane|p1a: Urshifu\n|-supereffective|p1a: Urshifu\n|-damage|p1a: Urshifu|0 fnt\n|faint|p1a: Urshifu\n|move|p1b: Iron Hands|Wild Charge|p2b: Iron Jugulis\n|-supereffective|p2b: Iron Jugulis\n|-damage|p2b: Iron Jugulis|0 fnt\n|faint|p2b: Iron Jugulis\n|-end|p2b: Iron Jugulis|Quark Drive|[silent]\n|-damage|p1b: Iron Hands|71\/100 brn|[from] Recoil\n|move|p2a: Sableye|Foul Play|p1b: Iron Hands\n|-damage|p1b: Iron Hands|39\/100 brn\n|\n|-damage|p1b: Iron Hands|32\/100 brn|[from] brn\n|upkeep\n|\n|t:|1700916449\n|switch|p2b: Iron Treads|Iron Treads, L50|100\/100\n|switch|p1a: Tornadus|Tornadus, L50, M|100\/100\n|turn|5\n|\n|t:|1700916505\n|-terastallize|p2b: Iron Treads|Ground\n|move|p2b: Iron Treads|Earthquake|p1a: Tornadus|[spread] p2a,p1a,p1b\n|-supereffective|p1b: Iron Hands\n|-damage|p2a: Sableye|0 fnt\n|-damage|p1a: Tornadus|29\/100\n|-damage|p1b: Iron Hands|0 fnt\n|faint|p2a: Sableye\n|faint|p1b: Iron Hands\n|-end|p1b: Iron Hands|Quark Drive|[silent]\n|move|p1a: Tornadus|Bleakwind Storm|p2b: Iron Treads\n|-damage|p2b: Iron Treads|37\/100\n|\n|-fieldend|move: Gravity\n|upkeep\n|\n|t:|1700916515\n|switch|p2a: Politoed|Politoed, L50, F|100\/100\n|-weather|RainDance|[from] ability: Drizzle|[of] p2a: Politoed\n|turn|6\n|\n|t:|1700916526\n|move|p2b: Iron Treads|Earthquake|p1a: Tornadus|[spread] p2a\n|-immune|p1a: Tornadus\n|-crit|p2a: Politoed\n|-damage|p2a: Politoed|0 fnt\n|faint|p2a: Politoed\n|move|p1a: Tornadus|Bleakwind Storm|p2b: Iron Treads\n|-damage|p2b: Iron Treads|0 fnt\n|faint|p2b: Iron Treads\n|-end|p2b: Iron Treads|Quark Drive|[silent]\n|\n|win|Justyoujustyou\n|raw|Justyoujustyou's rating: 1052 &rarr; <strong>1093<\/strong><br \/>(+41 for winning)\n|raw|Politoed gamer's rating: 1146 &rarr; <strong>1114<\/strong><br \/>(-32 for losing)\n|l|\u2606Politoed gamer\n","uploadtime":1700916541,"views":11,"p1id":"justyoujustyou","p2id":"politoedgamer","formatid":"gen9vgc2023regulatione","rating":1093,"private":0,"password":""}