{"id":"gen9vgc2023regulatione-1992824835","p1":"ObinWanKenobi","p2":"Arwyl17","format":"[Gen 9] VGC 2023 Regulation E","log":"|j|\u2606ObinWanKenobi\n|j|\u2606Arwyl17\n|t:|1700238673\n|gametype|doubles\n|player|p1|ObinWanKenobi|265|1398\n|player|p2|Arwyl17|265|1396\n|teamsize|p1|6\n|teamsize|p2|6\n|gen|9\n|tier|[Gen 9] VGC 2023 Regulation E\n|rated|\n|rule|Species Clause: Limit one of each Pok\u00e9mon\n|rule|Item Clause: Limit one of each item\n|clearpoke\n|poke|p1|Tornadus, L50, M|\n|poke|p1|Urshifu-*, L50, F|\n|poke|p1|Chien-Pao, L50|\n|poke|p1|Clefairy, L50, F|\n|poke|p1|Arcanine-Hisui, L50, F|\n|poke|p1|Rillaboom, L50, F|\n|poke|p2|Moltres-Galar, L50|\n|poke|p2|Sinistcha, L50|\n|poke|p2|Grimmsnarl, L50, M|\n|poke|p2|Ninetales-Alola, L50, M|\n|poke|p2|Baxcalibur, L50, F|\n|poke|p2|Milotic, L50, M|\n|teampreview|4\n|\n|t:|1700238707\n|start\n|switch|p1a: Cloud9 Store|Tornadus, L50, M, shiny|100\/100\n|switch|p1b: Harambe Incarnate|Rillaboom, L50, F, shiny|100\/100\n|switch|p2a: Grimmsnarl|Grimmsnarl, L50, M|100\/100\n|switch|p2b: Moltres|Moltres-Galar, L50|100\/100\n|-fieldstart|move: Grassy Terrain|[from] ability: Grassy Surge|[of] p1b: Harambe Incarnate\n|turn|1\n|\n|t:|1700238740\n|move|p1b: Harambe Incarnate|Fake Out|p2b: Moltres\n|-damage|p2b: Moltres|87\/100\n|move|p1a: Cloud9 Store|Tailwind|p1a: Cloud9 Store\n|-sidestart|p1: ObinWanKenobi|move: Tailwind\n|move|p2a: Grimmsnarl|Reflect|p2a: Grimmsnarl\n|-sidestart|p2: Arwyl17|Reflect\n|cant|p2b: Moltres|flinch\n|\n|upkeep\n|turn|2\n|\n|t:|1700238758\n|move|p2a: Grimmsnarl|Light Screen|p2a: Grimmsnarl\n|-sidestart|p2: Arwyl17|move: Light Screen\n|move|p1a: Cloud9 Store|Bleakwind Storm|p2a: Grimmsnarl|[spread] p2a,p2b\n|-damage|p2a: Grimmsnarl|78\/100\n|-damage|p2b: Moltres|71\/100\n|-unboost|p2b: Moltres|spe|1\n|move|p1b: Harambe Incarnate|Knock Off|p2b: Moltres\n|-resisted|p2b: Moltres\n|-damage|p2b: Moltres|60\/100\n|-enditem|p2b: Moltres|Sitrus Berry|[from] move: Knock Off|[of] p1b: Harambe Incarnate\n|move|p2b: Moltres|Nasty Plot|p2b: Moltres\n|-boost|p2b: Moltres|spa|2\n|\n|-heal|p2a: Grimmsnarl|84\/100|[from] Grassy Terrain\n|upkeep\n|turn|3\n|\n|t:|1700238802\n|switch|p1a: Clifford|Arcanine-Hisui, L50, F|100\/100\n|-ability|p1a: Clifford|Intimidate|boost\n|-unboost|p2a: Grimmsnarl|atk|1\n|-unboost|p2b: Moltres|atk|1\n|move|p1b: Harambe Incarnate|Wood Hammer|p2a: Grimmsnarl\n|-damage|p2a: Grimmsnarl|13\/100\n|-damage|p1b: Harambe Incarnate|77\/100|[from] Recoil\n|move|p2a: Grimmsnarl|Spirit Break|p1a: Clifford\n|-resisted|p1a: Clifford\n|-damage|p1a: Clifford|86\/100\n|-unboost|p1a: Clifford|spa|1\n|move|p2b: Moltres|Fiery Wrath|p1a: Clifford|[spread] p1a,p1b\n|-damage|p1a: Clifford|11\/100\n|-damage|p1b: Harambe Incarnate|33\/100\n|\n|-heal|p1a: Clifford|17\/100|[from] Grassy Terrain\n|-heal|p1b: Harambe Incarnate|39\/100|[from] Grassy Terrain\n|-heal|p2a: Grimmsnarl|19\/100|[from] Grassy Terrain\n|upkeep\n|turn|4\n|\n|t:|1700238858\n|-terastallize|p2b: Moltres|Poison\n|move|p1a: Clifford|Rock Slide|p2b: Moltres|[spread] p2a,p2b\n|-damage|p2a: Grimmsnarl|0 fnt\n|-damage|p2b: Moltres|41\/100\n|faint|p2a: Grimmsnarl\n|-ability|p2b: Moltres|Berserk|boost\n|-boost|p2b: Moltres|spa|1\n|-enditem|p1a: Clifford|Mirror Herb\n|-boost|p1a: Clifford|spa|1|[from] item: Mirror Herb\n|move|p1b: Harambe Incarnate|U-turn|p2b: Moltres\n|-resisted|p2b: Moltres\n|-damage|p2b: Moltres|33\/100\n|\n|t:|1700238872\n|switch|p1b: Cloud9 Store|Tornadus, L50, M, shiny|100\/100|[from] U-turn\n|move|p2b: Moltres|Fiery Wrath|p1a: Clifford|[spread] p1a,p1b\n|-damage|p1a: Clifford|0 fnt\n|-damage|p1b: Cloud9 Store|1\/100\n|faint|p1a: Clifford\n|\n|-heal|p2b: Moltres|39\/100|[from] Grassy Terrain\n|-sideend|p1: ObinWanKenobi|move: Tailwind\n|upkeep\n|\n|t:|1700238887\n|switch|p1a: KittenOfRuin|Chien-Pao, L50|100\/100\n|switch|p2a: Sinistcha|Sinistcha, L50|100\/100\n|-ability|p1a: KittenOfRuin|Sword of Ruin\n|-heal|p2b: Moltres|64\/100|[from] ability: Hospitality|[of] p2a: Sinistcha\n|turn|5\n|\n|t:|1700238928\n|switch|p2a: Milotic|Milotic, L50, M|100\/100\n|move|p1a: KittenOfRuin|Crunch|p2b: Moltres\n|-damage|p2b: Moltres|19\/100\n|-unboost|p2b: Moltres|def|1\n|-ability|p2b: Moltres|Berserk|boost\n|-boost|p2b: Moltres|spa|1\n|-damage|p1a: KittenOfRuin|91\/100|[from] item: Life Orb\n|move|p1b: Cloud9 Store|Bleakwind Storm|p2b: Moltres|[spread] p2a,p2b\n|-damage|p2a: Milotic|89\/100\n|-damage|p2b: Moltres|4\/100\n|move|p2b: Moltres|Fiery Wrath|p1a: KittenOfRuin|[spread] p1a,p1b\n|-resisted|p1a: KittenOfRuin\n|-damage|p1a: KittenOfRuin|8\/100\n|-damage|p1b: Cloud9 Store|0 fnt\n|faint|p1b: Cloud9 Store\n|\n|-heal|p1a: KittenOfRuin|13\/100|[from] Grassy Terrain\n|-heal|p2a: Milotic|95\/100|[from] Grassy Terrain\n|-heal|p2a: Milotic|100\/100|[from] item: Leftovers\n|-heal|p2b: Moltres|10\/100|[from] Grassy Terrain\n|-fieldend|move: Grassy Terrain\n|upkeep\n|\n|t:|1700238940\n|switch|p1b: Harambe Incarnate|Rillaboom, L50, F, shiny|39\/100\n|-fieldstart|move: Grassy Terrain|[from] ability: Grassy Surge|[of] p1b: Harambe Incarnate\n|turn|6\n|\n|t:|1700238989\n|move|p1b: Harambe Incarnate|Fake Out|p2a: Milotic\n|-damage|p2a: Milotic|86\/100\n|move|p1a: KittenOfRuin|Crunch|p2b: Moltres\n|-damage|p2b: Moltres|0 fnt\n|faint|p2b: Moltres\n|-damage|p1a: KittenOfRuin|4\/100|[from] item: Life Orb\n|cant|p2a: Milotic|flinch\n|\n|-heal|p1a: KittenOfRuin|9\/100|[from] Grassy Terrain\n|-heal|p1b: Harambe Incarnate|45\/100|[from] Grassy Terrain\n|-heal|p2a: Milotic|92\/100|[from] Grassy Terrain\n|-heal|p2a: Milotic|98\/100|[from] item: Leftovers\n|upkeep\n|\n|t:|1700239003\n|switch|p2b: Sinistcha|Sinistcha, L50|100\/100\n|-heal|p2a: Milotic|100\/100|[from] ability: Hospitality|[of] p2b: Sinistcha\n|turn|7\n|\n|t:|1700239045\n|move|p1a: KittenOfRuin|Protect|p1a: KittenOfRuin\n|-singleturn|p1a: KittenOfRuin|Protect\n|move|p2b: Sinistcha|Protect|p2b: Sinistcha\n|-singleturn|p2b: Sinistcha|Protect\n|move|p1b: Harambe Incarnate|Wood Hammer|p2a: Milotic\n|-supereffective|p2a: Milotic\n|-damage|p2a: Milotic|0 fnt\n|faint|p2a: Milotic\n|-damage|p1b: Harambe Incarnate|11\/100|[from] Recoil\n|\n|-heal|p1a: KittenOfRuin|15\/100|[from] Grassy Terrain\n|-heal|p1b: Harambe Incarnate|17\/100|[from] Grassy Terrain\n|upkeep\n|turn|8\n|c|\u2606ObinWanKenobi|Gg\n|\n|t:|1700239061\n|move|p1a: KittenOfRuin|Crunch|p2b: Sinistcha\n|-supereffective|p2b: Sinistcha\n|-damage|p2b: Sinistcha|33\/100\n|-damage|p1a: KittenOfRuin|0 fnt|[from] item: Rocky Helmet|[of] p2b: Sinistcha\n|faint|p1a: KittenOfRuin\n|move|p1b: Harambe Incarnate|Knock Off|p2b: Sinistcha\n|-supereffective|p2b: Sinistcha\n|-damage|p2b: Sinistcha|0 fnt\n|-damage|p1b: Harambe Incarnate|1\/100|[from] item: Rocky Helmet|[of] p2b: Sinistcha\n|-enditem|p2b: Sinistcha|Rocky Helmet|[from] move: Knock Off|[of] p1b: Harambe Incarnate\n|faint|p2b: Sinistcha\n|\n|win|ObinWanKenobi\n|raw|ObinWanKenobi's rating: 1398 &rarr; <strong>1418<\/strong><br \/>(+20 for winning)\n|raw|Arwyl17's rating: 1396 &rarr; <strong>1376<\/strong><br \/>(-20 for losing)\n","uploadtime":1700239095,"views":30,"p1id":"obinwankenobi","p2id":"arwyl17","formatid":"gen9vgc2023regulatione","rating":1376,"private":0,"password":""}