{"id":"gen9vgc2023regulatione-1999356020","p1":"Venus554","p2":"slimejrlegit","format":"[Gen 9] VGC 2023 Regulation E","log":"|j|\u2606Venus554\n|j|\u2606slimejrlegit\n|t:|1701065797\n|gametype|doubles\n|player|p1|Venus554|n|1528\n|player|p2|slimejrlegit|169|1463\n|teamsize|p1|6\n|teamsize|p2|6\n|gen|9\n|tier|[Gen 9] VGC 2023 Regulation E\n|rated|\n|rule|Species Clause: Limit one of each Pok\u00e9mon\n|rule|Item Clause: Limit one of each item\n|clearpoke\n|poke|p1|Ogerpon-Wellspring, L50, F|\n|poke|p1|Glimmora, L50, F|\n|poke|p1|Garganacl, L50, F|\n|poke|p1|Gholdengo, L50|\n|poke|p1|Salamence, L50, F|\n|poke|p1|Iron Hands, L50|\n|poke|p2|Armarouge, L50, F|\n|poke|p2|Milotic, L50, M|\n|poke|p2|Regieleki, L50|\n|poke|p2|Enamorus, L50, F|\n|poke|p2|Sneasler, L50, F|\n|poke|p2|Indeedee-F, L50, F|\n|teampreview|4\nVenus554 has agreed to open team sheets.\n|inactive|Battle timer is ON: inactive players will automatically lose when time's up. (requested by slimejrlegit)\n|\n|t:|1701065834\n|start\n|switch|p1a: Glimmora|Glimmora, L50, F|100\/100\n|switch|p1b: Salamence|Salamence, L50, F|100\/100\n|switch|p2a: Indeedee|Indeedee-F, L50, F|100\/100\n|switch|p2b: Armarouge|Armarouge, L50, F|100\/100\n|-ability|p1b: Salamence|Intimidate|boost\n|-unboost|p2a: Indeedee|atk|1\n|-unboost|p2b: Armarouge|atk|1\n|-fieldstart|move: Psychic Terrain|[from] ability: Psychic Surge|[of] p2a: Indeedee\n|turn|1\n|c|\u2606slimejrlegit|You know what I\u2019m finna do\n|\n|t:|1701065849\n|-terastallize|p2b: Armarouge|Psychic\n|move|p2a: Indeedee|Follow Me|p2a: Indeedee\n|-singleturn|p2a: Indeedee|move: Follow Me\n|move|p1b: Salamence|Rock Slide|p2a: Indeedee|[spread] p2a,p2b\n|-damage|p2a: Indeedee|75\/100\n|-damage|p2b: Armarouge|81\/100\n|move|p1a: Glimmora|Mortal Spin|p2a: Indeedee|[spread] p2a,p2b\n|-damage|p2a: Indeedee|68\/100\n|-damage|p2b: Armarouge|76\/100\n|-status|p2a: Indeedee|psn\n|-status|p2b: Armarouge|psn\n|-damage|p1a: Glimmora|84\/100|[from] item: Rocky Helmet|[of] p2a: Indeedee\n|move|p2b: Armarouge|Expanding Force|p1b: Salamence|[spread] p1a,p1b\n|-supereffective|p1a: Glimmora\n|-damage|p1a: Glimmora|0 fnt\n|-damage|p1b: Salamence|0 fnt\n|faint|p1a: Glimmora\n|faint|p1b: Salamence\n|-damage|p2b: Armarouge|66\/100 psn|[from] item: Life Orb\n|\n|-damage|p2b: Armarouge|54\/100 psn|[from] psn\n|-damage|p2a: Indeedee|55\/100 psn|[from] psn\n|upkeep\n|c|\u2606Venus554|time to go throught the feels\n|j| Holoqme\n|\n|t:|1701065873\n|switch|p1b: Garganacl|Garganacl, L50, F|100\/100\n|switch|p1a: Gholdengo|Gholdengo, L50|100\/100\n|turn|2\n|\n|t:|1701065901\n|move|p2b: Armarouge|Wide Guard|p2b: Armarouge\n|-singleturn|p2b: Armarouge|Wide Guard\n|move|p1a: Gholdengo|Shadow Ball|p2b: Armarouge\n|-supereffective|p2b: Armarouge\n|-damage|p2b: Armarouge|0 fnt\n|faint|p2b: Armarouge\n|-damage|p1a: Gholdengo|91\/100|[from] item: Life Orb\n|move|p2a: Indeedee|Dazzling Gleam|p1a: Gholdengo|[spread] p1a,p1b\n|-resisted|p1a: Gholdengo\n|-damage|p1a: Gholdengo|83\/100\n|-damage|p1b: Garganacl|90\/100\n|move|p1b: Garganacl|Salt Cure|p2a: Indeedee\n|-damage|p2a: Indeedee|36\/100 psn\n|-start|p2a: Indeedee|Salt Cure\n|\n|-heal|p1b: Garganacl|96\/100|[from] item: Leftovers\n|-damage|p2a: Indeedee|24\/100 psn|[from] psn\n|-damage|p2a: Indeedee|11\/100 psn|[from] Salt Cure\n|upkeep\n|\n|t:|1701065907\n|switch|p2b: Regieleki|Regieleki, L50|100\/100\n|turn|3\n|\n|t:|1701065930\n|move|p2b: Regieleki|Protect|p2b: Regieleki\n|-singleturn|p2b: Regieleki|Protect\n|move|p1a: Gholdengo|Make It Rain|p2a: Indeedee|[spread] p2a\n|-activate|p2b: Regieleki|move: Protect\n|-damage|p2a: Indeedee|0 fnt\n|-unboost|p1a: Gholdengo|spa|1\n|faint|p2a: Indeedee\n|-damage|p1a: Gholdengo|73\/100|[from] item: Life Orb\n|move|p1b: Garganacl|Salt Cure|p2b: Regieleki\n|-activate|p2b: Regieleki|move: Protect\n|\n|-heal|p1b: Garganacl|100\/100|[from] item: Leftovers\n|upkeep\n|\n|t:|1701065933\n|switch|p2a: Doja Cat|Enamorus, L50, F|100\/100\n|turn|4\n|c|\u2606slimejrlegit|Gg\n|j| newbucket\n|\n|t:|1701065956\n|-terastallize|p1b: Garganacl|Ghost\n|move|p2b: Regieleki|Eerie Impulse|p2a: Doja Cat\n|-boost|p2a: Doja Cat|spa|2\n|move|p2a: Doja Cat|Earth Power|p1a: Gholdengo\n|-supereffective|p1a: Gholdengo\n|-damage|p1a: Gholdengo|0 fnt\n|faint|p1a: Gholdengo\n|move|p1b: Garganacl|Salt Cure|p2a: Doja Cat\n|-supereffective|p2a: Doja Cat\n|-damage|p2a: Doja Cat|57\/100\n|-start|p2a: Doja Cat|Salt Cure\n|\n|-damage|p2a: Doja Cat|44\/100|[from] Salt Cure\n|upkeep\n|turn|5\n|c|\u2606Venus554|ah I see\n|c|\u2606slimejrlegit|Reginamorus\n|inactive|Venus554 has 30 seconds left.\n|\n|t:|1701065986\n|move|p2b: Regieleki|Eerie Impulse|p2a: Doja Cat\n|-boost|p2a: Doja Cat|spa|2\n|move|p2a: Doja Cat|Earth Power|p1b: Garganacl\n|-damage|p1b: Garganacl|0 fnt\n|faint|p1b: Garganacl\n|\n|win|slimejrlegit\n|raw|Venus554's rating: 1528 &rarr; <strong>1504<\/strong><br \/>(-24 for losing)\n|raw|slimejrlegit's rating: 1463 &rarr; <strong>1487<\/strong><br \/>(+24 for winning)\n|l|\u2606Venus554\n|c|\u2606slimejrlegit|Basically flutter mane with even more powerr\n|l| newbucket\n|l| Holoqme\n","uploadtime":1701066110,"views":5,"p1id":"venus554","p2id":"slimejrlegit","formatid":"gen9vgc2023regulatione","rating":1487,"private":0,"password":""}