{"id":"gen9vgc2023regulatione-1989452920","p1":"Fripp70!","p2":"Kzjhekz","format":"[Gen 9] VGC 2023 Regulation E","log":"|j|\u2606Fripp70!\n|j|\u2606Kzjhekz\n|t:|1699852720\n|gametype|doubles\n|player|p1|Fripp70!|swimmerf|1145\n|player|p2|Kzjhekz|lance|1117\n|teamsize|p1|6\n|teamsize|p2|6\n|gen|9\n|tier|[Gen 9] VGC 2023 Regulation E\n|rated|\n|rule|Species Clause: Limit one of each Pok\u00e9mon\n|rule|Item Clause: Limit one of each item\n|clearpoke\n|poke|p1|Gholdengo, L50|\n|poke|p1|Tornadus, L50, M|\n|poke|p1|Regidrago, L50|\n|poke|p1|Barraskewda, L50, M|\n|poke|p1|Regieleki, L50|\n|poke|p1|Flutter Mane, L50|\n|poke|p2|Flutter Mane, L50|\n|poke|p2|Tornadus, L50, M|\n|poke|p2|Rillaboom, L50, M|\n|poke|p2|Garganacl, L50, F|\n|poke|p2|Arcanine-Hisui, L50, M|\n|poke|p2|Chien-Pao, L50|\n|teampreview|4\n|\n|t:|1699852742\n|start\n|switch|p1a: Tornadus|Tornadus, L50, M|100\/100\n|switch|p1b: Gholdengo|Gholdengo, L50|100\/100\n|switch|p2a: Tornadus|Tornadus, L50, M|100\/100\n|switch|p2b: Garganacl|Garganacl, L50, F|100\/100\n|turn|1\n|inactive|Battle timer is ON: inactive players will automatically lose when time's up. (requested by Fripp70!)\n|\n|t:|1699852768\n|-terastallize|p1b: Gholdengo|Steel\n|-terastallize|p2b: Garganacl|Ghost\n|move|p1a: Tornadus|Tailwind|p1a: Tornadus\n|-sidestart|p1: Fripp70!|move: Tailwind\n|move|p1b: Gholdengo|Make It Rain|p2a: Tornadus|[spread] p2a,p2b\n|-damage|p2a: Tornadus|50\/100\n|-damage|p2b: Garganacl|53\/100\n|-unboost|p1b: Gholdengo|spa|1\n|move|p2a: Tornadus|Bleakwind Storm|p1a: Tornadus|[spread] p1a\n|-miss|p2a: Tornadus|p1b: Gholdengo\n|-damage|p1a: Tornadus|56\/100\n|move|p2b: Garganacl|Salt Cure|p1b: Gholdengo\n|-resisted|p1b: Gholdengo\n|-damage|p1b: Gholdengo|92\/100\n|-start|p1b: Gholdengo|Salt Cure\n|\n|-damage|p1b: Gholdengo|67\/100|[from] Salt Cure\n|upkeep\n|turn|2\n|\n|t:|1699852789\n|switch|p1b: Flutter Mane|Flutter Mane, L50|100\/100\n|-enditem|p1b: Flutter Mane|Booster Energy\n|-activate|p1b: Flutter Mane|ability: Protosynthesis|[fromitem]\n|-start|p1b: Flutter Mane|protosynthesisspe\n|move|p2b: Garganacl|Protect|p2b: Garganacl\n|-singleturn|p2b: Garganacl|Protect\n|move|p2a: Tornadus|Tailwind|p2a: Tornadus\n|-sidestart|p2: Kzjhekz|move: Tailwind\n|move|p1a: Tornadus|Sludge Bomb|p2a: Tornadus\n|-damage|p2a: Tornadus|24\/100\n|-status|p2a: Tornadus|psn\n|\n|-damage|p2a: Tornadus|12\/100 psn|[from] psn\n|upkeep\n|turn|3\n|\n|t:|1699852812\n|move|p1b: Flutter Mane|Shadow Ball|p2b: Garganacl\n|-supereffective|p2b: Garganacl\n|-damage|p2b: Garganacl|23\/100\n|-enditem|p2b: Garganacl|Sitrus Berry|[eat]\n|-heal|p2b: Garganacl|48\/100|[from] item: Sitrus Berry\n|move|p1a: Tornadus|Sludge Bomb|p2a: Tornadus\n|-damage|p2a: Tornadus|0 fnt\n|faint|p2a: Tornadus\n|move|p2b: Garganacl|Recover|p2b: Garganacl\n|-heal|p2b: Garganacl|98\/100\n|\n|upkeep\n|\n|t:|1699852819\n|switch|p2a: Arcanine|Arcanine-Hisui, L50, M|100\/100\n|-ability|p2a: Arcanine|Intimidate|boost\n|-unboost|p1a: Tornadus|atk|1\n|-unboost|p1b: Flutter Mane|atk|1\n|turn|4\n|\n|t:|1699852841\n|-end|p1b: Flutter Mane|Protosynthesis|[silent]\n|switch|p1b: Gholdengo|Gholdengo, L50, tera:Steel|67\/100\n|move|p1a: Tornadus|Sludge Bomb|p2b: Garganacl\n|-resisted|p2b: Garganacl\n|-damage|p2b: Garganacl|88\/100\n|move|p2a: Arcanine|Rock Slide|p1b: Gholdengo|[spread] p1a,p1b\n|-supereffective|p1a: Tornadus\n|-resisted|p1b: Gholdengo\n|-damage|p1a: Tornadus|0 fnt\n|-damage|p1b: Gholdengo|45\/100\n|faint|p1a: Tornadus\n|move|p2b: Garganacl|Salt Cure|p1b: Gholdengo\n|-resisted|p1b: Gholdengo\n|-damage|p1b: Gholdengo|37\/100\n|-start|p1b: Gholdengo|Salt Cure\n|\n|-damage|p1b: Gholdengo|12\/100|[from] Salt Cure\n|-sideend|p1: Fripp70!|move: Tailwind\n|upkeep\n|\n|t:|1699852853\n|switch|p1a: Flutter Mane|Flutter Mane, L50|100\/100\n|turn|5\n|\n|t:|1699852862\n|move|p1a: Flutter Mane|Protect|p1a: Flutter Mane\n|-singleturn|p1a: Flutter Mane|Protect\n|move|p2b: Garganacl|Protect|p2b: Garganacl\n|-singleturn|p2b: Garganacl|Protect\n|move|p2a: Arcanine|Rock Slide|p1a: Flutter Mane|[spread] p1b\n|-activate|p1a: Flutter Mane|move: Protect\n|-resisted|p1b: Gholdengo\n|-damage|p1b: Gholdengo|0 fnt\n|faint|p1b: Gholdengo\n|\n|-sideend|p2: Kzjhekz|move: Tailwind\n|upkeep\n|\n|t:|1699852866\n|switch|p1b: Regidrago|Regidrago, L50|100\/100\n|turn|6\n|\n|t:|1699852876\n|move|p1a: Flutter Mane|Shadow Ball|p2b: Garganacl\n|-supereffective|p2b: Garganacl\n|-damage|p2b: Garganacl|61\/100\n|-unboost|p2b: Garganacl|spd|1\n|move|p2a: Arcanine|Rock Slide|p1a: Flutter Mane|[spread] p1a,p1b\n|-damage|p1a: Flutter Mane|18\/100\n|-damage|p1b: Regidrago|54\/100\n|move|p1b: Regidrago|Dragon Energy|p2a: Arcanine|[spread] p2a,p2b\n|-damage|p2a: Arcanine|38\/100\n|-damage|p2b: Garganacl|10\/100\n|move|p2b: Garganacl|Salt Cure|p1b: Regidrago\n|-damage|p1b: Regidrago|39\/100\n|-start|p1b: Regidrago|Salt Cure\n|\n|-damage|p1b: Regidrago|27\/100|[from] Salt Cure\n|upkeep\n|turn|7\n|\n|t:|1699852896\n|move|p1b: Regidrago|Protect|p1b: Regidrago\n|-singleturn|p1b: Regidrago|Protect\n|move|p2b: Garganacl|Protect|p2b: Garganacl\n|-singleturn|p2b: Garganacl|Protect\n|move|p1a: Flutter Mane|Shadow Ball|p2b: Garganacl\n|-activate|p2b: Garganacl|move: Protect\n|move|p2a: Arcanine|Rock Slide|p1a: Flutter Mane|[spread] \n|-activate|p1b: Regidrago|move: Protect\n|-miss|p2a: Arcanine|p1a: Flutter Mane\n|\n|-damage|p1b: Regidrago|15\/100|[from] Salt Cure\n|upkeep\n|turn|8\n|\n|t:|1699852910\n|move|p2b: Garganacl|Protect||[still]\n|-fail|p2b: Garganacl\n|move|p1a: Flutter Mane|Shadow Ball|p2b: Garganacl\n|-supereffective|p2b: Garganacl\n|-damage|p2b: Garganacl|0 fnt\n|faint|p2b: Garganacl\n|move|p2a: Arcanine|Rock Slide|p1a: Flutter Mane|[spread] p1a\n|-miss|p2a: Arcanine|p1b: Regidrago\n|-damage|p1a: Flutter Mane|0 fnt\n|faint|p1a: Flutter Mane\n|-end|p1a: Flutter Mane|Protosynthesis|[silent]\n|move|p1b: Regidrago|Draco Meteor|p2a: Arcanine\n|-damage|p2a: Arcanine|0 fnt\n|-unboost|p1b: Regidrago|spa|2\n|faint|p2a: Arcanine\n|\n|-damage|p1b: Regidrago|2\/100|[from] Salt Cure\n|upkeep\n|\n|t:|1699852915\n|switch|p2b: Flutter Mane|Flutter Mane, L50|100\/100\n|-enditem|p2b: Flutter Mane|Booster Energy\n|-activate|p2b: Flutter Mane|ability: Protosynthesis|[fromitem]\n|-start|p2b: Flutter Mane|protosynthesisspe\n|turn|9\n|-message|Fripp70! forfeited.\n|\n|win|Kzjhekz\n|raw|Fripp70!'s rating: 1145 &rarr; <strong>1118<\/strong><br \/>(-27 for losing)\n|raw|Kzjhekz's rating: 1117 &rarr; <strong>1144<\/strong><br \/>(+27 for winning)\n|l|\u2606Fripp70!\n","uploadtime":1699852929,"views":10,"p1id":"fripp70","p2id":"kzjhekz","formatid":"gen9vgc2023regulatione","rating":1118,"private":0,"password":""}