{"id":"gen9vgc2023regulatione-1990482960","p1":"PG HINOX","p2":"moggyoh","format":"[Gen 9] VGC 2023 Regulation E","log":"|j|\u2606PG HINOX\n|j|\u2606moggyoh\n|t:|1699975065\n|gametype|doubles\n|player|p1|PG HINOX|169|1330\n|player|p2|moggyoh|1|1333\n|teamsize|p1|6\n|teamsize|p2|6\n|gen|9\n|tier|[Gen 9] VGC 2023 Regulation E\n|rated|\n|rule|Species Clause: Limit one of each Pok\u00e9mon\n|rule|Item Clause: Limit one of each item\n|clearpoke\n|poke|p1|Chien-Pao, L50|\n|poke|p1|Rillaboom, L50, M|\n|poke|p1|Arcanine-Hisui, L50, F|\n|poke|p1|Urshifu-*, L50, M|\n|poke|p1|Tornadus, L50, M|\n|poke|p1|Flutter Mane, L50|\n|poke|p2|Zapdos-Galar, L50|\n|poke|p2|Chien-Pao, L50|\n|poke|p2|Farigiraf, L50, M|\n|poke|p2|Heatran, L50, M|\n|poke|p2|Rillaboom, L50, F|\n|poke|p2|Dragapult, L50, M|\n|teampreview|4\n|inactive|Battle timer is ON: inactive players will automatically lose when time's up. (requested by PG HINOX)\n|inactive|PG HINOX has 60 seconds left.\n|inactive|moggyoh has 60 seconds left.\nPG HINOX rejected open team sheets.\n|\n|t:|1699975107\n|start\n|switch|p1a: Tornadus|Tornadus, L50, M|100\/100\n|switch|p1b: Arcanine|Arcanine-Hisui, L50, F|100\/100\n|switch|p2a: Zapdos|Zapdos-Galar, L50|100\/100\n|switch|p2b: Farigiraf|Farigiraf, L50, M|100\/100\n|-ability|p1b: Arcanine|Intimidate|boost\n|-unboost|p2a: Zapdos|atk|1\n|-ability|p2a: Zapdos|Defiant|boost\n|-boost|p2a: Zapdos|atk|2\n|-unboost|p2b: Farigiraf|atk|1\n|turn|1\n|inactive|PG HINOX has 30 seconds left.\n|inactive|moggyoh has 30 seconds left.\n|inactive|moggyoh has 20 seconds left.\n|inactive|moggyoh has 15 seconds left.\n|inactive|moggyoh has 10 seconds left.\n|inactive|moggyoh has 5 seconds left.\n|\n|t:|1699975160\n|-terastallize|p2a: Zapdos|Fire\n|move|p1a: Tornadus|Tailwind|p1a: Tornadus\n|-sidestart|p1: PG HINOX|move: Tailwind\n|move|p1b: Arcanine|Rock Slide|p2b: Farigiraf|[spread] p2a\n|-miss|p1b: Arcanine|p2b: Farigiraf\n|-supereffective|p2a: Zapdos\n|-damage|p2a: Zapdos|3\/100\n|move|p2a: Zapdos|Thunderous Kick|p1b: Arcanine\n|-supereffective|p1b: Arcanine\n|-damage|p1b: Arcanine|0 fnt\n|faint|p1b: Arcanine\n|move|p2b: Farigiraf|Trick Room|p2b: Farigiraf\n|-fieldstart|move: Trick Room|[of] p2b: Farigiraf\n|\n|upkeep\n|\n|t:|1699975177\n|switch|p1b: Urshifu|Urshifu-Rapid-Strike, L50, M|100\/100\n|turn|2\n|\n|t:|1699975193\n|move|p1b: Urshifu|Protect|p1b: Urshifu\n|-singleturn|p1b: Urshifu|Protect\n|move|p2b: Farigiraf|Dazzling Gleam|p1a: Tornadus|[spread] p1a\n|-activate|p1b: Urshifu|move: Protect\n|-damage|p1a: Tornadus|85\/100\n|move|p2a: Zapdos|Thunderous Kick|p1b: Urshifu\n|-activate|p1b: Urshifu|move: Protect\n|move|p1a: Tornadus|Bleakwind Storm|p2a: Zapdos|[spread] p2a\n|-miss|p1a: Tornadus|p2b: Farigiraf\n|-damage|p2a: Zapdos|0 fnt\n|faint|p2a: Zapdos\n|\n|upkeep\n|\n|t:|1699975209\n|switch|p2a: Rillaboom|Rillaboom, L50, F|100\/100\n|-fieldstart|move: Grassy Terrain|[from] ability: Grassy Surge|[of] p2a: Rillaboom\n|turn|3\n|\n|t:|1699975217\n|switch|p1b: Chien-Pao|Chien-Pao, L50|100\/100\n|-ability|p1b: Chien-Pao|Sword of Ruin\n|move|p2b: Farigiraf|Dazzling Gleam|p1b: Chien-Pao|[spread] p1a,p1b\n|-supereffective|p1b: Chien-Pao\n|-damage|p1a: Tornadus|69\/100\n|-damage|p1b: Chien-Pao|51\/100\n|move|p2a: Rillaboom|Wood Hammer|p1b: Chien-Pao\n|-damage|p1b: Chien-Pao|0 fnt\n|faint|p1b: Chien-Pao\n|-damage|p2a: Rillaboom|87\/100|[from] Recoil\n|move|p1a: Tornadus|Bleakwind Storm|p2a: Rillaboom|[spread] p2a,p2b\n|-supereffective|p2a: Rillaboom\n|-damage|p2a: Rillaboom|2\/100\n|-damage|p2b: Farigiraf|67\/100\n|\n|-heal|p2b: Farigiraf|74\/100|[from] Grassy Terrain\n|-heal|p2a: Rillaboom|8\/100|[from] Grassy Terrain\n|upkeep\n|\n|t:|1699975227\n|switch|p1b: Urshifu|Urshifu-Rapid-Strike, L50, M|100\/100\n|turn|4\n|\n|t:|1699975245\n|move|p1b: Urshifu|Protect|p1b: Urshifu\n|-singleturn|p1b: Urshifu|Protect\n|move|p2a: Rillaboom|Grassy Glide|p1b: Urshifu\n|-activate|p1b: Urshifu|move: Protect\n|move|p2b: Farigiraf|Dazzling Gleam|p1a: Tornadus|[spread] p1a\n|-activate|p1b: Urshifu|move: Protect\n|-damage|p1a: Tornadus|55\/100\n|move|p1a: Tornadus|Bleakwind Storm|p2b: Farigiraf|[spread] p2a,p2b\n|-supereffective|p2a: Rillaboom\n|-damage|p2a: Rillaboom|0 fnt\n|-damage|p2b: Farigiraf|37\/100\n|faint|p2a: Rillaboom\n|\n|-heal|p2b: Farigiraf|43\/100|[from] Grassy Terrain\n|-sideend|p1: PG HINOX|move: Tailwind\n|upkeep\n|\n|t:|1699975262\n|switch|p2a: Heatran|Heatran, L50, M|100\/100\n|turn|5\n|\n|t:|1699975273\n|-terastallize|p1b: Urshifu|Water\n|move|p1a: Tornadus|Rain Dance|p1a: Tornadus\n|-weather|RainDance\n|move|p2b: Farigiraf|Dazzling Gleam|p1b: Urshifu|[spread] p1a,p1b\n|-damage|p1a: Tornadus|40\/100\n|-damage|p1b: Urshifu|74\/100\n|move|p2a: Heatran|Earth Power|p1b: Urshifu\n|-crit|p1b: Urshifu\n|-damage|p1b: Urshifu|0 fnt\n|faint|p1b: Urshifu\n|\n|-weather|RainDance|[upkeep]\n|-heal|p2b: Farigiraf|49\/100|[from] Grassy Terrain\n|-fieldend|move: Trick Room\n|upkeep\n|turn|6\n|-message|PG HINOX forfeited.\n|\n|win|moggyoh\n|raw|PG HINOX's rating: 1330 &rarr; <strong>1310<\/strong><br \/>(-20 for losing)\n|raw|moggyoh's rating: 1333 &rarr; <strong>1353<\/strong><br \/>(+20 for winning)\n|l|\u2606PG HINOX\n","uploadtime":1699975296,"views":12,"p1id":"pghinox","p2id":"moggyoh","formatid":"gen9vgc2023regulatione","rating":1310,"private":0,"password":""}