{"id":"gen9vgc2023regulatione-1995205105","p1":"paranguaricutiri","p2":"carkol32","format":"[Gen 9] VGC 2023 Regulation E","log":"|j|\u2606paranguaricutiri\n|j|\u2606carkol32\n|n|\u2606paranguaricutiri|paranguaricutiri\n|n|\u2606carkol32|carkol32\n|html|View the match progress at <a href=\"\/game-bestof3-gen9vgc2023regulatione-1995189302\">game-bestof3-gen9vgc2023regulatione-1995189302<\/a>\n|t:|1700534401\n|gametype|doubles\n|player|p1|paranguaricutiri|169|\n|player|p2|carkol32|2|\n|teamsize|p1|6\n|teamsize|p2|6\n|gen|9\n|tier|[Gen 9] VGC 2023 Regulation E\n|rule|Species Clause: Limit one of each Pok\u00e9mon\n|rule|Item Clause: Limit one of each item\n|clearpoke\n|poke|p1|Annihilape, L50, M|\n|poke|p1|Braviary-Hisui, L50, M|\n|poke|p1|Sandy Shocks, L50|\n|poke|p1|Empoleon, L50, F|\n|poke|p1|Thwackey, L50, F|\n|poke|p1|Ceruledge, L50, M|\n|poke|p2|Mimikyu, L50, M|\n|poke|p2|Vikavolt, L50, F|\n|poke|p2|Tornadus, L50, M|\n|poke|p2|Decidueye-Hisui, L50, M|\n|poke|p2|Tatsugiri, L50, F|\n|poke|p2|Dondozo, L50, F|\n|teampreview|4\nparanguaricutiri rejected open team sheets.\n|c|\u2606paranguaricutiri|jacob u there\n|\n|t:|1700534580\n|start\n|switch|p1a: Monke 2|Thwackey, L50, F|100\/100\n|switch|p1b: Edgelord|Ceruledge, L50, M|100\/100\n|switch|p2a: Toasts Son|Mimikyu, L50, M|100\/100\n|switch|p2b: Hex bug nuemro dos|Vikavolt, L50, F|100\/100\n|-fieldstart|move: Grassy Terrain|[from] ability: Grassy Surge|[of] p1a: Monke 2\n|turn|1\n|\n|t:|1700534707\n|move|p2b: Hex bug nuemro dos|Protect|p2b: Hex bug nuemro dos\n|-singleturn|p2b: Hex bug nuemro dos|Protect\n|move|p1a: Monke 2|Grassy Glide|p2a: Toasts Son\n|-activate|p2a: Toasts Son|ability: Disguise\n|-damage|p2a: Toasts Son|100\/100\n|detailschange|p2a: Toasts Son|Mimikyu-Busted, L50, M\n|-damage|p2a: Toasts Son|88\/100|[from] pokemon: Mimikyu-Busted\n|move|p1b: Edgelord|Poltergeist|p2a: Toasts Son\n|-activate|p2a: Toasts Son|move: Poltergeist|Kasib Berry\n|-supereffective|p2a: Toasts Son\n|-enditem|p2a: Toasts Son|Kasib Berry|[eat]\n|-enditem|p2a: Toasts Son|Kasib Berry|[weaken]\n|-damage|p2a: Toasts Son|24\/100\n|move|p2a: Toasts Son|Trick Room|p2a: Toasts Son\n|-fieldstart|move: Trick Room|[of] p2a: Toasts Son\n|\n|-heal|p2a: Toasts Son|30\/100|[from] Grassy Terrain\n|upkeep\n|turn|2\n|c|\u2606paranguaricutiri|smart berry\n|c|\u2606paranguaricutiri|man i hate disguise\n|\n|t:|1700534817\n|switch|p2a: Bird Battle|Decidueye-Hisui, L50, M|100\/100\n|-terastallize|p2b: Hex bug nuemro dos|Water\n|move|p1a: Monke 2|Grassy Glide|p2a: Bird Battle\n|-resisted|p2a: Bird Battle\n|-damage|p2a: Bird Battle|84\/100\n|move|p2b: Hex bug nuemro dos|Tera Blast|p1b: Edgelord|[anim] Tera Blast Water\n|-supereffective|p1b: Edgelord\n|-enditem|p1b: Edgelord|Focus Sash\n|-damage|p1b: Edgelord|1\/100\n|move|p1b: Edgelord|Bitter Blade|p2b: Hex bug nuemro dos\n|-resisted|p2b: Hex bug nuemro dos\n|-damage|p2b: Hex bug nuemro dos|78\/100\n|-heal|p1b: Edgelord|15\/100|[from] drain|[of] p2b: Hex bug nuemro dos\n|\n|-heal|p2a: Bird Battle|90\/100|[from] Grassy Terrain\n|-heal|p1b: Edgelord|21\/100|[from] Grassy Terrain\n|upkeep\n|turn|3\n|c|\u2606paranguaricutiri|good read\n|c|\u2606paranguaricutiri|repesct\n|c|\u2606paranguaricutiri|resept\n|c|\u2606paranguaricutiri|rescpt\n|c|\u2606paranguaricutiri|respect\n|\n|t:|1700534944\n|move|p2b: Hex bug nuemro dos|Protect|p2b: Hex bug nuemro dos\n|-singleturn|p2b: Hex bug nuemro dos|Protect\n|move|p1a: Monke 2|Grassy Glide|p2b: Hex bug nuemro dos\n|-activate|p2b: Hex bug nuemro dos|move: Protect\n|move|p2a: Bird Battle|Brave Bird|p1a: Monke 2\n|-supereffective|p1a: Monke 2\n|-damage|p1a: Monke 2|16\/100\n|-damage|p2a: Bird Battle|70\/100|[from] Recoil\n|move|p1b: Edgelord|Bitter Blade|p2a: Bird Battle\n|-supereffective|p2a: Bird Battle\n|-damage|p2a: Bird Battle|0 fnt\n|-heal|p1b: Edgelord|66\/100|[from] drain|[of] p2a: Bird Battle\n|faint|p2a: Bird Battle\n|\n|-heal|p1a: Monke 2|23\/100|[from] Grassy Terrain\n|-heal|p1b: Edgelord|72\/100|[from] Grassy Terrain\n|upkeep\n|c|\u2606paranguaricutiri|WHYASDf\n|c|\u2606paranguaricutiri|eviolite for the win\n|\n|t:|1700534975\n|switch|p2a: JaaCob|Tatsugiri, L50, F|100\/100\n|turn|4\n|\n|t:|1700535032\n|move|p1a: Monke 2|Grassy Glide|p2b: Hex bug nuemro dos\n|-supereffective|p2b: Hex bug nuemro dos\n|-damage|p2b: Hex bug nuemro dos|20\/100\n|move|p2b: Hex bug nuemro dos|Bug Buzz|p1a: Monke 2\n|-supereffective|p1a: Monke 2\n|-damage|p1a: Monke 2|0 fnt\n|faint|p1a: Monke 2\n|move|p2a: JaaCob|Hydro Pump|p1b: Edgelord|[miss]\n|-miss|p2a: JaaCob|p1b: Edgelord\n|move|p1b: Edgelord|Poltergeist|p2b: Hex bug nuemro dos\n|-activate|p2b: Hex bug nuemro dos|move: Poltergeist|Expert Belt\n|-damage|p2b: Hex bug nuemro dos|0 fnt\n|faint|p2b: Hex bug nuemro dos\n|\n|-heal|p1b: Edgelord|78\/100|[from] Grassy Terrain\n|upkeep\n|\n|t:|1700535064\n|switch|p2b: Toasts Son|Mimikyu-Busted, L50, M|30\/100\n|switch|p1a: Monke 1|Annihilape, L50, M|100\/100\n|turn|5\n|\n|t:|1700535149\n|move|p2b: Toasts Son|Play Rough|p1a: Monke 1\n|-supereffective|p1a: Monke 1\n|-damage|p1a: Monke 1|13\/100\n|move|p2a: JaaCob|Hydro Pump|p1b: Edgelord\n|-supereffective|p1b: Edgelord\n|-damage|p1b: Edgelord|0 fnt\n|faint|p1b: Edgelord\n|move|p1a: Monke 1|Poison Jab|p2b: Toasts Son\n|-damage|p2b: Toasts Son|0 fnt\n|faint|p2b: Toasts Son\n|\n|-heal|p1a: Monke 1|19\/100|[from] Grassy Terrain\n|-fieldend|move: Trick Room\n|-fieldend|move: Grassy Terrain\n|upkeep\n|\n|t:|1700535161\n|switch|p1b: Sandy Cheeks|Sandy Shocks, L50|100\/100\n|turn|6\n|\n|t:|1700535183\n|-terastallize|p1b: Sandy Cheeks|Flying\n|move|p1a: Monke 1|Poison Jab|p2a: JaaCob\n|-damage|p2a: JaaCob|58\/100\n|move|p1b: Sandy Cheeks|Thunderbolt|p2a: JaaCob\n|-damage|p2a: JaaCob|0 fnt\n|faint|p2a: JaaCob\n|\n|win|paranguaricutiri\n|c|&|\/uhtml prompt-paranguaricutiri,paranguaricutiri is ready for game 3!\n|c|&|\/uhtml prompt-carkol32,carkol32 is ready for game 3!\nBoth players are ready! Starting next match!\n|l|\u2606paranguaricutiri\n","uploadtime":1700535837,"views":10,"p1id":"paranguaricutiri","p2id":"carkol32","formatid":"gen9vgc2023regulatione","rating":0,"private":0,"password":""}