{"id":"gen9vgc2023regulatione-1988668667","p1":"lainshy","p2":"Yuri","format":"[Gen 9] VGC 2023 Regulation E","log":"|j|\u2606lainshy\n|j|\u2606Yuri\n|n|\u2606lainshy|lainshy\n|n|\u2606Yuri|yuri\n|html|View the match progress at <a href=\"\/game-bestof3-gen9vgc2023regulatione-1988668666\">game-bestof3-gen9vgc2023regulatione-1988668666<\/a>\n|t:|1699748423\n|gametype|doubles\n|player|p1|lainshy|geeta|\n|player|p2|Yuri|galacticgrunt|\n|teamsize|p1|6\n|teamsize|p2|6\n|gen|9\n|tier|[Gen 9] VGC 2023 Regulation E\n|rule|Species Clause: Limit one of each Pok\u00e9mon\n|rule|Item Clause: Limit one of each item\n|clearpoke\n|poke|p1|Baxcalibur, L50, F|\n|poke|p1|Kingambit, L50, F|\n|poke|p1|Ursaluna-Bloodmoon, L50, M|\n|poke|p1|Corviknight, L50, F|\n|poke|p1|Gholdengo, L50|\n|poke|p1|Ribombee, L50, F|\n|poke|p2|Tornadus, L50, M|\n|poke|p2|Arcanine-Hisui, L50, F|\n|poke|p2|Iron Hands, L50|\n|poke|p2|Gholdengo, L50|\n|poke|p2|Urshifu-*, L50, M|\n|poke|p2|Ogerpon-Wellspring, L50, F|\n|teampreview|4\n|j| Rebornsan93\nYuri has agreed to open team sheets.\n|j| Leon1das\n|j| PSmonteiro\nlainshy has agreed to open team sheets.\n|showteam|p1|Baxcalibur||LoadedDice|ThermalExchange|Protect,GlaiveRush,IcicleSpear,IceShard|||F|||50|,,,,,Ice]Kingambit||FocusSash|SupremeOverlord|SwordsDance,KowtowCleave,SuckerPunch,IronHead|||F|||50|,,,,,Poison]Ursaluna-Bloodmoon||Leftovers|MindsEye|CalmMind,BloodMoon,EarthPower,Moonlight|||M|||50|,,,,,Flying]Corviknight||RockyHelmet|MirrorArmor|BraveBird,BodyPress,Tailwind,Roost|||F|||50|,,,,,Dragon]Gholdengo||SitrusBerry|GoodasGold|NastyPlot,Protect,MakeItRain,ShadowBall||||||50|,,,,,Steel]Ribombee||HeavyDutyBoots|ShieldDust|StickyWeb,StunSpore,DazzlingGleam,PollenPuff|||F|||50|,,,,,Steel\n|showteam|p2|Tornadus||CovertCloak|Prankster|BleakwindStorm,Tailwind,Taunt,RainDance|||M|||50|,,,,,Dragon]Arcanine-Hisui||ChoiceBand|Intimidate|FlareBlitz,RockSlide,ExtremeSpeed,TeraBlast|||F|||50|,,,,,Fairy]Iron Hands||AssaultVest|QuarkDrive|WildCharge,DrainPunch,HeavySlam,FakeOut||||||50|,,,,,Grass]Gholdengo||Leftovers|GoodasGold|MakeItRain,ShadowBall,NastyPlot,Protect||||||50|,,,,,Dragon]Urshifu-Rapid-Strike||ChoiceScarf|UnseenFist|SurgingStrikes,CloseCombat,AquaJet,Uturn|||M|||50|,,,,,Water]Ogerpon-Wellspring||WellspringMask|WaterAbsorb|IvyCudgel,PowerWhip,FollowMe,SpikyShield|||F|||50|,,,,,Water\n|c| Rebornsan93|comecem\n|\n|t:|1699748501\n|start\n|switch|p1a: Corviknight|Corviknight, L50, F|100\/100\n|switch|p1b: Ursaluna|Ursaluna-Bloodmoon, L50, M|100\/100\n|switch|p2a: Tornadus|Tornadus, L50, M|100\/100\n|switch|p2b: Iron Hands|Iron Hands, L50|100\/100\n|turn|1\n|\n|t:|1699748539\n|switch|p1b: Gholdengo|Gholdengo, L50|100\/100\n|-terastallize|p2b: Iron Hands|Grass\n|move|p2a: Tornadus|Tailwind|p2a: Tornadus\n|-sidestart|p2: Yuri|move: Tailwind\n|move|p2b: Iron Hands|Wild Charge|p1a: Corviknight\n|-supereffective|p1a: Corviknight\n|-damage|p1a: Corviknight|36\/100\n|-damage|p2b: Iron Hands|84\/100|[from] item: Rocky Helmet|[of] p1a: Corviknight\n|-damage|p2b: Iron Hands|70\/100|[from] Recoil\n|move|p1a: Corviknight|Tailwind|p1a: Corviknight\n|-sidestart|p1: lainshy|move: Tailwind\n|\n|upkeep\n|turn|2\n|c|\u2606lainshy|Kappa\n|\n|t:|1699748573\n|switch|p1a: Ursaluna|Ursaluna-Bloodmoon, L50, M|100\/100\n|move|p1b: Gholdengo|Nasty Plot|p1b: Gholdengo\n|-boost|p1b: Gholdengo|spa|2\n|move|p2a: Tornadus|Bleakwind Storm|p1b: Gholdengo|[spread] p1a,p1b\n|-resisted|p1b: Gholdengo\n|-damage|p1a: Ursaluna|66\/100\n|-damage|p1b: Gholdengo|81\/100\n|-unboost|p1b: Gholdengo|spe|1\n|move|p2b: Iron Hands|Drain Punch|p1a: Ursaluna\n|-supereffective|p1a: Ursaluna\n|-crit|p1a: Ursaluna\n|-damage|p1a: Ursaluna|0 fnt\n|-heal|p2b: Iron Hands|100\/100|[from] drain|[of] p1a: Ursaluna\n|faint|p1a: Ursaluna\n|\n|upkeep\n|j| DorititosKiller\n|\n|t:|1699748588\n|switch|p1a: Baxcalibur|Baxcalibur, L50, F|100\/100\n|turn|3\n|\n|t:|1699748619\n|-terastallize|p1a: Baxcalibur|Ice\n|move|p1a: Baxcalibur|Icicle Spear|p2b: Iron Hands\n|-supereffective|p2b: Iron Hands\n|-damage|p2b: Iron Hands|74\/100\n|-supereffective|p2b: Iron Hands\n|-damage|p2b: Iron Hands|47\/100\n|-supereffective|p2b: Iron Hands\n|-damage|p2b: Iron Hands|22\/100\n|-supereffective|p2b: Iron Hands\n|-damage|p2b: Iron Hands|0 fnt\n|faint|p2b: Iron Hands\n|-end|p2b: Iron Hands|Quark Drive|[silent]\n|-hitcount|p2: Iron Hands|4\n|move|p2a: Tornadus|Bleakwind Storm|p1b: Gholdengo|[spread] \n|-miss|p2a: Tornadus|p1a: Baxcalibur\n|-miss|p2a: Tornadus|p1b: Gholdengo\n|move|p1b: Gholdengo|Make It Rain|p2a: Tornadus\n|-damage|p2a: Tornadus|0 fnt\n|-unboost|p1b: Gholdengo|spa|1\n|faint|p2a: Tornadus\n|\n|upkeep\n|\n|t:|1699748644\n|switch|p2a: Arcanine|Arcanine-Hisui, L50, F|100\/100\n|switch|p2b: Urshifu|Urshifu-Rapid-Strike, L50, M|100\/100\n|-ability|p2a: Arcanine|Intimidate|boost\n|-unboost|p1a: Baxcalibur|atk|1\n|-unboost|p1b: Gholdengo|atk|1\n|turn|4\n|\n|t:|1699748675\n|move|p1a: Baxcalibur|Protect|p1a: Baxcalibur\n|-singleturn|p1a: Baxcalibur|Protect\n|move|p2b: Urshifu|Surging Strikes|p1b: Gholdengo\n|-crit|p1b: Gholdengo\n|-damage|p1b: Gholdengo|55\/100\n|-crit|p1b: Gholdengo\n|-damage|p1b: Gholdengo|29\/100\n|-enditem|p1b: Gholdengo|Sitrus Berry|[eat]\n|-heal|p1b: Gholdengo|54\/100|[from] item: Sitrus Berry\n|-crit|p1b: Gholdengo\n|-damage|p1b: Gholdengo|30\/100\n|-hitcount|p1b: Gholdengo|3\n|move|p2a: Arcanine|Rock Slide|p1a: Baxcalibur|[spread] p1b\n|-activate|p1a: Baxcalibur|move: Protect\n|-resisted|p1b: Gholdengo\n|-damage|p1b: Gholdengo|4\/100\n|move|p1b: Gholdengo|Make It Rain|p2a: Arcanine|[spread] p2a,p2b\n|-resisted|p2b: Urshifu\n|-damage|p2a: Arcanine|18\/100\n|-damage|p2b: Urshifu|43\/100\n|-unboost|p1b: Gholdengo|spa|1\n|\n|-sideend|p1: lainshy|move: Tailwind\n|-sideend|p2: Yuri|move: Tailwind\n|upkeep\n|turn|5\n|j| ShimeNaruka\n|\n|t:|1699748730\n|move|p1b: Gholdengo|Protect|p1b: Gholdengo\n|-singleturn|p1b: Gholdengo|Protect\n|move|p2b: Urshifu|Surging Strikes|p1a: Baxcalibur\n|-crit|p1a: Baxcalibur\n|-damage|p1a: Baxcalibur|79\/100\n|-crit|p1a: Baxcalibur\n|-damage|p1a: Baxcalibur|60\/100\n|-crit|p1a: Baxcalibur\n|-damage|p1a: Baxcalibur|38\/100\n|-hitcount|p1a: Baxcalibur|3\n|move|p1a: Baxcalibur|Glaive Rush|p2b: Urshifu\n|-damage|p2b: Urshifu|3\/100\n|-singlemove|p1a: Baxcalibur|Glaive Rush|[silent]\n|move|p2a: Arcanine|Rock Slide|p1a: Baxcalibur|[spread] p1a\n|-activate|p1b: Gholdengo|move: Protect\n|-supereffective|p1a: Baxcalibur\n|-damage|p1a: Baxcalibur|0 fnt\n|faint|p1a: Baxcalibur\n|\n|upkeep\n|\n|t:|1699748746\n|switch|p1a: Corviknight|Corviknight, L50, F|36\/100\n|turn|6\n|\n|t:|1699748766\n|move|p2b: Urshifu|Surging Strikes|p1b: Gholdengo\n|-crit|p1b: Gholdengo\n|-damage|p1b: Gholdengo|0 fnt\n|faint|p1b: Gholdengo\n|-hitcount|p1: Gholdengo|1\n|move|p2a: Arcanine|Rock Slide|p1a: Corviknight\n|-damage|p1a: Corviknight|0 fnt\n|faint|p1a: Corviknight\n|\n|win|Yuri\n|j| lucasarreguy\n|c| DorititosKiller|jolvsssss\n|c|\u2606lainshy|qq\n|inactive|lainshy has 50 seconds to confirm battle start!\n|inactive|Yuri has 50 seconds to confirm battle start!\n|c|&|\/uhtml prompt-lainshy,lainshy is ready for game 2!\n|c|&|\/uhtml prompt-yuri,Yuri is ready for game 2!\nBoth players are ready! Starting next match!\n|l| DorititosKiller\n|l| Leon1das\n","uploadtime":1699748817,"views":9,"p1id":"lainshy","p2id":"yuri","formatid":"gen9vgc2023regulatione","rating":0,"private":0,"password":""}