{"id":"gen9vgc2023regulatione-1993194700","p1":"Dunsnom","p2":"Great Aunt Hilda","format":"[Gen 9] VGC 2023 Regulation E","log":"|j|\u2606Dunsnom\n|j|\u2606Great Aunt Hilda\n|t:|1700276445\n|gametype|doubles\n|player|p1|Dunsnom|supernerd|1074\n|player|p2|Great Aunt Hilda|beauty|1050\n|teamsize|p1|6\n|teamsize|p2|6\n|gen|9\n|tier|[Gen 9] VGC 2023 Regulation E\n|rated|\n|rule|Species Clause: Limit one of each Pok\u00e9mon\n|rule|Item Clause: Limit one of each item\n|clearpoke\n|poke|p1|Politoed, L50, F|\n|poke|p1|Thundurus-Therian, L50, M|\n|poke|p1|Basculegion, L50, M|\n|poke|p1|Iron Hands, L50|\n|poke|p1|Grimmsnarl, L50, M|\n|poke|p1|Chien-Pao, L50|\n|poke|p2|Armarouge, L50, M|\n|poke|p2|Indeedee-F, L50, F|\n|poke|p2|Amoonguss, L50, F|\n|poke|p2|Kingambit, L50, F|\n|poke|p2|Urshifu-*, L50, M|\n|poke|p2|Iron Hands, L50|\n|teampreview|4\n|\n|t:|1700276487\n|start\n|switch|p1a: Grimmsnarl|Grimmsnarl, L50, M|100\/100\n|switch|p1b: Politoed|Politoed, L50, F|100\/100\n|switch|p2a: Urshifu|Urshifu-Rapid-Strike, L50, M|100\/100\n|switch|p2b: Amoonguss|Amoonguss, L50, F|100\/100\n|-weather|RainDance|[from] ability: Drizzle|[of] p1b: Politoed\n|turn|1\n|inactive|Battle timer is ON: inactive players will automatically lose when time's up. (requested by Great Aunt Hilda)\n|\n|t:|1700276518\n|move|p1a: Grimmsnarl|Thunder Wave|p2a: Urshifu\n|-status|p2a: Urshifu|par\n|cant|p2a: Urshifu|par\n|move|p1b: Politoed|Ice Beam|p2b: Amoonguss\n|-supereffective|p2b: Amoonguss\n|-damage|p2b: Amoonguss|64\/100\n|move|p2b: Amoonguss|Spore|p1b: Politoed\n|-status|p1b: Politoed|slp|[from] move: Spore\n|\n|-weather|RainDance|[upkeep]\n|upkeep\n|turn|2\n|\n|t:|1700276542\n|cant|p1b: Politoed|slp\n|move|p1a: Grimmsnarl|Thunder Wave|p2b: Amoonguss\n|-status|p2b: Amoonguss|par\n|cant|p2a: Urshifu|par\n|cant|p2b: Amoonguss|par\n|\n|-weather|RainDance|[upkeep]\n|upkeep\n|turn|3\n|c|\u2606Great Aunt Hilda|O\n|inactive|Great Aunt Hilda has 30 seconds left.\n|\n|t:|1700276570\n|switch|p1b: Basculegion|Basculegion, L50, M|100\/100\n|switch|p2b: Iron Hands|Iron Hands, L50|100\/100\n|move|p1a: Grimmsnarl|Taunt|p2b: Iron Hands\n|-start|p2b: Iron Hands|move: Taunt\n|move|p2a: Urshifu|Surging Strikes|p1a: Grimmsnarl\n|-crit|p1a: Grimmsnarl\n|-damage|p1a: Grimmsnarl|60\/100\n|-crit|p1a: Grimmsnarl\n|-damage|p1a: Grimmsnarl|25\/100\n|-crit|p1a: Grimmsnarl\n|-damage|p1a: Grimmsnarl|0 fnt\n|faint|p1a: Grimmsnarl\n|-hitcount|p1: Grimmsnarl|3\n|\n|-weather|RainDance|[upkeep]\n|upkeep\n|\n|t:|1700276585\n|switch|p1a: Iron Hands|Iron Hands, L50|100\/100\n|turn|4\n|inactive|Dunsnom has 30 seconds left.\n|inactive|Great Aunt Hilda has 30 seconds left.\n|\n|t:|1700276613\n|switch|p2a: Amoonguss|Amoonguss, L50, F|97\/100 par\n|-end|p2b: Iron Hands|Quark Drive|[silent]\n|switch|p2b: Kingambit|Kingambit, L50, F|100\/100\n|move|p1a: Iron Hands|Fake Out|p2b: Kingambit\n|-resisted|p2b: Kingambit\n|-damage|p2b: Kingambit|94\/100\n|move|p1b: Basculegion|Last Respects|p2a: Amoonguss\n|-damage|p2a: Amoonguss|46\/100 par\n|-damage|p1b: Basculegion|91\/100|[from] item: Life Orb\n|\n|-weather|RainDance|[upkeep]\n|upkeep\n|turn|5\n|inactive|Great Aunt Hilda has 30 seconds left.\n|inactive|Great Aunt Hilda has 20 seconds left.\n|\n|t:|1700276649\n|-terastallize|p2b: Kingambit|Dark\n|move|p1b: Basculegion|Protect|p1b: Basculegion\n|-singleturn|p1b: Basculegion|Protect\n|move|p2a: Amoonguss|Protect|p2a: Amoonguss\n|-singleturn|p2a: Amoonguss|Protect\n|move|p1a: Iron Hands|Drain Punch|p2b: Kingambit\n|-supereffective|p2b: Kingambit\n|-damage|p2b: Kingambit|21\/100\n|move|p2b: Kingambit|Kowtow Cleave|p1b: Basculegion\n|-activate|p1b: Basculegion|move: Protect\n|\n|-weather|none\n|upkeep\n|turn|6\n|inactive|Dunsnom has 30 seconds left.\n|\n|t:|1700276675\n|cant|p2a: Amoonguss|par\n|move|p1b: Basculegion|Aqua Jet|p2b: Kingambit\n|-damage|p2b: Kingambit|0 fnt\n|faint|p2b: Kingambit\n|-damage|p1b: Basculegion|81\/100|[from] item: Life Orb\n|move|p1a: Iron Hands|Heavy Slam|p2a: Amoonguss\n|-damage|p2a: Amoonguss|8\/100 par\n|-damage|p1a: Iron Hands|84\/100|[from] item: Rocky Helmet|[of] p2a: Amoonguss\n|\n|upkeep\n|inactive|Great Aunt Hilda has 30 seconds left.\n|\n|t:|1700276706\n|switch|p2b: Iron Hands|Iron Hands, L50|100\/100\n|turn|7\n|inactive|Dunsnom has 30 seconds left.\n|inactive|Dunsnom has 20 seconds left.\n|\n|t:|1700276741\n|switch|p1b: Politoed|Politoed, L50, F|100\/100 slp\n|-weather|RainDance|[from] ability: Drizzle|[of] p1b: Politoed\n|switch|p2a: Urshifu|Urshifu-Rapid-Strike, L50, M|100\/100 par\n|move|p1a: Iron Hands|Heavy Slam|p2a: Urshifu\n|-resisted|p2a: Urshifu\n|-damage|p2a: Urshifu|86\/100 par\n|move|p2b: Iron Hands|Wild Charge|p1b: Politoed\n|-supereffective|p1b: Politoed\n|-crit|p1b: Politoed\n|-damage|p1b: Politoed|0 fnt\n|faint|p1b: Politoed\n|-damage|p2b: Iron Hands|81\/100|[from] Recoil\n|\n|-weather|RainDance|[upkeep]\n|upkeep\n|\n|t:|1700276755\n|switch|p1b: Basculegion|Basculegion, L50, M|81\/100\n|turn|8\n|\n|t:|1700276777\n|move|p1b: Basculegion|Last Respects|p2b: Iron Hands\n|-damage|p2b: Iron Hands|16\/100\n|-damage|p1b: Basculegion|71\/100|[from] item: Life Orb\n|move|p2a: Urshifu|Surging Strikes|p1b: Basculegion\n|-resisted|p1b: Basculegion\n|-crit|p1b: Basculegion\n|-damage|p1b: Basculegion|53\/100\n|-resisted|p1b: Basculegion\n|-crit|p1b: Basculegion\n|-damage|p1b: Basculegion|33\/100\n|-resisted|p1b: Basculegion\n|-crit|p1b: Basculegion\n|-damage|p1b: Basculegion|13\/100\n|-hitcount|p1b: Basculegion|3\n|move|p1a: Iron Hands|Wild Charge|p2a: Urshifu\n|-supereffective|p2a: Urshifu\n|-damage|p2a: Urshifu|0 fnt\n|faint|p2a: Urshifu\n|-damage|p1a: Iron Hands|69\/100|[from] Recoil\n|move|p2b: Iron Hands|Wild Charge|p1b: Basculegion\n|-supereffective|p1b: Basculegion\n|-damage|p1b: Basculegion|0 fnt\n|faint|p1b: Basculegion\n|-damage|p2b: Iron Hands|14\/100|[from] Recoil\n|\n|-weather|RainDance|[upkeep]\n|upkeep\n|\n|t:|1700276788\n|switch|p2a: Amoonguss|Amoonguss, L50, F|41\/100 par\n|turn|9\n|inactive|Great Aunt Hilda has 30 seconds left.\n|inactive|Great Aunt Hilda has 20 seconds left.\n|\n|t:|1700276826\n|move|p1a: Iron Hands|Drain Punch|p2b: Iron Hands\n|-damage|p2b: Iron Hands|0 fnt\n|-heal|p1a: Iron Hands|75\/100|[from] drain|[of] p2b: Iron Hands\n|faint|p2b: Iron Hands\n|-end|p2b: Iron Hands|Quark Drive|[silent]\n|cant|p2a: Amoonguss|par\n|\n|-weather|RainDance|[upkeep]\n|upkeep\n|turn|10\n|\n|t:|1700276835\n|move|p1a: Iron Hands|Heavy Slam|p2a: Amoonguss\n|-damage|p2a: Amoonguss|3\/100 par\n|-damage|p1a: Iron Hands|59\/100|[from] item: Rocky Helmet|[of] p2a: Amoonguss\n|cant|p2a: Amoonguss|par\n|\n|-weather|RainDance|[upkeep]\n|upkeep\n|turn|11\n|c|\u2606Great Aunt Hilda|The para is too real\n|c|\u2606Dunsnom|i feel bad\n|c|\u2606Great Aunt Hilda|I can't believe the rate of Pata\n|\n|t:|1700276857\n|move|p2a: Amoonguss|Protect|p2a: Amoonguss\n|-singleturn|p2a: Amoonguss|Protect\n|move|p1a: Iron Hands|Heavy Slam|p2a: Amoonguss\n|-activate|p2a: Amoonguss|move: Protect\n|\n|-weather|none\n|upkeep\n|turn|12\n|\n|t:|1700276864\n|move|p1a: Iron Hands|Heavy Slam|p2a: Amoonguss\n|-damage|p2a: Amoonguss|0 fnt\n|-damage|p1a: Iron Hands|42\/100|[from] item: Rocky Helmet|[of] p2a: Amoonguss\n|faint|p2a: Amoonguss\n|\n|win|Dunsnom\n|raw|Dunsnom's rating: 1074 &rarr; <strong>1101<\/strong><br \/>(+27 for winning)\n|raw|Great Aunt Hilda's rating: 1050 &rarr; <strong>1034<\/strong><br \/>(-16 for losing)\n|c|\u2606Great Aunt Hilda|G\n|l|\u2606Great Aunt Hilda\n|c|\u2606Dunsnom|gg\n","uploadtime":1700276877,"views":17,"p1id":"dunsnom","p2id":"greataunthilda","formatid":"gen9vgc2023regulatione","rating":1034,"private":0,"password":""}