{"id":"gen9vgc2023regulatione-1989116740","p1":"Hfpfe","p2":"TJRaynes","format":"[Gen 9] VGC 2023 Regulation E","log":"|j|\u2606Hfpfe\n|j|\u2606TJRaynes\n|t:|1699814022\n|gametype|doubles\n|player|p1|Hfpfe|102|1328\n|player|p2|TJRaynes|marley|1339\n|teamsize|p1|6\n|teamsize|p2|6\n|gen|9\n|tier|[Gen 9] VGC 2023 Regulation E\n|rated|\n|rule|Species Clause: Limit one of each Pok\u00e9mon\n|rule|Item Clause: Limit one of each item\n|clearpoke\n|poke|p1|Meowscarada, L50, F|\n|poke|p1|Armarouge, L50, M|\n|poke|p1|Indeedee-F, L50, F|\n|poke|p1|Empoleon, L50, M|\n|poke|p1|Landorus-Therian, L50, M|\n|poke|p1|Sylveon, L50, M|\n|poke|p2|Froslass, L50, F|\n|poke|p2|Krookodile, L50, M|\n|poke|p2|Tornadus, L50, M|\n|poke|p2|Farigiraf, L50, M|\n|poke|p2|Rotom-Wash, L50|\n|poke|p2|Amoonguss, L50, F|\n|teampreview|4\nTJRaynes has agreed to open team sheets.\n|\n|t:|1699814050\n|start\n|switch|p1a: Armarouge|Armarouge, L50, M|100\/100\n|switch|p1b: Indeedee|Indeedee-F, L50, F|100\/100\n|switch|p2a: Froslass|Froslass, L50, F|100\/100\n|switch|p2b: Krookodile|Krookodile, L50, M|100\/100\n|-fieldstart|move: Psychic Terrain|[from] ability: Psychic Surge|[of] p1b: Indeedee\n|turn|1\n|\n|t:|1699814066\n|switch|p1b: Landorus|Landorus-Therian, L50, M|100\/100\n|-ability|p1b: Landorus|Intimidate|boost\n|-unboost|p2a: Froslass|atk|1\n|-enditem|p2a: Froslass|Adrenaline Orb\n|-boost|p2a: Froslass|spe|1|[from] item: Adrenaline Orb\n|-unboost|p2b: Krookodile|atk|1\n|-terastallize|p2b: Krookodile|Fire\n|move|p2a: Froslass|Frost Breath|p2b: Krookodile\n|-resisted|p2b: Krookodile\n|-crit|p2b: Krookodile\n|-damage|p2b: Krookodile|88\/100\n|-setboost|p2b: Krookodile|atk|6|[from] ability: Anger Point\n|move|p2b: Krookodile|Earthquake|p1a: Armarouge|[spread] p2a,p1a\n|-immune|p1b: Landorus\n|-supereffective|p1a: Armarouge\n|-damage|p2a: Froslass|0 fnt\n|-damage|p1a: Armarouge|0 fnt\n|faint|p2a: Froslass\n|faint|p1a: Armarouge\n|\n|upkeep\n|\n|t:|1699814085\n|switch|p2a: Rotom|Rotom-Wash, L50|100\/100\n|switch|p1a: Indeedee|Indeedee-F, L50, F|100\/100\n|turn|2\n|\n|t:|1699814113\n|switch|p2b: Amoonguss|Amoonguss, L50, F|100\/100\n|move|p1a: Indeedee|Follow Me|p1a: Indeedee\n|-singleturn|p1a: Indeedee|move: Follow Me\n|move|p1b: Landorus|Stomping Tantrum|p2b: Amoonguss\n|-damage|p2b: Amoonguss|48\/100\n|-enditem|p2b: Amoonguss|Sitrus Berry|[eat]\n|-heal|p2b: Amoonguss|73\/100|[from] item: Sitrus Berry\n|move|p2a: Rotom|Hydro Pump|p1a: Indeedee\n|-damage|p1a: Indeedee|63\/100\n|\n|upkeep\n|turn|3\n|\n|t:|1699814149\n|switch|p1b: Sylveon|Sylveon, L50, M|100\/100\n|move|p1a: Indeedee|Follow Me|p1a: Indeedee\n|-singleturn|p1a: Indeedee|move: Follow Me\n|move|p2a: Rotom|Hydro Pump|p1a: Indeedee|[miss]\n|-miss|p2a: Rotom|p1a: Indeedee\n|move|p2b: Amoonguss|Pollen Puff|p1a: Indeedee\n|-supereffective|p1a: Indeedee\n|-damage|p1a: Indeedee|35\/100\n|\n|upkeep\n|turn|4\n|\n|t:|1699814174\n|move|p1a: Indeedee|Helping Hand|p1b: Sylveon\n|-singleturn|p1b: Sylveon|Helping Hand|[of] p1a: Indeedee\n|move|p2a: Rotom|Hydro Pump|p1a: Indeedee\n|-damage|p1a: Indeedee|0 fnt\n|faint|p1a: Indeedee\n|move|p1b: Sylveon|Psychic|p2b: Amoonguss\n|-supereffective|p2b: Amoonguss\n|-damage|p2b: Amoonguss|0 fnt\n|faint|p2b: Amoonguss\n|\n|upkeep\n|\n|t:|1699814183\n|switch|p1a: Landorus|Landorus-Therian, L50, M|100\/100\n|switch|p2b: Krookodile|Krookodile, L50, M, tera:Fire|88\/100\n|-ability|p1a: Landorus|Intimidate|boost\n|-unboost|p2a: Rotom|atk|1\n|-unboost|p2b: Krookodile|atk|1\n|turn|5\n|\n|t:|1699814208\n|-terastallize|p1a: Landorus|Flying\n|move|p2b: Krookodile|Gunk Shot|p1b: Sylveon|[miss]\n|-miss|p2b: Krookodile|p1b: Sylveon\n|move|p1a: Landorus|Tera Blast|p2a: Rotom|[anim] Tera Blast Flying\n|-resisted|p2a: Rotom\n|-damage|p2a: Rotom|51\/100\n|move|p2a: Rotom|Hydro Pump|p1a: Landorus\n|-damage|p1a: Landorus|30\/100\n|move|p1b: Sylveon|Psychic|p2a: Rotom\n|-damage|p2a: Rotom|0 fnt\n|faint|p2a: Rotom\n|\n|-fieldend|move: Psychic Terrain\n|upkeep\n|turn|6\n|\n|t:|1699814225\n|move|p2b: Krookodile|Knock Off|p1a: Landorus\n|-damage|p1a: Landorus|0 fnt\n|-enditem|p1a: Landorus|Choice Band|[from] move: Knock Off|[of] p2b: Krookodile\n|faint|p1a: Landorus\n|move|p1b: Sylveon|Psychic|p2b: Krookodile\n|-crit|p2b: Krookodile\n|-damage|p2b: Krookodile|22\/100\n|-setboost|p2b: Krookodile|atk|6|[from] ability: Anger Point\n|\n|upkeep\n|turn|7\n|\n|t:|1699814236\n|move|p2b: Krookodile|Earthquake|p1b: Sylveon\n|-damage|p1b: Sylveon|0 fnt\n|faint|p1b: Sylveon\n|\n|win|TJRaynes\n|raw|Hfpfe's rating: 1328 &rarr; <strong>1309<\/strong><br \/>(-19 for losing)\n|raw|TJRaynes's rating: 1339 &rarr; <strong>1358<\/strong><br \/>(+19 for winning)\n|l|\u2606Hfpfe\n","uploadtime":1699814342,"views":12,"p1id":"hfpfe","p2id":"tjraynes","formatid":"gen9vgc2023regulatione","rating":1309,"private":0,"password":""}