{"id":"gen9vgc2023regulatione-1997989294","p1":"filthytrashgoblin","p2":"tomate palta","format":"[Gen 9] VGC 2023 Regulation E","log":"|j|\u2606filthytrashgoblin\n|j|\u2606tomate palta\n|t:|1700875973\n|gametype|doubles\n|player|p1|filthytrashgoblin|ghetsis|1050\n|player|p2|tomate palta|cheren-gen5bw2|1056\n|teamsize|p1|6\n|teamsize|p2|6\n|gen|9\n|tier|[Gen 9] VGC 2023 Regulation E\n|rated|\n|rule|Species Clause: Limit one of each Pok\u00e9mon\n|rule|Item Clause: Limit one of each item\n|clearpoke\n|poke|p1|Tornadus, L50, M|\n|poke|p1|Urshifu-*, L50, F|\n|poke|p1|Rillaboom, L50, F|\n|poke|p1|Flutter Mane, L50|\n|poke|p1|Landorus-Therian, L50, M|\n|poke|p1|Heatran, L50, F|\n|poke|p2|Ninetales, L50, F|\n|poke|p2|Arcanine-Hisui, L50, M|\n|poke|p2|Milotic, L50, F|\n|poke|p2|Trevenant, L50, M|\n|poke|p2|Noivern, L50, M|\n|poke|p2|Ogerpon-Hearthflame, L50, F|\n|teampreview|4\n|inactive|Battle timer is ON: inactive players will automatically lose when time's up. (requested by tomate palta)\n|inactive|filthytrashgoblin also wants the timer to be on.\ntomate palta rejected open team sheets.\n|c|\u2606filthytrashgoblin|gl hf\n|c|\u2606filthytrashgoblin|:)\n|c|\u2606tomate palta|glhf\n|inactive|tomate palta has 60 seconds left.\n|\n|t:|1700876024\n|start\n|switch|p1a: Russel|Rillaboom, L50, F|100\/100\n|switch|p1b: pinky|Flutter Mane, L50|100\/100\n|switch|p2a: Arcanine|Arcanine-Hisui, L50, M, shiny|100\/100\n|switch|p2b: Ogerpon|Ogerpon-Hearthflame, L50, F|100\/100\n|-ability|p2b: Ogerpon|Mold Breaker\n|-ability|p2a: Arcanine|Intimidate|boost\n|-unboost|p1a: Russel|atk|1\n|-unboost|p1b: pinky|atk|1\n|-fieldstart|move: Grassy Terrain|[from] ability: Grassy Surge|[of] p1a: Russel\n|turn|1\n|inactive|tomate palta has 30 seconds left.\n|\n|t:|1700876055\n|switch|p2a: Trevenant|Trevenant, L50, M, shiny|100\/100\n|switch|p1a: terminal 7|Tornadus, L50, M|100\/100\n|move|p1b: pinky|Moonblast|p2b: Ogerpon\n|-resisted|p2b: Ogerpon\n|-damage|p2b: Ogerpon|71\/100\n|-unboost|p2b: Ogerpon|spa|1\n|move|p2b: Ogerpon|Trailblaze|p1b: pinky\n|-damage|p1b: pinky|37\/100\n|-boost|p2b: Ogerpon|spe|1\n|\n|-heal|p2b: Ogerpon|77\/100|[from] Grassy Terrain\n|-heal|p1b: pinky|43\/100|[from] Grassy Terrain\n|upkeep\n|turn|2\n|\n|t:|1700876077\n|move|p2b: Ogerpon|Trailblaze|p1b: pinky\n|-damage|p1b: pinky|0 fnt\n|-boost|p2b: Ogerpon|spe|1\n|faint|p1b: pinky\n|-end|p1b: pinky|Protosynthesis|[silent]\n|move|p1a: terminal 7|Bleakwind Storm|p2b: Ogerpon|[spread] p2a,p2b\n|-supereffective|p2a: Trevenant\n|-supereffective|p2b: Ogerpon\n|-damage|p2a: Trevenant|40\/100\n|-damage|p2b: Ogerpon|0 fnt\n|-unboost|p2a: Trevenant|spe|1\n|-enditem|p2a: Trevenant|Sitrus Berry|[eat]\n|-heal|p2a: Trevenant|65\/100|[from] item: Sitrus Berry\n|faint|p2b: Ogerpon\n|move|p2a: Trevenant|Curse|p1a: terminal 7\n|-start|p1a: terminal 7|Curse|[of] p2a: Trevenant\n|-damage|p2a: Trevenant|15\/100\n|\n|-heal|p2a: Trevenant|21\/100|[from] Grassy Terrain\n|-damage|p1a: terminal 7|76\/100|[from] Curse\n|upkeep\n|\n|t:|1700876099\n|switch|p1b: Dave|Urshifu, L50, F|100\/100\n|switch|p2b: Arcanine|Arcanine-Hisui, L50, M, shiny|100\/100\n|-ability|p2b: Arcanine|Intimidate|boost\n|-unboost|p1a: terminal 7|atk|1\n|-unboost|p1b: Dave|atk|1\n|turn|3\n|\n|t:|1700876123\n|-terastallize|p2b: Arcanine|Normal\n|move|p2a: Trevenant|Protect|p2a: Trevenant\n|-singleturn|p2a: Trevenant|Protect\n|move|p2b: Arcanine|Extreme Speed|p1b: Dave\n|-damage|p1b: Dave|40\/100\n|move|p1b: Dave|Swords Dance|p1b: Dave\n|-boost|p1b: Dave|atk|2\n|move|p1a: terminal 7|Bleakwind Storm|p2a: Trevenant|[spread] p2b\n|-activate|p2a: Trevenant|move: Protect\n|-damage|p2b: Arcanine|58\/100\n|-unboost|p2b: Arcanine|spe|1\n|\n|-heal|p1b: Dave|46\/100|[from] Grassy Terrain\n|-heal|p2b: Arcanine|63\/100|[from] Grassy Terrain\n|-heal|p2a: Trevenant|28\/100|[from] Grassy Terrain\n|-damage|p1a: terminal 7|51\/100|[from] Curse\n|upkeep\n|turn|4\n|inactive|filthytrashgoblin has 30 seconds left.\n|\n|t:|1700876150\n|switch|p2a: Milotic|Milotic, L50, F, shiny|100\/100\n|move|p2b: Arcanine|Extreme Speed|p1b: Dave\n|-damage|p1b: Dave|0 fnt\n|faint|p1b: Dave\n|move|p1a: terminal 7|Bleakwind Storm|p2b: Arcanine|[spread] p2a,p2b\n|-damage|p2a: Milotic|74\/100\n|-damage|p2b: Arcanine|26\/100\n|\n|-heal|p2a: Milotic|80\/100|[from] Grassy Terrain\n|-heal|p2b: Arcanine|32\/100|[from] Grassy Terrain\n|-damage|p1a: terminal 7|26\/100|[from] Curse\n|-status|p2a: Milotic|brn|[from] item: Flame Orb\n|upkeep\n|\n|t:|1700876164\n|switch|p1b: Russel|Rillaboom, L50, F|100\/100\n|turn|5\n|\n|t:|1700876175\n|-terastallize|p1b: Russel|Grass\n|move|p2b: Arcanine|Extreme Speed|p1b: Russel\n|-damage|p1b: Russel|43\/100\n|move|p1a: terminal 7|Bleakwind Storm|p2a: Milotic|[spread] p2a,p2b\n|-damage|p2a: Milotic|53\/100 brn\n|-damage|p2b: Arcanine|0 fnt\n|faint|p2b: Arcanine\n|move|p1b: Russel|Wood Hammer|p2a: Milotic\n|-supereffective|p2a: Milotic\n|-damage|p2a: Milotic|0 fnt\n|faint|p2a: Milotic\n|-damage|p1b: Russel|28\/100|[from] Recoil\n|\n|-heal|p1b: Russel|34\/100|[from] Grassy Terrain\n|-damage|p1a: terminal 7|2\/100|[from] Curse\n|-fieldend|move: Grassy Terrain\n|upkeep\n|\n|t:|1700876191\n|switch|p2b: Trevenant|Trevenant, L50, M, shiny|28\/100\n|turn|6\n|\n|t:|1700876196\n|move|p2b: Trevenant|Protect|p2b: Trevenant\n|-singleturn|p2b: Trevenant|Protect\n|move|p1a: terminal 7|Bleakwind Storm|p2b: Trevenant\n|-activate|p2b: Trevenant|move: Protect\n|move|p1b: Russel|Grassy Glide|p2b: Trevenant\n|-activate|p2b: Trevenant|move: Protect\n|\n|-damage|p1a: terminal 7|0 fnt|[from] Curse\n|faint|p1a: terminal 7\n|upkeep\n|turn|7\n|\n|t:|1700876212\n|move|p1b: Russel|Wood Hammer|p2b: Trevenant\n|-resisted|p2b: Trevenant\n|-damage|p2b: Trevenant|0 fnt\n|faint|p2b: Trevenant\n|-damage|p1b: Russel|25\/100|[from] Recoil\n|\n|win|filthytrashgoblin\n|raw|filthytrashgoblin's rating: 1050 &rarr; <strong>1086<\/strong><br \/>(+36 for winning)\n|raw|tomate palta's rating: 1083 &rarr; <strong>1058<\/strong><br \/>(-25 for losing)\n|c|\u2606filthytrashgoblin|gg :D\n|l|\u2606tomate palta\n","uploadtime":1700876223,"views":4,"p1id":"filthytrashgoblin","p2id":"tomatepalta","formatid":"gen9vgc2023regulatione","rating":1058,"private":0,"password":""}