{"id":"gen9vgc2023regulatione-1991270757","p1":"JabsGR","p2":"Abused24","format":"[Gen 9] VGC 2023 Regulation E","log":"|j|\u2606JabsGR\n|j|\u2606Abused24\n|n|\u2606JabsGR|jabsgr\n|n|\u2606Abused24|abused24\n|html|View the match progress at <a href=\"\/game-bestof3-gen9vgc2023regulatione-1991270756\">game-bestof3-gen9vgc2023regulatione-1991270756<\/a>\n|t:|1700063052\n|gametype|doubles\n|player|p1|JabsGR|170|\n|player|p2|Abused24|dawn|\n|teamsize|p1|6\n|teamsize|p2|6\n|gen|9\n|tier|[Gen 9] VGC 2023 Regulation E\n|rule|Species Clause: Limit one of each Pok\u00e9mon\n|rule|Item Clause: Limit one of each item\n|clearpoke\n|poke|p1|Bisharp, L50, F|\n|poke|p1|Rillaboom, L50, M|\n|poke|p1|Landorus-Therian, L50, M|\n|poke|p1|Illumise, L50, F|\n|poke|p1|Thundurus-Therian, L50, M|\n|poke|p1|Baxcalibur, L50, M|\n|poke|p2|Kingambit, L50, F|\n|poke|p2|Ogerpon-Wellspring, L50, F|\n|poke|p2|Murkrow, L50, F|\n|poke|p2|Fezandipiti, L50, M|\n|poke|p2|Tauros-Paldea-Blaze, L50, M|\n|poke|p2|Thwackey, L50, M|\n|teampreview|4\n|inactive|Battle timer is ON: inactive players will automatically lose when time's up. (requested by JabsGR)\n|c|\u2606Abused24|https:\/\/pokepast.es\/d67c2fb942f91aa9\n|c|\u2606JabsGR|https:\/\/pokepast.es\/b463a6485bc13143\n|inactive|JabsGR has 60 seconds left.\n|inactive|Abused24 has 60 seconds left.\n|c|\u2606Abused24|gl hf\n|c|\u2606JabsGR|glhf\n|inactive|Abused24 has 30 seconds left.\n|inactive|Abused24 has 20 seconds left.\n|inactive|Abused24 has 15 seconds left.\n|\n|t:|1700063131\n|start\n|switch|p1a: Rillaboom|Rillaboom, L50, M|100\/100\n|switch|p1b: Bisharp|Bisharp, L50, F|100\/100\n|switch|p2a: Fezandipiti|Fezandipiti, L50, M|100\/100\n|switch|p2b: Ogerpon|Ogerpon-Wellspring, L50, F|100\/100\n|-fieldstart|move: Grassy Terrain|[from] ability: Grassy Surge|[of] p1a: Rillaboom\n|turn|1\n|\n|t:|1700063154\n|move|p1a: Rillaboom|Fake Out|p2a: Fezandipiti\n|-damage|p2a: Fezandipiti|83\/100\n|move|p2b: Ogerpon|Follow Me|p2b: Ogerpon\n|-singleturn|p2b: Ogerpon|move: Follow Me\n|cant|p2a: Fezandipiti|flinch\n|move|p1b: Bisharp|Swords Dance|p1b: Bisharp\n|-boost|p1b: Bisharp|atk|2\n|\n|-heal|p2a: Fezandipiti|89\/100|[from] Grassy Terrain\n|upkeep\n|turn|2\n|inactive|JabsGR has 30 seconds left.\n|\n|t:|1700063187\n|-terastallize|p1b: Bisharp|Flying\n|move|p2b: Ogerpon|Follow Me|p2b: Ogerpon\n|-singleturn|p2b: Ogerpon|move: Follow Me\n|move|p2a: Fezandipiti|Nasty Plot|p2a: Fezandipiti\n|-boost|p2a: Fezandipiti|spa|2\n|move|p1a: Rillaboom|U-turn|p2b: Ogerpon\n|-supereffective|p2b: Ogerpon\n|-damage|p2b: Ogerpon|55\/100\n|\n|t:|1700063197\n|switch|p1a: Baxcalibur|Baxcalibur, L50, M|100\/100|[from] U-turn\n|move|p1b: Bisharp|Tera Blast|p2b: Ogerpon|[anim] Tera Blast Flying\n|-supereffective|p2b: Ogerpon\n|-damage|p2b: Ogerpon|0 fnt\n|faint|p2b: Ogerpon\n|\n|-heal|p2a: Fezandipiti|95\/100|[from] Grassy Terrain\n|upkeep\n|\n|t:|1700063214\n|switch|p2b: Tauros|Tauros-Paldea-Blaze, L50, M|100\/100\n|-ability|p2b: Tauros|Intimidate|boost\n|-unboost|p1a: Baxcalibur|atk|1\n|-unboost|p1b: Bisharp|atk|1\n|-ability|p1b: Bisharp|Defiant|boost\n|-boost|p1b: Bisharp|atk|2\n|turn|3\n|\n|t:|1700063229\n|-terastallize|p2a: Fezandipiti|Fairy\n|move|p1b: Bisharp|Sucker Punch|p2a: Fezandipiti\n|-resisted|p2a: Fezandipiti\n|-damage|p2a: Fezandipiti|45\/100\n|-enditem|p2a: Fezandipiti|Sitrus Berry|[eat]\n|-heal|p2a: Fezandipiti|70\/100|[from] item: Sitrus Berry\n|move|p2b: Tauros|Rock Slide|p1b: Bisharp|[spread] p1a,p1b\n|-supereffective|p1a: Baxcalibur\n|-supereffective|p1b: Bisharp\n|-damage|p1a: Baxcalibur|41\/100\n|-damage|p1b: Bisharp|59\/100\n|move|p2a: Fezandipiti|Dazzling Gleam|p1b: Bisharp|[spread] p1a,p1b\n|-supereffective|p1a: Baxcalibur\n|-damage|p1a: Baxcalibur|0 fnt\n|-damage|p1b: Bisharp|0 fnt\n|faint|p1a: Baxcalibur\n|faint|p1b: Bisharp\n|\n|-heal|p2a: Fezandipiti|76\/100|[from] Grassy Terrain\n|upkeep\n|\n|t:|1700063244\n|switch|p1a: Rillaboom|Rillaboom, L50, M|100\/100\n|switch|p1b: Thundurus|Thundurus-Therian, L50, M|100\/100\n|turn|4\n|inactive|Abused24 has 30 seconds left.\n|\n|t:|1700063278\n|switch|p2b: Kingambit|Kingambit, L50, F|100\/100\n|move|p2a: Fezandipiti|Protect|p2a: Fezandipiti\n|-singleturn|p2a: Fezandipiti|Protect\n|move|p1a: Rillaboom|Fake Out|p2a: Fezandipiti\n|-activate|p2a: Fezandipiti|move: Protect\n|move|p1b: Thundurus|Psychic|p2b: Kingambit\n|-immune|p2b: Kingambit\n|\n|-heal|p2a: Fezandipiti|82\/100|[from] Grassy Terrain\n|upkeep\n|turn|5\n|inactive|Abused24 has 30 seconds left.\n|\n|t:|1700063304\n|move|p1a: Rillaboom|Grassy Glide|p2a: Fezandipiti\n|-damage|p2a: Fezandipiti|36\/100\n|move|p1b: Thundurus|Wildbolt Storm|p2b: Kingambit|[spread] p2a,p2b\n|-crit|p2b: Kingambit\n|-damage|p2a: Fezandipiti|0 fnt\n|-damage|p2b: Kingambit|29\/100\n|faint|p2a: Fezandipiti\n|move|p2b: Kingambit|Swords Dance|p2b: Kingambit\n|-boost|p2b: Kingambit|atk|2\n|\n|-heal|p2b: Kingambit|35\/100|[from] Grassy Terrain\n|-fieldend|move: Grassy Terrain\n|upkeep\n|\n|t:|1700063315\n|switch|p2a: Tauros|Tauros-Paldea-Blaze, L50, M|100\/100\n|-ability|p2a: Tauros|Intimidate|boost\n|-fail|p1a: Rillaboom|unboost|[from] item: Clear Amulet|[of] p1a: Rillaboom\n|-unboost|p1b: Thundurus|atk|1\n|-enditem|p1b: Thundurus|Adrenaline Orb\n|-boost|p1b: Thundurus|spe|1|[from] item: Adrenaline Orb\n|turn|6\n|\n|t:|1700063329\n|move|p2b: Kingambit|Sucker Punch|p1b: Thundurus\n|-damage|p1b: Thundurus|0 fnt\n|faint|p1b: Thundurus\n|move|p2a: Tauros|Flare Blitz|p1a: Rillaboom\n|-supereffective|p1a: Rillaboom\n|-damage|p1a: Rillaboom|0 fnt\n|faint|p1a: Rillaboom\n|-damage|p2a: Tauros|64\/100|[from] Recoil\n|\n|win|Abused24\n|c|\u2606JabsGR|gg\n|c|\u2606Abused24|gg\n|inactive|JabsGR has 50 seconds to confirm battle start!\n|inactive|Abused24 has 50 seconds to confirm battle start!\n|c|&|\/uhtml prompt-jabsgr,JabsGR is ready for game 2!\n|inactive|Abused24 has 40 seconds to confirm battle start!\n|inactive|Abused24 has 30 seconds to confirm battle start!\n","uploadtime":1700063340,"views":28,"p1id":"jabsgr","p2id":"abused24","formatid":"gen9vgc2023regulatione","rating":0,"private":0,"password":""}