{"id":"gen9vgc2023regulatione-1993194020","p1":"lungfishb","p2":"KingOfGreed64","format":"[Gen 9] VGC 2023 Regulation E","log":"|j|\u2606lungfishb\n|j|\u2606KingOfGreed64\n|t:|1700276352\n|gametype|doubles\n|player|p1|lungfishb|artist-gen4|1214\n|player|p2|KingOfGreed64|guzma|1249\n|teamsize|p1|6\n|teamsize|p2|6\n|gen|9\n|tier|[Gen 9] VGC 2023 Regulation E\n|rated|\n|rule|Species Clause: Limit one of each Pok\u00e9mon\n|rule|Item Clause: Limit one of each item\n|clearpoke\n|poke|p1|Volcarona, L50, F|\n|poke|p1|Iron Hands, L50|\n|poke|p1|Landorus-Therian, L50, M|\n|poke|p1|Sinistcha, L50|\n|poke|p1|Chien-Pao, L50|\n|poke|p1|Iron Bundle, L50|\n|poke|p2|Dudunsparce-*, L50, M|\n|poke|p2|Clefairy, L50, M|\n|poke|p2|Rillaboom, L50, F|\n|poke|p2|Ogerpon-Hearthflame, L50, F|\n|poke|p2|Landorus-Therian, L50, M|\n|poke|p2|Gholdengo, L50|\n|teampreview|4\n|\n|t:|1700276387\n|start\n|switch|p1a: Iron Hands|Iron Hands, L50|100\/100\n|switch|p1b: Volcarona|Volcarona, L50, F|100\/100\n|switch|p2a: prince fluff|Clefairy, L50, M, shiny|100\/100\n|switch|p2b: Dududunsparce|Dudunsparce-Three-Segment, L50, M|100\/100\n|turn|1\n|\n|t:|1700276404\n|-terastallize|p2b: Dududunsparce|Ghost\n|move|p1a: Iron Hands|Fake Out|p2b: Dududunsparce\n|-immune|p2b: Dududunsparce\n|move|p1b: Volcarona|Quiver Dance|p1b: Volcarona\n|-boost|p1b: Volcarona|spa|1\n|-boost|p1b: Volcarona|spd|1\n|-boost|p1b: Volcarona|spe|1\n|move|p2b: Dududunsparce|Coil|p2b: Dududunsparce\n|-boost|p2b: Dududunsparce|atk|1\n|-boost|p2b: Dududunsparce|def|1\n|-boost|p2b: Dududunsparce|accuracy|1\n|move|p2a: prince fluff|Icy Wind|p1b: Volcarona|[spread] p1a,p1b\n|-crit|p1a: Iron Hands\n|-resisted|p1b: Volcarona\n|-damage|p1a: Iron Hands|94\/100\n|-damage|p1b: Volcarona|98\/100\n|-unboost|p1a: Iron Hands|spe|1\n|-unboost|p1b: Volcarona|spe|1\n|\n|-heal|p1b: Volcarona|100\/100|[from] item: Leftovers\n|upkeep\n|turn|2\n|\n|t:|1700276434\n|move|p1b: Volcarona|Quiver Dance|p1b: Volcarona\n|-boost|p1b: Volcarona|spa|1\n|-boost|p1b: Volcarona|spd|1\n|-boost|p1b: Volcarona|spe|1\n|move|p2b: Dududunsparce|Rock Slide|p1a: Iron Hands|[spread] p1a,p1b\n|-resisted|p1a: Iron Hands\n|-supereffective|p1b: Volcarona\n|-damage|p1a: Iron Hands|86\/100\n|-damage|p1b: Volcarona|3\/100\n|move|p2a: prince fluff|Icy Wind|p1b: Volcarona|[spread] p1a,p1b\n|-resisted|p1b: Volcarona\n|-damage|p1a: Iron Hands|81\/100\n|-damage|p1b: Volcarona|1\/100\n|-unboost|p1a: Iron Hands|spe|1\n|-unboost|p1b: Volcarona|spe|1\n|move|p1a: Iron Hands|Heavy Slam|p2a: prince fluff\n|-supereffective|p2a: prince fluff\n|-damage|p2a: prince fluff|28\/100\n|\n|-heal|p1b: Volcarona|7\/100|[from] item: Leftovers\n|upkeep\n|turn|3\n|\n|t:|1700276456\n|move|p1b: Volcarona|Protect|p1b: Volcarona\n|-singleturn|p1b: Volcarona|Protect\n|move|p2a: prince fluff|Protect|p2a: prince fluff\n|-singleturn|p2a: prince fluff|Protect\n|move|p2b: Dududunsparce|Rock Slide|p1a: Iron Hands|[spread] p1a\n|-activate|p1b: Volcarona|move: Protect\n|-resisted|p1a: Iron Hands\n|-damage|p1a: Iron Hands|73\/100\n|cant|p1a: Iron Hands|flinch\n|\n|-heal|p1b: Volcarona|13\/100|[from] item: Leftovers\n|upkeep\n|turn|4\n|\n|t:|1700276476\n|switch|p2a: lando|Landorus-Therian, L50, M|100\/100\n|-ability|p2a: lando|Intimidate|boost\n|-unboost|p1a: Iron Hands|atk|1\n|-unboost|p1b: Volcarona|atk|1\n|-terastallize|p1b: Volcarona|Grass\n|move|p1b: Volcarona|Giga Drain|p2b: Dududunsparce\n|-damage|p2b: Dududunsparce|44\/100\n|-heal|p1b: Volcarona|47\/100|[from] drain|[of] p2b: Dududunsparce\n|move|p2b: Dududunsparce|Rock Slide|p1a: Iron Hands|[spread] p1a,p1b\n|-resisted|p1a: Iron Hands\n|-damage|p1a: Iron Hands|65\/100\n|-damage|p1b: Volcarona|24\/100\n|move|p1a: Iron Hands|Heavy Slam|p2a: lando\n|-damage|p2a: lando|60\/100\n|\n|-heal|p1b: Volcarona|30\/100|[from] item: Leftovers\n|-heal|p2b: Dududunsparce|50\/100|[from] item: Leftovers\n|upkeep\n|turn|5\n|\n|t:|1700276494\n|-end|p1a: Iron Hands|Quark Drive|[silent]\n|switch|p1a: Landorus|Landorus-Therian, L50, M|100\/100\n|-ability|p1a: Landorus|Intimidate|boost\n|-unboost|p2a: lando|atk|1\n|-unboost|p2b: Dududunsparce|atk|1\n|move|p1b: Volcarona|Protect|p1b: Volcarona\n|-singleturn|p1b: Volcarona|Protect\n|move|p2b: Dududunsparce|Protect|p2b: Dududunsparce\n|-singleturn|p2b: Dududunsparce|Protect\n|move|p2a: lando|U-turn|p1b: Volcarona\n|-activate|p1b: Volcarona|move: Protect\n|\n|-heal|p1b: Volcarona|36\/100|[from] item: Leftovers\n|-heal|p2b: Dududunsparce|56\/100|[from] item: Leftovers\n|upkeep\n|turn|6\n|\n|t:|1700276518\n|move|p2a: lando|U-turn|p1b: Volcarona\n|-supereffective|p1b: Volcarona\n|-damage|p1b: Volcarona|0 fnt\n|faint|p1b: Volcarona\n|\n|t:|1700276523\n|switch|p2a: prince fluff|Clefairy, L50, M, shiny|28\/100|[from] U-turn\n|move|p1a: Landorus|Stomping Tantrum|p2b: Dududunsparce\n|-damage|p2b: Dududunsparce|30\/100\n|-damage|p1a: Landorus|91\/100|[from] item: Life Orb\n|move|p2b: Dududunsparce|Body Slam|p1a: Landorus\n|-damage|p1a: Landorus|49\/100\n|-status|p1a: Landorus|par\n|\n|-heal|p2b: Dududunsparce|36\/100|[from] item: Leftovers\n|upkeep\n|\n|t:|1700276535\n|switch|p1b: Iron Hands|Iron Hands, L50|65\/100\n|turn|7\n|\n|t:|1700276542\n|move|p2a: prince fluff|Protect|p2a: prince fluff\n|-singleturn|p2a: prince fluff|Protect\n|move|p2b: Dududunsparce|Coil|p2b: Dududunsparce\n|-boost|p2b: Dududunsparce|atk|1\n|-boost|p2b: Dududunsparce|def|1\n|-boost|p2b: Dududunsparce|accuracy|1\n|move|p1a: Landorus|Stomping Tantrum|p2b: Dududunsparce\n|-damage|p2b: Dududunsparce|16\/100\n|-damage|p1a: Landorus|39\/100 par|[from] item: Life Orb\n|move|p1b: Iron Hands|Heavy Slam|p2a: prince fluff\n|-activate|p2a: prince fluff|move: Protect\n|\n|-heal|p2b: Dududunsparce|22\/100|[from] item: Leftovers\n|upkeep\n|turn|8\n|\n|t:|1700276559\n|move|p2b: Dududunsparce|Protect|p2b: Dududunsparce\n|-singleturn|p2b: Dududunsparce|Protect\n|move|p1a: Landorus|Stomping Tantrum|p2b: Dududunsparce\n|-activate|p2b: Dududunsparce|move: Protect\n|move|p2a: prince fluff|Life Dew|p2a: prince fluff|[spread] p2a,p2b\n|-heal|p2a: prince fluff|53\/100\n|-heal|p2b: Dududunsparce|47\/100\n|move|p1b: Iron Hands|Heavy Slam|p2a: prince fluff\n|-supereffective|p2a: prince fluff\n|-damage|p2a: prince fluff|0 fnt\n|faint|p2a: prince fluff\n|\n|-heal|p2b: Dududunsparce|54\/100|[from] item: Leftovers\n|upkeep\n|\n|t:|1700276571\n|switch|p2a: lando|Landorus-Therian, L50, M|60\/100\n|-ability|p2a: lando|Intimidate|boost\n|-unboost|p1a: Landorus|atk|1\n|-unboost|p1b: Iron Hands|atk|1\n|turn|9\n|\n|t:|1700276582\n|move|p2a: lando|Stomping Tantrum|p1b: Iron Hands\n|-supereffective|p1b: Iron Hands\n|-damage|p1b: Iron Hands|8\/100\n|move|p2b: Dududunsparce|Rock Slide|p1b: Iron Hands|[spread] p1a,p1b\n|-resisted|p1b: Iron Hands\n|-damage|p1a: Landorus|12\/100 par\n|-damage|p1b: Iron Hands|0 fnt\n|faint|p1b: Iron Hands\n|-end|p1b: Iron Hands|Quark Drive|[silent]\n|cant|p1a: Landorus|flinch\n|\n|-heal|p2b: Dududunsparce|60\/100|[from] item: Leftovers\n|upkeep\n|\n|t:|1700276591\n|switch|p1b: Iron Bundle|Iron Bundle, L50, shiny|100\/100\n|-enditem|p1b: Iron Bundle|Booster Energy\n|-activate|p1b: Iron Bundle|ability: Quark Drive|[fromitem]\n|-start|p1b: Iron Bundle|quarkdrivespe\n|turn|10\n|\n|t:|1700276604\n|switch|p2a: IRS|Gholdengo, L50|100\/100\n|move|p1b: Iron Bundle|Freeze-Dry|p2a: IRS\n|-resisted|p2a: IRS\n|-damage|p2a: IRS|81\/100\n|move|p2b: Dududunsparce|Body Slam|p1b: Iron Bundle\n|-damage|p1b: Iron Bundle|34\/100\n|-status|p1b: Iron Bundle|par\n|move|p1a: Landorus|Stomping Tantrum|p2b: Dududunsparce\n|-damage|p2b: Dududunsparce|23\/100\n|-damage|p1a: Landorus|2\/100 par|[from] item: Life Orb\n|\n|-heal|p2b: Dududunsparce|30\/100|[from] item: Leftovers\n|upkeep\n|turn|11\n|-message|lungfishb forfeited.\n|\n|win|KingOfGreed64\n|raw|lungfishb's rating: 1214 &rarr; <strong>1192<\/strong><br \/>(-22 for losing)\n|raw|KingOfGreed64's rating: 1249 &rarr; <strong>1271<\/strong><br \/>(+22 for winning)\n|l|\u2606lungfishb\n","uploadtime":1700276624,"views":13,"p1id":"lungfishb","p2id":"kingofgreed64","formatid":"gen9vgc2023regulatione","rating":1192,"private":0,"password":""}