{"id":"gen9vgc2023regulatione-1998575746","p1":"ArosConPollo85","p2":"KingA3","format":"[Gen 9] VGC 2023 Regulation E","log":"|j|\u2606ArosConPollo85\n|j|\u2606KingA3\n|t:|1700958330\n|gametype|doubles\n|player|p1|ArosConPollo85|169|1140\n|player|p2|KingA3|266|1205\n|teamsize|p1|6\n|teamsize|p2|6\n|gen|9\n|tier|[Gen 9] VGC 2023 Regulation E\n|rated|\n|rule|Species Clause: Limit one of each Pok\u00e9mon\n|rule|Item Clause: Limit one of each item\n|clearpoke\n|poke|p1|Staraptor, L50, F|\n|poke|p1|Eelektross, L50, M|\n|poke|p1|Milotic, L50, F|\n|poke|p1|Tornadus, L50, M|\n|poke|p1|Urshifu-*, L50, F|\n|poke|p1|Heatran, L50, M|\n|poke|p2|Indeedee-F, L50, F|\n|poke|p2|Armarouge, L50, F|\n|poke|p2|Ursaluna, L50, F|\n|poke|p2|Urshifu-*, L50, M|\n|poke|p2|Torkoal, L50, F|\n|poke|p2|Iron Hands, L50|\n|teampreview|4\n|inactive|Battle timer is ON: inactive players will automatically lose when time's up. (requested by ArosConPollo85)\nArosConPollo85 has agreed to open team sheets.\n|\n|t:|1700958358\n|start\n|switch|p1a: Eelektross|Eelektross, L50, M|100\/100\n|switch|p1b: Urshifu|Urshifu-Rapid-Strike, L50, F|100\/100\n|switch|p2a: Armarouge|Armarouge, L50, F|100\/100\n|switch|p2b: Iron Hands|Iron Hands, L50|100\/100\n|turn|1\n|\n|t:|1700958376\n|-terastallize|p2a: Armarouge|Grass\n|move|p2b: Iron Hands|Fake Out|p1a: Eelektross\n|-damage|p1a: Eelektross|86\/100\n|move|p1b: Urshifu|Surging Strikes|p2a: Armarouge\n|-resisted|p2a: Armarouge\n|-crit|p2a: Armarouge\n|-damage|p2a: Armarouge|84\/100\n|-resisted|p2a: Armarouge\n|-crit|p2a: Armarouge\n|-damage|p2a: Armarouge|70\/100\n|-resisted|p2a: Armarouge\n|-crit|p2a: Armarouge\n|-damage|p2a: Armarouge|56\/100\n|-hitcount|p2a: Armarouge|3\n|cant|p1a: Eelektross|flinch\n|move|p2a: Armarouge|Trick Room|p2a: Armarouge\n|-fieldstart|move: Trick Room|[of] p2a: Armarouge\n|\n|upkeep\n|turn|2\n|\n|t:|1700958396\n|switch|p1b: Heatran|Heatran, L50, M|100\/100\n|move|p1a: Eelektross|Knock Off|p2b: Iron Hands\n|-resisted|p2b: Iron Hands\n|-damage|p2b: Iron Hands|92\/100\n|-enditem|p2b: Iron Hands|Assault Vest|[from] move: Knock Off|[of] p1a: Eelektross\n|move|p2b: Iron Hands|Drain Punch|p1a: Eelektross\n|-damage|p1a: Eelektross|42\/100\n|-heal|p2b: Iron Hands|100\/100|[from] drain|[of] p1a: Eelektross\n|move|p2a: Armarouge|Expanding Force|p1b: Heatran\n|-resisted|p1b: Heatran\n|-damage|p1b: Heatran|74\/100\n|\n|upkeep\n|turn|3\n|\n|t:|1700958416\n|move|p1a: Eelektross|Knock Off|p2a: Armarouge\n|-damage|p2a: Armarouge|30\/100\n|-enditem|p2a: Armarouge|Twisted Spoon|[from] move: Knock Off|[of] p1a: Eelektross\n|move|p2b: Iron Hands|Drain Punch|p1b: Heatran\n|-supereffective|p1b: Heatran\n|-damage|p1b: Heatran|0 fnt\n|faint|p1b: Heatran\n|move|p2a: Armarouge|Expanding Force|p1a: Eelektross\n|-crit|p1a: Eelektross\n|-damage|p1a: Eelektross|0 fnt\n|faint|p1a: Eelektross\n|\n|upkeep\n|\n|t:|1700958426\n|switch|p1a: Urshifu|Urshifu-Rapid-Strike, L50, F|100\/100\n|switch|p1b: Milotic|Milotic, L50, F|100\/100\n|turn|4\n|\n|t:|1700958454\n|-terastallize|p1b: Milotic|Dragon\n|move|p2b: Iron Hands|Wild Charge|p1b: Milotic\n|-resisted|p1b: Milotic\n|-damage|p1b: Milotic|75\/100\n|-damage|p2b: Iron Hands|96\/100|[from] Recoil\n|move|p2a: Armarouge|Expanding Force|p1a: Urshifu\n|-supereffective|p1a: Urshifu\n|-damage|p1a: Urshifu|0 fnt\n|faint|p1a: Urshifu\n|move|p1b: Milotic|Ice Beam|p2a: Armarouge\n|-supereffective|p2a: Armarouge\n|-damage|p2a: Armarouge|0 fnt\n|faint|p2a: Armarouge\n|\n|-heal|p1b: Milotic|81\/100|[from] item: Leftovers\n|upkeep\n|\n|t:|1700958475\n|switch|p2a: Torkoal|Torkoal, L50, F|100\/100\n|-weather|SunnyDay|[from] ability: Drought|[of] p2a: Torkoal\n|turn|5\n|\n|t:|1700958483\n|move|p2a: Torkoal|Eruption|p1b: Milotic\n|-resisted|p1b: Milotic\n|-damage|p1b: Milotic|37\/100\n|move|p2b: Iron Hands|Drain Punch|p1b: Milotic\n|-damage|p1b: Milotic|0 fnt\n|-heal|p2b: Iron Hands|100\/100|[from] drain|[of] p1b: Milotic\n|faint|p1b: Milotic\n|\n|win|KingA3\n|raw|ArosConPollo85's rating: 1140 &rarr; <strong>1120<\/strong><br \/>(-20 for losing)\n|raw|KingA3's rating: 1205 &rarr; <strong>1225<\/strong><br \/>(+20 for winning)\n|l|\u2606ArosConPollo85\n","uploadtime":1700958496,"views":5,"p1id":"arosconpollo85","p2id":"kinga3","formatid":"gen9vgc2023regulatione","rating":1120,"private":0,"password":""}