{"id":"gen9vgc2023regulatione-1999695521","p1":"kbzn_","p2":"morsisius","format":"[Gen 9] VGC 2023 Regulation E","log":"|j|\u2606kbzn_\n|j|\u2606morsisius\n|t:|1701108573\n|gametype|doubles\n|player|p1|kbzn_|infielder|1392\n|player|p2|morsisius|roxie|1400\n|teamsize|p1|6\n|teamsize|p2|6\n|gen|9\n|tier|[Gen 9] VGC 2023 Regulation E\n|rated|\n|rule|Species Clause: Limit one of each Pok\u00e9mon\n|rule|Item Clause: Limit one of each item\n|clearpoke\n|poke|p1|Iron Bundle, L50|\n|poke|p1|Arcanine-Hisui, L50, F|\n|poke|p1|Kingambit, L50, F|\n|poke|p1|Gholdengo, L50|\n|poke|p1|Iron Hands, L50|\n|poke|p1|Ogerpon-Wellspring, L50, F|\n|poke|p2|Sinistcha, L50|\n|poke|p2|Hatterene, L50, F|\n|poke|p2|Brute Bonnet, L50|\n|poke|p2|Iron Hands, L50|\n|poke|p2|Ursaluna-Bloodmoon, L50, M|\n|poke|p2|Armarouge, L50, M|\n|teampreview|4\n|inactive|Battle timer is ON: inactive players will automatically lose when time's up. (requested by kbzn_)\n|inactive|kbzn_ has 60 seconds left.\n|\n|t:|1701108609\n|start\n|switch|p1a: Arcanine|Arcanine-Hisui, L50, F|100\/100\n|switch|p1b: Kingambit|Kingambit, L50, F, shiny|100\/100\n|switch|p2a: Hatterene|Hatterene, L50, F|100\/100\n|switch|p2b: Iron Hands|Iron Hands, L50|100\/100\n|-ability|p1a: Arcanine|Intimidate|boost\n|-unboost|p2a: Hatterene|atk|1\n|-unboost|p2b: Iron Hands|atk|1\n|-enditem|p2b: Iron Hands|Booster Energy\n|-activate|p2b: Iron Hands|ability: Quark Drive|[fromitem]\n|-start|p2b: Iron Hands|quarkdriveatk\n|turn|1\n|inactive|kbzn_ has 30 seconds left.\n|inactive|kbzn_ has 20 seconds left.\n|\n|t:|1701108646\n|-terastallize|p2a: Hatterene|Fire\n|move|p1b: Kingambit|Protect|p1b: Kingambit\n|-singleturn|p1b: Kingambit|Protect\n|move|p2b: Iron Hands|Fake Out|p1a: Arcanine\n|-resisted|p1a: Arcanine\n|-damage|p1a: Arcanine|93\/100\n|cant|p1a: Arcanine|flinch\n|move|p2a: Hatterene|Trick Room|p2a: Hatterene\n|-fieldstart|move: Trick Room|[of] p2a: Hatterene\n|\n|upkeep\n|turn|2\n|inactive|kbzn_ has 30 seconds left.\n|\n|t:|1701108674\n|switch|p2a: Ursaluna|Ursaluna-Bloodmoon, L50, M|100\/100\n|switch|p1a: Gholdengo|Gholdengo, L50|100\/100\n|-terastallize|p1b: Kingambit|Fire\n|move|p2b: Iron Hands|Drain Punch|p1b: Kingambit\n|-damage|p1b: Kingambit|72\/100\n|move|p1b: Kingambit|Kowtow Cleave|p2a: Ursaluna\n|-damage|p2a: Ursaluna|63\/100\n|\n|upkeep\n|turn|3\n|inactive|kbzn_ has 30 seconds left.\n|\n|t:|1701108699\n|move|p1b: Kingambit|Sucker Punch|p2a: Ursaluna\n|-damage|p2a: Ursaluna|32\/100\n|move|p2b: Iron Hands|Wild Charge|p1a: Gholdengo\n|-damage|p1a: Gholdengo|58\/100\n|-damage|p2b: Iron Hands|92\/100|[from] Recoil\n|move|p2a: Ursaluna|Earth Power|p1a: Gholdengo\n|-supereffective|p1a: Gholdengo\n|-damage|p1a: Gholdengo|0 fnt\n|faint|p1a: Gholdengo\n|\n|upkeep\n|\n|t:|1701108709\n|switch|p1a: Arcanine|Arcanine-Hisui, L50, F|93\/100\n|-ability|p1a: Arcanine|Intimidate|boost\n|-unboost|p2a: Ursaluna|atk|1\n|-unboost|p2b: Iron Hands|atk|1\n|turn|4\n|\n|t:|1701108724\n|-end|p2b: Iron Hands|Quark Drive|[silent]\n|switch|p2b: Hatterene|Hatterene, L50, F, tera:Fire|100\/100\n|move|p1a: Arcanine|Extreme Speed|p2a: Ursaluna\n|-damage|p2a: Ursaluna|15\/100\n|move|p1b: Kingambit|Sucker Punch|p2a: Ursaluna\n|-damage|p2a: Ursaluna|0 fnt\n|faint|p2a: Ursaluna\n|\n|upkeep\n|\n|t:|1701108735\n|switch|p2a: Iron Hands|Iron Hands, L50|92\/100\n|turn|5\n|\n|t:|1701108752\n|move|p2b: Hatterene|Psyshock|p1b: Kingambit\n|-damage|p1b: Kingambit|40\/100\n|move|p2a: Iron Hands|Drain Punch|p1a: Arcanine\n|-supereffective|p1a: Arcanine\n|-damage|p1a: Arcanine|9\/100\n|-heal|p2a: Iron Hands|100\/100|[from] drain|[of] p1a: Arcanine\n|-enditem|p1a: Arcanine|Aguav Berry|[eat]\n|-heal|p1a: Arcanine|42\/100|[from] item: Aguav Berry\n|move|p1b: Kingambit|Swords Dance|p1b: Kingambit\n|-boost|p1b: Kingambit|atk|2\n|move|p1a: Arcanine|Howl|p1a: Arcanine|[spread] p1a,p1b\n|-boost|p1a: Arcanine|atk|1\n|-boost|p1b: Kingambit|atk|1\n|\n|-fieldend|move: Trick Room\n|upkeep\n|turn|6\n|\n|t:|1701108776\n|move|p1a: Arcanine|Flare Blitz|p2a: Iron Hands\n|-damage|p2a: Iron Hands|48\/100\n|-damage|p1a: Arcanine|17\/100|[from] Recoil\n|move|p1b: Kingambit|Kowtow Cleave|p2b: Hatterene\n|-damage|p2b: Hatterene|0 fnt\n|faint|p2b: Hatterene\n|move|p2a: Iron Hands|Drain Punch|p1a: Arcanine\n|-supereffective|p1a: Arcanine\n|-damage|p1a: Arcanine|0 fnt\n|-heal|p2a: Iron Hands|53\/100|[from] drain|[of] p1a: Arcanine\n|faint|p1a: Arcanine\n|\n|upkeep\n|inactive|morsisius has 30 seconds left.\n|\n|t:|1701108808\n|switch|p1a: Iron Bundle|Iron Bundle, L50|100\/100\n|switch|p2b: Sinistcha|Sinistcha, L50|100\/100\n|-heal|p2a: Iron Hands|78\/100|[from] ability: Hospitality|[of] p2b: Sinistcha\n|-enditem|p1a: Iron Bundle|Booster Energy\n|-activate|p1a: Iron Bundle|ability: Quark Drive|[fromitem]\n|-start|p1a: Iron Bundle|quarkdrivespe\n|turn|7\n|\n|t:|1701108829\n|move|p1a: Iron Bundle|Protect|p1a: Iron Bundle\n|-singleturn|p1a: Iron Bundle|Protect\n|move|p1b: Kingambit|Kowtow Cleave|p2b: Sinistcha\n|-supereffective|p2b: Sinistcha\n|-damage|p2b: Sinistcha|0 fnt\n|-damage|p1b: Kingambit|23\/100|[from] item: Rocky Helmet|[of] p2b: Sinistcha\n|faint|p2b: Sinistcha\n|move|p2a: Iron Hands|Wild Charge|p1b: Kingambit\n|-damage|p1b: Kingambit|0 fnt\n|faint|p1b: Kingambit\n|-damage|p2a: Iron Hands|74\/100|[from] Recoil\n|\n|upkeep\n|turn|8\n|\n|t:|1701108846\n|move|p1a: Iron Bundle|Freeze-Dry|p2a: Iron Hands\n|-damage|p2a: Iron Hands|43\/100\n|move|p2a: Iron Hands|Wild Charge|p1a: Iron Bundle\n|-supereffective|p1a: Iron Bundle\n|-damage|p1a: Iron Bundle|0 fnt\n|faint|p1a: Iron Bundle\n|-end|p1a: Iron Bundle|Quark Drive|[silent]\n|-damage|p2a: Iron Hands|29\/100|[from] Recoil\n|\n|win|morsisius\n|raw|kbzn_'s rating: 1392 &rarr; <strong>1372<\/strong><br \/>(-20 for losing)\n|raw|morsisius's rating: 1400 &rarr; <strong>1420<\/strong><br \/>(+20 for winning)\n|c|\u2606kbzn_|gg\n","uploadtime":1701108862,"views":1,"p1id":"kbzn","p2id":"morsisius","formatid":"gen9vgc2023regulatione","rating":1372,"private":0,"password":""}