{"id":"gen9vgc2023regulatione-1995176842","p1":"Xanej","p2":"Jayanni","format":"[Gen 9] VGC 2023 Regulation E","log":"|j|\u2606Xanej\n|j|\u2606Jayanni\n|n|\u2606Xanej|xanej\n|n|\u2606Jayanni|jayanni\n|html|View the match progress at <a href=\"\/game-bestof3-gen9vgc2023regulatione-1995176841\">game-bestof3-gen9vgc2023regulatione-1995176841<\/a>\n|t:|1700531196\n|gametype|doubles\n|player|p1|Xanej|102|\n|player|p2|Jayanni|102|\n|teamsize|p1|6\n|teamsize|p2|6\n|gen|9\n|tier|[Gen 9] VGC 2023 Regulation E\n|rule|Species Clause: Limit one of each Pok\u00e9mon\n|rule|Item Clause: Limit one of each item\n|clearpoke\n|poke|p1|Arcanine-Hisui, L50, M|\n|poke|p1|Corviknight, L50, F|\n|poke|p1|Maushold-Four, L50|\n|poke|p1|Moltres-Galar, L50|\n|poke|p1|Ogerpon-Cornerstone, L50, F|\n|poke|p1|Vaporeon, L50, F|\n|poke|p2|Trevenant, L50, M|\n|poke|p2|Dragalge, L50, F|\n|poke|p2|Gliscor, L50, M|\n|poke|p2|Umbreon, L50, F|\n|poke|p2|Mismagius, L50, M|\n|poke|p2|Magnezone, L50|\n|teampreview|4\nXanej has agreed to open team sheets.\nJayanni has agreed to open team sheets.\n|showteam|p1|Arcanine-Hisui||AssaultVest|Intimidate|RockSlide,FlareBlitz,ExtremeSpeed,Snarl|||M|||50|,,,,,Normal]Corviknight||Leftovers|MirrorArmor|Roost,BulkUp,BraveBird,BodyPress|||F|||50|,,,,,Dragon]Maushold-Four||AguavBerry|FriendGuard|Protect,FollowMe,Taunt,SuperFang||||||50|,,,,,Ghost]Moltres-Galar||SitrusBerry|Berserk|FieryWrath,AirSlash,NastyPlot,Protect||||||50|,,,,,Dark]Ogerpon-Cornerstone||CornerstoneMask|Sturdy|SpikyShield,FocusEnergy,KnockOff,IvyCudgel|||F|||50|,,,,,Rock]Vaporeon||LifeOrb|WaterAbsorb|Protect,Haze,IceBeam,MuddyWater|||F|||50|,,,,,Ice\n|showteam|p2|Trevenant||SitrusBerry|Harvest|TrickRoom,HornLeech,Protect,KnockOff|||M|||50|,,,,,Normal]Dragalge||LifeOrb|Adaptability|SludgeBomb,DracoMeteor,RainDance,Protect|||F|||50|,,,,,Normal]Gliscor||ToxicOrb|PoisonHeal|SwordsDance,BrickBreak,HighHorsepower,RockSlide|||M|||50|,,,,,Fairy]Umbreon||Leftovers|InnerFocus|Crunch,Curse,Moonlight,Toxic|||F|||50|,,,,,Fire]Mismagius||SpellTag|Levitate|DarkPulse,Hex,FakeTears,MysticalFire|||M|||50|,,,,,Ghost]Magnezone||ZapPlate|Sturdy|VoltSwitch,Protect,LightScreen,Thunder||||||50|,,,,,Fire\n|j| Snowfly96\n|j| Loneleon\n|\n|t:|1700531290\n|start\n|switch|p1a: Valkyrie|Corviknight, L50, F, shiny|100\/100\n|switch|p1b: Te\u00f1oz|Maushold-Four, L50|100\/100\n|switch|p2a: Treva|Trevenant, L50, M, shiny|100\/100\n|switch|p2b: Magnezone|Magnezone, L50, shiny|100\/100\n|turn|1\n|\n|t:|1700531321\n|-terastallize|p1a: Valkyrie|Dragon\n|move|p1b: Te\u00f1oz|Taunt|p2a: Treva\n|-start|p2a: Treva|move: Taunt\n|move|p1a: Valkyrie|Bulk Up|p1a: Valkyrie\n|-boost|p1a: Valkyrie|atk|1\n|-boost|p1a: Valkyrie|def|1\n|move|p2b: Magnezone|Volt Switch|p1a: Valkyrie\n|-resisted|p1a: Valkyrie\n|-damage|p1a: Valkyrie|84\/100\n|\n|t:|1700531332\n|switch|p2b: Mister|Dragalge, L50, F, shiny|100\/100|[from] Volt Switch\n|cant|p2a: Treva|move: Taunt|Trick Room\n|\n|-heal|p1a: Valkyrie|90\/100|[from] item: Leftovers\n|upkeep\n|turn|2\n|\n|t:|1700531363\n|switch|p2a: Umbreon|Umbreon, L50, F, shiny|100\/100\n|move|p1b: Te\u00f1oz|Follow Me|p1b: Te\u00f1oz\n|-singleturn|p1b: Te\u00f1oz|move: Follow Me\n|move|p1a: Valkyrie|Brave Bird|p2b: Mister\n|-damage|p2b: Mister|29\/100\n|-damage|p1a: Valkyrie|69\/100|[from] Recoil\n|move|p2b: Mister|Draco Meteor|p1b: Te\u00f1oz\n|-damage|p1b: Te\u00f1oz|0 fnt\n|-unboost|p2b: Mister|spa|2\n|faint|p1b: Te\u00f1oz\n|-damage|p2b: Mister|19\/100|[from] item: Life Orb\n|\n|-heal|p1a: Valkyrie|75\/100|[from] item: Leftovers\n|upkeep\n|\n|t:|1700531373\n|switch|p1b: Dogstorm|Arcanine-Hisui, L50, M|100\/100\n|-ability|p1b: Dogstorm|Intimidate|boost\n|-fail|p2a: Umbreon|unboost|Attack|[from] ability: Inner Focus|[of] p2a: Umbreon\n|-unboost|p2b: Mister|atk|1\n|turn|3\n|\n|t:|1700531389\n|switch|p2b: Magnezone|Magnezone, L50, shiny|100\/100\n|move|p1b: Dogstorm|Extreme Speed|p2b: Magnezone\n|-resisted|p2b: Magnezone\n|-damage|p2b: Magnezone|87\/100\n|move|p1a: Valkyrie|Body Press|p2a: Umbreon\n|-supereffective|p2a: Umbreon\n|-crit|p2a: Umbreon\n|-damage|p2a: Umbreon|35\/100\n|move|p2a: Umbreon|Toxic|p1b: Dogstorm\n|-status|p1b: Dogstorm|tox\n|\n|-heal|p1a: Valkyrie|81\/100|[from] item: Leftovers\n|-heal|p2a: Umbreon|41\/100|[from] item: Leftovers\n|-damage|p1b: Dogstorm|94\/100 tox|[from] psn\n|upkeep\n|turn|4\n|\n|t:|1700531440\n|move|p1b: Dogstorm|Flare Blitz|p2b: Magnezone\n|-supereffective|p2b: Magnezone\n|-damage|p2b: Magnezone|0 fnt\n|faint|p2b: Magnezone\n|-damage|p1b: Dogstorm|73\/100 tox|[from] Recoil\n|move|p1a: Valkyrie|Bulk Up|p1a: Valkyrie\n|-boost|p1a: Valkyrie|atk|1\n|-boost|p1a: Valkyrie|def|1\n|move|p2a: Umbreon|Moonlight|p2a: Umbreon\n|-heal|p2a: Umbreon|91\/100\n|\n|-heal|p1a: Valkyrie|87\/100|[from] item: Leftovers\n|-heal|p2a: Umbreon|96\/100|[from] item: Leftovers\n|-damage|p1b: Dogstorm|60\/100 tox|[from] psn\n|upkeep\n|\n|t:|1700531456\n|switch|p2b: Treva|Trevenant, L50, M, shiny|100\/100\n|turn|5\n|\n|t:|1700531475\n|-terastallize|p2b: Treva|Normal\n|move|p1b: Dogstorm|Flare Blitz|p2b: Treva\n|-damage|p2b: Treva|37\/100\n|-enditem|p2b: Treva|Sitrus Berry|[eat]\n|-heal|p2b: Treva|62\/100|[from] item: Sitrus Berry\n|-damage|p1b: Dogstorm|41\/100 tox|[from] Recoil\n|move|p1a: Valkyrie|Body Press|p2a: Umbreon\n|-supereffective|p2a: Umbreon\n|-damage|p2a: Umbreon|40\/100\n|move|p2a: Umbreon|Moonlight|p2a: Umbreon\n|-heal|p2a: Umbreon|90\/100\n|move|p2b: Treva|Trick Room|p2b: Treva\n|-fieldstart|move: Trick Room|[of] p2b: Treva\n|\n|-heal|p2a: Umbreon|96\/100|[from] item: Leftovers\n|-heal|p1a: Valkyrie|93\/100|[from] item: Leftovers\n|-damage|p1b: Dogstorm|22\/100 tox|[from] psn\n|upkeep\n|turn|6\n|\n|t:|1700531512\n|switch|p1b: King|Moltres-Galar, L50|100\/100\n|move|p2b: Treva|Protect|p2b: Treva\n|-singleturn|p2b: Treva|Protect\n|move|p2a: Umbreon|Curse|p2a: Umbreon\n|-unboost|p2a: Umbreon|spe|1\n|-boost|p2a: Umbreon|atk|1\n|-boost|p2a: Umbreon|def|1\n|move|p1a: Valkyrie|Roost|p1a: Valkyrie\n|-heal|p1a: Valkyrie|100\/100\n|\n|-heal|p2a: Umbreon|100\/100|[from] item: Leftovers\n|-item|p2b: Treva|Sitrus Berry|[from] ability: Harvest\n|upkeep\n|turn|7\n|\n|t:|1700531538\n|switch|p1b: Dogstorm|Arcanine-Hisui, L50, M|22\/100 tox\n|-ability|p1b: Dogstorm|Intimidate|boost\n|-fail|p2a: Umbreon|unboost|Attack|[from] ability: Inner Focus|[of] p2a: Umbreon\n|-unboost|p2b: Treva|atk|1\n|move|p2a: Umbreon|Toxic|p1b: Dogstorm\n|-fail|p1b: Dogstorm|tox\n|move|p2b: Treva|Knock Off|p1b: Dogstorm\n|-crit|p1b: Dogstorm\n|-damage|p1b: Dogstorm|0 fnt\n|-enditem|p1b: Dogstorm|Assault Vest|[from] move: Knock Off|[of] p2b: Treva\n|faint|p1b: Dogstorm\n|move|p1a: Valkyrie|Bulk Up|p1a: Valkyrie\n|-boost|p1a: Valkyrie|atk|1\n|-boost|p1a: Valkyrie|def|1\n|\n|upkeep\n|\n|t:|1700531551\n|switch|p1b: King|Moltres-Galar, L50|100\/100\n|turn|8\n|l| Snowfly96\n|\n|t:|1700531578\n|move|p2b: Treva|Protect|p2b: Treva\n|-singleturn|p2b: Treva|Protect\n|move|p2a: Umbreon|Toxic|p1b: King\n|-status|p1b: King|tox\n|move|p1a: Valkyrie|Body Press|p2a: Umbreon\n|-supereffective|p2a: Umbreon\n|-damage|p2a: Umbreon|47\/100\n|move|p1b: King|Air Slash|p2a: Umbreon\n|-damage|p2a: Umbreon|26\/100\n|\n|-heal|p2a: Umbreon|32\/100|[from] item: Leftovers\n|-damage|p1b: King|94\/100 tox|[from] psn\n|upkeep\n|turn|9\n|j| Snowfly96\n|\n|t:|1700531603\n|move|p2a: Umbreon|Moonlight|p2a: Umbreon\n|-heal|p2a: Umbreon|82\/100\n|move|p2b: Treva|Knock Off|p1b: King\n|-resisted|p1b: King\n|-damage|p1b: King|87\/100 tox\n|-enditem|p1b: King|Sitrus Berry|[from] move: Knock Off|[of] p2b: Treva\n|move|p1a: Valkyrie|Bulk Up|p1a: Valkyrie\n|-boost|p1a: Valkyrie|atk|1\n|-boost|p1a: Valkyrie|def|1\n|move|p1b: King|Nasty Plot|p1b: King\n|-boost|p1b: King|spa|2\n|\n|-heal|p2a: Umbreon|87\/100|[from] item: Leftovers\n|-damage|p1b: King|75\/100 tox|[from] psn\n|-fieldend|move: Trick Room\n|upkeep\n|turn|10\n|\n|t:|1700531629\n|move|p1b: King|Fiery Wrath|p2b: Treva|[spread] p2a,p2b\n|-resisted|p2a: Umbreon\n|-damage|p2a: Umbreon|67\/100\n|-damage|p2b: Treva|9\/100\n|-enditem|p2b: Treva|Sitrus Berry|[eat]\n|-heal|p2b: Treva|34\/100|[from] item: Sitrus Berry\n|move|p1a: Valkyrie|Body Press|p2b: Treva\n|-supereffective|p2b: Treva\n|-damage|p2b: Treva|0 fnt\n|faint|p2b: Treva\n|move|p2a: Umbreon|Moonlight|p2a: Umbreon\n|-heal|p2a: Umbreon|100\/100\n|\n|-damage|p1b: King|56\/100 tox|[from] psn\n|upkeep\n|\n|t:|1700531643\n|switch|p2b: Mister|Dragalge, L50, F, shiny|19\/100\n|turn|11\n|\n|t:|1700531658\n|move|p2b: Mister|Protect|p2b: Mister\n|-singleturn|p2b: Mister|Protect\n|move|p1b: King|Fiery Wrath|p2b: Mister|[spread] p2a\n|-activate|p2b: Mister|move: Protect\n|-resisted|p2a: Umbreon\n|-damage|p2a: Umbreon|82\/100\n|move|p1a: Valkyrie|Body Press|p2a: Umbreon\n|-supereffective|p2a: Umbreon\n|-damage|p2a: Umbreon|23\/100\n|move|p2a: Umbreon|Toxic|p1a: Valkyrie\n|-status|p1a: Valkyrie|tox\n|\n|-heal|p2a: Umbreon|29\/100|[from] item: Leftovers\n|-damage|p1b: King|31\/100 tox|[from] psn\n|-damage|p1a: Valkyrie|94\/100 tox|[from] psn\n|upkeep\n|turn|12\n|\n|t:|1700531677\n|move|p2b: Mister|Protect||[still]\n|-fail|p2b: Mister\n|move|p1b: King|Fiery Wrath|p2b: Mister|[spread] p2a,p2b\n|-resisted|p2a: Umbreon\n|-damage|p2a: Umbreon|10\/100\n|-damage|p2b: Mister|0 fnt\n|faint|p2b: Mister\n|move|p1a: Valkyrie|Body Press|p2a: Umbreon\n|-supereffective|p2a: Umbreon\n|-damage|p2a: Umbreon|0 fnt\n|faint|p2a: Umbreon\n|\n|win|Xanej\n|inactive|Xanej has 50 seconds to confirm battle start!\n|inactive|Jayanni has 50 seconds to confirm battle start!\n","uploadtime":1700531694,"views":22,"p1id":"xanej","p2id":"jayanni","formatid":"gen9vgc2023regulatione","rating":0,"private":0,"password":""}