{"id":"gen9vgc2023regulatione-1988562780","p1":"CyborgPigeon","p2":"DJ_PBnJ","format":"[Gen 9] VGC 2023 Regulation E","log":"|j|\u2606CyborgPigeon\n|j|\u2606DJ_PBnJ\n|n|\u2606CyborgPigeon|cyborgpigeon\n|n|\u2606DJ_PBnJ|djpbnj\n|html|View the match progress at <a href=\"\/game-bestof3-gen9vgc2023regulatione-1988562779\">game-bestof3-gen9vgc2023regulatione-1988562779<\/a>\n|t:|1699736445\n|gametype|doubles\n|player|p1|CyborgPigeon|lucas|\n|player|p2|DJ_PBnJ|hilda-wonderlauncher|\n|teamsize|p1|6\n|teamsize|p2|6\n|gen|9\n|tier|[Gen 9] VGC 2023 Regulation E\n|rule|Species Clause: Limit one of each Pok\u00e9mon\n|rule|Item Clause: Limit one of each item\n|clearpoke\n|poke|p1|Fezandipiti, L50, M|\n|poke|p1|Sinistcha, L50|\n|poke|p1|Annihilape, L50, F|\n|poke|p1|Grimmsnarl, L50, M|\n|poke|p1|Maushold, L50|\n|poke|p1|Meowscarada, L50, F|\n|poke|p2|Fezandipiti, L50, M|\n|poke|p2|Meowscarada, L50, F|\n|poke|p2|Dragalge, L50, F|\n|poke|p2|Rotom-Heat, L50|\n|poke|p2|Clefairy, L50, F|\n|poke|p2|Garchomp, L50, M|\n|teampreview|4\nCyborgPigeon has agreed to open team sheets.\nDJ_PBnJ has agreed to open team sheets.\n|showteam|p1|Fezandipiti||CovertCloak|ToxicChain|Protect,IcyWind,DazzlingGleam,Tailwind|||M|||50|,,,,,Fairy]Sinistcha||RockyHelmet|Hospitality|MatchaGotcha,Protect,Hex,StrengthSap||||||50|,,,,,Fire]Annihilape||LumBerry|Defiant|RageFist,DrainPunch,BulkUp,Protect|||F|||50|,,,,,Fairy]Grimmsnarl||LightClay|Prankster|LightScreen,Reflect,SpiritBreak,PartingShot|||M|||50|,,,,,Ghost]Maushold||SafetyGoggles|FriendGuard|SuperFang,FollowMe,BeatUp,Taunt||||||50|,,,,,Ghost]Meowscarada||FocusSash|Protean|FlowerTrick,Uturn,KnockOff,Protect|||F|||50|,,,,,Grass\n|showteam|p2|Fezandipiti||Leftovers|ToxicChain|IcyWind,DazzlingGleam,Taunt,Roost|||M|||50|,,,,,Water]Meowscarada||FocusSash|Overgrow|FlowerTrick,KnockOff,PlayRough,Protect|||F|||50|,,,,,Grass]Dragalge||ChoiceSpecs|Adaptability|DracoMeteor,SludgeBomb,Thunderbolt,FocusBlast|||F|||50|,,,,,Flying]Rotom-Heat||ChoiceScarf|Levitate|Overheat,VoltSwitch,Trick,ShadowBall||||||50|,,,,,Fairy]Clefairy||Eviolite|FriendGuard|FollowMe,HelpingHand,LifeDew,Moonblast|||F|||50|,,,,,Steel]Garchomp||ClearAmulet|RoughSkin|DragonClaw,StompingTantrum,RockSlide,Protect|||M|||50|,,,,,Fire\n|c|\u2606CyborgPigeon|Do you mind if we keep the timer off for this match?\n|c|\u2606DJ_PBnJ|yee, of course\n|c|\u2606CyborgPigeon|ty\n|\n|t:|1699736500\n|start\n|switch|p1a: Fezandipiti|Fezandipiti, L50, M|100\/100\n|switch|p1b: Grimmsnarl|Grimmsnarl, L50, M|100\/100\n|switch|p2a: Redirect Sim. 2023|Clefairy, L50, F|100\/100\n|switch|p2b: Hot Box|Rotom-Heat, L50|100\/100\n|turn|1\n|\n|t:|1699736516\n|move|p2a: Redirect Sim. 2023|Follow Me|p2a: Redirect Sim. 2023\n|-singleturn|p2a: Redirect Sim. 2023|move: Follow Me\n|move|p1b: Grimmsnarl|Parting Shot|p2a: Redirect Sim. 2023\n|-unboost|p2a: Redirect Sim. 2023|atk|1\n|-unboost|p2a: Redirect Sim. 2023|spa|1\n|\n|t:|1699736522\n|switch|p1b: Maushold|Maushold, L50|100\/100|[from] Parting Shot\n|move|p2b: Hot Box|Trick|p1b: Maushold\n|-activate|p2b: Hot Box|move: Trick|[of] p1b: Maushold\n|-item|p1b: Maushold|Choice Scarf|[from] move: Trick\n|-item|p2b: Hot Box|Safety Goggles|[from] move: Trick\n|move|p1a: Fezandipiti|Icy Wind|p2a: Redirect Sim. 2023|[spread] p2a,p2b\n|-resisted|p2b: Hot Box\n|-damage|p2a: Redirect Sim. 2023|93\/100\n|-damage|p2b: Hot Box|97\/100\n|-unboost|p2a: Redirect Sim. 2023|spe|1\n|-unboost|p2b: Hot Box|spe|1\n|-status|p2a: Redirect Sim. 2023|tox|[from] ability: Toxic Chain|[of] p1a: Fezandipiti\n|\n|-damage|p2a: Redirect Sim. 2023|87\/100 tox|[from] psn\n|upkeep\n|turn|2\n|\n|t:|1699736548\n|move|p2a: Redirect Sim. 2023|Helping Hand|p2b: Hot Box\n|-singleturn|p2b: Hot Box|Helping Hand|[of] p2a: Redirect Sim. 2023\n|move|p1b: Maushold|Taunt|p2a: Redirect Sim. 2023\n|-start|p2a: Redirect Sim. 2023|move: Taunt\n|move|p1a: Fezandipiti|Tailwind|p1a: Fezandipiti\n|-sidestart|p1: CyborgPigeon|move: Tailwind\n|move|p2b: Hot Box|Volt Switch|p1b: Maushold\n|-damage|p1b: Maushold|40\/100\n|\n|t:|1699736558\n|switch|p2b: Fezandipshity|Fezandipiti, L50, M|100\/100|[from] Volt Switch\n|\n|-damage|p2a: Redirect Sim. 2023|74\/100 tox|[from] psn\n|upkeep\n|turn|3\n|\n|t:|1699736583\n|switch|p1b: Grimmsnarl|Grimmsnarl, L50, M|100\/100\n|switch|p2a: Hot Box|Rotom-Heat, L50|97\/100\n|move|p1a: Fezandipiti|Protect|p1a: Fezandipiti\n|-singleturn|p1a: Fezandipiti|Protect\n|move|p2b: Fezandipshity|Dazzling Gleam|p1a: Fezandipiti|[spread] p1b\n|-activate|p1a: Fezandipiti|move: Protect\n|-supereffective|p1b: Grimmsnarl\n|-damage|p1b: Grimmsnarl|73\/100\n|\n|upkeep\n|turn|4\n|\n|t:|1699736601\n|move|p1b: Grimmsnarl|Light Screen|p1b: Grimmsnarl\n|-sidestart|p1: CyborgPigeon|move: Light Screen\n|move|p1a: Fezandipiti|Icy Wind|p2a: Hot Box|[spread] p2a,p2b\n|-resisted|p2a: Hot Box\n|-damage|p2a: Hot Box|92\/100\n|-damage|p2b: Fezandipshity|94\/100\n|-unboost|p2a: Hot Box|spe|1\n|-unboost|p2b: Fezandipshity|spe|1\n|-status|p2a: Hot Box|tox|[from] ability: Toxic Chain|[of] p1a: Fezandipiti\n|move|p2a: Hot Box|Volt Switch|p1b: Grimmsnarl\n|-damage|p1b: Grimmsnarl|53\/100\n|\n|t:|1699736610\n|switch|p2a: Redirect Sim. 2023|Clefairy, L50, F|74\/100 tox|[from] Volt Switch\n|move|p2b: Fezandipshity|Icy Wind|p1a: Fezandipiti|[spread] p1a,p1b\n|-damage|p1a: Fezandipiti|96\/100\n|-damage|p1b: Grimmsnarl|50\/100\n|-unboost|p1b: Grimmsnarl|spe|1\n|-status|p1b: Grimmsnarl|tox|[from] ability: Toxic Chain|[of] p2b: Fezandipshity\n|\n|-heal|p2b: Fezandipshity|100\/100|[from] item: Leftovers\n|-damage|p1b: Grimmsnarl|44\/100 tox|[from] psn\n|-damage|p2a: Redirect Sim. 2023|68\/100 tox|[from] psn\n|upkeep\n|turn|5\n|\n|t:|1699736632\n|move|p2a: Redirect Sim. 2023|Follow Me|p2a: Redirect Sim. 2023\n|-singleturn|p2a: Redirect Sim. 2023|move: Follow Me\n|move|p1b: Grimmsnarl|Reflect|p1b: Grimmsnarl\n|-sidestart|p1: CyborgPigeon|Reflect\n|move|p1a: Fezandipiti|Icy Wind|p2b: Fezandipshity|[spread] p2a,p2b\n|-damage|p2a: Redirect Sim. 2023|61\/100 tox\n|-damage|p2b: Fezandipshity|95\/100\n|-unboost|p2a: Redirect Sim. 2023|spe|1\n|-unboost|p2b: Fezandipshity|spe|1\n|move|p2b: Fezandipshity|Dazzling Gleam|p1a: Fezandipiti|[spread] p1a,p1b\n|-resisted|p1a: Fezandipiti\n|-supereffective|p1b: Grimmsnarl\n|-damage|p1a: Fezandipiti|92\/100\n|-damage|p1b: Grimmsnarl|27\/100 tox\n|\n|-heal|p2b: Fezandipshity|100\/100|[from] item: Leftovers\n|-damage|p1b: Grimmsnarl|15\/100 tox|[from] psn\n|-damage|p2a: Redirect Sim. 2023|48\/100 tox|[from] psn\n|-sideend|p1: CyborgPigeon|move: Tailwind\n|upkeep\n|turn|6\n|\n|t:|1699736660\n|switch|p2a: Hot Box|Rotom-Heat, L50|92\/100 tox\n|move|p1b: Grimmsnarl|Parting Shot|p2a: Hot Box\n|-unboost|p2a: Hot Box|atk|1\n|-unboost|p2a: Hot Box|spa|1\n|\n|t:|1699736666\n|switch|p1b: Annihilape|Annihilape, L50, F|100\/100|[from] Parting Shot\n|move|p1a: Fezandipiti|Tailwind|p1a: Fezandipiti\n|-sidestart|p1: CyborgPigeon|move: Tailwind\n|move|p2b: Fezandipshity|Icy Wind|p1b: Annihilape|[spread] p1a,p1b\n|-damage|p1a: Fezandipiti|88\/100\n|-damage|p1b: Annihilape|96\/100\n|-unboost|p1b: Annihilape|spe|1\n|-ability|p1b: Annihilape|Defiant|boost\n|-boost|p1b: Annihilape|atk|2\n|\n|-damage|p2a: Hot Box|86\/100 tox|[from] psn\n|upkeep\n|turn|7\n|c|\u2606DJ_PBnJ|well shit\n|\n|t:|1699736690\n|-terastallize|p1b: Annihilape|Fairy\n|move|p1a: Fezandipiti|Icy Wind|p2b: Fezandipshity|[spread] p2a,p2b\n|-resisted|p2a: Hot Box\n|-damage|p2a: Hot Box|81\/100 tox\n|-damage|p2b: Fezandipshity|94\/100\n|-unboost|p2a: Hot Box|spe|1\n|-unboost|p2b: Fezandipshity|spe|1\n|move|p1b: Annihilape|Drain Punch|p2a: Hot Box\n|-damage|p2a: Hot Box|0 fnt\n|-heal|p1b: Annihilape|100\/100|[from] drain|[of] p2a: Hot Box\n|faint|p2a: Hot Box\n|move|p2b: Fezandipshity|Dazzling Gleam|p1b: Annihilape|[spread] p1a,p1b\n|-resisted|p1a: Fezandipiti\n|-damage|p1a: Fezandipiti|83\/100\n|-damage|p1b: Annihilape|91\/100\n|-status|p1b: Annihilape|tox|[from] ability: Toxic Chain|[of] p2b: Fezandipshity\n|-enditem|p1b: Annihilape|Lum Berry|[eat]\n|-curestatus|p1b: Annihilape|tox|[msg]\n|\n|-heal|p2b: Fezandipshity|99\/100|[from] item: Leftovers\n|upkeep\n|c|\u2606DJ_PBnJ|Forgot about the possibility of defiant in the back lol\n|\n|t:|1699736708\n|switch|p2a: Redirect Sim. 2023|Clefairy, L50, F|48\/100 tox\n|turn|8\n|\n|t:|1699736721\n|move|p2a: Redirect Sim. 2023|Follow Me|p2a: Redirect Sim. 2023\n|-singleturn|p2a: Redirect Sim. 2023|move: Follow Me\n|move|p1a: Fezandipiti|Icy Wind|p2a: Redirect Sim. 2023|[spread] p2a,p2b\n|-damage|p2a: Redirect Sim. 2023|41\/100 tox\n|-damage|p2b: Fezandipshity|95\/100\n|-unboost|p2a: Redirect Sim. 2023|spe|1\n|-unboost|p2b: Fezandipshity|spe|1\n|move|p1b: Annihilape|Rage Fist|p2a: Redirect Sim. 2023\n|-damage|p2a: Redirect Sim. 2023|0 fnt\n|faint|p2a: Redirect Sim. 2023\n|move|p2b: Fezandipshity|Dazzling Gleam|p1b: Annihilape|[spread] p1a,p1b\n|-resisted|p1a: Fezandipiti\n|-damage|p1a: Fezandipiti|80\/100\n|-damage|p1b: Annihilape|82\/100\n|\n|-heal|p2b: Fezandipshity|100\/100|[from] item: Leftovers\n|upkeep\n|\n|t:|1699736736\n|switch|p2a: Dragalgalgalgalge|Dragalge, L50, F|100\/100\n|turn|9\n|\n|t:|1699736743\n|move|p1a: Fezandipiti|Icy Wind|p2a: Dragalgalgalgalge|[spread] p2a,p2b\n|-supereffective|p2a: Dragalgalgalgalge\n|-damage|p2a: Dragalgalgalgalge|83\/100\n|-damage|p2b: Fezandipshity|94\/100\n|-unboost|p2a: Dragalgalgalgalge|spe|1\n|-unboost|p2b: Fezandipshity|spe|1\n|move|p1b: Annihilape|Rage Fist|p2a: Dragalgalgalgalge\n|-damage|p2a: Dragalgalgalgalge|0 fnt\n|faint|p2a: Dragalgalgalgalge\n|move|p2b: Fezandipshity|Dazzling Gleam|p1b: Annihilape|[spread] p1a,p1b\n|-resisted|p1a: Fezandipiti\n|-damage|p1a: Fezandipiti|75\/100\n|-damage|p1b: Annihilape|73\/100\n|\n|-heal|p2b: Fezandipshity|99\/100|[from] item: Leftovers\n|-sideend|p1: CyborgPigeon|move: Tailwind\n|upkeep\n|turn|10\n|\n|t:|1699736761\n|move|p1a: Fezandipiti|Icy Wind|p2b: Fezandipshity\n|-damage|p2b: Fezandipshity|91\/100\n|-unboost|p2b: Fezandipshity|spe|1\n|move|p1b: Annihilape|Rage Fist|p2b: Fezandipshity\n|-damage|p2b: Fezandipshity|0 fnt\n|faint|p2b: Fezandipshity\n|\n|win|CyborgPigeon\n|c|&|\/uhtml prompt-cyborgpigeon,CyborgPigeon is ready for game 2!\n|c|&|\/uhtml prompt-djpbnj,DJ_PBnJ is ready for game 2!\nBoth players are ready! Starting next match!\n|j| ShinyLucarioXD\n|l| ShinyLucarioXD\n|l|\u2606DJ_PBnJ\n","uploadtime":1699737274,"views":11,"p1id":"cyborgpigeon","p2id":"djpbnj","formatid":"gen9vgc2023regulatione","rating":0,"private":0,"password":""}