{"id":"gen9vgc2023regulatione-1997922479","p1":"WafflePug","p2":"CrypticLeonVGC","format":"[Gen 9] VGC 2023 Regulation E","log":"|j|\u2606WafflePug\n|j|\u2606CrypticLeonVGC\n|t:|1700867821\n|gametype|doubles\n|player|p1|WafflePug|lusamine-nihilego|1149\n|player|p2|CrypticLeonVGC|riley|1235\n|teamsize|p1|6\n|teamsize|p2|6\n|gen|9\n|tier|[Gen 9] VGC 2023 Regulation E\n|rated|\n|rule|Species Clause: Limit one of each Pok\u00e9mon\n|rule|Item Clause: Limit one of each item\n|clearpoke\n|poke|p1|Urshifu-*, L50, F|\n|poke|p1|Cresselia, L50, F|\n|poke|p1|Dragonite, L50, M|\n|poke|p1|Chien-Pao, L50|\n|poke|p1|Gholdengo, L50|\n|poke|p1|Ogerpon-Cornerstone, L50, F|\n|poke|p2|Tornadus, L50, M|\n|poke|p2|Landorus-Therian, L50, M|\n|poke|p2|Rillaboom, L50, F|\n|poke|p2|Urshifu-*, L50, F|\n|poke|p2|Flutter Mane, L50|\n|poke|p2|Gholdengo, L50|\n|teampreview|4\n|inactive|Battle timer is ON: inactive players will automatically lose when time's up. (requested by WafflePug)\n|\n|t:|1700867868\n|start\n|switch|p1a: Urshifu|Urshifu-Rapid-Strike, L50, F|100\/100\n|switch|p1b: Cresselia|Cresselia, L50, F, shiny|100\/100\n|switch|p2a: Tornadus|Tornadus, L50, M|100\/100\n|switch|p2b: Flutter Mane|Flutter Mane, L50, shiny|100\/100\n|-enditem|p2b: Flutter Mane|Booster Energy\n|-activate|p2b: Flutter Mane|ability: Protosynthesis|[fromitem]\n|-start|p2b: Flutter Mane|protosynthesisspa\n|turn|1\n|inactive|WafflePug has 30 seconds left.\n|\n|t:|1700867895\n|-terastallize|p1a: Urshifu|Water\n|move|p1a: Urshifu|Surging Strikes|p2b: Flutter Mane\n|-crit|p2b: Flutter Mane\n|-damage|p2b: Flutter Mane|59\/100\n|-crit|p2b: Flutter Mane\n|-damage|p2b: Flutter Mane|12\/100\n|-crit|p2b: Flutter Mane\n|-damage|p2b: Flutter Mane|0 fnt\n|faint|p2b: Flutter Mane\n|-end|p2b: Flutter Mane|Protosynthesis|[silent]\n|-hitcount|p2: Flutter Mane|3\n|move|p2a: Tornadus|Bleakwind Storm|p1b: Cresselia|[spread] p1b\n|-miss|p2a: Tornadus|p1a: Urshifu\n|-damage|p1b: Cresselia|84\/100\n|-unboost|p1b: Cresselia|spe|1\n|move|p1b: Cresselia|Light Screen|p1b: Cresselia\n|-sidestart|p1: WafflePug|move: Light Screen\n|\n|upkeep\n|\n|t:|1700867907\n|switch|p2b: Rillaboom|Rillaboom, L50, F, shiny|100\/100\n|-fieldstart|move: Grassy Terrain|[from] ability: Grassy Surge|[of] p2b: Rillaboom\n|turn|2\n|inactive|CrypticLeonVGC has 30 seconds left.\n|\n|t:|1700867933\n|move|p2b: Rillaboom|Grassy Glide|p1a: Urshifu\n|-supereffective|p1a: Urshifu\n|-damage|p1a: Urshifu|31\/100\n|move|p1a: Urshifu|Surging Strikes|p2a: Tornadus\n|-crit|p2a: Tornadus\n|-damage|p2a: Tornadus|75\/100\n|-damage|p1a: Urshifu|15\/100|[from] item: Rocky Helmet|[of] p2a: Tornadus\n|-crit|p2a: Tornadus\n|-damage|p2a: Tornadus|48\/100\n|-damage|p1a: Urshifu|0 fnt|[from] item: Rocky Helmet|[of] p2a: Tornadus\n|faint|p1a: Urshifu\n|-hitcount|p2a: Tornadus|2\n|move|p2a: Tornadus|Bleakwind Storm|p1b: Cresselia\n|-damage|p1b: Cresselia|67\/100\n|move|p1b: Cresselia|Lunar Blessing|p1b: Cresselia\n|-heal|p1b: Cresselia|93\/100\n|\n|upkeep\n|\n|t:|1700867952\n|switch|p1a: Chien-Pao|Chien-Pao, L50|100\/100\n|-ability|p1a: Chien-Pao|Sword of Ruin\n|turn|3\n|\n|t:|1700867971\n|move|p1b: Cresselia|Ally Switch|p1b: Cresselia\n|swap|p1b: Cresselia|0|[from] move: Ally Switch\n|move|p2a: Tornadus|Rain Dance|p2a: Tornadus\n|-weather|RainDance\n|move|p1b: Chien-Pao|Ice Spinner|p2b: Rillaboom\n|-supereffective|p2b: Rillaboom\n|-damage|p2b: Rillaboom|0 fnt\n|-fieldend|move: Grassy Terrain\n|faint|p2b: Rillaboom\n|\n|-weather|RainDance|[upkeep]\n|upkeep\n|\n|t:|1700867977\n|switch|p2b: Urshifu|Urshifu-Rapid-Strike, L50, F|100\/100\n|turn|4\n|inactive|WafflePug has 30 seconds left.\n|inactive|CrypticLeonVGC has 30 seconds left.\n|\n|t:|1700868005\n|-terastallize|p2b: Urshifu|Water\n|move|p1b: Chien-Pao|Sucker Punch|p2b: Urshifu\n|-damage|p2b: Urshifu|59\/100\n|move|p2a: Tornadus|Tailwind|p2a: Tornadus\n|-sidestart|p2: CrypticLeonVGC|move: Tailwind\n|move|p2b: Urshifu|Surging Strikes|p1b: Chien-Pao\n|-crit|p1b: Chien-Pao\n|-damage|p1b: Chien-Pao|42\/100\n|-crit|p1b: Chien-Pao\n|-damage|p1b: Chien-Pao|0 fnt\n|faint|p1b: Chien-Pao\n|-hitcount|p1: Chien-Pao|2\n|move|p1a: Cresselia|Lunar Blessing|p1a: Cresselia\n|-heal|p1a: Cresselia|100\/100\n|\n|-weather|RainDance|[upkeep]\n|upkeep\n|\n|t:|1700868023\n|switch|p1b: Gholdengo|Gholdengo, L50|100\/100\n|turn|5\n|inactive|CrypticLeonVGC has 30 seconds left.\n|inactive|CrypticLeonVGC has 20 seconds left.\n|\n|t:|1700868061\n|move|p1a: Cresselia|Ally Switch|p1a: Cresselia\n|swap|p1a: Cresselia|1|[from] move: Ally Switch\n|move|p2b: Urshifu|Surging Strikes|p1a: Gholdengo\n|-crit|p1a: Gholdengo\n|-damage|p1a: Gholdengo|57\/100\n|-crit|p1a: Gholdengo\n|-damage|p1a: Gholdengo|16\/100\n|-enditem|p1a: Gholdengo|Aguav Berry|[eat]\n|-heal|p1a: Gholdengo|49\/100|[from] item: Aguav Berry\n|-crit|p1a: Gholdengo\n|-damage|p1a: Gholdengo|4\/100\n|-hitcount|p1a: Gholdengo|3\n|move|p2a: Tornadus|Bleakwind Storm|p1b: Cresselia|[spread] p1a,p1b\n|-resisted|p1a: Gholdengo\n|-damage|p1a: Gholdengo|0 fnt\n|-damage|p1b: Cresselia|89\/100\n|faint|p1a: Gholdengo\n|\n|-weather|RainDance|[upkeep]\n|-sideend|p1: WafflePug|move: Light Screen\n|upkeep\n|turn|6\n|-message|WafflePug forfeited.\n|\n|win|CrypticLeonVGC\n|raw|WafflePug's rating: 1149 &rarr; <strong>1130<\/strong><br \/>(-19 for losing)\n|raw|CrypticLeonVGC's rating: 1235 &rarr; <strong>1254<\/strong><br \/>(+19 for winning)\n|l|\u2606WafflePug\n","uploadtime":1700868086,"views":14,"p1id":"wafflepug","p2id":"crypticleonvgc","formatid":"gen9vgc2023regulatione","rating":1130,"private":0,"password":""}