{"id":"gen9vgc2023regulatione-1999065642","p1":"donmitchie","p2":"thevoiceswontstop","format":"[Gen 9] VGC 2023 Regulation E","log":"|j|\u2606donmitchie\n|j|\u2606thevoiceswontstop\n|t:|1701029476\n|gametype|doubles\n|player|p1|donmitchie|169|\n|player|p2|thevoiceswontstop|2|\n|teamsize|p1|6\n|teamsize|p2|6\n|gen|9\n|tier|[Gen 9] VGC 2023 Regulation E\n|rule|Species Clause: Limit one of each Pok\u00e9mon\n|rule|Item Clause: Limit one of each item\n|clearpoke\n|poke|p1|Fletchinder, L50, F|\n|poke|p1|Urshifu-*, L50, F|\n|poke|p1|Amoonguss, L50, M|\n|poke|p1|Orthworm, L50, M|\n|poke|p1|Farigiraf, L50, F|\n|poke|p1|Dragalge, L50, F|\n|poke|p2|Houndoom, L50, M|\n|poke|p2|Landorus-Therian, L50, M|\n|poke|p2|Hariyama, L50, M|\n|poke|p2|Bronzong, L50|\n|poke|p2|Jumpluff, L50, F|\n|poke|p2|Regidrago, L50|\n|teampreview|4\n|inactive|Battle timer is ON: inactive players will automatically lose when time's up. (requested by donmitchie)\n|c|\u2606donmitchie|game 2\n|inactiveoff|Battle timer is now OFF.\n|\n|t:|1701029573\n|start\n|switch|p1a: Farigiraf|Farigiraf, L50, F|100\/100\n|switch|p1b: Orthworm|Orthworm, L50, M|100\/100\n|switch|p2a: Jumpluff|Jumpluff, L50, F, shiny|100\/100\n|switch|p2b: Landorus|Landorus-Therian, L50, M, shiny|100\/100\n|-ability|p2b: Landorus|Intimidate|boost\n|-unboost|p1a: Farigiraf|atk|1\n|-unboost|p1b: Orthworm|atk|1\n|turn|1\n|\n|t:|1701029588\n|-terastallize|p1b: Orthworm|Poison\n|move|p2a: Jumpluff|Tailwind|p2a: Jumpluff\n|-sidestart|p2: thevoiceswontstop|move: Tailwind\n|move|p2b: Landorus|Swords Dance|p2b: Landorus\n|-boost|p2b: Landorus|atk|2\n|move|p1b: Orthworm|Iron Defense|p1b: Orthworm\n|-boost|p1b: Orthworm|def|2\n|move|p1a: Farigiraf|Trick Room|p1a: Farigiraf\n|-fieldstart|move: Trick Room|[of] p1a: Farigiraf\n|\n|upkeep\n|turn|2\n|c|\u2606thevoiceswontstop|sheize\n|\n|t:|1701029659\n|move|p1b: Orthworm|Body Press|p2a: Jumpluff\n|-resisted|p2a: Jumpluff\n|-damage|p2a: Jumpluff|60\/100\n|move|p1a: Farigiraf|Hyper Voice|p2b: Landorus|[spread] p2a,p2b\n|-damage|p2a: Jumpluff|28\/100\n|-damage|p2b: Landorus|58\/100\n|-enditem|p1a: Farigiraf|Throat Spray\n|-boost|p1a: Farigiraf|spa|1|[from] item: Throat Spray\n|move|p2b: Landorus|Earthquake|p1a: Farigiraf|[spread] p1a\n|-immune|p1b: Orthworm|[from] ability: Earth Eater\n|-immune|p2a: Jumpluff\n|-damage|p1a: Farigiraf|4\/100\n|-damage|p2b: Landorus|49\/100|[from] item: Life Orb\n|move|p2a: Jumpluff|Strength Sap|p1b: Orthworm\n|-unboost|p1b: Orthworm|atk|1\n|-heal|p2a: Jumpluff|62\/100\n|\n|upkeep\n|turn|3\n|c|\u2606thevoiceswontstop|fuck i forgor eath earther existed\n|c|\u2606donmitchie|RIP\n|\n|t:|1701029751\n|switch|p2b: Bronzong|Bronzong, L50, shiny|100\/100\n|move|p1b: Orthworm|Body Press|p2a: Jumpluff\n|-resisted|p2a: Jumpluff\n|-crit|p2a: Jumpluff\n|-damage|p2a: Jumpluff|0 fnt\n|faint|p2a: Jumpluff\n|move|p1a: Farigiraf|Hyper Voice|p2b: Bronzong\n|-resisted|p2b: Bronzong\n|-damage|p2b: Bronzong|78\/100\n|\n|-heal|p2b: Bronzong|84\/100|[from] item: Leftovers\n|upkeep\n|\n|t:|1701029765\n|switch|p2a: Regidrago|Regidrago, L50|100\/100\n|turn|4\n|\n|t:|1701029789\n|move|p1b: Orthworm|Body Press|p2b: Bronzong\n|-damage|p2b: Bronzong|26\/100\n|move|p1a: Farigiraf|Hyper Voice|p2b: Bronzong|[spread] p2a,p2b\n|-resisted|p2b: Bronzong\n|-damage|p2a: Regidrago|47\/100\n|-damage|p2b: Bronzong|12\/100\n|move|p2b: Bronzong|Light Screen|p2b: Bronzong\n|-sidestart|p2: thevoiceswontstop|move: Light Screen\n|move|p2a: Regidrago|Scale Shot|p1b: Orthworm\n|-damage|p1b: Orthworm|95\/100\n|-damage|p1b: Orthworm|89\/100\n|-damage|p1b: Orthworm|84\/100\n|-damage|p1b: Orthworm|78\/100\n|-hitcount|p1b: Orthworm|4\n|-unboost|p2a: Regidrago|def|1\n|-boost|p2a: Regidrago|spe|1\n|\n|-heal|p2b: Bronzong|18\/100|[from] item: Leftovers\n|-sideend|p2: thevoiceswontstop|move: Tailwind\n|upkeep\n|turn|5\n|\n|t:|1701029812\n|move|p2b: Bronzong|Psychic|p1b: Orthworm\n|-supereffective|p1b: Orthworm\n|-damage|p1b: Orthworm|0 fnt\n|faint|p1b: Orthworm\n|move|p1a: Farigiraf|Hyper Voice|p2a: Regidrago|[spread] p2a,p2b\n|-resisted|p2b: Bronzong\n|-damage|p2a: Regidrago|13\/100\n|-damage|p2b: Bronzong|8\/100\n|move|p2a: Regidrago|Ice Fang|p1a: Farigiraf\n|-damage|p1a: Farigiraf|0 fnt\n|faint|p1a: Farigiraf\n|\n|-heal|p2b: Bronzong|14\/100|[from] item: Leftovers\n|-fieldend|move: Trick Room\n|upkeep\n|\n|t:|1701029818\n|switch|p1a: Dragalge|Dragalge, L50, F|100\/100\n|switch|p1b: Amoonguss|Amoonguss, L50, M|100\/100\n|turn|6\n|c|\u2606thevoiceswontstop|dude im playing so shit today\n|c|\u2606thevoiceswontstop|so basically a normal day\n|\n|t:|1701029840\n|move|p1a: Dragalge|Protect|p1a: Dragalge\n|-singleturn|p1a: Dragalge|Protect\n|move|p2a: Regidrago|Scale Shot|p1a: Dragalge\n|-activate|p1a: Dragalge|move: Protect\n|move|p2b: Bronzong|Psychic|p1b: Amoonguss\n|-supereffective|p1b: Amoonguss\n|-damage|p1b: Amoonguss|49\/100\n|move|p1b: Amoonguss|Spore|p2a: Regidrago\n|-status|p2a: Regidrago|slp|[from] move: Spore\n|\n|-heal|p2b: Bronzong|19\/100|[from] item: Leftovers\n|upkeep\n|turn|7\n|c|\u2606thevoiceswontstop|:prayge:\n|\n|t:|1701029874\n|move|p1b: Amoonguss|Protect|p1b: Amoonguss\n|-singleturn|p1b: Amoonguss|Protect\n|cant|p2a: Regidrago|slp\n|move|p2b: Bronzong|Psychic|p1a: Dragalge\n|-supereffective|p1a: Dragalge\n|-damage|p1a: Dragalge|59\/100\n|move|p1a: Dragalge|Sludge Bomb|p2a: Regidrago\n|-damage|p2a: Regidrago|0 fnt\n|faint|p2a: Regidrago\n|-damage|p1a: Dragalge|49\/100|[from] item: Life Orb\n|\n|-heal|p2b: Bronzong|25\/100|[from] item: Leftovers\n|upkeep\n|\n|t:|1701029884\n|switch|p2a: Landorus|Landorus-Therian, L50, M, shiny|49\/100\n|-ability|p2a: Landorus|Intimidate|boost\n|-unboost|p1a: Dragalge|atk|1\n|-unboost|p1b: Amoonguss|atk|1\n|turn|8\n|\n|t:|1701029904\n|move|p1a: Dragalge|Protect|p1a: Dragalge\n|-singleturn|p1a: Dragalge|Protect\n|move|p2a: Landorus|Earthquake|p1a: Dragalge|[spread] p1b\n|-activate|p1a: Dragalge|move: Protect\n|-immune|p2b: Bronzong|[from] ability: Levitate\n|-damage|p1b: Amoonguss|8\/100\n|-damage|p2a: Landorus|39\/100|[from] item: Life Orb\n|move|p2b: Bronzong|Psychic|p1b: Amoonguss\n|-supereffective|p1b: Amoonguss\n|-damage|p1b: Amoonguss|0 fnt\n|faint|p1b: Amoonguss\n|\n|-heal|p2b: Bronzong|31\/100|[from] item: Leftovers\n|-sideend|p2: thevoiceswontstop|move: Light Screen\n|upkeep\n|turn|9\n|c|\u2606donmitchie|gg\n|-message|donmitchie forfeited.\n|\n|win|thevoiceswontstop\n|c|\u2606thevoiceswontstop|gg\n","uploadtime":1701029920,"views":13,"p1id":"donmitchie","p2id":"thevoiceswontstop","formatid":"gen9vgc2023regulatione","rating":0,"private":0,"password":""}