{"id":"gen9vgc2023regulatione-1994991335","p1":"JayoticNL","p2":"Mellowthepokemoon","format":"[Gen 9] VGC 2023 Regulation E","log":"|j|\u2606JayoticNL\n|j|\u2606Mellowthepokemoon\n|n|\u2606JayoticNL|jayoticnl\n|n|\u2606Mellowthepokemoon|mellowthepokemoon\n|html|View the match progress at <a href=\"\/game-bestof3-gen9vgc2023regulatione-1994987195\">game-bestof3-gen9vgc2023regulatione-1994987195<\/a>\n|t:|1700511204\n|gametype|doubles\n|player|p1|JayoticNL|2|\n|player|p2|Mellowthepokemoon|pokemonbreederf-gen4|\n|teamsize|p1|6\n|teamsize|p2|6\n|gen|9\n|tier|[Gen 9] VGC 2023 Regulation E\n|rule|Species Clause: Limit one of each Pok\u00e9mon\n|rule|Item Clause: Limit one of each item\n|clearpoke\n|poke|p1|Dondozo, L50, M|\n|poke|p1|Tatsugiri, L50, F|\n|poke|p1|Cresselia, L50, F|\n|poke|p1|Ursaluna-Bloodmoon, L50, M|\n|poke|p1|Wo-Chien, L50|\n|poke|p1|Glimmora, L50, F|\n|poke|p2|Ogerpon, L50, F|\n|poke|p2|Thundurus, L50, M|\n|poke|p2|Chi-Yu, L50|\n|poke|p2|Flutter Mane, L50|\n|poke|p2|Dondozo, L50, M|\n|poke|p2|Tatsugiri, L50, F|\n|teampreview|4\n|\n|t:|1700511247\n|start\n|switch|p1a: Cresselia|Cresselia, L50, F|100\/100\n|switch|p1b: Ursaluna|Ursaluna-Bloodmoon, L50, M|100\/100\n|switch|p2a: Chi-Yu|Chi-Yu, L50|100\/100\n|switch|p2b: Flutter Mane|Flutter Mane, L50|100\/100\n|-ability|p2a: Chi-Yu|Beads of Ruin\n|-enditem|p2b: Flutter Mane|Booster Energy\n|-activate|p2b: Flutter Mane|ability: Protosynthesis|[fromitem]\n|-start|p2b: Flutter Mane|protosynthesisspe\n|turn|1\n|\n|t:|1700511301\n|-terastallize|p2b: Flutter Mane|Fairy\n|-terastallize|p1a: Cresselia|Fairy\n|move|p1b: Ursaluna|Protect|p1b: Ursaluna\n|-singleturn|p1b: Ursaluna|Protect\n|move|p2b: Flutter Mane|Shadow Ball|p1a: Cresselia\n|-damage|p1a: Cresselia|67\/100\n|-unboost|p1a: Cresselia|spd|1\n|move|p2a: Chi-Yu|Dark Pulse|p1a: Cresselia\n|-resisted|p1a: Cresselia\n|-damage|p1a: Cresselia|30\/100\n|move|p1a: Cresselia|Trick Room|p1a: Cresselia\n|-fieldstart|move: Trick Room|[of] p1a: Cresselia\n|\n|upkeep\n|turn|2\n|\n|t:|1700511351\n|move|p1b: Ursaluna|Blood Moon|p2b: Flutter Mane\n|-damage|p2b: Flutter Mane|0 fnt\n|faint|p2b: Flutter Mane\n|-end|p2b: Flutter Mane|Protosynthesis|[silent]\n|move|p1a: Cresselia|Lunar Blessing|p1a: Cresselia|[spread] p1a,p1b\n|-heal|p1a: Cresselia|56\/100\n|move|p2a: Chi-Yu|Dark Pulse|p1b: Ursaluna\n|-damage|p1b: Ursaluna|9\/100\n|\n|upkeep\n|\n|t:|1700511365\n|switch|p2b: Dondozo|Dondozo, L50, M|100\/100\n|turn|3\n|\n|t:|1700511389\n|move|p1b: Ursaluna|Protect|p1b: Ursaluna\n|-singleturn|p1b: Ursaluna|Protect\n|move|p2b: Dondozo|Earthquake|p1a: Cresselia|[spread] p2a\n|-activate|p1b: Ursaluna|move: Protect\n|-immune|p1a: Cresselia|[from] ability: Levitate\n|-supereffective|p2a: Chi-Yu\n|-damage|p2a: Chi-Yu|46\/100\n|move|p1a: Cresselia|Lunar Blessing|p1a: Cresselia|[spread] p1a,p1b\n|-heal|p1a: Cresselia|81\/100\n|-heal|p1b: Ursaluna|34\/100\n|move|p2a: Chi-Yu|Dark Pulse|p1a: Cresselia\n|-resisted|p1a: Cresselia\n|-damage|p1a: Cresselia|42\/100\n|\n|upkeep\n|turn|4\n|\n|t:|1700511425\n|switch|p2a: Tatsugiri|Tatsugiri, L50, F|100\/100\n|-activate|p2a: Tatsugiri|ability: Commander|[of] p2b: Dondozo\n|-boost|p2b: Dondozo|atk|2\n|-boost|p2b: Dondozo|spa|2\n|-boost|p2b: Dondozo|spe|2\n|-boost|p2b: Dondozo|def|2\n|-boost|p2b: Dondozo|spd|2\n|move|p1b: Ursaluna|Hyper Voice|p2b: Dondozo|[spread] p2b\n|-miss|p1b: Ursaluna|p2a: Tatsugiri\n|-damage|p2b: Dondozo|84\/100\n|-enditem|p1b: Ursaluna|Throat Spray\n|-boost|p1b: Ursaluna|spa|1|[from] item: Throat Spray\n|move|p1a: Cresselia|Lunar Blessing|p1a: Cresselia|[spread] p1a,p1b\n|-heal|p1a: Cresselia|67\/100\n|-heal|p1b: Ursaluna|59\/100\n|move|p2b: Dondozo|Order Up|p1a: Cresselia\n|-immune|p1a: Cresselia\n|\n|-heal|p2b: Dondozo|90\/100|[from] item: Leftovers\n|upkeep\n|turn|5\n|\n|t:|1700511452\n|move|p1a: Cresselia|Ally Switch|p1a: Cresselia\n|swap|p1a: Cresselia|1|[from] move: Ally Switch\n|move|p1a: Ursaluna|Blood Moon|p2b: Dondozo\n|-damage|p2b: Dondozo|55\/100\n|move|p2b: Dondozo|Wave Crash|p1a: Ursaluna\n|-supereffective|p1a: Ursaluna\n|-damage|p1a: Ursaluna|0 fnt\n|faint|p1a: Ursaluna\n|-damage|p2b: Dondozo|37\/100|[from] Recoil\n|\n|-heal|p2b: Dondozo|43\/100|[from] item: Leftovers\n|-fieldend|move: Trick Room\n|upkeep\n|\n|t:|1700511462\n|switch|p1a: Wo-Chien|Wo-Chien, L50|100\/100\n|-ability|p1a: Wo-Chien|Tablets of Ruin\n|turn|6\n|\n|t:|1700511473\n|move|p2b: Dondozo|Earthquake|p1a: Wo-Chien|[spread] p1a\n|-miss|p2b: Dondozo|p2a: Tatsugiri\n|-immune|p1b: Cresselia|[from] ability: Levitate\n|-resisted|p1a: Wo-Chien\n|-damage|p1a: Wo-Chien|91\/100\n|move|p1a: Wo-Chien|Leech Seed|p2b: Dondozo\n|-start|p2b: Dondozo|move: Leech Seed\n|move|p1b: Cresselia|Trick Room|p1b: Cresselia\n|-fieldstart|move: Trick Room|[of] p1b: Cresselia\n|\n|-heal|p2b: Dondozo|50\/100|[from] item: Leftovers\n|-damage|p2b: Dondozo|37\/100|[from] Leech Seed|[of] p1a: Wo-Chien\n|-heal|p1a: Wo-Chien|100\/100|[silent]\n|upkeep\n|turn|7\n|\n|t:|1700511507\n|switch|p1a: Glimmora|Glimmora, L50, F|100\/100\n|move|p1b: Cresselia|Lunar Blessing|p1b: Cresselia|[spread] p1a,p1b\n|-heal|p1b: Cresselia|93\/100\n|move|p2b: Dondozo|Order Up|p1a: Glimmora\n|-damage|p1a: Glimmora|65\/100\n|-activate|p1a: Glimmora|ability: Toxic Debris\n|-sidestart|p2: Mellowthepokemoon|move: Toxic Spikes\n|-boost|p2b: Dondozo|atk|1\n|\n|-heal|p2b: Dondozo|43\/100|[from] item: Leftovers\n|-damage|p2b: Dondozo|31\/100|[from] Leech Seed|[of] p1a: Glimmora\n|-heal|p1a: Glimmora|81\/100|[silent]\n|upkeep\n|turn|8\n|\n|t:|1700511524\n|move|p1b: Cresselia|Lunar Blessing|p1b: Cresselia|[spread] p1a,p1b\n|-heal|p1a: Glimmora|100\/100\n|-heal|p1b: Cresselia|100\/100\n|move|p1a: Glimmora|Mortal Spin|p2b: Dondozo|[spread] p2b\n|-miss|p1a: Glimmora|p2a: Tatsugiri\n|-damage|p2b: Dondozo|30\/100\n|-status|p2b: Dondozo|psn\n|move|p2b: Dondozo|Wave Crash|p1a: Glimmora\n|-supereffective|p1a: Glimmora\n|-damage|p1a: Glimmora|0 fnt\n|-activate|p1a: Glimmora|ability: Toxic Debris\n|-sidestart|p2: Mellowthepokemoon|move: Toxic Spikes\n|faint|p1a: Glimmora\n|-damage|p2b: Dondozo|3\/100 psn|[from] Recoil\n|\n|-heal|p2b: Dondozo|10\/100 psn|[from] item: Leftovers\n|-damage|p2b: Dondozo|0 fnt|[from] psn\n|faint|p2b: Dondozo\n|upkeep\n|\n|t:|1700511546\n|switch|p2b: Chi-Yu|Chi-Yu, L50|46\/100\n|switch|p1a: Wo-Chien|Wo-Chien, L50|100\/100\n|-ability|p1a: Wo-Chien|Tablets of Ruin\n|-status|p2b: Chi-Yu|tox\n|-ability|p2b: Chi-Yu|Beads of Ruin\n|turn|9\n|\n|t:|1700511578\n|move|p1a: Wo-Chien|Protect|p1a: Wo-Chien\n|-singleturn|p1a: Wo-Chien|Protect\n|move|p1b: Cresselia|Ice Beam|p2b: Chi-Yu\n|-resisted|p2b: Chi-Yu\n|-damage|p2b: Chi-Yu|36\/100 tox\n|move|p2b: Chi-Yu|Overheat|p1a: Wo-Chien\n|-activate|p1a: Wo-Chien|move: Protect\n|move|p2a: Tatsugiri|Muddy Water|p1a: Wo-Chien|[spread] p1b\n|-activate|p1a: Wo-Chien|move: Protect\n|-damage|p1b: Cresselia|62\/100\n|-unboost|p1b: Cresselia|accuracy|1\n|\n|-damage|p2b: Chi-Yu|30\/100 tox|[from] psn\n|upkeep\n|turn|10\n|\n|t:|1700511597\n|move|p1b: Cresselia|Ally Switch|p1b: Cresselia\n|swap|p1b: Cresselia|0|[from] move: Ally Switch\n|move|p1b: Wo-Chien|Leech Seed|p2a: Tatsugiri\n|-start|p2a: Tatsugiri|move: Leech Seed\n|move|p2b: Chi-Yu|Overheat|p1a: Cresselia\n|-damage|p1a: Cresselia|0 fnt\n|-unboost|p2b: Chi-Yu|spa|2\n|faint|p1a: Cresselia\n|move|p2a: Tatsugiri|Muddy Water|p1b: Wo-Chien\n|-resisted|p1b: Wo-Chien\n|-damage|p1b: Wo-Chien|83\/100\n|\n|-damage|p2a: Tatsugiri|89\/100|[from] Leech Seed|[of] p1b: Wo-Chien\n|-heal|p1b: Wo-Chien|95\/100|[silent]\n|-damage|p2b: Chi-Yu|17\/100 tox|[from] psn\n|-fieldend|move: Trick Room\n|upkeep\n|turn|11\n|\n|t:|1700511620\n|move|p1b: Wo-Chien|Protect|p1b: Wo-Chien\n|-singleturn|p1b: Wo-Chien|Protect\n|move|p2a: Tatsugiri|Muddy Water|p1b: Wo-Chien\n|-activate|p1b: Wo-Chien|move: Protect\n|move|p2b: Chi-Yu|Overheat|p1b: Wo-Chien\n|-activate|p1b: Wo-Chien|move: Protect\n|\n|-damage|p2a: Tatsugiri|77\/100|[from] Leech Seed|[of] p1b: Wo-Chien\n|-heal|p1b: Wo-Chien|100\/100|[silent]\n|-damage|p2b: Chi-Yu|0 fnt|[from] psn\n|faint|p2b: Chi-Yu\n|upkeep\n|turn|12\n|\n|t:|1700511635\n|move|p2a: Tatsugiri|Muddy Water|p1b: Wo-Chien\n|-resisted|p1b: Wo-Chien\n|-damage|p1b: Wo-Chien|86\/100\n|move|p1b: Wo-Chien|Ruination|p2a: Tatsugiri\n|-damage|p2a: Tatsugiri|39\/100\n|\n|-damage|p2a: Tatsugiri|27\/100|[from] Leech Seed|[of] p1b: Wo-Chien\n|-heal|p1b: Wo-Chien|98\/100|[silent]\n|upkeep\n|turn|13\n|\n|t:|1700511646\n|move|p1b: Wo-Chien|Protect|p1b: Wo-Chien\n|-singleturn|p1b: Wo-Chien|Protect\n|move|p2a: Tatsugiri|Muddy Water|p1b: Wo-Chien\n|-activate|p1b: Wo-Chien|move: Protect\n|\n|-damage|p2a: Tatsugiri|15\/100|[from] Leech Seed|[of] p1b: Wo-Chien\n|-heal|p1b: Wo-Chien|100\/100|[silent]\n|upkeep\n|turn|14\n|\n|t:|1700511656\n|move|p1b: Wo-Chien|Protect|p1b: Wo-Chien\n|-singleturn|p1b: Wo-Chien|Protect\n|move|p2a: Tatsugiri|Muddy Water|p1b: Wo-Chien\n|-activate|p1b: Wo-Chien|move: Protect\n|\n|-damage|p2a: Tatsugiri|3\/100|[from] Leech Seed|[of] p1b: Wo-Chien\n|upkeep\n|turn|15\n|\n|t:|1700511664\n|move|p2a: Tatsugiri|Muddy Water|p1b: Wo-Chien|[miss]\n|-miss|p2a: Tatsugiri|p1b: Wo-Chien\n|move|p1b: Wo-Chien|Pollen Puff|p2a: Tatsugiri\n|-damage|p2a: Tatsugiri|0 fnt\n|faint|p2a: Tatsugiri\n|\n|win|JayoticNL\n|l|\u2606Mellowthepokemoon\n","uploadtime":1700512484,"views":3,"p1id":"jayoticnl","p2id":"mellowthepokemoon","formatid":"gen9vgc2023regulatione","rating":0,"private":0,"password":""}