{"id":"gen9vgc2023regulatione-1991355308","p1":"luckyttar96","p2":"Dumdunsparce","format":"[Gen 9] VGC 2023 Regulation E","log":"|j|\u2606luckyttar96\n|j|\u2606Dumdunsparce\n|t:|1700070229\n|gametype|doubles\n|player|p1|luckyttar96|265|1409\n|player|p2|Dumdunsparce|harlequin|1425\n|teamsize|p1|6\n|teamsize|p2|6\n|gen|9\n|tier|[Gen 9] VGC 2023 Regulation E\n|rated|\n|rule|Species Clause: Limit one of each Pok\u00e9mon\n|rule|Item Clause: Limit one of each item\n|clearpoke\n|poke|p1|Dragapult, L50, M|\n|poke|p1|Chien-Pao, L50|\n|poke|p1|Heatran, L50, F|\n|poke|p1|Farigiraf, L50, F|\n|poke|p1|Ursaluna-Bloodmoon, L50, M|\n|poke|p1|Ogerpon-Wellspring, L50, F|\n|poke|p2|Thundurus, L50, M|\n|poke|p2|Rillaboom, L50, M|\n|poke|p2|Gholdengo, L50|\n|poke|p2|Roaring Moon, L50|\n|poke|p2|Milotic, L50, M|\n|poke|p2|Tauros-Paldea-Blaze, L50, M|\n|teampreview|4\n|j| pusslicking\n|\n|t:|1700070279\n|start\n|switch|p1a: Dragapult|Dragapult, L50, M|100\/100\n|switch|p1b: Chien-Pao|Chien-Pao, L50|100\/100\n|switch|p2a: Thundurus|Thundurus, L50, M|100\/100\n|switch|p2b: Rillaboom|Rillaboom, L50, M|100\/100\n|-ability|p1b: Chien-Pao|Sword of Ruin\n|-fieldstart|move: Grassy Terrain|[from] ability: Grassy Surge|[of] p2b: Rillaboom\n|-enditem|p2a: Thundurus|Grassy Seed\n|-boost|p2a: Thundurus|def|1|[from] item: Grassy Seed\n|turn|1\n|\n|t:|1700070302\n|-terastallize|p2a: Thundurus|Steel\n|move|p1b: Chien-Pao|Protect|p1b: Chien-Pao\n|-singleturn|p1b: Chien-Pao|Protect\n|move|p1a: Dragapult|U-turn|p2b: Rillaboom\n|-supereffective|p2b: Rillaboom\n|-damage|p2b: Rillaboom|19\/100\n|\n|t:|1700070308\n|switch|p1a: Farigiraf|Farigiraf, L50, F|100\/100|[from] U-turn\n|move|p2a: Thundurus|Acrobatics|p1b: Chien-Pao\n|-activate|p1b: Chien-Pao|move: Protect\n|move|p2b: Rillaboom|Wood Hammer|p1b: Chien-Pao\n|-activate|p1b: Chien-Pao|move: Protect\n|\n|-heal|p2b: Rillaboom|25\/100|[from] Grassy Terrain\n|upkeep\n|turn|2\n|\n|t:|1700070327\n|switch|p2b: Tauros|Tauros-Paldea-Blaze, L50, M|100\/100\n|-ability|p2b: Tauros|Intimidate|boost\n|-unboost|p1a: Farigiraf|atk|1\n|-unboost|p1b: Chien-Pao|atk|1\n|move|p1b: Chien-Pao|Sacred Sword|p2a: Thundurus\n|-supereffective|p2a: Thundurus\n|-damage|p2a: Thundurus|32\/100\n|move|p2a: Thundurus|Bulk Up|p2a: Thundurus\n|-boost|p2a: Thundurus|atk|1\n|-boost|p2a: Thundurus|def|1\n|move|p1a: Farigiraf|Psyshock|p2b: Tauros\n|-supereffective|p2b: Tauros\n|-damage|p2b: Tauros|15\/100\n|\n|-heal|p2b: Tauros|22\/100|[from] Grassy Terrain\n|-heal|p2a: Thundurus|38\/100|[from] Grassy Terrain\n|upkeep\n|turn|3\n|\n|t:|1700070349\n|move|p1b: Chien-Pao|Sacred Sword|p2a: Thundurus\n|-supereffective|p2a: Thundurus\n|-damage|p2a: Thundurus|0 fnt\n|faint|p2a: Thundurus\n|move|p2b: Tauros|Close Combat|p1a: Farigiraf\n|-damage|p1a: Farigiraf|57\/100\n|-unboost|p2b: Tauros|def|1\n|-unboost|p2b: Tauros|spd|1\n|-enditem|p2b: Tauros|Eject Pack\n|-damage|p2b: Tauros|5\/100|[from] item: Rocky Helmet|[of] p1a: Farigiraf\n|\n|t:|1700070359\n|switch|p2b: Milotic|Milotic, L50, M|100\/100\n|move|p1a: Farigiraf|Psyshock|p2b: Milotic\n|-damage|p2b: Milotic|58\/100\n|\n|-heal|p2b: Milotic|64\/100|[from] Grassy Terrain\n|-heal|p2b: Milotic|70\/100|[from] item: Leftovers\n|-heal|p1a: Farigiraf|63\/100|[from] Grassy Terrain\n|upkeep\n|\n|t:|1700070371\n|switch|p2a: Tauros|Tauros-Paldea-Blaze, L50, M|5\/100\n|-ability|p2a: Tauros|Intimidate|boost\n|-unboost|p1a: Farigiraf|atk|1\n|-unboost|p1b: Chien-Pao|atk|1\n|turn|4\n|\n|t:|1700070379\n|switch|p1b: Ogerpon|Ogerpon-Wellspring, L50, F|100\/100\n|move|p2a: Tauros|Will-O-Wisp|p1b: Ogerpon\n|-status|p1b: Ogerpon|brn\n|move|p2b: Milotic|Coil|p2b: Milotic\n|-boost|p2b: Milotic|atk|1\n|-boost|p2b: Milotic|def|1\n|-boost|p2b: Milotic|accuracy|1\n|move|p1a: Farigiraf|Psyshock|p2a: Tauros\n|-supereffective|p2a: Tauros\n|-damage|p2a: Tauros|0 fnt\n|faint|p2a: Tauros\n|\n|-heal|p2b: Milotic|76\/100|[from] Grassy Terrain\n|-heal|p2b: Milotic|82\/100|[from] item: Leftovers\n|-heal|p1a: Farigiraf|69\/100|[from] Grassy Terrain\n|-damage|p1b: Ogerpon|95\/100 brn|[from] brn\n|upkeep\n|\n|t:|1700070398\n|switch|p2a: Rillaboom|Rillaboom, L50, M|25\/100\n|turn|5\n|\n|t:|1700070409\n|move|p1b: Ogerpon|Spiky Shield|p1b: Ogerpon\n|-singleturn|p1b: Ogerpon|move: Protect\n|move|p2a: Rillaboom|Wood Hammer|p1b: Ogerpon\n|-activate|p1b: Ogerpon|move: Protect\n|-damage|p2a: Rillaboom|13\/100|[from] Spiky Shield|[of] p1b: Ogerpon\n|move|p2b: Milotic|Coil|p2b: Milotic\n|-boost|p2b: Milotic|atk|1\n|-boost|p2b: Milotic|def|1\n|-boost|p2b: Milotic|accuracy|1\n|move|p1a: Farigiraf|Nasty Plot|p1a: Farigiraf\n|-boost|p1a: Farigiraf|spa|2\n|\n|-heal|p1b: Ogerpon|100\/100 brn|[from] Grassy Terrain\n|-heal|p2a: Rillaboom|19\/100|[from] Grassy Terrain\n|-heal|p2b: Milotic|88\/100|[from] Grassy Terrain\n|-heal|p2b: Milotic|94\/100|[from] item: Leftovers\n|-heal|p1a: Farigiraf|75\/100|[from] Grassy Terrain\n|-damage|p1b: Ogerpon|95\/100 brn|[from] brn\n|-fieldend|move: Grassy Terrain\n|upkeep\n|turn|6\n|\n|t:|1700070439\n|move|p1b: Ogerpon|Ivy Cudgel|p2a: Rillaboom|[anim] Ivy Cudgel Water\n|-resisted|p2a: Rillaboom\n|-damage|p2a: Rillaboom|5\/100\n|move|p2b: Milotic|Icy Wind|p1a: Farigiraf|[spread] p1a,p1b\n|-damage|p1a: Farigiraf|66\/100\n|-damage|p1b: Ogerpon|86\/100 brn\n|-unboost|p1a: Farigiraf|spe|1\n|-unboost|p1b: Ogerpon|spe|1\n|move|p2a: Rillaboom|Wood Hammer|p1b: Ogerpon\n|-damage|p1b: Ogerpon|18\/100 brn\n|-damage|p2a: Rillaboom|0 fnt|[from] Recoil\n|faint|p2a: Rillaboom\n|move|p1a: Farigiraf|Psyshock|p2b: Milotic\n|-damage|p2b: Milotic|63\/100\n|\n|-heal|p2b: Milotic|69\/100|[from] item: Leftovers\n|-damage|p1b: Ogerpon|12\/100 brn|[from] brn\n|upkeep\n|turn|7\n|\n|t:|1700070472\n|move|p2b: Milotic|Scald|p1a: Farigiraf\n|-damage|p1a: Farigiraf|39\/100\n|-status|p1a: Farigiraf|brn\n|move|p1b: Ogerpon|Horn Leech|p2b: Milotic\n|-supereffective|p2b: Milotic\n|-damage|p2b: Milotic|48\/100\n|-heal|p1b: Ogerpon|24\/100 brn|[from] drain|[of] p2b: Milotic\n|move|p1a: Farigiraf|Tera Blast|p2b: Milotic\n|-damage|p2b: Milotic|4\/100\n|\n|-heal|p2b: Milotic|10\/100|[from] item: Leftovers\n|-damage|p1b: Ogerpon|18\/100 brn|[from] brn\n|-damage|p1a: Farigiraf|33\/100 brn|[from] brn\n|upkeep\n|turn|8\n|-message|Dumdunsparce forfeited.\n|\n|win|luckyttar96\n|raw|luckyttar96's rating: 1409 &rarr; <strong>1430<\/strong><br \/>(+21 for winning)\n|raw|Dumdunsparce's rating: 1425 &rarr; <strong>1404<\/strong><br \/>(-21 for losing)\n","uploadtime":1700070490,"views":15,"p1id":"luckyttar96","p2id":"dumdunsparce","formatid":"gen9vgc2023regulatione","rating":1404,"private":0,"password":""}