{"id":"gen9vgc2023regulatione-1988828297","p1":"Cheeseless","p2":"ZeFantasma","format":"[Gen 9] VGC 2023 Regulation E","log":"|j|\u203dCheeseless\n|j|\u2606ZeFantasma\n|t:|1699769374\n|gametype|doubles\n|player|p1|Cheeseless|acetrainerf-gen4dp|1445\n|player|p2|ZeFantasma|red|1461\n|teamsize|p1|6\n|teamsize|p2|6\n|gen|9\n|tier|[Gen 9] VGC 2023 Regulation E\n|rated|\n|rule|Species Clause: Limit one of each Pok\u00e9mon\n|rule|Item Clause: Limit one of each item\n|clearpoke\n|poke|p1|Indeedee-F, L50, F|\n|poke|p1|Armarouge, L50, M|\n|poke|p1|Sylveon, L50, F|\n|poke|p1|Ursaluna, L50, M|\n|poke|p1|Urshifu-*, L50, F|\n|poke|p1|Torkoal, L50, M|\n|poke|p2|Grimmsnarl, L50, M|\n|poke|p2|Cresselia, L50, F|\n|poke|p2|Gholdengo, L50|\n|poke|p2|Iron Hands, L50|\n|poke|p2|Fezandipiti, L50, M|\n|poke|p2|Annihilape, L50, M|\n|teampreview|4\n|inactive|Battle timer is ON: inactive players will automatically lose when time's up. (requested by Cheeseless)\n|inactive|ZeFantasma has 60 seconds left.\n|\n|t:|1699769406\n|start\n|switch|p1a: Indeedee|Indeedee-F, L50, F|100\/100\n|switch|p1b: Armarouge|Armarouge, L50, M|100\/100\n|switch|p2a: Grimmsnarl|Grimmsnarl, L50, M|100\/100\n|switch|p2b: Gholdengo|Gholdengo, L50|100\/100\n|-fieldstart|move: Psychic Terrain|[from] ability: Psychic Surge|[of] p1a: Indeedee\n|-enditem|p1a: Indeedee|Psychic Seed\n|-boost|p1a: Indeedee|spd|1|[from] item: Psychic Seed\n|turn|1\n|\n|t:|1699769428\n|move|p1a: Indeedee|Follow Me|p1a: Indeedee\n|-singleturn|p1a: Indeedee|move: Follow Me\n|move|p2a: Grimmsnarl|Light Screen|p2a: Grimmsnarl\n|-sidestart|p2: ZeFantasma|move: Light Screen\n|move|p2b: Gholdengo|Nasty Plot|p2b: Gholdengo\n|-boost|p2b: Gholdengo|spa|2\n|move|p1b: Armarouge|Trick Room|p1b: Armarouge\n|-fieldstart|move: Trick Room|[of] p1b: Armarouge\n|\n|upkeep\n|turn|2\n|inactive|ZeFantasma has 30 seconds left.\n|\n|t:|1699769454\n|switch|p2a: Cresselia|Cresselia, L50, F|100\/100\n|move|p1a: Indeedee|Helping Hand|p1b: Armarouge\n|-singleturn|p1b: Armarouge|Helping Hand|[of] p1a: Indeedee\n|move|p2b: Gholdengo|Protect|p2b: Gholdengo\n|-singleturn|p2b: Gholdengo|Protect\n|move|p1b: Armarouge|Heat Wave|p2a: Cresselia|[spread] p2a\n|-activate|p2b: Gholdengo|move: Protect\n|-damage|p2a: Cresselia|75\/100\n|\n|upkeep\n|turn|3\n|inactive|Cheeseless has 30 seconds left.\n|\n|t:|1699769483\n|-terastallize|p2b: Gholdengo|Water\n|move|p1a: Indeedee|Helping Hand|p1b: Armarouge\n|-singleturn|p1b: Armarouge|Helping Hand|[of] p1a: Indeedee\n|move|p1b: Armarouge|Heat Wave|p2a: Cresselia|[spread] p2a,p2b\n|-resisted|p2b: Gholdengo\n|-damage|p2a: Cresselia|50\/100\n|-damage|p2b: Gholdengo|80\/100\n|move|p2b: Gholdengo|Make It Rain|p1b: Armarouge|[spread] p1a,p1b\n|-resisted|p1b: Armarouge\n|-damage|p1a: Indeedee|43\/100\n|-damage|p1b: Armarouge|48\/100\n|-unboost|p2b: Gholdengo|spa|1\n|move|p2a: Cresselia|Trick Room|p2a: Cresselia\n|-fieldend|move: Trick Room\n|\n|upkeep\n|turn|4\n|inactive|ZeFantasma has 30 seconds left.\n|inactive|ZeFantasma has 20 seconds left.\n|inactive|ZeFantasma has 15 seconds left.\n|\n|t:|1699769526\n|move|p1b: Armarouge|Wide Guard|p1b: Armarouge\n|-singleturn|p1b: Armarouge|Wide Guard\n|move|p2b: Gholdengo|Make It Rain|p1b: Armarouge|[spread] \n|-activate|p1a: Indeedee|move: Wide Guard\n|-activate|p1b: Armarouge|move: Wide Guard\n|move|p2a: Cresselia|Trick Room|p2a: Cresselia\n|-fieldstart|move: Trick Room|[of] p2a: Cresselia\n|move|p1a: Indeedee|Trick Room|p1a: Indeedee\n|-fieldend|move: Trick Room\n|\n|upkeep\n|turn|5\n|inactive|Cheeseless has 30 seconds left.\n|inactive|ZeFantasma has 30 seconds left.\n|inactive|ZeFantasma has 20 seconds left.\n|inactive|ZeFantasma has 15 seconds left.\n|\n|t:|1699769569\n|switch|p1a: Ursaluna|Ursaluna, L50, M|100\/100\n|move|p1b: Armarouge|Wide Guard|p1b: Armarouge\n|-singleturn|p1b: Armarouge|Wide Guard\n|move|p2b: Gholdengo|Shadow Ball|p1b: Armarouge\n|-supereffective|p1b: Armarouge\n|-damage|p1b: Armarouge|0 fnt\n|faint|p1b: Armarouge\n|move|p2a: Cresselia|Lunar Blessing|p2a: Cresselia|[spread] p2a\n|-immune|p2b: Gholdengo|[from] ability: Good as Gold\n|-heal|p2a: Cresselia|75\/100\n|\n|-fieldend|move: Psychic Terrain\n|-status|p1a: Ursaluna|brn|[from] item: Flame Orb\n|upkeep\n|\n|t:|1699769593\n|switch|p1b: Sylveon|Sylveon, L50, F|100\/100\n|turn|6\n|\n|t:|1699769610\n|-terastallize|p1b: Sylveon|Water\n|move|p2b: Gholdengo|Make It Rain|p1a: Ursaluna|[spread] p1a,p1b\n|-resisted|p1b: Sylveon\n|-damage|p1a: Ursaluna|33\/100 brn\n|-damage|p1b: Sylveon|74\/100\n|-unboost|p2b: Gholdengo|spa|1\n|move|p2a: Cresselia|Ice Beam|p1a: Ursaluna\n|-supereffective|p1a: Ursaluna\n|-damage|p1a: Ursaluna|0 fnt\n|faint|p1a: Ursaluna\n|move|p1b: Sylveon|Hyper Voice|p2b: Gholdengo|[spread] p2a,p2b\n|-damage|p2a: Cresselia|56\/100\n|-damage|p2b: Gholdengo|54\/100\n|-enditem|p1b: Sylveon|Throat Spray\n|-boost|p1b: Sylveon|spa|1|[from] item: Throat Spray\n|\n|upkeep\n|\n|t:|1699769625\n|switch|p1a: Indeedee|Indeedee-F, L50, F|43\/100\n|-fieldstart|move: Psychic Terrain|[from] ability: Psychic Surge|[of] p1a: Indeedee\n|turn|7\n|\n|t:|1699769642\n|move|p1a: Indeedee|Helping Hand|p1b: Sylveon\n|-singleturn|p1b: Sylveon|Helping Hand|[of] p1a: Indeedee\n|move|p2b: Gholdengo|Make It Rain|p1b: Sylveon|[spread] p1a,p1b\n|-resisted|p1b: Sylveon\n|-damage|p1a: Indeedee|0 fnt\n|-damage|p1b: Sylveon|57\/100\n|-unboost|p2b: Gholdengo|spa|1\n|faint|p1a: Indeedee\n|move|p2a: Cresselia|Ice Beam|p1b: Sylveon\n|-resisted|p1b: Sylveon\n|-damage|p1b: Sylveon|50\/100\n|-status|p1b: Sylveon|frz\n|cant|p1b: Sylveon|frz\n|\n|upkeep\n|turn|8\n|\n|t:|1699769658\n|switch|p2b: Grimmsnarl|Grimmsnarl, L50, M|100\/100\n|move|p2a: Cresselia|Psychic|p1b: Sylveon\n|-damage|p1b: Sylveon|31\/100 frz\n|cant|p1b: Sylveon|frz\n|\n|-sideend|p2: ZeFantasma|move: Light Screen\n|upkeep\n|turn|9\n|\n|t:|1699769667\n|move|p2b: Grimmsnarl|Light Screen|p2b: Grimmsnarl\n|-sidestart|p2: ZeFantasma|move: Light Screen\n|move|p2a: Cresselia|Psychic|p1b: Sylveon\n|-damage|p1b: Sylveon|8\/100 frz\n|-unboost|p1b: Sylveon|spd|1\n|cant|p1b: Sylveon|frz\n|\n|upkeep\n|turn|10\n|-message|Cheeseless forfeited.\n|\n|win|ZeFantasma\n|raw|Cheeseless's rating: 1445 &rarr; <strong>1426<\/strong><br \/>(-19 for losing)\n|raw|ZeFantasma's rating: 1461 &rarr; <strong>1480<\/strong><br \/>(+19 for winning)\n|l|\u203dCheeseless\n|j|\u203dCheeseless\n|player|p1|Cheeseless|acetrainerf-gen4dp\n|l|\u2606ZeFantasma\n","uploadtime":1699769680,"views":120,"p1id":"cheeseless","p2id":"zefantasma","formatid":"gen9vgc2023regulatione","rating":1426,"private":0,"password":""}