{"id":"gen9vgc2023regulatione-1993250163","p1":"r2thecool","p2":"Dhaup","format":"[Gen 9] VGC 2023 Regulation E","log":"|j|\u2606r2thecool\n|j|\u2606Dhaup\n|t:|1700284227\n|gametype|doubles\n|player|p1|r2thecool|falkner|1268\n|player|p2|Dhaup|linebacker|1177\n|teamsize|p1|6\n|teamsize|p2|6\n|gen|9\n|tier|[Gen 9] VGC 2023 Regulation E\n|rated|\n|rule|Species Clause: Limit one of each Pok\u00e9mon\n|rule|Item Clause: Limit one of each item\n|clearpoke\n|poke|p1|Tyranitar, L50, M|\n|poke|p1|Houndstone, L50, M|\n|poke|p1|Arcanine-Hisui, L50, M|\n|poke|p1|Empoleon, L50, F|\n|poke|p1|Rillaboom, L50, F|\n|poke|p1|Wugtrio, L50, M|\n|poke|p2|Tornadus, L50, M|\n|poke|p2|Sneasler, L50, M|\n|poke|p2|Annihilape, L50, F|\n|poke|p2|Maushold-Four, L50|\n|poke|p2|Mudsdale, L50, M|\n|poke|p2|Slowking-Galar, L50, M|\n|teampreview|4\n|inactive|Battle timer is ON: inactive players will automatically lose when time's up. (requested by Dhaup)\n|inactive|r2thecool also wants the timer to be on.\n|\n|t:|1700284252\n|start\n|switch|p1a: Tyranitar|Tyranitar, L50, M|100\/100\n|switch|p1b: Wugtrio|Wugtrio, L50, M|100\/100\n|switch|p2a: Annihilape|Annihilape, L50, F|100\/100\n|switch|p2b: Maushold|Maushold-Four, L50|100\/100\n|-weather|Sandstorm|[from] ability: Sand Stream|[of] p1a: Tyranitar\n|turn|1\n|inactive|Dhaup has 30 seconds left.\n|inactive|Dhaup has 20 seconds left.\n|\n|t:|1700284288\n|-terastallize|p2a: Annihilape|Fairy\n|-terastallize|p1a: Tyranitar|Fairy\n|move|p1b: Wugtrio|Liquidation|p2b: Maushold\n|-damage|p2b: Maushold|54\/100\n|move|p2b: Maushold|Beat Up|p2a: Annihilape\n|-resisted|p2a: Annihilape\n|-damage|p2a: Annihilape|99\/100\n|-resisted|p2a: Annihilape\n|-damage|p2a: Annihilape|99\/100\n|-resisted|p2a: Annihilape\n|-damage|p2a: Annihilape|98\/100\n|-resisted|p2a: Annihilape\n|-damage|p2a: Annihilape|97\/100\n|-hitcount|p2a: Annihilape|4\n|move|p2a: Annihilape|Rage Fist|p1b: Wugtrio|[miss]\n|-miss|p2a: Annihilape|p1b: Wugtrio\n|move|p1a: Tyranitar|Tera Blast|p2a: Annihilape|[anim] Tera Blast Fairy\n|-damage|p2a: Annihilape|57\/100\n|\n|-weather|Sandstorm|[upkeep]\n|-damage|p2a: Annihilape|51\/100|[from] Sandstorm\n|-damage|p1a: Tyranitar|94\/100|[from] Sandstorm\n|upkeep\n|turn|2\n|inactive|r2thecool has 30 seconds left.\n|inactive|Dhaup has 30 seconds left.\n|\n|t:|1700284319\n|move|p2b: Maushold|Follow Me|p2b: Maushold\n|-singleturn|p2b: Maushold|move: Follow Me\n|move|p1b: Wugtrio|Liquidation|p2b: Maushold\n|-damage|p2b: Maushold|1\/100\n|move|p2a: Annihilape|Rage Fist|p1a: Tyranitar\n|-damage|p1a: Tyranitar|0 fnt\n|faint|p1a: Tyranitar\n|\n|-weather|Sandstorm|[upkeep]\n|-damage|p2a: Annihilape|45\/100|[from] Sandstorm\n|upkeep\n|\n|t:|1700284333\n|switch|p1a: Rillaboom|Rillaboom, L50, F|100\/100\n|-fieldstart|move: Grassy Terrain|[from] ability: Grassy Surge|[of] p1a: Rillaboom\n|turn|3\n|\n|t:|1700284346\n|move|p1a: Rillaboom|Fake Out|p2a: Annihilape\n|-damage|p2a: Annihilape|33\/100\n|move|p2b: Maushold|Follow Me|p2b: Maushold\n|-singleturn|p2b: Maushold|move: Follow Me\n|move|p1b: Wugtrio|Liquidation|p2b: Maushold\n|-damage|p2b: Maushold|0 fnt\n|faint|p2b: Maushold\n|cant|p2a: Annihilape|flinch\n|\n|-weather|Sandstorm|[upkeep]\n|-damage|p2a: Annihilape|27\/100|[from] Sandstorm\n|-damage|p1a: Rillaboom|95\/100|[from] Sandstorm\n|-heal|p2a: Annihilape|33\/100|[from] Grassy Terrain\n|-heal|p1a: Rillaboom|100\/100|[from] Grassy Terrain\n|upkeep\n|\n|t:|1700284355\n|switch|p2b: Tornadus|Tornadus, L50, M|100\/100\n|turn|4\n|\n|t:|1700284370\n|move|p1a: Rillaboom|Protect|p1a: Rillaboom\n|-singleturn|p1a: Rillaboom|Protect\n|move|p1b: Wugtrio|Liquidation|p2b: Tornadus\n|-damage|p2b: Tornadus|52\/100\n|move|p2b: Tornadus|Bleakwind Storm|p1b: Wugtrio|[spread] p1b\n|-activate|p1a: Rillaboom|move: Protect\n|-damage|p1b: Wugtrio|40\/100\n|move|p2a: Annihilape|Drain Punch|p1b: Wugtrio|[miss]\n|-miss|p2a: Annihilape|p1b: Wugtrio\n|\n|-weather|Sandstorm|[upkeep]\n|-damage|p2b: Tornadus|46\/100|[from] Sandstorm\n|-damage|p2a: Annihilape|27\/100|[from] Sandstorm\n|-damage|p1a: Rillaboom|95\/100|[from] Sandstorm\n|-heal|p1b: Wugtrio|45\/100|[from] Grassy Terrain\n|-heal|p2a: Annihilape|33\/100|[from] Grassy Terrain\n|-heal|p1a: Rillaboom|100\/100|[from] Grassy Terrain\n|upkeep\n|turn|5\n|\n|t:|1700284394\n|move|p1a: Rillaboom|Grassy Glide|p2a: Annihilape\n|-damage|p2a: Annihilape|0 fnt\n|faint|p2a: Annihilape\n|move|p1b: Wugtrio|Liquidation|p2b: Tornadus\n|-damage|p2b: Tornadus|0 fnt\n|faint|p2b: Tornadus\n|\n|-weather|none\n|-heal|p1b: Wugtrio|50\/100|[from] Grassy Terrain\n|upkeep\n|-message|Dhaup forfeited.\n|\n|win|r2thecool\n|raw|r2thecool's rating: 1268 &rarr; <strong>1287<\/strong><br \/>(+19 for winning)\n|raw|Dhaup's rating: 1177 &rarr; <strong>1158<\/strong><br \/>(-19 for losing)\n|l|\u2606Dhaup\n","uploadtime":1700284415,"views":30,"p1id":"r2thecool","p2id":"dhaup","formatid":"gen9vgc2023regulatione","rating":1158,"private":0,"password":""}