{"id":"gen9vgc2023regulatione-2000547572","p1":"Nakafuyu Yuki","p2":"Fireboule","format":"[Gen 9] VGC 2023 Regulation E","log":"|j|\u2606Nakafuyu Yuki\n|j|\u2606Fireboule\n|n|\u2606Nakafuyu Yuki|nakafuyuyuki\n|n|\u2606Fireboule|fireboule\n|html|View the match progress at <a href=\"\/game-bestof3-gen9vgc2023regulatione-2000544373\">game-bestof3-gen9vgc2023regulatione-2000544373<\/a>\n|t:|1701204230\n|gametype|doubles\n|player|p1|Nakafuyu Yuki|serena-masters3|\n|player|p2|Fireboule|265|\n|teamsize|p1|6\n|teamsize|p2|6\n|gen|9\n|tier|[Gen 9] VGC 2023 Regulation E\n|rule|Species Clause: Limit one of each Pok\u00e9mon\n|rule|Item Clause: Limit one of each item\n|clearpoke\n|poke|p1|Indeedee-F, L50, F|\n|poke|p1|Armarouge, L50, F|\n|poke|p1|Ursaluna, L50, F|\n|poke|p1|Gardevoir, L50, F|\n|poke|p1|Torkoal, L50, F|\n|poke|p1|Ogerpon-Wellspring, L50, F|\n|poke|p2|Arcanine-Hisui, L50, M|\n|poke|p2|Grimmsnarl, L50, M|\n|poke|p2|Okidogi, L50, M|\n|poke|p2|Gholdengo, L50|\n|poke|p2|Ogerpon-Wellspring, L50, F|\n|poke|p2|Iron Bundle, L50|\n|teampreview|4\n|inactive|Battle timer is ON: inactive players will automatically lose when time's up. (requested by Nakafuyu Yuki)\nFireboule has agreed to open team sheets.\n|j| thaton3kidd\n|\n|t:|1701204250\n|start\n|switch|p1a: Indeedee|Indeedee-F, L50, F|100\/100\n|switch|p1b: Gardevoir|Gardevoir, L50, F, shiny|100\/100\n|switch|p2a: \u30aa\u30fc\u30ed\u30f3\u30b2|Grimmsnarl, L50, M, shiny|100\/100\n|switch|p2b: \u30a6\u30a4\u30f3\u30c7\u30a3|Arcanine-Hisui, L50, M|100\/100\n|-ability|p2b: \u30a6\u30a4\u30f3\u30c7\u30a3|Intimidate|boost\n|-unboost|p1a: Indeedee|atk|1\n|-unboost|p1b: Gardevoir|atk|1\n|-fieldstart|move: Psychic Terrain|[from] ability: Psychic Surge|[of] p1a: Indeedee\n|-enditem|p1a: Indeedee|Psychic Seed\n|-boost|p1a: Indeedee|spd|1|[from] item: Psychic Seed\n|turn|1\n|\n|t:|1701204274\n|move|p1a: Indeedee|Follow Me|p1a: Indeedee\n|-singleturn|p1a: Indeedee|move: Follow Me\n|move|p2b: \u30a6\u30a4\u30f3\u30c7\u30a3|Snarl|p1a: Indeedee|[spread] p1a,p1b\n|-supereffective|p1a: Indeedee\n|-damage|p1a: Indeedee|91\/100\n|-damage|p1b: Gardevoir|94\/100\n|-unboost|p1a: Indeedee|spa|1\n|-unboost|p1b: Gardevoir|spa|1\n|move|p2a: \u30aa\u30fc\u30ed\u30f3\u30b2|Spirit Break|p1a: Indeedee\n|-damage|p1a: Indeedee|64\/100\n|-unboost|p1a: Indeedee|spa|1\n|move|p1b: Gardevoir|Trick Room|p1b: Gardevoir\n|-fieldstart|move: Trick Room|[of] p1b: Gardevoir\n|\n|upkeep\n|turn|2\n|\n|t:|1701204289\n|switch|p1a: Ursaluna|Ursaluna, L50, F|100\/100\n|move|p1b: Gardevoir|Protect|p1b: Gardevoir\n|-singleturn|p1b: Gardevoir|Protect\n|move|p2a: \u30aa\u30fc\u30ed\u30f3\u30b2|Light Screen|p2a: \u30aa\u30fc\u30ed\u30f3\u30b2\n|-sidestart|p2: Fireboule|move: Light Screen\n|move|p2b: \u30a6\u30a4\u30f3\u30c7\u30a3|Snarl|p1b: Gardevoir|[spread] p1a\n|-activate|p1b: Gardevoir|move: Protect\n|-damage|p1a: Ursaluna|94\/100\n|-unboost|p1a: Ursaluna|spa|1\n|\n|-status|p1a: Ursaluna|brn|[from] item: Flame Orb\n|upkeep\n|turn|3\n|inactive|Fireboule has 30 seconds left.\n|\n|t:|1701204317\n|-terastallize|p1b: Gardevoir|Fairy\n|move|p2a: \u30aa\u30fc\u30ed\u30f3\u30b2|Light Screen||[still]\n|-fail|p2a: \u30aa\u30fc\u30ed\u30f3\u30b2\n|move|p1a: Ursaluna|Earthquake|p2a: \u30aa\u30fc\u30ed\u30f3\u30b2|[spread] p2a,p2b\n|-activate|p1b: Gardevoir|ability: Telepathy\n|-supereffective|p2b: \u30a6\u30a4\u30f3\u30c7\u30a3\n|-damage|p2a: \u30aa\u30fc\u30ed\u30f3\u30b2|38\/100\n|-damage|p2b: \u30a6\u30a4\u30f3\u30c7\u30a3|0 fnt\n|faint|p2b: \u30a6\u30a4\u30f3\u30c7\u30a3\n|move|p1b: Gardevoir|Dazzling Gleam|p2a: \u30aa\u30fc\u30ed\u30f3\u30b2\n|-supereffective|p2a: \u30aa\u30fc\u30ed\u30f3\u30b2\n|-damage|p2a: \u30aa\u30fc\u30ed\u30f3\u30b2|0 fnt\n|faint|p2a: \u30aa\u30fc\u30ed\u30f3\u30b2\n|-damage|p1b: Gardevoir|84\/100|[from] item: Life Orb\n|\n|-damage|p1a: Ursaluna|88\/100 brn|[from] brn\n|upkeep\n|\n|t:|1701204331\n|switch|p2a: Ogerpon|Ogerpon-Wellspring, L50, F|100\/100\n|switch|p2b: Gholdengo|Gholdengo, L50|100\/100\n|turn|4\n|\n|t:|1701204350\n|-terastallize|p2b: Gholdengo|Dragon\n|move|p1a: Ursaluna|Earthquake|p2b: Gholdengo|[spread] p2a,p2b\n|-activate|p1b: Gardevoir|ability: Telepathy\n|-resisted|p2a: Ogerpon\n|-damage|p2a: Ogerpon|56\/100\n|-damage|p2b: Gholdengo|36\/100\n|-enditem|p2b: Gholdengo|Sitrus Berry|[eat]\n|-heal|p2b: Gholdengo|60\/100|[from] item: Sitrus Berry\n|move|p1b: Gardevoir|Dazzling Gleam|p2b: Gholdengo|[spread] p2a,p2b\n|-crit|p2a: Ogerpon\n|-supereffective|p2b: Gholdengo\n|-damage|p2a: Ogerpon|0 fnt\n|-damage|p2b: Gholdengo|3\/100\n|faint|p2a: Ogerpon\n|-damage|p1b: Gardevoir|74\/100|[from] item: Life Orb\n|move|p2b: Gholdengo|Make It Rain|p1b: Gardevoir|[spread] p1a,p1b\n|-supereffective|p1b: Gardevoir\n|-crit|p1b: Gardevoir\n|-damage|p1a: Ursaluna|49\/100 brn\n|-damage|p1b: Gardevoir|0 fnt\n|-unboost|p2b: Gholdengo|spa|1\n|faint|p1b: Gardevoir\n|\n|-damage|p1a: Ursaluna|43\/100 brn|[from] brn\n|upkeep\n|\n|t:|1701204363\n|switch|p1b: Indeedee|Indeedee-F, L50, F|64\/100\n|turn|5\n|\n|t:|1701204376\n|move|p2b: Gholdengo|Protect|p2b: Gholdengo\n|-singleturn|p2b: Gholdengo|Protect\n|move|p1b: Indeedee|Follow Me|p1b: Indeedee\n|-singleturn|p1b: Indeedee|move: Follow Me\n|move|p1a: Ursaluna|Facade|p2b: Gholdengo\n|-activate|p2b: Gholdengo|move: Protect\n|\n|-damage|p1a: Ursaluna|37\/100 brn|[from] brn\n|-fieldend|move: Trick Room\n|-fieldend|move: Psychic Terrain\n|upkeep\n|turn|6\n|\n|t:|1701204387\n|move|p2b: Gholdengo|Make It Rain|p1b: Indeedee|[spread] p1a,p1b\n|-damage|p1a: Ursaluna|9\/100 brn\n|-damage|p1b: Indeedee|33\/100\n|-unboost|p2b: Gholdengo|spa|1\n|move|p1a: Ursaluna|Facade|p2b: Gholdengo\n|-damage|p2b: Gholdengo|0 fnt\n|faint|p2b: Gholdengo\n|\n|win|Nakafuyu Yuki\n|c|&|\/uhtml prompt-nakafuyuyuki,Nakafuyu Yuki is ready for game 3!\n|c|&|\/uhtml prompt-fireboule,Fireboule is ready for game 3!\nBoth players are ready! Starting next match!\n|l| thaton3kidd\n","uploadtime":1701204574,"views":1,"p1id":"nakafuyuyuki","p2id":"fireboule","formatid":"gen9vgc2023regulatione","rating":0,"private":0,"password":""}