{"id":"gen9vgc2023regulatione-1999217975","p1":"Iciclebutagainn","p2":"Revil0","format":"[Gen 9] VGC 2023 Regulation E","log":"|j|\u2606Iciclebutagainn\n|j|\u2606Revil0\n|t:|1701046779\n|gametype|doubles\n|player|p1|Iciclebutagainn|clown|1158\n|player|p2|Revil0|169|1245\n|teamsize|p1|6\n|teamsize|p2|6\n|gen|9\n|tier|[Gen 9] VGC 2023 Regulation E\n|rated|\n|rule|Species Clause: Limit one of each Pok\u00e9mon\n|rule|Item Clause: Limit one of each item\n|clearpoke\n|poke|p1|Iron Hands, L50|\n|poke|p1|Arcanine-Hisui, L50, M|\n|poke|p1|Urshifu-*, L50, M|\n|poke|p1|Tornadus, L50, M|\n|poke|p1|Gholdengo, L50|\n|poke|p1|Rillaboom, L50, M|\n|poke|p2|Baxcalibur, L50, M|\n|poke|p2|Ninetales-Alola, L50, F|\n|poke|p2|Clefairy, L50, F|\n|poke|p2|Kommo-o, L50, M|\n|poke|p2|Sinistcha, L50|\n|poke|p2|Arcanine-Hisui, L50, F|\n|teampreview|4\n|inactive|Battle timer is ON: inactive players will automatically lose when time's up. (requested by Iciclebutagainn)\nIciclebutagainn has agreed to open team sheets.\nRevil0 rejected open team sheets.\n|inactive|Iciclebutagainn has 60 seconds left.\n|\n|t:|1701046813\n|start\n|switch|p1a: Iron Hands|Iron Hands, L50|100\/100\n|switch|p1b: Tornadus|Tornadus, L50, M|100\/100\n|switch|p2a: Kommo-o|Kommo-o, L50, M|100\/100\n|switch|p2b: Arcanine|Arcanine-Hisui, L50, F|100\/100\n|-ability|p2b: Arcanine|Intimidate|boost\n|-unboost|p1a: Iron Hands|atk|1\n|-unboost|p1b: Tornadus|atk|1\n|turn|1\n|\n|t:|1701046833\n|switch|p2b: Clefairy|Clefairy, L50, F|100\/100\n|move|p2a: Kommo-o|Protect|p2a: Kommo-o\n|-singleturn|p2a: Kommo-o|Protect\n|move|p1a: Iron Hands|Fake Out|p2b: Clefairy\n|-damage|p2b: Clefairy|90\/100\n|move|p1b: Tornadus|Bleakwind Storm|p2a: Kommo-o|[spread] p2b\n|-activate|p2a: Kommo-o|move: Protect\n|-damage|p2b: Clefairy|64\/100\n|\n|upkeep\n|turn|2\n|\n|t:|1701046847\n|move|p1b: Tornadus|Tailwind|p1b: Tornadus\n|-sidestart|p1: Iciclebutagainn|move: Tailwind\n|move|p1a: Iron Hands|Heavy Slam|p2b: Clefairy\n|-supereffective|p2b: Clefairy\n|-damage|p2b: Clefairy|10\/100\n|move|p2a: Kommo-o|Clangorous Soul|p2a: Kommo-o\n|-boost|p2a: Kommo-o|atk|1\n|-boost|p2a: Kommo-o|def|1\n|-boost|p2a: Kommo-o|spa|1\n|-boost|p2a: Kommo-o|spd|1\n|-boost|p2a: Kommo-o|spe|1\n|-damage|p2a: Kommo-o|68\/100\n|-enditem|p2a: Kommo-o|Throat Spray\n|-boost|p2a: Kommo-o|spa|1|[from] item: Throat Spray\n|move|p2b: Clefairy|Life Dew|p2b: Clefairy|[spread] p2a,p2b\n|-heal|p2a: Kommo-o|93\/100\n|-heal|p2b: Clefairy|35\/100\n|\n|upkeep\n|turn|3\n|\n|t:|1701046864\n|move|p2b: Clefairy|Protect|p2b: Clefairy\n|-singleturn|p2b: Clefairy|Protect\n|move|p1b: Tornadus|Bleakwind Storm|p2a: Kommo-o|[spread] p2a\n|-activate|p2b: Clefairy|move: Protect\n|-supereffective|p2a: Kommo-o\n|-crit|p2a: Kommo-o\n|-damage|p2a: Kommo-o|24\/100\n|move|p2a: Kommo-o|Clanging Scales|p1b: Tornadus|[spread] p1a,p1b\n|-damage|p1a: Iron Hands|70\/100\n|-damage|p1b: Tornadus|39\/100\n|-enditem|p1b: Tornadus|Sitrus Berry|[eat]\n|-heal|p1b: Tornadus|64\/100|[from] item: Sitrus Berry\n|-unboost|p2a: Kommo-o|def|1\n|move|p1a: Iron Hands|Heavy Slam|p2b: Clefairy\n|-activate|p2b: Clefairy|move: Protect\n|\n|upkeep\n|turn|4\n|\n|t:|1701046882\n|switch|p2b: Sinistcha|Sinistcha, L50|100\/100\n|-heal|p2a: Kommo-o|48\/100|[from] ability: Hospitality|[of] p2b: Sinistcha\n|-terastallize|p2a: Kommo-o|Steel\n|move|p1b: Tornadus|Bleakwind Storm|p2b: Sinistcha|[spread] p2a,p2b\n|-resisted|p2a: Kommo-o\n|-supereffective|p2b: Sinistcha\n|-damage|p2a: Kommo-o|37\/100\n|-damage|p2b: Sinistcha|15\/100\n|-unboost|p2a: Kommo-o|spe|1\n|move|p1a: Iron Hands|Heavy Slam|p2b: Sinistcha\n|-damage|p2b: Sinistcha|0 fnt\n|faint|p2b: Sinistcha\n|move|p2a: Kommo-o|Clanging Scales|p1a: Iron Hands|[spread] p1a,p1b\n|-damage|p1a: Iron Hands|37\/100\n|-damage|p1b: Tornadus|4\/100\n|-unboost|p2a: Kommo-o|def|1\n|\n|upkeep\n|\n|t:|1701046898\n|switch|p2b: Clefairy|Clefairy, L50, F|35\/100\n|turn|5\n|\n|t:|1701046911\n|move|p2b: Clefairy|Follow Me|p2b: Clefairy\n|-singleturn|p2b: Clefairy|move: Follow Me\n|move|p1b: Tornadus|Taunt|p2b: Clefairy\n|-start|p2b: Clefairy|move: Taunt\n|move|p1a: Iron Hands|Drain Punch|p2b: Clefairy\n|-resisted|p2b: Clefairy\n|-damage|p2b: Clefairy|23\/100\n|-heal|p1a: Iron Hands|42\/100|[from] drain|[of] p2b: Clefairy\n|move|p2a: Kommo-o|Clanging Scales|p1b: Tornadus|[spread] p1a,p1b\n|-damage|p1a: Iron Hands|12\/100\n|-damage|p1b: Tornadus|0 fnt\n|faint|p1b: Tornadus\n|-unboost|p2a: Kommo-o|def|1\n|\n|-sideend|p1: Iciclebutagainn|move: Tailwind\n|upkeep\n|\n|t:|1701046925\n|switch|p1b: Arcanine|Arcanine-Hisui, L50, M|100\/100\n|-ability|p1b: Arcanine|Intimidate|boost\n|-unboost|p2a: Kommo-o|atk|1\n|-unboost|p2b: Clefairy|atk|1\n|turn|6\n|\n|t:|1701046938\n|switch|p2b: Arcanine|Arcanine-Hisui, L50, F|100\/100\n|-ability|p2b: Arcanine|Intimidate|boost\n|-unboost|p1a: Iron Hands|atk|1\n|-unboost|p1b: Arcanine|atk|1\n|-terastallize|p1b: Arcanine|Fairy\n|move|p2a: Kommo-o|Protect|p2a: Kommo-o\n|-singleturn|p2a: Kommo-o|Protect\n|move|p1b: Arcanine|Flare Blitz|p2a: Kommo-o\n|-activate|p2a: Kommo-o|move: Protect\n|move|p1a: Iron Hands|Heavy Slam|p2b: Arcanine\n|-damage|p2b: Arcanine|83\/100\n|\n|upkeep\n|turn|7\n|\n|t:|1701046960\n|switch|p2a: Clefairy|Clefairy, L50, F|23\/100\n|move|p2b: Arcanine|Rock Slide|p1b: Arcanine|[spread] p1a,p1b\n|-resisted|p1a: Iron Hands\n|-damage|p1a: Iron Hands|2\/100\n|-damage|p1b: Arcanine|67\/100\n|move|p1b: Arcanine|Flare Blitz|p2a: Clefairy\n|-damage|p2a: Clefairy|0 fnt\n|faint|p2a: Clefairy\n|-damage|p1b: Arcanine|59\/100|[from] Recoil\n|cant|p1a: Iron Hands|flinch\n|\n|upkeep\n|\n|t:|1701046972\n|switch|p2a: Kommo-o|Kommo-o, L50, M, tera:Steel|37\/100\n|turn|8\n|\n|t:|1701046984\n|move|p2b: Arcanine|Rock Slide|p1a: Iron Hands|[spread] p1a,p1b\n|-resisted|p1a: Iron Hands\n|-damage|p1a: Iron Hands|0 fnt\n|-damage|p1b: Arcanine|27\/100\n|faint|p1a: Iron Hands\n|-end|p1a: Iron Hands|Quark Drive|[silent]\n|move|p2a: Kommo-o|Clangorous Soul|p2a: Kommo-o\n|-boost|p2a: Kommo-o|atk|1\n|-boost|p2a: Kommo-o|def|1\n|-boost|p2a: Kommo-o|spa|1\n|-boost|p2a: Kommo-o|spd|1\n|-boost|p2a: Kommo-o|spe|1\n|-damage|p2a: Kommo-o|4\/100\n|cant|p1b: Arcanine|flinch\n|\n|upkeep\n|\n|t:|1701046997\n|switch|p1a: Gholdengo|Gholdengo, L50|100\/100\n|turn|9\n|\n|t:|1701047016\n|move|p2a: Kommo-o|Flash Cannon|p1b: Arcanine\n|-supereffective|p1b: Arcanine\n|-damage|p1b: Arcanine|0 fnt\n|faint|p1b: Arcanine\n|move|p2b: Arcanine|Flare Blitz|p1a: Gholdengo\n|-supereffective|p1a: Gholdengo\n|-damage|p1a: Gholdengo|0 fnt\n|faint|p1a: Gholdengo\n|-damage|p2b: Arcanine|46\/100|[from] Recoil\n|\n|win|Revil0\n|raw|Iciclebutagainn's rating: 1158 &rarr; <strong>1139<\/strong><br \/>(-19 for losing)\n|raw|Revil0's rating: 1245 &rarr; <strong>1264<\/strong><br \/>(+19 for winning)\n","uploadtime":1701047024,"views":15,"p1id":"iciclebutagainn","p2id":"revil0","formatid":"gen9vgc2023regulatione","rating":1139,"private":0,"password":""}