{"id":"gen9vgc2023regulatione-1989421654","p1":"ArceusAerian","p2":"Bigsoccerman24","format":"[Gen 9] VGC 2023 Regulation E","log":"|j|\u2606ArceusAerian\n|j|\u2606Bigsoccerman24\n|t:|1699848152\n|gametype|doubles\n|player|p1|ArceusAerian|ingo|1395\n|player|p2|Bigsoccerman24|101|1451\n|teamsize|p1|6\n|teamsize|p2|6\n|gen|9\n|tier|[Gen 9] VGC 2023 Regulation E\n|rated|\n|rule|Species Clause: Limit one of each Pok\u00e9mon\n|rule|Item Clause: Limit one of each item\n|clearpoke\n|poke|p1|Annihilape, L50, F|\n|poke|p1|Farigiraf, L50, F|\n|poke|p1|Iron Hands, L50|\n|poke|p1|Ursaluna-Bloodmoon, L50, M|\n|poke|p1|Amoonguss, L50, M|\n|poke|p1|Flutter Mane, L50|\n|poke|p2|Indeedee-F, L50, F|\n|poke|p2|Armarouge, L50, F|\n|poke|p2|Cresselia, L50, F|\n|poke|p2|Ursaluna, L50, F|\n|poke|p2|Torkoal, L50, F|\n|poke|p2|Bruxish, L50, F|\n|teampreview|4\n|inactive|Battle timer is ON: inactive players will automatically lose when time's up. (requested by Bigsoccerman24)\n|inactive|ArceusAerian has 60 seconds left.\n|\n|t:|1699848190\n|start\n|switch|p1a: Ursaluna|Ursaluna-Bloodmoon, L50, M|100\/100\n|switch|p1b: Farigiraf|Farigiraf, L50, F|100\/100\n|switch|p2a: Indeedee|Indeedee-F, L50, F|100\/100\n|switch|p2b: Armarouge|Armarouge, L50, F|100\/100\n|-fieldstart|move: Psychic Terrain|[from] ability: Psychic Surge|[of] p2a: Indeedee\n|turn|1\n|\n|t:|1699848199\n|move|p2a: Indeedee|Helping Hand|p2b: Armarouge\n|-singleturn|p2b: Armarouge|Helping Hand|[of] p2a: Indeedee\n|move|p1a: Ursaluna|Protect|p1a: Ursaluna\n|-singleturn|p1a: Ursaluna|Protect\n|move|p2b: Armarouge|Expanding Force|p1a: Ursaluna|[spread] p1b\n|-activate|p1a: Ursaluna|move: Protect\n|-resisted|p1b: Farigiraf\n|-damage|p1b: Farigiraf|38\/100\n|-damage|p2b: Armarouge|91\/100|[from] item: Life Orb\n|move|p1b: Farigiraf|Trick Room|p1b: Farigiraf\n|-fieldstart|move: Trick Room|[of] p1b: Farigiraf\n|\n|upkeep\n|turn|2\n|c|\u2606ArceusAerian|gg\n|\n|t:|1699848213\n|-terastallize|p1a: Ursaluna|Normal\n|move|p1b: Farigiraf|Helping Hand|p1a: Ursaluna\n|-singleturn|p1a: Ursaluna|Helping Hand|[of] p1b: Farigiraf\n|move|p2a: Indeedee|Follow Me|p2a: Indeedee\n|-singleturn|p2a: Indeedee|move: Follow Me\n|move|p1a: Ursaluna|Hyper Voice|p2b: Armarouge|[spread] p2a,p2b\n|-damage|p2a: Indeedee|15\/100\n|-damage|p2b: Armarouge|0 fnt\n|faint|p2b: Armarouge\n|\n|upkeep\n|\n|t:|1699848223\n|switch|p2b: Torkoal|Torkoal, L50, F|100\/100\n|-weather|SunnyDay|[from] ability: Drought|[of] p2b: Torkoal\n|turn|3\n|\n|t:|1699848229\n|-terastallize|p2b: Torkoal|Fire\n|move|p1b: Farigiraf|Helping Hand|p1a: Ursaluna\n|-singleturn|p1a: Ursaluna|Helping Hand|[of] p1b: Farigiraf\n|move|p2a: Indeedee|Helping Hand|p2b: Torkoal\n|-singleturn|p2b: Torkoal|Helping Hand|[of] p2a: Indeedee\n|move|p2b: Torkoal|Eruption|p1a: Ursaluna|[spread] p1a,p1b\n|-damage|p1a: Ursaluna|0 fnt\n|-damage|p1b: Farigiraf|0 fnt\n|faint|p1a: Ursaluna\n|faint|p1b: Farigiraf\n|\n|-weather|SunnyDay|[upkeep]\n|upkeep\n|\n|t:|1699848236\n|switch|p1a: Annihilape|Annihilape, L50, F|100\/100\n|switch|p1b: Iron Hands|Iron Hands, L50|100\/100\n|turn|4\n|\n|t:|1699848242\n|move|p2a: Indeedee|Helping Hand|p2b: Torkoal\n|-singleturn|p2b: Torkoal|Helping Hand|[of] p2a: Indeedee\n|move|p2b: Torkoal|Eruption|p1b: Iron Hands|[spread] p1a,p1b\n|-damage|p1a: Annihilape|0 fnt\n|-damage|p1b: Iron Hands|17\/100\n|faint|p1a: Annihilape\n|move|p1b: Iron Hands|Drain Punch|p2a: Indeedee\n|-damage|p2a: Indeedee|0 fnt\n|-heal|p1b: Iron Hands|22\/100|[from] drain|[of] p2a: Indeedee\n|-damage|p1b: Iron Hands|6\/100|[from] item: Rocky Helmet|[of] p2a: Indeedee\n|faint|p2a: Indeedee\n|\n|-weather|SunnyDay|[upkeep]\n|upkeep\n|\n|t:|1699848244\n|switch|p2a: Ursaluna|Ursaluna, L50, F|100\/100\n|turn|5\n|\n|t:|1699848247\n|move|p2b: Torkoal|Eruption|p1b: Iron Hands\n|-damage|p1b: Iron Hands|0 fnt\n|faint|p1b: Iron Hands\n|-end|p1b: Iron Hands|Quark Drive|[silent]\n|\n|win|Bigsoccerman24\n|raw|ArceusAerian's rating: 1395 &rarr; <strong>1378<\/strong><br \/>(-17 for losing)\n|raw|Bigsoccerman24's rating: 1451 &rarr; <strong>1468<\/strong><br \/>(+17 for winning)\n|c|\u2606Bigsoccerman24|gg\n|l|\u2606ArceusAerian\n|c|\u2606Bigsoccerman24|lol\n","uploadtime":1699848269,"views":14,"p1id":"arceusaerian","p2id":"bigsoccerman24","formatid":"gen9vgc2023regulatione","rating":1378,"private":0,"password":""}