{"id":"gen9vgc2023regulatione-1995884430","p1":"Ganjux","p2":"Kedrigz","format":"[Gen 9] VGC 2023 Regulation E","log":"|j|\u2606Ganjux\n|j|\u2606Kedrigz\n|n|\u2606Ganjux|ganjux\n|n|\u2606Kedrigz|kedrigz\n|html|View the match progress at <a href=\"\/game-bestof3-gen9vgc2023regulatione-1995884429\">game-bestof3-gen9vgc2023regulatione-1995884429<\/a>\n|t:|1700613402\n|gametype|doubles\n|player|p1|Ganjux|1|\n|player|p2|Kedrigz|steven|\n|teamsize|p1|6\n|teamsize|p2|6\n|gen|9\n|tier|[Gen 9] VGC 2023 Regulation E\n|rule|Species Clause: Limit one of each Pok\u00e9mon\n|rule|Item Clause: Limit one of each item\n|clearpoke\n|poke|p1|Goodra-Hisui, L50, M|\n|poke|p1|Scream Tail, L50|\n|poke|p1|Grimmsnarl, L50, M|\n|poke|p1|Kingambit, L50, M|\n|poke|p1|Ogerpon-Wellspring, L50, F|\n|poke|p1|Amoonguss, L50, F|\n|poke|p2|Kommo-o, L50, M|\n|poke|p2|Tyranitar, L50, F|\n|poke|p2|Rillaboom, L50, F|\n|poke|p2|Iron Bundle, L50|\n|poke|p2|Flutter Mane, L50|\n|poke|p2|Arcanine-Hisui, L50, M|\n|teampreview|4\nGanjux has agreed to open team sheets.\nKedrigz has agreed to open team sheets.\n|showteam|p1|Goodra-Hisui||Leftovers|SapSipper|Shelter,BodyPress,HeavySlam,Protect|||M|||50|,,,,,Water]Scream Tail||BoosterEnergy|Protosynthesis|Howl,Disable,PsychicFangs,Encore||||||50|,,,,,Steel]Grimmsnarl||LightClay|Prankster|MistyTerrain,Reflect,LightScreen,FoulPlay|||M|||50|,,,,,Ghost]Kingambit||BlackGlasses|Defiant|Protect,SuckerPunch,KowtowCleave,SwordsDance|||M|||50|,,,,,Fairy]Ogerpon-Wellspring||WellspringMask|WaterAbsorb|SpikyShield,IvyCudgel,SwordsDance,HornLeech|||F|||50|,,,,,Water]Amoonguss||RockyHelmet|Regenerator|ClearSmog,PollenPuff,Spore,RagePowder|||F|||50|,,,,,Water\n|showteam|p2|Kommo-o||Leftovers|Bulletproof|IronDefense,BodyPress,Protect,IronHead|||M|||50|,,,,,Steel]Tyranitar||AssaultVest|SandStream|KnockOff,RockSlide,TeraBlast,LowKick|||F|||50|,,,,,Psychic]Rillaboom||MiracleSeed|GrassySurge|FakeOut,GrassyGlide,Taunt,WoodHammer|||F|||50|,,,,,Grass]Iron Bundle||BoosterEnergy|QuarkDrive|IcyWind,FreezeDry,Protect,HydroPump||||||50|,,,,,Ghost]Flutter Mane||FocusSash|Protosynthesis|Moonblast,DazzlingGleam,ShadowBall,Psyshock||||||50|,,,,,Fairy]Arcanine-Hisui||SitrusBerry|Intimidate|FlareBlitz,WillOWisp,Howl,RockSlide|||M|||50|,,,,,Water\n|c|\u2606Ganjux|ready?\n|\n|t:|1700613456\n|start\n|switch|p1a: Scream Tail|Scream Tail, L50|100\/100\n|switch|p1b: Grimmsnarl|Grimmsnarl, L50, M|100\/100\n|switch|p2a: Rillaboom|Rillaboom, L50, F|100\/100\n|switch|p2b: Kommo-o|Kommo-o, L50, M|100\/100\n|-fieldstart|move: Grassy Terrain|[from] ability: Grassy Surge|[of] p2a: Rillaboom\n|-enditem|p1a: Scream Tail|Booster Energy\n|-activate|p1a: Scream Tail|ability: Protosynthesis|[fromitem]\n|-start|p1a: Scream Tail|protosynthesisdef\n|turn|1\n|inactive|Battle timer is ON: inactive players will automatically lose when time's up. (requested by Ganjux)\n|\n|t:|1700613481\n|-terastallize|p2b: Kommo-o|Steel\n|move|p2a: Rillaboom|Fake Out|p1b: Grimmsnarl\n|-damage|p1b: Grimmsnarl|88\/100\n|cant|p1b: Grimmsnarl|flinch\n|move|p1a: Scream Tail|Encore|p2a: Rillaboom\n|-start|p2a: Rillaboom|Encore\n|move|p2b: Kommo-o|Iron Defense|p2b: Kommo-o\n|-boost|p2b: Kommo-o|def|2\n|\n|-heal|p1b: Grimmsnarl|94\/100|[from] Grassy Terrain\n|upkeep\n|turn|2\n|inactive|Kedrigz has 30 seconds left.\n|inactive|Kedrigz has 20 seconds left.\n|inactive|Kedrigz has 15 seconds left.\n|inactive|Kedrigz has 10 seconds left.\n|\n|t:|1700613526\n|switch|p2a: Arcanine|Arcanine-Hisui, L50, M|100\/100\n|-ability|p2a: Arcanine|Intimidate|boost\n|-unboost|p1a: Scream Tail|atk|1\n|-unboost|p1b: Grimmsnarl|atk|1\n|move|p1b: Grimmsnarl|Reflect|p1b: Grimmsnarl\n|-sidestart|p1: Ganjux|Reflect\n|move|p1a: Scream Tail|Encore|p2b: Kommo-o\n|-start|p2b: Kommo-o|Encore\n|move|p2b: Kommo-o|Iron Defense|p2b: Kommo-o\n|-boost|p2b: Kommo-o|def|2\n|\n|-heal|p1b: Grimmsnarl|99\/100|[from] Grassy Terrain\n|upkeep\n|turn|3\n|inactive|Kedrigz has 30 seconds left.\n|\n|t:|1700613559\n|switch|p1b: Goodra|Goodra-Hisui, L50, M|100\/100\n|move|p1a: Scream Tail|Disable|p2b: Kommo-o\n|-start|p2b: Kommo-o|Disable|Iron Defense\n|move|p2a: Arcanine|Flare Blitz|p1a: Scream Tail\n|-damage|p1a: Scream Tail|82\/100\n|-damage|p2a: Arcanine|93\/100|[from] Recoil\n|cant|p2b: Kommo-o|Disable|Iron Defense\n|\n|-heal|p1a: Scream Tail|88\/100|[from] Grassy Terrain\n|-heal|p2a: Arcanine|99\/100|[from] Grassy Terrain\n|upkeep\n|turn|4\n|inactive|Ganjux has 30 seconds left.\n|inactive|Kedrigz has 30 seconds left.\n|inactive|Ganjux has 20 seconds left.\n|\n|t:|1700613598\n|switch|p2b: Tyranitar|Tyranitar, L50, F|100\/100\n|-weather|Sandstorm|[from] ability: Sand Stream|[of] p2b: Tyranitar\n|move|p1a: Scream Tail|Howl|p1a: Scream Tail|[spread] p1a,p1b\n|-boost|p1a: Scream Tail|atk|1\n|-boost|p1b: Goodra|atk|1\n|move|p2a: Arcanine|Flare Blitz|p1b: Goodra\n|-damage|p1b: Goodra|70\/100\n|-damage|p2a: Arcanine|90\/100|[from] Recoil\n|move|p1b: Goodra|Shelter|p1b: Goodra\n|-boost|p1b: Goodra|def|2\n|\n|-weather|Sandstorm|[upkeep]\n|-damage|p1a: Scream Tail|82\/100|[from] Sandstorm\n|-heal|p1a: Scream Tail|88\/100|[from] Grassy Terrain\n|-heal|p2a: Arcanine|96\/100|[from] Grassy Terrain\n|-heal|p1b: Goodra|76\/100|[from] Grassy Terrain\n|-heal|p1b: Goodra|82\/100|[from] item: Leftovers\n|upkeep\n|turn|5\n|inactive|Ganjux has 30 seconds left.\n|inactive|Kedrigz has 30 seconds left.\n|\n|t:|1700613632\n|-terastallize|p1b: Goodra|Water\n|move|p1a: Scream Tail|Encore|p2a: Arcanine\n|-start|p2a: Arcanine|Encore\n|move|p2a: Arcanine|Flare Blitz|p1a: Scream Tail\n|-damage|p1a: Scream Tail|70\/100\n|-status|p1a: Scream Tail|brn\n|-damage|p2a: Arcanine|89\/100|[from] Recoil\n|move|p1b: Goodra|Shelter|p1b: Goodra\n|-boost|p1b: Goodra|def|2\n|move|p2b: Tyranitar|Low Kick|p1b: Goodra\n|-damage|p1b: Goodra|74\/100\n|\n|-weather|Sandstorm|[upkeep]\n|-damage|p1a: Scream Tail|64\/100 brn|[from] Sandstorm\n|-damage|p1b: Goodra|68\/100|[from] Sandstorm\n|-heal|p1a: Scream Tail|70\/100 brn|[from] Grassy Terrain\n|-heal|p2a: Arcanine|95\/100|[from] Grassy Terrain\n|-heal|p1b: Goodra|74\/100|[from] Grassy Terrain\n|-heal|p1b: Goodra|80\/100|[from] item: Leftovers\n|-damage|p1a: Scream Tail|64\/100 brn|[from] brn\n|-fieldend|move: Grassy Terrain\n|upkeep\n|turn|6\n|inactive|Kedrigz has 30 seconds left.\n|inactive|Kedrigz has 20 seconds left.\n|\n|t:|1700613669\n|move|p1a: Scream Tail|Howl|p1a: Scream Tail|[spread] p1a,p1b\n|-boost|p1a: Scream Tail|atk|1\n|-boost|p1b: Goodra|atk|1\n|move|p2a: Arcanine|Flare Blitz|p1b: Goodra\n|-resisted|p1b: Goodra\n|-damage|p1b: Goodra|75\/100\n|-damage|p2a: Arcanine|94\/100|[from] Recoil\n|move|p1b: Goodra|Body Press|p2b: Tyranitar\n|-supereffective|p2b: Tyranitar\n|-damage|p2b: Tyranitar|0 fnt\n|faint|p2b: Tyranitar\n|\n|-weather|Sandstorm|[upkeep]\n|-damage|p1a: Scream Tail|59\/100 brn|[from] Sandstorm\n|-damage|p1b: Goodra|69\/100|[from] Sandstorm\n|-heal|p1b: Goodra|75\/100|[from] item: Leftovers\n|-damage|p1a: Scream Tail|53\/100 brn|[from] brn\n|upkeep\n|\n|t:|1700613686\n|switch|p2b: Rillaboom|Rillaboom, L50, F|100\/100\n|-fieldstart|move: Grassy Terrain|[from] ability: Grassy Surge|[of] p2b: Rillaboom\n|turn|7\n|inactive|Kedrigz has 30 seconds left.\n|inactive|Kedrigz has 20 seconds left.\n|\n|t:|1700613723\n|move|p2b: Rillaboom|Fake Out|p1a: Scream Tail\n|-damage|p1a: Scream Tail|48\/100 brn\n|cant|p1a: Scream Tail|flinch\n|move|p2a: Arcanine|Flare Blitz|p1a: Scream Tail\n|-damage|p1a: Scream Tail|29\/100 brn\n|-damage|p2a: Arcanine|87\/100|[from] Recoil\n|move|p1b: Goodra|Body Press|p2a: Arcanine\n|-supereffective|p2a: Arcanine\n|-damage|p2a: Arcanine|0 fnt\n|faint|p2a: Arcanine\n|\n|-weather|Sandstorm|[upkeep]\n|-damage|p1a: Scream Tail|23\/100 brn|[from] Sandstorm\n|-damage|p2b: Rillaboom|95\/100|[from] Sandstorm\n|-damage|p1b: Goodra|69\/100|[from] Sandstorm\n|-heal|p1a: Scream Tail|29\/100 brn|[from] Grassy Terrain\n|-heal|p2b: Rillaboom|100\/100|[from] Grassy Terrain\n|-heal|p1b: Goodra|75\/100|[from] Grassy Terrain\n|-heal|p1b: Goodra|81\/100|[from] item: Leftovers\n|-damage|p1a: Scream Tail|23\/100 brn|[from] brn\n|upkeep\n|\n|t:|1700613742\n|switch|p2a: Kommo-o|Kommo-o, L50, M, tera:Steel|100\/100\n|turn|8\n|inactive|Kedrigz has 30 seconds left.\n|\n|t:|1700613772\n|move|p2b: Rillaboom|Grassy Glide|p1a: Scream Tail\n|-damage|p1a: Scream Tail|8\/100 brn\n|move|p1a: Scream Tail|Encore|p2b: Rillaboom\n|-start|p2b: Rillaboom|Encore\n|move|p2a: Kommo-o|Iron Defense|p2a: Kommo-o\n|-boost|p2a: Kommo-o|def|2\n|move|p1b: Goodra|Body Press|p2a: Kommo-o\n|-supereffective|p2a: Kommo-o\n|-damage|p2a: Kommo-o|52\/100\n|\n|-weather|none\n|-heal|p1a: Scream Tail|14\/100 brn|[from] Grassy Terrain\n|-heal|p2a: Kommo-o|58\/100|[from] Grassy Terrain\n|-heal|p2a: Kommo-o|64\/100|[from] item: Leftovers\n|-heal|p1b: Goodra|87\/100|[from] Grassy Terrain\n|-heal|p1b: Goodra|92\/100|[from] item: Leftovers\n|-damage|p1a: Scream Tail|8\/100 brn|[from] brn\n|upkeep\n|turn|9\n|inactive|Ganjux has 30 seconds left.\n|\n|t:|1700613798\n|-end|p1a: Scream Tail|Protosynthesis|[silent]\n|switch|p1a: Amoonguss|Amoonguss, L50, F|100\/100\n|move|p2b: Rillaboom|Grassy Glide|p1b: Goodra\n|-ability|p1b: Goodra|Sap Sipper|boost\n|-boost|p1b: Goodra|atk|1\n|move|p2a: Kommo-o|Iron Defense|p2a: Kommo-o\n|-boost|p2a: Kommo-o|def|2\n|move|p1b: Goodra|Body Press|p2a: Kommo-o\n|-supereffective|p2a: Kommo-o\n|-crit|p2a: Kommo-o\n|-damage|p2a: Kommo-o|0 fnt\n|faint|p2a: Kommo-o\n|\n|-heal|p1b: Goodra|98\/100|[from] Grassy Terrain\n|-heal|p1b: Goodra|100\/100|[from] item: Leftovers\n|-sideend|p1: Ganjux|Reflect\n|upkeep\n|turn|10\n|\n|t:|1700613820\n|switch|p1a: Grimmsnarl|Grimmsnarl, L50, M|99\/100\n|move|p2b: Rillaboom|Grassy Glide|p1a: Grimmsnarl\n|-damage|p1a: Grimmsnarl|59\/100\n|move|p1b: Goodra|Body Press|p2b: Rillaboom\n|-damage|p2b: Rillaboom|36\/100\n|\n|-heal|p2b: Rillaboom|42\/100|[from] Grassy Terrain\n|-heal|p1a: Grimmsnarl|65\/100|[from] Grassy Terrain\n|upkeep\n|turn|11\n|\n|t:|1700613834\n|move|p2b: Rillaboom|Grassy Glide|p1a: Grimmsnarl\n|-damage|p1a: Grimmsnarl|24\/100\n|move|p1a: Grimmsnarl|Reflect|p1a: Grimmsnarl\n|-sidestart|p1: Ganjux|Reflect\n|move|p1b: Goodra|Body Press|p2b: Rillaboom\n|-damage|p2b: Rillaboom|0 fnt\n|faint|p2b: Rillaboom\n|\n|win|Ganjux\n|l|\u2606Kedrigz\n|inactive|Ganjux has 50 seconds to confirm battle start!\n|inactive|Kedrigz has 50 seconds to confirm battle start!\n|c|&|\/uhtml prompt-ganjux,Ganjux is ready for game 2!\n|c|&|\/uhtml prompt-ganjux,Ganjux is ready for game 2!\n|inactive|Kedrigz has 40 seconds to confirm battle start!\n|inactive|Kedrigz has 30 seconds to confirm battle start!\n|inactive|Kedrigz has 20 seconds to confirm battle start!\n|inactive|Kedrigz has 10 seconds to confirm battle start!\nBoth players are ready! Starting next match!\n|l|\u2606Ganjux\n|j|\u2606Kedrigz\n|player|p2|Kedrigz|steven\n","uploadtime":1700614994,"views":12,"p1id":"ganjux","p2id":"kedrigz","formatid":"gen9vgc2023regulatione","rating":0,"private":0,"password":""}