{"id":"gen9vgc2023regulatione-1990280554","p1":"It_crek","p2":"j1m13o","format":"[Gen 9] VGC 2023 Regulation E","log":"|j|\u2606It_crek\n|j|\u2606j1m13o\n|t:|1699949942\n|gametype|doubles\n|player|p1|It_crek|skyla|1015\n|player|p2|j1m13o|1|1033\n|teamsize|p1|6\n|teamsize|p2|6\n|gen|9\n|tier|[Gen 9] VGC 2023 Regulation E\n|rated|\n|rule|Species Clause: Limit one of each Pok\u00e9mon\n|rule|Item Clause: Limit one of each item\n|clearpoke\n|poke|p1|Gastrodon-East, L50, M|\n|poke|p1|Urshifu-*, L50, F|\n|poke|p1|Arcanine-Hisui, L50, F|\n|poke|p1|Tornadus, L50, M|\n|poke|p1|Ninetales-Alola, L50, F|\n|poke|p1|Okidogi, L50, M|\n|poke|p2|Ursaluna-Bloodmoon, L50, M|\n|poke|p2|Armarouge, L50, M|\n|poke|p2|Dusclops, L50, F|\n|poke|p2|Clefable, L50, F|\n|poke|p2|Braviary-Hisui, L50, M|\n|poke|p2|Lucario, L50, M|\n|teampreview|4\n|\n|t:|1699949967\n|start\n|switch|p1a: Okidogi|Okidogi, L50, M|100\/100\n|switch|p1b: Arcanine|Arcanine-Hisui, L50, F, shiny|100\/100\n|switch|p2a: Mr. Hands|Dusclops, L50, F|100\/100\n|switch|p2b: Clefable|Clefable, L50, F|100\/100\n|-ability|p1b: Arcanine|Intimidate|boost\n|-unboost|p2a: Mr. Hands|atk|1\n|-unboost|p2b: Clefable|atk|1\n|-item|p1b: Arcanine|Air Balloon\n|-item|p1a: Okidogi|Expert Belt|[from] ability: Frisk|[of] p2a: Mr. Hands|[identify]\n|-item|p1b: Arcanine|Air Balloon|[from] ability: Frisk|[of] p2a: Mr. Hands|[identify]\n|turn|1\n|inactive|Battle timer is ON: inactive players will automatically lose when time's up. (requested by It_crek)\n|inactive|It_crek has 60 seconds left.\n|inactive|j1m13o has 60 seconds left.\n|\n|t:|1699950005\n|move|p1b: Arcanine|Rock Slide|p2b: Clefable|[spread] p2a,p2b\n|-damage|p2a: Mr. Hands|84\/100\n|-damage|p2b: Clefable|73\/100\n|-enditem|p2b: Clefable|Eject Button\n|\n|t:|1699950011\n|switch|p2b: Ursaluna|Ursaluna-Bloodmoon, L50, M|100\/100\n|move|p1a: Okidogi|Knock Off|p2a: Mr. Hands\n|-supereffective|p2a: Mr. Hands\n|-damage|p2a: Mr. Hands|22\/100\n|-enditem|p2a: Mr. Hands|Eviolite|[from] move: Knock Off|[of] p1a: Okidogi\n|move|p2a: Mr. Hands|Trick Room|p2a: Mr. Hands\n|-fieldstart|move: Trick Room|[of] p2a: Mr. Hands\n|\n|upkeep\n|turn|2\n|inactive|It_crek has 30 seconds left.\n|\n|t:|1699950041\n|move|p2a: Mr. Hands|Helping Hand|p2b: Ursaluna\n|-singleturn|p2b: Ursaluna|Helping Hand|[of] p2a: Mr. Hands\n|move|p2b: Ursaluna|Earth Power|p1a: Okidogi\n|-supereffective|p1a: Okidogi\n|-damage|p1a: Okidogi|0 fnt\n|faint|p1a: Okidogi\n|move|p1b: Arcanine|Fire Fang|p2a: Mr. Hands|[miss]\n|-miss|p1b: Arcanine|p2a: Mr. Hands\n|\n|upkeep\n|\n|t:|1699950054\n|switch|p1a: Gastrodon|Gastrodon-East, L50, M, shiny|100\/100\n|turn|3\n|inactive|j1m13o has 30 seconds left.\n|\n|t:|1699950083\n|-terastallize|p2b: Ursaluna|Normal\n|move|p2a: Mr. Hands|Helping Hand|p2b: Ursaluna\n|-singleturn|p2b: Ursaluna|Helping Hand|[of] p2a: Mr. Hands\n|move|p2b: Ursaluna|Hyper Voice|p1a: Gastrodon|[spread] p1a,p1b\n|-enditem|p2b: Ursaluna|Normal Gem|[from] gem\n|-resisted|p1b: Arcanine\n|-damage|p1a: Gastrodon|0 fnt\n|-damage|p1b: Arcanine|41\/100\n|-enditem|p1b: Arcanine|Air Balloon\n|faint|p1a: Gastrodon\n|move|p1b: Arcanine|Rock Slide|p2a: Mr. Hands|[spread] p2a,p2b\n|-damage|p2a: Mr. Hands|0 fnt\n|-damage|p2b: Ursaluna|81\/100\n|faint|p2a: Mr. Hands\n|\n|upkeep\n|\n|t:|1699950098\n|switch|p2a: Clefable|Clefable, L50, F|73\/100\n|switch|p1a: Urshifu|Urshifu-Rapid-Strike, L50, F|100\/100\n|turn|4\n|inactive|j1m13o has 30 seconds left.\n|\n|t:|1699950131\n|-terastallize|p1b: Arcanine|Normal\n|move|p2a: Clefable|Follow Me|p2a: Clefable\n|-singleturn|p2a: Clefable|move: Follow Me\n|move|p1b: Arcanine|Extreme Speed|p2a: Clefable\n|-damage|p2a: Clefable|33\/100\n|move|p1a: Urshifu|Aqua Jet|p2a: Clefable\n|-damage|p2a: Clefable|12\/100\n|move|p2b: Ursaluna|Hyper Voice|p1b: Arcanine|[spread] p1a,p1b\n|-damage|p1a: Urshifu|22\/100\n|-damage|p1b: Arcanine|0 fnt\n|faint|p1b: Arcanine\n|\n|-heal|p1a: Urshifu|27\/100|[from] item: Leftovers\n|upkeep\n|turn|5\n|\n|t:|1699950150\n|move|p2a: Clefable|Follow Me|p2a: Clefable\n|-singleturn|p2a: Clefable|move: Follow Me\n|move|p2b: Ursaluna|Hyper Voice|p1a: Urshifu\n|-damage|p1a: Urshifu|0 fnt\n|faint|p1a: Urshifu\n|\n|win|j1m13o\n|raw|It_crek's rating: 1015 &rarr; <strong>1003<\/strong><br \/>(-12 for losing)\n|raw|j1m13o's rating: 1033 &rarr; <strong>1066<\/strong><br \/>(+33 for winning)\n|l|\u2606It_crek\n|c|\u2606j1m13o|gg\n","uploadtime":1699950166,"views":44,"p1id":"itcrek","p2id":"j1m13o","formatid":"gen9vgc2023regulatione","rating":1003,"private":0,"password":""}