{"id":"gen9vgc2023regulatione-1993841898","p1":"bobforte22","p2":"lilmiu12","format":"[Gen 9] VGC 2023 Regulation E","log":"|j|\u2606bobforte22\n|j|\u2606lilmiu12\n|t:|1700364033\n|gametype|doubles\n|player|p1|bobforte22|pilot|1143\n|player|p2|lilmiu12|2|1164\n|teamsize|p1|6\n|teamsize|p2|6\n|gen|9\n|tier|[Gen 9] VGC 2023 Regulation E\n|rated|\n|rule|Species Clause: Limit one of each Pok\u00e9mon\n|rule|Item Clause: Limit one of each item\n|clearpoke\n|poke|p1|Wo-Chien, L50|\n|poke|p1|Dragapult, L50, F|\n|poke|p1|Ting-Lu, L50|\n|poke|p1|Flutter Mane, L50|\n|poke|p1|Arcanine-Hisui, L50, F|\n|poke|p1|Gyarados, L50, F|\n|poke|p2|Armarouge, L50, M|\n|poke|p2|Indeedee-F, L50, F|\n|poke|p2|Torkoal, L50, F|\n|poke|p2|Lilligant-Hisui, L50, F|\n|poke|p2|Urshifu-*, L50, M|\n|poke|p2|Flutter Mane, L50|\n|teampreview|4\n|\n|t:|1700364094\n|start\n|switch|p1a: Ting-Lu|Ting-Lu, L50|100\/100\n|switch|p1b: Arcanine|Arcanine-Hisui, L50, F|100\/100\n|switch|p2a: Indeedee|Indeedee-F, L50, F|100\/100\n|switch|p2b: Armarouge|Armarouge, L50, M|100\/100\n|-ability|p1b: Arcanine|Intimidate|boost\n|-unboost|p2a: Indeedee|atk|1\n|-unboost|p2b: Armarouge|atk|1\n|-fieldstart|move: Psychic Terrain|[from] ability: Psychic Surge|[of] p2a: Indeedee\n|-enditem|p2a: Indeedee|Psychic Seed\n|-boost|p2a: Indeedee|spd|1|[from] item: Psychic Seed\n|-ability|p1a: Ting-Lu|Vessel of Ruin\n|turn|1\n|\n|t:|1700364126\n|move|p2a: Indeedee|Follow Me|p2a: Indeedee\n|-singleturn|p2a: Indeedee|move: Follow Me\n|move|p1b: Arcanine|Rock Slide|p2b: Armarouge|[spread] p2a,p2b\n|-supereffective|p2b: Armarouge\n|-damage|p2a: Indeedee|60\/100\n|-damage|p2b: Armarouge|21\/100\n|move|p1a: Ting-Lu|Whirlwind|p2a: Indeedee\n|drag|p2a: Torkoal|Torkoal, L50, F|100\/100\n|-weather|SunnyDay|[from] ability: Drought|[of] p2a: Torkoal\n|move|p2b: Armarouge|Trick Room|p2b: Armarouge\n|-fieldstart|move: Trick Room|[of] p2b: Armarouge\n|\n|-weather|SunnyDay|[upkeep]\n|upkeep\n|turn|2\n|\n|t:|1700364178\n|switch|p2b: Lilligant|Lilligant-Hisui, L50, F|100\/100\n|move|p2a: Torkoal|Heat Wave|p1a: Ting-Lu|[spread] p1a,p1b\n|-resisted|p1b: Arcanine\n|-damage|p1a: Ting-Lu|76\/100\n|-damage|p1b: Arcanine|91\/100\n|move|p1b: Arcanine|Rock Slide|p2a: Torkoal|[spread] p2b\n|-miss|p1b: Arcanine|p2a: Torkoal\n|-resisted|p2b: Lilligant\n|-damage|p2b: Lilligant|72\/100\n|move|p1a: Ting-Lu|Whirlwind|p2b: Lilligant\n|drag|p2b: Indeedee|Indeedee-F, L50, F|60\/100\n|\n|-weather|SunnyDay|[upkeep]\n|upkeep\n|turn|3\n|\n|t:|1700364201\n|move|p2b: Indeedee|Helping Hand|p2a: Torkoal\n|-singleturn|p2a: Torkoal|Helping Hand|[of] p2b: Indeedee\n|move|p2a: Torkoal|Earth Power|p1b: Arcanine\n|-supereffective|p1b: Arcanine\n|-damage|p1b: Arcanine|0 fnt\n|faint|p1b: Arcanine\n|move|p1a: Ting-Lu|Stealth Rock|p2a: Torkoal\n|-sidestart|p2: lilmiu12|move: Stealth Rock\n|\n|-weather|SunnyDay|[upkeep]\n|upkeep\n|\n|t:|1700364215\n|switch|p1b: Wo-Chien|Wo-Chien, L50|100\/100\n|-ability|p1b: Wo-Chien|Tablets of Ruin\n|turn|4\n|\n|t:|1700364231\n|-terastallize|p1b: Wo-Chien|Fire\n|move|p2a: Torkoal|Overheat|p1b: Wo-Chien\n|-resisted|p1b: Wo-Chien\n|-damage|p1b: Wo-Chien|74\/100\n|-unboost|p2a: Torkoal|spa|2\n|move|p1b: Wo-Chien|Leech Seed|p2a: Torkoal\n|-start|p2a: Torkoal|move: Leech Seed\n|move|p2b: Indeedee|Dazzling Gleam|p1a: Ting-Lu|[spread] p1a,p1b\n|-supereffective|p1a: Ting-Lu\n|-resisted|p1b: Wo-Chien\n|-damage|p1a: Ting-Lu|64\/100\n|-damage|p1b: Wo-Chien|71\/100\n|move|p1a: Ting-Lu|Whirlwind|p2b: Indeedee\n|drag|p2b: Lilligant|Lilligant-Hisui, L50, F|72\/100\n|-damage|p2b: Lilligant|66\/100|[from] Stealth Rock\n|\n|-weather|SunnyDay|[upkeep]\n|-heal|p1b: Wo-Chien|77\/100|[from] item: Leftovers\n|-damage|p2a: Torkoal|88\/100|[from] Leech Seed|[of] p1b: Wo-Chien\n|-heal|p1b: Wo-Chien|89\/100|[silent]\n|upkeep\n|turn|5\n|\n|t:|1700364258\n|switch|p2a: Indeedee|Indeedee-F, L50, F|60\/100\n|-damage|p2a: Indeedee|47\/100|[from] Stealth Rock\n|move|p1a: Ting-Lu|Protect|p1a: Ting-Lu\n|-singleturn|p1a: Ting-Lu|Protect\n|move|p1b: Wo-Chien|Ruination|p2b: Lilligant\n|-damage|p2b: Lilligant|33\/100\n|move|p2b: Lilligant|Solar Blade||[still]\n|-prepare|p2b: Lilligant|Solar Blade\n|-anim|p2b: Lilligant|Solar Blade|p1a: Ting-Lu\n|-activate|p1a: Ting-Lu|move: Protect\n|\n|-weather|none\n|-heal|p1b: Wo-Chien|95\/100|[from] item: Leftovers\n|-fieldend|move: Trick Room\n|-fieldend|move: Psychic Terrain\n|upkeep\n|turn|6\n|\n|t:|1700364281\n|switch|p2a: Torkoal|Torkoal, L50, F|88\/100\n|-damage|p2a: Torkoal|63\/100|[from] Stealth Rock\n|-weather|SunnyDay|[from] ability: Drought|[of] p2a: Torkoal\n|move|p2b: Lilligant|Solar Blade||[still]\n|-prepare|p2b: Lilligant|Solar Blade\n|-anim|p2b: Lilligant|Solar Blade|p1a: Ting-Lu\n|-supereffective|p1a: Ting-Lu\n|-damage|p1a: Ting-Lu|22\/100\n|move|p1b: Wo-Chien|Leech Seed|p2a: Torkoal\n|-start|p2a: Torkoal|move: Leech Seed\n|move|p1a: Ting-Lu|Whirlwind|p2b: Lilligant\n|drag|p2b: Indeedee|Indeedee-F, L50, F|47\/100\n|-damage|p2b: Indeedee|35\/100|[from] Stealth Rock\n|-fieldstart|move: Psychic Terrain|[from] ability: Psychic Surge|[of] p2b: Indeedee\n|\n|-weather|SunnyDay|[upkeep]\n|-heal|p1b: Wo-Chien|100\/100|[from] item: Leftovers\n|-damage|p2a: Torkoal|51\/100|[from] Leech Seed|[of] p1b: Wo-Chien\n|upkeep\n|turn|7\n|\n|t:|1700364313\n|move|p2b: Indeedee|Helping Hand|p2a: Torkoal\n|-singleturn|p2a: Torkoal|Helping Hand|[of] p2b: Indeedee\n|move|p1b: Wo-Chien|Leech Seed|p2b: Indeedee|[miss]\n|-miss|p1b: Wo-Chien|p2b: Indeedee\n|move|p1a: Ting-Lu|Ruination|p2a: Torkoal\n|-damage|p2a: Torkoal|26\/100\n|move|p2a: Torkoal|Overheat|p1a: Ting-Lu\n|-damage|p1a: Ting-Lu|0 fnt\n|-unboost|p2a: Torkoal|spa|2\n|faint|p1a: Ting-Lu\n|\n|-weather|SunnyDay|[upkeep]\n|-damage|p2a: Torkoal|13\/100|[from] Leech Seed|[of] p1b: Wo-Chien\n|upkeep\n|\n|t:|1700364324\n|switch|p1a: Gyarados|Gyarados, L50, F|100\/100\n|-ability|p1a: Gyarados|Intimidate|boost\n|-unboost|p2a: Torkoal|atk|1\n|-unboost|p2b: Indeedee|atk|1\n|turn|8\n|\n|t:|1700364336\n|move|p1a: Gyarados|Protect|p1a: Gyarados\n|-singleturn|p1a: Gyarados|Protect\n|move|p1b: Wo-Chien|Leech Seed|p2b: Indeedee\n|-start|p2b: Indeedee|move: Leech Seed\n|move|p2a: Torkoal|Heat Wave|p1b: Wo-Chien|[spread] p1b\n|-activate|p1a: Gyarados|move: Protect\n|-resisted|p1b: Wo-Chien\n|-damage|p1b: Wo-Chien|92\/100\n|move|p2b: Indeedee|Trick Room|p2b: Indeedee\n|-fieldstart|move: Trick Room|[of] p2b: Indeedee\n|\n|-weather|SunnyDay|[upkeep]\n|-heal|p1b: Wo-Chien|98\/100|[from] item: Leftovers\n|-damage|p2a: Torkoal|1\/100|[from] Leech Seed|[of] p1b: Wo-Chien\n|-heal|p1b: Wo-Chien|100\/100|[silent]\n|-damage|p2b: Indeedee|23\/100|[from] Leech Seed|[of] p1b: Wo-Chien\n|upkeep\n|turn|9\n|\n|t:|1700364388\n|move|p2b: Indeedee|Helping Hand|p2a: Torkoal\n|-singleturn|p2a: Torkoal|Helping Hand|[of] p2b: Indeedee\n|move|p2a: Torkoal|Earth Power|p1b: Wo-Chien\n|-supereffective|p1b: Wo-Chien\n|-damage|p1b: Wo-Chien|75\/100\n|move|p1b: Wo-Chien|Leech Seed||[still]\n|-fail|p1b: Wo-Chien\n|move|p1a: Gyarados|Waterfall|p2a: Torkoal\n|-supereffective|p2a: Torkoal\n|-damage|p2a: Torkoal|0 fnt\n|faint|p2a: Torkoal\n|\n|-weather|SunnyDay|[upkeep]\n|-heal|p1b: Wo-Chien|82\/100|[from] item: Leftovers\n|-damage|p2b: Indeedee|10\/100|[from] Leech Seed|[of] p1b: Wo-Chien\n|-heal|p1b: Wo-Chien|93\/100|[silent]\n|upkeep\n|\n|t:|1700364408\n|switch|p2a: Lilligant|Lilligant-Hisui, L50, F|33\/100\n|-damage|p2a: Lilligant|27\/100|[from] Stealth Rock\n|turn|10\n|\n|t:|1700364433\n|move|p1a: Gyarados|Protect|p1a: Gyarados\n|-singleturn|p1a: Gyarados|Protect\n|move|p2b: Indeedee|Follow Me|p2b: Indeedee\n|-singleturn|p2b: Indeedee|move: Follow Me\n|move|p1b: Wo-Chien|Ruination|p2b: Indeedee\n|-damage|p2b: Indeedee|6\/100\n|move|p2a: Lilligant|Sleep Powder|p1b: Wo-Chien\n|-status|p1b: Wo-Chien|slp|[from] move: Sleep Powder\n|\n|-weather|none\n|-heal|p1b: Wo-Chien|99\/100 slp|[from] item: Leftovers\n|-damage|p2b: Indeedee|0 fnt|[from] Leech Seed|[of] p1b: Wo-Chien\n|-heal|p1b: Wo-Chien|100\/100 slp|[silent]\n|faint|p2b: Indeedee\n|-fieldend|move: Psychic Terrain\n|upkeep\n|\n|t:|1700364446\n|switch|p2b: Armarouge|Armarouge, L50, M|21\/100\n|-damage|p2b: Armarouge|0 fnt|[from] Stealth Rock\n|faint|p2b: Armarouge\n|turn|11\n|\n|t:|1700364457\n|move|p1a: Gyarados|Waterfall|p2a: Lilligant\n|-resisted|p2a: Lilligant\n|-damage|p2a: Lilligant|8\/100\n|cant|p1b: Wo-Chien|slp\n|move|p2a: Lilligant|Solar Blade||[still]\n|-prepare|p2a: Lilligant|Solar Blade\n|\n|upkeep\n|turn|12\n|\n|t:|1700364471\n|move|p1a: Gyarados|Waterfall|p2a: Lilligant\n|-resisted|p2a: Lilligant\n|-damage|p2a: Lilligant|0 fnt\n|faint|p2a: Lilligant\n|\n|win|bobforte22\n|raw|bobforte22's rating: 1143 &rarr; <strong>1170<\/strong><br \/>(+27 for winning)\n|raw|lilmiu12's rating: 1164 &rarr; <strong>1137<\/strong><br \/>(-27 for losing)\n|l|\u2606lilmiu12\n","uploadtime":1700364477,"views":9,"p1id":"bobforte22","p2id":"lilmiu12","formatid":"gen9vgc2023regulatione","rating":1137,"private":0,"password":""}