{"id":"gen9vgc2023regulatione-1994327434","p1":"PINKYCURCHLORD","p2":"McCloud","format":"[Gen 9] VGC 2023 Regulation E","log":"|j|\u2606PINKYCURCHLORD\n|j|\u2606McCloud\n|t:|1700431509\n|gametype|doubles\n|player|p1|PINKYCURCHLORD|burglar|1205\n|player|p2|McCloud|gentleman-gen4|1191\n|teamsize|p1|6\n|teamsize|p2|6\n|gen|9\n|tier|[Gen 9] VGC 2023 Regulation E\n|rated|\n|rule|Species Clause: Limit one of each Pok\u00e9mon\n|rule|Item Clause: Limit one of each item\n|clearpoke\n|poke|p1|Pincurchin, L50, F|\n|poke|p1|Iron Hands, L50|\n|poke|p1|Farigiraf, L50, M|\n|poke|p1|Iron Bundle, L50|\n|poke|p1|Ninetales-Alola, L50, F|\n|poke|p1|Heatran, L50, M|\n|poke|p2|Gastrodon, L50, F|\n|poke|p2|Iron Bundle, L50|\n|poke|p2|Iron Hands, L50|\n|poke|p2|Tornadus, L50, M|\n|poke|p2|Chien-Pao, L50|\n|poke|p2|Kingambit, L50, M|\n|teampreview|4\n|inactive|Battle timer is ON: inactive players will automatically lose when time's up. (requested by PINKYCURCHLORD)\n|inactive|McCloud has 60 seconds left.\n|\n|t:|1700431541\n|start\n|switch|p1a: Iron Bundle|Iron Bundle, L50|100\/100\n|switch|p1b: Ninetales|Ninetales-Alola, L50, F|100\/100\n|switch|p2a: Iron Bundle|Iron Bundle, L50|100\/100\n|switch|p2b: Chien-Pao|Chien-Pao, L50|100\/100\n|-ability|p2b: Chien-Pao|Sword of Ruin\n|-weather|Snow|[from] ability: Snow Warning|[of] p1b: Ninetales\n|-enditem|p2a: Iron Bundle|Booster Energy\n|-activate|p2a: Iron Bundle|ability: Quark Drive|[fromitem]\n|-start|p2a: Iron Bundle|quarkdrivespe\n|turn|1\n|inactive|PINKYCURCHLORD has 30 seconds left.\n|\n|t:|1700431571\n|move|p1a: Iron Bundle|Protect|p1a: Iron Bundle\n|-singleturn|p1a: Iron Bundle|Protect\n|move|p2a: Iron Bundle|Freeze-Dry|p1a: Iron Bundle\n|-activate|p1a: Iron Bundle|move: Protect\n|move|p2b: Chien-Pao|Crunch|p1a: Iron Bundle\n|-activate|p1a: Iron Bundle|move: Protect\n|move|p1b: Ninetales|Aurora Veil|p1b: Ninetales\n|-sidestart|p1: PINKYCURCHLORD|move: Aurora Veil\n|\n|-weather|Snow|[upkeep]\n|upkeep\n|turn|2\n|inactive|McCloud has 30 seconds left.\n|inactive|PINKYCURCHLORD has 30 seconds left.\n|\n|t:|1700431607\n|move|p2a: Iron Bundle|Freeze-Dry|p1a: Iron Bundle\n|-damage|p1a: Iron Bundle|55\/100\n|move|p1a: Iron Bundle|Blizzard|p2b: Chien-Pao|[spread] p2a,p2b\n|-resisted|p2a: Iron Bundle\n|-resisted|p2b: Chien-Pao\n|-damage|p2a: Iron Bundle|78\/100\n|-damage|p2b: Chien-Pao|66\/100\n|move|p2b: Chien-Pao|Crunch|p1a: Iron Bundle\n|-damage|p1a: Iron Bundle|27\/100\n|move|p1b: Ninetales|Moonblast|p2b: Chien-Pao\n|-supereffective|p2b: Chien-Pao\n|-damage|p2b: Chien-Pao|0 fnt\n|faint|p2b: Chien-Pao\n|\n|-weather|Snow|[upkeep]\n|upkeep\n|inactive|McCloud has 30 seconds left.\n|\n|t:|1700431638\n|switch|p2b: Kingambit|Kingambit, L50, M|100\/100\n|turn|3\n|\n|t:|1700431656\n|-terastallize|p2b: Kingambit|Poison\n|move|p1a: Iron Bundle|Protect|p1a: Iron Bundle\n|-singleturn|p1a: Iron Bundle|Protect\n|move|p2a: Iron Bundle|Freeze-Dry|p1a: Iron Bundle\n|-activate|p1a: Iron Bundle|move: Protect\n|move|p1b: Ninetales|Moonblast|p2a: Iron Bundle\n|-damage|p2a: Iron Bundle|22\/100\n|-unboost|p2a: Iron Bundle|spa|1\n|move|p2b: Kingambit|Swords Dance|p2b: Kingambit\n|-boost|p2b: Kingambit|atk|2\n|\n|-weather|Snow|[upkeep]\n|upkeep\n|turn|4\n|inactive|PINKYCURCHLORD has 30 seconds left.\n|\n|t:|1700431689\n|switch|p1b: Pincurchin|Pincurchin, L50, F, shiny|100\/100\n|-fieldstart|move: Electric Terrain|[from] ability: Electric Surge|[of] p1b: Pincurchin\n|-activate|p1a: Iron Bundle|ability: Quark Drive\n|-start|p1a: Iron Bundle|quarkdrivespe\n|move|p1a: Iron Bundle|Blizzard|p2a: Iron Bundle|[spread] p2a,p2b\n|-resisted|p2a: Iron Bundle\n|-damage|p2a: Iron Bundle|1\/100\n|-damage|p2b: Kingambit|57\/100\n|-status|p2b: Kingambit|frz\n|move|p2a: Iron Bundle|Freeze-Dry|p1a: Iron Bundle\n|-damage|p1a: Iron Bundle|0 fnt\n|faint|p1a: Iron Bundle\n|-end|p1a: Iron Bundle|Quark Drive|[silent]\n|cant|p2b: Kingambit|frz\n|\n|-weather|Snow|[upkeep]\n|upkeep\n|\n|t:|1700431703\n|switch|p1a: Iron Hands|Iron Hands, L50|100\/100\n|-activate|p1a: Iron Hands|ability: Quark Drive\n|-start|p1a: Iron Hands|quarkdriveatk\n|turn|5\n|\n|t:|1700431719\n|move|p2a: Iron Bundle|Protect|p2a: Iron Bundle\n|-singleturn|p2a: Iron Bundle|Protect\n|cant|p2b: Kingambit|frz\n|move|p1b: Pincurchin|Sucker Punch||[still]\n|-fail|p1b: Pincurchin\n|move|p1a: Iron Hands|Wild Charge|p2b: Kingambit\n|-damage|p2b: Kingambit|0 fnt\n|faint|p2b: Kingambit\n|-damage|p1a: Iron Hands|88\/100|[from] Recoil\n|\n|-weather|none\n|upkeep\n|c|\u2606PINKYCURCHLORD|YEEEEEE\n|\n|t:|1700431735\n|switch|p2b: Iron Hands|Iron Hands, L50|100\/100\n|-activate|p2b: Iron Hands|ability: Quark Drive\n|-start|p2b: Iron Hands|quarkdriveatk\n|turn|6\n|c|\u2606PINKYCURCHLORD|ur done\n|c|\u2606PINKYCURCHLORD|nvm\n|c|\u2606PINKYCURCHLORD|LMAOOOO\n|inactive|PINKYCURCHLORD has 30 seconds left.\n|\n|t:|1700431764\n|move|p1b: Pincurchin|Sucker Punch||[still]\n|-fail|p1b: Pincurchin\n|move|p2a: Iron Bundle|Taunt|p1b: Pincurchin\n|-start|p1b: Pincurchin|move: Taunt\n|move|p1a: Iron Hands|Drain Punch|p2b: Iron Hands\n|-damage|p2b: Iron Hands|64\/100\n|-heal|p1a: Iron Hands|100\/100|[from] drain|[of] p2b: Iron Hands\n|move|p2b: Iron Hands|Drain Punch|p1a: Iron Hands\n|-damage|p1a: Iron Hands|75\/100\n|-heal|p2b: Iron Hands|76\/100|[from] drain|[of] p1a: Iron Hands\n|\n|upkeep\n|turn|7\n|inactive|PINKYCURCHLORD has 30 seconds left.\n|inactive|PINKYCURCHLORD has 20 seconds left.\n|inactive|PINKYCURCHLORD has 15 seconds left.\n|\n|t:|1700431806\n|move|p2a: Iron Bundle|Protect|p2a: Iron Bundle\n|-singleturn|p2a: Iron Bundle|Protect\n|move|p1a: Iron Hands|Drain Punch|p2b: Iron Hands\n|-damage|p2b: Iron Hands|37\/100\n|-heal|p1a: Iron Hands|97\/100|[from] drain|[of] p2b: Iron Hands\n|move|p2b: Iron Hands|Drain Punch|p1b: Pincurchin\n|-damage|p1b: Pincurchin|59\/100\n|-heal|p2b: Iron Hands|49\/100|[from] drain|[of] p1b: Pincurchin\n|-damage|p2b: Iron Hands|32\/100|[from] item: Rocky Helmet|[of] p1b: Pincurchin\n|move|p1b: Pincurchin|Scald|p2b: Iron Hands\n|-damage|p2b: Iron Hands|21\/100\n|\n|upkeep\n|turn|8\n|\n|t:|1700431828\n|move|p1b: Pincurchin|Sucker Punch|p2a: Iron Bundle\n|-damage|p2a: Iron Bundle|0 fnt\n|faint|p2a: Iron Bundle\n|-end|p2a: Iron Bundle|Quark Drive|[silent]\n|move|p1a: Iron Hands|Drain Punch|p2b: Iron Hands\n|-damage|p2b: Iron Hands|0 fnt\n|-heal|p1a: Iron Hands|100\/100|[from] drain|[of] p2b: Iron Hands\n|faint|p2b: Iron Hands\n|-end|p2b: Iron Hands|Quark Drive|[silent]\n|\n|win|PINKYCURCHLORD\n|raw|PINKYCURCHLORD's rating: 1205 &rarr; <strong>1229<\/strong><br \/>(+24 for winning)\n|raw|McCloud's rating: 1191 &rarr; <strong>1167<\/strong><br \/>(-24 for losing)\n|l|\u2606McCloud\n|c|\u2606PINKYCURCHLORD|YEEEEE\n|l|\u2606PINKYCURCHLORD\n|j|\u2606PINKYCURCHLORD\n|player|p1|PINKYCURCHLORD|burglar\n","uploadtime":1700431851,"views":37,"p1id":"pinkycurchlord","p2id":"mccloud","formatid":"gen9vgc2023regulatione","rating":1167,"private":0,"password":""}