{"id":"gen9vgc2023regulatione-1999522459","p1":"yasspilled","p2":"Zadom123","format":"[Gen 9] VGC 2023 Regulation E","log":"|j|\u2606yasspilled\n|j|\u203dZadom123\n|t:|1701092179\n|gametype|doubles\n|player|p1|yasspilled|bellelba|1055\n|player|p2|Zadom123|benga|1080\n|teamsize|p1|6\n|teamsize|p2|6\n|gen|9\n|tier|[Gen 9] VGC 2023 Regulation E\n|rated|\n|rule|Species Clause: Limit one of each Pok\u00e9mon\n|rule|Item Clause: Limit one of each item\n|clearpoke\n|poke|p1|Ribombee, L50, F|\n|poke|p1|Slowbro-Galar, L50, M|\n|poke|p1|Flutter Mane, L50|\n|poke|p1|Ogerpon-Cornerstone, L50, F|\n|poke|p1|Ditto, L50|\n|poke|p1|Arcanine-Hisui, L50, F|\n|poke|p2|Wo-Chien, L50|\n|poke|p2|Flutter Mane, L50|\n|poke|p2|Gothitelle, L50, F|\n|poke|p2|Jigglypuff, L50, M|\n|poke|p2|Infernape, L50, M|\n|poke|p2|Gastrodon, L50, F|\n|teampreview|4\n|inactive|Battle timer is ON: inactive players will automatically lose when time's up. (requested by Zadom123)\n|\n|t:|1701092203\n|start\n|switch|p1a: Slowbro|Slowbro-Galar, L50, M|100\/100\n|switch|p1b: Ribombee|Ribombee, L50, F|100\/100\n|switch|p2a: Gothitelle|Gothitelle, L50, F|100\/100\n|switch|p2b: Jigglypuff|Jigglypuff, L50, M|100\/100\n|turn|1\n|\n|t:|1701092215\n|move|p2a: Gothitelle|Fake Out|p1a: Slowbro\n|-damage|p1a: Slowbro|97\/100\n|move|p1b: Ribombee|Sticky Web|p2a: Gothitelle\n|-sidestart|p2: Zadom123|move: Sticky Web\n|cant|p1a: Slowbro|flinch\n|move|p2b: Jigglypuff|Perish Song|p2b: Jigglypuff\n|-start|p1a: Slowbro|perish3|[silent]\n|-start|p1b: Ribombee|perish3|[silent]\n|-start|p2a: Gothitelle|perish3|[silent]\n|-start|p2b: Jigglypuff|perish3|[silent]\n|-fieldactivate|move: Perish Song\n|\n|-start|p1b: Ribombee|perish3\n|-start|p2a: Gothitelle|perish3\n|-start|p1a: Slowbro|perish3\n|-start|p2b: Jigglypuff|perish3\n|upkeep\n|turn|2\n|\n|t:|1701092239\n|move|p2a: Gothitelle|Protect|p2a: Gothitelle\n|-singleturn|p2a: Gothitelle|Protect\n|move|p2b: Jigglypuff|Protect|p2b: Jigglypuff\n|-singleturn|p2b: Jigglypuff|Protect\n|move|p1b: Ribombee|Tailwind|p1b: Ribombee\n|-sidestart|p1: yasspilled|move: Tailwind\n|move|p1a: Slowbro|Sludge Bomb|p2b: Jigglypuff\n|-activate|p2b: Jigglypuff|move: Protect\n|\n|-start|p1b: Ribombee|perish2\n|-start|p1a: Slowbro|perish2\n|-start|p2a: Gothitelle|perish2\n|-start|p2b: Jigglypuff|perish2\n|upkeep\n|turn|3\n|\n|t:|1701092259\n|switch|p2a: Wo-Chien|Wo-Chien, L50|100\/100\n|-activate|p2a: Wo-Chien|move: Sticky Web\n|-unboost|p2a: Wo-Chien|spe|1\n|-ability|p2a: Wo-Chien|Tablets of Ruin\n|move|p1b: Ribombee|Quiver Dance|p1b: Ribombee\n|-boost|p1b: Ribombee|spa|1\n|-boost|p1b: Ribombee|spd|1\n|-boost|p1b: Ribombee|spe|1\n|move|p1a: Slowbro|Psych Up|p1b: Ribombee\n|-copyboost|p1a: Slowbro|p1b: Ribombee|[from] move: Psych Up\n|move|p2b: Jigglypuff|Baton Pass|p2b: Jigglypuff\n|\n|t:|1701092271\n|switch|p2b: Gothitelle|Gothitelle, L50, F|100\/100|[from] Baton Pass\n|-activate|p2b: Gothitelle|move: Sticky Web\n|-unboost|p2b: Gothitelle|spe|1\n|\n|-start|p1b: Ribombee|perish1\n|-start|p1a: Slowbro|perish1\n|-start|p2b: Gothitelle|perish1\n|upkeep\n|turn|4\n|\n|t:|1701092287\n|switch|p2b: Jigglypuff|Jigglypuff, L50, M|100\/100\n|-activate|p2b: Jigglypuff|move: Sticky Web\n|-unboost|p2b: Jigglypuff|spe|1\n|move|p2a: Wo-Chien|Protect|p2a: Wo-Chien\n|-singleturn|p2a: Wo-Chien|Protect\n|move|p1b: Ribombee|Pollen Puff|p2a: Wo-Chien\n|-activate|p2a: Wo-Chien|move: Protect\n|move|p1a: Slowbro|Sludge Bomb|p2a: Wo-Chien\n|-activate|p2a: Wo-Chien|move: Protect\n|\n|-start|p1b: Ribombee|perish0\n|-start|p1a: Slowbro|perish0\n|faint|p1b: Ribombee\n|faint|p1a: Slowbro\n|upkeep\n|\n|t:|1701092294\n|switch|p1b: Ogerpon|Ogerpon-Cornerstone, L50, F|100\/100\n|switch|p1a: Arcanine|Arcanine-Hisui, L50, F|100\/100\n|turn|5\n|\n|t:|1701092319\n|-terastallize|p2a: Wo-Chien|Water\n|move|p1b: Ogerpon|Swords Dance|p1b: Ogerpon\n|-boost|p1b: Ogerpon|atk|2\n|move|p1a: Arcanine|Flare Blitz|p2a: Wo-Chien\n|-resisted|p2a: Wo-Chien\n|-damage|p2a: Wo-Chien|89\/100\n|move|p2a: Wo-Chien|Leech Seed|p1a: Arcanine\n|-start|p1a: Arcanine|move: Leech Seed\n|move|p2b: Jigglypuff|Perish Song|p2b: Jigglypuff\n|-start|p1a: Arcanine|perish3|[silent]\n|-start|p1b: Ogerpon|perish3|[silent]\n|-start|p2a: Wo-Chien|perish3|[silent]\n|-start|p2b: Jigglypuff|perish3|[silent]\n|-fieldactivate|move: Perish Song\n|\n|-heal|p2a: Wo-Chien|95\/100|[from] item: Leftovers\n|-damage|p1a: Arcanine|88\/100|[from] Leech Seed|[of] p2a: Wo-Chien\n|-heal|p2a: Wo-Chien|100\/100|[silent]\n|-start|p1b: Ogerpon|perish3\n|-start|p1a: Arcanine|perish3\n|-start|p2a: Wo-Chien|perish3\n|-start|p2b: Jigglypuff|perish3\n|-sideend|p1: yasspilled|move: Tailwind\n|upkeep\n|turn|6\n|\n|t:|1701092337\n|move|p2a: Wo-Chien|Protect|p2a: Wo-Chien\n|-singleturn|p2a: Wo-Chien|Protect\n|move|p2b: Jigglypuff|Protect|p2b: Jigglypuff\n|-singleturn|p2b: Jigglypuff|Protect\n|move|p1b: Ogerpon|Power Whip|p2a: Wo-Chien\n|-activate|p2a: Wo-Chien|move: Protect\n|move|p1a: Arcanine|Head Smash|p2b: Jigglypuff\n|-activate|p2b: Jigglypuff|move: Protect\n|\n|-damage|p1a: Arcanine|76\/100|[from] Leech Seed|[of] p2a: Wo-Chien\n|-start|p1b: Ogerpon|perish2\n|-start|p1a: Arcanine|perish2\n|-start|p2a: Wo-Chien|perish2\n|-start|p2b: Jigglypuff|perish2\n|upkeep\n|turn|7\n|c|\u2606yasspilled|nice gameplay\n|c|\u2606yasspilled|boring ass\n|-message|yasspilled forfeited.\n|\n|win|Zadom123\n|raw|yasspilled's rating: 1055 &rarr; <strong>1038<\/strong><br \/>(-17 for losing)\n|raw|Zadom123's rating: 1080 &rarr; <strong>1106<\/strong><br \/>(+26 for winning)\n|l|\u2606yasspilled\n","uploadtime":1701092359,"views":16,"p1id":"yasspilled","p2id":"zadom123","formatid":"gen9vgc2023regulatione","rating":1038,"private":0,"password":""}