{"id":"gen9vgc2023regulatione-1994493300","p1":"SCRUMPTIOUSBREAD","p2":"Gino Bhengazi","format":"[Gen 9] VGC 2023 Regulation E","log":"|j|\u2606SCRUMPTIOUSBREAD\n|j|\u2606Gino Bhengazi\n|n|\u2606SCRUMPTIOUSBREAD|scrumptiousbread\n|n|\u2606Gino Bhengazi|ginobhengazi\n|html|View the match progress at <a href=\"\/game-bestof3-gen9vgc2023regulatione-1994489060\">game-bestof3-gen9vgc2023regulatione-1994489060<\/a>\n|t:|1700450387\n|gametype|doubles\n|player|p1|SCRUMPTIOUSBREAD|lance|\n|player|p2|Gino Bhengazi|102|\n|teamsize|p1|6\n|teamsize|p2|6\n|gen|9\n|tier|[Gen 9] VGC 2023 Regulation E\n|rule|Species Clause: Limit one of each Pok\u00e9mon\n|rule|Item Clause: Limit one of each item\n|clearpoke\n|poke|p1|Ogerpon-Wellspring, L50, F|\n|poke|p1|Dugtrio, L50, M|\n|poke|p1|Dragapult, L50, M|\n|poke|p1|Corviknight, L50, M|\n|poke|p1|Raichu, L50, M|\n|poke|p1|Arcanine-Hisui, L50, M|\n|poke|p2|Goodra-Hisui, L50, M|\n|poke|p2|Armarouge, L50, M|\n|poke|p2|Gothitelle, L50, M|\n|poke|p2|Ursaluna, L50, M|\n|poke|p2|Annihilape, L50, M|\n|poke|p2|Slowking-Galar, L50, M|\n|teampreview|4\n|j| Daniel1018\n|\n|t:|1700450425\n|start\n|switch|p1a: Muffin|Ogerpon-Wellspring, L50, F|100\/100\n|switch|p1b: Duke|Arcanine-Hisui, L50, M|100\/100\n|switch|p2a: California|Armarouge, L50, M|100\/100\n|switch|p2b: Louisiana|Gothitelle, L50, M|100\/100\n|-ability|p1b: Duke|Intimidate|boost\n|-unboost|p2a: California|atk|1\n|-unboost|p2b: Louisiana|atk|1\n|-item|p2a: California|Air Balloon\n|turn|1\n|\n|t:|1700450444\n|move|p2b: Louisiana|Fake Out|p1a: Muffin\n|-crit|p1a: Muffin\n|-damage|p1a: Muffin|92\/100\n|cant|p1a: Muffin|flinch\n|move|p1b: Duke|Rock Slide|p2b: Louisiana|[spread] p2a,p2b\n|-supereffective|p2a: California\n|-damage|p2a: California|49\/100\n|-damage|p2b: Louisiana|77\/100\n|-enditem|p2a: California|Air Balloon\n|move|p2a: California|Trick Room|p2a: California\n|-fieldstart|move: Trick Room|[of] p2a: California\n|\n|upkeep\n|turn|2\n|j| Aquarsene\n|j| hunter16k\n|\n|t:|1700450489\n|switch|p2b: Ohio|Ursaluna, L50, M|100\/100\n|move|p2a: California|Destiny Bond|p2a: California\n|-singlemove|p2a: California|Destiny Bond\n|move|p1b: Duke|Rock Slide|p2b: Ohio|[spread] p2a,p2b\n|-supereffective|p2a: California\n|-resisted|p2b: Ohio\n|-damage|p2a: California|0 fnt\n|-damage|p2b: Ohio|89\/100\n|faint|p2a: California\n|-activate|p2a: California|move: Destiny Bond\n|faint|p1b: Duke\n|move|p1a: Muffin|Ivy Cudgel|p2b: Ohio|[anim] Ivy Cudgel Water\n|-supereffective|p2b: Ohio\n|-damage|p2b: Ohio|0 fnt\n|faint|p2b: Ohio\n|\n|upkeep\n|\n|t:|1700450508\n|switch|p2b: Louisiana|Gothitelle, L50, M|77\/100\n|switch|p2a: Utah|Goodra-Hisui, L50, M|100\/100\n|switch|p1b: Whisper|Dragapult, L50, M, shiny|100\/100\n|-item|p1b: Whisper|Air Balloon\n|turn|3\n|\n|t:|1700450527\n|move|p2b: Louisiana|Fake Out|p1a: Muffin\n|-damage|p1a: Muffin|86\/100\n|move|p2a: Utah|Acid Armor|p2a: Utah\n|-boost|p2a: Utah|def|2\n|cant|p1a: Muffin|flinch\n|move|p1b: Whisper|Phantom Force||[still]\n|-prepare|p1b: Whisper|Phantom Force\n|\n|upkeep\n|turn|4\n|\n|t:|1700450562\n|move|p2b: Louisiana|Protect|p2b: Louisiana\n|-singleturn|p2b: Louisiana|Protect\n|move|p2a: Utah|Body Press|p1a: Muffin\n|-damage|p1a: Muffin|39\/100\n|move|p1a: Muffin|Ivy Cudgel|p2b: Louisiana|[anim] Ivy Cudgel Water\n|-activate|p2b: Louisiana|move: Protect\n|move|p1b: Whisper|Phantom Force|p2b: Louisiana|[from]lockedmove\n|-activate|p2b: Louisiana|move: Phantom Force|[broken]\n|-supereffective|p2b: Louisiana\n|-damage|p2b: Louisiana|0 fnt\n|faint|p2b: Louisiana\n|\n|upkeep\n|turn|5\n|\n|t:|1700450583\n|move|p2a: Utah|Draco Meteor|p1b: Whisper\n|-supereffective|p1b: Whisper\n|-damage|p1b: Whisper|3\/100\n|-unboost|p2a: Utah|spa|2\n|-enditem|p1b: Whisper|Air Balloon\n|move|p1a: Muffin|Stomping Tantrum|p2a: Utah\n|-supereffective|p2a: Utah\n|-damage|p2a: Utah|78\/100\n|-damage|p1a: Muffin|23\/100|[from] item: Rocky Helmet|[of] p2a: Utah\n|move|p1b: Whisper|Reflect|p1b: Whisper\n|-sidestart|p1: SCRUMPTIOUSBREAD|Reflect\n|\n|-fieldend|move: Trick Room\n|upkeep\n|turn|6\n|\n|t:|1700450610\n|-terastallize|p2a: Utah|Poison\n|move|p1b: Whisper|Phantom Force||[still]\n|-prepare|p1b: Whisper|Phantom Force\n|move|p1a: Muffin|Stomping Tantrum|p2a: Utah\n|-supereffective|p2a: Utah\n|-damage|p2a: Utah|54\/100\n|-damage|p1a: Muffin|6\/100|[from] item: Rocky Helmet|[of] p2a: Utah\n|move|p2a: Utah|Body Press|p1a: Muffin\n|-damage|p1a: Muffin|0 fnt\n|faint|p1a: Muffin\n|\n|upkeep\n|\n|t:|1700450620\n|switch|p1a: Southpaw|Dugtrio, L50, M, shiny|100\/100\n|turn|7\n|\n|t:|1700450629\n|-terastallize|p1a: Southpaw|Ground\n|move|p1b: Whisper|Phantom Force|p2a: Utah|[from]lockedmove\n|-damage|p2a: Utah|38\/100\n|-damage|p1b: Whisper|0 fnt|[from] item: Rocky Helmet|[of] p2a: Utah\n|faint|p1b: Whisper\n|move|p1a: Southpaw|Stomping Tantrum|p2a: Utah\n|-supereffective|p2a: Utah\n|-damage|p2a: Utah|0 fnt\n|-damage|p1a: Southpaw|84\/100|[from] item: Rocky Helmet|[of] p2a: Utah\n|faint|p2a: Utah\n|\n|win|SCRUMPTIOUSBREAD\n|inactive|SCRUMPTIOUSBREAD has 50 seconds to confirm battle start!\n|inactive|Gino Bhengazi has 50 seconds to confirm battle start!\n|c|&|\/uhtml prompt-ginobhengazi,Gino Bhengazi is ready for game 3!\n","uploadtime":1700450644,"views":9,"p1id":"scrumptiousbread","p2id":"ginobhengazi","formatid":"gen9vgc2023regulatione","rating":0,"private":0,"password":""}