{"id":"gen9vgc2023regulatione-1988145225","p1":"foiledfeline","p2":"DonFuron","format":"[Gen 9] VGC 2023 Regulation E","log":"|j|\u2606foiledfeline\n|j|\u2606DonFuron\n|n|\u2606foiledfeline|foiledfeline\n|n|\u2606DonFuron|donfuron\n|html|View the match progress at <a href=\"\/game-bestof3-gen9vgc2023regulatione-1988143627\">game-bestof3-gen9vgc2023regulatione-1988143627<\/a>\n|t:|1699675309\n|gametype|doubles\n|player|p1|foiledfeline|steven|\n|player|p2|DonFuron|101|\n|teamsize|p1|6\n|teamsize|p2|6\n|gen|9\n|tier|[Gen 9] VGC 2023 Regulation E\n|rule|Species Clause: Limit one of each Pok\u00e9mon\n|rule|Item Clause: Limit one of each item\n|clearpoke\n|poke|p1|Indeedee-F, L50, F|\n|poke|p1|Armarouge, L50, F|\n|poke|p1|Annihilape, L50, M|\n|poke|p1|Sneasler, L50, M|\n|poke|p1|Flutter Mane, L50|\n|poke|p1|Chi-Yu, L50|\n|poke|p2|Enamorus-Therian, L50, F|\n|poke|p2|Snorlax, L50, M|\n|poke|p2|Armarouge, L50, F|\n|poke|p2|Indeedee-F, L50, F|\n|poke|p2|Oranguru, L50, F|\n|poke|p2|Flamigo, L50, F|\n|teampreview|4\nfoiledfeline has agreed to open team sheets.\nDonFuron has agreed to open team sheets.\n|showteam|p1|Indeedee-F||AbilityShield|PsychicSurge|FollowMe,HelpingHand,TrickRoom,DazzlingGleam|||F|||50|,,,,,Fairy]Armarouge||WeaknessPolicy|WeakArmor|ExpandingForce,StoredPower,HeatWave,Endure|||F|||50|,,,,,Psychic]Annihilape||ChoiceScarf|Defiant|IcePunch,Uturn,CloseCombat,Earthquake|||M|||50|,,,,,Fire]Sneasler||PsychicSeed|Unburden|Acrobatics,CloseCombat,DireClaw,Protect|||M|||50|,,,,,Flying]Flutter Mane||BoosterEnergy|Protosynthesis|Protect,IcyWind,Moonblast,ShadowBall||||||50|,,,,,Fairy]Chi-Yu||FocusSash|BeadsofRuin|HeatWave,DarkPulse,Snarl,Protect||||||50|,,,,,Ghost\n|showteam|p2|Enamorus-Therian||CovertCloak|Overcoat|DazzlingGleam,EarthPower,CalmMind,Moonblast|||F|||50|,,,,,Water]Snorlax||CustapBerry|Gluttony|Facade,Earthquake,BellyDrum,Protect|||M|||50|,,,,,Ground]Armarouge||TwistedSpoon|FlashFire|ExpandingForce,ArmorCannon,ClearSmog,WideGuard|||F|||50|,,,,,Psychic]Indeedee-F||SafetyGoggles|PsychicSurge|FollowMe,HelpingHand,TrickRoom,DazzlingGleam|||F|||50|,,,,,Flying]Oranguru||PsychicSeed|Telepathy|Instruct,TrickRoom,FoulPlay,PsychicTerrain|||F|||50|,,,,,Water]Flamigo||SitrusBerry|Costar|CloseCombat,BraveBird,Tailwind,QuickGuard|||F|||50|,,,,,Steel\n|c|\u2606DonFuron|this flamigo was an ursaluna before\n|c|\u2606DonFuron|I just tried some things with I am an issue\n|\n|t:|1699675405\n|start\n|switch|p1a: Indeedee|Indeedee-F, L50, F|100\/100\n|switch|p1b: Chi-Yu|Chi-Yu, L50|100\/100\n|switch|p2a: Oranguru|Oranguru, L50, F|100\/100\n|switch|p2b: Snorlax|Snorlax, L50, M|100\/100\n|-ability|p1b: Chi-Yu|Beads of Ruin\n|-fieldstart|move: Psychic Terrain|[from] ability: Psychic Surge|[of] p1a: Indeedee\n|-enditem|p2a: Oranguru|Psychic Seed\n|-boost|p2a: Oranguru|spd|1|[from] item: Psychic Seed\n|turn|1\n|\n|t:|1699675465\n|-terastallize|p2a: Oranguru|Water\n|move|p1a: Indeedee|Helping Hand|p1b: Chi-Yu\n|-singleturn|p1b: Chi-Yu|Helping Hand|[of] p1a: Indeedee\n|move|p1b: Chi-Yu|Heat Wave|p2b: Snorlax|[spread] p2a,p2b\n|-resisted|p2a: Oranguru\n|-damage|p2a: Oranguru|79\/100\n|-damage|p2b: Snorlax|50\/100\n|move|p2b: Snorlax|Belly Drum||[still]\n|-fail|p2b: Snorlax\n|move|p2a: Oranguru|Trick Room|p2a: Oranguru\n|-fieldstart|move: Trick Room|[of] p2a: Oranguru\n|\n|upkeep\n|turn|2\n|-enditem|p2b: Snorlax|Custap Berry|[eat]\n|-activate|p2b: Snorlax|item: Custap Berry|[consumed]\n|\n|t:|1699675481\n|move|p1b: Chi-Yu|Protect|p1b: Chi-Yu\n|-singleturn|p1b: Chi-Yu|Protect\n|move|p2b: Snorlax|Earthquake|p1b: Chi-Yu|[spread] p1a\n|-activate|p1b: Chi-Yu|move: Protect\n|-activate|p2a: Oranguru|ability: Telepathy\n|-damage|p1a: Indeedee|78\/100\n|move|p2a: Oranguru|Instruct|p2b: Snorlax\n|-singleturn|p2b: Snorlax|move: Instruct|[of] p2a: Oranguru\n|move|p2b: Snorlax|Earthquake|p1a: Indeedee|[spread] p1a\n|-activate|p1b: Chi-Yu|move: Protect\n|-activate|p2a: Oranguru|ability: Telepathy\n|-damage|p1a: Indeedee|56\/100\n|move|p1a: Indeedee|Trick Room|p1a: Indeedee\n|-fieldend|move: Trick Room\n|\n|upkeep\n|turn|3\n|\n|t:|1699675528\n|move|p1a: Indeedee|Helping Hand|p1b: Chi-Yu\n|-singleturn|p1b: Chi-Yu|Helping Hand|[of] p1a: Indeedee\n|move|p1b: Chi-Yu|Dark Pulse|p2a: Oranguru\n|-damage|p2a: Oranguru|35\/100\n|move|p2b: Snorlax|Earthquake|p1a: Indeedee|[spread] p1a,p1b\n|-activate|p2a: Oranguru|ability: Telepathy\n|-supereffective|p1b: Chi-Yu\n|-damage|p1a: Indeedee|36\/100\n|-damage|p1b: Chi-Yu|23\/100\n|move|p2a: Oranguru|Trick Room|p2a: Oranguru\n|-fieldstart|move: Trick Room|[of] p2a: Oranguru\n|\n|upkeep\n|turn|4\n|\n|t:|1699675549\n|move|p1b: Chi-Yu|Protect|p1b: Chi-Yu\n|-singleturn|p1b: Chi-Yu|Protect\n|move|p2b: Snorlax|Earthquake|p1a: Indeedee|[spread] p1a\n|-activate|p1b: Chi-Yu|move: Protect\n|-activate|p2a: Oranguru|ability: Telepathy\n|-damage|p1a: Indeedee|13\/100\n|move|p2a: Oranguru|Instruct|p2b: Snorlax\n|-singleturn|p2b: Snorlax|move: Instruct|[of] p2a: Oranguru\n|move|p2b: Snorlax|Earthquake|p1a: Indeedee|[spread] p1a\n|-activate|p1b: Chi-Yu|move: Protect\n|-activate|p2a: Oranguru|ability: Telepathy\n|-damage|p1a: Indeedee|0 fnt\n|faint|p1a: Indeedee\n|\n|upkeep\n|\n|t:|1699675576\n|switch|p1a: Sneasler|Sneasler, L50, M|100\/100\n|-enditem|p1a: Sneasler|Psychic Seed\n|-boost|p1a: Sneasler|spd|1|[from] item: Psychic Seed\n|turn|5\n|\n|t:|1699675597\n|-terastallize|p1a: Sneasler|Flying\n|move|p2b: Snorlax|Earthquake|p1a: Sneasler|[spread] p1b\n|-activate|p2a: Oranguru|ability: Telepathy\n|-immune|p1a: Sneasler\n|-supereffective|p1b: Chi-Yu\n|-crit|p1b: Chi-Yu\n|-damage|p1b: Chi-Yu|0 fnt\n|faint|p1b: Chi-Yu\n|move|p2a: Oranguru|Foul Play|p1a: Sneasler\n|-damage|p1a: Sneasler|50\/100\n|move|p1a: Sneasler|Close Combat|p2b: Snorlax\n|-supereffective|p2b: Snorlax\n|-damage|p2b: Snorlax|0 fnt\n|-unboost|p1a: Sneasler|def|1\n|-unboost|p1a: Sneasler|spd|1\n|faint|p2b: Snorlax\n|\n|-fieldend|move: Psychic Terrain\n|upkeep\n|\n|t:|1699675615\n|switch|p2b: Enamorus|Enamorus-Therian, L50, F|100\/100\n|switch|p1b: Flutter Mane|Flutter Mane, L50|100\/100\n|-enditem|p1b: Flutter Mane|Booster Energy\n|-activate|p1b: Flutter Mane|ability: Protosynthesis|[fromitem]\n|-start|p1b: Flutter Mane|protosynthesisspe\n|turn|6\n|\n|t:|1699675636\n|move|p1b: Flutter Mane|Protect|p1b: Flutter Mane\n|-singleturn|p1b: Flutter Mane|Protect\n|move|p1a: Sneasler|Protect|p1a: Sneasler\n|-singleturn|p1a: Sneasler|Protect\n|move|p2b: Enamorus|Calm Mind|p2b: Enamorus\n|-boost|p2b: Enamorus|spa|1\n|-boost|p2b: Enamorus|spd|1\n|move|p2a: Oranguru|Instruct|p2b: Enamorus\n|-singleturn|p2b: Enamorus|move: Instruct|[of] p2a: Oranguru\n|move|p2b: Enamorus|Calm Mind|p2b: Enamorus\n|-boost|p2b: Enamorus|spa|1\n|-boost|p2b: Enamorus|spd|1\n|\n|upkeep\n|turn|7\n|\n|t:|1699675658\n|move|p1b: Flutter Mane|Protect||[still]\n|-fail|p1b: Flutter Mane\n|move|p1a: Sneasler|Protect||[still]\n|-fail|p1a: Sneasler\n|move|p2b: Enamorus|Dazzling Gleam|p1a: Sneasler|[spread] p1a,p1b\n|-damage|p1a: Sneasler|0 fnt\n|-damage|p1b: Flutter Mane|40\/100\n|faint|p1a: Sneasler\n|move|p2a: Oranguru|Instruct|p2b: Enamorus\n|-singleturn|p2b: Enamorus|move: Instruct|[of] p2a: Oranguru\n|move|p2b: Enamorus|Dazzling Gleam|p1b: Flutter Mane\n|-damage|p1b: Flutter Mane|0 fnt\n|faint|p1b: Flutter Mane\n|-end|p1b: Flutter Mane|Protosynthesis|[silent]\n|\n|win|DonFuron\n|c|\u2606DonFuron|unlucky\n|c|\u2606foiledfeline|ggs\n|c|\u2606DonFuron|gg!\n|c|\u2606foiledfeline|wanna do another set?\n|c|\u2606DonFuron|yeah one more\n|c|\u2606foiledfeline|hard TR is a matchup I want more practice with\n|l|\u2606DonFuron\n","uploadtime":1699675697,"views":27,"p1id":"foiledfeline","p2id":"donfuron","formatid":"gen9vgc2023regulatione","rating":0,"private":0,"password":""}