{"id":"gen9vgc2023regulatione-1987869151","p1":"Stryke Out","p2":"thropper","format":"[Gen 9] VGC 2023 Regulation E","log":"|j|\u2606Stryke Out\n|j|\u2606thropper\n|t:|1699644339\n|gametype|doubles\n|player|p1|Stryke Out|cynthia-gen4|1284\n|player|p2|thropper|102|1266\n|teamsize|p1|6\n|teamsize|p2|6\n|gen|9\n|tier|[Gen 9] VGC 2023 Regulation E\n|rated|\n|rule|Species Clause: Limit one of each Pok\u00e9mon\n|rule|Item Clause: Limit one of each item\n|clearpoke\n|poke|p1|Arcanine-Hisui, L50, F|\n|poke|p1|Gholdengo, L50|\n|poke|p1|Clefairy, L50, M|\n|poke|p1|Iron Bundle, L50|\n|poke|p1|Landorus-Therian, L50, M|\n|poke|p1|Tornadus, L50, M|\n|poke|p2|Chi-Yu, L50|\n|poke|p2|Flutter Mane, L50|\n|poke|p2|Tornadus, L50, M|\n|poke|p2|Regidrago, L50|\n|poke|p2|Farigiraf, L50, F|\n|poke|p2|Ogerpon-Hearthflame, L50, F|\n|teampreview|4\n|\n|t:|1699644366\n|start\n|switch|p1a: Tornadus|Tornadus, L50, M|100\/100\n|switch|p1b: Iron Bundle|Iron Bundle, L50|100\/100\n|switch|p2a: Flutter Mane|Flutter Mane, L50|100\/100\n|switch|p2b: Tornadus|Tornadus, L50, M|100\/100\n|-enditem|p1b: Iron Bundle|Booster Energy\n|-activate|p1b: Iron Bundle|ability: Quark Drive|[fromitem]\n|-start|p1b: Iron Bundle|quarkdrivespe\n|-enditem|p2a: Flutter Mane|Booster Energy\n|-activate|p2a: Flutter Mane|ability: Protosynthesis|[fromitem]\n|-start|p2a: Flutter Mane|protosynthesisspe\n|turn|1\n|\n|t:|1699644383\n|move|p2b: Tornadus|Tailwind|p2b: Tornadus\n|-sidestart|p2: thropper|move: Tailwind\n|move|p1a: Tornadus|Tailwind|p1a: Tornadus\n|-sidestart|p1: Stryke Out|move: Tailwind\n|move|p1b: Iron Bundle|Icy Wind|p2b: Tornadus|[spread] p2a,p2b\n|-supereffective|p2b: Tornadus\n|-damage|p2a: Flutter Mane|78\/100\n|-damage|p2b: Tornadus|45\/100\n|-unboost|p2a: Flutter Mane|spe|1\n|-unboost|p2b: Tornadus|spe|1\n|move|p2a: Flutter Mane|Icy Wind|p1a: Tornadus|[spread] p1b\n|-miss|p2a: Flutter Mane|p1a: Tornadus\n|-resisted|p1b: Iron Bundle\n|-damage|p1b: Iron Bundle|94\/100\n|-unboost|p1b: Iron Bundle|spe|1\n|\n|upkeep\n|turn|2\n|\n|t:|1699644410\n|move|p1b: Iron Bundle|Hydro Pump|p2a: Flutter Mane\n|-damage|p2a: Flutter Mane|16\/100\n|move|p2a: Flutter Mane|Moonblast|p1b: Iron Bundle\n|-damage|p1b: Iron Bundle|0 fnt\n|faint|p1b: Iron Bundle\n|-end|p1b: Iron Bundle|Quark Drive|[silent]\n|move|p1a: Tornadus|Bleakwind Storm|p2b: Tornadus|[spread] p2a,p2b\n|-damage|p2a: Flutter Mane|0 fnt\n|-damage|p2b: Tornadus|0 fnt\n|faint|p2a: Flutter Mane\n|-end|p2a: Flutter Mane|Protosynthesis|[silent]\n|faint|p2b: Tornadus\n|\n|upkeep\n|\n|t:|1699644435\n|switch|p1b: Arcanine|Arcanine-Hisui, L50, F|100\/100\n|switch|p2a: Chi-Yu|Chi-Yu, L50|100\/100\n|switch|p2b: Regidrago|Regidrago, L50|100\/100\n|-ability|p2a: Chi-Yu|Beads of Ruin\n|turn|3\n|\n|t:|1699644459\n|-terastallize|p1b: Arcanine|Normal\n|move|p1b: Arcanine|Extreme Speed|p2b: Regidrago\n|-damage|p2b: Regidrago|64\/100\n|move|p2a: Chi-Yu|Heat Wave|p1b: Arcanine|[spread] p1a\n|-start|p1b: Arcanine|ability: Flash Fire\n|-damage|p1a: Tornadus|28\/100\n|move|p1a: Tornadus|Chilling Water|p2a: Chi-Yu\n|-supereffective|p2a: Chi-Yu\n|-damage|p2a: Chi-Yu|64\/100\n|-unboost|p2a: Chi-Yu|atk|1\n|move|p2b: Regidrago|Earth Power|p1b: Arcanine\n|-damage|p1b: Arcanine|71\/100\n|-unboost|p1b: Arcanine|spd|1\n|\n|upkeep\n|turn|4\n|\n|t:|1699644481\n|move|p1b: Arcanine|Extreme Speed|p2a: Chi-Yu\n|-damage|p2a: Chi-Yu|0 fnt\n|faint|p2a: Chi-Yu\n|move|p1a: Tornadus|Bleakwind Storm|p2b: Regidrago\n|-damage|p2b: Regidrago|12\/100\n|-unboost|p2b: Regidrago|spe|1\n|move|p2b: Regidrago|Draco Meteor|p1b: Arcanine\n|-damage|p1b: Arcanine|0 fnt\n|-unboost|p2b: Regidrago|spa|2\n|faint|p1b: Arcanine\n|\n|-sideend|p1: Stryke Out|move: Tailwind\n|-sideend|p2: thropper|move: Tailwind\n|upkeep\n|\n|t:|1699644488\n|switch|p1b: Gholdengo|Gholdengo, L50|100\/100\n|turn|5\n|\n|t:|1699644491\n|move|p1a: Tornadus|Tailwind|p1a: Tornadus\n|-sidestart|p1: Stryke Out|move: Tailwind\n|move|p1b: Gholdengo|Make It Rain|p2b: Regidrago\n|-damage|p2b: Regidrago|0 fnt\n|-unboost|p1b: Gholdengo|spa|1\n|faint|p2b: Regidrago\n|\n|win|Stryke Out\n|raw|Stryke Out's rating: 1284 &rarr; <strong>1308<\/strong><br \/>(+24 for winning)\n|raw|thropper's rating: 1266 &rarr; <strong>1242<\/strong><br \/>(-24 for losing)\n|l|\u2606thropper\n","uploadtime":1699644498,"views":13,"p1id":"strykeout","p2id":"thropper","formatid":"gen9vgc2023regulatione","rating":1242,"private":0,"password":""}