{"id":"gen9vgc2023regulatione-1988523050","p1":"tealmaskfunny","p2":"Smirne","format":"[Gen 9] VGC 2023 Regulation E","log":"|j|\u203dtealmaskfunny\n|j|\u2606Smirne\n|t:|1699732035\n|gametype|doubles\n|player|p1|tealmaskfunny|265|1432\n|player|p2|Smirne|dragontamer|1467\n|teamsize|p1|6\n|teamsize|p2|6\n|gen|9\n|tier|[Gen 9] VGC 2023 Regulation E\n|rated|\n|rule|Species Clause: Limit one of each Pok\u00e9mon\n|rule|Item Clause: Limit one of each item\n|clearpoke\n|poke|p1|Thundurus-Therian, L50, M|\n|poke|p1|Tornadus, L50, M|\n|poke|p1|Gholdengo, L50|\n|poke|p1|Amoonguss, L50, F|\n|poke|p1|Urshifu-*, L50, M|\n|poke|p1|Chien-Pao, L50|\n|poke|p2|Dragonite, L50, F|\n|poke|p2|Chien-Pao, L50|\n|poke|p2|Ogerpon-Hearthflame, L50, F|\n|poke|p2|Illumise, L50, F|\n|poke|p2|Urshifu-*, L50, M|\n|poke|p2|Flutter Mane, L50|\n|teampreview|4\ntealmaskfunny has agreed to open team sheets.\n|\n|t:|1699732089\n|start\n|switch|p1a: Gholdengo|Gholdengo, L50|100\/100\n|switch|p1b: Amoonguss|Amoonguss, L50, F|100\/100\n|switch|p2a: Dragonite|Dragonite, L50, F|100\/100\n|switch|p2b: Chien-Pao|Chien-Pao, L50|100\/100\n|-ability|p2b: Chien-Pao|Sword of Ruin\n|turn|1\n|\n|t:|1699732111\n|-terastallize|p1b: Amoonguss|Water\n|move|p2b: Chien-Pao|Protect|p2b: Chien-Pao\n|-singleturn|p2b: Chien-Pao|Protect\n|move|p1a: Gholdengo|Nasty Plot|p1a: Gholdengo\n|-boost|p1a: Gholdengo|spa|2\n|move|p2a: Dragonite|Aerial Ace|p1b: Amoonguss\n|-damage|p1b: Amoonguss|41\/100\n|-enditem|p1b: Amoonguss|Sitrus Berry|[eat]\n|-heal|p1b: Amoonguss|66\/100|[from] item: Sitrus Berry\n|move|p1b: Amoonguss|Spore|p2a: Dragonite\n|-status|p2a: Dragonite|slp|[from] move: Spore\n|\n|upkeep\n|turn|2\n|\n|t:|1699732134\n|switch|p2b: Ogerpon|Ogerpon-Hearthflame, L50, F|100\/100\n|-ability|p2b: Ogerpon|Mold Breaker\n|move|p1b: Amoonguss|Rage Powder|p1b: Amoonguss\n|-singleturn|p1b: Amoonguss|move: Rage Powder\n|move|p1a: Gholdengo|Make It Rain|p2b: Ogerpon|[spread] p2a,p2b\n|-resisted|p2b: Ogerpon\n|-damage|p2a: Dragonite|6\/100 slp\n|-damage|p2b: Ogerpon|47\/100\n|-unboost|p1a: Gholdengo|spa|1\n|cant|p2a: Dragonite|slp\n|\n|upkeep\n|turn|3\n|\n|t:|1699732164\n|switch|p1b: Tornadus|Tornadus, L50, M|100\/100\n|-terastallize|p2b: Ogerpon|Fire\n|detailschange|p2b: Ogerpon|Ogerpon-Hearthflame-Tera, L50, F, tera:Fire\n|-ability|p2b: Ogerpon|Embody Aspect (Hearthflame)|boost\n|-boost|p2b: Ogerpon|atk|1\n|move|p1a: Gholdengo|Protect|p1a: Gholdengo\n|-singleturn|p1a: Gholdengo|Protect\n|move|p2b: Ogerpon|Horn Leech|p1b: Tornadus\n|-resisted|p1b: Tornadus\n|-damage|p1b: Tornadus|45\/100\n|-heal|p2b: Ogerpon|74\/100|[from] drain|[of] p1b: Tornadus\n|cant|p2a: Dragonite|slp\n|\n|upkeep\n|turn|4\n|\n|t:|1699732203\n|move|p2b: Ogerpon|Spiky Shield|p2b: Ogerpon\n|-singleturn|p2b: Ogerpon|move: Protect\n|move|p1a: Gholdengo|Protect||[still]\n|-fail|p1a: Gholdengo\n|move|p1b: Tornadus|Bleakwind Storm|p2b: Ogerpon|[spread] p2a\n|-activate|p2b: Ogerpon|move: Protect\n|-damage|p2a: Dragonite|0 fnt\n|faint|p2a: Dragonite\n|\n|upkeep\n|\n|t:|1699732211\n|switch|p2a: Illumise|Illumise, L50, F|100\/100\n|turn|5\n|j| Lugiabirb\n|\n|t:|1699732221\n|move|p1a: Gholdengo|Protect|p1a: Gholdengo\n|-singleturn|p1a: Gholdengo|Protect\n|move|p1b: Tornadus|Taunt|p2a: Illumise\n|-start|p2a: Illumise|move: Taunt\n|-enditem|p2a: Illumise|Mental Herb\n|-end|p2a: Illumise|move: Taunt\n|move|p2a: Illumise|Tailwind|p2a: Illumise\n|-sidestart|p2: Smirne|move: Tailwind\n|move|p2b: Ogerpon|Ivy Cudgel|p1a: Gholdengo\n|-activate|p1a: Gholdengo|move: Protect\n|\n|upkeep\n|turn|6\n|\n|t:|1699732245\n|move|p2a: Illumise|Encore|p1b: Tornadus\n|-start|p1b: Tornadus|Encore\n|move|p1b: Tornadus|Taunt|p2a: Illumise\n|-start|p2a: Illumise|move: Taunt\n|move|p2b: Ogerpon|Ivy Cudgel|p1a: Gholdengo\n|-supereffective|p1a: Gholdengo\n|-damage|p1a: Gholdengo|0 fnt\n|faint|p1a: Gholdengo\n|\n|upkeep\n|\n|t:|1699732258\n|switch|p1a: Amoonguss|Amoonguss, L50, F, tera:Water|99\/100\n|turn|7\n|\n|t:|1699732267\n|switch|p2a: Chien-Pao|Chien-Pao, L50|100\/100\n|-ability|p2a: Chien-Pao|Sword of Ruin\n|switch|p1b: Urshifu|Urshifu-Rapid-Strike, L50, M|100\/100\n|move|p1a: Amoonguss|Protect|p1a: Amoonguss\n|-singleturn|p1a: Amoonguss|Protect\n|move|p2b: Ogerpon|Horn Leech|p1a: Amoonguss\n|-activate|p1a: Amoonguss|move: Protect\n|\n|upkeep\n|turn|8\n|\n|t:|1699732286\n|switch|p2a: Illumise|Illumise, L50, F|100\/100\n|move|p1a: Amoonguss|Rage Powder|p1a: Amoonguss\n|-singleturn|p1a: Amoonguss|move: Rage Powder\n|move|p2b: Ogerpon|Horn Leech|p1a: Amoonguss\n|-supereffective|p1a: Amoonguss\n|-damage|p1a: Amoonguss|0 fnt\n|-heal|p2b: Ogerpon|100\/100|[from] drain|[of] p1a: Amoonguss\n|faint|p1a: Amoonguss\n|move|p1b: Urshifu|Surging Strikes|p2b: Ogerpon\n|-supereffective|p2b: Ogerpon\n|-crit|p2b: Ogerpon\n|-damage|p2b: Ogerpon|45\/100\n|-supereffective|p2b: Ogerpon\n|-crit|p2b: Ogerpon\n|-damage|p2b: Ogerpon|0 fnt\n|faint|p2b: Ogerpon\n|-hitcount|p2: Ogerpon|2\n|\n|-sideend|p2: Smirne|move: Tailwind\n|upkeep\n|\n|t:|1699732296\n|switch|p2b: Chien-Pao|Chien-Pao, L50|100\/100\n|switch|p1a: Tornadus|Tornadus, L50, M|45\/100\n|-ability|p2b: Chien-Pao|Sword of Ruin\n|turn|9\n|\n|t:|1699732306\n|move|p1a: Tornadus|Tailwind|p1a: Tornadus\n|-sidestart|p1: tealmaskfunny|move: Tailwind\n|move|p2a: Illumise|Tailwind|p2a: Illumise\n|-sidestart|p2: Smirne|move: Tailwind\n|move|p1b: Urshifu|Surging Strikes|p2b: Chien-Pao\n|-crit|p2b: Chien-Pao\n|-damage|p2b: Chien-Pao|73\/100\n|-crit|p2b: Chien-Pao\n|-damage|p2b: Chien-Pao|42\/100\n|-crit|p2b: Chien-Pao\n|-damage|p2b: Chien-Pao|15\/100\n|-hitcount|p2b: Chien-Pao|3\n|move|p2b: Chien-Pao|Icicle Crash|p1a: Tornadus\n|-supereffective|p1a: Tornadus\n|-damage|p1a: Tornadus|0 fnt\n|faint|p1a: Tornadus\n|\n|upkeep\n|turn|10\n|\n|t:|1699732315\n|move|p2a: Illumise|Thunder Wave|p1b: Urshifu\n|-status|p1b: Urshifu|par\n|move|p2b: Chien-Pao|Icicle Crash|p1b: Urshifu\n|-resisted|p1b: Urshifu\n|-damage|p1b: Urshifu|68\/100 par\n|cant|p1b: Urshifu|par\n|\n|upkeep\n|turn|11\n|\n|t:|1699732327\n|move|p2b: Chien-Pao|Icicle Crash|p1b: Urshifu\n|-resisted|p1b: Urshifu\n|-damage|p1b: Urshifu|40\/100 par\n|cant|p1b: Urshifu|flinch\n|move|p2a: Illumise|Bug Buzz|p1b: Urshifu\n|-resisted|p1b: Urshifu\n|-damage|p1b: Urshifu|24\/100 par\n|\n|upkeep\n|turn|12\n|l| Lugiabirb\n|\n|t:|1699732341\n|move|p2b: Chien-Pao|Icicle Crash|p1b: Urshifu\n|-resisted|p1b: Urshifu\n|-damage|p1b: Urshifu|0 fnt\n|faint|p1b: Urshifu\n|\n|win|Smirne\n|raw|tealmaskfunny's rating: 1432 &rarr; <strong>1414<\/strong><br \/>(-18 for losing)\n|raw|Smirne's rating: 1467 &rarr; <strong>1485<\/strong><br \/>(+18 for winning)\n","uploadtime":1699732345,"views":31,"p1id":"tealmaskfunny","p2id":"smirne","formatid":"gen9vgc2023regulatione","rating":1414,"private":0,"password":""}