{"id":"gen9vgc2023regulatione-1999633140","p1":"Constantine25","p2":"LowEloGrind","format":"[Gen 9] VGC 2023 Regulation E","log":"|j|\u2606Constantine25\n|j|\u2606LowEloGrind\n|t:|1701103038\n|gametype|doubles\n|player|p1|Constantine25|101|1357\n|player|p2|LowEloGrind|1|1295\n|teamsize|p1|6\n|teamsize|p2|6\n|gen|9\n|tier|[Gen 9] VGC 2023 Regulation E\n|rated|\n|rule|Species Clause: Limit one of each Pok\u00e9mon\n|rule|Item Clause: Limit one of each item\n|clearpoke\n|poke|p1|Baxcalibur, L50, M|\n|poke|p1|Sinistcha, L50|\n|poke|p1|Moltres-Galar, L50|\n|poke|p1|Iron Hands, L50|\n|poke|p1|Kingambit, L50, F|\n|poke|p1|Tornadus, L50, M|\n|poke|p2|Iron Hands, L50|\n|poke|p2|Sinistcha, L50|\n|poke|p2|Arcanine-Hisui, L50, M|\n|poke|p2|Moltres-Galar, L50|\n|poke|p2|Iron Bundle, L50|\n|poke|p2|Ninetales-Alola, L50, M|\n|teampreview|4\n|inactive|Battle timer is ON: inactive players will automatically lose when time's up. (requested by LowEloGrind)\n|\n|t:|1701103117\n|start\n|switch|p1a: Baxcalibur|Baxcalibur, L50, M|100\/100\n|switch|p1b: Kingambit|Kingambit, L50, F|100\/100\n|switch|p2a: Under the Tree|Iron Bundle, L50|100\/100\n|switch|p2b: Snowing!!!!!|Ninetales-Alola, L50, M|100\/100\n|-weather|Snow|[from] ability: Snow Warning|[of] p2b: Snowing!!!!!\n|-enditem|p2a: Under the Tree|Booster Energy\n|-activate|p2a: Under the Tree|ability: Quark Drive|[fromitem]\n|-start|p2a: Under the Tree|quarkdrivespe\n|turn|1\n|inactive|Constantine25 has 30 seconds left.\n|\n|t:|1701103145\n|-end|p2a: Under the Tree|Quark Drive|[silent]\n|switch|p2a: Sanitized|Iron Hands, L50|100\/100\n|move|p2b: Snowing!!!!!|Protect|p2b: Snowing!!!!!\n|-singleturn|p2b: Snowing!!!!!|Protect\n|move|p1a: Baxcalibur|Iron Head|p2a: Sanitized\n|-resisted|p2a: Sanitized\n|-damage|p2a: Sanitized|89\/100\n|move|p1b: Kingambit|Iron Head|p2b: Snowing!!!!!\n|-activate|p2b: Snowing!!!!!|move: Protect\n|\n|-weather|Snow|[upkeep]\n|upkeep\n|turn|2\n|inactive|Constantine25 has 30 seconds left.\n|\n|t:|1701103179\n|move|p2b: Snowing!!!!!|Aurora Veil|p2b: Snowing!!!!!\n|-sidestart|p2: LowEloGrind|move: Aurora Veil\n|move|p1a: Baxcalibur|Icicle Spear|p2a: Sanitized\n|-damage|p2a: Sanitized|81\/100\n|-damage|p2a: Sanitized|74\/100\n|-damage|p2a: Sanitized|67\/100\n|-damage|p2a: Sanitized|60\/100\n|-damage|p2a: Sanitized|52\/100\n|-hitcount|p2a: Sanitized|5\n|move|p2a: Sanitized|Swords Dance|p2a: Sanitized\n|-boost|p2a: Sanitized|atk|2\n|move|p1b: Kingambit|Iron Head|p2b: Snowing!!!!!\n|-supereffective|p2b: Snowing!!!!!\n|-damage|p2b: Snowing!!!!!|0 fnt\n|faint|p2b: Snowing!!!!!\n|-damage|p1b: Kingambit|91\/100|[from] item: Life Orb\n|\n|-weather|Snow|[upkeep]\n|upkeep\n|\n|t:|1701103195\n|switch|p2b: Mint Hot Chocolate|Sinistcha, L50|100\/100\n|-heal|p2a: Sanitized|77\/100|[from] ability: Hospitality|[of] p2b: Mint Hot Chocolate\n|turn|3\n|\n|t:|1701103210\n|move|p1a: Baxcalibur|Icicle Spear|p2a: Sanitized\n|-damage|p2a: Sanitized|70\/100\n|-damage|p2a: Sanitized|63\/100\n|-damage|p2a: Sanitized|56\/100\n|-damage|p2a: Sanitized|49\/100\n|-damage|p2a: Sanitized|42\/100\n|-hitcount|p2a: Sanitized|5\n|move|p2b: Mint Hot Chocolate|Strength Sap|p1a: Baxcalibur\n|-unboost|p1a: Baxcalibur|atk|1\n|move|p2a: Sanitized|Drain Punch|p1b: Kingambit\n|-supereffective|p1b: Kingambit\n|-damage|p1b: Kingambit|0 fnt\n|-heal|p2a: Sanitized|81\/100|[from] drain|[of] p1b: Kingambit\n|faint|p1b: Kingambit\n|\n|-weather|Snow|[upkeep]\n|upkeep\n|\n|t:|1701103228\n|switch|p1b: Sinistcha|Sinistcha, L50|100\/100\n|turn|4\n|\n|t:|1701103246\n|switch|p2b: Under the Tree|Iron Bundle, L50|100\/100\n|-terastallize|p1a: Baxcalibur|Poison\n|-terastallize|p2a: Sanitized|Grass\n|move|p1a: Baxcalibur|Icicle Spear|p2b: Under the Tree\n|-resisted|p2b: Under the Tree\n|-damage|p2b: Under the Tree|99\/100\n|-resisted|p2b: Under the Tree\n|-damage|p2b: Under the Tree|98\/100\n|-resisted|p2b: Under the Tree\n|-damage|p2b: Under the Tree|96\/100\n|-resisted|p2b: Under the Tree\n|-damage|p2b: Under the Tree|95\/100\n|-resisted|p2b: Under the Tree\n|-damage|p2b: Under the Tree|93\/100\n|-hitcount|p2b: Under the Tree|5\n|move|p1b: Sinistcha|Matcha Gotcha|p2b: Under the Tree|[spread] p2a,p2b\n|-resisted|p2a: Sanitized\n|-supereffective|p2b: Under the Tree\n|-damage|p2a: Sanitized|75\/100\n|-damage|p2b: Under the Tree|43\/100\n|-status|p2a: Sanitized|brn\n|-status|p2b: Under the Tree|brn\n|move|p2a: Sanitized|Drain Punch|p1a: Baxcalibur\n|-resisted|p1a: Baxcalibur\n|-damage|p1a: Baxcalibur|81\/100\n|-heal|p2a: Sanitized|83\/100 brn|[from] drain|[of] p1a: Baxcalibur\n|\n|-weather|Snow|[upkeep]\n|-damage|p2b: Under the Tree|37\/100 brn|[from] brn\n|-damage|p2a: Sanitized|77\/100 brn|[from] brn\n|upkeep\n|turn|5\n|inactive|Constantine25 has 30 seconds left.\n|inactive|LowEloGrind has 30 seconds left.\n|inactive|Constantine25 has 20 seconds left.\n|\n|t:|1701103281\n|switch|p1b: Iron Hands|Iron Hands, L50|100\/100\n|move|p2b: Under the Tree|Freeze-Dry|p1b: Iron Hands\n|-damage|p1b: Iron Hands|67\/100\n|move|p1a: Baxcalibur|Icicle Spear|p2a: Sanitized\n|-supereffective|p2a: Sanitized\n|-damage|p2a: Sanitized|67\/100 brn\n|-supereffective|p2a: Sanitized\n|-damage|p2a: Sanitized|56\/100 brn\n|-supereffective|p2a: Sanitized\n|-damage|p2a: Sanitized|48\/100 brn\n|-supereffective|p2a: Sanitized\n|-damage|p2a: Sanitized|38\/100 brn\n|-hitcount|p2a: Sanitized|4\n|move|p2a: Sanitized|Swords Dance|p2a: Sanitized\n|-boost|p2a: Sanitized|atk|2\n|\n|-weather|none\n|-damage|p2b: Under the Tree|31\/100 brn|[from] brn\n|-damage|p2a: Sanitized|31\/100 brn|[from] brn\n|upkeep\n|turn|6\n|inactive|Constantine25 has 30 seconds left.\n|inactive|LowEloGrind has 30 seconds left.\n|\n|t:|1701103315\n|move|p2a: Sanitized|Detect|p2a: Sanitized\n|-singleturn|p2a: Sanitized|Protect\n|move|p1b: Iron Hands|Fake Out|p2a: Sanitized\n|-activate|p2a: Sanitized|move: Protect\n|move|p2b: Under the Tree|Icy Wind|p1b: Iron Hands|[spread] p1a,p1b\n|-damage|p1a: Baxcalibur|60\/100\n|-damage|p1b: Iron Hands|50\/100\n|-unboost|p1a: Baxcalibur|spe|1\n|-unboost|p1b: Iron Hands|spe|1\n|-enditem|p1b: Iron Hands|Sitrus Berry|[eat]\n|-heal|p1b: Iron Hands|74\/100|[from] item: Sitrus Berry\n|move|p1a: Baxcalibur|Icicle Spear|p2b: Under the Tree\n|-resisted|p2b: Under the Tree\n|-damage|p2b: Under the Tree|29\/100 brn\n|-resisted|p2b: Under the Tree\n|-damage|p2b: Under the Tree|27\/100 brn\n|-resisted|p2b: Under the Tree\n|-damage|p2b: Under the Tree|25\/100 brn\n|-resisted|p2b: Under the Tree\n|-damage|p2b: Under the Tree|22\/100 brn\n|-hitcount|p2b: Under the Tree|4\n|\n|-damage|p2b: Under the Tree|17\/100 brn|[from] brn\n|-damage|p2a: Sanitized|25\/100 brn|[from] brn\n|upkeep\n|turn|7\n|inactive|Constantine25 has 30 seconds left.\n|\n|t:|1701103348\n|-end|p2b: Under the Tree|Quark Drive|[silent]\n|switch|p2b: Mint Hot Chocolate|Sinistcha, L50|100\/100\n|-heal|p2a: Sanitized|50\/100 brn|[from] ability: Hospitality|[of] p2b: Mint Hot Chocolate\n|move|p1a: Baxcalibur|Icicle Spear|p2a: Sanitized\n|-supereffective|p2a: Sanitized\n|-damage|p2a: Sanitized|41\/100 brn\n|-supereffective|p2a: Sanitized\n|-damage|p2a: Sanitized|33\/100 brn\n|-supereffective|p2a: Sanitized\n|-damage|p2a: Sanitized|24\/100 brn\n|-supereffective|p2a: Sanitized\n|-damage|p2a: Sanitized|15\/100 brn\n|-hitcount|p2a: Sanitized|4\n|move|p2a: Sanitized|Drain Punch|p1b: Iron Hands\n|-damage|p1b: Iron Hands|33\/100\n|-heal|p2a: Sanitized|38\/100 brn|[from] drain|[of] p1b: Iron Hands\n|move|p1b: Iron Hands|Wild Charge|p2a: Sanitized\n|-resisted|p2a: Sanitized\n|-damage|p2a: Sanitized|25\/100 brn\n|-damage|p1b: Iron Hands|30\/100|[from] Recoil\n|\n|-damage|p2a: Sanitized|19\/100 brn|[from] brn\n|upkeep\n|turn|8\n|inactive|Constantine25 has 30 seconds left.\n|inactive|LowEloGrind has 30 seconds left.\n|inactive|Constantine25 has 20 seconds left.\n|\n|t:|1701103384\n|switch|p1a: Sinistcha|Sinistcha, L50|100\/100\n|-heal|p1b: Iron Hands|55\/100|[from] ability: Hospitality|[of] p1a: Sinistcha\n|move|p2b: Mint Hot Chocolate|Rage Powder|p2b: Mint Hot Chocolate\n|-singleturn|p2b: Mint Hot Chocolate|move: Rage Powder\n|move|p2a: Sanitized|Drain Punch|p1b: Iron Hands\n|-damage|p1b: Iron Hands|18\/100\n|-heal|p2a: Sanitized|39\/100 brn|[from] drain|[of] p1b: Iron Hands\n|move|p1b: Iron Hands|Wild Charge|p2b: Mint Hot Chocolate\n|-resisted|p2b: Mint Hot Chocolate\n|-damage|p2b: Mint Hot Chocolate|85\/100\n|-damage|p1b: Iron Hands|15\/100|[from] Recoil\n|\n|-damage|p2a: Sanitized|33\/100 brn|[from] brn\n|upkeep\n|turn|9\n|\n|t:|1701103403\n|move|p2b: Mint Hot Chocolate|Rage Powder|p2b: Mint Hot Chocolate\n|-singleturn|p2b: Mint Hot Chocolate|move: Rage Powder\n|move|p1a: Sinistcha|Matcha Gotcha|p2a: Sanitized|[spread] p2a,p2b\n|-resisted|p2a: Sanitized\n|-resisted|p2b: Mint Hot Chocolate\n|-damage|p2a: Sanitized|26\/100 brn\n|-damage|p2b: Mint Hot Chocolate|78\/100\n|move|p2a: Sanitized|Drain Punch|p1b: Iron Hands\n|-damage|p1b: Iron Hands|0 fnt\n|-heal|p2a: Sanitized|34\/100 brn|[from] drain|[of] p1b: Iron Hands\n|faint|p1b: Iron Hands\n|-end|p1b: Iron Hands|Quark Drive|[silent]\n|\n|-damage|p2a: Sanitized|28\/100 brn|[from] brn\n|-sideend|p2: LowEloGrind|move: Aurora Veil\n|upkeep\n|\n|t:|1701103415\n|switch|p1b: Baxcalibur|Baxcalibur, L50, M, tera:Poison|60\/100\n|turn|10\n|\n|t:|1701103424\n|switch|p2b: Under the Tree|Iron Bundle, L50|17\/100 brn\n|move|p1a: Sinistcha|Rage Powder|p1a: Sinistcha\n|-singleturn|p1a: Sinistcha|move: Rage Powder\n|move|p1b: Baxcalibur|Icicle Spear|p2b: Under the Tree\n|-resisted|p2b: Under the Tree\n|-damage|p2b: Under the Tree|12\/100 brn\n|-resisted|p2b: Under the Tree\n|-damage|p2b: Under the Tree|8\/100 brn\n|-resisted|p2b: Under the Tree\n|-damage|p2b: Under the Tree|3\/100 brn\n|-resisted|p2b: Under the Tree\n|-damage|p2b: Under the Tree|0 fnt\n|faint|p2b: Under the Tree\n|-end|p2b: Under the Tree|Quark Drive|[silent]\n|-hitcount|p2: Under the Tree|4\n|move|p2a: Sanitized|Thunder Punch|p1b: Baxcalibur\n|-damage|p1b: Baxcalibur|2\/100\n|\n|-damage|p2a: Sanitized|21\/100 brn|[from] brn\n|upkeep\n|\n|t:|1701103439\n|switch|p2b: Mint Hot Chocolate|Sinistcha, L50|78\/100\n|-heal|p2a: Sanitized|46\/100 brn|[from] ability: Hospitality|[of] p2b: Mint Hot Chocolate\n|turn|11\n|\n|t:|1701103455\n|move|p1b: Baxcalibur|Protect|p1b: Baxcalibur\n|-singleturn|p1b: Baxcalibur|Protect\n|move|p2b: Mint Hot Chocolate|Protect|p2b: Mint Hot Chocolate\n|-singleturn|p2b: Mint Hot Chocolate|Protect\n|move|p1a: Sinistcha|Matcha Gotcha|p2b: Mint Hot Chocolate|[spread] p2a\n|-activate|p2b: Mint Hot Chocolate|move: Protect\n|-resisted|p2a: Sanitized\n|-damage|p2a: Sanitized|36\/100 brn\n|move|p2a: Sanitized|Thunder Punch|p1b: Baxcalibur\n|-activate|p1b: Baxcalibur|move: Protect\n|\n|-damage|p2a: Sanitized|30\/100 brn|[from] brn\n|upkeep\n|turn|12\n|\n|t:|1701103480\n|move|p2b: Mint Hot Chocolate|Protect||[still]\n|-fail|p2b: Mint Hot Chocolate\n|move|p1b: Baxcalibur|Icicle Spear|p2b: Mint Hot Chocolate\n|-supereffective|p2b: Mint Hot Chocolate\n|-damage|p2b: Mint Hot Chocolate|49\/100\n|-supereffective|p2b: Mint Hot Chocolate\n|-damage|p2b: Mint Hot Chocolate|22\/100\n|-supereffective|p2b: Mint Hot Chocolate\n|-damage|p2b: Mint Hot Chocolate|0 fnt\n|faint|p2b: Mint Hot Chocolate\n|-hitcount|p2: Mint Hot Chocolate|3\n|move|p1a: Sinistcha|Matcha Gotcha|p2a: Sanitized\n|-resisted|p2a: Sanitized\n|-damage|p2a: Sanitized|16\/100 brn\n|move|p2a: Sanitized|Thunder Punch|p1a: Sinistcha\n|-resisted|p1a: Sinistcha\n|-damage|p1a: Sinistcha|76\/100\n|\n|-damage|p2a: Sanitized|10\/100 brn|[from] brn\n|upkeep\n|turn|13\n|-message|LowEloGrind forfeited.\n|\n|win|Constantine25\n|raw|Constantine25's rating: 1357 &rarr; <strong>1373<\/strong><br \/>(+16 for winning)\n|raw|LowEloGrind's rating: 1295 &rarr; <strong>1274<\/strong><br \/>(-21 for losing)\n","uploadtime":1701103505,"views":7,"p1id":"constantine25","p2id":"lowelogrind","formatid":"gen9vgc2023regulatione","rating":1274,"private":0,"password":""}