{"id":"gen9vgc2023regulatione-1996686055","p1":"Mr.X&Y97","p2":"thegiantfan72","format":"[Gen 9] VGC 2023 Regulation E","log":"|j|\u2606Mr.X&Y97\n|j|\u2606thegiantfan72\n|t:|1700709617\n|gametype|doubles\n|player|p1|Mr.X&Y97|ingo|1223\n|player|p2|thegiantfan72|169|1319\n|teamsize|p1|6\n|teamsize|p2|6\n|gen|9\n|tier|[Gen 9] VGC 2023 Regulation E\n|rated|\n|rule|Species Clause: Limit one of each Pok\u00e9mon\n|rule|Item Clause: Limit one of each item\n|clearpoke\n|poke|p1|Ogerpon-Wellspring, L50, F|\n|poke|p1|Conkeldurr, L50, M|\n|poke|p1|Munkidori, L50, M|\n|poke|p1|Landorus-Therian, L50, M|\n|poke|p1|Tornadus, L50, M|\n|poke|p1|Gholdengo, L50|\n|poke|p2|Milotic, L50, M|\n|poke|p2|Ogerpon-Hearthflame, L50, F|\n|poke|p2|Iron Hands, L50|\n|poke|p2|Flutter Mane, L50|\n|poke|p2|Illumise, L50, F|\n|poke|p2|Weezing, L50, M|\n|teampreview|4\n|inactive|Battle timer is ON: inactive players will automatically lose when time's up. (requested by Mr.X&Y97)\nMr.X&Y97 rejected open team sheets.\n|\n|t:|1700709633\n|start\n|switch|p1a: Munkidori|Munkidori, L50, M|100\/100\n|switch|p1b: Landorus|Landorus-Therian, L50, M|100\/100\n|switch|p2a: Illumise|Illumise, L50, F|100\/100\n|switch|p2b: Ogerpon|Ogerpon-Hearthflame, L50, F|100\/100\n|-ability|p1b: Landorus|Intimidate|boost\n|-unboost|p2a: Illumise|atk|1\n|-unboost|p2b: Ogerpon|atk|1\n|-ability|p2b: Ogerpon|Mold Breaker\n|turn|1\n|inactive|thegiantfan72 has 30 seconds left.\n|\n|t:|1700709665\n|-terastallize|p1b: Landorus|Flying\n|move|p1a: Munkidori|Fake Out|p2a: Illumise\n|-damage|p2a: Illumise|90\/100\n|-status|p2a: Illumise|tox|[from] ability: Toxic Chain|[of] p1a: Munkidori\n|cant|p2a: Illumise|flinch\n|move|p1b: Landorus|Tera Blast|p2b: Ogerpon|[anim] Tera Blast Flying\n|-supereffective|p2b: Ogerpon\n|-damage|p2b: Ogerpon|0 fnt\n|faint|p2b: Ogerpon\n|\n|-damage|p2a: Illumise|84\/100 tox|[from] psn\n|upkeep\n|\n|t:|1700709672\n|switch|p2b: Flutter Mane|Flutter Mane, L50|100\/100\n|turn|2\n|\n|t:|1700709690\n|switch|p1b: Gholdengo|Gholdengo, L50|100\/100\n|move|p2a: Illumise|Tailwind|p2a: Illumise\n|-sidestart|p2: thegiantfan72|move: Tailwind\n|move|p2b: Flutter Mane|Power Gem|p1b: Gholdengo\n|-resisted|p1b: Gholdengo\n|-damage|p1b: Gholdengo|77\/100\n|move|p1a: Munkidori|Sludge Wave|p2b: Flutter Mane|[spread] p2a,p2b\n|-immune|p1b: Gholdengo\n|-damage|p2a: Illumise|51\/100 tox\n|-damage|p2b: Flutter Mane|66\/100\n|-status|p2b: Flutter Mane|tox|[from] ability: Toxic Chain|[of] p1a: Munkidori\n|\n|-damage|p2b: Flutter Mane|60\/100 tox|[from] psn\n|-damage|p2a: Illumise|39\/100 tox|[from] psn\n|upkeep\n|turn|3\n|inactive|Mr.X&Y97 has 30 seconds left.\n|\n|t:|1700709723\n|-end|p2b: Flutter Mane|Protosynthesis|[silent]\n|switch|p2b: Iron Hands|Iron Hands, L50|100\/100\n|move|p2a: Illumise|Struggle Bug|p1a: Munkidori|[spread] p1a,p1b\n|-resisted|p1b: Gholdengo\n|-crit|p1b: Gholdengo\n|-damage|p1a: Munkidori|88\/100\n|-damage|p1b: Gholdengo|73\/100\n|-unboost|p1a: Munkidori|spa|1\n|-unboost|p1b: Gholdengo|spa|1\n|move|p1a: Munkidori|Sludge Wave|p2a: Illumise|[spread] p2a,p2b\n|-immune|p1b: Gholdengo\n|-damage|p2a: Illumise|18\/100 tox\n|-damage|p2b: Iron Hands|84\/100\n|move|p1b: Gholdengo|Make It Rain|p2b: Iron Hands|[spread] p2a,p2b\n|-resisted|p2b: Iron Hands\n|-damage|p2a: Illumise|0 fnt\n|-damage|p2b: Iron Hands|71\/100\n|-unboost|p1b: Gholdengo|spa|1\n|faint|p2a: Illumise\n|\n|upkeep\n|\n|t:|1700709726\n|switch|p2a: Flutter Mane|Flutter Mane, L50|60\/100 tox\n|turn|4\n|\n|t:|1700709744\n|switch|p1a: Landorus|Landorus-Therian, L50, M, tera:Flying|100\/100\n|-ability|p1a: Landorus|Intimidate|boost\n|-unboost|p2a: Flutter Mane|atk|1\n|-unboost|p2b: Iron Hands|atk|1\n|switch|p1b: Tornadus|Tornadus, L50, M|100\/100\n|move|p2a: Flutter Mane|Shadow Ball|p1a: Landorus\n|-crit|p1a: Landorus\n|-damage|p1a: Landorus|0 fnt\n|faint|p1a: Landorus\n|move|p2b: Iron Hands|Wild Charge|p1b: Tornadus\n|-supereffective|p1b: Tornadus\n|-damage|p1b: Tornadus|0 fnt\n|faint|p1b: Tornadus\n|-damage|p2b: Iron Hands|56\/100|[from] Recoil\n|\n|-damage|p2a: Flutter Mane|54\/100 tox|[from] psn\n|upkeep\n|\n|t:|1700709746\n|switch|p1b: Gholdengo|Gholdengo, L50|73\/100\n|switch|p1a: Munkidori|Munkidori, L50, M|88\/100\n|turn|5\n|inactive|thegiantfan72 has 30 seconds left.\n|\n|t:|1700709773\n|move|p1a: Munkidori|Fake Out|p2b: Iron Hands\n|-damage|p2b: Iron Hands|51\/100\n|move|p2a: Flutter Mane|Shadow Ball|p1a: Munkidori\n|-supereffective|p1a: Munkidori\n|-damage|p1a: Munkidori|0 fnt\n|faint|p1a: Munkidori\n|cant|p2b: Iron Hands|flinch\n|move|p1b: Gholdengo|Make It Rain|p2b: Iron Hands|[spread] p2a,p2b\n|-supereffective|p2a: Flutter Mane\n|-resisted|p2b: Iron Hands\n|-damage|p2a: Flutter Mane|0 fnt\n|-damage|p2b: Iron Hands|34\/100\n|-unboost|p1b: Gholdengo|spa|1\n|faint|p2a: Flutter Mane\n|-end|p2a: Flutter Mane|Protosynthesis|[silent]\n|\n|-sideend|p2: thegiantfan72|move: Tailwind\n|upkeep\n|turn|6\n|\n|t:|1700709791\n|move|p1b: Gholdengo|Make It Rain|p2b: Iron Hands\n|-resisted|p2b: Iron Hands\n|-damage|p2b: Iron Hands|18\/100\n|-unboost|p1b: Gholdengo|spa|1\n|move|p2b: Iron Hands|Wild Charge|p1b: Gholdengo\n|-damage|p1b: Gholdengo|37\/100\n|-damage|p2b: Iron Hands|11\/100|[from] Recoil\n|\n|upkeep\n|turn|7\n|\n|t:|1700709800\n|move|p1b: Gholdengo|Make It Rain|p2b: Iron Hands\n|-resisted|p2b: Iron Hands\n|-damage|p2b: Iron Hands|0 fnt\n|-unboost|p1b: Gholdengo|spa|1\n|faint|p2b: Iron Hands\n|-end|p2b: Iron Hands|Quark Drive|[silent]\n|\n|win|Mr.X&Y97\n|raw|Mr.X&amp;Y97's rating: 1223 &rarr; <strong>1253<\/strong><br \/>(+30 for winning)\n|raw|thegiantfan72's rating: 1299 &rarr; <strong>1269<\/strong><br \/>(-30 for losing)\n|l|\u2606thegiantfan72\n","uploadtime":1700709810,"views":7,"p1id":"mrxy97","p2id":"thegiantfan72","formatid":"gen9vgc2023regulatione","rating":1253,"private":0,"password":""}