{"id":"gen9vgc2023regulatione-1999909851","p1":"Pyrus 1045","p2":"Reddpoke","format":"[Gen 9] VGC 2023 Regulation E","log":"|j|\u2606Pyrus 1045\n|j|\u2606Reddpoke\n|t:|1701128972\n|gametype|doubles\n|player|p1|Pyrus 1045|2|1200\n|player|p2|Reddpoke|riley|1259\n|teamsize|p1|6\n|teamsize|p2|6\n|gen|9\n|tier|[Gen 9] VGC 2023 Regulation E\n|rated|\n|rule|Species Clause: Limit one of each Pok\u00e9mon\n|rule|Item Clause: Limit one of each item\n|clearpoke\n|poke|p1|Arcanine-Hisui, L50, F|\n|poke|p1|Ogerpon-Wellspring, L50, F|\n|poke|p1|Tornadus, L50, M|\n|poke|p1|Flutter Mane, L50|\n|poke|p1|Ursaluna-Bloodmoon, L50, M|\n|poke|p1|Iron Hands, L50|\n|poke|p2|Dipplin, L50, M|\n|poke|p2|Indeedee-F, L50, F|\n|poke|p2|Armarouge, L50, M|\n|poke|p2|Gastrodon, L50, F|\n|poke|p2|Conkeldurr, L50, M|\n|poke|p2|Kingambit, L50, M|\n|teampreview|4\nReddpoke has agreed to open team sheets.\n|\n|t:|1701129000\n|start\n|switch|p1a: Tornadus|Tornadus, L50, M|100\/100\n|switch|p1b: Flutter Mane|Flutter Mane, L50|100\/100\n|switch|p2a: Indeedee|Indeedee-F, L50, F, shiny|100\/100\n|switch|p2b: Armarouge|Armarouge, L50, M, shiny|100\/100\n|-fieldstart|move: Psychic Terrain|[from] ability: Psychic Surge|[of] p2a: Indeedee\n|-enditem|p2a: Indeedee|Psychic Seed\n|-boost|p2a: Indeedee|spd|1|[from] item: Psychic Seed\n|turn|1\n|\n|t:|1701129017\n|move|p2b: Armarouge|Protect|p2b: Armarouge\n|-singleturn|p2b: Armarouge|Protect\n|move|p1a: Tornadus|Tailwind|p1a: Tornadus\n|-sidestart|p1: Pyrus 1045|move: Tailwind\n|move|p1b: Flutter Mane|Dazzling Gleam|p2a: Indeedee|[spread] p2a\n|-activate|p2b: Armarouge|move: Protect\n|-damage|p2a: Indeedee|68\/100\n|move|p2a: Indeedee|Trick Room|p2a: Indeedee\n|-fieldstart|move: Trick Room|[of] p2a: Indeedee\n|\n|upkeep\n|turn|2\n|\n|t:|1701129036\n|-end|p1b: Flutter Mane|Protosynthesis|[silent]\n|switch|p1b: Ursaluna|Ursaluna-Bloodmoon, L50, M|100\/100\n|move|p2a: Indeedee|Helping Hand|p2b: Armarouge\n|-singleturn|p2b: Armarouge|Helping Hand|[of] p2a: Indeedee\n|move|p2b: Armarouge|Expanding Force|p1b: Ursaluna|[spread] p1a,p1b\n|-damage|p1a: Tornadus|7\/100\n|-damage|p1b: Ursaluna|0 fnt\n|faint|p1b: Ursaluna\n|-damage|p2b: Armarouge|91\/100|[from] item: Life Orb\n|move|p1a: Tornadus|Bleakwind Storm|p2b: Armarouge|[spread] p2a,p2b\n|-damage|p2a: Indeedee|48\/100\n|-damage|p2b: Armarouge|56\/100\n|-unboost|p2a: Indeedee|spe|1\n|\n|upkeep\n|\n|t:|1701129052\n|switch|p1b: Ogerpon|Ogerpon-Wellspring, L50, F|100\/100\n|turn|3\n|\n|t:|1701129067\n|move|p1b: Ogerpon|Spiky Shield|p1b: Ogerpon\n|-singleturn|p1b: Ogerpon|move: Protect\n|move|p2a: Indeedee|Dazzling Gleam|p1a: Tornadus|[spread] p1a\n|-activate|p1b: Ogerpon|move: Protect\n|-damage|p1a: Tornadus|0 fnt\n|faint|p1a: Tornadus\n|move|p2b: Armarouge|Heat Wave|p1b: Ogerpon\n|-activate|p1b: Ogerpon|move: Protect\n|\n|upkeep\n|\n|t:|1701129077\n|switch|p1a: Flutter Mane|Flutter Mane, L50|100\/100\n|turn|4\n|\n|t:|1701129115\n|switch|p2a: Gastrodon|Gastrodon, L50, F, shiny|100\/100\n|move|p2b: Armarouge|Expanding Force|p1b: Ogerpon|[spread] p1a,p1b\n|-damage|p1a: Flutter Mane|16\/100\n|-damage|p1b: Ogerpon|9\/100\n|-damage|p2b: Armarouge|46\/100|[from] item: Life Orb\n|move|p1b: Ogerpon|Ivy Cudgel|p2a: Gastrodon|[anim] Ivy Cudgel Water\n|-ability|p2a: Gastrodon|Storm Drain|boost\n|-boost|p2a: Gastrodon|spa|1\n|move|p1a: Flutter Mane|Shadow Ball|p2b: Armarouge\n|-supereffective|p2b: Armarouge\n|-damage|p2b: Armarouge|0 fnt\n|faint|p2b: Armarouge\n|\n|-sideend|p1: Pyrus 1045|move: Tailwind\n|upkeep\n|\n|t:|1701129130\n|switch|p2b: Kingambit|Kingambit, L50, M, shiny|100\/100\n|turn|5\n|\n|t:|1701129156\n|move|p2b: Kingambit|Sucker Punch|p1a: Flutter Mane\n|-activate|p1a: Flutter Mane|move: Psychic Terrain\n|move|p2a: Gastrodon|Earth Power|p1a: Flutter Mane\n|-damage|p1a: Flutter Mane|0 fnt\n|faint|p1a: Flutter Mane\n|-end|p1a: Flutter Mane|Protosynthesis|[silent]\n|move|p1b: Ogerpon|Horn Leech|p2a: Gastrodon\n|-supereffective|p2a: Gastrodon\n|-damage|p2a: Gastrodon|0 fnt\n|-heal|p1b: Ogerpon|77\/100|[from] drain|[of] p2a: Gastrodon\n|faint|p2a: Gastrodon\n|\n|-fieldend|move: Trick Room\n|-fieldend|move: Psychic Terrain\n|upkeep\n|\n|t:|1701129161\n|switch|p2a: Indeedee|Indeedee-F, L50, F, shiny|48\/100\n|-fieldstart|move: Psychic Terrain|[from] ability: Psychic Surge|[of] p2a: Indeedee\n|turn|6\n|\n|t:|1701129181\n|-terastallize|p2b: Kingambit|Flying\n|move|p2a: Indeedee|Helping Hand|p2b: Kingambit\n|-singleturn|p2b: Kingambit|Helping Hand|[of] p2a: Indeedee\n|move|p1b: Ogerpon|Horn Leech|p2a: Indeedee\n|-damage|p2a: Indeedee|0 fnt\n|-heal|p1b: Ogerpon|100\/100|[from] drain|[of] p2a: Indeedee\n|faint|p2a: Indeedee\n|move|p2b: Kingambit|Tera Blast|p1b: Ogerpon|[anim] Tera Blast Flying\n|-supereffective|p1b: Ogerpon\n|-damage|p1b: Ogerpon|0 fnt\n|faint|p1b: Ogerpon\n|\n|win|Reddpoke\n|raw|Pyrus 1045's rating: 1200 &rarr; <strong>1179<\/strong><br \/>(-21 for losing)\n|raw|Reddpoke's rating: 1259 &rarr; <strong>1280<\/strong><br \/>(+21 for winning)\n|c|\u2606Reddpoke|GG\n|l|\u2606Reddpoke\n","uploadtime":1701129198,"views":2,"p1id":"pyrus1045","p2id":"reddpoke","formatid":"gen9vgc2023regulatione","rating":1179,"private":0,"password":""}