{"id":"gen9vgc2023regulatione-1992336984","p1":"Gourstru","p2":"Kzrjzhzk","format":"[Gen 9] VGC 2023 Regulation E","log":"|j|\u2606Gourstru\n|j|\u2606Kzrjzhzk\n|t:|1700176085\n|gametype|doubles\n|player|p1|Gourstru|roughneck-gen4|1115\n|player|p2|Kzrjzhzk|lance|1000\n|teamsize|p1|6\n|teamsize|p2|6\n|gen|9\n|tier|[Gen 9] VGC 2023 Regulation E\n|rated|\n|rule|Species Clause: Limit one of each Pok\u00e9mon\n|rule|Item Clause: Limit one of each item\n|clearpoke\n|poke|p1|Pincurchin, L50, F|\n|poke|p1|Regieleki, L50|\n|poke|p1|Sinistcha, L50|\n|poke|p1|Iron Hands, L50|\n|poke|p1|Farigiraf, L50, M|\n|poke|p1|Kommo-o, L50, F|\n|poke|p2|Flutter Mane, L50|\n|poke|p2|Tornadus, L50, M|\n|poke|p2|Rillaboom, L50, M|\n|poke|p2|Garganacl, L50, F|\n|poke|p2|Arcanine-Hisui, L50, M|\n|poke|p2|Chien-Pao, L50|\n|teampreview|4\n|\n|t:|1700176107\n|start\n|switch|p1a: Pincurchin|Pincurchin, L50, F|100\/100\n|switch|p1b: Regieleki|Regieleki, L50|100\/100\n|switch|p2a: Tornadus|Tornadus, L50, M|100\/100\n|switch|p2b: Garganacl|Garganacl, L50, F|100\/100\n|-fieldstart|move: Electric Terrain|[from] ability: Electric Surge|[of] p1a: Pincurchin\n|turn|1\n|\n|t:|1700176116\n|switch|p2a: Rillaboom|Rillaboom, L50, M|100\/100\n|-fieldstart|move: Grassy Terrain|[from] ability: Grassy Surge|[of] p2a: Rillaboom\n|-terastallize|p2b: Garganacl|Ghost\n|move|p1b: Regieleki|Volt Switch|p2a: Rillaboom\n|-resisted|p2a: Rillaboom\n|-damage|p2a: Rillaboom|86\/100\n|\n|t:|1700176133\n|switch|p1b: Kommo-o|Kommo-o, L50, F|100\/100|[from] Volt Switch\n|move|p2b: Garganacl|Salt Cure|p1b: Kommo-o\n|-resisted|p1b: Kommo-o\n|-damage|p1b: Kommo-o|96\/100\n|-start|p1b: Kommo-o|Salt Cure\n|move|p1a: Pincurchin|Scald|p2b: Garganacl\n|-damage|p2b: Garganacl|88\/100\n|\n|-heal|p1b: Kommo-o|100\/100|[from] Grassy Terrain\n|-heal|p2a: Rillaboom|92\/100|[from] Grassy Terrain\n|-heal|p2b: Garganacl|94\/100|[from] Grassy Terrain\n|-damage|p1b: Kommo-o|88\/100|[from] Salt Cure\n|upkeep\n|turn|2\n|\n|t:|1700176158\n|switch|p1b: Regieleki|Regieleki, L50|100\/100\n|switch|p1a: Sinistcha|Sinistcha, L50|100\/100\n|move|p2a: Rillaboom|Fake Out|p1b: Regieleki\n|-crit|p1b: Regieleki\n|-damage|p1b: Regieleki|56\/100\n|move|p2b: Garganacl|Salt Cure|p1a: Sinistcha\n|-damage|p1a: Sinistcha|88\/100\n|-start|p1a: Sinistcha|Salt Cure\n|\n|-heal|p1b: Regieleki|62\/100|[from] Grassy Terrain\n|-heal|p2a: Rillaboom|98\/100|[from] Grassy Terrain\n|-heal|p1a: Sinistcha|94\/100|[from] Grassy Terrain\n|-heal|p2b: Garganacl|99\/100|[from] Grassy Terrain\n|-damage|p1a: Sinistcha|82\/100|[from] Salt Cure\n|upkeep\n|turn|3\n|\n|t:|1700176168\n|switch|p1a: Pincurchin|Pincurchin, L50, F|100\/100\n|-fieldstart|move: Electric Terrain|[from] ability: Electric Surge|[of] p1a: Pincurchin\n|-terastallize|p1b: Regieleki|Ice\n|move|p1b: Regieleki|Tera Blast|p2a: Rillaboom|[anim] Tera Blast Ice\n|-supereffective|p2a: Rillaboom\n|-damage|p2a: Rillaboom|40\/100\n|move|p2a: Rillaboom|Wood Hammer|p1b: Regieleki\n|-damage|p1b: Regieleki|0 fnt\n|faint|p1b: Regieleki\n|-damage|p2a: Rillaboom|25\/100|[from] Recoil\n|move|p2b: Garganacl|Salt Cure|p1a: Pincurchin\n|-damage|p1a: Pincurchin|83\/100\n|-start|p1a: Pincurchin|Salt Cure\n|\n|-damage|p1a: Pincurchin|71\/100|[from] Salt Cure\n|upkeep\n|\n|t:|1700176181\n|switch|p1b: Kommo-o|Kommo-o, L50, F|88\/100\n|-enditem|p1b: Kommo-o|Electric Seed\n|-boost|p1b: Kommo-o|def|1|[from] item: Electric Seed\n|turn|4\n|\n|t:|1700176199\n|move|p1b: Kommo-o|Body Press|p2a: Rillaboom\n|-damage|p2a: Rillaboom|0 fnt\n|faint|p2a: Rillaboom\n|move|p2b: Garganacl|Salt Cure|p1b: Kommo-o\n|-resisted|p1b: Kommo-o\n|-damage|p1b: Kommo-o|85\/100\n|-start|p1b: Kommo-o|Salt Cure\n|move|p1a: Pincurchin|Wild Charge|p2b: Garganacl\n|-damage|p2b: Garganacl|58\/100\n|-damage|p1a: Pincurchin|57\/100|[from] Recoil\n|\n|-damage|p1b: Kommo-o|73\/100|[from] Salt Cure\n|-damage|p1a: Pincurchin|45\/100|[from] Salt Cure\n|upkeep\n|\n|t:|1700176208\n|switch|p2a: Tornadus|Tornadus, L50, M|100\/100\n|turn|5\n|\n|t:|1700176214\n|switch|p1b: Sinistcha|Sinistcha, L50|82\/100\n|-heal|p1a: Pincurchin|70\/100|[from] ability: Hospitality|[of] p1b: Sinistcha\n|move|p2a: Tornadus|Tailwind|p2a: Tornadus\n|-sidestart|p2: Kzrjzhzk|move: Tailwind\n|move|p2b: Garganacl|Recover|p2b: Garganacl\n|-heal|p2b: Garganacl|100\/100\n|move|p1a: Pincurchin|Wild Charge|p2a: Tornadus\n|-supereffective|p2a: Tornadus\n|-damage|p2a: Tornadus|0 fnt\n|-damage|p1a: Pincurchin|53\/100|[from] item: Rocky Helmet|[of] p2a: Tornadus\n|faint|p2a: Tornadus\n|-damage|p1a: Pincurchin|23\/100|[from] Recoil\n|\n|-damage|p1a: Pincurchin|11\/100|[from] Salt Cure\n|upkeep\n|\n|t:|1700176218\n|switch|p2a: Flutter Mane|Flutter Mane, L50|100\/100\n|-enditem|p2a: Flutter Mane|Booster Energy\n|-activate|p2a: Flutter Mane|ability: Protosynthesis|[fromitem]\n|-start|p2a: Flutter Mane|protosynthesisspe\n|turn|6\n|\n|t:|1700176233\n|switch|p1b: Kommo-o|Kommo-o, L50, F|73\/100\n|move|p2a: Flutter Mane|Protect|p2a: Flutter Mane\n|-singleturn|p2a: Flutter Mane|Protect\n|move|p1a: Pincurchin|Sucker Punch||[still]\n|-fail|p1a: Pincurchin\n|move|p2b: Garganacl|Salt Cure|p1b: Kommo-o\n|-resisted|p1b: Kommo-o\n|-damage|p1b: Kommo-o|68\/100\n|-start|p1b: Kommo-o|Salt Cure\n|\n|-damage|p1b: Kommo-o|56\/100|[from] Salt Cure\n|-damage|p1a: Pincurchin|0 fnt|[from] Salt Cure\n|faint|p1a: Pincurchin\n|upkeep\n|\n|t:|1700176238\n|switch|p1a: Sinistcha|Sinistcha, L50|82\/100\n|-heal|p1b: Kommo-o|81\/100|[from] ability: Hospitality|[of] p1a: Sinistcha\n|turn|7\n|-message|Gourstru forfeited.\n|\n|win|Kzrjzhzk\n|raw|Gourstru's rating: 1115 &rarr; <strong>1082<\/strong><br \/>(-33 for losing)\n|raw|Kzrjzhzk's rating: 1000 &rarr; <strong>1053<\/strong><br \/>(+53 for winning)\n|l|\u2606Gourstru\n","uploadtime":1700176256,"views":11,"p1id":"gourstru","p2id":"kzrjzhzk","formatid":"gen9vgc2023regulatione","rating":1053,"private":0,"password":""}