{"id":"gen9vgc2023regulatione-1990056309","p1":"CharlienoB","p2":"project g1","format":"[Gen 9] VGC 2023 Regulation E","log":"|j|\u2606CharlienoB\n|j|\u2606project g1\n|t:|1699919814\n|gametype|doubles\n|player|p1|CharlienoB|2|1084\n|player|p2|project g1|102|1104\n|teamsize|p1|6\n|teamsize|p2|6\n|gen|9\n|tier|[Gen 9] VGC 2023 Regulation E\n|rated|\n|rule|Species Clause: Limit one of each Pok\u00e9mon\n|rule|Item Clause: Limit one of each item\n|clearpoke\n|poke|p1|Espathra, L50, M|\n|poke|p1|Chi-Yu, L50|\n|poke|p1|Ogerpon-Wellspring, L50, F|\n|poke|p1|Spectrier, L50|\n|poke|p1|Iron Hands, L50|\n|poke|p1|Tornadus, L50, M|\n|poke|p2|Farigiraf, L50, M|\n|poke|p2|Forretress, L50, M|\n|poke|p2|Copperajah, L50, F|\n|poke|p2|Perrserker, L50, M|\n|poke|p2|Gholdengo, L50|\n|poke|p2|Scizor, L50, M|\n|teampreview|4\n|\n|t:|1699919849\n|start\n|switch|p1a: Chi-Yu|Chi-Yu, L50|100\/100\n|switch|p1b: Spectrier|Spectrier, L50|100\/100\n|switch|p2a: Farigiraf|Farigiraf, L50, M|100\/100\n|switch|p2b: Perrserker|Perrserker, L50, M|100\/100\n|-ability|p1a: Chi-Yu|Beads of Ruin\n|turn|1\n|inactive|Battle timer is ON: inactive players will automatically lose when time's up. (requested by project g1)\n|\n|t:|1699919878\n|move|p1a: Chi-Yu|Protect|p1a: Chi-Yu\n|-singleturn|p1a: Chi-Yu|Protect\n|move|p2b: Perrserker|Fake Out|p1a: Chi-Yu\n|-activate|p1a: Chi-Yu|move: Protect\n|move|p1b: Spectrier|Will-O-Wisp|p2b: Perrserker|[miss]\n|-miss|p1b: Spectrier|p2b: Perrserker\n|move|p2a: Farigiraf|Trick Room|p2a: Farigiraf\n|-fieldstart|move: Trick Room|[of] p2a: Farigiraf\n|\n|upkeep\n|turn|2\n|inactive|CharlienoB has 30 seconds left.\n|\n|t:|1699919908\n|-terastallize|p2b: Perrserker|Fire\n|-terastallize|p1a: Chi-Yu|Water\n|move|p2a: Farigiraf|Helping Hand|p2b: Perrserker\n|-singleturn|p2b: Perrserker|Helping Hand|[of] p2a: Farigiraf\n|move|p1b: Spectrier|Protect|p1b: Spectrier\n|-singleturn|p1b: Spectrier|Protect\n|move|p2b: Perrserker|Gyro Ball|p1b: Spectrier\n|-activate|p1b: Spectrier|move: Protect\n|move|p1a: Chi-Yu|Heat Wave|p2a: Farigiraf|[spread] p2a,p2b\n|-resisted|p2b: Perrserker\n|-damage|p2a: Farigiraf|62\/100\n|-damage|p2b: Perrserker|78\/100\n|\n|-heal|p2a: Farigiraf|68\/100|[from] item: Leftovers\n|upkeep\n|turn|3\n|\n|t:|1699919932\n|move|p2b: Perrserker|Gyro Ball|p1b: Spectrier\n|-damage|p1b: Spectrier|60\/100\n|move|p2a: Farigiraf|Psyshock|p1a: Chi-Yu\n|-damage|p1a: Chi-Yu|73\/100\n|move|p1a: Chi-Yu|Nasty Plot|p1a: Chi-Yu\n|-boost|p1a: Chi-Yu|spa|2\n|move|p1b: Spectrier|Snarl|p2b: Perrserker|[spread] p2a\n|-miss|p1b: Spectrier|p2b: Perrserker\n|-supereffective|p2a: Farigiraf\n|-damage|p2a: Farigiraf|44\/100\n|-unboost|p2a: Farigiraf|spa|1\n|\n|-heal|p2a: Farigiraf|50\/100|[from] item: Leftovers\n|-heal|p1b: Spectrier|66\/100|[from] item: Leftovers\n|upkeep\n|turn|4\n|inactive|CharlienoB has 30 seconds left.\n|\n|t:|1699919963\n|move|p1a: Chi-Yu|Protect|p1a: Chi-Yu\n|-singleturn|p1a: Chi-Yu|Protect\n|move|p2b: Perrserker|Knock Off|p1a: Chi-Yu\n|-activate|p1a: Chi-Yu|move: Protect\n|move|p2a: Farigiraf|Psyshock|p1a: Chi-Yu\n|-activate|p1a: Chi-Yu|move: Protect\n|move|p1b: Spectrier|Will-O-Wisp|p2a: Farigiraf\n|-status|p2a: Farigiraf|brn\n|\n|-heal|p2a: Farigiraf|56\/100 brn|[from] item: Leftovers\n|-heal|p1b: Spectrier|72\/100|[from] item: Leftovers\n|-damage|p2a: Farigiraf|50\/100 brn|[from] brn\n|upkeep\n|turn|5\n|\n|t:|1699919988\n|move|p2b: Perrserker|Knock Off|p1a: Chi-Yu\n|-damage|p1a: Chi-Yu|50\/100\n|-enditem|p1a: Chi-Yu|Charcoal|[from] move: Knock Off|[of] p2b: Perrserker\n|move|p2a: Farigiraf|Psyshock|p1a: Chi-Yu\n|-damage|p1a: Chi-Yu|31\/100\n|move|p1a: Chi-Yu|Dark Pulse|p2b: Perrserker\n|-damage|p2b: Perrserker|0 fnt\n|faint|p2b: Perrserker\n|move|p1b: Spectrier|Draining Kiss|p2a: Farigiraf\n|-damage|p2a: Farigiraf|34\/100 brn\n|-heal|p1b: Spectrier|85\/100|[from] drain|[of] p2a: Farigiraf\n|\n|-heal|p2a: Farigiraf|41\/100 brn|[from] item: Leftovers\n|-heal|p1b: Spectrier|91\/100|[from] item: Leftovers\n|-damage|p2a: Farigiraf|34\/100 brn|[from] brn\n|-fieldend|move: Trick Room\n|upkeep\n|\n|t:|1699919998\n|switch|p2b: Gholdengo|Gholdengo, L50|100\/100\n|turn|6\n|\n|t:|1699920015\n|move|p1b: Spectrier|Protect|p1b: Spectrier\n|-singleturn|p1b: Spectrier|Protect\n|move|p2b: Gholdengo|Make It Rain|p1b: Spectrier|[spread] p1a\n|-activate|p1b: Spectrier|move: Protect\n|-resisted|p1a: Chi-Yu\n|-damage|p1a: Chi-Yu|0 fnt\n|-unboost|p2b: Gholdengo|spa|1\n|faint|p1a: Chi-Yu\n|move|p2a: Farigiraf|Trick Room|p2a: Farigiraf\n|-fieldstart|move: Trick Room|[of] p2a: Farigiraf\n|\n|-heal|p2a: Farigiraf|41\/100 brn|[from] item: Leftovers\n|-heal|p1b: Spectrier|97\/100|[from] item: Leftovers\n|-damage|p2a: Farigiraf|34\/100 brn|[from] brn\n|upkeep\n|\n|t:|1699920035\n|switch|p1a: Iron Hands|Iron Hands, L50|100\/100\n|turn|7\n|\n|t:|1699920044\n|move|p2a: Farigiraf|Helping Hand|p2b: Gholdengo\n|-immune|p2b: Gholdengo|[from] ability: Good as Gold\n|move|p1a: Iron Hands|Wild Charge|p2b: Gholdengo\n|-damage|p2b: Gholdengo|43\/100\n|-damage|p1a: Iron Hands|90\/100|[from] Recoil\n|move|p2b: Gholdengo|Make It Rain|p1b: Spectrier|[spread] p1a,p1b\n|-resisted|p1a: Iron Hands\n|-damage|p1a: Iron Hands|78\/100\n|-damage|p1b: Spectrier|57\/100\n|-unboost|p2b: Gholdengo|spa|1\n|move|p1b: Spectrier|Snarl|p2a: Farigiraf|[spread] p2a,p2b\n|-supereffective|p2a: Farigiraf\n|-supereffective|p2b: Gholdengo\n|-damage|p2a: Farigiraf|13\/100 brn\n|-damage|p2b: Gholdengo|12\/100\n|-unboost|p2a: Farigiraf|spa|1\n|-unboost|p2b: Gholdengo|spa|1\n|\n|-heal|p2a: Farigiraf|19\/100 brn|[from] item: Leftovers\n|-heal|p1b: Spectrier|62\/100|[from] item: Leftovers\n|-damage|p2a: Farigiraf|13\/100 brn|[from] brn\n|upkeep\n|turn|8\n|\n|t:|1699920065\n|move|p2a: Farigiraf|Psyshock|p1a: Iron Hands\n|-supereffective|p1a: Iron Hands\n|-damage|p1a: Iron Hands|57\/100\n|move|p1a: Iron Hands|Heavy Slam|p2b: Gholdengo\n|-resisted|p2b: Gholdengo\n|-damage|p2b: Gholdengo|0 fnt\n|faint|p2b: Gholdengo\n|move|p1b: Spectrier|Snarl|p2a: Farigiraf\n|-supereffective|p2a: Farigiraf\n|-damage|p2a: Farigiraf|0 fnt\n|faint|p2a: Farigiraf\n|-ability|p1b: Spectrier|Grim Neigh|boost\n|-boost|p1b: Spectrier|spa|1\n|\n|-heal|p1b: Spectrier|68\/100|[from] item: Leftovers\n|upkeep\n|\n|t:|1699920072\n|switch|p2b: Copperajah|Copperajah, L50, F|100\/100\n|turn|9\n|\n|t:|1699920087\n|move|p2b: Copperajah|Play Rough|p1a: Iron Hands\n|-supereffective|p1a: Iron Hands\n|-damage|p1a: Iron Hands|0 fnt\n|faint|p1a: Iron Hands\n|-end|p1a: Iron Hands|Quark Drive|[silent]\n|move|p1b: Spectrier|Will-O-Wisp|p2b: Copperajah\n|-status|p2b: Copperajah|brn\n|\n|-heal|p1b: Spectrier|74\/100|[from] item: Leftovers\n|-damage|p2b: Copperajah|94\/100 brn|[from] brn\n|upkeep\n|\n|t:|1699920099\n|switch|p1a: Espathra|Espathra, L50, M|100\/100\n|turn|10\n|\n|t:|1699920110\n|move|p1b: Spectrier|Protect|p1b: Spectrier\n|-singleturn|p1b: Spectrier|Protect\n|move|p2b: Copperajah|Rock Slide|p1a: Espathra|[spread] p1a\n|-activate|p1b: Spectrier|move: Protect\n|-damage|p1a: Espathra|84\/100\n|move|p1a: Espathra|Skill Swap|p2b: Copperajah\n|-activate|p1a: Espathra|move: Skill Swap|Sheer Force|Speed Boost|[of] p2b: Copperajah\n|\n|-heal|p1b: Spectrier|80\/100|[from] item: Leftovers\n|-damage|p2b: Copperajah|88\/100 brn|[from] brn\n|-fieldend|move: Trick Room\n|-ability|p2b: Copperajah|Speed Boost|boost\n|-boost|p2b: Copperajah|spe|1\n|upkeep\n|turn|11\n|\n|t:|1699920131\n|move|p1b: Spectrier|Snarl|p2b: Copperajah\n|-damage|p2b: Copperajah|61\/100 brn\n|-unboost|p2b: Copperajah|spa|1\n|move|p1a: Espathra|Lumina Crash|p2b: Copperajah\n|-resisted|p2b: Copperajah\n|-damage|p2b: Copperajah|42\/100 brn\n|move|p2b: Copperajah|Rock Slide|p1a: Espathra|[spread] p1a,p1b\n|-damage|p1a: Espathra|73\/100\n|-damage|p1b: Spectrier|67\/100\n|-damage|p2b: Copperajah|33\/100 brn|[from] item: Life Orb\n|\n|-heal|p1b: Spectrier|73\/100|[from] item: Leftovers\n|-damage|p2b: Copperajah|27\/100 brn|[from] brn\n|-ability|p2b: Copperajah|Speed Boost|boost\n|-boost|p2b: Copperajah|spe|1\n|upkeep\n|turn|12\n|\n|t:|1699920153\n|move|p1b: Spectrier|Snarl|p2b: Copperajah\n|-damage|p2b: Copperajah|0 fnt\n|faint|p2b: Copperajah\n|\n|win|CharlienoB\n|raw|CharlienoB's rating: 1084 &rarr; <strong>1113<\/strong><br \/>(+29 for winning)\n|raw|project g1's rating: 1104 &rarr; <strong>1078<\/strong><br \/>(-26 for losing)\n|l|\u2606project g1\n","uploadtime":1699920163,"views":22,"p1id":"charlienob","p2id":"projectg1","formatid":"gen9vgc2023regulatione","rating":1078,"private":0,"password":""}