{"id":"gen9vgc2023regulatione-1993377319","p1":"whyismynamejeff","p2":"huyuqing","format":"[Gen 9] VGC 2023 Regulation E","log":"|j|\u2606whyismynamejeff\n|j|\u2606huyuqing\n|t:|1700308809\n|gametype|doubles\n|player|p1|whyismynamejeff|colress|1143\n|player|p2|huyuqing|2|1083\n|teamsize|p1|6\n|teamsize|p2|6\n|gen|9\n|tier|[Gen 9] VGC 2023 Regulation E\n|rated|\n|rule|Species Clause: Limit one of each Pok\u00e9mon\n|rule|Item Clause: Limit one of each item\n|clearpoke\n|poke|p1|Empoleon, L50, F|\n|poke|p1|Ogerpon-Hearthflame, L50, F|\n|poke|p1|Flutter Mane, L50|\n|poke|p1|Iron Hands, L50|\n|poke|p1|Baxcalibur, L50, F|\n|poke|p1|Landorus-Therian, L50, M|\n|poke|p2|Gholdengo, L50|\n|poke|p2|Tornadus, L50, M|\n|poke|p2|Urshifu-*, L50, F|\n|poke|p2|Regidrago, L50|\n|poke|p2|Rillaboom, L50, M|\n|poke|p2|Arcanine-Hisui, L50, M|\n|teampreview|4\n|inactive|Battle timer is ON: inactive players will automatically lose when time's up. (requested by huyuqing)\n|inactive|huyuqing has 60 seconds left.\n|\n|t:|1700308854\n|start\n|switch|p1a: Iron Hands|Iron Hands, L50|100\/100\n|switch|p1b: Empoleon|Empoleon, L50, F|100\/100\n|switch|p2a: Tornadus|Tornadus, L50, M|100\/100\n|switch|p2b: Rillaboom|Rillaboom, L50, M|100\/100\n|-fieldstart|move: Grassy Terrain|[from] ability: Grassy Surge|[of] p2b: Rillaboom\n|turn|1\n|\n|t:|1700308877\n|move|p2b: Rillaboom|Fake Out|p1a: Iron Hands\n|-damage|p1a: Iron Hands|91\/100\n|cant|p1a: Iron Hands|flinch\n|move|p2a: Tornadus|Tailwind|p2a: Tornadus\n|-sidestart|p2: huyuqing|move: Tailwind\n|move|p1b: Empoleon|Ice Beam|p2b: Rillaboom\n|-supereffective|p2b: Rillaboom\n|-damage|p2b: Rillaboom|54\/100\n|\n|-heal|p2b: Rillaboom|60\/100|[from] Grassy Terrain\n|-heal|p1a: Iron Hands|97\/100|[from] Grassy Terrain\n|upkeep\n|turn|2\n|inactive|huyuqing has 30 seconds left.\n|\n|t:|1700308903\n|move|p2a: Tornadus|Rain Dance|p2a: Tornadus\n|-weather|RainDance\n|move|p2b: Rillaboom|Wood Hammer|p1b: Empoleon\n|-damage|p1b: Empoleon|6\/100\n|-damage|p2b: Rillaboom|31\/100|[from] Recoil\n|move|p1b: Empoleon|Ice Beam|p2b: Rillaboom\n|-supereffective|p2b: Rillaboom\n|-damage|p2b: Rillaboom|0 fnt\n|faint|p2b: Rillaboom\n|move|p1a: Iron Hands|Ice Punch|p2a: Tornadus\n|-supereffective|p2a: Tornadus\n|-damage|p2a: Tornadus|42\/100\n|\n|-weather|RainDance|[upkeep]\n|-heal|p1b: Empoleon|12\/100|[from] Grassy Terrain\n|-heal|p1b: Empoleon|18\/100|[from] item: Leftovers\n|-heal|p1a: Iron Hands|100\/100|[from] Grassy Terrain\n|upkeep\n|\n|t:|1700308924\n|switch|p2b: Urshifu|Urshifu-Rapid-Strike, L50, F|100\/100\n|turn|3\n|\n|t:|1700308938\n|-terastallize|p2b: Urshifu|Water\n|move|p2b: Urshifu|Surging Strikes|p1a: Iron Hands\n|-crit|p1a: Iron Hands\n|-damage|p1a: Iron Hands|66\/100\n|-crit|p1a: Iron Hands\n|-damage|p1a: Iron Hands|33\/100\n|-crit|p1a: Iron Hands\n|-damage|p1a: Iron Hands|0 fnt\n|faint|p1a: Iron Hands\n|-end|p1a: Iron Hands|Quark Drive|[silent]\n|-hitcount|p1: Iron Hands|3\n|move|p2a: Tornadus|Bleakwind Storm|p1b: Empoleon\n|-resisted|p1b: Empoleon\n|-damage|p1b: Empoleon|0 fnt\n|faint|p1b: Empoleon\n|\n|-weather|RainDance|[upkeep]\n|upkeep\n|\n|t:|1700308953\n|switch|p1b: Flutter Mane|Flutter Mane, L50|100\/100\n|switch|p1a: Ogerpon|Ogerpon-Hearthflame, L50, F|100\/100\n|-ability|p1a: Ogerpon|Mold Breaker\n|-enditem|p1b: Flutter Mane|Booster Energy\n|-activate|p1b: Flutter Mane|ability: Protosynthesis|[fromitem]\n|-start|p1b: Flutter Mane|protosynthesisspe\n|turn|4\n|\n|t:|1700308977\n|move|p2b: Urshifu|Detect|p2b: Urshifu\n|-singleturn|p2b: Urshifu|Protect\n|move|p1b: Flutter Mane|Icy Wind|p2a: Tornadus|[spread] p2a\n|-activate|p2b: Urshifu|move: Protect\n|-supereffective|p2a: Tornadus\n|-damage|p2a: Tornadus|8\/100\n|move|p2a: Tornadus|Icy Wind|p1a: Ogerpon|[spread] p1a,p1b\n|-damage|p1a: Ogerpon|86\/100\n|-damage|p1b: Flutter Mane|88\/100\n|-unboost|p1a: Ogerpon|spe|1\n|-unboost|p1b: Flutter Mane|spe|1\n|move|p1a: Ogerpon|Horn Leech|p2b: Urshifu\n|-activate|p2b: Urshifu|move: Protect\n|\n|-weather|RainDance|[upkeep]\n|-heal|p1b: Flutter Mane|94\/100|[from] Grassy Terrain\n|-heal|p1a: Ogerpon|92\/100|[from] Grassy Terrain\n|-sideend|p2: huyuqing|move: Tailwind\n|upkeep\n|turn|5\n|\n|t:|1700309001\n|move|p2a: Tornadus|Tailwind|p2a: Tornadus\n|-sidestart|p2: huyuqing|move: Tailwind\n|move|p2b: Urshifu|Surging Strikes|p1a: Ogerpon\n|-crit|p1a: Ogerpon\n|-damage|p1a: Ogerpon|21\/100\n|-crit|p1a: Ogerpon\n|-damage|p1a: Ogerpon|0 fnt\n|faint|p1a: Ogerpon\n|-hitcount|p1: Ogerpon|2\n|move|p1b: Flutter Mane|Icy Wind|p2a: Tornadus|[spread] p2a,p2b\n|-supereffective|p2a: Tornadus\n|-resisted|p2b: Urshifu\n|-damage|p2a: Tornadus|0 fnt\n|-damage|p2b: Urshifu|90\/100\n|-unboost|p2b: Urshifu|spe|1\n|faint|p2a: Tornadus\n|\n|-weather|RainDance|[upkeep]\n|-heal|p1b: Flutter Mane|100\/100|[from] Grassy Terrain\n|-heal|p2b: Urshifu|96\/100|[from] Grassy Terrain\n|-fieldend|move: Grassy Terrain\n|upkeep\n|\n|t:|1700309020\n|switch|p2a: Gholdengo|Gholdengo, L50|100\/100\n|turn|6\n|\n|t:|1700309027\n|-terastallize|p1b: Flutter Mane|Fairy\n|move|p2a: Gholdengo|Make It Rain|p1b: Flutter Mane\n|-supereffective|p1b: Flutter Mane\n|-damage|p1b: Flutter Mane|0 fnt\n|-unboost|p2a: Gholdengo|spa|1\n|faint|p1b: Flutter Mane\n|-end|p1b: Flutter Mane|Protosynthesis|[silent]\n|\n|win|huyuqing\n|raw|whyismynamejeff's rating: 1143 &rarr; <strong>1114<\/strong><br \/>(-29 for losing)\n|raw|huyuqing's rating: 1083 &rarr; <strong>1115<\/strong><br \/>(+32 for winning)\n","uploadtime":1700309040,"views":12,"p1id":"whyismynamejeff","p2id":"huyuqing","formatid":"gen9vgc2023regulatione","rating":1114,"private":0,"password":""}