{"id":"gen9vgc2023regulatione-1988758349","p1":"luzonvgc","p2":"GonzaTH","format":"[Gen 9] VGC 2023 Regulation E","log":"|j|\u2606luzonvgc\n|j|\u2606GonzaTH\n|n|\u2606luzonvgc|luzonvgc\n|n|\u2606GonzaTH|gonzath\n|html|View the match progress at <a href=\"\/game-bestof3-gen9vgc2023regulatione-1988758348\">game-bestof3-gen9vgc2023regulatione-1988758348<\/a>\n|t:|1699759366\n|gametype|doubles\n|player|p1|luzonvgc|lisia|\n|player|p2|GonzaTH|2|\n|teamsize|p1|6\n|teamsize|p2|6\n|gen|9\n|tier|[Gen 9] VGC 2023 Regulation E\n|rule|Species Clause: Limit one of each Pok\u00e9mon\n|rule|Item Clause: Limit one of each item\n|clearpoke\n|poke|p1|Dusclops, L50, F|\n|poke|p1|Ogerpon-Cornerstone, L50, F|\n|poke|p1|Chi-Yu, L50|\n|poke|p1|Iron Hands, L50|\n|poke|p1|Landorus-Therian, L50, M|\n|poke|p1|Ursaluna-Bloodmoon, L50, M|\n|poke|p2|Urshifu-*, L50, F|\n|poke|p2|Rillaboom, L50, M|\n|poke|p2|Farigiraf, L50, M|\n|poke|p2|Chien-Pao, L50|\n|poke|p2|Heatran, L50, M|\n|poke|p2|Dragonite, L50, F|\n|teampreview|4\nGonzaTH has agreed to open team sheets.\nluzonvgc has agreed to open team sheets.\n|showteam|p1|Dusclops||Eviolite|Pressure|NightShade,WillOWisp,PainSplit,TrickRoom|||F|||50|,,,,,Dark]Ogerpon-Cornerstone||CornerstoneMask|Sturdy|SpikyShield,IvyCudgel,PowerWhip,FollowMe|||F|||50|,,,,,Rock]Chi-Yu||FocusSash|BeadsofRuin|Protect,DarkPulse,Snarl,Overheat||||||50|,,,,,Ghost]Iron Hands||AssaultVest|QuarkDrive|FakeOut,DrainPunch,WildCharge,HeavySlam||||||50|,,,,,Water]Landorus-Therian||ChoiceScarf|Intimidate|RockSlide,StompingTantrum,TeraBlast,Uturn|||M|||50|,,,,,Flying]Ursaluna-Bloodmoon||LifeOrb|MindsEye|HyperVoice,BloodMoon,EarthPower,Protect|||M|||50|,,,,,Normal\n|showteam|p2|Urshifu-Rapid-Strike||ChoiceScarf|UnseenFist|SurgingStrikes,AquaJet,CloseCombat,Uturn|||F|||50|,,,,,Poison]Rillaboom||MiracleSeed|GrassySurge|WoodHammer,GrassyGlide,FakeOut,Protect|||M|||50|,,,,,Grass]Farigiraf||SitrusBerry|ArmorTail|DazzlingGleam,Psychic,HelpingHand,TrickRoom|||M|||50|,,,,,Fairy]Chien-Pao||FocusSash|SwordofRuin|IcicleCrash,SuckerPunch,Haze,Protect||||||50|,,,,,Ghost]Heatran||AssaultVest|FlashFire|HeatWave,FlashCannon,EarthPower,MagmaStorm|||M|||50|,,,,,Grass]Dragonite||ChoiceBand|InnerFocus|ExtremeSpeed,StompingTantrum,AerialAce,Outrage|||F|||50|,,,,,Normal\n|j| Gerbacia14\n|\n|t:|1699759432\n|start\n|switch|p1a: Ogerpon|Ogerpon-Cornerstone, L50, F|100\/100\n|switch|p1b: Iron Hands|Iron Hands, L50|100\/100\n|switch|p2a: Rillaboom|Rillaboom, L50, M|100\/100\n|switch|p2b: Farigiraf|Farigiraf, L50, M|100\/100\n|-fieldstart|move: Grassy Terrain|[from] ability: Grassy Surge|[of] p2a: Rillaboom\n|turn|1\n|\n|t:|1699759462\n|move|p2a: Rillaboom|Fake Out|p1a: Ogerpon\n|-resisted|p1a: Ogerpon\n|-damage|p1a: Ogerpon|92\/100\n|cant|p1a: Ogerpon|flinch\n|move|p2b: Farigiraf|Psychic|p1b: Iron Hands\n|-supereffective|p1b: Iron Hands\n|-damage|p1b: Iron Hands|63\/100\n|move|p1b: Iron Hands|Drain Punch|p2a: Rillaboom\n|-damage|p2a: Rillaboom|60\/100\n|-heal|p1b: Iron Hands|80\/100|[from] drain|[of] p2a: Rillaboom\n|\n|-heal|p1a: Ogerpon|97\/100|[from] Grassy Terrain\n|-heal|p2a: Rillaboom|66\/100|[from] Grassy Terrain\n|-heal|p1b: Iron Hands|87\/100|[from] Grassy Terrain\n|upkeep\n|turn|2\n|\n|t:|1699759486\n|-end|p1b: Iron Hands|Quark Drive|[silent]\n|switch|p1b: Dusclops|Dusclops, L50, F, shiny|100\/100\n|-ability|p1b: Dusclops|Pressure\n|move|p2b: Farigiraf|Helping Hand|p2a: Rillaboom\n|-singleturn|p2a: Rillaboom|Helping Hand|[of] p2b: Farigiraf\n|move|p1a: Ogerpon|Ivy Cudgel|p2a: Rillaboom\n|-damage|p2a: Rillaboom|11\/100\n|move|p2a: Rillaboom|Wood Hammer|p1b: Dusclops\n|-damage|p1b: Dusclops|26\/100\n|-damage|p2a: Rillaboom|0 fnt|[from] Recoil\n|faint|p2a: Rillaboom\n|\n|-heal|p1a: Ogerpon|100\/100|[from] Grassy Terrain\n|-heal|p1b: Dusclops|32\/100|[from] Grassy Terrain\n|upkeep\n|\n|t:|1699759502\n|switch|p2a: Heatran|Heatran, L50, M|100\/100\n|turn|3\n|\n|t:|1699759531\n|move|p1a: Ogerpon|Spiky Shield|p1a: Ogerpon\n|-singleturn|p1a: Ogerpon|move: Protect\n|move|p2a: Heatran|Heat Wave|p1b: Dusclops|[spread] p1b\n|-activate|p1a: Ogerpon|move: Protect\n|-damage|p1b: Dusclops|11\/100\n|-status|p1b: Dusclops|brn\n|move|p2b: Farigiraf|Psychic|p1b: Dusclops\n|-damage|p1b: Dusclops|0 fnt\n|faint|p1b: Dusclops\n|\n|upkeep\n|\n|t:|1699759542\n|switch|p1b: Chi-Yu|Chi-Yu, L50|100\/100\n|-ability|p1b: Chi-Yu|Beads of Ruin\n|turn|4\n|\n|t:|1699759563\n|move|p2b: Farigiraf|Helping Hand|p2a: Heatran\n|-singleturn|p2a: Heatran|Helping Hand|[of] p2b: Farigiraf\n|move|p1b: Chi-Yu|Snarl|p2b: Farigiraf|[spread] p2a,p2b\n|-crit|p2a: Heatran\n|-supereffective|p2b: Farigiraf\n|-damage|p2a: Heatran|76\/100\n|-damage|p2b: Farigiraf|48\/100\n|-unboost|p2a: Heatran|spa|1\n|-unboost|p2b: Farigiraf|spa|1\n|-enditem|p2b: Farigiraf|Sitrus Berry|[eat]\n|-heal|p2b: Farigiraf|73\/100|[from] item: Sitrus Berry\n|move|p1a: Ogerpon|Power Whip|p2b: Farigiraf\n|-damage|p2b: Farigiraf|0 fnt\n|faint|p2b: Farigiraf\n|move|p2a: Heatran|Flash Cannon|p1a: Ogerpon\n|-supereffective|p1a: Ogerpon\n|-ability|p1a: Ogerpon|Sturdy\n|-damage|p1a: Ogerpon|1\/100\n|\n|-heal|p1a: Ogerpon|7\/100|[from] Grassy Terrain\n|-heal|p2a: Heatran|82\/100|[from] Grassy Terrain\n|upkeep\n|\n|t:|1699759580\n|switch|p2b: Urshifu|Urshifu-Rapid-Strike, L50, F|100\/100\n|turn|5\n|\n|t:|1699759609\n|-terastallize|p1b: Chi-Yu|Ghost\n|move|p1a: Ogerpon|Follow Me|p1a: Ogerpon\n|-singleturn|p1a: Ogerpon|move: Follow Me\n|move|p2b: Urshifu|Surging Strikes|p1a: Ogerpon\n|-crit|p1a: Ogerpon\n|-damage|p1a: Ogerpon|0 fnt\n|faint|p1a: Ogerpon\n|-hitcount|p1: Ogerpon|1\n|move|p1b: Chi-Yu|Overheat|p2b: Urshifu\n|-resisted|p2b: Urshifu\n|-damage|p2b: Urshifu|32\/100\n|-unboost|p1b: Chi-Yu|spa|2\n|move|p2a: Heatran|Magma Storm|p1b: Chi-Yu\n|-damage|p1b: Chi-Yu|63\/100\n|-activate|p1b: Chi-Yu|move: Magma Storm|[of] p2a: Heatran\n|\n|-heal|p2b: Urshifu|38\/100|[from] Grassy Terrain\n|-heal|p1b: Chi-Yu|69\/100|[from] Grassy Terrain\n|-heal|p2a: Heatran|88\/100|[from] Grassy Terrain\n|-damage|p1b: Chi-Yu|57\/100|[from] move: Magma Storm|[partiallytrapped]\n|-fieldend|move: Grassy Terrain\n|upkeep\n|\n|t:|1699759619\n|switch|p1a: Iron Hands|Iron Hands, L50|87\/100\n|turn|6\n|\n|t:|1699759643\n|-terastallize|p2a: Heatran|Grass\n|move|p1a: Iron Hands|Fake Out|p2b: Urshifu\n|-damage|p2b: Urshifu|24\/100\n|cant|p2b: Urshifu|flinch\n|move|p1b: Chi-Yu|Dark Pulse|p2b: Urshifu\n|-resisted|p2b: Urshifu\n|-damage|p2b: Urshifu|5\/100\n|move|p2a: Heatran|Heat Wave|p1b: Chi-Yu|[spread] p1b\n|-miss|p2a: Heatran|p1a: Iron Hands\n|-damage|p1b: Chi-Yu|27\/100\n|\n|-damage|p1b: Chi-Yu|14\/100|[from] move: Magma Storm|[partiallytrapped]\n|upkeep\n|turn|7\n|\n|t:|1699759664\n|move|p2b: Urshifu|Surging Strikes|p1a: Iron Hands\n|-crit|p1a: Iron Hands\n|-damage|p1a: Iron Hands|71\/100\n|-crit|p1a: Iron Hands\n|-damage|p1a: Iron Hands|55\/100\n|-crit|p1a: Iron Hands\n|-damage|p1a: Iron Hands|40\/100\n|-hitcount|p1a: Iron Hands|3\n|move|p1b: Chi-Yu|Snarl|p2a: Heatran|[spread] p2a,p2b\n|-resisted|p2b: Urshifu\n|-damage|p2a: Heatran|80\/100\n|-damage|p2b: Urshifu|0 fnt\n|-unboost|p2a: Heatran|spa|1\n|faint|p2b: Urshifu\n|move|p2a: Heatran|Magma Storm|p1a: Iron Hands\n|-damage|p1a: Iron Hands|21\/100\n|-activate|p1a: Iron Hands|move: Magma Storm|[of] p2a: Heatran\n|move|p1a: Iron Hands|Drain Punch|p2a: Heatran\n|-damage|p2a: Heatran|46\/100\n|-heal|p1a: Iron Hands|35\/100|[from] drain|[of] p2a: Heatran\n|\n|-damage|p1b: Chi-Yu|2\/100|[from] move: Magma Storm|[partiallytrapped]\n|-damage|p1a: Iron Hands|23\/100|[from] move: Magma Storm|[partiallytrapped]\n|upkeep\n|turn|8\n|\n|t:|1699759687\n|move|p1b: Chi-Yu|Dark Pulse|p2a: Heatran\n|-damage|p2a: Heatran|29\/100\n|move|p2a: Heatran|Earth Power|p1a: Iron Hands\n|-supereffective|p1a: Iron Hands\n|-damage|p1a: Iron Hands|0 fnt\n|faint|p1a: Iron Hands\n|-end|p1a: Iron Hands|Quark Drive|[silent]\n|\n|-damage|p1b: Chi-Yu|0 fnt|[from] move: Magma Storm|[partiallytrapped]\n|faint|p1b: Chi-Yu\n|\n|win|GonzaTH\n|upkeep\n|c|&|\/uhtml prompt-gonzath,GonzaTH is ready for game 2!\n|inactive|luzonvgc has 50 seconds to confirm battle start!\n|c|&|\/uhtml prompt-luzonvgc,luzonvgc is ready for game 2!\nBoth players are ready! Starting next match!\n|l| Gerbacia14\n|j| Gerbacia14\n|l| Gerbacia14\n|l|\u2606luzonvgc\n","uploadtime":1699761136,"views":11,"p1id":"luzonvgc","p2id":"gonzath","formatid":"gen9vgc2023regulatione","rating":0,"private":0,"password":""}