{"id":"gen9vgc2023regulatione-1989680194","p1":"CalmRosie","p2":"DJGrooves213","format":"[Gen 9] VGC 2023 Regulation E","log":"|j|\u2606CalmRosie\n|j|\u2606DJGrooves213\n|n|\u2606CalmRosie|calmrosie\n|n|\u2606DJGrooves213|djgrooves213\n|html|View the match progress at <a href=\"\/game-bestof3-gen9vgc2023regulatione-1989677696\">game-bestof3-gen9vgc2023regulatione-1989677696<\/a>\n|t:|1699886235\n|gametype|doubles\n|player|p1|CalmRosie|aromalady|\n|player|p2|DJGrooves213|roark|\n|teamsize|p1|6\n|teamsize|p2|6\n|gen|9\n|tier|[Gen 9] VGC 2023 Regulation E\n|rule|Species Clause: Limit one of each Pok\u00e9mon\n|rule|Item Clause: Limit one of each item\n|clearpoke\n|poke|p1|Tornadus, L50, M|\n|poke|p1|Mamoswine, L50, F|\n|poke|p1|Flutter Mane, L50|\n|poke|p1|Ogerpon-Hearthflame, L50, F|\n|poke|p1|Chi-Yu, L50|\n|poke|p1|Urshifu-*, L50, F|\n|poke|p2|Gliscor, L50, M|\n|poke|p2|Ting-Lu, L50|\n|poke|p2|Wo-Chien, L50|\n|poke|p2|Cresselia, L50, F|\n|poke|p2|Glimmora, L50, F|\n|poke|p2|Clefable, L50, M|\n|teampreview|4\nCalmRosie has agreed to open team sheets.\n|\n|t:|1699886298\n|start\n|switch|p1a: Fish|Chi-Yu, L50|100\/100\n|switch|p1b: Missy|Flutter Mane, L50, shiny|100\/100\n|switch|p2a: Gliscor|Gliscor, L50, M, shiny|100\/100\n|switch|p2b: Glimmora|Glimmora, L50, F|100\/100\n|-ability|p1a: Fish|Beads of Ruin\n|turn|1\n|\n|t:|1699886311\n|-terastallize|p1a: Fish|Ghost\n|move|p1b: Missy|Shadow Ball|p2b: Glimmora\n|-damage|p2b: Glimmora|27\/100\n|move|p2b: Glimmora|Mortal Spin|p1a: Fish|[spread] p1a,p1b\n|-resisted|p1a: Fish\n|-damage|p1a: Fish|98\/100\n|-damage|p1b: Missy|94\/100\n|-status|p1a: Fish|psn\n|-status|p1b: Missy|psn\n|move|p1a: Fish|Heat Wave|p2a: Gliscor|[spread] p2a\n|-miss|p1a: Fish|p2b: Glimmora\n|-damage|p2a: Gliscor|27\/100\n|move|p2a: Gliscor|Earthquake|p1b: Missy|[spread] p2b,p1a,p1b\n|-supereffective|p2b: Glimmora\n|-damage|p2b: Glimmora|0 fnt\n|-damage|p1a: Fish|60\/100 psn\n|-damage|p1b: Missy|51\/100 psn\n|-activate|p2b: Glimmora|ability: Toxic Debris\n|-sidestart|p1: CalmRosie|move: Toxic Spikes\n|faint|p2b: Glimmora\n|\n|-damage|p1b: Missy|39\/100 psn|[from] psn\n|-damage|p1a: Fish|47\/100 psn|[from] psn\n|-status|p2a: Gliscor|tox|[from] item: Toxic Orb\n|upkeep\n|\n|t:|1699886333\n|switch|p2b: Ting-Lu|Ting-Lu, L50|100\/100\n|-ability|p2b: Ting-Lu|Vessel of Ruin\n|turn|2\n|\n|t:|1699886419\n|move|p2a: Gliscor|Protect|p2a: Gliscor\n|-singleturn|p2a: Gliscor|Protect\n|move|p1b: Missy|Moonblast|p2b: Ting-Lu\n|-supereffective|p2b: Ting-Lu\n|-damage|p2b: Ting-Lu|33\/100\n|-unboost|p2b: Ting-Lu|spa|1\n|move|p1a: Fish|Heat Wave|p2a: Gliscor|[spread] p2b\n|-activate|p2a: Gliscor|move: Protect\n|-damage|p2b: Ting-Lu|1\/100\n|move|p2b: Ting-Lu|Heavy Slam|p1a: Fish\n|-damage|p1a: Fish|3\/100 psn\n|\n|-heal|p2b: Ting-Lu|7\/100|[from] item: Leftovers\n|-damage|p1b: Missy|26\/100 psn|[from] psn\n|-damage|p1a: Fish|0 fnt|[from] psn\n|faint|p1a: Fish\n|-heal|p2a: Gliscor|40\/100 tox|[from] ability: Poison Heal\n|upkeep\n|\n|t:|1699886436\n|switch|p1a: Teddy|Urshifu, L50, F|100\/100\n|-status|p1a: Teddy|psn\n|turn|3\n|\n|t:|1699886450\n|move|p2b: Ting-Lu|Protect|p2b: Ting-Lu\n|-singleturn|p2b: Ting-Lu|Protect\n|move|p1b: Missy|Dazzling Gleam|p2a: Gliscor|[spread] p2a\n|-activate|p2b: Ting-Lu|move: Protect\n|-crit|p2a: Gliscor\n|-damage|p2a: Gliscor|0 fnt\n|faint|p2a: Gliscor\n|move|p1a: Teddy|Wicked Blow|p2b: Ting-Lu\n|-resisted|p2b: Ting-Lu\n|-crit|p2b: Ting-Lu\n|-damage|p2b: Ting-Lu|0 fnt\n|faint|p2b: Ting-Lu\n|\n|-damage|p1b: Missy|14\/100 psn|[from] psn\n|-damage|p1a: Teddy|88\/100 psn|[from] psn\n|upkeep\n|\n|t:|1699886457\n|switch|p2b: Wo-Chien|Wo-Chien, L50|100\/100\n|-ability|p2b: Wo-Chien|Tablets of Ruin\n|turn|4\n|\n|t:|1699886473\n|-terastallize|p2b: Wo-Chien|Fairy\n|move|p1b: Missy|Moonblast|p2b: Wo-Chien\n|-damage|p2b: Wo-Chien|58\/100\n|move|p1a: Teddy|Close Combat|p2b: Wo-Chien\n|-resisted|p2b: Wo-Chien\n|-damage|p2b: Wo-Chien|43\/100\n|-unboost|p1a: Teddy|def|1\n|-unboost|p1a: Teddy|spd|1\n|-enditem|p2b: Wo-Chien|Sitrus Berry|[eat]\n|-heal|p2b: Wo-Chien|68\/100|[from] item: Sitrus Berry\n|move|p2b: Wo-Chien|Foul Play|p1b: Missy\n|-damage|p1b: Missy|0 fnt\n|faint|p1b: Missy\n|-end|p1b: Missy|Protosynthesis|[silent]\n|\n|-damage|p1a: Teddy|75\/100 psn|[from] psn\n|upkeep\n|\n|t:|1699886488\n|switch|p1b: Mamo|Mamoswine, L50, F, shiny|100\/100\n|-status|p1b: Mamo|psn\n|turn|5\n|\n|t:|1699886494\n|move|p1a: Teddy|Wicked Blow|p2b: Wo-Chien\n|-resisted|p2b: Wo-Chien\n|-crit|p2b: Wo-Chien\n|-damage|p2b: Wo-Chien|54\/100\n|move|p1b: Mamo|Icicle Spear|p2b: Wo-Chien\n|-damage|p2b: Wo-Chien|47\/100\n|-damage|p2b: Wo-Chien|39\/100\n|-damage|p2b: Wo-Chien|32\/100\n|-damage|p2b: Wo-Chien|23\/100\n|-damage|p2b: Wo-Chien|16\/100\n|-hitcount|p2b: Wo-Chien|5\n|move|p2b: Wo-Chien|Leech Seed|p1b: Mamo\n|-start|p1b: Mamo|move: Leech Seed\n|\n|-damage|p1b: Mamo|88\/100 psn|[from] Leech Seed|[of] p2b: Wo-Chien\n|-heal|p2b: Wo-Chien|28\/100|[silent]\n|-damage|p1a: Teddy|63\/100 psn|[from] psn\n|-damage|p1b: Mamo|76\/100 psn|[from] psn\n|upkeep\n|turn|6\n|\n|t:|1699886511\n|move|p2b: Wo-Chien|Protect|p2b: Wo-Chien\n|-singleturn|p2b: Wo-Chien|Protect\n|move|p1a: Teddy|Close Combat|p2b: Wo-Chien\n|-resisted|p2b: Wo-Chien\n|-crit|p2b: Wo-Chien\n|-damage|p2b: Wo-Chien|5\/100\n|-unboost|p1a: Teddy|def|1\n|-unboost|p1a: Teddy|spd|1\n|move|p1b: Mamo|Icicle Spear|p2b: Wo-Chien\n|-activate|p2b: Wo-Chien|move: Protect\n|\n|-damage|p1b: Mamo|63\/100 psn|[from] Leech Seed|[of] p2b: Wo-Chien\n|-heal|p2b: Wo-Chien|17\/100|[silent]\n|-damage|p1a: Teddy|50\/100 psn|[from] psn\n|-damage|p1b: Mamo|51\/100 psn|[from] psn\n|upkeep\n|turn|7\n|\n|t:|1699886530\n|move|p1a: Teddy|Close Combat|p2b: Wo-Chien\n|-resisted|p2b: Wo-Chien\n|-damage|p2b: Wo-Chien|2\/100\n|-unboost|p1a: Teddy|def|1\n|-unboost|p1a: Teddy|spd|1\n|move|p1b: Mamo|Icicle Spear|p2b: Wo-Chien\n|-damage|p2b: Wo-Chien|0 fnt\n|faint|p2b: Wo-Chien\n|-hitcount|p2: Wo-Chien|1\n|\n|win|CalmRosie\n|c|\u2606DJGrooves213|Ggwp\n|l|\u2606DJGrooves213\n|c|\u2606CalmRosie|gg\n","uploadtime":1699886578,"views":40,"p1id":"calmrosie","p2id":"djgrooves213","formatid":"gen9vgc2023regulatione","rating":0,"private":0,"password":""}