{"id":"gen9vgc2023regulatione-1994478685","p1":"pokeveteran04","p2":"TheLegendaryMuffin","format":"[Gen 9] VGC 2023 Regulation E","log":"|j|\u2606pokeveteran04\n|j|\u2606TheLegendaryMuffin\n|t:|1700448626\n|gametype|doubles\n|player|p1|pokeveteran04|red|1567\n|player|p2|TheLegendaryMuffin|hiker-gen4|1633\n|teamsize|p1|6\n|teamsize|p2|6\n|gen|9\n|tier|[Gen 9] VGC 2023 Regulation E\n|rated|\n|rule|Species Clause: Limit one of each Pok\u00e9mon\n|rule|Item Clause: Limit one of each item\n|clearpoke\n|poke|p1|Tornadus, L50, M|\n|poke|p1|Amoonguss, L50, M|\n|poke|p1|Thundurus-Therian, L50, M|\n|poke|p1|Urshifu-*, L50, M|\n|poke|p1|Arcanine-Hisui, L50, F|\n|poke|p1|Ogerpon-Wellspring, L50, F|\n|poke|p2|Lucario, L50, M|\n|poke|p2|Chien-Pao, L50|\n|poke|p2|Tornadus, L50, M|\n|poke|p2|Rillaboom, L50, M|\n|poke|p2|Gholdengo, L50|\n|poke|p2|Landorus-Therian, L50, M|\n|teampreview|4\n|\n|t:|1700448650\n|start\n|switch|p1a: Tornadus|Tornadus, L50, M|100\/100\n|switch|p1b: Urshifu|Urshifu-Rapid-Strike, L50, M|100\/100\n|switch|p2a: Lucario|Lucario, L50, M|100\/100\n|switch|p2b: Chien-Pao|Chien-Pao, L50|100\/100\n|-ability|p2b: Chien-Pao|Sword of Ruin\n|turn|1\n|\n|t:|1700448671\n|-terastallize|p2a: Lucario|Normal\n|move|p2a: Lucario|Extreme Speed|p1b: Urshifu\n|-crit|p1b: Urshifu\n|-damage|p1b: Urshifu|0 fnt\n|faint|p1b: Urshifu\n|move|p2b: Chien-Pao|Sucker Punch||[still]\n|-fail|p2b: Chien-Pao\n|move|p1a: Tornadus|Tailwind|p1a: Tornadus\n|-sidestart|p1: pokeveteran04|move: Tailwind\n|\n|upkeep\n|\n|t:|1700448692\n|switch|p1b: Ogerpon|Ogerpon-Wellspring, L50, F|100\/100\n|turn|2\n|\n|t:|1700448701\n|move|p1b: Ogerpon|Spiky Shield|p1b: Ogerpon\n|-singleturn|p1b: Ogerpon|move: Protect\n|move|p2a: Lucario|Extreme Speed|p1b: Ogerpon\n|-activate|p1b: Ogerpon|move: Protect\n|-damage|p2a: Lucario|88\/100|[from] Spiky Shield|[of] p1b: Ogerpon\n|move|p2b: Chien-Pao|Sucker Punch||[still]\n|-fail|p2b: Chien-Pao\n|move|p1a: Tornadus|Bleakwind Storm|p2b: Chien-Pao|[spread] p2a\n|-miss|p1a: Tornadus|p2b: Chien-Pao\n|-damage|p2a: Lucario|22\/100\n|\n|upkeep\n|turn|3\n|\n|t:|1700448733\n|move|p1b: Ogerpon|Spiky Shield||[still]\n|-fail|p1b: Ogerpon\n|move|p2a: Lucario|Extreme Speed|p1a: Tornadus\n|-enditem|p1a: Tornadus|Focus Sash\n|-damage|p1a: Tornadus|1\/100\n|move|p2b: Chien-Pao|Sucker Punch|p1a: Tornadus\n|-damage|p1a: Tornadus|0 fnt\n|faint|p1a: Tornadus\n|\n|upkeep\n|\n|t:|1700448753\n|switch|p1a: GOD OF THUNDER!|Thundurus-Therian, L50, M|100\/100\n|turn|4\n|\n|t:|1700448760\n|-terastallize|p1a: GOD OF THUNDER!|Electric\n|move|p1b: Ogerpon|Spiky Shield|p1b: Ogerpon\n|-singleturn|p1b: Ogerpon|move: Protect\n|move|p2a: Lucario|Extreme Speed|p1a: GOD OF THUNDER!\n|-damage|p1a: GOD OF THUNDER!|0 fnt\n|faint|p1a: GOD OF THUNDER!\n|move|p2b: Chien-Pao|Sucker Punch||[still]\n|-fail|p2b: Chien-Pao\n|\n|-sideend|p1: pokeveteran04|move: Tailwind\n|upkeep\n|turn|5\n|-message|pokeveteran04 forfeited.\n|\n|win|TheLegendaryMuffin\n|raw|pokeveteran04's rating: 1567 &rarr; <strong>1551<\/strong><br \/>(-16 for losing)\n|raw|TheLegendaryMuffin's rating: 1633 &rarr; <strong>1649<\/strong><br \/>(+16 for winning)\n|l|\u2606pokeveteran04\n","uploadtime":1700448775,"views":6,"p1id":"pokeveteran04","p2id":"thelegendarymuffin","formatid":"gen9vgc2023regulatione","rating":1551,"private":0,"password":""}