{"id":"gen9vgc2023regulatione-1998065657","p1":"OffbrandE","p2":"CharlienoB","format":"[Gen 9] VGC 2023 Regulation E","log":"|j|\u2606OffbrandE\n|j|\u2606CharlienoB\n|t:|1700885960\n|gametype|doubles\n|player|p1|OffbrandE|102|1132\n|player|p2|CharlienoB|265|1100\n|teamsize|p1|6\n|teamsize|p2|6\n|gen|9\n|tier|[Gen 9] VGC 2023 Regulation E\n|rated|\n|rule|Species Clause: Limit one of each Pok\u00e9mon\n|rule|Item Clause: Limit one of each item\n|clearpoke\n|poke|p1|Snorlax, L50, M|\n|poke|p1|Sinistcha, L50|\n|poke|p1|Clefairy, L50, F|\n|poke|p1|Landorus-Therian, L50, M|\n|poke|p1|Iron Hands, L50|\n|poke|p1|Kommo-o, L50, M|\n|poke|p2|Scizor, L50, F|\n|poke|p2|Amoonguss, L50, M|\n|poke|p2|Gastrodon, L50, M|\n|poke|p2|Arcanine-Hisui, L50, M|\n|poke|p2|Hippowdon, L50, M|\n|poke|p2|Houndstone, L50, F|\n|teampreview|4\n|inactive|Battle timer is ON: inactive players will automatically lose when time's up. (requested by OffbrandE)\n|\n|t:|1700885987\n|start\n|switch|p1a: Snorlax|Snorlax, L50, M|100\/100\n|switch|p1b: Clefairy|Clefairy, L50, F, shiny|100\/100\n|switch|p2a: Scizor|Scizor, L50, F|100\/100\n|switch|p2b: Arcanine|Arcanine-Hisui, L50, M|100\/100\n|-ability|p2b: Arcanine|Intimidate|boost\n|-unboost|p1a: Snorlax|atk|1\n|-unboost|p1b: Clefairy|atk|1\n|turn|1\n|\n|t:|1700886008\n|move|p1b: Clefairy|Follow Me|p1b: Clefairy\n|-singleturn|p1b: Clefairy|move: Follow Me\n|move|p2b: Arcanine|Rock Slide|p1a: Snorlax|[spread] p1a,p1b\n|-damage|p1a: Snorlax|84\/100\n|-damage|p1b: Clefairy|75\/100\n|move|p2a: Scizor|Swords Dance|p2a: Scizor\n|-boost|p2a: Scizor|atk|2\n|move|p1a: Snorlax|Belly Drum|p1a: Snorlax\n|-damage|p1a: Snorlax|34\/100\n|-setboost|p1a: Snorlax|atk|6|[from] move: Belly Drum\n|-enditem|p1a: Snorlax|Sitrus Berry|[eat]\n|-heal|p1a: Snorlax|59\/100|[from] item: Sitrus Berry\n|\n|upkeep\n|turn|2\n|\n|t:|1700886026\n|move|p2a: Scizor|Protect|p2a: Scizor\n|-singleturn|p2a: Scizor|Protect\n|move|p1b: Clefairy|Follow Me|p1b: Clefairy\n|-singleturn|p1b: Clefairy|move: Follow Me\n|move|p2b: Arcanine|Rock Slide|p1b: Clefairy|[spread] p1a,p1b\n|-damage|p1a: Snorlax|40\/100\n|-damage|p1b: Clefairy|48\/100\n|move|p1a: Snorlax|High Horsepower|p2b: Arcanine\n|-supereffective|p2b: Arcanine\n|-damage|p2b: Arcanine|0 fnt\n|faint|p2b: Arcanine\n|\n|upkeep\n|\n|t:|1700886029\n|switch|p2b: Hippowdon|Hippowdon, L50, M|100\/100\n|-weather|Sandstorm|[from] ability: Sand Stream|[of] p2b: Hippowdon\n|turn|3\n|inactive|OffbrandE has 30 seconds left.\n|inactive|CharlienoB has 30 seconds left.\n|inactive|OffbrandE has 20 seconds left.\n|inactive|OffbrandE has 15 seconds left.\n|inactive|OffbrandE has 10 seconds left.\n|\n|t:|1700886079\n|move|p1b: Clefairy|Follow Me|p1b: Clefairy\n|-singleturn|p1b: Clefairy|move: Follow Me\n|move|p2a: Scizor|Bullet Punch|p1b: Clefairy\n|-supereffective|p1b: Clefairy\n|-damage|p1b: Clefairy|0 fnt\n|faint|p1b: Clefairy\n|move|p2b: Hippowdon|High Horsepower|p1a: Snorlax\n|-damage|p1a: Snorlax|11\/100\n|move|p1a: Snorlax|Facade|p2b: Hippowdon\n|-damage|p2b: Hippowdon|11\/100\n|-damage|p1a: Snorlax|0 fnt|[from] item: Rocky Helmet|[of] p2b: Hippowdon\n|faint|p1a: Snorlax\n|\n|-weather|Sandstorm|[upkeep]\n|upkeep\n|\n|t:|1700886096\n|switch|p1b: Landorus|Landorus-Therian, L50, M|100\/100\n|switch|p1a: Sinistcha|Sinistcha, L50|100\/100\n|-ability|p1b: Landorus|Intimidate|boost\n|-fail|p2a: Scizor|unboost|[from] item: Clear Amulet|[of] p2a: Scizor\n|-unboost|p2b: Hippowdon|atk|1\n|turn|4\n|inactive|OffbrandE has 30 seconds left.\n|inactive|OffbrandE has 20 seconds left.\n|inactive|OffbrandE has 15 seconds left.\n|inactive|OffbrandE has 10 seconds left.\n|inactive|OffbrandE has 5 seconds left.\n|\n|t:|1700886151\n|-terastallize|p2a: Scizor|Flying\n|move|p1b: Landorus|U-turn|p2b: Hippowdon\n|-damage|p2b: Hippowdon|0 fnt\n|-damage|p1b: Landorus|84\/100|[from] item: Rocky Helmet|[of] p2b: Hippowdon\n|faint|p2b: Hippowdon\n|move|p1a: Sinistcha|Matcha Gotcha|p2a: Scizor\n|-resisted|p2a: Scizor\n|-damage|p2a: Scizor|85\/100\n|move|p2a: Scizor|Dual Wingbeat|p1a: Sinistcha|[miss]\n|-miss|p2a: Scizor|p1a: Sinistcha\n|\n|-weather|Sandstorm|[upkeep]\n|-damage|p1a: Sinistcha|94\/100|[from] Sandstorm\n|-damage|p2a: Scizor|79\/100|[from] Sandstorm\n|upkeep\n|\n|t:|1700886157\n|switch|p2b: Houndstone|Houndstone, L50, F|100\/100\n|turn|5\n|inactive|OffbrandE has 30 seconds left.\n|\n|t:|1700886187\n|-terastallize|p1a: Sinistcha|Fire\n|move|p2b: Houndstone|Last Respects|p1b: Landorus\n|-damage|p1b: Landorus|0 fnt\n|faint|p1b: Landorus\n|move|p1a: Sinistcha|Strength Sap|p2a: Scizor\n|-fail|p2a: Scizor|unboost|[from] item: Clear Amulet|[of] p2a: Scizor\n|-heal|p1a: Sinistcha|100\/100\n|move|p2a: Scizor|Dual Wingbeat|p1a: Sinistcha\n|-damage|p1a: Sinistcha|40\/100\n|-damage|p1a: Sinistcha|0 fnt\n|faint|p1a: Sinistcha\n|-hitcount|p1: Sinistcha|2\n|\n|win|CharlienoB\n|raw|OffbrandE's rating: 1132 &rarr; <strong>1105<\/strong><br \/>(-27 for losing)\n|raw|CharlienoB's rating: 1100 &rarr; <strong>1127<\/strong><br \/>(+27 for winning)\n","uploadtime":1700886205,"views":19,"p1id":"offbrande","p2id":"charlienob","formatid":"gen9vgc2023regulatione","rating":1105,"private":0,"password":""}