{"id":"gen9vgc2023regulatione-1996071808","p1":"AdityaChoudhury","p2":"Jxnh","format":"[Gen 9] VGC 2023 Regulation E","log":"|j|\u2606AdityaChoudhury\n|j|\u2606Jxnh\n|t:|1700639387\n|gametype|doubles\n|player|p1|AdityaChoudhury|169|1138\n|player|p2|Jxnh|102|1043\n|teamsize|p1|6\n|teamsize|p2|6\n|gen|9\n|tier|[Gen 9] VGC 2023 Regulation E\n|rated|\n|rule|Species Clause: Limit one of each Pok\u00e9mon\n|rule|Item Clause: Limit one of each item\n|clearpoke\n|poke|p1|Chien-Pao, L50|\n|poke|p1|Landorus-Therian, L50, M|\n|poke|p1|Rotom-Heat, L50|\n|poke|p1|Amoonguss, L50, M|\n|poke|p1|Flutter Mane, L50|\n|poke|p1|Pelipper, L50, M|\n|poke|p2|Tatsugiri, L50, F|\n|poke|p2|Dondozo, L50, F|\n|poke|p2|Iron Hands, L50|\n|poke|p2|Glimmora, L50, M|\n|poke|p2|Amoonguss, L50, M|\n|poke|p2|Tornadus, L50, M|\n|teampreview|4\n|inactive|Battle timer is ON: inactive players will automatically lose when time's up. (requested by AdityaChoudhury)\n|\n|t:|1700639434\n|start\n|switch|p1a: Rotom|Rotom-Heat, L50|100\/100\n|switch|p1b: Amoonguss|Amoonguss, L50, M|100\/100\n|switch|p2a: Amoonguss|Amoonguss, L50, M, shiny|100\/100\n|switch|p2b: Glimmora|Glimmora, L50, M, shiny|100\/100\n|turn|1\n|inactive|Jxnh has 30 seconds left.\n|inactive|Jxnh has 20 seconds left.\n|\n|t:|1700639474\n|switch|p2a: Tornadus encarnado|Tornadus, L50, M|100\/100\n|move|p1b: Amoonguss|Rage Powder|p1b: Amoonguss\n|-singleturn|p1b: Amoonguss|move: Rage Powder\n|move|p2b: Glimmora|Earth Power|p1b: Amoonguss\n|-damage|p1b: Amoonguss|76\/100\n|-unboost|p1b: Amoonguss|spd|1\n|move|p1a: Rotom|Overheat|p2a: Tornadus encarnado\n|-damage|p2a: Tornadus encarnado|32\/100\n|-unboost|p1a: Rotom|spa|2\n|-enditem|p2a: Tornadus encarnado|Sitrus Berry|[eat]\n|-heal|p2a: Tornadus encarnado|56\/100|[from] item: Sitrus Berry\n|\n|upkeep\n|turn|2\n|inactive|AdityaChoudhury has 30 seconds left.\n|\n|t:|1700639500\n|switch|p1b: Landorus|Landorus-Therian, L50, M|100\/100\n|-ability|p1b: Landorus|Intimidate|boost\n|-unboost|p2a: Tornadus encarnado|atk|1\n|-unboost|p2b: Glimmora|atk|1\n|move|p2a: Tornadus encarnado|Bleakwind Storm|p1a: Rotom|[spread] p1a,p1b\n|-resisted|p1a: Rotom\n|-damage|p1a: Rotom|85\/100\n|-damage|p1b: Landorus|47\/100\n|-unboost|p1a: Rotom|spe|1\n|move|p2b: Glimmora|Earth Power|p1a: Rotom\n|-immune|p1a: Rotom|[from] ability: Levitate\n|move|p1a: Rotom|Volt Switch|p2a: Tornadus encarnado\n|-supereffective|p2a: Tornadus encarnado\n|-damage|p2a: Tornadus encarnado|20\/100\n|\n|t:|1700639514\n|switch|p1a: Pelipper|Pelipper, L50, M|100\/100|[from] Volt Switch\n|-weather|RainDance|[from] ability: Drizzle|[of] p1a: Pelipper\n|\n|-weather|RainDance|[upkeep]\n|upkeep\n|turn|3\n|inactive|AdityaChoudhury has 30 seconds left.\n|\n|t:|1700639544\n|move|p2a: Tornadus encarnado|Protect|p2a: Tornadus encarnado\n|-singleturn|p2a: Tornadus encarnado|Protect\n|move|p1a: Pelipper|Wide Guard|p1a: Pelipper\n|-singleturn|p1a: Pelipper|Wide Guard\n|move|p1b: Landorus|Rock Slide|p2b: Glimmora|[spread] p2b\n|-activate|p2a: Tornadus encarnado|move: Protect\n|-damage|p2b: Glimmora|78\/100\n|-activate|p2b: Glimmora|ability: Toxic Debris\n|-sidestart|p1: AdityaChoudhury|move: Toxic Spikes\n|move|p2b: Glimmora|Mortal Spin|p1b: Landorus|[spread] \n|-activate|p1a: Pelipper|move: Wide Guard\n|-activate|p1b: Landorus|move: Wide Guard\n|\n|-weather|RainDance|[upkeep]\n|upkeep\n|turn|4\n|\n|t:|1700639566\n|switch|p2a: Amoonguss|Amoonguss, L50, M, shiny|100\/100\n|move|p1b: Landorus|Rock Slide|p2a: Amoonguss|[spread] p2a,p2b\n|-damage|p2a: Amoonguss|83\/100\n|-damage|p2b: Glimmora|56\/100\n|-activate|p2b: Glimmora|ability: Toxic Debris\n|-sidestart|p1: AdityaChoudhury|move: Toxic Spikes\n|move|p2b: Glimmora|Energy Ball|p1a: Pelipper\n|-damage|p1a: Pelipper|46\/100\n|move|p1a: Pelipper|Hurricane|p2b: Glimmora\n|-resisted|p2b: Glimmora\n|-damage|p2b: Glimmora|37\/100\n|\n|-weather|RainDance|[upkeep]\n|-heal|p2a: Amoonguss|89\/100|[from] item: Black Sludge\n|upkeep\n|turn|5\n|inactive|AdityaChoudhury has 30 seconds left.\n|inactive|Jxnh has 30 seconds left.\n|\n|t:|1700639597\n|switch|p1b: Amoonguss|Amoonguss, L50, M|100\/100\n|-sideend|p1: AdityaChoudhury|move: Toxic Spikes|[of] p1b: Amoonguss\n|move|p1a: Pelipper|Protect|p1a: Pelipper\n|-singleturn|p1a: Pelipper|Protect\n|move|p2b: Glimmora|Mortal Spin|p1a: Pelipper|[spread] p1b\n|-activate|p1a: Pelipper|move: Protect\n|-damage|p1b: Amoonguss|99\/100\n|move|p2a: Amoonguss|Pollen Puff|p2b: Glimmora\n|-heal|p2b: Glimmora|87\/100\n|\n|-weather|RainDance|[upkeep]\n|-heal|p2a: Amoonguss|95\/100|[from] item: Black Sludge\n|upkeep\n|turn|6\n|inactive|Jxnh has 30 seconds left.\n|inactive|Jxnh has 20 seconds left.\n|\n|t:|1700639637\n|switch|p2b: Tornadus encarnado|Tornadus, L50, M|20\/100\n|move|p1b: Amoonguss|Rage Powder|p1b: Amoonguss\n|-singleturn|p1b: Amoonguss|move: Rage Powder\n|move|p1a: Pelipper|Hurricane|p2a: Amoonguss\n|-supereffective|p2a: Amoonguss\n|-damage|p2a: Amoonguss|16\/100\n|move|p2a: Amoonguss|Spore|p1a: Pelipper\n|-status|p1a: Pelipper|slp|[from] move: Spore\n|\n|-weather|none\n|-heal|p2a: Amoonguss|22\/100|[from] item: Black Sludge\n|upkeep\n|turn|7\n|inactive|AdityaChoudhury has 30 seconds left.\n|\n|t:|1700639668\n|switch|p1a: Rotom|Rotom-Heat, L50|85\/100\n|move|p2b: Tornadus encarnado|Tailwind|p2b: Tornadus encarnado\n|-sidestart|p2: Jxnh|move: Tailwind\n|move|p2a: Amoonguss|Pollen Puff|p2b: Tornadus encarnado\n|-heal|p2b: Tornadus encarnado|70\/100\n|move|p1b: Amoonguss|Pollen Puff|p2a: Amoonguss\n|-damage|p2a: Amoonguss|6\/100\n|\n|-heal|p1a: Rotom|91\/100|[from] item: Leftovers\n|-heal|p2a: Amoonguss|12\/100|[from] item: Black Sludge\n|upkeep\n|turn|8\n|\n|t:|1700639692\n|switch|p2a: Glimmora|Glimmora, L50, M, shiny|87\/100\n|move|p2b: Tornadus encarnado|Bleakwind Storm|p1a: Rotom|[spread] p1a,p1b\n|-resisted|p1a: Rotom\n|-supereffective|p1b: Amoonguss\n|-damage|p1a: Rotom|76\/100\n|-damage|p1b: Amoonguss|39\/100\n|-unboost|p1a: Rotom|spe|1\n|-unboost|p1b: Amoonguss|spe|1\n|-enditem|p1b: Amoonguss|Sitrus Berry|[eat]\n|-heal|p1b: Amoonguss|64\/100|[from] item: Sitrus Berry\n|move|p1a: Rotom|Volt Switch|p2b: Tornadus encarnado\n|-supereffective|p2b: Tornadus encarnado\n|-damage|p2b: Tornadus encarnado|2\/100\n|\n|t:|1700639711\n|switch|p1a: Pelipper|Pelipper, L50, M|46\/100 slp|[from] Volt Switch\n|-weather|RainDance|[from] ability: Drizzle|[of] p1a: Pelipper\n|move|p1b: Amoonguss|Spore|p2b: Tornadus encarnado\n|-status|p2b: Tornadus encarnado|slp|[from] move: Spore\n|\n|-weather|RainDance|[upkeep]\n|upkeep\n|turn|9\n|\n|t:|1700639736\n|cant|p2b: Tornadus encarnado|slp\n|move|p2a: Glimmora|Energy Ball|p1a: Pelipper\n|-damage|p1a: Pelipper|0 fnt\n|faint|p1a: Pelipper\n|move|p1b: Amoonguss|Pollen Puff|p1: Pelipper|[notarget]\n|-fail|p1b: Amoonguss\n|\n|-weather|RainDance|[upkeep]\n|upkeep\n|\n|t:|1700639744\n|switch|p1a: Landorus|Landorus-Therian, L50, M|47\/100\n|-ability|p1a: Landorus|Intimidate|boost\n|-unboost|p2a: Glimmora|atk|1\n|-unboost|p2b: Tornadus encarnado|atk|1\n|turn|10\n|\n|t:|1700639752\n|-curestatus|p2b: Tornadus encarnado|slp|[msg]\n|move|p2b: Tornadus encarnado|Protect|p2b: Tornadus encarnado\n|-singleturn|p2b: Tornadus encarnado|Protect\n|move|p2a: Glimmora|Energy Ball|p1a: Landorus\n|-damage|p1a: Landorus|1\/100\n|move|p1a: Landorus|Sandsear Storm|p2b: Tornadus encarnado|[spread] p2a\n|-activate|p2b: Tornadus encarnado|move: Protect\n|-supereffective|p2a: Glimmora\n|-damage|p2a: Glimmora|0 fnt\n|faint|p2a: Glimmora\n|move|p1b: Amoonguss|Pollen Puff|p2b: Tornadus encarnado\n|-activate|p2b: Tornadus encarnado|move: Protect\n|\n|-weather|RainDance|[upkeep]\n|-sideend|p2: Jxnh|move: Tailwind\n|upkeep\n|\n|t:|1700639770\n|switch|p2a: Amoonguss|Amoonguss, L50, M, shiny|45\/100\n|turn|11\n|\n|t:|1700639777\n|move|p1a: Landorus|Sandsear Storm|p2b: Tornadus encarnado|[spread] p2a\n|-immune|p2b: Tornadus encarnado\n|-damage|p2a: Amoonguss|17\/100\n|move|p2b: Tornadus encarnado|Bleakwind Storm|p1b: Amoonguss|[spread] p1a,p1b\n|-supereffective|p1b: Amoonguss\n|-damage|p1a: Landorus|0 fnt\n|-damage|p1b: Amoonguss|0 fnt\n|faint|p1a: Landorus\n|faint|p1b: Amoonguss\n|move|p2a: Amoonguss|Pollen Puff|p2b: Tornadus encarnado\n|-heal|p2b: Tornadus encarnado|52\/100\n|\n|-weather|RainDance|[upkeep]\n|-heal|p2a: Amoonguss|23\/100|[from] item: Black Sludge\n|upkeep\n|\n|t:|1700639792\n|switch|p1b: Rotom|Rotom-Heat, L50|76\/100\n|turn|12\n|\n|t:|1700639800\n|switch|p2a: Ferropalmas|Iron Hands, L50|100\/100\n|move|p2b: Tornadus encarnado|Protect|p2b: Tornadus encarnado\n|-singleturn|p2b: Tornadus encarnado|Protect\n|move|p1b: Rotom|Volt Switch|p2b: Tornadus encarnado\n|-activate|p2b: Tornadus encarnado|move: Protect\n|\n|-weather|none\n|-heal|p1b: Rotom|82\/100|[from] item: Leftovers\n|upkeep\n|turn|13\n|-message|AdityaChoudhury forfeited.\n|\n|win|Jxnh\n|raw|AdityaChoudhury's rating: 1138 &rarr; <strong>1106<\/strong><br \/>(-32 for losing)\n|raw|Jxnh's rating: 1043 &rarr; <strong>1086<\/strong><br \/>(+43 for winning)\n|l|\u2606AdityaChoudhury\n|c|\u2606Jxnh|Gg\n|l|\u2606Jxnh\n|j|\u2606Jxnh\n|player|p2|Jxnh|102\n","uploadtime":1700639835,"views":11,"p1id":"adityachoudhury","p2id":"jxnh","formatid":"gen9vgc2023regulatione","rating":1086,"private":0,"password":""}