{"id":"gen9vgc2023regulatione-1989498041","p1":"Josue_29","p2":"KingPR","format":"[Gen 9] VGC 2023 Regulation E","log":"|j|\u2606Josue_29\n|j|\u2606KingPR\n|t:|1699860835\n|gametype|doubles\n|player|p1|Josue_29|red|\n|player|p2|KingPR|101|\n|teamsize|p1|6\n|teamsize|p2|6\n|gen|9\n|tier|[Gen 9] VGC 2023 Regulation E\n|rule|Species Clause: Limit one of each Pok\u00e9mon\n|rule|Item Clause: Limit one of each item\n|clearpoke\n|poke|p1|Iron Hands, L50|\n|poke|p1|Ting-Lu, L50|\n|poke|p1|Corviknight, L50, M|\n|poke|p1|Iron Bundle, L50|\n|poke|p1|Gyarados, L50, M|\n|poke|p1|Volcarona, L50, F|\n|poke|p2|Tyranitar, L50, F|\n|poke|p2|Tornadus, L50, M|\n|poke|p2|Ogerpon-Cornerstone, L50, F|\n|poke|p2|Rillaboom, L50, F|\n|poke|p2|Gholdengo, L50|\n|poke|p2|Great Tusk, L50|\n|teampreview|4\n|\n|t:|1699860916\n|start\n|switch|p1a: Iron Bundle|Iron Bundle, L50|100\/100\n|switch|p1b: Gyarados|Gyarados, L50, M|100\/100\n|switch|p2a: Tornadus|Tornadus, L50, M, shiny|100\/100\n|switch|p2b: Tyranitar|Tyranitar, L50, F, shiny|100\/100\n|-ability|p1b: Gyarados|Intimidate|boost\n|-unboost|p2a: Tornadus|atk|1\n|-unboost|p2b: Tyranitar|atk|1\n|-weather|Sandstorm|[from] ability: Sand Stream|[of] p2b: Tyranitar\n|-enditem|p1a: Iron Bundle|Booster Energy\n|-activate|p1a: Iron Bundle|ability: Quark Drive|[fromitem]\n|-start|p1a: Iron Bundle|quarkdrivespe\n|turn|1\n|\n|t:|1699860954\n|move|p2a: Tornadus|Sandstorm||[still]\n|-fail|p2a: Tornadus\n|move|p1a: Iron Bundle|Icy Wind|p2a: Tornadus|[spread] p2b\n|-miss|p1a: Iron Bundle|p2a: Tornadus\n|-damage|p2b: Tyranitar|88\/100\n|-unboost|p2b: Tyranitar|spe|1\n|move|p1b: Gyarados|Thunder Wave|p2b: Tyranitar\n|-status|p2b: Tyranitar|par\n|move|p2b: Tyranitar|Rock Slide|p1b: Gyarados|[spread] p1a,p1b\n|-supereffective|p1a: Iron Bundle\n|-supereffective|p1b: Gyarados\n|-damage|p1a: Iron Bundle|53\/100\n|-damage|p1b: Gyarados|60\/100\n|\n|-weather|Sandstorm|[upkeep]\n|-damage|p1a: Iron Bundle|47\/100|[from] Sandstorm\n|-damage|p2a: Tornadus|95\/100|[from] Sandstorm\n|-damage|p1b: Gyarados|54\/100|[from] Sandstorm\n|upkeep\n|turn|2\n|\n|t:|1699861004\n|move|p1a: Iron Bundle|Protect|p1a: Iron Bundle\n|-singleturn|p1a: Iron Bundle|Protect\n|move|p1b: Gyarados|Protect|p1b: Gyarados\n|-singleturn|p1b: Gyarados|Protect\n|move|p2a: Tornadus|Bleakwind Storm|p1a: Iron Bundle|[spread] \n|-activate|p1a: Iron Bundle|move: Protect\n|-activate|p1b: Gyarados|move: Protect\n|cant|p2b: Tyranitar|par\n|\n|-weather|Sandstorm|[upkeep]\n|-damage|p1a: Iron Bundle|42\/100|[from] Sandstorm\n|-damage|p2a: Tornadus|89\/100|[from] Sandstorm\n|-damage|p1b: Gyarados|48\/100|[from] Sandstorm\n|-enditem|p1b: Gyarados|Sitrus Berry|[eat]\n|-heal|p1b: Gyarados|73\/100|[from] item: Sitrus Berry\n|upkeep\n|turn|3\n|\n|t:|1699861040\n|move|p2a: Tornadus|Taunt|p1b: Gyarados\n|-start|p1b: Gyarados|move: Taunt\n|move|p1a: Iron Bundle|Freeze-Dry|p2a: Tornadus\n|-supereffective|p2a: Tornadus\n|-damage|p2a: Tornadus|7\/100\n|cant|p1b: Gyarados|move: Taunt|Taunt\n|move|p2b: Tyranitar|Rock Slide|p1b: Gyarados|[spread] p1b\n|-miss|p2b: Tyranitar|p1a: Iron Bundle\n|-supereffective|p1b: Gyarados\n|-damage|p1b: Gyarados|34\/100\n|\n|-weather|Sandstorm|[upkeep]\n|-damage|p1a: Iron Bundle|36\/100|[from] Sandstorm\n|-damage|p2a: Tornadus|1\/100|[from] Sandstorm\n|-damage|p1b: Gyarados|29\/100|[from] Sandstorm\n|upkeep\n|turn|4\n|\n|t:|1699861075\n|switch|p1b: Iron Hands|Iron Hands, L50|100\/100\n|move|p2b: Tyranitar|Protect|p2b: Tyranitar\n|-singleturn|p2b: Tyranitar|Protect\n|move|p2a: Tornadus|Sandstorm||[still]\n|-fail|p2a: Tornadus\n|move|p1a: Iron Bundle|Icy Wind|p2b: Tyranitar|[spread] p2a\n|-activate|p2b: Tyranitar|move: Protect\n|-supereffective|p2a: Tornadus\n|-damage|p2a: Tornadus|0 fnt\n|faint|p2a: Tornadus\n|\n|-weather|Sandstorm|[upkeep]\n|-damage|p1a: Iron Bundle|31\/100|[from] Sandstorm\n|-damage|p1b: Iron Hands|95\/100|[from] Sandstorm\n|upkeep\n|\n|t:|1699861105\n|switch|p2a: Gholdengo|Gholdengo, L50|100\/100\n|turn|5\n|\n|t:|1699861123\n|-end|p1a: Iron Bundle|Quark Drive|[silent]\n|switch|p1a: Ting-Lu|Ting-Lu, L50|100\/100\n|-ability|p1a: Ting-Lu|Vessel of Ruin\n|move|p1b: Iron Hands|Fake Out|p2b: Tyranitar\n|-resisted|p2b: Tyranitar\n|-damage|p2b: Tyranitar|81\/100 par\n|move|p2a: Gholdengo|Thunder Wave|p1a: Ting-Lu\n|-immune|p1a: Ting-Lu\n|cant|p2b: Tyranitar|flinch\n|\n|-weather|none\n|upkeep\n|turn|6\n|\n|t:|1699861163\n|-terastallize|p2b: Tyranitar|Ghost\n|move|p2a: Gholdengo|Make It Rain|p1a: Ting-Lu|[spread] p1a,p1b\n|-resisted|p1b: Iron Hands\n|-damage|p1a: Ting-Lu|72\/100\n|-damage|p1b: Iron Hands|85\/100\n|-unboost|p2a: Gholdengo|spa|1\n|move|p1a: Ting-Lu|Ruination|p2b: Tyranitar\n|-damage|p2b: Tyranitar|41\/100 par\n|move|p1b: Iron Hands|Wild Charge|p2a: Gholdengo\n|-damage|p2a: Gholdengo|49\/100\n|-damage|p1b: Iron Hands|75\/100|[from] Recoil\n|cant|p2b: Tyranitar|par\n|\n|-heal|p2a: Gholdengo|55\/100|[from] item: Leftovers\n|-heal|p1a: Ting-Lu|78\/100|[from] item: Leftovers\n|upkeep\n|turn|7\n|\n|t:|1699861206\n|switch|p2b: Great Tusk|Great Tusk, L50, shiny|100\/100\n|move|p2a: Gholdengo|Nasty Plot|p2a: Gholdengo\n|-boost|p2a: Gholdengo|spa|2\n|move|p1a: Ting-Lu|Stomping Tantrum|p2a: Gholdengo\n|-supereffective|p2a: Gholdengo\n|-damage|p2a: Gholdengo|0 fnt\n|faint|p2a: Gholdengo\n|move|p1b: Iron Hands|Wild Charge|p2b: Great Tusk\n|-immune|p2b: Great Tusk\n|\n|-heal|p1a: Ting-Lu|84\/100|[from] item: Leftovers\n|upkeep\n|\n|t:|1699861220\n|switch|p2a: Tyranitar|Tyranitar, L50, F, shiny, tera:Ghost|41\/100 par\n|-weather|Sandstorm|[from] ability: Sand Stream|[of] p2a: Tyranitar\n|turn|8\n|\n|t:|1699861239\n|-end|p1b: Iron Hands|Quark Drive|[silent]\n|switch|p1b: Gyarados|Gyarados, L50, M|29\/100\n|-ability|p1b: Gyarados|Intimidate|boost\n|-unboost|p2a: Tyranitar|atk|1\n|-unboost|p2b: Great Tusk|atk|1\n|move|p2a: Tyranitar|Protect|p2a: Tyranitar\n|-singleturn|p2a: Tyranitar|Protect\n|move|p2b: Great Tusk|Heavy Slam|p1b: Gyarados\n|-resisted|p1b: Gyarados\n|-damage|p1b: Gyarados|24\/100\n|move|p1a: Ting-Lu|Ruination|p2b: Great Tusk\n|-damage|p2b: Great Tusk|50\/100\n|\n|-weather|Sandstorm|[upkeep]\n|-damage|p1b: Gyarados|18\/100|[from] Sandstorm\n|-damage|p2a: Tyranitar|35\/100 par|[from] Sandstorm\n|-heal|p1a: Ting-Lu|90\/100|[from] item: Leftovers\n|upkeep\n|turn|9\n|\n|t:|1699861307\n|switch|p1b: Iron Hands|Iron Hands, L50|75\/100\n|move|p1a: Ting-Lu|Protect|p1a: Ting-Lu\n|-singleturn|p1a: Ting-Lu|Protect\n|move|p2a: Tyranitar|Protect|p2a: Tyranitar\n|-singleturn|p2a: Tyranitar|Protect\n|move|p2b: Great Tusk|Play Rough|p1b: Iron Hands\n|-supereffective|p1b: Iron Hands\n|-damage|p1b: Iron Hands|47\/100\n|\n|-weather|Sandstorm|[upkeep]\n|-damage|p1b: Iron Hands|41\/100|[from] Sandstorm\n|-damage|p2a: Tyranitar|29\/100 par|[from] Sandstorm\n|-heal|p1a: Ting-Lu|97\/100|[from] item: Leftovers\n|upkeep\n|turn|10\n|\n|t:|1699861342\n|-end|p1b: Iron Hands|Quark Drive|[silent]\n|switch|p1b: Gyarados|Gyarados, L50, M|18\/100\n|-ability|p1b: Gyarados|Intimidate|boost\n|-unboost|p2a: Tyranitar|atk|1\n|-unboost|p2b: Great Tusk|atk|1\n|move|p2a: Tyranitar|Protect||[still]\n|-fail|p2a: Tyranitar\n|move|p2b: Great Tusk|Play Rough|p1a: Ting-Lu\n|-supereffective|p1a: Ting-Lu\n|-damage|p1a: Ting-Lu|79\/100\n|move|p1a: Ting-Lu|Stomping Tantrum|p2a: Tyranitar\n|-damage|p2a: Tyranitar|5\/100 par\n|\n|-weather|Sandstorm|[upkeep]\n|-damage|p1b: Gyarados|12\/100|[from] Sandstorm\n|-damage|p2a: Tyranitar|0 fnt|[from] Sandstorm\n|faint|p2a: Tyranitar\n|-heal|p1a: Ting-Lu|85\/100|[from] item: Leftovers\n|upkeep\n|turn|11\n|\n|t:|1699861375\n|move|p1a: Ting-Lu|Protect|p1a: Ting-Lu\n|-singleturn|p1a: Ting-Lu|Protect\n|move|p2b: Great Tusk|Heavy Slam|p1b: Gyarados\n|-resisted|p1b: Gyarados\n|-damage|p1b: Gyarados|9\/100\n|move|p1b: Gyarados|Waterfall|p2b: Great Tusk\n|-supereffective|p2b: Great Tusk\n|-damage|p2b: Great Tusk|0 fnt\n|faint|p2b: Great Tusk\n|-end|p2b: Great Tusk|Protosynthesis|[silent]\n|\n|win|Josue_29\n","uploadtime":1699861389,"views":15,"p1id":"josue29","p2id":"kingpr","formatid":"gen9vgc2023regulatione","rating":0,"private":0,"password":""}