{"id":"gen9vgc2023regulatione-2000346305","p1":"xingshen","p2":"accrola","format":"[Gen 9] VGC 2023 Regulation E","log":"|j|\u2606xingshen\n|j|\u2606accrola\n|t:|1701186977\n|gametype|doubles\n|player|p1|xingshen|101|1225\n|player|p2|accrola|mira|1135\n|teamsize|p1|6\n|teamsize|p2|6\n|gen|9\n|tier|[Gen 9] VGC 2023 Regulation E\n|rated|\n|rule|Species Clause: Limit one of each Pok\u00e9mon\n|rule|Item Clause: Limit one of each item\n|clearpoke\n|poke|p1|Dondozo, L50, M|\n|poke|p1|Flutter Mane, L50|\n|poke|p1|Urshifu-*, L50, M|\n|poke|p1|Amoonguss, L50, M|\n|poke|p1|Tatsugiri, L50, M|\n|poke|p1|Arcanine-Hisui, L50, M|\n|poke|p2|Basculegion, L50, M|\n|poke|p2|Fezandipiti, L50, M|\n|poke|p2|Lilligant-Hisui, L50, F|\n|poke|p2|Ogerpon-Hearthflame, L50, F|\n|poke|p2|Sylveon, L50, F|\n|poke|p2|Flutter Mane, L50|\n|teampreview|4\n|inactive|Battle timer is ON: inactive players will automatically lose when time's up. (requested by accrola)\n|j| BaoEnder\n|inactive|xingshen has 60 seconds left.\n|\n|t:|1701187015\n|start\n|switch|p1a: Amoonguss|Amoonguss, L50, M|100\/100\n|switch|p1b: Dondozo|Dondozo, L50, M|100\/100\n|switch|p2a: Fezandipiti|Fezandipiti, L50, M|100\/100\n|switch|p2b: Sylveon|Sylveon, L50, F|100\/100\n|turn|1\n|inactive|accrola has 30 seconds left.\n|inactive|accrola has 20 seconds left.\n|\n|t:|1701187055\n|move|p1b: Dondozo|Protect|p1b: Dondozo\n|-singleturn|p1b: Dondozo|Protect\n|move|p2a: Fezandipiti|Taunt|p1a: Amoonguss\n|-start|p1a: Amoonguss|move: Taunt\n|-enditem|p1a: Amoonguss|Mental Herb\n|-end|p1a: Amoonguss|move: Taunt\n|move|p2b: Sylveon|Psychic|p1a: Amoonguss\n|-supereffective|p1a: Amoonguss\n|-damage|p1a: Amoonguss|49\/100\n|move|p1a: Amoonguss|Spore|p2a: Fezandipiti\n|-status|p2a: Fezandipiti|slp|[from] move: Spore\n|\n|upkeep\n|turn|2\n|\n|t:|1701187078\n|switch|p1a: Tatsugiri|Tatsugiri, L50, M|100\/100\n|-activate|p1a: Tatsugiri|ability: Commander|[of] p1b: Dondozo\n|-boost|p1b: Dondozo|atk|2\n|-boost|p1b: Dondozo|spa|2\n|-boost|p1b: Dondozo|spe|2\n|-boost|p1b: Dondozo|def|2\n|-boost|p1b: Dondozo|spd|2\n|cant|p2a: Fezandipiti|slp\n|move|p1b: Dondozo|Wave Crash|p2b: Sylveon\n|-damage|p2b: Sylveon|0 fnt\n|faint|p2b: Sylveon\n|-damage|p1b: Dondozo|76\/100|[from] Recoil\n|\n|upkeep\n|\n|t:|1701187091\n|switch|p2b: Ogerpon|Ogerpon-Hearthflame, L50, F|100\/100\n|-ability|p2b: Ogerpon|Mold Breaker\n|turn|3\n|\n|t:|1701187106\n|-terastallize|p1b: Dondozo|Fire\n|move|p2b: Ogerpon|Spiky Shield|p2b: Ogerpon\n|-singleturn|p2b: Ogerpon|move: Protect\n|cant|p2a: Fezandipiti|slp\n|move|p1b: Dondozo|Earthquake|p2b: Ogerpon|[spread] p2a\n|-miss|p1b: Dondozo|p1a: Tatsugiri\n|-activate|p2b: Ogerpon|move: Protect\n|-supereffective|p2a: Fezandipiti\n|-damage|p2a: Fezandipiti|0 fnt\n|faint|p2a: Fezandipiti\n|\n|upkeep\n|\n|t:|1701187118\n|switch|p2a: Basculegion|Basculegion, L50, M|100\/100\n|turn|4\n|\n|t:|1701187132\n|move|p2b: Ogerpon|Follow Me|p2b: Ogerpon\n|-singleturn|p2b: Ogerpon|move: Follow Me\n|move|p1b: Dondozo|Wave Crash|p2b: Ogerpon\n|-damage|p2b: Ogerpon|0 fnt\n|faint|p2b: Ogerpon\n|-damage|p1b: Dondozo|56\/100|[from] Recoil\n|move|p2a: Basculegion|Wave Crash|p1b: Dondozo\n|-supereffective|p1b: Dondozo\n|-damage|p1b: Dondozo|1\/100\n|-enditem|p1b: Dondozo|Weakness Policy\n|-boost|p1b: Dondozo|atk|2|[from] item: Weakness Policy\n|-boost|p1b: Dondozo|spa|2|[from] item: Weakness Policy\n|-damage|p2a: Basculegion|77\/100|[from] Recoil\n|\n|upkeep\n|turn|5\n|\n|t:|1701187148\n|move|p2a: Basculegion|Aqua Jet|p1b: Dondozo\n|-supereffective|p1b: Dondozo\n|-damage|p1b: Dondozo|0 fnt\n|faint|p1b: Dondozo\n|\n|upkeep\n|\n|t:|1701187160\n|switch|p1b: Amoonguss|Amoonguss, L50, M|82\/100\n|turn|6\n|\n|t:|1701187171\n|-terastallize|p2a: Basculegion|Grass\n|move|p1b: Amoonguss|Rage Powder|p1b: Amoonguss\n|-singleturn|p1b: Amoonguss|move: Rage Powder\n|move|p1a: Tatsugiri|Icy Wind|p2a: Basculegion\n|-supereffective|p2a: Basculegion\n|-damage|p2a: Basculegion|13\/100\n|move|p2a: Basculegion|Last Respects|p1b: Amoonguss\n|-damage|p1b: Amoonguss|0 fnt\n|faint|p1b: Amoonguss\n|\n|upkeep\n|\n|t:|1701187186\n|switch|p1b: Arcanine|Arcanine-Hisui, L50, M|100\/100\n|-ability|p1b: Arcanine|Intimidate|boost\n|-fail|p2a: Basculegion|unboost|[from] item: Clear Amulet|[of] p2a: Basculegion\n|turn|7\n|\n|t:|1701187195\n|move|p1b: Arcanine|Extreme Speed|p2a: Basculegion\n|-damage|p2a: Basculegion|0 fnt\n|faint|p2a: Basculegion\n|\n|win|xingshen\n|raw|xingshen's rating: 1225 &rarr; <strong>1244<\/strong><br \/>(+19 for winning)\n|raw|accrola's rating: 1135 &rarr; <strong>1116<\/strong><br \/>(-19 for losing)\n|l|\u2606accrola\n","uploadtime":1701187210,"views":6,"p1id":"xingshen","p2id":"accrola","formatid":"gen9vgc2023regulatione","rating":1116,"private":0,"password":""}