{"id":"gen9vgc2023regulatione-1998507010","p1":"AvianRoseline","p2":"BoWing VGC","format":"[Gen 9] VGC 2023 Regulation E","log":"|j|\u2606AvianRoseline\n|j|\u2606BoWing VGC\n|t:|1700950137\n|gametype|doubles\n|player|p1|AvianRoseline|cynthia-gen4|1078\n|player|p2|BoWing VGC|drayden|1069\n|teamsize|p1|4\n|teamsize|p2|6\n|gen|9\n|tier|[Gen 9] VGC 2023 Regulation E\n|rated|\n|rule|Species Clause: Limit one of each Pok\u00e9mon\n|rule|Item Clause: Limit one of each item\n|clearpoke\n|poke|p1|Okidogi, L50, M|\n|poke|p1|Armarouge, L50, F|\n|poke|p1|Indeedee-F, L50, F|\n|poke|p1|Espathra, L50, F|\n|poke|p2|Chi-Yu, L50|\n|poke|p2|Sinistcha-Masterpiece, L50|\n|poke|p2|Gyarados, L50, M|\n|poke|p2|Kingambit, L50, M|\n|poke|p2|Flutter Mane, L50|\n|poke|p2|Maushold, L50|\n|teampreview|4\n|\n|t:|1700950160\n|start\n|switch|p1a: Cactus|Okidogi, L50, M|100\/100\n|switch|p1b: Chonkers|Espathra, L50, F|100\/100\n|switch|p2a: Chi-Yu|Chi-Yu, L50|100\/100\n|switch|p2b: Kingambit|Kingambit, L50, M|100\/100\n|-ability|p2a: Chi-Yu|Beads of Ruin\n|turn|1\n|\n|t:|1700950202\n|switch|p2b: Flutter Mane|Flutter Mane, L50|100\/100\n|-terastallize|p1a: Cactus|Dark\n|move|p2a: Chi-Yu|Nasty Plot|p2a: Chi-Yu\n|-boost|p2a: Chi-Yu|spa|2\n|-ability|p1b: Chonkers|Opportunist|boost\n|-boost|p1b: Chonkers|spa|2\n|move|p1b: Chonkers|Hyper Voice|p2a: Chi-Yu|[spread] p2a\n|-immune|p2b: Flutter Mane\n|-damage|p2a: Chi-Yu|46\/100\n|move|p1a: Cactus|Knock Off|p2a: Chi-Yu\n|-resisted|p2a: Chi-Yu\n|-damage|p2a: Chi-Yu|0 fnt\n|-enditem|p2a: Chi-Yu|Wise Glasses|[from] move: Knock Off|[of] p1a: Cactus\n|faint|p2a: Chi-Yu\n|\n|-damage|p1a: Cactus|88\/100|[from] item: Black Sludge\n|upkeep\n|\n|t:|1700950223\n|switch|p2a: Maushold|Maushold, L50|100\/100\n|turn|2\n|\n|t:|1700950259\n|move|p2a: Maushold|Follow Me|p2a: Maushold\n|-singleturn|p2a: Maushold|move: Follow Me\n|move|p2b: Flutter Mane|Dazzling Gleam|p1b: Chonkers|[spread] p1a,p1b\n|-supereffective|p1a: Cactus\n|-damage|p1a: Cactus|0 fnt\n|-damage|p1b: Chonkers|51\/100\n|faint|p1a: Cactus\n|move|p1b: Chonkers|Flash Cannon|p2a: Maushold\n|-damage|p2a: Maushold|33\/100\n|\n|upkeep\n|\n|t:|1700950270\n|switch|p1a: indeed. e.|Indeedee-F, L50, F, shiny|100\/100\n|-fieldstart|move: Psychic Terrain|[from] ability: Psychic Surge|[of] p1a: indeed. e.\n|turn|3\n|\n|t:|1700950287\n|move|p1a: indeed. e.|Follow Me|p1a: indeed. e.\n|-singleturn|p1a: indeed. e.|move: Follow Me\n|move|p2b: Flutter Mane|Dazzling Gleam|p1a: indeed. e.|[spread] p1a,p1b\n|-damage|p1a: indeed. e.|55\/100\n|-damage|p1b: Chonkers|0 fnt\n|faint|p1b: Chonkers\n|move|p2a: Maushold|Encore|p1a: indeed. e.\n|-start|p1a: indeed. e.|Encore\n|\n|-heal|p1a: indeed. e.|61\/100|[from] item: Leftovers\n|upkeep\n|\n|t:|1700950293\n|switch|p1b: Grillby|Armarouge, L50, F|100\/100\n|turn|4\n|\n|t:|1700950318\n|-terastallize|p2a: Maushold|Normal\n|move|p1a: indeed. e.|Follow Me|p1a: indeed. e.\n|-singleturn|p1a: indeed. e.|move: Follow Me\n|move|p2b: Flutter Mane|Dazzling Gleam|p1b: Grillby|[spread] p1a,p1b\n|-resisted|p1b: Grillby\n|-damage|p1a: indeed. e.|15\/100\n|-damage|p1b: Grillby|70\/100\n|move|p2a: Maushold|Population Bomb|p1a: indeed. e.\n|-damage|p1a: indeed. e.|4\/100\n|-damage|p1a: indeed. e.|0 fnt\n|faint|p1a: indeed. e.\n|-hitcount|p1: indeed. e.|2\n|move|p1b: Grillby|Expanding Force|p2a: Maushold|[spread] p2a,p2b\n|-damage|p2a: Maushold|0 fnt\n|-damage|p2b: Flutter Mane|52\/100\n|faint|p2a: Maushold\n|\n|upkeep\n|\n|t:|1700950343\n|switch|p2a: Kingambit|Kingambit, L50, M|100\/100\n|turn|5\n|\n|t:|1700950359\n|move|p2a: Kingambit|Sucker Punch||[still]\n|-fail|p2a: Kingambit\n|move|p2b: Flutter Mane|Dazzling Gleam|p1b: Grillby\n|-resisted|p1b: Grillby\n|-damage|p1b: Grillby|25\/100\n|move|p1b: Grillby|Disable|p2b: Flutter Mane\n|-start|p2b: Flutter Mane|Disable|Dazzling Gleam\n|\n|upkeep\n|turn|6\n|\n|t:|1700950370\n|-activate|p2b: Flutter Mane|move: Struggle\n|move|p2b: Flutter Mane|Struggle|p1b: Grillby\n|-damage|p1b: Grillby|19\/100\n|-ability|p1b: Grillby|Weak Armor|boost\n|-unboost|p1b: Grillby|def|1\n|-boost|p1b: Grillby|spe|2\n|-damage|p2b: Flutter Mane|26\/100|[from] recoil\n|move|p1b: Grillby|Expanding Force|p2b: Flutter Mane|[spread] p2b\n|-immune|p2a: Kingambit\n|-damage|p2b: Flutter Mane|0 fnt\n|faint|p2b: Flutter Mane\n|-end|p2b: Flutter Mane|Protosynthesis|[silent]\n|move|p2a: Kingambit|Kowtow Cleave|p1b: Grillby\n|-supereffective|p1b: Grillby\n|-damage|p1b: Grillby|0 fnt\n|faint|p1b: Grillby\n|\n|win|BoWing VGC\n|raw|AvianRoseline's rating: 1078 &rarr; <strong>1056<\/strong><br \/>(-22 for losing)\n|raw|BoWing VGC's rating: 1069 &rarr; <strong>1099<\/strong><br \/>(+30 for winning)\n|l|\u2606BoWing VGC\n|l|\u2606AvianRoseline\n|j|\u2606AvianRoseline\n|player|p1|AvianRoseline|cynthia-gen4\n","uploadtime":1700950399,"views":4,"p1id":"avianroseline","p2id":"bowingvgc","formatid":"gen9vgc2023regulatione","rating":1056,"private":0,"password":""}