{"id":"gen9vgc2023regulatione-1990952346","p1":"adhet","p2":"EmceeMikey","format":"[Gen 9] VGC 2023 Regulation E","log":"|j|\u2606adhet\n|j|\u2606EmceeMikey\n|t:|1700019047\n|gametype|doubles\n|player|p1|adhet|crasherwake|\n|player|p2|EmceeMikey|nessa-masters|\n|teamsize|p1|6\n|teamsize|p2|6\n|gen|9\n|tier|[Gen 9] VGC 2023 Regulation E\n|rated|Tournament battle\n|rule|Species Clause: Limit one of each Pok\u00e9mon\n|rule|Item Clause: Limit one of each item\n|clearpoke\n|poke|p1|Gholdengo, L50|\n|poke|p1|Amoonguss, L50, M|\n|poke|p1|Arcanine-Hisui, L50, M|\n|poke|p1|Tornadus, L50, M|\n|poke|p1|Urshifu-*, L50, M|\n|poke|p1|Landorus-Therian, L50, M|\n|poke|p2|Pelipper, L50, F|\n|poke|p2|Palafin, L50, F|\n|poke|p2|Rillaboom, L50, F|\n|poke|p2|Flutter Mane, L50|\n|poke|p2|Roaring Moon, L50|\n|poke|p2|Gholdengo, L50|\n|teampreview|4\n|showteam|p1|Gholdengo||Leftovers|GoodasGold|ShadowBall,Protect,NastyPlot,MakeItRain||||||50|,,,,,Dragon]Amoonguss||RockyHelmet|Regenerator|Protect,RagePowder,PollenPuff,Spore|||M|||50|,,,,,Water]Arcanine-Hisui||SitrusBerry|Intimidate|Protect,WillOWisp,FlareBlitz,RockSlide|||M|||50|,,,,,Grass]Tornadus||CovertCloak|Prankster|Protect,BleakwindStorm,Tailwind,RainDance|||M|||50|,,,,,Flying]Urshifu-Rapid-Strike||SafetyGoggles|UnseenFist|SwordsDance,Detect,SurgingStrikes,CloseCombat|||M|||50|,,,,,Water]Landorus-Therian||ChoiceScarf|Intimidate|Uturn,TeraBlast,StompingTantrum,RockSlide|||M|||50|,,,,,Flying\n|showteam|p2|Pelipper||DampRock|Drizzle|Protect,WideGuard,Hurricane,WeatherBall|||F|||50|,,,,,Grass]Palafin||ClearAmulet|ZerotoHero|Protect,WaveCrash,JetPunch,CloseCombat|||F|||50|,,,,,Water]Rillaboom||MiracleSeed|GrassySurge|Protect,WoodHammer,GrassyGlide,FakeOut|||F|||50|,,,,,Steel]Flutter Mane||ChoiceSpecs|Protosynthesis|Thunder,Moonblast,DazzlingGleam,ShadowBall||||||50|,,,,,Electric]Roaring Moon||BoosterEnergy|Protosynthesis|Protect,Tailwind,Acrobatics,KnockOff||||||50|,,,,,Flying]Gholdengo||Leftovers|GoodasGold|Protect,NastyPlot,MakeItRain,ShadowBall||||||50|,,,,,Steel\n|j| shadowemrald\n|j| moonybunny\n|j| KnighLt\n|j| ootama\n|j|%Radio Free C-Side\n|\n|t:|1700019088\n|start\n|switch|p1a: Gholdengo|Gholdengo, L50|100\/100\n|switch|p1b: Landorus|Landorus-Therian, L50, M|100\/100\n|switch|p2a: Phony Stark|Palafin, L50, F, shiny|100\/100\n|switch|p2b: Roaring Moon|Roaring Moon, L50|100\/100\n|-ability|p1b: Landorus|Intimidate|boost\n|-fail|p2a: Phony Stark|unboost|[from] item: Clear Amulet|[of] p2a: Phony Stark\n|-unboost|p2b: Roaring Moon|atk|1\n|-enditem|p2b: Roaring Moon|Booster Energy\n|-activate|p2b: Roaring Moon|ability: Protosynthesis|[fromitem]\n|-start|p2b: Roaring Moon|protosynthesisspe\n|turn|1\n|c| KnighLt|Palafin, huh? Don't see that too much\n|j| ale cog\n|\n|t:|1700019122\n|-terastallize|p1a: Gholdengo|Dragon\n|-terastallize|p2a: Phony Stark|Water\n|move|p2b: Roaring Moon|Tailwind|p2b: Roaring Moon\n|-sidestart|p2: EmceeMikey|move: Tailwind\n|move|p2a: Phony Stark|Wave Crash|p1b: Landorus\n|-supereffective|p1b: Landorus\n|-damage|p1b: Landorus|0 fnt\n|faint|p1b: Landorus\n|-damage|p2a: Phony Stark|74\/100|[from] Recoil\n|move|p1a: Gholdengo|Nasty Plot|p1a: Gholdengo\n|-boost|p1a: Gholdengo|spa|2\n|\n|upkeep\n|\n|t:|1700019130\n|switch|p1b: Amoonguss|Amoonguss, L50, M|100\/100\n|turn|2\n|\n|t:|1700019170\n|detailschange|p2a: Phony Stark|Palafin-Hero, L50, F, shiny, tera:Water\n|switch|p2a: Pelipper|Pelipper, L50, F|100\/100\n|-weather|RainDance|[from] ability: Drizzle|[of] p2a: Pelipper\n|move|p2b: Roaring Moon|Protect|p2b: Roaring Moon\n|-singleturn|p2b: Roaring Moon|Protect\n|move|p1a: Gholdengo|Protect|p1a: Gholdengo\n|-singleturn|p1a: Gholdengo|Protect\n|move|p1b: Amoonguss|Spore|p2b: Roaring Moon\n|-activate|p2b: Roaring Moon|move: Protect\n|\n|-weather|RainDance|[upkeep]\n|upkeep\n|turn|3\n|j| Heartsteel Sett\n|\n|t:|1700019199\n|move|p2b: Roaring Moon|Acrobatics|p1b: Amoonguss\n|-supereffective|p1b: Amoonguss\n|-damage|p1b: Amoonguss|40\/100\n|-damage|p2b: Roaring Moon|84\/100|[from] item: Rocky Helmet|[of] p1b: Amoonguss\n|move|p2a: Pelipper|Hurricane|p1b: Amoonguss\n|-supereffective|p1b: Amoonguss\n|-damage|p1b: Amoonguss|0 fnt\n|faint|p1b: Amoonguss\n|move|p1a: Gholdengo|Make It Rain|p2a: Pelipper|[spread] p2a,p2b\n|-resisted|p2a: Pelipper\n|-damage|p2a: Pelipper|44\/100\n|-damage|p2b: Roaring Moon|0 fnt\n|-unboost|p1a: Gholdengo|spa|1\n|faint|p2b: Roaring Moon\n|-end|p2b: Roaring Moon|Protosynthesis|[silent]\n|\n|-weather|RainDance|[upkeep]\n|upkeep\n|\n|t:|1700019214\n|switch|p2b: Phony Stark|Palafin-Hero, L50, F, shiny, tera:Water|74\/100\n|switch|p1b: Urshifu|Urshifu-Rapid-Strike, L50, M|100\/100\n|-activate|p2b: Phony Stark|ability: Zero to Hero\n|turn|4\n|j| AceNowak\n|l| Heartsteel Sett\n|l| AceNowak\n|\n|t:|1700019240\n|move|p1b: Urshifu|Detect|p1b: Urshifu\n|-singleturn|p1b: Urshifu|Protect\n|move|p1a: Gholdengo|Protect|p1a: Gholdengo\n|-singleturn|p1a: Gholdengo|Protect\n|move|p2a: Pelipper|Wide Guard|p2a: Pelipper\n|-singleturn|p2a: Pelipper|Wide Guard\n|move|p2b: Phony Stark|Wave Crash|p1b: Urshifu\n|-activate|p1b: Urshifu|move: Protect\n|\n|-weather|RainDance|[upkeep]\n|-sideend|p2: EmceeMikey|move: Tailwind\n|upkeep\n|turn|5\n|\n|t:|1700019262\n|move|p2b: Phony Stark|Protect|p2b: Phony Stark\n|-singleturn|p2b: Phony Stark|Protect\n|move|p1b: Urshifu|Surging Strikes|p2a: Pelipper\n|-resisted|p2a: Pelipper\n|-crit|p2a: Pelipper\n|-damage|p2a: Pelipper|28\/100\n|-resisted|p2a: Pelipper\n|-crit|p2a: Pelipper\n|-damage|p2a: Pelipper|14\/100\n|-resisted|p2a: Pelipper\n|-crit|p2a: Pelipper\n|-damage|p2a: Pelipper|0 fnt\n|faint|p2a: Pelipper\n|-hitcount|p2: Pelipper|3\n|move|p1a: Gholdengo|Shadow Ball|p2b: Phony Stark\n|-activate|p2b: Phony Stark|move: Protect\n|\n|-weather|RainDance|[upkeep]\n|upkeep\n|c|\u2606EmceeMikey|wow\n|c|\u2606EmceeMikey|lucky roll\n|\n|t:|1700019275\n|switch|p2a: Flutter Mane|Flutter Mane, L50|100\/100\n|turn|6\n|\n|t:|1700019295\n|move|p2a: Flutter Mane|Dazzling Gleam|p1b: Urshifu|[spread] p1a,p1b\n|-supereffective|p1a: Gholdengo\n|-supereffective|p1b: Urshifu\n|-damage|p1a: Gholdengo|0 fnt\n|-damage|p1b: Urshifu|0 fnt\n|faint|p1a: Gholdengo\n|faint|p1b: Urshifu\n|\n|win|EmceeMikey\n|n|\u2606adhet|adhet\n|n|\u2606EmceeMikey|emceemikey\n|n| shadowemrald|shadowemrald\n|n| moonybunny|moonybunny\n|n| KnighLt|knighlt\n|n| ootama|ootama\n|n| Radio Free C-Side|radiofreecside\n|n| ale cog|alecog\n","uploadtime":1700019296,"views":10,"p1id":"adhet","p2id":"emceemikey","formatid":"gen9vgc2023regulatione","rating":0,"private":0,"password":""}