{"id":"gen9vgc2023regulatione-1989641777","p1":"jwtw","p2":"foldrake","format":"[Gen 9] VGC 2023 Regulation E","log":"|j|\u2606jwtw\n|j|\u2606foldrake\n|t:|1699882287\n|gametype|doubles\n|player|p1|jwtw|n|1252\n|player|p2|foldrake|blue|1284\n|teamsize|p1|6\n|teamsize|p2|6\n|gen|9\n|tier|[Gen 9] VGC 2023 Regulation E\n|rated|\n|rule|Species Clause: Limit one of each Pok\u00e9mon\n|rule|Item Clause: Limit one of each item\n|clearpoke\n|poke|p1|Ogerpon-Wellspring, L50, F|\n|poke|p1|Chi-Yu, L50|\n|poke|p1|Tornadus, L50, M|\n|poke|p1|Flutter Mane, L50|\n|poke|p1|Gholdengo, L50|\n|poke|p1|Landorus-Therian, L50, M|\n|poke|p2|Landorus-Therian, L50, M|\n|poke|p2|Tornadus, L50, M|\n|poke|p2|Rillaboom, L50, M|\n|poke|p2|Chien-Pao, L50|\n|poke|p2|Urshifu-*, L50, M|\n|poke|p2|Ogerpon-Hearthflame, L50, F|\n|teampreview|4\n|inactive|Battle timer is ON: inactive players will automatically lose when time's up. (requested by foldrake)\nfoldrake rejected open team sheets.\n|inactive|jwtw has 60 seconds left.\n|\n|t:|1699882335\n|start\n|switch|p1a: Gholdengo|Gholdengo, L50|100\/100\n|switch|p1b: Chi-Yu|Chi-Yu, L50|100\/100\n|switch|p2a: Ogerpon|Ogerpon-Hearthflame, L50, F|100\/100\n|switch|p2b: Rillaboom|Rillaboom, L50, M|100\/100\n|-ability|p1b: Chi-Yu|Beads of Ruin\n|-ability|p2a: Ogerpon|Mold Breaker\n|-fieldstart|move: Grassy Terrain|[from] ability: Grassy Surge|[of] p2b: Rillaboom\n|turn|1\n|\n|t:|1699882350\n|-terastallize|p2a: Ogerpon|Fire\n|detailschange|p2a: Ogerpon|Ogerpon-Hearthflame-Tera, L50, F, tera:Fire\n|-ability|p2a: Ogerpon|Embody Aspect (Hearthflame)|boost\n|-boost|p2a: Ogerpon|atk|1\n|move|p1b: Chi-Yu|Protect|p1b: Chi-Yu\n|-singleturn|p1b: Chi-Yu|Protect\n|move|p1a: Gholdengo|Protect|p1a: Gholdengo\n|-singleturn|p1a: Gholdengo|Protect\n|move|p2b: Rillaboom|Fake Out|p1b: Chi-Yu\n|-activate|p1b: Chi-Yu|move: Protect\n|move|p2a: Ogerpon|Ivy Cudgel|p1a: Gholdengo\n|-activate|p1a: Gholdengo|move: Protect\n|\n|upkeep\n|turn|2\n|\n|t:|1699882371\n|switch|p2b: Tornadus|Tornadus, L50, M|100\/100\n|-terastallize|p1a: Gholdengo|Dragon\n|move|p1b: Chi-Yu|Heat Wave|p2b: Tornadus|[spread] p2a,p2b\n|-resisted|p2a: Ogerpon\n|-damage|p2a: Ogerpon|58\/100\n|-damage|p2b: Tornadus|18\/100\n|-enditem|p2b: Tornadus|Sitrus Berry|[eat]\n|-heal|p2b: Tornadus|43\/100|[from] item: Sitrus Berry\n|-damage|p1b: Chi-Yu|91\/100|[from] item: Life Orb\n|move|p2a: Ogerpon|Ivy Cudgel|p1a: Gholdengo\n|-resisted|p1a: Gholdengo\n|-damage|p1a: Gholdengo|46\/100\n|move|p1a: Gholdengo|Shadow Ball|p2a: Ogerpon\n|-damage|p2a: Ogerpon|0 fnt\n|faint|p2a: Ogerpon\n|\n|-heal|p1b: Chi-Yu|97\/100|[from] Grassy Terrain\n|-heal|p1a: Gholdengo|52\/100|[from] Grassy Terrain\n|-heal|p1a: Gholdengo|58\/100|[from] item: Leftovers\n|upkeep\n|\n|t:|1699882381\n|switch|p2a: Chien-Pao|Chien-Pao, L50|100\/100\n|-ability|p2a: Chien-Pao|Sword of Ruin\n|turn|3\n|inactive|jwtw has 30 seconds left.\n|\n|t:|1699882407\n|move|p1a: Gholdengo|Protect|p1a: Gholdengo\n|-singleturn|p1a: Gholdengo|Protect\n|move|p2b: Tornadus|Tailwind|p2b: Tornadus\n|-sidestart|p2: foldrake|move: Tailwind\n|move|p2a: Chien-Pao|Icicle Crash|p1a: Gholdengo\n|-activate|p1a: Gholdengo|move: Protect\n|move|p1b: Chi-Yu|Heat Wave|p2a: Chien-Pao|[spread] p2a,p2b\n|-supereffective|p2a: Chien-Pao\n|-enditem|p2a: Chien-Pao|Focus Sash\n|-damage|p2a: Chien-Pao|1\/100\n|-damage|p2b: Tornadus|0 fnt\n|faint|p2b: Tornadus\n|-damage|p1b: Chi-Yu|87\/100|[from] item: Life Orb\n|\n|-heal|p2a: Chien-Pao|7\/100|[from] Grassy Terrain\n|-heal|p1b: Chi-Yu|93\/100|[from] Grassy Terrain\n|-heal|p1a: Gholdengo|64\/100|[from] Grassy Terrain\n|-heal|p1a: Gholdengo|71\/100|[from] item: Leftovers\n|upkeep\n|\n|t:|1699882410\n|switch|p2b: Rillaboom|Rillaboom, L50, M|100\/100\n|turn|4\n|inactive|jwtw has 30 seconds left.\n|inactive|jwtw has 20 seconds left.\n|\n|t:|1699882445\n|move|p1b: Chi-Yu|Protect|p1b: Chi-Yu\n|-singleturn|p1b: Chi-Yu|Protect\n|move|p2b: Rillaboom|Fake Out|p1b: Chi-Yu\n|-activate|p1b: Chi-Yu|move: Protect\n|move|p2a: Chien-Pao|Icicle Crash|p1a: Gholdengo|[miss]\n|-miss|p2a: Chien-Pao|p1a: Gholdengo\n|move|p1a: Gholdengo|Make It Rain|p2a: Chien-Pao|[spread] p2a,p2b\n|-supereffective|p2a: Chien-Pao\n|-crit|p2b: Rillaboom\n|-damage|p2a: Chien-Pao|0 fnt\n|-damage|p2b: Rillaboom|26\/100\n|-unboost|p1a: Gholdengo|spa|1\n|faint|p2a: Chien-Pao\n|\n|-heal|p2b: Rillaboom|32\/100|[from] Grassy Terrain\n|-heal|p1b: Chi-Yu|99\/100|[from] Grassy Terrain\n|-heal|p1a: Gholdengo|77\/100|[from] Grassy Terrain\n|-heal|p1a: Gholdengo|83\/100|[from] item: Leftovers\n|upkeep\n|turn|5\n|-message|foldrake forfeited.\n|\n|win|jwtw\n|raw|jwtw's rating: 1252 &rarr; <strong>1279<\/strong><br \/>(+27 for winning)\n|raw|foldrake's rating: 1284 &rarr; <strong>1257<\/strong><br \/>(-27 for losing)\n|l|\u2606foldrake\n","uploadtime":1699882468,"views":25,"p1id":"jwtw","p2id":"foldrake","formatid":"gen9vgc2023regulatione","rating":1257,"private":0,"password":""}