{"id":"gen9vgc2023regulatione-1997987511","p1":"Starling Desire","p2":"Rjvile","format":"[Gen 9] VGC 2023 Regulation E","log":"|j|\u2606Starling Desire\n|j|\u2606Rjvile\n|t:|1700875757\n|gametype|doubles\n|player|p1|Starling Desire|1|1000\n|player|p2|Rjvile|steven|1027\n|teamsize|p1|6\n|teamsize|p2|4\n|gen|9\n|tier|[Gen 9] VGC 2023 Regulation E\n|rated|\n|rule|Species Clause: Limit one of each Pok\u00e9mon\n|rule|Item Clause: Limit one of each item\n|clearpoke\n|poke|p1|Espathra, L50, M|\n|poke|p1|Flamigo, L50, M|\n|poke|p1|Chi-Yu, L50|\n|poke|p1|Gastrodon, L50, F|\n|poke|p1|Dachsbun, L50, M|\n|poke|p1|Corviknight, L50, M|\n|poke|p2|Urshifu-*, L50, M|\n|poke|p2|Armarouge, L50, M|\n|poke|p2|Roaring Moon, L50|\n|poke|p2|Indeedee-F, L50, F|\n|teampreview|4\nRjvile rejected open team sheets.\n|\n|t:|1700875802\n|start\n|switch|p1a: Gastrodon|Gastrodon, L50, F|100\/100\n|switch|p1b: Chi-Yu|Chi-Yu, L50|100\/100\n|switch|p2a: Surge|Roaring Moon, L50|100\/100\n|switch|p2b: Bruce|Urshifu-Rapid-Strike, L50, M|100\/100\n|-ability|p1b: Chi-Yu|Beads of Ruin\n|-enditem|p2a: Surge|Booster Energy\n|-activate|p2a: Surge|ability: Protosynthesis|[fromitem]\n|-start|p2a: Surge|protosynthesisspe\n|turn|1\n|\n|t:|1700875835\n|-terastallize|p1b: Chi-Yu|Dark\n|-terastallize|p2b: Bruce|Water\n|move|p2a: Surge|Tailwind|p2a: Surge\n|-sidestart|p2: Rjvile|move: Tailwind\n|move|p2b: Bruce|Surging Strikes|p1a: Gastrodon\n|-activate|p1a: Gastrodon|ability: Storm Drain\n|-ability|p1a: Gastrodon|Storm Drain|boost\n|-boost|p1a: Gastrodon|spa|1\n|move|p1b: Chi-Yu|Dark Pulse|p2b: Bruce\n|-damage|p2b: Bruce|0 fnt\n|faint|p2b: Bruce\n|move|p1a: Gastrodon|Liquidation|p2a: Surge\n|-resisted|p2a: Surge\n|-damage|p2a: Surge|82\/100\n|-unboost|p2a: Surge|def|1\n|\n|upkeep\n|\n|t:|1700875857\n|switch|p2b: Ace|Armarouge, L50, M, shiny|100\/100\n|turn|2\n|\n|t:|1700875878\n|move|p2b: Ace|Protect|p2b: Ace\n|-singleturn|p2b: Ace|Protect\n|move|p2a: Surge|Knock Off|p1b: Chi-Yu\n|-resisted|p1b: Chi-Yu\n|-damage|p1b: Chi-Yu|65\/100\n|-enditem|p1b: Chi-Yu|Choice Scarf|[from] move: Knock Off|[of] p2a: Surge\n|move|p1b: Chi-Yu|Dark Pulse|p2a: Surge\n|-resisted|p2a: Surge\n|-damage|p2a: Surge|48\/100\n|move|p1a: Gastrodon|Liquidation|p2b: Ace\n|-activate|p2b: Ace|move: Protect\n|\n|upkeep\n|turn|3\n|\n|t:|1700875907\n|move|p2a: Surge|Breaking Swipe|p1a: Gastrodon|[spread] p1a,p1b\n|-damage|p1a: Gastrodon|79\/100\n|-damage|p1b: Chi-Yu|34\/100\n|-unboost|p1a: Gastrodon|atk|1\n|-unboost|p1b: Chi-Yu|atk|1\n|move|p1b: Chi-Yu|Dark Pulse|p2a: Surge\n|-resisted|p2a: Surge\n|-damage|p2a: Surge|10\/100\n|move|p2b: Ace|Armor Cannon|p1b: Chi-Yu\n|-damage|p1b: Chi-Yu|0 fnt\n|-unboost|p2b: Ace|def|1\n|-unboost|p2b: Ace|spd|1\n|faint|p1b: Chi-Yu\n|-damage|p2b: Ace|91\/100|[from] item: Life Orb\n|move|p1a: Gastrodon|Liquidation|p2b: Ace\n|-supereffective|p2b: Ace\n|-damage|p2b: Ace|25\/100\n|\n|upkeep\n|\n|t:|1700875927\n|switch|p1b: Corviknight|Corviknight, L50, M|100\/100\n|turn|4\n|\n|t:|1700875936\n|-end|p2a: Surge|Protosynthesis|[silent]\n|switch|p2a: Dixie|Indeedee-F, L50, F, shiny|100\/100\n|-fieldstart|move: Psychic Terrain|[from] ability: Psychic Surge|[of] p2a: Dixie\n|move|p2b: Ace|Expanding Force|p1b: Corviknight|[spread] p1a,p1b\n|-resisted|p1b: Corviknight\n|-damage|p1a: Gastrodon|4\/100\n|-damage|p1b: Corviknight|62\/100\n|-damage|p2b: Ace|15\/100|[from] item: Life Orb\n|move|p1b: Corviknight|Iron Defense|p1b: Corviknight\n|-boost|p1b: Corviknight|def|2\n|move|p1a: Gastrodon|Earthquake|p2a: Dixie|[spread] p2a,p2b\n|-immune|p1b: Corviknight\n|-supereffective|p2b: Ace\n|-damage|p2a: Dixie|84\/100\n|-damage|p2b: Ace|0 fnt\n|faint|p2b: Ace\n|\n|-sideend|p2: Rjvile|move: Tailwind\n|upkeep\n|\n|t:|1700875953\n|switch|p2b: Surge|Roaring Moon, L50|10\/100\n|turn|5\n|-message|Rjvile forfeited.\n|\n|win|Starling Desire\n|raw|Starling Desire's rating: 1000 &rarr; <strong>1043<\/strong><br \/>(+43 for winning)\n|raw|Rjvile's rating: 1027 &rarr; <strong>1012<\/strong><br \/>(-15 for losing)\n|l|\u2606Rjvile\n|l|\u2606Starling Desire\n","uploadtime":1700876228,"views":9,"p1id":"starlingdesire","p2id":"rjvile","formatid":"gen9vgc2023regulatione","rating":1012,"private":0,"password":""}