{"id":"gen9vgc2023regulatione-1995068672","p1":"Pauliii23","p2":"TobiYume","format":"[Gen 9] VGC 2023 Regulation E","log":"|j|\u2606Pauliii23\n|j|\u2606TobiYume\n|n|\u2606Pauliii23|pauliii23\n|n|\u2606TobiYume|tobiyume\n|html|View the match progress at <a href=\"\/game-bestof3-gen9vgc2023regulatione-1995066562\">game-bestof3-gen9vgc2023regulatione-1995066562<\/a>\n|t:|1700519127\n|gametype|doubles\n|player|p1|Pauliii23|101|\n|player|p2|TobiYume|n|\n|teamsize|p1|6\n|teamsize|p2|6\n|gen|9\n|tier|[Gen 9] VGC 2023 Regulation E\n|rule|Species Clause: Limit one of each Pok\u00e9mon\n|rule|Item Clause: Limit one of each item\n|clearpoke\n|poke|p1|Gholdengo, L50|\n|poke|p1|Chien-Pao, L50|\n|poke|p1|Landorus-Therian, L50, M|\n|poke|p1|Tornadus, L50, M|\n|poke|p1|Amoonguss, L50, M|\n|poke|p1|Urshifu-*, L50, M|\n|poke|p2|Arcanine-Hisui, L50, M|\n|poke|p2|Urshifu-*, L50, M|\n|poke|p2|Rillaboom, L50, M|\n|poke|p2|Moltres-Galar, L50|\n|poke|p2|Ninetales-Alola, L50, F|\n|poke|p2|Sinistcha, L50|\n|teampreview|4\nTobiYume has agreed to open team sheets.\n|\n|t:|1700519142\n|start\n|switch|p1a: Chien-Pao|Chien-Pao, L50|100\/100\n|switch|p1b: Amoonguss|Amoonguss, L50, M|100\/100\n|switch|p2a: Rillaboom|Rillaboom, L50, M|100\/100\n|switch|p2b: Arcanine|Arcanine-Hisui, L50, M|100\/100\n|-ability|p1a: Chien-Pao|Sword of Ruin\n|-ability|p2b: Arcanine|Intimidate|boost\n|-unboost|p1a: Chien-Pao|atk|1\n|-unboost|p1b: Amoonguss|atk|1\n|-fieldstart|move: Grassy Terrain|[from] ability: Grassy Surge|[of] p2a: Rillaboom\n|turn|1\n|\n|t:|1700519169\n|move|p1a: Chien-Pao|Protect|p1a: Chien-Pao\n|-singleturn|p1a: Chien-Pao|Protect\n|move|p2a: Rillaboom|Fake Out|p1b: Amoonguss\n|-damage|p1b: Amoonguss|85\/100\n|-damage|p2a: Rillaboom|84\/100|[from] item: Rocky Helmet|[of] p1b: Amoonguss\n|move|p2b: Arcanine|Rock Slide|p1b: Amoonguss|[spread] p1b\n|-activate|p1a: Chien-Pao|move: Protect\n|-damage|p1b: Amoonguss|61\/100\n|cant|p1b: Amoonguss|flinch\n|\n|-heal|p2a: Rillaboom|90\/100|[from] Grassy Terrain\n|-heal|p1b: Amoonguss|67\/100|[from] Grassy Terrain\n|upkeep\n|turn|2\n|\n|t:|1700519192\n|move|p1b: Amoonguss|Rage Powder|p1b: Amoonguss\n|-singleturn|p1b: Amoonguss|move: Rage Powder\n|move|p1a: Chien-Pao|Sacred Sword|p2b: Arcanine\n|-supereffective|p2b: Arcanine\n|-damage|p2b: Arcanine|40\/100\n|move|p2b: Arcanine|Flare Blitz|p1b: Amoonguss\n|-supereffective|p1b: Amoonguss\n|-damage|p1b: Amoonguss|0 fnt\n|-damage|p2b: Arcanine|24\/100|[from] item: Rocky Helmet|[of] p1b: Amoonguss\n|faint|p1b: Amoonguss\n|-damage|p2b: Arcanine|0 fnt|[from] Recoil\n|faint|p2b: Arcanine\n|move|p2a: Rillaboom|Wood Hammer|p1a: Chien-Pao\n|-enditem|p1a: Chien-Pao|Focus Sash\n|-damage|p1a: Chien-Pao|1\/100\n|-damage|p2a: Rillaboom|65\/100|[from] Recoil\n|\n|-heal|p1a: Chien-Pao|7\/100|[from] Grassy Terrain\n|-heal|p2a: Rillaboom|71\/100|[from] Grassy Terrain\n|upkeep\n|\n|t:|1700519207\n|switch|p2b: Urshifu|Urshifu-Rapid-Strike, L50, M|100\/100\n|switch|p1b: Gholdengo|Gholdengo, L50|100\/100\n|turn|3\n|\n|t:|1700519218\n|-terastallize|p2b: Urshifu|Water\n|move|p2a: Rillaboom|Grassy Glide|p1a: Chien-Pao\n|-damage|p1a: Chien-Pao|0 fnt\n|faint|p1a: Chien-Pao\n|move|p2b: Urshifu|Surging Strikes|p1b: Gholdengo\n|-crit|p1b: Gholdengo\n|-damage|p1b: Gholdengo|73\/100\n|-crit|p1b: Gholdengo\n|-damage|p1b: Gholdengo|47\/100\n|-crit|p1b: Gholdengo\n|-damage|p1b: Gholdengo|18\/100\n|-hitcount|p1b: Gholdengo|3\n|move|p1b: Gholdengo|Make It Rain|p2a: Rillaboom|[spread] p2a,p2b\n|-resisted|p2b: Urshifu\n|-damage|p2a: Rillaboom|25\/100\n|-damage|p2b: Urshifu|53\/100\n|-unboost|p1b: Gholdengo|spa|1\n|-damage|p1b: Gholdengo|8\/100|[from] item: Life Orb\n|\n|-heal|p2b: Urshifu|59\/100|[from] Grassy Terrain\n|-heal|p1b: Gholdengo|14\/100|[from] Grassy Terrain\n|-heal|p2a: Rillaboom|31\/100|[from] Grassy Terrain\n|upkeep\n|\n|t:|1700519236\n|switch|p1a: Urshifu|Urshifu-Rapid-Strike, L50, M|100\/100\n|turn|4\n|\n|t:|1700519249\n|move|p2a: Rillaboom|Grassy Glide|p1a: Urshifu\n|-supereffective|p1a: Urshifu\n|-damage|p1a: Urshifu|19\/100\n|move|p2b: Urshifu|Surging Strikes|p1b: Gholdengo\n|-crit|p1b: Gholdengo\n|-damage|p1b: Gholdengo|0 fnt\n|faint|p1b: Gholdengo\n|-hitcount|p1: Gholdengo|1\n|move|p1a: Urshifu|Surging Strikes|p2a: Rillaboom\n|-resisted|p2a: Rillaboom\n|-crit|p2a: Rillaboom\n|-damage|p2a: Rillaboom|22\/100\n|-resisted|p2a: Rillaboom\n|-crit|p2a: Rillaboom\n|-damage|p2a: Rillaboom|14\/100\n|-resisted|p2a: Rillaboom\n|-crit|p2a: Rillaboom\n|-damage|p2a: Rillaboom|5\/100\n|-hitcount|p2a: Rillaboom|3\n|\n|-heal|p2b: Urshifu|65\/100|[from] Grassy Terrain\n|-heal|p1a: Urshifu|25\/100|[from] Grassy Terrain\n|-heal|p2a: Rillaboom|11\/100|[from] Grassy Terrain\n|upkeep\n|turn|5\n|\n|t:|1700519263\n|move|p1a: Urshifu|Aqua Jet|p2a: Rillaboom\n|-resisted|p2a: Rillaboom\n|-damage|p2a: Rillaboom|1\/100\n|move|p2a: Rillaboom|Grassy Glide|p1a: Urshifu\n|-supereffective|p1a: Urshifu\n|-damage|p1a: Urshifu|0 fnt\n|faint|p1a: Urshifu\n|\n|win|TobiYume\n|c|&|\/uhtml prompt-pauliii23,Pauliii23 is ready for game 3!\n|c|&|\/uhtml prompt-tobiyume,TobiYume is ready for game 3!\nBoth players are ready! Starting next match!\n|l|\u2606Pauliii23\n","uploadtime":1700519443,"views":1,"p1id":"pauliii23","p2id":"tobiyume","formatid":"gen9vgc2023regulatione","rating":0,"private":0,"password":""}