{"id":"gen9vgc2023regulatione-1995525088","p1":"krenitos","p2":"HATAKA KUSATA","format":"[Gen 9] VGC 2023 Regulation E","log":"|j|\u2606krenitos\n|j|\u2606HATAKA KUSATA\n|t:|1700579794\n|gametype|doubles\n|player|p1|krenitos|fisherman|1107\n|player|p2|HATAKA KUSATA|nate|1046\n|teamsize|p1|6\n|teamsize|p2|6\n|gen|9\n|tier|[Gen 9] VGC 2023 Regulation E\n|rated|\n|rule|Species Clause: Limit one of each Pok\u00e9mon\n|rule|Item Clause: Limit one of each item\n|clearpoke\n|poke|p1|Flutter Mane, L50|\n|poke|p1|Glimmora, L50, F|\n|poke|p1|Dusclops, L50, F|\n|poke|p1|Ceruledge, L50, F|\n|poke|p1|Gyarados, L50, F|\n|poke|p1|Gholdengo, L50|\n|poke|p2|Ambipom, L50, M|\n|poke|p2|Charizard, L50, M|\n|poke|p2|Lucario, L50, M|\n|poke|p2|Greninja-*, L50, F|\n|poke|p2|Ogerpon-Cornerstone, L50, F|\n|poke|p2|Urshifu-*, L50, M|\n|teampreview|4\n|inactive|Battle timer is ON: inactive players will automatically lose when time's up. (requested by krenitos)\n|inactive|krenitos has 60 seconds left.\n|inactive|HATAKA KUSATA has 60 seconds left.\n|\n|t:|1700579834\n|start\n|switch|p1a: Dusclops|Dusclops, L50, F|100\/100\n|switch|p1b: Gyarados|Gyarados, L50, F, shiny|100\/100\n|switch|p2a: Charizard|Charizard, L50, M|100\/100\n|switch|p2b: Ogerpon|Ogerpon-Cornerstone, L50, F|100\/100\n|-ability|p1b: Gyarados|Intimidate|boost\n|-unboost|p2a: Charizard|atk|1\n|-unboost|p2b: Ogerpon|atk|1\n|-ability|p1a: Dusclops|Pressure\n|turn|1\n|\n|t:|1700579848\n|move|p2a: Charizard|Protect|p2a: Charizard\n|-singleturn|p2a: Charizard|Protect\n|move|p1b: Gyarados|Protect|p1b: Gyarados\n|-singleturn|p1b: Gyarados|Protect\n|move|p2b: Ogerpon|Sunny Day|p2b: Ogerpon\n|-weather|SunnyDay\n|move|p1a: Dusclops|Trick Room|p1a: Dusclops\n|-fieldstart|move: Trick Room|[of] p1a: Dusclops\n|\n|-weather|SunnyDay|[upkeep]\n|-damage|p2a: Charizard|88\/100|[from] ability: Solar Power|[of] p2a: Charizard\n|-heal|p2a: Charizard|94\/100|[from] item: Leftovers\n|upkeep\n|turn|2\n|\n|t:|1700579868\n|switch|p1b: Glimmora|Glimmora, L50, F, shiny|100\/100\n|move|p1a: Dusclops|Night Shade|p2b: Ogerpon\n|-damage|p2b: Ogerpon|69\/100\n|move|p2b: Ogerpon|Encore|p1a: Dusclops\n|-start|p1a: Dusclops|Encore\n|move|p2a: Charizard|Solar Beam||[still]\n|-prepare|p2a: Charizard|Solar Beam\n|-anim|p2a: Charizard|Solar Beam|p1b: Glimmora\n|-damage|p1b: Glimmora|36\/100\n|\n|-weather|SunnyDay|[upkeep]\n|-damage|p2a: Charizard|82\/100|[from] ability: Solar Power|[of] p2a: Charizard\n|-heal|p2a: Charizard|88\/100|[from] item: Leftovers\n|upkeep\n|turn|3\n|\n|t:|1700579884\n|move|p1a: Dusclops|Night Shade|p2b: Ogerpon\n|-damage|p2b: Ogerpon|37\/100\n|move|p1b: Glimmora|Power Gem|p2a: Charizard\n|-supereffective|p2a: Charizard\n|-damage|p2a: Charizard|0 fnt\n|faint|p2a: Charizard\n|move|p2b: Ogerpon|Ivy Cudgel|p1a: Dusclops|[anim] Ivy Cudgel Rock\n|-damage|p1a: Dusclops|77\/100\n|\n|-weather|SunnyDay|[upkeep]\n|upkeep\n|\n|t:|1700579893\n|switch|p2a: Urshifu|Urshifu-Rapid-Strike, L50, M|100\/100\n|turn|4\n|\n|t:|1700579906\n|-terastallize|p1b: Glimmora|Grass\n|move|p1a: Dusclops|Night Shade|p2b: Ogerpon\n|-damage|p2b: Ogerpon|6\/100\n|move|p1b: Glimmora|Energy Ball|p2a: Urshifu\n|-supereffective|p2a: Urshifu\n|-damage|p2a: Urshifu|0 fnt\n|faint|p2a: Urshifu\n|move|p2b: Ogerpon|Ivy Cudgel|p1a: Dusclops|[anim] Ivy Cudgel Rock\n|-damage|p1a: Dusclops|54\/100\n|\n|-weather|SunnyDay|[upkeep]\n|upkeep\n|\n|t:|1700579909\n|switch|p2a: Greninja|Greninja, L50, F|100\/100\n|turn|5\n|\n|t:|1700579921\n|move|p1a: Dusclops|Night Shade|p2b: Ogerpon\n|-damage|p2b: Ogerpon|0 fnt\n|faint|p2b: Ogerpon\n|move|p1b: Glimmora|Energy Ball|p2a: Greninja\n|-supereffective|p2a: Greninja\n|-damage|p2a: Greninja|0 fnt\n|faint|p2a: Greninja\n|\n|win|krenitos\n|raw|krenitos's rating: 1107 &rarr; <strong>1128<\/strong><br \/>(+21 for winning)\n|raw|HATAKA KUSATA's rating: 1046 &rarr; <strong>1032<\/strong><br \/>(-14 for losing)\n|l|\u2606HATAKA KUSATA\n","uploadtime":1700579930,"views":12,"p1id":"krenitos","p2id":"hatakakusata","formatid":"gen9vgc2023regulatione","rating":1032,"private":0,"password":""}