{"id":"gen9vgc2023regulatione-1997427480","p1":"lingliu","p2":"5Sscreen","format":"[Gen 9] VGC 2023 Regulation E","log":"|j|\u2606lingliu\n|j|\u26065Sscreen\n|t:|1700803435\n|gametype|doubles\n|player|p1|lingliu|ingo|1211\n|player|p2|5Sscreen|pokekid|1212\n|teamsize|p1|6\n|teamsize|p2|6\n|gen|9\n|tier|[Gen 9] VGC 2023 Regulation E\n|rated|\n|rule|Species Clause: Limit one of each Pok\u00e9mon\n|rule|Item Clause: Limit one of each item\n|clearpoke\n|poke|p1|Iron Hands, L50|\n|poke|p1|Landorus-Therian, L50, M|\n|poke|p1|Tornadus, L50, M|\n|poke|p1|Heatran, L50, F|\n|poke|p1|Rillaboom, L50, M|\n|poke|p1|Ogerpon-Hearthflame, L50, F|\n|poke|p2|Annihilape, L50, F|\n|poke|p2|Sinistcha, L50|\n|poke|p2|Grimmsnarl, L50, M|\n|poke|p2|Landorus-Therian, L50, M|\n|poke|p2|Bellibolt, L50, M|\n|poke|p2|Corviknight, L50, M|\n|teampreview|4\n|\n|t:|1700803471\n|start\n|switch|p1a: Tornadus|Tornadus, L50, M|100\/100\n|switch|p1b: Heatran|Heatran, L50, F|100\/100\n|switch|p2a: Grimmsnarl|Grimmsnarl, L50, M, shiny|100\/100\n|switch|p2b: Landorus|Landorus-Therian, L50, M|100\/100\n|-ability|p2b: Landorus|Intimidate|boost\n|-unboost|p1a: Tornadus|atk|1\n|-unboost|p1b: Heatran|atk|1\n|turn|1\n|inactive|Battle timer is ON: inactive players will automatically lose when time's up. (requested by lingliu)\n|\n|t:|1700803498\n|move|p1b: Heatran|Protect|p1b: Heatran\n|-singleturn|p1b: Heatran|Protect\n|move|p1a: Tornadus|Sunny Day|p1a: Tornadus\n|-weather|SunnyDay\n|move|p2a: Grimmsnarl|Light Screen|p2a: Grimmsnarl\n|-sidestart|p2: 5Sscreen|move: Light Screen\n|move|p2b: Landorus|Stomping Tantrum|p1b: Heatran\n|-activate|p1b: Heatran|move: Protect\n|\n|-weather|SunnyDay|[upkeep]\n|upkeep\n|turn|2\n|\n|t:|1700803516\n|switch|p1b: Rillaboom|Rillaboom, L50, M|100\/100\n|-fieldstart|move: Grassy Terrain|[from] ability: Grassy Surge|[of] p1b: Rillaboom\n|move|p1a: Tornadus|Tailwind|p1a: Tornadus\n|-sidestart|p1: lingliu|move: Tailwind\n|move|p2a: Grimmsnarl|Parting Shot|p1b: Rillaboom\n|-unboost|p1b: Rillaboom|atk|1\n|-unboost|p1b: Rillaboom|spa|1\n|\n|t:|1700803524\n|switch|p2a: Annihilape|Annihilape, L50, F|100\/100|[from] Parting Shot\n|move|p2b: Landorus|Stomping Tantrum|p1b: Rillaboom\n|-resisted|p1b: Rillaboom\n|-damage|p1b: Rillaboom|82\/100\n|\n|-weather|SunnyDay|[upkeep]\n|-heal|p1b: Rillaboom|87\/100|[from] Grassy Terrain\n|upkeep\n|turn|3\n|\n|t:|1700803542\n|switch|p2b: Grimmsnarl|Grimmsnarl, L50, M, shiny|100\/100\n|move|p2a: Annihilape|Protect|p2a: Annihilape\n|-singleturn|p2a: Annihilape|Protect\n|move|p1b: Rillaboom|Fake Out|p2b: Grimmsnarl\n|-damage|p2b: Grimmsnarl|90\/100\n|move|p1a: Tornadus|Taunt|p2a: Annihilape\n|-activate|p2a: Annihilape|move: Protect\n|\n|-weather|SunnyDay|[upkeep]\n|-heal|p1b: Rillaboom|93\/100|[from] Grassy Terrain\n|-heal|p2b: Grimmsnarl|96\/100|[from] Grassy Terrain\n|upkeep\n|turn|4\n|inactive|lingliu has 30 seconds left.\n|inactive|5Sscreen has 30 seconds left.\n|\n|t:|1700803575\n|switch|p1a: Heatran|Heatran, L50, F|100\/100\n|-terastallize|p2a: Annihilape|Fire\n|move|p1b: Rillaboom|Grassy Glide|p2b: Grimmsnarl\n|-damage|p2b: Grimmsnarl|69\/100\n|move|p2b: Grimmsnarl|Reflect|p2b: Grimmsnarl\n|-sidestart|p2: 5Sscreen|Reflect\n|move|p2a: Annihilape|Drain Punch|p1b: Rillaboom\n|-damage|p1b: Rillaboom|61\/100\n|\n|-weather|SunnyDay|[upkeep]\n|-heal|p1b: Rillaboom|67\/100|[from] Grassy Terrain\n|-heal|p2b: Grimmsnarl|75\/100|[from] Grassy Terrain\n|upkeep\n|turn|5\n|inactive|5Sscreen has 30 seconds left.\n|\n|t:|1700803602\n|move|p2b: Grimmsnarl|Parting Shot|p1a: Heatran\n|-unboost|p1a: Heatran|atk|1\n|-unboost|p1a: Heatran|spa|1\n|\n|t:|1700803606\n|switch|p2b: Landorus|Landorus-Therian, L50, M|100\/100|[from] Parting Shot\n|-ability|p2b: Landorus|Intimidate|boost\n|-unboost|p1a: Heatran|atk|1\n|-unboost|p1b: Rillaboom|atk|1\n|move|p1a: Heatran|Earth Power|p2a: Annihilape\n|-supereffective|p2a: Annihilape\n|-damage|p2a: Annihilape|79\/100\n|move|p1b: Rillaboom|High Horsepower|p2a: Annihilape\n|-supereffective|p2a: Annihilape\n|-damage|p2a: Annihilape|57\/100\n|move|p2a: Annihilape|Drain Punch|p1b: Rillaboom\n|-damage|p1b: Rillaboom|34\/100\n|-heal|p2a: Annihilape|74\/100|[from] drain|[of] p1b: Rillaboom\n|-enditem|p1b: Rillaboom|Sitrus Berry|[eat]\n|-heal|p1b: Rillaboom|59\/100|[from] item: Sitrus Berry\n|\n|-weather|none\n|-heal|p1b: Rillaboom|65\/100|[from] Grassy Terrain\n|-heal|p2a: Annihilape|80\/100|[from] Grassy Terrain\n|-heal|p2a: Annihilape|86\/100|[from] item: Leftovers\n|-sideend|p1: lingliu|move: Tailwind\n|upkeep\n|turn|6\n|inactive|5Sscreen has 30 seconds left.\n|inactive|5Sscreen has 20 seconds left.\n|inactive|5Sscreen has 15 seconds left.\n|\n|t:|1700803647\n|switch|p1a: Tornadus|Tornadus, L50, M|100\/100\n|move|p1b: Rillaboom|Protect|p1b: Rillaboom\n|-singleturn|p1b: Rillaboom|Protect\n|move|p2b: Landorus|Stomping Tantrum|p1a: Tornadus\n|-immune|p1a: Tornadus\n|move|p2a: Annihilape|Rage Fist|p1b: Rillaboom\n|-activate|p1b: Rillaboom|move: Protect\n|\n|-heal|p2a: Annihilape|92\/100|[from] Grassy Terrain\n|-heal|p2a: Annihilape|99\/100|[from] item: Leftovers\n|-heal|p1b: Rillaboom|71\/100|[from] Grassy Terrain\n|-fieldend|move: Grassy Terrain\n|upkeep\n|turn|7\n|\n|t:|1700803670\n|switch|p1b: Heatran|Heatran, L50, F|100\/100\n|move|p1a: Tornadus|Tailwind|p1a: Tornadus\n|-sidestart|p1: lingliu|move: Tailwind\n|move|p2b: Landorus|Stomping Tantrum|p1b: Heatran\n|-supereffective|p1b: Heatran\n|-damage|p1b: Heatran|0 fnt\n|faint|p1b: Heatran\n|move|p2a: Annihilape|Rage Fist|p1a: Tornadus\n|-damage|p1a: Tornadus|19\/100\n|\n|-heal|p2a: Annihilape|100\/100|[from] item: Leftovers\n|upkeep\n|\n|t:|1700803675\n|switch|p1b: Rillaboom|Rillaboom, L50, M|71\/100\n|-fieldstart|move: Grassy Terrain|[from] ability: Grassy Surge|[of] p1b: Rillaboom\n|turn|8\n|\n|t:|1700803687\n|switch|p2b: Sinistcha|Sinistcha, L50|100\/100\n|move|p2a: Annihilape|Protect|p2a: Annihilape\n|-singleturn|p2a: Annihilape|Protect\n|move|p1a: Tornadus|Bleakwind Storm|p2a: Annihilape|[spread] p2b\n|-activate|p2a: Annihilape|move: Protect\n|-supereffective|p2b: Sinistcha\n|-damage|p2b: Sinistcha|58\/100\n|-unboost|p2b: Sinistcha|spe|1\n|move|p1b: Rillaboom|High Horsepower|p2a: Annihilape\n|-activate|p2a: Annihilape|move: Protect\n|\n|-heal|p1b: Rillaboom|76\/100|[from] Grassy Terrain\n|-heal|p2b: Sinistcha|64\/100|[from] Grassy Terrain\n|-sideend|p2: 5Sscreen|move: Light Screen\n|upkeep\n|turn|9\n|inactive|5Sscreen has 30 seconds left.\n|\n|t:|1700803714\n|switch|p2b: Landorus|Landorus-Therian, L50, M|100\/100\n|-ability|p2b: Landorus|Intimidate|boost\n|-unboost|p1a: Tornadus|atk|1\n|-unboost|p1b: Rillaboom|atk|1\n|move|p1b: Rillaboom|Grassy Glide|p2a: Annihilape\n|-resisted|p2a: Annihilape\n|-damage|p2a: Annihilape|92\/100\n|move|p1a: Tornadus|Bleakwind Storm|p2a: Annihilape|[spread] p2b\n|-miss|p1a: Tornadus|p2a: Annihilape\n|-damage|p2b: Landorus|58\/100\n|move|p2a: Annihilape|Rage Fist|p1b: Rillaboom\n|-damage|p1b: Rillaboom|0 fnt\n|faint|p1b: Rillaboom\n|\n|-heal|p2a: Annihilape|98\/100|[from] Grassy Terrain\n|-heal|p2a: Annihilape|100\/100|[from] item: Leftovers\n|upkeep\n|\n|t:|1700803725\n|switch|p1b: Ogerpon|Ogerpon-Hearthflame, L50, F|100\/100\n|-ability|p1b: Ogerpon|Mold Breaker\n|turn|10\n|\n|t:|1700803746\n|-terastallize|p1b: Ogerpon|Fire\n|detailschange|p1b: Ogerpon|Ogerpon-Hearthflame-Tera, L50, F, tera:Fire\n|-ability|p1b: Ogerpon|Embody Aspect (Hearthflame)|boost\n|-boost|p1b: Ogerpon|atk|1\n|move|p2a: Annihilape|Protect|p2a: Annihilape\n|-singleturn|p2a: Annihilape|Protect\n|move|p1a: Tornadus|Sunny Day|p1a: Tornadus\n|-weather|SunnyDay\n|move|p1b: Ogerpon|Ivy Cudgel|p2a: Annihilape|[anim] Ivy Cudgel Fire\n|-activate|p2a: Annihilape|move: Protect\n|move|p2b: Landorus|Stomping Tantrum|p1b: Ogerpon\n|-supereffective|p1b: Ogerpon\n|-damage|p1b: Ogerpon|0 fnt\n|faint|p1b: Ogerpon\n|\n|-weather|SunnyDay|[upkeep]\n|-sideend|p1: lingliu|move: Tailwind\n|upkeep\n|turn|11\n|-message|lingliu forfeited.\n|\n|win|5Sscreen\n|raw|lingliu's rating: 1211 &rarr; <strong>1186<\/strong><br \/>(-25 for losing)\n|raw|5Sscreen's rating: 1212 &rarr; <strong>1237<\/strong><br \/>(+25 for winning)\n|l|\u2606lingliu\n","uploadtime":1700803763,"views":12,"p1id":"lingliu","p2id":"5sscreen","formatid":"gen9vgc2023regulatione","rating":1186,"private":0,"password":""}