{"id":"gen9vgc2023regulatione-1994073896","p1":"pokesun1","p2":"smudgerox","format":"[Gen 9] VGC 2023 Regulation E","log":"|j|\u2606pokesun1\n|j|\u2606smudgerox\n|n|\u2606pokesun1|pokesun1\n|n|\u2606smudgerox|smudgerox\n|html|View the match progress at <a href=\"\/game-bestof3-gen9vgc2023regulatione-1994073895\">game-bestof3-gen9vgc2023regulatione-1994073895<\/a>\n|t:|1700403429\n|gametype|doubles\n|player|p1|pokesun1|lady-gen4|\n|player|p2|smudgerox|#dwcopiii|\n|teamsize|p1|6\n|teamsize|p2|6\n|gen|9\n|tier|[Gen 9] VGC 2023 Regulation E\n|rated|Tournament battle\n|rule|Species Clause: Limit one of each Pok\u00e9mon\n|rule|Item Clause: Limit one of each item\n|clearpoke\n|poke|p1|Ogerpon-Wellspring, L50, F|\n|poke|p1|Regieleki, L50|\n|poke|p1|Indeedee-F, L50, F|\n|poke|p1|Tornadus, L50, M|\n|poke|p1|Chi-Yu, L50|\n|poke|p1|Flutter Mane, L50|\n|poke|p2|Kommo-o, L50, F|\n|poke|p2|Tyranitar, L50, M|\n|poke|p2|Rillaboom, L50, M|\n|poke|p2|Flutter Mane, L50|\n|poke|p2|Arcanine-Hisui, L50, M|\n|poke|p2|Iron Bundle, L50|\n|teampreview|4\n|showteam|p1|Ogerpon-Wellspring||WellspringMask|WaterAbsorb|IvyCudgel,HornLeech,SwordsDance,SpikyShield|||F|||50|,,,,,Water]Regieleki||Magnet|Transistor|Thunderbolt,Electroweb,TeraBlast,Protect||||||50|,,,,,Ice]Indeedee-F||PsychicSeed|PsychicSurge|Psychic,FollowMe,HelpingHand,Protect|||F|||50|,,,,,Dragon]Tornadus||SafetyGoggles|Prankster|BleakwindStorm,Tailwind,RainDance,Protect|||M|||50|,,,,,Dark]Chi-Yu||LifeOrb|BeadsofRuin|HeatWave,Overheat,Snarl,Protect||||||50|,,,,,Fire]Flutter Mane||FocusSash|Protosynthesis|DazzlingGleam,Moonblast,ShadowBall,Protect||||||50|,,,,,Fairy\n|showteam|p2|Kommo-o||Leftovers|Bulletproof|BodyPress,IronDefense,IronHead,Protect|||F|||50|,,,,,Steel]Tyranitar||AssaultVest|SandStream|KnockOff,RockSlide,LowKick,TeraBlast|||M|||50|,,,,,Psychic]Rillaboom||MiracleSeed|GrassySurge|FakeOut,WoodHammer,GrassyGlide,Taunt|||M|||50|,,,,,Grass]Flutter Mane||ChoiceSpecs|Protosynthesis|DazzlingGleam,Moonblast,ShadowBall,TrickRoom||||||50|,,,,,Fairy]Arcanine-Hisui||SitrusBerry|Intimidate|FlareBlitz,RockSlide,Howl,WillOWisp|||M|||50|,,,,,Water]Iron Bundle||BoosterEnergy|QuarkDrive|FreezeDry,IcyWind,HydroPump,Protect||||||50|,,,,,Ghost\n|inactive|Battle timer is ON: inactive players will automatically lose when time's up. (requested by smudgerox)\n|inactive|pokesun1 has 60 seconds left.\n|inactive|smudgerox has 60 seconds left.\n|\n|t:|1700403487\n|start\n|switch|p1a: Tornadus|Tornadus, L50, M|100\/100\n|switch|p1b: Regieleki|Regieleki, L50|100\/100\n|switch|p2a: Rillaboom|Rillaboom, L50, M|100\/100\n|switch|p2b: Tyranitar|Tyranitar, L50, M|100\/100\n|-weather|Sandstorm|[from] ability: Sand Stream|[of] p2b: Tyranitar\n|-fieldstart|move: Grassy Terrain|[from] ability: Grassy Surge|[of] p2a: Rillaboom\n|turn|1\n|inactive|pokesun1 has 30 seconds left.\n|\n|t:|1700403520\n|move|p1a: Tornadus|Protect|p1a: Tornadus\n|-singleturn|p1a: Tornadus|Protect\n|move|p2a: Rillaboom|Fake Out|p1a: Tornadus\n|-activate|p1a: Tornadus|move: Protect\n|move|p1b: Regieleki|Thunderbolt|p2b: Tyranitar\n|-damage|p2b: Tyranitar|73\/100\n|-status|p2b: Tyranitar|par\n|move|p2b: Tyranitar|Rock Slide|p1a: Tornadus|[spread] p1b\n|-activate|p1a: Tornadus|move: Protect\n|-damage|p1b: Regieleki|47\/100\n|\n|-weather|Sandstorm|[upkeep]\n|-damage|p1b: Regieleki|41\/100|[from] Sandstorm\n|-damage|p2a: Rillaboom|95\/100|[from] Sandstorm\n|-heal|p1b: Regieleki|47\/100|[from] Grassy Terrain\n|-heal|p2a: Rillaboom|100\/100|[from] Grassy Terrain\n|-heal|p2b: Tyranitar|79\/100 par|[from] Grassy Terrain\n|upkeep\n|turn|2\n|\n|t:|1700403538\n|switch|p1a: Indeedee|Indeedee-F, L50, F|100\/100\n|-fieldstart|move: Psychic Terrain|[from] ability: Psychic Surge|[of] p1a: Indeedee\n|-enditem|p1a: Indeedee|Psychic Seed\n|-boost|p1a: Indeedee|spd|1|[from] item: Psychic Seed\n|move|p1b: Regieleki|Thunderbolt|p2b: Tyranitar\n|-damage|p2b: Tyranitar|55\/100 par\n|move|p2a: Rillaboom|Grassy Glide|p1b: Regieleki\n|-damage|p1b: Regieleki|0 fnt\n|faint|p1b: Regieleki\n|cant|p2b: Tyranitar|par\n|\n|-weather|Sandstorm|[upkeep]\n|-damage|p2a: Rillaboom|95\/100|[from] Sandstorm\n|-damage|p1a: Indeedee|94\/100|[from] Sandstorm\n|upkeep\n|\n|t:|1700403552\n|switch|p1b: Ogerpon|Ogerpon-Wellspring, L50, F|100\/100\n|turn|3\n|\n|t:|1700403562\n|switch|p2a: Arcanine|Arcanine-Hisui, L50, M|100\/100\n|-ability|p2a: Arcanine|Intimidate|boost\n|-unboost|p1a: Indeedee|atk|1\n|-unboost|p1b: Ogerpon|atk|1\n|move|p1a: Indeedee|Protect|p1a: Indeedee\n|-singleturn|p1a: Indeedee|Protect\n|move|p1b: Ogerpon|Swords Dance|p1b: Ogerpon\n|-boost|p1b: Ogerpon|atk|2\n|move|p2b: Tyranitar|Knock Off|p1a: Indeedee\n|-activate|p1a: Indeedee|move: Protect\n|\n|-weather|Sandstorm|[upkeep]\n|-damage|p1b: Ogerpon|94\/100|[from] Sandstorm\n|-damage|p1a: Indeedee|88\/100|[from] Sandstorm\n|upkeep\n|turn|4\n|\n|t:|1700403584\n|-terastallize|p2a: Arcanine|Water\n|move|p1a: Indeedee|Follow Me|p1a: Indeedee\n|-singleturn|p1a: Indeedee|move: Follow Me\n|move|p1b: Ogerpon|Ivy Cudgel|p2b: Tyranitar|[anim] Ivy Cudgel Water\n|-supereffective|p2b: Tyranitar\n|-damage|p2b: Tyranitar|0 fnt\n|faint|p2b: Tyranitar\n|move|p2a: Arcanine|Will-O-Wisp|p1a: Indeedee\n|-status|p1a: Indeedee|brn\n|\n|-weather|Sandstorm|[upkeep]\n|-damage|p1b: Ogerpon|88\/100|[from] Sandstorm\n|-damage|p2a: Arcanine|94\/100|[from] Sandstorm\n|-damage|p1a: Indeedee|82\/100 brn|[from] Sandstorm\n|-damage|p1a: Indeedee|76\/100 brn|[from] brn\n|upkeep\n|\n|t:|1700403598\n|switch|p2b: Rillaboom|Rillaboom, L50, M|95\/100\n|-fieldstart|move: Grassy Terrain|[from] ability: Grassy Surge|[of] p2b: Rillaboom\n|turn|5\n|inactive|smudgerox has 30 seconds left.\n|inactive|smudgerox has 20 seconds left.\n|inactive|smudgerox has 15 seconds left.\n|\n|t:|1700403639\n|switch|p1a: Tornadus|Tornadus, L50, M|100\/100\n|move|p1b: Ogerpon|Spiky Shield|p1b: Ogerpon\n|-singleturn|p1b: Ogerpon|move: Protect\n|move|p2b: Rillaboom|Fake Out|p1a: Tornadus\n|-damage|p1a: Tornadus|88\/100\n|move|p2a: Arcanine|Flare Blitz|p1b: Ogerpon\n|-activate|p1b: Ogerpon|move: Protect\n|-damage|p2a: Arcanine|82\/100|[from] Spiky Shield|[of] p1b: Ogerpon\n|\n|-weather|none\n|-heal|p1b: Ogerpon|94\/100|[from] Grassy Terrain\n|-heal|p2a: Arcanine|88\/100|[from] Grassy Terrain\n|-heal|p2b: Rillaboom|100\/100|[from] Grassy Terrain\n|upkeep\n|turn|6\n|\n|t:|1700403656\n|switch|p2a: Kommo-o|Kommo-o, L50, F|100\/100\n|switch|p1a: Indeedee|Indeedee-F, L50, F|76\/100 brn\n|-fieldstart|move: Psychic Terrain|[from] ability: Psychic Surge|[of] p1a: Indeedee\n|move|p1b: Ogerpon|Horn Leech|p2a: Kommo-o\n|-resisted|p2a: Kommo-o\n|-damage|p2a: Kommo-o|81\/100\n|-heal|p1b: Ogerpon|100\/100|[from] drain|[of] p2a: Kommo-o\n|move|p2b: Rillaboom|Wood Hammer|p1b: Ogerpon\n|-damage|p1b: Ogerpon|3\/100\n|-damage|p2b: Rillaboom|72\/100|[from] Recoil\n|\n|-heal|p2a: Kommo-o|87\/100|[from] item: Leftovers\n|-damage|p1a: Indeedee|69\/100 brn|[from] brn\n|upkeep\n|turn|7\n|inactive|pokesun1 has 30 seconds left.\n|inactive|pokesun1 has 20 seconds left.\n|\n|t:|1700403696\n|-terastallize|p1a: Indeedee|Dragon\n|move|p1a: Indeedee|Follow Me|p1a: Indeedee\n|-singleturn|p1a: Indeedee|move: Follow Me\n|move|p1b: Ogerpon|Horn Leech|p2b: Rillaboom\n|-resisted|p2b: Rillaboom\n|-damage|p2b: Rillaboom|42\/100\n|-heal|p1b: Ogerpon|20\/100|[from] drain|[of] p2b: Rillaboom\n|move|p2b: Rillaboom|Wood Hammer|p1a: Indeedee\n|-resisted|p1a: Indeedee\n|-damage|p1a: Indeedee|28\/100 brn\n|-damage|p2b: Rillaboom|30\/100|[from] Recoil\n|move|p2a: Kommo-o|Iron Defense|p2a: Kommo-o\n|-boost|p2a: Kommo-o|def|2\n|\n|-heal|p2a: Kommo-o|93\/100|[from] item: Leftovers\n|-damage|p1a: Indeedee|22\/100 brn|[from] brn\n|upkeep\n|turn|8\n|j| 5wamp\n|inactive|pokesun1 has 30 seconds left.\n|\n|t:|1700403725\n|switch|p2b: Arcanine|Arcanine-Hisui, L50, M, tera:Water|88\/100\n|-ability|p2b: Arcanine|Intimidate|boost\n|-unboost|p1a: Indeedee|atk|1\n|-unboost|p1b: Ogerpon|atk|1\n|move|p1a: Indeedee|Follow Me|p1a: Indeedee\n|-singleturn|p1a: Indeedee|move: Follow Me\n|move|p1b: Ogerpon|Horn Leech|p2b: Arcanine\n|-supereffective|p2b: Arcanine\n|-damage|p2b: Arcanine|0 fnt\n|-heal|p1b: Ogerpon|70\/100|[from] drain|[of] p2b: Arcanine\n|faint|p2b: Arcanine\n|move|p2a: Kommo-o|Iron Defense|p2a: Kommo-o\n|-boost|p2a: Kommo-o|def|2\n|\n|-heal|p2a: Kommo-o|99\/100|[from] item: Leftovers\n|-damage|p1a: Indeedee|16\/100 brn|[from] brn\n|upkeep\n|\n|t:|1700403740\n|switch|p2b: Rillaboom|Rillaboom, L50, M|30\/100\n|-fieldstart|move: Grassy Terrain|[from] ability: Grassy Surge|[of] p2b: Rillaboom\n|turn|9\n|\n|t:|1700403756\n|switch|p1a: Tornadus|Tornadus, L50, M|88\/100\n|move|p1b: Ogerpon|Spiky Shield|p1b: Ogerpon\n|-singleturn|p1b: Ogerpon|move: Protect\n|move|p2b: Rillaboom|Wood Hammer|p1a: Tornadus\n|-resisted|p1a: Tornadus\n|-damage|p1a: Tornadus|40\/100\n|-damage|p2b: Rillaboom|15\/100|[from] Recoil\n|move|p2a: Kommo-o|Body Press|p1a: Tornadus\n|-resisted|p1a: Tornadus\n|-damage|p1a: Tornadus|0 fnt\n|faint|p1a: Tornadus\n|\n|-heal|p1b: Ogerpon|76\/100|[from] Grassy Terrain\n|-heal|p2b: Rillaboom|21\/100|[from] Grassy Terrain\n|-heal|p2a: Kommo-o|100\/100|[from] Grassy Terrain\n|upkeep\n|\n|t:|1700403760\n|switch|p1a: Indeedee|Indeedee-F, L50, F, tera:Dragon|16\/100 brn\n|-fieldstart|move: Psychic Terrain|[from] ability: Psychic Surge|[of] p1a: Indeedee\n|turn|10\n|l| 5wamp\n|\n|t:|1700403778\n|move|p1a: Indeedee|Protect|p1a: Indeedee\n|-singleturn|p1a: Indeedee|Protect\n|move|p1b: Ogerpon|Ivy Cudgel|p2b: Rillaboom|[anim] Ivy Cudgel Water\n|-resisted|p2b: Rillaboom\n|-damage|p2b: Rillaboom|0 fnt\n|faint|p2b: Rillaboom\n|move|p2a: Kommo-o|Body Press|p1b: Ogerpon\n|-damage|p1b: Ogerpon|0 fnt\n|faint|p1b: Ogerpon\n|\n|-damage|p1a: Indeedee|10\/100 brn|[from] brn\n|upkeep\n|turn|11\n|c|\u2606smudgerox|gg\n|\n|t:|1700403789\n|move|p2a: Kommo-o|Body Press|p1a: Indeedee\n|-damage|p1a: Indeedee|0 fnt\n|faint|p1a: Indeedee\n|\n|win|smudgerox\n|c|&|\/uhtml prompt-smudgerox,smudgerox is ready for game 2!\n|c|&|\/uhtml prompt-pokesun1,pokesun1 is ready for game 2!\nBoth players are ready! Starting next match!\n","uploadtime":1700403796,"views":6,"p1id":"pokesun1","p2id":"smudgerox","formatid":"gen9vgc2023regulatione","rating":0,"private":0,"password":""}