{"id":"gen9vgc2023regulatione-1993833525","p1":"kaijusssss","p2":"BowDog!","format":"[Gen 9] VGC 2023 Regulation E","log":"|j|\u2606kaijusssss\n|j|\u2606BowDog!\n|t:|1700362964\n|gametype|doubles\n|player|p1|kaijusssss|102|1164\n|player|p2|BowDog!|winona|1117\n|teamsize|p1|6\n|teamsize|p2|6\n|gen|9\n|tier|[Gen 9] VGC 2023 Regulation E\n|rated|\n|rule|Species Clause: Limit one of each Pok\u00e9mon\n|rule|Item Clause: Limit one of each item\n|clearpoke\n|poke|p1|Tyranitar, L50, F|\n|poke|p1|Houndstone, L50, M|\n|poke|p1|Arbok, L50, M|\n|poke|p1|Milotic, L50, F|\n|poke|p1|Braviary-Hisui, L50, M|\n|poke|p1|Delphox, L50, M|\n|poke|p2|Landorus-Therian, L50, M|\n|poke|p2|Tornadus, L50, M|\n|poke|p2|Iron Bundle, L50|\n|poke|p2|Sylveon, L50, F|\n|poke|p2|Ogerpon-Hearthflame, L50, F|\n|poke|p2|Urshifu-*, L50, M|\n|teampreview|4\n|inactive|Battle timer is ON: inactive players will automatically lose when time's up. (requested by BowDog!)\nBowDog! has agreed to open team sheets.\n|inactive|kaijusssss has 60 seconds left.\n|\n|t:|1700363028\n|start\n|switch|p1a: Arbok|Arbok, L50, M|100\/100\n|switch|p1b: Houndstone|Houndstone, L50, M|100\/100\n|switch|p2a: BowDog!|Sylveon, L50, F|100\/100\n|switch|p2b: Tornadus|Tornadus, L50, M|100\/100\n|-ability|p1a: Arbok|Intimidate|boost\n|-unboost|p2a: BowDog!|atk|1\n|-unboost|p2b: Tornadus|atk|1\n|turn|1\n|inactive|kaijusssss has 30 seconds left.\n|inactive|BowDog! has 30 seconds left.\n|inactive|kaijusssss has 20 seconds left.\n|inactive|kaijusssss has 15 seconds left.\n|\n|t:|1700363069\n|switch|p1a: Tyranitar|Tyranitar, L50, F|100\/100\n|-weather|Sandstorm|[from] ability: Sand Stream|[of] p1a: Tyranitar\n|move|p1b: Houndstone|Snarl|p2b: Tornadus|[spread] p2a,p2b\n|-resisted|p2a: BowDog!\n|-damage|p2a: BowDog!|99\/100\n|-damage|p2b: Tornadus|94\/100\n|-unboost|p2a: BowDog!|spa|1\n|move|p2b: Tornadus|U-turn|p1b: Houndstone\n|-resisted|p1b: Houndstone\n|-damage|p1b: Houndstone|96\/100\n|\n|t:|1700363084\n|switch|p2b: Urshifu|Urshifu, L50, M|100\/100|[from] U-turn\n|move|p2a: BowDog!|Hyper Voice|p1b: Houndstone|[spread] p1a,p1b\n|-supereffective|p1a: Tyranitar\n|-damage|p1a: Tyranitar|84\/100\n|-damage|p1b: Houndstone|70\/100\n|-enditem|p2a: BowDog!|Throat Spray\n|-boost|p2a: BowDog!|spa|1|[from] item: Throat Spray\n|\n|-weather|Sandstorm|[upkeep]\n|-damage|p2b: Urshifu|95\/100|[from] Sandstorm\n|-damage|p2a: BowDog!|93\/100|[from] Sandstorm\n|upkeep\n|turn|2\n|inactive|kaijusssss has 30 seconds left.\n|inactive|BowDog! has 30 seconds left.\n|inactive|kaijusssss has 20 seconds left.\n|inactive|BowDog! has 20 seconds left.\n|inactive|kaijusssss has 15 seconds left.\n|\n|t:|1700363127\n|-terastallize|p1a: Tyranitar|Flying\n|move|p2a: BowDog!|Protect|p2a: BowDog!\n|-singleturn|p2a: BowDog!|Protect\n|move|p1b: Houndstone|Will-O-Wisp|p2b: Urshifu\n|-status|p2b: Urshifu|brn\n|move|p2b: Urshifu|Wicked Blow|p1b: Houndstone\n|-supereffective|p1b: Houndstone\n|-crit|p1b: Houndstone\n|-damage|p1b: Houndstone|16\/100\n|-enditem|p1b: Houndstone|Sitrus Berry|[eat]\n|-heal|p1b: Houndstone|40\/100|[from] item: Sitrus Berry\n|move|p1a: Tyranitar|Tera Blast|p2b: Urshifu|[anim] Tera Blast Flying\n|-supereffective|p2b: Urshifu\n|-damage|p2b: Urshifu|0 fnt\n|faint|p2b: Urshifu\n|\n|-weather|Sandstorm|[upkeep]\n|-damage|p2a: BowDog!|87\/100|[from] Sandstorm\n|-damage|p1a: Tyranitar|78\/100|[from] Sandstorm\n|upkeep\n|\n|t:|1700363144\n|switch|p2b: Tornadus|Tornadus, L50, M|94\/100\n|turn|3\n|\n|t:|1700363163\n|move|p2b: Tornadus|Tailwind|p2b: Tornadus\n|-sidestart|p2: BowDog!|move: Tailwind\n|move|p2a: BowDog!|Hyper Voice|p1a: Tyranitar|[spread] p1a,p1b\n|-damage|p1a: Tyranitar|56\/100\n|-damage|p1b: Houndstone|0 fnt\n|faint|p1b: Houndstone\n|move|p1a: Tyranitar|Rock Slide|p2a: BowDog!|[spread] p2a,p2b\n|-supereffective|p2b: Tornadus\n|-damage|p2a: BowDog!|50\/100\n|-damage|p2b: Tornadus|21\/100\n|\n|-weather|Sandstorm|[upkeep]\n|-damage|p2b: Tornadus|15\/100|[from] Sandstorm\n|-damage|p2a: BowDog!|45\/100|[from] Sandstorm\n|-damage|p1a: Tyranitar|49\/100|[from] Sandstorm\n|upkeep\n|\n|t:|1700363178\n|switch|p1b: Braviary|Braviary-Hisui, L50, M, shiny|100\/100\n|turn|4\n|\n|t:|1700363199\n|move|p2b: Tornadus|Bleakwind Storm|p1b: Braviary|[spread] p1a,p1b\n|-damage|p1a: Tyranitar|27\/100\n|-damage|p1b: Braviary|47\/100\n|-unboost|p1a: Tyranitar|spe|1\n|move|p2a: BowDog!|Hyper Voice|p1b: Braviary|[spread] p1a,p1b\n|-damage|p1a: Tyranitar|5\/100\n|-damage|p1b: Braviary|0 fnt\n|faint|p1b: Braviary\n|move|p1a: Tyranitar|Rock Slide|p2b: Tornadus|[spread] p2a,p2b\n|-supereffective|p2b: Tornadus\n|-damage|p2a: BowDog!|5\/100\n|-damage|p2b: Tornadus|0 fnt\n|faint|p2b: Tornadus\n|\n|-weather|Sandstorm|[upkeep]\n|-damage|p2a: BowDog!|0 fnt|[from] Sandstorm\n|-damage|p1a: Tyranitar|0 fnt|[from] Sandstorm\n|faint|p2a: BowDog!\n|faint|p1a: Tyranitar\n|upkeep\n|\n|t:|1700363217\n|switch|p2b: Ogerpon|Ogerpon-Hearthflame, L50, F|100\/100\n|switch|p1b: Arbok|Arbok, L50, M|100\/100\n|-ability|p2b: Ogerpon|Mold Breaker\n|-ability|p1b: Arbok|Intimidate|boost\n|-unboost|p2b: Ogerpon|atk|1\n|turn|5\n|\n|t:|1700363231\n|-terastallize|p2b: Ogerpon|Fire\n|detailschange|p2b: Ogerpon|Ogerpon-Hearthflame-Tera, L50, F, tera:Fire\n|-ability|p2b: Ogerpon|Embody Aspect (Hearthflame)|boost\n|-boost|p2b: Ogerpon|atk|1\n|move|p2b: Ogerpon|Ivy Cudgel|p1b: Arbok|[anim] Ivy Cudgel Fire\n|-damage|p1b: Arbok|0 fnt\n|faint|p1b: Arbok\n|\n|win|BowDog!\n|raw|kaijusssss's rating: 1164 &rarr; <strong>1136<\/strong><br \/>(-28 for losing)\n|raw|BowDog!'s rating: 1117 &rarr; <strong>1145<\/strong><br \/>(+28 for winning)\n|l|\u2606kaijusssss\n","uploadtime":1700363242,"views":8,"p1id":"kaijusssss","p2id":"bowdog","formatid":"gen9vgc2023regulatione","rating":1136,"private":0,"password":""}