{"id":"gen9vgc2023regulatione-2000048126","p1":"Wasdosaur","p2":"bobforte22","format":"[Gen 9] VGC 2023 Regulation E","log":"|j|\u2606Wasdosaur\n|j|\u2606bobforte22\n|t:|1701145886\n|gametype|doubles\n|player|p1|Wasdosaur|clair|1161\n|player|p2|bobforte22|pilot|1116\n|teamsize|p1|6\n|teamsize|p2|6\n|gen|9\n|tier|[Gen 9] VGC 2023 Regulation E\n|rated|\n|rule|Species Clause: Limit one of each Pok\u00e9mon\n|rule|Item Clause: Limit one of each item\n|clearpoke\n|poke|p1|Sinistcha-Masterpiece, L50|\n|poke|p1|Moltres-Galar, L50|\n|poke|p1|Ursaluna, L50, F|\n|poke|p1|Enamorus-Therian, L50, F|\n|poke|p1|Ninetales-Alola, L50, F|\n|poke|p1|Flutter Mane, L50|\n|poke|p2|Baxcalibur, L50, M|\n|poke|p2|Ninetales-Alola, L50, F|\n|poke|p2|Dragonite, L50, F|\n|poke|p2|Landorus-Therian, L50, M|\n|poke|p2|Ceruledge, L50, M|\n|poke|p2|Articuno, L50|\n|teampreview|4\n|inactive|Battle timer is ON: inactive players will automatically lose when time's up. (requested by Wasdosaur)\n|\n|t:|1701145911\n|start\n|switch|p1a: Ninetales|Ninetales-Alola, L50, F|100\/100\n|switch|p1b: Sinistcha|Sinistcha-Masterpiece, L50, shiny|100\/100\n|switch|p2a: Ceruledge|Ceruledge, L50, M|100\/100\n|switch|p2b: Articuno|Articuno, L50, shiny|100\/100\n|-weather|Snow|[from] ability: Snow Warning|[of] p1a: Ninetales\n|turn|1\n|\n|t:|1701145934\n|-terastallize|p1b: Sinistcha|Fire\n|move|p1a: Ninetales|Aurora Veil|p1a: Ninetales\n|-sidestart|p1: Wasdosaur|move: Aurora Veil\n|move|p2b: Articuno|Blizzard|p1b: Sinistcha|[spread] p1a,p1b\n|-resisted|p1a: Ninetales\n|-resisted|p1b: Sinistcha\n|-damage|p1a: Ninetales|92\/100\n|-damage|p1b: Sinistcha|92\/100\n|move|p2a: Ceruledge|Bitter Blade|p1a: Ninetales\n|-supereffective|p1a: Ninetales\n|-damage|p1a: Ninetales|19\/100\n|-damage|p2a: Ceruledge|91\/100|[from] item: Life Orb\n|move|p1b: Sinistcha|Trick Room|p1b: Sinistcha\n|-fieldstart|move: Trick Room|[of] p1b: Sinistcha\n|\n|-weather|Snow|[upkeep]\n|upkeep\n|turn|2\n|inactive|Wasdosaur has 30 seconds left.\n|inactive|Wasdosaur has 20 seconds left.\n|\n|t:|1701145973\n|move|p1b: Sinistcha|Shadow Ball|p2a: Ceruledge\n|-supereffective|p2a: Ceruledge\n|-damage|p2a: Ceruledge|33\/100\n|move|p2b: Articuno|Hurricane|p1b: Sinistcha\n|-damage|p1b: Sinistcha|66\/100\n|move|p2a: Ceruledge|Bitter Blade|p1a: Ninetales\n|-supereffective|p1a: Ninetales\n|-damage|p1a: Ninetales|0 fnt\n|-heal|p2a: Ceruledge|43\/100|[from] drain|[of] p1a: Ninetales\n|faint|p1a: Ninetales\n|-damage|p2a: Ceruledge|33\/100|[from] item: Life Orb\n|\n|-weather|Snow|[upkeep]\n|upkeep\n|\n|t:|1701145986\n|switch|p1a: Enamorus|Enamorus-Therian, L50, F|100\/100\n|turn|3\n|\n|t:|1701145995\n|switch|p1b: Ursaluna|Ursaluna, L50, F|100\/100\n|switch|p2a: Dragonite|Dragonite, L50, F|100\/100\n|move|p1a: Enamorus|Springtide Storm|p2b: Articuno|[spread] p2a\n|-miss|p1a: Enamorus|p2b: Articuno\n|-supereffective|p2a: Dragonite\n|-damage|p2a: Dragonite|0 fnt\n|faint|p2a: Dragonite\n|move|p2b: Articuno|Blizzard|p1a: Enamorus|[spread] p1a,p1b\n|-supereffective|p1a: Enamorus\n|-supereffective|p1b: Ursaluna\n|-damage|p1a: Enamorus|65\/100\n|-damage|p1b: Ursaluna|66\/100\n|\n|-weather|Snow|[upkeep]\n|-status|p1b: Ursaluna|brn|[from] item: Flame Orb\n|upkeep\n|\n|t:|1701146016\n|switch|p2a: Ninetales|Ninetales-Alola, L50, F|100\/100\n|turn|4\n|\n|t:|1701146030\n|move|p1b: Ursaluna|Facade|p2a: Ninetales\n|-enditem|p2a: Ninetales|Focus Sash\n|-damage|p2a: Ninetales|1\/100\n|move|p1a: Enamorus|Springtide Storm|p2a: Ninetales|[spread] p2b\n|-miss|p1a: Enamorus|p2a: Ninetales\n|-damage|p2b: Articuno|53\/100\n|move|p2b: Articuno|Blizzard|p1b: Ursaluna|[spread] p1a,p1b\n|-supereffective|p1a: Enamorus\n|-supereffective|p1b: Ursaluna\n|-crit|p1b: Ursaluna\n|-damage|p1a: Enamorus|27\/100\n|-damage|p1b: Ursaluna|0 fnt\n|faint|p1b: Ursaluna\n|move|p2a: Ninetales|Freeze-Dry|p1a: Enamorus\n|-supereffective|p1a: Enamorus\n|-damage|p1a: Enamorus|0 fnt\n|faint|p1a: Enamorus\n|\n|-weather|Snow|[upkeep]\n|upkeep\n|\n|t:|1701146049\n|switch|p1b: Sinistcha|Sinistcha-Masterpiece, L50, shiny, tera:Fire|66\/100\n|turn|5\n|\n|t:|1701146073\n|move|p1b: Sinistcha|Matcha Gotcha|p2a: Ninetales|[spread] p2a\n|-miss|p1b: Sinistcha|p2b: Articuno\n|-damage|p2a: Ninetales|0 fnt\n|-heal|p1b: Sinistcha|66\/100|[from] drain|[of] p2a: Ninetales\n|faint|p2a: Ninetales\n|move|p2b: Articuno|Hurricane|p1b: Sinistcha\n|-damage|p1b: Sinistcha|40\/100\n|\n|-weather|none\n|-fieldend|move: Trick Room\n|upkeep\n|\n|t:|1701146079\n|switch|p2a: Ceruledge|Ceruledge, L50, M|33\/100\n|turn|6\n|\n|t:|1701146095\n|move|p2b: Articuno|Hurricane|p1b: Sinistcha\n|-damage|p1b: Sinistcha|11\/100\n|move|p2a: Ceruledge|Night Slash|p1b: Sinistcha\n|-damage|p1b: Sinistcha|0 fnt\n|faint|p1b: Sinistcha\n|-damage|p2a: Ceruledge|23\/100|[from] item: Life Orb\n|\n|win|bobforte22\n|raw|Wasdosaur's rating: 1161 &rarr; <strong>1133<\/strong><br \/>(-28 for losing)\n|raw|bobforte22's rating: 1116 &rarr; <strong>1144<\/strong><br \/>(+28 for winning)\n|c|\u2606Wasdosaur|Gg\n","uploadtime":1701146107,"views":3,"p1id":"wasdosaur","p2id":"bobforte22","formatid":"gen9vgc2023regulatione","rating":1133,"private":0,"password":""}