{"id":"gen9vgc2023regulatione-1998110045","p1":"azubbang","p2":"Mimistew24","format":"[Gen 9] VGC 2023 Regulation E","log":"|j|\u2606azubbang\n|j|\u2606Mimistew24\n|t:|1700893034\n|gametype|doubles\n|player|p1|azubbang|nurse|\n|player|p2|Mimistew24|lucas|\n|teamsize|p1|6\n|teamsize|p2|6\n|gen|9\n|tier|[Gen 9] VGC 2023 Regulation E\n|rule|Species Clause: Limit one of each Pok\u00e9mon\n|rule|Item Clause: Limit one of each item\n|clearpoke\n|poke|p1|Thundurus-Therian, L50, M|\n|poke|p1|Heatran, L50, F|\n|poke|p1|Roaring Moon, L50|\n|poke|p1|Ogerpon-Wellspring, L50, F|\n|poke|p1|Weezing, L50, F|\n|poke|p1|Landorus-Therian, L50, M|\n|poke|p2|Indeedee-F, L50, F|\n|poke|p2|Armarouge, L50, M|\n|poke|p2|Dondozo, L50, M|\n|poke|p2|Tatsugiri-Droopy, L50, M|\n|poke|p2|Torkoal, L50, M|\n|poke|p2|Lilligant-Hisui, L50, F|\n|teampreview|4\nazubbang has agreed to open team sheets.\n|\n|t:|1700893071\n|start\n|switch|p1a: Weezing|Weezing, L50, F|100\/100\n|switch|p1b: Roaring Moon|Roaring Moon, L50|100\/100\n|switch|p2a: Armarouge|Armarouge, L50, M|100\/100\n|switch|p2b: Lilligant|Lilligant-Hisui, L50, F|100\/100\n|-ability|p1a: Weezing|Neutralizing Gas\n|-enditem|p1b: Roaring Moon|Booster Energy\n|-activate|p1b: Roaring Moon|ability: Protosynthesis|[fromitem]\n|-start|p1b: Roaring Moon|protosynthesisspe\n|turn|1\n|\n|t:|1700893120\n|-terastallize|p2a: Armarouge|Grass\n|move|p1b: Roaring Moon|Tailwind|p1b: Roaring Moon\n|-sidestart|p1: azubbang|move: Tailwind\n|move|p1a: Weezing|Will-O-Wisp|p2b: Lilligant\n|-status|p2b: Lilligant|brn\n|move|p2b: Lilligant|Sleep Powder|p1b: Roaring Moon|[miss]\n|-miss|p2b: Lilligant|p1b: Roaring Moon\n|move|p2a: Armarouge|Expanding Force|p1a: Weezing\n|-supereffective|p1a: Weezing\n|-damage|p1a: Weezing|0 fnt\n|faint|p1a: Weezing\n|-end|p1a: Weezing|ability: Neutralizing Gas\n|-damage|p2a: Armarouge|91\/100|[from] item: Life Orb\n|\n|-damage|p2b: Lilligant|94\/100 brn|[from] brn\n|upkeep\n|\n|t:|1700893137\n|switch|p1a: Heatran|Heatran, L50, F|100\/100\n|turn|2\n|\n|t:|1700893160\n|switch|p2a: Torkoal|Torkoal, L50, M|100\/100\n|-weather|SunnyDay|[from] ability: Drought|[of] p2a: Torkoal\n|move|p1b: Roaring Moon|Acrobatics|p2b: Lilligant\n|-supereffective|p2b: Lilligant\n|-damage|p2b: Lilligant|0 fnt\n|faint|p2b: Lilligant\n|move|p1a: Heatran|Flash Cannon|p2a: Torkoal\n|-resisted|p2a: Torkoal\n|-damage|p2a: Torkoal|65\/100\n|-unboost|p2a: Torkoal|spd|1\n|-damage|p1a: Heatran|91\/100|[from] item: Life Orb\n|\n|-weather|SunnyDay|[upkeep]\n|upkeep\n|\n|t:|1700893172\n|switch|p2b: Indeedee|Indeedee-F, L50, F, shiny|100\/100\n|-fieldstart|move: Psychic Terrain|[from] ability: Psychic Surge|[of] p2b: Indeedee\n|turn|3\n|\n|t:|1700893216\n|move|p1b: Roaring Moon|Knock Off|p2b: Indeedee\n|-supereffective|p2b: Indeedee\n|-damage|p2b: Indeedee|8\/100\n|-damage|p1b: Roaring Moon|84\/100|[from] item: Rocky Helmet|[of] p2b: Indeedee\n|-enditem|p2b: Indeedee|Rocky Helmet|[from] move: Knock Off|[of] p1b: Roaring Moon\n|move|p1a: Heatran|Earth Power|p2a: Torkoal\n|-supereffective|p2a: Torkoal\n|-damage|p2a: Torkoal|0 fnt\n|faint|p2a: Torkoal\n|-damage|p1a: Heatran|81\/100|[from] item: Life Orb\n|move|p2b: Indeedee|Trick Room|p2b: Indeedee\n|-fieldstart|move: Trick Room|[of] p2b: Indeedee\n|\n|-weather|SunnyDay|[upkeep]\n|upkeep\n|\n|t:|1700893228\n|switch|p2a: Armarouge|Armarouge, L50, M, tera:Grass|91\/100\n|turn|4\n|\n|t:|1700893243\n|move|p1b: Roaring Moon|Protect|p1b: Roaring Moon\n|-singleturn|p1b: Roaring Moon|Protect\n|move|p2a: Armarouge|Expanding Force|p1b: Roaring Moon|[spread] p1a\n|-activate|p1b: Roaring Moon|move: Protect\n|-resisted|p1a: Heatran\n|-damage|p1a: Heatran|45\/100\n|-damage|p2a: Armarouge|81\/100|[from] item: Life Orb\n|move|p2b: Indeedee|Dazzling Gleam|p1b: Roaring Moon|[spread] p1a\n|-activate|p1b: Roaring Moon|move: Protect\n|-resisted|p1a: Heatran\n|-damage|p1a: Heatran|43\/100\n|move|p1a: Heatran|Flash Cannon|p2b: Indeedee\n|-damage|p2b: Indeedee|0 fnt\n|faint|p2b: Indeedee\n|-damage|p1a: Heatran|33\/100|[from] item: Life Orb\n|\n|-weather|SunnyDay|[upkeep]\n|-sideend|p1: azubbang|move: Tailwind\n|upkeep\n|turn|5\n|-message|Mimistew24 forfeited.\n|\n|win|azubbang\n|l|\u2606Mimistew24\n|c|\u2606azubbang|ggs!\n","uploadtime":1700893274,"views":7,"p1id":"azubbang","p2id":"mimistew24","formatid":"gen9vgc2023regulatione","rating":0,"private":0,"password":""}