{"id":"gen9vgc2023regulatione-1988722860","p1":"NekrosM0S","p2":"LAKAYTGAMER75","format":"[Gen 9] VGC 2023 Regulation E","log":"|j|\u2606NekrosM0S\n|j|\u2606LAKAYTGAMER75\n|t:|1699754968\n|gametype|doubles\n|player|p1|NekrosM0S|colress|1143\n|player|p2|LAKAYTGAMER75|266|1023\n|teamsize|p1|6\n|teamsize|p2|6\n|gen|9\n|tier|[Gen 9] VGC 2023 Regulation E\n|rated|\n|rule|Species Clause: Limit one of each Pok\u00e9mon\n|rule|Item Clause: Limit one of each item\n|clearpoke\n|poke|p1|Iron Moth, L50|\n|poke|p1|Flutter Mane, L50|\n|poke|p1|Iron Hands, L50|\n|poke|p1|Landorus-Therian, L50, M|\n|poke|p1|Ogerpon-Cornerstone, L50, F|\n|poke|p1|Gholdengo, L50|\n|poke|p2|Bronzong, L50|\n|poke|p2|Gliscor, L50, M|\n|poke|p2|Oranguru, L50, F|\n|poke|p2|Weezing-Galar, L50, M|\n|poke|p2|Rotom-Wash, L50|\n|poke|p2|Roaring Moon, L50|\n|teampreview|4\nNekrosM0S has agreed to open team sheets.\n|\n|t:|1699755004\n|start\n|switch|p1a: Iron Moth|Iron Moth, L50, shiny|100\/100\n|switch|p1b: Flutter Mane|Flutter Mane, L50, shiny|100\/100\n|switch|p2a: Weezing|Weezing-Galar, L50, M|100\/100\n|switch|p2b: Oranguru|Oranguru, L50, F|100\/100\n|-fieldstart|move: Misty Terrain|[from] ability: Misty Surge|[of] p2a: Weezing\n|-item|p2a: Weezing|Air Balloon\n|-enditem|p1a: Iron Moth|Booster Energy\n|-activate|p1a: Iron Moth|ability: Quark Drive|[fromitem]\n|-start|p1a: Iron Moth|quarkdrivespe\n|turn|1\n|\n|t:|1699755034\n|move|p2b: Oranguru|Protect|p2b: Oranguru\n|-singleturn|p2b: Oranguru|Protect\n|move|p1a: Iron Moth|Acid Spray|p2b: Oranguru\n|-activate|p2b: Oranguru|move: Protect\n|move|p1b: Flutter Mane|Dazzling Gleam|p2b: Oranguru|[spread] p2a\n|-activate|p2b: Oranguru|move: Protect\n|-resisted|p2a: Weezing\n|-damage|p2a: Weezing|65\/100\n|-enditem|p2a: Weezing|Air Balloon\n|move|p2a: Weezing|Dazzling Gleam|p1b: Flutter Mane|[spread] p1a,p1b\n|-resisted|p1a: Iron Moth\n|-damage|p1a: Iron Moth|95\/100\n|-damage|p1b: Flutter Mane|76\/100\n|\n|upkeep\n|turn|2\n|\n|t:|1699755066\n|move|p1a: Iron Moth|Acid Spray|p2a: Weezing\n|-damage|p2a: Weezing|35\/100\n|-unboost|p2a: Weezing|spd|2\n|move|p1b: Flutter Mane|Dazzling Gleam|p2a: Weezing|[spread] p2a,p2b\n|-resisted|p2a: Weezing\n|-damage|p2a: Weezing|0 fnt\n|-damage|p2b: Oranguru|72\/100\n|faint|p2a: Weezing\n|move|p2b: Oranguru|Energy Ball|p1b: Flutter Mane\n|-damage|p1b: Flutter Mane|56\/100\n|\n|upkeep\n|\n|t:|1699755075\n|switch|p2a: Bronzong|Bronzong, L50|100\/100\n|turn|3\n|\n|t:|1699755081\n|-end|p1b: Flutter Mane|Protosynthesis|[silent]\n|switch|p1b: Landorus|Landorus-Therian, L50, M|100\/100\n|-ability|p1b: Landorus|Intimidate|boost\n|-unboost|p2a: Bronzong|atk|1\n|-unboost|p2b: Oranguru|atk|1\n|move|p1a: Iron Moth|Heat Wave|p2a: Bronzong|[spread] p2a,p2b\n|-supereffective|p2a: Bronzong\n|-damage|p2a: Bronzong|34\/100\n|-damage|p2b: Oranguru|50\/100\n|move|p2b: Oranguru|Instruct||[still]\n|-fail|p2b: Oranguru\n|move|p2a: Bronzong|Earthquake|p1b: Landorus|[spread] p1a\n|-activate|p2b: Oranguru|ability: Telepathy\n|-immune|p1b: Landorus\n|-supereffective|p1a: Iron Moth\n|-crit|p1a: Iron Moth\n|-damage|p1a: Iron Moth|0 fnt\n|faint|p1a: Iron Moth\n|-end|p1a: Iron Moth|Quark Drive|[silent]\n|\n|-heal|p2a: Bronzong|40\/100|[from] item: Leftovers\n|upkeep\n|\n|t:|1699755104\n|switch|p1a: Flutter Mane|Flutter Mane, L50, shiny|56\/100\n|turn|4\n|\n|t:|1699755137\n|move|p2b: Oranguru|Protect|p2b: Oranguru\n|-singleturn|p2b: Oranguru|Protect\n|move|p1b: Landorus|U-turn|p2b: Oranguru\n|-activate|p2b: Oranguru|move: Protect\n|move|p1a: Flutter Mane|Dazzling Gleam|p2a: Bronzong|[spread] p2a\n|-activate|p2b: Oranguru|move: Protect\n|-resisted|p2a: Bronzong\n|-damage|p2a: Bronzong|16\/100\n|move|p2a: Bronzong|Earthquake|p1b: Landorus|[spread] p1a\n|-activate|p2b: Oranguru|move: Protect\n|-immune|p1b: Landorus\n|-damage|p1a: Flutter Mane|26\/100\n|\n|-heal|p2a: Bronzong|22\/100|[from] item: Leftovers\n|upkeep\n|turn|5\n|\n|t:|1699755168\n|move|p1b: Landorus|U-turn|p2b: Oranguru\n|-supereffective|p2b: Oranguru\n|-damage|p2b: Oranguru|0 fnt\n|faint|p2b: Oranguru\n|\n|t:|1699755173\n|switch|p1b: Ogerpon|Ogerpon-Cornerstone, L50, F|100\/100|[from] U-turn\n|move|p1a: Flutter Mane|Dazzling Gleam|p2a: Bronzong\n|-resisted|p2a: Bronzong\n|-damage|p2a: Bronzong|0 fnt\n|faint|p2a: Bronzong\n|\n|-fieldend|Misty Terrain\n|upkeep\n|\n|t:|1699755179\n|switch|p2b: Roaring Moon|Roaring Moon, L50|100\/100\n|-enditem|p2b: Roaring Moon|Booster Energy\n|-activate|p2b: Roaring Moon|ability: Protosynthesis|[fromitem]\n|-start|p2b: Roaring Moon|protosynthesisatk\n|turn|6\n|\n|t:|1699755192\n|-terastallize|p2b: Roaring Moon|Ground\n|-terastallize|p1b: Ogerpon|Rock\n|detailschange|p1b: Ogerpon|Ogerpon-Cornerstone-Tera, L50, F, tera:Rock\n|-ability|p1b: Ogerpon|Embody Aspect (Cornerstone)|boost\n|-boost|p1b: Ogerpon|def|1\n|move|p1a: Flutter Mane|Dazzling Gleam|p2b: Roaring Moon\n|-damage|p2b: Roaring Moon|43\/100\n|move|p2b: Roaring Moon|Earthquake|p1a: Flutter Mane|[spread] p1a,p1b\n|-supereffective|p1b: Ogerpon\n|-crit|p1b: Ogerpon\n|-damage|p1a: Flutter Mane|0 fnt\n|-damage|p1b: Ogerpon|0 fnt\n|faint|p1a: Flutter Mane\n|-end|p1a: Flutter Mane|Protosynthesis|[silent]\n|faint|p1b: Ogerpon\n|\n|upkeep\n|\n|t:|1699755205\n|switch|p1a: Landorus|Landorus-Therian, L50, M|100\/100\n|-ability|p1a: Landorus|Intimidate|boost\n|-unboost|p2b: Roaring Moon|atk|1\n|turn|7\n|\n|t:|1699755214\n|move|p1a: Landorus|Stomping Tantrum|p2b: Roaring Moon\n|-damage|p2b: Roaring Moon|0 fnt\n|faint|p2b: Roaring Moon\n|-end|p2b: Roaring Moon|Protosynthesis|[silent]\n|\n|win|NekrosM0S\n|raw|NekrosM0S's rating: 1143 &rarr; <strong>1160<\/strong><br \/>(+17 for winning)\n|raw|LAKAYTGAMER75's rating: 1023 &rarr; <strong>1014<\/strong><br \/>(-9 for losing)\n|c|\u2606LAKAYTGAMER75|ggwp\n|c|\u2606NekrosM0S|gg\n|l|\u2606LAKAYTGAMER75\n","uploadtime":1699755235,"views":25,"p1id":"nekrosm0s","p2id":"lakaytgamer75","formatid":"gen9vgc2023regulatione","rating":1014,"private":0,"password":""}