{"id":"gen9vgc2023regulatione-1997040740","p1":"randomacctest","p2":"Blakeizen","format":"[Gen 9] VGC 2023 Regulation E","log":"|j|\u2606randomacctest\n|j|\u2606Blakeizen\n|t:|1700758518\n|gametype|doubles\n|player|p1|randomacctest|1|1249\n|player|p2|Blakeizen|102|1297\n|teamsize|p1|6\n|teamsize|p2|6\n|gen|9\n|tier|[Gen 9] VGC 2023 Regulation E\n|rated|\n|rule|Species Clause: Limit one of each Pok\u00e9mon\n|rule|Item Clause: Limit one of each item\n|clearpoke\n|poke|p1|Ninetales-Alola, L50, M|\n|poke|p1|Baxcalibur, L50, M|\n|poke|p1|Heatran, L50, M|\n|poke|p1|Rillaboom, L50, M|\n|poke|p1|Ogerpon-Wellspring, L50, F|\n|poke|p1|Chi-Yu, L50|\n|poke|p2|Sinistcha, L50|\n|poke|p2|Regidrago, L50|\n|poke|p2|Gholdengo, L50|\n|poke|p2|Arcanine-Hisui, L50, F|\n|poke|p2|Iron Hands, L50|\n|poke|p2|Urshifu-*, L50, F|\n|teampreview|4\n|\n|t:|1700758577\n|start\n|switch|p1a: Chi-Yu|Chi-Yu, L50|100\/100\n|switch|p1b: Baxcalibur|Baxcalibur, L50, M, shiny|100\/100\n|switch|p2a: Gholdengo|Gholdengo, L50|100\/100\n|switch|p2b: Regidrago|Regidrago, L50|100\/100\n|-ability|p1a: Chi-Yu|Beads of Ruin\n|turn|1\n|\n|t:|1700758613\n|move|p1b: Baxcalibur|Protect|p1b: Baxcalibur\n|-singleturn|p1b: Baxcalibur|Protect\n|move|p2b: Regidrago|Protect|p2b: Regidrago\n|-singleturn|p2b: Regidrago|Protect\n|move|p1a: Chi-Yu|Snarl|p2b: Regidrago|[spread] p2a\n|-activate|p2b: Regidrago|move: Protect\n|-supereffective|p2a: Gholdengo\n|-damage|p2a: Gholdengo|27\/100\n|-unboost|p2a: Gholdengo|spa|1\n|move|p2a: Gholdengo|Shadow Ball|p1a: Chi-Yu\n|-resisted|p1a: Chi-Yu\n|-damage|p1a: Chi-Yu|80\/100\n|-damage|p2a: Gholdengo|18\/100|[from] item: Life Orb\n|\n|upkeep\n|turn|2\n|\n|t:|1700758661\n|switch|p2a: Iron Hands|Iron Hands, L50|100\/100\n|switch|p1b: Ninetales|Ninetales-Alola, L50, M, shiny|100\/100\n|-weather|Snow|[from] ability: Snow Warning|[of] p1b: Ninetales\n|-terastallize|p2b: Regidrago|Steel\n|move|p1a: Chi-Yu|Snarl|p2b: Regidrago|[spread] p2a,p2b\n|-resisted|p2a: Iron Hands\n|-damage|p2a: Iron Hands|93\/100\n|-damage|p2b: Regidrago|68\/100\n|-unboost|p2a: Iron Hands|spa|1\n|-unboost|p2b: Regidrago|spa|1\n|move|p2b: Regidrago|Dragon Energy|p1a: Chi-Yu|[spread] p1a\n|-immune|p1b: Ninetales\n|-damage|p1a: Chi-Yu|38\/100\n|\n|-weather|Snow|[upkeep]\n|upkeep\n|turn|3\n|\n|t:|1700758694\n|move|p1b: Ninetales|Protect|p1b: Ninetales\n|-singleturn|p1b: Ninetales|Protect\n|move|p1a: Chi-Yu|Protect|p1a: Chi-Yu\n|-singleturn|p1a: Chi-Yu|Protect\n|move|p2a: Iron Hands|Fake Out|p1a: Chi-Yu\n|-activate|p1a: Chi-Yu|move: Protect\n|move|p2b: Regidrago|Tera Blast|p1b: Ninetales|[anim] Tera Blast Steel\n|-activate|p1b: Ninetales|move: Protect\n|\n|-weather|Snow|[upkeep]\n|upkeep\n|turn|4\n|\n|t:|1700758717\n|move|p2b: Regidrago|Protect|p2b: Regidrago\n|-singleturn|p2b: Regidrago|Protect\n|move|p1b: Ninetales|Aurora Veil|p1b: Ninetales\n|-sidestart|p1: randomacctest|move: Aurora Veil\n|move|p1a: Chi-Yu|Snarl|p2b: Regidrago|[spread] \n|-activate|p2b: Regidrago|move: Protect\n|-miss|p1a: Chi-Yu|p2a: Iron Hands\n|move|p2a: Iron Hands|Heavy Slam|p1b: Ninetales\n|-supereffective|p1b: Ninetales\n|-damage|p1b: Ninetales|0 fnt\n|faint|p1b: Ninetales\n|\n|-weather|Snow|[upkeep]\n|upkeep\n|\n|t:|1700758729\n|switch|p1b: Baxcalibur|Baxcalibur, L50, M, shiny|100\/100\n|turn|5\n|\n|t:|1700758751\n|switch|p2b: Gholdengo|Gholdengo, L50|18\/100\n|-terastallize|p1b: Baxcalibur|Poison\n|move|p1a: Chi-Yu|Burning Jealousy|p2b: Gholdengo|[spread] p2a,p2b\n|-supereffective|p2b: Gholdengo\n|-damage|p2a: Iron Hands|71\/100\n|-damage|p2b: Gholdengo|0 fnt\n|faint|p2b: Gholdengo\n|move|p1b: Baxcalibur|Swords Dance|p1b: Baxcalibur\n|-boost|p1b: Baxcalibur|atk|2\n|move|p2a: Iron Hands|Drain Punch|p1b: Baxcalibur\n|-resisted|p1b: Baxcalibur\n|-damage|p1b: Baxcalibur|87\/100\n|-heal|p2a: Iron Hands|77\/100|[from] drain|[of] p1b: Baxcalibur\n|\n|-weather|Snow|[upkeep]\n|-heal|p1b: Baxcalibur|93\/100|[from] ability: Ice Body\n|upkeep\n|\n|t:|1700758777\n|switch|p2b: Sinistcha|Sinistcha, L50|100\/100\n|turn|6\n|\n|t:|1700758817\n|switch|p1a: Ogerpon|Ogerpon-Wellspring, L50, F|100\/100\n|move|p1b: Baxcalibur|Icicle Spear|p2b: Sinistcha\n|-supereffective|p2b: Sinistcha\n|-damage|p2b: Sinistcha|53\/100\n|-supereffective|p2b: Sinistcha\n|-damage|p2b: Sinistcha|13\/100\n|-supereffective|p2b: Sinistcha\n|-damage|p2b: Sinistcha|0 fnt\n|faint|p2b: Sinistcha\n|-hitcount|p2: Sinistcha|3\n|move|p2a: Iron Hands|Drain Punch|p1a: Ogerpon\n|-damage|p1a: Ogerpon|77\/100\n|-heal|p2a: Iron Hands|86\/100|[from] drain|[of] p1a: Ogerpon\n|\n|-weather|none\n|upkeep\n|\n|t:|1700758832\n|switch|p2b: Regidrago|Regidrago, L50, tera:Steel|68\/100\n|turn|7\n|\n|t:|1700758851\n|move|p1a: Ogerpon|Follow Me|p1a: Ogerpon\n|-singleturn|p1a: Ogerpon|move: Follow Me\n|move|p1b: Baxcalibur|Scale Shot|p2a: Iron Hands\n|-damage|p2a: Iron Hands|65\/100\n|-damage|p2a: Iron Hands|44\/100\n|-damage|p2a: Iron Hands|23\/100\n|-damage|p2a: Iron Hands|3\/100\n|-hitcount|p2a: Iron Hands|4\n|-unboost|p1b: Baxcalibur|def|1\n|-boost|p1b: Baxcalibur|spe|1\n|move|p2b: Regidrago|Earth Power|p1a: Ogerpon\n|-resisted|p1a: Ogerpon\n|-crit|p1a: Ogerpon\n|-damage|p1a: Ogerpon|57\/100\n|move|p2a: Iron Hands|Wild Charge|p1a: Ogerpon\n|-damage|p1a: Ogerpon|30\/100\n|-damage|p2a: Iron Hands|0 fnt|[from] Recoil\n|faint|p2a: Iron Hands\n|-end|p2a: Iron Hands|Quark Drive|[silent]\n|\n|upkeep\n|turn|8\n|\n|t:|1700758878\n|move|p1b: Baxcalibur|Icicle Spear|p2b: Regidrago\n|-resisted|p2b: Regidrago\n|-damage|p2b: Regidrago|54\/100\n|-resisted|p2b: Regidrago\n|-damage|p2b: Regidrago|39\/100\n|-enditem|p2b: Regidrago|Sitrus Berry|[eat]\n|-heal|p2b: Regidrago|64\/100|[from] item: Sitrus Berry\n|-resisted|p2b: Regidrago\n|-damage|p2b: Regidrago|50\/100\n|-resisted|p2b: Regidrago\n|-damage|p2b: Regidrago|35\/100\n|-hitcount|p2b: Regidrago|4\n|move|p1a: Ogerpon|Ivy Cudgel|p2b: Regidrago|[anim] Ivy Cudgel Water\n|-damage|p2b: Regidrago|0 fnt\n|faint|p2b: Regidrago\n|\n|win|randomacctest\n|raw|randomacctest's rating: 1249 &rarr; <strong>1277<\/strong><br \/>(+28 for winning)\n|raw|Blakeizen's rating: 1297 &rarr; <strong>1269<\/strong><br \/>(-28 for losing)\n|l|\u2606Blakeizen\n","uploadtime":1700758942,"views":1,"p1id":"randomacctest","p2id":"blakeizen","formatid":"gen9vgc2023regulatione","rating":1269,"private":0,"password":""}