{"id":"gen9vgc2023regulatione-1997013561","p1":"Shashi22","p2":"gorb04","format":"[Gen 9] VGC 2023 Regulation E","log":"|j|\u2606Shashi22\n|j|\u2606gorb04\n|t:|1700755692\n|gametype|doubles\n|player|p1|Shashi22|ash|1132\n|player|p2|gorb04|swimmer-gen4dp|1103\n|teamsize|p1|6\n|teamsize|p2|6\n|gen|9\n|tier|[Gen 9] VGC 2023 Regulation E\n|rated|\n|rule|Species Clause: Limit one of each Pok\u00e9mon\n|rule|Item Clause: Limit one of each item\n|clearpoke\n|poke|p1|Ceruledge, L50, F|\n|poke|p1|Kingambit, L50, M|\n|poke|p1|Annihilape, L50, F|\n|poke|p1|Flutter Mane, L50|\n|poke|p1|Gholdengo, L50|\n|poke|p1|Azumarill, L50, F|\n|poke|p2|Abomasnow, L50, M|\n|poke|p2|Goodra-Hisui, L50, M|\n|poke|p2|Pelipper, L50, M|\n|poke|p2|Overqwil, L50, M|\n|poke|p2|Great Tusk, L50|\n|poke|p2|Clefairy, L50, F|\n|teampreview|4\n|inactive|Battle timer is ON: inactive players will automatically lose when time's up. (requested by Shashi22)\ngorb04 has agreed to open team sheets.\n|\n|t:|1700755703\n|start\n|switch|p1a: Azumarill|Azumarill, L50, F|100\/100\n|switch|p1b: Ceruledge|Ceruledge, L50, F|100\/100\n|switch|p2a: Goodra|Goodra-Hisui, L50, M|100\/100\n|switch|p2b: Abomasnow|Abomasnow, L50, M|100\/100\n|-weather|Snow|[from] ability: Snow Warning|[of] p2b: Abomasnow\n|turn|1\n|\n|t:|1700755716\n|-terastallize|p2a: Goodra|Ice\n|move|p1a: Azumarill|Aqua Jet|p1b: Ceruledge\n|-supereffective|p1b: Ceruledge\n|-damage|p1b: Ceruledge|79\/100\n|-ability|p1b: Ceruledge|Weak Armor|boost\n|-unboost|p1b: Ceruledge|def|1\n|-boost|p1b: Ceruledge|spe|2\n|-enditem|p1b: Ceruledge|Weakness Policy\n|-boost|p1b: Ceruledge|atk|2|[from] item: Weakness Policy\n|-boost|p1b: Ceruledge|spa|2|[from] item: Weakness Policy\n|move|p1b: Ceruledge|Bitter Blade|p2b: Abomasnow\n|-supereffective|p2b: Abomasnow\n|-damage|p2b: Abomasnow|0 fnt\n|-heal|p1b: Ceruledge|100\/100|[from] drain|[of] p2b: Abomasnow\n|faint|p2b: Abomasnow\n|move|p2a: Goodra|Blizzard|p1a: Azumarill|[spread] p1a,p1b\n|-resisted|p1a: Azumarill\n|-resisted|p1b: Ceruledge\n|-damage|p1a: Azumarill|73\/100\n|-damage|p1b: Ceruledge|76\/100\n|\n|-weather|Snow|[upkeep]\n|upkeep\n|\n|t:|1700755734\n|switch|p2b: Great Tusk|Great Tusk, L50|100\/100\n|turn|2\n|\n|t:|1700755750\n|switch|p2a: Clefairy|Clefairy, L50, F|100\/100\n|move|p1b: Ceruledge|Poltergeist|p2a: Clefairy\n|-activate|p2a: Clefairy|move: Poltergeist|Eviolite\n|-damage|p2a: Clefairy|2\/100\n|move|p2b: Great Tusk|Headlong Rush|p1b: Ceruledge\n|-supereffective|p1b: Ceruledge\n|-damage|p1b: Ceruledge|0 fnt\n|-unboost|p2b: Great Tusk|def|1\n|-unboost|p2b: Great Tusk|spd|1\n|faint|p1b: Ceruledge\n|move|p1a: Azumarill|Grass Knot|p2b: Great Tusk\n|-supereffective|p2b: Great Tusk\n|-damage|p2b: Great Tusk|0 fnt\n|faint|p2b: Great Tusk\n|-end|p2b: Great Tusk|Protosynthesis|[silent]\n|\n|-weather|Snow|[upkeep]\n|upkeep\n|\n|t:|1700755765\n|switch|p1b: Annihilape|Annihilape, L50, F|100\/100\n|switch|p2b: Goodra|Goodra-Hisui, L50, M, tera:Ice|100\/100\n|turn|3\n|\n|t:|1700755774\n|move|p2a: Clefairy|Protect|p2a: Clefairy\n|-singleturn|p2a: Clefairy|Protect\n|move|p1a: Azumarill|Aqua Jet|p2a: Clefairy\n|-activate|p2a: Clefairy|move: Protect\n|move|p1b: Annihilape|Bulk Up|p1b: Annihilape\n|-boost|p1b: Annihilape|atk|1\n|-boost|p1b: Annihilape|def|1\n|move|p2b: Goodra|Dragon Pulse|p1b: Annihilape\n|-damage|p1b: Annihilape|63\/100\n|\n|-weather|Snow|[upkeep]\n|-heal|p1b: Annihilape|70\/100|[from] item: Leftovers\n|upkeep\n|turn|4\n|\n|t:|1700755789\n|move|p2a: Clefairy|Helping Hand|p2b: Goodra\n|-singleturn|p2b: Goodra|Helping Hand|[of] p2a: Clefairy\n|move|p1a: Azumarill|Aqua Jet|p2a: Clefairy\n|-damage|p2a: Clefairy|0 fnt\n|faint|p2a: Clefairy\n|move|p1b: Annihilape|Drain Punch|p2b: Goodra\n|-supereffective|p2b: Goodra\n|-damage|p2b: Goodra|33\/100\n|-heal|p1b: Annihilape|94\/100|[from] drain|[of] p2b: Goodra\n|move|p2b: Goodra|Blizzard|p1b: Annihilape|[spread] p1a,p1b\n|-resisted|p1a: Azumarill\n|-damage|p1a: Azumarill|37\/100\n|-damage|p1b: Annihilape|39\/100\n|\n|-weather|Snow|[upkeep]\n|-heal|p1b: Annihilape|45\/100|[from] item: Leftovers\n|upkeep\n|turn|5\n|-message|gorb04 forfeited.\n|\n|win|Shashi22\n|raw|Shashi22's rating: 1132 &rarr; <strong>1155<\/strong><br \/>(+23 for winning)\n|raw|gorb04's rating: 1103 &rarr; <strong>1080<\/strong><br \/>(-23 for losing)\n|l|\u2606gorb04\n|c|\u2606Shashi22|gg\n","uploadtime":1700755807,"views":6,"p1id":"shashi22","p2id":"gorb04","formatid":"gen9vgc2023regulatione","rating":1080,"private":0,"password":""}