{"id":"gen9vgc2023regulatione-1990005487","p1":"bunearyboicherry","p2":"Tophubin","format":"[Gen 9] VGC 2023 Regulation E","log":"|j|\u2606bunearyboicherry\n|j|\u2606Tophubin\n|t:|1699914602\n|gametype|doubles\n|player|p1|bunearyboicherry|hapu|1177\n|player|p2|Tophubin|266|1086\n|teamsize|p1|6\n|teamsize|p2|6\n|gen|9\n|tier|[Gen 9] VGC 2023 Regulation E\n|rated|\n|rule|Species Clause: Limit one of each Pok\u00e9mon\n|rule|Item Clause: Limit one of each item\n|clearpoke\n|poke|p1|Politoed, L50, F|\n|poke|p1|Feebas, L50, F|\n|poke|p1|Thundurus-Therian, L50, M|\n|poke|p1|Mamoswine, L50, M|\n|poke|p1|Ambipom, L50, F|\n|poke|p1|Scream Tail, L50|\n|poke|p2|Iron Hands, L50|\n|poke|p2|Sinistcha, L50|\n|poke|p2|Landorus-Therian, L50, M|\n|poke|p2|Iron Bundle, L50|\n|poke|p2|Chi-Yu, L50|\n|poke|p2|Scizor, L50, M|\n|teampreview|4\n|inactive|Battle timer is ON: inactive players will automatically lose when time's up. (requested by bunearyboicherry)\n|inactive|Tophubin has 60 seconds left.\n|\n|t:|1699914645\n|start\n|switch|p1a: Besmara|Politoed, L50, F, shiny|100\/100\n|switch|p1b: Speedbas|Feebas, L50, F, shiny|100\/100\n|switch|p2a: Iron Hands|Iron Hands, L50|100\/100\n|switch|p2b: Iron Bundle|Iron Bundle, L50|100\/100\n|-weather|RainDance|[from] ability: Drizzle|[of] p1a: Besmara\n|-enditem|p2b: Iron Bundle|Booster Energy\n|-activate|p2b: Iron Bundle|ability: Quark Drive|[fromitem]\n|-start|p2b: Iron Bundle|quarkdrivespe\n|turn|1\n|\n|t:|1699914658\n|move|p1b: Speedbas|Protect|p1b: Speedbas\n|-singleturn|p1b: Speedbas|Protect\n|move|p1a: Besmara|Protect|p1a: Besmara\n|-singleturn|p1a: Besmara|Protect\n|move|p2a: Iron Hands|Fake Out|p1b: Speedbas\n|-activate|p1b: Speedbas|move: Protect\n|move|p2b: Iron Bundle|Freeze-Dry|p1a: Besmara\n|-activate|p1a: Besmara|move: Protect\n|\n|-weather|RainDance|[upkeep]\n|upkeep\n|turn|2\n|\n|t:|1699914678\n|-terastallize|p1a: Besmara|Psychic\n|move|p2b: Iron Bundle|Freeze-Dry|p1a: Besmara\n|-crit|p1a: Besmara\n|-damage|p1a: Besmara|48\/100\n|move|p1b: Speedbas|Hypnosis|p2a: Iron Hands|[miss]\n|-miss|p1b: Speedbas|p2a: Iron Hands\n|move|p1a: Besmara|Muddy Water|p2a: Iron Hands|[spread] p2a,p2b\n|-resisted|p2b: Iron Bundle\n|-damage|p2a: Iron Hands|79\/100\n|-damage|p2b: Iron Bundle|58\/100\n|-unboost|p2a: Iron Hands|accuracy|1\n|move|p2a: Iron Hands|Wild Charge|p1b: Speedbas|[miss]\n|-miss|p2a: Iron Hands|p1b: Speedbas\n|\n|-weather|RainDance|[upkeep]\n|upkeep\n|turn|3\n|\n|t:|1699914695\n|-end|p2a: Iron Hands|Quark Drive|[silent]\n|switch|p2a: Sinistcha|Sinistcha, L50|100\/100\n|-heal|p2b: Iron Bundle|83\/100|[from] ability: Hospitality|[of] p2a: Sinistcha\n|move|p1a: Besmara|Protect|p1a: Besmara\n|-singleturn|p1a: Besmara|Protect\n|move|p2b: Iron Bundle|Freeze-Dry|p1a: Besmara\n|-activate|p1a: Besmara|move: Protect\n|move|p1b: Speedbas|Hypnosis|p2b: Iron Bundle\n|-status|p2b: Iron Bundle|slp|[from] move: Hypnosis\n|\n|-weather|RainDance|[upkeep]\n|upkeep\n|turn|4\n|\n|t:|1699914712\n|cant|p2b: Iron Bundle|slp\n|move|p1b: Speedbas|Hypnosis|p2a: Sinistcha\n|-status|p2a: Sinistcha|slp|[from] move: Hypnosis\n|cant|p2a: Sinistcha|slp\n|move|p1a: Besmara|Blizzard|p2b: Iron Bundle|[spread] p2a,p2b\n|-supereffective|p2a: Sinistcha\n|-resisted|p2b: Iron Bundle\n|-damage|p2a: Sinistcha|47\/100 slp\n|-damage|p2b: Iron Bundle|72\/100 slp\n|\n|-weather|RainDance|[upkeep]\n|upkeep\n|turn|5\n|\n|t:|1699914726\n|cant|p2b: Iron Bundle|slp\n|move|p1b: Speedbas|Icy Wind|p2b: Iron Bundle|[spread] p2a,p2b\n|-supereffective|p2a: Sinistcha\n|-resisted|p2b: Iron Bundle\n|-damage|p2a: Sinistcha|36\/100 slp\n|-damage|p2b: Iron Bundle|69\/100 slp\n|-unboost|p2a: Sinistcha|spe|1\n|-unboost|p2b: Iron Bundle|spe|1\n|move|p1a: Besmara|Blizzard|p2a: Sinistcha|[spread] p2b\n|-miss|p1a: Besmara|p2a: Sinistcha\n|-enditem|p1a: Besmara|Blunder Policy\n|-boost|p1a: Besmara|spe|2\n|-resisted|p2b: Iron Bundle\n|-damage|p2b: Iron Bundle|57\/100 slp\n|cant|p2a: Sinistcha|slp\n|\n|-weather|none\n|upkeep\n|turn|6\n|\n|t:|1699914747\n|cant|p2a: Sinistcha|slp\n|cant|p2b: Iron Bundle|slp\n|move|p1a: Besmara|Blizzard|p2b: Iron Bundle|[spread] \n|-miss|p1a: Besmara|p2a: Sinistcha\n|-miss|p1a: Besmara|p2b: Iron Bundle\n|move|p1b: Speedbas|Icy Wind|p2b: Iron Bundle|[spread] p2a,p2b\n|-supereffective|p2a: Sinistcha\n|-resisted|p2b: Iron Bundle\n|-damage|p2a: Sinistcha|24\/100 slp\n|-damage|p2b: Iron Bundle|55\/100 slp\n|-unboost|p2a: Sinistcha|spe|1\n|-unboost|p2b: Iron Bundle|spe|1\n|-enditem|p2a: Sinistcha|Aguav Berry|[eat]\n|-heal|p2a: Sinistcha|57\/100 slp|[from] item: Aguav Berry\n|\n|upkeep\n|turn|7\n|\n|t:|1699914765\n|-curestatus|p2b: Iron Bundle|slp|[msg]\n|move|p2b: Iron Bundle|Protect|p2b: Iron Bundle\n|-singleturn|p2b: Iron Bundle|Protect\n|move|p1a: Besmara|Blizzard|p2a: Sinistcha|[spread] \n|-activate|p2b: Iron Bundle|move: Protect\n|-miss|p1a: Besmara|p2a: Sinistcha\n|move|p1b: Speedbas|Icy Wind|p2a: Sinistcha|[spread] p2a\n|-activate|p2b: Iron Bundle|move: Protect\n|-supereffective|p2a: Sinistcha\n|-damage|p2a: Sinistcha|44\/100 slp\n|-unboost|p2a: Sinistcha|spe|1\n|-curestatus|p2a: Sinistcha|slp|[msg]\n|move|p2a: Sinistcha|Matcha Gotcha|p1b: Speedbas|[spread] p1a,p1b\n|-supereffective|p1b: Speedbas\n|-damage|p1a: Besmara|19\/100\n|-heal|p2a: Sinistcha|59\/100|[from] drain|[of] p1a: Besmara\n|-enditem|p1b: Speedbas|Focus Sash\n|-damage|p1b: Speedbas|2\/100\n|-heal|p2a: Sinistcha|88\/100|[from] drain|[of] p1b: Speedbas\n|\n|upkeep\n|turn|8\n|\n|t:|1699914788\n|-end|p2b: Iron Bundle|Quark Drive|[silent]\n|switch|p2b: Iron Hands|Iron Hands, L50|79\/100\n|move|p1a: Besmara|Protect|p1a: Besmara\n|-singleturn|p1a: Besmara|Protect\n|move|p1b: Speedbas|Hypnosis|p2b: Iron Hands\n|-status|p2b: Iron Hands|slp|[from] move: Hypnosis\n|move|p2a: Sinistcha|Matcha Gotcha|p1a: Besmara|[spread] p1b\n|-activate|p1a: Besmara|move: Protect\n|-supereffective|p1b: Speedbas\n|-damage|p1b: Speedbas|0 fnt\n|-heal|p2a: Sinistcha|89\/100|[from] drain|[of] p1b: Speedbas\n|faint|p1b: Speedbas\n|\n|upkeep\n|c|\u2606bunearyboicherry|Those misses hurt\n|\n|t:|1699914804\n|switch|p1b: Mamoswine|Mamoswine, L50, M, shiny|100\/100\n|turn|9\n|\n|t:|1699914825\n|-terastallize|p2a: Sinistcha|Water\n|cant|p2b: Iron Hands|slp\n|move|p1a: Besmara|Blizzard|p2a: Sinistcha|[spread] p2a,p2b\n|-resisted|p2a: Sinistcha\n|-damage|p2a: Sinistcha|75\/100\n|-damage|p2b: Iron Hands|66\/100 slp\n|-status|p2a: Sinistcha|frz\n|move|p1b: Mamoswine|Icicle Crash|p2a: Sinistcha\n|-resisted|p2a: Sinistcha\n|-damage|p2a: Sinistcha|42\/100 frz\n|-curestatus|p2a: Sinistcha|frz|[from] move: Matcha Gotcha\n|move|p2a: Sinistcha|Matcha Gotcha|p1b: Mamoswine|[spread] p1a,p1b\n|-supereffective|p1b: Mamoswine\n|-damage|p1a: Besmara|0 fnt\n|-heal|p2a: Sinistcha|53\/100|[from] drain|[of] p1a: Besmara\n|-damage|p1b: Mamoswine|40\/100\n|-heal|p2a: Sinistcha|89\/100|[from] drain|[of] p1b: Mamoswine\n|faint|p1a: Besmara\n|\n|upkeep\n|\n|t:|1699914832\n|switch|p1a: Scream Tail|Scream Tail, L50, shiny|100\/100\n|-enditem|p1a: Scream Tail|Booster Energy\n|-activate|p1a: Scream Tail|ability: Protosynthesis|[fromitem]\n|-start|p1a: Scream Tail|protosynthesisspe\n|turn|10\n|\n|t:|1699914850\n|move|p1a: Scream Tail|Howl|p1a: Scream Tail|[spread] p1a,p1b\n|-boost|p1a: Scream Tail|atk|1\n|-boost|p1b: Mamoswine|atk|1\n|move|p1b: Mamoswine|Icicle Crash|p2a: Sinistcha\n|-resisted|p2a: Sinistcha\n|-damage|p2a: Sinistcha|38\/100\n|cant|p2b: Iron Hands|slp\n|cant|p2a: Sinistcha|flinch\n|\n|upkeep\n|turn|11\n|\n|t:|1699914866\n|move|p1a: Scream Tail|Play Rough|p2b: Iron Hands|[miss]\n|-miss|p1a: Scream Tail|p2b: Iron Hands\n|move|p1b: Mamoswine|Icicle Crash|p2a: Sinistcha\n|-resisted|p2a: Sinistcha\n|-damage|p2a: Sinistcha|0 fnt\n|faint|p2a: Sinistcha\n|cant|p2b: Iron Hands|slp\n|\n|upkeep\n|\n|t:|1699914874\n|switch|p2a: Iron Bundle|Iron Bundle, L50|55\/100\n|turn|12\n|\n|t:|1699914890\n|move|p1a: Scream Tail|Play Rough|p2a: Iron Bundle\n|-damage|p2a: Iron Bundle|0 fnt\n|faint|p2a: Iron Bundle\n|-end|p2a: Iron Bundle|Quark Drive|[silent]\n|move|p1b: Mamoswine|Icicle Crash|p2b: Iron Hands\n|-damage|p2b: Iron Hands|0 fnt\n|faint|p2b: Iron Hands\n|-end|p2b: Iron Hands|Quark Drive|[silent]\n|\n|upkeep\n|\n|t:|1699914909\n|switch|p2a: Chi-Yu|Chi-Yu, L50|100\/100\n|-ability|p2a: Chi-Yu|Beads of Ruin\n|turn|13\n|\n|t:|1699914927\n|move|p1a: Scream Tail|Play Rough|p2a: Chi-Yu\n|-damage|p2a: Chi-Yu|21\/100\n|move|p2a: Chi-Yu|Heat Wave|p1a: Scream Tail|[spread] p1a,p1b\n|-supereffective|p1b: Mamoswine\n|-damage|p1a: Scream Tail|61\/100\n|-damage|p1b: Mamoswine|0 fnt\n|-status|p1a: Scream Tail|brn\n|faint|p1b: Mamoswine\n|\n|-damage|p1a: Scream Tail|55\/100 brn|[from] brn\n|upkeep\n|turn|14\n|\n|t:|1699914939\n|move|p2a: Chi-Yu|Protect|p2a: Chi-Yu\n|-singleturn|p2a: Chi-Yu|Protect\n|move|p1a: Scream Tail|Play Rough|p2a: Chi-Yu\n|-activate|p2a: Chi-Yu|move: Protect\n|\n|-damage|p1a: Scream Tail|49\/100 brn|[from] brn\n|upkeep\n|turn|15\n|\n|t:|1699914948\n|move|p1a: Scream Tail|Play Rough|p2a: Chi-Yu\n|-damage|p2a: Chi-Yu|0 fnt\n|faint|p2a: Chi-Yu\n|\n|win|bunearyboicherry\n|raw|bunearyboicherry's rating: 1177 &rarr; <strong>1196<\/strong><br \/>(+19 for winning)\n|raw|Tophubin's rating: 1086 &rarr; <strong>1069<\/strong><br \/>(-17 for losing)\n|l|\u2606Tophubin\n","uploadtime":1699914958,"views":27,"p1id":"bunearyboicherry","p2id":"tophubin","formatid":"gen9vgc2023regulatione","rating":1069,"private":0,"password":""}