{"id":"gen9vgc2023regulatione-1997739619","p1":"wingminmon2","p2":"Shapy23","format":"[Gen 9] VGC 2023 Regulation E","log":"|j|\u2606wingminmon2\n|j|\u2606Shapy23\n|t:|1700847554\n|gametype|doubles\n|player|p1|wingminmon2|preschooler|1091\n|player|p2|Shapy23|266|1149\n|teamsize|p1|6\n|teamsize|p2|6\n|gen|9\n|tier|[Gen 9] VGC 2023 Regulation E\n|rated|\n|rule|Species Clause: Limit one of each Pok\u00e9mon\n|rule|Item Clause: Limit one of each item\n|clearpoke\n|poke|p1|Dragapult, L50, F|\n|poke|p1|Ogerpon, L50, F|\n|poke|p1|Pelipper, L50, F|\n|poke|p1|Clefairy, L50, F|\n|poke|p1|Thundurus-Therian, L50, M|\n|poke|p1|Tornadus, L50, M|\n|poke|p2|Farigiraf, L50, M|\n|poke|p2|Annihilape, L50, F|\n|poke|p2|Ogerpon-Wellspring, L50, F|\n|poke|p2|Heatran, L50, M|\n|poke|p2|Salamence, L50, F|\n|poke|p2|Sableye, L50, M|\n|teampreview|4\n|inactive|Battle timer is ON: inactive players will automatically lose when time's up. (requested by Shapy23)\n|j| ockljf\n|inactive|Shapy23 has 60 seconds left.\nwingminmon2 has agreed to open team sheets.\n|\n|t:|1700847605\n|start\n|switch|p1a: Ogerpon|Ogerpon, L50, F|100\/100\n|switch|p1b: Pelipper|Pelipper, L50, F|100\/100\n|switch|p2a: Farigiraf|Farigiraf, L50, M|100\/100\n|switch|p2b: Annihilape|Annihilape, L50, F|100\/100\n|-weather|RainDance|[from] ability: Drizzle|[of] p1b: Pelipper\n|turn|1\n|c|\u2606wingminmon2|i think im gonna lose\n|inactive|wingminmon2 has 30 seconds left.\n|inactive|Shapy23 has 30 seconds left.\n|\n|t:|1700847634\n|move|p1b: Pelipper|Protect|p1b: Pelipper\n|-singleturn|p1b: Pelipper|Protect\n|move|p1a: Ogerpon|Swords Dance|p1a: Ogerpon\n|-boost|p1a: Ogerpon|atk|2\n|move|p2b: Annihilape|Bulk Up|p2b: Annihilape\n|-boost|p2b: Annihilape|atk|1\n|-boost|p2b: Annihilape|def|1\n|move|p2a: Farigiraf|Beat Up|p2b: Annihilape\n|-damage|p2b: Annihilape|98\/100\n|-damage|p2b: Annihilape|96\/100\n|-damage|p2b: Annihilape|95\/100\n|-damage|p2b: Annihilape|92\/100\n|-hitcount|p2b: Annihilape|4\n|\n|-weather|RainDance|[upkeep]\n|upkeep\n|turn|2\n|\n|t:|1700847647\n|-terastallize|p1a: Ogerpon|Grass\n|detailschange|p1a: Ogerpon|Ogerpon-Teal-Tera, L50, F, tera:Grass\n|-ability|p1a: Ogerpon|Embody Aspect (Teal)|boost\n|-boost|p1a: Ogerpon|spe|1\n|move|p1b: Pelipper|Helping Hand|p1a: Ogerpon\n|-singleturn|p1a: Ogerpon|Helping Hand|[of] p1b: Pelipper\n|move|p2b: Annihilape|Protect|p2b: Annihilape\n|-singleturn|p2b: Annihilape|Protect\n|move|p1a: Ogerpon|Ivy Cudgel|p2b: Annihilape\n|-activate|p2b: Annihilape|move: Protect\n|move|p2a: Farigiraf|Trick Room|p2a: Farigiraf\n|-fieldstart|move: Trick Room|[of] p2a: Farigiraf\n|\n|-weather|RainDance|[upkeep]\n|upkeep\n|turn|3\n|c|\u2606wingminmon2|noooooooooooooooooooo\n|\n|t:|1700847667\n|move|p2a: Farigiraf|Helping Hand|p2b: Annihilape\n|-singleturn|p2b: Annihilape|Helping Hand|[of] p2a: Farigiraf\n|move|p1a: Ogerpon|Spiky Shield|p1a: Ogerpon\n|-singleturn|p1a: Ogerpon|move: Protect\n|move|p2b: Annihilape|Rage Fist|p1a: Ogerpon\n|-activate|p1a: Ogerpon|move: Protect\n|-damage|p2b: Annihilape|80\/100|[from] Spiky Shield|[of] p1a: Ogerpon\n|move|p1b: Pelipper|Hurricane|p2b: Annihilape\n|-supereffective|p2b: Annihilape\n|-damage|p2b: Annihilape|7\/100\n|-start|p2b: Annihilape|confusion\n|\n|-weather|RainDance|[upkeep]\n|upkeep\n|turn|4\n|c|\u2606Shapy23|Noice play\n|inactive|Shapy23 has 30 seconds left.\n|\n|t:|1700847697\n|move|p2a: Farigiraf|Light Screen|p2a: Farigiraf\n|-sidestart|p2: Shapy23|move: Light Screen\n|move|p1b: Pelipper|Hurricane|p2b: Annihilape\n|-supereffective|p2b: Annihilape\n|-damage|p2b: Annihilape|0 fnt\n|faint|p2b: Annihilape\n|move|p1a: Ogerpon|Ivy Cudgel|p2a: Farigiraf\n|-damage|p2a: Farigiraf|0 fnt\n|faint|p2a: Farigiraf\n|\n|-weather|RainDance|[upkeep]\n|upkeep\n|c|\u2606wingminmon2|wooooooooo\n|c|\u2606wingminmon2|yay\n|c|\u2606Shapy23|Ggs\n|\n|t:|1700847717\n|switch|p2a: Sableye|Sableye, L50, M|100\/100\n|switch|p2b: Salamence|Salamence, L50, F|100\/100\n|-ability|p2b: Salamence|Intimidate|boost\n|-unboost|p1a: Ogerpon|atk|1\n|-enditem|p1a: Ogerpon|Adrenaline Orb\n|-boost|p1a: Ogerpon|spe|1|[from] item: Adrenaline Orb\n|-unboost|p1b: Pelipper|atk|1\n|turn|5\n|c|\u2606wingminmon2|that suks\n|c|\u2606wingminmon2|sucks\n|inactive|wingminmon2 has 30 seconds left.\n|inactive|Shapy23 has 30 seconds left.\n|\n|t:|1700847744\n|-terastallize|p2b: Salamence|Flying\n|move|p1b: Pelipper|Helping Hand|p1a: Ogerpon\n|-singleturn|p1a: Ogerpon|Helping Hand|[of] p1b: Pelipper\n|move|p2a: Sableye|Fake Out|p1a: Ogerpon\n|-damage|p1a: Ogerpon|90\/100\n|move|p2b: Salamence|Tera Blast|p1a: Ogerpon|[anim] Tera Blast Flying\n|-supereffective|p1a: Ogerpon\n|-damage|p1a: Ogerpon|0 fnt\n|faint|p1a: Ogerpon\n|\n|-weather|none\n|upkeep\n|c|\u2606wingminmon2|noooooooooooooooo\n|\n|t:|1700847756\n|switch|p1a: Dragapult|Dragapult, L50, F, shiny|100\/100\n|turn|6\n|\n|t:|1700847767\n|move|p1b: Pelipper|Protect|p1b: Pelipper\n|-singleturn|p1b: Pelipper|Protect\n|move|p2a: Sableye|Will-O-Wisp|p1a: Dragapult\n|-status|p1a: Dragapult|brn\n|move|p2b: Salamence|Rock Slide|p1a: Dragapult|[spread] p1a\n|-activate|p1b: Pelipper|move: Protect\n|-damage|p1a: Dragapult|74\/100 brn\n|move|p1a: Dragapult|Dragon Darts|p2b: Salamence\n|-damage|p2b: Salamence|83\/100\n|-anim|p1a: Dragapult|Dragon Darts|p2a: Sableye\n|-damage|p2a: Sableye|79\/100\n|-damage|p1a: Dragapult|64\/100 brn|[from] item: Life Orb\n|\n|-damage|p1a: Dragapult|58\/100 brn|[from] brn\n|-fieldend|move: Trick Room\n|upkeep\n|turn|7\n|c|\u2606wingminmon2|that really sucks\n|inactive|wingminmon2 has 30 seconds left.\n|inactive|wingminmon2 has 20 seconds left.\n|\n|t:|1700847803\n|switch|p1b: Thundurus|Thundurus-Therian, L50, M|100\/100\n|move|p1a: Dragapult|Phantom Force||[still]\n|-prepare|p1a: Dragapult|Phantom Force\n|move|p2b: Salamence|Rock Slide|p1a: Dragapult|[spread] p1b\n|-miss|p2b: Salamence|p1a: Dragapult\n|-supereffective|p1b: Thundurus\n|-damage|p1b: Thundurus|39\/100\n|move|p2a: Sableye|Snarl|p1b: Thundurus|[spread] p1b\n|-miss|p2a: Sableye|p1a: Dragapult\n|-damage|p1b: Thundurus|25\/100\n|-unboost|p1b: Thundurus|spa|1\n|\n|-damage|p1a: Dragapult|53\/100 brn|[from] brn\n|upkeep\n|turn|8\n|inactive|Shapy23 has 30 seconds left.\n|inactive|Shapy23 has 20 seconds left.\n|\n|t:|1700847840\n|switch|p1b: Pelipper|Pelipper, L50, F|100\/100\n|-weather|RainDance|[from] ability: Drizzle|[of] p1b: Pelipper\n|move|p2a: Sableye|Will-O-Wisp|p1b: Pelipper\n|-status|p1b: Pelipper|brn\n|move|p1a: Dragapult|Phantom Force|p2b: Salamence|[from]lockedmove\n|-damage|p2b: Salamence|51\/100\n|-damage|p1a: Dragapult|43\/100 brn|[from] item: Life Orb\n|move|p2b: Salamence|Tailwind|p2b: Salamence\n|-sidestart|p2: Shapy23|move: Tailwind\n|\n|-weather|RainDance|[upkeep]\n|-damage|p1a: Dragapult|37\/100 brn|[from] brn\n|-damage|p1b: Pelipper|95\/100 brn|[from] brn\n|-sideend|p2: Shapy23|move: Light Screen\n|upkeep\n|turn|9\n|inactive|wingminmon2 has 30 seconds left.\n|\n|t:|1700847869\n|move|p1b: Pelipper|Wide Guard|p1b: Pelipper\n|-singleturn|p1b: Pelipper|Wide Guard\n|move|p2b: Salamence|Roost|p2b: Salamence\n|-heal|p2b: Salamence|100\/100\n|-hint|If a Flying Terastallized Pokemon uses Roost, it remains Flying-type.\n|move|p1a: Dragapult|Dragon Darts|p2b: Salamence\n|-damage|p2b: Salamence|80\/100\n|-anim|p1a: Dragapult|Dragon Darts|p2a: Sableye\n|-damage|p2a: Sableye|58\/100\n|-damage|p1a: Dragapult|27\/100 brn|[from] item: Life Orb\n|move|p2a: Sableye|Snarl|p1b: Pelipper|[spread] \n|-activate|p1a: Dragapult|move: Wide Guard\n|-activate|p1b: Pelipper|move: Wide Guard\n|\n|-weather|RainDance|[upkeep]\n|-damage|p1a: Dragapult|21\/100 brn|[from] brn\n|-damage|p1b: Pelipper|89\/100 brn|[from] brn\n|upkeep\n|turn|10\n|inactive|wingminmon2 has 30 seconds left.\n|inactive|Shapy23 has 30 seconds left.\n|c|\u2606wingminmon2|gg\n|inactive|Shapy23 has 20 seconds left.\n|c|\u2606wingminmon2|i lose\n|\n|t:|1700847909\n|move|p2b: Salamence|Tera Blast|p1a: Dragapult|[anim] Tera Blast Flying\n|-damage|p1a: Dragapult|0 fnt\n|faint|p1a: Dragapult\n|move|p2a: Sableye|Snarl|p1b: Pelipper\n|-damage|p1b: Pelipper|72\/100 brn\n|-unboost|p1b: Pelipper|spa|1\n|move|p1b: Pelipper|Hurricane|p2a: Sableye\n|-damage|p2a: Sableye|27\/100\n|\n|-weather|RainDance|[upkeep]\n|-damage|p1b: Pelipper|66\/100 brn|[from] brn\n|upkeep\n|c|\u2606wingminmon2|but maybe\n|\n|t:|1700847915\n|switch|p1a: Thundurus|Thundurus-Therian, L50, M|25\/100\n|turn|11\n|\n|t:|1700847931\n|move|p1a: Thundurus|Protect|p1a: Thundurus\n|-singleturn|p1a: Thundurus|Protect\n|move|p1b: Pelipper|Protect|p1b: Pelipper\n|-singleturn|p1b: Pelipper|Protect\n|move|p2a: Sableye|Will-O-Wisp|p1a: Thundurus\n|-activate|p1a: Thundurus|move: Protect\n|move|p2b: Salamence|Tera Blast|p1a: Thundurus|[anim] Tera Blast Flying\n|-activate|p1a: Thundurus|move: Protect\n|\n|-weather|RainDance|[upkeep]\n|-damage|p1b: Pelipper|60\/100 brn|[from] brn\n|-sideend|p2: Shapy23|move: Tailwind\n|upkeep\n|turn|12\n|\n|t:|1700847956\n|move|p1b: Pelipper|Helping Hand|p1a: Thundurus\n|-singleturn|p1a: Thundurus|Helping Hand|[of] p1b: Pelipper\n|move|p1a: Thundurus|Wildbolt Storm|p2a: Sableye|[spread] p2a,p2b\n|-crit|p2a: Sableye\n|-supereffective|p2b: Salamence\n|-damage|p2a: Sableye|0 fnt\n|-damage|p2b: Salamence|0 fnt\n|faint|p2a: Sableye\n|faint|p2b: Salamence\n|\n|win|wingminmon2\n|raw|wingminmon2's rating: 1070 &rarr; <strong>1106<\/strong><br \/>(+36 for winning)\n|raw|Shapy23's rating: 1149 &rarr; <strong>1118<\/strong><br \/>(-31 for losing)\n|c|\u2606wingminmon2|YESSSSSSSSSSSSSS\n|c|\u2606Shapy23|Noice\n|c|\u2606Shapy23|Ggs\n|c|\u2606wingminmon2|gg\n","uploadtime":1700847980,"views":0,"p1id":"wingminmon2","p2id":"shapy23","formatid":"gen9vgc2023regulatione","rating":1106,"private":0,"password":""}