{"id":"gen9vgc2023regulatione-1992514502","p1":"Sunrose","p2":"Chien-Pao Chicken","format":"[Gen 9] VGC 2023 Regulation E","log":"|j|\u2606Sunrose\n|j|\u2606Chien-Pao Chicken\n|t:|1700197786\n|gametype|doubles\n|player|p1|Sunrose|morty|\n|player|p2|Chien-Pao Chicken|2|\n|teamsize|p1|6\n|teamsize|p2|6\n|gen|9\n|tier|[Gen 9] VGC 2023 Regulation E\n|rated|Tournament battle\n|rule|Species Clause: Limit one of each Pok\u00e9mon\n|rule|Item Clause: Limit one of each item\n|clearpoke\n|poke|p1|Regidrago, L50|\n|poke|p1|Arcanine-Hisui, L50, F|\n|poke|p1|Urshifu-*, L50, M|\n|poke|p1|Flutter Mane, L50|\n|poke|p1|Moltres-Galar, L50|\n|poke|p1|Rillaboom, L50, M|\n|poke|p2|Iron Valiant, L50|\n|poke|p2|Sableye, L50, F|\n|poke|p2|Salamence, L50, F|\n|poke|p2|Ogerpon-Wellspring, L50, F|\n|poke|p2|Kingambit, L50, F|\n|poke|p2|Heatran, L50, M|\n|teampreview|4\n|showteam|p1|Regidrago||DragonFang|DragonsMaw|DracoMeteor,DragonEnergy,EarthPower,Protect||||||50|,,,,,Steel]Arcanine-Hisui||SitrusBerry|Intimidate|FlareBlitz,RockSlide,WillOWisp,Snarl|||F|||50|,,,,,Water]Urshifu-Rapid-Strike||AssaultVest|UnseenFist|SurgingStrikes,CloseCombat,Uturn,DrainPunch|||M|||50|,,,,,Water]Flutter Mane||PixiePlate|Protosynthesis|Moonblast,ShadowBall,IcyWind,Protect||||||50|,,,,,Fairy]Moltres-Galar||Leftovers|Berserk|FieryWrath,Tailwind,NastyPlot,Hurricane||||||50|,,,,,Fire]Rillaboom||MiracleSeed|GrassySurge|FakeOut,GrassyGlide,Uturn,WoodHammer|||M|||50|,,,,,Fire\n|showteam|p2|Iron Valiant||BoosterEnergy|QuarkDrive|Moonblast,Hypnosis,Protect,Disable||||||50|,,,,,Fire]Sableye||RoseliBerry|Prankster|Gravity,WillOWisp,FoulPlay,Encore|||F|||50|,,,,,Dark]Salamence||ChoiceScarf|Intimidate|Hurricane,DracoMeteor,Tailwind,AirSlash|||F|||50|,,,,,Flying]Ogerpon-Wellspring||WellspringMask|WaterAbsorb|IvyCudgel,HornLeech,FollowMe,SpikyShield|||F|||50|,,,,,Water]Kingambit||SafetyGoggles|Defiant|KowtowCleave,SuckerPunch,SwordsDance,Protect|||F|||50|,,,,,Fairy]Heatran||Leftovers|FlashFire|MagmaStorm,FlashCannon,EarthPower,Protect|||M|||50|,,,,,Fairy\n|j| Grewt\n|j| LifeOrbPex\n|c|\u2606Sunrose|Hf\n|j| LasermanZ11\n|l| LasermanZ11\n|j|%Radio Free C-Side\n|\n|t:|1700197884\n|start\n|switch|p1a: Moltres|Moltres-Galar, L50|100\/100\n|switch|p1b: Flutter Mane|Flutter Mane, L50|100\/100\n|switch|p2a: Iron Valiant|Iron Valiant, L50|100\/100\n|switch|p2b: Sableye|Sableye, L50, F|100\/100\n|-enditem|p2a: Iron Valiant|Booster Energy\n|-activate|p2a: Iron Valiant|ability: Quark Drive|[fromitem]\n|-start|p2a: Iron Valiant|quarkdrivespe\n|turn|1\n|\n|t:|1700197923\n|move|p2b: Sableye|Gravity|p2b: Sableye\n|-fieldstart|move: Gravity\n|move|p2a: Iron Valiant|Hypnosis|p1a: Moltres\n|-status|p1a: Moltres|slp|[from] move: Hypnosis\n|move|p1b: Flutter Mane|Moonblast|p2a: Iron Valiant\n|-supereffective|p2a: Iron Valiant\n|-damage|p2a: Iron Valiant|0 fnt\n|faint|p2a: Iron Valiant\n|-end|p2a: Iron Valiant|Quark Drive|[silent]\n|cant|p1a: Moltres|slp\n|\n|upkeep\n|\n|t:|1700197943\n|switch|p2a: Ogerpon|Ogerpon-Wellspring, L50, F|100\/100\n|turn|2\n|\n|t:|1700197963\n|switch|p2b: Kingambit|Kingambit, L50, F|100\/100\n|-terastallize|p2a: Ogerpon|Water\n|detailschange|p2a: Ogerpon|Ogerpon-Wellspring-Tera, L50, F, tera:Water\n|-ability|p2a: Ogerpon|Embody Aspect (Wellspring)|boost\n|-boost|p2a: Ogerpon|spd|1\n|move|p1b: Flutter Mane|Protect|p1b: Flutter Mane\n|-singleturn|p1b: Flutter Mane|Protect\n|move|p2a: Ogerpon|Ivy Cudgel|p1b: Flutter Mane|[anim] Ivy Cudgel Water\n|-activate|p1b: Flutter Mane|move: Protect\n|cant|p1a: Moltres|slp\n|\n|upkeep\n|turn|3\n|j| eebgm\n|l| eebgm\n|\n|t:|1700197998\n|move|p1b: Flutter Mane|Moonblast|p2a: Ogerpon\n|-damage|p2a: Ogerpon|60\/100\n|move|p2a: Ogerpon|Ivy Cudgel|p1b: Flutter Mane|[anim] Ivy Cudgel Water\n|-damage|p1b: Flutter Mane|0 fnt\n|faint|p1b: Flutter Mane\n|-end|p1b: Flutter Mane|Protosynthesis|[silent]\n|-curestatus|p1a: Moltres|slp|[msg]\n|move|p1a: Moltres|Tailwind|p1a: Moltres\n|-sidestart|p1: Sunrose|move: Tailwind\n|move|p2b: Kingambit|Swords Dance|p2b: Kingambit\n|-boost|p2b: Kingambit|atk|2\n|\n|upkeep\n|\n|t:|1700198042\n|switch|p1b: Regidrago|Regidrago, L50|100\/100\n|turn|4\n|\n|t:|1700198057\n|move|p2b: Kingambit|Sucker Punch|p1b: Regidrago\n|-damage|p1b: Regidrago|7\/100\n|move|p1a: Moltres|Nasty Plot|p1a: Moltres\n|-boost|p1a: Moltres|spa|2\n|move|p1b: Regidrago|Earth Power|p2b: Kingambit\n|-supereffective|p2b: Kingambit\n|-damage|p2b: Kingambit|46\/100\n|move|p2a: Ogerpon|Ivy Cudgel|p1a: Moltres|[anim] Ivy Cudgel Water\n|-crit|p1a: Moltres\n|-damage|p1a: Moltres|0 fnt\n|faint|p1a: Moltres\n|\n|upkeep\n|\n|t:|1700198068\n|switch|p1a: Urshifu|Urshifu-Rapid-Strike, L50, M|100\/100\n|turn|5\n|\n|t:|1700198105\n|switch|p2a: Sableye|Sableye, L50, F|100\/100\n|move|p1b: Regidrago|Protect|p1b: Regidrago\n|-singleturn|p1b: Regidrago|Protect\n|move|p2b: Kingambit|Sucker Punch||[still]\n|-fail|p2b: Kingambit\n|move|p1a: Urshifu|Close Combat|p2a: Sableye\n|-immune|p2a: Sableye\n|\n|-fieldend|move: Gravity\n|upkeep\n|turn|6\n|j| DarthGlacies\n|\n|t:|1700198175\n|-terastallize|p1a: Urshifu|Water\n|move|p2a: Sableye|Will-O-Wisp|p1a: Urshifu\n|-status|p1a: Urshifu|brn\n|move|p2b: Kingambit|Sucker Punch|p1b: Regidrago\n|-damage|p1b: Regidrago|0 fnt\n|faint|p1b: Regidrago\n|move|p1a: Urshifu|Close Combat|p2b: Kingambit\n|-supereffective|p2b: Kingambit\n|-damage|p2b: Kingambit|0 fnt\n|-unboost|p1a: Urshifu|def|1\n|-unboost|p1a: Urshifu|spd|1\n|faint|p2b: Kingambit\n|\n|-damage|p1a: Urshifu|94\/100 brn|[from] brn\n|-sideend|p1: Sunrose|move: Tailwind\n|upkeep\n|j| mocha_06\n|\n|t:|1700198181\n|switch|p2b: Ogerpon|Ogerpon-Wellspring-Tera, L50, F, tera:Water|60\/100\n|-ability|p2b: Ogerpon|Embody Aspect (Wellspring)|boost\n|-boost|p2b: Ogerpon|spd|1\n|turn|7\n|\n|t:|1700198192\n|move|p2b: Ogerpon|Follow Me|p2b: Ogerpon\n|-singleturn|p2b: Ogerpon|move: Follow Me\n|move|p1a: Urshifu|Close Combat|p2b: Ogerpon\n|-damage|p2b: Ogerpon|29\/100\n|-unboost|p1a: Urshifu|def|1\n|-unboost|p1a: Urshifu|spd|1\n|move|p2a: Sableye|Foul Play|p1a: Urshifu\n|-damage|p1a: Urshifu|15\/100 brn\n|\n|-damage|p1a: Urshifu|9\/100 brn|[from] brn\n|upkeep\n|turn|8\n|\n|t:|1700198198\n|move|p2b: Ogerpon|Follow Me|p2b: Ogerpon\n|-singleturn|p2b: Ogerpon|move: Follow Me\n|move|p1a: Urshifu|Close Combat|p2b: Ogerpon\n|-damage|p2b: Ogerpon|0 fnt\n|-unboost|p1a: Urshifu|def|1\n|-unboost|p1a: Urshifu|spd|1\n|faint|p2b: Ogerpon\n|move|p2a: Sableye|Foul Play|p1a: Urshifu\n|-damage|p1a: Urshifu|0 fnt\n|faint|p1a: Urshifu\n|\n|win|Chien-Pao Chicken\n|n|\u2606Sunrose|sunrose\n|n|\u2606Chien-Pao Chicken|chienpaochicken\n|n| Grewt|grewt\n|n| LifeOrbPex|lifeorbpex\n|n| Radio Free C-Side|radiofreecside\n|n| DarthGlacies|darthglacies\n|n| mocha_06|mocha06\n","uploadtime":1700198199,"views":12,"p1id":"sunrose","p2id":"chienpaochicken","formatid":"gen9vgc2023regulatione","rating":0,"private":0,"password":""}