{"id":"gen9vgc2023regulatione-1992970025","p1":"MythicalDarkrai","p2":"Kzrkzvzo","format":"[Gen 9] VGC 2023 Regulation E","log":"|j|\u2606MythicalDarkrai\n|j|\u2606Kzrkzvzo\n|t:|1700251379\n|gametype|doubles\n|player|p1|MythicalDarkrai|102|1066\n|player|p2|Kzrkzvzo|lance|1045\n|teamsize|p1|6\n|teamsize|p2|6\n|gen|9\n|tier|[Gen 9] VGC 2023 Regulation E\n|rated|\n|rule|Species Clause: Limit one of each Pok\u00e9mon\n|rule|Item Clause: Limit one of each item\n|clearpoke\n|poke|p1|Spectrier, L50|\n|poke|p1|Rillaboom, L50, F|\n|poke|p1|Urshifu-*, L50, F|\n|poke|p1|Iron Bundle, L50|\n|poke|p1|Murkrow, L50, F|\n|poke|p1|Heatran, L50, M|\n|poke|p2|Flutter Mane, L50|\n|poke|p2|Tornadus, L50, M|\n|poke|p2|Rillaboom, L50, M|\n|poke|p2|Garganacl, L50, M|\n|poke|p2|Arcanine-Hisui, L50, M|\n|poke|p2|Chien-Pao, L50|\n|teampreview|4\n|\n|t:|1700251401\n|start\n|switch|p1a: Spectrier|Spectrier, L50|100\/100\n|switch|p1b: Murkrow|Murkrow, L50, F|100\/100\n|switch|p2a: Tornadus|Tornadus, L50, M|100\/100\n|switch|p2b: Garganacl|Garganacl, L50, M|100\/100\n|turn|1\n|\n|t:|1700251427\n|move|p1b: Murkrow|Thunder Wave|p2a: Tornadus\n|-status|p2a: Tornadus|par\n|move|p1a: Spectrier|Hex|p2a: Tornadus\n|-damage|p2a: Tornadus|40\/100 par\n|move|p2a: Tornadus|Bleakwind Storm|p1a: Spectrier|[spread] p1a,p1b\n|-crit|p1b: Murkrow\n|-damage|p1a: Spectrier|65\/100\n|-damage|p1b: Murkrow|44\/100\n|move|p2b: Garganacl|Salt Cure|p1a: Spectrier\n|-damage|p1a: Spectrier|42\/100\n|-start|p1a: Spectrier|Salt Cure\n|\n|-damage|p1a: Spectrier|29\/100|[from] Salt Cure\n|upkeep\n|turn|2\n|\n|t:|1700251442\n|-terastallize|p1a: Spectrier|Ground\n|move|p1b: Murkrow|Tailwind|p1b: Murkrow\n|-sidestart|p1: MythicalDarkrai|move: Tailwind\n|move|p2a: Tornadus|Tailwind|p2a: Tornadus\n|-sidestart|p2: Kzrkzvzo|move: Tailwind\n|move|p1a: Spectrier|Tera Blast|p2b: Garganacl|[anim] Tera Blast Ground\n|-supereffective|p2b: Garganacl\n|-damage|p2b: Garganacl|43\/100\n|-enditem|p2b: Garganacl|Sitrus Berry|[eat]\n|-heal|p2b: Garganacl|67\/100|[from] item: Sitrus Berry\n|move|p2b: Garganacl|Salt Cure|p1b: Murkrow\n|-supereffective|p1b: Murkrow\n|-damage|p1b: Murkrow|0 fnt\n|faint|p1b: Murkrow\n|\n|-damage|p1a: Spectrier|17\/100|[from] Salt Cure\n|upkeep\n|\n|t:|1700251450\n|switch|p1b: Heatran|Heatran, L50, M|100\/100\n|turn|3\n|\n|t:|1700251460\n|move|p2b: Garganacl|Protect|p2b: Garganacl\n|-singleturn|p2b: Garganacl|Protect\n|move|p1a: Spectrier|Hex|p2a: Tornadus\n|-damage|p2a: Tornadus|0 fnt\n|faint|p2a: Tornadus\n|-ability|p1a: Spectrier|Grim Neigh|boost\n|-boost|p1a: Spectrier|spa|1\n|move|p1b: Heatran|Flash Cannon|p2b: Garganacl\n|-activate|p2b: Garganacl|move: Protect\n|\n|-damage|p1a: Spectrier|4\/100|[from] Salt Cure\n|upkeep\n|\n|t:|1700251470\n|switch|p2a: Arcanine|Arcanine-Hisui, L50, M|100\/100\n|-ability|p2a: Arcanine|Intimidate|boost\n|-unboost|p1a: Spectrier|atk|1\n|-unboost|p1b: Heatran|atk|1\n|turn|4\n|\n|t:|1700251517\n|-terastallize|p2b: Garganacl|Ghost\n|move|p1a: Spectrier|Tera Blast|p2a: Arcanine|[anim] Tera Blast Ground\n|-supereffective|p2a: Arcanine\n|-damage|p2a: Arcanine|0 fnt\n|faint|p2a: Arcanine\n|-ability|p1a: Spectrier|Grim Neigh|boost\n|-boost|p1a: Spectrier|spa|1\n|move|p1b: Heatran|Flash Cannon|p2b: Garganacl\n|-damage|p2b: Garganacl|37\/100\n|-unboost|p2b: Garganacl|spd|1\n|move|p2b: Garganacl|Recover|p2b: Garganacl\n|-heal|p2b: Garganacl|87\/100\n|\n|-damage|p1a: Spectrier|0 fnt|[from] Salt Cure\n|faint|p1a: Spectrier\n|upkeep\n|\n|t:|1700251529\n|switch|p1a: Urshifu|Urshifu-Rapid-Strike, L50, F|100\/100\n|switch|p2a: Rillaboom|Rillaboom, L50, M|100\/100\n|-fieldstart|move: Grassy Terrain|[from] ability: Grassy Surge|[of] p2a: Rillaboom\n|turn|5\n|\n|t:|1700251539\n|move|p1a: Urshifu|Detect|p1a: Urshifu\n|-singleturn|p1a: Urshifu|Protect\n|move|p2a: Rillaboom|Fake Out|p1b: Heatran\n|-resisted|p1b: Heatran\n|-damage|p1b: Heatran|94\/100\n|cant|p1b: Heatran|flinch\n|move|p2b: Garganacl|Salt Cure|p1b: Heatran\n|-damage|p1b: Heatran|82\/100\n|-start|p1b: Heatran|Salt Cure\n|\n|-heal|p1b: Heatran|88\/100|[from] Grassy Terrain\n|-heal|p1b: Heatran|94\/100|[from] item: Leftovers\n|-heal|p2b: Garganacl|93\/100|[from] Grassy Terrain\n|-damage|p1b: Heatran|69\/100|[from] Salt Cure\n|-sideend|p2: Kzrkzvzo|move: Tailwind\n|-sideend|p1: MythicalDarkrai|move: Tailwind\n|upkeep\n|turn|6\n|\n|t:|1700251574\n|move|p2a: Rillaboom|Grassy Glide|p1a: Urshifu\n|-supereffective|p1a: Urshifu\n|-damage|p1a: Urshifu|24\/100\n|move|p1a: Urshifu|Surging Strikes|p2b: Garganacl\n|-crit|p2b: Garganacl\n|-damage|p2b: Garganacl|76\/100\n|-crit|p2b: Garganacl\n|-damage|p2b: Garganacl|58\/100\n|-crit|p2b: Garganacl\n|-damage|p2b: Garganacl|42\/100\n|-hitcount|p2b: Garganacl|3\n|move|p1b: Heatran|Heat Wave|p2a: Rillaboom|[spread] p2a,p2b\n|-supereffective|p2a: Rillaboom\n|-damage|p2a: Rillaboom|39\/100\n|-damage|p2b: Garganacl|2\/100\n|move|p2b: Garganacl|Salt Cure|p1b: Heatran\n|-damage|p1b: Heatran|57\/100\n|\n|-heal|p1a: Urshifu|30\/100|[from] Grassy Terrain\n|-heal|p2a: Rillaboom|44\/100|[from] Grassy Terrain\n|-heal|p1b: Heatran|63\/100|[from] Grassy Terrain\n|-heal|p1b: Heatran|69\/100|[from] item: Leftovers\n|-heal|p2b: Garganacl|8\/100|[from] Grassy Terrain\n|-damage|p1b: Heatran|44\/100|[from] Salt Cure\n|upkeep\n|turn|7\n|\n|t:|1700251596\n|move|p1a: Urshifu|Aqua Jet|p2b: Garganacl\n|-damage|p2b: Garganacl|0 fnt\n|faint|p2b: Garganacl\n|move|p2a: Rillaboom|Drain Punch|p1b: Heatran\n|-supereffective|p1b: Heatran\n|-damage|p1b: Heatran|0 fnt\n|-heal|p2a: Rillaboom|65\/100|[from] drain|[of] p1b: Heatran\n|faint|p1b: Heatran\n|\n|-heal|p1a: Urshifu|35\/100|[from] Grassy Terrain\n|-heal|p2a: Rillaboom|71\/100|[from] Grassy Terrain\n|upkeep\n|turn|8\n|\n|t:|1700251611\n|move|p2a: Rillaboom|Grassy Glide|p1a: Urshifu\n|-supereffective|p1a: Urshifu\n|-damage|p1a: Urshifu|0 fnt\n|faint|p1a: Urshifu\n|\n|win|Kzrkzvzo\n|raw|MythicalDarkrai's rating: 1066 &rarr; <strong>1045<\/strong><br \/>(-21 for losing)\n|raw|Kzrkzvzo's rating: 1045 &rarr; <strong>1080<\/strong><br \/>(+35 for winning)\n|l|\u2606MythicalDarkrai\n","uploadtime":1700251615,"views":9,"p1id":"mythicaldarkrai","p2id":"kzrkzvzo","formatid":"gen9vgc2023regulatione","rating":1045,"private":0,"password":""}