{"id":"gen9vgc2023regulatione-1994043948","p1":"imyumiya","p2":"nicolas rainier","format":"[Gen 9] VGC 2023 Regulation E","log":"|j|\u2606imyumiya\n|j|\u2606nicolas rainier\n|t:|1700398929\n|gametype|doubles\n|player|p1|imyumiya|iris-gen5bw2|1188\n|player|p2|nicolas rainier|169|1196\n|teamsize|p1|6\n|teamsize|p2|6\n|gen|9\n|tier|[Gen 9] VGC 2023 Regulation E\n|rated|\n|rule|Species Clause: Limit one of each Pok\u00e9mon\n|rule|Item Clause: Limit one of each item\n|clearpoke\n|poke|p1|Munkidori, L50, M|\n|poke|p1|Spectrier, L50|\n|poke|p1|Roaring Moon, L50|\n|poke|p1|Iron Hands, L50|\n|poke|p1|Hatterene, L50, F|\n|poke|p1|Urshifu-*, L50, F|\n|poke|p2|Cresselia, L50, F|\n|poke|p2|Ursaluna-Bloodmoon, L50, M|\n|poke|p2|Brute Bonnet, L50|\n|poke|p2|Iron Hands, L50|\n|poke|p2|Ogerpon-Wellspring, L50, F|\n|poke|p2|Torkoal, L50, M|\n|teampreview|4\n|inactive|Battle timer is ON: inactive players will automatically lose when time's up. (requested by imyumiya)\n|inactive|nicolas rainier has 60 seconds left.\n|\n|t:|1700398968\n|start\n|switch|p1a: silly|Munkidori, L50, M|100\/100\n|switch|p1b: dead epona|Spectrier, L50|100\/100\n|switch|p2a: Cresselia|Cresselia, L50, F, shiny|100\/100\n|switch|p2b: Iron Hands|Iron Hands, L50|100\/100\n|-item|p2a: Cresselia|Mental Herb|[from] ability: Frisk|[of] p1a: silly|[identify]\n|-item|p2b: Iron Hands|Sitrus Berry|[from] ability: Frisk|[of] p1a: silly|[identify]\n|turn|1\n|\n|t:|1700398989\n|move|p1a: silly|Fake Out|p2a: Cresselia\n|-crit|p2a: Cresselia\n|-damage|p2a: Cresselia|93\/100\n|move|p1b: dead epona|Nasty Plot|p1b: dead epona\n|-boost|p1b: dead epona|spa|2\n|move|p2b: Iron Hands|Swords Dance|p2b: Iron Hands\n|-boost|p2b: Iron Hands|atk|2\n|cant|p2a: Cresselia|flinch\n|\n|upkeep\n|turn|2\n|\n|t:|1700399005\n|-terastallize|p2b: Iron Hands|Fire\n|move|p1b: dead epona|Shadow Ball|p2a: Cresselia\n|-supereffective|p2a: Cresselia\n|-damage|p2a: Cresselia|0 fnt\n|faint|p2a: Cresselia\n|-ability|p1b: dead epona|Grim Neigh|boost\n|-boost|p1b: dead epona|spa|1\n|move|p1a: silly|Parting Shot|p2b: Iron Hands\n|-unboost|p2b: Iron Hands|atk|1\n|-unboost|p2b: Iron Hands|spa|1\n|\n|t:|1700399018\n|switch|p1a: john hands|Iron Hands, L50|100\/100|[from] Parting Shot\n|move|p2b: Iron Hands|Swords Dance|p2b: Iron Hands\n|-boost|p2b: Iron Hands|atk|2\n|\n|upkeep\n|\n|t:|1700399032\n|switch|p2a: Ursaluna|Ursaluna-Bloodmoon, L50, M|100\/100\n|turn|3\n|\n|t:|1700399039\n|move|p1a: john hands|Fake Out|p2a: Ursaluna\n|-damage|p2a: Ursaluna|89\/100\n|move|p1b: dead epona|Shadow Ball|p2b: Iron Hands\n|-damage|p2b: Iron Hands|14\/100\n|-enditem|p2b: Iron Hands|Sitrus Berry|[eat]\n|-heal|p2b: Iron Hands|39\/100|[from] item: Sitrus Berry\n|move|p2b: Iron Hands|Drain Punch|p1a: john hands\n|-damage|p1a: john hands|28\/100\n|-heal|p2b: Iron Hands|80\/100|[from] drain|[of] p1a: john hands\n|cant|p2a: Ursaluna|flinch\n|\n|upkeep\n|turn|4\n|\n|t:|1700399059\n|move|p2b: Iron Hands|Detect|p2b: Iron Hands\n|-singleturn|p2b: Iron Hands|Protect\n|move|p1b: dead epona|Shadow Ball|p2b: Iron Hands\n|-activate|p2b: Iron Hands|move: Protect\n|move|p1a: john hands|Drain Punch|p2a: Ursaluna\n|-supereffective|p2a: Ursaluna\n|-damage|p2a: Ursaluna|24\/100\n|-heal|p1a: john hands|56\/100|[from] drain|[of] p2a: Ursaluna\n|move|p2a: Ursaluna|Blood Moon|p1b: dead epona\n|-damage|p1b: dead epona|4\/100\n|\n|upkeep\n|turn|5\n|inactive|nicolas rainier has 30 seconds left.\n|\n|t:|1700399089\n|move|p1b: dead epona|Shadow Ball|p2b: Iron Hands\n|-damage|p2b: Iron Hands|0 fnt\n|faint|p2b: Iron Hands\n|-end|p2b: Iron Hands|Quark Drive|[silent]\n|-ability|p1b: dead epona|Grim Neigh|boost\n|-boost|p1b: dead epona|spa|1\n|move|p1a: john hands|Drain Punch|p2a: Ursaluna\n|-supereffective|p2a: Ursaluna\n|-damage|p2a: Ursaluna|0 fnt\n|-heal|p1a: john hands|66\/100|[from] drain|[of] p2a: Ursaluna\n|faint|p2a: Ursaluna\n|\n|upkeep\n|\n|t:|1700399093\n|switch|p2b: Torkoal|Torkoal, L50, M|100\/100\n|-weather|SunnyDay|[from] ability: Drought|[of] p2b: Torkoal\n|turn|6\n|\n|t:|1700399105\n|move|p1b: dead epona|Shadow Ball|p2b: Torkoal\n|-damage|p2b: Torkoal|0 fnt\n|faint|p2b: Torkoal\n|\n|win|imyumiya\n|raw|imyumiya's rating: 1188 &rarr; <strong>1214<\/strong><br \/>(+26 for winning)\n|raw|nicolas rainier's rating: 1196 &rarr; <strong>1170<\/strong><br \/>(-26 for losing)\n|c|\u2606imyumiya|GG\n|l|\u2606nicolas rainier\n","uploadtime":1700399118,"views":11,"p1id":"imyumiya","p2id":"nicolasrainier","formatid":"gen9vgc2023regulatione","rating":1170,"private":0,"password":""}