{"id":"gen9vgc2023regulatione-1998120791","p1":"ThunderBall101","p2":"Spookz_Legend","format":"[Gen 9] VGC 2023 Regulation E","log":"|j|\u2606ThunderBall101\n|j|\u2606Spookz_Legend\n|n|\u2606ThunderBall101|thunderball101\n|n|\u2606Spookz_Legend|spookzlegend\n|html|View the match progress at <a href=\"\/game-bestof3-gen9vgc2023regulatione-1998117334\">game-bestof3-gen9vgc2023regulatione-1998117334<\/a>\n|t:|1700895059\n|gametype|doubles\n|player|p1|ThunderBall101|wattson|\n|player|p2|Spookz_Legend|cheren|\n|teamsize|p1|6\n|teamsize|p2|6\n|gen|9\n|tier|[Gen 9] VGC 2023 Regulation E\n|rule|Species Clause: Limit one of each Pok\u00e9mon\n|rule|Item Clause: Limit one of each item\n|clearpoke\n|poke|p1|Tornadus, L50, M|\n|poke|p1|Regidrago, L50|\n|poke|p1|Chi-Yu, L50|\n|poke|p1|Dondozo, L50, F|\n|poke|p1|Tatsugiri, L50, M|\n|poke|p1|Spiritomb, L50, F|\n|poke|p2|Fezandipiti, L50, M|\n|poke|p2|Trevenant, L50, M|\n|poke|p2|Magnezone, L50|\n|poke|p2|Iron Bundle, L50|\n|poke|p2|Maushold, L50|\n|poke|p2|Medicham, L50, M|\n|teampreview|4\n|c|\u2606Spookz_Legend|i honestly thought that even with freeze I lost\n|c|\u2606Spookz_Legend|gl hf\n|c|\u2606ThunderBall101|Glhf\n|\n|t:|1700895171\n|start\n|switch|p1a: Bubbles|Chi-Yu, L50|100\/100\n|switch|p1b: Will|Tornadus, L50, M|100\/100\n|switch|p2a: Fezandipiti|Fezandipiti, L50, M|100\/100\n|switch|p2b: Medicham|Medicham, L50, M|100\/100\n|-ability|p1a: Bubbles|Beads of Ruin\n|turn|1\n|\n|t:|1700895195\n|move|p1b: Will|Bleakwind Storm|p2a: Fezandipiti|[spread] p2a,p2b\n|-crit|p2a: Fezandipiti\n|-supereffective|p2b: Medicham\n|-damage|p2a: Fezandipiti|51\/100\n|-enditem|p2b: Medicham|Focus Sash\n|-damage|p2b: Medicham|1\/100\n|-unboost|p2b: Medicham|spe|1\n|move|p1a: Bubbles|Heat Wave|p2b: Medicham|[spread] p2a,p2b\n|-damage|p2a: Fezandipiti|13\/100\n|-damage|p2b: Medicham|0 fnt\n|faint|p2b: Medicham\n|move|p2a: Fezandipiti|Tailwind|p2a: Fezandipiti\n|-sidestart|p2: Spookz_Legend|move: Tailwind\n|\n|upkeep\n|\n|t:|1700895207\n|switch|p2b: Iron Bundle|Iron Bundle, L50|100\/100\n|turn|2\n|\n|t:|1700895245\n|move|p1a: Bubbles|Protect|p1a: Bubbles\n|-singleturn|p1a: Bubbles|Protect\n|move|p1b: Will|Tailwind|p1b: Will\n|-sidestart|p1: ThunderBall101|move: Tailwind\n|move|p2b: Iron Bundle|Freeze-Dry|p1b: Will\n|-supereffective|p1b: Will\n|-damage|p1b: Will|0 fnt\n|faint|p1b: Will\n|move|p2a: Fezandipiti|Poison Jab|p1a: Bubbles\n|-activate|p1a: Bubbles|move: Protect\n|\n|upkeep\n|\n|t:|1700895260\n|switch|p1b: Sashimi|Tatsugiri, L50, M|100\/100\n|turn|3\n|\n|t:|1700895285\n|move|p1b: Sashimi|Icy Wind|p2b: Iron Bundle|[spread] p2a,p2b\n|-resisted|p2b: Iron Bundle\n|-crit|p2b: Iron Bundle\n|-damage|p2a: Fezandipiti|0 fnt\n|-damage|p2b: Iron Bundle|87\/100\n|-unboost|p2b: Iron Bundle|spe|1\n|faint|p2a: Fezandipiti\n|move|p1a: Bubbles|Heat Wave|p2b: Iron Bundle\n|-damage|p2b: Iron Bundle|0 fnt\n|faint|p2b: Iron Bundle\n|-end|p2b: Iron Bundle|Quark Drive|[silent]\n|\n|upkeep\n|\n|t:|1700895294\n|switch|p2b: Trevenant|Trevenant, L50, M|100\/100\n|turn|4\n|\n|t:|1700895299\n|-terastallize|p2b: Trevenant|Dragon\n|move|p1b: Sashimi|Icy Wind|p2b: Trevenant\n|-supereffective|p2b: Trevenant\n|-crit|p2b: Trevenant\n|-damage|p2b: Trevenant|40\/100\n|-unboost|p2b: Trevenant|spe|1\n|-enditem|p2b: Trevenant|Sitrus Berry|[eat]\n|-heal|p2b: Trevenant|65\/100|[from] item: Sitrus Berry\n|move|p1a: Bubbles|Overheat|p2b: Trevenant\n|-resisted|p2b: Trevenant\n|-damage|p2b: Trevenant|23\/100\n|-unboost|p1a: Bubbles|spa|2\n|move|p2b: Trevenant|Leech Seed|p1a: Bubbles\n|-start|p1a: Bubbles|move: Leech Seed\n|\n|-damage|p1a: Bubbles|88\/100|[from] Leech Seed|[of] p2b: Trevenant\n|-heal|p2b: Trevenant|31\/100|[silent]\n|-sideend|p2: Spookz_Legend|move: Tailwind\n|upkeep\n|turn|5\n|\n|t:|1700895319\n|switch|p1a: Bonbozo|Dondozo, L50, F|100\/100\n|-activate|p1b: Sashimi|ability: Commander|[of] p1a: Bonbozo\n|-boost|p1a: Bonbozo|atk|2\n|-boost|p1a: Bonbozo|spa|2\n|-boost|p1a: Bonbozo|spe|2\n|-boost|p1a: Bonbozo|def|2\n|-boost|p1a: Bonbozo|spd|2\n|move|p2b: Trevenant|Protect||[still]\n|-fail|p2b: Trevenant\n|\n|-sideend|p1: ThunderBall101|move: Tailwind\n|-item|p2b: Trevenant|Sitrus Berry|[from] ability: Harvest\n|upkeep\n|-enditem|p2b: Trevenant|Sitrus Berry|[eat]\n|-heal|p2b: Trevenant|56\/100|[from] item: Sitrus Berry\n|turn|6\n|\n|t:|1700895329\n|-terastallize|p1a: Bonbozo|Steel\n|move|p1a: Bonbozo|Order Up|p2b: Trevenant\n|-supereffective|p2b: Trevenant\n|-damage|p2b: Trevenant|0 fnt\n|faint|p2b: Trevenant\n|\n|win|ThunderBall101\n|c|\u2606ThunderBall101|Ggs\n|c|\u2606Spookz_Legend|ggs\n|c|\u2606Spookz_Legend|why was there so much rng in3 games\n|l|\u2606ThunderBall101\n|l|\u2606Spookz_Legend\n|j|\u2606ThunderBall101\n|player|p1|ThunderBall101|wattson\n","uploadtime":1700895440,"views":15,"p1id":"thunderball101","p2id":"spookzlegend","formatid":"gen9vgc2023regulatione","rating":0,"private":0,"password":""}