{"id":"gen9vgc2023regulatione-1990823492","p1":"SwaseyVGC","p2":"LilithOfDarkness","format":"[Gen 9] VGC 2023 Regulation E","log":"|j|\u2606SwaseyVGC\n|j|\u203dLilithOfDarkness\n|t:|1700004515\n|gametype|doubles\n|player|p1|SwaseyVGC|265|1350\n|player|p2|LilithOfDarkness|roxie|1266\n|teamsize|p1|6\n|teamsize|p2|6\n|gen|9\n|tier|[Gen 9] VGC 2023 Regulation E\n|rated|\n|rule|Species Clause: Limit one of each Pok\u00e9mon\n|rule|Item Clause: Limit one of each item\n|clearpoke\n|poke|p1|Urshifu-*, L50, F|\n|poke|p1|Enamorus, L50, F|\n|poke|p1|Rillaboom, L50, M|\n|poke|p1|Roaring Moon, L50|\n|poke|p1|Arcanine-Hisui, L50, M|\n|poke|p1|Gholdengo, L50|\n|poke|p2|Chien-Pao, L50|\n|poke|p2|Dragapult, L50, M|\n|poke|p2|Amoonguss, L50, M|\n|poke|p2|Arcanine, L50, M|\n|poke|p2|Flutter Mane, L50|\n|poke|p2|Iron Hands, L50|\n|teampreview|4\nSwaseyVGC has agreed to open team sheets.\n|inactive|Battle timer is ON: inactive players will automatically lose when time's up. (requested by LilithOfDarkness)\n|\n|t:|1700004612\n|start\n|switch|p1a: Roaring Moon|Roaring Moon, L50|100\/100\n|switch|p1b: Arcanine|Arcanine-Hisui, L50, M|100\/100\n|switch|p2a: Dragapult|Dragapult, L50, M, shiny|100\/100\n|switch|p2b: Chien-Pao|Chien-Pao, L50|100\/100\n|-ability|p2b: Chien-Pao|Sword of Ruin\n|-ability|p1b: Arcanine|Intimidate|boost\n|-fail|p2a: Dragapult|unboost|[from] ability: Clear Body|[of] p2a: Dragapult\n|-unboost|p2b: Chien-Pao|atk|1\n|-enditem|p1a: Roaring Moon|Booster Energy\n|-activate|p1a: Roaring Moon|ability: Protosynthesis|[fromitem]\n|-start|p1a: Roaring Moon|protosynthesisspe\n|turn|1\n|\n|t:|1700004630\n|switch|p2a: Arcanine|Arcanine, L50, M|100\/100\n|-ability|p2a: Arcanine|Intimidate|boost\n|-unboost|p1a: Roaring Moon|atk|1\n|-unboost|p1b: Arcanine|atk|1\n|switch|p2b: Iron Hands|Iron Hands, L50, shiny|100\/100\n|move|p1a: Roaring Moon|Protect|p1a: Roaring Moon\n|-singleturn|p1a: Roaring Moon|Protect\n|move|p1b: Arcanine|Rock Slide|p2a: Arcanine|[spread] p2a,p2b\n|-supereffective|p2a: Arcanine\n|-resisted|p2b: Iron Hands\n|-crit|p2b: Iron Hands\n|-damage|p2a: Arcanine|38\/100\n|-damage|p2b: Iron Hands|83\/100\n|\n|upkeep\n|turn|2\n|inactive|SwaseyVGC has 30 seconds left.\n|\n|t:|1700004656\n|move|p2b: Iron Hands|Fake Out|p1b: Arcanine\n|-resisted|p1b: Arcanine\n|-damage|p1b: Arcanine|93\/100\n|move|p1a: Roaring Moon|Breaking Swipe|p2b: Iron Hands|[spread] p2a,p2b\n|-damage|p2a: Arcanine|19\/100\n|-damage|p2b: Iron Hands|74\/100\n|-unboost|p2a: Arcanine|atk|1\n|-unboost|p2b: Iron Hands|atk|1\n|move|p2a: Arcanine|Will-O-Wisp|p1a: Roaring Moon\n|-status|p1a: Roaring Moon|brn\n|cant|p1b: Arcanine|flinch\n|\n|-damage|p1a: Roaring Moon|94\/100 brn|[from] brn\n|upkeep\n|turn|3\n|\n|t:|1700004673\n|move|p1a: Roaring Moon|Breaking Swipe|p2a: Arcanine|[spread] p2a,p2b\n|-damage|p2a: Arcanine|11\/100\n|-damage|p2b: Iron Hands|70\/100\n|-unboost|p2a: Arcanine|atk|1\n|-unboost|p2b: Iron Hands|atk|1\n|move|p2a: Arcanine|Howl|p2a: Arcanine|[spread] p2a,p2b\n|-boost|p2a: Arcanine|atk|1\n|-boost|p2b: Iron Hands|atk|1\n|move|p1b: Arcanine|Rock Slide|p2b: Iron Hands|[spread] p2a,p2b\n|-supereffective|p2a: Arcanine\n|-resisted|p2b: Iron Hands\n|-damage|p2a: Arcanine|0 fnt\n|-damage|p2b: Iron Hands|61\/100\n|faint|p2a: Arcanine\n|move|p2b: Iron Hands|Drain Punch|p1b: Arcanine\n|-supereffective|p1b: Arcanine\n|-damage|p1b: Arcanine|37\/100\n|-heal|p2b: Iron Hands|83\/100|[from] drain|[of] p1b: Arcanine\n|\n|-damage|p1a: Roaring Moon|88\/100 brn|[from] brn\n|upkeep\n|\n|t:|1700004698\n|switch|p2a: Chien-Pao|Chien-Pao, L50|100\/100\n|-ability|p2a: Chien-Pao|Sword of Ruin\n|turn|4\n|\n|t:|1700004722\n|switch|p1b: Urshifu|Urshifu-Rapid-Strike, L50, F|100\/100\n|move|p2a: Chien-Pao|Protect|p2a: Chien-Pao\n|-singleturn|p2a: Chien-Pao|Protect\n|move|p1a: Roaring Moon|Tailwind|p1a: Roaring Moon\n|-sidestart|p1: SwaseyVGC|move: Tailwind\n|move|p2b: Iron Hands|Drain Punch|p1a: Roaring Moon\n|-supereffective|p1a: Roaring Moon\n|-damage|p1a: Roaring Moon|0 fnt\n|-heal|p2b: Iron Hands|100\/100|[from] drain|[of] p1a: Roaring Moon\n|faint|p1a: Roaring Moon\n|-end|p1a: Roaring Moon|Protosynthesis|[silent]\n|\n|upkeep\n|\n|t:|1700004732\n|switch|p1a: Arcanine|Arcanine-Hisui, L50, M|37\/100\n|-ability|p1a: Arcanine|Intimidate|boost\n|-unboost|p2a: Chien-Pao|atk|1\n|-unboost|p2b: Iron Hands|atk|1\n|turn|5\n|inactive|SwaseyVGC has 30 seconds left.\n|inactive|SwaseyVGC has 20 seconds left.\n|inactive|SwaseyVGC has 15 seconds left.\n|\n|t:|1700004781\n|-terastallize|p1b: Urshifu|Water\n|move|p2a: Chien-Pao|Sucker Punch|p1a: Arcanine\n|-damage|p1a: Arcanine|0 fnt\n|faint|p1a: Arcanine\n|-damage|p2a: Chien-Pao|91\/100|[from] item: Life Orb\n|move|p1b: Urshifu|Surging Strikes|p2b: Iron Hands\n|-crit|p2b: Iron Hands\n|-damage|p2b: Iron Hands|73\/100\n|-crit|p2b: Iron Hands\n|-damage|p2b: Iron Hands|47\/100\n|-crit|p2b: Iron Hands\n|-damage|p2b: Iron Hands|18\/100\n|-hitcount|p2b: Iron Hands|3\n|move|p2b: Iron Hands|Wild Charge|p1b: Urshifu\n|-supereffective|p1b: Urshifu\n|-damage|p1b: Urshifu|38\/100\n|-damage|p2b: Iron Hands|6\/100|[from] Recoil\n|\n|upkeep\n|\n|t:|1700004790\n|switch|p1a: Rillaboom|Rillaboom, L50, M|100\/100\n|-fieldstart|move: Grassy Terrain|[from] ability: Grassy Surge|[of] p1a: Rillaboom\n|turn|6\n|\n|t:|1700004807\n|-terastallize|p2a: Chien-Pao|Ghost\n|move|p1b: Urshifu|Detect|p1b: Urshifu\n|-singleturn|p1b: Urshifu|Protect\n|move|p1a: Rillaboom|Grassy Glide|p2b: Iron Hands\n|-damage|p2b: Iron Hands|0 fnt\n|faint|p2b: Iron Hands\n|-end|p2b: Iron Hands|Quark Drive|[silent]\n|move|p2a: Chien-Pao|Sucker Punch||[still]\n|-fail|p2a: Chien-Pao\n|\n|-heal|p1b: Urshifu|44\/100|[from] Grassy Terrain\n|-heal|p2a: Chien-Pao|97\/100|[from] Grassy Terrain\n|upkeep\n|\n|t:|1700004811\n|switch|p2b: Dragapult|Dragapult, L50, M, shiny|100\/100\n|turn|7\n|\n|t:|1700004829\n|move|p2a: Chien-Pao|Sucker Punch|p1b: Urshifu\n|-damage|p1b: Urshifu|2\/100\n|-damage|p2a: Chien-Pao|87\/100|[from] item: Life Orb\n|move|p1b: Urshifu|Surging Strikes|p2b: Dragapult\n|-resisted|p2b: Dragapult\n|-crit|p2b: Dragapult\n|-damage|p2b: Dragapult|71\/100\n|-resisted|p2b: Dragapult\n|-crit|p2b: Dragapult\n|-damage|p2b: Dragapult|44\/100\n|-resisted|p2b: Dragapult\n|-crit|p2b: Dragapult\n|-damage|p2b: Dragapult|17\/100\n|-hitcount|p2b: Dragapult|3\n|move|p1a: Rillaboom|Wood Hammer|p2b: Dragapult\n|-resisted|p2b: Dragapult\n|-damage|p2b: Dragapult|0 fnt\n|faint|p2b: Dragapult\n|-damage|p1a: Rillaboom|96\/100|[from] Recoil\n|\n|-heal|p1b: Urshifu|8\/100|[from] Grassy Terrain\n|-heal|p1a: Rillaboom|100\/100|[from] Grassy Terrain\n|-heal|p2a: Chien-Pao|93\/100|[from] Grassy Terrain\n|-sideend|p1: SwaseyVGC|move: Tailwind\n|upkeep\n|turn|8\n|\n|t:|1700004843\n|move|p1b: Urshifu|Aqua Jet|p2a: Chien-Pao\n|-damage|p2a: Chien-Pao|44\/100\n|move|p1a: Rillaboom|Grassy Glide|p2a: Chien-Pao\n|-damage|p2a: Chien-Pao|0 fnt\n|faint|p2a: Chien-Pao\n|\n|win|SwaseyVGC\n|raw|SwaseyVGC's rating: 1350 &rarr; <strong>1365<\/strong><br \/>(+15 for winning)\n|raw|LilithOfDarkness's rating: 1266 &rarr; <strong>1247<\/strong><br \/>(-19 for losing)\n|l|\u203dLilithOfDarkness\n","uploadtime":1700004860,"views":15,"p1id":"swaseyvgc","p2id":"lilithofdarkness","formatid":"gen9vgc2023regulatione","rating":1247,"private":0,"password":""}