{"id":"gen9vgc2023regulatione-1995827607","p1":"bobforte22","p2":"Somoral","format":"[Gen 9] VGC 2023 Regulation E","log":"|j|\u2606bobforte22\n|j|\u2606Somoral\n|t:|1700607101\n|gametype|doubles\n|player|p1|bobforte22|pilot|1180\n|player|p2|Somoral|bruno|1080\n|teamsize|p1|6\n|teamsize|p2|6\n|gen|9\n|tier|[Gen 9] VGC 2023 Regulation E\n|rated|\n|rule|Species Clause: Limit one of each Pok\u00e9mon\n|rule|Item Clause: Limit one of each item\n|clearpoke\n|poke|p1|Kingambit, L50, M|\n|poke|p1|Glaceon, L50, F|\n|poke|p1|Mimikyu, L50, M|\n|poke|p1|Rillaboom, L50, M|\n|poke|p1|Landorus-Therian, L50, M|\n|poke|p1|Volcarona, L50, M|\n|poke|p2|Ursaluna-Bloodmoon, L50, M|\n|poke|p2|Iron Bundle, L50|\n|poke|p2|Grafaiai, L50, M|\n|poke|p2|Iron Hands, L50|\n|poke|p2|Annihilape, L50, F|\n|poke|p2|Slowking, L50, F|\n|teampreview|4\n|inactive|Battle timer is ON: inactive players will automatically lose when time's up. (requested by Somoral)\n|inactive|bobforte22 has 60 seconds left.\n|\n|t:|1700607139\n|start\n|switch|p1a: Rillaboom|Rillaboom, L50, M|100\/100\n|switch|p1b: Mimikyu|Mimikyu, L50, M, shiny|100\/100\n|switch|p2a: Ursaluna|Ursaluna-Bloodmoon, L50, M|100\/100\n|switch|p2b: Iron Bundle|Iron Bundle, L50|100\/100\n|-fieldstart|move: Grassy Terrain|[from] ability: Grassy Surge|[of] p1a: Rillaboom\n|turn|1\n|inactive|bobforte22 has 30 seconds left.\n|\n|t:|1700607165\n|-terastallize|p2a: Ursaluna|Normal\n|move|p1a: Rillaboom|Grassy Glide|p2b: Iron Bundle\n|-supereffective|p2b: Iron Bundle\n|-damage|p2b: Iron Bundle|14\/100\n|move|p2b: Iron Bundle|Freeze-Dry|p1a: Rillaboom\n|-supereffective|p1a: Rillaboom\n|-damage|p1a: Rillaboom|0 fnt\n|faint|p1a: Rillaboom\n|move|p1b: Mimikyu|Swords Dance|p1b: Mimikyu\n|-boost|p1b: Mimikyu|atk|2\n|move|p2a: Ursaluna|Blood Moon|p1b: Mimikyu\n|-activate|p1b: Mimikyu|ability: Disguise\n|-damage|p1b: Mimikyu|100\/100\n|detailschange|p1b: Mimikyu|Mimikyu-Busted, L50, M, shiny\n|-damage|p1b: Mimikyu|88\/100|[from] pokemon: Mimikyu-Busted\n|\n|-heal|p2b: Iron Bundle|19\/100|[from] Grassy Terrain\n|-heal|p1b: Mimikyu|94\/100|[from] Grassy Terrain\n|upkeep\n|\n|t:|1700607182\n|switch|p1a: Kingambit|Kingambit, L50, M|100\/100\n|turn|2\n|\n|t:|1700607192\n|move|p1a: Kingambit|Sucker Punch|p2b: Iron Bundle\n|-damage|p2b: Iron Bundle|0 fnt\n|faint|p2b: Iron Bundle\n|-end|p2b: Iron Bundle|Quark Drive|[silent]\n|move|p1b: Mimikyu|Play Rough|p2a: Ursaluna\n|-crit|p2a: Ursaluna\n|-damage|p2a: Ursaluna|29\/100\n|-damage|p1b: Mimikyu|84\/100|[from] item: Life Orb\n|move|p2a: Ursaluna|Earth Power|p1a: Kingambit\n|-supereffective|p1a: Kingambit\n|-damage|p1a: Kingambit|46\/100\n|\n|-heal|p1b: Mimikyu|91\/100|[from] Grassy Terrain\n|-heal|p2a: Ursaluna|35\/100|[from] Grassy Terrain\n|-heal|p1a: Kingambit|52\/100|[from] Grassy Terrain\n|upkeep\n|\n|t:|1700607201\n|switch|p2b: Iron Hands|Iron Hands, L50|100\/100\n|turn|3\n|\n|t:|1700607216\n|move|p1a: Kingambit|Sucker Punch|p2a: Ursaluna\n|-damage|p2a: Ursaluna|8\/100\n|move|p1b: Mimikyu|Play Rough|p2b: Iron Hands\n|-supereffective|p2b: Iron Hands\n|-damage|p2b: Iron Hands|17\/100\n|-damage|p1b: Mimikyu|81\/100|[from] item: Life Orb\n|move|p2a: Ursaluna|Earth Power|p1a: Kingambit\n|-supereffective|p1a: Kingambit\n|-damage|p1a: Kingambit|0 fnt\n|faint|p1a: Kingambit\n|move|p2b: Iron Hands|Drain Punch|p1b: Mimikyu\n|-immune|p1b: Mimikyu\n|\n|-heal|p1b: Mimikyu|87\/100|[from] Grassy Terrain\n|-heal|p2b: Iron Hands|23\/100|[from] Grassy Terrain\n|-heal|p2a: Ursaluna|14\/100|[from] Grassy Terrain\n|upkeep\n|\n|t:|1700607229\n|switch|p1a: Volcarona|Volcarona, L50, M|100\/100\n|turn|4\n|\n|t:|1700607245\n|move|p1b: Mimikyu|Shadow Claw|p2b: Iron Hands\n|-damage|p2b: Iron Hands|0 fnt\n|faint|p2b: Iron Hands\n|-end|p2b: Iron Hands|Quark Drive|[silent]\n|-damage|p1b: Mimikyu|77\/100|[from] item: Life Orb\n|move|p1a: Volcarona|Fiery Dance|p2a: Ursaluna\n|-damage|p2a: Ursaluna|0 fnt\n|-boost|p1a: Volcarona|spa|1\n|faint|p2a: Ursaluna\n|\n|-heal|p1b: Mimikyu|83\/100|[from] Grassy Terrain\n|upkeep\n|\n|t:|1700607258\n|switch|p2a: Slowking|Slowking, L50, F|100\/100\n|turn|5\n|\n|t:|1700607268\n|-terastallize|p1a: Volcarona|Water\n|move|p1b: Mimikyu|Shadow Claw|p2a: Slowking\n|-supereffective|p2a: Slowking\n|-crit|p2a: Slowking\n|-damage|p2a: Slowking|0 fnt\n|faint|p2a: Slowking\n|-damage|p1b: Mimikyu|73\/100|[from] item: Life Orb\n|\n|win|bobforte22\n|raw|bobforte22's rating: 1180 &rarr; <strong>1198<\/strong><br \/>(+18 for winning)\n|raw|Somoral's rating: 1080 &rarr; <strong>1064<\/strong><br \/>(-16 for losing)\n|l|\u2606Somoral\n","uploadtime":1700607278,"views":4,"p1id":"bobforte22","p2id":"somoral","formatid":"gen9vgc2023regulatione","rating":1064,"private":0,"password":""}