{"id":"gen9vgc2023regulatione-1991366830","p1":"LasPruebitas","p2":"Glitzky","format":"[Gen 9] VGC 2023 Regulation E","log":"|j|\u2606LasPruebitas\n|j|\u2606Glitzky\n|t:|1700071180\n|gametype|doubles\n|player|p1|LasPruebitas|dragontamer|1365\n|player|p2|Glitzky|fisherman-gen4|1390\n|teamsize|p1|6\n|teamsize|p2|6\n|gen|9\n|tier|[Gen 9] VGC 2023 Regulation E\n|rated|\n|rule|Species Clause: Limit one of each Pok\u00e9mon\n|rule|Item Clause: Limit one of each item\n|clearpoke\n|poke|p1|Landorus-Therian, L50, M|\n|poke|p1|Iron Hands, L50|\n|poke|p1|Chi-Yu, L50|\n|poke|p1|Flutter Mane, L50|\n|poke|p1|Tornadus, L50, M|\n|poke|p1|Amoonguss, L50, F|\n|poke|p2|Arcanine-Hisui, L50, F|\n|poke|p2|Tornadus, L50, M|\n|poke|p2|Urshifu-*, L50, F|\n|poke|p2|Iron Hands, L50|\n|poke|p2|Flutter Mane, L50|\n|poke|p2|Chien-Pao, L50|\n|teampreview|4\n|inactive|Battle timer is ON: inactive players will automatically lose when time's up. (requested by Glitzky)\n|inactive|LasPruebitas also wants the timer to be on.\n|inactive|LasPruebitas has 60 seconds left.\n|inactive|LasPruebitas has 30 seconds left.\n|inactive|LasPruebitas has 20 seconds left.\n|inactive|LasPruebitas has 15 seconds left.\n|\n|t:|1700071255\n|start\n|switch|p1a: Tornadus|Tornadus, L50, M|100\/100\n|switch|p1b: Chi-Yu|Chi-Yu, L50|100\/100\n|switch|p2a: Urshifu|Urshifu-Rapid-Strike, L50, F|100\/100\n|switch|p2b: Iron Hands|Iron Hands, L50|100\/100\n|-ability|p1b: Chi-Yu|Beads of Ruin\n|turn|1\n|\n|t:|1700071276\n|switch|p1b: Iron Hands|Iron Hands, L50|100\/100\n|move|p2a: Urshifu|U-turn|p1a: Tornadus\n|-resisted|p1a: Tornadus\n|-damage|p1a: Tornadus|89\/100\n|\n|t:|1700071281\n|switch|p2a: Arcanine|Arcanine-Hisui, L50, F|100\/100|[from] U-turn\n|-ability|p2a: Arcanine|Intimidate|boost\n|-unboost|p1a: Tornadus|atk|1\n|-unboost|p1b: Iron Hands|atk|1\n|move|p1a: Tornadus|Bleakwind Storm|p2b: Iron Hands|[spread] p2a\n|-miss|p1a: Tornadus|p2b: Iron Hands\n|-resisted|p2a: Arcanine\n|-damage|p2a: Arcanine|82\/100\n|move|p2b: Iron Hands|Drain Punch|p1b: Iron Hands\n|-damage|p1b: Iron Hands|71\/100\n|\n|upkeep\n|turn|2\n|\n|t:|1700071305\n|switch|p2a: Urshifu|Urshifu-Rapid-Strike, L50, F|100\/100\n|move|p1a: Tornadus|Tailwind|p1a: Tornadus\n|-sidestart|p1: LasPruebitas|move: Tailwind\n|move|p1b: Iron Hands|Drain Punch|p2a: Urshifu\n|-crit|p2a: Urshifu\n|-damage|p2a: Urshifu|30\/100\n|-heal|p1b: Iron Hands|98\/100|[from] drain|[of] p2a: Urshifu\n|move|p2b: Iron Hands|Wild Charge|p1a: Tornadus\n|-supereffective|p1a: Tornadus\n|-damage|p1a: Tornadus|4\/100\n|-damage|p2b: Iron Hands|85\/100|[from] Recoil\n|\n|upkeep\n|turn|3\n|\n|t:|1700071326\n|move|p2a: Urshifu|Aqua Jet|p1a: Tornadus\n|-damage|p1a: Tornadus|0 fnt\n|faint|p1a: Tornadus\n|move|p1b: Iron Hands|Drain Punch|p2b: Iron Hands\n|-damage|p2b: Iron Hands|66\/100\n|-heal|p1b: Iron Hands|100\/100|[from] drain|[of] p2b: Iron Hands\n|move|p2b: Iron Hands|Drain Punch|p1b: Iron Hands\n|-damage|p1b: Iron Hands|72\/100\n|-heal|p2b: Iron Hands|81\/100|[from] drain|[of] p1b: Iron Hands\n|\n|upkeep\n|\n|t:|1700071340\n|switch|p1a: Flutter Mane|Flutter Mane, L50|100\/100\n|-enditem|p1a: Flutter Mane|Booster Energy\n|-activate|p1a: Flutter Mane|ability: Protosynthesis|[fromitem]\n|-start|p1a: Flutter Mane|protosynthesisspa\n|turn|4\n|\n|t:|1700071361\n|-terastallize|p2b: Iron Hands|Fire\n|move|p2a: Urshifu|Aqua Jet|p1a: Flutter Mane\n|-damage|p1a: Flutter Mane|68\/100\n|move|p1a: Flutter Mane|Dazzling Gleam|p2a: Urshifu|[spread] p2a,p2b\n|-supereffective|p2a: Urshifu\n|-crit|p2a: Urshifu\n|-resisted|p2b: Iron Hands\n|-damage|p2a: Urshifu|0 fnt\n|-damage|p2b: Iron Hands|71\/100\n|faint|p2a: Urshifu\n|move|p1b: Iron Hands|Drain Punch|p2b: Iron Hands\n|-damage|p2b: Iron Hands|49\/100\n|-heal|p1b: Iron Hands|83\/100|[from] drain|[of] p2b: Iron Hands\n|move|p2b: Iron Hands|Heavy Slam|p1a: Flutter Mane\n|-supereffective|p1a: Flutter Mane\n|-damage|p1a: Flutter Mane|0 fnt\n|faint|p1a: Flutter Mane\n|-end|p1a: Flutter Mane|Protosynthesis|[silent]\n|\n|upkeep\n|\n|t:|1700071377\n|switch|p1a: Chi-Yu|Chi-Yu, L50|100\/100\n|switch|p2a: Chien-Pao|Chien-Pao, L50|100\/100\n|-ability|p1a: Chi-Yu|Beads of Ruin\n|-ability|p2a: Chien-Pao|Sword of Ruin\n|turn|5\n|inactive|LasPruebitas has 30 seconds left.\n|\n|t:|1700071410\n|move|p2a: Chien-Pao|Protect|p2a: Chien-Pao\n|-singleturn|p2a: Chien-Pao|Protect\n|move|p2b: Iron Hands|Fake Out||[still]\n|-hint|Fake Out only works on your first turn out.\n|-fail|p2b: Iron Hands\n|move|p1a: Chi-Yu|Dark Pulse|p2b: Iron Hands\n|-damage|p2b: Iron Hands|7\/100\n|move|p1b: Iron Hands|Drain Punch|p2a: Chien-Pao\n|-activate|p2a: Chien-Pao|move: Protect\n|\n|-sideend|p1: LasPruebitas|move: Tailwind\n|upkeep\n|turn|6\n|c|\u2606Glitzky|turns out hands has been on the field lmao\n|inactive|Glitzky has 30 seconds left.\n|inactive|Glitzky has 20 seconds left.\n|\n|t:|1700071447\n|-terastallize|p1a: Chi-Yu|Dragon\n|move|p2a: Chien-Pao|Ice Spinner|p1b: Iron Hands\n|-damage|p1b: Iron Hands|47\/100\n|move|p1a: Chi-Yu|Dark Pulse|p2b: Iron Hands\n|-damage|p2b: Iron Hands|0 fnt\n|faint|p2b: Iron Hands\n|-end|p2b: Iron Hands|Quark Drive|[silent]\n|move|p1b: Iron Hands|Drain Punch|p2a: Chien-Pao\n|-supereffective|p2a: Chien-Pao\n|-enditem|p2a: Chien-Pao|Focus Sash\n|-damage|p2a: Chien-Pao|1\/100\n|-heal|p1b: Iron Hands|79\/100|[from] drain|[of] p2a: Chien-Pao\n|\n|upkeep\n|\n|t:|1700071454\n|switch|p2b: Arcanine|Arcanine-Hisui, L50, F|82\/100\n|-ability|p2b: Arcanine|Intimidate|boost\n|-unboost|p1a: Chi-Yu|atk|1\n|-unboost|p1b: Iron Hands|atk|1\n|turn|7\n|\n|t:|1700071471\n|move|p2a: Chien-Pao|Ice Spinner|p1a: Chi-Yu\n|-supereffective|p1a: Chi-Yu\n|-damage|p1a: Chi-Yu|0 fnt\n|faint|p1a: Chi-Yu\n|move|p2b: Arcanine|Flare Blitz|p1b: Iron Hands\n|-damage|p1b: Iron Hands|0 fnt\n|faint|p1b: Iron Hands\n|-end|p1b: Iron Hands|Quark Drive|[silent]\n|-damage|p2b: Arcanine|47\/100|[from] Recoil\n|\n|win|Glitzky\n|raw|LasPruebitas's rating: 1365 &rarr; <strong>1346<\/strong><br \/>(-19 for losing)\n|raw|Glitzky's rating: 1390 &rarr; <strong>1409<\/strong><br \/>(+19 for winning)\n","uploadtime":1700071479,"views":16,"p1id":"laspruebitas","p2id":"glitzky","formatid":"gen9vgc2023regulatione","rating":1346,"private":0,"password":""}