{"id":"gen9vgc2023regulatione-2000395323","p1":"ItemIsYas","p2":"Lvl4Metapod","format":"[Gen 9] VGC 2023 Regulation E","log":"|j|\u2606ItemIsYas\n|j|\u2606Lvl4Metapod\n|t:|1701191226\n|gametype|doubles\n|player|p1|ItemIsYas|266|1326\n|player|p2|Lvl4Metapod|170|1419\n|teamsize|p1|6\n|teamsize|p2|6\n|gen|9\n|tier|[Gen 9] VGC 2023 Regulation E\n|rated|\n|rule|Species Clause: Limit one of each Pok\u00e9mon\n|rule|Item Clause: Limit one of each item\n|clearpoke\n|poke|p1|Urshifu-*, L50, M|\n|poke|p1|Iron Bundle, L50|\n|poke|p1|Rillaboom, L50, F|\n|poke|p1|Arcanine-Hisui, L50, F|\n|poke|p1|Flutter Mane, L50|\n|poke|p1|Zapdos, L50|\n|poke|p2|Roaring Moon, L50|\n|poke|p2|Empoleon, L50, F|\n|poke|p2|Sinistcha, L50|\n|poke|p2|Iron Hands, L50|\n|poke|p2|Landorus, L50, M|\n|poke|p2|Ogerpon-Hearthflame, L50, F|\n|teampreview|4\nLvl4Metapod has agreed to open team sheets.\n|inactive|Battle timer is ON: inactive players will automatically lose when time's up. (requested by ItemIsYas)\n|\n|t:|1701191256\n|start\n|switch|p1a: Urshifu|Urshifu, L50, M|100\/100\n|switch|p1b: Iron Bundle|Iron Bundle, L50|100\/100\n|switch|p2a: Roaring Moon|Roaring Moon, L50|100\/100\n|switch|p2b: Empoleon|Empoleon, L50, F|100\/100\n|-enditem|p1b: Iron Bundle|Booster Energy\n|-activate|p1b: Iron Bundle|ability: Quark Drive|[fromitem]\n|-start|p1b: Iron Bundle|quarkdrivespe\n|-enditem|p2a: Roaring Moon|Booster Energy\n|-activate|p2a: Roaring Moon|ability: Protosynthesis|[fromitem]\n|-start|p2a: Roaring Moon|protosynthesisspe\n|turn|1\n|inactive|Lvl4Metapod has 30 seconds left.\n|inactive|Lvl4Metapod has 20 seconds left.\n|inactive|Lvl4Metapod has 15 seconds left.\n|\n|t:|1701191300\n|-terastallize|p1a: Urshifu|Poison\n|move|p1b: Iron Bundle|Icy Wind|p2b: Empoleon|[spread] p2a,p2b\n|-supereffective|p2a: Roaring Moon\n|-resisted|p2b: Empoleon\n|-damage|p2a: Roaring Moon|63\/100\n|-damage|p2b: Empoleon|96\/100\n|-unboost|p2a: Roaring Moon|spe|1\n|-unboost|p2b: Empoleon|spe|1\n|-ability|p2b: Empoleon|Competitive|boost\n|-boost|p2b: Empoleon|spa|2\n|move|p2a: Roaring Moon|Tailwind|p2a: Roaring Moon\n|-sidestart|p2: Lvl4Metapod|move: Tailwind\n|move|p1a: Urshifu|Wicked Blow|p2b: Empoleon\n|-crit|p2b: Empoleon\n|-damage|p2b: Empoleon|4\/100\n|-enditem|p2b: Empoleon|Sitrus Berry|[eat]\n|-heal|p2b: Empoleon|29\/100|[from] item: Sitrus Berry\n|move|p2b: Empoleon|Yawn|p1b: Iron Bundle\n|-start|p1b: Iron Bundle|move: Yawn|[of] p2b: Empoleon\n|\n|upkeep\n|turn|2\n|inactive|Lvl4Metapod has 30 seconds left.\n|inactive|Lvl4Metapod has 20 seconds left.\n|\n|t:|1701191338\n|switch|p2b: Iron Hands|Iron Hands, L50|100\/100\n|move|p2a: Roaring Moon|Knock Off|p1a: Urshifu\n|-damage|p1a: Urshifu|58\/100\n|-enditem|p1a: Urshifu|Choice Band|[from] move: Knock Off|[of] p2a: Roaring Moon\n|move|p1b: Iron Bundle|Freeze-Dry|p2a: Roaring Moon\n|-supereffective|p2a: Roaring Moon\n|-damage|p2a: Roaring Moon|0 fnt\n|faint|p2a: Roaring Moon\n|-end|p2a: Roaring Moon|Protosynthesis|[silent]\n|move|p1a: Urshifu|Wicked Blow|p2b: Iron Hands\n|-resisted|p2b: Iron Hands\n|-crit|p2b: Iron Hands\n|-damage|p2b: Iron Hands|79\/100\n|\n|-end|p1b: Iron Bundle|move: Yawn|[silent]\n|-status|p1b: Iron Bundle|slp\n|upkeep\n|\n|t:|1701191352\n|switch|p2a: Empoleon|Empoleon, L50, F|29\/100\n|turn|3\n|\n|t:|1701191367\n|switch|p1a: Flutter Mane|Flutter Mane, L50|100\/100\n|cant|p1b: Iron Bundle|slp\n|move|p2b: Iron Hands|Fake Out|p1a: Flutter Mane\n|-immune|p1a: Flutter Mane\n|move|p2a: Empoleon|Brine|p1a: Flutter Mane\n|-damage|p1a: Flutter Mane|70\/100\n|\n|upkeep\n|turn|4\n|inactive|ItemIsYas has 30 seconds left.\n|inactive|Lvl4Metapod has 30 seconds left.\n|inactive|Lvl4Metapod has 20 seconds left.\n|\n|t:|1701191403\n|-terastallize|p2b: Iron Hands|Ice\n|-curestatus|p1b: Iron Bundle|slp|[msg]\n|move|p1b: Iron Bundle|Protect|p1b: Iron Bundle\n|-singleturn|p1b: Iron Bundle|Protect\n|move|p1a: Flutter Mane|Moonblast|p2b: Iron Hands\n|-damage|p2b: Iron Hands|34\/100\n|move|p2a: Empoleon|Flash Cannon|p1a: Flutter Mane\n|-supereffective|p1a: Flutter Mane\n|-damage|p1a: Flutter Mane|0 fnt\n|faint|p1a: Flutter Mane\n|-end|p1a: Flutter Mane|Protosynthesis|[silent]\n|move|p2b: Iron Hands|Drain Punch|p1b: Iron Bundle\n|-activate|p1b: Iron Bundle|move: Protect\n|\n|-sideend|p2: Lvl4Metapod|move: Tailwind\n|upkeep\n|\n|t:|1701191418\n|switch|p1a: Urshifu|Urshifu, L50, M, tera:Poison|58\/100\n|turn|5\n|\n|t:|1701191443\n|move|p1b: Iron Bundle|Hydro Pump|p2b: Iron Hands\n|-damage|p2b: Iron Hands|3\/100\n|move|p1a: Urshifu|Wicked Blow|p2a: Empoleon\n|-crit|p2a: Empoleon\n|-damage|p2a: Empoleon|0 fnt\n|faint|p2a: Empoleon\n|move|p2b: Iron Hands|Drain Punch|p1b: Iron Bundle\n|-supereffective|p1b: Iron Bundle\n|-crit|p1b: Iron Bundle\n|-damage|p1b: Iron Bundle|0 fnt\n|-heal|p2b: Iron Hands|31\/100|[from] drain|[of] p1b: Iron Bundle\n|faint|p1b: Iron Bundle\n|-end|p1b: Iron Bundle|Quark Drive|[silent]\n|\n|upkeep\n|\n|t:|1701191456\n|switch|p1b: Arcanine|Arcanine-Hisui, L50, F|100\/100\n|switch|p2a: Landorus|Landorus, L50, M|100\/100\n|-ability|p1b: Arcanine|Intimidate|boost\n|-unboost|p2a: Landorus|atk|1\n|-unboost|p2b: Iron Hands|atk|1\n|turn|6\n|\n|t:|1701191476\n|move|p1a: Urshifu|Sucker Punch|p2a: Landorus\n|-damage|p2a: Landorus|56\/100\n|move|p2a: Landorus|Sandsear Storm|p1a: Urshifu|[spread] p1a,p1b\n|-supereffective|p1a: Urshifu\n|-supereffective|p1b: Arcanine\n|-damage|p1a: Urshifu|0 fnt\n|-damage|p1b: Arcanine|0 fnt\n|faint|p1a: Urshifu\n|faint|p1b: Arcanine\n|\n|win|Lvl4Metapod\n|raw|ItemIsYas's rating: 1326 &rarr; <strong>1311<\/strong><br \/>(-15 for losing)\n|raw|Lvl4Metapod's rating: 1419 &rarr; <strong>1434<\/strong><br \/>(+15 for winning)\n|l|\u2606ItemIsYas\n","uploadtime":1701191487,"views":6,"p1id":"itemisyas","p2id":"lvl4metapod","formatid":"gen9vgc2023regulatione","rating":1311,"private":0,"password":""}