{"id":"gen9vgc2023regulatione-1989823632","p1":"BlueJayX2","p2":"Kurepto","format":"[Gen 9] VGC 2023 Regulation E","log":"|j|\u2606BlueJayX2\n|j|\u2606Kurepto\n|t:|1699898756\n|gametype|doubles\n|player|p1|BlueJayX2|marley|1093\n|player|p2|Kurepto|102|1035\n|teamsize|p1|6\n|teamsize|p2|6\n|gen|9\n|tier|[Gen 9] VGC 2023 Regulation E\n|rated|\n|rule|Species Clause: Limit one of each Pok\u00e9mon\n|rule|Item Clause: Limit one of each item\n|clearpoke\n|poke|p1|Sableye, L50, F|\n|poke|p1|Gyarados, L50, F|\n|poke|p1|Maushold-Four, L50|\n|poke|p1|Iron Treads, L50|\n|poke|p1|Salamence, L50, M|\n|poke|p1|Clodsire, L50, F|\n|poke|p2|Decidueye-Hisui, L50, M|\n|poke|p2|Hatterene, L50, F|\n|poke|p2|Farigiraf, L50, F|\n|poke|p2|Orthworm, L50, M|\n|poke|p2|Ceruledge, L50, M|\n|poke|p2|Greninja-*, L50, M|\n|teampreview|4\n|inactive|Battle timer is ON: inactive players will automatically lose when time's up. (requested by BlueJayX2)\nKurepto has agreed to open team sheets.\n|inactive|BlueJayX2 has 60 seconds left.\n|\n|t:|1699898800\n|start\n|switch|p1a: Sableye|Sableye, L50, F|100\/100\n|switch|p1b: Iron Treads|Iron Treads, L50|100\/100\n|switch|p2a: Hatterene|Hatterene, L50, F, shiny|100\/100\n|switch|p2b: Farigiraf|Farigiraf, L50, F|100\/100\n|turn|1\n|\n|t:|1699898824\n|-terastallize|p1b: Iron Treads|Bug\n|-terastallize|p2a: Hatterene|Steel\n|move|p1b: Iron Treads|Megahorn|p2b: Farigiraf\n|-supereffective|p2b: Farigiraf\n|-damage|p2b: Farigiraf|0 fnt\n|-damage|p1b: Iron Treads|84\/100|[from] item: Rocky Helmet|[of] p2b: Farigiraf\n|faint|p2b: Farigiraf\n|move|p2a: Hatterene|Dazzling Gleam|p1b: Iron Treads|[spread] p1a,p1b\n|-supereffective|p1a: Sableye\n|-damage|p1a: Sableye|4\/100\n|-damage|p1b: Iron Treads|17\/100\n|-damage|p2a: Hatterene|91\/100|[from] item: Life Orb\n|move|p1a: Sableye|Snarl|p2a: Hatterene\n|-damage|p2a: Hatterene|74\/100\n|-unboost|p2a: Hatterene|spa|1\n|\n|upkeep\n|\n|t:|1699898846\n|switch|p2b: Decidueye|Decidueye-Hisui, L50, M|100\/100\n|turn|2\n|\n|t:|1699898867\n|switch|p2b: Ceruledge|Ceruledge, L50, M|100\/100\n|move|p1a: Sableye|Trick|p2b: Ceruledge\n|-activate|p1a: Sableye|move: Trick|[of] p2b: Ceruledge\n|-item|p2b: Ceruledge|Lagging Tail|[from] move: Trick\n|-item|p1a: Sableye|Focus Sash|[from] move: Trick\n|move|p1b: Iron Treads|Megahorn|p2b: Ceruledge\n|-resisted|p2b: Ceruledge\n|-damage|p2b: Ceruledge|66\/100\n|move|p2a: Hatterene|Dazzling Gleam|p1b: Iron Treads|[spread] p1a,p1b\n|-supereffective|p1a: Sableye\n|-damage|p1a: Sableye|0 fnt\n|-damage|p1b: Iron Treads|0 fnt\n|faint|p1a: Sableye\n|faint|p1b: Iron Treads\n|-end|p1b: Iron Treads|Quark Drive|[silent]\n|-damage|p2a: Hatterene|64\/100|[from] item: Life Orb\n|\n|upkeep\n|\n|t:|1699898883\n|switch|p1b: Gyarados|Gyarados, L50, F|100\/100\n|switch|p1a: Clodsire|Clodsire, L50, F|100\/100\n|turn|3\n|\n|t:|1699898900\n|switch|p2b: Decidueye|Decidueye-Hisui, L50, M|100\/100\n|move|p1b: Gyarados|Earthquake|p2b: Decidueye|[spread] p1a,p2a,p2b\n|-supereffective|p1a: Clodsire\n|-supereffective|p2a: Hatterene\n|-resisted|p2b: Decidueye\n|-damage|p1a: Clodsire|41\/100\n|-damage|p2a: Hatterene|0 fnt\n|-damage|p2b: Decidueye|83\/100\n|faint|p2a: Hatterene\n|-ability|p1b: Gyarados|Moxie|boost\n|-boost|p1b: Gyarados|atk|1\n|move|p1a: Clodsire|Recover|p1a: Clodsire\n|-heal|p1a: Clodsire|91\/100\n|\n|-heal|p1a: Clodsire|97\/100|[from] item: Black Sludge\n|upkeep\n|\n|t:|1699898912\n|switch|p2a: Ceruledge|Ceruledge, L50, M|66\/100\n|turn|4\n|\n|t:|1699898935\n|move|p1b: Gyarados|Earthquake|p2b: Decidueye|[spread] p1a,p2a,p2b\n|-supereffective|p1a: Clodsire\n|-supereffective|p2a: Ceruledge\n|-resisted|p2b: Decidueye\n|-damage|p1a: Clodsire|15\/100\n|-damage|p2a: Ceruledge|0 fnt\n|-damage|p2b: Decidueye|61\/100\n|faint|p2a: Ceruledge\n|-ability|p1b: Gyarados|Moxie|boost\n|-boost|p1b: Gyarados|atk|1\n|move|p2b: Decidueye|Leaf Blade|p1b: Gyarados\n|-damage|p1b: Gyarados|11\/100\n|move|p1a: Clodsire|Poison Jab|p2b: Decidueye\n|-supereffective|p2b: Decidueye\n|-damage|p2b: Decidueye|2\/100\n|\n|-heal|p1a: Clodsire|21\/100|[from] item: Black Sludge\n|upkeep\n|turn|5\n|\n|t:|1699898956\n|move|p1b: Gyarados|Waterfall|p2b: Decidueye\n|-resisted|p2b: Decidueye\n|-damage|p2b: Decidueye|0 fnt\n|faint|p2b: Decidueye\n|\n|win|BlueJayX2\n|raw|BlueJayX2's rating: 1093 &rarr; <strong>1115<\/strong><br \/>(+22 for winning)\n|raw|Kurepto's rating: 1035 &rarr; <strong>1022<\/strong><br \/>(-13 for losing)\n|l|\u2606Kurepto\n|c|\u2606BlueJayX2|Gg\n","uploadtime":1699898974,"views":16,"p1id":"bluejayx2","p2id":"kurepto","formatid":"gen9vgc2023regulatione","rating":1022,"private":0,"password":""}