{"id":"gen9vgc2023regulatione-1990408292","p1":"ColeAnimatesStuff","p2":"wddfb1","format":"[Gen 9] VGC 2023 Regulation E","log":"|j|\u203dColeAnimatesStuff\n|j|\u2606wddfb1\n|t:|1699967897\n|gametype|doubles\n|player|p1|ColeAnimatesStuff|cheryl|1000\n|player|p2|wddfb1|elesa|1049\n|teamsize|p1|6\n|teamsize|p2|6\n|gen|9\n|tier|[Gen 9] VGC 2023 Regulation E\n|rated|\n|rule|Species Clause: Limit one of each Pok\u00e9mon\n|rule|Item Clause: Limit one of each item\n|clearpoke\n|poke|p1|Iron Hands, L50|\n|poke|p1|Gholdengo, L50|\n|poke|p1|Basculegion, L50, M|\n|poke|p1|Tornadus, L50, M|\n|poke|p1|Farigiraf, L50, M|\n|poke|p1|Rillaboom, L50, M|\n|poke|p2|Tornadus, L50, M|\n|poke|p2|Urshifu-*, L50, F|\n|poke|p2|Landorus-Therian, L50, M|\n|poke|p2|Arcanine-Hisui, L50, F|\n|poke|p2|Iron Hands, L50|\n|poke|p2|Flutter Mane, L50|\n|teampreview|4\n|\n|t:|1699967919\n|start\n|switch|p1a: Iron Hands|Iron Hands, L50, shiny|100\/100\n|switch|p1b: Tornadus|Tornadus, L50, M|100\/100\n|switch|p2a: Tornadus|Tornadus, L50, M, shiny|100\/100\n|switch|p2b: Urshifu|Urshifu-Rapid-Strike, L50, F|100\/100\n|turn|1\n|\n|t:|1699967944\n|move|p1a: Iron Hands|Fake Out|p2b: Urshifu\n|-damage|p2b: Urshifu|88\/100\n|move|p1b: Tornadus|Taunt|p2a: Tornadus\n|-start|p2a: Tornadus|move: Taunt\n|move|p2a: Tornadus|Bleakwind Storm|p1a: Iron Hands|[spread] p1a,p1b\n|-damage|p1a: Iron Hands|68\/100\n|-damage|p1b: Tornadus|62\/100\n|cant|p2b: Urshifu|flinch\n|\n|upkeep\n|turn|2\n|\n|t:|1699967984\n|switch|p2a: Landorus|Landorus-Therian, L50, M, shiny|100\/100\n|-ability|p2a: Landorus|Intimidate|boost\n|-unboost|p1a: Iron Hands|atk|1\n|-unboost|p1b: Tornadus|atk|1\n|move|p1b: Tornadus|Tailwind|p1b: Tornadus\n|-sidestart|p1: ColeAnimatesStuff|move: Tailwind\n|move|p1a: Iron Hands|Heavy Slam|p2b: Urshifu\n|-resisted|p2b: Urshifu\n|-damage|p2b: Urshifu|79\/100\n|move|p2b: Urshifu|Surging Strikes|p1a: Iron Hands\n|-crit|p1a: Iron Hands\n|-damage|p1a: Iron Hands|50\/100\n|-crit|p1a: Iron Hands\n|-damage|p1a: Iron Hands|33\/100\n|-crit|p1a: Iron Hands\n|-damage|p1a: Iron Hands|17\/100\n|-hitcount|p1a: Iron Hands|3\n|\n|upkeep\n|turn|3\n|\n|t:|1699968011\n|-end|p1a: Iron Hands|Quark Drive|[silent]\n|switch|p1a: Basculegion|Basculegion, L50, M|100\/100\n|move|p1b: Tornadus|Rain Dance|p1b: Tornadus\n|-weather|RainDance\n|move|p2a: Landorus|U-turn|p1a: Basculegion\n|-resisted|p1a: Basculegion\n|-damage|p1a: Basculegion|83\/100\n|\n|t:|1699968027\n|switch|p2a: Arcanine|Arcanine-Hisui, L50, F, shiny|100\/100|[from] U-turn\n|-ability|p2a: Arcanine|Intimidate|boost\n|-unboost|p1a: Basculegion|atk|1\n|-unboost|p1b: Tornadus|atk|1\n|move|p2b: Urshifu|Surging Strikes|p1b: Tornadus\n|-crit|p1b: Tornadus\n|-damage|p1b: Tornadus|10\/100\n|-crit|p1b: Tornadus\n|-damage|p1b: Tornadus|0 fnt\n|faint|p1b: Tornadus\n|-hitcount|p1: Tornadus|2\n|\n|-weather|RainDance|[upkeep]\n|upkeep\n|\n|t:|1699968043\n|switch|p1b: Iron Hands|Iron Hands, L50, shiny|17\/100\n|turn|4\n|\n|t:|1699968073\n|switch|p2a: Landorus|Landorus-Therian, L50, M, shiny|100\/100\n|-ability|p2a: Landorus|Intimidate|boost\n|-unboost|p1a: Basculegion|atk|1\n|-unboost|p1b: Iron Hands|atk|1\n|-terastallize|p1a: Basculegion|Water\n|move|p1b: Iron Hands|Fake Out|p2b: Urshifu\n|-damage|p2b: Urshifu|70\/100\n|move|p1a: Basculegion|Flip Turn|p2a: Landorus\n|-supereffective|p2a: Landorus\n|-damage|p2a: Landorus|0 fnt\n|faint|p2a: Landorus\n|\n|t:|1699968087\n|switch|p1a: Gholdengo|Gholdengo, L50|100\/100|[from] Flip Turn\n|cant|p2b: Urshifu|flinch\n|\n|-weather|RainDance|[upkeep]\n|upkeep\n|\n|t:|1699968095\n|switch|p2a: Tornadus|Tornadus, L50, M, shiny|100\/100\n|turn|5\n|\n|t:|1699968109\n|-terastallize|p2b: Urshifu|Water\n|move|p2a: Tornadus|Tailwind|p2a: Tornadus\n|-sidestart|p2: wddfb1|move: Tailwind\n|move|p1a: Gholdengo|Dazzling Gleam|p2a: Tornadus|[spread] p2a,p2b\n|-crit|p2a: Tornadus\n|-crit|p2b: Urshifu\n|-damage|p2a: Tornadus|39\/100\n|-damage|p2b: Urshifu|6\/100\n|-damage|p1a: Gholdengo|91\/100|[from] item: Life Orb\n|move|p2b: Urshifu|Surging Strikes|p1a: Gholdengo\n|-crit|p1a: Gholdengo\n|-damage|p1a: Gholdengo|35\/100\n|-crit|p1a: Gholdengo\n|-damage|p1a: Gholdengo|0 fnt\n|faint|p1a: Gholdengo\n|-hitcount|p1: Gholdengo|2\n|move|p1b: Iron Hands|Wild Charge|p2a: Tornadus\n|-supereffective|p2a: Tornadus\n|-damage|p2a: Tornadus|0 fnt\n|faint|p2a: Tornadus\n|-damage|p1b: Iron Hands|11\/100|[from] Recoil\n|\n|-weather|RainDance|[upkeep]\n|-sideend|p1: ColeAnimatesStuff|move: Tailwind\n|upkeep\n|\n|t:|1699968132\n|switch|p1a: Basculegion|Basculegion, L50, M, tera:Water|83\/100\n|switch|p2a: Arcanine|Arcanine-Hisui, L50, F, shiny|100\/100\n|-ability|p2a: Arcanine|Intimidate|boost\n|-unboost|p1a: Basculegion|atk|1\n|-unboost|p1b: Iron Hands|atk|1\n|turn|6\n|\n|t:|1699968156\n|move|p1a: Basculegion|Flip Turn|p2a: Arcanine\n|-supereffective|p2a: Arcanine\n|-damage|p2a: Arcanine|0 fnt\n|faint|p2a: Arcanine\n|move|p2b: Urshifu|Surging Strikes|p1a: Basculegion\n|-resisted|p1a: Basculegion\n|-crit|p1a: Basculegion\n|-damage|p1a: Basculegion|48\/100\n|-resisted|p1a: Basculegion\n|-crit|p1a: Basculegion\n|-damage|p1a: Basculegion|14\/100\n|-resisted|p1a: Basculegion\n|-crit|p1a: Basculegion\n|-damage|p1a: Basculegion|0 fnt\n|faint|p1a: Basculegion\n|-hitcount|p1: Basculegion|3\n|move|p1b: Iron Hands|Wild Charge|p2b: Urshifu\n|-supereffective|p2b: Urshifu\n|-damage|p2b: Urshifu|0 fnt\n|faint|p2b: Urshifu\n|-damage|p1b: Iron Hands|10\/100|[from] Recoil\n|\n|win|ColeAnimatesStuff\n|raw|ColeAnimatesStuff's rating: 1000 &rarr; <strong>1046<\/strong><br \/>(+46 for winning)\n|raw|wddfb1's rating: 1049 &rarr; <strong>1029<\/strong><br \/>(-20 for losing)\n|l|\u2606wddfb1\n","uploadtime":1699968181,"views":12,"p1id":"coleanimatesstuff","p2id":"wddfb1","formatid":"gen9vgc2023regulatione","rating":1029,"private":0,"password":""}