{"id":"gen9vgc2023regulatione-1988712802","p1":"CharlienoB","p2":"LasanVGC","format":"[Gen 9] VGC 2023 Regulation E","log":"|j|\u2606CharlienoB\n|j|\u2606LasanVGC\n|t:|1699753765\n|gametype|doubles\n|player|p1|CharlienoB|102|1100\n|player|p2|LasanVGC|265|1081\n|teamsize|p1|6\n|teamsize|p2|6\n|gen|9\n|tier|[Gen 9] VGC 2023 Regulation E\n|rated|\n|rule|Species Clause: Limit one of each Pok\u00e9mon\n|rule|Item Clause: Limit one of each item\n|clearpoke\n|poke|p1|Maushold, L50|\n|poke|p1|Arcanine-Hisui, L50, F|\n|poke|p1|Sinistcha, L50|\n|poke|p1|Iron Bundle, L50|\n|poke|p1|Iron Hands, L50|\n|poke|p1|Ninetales-Alola, L50, M|\n|poke|p2|Sneasler, L50, F|\n|poke|p2|Farigiraf, L50, F|\n|poke|p2|Regieleki, L50|\n|poke|p2|Arcanine, L50, M|\n|poke|p2|Rillaboom, L50, M|\n|poke|p2|Urshifu-*, L50, M|\n|teampreview|4\n|\n|t:|1699753783\n|start\n|switch|p1a: Maushold|Maushold, L50|100\/100\n|switch|p1b: Ninetales|Ninetales-Alola, L50, M|100\/100\n|switch|p2a: Regieleki|Regieleki, L50|100\/100\n|switch|p2b: Urshifu|Urshifu-Rapid-Strike, L50, M|100\/100\n|-weather|Snow|[from] ability: Snow Warning|[of] p1b: Ninetales\n|turn|1\n|\n|t:|1699753804\n|-terastallize|p1a: Maushold|Grass\n|move|p2a: Regieleki|Volt Switch|p1a: Maushold\n|-resisted|p1a: Maushold\n|-damage|p1a: Maushold|70\/100\n|-damage|p2a: Regieleki|91\/100|[from] item: Life Orb\n|\n|t:|1699753809\n|switch|p2a: Arcanine|Arcanine, L50, M|100\/100|[from] Volt Switch\n|-ability|p2a: Arcanine|Intimidate|boost\n|-unboost|p1a: Maushold|atk|1\n|-unboost|p1b: Ninetales|atk|1\n|move|p1b: Ninetales|Aurora Veil|p1b: Ninetales\n|-sidestart|p1: CharlienoB|move: Aurora Veil\n|move|p2b: Urshifu|Surging Strikes|p1a: Maushold\n|-resisted|p1a: Maushold\n|-crit|p1a: Maushold\n|-damage|p1a: Maushold|56\/100\n|-resisted|p1a: Maushold\n|-crit|p1a: Maushold\n|-damage|p1a: Maushold|41\/100\n|-resisted|p1a: Maushold\n|-crit|p1a: Maushold\n|-damage|p1a: Maushold|26\/100\n|-hitcount|p1a: Maushold|3\n|move|p1a: Maushold|Bullet Seed|p2b: Urshifu\n|-supereffective|p2b: Urshifu\n|-damage|p2b: Urshifu|83\/100\n|-supereffective|p2b: Urshifu\n|-crit|p2b: Urshifu\n|-damage|p2b: Urshifu|42\/100\n|-supereffective|p2b: Urshifu\n|-damage|p2b: Urshifu|27\/100\n|-supereffective|p2b: Urshifu\n|-damage|p2b: Urshifu|10\/100\n|-supereffective|p2b: Urshifu\n|-damage|p2b: Urshifu|0 fnt\n|faint|p2b: Urshifu\n|-hitcount|p2: Urshifu|5\n|\n|-weather|Snow|[upkeep]\n|upkeep\n|\n|t:|1699753812\n|switch|p2b: Regieleki|Regieleki, L50|91\/100\n|turn|2\n|\n|t:|1699753844\n|switch|p1b: Arcanine|Arcanine-Hisui, L50, F|100\/100\n|-ability|p1b: Arcanine|Intimidate|boost\n|-unboost|p2a: Arcanine|atk|1\n|-unboost|p2b: Regieleki|atk|1\n|switch|p1a: Iron Hands|Iron Hands, L50|100\/100\n|move|p2a: Arcanine|Extreme Speed|p1a: Iron Hands\n|-damage|p1a: Iron Hands|92\/100\n|move|p2b: Regieleki|Thunderbolt|p1b: Arcanine\n|-damage|p1b: Arcanine|45\/100\n|-enditem|p1b: Arcanine|Sitrus Berry|[eat]\n|-heal|p1b: Arcanine|70\/100|[from] item: Sitrus Berry\n|-damage|p2b: Regieleki|81\/100|[from] item: Life Orb\n|\n|-weather|Snow|[upkeep]\n|upkeep\n|turn|3\n|\n|t:|1699753880\n|switch|p2a: Rillaboom|Rillaboom, L50, M|100\/100\n|-fieldstart|move: Grassy Terrain|[from] ability: Grassy Surge|[of] p2a: Rillaboom\n|move|p2b: Regieleki|Protect|p2b: Regieleki\n|-singleturn|p2b: Regieleki|Protect\n|move|p1a: Iron Hands|Fake Out|p2a: Rillaboom\n|-damage|p2a: Rillaboom|87\/100\n|move|p1b: Arcanine|Rock Slide|p2a: Rillaboom|[spread] p2a\n|-activate|p2b: Regieleki|move: Protect\n|-damage|p2a: Rillaboom|65\/100\n|\n|-weather|Snow|[upkeep]\n|-heal|p2b: Regieleki|87\/100|[from] Grassy Terrain\n|-heal|p1b: Arcanine|76\/100|[from] Grassy Terrain\n|-heal|p2a: Rillaboom|71\/100|[from] Grassy Terrain\n|-heal|p1a: Iron Hands|98\/100|[from] Grassy Terrain\n|upkeep\n|turn|4\n|\n|t:|1699753914\n|move|p2a: Rillaboom|Fake Out|p1b: Arcanine\n|-resisted|p1b: Arcanine\n|-damage|p1b: Arcanine|70\/100\n|move|p2b: Regieleki|Volt Switch|p1b: Arcanine\n|-damage|p1b: Arcanine|29\/100\n|-damage|p2b: Regieleki|77\/100|[from] item: Life Orb\n|\n|t:|1699753921\n|switch|p2b: Arcanine|Arcanine, L50, M|100\/100|[from] Volt Switch\n|-ability|p2b: Arcanine|Intimidate|boost\n|-unboost|p1a: Iron Hands|atk|1\n|-unboost|p1b: Arcanine|atk|1\n|cant|p1b: Arcanine|flinch\n|move|p1a: Iron Hands|Drain Punch|p2b: Arcanine\n|-damage|p2b: Arcanine|65\/100\n|-heal|p1a: Iron Hands|100\/100|[from] drain|[of] p2b: Arcanine\n|\n|-weather|Snow|[upkeep]\n|-heal|p2b: Arcanine|71\/100|[from] Grassy Terrain\n|-heal|p1b: Arcanine|35\/100|[from] Grassy Terrain\n|-heal|p2a: Rillaboom|77\/100|[from] Grassy Terrain\n|upkeep\n|turn|5\n|\n|t:|1699753946\n|move|p2a: Rillaboom|Grassy Glide|p1b: Arcanine\n|-damage|p1b: Arcanine|3\/100\n|move|p2b: Arcanine|Will-O-Wisp|p1a: Iron Hands\n|-status|p1a: Iron Hands|brn\n|move|p1b: Arcanine|Rock Slide|p2a: Rillaboom|[spread] p2a,p2b\n|-crit|p2a: Rillaboom\n|-supereffective|p2b: Arcanine\n|-damage|p2a: Rillaboom|42\/100\n|-damage|p2b: Arcanine|24\/100\n|move|p1a: Iron Hands|Drain Punch|p2b: Arcanine\n|-damage|p2b: Arcanine|6\/100\n|\n|-weather|none\n|-heal|p2b: Arcanine|12\/100|[from] Grassy Terrain\n|-heal|p1b: Arcanine|9\/100|[from] Grassy Terrain\n|-heal|p2a: Rillaboom|48\/100|[from] Grassy Terrain\n|-damage|p1a: Iron Hands|94\/100 brn|[from] brn\n|upkeep\n|turn|6\n|\n|t:|1699753971\n|switch|p1b: Ninetales|Ninetales-Alola, L50, M|100\/100\n|-weather|Snow|[from] ability: Snow Warning|[of] p1b: Ninetales\n|move|p2b: Arcanine|Protect|p2b: Arcanine\n|-singleturn|p2b: Arcanine|Protect\n|move|p2a: Rillaboom|Grassy Glide|p1b: Ninetales\n|-damage|p1b: Ninetales|82\/100\n|move|p1a: Iron Hands|Drain Punch|p2b: Arcanine\n|-activate|p2b: Arcanine|move: Protect\n|\n|-weather|Snow|[upkeep]\n|-heal|p1b: Ninetales|88\/100|[from] Grassy Terrain\n|-heal|p2b: Arcanine|18\/100|[from] Grassy Terrain\n|-heal|p2a: Rillaboom|54\/100|[from] Grassy Terrain\n|-heal|p1a: Iron Hands|100\/100 brn|[from] Grassy Terrain\n|-damage|p1a: Iron Hands|94\/100 brn|[from] brn\n|upkeep\n|turn|7\n|\n|t:|1699754005\n|move|p1b: Ninetales|Icy Wind|p2b: Arcanine|[spread] p2a,p2b\n|-supereffective|p2a: Rillaboom\n|-crit|p2a: Rillaboom\n|-resisted|p2b: Arcanine\n|-damage|p2a: Rillaboom|26\/100\n|-damage|p2b: Arcanine|11\/100\n|-unboost|p2a: Rillaboom|spe|1\n|-unboost|p2b: Arcanine|spe|1\n|move|p2b: Arcanine|Flare Blitz|p1b: Ninetales\n|-supereffective|p1b: Ninetales\n|-damage|p1b: Ninetales|30\/100\n|-damage|p2b: Arcanine|0 fnt|[from] Recoil\n|faint|p2b: Arcanine\n|move|p1a: Iron Hands|Drain Punch|p2a: Rillaboom\n|-damage|p2a: Rillaboom|13\/100\n|-heal|p1a: Iron Hands|99\/100 brn|[from] drain|[of] p2a: Rillaboom\n|move|p2a: Rillaboom|U-turn|p1a: Iron Hands\n|-resisted|p1a: Iron Hands\n|-damage|p1a: Iron Hands|94\/100 brn\n|\n|t:|1699754021\n|switch|p2a: Regieleki|Regieleki, L50|77\/100|[from] U-turn\n|\n|-weather|Snow|[upkeep]\n|-heal|p2a: Regieleki|83\/100|[from] Grassy Terrain\n|-heal|p1b: Ninetales|36\/100|[from] Grassy Terrain\n|-heal|p1a: Iron Hands|100\/100 brn|[from] Grassy Terrain\n|-damage|p1a: Iron Hands|94\/100 brn|[from] brn\n|-fieldend|move: Grassy Terrain\n|upkeep\n|\n|t:|1699754023\n|switch|p2b: Rillaboom|Rillaboom, L50, M|13\/100\n|-fieldstart|move: Grassy Terrain|[from] ability: Grassy Surge|[of] p2b: Rillaboom\n|turn|8\n|\n|t:|1699754041\n|move|p1b: Ninetales|Protect|p1b: Ninetales\n|-singleturn|p1b: Ninetales|Protect\n|move|p2b: Rillaboom|Fake Out|p1a: Iron Hands\n|-damage|p1a: Iron Hands|88\/100 brn\n|move|p2a: Regieleki|Thunderbolt|p1b: Ninetales\n|-activate|p1b: Ninetales|move: Protect\n|cant|p1a: Iron Hands|flinch\n|\n|-weather|Snow|[upkeep]\n|-heal|p2a: Regieleki|89\/100|[from] Grassy Terrain\n|-heal|p1b: Ninetales|42\/100|[from] Grassy Terrain\n|-heal|p2b: Rillaboom|19\/100|[from] Grassy Terrain\n|-heal|p1a: Iron Hands|94\/100 brn|[from] Grassy Terrain\n|-damage|p1a: Iron Hands|88\/100 brn|[from] brn\n|-sideend|p1: CharlienoB|move: Aurora Veil\n|upkeep\n|turn|9\n|\n|t:|1699754064\n|move|p2a: Regieleki|Thunderbolt|p1b: Ninetales\n|-damage|p1b: Ninetales|0 fnt\n|faint|p1b: Ninetales\n|-damage|p2a: Regieleki|79\/100|[from] item: Life Orb\n|move|p2b: Rillaboom|Wood Hammer|p1a: Iron Hands\n|-crit|p1a: Iron Hands\n|-damage|p1a: Iron Hands|0 fnt\n|faint|p1a: Iron Hands\n|-end|p1a: Iron Hands|Quark Drive|[silent]\n|-damage|p2b: Rillaboom|0 fnt|[from] Recoil\n|faint|p2b: Rillaboom\n|\n|-weather|Snow|[upkeep]\n|-heal|p2a: Regieleki|85\/100|[from] Grassy Terrain\n|upkeep\n|\n|t:|1699754081\n|switch|p1b: Maushold|Maushold, L50, tera:Grass|26\/100\n|switch|p1a: Arcanine|Arcanine-Hisui, L50, F|9\/100\n|-ability|p1a: Arcanine|Intimidate|boost\n|-unboost|p2a: Regieleki|atk|1\n|turn|10\n|inactive|Battle timer is ON: inactive players will automatically lose when time's up. (requested by CharlienoB)\n|inactive|LasanVGC has 60 seconds left.\n|\n|t:|1699754178\n|move|p2a: Regieleki|Protect|p2a: Regieleki\n|-singleturn|p2a: Regieleki|Protect\n|move|p1a: Arcanine|Flare Blitz|p2a: Regieleki\n|-activate|p2a: Regieleki|move: Protect\n|move|p1b: Maushold|Population Bomb|p2a: Regieleki\n|-activate|p2a: Regieleki|move: Protect\n|\n|-weather|none\n|-heal|p2a: Regieleki|91\/100|[from] Grassy Terrain\n|-heal|p1a: Arcanine|15\/100|[from] Grassy Terrain\n|-heal|p1b: Maushold|33\/100|[from] Grassy Terrain\n|upkeep\n|turn|11\n|\n|t:|1699754199\n|move|p1b: Maushold|Protect|p1b: Maushold\n|-singleturn|p1b: Maushold|Protect\n|move|p2a: Regieleki|Thunderbolt|p1b: Maushold\n|-activate|p1b: Maushold|move: Protect\n|move|p1a: Arcanine|Howl|p1a: Arcanine|[spread] p1a,p1b\n|-boost|p1a: Arcanine|atk|1\n|-boost|p1b: Maushold|atk|1\n|\n|-heal|p2a: Regieleki|97\/100|[from] Grassy Terrain\n|-heal|p1a: Arcanine|21\/100|[from] Grassy Terrain\n|-heal|p1b: Maushold|39\/100|[from] Grassy Terrain\n|upkeep\n|turn|12\n|\n|t:|1699754215\n|move|p2a: Regieleki|Thunderbolt|p1a: Arcanine\n|-damage|p1a: Arcanine|0 fnt\n|faint|p1a: Arcanine\n|-damage|p2a: Regieleki|87\/100|[from] item: Life Orb\n|move|p1b: Maushold|Population Bomb|p2a: Regieleki\n|-damage|p2a: Regieleki|62\/100\n|-damage|p2a: Regieleki|37\/100\n|-damage|p2a: Regieleki|9\/100\n|-damage|p2a: Regieleki|0 fnt\n|faint|p2a: Regieleki\n|-hitcount|p2: Regieleki|4\n|\n|win|CharlienoB\n|raw|CharlienoB's rating: 1100 &rarr; <strong>1124<\/strong><br \/>(+24 for winning)\n|raw|LasanVGC's rating: 1081 &rarr; <strong>1060<\/strong><br \/>(-21 for losing)\n|l|\u2606LasanVGC\n","uploadtime":1699754232,"views":18,"p1id":"charlienob","p2id":"lasanvgc","formatid":"gen9vgc2023regulatione","rating":1060,"private":0,"password":""}