{"id":"gen9vgc2023regulatione-1996548651","p1":"Erkinator","p2":"vHollowZangetsu","format":"[Gen 9] VGC 2023 Regulation E","log":"|j|\u2606Erkinator\n|j|\u2606vHollowZangetsu\n|t:|1700693077\n|gametype|doubles\n|player|p1|Erkinator|169|1127\n|player|p2|vHollowZangetsu|guitarist-gen4|1090\n|teamsize|p1|6\n|teamsize|p2|6\n|gen|9\n|tier|[Gen 9] VGC 2023 Regulation E\n|rated|\n|rule|Species Clause: Limit one of each Pok\u00e9mon\n|rule|Item Clause: Limit one of each item\n|clearpoke\n|poke|p1|Baxcalibur, L50, M|\n|poke|p1|Sinistcha, L50|\n|poke|p1|Garganacl, L50, F|\n|poke|p1|Flutter Mane, L50|\n|poke|p1|Arcanine-Hisui, L50, M|\n|poke|p1|Kommo-o, L50, F|\n|poke|p2|Arcanine-Hisui, L50, M|\n|poke|p2|Empoleon, L50, M|\n|poke|p2|Kommo-o, L50, M|\n|poke|p2|Tornadus, L50, M|\n|poke|p2|Sinistcha, L50|\n|poke|p2|Grimmsnarl, L50, M|\n|teampreview|4\n|c|\u2606vHollowZangetsu|fellow Kommo-o enjoyer\n|c|\u2606Erkinator|hahaha\n|c|\u2606Erkinator|theres dozens of us!\n|\n|t:|1700693165\n|start\n|switch|p1a: Kommo-o|Kommo-o, L50, F|100\/100\n|switch|p1b: Flutter Mane|Flutter Mane, L50|100\/100\n|switch|p2a: Tornadus|Tornadus, L50, M|100\/100\n|switch|p2b: Empoleon|Empoleon, L50, M|100\/100\n|-enditem|p1b: Flutter Mane|Booster Energy\n|-activate|p1b: Flutter Mane|ability: Protosynthesis|[fromitem]\n|-start|p1b: Flutter Mane|protosynthesisspe\n|turn|1\n|\n|t:|1700693205\n|-end|p1b: Flutter Mane|Protosynthesis|[silent]\n|switch|p1b: Arcanine|Arcanine-Hisui, L50, M|100\/100\n|-ability|p1b: Arcanine|Intimidate|boost\n|-unboost|p2a: Tornadus|atk|1\n|-unboost|p2b: Empoleon|atk|1\n|-ability|p2b: Empoleon|Competitive|boost\n|-boost|p2b: Empoleon|spa|2\n|move|p2a: Tornadus|Tailwind|p2a: Tornadus\n|-sidestart|p2: vHollowZangetsu|move: Tailwind\n|move|p2b: Empoleon|Flash Cannon|p1b: Arcanine\n|-damage|p1b: Arcanine|23\/100\n|-enditem|p1b: Arcanine|Sitrus Berry|[eat]\n|-heal|p1b: Arcanine|48\/100|[from] item: Sitrus Berry\n|move|p1a: Kommo-o|Clangorous Soul|p1a: Kommo-o\n|-boost|p1a: Kommo-o|atk|1\n|-boost|p1a: Kommo-o|def|1\n|-boost|p1a: Kommo-o|spa|1\n|-boost|p1a: Kommo-o|spd|1\n|-boost|p1a: Kommo-o|spe|1\n|-damage|p1a: Kommo-o|68\/100\n|-enditem|p1a: Kommo-o|Throat Spray\n|-boost|p1a: Kommo-o|spa|1|[from] item: Throat Spray\n|\n|upkeep\n|turn|2\n|\n|t:|1700693269\n|switch|p1b: Sinistcha|Sinistcha, L50|100\/100\n|-heal|p1a: Kommo-o|93\/100|[from] ability: Hospitality|[of] p1b: Sinistcha\n|-terastallize|p1a: Kommo-o|Steel\n|move|p2a: Tornadus|Bleakwind Storm|p1b: Sinistcha|[spread] p1b\n|-miss|p2a: Tornadus|p1a: Kommo-o\n|-supereffective|p1b: Sinistcha\n|-damage|p1b: Sinistcha|29\/100\n|move|p2b: Empoleon|Water Pledge|p1b: Sinistcha\n|-resisted|p1b: Sinistcha\n|-damage|p1b: Sinistcha|0 fnt\n|faint|p1b: Sinistcha\n|move|p1a: Kommo-o|Clanging Scales|p2a: Tornadus|[spread] p2a,p2b\n|-resisted|p2b: Empoleon\n|-damage|p2a: Tornadus|39\/100\n|-damage|p2b: Empoleon|69\/100\n|-enditem|p2a: Tornadus|Sitrus Berry|[eat]\n|-heal|p2a: Tornadus|63\/100|[from] item: Sitrus Berry\n|-unboost|p1a: Kommo-o|def|1\n|\n|upkeep\n|\n|t:|1700693303\n|switch|p1b: Flutter Mane|Flutter Mane, L50|100\/100\n|turn|3\n|\n|t:|1700693324\n|move|p2a: Tornadus|Scary Face|p1a: Kommo-o\n|-unboost|p1a: Kommo-o|spe|2\n|move|p1b: Flutter Mane|Shadow Ball|p2b: Empoleon\n|-damage|p2b: Empoleon|32\/100\n|move|p2b: Empoleon|Flash Cannon|p1b: Flutter Mane\n|-supereffective|p1b: Flutter Mane\n|-damage|p1b: Flutter Mane|0 fnt\n|faint|p1b: Flutter Mane\n|-end|p1b: Flutter Mane|Protosynthesis|[silent]\n|move|p1a: Kommo-o|Clanging Scales|p2a: Tornadus|[spread] p2a,p2b\n|-resisted|p2b: Empoleon\n|-damage|p2a: Tornadus|4\/100\n|-damage|p2b: Empoleon|2\/100\n|-unboost|p1a: Kommo-o|def|1\n|\n|upkeep\n|\n|t:|1700693339\n|switch|p1b: Arcanine|Arcanine-Hisui, L50, M|48\/100\n|-ability|p1b: Arcanine|Intimidate|boost\n|-unboost|p2a: Tornadus|atk|1\n|-unboost|p2b: Empoleon|atk|1\n|-ability|p2b: Empoleon|Competitive|boost\n|-boost|p2b: Empoleon|spa|2\n|turn|4\n|\n|t:|1700693367\n|move|p1b: Arcanine|Extreme Speed|p2b: Empoleon\n|-resisted|p2b: Empoleon\n|-damage|p2b: Empoleon|0 fnt\n|faint|p2b: Empoleon\n|move|p2a: Tornadus|Taunt|p1a: Kommo-o\n|-start|p1a: Kommo-o|move: Taunt\n|move|p1a: Kommo-o|Flash Cannon|p2a: Tornadus\n|-damage|p2a: Tornadus|0 fnt\n|faint|p2a: Tornadus\n|\n|-sideend|p2: vHollowZangetsu|move: Tailwind\n|upkeep\n|\n|t:|1700693379\n|switch|p2a: Kommo-o|Kommo-o, L50, M|100\/100\n|switch|p2b: Sinistcha|Sinistcha, L50|100\/100\n|turn|5\n|\n|t:|1700693425\n|-terastallize|p2a: Kommo-o|Fairy\n|move|p2b: Sinistcha|Rage Powder|p2b: Sinistcha\n|-singleturn|p2b: Sinistcha|move: Rage Powder\n|move|p2a: Kommo-o|Clangorous Soul|p2a: Kommo-o\n|-boost|p2a: Kommo-o|atk|1\n|-boost|p2a: Kommo-o|def|1\n|-boost|p2a: Kommo-o|spa|1\n|-boost|p2a: Kommo-o|spd|1\n|-boost|p2a: Kommo-o|spe|1\n|-damage|p2a: Kommo-o|68\/100\n|move|p1b: Arcanine|Flare Blitz|p2b: Sinistcha\n|-supereffective|p2b: Sinistcha\n|-damage|p2b: Sinistcha|15\/100\n|-damage|p1b: Arcanine|31\/100|[from] item: Rocky Helmet|[of] p2b: Sinistcha\n|-damage|p1b: Arcanine|6\/100|[from] Recoil\n|move|p1a: Kommo-o|Clanging Scales|p2a: Kommo-o|[spread] p2b\n|-immune|p2a: Kommo-o\n|-damage|p2b: Sinistcha|0 fnt\n|faint|p2b: Sinistcha\n|-unboost|p1a: Kommo-o|def|1\n|\n|-heal|p2a: Kommo-o|74\/100|[from] item: Leftovers\n|upkeep\n|turn|6\n|\n|t:|1700693456\n|move|p2a: Kommo-o|Protect|p2a: Kommo-o\n|-singleturn|p2a: Kommo-o|Protect\n|move|p1b: Arcanine|Flare Blitz|p2a: Kommo-o\n|-activate|p2a: Kommo-o|move: Protect\n|move|p1a: Kommo-o|Flash Cannon|p2a: Kommo-o\n|-activate|p2a: Kommo-o|move: Protect\n|\n|-heal|p2a: Kommo-o|80\/100|[from] item: Leftovers\n|-end|p1a: Kommo-o|move: Taunt\n|upkeep\n|turn|7\n|\n|t:|1700693473\n|move|p2a: Kommo-o|Drain Punch|p1a: Kommo-o\n|-supereffective|p1a: Kommo-o\n|-damage|p1a: Kommo-o|0 fnt\n|-heal|p2a: Kommo-o|100\/100|[from] drain|[of] p1a: Kommo-o\n|faint|p1a: Kommo-o\n|move|p1b: Arcanine|Flare Blitz|p2a: Kommo-o\n|-damage|p2a: Kommo-o|76\/100\n|-damage|p1b: Arcanine|0 fnt|[from] Recoil\n|faint|p1b: Arcanine\n|\n|win|vHollowZangetsu\n|raw|Erkinator's rating: 1127 &rarr; <strong>1099<\/strong><br \/>(-28 for losing)\n|raw|vHollowZangetsu's rating: 1090 &rarr; <strong>1119<\/strong><br \/>(+29 for winning)\n|c|\u2606vHollowZangetsu|gg\n|c|\u2606Erkinator|gg\n|l|\u2606Erkinator\n","uploadtime":1700693504,"views":26,"p1id":"erkinator","p2id":"vhollowzangetsu","formatid":"gen9vgc2023regulatione","rating":1099,"private":0,"password":""}