{"id":"gen9vgc2023regulatione-1992399021","p1":"F8S","p2":"MoggyOh","format":"[Gen 9] VGC 2023 Regulation E","log":"|j|\u2606F8S\n|j|\u2606MoggyOh\n|t:|1700183022\n|gametype|doubles\n|player|p1|F8S|blue|1312\n|player|p2|MoggyOh|lucas|1373\n|teamsize|p1|6\n|teamsize|p2|6\n|gen|9\n|tier|[Gen 9] VGC 2023 Regulation E\n|rated|\n|rule|Species Clause: Limit one of each Pok\u00e9mon\n|rule|Item Clause: Limit one of each item\n|clearpoke\n|poke|p1|Regieleki, L50|\n|poke|p1|Iron Bundle, L50|\n|poke|p1|Tornadus, L50, M|\n|poke|p1|Chi-Yu, L50|\n|poke|p1|Farigiraf, L50, F|\n|poke|p1|Amoonguss, L50, M|\n|poke|p2|Rillaboom, L50, M|\n|poke|p2|Heatran, L50, M|\n|poke|p2|Chien-Pao, L50|\n|poke|p2|Landorus-Therian, L50, M|\n|poke|p2|Milotic, L50, F|\n|poke|p2|Farigiraf, L50, M|\n|teampreview|4\n|inactive|Battle timer is ON: inactive players will automatically lose when time's up. (requested by F8S)\nMoggyOh has agreed to open team sheets.\nF8S has agreed to open team sheets.\n|inactive|MoggyOh has 30 seconds left.\n|inactive|MoggyOh has 20 seconds left.\n|inactive|MoggyOh has 15 seconds left.\n|inactive|MoggyOh has 10 seconds left.\n|inactive|MoggyOh has 5 seconds left.\n|\n|t:|1700183092\n|start\n|switch|p1a: Regieleki|Regieleki, L50|100\/100\n|switch|p1b: Farigiraf|Farigiraf, L50, F|100\/100\n|switch|p2a: Uma Delicia|Rillaboom, L50, M, shiny|100\/100\n|switch|p2b: Giroro|Heatran, L50, M, shiny|100\/100\n|-fieldstart|move: Grassy Terrain|[from] ability: Grassy Surge|[of] p2a: Uma Delicia\n|turn|1\n|inactive|MoggyOh has 30 seconds left.\n|inactive|F8S has 30 seconds left.\n|\n|t:|1700183126\n|-terastallize|p1a: Regieleki|Ground\n|-terastallize|p2b: Giroro|Fairy\n|move|p1b: Farigiraf|Helping Hand|p1a: Regieleki\n|-singleturn|p1a: Regieleki|Helping Hand|[of] p1b: Farigiraf\n|move|p1a: Regieleki|Tera Blast|p2b: Giroro|[anim] Tera Blast Ground\n|-damage|p2b: Giroro|55\/100\n|move|p2a: Uma Delicia|Wood Hammer|p1a: Regieleki\n|-supereffective|p1a: Regieleki\n|-damage|p1a: Regieleki|0 fnt\n|faint|p1a: Regieleki\n|-damage|p2a: Uma Delicia|75\/100|[from] Recoil\n|move|p2b: Giroro|Heat Wave|p1b: Farigiraf\n|-damage|p1b: Farigiraf|52\/100\n|\n|-heal|p2a: Uma Delicia|81\/100|[from] Grassy Terrain\n|-heal|p2b: Giroro|61\/100|[from] Grassy Terrain\n|-heal|p1b: Farigiraf|59\/100|[from] Grassy Terrain\n|upkeep\n|\n|t:|1700183137\n|switch|p1a: Iron Bundle|Iron Bundle, L50|100\/100\n|-enditem|p1a: Iron Bundle|Booster Energy\n|-activate|p1a: Iron Bundle|ability: Quark Drive|[fromitem]\n|-start|p1a: Iron Bundle|quarkdrivespe\n|turn|2\n|\n|t:|1700183160\n|move|p1b: Farigiraf|Helping Hand|p1a: Iron Bundle\n|-singleturn|p1a: Iron Bundle|Helping Hand|[of] p1b: Farigiraf\n|move|p2a: Uma Delicia|Protect|p2a: Uma Delicia\n|-singleturn|p2a: Uma Delicia|Protect\n|move|p1a: Iron Bundle|Icy Wind|p2a: Uma Delicia|[spread] p2b\n|-activate|p2a: Uma Delicia|move: Protect\n|-damage|p2b: Giroro|43\/100\n|-unboost|p2b: Giroro|spe|1\n|move|p2b: Giroro|Flash Cannon|p1a: Iron Bundle\n|-damage|p1a: Iron Bundle|12\/100\n|\n|-heal|p1a: Iron Bundle|18\/100|[from] Grassy Terrain\n|-heal|p2a: Uma Delicia|87\/100|[from] Grassy Terrain\n|-heal|p1b: Farigiraf|65\/100|[from] Grassy Terrain\n|-heal|p2b: Giroro|49\/100|[from] Grassy Terrain\n|upkeep\n|turn|3\n|inactive|MoggyOh has 30 seconds left.\n|\n|t:|1700183185\n|switch|p2a: Chien-POPcat|Chien-Pao, L50|100\/100\n|-ability|p2a: Chien-POPcat|Sword of Ruin\n|move|p1b: Farigiraf|Helping Hand|p1a: Iron Bundle\n|-singleturn|p1a: Iron Bundle|Helping Hand|[of] p1b: Farigiraf\n|move|p1a: Iron Bundle|Icy Wind|p2b: Giroro|[spread] p2a,p2b\n|-resisted|p2a: Chien-POPcat\n|-damage|p2a: Chien-POPcat|78\/100\n|-damage|p2b: Giroro|32\/100\n|-unboost|p2a: Chien-POPcat|spe|1\n|-unboost|p2b: Giroro|spe|1\n|move|p2b: Giroro|Heat Wave|p1a: Iron Bundle|[spread] p1a,p1b\n|-damage|p1a: Iron Bundle|0 fnt\n|-damage|p1b: Farigiraf|26\/100\n|faint|p1a: Iron Bundle\n|-end|p1a: Iron Bundle|Quark Drive|[silent]\n|\n|-heal|p2a: Chien-POPcat|84\/100|[from] Grassy Terrain\n|-heal|p1b: Farigiraf|33\/100|[from] Grassy Terrain\n|-heal|p2b: Giroro|38\/100|[from] Grassy Terrain\n|upkeep\n|\n|t:|1700183197\n|switch|p1a: Chi-Yu|Chi-Yu, L50|100\/100\n|-ability|p1a: Chi-Yu|Beads of Ruin\n|turn|4\n|inactive|F8S has 30 seconds left.\n|inactive|F8S has 20 seconds left.\n|\n|t:|1700183235\n|move|p2a: Chien-POPcat|Protect|p2a: Chien-POPcat\n|-singleturn|p2a: Chien-POPcat|Protect\n|move|p1a: Chi-Yu|Dark Pulse|p2b: Giroro\n|-resisted|p2b: Giroro\n|-damage|p2b: Giroro|22\/100\n|move|p1b: Farigiraf|Dazzling Gleam|p2b: Giroro|[spread] p2b\n|-activate|p2a: Chien-POPcat|move: Protect\n|-damage|p2b: Giroro|11\/100\n|move|p2b: Giroro|Tera Blast|p1a: Chi-Yu|[anim] Tera Blast Fairy\n|-damage|p1a: Chi-Yu|47\/100\n|\n|-heal|p1a: Chi-Yu|53\/100|[from] Grassy Terrain\n|-heal|p2a: Chien-POPcat|90\/100|[from] Grassy Terrain\n|-heal|p1b: Farigiraf|39\/100|[from] Grassy Terrain\n|-heal|p2b: Giroro|17\/100|[from] Grassy Terrain\n|upkeep\n|turn|5\n|inactive|MoggyOh has 30 seconds left.\n|\n|t:|1700183263\n|switch|p2b: Gholdenfield|Landorus-Therian, L50, M, shiny|100\/100\n|-ability|p2b: Gholdenfield|Intimidate|boost\n|-unboost|p1a: Chi-Yu|atk|1\n|-unboost|p1b: Farigiraf|atk|1\n|move|p1a: Chi-Yu|Dark Pulse|p2b: Gholdenfield\n|-damage|p2b: Gholdenfield|42\/100\n|move|p2a: Chien-POPcat|Sacred Sword|p1a: Chi-Yu\n|-supereffective|p1a: Chi-Yu\n|-damage|p1a: Chi-Yu|0 fnt\n|faint|p1a: Chi-Yu\n|move|p1b: Farigiraf|Dazzling Gleam|p2a: Chien-POPcat|[spread] p2a,p2b\n|-supereffective|p2a: Chien-POPcat\n|-damage|p2a: Chien-POPcat|38\/100\n|-damage|p2b: Gholdenfield|25\/100\n|\n|-heal|p2a: Chien-POPcat|44\/100|[from] Grassy Terrain\n|-heal|p1b: Farigiraf|45\/100|[from] Grassy Terrain\n|-fieldend|move: Grassy Terrain\n|upkeep\n|turn|6\n|-message|F8S forfeited.\n|\n|win|MoggyOh\n|raw|F8S's rating: 1312 &rarr; <strong>1295<\/strong><br \/>(-17 for losing)\n|raw|MoggyOh's rating: 1373 &rarr; <strong>1390<\/strong><br \/>(+17 for winning)\n|l|\u2606F8S\n","uploadtime":1700183291,"views":30,"p1id":"f8s","p2id":"moggyoh","formatid":"gen9vgc2023regulatione","rating":1295,"private":0,"password":""}