{"id":"gen9vgc2023regulatione-1989159093","p1":"05Snicker","p2":"TrainerDylan24","format":"[Gen 9] VGC 2023 Regulation E","log":"|j|\u260605Snicker\n|j|\u2606TrainerDylan24\n|t:|1699818491\n|gametype|doubles\n|player|p1|05Snicker|ghetsis-gen5bw|1129\n|player|p2|TrainerDylan24|swimmerf|1051\n|teamsize|p1|6\n|teamsize|p2|6\n|gen|9\n|tier|[Gen 9] VGC 2023 Regulation E\n|rated|\n|rule|Species Clause: Limit one of each Pok\u00e9mon\n|rule|Item Clause: Limit one of each item\n|clearpoke\n|poke|p1|Farigiraf, L50, M|\n|poke|p1|Ursaluna-Bloodmoon, L50, M|\n|poke|p1|Clefairy, L50, F|\n|poke|p1|Kingambit, L50, M|\n|poke|p1|Urshifu-*, L50, M|\n|poke|p1|Arcanine-Hisui, L50, F|\n|poke|p2|Maushold-Four, L50|\n|poke|p2|Politoed, L50, F|\n|poke|p2|Kilowattrel, L50, M|\n|poke|p2|Scizor, L50, M|\n|poke|p2|Cetitan, L50, F|\n|poke|p2|Rillaboom, L50, M|\n|teampreview|4\n|inactive|Battle timer is ON: inactive players will automatically lose when time's up. (requested by 05Snicker)\n|inactive|05Snicker has 60 seconds left.\n|\n|t:|1699818528\n|start\n|switch|p1a: Farigiraf|Farigiraf, L50, M|100\/100\n|switch|p1b: Clefairy|Clefairy, L50, F|100\/100\n|switch|p2a: Politoed|Politoed, L50, F|100\/100\n|switch|p2b: Maushold|Maushold-Four, L50|100\/100\n|-weather|RainDance|[from] ability: Drizzle|[of] p2a: Politoed\n|turn|1\n|\n|t:|1699818542\n|move|p2b: Maushold|Population Bomb|p1a: Farigiraf\n|-damage|p1a: Farigiraf|95\/100\n|-damage|p1a: Farigiraf|90\/100\n|-damage|p1a: Farigiraf|84\/100\n|-damage|p1a: Farigiraf|79\/100\n|-damage|p1a: Farigiraf|73\/100\n|-damage|p1a: Farigiraf|68\/100\n|-damage|p1a: Farigiraf|62\/100\n|-damage|p1a: Farigiraf|56\/100\n|-damage|p1a: Farigiraf|51\/100\n|-damage|p1a: Farigiraf|45\/100\n|-hitcount|p1a: Farigiraf|10\n|move|p2a: Politoed|Muddy Water|p1a: Farigiraf|[spread] p1a\n|-miss|p2a: Politoed|p1b: Clefairy\n|-damage|p1a: Farigiraf|5\/100\n|-unboost|p1a: Farigiraf|accuracy|1\n|-enditem|p1a: Farigiraf|Iapapa Berry|[eat]\n|-heal|p1a: Farigiraf|38\/100|[from] item: Iapapa Berry\n|move|p1a: Farigiraf|Nasty Plot|p1a: Farigiraf\n|-boost|p1a: Farigiraf|spa|2\n|move|p1b: Clefairy|Thunder Wave|p2a: Politoed\n|-status|p2a: Politoed|par\n|\n|-weather|RainDance|[upkeep]\n|upkeep\n|turn|2\n|inactive|TrainerDylan24 has 30 seconds left.\n|inactive|05Snicker has 30 seconds left.\n|inactive|05Snicker has 20 seconds left.\n|\n|t:|1699818584\n|move|p2b: Maushold|Population Bomb|p1a: Farigiraf\n|-damage|p1a: Farigiraf|32\/100\n|-damage|p1a: Farigiraf|27\/100\n|-damage|p1a: Farigiraf|22\/100\n|-damage|p1a: Farigiraf|17\/100\n|-crit|p1a: Farigiraf\n|-damage|p1a: Farigiraf|8\/100\n|-damage|p1a: Farigiraf|2\/100\n|-damage|p1a: Farigiraf|0 fnt\n|faint|p1a: Farigiraf\n|-hitcount|p1: Farigiraf|7\n|move|p1b: Clefairy|Thunder Wave|p2b: Maushold\n|-status|p2b: Maushold|par\n|move|p2a: Politoed|Muddy Water|p1b: Clefairy\n|-damage|p1b: Clefairy|56\/100\n|\n|-weather|RainDance|[upkeep]\n|upkeep\n|\n|t:|1699818588\n|switch|p1a: Urshifu|Urshifu-Rapid-Strike, L50, M|100\/100\n|turn|3\n|\n|t:|1699818610\n|-terastallize|p1a: Urshifu|Water\n|move|p1b: Clefairy|Helping Hand|p1a: Urshifu\n|-singleturn|p1a: Urshifu|Helping Hand|[of] p1b: Clefairy\n|move|p2b: Maushold|Follow Me|p2b: Maushold\n|-singleturn|p2b: Maushold|move: Follow Me\n|move|p1a: Urshifu|Surging Strikes|p2b: Maushold\n|-crit|p2b: Maushold\n|-damage|p2b: Maushold|0 fnt\n|faint|p2b: Maushold\n|-hitcount|p2: Maushold|1\n|move|p2a: Politoed|Muddy Water|p1a: Urshifu|[spread] p1a,p1b\n|-resisted|p1a: Urshifu\n|-damage|p1a: Urshifu|69\/100\n|-damage|p1b: Clefairy|18\/100\n|-unboost|p1b: Clefairy|accuracy|1\n|\n|-weather|RainDance|[upkeep]\n|upkeep\n|\n|t:|1699818617\n|switch|p2b: Rillaboom|Rillaboom, L50, M|100\/100\n|-fieldstart|move: Grassy Terrain|[from] ability: Grassy Surge|[of] p2b: Rillaboom\n|turn|4\n|\n|t:|1699818632\n|-terastallize|p2b: Rillaboom|Grass\n|move|p1a: Urshifu|Protect|p1a: Urshifu\n|-singleturn|p1a: Urshifu|Protect\n|move|p2b: Rillaboom|Grassy Glide|p1a: Urshifu\n|-activate|p1a: Urshifu|move: Protect\n|move|p1b: Clefairy|Thunder Wave|p2b: Rillaboom\n|-status|p2b: Rillaboom|par\n|cant|p2a: Politoed|par\n|\n|-weather|RainDance|[upkeep]\n|-heal|p1a: Urshifu|75\/100|[from] Grassy Terrain\n|-heal|p1b: Clefairy|24\/100|[from] Grassy Terrain\n|upkeep\n|turn|5\n|\n|t:|1699818650\n|move|p2b: Rillaboom|Grassy Glide|p1a: Urshifu\n|-supereffective|p1a: Urshifu\n|-damage|p1a: Urshifu|0 fnt\n|faint|p1a: Urshifu\n|move|p1b: Clefairy|Moonblast|p2b: Rillaboom\n|-damage|p2b: Rillaboom|71\/100 par\n|-unboost|p2b: Rillaboom|spa|1\n|move|p2a: Politoed|Muddy Water|p1b: Clefairy\n|-damage|p1b: Clefairy|0 fnt\n|faint|p1b: Clefairy\n|\n|-weather|none\n|-heal|p2b: Rillaboom|77\/100 par|[from] Grassy Terrain\n|upkeep\n|\n|t:|1699818653\n|switch|p1b: Kingambit|Kingambit, L50, M|100\/100\n|turn|6\n|\n|t:|1699818668\n|move|p2b: Rillaboom|High Horsepower|p1b: Kingambit\n|-supereffective|p1b: Kingambit\n|-damage|p1b: Kingambit|53\/100\n|move|p1b: Kingambit|Swords Dance|p1b: Kingambit\n|-boost|p1b: Kingambit|atk|2\n|move|p2a: Politoed|Focus Blast|p1b: Kingambit|[miss]\n|-miss|p2a: Politoed|p1b: Kingambit\n|\n|-heal|p2b: Rillaboom|83\/100 par|[from] Grassy Terrain\n|-heal|p1b: Kingambit|59\/100|[from] Grassy Terrain\n|upkeep\n|turn|7\n|\n|t:|1699818679\n|move|p1b: Kingambit|Sucker Punch|p2b: Rillaboom\n|-damage|p2b: Rillaboom|0 fnt\n|faint|p2b: Rillaboom\n|move|p2a: Politoed|Muddy Water|p1b: Kingambit\n|-damage|p1b: Kingambit|13\/100\n|\n|-heal|p1b: Kingambit|18\/100|[from] Grassy Terrain\n|upkeep\n|\n|t:|1699818682\n|switch|p2b: Cetitan|Cetitan, L50, F|100\/100\n|turn|8\n|\n|t:|1699818692\n|move|p1b: Kingambit|Sucker Punch|p2b: Cetitan\n|-damage|p2b: Cetitan|0 fnt\n|faint|p2b: Cetitan\n|cant|p2a: Politoed|par\n|\n|-heal|p1b: Kingambit|24\/100|[from] Grassy Terrain\n|-fieldend|move: Grassy Terrain\n|upkeep\n|turn|9\n|\n|t:|1699818706\n|move|p1b: Kingambit|Sucker Punch|p2a: Politoed\n|-damage|p2a: Politoed|0 fnt\n|faint|p2a: Politoed\n|\n|win|05Snicker\n|raw|05Snicker's rating: 1129 &rarr; <strong>1148<\/strong><br \/>(+19 for winning)\n|raw|TrainerDylan24's rating: 1051 &rarr; <strong>1037<\/strong><br \/>(-14 for losing)\n|l|\u2606TrainerDylan24\n","uploadtime":1699818766,"views":11,"p1id":"05snicker","p2id":"trainerdylan24","formatid":"gen9vgc2023regulatione","rating":1037,"private":0,"password":""}