{"id":"gen9vgc2023regulatione-1998673613","p1":"wotthehekman","p2":"DragsIThink","format":"[Gen 9] VGC 2023 Regulation E","log":"|j|\u2606wotthehekman\n|j|\u2606DragsIThink\n|t:|1700970687\n|gametype|doubles\n|player|p1|wotthehekman|ingo|\n|player|p2|DragsIThink|roxie|\n|teamsize|p1|6\n|teamsize|p2|6\n|gen|9\n|tier|[Gen 9] VGC 2023 Regulation E\n|rule|Species Clause: Limit one of each Pok\u00e9mon\n|rule|Item Clause: Limit one of each item\n|clearpoke\n|poke|p1|Armarouge, L50, F|\n|poke|p1|Indeedee-F, L50, F|\n|poke|p1|Azumarill, L50, F|\n|poke|p1|Kingambit, L50, M|\n|poke|p1|Sinistcha, L50|\n|poke|p1|Conkeldurr, L50, F|\n|poke|p2|Oricorio-Pom-Pom, L50, F|\n|poke|p2|Volcarona, L50, M|\n|poke|p2|Roaring Moon, L50|\n|poke|p2|Alomomola, L50, F|\n|poke|p2|Chi-Yu, L50|\n|poke|p2|Ogerpon-Wellspring, L50, F|\n|teampreview|4\n|\n|t:|1700970728\n|start\n|switch|p1a: Armarouge|Armarouge, L50, F|100\/100\n|switch|p1b: Indeedee|Indeedee-F, L50, F|100\/100\n|switch|p2a: PomPomni|Oricorio-Pom-Pom, L50, F, shiny|100\/100\n|switch|p2b: Sunnyboy|Volcarona, L50, M|100\/100\n|-fieldstart|move: Psychic Terrain|[from] ability: Psychic Surge|[of] p1b: Indeedee\n|turn|1\n|\n|t:|1700970747\n|move|p1b: Indeedee|Follow Me|p1b: Indeedee\n|-singleturn|p1b: Indeedee|move: Follow Me\n|move|p2b: Sunnyboy|Quiver Dance|p2b: Sunnyboy\n|-boost|p2b: Sunnyboy|spa|1\n|-boost|p2b: Sunnyboy|spd|1\n|-boost|p2b: Sunnyboy|spe|1\n|-activate|p2a: PomPomni|ability: Dancer\n|move|p2a: PomPomni|Quiver Dance|p2a: PomPomni|[from]ability: Dancer\n|-boost|p2a: PomPomni|spa|1\n|-boost|p2a: PomPomni|spd|1\n|-boost|p2a: PomPomni|spe|1\n|move|p2a: PomPomni|Quiver Dance|p2a: PomPomni\n|-boost|p2a: PomPomni|spa|1\n|-boost|p2a: PomPomni|spd|1\n|-boost|p2a: PomPomni|spe|1\n|move|p1a: Armarouge|Trick Room|p1a: Armarouge\n|-fieldstart|move: Trick Room|[of] p1a: Armarouge\n|\n|upkeep\n|turn|2\n|\n|t:|1700970775\n|move|p1b: Indeedee|Helping Hand|p1a: Armarouge\n|-singleturn|p1a: Armarouge|Helping Hand|[of] p1b: Indeedee\n|move|p1a: Armarouge|Expanding Force|p2a: PomPomni|[spread] p2a,p2b\n|-damage|p2a: PomPomni|6\/100\n|-damage|p2b: Sunnyboy|9\/100\n|-damage|p1a: Armarouge|90\/100|[from] item: Life Orb\n|move|p2b: Sunnyboy|Fiery Dance|p1b: Indeedee\n|-damage|p1b: Indeedee|40\/100\n|-boost|p2b: Sunnyboy|spa|1\n|-activate|p2a: PomPomni|ability: Dancer\n|move|p2a: PomPomni|Fiery Dance|p1b: Indeedee|[from]ability: Dancer\n|-damage|p1b: Indeedee|0 fnt\n|faint|p1b: Indeedee\n|move|p2a: PomPomni|Revelation Dance|p1a: Armarouge\n|-damage|p1a: Armarouge|0 fnt\n|faint|p1a: Armarouge\n|\n|upkeep\n|\n|t:|1700970787\n|switch|p1a: Conkeldurr|Conkeldurr, L50, F|100\/100\n|switch|p1b: Sinistcha|Sinistcha, L50|100\/100\n|turn|3\n|\n|t:|1700970821\n|move|p2a: PomPomni|Protect|p2a: PomPomni\n|-singleturn|p2a: PomPomni|Protect\n|move|p1b: Sinistcha|Rage Powder|p1b: Sinistcha\n|-singleturn|p1b: Sinistcha|move: Rage Powder\n|move|p1a: Conkeldurr|High Horsepower|p2b: Sunnyboy\n|-damage|p2b: Sunnyboy|0 fnt\n|faint|p2b: Sunnyboy\n|\n|-status|p1a: Conkeldurr|brn|[from] item: Flame Orb\n|upkeep\n|\n|t:|1700970839\n|switch|p2b: Fish.|Chi-Yu, L50|100\/100\n|-ability|p2b: Fish.|Beads of Ruin\n|turn|4\n|\n|t:|1700970859\n|move|p2b: Fish.|Protect|p2b: Fish.\n|-singleturn|p2b: Fish.|Protect\n|move|p2a: PomPomni|Protect||[still]\n|-fail|p2a: PomPomni\n|move|p1b: Sinistcha|Rage Powder|p1b: Sinistcha\n|-singleturn|p1b: Sinistcha|move: Rage Powder\n|move|p1a: Conkeldurr|Drain Punch|p2b: Fish.\n|-activate|p2b: Fish.|move: Protect\n|\n|-damage|p1a: Conkeldurr|94\/100 brn|[from] brn\n|upkeep\n|turn|5\n|\n|t:|1700970875\n|-terastallize|p1b: Sinistcha|Fire\n|move|p1b: Sinistcha|Rage Powder|p1b: Sinistcha\n|-singleturn|p1b: Sinistcha|move: Rage Powder\n|move|p1a: Conkeldurr|Drain Punch|p2b: Fish.\n|-supereffective|p2b: Fish.\n|-enditem|p2b: Fish.|Focus Sash\n|-damage|p2b: Fish.|1\/100\n|-heal|p1a: Conkeldurr|100\/100 brn|[from] drain|[of] p2b: Fish.\n|move|p2b: Fish.|Heat Wave|p1b: Sinistcha|[spread] p1a\n|-miss|p2b: Fish.|p1b: Sinistcha\n|-damage|p1a: Conkeldurr|38\/100 brn\n|move|p2a: PomPomni|Air Slash|p1b: Sinistcha\n|-damage|p1b: Sinistcha|0 fnt\n|faint|p1b: Sinistcha\n|\n|-damage|p1a: Conkeldurr|32\/100 brn|[from] brn\n|-fieldend|move: Trick Room\n|-fieldend|move: Psychic Terrain\n|upkeep\n|turn|6\n|\n|t:|1700970896\n|move|p2a: PomPomni|Revelation Dance|p1a: Conkeldurr\n|-damage|p1a: Conkeldurr|0 fnt\n|faint|p1a: Conkeldurr\n|\n|win|DragsIThink\n|c|\u2606DragsIThink|gg\n|c|\u2606wotthehekman|gg\n|l|\u2606wotthehekman\n","uploadtime":1700970975,"views":2,"p1id":"wotthehekman","p2id":"dragsithink","formatid":"gen9vgc2023regulatione","rating":0,"private":0,"password":""}