{"id":"gen9vgc2023regulatione-1991810756","p1":"jeikono","p2":"im new smash me!","format":"[Gen 9] VGC 2023 Regulation E","log":"|j|\u2606jeikono\n|j|\u2606im new smash me!\n|t:|1700121601\n|gametype|doubles\n|player|p1|jeikono|whitney|1150\n|player|p2|im new smash me!|1|1031\n|teamsize|p1|4\n|teamsize|p2|6\n|gen|9\n|tier|[Gen 9] VGC 2023 Regulation E\n|rated|\n|rule|Species Clause: Limit one of each Pok\u00e9mon\n|rule|Item Clause: Limit one of each item\n|clearpoke\n|poke|p1|Sableye, L50, F|\n|poke|p1|Maushold, L50|\n|poke|p1|Sinistcha-Masterpiece, L50|\n|poke|p1|Garganacl, L50, M|\n|poke|p2|Weezing, L50, M|\n|poke|p2|Cloyster, L50, M|\n|poke|p2|Amoonguss, L50, F|\n|poke|p2|Charizard, L50, F|\n|poke|p2|Zapdos, L50|\n|poke|p2|Slaking, L50, F|\n|teampreview|4\n|inactive|Battle timer is ON: inactive players will automatically lose when time's up. (requested by im new smash me!)\n|inactive|jeikono also wants the timer to be on.\n|\n|t:|1700121613\n|start\n|switch|p1a: Sableye|Sableye, L50, F|100\/100\n|switch|p1b: Sinistcha|Sinistcha-Masterpiece, L50|100\/100\n|switch|p2a: Cloyster|Cloyster, L50, M|100\/100\n|switch|p2b: Amoonguss|Amoonguss, L50, F|100\/100\n|turn|1\n|\n|t:|1700121623\n|move|p2b: Amoonguss|Rage Powder|p2b: Amoonguss\n|-singleturn|p2b: Amoonguss|move: Rage Powder\n|move|p1a: Sableye|Gravity|p1a: Sableye\n|-fieldstart|move: Gravity\n|move|p2a: Cloyster|Shell Smash|p2a: Cloyster\n|-unboost|p2a: Cloyster|def|1\n|-unboost|p2a: Cloyster|spd|1\n|-boost|p2a: Cloyster|atk|2\n|-boost|p2a: Cloyster|spa|2\n|-boost|p2a: Cloyster|spe|2\n|-enditem|p2a: Cloyster|White Herb\n|-clearnegativeboost|p2a: Cloyster|[silent]\n|move|p1b: Sinistcha|Matcha Gotcha|p2b: Amoonguss|[spread] p2a,p2b\n|-supereffective|p2a: Cloyster\n|-resisted|p2b: Amoonguss\n|-damage|p2a: Cloyster|0 fnt\n|-damage|p2b: Amoonguss|96\/100\n|faint|p2a: Cloyster\n|\n|-heal|p2b: Amoonguss|100\/100|[from] item: Leftovers\n|upkeep\n|\n|t:|1700121642\n|switch|p2a: Zapdos|Zapdos, L50|100\/100\n|-ability|p2a: Zapdos|Pressure\n|turn|2\n|\n|t:|1700121656\n|move|p1a: Sableye|Encore|p2b: Amoonguss\n|-start|p2b: Amoonguss|Encore\n|move|p2a: Zapdos|Tailwind|p2a: Zapdos\n|-sidestart|p2: im new smash me!|move: Tailwind\n|move|p2b: Amoonguss|Rage Powder|p2b: Amoonguss\n|-singleturn|p2b: Amoonguss|move: Rage Powder\n|move|p1b: Sinistcha|Matcha Gotcha|p2b: Amoonguss|[spread] p2a,p2b\n|-resisted|p2a: Zapdos\n|-resisted|p2b: Amoonguss\n|-damage|p2a: Zapdos|85\/100\n|-damage|p2b: Amoonguss|95\/100\n|-status|p2b: Amoonguss|brn\n|\n|-heal|p2b: Amoonguss|100\/100 brn|[from] item: Leftovers\n|-damage|p2b: Amoonguss|95\/100 brn|[from] brn\n|upkeep\n|turn|3\n|inactive|jeikono has 30 seconds left.\n|\n|t:|1700121681\n|move|p2b: Amoonguss|Rage Powder|p2b: Amoonguss\n|-singleturn|p2b: Amoonguss|move: Rage Powder\n|move|p1a: Sableye|Disable|p2b: Amoonguss\n|-start|p2b: Amoonguss|Disable|Rage Powder\n|move|p2a: Zapdos|Ancient Power|p1a: Sableye\n|-damage|p1a: Sableye|63\/100\n|-enditem|p1a: Sableye|Eject Button\n|\n|t:|1700121690\n|switch|p1a: Maushold|Maushold, L50|100\/100\n|move|p1b: Sinistcha|Shadow Ball|p2a: Zapdos\n|-damage|p2a: Zapdos|44\/100\n|-unboost|p2a: Zapdos|spd|1\n|\n|-heal|p2b: Amoonguss|100\/100 brn|[from] item: Leftovers\n|-damage|p2b: Amoonguss|95\/100 brn|[from] brn\n|upkeep\n|turn|4\n|\n|t:|1700121713\n|switch|p2b: Weezing|Weezing, L50, M|100\/100\n|-ability|p2b: Weezing|Neutralizing Gas\n|move|p2a: Zapdos|Roost|p2a: Zapdos\n|-heal|p2a: Zapdos|94\/100\n|-singleturn|p2a: Zapdos|move: Roost\n|move|p1a: Maushold|Population Bomb|p2a: Zapdos\n|-damage|p2a: Zapdos|87\/100\n|-damage|p2a: Zapdos|79\/100\n|-damage|p2a: Zapdos|72\/100\n|-damage|p2a: Zapdos|64\/100\n|-damage|p2a: Zapdos|56\/100\n|-damage|p2a: Zapdos|48\/100\n|-crit|p2a: Zapdos\n|-damage|p2a: Zapdos|35\/100\n|-damage|p2a: Zapdos|27\/100\n|-damage|p2a: Zapdos|18\/100\n|-enditem|p2a: Zapdos|Wiki Berry|[eat]\n|-heal|p2a: Zapdos|51\/100|[from] item: Wiki Berry\n|-damage|p2a: Zapdos|43\/100\n|-hitcount|p2a: Zapdos|10\n|move|p1b: Sinistcha|Matcha Gotcha|p2a: Zapdos|[spread] p2a,p2b\n|-resisted|p2b: Weezing\n|-damage|p2a: Zapdos|0 fnt\n|-damage|p2b: Weezing|85\/100\n|-status|p2b: Weezing|brn\n|faint|p2a: Zapdos\n|\n|-damage|p2b: Weezing|79\/100 brn|[from] brn\n|upkeep\n|inactive|im new smash me! has 30 seconds left.\n|\n|t:|1700121744\n|switch|p2a: Amoonguss|Amoonguss, L50, F|100\/100 brn\n|turn|5\n|-message|im new smash me! forfeited.\n|\n|win|jeikono\n|raw|jeikono's rating: 1150 &rarr; <strong>1167<\/strong><br \/>(+17 for winning)\n|raw|im new smash me!'s rating: 1031 &rarr; <strong>1021<\/strong><br \/>(-10 for losing)\n|l|\u2606im new smash me!\n","uploadtime":1700121752,"views":20,"p1id":"jeikono","p2id":"imnewsmashme","formatid":"gen9vgc2023regulatione","rating":1021,"private":0,"password":""}