{"id":"gen9vgc2023regulatione-1991409320","p1":"Nervoneo","p2":"Deli(VeryReal)","format":"[Gen 9] VGC 2023 Regulation E","log":"|j|\u2606Nervoneo\n|j|\u2606Deli(VeryReal)\n|t:|1700074684\n|gametype|doubles\n|player|p1|Nervoneo|101|1073\n|player|p2|Deli(VeryReal)|brendan-contest|1136\n|teamsize|p1|6\n|teamsize|p2|6\n|gen|9\n|tier|[Gen 9] VGC 2023 Regulation E\n|rated|\n|rule|Species Clause: Limit one of each Pok\u00e9mon\n|rule|Item Clause: Limit one of each item\n|clearpoke\n|poke|p1|Clodsire, L50, M|\n|poke|p1|Dipplin, L50, M|\n|poke|p1|Iron Bundle, L50|\n|poke|p1|Tauros-Paldea-Blaze, L50, M|\n|poke|p1|Landorus-Therian, L50, M|\n|poke|p1|Farigiraf, L50, M|\n|poke|p2|Iron Bundle, L50|\n|poke|p2|Sneasler, L50, M|\n|poke|p2|Rillaboom, L50, F|\n|poke|p2|Dondozo, L50, F|\n|poke|p2|Tatsugiri-Stretchy, L50, M|\n|poke|p2|Ninetales-Alola, L50, F|\n|teampreview|4\n|inactive|Battle timer is ON: inactive players will automatically lose when time's up. (requested by Deli(VeryReal))\n|c|\u2606Deli(VeryReal)|love the team\n|c|\u2606Nervoneo|meme team fr\n|c|\u2606Nervoneo|(idkwhatimdoing)\n|c|\u2606Deli(VeryReal)|LMAO\n|inactive|Nervoneo has 60 seconds left.\n|\n|t:|1700074741\n|start\n|switch|p1a: Tauros|Tauros-Paldea-Blaze, L50, M|100\/100\n|switch|p1b: Clodsire|Clodsire, L50, M|100\/100\n|switch|p2a: Rillaboom|Rillaboom, L50, F|100\/100\n|switch|p2b: Dondozo|Dondozo, L50, F|100\/100\n|-ability|p1a: Tauros|Intimidate|boost\n|-unboost|p2a: Rillaboom|atk|1\n|-fail|p2b: Dondozo|unboost|Attack|[from] ability: Oblivious|[of] p2b: Dondozo\n|-fieldstart|move: Grassy Terrain|[from] ability: Grassy Surge|[of] p2a: Rillaboom\n|turn|1\n|inactive|Nervoneo has 30 seconds left.\n|\n|t:|1700074772\n|-terastallize|p1a: Tauros|Grass\n|move|p2b: Dondozo|Protect|p2b: Dondozo\n|-singleturn|p2b: Dondozo|Protect\n|move|p1a: Tauros|Raging Bull|p2a: Rillaboom\n|-supereffective|p2a: Rillaboom\n|-damage|p2a: Rillaboom|14\/100\n|move|p2a: Rillaboom|High Horsepower|p1a: Tauros\n|-resisted|p1a: Tauros\n|-damage|p1a: Tauros|82\/100\n|move|p1b: Clodsire|Yawn|p2b: Dondozo\n|-activate|p2b: Dondozo|move: Protect\n|\n|-heal|p1a: Tauros|88\/100|[from] Grassy Terrain\n|-heal|p2a: Rillaboom|19\/100|[from] Grassy Terrain\n|upkeep\n|turn|2\n|\n|t:|1700074786\n|switch|p2a: Tatsugiri|Tatsugiri-Stretchy, L50, M|100\/100\n|-activate|p2a: Tatsugiri|ability: Commander|[of] p2b: Dondozo\n|-boost|p2b: Dondozo|atk|2\n|-boost|p2b: Dondozo|spa|2\n|-boost|p2b: Dondozo|spe|2\n|-boost|p2b: Dondozo|def|2\n|-boost|p2b: Dondozo|spd|2\n|move|p1a: Tauros|Raging Bull|p2a: Tatsugiri|[miss]\n|-miss|p1a: Tauros|p2a: Tatsugiri\n|move|p2b: Dondozo|Substitute|p2b: Dondozo\n|-start|p2b: Dondozo|Substitute\n|-damage|p2b: Dondozo|75\/100\n|move|p1b: Clodsire|Yawn||[still]\n|-fail|p1b: Clodsire\n|\n|-heal|p1a: Tauros|94\/100|[from] Grassy Terrain\n|-heal|p2b: Dondozo|82\/100|[from] Grassy Terrain\n|-heal|p2b: Dondozo|88\/100|[from] item: Leftovers\n|upkeep\n|turn|3\n|\n|t:|1700074809\n|move|p1a: Tauros|Stomping Tantrum|p2b: Dondozo\n|-activate|p2b: Dondozo|move: Substitute|[damage]\n|move|p2b: Dondozo|Order Up|p1b: Clodsire\n|-damage|p1b: Clodsire|55\/100\n|-boost|p2b: Dondozo|spe|1\n|move|p1b: Clodsire|Stomping Tantrum|p2b: Dondozo\n|-end|p2b: Dondozo|Substitute\n|\n|-heal|p2b: Dondozo|94\/100|[from] Grassy Terrain\n|-heal|p2b: Dondozo|100\/100|[from] item: Leftovers\n|-heal|p1a: Tauros|99\/100|[from] Grassy Terrain\n|-heal|p1b: Clodsire|61\/100|[from] Grassy Terrain\n|upkeep\n|turn|4\n|inactive|Nervoneo has 30 seconds left.\n|\n|t:|1700074838\n|move|p2b: Dondozo|Wave Crash|p1b: Clodsire\n|-heal|p1b: Clodsire|86\/100|[from] ability: Water Absorb|[of] p2b: Dondozo\n|move|p1a: Tauros|Stomping Tantrum|p2b: Dondozo\n|-damage|p2b: Dondozo|94\/100\n|move|p1b: Clodsire|Stomping Tantrum|p2b: Dondozo\n|-damage|p2b: Dondozo|84\/100\n|\n|-heal|p2b: Dondozo|91\/100|[from] Grassy Terrain\n|-heal|p2b: Dondozo|97\/100|[from] item: Leftovers\n|-heal|p1a: Tauros|100\/100|[from] Grassy Terrain\n|-heal|p1b: Clodsire|92\/100|[from] Grassy Terrain\n|upkeep\n|turn|5\n|\n|t:|1700074853\n|switch|p1b: Iron Bundle|Iron Bundle, L50|100\/100\n|-enditem|p1b: Iron Bundle|Booster Energy\n|-activate|p1b: Iron Bundle|ability: Quark Drive|[fromitem]\n|-start|p1b: Iron Bundle|quarkdrivespe\n|move|p2b: Dondozo|Substitute|p2b: Dondozo\n|-start|p2b: Dondozo|Substitute\n|-damage|p2b: Dondozo|72\/100\n|move|p1a: Tauros|Stomping Tantrum|p2b: Dondozo\n|-activate|p2b: Dondozo|move: Substitute|[damage]\n|\n|-heal|p2b: Dondozo|78\/100|[from] Grassy Terrain\n|-heal|p2b: Dondozo|84\/100|[from] item: Leftovers\n|-fieldend|move: Grassy Terrain\n|upkeep\n|turn|6\n|\n|t:|1700074875\n|switch|p1a: Clodsire|Clodsire, L50, M|92\/100\n|move|p1b: Iron Bundle|Freeze-Dry|p2b: Dondozo\n|-supereffective|p2b: Dondozo\n|-end|p2b: Dondozo|Substitute\n|move|p2b: Dondozo|Order Up|p1b: Iron Bundle\n|-damage|p1b: Iron Bundle|44\/100\n|-boost|p2b: Dondozo|spe|1\n|\n|-heal|p2b: Dondozo|91\/100|[from] item: Leftovers\n|upkeep\n|turn|7\n|\n|t:|1700074890\n|move|p1a: Clodsire|Helping Hand|p1b: Iron Bundle\n|-singleturn|p1b: Iron Bundle|Helping Hand|[of] p1a: Clodsire\n|move|p2b: Dondozo|Protect|p2b: Dondozo\n|-singleturn|p2b: Dondozo|Protect\n|move|p1b: Iron Bundle|Freeze-Dry|p2b: Dondozo\n|-activate|p2b: Dondozo|move: Protect\n|\n|-heal|p2b: Dondozo|97\/100|[from] item: Leftovers\n|upkeep\n|turn|8\n|\n|t:|1700074899\n|move|p1b: Iron Bundle|Encore|p2b: Dondozo\n|-start|p2b: Dondozo|Encore\n|move|p2b: Dondozo|Protect||[still]\n|-fail|p2b: Dondozo\n|move|p1a: Clodsire|Yawn|p2b: Dondozo\n|-start|p2b: Dondozo|move: Yawn|[of] p1a: Clodsire\n|\n|-heal|p2b: Dondozo|100\/100|[from] item: Leftovers\n|upkeep\n|turn|9\n|c|\u2606Deli(VeryReal)|bruh\n|\n|t:|1700074908\n|move|p1a: Clodsire|Helping Hand|p1b: Iron Bundle\n|-singleturn|p1b: Iron Bundle|Helping Hand|[of] p1a: Clodsire\n|move|p2b: Dondozo|Protect|p2b: Dondozo\n|-singleturn|p2b: Dondozo|Protect\n|move|p1b: Iron Bundle|Freeze-Dry|p2b: Dondozo\n|-activate|p2b: Dondozo|move: Protect\n|\n|-end|p2b: Dondozo|move: Yawn|[silent]\n|-status|p2b: Dondozo|slp\n|upkeep\n|turn|10\n|\n|t:|1700074915\n|move|p1a: Clodsire|Helping Hand|p1b: Iron Bundle\n|-singleturn|p1b: Iron Bundle|Helping Hand|[of] p1a: Clodsire\n|cant|p2b: Dondozo|slp\n|move|p1b: Iron Bundle|Freeze-Dry|p2b: Dondozo\n|-supereffective|p2b: Dondozo\n|-damage|p2b: Dondozo|43\/100 slp\n|\n|-heal|p2b: Dondozo|50\/100 slp|[from] item: Leftovers\n|-end|p2b: Dondozo|Encore\n|upkeep\n|turn|11\n|\n|t:|1700074925\n|move|p1a: Clodsire|Helping Hand|p1b: Iron Bundle\n|-singleturn|p1b: Iron Bundle|Helping Hand|[of] p1a: Clodsire\n|move|p1b: Iron Bundle|Freeze-Dry|p2b: Dondozo\n|-supereffective|p2b: Dondozo\n|-damage|p2b: Dondozo|0 fnt\n|faint|p2b: Dondozo\n|\n|upkeep\n|\n|t:|1700074934\n|switch|p2b: Sneasler|Sneasler, L50, M|100\/100\n|turn|12\n|\n|t:|1700074948\n|switch|p2a: Rillaboom|Rillaboom, L50, F|19\/100\n|-fieldstart|move: Grassy Terrain|[from] ability: Grassy Surge|[of] p2a: Rillaboom\n|-enditem|p2b: Sneasler|Grassy Seed\n|-boost|p2b: Sneasler|def|1|[from] item: Grassy Seed\n|switch|p1a: Tauros|Tauros-Paldea-Blaze, L50, M, tera:Grass|100\/100\n|-ability|p1a: Tauros|Intimidate|boost\n|-unboost|p2a: Rillaboom|atk|1\n|-unboost|p2b: Sneasler|atk|1\n|-terastallize|p2b: Sneasler|Rock\n|move|p2b: Sneasler|Rock Slide|p1a: Tauros|[spread] p1b\n|-miss|p2b: Sneasler|p1a: Tauros\n|-supereffective|p1b: Iron Bundle\n|-damage|p1b: Iron Bundle|0 fnt\n|faint|p1b: Iron Bundle\n|-end|p1b: Iron Bundle|Quark Drive|[silent]\n|\n|-heal|p2a: Rillaboom|25\/100|[from] Grassy Terrain\n|upkeep\n|inactive|Nervoneo has 30 seconds left.\n|\n|t:|1700074973\n|switch|p1b: Dipplin|Dipplin, L50, M|100\/100\n|-ability|p1b: Dipplin|Supersweet Syrup\n|-ability|p1b: Dipplin|Supersweet Syrup|boost\n|-unboost|p2a: Rillaboom|evasion|1\n|-unboost|p2b: Sneasler|evasion|1\n|turn|13\n|\n|t:|1700074994\n|move|p2b: Sneasler|Acrobatics|p1a: Tauros\n|-supereffective|p1a: Tauros\n|-damage|p1a: Tauros|39\/100\n|move|p1a: Tauros|Rock Slide|p2b: Sneasler|[spread] p2a,p2b\n|-damage|p2a: Rillaboom|6\/100\n|-damage|p2b: Sneasler|84\/100\n|move|p2a: Rillaboom|U-turn|p1a: Tauros\n|-supereffective|p1a: Tauros\n|-damage|p1a: Tauros|0 fnt\n|faint|p1a: Tauros\n|\n|t:|1700075003\n|switch|p2a: Tatsugiri|Tatsugiri-Stretchy, L50, M|100\/100|[from] U-turn\n|move|p1b: Dipplin|Syrup Bomb|p2b: Sneasler\n|-supereffective|p2b: Sneasler\n|-damage|p2b: Sneasler|0 fnt\n|faint|p2b: Sneasler\n|\n|upkeep\n|\n|t:|1700075008\n|switch|p2b: Rillaboom|Rillaboom, L50, F|6\/100\n|switch|p1a: Clodsire|Clodsire, L50, M|92\/100\n|turn|14\n|\n|t:|1700075033\n|move|p1b: Dipplin|Protect|p1b: Dipplin\n|-singleturn|p1b: Dipplin|Protect\n|move|p2a: Tatsugiri|Icy Wind|p1b: Dipplin|[spread] p1a\n|-activate|p1b: Dipplin|move: Protect\n|-supereffective|p1a: Clodsire\n|-damage|p1a: Clodsire|74\/100\n|-unboost|p1a: Clodsire|spe|1\n|move|p2b: Rillaboom|Wood Hammer|p1a: Clodsire\n|-damage|p1a: Clodsire|0 fnt\n|faint|p1a: Clodsire\n|-damage|p2b: Rillaboom|0 fnt|[from] Recoil\n|faint|p2b: Rillaboom\n|\n|upkeep\n|turn|15\n|\n|t:|1700075047\n|move|p2a: Tatsugiri|Icy Wind|p1b: Dipplin\n|-supereffective|p1b: Dipplin\n|-damage|p1b: Dipplin|41\/100\n|-unboost|p1b: Dipplin|spe|1\n|move|p1b: Dipplin|Draco Meteor|p2a: Tatsugiri\n|-supereffective|p2a: Tatsugiri\n|-enditem|p2a: Tatsugiri|Focus Sash\n|-damage|p2a: Tatsugiri|1\/100\n|-unboost|p1b: Dipplin|spa|2\n|\n|-heal|p2a: Tatsugiri|7\/100|[from] Grassy Terrain\n|-heal|p1b: Dipplin|46\/100|[from] Grassy Terrain\n|upkeep\n|turn|16\n|\n|t:|1700075055\n|move|p2a: Tatsugiri|Draco Meteor|p1b: Dipplin\n|-supereffective|p1b: Dipplin\n|-damage|p1b: Dipplin|0 fnt\n|-unboost|p2a: Tatsugiri|spa|2\n|faint|p1b: Dipplin\n|\n|win|Deli(VeryReal)\n|raw|Nervoneo's rating: 1073 &rarr; <strong>1056<\/strong><br \/>(-17 for losing)\n|raw|Deli(VeryReal)'s rating: 1136 &rarr; <strong>1157<\/strong><br \/>(+21 for winning)\n|c|\u2606Nervoneo|ggwp\n|c|\u2606Deli(VeryReal)|ggwp\n|l|\u2606Deli(VeryReal)\n","uploadtime":1700075066,"views":24,"p1id":"nervoneo","p2id":"deliveryreal","formatid":"gen9vgc2023regulatione","rating":1056,"private":0,"password":""}