{"id":"gen9vgc2023regulatione-1993843640","p1":"Tastelesscow","p2":"Souped Soup","format":"[Gen 9] VGC 2023 Regulation E","log":"|j|\u2606Tastelesscow\n|j|\u2606Souped Soup\n|t:|1700364249\n|gametype|doubles\n|player|p1|Tastelesscow|102|1113\n|player|p2|Souped Soup|emmet|1093\n|teamsize|p1|6\n|teamsize|p2|6\n|gen|9\n|tier|[Gen 9] VGC 2023 Regulation E\n|rated|\n|rule|Species Clause: Limit one of each Pok\u00e9mon\n|rule|Item Clause: Limit one of each item\n|clearpoke\n|poke|p1|Indeedee-F, L50, F|\n|poke|p1|Armarouge, L50, M|\n|poke|p1|Ursaluna, L50, F|\n|poke|p1|Iron Hands, L50|\n|poke|p1|Brute Bonnet, L50|\n|poke|p1|Farigiraf, L50, M|\n|poke|p2|Arcanine-Hisui, L50, F|\n|poke|p2|Armarouge, L50, F|\n|poke|p2|Indeedee-F, L50, F|\n|poke|p2|Murkrow, L50, M|\n|poke|p2|Amoonguss, L50, M|\n|poke|p2|Iron Hands, L50|\n|teampreview|4\n|\n|t:|1700364310\n|start\n|switch|p1a: Mama Bear|Ursaluna, L50, F, shiny|100\/100\n|switch|p1b: Melman|Farigiraf, L50, M, shiny|100\/100\n|switch|p2a: Murkrow|Murkrow, L50, M, shiny|100\/100\n|switch|p2b: Arcanine|Arcanine-Hisui, L50, F, shiny|100\/100\n|-ability|p2b: Arcanine|Intimidate|boost\n|-unboost|p1a: Mama Bear|atk|1\n|-unboost|p1b: Melman|atk|1\n|turn|1\n|\n|t:|1700364326\n|move|p1a: Mama Bear|Protect|p1a: Mama Bear\n|-singleturn|p1a: Mama Bear|Protect\n|move|p2a: Murkrow|Tailwind|p2a: Murkrow\n|-sidestart|p2: Souped Soup|move: Tailwind\n|move|p2b: Arcanine|Close Combat|p1a: Mama Bear\n|-activate|p1a: Mama Bear|move: Protect\n|move|p1b: Melman|Trick Room|p1b: Melman\n|-fieldstart|move: Trick Room|[of] p1b: Melman\n|\n|-status|p1a: Mama Bear|brn|[from] item: Flame Orb\n|upkeep\n|turn|2\n|\n|t:|1700364352\n|switch|p1a: Mega Man|Armarouge, L50, M, shiny|100\/100\n|move|p1b: Melman|Dazzling Gleam|p2a: Murkrow|[spread] p2a,p2b\n|-supereffective|p2a: Murkrow\n|-crit|p2a: Murkrow\n|-resisted|p2b: Arcanine\n|-damage|p2a: Murkrow|50\/100\n|-damage|p2b: Arcanine|88\/100\n|move|p2a: Murkrow|Foul Play|p1b: Melman\n|-supereffective|p1b: Melman\n|-damage|p1b: Melman|63\/100\n|move|p2b: Arcanine|Close Combat|p1a: Mega Man\n|-resisted|p1a: Mega Man\n|-damage|p1a: Mega Man|83\/100\n|-unboost|p2b: Arcanine|def|1\n|-unboost|p2b: Arcanine|spd|1\n|\n|-heal|p1b: Melman|69\/100|[from] item: Leftovers\n|upkeep\n|turn|3\n|\n|t:|1700364382\n|move|p2a: Murkrow|Haze|p2a: Murkrow\n|-clearallboost\n|move|p1b: Melman|Psychic|p2b: Arcanine\n|-damage|p2b: Arcanine|31\/100\n|move|p1a: Mega Man|Heat Wave|p2b: Arcanine|[spread] p2a,p2b\n|-resisted|p2b: Arcanine\n|-damage|p2a: Murkrow|2\/100\n|-damage|p2b: Arcanine|13\/100\n|move|p2b: Arcanine|Crunch|p1b: Melman\n|-supereffective|p1b: Melman\n|-damage|p1b: Melman|1\/100\n|\n|-heal|p1b: Melman|7\/100|[from] item: Leftovers\n|upkeep\n|turn|4\n|\n|t:|1700364418\n|switch|p1a: Mama Bear|Ursaluna, L50, F, shiny|100\/100 brn\n|move|p2a: Murkrow|Protect|p2a: Murkrow\n|-singleturn|p2a: Murkrow|Protect\n|move|p1b: Melman|Dazzling Gleam|p2b: Arcanine|[spread] p2b\n|-activate|p2a: Murkrow|move: Protect\n|-resisted|p2b: Arcanine\n|-damage|p2b: Arcanine|2\/100\n|move|p2b: Arcanine|Crunch|p1b: Melman\n|-supereffective|p1b: Melman\n|-damage|p1b: Melman|0 fnt\n|faint|p1b: Melman\n|\n|-damage|p1a: Mama Bear|95\/100 brn|[from] brn\n|-sideend|p2: Souped Soup|move: Tailwind\n|upkeep\n|\n|t:|1700364426\n|switch|p1b: Mega Man|Armarouge, L50, M, shiny|83\/100\n|turn|5\n|\n|t:|1700364439\n|move|p1a: Mama Bear|Protect|p1a: Mama Bear\n|-singleturn|p1a: Mama Bear|Protect\n|move|p2a: Murkrow|Tailwind|p2a: Murkrow\n|-sidestart|p2: Souped Soup|move: Tailwind\n|move|p1b: Mega Man|Heat Wave|p2b: Arcanine|[spread] \n|-miss|p1b: Mega Man|p2a: Murkrow\n|-miss|p1b: Mega Man|p2b: Arcanine\n|move|p2b: Arcanine|Close Combat|p1a: Mama Bear\n|-activate|p1a: Mama Bear|move: Protect\n|\n|-damage|p1a: Mama Bear|89\/100 brn|[from] brn\n|-fieldend|move: Trick Room\n|upkeep\n|turn|6\n|c|\u2606Tastelesscow|thats actually fucking stupid\n|c|\u2606Tastelesscow|get the fuck out of here\n|c|\u2606Tastelesscow|fuck this stupid fucking gasme\n|n|\u203dTastelesscow|tastelesscow\n|c|&|\/log Tastelesscow was locked from talking by Artemis. (\u2606Tastelesscow: fuck this stupid fucking gasme)\n|c|&|\/raw <small>This action was done automatically. Want to learn more about the AI? <a href=\"https:\/\/www.smogon.com\/forums\/threads\/3570628\/#post-9056769\">Visit the information thread<\/a>.<\/small>\n|-message|Tastelesscow forfeited.\n|\n|win|Souped Soup\n|raw|Tastelesscow's rating: 1113 &rarr; <strong>1087<\/strong><br \/>(-26 for losing)\n|raw|Souped Soup's rating: 1093 &rarr; <strong>1121<\/strong><br \/>(+28 for winning)\n|l|\u203dTastelesscow\n","uploadtime":1700364473,"views":9,"p1id":"tastelesscow","p2id":"soupedsoup","formatid":"gen9vgc2023regulatione","rating":1087,"private":0,"password":""}