{"id":"gen9vgc2023regulatione-1996472875","p1":"christianfinity","p2":"babiwi bewey\u2714\ufe0f","format":"[Gen 9] VGC 2023 Regulation E","log":"|j|\u2606christianfinity\n|j|\u2606babiwi bewey\u2714\ufe0f\n|n|\u2606christianfinity|christianfinity\n|n|\u2606babiwi bewey\u2714\ufe0f|babiwibewey\n|html|View the match progress at <a href=\"\/game-bestof3-gen9vgc2023regulatione-1996472874\">game-bestof3-gen9vgc2023regulatione-1996472874<\/a>\n|t:|1700685390\n|gametype|doubles\n|player|p1|christianfinity|youngathlete|\n|player|p2|babiwi bewey\u2714\ufe0f|valerie|\n|teamsize|p1|6\n|teamsize|p2|6\n|gen|9\n|tier|[Gen 9] VGC 2023 Regulation E\n|rule|Species Clause: Limit one of each Pok\u00e9mon\n|rule|Item Clause: Limit one of each item\n|clearpoke\n|poke|p1|Ninetales-Alola, L50, M|\n|poke|p1|Ogerpon-Wellspring, L50, F|\n|poke|p1|Baxcalibur, L50, F|\n|poke|p1|Arcanine-Hisui, L50, M|\n|poke|p1|Gholdengo, L50|\n|poke|p1|Rillaboom, L50, F|\n|poke|p2|Dondozo, L50, M|\n|poke|p2|Tatsugiri, L50, M|\n|poke|p2|Dragonite, L50, M|\n|poke|p2|Chien-Pao, L50|\n|poke|p2|Flutter Mane, L50|\n|poke|p2|Chi-Yu, L50|\n|teampreview|4\nchristianfinity has agreed to open team sheets.\n|j| gurupatak\nbabiwi bewey\u2714\ufe0f has agreed to open team sheets.\n|showteam|p1|Ninetales-Alola||LightClay|SnowWarning|AuroraVeil,IcyWind,Moonblast,Encore|||M|||50|,,,,,Ghost]Ogerpon-Wellspring||WellspringMask|WaterAbsorb|SwordsDance,IvyCudgel,HornLeech,SpikyShield|||F|||50|,,,,,Water]Baxcalibur||ClearAmulet|IceBody|DragonDance,IcicleCrash,HighHorsepower,Protect|||F|||50|,,,,,Poison]Arcanine-Hisui||ChoiceBand|Intimidate|FlareBlitz,RockSlide,ExtremeSpeed,TeraBlast|||M|||50|,,,,,Fairy]Gholdengo||Leftovers|GoodasGold|NastyPlot,MakeItRain,ShadowBall,Protect||||||50|,,,,,Fairy]Rillaboom||AssaultVest|GrassySurge|FakeOut,GrassyGlide,DrumBeating,HighHorsepower|||F|||50|,,,,,Fire\n|showteam|p2|Dondozo||Leftovers|Unaware|Protect,WaveCrash,Substitute,OrderUp|||M|||50|,,,,,Dragon]Tatsugiri||AbilityShield|Commander|Protect,Taunt,DracoMeteor,MuddyWater|||M|||50|,,,,,Steel]Dragonite||ChoiceBand|InnerFocus|StompingTantrum,ExtremeSpeed,AerialAce,Outrage|||M|||50|,,,,,Normal]Chien-Pao||FocusSash|SwordofRuin|Protect,IcicleCrash,SuckerPunch,Crunch||||||50|,,,,,Ghost]Flutter Mane||BoosterEnergy|Protosynthesis|ShadowBall,IcyWind,Moonblast,Protect||||||50|,,,,,Fairy]Chi-Yu||LifeOrb|BeadsofRuin|Protect,HeatWave,DarkPulse,Overheat||||||50|,,,,,Ghost\n|c|\u2606babiwi bewey\u2714\ufe0f|glhf\n|j| Sir Aaron07\n|j| Insertable194\n|\n|t:|1700685422\n|start\n|switch|p1a: Loam Child|Arcanine-Hisui, L50, M, shiny|100\/100\n|switch|p1b: Serendipity|Ninetales-Alola, L50, M, shiny|100\/100\n|switch|p2a: Flutter Mane|Flutter Mane, L50|100\/100\n|switch|p2b: Chi-Yu|Chi-Yu, L50|100\/100\n|-weather|Snow|[from] ability: Snow Warning|[of] p1b: Serendipity\n|-ability|p2b: Chi-Yu|Beads of Ruin\n|-ability|p1a: Loam Child|Intimidate|boost\n|-unboost|p2a: Flutter Mane|atk|1\n|-unboost|p2b: Chi-Yu|atk|1\n|-enditem|p2a: Flutter Mane|Booster Energy\n|-activate|p2a: Flutter Mane|ability: Protosynthesis|[fromitem]\n|-start|p2a: Flutter Mane|protosynthesisspe\n|turn|1\n|j| fyfyyalt1\n|\n|t:|1700685449\n|move|p2a: Flutter Mane|Icy Wind|p1b: Serendipity|[spread] p1a,p1b\n|-resisted|p1a: Loam Child\n|-resisted|p1b: Serendipity\n|-damage|p1a: Loam Child|92\/100\n|-damage|p1b: Serendipity|90\/100\n|-unboost|p1a: Loam Child|spe|1\n|-unboost|p1b: Serendipity|spe|1\n|move|p2b: Chi-Yu|Heat Wave|p1b: Serendipity|[spread] p1a,p1b\n|-resisted|p1a: Loam Child\n|-supereffective|p1b: Serendipity\n|-damage|p1a: Loam Child|76\/100\n|-damage|p1b: Serendipity|0 fnt\n|faint|p1b: Serendipity\n|-damage|p2b: Chi-Yu|91\/100|[from] item: Life Orb\n|move|p1a: Loam Child|Rock Slide|p2b: Chi-Yu|[spread] p2a,p2b\n|-supereffective|p2b: Chi-Yu\n|-damage|p2a: Flutter Mane|43\/100\n|-damage|p2b: Chi-Yu|0 fnt\n|faint|p2b: Chi-Yu\n|\n|-weather|Snow|[upkeep]\n|upkeep\n|\n|t:|1700685457\n|switch|p1b: Paracetamol|Rillaboom, L50, F|100\/100\n|switch|p2b: Dondozo|Dondozo, L50, M|100\/100\n|-fieldstart|move: Grassy Terrain|[from] ability: Grassy Surge|[of] p1b: Paracetamol\n|turn|2\n|\n|t:|1700685462\n|switch|p1a: Baxter|Baxcalibur, L50, F|100\/100\n|move|p2a: Flutter Mane|Protect|p2a: Flutter Mane\n|-singleturn|p2a: Flutter Mane|Protect\n|move|p2b: Dondozo|Protect|p2b: Dondozo\n|-singleturn|p2b: Dondozo|Protect\n|move|p1b: Paracetamol|Grassy Glide|p2a: Flutter Mane\n|-activate|p2a: Flutter Mane|move: Protect\n|\n|-weather|Snow|[upkeep]\n|-heal|p2a: Flutter Mane|49\/100|[from] Grassy Terrain\n|upkeep\n|turn|3\n|\n|t:|1700685490\n|-end|p2a: Flutter Mane|Protosynthesis|[silent]\n|switch|p2a: Tatsugiri|Tatsugiri, L50, M|100\/100\n|-activate|p2a: Tatsugiri|ability: Commander|[of] p2b: Dondozo\n|-boost|p2b: Dondozo|atk|2\n|-boost|p2b: Dondozo|spa|2\n|-boost|p2b: Dondozo|spe|2\n|-boost|p2b: Dondozo|def|2\n|-boost|p2b: Dondozo|spd|2\n|-terastallize|p2b: Dondozo|Dragon\n|move|p1a: Baxter|Protect|p1a: Baxter\n|-singleturn|p1a: Baxter|Protect\n|move|p1b: Paracetamol|Grassy Glide|p2a: Tatsugiri|[miss]\n|-miss|p1b: Paracetamol|p2a: Tatsugiri\n|move|p2b: Dondozo|Order Up|p1a: Baxter\n|-activate|p1a: Baxter|move: Protect\n|\n|-weather|Snow|[upkeep]\n|upkeep\n|turn|4\n|\n|t:|1700685502\n|move|p2b: Dondozo|Order Up|p1a: Baxter\n|-supereffective|p1a: Baxter\n|-damage|p1a: Baxter|22\/100\n|-boost|p2b: Dondozo|atk|1\n|move|p1a: Baxter|Icicle Crash|p2b: Dondozo\n|-supereffective|p2b: Dondozo\n|-damage|p2b: Dondozo|72\/100\n|move|p1b: Paracetamol|Drum Beating|p2b: Dondozo\n|-resisted|p2b: Dondozo\n|-damage|p2b: Dondozo|62\/100\n|-unboost|p2b: Dondozo|spe|1\n|\n|-weather|Snow|[upkeep]\n|-heal|p1a: Baxter|28\/100|[from] ability: Ice Body\n|-heal|p1a: Baxter|34\/100|[from] Grassy Terrain\n|-heal|p2b: Dondozo|68\/100|[from] Grassy Terrain\n|-heal|p2b: Dondozo|75\/100|[from] item: Leftovers\n|upkeep\n|turn|5\n|j| SlowHomie\n|\n|t:|1700685509\n|switch|p1b: Loam Child|Arcanine-Hisui, L50, M, shiny|76\/100\n|-ability|p1b: Loam Child|Intimidate|boost\n|-unboost|p2a: Tatsugiri|atk|1\n|-unboost|p2b: Dondozo|atk|1\n|move|p1a: Baxter|Protect|p1a: Baxter\n|-singleturn|p1a: Baxter|Protect\n|move|p2b: Dondozo|Order Up|p1a: Baxter\n|-activate|p1a: Baxter|move: Protect\n|\n|-weather|none\n|-heal|p1a: Baxter|41\/100|[from] Grassy Terrain\n|-heal|p2b: Dondozo|81\/100|[from] Grassy Terrain\n|-heal|p2b: Dondozo|87\/100|[from] item: Leftovers\n|-heal|p1b: Loam Child|82\/100|[from] Grassy Terrain\n|upkeep\n|turn|6\n|\n|t:|1700685517\n|-terastallize|p1b: Loam Child|Fairy\n|move|p1a: Baxter|Icicle Crash|p2b: Dondozo\n|-supereffective|p2b: Dondozo\n|-damage|p2b: Dondozo|58\/100\n|move|p2b: Dondozo|Order Up|p1a: Baxter\n|-supereffective|p1a: Baxter\n|-crit|p1a: Baxter\n|-damage|p1a: Baxter|0 fnt\n|faint|p1a: Baxter\n|-boost|p2b: Dondozo|atk|1\n|move|p1b: Loam Child|Tera Blast|p2b: Dondozo|[anim] Tera Blast Fairy\n|-supereffective|p2b: Dondozo\n|-damage|p2b: Dondozo|24\/100\n|\n|-heal|p2b: Dondozo|30\/100|[from] Grassy Terrain\n|-heal|p2b: Dondozo|36\/100|[from] item: Leftovers\n|-heal|p1b: Loam Child|88\/100|[from] Grassy Terrain\n|-fieldend|move: Grassy Terrain\n|upkeep\n|\n|t:|1700685523\n|switch|p1a: Paracetamol|Rillaboom, L50, F|100\/100\n|-fieldstart|move: Grassy Terrain|[from] ability: Grassy Surge|[of] p1a: Paracetamol\n|turn|7\n|\n|t:|1700685529\n|move|p2b: Dondozo|Protect|p2b: Dondozo\n|-singleturn|p2b: Dondozo|Protect\n|move|p1a: Paracetamol|Fake Out|p2b: Dondozo\n|-activate|p2b: Dondozo|move: Protect\n|move|p1b: Loam Child|Tera Blast|p2b: Dondozo|[anim] Tera Blast Fairy\n|-activate|p2b: Dondozo|move: Protect\n|\n|-heal|p2b: Dondozo|42\/100|[from] Grassy Terrain\n|-heal|p2b: Dondozo|48\/100|[from] item: Leftovers\n|-heal|p1b: Loam Child|94\/100|[from] Grassy Terrain\n|upkeep\n|turn|8\n|\n|t:|1700685537\n|move|p2b: Dondozo|Wave Crash|p1b: Loam Child\n|-damage|p1b: Loam Child|0 fnt\n|faint|p1b: Loam Child\n|-damage|p2b: Dondozo|21\/100|[from] Recoil\n|move|p1a: Paracetamol|Drum Beating|p2b: Dondozo\n|-resisted|p2b: Dondozo\n|-damage|p2b: Dondozo|12\/100\n|-unboost|p2b: Dondozo|spe|1\n|\n|-heal|p2b: Dondozo|18\/100|[from] Grassy Terrain\n|-heal|p2b: Dondozo|24\/100|[from] item: Leftovers\n|upkeep\n|turn|9\n|-message|christianfinity forfeited.\n|\n|win|babiwi bewey\u2714\ufe0f\n|c|&|\/uhtml prompt-babiwibewey,babiwi bewey\u2714\ufe0f is ready for game 2!\n|c|&|\/uhtml prompt-christianfinity,christianfinity is ready for game 2!\nBoth players are ready! Starting next match!\n|l| gurupatak\n|c| SlowHomie|Christian with the nicknames lol\n|l| SlowHomie\n|l|\u2606christianfinity\n","uploadtime":1700685726,"views":13,"p1id":"christianfinity","p2id":"babiwibewey","formatid":"gen9vgc2023regulatione","rating":0,"private":0,"password":""}