{"id":"gen9vgc2023regulatione-2000048745","p1":"krlxjms","p2":"Peddybope","format":"[Gen 9] VGC 2023 Regulation E","log":"|j|\u2606krlxjms\n|j|\u2606Peddybope\n|t:|1701145969\n|gametype|doubles\n|player|p1|krlxjms|ethan|1093\n|player|p2|Peddybope|silver|1028\n|teamsize|p1|6\n|teamsize|p2|6\n|gen|9\n|tier|[Gen 9] VGC 2023 Regulation E\n|rated|\n|rule|Species Clause: Limit one of each Pok\u00e9mon\n|rule|Item Clause: Limit one of each item\n|clearpoke\n|poke|p1|Urshifu-*, L50, F|\n|poke|p1|Tornadus, L50, M|\n|poke|p1|Flutter Mane, L50|\n|poke|p1|Roaring Moon, L50|\n|poke|p1|Rillaboom, L50, M|\n|poke|p1|Arcanine-Hisui, L50, M|\n|poke|p2|Grimmsnarl, L50, M|\n|poke|p2|Munkidori, L50, M|\n|poke|p2|Corviknight, L50, F|\n|poke|p2|Ogerpon-Wellspring, L50, F|\n|poke|p2|Fezandipiti, L50, M|\n|poke|p2|Dragapult, L50, F|\n|teampreview|4\n|\n|t:|1701146003\n|start\n|switch|p1a: Urshifu|Urshifu-Rapid-Strike, L50, F|100\/100\n|switch|p1b: Arcanine|Arcanine-Hisui, L50, M|100\/100\n|switch|p2a: Munkidori|Munkidori, L50, M|100\/100\n|switch|p2b: Ogerpon|Ogerpon-Wellspring, L50, F|100\/100\n|-ability|p1b: Arcanine|Intimidate|boost\n|-unboost|p2a: Munkidori|atk|1\n|-unboost|p2b: Ogerpon|atk|1\n|turn|1\n|\n|t:|1701146028\n|switch|p1b: Rillaboom|Rillaboom, L50, M|100\/100\n|-fieldstart|move: Grassy Terrain|[from] ability: Grassy Surge|[of] p1b: Rillaboom\n|-terastallize|p2b: Ogerpon|Water\n|detailschange|p2b: Ogerpon|Ogerpon-Wellspring-Tera, L50, F, tera:Water\n|-ability|p2b: Ogerpon|Embody Aspect (Wellspring)|boost\n|-boost|p2b: Ogerpon|spd|1\n|move|p1a: Urshifu|Protect|p1a: Urshifu\n|-singleturn|p1a: Urshifu|Protect\n|move|p2a: Munkidori|Fake Out|p1a: Urshifu\n|-activate|p1a: Urshifu|move: Protect\n|move|p2b: Ogerpon|Ivy Cudgel|p1b: Rillaboom|[anim] Ivy Cudgel Water\n|-resisted|p1b: Rillaboom\n|-crit|p1b: Rillaboom\n|-damage|p1b: Rillaboom|35\/100\n|\n|-heal|p1b: Rillaboom|41\/100|[from] Grassy Terrain\n|upkeep\n|turn|2\n|\n|t:|1701146056\n|switch|p2b: Corviknight|Corviknight, L50, F|100\/100\n|-ability|p2b: Corviknight|Pressure\n|move|p1b: Rillaboom|Fake Out|p2b: Corviknight\n|-resisted|p2b: Corviknight\n|-damage|p2b: Corviknight|96\/100\n|move|p2a: Munkidori|Parting Shot|p1a: Urshifu\n|-unboost|p1a: Urshifu|atk|1\n|-unboost|p1a: Urshifu|spa|1\n|\n|t:|1701146071\n|switch|p2a: Ogerpon|Ogerpon-Wellspring-Tera, L50, F, tera:Water|100\/100|[from] Parting Shot\n|-ability|p2a: Ogerpon|Embody Aspect (Wellspring)|boost\n|-boost|p2a: Ogerpon|spd|1\n|move|p1a: Urshifu|Surging Strikes|p2a: Ogerpon\n|-resisted|p2a: Ogerpon\n|-crit|p2a: Ogerpon\n|-damage|p2a: Ogerpon|84\/100\n|-resisted|p2a: Ogerpon\n|-crit|p2a: Ogerpon\n|-damage|p2a: Ogerpon|67\/100\n|-resisted|p2a: Ogerpon\n|-crit|p2a: Ogerpon\n|-damage|p2a: Ogerpon|50\/100\n|-hitcount|p2a: Ogerpon|3\n|-damage|p1a: Urshifu|91\/100|[from] item: Life Orb\n|\n|-heal|p2a: Ogerpon|55\/100|[from] Grassy Terrain\n|-heal|p1a: Urshifu|96\/100|[from] Grassy Terrain\n|-heal|p1b: Rillaboom|47\/100|[from] Grassy Terrain\n|-heal|p2b: Corviknight|100\/100|[from] item: Leftovers\n|upkeep\n|turn|3\n|\n|t:|1701146103\n|move|p1a: Urshifu|Protect|p1a: Urshifu\n|-singleturn|p1a: Urshifu|Protect\n|move|p2a: Ogerpon|Horn Leech|p1a: Urshifu\n|-activate|p1a: Urshifu|move: Protect\n|move|p1b: Rillaboom|Knock Off|p2b: Corviknight\n|-damage|p2b: Corviknight|80\/100\n|-enditem|p2b: Corviknight|Leftovers|[from] move: Knock Off|[of] p1b: Rillaboom\n|move|p2b: Corviknight|Brave Bird|p1b: Rillaboom\n|-supereffective|p1b: Rillaboom\n|-damage|p1b: Rillaboom|0 fnt\n|faint|p1b: Rillaboom\n|-damage|p2b: Corviknight|67\/100|[from] Recoil\n|\n|-heal|p2a: Ogerpon|61\/100|[from] Grassy Terrain\n|-heal|p1a: Urshifu|100\/100|[from] Grassy Terrain\n|upkeep\n|\n|t:|1701146113\n|switch|p1b: Arcanine|Arcanine-Hisui, L50, M|100\/100\n|-ability|p1b: Arcanine|Intimidate|boost\n|-unboost|p2a: Ogerpon|atk|1\n|-unboost|p2b: Corviknight|atk|1\n|turn|4\n|\n|t:|1701146146\n|switch|p1a: Roaring Moon|Roaring Moon, L50|100\/100\n|-enditem|p1a: Roaring Moon|Booster Energy\n|-activate|p1a: Roaring Moon|ability: Protosynthesis|[fromitem]\n|-start|p1a: Roaring Moon|protosynthesisatk\n|-terastallize|p1b: Arcanine|Normal\n|move|p2b: Corviknight|Protect|p2b: Corviknight\n|-singleturn|p2b: Corviknight|Protect\n|move|p2a: Ogerpon|Ivy Cudgel|p1b: Arcanine|[anim] Ivy Cudgel Water\n|-damage|p1b: Arcanine|30\/100\n|move|p1b: Arcanine|Rock Slide|p2a: Ogerpon|[spread] p2a\n|-activate|p2b: Corviknight|move: Protect\n|-damage|p2a: Ogerpon|4\/100\n|\n|-heal|p2a: Ogerpon|10\/100|[from] Grassy Terrain\n|-heal|p1b: Arcanine|36\/100|[from] Grassy Terrain\n|upkeep\n|turn|5\n|\n|t:|1701146182\n|move|p2a: Ogerpon|Ivy Cudgel|p1a: Roaring Moon|[anim] Ivy Cudgel Water\n|-resisted|p1a: Roaring Moon\n|-damage|p1a: Roaring Moon|67\/100\n|move|p1b: Arcanine|Rock Slide|p2b: Corviknight|[spread] p2a,p2b\n|-damage|p2a: Ogerpon|0 fnt\n|-damage|p2b: Corviknight|44\/100\n|faint|p2a: Ogerpon\n|move|p1a: Roaring Moon|Knock Off|p2b: Corviknight\n|-damage|p2b: Corviknight|12\/100\n|move|p2b: Corviknight|Brave Bird|p1b: Arcanine\n|-damage|p1b: Arcanine|3\/100\n|-damage|p2b: Corviknight|3\/100|[from] Recoil\n|\n|-heal|p1a: Roaring Moon|73\/100|[from] Grassy Terrain\n|-heal|p1b: Arcanine|9\/100|[from] Grassy Terrain\n|-fieldend|move: Grassy Terrain\n|upkeep\n|\n|t:|1701146195\n|switch|p2a: Munkidori|Munkidori, L50, M|100\/100\n|turn|6\n|\n|t:|1701146203\n|move|p2a: Munkidori|Fake Out|p1b: Arcanine\n|-damage|p1b: Arcanine|0 fnt\n|faint|p1b: Arcanine\n|move|p1a: Roaring Moon|Acrobatics|p2a: Munkidori\n|-damage|p2a: Munkidori|3\/100\n|-enditem|p2a: Munkidori|Aguav Berry|[eat]\n|-heal|p2a: Munkidori|36\/100|[from] item: Aguav Berry\n|move|p2b: Corviknight|Roost|p2b: Corviknight\n|-heal|p2b: Corviknight|53\/100\n|-singleturn|p2b: Corviknight|move: Roost\n|\n|upkeep\n|\n|t:|1701146214\n|switch|p1b: Urshifu|Urshifu-Rapid-Strike, L50, F|100\/100\n|turn|7\n|\n|t:|1701146226\n|move|p2b: Corviknight|Protect|p2b: Corviknight\n|-singleturn|p2b: Corviknight|Protect\n|move|p1b: Urshifu|Aqua Jet|p2b: Corviknight\n|-damage|p2b: Corviknight|36\/100\n|-damage|p1b: Urshifu|91\/100|[from] item: Life Orb\n|move|p2a: Munkidori|Psychic|p1b: Urshifu\n|-supereffective|p1b: Urshifu\n|-damage|p1b: Urshifu|0 fnt\n|faint|p1b: Urshifu\n|move|p1a: Roaring Moon|Breaking Swipe|p2b: Corviknight|[spread] p2a\n|-activate|p2b: Corviknight|move: Protect\n|-damage|p2a: Munkidori|0 fnt\n|faint|p2a: Munkidori\n|\n|upkeep\n|\n|t:|1701146239\n|switch|p2a: Fezandipiti|Fezandipiti, L50, M|100\/100\n|turn|8\n|\n|t:|1701146244\n|move|p1a: Roaring Moon|Iron Head|p2a: Fezandipiti\n|-supereffective|p2a: Fezandipiti\n|-damage|p2a: Fezandipiti|10\/100\n|move|p2a: Fezandipiti|Dazzling Gleam|p1a: Roaring Moon\n|-supereffective|p1a: Roaring Moon\n|-damage|p1a: Roaring Moon|0 fnt\n|faint|p1a: Roaring Moon\n|-end|p1a: Roaring Moon|Protosynthesis|[silent]\n|\n|win|Peddybope\n|raw|krlxjms's rating: 1093 &rarr; <strong>1065<\/strong><br \/>(-28 for losing)\n|raw|Peddybope's rating: 1028 &rarr; <strong>1070<\/strong><br \/>(+42 for winning)\n","uploadtime":1701146251,"views":3,"p1id":"krlxjms","p2id":"peddybope","formatid":"gen9vgc2023regulatione","rating":1065,"private":0,"password":""}