{"id":"gen9vgc2023regulatione-2000390730","p1":"TrendanBrendan","p2":"n1cholas212","format":"[Gen 9] VGC 2023 Regulation E","log":"|j|\u2606TrendanBrendan\n|j|\u2606n1cholas212\n|t:|1701190833\n|gametype|doubles\n|player|p1|TrendanBrendan|bugcatcher-gen4dp|1163\n|player|p2|n1cholas212|volkner|1244\n|teamsize|p1|6\n|teamsize|p2|6\n|gen|9\n|tier|[Gen 9] VGC 2023 Regulation E\n|rated|\n|rule|Species Clause: Limit one of each Pok\u00e9mon\n|rule|Item Clause: Limit one of each item\n|clearpoke\n|poke|p1|Amoonguss, L50, F|\n|poke|p1|Heatran, L50, F|\n|poke|p1|Roaring Moon, L50|\n|poke|p1|Iron Hands, L50|\n|poke|p1|Flutter Mane, L50|\n|poke|p1|Landorus-Therian, L50, M|\n|poke|p2|Iron Hands, L50|\n|poke|p2|Iron Bundle, L50|\n|poke|p2|Sneasler, L50, F|\n|poke|p2|Chi-Yu, L50|\n|poke|p2|Fezandipiti, L50, M|\n|poke|p2|Rillaboom, L50, M|\n|teampreview|4\n|inactive|Battle timer is ON: inactive players will automatically lose when time's up. (requested by n1cholas212)\nTrendanBrendan has agreed to open team sheets.\n|c|\u2606TrendanBrendan|glhf\nn1cholas212 rejected open team sheets.\n|c|\u2606n1cholas212|K\n|c|\u2606n1cholas212|Go\n|inactive|TrendanBrendan has 60 seconds left.\n|\n|t:|1701190875\n|start\n|switch|p1a: Landorus|Landorus-Therian, L50, M|100\/100\n|switch|p1b: Iron Hands|Iron Hands, L50|100\/100\n|switch|p2a: Rillaboom|Rillaboom, L50, M|100\/100\n|switch|p2b: Fezandipiti|Fezandipiti, L50, M|100\/100\n|-ability|p1a: Landorus|Intimidate|boost\n|-unboost|p2a: Rillaboom|atk|1\n|-unboost|p2b: Fezandipiti|atk|1\n|-fieldstart|move: Grassy Terrain|[from] ability: Grassy Surge|[of] p2a: Rillaboom\n|turn|1\n|\n|t:|1701190889\n|-terastallize|p1a: Landorus|Flying\n|move|p2a: Rillaboom|Fake Out|p1b: Iron Hands\n|-crit|p1b: Iron Hands\n|-damage|p1b: Iron Hands|86\/100\n|cant|p1b: Iron Hands|flinch\n|move|p1a: Landorus|Tera Blast|p2a: Rillaboom|[anim] Tera Blast Flying\n|-supereffective|p2a: Rillaboom\n|-damage|p2a: Rillaboom|0 fnt\n|faint|p2a: Rillaboom\n|move|p2b: Fezandipiti|Tailwind|p2b: Fezandipiti\n|-sidestart|p2: n1cholas212|move: Tailwind\n|\n|-heal|p1b: Iron Hands|92\/100|[from] Grassy Terrain\n|upkeep\n|\n|t:|1701190905\n|switch|p2a: Iron Bundle|Iron Bundle, L50|100\/100\n|turn|2\n|\n|t:|1701190919\n|move|p2a: Iron Bundle|Freeze-Dry|p1a: Landorus\n|-supereffective|p1a: Landorus\n|-damage|p1a: Landorus|35\/100\n|move|p2b: Fezandipiti|Icy Wind|p1a: Landorus|[spread] p1a,p1b\n|-supereffective|p1a: Landorus\n|-damage|p1a: Landorus|21\/100\n|-damage|p1b: Iron Hands|88\/100\n|-unboost|p1a: Landorus|spe|1\n|-unboost|p1b: Iron Hands|spe|1\n|move|p1a: Landorus|Tera Blast|p2b: Fezandipiti|[anim] Tera Blast Flying\n|-damage|p2b: Fezandipiti|44\/100\n|move|p1b: Iron Hands|Drain Punch|p2a: Iron Bundle\n|-supereffective|p2a: Iron Bundle\n|-enditem|p2a: Iron Bundle|Focus Sash\n|-damage|p2a: Iron Bundle|1\/100\n|-heal|p1b: Iron Hands|100\/100|[from] drain|[of] p2a: Iron Bundle\n|\n|-heal|p2a: Iron Bundle|7\/100|[from] Grassy Terrain\n|-heal|p2b: Fezandipiti|50\/100|[from] Grassy Terrain\n|-heal|p2b: Fezandipiti|56\/100|[from] item: Black Sludge\n|upkeep\n|turn|3\n|\n|t:|1701190943\n|switch|p1a: Heatran|Heatran, L50, F|100\/100\n|move|p2a: Iron Bundle|Freeze-Dry|p1a: Heatran\n|-resisted|p1a: Heatran\n|-crit|p1a: Heatran\n|-damage|p1a: Heatran|91\/100\n|move|p2b: Fezandipiti|Roost|p2b: Fezandipiti\n|-heal|p2b: Fezandipiti|100\/100\n|-singleturn|p2b: Fezandipiti|move: Roost\n|move|p1b: Iron Hands|Heavy Slam|p2b: Fezandipiti\n|-supereffective|p2b: Fezandipiti\n|-damage|p2b: Fezandipiti|0 fnt\n|faint|p2b: Fezandipiti\n|\n|-heal|p2a: Iron Bundle|13\/100|[from] Grassy Terrain\n|-heal|p1a: Heatran|97\/100|[from] Grassy Terrain\n|upkeep\n|\n|t:|1701190955\n|switch|p2b: Chi-Yu|Chi-Yu, L50|100\/100\n|-ability|p2b: Chi-Yu|Beads of Ruin\n|turn|4\n|\n|t:|1701190962\n|move|p1a: Heatran|Protect|p1a: Heatran\n|-singleturn|p1a: Heatran|Protect\n|move|p2a: Iron Bundle|Hydro Pump|p1a: Heatran\n|-activate|p1a: Heatran|move: Protect\n|move|p2b: Chi-Yu|Psychic|p1b: Iron Hands\n|-supereffective|p1b: Iron Hands\n|-damage|p1b: Iron Hands|46\/100\n|-unboost|p1b: Iron Hands|spd|1\n|move|p1b: Iron Hands|Drain Punch|p2a: Iron Bundle\n|-supereffective|p2a: Iron Bundle\n|-damage|p2a: Iron Bundle|0 fnt\n|-heal|p1b: Iron Hands|50\/100|[from] drain|[of] p2a: Iron Bundle\n|faint|p2a: Iron Bundle\n|-end|p2a: Iron Bundle|Quark Drive|[silent]\n|\n|-heal|p1a: Heatran|100\/100|[from] Grassy Terrain\n|-heal|p1b: Iron Hands|56\/100|[from] Grassy Terrain\n|-sideend|p2: n1cholas212|move: Tailwind\n|upkeep\n|turn|5\n|inactive|n1cholas212 has 30 seconds left.\n|inactive|n1cholas212 has 20 seconds left.\n|inactive|n1cholas212 has 15 seconds left.\n|c|\u2606TrendanBrendan|K\n|c|\u2606TrendanBrendan|Go\n|inactive|n1cholas212 has 10 seconds left.\n|inactive|n1cholas212 has 5 seconds left.\n|l|\u2606n1cholas212\n|inactive|n1cholas212 disconnected and has a minute to reconnect!\n|player|p2|\n|-message|n1cholas212 lost due to inactivity.\n|\n|win|TrendanBrendan\n|raw|TrendanBrendan's rating: 1163 &rarr; <strong>1194<\/strong><br \/>(+31 for winning)\n|raw|n1cholas212's rating: 1244 &rarr; <strong>1213<\/strong><br \/>(-31 for losing)\n","uploadtime":1701191024,"views":4,"p1id":"trendanbrendan","p2id":"n1cholas212","formatid":"gen9vgc2023regulatione","rating":1194,"private":0,"password":""}