{"id":"gen9vgc2023regulatione-1988516465","p1":"MrNiceguyVGC","p2":"filthytrashgoblin","format":"[Gen 9] VGC 2023 Regulation E","log":"|j|\u2606MrNiceguyVGC\n|j|\u2606filthytrashgoblin\n|t:|1699731320\n|gametype|doubles\n|player|p1|MrNiceguyVGC|bruno|1195\n|player|p2|filthytrashgoblin|ghetsis|1158\n|teamsize|p1|6\n|teamsize|p2|6\n|gen|9\n|tier|[Gen 9] VGC 2023 Regulation E\n|rated|\n|rule|Species Clause: Limit one of each Pok\u00e9mon\n|rule|Item Clause: Limit one of each item\n|clearpoke\n|poke|p1|Indeedee, L50, M|\n|poke|p1|Armarouge, L50, M|\n|poke|p1|Amoonguss, L50, F|\n|poke|p1|Iron Hands, L50|\n|poke|p1|Sneasler, L50, F|\n|poke|p1|Tornadus, L50, M|\n|poke|p2|Cresselia, L50, F|\n|poke|p2|Urshifu-*, L50, F|\n|poke|p2|Ogerpon-Hearthflame, L50, F|\n|poke|p2|Flutter Mane, L50|\n|poke|p2|Landorus-Therian, L50, M|\n|poke|p2|Heatran, L50, M|\n|teampreview|4\n|inactive|Battle timer is ON: inactive players will automatically lose when time's up. (requested by filthytrashgoblin)\n|inactive|MrNiceguyVGC has 60 seconds left.\nfilthytrashgoblin has agreed to open team sheets.\n|\n|t:|1699731354\n|start\n|switch|p1a: Amoonguss|Amoonguss, L50, F, shiny|100\/100\n|switch|p1b: Iron Hands|Iron Hands, L50, shiny|100\/100\n|switch|p2a: poyo!!|Ogerpon-Hearthflame, L50, F|100\/100\n|switch|p2b: floofadoof|Flutter Mane, L50|100\/100\n|-ability|p2a: poyo!!|Mold Breaker\n|-enditem|p2b: floofadoof|Booster Energy\n|-activate|p2b: floofadoof|ability: Protosynthesis|[fromitem]\n|-start|p2b: floofadoof|protosynthesisspe\n|turn|1\n|inactive|MrNiceguyVGC has 30 seconds left.\n|inactive|filthytrashgoblin has 30 seconds left.\n|\n|t:|1699731382\n|-terastallize|p1a: Amoonguss|Fire\n|move|p2b: floofadoof|Protect|p2b: floofadoof\n|-singleturn|p2b: floofadoof|Protect\n|move|p1b: Iron Hands|Detect|p1b: Iron Hands\n|-singleturn|p1b: Iron Hands|Protect\n|move|p2a: poyo!!|Ivy Cudgel|p1a: Amoonguss\n|-resisted|p1a: Amoonguss\n|-damage|p1a: Amoonguss|77\/100\n|move|p1a: Amoonguss|Spore|p2b: floofadoof\n|-activate|p2b: floofadoof|move: Protect\n|\n|upkeep\n|turn|2\n|inactive|filthytrashgoblin has 30 seconds left.\n|inactive|filthytrashgoblin has 20 seconds left.\n|inactive|filthytrashgoblin has 15 seconds left.\n|\n|t:|1699731426\n|-end|p1b: Iron Hands|Quark Drive|[silent]\n|switch|p1b: Indeedee|Indeedee, L50, M|100\/100\n|-fieldstart|move: Psychic Terrain|[from] ability: Psychic Surge|[of] p1b: Indeedee\n|move|p2b: floofadoof|Protect||[still]\n|-fail|p2b: floofadoof\n|move|p2a: poyo!!|Horn Leech|p1b: Indeedee\n|-damage|p1b: Indeedee|13\/100\n|move|p1a: Amoonguss|Spore|p2b: floofadoof\n|-status|p2b: floofadoof|slp|[from] move: Spore\n|\n|upkeep\n|turn|3\n|inactive|MrNiceguyVGC has 30 seconds left.\n|\n|t:|1699731458\n|switch|p1b: Armarouge|Armarouge, L50, M, shiny|100\/100\n|cant|p2b: floofadoof|slp\n|move|p2a: poyo!!|Horn Leech|p1b: Armarouge\n|-resisted|p1b: Armarouge\n|-damage|p1b: Armarouge|80\/100\n|-ability|p1b: Armarouge|Weak Armor|boost\n|-unboost|p1b: Armarouge|def|1\n|-boost|p1b: Armarouge|spe|2\n|move|p1a: Amoonguss|Sludge Bomb|p2a: poyo!!\n|-supereffective|p2a: poyo!!\n|-damage|p2a: poyo!!|41\/100\n|\n|upkeep\n|turn|4\n|\n|t:|1699731483\n|move|p2a: poyo!!|Spiky Shield|p2a: poyo!!\n|-singleturn|p2a: poyo!!|move: Protect\n|-curestatus|p2b: floofadoof|slp|[msg]\n|move|p2b: floofadoof|Shadow Ball|p1a: Amoonguss\n|-damage|p1a: Amoonguss|46\/100\n|-unboost|p1a: Amoonguss|spd|1\n|move|p1b: Armarouge|Expanding Force|p2a: poyo!!|[spread] p2b\n|-activate|p2a: poyo!!|move: Protect\n|-damage|p2b: floofadoof|18\/100\n|-damage|p1b: Armarouge|70\/100|[from] item: Life Orb\n|move|p1a: Amoonguss|Pollen Puff|p1b: Armarouge\n|-heal|p1b: Armarouge|100\/100\n|\n|upkeep\n|turn|5\n|inactive|filthytrashgoblin has 30 seconds left.\n|\n|t:|1699731511\n|move|p2b: floofadoof|Protect|p2b: floofadoof\n|-singleturn|p2b: floofadoof|Protect\n|move|p1a: Amoonguss|Rage Powder|p1a: Amoonguss\n|-singleturn|p1a: Amoonguss|move: Rage Powder\n|move|p1b: Armarouge|Expanding Force|p2a: poyo!!|[spread] p2a\n|-activate|p2b: floofadoof|move: Protect\n|-crit|p2a: poyo!!\n|-damage|p2a: poyo!!|0 fnt\n|faint|p2a: poyo!!\n|-damage|p1b: Armarouge|91\/100|[from] item: Life Orb\n|\n|upkeep\n|\n|t:|1699731523\n|switch|p2a: DOG|Landorus-Therian, L50, M|100\/100\n|-ability|p2a: DOG|Intimidate|boost\n|-unboost|p1a: Amoonguss|atk|1\n|-unboost|p1b: Armarouge|atk|1\n|turn|6\n|\n|t:|1699731530\n|-terastallize|p2a: DOG|Flying\n|move|p2b: floofadoof|Protect||[still]\n|-fail|p2b: floofadoof\n|move|p1a: Amoonguss|Rage Powder|p1a: Amoonguss\n|-singleturn|p1a: Amoonguss|move: Rage Powder\n|move|p2a: DOG|Tera Blast|p1a: Amoonguss|[anim] Tera Blast Flying\n|-damage|p1a: Amoonguss|0 fnt\n|faint|p1a: Amoonguss\n|move|p1b: Armarouge|Expanding Force|p2b: floofadoof|[spread] p2a,p2b\n|-damage|p2a: DOG|12\/100\n|-damage|p2b: floofadoof|0 fnt\n|faint|p2b: floofadoof\n|-end|p2b: floofadoof|Protosynthesis|[silent]\n|-damage|p1b: Armarouge|81\/100|[from] item: Life Orb\n|\n|-fieldend|move: Psychic Terrain\n|upkeep\n|\n|t:|1699731552\n|switch|p2b: swoona|Cresselia, L50, F|100\/100\n|switch|p1a: Indeedee|Indeedee, L50, M|13\/100\n|-fieldstart|move: Psychic Terrain|[from] ability: Psychic Surge|[of] p1a: Indeedee\n|turn|7\n|\n|t:|1699731571\n|move|p1a: Indeedee|After You|p1b: Armarouge\n|-activate|p1b: Armarouge|move: After You\n|move|p1b: Armarouge|Expanding Force|p2a: DOG|[spread] p2a,p2b\n|-resisted|p2b: swoona\n|-damage|p2a: DOG|0 fnt\n|-damage|p2b: swoona|71\/100\n|faint|p2a: DOG\n|-damage|p1b: Armarouge|71\/100|[from] item: Life Orb\n|move|p2b: swoona|Moonblast|p1b: Armarouge\n|-resisted|p1b: Armarouge\n|-damage|p1b: Armarouge|61\/100\n|-unboost|p1b: Armarouge|spa|1\n|\n|upkeep\n|turn|8\n|\n|t:|1699731592\n|move|p1a: Indeedee|After You|p1b: Armarouge\n|-activate|p1b: Armarouge|move: After You\n|move|p1b: Armarouge|Armor Cannon|p2b: swoona\n|-damage|p2b: swoona|34\/100\n|-unboost|p1b: Armarouge|def|1\n|-unboost|p1b: Armarouge|spd|1\n|-damage|p1b: Armarouge|52\/100|[from] item: Life Orb\n|move|p2b: swoona|Moonblast|p1a: Indeedee\n|-damage|p1a: Indeedee|0 fnt\n|faint|p1a: Indeedee\n|\n|upkeep\n|\n|t:|1699731605\n|switch|p1a: Iron Hands|Iron Hands, L50, shiny|100\/100\n|turn|9\n|\n|t:|1699731628\n|move|p1b: Armarouge|Armor Cannon|p2b: swoona\n|-damage|p2b: swoona|0 fnt\n|-unboost|p1b: Armarouge|def|1\n|-unboost|p1b: Armarouge|spd|1\n|faint|p2b: swoona\n|-damage|p1b: Armarouge|42\/100|[from] item: Life Orb\n|\n|win|MrNiceguyVGC\n|raw|MrNiceguyVGC's rating: 1195 &rarr; <strong>1217<\/strong><br \/>(+22 for winning)\n|raw|filthytrashgoblin's rating: 1158 &rarr; <strong>1136<\/strong><br \/>(-22 for losing)\n","uploadtime":1699731638,"views":18,"p1id":"mrniceguyvgc","p2id":"filthytrashgoblin","formatid":"gen9vgc2023regulatione","rating":1136,"private":0,"password":""}