{"id":"gen9vgc2023regulatione-1990712546","p1":"Axeldraken","p2":"elgymk3","format":"[Gen 9] VGC 2023 Regulation E","log":"|j|\u2606Axeldraken\n|j|\u2606elgymk3\n|t:|1699993985\n|gametype|doubles\n|player|p1|Axeldraken|lance|1431\n|player|p2|elgymk3|101|1322\n|teamsize|p1|6\n|teamsize|p2|6\n|gen|9\n|tier|[Gen 9] VGC 2023 Regulation E\n|rated|\n|rule|Species Clause: Limit one of each Pok\u00e9mon\n|rule|Item Clause: Limit one of each item\n|clearpoke\n|poke|p1|Dragonite, L50, F|\n|poke|p1|Ninetales-Alola, L50, F|\n|poke|p1|Mamoswine, L50, M|\n|poke|p1|Iron Hands, L50|\n|poke|p1|Chien-Pao, L50|\n|poke|p1|Landorus-Therian, L50, M|\n|poke|p2|Flutter Mane, L50|\n|poke|p2|Chi-Yu, L50|\n|poke|p2|Tornadus, L50, M|\n|poke|p2|Gholdengo, L50|\n|poke|p2|Landorus-Therian, L50, M|\n|poke|p2|Ogerpon-Hearthflame, L50, F|\n|teampreview|4\n|inactive|Battle timer is ON: inactive players will automatically lose when time's up. (requested by Axeldraken)\n|\n|t:|1699994008\n|start\n|switch|p1a: Chien-Pao|Chien-Pao, L50|100\/100\n|switch|p1b: Dragonite|Dragonite, L50, F, shiny|100\/100\n|switch|p2a: Tornadus|Tornadus, L50, M|100\/100\n|switch|p2b: Flutter Mane|Flutter Mane, L50|100\/100\n|-ability|p1a: Chien-Pao|Sword of Ruin\n|turn|1\n|\n|t:|1699994016\n|-terastallize|p1b: Dragonite|Normal\n|move|p1b: Dragonite|Extreme Speed|p2a: Tornadus\n|-damage|p2a: Tornadus|0 fnt\n|faint|p2a: Tornadus\n|move|p1a: Chien-Pao|Sucker Punch|p2b: Flutter Mane\n|-damage|p2b: Flutter Mane|13\/100\n|move|p2b: Flutter Mane|Dazzling Gleam|p1a: Chien-Pao|[spread] p1a,p1b\n|-supereffective|p1a: Chien-Pao\n|-enditem|p1a: Chien-Pao|Focus Sash\n|-damage|p1a: Chien-Pao|1\/100\n|-damage|p1b: Dragonite|51\/100\n|\n|upkeep\n|\n|t:|1699994027\n|switch|p2a: Gholdengo|Gholdengo, L50|100\/100\n|-item|p2a: Gholdengo|Air Balloon\n|turn|2\n|\n|t:|1699994038\n|-end|p2b: Flutter Mane|Protosynthesis|[silent]\n|switch|p2b: Ogerpon|Ogerpon-Hearthflame, L50, F|100\/100\n|-ability|p2b: Ogerpon|Mold Breaker\n|switch|p1b: Iron Hands|Iron Hands, L50|100\/100\n|move|p1a: Chien-Pao|Sucker Punch||[still]\n|-fail|p1a: Chien-Pao\n|move|p2a: Gholdengo|Make It Rain|p1b: Iron Hands|[spread] p1a,p1b\n|-supereffective|p1a: Chien-Pao\n|-resisted|p1b: Iron Hands\n|-damage|p1a: Chien-Pao|0 fnt\n|-damage|p1b: Iron Hands|87\/100\n|-unboost|p2a: Gholdengo|spa|1\n|faint|p1a: Chien-Pao\n|\n|upkeep\n|\n|t:|1699994050\n|switch|p1a: Dragonite|Dragonite, L50, F, shiny, tera:Normal|51\/100\n|turn|3\n|\n|t:|1699994062\n|move|p2b: Ogerpon|Spiky Shield|p2b: Ogerpon\n|-singleturn|p2b: Ogerpon|move: Protect\n|move|p2a: Gholdengo|Protect|p2a: Gholdengo\n|-singleturn|p2a: Gholdengo|Protect\n|move|p1a: Dragonite|Aerial Ace|p2b: Ogerpon\n|-activate|p2b: Ogerpon|move: Protect\n|-damage|p1a: Dragonite|39\/100|[from] Spiky Shield|[of] p2b: Ogerpon\n|move|p1b: Iron Hands|Wild Charge|p2a: Gholdengo\n|-activate|p2a: Gholdengo|move: Protect\n|\n|upkeep\n|turn|4\n|\n|t:|1699994077\n|move|p2b: Ogerpon|Ivy Cudgel|p1a: Dragonite|[anim] Ivy Cudgel Fire\n|-damage|p1a: Dragonite|0 fnt\n|faint|p1a: Dragonite\n|move|p2a: Gholdengo|Nasty Plot|p2a: Gholdengo\n|-boost|p2a: Gholdengo|spa|2\n|move|p1b: Iron Hands|Wild Charge|p2a: Gholdengo\n|-damage|p2a: Gholdengo|41\/100\n|-enditem|p2a: Gholdengo|Air Balloon\n|-damage|p1b: Iron Hands|77\/100|[from] Recoil\n|\n|upkeep\n|\n|t:|1699994083\n|switch|p1a: Mamoswine|Mamoswine, L50, M|100\/100\n|turn|5\n|\n|t:|1699994095\n|move|p2b: Ogerpon|Ivy Cudgel|p1a: Mamoswine|[anim] Ivy Cudgel Fire\n|-supereffective|p1a: Mamoswine\n|-damage|p1a: Mamoswine|0 fnt\n|faint|p1a: Mamoswine\n|move|p2a: Gholdengo|Make It Rain|p1b: Iron Hands\n|-resisted|p1b: Iron Hands\n|-damage|p1b: Iron Hands|49\/100\n|-unboost|p2a: Gholdengo|spa|1\n|move|p1b: Iron Hands|Drain Punch|p2b: Ogerpon\n|-damage|p2b: Ogerpon|46\/100\n|-heal|p1b: Iron Hands|66\/100|[from] drain|[of] p2b: Ogerpon\n|\n|upkeep\n|turn|6\n|\n|t:|1699994108\n|move|p2b: Ogerpon|Ivy Cudgel|p1b: Iron Hands|[anim] Ivy Cudgel Fire\n|-damage|p1b: Iron Hands|25\/100\n|move|p2a: Gholdengo|Shadow Ball|p1b: Iron Hands\n|-damage|p1b: Iron Hands|0 fnt\n|faint|p1b: Iron Hands\n|-end|p1b: Iron Hands|Quark Drive|[silent]\n|\n|win|elgymk3\n|raw|Axeldraken's rating: 1431 &rarr; <strong>1405<\/strong><br \/>(-26 for losing)\n|raw|elgymk3's rating: 1322 &rarr; <strong>1348<\/strong><br \/>(+26 for winning)\n|l|\u2606Axeldraken\n","uploadtime":1699994138,"views":10,"p1id":"axeldraken","p2id":"elgymk3","formatid":"gen9vgc2023regulatione","rating":1348,"private":0,"password":""}