{"id":"gen9vgc2023regulatione-1989243211","p1":"ShimeNaruka","p2":"Marcostap","format":"[Gen 9] VGC 2023 Regulation E","log":"|j|\u2606ShimeNaruka\n|j|\u2606Marcostap\n|n|\u2606ShimeNaruka|shimenaruka\n|n|\u2606Marcostap|marcostap\n|html|View the match progress at <a href=\"\/game-bestof3-gen9vgc2023regulatione-1989243210\">game-bestof3-gen9vgc2023regulatione-1989243210<\/a>\n|t:|1699827263\n|gametype|doubles\n|player|p1|ShimeNaruka|alder|\n|player|p2|Marcostap|cynthia-gen4|\n|teamsize|p1|6\n|teamsize|p2|6\n|gen|9\n|tier|[Gen 9] VGC 2023 Regulation E\n|rule|Species Clause: Limit one of each Pok\u00e9mon\n|rule|Item Clause: Limit one of each item\n|clearpoke\n|poke|p1|Flutter Mane, L50|\n|poke|p1|Urshifu-*, L50, F|\n|poke|p1|Ogerpon-Wellspring, L50, F|\n|poke|p1|Iron Hands, L50|\n|poke|p1|Landorus, L50, M|\n|poke|p1|Arcanine-Hisui, L50, F|\n|poke|p2|Rillaboom, L50, M|\n|poke|p2|Pelipper, L50, F|\n|poke|p2|Palafin, L50, M|\n|poke|p2|Ursaluna-Bloodmoon, L50, M|\n|poke|p2|Dusclops, L50, F|\n|poke|p2|Cresselia, L50, F|\n|teampreview|4\nShimeNaruka has agreed to open team sheets.\nMarcostap has agreed to open team sheets.\n|showteam|p1|Flutter Mane||BoosterEnergy|Protosynthesis|Moonblast,ShadowBall,IcyWind,Protect||||||50|,,,,,Fairy]Urshifu||FocusSash|UnseenFist|WickedBlow,CloseCombat,SuckerPunch,Protect|||F|||50|,,,,,Dark]Ogerpon-Wellspring||WellspringMask|WaterAbsorb|IvyCudgel,WoodHammer,FollowMe,SpikyShield|||F|||50|,,,,,Water]Iron Hands||AssaultVest|QuarkDrive|WildCharge,DrainPunch,HeavySlam,FakeOut||||||50|,,,,,Grass]Landorus||LifeOrb|SheerForce|EarthPower,SludgeBomb,Taunt,Protect|||M|||50|,,,,,Poison]Arcanine-Hisui||ChoiceBand|Intimidate|FlareBlitz,RockSlide,ExtremeSpeed,TeraBlast|||F|||50|,,,,,Fairy\n|showteam|p2|Rillaboom||AssaultVest|GrassySurge|FakeOut,Uturn,GrassyGlide,WoodHammer|||M|||50|,,,,,Grass]Pelipper||Leftovers|Drizzle|Hurricane,HelpingHand,WideGuard,Protect|||F|||50|,,,,,Flying]Palafin||ChoiceBand|ZerotoHero|JetPunch,WaveCrash,FlipTurn,DrainPunch|||M|||50|,,,,,Fighting]Ursaluna-Bloodmoon||LifeOrb|MindsEye|Protect,EarthPower,BloodMoon,HyperVoice|||M|||50|,,,,,Normal]Dusclops||Eviolite|Pressure|NightShade,WillOWisp,PainSplit,TrickRoom|||F|||50|,,,,,Poison]Cresselia||RockyHelmet|Levitate|LunarBlessing,Psychic,HelpingHand,Protect|||F|||50|,,,,,Psychic\n|j| PSmonteiro\n|j| bb_hachi8\n|c| PSmonteiro|xapuletem\n|\n|t:|1699827368\n|start\n|switch|p1a: Iron Hands|Iron Hands, L50|100\/100\n|switch|p1b: Flutter Mane|Flutter Mane, L50|100\/100\n|switch|p2a: Pelipper|Pelipper, L50, F|100\/100\n|switch|p2b: Palafin|Palafin, L50, M|100\/100\n|-weather|RainDance|[from] ability: Drizzle|[of] p2a: Pelipper\n|-enditem|p1b: Flutter Mane|Booster Energy\n|-activate|p1b: Flutter Mane|ability: Protosynthesis|[fromitem]\n|-start|p1b: Flutter Mane|protosynthesisspe\n|turn|1\n|j| Rebornsan93\n|c|\u2606ShimeNaruka|GL GL\n|j| lucasarreguy\n|\n|t:|1699827402\n|move|p2a: Pelipper|Helping Hand|p2b: Palafin\n|-singleturn|p2b: Palafin|Helping Hand|[of] p2a: Pelipper\n|move|p1a: Iron Hands|Fake Out|p2b: Palafin\n|-damage|p2b: Palafin|81\/100\n|cant|p2b: Palafin|flinch\n|move|p1b: Flutter Mane|Moonblast|p2b: Palafin\n|-damage|p2b: Palafin|33\/100\n|\n|-weather|RainDance|[upkeep]\n|upkeep\n|turn|2\n|j| Yuri\n|\n|t:|1699827445\n|-terastallize|p2b: Palafin|Fighting\n|move|p1b: Flutter Mane|Protect|p1b: Flutter Mane\n|-singleturn|p1b: Flutter Mane|Protect\n|move|p2a: Pelipper|Protect|p2a: Pelipper\n|-singleturn|p2a: Pelipper|Protect\n|move|p2b: Palafin|Drain Punch|p1a: Iron Hands\n|-damage|p1a: Iron Hands|69\/100\n|-heal|p2b: Palafin|55\/100|[from] drain|[of] p1a: Iron Hands\n|move|p1a: Iron Hands|Wild Charge|p2a: Pelipper\n|-activate|p2a: Pelipper|move: Protect\n|\n|-weather|RainDance|[upkeep]\n|upkeep\n|turn|3\n|\n|t:|1699827473\n|detailschange|p2b: Palafin|Palafin-Hero, L50, M, tera:Fighting\n|switch|p2b: Dusclops|Dusclops, L50, F|100\/100\n|-ability|p2b: Dusclops|Pressure\n|switch|p2a: Ursaluna|Ursaluna-Bloodmoon, L50, M|100\/100\n|move|p1b: Flutter Mane|Moonblast|p2b: Dusclops\n|-damage|p2b: Dusclops|79\/100\n|move|p1a: Iron Hands|Drain Punch|p2b: Dusclops\n|-immune|p2b: Dusclops\n|\n|-weather|RainDance|[upkeep]\n|upkeep\n|turn|4\n|\n|t:|1699827505\n|move|p2a: Ursaluna|Protect|p2a: Ursaluna\n|-singleturn|p2a: Ursaluna|Protect\n|move|p1b: Flutter Mane|Moonblast|p2a: Ursaluna\n|-activate|p2a: Ursaluna|move: Protect\n|move|p1a: Iron Hands|Drain Punch|p2a: Ursaluna\n|-activate|p2a: Ursaluna|move: Protect\n|move|p2b: Dusclops|Trick Room|p2b: Dusclops\n|-fieldstart|move: Trick Room|[of] p2b: Dusclops\n|\n|-weather|RainDance|[upkeep]\n|upkeep\n|turn|5\n|c|\u2606ShimeNaruka|ou papo reto\n|c|\u2606ShimeNaruka|me sana algo namoral\n|c|\u2606ShimeNaruka|o trick room aumentou a dura\u00e7\u00e3o?\n|c|\u2606Marcostap|nunca\n|c|\u2606ShimeNaruka|n lembrava de ser 4 turnos\n|c|\u2606Marcostap|sempre foi 4 turnos\n|c|\u2606ShimeNaruka|ah boto f\u00e9\n|c|\u2606ShimeNaruka|vlw\n|\n|t:|1699827550\n|move|p1b: Flutter Mane|Protect|p1b: Flutter Mane\n|-singleturn|p1b: Flutter Mane|Protect\n|move|p2b: Dusclops|Will-O-Wisp|p1a: Iron Hands\n|-status|p1a: Iron Hands|brn\n|move|p2a: Ursaluna|Blood Moon|p1b: Flutter Mane\n|-activate|p1b: Flutter Mane|move: Protect\n|move|p1a: Iron Hands|Drain Punch|p2a: Ursaluna\n|-supereffective|p2a: Ursaluna\n|-damage|p2a: Ursaluna|73\/100\n|-heal|p1a: Iron Hands|79\/100 brn|[from] drain|[of] p2a: Ursaluna\n|\n|-weather|none\n|-damage|p1a: Iron Hands|73\/100 brn|[from] brn\n|upkeep\n|turn|6\n|\n|t:|1699827573\n|move|p2b: Dusclops|Night Shade|p1b: Flutter Mane\n|-damage|p1b: Flutter Mane|68\/100\n|move|p2a: Ursaluna|Hyper Voice|p1b: Flutter Mane|[spread] p1a,p1b\n|-damage|p1a: Iron Hands|48\/100 brn\n|-damage|p1b: Flutter Mane|26\/100\n|-damage|p2a: Ursaluna|63\/100|[from] item: Life Orb\n|move|p1a: Iron Hands|Drain Punch|p2a: Ursaluna\n|-supereffective|p2a: Ursaluna\n|-damage|p2a: Ursaluna|36\/100\n|-heal|p1a: Iron Hands|58\/100 brn|[from] drain|[of] p2a: Ursaluna\n|move|p1b: Flutter Mane|Moonblast|p2a: Ursaluna\n|-damage|p2a: Ursaluna|0 fnt\n|faint|p2a: Ursaluna\n|\n|-damage|p1a: Iron Hands|52\/100 brn|[from] brn\n|upkeep\n|\n|t:|1699827590\n|switch|p2a: Palafin|Palafin-Hero, L50, M, tera:Fighting|55\/100\n|-activate|p2a: Palafin|ability: Zero to Hero\n|turn|7\n|\n|t:|1699827610\n|move|p1b: Flutter Mane|Protect|p1b: Flutter Mane\n|-singleturn|p1b: Flutter Mane|Protect\n|move|p2b: Dusclops|Night Shade|p1b: Flutter Mane\n|-activate|p1b: Flutter Mane|move: Protect\n|move|p1a: Iron Hands|Wild Charge|p2a: Palafin\n|-damage|p2a: Palafin|31\/100\n|-damage|p1a: Iron Hands|48\/100 brn|[from] Recoil\n|move|p2a: Palafin|Wave Crash|p1a: Iron Hands\n|-damage|p1a: Iron Hands|0 fnt\n|faint|p1a: Iron Hands\n|-end|p1a: Iron Hands|Quark Drive|[silent]\n|-damage|p2a: Palafin|10\/100|[from] Recoil\n|\n|upkeep\n|\n|t:|1699827625\n|switch|p1a: Landorus|Landorus, L50, M|100\/100\n|turn|8\n|\n|t:|1699827643\n|-end|p1b: Flutter Mane|Protosynthesis|[silent]\n|switch|p1b: Urshifu|Urshifu, L50, F|100\/100\n|move|p1a: Landorus|Protect|p1a: Landorus\n|-singleturn|p1a: Landorus|Protect\n|move|p2b: Dusclops|Night Shade|p1b: Urshifu\n|-damage|p1b: Urshifu|72\/100\n|move|p2a: Palafin|Wave Crash|p1a: Landorus\n|-activate|p1a: Landorus|move: Protect\n|\n|-fieldend|move: Trick Room\n|upkeep\n|turn|9\n|\n|t:|1699827670\n|switch|p2a: Pelipper|Pelipper, L50, F|100\/100\n|-weather|RainDance|[from] ability: Drizzle|[of] p2a: Pelipper\n|move|p1a: Landorus|Taunt|p2b: Dusclops\n|-start|p2b: Dusclops|move: Taunt\n|move|p1b: Urshifu|Wicked Blow|p2a: Pelipper\n|-crit|p2a: Pelipper\n|-damage|p2a: Pelipper|46\/100\n|cant|p2b: Dusclops|move: Taunt|Trick Room\n|\n|-weather|RainDance|[upkeep]\n|-heal|p2a: Pelipper|52\/100|[from] item: Leftovers\n|upkeep\n|turn|10\n|c|\u2606Marcostap|qq\n|\n|t:|1699827691\n|move|p1a: Landorus|Earth Power|p2b: Dusclops\n|-damage|p2b: Dusclops|44\/100\n|move|p1b: Urshifu|Wicked Blow|p2a: Pelipper\n|-crit|p2a: Pelipper\n|-damage|p2a: Pelipper|3\/100\n|move|p2a: Pelipper|Hurricane|p1b: Urshifu\n|-supereffective|p1b: Urshifu\n|-damage|p1b: Urshifu|0 fnt\n|faint|p1b: Urshifu\n|move|p2b: Dusclops|Night Shade|p1a: Landorus\n|-damage|p1a: Landorus|73\/100\n|\n|-weather|RainDance|[upkeep]\n|-heal|p2a: Pelipper|9\/100|[from] item: Leftovers\n|upkeep\n|\n|t:|1699827697\n|switch|p1b: Flutter Mane|Flutter Mane, L50|26\/100\n|turn|11\n|\n|t:|1699827717\n|-terastallize|p1a: Landorus|Poison\n|move|p1b: Flutter Mane|Shadow Ball|p2b: Dusclops\n|-supereffective|p2b: Dusclops\n|-damage|p2b: Dusclops|10\/100\n|move|p1a: Landorus|Sludge Bomb|p2a: Pelipper\n|-damage|p2a: Pelipper|0 fnt\n|faint|p2a: Pelipper\n|move|p2b: Dusclops|Night Shade|p1b: Flutter Mane\n|-damage|p1b: Flutter Mane|0 fnt\n|faint|p1b: Flutter Mane\n|-end|p1b: Flutter Mane|Protosynthesis|[silent]\n|\n|-weather|RainDance|[upkeep]\n|-end|p2b: Dusclops|move: Taunt\n|upkeep\n|\n|t:|1699827729\n|switch|p2a: Palafin|Palafin-Hero, L50, M, tera:Fighting|10\/100\n|turn|12\n|\n|t:|1699827739\n|move|p2a: Palafin|Jet Punch|p1a: Landorus\n|-damage|p1a: Landorus|0 fnt\n|faint|p1a: Landorus\n|\n|win|Marcostap\n","uploadtime":1699827750,"views":7,"p1id":"shimenaruka","p2id":"marcostap","formatid":"gen9vgc2023regulatione","rating":0,"private":0,"password":""}