{"id":"gen9vgc2023regulatione-1998862831","p1":"PA_sVavaa","p2":"INPS_PerLaFamiglia","format":"[Gen 9] VGC 2023 Regulation E","log":"|j|\u2606PA_sVavaa\n|j|\u2606INPS_PerLaFamiglia\n|n|\u2606PA_sVavaa|pasvavaa\n|n|\u2606INPS_PerLaFamiglia|inpsperlafamiglia\n|html|View the match progress at <a href=\"\/game-bestof3-gen9vgc2023regulatione-1998860064\">game-bestof3-gen9vgc2023regulatione-1998860064<\/a>\n|t:|1701005030\n|gametype|doubles\n|player|p1|PA_sVavaa|veteranf|\n|player|p2|INPS_PerLaFamiglia|shadowtriad|\n|teamsize|p1|6\n|teamsize|p2|6\n|gen|9\n|tier|[Gen 9] VGC 2023 Regulation E\n|rule|Species Clause: Limit one of each Pok\u00e9mon\n|rule|Item Clause: Limit one of each item\n|clearpoke\n|poke|p1|Tornadus, L50, M|\n|poke|p1|Urshifu-*, L50, F|\n|poke|p1|Rillaboom, L50, F|\n|poke|p1|Ogerpon-Hearthflame, L50, F|\n|poke|p1|Gholdengo, L50|\n|poke|p1|Regidrago, L50|\n|poke|p2|Dondozo, L50, M|\n|poke|p2|Kommo-o, L50, F|\n|poke|p2|Iron Hands, L50|\n|poke|p2|Sinistcha, L50|\n|poke|p2|Indeedee-F, L50, F|\n|poke|p2|Arcanine, L50, F|\n|teampreview|4\nPA_sVavaa has agreed to open team sheets.\nINPS_PerLaFamiglia has agreed to open team sheets.\n|showteam|p1|Tornadus||CovertCloak|Prankster|BleakwindStorm,Tailwind,RainDance,Protect|||M|||50|,,,,,Steel]Urshifu-Rapid-Strike||MysticWater|UnseenFist|SurgingStrikes,CloseCombat,AquaJet,Detect|||F|||50|,,,,,Water]Rillaboom||AssaultVest|GrassySurge|WoodHammer,GrassyGlide,Uturn,FakeOut|||F|||50|,,,,,Fire]Ogerpon-Hearthflame||HearthflameMask|MoldBreaker|IvyCudgel,GrassyGlide,FollowMe,SpikyShield|||F|||50|,,,,,Fire]Gholdengo||ChoiceSpecs|GoodasGold|MakeItRain,ShadowBall,Thunderbolt,SteelBeam||||||50|,,,,,Steel]Regidrago||DragonFang|DragonsMaw|DragonEnergy,DracoMeteor,EarthPower,Protect||||||50|,,,,,Steel\n|showteam|p2|Dondozo||Leftovers|Unaware|Liquidation,BodyPress,Curse,Protect|||M|||50|,,,,,Dragon]Kommo-o||ThroatSpray|Bulletproof|ClangingScales,FlashCannon,ClangorousSoul,Protect|||F|||50|,,,,,Steel]Iron Hands||AssaultVest|QuarkDrive|FakeOut,WildCharge,DrainPunch,VoltSwitch||||||50|,,,,,Water]Sinistcha||RockyHelmet|Hospitality|MatchaGotcha,RagePowder,StrengthSap,TrickRoom||||||50|,,,,,Water]Indeedee-F||SafetyGoggles|PsychicSurge|DazzlingGleam,FollowMe,HealPulse,TrickRoom|||F|||50|,,,,,Fairy]Arcanine||SitrusBerry|Intimidate|FlareBlitz,Snarl,WillOWisp,MorningSun|||F|||50|,,,,,Grass\n|\n|t:|1701005090\n|start\n|switch|p1a: Ogerpon|Ogerpon-Hearthflame, L50, F|100\/100\n|switch|p1b: Regidrago|Regidrago, L50|100\/100\n|switch|p2a: Kommo-o|Kommo-o, L50, F|100\/100\n|switch|p2b: Iron Hands|Iron Hands, L50|100\/100\n|-ability|p1a: Ogerpon|Mold Breaker\n|turn|1\n|\n|t:|1701005113\n|move|p1b: Regidrago|Protect|p1b: Regidrago\n|-singleturn|p1b: Regidrago|Protect\n|move|p2b: Iron Hands|Fake Out|p1b: Regidrago\n|-activate|p1b: Regidrago|move: Protect\n|move|p1a: Ogerpon|Ivy Cudgel|p2b: Iron Hands|[anim] Ivy Cudgel Fire\n|-damage|p2b: Iron Hands|67\/100\n|move|p2a: Kommo-o|Clangorous Soul|p2a: Kommo-o\n|-boost|p2a: Kommo-o|atk|1\n|-boost|p2a: Kommo-o|def|1\n|-boost|p2a: Kommo-o|spa|1\n|-boost|p2a: Kommo-o|spd|1\n|-boost|p2a: Kommo-o|spe|1\n|-damage|p2a: Kommo-o|68\/100\n|-enditem|p2a: Kommo-o|Throat Spray\n|-boost|p2a: Kommo-o|spa|1|[from] item: Throat Spray\n|\n|upkeep\n|turn|2\n|\n|t:|1701005159\n|-terastallize|p1b: Regidrago|Steel\n|move|p2a: Kommo-o|Protect|p2a: Kommo-o\n|-singleturn|p2a: Kommo-o|Protect\n|move|p1a: Ogerpon|Ivy Cudgel|p2a: Kommo-o|[anim] Ivy Cudgel Fire\n|-activate|p2a: Kommo-o|move: Protect\n|move|p1b: Regidrago|Dragon Energy|p2a: Kommo-o|[spread] p2b\n|-activate|p2a: Kommo-o|move: Protect\n|-damage|p2b: Iron Hands|13\/100\n|move|p2b: Iron Hands|Drain Punch|p1b: Regidrago\n|-supereffective|p1b: Regidrago\n|-damage|p1b: Regidrago|13\/100\n|-heal|p2b: Iron Hands|63\/100|[from] drain|[of] p1b: Regidrago\n|\n|upkeep\n|turn|3\n|j| DubiousVGC\n|\n|t:|1701005254\n|move|p1b: Regidrago|Protect|p1b: Regidrago\n|-singleturn|p1b: Regidrago|Protect\n|move|p2a: Kommo-o|Clanging Scales|p1b: Regidrago|[spread] p1a\n|-activate|p1b: Regidrago|move: Protect\n|-damage|p1a: Ogerpon|22\/100\n|-unboost|p2a: Kommo-o|def|1\n|move|p1a: Ogerpon|Ivy Cudgel|p2b: Iron Hands|[anim] Ivy Cudgel Fire\n|-damage|p2b: Iron Hands|28\/100\n|move|p2b: Iron Hands|Drain Punch|p1a: Ogerpon\n|-damage|p1a: Ogerpon|0 fnt\n|-heal|p2b: Iron Hands|36\/100|[from] drain|[of] p1a: Ogerpon\n|faint|p1a: Ogerpon\n|\n|upkeep\n|\n|t:|1701005269\n|switch|p1a: Tornadus|Tornadus, L50, M|100\/100\n|turn|4\n|\n|t:|1701005311\n|-terastallize|p2a: Kommo-o|Steel\n|move|p1a: Tornadus|Tailwind|p1a: Tornadus\n|-sidestart|p1: PA_sVavaa|move: Tailwind\n|move|p1b: Regidrago|Earth Power|p2b: Iron Hands\n|-supereffective|p2b: Iron Hands\n|-damage|p2b: Iron Hands|3\/100\n|move|p2a: Kommo-o|Clanging Scales|p1b: Regidrago|[spread] p1a,p1b\n|-resisted|p1b: Regidrago\n|-damage|p1a: Tornadus|14\/100\n|-damage|p1b: Regidrago|0 fnt\n|faint|p1b: Regidrago\n|-unboost|p2a: Kommo-o|def|1\n|move|p2b: Iron Hands|Volt Switch|p1a: Tornadus\n|-supereffective|p1a: Tornadus\n|-damage|p1a: Tornadus|0 fnt\n|faint|p1a: Tornadus\n|\n|t:|1701005321\n|-end|p2b: Iron Hands|Quark Drive|[silent]\n|switch|p2b: Sinistcha|Sinistcha, L50|100\/100|[from] Volt Switch\n|-heal|p2a: Kommo-o|93\/100|[from] ability: Hospitality|[of] p2b: Sinistcha\n|\n|upkeep\n|\n|t:|1701005326\n|switch|p1b: Gholdengo|Gholdengo, L50|100\/100\n|turn|5\n|\n|t:|1701005350\n|move|p1b: Gholdengo|Make It Rain|p2b: Sinistcha|[spread] p2a,p2b\n|-resisted|p2a: Kommo-o\n|-crit|p2a: Kommo-o\n|-damage|p2a: Kommo-o|31\/100\n|-damage|p2b: Sinistcha|33\/100\n|-unboost|p1b: Gholdengo|spa|1\n|move|p2a: Kommo-o|Clanging Scales|p1b: Gholdengo\n|-resisted|p1b: Gholdengo\n|-damage|p1b: Gholdengo|43\/100\n|-unboost|p2a: Kommo-o|def|1\n|move|p2b: Sinistcha|Matcha Gotcha|p1b: Gholdengo\n|-resisted|p1b: Gholdengo\n|-damage|p1b: Gholdengo|27\/100\n|-heal|p2b: Sinistcha|42\/100|[from] drain|[of] p1b: Gholdengo\n|\n|upkeep\n|turn|6\n|\n|t:|1701005374\n|switch|p2b: Iron Hands|Iron Hands, L50|3\/100\n|move|p2a: Kommo-o|Protect|p2a: Kommo-o\n|-singleturn|p2a: Kommo-o|Protect\n|move|p1b: Gholdengo|Make It Rain|p2a: Kommo-o|[spread] p2b\n|-activate|p2a: Kommo-o|move: Protect\n|-resisted|p2b: Iron Hands\n|-damage|p2b: Iron Hands|0 fnt\n|-unboost|p1b: Gholdengo|spa|1\n|faint|p2b: Iron Hands\n|-end|p2b: Iron Hands|Quark Drive|[silent]\n|\n|upkeep\n|\n|t:|1701005381\n|switch|p2b: Sinistcha|Sinistcha, L50|42\/100\n|-heal|p2a: Kommo-o|56\/100|[from] ability: Hospitality|[of] p2b: Sinistcha\n|turn|7\n|\n|t:|1701005387\n|move|p1b: Gholdengo|Make It Rain|p2a: Kommo-o|[spread] p2a,p2b\n|-resisted|p2a: Kommo-o\n|-damage|p2a: Kommo-o|43\/100\n|-damage|p2b: Sinistcha|7\/100\n|-unboost|p1b: Gholdengo|spa|1\n|move|p2a: Kommo-o|Clanging Scales|p1b: Gholdengo\n|-resisted|p1b: Gholdengo\n|-damage|p1b: Gholdengo|0 fnt\n|faint|p1b: Gholdengo\n|\n|win|INPS_PerLaFamiglia\n|c|&|\/uhtml prompt-pasvavaa,PA_sVavaa is ready for game 3!\n|c|\u2606PA_sVavaa|gg\n|c|\u2606INPS_PerLaFamiglia|gg\n|c|&|\/uhtml prompt-inpsperlafamiglia,INPS_PerLaFamiglia is ready for game 3!\nBoth players are ready! Starting next match!\n|j| Kxroro\n|l| DubiousVGC\n","uploadtime":1701005686,"views":12,"p1id":"pasvavaa","p2id":"inpsperlafamiglia","formatid":"gen9vgc2023regulatione","rating":0,"private":0,"password":""}