{"id":"gen9vgc2023regulatione-2000289707","p1":"blueandtoday","p2":"zombieaussie","format":"[Gen 9] VGC 2023 Regulation E","log":"|j|\u2606blueandtoday\n|j|\u2606zombieaussie\n|t:|1701181765\n|gametype|doubles\n|player|p1|blueandtoday|266|1187\n|player|p2|zombieaussie|266|1087\n|teamsize|p1|6\n|teamsize|p2|6\n|gen|9\n|tier|[Gen 9] VGC 2023 Regulation E\n|rated|\n|rule|Species Clause: Limit one of each Pok\u00e9mon\n|rule|Item Clause: Limit one of each item\n|clearpoke\n|poke|p1|Rillaboom, L50, F|\n|poke|p1|Sinistcha-Masterpiece, L50|\n|poke|p1|Amoonguss, L50, M|\n|poke|p1|Electrode-Hisui, L50|\n|poke|p1|Torterra, L50, F|\n|poke|p1|Ogerpon-Wellspring, L50, F|\n|poke|p2|Farigiraf, L50, M|\n|poke|p2|Scyther, L50, M|\n|poke|p2|Hatterene, L50, F|\n|poke|p2|Dragapult, L50, F|\n|poke|p2|Tornadus, L50, M|\n|poke|p2|Corviknight, L50, M|\n|teampreview|4\n|\n|t:|1701181794\n|start\n|switch|p1a: Electrode|Electrode-Hisui, L50|100\/100\n|switch|p1b: Rillaboom|Rillaboom, L50, F|100\/100\n|switch|p2a: Farigiraf|Farigiraf, L50, M|100\/100\n|switch|p2b: Hatterene|Hatterene, L50, F|100\/100\n|-fieldstart|move: Grassy Terrain|[from] ability: Grassy Surge|[of] p1b: Rillaboom\n|turn|1\n|\n|t:|1701181813\n|-terastallize|p2b: Hatterene|Fire\n|move|p1a: Electrode|Thunder Wave|p2b: Hatterene\n|move|p2b: Hatterene|Thunder Wave|p1a: Electrode|[from]ability: Magic Bounce\n|-immune|p1a: Electrode\n|move|p1b: Rillaboom|Wood Hammer|p2b: Hatterene\n|-resisted|p2b: Hatterene\n|-damage|p2b: Hatterene|37\/100\n|-damage|p1b: Rillaboom|81\/100|[from] Recoil\n|-damage|p1b: Rillaboom|72\/100|[from] item: Life Orb\n|move|p2b: Hatterene|Mystical Fire|p1a: Electrode\n|-supereffective|p1a: Electrode\n|-enditem|p1a: Electrode|Focus Sash\n|-damage|p1a: Electrode|1\/100\n|-unboost|p1a: Electrode|spa|1\n|move|p2a: Farigiraf|Trick Room|p2a: Farigiraf\n|-fieldstart|move: Trick Room|[of] p2a: Farigiraf\n|\n|-heal|p2b: Hatterene|43\/100|[from] Grassy Terrain\n|-heal|p1b: Rillaboom|78\/100|[from] Grassy Terrain\n|-heal|p1a: Electrode|7\/100|[from] Grassy Terrain\n|upkeep\n|turn|2\n|\n|t:|1701181843\n|-terastallize|p1b: Rillaboom|Poison\n|move|p1a: Electrode|Protect|p1a: Electrode\n|-singleturn|p1a: Electrode|Protect\n|move|p2b: Hatterene|Mystical Fire|p1b: Rillaboom\n|-damage|p1b: Rillaboom|24\/100\n|-unboost|p1b: Rillaboom|spa|1\n|move|p2a: Farigiraf|Hyper Voice|p1a: Electrode|[spread] p1b\n|-activate|p1a: Electrode|move: Protect\n|-damage|p1b: Rillaboom|0 fnt\n|faint|p1b: Rillaboom\n|\n|-heal|p2b: Hatterene|49\/100|[from] Grassy Terrain\n|-heal|p1a: Electrode|13\/100|[from] Grassy Terrain\n|upkeep\n|\n|t:|1701181859\n|switch|p1b: Sinistcha|Sinistcha-Masterpiece, L50|100\/100\n|turn|3\n|\n|t:|1701181870\n|move|p2b: Hatterene|Mystical Fire|p1b: Sinistcha\n|-supereffective|p1b: Sinistcha\n|-damage|p1b: Sinistcha|50\/100\n|-unboost|p1b: Sinistcha|spa|1\n|-enditem|p1b: Sinistcha|Sitrus Berry|[eat]\n|-heal|p1b: Sinistcha|74\/100|[from] item: Sitrus Berry\n|move|p2a: Farigiraf|Psychic|p1a: Electrode\n|-damage|p1a: Electrode|0 fnt\n|faint|p1a: Electrode\n|move|p1b: Sinistcha|Scald|p2b: Hatterene\n|-supereffective|p2b: Hatterene\n|-damage|p2b: Hatterene|25\/100\n|\n|-heal|p2b: Hatterene|31\/100|[from] Grassy Terrain\n|-heal|p1b: Sinistcha|81\/100|[from] Grassy Terrain\n|upkeep\n|\n|t:|1701181884\n|switch|p1a: Torterra|Torterra, L50, F|100\/100\n|turn|4\n|\n|t:|1701181896\n|move|p2b: Hatterene|Mystical Fire|p1b: Sinistcha\n|-supereffective|p1b: Sinistcha\n|-crit|p1b: Sinistcha\n|-damage|p1b: Sinistcha|5\/100\n|-unboost|p1b: Sinistcha|spa|1\n|move|p2a: Farigiraf|Psychic|p1b: Sinistcha\n|-damage|p1b: Sinistcha|0 fnt\n|faint|p1b: Sinistcha\n|move|p1a: Torterra|Rock Slide|p2a: Farigiraf|[spread] p2a,p2b\n|-supereffective|p2b: Hatterene\n|-damage|p2a: Farigiraf|82\/100\n|-damage|p2b: Hatterene|0 fnt\n|faint|p2b: Hatterene\n|\n|-heal|p2a: Farigiraf|88\/100|[from] Grassy Terrain\n|upkeep\n|\n|t:|1701181906\n|switch|p2b: Scyther|Scyther, L50, M|100\/100\n|turn|5\n|\n|t:|1701181922\n|move|p2a: Farigiraf|Psychic|p1a: Torterra\n|-damage|p1a: Torterra|58\/100\n|move|p1a: Torterra|Shell Smash|p1a: Torterra\n|-unboost|p1a: Torterra|def|1\n|-unboost|p1a: Torterra|spd|1\n|-boost|p1a: Torterra|atk|2\n|-boost|p1a: Torterra|spa|2\n|-boost|p1a: Torterra|spe|2\n|-enditem|p1a: Torterra|White Herb\n|-clearnegativeboost|p1a: Torterra|[silent]\n|move|p2b: Scyther|Dual Wingbeat|p1a: Torterra|[miss]\n|-miss|p2b: Scyther|p1a: Torterra\n|\n|-heal|p2a: Farigiraf|94\/100|[from] Grassy Terrain\n|-heal|p1a: Torterra|64\/100|[from] Grassy Terrain\n|-fieldend|move: Trick Room\n|-fieldend|move: Grassy Terrain\n|upkeep\n|turn|6\n|\n|t:|1701181948\n|move|p1a: Torterra|Rock Slide|p2a: Farigiraf|[spread] p2a,p2b\n|-supereffective|p2b: Scyther\n|-damage|p2a: Farigiraf|54\/100\n|-damage|p2b: Scyther|0 fnt\n|faint|p2b: Scyther\n|cant|p2a: Farigiraf|flinch\n|\n|upkeep\n|\n|t:|1701181951\n|switch|p2b: Dragapult|Dragapult, L50, F|100\/100\n|turn|7\n|\n|t:|1701181992\n|move|p1a: Torterra|Headlong Rush|p2b: Dragapult\n|-damage|p2b: Dragapult|0 fnt\n|-unboost|p1a: Torterra|def|1\n|-unboost|p1a: Torterra|spd|1\n|faint|p2b: Dragapult\n|move|p2a: Farigiraf|Psychic|p1a: Torterra\n|-damage|p1a: Torterra|0 fnt\n|faint|p1a: Torterra\n|\n|win|zombieaussie\n|raw|blueandtoday's rating: 1187 &rarr; <strong>1155<\/strong><br \/>(-32 for losing)\n|raw|zombieaussie's rating: 1087 &rarr; <strong>1121<\/strong><br \/>(+34 for winning)\n","uploadtime":1701181999,"views":3,"p1id":"blueandtoday","p2id":"zombieaussie","formatid":"gen9vgc2023regulatione","rating":1121,"private":0,"password":""}