{"id":"gen9vgc2023regulatione-1997793505","p1":"Pelokice","p2":"DoggoGGO","format":"[Gen 9] VGC 2023 Regulation E","log":"|j|\u2606Pelokice\n|j|\u2606DoggoGGO\n|t:|1700853323\n|gametype|doubles\n|player|p1|Pelokice|1|1038\n|player|p2|DoggoGGO|pokemonrangerf|1096\n|teamsize|p1|6\n|teamsize|p2|6\n|gen|9\n|tier|[Gen 9] VGC 2023 Regulation E\n|rated|\n|rule|Species Clause: Limit one of each Pok\u00e9mon\n|rule|Item Clause: Limit one of each item\n|clearpoke\n|poke|p1|Lurantis, L50, F|\n|poke|p1|Lilligant, L50, F|\n|poke|p1|Tornadus, L50, M|\n|poke|p1|Heatran, L50, M|\n|poke|p1|Rotom-Wash, L50|\n|poke|p1|Brute Bonnet, L50|\n|poke|p2|Toxapex, L50, M|\n|poke|p2|Wo-Chien, L50|\n|poke|p2|Clefairy, L50, F|\n|poke|p2|Ogerpon-Hearthflame, L50, F|\n|poke|p2|Iron Hands, L50|\n|poke|p2|Torterra, L50, M|\n|teampreview|4\n|\n|t:|1700853356\n|start\n|switch|p1a: Tornadus|Tornadus, L50, M, shiny|100\/100\n|switch|p1b: Heatran|Heatran, L50, M, shiny|100\/100\n|switch|p2a: Weird Thing|Toxapex, L50, M|100\/100\n|switch|p2b: WO CHIEN SWEEP|Wo-Chien, L50|100\/100\n|-ability|p2b: WO CHIEN SWEEP|Tablets of Ruin\n|turn|1\n|\n|t:|1700853378\n|-terastallize|p1b: Heatran|Grass\n|move|p2b: WO CHIEN SWEEP|Protect|p2b: WO CHIEN SWEEP\n|-singleturn|p2b: WO CHIEN SWEEP|Protect\n|move|p1a: Tornadus|Bleakwind Storm|p2b: WO CHIEN SWEEP|[spread] p2a\n|-activate|p2b: WO CHIEN SWEEP|move: Protect\n|-damage|p2a: Weird Thing|62\/100\n|move|p1b: Heatran|Magma Storm|p2b: WO CHIEN SWEEP\n|-activate|p2b: WO CHIEN SWEEP|move: Protect\n|move|p2a: Weird Thing|Infestation|p1a: Tornadus\n|-resisted|p1a: Tornadus\n|-damage|p1a: Tornadus|99\/100\n|-activate|p1a: Tornadus|move: Infestation|[of] p2a: Weird Thing\n|\n|-heal|p2a: Weird Thing|68\/100|[from] item: Black Sludge\n|-damage|p1a: Tornadus|86\/100|[from] move: Infestation|[partiallytrapped]\n|upkeep\n|turn|2\n|\n|t:|1700853402\n|-terastallize|p2b: WO CHIEN SWEEP|Water\n|move|p1a: Tornadus|Bleakwind Storm|p2b: WO CHIEN SWEEP|[spread] p2a,p2b\n|-damage|p2a: Weird Thing|33\/100\n|-damage|p2b: WO CHIEN SWEEP|74\/100\n|move|p1b: Heatran|Magma Storm|p2b: WO CHIEN SWEEP\n|-resisted|p2b: WO CHIEN SWEEP\n|-damage|p2b: WO CHIEN SWEEP|59\/100\n|-activate|p2b: WO CHIEN SWEEP|move: Magma Storm|[of] p1b: Heatran\n|move|p2b: WO CHIEN SWEEP|Leech Seed|p1a: Tornadus\n|-start|p1a: Tornadus|move: Leech Seed\n|move|p2a: Weird Thing|Infestation|p1b: Heatran\n|-supereffective|p1b: Heatran\n|-damage|p1b: Heatran|94\/100\n|-activate|p1b: Heatran|move: Infestation|[of] p2a: Weird Thing\n|\n|-heal|p2b: WO CHIEN SWEEP|66\/100|[from] item: Leftovers\n|-heal|p2a: Weird Thing|39\/100|[from] item: Black Sludge\n|-damage|p1a: Tornadus|74\/100|[from] Leech Seed|[of] p2b: WO CHIEN SWEEP\n|-heal|p2b: WO CHIEN SWEEP|75\/100|[silent]\n|-damage|p1a: Tornadus|62\/100|[from] move: Infestation|[partiallytrapped]\n|-damage|p1b: Heatran|82\/100|[from] move: Infestation|[partiallytrapped]\n|-damage|p2b: WO CHIEN SWEEP|63\/100|[from] move: Magma Storm|[partiallytrapped]\n|upkeep\n|turn|3\n|inactive|Battle timer is ON: inactive players will automatically lose when time's up. (requested by Pelokice)\n|\n|t:|1700853439\n|move|p2a: Weird Thing|Baneful Bunker|p2a: Weird Thing\n|-singleturn|p2a: Weird Thing|move: Protect\n|move|p1a: Tornadus|Sunny Day|p1a: Tornadus\n|-weather|SunnyDay\n|move|p1b: Heatran|Tera Blast|p2a: Weird Thing|[anim] Tera Blast Grass\n|-activate|p2a: Weird Thing|move: Protect\n|move|p2b: WO CHIEN SWEEP|Leech Seed|p1b: Heatran\n|-immune|p1b: Heatran\n|\n|-weather|SunnyDay|[upkeep]\n|-heal|p2b: WO CHIEN SWEEP|69\/100|[from] item: Leftovers\n|-heal|p2a: Weird Thing|44\/100|[from] item: Black Sludge\n|-damage|p1a: Tornadus|50\/100|[from] Leech Seed|[of] p2b: WO CHIEN SWEEP\n|-heal|p2b: WO CHIEN SWEEP|79\/100|[silent]\n|-damage|p1a: Tornadus|37\/100|[from] move: Infestation|[partiallytrapped]\n|-damage|p1b: Heatran|70\/100|[from] move: Infestation|[partiallytrapped]\n|-damage|p2b: WO CHIEN SWEEP|67\/100|[from] move: Magma Storm|[partiallytrapped]\n|upkeep\n|turn|4\n|inactive|DoggoGGO has 30 seconds left.\n|\n|t:|1700853465\n|move|p1a: Tornadus|Bleakwind Storm|p2b: WO CHIEN SWEEP|[spread] p2a,p2b\n|-damage|p2a: Weird Thing|8\/100\n|-damage|p2b: WO CHIEN SWEEP|43\/100\n|-unboost|p2b: WO CHIEN SWEEP|spe|1\n|move|p1b: Heatran|Solar Beam||[still]\n|-prepare|p1b: Heatran|Solar Beam\n|-anim|p1b: Heatran|Solar Beam|p2a: Weird Thing\n|-damage|p2a: Weird Thing|0 fnt\n|faint|p2a: Weird Thing\n|move|p2b: WO CHIEN SWEEP|Ruination|p1b: Heatran\n|-damage|p1b: Heatran|35\/100\n|\n|-weather|SunnyDay|[upkeep]\n|-heal|p2b: WO CHIEN SWEEP|49\/100|[from] item: Leftovers\n|-damage|p1a: Tornadus|25\/100|[from] Leech Seed|[of] p2b: WO CHIEN SWEEP\n|-heal|p2b: WO CHIEN SWEEP|59\/100|[silent]\n|-end|p1a: Tornadus|Infestation|[partiallytrapped]|[silent]\n|-end|p1b: Heatran|Infestation|[partiallytrapped]|[silent]\n|-damage|p2b: WO CHIEN SWEEP|46\/100|[from] move: Magma Storm|[partiallytrapped]\n|upkeep\n|\n|t:|1700853485\n|switch|p2a: Big Gripping|Iron Hands, L50|100\/100\n|turn|5\n|\n|t:|1700853509\n|move|p2b: WO CHIEN SWEEP|Protect|p2b: WO CHIEN SWEEP\n|-singleturn|p2b: WO CHIEN SWEEP|Protect\n|move|p2a: Big Gripping|Fake Out|p1a: Tornadus\n|-damage|p1a: Tornadus|5\/100\n|cant|p1a: Tornadus|flinch\n|move|p1b: Heatran|Magma Storm|p2a: Big Gripping\n|-damage|p2a: Big Gripping|48\/100\n|-activate|p2a: Big Gripping|move: Magma Storm|[of] p1b: Heatran\n|\n|-weather|SunnyDay|[upkeep]\n|-heal|p2b: WO CHIEN SWEEP|53\/100|[from] item: Leftovers\n|-damage|p1a: Tornadus|0 fnt|[from] Leech Seed|[of] p2b: WO CHIEN SWEEP\n|-heal|p2b: WO CHIEN SWEEP|56\/100|[silent]\n|faint|p1a: Tornadus\n|-damage|p2a: Big Gripping|35\/100|[from] move: Magma Storm|[partiallytrapped]\n|-damage|p2b: WO CHIEN SWEEP|44\/100|[from] move: Magma Storm|[partiallytrapped]\n|upkeep\n|\n|t:|1700853524\n|switch|p1a: Brute Bonnet|Brute Bonnet, L50, shiny|100\/100\n|-activate|p1a: Brute Bonnet|ability: Protosynthesis\n|-start|p1a: Brute Bonnet|protosynthesisatk\n|turn|6\n|\n|t:|1700853542\n|move|p1a: Brute Bonnet|Rage Powder|p1a: Brute Bonnet\n|-singleturn|p1a: Brute Bonnet|move: Rage Powder\n|move|p1b: Heatran|Tera Blast|p2b: WO CHIEN SWEEP|[anim] Tera Blast Grass\n|-supereffective|p2b: WO CHIEN SWEEP\n|-damage|p2b: WO CHIEN SWEEP|0 fnt\n|faint|p2b: WO CHIEN SWEEP\n|move|p2a: Big Gripping|Drain Punch|p1a: Brute Bonnet\n|-supereffective|p1a: Brute Bonnet\n|-damage|p1a: Brute Bonnet|20\/100\n|-heal|p2a: Big Gripping|69\/100|[from] drain|[of] p1a: Brute Bonnet\n|\n|-weather|SunnyDay|[upkeep]\n|-damage|p2a: Big Gripping|57\/100|[from] move: Magma Storm|[partiallytrapped]\n|upkeep\n|\n|t:|1700853555\n|switch|p2b: Overused|Ogerpon-Hearthflame, L50, F|100\/100\n|-ability|p2b: Overused|Mold Breaker\n|turn|7\n|\n|t:|1700853565\n|move|p1a: Brute Bonnet|Sucker Punch|p2b: Overused\n|-damage|p2b: Overused|23\/100\n|move|p2b: Overused|Ivy Cudgel|p1b: Heatran|[anim] Ivy Cudgel Fire\n|-supereffective|p1b: Heatran\n|-damage|p1b: Heatran|0 fnt\n|faint|p1b: Heatran\n|move|p2a: Big Gripping|Drain Punch|p1a: Brute Bonnet\n|-supereffective|p1a: Brute Bonnet\n|-damage|p1a: Brute Bonnet|0 fnt\n|-heal|p2a: Big Gripping|65\/100|[from] drain|[of] p1a: Brute Bonnet\n|faint|p1a: Brute Bonnet\n|-end|p1a: Brute Bonnet|Protosynthesis|[silent]\n|\n|-weather|none\n|-end|p2a: Big Gripping|Magma Storm|[partiallytrapped]|[silent]\n|upkeep\n|\n|t:|1700853578\n|switch|p1b: Rotom|Rotom-Wash, L50, shiny|100\/100\n|turn|8\n|inactive|DoggoGGO has 30 seconds left.\n|\n|t:|1700853603\n|move|p2b: Overused|Wood Hammer|p1b: Rotom\n|-supereffective|p1b: Rotom\n|-damage|p1b: Rotom|0 fnt\n|faint|p1b: Rotom\n|-damage|p2b: Overused|0 fnt|[from] Recoil\n|faint|p2b: Overused\n|\n|win|DoggoGGO\n|raw|Pelokice's rating: 1038 &rarr; <strong>1025<\/strong><br \/>(-13 for losing)\n|raw|DoggoGGO's rating: 1096 &rarr; <strong>1117<\/strong><br \/>(+21 for winning)\n","uploadtime":1700853613,"views":3,"p1id":"pelokice","p2id":"doggoggo","formatid":"gen9vgc2023regulatione","rating":1025,"private":0,"password":""}