{"id":"gen9vgc2023regulatione-1994812065","p1":"tt11823","p2":"D0xie","format":"[Gen 9] VGC 2023 Regulation E","log":"|j|\u2606tt11823\n|j|\u2606D0xie\n|t:|1700495080\n|gametype|doubles\n|player|p1|tt11823|waiter-gen9|1318\n|player|p2|D0xie|flannery|1217\n|teamsize|p1|6\n|teamsize|p2|6\n|gen|9\n|tier|[Gen 9] VGC 2023 Regulation E\n|rated|\n|rule|Species Clause: Limit one of each Pok\u00e9mon\n|rule|Item Clause: Limit one of each item\n|clearpoke\n|poke|p1|Heatran, L50, F|\n|poke|p1|Iron Hands, L50|\n|poke|p1|Sinistcha, L50|\n|poke|p1|Goodra-Hisui, L50, F|\n|poke|p1|Urshifu-*, L50, M|\n|poke|p1|Tornadus, L50, M|\n|poke|p2|Toedscruel, L50, F|\n|poke|p2|Arcanine-Hisui, L50, M|\n|poke|p2|Sableye, L50, F|\n|poke|p2|Flutter Mane, L50|\n|poke|p2|Ogerpon-Wellspring, L50, F|\n|poke|p2|Dragapult, L50, M|\n|teampreview|4\n|inactive|Battle timer is ON: inactive players will automatically lose when time's up. (requested by D0xie)\n|\n|t:|1700495107\n|start\n|switch|p1a: Tornadus|Tornadus, L50, M|100\/100\n|switch|p1b: Goodra|Goodra-Hisui, L50, F|100\/100\n|switch|p2a: Sableye|Sableye, L50, F|100\/100\n|switch|p2b: Toedscruel|Toedscruel, L50, F|100\/100\n|turn|1\n|\n|t:|1700495129\n|move|p1a: Tornadus|Taunt|p2b: Toedscruel\n|-start|p2b: Toedscruel|move: Taunt\n|-enditem|p2b: Toedscruel|Mental Herb\n|-end|p2b: Toedscruel|move: Taunt\n|move|p2a: Sableye|Skill Swap|p2b: Toedscruel\n|-activate|p2a: Sableye|move: Skill Swap|||[of] p2b: Toedscruel\n|move|p2b: Toedscruel|Spore|p1b: Goodra\n|-status|p1b: Goodra|slp|[from] move: Spore\n|cant|p1b: Goodra|slp\n|\n|upkeep\n|turn|2\n|\n|t:|1700495150\n|move|p2b: Toedscruel|Protect|p2b: Toedscruel\n|-singleturn|p2b: Toedscruel|Protect\n|move|p1a: Tornadus|Taunt|p2b: Toedscruel\n|-activate|p2b: Toedscruel|move: Protect\n|cant|p1b: Goodra|slp\n|move|p2a: Sableye|Skill Swap|p1a: Tornadus\n|-activate|p2a: Sableye|move: Skill Swap|Prankster|Mycelium Might|[of] p1a: Tornadus\n|\n|upkeep\n|turn|3\n|\n|t:|1700495174\n|switch|p2a: Arcanine|Arcanine-Hisui, L50, M|100\/100\n|-ability|p2a: Arcanine|Intimidate|boost\n|-unboost|p1a: Tornadus|atk|1\n|-unboost|p1b: Goodra|atk|1\n|move|p2b: Toedscruel|Spore|p1a: Tornadus\n|-status|p1a: Tornadus|slp|[from] move: Spore\n|cant|p1a: Tornadus|slp\n|-curestatus|p1b: Goodra|slp|[msg]\n|move|p1b: Goodra|Body Press|p2b: Toedscruel\n|-damage|p2b: Toedscruel|76\/100\n|\n|upkeep\n|turn|4\n|\n|t:|1700495193\n|-curestatus|p1a: Tornadus|slp|[msg]\n|move|p1a: Tornadus|Protect|p1a: Tornadus\n|-singleturn|p1a: Tornadus|Protect\n|move|p2b: Toedscruel|Spore|p1b: Goodra\n|-status|p1b: Goodra|slp|[from] move: Spore\n|move|p2a: Arcanine|Rock Slide|p1a: Tornadus|[spread] \n|-activate|p1a: Tornadus|move: Protect\n|-miss|p2a: Arcanine|p1b: Goodra\n|cant|p1b: Goodra|slp\n|\n|upkeep\n|turn|5\n|\n|t:|1700495215\n|move|p2b: Toedscruel|Spore|p1a: Tornadus\n|-status|p1a: Tornadus|slp|[from] move: Spore\n|cant|p1a: Tornadus|slp\n|move|p2a: Arcanine|Flare Blitz|p1a: Tornadus\n|-damage|p1a: Tornadus|27\/100 slp\n|-damage|p2a: Arcanine|78\/100|[from] Recoil\n|cant|p1b: Goodra|slp\n|\n|upkeep\n|turn|6\n|\n|t:|1700495222\n|-curestatus|p1a: Tornadus|slp|[msg]\n|move|p1a: Tornadus|Icy Wind|p2b: Toedscruel|[spread] p2a,p2b\n|-resisted|p2a: Arcanine\n|-supereffective|p2b: Toedscruel\n|-damage|p2a: Arcanine|70\/100\n|-damage|p2b: Toedscruel|35\/100\n|-unboost|p2b: Toedscruel|spe|1\n|move|p2a: Arcanine|Rock Slide|p1b: Goodra|[spread] p1a,p1b\n|-supereffective|p1a: Tornadus\n|-resisted|p1b: Goodra\n|-damage|p1a: Tornadus|0 fnt\n|-damage|p1b: Goodra|91\/100 slp\n|faint|p1a: Tornadus\n|cant|p1b: Goodra|slp\n|move|p2b: Toedscruel|Earth Power|p1b: Goodra\n|-supereffective|p1b: Goodra\n|-damage|p1b: Goodra|51\/100 slp\n|\n|upkeep\n|\n|t:|1700495236\n|switch|p1a: Heatran|Heatran, L50, F|100\/100\n|turn|7\n|\n|t:|1700495251\n|-terastallize|p2a: Arcanine|Normal\n|-terastallize|p1a: Heatran|Grass\n|move|p2b: Toedscruel|Protect|p2b: Toedscruel\n|-singleturn|p2b: Toedscruel|Protect\n|move|p2a: Arcanine|Flare Blitz|p1b: Goodra\n|-damage|p1b: Goodra|9\/100 slp\n|-damage|p2a: Arcanine|53\/100|[from] item: Rocky Helmet|[of] p1b: Goodra\n|-damage|p2a: Arcanine|38\/100|[from] Recoil\n|move|p1a: Heatran|Heat Wave|p2b: Toedscruel|[spread] p2a\n|-activate|p2b: Toedscruel|move: Protect\n|-damage|p2a: Arcanine|0 fnt\n|faint|p2a: Arcanine\n|-curestatus|p1b: Goodra|slp|[msg]\n|move|p1b: Goodra|Life Dew||[still]|[spread] p1a,p1b\n|-fail|p1a: Heatran|heal\n|-heal|p1b: Goodra|34\/100\n|\n|upkeep\n|\n|t:|1700495266\n|switch|p2a: Flutter Mane|Flutter Mane, L50|100\/100\n|-enditem|p2a: Flutter Mane|Booster Energy\n|-activate|p2a: Flutter Mane|ability: Protosynthesis|[fromitem]\n|-start|p2a: Flutter Mane|protosynthesisspe\n|turn|8\n|inactive|tt11823 has 30 seconds left.\n|\n|t:|1700495296\n|move|p1a: Heatran|Protect|p1a: Heatran\n|-singleturn|p1a: Heatran|Protect\n|move|p2b: Toedscruel|Spore|p1b: Goodra\n|-status|p1b: Goodra|slp|[from] move: Spore\n|move|p2a: Flutter Mane|Dazzling Gleam|p1b: Goodra|[spread] p1b\n|-activate|p1a: Heatran|move: Protect\n|-damage|p1b: Goodra|12\/100 slp\n|cant|p1b: Goodra|slp\n|\n|upkeep\n|turn|9\n|\n|t:|1700495313\n|move|p2a: Flutter Mane|Shadow Ball|p1a: Heatran\n|-damage|p1a: Heatran|62\/100\n|move|p1a: Heatran|Heat Wave|p2a: Flutter Mane|[spread] p2a\n|-miss|p1a: Heatran|p2b: Toedscruel\n|-damage|p2a: Flutter Mane|54\/100\n|-curestatus|p1b: Goodra|slp|[msg]\n|move|p1b: Goodra|Life Dew|p1b: Goodra|[spread] p1a,p1b\n|-heal|p1a: Heatran|87\/100\n|-heal|p1b: Goodra|37\/100\n|move|p2b: Toedscruel|Earth Power|p1b: Goodra\n|-supereffective|p1b: Goodra\n|-damage|p1b: Goodra|4\/100\n|\n|-heal|p1a: Heatran|93\/100|[from] item: Leftovers\n|upkeep\n|turn|10\n|\n|t:|1700495338\n|move|p2b: Toedscruel|Protect|p2b: Toedscruel\n|-singleturn|p2b: Toedscruel|Protect\n|move|p2a: Flutter Mane|Dazzling Gleam|p1a: Heatran|[spread] p1a,p1b\n|-damage|p1a: Heatran|65\/100\n|-damage|p1b: Goodra|0 fnt\n|faint|p1b: Goodra\n|move|p1a: Heatran|Heat Wave|p2a: Flutter Mane|[spread] p2a\n|-activate|p2b: Toedscruel|move: Protect\n|-damage|p2a: Flutter Mane|14\/100\n|\n|-heal|p1a: Heatran|71\/100|[from] item: Leftovers\n|upkeep\n|\n|t:|1700495343\n|switch|p1b: Sinistcha|Sinistcha, L50|100\/100\n|-heal|p1a: Heatran|95\/100|[from] ability: Hospitality|[of] p1b: Sinistcha\n|turn|11\n|\n|t:|1700495358\n|switch|p2b: Sableye|Sableye, L50, F|100\/100\n|move|p2a: Flutter Mane|Protect|p2a: Flutter Mane\n|-singleturn|p2a: Flutter Mane|Protect\n|move|p1b: Sinistcha|Protect|p1b: Sinistcha\n|-singleturn|p1b: Sinistcha|Protect\n|move|p1a: Heatran|Heat Wave|p2b: Sableye|[spread] \n|-activate|p2a: Flutter Mane|move: Protect\n|-miss|p1a: Heatran|p2b: Sableye\n|\n|-heal|p1a: Heatran|100\/100|[from] item: Leftovers\n|upkeep\n|turn|12\n|\n|t:|1700495372\n|move|p2b: Sableye|Fake Out|p1a: Heatran\n|-damage|p1a: Heatran|93\/100\n|move|p2a: Flutter Mane|Shadow Ball|p1b: Sinistcha\n|-supereffective|p1b: Sinistcha\n|-damage|p1b: Sinistcha|2\/100\n|-enditem|p1b: Sinistcha|Sitrus Berry|[eat]\n|-heal|p1b: Sinistcha|26\/100|[from] item: Sitrus Berry\n|cant|p1a: Heatran|flinch\n|move|p1b: Sinistcha|Matcha Gotcha|p2b: Sableye|[spread] p2b\n|-miss|p1b: Sinistcha|p2a: Flutter Mane\n|-damage|p2b: Sableye|75\/100\n|-heal|p1b: Sinistcha|38\/100|[from] drain|[of] p2b: Sableye\n|-enditem|p2b: Sableye|Eject Button\n|\n|t:|1700495383\n|switch|p2b: Toedscruel|Toedscruel, L50, F|35\/100\n|\n|-heal|p1a: Heatran|99\/100|[from] item: Leftovers\n|upkeep\n|turn|13\n|\n|t:|1700495396\n|move|p2a: Flutter Mane|Protect|p2a: Flutter Mane\n|-singleturn|p2a: Flutter Mane|Protect\n|move|p1b: Sinistcha|Protect|p1b: Sinistcha\n|-singleturn|p1b: Sinistcha|Protect\n|move|p1a: Heatran|Heat Wave|p2a: Flutter Mane|[spread] p2b\n|-activate|p2a: Flutter Mane|move: Protect\n|-supereffective|p2b: Toedscruel\n|-damage|p2b: Toedscruel|0 fnt\n|faint|p2b: Toedscruel\n|\n|-heal|p1a: Heatran|100\/100|[from] item: Leftovers\n|upkeep\n|\n|t:|1700495403\n|switch|p2b: Sableye|Sableye, L50, F|75\/100\n|turn|14\n|\n|t:|1700495419\n|move|p1a: Heatran|Protect|p1a: Heatran\n|-singleturn|p1a: Heatran|Protect\n|move|p1b: Sinistcha|Protect||[still]\n|-fail|p1b: Sinistcha\n|move|p2b: Sableye|Fake Out|p1a: Heatran\n|-activate|p1a: Heatran|move: Protect\n|move|p2a: Flutter Mane|Shadow Ball|p1b: Sinistcha\n|-supereffective|p1b: Sinistcha\n|-damage|p1b: Sinistcha|0 fnt\n|faint|p1b: Sinistcha\n|\n|upkeep\n|turn|15\n|\n|t:|1700495438\n|move|p2a: Flutter Mane|Protect|p2a: Flutter Mane\n|-singleturn|p2a: Flutter Mane|Protect\n|move|p2b: Sableye|Skill Swap|p1a: Heatran\n|-activate|p2b: Sableye|move: Skill Swap|Flash Fire|Prankster|[of] p1a: Heatran\n|move|p1a: Heatran|Heat Wave|p2a: Flutter Mane|[spread] \n|-activate|p2a: Flutter Mane|move: Protect\n|-start|p2b: Sableye|ability: Flash Fire\n|\n|upkeep\n|turn|16\n|\n|t:|1700495455\n|move|p1a: Heatran|Will-O-Wisp|p2a: Flutter Mane\n|-status|p2a: Flutter Mane|brn\n|move|p2a: Flutter Mane|Shadow Ball|p1a: Heatran\n|-damage|p1a: Heatran|61\/100\n|move|p2b: Sableye|Will-O-Wisp|p1a: Heatran\n|-status|p1a: Heatran|brn\n|\n|-heal|p1a: Heatran|67\/100 brn|[from] item: Leftovers\n|-damage|p2a: Flutter Mane|7\/100 brn|[from] brn\n|-damage|p1a: Heatran|61\/100 brn|[from] brn\n|upkeep\n|turn|17\n|\n|t:|1700495480\n|move|p1a: Heatran|Protect|p1a: Heatran\n|-singleturn|p1a: Heatran|Protect\n|move|p2a: Flutter Mane|Shadow Ball|p1a: Heatran\n|-activate|p1a: Heatran|move: Protect\n|move|p2b: Sableye|Foul Play|p1a: Heatran\n|-activate|p1a: Heatran|move: Protect\n|\n|-heal|p1a: Heatran|67\/100 brn|[from] item: Leftovers\n|-damage|p2a: Flutter Mane|1\/100 brn|[from] brn\n|-damage|p1a: Heatran|61\/100 brn|[from] brn\n|upkeep\n|turn|18\n|\n|t:|1700495492\n|move|p1a: Heatran|Protect||[still]\n|-fail|p1a: Heatran\n|move|p2a: Flutter Mane|Shadow Ball|p1a: Heatran\n|-damage|p1a: Heatran|24\/100 brn\n|move|p2b: Sableye|Foul Play|p1a: Heatran\n|-damage|p1a: Heatran|5\/100 brn\n|\n|-heal|p1a: Heatran|11\/100 brn|[from] item: Leftovers\n|-damage|p2a: Flutter Mane|0 fnt|[from] brn\n|faint|p2a: Flutter Mane\n|-end|p2a: Flutter Mane|Protosynthesis|[silent]\n|-damage|p1a: Heatran|5\/100 brn|[from] brn\n|upkeep\n|turn|19\n|\n|t:|1700495504\n|move|p1a: Heatran|Earth Power|p2b: Sableye\n|-damage|p2b: Sableye|40\/100\n|move|p2b: Sableye|Foul Play|p1a: Heatran\n|-damage|p1a: Heatran|0 fnt\n|faint|p1a: Heatran\n|\n|win|D0xie\n|raw|tt11823's rating: 1318 &rarr; <strong>1292<\/strong><br \/>(-26 for losing)\n|raw|D0xie's rating: 1217 &rarr; <strong>1249<\/strong><br \/>(+32 for winning)\n|l|\u2606tt11823\n","uploadtime":1700495516,"views":35,"p1id":"tt11823","p2id":"d0xie","formatid":"gen9vgc2023regulatione","rating":1249,"private":0,"password":""}