{"id":"gen9vgc2023regulatione-1998792362","p1":"Hoffenzeffer","p2":"fyfyyalt1","format":"[Gen 9] VGC 2023 Regulation E","log":"|j|\u2606Hoffenzeffer\n|j|\u2606fyfyyalt1\n|t:|1700991899\n|gametype|doubles\n|player|p1|Hoffenzeffer|drayden|1422\n|player|p2|fyfyyalt1|169|1607\n|teamsize|p1|6\n|teamsize|p2|6\n|gen|9\n|tier|[Gen 9] VGC 2023 Regulation E\n|rated|\n|rule|Species Clause: Limit one of each Pok\u00e9mon\n|rule|Item Clause: Limit one of each item\n|clearpoke\n|poke|p1|Roaring Moon, L50|\n|poke|p1|Landorus-Therian, L50, M|\n|poke|p1|Torkoal, L50, M|\n|poke|p1|Sinistcha, L50|\n|poke|p1|Iron Hands, L50|\n|poke|p1|Gholdengo, L50|\n|poke|p2|Tornadus, L50, M|\n|poke|p2|Urshifu-*, L50, M|\n|poke|p2|Regidrago, L50|\n|poke|p2|Gholdengo, L50|\n|poke|p2|Iron Hands, L50|\n|poke|p2|Farigiraf, L50, M|\n|teampreview|4\nfyfyyalt1 has agreed to open team sheets.\n|\n|t:|1700991973\n|start\n|switch|p1a: Bustard|Roaring Moon, L50|100\/100\n|switch|p1b: Iron Hands|Iron Hands, L50, shiny|100\/100\n|switch|p2a: Tornadus|Tornadus, L50, M|100\/100\n|switch|p2b: Regidrago|Regidrago, L50|100\/100\n|-enditem|p1a: Bustard|Booster Energy\n|-activate|p1a: Bustard|ability: Protosynthesis|[fromitem]\n|-start|p1a: Bustard|protosynthesisspe\n|turn|1\n|inactive|Battle timer is ON: inactive players will automatically lose when time's up. (requested by fyfyyalt1)\n|\n|t:|1700991993\n|switch|p2b: Iron Hands|Iron Hands, L50|100\/100\n|move|p1b: Iron Hands|Fake Out|p2b: Iron Hands\n|-damage|p2b: Iron Hands|90\/100\n|move|p2a: Tornadus|Tailwind|p2a: Tornadus\n|-sidestart|p2: fyfyyalt1|move: Tailwind\n|move|p1a: Bustard|Tailwind|p1a: Bustard\n|-sidestart|p1: Hoffenzeffer|move: Tailwind\n|\n|upkeep\n|turn|2\n|\n|t:|1700992011\n|-end|p1b: Iron Hands|Quark Drive|[silent]\n|switch|p1b: Landorus|Landorus-Therian, L50, M|100\/100\n|-ability|p1b: Landorus|Intimidate|boost\n|-unboost|p2a: Tornadus|atk|1\n|-unboost|p2b: Iron Hands|atk|1\n|move|p1a: Bustard|Protect|p1a: Bustard\n|-singleturn|p1a: Bustard|Protect\n|move|p2a: Tornadus|Rain Dance|p2a: Tornadus\n|-weather|RainDance\n|move|p2b: Iron Hands|Drain Punch|p1a: Bustard\n|-activate|p1a: Bustard|move: Protect\n|\n|-weather|RainDance|[upkeep]\n|upkeep\n|turn|3\n|inactive|Hoffenzeffer has 30 seconds left.\n|\n|t:|1700992043\n|-terastallize|p1a: Bustard|Poison\n|move|p1a: Bustard|Breaking Swipe|p2b: Iron Hands|[spread] p2a,p2b\n|-damage|p2a: Tornadus|65\/100\n|-damage|p2b: Iron Hands|76\/100\n|-unboost|p2a: Tornadus|atk|1\n|-unboost|p2b: Iron Hands|atk|1\n|move|p1b: Landorus|Stomping Tantrum|p2b: Iron Hands\n|-supereffective|p2b: Iron Hands\n|-damage|p2b: Iron Hands|17\/100\n|move|p2a: Tornadus|Bleakwind Storm|p1b: Landorus|[spread] p1a,p1b\n|-damage|p1a: Bustard|68\/100\n|-damage|p1b: Landorus|55\/100\n|move|p2b: Iron Hands|Drain Punch|p1a: Bustard\n|-resisted|p1a: Bustard\n|-damage|p1a: Bustard|57\/100\n|-heal|p2b: Iron Hands|22\/100|[from] drain|[of] p1a: Bustard\n|\n|-weather|RainDance|[upkeep]\n|upkeep\n|turn|4\n|inactive|Hoffenzeffer has 30 seconds left.\n|inactive|fyfyyalt1 has 30 seconds left.\n|\n|t:|1700992073\n|move|p1a: Bustard|Knock Off|p2a: Tornadus\n|-damage|p2a: Tornadus|0 fnt\n|-enditem|p2a: Tornadus|Focus Sash|[from] move: Knock Off|[of] p1a: Bustard\n|faint|p2a: Tornadus\n|move|p1b: Landorus|Stomping Tantrum|p2b: Iron Hands\n|-supereffective|p2b: Iron Hands\n|-damage|p2b: Iron Hands|0 fnt\n|faint|p2b: Iron Hands\n|-end|p2b: Iron Hands|Quark Drive|[silent]\n|\n|-weather|RainDance|[upkeep]\n|-sideend|p2: fyfyyalt1|move: Tailwind\n|-sideend|p1: Hoffenzeffer|move: Tailwind\n|upkeep\n|\n|t:|1700992076\n|switch|p2a: Urshifu|Urshifu-Rapid-Strike, L50, M|100\/100\n|switch|p2b: Regidrago|Regidrago, L50|100\/100\n|turn|5\n|inactive|Hoffenzeffer has 30 seconds left.\n|inactive|Hoffenzeffer has 20 seconds left.\n|inactive|Hoffenzeffer has 15 seconds left.\n|inactive|Hoffenzeffer has 10 seconds left.\n|\n|t:|1700992125\n|-terastallize|p2a: Urshifu|Water\n|move|p2b: Regidrago|Protect|p2b: Regidrago\n|-singleturn|p2b: Regidrago|Protect\n|move|p1a: Bustard|Tailwind|p1a: Bustard\n|-sidestart|p1: Hoffenzeffer|move: Tailwind\n|move|p1b: Landorus|Stomping Tantrum|p2b: Regidrago\n|-activate|p2b: Regidrago|move: Protect\n|move|p2a: Urshifu|Surging Strikes|p1a: Bustard\n|-crit|p1a: Bustard\n|-damage|p1a: Bustard|13\/100\n|-crit|p1a: Bustard\n|-damage|p1a: Bustard|0 fnt\n|faint|p1a: Bustard\n|-end|p1a: Bustard|Protosynthesis|[silent]\n|-hitcount|p1: Bustard|2\n|\n|-weather|RainDance|[upkeep]\n|upkeep\n|inactive|Hoffenzeffer has 30 seconds left.\n|\n|t:|1700992156\n|switch|p1a: Gholdengo|Gholdengo, L50|100\/100\n|turn|6\n|\n|t:|1700992180\n|move|p1b: Landorus|Stomping Tantrum|p2b: Regidrago\n|-damage|p2b: Regidrago|54\/100\n|move|p1a: Gholdengo|Shadow Ball|p2a: Urshifu\n|-damage|p2a: Urshifu|12\/100\n|move|p2a: Urshifu|Surging Strikes|p1a: Gholdengo\n|-crit|p1a: Gholdengo\n|-damage|p1a: Gholdengo|56\/100\n|-crit|p1a: Gholdengo\n|-damage|p1a: Gholdengo|7\/100\n|-crit|p1a: Gholdengo\n|-damage|p1a: Gholdengo|0 fnt\n|faint|p1a: Gholdengo\n|-hitcount|p1: Gholdengo|3\n|move|p2b: Regidrago|Draco Meteor|p1b: Landorus\n|-damage|p1b: Landorus|0 fnt\n|-unboost|p2b: Regidrago|spa|2\n|faint|p1b: Landorus\n|\n|-weather|none\n|upkeep\n|\n|t:|1700992189\n|switch|p1b: Iron Hands|Iron Hands, L50, shiny|100\/100\n|turn|7\n|\n|t:|1700992198\n|move|p1b: Iron Hands|Fake Out|p2a: Urshifu\n|-damage|p2a: Urshifu|0 fnt\n|faint|p2a: Urshifu\n|move|p2b: Regidrago|Earth Power|p1b: Iron Hands\n|-supereffective|p1b: Iron Hands\n|-damage|p1b: Iron Hands|87\/100\n|\n|upkeep\n|turn|8\n|\n|t:|1700992207\n|move|p2b: Regidrago|Protect|p2b: Regidrago\n|-singleturn|p2b: Regidrago|Protect\n|move|p1b: Iron Hands|Drain Punch|p2b: Regidrago\n|-activate|p2b: Regidrago|move: Protect\n|\n|-sideend|p1: Hoffenzeffer|move: Tailwind\n|upkeep\n|turn|9\n|\n|t:|1700992231\n|move|p2b: Regidrago|Draco Meteor|p1b: Iron Hands\n|-damage|p1b: Iron Hands|60\/100\n|-unboost|p2b: Regidrago|spa|2\n|move|p1b: Iron Hands|Drain Punch|p2b: Regidrago\n|-damage|p2b: Regidrago|9\/100\n|-heal|p1b: Iron Hands|86\/100|[from] drain|[of] p2b: Regidrago\n|\n|upkeep\n|turn|10\n|-message|fyfyyalt1 forfeited.\n|\n|win|Hoffenzeffer\n|raw|Hoffenzeffer's rating: 1422 &rarr; <strong>1452<\/strong><br \/>(+30 for winning)\n|raw|fyfyyalt1's rating: 1607 &rarr; <strong>1577<\/strong><br \/>(-30 for losing)\n|l|\u2606fyfyyalt1\n","uploadtime":1700992254,"views":21,"p1id":"hoffenzeffer","p2id":"fyfyyalt1","formatid":"gen9vgc2023regulatione","rating":1452,"private":0,"password":""}