{"id":"gen9vgc2023regulatione-1999684676","p1":"CrushRing","p2":"mad skwovet","format":"[Gen 9] VGC 2023 Regulation E","log":"|j|\u2606CrushRing\n|j|\u2606mad skwovet\n|t:|1701107623\n|gametype|doubles\n|player|p1|CrushRing|karen|1306\n|player|p2|mad skwovet|pokemaniac|1358\n|teamsize|p1|6\n|teamsize|p2|6\n|gen|9\n|tier|[Gen 9] VGC 2023 Regulation E\n|rated|\n|rule|Species Clause: Limit one of each Pok\u00e9mon\n|rule|Item Clause: Limit one of each item\n|clearpoke\n|poke|p1|Milotic, L50, F|\n|poke|p1|Chien-Pao, L50|\n|poke|p1|Dragapult, L50, M|\n|poke|p1|Iron Hands, L50|\n|poke|p1|Ninetales-Alola, L50, F|\n|poke|p1|Gliscor, L50, M|\n|poke|p2|Barraskewda, L50, M|\n|poke|p2|Pelipper, L50, M|\n|poke|p2|Farigiraf, L50, F|\n|poke|p2|Ogerpon, L50, F|\n|poke|p2|Iron Hands, L50|\n|poke|p2|Landorus-Therian, L50, M|\n|teampreview|4\n|inactive|Battle timer is ON: inactive players will automatically lose when time's up. (requested by CrushRing)\n|\n|t:|1701107647\n|start\n|switch|p1a: Chien-Pao|Chien-Pao, L50|100\/100\n|switch|p1b: Iron Hands|Iron Hands, L50|100\/100\n|switch|p2a: Barraskewda|Barraskewda, L50, M|100\/100\n|switch|p2b: Pelipper|Pelipper, L50, M|100\/100\n|-ability|p1a: Chien-Pao|Sword of Ruin\n|-weather|RainDance|[from] ability: Drizzle|[of] p2b: Pelipper\n|turn|1\n|c|\u2606CrushRing|glhf\n|c|\u2606mad skwovet|gl hf\n|inactive|CrushRing has 30 seconds left.\n|\n|t:|1701107673\n|switch|p2b: Farigiraf|Farigiraf, L50, F|100\/100\n|move|p1b: Iron Hands|Fake Out||[still]\n|cant|p2b: Farigiraf|ability: Armor Tail|Fake Out|[of] p1b: Iron Hands\n|move|p2a: Barraskewda|Flip Turn|p1b: Iron Hands\n|-crit|p1b: Iron Hands\n|-damage|p1b: Iron Hands|0 fnt\n|faint|p1b: Iron Hands\n|-end|p1b: Iron Hands|Quark Drive|[silent]\n|\n|t:|1701107682\n|switch|p2a: Iron Hands|Iron Hands, L50|100\/100|[from] Flip Turn\n|move|p1a: Chien-Pao|Crunch|p2a: Iron Hands\n|-resisted|p2a: Iron Hands\n|-damage|p2a: Iron Hands|80\/100\n|\n|-weather|RainDance|[upkeep]\n|upkeep\n|c|\u2606CrushRing|damn\n|\n|t:|1701107691\n|switch|p1b: Dragapult|Dragapult, L50, M|100\/100\n|turn|2\n|\n|t:|1701107700\n|move|p2a: Iron Hands|Fake Out|p1a: Chien-Pao\n|-damage|p1a: Chien-Pao|80\/100\n|move|p1b: Dragapult|Phantom Force||[still]\n|-prepare|p1b: Dragapult|Phantom Force\n|cant|p1a: Chien-Pao|flinch\n|move|p2b: Farigiraf|Dazzling Gleam|p1b: Dragapult|[spread] p1a\n|-miss|p2b: Farigiraf|p1b: Dragapult\n|-supereffective|p1a: Chien-Pao\n|-damage|p1a: Chien-Pao|54\/100\n|\n|-weather|RainDance|[upkeep]\n|upkeep\n|turn|3\n|\n|t:|1701107717\n|move|p1b: Dragapult|Phantom Force|p2a: Iron Hands|[from]lockedmove\n|-damage|p2a: Iron Hands|27\/100\n|-damage|p1b: Dragapult|91\/100|[from] item: Life Orb\n|move|p1a: Chien-Pao|Crunch|p2b: Farigiraf\n|-supereffective|p2b: Farigiraf\n|-damage|p2b: Farigiraf|13\/100\n|-enditem|p2b: Farigiraf|Sitrus Berry|[eat]\n|-heal|p2b: Farigiraf|38\/100|[from] item: Sitrus Berry\n|move|p2a: Iron Hands|Volt Switch|p1b: Dragapult\n|-resisted|p1b: Dragapult\n|-damage|p1b: Dragapult|82\/100\n|\n|t:|1701107731\n|-end|p2a: Iron Hands|Quark Drive|[silent]\n|switch|p2a: Barraskewda|Barraskewda, L50, M|100\/100|[from] Volt Switch\n|move|p2b: Farigiraf|Dazzling Gleam|p1b: Dragapult|[spread] p1a,p1b\n|-supereffective|p1a: Chien-Pao\n|-supereffective|p1b: Dragapult\n|-damage|p1a: Chien-Pao|29\/100\n|-damage|p1b: Dragapult|41\/100\n|\n|-weather|RainDance|[upkeep]\n|upkeep\n|turn|4\n|inactive|mad skwovet has 30 seconds left.\n|\n|t:|1701107757\n|-terastallize|p1b: Dragapult|Dragon\n|move|p2a: Barraskewda|Flip Turn|p1a: Chien-Pao\n|-damage|p1a: Chien-Pao|0 fnt\n|faint|p1a: Chien-Pao\n|\n|t:|1701107762\n|switch|p2a: Iron Hands|Iron Hands, L50|27\/100|[from] Flip Turn\n|move|p1b: Dragapult|Dragon Darts|p2a: Iron Hands\n|-damage|p2a: Iron Hands|0 fnt\n|-anim|p1b: Dragapult|Dragon Darts|p2b: Farigiraf\n|-damage|p2b: Farigiraf|6\/100\n|faint|p2a: Iron Hands\n|-end|p2a: Iron Hands|Quark Drive|[silent]\n|-damage|p1b: Dragapult|31\/100|[from] item: Life Orb\n|move|p2b: Farigiraf|Dazzling Gleam|p1b: Dragapult\n|-supereffective|p1b: Dragapult\n|-damage|p1b: Dragapult|0 fnt\n|faint|p1b: Dragapult\n|\n|-weather|RainDance|[upkeep]\n|upkeep\n|\n|t:|1701107776\n|switch|p1b: Ninetales|Ninetales-Alola, L50, F|100\/100\n|switch|p2a: Barraskewda|Barraskewda, L50, M|100\/100\n|-weather|Snow|[from] ability: Snow Warning|[of] p1b: Ninetales\n|turn|5\n|\n|t:|1701107790\n|switch|p2b: Pelipper|Pelipper, L50, M|100\/100\n|-weather|RainDance|[from] ability: Drizzle|[of] p2b: Pelipper\n|move|p2a: Barraskewda|Liquidation|p1b: Ninetales\n|-damage|p1b: Ninetales|0 fnt\n|faint|p1b: Ninetales\n|\n|win|mad skwovet\n|raw|CrushRing's rating: 1306 &rarr; <strong>1289<\/strong><br \/>(-17 for losing)\n|raw|mad skwovet's rating: 1358 &rarr; <strong>1375<\/strong><br \/>(+17 for winning)\n|l|\u2606CrushRing\n","uploadtime":1701107813,"views":2,"p1id":"crushring","p2id":"madskwovet","formatid":"gen9vgc2023regulatione","rating":1289,"private":0,"password":""}