{"id":"gen9vgc2023regulatione-1987873868","p1":"Yahar","p2":"Joefish776","format":"[Gen 9] VGC 2023 Regulation E","log":"|j|\u2606Yahar\n|j|\u2606Joefish776\n|t:|1699644782\n|gametype|doubles\n|player|p1|Yahar|shauntal|1095\n|player|p2|Joefish776|clerk|1152\n|teamsize|p1|6\n|teamsize|p2|6\n|gen|9\n|tier|[Gen 9] VGC 2023 Regulation E\n|rated|\n|rule|Species Clause: Limit one of each Pok\u00e9mon\n|rule|Item Clause: Limit one of each item\n|clearpoke\n|poke|p1|Zapdos, L50|\n|poke|p1|Iron Bundle, L50|\n|poke|p1|Heatran, L50, F|\n|poke|p1|Ogerpon-Wellspring, L50, F|\n|poke|p1|Rillaboom, L50, F|\n|poke|p1|Urshifu-*, L50, M|\n|poke|p2|Tornadus, L50, M|\n|poke|p2|Landorus-Therian, L50, M|\n|poke|p2|Flutter Mane, L50|\n|poke|p2|Sinistcha, L50|\n|poke|p2|Iron Hands, L50|\n|poke|p2|Arcanine-Hisui, L50, F|\n|teampreview|4\n|inactive|Battle timer is ON: inactive players will automatically lose when time's up. (requested by Yahar)\nYahar has agreed to open team sheets.\n|inactive|Yahar has 60 seconds left.\n|inactive|Joefish776 has 60 seconds left.\n|\n|t:|1699644833\n|start\n|switch|p1a: Zapdos|Zapdos, L50|100\/100\n|switch|p1b: Iron Bundle|Iron Bundle, L50|100\/100\n|switch|p2a: Tornadus|Tornadus, L50, M|100\/100\n|switch|p2b: Landorus|Landorus-Therian, L50, M|100\/100\n|-ability|p2b: Landorus|Intimidate|boost\n|-unboost|p1a: Zapdos|atk|1\n|-unboost|p1b: Iron Bundle|atk|1\n|-enditem|p1b: Iron Bundle|Booster Energy\n|-activate|p1b: Iron Bundle|ability: Quark Drive|[fromitem]\n|-start|p1b: Iron Bundle|quarkdrivespe\n|turn|1\n|\n|t:|1699644857\n|move|p2a: Tornadus|Tailwind|p2a: Tornadus\n|-sidestart|p2: Joefish776|move: Tailwind\n|move|p2b: Landorus|U-turn|p1b: Iron Bundle\n|-damage|p1b: Iron Bundle|68\/100\n|\n|t:|1699644862\n|switch|p2b: Iron Hands|Iron Hands, L50|100\/100|[from] U-turn\n|move|p1b: Iron Bundle|Icy Wind|p2a: Tornadus|[spread] p2a,p2b\n|-supereffective|p2a: Tornadus\n|-damage|p2a: Tornadus|37\/100\n|-damage|p2b: Iron Hands|88\/100\n|-unboost|p2b: Iron Hands|spe|1\n|move|p1a: Zapdos|Tailwind|p1a: Zapdos\n|-sidestart|p1: Yahar|move: Tailwind\n|\n|upkeep\n|turn|2\n|inactive|Yahar has 30 seconds left.\n|inactive|Joefish776 has 30 seconds left.\n|inactive|Yahar has 20 seconds left.\n|\n|t:|1699644899\n|move|p1b: Iron Bundle|Protect|p1b: Iron Bundle\n|-singleturn|p1b: Iron Bundle|Protect\n|move|p2a: Tornadus|Bleakwind Storm|p1b: Iron Bundle|[spread] \n|-activate|p1b: Iron Bundle|move: Protect\n|-miss|p2a: Tornadus|p1a: Zapdos\n|move|p1a: Zapdos|Thunderbolt|p2a: Tornadus\n|-supereffective|p2a: Tornadus\n|-crit|p2a: Tornadus\n|-damage|p2a: Tornadus|0 fnt\n|faint|p2a: Tornadus\n|move|p2b: Iron Hands|Wild Charge|p1b: Iron Bundle\n|-activate|p1b: Iron Bundle|move: Protect\n|\n|upkeep\n|\n|t:|1699644918\n|switch|p2a: Sinistcha|Sinistcha, L50|100\/100\n|-heal|p2b: Iron Hands|100\/100|[from] ability: Hospitality|[of] p2a: Sinistcha\n|turn|3\n|\n|t:|1699644942\n|-terastallize|p2a: Sinistcha|Dragon\n|move|p1b: Iron Bundle|Icy Wind|p2b: Iron Hands|[spread] p2a,p2b\n|-supereffective|p2a: Sinistcha\n|-damage|p2a: Sinistcha|62\/100\n|-damage|p2b: Iron Hands|89\/100\n|-unboost|p2a: Sinistcha|spe|1\n|-unboost|p2b: Iron Hands|spe|1\n|move|p1a: Zapdos|Hurricane|p2a: Sinistcha|[miss]\n|-miss|p1a: Zapdos|p2a: Sinistcha\n|move|p2a: Sinistcha|Matcha Gotcha|p1a: Zapdos|[spread] p1a,p1b\n|-resisted|p1a: Zapdos\n|-supereffective|p1b: Iron Bundle\n|-damage|p1a: Zapdos|90\/100\n|-heal|p2a: Sinistcha|68\/100|[from] drain|[of] p1a: Zapdos\n|-damage|p1b: Iron Bundle|0 fnt\n|-heal|p2a: Sinistcha|95\/100|[from] drain|[of] p1b: Iron Bundle\n|-status|p1a: Zapdos|brn\n|faint|p1b: Iron Bundle\n|-end|p1b: Iron Bundle|Quark Drive|[silent]\n|move|p2b: Iron Hands|Wild Charge|p1a: Zapdos\n|-damage|p1a: Zapdos|49\/100 brn\n|-damage|p2b: Iron Hands|72\/100|[from] item: Rocky Helmet|[of] p1a: Zapdos\n|-damage|p2b: Iron Hands|64\/100|[from] Recoil\n|\n|-damage|p1a: Zapdos|42\/100 brn|[from] brn\n|upkeep\n|\n|t:|1699644953\n|switch|p1b: Heatran|Heatran, L50, F, shiny|100\/100\n|turn|4\n|inactive|Yahar has 30 seconds left.\n|inactive|Joefish776 has 30 seconds left.\n|\n|t:|1699644980\n|-terastallize|p1b: Heatran|Grass\n|move|p2a: Sinistcha|Rage Powder|p2a: Sinistcha\n|-singleturn|p2a: Sinistcha|move: Rage Powder\n|move|p1a: Zapdos|Hurricane|p2a: Sinistcha\n|-damage|p2a: Sinistcha|51\/100\n|-start|p2a: Sinistcha|confusion\n|move|p1b: Heatran|Earth Power|p2b: Iron Hands\n|-supereffective|p2b: Iron Hands\n|-damage|p2b: Iron Hands|26\/100\n|move|p2b: Iron Hands|Drain Punch|p1b: Heatran\n|-crit|p1b: Heatran\n|-damage|p1b: Heatran|46\/100\n|-heal|p2b: Iron Hands|48\/100|[from] drain|[of] p1b: Heatran\n|\n|-damage|p1a: Zapdos|36\/100 brn|[from] brn\n|-sideend|p1: Yahar|move: Tailwind\n|-sideend|p2: Joefish776|move: Tailwind\n|upkeep\n|turn|5\n|inactive|Joefish776 has 30 seconds left.\n|\n|t:|1699645014\n|-end|p2b: Iron Hands|Quark Drive|[silent]\n|switch|p2b: Landorus|Landorus-Therian, L50, M|100\/100\n|-ability|p2b: Landorus|Intimidate|boost\n|-unboost|p1a: Zapdos|atk|1\n|-unboost|p1b: Heatran|atk|1\n|move|p1a: Zapdos|Tailwind|p1a: Zapdos\n|-sidestart|p1: Yahar|move: Tailwind\n|move|p1b: Heatran|Earth Power|p2b: Landorus\n|-immune|p2b: Landorus\n|-activate|p2a: Sinistcha|confusion\n|move|p2a: Sinistcha|Matcha Gotcha|p1b: Heatran|[spread] p1a\n|-miss|p2a: Sinistcha|p1b: Heatran\n|-resisted|p1a: Zapdos\n|-damage|p1a: Zapdos|25\/100 brn\n|-heal|p2a: Sinistcha|58\/100|[from] drain|[of] p1a: Zapdos\n|\n|-damage|p1a: Zapdos|19\/100 brn|[from] brn\n|upkeep\n|turn|6\n|\n|t:|1699645035\n|switch|p2a: Iron Hands|Iron Hands, L50|48\/100\n|move|p1a: Zapdos|Roost|p1a: Zapdos\n|-heal|p1a: Zapdos|69\/100 brn\n|-singleturn|p1a: Zapdos|move: Roost\n|move|p2b: Landorus|U-turn|p1b: Heatran\n|-supereffective|p1b: Heatran\n|-damage|p1b: Heatran|0 fnt\n|faint|p1b: Heatran\n|\n|t:|1699645044\n|switch|p2b: Sinistcha|Sinistcha, L50, tera:Dragon|58\/100|[from] U-turn\n|-heal|p2a: Iron Hands|73\/100|[from] ability: Hospitality|[of] p2b: Sinistcha\n|\n|-damage|p1a: Zapdos|63\/100 brn|[from] brn\n|upkeep\n|\n|t:|1699645047\n|switch|p1b: Urshifu|Urshifu, L50, M|100\/100\n|turn|7\n|\n|t:|1699645061\n|switch|p2b: Landorus|Landorus-Therian, L50, M|100\/100\n|-ability|p2b: Landorus|Intimidate|boost\n|-unboost|p1a: Zapdos|atk|1\n|-unboost|p1b: Urshifu|atk|1\n|move|p2a: Iron Hands|Fake Out|p1b: Urshifu\n|-damage|p1b: Urshifu|85\/100\n|move|p1b: Urshifu|Wicked Blow|p2b: Landorus\n|-crit|p2b: Landorus\n|-damage|p2b: Landorus|32\/100\n|move|p1a: Zapdos|Hurricane|p2a: Iron Hands\n|-damage|p2a: Iron Hands|50\/100\n|-start|p2a: Iron Hands|confusion\n|\n|-damage|p1a: Zapdos|57\/100 brn|[from] brn\n|upkeep\n|turn|8\n|inactive|Joefish776 has 30 seconds left.\n|\n|t:|1699645092\n|move|p1b: Urshifu|Wicked Blow|p2b: Landorus\n|-crit|p2b: Landorus\n|-damage|p2b: Landorus|0 fnt\n|faint|p2b: Landorus\n|move|p1a: Zapdos|Hurricane|p2a: Iron Hands\n|-damage|p2a: Iron Hands|22\/100\n|-activate|p2a: Iron Hands|confusion\n|-damage|p2a: Iron Hands|12\/100|[from] confusion\n|\n|-damage|p1a: Zapdos|51\/100 brn|[from] brn\n|-sideend|p1: Yahar|move: Tailwind\n|upkeep\n|\n|t:|1699645102\n|switch|p2b: Sinistcha|Sinistcha, L50, tera:Dragon|58\/100\n|-heal|p2a: Iron Hands|37\/100|[from] ability: Hospitality|[of] p2b: Sinistcha\n|turn|9\n|\n|t:|1699645111\n|move|p1b: Urshifu|Protect|p1b: Urshifu\n|-singleturn|p1b: Urshifu|Protect\n|move|p1a: Zapdos|Roost|p1a: Zapdos\n|-heal|p1a: Zapdos|100\/100 brn\n|-singleturn|p1a: Zapdos|move: Roost\n|move|p2b: Sinistcha|Strength Sap|p1b: Urshifu\n|-activate|p1b: Urshifu|move: Protect\n|-activate|p2a: Iron Hands|confusion\n|move|p2a: Iron Hands|Drain Punch|p1b: Urshifu\n|-activate|p1b: Urshifu|move: Protect\n|\n|-damage|p1a: Zapdos|94\/100 brn|[from] brn\n|upkeep\n|turn|10\n|\n|t:|1699645117\n|move|p1b: Urshifu|Wicked Blow|p2a: Iron Hands\n|-resisted|p2a: Iron Hands\n|-crit|p2a: Iron Hands\n|-damage|p2a: Iron Hands|17\/100\n|move|p1a: Zapdos|Tailwind|p1a: Zapdos\n|-sidestart|p1: Yahar|move: Tailwind\n|move|p2b: Sinistcha|Strength Sap|p1b: Urshifu\n|-unboost|p1b: Urshifu|atk|1\n|-heal|p2b: Sinistcha|100\/100\n|-activate|p2a: Iron Hands|confusion\n|move|p2a: Iron Hands|Drain Punch|p1b: Urshifu\n|-supereffective|p1b: Urshifu\n|-damage|p1b: Urshifu|0 fnt\n|-heal|p2a: Iron Hands|49\/100|[from] drain|[of] p1b: Urshifu\n|faint|p1b: Urshifu\n|\n|-damage|p1a: Zapdos|88\/100 brn|[from] brn\n|upkeep\n|turn|11\n|\n|t:|1699645141\n|move|p2b: Sinistcha|Rage Powder|p2b: Sinistcha\n|-singleturn|p2b: Sinistcha|move: Rage Powder\n|move|p1a: Zapdos|Hurricane|p2b: Sinistcha\n|-damage|p2b: Sinistcha|57\/100\n|-activate|p2a: Iron Hands|confusion\n|move|p2a: Iron Hands|Wild Charge|p1a: Zapdos\n|-damage|p1a: Zapdos|46\/100 brn\n|-damage|p2a: Iron Hands|33\/100|[from] item: Rocky Helmet|[of] p1a: Zapdos\n|-damage|p2a: Iron Hands|24\/100|[from] Recoil\n|\n|-damage|p1a: Zapdos|39\/100 brn|[from] brn\n|upkeep\n|turn|12\n|\n|t:|1699645160\n|move|p1a: Zapdos|Roost|p1a: Zapdos\n|-heal|p1a: Zapdos|90\/100 brn\n|-singleturn|p1a: Zapdos|move: Roost\n|move|p2b: Sinistcha|Strength Sap|p1a: Zapdos\n|-unboost|p1a: Zapdos|atk|1\n|-heal|p2b: Sinistcha|76\/100\n|-end|p2a: Iron Hands|confusion\n|move|p2a: Iron Hands|Wild Charge|p1a: Zapdos\n|-resisted|p1a: Zapdos\n|-damage|p1a: Zapdos|68\/100 brn\n|-damage|p2a: Iron Hands|7\/100|[from] item: Rocky Helmet|[of] p1a: Zapdos\n|-damage|p2a: Iron Hands|3\/100|[from] Recoil\n|\n|-damage|p1a: Zapdos|62\/100 brn|[from] brn\n|upkeep\n|turn|13\n|inactive|Joefish776 has 30 seconds left.\n|\n|t:|1699645189\n|move|p2b: Sinistcha|Rage Powder|p2b: Sinistcha\n|-singleturn|p2b: Sinistcha|move: Rage Powder\n|move|p1a: Zapdos|Hurricane|p2b: Sinistcha\n|-damage|p2b: Sinistcha|35\/100\n|move|p2a: Iron Hands|Wild Charge|p1a: Zapdos\n|-damage|p1a: Zapdos|22\/100 brn\n|-damage|p2a: Iron Hands|0 fnt|[from] item: Rocky Helmet|[of] p1a: Zapdos\n|faint|p2a: Iron Hands\n|-end|p2a: Iron Hands|Quark Drive|[silent]\n|\n|-damage|p1a: Zapdos|16\/100 brn|[from] brn\n|-sideend|p1: Yahar|move: Tailwind\n|upkeep\n|turn|14\n|\n|t:|1699645200\n|move|p1a: Zapdos|Roost|p1a: Zapdos\n|-heal|p1a: Zapdos|66\/100 brn\n|-singleturn|p1a: Zapdos|move: Roost\n|move|p2b: Sinistcha|Matcha Gotcha|p1a: Zapdos\n|-damage|p1a: Zapdos|36\/100 brn\n|-heal|p2b: Sinistcha|51\/100|[from] drain|[of] p1a: Zapdos\n|\n|-damage|p1a: Zapdos|30\/100 brn|[from] brn\n|upkeep\n|turn|15\n|\n|t:|1699645214\n|move|p1a: Zapdos|Roost|p1a: Zapdos\n|-heal|p1a: Zapdos|80\/100 brn\n|-singleturn|p1a: Zapdos|move: Roost\n|move|p2b: Sinistcha|Matcha Gotcha|p1a: Zapdos\n|-damage|p1a: Zapdos|49\/100 brn\n|-heal|p2b: Sinistcha|68\/100|[from] drain|[of] p1a: Zapdos\n|\n|-damage|p1a: Zapdos|42\/100 brn|[from] brn\n|upkeep\n|turn|16\n|\n|t:|1699645224\n|move|p1a: Zapdos|Roost|p1a: Zapdos\n|-heal|p1a: Zapdos|93\/100 brn\n|-singleturn|p1a: Zapdos|move: Roost\n|move|p2b: Sinistcha|Matcha Gotcha|p1a: Zapdos\n|-damage|p1a: Zapdos|60\/100 brn\n|-heal|p2b: Sinistcha|87\/100|[from] drain|[of] p1a: Zapdos\n|\n|-damage|p1a: Zapdos|54\/100 brn|[from] brn\n|upkeep\n|turn|17\n|\n|t:|1699645233\n|move|p1a: Zapdos|Hurricane|p2b: Sinistcha\n|-damage|p2b: Sinistcha|44\/100\n|move|p2b: Sinistcha|Matcha Gotcha|p1a: Zapdos\n|-resisted|p1a: Zapdos\n|-damage|p1a: Zapdos|39\/100 brn\n|-heal|p2b: Sinistcha|52\/100|[from] drain|[of] p1a: Zapdos\n|\n|-damage|p1a: Zapdos|33\/100 brn|[from] brn\n|upkeep\n|turn|18\n|\n|t:|1699645243\n|move|p1a: Zapdos|Roost|p1a: Zapdos\n|-heal|p1a: Zapdos|83\/100 brn\n|-singleturn|p1a: Zapdos|move: Roost\n|move|p2b: Sinistcha|Matcha Gotcha|p1a: Zapdos\n|-damage|p1a: Zapdos|55\/100 brn\n|-heal|p2b: Sinistcha|68\/100|[from] drain|[of] p1a: Zapdos\n|\n|-damage|p1a: Zapdos|49\/100 brn|[from] brn\n|upkeep\n|turn|19\n|\n|t:|1699645252\n|move|p1a: Zapdos|Hurricane|p2b: Sinistcha\n|-damage|p2b: Sinistcha|24\/100\n|-start|p2b: Sinistcha|confusion\n|-activate|p2b: Sinistcha|confusion\n|move|p2b: Sinistcha|Matcha Gotcha|p1a: Zapdos|[miss]\n|-miss|p2b: Sinistcha|p1a: Zapdos\n|\n|-damage|p1a: Zapdos|42\/100 brn|[from] brn\n|upkeep\n|turn|20\n|c|\u2606Joefish776|gg\n|-message|Joefish776 forfeited.\n|\n|win|Yahar\n|raw|Yahar's rating: 1095 &rarr; <strong>1125<\/strong><br \/>(+30 for winning)\n|raw|Joefish776's rating: 1152 &rarr; <strong>1123<\/strong><br \/>(-29 for losing)\n|l|\u2606Joefish776\n","uploadtime":1699645277,"views":12,"p1id":"yahar","p2id":"joefish776","formatid":"gen9vgc2023regulatione","rating":1123,"private":0,"password":""}