{"id":"gen9vgc2023regulatione-1999714946","p1":"newusernovice","p2":"aylart3","format":"[Gen 9] VGC 2023 Regulation E","log":"|j|\u2606newusernovice\n|j|\u2606aylart3\n|t:|1701110277\n|gametype|doubles\n|player|p1|newusernovice|brawly|1473\n|player|p2|aylart3|102|1385\n|teamsize|p1|6\n|teamsize|p2|6\n|gen|9\n|tier|[Gen 9] VGC 2023 Regulation E\n|rated|\n|rule|Species Clause: Limit one of each Pok\u00e9mon\n|rule|Item Clause: Limit one of each item\n|clearpoke\n|poke|p1|Indeedee-F, L50, F|\n|poke|p1|Armarouge, L50, M|\n|poke|p1|Urshifu-*, L50, M|\n|poke|p1|Torkoal, L50, F|\n|poke|p1|Flutter Mane, L50|\n|poke|p1|Chi-Yu, L50|\n|poke|p2|Annihilape, L50, F|\n|poke|p2|Garchomp, L50, M|\n|poke|p2|Grimmsnarl, L50, M|\n|poke|p2|Sinistcha, L50|\n|poke|p2|Fezandipiti, L50, M|\n|poke|p2|Goodra-Hisui, L50, M|\n|teampreview|4\n|inactive|Battle timer is ON: inactive players will automatically lose when time's up. (requested by aylart3)\n|inactive|newusernovice also wants the timer to be on.\n|inactive|newusernovice has 60 seconds left.\n|\n|t:|1701110325\n|start\n|switch|p1a: Indeedee|Indeedee-F, L50, F|100\/100\n|switch|p1b: Armarouge|Armarouge, L50, M|100\/100\n|switch|p2a: Garchomp|Garchomp, L50, M|100\/100\n|switch|p2b: Grimmsnarl|Grimmsnarl, L50, M|100\/100\n|-fieldstart|move: Psychic Terrain|[from] ability: Psychic Surge|[of] p1a: Indeedee\n|turn|1\n|inactive|aylart3 has 30 seconds left.\n|inactive|aylart3 has 20 seconds left.\n|inactive|aylart3 has 15 seconds left.\n|inactive|aylart3 has 10 seconds left.\n|inactive|aylart3 has 5 seconds left.\n|\n|t:|1701110380\n|move|p1b: Armarouge|Wide Guard|p1b: Armarouge\n|-singleturn|p1b: Armarouge|Wide Guard\n|move|p2b: Grimmsnarl|Reflect|p2b: Grimmsnarl\n|-sidestart|p2: aylart3|Reflect\n|move|p2a: Garchomp|Earthquake|p1b: Armarouge|[spread] p2b\n|-activate|p1a: Indeedee|move: Wide Guard\n|-activate|p1b: Armarouge|move: Wide Guard\n|-damage|p2b: Grimmsnarl|74\/100\n|move|p1a: Indeedee|Trick Room|p1a: Indeedee\n|-fieldstart|move: Trick Room|[of] p1a: Indeedee\n|\n|upkeep\n|turn|2\n|inactive|newusernovice has 30 seconds left.\n|\n|t:|1701110415\n|-terastallize|p1a: Indeedee|Fairy\n|move|p2b: Grimmsnarl|Light Screen|p2b: Grimmsnarl\n|-sidestart|p2: aylart3|move: Light Screen\n|move|p1b: Armarouge|Heat Wave|p2a: Garchomp|[spread] p2a\n|-miss|p1b: Armarouge|p2b: Grimmsnarl\n|-resisted|p2a: Garchomp\n|-damage|p2a: Garchomp|85\/100\n|-damage|p1b: Armarouge|91\/100|[from] item: Life Orb\n|move|p1a: Indeedee|Dazzling Gleam|p2b: Grimmsnarl|[spread] p2a,p2b\n|-supereffective|p2a: Garchomp\n|-supereffective|p2b: Grimmsnarl\n|-damage|p2a: Garchomp|49\/100\n|-damage|p2b: Grimmsnarl|37\/100\n|move|p2a: Garchomp|Earthquake|p1b: Armarouge|[spread] p2b,p1a,p1b\n|-supereffective|p1b: Armarouge\n|-damage|p2b: Grimmsnarl|10\/100\n|-damage|p1a: Indeedee|39\/100\n|-damage|p1b: Armarouge|9\/100\n|\n|upkeep\n|turn|3\n|\n|t:|1701110435\n|switch|p2b: Sinistcha|Sinistcha, L50|100\/100\n|-heal|p2a: Garchomp|74\/100|[from] ability: Hospitality|[of] p2b: Sinistcha\n|-terastallize|p2a: Garchomp|Fire\n|move|p1b: Armarouge|Expanding Force|p2a: Garchomp|[spread] p2a,p2b\n|-damage|p2a: Garchomp|19\/100\n|-damage|p2b: Sinistcha|48\/100\n|-damage|p1b: Armarouge|0 fnt|[from] item: Life Orb\n|faint|p1b: Armarouge\n|move|p1a: Indeedee|Dazzling Gleam|p2a: Garchomp|[spread] p2a,p2b\n|-resisted|p2a: Garchomp\n|-crit|p2a: Garchomp\n|-damage|p2a: Garchomp|0 fnt\n|-damage|p2b: Sinistcha|29\/100\n|faint|p2a: Garchomp\n|\n|upkeep\n|\n|t:|1701110452\n|switch|p1b: Torkoal|Torkoal, L50, F|100\/100\n|switch|p2a: Goodra|Goodra-Hisui, L50, M|100\/100\n|-weather|SunnyDay|[from] ability: Drought|[of] p1b: Torkoal\n|turn|4\n|\n|t:|1701110463\n|switch|p2b: Grimmsnarl|Grimmsnarl, L50, M|10\/100\n|move|p1a: Indeedee|Helping Hand|p1b: Torkoal\n|-singleturn|p1b: Torkoal|Helping Hand|[of] p1a: Indeedee\n|move|p1b: Torkoal|Eruption|p2b: Grimmsnarl|[spread] p2a,p2b\n|-damage|p2a: Goodra|51\/100\n|-damage|p2b: Grimmsnarl|0 fnt\n|faint|p2b: Grimmsnarl\n|move|p2a: Goodra|Life Dew|p2a: Goodra\n|-heal|p2a: Goodra|76\/100\n|\n|-weather|SunnyDay|[upkeep]\n|upkeep\n|\n|t:|1701110474\n|switch|p2b: Sinistcha|Sinistcha, L50|29\/100\n|-heal|p2a: Goodra|100\/100|[from] ability: Hospitality|[of] p2b: Sinistcha\n|turn|5\n|\n|t:|1701110485\n|move|p1a: Indeedee|Helping Hand|p1b: Torkoal\n|-singleturn|p1b: Torkoal|Helping Hand|[of] p1a: Indeedee\n|move|p1b: Torkoal|Eruption|p2b: Sinistcha|[spread] p2a,p2b\n|-supereffective|p2b: Sinistcha\n|-damage|p2a: Goodra|45\/100\n|-damage|p2b: Sinistcha|0 fnt\n|-enditem|p2a: Goodra|Sitrus Berry|[eat]\n|-heal|p2a: Goodra|69\/100|[from] item: Sitrus Berry\n|faint|p2b: Sinistcha\n|move|p2a: Goodra|Body Press|p1b: Torkoal\n|-damage|p1b: Torkoal|82\/100\n|\n|-weather|SunnyDay|[upkeep]\n|-fieldend|move: Trick Room\n|-fieldend|move: Psychic Terrain\n|upkeep\n|turn|6\n|\n|t:|1701110500\n|move|p1a: Indeedee|Follow Me|p1a: Indeedee\n|-singleturn|p1a: Indeedee|move: Follow Me\n|move|p2a: Goodra|Shelter|p2a: Goodra\n|-boost|p2a: Goodra|def|2\n|move|p1b: Torkoal|Eruption|p2a: Goodra\n|-damage|p2a: Goodra|27\/100\n|\n|-weather|SunnyDay|[upkeep]\n|upkeep\n|turn|7\n|-message|aylart3 forfeited.\n|\n|win|newusernovice\n|raw|newusernovice's rating: 1473 &rarr; <strong>1489<\/strong><br \/>(+16 for winning)\n|raw|aylart3's rating: 1410 &rarr; <strong>1394<\/strong><br \/>(-16 for losing)\n|l|\u2606aylart3\n","uploadtime":1701110529,"views":3,"p1id":"newusernovice","p2id":"aylart3","formatid":"gen9vgc2023regulatione","rating":1394,"private":0,"password":""}