{"id":"gen9vgc2023regulatione-1994258902","p1":"AncientFuture","p2":"bigbluebawlz","format":"[Gen 9] VGC 2023 Regulation E","log":"|j|\u2606AncientFuture\n|j|\u2606bigbluebawlz\n|t:|1700424356\n|gametype|doubles\n|player|p1|AncientFuture|zinzolin|\n|player|p2|bigbluebawlz|cilan|\n|teamsize|p1|6\n|teamsize|p2|6\n|gen|9\n|tier|[Gen 9] VGC 2023 Regulation E\n|rule|Species Clause: Limit one of each Pok\u00e9mon\n|rule|Item Clause: Limit one of each item\n|clearpoke\n|poke|p1|Goodra-Hisui, L50, F|\n|poke|p1|Sinistcha, L50|\n|poke|p1|Gyarados, L50, M|\n|poke|p1|Tauros-Paldea-Combat, L50, M|\n|poke|p1|Grimmsnarl, L50, M|\n|poke|p1|Grumpig, L50, M|\n|poke|p2|Mienshao, L50, F|\n|poke|p2|Tornadus-Therian, L50, M|\n|poke|p2|Pachirisu, L50, F|\n|poke|p2|Ursaluna-Bloodmoon, L50, M|\n|poke|p2|Glastrier, L50|\n|poke|p2|Lumineon, L50, M|\n|teampreview|4\n|c|\u2606bigbluebawlz|glhf\n|c|\u2606AncientFuture|glhf!\n|j| NoNotNobody\n|\n|t:|1700424413\n|start\n|switch|p1a: Grimmsnarl|Grimmsnarl, L50, M|100\/100\n|switch|p1b: Goodra|Goodra-Hisui, L50, F|100\/100\n|switch|p2a: Pachirisu|Pachirisu, L50, F|100\/100\n|switch|p2b: Lumineon|Lumineon, L50, M|100\/100\n|turn|1\n|\n|t:|1700424442\n|move|p2a: Pachirisu|Follow Me|p2a: Pachirisu\n|-singleturn|p2a: Pachirisu|move: Follow Me\n|move|p1a: Grimmsnarl|Light Screen|p1a: Grimmsnarl\n|-sidestart|p1: AncientFuture|move: Light Screen\n|move|p2b: Lumineon|Tailwind|p2b: Lumineon\n|-sidestart|p2: bigbluebawlz|move: Tailwind\n|move|p1b: Goodra|Shelter|p1b: Goodra\n|-boost|p1b: Goodra|def|2\n|\n|upkeep\n|turn|2\n|\n|t:|1700424459\n|move|p2a: Pachirisu|Helping Hand|p2b: Lumineon\n|-singleturn|p2b: Lumineon|Helping Hand|[of] p2a: Pachirisu\n|move|p2b: Lumineon|Dazzling Gleam|p1a: Grimmsnarl|[spread] p1a,p1b\n|-supereffective|p1a: Grimmsnarl\n|-damage|p1a: Grimmsnarl|75\/100\n|-damage|p1b: Goodra|90\/100\n|move|p1a: Grimmsnarl|Spirit Break|p2b: Lumineon\n|-damage|p2b: Lumineon|50\/100\n|-unboost|p2b: Lumineon|spa|1\n|move|p1b: Goodra|Shelter|p1b: Goodra\n|-boost|p1b: Goodra|def|2\n|\n|-heal|p1b: Goodra|96\/100|[from] item: Leftovers\n|upkeep\n|turn|3\n|c| NoNotNobody|This might take a while huh\n|\n|t:|1700424474\n|move|p2a: Pachirisu|Encore|p1b: Goodra\n|-start|p1b: Goodra|Encore\n|move|p2b: Lumineon|Dazzling Gleam|p1a: Grimmsnarl|[spread] p1a,p1b\n|-supereffective|p1a: Grimmsnarl\n|-damage|p1a: Grimmsnarl|61\/100\n|-damage|p1b: Goodra|91\/100\n|move|p1a: Grimmsnarl|Spirit Break|p2b: Lumineon\n|-damage|p2b: Lumineon|0 fnt\n|faint|p2b: Lumineon\n|move|p1b: Goodra|Shelter|p1b: Goodra\n|-boost|p1b: Goodra|def|2\n|\n|-heal|p1b: Goodra|97\/100|[from] item: Leftovers\n|upkeep\n|\n|t:|1700424482\n|switch|p2b: Mienshao|Mienshao, L50, F|100\/100\n|turn|4\n|\n|t:|1700424502\n|move|p2a: Pachirisu|Helping Hand|p2b: Mienshao\n|-singleturn|p2b: Mienshao|Helping Hand|[of] p2a: Pachirisu\n|move|p1a: Grimmsnarl|Reflect|p1a: Grimmsnarl\n|-sidestart|p1: AncientFuture|Reflect\n|move|p2b: Mienshao|Close Combat|p1a: Grimmsnarl\n|-crit|p1a: Grimmsnarl\n|-damage|p1a: Grimmsnarl|0 fnt\n|-unboost|p2b: Mienshao|def|1\n|-unboost|p2b: Mienshao|spd|1\n|faint|p1a: Grimmsnarl\n|move|p1b: Goodra|Shelter|p1b: Goodra\n|-boost|p1b: Goodra|def|0\n|\n|-heal|p1b: Goodra|100\/100|[from] item: Leftovers\n|-sideend|p2: bigbluebawlz|move: Tailwind\n|upkeep\n|c|\u2606AncientFuture|damn\n|\n|t:|1700424516\n|switch|p1a: Sinistcha|Sinistcha, L50|100\/100\n|turn|5\n|\n|t:|1700424522\n|move|p2a: Pachirisu|Helping Hand|p2b: Mienshao\n|-singleturn|p2b: Mienshao|Helping Hand|[of] p2a: Pachirisu\n|move|p2b: Mienshao|Knock Off|p1a: Sinistcha\n|-supereffective|p1a: Sinistcha\n|-damage|p1a: Sinistcha|38\/100\n|-enditem|p1a: Sinistcha|Choice Specs|[from] move: Knock Off|[of] p2b: Mienshao\n|move|p1a: Sinistcha|Matcha Gotcha|p2a: Pachirisu|[spread] p2a,p2b\n|-damage|p2a: Pachirisu|63\/100\n|-heal|p1a: Sinistcha|56\/100|[from] drain|[of] p2a: Pachirisu\n|-damage|p2b: Mienshao|38\/100\n|-heal|p1a: Sinistcha|81\/100|[from] drain|[of] p2b: Mienshao\n|-status|p2a: Pachirisu|brn\n|move|p1b: Goodra|Shelter|p1b: Goodra\n|-boost|p1b: Goodra|def|0\n|\n|-damage|p2a: Pachirisu|57\/100 brn|[from] brn\n|-end|p1b: Goodra|Encore\n|-sideend|p1: AncientFuture|move: Light Screen\n|upkeep\n|turn|6\n|\n|t:|1700424552\n|-terastallize|p1a: Sinistcha|Water\n|move|p1b: Goodra|Protect|p1b: Goodra\n|-singleturn|p1b: Goodra|Protect\n|move|p2b: Mienshao|Close Combat|p1b: Goodra\n|-activate|p1b: Goodra|move: Protect\n|move|p2a: Pachirisu|Encore|p1b: Goodra\n|-activate|p1b: Goodra|move: Protect\n|move|p1a: Sinistcha|Scald|p2a: Pachirisu\n|-damage|p2a: Pachirisu|2\/100 brn\n|-enditem|p2a: Pachirisu|Sitrus Berry|[eat]\n|-heal|p2a: Pachirisu|27\/100 brn|[from] item: Sitrus Berry\n|\n|-damage|p2a: Pachirisu|21\/100 brn|[from] brn\n|upkeep\n|turn|7\n|\n|t:|1700424567\n|move|p1b: Goodra|Protect||[still]\n|-fail|p1b: Goodra\n|move|p2b: Mienshao|Close Combat|p1a: Sinistcha\n|-damage|p1a: Sinistcha|45\/100\n|-unboost|p2b: Mienshao|def|1\n|-unboost|p2b: Mienshao|spd|1\n|move|p2a: Pachirisu|Encore|p1b: Goodra\n|-start|p1b: Goodra|Encore\n|move|p1a: Sinistcha|Matcha Gotcha|p2a: Pachirisu|[spread] p2a,p2b\n|-damage|p2a: Pachirisu|0 fnt\n|-heal|p1a: Sinistcha|54\/100|[from] drain|[of] p2a: Pachirisu\n|-damage|p2b: Mienshao|0 fnt\n|-heal|p1a: Sinistcha|70\/100|[from] drain|[of] p2b: Mienshao\n|faint|p2a: Pachirisu\n|faint|p2b: Mienshao\n|\n|upkeep\n|\n|t:|1700424574\n|switch|p2a: Tornadus|Tornadus-Therian, L50, M|100\/100\n|turn|8\n|\n|t:|1700424580\n|switch|p1a: Gyarados|Gyarados, L50, M|100\/100\n|-ability|p1a: Gyarados|Intimidate|boost\n|-unboost|p2a: Tornadus|atk|1\n|-terastallize|p2a: Tornadus|Flying\n|move|p1b: Goodra|Protect|p1b: Goodra\n|-singleturn|p1b: Goodra|Protect\n|move|p2a: Tornadus|Nasty Plot|p2a: Tornadus\n|-boost|p2a: Tornadus|spa|2\n|\n|-sideend|p1: AncientFuture|Reflect\n|upkeep\n|turn|9\n|\n|t:|1700424595\n|move|p1b: Goodra|Protect||[still]\n|-fail|p1b: Goodra\n|move|p2a: Tornadus|Bleakwind Storm|p1b: Goodra|[spread] p1b\n|-miss|p2a: Tornadus|p1a: Gyarados\n|-resisted|p1b: Goodra\n|-damage|p1b: Goodra|59\/100\n|-unboost|p1b: Goodra|spe|1\n|-damage|p2a: Tornadus|91\/100|[from] item: Life Orb\n|move|p1a: Gyarados|Ice Fang|p2a: Tornadus\n|-supereffective|p2a: Tornadus\n|-damage|p2a: Tornadus|37\/100\n|\n|-heal|p1b: Goodra|65\/100|[from] item: Leftovers\n|upkeep\n|turn|10\n|\n|t:|1700424609\n|move|p1b: Goodra|Protect|p1b: Goodra\n|-singleturn|p1b: Goodra|Protect\n|move|p2a: Tornadus|Bleakwind Storm|p1a: Gyarados|[spread] \n|-activate|p1b: Goodra|move: Protect\n|-miss|p2a: Tornadus|p1a: Gyarados\n|move|p1a: Gyarados|Ice Fang|p2a: Tornadus\n|-supereffective|p2a: Tornadus\n|-damage|p2a: Tornadus|0 fnt\n|faint|p2a: Tornadus\n|\n|win|AncientFuture\n|c|\u2606bigbluebawlz|damn gyara\n|c|\u2606AncientFuture|gg\n|c| NoNotNobody|Blind birds baybeee\n|c|\u2606bigbluebawlz|gg\n|l| NoNotNobody\n","uploadtime":1700425139,"views":22,"p1id":"ancientfuture","p2id":"bigbluebawlz","formatid":"gen9vgc2023regulatione","rating":0,"private":0,"password":""}