{"id":"gen9vgc2023regulatione-1991737298","p1":"ElweAslocas","p2":"WillieDangerously","format":"[Gen 9] VGC 2023 Regulation E","log":"|j|\u2606ElweAslocas\n|j|\u2606WillieDangerously\n|t:|1700108963\n|gametype|doubles\n|player|p1|ElweAslocas|265|1294\n|player|p2|WillieDangerously|101|1344\n|teamsize|p1|6\n|teamsize|p2|6\n|gen|9\n|tier|[Gen 9] VGC 2023 Regulation E\n|rated|\n|rule|Species Clause: Limit one of each Pok\u00e9mon\n|rule|Item Clause: Limit one of each item\n|clearpoke\n|poke|p1|Mamoswine, L50, M|\n|poke|p1|Ninetales-Alola, L50, M|\n|poke|p1|Flutter Mane, L50|\n|poke|p1|Arcanine-Hisui, L50, M|\n|poke|p1|Rillaboom, L50, M|\n|poke|p1|Urshifu-*, L50, M|\n|poke|p2|Iron Hands, L50|\n|poke|p2|Iron Bundle, L50|\n|poke|p2|Landorus-Therian, L50, M|\n|poke|p2|Sinistcha, L50|\n|poke|p2|Ninetales-Alola, L50, F|\n|poke|p2|Heatran, L50, F|\n|teampreview|4\n|\n|t:|1700108996\n|start\n|switch|p1a: Urshifu|Urshifu-Rapid-Strike, L50, M|100\/100\n|switch|p1b: Rillaboom|Rillaboom, L50, M|100\/100\n|switch|p2a: Ninetales|Ninetales-Alola, L50, F|100\/100\n|switch|p2b: Iron Hands|Iron Hands, L50|100\/100\n|-weather|Snow|[from] ability: Snow Warning|[of] p2a: Ninetales\n|-fieldstart|move: Grassy Terrain|[from] ability: Grassy Surge|[of] p1b: Rillaboom\n|turn|1\n|\n|t:|1700109022\n|-terastallize|p1a: Urshifu|Water\n|move|p1b: Rillaboom|Fake Out|p2b: Iron Hands\n|-damage|p2b: Iron Hands|90\/100\n|cant|p2b: Iron Hands|flinch\n|move|p1a: Urshifu|Surging Strikes|p2a: Ninetales\n|-crit|p2a: Ninetales\n|-damage|p2a: Ninetales|75\/100\n|-crit|p2a: Ninetales\n|-damage|p2a: Ninetales|50\/100\n|-crit|p2a: Ninetales\n|-damage|p2a: Ninetales|25\/100\n|-hitcount|p2a: Ninetales|3\n|move|p2a: Ninetales|Aurora Veil|p2a: Ninetales\n|-sidestart|p2: WillieDangerously|move: Aurora Veil\n|\n|-weather|Snow|[upkeep]\n|-heal|p2a: Ninetales|31\/100|[from] Grassy Terrain\n|-heal|p2b: Iron Hands|96\/100|[from] Grassy Terrain\n|upkeep\n|turn|2\n|\n|t:|1700109047\n|switch|p2a: Iron Bundle|Iron Bundle, L50|100\/100\n|-enditem|p2a: Iron Bundle|Booster Energy\n|-activate|p2a: Iron Bundle|ability: Quark Drive|[fromitem]\n|-start|p2a: Iron Bundle|quarkdrivespe\n|move|p1a: Urshifu|Surging Strikes|p2b: Iron Hands\n|-crit|p2b: Iron Hands\n|-damage|p2b: Iron Hands|72\/100\n|-crit|p2b: Iron Hands\n|-damage|p2b: Iron Hands|49\/100\n|-crit|p2b: Iron Hands\n|-damage|p2b: Iron Hands|25\/100\n|-hitcount|p2b: Iron Hands|3\n|move|p1b: Rillaboom|Wood Hammer|p2b: Iron Hands\n|-damage|p2b: Iron Hands|0 fnt\n|faint|p2b: Iron Hands\n|-end|p2b: Iron Hands|Quark Drive|[silent]\n|-damage|p1b: Rillaboom|91\/100|[from] Recoil\n|\n|-weather|Snow|[upkeep]\n|-heal|p1b: Rillaboom|97\/100|[from] Grassy Terrain\n|upkeep\n|\n|t:|1700109066\n|switch|p2b: Ninetales|Ninetales-Alola, L50, F|31\/100\n|turn|3\n|\n|t:|1700109080\n|switch|p1a: Flutter Mane|Flutter Mane, L50|100\/100\n|-enditem|p1a: Flutter Mane|Booster Energy\n|-activate|p1a: Flutter Mane|ability: Protosynthesis|[fromitem]\n|-start|p1a: Flutter Mane|protosynthesisspa\n|move|p2a: Iron Bundle|Icy Wind|p1b: Rillaboom|[spread] p1a,p1b\n|-supereffective|p1b: Rillaboom\n|-damage|p1a: Flutter Mane|83\/100\n|-damage|p1b: Rillaboom|69\/100\n|-unboost|p1a: Flutter Mane|spe|1\n|-unboost|p1b: Rillaboom|spe|1\n|move|p2b: Ninetales|Moonblast|p1a: Flutter Mane\n|-damage|p1a: Flutter Mane|55\/100\n|move|p1b: Rillaboom|Wood Hammer|p2a: Iron Bundle\n|-supereffective|p2a: Iron Bundle\n|-damage|p2a: Iron Bundle|3\/100\n|-damage|p1b: Rillaboom|48\/100|[from] Recoil\n|\n|-weather|Snow|[upkeep]\n|-heal|p2a: Iron Bundle|9\/100|[from] Grassy Terrain\n|-heal|p2b: Ninetales|37\/100|[from] Grassy Terrain\n|-heal|p1a: Flutter Mane|61\/100|[from] Grassy Terrain\n|-heal|p1b: Rillaboom|54\/100|[from] Grassy Terrain\n|upkeep\n|turn|4\n|\n|t:|1700109108\n|move|p2a: Iron Bundle|Protect|p2a: Iron Bundle\n|-singleturn|p2a: Iron Bundle|Protect\n|move|p1b: Rillaboom|Grassy Glide|p2a: Iron Bundle\n|-activate|p2a: Iron Bundle|move: Protect\n|move|p2b: Ninetales|Blizzard|p1b: Rillaboom|[spread] p1a,p1b\n|-supereffective|p1b: Rillaboom\n|-damage|p1a: Flutter Mane|37\/100\n|-damage|p1b: Rillaboom|18\/100\n|move|p1a: Flutter Mane|Moonblast|p2b: Ninetales\n|-damage|p2b: Ninetales|0 fnt\n|faint|p2b: Ninetales\n|\n|-weather|Snow|[upkeep]\n|-heal|p2a: Iron Bundle|15\/100|[from] Grassy Terrain\n|-heal|p1a: Flutter Mane|43\/100|[from] Grassy Terrain\n|-heal|p1b: Rillaboom|24\/100|[from] Grassy Terrain\n|upkeep\n|\n|t:|1700109119\n|switch|p2b: Landorus|Landorus-Therian, L50, M|100\/100\n|-ability|p2b: Landorus|Intimidate|boost\n|-unboost|p1a: Flutter Mane|atk|1\n|-unboost|p1b: Rillaboom|atk|1\n|turn|5\n|\n|t:|1700109134\n|-terastallize|p2a: Iron Bundle|Ice\n|move|p1b: Rillaboom|Grassy Glide|p2a: Iron Bundle\n|-damage|p2a: Iron Bundle|0 fnt\n|faint|p2a: Iron Bundle\n|-end|p2a: Iron Bundle|Quark Drive|[silent]\n|move|p2b: Landorus|Stomping Tantrum|p1a: Flutter Mane\n|-damage|p1a: Flutter Mane|0 fnt\n|faint|p1a: Flutter Mane\n|-end|p1a: Flutter Mane|Protosynthesis|[silent]\n|\n|-weather|none\n|-heal|p1b: Rillaboom|30\/100|[from] Grassy Terrain\n|-fieldend|move: Grassy Terrain\n|upkeep\n|\n|t:|1700109146\n|switch|p1a: Urshifu|Urshifu-Rapid-Strike, L50, M, tera:Water|100\/100\n|turn|6\n|\n|t:|1700109155\n|switch|p1b: Arcanine|Arcanine-Hisui, L50, M|100\/100\n|-ability|p1b: Arcanine|Intimidate|boost\n|-fail|p2b: Landorus|unboost|[from] item: Clear Amulet|[of] p2b: Landorus\n|move|p1a: Urshifu|Surging Strikes|p2b: Landorus\n|-supereffective|p2b: Landorus\n|-crit|p2b: Landorus\n|-damage|p2b: Landorus|29\/100\n|-supereffective|p2b: Landorus\n|-crit|p2b: Landorus\n|-damage|p2b: Landorus|0 fnt\n|faint|p2b: Landorus\n|-hitcount|p2: Landorus|2\n|\n|win|ElweAslocas\n|raw|ElweAslocas's rating: 1294 &rarr; <strong>1323<\/strong><br \/>(+29 for winning)\n|raw|WillieDangerously's rating: 1344 &rarr; <strong>1321<\/strong><br \/>(-23 for losing)\n","uploadtime":1700109158,"views":20,"p1id":"elweaslocas","p2id":"williedangerously","formatid":"gen9vgc2023regulatione","rating":1321,"private":0,"password":""}