{"id":"gen9vgc2023regulatione-1991604094","p1":"AXELLARAMENA","p2":"Diabetic Daddy","format":"[Gen 9] VGC 2023 Regulation E","log":"|j|\u2606AXELLARAMENA\n|j|\u2606Diabetic Daddy\n|t:|1700093225\n|gametype|doubles\n|player|p1|AXELLARAMENA|1|1107\n|player|p2|Diabetic Daddy|gentleman|1170\n|teamsize|p1|6\n|teamsize|p2|6\n|gen|9\n|tier|[Gen 9] VGC 2023 Regulation E\n|rated|\n|rule|Species Clause: Limit one of each Pok\u00e9mon\n|rule|Item Clause: Limit one of each item\n|clearpoke\n|poke|p1|Torterra, L50, F|\n|poke|p1|Sinistcha, L50|\n|poke|p1|Grumpig, L50, F|\n|poke|p1|Talonflame, L50, F|\n|poke|p1|Ursaluna-Bloodmoon, L50, M|\n|poke|p1|Indeedee-F, L50, F|\n|poke|p2|Goodra-Hisui, L50, F|\n|poke|p2|Pelipper, L50, F|\n|poke|p2|Sinistcha, L50|\n|poke|p2|Iron Hands, L50|\n|poke|p2|Dondozo, L50, M|\n|poke|p2|Tatsugiri, L50, M|\n|teampreview|4\n|\n|t:|1700093255\n|start\n|switch|p1a: Indeedee|Indeedee-F, L50, F|100\/100\n|switch|p1b: Grumpig|Grumpig, L50, F, shiny|100\/100\n|switch|p2a: Bucket Mouth|Pelipper, L50, F|100\/100\n|switch|p2b: Dirty Dozo|Dondozo, L50, M|100\/100\n|-weather|RainDance|[from] ability: Drizzle|[of] p2a: Bucket Mouth\n|-fieldstart|move: Psychic Terrain|[from] ability: Psychic Surge|[of] p1a: Indeedee\n|-enditem|p1a: Indeedee|Psychic Seed\n|-boost|p1a: Indeedee|spd|1|[from] item: Psychic Seed\n|turn|1\n|inactive|Battle timer is ON: inactive players will automatically lose when time's up. (requested by Diabetic Daddy)\n|\n|t:|1700093288\n|switch|p2a: Giri|Tatsugiri, L50, M|100\/100\n|-activate|p2a: Giri|ability: Commander|[of] p2b: Dirty Dozo\n|-boost|p2b: Dirty Dozo|atk|2\n|-boost|p2b: Dirty Dozo|spa|2\n|-boost|p2b: Dirty Dozo|spe|2\n|-boost|p2b: Dirty Dozo|def|2\n|-boost|p2b: Dirty Dozo|spd|2\n|move|p1a: Indeedee|Follow Me|p1a: Indeedee\n|-singleturn|p1a: Indeedee|move: Follow Me\n|move|p2b: Dirty Dozo|Order Up|p1a: Indeedee\n|-damage|p1a: Indeedee|46\/100\n|-boost|p2b: Dirty Dozo|atk|1\n|move|p1b: Grumpig|Trick Room|p1b: Grumpig\n|-fieldstart|move: Trick Room|[of] p1b: Grumpig\n|\n|-weather|RainDance|[upkeep]\n|upkeep\n|turn|2\n|inactive|AXELLARAMENA has 30 seconds left.\n|\n|t:|1700093321\n|switch|p1b: Sinistcha|Sinistcha, L50, shiny|100\/100\n|-heal|p1a: Indeedee|71\/100|[from] ability: Hospitality|[of] p1b: Sinistcha\n|move|p1a: Indeedee|Protect|p1a: Indeedee\n|-singleturn|p1a: Indeedee|Protect\n|move|p2b: Dirty Dozo|Order Up|p1a: Indeedee\n|-activate|p1a: Indeedee|move: Protect\n|\n|-weather|RainDance|[upkeep]\n|upkeep\n|turn|3\n|inactive|AXELLARAMENA has 30 seconds left.\n|inactive|AXELLARAMENA has 20 seconds left.\n|inactive|AXELLARAMENA has 15 seconds left.\n|\n|t:|1700093361\n|-terastallize|p2b: Dirty Dozo|Steel\n|move|p1a: Indeedee|Follow Me|p1a: Indeedee\n|-singleturn|p1a: Indeedee|move: Follow Me\n|move|p1b: Sinistcha|Matcha Gotcha|p2b: Dirty Dozo|[spread] p2b\n|-miss|p1b: Sinistcha|p2a: Giri\n|-resisted|p2b: Dirty Dozo\n|-damage|p2b: Dirty Dozo|94\/100\n|-status|p2b: Dirty Dozo|brn\n|move|p2b: Dirty Dozo|Order Up|p1a: Indeedee\n|-damage|p1a: Indeedee|40\/100\n|-boost|p2b: Dirty Dozo|atk|1\n|\n|-weather|RainDance|[upkeep]\n|-damage|p2b: Dirty Dozo|88\/100 brn|[from] brn\n|upkeep\n|turn|4\n|inactive|AXELLARAMENA has 30 seconds left.\n|\n|t:|1700093389\n|switch|p1b: Ursaluna|Ursaluna-Bloodmoon, L50, M|100\/100\n|move|p1a: Indeedee|Follow Me|p1a: Indeedee\n|-singleturn|p1a: Indeedee|move: Follow Me\n|move|p2b: Dirty Dozo|Earthquake|p1b: Ursaluna|[spread] p1a,p1b\n|-miss|p2b: Dirty Dozo|p2a: Giri\n|-damage|p1a: Indeedee|4\/100\n|-damage|p1b: Ursaluna|72\/100\n|\n|-weather|RainDance|[upkeep]\n|-damage|p2b: Dirty Dozo|82\/100 brn|[from] brn\n|upkeep\n|turn|5\n|\n|t:|1700093413\n|move|p2b: Dirty Dozo|Protect|p2b: Dirty Dozo\n|-singleturn|p2b: Dirty Dozo|Protect\n|move|p1a: Indeedee|Follow Me|p1a: Indeedee\n|-singleturn|p1a: Indeedee|move: Follow Me\n|move|p1b: Ursaluna|Earth Power|p2b: Dirty Dozo\n|-activate|p2b: Dirty Dozo|move: Protect\n|\n|-weather|none\n|-damage|p2b: Dirty Dozo|75\/100 brn|[from] brn\n|-fieldend|move: Trick Room\n|-fieldend|move: Psychic Terrain\n|upkeep\n|turn|6\n|\n|t:|1700093430\n|move|p1a: Indeedee|Follow Me|p1a: Indeedee\n|-singleturn|p1a: Indeedee|move: Follow Me\n|move|p2b: Dirty Dozo|Wave Crash|p1a: Indeedee\n|-damage|p1a: Indeedee|0 fnt\n|faint|p1a: Indeedee\n|-damage|p2b: Dirty Dozo|75\/100 brn|[from] Recoil\n|move|p1b: Ursaluna|Hyper Voice|p2b: Dirty Dozo|[spread] p2b\n|-miss|p1b: Ursaluna|p2a: Giri\n|-resisted|p2b: Dirty Dozo\n|-damage|p2b: Dirty Dozo|65\/100 brn\n|-enditem|p1b: Ursaluna|Throat Spray\n|-boost|p1b: Ursaluna|spa|1|[from] item: Throat Spray\n|\n|-damage|p2b: Dirty Dozo|59\/100 brn|[from] brn\n|upkeep\n|inactive|AXELLARAMENA has 30 seconds left.\n|\n|t:|1700093461\n|switch|p1a: Sinistcha|Sinistcha, L50, shiny|100\/100\n|-heal|p1b: Ursaluna|97\/100|[from] ability: Hospitality|[of] p1a: Sinistcha\n|turn|7\n|\n|t:|1700093484\n|move|p1b: Ursaluna|Protect|p1b: Ursaluna\n|-singleturn|p1b: Ursaluna|Protect\n|move|p2b: Dirty Dozo|Order Up|p1a: Sinistcha\n|-damage|p1a: Sinistcha|69\/100\n|-boost|p2b: Dirty Dozo|atk|1\n|move|p1a: Sinistcha|Trick Room|p1a: Sinistcha\n|-fieldstart|move: Trick Room|[of] p1a: Sinistcha\n|\n|-damage|p2b: Dirty Dozo|52\/100 brn|[from] brn\n|upkeep\n|turn|8\n|\n|t:|1700093508\n|-terastallize|p1b: Ursaluna|Fairy\n|move|p2b: Dirty Dozo|Protect|p2b: Dirty Dozo\n|-singleturn|p2b: Dirty Dozo|Protect\n|move|p1b: Ursaluna|Calm Mind|p1b: Ursaluna\n|-boost|p1b: Ursaluna|spa|1\n|-boost|p1b: Ursaluna|spd|1\n|move|p1a: Sinistcha|Life Dew|p1a: Sinistcha|[spread] p1a,p1b\n|-heal|p1a: Sinistcha|94\/100\n|-heal|p1b: Ursaluna|100\/100\n|\n|-damage|p2b: Dirty Dozo|46\/100 brn|[from] brn\n|upkeep\n|-enditem|p2b: Dirty Dozo|Sitrus Berry|[eat]\n|-heal|p2b: Dirty Dozo|71\/100 brn|[from] item: Sitrus Berry\n|turn|9\n|inactive|AXELLARAMENA has 30 seconds left.\n|\n|t:|1700093534\n|move|p1a: Sinistcha|Rage Powder|p1a: Sinistcha\n|-singleturn|p1a: Sinistcha|move: Rage Powder\n|move|p1b: Ursaluna|Calm Mind|p1b: Ursaluna\n|-boost|p1b: Ursaluna|spa|1\n|-boost|p1b: Ursaluna|spd|1\n|move|p2b: Dirty Dozo|Earthquake|p1b: Ursaluna|[spread] p1a,p1b\n|-miss|p2b: Dirty Dozo|p2a: Giri\n|-resisted|p1a: Sinistcha\n|-damage|p1a: Sinistcha|77\/100\n|-damage|p1b: Ursaluna|70\/100\n|\n|-damage|p2b: Dirty Dozo|65\/100 brn|[from] brn\n|upkeep\n|turn|10\n|\n|t:|1700093549\n|move|p1a: Sinistcha|Rage Powder|p1a: Sinistcha\n|-singleturn|p1a: Sinistcha|move: Rage Powder\n|move|p1b: Ursaluna|Earth Power|p2b: Dirty Dozo\n|-supereffective|p2b: Dirty Dozo\n|-damage|p2b: Dirty Dozo|15\/100 brn\n|move|p2b: Dirty Dozo|Earthquake|p1b: Ursaluna|[spread] p1a,p1b\n|-miss|p2b: Dirty Dozo|p2a: Giri\n|-resisted|p1a: Sinistcha\n|-damage|p1a: Sinistcha|60\/100\n|-damage|p1b: Ursaluna|39\/100\n|\n|-damage|p2b: Dirty Dozo|8\/100 brn|[from] brn\n|upkeep\n|turn|11\n|inactive|AXELLARAMENA has 30 seconds left.\n|\n|t:|1700093579\n|move|p2b: Dirty Dozo|Protect|p2b: Dirty Dozo\n|-singleturn|p2b: Dirty Dozo|Protect\n|move|p1b: Ursaluna|Hyper Voice|p2a: Giri|[spread] \n|-miss|p1b: Ursaluna|p2a: Giri\n|-activate|p2b: Dirty Dozo|move: Protect\n|move|p1a: Sinistcha|Life Dew|p1a: Sinistcha|[spread] p1a,p1b\n|-heal|p1a: Sinistcha|85\/100\n|-heal|p1b: Ursaluna|64\/100\n|\n|-damage|p2b: Dirty Dozo|2\/100 brn|[from] brn\n|-fieldend|move: Trick Room\n|upkeep\n|turn|12\n|\n|t:|1700093597\n|move|p1b: Ursaluna|Protect|p1b: Ursaluna\n|-singleturn|p1b: Ursaluna|Protect\n|move|p2b: Dirty Dozo|Earthquake|p1a: Sinistcha|[spread] p1a\n|-miss|p2b: Dirty Dozo|p2a: Giri\n|-activate|p1b: Ursaluna|move: Protect\n|-resisted|p1a: Sinistcha\n|-damage|p1a: Sinistcha|68\/100\n|move|p1a: Sinistcha|Trick Room|p1a: Sinistcha\n|-fieldstart|move: Trick Room|[of] p1a: Sinistcha\n|\n|-damage|p2b: Dirty Dozo|0 fnt|[from] brn\n|faint|p2b: Dirty Dozo\n|upkeep\n|\n|t:|1700093610\n|switch|p2b: Goondra|Goodra-Hisui, L50, F|100\/100\n|turn|13\n|\n|t:|1700093628\n|move|p1a: Sinistcha|Rage Powder|p1a: Sinistcha\n|-singleturn|p1a: Sinistcha|move: Rage Powder\n|move|p1b: Ursaluna|Calm Mind|p1b: Ursaluna\n|-boost|p1b: Ursaluna|spa|1\n|-boost|p1b: Ursaluna|spd|1\n|move|p2b: Goondra|Heavy Slam|p1a: Sinistcha\n|-damage|p1a: Sinistcha|31\/100\n|-damage|p2b: Goondra|84\/100|[from] item: Rocky Helmet|[of] p1a: Sinistcha\n|move|p2a: Giri|Icy Wind|p1b: Ursaluna|[spread] p1a,p1b\n|-supereffective|p1a: Sinistcha\n|-damage|p1a: Sinistcha|6\/100\n|-damage|p1b: Ursaluna|59\/100\n|-unboost|p1a: Sinistcha|spe|1\n|-unboost|p1b: Ursaluna|spe|1\n|\n|-heal|p2b: Goondra|90\/100|[from] item: Leftovers\n|upkeep\n|turn|14\n|\n|t:|1700093647\n|move|p2b: Goondra|Protect|p2b: Goondra\n|-singleturn|p2b: Goondra|Protect\n|move|p1b: Ursaluna|Earth Power|p2b: Goondra\n|-activate|p2b: Goondra|move: Protect\n|move|p1a: Sinistcha|Life Dew|p1a: Sinistcha|[spread] p1a,p1b\n|-heal|p1a: Sinistcha|31\/100\n|-heal|p1b: Ursaluna|84\/100\n|move|p2a: Giri|Icy Wind|p1a: Sinistcha|[spread] p1b\n|-miss|p2a: Giri|p1a: Sinistcha\n|-damage|p1b: Ursaluna|78\/100\n|-unboost|p1b: Ursaluna|spe|1\n|\n|-heal|p2b: Goondra|96\/100|[from] item: Leftovers\n|upkeep\n|turn|15\n|\n|t:|1700093667\n|move|p1b: Ursaluna|Earth Power|p2b: Goondra\n|-supereffective|p2b: Goondra\n|-damage|p2b: Goondra|0 fnt\n|faint|p2b: Goondra\n|move|p1a: Sinistcha|Life Dew|p1a: Sinistcha|[spread] p1a,p1b\n|-heal|p1a: Sinistcha|56\/100\n|-heal|p1b: Ursaluna|100\/100\n|move|p2a: Giri|Icy Wind|p1b: Ursaluna|[spread] p1a,p1b\n|-supereffective|p1a: Sinistcha\n|-damage|p1a: Sinistcha|34\/100\n|-damage|p1b: Ursaluna|95\/100\n|-unboost|p1a: Sinistcha|spe|1\n|-unboost|p1b: Ursaluna|spe|1\n|\n|upkeep\n|\n|t:|1700093679\n|switch|p2b: Bucket Mouth|Pelipper, L50, F|100\/100\n|-weather|RainDance|[from] ability: Drizzle|[of] p2b: Bucket Mouth\n|turn|16\n|\n|t:|1700093693\n|move|p1b: Ursaluna|Earth Power|p2a: Giri\n|-damage|p2a: Giri|0 fnt\n|faint|p2a: Giri\n|move|p1a: Sinistcha|Life Dew|p1a: Sinistcha|[spread] p1a,p1b\n|-heal|p1a: Sinistcha|59\/100\n|-heal|p1b: Ursaluna|100\/100\n|move|p2b: Bucket Mouth|Hurricane|p1a: Sinistcha\n|-supereffective|p1a: Sinistcha\n|-damage|p1a: Sinistcha|0 fnt\n|faint|p1a: Sinistcha\n|\n|-weather|RainDance|[upkeep]\n|-fieldend|move: Trick Room\n|upkeep\n|\n|t:|1700093707\n|switch|p1a: Grumpig|Grumpig, L50, F, shiny|100\/100\n|turn|17\n|\n|t:|1700093716\n|move|p2b: Bucket Mouth|Weather Ball|p1b: Ursaluna\n|-damage|p1b: Ursaluna|75\/100\n|move|p1a: Grumpig|Taunt|p2b: Bucket Mouth\n|-start|p2b: Bucket Mouth|move: Taunt\n|move|p1b: Ursaluna|Hyper Voice|p2b: Bucket Mouth\n|-enditem|p2b: Bucket Mouth|Focus Sash\n|-damage|p2b: Bucket Mouth|1\/100\n|\n|-weather|RainDance|[upkeep]\n|upkeep\n|turn|18\n|-message|Diabetic Daddy forfeited.\n|\n|win|AXELLARAMENA\n|raw|AXELLARAMENA's rating: 1107 &rarr; <strong>1136<\/strong><br \/>(+29 for winning)\n|raw|Diabetic Daddy's rating: 1170 &rarr; <strong>1141<\/strong><br \/>(-29 for losing)\n|l|\u2606Diabetic Daddy\n","uploadtime":1700093732,"views":35,"p1id":"axellaramena","p2id":"diabeticdaddy","formatid":"gen9vgc2023regulatione","rating":1136,"private":0,"password":""}