{"id":"gen9vgc2023regulatione-1988499376","p1":"MrNiceguyVGC","p2":"NCTaff","format":"[Gen 9] VGC 2023 Regulation E","log":"|j|\u2606MrNiceguyVGC\n|j|\u2606NCTaff\n|t:|1699729501\n|gametype|doubles\n|player|p1|MrNiceguyVGC|bruno|1137\n|player|p2|NCTaff|norman|1069\n|teamsize|p1|6\n|teamsize|p2|6\n|gen|9\n|tier|[Gen 9] VGC 2023 Regulation E\n|rated|\n|rule|Species Clause: Limit one of each Pok\u00e9mon\n|rule|Item Clause: Limit one of each item\n|clearpoke\n|poke|p1|Indeedee, L50, M|\n|poke|p1|Armarouge, L50, F|\n|poke|p1|Amoonguss, L50, M|\n|poke|p1|Iron Hands, L50|\n|poke|p1|Sneasler, L50, F|\n|poke|p1|Tornadus, L50, M|\n|poke|p2|Dipplin, L50, F|\n|poke|p2|Basculegion-F, L50, F|\n|poke|p2|Tauros-Paldea-Blaze, L50, M|\n|poke|p2|Forretress, L50, M|\n|poke|p2|Farigiraf, L50, M|\n|poke|p2|Iron Valiant, L50|\n|teampreview|4\n|\n|t:|1699729554\n|start\n|switch|p1a: Amoonguss|Amoonguss, L50, M, shiny|100\/100\n|switch|p1b: Iron Hands|Iron Hands, L50, shiny|100\/100\n|switch|p2a: Dipplin|Dipplin, L50, F|100\/100\n|switch|p2b: Basculegion|Basculegion-F, L50, F|100\/100\n|-ability|p2a: Dipplin|Supersweet Syrup\n|-ability|p2a: Dipplin|Supersweet Syrup|boost\n|-unboost|p1a: Amoonguss|evasion|1\n|-unboost|p1b: Iron Hands|evasion|1\n|turn|1\n|\n|t:|1699729578\n|move|p1b: Iron Hands|Detect|p1b: Iron Hands\n|-singleturn|p1b: Iron Hands|Protect\n|move|p2b: Basculegion|Shadow Ball|p1a: Amoonguss\n|-damage|p1a: Amoonguss|39\/100\n|-damage|p2b: Basculegion|91\/100|[from] item: Life Orb\n|move|p2a: Dipplin|Infestation|p1a: Amoonguss\n|-damage|p1a: Amoonguss|35\/100\n|-activate|p1a: Amoonguss|move: Infestation|[of] p2a: Dipplin\n|move|p1a: Amoonguss|Spore|p2b: Basculegion\n|-status|p2b: Basculegion|slp|[from] move: Spore\n|\n|-damage|p1a: Amoonguss|23\/100|[from] move: Infestation|[partiallytrapped]\n|upkeep\n|turn|2\n|\n|t:|1699729610\n|cant|p2b: Basculegion|slp\n|move|p1b: Iron Hands|Swords Dance|p1b: Iron Hands\n|-boost|p1b: Iron Hands|atk|2\n|move|p2a: Dipplin|Infestation|p1b: Iron Hands\n|-resisted|p1b: Iron Hands\n|-damage|p1b: Iron Hands|99\/100\n|-activate|p1b: Iron Hands|move: Infestation|[of] p2a: Dipplin\n|move|p1a: Amoonguss|Sludge Bomb|p2a: Dipplin\n|-supereffective|p2a: Dipplin\n|-damage|p2a: Dipplin|55\/100\n|\n|-damage|p1b: Iron Hands|87\/100|[from] move: Infestation|[partiallytrapped]\n|-damage|p1a: Amoonguss|11\/100|[from] move: Infestation|[partiallytrapped]\n|upkeep\n|turn|3\n|\n|t:|1699729637\n|cant|p2b: Basculegion|slp\n|move|p1b: Iron Hands|Swords Dance|p1b: Iron Hands\n|-boost|p1b: Iron Hands|atk|2\n|move|p2a: Dipplin|Giga Drain|p1b: Iron Hands\n|-damage|p1b: Iron Hands|69\/100\n|-heal|p2a: Dipplin|69\/100|[from] drain|[of] p1b: Iron Hands\n|move|p1a: Amoonguss|Sludge Bomb|p2a: Dipplin\n|-supereffective|p2a: Dipplin\n|-damage|p2a: Dipplin|20\/100\n|\n|-damage|p1b: Iron Hands|57\/100|[from] move: Infestation|[partiallytrapped]\n|-damage|p1a: Amoonguss|0 fnt|[from] move: Infestation|[partiallytrapped]\n|faint|p1a: Amoonguss\n|upkeep\n|\n|t:|1699729657\n|switch|p1a: Indeedee|Indeedee, L50, M|100\/100\n|-fieldstart|move: Psychic Terrain|[from] ability: Psychic Surge|[of] p1a: Indeedee\n|turn|4\n|\n|t:|1699729681\n|move|p2a: Dipplin|Protect|p2a: Dipplin\n|-singleturn|p2a: Dipplin|Protect\n|move|p1a: Indeedee|After You|p1b: Iron Hands\n|-activate|p1b: Iron Hands|move: After You\n|move|p1b: Iron Hands|Ice Punch|p2b: Basculegion\n|-resisted|p2b: Basculegion\n|-crit|p2b: Basculegion\n|-damage|p2b: Basculegion|35\/100 slp\n|-curestatus|p2b: Basculegion|slp|[msg]\n|move|p2b: Basculegion|Hydro Pump|p1b: Iron Hands\n|-damage|p1b: Iron Hands|0 fnt\n|faint|p1b: Iron Hands\n|-end|p1b: Iron Hands|Quark Drive|[silent]\n|-damage|p2b: Basculegion|25\/100|[from] item: Life Orb\n|\n|upkeep\n|\n|t:|1699729696\n|switch|p1b: Armarouge|Armarouge, L50, F, shiny|100\/100\n|turn|5\n|\n|t:|1699729709\n|-terastallize|p1b: Armarouge|Psychic\n|move|p1a: Indeedee|After You|p1b: Armarouge\n|-activate|p1b: Armarouge|move: After You\n|move|p1b: Armarouge|Expanding Force|p2b: Basculegion|[spread] p2a,p2b\n|-damage|p2a: Dipplin|0 fnt\n|-damage|p2b: Basculegion|0 fnt\n|faint|p2a: Dipplin\n|faint|p2b: Basculegion\n|-damage|p1b: Armarouge|91\/100|[from] item: Life Orb\n|\n|upkeep\n|\n|t:|1699729721\n|switch|p2b: Iron Valiant|Iron Valiant, L50|100\/100\n|switch|p2a: Tauros|Tauros-Paldea-Blaze, L50, M|100\/100\n|-ability|p2a: Tauros|Intimidate|boost\n|-unboost|p1a: Indeedee|atk|1\n|-unboost|p1b: Armarouge|atk|1\n|turn|6\n|\n|t:|1699729750\n|move|p1a: Indeedee|After You|p1b: Armarouge\n|-activate|p1b: Armarouge|move: After You\n|move|p1b: Armarouge|Expanding Force|p2b: Iron Valiant|[spread] p2a,p2b\n|-supereffective|p2a: Tauros\n|-supereffective|p2b: Iron Valiant\n|-damage|p2a: Tauros|0 fnt\n|-enditem|p2b: Iron Valiant|Focus Sash\n|-damage|p2b: Iron Valiant|1\/100\n|faint|p2a: Tauros\n|-damage|p1b: Armarouge|81\/100|[from] item: Life Orb\n|move|p2b: Iron Valiant|Knock Off|p1b: Armarouge\n|-supereffective|p1b: Armarouge\n|-damage|p1b: Armarouge|6\/100\n|-ability|p1b: Armarouge|Weak Armor|boost\n|-unboost|p1b: Armarouge|def|1\n|-boost|p1b: Armarouge|spe|2\n|-enditem|p1b: Armarouge|Life Orb|[from] move: Knock Off|[of] p2b: Iron Valiant\n|\n|upkeep\n|turn|7\n|\n|t:|1699729773\n|move|p1a: Indeedee|After You|p1b: Armarouge\n|-activate|p1b: Armarouge|move: After You\n|move|p1b: Armarouge|Armor Cannon|p2b: Iron Valiant\n|-damage|p2b: Iron Valiant|0 fnt\n|-unboost|p1b: Armarouge|def|1\n|-unboost|p1b: Armarouge|spd|1\n|faint|p2b: Iron Valiant\n|-end|p2b: Iron Valiant|Quark Drive|[silent]\n|\n|win|MrNiceguyVGC\n|raw|MrNiceguyVGC's rating: 1137 &rarr; <strong>1157<\/strong><br \/>(+20 for winning)\n|raw|NCTaff's rating: 1069 &rarr; <strong>1053<\/strong><br \/>(-16 for losing)\n","uploadtime":1699729780,"views":15,"p1id":"mrniceguyvgc","p2id":"nctaff","formatid":"gen9vgc2023regulatione","rating":1053,"private":0,"password":""}