{"id":"gen9vgc2023regulatione-1995674825","p1":"Lux2821","p2":"OMGPACHIMARI","format":"[Gen 9] VGC 2023 Regulation E","log":"|j|\u2606Lux2821\n|j|\u2606OMGPACHIMARI\n|n|\u2606Lux2821|lux2821\n|n|\u2606OMGPACHIMARI|omgpachimari\n|html|View the match progress at <a href=\"\/game-bestof3-gen9vgc2023regulatione-1995666875\">game-bestof3-gen9vgc2023regulatione-1995666875<\/a>\n|t:|1700592899\n|gametype|doubles\n|player|p1|Lux2821|lusamine-nihilego|\n|player|p2|OMGPACHIMARI|norman|\n|teamsize|p1|6\n|teamsize|p2|6\n|gen|9\n|tier|[Gen 9] VGC 2023 Regulation E\n|rule|Species Clause: Limit one of each Pok\u00e9mon\n|rule|Item Clause: Limit one of each item\n|clearpoke\n|poke|p1|Tornadus, L50, M|\n|poke|p1|Chi-Yu, L50|\n|poke|p1|Arcanine, L50, M|\n|poke|p1|Dachsbun, L50, F|\n|poke|p1|Chesnaught, L50, M|\n|poke|p1|Pachirisu, L50, M|\n|poke|p2|Grumpig, L50, F|\n|poke|p2|Dragonite, L50, F|\n|poke|p2|Golduck, L50, F|\n|poke|p2|Flareon, L50, M|\n|poke|p2|Bombirdier, L50, F|\n|poke|p2|Volcarona, L50, F|\n|teampreview|4\n|inactive|Battle timer is ON: inactive players will automatically lose when time's up. (requested by OMGPACHIMARI)\n|inactive|Lux2821 also wants the timer to be on.\n|j| Jstardude\n|j| Tuxmux\n|inactive|Lux2821 has 60 seconds left.\n|inactive|OMGPACHIMARI has 60 seconds left.\n|\n|t:|1700592945\n|start\n|switch|p1a: Doritos|Chi-Yu, L50|100\/100\n|switch|p1b: Doughee|Dachsbun, L50, F|100\/100\n|switch|p2a: Golduck|Golduck, L50, F|100\/100\n|switch|p2b: Bombirdier|Bombirdier, L50, F|100\/100\n|-ability|p1a: Doritos|Beads of Ruin\n|-ability|p2a: Golduck|Cloud Nine\n|turn|1\n|inactive|OMGPACHIMARI no longer wants the timer on, but the timer is staying on because lux2821 still does.\n|j| Stryke Out\n|inactive|Lux2821 has 30 seconds left.\n|\n|t:|1700592976\n|-terastallize|p1a: Doritos|Ghost\n|move|p1a: Doritos|Lava Plume|p2b: Bombirdier|[spread] p2a,p2b\n|-ability|p1b: Doughee|Well-Baked Body|boost\n|-boost|p1b: Doughee|def|2\n|-resisted|p2a: Golduck\n|-damage|p2a: Golduck|76\/100\n|-damage|p2b: Bombirdier|15\/100\n|move|p2b: Bombirdier|Tailwind|p2b: Bombirdier\n|-sidestart|p2: OMGPACHIMARI|move: Tailwind\n|move|p2a: Golduck|Yawn|p1b: Doughee\n|-start|p1b: Doughee|move: Yawn|[of] p2a: Golduck\n|move|p1b: Doughee|Yawn|p2a: Golduck\n|-start|p2a: Golduck|move: Yawn|[of] p1b: Doughee\n|\n|upkeep\n|turn|2\n|inactive|OMGPACHIMARI has 30 seconds left.\n|\n|t:|1700593007\n|switch|p1a: Me no likely this|Chesnaught, L50, M, shiny|100\/100\n|move|p2b: Bombirdier|Rock Slide|p1a: Me no likely this|[spread] p1a,p1b\n|-resisted|p1a: Me no likely this\n|-damage|p1a: Me no likely this|94\/100\n|-damage|p1b: Doughee|93\/100\n|move|p2a: Golduck|Yawn|p1a: Me no likely this\n|-start|p1a: Me no likely this|move: Yawn|[of] p2a: Golduck\n|move|p1b: Doughee|Wish|p1b: Doughee\n|\n|-heal|p1b: Doughee|99\/100|[from] item: Leftovers\n|-end|p2a: Golduck|move: Yawn|[silent]\n|-status|p2a: Golduck|slp\n|-end|p1b: Doughee|move: Yawn|[silent]\n|-status|p1b: Doughee|slp\n|upkeep\n|turn|3\n|\n|t:|1700593024\n|switch|p2a: Dragonite|Dragonite, L50, F|100\/100\n|move|p2b: Bombirdier|Parting Shot|p1a: Me no likely this\n|-unboost|p1a: Me no likely this|atk|1\n|-unboost|p1a: Me no likely this|spa|1\n|\n|t:|1700593029\n|switch|p2b: Flareon|Flareon, L50, M|100\/100|[from] Parting Shot\n|cant|p1b: Doughee|slp\n|move|p1a: Me no likely this|Rock Slide|p2a: Dragonite|[spread] p2a,p2b\n|-supereffective|p2a: Dragonite\n|-supereffective|p2b: Flareon\n|-damage|p2a: Dragonite|81\/100\n|-damage|p2b: Flareon|70\/100\n|\n|-heal|p1b: Doughee|100\/100 slp|[from] move: Wish|[wisher] Doughee\n|-end|p1a: Me no likely this|move: Yawn|[silent]\n|-status|p1a: Me no likely this|slp\n|upkeep\n|turn|4\n|\n|t:|1700593046\n|cant|p1a: Me no likely this|slp\n|move|p2a: Dragonite|Aerial Ace|p1a: Me no likely this\n|-supereffective|p1a: Me no likely this\n|-damage|p1a: Me no likely this|0 fnt\n|faint|p1a: Me no likely this\n|-damage|p2a: Dragonite|71\/100|[from] item: Life Orb\n|move|p2b: Flareon|Facade|p1b: Doughee\n|-damage|p1b: Doughee|90\/100 slp\n|cant|p1b: Doughee|slp\n|\n|-heal|p1b: Doughee|96\/100 slp|[from] item: Leftovers\n|-sideend|p2: OMGPACHIMARI|move: Tailwind\n|upkeep\n|\n|t:|1700593058\n|switch|p1a: Doritos|Chi-Yu, L50, tera:Ghost|100\/100\n|-ability|p1a: Doritos|Beads of Ruin\n|turn|5\n|\n|t:|1700593072\n|-terastallize|p2a: Dragonite|Water\n|move|p1a: Doritos|Lava Plume|p2a: Dragonite|[spread] p2a\n|-ability|p1b: Doughee|Well-Baked Body|boost\n|-boost|p1b: Doughee|def|2\n|-start|p2b: Flareon|ability: Flash Fire\n|-resisted|p2a: Dragonite\n|-damage|p2a: Dragonite|49\/100\n|-curestatus|p1b: Doughee|slp|[msg]\n|move|p1b: Doughee|Play Rough|p2a: Dragonite\n|-damage|p2a: Dragonite|21\/100\n|-unboost|p2a: Dragonite|atk|1\n|move|p2a: Dragonite|Waterfall|p1a: Doritos\n|-damage|p1a: Doritos|47\/100\n|-damage|p2a: Dragonite|11\/100|[from] item: Life Orb\n|move|p2b: Flareon|Facade|p1b: Doughee\n|-damage|p1b: Doughee|88\/100\n|\n|-heal|p1b: Doughee|94\/100|[from] item: Leftovers\n|upkeep\n|turn|6\n|inactive|OMGPACHIMARI has 30 seconds left.\n|c|\u2606OMGPACHIMARI|I can't beat the dog\n|inactive|OMGPACHIMARI has 20 seconds left.\n|\n|t:|1700593109\n|move|p2a: Dragonite|Protect|p2a: Dragonite\n|-singleturn|p2a: Dragonite|Protect\n|move|p1a: Doritos|Lava Plume|p2a: Dragonite|[spread] \n|-activate|p2a: Dragonite|move: Protect\n|-ability|p1b: Doughee|Well-Baked Body|boost\n|-boost|p1b: Doughee|def|2\n|-immune|p2b: Flareon|[from] ability: Flash Fire\n|move|p1b: Doughee|Body Press|p2b: Flareon\n|-damage|p2b: Flareon|0 fnt\n|faint|p2b: Flareon\n|\n|-heal|p1b: Doughee|100\/100|[from] item: Leftovers\n|upkeep\n|\n|t:|1700593123\n|switch|p2b: Bombirdier|Bombirdier, L50, F|15\/100\n|turn|7\n|\n|t:|1700593134\n|switch|p2a: Golduck|Golduck, L50, F|76\/100 slp\n|-ability|p2a: Golduck|Cloud Nine\n|move|p1a: Doritos|Lava Plume|p2b: Bombirdier|[spread] p2a,p2b\n|-immune|p1b: Doughee|[from] ability: Well-Baked Body\n|-resisted|p2a: Golduck\n|-damage|p2a: Golduck|51\/100 slp\n|-damage|p2b: Bombirdier|0 fnt\n|faint|p2b: Bombirdier\n|move|p1b: Doughee|Body Press|p2a: Golduck\n|-damage|p2a: Golduck|0 fnt\n|faint|p2a: Golduck\n|\n|upkeep\n|c|\u2606OMGPACHIMARI|gg\n|\n|t:|1700593147\n|switch|p2b: Dragonite|Dragonite, L50, F, tera:Water|11\/100\n|turn|8\n|c|\u2606Lux2821|gg\n|\n|t:|1700593159\n|switch|p1a: Pachi w Rizz u|Pachirisu, L50, M, shiny|100\/100\n|move|p2b: Dragonite|Extreme Speed|p1b: Doughee\n|-damage|p1b: Doughee|93\/100\n|-damage|p2b: Dragonite|2\/100|[from] item: Life Orb\n|move|p1b: Doughee|Yawn|p2b: Dragonite\n|-start|p2b: Dragonite|move: Yawn|[of] p1b: Doughee\n|\n|-heal|p1b: Doughee|99\/100|[from] item: Leftovers\n|upkeep\n|turn|9\n|\n|t:|1700593173\n|move|p1a: Pachi w Rizz u|Follow Me|p1a: Pachi w Rizz u\n|-singleturn|p1a: Pachi w Rizz u|move: Follow Me\n|move|p1b: Doughee|Wish|p1b: Doughee\n|move|p2b: Dragonite|Aerial Ace|p1a: Pachi w Rizz u\n|-resisted|p1a: Pachi w Rizz u\n|-damage|p1a: Pachi w Rizz u|72\/100\n|-damage|p2b: Dragonite|0 fnt|[from] item: Rocky Helmet|[of] p1a: Pachi w Rizz u\n|faint|p2b: Dragonite\n|\n|win|Lux2821\n|l| Stryke Out\n|l| Jstardude\n","uploadtime":1700593200,"views":3,"p1id":"lux2821","p2id":"omgpachimari","formatid":"gen9vgc2023regulatione","rating":0,"private":0,"password":""}