{"id":"gen9vgc2023regulatione-1996555684","p1":"Cawabumga","p2":"Jourvicious","format":"[Gen 9] VGC 2023 Regulation E","log":"|j|\u2606Cawabumga\n|j|\u2606Jourvicious\n|n|\u2606Cawabumga|cawabumga\n|n|\u2606Jourvicious|jourvicious\n|html|View the match progress at <a href=\"\/game-bestof3-gen9vgc2023regulatione-1996555683\">game-bestof3-gen9vgc2023regulatione-1996555683<\/a>\n|t:|1700693850\n|gametype|doubles\n|player|p1|Cawabumga|266|\n|player|p2|Jourvicious|guitarist|\n|teamsize|p1|6\n|teamsize|p2|6\n|gen|9\n|tier|[Gen 9] VGC 2023 Regulation E\n|rated|Tournament battle\n|rule|Species Clause: Limit one of each Pok\u00e9mon\n|rule|Item Clause: Limit one of each item\n|clearpoke\n|poke|p1|Tornadus, L50, M|\n|poke|p1|Landorus-Therian, L50, M|\n|poke|p1|Flutter Mane, L50|\n|poke|p1|Rillaboom, L50, M|\n|poke|p1|Urshifu-*, L50, M|\n|poke|p1|Gholdengo, L50|\n|poke|p2|Milotic, L50, F|\n|poke|p2|Sinistcha, L50|\n|poke|p2|Arcanine-Hisui, L50, F|\n|poke|p2|Roaring Moon, L50|\n|poke|p2|Ninetales-Alola, L50, F|\n|poke|p2|Iron Hands, L50|\n|teampreview|4\n|showteam|p1|Tornadus||RockyHelmet|Prankster|RainDance,Tailwind,Taunt,BleakwindStorm|||M|||50|,,,,,Steel]Landorus-Therian||ChoiceBand|Intimidate|StompingTantrum,RockSlide,Earthquake,Uturn|||M|||50|,,,,,Water]Flutter Mane||BoosterEnergy|Protosynthesis|DazzlingGleam,ShadowBall,Substitute,Protect||||||50|,,,,,Fairy]Rillaboom||AssaultVest|GrassySurge|WoodHammer,GrassyGlide,Uturn,FakeOut|||M|||50|,,,,,Grass]Urshifu-Rapid-Strike||ChoiceScarf|UnseenFist|SurgingStrikes,CloseCombat,AquaJet,Uturn|||M|||50|,,,,,Water]Gholdengo||Leftovers|GoodasGold|MakeItRain,ShadowBall,NastyPlot,Protect||||||50|,,,,,Dragon\n|showteam|p2|Milotic||Leftovers|Competitive|Scald,IcyWind,Hypnosis,Coil|||F|||50|,,,,,Dragon]Sinistcha||RockyHelmet|Hospitality|MatchaGotcha,RagePowder,StrengthSap,CalmMind||||||50|,,,,,Water]Arcanine-Hisui||SitrusBerry|Intimidate|FlareBlitz,RockSlide,ExtremeSpeed,WillOWisp|||F|||50|,,,,,Normal]Roaring Moon||BoosterEnergy|Protosynthesis|JawLock,Acrobatics,Protect,DragonDance||||||50|,,,,,Flying]Ninetales-Alola||LightClay|SnowWarning|AuroraVeil,Moonblast,Blizzard,Encore|||F|||50|,,,,,Water]Iron Hands||AssaultVest|QuarkDrive|DrainPunch,FakeOut,HeavySlam,VoltSwitch||||||50|,,,,,Fighting\n|inactive|Battle timer is ON: inactive players will automatically lose when time's up. (requested by Jourvicious)\n|j| Mambae2\n|inactive|Cawabumga has 60 seconds left.\n|c|\u2606Jourvicious|glhf\n|inactive|Cawabumga has 30 seconds left.\n|\n|t:|1700693913\n|start\n|switch|p1a: Rillaboom|Rillaboom, L50, M|100\/100\n|switch|p1b: Gholdengo|Gholdengo, L50|100\/100\n|switch|p2a: Bryan Hands|Iron Hands, L50|100\/100\n|switch|p2b: Roaring Mid|Roaring Moon, L50|100\/100\n|-fieldstart|move: Grassy Terrain|[from] ability: Grassy Surge|[of] p1a: Rillaboom\n|-enditem|p2b: Roaring Mid|Booster Energy\n|-activate|p2b: Roaring Mid|ability: Protosynthesis|[fromitem]\n|-start|p2b: Roaring Mid|protosynthesisspe\n|turn|1\n|\n|t:|1700693935\n|move|p2b: Roaring Mid|Protect|p2b: Roaring Mid\n|-singleturn|p2b: Roaring Mid|Protect\n|move|p1a: Rillaboom|Fake Out|p2b: Roaring Mid\n|-activate|p2b: Roaring Mid|move: Protect\n|move|p1b: Gholdengo|Nasty Plot|p1b: Gholdengo\n|-boost|p1b: Gholdengo|spa|2\n|move|p2a: Bryan Hands|Volt Switch|p1b: Gholdengo\n|-damage|p1b: Gholdengo|86\/100\n|inactive|Jourvicious has 30 seconds left.\n|\n|t:|1700693961\n|-end|p2a: Bryan Hands|Quark Drive|[silent]\n|switch|p2a: Sinistcha|Sinistcha, L50|100\/100|[from] Volt Switch\n|\n|-heal|p1b: Gholdengo|92\/100|[from] Grassy Terrain\n|-heal|p1b: Gholdengo|98\/100|[from] item: Leftovers\n|upkeep\n|turn|2\n|\n|t:|1700693981\n|-terastallize|p1b: Gholdengo|Dragon\n|move|p1a: Rillaboom|Grassy Glide|p2b: Roaring Mid\n|-resisted|p2b: Roaring Mid\n|-crit|p2b: Roaring Mid\n|-damage|p2b: Roaring Mid|65\/100\n|move|p2b: Roaring Mid|Jaw Lock|p1b: Gholdengo\n|-damage|p1b: Gholdengo|47\/100\n|-activate|p2b: Roaring Mid|trapped\n|-activate|p1b: Gholdengo|trapped\n|move|p1b: Gholdengo|Make It Rain|p2b: Roaring Mid|[spread] p2a,p2b\n|-damage|p2a: Sinistcha|13\/100\n|-damage|p2b: Roaring Mid|0 fnt\n|-unboost|p1b: Gholdengo|spa|1\n|faint|p2b: Roaring Mid\n|-end|p2b: Roaring Mid|Protosynthesis|[silent]\n|move|p2a: Sinistcha|Calm Mind|p2a: Sinistcha\n|-boost|p2a: Sinistcha|spa|1\n|-boost|p2a: Sinistcha|spd|1\n|\n|-heal|p1b: Gholdengo|53\/100|[from] Grassy Terrain\n|-heal|p1b: Gholdengo|59\/100|[from] item: Leftovers\n|-heal|p2a: Sinistcha|19\/100|[from] Grassy Terrain\n|upkeep\n|\n|t:|1700693999\n|switch|p2b: Arcanine|Arcanine-Hisui, L50, F|100\/100\n|-ability|p2b: Arcanine|Intimidate|boost\n|-unboost|p1a: Rillaboom|atk|1\n|-unboost|p1b: Gholdengo|atk|1\n|turn|3\n|inactive|Jourvicious has 30 seconds left.\n|inactive|Jourvicious has 20 seconds left.\n|inactive|Jourvicious has 15 seconds left.\n|\n|t:|1700694042\n|-terastallize|p2b: Arcanine|Normal\n|move|p1b: Gholdengo|Protect|p1b: Gholdengo\n|-singleturn|p1b: Gholdengo|Protect\n|move|p2b: Arcanine|Extreme Speed|p1b: Gholdengo\n|-activate|p1b: Gholdengo|move: Protect\n|move|p1a: Rillaboom|Grassy Glide|p2a: Sinistcha\n|-resisted|p2a: Sinistcha\n|-damage|p2a: Sinistcha|8\/100\n|-damage|p1a: Rillaboom|84\/100|[from] item: Rocky Helmet|[of] p2a: Sinistcha\n|move|p2a: Sinistcha|Strength Sap|p1a: Rillaboom\n|-unboost|p1a: Rillaboom|atk|1\n|-heal|p2a: Sinistcha|76\/100\n|\n|-heal|p1b: Gholdengo|65\/100|[from] Grassy Terrain\n|-heal|p1b: Gholdengo|71\/100|[from] item: Leftovers\n|-heal|p1a: Rillaboom|90\/100|[from] Grassy Terrain\n|-heal|p2a: Sinistcha|82\/100|[from] Grassy Terrain\n|upkeep\n|turn|4\n|j| PalafanVGC\n|\n|t:|1700694066\n|move|p2b: Arcanine|Extreme Speed|p1b: Gholdengo\n|-damage|p1b: Gholdengo|23\/100\n|move|p1a: Rillaboom|Grassy Glide|p2b: Arcanine\n|-damage|p2b: Arcanine|78\/100\n|move|p1b: Gholdengo|Make It Rain|p2a: Sinistcha|[spread] p2a,p2b\n|-damage|p2a: Sinistcha|33\/100\n|-damage|p2b: Arcanine|0 fnt\n|-unboost|p1b: Gholdengo|spa|1\n|faint|p2b: Arcanine\n|move|p2a: Sinistcha|Calm Mind|p2a: Sinistcha\n|-boost|p2a: Sinistcha|spa|1\n|-boost|p2a: Sinistcha|spd|1\n|\n|-heal|p1b: Gholdengo|29\/100|[from] Grassy Terrain\n|-heal|p1b: Gholdengo|35\/100|[from] item: Leftovers\n|-heal|p1a: Rillaboom|96\/100|[from] Grassy Terrain\n|-heal|p2a: Sinistcha|39\/100|[from] Grassy Terrain\n|upkeep\n|\n|t:|1700694070\n|switch|p2b: Bryan Hands|Iron Hands, L50|100\/100\n|turn|5\n|\n|t:|1700694083\n|switch|p1a: Landorus|Landorus-Therian, L50, M|100\/100\n|-ability|p1a: Landorus|Intimidate|boost\n|-unboost|p2a: Sinistcha|atk|1\n|-unboost|p2b: Bryan Hands|atk|1\n|move|p1b: Gholdengo|Protect|p1b: Gholdengo\n|-singleturn|p1b: Gholdengo|Protect\n|move|p2b: Bryan Hands|Fake Out|p1b: Gholdengo\n|-activate|p1b: Gholdengo|move: Protect\n|move|p2a: Sinistcha|Strength Sap|p1a: Landorus\n|-unboost|p1a: Landorus|atk|1\n|-heal|p2a: Sinistcha|100\/100\n|\n|-heal|p1b: Gholdengo|41\/100|[from] Grassy Terrain\n|-heal|p1b: Gholdengo|47\/100|[from] item: Leftovers\n|-fieldend|move: Grassy Terrain\n|upkeep\n|turn|6\n|inactive|Cawabumga has 30 seconds left.\n|inactive|Cawabumga has 20 seconds left.\n|inactive|Cawabumga has 15 seconds left.\n|inactive|Cawabumga has 10 seconds left.\n|inactive|Cawabumga has 5 seconds left.\n|\n|t:|1700694138\n|move|p1a: Landorus|Stomping Tantrum|p2a: Sinistcha\n|-resisted|p2a: Sinistcha\n|-damage|p2a: Sinistcha|83\/100\n|-damage|p1a: Landorus|84\/100|[from] item: Rocky Helmet|[of] p2a: Sinistcha\n|move|p1b: Gholdengo|Make It Rain|p2b: Bryan Hands|[spread] p2a,p2b\n|-resisted|p2b: Bryan Hands\n|-damage|p2a: Sinistcha|61\/100\n|-damage|p2b: Bryan Hands|88\/100\n|-unboost|p1b: Gholdengo|spa|1\n|move|p2a: Sinistcha|Matcha Gotcha|p1b: Gholdengo|[spread] p1a,p1b\n|-resisted|p1b: Gholdengo\n|-damage|p1a: Landorus|26\/100\n|-heal|p2a: Sinistcha|90\/100|[from] drain|[of] p1a: Landorus\n|-damage|p1b: Gholdengo|19\/100\n|-heal|p2a: Sinistcha|100\/100|[from] drain|[of] p1b: Gholdengo\n|-status|p1a: Landorus|brn\n|move|p2b: Bryan Hands|Drain Punch|p1b: Gholdengo\n|-damage|p1b: Gholdengo|0 fnt\n|-heal|p2b: Bryan Hands|95\/100|[from] drain|[of] p1b: Gholdengo\n|faint|p1b: Gholdengo\n|\n|-damage|p1a: Landorus|20\/100 brn|[from] brn\n|upkeep\n|\n|t:|1700694149\n|switch|p1b: Rillaboom|Rillaboom, L50, M|96\/100\n|-fieldstart|move: Grassy Terrain|[from] ability: Grassy Surge|[of] p1b: Rillaboom\n|turn|7\n|l| Mambae2\n|j| 2cake\n|\n|t:|1700694169\n|move|p1a: Landorus|Stomping Tantrum|p2b: Bryan Hands\n|-supereffective|p2b: Bryan Hands\n|-damage|p2b: Bryan Hands|67\/100\n|move|p1b: Rillaboom|Wood Hammer|p2b: Bryan Hands\n|-damage|p2b: Bryan Hands|9\/100\n|-damage|p1b: Rillaboom|73\/100|[from] Recoil\n|move|p2a: Sinistcha|Matcha Gotcha|p1b: Rillaboom|[spread] p1b\n|-miss|p2a: Sinistcha|p1a: Landorus\n|-resisted|p1b: Rillaboom\n|-damage|p1b: Rillaboom|50\/100\n|move|p2b: Bryan Hands|Drain Punch|p1b: Rillaboom\n|-damage|p1b: Rillaboom|24\/100\n|-heal|p2b: Bryan Hands|20\/100|[from] drain|[of] p1b: Rillaboom\n|\n|-heal|p1b: Rillaboom|30\/100|[from] Grassy Terrain\n|-heal|p2b: Bryan Hands|26\/100|[from] Grassy Terrain\n|-damage|p1a: Landorus|14\/100 brn|[from] brn\n|upkeep\n|turn|8\n|\n|t:|1700694194\n|move|p1a: Landorus|Stomping Tantrum|p2b: Bryan Hands\n|-supereffective|p2b: Bryan Hands\n|-damage|p2b: Bryan Hands|0 fnt\n|faint|p2b: Bryan Hands\n|-end|p2b: Bryan Hands|Quark Drive|[silent]\n|move|p1b: Rillaboom|Wood Hammer|p2a: Sinistcha\n|-resisted|p2a: Sinistcha\n|-crit|p2a: Sinistcha\n|-damage|p2a: Sinistcha|47\/100\n|-damage|p1b: Rillaboom|14\/100|[from] item: Rocky Helmet|[of] p2a: Sinistcha\n|-damage|p1b: Rillaboom|0 fnt|[from] Recoil\n|faint|p1b: Rillaboom\n|move|p2a: Sinistcha|Matcha Gotcha|p1a: Landorus\n|-damage|p1a: Landorus|0 fnt\n|-heal|p2a: Sinistcha|54\/100|[from] drain|[of] p1a: Landorus\n|faint|p1a: Landorus\n|\n|-heal|p2a: Sinistcha|60\/100|[from] Grassy Terrain\n|upkeep\n|\n|t:|1700694203\n|switch|p1a: Tornadus|Tornadus, L50, M, shiny|100\/100\n|turn|9\n|l| 2cake\n|\n|t:|1700694215\n|move|p1a: Tornadus|Bleakwind Storm|p2a: Sinistcha\n|-supereffective|p2a: Sinistcha\n|-damage|p2a: Sinistcha|15\/100\n|-unboost|p2a: Sinistcha|spe|1\n|move|p2a: Sinistcha|Strength Sap|p1a: Tornadus\n|-unboost|p1a: Tornadus|atk|1\n|-heal|p2a: Sinistcha|84\/100\n|\n|-heal|p2a: Sinistcha|90\/100|[from] Grassy Terrain\n|upkeep\n|turn|10\n|\n|t:|1700694237\n|move|p1a: Tornadus|Bleakwind Storm|p2a: Sinistcha\n|-supereffective|p2a: Sinistcha\n|-damage|p2a: Sinistcha|52\/100\n|-unboost|p2a: Sinistcha|spe|1\n|move|p2a: Sinistcha|Calm Mind|p2a: Sinistcha\n|-boost|p2a: Sinistcha|spa|1\n|-boost|p2a: Sinistcha|spd|1\n|\n|-heal|p2a: Sinistcha|58\/100|[from] Grassy Terrain\n|upkeep\n|turn|11\n|\n|t:|1700694247\n|move|p1a: Tornadus|Bleakwind Storm|p2a: Sinistcha|[miss]\n|-miss|p1a: Tornadus|p2a: Sinistcha\n|move|p2a: Sinistcha|Strength Sap|p1a: Tornadus\n|-unboost|p1a: Tornadus|atk|1\n|-heal|p2a: Sinistcha|100\/100\n|\n|-fieldend|move: Grassy Terrain\n|upkeep\n|turn|12\n|\n|t:|1700694256\n|move|p1a: Tornadus|Rain Dance|p1a: Tornadus\n|-weather|RainDance\n|move|p2a: Sinistcha|Matcha Gotcha|p1a: Tornadus|[miss]\n|-miss|p2a: Sinistcha|p1a: Tornadus\n|\n|-weather|RainDance|[upkeep]\n|upkeep\n|turn|13\n|\n|t:|1700694261\n|move|p1a: Tornadus|Bleakwind Storm|p2a: Sinistcha\n|-supereffective|p2a: Sinistcha\n|-damage|p2a: Sinistcha|68\/100\n|-unboost|p2a: Sinistcha|spe|1\n|move|p2a: Sinistcha|Matcha Gotcha|p1a: Tornadus\n|-resisted|p1a: Tornadus\n|-damage|p1a: Tornadus|54\/100\n|-heal|p2a: Sinistcha|93\/100|[from] drain|[of] p1a: Tornadus\n|\n|-weather|RainDance|[upkeep]\n|upkeep\n|turn|14\n|\n|t:|1700694270\n|move|p1a: Tornadus|Bleakwind Storm|p2a: Sinistcha\n|-supereffective|p2a: Sinistcha\n|-damage|p2a: Sinistcha|59\/100\n|move|p2a: Sinistcha|Matcha Gotcha|p1a: Tornadus\n|-resisted|p1a: Tornadus\n|-damage|p1a: Tornadus|9\/100\n|-heal|p2a: Sinistcha|83\/100|[from] drain|[of] p1a: Tornadus\n|\n|-weather|RainDance|[upkeep]\n|upkeep\n|turn|15\n|\n|t:|1700694278\n|move|p1a: Tornadus|Bleakwind Storm|p2a: Sinistcha\n|-supereffective|p2a: Sinistcha\n|-damage|p2a: Sinistcha|52\/100\n|move|p2a: Sinistcha|Matcha Gotcha|p1a: Tornadus|[miss]\n|-miss|p2a: Sinistcha|p1a: Tornadus\n|\n|-weather|RainDance|[upkeep]\n|upkeep\n|turn|16\n|\n|t:|1700694283\n|move|p1a: Tornadus|Bleakwind Storm|p2a: Sinistcha\n|-supereffective|p2a: Sinistcha\n|-damage|p2a: Sinistcha|16\/100\n|move|p2a: Sinistcha|Matcha Gotcha|p1a: Tornadus\n|-resisted|p1a: Tornadus\n|-damage|p1a: Tornadus|0 fnt\n|-heal|p2a: Sinistcha|21\/100|[from] drain|[of] p1a: Tornadus\n|faint|p1a: Tornadus\n|\n|win|Jourvicious\n|l|\u2606Cawabumga\n|c|&|\/uhtml prompt-cawabumga,Cawabumga is ready for game 2!\n","uploadtime":1700694293,"views":14,"p1id":"cawabumga","p2id":"jourvicious","formatid":"gen9vgc2023regulatione","rating":0,"private":0,"password":""}