{"id":"gen9vgc2023regulatione-1990253963","p1":"Box29","p2":"charleslu","format":"[Gen 9] VGC 2023 Regulation E","log":"|j|\u2606Box29\n|j|\u2606charleslu\n|t:|1699945271\n|gametype|doubles\n|player|p1|Box29|101|1452\n|player|p2|charleslu|170|1490\n|teamsize|p1|6\n|teamsize|p2|6\n|gen|9\n|tier|[Gen 9] VGC 2023 Regulation E\n|rated|\n|rule|Species Clause: Limit one of each Pok\u00e9mon\n|rule|Item Clause: Limit one of each item\n|clearpoke\n|poke|p1|Urshifu-*, L50, M|\n|poke|p1|Oranguru, L50, F|\n|poke|p1|Indeedee-F, L50, F|\n|poke|p1|Ursaluna-Bloodmoon, L50, M|\n|poke|p1|Chien-Pao, L50|\n|poke|p1|Ogerpon-Hearthflame, L50, F|\n|poke|p2|Iron Bundle, L50|\n|poke|p2|Amoonguss, L50, F|\n|poke|p2|Ogerpon-Hearthflame, L50, F|\n|poke|p2|Flutter Mane, L50|\n|poke|p2|Landorus-Therian, L50, M|\n|poke|p2|Iron Hands, L50|\n|teampreview|4\ncharleslu has agreed to open team sheets.\n|\n|t:|1699945305\n|start\n|switch|p1a: Chien-Pao|Chien-Pao, L50|100\/100\n|switch|p1b: BtoB|Urshifu-Rapid-Strike, L50, M|100\/100\n|switch|p2a: Landorus|Landorus-Therian, L50, M|100\/100\n|switch|p2b: Flutter Mane|Flutter Mane, L50, shiny|100\/100\n|-ability|p2a: Landorus|Intimidate|boost\n|-unboost|p1a: Chien-Pao|atk|1\n|-unboost|p1b: BtoB|atk|1\n|-ability|p1a: Chien-Pao|Sword of Ruin\n|turn|1\n|\n|t:|1699945333\n|-end|p2b: Flutter Mane|Protosynthesis|[silent]\n|switch|p2b: Amoonguss|Amoonguss, L50, F, shiny|100\/100\n|-terastallize|p1b: BtoB|Water\n|-terastallize|p2a: Landorus|Flying\n|move|p1b: BtoB|Surging Strikes|p2b: Amoonguss\n|-resisted|p2b: Amoonguss\n|-crit|p2b: Amoonguss\n|-damage|p2b: Amoonguss|85\/100\n|-resisted|p2b: Amoonguss\n|-crit|p2b: Amoonguss\n|-damage|p2b: Amoonguss|69\/100\n|-resisted|p2b: Amoonguss\n|-crit|p2b: Amoonguss\n|-damage|p2b: Amoonguss|53\/100\n|-hitcount|p2b: Amoonguss|3\n|move|p2a: Landorus|Tera Blast|p1b: BtoB|[anim] Tera Blast Flying\n|-damage|p1b: BtoB|10\/100\n|move|p1a: Chien-Pao|Icicle Crash|p2a: Landorus\n|-supereffective|p2a: Landorus\n|-damage|p2a: Landorus|15\/100\n|\n|upkeep\n|turn|2\n|\n|t:|1699945359\n|switch|p1b: Ursaluna|Ursaluna-Bloodmoon, L50, M|100\/100\n|move|p2b: Amoonguss|Rage Powder|p2b: Amoonguss\n|-singleturn|p2b: Amoonguss|move: Rage Powder\n|move|p2a: Landorus|Tera Blast|p1b: Ursaluna|[anim] Tera Blast Flying\n|-damage|p1b: Ursaluna|34\/100\n|move|p1a: Chien-Pao|Icicle Crash|p2b: Amoonguss|[miss]\n|-miss|p1a: Chien-Pao|p2b: Amoonguss\n|\n|upkeep\n|turn|3\n|\n|t:|1699945375\n|switch|p2b: Iron Hands|Iron Hands, L50|100\/100\n|move|p2a: Landorus|Tera Blast|p1b: Ursaluna|[anim] Tera Blast Flying\n|-damage|p1b: Ursaluna|0 fnt\n|faint|p1b: Ursaluna\n|move|p1a: Chien-Pao|Icicle Crash|p2a: Landorus\n|-supereffective|p2a: Landorus\n|-damage|p2a: Landorus|0 fnt\n|faint|p2a: Landorus\n|\n|upkeep\n|\n|t:|1699945389\n|switch|p2a: Flutter Mane|Flutter Mane, L50, shiny|100\/100\n|switch|p1b: Ogerpon|Ogerpon-Hearthflame, L50, F|100\/100\n|-ability|p1b: Ogerpon|Mold Breaker\n|turn|4\n|\n|t:|1699945405\n|move|p1a: Chien-Pao|Protect|p1a: Chien-Pao\n|-singleturn|p1a: Chien-Pao|Protect\n|move|p1b: Ogerpon|Spiky Shield|p1b: Ogerpon\n|-singleturn|p1b: Ogerpon|move: Protect\n|move|p2b: Iron Hands|Fake Out|p1a: Chien-Pao\n|-activate|p1a: Chien-Pao|move: Protect\n|move|p2a: Flutter Mane|Dazzling Gleam|p1a: Chien-Pao|[spread] \n|-activate|p1a: Chien-Pao|move: Protect\n|-activate|p1b: Ogerpon|move: Protect\n|\n|upkeep\n|turn|5\n|\n|t:|1699945420\n|move|p1a: Chien-Pao|Icicle Crash|p2b: Iron Hands\n|-damage|p2b: Iron Hands|76\/100\n|move|p1b: Ogerpon|Ivy Cudgel|p2b: Iron Hands\n|-damage|p2b: Iron Hands|27\/100\n|move|p2a: Flutter Mane|Dazzling Gleam|p1a: Chien-Pao|[spread] p1a,p1b\n|-supereffective|p1a: Chien-Pao\n|-resisted|p1b: Ogerpon\n|-enditem|p1a: Chien-Pao|Focus Sash\n|-damage|p1a: Chien-Pao|1\/100\n|-damage|p1b: Ogerpon|72\/100\n|move|p2b: Iron Hands|Drain Punch|p1a: Chien-Pao\n|-supereffective|p1a: Chien-Pao\n|-damage|p1a: Chien-Pao|0 fnt\n|-heal|p2b: Iron Hands|27\/100|[from] drain|[of] p1a: Chien-Pao\n|faint|p1a: Chien-Pao\n|\n|upkeep\n|\n|t:|1699945426\n|switch|p1a: BtoB|Urshifu-Rapid-Strike, L50, M, tera:Water|10\/100\n|turn|6\n|\n|t:|1699945440\n|-end|p2a: Flutter Mane|Protosynthesis|[silent]\n|switch|p2a: Amoonguss|Amoonguss, L50, F, shiny|86\/100\n|move|p1a: BtoB|Surging Strikes|p2b: Iron Hands\n|-crit|p2b: Iron Hands\n|-damage|p2b: Iron Hands|9\/100\n|-crit|p2b: Iron Hands\n|-damage|p2b: Iron Hands|0 fnt\n|faint|p2b: Iron Hands\n|-end|p2b: Iron Hands|Quark Drive|[silent]\n|-hitcount|p2: Iron Hands|2\n|move|p1b: Ogerpon|Ivy Cudgel|p2a: Amoonguss\n|-supereffective|p2a: Amoonguss\n|-damage|p2a: Amoonguss|0 fnt\n|faint|p2a: Amoonguss\n|\n|upkeep\n|-message|charleslu forfeited.\n|\n|win|Box29\n|raw|Box29's rating: 1452 &rarr; <strong>1474<\/strong><br \/>(+22 for winning)\n|raw|charleslu's rating: 1490 &rarr; <strong>1468<\/strong><br \/>(-22 for losing)\n|l|\u2606charleslu\n","uploadtime":1699945454,"views":13,"p1id":"box29","p2id":"charleslu","formatid":"gen9vgc2023regulatione","rating":1468,"private":0,"password":""}