{"id":"gen9vgc2023regulatione-1993864971","p1":"CamUOR2","p2":"Drewilliams10","format":"[Gen 9] VGC 2023 Regulation E","log":"|j|\u2606CamUOR2\n|j|\u2606Drewilliams10\n|t:|1700367102\n|gametype|doubles\n|player|p1|CamUOR2|nate|1118\n|player|p2|Drewilliams10|shadowtriad|1175\n|teamsize|p1|6\n|teamsize|p2|6\n|gen|9\n|tier|[Gen 9] VGC 2023 Regulation E\n|rated|\n|rule|Species Clause: Limit one of each Pok\u00e9mon\n|rule|Item Clause: Limit one of each item\n|clearpoke\n|poke|p1|Ceruledge, L50, F|\n|poke|p1|Sylveon, L50, F|\n|poke|p1|Gholdengo, L50|\n|poke|p1|Murkrow, L50, F|\n|poke|p1|Ogerpon, L50, F|\n|poke|p1|Landorus-Therian, L50, M|\n|poke|p2|Illumise, L50, F|\n|poke|p2|Ursaluna-Bloodmoon, L50, M|\n|poke|p2|Gyarados, L50, M|\n|poke|p2|Ogerpon, L50, F|\n|poke|p2|Garchomp, L50, F|\n|poke|p2|Sinistcha-Masterpiece, L50|\n|teampreview|4\n|inactive|Battle timer is ON: inactive players will automatically lose when time's up. (requested by CamUOR2)\n|\n|t:|1700367123\n|start\n|switch|p1a: Ogerpon|Ogerpon, L50, F|100\/100\n|switch|p1b: Murkrow|Murkrow, L50, F|100\/100\n|switch|p2a: Illumise|Illumise, L50, F|100\/100\n|switch|p2b: Ursaluna|Ursaluna-Bloodmoon, L50, M|100\/100\n|turn|1\n|\n|t:|1700367140\n|-terastallize|p2b: Ursaluna|Normal\n|move|p1a: Ogerpon|Spiky Shield|p1a: Ogerpon\n|-singleturn|p1a: Ogerpon|move: Protect\n|move|p2a: Illumise|Tailwind|p2a: Illumise\n|-sidestart|p2: Drewilliams10|move: Tailwind\n|move|p1b: Murkrow|Taunt|p2a: Illumise\n|-start|p2a: Illumise|move: Taunt\n|move|p2b: Ursaluna|Blood Moon|p1a: Ogerpon\n|-activate|p1a: Ogerpon|move: Protect\n|\n|upkeep\n|turn|2\n|\n|t:|1700367158\n|switch|p2a: Garchomp|Garchomp, L50, F|100\/100\n|move|p1b: Murkrow|Tailwind|p1b: Murkrow\n|-sidestart|p1: CamUOR2|move: Tailwind\n|move|p1a: Ogerpon|Swords Dance|p1a: Ogerpon\n|-boost|p1a: Ogerpon|atk|2\n|-enditem|p2a: Garchomp|Mirror Herb\n|-boost|p2a: Garchomp|atk|2|[from] item: Mirror Herb\n|move|p2b: Ursaluna|Hyper Voice|p1b: Murkrow|[spread] p1a,p1b\n|-crit|p1b: Murkrow\n|-damage|p1a: Ogerpon|40\/100\n|-damage|p1b: Murkrow|0 fnt\n|faint|p1b: Murkrow\n|-damage|p2b: Ursaluna|91\/100|[from] item: Life Orb\n|\n|upkeep\n|\n|t:|1700367169\n|switch|p1b: Sylveon|Sylveon, L50, F|100\/100\n|turn|3\n|inactive|Drewilliams10 has 30 seconds left.\n|\n|t:|1700367199\n|move|p1a: Ogerpon|Spiky Shield|p1a: Ogerpon\n|-singleturn|p1a: Ogerpon|move: Protect\n|move|p2a: Garchomp|Rock Slide|p1a: Ogerpon|[spread] p1b\n|-activate|p1a: Ogerpon|move: Protect\n|-damage|p1b: Sylveon|57\/100\n|move|p2b: Ursaluna|Hyper Voice|p1b: Sylveon|[spread] p1b\n|-activate|p1a: Ogerpon|move: Protect\n|-damage|p1b: Sylveon|9\/100\n|-damage|p2b: Ursaluna|81\/100|[from] item: Life Orb\n|cant|p1b: Sylveon|flinch\n|\n|upkeep\n|turn|4\n|\n|t:|1700367217\n|-terastallize|p1a: Ogerpon|Grass\n|detailschange|p1a: Ogerpon|Ogerpon-Teal-Tera, L50, F, tera:Grass\n|-ability|p1a: Ogerpon|Embody Aspect (Teal)|boost\n|-boost|p1a: Ogerpon|spe|1\n|move|p1b: Sylveon|Protect|p1b: Sylveon\n|-singleturn|p1b: Sylveon|Protect\n|move|p1a: Ogerpon|Brick Break|p2b: Ursaluna\n|-supereffective|p2b: Ursaluna\n|-damage|p2b: Ursaluna|5\/100\n|move|p2a: Garchomp|Rock Slide|p1b: Sylveon|[spread] p1a\n|-activate|p1b: Sylveon|move: Protect\n|-damage|p1a: Ogerpon|0 fnt\n|faint|p1a: Ogerpon\n|move|p2b: Ursaluna|Hyper Voice|p1b: Sylveon\n|-activate|p1b: Sylveon|move: Protect\n|\n|-sideend|p2: Drewilliams10|move: Tailwind\n|upkeep\n|\n|t:|1700367227\n|switch|p1a: Ceruledge|Ceruledge, L50, F|100\/100\n|turn|5\n|\n|t:|1700367239\n|move|p2a: Garchomp|Protect|p2a: Garchomp\n|-singleturn|p2a: Garchomp|Protect\n|move|p2b: Ursaluna|Protect|p2b: Ursaluna\n|-singleturn|p2b: Ursaluna|Protect\n|move|p1a: Ceruledge|Bitter Blade|p2a: Garchomp\n|-activate|p2a: Garchomp|move: Protect\n|move|p1b: Sylveon|Hyper Voice|p2b: Ursaluna|[spread] \n|-activate|p2a: Garchomp|move: Protect\n|-activate|p2b: Ursaluna|move: Protect\n|\n|-sideend|p1: CamUOR2|move: Tailwind\n|upkeep\n|turn|6\n|\n|t:|1700367253\n|switch|p2b: Gyarados|Gyarados, L50, M|100\/100\n|-ability|p2b: Gyarados|Intimidate|boost\n|-unboost|p1a: Ceruledge|atk|1\n|-unboost|p1b: Sylveon|atk|1\n|move|p2a: Garchomp|Earthquake|p1a: Ceruledge|[spread] p1a,p1b\n|-immune|p2b: Gyarados\n|-supereffective|p1a: Ceruledge\n|-damage|p1a: Ceruledge|0 fnt\n|-damage|p1b: Sylveon|0 fnt\n|faint|p1a: Ceruledge\n|faint|p1b: Sylveon\n|\n|win|Drewilliams10\n|raw|CamUOR2's rating: 1118 &rarr; <strong>1097<\/strong><br \/>(-21 for losing)\n|raw|Drewilliams10's rating: 1175 &rarr; <strong>1196<\/strong><br \/>(+21 for winning)\n|l|\u2606CamUOR2\n|l|\u2606Drewilliams10\n|j|\u2606Drewilliams10\n|player|p2|Drewilliams10|shadowtriad\n","uploadtime":1700367275,"views":8,"p1id":"camuor2","p2id":"drewilliams10","formatid":"gen9vgc2023regulatione","rating":1097,"private":0,"password":""}