{"id":"gen9vgc2023regulatione-1998014508","p1":"TREY_NJVGC","p2":"Dogetrooper","format":"[Gen 9] VGC 2023 Regulation E","log":"|j|\u2606TREY_NJVGC\n|j|\u2606Dogetrooper\n|t:|1700879120\n|gametype|doubles\n|player|p1|TREY_NJVGC|bede-leader|1083\n|player|p2|Dogetrooper|n|1201\n|teamsize|p1|6\n|teamsize|p2|6\n|gen|9\n|tier|[Gen 9] VGC 2023 Regulation E\n|rated|\n|rule|Species Clause: Limit one of each Pok\u00e9mon\n|rule|Item Clause: Limit one of each item\n|clearpoke\n|poke|p1|Urshifu-*, L50, F|\n|poke|p1|Politoed, L50, F|\n|poke|p1|Ludicolo, L50, F|\n|poke|p1|Thundurus-Therian, L50, M|\n|poke|p1|Tornadus, L50, M|\n|poke|p1|Gholdengo, L50|\n|poke|p2|Ogerpon, L50, F|\n|poke|p2|Iron Hands, L50|\n|poke|p2|Dragonite, L50, M|\n|poke|p2|Gyarados, L50, F|\n|poke|p2|Skeledirge, L50, M|\n|poke|p2|Flutter Mane, L50|\n|teampreview|4\n|inactive|Battle timer is ON: inactive players will automatically lose when time's up. (requested by Dogetrooper)\n|\n|t:|1700879188\n|start\n|switch|p1a: Ludicolo|Ludicolo, L50, F|100\/100\n|switch|p1b: Politoed|Politoed, L50, F|100\/100\n|switch|p2a: Dragonite|Dragonite, L50, M|100\/100\n|switch|p2b: Gyarados|Gyarados, L50, F|100\/100\n|-ability|p2b: Gyarados|Intimidate|boost\n|-unboost|p1a: Ludicolo|atk|1\n|-unboost|p1b: Politoed|atk|1\n|-weather|RainDance|[from] ability: Drizzle|[of] p1b: Politoed\n|turn|1\n|inactive|TREY_NJVGC has 30 seconds left.\n|\n|t:|1700879221\n|-terastallize|p2a: Dragonite|Normal\n|move|p1a: Ludicolo|Ice Beam|p2a: Dragonite\n|-damage|p2a: Dragonite|89\/100\n|move|p2b: Gyarados|Crunch|p1a: Ludicolo\n|-damage|p1a: Ludicolo|39\/100\n|-damage|p2b: Gyarados|90\/100|[from] item: Life Orb\n|move|p2a: Dragonite|Aerial Ace|p1a: Ludicolo\n|-supereffective|p1a: Ludicolo\n|-damage|p1a: Ludicolo|0 fnt\n|faint|p1a: Ludicolo\n|move|p1b: Politoed|Chilling Water|p2a: Dragonite\n|-damage|p2a: Dragonite|68\/100\n|-unboost|p2a: Dragonite|atk|1\n|\n|-weather|RainDance|[upkeep]\n|upkeep\n|\n|t:|1700879244\n|switch|p1a: Urshifu|Urshifu-Rapid-Strike, L50, F|100\/100\n|turn|2\n|\n|t:|1700879268\n|move|p1a: Urshifu|Detect|p1a: Urshifu\n|-singleturn|p1a: Urshifu|Protect\n|move|p2b: Gyarados|Tera Blast|p1a: Urshifu\n|-activate|p1a: Urshifu|move: Protect\n|move|p2a: Dragonite|Aerial Ace|p1a: Urshifu\n|-activate|p1a: Urshifu|move: Protect\n|move|p1b: Politoed|Chilling Water|p2b: Gyarados\n|-resisted|p2b: Gyarados\n|-damage|p2b: Gyarados|78\/100\n|-unboost|p2b: Gyarados|atk|1\n|\n|-weather|RainDance|[upkeep]\n|upkeep\n|turn|3\n|inactive|TREY_NJVGC has 30 seconds left.\n|\n|t:|1700879295\n|-terastallize|p1a: Urshifu|Water\n|move|p1a: Urshifu|Swords Dance|p1a: Urshifu\n|-boost|p1a: Urshifu|atk|2\n|move|p2b: Gyarados|Tera Blast|p1a: Urshifu\n|-damage|p1a: Urshifu|83\/100\n|-damage|p2b: Gyarados|68\/100|[from] item: Life Orb\n|move|p2a: Dragonite|Aerial Ace|p1a: Urshifu\n|-damage|p1a: Urshifu|48\/100\n|move|p1b: Politoed|Chilling Water|p2a: Dragonite\n|-damage|p2a: Dragonite|45\/100\n|-unboost|p2a: Dragonite|atk|1\n|\n|-weather|RainDance|[upkeep]\n|upkeep\n|turn|4\n|inactive|TREY_NJVGC has 30 seconds left.\n|\n|t:|1700879321\n|switch|p2a: Iron Hands|Iron Hands, L50|100\/100\n|move|p1b: Politoed|Helping Hand|p1a: Urshifu\n|-singleturn|p1a: Urshifu|Helping Hand|[of] p1b: Politoed\n|move|p1a: Urshifu|Surging Strikes|p2a: Iron Hands\n|-crit|p2a: Iron Hands\n|-damage|p2a: Iron Hands|28\/100\n|-crit|p2a: Iron Hands\n|-damage|p2a: Iron Hands|0 fnt\n|faint|p2a: Iron Hands\n|-end|p2a: Iron Hands|Quark Drive|[silent]\n|-hitcount|p2: Iron Hands|2\n|move|p2b: Gyarados|Crunch|p1b: Politoed\n|-damage|p1b: Politoed|76\/100\n|-damage|p2b: Gyarados|58\/100|[from] item: Life Orb\n|\n|-weather|RainDance|[upkeep]\n|upkeep\n|\n|t:|1700879332\n|switch|p2a: Dragonite|Dragonite, L50, M, tera:Normal|45\/100\n|turn|5\n|inactive|TREY_NJVGC has 30 seconds left.\n|\n|t:|1700879360\n|move|p1a: Urshifu|Detect|p1a: Urshifu\n|-singleturn|p1a: Urshifu|Protect\n|move|p2a: Dragonite|Extreme Speed|p1a: Urshifu\n|-activate|p1a: Urshifu|move: Protect\n|move|p2b: Gyarados|Crunch|p1b: Politoed\n|-damage|p1b: Politoed|52\/100\n|-damage|p2b: Gyarados|48\/100|[from] item: Life Orb\n|move|p1b: Politoed|Perish Song|p1b: Politoed\n|-start|p1a: Urshifu|perish3|[silent]\n|-start|p1b: Politoed|perish3|[silent]\n|-start|p2a: Dragonite|perish3|[silent]\n|-start|p2b: Gyarados|perish3|[silent]\n|-fieldactivate|move: Perish Song\n|\n|-weather|none\n|-start|p1a: Urshifu|perish3\n|-start|p2b: Gyarados|perish3\n|-start|p2a: Dragonite|perish3\n|-start|p1b: Politoed|perish3\n|upkeep\n|turn|6\n|inactive|TREY_NJVGC has 30 seconds left.\n|\n|t:|1700879393\n|switch|p1a: Gholdengo|Gholdengo, L50|100\/100\n|move|p2a: Dragonite|Extreme Speed|p1a: Gholdengo\n|-immune|p1a: Gholdengo\n|move|p2b: Gyarados|Crunch|p1a: Gholdengo\n|-supereffective|p1a: Gholdengo\n|-damage|p1a: Gholdengo|40\/100\n|-unboost|p1a: Gholdengo|def|1\n|-damage|p2b: Gyarados|38\/100|[from] item: Life Orb\n|move|p1b: Politoed|Chilling Water|p2a: Dragonite\n|-damage|p2a: Dragonite|31\/100\n|-unboost|p2a: Dragonite|atk|1\n|\n|-heal|p1a: Gholdengo|46\/100|[from] item: Leftovers\n|-start|p2b: Gyarados|perish2\n|-start|p2a: Dragonite|perish2\n|-start|p1b: Politoed|perish2\n|upkeep\n|turn|7\n|\n|t:|1700879418\n|switch|p2a: Ogerpon|Ogerpon, L50, F|100\/100\n|move|p1a: Gholdengo|Protect|p1a: Gholdengo\n|-singleturn|p1a: Gholdengo|Protect\n|move|p2b: Gyarados|Crunch|p1a: Gholdengo\n|-activate|p1a: Gholdengo|move: Protect\n|move|p1b: Politoed|Chilling Water|p2a: Ogerpon\n|-resisted|p2a: Ogerpon\n|-damage|p2a: Ogerpon|90\/100\n|-unboost|p2a: Ogerpon|atk|1\n|-ability|p2a: Ogerpon|Defiant|boost\n|-boost|p2a: Ogerpon|atk|2\n|\n|-heal|p1a: Gholdengo|52\/100|[from] item: Leftovers\n|-start|p2b: Gyarados|perish1\n|-start|p1b: Politoed|perish1\n|upkeep\n|turn|8\n|inactive|TREY_NJVGC has 30 seconds left.\n|\n|t:|1700879450\n|switch|p1b: Urshifu|Urshifu-Rapid-Strike, L50, F, tera:Water|48\/100\n|move|p2a: Ogerpon|Ivy Cudgel|p1b: Urshifu\n|-supereffective|p1b: Urshifu\n|-damage|p1b: Urshifu|0 fnt\n|faint|p1b: Urshifu\n|move|p1a: Gholdengo|Make It Rain|p2b: Gyarados|[spread] p2a,p2b\n|-resisted|p2b: Gyarados\n|-damage|p2a: Ogerpon|29\/100\n|-damage|p2b: Gyarados|13\/100\n|-unboost|p1a: Gholdengo|spa|1\n|move|p2b: Gyarados|Crunch|p1a: Gholdengo\n|-supereffective|p1a: Gholdengo\n|-damage|p1a: Gholdengo|0 fnt\n|faint|p1a: Gholdengo\n|-damage|p2b: Gyarados|3\/100|[from] item: Life Orb\n|\n|-start|p2b: Gyarados|perish0\n|upkeep\n|faint|p2b: Gyarados\n|\n|t:|1700879465\n|switch|p1b: Politoed|Politoed, L50, F|52\/100\n|switch|p2b: Dragonite|Dragonite, L50, M, tera:Normal|31\/100\n|-weather|RainDance|[from] ability: Drizzle|[of] p1b: Politoed\n|turn|9\n|\n|t:|1700879475\n|move|p2b: Dragonite|Extreme Speed|p1b: Politoed\n|-damage|p1b: Politoed|0 fnt\n|faint|p1b: Politoed\n|\n|win|Dogetrooper\n|raw|TREY_NJVGC's rating: 1083 &rarr; <strong>1068<\/strong><br \/>(-15 for losing)\n|raw|Dogetrooper's rating: 1201 &rarr; <strong>1218<\/strong><br \/>(+17 for winning)\n|l|\u2606Dogetrooper\n|c|\u2606TREY_NJVGC|gg\n","uploadtime":1700879481,"views":3,"p1id":"treynjvgc","p2id":"dogetrooper","formatid":"gen9vgc2023regulatione","rating":1068,"private":0,"password":""}