{"id":"gen9vgc2023regulatione-2000519127","p1":"Guakamou","p2":"AndrewsWho","format":"[Gen 9] VGC 2023 Regulation E","log":"|j|\u2606Guakamou\n|j|\u2606AndrewsWho\n|n|\u2606Guakamou|guakamou\n|n|\u2606AndrewsWho|andrewswho\n|html|View the match progress at <a href=\"\/game-bestof3-gen9vgc2023regulatione-2000511704\">game-bestof3-gen9vgc2023regulatione-2000511704<\/a>\n|t:|1701201638\n|gametype|doubles\n|player|p1|Guakamou|palmer|\n|player|p2|AndrewsWho|lucas|\n|teamsize|p1|6\n|teamsize|p2|6\n|gen|9\n|tier|[Gen 9] VGC 2023 Regulation E\n|rule|Species Clause: Limit one of each Pok\u00e9mon\n|rule|Item Clause: Limit one of each item\n|clearpoke\n|poke|p1|Heatran, L50, F|\n|poke|p1|Landorus-Therian, L50, M|\n|poke|p1|Iron Hands, L50|\n|poke|p1|Iron Bundle, L50|\n|poke|p1|Rillaboom, L50, M|\n|poke|p1|Ogerpon-Hearthflame, L50, F|\n|poke|p2|Arcanine-Hisui, L50, M|\n|poke|p2|Urshifu-*, L50, F|\n|poke|p2|Tornadus, L50, M|\n|poke|p2|Gholdengo, L50|\n|poke|p2|Iron Hands, L50|\n|poke|p2|Amoonguss, L50, M|\n|teampreview|4\nAndrewsWho has agreed to open team sheets.\nGuakamou has agreed to open team sheets.\n|showteam|p1|Heatran||LifeOrb|FlashFire|HeatWave,EarthPower,FlashCannon,Protect|||F|||50|,,,,,Fairy]Landorus-Therian||ChoiceScarf|Intimidate|TeraBlast,Uturn,RockSlide,StompingTantrum|||M|||50|,,,,,Flying]Iron Hands||AssaultVest|QuarkDrive|FakeOut,WildCharge,DrainPunch,HeavySlam||||||50|,,,,,Water]Iron Bundle||BoosterEnergy|QuarkDrive|IcyWind,Encore,FreezeDry,Protect||||||50|,,,,,Ghost]Rillaboom||MiracleSeed|GrassySurge|FakeOut,WoodHammer,Uturn,GrassyGlide|||M|||50|,,,,,Grass]Ogerpon-Hearthflame||HearthflameMask|MoldBreaker|IvyCudgel,GrassyGlide,SwordsDance,SpikyShield|||F|||50|,,,,,Fire\n|showteam|p2|Arcanine-Hisui||ChoiceBand|Intimidate|RockSlide,FlareBlitz,ExtremeSpeed,HeadSmash|||M|||50|,,,,,Fairy]Urshifu-Rapid-Strike||MysticWater|UnseenFist|SurgingStrikes,AquaJet,CloseCombat,Detect|||F|||50|,,,,,Water]Tornadus||RockyHelmet|Prankster|BleakwindStorm,Tailwind,RainDance,Protect|||M|||50|,,,,,Steel]Gholdengo||KasibBerry|GoodasGold|MakeItRain,ShadowBall,Protect,NastyPlot||||||50|,,,,,Dragon]Iron Hands||AssaultVest|QuarkDrive|WildCharge,DrainPunch,VoltSwitch,FakeOut||||||50|,,,,,Water]Amoonguss||SitrusBerry|Regenerator|PollenPuff,Spore,RagePowder,Protect|||M|||50|,,,,,Water\n|\n|t:|1701201676\n|start\n|switch|p1a: Ogerpon|Ogerpon-Hearthflame, L50, F|100\/100\n|switch|p1b: Iron Hands|Iron Hands, L50|100\/100\n|switch|p2a: Tornadus|Tornadus, L50, M|100\/100\n|switch|p2b: Urshifu|Urshifu-Rapid-Strike, L50, F|100\/100\n|-ability|p1a: Ogerpon|Mold Breaker\n|turn|1\n|\n|t:|1701201687\n|-terastallize|p1a: Ogerpon|Fire\n|detailschange|p1a: Ogerpon|Ogerpon-Hearthflame-Tera, L50, F, tera:Fire\n|-ability|p1a: Ogerpon|Embody Aspect (Hearthflame)|boost\n|-boost|p1a: Ogerpon|atk|1\n|move|p2a: Tornadus|Protect|p2a: Tornadus\n|-singleturn|p2a: Tornadus|Protect\n|move|p2b: Urshifu|Detect|p2b: Urshifu\n|-singleturn|p2b: Urshifu|Protect\n|move|p1b: Iron Hands|Fake Out|p2b: Urshifu\n|-activate|p2b: Urshifu|move: Protect\n|move|p1a: Ogerpon|Swords Dance|p1a: Ogerpon\n|-boost|p1a: Ogerpon|atk|2\n|\n|upkeep\n|turn|2\n|\n|t:|1701201705\n|switch|p2b: Arcanine|Arcanine-Hisui, L50, M|100\/100\n|-ability|p2b: Arcanine|Intimidate|boost\n|-unboost|p1a: Ogerpon|atk|1\n|-unboost|p1b: Iron Hands|atk|1\n|-end|p1b: Iron Hands|Quark Drive|[silent]\n|switch|p1b: Rillaboom|Rillaboom, L50, M|100\/100\n|-fieldstart|move: Grassy Terrain|[from] ability: Grassy Surge|[of] p1b: Rillaboom\n|move|p1a: Ogerpon|Grassy Glide|p2b: Arcanine\n|-damage|p2b: Arcanine|0 fnt\n|faint|p2b: Arcanine\n|move|p2a: Tornadus|Rain Dance|p2a: Tornadus\n|-weather|RainDance\n|\n|-weather|RainDance|[upkeep]\n|upkeep\n|\n|t:|1701201719\n|switch|p2b: Urshifu|Urshifu-Rapid-Strike, L50, F|100\/100\n|turn|3\n|\n|t:|1701201739\n|switch|p1b: Iron Hands|Iron Hands, L50|100\/100\n|move|p1a: Ogerpon|Grassy Glide|p2b: Urshifu\n|-supereffective|p2b: Urshifu\n|-damage|p2b: Urshifu|0 fnt\n|faint|p2b: Urshifu\n|move|p2a: Tornadus|Bleakwind Storm|p1a: Ogerpon|[spread] p1a,p1b\n|-damage|p1a: Ogerpon|69\/100\n|-damage|p1b: Iron Hands|84\/100\n|\n|-weather|RainDance|[upkeep]\n|-heal|p1a: Ogerpon|75\/100|[from] Grassy Terrain\n|-heal|p1b: Iron Hands|90\/100|[from] Grassy Terrain\n|upkeep\n|\n|t:|1701201745\n|switch|p2b: Iron Hands|Iron Hands, L50|100\/100\n|turn|4\n|\n|t:|1701201758\n|switch|p1a: Landorus|Landorus-Therian, L50, M|100\/100\n|-ability|p1a: Landorus|Intimidate|boost\n|-unboost|p2a: Tornadus|atk|1\n|-unboost|p2b: Iron Hands|atk|1\n|move|p2a: Tornadus|Bleakwind Storm|p1b: Iron Hands|[spread] p1a,p1b\n|-damage|p1a: Landorus|62\/100\n|-damage|p1b: Iron Hands|74\/100\n|move|p1b: Iron Hands|Wild Charge|p2a: Tornadus\n|-supereffective|p2a: Tornadus\n|-damage|p2a: Tornadus|12\/100\n|-damage|p1b: Iron Hands|58\/100|[from] item: Rocky Helmet|[of] p2a: Tornadus\n|-damage|p1b: Iron Hands|40\/100|[from] Recoil\n|move|p2b: Iron Hands|Drain Punch|p1a: Landorus\n|-resisted|p1a: Landorus\n|-damage|p1a: Landorus|48\/100\n|\n|-weather|RainDance|[upkeep]\n|-heal|p1b: Iron Hands|47\/100|[from] Grassy Terrain\n|upkeep\n|turn|5\n|-message|AndrewsWho forfeited.\n|\n|win|Guakamou\n|l|\u2606AndrewsWho\n","uploadtime":1701202421,"views":1,"p1id":"guakamou","p2id":"andrewswho","formatid":"gen9vgc2023regulatione","rating":0,"private":0,"password":""}