{"id":"gen9vgc2023regulatione-1989894715","p1":"Feverqweem","p2":"PokeLucho","format":"[Gen 9] VGC 2023 Regulation E","log":"|j|\u2606Feverqweem\n|j|\u2606PokeLucho\n|t:|1699904632\n|gametype|doubles\n|player|p1|Feverqweem|265|1367\n|player|p2|PokeLucho|gentleman-gen4dp|1413\n|teamsize|p1|6\n|teamsize|p2|6\n|gen|9\n|tier|[Gen 9] VGC 2023 Regulation E\n|rated|\n|rule|Species Clause: Limit one of each Pok\u00e9mon\n|rule|Item Clause: Limit one of each item\n|clearpoke\n|poke|p1|Roaring Moon, L50|\n|poke|p1|Gholdengo, L50|\n|poke|p1|Chien-Pao, L50|\n|poke|p1|Arcanine-Hisui, L50, M|\n|poke|p1|Urshifu-*, L50, M|\n|poke|p1|Rillaboom, L50, M|\n|poke|p2|Flutter Mane, L50|\n|poke|p2|Urshifu-*, L50, F|\n|poke|p2|Tornadus, L50, M|\n|poke|p2|Heatran, L50, F|\n|poke|p2|Dragonite, L50, F|\n|poke|p2|Sinistcha-Masterpiece, L50|\n|teampreview|4\n|\n|t:|1699904681\n|start\n|switch|p1a: Arcanine|Arcanine-Hisui, L50, M|100\/100\n|switch|p1b: Urshifu|Urshifu-Rapid-Strike, L50, M|100\/100\n|switch|p2a: Heatran|Heatran, L50, F|100\/100\n|switch|p2b: Tornadus|Tornadus, L50, M|100\/100\n|-ability|p1a: Arcanine|Intimidate|boost\n|-unboost|p2a: Heatran|atk|1\n|-unboost|p2b: Tornadus|atk|1\n|turn|1\n|\n|t:|1699904717\n|-terastallize|p2a: Heatran|Fairy\n|move|p2b: Tornadus|Tailwind|p2b: Tornadus\n|-sidestart|p2: PokeLucho|move: Tailwind\n|move|p2a: Heatran|Earth Power|p1a: Arcanine\n|-supereffective|p1a: Arcanine\n|-damage|p1a: Arcanine|0 fnt\n|faint|p1a: Arcanine\n|-damage|p2a: Heatran|91\/100|[from] item: Life Orb\n|move|p1b: Urshifu|Surging Strikes|p2a: Heatran\n|-crit|p2a: Heatran\n|-damage|p2a: Heatran|74\/100\n|-crit|p2a: Heatran\n|-damage|p2a: Heatran|56\/100\n|-crit|p2a: Heatran\n|-damage|p2a: Heatran|36\/100\n|-hitcount|p2a: Heatran|3\n|\n|upkeep\n|\n|t:|1699904724\n|switch|p1a: tonka|Rillaboom, L50, M|100\/100\n|-fieldstart|move: Grassy Terrain|[from] ability: Grassy Surge|[of] p1a: tonka\n|turn|2\n|\n|t:|1699904751\n|move|p1a: tonka|Fake Out|p2b: Tornadus\n|-damage|p2b: Tornadus|85\/100\n|move|p2b: Tornadus|Sunny Day|p2b: Tornadus\n|-weather|SunnyDay\n|move|p2a: Heatran|Heat Wave|p1b: Urshifu|[spread] \n|-miss|p2a: Heatran|p1a: tonka\n|-miss|p2a: Heatran|p1b: Urshifu\n|move|p1b: Urshifu|Surging Strikes|p2a: Heatran\n|-crit|p2a: Heatran\n|-damage|p2a: Heatran|28\/100\n|-crit|p2a: Heatran\n|-damage|p2a: Heatran|19\/100\n|-crit|p2a: Heatran\n|-damage|p2a: Heatran|11\/100\n|-hitcount|p2a: Heatran|3\n|\n|-weather|SunnyDay|[upkeep]\n|-heal|p2a: Heatran|17\/100|[from] Grassy Terrain\n|upkeep\n|turn|3\n|\n|t:|1699904771\n|move|p1a: tonka|Grassy Glide|p2a: Heatran\n|-damage|p2a: Heatran|0 fnt\n|faint|p2a: Heatran\n|move|p2b: Tornadus|Bleakwind Storm|p1a: tonka|[spread] p1a,p1b\n|-supereffective|p1a: tonka\n|-supereffective|p1b: Urshifu\n|-damage|p1a: tonka|34\/100\n|-damage|p1b: Urshifu|10\/100\n|-unboost|p1b: Urshifu|spe|1\n|move|p1b: Urshifu|Surging Strikes|p2b: Tornadus\n|-crit|p2b: Tornadus\n|-damage|p2b: Tornadus|75\/100\n|-crit|p2b: Tornadus\n|-damage|p2b: Tornadus|65\/100\n|-crit|p2b: Tornadus\n|-damage|p2b: Tornadus|53\/100\n|-hitcount|p2b: Tornadus|3\n|\n|-weather|SunnyDay|[upkeep]\n|-heal|p1b: Urshifu|16\/100|[from] Grassy Terrain\n|-heal|p1a: tonka|40\/100|[from] Grassy Terrain\n|upkeep\n|\n|t:|1699904791\n|switch|p2a: Flutter Mane|Flutter Mane, L50|100\/100\n|-activate|p2a: Flutter Mane|ability: Protosynthesis\n|-start|p2a: Flutter Mane|protosynthesisspa\n|turn|4\n|\n|t:|1699904802\n|switch|p1b: Roaring Moon|Roaring Moon, L50|100\/100\n|-activate|p1b: Roaring Moon|ability: Protosynthesis\n|-start|p1b: Roaring Moon|protosynthesisspe\n|-terastallize|p1a: tonka|Grass\n|move|p1a: tonka|Grassy Glide|p2a: Flutter Mane\n|-damage|p2a: Flutter Mane|9\/100\n|move|p2a: Flutter Mane|Dazzling Gleam|p1a: tonka|[spread] p1a,p1b\n|-supereffective|p1b: Roaring Moon\n|-damage|p1a: tonka|0 fnt\n|-damage|p1b: Roaring Moon|0 fnt\n|faint|p1a: tonka\n|faint|p1b: Roaring Moon\n|-end|p1b: Roaring Moon|Protosynthesis|[silent]\n|move|p2b: Tornadus|Bleakwind Storm|p1: tonka|[notarget]\n|-fail|p2b: Tornadus\n|\n|-weather|SunnyDay|[upkeep]\n|-heal|p2a: Flutter Mane|16\/100|[from] Grassy Terrain\n|-sideend|p2: PokeLucho|move: Tailwind\n|upkeep\n|\n|t:|1699904814\n|switch|p1b: Urshifu|Urshifu-Rapid-Strike, L50, M|16\/100\n|turn|5\n|-message|Feverqweem forfeited.\n|\n|win|PokeLucho\n|raw|Feverqweem's rating: 1367 &rarr; <strong>1350<\/strong><br \/>(-17 for losing)\n|raw|PokeLucho's rating: 1413 &rarr; <strong>1430<\/strong><br \/>(+17 for winning)\n|l|\u2606Feverqweem\n","uploadtime":1699904837,"views":12,"p1id":"feverqweem","p2id":"pokelucho","formatid":"gen9vgc2023regulatione","rating":1350,"private":0,"password":""}