{"id":"gen9vgc2023regulatione-1989141022","p1":"jqueefion","p2":"LackieLackey","format":"[Gen 9] VGC 2023 Regulation E","log":"|j|\u2606jqueefion\n|j|\u2606LackieLackey\n|t:|1699816607\n|gametype|doubles\n|player|p1|jqueefion|lusamine-nihilego|\n|player|p2|LackieLackey|102|\n|teamsize|p1|6\n|teamsize|p2|6\n|gen|9\n|tier|[Gen 9] VGC 2023 Regulation E\n|rule|Species Clause: Limit one of each Pok\u00e9mon\n|rule|Item Clause: Limit one of each item\n|clearpoke\n|poke|p1|Maushold-Four, L50|\n|poke|p1|Basculin, L50, F|\n|poke|p1|Barraskewda, L50, F|\n|poke|p1|Dragonite, L50, M|\n|poke|p1|Vivillon, L50, M|\n|poke|p1|Sneasel, L50, M|\n|poke|p2|Maushold-Four, L50|\n|poke|p2|Garchomp, L50, F|\n|poke|p2|Phantump, L50, F|\n|poke|p2|Volbeat, L50, M|\n|poke|p2|Lucario, L50, F|\n|poke|p2|Zangoose, L50, F|\n|teampreview|4\n|\n|t:|1699816656\n|start\n|switch|p1a: Sneasel|Sneasel, L50, M|100\/100\n|switch|p1b: Maushold|Maushold-Four, L50|100\/100\n|switch|p2a: Garchomp|Garchomp, L50, F|100\/100\n|switch|p2b: Maushold|Maushold-Four, L50|100\/100\n|turn|1\n|\n|t:|1699816670\n|switch|p2a: Zangoose|Zangoose, L50, F|100\/100\n|move|p1a: Sneasel|Fake Out|p2b: Maushold\n|-damage|p2b: Maushold|81\/100\n|move|p1b: Maushold|Population Bomb|p1a: Sneasel\n|-damage|p1a: Sneasel|88\/100\n|-damage|p1a: Sneasel|76\/100\n|-crit|p1a: Sneasel\n|-damage|p1a: Sneasel|57\/100\n|-damage|p1a: Sneasel|45\/100\n|-damage|p1a: Sneasel|31\/100\n|-damage|p1a: Sneasel|17\/100\n|-damage|p1a: Sneasel|3\/100\n|-damage|p1a: Sneasel|0 fnt\n|faint|p1a: Sneasel\n|-hitcount|p1: Sneasel|8\n|cant|p2b: Maushold|flinch\n|\n|-status|p2a: Zangoose|tox|[from] item: Toxic Orb\n|upkeep\n|\n|t:|1699816693\n|switch|p1a: Vivillon|Vivillon, L50, M|100\/100\n|turn|2\n|\n|t:|1699816713\n|move|p1a: Vivillon|Rage Powder|p1a: Vivillon\n|-singleturn|p1a: Vivillon|move: Rage Powder\n|move|p1b: Maushold|Population Bomb|p1a: Vivillon\n|-damage|p1a: Vivillon|88\/100\n|-damage|p1a: Vivillon|74\/100\n|-damage|p1a: Vivillon|60\/100\n|-damage|p1a: Vivillon|45\/100\n|-damage|p1a: Vivillon|32\/100\n|-damage|p1a: Vivillon|18\/100\n|-damage|p1a: Vivillon|4\/100\n|-damage|p1a: Vivillon|0 fnt\n|faint|p1a: Vivillon\n|-hitcount|p1: Vivillon|8\n|move|p2b: Maushold|Taunt|p1b: Maushold\n|-start|p1b: Maushold|move: Taunt\n|move|p2a: Zangoose|Belly Drum|p2a: Zangoose\n|-damage|p2a: Zangoose|50\/100 tox\n|-setboost|p2a: Zangoose|atk|6|[from] move: Belly Drum\n|\n|-damage|p2a: Zangoose|44\/100 tox|[from] psn\n|upkeep\n|\n|t:|1699816733\n|switch|p1a: Barraskewda|Barraskewda, L50, F|100\/100\n|turn|3\n|\n|t:|1699816763\n|switch|p2a: Garchomp|Garchomp, L50, F|100\/100\n|move|p1a: Barraskewda|Double-Edge|p1b: Maushold\n|-damage|p1b: Maushold|0 fnt\n|faint|p1b: Maushold\n|-damage|p1a: Barraskewda|68\/100|[from] Recoil\n|-damage|p1a: Barraskewda|59\/100|[from] item: Life Orb\n|move|p2b: Maushold|Population Bomb|p2a: Garchomp\n|-damage|p2a: Garchomp|91\/100\n|-damage|p2b: Maushold|69\/100|[from] ability: Rough Skin|[of] p2a: Garchomp\n|-damage|p2a: Garchomp|82\/100\n|-damage|p2b: Maushold|57\/100|[from] ability: Rough Skin|[of] p2a: Garchomp\n|-damage|p2a: Garchomp|73\/100\n|-damage|p2b: Maushold|45\/100|[from] ability: Rough Skin|[of] p2a: Garchomp\n|-damage|p2a: Garchomp|63\/100\n|-damage|p2b: Maushold|33\/100|[from] ability: Rough Skin|[of] p2a: Garchomp\n|-damage|p2a: Garchomp|55\/100\n|-damage|p2b: Maushold|21\/100|[from] ability: Rough Skin|[of] p2a: Garchomp\n|-damage|p2a: Garchomp|46\/100\n|-damage|p2b: Maushold|9\/100|[from] ability: Rough Skin|[of] p2a: Garchomp\n|-damage|p2a: Garchomp|37\/100\n|-damage|p2b: Maushold|0 fnt|[from] ability: Rough Skin|[of] p2a: Garchomp\n|faint|p2b: Maushold\n|-hitcount|p2a: Garchomp|7\n|\n|-status|p2a: Garchomp|brn|[from] item: Flame Orb\n|upkeep\n|\n|t:|1699816781\n|switch|p2b: Lucario|Lucario, L50, F|100\/100\n|turn|4\n|\n|t:|1699816786\n|switch|p2a: Zangoose|Zangoose, L50, F|44\/100 tox\n|move|p1a: Barraskewda|Double-Edge|p2b: Lucario\n|-resisted|p2b: Lucario\n|-damage|p2b: Lucario|55\/100\n|-damage|p1a: Barraskewda|43\/100|[from] Recoil\n|-damage|p1a: Barraskewda|33\/100|[from] item: Life Orb\n|move|p2b: Lucario|Heal Pulse|p1a: Barraskewda\n|-heal|p1a: Barraskewda|84\/100\n|\n|-damage|p2a: Zangoose|38\/100 tox|[from] psn\n|-damage|p2b: Lucario|43\/100|[from] item: Sticky Barb\n|upkeep\n|turn|5\n|c|\u2606jqueefion|fuc\n|\n|t:|1699816807\n|move|p1a: Barraskewda|Double-Edge|p2b: Lucario\n|-resisted|p2b: Lucario\n|-damage|p2b: Lucario|0 fnt\n|faint|p2b: Lucario\n|-damage|p1a: Barraskewda|69\/100|[from] Recoil\n|-damage|p1a: Barraskewda|60\/100|[from] item: Life Orb\n|move|p2a: Zangoose|Belly Drum||[still]\n|-fail|p2a: Zangoose\n|\n|-damage|p2a: Zangoose|26\/100 tox|[from] psn\n|upkeep\n|\n|t:|1699816813\n|switch|p2b: Garchomp|Garchomp, L50, F|37\/100 brn\n|turn|6\n|\n|t:|1699816846\n|-terastallize|p2b: Garchomp|Dragon\n|move|p1a: Barraskewda|Double-Edge|p2b: Garchomp\n|-damage|p2b: Garchomp|0 fnt\n|-damage|p1a: Barraskewda|47\/100|[from] ability: Rough Skin|[of] p2b: Garchomp\n|faint|p2b: Garchomp\n|-damage|p1a: Barraskewda|31\/100|[from] Recoil\n|-damage|p1a: Barraskewda|22\/100|[from] item: Life Orb\n|move|p2a: Zangoose|Facade|p2: Garchomp|[notarget]\n|-fail|p2a: Zangoose\n|\n|-damage|p2a: Zangoose|8\/100 tox|[from] psn\n|upkeep\n|turn|7\n|\n|t:|1699816863\n|move|p1a: Barraskewda|Double-Edge|p2a: Zangoose\n|-damage|p2a: Zangoose|0 fnt\n|faint|p2a: Zangoose\n|-damage|p1a: Barraskewda|19\/100|[from] Recoil\n|-damage|p1a: Barraskewda|9\/100|[from] item: Life Orb\n|\n|win|jqueefion\n|c|\u2606LackieLackey|Gg\n|c|\u2606jqueefion|brtoo\n|c|\u2606jqueefion|broo\n|c|\u2606jqueefion|gg\n","uploadtime":1699816888,"views":20,"p1id":"jqueefion","p2id":"lackielackey","formatid":"gen9vgc2023regulatione","rating":0,"private":0,"password":""}