{"id":"gen9vgc2023regulatione-1994769582","p1":"digaea89e","p2":"BenGetsWeird","format":"[Gen 9] VGC 2023 Regulation E","log":"|j|\u2606digaea89e\n|j|\u2606BenGetsWeird\n|t:|1700490990\n|gametype|doubles\n|player|p1|digaea89e|2|1215\n|player|p2|BenGetsWeird|candice|1313\n|teamsize|p1|6\n|teamsize|p2|6\n|gen|9\n|tier|[Gen 9] VGC 2023 Regulation E\n|rated|\n|rule|Species Clause: Limit one of each Pok\u00e9mon\n|rule|Item Clause: Limit one of each item\n|clearpoke\n|poke|p1|Vikavolt, L50, M|\n|poke|p1|Oranguru, L50, F|\n|poke|p1|Annihilape, L50, M|\n|poke|p1|Landorus-Therian, L50, M|\n|poke|p1|Chien-Pao, L50|\n|poke|p1|Torkoal, L50, M|\n|poke|p2|Tornadus, L50, M|\n|poke|p2|Regidrago, L50|\n|poke|p2|Heatran, L50, M|\n|poke|p2|Flutter Mane, L50|\n|poke|p2|Urshifu-*, L50, M|\n|poke|p2|Kingambit, L50, F|\n|teampreview|4\n|inactive|Battle timer is ON: inactive players will automatically lose when time's up. (requested by BenGetsWeird)\n|inactive|BenGetsWeird has 60 seconds left.\n|\n|t:|1700491025\n|start\n|switch|p1a: Oranguru|Oranguru, L50, F|100\/100\n|switch|p1b: Annihilape|Annihilape, L50, M|100\/100\n|switch|p2a: Tornadus|Tornadus, L50, M|100\/100\n|switch|p2b: Regidrago|Regidrago, L50, shiny|100\/100\n|turn|1\n|\n|t:|1700491048\n|-terastallize|p1a: Oranguru|Fairy\n|move|p2b: Regidrago|Protect|p2b: Regidrago\n|-singleturn|p2b: Regidrago|Protect\n|move|p2a: Tornadus|Taunt|p1b: Annihilape\n|-start|p1b: Annihilape|move: Taunt\n|move|p1b: Annihilape|Final Gambit|p2b: Regidrago\n|-activate|p2b: Regidrago|move: Protect\n|move|p1a: Oranguru|Trick Room|p1a: Oranguru\n|-fieldstart|move: Trick Room|[of] p1a: Oranguru\n|\n|upkeep\n|turn|2\n|inactive|digaea89e has 30 seconds left.\n|inactive|BenGetsWeird has 30 seconds left.\n|\n|t:|1700491074\n|switch|p2b: Flutter Mane|Flutter Mane, L50, shiny|100\/100\n|move|p1a: Oranguru|Psychic|p2a: Tornadus\n|-damage|p2a: Tornadus|64\/100\n|move|p2a: Tornadus|Bleakwind Storm|p1b: Annihilape|[spread] p1a,p1b\n|-supereffective|p1b: Annihilape\n|-damage|p1a: Oranguru|74\/100\n|-damage|p1b: Annihilape|37\/100\n|-unboost|p1a: Oranguru|spe|1\n|-unboost|p1b: Annihilape|spe|1\n|-ability|p1b: Annihilape|Defiant|boost\n|-boost|p1b: Annihilape|atk|2\n|move|p1b: Annihilape|Final Gambit|p2a: Tornadus\n|-damage|p2a: Tornadus|21\/100\n|faint|p1b: Annihilape\n|\n|upkeep\n|\n|t:|1700491093\n|switch|p1b: Torkoal|Torkoal, L50, M|100\/100\n|-weather|SunnyDay|[from] ability: Drought|[of] p1b: Torkoal\n|-activate|p2b: Flutter Mane|ability: Protosynthesis\n|-start|p2b: Flutter Mane|protosynthesisspe\n|turn|3\n|\n|t:|1700491109\n|-end|p2b: Flutter Mane|Protosynthesis|[silent]\n|switch|p2b: Heatran|Heatran, L50, M|100\/100\n|move|p2a: Tornadus|Taunt|p1a: Oranguru\n|-start|p1a: Oranguru|move: Taunt\n|-enditem|p1a: Oranguru|Mental Herb\n|-end|p1a: Oranguru|move: Taunt\n|move|p1b: Torkoal|Eruption|p2b: Heatran|[spread] p2a\n|-start|p2b: Heatran|ability: Flash Fire\n|-damage|p2a: Tornadus|0 fnt\n|faint|p2a: Tornadus\n|move|p1a: Oranguru|Instruct|p1b: Torkoal\n|-singleturn|p1b: Torkoal|move: Instruct|[of] p1a: Oranguru\n|move|p1b: Torkoal|Eruption|p2b: Heatran\n|-immune|p2b: Heatran|[from] ability: Flash Fire\n|\n|-weather|SunnyDay|[upkeep]\n|upkeep\n|\n|t:|1700491129\n|switch|p2a: Regidrago|Regidrago, L50, shiny|100\/100\n|turn|4\n|\n|t:|1700491143\n|move|p2a: Regidrago|Protect|p2a: Regidrago\n|-singleturn|p2a: Regidrago|Protect\n|move|p1b: Torkoal|Fissure|p2b: Heatran|[miss]\n|-miss|p1b: Torkoal|p2b: Heatran\n|move|p1a: Oranguru|Instruct|p1b: Torkoal\n|-singleturn|p1b: Torkoal|move: Instruct|[of] p1a: Oranguru\n|move|p1b: Torkoal|Fissure|p2b: Heatran|[miss]\n|-miss|p1b: Torkoal|p2b: Heatran\n|move|p2b: Heatran|Heat Wave|p1a: Oranguru|[spread] p1a,p1b\n|-resisted|p1b: Torkoal\n|-damage|p1a: Oranguru|1\/100\n|-damage|p1b: Torkoal|36\/100\n|\n|-weather|SunnyDay|[upkeep]\n|upkeep\n|turn|5\n|inactive|BenGetsWeird has 30 seconds left.\n|inactive|BenGetsWeird has 20 seconds left.\n|inactive|BenGetsWeird has 15 seconds left.\n|c|\u2606BenGetsWeird|trying to commit war crimes I see\n|inactive|BenGetsWeird has 10 seconds left.\n|\n|t:|1700491191\n|-end|p2b: Heatran|ability: Flash Fire|[silent]\n|switch|p2b: Flutter Mane|Flutter Mane, L50, shiny|100\/100\n|-activate|p2b: Flutter Mane|ability: Protosynthesis\n|-start|p2b: Flutter Mane|protosynthesisspe\n|move|p1b: Torkoal|Fissure|p2b: Flutter Mane\n|-enditem|p2b: Flutter Mane|Focus Sash\n|-damage|p2b: Flutter Mane|1\/100\n|move|p1a: Oranguru|Instruct|p1b: Torkoal\n|-singleturn|p1b: Torkoal|move: Instruct|[of] p1a: Oranguru\n|move|p1b: Torkoal|Fissure|p2b: Flutter Mane|[miss]\n|-miss|p1b: Torkoal|p2b: Flutter Mane\n|move|p2a: Regidrago|Earth Power|p1b: Torkoal\n|-supereffective|p1b: Torkoal\n|-damage|p1b: Torkoal|0 fnt\n|faint|p1b: Torkoal\n|\n|-weather|SunnyDay|[upkeep]\n|-fieldend|move: Trick Room\n|upkeep\n|\n|t:|1700491211\n|switch|p1b: Vikavolt|Vikavolt, L50, M|100\/100\n|turn|6\n|\n|t:|1700491227\n|move|p1a: Oranguru|Protect|p1a: Oranguru\n|-singleturn|p1a: Oranguru|Protect\n|move|p2b: Flutter Mane|Dazzling Gleam|p1a: Oranguru|[spread] p1b\n|-activate|p1a: Oranguru|move: Protect\n|-damage|p1b: Vikavolt|74\/100\n|move|p2a: Regidrago|Dragon Energy|p1a: Oranguru|[spread] p1b\n|-activate|p1a: Oranguru|move: Protect\n|-damage|p1b: Vikavolt|0 fnt\n|faint|p1b: Vikavolt\n|\n|-weather|SunnyDay|[upkeep]\n|upkeep\n|turn|7\n|-message|digaea89e forfeited.\n|\n|win|BenGetsWeird\n|raw|digaea89e's rating: 1215 &rarr; <strong>1197<\/strong><br \/>(-18 for losing)\n|raw|BenGetsWeird's rating: 1313 &rarr; <strong>1328<\/strong><br \/>(+15 for winning)\n|l|\u2606digaea89e\n","uploadtime":1700491252,"views":11,"p1id":"digaea89e","p2id":"bengetsweird","formatid":"gen9vgc2023regulatione","rating":1197,"private":0,"password":""}