{"id":"gen9vgc2023regulatione-1993901495","p1":"Juytre","p2":"whyismynamejeff","format":"[Gen 9] VGC 2023 Regulation E","log":"|j|\u2606Juytre\n|j|\u2606whyismynamejeff\n|t:|1700372494\n|gametype|doubles\n|player|p1|Juytre|will|\n|player|p2|whyismynamejeff|colress|\n|teamsize|p1|6\n|teamsize|p2|6\n|gen|9\n|tier|[Gen 9] VGC 2023 Regulation E\n|rated|Tournament battle\n|rule|Species Clause: Limit one of each Pok\u00e9mon\n|rule|Item Clause: Limit one of each item\n|clearpoke\n|poke|p1|Ninetales-Alola, L50, M|\n|poke|p1|Flutter Mane, L50|\n|poke|p1|Arcanine-Hisui, L50, M|\n|poke|p1|Cetitan, L50, M|\n|poke|p1|Rillaboom, L50, F|\n|poke|p1|Urshifu-*, L50, F|\n|poke|p2|Empoleon, L50, F|\n|poke|p2|Ogerpon-Hearthflame, L50, F|\n|poke|p2|Flutter Mane, L50|\n|poke|p2|Iron Hands, L50|\n|poke|p2|Baxcalibur, L50, M|\n|poke|p2|Landorus-Therian, L50, M|\n|teampreview|4\n|showteam|p1|Ninetales-Alola||LightClay|SnowWarning|AuroraVeil,DazzlingGleam,Blizzard,Protect|||M|||50|,,,,,Steel]Flutter Mane||FocusSash|Protosynthesis|DazzlingGleam,Protect,ShadowBall,IcyWind||||||50|,,,,,Fairy]Arcanine-Hisui||ChoiceBand|Intimidate|TeraBlast,FlareBlitz,RockSlide,ExtremeSpeed|||M|||50|,,,,,Fairy]Cetitan||ClearAmulet|SlushRush|PlayRough,IcicleCrash,IceShard,HighHorsepower|||M|||50|,,,,,Fairy]Rillaboom||AssaultVest|GrassySurge|FakeOut,GrassyGlide,KnockOff,HighHorsepower|||F|||50|,,,,,Dark]Urshifu||BlackGlasses|UnseenFist|CloseCombat,WickedBlow,SuckerPunch,Protect|||F|||50|,,,,,Dark\n|showteam|p2|Empoleon||Leftovers|Competitive|HydroPump,Protect,IceBeam,FlashCannon|||F|||50|,,,,,Dragon]Ogerpon-Hearthflame||HearthflameMask|MoldBreaker|IvyCudgel,HornLeech,SwordsDance,SpikyShield|||F|||50|,,,,,Fire]Flutter Mane||BoosterEnergy|Protosynthesis|Moonblast,ShadowBall,IcyWind,Protect||||||50|,,,,,Fairy]Iron Hands||AssaultVest|QuarkDrive|WildCharge,DrainPunch,FakeOut,IcePunch||||||50|,,,,,Water]Baxcalibur||LoadedDice|ThermalExchange|IcicleSpear,ScaleShot,IceShard,Protect|||M|||50|,,,,,Ground]Landorus-Therian||ChoiceScarf|Intimidate|RockSlide,StompingTantrum,Uturn,TeraBlast|||M|||50|,,,,,Flying\n|\n|t:|1700372526\n|start\n|switch|p1a: Urshifu|Urshifu, L50, F|100\/100\n|switch|p1b: Rillaboom|Rillaboom, L50, F|100\/100\n|switch|p2a: Empoleon|Empoleon, L50, F|100\/100\n|switch|p2b: Iron Hands|Iron Hands, L50|100\/100\n|-fieldstart|move: Grassy Terrain|[from] ability: Grassy Surge|[of] p1b: Rillaboom\n|turn|1\n|\n|t:|1700372548\n|move|p1a: Urshifu|Protect|p1a: Urshifu\n|-singleturn|p1a: Urshifu|Protect\n|move|p2b: Iron Hands|Fake Out|p1a: Urshifu\n|-activate|p1a: Urshifu|move: Protect\n|move|p1b: Rillaboom|High Horsepower|p2a: Empoleon\n|-supereffective|p2a: Empoleon\n|-damage|p2a: Empoleon|20\/100\n|move|p2a: Empoleon|Ice Beam|p1b: Rillaboom\n|-supereffective|p1b: Rillaboom\n|-damage|p1b: Rillaboom|40\/100\n|\n|-heal|p1b: Rillaboom|46\/100|[from] Grassy Terrain\n|-heal|p2a: Empoleon|26\/100|[from] Grassy Terrain\n|-heal|p2a: Empoleon|31\/100|[from] item: Leftovers\n|upkeep\n|turn|2\n|\n|t:|1700372564\n|move|p2a: Empoleon|Protect|p2a: Empoleon\n|-singleturn|p2a: Empoleon|Protect\n|move|p1a: Urshifu|Wicked Blow|p2a: Empoleon\n|-crit|p2a: Empoleon\n|-damage|p2a: Empoleon|0 fnt\n|faint|p2a: Empoleon\n|move|p1b: Rillaboom|High Horsepower|p2b: Iron Hands\n|-supereffective|p2b: Iron Hands\n|-damage|p2b: Iron Hands|48\/100\n|move|p2b: Iron Hands|Wild Charge|p1a: Urshifu\n|-damage|p1a: Urshifu|49\/100\n|-damage|p2b: Iron Hands|38\/100|[from] Recoil\n|\n|-heal|p1a: Urshifu|56\/100|[from] Grassy Terrain\n|-heal|p1b: Rillaboom|51\/100|[from] Grassy Terrain\n|-heal|p2b: Iron Hands|44\/100|[from] Grassy Terrain\n|upkeep\n|\n|t:|1700372580\n|switch|p2a: Ogerpon|Ogerpon-Hearthflame, L50, F|100\/100\n|-ability|p2a: Ogerpon|Mold Breaker\n|turn|3\n|\n|t:|1700372598\n|-terastallize|p2a: Ogerpon|Fire\n|detailschange|p2a: Ogerpon|Ogerpon-Hearthflame-Tera, L50, F, tera:Fire\n|-ability|p2a: Ogerpon|Embody Aspect (Hearthflame)|boost\n|-boost|p2a: Ogerpon|atk|1\n|move|p2a: Ogerpon|Ivy Cudgel|p1b: Rillaboom|[anim] Ivy Cudgel Fire\n|-supereffective|p1b: Rillaboom\n|-damage|p1b: Rillaboom|0 fnt\n|faint|p1b: Rillaboom\n|move|p1a: Urshifu|Wicked Blow|p2a: Ogerpon\n|-crit|p2a: Ogerpon\n|-damage|p2a: Ogerpon|13\/100\n|move|p2b: Iron Hands|Drain Punch|p1a: Urshifu\n|-supereffective|p1a: Urshifu\n|-damage|p1a: Urshifu|0 fnt\n|-heal|p2b: Iron Hands|65\/100|[from] drain|[of] p1a: Urshifu\n|faint|p1a: Urshifu\n|\n|-heal|p2a: Ogerpon|19\/100|[from] Grassy Terrain\n|-heal|p2b: Iron Hands|71\/100|[from] Grassy Terrain\n|upkeep\n|\n|t:|1700372604\n|switch|p1a: Cetitan|Cetitan, L50, M|100\/100\n|switch|p1b: Ninetales|Ninetales-Alola, L50, M|100\/100\n|-weather|Snow|[from] ability: Snow Warning|[of] p1b: Ninetales\n|turn|4\n|\n|t:|1700372637\n|-terastallize|p1a: Cetitan|Fairy\n|move|p1a: Cetitan|High Horsepower|p2a: Ogerpon\n|-supereffective|p2a: Ogerpon\n|-damage|p2a: Ogerpon|0 fnt\n|faint|p2a: Ogerpon\n|move|p1b: Ninetales|Aurora Veil|p1b: Ninetales\n|-sidestart|p1: Juytre|move: Aurora Veil\n|move|p2b: Iron Hands|Drain Punch|p1a: Cetitan\n|-resisted|p1a: Cetitan\n|-damage|p1a: Cetitan|85\/100\n|-heal|p2b: Iron Hands|79\/100|[from] drain|[of] p1a: Cetitan\n|\n|-weather|Snow|[upkeep]\n|-heal|p1a: Cetitan|91\/100|[from] Grassy Terrain\n|-heal|p2b: Iron Hands|85\/100|[from] Grassy Terrain\n|upkeep\n|\n|t:|1700372647\n|switch|p2a: Flutter Mane|Flutter Mane, L50|100\/100\n|-enditem|p2a: Flutter Mane|Booster Energy\n|-activate|p2a: Flutter Mane|ability: Protosynthesis|[fromitem]\n|-start|p2a: Flutter Mane|protosynthesisspe\n|turn|5\n|\n|t:|1700372663\n|move|p2a: Flutter Mane|Protect|p2a: Flutter Mane\n|-singleturn|p2a: Flutter Mane|Protect\n|move|p1a: Cetitan|Play Rough|p2b: Iron Hands|[miss]\n|-miss|p1a: Cetitan|p2b: Iron Hands\n|move|p1b: Ninetales|Blizzard|p2b: Iron Hands|[spread] p2b\n|-activate|p2a: Flutter Mane|move: Protect\n|-damage|p2b: Iron Hands|67\/100\n|move|p2b: Iron Hands|Wild Charge|p1b: Ninetales\n|-damage|p1b: Ninetales|62\/100\n|-damage|p2b: Iron Hands|61\/100|[from] Recoil\n|\n|-weather|Snow|[upkeep]\n|-heal|p1a: Cetitan|97\/100|[from] Grassy Terrain\n|-heal|p1b: Ninetales|68\/100|[from] Grassy Terrain\n|-heal|p2b: Iron Hands|67\/100|[from] Grassy Terrain\n|-fieldend|move: Grassy Terrain\n|upkeep\n|turn|6\n|\n|t:|1700372700\n|move|p2a: Flutter Mane|Shadow Ball|p1b: Ninetales\n|-damage|p1b: Ninetales|34\/100\n|move|p1a: Cetitan|Play Rough|p2a: Flutter Mane\n|-damage|p2a: Flutter Mane|0 fnt\n|faint|p2a: Flutter Mane\n|-end|p2a: Flutter Mane|Protosynthesis|[silent]\n|move|p1b: Ninetales|Blizzard|p2b: Iron Hands\n|-damage|p2b: Iron Hands|45\/100\n|move|p2b: Iron Hands|Wild Charge|p1a: Cetitan\n|-damage|p1a: Cetitan|56\/100\n|-damage|p2b: Iron Hands|35\/100|[from] Recoil\n|\n|-weather|Snow|[upkeep]\n|upkeep\n|turn|7\n|\n|t:|1700372716\n|move|p1a: Cetitan|Play Rough|p2b: Iron Hands\n|-supereffective|p2b: Iron Hands\n|-damage|p2b: Iron Hands|0 fnt\n|faint|p2b: Iron Hands\n|-end|p2b: Iron Hands|Quark Drive|[silent]\n|\n|win|Juytre\n|n|\u2606Juytre|juytre\n|n|\u2606whyismynamejeff|whyismynamejeff\n|l|\u2606Juytre\n|c|\u2606whyismynamejeff|g\n|c|\u2606whyismynamejeff|g\n","uploadtime":1700372729,"views":10,"p1id":"juytre","p2id":"whyismynamejeff","formatid":"gen9vgc2023regulatione","rating":0,"private":0,"password":""}