{"id":"gen9vgc2023regulatione-1993517748","p1":"DarthGlacies","p2":"cocomolaco","format":"[Gen 9] VGC 2023 Regulation E","log":"|j|\u2606DarthGlacies\n|j|\u2606cocomolaco\n|n|\u2606DarthGlacies|darthglacies\n|n|\u2606cocomolaco|cocomolaco\n|html|View the match progress at <a href=\"\/game-bestof3-gen9vgc2023regulatione-1993517747\">game-bestof3-gen9vgc2023regulatione-1993517747<\/a>\n|t:|1700327186\n|gametype|doubles\n|player|p1|DarthGlacies|red|\n|player|p2|cocomolaco|102|\n|teamsize|p1|6\n|teamsize|p2|6\n|gen|9\n|tier|[Gen 9] VGC 2023 Regulation E\n|rule|Species Clause: Limit one of each Pok\u00e9mon\n|rule|Item Clause: Limit one of each item\n|clearpoke\n|poke|p1|Roaring Moon, L50|\n|poke|p1|Iron Hands, L50|\n|poke|p1|Iron Bundle, L50|\n|poke|p1|Gholdengo, L50|\n|poke|p1|Amoonguss, L50, F|\n|poke|p1|Landorus-Therian, L50, M|\n|poke|p2|Ninetales-Alola, L50, F|\n|poke|p2|Vaporeon, L50, F|\n|poke|p2|Sinistcha, L50|\n|poke|p2|Iron Hands, L50|\n|poke|p2|Heatran, L50, F|\n|poke|p2|Landorus-Therian, L50, M|\n|teampreview|4\n|inactive|Battle timer is ON: inactive players will automatically lose when time's up. (requested by DarthGlacies)\nDarthGlacies has agreed to open team sheets.\n|c|\u2606cocomolaco|GLHF!\ncocomolaco has agreed to open team sheets.\n|showteam|p1|Roaring Moon||BoosterEnergy|Protosynthesis|BreakingSwipe,KnockOff,Protect,Tailwind||||||50|,,,,,Poison]Iron Hands||AssaultVest|QuarkDrive|WildCharge,FakeOut,DrainPunch,IcePunch||||||50|,,,,,Grass]Iron Bundle||FocusSash|QuarkDrive|FreezeDry,IcyWind,Protect,HydroPump||||||50|,,,,,Ghost]Gholdengo||Leftovers|GoodasGold|MakeItRain,Protect,NastyPlot,ShadowBall||||||50|,,,,,Dragon]Amoonguss||RockyHelmet|Regenerator|RagePowder,Protect,Spore,PollenPuff|||F|||50|,,,,,Water]Landorus-Therian||ChoiceScarf|Intimidate|StompingTantrum,TeraBlast,Uturn,RockSlide|||M|||50|,,,,,Flying\n|showteam|p2|Ninetales-Alola||LightClay|SnowWarning|AuroraVeil,Blizzard,Moonblast,FreezeDry|||F|||50|,,,,,Water]Vaporeon||RockyHelmet|WaterAbsorb|Protect,Scald,IcyWind,Yawn|||F|||50|,,,,,Ground]Sinistcha||Leftovers|Hospitality|MatchaGotcha,Protect,ShadowBall,NastyPlot||||||50|,,,,,Dragon]Iron Hands||AssaultVest|QuarkDrive|DrainPunch,HeavySlam,WildCharge,FakeOut||||||50|,,,,,Bug]Heatran||ChoiceSpecs|FlashFire|FlashCannon,TeraBlast,HeatWave,DarkPulse|||F|||50|,,,,,Grass]Landorus-Therian||ChoiceScarf|Intimidate|Uturn,StompingTantrum,RockSlide,TeraBlast|||M|||50|,,,,,Flying\n|c|\u2606DarthGlacies|glhf\n|inactive|DarthGlacies has 30 seconds left.\n|inactive|cocomolaco has 30 seconds left.\n|\n|t:|1700327222\n|start\n|switch|p1a: Roaring Moon|Roaring Moon, L50|100\/100\n|switch|p1b: Gholdengo|Gholdengo, L50|100\/100\n|switch|p2a: Iron Hands|Iron Hands, L50|100\/100\n|switch|p2b: Ninetales|Ninetales-Alola, L50, F|100\/100\n|-weather|Snow|[from] ability: Snow Warning|[of] p2b: Ninetales\n|-enditem|p1a: Roaring Moon|Booster Energy\n|-activate|p1a: Roaring Moon|ability: Protosynthesis|[fromitem]\n|-start|p1a: Roaring Moon|protosynthesisspe\n|turn|1\n|\n|t:|1700327241\n|move|p1a: Roaring Moon|Protect|p1a: Roaring Moon\n|-singleturn|p1a: Roaring Moon|Protect\n|move|p2b: Ninetales|Aurora Veil|p2b: Ninetales\n|-sidestart|p2: cocomolaco|move: Aurora Veil\n|move|p1b: Gholdengo|Nasty Plot|p1b: Gholdengo\n|-boost|p1b: Gholdengo|spa|2\n|move|p2a: Iron Hands|Drain Punch|p1a: Roaring Moon\n|-activate|p1a: Roaring Moon|move: Protect\n|\n|-weather|Snow|[upkeep]\n|upkeep\n|turn|2\n|inactive|cocomolaco has 30 seconds left.\n|inactive|cocomolaco has 20 seconds left.\n|inactive|cocomolaco has 15 seconds left.\n|inactive|cocomolaco has 10 seconds left.\n|\n|t:|1700327288\n|-terastallize|p1a: Roaring Moon|Poison\n|move|p1a: Roaring Moon|Tailwind|p1a: Roaring Moon\n|-sidestart|p1: DarthGlacies|move: Tailwind\n|move|p1b: Gholdengo|Make It Rain|p2a: Iron Hands|[spread] p2a,p2b\n|-resisted|p2a: Iron Hands\n|-supereffective|p2b: Ninetales\n|-damage|p2a: Iron Hands|87\/100\n|-damage|p2b: Ninetales|0 fnt\n|-unboost|p1b: Gholdengo|spa|1\n|faint|p2b: Ninetales\n|move|p2a: Iron Hands|Drain Punch|p1a: Roaring Moon\n|-resisted|p1a: Roaring Moon\n|-damage|p1a: Roaring Moon|78\/100\n|-heal|p2a: Iron Hands|96\/100|[from] drain|[of] p1a: Roaring Moon\n|\n|-weather|Snow|[upkeep]\n|upkeep\n|\n|t:|1700327305\n|switch|p2b: Heatran|Heatran, L50, F|100\/100\n|turn|3\n|\n|t:|1700327328\n|move|p1b: Gholdengo|Protect|p1b: Gholdengo\n|-singleturn|p1b: Gholdengo|Protect\n|move|p1a: Roaring Moon|Knock Off|p2b: Heatran\n|-damage|p2b: Heatran|75\/100\n|-enditem|p2b: Heatran|Choice Specs|[from] move: Knock Off|[of] p1a: Roaring Moon\n|move|p2b: Heatran|Heat Wave|p1a: Roaring Moon|[spread] p1a\n|-activate|p1b: Gholdengo|move: Protect\n|-damage|p1a: Roaring Moon|41\/100\n|move|p2a: Iron Hands|Drain Punch|p1a: Roaring Moon\n|-resisted|p1a: Roaring Moon\n|-damage|p1a: Roaring Moon|20\/100\n|-heal|p2a: Iron Hands|100\/100|[from] drain|[of] p1a: Roaring Moon\n|\n|-weather|Snow|[upkeep]\n|upkeep\n|turn|4\n|\n|t:|1700327353\n|move|p1a: Roaring Moon|Breaking Swipe|p2a: Iron Hands|[spread] p2a,p2b\n|-resisted|p2b: Heatran\n|-damage|p2a: Iron Hands|90\/100\n|-damage|p2b: Heatran|68\/100\n|-unboost|p2a: Iron Hands|atk|1\n|-unboost|p2b: Heatran|atk|1\n|move|p1b: Gholdengo|Shadow Ball|p2b: Heatran\n|-damage|p2b: Heatran|37\/100\n|move|p2b: Heatran|Heat Wave|p1b: Gholdengo|[spread] p1a\n|-miss|p2b: Heatran|p1b: Gholdengo\n|-damage|p1a: Roaring Moon|0 fnt\n|faint|p1a: Roaring Moon\n|-end|p1a: Roaring Moon|Protosynthesis|[silent]\n|move|p2a: Iron Hands|Wild Charge|p1b: Gholdengo\n|-damage|p1b: Gholdengo|77\/100\n|-damage|p2a: Iron Hands|86\/100|[from] Recoil\n|\n|-weather|Snow|[upkeep]\n|-heal|p1b: Gholdengo|83\/100|[from] item: Leftovers\n|upkeep\n|\n|t:|1700327375\n|switch|p1a: Landorus|Landorus-Therian, L50, M|100\/100\n|-ability|p1a: Landorus|Intimidate|boost\n|-unboost|p2a: Iron Hands|atk|1\n|-unboost|p2b: Heatran|atk|1\n|turn|5\n|\n|t:|1700327381\n|-end|p2a: Iron Hands|Quark Drive|[silent]\n|switch|p2a: Sinistcha|Sinistcha, L50|100\/100\n|-heal|p2b: Heatran|62\/100|[from] ability: Hospitality|[of] p2a: Sinistcha\n|move|p1a: Landorus|Stomping Tantrum|p2b: Heatran\n|-supereffective|p2b: Heatran\n|-damage|p2b: Heatran|0 fnt\n|faint|p2b: Heatran\n|move|p1b: Gholdengo|Nasty Plot|p1b: Gholdengo\n|-boost|p1b: Gholdengo|spa|2\n|\n|-weather|none\n|-heal|p1b: Gholdengo|90\/100|[from] item: Leftovers\n|-sideend|p1: DarthGlacies|move: Tailwind\n|upkeep\n|\n|t:|1700327392\n|switch|p2b: Iron Hands|Iron Hands, L50|86\/100\n|turn|6\n|\n|t:|1700327410\n|-terastallize|p2a: Sinistcha|Dragon\n|move|p2b: Iron Hands|Fake Out|p1a: Landorus\n|-crit|p1a: Landorus\n|-damage|p1a: Landorus|79\/100\n|cant|p1a: Landorus|flinch\n|move|p1b: Gholdengo|Nasty Plot|p1b: Gholdengo\n|-boost|p1b: Gholdengo|spa|2\n|move|p2a: Sinistcha|Shadow Ball|p1b: Gholdengo\n|-supereffective|p1b: Gholdengo\n|-damage|p1b: Gholdengo|12\/100\n|\n|-heal|p1b: Gholdengo|19\/100|[from] item: Leftovers\n|upkeep\n|turn|7\n|\n|t:|1700327433\n|move|p2a: Sinistcha|Protect|p2a: Sinistcha\n|-singleturn|p2a: Sinistcha|Protect\n|move|p1a: Landorus|Stomping Tantrum|p2b: Iron Hands\n|-supereffective|p2b: Iron Hands\n|-damage|p2b: Iron Hands|8\/100\n|move|p1b: Gholdengo|Shadow Ball|p2a: Sinistcha\n|-activate|p2a: Sinistcha|move: Protect\n|move|p2b: Iron Hands|Wild Charge|p1b: Gholdengo\n|-damage|p1b: Gholdengo|0 fnt\n|faint|p1b: Gholdengo\n|-damage|p2b: Iron Hands|4\/100|[from] Recoil\n|\n|upkeep\n|\n|t:|1700327443\n|switch|p1b: Iron Bundle|Iron Bundle, L50|100\/100\n|turn|8\n|\n|t:|1700327452\n|move|p1a: Landorus|Stomping Tantrum|p2b: Iron Hands\n|-supereffective|p2b: Iron Hands\n|-damage|p2b: Iron Hands|0 fnt\n|faint|p2b: Iron Hands\n|-end|p2b: Iron Hands|Quark Drive|[silent]\n|move|p1b: Iron Bundle|Freeze-Dry|p2a: Sinistcha\n|-supereffective|p2a: Sinistcha\n|-damage|p2a: Sinistcha|50\/100\n|move|p2a: Sinistcha|Nasty Plot|p2a: Sinistcha\n|-boost|p2a: Sinistcha|spa|2\n|\n|-heal|p2a: Sinistcha|57\/100|[from] item: Leftovers\n|-sideend|p2: cocomolaco|move: Aurora Veil\n|upkeep\n|turn|9\n|\n|t:|1700327465\n|move|p1a: Landorus|Stomping Tantrum|p2a: Sinistcha\n|-damage|p2a: Sinistcha|16\/100\n|move|p1b: Iron Bundle|Freeze-Dry|p2a: Sinistcha\n|-supereffective|p2a: Sinistcha\n|-damage|p2a: Sinistcha|0 fnt\n|faint|p2a: Sinistcha\n|\n|win|DarthGlacies\n|c|&|\/uhtml prompt-cocomolaco,cocomolaco is ready for game 2!\n|c|&|\/uhtml prompt-darthglacies,DarthGlacies is ready for game 2!\nBoth players are ready! Starting next match!\n","uploadtime":1700327621,"views":8,"p1id":"darthglacies","p2id":"cocomolaco","formatid":"gen9vgc2023regulatione","rating":0,"private":0,"password":""}