{"id":"gen9vgc2023regulatione-1989269341","p1":"Poolsafetree","p2":"DeAndreRicketts","format":"[Gen 9] VGC 2023 Regulation E","log":"|j|\u2606Poolsafetree\n|j|\u2606DeAndreRicketts\n|t:|1699830082\n|gametype|doubles\n|player|p1|Poolsafetree|1|1052\n|player|p2|DeAndreRicketts|101|1076\n|teamsize|p1|6\n|teamsize|p2|6\n|gen|9\n|tier|[Gen 9] VGC 2023 Regulation E\n|rated|\n|rule|Species Clause: Limit one of each Pok\u00e9mon\n|rule|Item Clause: Limit one of each item\n|clearpoke\n|poke|p1|Rillaboom, L50, M|\n|poke|p1|Chi-Yu, L50|\n|poke|p1|Slaking, L50, M|\n|poke|p1|Weezing, L50, F|\n|poke|p1|Landorus-Therian, L50, M|\n|poke|p1|Regidrago, L50|\n|poke|p2|Flutter Mane, L50|\n|poke|p2|Gothitelle, L50, M|\n|poke|p2|Dondozo, L50, F|\n|poke|p2|Tatsugiri, L50, F|\n|poke|p2|Farigiraf, L50, F|\n|poke|p2|Garganacl, L50, F|\n|teampreview|4\n|\n|t:|1699830127\n|start\n|switch|p1a: Slaking|Slaking, L50, M|100\/100\n|switch|p1b: Weezing|Weezing, L50, F|100\/100\n|switch|p2a: Flutter Mane|Flutter Mane, L50|100\/100\n|switch|p2b: Gothitelle|Gothitelle, L50, M|100\/100\n|-ability|p1b: Weezing|Neutralizing Gas\n|-enditem|p2a: Flutter Mane|Booster Energy\n|-activate|p2a: Flutter Mane|ability: Protosynthesis|[fromitem]\n|-start|p2a: Flutter Mane|protosynthesisspe\n|turn|1\n|\n|t:|1699830159\n|-terastallize|p1a: Slaking|Ghost\n|move|p1b: Weezing|Protect|p1b: Weezing\n|-singleturn|p1b: Weezing|Protect\n|move|p2b: Gothitelle|Fake Out|p1a: Slaking\n|-immune|p1a: Slaking\n|move|p2a: Flutter Mane|Perish Song|p2a: Flutter Mane\n|-start|p1a: Slaking|perish3|[silent]\n|-start|p1b: Weezing|perish3|[silent]\n|-start|p2a: Flutter Mane|perish3|[silent]\n|-start|p2b: Gothitelle|perish3|[silent]\n|-fieldactivate|move: Perish Song\n|move|p1a: Slaking|Shadow Claw|p2a: Flutter Mane\n|-supereffective|p2a: Flutter Mane\n|-damage|p2a: Flutter Mane|0 fnt\n|faint|p2a: Flutter Mane\n|-end|p2a: Flutter Mane|Protosynthesis|[silent]\n|\n|-start|p1a: Slaking|perish3\n|-start|p2b: Gothitelle|perish3\n|-start|p1b: Weezing|perish3\n|upkeep\n|\n|t:|1699830182\n|switch|p2a: Tatsugiri|Tatsugiri, L50, F|100\/100\n|turn|2\n|\n|t:|1699830191\n|switch|p2b: Dondozo|Dondozo, L50, F|100\/100\n|move|p2a: Tatsugiri|Protect|p2a: Tatsugiri\n|-singleturn|p2a: Tatsugiri|Protect\n|move|p1a: Slaking|Shadow Claw|p2b: Dondozo\n|-damage|p2b: Dondozo|72\/100\n|move|p1b: Weezing|Taunt|p2b: Dondozo\n|-start|p2b: Dondozo|move: Taunt\n|\n|-heal|p2b: Dondozo|79\/100|[from] item: Leftovers\n|-start|p1a: Slaking|perish2\n|-start|p1b: Weezing|perish2\n|upkeep\n|turn|3\n|\n|t:|1699830217\n|switch|p1a: Regidrago|Regidrago, L50|100\/100\n|-end|p1b: Weezing|ability: Neutralizing Gas\n|switch|p1b: Rillaboom|Rillaboom, L50, M|100\/100\n|-activate|p2a: Tatsugiri|ability: Commander|[of] p2b: Dondozo\n|-boost|p2b: Dondozo|atk|2\n|-boost|p2b: Dondozo|spa|2\n|-boost|p2b: Dondozo|spe|2\n|-boost|p2b: Dondozo|def|2\n|-boost|p2b: Dondozo|spd|2\n|-fieldstart|move: Grassy Terrain|[from] ability: Grassy Surge|[of] p1b: Rillaboom\n|move|p2b: Dondozo|Earthquake|p1a: Regidrago|[spread] p1a,p1b\n|-miss|p2b: Dondozo|p2a: Tatsugiri\n|-resisted|p1b: Rillaboom\n|-damage|p1a: Regidrago|75\/100\n|-damage|p1b: Rillaboom|91\/100\n|\n|-heal|p1a: Regidrago|82\/100|[from] Grassy Terrain\n|-heal|p1b: Rillaboom|97\/100|[from] Grassy Terrain\n|-heal|p2b: Dondozo|85\/100|[from] Grassy Terrain\n|-heal|p2b: Dondozo|91\/100|[from] item: Leftovers\n|upkeep\n|turn|4\n|\n|t:|1699830245\n|-terastallize|p2b: Dondozo|Steel\n|move|p1b: Rillaboom|Fake Out|p2b: Dondozo\n|-resisted|p2b: Dondozo\n|-damage|p2b: Dondozo|89\/100\n|move|p1a: Regidrago|Draco Meteor|p2b: Dondozo|[miss]\n|-miss|p1a: Regidrago|p2b: Dondozo\n|cant|p2b: Dondozo|flinch\n|\n|-heal|p1a: Regidrago|88\/100|[from] Grassy Terrain\n|-heal|p1b: Rillaboom|100\/100|[from] Grassy Terrain\n|-heal|p2b: Dondozo|95\/100|[from] Grassy Terrain\n|-heal|p2b: Dondozo|100\/100|[from] item: Leftovers\n|-end|p2b: Dondozo|move: Taunt\n|upkeep\n|turn|5\n|\n|t:|1699830264\n|move|p1b: Rillaboom|Grassy Glide|p2b: Dondozo\n|-resisted|p2b: Dondozo\n|-damage|p2b: Dondozo|95\/100\n|move|p1a: Regidrago|Draco Meteor|p2b: Dondozo\n|-resisted|p2b: Dondozo\n|-damage|p2b: Dondozo|71\/100\n|-unboost|p1a: Regidrago|spa|2\n|move|p2b: Dondozo|Order Up|p1a: Regidrago\n|-supereffective|p1a: Regidrago\n|-damage|p1a: Regidrago|0 fnt\n|faint|p1a: Regidrago\n|-boost|p2b: Dondozo|atk|1\n|\n|-heal|p2b: Dondozo|77\/100|[from] Grassy Terrain\n|-heal|p2b: Dondozo|83\/100|[from] item: Leftovers\n|upkeep\n|\n|t:|1699830278\n|switch|p1a: Slaking|Slaking, L50, M, tera:Ghost|100\/100\n|turn|6\n|\n|t:|1699830290\n|switch|p1b: Weezing|Weezing, L50, F|100\/100\n|-ability|p1b: Weezing|Neutralizing Gas\n|move|p1a: Slaking|Drain Punch|p2b: Dondozo\n|-supereffective|p2b: Dondozo\n|-damage|p2b: Dondozo|61\/100\n|move|p2b: Dondozo|Wave Crash|p1a: Slaking\n|-damage|p1a: Slaking|0 fnt\n|faint|p1a: Slaking\n|-damage|p2b: Dondozo|32\/100|[from] Recoil\n|\n|-heal|p2b: Dondozo|38\/100|[from] Grassy Terrain\n|-heal|p2b: Dondozo|44\/100|[from] item: Leftovers\n|upkeep\n|\n|t:|1699830304\n|switch|p1a: Rillaboom|Rillaboom, L50, M|100\/100\n|turn|7\n|\n|t:|1699830308\n|move|p2b: Dondozo|Protect|p2b: Dondozo\n|-singleturn|p2b: Dondozo|Protect\n|move|p1a: Rillaboom|Fake Out|p2b: Dondozo\n|-activate|p2b: Dondozo|move: Protect\n|move|p1b: Weezing|Will-O-Wisp|p2b: Dondozo\n|-activate|p2b: Dondozo|move: Protect\n|\n|-heal|p2b: Dondozo|51\/100|[from] Grassy Terrain\n|-heal|p2b: Dondozo|57\/100|[from] item: Leftovers\n|-fieldend|move: Grassy Terrain\n|upkeep\n|turn|8\n|\n|t:|1699830325\n|move|p1a: Rillaboom|Grassy Glide|p2a: Tatsugiri|[miss]\n|-miss|p1a: Rillaboom|p2a: Tatsugiri\n|move|p2b: Dondozo|Order Up|p1a: Rillaboom\n|-damage|p1a: Rillaboom|49\/100\n|-boost|p2b: Dondozo|atk|1\n|move|p1b: Weezing|Will-O-Wisp|p2b: Dondozo\n|-status|p2b: Dondozo|brn\n|\n|-heal|p2b: Dondozo|63\/100 brn|[from] item: Leftovers\n|-damage|p2b: Dondozo|57\/100 brn|[from] brn\n|upkeep\n|turn|9\n|\n|t:|1699830346\n|move|p1a: Rillaboom|U-turn|p2b: Dondozo\n|-resisted|p2b: Dondozo\n|-damage|p2b: Dondozo|53\/100 brn\n|move|p2b: Dondozo|Order Up|p1a: Rillaboom\n|-damage|p1a: Rillaboom|19\/100\n|-enditem|p1a: Rillaboom|Aguav Berry|[eat]\n|-heal|p1a: Rillaboom|52\/100|[from] item: Aguav Berry\n|-boost|p2b: Dondozo|atk|1\n|move|p1b: Weezing|Sludge Bomb|p2b: Dondozo\n|-immune|p2b: Dondozo\n|\n|-heal|p2b: Dondozo|60\/100 brn|[from] item: Leftovers\n|-damage|p2b: Dondozo|53\/100 brn|[from] brn\n|upkeep\n|turn|10\n|l|\u2606Poolsafetree\n|player|p1|\n|j|\u2606Poolsafetree\n|player|p1|Poolsafetree|1\n|l|\u2606Poolsafetree\n|player|p1|\n|j|\u2606Poolsafetree\n|player|p1|Poolsafetree|1\n|-message|Poolsafetree forfeited.\n|\n|win|DeAndreRicketts\n|raw|Poolsafetree's rating: 1052 &rarr; <strong>1035<\/strong><br \/>(-17 for losing)\n|raw|DeAndreRicketts's rating: 1076 &rarr; <strong>1103<\/strong><br \/>(+27 for winning)\n|l|\u2606Poolsafetree\n","uploadtime":1699830385,"views":15,"p1id":"poolsafetree","p2id":"deandrericketts","formatid":"gen9vgc2023regulatione","rating":1035,"private":0,"password":""}