{"id":"gen9vgc2023regulatione-1997436335","p1":"Zeus_Swerve","p2":"Ringmasters","format":"[Gen 9] VGC 2023 Regulation E","log":"|j|\u2606Zeus_Swerve\n|j|\u2606Ringmasters\n|t:|1700804891\n|gametype|doubles\n|player|p1|Zeus_Swerve|1|1000\n|player|p2|Ringmasters|emmet-masters|1081\n|teamsize|p1|6\n|teamsize|p2|6\n|gen|9\n|tier|[Gen 9] VGC 2023 Regulation E\n|rated|\n|rule|Species Clause: Limit one of each Pok\u00e9mon\n|rule|Item Clause: Limit one of each item\n|clearpoke\n|poke|p1|Iron Valiant, L50|\n|poke|p1|Okidogi, L50, M|\n|poke|p1|Tinkaton, L50, F|\n|poke|p1|Tatsugiri, L50, M|\n|poke|p1|Dondozo, L50, M|\n|poke|p1|Glimmora, L50, F|\n|poke|p2|Scizor, L50, M|\n|poke|p2|Dragapult, L50, F|\n|poke|p2|Gengar, L50, F|\n|poke|p2|Politoed, L50, F|\n|poke|p2|Slither Wing, L50|\n|poke|p2|Rillaboom, L50, F|\n|teampreview|4\n|l|\u2606Zeus_Swerve\n|player|p1|\n|inactive|Battle timer is ON: inactive players will automatically lose when time's up. (requested by Ringmasters)\n|j|\u2606Zeus_Swerve\n|inactive|Zeus_Swerve reconnected and has 90 seconds left.\n|player|p1|Zeus_Swerve|1\n|\n|t:|1700804915\n|start\n|switch|p1a: Glimmora|Glimmora, L50, F|100\/100\n|switch|p1b: Iron Valiant|Iron Valiant, L50|100\/100\n|switch|p2a: Rillaboom|Rillaboom, L50, F|100\/100\n|switch|p2b: Slither Wing|Slither Wing, L50|100\/100\n|-fieldstart|move: Grassy Terrain|[from] ability: Grassy Surge|[of] p2a: Rillaboom\n|-enditem|p1b: Iron Valiant|Booster Energy\n|-activate|p1b: Iron Valiant|ability: Quark Drive|[fromitem]\n|-start|p1b: Iron Valiant|quarkdrivespe\n|-enditem|p2b: Slither Wing|Booster Energy\n|-activate|p2b: Slither Wing|ability: Protosynthesis|[fromitem]\n|-start|p2b: Slither Wing|protosynthesisatk\n|turn|1\n|inactive|Zeus_Swerve has 30 seconds left.\n|inactive|Zeus_Swerve has 20 seconds left.\n|inactive|Zeus_Swerve has 15 seconds left.\n|\n|t:|1700804958\n|-terastallize|p1b: Iron Valiant|Dark\n|move|p2a: Rillaboom|Fake Out|p1b: Iron Valiant\n|-damage|p1b: Iron Valiant|83\/100\n|cant|p1b: Iron Valiant|flinch\n|move|p1a: Glimmora|Mortal Spin|p2b: Slither Wing|[spread] p2a,p2b\n|-supereffective|p2a: Rillaboom\n|-damage|p2a: Rillaboom|90\/100\n|-damage|p2b: Slither Wing|95\/100\n|-status|p2a: Rillaboom|psn\n|-status|p2b: Slither Wing|psn\n|move|p2b: Slither Wing|Superpower|p1a: Glimmora\n|-damage|p1a: Glimmora|1\/100\n|-unboost|p2b: Slither Wing|atk|1\n|-unboost|p2b: Slither Wing|def|1\n|-activate|p1a: Glimmora|ability: Toxic Debris\n|-sidestart|p2: Ringmasters|move: Toxic Spikes\n|\n|-heal|p1b: Iron Valiant|89\/100|[from] Grassy Terrain\n|-heal|p1a: Glimmora|7\/100|[from] Grassy Terrain\n|-heal|p2a: Rillaboom|96\/100 psn|[from] Grassy Terrain\n|-heal|p2b: Slither Wing|100\/100 psn|[from] Grassy Terrain\n|-damage|p2a: Rillaboom|84\/100 psn|[from] psn\n|-damage|p2b: Slither Wing|88\/100 psn|[from] psn\n|upkeep\n|turn|2\n|inactive|Zeus_Swerve has 30 seconds left.\n|inactive|Ringmasters has 30 seconds left.\n|inactive|Zeus_Swerve has 20 seconds left.\n|\n|t:|1700804996\n|move|p1b: Iron Valiant|Knock Off|p2a: Rillaboom\n|-damage|p2a: Rillaboom|32\/100 psn\n|-enditem|p2a: Rillaboom|Miracle Seed|[from] move: Knock Off|[of] p1b: Iron Valiant\n|move|p1a: Glimmora|Power Gem|p2b: Slither Wing\n|-damage|p2b: Slither Wing|46\/100 psn\n|move|p2a: Rillaboom|Wood Hammer|p1b: Iron Valiant\n|-damage|p1b: Iron Valiant|0 fnt\n|faint|p1b: Iron Valiant\n|-end|p1b: Iron Valiant|Quark Drive|[silent]\n|-damage|p2a: Rillaboom|7\/100 psn|[from] Recoil\n|move|p2b: Slither Wing|Superpower|p1a: Glimmora\n|-damage|p1a: Glimmora|0 fnt\n|-unboost|p2b: Slither Wing|atk|1\n|-unboost|p2b: Slither Wing|def|1\n|-activate|p1a: Glimmora|ability: Toxic Debris\n|-sidestart|p2: Ringmasters|move: Toxic Spikes\n|faint|p1a: Glimmora\n|\n|-heal|p2a: Rillaboom|12\/100 psn|[from] Grassy Terrain\n|-heal|p2b: Slither Wing|53\/100 psn|[from] Grassy Terrain\n|-damage|p2a: Rillaboom|0 fnt|[from] psn\n|faint|p2a: Rillaboom\n|-damage|p2b: Slither Wing|40\/100 psn|[from] psn\n|upkeep\n|inactive|Zeus_Swerve has 30 seconds left.\n|\n|t:|1700805028\n|switch|p1b: Tatsugiri|Tatsugiri, L50, M|100\/100\n|switch|p1a: Dondozo|Dondozo, L50, M|100\/100\n|switch|p2a: Gengar|Gengar, L50, F|100\/100\n|-activate|p1b: Tatsugiri|ability: Commander|[of] p1a: Dondozo\n|-boost|p1a: Dondozo|atk|2\n|-boost|p1a: Dondozo|spa|2\n|-boost|p1a: Dondozo|spe|2\n|-boost|p1a: Dondozo|def|2\n|-boost|p1a: Dondozo|spd|2\n|-sideend|p2: Ringmasters|move: Toxic Spikes|[of] p2a: Gengar\n|turn|3\n|\n|t:|1700805051\n|move|p2b: Slither Wing|Protect|p2b: Slither Wing\n|-singleturn|p2b: Slither Wing|Protect\n|move|p2a: Gengar|Perish Song|p2a: Gengar\n|-start|p1a: Dondozo|perish3|[silent]\n|-miss|p2a: Gengar|p1b: Tatsugiri\n|-start|p2a: Gengar|perish3|[silent]\n|-start|p2b: Slither Wing|perish3|[silent]\n|-fieldactivate|move: Perish Song\n|move|p1a: Dondozo|Order Up|p2a: Gengar\n|-damage|p2a: Gengar|14\/100\n|-boost|p1a: Dondozo|atk|1\n|\n|-heal|p2a: Gengar|20\/100|[from] Grassy Terrain\n|-heal|p2b: Slither Wing|46\/100 psn|[from] Grassy Terrain\n|-damage|p2b: Slither Wing|34\/100 psn|[from] psn\n|-start|p2a: Gengar|perish3\n|-start|p1a: Dondozo|perish3\n|-start|p2b: Slither Wing|perish3\n|upkeep\n|turn|4\n|inactive|Zeus_Swerve has 30 seconds left.\n|\n|t:|1700805076\n|switch|p2a: Politoed|Politoed, L50, F|100\/100\n|-weather|RainDance|[from] ability: Drizzle|[of] p2a: Politoed\n|move|p2b: Slither Wing|Protect||[still]\n|-fail|p2b: Slither Wing\n|move|p1a: Dondozo|Order Up|p2a: Politoed\n|-damage|p2a: Politoed|20\/100\n|-boost|p1a: Dondozo|atk|1\n|\n|-weather|RainDance|[upkeep]\n|-heal|p2b: Slither Wing|40\/100 psn|[from] Grassy Terrain\n|-heal|p2a: Politoed|26\/100|[from] Grassy Terrain\n|-heal|p2a: Politoed|32\/100|[from] item: Leftovers\n|-damage|p2b: Slither Wing|28\/100 psn|[from] psn\n|-start|p1a: Dondozo|perish2\n|-start|p2b: Slither Wing|perish2\n|upkeep\n|turn|5\n|\n|t:|1700805094\n|move|p2b: Slither Wing|Protect|p2b: Slither Wing\n|-singleturn|p2b: Slither Wing|Protect\n|move|p1a: Dondozo|Order Up|p2a: Politoed\n|-damage|p2a: Politoed|0 fnt\n|faint|p2a: Politoed\n|-boost|p1a: Dondozo|atk|1\n|\n|-weather|RainDance|[upkeep]\n|-heal|p2b: Slither Wing|34\/100 psn|[from] Grassy Terrain\n|-damage|p2b: Slither Wing|22\/100 psn|[from] psn\n|-start|p1a: Dondozo|perish1\n|-start|p2b: Slither Wing|perish1\n|-fieldend|move: Grassy Terrain\n|upkeep\n|\n|t:|1700805106\n|switch|p2a: Gengar|Gengar, L50, F|20\/100\n|turn|6\n|\n|t:|1700805119\n|-terastallize|p2a: Gengar|Ghost\n|move|p2a: Gengar|Shadow Ball|p1b: Tatsugiri|[miss]\n|-miss|p2a: Gengar|p1b: Tatsugiri\n|move|p1a: Dondozo|Order Up|p2a: Gengar\n|-damage|p2a: Gengar|0 fnt\n|-start|p1a: Dondozo|Disable|Order Up|[from] ability: Cursed Body|[of] p2a: Gengar\n|faint|p2a: Gengar\n|-boost|p1a: Dondozo|atk|1\n|move|p2b: Slither Wing|Superpower|p1b: Tatsugiri|[miss]\n|-miss|p2b: Slither Wing|p1b: Tatsugiri\n|\n|-weather|RainDance|[upkeep]\n|-damage|p2b: Slither Wing|9\/100 psn|[from] psn\n|-start|p1a: Dondozo|perish0\n|-start|p2b: Slither Wing|perish0\n|upkeep\n|faint|p1a: Dondozo\n|faint|p2b: Slither Wing\n|-end|p2b: Slither Wing|Protosynthesis|[silent]\n|\n|win|Zeus_Swerve\n|raw|Zeus_Swerve's rating: 1000 &rarr; <strong>1047<\/strong><br \/>(+47 for winning)\n|raw|Ringmasters's rating: 1061 &rarr; <strong>1039<\/strong><br \/>(-22 for losing)\n|l|\u2606Ringmasters\n","uploadtime":1700805150,"views":17,"p1id":"zeusswerve","p2id":"ringmasters","formatid":"gen9vgc2023regulatione","rating":1039,"private":0,"password":""}