{"id":"gen9vgc2023regulatione-1987900580","p1":"Rean412","p2":"sanik_heghog","format":"[Gen 9] VGC 2023 Regulation E","log":"|j|\u2606Rean412\n|j|\u2606sanik_heghog\n|t:|1699647323\n|gametype|doubles\n|player|p1|Rean412|266|1314\n|player|p2|sanik_heghog|dawn|1263\n|teamsize|p1|6\n|teamsize|p2|6\n|gen|9\n|tier|[Gen 9] VGC 2023 Regulation E\n|rated|\n|rule|Species Clause: Limit one of each Pok\u00e9mon\n|rule|Item Clause: Limit one of each item\n|clearpoke\n|poke|p1|Annihilape, L50, M|\n|poke|p1|Ninetales-Alola, L50, M|\n|poke|p1|Urshifu-*, L50, M|\n|poke|p1|Rillaboom, L50, F|\n|poke|p1|Arcanine-Hisui, L50, F|\n|poke|p1|Iron Hands, L50|\n|poke|p2|Urshifu-*, L50, F|\n|poke|p2|Tornadus, L50, M|\n|poke|p2|Flutter Mane, L50|\n|poke|p2|Iron Hands, L50|\n|poke|p2|Sinistcha, L50|\n|poke|p2|Arcanine-Hisui, L50, F|\n|teampreview|4\n|\n|t:|1699647350\n|start\n|switch|p1a: Ninetales|Ninetales-Alola, L50, M|100\/100\n|switch|p1b: Iron Hands|Iron Hands, L50|100\/100\n|switch|p2a: Urshifu|Urshifu-Rapid-Strike, L50, F|100\/100\n|switch|p2b: Tornadus|Tornadus, L50, M|100\/100\n|-weather|Snow|[from] ability: Snow Warning|[of] p1a: Ninetales\n|-enditem|p1b: Iron Hands|Booster Energy\n|-activate|p1b: Iron Hands|ability: Quark Drive|[fromitem]\n|-start|p1b: Iron Hands|quarkdriveatk\n|turn|1\n|inactive|Battle timer is ON: inactive players will automatically lose when time's up. (requested by sanik_heghog)\n|\n|t:|1699647401\n|switch|p1a: Napoleon|Urshifu-Rapid-Strike, L50, M|100\/100\n|move|p1b: Iron Hands|Fake Out|p2a: Urshifu\n|-damage|p2a: Urshifu|83\/100\n|move|p2b: Tornadus|Rain Dance|p2b: Tornadus\n|-weather|RainDance\n|cant|p2a: Urshifu|flinch\n|\n|-weather|RainDance|[upkeep]\n|upkeep\n|turn|2\n|inactive|sanik_heghog has 30 seconds left.\n|\n|t:|1699647427\n|move|p2a: Urshifu|Surging Strikes|p1b: Iron Hands\n|-crit|p1b: Iron Hands\n|-damage|p1b: Iron Hands|85\/100\n|-crit|p1b: Iron Hands\n|-damage|p1b: Iron Hands|69\/100\n|-crit|p1b: Iron Hands\n|-damage|p1b: Iron Hands|53\/100\n|-hitcount|p1b: Iron Hands|3\n|move|p1a: Napoleon|Close Combat|p2a: Urshifu\n|-damage|p2a: Urshifu|18\/100\n|-unboost|p1a: Napoleon|def|1\n|-unboost|p1a: Napoleon|spd|1\n|move|p2b: Tornadus|Bleakwind Storm|p1a: Napoleon|[spread] p1a,p1b\n|-supereffective|p1a: Napoleon\n|-damage|p1a: Napoleon|0 fnt\n|-damage|p1b: Iron Hands|17\/100\n|faint|p1a: Napoleon\n|move|p1b: Iron Hands|Wild Charge|p2a: Urshifu\n|-supereffective|p2a: Urshifu\n|-damage|p2a: Urshifu|0 fnt\n|faint|p2a: Urshifu\n|-damage|p1b: Iron Hands|14\/100|[from] Recoil\n|\n|-weather|RainDance|[upkeep]\n|upkeep\n|\n|t:|1699647448\n|switch|p2a: Iron Hands|Iron Hands, L50|100\/100\n|switch|p1a: Annihilape|Annihilape, L50, M|100\/100\n|turn|3\n|\n|t:|1699647462\n|-terastallize|p1a: Annihilape|Dragon\n|move|p1b: Iron Hands|Detect|p1b: Iron Hands\n|-singleturn|p1b: Iron Hands|Protect\n|move|p2a: Iron Hands|Fake Out|p1b: Iron Hands\n|-activate|p1b: Iron Hands|move: Protect\n|move|p2b: Tornadus|Bleakwind Storm|p1b: Iron Hands|[spread] p1a\n|-activate|p1b: Iron Hands|move: Protect\n|-damage|p1a: Annihilape|76\/100\n|move|p1a: Annihilape|Bulk Up|p1a: Annihilape\n|-boost|p1a: Annihilape|atk|1\n|-boost|p1a: Annihilape|def|1\n|\n|-weather|RainDance|[upkeep]\n|-heal|p1a: Annihilape|82\/100|[from] item: Leftovers\n|upkeep\n|turn|4\n|inactive|Rean412 has 30 seconds left.\n|inactive|sanik_heghog has 30 seconds left.\n|\n|t:|1699647497\n|-end|p1b: Iron Hands|Quark Drive|[silent]\n|switch|p1b: Ninetales|Ninetales-Alola, L50, M|100\/100\n|-weather|Snow|[from] ability: Snow Warning|[of] p1b: Ninetales\n|-end|p2a: Iron Hands|Quark Drive|[silent]\n|switch|p2a: Sinistcha|Sinistcha, L50|100\/100\n|move|p2b: Tornadus|Bleakwind Storm|p1b: Ninetales|[spread] p1a\n|-miss|p2b: Tornadus|p1b: Ninetales\n|-damage|p1a: Annihilape|53\/100\n|-unboost|p1a: Annihilape|spe|1\n|-ability|p1a: Annihilape|Defiant|boost\n|-boost|p1a: Annihilape|atk|2\n|move|p1a: Annihilape|Drain Punch|p2a: Sinistcha\n|-immune|p2a: Sinistcha\n|\n|-weather|Snow|[upkeep]\n|-heal|p1a: Annihilape|59\/100|[from] item: Leftovers\n|upkeep\n|turn|5\n|\n|t:|1699647519\n|switch|p1b: Iron Hands|Iron Hands, L50|14\/100\n|move|p2b: Tornadus|Rain Dance|p2b: Tornadus\n|-weather|RainDance\n|move|p2a: Sinistcha|Strength Sap|p1a: Annihilape\n|-unboost|p1a: Annihilape|atk|1\n|-ability|p1a: Annihilape|Defiant|boost\n|-boost|p1a: Annihilape|atk|2\n|move|p1a: Annihilape|Rage Fist|p2a: Sinistcha\n|-supereffective|p2a: Sinistcha\n|-damage|p2a: Sinistcha|0 fnt\n|faint|p2a: Sinistcha\n|\n|-weather|RainDance|[upkeep]\n|-heal|p1a: Annihilape|65\/100|[from] item: Leftovers\n|upkeep\n|\n|t:|1699647532\n|switch|p2a: Iron Hands|Iron Hands, L50|100\/100\n|turn|6\n|\n|t:|1699647539\n|-end|p1b: Iron Hands|Quark Drive|[silent]\n|switch|p1b: Ninetales|Ninetales-Alola, L50, M|100\/100\n|-weather|Snow|[from] ability: Snow Warning|[of] p1b: Ninetales\n|move|p2a: Iron Hands|Fake Out|p1a: Annihilape\n|-damage|p1a: Annihilape|55\/100\n|move|p2b: Tornadus|Bleakwind Storm|p1b: Ninetales|[spread] p1a\n|-miss|p2b: Tornadus|p1b: Ninetales\n|-damage|p1a: Annihilape|31\/100\n|cant|p1a: Annihilape|flinch\n|\n|-weather|Snow|[upkeep]\n|-heal|p1a: Annihilape|37\/100|[from] item: Leftovers\n|upkeep\n|turn|7\n|\n|t:|1699647556\n|move|p1a: Annihilape|Protect|p1a: Annihilape\n|-singleturn|p1a: Annihilape|Protect\n|move|p2b: Tornadus|Bleakwind Storm|p1b: Ninetales|[spread] p1b\n|-activate|p1a: Annihilape|move: Protect\n|-damage|p1b: Ninetales|57\/100\n|move|p1b: Ninetales|Encore|p2a: Iron Hands\n|-start|p2a: Iron Hands|Encore\n|move|p2a: Iron Hands|Fake Out||[still]\n|-hint|Fake Out only works on your first turn out.\n|-fail|p2a: Iron Hands\n|\n|-weather|Snow|[upkeep]\n|-heal|p1a: Annihilape|43\/100|[from] item: Leftovers\n|upkeep\n|turn|8\n|\n|t:|1699647579\n|move|p2a: Iron Hands|Fake Out||[still]\n|-hint|Fake Out only works on your first turn out.\n|-fail|p2a: Iron Hands\n|move|p2b: Tornadus|Bleakwind Storm|p1b: Ninetales|[spread] p1a,p1b\n|-damage|p1a: Annihilape|16\/100\n|-damage|p1b: Ninetales|14\/100\n|move|p1b: Ninetales|Aurora Veil|p1b: Ninetales\n|-sidestart|p1: Rean412|move: Aurora Veil\n|move|p1a: Annihilape|Drain Punch|p2a: Iron Hands\n|-damage|p2a: Iron Hands|41\/100\n|-heal|p1a: Annihilape|52\/100|[from] drain|[of] p2a: Iron Hands\n|\n|-weather|Snow|[upkeep]\n|-heal|p1a: Annihilape|58\/100|[from] item: Leftovers\n|upkeep\n|turn|9\n|-message|sanik_heghog forfeited.\n|\n|win|Rean412\n|raw|Rean412's rating: 1314 &rarr; <strong>1331<\/strong><br \/>(+17 for winning)\n|raw|sanik_heghog's rating: 1263 &rarr; <strong>1242<\/strong><br \/>(-21 for losing)\n|l|\u2606sanik_heghog\n|l|\u2606Rean412\n|j|\u2606Rean412\n|player|p1|Rean412|266\n","uploadtime":1699647661,"views":18,"p1id":"rean412","p2id":"sanikheghog","formatid":"gen9vgc2023regulatione","rating":1242,"private":0,"password":""}