{"id":"gen9vgc2023regulatione-1988260421","p1":"Hadecat","p2":"bezrukiy_noob","format":"[Gen 9] VGC 2023 Regulation E","log":"|j|\u2606Hadecat\n|j|\u2606bezrukiy_noob\n|n|\u2606Hadecat|hadecat\n|n|\u2606bezrukiy_noob|bezrukiynoob\n|html|View the match progress at <a href=\"\/game-bestof3-gen9vgc2023regulatione-1988259533\">game-bestof3-gen9vgc2023regulatione-1988259533<\/a>\n|t:|1699696645\n|gametype|doubles\n|player|p1|Hadecat|veteran|\n|player|p2|bezrukiy_noob|pokekid|\n|teamsize|p1|6\n|teamsize|p2|6\n|gen|9\n|tier|[Gen 9] VGC 2023 Regulation E\n|rule|Species Clause: Limit one of each Pok\u00e9mon\n|rule|Item Clause: Limit one of each item\n|clearpoke\n|poke|p1|Bronzong, L50|\n|poke|p1|Stonjourner, L50, F|\n|poke|p1|Tatsugiri, L50, F|\n|poke|p1|Sylveon, L50, F|\n|poke|p1|Toxicroak, L50, M|\n|poke|p1|Vivillon, L50, M|\n|poke|p2|Espeon, L50, M|\n|poke|p2|Sylveon, L50, F|\n|poke|p2|Flareon, L50, M|\n|poke|p2|Vivillon-Polar, L50, M|\n|poke|p2|Vaporeon, L50, F|\n|poke|p2|Toxicroak, L50, M|\n|teampreview|4\n|inactive|Battle timer is ON: inactive players will automatically lose when time's up. (requested by bezrukiy_noob)\nHadecat has agreed to open team sheets.\n|\n|t:|1699696666\n|start\n|switch|p1a: Bronzong|Bronzong, L50|100\/100\n|switch|p1b: Sylveon|Sylveon, L50, F|100\/100\n|switch|p2a: Vivillon|Vivillon-Polar, L50, M|100\/100\n|switch|p2b: Espeon|Espeon, L50, M|100\/100\n|turn|1\n|\n|t:|1699696686\n|move|p2b: Espeon|Light Screen|p2b: Espeon\n|-sidestart|p2: bezrukiy_noob|move: Light Screen\n|move|p2a: Vivillon|Sleep Powder|p1b: Sylveon\n|-status|p1b: Sylveon|slp|[from] move: Sleep Powder\n|cant|p1b: Sylveon|slp\n|move|p1a: Bronzong|Light Screen|p1a: Bronzong\n|-sidestart|p1: Hadecat|move: Light Screen\n|\n|upkeep\n|turn|2\n|\n|t:|1699696709\n|switch|p2a: Toxicroak|Toxicroak, L50, M|100\/100\n|move|p2b: Espeon|Reflect|p2b: Espeon\n|-sidestart|p2: bezrukiy_noob|Reflect\n|cant|p1b: Sylveon|slp\n|move|p1a: Bronzong|Gyro Ball|p2b: Espeon\n|-damage|p2b: Espeon|52\/100\n|\n|upkeep\n|turn|3\n|\n|t:|1699696723\n|switch|p1b: Toxicroak|Toxicroak, L50, M|100\/100\n|move|p2b: Espeon|Dazzling Gleam|p1b: Toxicroak|[spread] p1a,p1b\n|-resisted|p1a: Bronzong\n|-damage|p1a: Bronzong|95\/100\n|-damage|p1b: Toxicroak|83\/100\n|move|p2a: Toxicroak|Poison Jab|p1b: Toxicroak\n|-resisted|p1b: Toxicroak\n|-damage|p1b: Toxicroak|44\/100\n|-damage|p2a: Toxicroak|91\/100|[from] item: Life Orb\n|move|p1a: Bronzong|Reflect|p1a: Bronzong\n|-sidestart|p1: Hadecat|Reflect\n|\n|upkeep\n|turn|4\n|inactive|Hadecat has 30 seconds left.\n|inactive|Hadecat has 20 seconds left.\n|inactive|Hadecat has 15 seconds left.\n|\n|t:|1699696765\n|move|p2b: Espeon|Dazzling Gleam|p1b: Toxicroak|[spread] p1a,p1b\n|-resisted|p1a: Bronzong\n|-damage|p1a: Bronzong|89\/100\n|-damage|p1b: Toxicroak|27\/100\n|move|p1b: Toxicroak|Brick Break|p2a: Toxicroak\n|-sideend|p2: bezrukiy_noob|Reflect\n|-sideend|p2: bezrukiy_noob|move: Light Screen\n|-resisted|p2a: Toxicroak\n|-damage|p2a: Toxicroak|59\/100\n|-damage|p1b: Toxicroak|18\/100|[from] item: Life Orb\n|move|p2a: Toxicroak|Poison Jab|p1b: Toxicroak\n|-resisted|p1b: Toxicroak\n|-damage|p1b: Toxicroak|0 fnt\n|faint|p1b: Toxicroak\n|-damage|p2a: Toxicroak|49\/100|[from] item: Life Orb\n|move|p1a: Bronzong|Gyro Ball|p2a: Toxicroak\n|-damage|p2a: Toxicroak|0 fnt\n|faint|p2a: Toxicroak\n|\n|upkeep\n|inactive|bezrukiy_noob has 30 seconds left.\n|\n|t:|1699696792\n|switch|p1b: Sylveon|Sylveon, L50, F|100\/100 slp\n|switch|p2a: Vivillon|Vivillon-Polar, L50, M|100\/100\n|turn|5\n|inactive|bezrukiy_noob has 30 seconds left.\n|\n|t:|1699696823\n|move|p2b: Espeon|Light Screen|p2b: Espeon\n|-sidestart|p2: bezrukiy_noob|move: Light Screen\n|move|p2a: Vivillon|Hurricane|p1b: Sylveon\n|-damage|p1b: Sylveon|77\/100 slp\n|-curestatus|p1b: Sylveon|slp|[msg]\n|move|p1b: Sylveon|Hyper Voice|p2a: Vivillon|[spread] p2a,p2b\n|-damage|p2a: Vivillon|49\/100\n|-damage|p2b: Espeon|19\/100\n|move|p1a: Bronzong|Gyro Ball|p2b: Espeon\n|-damage|p2b: Espeon|0 fnt\n|faint|p2b: Espeon\n|\n|-heal|p1b: Sylveon|83\/100|[from] item: Leftovers\n|upkeep\n|\n|t:|1699696826\n|switch|p2b: Sylveon|Sylveon, L50, F|100\/100\n|turn|6\n|inactive|Hadecat has 30 seconds left.\n|\n|t:|1699696858\n|-terastallize|p2b: Sylveon|Fairy\n|move|p2a: Vivillon|Sleep Powder|p1a: Bronzong\n|-status|p1a: Bronzong|slp|[from] move: Sleep Powder\n|move|p2b: Sylveon|Hyper Voice|p1a: Bronzong|[spread] p1a,p1b\n|-resisted|p1a: Bronzong\n|-damage|p1a: Bronzong|65\/100 slp\n|-damage|p1b: Sylveon|43\/100\n|move|p1b: Sylveon|Hyper Voice|p2b: Sylveon|[spread] p2a,p2b\n|-damage|p2a: Vivillon|0 fnt\n|-damage|p2b: Sylveon|78\/100\n|faint|p2a: Vivillon\n|cant|p1a: Bronzong|slp\n|\n|-heal|p1b: Sylveon|49\/100|[from] item: Leftovers\n|upkeep\n|turn|7\n|\n|t:|1699696878\n|move|p2b: Sylveon|Hyper Voice|p1a: Bronzong|[spread] p1a,p1b\n|-resisted|p1a: Bronzong\n|-crit|p1b: Sylveon\n|-damage|p1a: Bronzong|37\/100 slp\n|-damage|p1b: Sylveon|0 fnt\n|faint|p1b: Sylveon\n|cant|p1a: Bronzong|slp\n|\n|upkeep\n|\n|t:|1699696881\n|switch|p1b: Tatsugiri|Tatsugiri, L50, F|100\/100\n|turn|8\n|\n|t:|1699696895\n|move|p1b: Tatsugiri|Muddy Water|p2b: Sylveon\n|-damage|p2b: Sylveon|54\/100\n|move|p2b: Sylveon|Hyper Voice|p1b: Tatsugiri|[spread] p1a,p1b\n|-resisted|p1a: Bronzong\n|-supereffective|p1b: Tatsugiri\n|-damage|p1a: Bronzong|11\/100 slp\n|-damage|p1b: Tatsugiri|0 fnt\n|faint|p1b: Tatsugiri\n|cant|p1a: Bronzong|slp\n|\n|-sideend|p1: Hadecat|move: Light Screen\n|upkeep\n|turn|9\n|c|\u2606bezrukiy_noob|\u0413\u0433.\n|c|\u2606Hadecat|\u0433\u0433\n|\n|t:|1699696911\n|move|p2b: Sylveon|Hyper Voice|p1a: Bronzong\n|-resisted|p1a: Bronzong\n|-damage|p1a: Bronzong|0 fnt\n|faint|p1a: Bronzong\n|\n|win|bezrukiy_noob\n","uploadtime":1699696921,"views":24,"p1id":"hadecat","p2id":"bezrukiynoob","formatid":"gen9vgc2023regulatione","rating":0,"private":0,"password":""}