{"id":"gen9vgc2023regulatione-1993573060","p1":"Jard13255","p2":"Zonnoz","format":"[Gen 9] VGC 2023 Regulation E","log":"|j|\u2606Jard13255\n|j|\u2606Zonnoz\n|t:|1700333198\n|gametype|doubles\n|player|p1|Jard13255|102|1173\n|player|p2|Zonnoz|1|1263\n|teamsize|p1|6\n|teamsize|p2|6\n|gen|9\n|tier|[Gen 9] VGC 2023 Regulation E\n|rated|\n|rule|Species Clause: Limit one of each Pok\u00e9mon\n|rule|Item Clause: Limit one of each item\n|clearpoke\n|poke|p1|Gyarados, L50, F|\n|poke|p1|Garganacl, L50, F|\n|poke|p1|Sinistcha, L50|\n|poke|p1|Iron Hands, L50|\n|poke|p1|Grimmsnarl, L50, M|\n|poke|p1|Glimmora, L50, F|\n|poke|p2|Urshifu-*, L50, M|\n|poke|p2|Scizor, L50, M|\n|poke|p2|Sableye, L50, F|\n|poke|p2|Iron Valiant, L50|\n|poke|p2|Arcanine, L50, F|\n|poke|p2|Tornadus, L50, M|\n|teampreview|4\n|inactive|Battle timer is ON: inactive players will automatically lose when time's up. (requested by Zonnoz)\nJard13255 has agreed to open team sheets.\n|inactive|Jard13255 has 60 seconds left.\n|inactive|Zonnoz has 60 seconds left.\n|\n|t:|1700333254\n|start\n|switch|p1a: Iron Hands|Iron Hands, L50|100\/100\n|switch|p1b: Glimmora|Glimmora, L50, F|100\/100\n|switch|p2a: Sableye|Sableye, L50, F|100\/100\n|switch|p2b: Iron Valiant|Iron Valiant, L50, shiny|100\/100\n|-enditem|p2b: Iron Valiant|Booster Energy\n|-activate|p2b: Iron Valiant|ability: Quark Drive|[fromitem]\n|-start|p2b: Iron Valiant|quarkdrivespe\n|turn|1\n|\n|t:|1700333278\n|-terastallize|p2b: Iron Valiant|Steel\n|move|p1a: Iron Hands|Fake Out|p2b: Iron Valiant\n|-resisted|p2b: Iron Valiant\n|-damage|p2b: Iron Valiant|92\/100\n|move|p2a: Sableye|Gravity|p2a: Sableye\n|-fieldstart|move: Gravity\n|cant|p2b: Iron Valiant|flinch\n|move|p1b: Glimmora|Mortal Spin|p2a: Sableye|[spread] p2a\n|-immune|p2b: Iron Valiant\n|-resisted|p2a: Sableye\n|-damage|p2a: Sableye|98\/100\n|-status|p2a: Sableye|psn\n|\n|-damage|p2a: Sableye|86\/100 psn|[from] psn\n|upkeep\n|turn|2\n|\n|t:|1700333301\n|move|p1a: Iron Hands|Protect|p1a: Iron Hands\n|-singleturn|p1a: Iron Hands|Protect\n|move|p2a: Sableye|Encore|p1a: Iron Hands\n|-activate|p1a: Iron Hands|move: Protect\n|move|p2b: Iron Valiant|Hypnosis|p1b: Glimmora\n|-status|p1b: Glimmora|slp|[from] move: Hypnosis\n|cant|p1b: Glimmora|slp\n|\n|-damage|p2a: Sableye|74\/100 psn|[from] psn\n|upkeep\n|turn|3\n|inactive|Jard13255 has 30 seconds left.\n|inactive|Jard13255 has 20 seconds left.\n|inactive|Jard13255 has 15 seconds left.\n|inactive|Jard13255 has 10 seconds left.\n|inactive|Jard13255 has 5 seconds left.\n|\n|t:|1700333352\n|move|p2a: Sableye|Encore|p1a: Iron Hands\n|-start|p1a: Iron Hands|Encore\n|move|p2b: Iron Valiant|Moonblast|p1a: Iron Hands\n|-supereffective|p1a: Iron Hands\n|-damage|p1a: Iron Hands|35\/100\n|cant|p1b: Glimmora|slp\n|move|p1a: Iron Hands|Protect||[still]\n|-fail|p1a: Iron Hands\n|\n|-damage|p2a: Sableye|62\/100 psn|[from] psn\n|upkeep\n|turn|4\n|\n|t:|1700333372\n|-end|p2b: Iron Valiant|Quark Drive|[silent]\n|switch|p2b: Arcanine|Arcanine, L50, F, shiny|100\/100\n|-ability|p2b: Arcanine|Intimidate|boost\n|-unboost|p1a: Iron Hands|atk|1\n|-unboost|p1b: Glimmora|atk|1\n|switch|p2a: Urshifu|Urshifu, L50, M|100\/100\n|move|p1a: Iron Hands|Protect|p1a: Iron Hands\n|-singleturn|p1a: Iron Hands|Protect\n|cant|p1b: Glimmora|slp\n|\n|upkeep\n|turn|5\n|inactive|Jard13255 has 30 seconds left.\n|\n|t:|1700333402\n|-end|p1a: Iron Hands|Quark Drive|[silent]\n|switch|p1a: Gyarados|Gyarados, L50, F|100\/100\n|-ability|p1a: Gyarados|Intimidate|boost\n|-unboost|p2a: Urshifu|atk|1\n|-unboost|p2b: Arcanine|atk|1\n|move|p2a: Urshifu|Wicked Blow|p1b: Glimmora\n|-crit|p1b: Glimmora\n|-damage|p1b: Glimmora|35\/100 slp\n|-activate|p1b: Glimmora|ability: Toxic Debris\n|-sidestart|p2: Zonnoz|move: Toxic Spikes\n|move|p2b: Arcanine|Flame Charge|p1a: Gyarados\n|-resisted|p1a: Gyarados\n|-damage|p1a: Gyarados|95\/100\n|-boost|p2b: Arcanine|spe|1\n|-curestatus|p1b: Glimmora|slp|[msg]\n|move|p1b: Glimmora|Mortal Spin|p2b: Arcanine|[spread] p2a,p2b\n|-damage|p2a: Urshifu|98\/100\n|-damage|p2b: Arcanine|98\/100\n|-status|p2a: Urshifu|psn\n|-status|p2b: Arcanine|psn\n|\n|-damage|p2a: Urshifu|86\/100 psn|[from] psn\n|-damage|p2b: Arcanine|86\/100 psn|[from] psn\n|-fieldend|move: Gravity\n|upkeep\n|turn|6\n|inactive|Jard13255 has 30 seconds left.\n|inactive|Zonnoz has 30 seconds left.\n|inactive|Jard13255 has 20 seconds left.\n|inactive|Jard13255 has 15 seconds left.\n|inactive|Jard13255 has 10 seconds left.\n|\n|t:|1700333451\n|move|p2a: Urshifu|Wicked Blow|p1a: Gyarados\n|-crit|p1a: Gyarados\n|-damage|p1a: Gyarados|38\/100\n|move|p2b: Arcanine|Snarl|p1a: Gyarados|[spread] p1a,p1b\n|-damage|p1a: Gyarados|31\/100\n|-damage|p1b: Glimmora|29\/100\n|-unboost|p1a: Gyarados|spa|1\n|-unboost|p1b: Glimmora|spa|1\n|move|p1b: Glimmora|Venoshock|p2a: Urshifu\n|-damage|p2a: Urshifu|22\/100 psn\n|move|p1a: Gyarados|Waterfall|p2a: Urshifu\n|-damage|p2a: Urshifu|0 fnt\n|faint|p2a: Urshifu\n|\n|-damage|p2b: Arcanine|74\/100 psn|[from] psn\n|upkeep\n|\n|t:|1700333468\n|switch|p2a: Sableye|Sableye, L50, F|62\/100 psn\n|turn|7\n|\n|t:|1700333490\n|switch|p1b: Sinistcha|Sinistcha, L50|100\/100\n|-heal|p1a: Gyarados|55\/100|[from] ability: Hospitality|[of] p1b: Sinistcha\n|move|p2a: Sableye|Fake Out|p1a: Gyarados\n|-damage|p1a: Gyarados|48\/100\n|move|p2b: Arcanine|Flare Blitz|p1b: Sinistcha\n|-supereffective|p1b: Sinistcha\n|-damage|p1b: Sinistcha|43\/100\n|-damage|p2b: Arcanine|58\/100 psn|[from] item: Rocky Helmet|[of] p1b: Sinistcha\n|-damage|p2b: Arcanine|41\/100 psn|[from] Recoil\n|cant|p1a: Gyarados|flinch\n|\n|-damage|p2b: Arcanine|28\/100 psn|[from] psn\n|-damage|p2a: Sableye|50\/100 psn|[from] psn\n|upkeep\n|turn|8\n|inactive|Jard13255 has 30 seconds left.\n|inactive|Zonnoz has 30 seconds left.\n|\n|t:|1700333520\n|move|p2a: Sableye|Helping Hand|p2b: Arcanine\n|-singleturn|p2b: Arcanine|Helping Hand|[of] p2a: Sableye\n|move|p1b: Sinistcha|Protect|p1b: Sinistcha\n|-singleturn|p1b: Sinistcha|Protect\n|move|p2b: Arcanine|Flare Blitz|p1b: Sinistcha\n|-activate|p1b: Sinistcha|move: Protect\n|move|p1a: Gyarados|Waterfall|p2b: Arcanine\n|-supereffective|p2b: Arcanine\n|-damage|p2b: Arcanine|0 fnt\n|faint|p2b: Arcanine\n|\n|-damage|p2a: Sableye|39\/100 psn|[from] psn\n|upkeep\n|\n|t:|1700333534\n|switch|p2b: Iron Valiant|Iron Valiant, L50, shiny, tera:Steel|92\/100\n|turn|9\n|inactive|Jard13255 has 30 seconds left.\n|\n|t:|1700333564\n|move|p2a: Sableye|Encore|p1b: Sinistcha\n|-start|p1b: Sinistcha|Encore\n|move|p2b: Iron Valiant|Moonblast|p1a: Gyarados\n|-damage|p1a: Gyarados|10\/100\n|-enditem|p1a: Gyarados|Aguav Berry|[eat]\n|-heal|p1a: Gyarados|44\/100|[from] item: Aguav Berry\n|move|p1a: Gyarados|Taunt|p2a: Sableye\n|-start|p2a: Sableye|move: Taunt\n|-enditem|p2a: Sableye|Mental Herb\n|-end|p2a: Sableye|move: Taunt\n|move|p1b: Sinistcha|Protect||[still]\n|-fail|p1b: Sinistcha\n|\n|-damage|p2a: Sableye|27\/100 psn|[from] psn\n|upkeep\n|turn|10\n|\n|t:|1700333587\n|move|p2a: Sableye|Helping Hand|p2b: Iron Valiant\n|-singleturn|p2b: Iron Valiant|Helping Hand|[of] p2a: Sableye\n|move|p1a: Gyarados|Protect|p1a: Gyarados\n|-singleturn|p1a: Gyarados|Protect\n|move|p1b: Sinistcha|Protect|p1b: Sinistcha\n|-singleturn|p1b: Sinistcha|Protect\n|move|p2b: Iron Valiant|Moonblast|p1a: Gyarados\n|-activate|p1a: Gyarados|move: Protect\n|\n|-damage|p2a: Sableye|15\/100 psn|[from] psn\n|upkeep\n|turn|11\n|\n|t:|1700333605\n|switch|p1a: Glimmora|Glimmora, L50, F|29\/100\n|switch|p1b: Iron Hands|Iron Hands, L50|35\/100\n|move|p2a: Sableye|Helping Hand|p2b: Iron Valiant\n|-singleturn|p2b: Iron Valiant|Helping Hand|[of] p2a: Sableye\n|move|p2b: Iron Valiant|Moonblast|p1a: Glimmora\n|-resisted|p1a: Glimmora\n|-crit|p1a: Glimmora\n|-damage|p1a: Glimmora|0 fnt\n|faint|p1a: Glimmora\n|\n|-damage|p2a: Sableye|3\/100 psn|[from] psn\n|upkeep\n|inactive|Jard13255 has 30 seconds left.\n|\n|t:|1700333632\n|switch|p1a: Sinistcha|Sinistcha, L50|43\/100\n|-heal|p1b: Iron Hands|60\/100|[from] ability: Hospitality|[of] p1a: Sinistcha\n|turn|12\n|\n|t:|1700333645\n|move|p1b: Iron Hands|Fake Out|p2b: Iron Valiant\n|-resisted|p2b: Iron Valiant\n|-damage|p2b: Iron Valiant|83\/100\n|move|p2a: Sableye|Gravity|p2a: Sableye\n|-fieldstart|move: Gravity\n|cant|p2b: Iron Valiant|flinch\n|move|p1a: Sinistcha|Hex|p2b: Iron Valiant\n|-damage|p2b: Iron Valiant|38\/100\n|\n|-damage|p2a: Sableye|0 fnt|[from] psn\n|faint|p2a: Sableye\n|upkeep\n|turn|13\n|\n|t:|1700333663\n|move|p2b: Iron Valiant|Hypnosis|p1b: Iron Hands\n|-status|p1b: Iron Hands|slp|[from] move: Hypnosis\n|move|p1a: Sinistcha|Hex|p2b: Iron Valiant\n|-damage|p2b: Iron Valiant|0 fnt\n|faint|p2b: Iron Valiant\n|-end|p2b: Iron Valiant|Quark Drive|[silent]\n|\n|win|Jard13255\n|raw|Jard13255's rating: 1173 &rarr; <strong>1204<\/strong><br \/>(+31 for winning)\n|raw|Zonnoz's rating: 1263 &rarr; <strong>1232<\/strong><br \/>(-31 for losing)\n|l|\u2606Zonnoz\n","uploadtime":1700333677,"views":16,"p1id":"jard13255","p2id":"zonnoz","formatid":"gen9vgc2023regulatione","rating":1204,"private":0,"password":""}