{"id":"gen9vgc2023regulatione-1993594988","p1":"foiledfeline","p2":"J4ce","format":"[Gen 9] VGC 2023 Regulation E","log":"|j|\u2606foiledfeline\n|j|\u2606J4ce\n|n|\u2606foiledfeline|foiledfeline\n|n|\u2606J4ce|j4ce\n|html|View the match progress at <a href=\"\/game-bestof3-gen9vgc2023regulatione-1993590670\">game-bestof3-gen9vgc2023regulatione-1993590670<\/a>\n|t:|1700335568\n|gametype|doubles\n|player|p1|foiledfeline|steven|\n|player|p2|J4ce|sordward|\n|teamsize|p1|6\n|teamsize|p2|6\n|gen|9\n|tier|[Gen 9] VGC 2023 Regulation E\n|rule|Species Clause: Limit one of each Pok\u00e9mon\n|rule|Item Clause: Limit one of each item\n|clearpoke\n|poke|p1|Goodra-Hisui, L50, F|\n|poke|p1|Bronzong, L50|\n|poke|p1|Typhlosion, L50, M|\n|poke|p1|Dachsbun, L50, M|\n|poke|p1|Decidueye, L50, M|\n|poke|p1|Ursaluna-Bloodmoon, L50, M|\n|poke|p2|Thundurus, L50, M|\n|poke|p2|Dragonite, L50, M|\n|poke|p2|Arcanine, L50, M|\n|poke|p2|Wo-Chien, L50|\n|poke|p2|Slowking, L50, M|\n|poke|p2|Spinarak, L50, M|\n|teampreview|4\nfoiledfeline has agreed to open team sheets.\nJ4ce rejected open team sheets.\n|c|\u2606J4ce|lol\n|c|\u2606J4ce|glhf!\n|c|\u2606foiledfeline|whoops habit lol\n|c|\u2606foiledfeline|glhf!\n|\n|t:|1700335661\n|start\n|switch|p1a: Trick Room|Bronzong, L50, shiny|100\/100\n|switch|p1b: Eruption|Typhlosion, L50, M, shiny|100\/100\n|switch|p2a: Thundercat|Thundurus, L50, M|100\/100\n|switch|p2b: Faust Arc|Arcanine, L50, M|100\/100\n|turn|1\n|\n|t:|1700335721\n|switch|p1b: Blood Moon|Ursaluna-Bloodmoon, L50, M|100\/100\n|-terastallize|p2b: Faust Arc|Ghost\n|-terastallize|p1a: Trick Room|Dark\n|move|p2a: Thundercat|Fling|p1a: Trick Room\n|-resisted|p1a: Trick Room\n|-damage|p1a: Trick Room|98\/100\n|-enditem|p2a: Thundercat|King's Rock|[from] move: Fling\n|move|p2b: Faust Arc|Tera Blast|p1b: Blood Moon|[anim] Tera Blast Ghost\n|-immune|p1b: Blood Moon\n|cant|p1a: Trick Room|flinch\n|\n|upkeep\n|turn|2\n|\n|t:|1700335764\n|move|p2a: Thundercat|Focus Blast|p1b: Blood Moon\n|-supereffective|p1b: Blood Moon\n|-damage|p1b: Blood Moon|4\/100\n|move|p1b: Blood Moon|Hyper Voice|p2a: Thundercat|[spread] p2a,p2b\n|-damage|p2a: Thundercat|23\/100\n|-damage|p2b: Faust Arc|39\/100\n|move|p2b: Faust Arc|Roar|p1a: Trick Room\n|drag|p1a: Body Press|Dachsbun, L50, M|100\/100\n|\n|upkeep\n|turn|3\n|\n|t:|1700335797\n|move|p2a: Thundercat|Thunderbolt|p1a: Body Press\n|-damage|p1a: Body Press|53\/100\n|move|p2b: Faust Arc|Heat Crash|p1b: Blood Moon\n|-damage|p1b: Blood Moon|0 fnt\n|faint|p1b: Blood Moon\n|move|p1a: Body Press|Stomping Tantrum|p2b: Faust Arc\n|-crit|p2b: Faust Arc\n|-damage|p2b: Faust Arc|16\/100\n|\n|-heal|p1a: Body Press|59\/100|[from] item: Leftovers\n|upkeep\n|c|\u2606J4ce|FOILED\n|\n|t:|1700335811\n|switch|p1b: Eruption|Typhlosion, L50, M, shiny|100\/100\n|turn|4\n|c|\u2606J4ce|NO MORE CRITS PLS AHAHA\n|\n|t:|1700335882\n|move|p2a: Thundercat|Thunder Wave|p1b: Eruption\n|-status|p1b: Eruption|par\n|move|p2b: Faust Arc|Tera Blast|p1b: Eruption|[anim] Tera Blast Ghost\n|-damage|p1b: Eruption|52\/100 par\n|move|p1a: Body Press|Stomping Tantrum|p2b: Faust Arc\n|-damage|p2b: Faust Arc|0 fnt\n|faint|p2b: Faust Arc\n|move|p1b: Eruption|Lava Plume|p2a: Thundercat|[spread] p2a\n|-ability|p1a: Body Press|Well-Baked Body|boost\n|-boost|p1a: Body Press|def|2\n|-damage|p2a: Thundercat|0 fnt\n|faint|p2a: Thundercat\n|\n|-heal|p1a: Body Press|65\/100|[from] item: Leftovers\n|upkeep\n|\n|t:|1700335893\n|switch|p2a: Spintrovert|Spinarak, L50, M|100\/100\n|switch|p2b: Wo Surprises|Wo-Chien, L50|100\/100\n|-ability|p2b: Wo Surprises|Tablets of Ruin\n|turn|5\n|c|\u2606J4ce|gg lol\n|\n|t:|1700335968\n|move|p1a: Body Press|Yawn|p2a: Spintrovert\n|-immune|p2a: Spintrovert|[from] ability: Insomnia\n|move|p1b: Eruption|Lava Plume|p2a: Spintrovert|[spread] p2a,p2b\n|-ability|p1a: Body Press|Well-Baked Body|boost\n|-boost|p1a: Body Press|def|2\n|-supereffective|p2a: Spintrovert\n|-supereffective|p2b: Wo Surprises\n|-enditem|p2a: Spintrovert|Focus Sash\n|-damage|p2a: Spintrovert|1\/100\n|-damage|p2b: Wo Surprises|68\/100\n|move|p2b: Wo Surprises|Giga Drain|p1a: Body Press\n|-damage|p1a: Body Press|41\/100\n|-heal|p2b: Wo Surprises|79\/100|[from] drain|[of] p1a: Body Press\n|move|p2a: Spintrovert|String Shot|p1a: Body Press|[spread] p1a,p1b\n|-unboost|p1a: Body Press|spe|2\n|-unboost|p1b: Eruption|spe|2\n|\n|-heal|p1a: Body Press|47\/100|[from] item: Leftovers\n|upkeep\n|turn|6\n|\n|t:|1700336020\n|move|p1a: Body Press|Protect|p1a: Body Press\n|-singleturn|p1a: Body Press|Protect\n|move|p2a: Spintrovert|Shadow Sneak|p1a: Body Press\n|-activate|p1a: Body Press|move: Protect\n|move|p2b: Wo Surprises|Leaf Storm|p1a: Body Press\n|-activate|p1a: Body Press|move: Protect\n|cant|p1b: Eruption|par\n|\n|-heal|p1a: Body Press|53\/100|[from] item: Leftovers\n|upkeep\n|turn|7\n|\n|t:|1700336066\n|move|p2a: Spintrovert|Rage Powder|p2a: Spintrovert\n|-singleturn|p2a: Spintrovert|move: Rage Powder\n|move|p2b: Wo Surprises|Leaf Storm|p1a: Body Press|[miss]\n|-miss|p2b: Wo Surprises|p1a: Body Press\n|move|p1a: Body Press|Body Press|p2a: Spintrovert\n|-resisted|p2a: Spintrovert\n|-damage|p2a: Spintrovert|0 fnt\n|faint|p2a: Spintrovert\n|move|p1b: Eruption|Lava Plume|p2b: Wo Surprises|[spread] p2b\n|-ability|p1a: Body Press|Well-Baked Body|boost\n|-boost|p1a: Body Press|def|2\n|-supereffective|p2b: Wo Surprises\n|-damage|p2b: Wo Surprises|46\/100\n|\n|-heal|p1a: Body Press|59\/100|[from] item: Leftovers\n|upkeep\n|turn|8\n|\n|t:|1700336085\n|move|p2b: Wo Surprises|Leaf Storm|p1a: Body Press\n|-damage|p1a: Body Press|20\/100\n|-unboost|p2b: Wo Surprises|spa|2\n|move|p1a: Body Press|Body Press|p2b: Wo Surprises\n|-supereffective|p2b: Wo Surprises\n|-damage|p2b: Wo Surprises|0 fnt\n|faint|p2b: Wo Surprises\n|\n|win|foiledfeline\n|c|\u2606foiledfeline|ggs\n|c|\u2606J4ce|gg!\n","uploadtime":1700336163,"views":40,"p1id":"foiledfeline","p2id":"j4ce","formatid":"gen9vgc2023regulatione","rating":0,"private":0,"password":""}