{"id":"gen9vgc2023regulatione-1999997309","p1":"GravityPen","p2":"hotdogwater2769","format":"[Gen 9] VGC 2023 Regulation E","log":"|j|\u2606GravityPen\n|j|\u2606hotdogwater2769\n|t:|1701139220\n|gametype|doubles\n|player|p1|GravityPen|101|1187\n|player|p2|hotdogwater2769|266|1135\n|teamsize|p1|6\n|teamsize|p2|6\n|gen|9\n|tier|[Gen 9] VGC 2023 Regulation E\n|rated|\n|rule|Species Clause: Limit one of each Pok\u00e9mon\n|rule|Item Clause: Limit one of each item\n|clearpoke\n|poke|p1|Ogerpon-Wellspring, L50, F|\n|poke|p1|Iron Hands, L50|\n|poke|p1|Chien-Pao, L50|\n|poke|p1|Farigiraf, L50, M|\n|poke|p1|Volcarona, L50, M|\n|poke|p1|Ursaluna, L50, M|\n|poke|p2|Urshifu-*, L50, F|\n|poke|p2|Gholdengo, L50|\n|poke|p2|Ogerpon-Wellspring, L50, F|\n|poke|p2|Brambleghast, L50, M|\n|poke|p2|Landorus-Therian, L50, M|\n|poke|p2|Tornadus, L50, M|\n|teampreview|4\n|inactive|Battle timer is ON: inactive players will automatically lose when time's up. (requested by hotdogwater2769)\n|c|\u2606GravityPen|glhf\n|c|\u2606hotdogwater2769|glhf\n|inactive|hotdogwater2769 has 60 seconds left.\n|inactive|hotdogwater2769 has 30 seconds left.\n|\n|t:|1701139289\n|start\n|switch|p1a: Volcarona|Volcarona, L50, M|100\/100\n|switch|p1b: Iron Hands|Iron Hands, L50|100\/100\n|switch|p2a: Landorus|Landorus-Therian, L50, M|100\/100\n|switch|p2b: Ogerpon|Ogerpon-Wellspring, L50, F|100\/100\n|-ability|p2a: Landorus|Intimidate|boost\n|-unboost|p1a: Volcarona|atk|1\n|-unboost|p1b: Iron Hands|atk|1\n|turn|1\n|inactive|hotdogwater2769 has 30 seconds left.\n|inactive|hotdogwater2769 has 20 seconds left.\n|\n|t:|1701139325\n|switch|p2a: Tornadus|Tornadus, L50, M|100\/100\n|-terastallize|p1a: Volcarona|Grass\n|move|p1b: Iron Hands|Fake Out|p2a: Tornadus\n|-damage|p2a: Tornadus|88\/100\n|-damage|p1b: Iron Hands|84\/100|[from] item: Rocky Helmet|[of] p2a: Tornadus\n|move|p2b: Ogerpon|Ivy Cudgel|p1a: Volcarona|[anim] Ivy Cudgel Water\n|-resisted|p1a: Volcarona\n|-crit|p1a: Volcarona\n|-damage|p1a: Volcarona|32\/100\n|move|p1a: Volcarona|Quiver Dance|p1a: Volcarona\n|-boost|p1a: Volcarona|spa|1\n|-boost|p1a: Volcarona|spd|1\n|-boost|p1a: Volcarona|spe|1\n|\n|upkeep\n|turn|2\n|inactive|hotdogwater2769 has 30 seconds left.\n|\n|t:|1701139351\n|-terastallize|p2b: Ogerpon|Water\n|detailschange|p2b: Ogerpon|Ogerpon-Wellspring-Tera, L50, F, tera:Water\n|-ability|p2b: Ogerpon|Embody Aspect (Wellspring)|boost\n|-boost|p2b: Ogerpon|spd|1\n|move|p2a: Tornadus|Tailwind|p2a: Tornadus\n|-sidestart|p2: hotdogwater2769|move: Tailwind\n|move|p2b: Ogerpon|Ivy Cudgel|p1a: Volcarona|[anim] Ivy Cudgel Water\n|-resisted|p1a: Volcarona\n|-damage|p1a: Volcarona|0 fnt\n|faint|p1a: Volcarona\n|move|p1b: Iron Hands|Wild Charge|p2a: Tornadus\n|-supereffective|p2a: Tornadus\n|-damage|p2a: Tornadus|11\/100\n|-damage|p1b: Iron Hands|68\/100|[from] item: Rocky Helmet|[of] p2a: Tornadus\n|-damage|p1b: Iron Hands|55\/100|[from] Recoil\n|\n|upkeep\n|\n|t:|1701139368\n|switch|p1a: Ogerpon|Ogerpon-Wellspring, L50, F|100\/100\n|turn|3\n|\n|t:|1701139390\n|move|p2a: Tornadus|Bleakwind Storm|p1a: Ogerpon|[spread] p1a,p1b\n|-supereffective|p1a: Ogerpon\n|-damage|p1a: Ogerpon|30\/100\n|-damage|p1b: Iron Hands|37\/100\n|-unboost|p1b: Iron Hands|spe|1\n|move|p2b: Ogerpon|Ivy Cudgel|p1b: Iron Hands|[anim] Ivy Cudgel Water\n|-damage|p1b: Iron Hands|0 fnt\n|faint|p1b: Iron Hands\n|-end|p1b: Iron Hands|Quark Drive|[silent]\n|move|p1a: Ogerpon|Horn Leech|p2b: Ogerpon\n|-supereffective|p2b: Ogerpon\n|-damage|p2b: Ogerpon|0 fnt\n|-heal|p1a: Ogerpon|88\/100|[from] drain|[of] p2b: Ogerpon\n|faint|p2b: Ogerpon\n|\n|upkeep\n|\n|t:|1701139406\n|switch|p2b: Landorus|Landorus-Therian, L50, M|100\/100\n|switch|p1b: Chien-Pao|Chien-Pao, L50|100\/100\n|-ability|p2b: Landorus|Intimidate|boost\n|-unboost|p1a: Ogerpon|atk|1\n|-unboost|p1b: Chien-Pao|atk|1\n|-ability|p1b: Chien-Pao|Sword of Ruin\n|turn|4\n|\n|t:|1701139430\n|move|p1a: Ogerpon|Follow Me|p1a: Ogerpon\n|-singleturn|p1a: Ogerpon|move: Follow Me\n|move|p2a: Tornadus|Bleakwind Storm|p1b: Chien-Pao|[spread] p1b\n|-miss|p2a: Tornadus|p1a: Ogerpon\n|-damage|p1b: Chien-Pao|50\/100\n|-unboost|p1b: Chien-Pao|spe|1\n|move|p2b: Landorus|U-turn|p1a: Ogerpon\n|-supereffective|p1a: Ogerpon\n|-damage|p1a: Ogerpon|0 fnt\n|faint|p1a: Ogerpon\n|\n|t:|1701139439\n|switch|p2b: Urshifu|Urshifu-Rapid-Strike, L50, F|100\/100|[from] U-turn\n|move|p1b: Chien-Pao|Ice Spinner|p2a: Tornadus\n|-supereffective|p2a: Tornadus\n|-damage|p2a: Tornadus|0 fnt\n|-damage|p1b: Chien-Pao|33\/100|[from] item: Rocky Helmet|[of] p2a: Tornadus\n|faint|p2a: Tornadus\n|\n|upkeep\n|\n|t:|1701139446\n|switch|p2a: Landorus|Landorus-Therian, L50, M|100\/100\n|-ability|p2a: Landorus|Intimidate|boost\n|-unboost|p1b: Chien-Pao|atk|1\n|turn|5\n|\n|t:|1701139456\n|move|p2b: Urshifu|Surging Strikes|p1b: Chien-Pao\n|-crit|p1b: Chien-Pao\n|-damage|p1b: Chien-Pao|0 fnt\n|faint|p1b: Chien-Pao\n|-hitcount|p1: Chien-Pao|1\n|-damage|p2b: Urshifu|91\/100|[from] item: Life Orb\n|\n|win|hotdogwater2769\n|raw|GravityPen's rating: 1187 &rarr; <strong>1158<\/strong><br \/>(-29 for losing)\n|raw|hotdogwater2769's rating: 1135 &rarr; <strong>1164<\/strong><br \/>(+29 for winning)\n|c|\u2606hotdogwater2769|gg\n|l|\u2606GravityPen\n|l|\u2606hotdogwater2769\n","uploadtime":1701139463,"views":11,"p1id":"gravitypen","p2id":"hotdogwater2769","formatid":"gen9vgc2023regulatione","rating":1158,"private":0,"password":""}