{"id":"gen9vgc2023regulatione-1988052764","p1":"kpld","p2":"ObinWanKenobi","format":"[Gen 9] VGC 2023 Regulation E","log":"|j|\u203dkpld\n|j|\u2606ObinWanKenobi\n|t:|1699663746\n|gametype|doubles\n|player|p1|kpld|veteran|1288\n|player|p2|ObinWanKenobi|2|1188\n|teamsize|p1|6\n|teamsize|p2|6\n|gen|9\n|tier|[Gen 9] VGC 2023 Regulation E\n|rated|\n|rule|Species Clause: Limit one of each Pok\u00e9mon\n|rule|Item Clause: Limit one of each item\n|clearpoke\n|poke|p1|Indeedee-F, L50, F|\n|poke|p1|Armarouge, L50, M|\n|poke|p1|Torkoal, L50, F|\n|poke|p1|Arcanine-Hisui, L50, F|\n|poke|p1|Lilligant-Hisui, L50, F|\n|poke|p1|Iron Bundle, L50|\n|poke|p2|Tornadus, L50, M|\n|poke|p2|Urshifu-*, L50, F|\n|poke|p2|Chien-Pao, L50|\n|poke|p2|Clefairy, L50, F|\n|poke|p2|Rillaboom, L50, F|\n|poke|p2|Arcanine-Hisui, L50, F|\n|teampreview|4\n|inactive|Battle timer is ON: inactive players will automatically lose when time's up. (requested by kpld)\n|inactive|kpld has 60 seconds left.\n|\n|t:|1699663780\n|start\n|switch|p1a: Indeedee|Indeedee-F, L50, F|100\/100\n|switch|p1b: Armarouge|Armarouge, L50, M|100\/100\n|switch|p2a: Cloud9 Store|Tornadus, L50, M, shiny|100\/100\n|switch|p2b: KittenOfRuin|Chien-Pao, L50|100\/100\n|-ability|p2b: KittenOfRuin|Sword of Ruin\n|-fieldstart|move: Psychic Terrain|[from] ability: Psychic Surge|[of] p1a: Indeedee\n|turn|1\n|\n|t:|1699663799\n|move|p1a: Indeedee|Follow Me|p1a: Indeedee\n|-singleturn|p1a: Indeedee|move: Follow Me\n|move|p2b: KittenOfRuin|Ice Spinner|p1a: Indeedee\n|-damage|p1a: Indeedee|29\/100\n|-damage|p2b: KittenOfRuin|84\/100|[from] item: Rocky Helmet|[of] p1a: Indeedee\n|-fieldend|move: Psychic Terrain\n|-damage|p2b: KittenOfRuin|74\/100|[from] item: Life Orb\n|move|p2a: Cloud9 Store|Bleakwind Storm|p1b: Armarouge|[spread] p1a,p1b\n|-damage|p1a: Indeedee|0 fnt\n|-damage|p1b: Armarouge|66\/100\n|faint|p1a: Indeedee\n|move|p1b: Armarouge|Trick Room|p1b: Armarouge\n|-fieldstart|move: Trick Room|[of] p1b: Armarouge\n|\n|upkeep\n|\n|t:|1699663808\n|switch|p1a: Torkoal|Torkoal, L50, F|100\/100\n|-weather|SunnyDay|[from] ability: Drought|[of] p1a: Torkoal\n|turn|2\n|\n|t:|1699663829\n|-terastallize|p2b: KittenOfRuin|Poison\n|move|p2a: Cloud9 Store|Rain Dance|p2a: Cloud9 Store\n|-weather|RainDance\n|move|p1a: Torkoal|Heat Wave|p2a: Cloud9 Store|[spread] p2a,p2b\n|-damage|p2a: Cloud9 Store|79\/100\n|-damage|p2b: KittenOfRuin|44\/100\n|-damage|p1a: Torkoal|91\/100|[from] item: Life Orb\n|move|p1b: Armarouge|Expanding Force|p2a: Cloud9 Store\n|-damage|p2a: Cloud9 Store|29\/100\n|move|p2b: KittenOfRuin|Crunch|p1b: Armarouge\n|-supereffective|p1b: Armarouge\n|-damage|p1b: Armarouge|0 fnt\n|faint|p1b: Armarouge\n|-damage|p2b: KittenOfRuin|34\/100|[from] item: Life Orb\n|\n|-weather|RainDance|[upkeep]\n|upkeep\n|\n|t:|1699663840\n|switch|p1b: Arcanine|Arcanine-Hisui, L50, F|100\/100\n|turn|3\n|\n|t:|1699663863\n|switch|p2b: Arcanine|Arcanine-Hisui, L50, F|100\/100\n|-ability|p2b: Arcanine|Intimidate|boost\n|-unboost|p1a: Torkoal|atk|1\n|-unboost|p1b: Arcanine|atk|1\n|move|p2a: Cloud9 Store|Swagger|p1a: Torkoal\n|-boost|p1a: Torkoal|atk|2\n|-enditem|p2b: Arcanine|Mirror Herb\n|-boost|p2b: Arcanine|atk|2|[from] item: Mirror Herb\n|-start|p1a: Torkoal|confusion\n|-activate|p1a: Torkoal|confusion\n|-damage|p1a: Torkoal|82\/100|[from] confusion\n|move|p1b: Arcanine|Head Smash|p2a: Cloud9 Store\n|-supereffective|p2a: Cloud9 Store\n|-damage|p2a: Cloud9 Store|0 fnt\n|faint|p2a: Cloud9 Store\n|\n|-weather|RainDance|[upkeep]\n|upkeep\n|inactive|ObinWanKenobi has 30 seconds left.\n|\n|t:|1699663890\n|switch|p2a: Rapid-Farts|Urshifu-Rapid-Strike, L50, F|100\/100\n|turn|4\n|\n|t:|1699663913\n|-terastallize|p1b: Arcanine|Fairy\n|move|p2b: Arcanine|Protect|p2b: Arcanine\n|-singleturn|p2b: Arcanine|Protect\n|move|p2a: Rapid-Farts|Aqua Jet|p1a: Torkoal\n|-supereffective|p1a: Torkoal\n|-damage|p1a: Torkoal|37\/100\n|-activate|p1a: Torkoal|confusion\n|move|p1a: Torkoal|Earth Power|p2b: Arcanine\n|-activate|p2b: Arcanine|move: Protect\n|move|p1b: Arcanine|Head Smash|p2a: Rapid-Farts\n|-resisted|p2a: Rapid-Farts\n|-damage|p2a: Rapid-Farts|77\/100\n|\n|-weather|RainDance|[upkeep]\n|upkeep\n|turn|5\n|inactive|ObinWanKenobi has 30 seconds left.\n|\n|t:|1699663941\n|move|p2a: Rapid-Farts|Aqua Jet|p1a: Torkoal\n|-supereffective|p1a: Torkoal\n|-damage|p1a: Torkoal|0 fnt\n|faint|p1a: Torkoal\n|move|p2b: Arcanine|Rock Slide|p1b: Arcanine\n|-damage|p1b: Arcanine|24\/100\n|cant|p1b: Arcanine|flinch\n|\n|-weather|RainDance|[upkeep]\n|-fieldend|move: Trick Room\n|upkeep\n|turn|6\n|\n|t:|1699663954\n|move|p2b: Arcanine|Extreme Speed|p1b: Arcanine\n|-damage|p1b: Arcanine|0 fnt\n|faint|p1b: Arcanine\n|\n|win|ObinWanKenobi\n|raw|kpld's rating: 1288 &rarr; <strong>1256<\/strong><br \/>(-32 for losing)\n|raw|ObinWanKenobi's rating: 1188 &rarr; <strong>1220<\/strong><br \/>(+32 for winning)\n|c|\u2606ObinWanKenobi|Gg\n|l|\u203dkpld\n","uploadtime":1699664093,"views":16,"p1id":"kpld","p2id":"obinwankenobi","formatid":"gen9vgc2023regulatione","rating":1220,"private":0,"password":""}