{"id":"gen9vgc2023regulatione-1988877938","p1":"Tuan TNG00","p2":"zhaj","format":"[Gen 9] VGC 2023 Regulation E","log":"|j|\u2606Tuan TNG00\n|j|\u2606zhaj\n|t:|1699779438\n|gametype|doubles\n|player|p1|Tuan TNG00|cynthia|1063\n|player|p2|zhaj|bugsy-gen2|1035\n|teamsize|p1|6\n|teamsize|p2|6\n|gen|9\n|tier|[Gen 9] VGC 2023 Regulation E\n|rated|\n|rule|Species Clause: Limit one of each Pok\u00e9mon\n|rule|Item Clause: Limit one of each item\n|clearpoke\n|poke|p1|Noivern, L50, F|\n|poke|p1|Regieleki, L50|\n|poke|p1|Azelf, L50|\n|poke|p1|Regidrago, L50|\n|poke|p1|Golem, L50, F|\n|poke|p1|Garganacl, L50, M|\n|poke|p2|Ogerpon-Hearthflame, L50, F|\n|poke|p2|Torkoal, L50, M|\n|poke|p2|Leafeon, L50, F|\n|poke|p2|Flutter Mane, L50|\n|poke|p2|Zapdos, L50|\n|poke|p2|Tornadus, L50, M|\n|teampreview|4\n|\n|t:|1699779450\n|start\n|switch|p1a: Azelf|Azelf, L50|100\/100\n|switch|p1b: Regieleki|Regieleki, L50|100\/100\n|switch|p2a: Torkoal|Torkoal, L50, M, shiny|100\/100\n|switch|p2b: Leafeon|Leafeon, L50, F, shiny|100\/100\n|-weather|SunnyDay|[from] ability: Drought|[of] p2a: Torkoal\n|turn|1\n|\n|t:|1699779469\n|move|p2b: Leafeon|Swords Dance|p2b: Leafeon\n|-boost|p2b: Leafeon|atk|2\n|move|p1b: Regieleki|Electroweb|p2b: Leafeon|[spread] p2a,p2b\n|-resisted|p2b: Leafeon\n|-damage|p2a: Torkoal|76\/100\n|-damage|p2b: Leafeon|77\/100\n|-unboost|p2a: Torkoal|spe|1\n|-unboost|p2b: Leafeon|spe|1\n|move|p1a: Azelf|Calm Mind|p1a: Azelf\n|-boost|p1a: Azelf|spa|1\n|-boost|p1a: Azelf|spd|1\n|move|p2a: Torkoal|Eruption|p1b: Regieleki|[spread] p1a,p1b\n|-damage|p1a: Azelf|50\/100\n|-damage|p1b: Regieleki|4\/100\n|-enditem|p1a: Azelf|Sitrus Berry|[eat]\n|-heal|p1a: Azelf|74\/100|[from] item: Sitrus Berry\n|\n|-weather|SunnyDay|[upkeep]\n|upkeep\n|turn|2\n|\n|t:|1699779494\n|move|p1b: Regieleki|Volt Switch|p2a: Torkoal\n|-damage|p2a: Torkoal|36\/100\n|\n|t:|1699779499\n|switch|p1b: Golem|Golem, L50, F|100\/100|[from] Volt Switch\n|move|p2b: Leafeon|Solar Blade||[still]\n|-prepare|p2b: Leafeon|Solar Blade\n|-anim|p2b: Leafeon|Solar Blade|p1a: Azelf\n|-damage|p1a: Azelf|0 fnt\n|faint|p1a: Azelf\n|move|p2a: Torkoal|Eruption|p1b: Golem\n|-resisted|p1b: Golem\n|-damage|p1b: Golem|78\/100\n|\n|-weather|SunnyDay|[upkeep]\n|upkeep\n|\n|t:|1699779513\n|switch|p1a: Regieleki|Regieleki, L50|4\/100\n|turn|3\n|\n|t:|1699779527\n|move|p2b: Leafeon|Protect|p2b: Leafeon\n|-singleturn|p2b: Leafeon|Protect\n|move|p1a: Regieleki|Electroweb|p2a: Torkoal|[spread] p2a\n|-activate|p2b: Leafeon|move: Protect\n|-damage|p2a: Torkoal|11\/100\n|-unboost|p2a: Torkoal|spe|1\n|move|p1b: Golem|Earthquake|p2a: Torkoal|[spread] p1a,p2a\n|-activate|p2b: Leafeon|move: Protect\n|-supereffective|p1a: Regieleki\n|-supereffective|p2a: Torkoal\n|-damage|p1a: Regieleki|0 fnt\n|-damage|p2a: Torkoal|0 fnt\n|faint|p1a: Regieleki\n|faint|p2a: Torkoal\n|\n|-weather|SunnyDay|[upkeep]\n|upkeep\n|\n|t:|1699779543\n|switch|p1a: Noivern|Noivern, L50, F|100\/100\n|switch|p2a: Flutter Mane|Flutter Mane, L50|100\/100\n|-activate|p2a: Flutter Mane|ability: Protosynthesis\n|-start|p2a: Flutter Mane|protosynthesisspe\n|turn|4\n|\n|t:|1699779559\n|-terastallize|p2b: Leafeon|Rock\n|-terastallize|p1a: Noivern|Normal\n|move|p2a: Flutter Mane|Dazzling Gleam|p1a: Noivern|[spread] p1a,p1b\n|-damage|p1a: Noivern|49\/100\n|-damage|p1b: Golem|13\/100\n|-damage|p2a: Flutter Mane|90\/100|[from] item: Life Orb\n|move|p2b: Leafeon|Tera Blast|p1a: Noivern|[anim] Tera Blast Rock\n|-damage|p1a: Noivern|0 fnt\n|faint|p1a: Noivern\n|move|p1b: Golem|Earthquake|p2b: Leafeon|[spread] p2a,p2b\n|-supereffective|p2b: Leafeon\n|-damage|p2a: Flutter Mane|16\/100\n|-damage|p2b: Leafeon|0 fnt\n|faint|p2b: Leafeon\n|\n|-weather|SunnyDay|[upkeep]\n|upkeep\n|\n|t:|1699779565\n|switch|p2b: Tornadus|Tornadus, L50, M|100\/100\n|turn|5\n|\n|t:|1699779576\n|move|p2a: Flutter Mane|Shadow Ball|p1b: Golem\n|-damage|p1b: Golem|0 fnt\n|faint|p1b: Golem\n|-damage|p2a: Flutter Mane|6\/100|[from] item: Life Orb\n|\n|win|zhaj\n|raw|Tuan TNG00's rating: 1063 &rarr; <strong>1042<\/strong><br \/>(-21 for losing)\n|raw|zhaj's rating: 1035 &rarr; <strong>1073<\/strong><br \/>(+38 for winning)\n|l|\u2606Tuan TNG00\n","uploadtime":1699779582,"views":16,"p1id":"tuantng00","p2id":"zhaj","formatid":"gen9vgc2023regulatione","rating":1042,"private":0,"password":""}