{"id":"gen9vgc2023regulatione-1990962146","p1":"k1tfox","p2":"TheRMeister","format":"[Gen 9] VGC 2023 Regulation E","log":"|j|\u2606k1tfox\n|j|\u2606TheRMeister\n|t:|1700020300\n|gametype|doubles\n|player|p1|k1tfox|harlequin|1071\n|player|p2|TheRMeister|1|1059\n|teamsize|p1|6\n|teamsize|p2|6\n|gen|9\n|tier|[Gen 9] VGC 2023 Regulation E\n|rated|\n|rule|Species Clause: Limit one of each Pok\u00e9mon\n|rule|Item Clause: Limit one of each item\n|clearpoke\n|poke|p1|Slaking, L50, M|\n|poke|p1|Weezing-Galar, L50, M|\n|poke|p1|Thundurus, L50, M|\n|poke|p1|Pelipper, L50, M|\n|poke|p1|Urshifu-*, L50, F|\n|poke|p1|Scizor, L50, M|\n|poke|p2|Garchomp, L50, M|\n|poke|p2|Tyranitar, L50, M|\n|poke|p2|Tornadus, L50, M|\n|poke|p2|Wugtrio, L50, F|\n|poke|p2|Gliscor, L50, F|\n|poke|p2|Golem, L50, M|\n|teampreview|4\n|inactive|Battle timer is ON: inactive players will automatically lose when time's up. (requested by TheRMeister)\n|inactive|k1tfox has 60 seconds left.\n|\n|t:|1700020338\n|start\n|switch|p1a: Weezing|Weezing-Galar, L50, M|100\/100\n|switch|p1b: Slaking|Slaking, L50, M|100\/100\n|switch|p2a: Tyranitar|Tyranitar, L50, M|100\/100\n|switch|p2b: Wugtrio|Wugtrio, L50, F|100\/100\n|-ability|p1a: Weezing|Neutralizing Gas\n|turn|1\n|inactive|k1tfox has 30 seconds left.\n|inactive|TheRMeister has 30 seconds left.\n|\n|t:|1700020370\n|move|p2b: Wugtrio|Sand Attack|p1b: Slaking\n|-unboost|p1b: Slaking|accuracy|1\n|move|p1b: Slaking|Knock Off|p2b: Wugtrio\n|-crit|p2b: Wugtrio\n|-damage|p2b: Wugtrio|0 fnt\n|-enditem|p2b: Wugtrio|Leftovers|[from] move: Knock Off|[of] p1b: Slaking\n|faint|p2b: Wugtrio\n|move|p1a: Weezing|Dazzling Gleam|p2a: Tyranitar\n|-supereffective|p2a: Tyranitar\n|-damage|p2a: Tyranitar|71\/100\n|move|p2a: Tyranitar|Icy Wind|p1a: Weezing|[spread] p1a,p1b\n|-damage|p1a: Weezing|92\/100\n|-damage|p1b: Slaking|94\/100\n|-unboost|p1a: Weezing|spe|1\n|-unboost|p1b: Slaking|spe|1\n|\n|upkeep\n|\n|t:|1700020376\n|switch|p2b: Garchomp|Garchomp, L50, M|100\/100\n|turn|2\n|\n|t:|1700020392\n|move|p2b: Garchomp|Rock Slide|p1b: Slaking|[spread] p1a,p1b\n|-damage|p1a: Weezing|74\/100\n|-damage|p1b: Slaking|80\/100\n|move|p1b: Slaking|Drain Punch|p2a: Tyranitar\n|-supereffective|p2a: Tyranitar\n|-damage|p2a: Tyranitar|0 fnt\n|-heal|p1b: Slaking|100\/100|[from] drain|[of] p2a: Tyranitar\n|faint|p2a: Tyranitar\n|cant|p1a: Weezing|flinch\n|\n|upkeep\n|\n|t:|1700020398\n|switch|p2a: Tornadus|Tornadus, L50, M|100\/100\n|turn|3\n|\n|t:|1700020415\n|move|p2b: Garchomp|Earthquake|p1b: Slaking|[spread] p1a,p1b\n|-immune|p2a: Tornadus\n|-supereffective|p1a: Weezing\n|-damage|p1a: Weezing|10\/100\n|-damage|p1b: Slaking|72\/100\n|-enditem|p1a: Weezing|Aguav Berry|[eat]\n|-heal|p1a: Weezing|43\/100|[from] item: Aguav Berry\n|move|p2a: Tornadus|Leer|p1a: Weezing|[spread] p1a,p1b\n|-unboost|p1a: Weezing|def|1\n|-unboost|p1b: Slaking|def|1\n|move|p1b: Slaking|Knock Off|p2a: Tornadus\n|-damage|p2a: Tornadus|48\/100\n|-enditem|p2a: Tornadus|Heavy-Duty Boots|[from] move: Knock Off|[of] p1b: Slaking\n|move|p1a: Weezing|Dazzling Gleam|p2a: Tornadus|[spread] p2a,p2b\n|-supereffective|p2b: Garchomp\n|-damage|p2a: Tornadus|33\/100\n|-damage|p2b: Garchomp|61\/100\n|\n|upkeep\n|turn|4\n|\n|t:|1700020439\n|move|p2b: Garchomp|Earthquake|p1a: Weezing|[spread] p1a,p1b\n|-immune|p2a: Tornadus\n|-supereffective|p1a: Weezing\n|-crit|p1b: Slaking\n|-damage|p1a: Weezing|0 fnt\n|-damage|p1b: Slaking|10\/100\n|faint|p1a: Weezing\n|-end|p1a: Weezing|ability: Neutralizing Gas\n|move|p2a: Tornadus|Sandstorm|p2a: Tornadus\n|-weather|Sandstorm\n|move|p1b: Slaking|Drain Punch|p2b: Garchomp|[miss]\n|-miss|p1b: Slaking|p2b: Garchomp\n|\n|-weather|Sandstorm|[upkeep]\n|-damage|p2a: Tornadus|27\/100|[from] Sandstorm\n|-damage|p1b: Slaking|4\/100|[from] Sandstorm\n|upkeep\n|\n|t:|1700020452\n|switch|p1a: Scizor|Scizor, L50, M|100\/100\n|turn|5\n|\n|t:|1700020470\n|move|p2a: Tornadus|Leer|p1a: Scizor|[spread] p1a,p1b\n|-unboost|p1a: Scizor|def|1\n|-unboost|p1b: Slaking|def|1\n|move|p1a: Scizor|Bullet Punch|p2b: Garchomp|[miss]\n|-miss|p1a: Scizor|p2b: Garchomp\n|move|p2b: Garchomp|Swords Dance|p2b: Garchomp\n|-boost|p2b: Garchomp|atk|2\n|cant|p1b: Slaking|ability: Truant\n|\n|-weather|Sandstorm|[upkeep]\n|-damage|p2a: Tornadus|21\/100|[from] Sandstorm\n|-damage|p1b: Slaking|0 fnt|[from] Sandstorm\n|faint|p1b: Slaking\n|upkeep\n|\n|t:|1700020481\n|switch|p1b: Urshifu|Urshifu-Rapid-Strike, L50, F|100\/100\n|turn|6\n|c|\u2606k1tfox|what am i missing here\n|inactive|k1tfox has 30 seconds left.\n|inactive|k1tfox has 20 seconds left.\n|\n|t:|1700020520\n|move|p2a: Tornadus|Leer|p1a: Scizor|[spread] p1a,p1b\n|-unboost|p1a: Scizor|def|1\n|-unboost|p1b: Urshifu|def|1\n|move|p1a: Scizor|Bullet Punch|p2b: Garchomp\n|-damage|p2b: Garchomp|28\/100\n|move|p2b: Garchomp|Earthquake|p1b: Urshifu|[spread] p1a,p1b\n|-immune|p2a: Tornadus\n|-damage|p1a: Scizor|0 fnt\n|-enditem|p1b: Urshifu|Focus Sash\n|-damage|p1b: Urshifu|1\/100\n|faint|p1a: Scizor\n|move|p1b: Urshifu|Rock Slide|p2b: Garchomp|[spread] p2a,p2b\n|-supereffective|p2a: Tornadus\n|-resisted|p2b: Garchomp\n|-damage|p2a: Tornadus|0 fnt\n|-damage|p2b: Garchomp|19\/100\n|faint|p2a: Tornadus\n|\n|-weather|Sandstorm|[upkeep]\n|-damage|p1b: Urshifu|0 fnt|[from] Sandstorm\n|faint|p1b: Urshifu\n|\n|win|TheRMeister\n|upkeep\n|raw|k1tfox's rating: 1071 &rarr; <strong>1050<\/strong><br \/>(-21 for losing)\n|raw|TheRMeister's rating: 1059 &rarr; <strong>1091<\/strong><br \/>(+32 for winning)\n|l|\u2606TheRMeister\n|c|\u2606k1tfox|whyd the bullet punch miss\n","uploadtime":1700020549,"views":25,"p1id":"k1tfox","p2id":"thermeister","formatid":"gen9vgc2023regulatione","rating":1050,"private":0,"password":""}