{"id":"gen9vgc2023regulatione-2000487289","p1":"TheDragonfire84","p2":"Hugs1986","format":"[Gen 9] VGC 2023 Regulation E","log":"|j|\u2606TheDragonfire84\n|j|\u2606Hugs1986\n|t:|1701198935\n|gametype|doubles\n|player|p1|TheDragonfire84|266|1397\n|player|p2|Hugs1986|1|1354\n|teamsize|p1|6\n|teamsize|p2|6\n|gen|9\n|tier|[Gen 9] VGC 2023 Regulation E\n|rated|\n|rule|Species Clause: Limit one of each Pok\u00e9mon\n|rule|Item Clause: Limit one of each item\n|clearpoke\n|poke|p1|Cetitan, L50, M|\n|poke|p1|Ninetales-Alola, L50, F|\n|poke|p1|Sinistcha, L50|\n|poke|p1|Urshifu-*, L50, M|\n|poke|p1|Iron Hands, L50|\n|poke|p1|Clefairy, L50, M|\n|poke|p2|Ninetales-Alola, L50, F|\n|poke|p2|Grimmsnarl, L50, M|\n|poke|p2|Wo-Chien, L50|\n|poke|p2|Goodra-Hisui, L50, M|\n|poke|p2|Sinistcha, L50|\n|poke|p2|Frosmoth, L50, F|\n|teampreview|4\n|c|\u2606TheDragonfire84|are u the samus\n|inactive|Battle timer is ON: inactive players will automatically lose when time's up. (requested by TheDragonfire84)\n|\n|t:|1701198983\n|start\n|switch|p1a: Cetitan|Cetitan, L50, M|100\/100\n|switch|p1b: Ninetales|Ninetales-Alola, L50, F|100\/100\n|switch|p2a: Grimmsnarl|Grimmsnarl, L50, M|100\/100\n|switch|p2b: Goodra|Goodra-Hisui, L50, M|100\/100\n|-weather|Snow|[from] ability: Snow Warning|[of] p1b: Ninetales\n|turn|1\n|\n|t:|1701199005\n|move|p2a: Grimmsnarl|Reflect|p2a: Grimmsnarl\n|-sidestart|p2: Hugs1986|Reflect\n|move|p1a: Cetitan|Belly Drum|p1a: Cetitan\n|-damage|p1a: Cetitan|50\/100\n|-setboost|p1a: Cetitan|atk|6|[from] move: Belly Drum\n|-enditem|p1a: Cetitan|Sitrus Berry|[eat]\n|-heal|p1a: Cetitan|75\/100|[from] item: Sitrus Berry\n|move|p1b: Ninetales|Aurora Veil|p1b: Ninetales\n|-sidestart|p1: TheDragonfire84|move: Aurora Veil\n|move|p2b: Goodra|Shelter|p2b: Goodra\n|-boost|p2b: Goodra|def|2\n|\n|-weather|Snow|[upkeep]\n|upkeep\n|turn|2\n|inactive|Hugs1986 has 30 seconds left.\n|\n|t:|1701199037\n|switch|p1b: Sinistcha|Sinistcha, L50|100\/100\n|-heal|p1a: Cetitan|99\/100|[from] ability: Hospitality|[of] p1b: Sinistcha\n|move|p1a: Cetitan|Earthquake|p2b: Goodra|[spread] p1b,p2a,p2b\n|-resisted|p1b: Sinistcha\n|-supereffective|p2b: Goodra\n|-damage|p1b: Sinistcha|79\/100\n|-damage|p2a: Grimmsnarl|53\/100\n|-damage|p2b: Goodra|58\/100\n|move|p2a: Grimmsnarl|Spirit Break|p1b: Sinistcha\n|-damage|p1b: Sinistcha|64\/100\n|-unboost|p1b: Sinistcha|spa|1\n|-damage|p2a: Grimmsnarl|37\/100|[from] item: Rocky Helmet|[of] p1b: Sinistcha\n|move|p2b: Goodra|Body Press|p1a: Cetitan\n|-supereffective|p1a: Cetitan\n|-damage|p1a: Cetitan|64\/100\n|\n|-weather|Snow|[upkeep]\n|-heal|p2b: Goodra|64\/100|[from] item: Leftovers\n|upkeep\n|turn|3\n|inactive|TheDragonfire84 has 30 seconds left.\n|\n|t:|1701199064\n|move|p1b: Sinistcha|Rage Powder|p1b: Sinistcha\n|-singleturn|p1b: Sinistcha|move: Rage Powder\n|move|p2a: Grimmsnarl|Parting Shot|p1b: Sinistcha\n|-unboost|p1b: Sinistcha|atk|1\n|-unboost|p1b: Sinistcha|spa|1\n|\n|t:|1701199071\n|switch|p2a: Wo-Chien|Wo-Chien, L50|100\/100|[from] Parting Shot\n|-ability|p2a: Wo-Chien|Tablets of Ruin\n|move|p1a: Cetitan|Earthquake|p2a: Wo-Chien|[spread] p1b,p2a,p2b\n|-resisted|p1b: Sinistcha\n|-resisted|p2a: Wo-Chien\n|-supereffective|p2b: Goodra\n|-damage|p1b: Sinistcha|49\/100\n|-damage|p2a: Wo-Chien|85\/100\n|-damage|p2b: Goodra|36\/100\n|move|p2b: Goodra|Shelter|p2b: Goodra\n|-boost|p2b: Goodra|def|2\n|\n|-weather|Snow|[upkeep]\n|-heal|p2b: Goodra|42\/100|[from] item: Leftovers\n|upkeep\n|turn|4\n|\n|t:|1701199091\n|move|p2a: Wo-Chien|Protect|p2a: Wo-Chien\n|-singleturn|p2a: Wo-Chien|Protect\n|move|p2b: Goodra|Protect|p2b: Goodra\n|-singleturn|p2b: Goodra|Protect\n|move|p1a: Cetitan|Ice Shard|p2a: Wo-Chien\n|-activate|p2a: Wo-Chien|move: Protect\n|move|p1b: Sinistcha|Matcha Gotcha|p2b: Goodra|[spread] \n|-activate|p2a: Wo-Chien|move: Protect\n|-activate|p2b: Goodra|move: Protect\n|\n|-weather|Snow|[upkeep]\n|-heal|p2b: Goodra|48\/100|[from] item: Leftovers\n|upkeep\n|turn|5\n|\n|t:|1701199109\n|switch|p1b: Iron Hands|Iron Hands, L50|100\/100\n|-terastallize|p2a: Wo-Chien|Water\n|move|p1a: Cetitan|Protect|p1a: Cetitan\n|-singleturn|p1a: Cetitan|Protect\n|move|p2a: Wo-Chien|Pollen Puff|p2b: Goodra\n|-heal|p2b: Goodra|97\/100\n|move|p2b: Goodra|Body Press|p1a: Cetitan\n|-activate|p1a: Cetitan|move: Protect\n|\n|-weather|none\n|-heal|p2b: Goodra|100\/100|[from] item: Leftovers\n|upkeep\n|turn|6\n|\n|t:|1701199127\n|switch|p2a: Grimmsnarl|Grimmsnarl, L50, M|37\/100\n|move|p2b: Goodra|Protect|p2b: Goodra\n|-singleturn|p2b: Goodra|Protect\n|move|p1a: Cetitan|Earthquake|p2a: Grimmsnarl|[spread] p1b,p2a\n|-activate|p2b: Goodra|move: Protect\n|-supereffective|p1b: Iron Hands\n|-damage|p1b: Iron Hands|32\/100\n|-damage|p2a: Grimmsnarl|0 fnt\n|faint|p2a: Grimmsnarl\n|move|p1b: Iron Hands|Thunder Punch|p2b: Goodra\n|-activate|p2b: Goodra|move: Protect\n|\n|upkeep\n|\n|t:|1701199143\n|switch|p2a: Wo-Chien|Wo-Chien, L50, tera:Water|85\/100\n|-ability|p2a: Wo-Chien|Tablets of Ruin\n|turn|7\n|\n|t:|1701199151\n|-end|p1b: Iron Hands|Quark Drive|[silent]\n|switch|p1b: Sinistcha|Sinistcha, L50|49\/100\n|-heal|p1a: Cetitan|88\/100|[from] ability: Hospitality|[of] p1b: Sinistcha\n|move|p2a: Wo-Chien|Protect|p2a: Wo-Chien\n|-singleturn|p2a: Wo-Chien|Protect\n|move|p1a: Cetitan|Earthquake|p2b: Goodra|[spread] p1b,p2b\n|-activate|p2a: Wo-Chien|move: Protect\n|-resisted|p1b: Sinistcha\n|-supereffective|p2b: Goodra\n|-damage|p1b: Sinistcha|34\/100\n|-damage|p2b: Goodra|82\/100\n|move|p2b: Goodra|Body Press|p1a: Cetitan\n|-supereffective|p1a: Cetitan\n|-damage|p1a: Cetitan|34\/100\n|\n|-heal|p2b: Goodra|88\/100|[from] item: Leftovers\n|upkeep\n|turn|8\n|\n|t:|1701199180\n|move|p1a: Cetitan|Protect|p1a: Cetitan\n|-singleturn|p1a: Cetitan|Protect\n|move|p1b: Sinistcha|Strength Sap|p2b: Goodra\n|-unboost|p2b: Goodra|atk|1\n|-heal|p1b: Sinistcha|100\/100\n|move|p2a: Wo-Chien|Leech Seed|p1a: Cetitan\n|-activate|p1a: Cetitan|move: Protect\n|move|p2b: Goodra|Shelter|p2b: Goodra\n|-boost|p2b: Goodra|def|2\n|\n|-heal|p2b: Goodra|94\/100|[from] item: Leftovers\n|-sideend|p2: Hugs1986|Reflect\n|-sideend|p1: TheDragonfire84|move: Aurora Veil\n|upkeep\n|turn|9\n|\n|t:|1701199195\n|move|p1b: Sinistcha|Rage Powder|p1b: Sinistcha\n|-singleturn|p1b: Sinistcha|move: Rage Powder\n|move|p1a: Cetitan|Earthquake|p2b: Goodra|[spread] p1b,p2a,p2b\n|-resisted|p1b: Sinistcha\n|-crit|p2a: Wo-Chien\n|-supereffective|p2b: Goodra\n|-damage|p1b: Sinistcha|78\/100\n|-damage|p2a: Wo-Chien|21\/100\n|-damage|p2b: Goodra|70\/100\n|move|p2a: Wo-Chien|Leech Seed|p1b: Sinistcha\n|-immune|p1b: Sinistcha\n|move|p2b: Goodra|Body Press|p1b: Sinistcha\n|-immune|p1b: Sinistcha\n|\n|-heal|p2b: Goodra|76\/100|[from] item: Leftovers\n|upkeep\n|turn|10\n|\n|t:|1701199216\n|move|p2a: Wo-Chien|Protect|p2a: Wo-Chien\n|-singleturn|p2a: Wo-Chien|Protect\n|move|p1b: Sinistcha|Rage Powder|p1b: Sinistcha\n|-singleturn|p1b: Sinistcha|move: Rage Powder\n|move|p1a: Cetitan|Earthquake|p2a: Wo-Chien|[spread] p1b,p2b\n|-activate|p2a: Wo-Chien|move: Protect\n|-resisted|p1b: Sinistcha\n|-supereffective|p2b: Goodra\n|-damage|p1b: Sinistcha|53\/100\n|-damage|p2b: Goodra|53\/100\n|move|p2b: Goodra|Knock Off|p1b: Sinistcha\n|-supereffective|p1b: Sinistcha\n|-damage|p1b: Sinistcha|35\/100\n|-damage|p2b: Goodra|37\/100|[from] item: Rocky Helmet|[of] p1b: Sinistcha\n|-enditem|p1b: Sinistcha|Rocky Helmet|[from] move: Knock Off|[of] p2b: Goodra\n|\n|-heal|p2b: Goodra|43\/100|[from] item: Leftovers\n|upkeep\n|turn|11\n|inactive|Hugs1986 has 30 seconds left.\n|inactive|Hugs1986 has 20 seconds left.\n|inactive|Hugs1986 has 15 seconds left.\n|\n|t:|1701199259\n|move|p1a: Cetitan|Protect|p1a: Cetitan\n|-singleturn|p1a: Cetitan|Protect\n|move|p1b: Sinistcha|Matcha Gotcha|p2a: Wo-Chien|[spread] p2a,p2b\n|-supereffective|p2a: Wo-Chien\n|-resisted|p2b: Goodra\n|-damage|p2a: Wo-Chien|0 fnt\n|-heal|p1b: Sinistcha|47\/100|[from] drain|[of] p2a: Wo-Chien\n|-damage|p2b: Goodra|39\/100\n|-heal|p1b: Sinistcha|49\/100|[from] drain|[of] p2b: Goodra\n|-status|p2b: Goodra|brn\n|faint|p2a: Wo-Chien\n|move|p2b: Goodra|Knock Off|p1a: Cetitan\n|-activate|p1a: Cetitan|move: Protect\n|\n|-heal|p2b: Goodra|45\/100 brn|[from] item: Leftovers\n|-damage|p2b: Goodra|39\/100 brn|[from] brn\n|upkeep\n|\n|t:|1701199262\n|switch|p2a: Frosmoth|Frosmoth, L50, F|100\/100\n|turn|12\n|inactive|Hugs1986 has 30 seconds left.\n|\n|t:|1701199291\n|move|p1b: Sinistcha|Rage Powder|p1b: Sinistcha\n|-singleturn|p1b: Sinistcha|move: Rage Powder\n|move|p1a: Cetitan|Earthquake|p2a: Frosmoth|[spread] p1b,p2a,p2b\n|-resisted|p1b: Sinistcha\n|-resisted|p2a: Frosmoth\n|-supereffective|p2b: Goodra\n|-damage|p1b: Sinistcha|17\/100\n|-damage|p2a: Frosmoth|56\/100\n|-damage|p2b: Goodra|9\/100 brn\n|move|p2a: Frosmoth|Quiver Dance|p2a: Frosmoth\n|-boost|p2a: Frosmoth|spa|1\n|-boost|p2a: Frosmoth|spd|1\n|-boost|p2a: Frosmoth|spe|1\n|move|p2b: Goodra|Body Press|p1b: Sinistcha\n|-immune|p1b: Sinistcha\n|\n|-heal|p2b: Goodra|15\/100 brn|[from] item: Leftovers\n|-damage|p2b: Goodra|9\/100 brn|[from] brn\n|upkeep\n|turn|13\n|\n|t:|1701199311\n|switch|p1b: Ninetales|Ninetales-Alola, L50, F|100\/100\n|-weather|Snow|[from] ability: Snow Warning|[of] p1b: Ninetales\n|move|p1a: Cetitan|Earthquake|p2b: Goodra|[spread] p1b,p2a,p2b\n|-resisted|p2a: Frosmoth\n|-supereffective|p2b: Goodra\n|-damage|p1b: Ninetales|35\/100\n|-damage|p2a: Frosmoth|26\/100\n|-damage|p2b: Goodra|0 fnt\n|faint|p2b: Goodra\n|move|p2a: Frosmoth|Blizzard|p1a: Cetitan|[spread] p1a,p1b\n|-resisted|p1a: Cetitan\n|-resisted|p1b: Ninetales\n|-damage|p1a: Cetitan|10\/100\n|-damage|p1b: Ninetales|11\/100\n|\n|-weather|Snow|[upkeep]\n|upkeep\n|turn|14\n|\n|t:|1701199326\n|switch|p1b: Sinistcha|Sinistcha, L50|17\/100\n|-heal|p1a: Cetitan|35\/100|[from] ability: Hospitality|[of] p1b: Sinistcha\n|move|p1a: Cetitan|Protect|p1a: Cetitan\n|-singleturn|p1a: Cetitan|Protect\n|move|p2a: Frosmoth|Blizzard|p1b: Sinistcha|[spread] p1b\n|-activate|p1a: Cetitan|move: Protect\n|-supereffective|p1b: Sinistcha\n|-damage|p1b: Sinistcha|0 fnt\n|faint|p1b: Sinistcha\n|\n|-weather|Snow|[upkeep]\n|upkeep\n|\n|t:|1701199335\n|switch|p1b: Iron Hands|Iron Hands, L50|32\/100\n|turn|15\n|\n|t:|1701199342\n|move|p2a: Frosmoth|Protect|p2a: Frosmoth\n|-singleturn|p2a: Frosmoth|Protect\n|move|p1b: Iron Hands|Fake Out|p2a: Frosmoth\n|-activate|p2a: Frosmoth|move: Protect\n|move|p1a: Cetitan|Ice Shard|p2a: Frosmoth\n|-activate|p2a: Frosmoth|move: Protect\n|\n|-weather|Snow|[upkeep]\n|upkeep\n|turn|16\n|\n|t:|1701199363\n|move|p1a: Cetitan|Ice Shard|p2a: Frosmoth\n|-resisted|p2a: Frosmoth\n|-damage|p2a: Frosmoth|4\/100\n|move|p2a: Frosmoth|Dazzling Gleam|p1a: Cetitan|[spread] p1a,p1b\n|-supereffective|p1b: Iron Hands\n|-damage|p1a: Cetitan|10\/100\n|-damage|p1b: Iron Hands|2\/100\n|move|p1b: Iron Hands|Heavy Slam|p2a: Frosmoth\n|-supereffective|p2a: Frosmoth\n|-damage|p2a: Frosmoth|0 fnt\n|faint|p2a: Frosmoth\n|\n|win|TheDragonfire84\n|raw|TheDragonfire84's rating: 1397 &rarr; <strong>1415<\/strong><br \/>(+18 for winning)\n|raw|Hugs1986's rating: 1354 &rarr; <strong>1336<\/strong><br \/>(-18 for losing)\n|l|\u2606Hugs1986\n","uploadtime":1701199375,"views":10,"p1id":"thedragonfire84","p2id":"hugs1986","formatid":"gen9vgc2023regulatione","rating":1336,"private":0,"password":""}