{"id":"gen9vgc2023regulatione-1997817409","p1":"Venefici","p2":"The Dark Majesty","format":"[Gen 9] VGC 2023 Regulation E","log":"|j|\u2606Venefici\n|j|\u2606The Dark Majesty\n|t:|1700855908\n|gametype|doubles\n|player|p1|Venefici|hugh|1092\n|player|p2|The Dark Majesty|ghetsis|1000\n|teamsize|p1|6\n|teamsize|p2|6\n|gen|9\n|tier|[Gen 9] VGC 2023 Regulation E\n|rated|\n|rule|Species Clause: Limit one of each Pok\u00e9mon\n|rule|Item Clause: Limit one of each item\n|clearpoke\n|poke|p1|Volcarona, L50, F|\n|poke|p1|Sinistcha, L50|\n|poke|p1|Snorlax, L50, M|\n|poke|p1|Milotic, L50, M|\n|poke|p1|Indeedee-F, L50, F|\n|poke|p1|Iron Hands, L50|\n|poke|p2|Sinistcha, L50|\n|poke|p2|Moltres-Galar, L50|\n|poke|p2|Grimmsnarl, L50, M|\n|poke|p2|Arcanine-Hisui, L50, F|\n|poke|p2|Milotic, L50, F|\n|poke|p2|Munkidori, L50, M|\n|teampreview|4\n|inactive|Battle timer is ON: inactive players will automatically lose when time's up. (requested by Venefici)\n|inactive|The Dark Majesty has 60 seconds left.\n|\n|t:|1700855939\n|start\n|switch|p1a: Indeedee|Indeedee-F, L50, F|100\/100\n|switch|p1b: Milotic|Milotic, L50, M|100\/100\n|switch|p2a: Return 2 Monkey|Munkidori, L50, M|100\/100\n|switch|p2b: Goblin Slaya's Opp|Grimmsnarl, L50, M, shiny|100\/100\n|-item|p1a: Indeedee|Rocky Helmet|[from] ability: Frisk|[of] p2a: Return 2 Monkey|[identify]\n|-item|p1b: Milotic|Safety Goggles|[from] ability: Frisk|[of] p2a: Return 2 Monkey|[identify]\n|-fieldstart|move: Psychic Terrain|[from] ability: Psychic Surge|[of] p1a: Indeedee\n|turn|1\n|inactive|Venefici has 30 seconds left.\n|inactive|The Dark Majesty has 30 seconds left.\n|inactive|The Dark Majesty has 20 seconds left.\n|inactive|The Dark Majesty has 15 seconds left.\n|inactive|The Dark Majesty has 10 seconds left.\n|inactive|The Dark Majesty has 5 seconds left.\n|\n|t:|1700855994\n|move|p2a: Return 2 Monkey|Sludge Bomb|p1a: Indeedee\n|-crit|p1a: Indeedee\n|-damage|p1a: Indeedee|26\/100\n|-status|p1a: Indeedee|psn\n|move|p1b: Milotic|Coil|p1b: Milotic\n|-boost|p1b: Milotic|atk|1\n|-boost|p1b: Milotic|def|1\n|-boost|p1b: Milotic|accuracy|1\n|move|p1a: Indeedee|Dazzling Gleam|p2b: Goblin Slaya's Opp|[spread] p2a,p2b\n|-resisted|p2a: Return 2 Monkey\n|-supereffective|p2b: Goblin Slaya's Opp\n|-damage|p2a: Return 2 Monkey|93\/100\n|-damage|p2b: Goblin Slaya's Opp|76\/100\n|move|p2b: Goblin Slaya's Opp|Low Kick|p1b: Milotic\n|-damage|p1b: Milotic|81\/100\n|\n|-damage|p1a: Indeedee|13\/100 psn|[from] psn\n|upkeep\n|turn|2\n|inactive|Venefici has 30 seconds left.\n|inactive|Venefici has 20 seconds left.\n|inactive|Venefici has 15 seconds left.\n|\n|t:|1700856035\n|switch|p1a: Snorlax|Snorlax, L50, M|100\/100\n|move|p2b: Goblin Slaya's Opp|Light Screen|p2b: Goblin Slaya's Opp\n|-sidestart|p2: The Dark Majesty|move: Light Screen\n|move|p2a: Return 2 Monkey|Parting Shot|p1b: Milotic\n|-unboost|p1b: Milotic|atk|1\n|-ability|p1b: Milotic|Competitive|boost\n|-boost|p1b: Milotic|spa|2\n|-unboost|p1b: Milotic|spa|1\n|-ability|p1b: Milotic|Competitive|boost\n|-boost|p1b: Milotic|spa|2\n|\n|t:|1700856049\n|switch|p2a: Finger Likin' Gud|Moltres-Galar, L50|100\/100|[from] Parting Shot\n|move|p1b: Milotic|Hypnosis|p2a: Finger Likin' Gud\n|-status|p2a: Finger Likin' Gud|slp|[from] move: Hypnosis\n|\n|upkeep\n|turn|3\n|\n|t:|1700856060\n|move|p2b: Goblin Slaya's Opp|Reflect|p2b: Goblin Slaya's Opp\n|-sidestart|p2: The Dark Majesty|Reflect\n|cant|p2a: Finger Likin' Gud|slp\n|move|p1b: Milotic|Hypnosis|p2b: Goblin Slaya's Opp|[miss]\n|-miss|p1b: Milotic|p2b: Goblin Slaya's Opp\n|move|p1a: Snorlax|Belly Drum|p1a: Snorlax\n|-damage|p1a: Snorlax|50\/100\n|-setboost|p1a: Snorlax|atk|6|[from] move: Belly Drum\n|-enditem|p1a: Snorlax|Sitrus Berry|[eat]\n|-heal|p1a: Snorlax|75\/100|[from] item: Sitrus Berry\n|\n|upkeep\n|turn|4\n|\n|t:|1700856079\n|cant|p2a: Finger Likin' Gud|slp\n|move|p1b: Milotic|Hypnosis|p2b: Goblin Slaya's Opp\n|-status|p2b: Goblin Slaya's Opp|slp|[from] move: Hypnosis\n|cant|p2b: Goblin Slaya's Opp|slp\n|move|p1a: Snorlax|Ice Punch|p2a: Finger Likin' Gud\n|-supereffective|p2a: Finger Likin' Gud\n|-damage|p2a: Finger Likin' Gud|0 fnt\n|faint|p2a: Finger Likin' Gud\n|\n|upkeep\n|\n|t:|1700856089\n|switch|p2a: Return 2 Monkey|Munkidori, L50, M|93\/100\n|-item|p1b: Milotic|Safety Goggles|[from] ability: Frisk|[of] p2a: Return 2 Monkey|[identify]\n|turn|5\n|\n|t:|1700856102\n|move|p2a: Return 2 Monkey|Psychic|p1b: Milotic\n|-damage|p1b: Milotic|36\/100\n|move|p1b: Milotic|Hypnosis|p2a: Return 2 Monkey|[miss]\n|-miss|p1b: Milotic|p2a: Return 2 Monkey\n|cant|p2b: Goblin Slaya's Opp|slp\n|move|p1a: Snorlax|Body Slam|p2a: Return 2 Monkey\n|-damage|p2a: Return 2 Monkey|0 fnt\n|faint|p2a: Return 2 Monkey\n|\n|-fieldend|move: Psychic Terrain\n|upkeep\n|-message|The Dark Majesty forfeited.\n|\n|win|Venefici\n|raw|Venefici's rating: 1092 &rarr; <strong>1111<\/strong><br \/>(+19 for winning)\n|raw|The Dark Majesty's rating: 1000 &rarr; <strong>1000<\/strong><br \/>(+0 for losing)\n|l|\u2606The Dark Majesty\n","uploadtime":1700856119,"views":14,"p1id":"venefici","p2id":"thedarkmajesty","formatid":"gen9vgc2023regulatione","rating":1000,"private":0,"password":""}