{"id":"gen9vgc2023regulatione-1987945945","p1":"PKMN-VEGA","p2":"kwelpsy","format":"[Gen 9] VGC 2023 Regulation E","log":"|j|\u2606PKMN-VEGA\n|j|\u2606kwelpsy\n|t:|1699651865\n|gametype|doubles\n|player|p1|PKMN-VEGA|lucas|1130\n|player|p2|kwelpsy|1|1149\n|teamsize|p1|6\n|teamsize|p2|6\n|gen|9\n|tier|[Gen 9] VGC 2023 Regulation E\n|rated|\n|rule|Species Clause: Limit one of each Pok\u00e9mon\n|rule|Item Clause: Limit one of each item\n|clearpoke\n|poke|p1|Palossand, L50, M|\n|poke|p1|Scizor, L50, M|\n|poke|p1|Maushold-Four, L50|\n|poke|p1|Grimmsnarl, L50, M|\n|poke|p1|Tatsugiri, L50, F|\n|poke|p1|Dondozo, L50, M|\n|poke|p2|Chi-Yu, L50|\n|poke|p2|Pelipper, L50, F|\n|poke|p2|Dragonite, L50, M|\n|poke|p2|Goodra-Hisui, L50, M|\n|poke|p2|Sableye, L50, M|\n|poke|p2|Jolteon, L50, M|\n|teampreview|4\nkwelpsy rejected open team sheets.\n|inactive|Battle timer is ON: inactive players will automatically lose when time's up. (requested by PKMN-VEGA)\n|\n|t:|1699651901\n|start\n|switch|p1a: Maushold|Maushold-Four, L50|100\/100\n|switch|p1b: Gremlin|Grimmsnarl, L50, M|100\/100\n|switch|p2a: Jolteon|Jolteon, L50, M|100\/100\n|switch|p2b: Chi-Yu|Chi-Yu, L50|100\/100\n|-ability|p2b: Chi-Yu|Beads of Ruin\n|turn|1\n|inactive|kwelpsy has 30 seconds left.\n|\n|t:|1699651928\n|-terastallize|p2b: Chi-Yu|Ghost\n|move|p1b: Gremlin|Light Screen|p1b: Gremlin\n|-sidestart|p1: PKMN-VEGA|move: Light Screen\n|move|p2a: Jolteon|Volt Switch|p1a: Maushold\n|-damage|p1a: Maushold|72\/100\n|\n|t:|1699651934\n|switch|p2a: Sableye|Sableye, L50, M|100\/100|[from] Volt Switch\n|move|p2b: Chi-Yu|Heat Wave|p1b: Gremlin|[spread] p1b\n|-miss|p2b: Chi-Yu|p1a: Maushold\n|-damage|p1b: Gremlin|66\/100\n|move|p1a: Maushold|Thunder Wave|p2b: Chi-Yu\n|-status|p2b: Chi-Yu|par\n|\n|upkeep\n|turn|2\n|\n|t:|1699651955\n|move|p1a: Maushold|Protect|p1a: Maushold\n|-singleturn|p1a: Maushold|Protect\n|move|p2a: Sableye|Taunt|p1a: Maushold\n|-activate|p1a: Maushold|move: Protect\n|move|p1b: Gremlin|Reflect|p1b: Gremlin\n|-sidestart|p1: PKMN-VEGA|Reflect\n|move|p2b: Chi-Yu|Heat Wave|p1a: Maushold|[spread] p1b\n|-activate|p1a: Maushold|move: Protect\n|-damage|p1b: Gremlin|30\/100\n|\n|upkeep\n|turn|3\n|\n|t:|1699651972\n|switch|p1a: Dragonazo|Dondozo, L50, M, shiny|100\/100\n|move|p2a: Sableye|Encore||[still]\n|-fail|p2a: Sableye\n|move|p1b: Gremlin|Parting Shot|p2b: Chi-Yu\n|-unboost|p2b: Chi-Yu|atk|1\n|-unboost|p2b: Chi-Yu|spa|1\n|\n|t:|1699651980\n|switch|p1b: Tatsugiri|Tatsugiri, L50, F|100\/100|[from] Parting Shot\n|-activate|p1b: Tatsugiri|ability: Commander|[of] p1a: Dragonazo\n|-boost|p1a: Dragonazo|atk|2\n|-boost|p1a: Dragonazo|spa|2\n|-boost|p1a: Dragonazo|spe|2\n|-boost|p1a: Dragonazo|def|2\n|-boost|p1a: Dragonazo|spd|2\n|move|p2b: Chi-Yu|Heat Wave|p1a: Dragonazo|[spread] p1a\n|-miss|p2b: Chi-Yu|p1b: Tatsugiri\n|-resisted|p1a: Dragonazo\n|-damage|p1a: Dragonazo|93\/100\n|\n|upkeep\n|turn|4\n|inactive|kwelpsy has 30 seconds left.\n|\n|t:|1699652008\n|switch|p2b: Jolteon|Jolteon, L50, M|100\/100\n|move|p2a: Sableye|Taunt|p1a: Dragonazo\n|-start|p1a: Dragonazo|move: Taunt\n|move|p1a: Dragonazo|Order Up|p2a: Sableye\n|-damage|p2a: Sableye|52\/100\n|-boost|p1a: Dragonazo|atk|1\n|\n|upkeep\n|turn|5\n|\n|t:|1699652031\n|switch|p2a: Chi-Yu|Chi-Yu, L50, tera:Ghost|100\/100 par\n|-ability|p2a: Chi-Yu|Beads of Ruin\n|-terastallize|p1a: Dragonazo|Ghost\n|move|p2b: Jolteon|Volt Switch|p1a: Dragonazo\n|-damage|p1a: Dragonazo|85\/100\n|\n|t:|1699652048\n|switch|p2b: Sableye|Sableye, L50, M|52\/100|[from] Volt Switch\n|move|p1a: Dragonazo|Earthquake|p2b: Sableye|[spread] p2a,p2b\n|-miss|p1a: Dragonazo|p1b: Tatsugiri\n|-damage|p2a: Chi-Yu|35\/100 par\n|-damage|p2b: Sableye|0 fnt\n|faint|p2b: Sableye\n|\n|upkeep\n|\n|t:|1699652056\n|switch|p2b: Jolteon|Jolteon, L50, M|100\/100\n|turn|6\n|\n|t:|1699652065\n|move|p2b: Jolteon|Volt Switch|p1a: Dragonazo\n|-damage|p1a: Dragonazo|75\/100\n|\n|t:|1699652069\n|switch|p2b: Dragonite|Dragonite, L50, M|100\/100|[from] Volt Switch\n|move|p1a: Dragonazo|Order Up|p2a: Chi-Yu\n|-damage|p2a: Chi-Yu|0 fnt\n|faint|p2a: Chi-Yu\n|-boost|p1a: Dragonazo|atk|1\n|\n|-end|p1a: Dragonazo|move: Taunt\n|upkeep\n|\n|t:|1699652075\n|switch|p2a: Jolteon|Jolteon, L50, M|100\/100\n|turn|7\n|-message|kwelpsy forfeited.\n|\n|win|PKMN-VEGA\n|raw|PKMN-VEGA's rating: 1130 &rarr; <strong>1156<\/strong><br \/>(+26 for winning)\n|raw|kwelpsy's rating: 1149 &rarr; <strong>1123<\/strong><br \/>(-26 for losing)\n|l|\u2606kwelpsy\n","uploadtime":1699652089,"views":23,"p1id":"pkmnvega","p2id":"kwelpsy","formatid":"gen9vgc2023regulatione","rating":1123,"private":0,"password":""}