{"id":"gen9vgc2023regulatione-1996534301","p1":"Bardemis","p2":"Jourvicious","format":"[Gen 9] VGC 2023 Regulation E","log":"|j|\u2606Bardemis\n|j|\u2606Jourvicious\n|t:|1700691547\n|gametype|doubles\n|player|p1|Bardemis|morty|1178\n|player|p2|Jourvicious|guitarist|1205\n|teamsize|p1|6\n|teamsize|p2|6\n|gen|9\n|tier|[Gen 9] VGC 2023 Regulation E\n|rated|\n|rule|Species Clause: Limit one of each Pok\u00e9mon\n|rule|Item Clause: Limit one of each item\n|clearpoke\n|poke|p1|Goodra, L50, F|\n|poke|p1|Arcanine-Hisui, L50, F|\n|poke|p1|Tornadus, L50, M|\n|poke|p1|Dragonite, L50, F|\n|poke|p1|Urshifu-*, L50, M|\n|poke|p1|Sinistcha, L50|\n|poke|p2|Chi-Yu, L50|\n|poke|p2|Shiftry, L50, F|\n|poke|p2|Iron Bundle, L50|\n|poke|p2|Tornadus, L50, M|\n|poke|p2|Landorus-Therian, L50, M|\n|poke|p2|Ogerpon-Cornerstone, L50, F|\n|teampreview|4\n|inactive|Battle timer is ON: inactive players will automatically lose when time's up. (requested by Jourvicious)\n|inactive|Bardemis has 60 seconds left.\n|\n|t:|1700691579\n|start\n|switch|p1a: Tornadus|Tornadus, L50, M|100\/100\n|switch|p1b: Sinistcha|Sinistcha, L50|100\/100\n|switch|p2a: Shiftry|Shiftry, L50, F, shiny|100\/100\n|switch|p2b: Tornadus|Tornadus, L50, M|100\/100\n|turn|1\n|\n|t:|1700691602\n|move|p2a: Shiftry|Fake Out|p1a: Tornadus\n|-damage|p1a: Tornadus|80\/100\n|move|p2b: Tornadus|Tailwind|p2b: Tornadus\n|-sidestart|p2: Jourvicious|move: Tailwind\n|-ability|p2a: Shiftry|Wind Rider|boost\n|-boost|p2a: Shiftry|atk|1\n|cant|p1a: Tornadus|flinch\n|move|p1b: Sinistcha|Trick Room|p1b: Sinistcha\n|-fieldstart|move: Trick Room|[of] p1b: Sinistcha\n|\n|upkeep\n|turn|2\n|\n|t:|1700691618\n|-terastallize|p1b: Sinistcha|Dragon\n|move|p2a: Shiftry|Sucker Punch|p1b: Sinistcha\n|-damage|p1b: Sinistcha|59\/100\n|move|p1b: Sinistcha|Matcha Gotcha|p2a: Shiftry|[spread] p2a,p2b\n|-resisted|p2a: Shiftry\n|-resisted|p2b: Tornadus\n|-damage|p2a: Shiftry|81\/100\n|-heal|p1b: Sinistcha|68\/100|[from] drain|[of] p2a: Shiftry\n|-damage|p2b: Tornadus|90\/100\n|-heal|p1b: Sinistcha|74\/100|[from] drain|[of] p2b: Tornadus\n|-status|p2a: Shiftry|brn\n|move|p1a: Tornadus|Brick Break|p2a: Shiftry\n|-supereffective|p2a: Shiftry\n|-damage|p2a: Shiftry|16\/100 brn\n|move|p2b: Tornadus|Bleakwind Storm|p1a: Tornadus|[spread] p1a\n|-miss|p2b: Tornadus|p1b: Sinistcha\n|-damage|p1a: Tornadus|36\/100\n|\n|-damage|p2a: Shiftry|10\/100 brn|[from] brn\n|upkeep\n|turn|3\n|inactive|Bardemis has 30 seconds left.\n|\n|t:|1700691644\n|move|p2a: Shiftry|Sucker Punch|p1b: Sinistcha\n|-crit|p1b: Sinistcha\n|-damage|p1b: Sinistcha|40\/100\n|-enditem|p1b: Sinistcha|Sitrus Berry|[eat]\n|-heal|p1b: Sinistcha|65\/100|[from] item: Sitrus Berry\n|move|p1b: Sinistcha|Matcha Gotcha|p2b: Tornadus|[spread] p2a,p2b\n|-resisted|p2a: Shiftry\n|-resisted|p2b: Tornadus\n|-crit|p2b: Tornadus\n|-damage|p2a: Shiftry|0 fnt\n|-heal|p1b: Sinistcha|70\/100|[from] drain|[of] p2a: Shiftry\n|-damage|p2b: Tornadus|73\/100\n|-heal|p1b: Sinistcha|79\/100|[from] drain|[of] p2b: Tornadus\n|faint|p2a: Shiftry\n|move|p1a: Tornadus|Knock Off|p2b: Tornadus\n|-damage|p2b: Tornadus|35\/100\n|-enditem|p2b: Tornadus|King's Rock|[from] move: Knock Off|[of] p1a: Tornadus\n|move|p2b: Tornadus|Bleakwind Storm|p1b: Sinistcha|[spread] p1a,p1b\n|-damage|p1a: Tornadus|0 fnt\n|-damage|p1b: Sinistcha|47\/100\n|faint|p1a: Tornadus\n|\n|upkeep\n|\n|t:|1700691666\n|switch|p2a: Walmart Delibird|Iron Bundle, L50|100\/100\n|switch|p1a: Goodra|Goodra, L50, F|100\/100\n|-enditem|p2a: Walmart Delibird|Booster Energy\n|-activate|p2a: Walmart Delibird|ability: Quark Drive|[fromitem]\n|-start|p2a: Walmart Delibird|quarkdrivespe\n|turn|4\n|\n|t:|1700691678\n|move|p2a: Walmart Delibird|Protect|p2a: Walmart Delibird\n|-singleturn|p2a: Walmart Delibird|Protect\n|move|p1b: Sinistcha|Matcha Gotcha|p2b: Tornadus|[spread] p2b\n|-activate|p2a: Walmart Delibird|move: Protect\n|-resisted|p2b: Tornadus\n|-damage|p2b: Tornadus|24\/100\n|-heal|p1b: Sinistcha|53\/100|[from] drain|[of] p2b: Tornadus\n|move|p1a: Goodra|Thunderbolt|p2a: Walmart Delibird\n|-activate|p2a: Walmart Delibird|move: Protect\n|move|p2b: Tornadus|Bleakwind Storm|p1a: Goodra|[spread] \n|-miss|p2b: Tornadus|p1a: Goodra\n|-miss|p2b: Tornadus|p1b: Sinistcha\n|\n|-sideend|p2: Jourvicious|move: Tailwind\n|upkeep\n|turn|5\n|\n|t:|1700691696\n|-end|p2a: Walmart Delibird|Quark Drive|[silent]\n|switch|p2a: Landorus|Landorus-Therian, L50, M|100\/100\n|-ability|p2a: Landorus|Intimidate|boost\n|-unboost|p1a: Goodra|atk|1\n|-unboost|p1b: Sinistcha|atk|1\n|move|p1b: Sinistcha|Matcha Gotcha|p2a: Landorus|[spread] p2a,p2b\n|-resisted|p2b: Tornadus\n|-damage|p2a: Landorus|70\/100\n|-heal|p1b: Sinistcha|69\/100|[from] drain|[of] p2a: Landorus\n|-damage|p2b: Tornadus|14\/100\n|-heal|p1b: Sinistcha|75\/100|[from] drain|[of] p2b: Tornadus\n|move|p1a: Goodra|Thunderbolt|p2a: Landorus\n|-immune|p2a: Landorus\n|move|p2b: Tornadus|Bleakwind Storm|p1b: Sinistcha|[spread] p1a\n|-miss|p2b: Tornadus|p1b: Sinistcha\n|-damage|p1a: Goodra|88\/100\n|\n|-fieldend|move: Trick Room\n|upkeep\n|turn|6\n|inactive|Jourvicious has 30 seconds left.\n|\n|t:|1700691727\n|move|p2b: Tornadus|Taunt|p1b: Sinistcha\n|-start|p1b: Sinistcha|move: Taunt\n|move|p2a: Landorus|Stomping Tantrum|p1b: Sinistcha\n|-crit|p1b: Sinistcha\n|-damage|p1b: Sinistcha|20\/100\n|move|p1a: Goodra|Scald|p2a: Landorus\n|-supereffective|p2a: Landorus\n|-damage|p2a: Landorus|2\/100\n|move|p1b: Sinistcha|Matcha Gotcha|p2a: Landorus|[spread] p2a,p2b\n|-resisted|p2b: Tornadus\n|-damage|p2a: Landorus|0 fnt\n|-heal|p1b: Sinistcha|20\/100|[from] drain|[of] p2a: Landorus\n|-damage|p2b: Tornadus|3\/100\n|-heal|p1b: Sinistcha|27\/100|[from] drain|[of] p2b: Tornadus\n|-status|p2b: Tornadus|brn\n|faint|p2a: Landorus\n|\n|-damage|p2b: Tornadus|0 fnt|[from] brn\n|faint|p2b: Tornadus\n|upkeep\n|\n|t:|1700691735\n|switch|p2b: Walmart Delibird|Iron Bundle, L50|100\/100\n|turn|7\n|\n|t:|1700691750\n|-terastallize|p2b: Walmart Delibird|Grass\n|move|p2b: Walmart Delibird|Icy Wind|p1b: Sinistcha|[spread] p1b\n|-miss|p2b: Walmart Delibird|p1a: Goodra\n|-supereffective|p1b: Sinistcha\n|-damage|p1b: Sinistcha|0 fnt\n|faint|p1b: Sinistcha\n|move|p1a: Goodra|Thunderbolt|p2b: Walmart Delibird\n|-resisted|p2b: Walmart Delibird\n|-damage|p2b: Walmart Delibird|71\/100\n|-status|p2b: Walmart Delibird|par\n|\n|upkeep\n|\n|t:|1700691760\n|switch|p1b: Arcanine|Arcanine-Hisui, L50, F|100\/100\n|-ability|p1b: Arcanine|Intimidate|boost\n|-unboost|p2b: Walmart Delibird|atk|1\n|turn|8\n|\n|t:|1700691771\n|move|p1b: Arcanine|Extreme Speed|p2b: Walmart Delibird\n|-damage|p2b: Walmart Delibird|36\/100 par\n|move|p2b: Walmart Delibird|Hydro Pump|p1b: Arcanine\n|-supereffective|p1b: Arcanine\n|-damage|p1b: Arcanine|0 fnt\n|faint|p1b: Arcanine\n|move|p1a: Goodra|Sludge Bomb|p2b: Walmart Delibird\n|-supereffective|p2b: Walmart Delibird\n|-damage|p2b: Walmart Delibird|0 fnt\n|faint|p2b: Walmart Delibird\n|-end|p2b: Walmart Delibird|Quark Drive|[silent]\n|\n|win|Bardemis\n|raw|Bardemis's rating: 1178 &rarr; <strong>1205<\/strong><br \/>(+27 for winning)\n|raw|Jourvicious's rating: 1205 &rarr; <strong>1178<\/strong><br \/>(-27 for losing)\n|l|\u2606Jourvicious\n","uploadtime":1700691788,"views":25,"p1id":"bardemis","p2id":"jourvicious","formatid":"gen9vgc2023regulatione","rating":1178,"private":0,"password":""}