{"id":"gen9vgc2023regulatione-1990133283","p1":"DrSilv3r","p2":"Fabricio19jr","format":"[Gen 9] VGC 2023 Regulation E","log":"|j|\u2606DrSilv3r\n|j|\u2606Fabricio19jr\n|n|\u2606DrSilv3r|drsilv3r\n|n|\u2606Fabricio19jr|fabricio19jr\n|html|View the match progress at <a href=\"\/game-bestof3-gen9vgc2023regulatione-1990129148\">game-bestof3-gen9vgc2023regulatione-1990129148<\/a>\n|t:|1699928141\n|gametype|doubles\n|player|p1|DrSilv3r|steven|\n|player|p2|Fabricio19jr|265|\n|teamsize|p1|6\n|teamsize|p2|6\n|gen|9\n|tier|[Gen 9] VGC 2023 Regulation E\n|rule|Species Clause: Limit one of each Pok\u00e9mon\n|rule|Item Clause: Limit one of each item\n|clearpoke\n|poke|p1|Heatran, L50, F|\n|poke|p1|Ogerpon-Wellspring, L50, F|\n|poke|p1|Landorus-Therian, L50, M|\n|poke|p1|Gholdengo, L50|\n|poke|p1|Rillaboom, L50, M|\n|poke|p1|Iron Bundle, L50|\n|poke|p2|Gallade, L50, M|\n|poke|p2|Torkoal, L50, F|\n|poke|p2|Indeedee-F, L50, F|\n|poke|p2|Ursaluna, L50, M|\n|poke|p2|Armarouge, L50, M|\n|poke|p2|Enamorus-Therian, L50, F|\n|teampreview|4\n|\n|t:|1699928186\n|start\n|switch|p1a: Landorus|Landorus-Therian, L50, M, shiny|100\/100\n|switch|p1b: Gholdengo|Gholdengo, L50|100\/100\n|switch|p2a: Armarouge|Armarouge, L50, M, shiny|100\/100\n|switch|p2b: Indeedee|Indeedee-F, L50, F, shiny|100\/100\n|-ability|p1a: Landorus|Intimidate|boost\n|-unboost|p2a: Armarouge|atk|1\n|-unboost|p2b: Indeedee|atk|1\n|-fieldstart|move: Psychic Terrain|[from] ability: Psychic Surge|[of] p2b: Indeedee\n|turn|1\n|\n|t:|1699928241\n|-terastallize|p1b: Gholdengo|Dragon\n|-terastallize|p2a: Armarouge|Grass\n|move|p1a: Landorus|U-turn|p2b: Indeedee\n|-supereffective|p2b: Indeedee\n|-damage|p2b: Indeedee|44\/100\n|-damage|p1a: Landorus|84\/100|[from] item: Rocky Helmet|[of] p2b: Indeedee\n|\n|t:|1699928260\n|switch|p1a: Ogerpon|Ogerpon-Wellspring, L50, F|100\/100|[from] U-turn\n|move|p1b: Gholdengo|Nasty Plot|p1b: Gholdengo\n|-boost|p1b: Gholdengo|spa|2\n|move|p2a: Armarouge|Expanding Force|p1a: Ogerpon|[spread] p1a,p1b\n|-damage|p1a: Ogerpon|15\/100\n|-damage|p1b: Gholdengo|14\/100\n|-damage|p2a: Armarouge|91\/100|[from] item: Life Orb\n|move|p2b: Indeedee|Trick Room|p2b: Indeedee\n|-fieldstart|move: Trick Room|[of] p2b: Indeedee\n|\n|upkeep\n|turn|2\n|\n|t:|1699928282\n|move|p2b: Indeedee|Helping Hand|p2a: Armarouge\n|-singleturn|p2a: Armarouge|Helping Hand|[of] p2b: Indeedee\n|move|p1b: Gholdengo|Protect|p1b: Gholdengo\n|-singleturn|p1b: Gholdengo|Protect\n|move|p1a: Ogerpon|Spiky Shield|p1a: Ogerpon\n|-singleturn|p1a: Ogerpon|move: Protect\n|move|p2a: Armarouge|Heat Wave|p1a: Ogerpon|[spread] \n|-activate|p1a: Ogerpon|move: Protect\n|-activate|p1b: Gholdengo|move: Protect\n|\n|upkeep\n|turn|3\n|\n|t:|1699928308\n|switch|p2b: Torkoal|Torkoal, L50, F|100\/100\n|-weather|SunnyDay|[from] ability: Drought|[of] p2b: Torkoal\n|switch|p1b: Landorus|Landorus-Therian, L50, M, shiny|84\/100\n|-ability|p1b: Landorus|Intimidate|boost\n|-unboost|p2a: Armarouge|atk|1\n|-unboost|p2b: Torkoal|atk|1\n|switch|p1a: Heatran|Heatran, L50, F, shiny|100\/100\n|move|p2a: Armarouge|Heat Wave|p1a: Heatran|[spread] p1b\n|-start|p1a: Heatran|ability: Flash Fire\n|-damage|p1b: Landorus|0 fnt\n|faint|p1b: Landorus\n|-damage|p2a: Armarouge|81\/100|[from] item: Life Orb\n|\n|-weather|SunnyDay|[upkeep]\n|upkeep\n|\n|t:|1699928326\n|switch|p1b: Ogerpon|Ogerpon-Wellspring, L50, F|15\/100\n|turn|4\n|\n|t:|1699928337\n|move|p1b: Ogerpon|Spiky Shield|p1b: Ogerpon\n|-singleturn|p1b: Ogerpon|move: Protect\n|move|p2b: Torkoal|Earth Power|p1a: Heatran\n|-supereffective|p1a: Heatran\n|-damage|p1a: Heatran|15\/100\n|move|p2a: Armarouge|Expanding Force|p1a: Heatran|[spread] p1a\n|-activate|p1b: Ogerpon|move: Protect\n|-resisted|p1a: Heatran\n|-damage|p1a: Heatran|0 fnt\n|faint|p1a: Heatran\n|-damage|p2a: Armarouge|72\/100|[from] item: Life Orb\n|\n|-weather|SunnyDay|[upkeep]\n|upkeep\n|\n|t:|1699928349\n|switch|p1a: Gholdengo|Gholdengo, L50, tera:Dragon|14\/100\n|turn|5\n|\n|t:|1699928360\n|move|p2b: Torkoal|Heat Wave|p1b: Ogerpon|[spread] p1a,p1b\n|-resisted|p1a: Gholdengo\n|-damage|p1a: Gholdengo|0 fnt\n|-damage|p1b: Ogerpon|0 fnt\n|faint|p1a: Gholdengo\n|faint|p1b: Ogerpon\n|\n|win|Fabricio19jr\n","uploadtime":1699928382,"views":24,"p1id":"drsilv3r","p2id":"fabricio19jr","formatid":"gen9vgc2023regulatione","rating":0,"private":0,"password":""}