{"id":"gen9vgc2023regulatione-1995236886","p1":"leafyarrow","p2":"Davids251","format":"[Gen 9] VGC 2023 Regulation E","log":"|j|\u2606leafyarrow\n|j|\u2606Davids251\n|t:|1700538313\n|gametype|doubles\n|player|p1|leafyarrow|selene|1249\n|player|p2|Davids251|giovanni|1187\n|teamsize|p1|6\n|teamsize|p2|6\n|gen|9\n|tier|[Gen 9] VGC 2023 Regulation E\n|rated|\n|rule|Species Clause: Limit one of each Pok\u00e9mon\n|rule|Item Clause: Limit one of each item\n|clearpoke\n|poke|p1|Enamorus-Therian, L50, F|\n|poke|p1|Ursaluna, L50, F|\n|poke|p1|Indeedee-F, L50, F|\n|poke|p1|Armarouge, L50, M|\n|poke|p1|Gallade, L50, M|\n|poke|p1|Staraptor, L50, F|\n|poke|p2|Houndstone, L50, F|\n|poke|p2|Tyranitar, L50, M|\n|poke|p2|Ogerpon-Wellspring, L50, F|\n|poke|p2|Heatran, L50, M|\n|poke|p2|Salamence, L50, F|\n|poke|p2|Cresselia, L50, F|\n|teampreview|4\nleafyarrow has agreed to open team sheets.\n|inactive|Battle timer is ON: inactive players will automatically lose when time's up. (requested by Davids251)\n|\n|t:|1700538378\n|start\n|switch|p1a: Staraptor|Staraptor, L50, F|100\/100\n|switch|p1b: Indeedee|Indeedee-F, L50, F|100\/100\n|switch|p2a: saladmance|Salamence, L50, F, shiny|100\/100\n|switch|p2b: Heatran|Heatran, L50, M, shiny|100\/100\n|-ability|p1a: Staraptor|Intimidate|boost\n|-unboost|p2a: saladmance|atk|1\n|-unboost|p2b: Heatran|atk|1\n|-ability|p2a: saladmance|Intimidate|boost\n|-unboost|p1a: Staraptor|atk|1\n|-unboost|p1b: Indeedee|atk|1\n|-fieldstart|move: Psychic Terrain|[from] ability: Psychic Surge|[of] p1b: Indeedee\n|-enditem|p1b: Indeedee|Psychic Seed\n|-boost|p1b: Indeedee|spd|1|[from] item: Psychic Seed\n|turn|1\n|inactive|leafyarrow has 30 seconds left.\n|inactive|Davids251 has 30 seconds left.\n|inactive|leafyarrow has 20 seconds left.\n|\n|t:|1700538415\n|move|p1a: Staraptor|U-turn|p2b: Heatran\n|-resisted|p2b: Heatran\n|-damage|p2b: Heatran|98\/100\n|\n|t:|1700538422\n|switch|p1a: Armarouge|Armarouge, L50, M|100\/100|[from] U-turn\n|move|p2a: saladmance|Draco Meteor|p1b: Indeedee\n|-damage|p1b: Indeedee|68\/100\n|-unboost|p2a: saladmance|spa|2\n|move|p2b: Heatran|Flash Cannon|p1b: Indeedee\n|-damage|p1b: Indeedee|36\/100\n|move|p1b: Indeedee|Trick Room|p1b: Indeedee\n|-fieldstart|move: Trick Room|[of] p1b: Indeedee\n|\n|-heal|p2b: Heatran|100\/100|[from] item: Leftovers\n|upkeep\n|turn|2\n|inactive|leafyarrow has 30 seconds left.\n|inactive|Davids251 has 30 seconds left.\n|inactive|Davids251 has 20 seconds left.\n|inactive|Davids251 has 15 seconds left.\n|inactive|Davids251 has 10 seconds left.\n|\n|t:|1700538470\n|-terastallize|p1a: Armarouge|Psychic\n|-terastallize|p2a: saladmance|Dark\n|move|p1b: Indeedee|Helping Hand|p1a: Armarouge\n|-singleturn|p1a: Armarouge|Helping Hand|[of] p1b: Indeedee\n|move|p2b: Heatran|Protect|p2b: Heatran\n|-singleturn|p2b: Heatran|Protect\n|move|p1a: Armarouge|Expanding Force|p2a: saladmance|[spread] \n|-activate|p2b: Heatran|move: Protect\n|-immune|p2a: saladmance\n|move|p2a: saladmance|Air Slash|p1b: Indeedee\n|-damage|p1b: Indeedee|26\/100\n|\n|upkeep\n|turn|3\n|\n|t:|1700538489\n|switch|p2b: Cresselia|Cresselia, L50, F|100\/100\n|switch|p1b: Ursaluna|Ursaluna, L50, F|100\/100\n|move|p1a: Armarouge|Expanding Force|p2a: saladmance|[spread] p2b\n|-immune|p2a: saladmance\n|-resisted|p2b: Cresselia\n|-damage|p2b: Cresselia|68\/100\n|move|p2a: saladmance|Roar|p1b: Ursaluna\n|drag|p1b: Indeedee|Indeedee-F, L50, F|26\/100\n|\n|upkeep\n|turn|4\n|inactive|leafyarrow has 30 seconds left.\n|\n|t:|1700538515\n|move|p1b: Indeedee|Helping Hand|p1a: Armarouge\n|-singleturn|p1a: Armarouge|Helping Hand|[of] p1b: Indeedee\n|move|p2b: Cresselia|Protect|p2b: Cresselia\n|-singleturn|p2b: Cresselia|Protect\n|move|p1a: Armarouge|Armor Cannon|p2b: Cresselia\n|-activate|p2b: Cresselia|move: Protect\n|move|p2a: saladmance|Roar|p1a: Armarouge\n|drag|p1a: Staraptor|Staraptor, L50, F|100\/100\n|-ability|p1a: Staraptor|Intimidate|boost\n|-unboost|p2a: saladmance|atk|1\n|-unboost|p2b: Cresselia|atk|1\n|\n|upkeep\n|turn|5\n|\n|t:|1700538532\n|move|p2b: Cresselia|Ice Beam|p1a: Staraptor\n|-supereffective|p1a: Staraptor\n|-damage|p1a: Staraptor|56\/100\n|move|p1b: Indeedee|Dazzling Gleam|p2b: Cresselia|[spread] p2a,p2b\n|-supereffective|p2a: saladmance\n|-damage|p2a: saladmance|73\/100\n|-damage|p2b: Cresselia|61\/100\n|move|p2a: saladmance|Air Slash|p1b: Indeedee\n|-damage|p1b: Indeedee|12\/100\n|move|p1a: Staraptor|Close Combat|p2a: saladmance\n|-supereffective|p2a: saladmance\n|-damage|p2a: saladmance|0 fnt\n|-unboost|p1a: Staraptor|def|1\n|-unboost|p1a: Staraptor|spd|1\n|faint|p2a: saladmance\n|\n|-fieldend|move: Trick Room\n|-fieldend|move: Psychic Terrain\n|upkeep\n|\n|t:|1700538549\n|switch|p2a: Ogerpon|Ogerpon-Wellspring, L50, F|100\/100\n|turn|6\n|\n|t:|1700538569\n|switch|p1b: Ursaluna|Ursaluna, L50, F|100\/100\n|move|p1a: Staraptor|Close Combat|p2b: Cresselia\n|-resisted|p2b: Cresselia\n|-damage|p2b: Cresselia|51\/100\n|-unboost|p1a: Staraptor|def|1\n|-unboost|p1a: Staraptor|spd|1\n|move|p2a: Ogerpon|Ivy Cudgel|p1b: Ursaluna|[anim] Ivy Cudgel Water\n|-supereffective|p1b: Ursaluna\n|-damage|p1b: Ursaluna|7\/100\n|move|p2b: Cresselia|Ice Beam|p1a: Staraptor\n|-supereffective|p1a: Staraptor\n|-damage|p1a: Staraptor|0 fnt\n|faint|p1a: Staraptor\n|\n|-status|p1b: Ursaluna|brn|[from] item: Flame Orb\n|upkeep\n|\n|t:|1700538590\n|switch|p1a: Indeedee|Indeedee-F, L50, F|12\/100\n|-fieldstart|move: Psychic Terrain|[from] ability: Psychic Surge|[of] p1a: Indeedee\n|turn|7\n|\n|t:|1700538609\n|switch|p1b: Armarouge|Armarouge, L50, M, tera:Psychic|100\/100\n|move|p2a: Ogerpon|Ivy Cudgel|p1a: Indeedee|[anim] Ivy Cudgel Water\n|-damage|p1a: Indeedee|0 fnt\n|faint|p1a: Indeedee\n|move|p2b: Cresselia|Ice Beam|p1b: Armarouge\n|-crit|p1b: Armarouge\n|-damage|p1b: Armarouge|75\/100\n|\n|upkeep\n|\n|t:|1700538614\n|switch|p1a: Ursaluna|Ursaluna, L50, F|7\/100 brn\n|turn|8\n|\n|t:|1700538630\n|move|p1a: Ursaluna|Protect|p1a: Ursaluna\n|-singleturn|p1a: Ursaluna|Protect\n|move|p2a: Ogerpon|Ivy Cudgel|p1b: Armarouge|[anim] Ivy Cudgel Water\n|-crit|p1b: Armarouge\n|-damage|p1b: Armarouge|0 fnt\n|faint|p1b: Armarouge\n|move|p2b: Cresselia|Ice Beam|p1a: Ursaluna\n|-activate|p1a: Ursaluna|move: Protect\n|\n|-damage|p1a: Ursaluna|1\/100 brn|[from] brn\n|upkeep\n|turn|9\n|-message|leafyarrow forfeited.\n|\n|win|Davids251\n|raw|leafyarrow's rating: 1249 &rarr; <strong>1220<\/strong><br \/>(-29 for losing)\n|raw|Davids251's rating: 1187 &rarr; <strong>1216<\/strong><br \/>(+29 for winning)\n","uploadtime":1700538641,"views":19,"p1id":"leafyarrow","p2id":"davids251","formatid":"gen9vgc2023regulatione","rating":1216,"private":0,"password":""}