{"id":"gen9vgc2023regulatione-1990046574","p1":"SpooBear","p2":"MentalSyndrome","format":"[Gen 9] VGC 2023 Regulation E","log":"|j|\u2606SpooBear\n|j|\u2606MentalSyndrome\n|t:|1699918785\n|gametype|doubles\n|player|p1|SpooBear|1|1260\n|player|p2|MentalSyndrome|byron|1338\n|teamsize|p1|6\n|teamsize|p2|6\n|gen|9\n|tier|[Gen 9] VGC 2023 Regulation E\n|rated|\n|rule|Species Clause: Limit one of each Pok\u00e9mon\n|rule|Item Clause: Limit one of each item\n|clearpoke\n|poke|p1|Regieleki, L50|\n|poke|p1|Chi-Yu, L50|\n|poke|p1|Flutter Mane, L50|\n|poke|p1|Rillaboom, L50, M|\n|poke|p1|Dragonite, L50, M|\n|poke|p1|Urshifu-*, L50, M|\n|poke|p2|Tornadus, L50, M|\n|poke|p2|Zapdos, L50|\n|poke|p2|Shiftry, L50, F|\n|poke|p2|Basculegion, L50, M|\n|poke|p2|Breloom, L50, M|\n|poke|p2|Flutter Mane, L50|\n|teampreview|4\nSpooBear has agreed to open team sheets.\n|inactive|Battle timer is ON: inactive players will automatically lose when time's up. (requested by SpooBear)\nMentalSyndrome has agreed to open team sheets.\n|\n|t:|1699918823\n|start\n|switch|p1a: Regieleki|Regieleki, L50|100\/100\n|switch|p1b: Urshifu|Urshifu, L50, M|100\/100\n|switch|p2a: Tornadus|Tornadus, L50, M|100\/100\n|switch|p2b: Zapdos|Zapdos, L50|100\/100\n|turn|1\n|\n|t:|1699918844\n|-terastallize|p1a: Regieleki|Ice\n|move|p2a: Tornadus|Rain Dance|p2a: Tornadus\n|-weather|RainDance\n|move|p1b: Urshifu|Sucker Punch|p2b: Zapdos\n|-damage|p2b: Zapdos|38\/100\n|move|p1a: Regieleki|Tera Blast|p2b: Zapdos|[anim] Tera Blast Ice\n|-supereffective|p2b: Zapdos\n|-damage|p2b: Zapdos|0 fnt\n|faint|p2b: Zapdos\n|\n|-weather|RainDance|[upkeep]\n|upkeep\n|\n|t:|1699918852\n|switch|p2b: Basculegion|Basculegion, L50, M|100\/100\n|turn|2\n|\n|t:|1699918865\n|-terastallize|p2b: Basculegion|Water\n|move|p2a: Tornadus|Tailwind|p2a: Tornadus\n|-sidestart|p2: MentalSyndrome|move: Tailwind\n|move|p1b: Urshifu|Sucker Punch|p2b: Basculegion\n|-damage|p2b: Basculegion|30\/100\n|move|p2b: Basculegion|Flip Turn|p1a: Regieleki\n|-enditem|p1a: Regieleki|Focus Sash\n|-damage|p1a: Regieleki|1\/100\n|\n|t:|1699918871\n|switch|p2b: Shiftry|Shiftry, L50, F|100\/100|[from] Flip Turn\n|-ability|p2b: Shiftry|Wind Rider|boost\n|-boost|p2b: Shiftry|atk|1\n|move|p1a: Regieleki|Electroweb|p2b: Shiftry|[spread] p2a,p2b\n|-supereffective|p2a: Tornadus\n|-resisted|p2b: Shiftry\n|-damage|p2a: Tornadus|45\/100\n|-damage|p2b: Shiftry|85\/100\n|-unboost|p2b: Shiftry|spe|1\n|\n|-weather|RainDance|[upkeep]\n|upkeep\n|turn|3\n|\n|t:|1699918885\n|move|p2b: Shiftry|Fake Out|p1b: Urshifu\n|-damage|p1b: Urshifu|82\/100\n|cant|p1b: Urshifu|flinch\n|move|p2a: Tornadus|Bleakwind Storm|p1b: Urshifu|[spread] p1a,p1b\n|-supereffective|p1b: Urshifu\n|-damage|p1a: Regieleki|0 fnt\n|-damage|p1b: Urshifu|0 fnt\n|faint|p1a: Regieleki\n|faint|p1b: Urshifu\n|\n|-weather|RainDance|[upkeep]\n|upkeep\n|\n|t:|1699918895\n|switch|p1a: Flutter Mane|Flutter Mane, L50|100\/100\n|switch|p1b: Rillaboom|Rillaboom, L50, M|100\/100\n|-fieldstart|move: Grassy Terrain|[from] ability: Grassy Surge|[of] p1b: Rillaboom\n|-enditem|p1a: Flutter Mane|Booster Energy\n|-activate|p1a: Flutter Mane|ability: Protosynthesis|[fromitem]\n|-start|p1a: Flutter Mane|protosynthesisspe\n|turn|4\n|\n|t:|1699918913\n|move|p2b: Shiftry|Protect|p2b: Shiftry\n|-singleturn|p2b: Shiftry|Protect\n|move|p1b: Rillaboom|Fake Out|p2b: Shiftry\n|-activate|p2b: Shiftry|move: Protect\n|move|p2a: Tornadus|Bleakwind Storm|p1a: Flutter Mane|[spread] p1a,p1b\n|-supereffective|p1b: Rillaboom\n|-damage|p1a: Flutter Mane|68\/100\n|-damage|p1b: Rillaboom|25\/100\n|move|p1a: Flutter Mane|Dazzling Gleam|p2a: Tornadus|[spread] p2a\n|-activate|p2b: Shiftry|move: Protect\n|-damage|p2a: Tornadus|5\/100\n|\n|-weather|RainDance|[upkeep]\n|-heal|p1a: Flutter Mane|74\/100|[from] Grassy Terrain\n|-heal|p2b: Shiftry|91\/100|[from] Grassy Terrain\n|-heal|p1b: Rillaboom|32\/100|[from] Grassy Terrain\n|upkeep\n|turn|5\n|\n|t:|1699918930\n|move|p1a: Flutter Mane|Protect|p1a: Flutter Mane\n|-singleturn|p1a: Flutter Mane|Protect\n|move|p2b: Shiftry|Sucker Punch||[still]\n|-fail|p2b: Shiftry\n|move|p1b: Rillaboom|Grassy Glide|p2a: Tornadus\n|-resisted|p2a: Tornadus\n|-damage|p2a: Tornadus|0 fnt\n|faint|p2a: Tornadus\n|\n|-weather|none\n|-heal|p1a: Flutter Mane|80\/100|[from] Grassy Terrain\n|-heal|p2b: Shiftry|97\/100|[from] Grassy Terrain\n|-heal|p1b: Rillaboom|38\/100|[from] Grassy Terrain\n|-sideend|p2: MentalSyndrome|move: Tailwind\n|upkeep\n|\n|t:|1699918932\n|switch|p2a: Basculegion|Basculegion, L50, M, tera:Water|30\/100\n|turn|6\n|\n|t:|1699918951\n|move|p1a: Flutter Mane|Protect|p1a: Flutter Mane\n|-singleturn|p1a: Flutter Mane|Protect\n|move|p1b: Rillaboom|Grassy Glide|p2a: Basculegion\n|-supereffective|p2a: Basculegion\n|-damage|p2a: Basculegion|0 fnt\n|faint|p2a: Basculegion\n|move|p2b: Shiftry|Sucker Punch||[still]\n|-fail|p2b: Shiftry\n|\n|-heal|p1a: Flutter Mane|85\/100|[from] Grassy Terrain\n|-heal|p1b: Rillaboom|44\/100|[from] Grassy Terrain\n|-heal|p2b: Shiftry|100\/100|[from] Grassy Terrain\n|upkeep\n|turn|7\n|\n|t:|1699918969\n|move|p1a: Flutter Mane|Protect||[still]\n|-fail|p1a: Flutter Mane\n|move|p2b: Shiftry|Sucker Punch||[still]\n|-fail|p2b: Shiftry\n|move|p1b: Rillaboom|Wood Hammer|p2b: Shiftry\n|-resisted|p2b: Shiftry\n|-damage|p2b: Shiftry|32\/100\n|-damage|p1b: Rillaboom|19\/100|[from] Recoil\n|\n|-heal|p1a: Flutter Mane|91\/100|[from] Grassy Terrain\n|-heal|p1b: Rillaboom|25\/100|[from] Grassy Terrain\n|-heal|p2b: Shiftry|39\/100|[from] Grassy Terrain\n|upkeep\n|turn|8\n|\n|t:|1699918987\n|move|p2b: Shiftry|Protect|p2b: Shiftry\n|-singleturn|p2b: Shiftry|Protect\n|move|p1a: Flutter Mane|Shadow Ball|p2b: Shiftry\n|-activate|p2b: Shiftry|move: Protect\n|move|p1b: Rillaboom|Wood Hammer|p2b: Shiftry\n|-activate|p2b: Shiftry|move: Protect\n|\n|-heal|p1a: Flutter Mane|97\/100|[from] Grassy Terrain\n|-heal|p1b: Rillaboom|32\/100|[from] Grassy Terrain\n|-heal|p2b: Shiftry|45\/100|[from] Grassy Terrain\n|-fieldend|move: Grassy Terrain\n|upkeep\n|turn|9\n|\n|t:|1699919006\n|move|p2b: Shiftry|Sucker Punch|p1b: Rillaboom\n|-damage|p1b: Rillaboom|0 fnt\n|faint|p1b: Rillaboom\n|move|p1a: Flutter Mane|Shadow Ball|p2b: Shiftry\n|-resisted|p2b: Shiftry\n|-damage|p2b: Shiftry|16\/100\n|\n|upkeep\n|turn|10\n|\n|t:|1699919017\n|move|p2b: Shiftry|Protect|p2b: Shiftry\n|-singleturn|p2b: Shiftry|Protect\n|move|p1a: Flutter Mane|Moonblast|p2b: Shiftry\n|-activate|p2b: Shiftry|move: Protect\n|\n|upkeep\n|turn|11\n|\n|t:|1699919025\n|move|p1a: Flutter Mane|Protect|p1a: Flutter Mane\n|-singleturn|p1a: Flutter Mane|Protect\n|move|p2b: Shiftry|Sucker Punch||[still]\n|-fail|p2b: Shiftry\n|\n|upkeep\n|turn|12\n|\n|t:|1699919042\n|move|p1a: Flutter Mane|Protect||[still]\n|-fail|p1a: Flutter Mane\n|move|p2b: Shiftry|Sucker Punch||[still]\n|-fail|p2b: Shiftry\n|\n|upkeep\n|turn|13\n|\n|t:|1699919053\n|move|p1a: Flutter Mane|Protect|p1a: Flutter Mane\n|-singleturn|p1a: Flutter Mane|Protect\n|move|p2b: Shiftry|Protect||[still]\n|-fail|p2b: Shiftry\n|\n|upkeep\n|turn|14\n|\n|t:|1699919060\n|move|p1a: Flutter Mane|Protect||[still]\n|-fail|p1a: Flutter Mane\n|move|p2b: Shiftry|Sucker Punch||[still]\n|-fail|p2b: Shiftry\n|\n|upkeep\n|turn|15\n|\n|t:|1699919068\n|move|p1a: Flutter Mane|Protect|p1a: Flutter Mane\n|-singleturn|p1a: Flutter Mane|Protect\n|move|p2b: Shiftry|Protect||[still]\n|-fail|p2b: Shiftry\n|\n|upkeep\n|turn|16\n|\n|t:|1699919073\n|move|p1a: Flutter Mane|Protect||[still]\n|-fail|p1a: Flutter Mane\n|move|p2b: Shiftry|Protect||[still]\n|-fail|p2b: Shiftry\n|\n|upkeep\n|turn|17\n|\n|t:|1699919087\n|move|p1a: Flutter Mane|Protect|p1a: Flutter Mane\n|-singleturn|p1a: Flutter Mane|Protect\n|move|p2b: Shiftry|Protect||[still]\n|-fail|p2b: Shiftry\n|\n|upkeep\n|turn|18\n|\n|t:|1699919092\n|move|p1a: Flutter Mane|Protect||[still]\n|-fail|p1a: Flutter Mane\n|move|p2b: Shiftry|Leaf Blade|p1a: Flutter Mane\n|-damage|p1a: Flutter Mane|0 fnt\n|faint|p1a: Flutter Mane\n|-end|p1a: Flutter Mane|Protosynthesis|[silent]\n|\n|win|MentalSyndrome\n|raw|SpooBear's rating: 1260 &rarr; <strong>1241<\/strong><br \/>(-19 for losing)\n|raw|MentalSyndrome's rating: 1338 &rarr; <strong>1354<\/strong><br \/>(+16 for winning)\n|c|\u2606MentalSyndrome|Gg lol\n|c|\u2606SpooBear|LOL\n|c|\u2606SpooBear|gg\n|c|\u2606MentalSyndrome|that was silly\n|c|\u2606SpooBear|fun mind game :)\n|l|\u2606SpooBear\n","uploadtime":1699919127,"views":19,"p1id":"spoobear","p2id":"mentalsyndrome","formatid":"gen9vgc2023regulatione","rating":1241,"private":0,"password":""}