{"id":"gen9vgc2023regulatione-1994569622","p1":"Toedscool4school","p2":"What4Eva","format":"[Gen 9] VGC 2023 Regulation E","log":"|j|\u2606Toedscool4school\n|j|\u2606What4Eva\n|t:|1700461567\n|gametype|doubles\n|player|p1|Toedscool4school|170|1575\n|player|p2|What4Eva|170|1721\n|teamsize|p1|6\n|teamsize|p2|6\n|gen|9\n|tier|[Gen 9] VGC 2023 Regulation E\n|rated|\n|rule|Species Clause: Limit one of each Pok\u00e9mon\n|rule|Item Clause: Limit one of each item\n|clearpoke\n|poke|p1|Flutter Mane, L50|\n|poke|p1|Landorus-Therian, L50, M|\n|poke|p1|Heatran, L50, F|\n|poke|p1|Amoonguss, L50, F|\n|poke|p1|Ogerpon-Wellspring, L50, F|\n|poke|p1|Cresselia, L50, F|\n|poke|p2|Dragonite, L50, M|\n|poke|p2|Tatsugiri-Stretchy, L50, F|\n|poke|p2|Flutter Mane, L50|\n|poke|p2|Glimmora, L50, M|\n|poke|p2|Chi-Yu, L50|\n|poke|p2|Dondozo, L50, F|\n|teampreview|4\n|inactive|Battle timer is ON: inactive players will automatically lose when time's up. (requested by Toedscool4school)\n|j| meowmeowjoe\n|inactive|Toedscool4school has 60 seconds left.\n|\n|t:|1700461603\n|start\n|switch|p1a: Landorus|Landorus-Therian, L50, M|100\/100\n|switch|p1b: Amoonguss|Amoonguss, L50, F, shiny|100\/100\n|switch|p2a: Flutter Mane|Flutter Mane, L50|100\/100\n|switch|p2b: Chi-Yu|Chi-Yu, L50|100\/100\n|-ability|p2b: Chi-Yu|Beads of Ruin\n|-ability|p1a: Landorus|Intimidate|boost\n|-unboost|p2a: Flutter Mane|atk|1\n|-unboost|p2b: Chi-Yu|atk|1\n|-enditem|p2a: Flutter Mane|Booster Energy\n|-activate|p2a: Flutter Mane|ability: Protosynthesis|[fromitem]\n|-start|p2a: Flutter Mane|protosynthesisspe\n|turn|1\n|inactive|What4Eva has 30 seconds left.\n|\n|t:|1700461630\n|switch|p1a: Heatran|Heatran, L50, F|100\/100\n|-terastallize|p1b: Amoonguss|Water\n|move|p2a: Flutter Mane|Icy Wind|p1a: Heatran|[spread] p1a,p1b\n|-resisted|p1a: Heatran\n|-resisted|p1b: Amoonguss\n|-damage|p1a: Heatran|97\/100\n|-damage|p1b: Amoonguss|93\/100\n|-unboost|p1a: Heatran|spe|1\n|-unboost|p1b: Amoonguss|spe|1\n|move|p2b: Chi-Yu|Heat Wave|p1a: Heatran|[spread] p1b\n|-start|p1a: Heatran|ability: Flash Fire\n|-resisted|p1b: Amoonguss\n|-damage|p1b: Amoonguss|72\/100\n|move|p1b: Amoonguss|Spore|p2a: Flutter Mane\n|-status|p2a: Flutter Mane|slp|[from] move: Spore\n|\n|-heal|p1a: Heatran|100\/100|[from] item: Leftovers\n|upkeep\n|turn|2\n|inactive|What4Eva has 30 seconds left.\n|inactive|Toedscool4school has 30 seconds left.\n|\n|t:|1700461669\n|cant|p2a: Flutter Mane|slp\n|move|p2b: Chi-Yu|Heat Wave|p1b: Amoonguss|[spread] p1b\n|-immune|p1a: Heatran|[from] ability: Flash Fire\n|-resisted|p1b: Amoonguss\n|-damage|p1b: Amoonguss|50\/100\n|move|p1a: Heatran|Heat Wave|p2b: Chi-Yu|[spread] p2a,p2b\n|-resisted|p2b: Chi-Yu\n|-damage|p2a: Flutter Mane|24\/100 slp\n|-damage|p2b: Chi-Yu|67\/100\n|move|p1b: Amoonguss|Spore|p2b: Chi-Yu\n|-status|p2b: Chi-Yu|slp|[from] move: Spore\n|\n|upkeep\n|turn|3\n|j| gpmeyers\n|\n|t:|1700461692\n|switch|p1b: Flutter Mane|Flutter Mane, L50|100\/100\n|-enditem|p1b: Flutter Mane|Booster Energy\n|-activate|p1b: Flutter Mane|ability: Protosynthesis|[fromitem]\n|-start|p1b: Flutter Mane|protosynthesisspe\n|cant|p2a: Flutter Mane|slp\n|cant|p2b: Chi-Yu|slp\n|move|p1a: Heatran|Heat Wave|p2b: Chi-Yu|[spread] \n|-miss|p1a: Heatran|p2a: Flutter Mane\n|-miss|p1a: Heatran|p2b: Chi-Yu\n|\n|upkeep\n|turn|4\n|l| gpmeyers\n|\n|t:|1700461708\n|move|p1b: Flutter Mane|Protect|p1b: Flutter Mane\n|-singleturn|p1b: Flutter Mane|Protect\n|cant|p2a: Flutter Mane|slp\n|cant|p2b: Chi-Yu|slp\n|move|p1a: Heatran|Heat Wave|p2b: Chi-Yu|[spread] p2a,p2b\n|-resisted|p2b: Chi-Yu\n|-damage|p2a: Flutter Mane|0 fnt\n|-damage|p2b: Chi-Yu|36\/100 slp\n|faint|p2a: Flutter Mane\n|-end|p2a: Flutter Mane|Protosynthesis|[silent]\n|\n|upkeep\n|\n|t:|1700461718\n|switch|p2a: Dondozo|Dondozo, L50, F|100\/100\n|turn|5\n|\n|t:|1700461735\n|switch|p2b: Tatsugiri|Tatsugiri-Stretchy, L50, F|100\/100\n|-activate|p2b: Tatsugiri|ability: Commander|[of] p2a: Dondozo\n|-boost|p2a: Dondozo|atk|2\n|-boost|p2a: Dondozo|spa|2\n|-boost|p2a: Dondozo|spe|2\n|-boost|p2a: Dondozo|def|2\n|-boost|p2a: Dondozo|spd|2\n|-end|p1b: Flutter Mane|Protosynthesis|[silent]\n|switch|p1b: Landorus|Landorus-Therian, L50, M|100\/100\n|-ability|p1b: Landorus|Intimidate|boost\n|-unboost|p2a: Dondozo|atk|1\n|-unboost|p2b: Tatsugiri|atk|1\n|move|p2a: Dondozo|Liquidation|p1a: Heatran\n|-supereffective|p1a: Heatran\n|-damage|p1a: Heatran|4\/100\n|-unboost|p1a: Heatran|def|1\n|move|p1a: Heatran|Heat Wave|p2b: Tatsugiri|[spread] p2a\n|-miss|p1a: Heatran|p2b: Tatsugiri\n|-resisted|p2a: Dondozo\n|-damage|p2a: Dondozo|91\/100\n|-status|p2a: Dondozo|brn\n|\n|-heal|p1a: Heatran|10\/100|[from] item: Leftovers\n|-damage|p2a: Dondozo|85\/100 brn|[from] brn\n|upkeep\n|turn|6\n|inactive|What4Eva has 30 seconds left.\n|\n|t:|1700461767\n|switch|p1b: Amoonguss|Amoonguss, L50, F, shiny, tera:Water|84\/100\n|move|p1a: Heatran|Protect|p1a: Heatran\n|-singleturn|p1a: Heatran|Protect\n|move|p2a: Dondozo|Liquidation|p1b: Amoonguss\n|-resisted|p1b: Amoonguss\n|-damage|p1b: Amoonguss|73\/100\n|-unboost|p1b: Amoonguss|def|1\n|-damage|p2a: Dondozo|69\/100 brn|[from] item: Rocky Helmet|[of] p1b: Amoonguss\n|\n|-heal|p1a: Heatran|16\/100|[from] item: Leftovers\n|-damage|p2a: Dondozo|63\/100 brn|[from] brn\n|upkeep\n|turn|7\n|\n|t:|1700461789\n|-end|p1a: Heatran|ability: Flash Fire|[silent]\n|switch|p1a: Landorus|Landorus-Therian, L50, M|100\/100\n|-ability|p1a: Landorus|Intimidate|boost\n|-unboost|p2a: Dondozo|atk|1\n|-unboost|p2b: Tatsugiri|atk|1\n|move|p2a: Dondozo|Earthquake|p1b: Amoonguss|[spread] p1b\n|-miss|p2a: Dondozo|p2b: Tatsugiri\n|-immune|p1a: Landorus\n|-damage|p1b: Amoonguss|64\/100\n|move|p1b: Amoonguss|Pollen Puff|p1a: Landorus\n|-immune|p1a: Landorus\n|\n|-damage|p2a: Dondozo|57\/100 brn|[from] brn\n|upkeep\n|turn|8\n|j| mpudi\n|inactive|What4Eva has 30 seconds left.\n|inactive|What4Eva has 20 seconds left.\n|\n|t:|1700461828\n|move|p2a: Dondozo|Liquidation|p1a: Landorus\n|-supereffective|p1a: Landorus\n|-damage|p1a: Landorus|61\/100\n|move|p1a: Landorus|U-turn|p2a: Dondozo\n|-damage|p2a: Dondozo|48\/100 brn\n|\n|t:|1700461833\n|switch|p1a: Heatran|Heatran, L50, F|16\/100|[from] U-turn\n|move|p1b: Amoonguss|Pollen Puff|p1a: Heatran\n|-heal|p1a: Heatran|66\/100\n|\n|-heal|p1a: Heatran|72\/100|[from] item: Leftovers\n|-damage|p2a: Dondozo|42\/100 brn|[from] brn\n|upkeep\n|turn|9\n|\n|t:|1700461843\n|switch|p1b: Landorus|Landorus-Therian, L50, M|61\/100\n|-ability|p1b: Landorus|Intimidate|boost\n|-unboost|p2a: Dondozo|atk|1\n|-unboost|p2b: Tatsugiri|atk|1\n|move|p1a: Heatran|Protect|p1a: Heatran\n|-singleturn|p1a: Heatran|Protect\n|move|p2a: Dondozo|Earthquake|p1b: Landorus|[spread] \n|-miss|p2a: Dondozo|p2b: Tatsugiri\n|-activate|p1a: Heatran|move: Protect\n|-immune|p1b: Landorus\n|\n|-heal|p1a: Heatran|78\/100|[from] item: Leftovers\n|-damage|p2a: Dondozo|36\/100 brn|[from] brn\n|upkeep\n|turn|10\n|-message|What4Eva forfeited.\n|\n|win|Toedscool4school\n|raw|Toedscool4school's rating: 1575 &rarr; <strong>1603<\/strong><br \/>(+28 for winning)\n|raw|What4Eva's rating: 1721 &rarr; <strong>1693<\/strong><br \/>(-28 for losing)\n|l|\u2606What4Eva\n","uploadtime":1700461855,"views":7,"p1id":"toedscool4school","p2id":"what4eva","formatid":"gen9vgc2023regulatione","rating":1603,"private":0,"password":""}