{"id":"gen9vgc2023regulatione-1989872518","p1":"sebasol123","p2":"swimED","format":"[Gen 9] VGC 2023 Regulation E","log":"|j|\u2606sebasol123\n|j|\u2606swimED\n|t:|1699902785\n|gametype|doubles\n|player|p1|sebasol123|nate|1265\n|player|p2|swimED|psychic-gen4|1167\n|teamsize|p1|6\n|teamsize|p2|6\n|gen|9\n|tier|[Gen 9] VGC 2023 Regulation E\n|rated|\n|rule|Species Clause: Limit one of each Pok\u00e9mon\n|rule|Item Clause: Limit one of each item\n|clearpoke\n|poke|p1|Kleavor, L50, M|\n|poke|p1|Gastrodon-East, L50, F|\n|poke|p1|Sinistcha, L50|\n|poke|p1|Chi-Yu, L50|\n|poke|p1|Iron Hands, L50|\n|poke|p1|Goodra-Hisui, L50, F|\n|poke|p2|Gholdengo, L50|\n|poke|p2|Tornadus, L50, M|\n|poke|p2|Landorus-Therian, L50, M|\n|poke|p2|Iron Hands, L50|\n|poke|p2|Urshifu-*, L50, M|\n|poke|p2|Flutter Mane, L50|\n|teampreview|4\nswimED has agreed to open team sheets.\nsebasol123 has agreed to open team sheets.\n|inactive|Battle timer is ON: inactive players will automatically lose when time's up. (requested by swimED)\n|inactive|sebasol123 has 60 seconds left.\n|\n|t:|1699902851\n|start\n|switch|p1a: Iron Hands|Iron Hands, L50|100\/100\n|switch|p1b: Gastrodon|Gastrodon-East, L50, F|100\/100\n|switch|p2a: Tornadus|Tornadus, L50, M, shiny|100\/100\n|switch|p2b: Geb|Landorus-Therian, L50, M, shiny|100\/100\n|-ability|p2b: Geb|Intimidate|boost\n|-unboost|p1a: Iron Hands|atk|1\n|-unboost|p1b: Gastrodon|atk|1\n|turn|1\n|inactive|swimED has 30 seconds left.\n|\n|t:|1699902884\n|switch|p2b: Iron Hands|Iron Hands, L50|100\/100\n|move|p2a: Tornadus|Protect|p2a: Tornadus\n|-singleturn|p2a: Tornadus|Protect\n|move|p1a: Iron Hands|Fake Out|p2b: Iron Hands\n|-damage|p2b: Iron Hands|93\/100\n|move|p1b: Gastrodon|Ice Beam|p2b: Iron Hands\n|-damage|p2b: Iron Hands|78\/100\n|\n|upkeep\n|turn|2\n|\n|t:|1699902902\n|move|p2b: Iron Hands|Fake Out|p1b: Gastrodon\n|-damage|p1b: Gastrodon|83\/100\n|move|p2a: Tornadus|Tailwind|p2a: Tornadus\n|-sidestart|p2: swimED|move: Tailwind\n|move|p1a: Iron Hands|Wild Charge|p2a: Tornadus\n|-supereffective|p2a: Tornadus\n|-damage|p2a: Tornadus|0 fnt\n|faint|p2a: Tornadus\n|-damage|p1a: Iron Hands|84\/100|[from] Recoil\n|cant|p1b: Gastrodon|flinch\n|\n|upkeep\n|\n|t:|1699902912\n|switch|p2a: Geb|Landorus-Therian, L50, M, shiny|100\/100\n|-ability|p2a: Geb|Intimidate|boost\n|-unboost|p1a: Iron Hands|atk|1\n|-unboost|p1b: Gastrodon|atk|1\n|turn|3\n|\n|t:|1699902931\n|-terastallize|p2a: Geb|Flying\n|move|p2a: Geb|Tera Blast|p1a: Iron Hands|[anim] Tera Blast Flying\n|-damage|p1a: Iron Hands|45\/100\n|move|p2b: Iron Hands|Drain Punch|p1b: Gastrodon\n|-damage|p1b: Gastrodon|37\/100\n|-heal|p2b: Iron Hands|96\/100|[from] drain|[of] p1b: Gastrodon\n|move|p1a: Iron Hands|Heavy Slam|p2a: Geb\n|-damage|p2a: Geb|75\/100\n|move|p1b: Gastrodon|Ice Beam|p2a: Geb\n|-supereffective|p2a: Geb\n|-damage|p2a: Geb|1\/100\n|\n|upkeep\n|turn|4\n|inactive|sebasol123 has 30 seconds left.\n|\n|t:|1699902958\n|move|p2a: Geb|Tera Blast|p1a: Iron Hands|[anim] Tera Blast Flying\n|-damage|p1a: Iron Hands|3\/100\n|move|p2b: Iron Hands|Drain Punch|p1b: Gastrodon\n|-damage|p1b: Gastrodon|0 fnt\n|-heal|p2b: Iron Hands|100\/100|[from] drain|[of] p1b: Gastrodon\n|faint|p1b: Gastrodon\n|move|p1a: Iron Hands|Wild Charge|p2a: Geb\n|-supereffective|p2a: Geb\n|-damage|p2a: Geb|0 fnt\n|faint|p2a: Geb\n|-damage|p1a: Iron Hands|3\/100|[from] Recoil\n|\n|upkeep\n|\n|t:|1699902970\n|switch|p2a: Banshee|Flutter Mane, L50, shiny|100\/100\n|switch|p1b: Goodra|Goodra-Hisui, L50, F, shiny|100\/100\n|turn|5\n|\n|t:|1699902989\n|-terastallize|p1b: Goodra|Ghost\n|move|p2a: Banshee|Dazzling Gleam|p1b: Goodra|[spread] p1a,p1b\n|-supereffective|p1a: Iron Hands\n|-damage|p1a: Iron Hands|0 fnt\n|-damage|p1b: Goodra|68\/100\n|faint|p1a: Iron Hands\n|-end|p1a: Iron Hands|Quark Drive|[silent]\n|move|p2b: Iron Hands|Drain Punch|p1b: Goodra\n|-immune|p1b: Goodra\n|move|p1b: Goodra|Shelter|p1b: Goodra\n|-boost|p1b: Goodra|def|2\n|\n|-heal|p1b: Goodra|74\/100|[from] item: Leftovers\n|-sideend|p2: swimED|move: Tailwind\n|upkeep\n|\n|t:|1699902994\n|switch|p1a: Kleavor|Kleavor, L50, M|100\/100\n|turn|6\n|\n|t:|1699903006\n|move|p2a: Banshee|Dazzling Gleam|p1b: Goodra|[spread] p1a,p1b\n|-damage|p1a: Kleavor|39\/100\n|-damage|p1b: Goodra|44\/100\n|move|p1a: Kleavor|Stone Axe|p2a: Banshee\n|-damage|p2a: Banshee|0 fnt\n|-sidestart|p2: swimED|move: Stealth Rock\n|faint|p2a: Banshee\n|-end|p2a: Banshee|Protosynthesis|[silent]\n|move|p1b: Goodra|Ice Beam|p2b: Iron Hands\n|-damage|p2b: Iron Hands|85\/100\n|move|p2b: Iron Hands|Drain Punch|p1a: Kleavor\n|-damage|p1a: Kleavor|0 fnt\n|-heal|p2b: Iron Hands|97\/100|[from] drain|[of] p1a: Kleavor\n|faint|p1a: Kleavor\n|\n|-heal|p1b: Goodra|50\/100|[from] item: Leftovers\n|upkeep\n|turn|7\n|\n|t:|1699903023\n|move|p1b: Goodra|Shelter|p1b: Goodra\n|-boost|p1b: Goodra|def|2\n|move|p2b: Iron Hands|Wild Charge|p1b: Goodra\n|-damage|p1b: Goodra|35\/100\n|-damage|p2b: Iron Hands|95\/100|[from] Recoil\n|\n|-heal|p1b: Goodra|41\/100|[from] item: Leftovers\n|upkeep\n|turn|8\n|\n|t:|1699903032\n|move|p1b: Goodra|Protect|p1b: Goodra\n|-singleturn|p1b: Goodra|Protect\n|move|p2b: Iron Hands|Wild Charge|p1b: Goodra\n|-activate|p1b: Goodra|move: Protect\n|\n|-heal|p1b: Goodra|47\/100|[from] item: Leftovers\n|upkeep\n|turn|9\n|\n|t:|1699903038\n|move|p1b: Goodra|Shelter|p1b: Goodra\n|-boost|p1b: Goodra|def|2\n|move|p2b: Iron Hands|Wild Charge|p1b: Goodra\n|-damage|p1b: Goodra|35\/100\n|-damage|p2b: Iron Hands|93\/100|[from] Recoil\n|\n|-heal|p1b: Goodra|41\/100|[from] item: Leftovers\n|upkeep\n|turn|10\n|\n|t:|1699903049\n|move|p1b: Goodra|Protect|p1b: Goodra\n|-singleturn|p1b: Goodra|Protect\n|move|p2b: Iron Hands|Wild Charge|p1b: Goodra\n|-activate|p1b: Goodra|move: Protect\n|\n|-heal|p1b: Goodra|48\/100|[from] item: Leftovers\n|upkeep\n|turn|11\n|\n|t:|1699903056\n|move|p1b: Goodra|Body Press|p2b: Iron Hands\n|-damage|p2b: Iron Hands|37\/100\n|move|p2b: Iron Hands|Wild Charge|p1b: Goodra\n|-damage|p1b: Goodra|35\/100\n|-damage|p2b: Iron Hands|35\/100|[from] Recoil\n|\n|-heal|p1b: Goodra|41\/100|[from] item: Leftovers\n|upkeep\n|turn|12\n|\n|t:|1699903063\n|move|p1b: Goodra|Body Press|p2b: Iron Hands\n|-crit|p2b: Iron Hands\n|-damage|p2b: Iron Hands|0 fnt\n|faint|p2b: Iron Hands\n|-end|p2b: Iron Hands|Quark Drive|[silent]\n|\n|win|sebasol123\n|raw|sebasol123's rating: 1265 &rarr; <strong>1283<\/strong><br \/>(+18 for winning)\n|raw|swimED's rating: 1167 &rarr; <strong>1149<\/strong><br \/>(-18 for losing)\n|l|\u2606swimED\n","uploadtime":1699903117,"views":17,"p1id":"sebasol123","p2id":"swimed","formatid":"gen9vgc2023regulatione","rating":1149,"private":0,"password":""}