{"id":"gen9vgc2023regulatione-1991740331","p1":"Tazsea","p2":"ShadowForce64","format":"[Gen 9] VGC 2023 Regulation E","log":"|j|\u2606Tazsea\n|j|\u2606ShadowForce64\n|t:|1700109387\n|gametype|doubles\n|player|p1|Tazsea|iris-gen5bw2|1460\n|player|p2|ShadowForce64|crasherwake|1423\n|teamsize|p1|6\n|teamsize|p2|6\n|gen|9\n|tier|[Gen 9] VGC 2023 Regulation E\n|rated|\n|rule|Species Clause: Limit one of each Pok\u00e9mon\n|rule|Item Clause: Limit one of each item\n|clearpoke\n|poke|p1|Glimmora, L50, F|\n|poke|p1|Articuno-Galar, L50|\n|poke|p1|Kommo-o, L50, F|\n|poke|p1|Fezandipiti, L50, M|\n|poke|p1|Sinistcha, L50|\n|poke|p1|Mimikyu, L50, M|\n|poke|p2|Clefairy, L50, F|\n|poke|p2|Sinistcha, L50|\n|poke|p2|Landorus-Therian, L50, M|\n|poke|p2|Kommo-o, L50, M|\n|poke|p2|Tornadus, L50, M|\n|poke|p2|Flutter Mane, L50|\n|teampreview|4\n|inactive|Battle timer is ON: inactive players will automatically lose when time's up. (requested by Tazsea)\n|inactive|ShadowForce64 has 60 seconds left.\n|\n|t:|1700109427\n|start\n|switch|p1a: Kommo-o|Kommo-o, L50, F|100\/100\n|switch|p1b: Articuno|Articuno-Galar, L50|100\/100\n|switch|p2a: Clefairy|Clefairy, L50, F|100\/100\n|switch|p2b: Flutter Mane|Flutter Mane, L50|100\/100\n|turn|1\n|\n|t:|1700109446\n|-terastallize|p2b: Flutter Mane|Fairy\n|-terastallize|p1a: Kommo-o|Steel\n|move|p2a: Clefairy|Helping Hand|p2b: Flutter Mane\n|-singleturn|p2b: Flutter Mane|Helping Hand|[of] p2a: Clefairy\n|move|p2b: Flutter Mane|Dazzling Gleam|p1b: Articuno|[spread] p1a,p1b\n|-resisted|p1a: Kommo-o\n|-damage|p1a: Kommo-o|69\/100\n|-damage|p1b: Articuno|37\/100\n|-enditem|p1b: Articuno|Sitrus Berry|[eat]\n|-heal|p1b: Articuno|61\/100|[from] item: Sitrus Berry\n|move|p1b: Articuno|Freezing Glare|p2a: Clefairy\n|-damage|p2a: Clefairy|66\/100\n|-status|p2a: Clefairy|frz\n|move|p1a: Kommo-o|Iron Defense|p1a: Kommo-o\n|-boost|p1a: Kommo-o|def|2\n|\n|-heal|p1a: Kommo-o|75\/100|[from] item: Leftovers\n|upkeep\n|turn|2\n|\n|t:|1700109470\n|switch|p1b: Sinistcha|Sinistcha, L50|100\/100\n|-heal|p1a: Kommo-o|100\/100|[from] ability: Hospitality|[of] p1b: Sinistcha\n|cant|p2a: Clefairy|frz\n|move|p2b: Flutter Mane|Dazzling Gleam|p1b: Sinistcha|[spread] p1a,p1b\n|-resisted|p1a: Kommo-o\n|-damage|p1a: Kommo-o|82\/100\n|-damage|p1b: Sinistcha|47\/100\n|move|p1a: Kommo-o|Iron Head|p2b: Flutter Mane\n|-supereffective|p2b: Flutter Mane\n|-damage|p2b: Flutter Mane|4\/100\n|\n|-heal|p1a: Kommo-o|88\/100|[from] item: Leftovers\n|upkeep\n|turn|3\n|inactive|Tazsea has 30 seconds left.\n|\n|t:|1700109496\n|switch|p1b: Glimmora|Glimmora, L50, F|100\/100\n|cant|p2a: Clefairy|frz\n|move|p2b: Flutter Mane|Memento|p1a: Kommo-o\n|-unboost|p1a: Kommo-o|atk|2\n|-unboost|p1a: Kommo-o|spa|2\n|faint|p2b: Flutter Mane\n|-end|p2b: Flutter Mane|Protosynthesis|[silent]\n|move|p1a: Kommo-o|Iron Head|p2a: Clefairy\n|-supereffective|p2a: Clefairy\n|-damage|p2a: Clefairy|41\/100 frz\n|\n|-heal|p1a: Kommo-o|94\/100|[from] item: Leftovers\n|upkeep\n|\n|t:|1700109511\n|switch|p2b: Kommo-o|Kommo-o, L50, M|100\/100\n|turn|4\n|\n|t:|1700109526\n|cant|p2a: Clefairy|frz\n|move|p1b: Glimmora|Sludge Bomb|p2a: Clefairy\n|-supereffective|p2a: Clefairy\n|-damage|p2a: Clefairy|0 fnt\n|faint|p2a: Clefairy\n|move|p1a: Kommo-o|Iron Defense|p1a: Kommo-o\n|-boost|p1a: Kommo-o|def|2\n|move|p2b: Kommo-o|Drain Punch|p1a: Kommo-o\n|-supereffective|p1a: Kommo-o\n|-damage|p1a: Kommo-o|76\/100\n|\n|-heal|p1a: Kommo-o|82\/100|[from] item: Leftovers\n|upkeep\n|\n|t:|1700109538\n|switch|p2a: Sinistcha|Sinistcha, L50|100\/100\n|turn|5\n|inactive|Tazsea has 30 seconds left.\n|inactive|Tazsea has 20 seconds left.\n|inactive|Tazsea has 15 seconds left.\n|inactive|Tazsea has 10 seconds left.\n|\n|t:|1700109585\n|move|p2a: Sinistcha|Rage Powder|p2a: Sinistcha\n|-singleturn|p2a: Sinistcha|move: Rage Powder\n|move|p1b: Glimmora|Sludge Bomb|p2a: Sinistcha\n|-damage|p2a: Sinistcha|55\/100\n|move|p1a: Kommo-o|Iron Head|p2a: Sinistcha\n|-damage|p2a: Sinistcha|42\/100\n|-damage|p1a: Kommo-o|66\/100|[from] item: Rocky Helmet|[of] p2a: Sinistcha\n|move|p2b: Kommo-o|Clangorous Soul|p2b: Kommo-o\n|-boost|p2b: Kommo-o|atk|1\n|-boost|p2b: Kommo-o|def|1\n|-boost|p2b: Kommo-o|spa|1\n|-boost|p2b: Kommo-o|spd|1\n|-boost|p2b: Kommo-o|spe|1\n|-damage|p2b: Kommo-o|68\/100\n|\n|-heal|p2b: Kommo-o|74\/100|[from] item: Leftovers\n|-heal|p1a: Kommo-o|72\/100|[from] item: Leftovers\n|upkeep\n|turn|6\n|\n|t:|1700109606\n|move|p2b: Kommo-o|Drain Punch|p1b: Glimmora\n|-damage|p1b: Glimmora|34\/100\n|-heal|p2b: Kommo-o|100\/100|[from] drain|[of] p1b: Glimmora\n|-activate|p1b: Glimmora|ability: Toxic Debris\n|-sidestart|p2: ShadowForce64|move: Toxic Spikes\n|move|p1b: Glimmora|Sludge Bomb|p2a: Sinistcha\n|-damage|p2a: Sinistcha|0 fnt\n|faint|p2a: Sinistcha\n|move|p1a: Kommo-o|Body Press|p2b: Kommo-o\n|-damage|p2b: Kommo-o|26\/100\n|\n|-heal|p2b: Kommo-o|32\/100|[from] item: Leftovers\n|-heal|p1a: Kommo-o|78\/100|[from] item: Leftovers\n|upkeep\n|turn|7\n|inactive|Tazsea has 30 seconds left.\n|\n|t:|1700109637\n|move|p2b: Kommo-o|Protect|p2b: Kommo-o\n|-singleturn|p2b: Kommo-o|Protect\n|move|p1b: Glimmora|Power Gem|p2b: Kommo-o\n|-activate|p2b: Kommo-o|move: Protect\n|move|p1a: Kommo-o|Body Press|p2b: Kommo-o\n|-activate|p2b: Kommo-o|move: Protect\n|\n|-heal|p2b: Kommo-o|38\/100|[from] item: Leftovers\n|-heal|p1a: Kommo-o|85\/100|[from] item: Leftovers\n|upkeep\n|turn|8\n|\n|t:|1700109657\n|move|p2b: Kommo-o|Drain Punch|p1a: Kommo-o\n|-supereffective|p1a: Kommo-o\n|-damage|p1a: Kommo-o|57\/100\n|-heal|p2b: Kommo-o|52\/100|[from] drain|[of] p1a: Kommo-o\n|move|p1b: Glimmora|Power Gem|p2b: Kommo-o\n|-resisted|p2b: Kommo-o\n|-damage|p2b: Kommo-o|40\/100\n|move|p1a: Kommo-o|Body Press|p2b: Kommo-o\n|-damage|p2b: Kommo-o|0 fnt\n|faint|p2b: Kommo-o\n|\n|win|Tazsea\n|raw|Tazsea's rating: 1460 &rarr; <strong>1478<\/strong><br \/>(+18 for winning)\n|raw|ShadowForce64's rating: 1423 &rarr; <strong>1405<\/strong><br \/>(-18 for losing)\n|l|\u2606ShadowForce64\n","uploadtime":1700109722,"views":20,"p1id":"tazsea","p2id":"shadowforce64","formatid":"gen9vgc2023regulatione","rating":1405,"private":0,"password":""}