{"id":"gen9vgc2023regulatione-1995666953","p1":"Evil Yarrack","p2":"manolynx","format":"[Gen 9] VGC 2023 Regulation E","log":"|j|\u2606Evil Yarrack\n|j|\u2606manolynx\n|t:|1700592217\n|gametype|doubles\n|player|p1|Evil Yarrack|youngster-gen4dp|\n|player|p2|manolynx|jogger|\n|teamsize|p1|6\n|teamsize|p2|6\n|gen|9\n|tier|[Gen 9] VGC 2023 Regulation E\n|rule|Species Clause: Limit one of each Pok\u00e9mon\n|rule|Item Clause: Limit one of each item\n|clearpoke\n|poke|p1|Toxtricity, L50, F|\n|poke|p1|Oricorio-Sensu, L50, M|\n|poke|p1|Kommo-o, L50, F|\n|poke|p1|Grimmsnarl, L50, M|\n|poke|p1|Sinistcha-Masterpiece, L50|\n|poke|p1|Kingambit, L50, F|\n|poke|p2|Rillaboom, L50, F|\n|poke|p2|Chandelure, L50, M|\n|poke|p2|Forretress, L50, M|\n|poke|p2|Ninetales-Alola, L50, M|\n|poke|p2|Ursaluna, L50, F|\n|poke|p2|Farigiraf, L50, M|\n|teampreview|4\n|inactive|Battle timer is ON: inactive players will automatically lose when time's up. (requested by Evil Yarrack)\n|inactive|manolynx has 60 seconds left.\n|\n|t:|1700592251\n|start\n|switch|p1a: Oricorio|Oricorio-Sensu, L50, M|100\/100\n|switch|p1b: Kommo-o|Kommo-o, L50, F|100\/100\n|switch|p2a: Ninetales|Ninetales-Alola, L50, M|100\/100\n|switch|p2b: Forretress|Forretress, L50, M, shiny|100\/100\n|-weather|Snow|[from] ability: Snow Warning|[of] p2a: Ninetales\n|turn|1\n|\n|t:|1700592275\n|-terastallize|p1b: Kommo-o|Steel\n|move|p2a: Ninetales|Aurora Veil|p2a: Ninetales\n|-sidestart|p2: manolynx|move: Aurora Veil\n|move|p1a: Oricorio|Tailwind|p1a: Oricorio\n|-sidestart|p1: Evil Yarrack|move: Tailwind\n|move|p1b: Kommo-o|Clangorous Soul|p1b: Kommo-o\n|-boost|p1b: Kommo-o|atk|1\n|-boost|p1b: Kommo-o|def|1\n|-boost|p1b: Kommo-o|spa|1\n|-boost|p1b: Kommo-o|spd|1\n|-boost|p1b: Kommo-o|spe|1\n|-damage|p1b: Kommo-o|68\/100\n|-enditem|p1b: Kommo-o|Throat Spray\n|-boost|p1b: Kommo-o|spa|1|[from] item: Throat Spray\n|-activate|p1a: Oricorio|ability: Dancer\n|move|p1a: Oricorio|Clangorous Soul|p1a: Oricorio|[from]ability: Dancer\n|-boost|p1a: Oricorio|atk|1\n|-boost|p1a: Oricorio|def|1\n|-boost|p1a: Oricorio|spa|1\n|-boost|p1a: Oricorio|spd|1\n|-boost|p1a: Oricorio|spe|1\n|-damage|p1a: Oricorio|68\/100\n|move|p2b: Forretress|Toxic Spikes|p1b: Kommo-o\n|-sidestart|p1: Evil Yarrack|move: Toxic Spikes\n|\n|-weather|Snow|[upkeep]\n|upkeep\n|turn|2\n|inactive|Evil Yarrack has 30 seconds left.\n|inactive|manolynx has 30 seconds left.\n|inactive|manolynx has 20 seconds left.\n|inactive|manolynx has 15 seconds left.\n|inactive|manolynx has 10 seconds left.\n|\n|t:|1700592322\n|-terastallize|p2a: Ninetales|Dragon\n|move|p1a: Oricorio|Baton Pass|p1a: Oricorio\n|\n|t:|1700592327\n|switch|p1a: Toxtricity|Toxtricity, L50, F|100\/100|[from] Baton Pass\n|-sideend|p1: Evil Yarrack|move: Toxic Spikes|[of] p1a: Toxtricity\n|move|p1b: Kommo-o|Flash Cannon|p2a: Ninetales\n|-crit|p2a: Ninetales\n|-damage|p2a: Ninetales|0 fnt\n|faint|p2a: Ninetales\n|move|p2b: Forretress|Body Press|p1b: Kommo-o\n|-supereffective|p1b: Kommo-o\n|-damage|p1b: Kommo-o|30\/100\n|\n|-weather|Snow|[upkeep]\n|upkeep\n|inactive|manolynx has 30 seconds left.\n|\n|t:|1700592352\n|switch|p2a: Chandelure|Chandelure, L50, M, shiny|100\/100\n|turn|3\n|inactive|manolynx has 30 seconds left.\n|\n|t:|1700592385\n|move|p2a: Chandelure|Protect|p2a: Chandelure\n|-singleturn|p2a: Chandelure|Protect\n|move|p1b: Kommo-o|Clanging Scales|p2b: Forretress|[spread] p2b\n|-activate|p2a: Chandelure|move: Protect\n|-resisted|p2b: Forretress\n|-damage|p2b: Forretress|70\/100\n|-unboost|p1b: Kommo-o|def|1\n|move|p1a: Toxtricity|Overdrive|p2a: Chandelure|[spread] p2b\n|-activate|p2a: Chandelure|move: Protect\n|-damage|p2b: Forretress|0 fnt\n|faint|p2b: Forretress\n|\n|-weather|Snow|[upkeep]\n|upkeep\n|\n|t:|1700592400\n|switch|p2b: Ursaluna|Ursaluna, L50, F|100\/100\n|turn|4\n|\n|t:|1700592415\n|move|p1b: Kommo-o|Clanging Scales|p2a: Chandelure|[spread] p2a,p2b\n|-damage|p2a: Chandelure|23\/100\n|-damage|p2b: Ursaluna|57\/100\n|-unboost|p1b: Kommo-o|def|1\n|move|p1a: Toxtricity|Overdrive|p2a: Chandelure|[spread] p2a\n|-immune|p2b: Ursaluna\n|-damage|p2a: Chandelure|0 fnt\n|faint|p2a: Chandelure\n|move|p2b: Ursaluna|High Horsepower|p1a: Toxtricity\n|-supereffective|p1a: Toxtricity\n|-damage|p1a: Toxtricity|0 fnt\n|faint|p1a: Toxtricity\n|\n|-weather|Snow|[upkeep]\n|-sideend|p1: Evil Yarrack|move: Tailwind\n|-status|p2b: Ursaluna|brn|[from] item: Flame Orb\n|upkeep\n|\n|t:|1700592430\n|switch|p1a: Oricorio|Oricorio-Sensu, L50, M|68\/100\n|turn|5\n|\n|t:|1700592439\n|move|p1b: Kommo-o|Clanging Scales|p2b: Ursaluna\n|-damage|p2b: Ursaluna|3\/100 brn\n|-unboost|p1b: Kommo-o|def|1\n|move|p1a: Oricorio|Icy Wind|p2b: Ursaluna\n|-supereffective|p2b: Ursaluna\n|-damage|p2b: Ursaluna|0 fnt\n|faint|p2b: Ursaluna\n|\n|win|Evil Yarrack\n","uploadtime":1700592986,"views":1,"p1id":"evilyarrack","p2id":"manolynx","formatid":"gen9vgc2023regulatione","rating":0,"private":0,"password":""}