{"id":"gen9vgc2023regulatione-1996727576","p1":"SMAK TALK","p2":"superseriousboii","format":"[Gen 9] VGC 2023 Regulation E","log":"|j|\u2606SMAK TALK\n|j|\u2606superseriousboii\n|t:|1700715314\n|gametype|doubles\n|player|p1|SMAK TALK|265|1042\n|player|p2|superseriousboii|266|1000\n|teamsize|p1|6\n|teamsize|p2|6\n|gen|9\n|tier|[Gen 9] VGC 2023 Regulation E\n|rated|\n|rule|Species Clause: Limit one of each Pok\u00e9mon\n|rule|Item Clause: Limit one of each item\n|clearpoke\n|poke|p1|Armarouge, L50, F|\n|poke|p1|Fezandipiti, L50, M|\n|poke|p1|Scizor, L50, M|\n|poke|p1|Gholdengo, L50|\n|poke|p1|Basculegion, L50, M|\n|poke|p1|Thundurus, L50, M|\n|poke|p2|Sinistcha, L50|\n|poke|p2|Ursaluna-Bloodmoon, L50, M|\n|poke|p2|Oranguru, L50, F|\n|poke|p2|Arcanine-Hisui, L50, F|\n|poke|p2|Abomasnow, L50, M|\n|poke|p2|Glastrier, L50|\n|teampreview|4\nsuperseriousboii has agreed to open team sheets.\n|\n|t:|1700715355\n|start\n|switch|p1a: Gholdengo|Gholdengo, L50|100\/100\n|switch|p1b: Scizor|Scizor, L50, M|100\/100\n|switch|p2a: Oranguru|Oranguru, L50, F|100\/100\n|switch|p2b: Arcanine|Arcanine-Hisui, L50, F|100\/100\n|-ability|p2b: Arcanine|Intimidate|boost\n|-unboost|p1a: Gholdengo|atk|1\n|-unboost|p1b: Scizor|atk|1\n|turn|1\n|\n|t:|1700715373\n|move|p1a: Gholdengo|Trick|p2a: Oranguru\n|-activate|p1a: Gholdengo|move: Trick|[of] p2a: Oranguru\n|-item|p2a: Oranguru|Choice Scarf|[from] move: Trick\n|-item|p1a: Gholdengo|Mental Herb|[from] move: Trick\n|move|p1b: Scizor|Swords Dance|p1b: Scizor\n|-boost|p1b: Scizor|atk|2\n|move|p2b: Arcanine|Will-O-Wisp|p1b: Scizor\n|-status|p1b: Scizor|brn\n|move|p2a: Oranguru|Trick Room|p2a: Oranguru\n|-fieldstart|move: Trick Room|[of] p2a: Oranguru\n|\n|-damage|p1b: Scizor|94\/100 brn|[from] brn\n|upkeep\n|turn|2\n|\n|t:|1700715398\n|switch|p2a: Ursaluna|Ursaluna-Bloodmoon, L50, M|100\/100\n|move|p2b: Arcanine|Snarl|p1a: Gholdengo|[spread] p1a,p1b\n|-supereffective|p1a: Gholdengo\n|-damage|p1a: Gholdengo|77\/100\n|-damage|p1b: Scizor|80\/100 brn\n|-unboost|p1a: Gholdengo|spa|1\n|-unboost|p1b: Scizor|spa|1\n|move|p1b: Scizor|Swords Dance|p1b: Scizor\n|-boost|p1b: Scizor|atk|2\n|move|p1a: Gholdengo|Make It Rain|p2a: Ursaluna|[spread] p2a,p2b\n|-damage|p2a: Ursaluna|65\/100\n|-damage|p2b: Arcanine|69\/100\n|-unboost|p1a: Gholdengo|spa|1\n|\n|-heal|p2a: Ursaluna|70\/100|[from] item: Leftovers\n|-damage|p1b: Scizor|74\/100 brn|[from] brn\n|upkeep\n|turn|3\n|\n|t:|1700715440\n|move|p1b: Scizor|Bullet Punch|p2a: Ursaluna\n|-damage|p2a: Ursaluna|48\/100\n|move|p2a: Ursaluna|Blood Moon|p1b: Scizor\n|-resisted|p1b: Scizor\n|-damage|p1b: Scizor|29\/100 brn\n|move|p2b: Arcanine|Snarl|p1a: Gholdengo|[spread] p1a,p1b\n|-supereffective|p1a: Gholdengo\n|-damage|p1a: Gholdengo|55\/100\n|-damage|p1b: Scizor|16\/100 brn\n|-unboost|p1a: Gholdengo|spa|1\n|-unboost|p1b: Scizor|spa|1\n|move|p1a: Gholdengo|Power Gem|p2a: Ursaluna\n|-resisted|p2a: Ursaluna\n|-damage|p2a: Ursaluna|41\/100\n|\n|-heal|p2a: Ursaluna|47\/100|[from] item: Leftovers\n|-damage|p1b: Scizor|9\/100 brn|[from] brn\n|upkeep\n|turn|4\n|\n|t:|1700715463\n|switch|p2b: Oranguru|Oranguru, L50, F|100\/100\n|move|p2a: Ursaluna|Protect|p2a: Ursaluna\n|-singleturn|p2a: Ursaluna|Protect\n|move|p1b: Scizor|Bullet Punch|p2b: Oranguru\n|-damage|p2b: Oranguru|69\/100\n|move|p1a: Gholdengo|Trick|p2b: Oranguru\n|-activate|p1a: Gholdengo|move: Trick|[of] p2b: Oranguru\n|-item|p2b: Oranguru|Mental Herb|[from] move: Trick\n|-item|p1a: Gholdengo|Choice Scarf|[from] move: Trick\n|\n|-heal|p2a: Ursaluna|53\/100|[from] item: Leftovers\n|-damage|p1b: Scizor|3\/100 brn|[from] brn\n|upkeep\n|turn|5\n|\n|t:|1700715482\n|move|p1b: Scizor|Bullet Punch|p2a: Ursaluna\n|-damage|p2a: Ursaluna|30\/100\n|move|p2a: Ursaluna|Hyper Voice|p1b: Scizor|[spread] p1a,p1b\n|-resisted|p1a: Gholdengo\n|-resisted|p1b: Scizor\n|-damage|p1a: Gholdengo|38\/100\n|-damage|p1b: Scizor|0 fnt\n|faint|p1b: Scizor\n|move|p2b: Oranguru|Instruct|p2a: Ursaluna\n|-singleturn|p2a: Ursaluna|move: Instruct|[of] p2b: Oranguru\n|move|p2a: Ursaluna|Hyper Voice|p1a: Gholdengo\n|-resisted|p1a: Gholdengo\n|-damage|p1a: Gholdengo|14\/100\n|move|p1a: Gholdengo|Trick|p2a: Ursaluna\n|-activate|p1a: Gholdengo|move: Trick|[of] p2a: Ursaluna\n|-item|p2a: Ursaluna|Choice Scarf|[from] move: Trick\n|-item|p1a: Gholdengo|Leftovers|[from] move: Trick\n|\n|-heal|p1a: Gholdengo|20\/100|[from] item: Leftovers\n|-fieldend|move: Trick Room\n|upkeep\n|\n|t:|1700715497\n|switch|p1b: Thundurus|Thundurus, L50, M|100\/100\n|turn|6\n|\n|t:|1700715524\n|move|p1b: Thundurus|Eerie Impulse|p2a: Ursaluna\n|-unboost|p2a: Ursaluna|spa|2\n|move|p1a: Gholdengo|Power Gem|p2b: Oranguru\n|-damage|p2b: Oranguru|58\/100\n|move|p2a: Ursaluna|Hyper Voice|p1a: Gholdengo|[spread] p1a,p1b\n|-resisted|p1a: Gholdengo\n|-damage|p1a: Gholdengo|11\/100\n|-damage|p1b: Thundurus|85\/100\n|move|p2b: Oranguru|Trick Room|p2b: Oranguru\n|-fieldstart|move: Trick Room|[of] p2b: Oranguru\n|\n|-heal|p1a: Gholdengo|17\/100|[from] item: Leftovers\n|upkeep\n|turn|7\n|\n|t:|1700715557\n|move|p1b: Thundurus|Eerie Impulse|p2a: Ursaluna\n|-unboost|p2a: Ursaluna|spa|2\n|move|p2b: Oranguru|Instruct|p2a: Ursaluna\n|-singleturn|p2a: Ursaluna|move: Instruct|[of] p2b: Oranguru\n|move|p2a: Ursaluna|Hyper Voice|p1a: Gholdengo|[spread] p1a,p1b\n|-resisted|p1a: Gholdengo\n|-damage|p1a: Gholdengo|12\/100\n|-damage|p1b: Thundurus|75\/100\n|move|p2a: Ursaluna|Hyper Voice|p1b: Thundurus|[spread] p1a,p1b\n|-resisted|p1a: Gholdengo\n|-damage|p1a: Gholdengo|6\/100\n|-damage|p1b: Thundurus|64\/100\n|move|p1a: Gholdengo|Trick|p2a: Ursaluna\n|-activate|p1a: Gholdengo|move: Trick|[of] p2a: Ursaluna\n|-item|p2a: Ursaluna|Leftovers|[from] move: Trick\n|-item|p1a: Gholdengo|Choice Scarf|[from] move: Trick\n|\n|-heal|p2a: Ursaluna|36\/100|[from] item: Leftovers\n|upkeep\n|turn|8\n|\n|t:|1700715578\n|switch|p2a: Glastrier|Glastrier, L50|100\/100\n|move|p1b: Thundurus|Eerie Impulse|p2a: Glastrier\n|-unboost|p2a: Glastrier|spa|2\n|move|p2b: Oranguru|Foul Play|p1a: Gholdengo\n|-supereffective|p1a: Gholdengo\n|-damage|p1a: Gholdengo|0 fnt\n|faint|p1a: Gholdengo\n|\n|upkeep\n|\n|t:|1700715581\n|switch|p1a: Basculegion|Basculegion, L50, M|100\/100\n|turn|9\n|\n|t:|1700715601\n|-terastallize|p1a: Basculegion|Water\n|move|p1b: Thundurus|Eerie Impulse|p2b: Oranguru\n|-unboost|p2b: Oranguru|spa|2\n|move|p2a: Glastrier|Icicle Crash|p1b: Thundurus\n|-supereffective|p1b: Thundurus\n|-damage|p1b: Thundurus|0 fnt\n|faint|p1b: Thundurus\n|-ability|p2a: Glastrier|Chilling Neigh|boost\n|-boost|p2a: Glastrier|atk|1\n|move|p2b: Oranguru|Foul Play|p1a: Basculegion\n|-damage|p1a: Basculegion|59\/100\n|move|p1a: Basculegion|Wave Crash|p2a: Glastrier\n|-damage|p2a: Glastrier|15\/100\n|-damage|p1a: Basculegion|29\/100|[from] Recoil\n|\n|upkeep\n|turn|10\n|\n|t:|1700715619\n|move|p2a: Glastrier|Close Combat|p1a: Basculegion\n|-damage|p1a: Basculegion|0 fnt\n|-unboost|p2a: Glastrier|def|1\n|-unboost|p2a: Glastrier|spd|1\n|faint|p1a: Basculegion\n|\n|win|superseriousboii\n|raw|SMAK TALK's rating: 1042 &rarr; <strong>1024<\/strong><br \/>(-18 for losing)\n|raw|superseriousboii's rating: 1000 &rarr; <strong>1045<\/strong><br \/>(+45 for winning)\n|l|\u2606SMAK TALK\n","uploadtime":1700715626,"views":3,"p1id":"smaktalk","p2id":"superseriousboii","formatid":"gen9vgc2023regulatione","rating":1024,"private":0,"password":""}