{"id":"gen9vgc2023regulatione-1990965247","p1":"Scarfay","p2":"ColeAnimatesStuff","format":"[Gen 9] VGC 2023 Regulation E","log":"|j|\u2606Scarfay\n|j|\u2606ColeAnimatesStuff\n|t:|1700020708\n|gametype|doubles\n|player|p1|Scarfay|madame|1076\n|player|p2|ColeAnimatesStuff|cheryl|1048\n|teamsize|p1|6\n|teamsize|p2|6\n|gen|9\n|tier|[Gen 9] VGC 2023 Regulation E\n|rated|\n|rule|Species Clause: Limit one of each Pok\u00e9mon\n|rule|Item Clause: Limit one of each item\n|clearpoke\n|poke|p1|Weezing-Galar, L50, M|\n|poke|p1|Garganacl, L50, F|\n|poke|p1|Ursaluna-Bloodmoon, L50, M|\n|poke|p1|Grimmsnarl, L50, M|\n|poke|p1|Ogerpon-Hearthflame, L50, F|\n|poke|p1|Baxcalibur, L50, F|\n|poke|p2|Iron Hands, L50|\n|poke|p2|Gholdengo, L50|\n|poke|p2|Basculegion, L50, M|\n|poke|p2|Tornadus, L50, M|\n|poke|p2|Farigiraf, L50, M|\n|poke|p2|Arcanine, L50, M|\n|teampreview|4\n|\n|t:|1700020729\n|start\n|switch|p1a: goblin mode|Grimmsnarl, L50, M|100\/100\n|switch|p1b: shrek|Ogerpon-Hearthflame, L50, F|100\/100\n|switch|p2a: Tornadus|Tornadus, L50, M|100\/100\n|switch|p2b: Baldass|Iron Hands, L50, shiny|100\/100\n|-ability|p1b: shrek|Mold Breaker\n|turn|1\n|inactive|Battle timer is ON: inactive players will automatically lose when time's up. (requested by Scarfay)\n|\n|t:|1700020744\n|move|p1b: shrek|Spiky Shield|p1b: shrek\n|-singleturn|p1b: shrek|move: Protect\n|move|p2b: Baldass|Fake Out|p1b: shrek\n|-activate|p1b: shrek|move: Protect\n|-damage|p2b: Baldass|88\/100|[from] Spiky Shield|[of] p1b: shrek\n|move|p2a: Tornadus|Taunt|p1a: goblin mode\n|-hint|Since gen 7, Dark is immune to Prankster moves.\n|-immune|p1a: goblin mode\n|move|p1a: goblin mode|Light Screen|p1a: goblin mode\n|-sidestart|p1: Scarfay|move: Light Screen\n|\n|upkeep\n|turn|2\n|inactive|ColeAnimatesStuff has 30 seconds left.\n|\n|t:|1700020770\n|move|p2a: Tornadus|Tailwind|p2a: Tornadus\n|-sidestart|p2: ColeAnimatesStuff|move: Tailwind\n|move|p1a: goblin mode|Reflect|p1a: goblin mode\n|-sidestart|p1: Scarfay|Reflect\n|move|p1b: shrek|Ivy Cudgel|p2a: Tornadus|[anim] Ivy Cudgel Fire\n|-damage|p2a: Tornadus|29\/100\n|move|p2b: Baldass|Heavy Slam|p1b: shrek\n|-resisted|p1b: shrek\n|-damage|p1b: shrek|79\/100\n|\n|upkeep\n|turn|3\n|\n|t:|1700020786\n|switch|p1b: Bear|Ursaluna-Bloodmoon, L50, M|100\/100\n|-end|p2b: Baldass|Quark Drive|[silent]\n|switch|p2b: Basculegion|Basculegion, L50, M|100\/100\n|move|p2a: Tornadus|Rain Dance|p2a: Tornadus\n|-weather|RainDance\n|move|p1a: goblin mode|Parting Shot|p2b: Basculegion\n|-unboost|p2b: Basculegion|atk|1\n|-unboost|p2b: Basculegion|spa|1\n|\n|t:|1700020796\n|switch|p1a: shrek|Ogerpon-Hearthflame, L50, F|79\/100|[from] Parting Shot\n|-ability|p1a: shrek|Mold Breaker\n|\n|-weather|RainDance|[upkeep]\n|upkeep\n|turn|4\n|\n|t:|1700020812\n|-terastallize|p2b: Basculegion|Water\n|move|p2a: Tornadus|Taunt|p1b: Bear\n|-start|p1b: Bear|move: Taunt\n|move|p2b: Basculegion|Flip Turn|p1a: shrek\n|-damage|p1a: shrek|32\/100\n|\n|t:|1700020821\n|switch|p2b: Baldass|Iron Hands, L50, shiny|88\/100|[from] Flip Turn\n|move|p1a: shrek|Horn Leech|p2b: Baldass\n|-damage|p2b: Baldass|57\/100\n|-heal|p1a: shrek|59\/100|[from] drain|[of] p2b: Baldass\n|move|p1b: Bear|Blood Moon|p2a: Tornadus\n|-damage|p2a: Tornadus|0 fnt\n|faint|p2a: Tornadus\n|\n|-weather|RainDance|[upkeep]\n|upkeep\n|\n|t:|1700020835\n|switch|p2a: Basculegion|Basculegion, L50, M, tera:Water|100\/100\n|turn|5\n|\n|t:|1700020854\n|-terastallize|p1b: Bear|Ghost\n|move|p1a: shrek|Spiky Shield|p1a: shrek\n|-singleturn|p1a: shrek|move: Protect\n|move|p2a: Basculegion|Wave Crash|p1a: shrek\n|-activate|p1a: shrek|move: Protect\n|-damage|p2a: Basculegion|88\/100|[from] Spiky Shield|[of] p1a: shrek\n|move|p2b: Baldass|Drain Punch|p1b: Bear\n|-immune|p1b: Bear\n|move|p1b: Bear|Earth Power|p2b: Baldass\n|-supereffective|p2b: Baldass\n|-damage|p2b: Baldass|0 fnt\n|faint|p2b: Baldass\n|-end|p2b: Baldass|Quark Drive|[silent]\n|\n|-weather|RainDance|[upkeep]\n|-sideend|p2: ColeAnimatesStuff|move: Tailwind\n|upkeep\n|\n|t:|1700020857\n|switch|p2b: Mr Moneybags|Gholdengo, L50|100\/100\n|turn|6\n|\n|t:|1700020876\n|switch|p1b: goblin mode|Grimmsnarl, L50, M|100\/100\n|move|p2a: Basculegion|Wave Crash|p1a: shrek\n|-damage|p1a: shrek|0 fnt\n|faint|p1a: shrek\n|-damage|p2a: Basculegion|73\/100|[from] Recoil\n|move|p2b: Mr Moneybags|Shadow Ball|p1b: goblin mode\n|-resisted|p1b: goblin mode\n|-damage|p1b: goblin mode|86\/100\n|-unboost|p1b: goblin mode|spd|1\n|-damage|p2b: Mr Moneybags|91\/100|[from] item: Life Orb\n|\n|-weather|RainDance|[upkeep]\n|upkeep\n|\n|t:|1700020894\n|switch|p1a: Bear|Ursaluna-Bloodmoon, L50, M, tera:Ghost|100\/100\n|turn|7\n|\n|t:|1700020903\n|move|p1b: goblin mode|Parting Shot|p2a: Basculegion\n|-unboost|p2a: Basculegion|atk|1\n|-unboost|p2a: Basculegion|spa|1\n|\n|t:|1700020907\n|switch|p1b: minecraft|Garganacl, L50, F|100\/100|[from] Parting Shot\n|move|p2a: Basculegion|Wave Crash|p1a: Bear\n|-damage|p1a: Bear|46\/100\n|-damage|p2a: Basculegion|52\/100|[from] Recoil\n|move|p2b: Mr Moneybags|Shadow Ball|p1a: Bear\n|-supereffective|p1a: Bear\n|-damage|p1a: Bear|0 fnt\n|faint|p1a: Bear\n|-damage|p2b: Mr Moneybags|81\/100|[from] item: Life Orb\n|\n|-weather|none\n|upkeep\n|\n|t:|1700020919\n|switch|p1a: goblin mode|Grimmsnarl, L50, M|86\/100\n|turn|8\n|\n|t:|1700020930\n|move|p1a: goblin mode|Parting Shot|p2a: Basculegion\n|-unboost|p2a: Basculegion|atk|1\n|-unboost|p2a: Basculegion|spa|1\n|move|p2b: Mr Moneybags|Make It Rain|p1b: minecraft|[spread] p1a,p1b\n|-supereffective|p1a: goblin mode\n|-supereffective|p1b: minecraft\n|-damage|p1a: goblin mode|26\/100\n|-damage|p1b: minecraft|28\/100\n|-unboost|p2b: Mr Moneybags|spa|1\n|-damage|p2b: Mr Moneybags|71\/100|[from] item: Life Orb\n|move|p2a: Basculegion|Wave Crash|p1b: minecraft\n|-supereffective|p1b: minecraft\n|-damage|p1b: minecraft|0 fnt\n|faint|p1b: minecraft\n|-damage|p2a: Basculegion|43\/100|[from] Recoil\n|\n|-sideend|p1: Scarfay|move: Light Screen\n|upkeep\n|turn|9\n|\n|t:|1700020947\n|move|p2b: Mr Moneybags|Make It Rain|p1a: goblin mode\n|-supereffective|p1a: goblin mode\n|-damage|p1a: goblin mode|0 fnt\n|-unboost|p2b: Mr Moneybags|spa|1\n|faint|p1a: goblin mode\n|-damage|p2b: Mr Moneybags|61\/100|[from] item: Life Orb\n|\n|win|ColeAnimatesStuff\n|raw|Scarfay's rating: 1076 &rarr; <strong>1053<\/strong><br \/>(-23 for losing)\n|raw|ColeAnimatesStuff's rating: 1048 &rarr; <strong>1083<\/strong><br \/>(+35 for winning)\n|l|\u2606Scarfay\n","uploadtime":1700020958,"views":11,"p1id":"scarfay","p2id":"coleanimatesstuff","formatid":"gen9vgc2023regulatione","rating":1053,"private":0,"password":""}