{"id":"gen9vgc2023regulatione-1990560501","p1":"Kzjrzhzk","p2":"ForestKing0416","format":"[Gen 9] VGC 2023 Regulation E","log":"|j|\u2606Kzjrzhzk\n|j|\u2606ForestKing0416\n|t:|1699981499\n|gametype|doubles\n|player|p1|Kzjrzhzk|lance|1097\n|player|p2|ForestKing0416|2|1091\n|teamsize|p1|6\n|teamsize|p2|6\n|gen|9\n|tier|[Gen 9] VGC 2023 Regulation E\n|rated|\n|rule|Species Clause: Limit one of each Pok\u00e9mon\n|rule|Item Clause: Limit one of each item\n|clearpoke\n|poke|p1|Flutter Mane, L50|\n|poke|p1|Tornadus, L50, M|\n|poke|p1|Rillaboom, L50, F|\n|poke|p1|Garganacl, L50, M|\n|poke|p1|Arcanine-Hisui, L50, F|\n|poke|p1|Chien-Pao, L50|\n|poke|p2|Sinistcha, L50|\n|poke|p2|Kommo-o, L50, F|\n|poke|p2|Kingambit, L50, M|\n|poke|p2|Arcanine-Hisui, L50, M|\n|poke|p2|Veluza, L50, M|\n|poke|p2|Pawmot, L50, M|\n|teampreview|4\n|\n|t:|1699981529\n|start\n|switch|p1a: Tornadus|Tornadus, L50, M|100\/100\n|switch|p1b: Garganacl|Garganacl, L50, M|100\/100\n|switch|p2a: Kingambit|Kingambit, L50, M|100\/100\n|switch|p2b: Arcanine|Arcanine-Hisui, L50, M|100\/100\n|-ability|p2b: Arcanine|Intimidate|boost\n|-unboost|p1a: Tornadus|atk|1\n|-unboost|p1b: Garganacl|atk|1\n|turn|1\n|inactive|Battle timer is ON: inactive players will automatically lose when time's up. (requested by ForestKing0416)\n|\n|t:|1699981540\n|-terastallize|p1b: Garganacl|Ghost\n|move|p1a: Tornadus|Tailwind|p1a: Tornadus\n|-sidestart|p1: Kzjrzhzk|move: Tailwind\n|move|p2b: Arcanine|Rock Slide|p1a: Tornadus|[spread] p1a,p1b\n|-supereffective|p1a: Tornadus\n|-damage|p1a: Tornadus|0 fnt\n|-damage|p1b: Garganacl|74\/100\n|faint|p1a: Tornadus\n|move|p1b: Garganacl|Salt Cure|p2a: Kingambit\n|-resisted|p2a: Kingambit\n|-crit|p2a: Kingambit\n|-damage|p2a: Kingambit|93\/100\n|-start|p2a: Kingambit|Salt Cure\n|move|p2a: Kingambit|Iron Head|p1b: Garganacl\n|-damage|p1b: Garganacl|43\/100\n|-enditem|p1b: Garganacl|Sitrus Berry|[eat]\n|-heal|p1b: Garganacl|67\/100|[from] item: Sitrus Berry\n|\n|-damage|p2a: Kingambit|68\/100|[from] Salt Cure\n|upkeep\n|\n|t:|1699981547\n|switch|p1a: Rillaboom|Rillaboom, L50, F|100\/100\n|-fieldstart|move: Grassy Terrain|[from] ability: Grassy Surge|[of] p1a: Rillaboom\n|turn|2\n|\n|t:|1699981558\n|move|p1a: Rillaboom|Fake Out|p2b: Arcanine\n|-resisted|p2b: Arcanine\n|-damage|p2b: Arcanine|90\/100\n|cant|p2b: Arcanine|flinch\n|move|p1b: Garganacl|Iron Defense|p1b: Garganacl\n|-boost|p1b: Garganacl|def|2\n|move|p2a: Kingambit|Kowtow Cleave|p1b: Garganacl\n|-supereffective|p1b: Garganacl\n|-damage|p1b: Garganacl|32\/100\n|\n|-heal|p2b: Arcanine|96\/100|[from] Grassy Terrain\n|-heal|p1b: Garganacl|38\/100|[from] Grassy Terrain\n|-heal|p2a: Kingambit|74\/100|[from] Grassy Terrain\n|-damage|p2a: Kingambit|49\/100|[from] Salt Cure\n|upkeep\n|turn|3\n|\n|t:|1699981572\n|move|p1a: Rillaboom|Wood Hammer|p2b: Arcanine\n|-damage|p2b: Arcanine|0 fnt\n|faint|p2b: Arcanine\n|-damage|p1a: Rillaboom|74\/100|[from] Recoil\n|move|p1b: Garganacl|Recover|p1b: Garganacl\n|-heal|p1b: Garganacl|88\/100\n|move|p2a: Kingambit|Kowtow Cleave|p1b: Garganacl\n|-supereffective|p1b: Garganacl\n|-damage|p1b: Garganacl|54\/100\n|\n|-heal|p1a: Rillaboom|80\/100|[from] Grassy Terrain\n|-heal|p1b: Garganacl|59\/100|[from] Grassy Terrain\n|-heal|p2a: Kingambit|55\/100|[from] Grassy Terrain\n|-damage|p2a: Kingambit|30\/100|[from] Salt Cure\n|upkeep\n|\n|t:|1699981578\n|switch|p2b: Pawmot|Pawmot, L50, M|100\/100\n|turn|4\n|\n|t:|1699981588\n|move|p1b: Garganacl|Protect|p1b: Garganacl\n|-singleturn|p1b: Garganacl|Protect\n|move|p2b: Pawmot|Fake Out|p1a: Rillaboom\n|-crit|p1a: Rillaboom\n|-damage|p1a: Rillaboom|56\/100\n|-damage|p2b: Pawmot|91\/100|[from] item: Life Orb\n|cant|p1a: Rillaboom|flinch\n|move|p2a: Kingambit|Kowtow Cleave|p1b: Garganacl\n|-activate|p1b: Garganacl|move: Protect\n|\n|-heal|p1a: Rillaboom|61\/100|[from] Grassy Terrain\n|-heal|p2b: Pawmot|97\/100|[from] Grassy Terrain\n|-heal|p1b: Garganacl|65\/100|[from] Grassy Terrain\n|-heal|p2a: Kingambit|36\/100|[from] Grassy Terrain\n|-damage|p2a: Kingambit|12\/100|[from] Salt Cure\n|-sideend|p1: Kzjrzhzk|move: Tailwind\n|upkeep\n|turn|5\n|\n|t:|1699981608\n|move|p1a: Rillaboom|Grassy Glide|p2a: Kingambit\n|-resisted|p2a: Kingambit\n|-damage|p2a: Kingambit|0 fnt\n|faint|p2a: Kingambit\n|move|p2b: Pawmot|Ice Punch|p1a: Rillaboom\n|-supereffective|p1a: Rillaboom\n|-damage|p1a: Rillaboom|0 fnt\n|faint|p1a: Rillaboom\n|-damage|p2b: Pawmot|87\/100|[from] item: Life Orb\n|move|p1b: Garganacl|Iron Defense|p1b: Garganacl\n|-boost|p1b: Garganacl|def|2\n|\n|-heal|p2b: Pawmot|94\/100|[from] Grassy Terrain\n|-heal|p1b: Garganacl|71\/100|[from] Grassy Terrain\n|upkeep\n|\n|t:|1699981613\n|switch|p1a: Flutter Mane|Flutter Mane, L50|100\/100\n|switch|p2a: Sinistcha|Sinistcha, L50|100\/100\n|-heal|p2b: Pawmot|100\/100|[from] ability: Hospitality|[of] p2a: Sinistcha\n|-enditem|p1a: Flutter Mane|Booster Energy\n|-activate|p1a: Flutter Mane|ability: Protosynthesis|[fromitem]\n|-start|p1a: Flutter Mane|protosynthesisspe\n|turn|6\n|\n|t:|1699981623\n|move|p1a: Flutter Mane|Moonblast|p2b: Pawmot\n|-supereffective|p2b: Pawmot\n|-damage|p2b: Pawmot|0 fnt\n|faint|p2b: Pawmot\n|move|p2a: Sinistcha|Matcha Gotcha|p1a: Flutter Mane|[spread] p1b\n|-miss|p2a: Sinistcha|p1a: Flutter Mane\n|-damage|p1b: Garganacl|52\/100\n|move|p1b: Garganacl|Salt Cure|p2a: Sinistcha\n|-damage|p2a: Sinistcha|94\/100\n|-start|p2a: Sinistcha|Salt Cure\n|\n|-heal|p2a: Sinistcha|99\/100|[from] Grassy Terrain\n|-heal|p2a: Sinistcha|100\/100|[from] item: Leftovers\n|-heal|p1b: Garganacl|58\/100|[from] Grassy Terrain\n|-damage|p2a: Sinistcha|88\/100|[from] Salt Cure\n|-fieldend|move: Grassy Terrain\n|upkeep\n|turn|7\n|-message|ForestKing0416 forfeited.\n|\n|win|Kzjrzhzk\n|raw|Kzjrzhzk's rating: 1097 &rarr; <strong>1122<\/strong><br \/>(+25 for winning)\n|raw|ForestKing0416's rating: 1091 &rarr; <strong>1068<\/strong><br \/>(-23 for losing)\n|l|\u2606ForestKing0416\n","uploadtime":1699981637,"views":9,"p1id":"kzjrzhzk","p2id":"forestking0416","formatid":"gen9vgc2023regulatione","rating":1068,"private":0,"password":""}