{"id":"gen9vgc2023regulatione-1995042336","p1":"Veryskillguy","p2":"xxXRODILLAXxx","format":"[Gen 9] VGC 2023 Regulation E","log":"|j|\u2606Veryskillguy\n|j|\u2606xxXRODILLAXxx\n|t:|1700516357\n|gametype|doubles\n|player|p1|Veryskillguy|101|1155\n|player|p2|xxXRODILLAXxx|cameraman|1045\n|teamsize|p1|6\n|teamsize|p2|6\n|gen|9\n|tier|[Gen 9] VGC 2023 Regulation E\n|rated|\n|rule|Species Clause: Limit one of each Pok\u00e9mon\n|rule|Item Clause: Limit one of each item\n|clearpoke\n|poke|p1|Iron Hands, L50|\n|poke|p1|Ogerpon-Wellspring, L50, F|\n|poke|p1|Articuno-Galar, L50|\n|poke|p1|Wyrdeer, L50, M|\n|poke|p1|Chien-Pao, L50|\n|poke|p1|Landorus-Therian, L50, M|\n|poke|p2|Tornadus, L50, M|\n|poke|p2|Chien-Pao, L50|\n|poke|p2|Iron Bundle, L50|\n|poke|p2|Iron Hands, L50|\n|poke|p2|Chi-Yu, L50|\n|poke|p2|Dragonite, L50, M|\n|teampreview|4\n|inactive|Battle timer is ON: inactive players will automatically lose when time's up. (requested by Veryskillguy)\nxxXRODILLAXxx has agreed to open team sheets.\n|\n|t:|1700516381\n|start\n|switch|p1a: Iron Hands|Iron Hands, L50|100\/100\n|switch|p1b: Landorus|Landorus-Therian, L50, M|100\/100\n|switch|p2a: Tornadus|Tornadus, L50, M|100\/100\n|switch|p2b: Iron Bundle|Iron Bundle, L50|100\/100\n|-ability|p1b: Landorus|Intimidate|boost\n|-unboost|p2a: Tornadus|atk|1\n|-unboost|p2b: Iron Bundle|atk|1\n|-enditem|p2b: Iron Bundle|Booster Energy\n|-activate|p2b: Iron Bundle|ability: Quark Drive|[fromitem]\n|-start|p2b: Iron Bundle|quarkdrivespe\n|turn|1\n|inactive|xxXRODILLAXxx has 30 seconds left.\n|\n|t:|1700516408\n|switch|p1b: Wyrdeer|Wyrdeer, L50, M|100\/100\n|-ability|p1b: Wyrdeer|Intimidate|boost\n|-unboost|p2a: Tornadus|atk|1\n|-unboost|p2b: Iron Bundle|atk|1\n|move|p2b: Iron Bundle|Protect|p2b: Iron Bundle\n|-singleturn|p2b: Iron Bundle|Protect\n|move|p2a: Tornadus|Tailwind|p2a: Tornadus\n|-sidestart|p2: xxXRODILLAXxx|move: Tailwind\n|move|p1a: Iron Hands|Wild Charge|p2a: Tornadus\n|-supereffective|p2a: Tornadus\n|-damage|p2a: Tornadus|0 fnt\n|faint|p2a: Tornadus\n|-damage|p1a: Iron Hands|81\/100|[from] Recoil\n|\n|upkeep\n|\n|t:|1700516420\n|switch|p2a: Iron Hands|Iron Hands, L50|100\/100\n|turn|2\n|\n|t:|1700516436\n|switch|p1b: Landorus|Landorus-Therian, L50, M|100\/100\n|-ability|p1b: Landorus|Intimidate|boost\n|-unboost|p2a: Iron Hands|atk|1\n|-unboost|p2b: Iron Bundle|atk|1\n|move|p2a: Iron Hands|Fake Out|p1b: Landorus\n|-damage|p1b: Landorus|86\/100\n|move|p2b: Iron Bundle|Icy Wind|p1b: Landorus|[spread] p1a,p1b\n|-supereffective|p1b: Landorus\n|-damage|p1a: Iron Hands|70\/100\n|-damage|p1b: Landorus|0 fnt\n|-unboost|p1a: Iron Hands|spe|1\n|faint|p1b: Landorus\n|move|p1a: Iron Hands|Wild Charge|p2b: Iron Bundle\n|-supereffective|p2b: Iron Bundle\n|-damage|p2b: Iron Bundle|0 fnt\n|faint|p2b: Iron Bundle\n|-end|p2b: Iron Bundle|Quark Drive|[silent]\n|-damage|p1a: Iron Hands|54\/100|[from] Recoil\n|\n|upkeep\n|\n|t:|1700516451\n|switch|p2b: Chien-Pao|Chien-Pao, L50|100\/100\n|switch|p1b: Wyrdeer|Wyrdeer, L50, M|100\/100\n|-ability|p2b: Chien-Pao|Sword of Ruin\n|-ability|p1b: Wyrdeer|Intimidate|boost\n|-unboost|p2a: Iron Hands|atk|1\n|-unboost|p2b: Chien-Pao|atk|1\n|turn|3\n|\n|t:|1700516469\n|-terastallize|p1b: Wyrdeer|Fairy\n|move|p2b: Chien-Pao|Sucker Punch|p1a: Iron Hands\n|-resisted|p1a: Iron Hands\n|-damage|p1a: Iron Hands|42\/100\n|move|p2a: Iron Hands|Drain Punch|p1a: Iron Hands\n|-damage|p1a: Iron Hands|20\/100\n|move|p1a: Iron Hands|Drain Punch|p2b: Chien-Pao\n|-supereffective|p2b: Chien-Pao\n|-enditem|p2b: Chien-Pao|Focus Sash\n|-damage|p2b: Chien-Pao|1\/100\n|-heal|p1a: Iron Hands|53\/100|[from] drain|[of] p2b: Chien-Pao\n|move|p1b: Wyrdeer|Trick Room|p1b: Wyrdeer\n|-fieldstart|move: Trick Room|[of] p1b: Wyrdeer\n|\n|upkeep\n|turn|4\n|\n|t:|1700516493\n|-end|p1a: Iron Hands|Quark Drive|[silent]\n|switch|p1a: Articuno|Articuno-Galar, L50|100\/100\n|move|p2b: Chien-Pao|Protect|p2b: Chien-Pao\n|-singleturn|p2b: Chien-Pao|Protect\n|move|p1b: Wyrdeer|Skill Swap|p2b: Chien-Pao\n|-activate|p2b: Chien-Pao|move: Protect\n|move|p2a: Iron Hands|Heavy Slam|p1b: Wyrdeer\n|-supereffective|p1b: Wyrdeer\n|-damage|p1b: Wyrdeer|46\/100\n|\n|-sideend|p2: xxXRODILLAXxx|move: Tailwind\n|upkeep\n|turn|5\n|\n|t:|1700516513\n|move|p1a: Articuno|Protect|p1a: Articuno\n|-singleturn|p1a: Articuno|Protect\n|move|p2b: Chien-Pao|Sucker Punch||[still]\n|-fail|p2b: Chien-Pao\n|move|p2a: Iron Hands|Heavy Slam|p1b: Wyrdeer\n|-supereffective|p1b: Wyrdeer\n|-damage|p1b: Wyrdeer|0 fnt\n|faint|p1b: Wyrdeer\n|\n|upkeep\n|\n|t:|1700516522\n|switch|p1b: Iron Hands|Iron Hands, L50|53\/100\n|turn|6\n|\n|t:|1700516533\n|move|p2b: Chien-Pao|Protect|p2b: Chien-Pao\n|-singleturn|p2b: Chien-Pao|Protect\n|move|p1b: Iron Hands|Fake Out|p2b: Chien-Pao\n|-activate|p2b: Chien-Pao|move: Protect\n|move|p2a: Iron Hands|Wild Charge|p1a: Articuno\n|-supereffective|p1a: Articuno\n|-damage|p1a: Articuno|12\/100\n|-damage|p2a: Iron Hands|86\/100|[from] Recoil\n|move|p1a: Articuno|Freezing Glare|p2a: Iron Hands\n|-supereffective|p2a: Iron Hands\n|-damage|p2a: Iron Hands|27\/100\n|\n|upkeep\n|turn|7\n|inactive|Veryskillguy has 30 seconds left.\n|\n|t:|1700516563\n|-terastallize|p2b: Chien-Pao|Ghost\n|move|p1a: Articuno|Protect|p1a: Articuno\n|-singleturn|p1a: Articuno|Protect\n|move|p1b: Iron Hands|Drain Punch|p2b: Chien-Pao\n|-immune|p2b: Chien-Pao\n|move|p2a: Iron Hands|Drain Punch|p1b: Iron Hands\n|-damage|p1b: Iron Hands|30\/100\n|-heal|p2a: Iron Hands|37\/100|[from] drain|[of] p1b: Iron Hands\n|move|p2b: Chien-Pao|Ice Spinner|p1a: Articuno\n|-activate|p1a: Articuno|move: Protect\n|\n|-fieldend|move: Trick Room\n|upkeep\n|turn|8\n|inactive|xxXRODILLAXxx has 30 seconds left.\n|\n|t:|1700516596\n|move|p2b: Chien-Pao|Sucker Punch|p1a: Articuno\n|-supereffective|p1a: Articuno\n|-damage|p1a: Articuno|0 fnt\n|faint|p1a: Articuno\n|move|p1b: Iron Hands|Wild Charge|p2b: Chien-Pao\n|-damage|p2b: Chien-Pao|0 fnt\n|faint|p2b: Chien-Pao\n|-damage|p1b: Iron Hands|29\/100|[from] Recoil\n|move|p2a: Iron Hands|Drain Punch|p1b: Iron Hands\n|-damage|p1b: Iron Hands|14\/100\n|-heal|p2a: Iron Hands|44\/100|[from] drain|[of] p1b: Iron Hands\n|\n|upkeep\n|turn|9\n|\n|t:|1700516609\n|move|p2a: Iron Hands|Drain Punch|p1b: Iron Hands\n|-damage|p1b: Iron Hands|0 fnt\n|-heal|p2a: Iron Hands|50\/100|[from] drain|[of] p1b: Iron Hands\n|faint|p1b: Iron Hands\n|-end|p1b: Iron Hands|Quark Drive|[silent]\n|\n|win|xxXRODILLAXxx\n|raw|Veryskillguy's rating: 1155 &rarr; <strong>1122<\/strong><br \/>(-33 for losing)\n|raw|xxXRODILLAXxx's rating: 1045 &rarr; <strong>1088<\/strong><br \/>(+43 for winning)\n|l|\u2606Veryskillguy\n|c|\u2606xxXRODILLAXxx|gg\n","uploadtime":1700516626,"views":18,"p1id":"veryskillguy","p2id":"xxxrodillaxxx","formatid":"gen9vgc2023regulatione","rating":1088,"private":0,"password":""}