{"id":"gen9vgc2023regulatione-1993358188","p1":"Yajuntuna1","p2":"BeasTxBrojacK","format":"[Gen 9] VGC 2023 Regulation E","log":"|j|\u2606Yajuntuna1\n|j|\u2606BeasTxBrojacK\n|t:|1700305373\n|gametype|doubles\n|player|p1|Yajuntuna1|169|\n|player|p2|BeasTxBrojacK|266|\n|teamsize|p1|6\n|teamsize|p2|6\n|gen|9\n|tier|[Gen 9] VGC 2023 Regulation E\n|rated|Tournament battle\n|rule|Species Clause: Limit one of each Pok\u00e9mon\n|rule|Item Clause: Limit one of each item\n|clearpoke\n|poke|p1|Amoonguss, L50, M|\n|poke|p1|Landorus-Therian, L50, M|\n|poke|p1|Iron Hands, L50|\n|poke|p1|Flutter Mane, L50|\n|poke|p1|Heatran, L50, F|\n|poke|p1|Chien-Pao, L50|\n|poke|p2|Iron Hands, L50|\n|poke|p2|Grimmsnarl, L50, M|\n|poke|p2|Heatran, L50, M|\n|poke|p2|Urshifu-*, L50, F|\n|poke|p2|Scream Tail, L50|\n|poke|p2|Landorus-Therian, L50, M|\n|teampreview|4\n|showteam|p1|Amoonguss||RockyHelmet|Regenerator|PollenPuff,RagePowder,Spore,Protect|||M|||50|,,,,,Water]Landorus-Therian||ChoiceScarf|Intimidate|TeraBlast,Uturn,StompingTantrum,RockSlide|||M|||50|,,,,,Flying]Iron Hands||AssaultVest|QuarkDrive|FakeOut,WildCharge,DrainPunch,HeavySlam||||||50|,,,,,Water]Flutter Mane||BoosterEnergy|Protosynthesis|Moonblast,ShadowBall,DazzlingGleam,Protect||||||50|,,,,,Fairy]Heatran||Leftovers|FlashFire|MagmaStorm,FlashCannon,EarthPower,Protect|||F|||50|,,,,,Grass]Chien-Pao||FocusSash|SwordofRuin|IcicleCrash,SuckerPunch,SacredSword,Protect||||||50|,,,,,Ghost\n|showteam|p2|Iron Hands||ClearAmulet|QuarkDrive|DrainPunch,SwordsDance,Detect,ThunderPunch||||||50|,,,,,Flying]Grimmsnarl||MentalHerb|Prankster|ThunderWave,Taunt,FakeOut,SuckerPunch|||M|||50|,,,,,Ground]Heatran||AirBalloon|FlashFire|HeatWave,FlashCannon,DarkPulse,Protect|||M|||50|,,,,,Grass]Urshifu||ExpertBelt|UnseenFist|BrickBreak,IcePunch,WickedBlow,Protect|||F|||50|,,,,,Steel]Scream Tail||BoosterEnergy|Protosynthesis|ThunderWave,Encore,Disable,Reflect||||||50|,,,,,Ground]Landorus-Therian||AguavBerry|Intimidate|StompingTantrum,RockSlide,Crunch,Protect|||M|||50|,,,,,Dark\n|j| viaan\n|l| viaan\n|j|+Corthius\n|l|+Corthius\n|inactive|Battle timer is ON: inactive players will automatically lose when time's up. (requested by Yajuntuna1)\n|\n|t:|1700305410\n|start\n|switch|p1a: Iron Hands|Iron Hands, L50|100\/100\n|switch|p1b: Flutter Mane|Flutter Mane, L50|100\/100\n|switch|p2a: Jiren|Grimmsnarl, L50, M|100\/100\n|switch|p2b: Hikaru|Iron Hands, L50|100\/100\n|-enditem|p1b: Flutter Mane|Booster Energy\n|-activate|p1b: Flutter Mane|ability: Protosynthesis|[fromitem]\n|-start|p1b: Flutter Mane|protosynthesisspa\n|turn|1\n|inactive|Yajuntuna1 has 30 seconds left.\n|\n|t:|1700305435\n|-end|p2b: Hikaru|Quark Drive|[silent]\n|switch|p2b: Tails|Scream Tail, L50|100\/100\n|-enditem|p2b: Tails|Booster Energy\n|-activate|p2b: Tails|ability: Protosynthesis|[fromitem]\n|-start|p2b: Tails|protosynthesisspe\n|-terastallize|p1b: Flutter Mane|Fairy\n|move|p1a: Iron Hands|Fake Out|p2a: Jiren\n|-damage|p2a: Jiren|83\/100\n|cant|p2a: Jiren|flinch\n|move|p1b: Flutter Mane|Moonblast|p2a: Jiren\n|-supereffective|p2a: Jiren\n|-damage|p2a: Jiren|0 fnt\n|faint|p2a: Jiren\n|\n|upkeep\n|\n|t:|1700305449\n|switch|p2a: Hikaru|Iron Hands, L50|100\/100\n|turn|2\n|\n|t:|1700305460\n|-end|p1a: Iron Hands|Quark Drive|[silent]\n|switch|p1a: Amoonguss|Amoonguss, L50, M|100\/100\n|move|p2a: Hikaru|Detect|p2a: Hikaru\n|-singleturn|p2a: Hikaru|Protect\n|move|p2b: Tails|Thunder Wave|p1b: Flutter Mane\n|-status|p1b: Flutter Mane|par\n|cant|p1b: Flutter Mane|par\n|\n|upkeep\n|turn|3\n|\n|t:|1700305481\n|move|p2b: Tails|Thunder Wave|p1a: Amoonguss\n|-status|p1a: Amoonguss|par\n|move|p1b: Flutter Mane|Shadow Ball|p2b: Tails\n|-supereffective|p2b: Tails\n|-damage|p2b: Tails|24\/100\n|move|p2a: Hikaru|Thunder Punch|p1b: Flutter Mane\n|-damage|p1b: Flutter Mane|33\/100 par\n|cant|p1a: Amoonguss|par\n|\n|upkeep\n|turn|4\n|c|\u2606Yajuntuna1|Nice job flutter\n|c|\u2606Yajuntuna1|Nice job amoonguss\n|\n|t:|1700305502\n|move|p2b: Tails|Disable|p1b: Flutter Mane\n|-start|p1b: Flutter Mane|Disable|Shadow Ball\n|cant|p1b: Flutter Mane|par\n|move|p2a: Hikaru|Thunder Punch|p1b: Flutter Mane\n|-damage|p1b: Flutter Mane|0 fnt\n|faint|p1b: Flutter Mane\n|-end|p1b: Flutter Mane|Protosynthesis|[silent]\n|move|p1a: Amoonguss|Spore|p2a: Hikaru\n|-status|p2a: Hikaru|slp|[from] move: Spore\n|\n|upkeep\n|c|\u2606BeasTxBrojacK|lol\n|\n|t:|1700305510\n|switch|p1b: Landorus|Landorus-Therian, L50, M, shiny|100\/100\n|-ability|p1b: Landorus|Intimidate|boost\n|-fail|p2a: Hikaru|unboost|[from] item: Clear Amulet|[of] p2a: Hikaru\n|-unboost|p2b: Tails|atk|1\n|turn|5\n|\n|t:|1700305535\n|switch|p1a: Iron Hands|Iron Hands, L50|100\/100\n|-terastallize|p2a: Hikaru|Flying\n|cant|p2a: Hikaru|slp\n|move|p2b: Tails|Disable||[still]\n|-fail|p2b: Tails\n|move|p1b: Landorus|Stomping Tantrum|p2b: Tails\n|-damage|p2b: Tails|0 fnt\n|faint|p2b: Tails\n|-end|p2b: Tails|Protosynthesis|[silent]\n|\n|upkeep\n|\n|t:|1700305546\n|switch|p2b: Osu|Urshifu, L50, F|100\/100\n|turn|6\n|\n|t:|1700305556\n|switch|p1b: Amoonguss|Amoonguss, L50, M|100\/100 par\n|move|p2b: Osu|Ice Punch|p1b: Amoonguss\n|-supereffective|p1b: Amoonguss\n|-damage|p1b: Amoonguss|52\/100 par\n|-damage|p2b: Osu|84\/100|[from] item: Rocky Helmet|[of] p1b: Amoonguss\n|move|p1a: Iron Hands|Wild Charge|p2a: Hikaru\n|-supereffective|p2a: Hikaru\n|-damage|p2a: Hikaru|39\/100 slp\n|-damage|p1a: Iron Hands|85\/100|[from] Recoil\n|cant|p2a: Hikaru|slp\n|\n|upkeep\n|turn|7\n|inactive|BeasTxBrojacK has 30 seconds left.\n|j| SpidopsBiggestFan\n|inactive|BeasTxBrojacK has 20 seconds left.\n|\n|t:|1700305592\n|-curestatus|p2a: Hikaru|slp|[msg]\n|move|p2a: Hikaru|Detect|p2a: Hikaru\n|-singleturn|p2a: Hikaru|Protect\n|move|p2b: Osu|Wicked Blow|p1b: Amoonguss\n|-crit|p1b: Amoonguss\n|-damage|p1b: Amoonguss|1\/100 par\n|-damage|p2b: Osu|67\/100|[from] item: Rocky Helmet|[of] p1b: Amoonguss\n|move|p1a: Iron Hands|Wild Charge|p2a: Hikaru\n|-activate|p2a: Hikaru|move: Protect\n|move|p1b: Amoonguss|Spore|p2b: Osu\n|-status|p2b: Osu|slp|[from] move: Spore\n|\n|upkeep\n|turn|8\n|l| SpidopsBiggestFan\n|\n|t:|1700305613\n|switch|p1b: Landorus|Landorus-Therian, L50, M, shiny|100\/100\n|-ability|p1b: Landorus|Intimidate|boost\n|-fail|p2a: Hikaru|unboost|[from] item: Clear Amulet|[of] p2a: Hikaru\n|-unboost|p2b: Osu|atk|1\n|cant|p2b: Osu|slp\n|move|p1a: Iron Hands|Wild Charge|p2a: Hikaru\n|-supereffective|p2a: Hikaru\n|-damage|p2a: Hikaru|0 fnt\n|faint|p2a: Hikaru\n|-end|p2a: Hikaru|Quark Drive|[silent]\n|-damage|p1a: Iron Hands|75\/100|[from] Recoil\n|\n|upkeep\n|turn|9\n|c|\u2606Yajuntuna1|This time actually nice job ammoongus\n|\n|t:|1700305626\n|move|p1b: Landorus|Stomping Tantrum|p2b: Osu\n|-damage|p2b: Osu|21\/100 slp\n|cant|p2b: Osu|slp\n|move|p1a: Iron Hands|Drain Punch|p2b: Osu\n|-supereffective|p2b: Osu\n|-damage|p2b: Osu|0 fnt\n|-heal|p1a: Iron Hands|82\/100|[from] drain|[of] p2b: Osu\n|faint|p2b: Osu\n|\n|win|Yajuntuna1\n|n|\u2606Yajuntuna1|yajuntuna1\n|n|\u2606BeasTxBrojacK|beastxbrojack\n|l|\u2606BeasTxBrojacK\n","uploadtime":1700305632,"views":14,"p1id":"yajuntuna1","p2id":"beastxbrojack","formatid":"gen9vgc2023regulatione","rating":0,"private":0,"password":""}