{"id":"gen9vgc2023regulatione-1998323197","p1":"PMTrainerMugi","p2":"wind_002","format":"[Gen 9] VGC 2023 Regulation E","log":"|j|\u2606PMTrainerMugi\n|j|\u2606wind_002\n|t:|1700929399\n|gametype|doubles\n|player|p1|PMTrainerMugi|iris-gen5bw2|1507\n|player|p2|wind_002|102|1558\n|teamsize|p1|6\n|teamsize|p2|6\n|gen|9\n|tier|[Gen 9] VGC 2023 Regulation E\n|rated|\n|rule|Species Clause: Limit one of each Pok\u00e9mon\n|rule|Item Clause: Limit one of each item\n|clearpoke\n|poke|p1|Ogerpon-Hearthflame, L50, F|\n|poke|p1|Ursaluna-Bloodmoon, L50, M|\n|poke|p1|Flutter Mane, L50|\n|poke|p1|Tornadus, L50, M|\n|poke|p1|Iron Hands, L50|\n|poke|p1|Urshifu-*, L50, F|\n|poke|p2|Iron Bundle, L50|\n|poke|p2|Flutter Mane, L50|\n|poke|p2|Chi-Yu, L50|\n|poke|p2|Iron Hands, L50|\n|poke|p2|Ogerpon-Wellspring, L50, F|\n|poke|p2|Landorus-Therian, L50, M|\n|teampreview|4\n|\n|t:|1700929446\n|start\n|switch|p1a: Tornadus|Tornadus, L50, M, shiny|100\/100\n|switch|p1b: Urshifu|Urshifu-Rapid-Strike, L50, F|100\/100\n|switch|p2a: Iron Hands|Iron Hands, L50|100\/100\n|switch|p2b: Chi-Yu|Chi-Yu, L50|100\/100\n|-ability|p2b: Chi-Yu|Beads of Ruin\n|turn|1\n|\n|t:|1700929463\n|move|p2a: Iron Hands|Fake Out|p1b: Urshifu\n|-crit|p1b: Urshifu\n|-damage|p1b: Urshifu|80\/100\n|move|p1a: Tornadus|Tailwind|p1a: Tornadus\n|-sidestart|p1: PMTrainerMugi|move: Tailwind\n|cant|p1b: Urshifu|flinch\n|move|p2b: Chi-Yu|Overheat|p1b: Urshifu\n|-resisted|p1b: Urshifu\n|-damage|p1b: Urshifu|9\/100\n|-unboost|p2b: Chi-Yu|spa|2\n|-damage|p2b: Chi-Yu|91\/100|[from] item: Life Orb\n|\n|upkeep\n|turn|2\n|\n|t:|1700929483\n|switch|p2b: Ogerpon|Ogerpon-Wellspring, L50, F|100\/100\n|move|p1b: Urshifu|U-turn|p2b: Ogerpon\n|-supereffective|p2b: Ogerpon\n|-damage|p2b: Ogerpon|41\/100\n|\n|t:|1700929495\n|switch|p1b: Flutter Mane|Flutter Mane, L50, shiny|100\/100|[from] U-turn\n|move|p1a: Tornadus|Bleakwind Storm|p2a: Iron Hands|[spread] p2a,p2b\n|-supereffective|p2b: Ogerpon\n|-damage|p2a: Iron Hands|84\/100\n|-damage|p2b: Ogerpon|0 fnt\n|faint|p2b: Ogerpon\n|move|p2a: Iron Hands|Wild Charge|p1a: Tornadus\n|-supereffective|p1a: Tornadus\n|-damage|p1a: Tornadus|0 fnt\n|faint|p1a: Tornadus\n|-damage|p2a: Iron Hands|65\/100|[from] Recoil\n|\n|upkeep\n|\n|t:|1700929512\n|switch|p2b: Flutter Mane|Flutter Mane, L50|100\/100\n|switch|p1a: Urshifu|Urshifu-Rapid-Strike, L50, F|9\/100\n|turn|3\n|\n|t:|1700929541\n|-terastallize|p1a: Urshifu|Water\n|-terastallize|p2a: Iron Hands|Fire\n|move|p1a: Urshifu|Surging Strikes|p2b: Flutter Mane\n|-crit|p2b: Flutter Mane\n|-damage|p2b: Flutter Mane|52\/100\n|-crit|p2b: Flutter Mane\n|-damage|p2b: Flutter Mane|5\/100\n|-crit|p2b: Flutter Mane\n|-damage|p2b: Flutter Mane|0 fnt\n|faint|p2b: Flutter Mane\n|-end|p2b: Flutter Mane|Protosynthesis|[silent]\n|-hitcount|p2: Flutter Mane|3\n|move|p1b: Flutter Mane|Moonblast|p2a: Iron Hands\n|-resisted|p2a: Iron Hands\n|-damage|p2a: Iron Hands|45\/100\n|move|p2a: Iron Hands|Drain Punch|p1a: Urshifu\n|-damage|p1a: Urshifu|0 fnt\n|-heal|p2a: Iron Hands|49\/100|[from] drain|[of] p1a: Urshifu\n|faint|p1a: Urshifu\n|\n|upkeep\n|\n|t:|1700929562\n|switch|p2b: Chi-Yu|Chi-Yu, L50|91\/100\n|switch|p1a: Ogerpon|Ogerpon-Hearthflame, L50, F|100\/100\n|-ability|p1a: Ogerpon|Mold Breaker\n|-ability|p2b: Chi-Yu|Beads of Ruin\n|turn|4\n|\n|t:|1700929576\n|move|p1a: Ogerpon|Spiky Shield|p1a: Ogerpon\n|-singleturn|p1a: Ogerpon|move: Protect\n|move|p1b: Flutter Mane|Moonblast|p2b: Chi-Yu\n|-crit|p2b: Chi-Yu\n|-damage|p2b: Chi-Yu|0 fnt\n|faint|p2b: Chi-Yu\n|move|p2a: Iron Hands|Heavy Slam|p1b: Flutter Mane\n|-supereffective|p1b: Flutter Mane\n|-damage|p1b: Flutter Mane|0 fnt\n|faint|p1b: Flutter Mane\n|-end|p1b: Flutter Mane|Protosynthesis|[silent]\n|\n|-sideend|p1: PMTrainerMugi|move: Tailwind\n|upkeep\n|turn|5\n|\n|t:|1700929593\n|move|p1a: Ogerpon|Swords Dance|p1a: Ogerpon\n|-boost|p1a: Ogerpon|atk|2\n|move|p2a: Iron Hands|Drain Punch|p1a: Ogerpon\n|-damage|p1a: Ogerpon|53\/100\n|-heal|p2a: Iron Hands|67\/100|[from] drain|[of] p1a: Ogerpon\n|\n|upkeep\n|turn|6\n|\n|t:|1700929607\n|move|p1a: Ogerpon|Spiky Shield|p1a: Ogerpon\n|-singleturn|p1a: Ogerpon|move: Protect\n|move|p2a: Iron Hands|Drain Punch|p2: Chi-Yu|[notarget]\n|-fail|p2a: Iron Hands\n|\n|upkeep\n|turn|7\n|\n|t:|1700929616\n|move|p1a: Ogerpon|Horn Leech|p2a: Iron Hands\n|-resisted|p2a: Iron Hands\n|-damage|p2a: Iron Hands|38\/100\n|-heal|p1a: Ogerpon|72\/100|[from] drain|[of] p2a: Iron Hands\n|move|p2a: Iron Hands|Drain Punch|p1a: Ogerpon\n|-damage|p1a: Ogerpon|22\/100\n|-heal|p2a: Iron Hands|58\/100|[from] drain|[of] p1a: Ogerpon\n|\n|upkeep\n|turn|8\n|\n|t:|1700929626\n|move|p1a: Ogerpon|Spiky Shield|p1a: Ogerpon\n|-singleturn|p1a: Ogerpon|move: Protect\n|move|p2a: Iron Hands|Drain Punch|p1a: Ogerpon\n|-activate|p1a: Ogerpon|move: Protect\n|-damage|p2a: Iron Hands|46\/100|[from] Spiky Shield|[of] p1a: Ogerpon\n|\n|upkeep\n|turn|9\n|\n|t:|1700929635\n|move|p1a: Ogerpon|Ivy Cudgel|p2a: Iron Hands|[anim] Ivy Cudgel Fire\n|-resisted|p2a: Iron Hands\n|-damage|p2a: Iron Hands|5\/100\n|move|p2a: Iron Hands|Drain Punch|p1a: Ogerpon\n|-damage|p1a: Ogerpon|0 fnt\n|-heal|p2a: Iron Hands|14\/100|[from] drain|[of] p1a: Ogerpon\n|faint|p1a: Ogerpon\n|\n|win|wind_002\n|raw|PMTrainerMugi's rating: 1507 &rarr; <strong>1490<\/strong><br \/>(-17 for losing)\n|raw|wind_002's rating: 1558 &rarr; <strong>1575<\/strong><br \/>(+17 for winning)\n|l|\u2606PMTrainerMugi\n|l|\u2606wind_002\n|j|\u2606wind_002\n|player|p2|wind_002|102\n","uploadtime":1700929743,"views":6,"p1id":"pmtrainermugi","p2id":"wind002","formatid":"gen9vgc2023regulatione","rating":1490,"private":0,"password":""}