{"id":"gen9vgc2023regulatione-1989881128","p1":"Allluckz","p2":"oRinNeGa7V1","format":"[Gen 9] VGC 2023 Regulation E","log":"|j|\u2606Allluckz\n|j|\u2606oRinNeGa7V1\n|t:|1699903496\n|gametype|doubles\n|player|p1|Allluckz|101|1381\n|player|p2|oRinNeGa7V1|miriam|1290\n|teamsize|p1|6\n|teamsize|p2|6\n|gen|9\n|tier|[Gen 9] VGC 2023 Regulation E\n|rated|\n|rule|Species Clause: Limit one of each Pok\u00e9mon\n|rule|Item Clause: Limit one of each item\n|clearpoke\n|poke|p1|Ursaluna-Bloodmoon, L50, M|\n|poke|p1|Flutter Mane, L50|\n|poke|p1|Goodra-Hisui, L50, F|\n|poke|p1|Ogerpon-Wellspring, L50, F|\n|poke|p1|Iron Hands, L50|\n|poke|p1|Chi-Yu, L50|\n|poke|p2|Moltres-Galar, L50|\n|poke|p2|Arcanine-Hisui, L50, M|\n|poke|p2|Munkidori, L50, M|\n|poke|p2|Sinistcha, L50|\n|poke|p2|Grimmsnarl, L50, M|\n|poke|p2|Milotic, L50, F|\n|teampreview|4\n|\n|t:|1699903533\n|start\n|switch|p1a: Flutter Mane|Flutter Mane, L50|100\/100\n|switch|p1b: Iron Hands|Iron Hands, L50|100\/100\n|switch|p2a: Moltres|Moltres-Galar, L50|100\/100\n|switch|p2b: Munkidori|Munkidori, L50, M|100\/100\n|-item|p1a: Flutter Mane|Booster Energy|[from] ability: Frisk|[of] p2b: Munkidori|[identify]\n|-item|p1b: Iron Hands|Assault Vest|[from] ability: Frisk|[of] p2b: Munkidori|[identify]\n|-enditem|p1a: Flutter Mane|Booster Energy\n|-activate|p1a: Flutter Mane|ability: Protosynthesis|[fromitem]\n|-start|p1a: Flutter Mane|protosynthesisspa\n|turn|1\n|\n|t:|1699903557\n|-terastallize|p2a: Moltres|Poison\n|move|p2b: Munkidori|Fake Out|p1b: Iron Hands\n|-damage|p1b: Iron Hands|96\/100\n|cant|p1b: Iron Hands|flinch\n|move|p2a: Moltres|Nasty Plot|p2a: Moltres\n|-boost|p2a: Moltres|spa|2\n|move|p1a: Flutter Mane|Trick Room|p1a: Flutter Mane\n|-fieldstart|move: Trick Room|[of] p1a: Flutter Mane\n|\n|upkeep\n|turn|2\n|\n|t:|1699903575\n|move|p2a: Moltres|Protect|p2a: Moltres\n|-singleturn|p2a: Moltres|Protect\n|move|p1b: Iron Hands|Wild Charge|p2a: Moltres\n|-activate|p2a: Moltres|move: Protect\n|move|p1a: Flutter Mane|Shadow Ball|p2b: Munkidori\n|-supereffective|p2b: Munkidori\n|-enditem|p2b: Munkidori|Focus Sash\n|-damage|p2b: Munkidori|1\/100\n|-unboost|p2b: Munkidori|spd|1\n|move|p2b: Munkidori|Parting Shot|p1a: Flutter Mane\n|-unboost|p1a: Flutter Mane|atk|1\n|-unboost|p1a: Flutter Mane|spa|1\n|\n|t:|1699903587\n|switch|p2b: Grimmsnarl|Grimmsnarl, L50, M|100\/100|[from] Parting Shot\n|\n|upkeep\n|turn|3\n|inactive|Battle timer is ON: inactive players will automatically lose when time's up. (requested by oRinNeGa7V1)\n|\n|t:|1699903628\n|-end|p1a: Flutter Mane|Protosynthesis|[silent]\n|switch|p1a: Goodra|Goodra-Hisui, L50, F|100\/100\n|move|p2b: Grimmsnarl|Reflect|p2b: Grimmsnarl\n|-sidestart|p2: oRinNeGa7V1|Reflect\n|move|p1b: Iron Hands|Wild Charge|p2a: Moltres\n|-damage|p2a: Moltres|65\/100\n|-damage|p1b: Iron Hands|88\/100|[from] Recoil\n|move|p2a: Moltres|Fiery Wrath|p1b: Iron Hands|[spread] p1a,p1b\n|-resisted|p1b: Iron Hands\n|-damage|p1a: Goodra|57\/100\n|-damage|p1b: Iron Hands|71\/100\n|\n|-heal|p1a: Goodra|63\/100|[from] item: Leftovers\n|upkeep\n|turn|4\n|inactive|Allluckz has 30 seconds left.\n|inactive|oRinNeGa7V1 has 30 seconds left.\n|\n|t:|1699903661\n|move|p2b: Grimmsnarl|Parting Shot|p1b: Iron Hands\n|-unboost|p1b: Iron Hands|atk|1\n|-unboost|p1b: Iron Hands|spa|1\n|\n|t:|1699903666\n|switch|p2b: Sinistcha|Sinistcha, L50|100\/100|[from] Parting Shot\n|-heal|p2a: Moltres|90\/100|[from] ability: Hospitality|[of] p2b: Sinistcha\n|move|p1b: Iron Hands|Wild Charge|p2a: Moltres\n|-damage|p2a: Moltres|66\/100\n|-damage|p1b: Iron Hands|66\/100|[from] Recoil\n|move|p1a: Goodra|Life Dew|p1a: Goodra|[spread] p1a,p1b\n|-heal|p1a: Goodra|88\/100\n|-heal|p1b: Iron Hands|91\/100\n|move|p2a: Moltres|Fiery Wrath|p1b: Iron Hands|[spread] p1a,p1b\n|-resisted|p1b: Iron Hands\n|-damage|p1a: Goodra|46\/100\n|-damage|p1b: Iron Hands|74\/100\n|\n|-heal|p1a: Goodra|52\/100|[from] item: Leftovers\n|upkeep\n|turn|5\n|\n|t:|1699903691\n|-end|p1b: Iron Hands|Quark Drive|[silent]\n|switch|p1b: Flutter Mane|Flutter Mane, L50|100\/100\n|-terastallize|p1a: Goodra|Fairy\n|move|p2b: Sinistcha|Rage Powder|p2b: Sinistcha\n|-singleturn|p2b: Sinistcha|move: Rage Powder\n|move|p1a: Goodra|Life Dew||[still]|[spread] p1a,p1b\n|-heal|p1a: Goodra|77\/100\n|-fail|p1b: Flutter Mane|heal\n|move|p2a: Moltres|Nasty Plot|p2a: Moltres\n|-boost|p2a: Moltres|spa|2\n|\n|-heal|p1a: Goodra|83\/100|[from] item: Leftovers\n|-fieldend|move: Trick Room\n|upkeep\n|turn|6\n|inactive|Allluckz has 30 seconds left.\n|inactive|Allluckz has 20 seconds left.\n|inactive|Allluckz has 15 seconds left.\n|inactive|Allluckz has 10 seconds left.\n|inactive|oRinNeGa7V1 has 30 seconds left.\n|inactive|Allluckz has 5 seconds left.\n|\n|t:|1699903743\n|move|p1b: Flutter Mane|Protect|p1b: Flutter Mane\n|-singleturn|p1b: Flutter Mane|Protect\n|move|p2b: Sinistcha|Rage Powder|p2b: Sinistcha\n|-singleturn|p2b: Sinistcha|move: Rage Powder\n|move|p2a: Moltres|Fiery Wrath|p1b: Flutter Mane|[spread] p1a\n|-activate|p1b: Flutter Mane|move: Protect\n|-resisted|p1a: Goodra\n|-damage|p1a: Goodra|52\/100\n|cant|p1a: Goodra|flinch\n|\n|-heal|p1a: Goodra|58\/100|[from] item: Leftovers\n|upkeep\n|turn|7\n|\n|t:|1699903764\n|move|p2b: Sinistcha|Rage Powder|p2b: Sinistcha\n|-singleturn|p2b: Sinistcha|move: Rage Powder\n|move|p2a: Moltres|Fiery Wrath|p1a: Goodra|[spread] p1a,p1b\n|-resisted|p1a: Goodra\n|-damage|p1a: Goodra|26\/100\n|-damage|p1b: Flutter Mane|20\/100\n|cant|p1a: Goodra|flinch\n|move|p1b: Flutter Mane|Trick Room|p1b: Flutter Mane\n|-fieldstart|move: Trick Room|[of] p1b: Flutter Mane\n|\n|-heal|p1a: Goodra|32\/100|[from] item: Leftovers\n|upkeep\n|turn|8\n|\n|t:|1699903787\n|switch|p2b: Grimmsnarl|Grimmsnarl, L50, M|100\/100\n|move|p2a: Moltres|Protect|p2a: Moltres\n|-singleturn|p2a: Moltres|Protect\n|move|p1a: Goodra|Heavy Slam|p2a: Moltres\n|-activate|p2a: Moltres|move: Protect\n|move|p1b: Flutter Mane|Shadow Ball|p2a: Moltres\n|-activate|p2a: Moltres|move: Protect\n|\n|-heal|p1a: Goodra|38\/100|[from] item: Leftovers\n|upkeep\n|turn|9\n|\n|t:|1699903801\n|move|p2b: Grimmsnarl|Light Screen|p2b: Grimmsnarl\n|-sidestart|p2: oRinNeGa7V1|move: Light Screen\n|move|p1a: Goodra|Heavy Slam|p2b: Grimmsnarl\n|-supereffective|p2b: Grimmsnarl\n|-damage|p2b: Grimmsnarl|47\/100\n|move|p2a: Moltres|Fiery Wrath|p1a: Goodra|[spread] p1a,p1b\n|-resisted|p1a: Goodra\n|-damage|p1a: Goodra|8\/100\n|-damage|p1b: Flutter Mane|0 fnt\n|faint|p1b: Flutter Mane\n|-end|p1b: Flutter Mane|Protosynthesis|[silent]\n|\n|-heal|p1a: Goodra|14\/100|[from] item: Leftovers\n|upkeep\n|\n|t:|1699903806\n|switch|p1b: Ursaluna|Ursaluna-Bloodmoon, L50, M|100\/100\n|turn|10\n|\n|t:|1699903819\n|move|p1b: Ursaluna|Protect|p1b: Ursaluna\n|-singleturn|p1b: Ursaluna|Protect\n|move|p2a: Moltres|Protect|p2a: Moltres\n|-singleturn|p2a: Moltres|Protect\n|move|p2b: Grimmsnarl|Parting Shot|p1b: Ursaluna\n|-activate|p1b: Ursaluna|move: Protect\n|move|p1a: Goodra|Heavy Slam|p2b: Grimmsnarl\n|-supereffective|p2b: Grimmsnarl\n|-damage|p2b: Grimmsnarl|0 fnt\n|faint|p2b: Grimmsnarl\n|\n|-heal|p1a: Goodra|20\/100|[from] item: Leftovers\n|-sideend|p2: oRinNeGa7V1|Reflect\n|upkeep\n|\n|t:|1699903825\n|switch|p2b: Munkidori|Munkidori, L50, M|1\/100\n|-item|p1a: Goodra|Leftovers|[from] ability: Frisk|[of] p2b: Munkidori|[identify]\n|-item|p1b: Ursaluna|Shell Bell|[from] ability: Frisk|[of] p2b: Munkidori|[identify]\n|turn|11\n|inactive|Allluckz has 30 seconds left.\n|\n|t:|1699903850\n|move|p2b: Munkidori|Fake Out|p1b: Ursaluna\n|-damage|p1b: Ursaluna|96\/100\n|cant|p1b: Ursaluna|flinch\n|move|p1a: Goodra|Heavy Slam|p2b: Munkidori\n|-damage|p2b: Munkidori|0 fnt\n|faint|p2b: Munkidori\n|move|p2a: Moltres|Fiery Wrath|p1a: Goodra|[spread] p1a,p1b\n|-resisted|p1a: Goodra\n|-damage|p1a: Goodra|0 fnt\n|-damage|p1b: Ursaluna|0 fnt\n|faint|p1a: Goodra\n|faint|p1b: Ursaluna\n|\n|-fieldend|move: Trick Room\n|upkeep\n|\n|t:|1699903862\n|switch|p2b: Sinistcha|Sinistcha, L50|100\/100\n|switch|p1b: Iron Hands|Iron Hands, L50|74\/100\n|-heal|p2a: Moltres|91\/100|[from] ability: Hospitality|[of] p2b: Sinistcha\n|turn|12\n|\n|t:|1699903873\n|move|p2b: Sinistcha|Rage Powder|p2b: Sinistcha\n|-singleturn|p2b: Sinistcha|move: Rage Powder\n|move|p2a: Moltres|Nasty Plot|p2a: Moltres\n|-boost|p2a: Moltres|spa|2\n|move|p1b: Iron Hands|Ice Punch|p2b: Sinistcha\n|-supereffective|p2b: Sinistcha\n|-damage|p2b: Sinistcha|46\/100\n|-damage|p1b: Iron Hands|57\/100|[from] item: Rocky Helmet|[of] p2b: Sinistcha\n|\n|upkeep\n|turn|13\n|\n|t:|1699903889\n|move|p2b: Sinistcha|Rage Powder|p2b: Sinistcha\n|-singleturn|p2b: Sinistcha|move: Rage Powder\n|move|p2a: Moltres|Fiery Wrath|p1b: Iron Hands\n|-resisted|p1b: Iron Hands\n|-damage|p1b: Iron Hands|16\/100\n|move|p1b: Iron Hands|Ice Punch|p2b: Sinistcha\n|-supereffective|p2b: Sinistcha\n|-damage|p2b: Sinistcha|0 fnt\n|-damage|p1b: Iron Hands|0 fnt|[from] item: Rocky Helmet|[of] p2b: Sinistcha\n|faint|p2b: Sinistcha\n|faint|p1b: Iron Hands\n|-end|p1b: Iron Hands|Quark Drive|[silent]\n|\n|win|oRinNeGa7V1\n|raw|Allluckz's rating: 1381 &rarr; <strong>1356<\/strong><br \/>(-25 for losing)\n|raw|oRinNeGa7V1's rating: 1290 &rarr; <strong>1321<\/strong><br \/>(+31 for winning)\n|l|\u2606Allluckz\n","uploadtime":1699903898,"views":10,"p1id":"allluckz","p2id":"orinnega7v1","formatid":"gen9vgc2023regulatione","rating":1321,"private":0,"password":""}