{"id":"gen9vgc2023regulatione-1988202957","p1":"ItsTobeeeee","p2":"namkison","format":"[Gen 9] VGC 2023 Regulation E","log":"|j|\u2606ItsTobeeeee\n|j|\u2606namkison\n|n|\u2606ItsTobeeeee|itstobeeeee\n|n|\u2606namkison|namkison\n|html|View the match progress at <a href=\"\/game-bestof3-gen9vgc2023regulatione-1988202956\">game-bestof3-gen9vgc2023regulatione-1988202956<\/a>\n|t:|1699684491\n|gametype|doubles\n|player|p1|ItsTobeeeee|skyla|\n|player|p2|namkison|cyclist|\n|teamsize|p1|6\n|teamsize|p2|6\n|gen|9\n|tier|[Gen 9] VGC 2023 Regulation E\n|rule|Species Clause: Limit one of each Pok\u00e9mon\n|rule|Item Clause: Limit one of each item\n|clearpoke\n|poke|p1|Orthworm, L50, M|\n|poke|p1|Tyranitar, L50, F|\n|poke|p1|Ogerpon-Cornerstone, L50, F|\n|poke|p1|Torterra, L50, M|\n|poke|p1|Kommo-o, L50, M|\n|poke|p1|Goodra-Hisui, L50, F|\n|poke|p2|Chi-Yu, L50|\n|poke|p2|Tatsugiri, L50, F|\n|poke|p2|Flutter Mane, L50|\n|poke|p2|Dragonite, L50, M|\n|poke|p2|Dondozo, L50, F|\n|poke|p2|Wo-Chien, L50|\n|teampreview|4\n|c|\u2606namkison|hello :0\n|c|\u2606ItsTobeeeee|hallooo\n|c|\u2606namkison|okay let's DO THISSSSSS\n|c|\u2606namkison|zomg zomg zomg zomg\n|c|\u2606namkison|afwe afwe afwe\n|c|\u2606ItsTobeeeee|good luck my friend\n|\n|t:|1699684566\n|start\n|switch|p1a: THE ORTHEREAL WORM|Orthworm, L50, M|100\/100\n|switch|p1b: Thamill|Tyranitar, L50, F|100\/100\n|switch|p2a: Wo-Chien|Wo-Chien, L50|100\/100\n|switch|p2b: Perry|Flutter Mane, L50|100\/100\n|-ability|p2a: Wo-Chien|Tablets of Ruin\n|-weather|Sandstorm|[from] ability: Sand Stream|[of] p1b: Thamill\n|-enditem|p2b: Perry|Booster Energy\n|-activate|p2b: Perry|ability: Protosynthesis|[fromitem]\n|-start|p2b: Perry|protosynthesisspa\n|turn|1\n|\n|t:|1699684615\n|move|p1b: Thamill|Protect|p1b: Thamill\n|-singleturn|p1b: Thamill|Protect\n|move|p2b: Perry|Dazzling Gleam|p1b: Thamill|[spread] p1a\n|-activate|p1b: Thamill|move: Protect\n|-resisted|p1a: THE ORTHEREAL WORM\n|-damage|p1a: THE ORTHEREAL WORM|80\/100\n|move|p2a: Wo-Chien|Leaf Storm|p1b: Thamill\n|-activate|p1b: Thamill|move: Protect\n|move|p1a: THE ORTHEREAL WORM|Shed Tail|p1a: THE ORTHEREAL WORM\n|-start|p1a: THE ORTHEREAL WORM|Substitute|[from] move: Shed Tail\n|-damage|p1a: THE ORTHEREAL WORM|30\/100\n|-enditem|p1a: THE ORTHEREAL WORM|Sitrus Berry|[eat]\n|-heal|p1a: THE ORTHEREAL WORM|55\/100|[from] item: Sitrus Berry\n|\n|t:|1699684629\n|switch|p1a: Gumbo|Goodra-Hisui, L50, F, shiny|100\/100|[from] Shed Tail\n|\n|-weather|Sandstorm|[upkeep]\n|-damage|p2b: Perry|95\/100|[from] Sandstorm\n|-damage|p2a: Wo-Chien|95\/100|[from] Sandstorm\n|-heal|p2a: Wo-Chien|100\/100|[from] item: Leftovers\n|upkeep\n|turn|2\n|\n|t:|1699684680\n|-terastallize|p1b: Thamill|Ghost\n|move|p2b: Perry|Protect|p2b: Perry\n|-singleturn|p2b: Perry|Protect\n|move|p2a: Wo-Chien|Body Press|p1b: Thamill\n|-immune|p1b: Thamill\n|move|p1b: Thamill|Rock Slide|p2b: Perry|[spread] p2a\n|-activate|p2b: Perry|move: Protect\n|-damage|p2a: Wo-Chien|77\/100\n|move|p1a: Gumbo|Heavy Slam|p2b: Perry\n|-activate|p2b: Perry|move: Protect\n|\n|-weather|Sandstorm|[upkeep]\n|-damage|p2b: Perry|89\/100|[from] Sandstorm\n|-damage|p2a: Wo-Chien|71\/100|[from] Sandstorm\n|-damage|p1b: Thamill|95\/100|[from] Sandstorm\n|-heal|p2a: Wo-Chien|77\/100|[from] item: Leftovers\n|upkeep\n|turn|3\n|\n|t:|1699684727\n|move|p2b: Perry|Icy Wind|p1b: Thamill|[spread] p1a,p1b\n|-activate|p1a: Gumbo|move: Substitute|[damage]\n|-damage|p1b: Thamill|80\/100\n|-unboost|p1b: Thamill|spe|1\n|move|p2a: Wo-Chien|Leaf Storm|p1b: Thamill\n|-damage|p1b: Thamill|41\/100\n|-unboost|p2a: Wo-Chien|spa|2\n|move|p1a: Gumbo|Heavy Slam|p2b: Perry\n|-supereffective|p2b: Perry\n|-damage|p2b: Perry|0 fnt\n|faint|p2b: Perry\n|-end|p2b: Perry|Protosynthesis|[silent]\n|move|p1b: Thamill|Rock Slide|p2a: Wo-Chien\n|-damage|p2a: Wo-Chien|44\/100\n|\n|-weather|Sandstorm|[upkeep]\n|-damage|p2a: Wo-Chien|38\/100|[from] Sandstorm\n|-damage|p1b: Thamill|35\/100|[from] Sandstorm\n|-heal|p2a: Wo-Chien|44\/100|[from] item: Leftovers\n|upkeep\n|\n|t:|1699684753\n|switch|p2b: joel|Chi-Yu, L50|100\/100\n|-ability|p2b: joel|Beads of Ruin\n|turn|4\n|\n|t:|1699684788\n|move|p1b: Thamill|Protect|p1b: Thamill\n|-singleturn|p1b: Thamill|Protect\n|move|p2b: joel|Overheat|p1a: Gumbo\n|-end|p1a: Gumbo|Substitute\n|-unboost|p2b: joel|spa|2\n|move|p2a: Wo-Chien|Leaf Storm|p1b: Thamill\n|-activate|p1b: Thamill|move: Protect\n|move|p1a: Gumbo|Shelter|p1a: Gumbo\n|-boost|p1a: Gumbo|def|2\n|\n|-weather|Sandstorm|[upkeep]\n|-damage|p2b: joel|95\/100|[from] Sandstorm\n|-damage|p2a: Wo-Chien|38\/100|[from] Sandstorm\n|-damage|p1b: Thamill|29\/100|[from] Sandstorm\n|-heal|p2a: Wo-Chien|44\/100|[from] item: Leftovers\n|upkeep\n|turn|5\n|\n|t:|1699684808\n|move|p2b: joel|Overheat|p1a: Gumbo\n|-damage|p1a: Gumbo|60\/100\n|-unboost|p2b: joel|spa|2\n|move|p2a: Wo-Chien|Leaf Storm|p1b: Thamill\n|-damage|p1b: Thamill|1\/100\n|-unboost|p2a: Wo-Chien|spa|2\n|move|p1a: Gumbo|Body Press|p2a: Wo-Chien\n|-supereffective|p2a: Wo-Chien\n|-damage|p2a: Wo-Chien|0 fnt\n|faint|p2a: Wo-Chien\n|move|p1b: Thamill|Rock Slide|p2b: joel\n|-supereffective|p2b: joel\n|-damage|p2b: joel|0 fnt\n|faint|p2b: joel\n|\n|-weather|Sandstorm|[upkeep]\n|-damage|p1b: Thamill|0 fnt|[from] Sandstorm\n|faint|p1b: Thamill\n|-heal|p1a: Gumbo|66\/100|[from] item: Leftovers\n|upkeep\n|inactive|Battle timer is ON: inactive players will automatically lose when time's up. (requested by namkison)\n|\n|t:|1699684873\n|switch|p2a: Tomdozo|Dondozo, L50, F|100\/100\n|switch|p1b: THE ORTHEREAL WORM|Orthworm, L50, M|55\/100\n|turn|6\n|c|\u2606namkison|LMFAOOOO\n|\n|t:|1699684886\n|-terastallize|p2a: Tomdozo|Dragon\n|move|p1a: Gumbo|Body Press|p2a: Tomdozo\n|-damage|p2a: Tomdozo|71\/100\n|move|p1b: THE ORTHEREAL WORM|Body Press|p2a: Tomdozo\n|-damage|p2a: Tomdozo|52\/100\n|move|p2a: Tomdozo|Earthquake|p1b: THE ORTHEREAL WORM|[spread] p1a\n|-heal|p1b: THE ORTHEREAL WORM|80\/100|[from] ability: Earth Eater|[of] p2a: Tomdozo\n|-supereffective|p1a: Gumbo\n|-damage|p1a: Gumbo|52\/100\n|\n|-weather|Sandstorm|[upkeep]\n|-damage|p2a: Tomdozo|46\/100|[from] Sandstorm\n|-heal|p1a: Gumbo|58\/100|[from] item: Leftovers\n|upkeep\n|turn|7\n|inactive|namkison has 30 seconds left.\n|\n|t:|1699684918\n|move|p1a: Gumbo|Body Press|p2a: Tomdozo\n|-damage|p2a: Tomdozo|16\/100\n|move|p1b: THE ORTHEREAL WORM|Body Press|p2a: Tomdozo\n|-damage|p2a: Tomdozo|0 fnt\n|faint|p2a: Tomdozo\n|\n|win|ItsTobeeeee\n|c|&|\/uhtml prompt-itstobeeeee,ItsTobeeeee is ready for game 2!\n|c|\u2606namkison|:0\n|inactive|namkison has 50 seconds to confirm battle start!\n|c|&|\/uhtml prompt-namkison,namkison is ready for game 2!\nBoth players are ready! Starting next match!\n|l|\u2606namkison\n","uploadtime":1699685285,"views":51,"p1id":"itstobeeeee","p2id":"namkison","formatid":"gen9vgc2023regulatione","rating":0,"private":0,"password":""}