{"id":"gen9vgc2023regulatione-1995498838","p1":"RobertoEOMAN","p2":"tjoahy","format":"[Gen 9] VGC 2023 Regulation E","log":"|j|\u2606RobertoEOMAN\n|j|\u2606tjoahy\n|t:|1700577334\n|gametype|doubles\n|player|p1|RobertoEOMAN|169|1055\n|player|p2|tjoahy|mira|1079\n|teamsize|p1|6\n|teamsize|p2|6\n|gen|9\n|tier|[Gen 9] VGC 2023 Regulation E\n|rated|\n|rule|Species Clause: Limit one of each Pok\u00e9mon\n|rule|Item Clause: Limit one of each item\n|clearpoke\n|poke|p1|Eelektross, L50, M|\n|poke|p1|Toxicroak, L50, M|\n|poke|p1|Gastrodon-East, L50, M|\n|poke|p1|Arcanine, L50, M|\n|poke|p1|Amoonguss, L50, M|\n|poke|p1|Tornadus, L50, M|\n|poke|p2|Sinistcha, L50|\n|poke|p2|Sneasler, L50, F|\n|poke|p2|Shiftry, L50, M|\n|poke|p2|Milotic, L50, F|\n|poke|p2|Typhlosion-Hisui, L50, F|\n|poke|p2|Tornadus, L50, M|\n|teampreview|4\n|inactive|Battle timer is ON: inactive players will automatically lose when time's up. (requested by RobertoEOMAN)\n|\n|t:|1700577387\n|start\n|switch|p1a: Tornadus|Tornadus, L50, M, shiny|100\/100\n|switch|p1b: Gastrodon|Gastrodon-East, L50, M, shiny|100\/100\n|switch|p2a: Milotic|Milotic, L50, F|100\/100\n|switch|p2b: Sneasler|Sneasler, L50, F, shiny|100\/100\n|turn|1\n|\n|t:|1700577412\n|move|p2b: Sneasler|Fake Out|p1b: Gastrodon\n|-damage|p1b: Gastrodon|75\/100\n|-damage|p2b: Sneasler|91\/100|[from] item: Life Orb\n|move|p1a: Tornadus|Tailwind|p1a: Tornadus\n|-sidestart|p1: RobertoEOMAN|move: Tailwind\n|cant|p1b: Gastrodon|flinch\n|move|p2a: Milotic|Ice Beam|p1a: Tornadus\n|-supereffective|p1a: Tornadus\n|-damage|p1a: Tornadus|33\/100\n|\n|-heal|p1b: Gastrodon|81\/100|[from] item: Leftovers\n|upkeep\n|turn|2\n|inactive|RobertoEOMAN has 30 seconds left.\n|inactive|tjoahy has 30 seconds left.\n|inactive|tjoahy has 20 seconds left.\n|\n|t:|1700577450\n|switch|p2b: Tornadus|Tornadus, L50, M|100\/100\n|move|p1a: Tornadus|Bleakwind Storm|p2a: Milotic|[spread] p2a,p2b\n|-damage|p2a: Milotic|82\/100\n|-damage|p2b: Tornadus|54\/100\n|move|p1b: Gastrodon|Earth Power|p2b: Tornadus\n|-immune|p2b: Tornadus\n|move|p2a: Milotic|Icy Wind|p1a: Tornadus|[spread] p1a,p1b\n|-supereffective|p1a: Tornadus\n|-damage|p1a: Tornadus|2\/100\n|-damage|p1b: Gastrodon|70\/100\n|-unboost|p1a: Tornadus|spe|1\n|-unboost|p1b: Gastrodon|spe|1\n|\n|-heal|p1b: Gastrodon|76\/100|[from] item: Leftovers\n|upkeep\n|turn|3\n|inactive|tjoahy has 30 seconds left.\n|\n|t:|1700577481\n|switch|p2b: Sneasler|Sneasler, L50, F, shiny|91\/100\n|move|p1a: Tornadus|Taunt|p2b: Sneasler\n|-start|p2b: Sneasler|move: Taunt\n|move|p2a: Milotic|Icy Wind|p1a: Tornadus|[spread] p1a,p1b\n|-supereffective|p1a: Tornadus\n|-damage|p1a: Tornadus|0 fnt\n|-damage|p1b: Gastrodon|65\/100\n|-unboost|p1b: Gastrodon|spe|1\n|faint|p1a: Tornadus\n|move|p1b: Gastrodon|Icy Wind|p2a: Milotic|[spread] p2a,p2b\n|-resisted|p2a: Milotic\n|-damage|p2a: Milotic|79\/100\n|-damage|p2b: Sneasler|76\/100\n|-unboost|p2a: Milotic|spe|1\n|-ability|p2a: Milotic|Competitive|boost\n|-boost|p2a: Milotic|spa|2\n|-unboost|p2b: Sneasler|spe|1\n|\n|-heal|p1b: Gastrodon|71\/100|[from] item: Leftovers\n|upkeep\n|\n|t:|1700577504\n|switch|p1a: Eelektross|Eelektross, L50, M|100\/100\n|turn|4\n|\n|t:|1700577529\n|move|p2b: Sneasler|Fake Out|p1b: Gastrodon\n|-damage|p1b: Gastrodon|45\/100\n|-damage|p2b: Sneasler|66\/100|[from] item: Life Orb\n|move|p1a: Eelektross|Thunderbolt|p2a: Milotic\n|-supereffective|p2a: Milotic\n|-damage|p2a: Milotic|38\/100\n|move|p2a: Milotic|Ice Beam|p1a: Eelektross\n|-damage|p1a: Eelektross|58\/100\n|cant|p1b: Gastrodon|flinch\n|\n|-heal|p1b: Gastrodon|51\/100|[from] item: Leftovers\n|-sideend|p1: RobertoEOMAN|move: Tailwind\n|upkeep\n|turn|5\n|\n|t:|1700577550\n|-terastallize|p2a: Milotic|Dragon\n|move|p2b: Sneasler|Close Combat|p1b: Gastrodon\n|-damage|p1b: Gastrodon|0 fnt\n|-unboost|p2b: Sneasler|def|1\n|-unboost|p2b: Sneasler|spd|1\n|faint|p1b: Gastrodon\n|-damage|p2b: Sneasler|57\/100|[from] item: Life Orb\n|move|p1a: Eelektross|Thunderbolt|p2a: Milotic\n|-resisted|p2a: Milotic\n|-damage|p2a: Milotic|26\/100\n|move|p2a: Milotic|Dragon Pulse|p1a: Eelektross\n|-damage|p1a: Eelektross|0 fnt\n|faint|p1a: Eelektross\n|\n|-end|p2b: Sneasler|move: Taunt\n|upkeep\n|l|\u2606RobertoEOMAN\n|inactive|RobertoEOMAN disconnected and has a minute to reconnect!\n|player|p1|\n|inactive|RobertoEOMAN has 30 seconds left.\n|inactive|RobertoEOMAN has 20 seconds left.\n|inactive|RobertoEOMAN has 15 seconds left.\n|inactive|RobertoEOMAN has 10 seconds left.\n|inactive|RobertoEOMAN has 5 seconds left.\n|-message|RobertoEOMAN lost due to inactivity.\n|\n|win|tjoahy\n|raw|RobertoEOMAN's rating: 1036 &rarr; <strong>1022<\/strong><br \/>(-14 for losing)\n|raw|tjoahy's rating: 1079 &rarr; <strong>1104<\/strong><br \/>(+25 for winning)\n|l|\u2606tjoahy\n|j|\u2606RobertoEOMAN\n|player|p1|RobertoEOMAN|169\n|n|\u2606RobertoEoman|robertoeoman\n|j|\u2606tjoahy\n|player|p2|tjoahy|mira\n","uploadtime":1700577973,"views":4,"p1id":"robertoeoman","p2id":"tjoahy","formatid":"gen9vgc2023regulatione","rating":1022,"private":0,"password":""}