{"id":"gen9vgc2023regulatione-1988779041","p1":"luzonvgc","p2":"GonzaTH","format":"[Gen 9] VGC 2023 Regulation E","log":"|j|\u2606luzonvgc\n|j|\u2606GonzaTH\n|n|\u2606luzonvgc|luzonvgc\n|n|\u2606GonzaTH|gonzath\n|html|View the match progress at <a href=\"\/game-bestof3-gen9vgc2023regulatione-1988779040\">game-bestof3-gen9vgc2023regulatione-1988779040<\/a>\n|t:|1699762024\n|gametype|doubles\n|player|p1|luzonvgc|lisia|\n|player|p2|GonzaTH|2|\n|teamsize|p1|6\n|teamsize|p2|6\n|gen|9\n|tier|[Gen 9] VGC 2023 Regulation E\n|rule|Species Clause: Limit one of each Pok\u00e9mon\n|rule|Item Clause: Limit one of each item\n|clearpoke\n|poke|p1|Roaring Moon, L50|\n|poke|p1|Landorus-Therian, L50, M|\n|poke|p1|Amoonguss, L50, M|\n|poke|p1|Heatran, L50, F|\n|poke|p1|Flutter Mane, L50|\n|poke|p1|Iron Hands, L50|\n|poke|p2|Urshifu-*, L50, M|\n|poke|p2|Rillaboom, L50, F|\n|poke|p2|Farigiraf, L50, F|\n|poke|p2|Chien-Pao, L50|\n|poke|p2|Heatran, L50, F|\n|poke|p2|Dragonite, L50, M|\n|teampreview|4\nGonzaTH has agreed to open team sheets.\nluzonvgc has agreed to open team sheets.\n|showteam|p1|Roaring Moon||BoosterEnergy|Protosynthesis|KnockOff,Acrobatics,DragonDance,Protect||||||50|,,,,,Flying]Landorus-Therian||ChoiceScarf|Intimidate|RockSlide,StompingTantrum,TeraBlast,Uturn|||M|||50|,,,,,Flying]Amoonguss||SitrusBerry|Regenerator|Protect,PollenPuff,RagePowder,Spore|||M|||50|,,,,,Water]Heatran||ShucaBerry|FlashFire|Protect,FlashCannon,MagmaStorm,EarthPower|||F|||50|,,,,,Fairy]Flutter Mane||ChoiceSpecs|Protosynthesis|DazzlingGleam,Moonblast,ShadowBall,PowerGem||||||50|,,,,,Fairy]Iron Hands||AssaultVest|QuarkDrive|FakeOut,DrainPunch,WildCharge,HeavySlam||||||50|,,,,,Water\n|showteam|p2|Urshifu-Rapid-Strike||ChoiceScarf|UnseenFist|SurgingStrikes,AquaJet,CloseCombat,Uturn|||M|||50|,,,,,Poison]Rillaboom||MiracleSeed|GrassySurge|WoodHammer,GrassyGlide,FakeOut,Protect|||F|||50|,,,,,Grass]Farigiraf||SitrusBerry|ArmorTail|DazzlingGleam,Psychic,HelpingHand,TrickRoom|||F|||50|,,,,,Fairy]Chien-Pao||FocusSash|SwordofRuin|IcicleCrash,SuckerPunch,Haze,Protect||||||50|,,,,,Ghost]Heatran||AssaultVest|FlashFire|HeatWave,FlashCannon,EarthPower,MagmaStorm|||F|||50|,,,,,Grass]Dragonite||ChoiceBand|InnerFocus|ExtremeSpeed,StompingTantrum,AerialAce,Outrage|||M|||50|,,,,,Normal\n|\n|t:|1699762083\n|start\n|switch|p1a: Roaring Moon|Roaring Moon, L50|100\/100\n|switch|p1b: Iron Hands|Iron Hands, L50|100\/100\n|switch|p2a: Chien-Pao|Chien-Pao, L50|100\/100\n|switch|p2b: Urshifu|Urshifu-Rapid-Strike, L50, M|100\/100\n|-ability|p2a: Chien-Pao|Sword of Ruin\n|-enditem|p1a: Roaring Moon|Booster Energy\n|-activate|p1a: Roaring Moon|ability: Protosynthesis|[fromitem]\n|-start|p1a: Roaring Moon|protosynthesisatk\n|turn|1\n|\n|t:|1699762129\n|-terastallize|p1a: Roaring Moon|Flying\n|move|p1b: Iron Hands|Fake Out|p2a: Chien-Pao\n|-damage|p2a: Chien-Pao|81\/100\n|move|p2b: Urshifu|U-turn|p1a: Roaring Moon\n|-resisted|p1a: Roaring Moon\n|-damage|p1a: Roaring Moon|82\/100\n|\n|t:|1699762135\n|switch|p2b: Dragonite|Dragonite, L50, M|100\/100|[from] U-turn\n|cant|p2a: Chien-Pao|flinch\n|move|p1a: Roaring Moon|Acrobatics|p2b: Dragonite\n|-damage|p2b: Dragonite|0 fnt\n|faint|p2b: Dragonite\n|\n|upkeep\n|\n|t:|1699762151\n|switch|p2b: Urshifu|Urshifu-Rapid-Strike, L50, M|100\/100\n|turn|2\n|\n|t:|1699762162\n|-end|p1a: Roaring Moon|Protosynthesis|[silent]\n|switch|p1a: Landorus|Landorus-Therian, L50, M|100\/100\n|-ability|p1a: Landorus|Intimidate|boost\n|-unboost|p2a: Chien-Pao|atk|1\n|-unboost|p2b: Urshifu|atk|1\n|-terastallize|p2b: Urshifu|Poison\n|move|p2a: Chien-Pao|Protect|p2a: Chien-Pao\n|-singleturn|p2a: Chien-Pao|Protect\n|move|p2b: Urshifu|Surging Strikes|p1a: Landorus\n|-supereffective|p1a: Landorus\n|-crit|p1a: Landorus\n|-damage|p1a: Landorus|41\/100\n|-supereffective|p1a: Landorus\n|-crit|p1a: Landorus\n|-damage|p1a: Landorus|0 fnt\n|faint|p1a: Landorus\n|-hitcount|p1: Landorus|2\n|move|p1b: Iron Hands|Wild Charge|p2b: Urshifu\n|-damage|p2b: Urshifu|39\/100\n|-damage|p1b: Iron Hands|89\/100|[from] Recoil\n|\n|upkeep\n|\n|t:|1699762174\n|switch|p1a: Amoonguss|Amoonguss, L50, M|100\/100\n|turn|3\n|\n|t:|1699762187\n|move|p2b: Urshifu|Surging Strikes|p1b: Iron Hands\n|-crit|p1b: Iron Hands\n|-damage|p1b: Iron Hands|70\/100\n|-crit|p1b: Iron Hands\n|-damage|p1b: Iron Hands|50\/100\n|-crit|p1b: Iron Hands\n|-damage|p1b: Iron Hands|28\/100\n|-hitcount|p1b: Iron Hands|3\n|move|p2a: Chien-Pao|Icicle Crash|p1a: Amoonguss|[miss]\n|-miss|p2a: Chien-Pao|p1a: Amoonguss\n|move|p1b: Iron Hands|Drain Punch|p2a: Chien-Pao\n|-supereffective|p2a: Chien-Pao\n|-damage|p2a: Chien-Pao|0 fnt\n|-heal|p1b: Iron Hands|54\/100|[from] drain|[of] p2a: Chien-Pao\n|faint|p2a: Chien-Pao\n|move|p1a: Amoonguss|Spore|p2b: Urshifu\n|-status|p2b: Urshifu|slp|[from] move: Spore\n|\n|upkeep\n|\n|t:|1699762203\n|switch|p2a: Farigiraf|Farigiraf, L50, F|100\/100\n|turn|4\n|\n|t:|1699762211\n|cant|p2b: Urshifu|slp\n|move|p2a: Farigiraf|Psychic|p1a: Amoonguss\n|-supereffective|p1a: Amoonguss\n|-damage|p1a: Amoonguss|46\/100\n|-enditem|p1a: Amoonguss|Sitrus Berry|[eat]\n|-heal|p1a: Amoonguss|71\/100|[from] item: Sitrus Berry\n|move|p1b: Iron Hands|Wild Charge|p2b: Urshifu\n|-damage|p2b: Urshifu|0 fnt\n|faint|p2b: Urshifu\n|-damage|p1b: Iron Hands|47\/100|[from] Recoil\n|move|p1a: Amoonguss|Pollen Puff|p1b: Iron Hands\n|-heal|p1b: Iron Hands|97\/100\n|\n|upkeep\n|turn|5\n|\n|t:|1699762225\n|move|p2a: Farigiraf|Psychic|p1a: Amoonguss\n|-supereffective|p1a: Amoonguss\n|-damage|p1a: Amoonguss|10\/100\n|move|p1b: Iron Hands|Drain Punch|p2a: Farigiraf\n|-damage|p2a: Farigiraf|69\/100\n|-heal|p1b: Iron Hands|100\/100|[from] drain|[of] p2a: Farigiraf\n|move|p1a: Amoonguss|Spore|p2a: Farigiraf\n|-status|p2a: Farigiraf|slp|[from] move: Spore\n|\n|upkeep\n|turn|6\n|\n|t:|1699762231\n|switch|p1a: Roaring Moon|Roaring Moon, L50, tera:Flying|82\/100\n|cant|p2a: Farigiraf|slp\n|move|p1b: Iron Hands|Drain Punch|p2a: Farigiraf\n|-damage|p2a: Farigiraf|31\/100 slp\n|-enditem|p2a: Farigiraf|Sitrus Berry|[eat]\n|-heal|p2a: Farigiraf|56\/100 slp|[from] item: Sitrus Berry\n|\n|upkeep\n|turn|7\n|\n|t:|1699762238\n|move|p1a: Roaring Moon|Knock Off|p2a: Farigiraf\n|-supereffective|p2a: Farigiraf\n|-damage|p2a: Farigiraf|0 fnt\n|faint|p2a: Farigiraf\n|\n|win|luzonvgc\n|c|&|\/uhtml prompt-gonzath,GonzaTH is ready for game 2!\n|c|&|\/uhtml prompt-luzonvgc,luzonvgc is ready for game 2!\nBoth players are ready! Starting next match!\n|l|\u2606luzonvgc\n","uploadtime":1699763891,"views":14,"p1id":"luzonvgc","p2id":"gonzath","formatid":"gen9vgc2023regulatione","rating":0,"private":0,"password":""}