{"id":"gen9vgc2023regulatione-1993299173","p1":"BlindMagneton","p2":"Flarefox_7","format":"[Gen 9] VGC 2023 Regulation E","log":"|j|\u2606BlindMagneton\n|j|\u2606Flarefox_7\n|t:|1700293179\n|gametype|doubles\n|player|p1|BlindMagneton|wattson|1315\n|player|p2|Flarefox_7|serena-masters3|1436\n|teamsize|p1|6\n|teamsize|p2|6\n|gen|9\n|tier|[Gen 9] VGC 2023 Regulation E\n|rated|\n|rule|Species Clause: Limit one of each Pok\u00e9mon\n|rule|Item Clause: Limit one of each item\n|clearpoke\n|poke|p1|Mandibuzz, L50, F|\n|poke|p1|Ninetales-Alola, L50, F|\n|poke|p1|Magnezone, L50|\n|poke|p1|Flamigo, L50, F|\n|poke|p1|Farigiraf, L50, M|\n|poke|p1|Annihilape, L50, M|\n|poke|p2|Dragapult, L50, M|\n|poke|p2|Chien-Pao, L50|\n|poke|p2|Farigiraf, L50, M|\n|poke|p2|Heatran, L50, M|\n|poke|p2|Rillaboom, L50, M|\n|poke|p2|Urshifu-*, L50, F|\n|teampreview|4\nFlarefox_7 has agreed to open team sheets.\n|inactive|Battle timer is ON: inactive players will automatically lose when time's up. (requested by Flarefox_7)\n|inactive|BlindMagneton has 60 seconds left.\n|inactive|Flarefox_7 has 60 seconds left.\n|\n|t:|1700293239\n|start\n|switch|p1a: Ninetales|Ninetales-Alola, L50, F|100\/100\n|switch|p1b: Mandibuzz|Mandibuzz, L50, F|100\/100\n|switch|p2a: Flare|Dragapult, L50, M, shiny|100\/100\n|switch|p2b: Wottl3y|Chien-Pao, L50|100\/100\n|-ability|p2b: Wottl3y|Sword of Ruin\n|-weather|Snow|[from] ability: Snow Warning|[of] p1a: Ninetales\n|turn|1\n|\n|t:|1700293262\n|-terastallize|p2a: Flare|Ghost\n|move|p1a: Ninetales|Ice Shard|p1b: Mandibuzz\n|-supereffective|p1b: Mandibuzz\n|-damage|p1b: Mandibuzz|78\/100\n|-ability|p1b: Mandibuzz|Weak Armor|boost\n|-unboost|p1b: Mandibuzz|def|1\n|-boost|p1b: Mandibuzz|spe|2\n|-enditem|p1b: Mandibuzz|Weakness Policy\n|-boost|p1b: Mandibuzz|atk|2|[from] item: Weakness Policy\n|-boost|p1b: Mandibuzz|spa|2|[from] item: Weakness Policy\n|move|p1b: Mandibuzz|Lash Out|p2a: Flare\n|-supereffective|p2a: Flare\n|-damage|p2a: Flare|0 fnt\n|faint|p2a: Flare\n|move|p2b: Wottl3y|Icicle Crash|p1a: Ninetales\n|-resisted|p1a: Ninetales\n|-damage|p1a: Ninetales|69\/100\n|\n|-weather|Snow|[upkeep]\n|upkeep\n|\n|t:|1700293275\n|switch|p2a: Potato38683|Heatran, L50, M|100\/100\n|turn|2\n|\n|t:|1700293282\n|move|p1b: Mandibuzz|Protect|p1b: Mandibuzz\n|-singleturn|p1b: Mandibuzz|Protect\n|move|p2b: Wottl3y|Icicle Crash|p1b: Mandibuzz\n|-activate|p1b: Mandibuzz|move: Protect\n|move|p1a: Ninetales|Aurora Veil|p1a: Ninetales\n|-sidestart|p1: BlindMagneton|move: Aurora Veil\n|move|p2a: Potato38683|Heat Wave|p1a: Ninetales|[spread] p1a\n|-activate|p1b: Mandibuzz|move: Protect\n|-supereffective|p1a: Ninetales\n|-damage|p1a: Ninetales|9\/100\n|\n|-weather|Snow|[upkeep]\n|upkeep\n|turn|3\n|inactive|BlindMagneton has 30 seconds left.\n|inactive|BlindMagneton has 20 seconds left.\n|\n|t:|1700293318\n|switch|p1a: Flamigo|Flamigo, L50, F|100\/100\n|-copyboost|p1a: Flamigo|p1b: Mandibuzz|[from] ability: Costar\n|-terastallize|p1b: Mandibuzz|Ground\n|move|p1b: Mandibuzz|Bone Rush|p2a: Potato38683|[miss]\n|-miss|p1b: Mandibuzz|p2a: Potato38683\n|move|p2b: Wottl3y|Icicle Crash|p1b: Mandibuzz\n|-supereffective|p1b: Mandibuzz\n|-damage|p1b: Mandibuzz|0 fnt\n|faint|p1b: Mandibuzz\n|move|p2a: Potato38683|Heat Wave|p1a: Flamigo\n|-damage|p1a: Flamigo|39\/100\n|\n|-weather|Snow|[upkeep]\n|upkeep\n|\n|t:|1700293332\n|switch|p1b: Ninetales|Ninetales-Alola, L50, F|9\/100\n|turn|4\n|\n|t:|1700293342\n|move|p1a: Flamigo|Protect|p1a: Flamigo\n|-singleturn|p1a: Flamigo|Protect\n|move|p2b: Wottl3y|Icicle Crash|p1a: Flamigo\n|-activate|p1a: Flamigo|move: Protect\n|move|p1b: Ninetales|Blizzard|p2b: Wottl3y|[spread] p2a,p2b\n|-resisted|p2a: Potato38683\n|-resisted|p2b: Wottl3y\n|-damage|p2a: Potato38683|96\/100\n|-damage|p2b: Wottl3y|77\/100\n|move|p2a: Potato38683|Heat Wave|p1a: Flamigo|[spread] \n|-activate|p1a: Flamigo|move: Protect\n|-miss|p2a: Potato38683|p1b: Ninetales\n|\n|-weather|Snow|[upkeep]\n|upkeep\n|turn|5\n|\n|t:|1700293364\n|switch|p1b: Farigiraf|Farigiraf, L50, M|100\/100\n|move|p2b: Wottl3y|Protect|p2b: Wottl3y\n|-singleturn|p2b: Wottl3y|Protect\n|move|p1a: Flamigo|Close Combat|p2a: Potato38683\n|-supereffective|p2a: Potato38683\n|-damage|p2a: Potato38683|0 fnt\n|-unboost|p1a: Flamigo|def|1\n|-unboost|p1a: Flamigo|spd|1\n|faint|p2a: Potato38683\n|\n|-weather|none\n|upkeep\n|\n|t:|1700293372\n|switch|p2a: Tempest Brute|Urshifu-Rapid-Strike, L50, F|100\/100\n|turn|6\n|\n|t:|1700293393\n|move|p1a: Flamigo|Brave Bird|p2b: Wottl3y\n|-damage|p2b: Wottl3y|0 fnt\n|faint|p2b: Wottl3y\n|-damage|p1a: Flamigo|15\/100|[from] Recoil\n|move|p2a: Tempest Brute|Surging Strikes|p1a: Flamigo\n|-crit|p1a: Flamigo\n|-damage|p1a: Flamigo|0 fnt\n|faint|p1a: Flamigo\n|-hitcount|p1: Flamigo|1\n|move|p1b: Farigiraf|Trick Room|p1b: Farigiraf\n|-fieldstart|move: Trick Room|[of] p1b: Farigiraf\n|\n|-sideend|p1: BlindMagneton|move: Aurora Veil\n|upkeep\n|\n|t:|1700293399\n|switch|p1a: Ninetales|Ninetales-Alola, L50, F|9\/100\n|-weather|Snow|[from] ability: Snow Warning|[of] p1a: Ninetales\n|turn|7\n|\n|t:|1700293404\n|move|p1b: Farigiraf|Dazzling Gleam|p2a: Tempest Brute\n|-supereffective|p2a: Tempest Brute\n|-damage|p2a: Tempest Brute|35\/100\n|move|p1a: Ninetales|Aurora Veil|p1a: Ninetales\n|-sidestart|p1: BlindMagneton|move: Aurora Veil\n|move|p2a: Tempest Brute|Surging Strikes|p1a: Ninetales\n|-crit|p1a: Ninetales\n|-damage|p1a: Ninetales|0 fnt\n|faint|p1a: Ninetales\n|-hitcount|p1: Ninetales|1\n|\n|-weather|Snow|[upkeep]\n|upkeep\n|turn|8\n|-message|Flarefox_7 forfeited.\n|\n|win|BlindMagneton\n|raw|BlindMagneton's rating: 1315 &rarr; <strong>1342<\/strong><br \/>(+27 for winning)\n|raw|Flarefox_7's rating: 1436 &rarr; <strong>1409<\/strong><br \/>(-27 for losing)\n|l|\u2606Flarefox_7\n","uploadtime":1700293418,"views":10,"p1id":"blindmagneton","p2id":"flarefox7","formatid":"gen9vgc2023regulatione","rating":1342,"private":0,"password":""}