{"id":"gen9vgc2023regulatione-1998007671","p1":"Swimmer1989","p2":"drmsang","format":"[Gen 9] VGC 2023 Regulation E","log":"|j|\u2606Swimmer1989\n|j|\u2606drmsang\n|t:|1700878261\n|gametype|doubles\n|player|p1|Swimmer1989|swimmer-gen4dp|1034\n|player|p2|drmsang|102|1127\n|teamsize|p1|6\n|teamsize|p2|6\n|gen|9\n|tier|[Gen 9] VGC 2023 Regulation E\n|rated|\n|rule|Species Clause: Limit one of each Pok\u00e9mon\n|rule|Item Clause: Limit one of each item\n|clearpoke\n|poke|p1|Murkrow, L50, M|\n|poke|p1|Charizard, L50, M|\n|poke|p1|Torkoal, L50, M|\n|poke|p1|Typhlosion-Hisui, L50, M|\n|poke|p1|Gothitelle, L50, F|\n|poke|p1|Grimmsnarl, L50, M|\n|poke|p2|Kilowattrel, L50, F|\n|poke|p2|Garganacl, L50, F|\n|poke|p2|Brambleghast, L50, F|\n|poke|p2|Ceruledge, L50, M|\n|poke|p2|Rabsca, L50, F|\n|poke|p2|Iron Valiant, L50|\n|teampreview|4\n|\n|t:|1700878287\n|start\n|switch|p1a: Torkoal|Torkoal, L50, M, shiny|100\/100\n|switch|p1b: Typhlosion|Typhlosion-Hisui, L50, M, shiny|100\/100\n|switch|p2a: Iron Valiant|Iron Valiant, L50|100\/100\n|switch|p2b: Brambleghast|Brambleghast, L50, F|100\/100\n|-weather|SunnyDay|[from] ability: Drought|[of] p1a: Torkoal\n|-enditem|p2a: Iron Valiant|Booster Energy\n|-activate|p2a: Iron Valiant|ability: Quark Drive|[fromitem]\n|-start|p2a: Iron Valiant|quarkdrivespa\n|turn|1\n|\n|t:|1700878314\n|-terastallize|p2a: Iron Valiant|Fairy\n|move|p2b: Brambleghast|Protect|p2b: Brambleghast\n|-singleturn|p2b: Brambleghast|Protect\n|move|p2a: Iron Valiant|Dazzling Gleam|p1a: Torkoal|[spread] p1a,p1b\n|-resisted|p1a: Torkoal\n|-resisted|p1b: Typhlosion\n|-damage|p1a: Torkoal|75\/100\n|-damage|p1b: Typhlosion|60\/100\n|move|p1b: Typhlosion|Eruption|p2a: Iron Valiant|[spread] p2a\n|-activate|p2b: Brambleghast|move: Protect\n|-damage|p2a: Iron Valiant|0 fnt\n|faint|p2a: Iron Valiant\n|-end|p2a: Iron Valiant|Quark Drive|[silent]\n|move|p1a: Torkoal|Eruption|p2b: Brambleghast\n|-activate|p2b: Brambleghast|move: Protect\n|\n|-weather|SunnyDay|[upkeep]\n|upkeep\n|\n|t:|1700878334\n|switch|p2a: Garganacl|Garganacl, L50, F|100\/100\n|turn|2\n|\n|t:|1700878348\n|switch|p1a: Gothitelle|Gothitelle, L50, F, shiny|100\/100\n|move|p2a: Garganacl|Wide Guard|p2a: Garganacl\n|-singleturn|p2a: Garganacl|Wide Guard\n|move|p2b: Brambleghast|Shadow Sneak|p1b: Typhlosion\n|-supereffective|p1b: Typhlosion\n|-damage|p1b: Typhlosion|0 fnt\n|faint|p1b: Typhlosion\n|\n|-weather|SunnyDay|[upkeep]\n|upkeep\n|\n|t:|1700878360\n|switch|p1b: Murkrow|Murkrow, L50, M, shiny|100\/100\n|turn|3\n|\n|t:|1700878376\n|move|p1a: Gothitelle|Protect|p1a: Gothitelle\n|-singleturn|p1a: Gothitelle|Protect\n|move|p2b: Brambleghast|Shadow Sneak|p1a: Gothitelle\n|-activate|p1a: Gothitelle|move: Protect\n|move|p1b: Murkrow|Perish Song|p1b: Murkrow\n|-start|p1a: Gothitelle|perish3|[silent]\n|-start|p1b: Murkrow|perish3|[silent]\n|-start|p2a: Garganacl|perish3|[silent]\n|-start|p2b: Brambleghast|perish3|[silent]\n|-fieldactivate|move: Perish Song\n|move|p2a: Garganacl|Salt Cure|p1a: Gothitelle\n|-activate|p1a: Gothitelle|move: Protect\n|\n|-weather|SunnyDay|[upkeep]\n|-start|p2b: Brambleghast|perish3\n|-start|p1b: Murkrow|perish3\n|-start|p1a: Gothitelle|perish3\n|-start|p2a: Garganacl|perish3\n|upkeep\n|turn|4\n|\n|t:|1700878408\n|move|p2b: Brambleghast|Shadow Sneak|p1a: Gothitelle\n|-supereffective|p1a: Gothitelle\n|-damage|p1a: Gothitelle|67\/100\n|move|p1b: Murkrow|Thunder Wave|p2b: Brambleghast\n|-status|p2b: Brambleghast|par\n|move|p1a: Gothitelle|Psychic|p2a: Garganacl\n|-damage|p2a: Garganacl|72\/100\n|move|p2a: Garganacl|Salt Cure|p1a: Gothitelle\n|-damage|p1a: Gothitelle|56\/100\n|-start|p1a: Gothitelle|Salt Cure\n|\n|-weather|SunnyDay|[upkeep]\n|-heal|p1a: Gothitelle|62\/100|[from] item: Leftovers\n|-heal|p2a: Garganacl|77\/100|[from] item: Leftovers\n|-damage|p1a: Gothitelle|50\/100|[from] Salt Cure\n|-start|p1b: Murkrow|perish2\n|-start|p1a: Gothitelle|perish2\n|-start|p2b: Brambleghast|perish2\n|-start|p2a: Garganacl|perish2\n|upkeep\n|turn|5\n|\n|t:|1700878461\n|move|p1b: Murkrow|Thunder Wave|p2a: Garganacl\n|-immune|p2a: Garganacl|[from] ability: Purifying Salt\n|cant|p2b: Brambleghast|par\n|move|p1a: Gothitelle|Rest|p1a: Gothitelle\n|-status|p1a: Gothitelle|slp|[from] move: Rest\n|-heal|p1a: Gothitelle|100\/100 slp|[silent]\n|move|p2a: Garganacl|Salt Cure|p1b: Murkrow\n|-supereffective|p1b: Murkrow\n|-damage|p1b: Murkrow|65\/100\n|-start|p1b: Murkrow|Salt Cure\n|\n|-weather|SunnyDay|[upkeep]\n|-heal|p2a: Garganacl|83\/100|[from] item: Leftovers\n|-damage|p1b: Murkrow|53\/100|[from] Salt Cure\n|-damage|p1a: Gothitelle|88\/100 slp|[from] Salt Cure\n|-start|p1b: Murkrow|perish1\n|-start|p1a: Gothitelle|perish1\n|-start|p2b: Brambleghast|perish1\n|-start|p2a: Garganacl|perish1\n|upkeep\n|turn|6\n|\n|t:|1700878493\n|switch|p1b: Torkoal|Torkoal, L50, M, shiny|75\/100\n|cant|p1a: Gothitelle|slp\n|move|p2b: Brambleghast|Seed Bomb|p1b: Torkoal\n|-resisted|p1b: Torkoal\n|-crit|p1b: Torkoal\n|-damage|p1b: Torkoal|51\/100\n|move|p2a: Garganacl|Salt Cure|p1b: Torkoal\n|-supereffective|p1b: Torkoal\n|-damage|p1b: Torkoal|31\/100\n|-start|p1b: Torkoal|Salt Cure\n|\n|-weather|SunnyDay|[upkeep]\n|-heal|p1a: Gothitelle|94\/100 slp|[from] item: Leftovers\n|-heal|p2a: Garganacl|89\/100|[from] item: Leftovers\n|-damage|p1a: Gothitelle|82\/100 slp|[from] Salt Cure\n|-damage|p1b: Torkoal|19\/100|[from] Salt Cure\n|-start|p1a: Gothitelle|perish0\n|-start|p2b: Brambleghast|perish0\n|-start|p2a: Garganacl|perish0\n|upkeep\n|faint|p1a: Gothitelle\n|faint|p2b: Brambleghast\n|faint|p2a: Garganacl\n|\n|t:|1700878514\n|switch|p1a: Murkrow|Murkrow, L50, M, shiny|53\/100\n|switch|p2a: Rabsca|Rabsca, L50, F|100\/100\n|turn|7\n|\n|t:|1700878524\n|move|p1a: Murkrow|Tailwind|p1a: Murkrow\n|-sidestart|p1: Swimmer1989|move: Tailwind\n|move|p1b: Torkoal|Yawn|p2a: Rabsca\n|-start|p2a: Rabsca|move: Yawn|[of] p1b: Torkoal\n|move|p2a: Rabsca|Revival Blessing|p2a: Rabsca\n|\n|t:|1700878532\n|-heal|p2: Garganacl|50\/100|[from] move: Revival Blessing\n|\n|-weather|SunnyDay|[upkeep]\n|-damage|p1b: Torkoal|6\/100|[from] Salt Cure\n|upkeep\n|\n|t:|1700878538\n|switch|p2b: Garganacl|Garganacl, L50, F|50\/100\n|turn|8\n|\n|t:|1700878554\n|move|p1a: Murkrow|Perish Song|p1a: Murkrow\n|-start|p1a: Murkrow|perish3|[silent]\n|-start|p1b: Torkoal|perish3|[silent]\n|-start|p2a: Rabsca|perish3|[silent]\n|-start|p2b: Garganacl|perish3|[silent]\n|-fieldactivate|move: Perish Song\n|move|p1b: Torkoal|Eruption|p2a: Rabsca|[spread] p2a,p2b\n|-supereffective|p2a: Rabsca\n|-resisted|p2b: Garganacl\n|-damage|p2a: Rabsca|96\/100\n|-damage|p2b: Garganacl|49\/100\n|move|p2a: Rabsca|Struggle Bug|p1b: Torkoal|[spread] p1a,p1b\n|-resisted|p1b: Torkoal\n|-damage|p1a: Murkrow|41\/100\n|-damage|p1b: Torkoal|0 fnt\n|-unboost|p1a: Murkrow|spa|1\n|faint|p1b: Torkoal\n|move|p2b: Garganacl|Recover|p2b: Garganacl\n|-heal|p2b: Garganacl|99\/100\n|\n|-weather|none\n|-heal|p2b: Garganacl|100\/100|[from] item: Leftovers\n|-end|p2a: Rabsca|move: Yawn|[silent]\n|-status|p2a: Rabsca|slp\n|-start|p1a: Murkrow|perish3\n|-start|p2a: Rabsca|perish3\n|-start|p2b: Garganacl|perish3\n|upkeep\n|turn|9\n|\n|t:|1700878579\n|move|p1a: Murkrow|Sucker Punch|p2b: Garganacl\n|-damage|p2b: Garganacl|88\/100\n|cant|p2a: Rabsca|slp\n|move|p2b: Garganacl|Salt Cure|p1a: Murkrow\n|-supereffective|p1a: Murkrow\n|-damage|p1a: Murkrow|2\/100\n|-start|p1a: Murkrow|Salt Cure\n|\n|-heal|p2b: Garganacl|94\/100|[from] item: Leftovers\n|-damage|p1a: Murkrow|0 fnt|[from] Salt Cure\n|faint|p1a: Murkrow\n|\n|win|drmsang\n|upkeep\n|raw|Swimmer1989's rating: 1034 &rarr; <strong>1023<\/strong><br \/>(-11 for losing)\n|raw|drmsang's rating: 1127 &rarr; <strong>1145<\/strong><br \/>(+18 for winning)\n|l|\u2606Swimmer1989\n","uploadtime":1700878594,"views":7,"p1id":"swimmer1989","p2id":"drmsang","formatid":"gen9vgc2023regulatione","rating":1023,"private":0,"password":""}