{"id":"gen9vgc2023regulatione-1998118929","p1":"CFgenesis","p2":"Prince Rooveooo","format":"[Gen 9] VGC 2023 Regulation E","log":"|j|\u2606CFgenesis\n|j|\u2606Prince Rooveooo\n|t:|1700894705\n|gametype|doubles\n|player|p1|CFgenesis|101|1162\n|player|p2|Prince Rooveooo|red|1053\n|teamsize|p1|6\n|teamsize|p2|6\n|gen|9\n|tier|[Gen 9] VGC 2023 Regulation E\n|rated|\n|rule|Species Clause: Limit one of each Pok\u00e9mon\n|rule|Item Clause: Limit one of each item\n|clearpoke\n|poke|p1|Iron Hands, L50|\n|poke|p1|Gyarados, L50, M|\n|poke|p1|Sneasler, L50, F|\n|poke|p1|Sinistcha-Masterpiece, L50|\n|poke|p1|Ogerpon-Hearthflame, L50, F|\n|poke|p1|Magnezone, L50|\n|poke|p2|Urshifu-*, L50, F|\n|poke|p2|Farigiraf, L50, M|\n|poke|p2|Clefairy, L50, F|\n|poke|p2|Ogerpon-Hearthflame, L50, F|\n|poke|p2|Ursaluna-Bloodmoon, L50, M|\n|poke|p2|Okidogi, L50, M|\n|teampreview|4\n|inactive|Battle timer is ON: inactive players will automatically lose when time's up. (requested by Prince Rooveooo)\n|inactive|CFgenesis has 60 seconds left.\n|inactive|Prince Rooveooo has 60 seconds left.\n|\n|t:|1700894745\n|start\n|switch|p1a: Magnezone|Magnezone, L50|100\/100\n|switch|p1b: Sneasler|Sneasler, L50, F|100\/100\n|switch|p2a: Farigiraf|Farigiraf, L50, M, shiny|100\/100\n|switch|p2b: Urshifu|Urshifu-Rapid-Strike, L50, F|100\/100\n|-item|p1a: Magnezone|Air Balloon\n|turn|1\n|\n|t:|1700894766\n|-terastallize|p1b: Sneasler|Electric\n|move|p2b: Urshifu|Close Combat|p1a: Magnezone\n|-supereffective|p1a: Magnezone\n|-ability|p1a: Magnezone|Sturdy\n|-damage|p1a: Magnezone|1\/100\n|-unboost|p2b: Urshifu|def|1\n|-unboost|p2b: Urshifu|spd|1\n|-enditem|p1a: Magnezone|Air Balloon\n|move|p1b: Sneasler|Night Slash|p2a: Farigiraf\n|-supereffective|p2a: Farigiraf\n|-damage|p2a: Farigiraf|51\/100\n|move|p2a: Farigiraf|Psychic|p1b: Sneasler\n|-damage|p1b: Sneasler|50\/100\n|move|p1a: Magnezone|Discharge|p2b: Urshifu|[spread] p1b,p2a,p2b\n|-resisted|p1b: Sneasler\n|-supereffective|p2b: Urshifu\n|-damage|p1b: Sneasler|26\/100\n|-damage|p2a: Farigiraf|20\/100\n|-damage|p2b: Urshifu|0 fnt\n|-enditem|p1b: Sneasler|Cell Battery\n|-boost|p1b: Sneasler|atk|1|[from] item: Cell Battery\n|-enditem|p2a: Farigiraf|Sitrus Berry|[eat]\n|-heal|p2a: Farigiraf|45\/100|[from] item: Sitrus Berry\n|faint|p2b: Urshifu\n|\n|upkeep\n|\n|t:|1700894777\n|switch|p2b: Ursaluna|Ursaluna-Bloodmoon, L50, M|100\/100\n|turn|2\n|\n|t:|1700894791\n|-terastallize|p2b: Ursaluna|Fairy\n|move|p1b: Sneasler|Protect|p1b: Sneasler\n|-singleturn|p1b: Sneasler|Protect\n|move|p2a: Farigiraf|Dazzling Gleam|p1b: Sneasler|[spread] p1a\n|-activate|p1b: Sneasler|move: Protect\n|-resisted|p1a: Magnezone\n|-damage|p1a: Magnezone|0 fnt\n|faint|p1a: Magnezone\n|move|p2b: Ursaluna|Hyper Voice|p1b: Sneasler\n|-activate|p1b: Sneasler|move: Protect\n|\n|upkeep\n|\n|t:|1700894804\n|switch|p1a: Iron Hands|Iron Hands, L50|100\/100\n|turn|3\n|\n|t:|1700894816\n|move|p2b: Ursaluna|Protect|p2b: Ursaluna\n|-singleturn|p2b: Ursaluna|Protect\n|move|p1b: Sneasler|Dire Claw|p2b: Ursaluna\n|-activate|p2b: Ursaluna|move: Protect\n|move|p2a: Farigiraf|Dazzling Gleam|p1a: Iron Hands|[spread] p1a,p1b\n|-supereffective|p1a: Iron Hands\n|-damage|p1a: Iron Hands|76\/100\n|-damage|p1b: Sneasler|0 fnt\n|faint|p1b: Sneasler\n|move|p1a: Iron Hands|Thunder Punch|p2b: Ursaluna\n|-activate|p2b: Ursaluna|move: Protect\n|\n|upkeep\n|\n|t:|1700894820\n|switch|p1b: Gyarados|Gyarados, L50, M|100\/100\n|-ability|p1b: Gyarados|Intimidate|boost\n|-unboost|p2a: Farigiraf|atk|1\n|-unboost|p2b: Ursaluna|atk|1\n|turn|4\n|\n|t:|1700894836\n|switch|p2b: Ogerpon|Ogerpon-Hearthflame, L50, F|100\/100\n|-ability|p2b: Ogerpon|Mold Breaker\n|move|p1b: Gyarados|Helping Hand|p1a: Iron Hands\n|-singleturn|p1a: Iron Hands|Helping Hand|[of] p1b: Gyarados\n|move|p1a: Iron Hands|Drain Punch|p2a: Farigiraf\n|-damage|p2a: Farigiraf|0 fnt\n|-heal|p1a: Iron Hands|94\/100|[from] drain|[of] p2a: Farigiraf\n|faint|p2a: Farigiraf\n|\n|upkeep\n|\n|t:|1700894847\n|switch|p2a: Ursaluna|Ursaluna-Bloodmoon, L50, M, tera:Fairy|100\/100\n|turn|5\n|\n|t:|1700894869\n|move|p2b: Ogerpon|Horn Leech|p1a: Iron Hands\n|-damage|p1a: Iron Hands|65\/100\n|move|p1b: Gyarados|Thunder Wave|p2b: Ogerpon\n|-status|p2b: Ogerpon|par\n|move|p1a: Iron Hands|Thunder Punch|p2a: Ursaluna\n|-damage|p2a: Ursaluna|69\/100\n|-status|p2a: Ursaluna|par\n|move|p2a: Ursaluna|Earth Power|p1a: Iron Hands\n|-supereffective|p1a: Iron Hands\n|-damage|p1a: Iron Hands|0 fnt\n|faint|p1a: Iron Hands\n|-end|p1a: Iron Hands|Quark Drive|[silent]\n|-damage|p2a: Ursaluna|59\/100 par|[from] item: Life Orb\n|\n|upkeep\n|turn|6\n|c|\u2606Prince Rooveooo|gg\n|c|\u2606Prince Rooveooo|bruh\n|inactive|Prince Rooveooo has 30 seconds left.\n|inactive|Prince Rooveooo has 20 seconds left.\n|inactive|Prince Rooveooo has 15 seconds left.\n|inactive|Prince Rooveooo has 10 seconds left.\n|c|\u2606CFgenesis|Ye gg\n|inactive|Prince Rooveooo has 5 seconds left.\n|\n|t:|1700894924\n|move|p1b: Gyarados|Waterfall|p2b: Ogerpon\n|-damage|p2b: Ogerpon|63\/100 par\n|move|p2b: Ogerpon|Ivy Cudgel|p1b: Gyarados|[anim] Ivy Cudgel Fire\n|-resisted|p1b: Gyarados\n|-damage|p1b: Gyarados|70\/100\n|cant|p2a: Ursaluna|par\n|\n|-heal|p1b: Gyarados|76\/100|[from] item: Leftovers\n|upkeep\n|turn|7\n|\n|t:|1700894938\n|move|p1b: Gyarados|Waterfall|p2b: Ogerpon\n|-damage|p2b: Ogerpon|20\/100 par\n|cant|p2b: Ogerpon|par\n|move|p2a: Ursaluna|Hyper Voice|p1b: Gyarados\n|-damage|p1b: Gyarados|29\/100\n|-damage|p2a: Ursaluna|50\/100 par|[from] item: Life Orb\n|\n|-heal|p1b: Gyarados|35\/100|[from] item: Leftovers\n|upkeep\n|turn|8\n|c|\u2606CFgenesis|Naw\n|c|\u2606CFgenesis|No way im gonna hax my way out\n|\n|t:|1700894958\n|move|p1b: Gyarados|Protect|p1b: Gyarados\n|-singleturn|p1b: Gyarados|Protect\n|move|p2b: Ogerpon|Horn Leech|p1b: Gyarados\n|-activate|p1b: Gyarados|move: Protect\n|cant|p2a: Ursaluna|par\n|\n|-heal|p1b: Gyarados|41\/100|[from] item: Leftovers\n|upkeep\n|turn|9\n|\n|t:|1700894967\n|move|p2a: Ursaluna|Protect|p2a: Ursaluna\n|-singleturn|p2a: Ursaluna|Protect\n|move|p1b: Gyarados|Waterfall|p2b: Ogerpon\n|-damage|p2b: Ogerpon|0 fnt\n|faint|p2b: Ogerpon\n|\n|-heal|p1b: Gyarados|47\/100|[from] item: Leftovers\n|upkeep\n|turn|10\n|c|\u2606CFgenesis|NAW\n|c|\u2606CFgenesis|HOW\n|\n|t:|1700894983\n|move|p1b: Gyarados|Protect|p1b: Gyarados\n|-singleturn|p1b: Gyarados|Protect\n|move|p2a: Ursaluna|Blood Moon|p1b: Gyarados\n|-activate|p1b: Gyarados|move: Protect\n|\n|-heal|p1b: Gyarados|53\/100|[from] item: Leftovers\n|upkeep\n|turn|11\n|\n|t:|1700894991\n|cant|p2a: Ursaluna|par\n|move|p1b: Gyarados|Waterfall|p2a: Ursaluna\n|-damage|p2a: Ursaluna|27\/100 par\n|\n|-heal|p1b: Gyarados|59\/100|[from] item: Leftovers\n|upkeep\n|turn|12\n|\n|t:|1700895013\n|move|p1b: Gyarados|Protect|p1b: Gyarados\n|-singleturn|p1b: Gyarados|Protect\n|move|p2a: Ursaluna|Protect||[still]\n|-fail|p2a: Ursaluna\n|\n|-heal|p1b: Gyarados|65\/100|[from] item: Leftovers\n|upkeep\n|turn|13\n|\n|t:|1700895019\n|move|p2a: Ursaluna|Protect|p2a: Ursaluna\n|-singleturn|p2a: Ursaluna|Protect\n|move|p1b: Gyarados|Waterfall|p2a: Ursaluna\n|-activate|p2a: Ursaluna|move: Protect\n|\n|-heal|p1b: Gyarados|71\/100|[from] item: Leftovers\n|upkeep\n|turn|14\n|\n|t:|1700895026\n|move|p1b: Gyarados|Protect|p1b: Gyarados\n|-singleturn|p1b: Gyarados|Protect\n|move|p2a: Ursaluna|Hyper Voice|p1b: Gyarados\n|-activate|p1b: Gyarados|move: Protect\n|\n|-heal|p1b: Gyarados|77\/100|[from] item: Leftovers\n|upkeep\n|turn|15\n|c|\u2606CFgenesis|Gimme more healing\n|c|\u2606CFgenesis|Sure\n|\n|t:|1700895037\n|move|p1b: Gyarados|Waterfall|p2a: Ursaluna\n|-damage|p2a: Ursaluna|4\/100 par\n|move|p2a: Ursaluna|Blood Moon|p1b: Gyarados\n|-damage|p1b: Gyarados|13\/100\n|-damage|p2a: Ursaluna|0 fnt|[from] item: Life Orb\n|faint|p2a: Ursaluna\n|\n|win|CFgenesis\n|raw|CFgenesis's rating: 1162 &rarr; <strong>1181<\/strong><br \/>(+19 for winning)\n|raw|Prince Rooveooo's rating: 1075 &rarr; <strong>1059<\/strong><br \/>(-16 for losing)\n|c|\u2606CFgenesis|Aw\n|c|\u2606CFgenesis|Gg\n|l|\u2606Prince Rooveooo\n|c|\u2606CFgenesis|WAIT I WON\n|c|\u2606CFgenesis|i thot i lost lol\n|c|\u2606CFgenesis|Cause waterfall didnt kill\n","uploadtime":1700895072,"views":7,"p1id":"cfgenesis","p2id":"princerooveooo","formatid":"gen9vgc2023regulatione","rating":1059,"private":0,"password":""}