{"id":"gen9vgc2023regulatione-1988482772","p1":"HiHulu","p2":"Bryce James","format":"[Gen 9] VGC 2023 Regulation E","log":"|j|\u2606HiHulu\n|j|\u2606Bryce James\n|t:|1699727732\n|gametype|doubles\n|player|p1|HiHulu|grimsley|1073\n|player|p2|Bryce James|janitor|1082\n|teamsize|p1|6\n|teamsize|p2|6\n|gen|9\n|tier|[Gen 9] VGC 2023 Regulation E\n|rated|\n|rule|Species Clause: Limit one of each Pok\u00e9mon\n|rule|Item Clause: Limit one of each item\n|clearpoke\n|poke|p1|Conkeldurr, L50, M|\n|poke|p1|Typhlosion-Hisui, L50, F|\n|poke|p1|Hatterene, L50, F|\n|poke|p1|Dachsbun, L50, M|\n|poke|p1|Barraskewda, L50, M|\n|poke|p1|Iron Valiant, L50|\n|poke|p2|Ursaluna-Bloodmoon, L50, M|\n|poke|p2|Indeedee-F, L50, F|\n|poke|p2|Weezing-Galar, L50, F|\n|poke|p2|Slaking, L50, F|\n|poke|p2|Flutter Mane, L50|\n|poke|p2|Sinistcha-Masterpiece, L50|\n|teampreview|4\nBryce James has agreed to open team sheets.\n|\n|t:|1699727786\n|start\n|switch|p1a: Iron Valiant|Iron Valiant, L50|100\/100\n|switch|p1b: Barraskewda|Barraskewda, L50, M|100\/100\n|switch|p2a: Ursaluna|Ursaluna-Bloodmoon, L50, M|100\/100\n|switch|p2b: Indeedee|Indeedee-F, L50, F|100\/100\n|-fieldstart|move: Psychic Terrain|[from] ability: Psychic Surge|[of] p2b: Indeedee\n|-enditem|p1a: Iron Valiant|Booster Energy\n|-activate|p1a: Iron Valiant|ability: Quark Drive|[fromitem]\n|-start|p1a: Iron Valiant|quarkdrivespe\n|turn|1\n|\n|t:|1699727813\n|move|p1a: Iron Valiant|Dazzling Gleam|p2a: Ursaluna|[spread] p2a,p2b\n|-damage|p2a: Ursaluna|68\/100\n|-damage|p2b: Indeedee|81\/100\n|move|p1b: Barraskewda|Liquidation|p2a: Ursaluna\n|-supereffective|p2a: Ursaluna\n|-damage|p2a: Ursaluna|4\/100\n|move|p2a: Ursaluna|Calm Mind|p2a: Ursaluna\n|-boost|p2a: Ursaluna|spa|1\n|-boost|p2a: Ursaluna|spd|1\n|move|p2b: Indeedee|Trick Room|p2b: Indeedee\n|-fieldstart|move: Trick Room|[of] p2b: Indeedee\n|\n|upkeep\n|turn|2\n|\n|t:|1699727829\n|move|p2b: Indeedee|Follow Me|p2b: Indeedee\n|-singleturn|p2b: Indeedee|move: Follow Me\n|move|p2a: Ursaluna|Blood Moon|p1b: Barraskewda\n|-enditem|p1b: Barraskewda|Focus Sash\n|-damage|p1b: Barraskewda|1\/100\n|-damage|p2a: Ursaluna|0 fnt|[from] item: Life Orb\n|faint|p2a: Ursaluna\n|move|p1b: Barraskewda|Liquidation|p2b: Indeedee\n|-damage|p2b: Indeedee|20\/100\n|-unboost|p2b: Indeedee|def|1\n|-enditem|p2b: Indeedee|Iapapa Berry|[eat]\n|-heal|p2b: Indeedee|53\/100|[from] item: Iapapa Berry\n|move|p1a: Iron Valiant|Encore|p2b: Indeedee\n|-start|p2b: Indeedee|Encore\n|\n|upkeep\n|\n|t:|1699727847\n|switch|p2a: Weezing|Weezing-Galar, L50, F|100\/100\n|-ability|p2a: Weezing|Neutralizing Gas\n|turn|3\n|\n|t:|1699727866\n|move|p2b: Indeedee|Follow Me|p2b: Indeedee\n|-singleturn|p2b: Indeedee|move: Follow Me\n|move|p2a: Weezing|Sludge Bomb|p1b: Barraskewda\n|-damage|p1b: Barraskewda|0 fnt\n|faint|p1b: Barraskewda\n|move|p1a: Iron Valiant|Thunderbolt|p2b: Indeedee\n|-damage|p2b: Indeedee|32\/100\n|\n|upkeep\n|\n|t:|1699727891\n|switch|p1b: Hatterene|Hatterene, L50, F|100\/100\n|turn|4\n|\n|t:|1699727904\n|switch|p2b: Sinistcha|Sinistcha-Masterpiece, L50|100\/100\n|-terastallize|p1b: Hatterene|Water\n|move|p1b: Hatterene|Shadow Ball|p2a: Weezing\n|-damage|p2a: Weezing|57\/100\n|-unboost|p2a: Weezing|spd|1\n|move|p2a: Weezing|Sludge Bomb|p1a: Iron Valiant\n|-supereffective|p1a: Iron Valiant\n|-damage|p1a: Iron Valiant|0 fnt\n|faint|p1a: Iron Valiant\n|-end|p1a: Iron Valiant|Quark Drive|[silent]\n|\n|-heal|p2a: Weezing|63\/100|[from] item: Black Sludge\n|upkeep\n|\n|t:|1699727913\n|switch|p1a: Dachsbun|Dachsbun, L50, M|100\/100\n|turn|5\n|\n|t:|1699727941\n|move|p2b: Sinistcha|Rage Powder|p2b: Sinistcha\n|-singleturn|p2b: Sinistcha|move: Rage Powder\n|move|p1b: Hatterene|Shadow Ball|p2b: Sinistcha\n|-supereffective|p2b: Sinistcha\n|-damage|p2b: Sinistcha|22\/100\n|move|p2a: Weezing|Sludge Bomb|p1a: Dachsbun\n|-supereffective|p1a: Dachsbun\n|-damage|p1a: Dachsbun|33\/100\n|move|p1a: Dachsbun|Yawn|p2b: Sinistcha\n|-start|p2b: Sinistcha|move: Yawn|[of] p1a: Dachsbun\n|\n|-heal|p2a: Weezing|69\/100|[from] item: Black Sludge\n|-heal|p2b: Sinistcha|28\/100|[from] item: Leftovers\n|-heal|p1a: Dachsbun|40\/100|[from] item: Leftovers\n|-fieldend|move: Trick Room\n|-fieldend|move: Psychic Terrain\n|upkeep\n|turn|6\n|\n|t:|1699727954\n|move|p1a: Dachsbun|Body Press|p2a: Weezing\n|-resisted|p2a: Weezing\n|-damage|p2a: Weezing|65\/100\n|move|p2a: Weezing|Sludge Bomb|p1a: Dachsbun\n|-supereffective|p1a: Dachsbun\n|-damage|p1a: Dachsbun|0 fnt\n|faint|p1a: Dachsbun\n|move|p1b: Hatterene|Dazzling Gleam|p2a: Weezing|[spread] p2a,p2b\n|-resisted|p2a: Weezing\n|-damage|p2a: Weezing|30\/100\n|-damage|p2b: Sinistcha|0 fnt\n|faint|p2b: Sinistcha\n|\n|-heal|p2a: Weezing|35\/100|[from] item: Black Sludge\n|upkeep\n|\n|t:|1699727963\n|switch|p2b: Indeedee|Indeedee-F, L50, F|32\/100\n|turn|7\n|\n|t:|1699727970\n|move|p2b: Indeedee|Psyshock|p1b: Hatterene\n|-damage|p1b: Hatterene|69\/100\n|move|p2a: Weezing|Sludge Bomb|p1b: Hatterene\n|-damage|p1b: Hatterene|41\/100\n|move|p1b: Hatterene|Dazzling Gleam|p2b: Indeedee|[spread] p2a,p2b\n|-resisted|p2a: Weezing\n|-damage|p2a: Weezing|0 fnt\n|-damage|p2b: Indeedee|8\/100\n|faint|p2a: Weezing\n|-end|p2a: Weezing|ability: Neutralizing Gas\n|-fieldstart|move: Psychic Terrain|[from] ability: Psychic Surge|[of] p2b: Indeedee\n|\n|upkeep\n|turn|8\n|\n|t:|1699728014\n|-terastallize|p2b: Indeedee|Psychic\n|move|p2b: Indeedee|Psyshock|p1b: Hatterene\n|-damage|p1b: Hatterene|0 fnt\n|faint|p1b: Hatterene\n|\n|win|Bryce James\n|raw|HiHulu's rating: 1073 &rarr; <strong>1053<\/strong><br \/>(-20 for losing)\n|raw|Bryce James's rating: 1082 &rarr; <strong>1109<\/strong><br \/>(+27 for winning)\n|l|\u2606HiHulu\n","uploadtime":1699728028,"views":20,"p1id":"hihulu","p2id":"brycejames","formatid":"gen9vgc2023regulatione","rating":1053,"private":0,"password":""}