{"id":"gen9vgc2023regulatione-1989069372","p1":"Brare","p2":"robbie0301","format":"[Gen 9] VGC 2023 Regulation E","log":"|j|\u2606Brare\n|j|\u2606robbie0301\n|t:|1699808812\n|gametype|doubles\n|player|p1|Brare|juggler|\n|player|p2|robbie0301|101|\n|teamsize|p1|6\n|teamsize|p2|6\n|gen|9\n|tier|[Gen 9] VGC 2023 Regulation E\n|rule|Species Clause: Limit one of each Pok\u00e9mon\n|rule|Item Clause: Limit one of each item\n|clearpoke\n|poke|p1|Urshifu-*, L50, M|\n|poke|p1|Farigiraf, L50, M|\n|poke|p1|Clefairy, L50, M|\n|poke|p1|Ogerpon-Hearthflame, L50, F|\n|poke|p1|Ursaluna-Bloodmoon, L50, M|\n|poke|p1|Okidogi, L50, M|\n|poke|p2|Bronzong, L50|\n|poke|p2|Ursaluna, L50, M|\n|poke|p2|Amoonguss, L50, M|\n|poke|p2|Chi-Yu, L50|\n|poke|p2|Iron Hands, L50|\n|poke|p2|Ogerpon-Wellspring, L50, F|\n|teampreview|4\nBrare has agreed to open team sheets.\nrobbie0301 has agreed to open team sheets.\n|showteam|p1|Urshifu-Rapid-Strike||ChoiceScarf|UnseenFist|SurgingStrikes,CloseCombat,Uturn,IceSpinner|||M|||50|,,,,,Water]Farigiraf||SitrusBerry|ArmorTail|Psychic,DazzlingGleam,NastyPlot,TrickRoom|||M|||50|,,,,,Fire]Clefairy||Eviolite|FriendGuard|Protect,HelpingHand,FollowMe,HealPulse|||M|||50|,,,,,Grass]Ogerpon-Hearthflame||HearthflameMask|MoldBreaker|IvyCudgel,HornLeech,SpikyShield,SwordsDance|||F|||50|,,,,,Fire]Ursaluna-Bloodmoon||LifeOrb|MindsEye|HyperVoice,BloodMoon,EarthPower,Protect|||M|||50|,,,,,Grass]Okidogi||AssaultVest|GuardDog|PoisonJab,BrickBreak,Snarl,IcePunch|||M|||50|,,,,,Water\n|showteam|p2|Bronzong||Leftovers|Levitate|TrickRoom,HeavySlam,BodyPress,IronDefense||||||50|,,,,,Dragon]Ursaluna||FlameOrb|Guts|Facade,Earthquake,HeadlongRush,Protect|||M|||50|,,,,,Ghost]Amoonguss||SitrusBerry|Regenerator|Spore,PollenPuff,RagePowder,Protect|||M|||50|,,,,,Fire]Chi-Yu||FocusSash|BeadsofRuin|HeatWave,DarkPulse,Protect,Taunt||||||50|,,,,,Water]Iron Hands||AssaultVest|QuarkDrive|FakeOut,DrainPunch,WildCharge,HeavySlam||||||50|,,,,,Water]Ogerpon-Wellspring||WellspringMask|WaterAbsorb|FollowMe,SpikyShield,IvyCudgel,HornLeech|||F|||50|,,,,,Water\n|j| charlie0301\n|c|\u2606robbie0301|good luck have fun!\n|c|\u2606Brare|glhf!\n|\n|t:|1699808930\n|start\n|switch|p1a: Urshifu|Urshifu-Rapid-Strike, L50, M|100\/100\n|switch|p1b: Okidogi|Okidogi, L50, M|100\/100\n|switch|p2a: Amoonguss|Amoonguss, L50, M|100\/100\n|switch|p2b: Ursaluna|Ursaluna, L50, M|100\/100\n|turn|1\n|\n|t:|1699808984\n|-terastallize|p2b: Ursaluna|Ghost\n|move|p1a: Urshifu|Surging Strikes|p2b: Ursaluna\n|-crit|p2b: Ursaluna\n|-damage|p2b: Ursaluna|83\/100\n|-crit|p2b: Ursaluna\n|-damage|p2b: Ursaluna|64\/100\n|-crit|p2b: Ursaluna\n|-damage|p2b: Ursaluna|47\/100\n|-hitcount|p2b: Ursaluna|3\n|move|p1b: Okidogi|Poison Jab|p2a: Amoonguss\n|-damage|p2a: Amoonguss|59\/100\n|move|p2b: Ursaluna|Facade|p1b: Okidogi\n|-damage|p1b: Okidogi|66\/100\n|move|p2a: Amoonguss|Spore|p1a: Urshifu\n|-status|p1a: Urshifu|slp|[from] move: Spore\n|\n|-status|p2b: Ursaluna|brn|[from] item: Flame Orb\n|upkeep\n|turn|2\n|\n|t:|1699809014\n|switch|p1a: Ogerpon|Ogerpon-Hearthflame, L50, F|100\/100\n|-ability|p1a: Ogerpon|Mold Breaker\n|move|p1b: Okidogi|Poison Jab|p2b: Ursaluna\n|-resisted|p2b: Ursaluna\n|-damage|p2b: Ursaluna|29\/100 brn\n|move|p2b: Ursaluna|Facade|p1a: Ogerpon\n|-damage|p1a: Ogerpon|0 fnt\n|faint|p1a: Ogerpon\n|move|p2a: Amoonguss|Pollen Puff|p2b: Ursaluna\n|-heal|p2b: Ursaluna|79\/100 brn\n|\n|-damage|p2b: Ursaluna|73\/100 brn|[from] brn\n|upkeep\n|\n|t:|1699809030\n|switch|p1a: Urshifu|Urshifu-Rapid-Strike, L50, M|100\/100 slp\n|turn|3\n|\n|t:|1699809043\n|switch|p2a: Bronzong|Bronzong, L50|100\/100\n|cant|p1a: Urshifu|slp\n|move|p1b: Okidogi|Ice Punch|p2b: Ursaluna\n|-damage|p2b: Ursaluna|51\/100 brn\n|move|p2b: Ursaluna|Earthquake|p1b: Okidogi|[spread] p1a,p1b\n|-immune|p2a: Bronzong|[from] ability: Levitate\n|-supereffective|p1b: Okidogi\n|-damage|p1a: Urshifu|33\/100 slp\n|-damage|p1b: Okidogi|0 fnt\n|faint|p1b: Okidogi\n|\n|-damage|p2b: Ursaluna|45\/100 brn|[from] brn\n|upkeep\n|\n|t:|1699809056\n|switch|p1b: Ursaluna|Ursaluna-Bloodmoon, L50, M|100\/100\n|turn|4\n|\n|t:|1699809076\n|move|p2b: Ursaluna|Protect|p2b: Ursaluna\n|-singleturn|p2b: Ursaluna|Protect\n|cant|p1a: Urshifu|slp\n|move|p1b: Ursaluna|Hyper Voice|p2b: Ursaluna|[spread] p2a\n|-activate|p2b: Ursaluna|move: Protect\n|-resisted|p2a: Bronzong\n|-damage|p2a: Bronzong|84\/100\n|-damage|p1b: Ursaluna|91\/100|[from] item: Life Orb\n|move|p2a: Bronzong|Trick Room|p2a: Bronzong\n|-fieldstart|move: Trick Room|[of] p2a: Bronzong\n|\n|-heal|p2a: Bronzong|90\/100|[from] item: Leftovers\n|-damage|p2b: Ursaluna|39\/100 brn|[from] brn\n|upkeep\n|turn|5\n|\n|t:|1699809102\n|move|p2b: Ursaluna|Earthquake|p1b: Ursaluna|[spread] p1a,p1b\n|-immune|p2a: Bronzong|[from] ability: Levitate\n|-damage|p1a: Urshifu|0 fnt\n|-damage|p1b: Ursaluna|44\/100\n|faint|p1a: Urshifu\n|move|p1b: Ursaluna|Blood Moon|p2b: Ursaluna\n|-damage|p2b: Ursaluna|0 fnt\n|faint|p2b: Ursaluna\n|-damage|p1b: Ursaluna|34\/100|[from] item: Life Orb\n|move|p2a: Bronzong|Body Press|p1b: Ursaluna\n|-supereffective|p1b: Ursaluna\n|-damage|p1b: Ursaluna|0 fnt\n|faint|p1b: Ursaluna\n|\n|win|robbie0301\n|c|\u2606robbie0301|gg\n|c|\u2606Brare|gg\n|c|\u2606Brare|Sorry, I thought I had set it as best of 3\n|l|\u2606Brare\n|c|\u2606robbie0301|ur good\n","uploadtime":1699809127,"views":29,"p1id":"brare","p2id":"robbie0301","formatid":"gen9vgc2023regulatione","rating":0,"private":0,"password":""}