{"id":"gen9vgc2023regulatione-1994922566","p1":"GordoAloprado","p2":"nickmitch","format":"[Gen 9] VGC 2023 Regulation E","log":"|j|\u2606GordoAloprado\n|j|\u2606nickmitch\n|t:|1700504970\n|gametype|doubles\n|player|p1|GordoAloprado|2|1141\n|player|p2|nickmitch|clerk|1175\n|teamsize|p1|6\n|teamsize|p2|6\n|gen|9\n|tier|[Gen 9] VGC 2023 Regulation E\n|rated|\n|rule|Species Clause: Limit one of each Pok\u00e9mon\n|rule|Item Clause: Limit one of each item\n|clearpoke\n|poke|p1|Urshifu-*, L50, M|\n|poke|p1|Flutter Mane, L50|\n|poke|p1|Cresselia, L50, F|\n|poke|p1|Iron Hands, L50|\n|poke|p1|Arcanine-Hisui, L50, F|\n|poke|p1|Gastrodon, L50, F|\n|poke|p2|Fezandipiti, L50, M|\n|poke|p2|Garganacl, L50, M|\n|poke|p2|Ogerpon-Wellspring, L50, F|\n|poke|p2|Flutter Mane, L50|\n|poke|p2|Wo-Chien, L50|\n|poke|p2|Iron Hands, L50|\n|teampreview|4\n|\n|t:|1700505009\n|start\n|switch|p1a: Gastrodon|Gastrodon, L50, F|100\/100\n|switch|p1b: Flutter Mane|Flutter Mane, L50|100\/100\n|switch|p2a: Iron Hands|Iron Hands, L50|100\/100\n|switch|p2b: Garganacl|Garganacl, L50, M|100\/100\n|-enditem|p1b: Flutter Mane|Booster Energy\n|-activate|p1b: Flutter Mane|ability: Protosynthesis|[fromitem]\n|-start|p1b: Flutter Mane|protosynthesisspe\n|turn|1\n|\n|t:|1700505044\n|move|p1b: Flutter Mane|Moonblast|p2a: Iron Hands\n|-supereffective|p2a: Iron Hands\n|-damage|p2a: Iron Hands|33\/100\n|move|p2a: Iron Hands|Heavy Slam|p1b: Flutter Mane\n|-supereffective|p1b: Flutter Mane\n|-damage|p1b: Flutter Mane|0 fnt\n|faint|p1b: Flutter Mane\n|-end|p1b: Flutter Mane|Protosynthesis|[silent]\n|move|p1a: Gastrodon|Yawn|p2b: Garganacl\n|-immune|p2b: Garganacl|[from] ability: Purifying Salt\n|move|p2b: Garganacl|Heavy Slam|p1a: Gastrodon\n|-resisted|p1a: Gastrodon\n|-damage|p1a: Gastrodon|86\/100\n|\n|-heal|p1a: Gastrodon|92\/100|[from] item: Leftovers\n|upkeep\n|\n|t:|1700505054\n|switch|p1b: Iron Hands|Iron Hands, L50|100\/100\n|turn|2\n|\n|t:|1700505075\n|move|p1b: Iron Hands|Fake Out|p2b: Garganacl\n|-resisted|p2b: Garganacl\n|-damage|p2b: Garganacl|96\/100\n|cant|p2b: Garganacl|flinch\n|move|p2a: Iron Hands|Drain Punch|p1b: Iron Hands\n|-damage|p1b: Iron Hands|77\/100\n|-heal|p2a: Iron Hands|45\/100|[from] drain|[of] p1b: Iron Hands\n|move|p1a: Gastrodon|Earth Power|p2a: Iron Hands\n|-supereffective|p2a: Iron Hands\n|-damage|p2a: Iron Hands|9\/100\n|\n|-heal|p1a: Gastrodon|98\/100|[from] item: Leftovers\n|-heal|p2b: Garganacl|100\/100|[from] item: Leftovers\n|upkeep\n|turn|3\n|\n|t:|1700505101\n|move|p2a: Iron Hands|Drain Punch|p1b: Iron Hands\n|-damage|p1b: Iron Hands|56\/100\n|-heal|p2a: Iron Hands|20\/100|[from] drain|[of] p1b: Iron Hands\n|move|p1b: Iron Hands|Drain Punch|p2a: Iron Hands\n|-damage|p2a: Iron Hands|0 fnt\n|-heal|p1b: Iron Hands|65\/100|[from] drain|[of] p2a: Iron Hands\n|-damage|p1b: Iron Hands|49\/100|[from] item: Rocky Helmet|[of] p2a: Iron Hands\n|faint|p2a: Iron Hands\n|-end|p2a: Iron Hands|Quark Drive|[silent]\n|move|p1a: Gastrodon|Earth Power|p2b: Garganacl\n|-supereffective|p2b: Garganacl\n|-damage|p2b: Garganacl|47\/100\n|move|p2b: Garganacl|Salt Cure|p1a: Gastrodon\n|-resisted|p1a: Gastrodon\n|-crit|p1a: Gastrodon\n|-damage|p1a: Gastrodon|85\/100\n|-start|p1a: Gastrodon|Salt Cure\n|\n|-heal|p1a: Gastrodon|91\/100|[from] item: Leftovers\n|-heal|p2b: Garganacl|53\/100|[from] item: Leftovers\n|-damage|p1a: Gastrodon|67\/100|[from] Salt Cure\n|upkeep\n|\n|t:|1700505121\n|switch|p2a: Wo-Chien|Wo-Chien, L50|100\/100\n|-ability|p2a: Wo-Chien|Tablets of Ruin\n|turn|4\n|\n|t:|1700505149\n|-terastallize|p2a: Wo-Chien|Water\n|move|p2a: Wo-Chien|Giga Drain|p1a: Gastrodon\n|-supereffective|p1a: Gastrodon\n|-damage|p1a: Gastrodon|0 fnt\n|faint|p1a: Gastrodon\n|move|p1b: Iron Hands|Heavy Slam|p2b: Garganacl\n|-supereffective|p2b: Garganacl\n|-crit|p2b: Garganacl\n|-damage|p2b: Garganacl|33\/100\n|move|p2b: Garganacl|Salt Cure|p1b: Iron Hands\n|-resisted|p1b: Iron Hands\n|-damage|p1b: Iron Hands|45\/100\n|-start|p1b: Iron Hands|Salt Cure\n|\n|-heal|p2b: Garganacl|39\/100|[from] item: Leftovers\n|-damage|p1b: Iron Hands|33\/100|[from] Salt Cure\n|upkeep\n|\n|t:|1700505156\n|switch|p1a: Urshifu|Urshifu, L50, M|100\/100\n|turn|5\n|\n|t:|1700505189\n|move|p1a: Urshifu|Close Combat|p2b: Garganacl\n|-supereffective|p2b: Garganacl\n|-damage|p2b: Garganacl|0 fnt\n|-unboost|p1a: Urshifu|def|1\n|-unboost|p1a: Urshifu|spd|1\n|faint|p2b: Garganacl\n|move|p2a: Wo-Chien|Foul Play|p1a: Urshifu\n|-resisted|p1a: Urshifu\n|-damage|p1a: Urshifu|83\/100\n|move|p1b: Iron Hands|Drain Punch|p2a: Wo-Chien\n|-damage|p2a: Wo-Chien|73\/100\n|-heal|p1b: Iron Hands|43\/100|[from] drain|[of] p2a: Wo-Chien\n|\n|-damage|p1b: Iron Hands|31\/100|[from] Salt Cure\n|upkeep\n|\n|t:|1700505203\n|switch|p2b: Ogerpon|Ogerpon-Wellspring, L50, F|100\/100\n|turn|6\n|\n|t:|1700505227\n|-terastallize|p1a: Urshifu|Dark\n|move|p2b: Ogerpon|Spiky Shield|p2b: Ogerpon\n|-singleturn|p2b: Ogerpon|move: Protect\n|move|p1a: Urshifu|Wicked Blow|p2b: Ogerpon\n|-crit|p2b: Ogerpon\n|-damage|p2b: Ogerpon|37\/100\n|move|p2a: Wo-Chien|Ruination|p1a: Urshifu\n|-damage|p1a: Urshifu|42\/100\n|move|p1b: Iron Hands|Wild Charge|p2b: Ogerpon\n|-activate|p2b: Ogerpon|move: Protect\n|-damage|p1b: Iron Hands|19\/100|[from] Spiky Shield|[of] p2b: Ogerpon\n|\n|-damage|p1b: Iron Hands|6\/100|[from] Salt Cure\n|upkeep\n|turn|7\n|\n|t:|1700505249\n|move|p1a: Urshifu|Wicked Blow|p2b: Ogerpon\n|-crit|p2b: Ogerpon\n|-damage|p2b: Ogerpon|0 fnt\n|faint|p2b: Ogerpon\n|move|p2a: Wo-Chien|Pollen Puff|p1a: Urshifu\n|-supereffective|p1a: Urshifu\n|-damage|p1a: Urshifu|0 fnt\n|faint|p1a: Urshifu\n|move|p1b: Iron Hands|Wild Charge|p2a: Wo-Chien\n|-supereffective|p2a: Wo-Chien\n|-damage|p2a: Wo-Chien|13\/100\n|-damage|p1b: Iron Hands|0 fnt|[from] Recoil\n|faint|p1b: Iron Hands\n|-end|p1b: Iron Hands|Quark Drive|[silent]\n|\n|win|nickmitch\n|raw|GordoAloprado's rating: 1141 &rarr; <strong>1118<\/strong><br \/>(-23 for losing)\n|raw|nickmitch's rating: 1175 &rarr; <strong>1198<\/strong><br \/>(+23 for winning)\n|l|\u2606GordoAloprado\n|c|\u2606nickmitch|gg\n","uploadtime":1700505266,"views":14,"p1id":"gordoaloprado","p2id":"nickmitch","formatid":"gen9vgc2023regulatione","rating":1118,"private":0,"password":""}