{"id":"gen9vgc2023regulatione-1989205840","p1":"Tesnorn","p2":"Snog2273","format":"[Gen 9] VGC 2023 Regulation E","log":"|j|\u2606Tesnorn\n|j|\u2606Snog2273\n|t:|1699823296\n|gametype|doubles\n|player|p1|Tesnorn|169|1211\n|player|p2|Snog2273|supernerd|1222\n|teamsize|p1|6\n|teamsize|p2|6\n|gen|9\n|tier|[Gen 9] VGC 2023 Regulation E\n|rated|\n|rule|Species Clause: Limit one of each Pok\u00e9mon\n|rule|Item Clause: Limit one of each item\n|clearpoke\n|poke|p1|Tornadus, L50, M|\n|poke|p1|Urshifu-*, L50, F|\n|poke|p1|Rillaboom, L50, F|\n|poke|p1|Landorus-Therian, L50, M|\n|poke|p1|Iron Hands, L50|\n|poke|p1|Flutter Mane, L50|\n|poke|p2|Stonjourner, L50, M|\n|poke|p2|Tatsugiri, L50, M|\n|poke|p2|Farigiraf, L50, F|\n|poke|p2|Iron Hands, L50|\n|poke|p2|Amoonguss, L50, M|\n|poke|p2|Kingambit, L50, F|\n|teampreview|4\n|inactive|Battle timer is ON: inactive players will automatically lose when time's up. (requested by Snog2273)\nSnog2273 has agreed to open team sheets.\n|inactive|Tesnorn has 60 seconds left.\n|inactive|Snog2273 has 60 seconds left.\n|\n|t:|1699823341\n|start\n|switch|p1a: Iron Hands|Iron Hands, L50|100\/100\n|switch|p1b: Tornadus|Tornadus, L50, M|100\/100\n|switch|p2a: Farigiraf|Farigiraf, L50, F|100\/100\n|switch|p2b: Stonjourner|Stonjourner, L50, M|100\/100\n|turn|1\n|inactive|Snog2273 has 30 seconds left.\n|inactive|Snog2273 has 20 seconds left.\n|inactive|Snog2273 has 15 seconds left.\n|\n|t:|1699823383\n|move|p2b: Stonjourner|Wide Guard|p2b: Stonjourner\n|-singleturn|p2b: Stonjourner|Wide Guard\n|move|p1b: Tornadus|Tailwind|p1b: Tornadus\n|-sidestart|p1: Tesnorn|move: Tailwind\n|move|p1a: Iron Hands|Drain Punch|p2a: Farigiraf\n|-damage|p2a: Farigiraf|50\/100\n|-enditem|p2a: Farigiraf|Sitrus Berry|[eat]\n|-heal|p2a: Farigiraf|75\/100|[from] item: Sitrus Berry\n|move|p2a: Farigiraf|Trick Room|p2a: Farigiraf\n|-fieldstart|move: Trick Room|[of] p2a: Farigiraf\n|\n|upkeep\n|turn|2\n|inactive|Snog2273 has 30 seconds left.\n|inactive|Tesnorn has 30 seconds left.\n|inactive|Snog2273 has 20 seconds left.\n|\n|t:|1699823420\n|-terastallize|p1a: Iron Hands|Grass\n|move|p1b: Tornadus|Rain Dance|p1b: Tornadus\n|-weather|RainDance\n|move|p2b: Stonjourner|Rock Slide|p1a: Iron Hands|[spread] p1a,p1b\n|-supereffective|p1b: Tornadus\n|-damage|p1a: Iron Hands|82\/100\n|-damage|p1b: Tornadus|45\/100\n|move|p2a: Farigiraf|Psychic|p1a: Iron Hands\n|-damage|p1a: Iron Hands|48\/100\n|cant|p1a: Iron Hands|flinch\n|\n|-weather|RainDance|[upkeep]\n|upkeep\n|turn|3\n|l|\u2606Tesnorn\n|inactive|Tesnorn disconnected and has a minute to reconnect!\n|player|p1|\n|j|\u2606Tesnorn\n|inactive|Tesnorn reconnected and has 35 seconds left.\n|player|p1|Tesnorn|169\n|inactive|Tesnorn has 30 seconds left.\n|inactive|Snog2273 has 30 seconds left.\n|\n|t:|1699823451\n|move|p2b: Stonjourner|Rock Slide|p1b: Tornadus|[spread] p1a\n|-miss|p2b: Stonjourner|p1b: Tornadus\n|-damage|p1a: Iron Hands|31\/100\n|move|p2a: Farigiraf|Psychic|p1a: Iron Hands\n|-damage|p1a: Iron Hands|0 fnt\n|faint|p1a: Iron Hands\n|-end|p1a: Iron Hands|Quark Drive|[silent]\n|move|p1b: Tornadus|Bleakwind Storm|p2a: Farigiraf|[spread] p2a,p2b\n|-resisted|p2b: Stonjourner\n|-damage|p2a: Farigiraf|40\/100\n|-damage|p2b: Stonjourner|49\/100\n|\n|-weather|RainDance|[upkeep]\n|upkeep\n|\n|t:|1699823464\n|switch|p1a: Urshifu|Urshifu-Rapid-Strike, L50, F|100\/100\n|turn|4\n|\n|t:|1699823480\n|switch|p2b: Tatsugiri|Tatsugiri, L50, M|100\/100\n|switch|p1a: Landorus|Landorus-Therian, L50, M|100\/100\n|-ability|p1a: Landorus|Intimidate|boost\n|-unboost|p2a: Farigiraf|atk|1\n|-unboost|p2b: Tatsugiri|atk|1\n|move|p2a: Farigiraf|Psychic|p1a: Landorus\n|-damage|p1a: Landorus|46\/100\n|move|p1b: Tornadus|Bleakwind Storm|p2b: Tatsugiri|[spread] p2a,p2b\n|-damage|p2a: Farigiraf|3\/100\n|-damage|p2b: Tatsugiri|54\/100\n|-unboost|p2a: Farigiraf|spe|1\n|-unboost|p2b: Tatsugiri|spe|1\n|\n|-weather|RainDance|[upkeep]\n|-sideend|p1: Tesnorn|move: Tailwind\n|upkeep\n|turn|5\n|inactive|Snog2273 has 30 seconds left.\n|inactive|Snog2273 has 20 seconds left.\n|\n|t:|1699823516\n|switch|p1a: Urshifu|Urshifu-Rapid-Strike, L50, F|100\/100\n|move|p1b: Tornadus|Tailwind|p1b: Tornadus\n|-sidestart|p1: Tesnorn|move: Tailwind\n|move|p2a: Farigiraf|Psychic|p1b: Tornadus\n|-damage|p1b: Tornadus|0 fnt\n|faint|p1b: Tornadus\n|move|p2b: Tatsugiri|Draco Meteor|p1a: Urshifu\n|-damage|p1a: Urshifu|29\/100\n|-unboost|p2b: Tatsugiri|spa|2\n|\n|-weather|RainDance|[upkeep]\n|-fieldend|move: Trick Room\n|upkeep\n|\n|t:|1699823528\n|switch|p1b: Landorus|Landorus-Therian, L50, M|46\/100\n|-ability|p1b: Landorus|Intimidate|boost\n|-unboost|p2a: Farigiraf|atk|1\n|-unboost|p2b: Tatsugiri|atk|1\n|turn|6\n|inactive|Snog2273 has 30 seconds left.\n|\n|t:|1699823560\n|move|p2b: Tatsugiri|Protect|p2b: Tatsugiri\n|-singleturn|p2b: Tatsugiri|Protect\n|move|p1b: Landorus|Stomping Tantrum|p2a: Farigiraf\n|-crit|p2a: Farigiraf\n|-damage|p2a: Farigiraf|0 fnt\n|faint|p2a: Farigiraf\n|move|p1a: Urshifu|Close Combat|p2b: Tatsugiri\n|-crit|p2b: Tatsugiri\n|-damage|p2b: Tatsugiri|0 fnt\n|-unboost|p1a: Urshifu|def|1\n|-unboost|p1a: Urshifu|spd|1\n|faint|p2b: Tatsugiri\n|\n|-weather|none\n|upkeep\n|\n|t:|1699823571\n|switch|p2b: Iron Hands|Iron Hands, L50|100\/100\n|switch|p2a: Stonjourner|Stonjourner, L50, M|49\/100\n|turn|7\n|inactive|Snog2273 has 30 seconds left.\n|\n|t:|1699823597\n|-terastallize|p2a: Stonjourner|Grass\n|move|p1a: Urshifu|Protect|p1a: Urshifu\n|-singleturn|p1a: Urshifu|Protect\n|move|p2b: Iron Hands|Fake Out|p1a: Urshifu\n|-activate|p1a: Urshifu|move: Protect\n|move|p1b: Landorus|Stomping Tantrum|p2a: Stonjourner\n|-resisted|p2a: Stonjourner\n|-damage|p2a: Stonjourner|36\/100\n|move|p2a: Stonjourner|Heavy Slam|p1b: Landorus\n|-damage|p1b: Landorus|0 fnt\n|faint|p1b: Landorus\n|\n|upkeep\n|turn|8\n|\n|t:|1699823620\n|move|p1a: Urshifu|Surging Strikes|p2b: Iron Hands\n|-crit|p2b: Iron Hands\n|-damage|p2b: Iron Hands|85\/100\n|-crit|p2b: Iron Hands\n|-damage|p2b: Iron Hands|69\/100\n|-crit|p2b: Iron Hands\n|-damage|p2b: Iron Hands|54\/100\n|-hitcount|p2b: Iron Hands|3\n|move|p2a: Stonjourner|Rock Slide|p1a: Urshifu\n|-resisted|p1a: Urshifu\n|-damage|p1a: Urshifu|3\/100\n|move|p2b: Iron Hands|Wild Charge|p1a: Urshifu\n|-supereffective|p1a: Urshifu\n|-damage|p1a: Urshifu|0 fnt\n|faint|p1a: Urshifu\n|-damage|p2b: Iron Hands|53\/100|[from] Recoil\n|\n|win|Snog2273\n|raw|Tesnorn's rating: 1211 &rarr; <strong>1187<\/strong><br \/>(-24 for losing)\n|raw|Snog2273's rating: 1222 &rarr; <strong>1246<\/strong><br \/>(+24 for winning)\n|l|\u2606Tesnorn\n","uploadtime":1699823636,"views":25,"p1id":"tesnorn","p2id":"snog2273","formatid":"gen9vgc2023regulatione","rating":1187,"private":0,"password":""}