{"id":"gen9vgc2023regulatione-1998611048","p1":"butt respecter","p2":"Ozwald McFly","format":"[Gen 9] VGC 2023 Regulation E","log":"|j|\u2606butt respecter\n|j|\u2606Ozwald McFly\n|t:|1700962730\n|gametype|doubles\n|player|p1|butt respecter|2|1380\n|player|p2|Ozwald McFly|birdkeeper-gen4dp|1407\n|teamsize|p1|6\n|teamsize|p2|6\n|gen|9\n|tier|[Gen 9] VGC 2023 Regulation E\n|rated|\n|rule|Species Clause: Limit one of each Pok\u00e9mon\n|rule|Item Clause: Limit one of each item\n|clearpoke\n|poke|p1|Ting-Lu, L50|\n|poke|p1|Gyarados, L50, F|\n|poke|p1|Urshifu-*, L50, M|\n|poke|p1|Rillaboom, L50, M|\n|poke|p1|Ceruledge, L50, M|\n|poke|p1|Chien-Pao, L50|\n|poke|p2|Noctowl, L50, F|\n|poke|p2|Sandy Shocks, L50|\n|poke|p2|Espeon, L50, F|\n|poke|p2|Indeedee-F, L50, F|\n|poke|p2|Iron Hands, L50|\n|poke|p2|Decidueye-Hisui, L50, M|\n|teampreview|4\n|inactive|Battle timer is ON: inactive players will automatically lose when time's up. (requested by butt respecter)\n|inactive|butt respecter has 60 seconds left.\n|\n|t:|1700962775\n|start\n|switch|p1a: Ting-Lu|Ting-Lu, L50|100\/100\n|switch|p1b: Ceruledge|Ceruledge, L50, M|100\/100\n|switch|p2a: Decidueye|Decidueye-Hisui, L50, M, shiny|100\/100\n|switch|p2b: Indeedee|Indeedee-F, L50, F|100\/100\n|-fieldstart|move: Psychic Terrain|[from] ability: Psychic Surge|[of] p2b: Indeedee\n|-ability|p1a: Ting-Lu|Vessel of Ruin\n|turn|1\n|\n|t:|1700962798\n|-terastallize|p1a: Ting-Lu|Poison\n|move|p2a: Decidueye|Protect|p2a: Decidueye\n|-singleturn|p2a: Decidueye|Protect\n|move|p1b: Ceruledge|Bulk Up|p1b: Ceruledge\n|-boost|p1b: Ceruledge|atk|1\n|-boost|p1b: Ceruledge|def|1\n|move|p1a: Ting-Lu|Fissure|p2a: Decidueye\n|-activate|p2a: Decidueye|move: Protect\n|move|p2b: Indeedee|Trick Room|p2b: Indeedee\n|-fieldstart|move: Trick Room|[of] p2b: Indeedee\n|\n|upkeep\n|turn|2\n|inactive|butt respecter has 30 seconds left.\n|inactive|Ozwald McFly has 30 seconds left.\n|\n|t:|1700962832\n|-terastallize|p2a: Decidueye|Fighting\n|move|p2b: Indeedee|Helping Hand|p2a: Decidueye\n|-singleturn|p2a: Decidueye|Helping Hand|[of] p2b: Indeedee\n|move|p2a: Decidueye|Triple Arrows|p1b: Ceruledge\n|-damage|p1b: Ceruledge|31\/100\n|-unboost|p1b: Ceruledge|def|1\n|move|p1a: Ting-Lu|Heavy Slam|p2b: Indeedee\n|-damage|p2b: Indeedee|62\/100\n|move|p1b: Ceruledge|Bitter Blade|p2a: Decidueye\n|-damage|p2a: Decidueye|30\/100\n|-heal|p1b: Ceruledge|69\/100|[from] drain|[of] p2a: Decidueye\n|\n|-heal|p1b: Ceruledge|75\/100|[from] item: Leftovers\n|upkeep\n|turn|3\n|\n|t:|1700962851\n|move|p1b: Ceruledge|Protect|p1b: Ceruledge\n|-singleturn|p1b: Ceruledge|Protect\n|move|p2a: Decidueye|Triple Arrows|p1b: Ceruledge\n|-activate|p1b: Ceruledge|move: Protect\n|move|p1a: Ting-Lu|Heavy Slam|p2a: Decidueye\n|-crit|p2a: Decidueye\n|-damage|p2a: Decidueye|0 fnt\n|faint|p2a: Decidueye\n|move|p2b: Indeedee|Psyshock|p1a: Ting-Lu\n|-supereffective|p1a: Ting-Lu\n|-damage|p1a: Ting-Lu|70\/100\n|\n|-heal|p1b: Ceruledge|81\/100|[from] item: Leftovers\n|upkeep\n|\n|t:|1700962863\n|switch|p2a: Iron Hands|Iron Hands, L50|100\/100\n|turn|4\n|inactive|butt respecter has 30 seconds left.\n|inactive|butt respecter has 20 seconds left.\n|inactive|butt respecter has 15 seconds left.\n|\n|t:|1700962907\n|move|p2b: Indeedee|Helping Hand|p2a: Iron Hands\n|-singleturn|p2a: Iron Hands|Helping Hand|[of] p2b: Indeedee\n|move|p2a: Iron Hands|Earthquake|p1a: Ting-Lu|[spread] p2b,p1a,p1b\n|-supereffective|p1a: Ting-Lu\n|-supereffective|p1b: Ceruledge\n|-damage|p2b: Indeedee|13\/100\n|-damage|p1a: Ting-Lu|16\/100\n|-damage|p1b: Ceruledge|0 fnt\n|-enditem|p2b: Indeedee|Sitrus Berry|[eat]\n|-heal|p2b: Indeedee|38\/100|[from] item: Sitrus Berry\n|faint|p1b: Ceruledge\n|move|p1a: Ting-Lu|Fissure|p2a: Iron Hands|[miss]\n|-miss|p1a: Ting-Lu|p2a: Iron Hands\n|\n|upkeep\n|\n|t:|1700962923\n|switch|p1b: Gyarados|Gyarados, L50, F|100\/100\n|-ability|p1b: Gyarados|Intimidate|boost\n|-unboost|p2a: Iron Hands|atk|1\n|-unboost|p2b: Indeedee|atk|1\n|turn|5\n|\n|t:|1700962939\n|move|p1b: Gyarados|Protect|p1b: Gyarados\n|-singleturn|p1b: Gyarados|Protect\n|move|p2b: Indeedee|Follow Me|p2b: Indeedee\n|-singleturn|p2b: Indeedee|move: Follow Me\n|move|p2a: Iron Hands|Wild Charge|p1b: Gyarados\n|-activate|p1b: Gyarados|move: Protect\n|move|p1a: Ting-Lu|Stomping Tantrum|p2b: Indeedee\n|-damage|p2b: Indeedee|0 fnt\n|faint|p2b: Indeedee\n|\n|-fieldend|move: Trick Room\n|-fieldend|move: Psychic Terrain\n|upkeep\n|\n|t:|1700962949\n|switch|p2b: Espeon|Espeon, L50, F|100\/100\n|turn|6\n|\n|t:|1700962965\n|move|p2b: Espeon|Psychic|p1a: Ting-Lu\n|-supereffective|p1a: Ting-Lu\n|-damage|p1a: Ting-Lu|0 fnt\n|faint|p1a: Ting-Lu\n|move|p1b: Gyarados|Waterfall|p2a: Iron Hands\n|-damage|p2a: Iron Hands|72\/100\n|move|p2a: Iron Hands|Wild Charge|p1b: Gyarados\n|-supereffective|p1b: Gyarados\n|-damage|p1b: Gyarados|0 fnt\n|faint|p1b: Gyarados\n|-damage|p2a: Iron Hands|52\/100|[from] Recoil\n|\n|upkeep\n|\n|t:|1700962974\n|switch|p1b: Chien-Pao|Chien-Pao, L50|100\/100\n|-ability|p1b: Chien-Pao|Sword of Ruin\n|turn|7\n|\n|t:|1700962981\n|move|p1b: Chien-Pao|Sucker Punch|p2b: Espeon\n|-supereffective|p2b: Espeon\n|-enditem|p2b: Espeon|Focus Sash\n|-damage|p2b: Espeon|1\/100\n|move|p2b: Espeon|Dazzling Gleam|p1b: Chien-Pao\n|-supereffective|p1b: Chien-Pao\n|-damage|p1b: Chien-Pao|10\/100\n|move|p2a: Iron Hands|Drain Punch|p1b: Chien-Pao\n|-supereffective|p1b: Chien-Pao\n|-damage|p1b: Chien-Pao|0 fnt\n|-heal|p2a: Iron Hands|56\/100|[from] drain|[of] p1b: Chien-Pao\n|faint|p1b: Chien-Pao\n|\n|win|Ozwald McFly\n|raw|butt respecter's rating: 1380 &rarr; <strong>1362<\/strong><br \/>(-18 for losing)\n|raw|Ozwald McFly's rating: 1407 &rarr; <strong>1425<\/strong><br \/>(+18 for winning)\n|l|\u2606butt respecter\n","uploadtime":1700962996,"views":1,"p1id":"buttrespecter","p2id":"ozwaldmcfly","formatid":"gen9vgc2023regulatione","rating":1362,"private":0,"password":""}