{"id":"gen9vgc2023regulatione-1996980693","p1":"Jadedragon61","p2":"901TEK","format":"[Gen 9] VGC 2023 Regulation E","log":"|j|\u2606Jadedragon61\n|j|\u2606901TEK\n|n|\u2606Jadedragon61|jadedragon61\n|n|\u2606901TEK|901tek\n|html|View the match progress at <a href=\"\/game-bestof3-gen9vgc2023regulatione-1996980692\">game-bestof3-gen9vgc2023regulatione-1996980692<\/a>\n|t:|1700752161\n|gametype|doubles\n|player|p1|Jadedragon61|colress|\n|player|p2|901TEK|cilan|\n|teamsize|p1|6\n|teamsize|p2|6\n|gen|9\n|tier|[Gen 9] VGC 2023 Regulation E\n|rule|Species Clause: Limit one of each Pok\u00e9mon\n|rule|Item Clause: Limit one of each item\n|clearpoke\n|poke|p1|Tyranitar, L50, F|\n|poke|p1|Rillaboom, L50, M|\n|poke|p1|Kommo-o, L50, F|\n|poke|p1|Iron Bundle, L50|\n|poke|p1|Flutter Mane, L50|\n|poke|p1|Landorus-Therian, L50, M|\n|poke|p2|Landorus-Therian, L50, M|\n|poke|p2|Tornadus, L50, M|\n|poke|p2|Flutter Mane, L50|\n|poke|p2|Ogerpon-Hearthflame, L50, F|\n|poke|p2|Urshifu-*, L50, F|\n|poke|p2|Kingambit, L50, M|\n|teampreview|4\n901TEK has agreed to open team sheets.\nJadedragon61 has agreed to open team sheets.\n|showteam|p1|Tyranitar||AssaultVest|SandStream|RockSlide,KnockOff,HeavySlam,TeraBlast|||F|||50|,,,,,Psychic]Rillaboom||MiracleSeed|GrassySurge|GrassyGlide,WoodHammer,FakeOut,Protect|||M|||50|,,,,,Poison]Kommo-o||Leftovers|Bulletproof|BodyPress,IronHead,IronDefense,Protect|||F|||50|,,,,,Steel]Iron Bundle||BoosterEnergy|QuarkDrive|FreezeDry,HydroPump,IcyWind,Protect||||||50|,,,,,Poison]Flutter Mane||ChoiceSpecs|Protosynthesis|ShadowBall,DazzlingGleam,Moonblast,Thunderbolt||||||50|,,,,,Fairy]Landorus-Therian||ChoiceScarf|Intimidate|StompingTantrum,RockSlide,Uturn,TeraBlast|||M|||50|,,,,,Flying\n|showteam|p2|Landorus-Therian||ChoiceScarf|Intimidate|StompingTantrum,RockSlide,Uturn,TeraBlast|||M|||50|,,,,,Flying]Tornadus||RockyHelmet|Prankster|Tailwind,Taunt,BleakwindStorm,Protect|||M|||50|,,,,,Dark]Flutter Mane||BoosterEnergy|Protosynthesis|ShadowBall,Moonblast,IcyWind,Protect||||||50|,,,,,Fairy]Ogerpon-Hearthflame||HearthflameMask|MoldBreaker|HornLeech,IvyCudgel,SwordsDance,SpikyShield|||F|||50|,,,,,Fire]Urshifu-Rapid-Strike||MysticWater|UnseenFist|SurgingStrikes,AquaJet,Detect,CloseCombat|||F|||50|,,,,,Water]Kingambit||BlackGlasses|Defiant|KowtowCleave,SuckerPunch,SwordsDance,Protect|||M|||50|,,,,,Fairy\n|\n|t:|1700752223\n|start\n|switch|p1a: Haitatsu!|Iron Bundle, L50, shiny|100\/100\n|switch|p1b: Fish|Flutter Mane, L50|100\/100\n|switch|p2a: Tornadus|Tornadus, L50, M|100\/100\n|switch|p2b: Urshifu|Urshifu-Rapid-Strike, L50, F|100\/100\n|-enditem|p1a: Haitatsu!|Booster Energy\n|-activate|p1a: Haitatsu!|ability: Quark Drive|[fromitem]\n|-start|p1a: Haitatsu!|quarkdrivespe\n|turn|1\n|\n|t:|1700752254\n|-end|p1b: Fish|Protosynthesis|[silent]\n|switch|p1b: Monke|Rillaboom, L50, M|100\/100\n|-fieldstart|move: Grassy Terrain|[from] ability: Grassy Surge|[of] p1b: Monke\n|move|p2b: Urshifu|Detect|p2b: Urshifu\n|-singleturn|p2b: Urshifu|Protect\n|move|p2a: Tornadus|Tailwind|p2a: Tornadus\n|-sidestart|p2: 901TEK|move: Tailwind\n|move|p1a: Haitatsu!|Freeze-Dry|p2a: Tornadus\n|-supereffective|p2a: Tornadus\n|-damage|p2a: Tornadus|8\/100\n|\n|upkeep\n|turn|2\n|\n|t:|1700752299\n|switch|p2b: Flutter Mane|Flutter Mane, L50|100\/100\n|-enditem|p2b: Flutter Mane|Booster Energy\n|-activate|p2b: Flutter Mane|ability: Protosynthesis|[fromitem]\n|-start|p2b: Flutter Mane|protosynthesisspe\n|move|p1b: Monke|Fake Out|p2b: Flutter Mane\n|-immune|p2b: Flutter Mane\n|move|p2a: Tornadus|Bleakwind Storm|p1a: Haitatsu!|[spread] p1a,p1b\n|-supereffective|p1b: Monke\n|-damage|p1a: Haitatsu!|38\/100\n|-damage|p1b: Monke|37\/100\n|move|p1a: Haitatsu!|Freeze-Dry|p2b: Flutter Mane\n|-damage|p2b: Flutter Mane|61\/100\n|\n|-heal|p2b: Flutter Mane|67\/100|[from] Grassy Terrain\n|-heal|p1a: Haitatsu!|44\/100|[from] Grassy Terrain\n|-heal|p1b: Monke|43\/100|[from] Grassy Terrain\n|upkeep\n|turn|3\n|\n|t:|1700752328\n|move|p2a: Tornadus|Protect|p2a: Tornadus\n|-singleturn|p2a: Tornadus|Protect\n|move|p1b: Monke|Grassy Glide|p2b: Flutter Mane\n|-damage|p2b: Flutter Mane|0 fnt\n|faint|p2b: Flutter Mane\n|-end|p2b: Flutter Mane|Protosynthesis|[silent]\n|move|p1a: Haitatsu!|Icy Wind|p2a: Tornadus\n|-activate|p2a: Tornadus|move: Protect\n|\n|-heal|p1a: Haitatsu!|50\/100|[from] Grassy Terrain\n|-heal|p1b: Monke|48\/100|[from] Grassy Terrain\n|upkeep\n|\n|t:|1700752337\n|switch|p2b: Ogerpon|Ogerpon-Hearthflame, L50, F|100\/100\n|-ability|p2b: Ogerpon|Mold Breaker\n|turn|4\n|\n|t:|1700752357\n|move|p2a: Tornadus|Protect||[still]\n|-fail|p2a: Tornadus\n|move|p1b: Monke|Grassy Glide|p2a: Tornadus\n|-resisted|p2a: Tornadus\n|-damage|p2a: Tornadus|0 fnt\n|-damage|p1b: Monke|32\/100|[from] item: Rocky Helmet|[of] p2a: Tornadus\n|faint|p2a: Tornadus\n|move|p2b: Ogerpon|Horn Leech|p1a: Haitatsu!\n|-supereffective|p1a: Haitatsu!\n|-damage|p1a: Haitatsu!|0 fnt\n|faint|p1a: Haitatsu!\n|-end|p1a: Haitatsu!|Quark Drive|[silent]\n|\n|-heal|p1b: Monke|38\/100|[from] Grassy Terrain\n|-sideend|p2: 901TEK|move: Tailwind\n|upkeep\n|\n|t:|1700752370\n|switch|p1a: (Not) jade dragon|Kommo-o, L50, F, shiny|100\/100\n|switch|p2a: Urshifu|Urshifu-Rapid-Strike, L50, F|100\/100\n|turn|5\n|\n|t:|1700752394\n|move|p2a: Urshifu|Detect|p2a: Urshifu\n|-singleturn|p2a: Urshifu|Protect\n|move|p1b: Monke|Grassy Glide|p2a: Urshifu\n|-activate|p2a: Urshifu|move: Protect\n|move|p2b: Ogerpon|Ivy Cudgel|p1b: Monke|[anim] Ivy Cudgel Fire\n|-supereffective|p1b: Monke\n|-crit|p1b: Monke\n|-damage|p1b: Monke|0 fnt\n|faint|p1b: Monke\n|move|p1a: (Not) jade dragon|Iron Defense|p1a: (Not) jade dragon\n|-boost|p1a: (Not) jade dragon|def|2\n|\n|-fieldend|move: Grassy Terrain\n|upkeep\n|\n|t:|1700752397\n|switch|p1b: Fish|Flutter Mane, L50|100\/100\n|turn|6\n|\n|t:|1700752420\n|-terastallize|p1b: Fish|Fairy\n|-terastallize|p2a: Urshifu|Water\n|move|p1b: Fish|Dazzling Gleam|p2a: Urshifu|[spread] p2a,p2b\n|-resisted|p2b: Ogerpon\n|-damage|p2a: Urshifu|1\/100\n|-damage|p2b: Ogerpon|68\/100\n|move|p2b: Ogerpon|Ivy Cudgel|p1b: Fish|[anim] Ivy Cudgel Fire\n|-damage|p1b: Fish|4\/100\n|move|p2a: Urshifu|Surging Strikes|p1a: (Not) jade dragon\n|-resisted|p1a: (Not) jade dragon\n|-crit|p1a: (Not) jade dragon\n|-damage|p1a: (Not) jade dragon|89\/100\n|-resisted|p1a: (Not) jade dragon\n|-crit|p1a: (Not) jade dragon\n|-damage|p1a: (Not) jade dragon|77\/100\n|-resisted|p1a: (Not) jade dragon\n|-crit|p1a: (Not) jade dragon\n|-damage|p1a: (Not) jade dragon|65\/100\n|-hitcount|p1a: (Not) jade dragon|3\n|move|p1a: (Not) jade dragon|Body Press|p2b: Ogerpon\n|-damage|p2b: Ogerpon|0 fnt\n|faint|p2b: Ogerpon\n|\n|-heal|p1a: (Not) jade dragon|71\/100|[from] item: Leftovers\n|upkeep\n|turn|7\n|\n|t:|1700752439\n|move|p2a: Urshifu|Aqua Jet|p1b: Fish\n|-damage|p1b: Fish|0 fnt\n|faint|p1b: Fish\n|-end|p1b: Fish|Protosynthesis|[silent]\n|move|p1a: (Not) jade dragon|Body Press|p2a: Urshifu\n|-damage|p2a: Urshifu|0 fnt\n|faint|p2a: Urshifu\n|\n|win|Jadedragon61\n|inactive|Jadedragon61 has 50 seconds to confirm battle start!\n|inactive|901TEK has 50 seconds to confirm battle start!\n|c|&|\/uhtml prompt-901tek,901TEK is ready for game 2!\n|c|&|\/uhtml prompt-jadedragon61,Jadedragon61 is ready for game 2!\nBoth players are ready! Starting next match!\n","uploadtime":1700752677,"views":6,"p1id":"jadedragon61","p2id":"901tek","formatid":"gen9vgc2023regulatione","rating":0,"private":0,"password":""}