{"id":"gen9vgc2023regulatione-1996126481","p1":"fyfyyalt1","p2":"LameLiarLeo","format":"[Gen 9] VGC 2023 Regulation E","log":"|j|\u2606fyfyyalt1\n|j|\u2606LameLiarLeo\n|n|\u2606fyfyyalt1|fyfyyalt1\n|n|\u2606LameLiarLeo|lameliarleo\n|html|View the match progress at <a href=\"\/game-bestof3-gen9vgc2023regulatione-1996125245\">game-bestof3-gen9vgc2023regulatione-1996125245<\/a>\n|t:|1700648176\n|gametype|doubles\n|player|p1|fyfyyalt1|170|\n|player|p2|LameLiarLeo|caitlin|\n|teamsize|p1|6\n|teamsize|p2|6\n|gen|9\n|tier|[Gen 9] VGC 2023 Regulation E\n|rule|Species Clause: Limit one of each Pok\u00e9mon\n|rule|Item Clause: Limit one of each item\n|clearpoke\n|poke|p1|Iron Hands, L50|\n|poke|p1|Urshifu-*, L50, M|\n|poke|p1|Tornadus, L50, M|\n|poke|p1|Farigiraf, L50, M|\n|poke|p1|Chien-Pao, L50|\n|poke|p1|Flutter Mane, L50|\n|poke|p2|Chi-Yu, L50|\n|poke|p2|Iron Hands, L50|\n|poke|p2|Amoonguss, L50, F|\n|poke|p2|Landorus-Therian, L50, M|\n|poke|p2|Flutter Mane, L50|\n|poke|p2|Chien-Pao, L50|\n|teampreview|4\n|inactive|Battle timer is ON: inactive players will automatically lose when time's up. (requested by LameLiarLeo)\nLameLiarLeo has agreed to open team sheets.\nfyfyyalt1 has agreed to open team sheets.\n|showteam|p1|Iron Hands||AssaultVest|QuarkDrive|FakeOut,DrainPunch,HeavySlam,WildCharge||||||50|,,,,,Grass]Urshifu-Rapid-Strike||ChoiceScarf|UnseenFist|SurgingStrikes,CloseCombat,AquaJet,Uturn|||M|||50|,,,,,Water]Tornadus||CovertCloak|Prankster|BleakwindStorm,Tailwind,Taunt,RainDance|||M|||50|,,,,,Flying]Farigiraf||SitrusBerry|ArmorTail|Psychic,TrickRoom,Imprison,DazzlingGleam|||M|||50|,,,,,Fairy]Chien-Pao||FocusSash|SwordofRuin|Crunch,SuckerPunch,IceSpinner,Protect||||||50|,,,,,Dark]Flutter Mane||ChoiceSpecs|Protosynthesis|Moonblast,DazzlingGleam,ShadowBall,Thunderbolt||||||50|,,,,,Fairy\n|showteam|p2|Chi-Yu||SafetyGoggles|BeadsofRuin|HeatWave,DarkPulse,NastyPlot,Protect||||||50|,,,,,Fairy]Iron Hands||AssaultVest|QuarkDrive|FakeOut,DrainPunch,WildCharge,HeavySlam||||||50|,,,,,Fairy]Amoonguss||SitrusBerry|Regenerator|Spore,RagePowder,PollenPuff,Protect|||F|||50|,,,,,Fire]Landorus-Therian||ChoiceScarf|Intimidate|StompingTantrum,TeraBlast,RockTomb,Uturn|||M|||50|,,,,,Flying]Flutter Mane||ChoiceSpecs|Protosynthesis|Moonblast,ShadowBall,DazzlingGleam,IcyWind||||||50|,,,,,Fairy]Chien-Pao||FocusSash|SwordofRuin|IceSpinner,LashOut,SuckerPunch,Protect||||||50|,,,,,Dark\n|\n|t:|1700648218\n|start\n|switch|p1a: Dumbass Hands|Iron Hands, L50|100\/100\n|switch|p1b: Chien-Pao|Chien-Pao, L50|100\/100\n|switch|p2a: One Puch Mon|Iron Hands, L50|100\/100\n|switch|p2b: Urshi-Who|Amoonguss, L50, F|100\/100\n|-ability|p1b: Chien-Pao|Sword of Ruin\n|turn|1\n|inactive|fyfyyalt1 has 30 seconds left.\n|\n|t:|1700648247\n|-terastallize|p1a: Dumbass Hands|Grass\n|move|p2a: One Puch Mon|Fake Out|p1a: Dumbass Hands\n|-damage|p1a: Dumbass Hands|87\/100\n|cant|p1a: Dumbass Hands|flinch\n|move|p1b: Chien-Pao|Ice Spinner|p2b: Urshi-Who\n|-supereffective|p2b: Urshi-Who\n|-damage|p2b: Urshi-Who|8\/100\n|-enditem|p2b: Urshi-Who|Sitrus Berry|[eat]\n|-heal|p2b: Urshi-Who|33\/100|[from] item: Sitrus Berry\n|move|p2b: Urshi-Who|Spore|p1a: Dumbass Hands\n|-immune|p1a: Dumbass Hands\n|\n|upkeep\n|turn|2\n|c|\u2606fyfyyalt1|oh the hands is faster\n|\n|t:|1700648263\n|move|p1b: Chien-Pao|Protect|p1b: Chien-Pao\n|-singleturn|p1b: Chien-Pao|Protect\n|move|p2b: Urshi-Who|Protect|p2b: Urshi-Who\n|-singleturn|p2b: Urshi-Who|Protect\n|move|p2a: One Puch Mon|Drain Punch|p1b: Chien-Pao\n|-activate|p1b: Chien-Pao|move: Protect\n|move|p1a: Dumbass Hands|Heavy Slam|p2b: Urshi-Who\n|-activate|p2b: Urshi-Who|move: Protect\n|\n|upkeep\n|turn|3\n|\n|t:|1700648280\n|-terastallize|p2b: Urshi-Who|Fire\n|move|p1b: Chien-Pao|Ice Spinner|p2b: Urshi-Who\n|-resisted|p2b: Urshi-Who\n|-damage|p2b: Urshi-Who|11\/100\n|move|p2a: One Puch Mon|Drain Punch|p1a: Dumbass Hands\n|-damage|p1a: Dumbass Hands|48\/100\n|move|p1a: Dumbass Hands|Drain Punch|p2a: One Puch Mon\n|-damage|p2a: One Puch Mon|60\/100\n|-heal|p1a: Dumbass Hands|68\/100|[from] drain|[of] p2a: One Puch Mon\n|move|p2b: Urshi-Who|Spore|p1b: Chien-Pao\n|-status|p1b: Chien-Pao|slp|[from] move: Spore\n|\n|upkeep\n|turn|4\n|\n|t:|1700648297\n|switch|p2b: Old King|Landorus-Therian, L50, M|100\/100\n|-ability|p2b: Old King|Intimidate|boost\n|-unboost|p1a: Dumbass Hands|atk|1\n|-unboost|p1b: Chien-Pao|atk|1\n|cant|p1b: Chien-Pao|slp\n|move|p2a: One Puch Mon|Drain Punch|p1a: Dumbass Hands\n|-damage|p1a: Dumbass Hands|25\/100\n|-heal|p2a: One Puch Mon|82\/100|[from] drain|[of] p1a: Dumbass Hands\n|move|p1a: Dumbass Hands|Drain Punch|p2a: One Puch Mon\n|-damage|p2a: One Puch Mon|53\/100\n|-heal|p1a: Dumbass Hands|39\/100|[from] drain|[of] p2a: One Puch Mon\n|\n|upkeep\n|turn|5\n|inactive|LameLiarLeo has 30 seconds left.\n|\n|t:|1700648324\n|-end|p1a: Dumbass Hands|Quark Drive|[silent]\n|switch|p1a: Dumbass Bear|Urshifu-Rapid-Strike, L50, M|100\/100\n|move|p2b: Old King|U-turn|p1b: Chien-Pao\n|-supereffective|p1b: Chien-Pao\n|-damage|p1b: Chien-Pao|31\/100 slp\n|\n|t:|1700648328\n|switch|p2b: Urshi-Who|Amoonguss, L50, F, tera:Fire|44\/100|[from] U-turn\n|cant|p1b: Chien-Pao|slp\n|move|p2a: One Puch Mon|Drain Punch|p1a: Dumbass Bear\n|-damage|p1a: Dumbass Bear|42\/100\n|-heal|p2a: One Puch Mon|76\/100|[from] drain|[of] p1a: Dumbass Bear\n|\n|upkeep\n|turn|6\n|\n|t:|1700648340\n|move|p2b: Urshi-Who|Rage Powder|p2b: Urshi-Who\n|-singleturn|p2b: Urshi-Who|move: Rage Powder\n|move|p1a: Dumbass Bear|U-turn|p2b: Urshi-Who\n|-resisted|p2b: Urshi-Who\n|-damage|p2b: Urshi-Who|30\/100\n|\n|t:|1700648345\n|switch|p1a: Flutter Mane|Flutter Mane, L50|100\/100|[from] U-turn\n|cant|p1b: Chien-Pao|slp\n|move|p2a: One Puch Mon|Drain Punch|p1a: Flutter Mane\n|-immune|p1a: Flutter Mane\n|\n|upkeep\n|turn|7\n|\n|t:|1700648366\n|switch|p2b: Old King|Landorus-Therian, L50, M|100\/100\n|-ability|p2b: Old King|Intimidate|boost\n|-unboost|p1a: Flutter Mane|atk|1\n|-unboost|p1b: Chien-Pao|atk|1\n|-curestatus|p1b: Chien-Pao|slp|[msg]\n|move|p1b: Chien-Pao|Crunch|p2b: Old King\n|-damage|p2b: Old King|67\/100\n|move|p1a: Flutter Mane|Dazzling Gleam|p2b: Old King|[spread] p2a,p2b\n|-supereffective|p2a: One Puch Mon\n|-damage|p2a: One Puch Mon|20\/100\n|-damage|p2b: Old King|10\/100\n|move|p2a: One Puch Mon|Heavy Slam|p1a: Flutter Mane\n|-supereffective|p1a: Flutter Mane\n|-damage|p1a: Flutter Mane|0 fnt\n|faint|p1a: Flutter Mane\n|-end|p1a: Flutter Mane|Protosynthesis|[silent]\n|\n|upkeep\n|\n|t:|1700648370\n|switch|p1a: Dumbass Bear|Urshifu-Rapid-Strike, L50, M|42\/100\n|turn|8\n|\n|t:|1700648392\n|move|p1b: Chien-Pao|Sucker Punch|p2b: Old King\n|-damage|p2b: Old King|0 fnt\n|faint|p2b: Old King\n|move|p1a: Dumbass Bear|Surging Strikes|p2a: One Puch Mon\n|-crit|p2a: One Puch Mon\n|-damage|p2a: One Puch Mon|0 fnt\n|faint|p2a: One Puch Mon\n|-end|p2a: One Puch Mon|Quark Drive|[silent]\n|-hitcount|p2: One Puch Mon|1\n|\n|upkeep\n|\n|t:|1700648395\n|switch|p2b: Urshi-Who|Amoonguss, L50, F, tera:Fire|63\/100\n|switch|p2a: Nebula|Flutter Mane, L50|100\/100\n|turn|9\n|\n|t:|1700648407\n|move|p1b: Chien-Pao|Protect|p1b: Chien-Pao\n|-singleturn|p1b: Chien-Pao|Protect\n|move|p2b: Urshi-Who|Rage Powder|p2b: Urshi-Who\n|-singleturn|p2b: Urshi-Who|move: Rage Powder\n|move|p1a: Dumbass Bear|Surging Strikes|p2b: Urshi-Who\n|-supereffective|p2b: Urshi-Who\n|-crit|p2b: Urshi-Who\n|-damage|p2b: Urshi-Who|16\/100\n|-supereffective|p2b: Urshi-Who\n|-crit|p2b: Urshi-Who\n|-damage|p2b: Urshi-Who|0 fnt\n|faint|p2b: Urshi-Who\n|-hitcount|p2: Urshi-Who|2\n|move|p2a: Nebula|Dazzling Gleam|p1b: Chien-Pao|[spread] p1a\n|-activate|p1b: Chien-Pao|move: Protect\n|-supereffective|p1a: Dumbass Bear\n|-damage|p1a: Dumbass Bear|0 fnt\n|faint|p1a: Dumbass Bear\n|\n|upkeep\n|\n|t:|1700648413\n|switch|p1a: Dumbass Hands|Iron Hands, L50, tera:Grass|39\/100\n|turn|10\n|\n|t:|1700648430\n|move|p1b: Chien-Pao|Sucker Punch|p2a: Nebula\n|-damage|p2a: Nebula|57\/100\n|move|p2a: Nebula|Dazzling Gleam|p1b: Chien-Pao|[spread] p1a,p1b\n|-supereffective|p1b: Chien-Pao\n|-damage|p1a: Dumbass Hands|17\/100\n|-damage|p1b: Chien-Pao|0 fnt\n|faint|p1b: Chien-Pao\n|move|p1a: Dumbass Hands|Heavy Slam|p2a: Nebula\n|-supereffective|p2a: Nebula\n|-damage|p2a: Nebula|0 fnt\n|faint|p2a: Nebula\n|-end|p2a: Nebula|Protosynthesis|[silent]\n|\n|win|fyfyyalt1\n|c|\u2606fyfyyalt1|gg wp\n|c|\u2606LameLiarLeo|really well played\n|c|&|\/uhtml prompt-lameliarleo,LameLiarLeo is ready for game 3!\n|inactive|fyfyyalt1 has 50 seconds to confirm battle start!\n|c|&|\/uhtml prompt-fyfyyalt1,fyfyyalt1 is ready for game 3!\nBoth players are ready! Starting next match!\n|j| Aylona\n","uploadtime":1700648955,"views":8,"p1id":"fyfyyalt1","p2id":"lameliarleo","formatid":"gen9vgc2023regulatione","rating":0,"private":0,"password":""}