{"id":"gen9vgc2023regulatione-1990091422","p1":"d3c1b3l","p2":"ydyang99","format":"[Gen 9] VGC 2023 Regulation E","log":"|j|\u2606d3c1b3l\n|j|\u2606ydyang99\n|t:|1699923595\n|gametype|doubles\n|player|p1|d3c1b3l|gentleman-gen4|1453\n|player|p2|ydyang99|cynthia|1440\n|teamsize|p1|6\n|teamsize|p2|6\n|gen|9\n|tier|[Gen 9] VGC 2023 Regulation E\n|rated|\n|rule|Species Clause: Limit one of each Pok\u00e9mon\n|rule|Item Clause: Limit one of each item\n|clearpoke\n|poke|p1|Golem-Alola, L50, F|\n|poke|p1|Rabsca, L50, M|\n|poke|p1|Ogerpon-Wellspring, L50, F|\n|poke|p1|Landorus-Therian, L50, M|\n|poke|p1|Chien-Pao, L50|\n|poke|p1|Dragonite, L50, F|\n|poke|p2|Illumise, L50, F|\n|poke|p2|Amoonguss, L50, F|\n|poke|p2|Gholdengo, L50|\n|poke|p2|Landorus-Therian, L50, M|\n|poke|p2|Ogerpon-Wellspring, L50, F|\n|poke|p2|Volcarona, L50, M|\n|teampreview|4\n|\n|t:|1699923645\n|start\n|switch|p1a: Dragonite|Dragonite, L50, F|100\/100\n|switch|p1b: Chien-Pao|Chien-Pao, L50|100\/100\n|switch|p2a: Illumise|Illumise, L50, F, shiny|100\/100\n|switch|p2b: Ogerpon|Ogerpon-Wellspring, L50, F|100\/100\n|-ability|p1b: Chien-Pao|Sword of Ruin\n|turn|1\n|\n|t:|1699923672\n|-terastallize|p1a: Dragonite|Normal\n|move|p2b: Ogerpon|Spiky Shield|p2b: Ogerpon\n|-singleturn|p2b: Ogerpon|move: Protect\n|move|p1a: Dragonite|Extreme Speed|p2b: Ogerpon\n|-activate|p2b: Ogerpon|move: Protect\n|-damage|p1a: Dragonite|88\/100|[from] Spiky Shield|[of] p2b: Ogerpon\n|move|p2a: Illumise|Rain Dance|p2a: Illumise\n|-weather|RainDance\n|move|p1b: Chien-Pao|Ice Spinner|p2b: Ogerpon\n|-activate|p2b: Ogerpon|move: Protect\n|-damage|p1b: Chien-Pao|88\/100|[from] Spiky Shield|[of] p2b: Ogerpon\n|\n|-weather|RainDance|[upkeep]\n|upkeep\n|turn|2\n|\n|t:|1699923695\n|move|p1a: Dragonite|Extreme Speed|p2b: Ogerpon\n|-damage|p2b: Ogerpon|0 fnt\n|faint|p2b: Ogerpon\n|move|p1b: Chien-Pao|Sucker Punch||[still]\n|-fail|p1b: Chien-Pao\n|move|p2a: Illumise|Tailwind|p2a: Illumise\n|-sidestart|p2: ydyang99|move: Tailwind\n|\n|-weather|RainDance|[upkeep]\n|upkeep\n|\n|t:|1699923699\n|switch|p2b: Gholdengo|Gholdengo, L50|100\/100\n|turn|3\n|\n|t:|1699923713\n|move|p2b: Gholdengo|Protect|p2b: Gholdengo\n|-singleturn|p2b: Gholdengo|Protect\n|move|p1a: Dragonite|Extreme Speed|p2a: Illumise\n|-damage|p2a: Illumise|15\/100\n|-enditem|p2a: Illumise|Sitrus Berry|[eat]\n|-heal|p2a: Illumise|40\/100|[from] item: Sitrus Berry\n|move|p2a: Illumise|Encore|p1a: Dragonite\n|-start|p1a: Dragonite|Encore\n|move|p1b: Chien-Pao|Sucker Punch||[still]\n|-fail|p1b: Chien-Pao\n|\n|-weather|RainDance|[upkeep]\n|upkeep\n|turn|4\n|\n|t:|1699923741\n|switch|p2a: Landorus|Landorus-Therian, L50, M, shiny|100\/100\n|-ability|p2a: Landorus|Intimidate|boost\n|-fail|p1a: Dragonite|unboost|Attack|[from] ability: Inner Focus|[of] p1a: Dragonite\n|-unboost|p1b: Chien-Pao|atk|1\n|move|p1a: Dragonite|Extreme Speed|p2a: Landorus\n|-damage|p2a: Landorus|0 fnt\n|faint|p2a: Landorus\n|move|p1b: Chien-Pao|Sucker Punch||[still]\n|-fail|p1b: Chien-Pao\n|move|p2b: Gholdengo|Nasty Plot|p2b: Gholdengo\n|-boost|p2b: Gholdengo|spa|2\n|\n|-weather|RainDance|[upkeep]\n|upkeep\n|\n|t:|1699923749\n|switch|p2a: Illumise|Illumise, L50, F, shiny|40\/100\n|turn|5\n|\n|t:|1699923775\n|-terastallize|p2b: Gholdengo|Fairy\n|move|p1a: Dragonite|Extreme Speed|p2a: Illumise\n|-damage|p2a: Illumise|0 fnt\n|faint|p2a: Illumise\n|move|p1b: Chien-Pao|Sucker Punch|p2b: Gholdengo\n|-resisted|p2b: Gholdengo\n|-damage|p2b: Gholdengo|82\/100\n|move|p2b: Gholdengo|Make It Rain|p1a: Dragonite|[spread] p1a,p1b\n|-supereffective|p1b: Chien-Pao\n|-damage|p1a: Dragonite|0 fnt\n|-damage|p1b: Chien-Pao|0 fnt\n|-unboost|p2b: Gholdengo|spa|1\n|faint|p1a: Dragonite\n|faint|p1b: Chien-Pao\n|-damage|p2b: Gholdengo|72\/100|[from] item: Life Orb\n|\n|-weather|none\n|-sideend|p2: ydyang99|move: Tailwind\n|upkeep\n|\n|t:|1699923782\n|switch|p1b: Landorus|Landorus-Therian, L50, M|100\/100\n|switch|p1a: Ogerpon|Ogerpon-Wellspring, L50, F|100\/100\n|-ability|p1b: Landorus|Intimidate|boost\n|-unboost|p2b: Gholdengo|atk|1\n|turn|6\n|\n|t:|1699923791\n|move|p1b: Landorus|Stomping Tantrum|p2b: Gholdengo\n|-damage|p2b: Gholdengo|31\/100\n|move|p1a: Ogerpon|Ivy Cudgel|p2b: Gholdengo\n|-crit|p2b: Gholdengo\n|-damage|p2b: Gholdengo|0 fnt\n|faint|p2b: Gholdengo\n|\n|win|d3c1b3l\n|raw|d3c1b3l's rating: 1453 &rarr; <strong>1472<\/strong><br \/>(+19 for winning)\n|raw|ydyang99's rating: 1440 &rarr; <strong>1421<\/strong><br \/>(-19 for losing)\n|l|\u2606ydyang99\n","uploadtime":1699923798,"views":9,"p1id":"d3c1b3l","p2id":"ydyang99","formatid":"gen9vgc2023regulatione","rating":1421,"private":0,"password":""}