{"id":"gen9vgc2023regulatione-1989093998","p1":"Effelon","p2":"justPiplup","format":"[Gen 9] VGC 2023 Regulation E","log":"|j|\u2606Effelon\n|j|\u2606justPiplup\n|n|\u2606Effelon|effelon\n|n|\u2606justPiplup|justpiplup\n|html|View the match progress at <a href=\"\/game-bestof3-gen9vgc2023regulatione-1989093997\">game-bestof3-gen9vgc2023regulatione-1989093997<\/a>\n|t:|1699811483\n|gametype|doubles\n|player|p1|Effelon|colress|\n|player|p2|justPiplup|karen|\n|teamsize|p1|6\n|teamsize|p2|6\n|gen|9\n|tier|[Gen 9] VGC 2023 Regulation E\n|rule|Species Clause: Limit one of each Pok\u00e9mon\n|rule|Item Clause: Limit one of each item\n|clearpoke\n|poke|p1|Toxicroak, L50, M|\n|poke|p1|Vivillon-Fancy, L50, F|\n|poke|p1|Flareon, L50, F|\n|poke|p1|Sylveon, L50, F|\n|poke|p1|Pikachu, L50, M|\n|poke|p1|Bronzong, L50|\n|poke|p2|Oranguru, L50, M|\n|poke|p2|Sylveon, L50, F|\n|poke|p2|Flareon, L50, M|\n|poke|p2|Stonjourner, L50, M|\n|poke|p2|Espeon, L50, F|\n|poke|p2|Toxicroak, L50, M|\n|teampreview|4\njustPiplup has agreed to open team sheets.\nEffelon has agreed to open team sheets.\n|showteam|p1|Toxicroak||ExpertBelt|DrySkin|CloseCombat,KnockOff,PoisonJab,SwordsDance|||M|||50|,,,,,Poison]Vivillon-Fancy||FocusSash|CompoundEyes|SleepPowder,TeraBlast,RagePowder,PollenPuff|||F|||50|,,,,,Poison]Flareon||ToxicOrb|Guts|Facade,FlareBlitz,TeraBlast,Protect|||F|||50|,,,,,Grass]Sylveon||ThroatSpray|Pixilate|HyperVoice,Psyshock,TeraBlast,Protect|||F|||50|,,,,,Fire]Pikachu||LightBall|LightningRod|VoltTackle,KnockOff,FakeOut,BrickBreak|||M|||50|,,,,,Electric]Bronzong||SitrusBerry|Heatproof|Psychic,BodyPress,LightScreen,Reflect||||||50|,,,,,Fighting\n|showteam|p2|Oranguru||SafetyGoggles|InnerFocus|TrickRoom,Instruct,Encore,Psychic|||M|||50|,,,,,Steel]Sylveon||AbilityShield|Pixilate|HyperVoice,Psychic,TeraBlast,Protect|||F|||50|,,,,,Fire]Flareon||ToxicOrb|Guts|SleepTalk,Facade,FlareBlitz,Protect|||M|||50|,,,,,Grass]Stonjourner||QuickClaw|PowerSpot|WideGuard,HighHorsepower,RockSlide,TeraBlast|||M|||50|,,,,,Fire]Espeon||CovertCloak|MagicBounce|GrassKnot,TeraBlast,ShadowBall,Psychic|||F|||50|,,,,,Steel]Toxicroak||FocusSash|DrySkin|FakeOut,KnockOff,PoisonJab,Taunt|||M|||50|,,,,,Dark\n|c|\u2606justPiplup|\u0441\u043e\u0445\u0440\u0430\u043d\u0438\u0448\u044c?\n|c|\u2606Effelon|\u0430\u0433\u0430\n|j| Coupe457\n|\n|t:|1699811568\n|start\n|switch|p1a: chupaki|Pikachu, L50, M|100\/100\n|switch|p1b: frok|Toxicroak, L50, M, shiny|100\/100\n|switch|p2a: UG OG STINKY|Oranguru, L50, M|100\/100\n|switch|p2b: \u042d\u0420\u0424\u0424\u041f|Toxicroak, L50, M|100\/100\n|turn|1\n|\n|t:|1699811604\n|move|p1a: chupaki|Fake Out|p2b: \u042d\u0420\u0424\u0424\u041f\n|-damage|p2b: \u042d\u0420\u0424\u0424\u041f|75\/100\n|cant|p2b: \u042d\u0420\u0424\u0424\u041f|flinch\n|move|p1b: frok|Knock Off|p2a: UG OG STINKY\n|-supereffective|p2a: UG OG STINKY\n|-damage|p2a: UG OG STINKY|35\/100\n|-enditem|p2a: UG OG STINKY|Safety Goggles|[from] move: Knock Off|[of] p1b: frok\n|move|p2a: UG OG STINKY|Trick Room|p2a: UG OG STINKY\n|-fieldstart|move: Trick Room|[of] p2a: UG OG STINKY\n|\n|upkeep\n|turn|2\n|\n|t:|1699811641\n|switch|p1a: get some Z's|Vivillon-Fancy, L50, F, shiny|100\/100\n|-terastallize|p1b: frok|Poison\n|move|p2a: UG OG STINKY|Encore||[still]\n|-fail|p2a: UG OG STINKY\n|move|p1b: frok|Poison Jab|p2a: UG OG STINKY\n|-damage|p2a: UG OG STINKY|0 fnt\n|faint|p2a: UG OG STINKY\n|move|p2b: \u042d\u0420\u0424\u0424\u041f|Knock Off|p1b: frok\n|-damage|p1b: frok|53\/100\n|-enditem|p1b: frok|Expert Belt|[from] move: Knock Off|[of] p2b: \u042d\u0420\u0424\u0424\u041f\n|\n|upkeep\n|\n|t:|1699811660\n|switch|p2a: Promare|Flareon, L50, M|100\/100\n|turn|3\n|\n|t:|1699811690\n|move|p2a: Promare|Flare Blitz|p1b: frok\n|-damage|p1b: frok|0 fnt\n|faint|p1b: frok\n|-damage|p2a: Promare|85\/100|[from] Recoil\n|move|p2b: \u042d\u0420\u0424\u0424\u041f|Poison Jab|p1a: get some Z's\n|-crit|p1a: get some Z's\n|-damage|p1a: get some Z's|5\/100\n|move|p1a: get some Z's|Sleep Powder|p2b: \u042d\u0420\u0424\u0424\u041f\n|-status|p2b: \u042d\u0420\u0424\u0424\u041f|slp|[from] move: Sleep Powder\n|\n|-status|p2a: Promare|tox|[from] item: Toxic Orb\n|upkeep\n|\n|t:|1699811704\n|switch|p1b: brann|Bronzong, L50, shiny|100\/100\n|turn|4\n|\n|t:|1699811729\n|switch|p2a: Madoca Magica|Sylveon, L50, F|100\/100\n|move|p1a: get some Z's|Rage Powder|p1a: get some Z's\n|-singleturn|p1a: get some Z's|move: Rage Powder\n|move|p1b: brann|Reflect|p1b: brann\n|-sidestart|p1: Effelon|Reflect\n|cant|p2b: \u042d\u0420\u0424\u0424\u041f|slp\n|\n|upkeep\n|turn|5\n|\n|t:|1699811763\n|move|p1b: brann|Light Screen|p1b: brann\n|-sidestart|p1: Effelon|move: Light Screen\n|move|p2a: Madoca Magica|Hyper Voice|p1a: get some Z's|[spread] p1a,p1b\n|-resisted|p1b: brann\n|-damage|p1a: get some Z's|0 fnt\n|-damage|p1b: brann|88\/100\n|faint|p1a: get some Z's\n|cant|p2b: \u042d\u0420\u0424\u0424\u041f|slp\n|\n|-fieldend|move: Trick Room\n|upkeep\n|\n|t:|1699811768\n|switch|p1a: chupaki|Pikachu, L50, M|100\/100\n|turn|6\n|\n|t:|1699811779\n|move|p2a: Madoca Magica|Protect|p2a: Madoca Magica\n|-singleturn|p2a: Madoca Magica|Protect\n|move|p1a: chupaki|Volt Tackle|p2a: Madoca Magica\n|-activate|p2a: Madoca Magica|move: Protect\n|-curestatus|p2b: \u042d\u0420\u0424\u0424\u041f|slp|[msg]\n|move|p2b: \u042d\u0420\u0424\u0424\u041f|Knock Off|p1a: chupaki\n|-damage|p1a: chupaki|36\/100\n|-enditem|p1a: chupaki|Light Ball|[from] move: Knock Off|[of] p2b: \u042d\u0420\u0424\u0424\u041f\n|move|p1b: brann|Psychic|p2b: \u042d\u0420\u0424\u0424\u041f\n|-supereffective|p2b: \u042d\u0420\u0424\u0424\u041f\n|-damage|p2b: \u042d\u0420\u0424\u0424\u041f|0 fnt\n|faint|p2b: \u042d\u0420\u0424\u0424\u041f\n|\n|upkeep\n|\n|t:|1699811792\n|switch|p2b: Promare|Flareon, L50, M|85\/100 tox\n|turn|7\n|\n|t:|1699811820\n|move|p1a: chupaki|Volt Tackle|p2a: Madoca Magica\n|-damage|p2a: Madoca Magica|51\/100\n|-damage|p1a: chupaki|6\/100|[from] Recoil\n|move|p2b: Promare|Facade|p1a: chupaki\n|-damage|p1a: chupaki|0 fnt\n|faint|p1a: chupaki\n|move|p2a: Madoca Magica|Hyper Voice|p1b: brann\n|-resisted|p1b: brann\n|-damage|p1b: brann|72\/100\n|move|p1b: brann|Psychic|p2a: Madoca Magica\n|-damage|p2a: Madoca Magica|33\/100\n|\n|-damage|p2b: Promare|79\/100 tox|[from] psn\n|upkeep\n|turn|8\n|\n|t:|1699811840\n|move|p2a: Madoca Magica|Protect|p2a: Madoca Magica\n|-singleturn|p2a: Madoca Magica|Protect\n|move|p2b: Promare|Flare Blitz|p1b: brann\n|-supereffective|p1b: brann\n|-damage|p1b: brann|29\/100\n|-enditem|p1b: brann|Sitrus Berry|[eat]\n|-heal|p1b: brann|53\/100|[from] item: Sitrus Berry\n|-damage|p2b: Promare|64\/100 tox|[from] Recoil\n|move|p1b: brann|Body Press|p2a: Madoca Magica\n|-activate|p2a: Madoca Magica|move: Protect\n|\n|-damage|p2b: Promare|53\/100 tox|[from] psn\n|-sideend|p1: Effelon|Reflect\n|upkeep\n|turn|9\n|\n|t:|1699811859\n|-terastallize|p2a: Madoca Magica|Fire\n|move|p2b: Promare|Flare Blitz|p1b: brann\n|-supereffective|p1b: brann\n|-damage|p1b: brann|0 fnt\n|faint|p1b: brann\n|-damage|p2b: Promare|35\/100 tox|[from] Recoil\n|\n|win|justPiplup\n|c|&|\/uhtml prompt-effelon,Effelon is ready for game 2!\n","uploadtime":1699811864,"views":12,"p1id":"effelon","p2id":"justpiplup","formatid":"gen9vgc2023regulatione","rating":0,"private":0,"password":""}