{"id":"gen9vgc2023regulatione-1994975323","p1":"Ootori_Emu","p2":"TheCornPop","format":"[Gen 9] VGC 2023 Regulation E","log":"|j|\u2606Ootori_Emu\n|j|\u2606TheCornPop\n|t:|1700509621\n|gametype|doubles\n|player|p1|Ootori_Emu|clair|1299\n|player|p2|TheCornPop|boarder|1381\n|teamsize|p1|6\n|teamsize|p2|6\n|gen|9\n|tier|[Gen 9] VGC 2023 Regulation E\n|rated|\n|rule|Species Clause: Limit one of each Pok\u00e9mon\n|rule|Item Clause: Limit one of each item\n|clearpoke\n|poke|p1|Urshifu-*, L50, F|\n|poke|p1|Arcanine-Hisui, L50, F|\n|poke|p1|Rillaboom, L50, F|\n|poke|p1|Tornadus, L50, M|\n|poke|p1|Gholdengo, L50|\n|poke|p1|Ogerpon-Hearthflame, L50, F|\n|poke|p2|Baxcalibur, L50, F|\n|poke|p2|Ninetales-Alola, L50, F|\n|poke|p2|Chi-Yu, L50|\n|poke|p2|Ogerpon-Wellspring, L50, F|\n|poke|p2|Iron Hands, L50|\n|poke|p2|Gholdengo, L50|\n|teampreview|4\nOotori_Emu has agreed to open team sheets.\nTheCornPop has agreed to open team sheets.\n|\n|t:|1700509677\n|start\n|switch|p1a: Tornadus|Tornadus, L50, M|100\/100\n|switch|p1b: Urshifu|Urshifu-Rapid-Strike, L50, F|100\/100\n|switch|p2a: Chi-Yu|Chi-Yu, L50|100\/100\n|switch|p2b: Ogerpon|Ogerpon-Wellspring, L50, F|100\/100\n|-ability|p2a: Chi-Yu|Beads of Ruin\n|turn|1\n|\n|t:|1700509706\n|switch|p2a: Iron Hands|Iron Hands, L50|100\/100\n|move|p1b: Urshifu|Detect|p1b: Urshifu\n|-singleturn|p1b: Urshifu|Protect\n|move|p1a: Tornadus|Taunt|p2b: Ogerpon\n|-start|p2b: Ogerpon|move: Taunt\n|move|p2b: Ogerpon|Horn Leech|p1b: Urshifu\n|-activate|p1b: Urshifu|move: Protect\n|\n|upkeep\n|turn|2\n|\n|t:|1700509727\n|switch|p1b: Gholdengo|Gholdengo, L50|100\/100\n|move|p1a: Tornadus|Bleakwind Storm|p2b: Ogerpon|[spread] p2b\n|-miss|p1a: Tornadus|p2a: Iron Hands\n|-supereffective|p2b: Ogerpon\n|-damage|p2b: Ogerpon|43\/100\n|move|p2b: Ogerpon|Ivy Cudgel|p1a: Tornadus|[anim] Ivy Cudgel Water\n|-damage|p1a: Tornadus|29\/100\n|move|p2a: Iron Hands|Wild Charge|p1b: Gholdengo\n|-damage|p1b: Gholdengo|59\/100\n|-damage|p2a: Iron Hands|93\/100|[from] Recoil\n|\n|-heal|p1b: Gholdengo|65\/100|[from] item: Leftovers\n|upkeep\n|turn|3\n|\n|t:|1700509756\n|-terastallize|p2b: Ogerpon|Water\n|detailschange|p2b: Ogerpon|Ogerpon-Wellspring-Tera, L50, F, tera:Water\n|-ability|p2b: Ogerpon|Embody Aspect (Wellspring)|boost\n|-boost|p2b: Ogerpon|spd|1\n|move|p1a: Tornadus|Tailwind|p1a: Tornadus\n|-sidestart|p1: Ootori_Emu|move: Tailwind\n|move|p1b: Gholdengo|Shadow Ball|p2b: Ogerpon\n|-damage|p2b: Ogerpon|18\/100\n|move|p2b: Ogerpon|Ivy Cudgel|p1b: Gholdengo|[anim] Ivy Cudgel Water\n|-damage|p1b: Gholdengo|0 fnt\n|faint|p1b: Gholdengo\n|move|p2a: Iron Hands|Wild Charge|p1a: Tornadus\n|-supereffective|p1a: Tornadus\n|-damage|p1a: Tornadus|0 fnt\n|-damage|p2a: Iron Hands|76\/100|[from] item: Rocky Helmet|[of] p1a: Tornadus\n|faint|p1a: Tornadus\n|-damage|p2a: Iron Hands|71\/100|[from] Recoil\n|\n|-end|p2b: Ogerpon|move: Taunt\n|upkeep\n|\n|t:|1700509771\n|switch|p1a: Urshifu|Urshifu-Rapid-Strike, L50, F|100\/100\n|switch|p1b: Arcanine|Arcanine-Hisui, L50, F|100\/100\n|-ability|p1b: Arcanine|Intimidate|boost\n|-unboost|p2a: Iron Hands|atk|1\n|-unboost|p2b: Ogerpon|atk|1\n|turn|4\n|\n|t:|1700509791\n|-terastallize|p1a: Urshifu|Water\n|move|p2b: Ogerpon|Follow Me|p2b: Ogerpon\n|-singleturn|p2b: Ogerpon|move: Follow Me\n|move|p1b: Arcanine|Rock Slide|p2b: Ogerpon|[spread] p2b\n|-miss|p1b: Arcanine|p2a: Iron Hands\n|-damage|p2b: Ogerpon|0 fnt\n|faint|p2b: Ogerpon\n|move|p1a: Urshifu|Surging Strikes|p2a: Iron Hands\n|-crit|p2a: Iron Hands\n|-damage|p2a: Iron Hands|47\/100\n|-crit|p2a: Iron Hands\n|-damage|p2a: Iron Hands|22\/100\n|-crit|p2a: Iron Hands\n|-damage|p2a: Iron Hands|1\/100\n|-hitcount|p2a: Iron Hands|3\n|move|p2a: Iron Hands|Wild Charge|p1a: Urshifu\n|-supereffective|p1a: Urshifu\n|-damage|p1a: Urshifu|36\/100\n|-damage|p2a: Iron Hands|0 fnt|[from] Recoil\n|faint|p2a: Iron Hands\n|-end|p2a: Iron Hands|Quark Drive|[silent]\n|\n|upkeep\n|\n|t:|1700509804\n|switch|p2b: Gholdengo|Gholdengo, L50|100\/100\n|switch|p2a: Chi-Yu|Chi-Yu, L50|100\/100\n|-ability|p2a: Chi-Yu|Beads of Ruin\n|turn|5\n|\n|t:|1700509819\n|move|p1b: Arcanine|Rock Slide|p2b: Gholdengo|[spread] p2a,p2b\n|-supereffective|p2a: Chi-Yu\n|-resisted|p2b: Gholdengo\n|-damage|p2a: Chi-Yu|0 fnt\n|-damage|p2b: Gholdengo|79\/100\n|faint|p2a: Chi-Yu\n|move|p1a: Urshifu|Surging Strikes|p2b: Gholdengo\n|-crit|p2b: Gholdengo\n|-damage|p2b: Gholdengo|39\/100\n|-crit|p2b: Gholdengo\n|-damage|p2b: Gholdengo|5\/100\n|-crit|p2b: Gholdengo\n|-damage|p2b: Gholdengo|0 fnt\n|faint|p2b: Gholdengo\n|-hitcount|p2: Gholdengo|3\n|\n|win|Ootori_Emu\n|raw|Ootori_Emu's rating: 1299 &rarr; <strong>1330<\/strong><br \/>(+31 for winning)\n|raw|TheCornPop's rating: 1381 &rarr; <strong>1356<\/strong><br \/>(-25 for losing)\n|l|\u2606TheCornPop\n","uploadtime":1700509835,"views":3,"p1id":"ootoriemu","p2id":"thecornpop","formatid":"gen9vgc2023regulatione","rating":1330,"private":0,"password":""}