{"id":"gen9vgc2023regulatione-1988538454","p1":"ZeFantasma","p2":"Aurinko","format":"[Gen 9] VGC 2023 Regulation E","log":"|j|\u2606ZeFantasma\n|j|\u2606Aurinko\n|t:|1699733719\n|gametype|doubles\n|player|p1|ZeFantasma|red|1437\n|player|p2|Aurinko|170|1518\n|teamsize|p1|6\n|teamsize|p2|6\n|gen|9\n|tier|[Gen 9] VGC 2023 Regulation E\n|rated|\n|rule|Species Clause: Limit one of each Pok\u00e9mon\n|rule|Item Clause: Limit one of each item\n|clearpoke\n|poke|p1|Grimmsnarl, L50, M|\n|poke|p1|Cresselia, L50, F|\n|poke|p1|Gholdengo, L50|\n|poke|p1|Iron Hands, L50|\n|poke|p1|Fezandipiti, L50, M|\n|poke|p1|Annihilape, L50, F|\n|poke|p2|Cresselia, L50, F|\n|poke|p2|Grimmsnarl, L50, M|\n|poke|p2|Goodra-Hisui, L50, M|\n|poke|p2|Annihilape, L50, M|\n|poke|p2|Ogerpon-Hearthflame, L50, F|\n|poke|p2|Roaring Moon, L50|\n|teampreview|4\n|inactive|Battle timer is ON: inactive players will automatically lose when time's up. (requested by ZeFantasma)\n|inactive|Aurinko has 60 seconds left.\n|inactive|Aurinko has 30 seconds left.\n|\n|t:|1699733869\n|start\n|switch|p1a: Grimmsnarl|Grimmsnarl, L50, M|100\/100\n|switch|p1b: Annihilape|Annihilape, L50, F|100\/100\n|switch|p2a: Grimmsnarl|Grimmsnarl, L50, M, shiny|100\/100\n|switch|p2b: Annihilape|Annihilape, L50, M|100\/100\n|turn|1\n|\n|t:|1699733883\n|move|p2a: Grimmsnarl|Taunt|p1b: Annihilape\n|-start|p1b: Annihilape|move: Taunt\n|move|p1a: Grimmsnarl|Reflect|p1a: Grimmsnarl\n|-sidestart|p1: ZeFantasma|Reflect\n|move|p2b: Annihilape|Bulk Up|p2b: Annihilape\n|-boost|p2b: Annihilape|atk|1\n|-boost|p2b: Annihilape|def|1\n|cant|p1b: Annihilape|move: Taunt|Bulk Up\n|\n|upkeep\n|turn|2\n|\n|t:|1699733894\n|move|p2a: Grimmsnarl|Reflect|p2a: Grimmsnarl\n|-sidestart|p2: Aurinko|Reflect\n|move|p2b: Annihilape|Bulk Up|p2b: Annihilape\n|-boost|p2b: Annihilape|atk|1\n|-boost|p2b: Annihilape|def|1\n|move|p1b: Annihilape|Drain Punch|p2a: Grimmsnarl\n|-damage|p2a: Grimmsnarl|83\/100\n|move|p1a: Grimmsnarl|Spirit Break|p2a: Grimmsnarl\n|-supereffective|p2a: Grimmsnarl\n|-damage|p2a: Grimmsnarl|46\/100\n|-unboost|p2a: Grimmsnarl|spa|1\n|\n|upkeep\n|turn|3\n|\n|t:|1699733909\n|move|p2a: Grimmsnarl|Light Screen|p2a: Grimmsnarl\n|-sidestart|p2: Aurinko|move: Light Screen\n|move|p2b: Annihilape|Bulk Up|p2b: Annihilape\n|-boost|p2b: Annihilape|atk|1\n|-boost|p2b: Annihilape|def|1\n|move|p1b: Annihilape|Drain Punch|p2a: Grimmsnarl\n|-damage|p2a: Grimmsnarl|26\/100\n|move|p1a: Grimmsnarl|Spirit Break|p2a: Grimmsnarl\n|-supereffective|p2a: Grimmsnarl\n|-damage|p2a: Grimmsnarl|0 fnt\n|faint|p2a: Grimmsnarl\n|\n|-end|p1b: Annihilape|move: Taunt\n|upkeep\n|\n|t:|1699733924\n|switch|p2a: Ogerpon|Ogerpon-Hearthflame, L50, F|100\/100\n|-ability|p2a: Ogerpon|Mold Breaker\n|turn|4\n|\n|t:|1699733936\n|-terastallize|p1b: Annihilape|Fire\n|move|p1a: Grimmsnarl|Parting Shot|p2a: Ogerpon\n|-unboost|p2a: Ogerpon|atk|1\n|-unboost|p2a: Ogerpon|spa|1\n|\n|t:|1699733942\n|switch|p1a: Fezandipiti|Fezandipiti, L50, M|100\/100|[from] Parting Shot\n|move|p2a: Ogerpon|Encore|p1b: Annihilape\n|-start|p1b: Annihilape|Encore\n|move|p2b: Annihilape|Bulk Up|p2b: Annihilape\n|-boost|p2b: Annihilape|atk|1\n|-boost|p2b: Annihilape|def|1\n|move|p1b: Annihilape|Drain Punch|p2a: Ogerpon\n|-damage|p2a: Ogerpon|73\/100\n|\n|upkeep\n|turn|5\n|\n|t:|1699733958\n|move|p2a: Ogerpon|Horn Leech|p2b: Annihilape\n|-damage|p2b: Annihilape|94\/100\n|-heal|p2a: Ogerpon|78\/100|[from] drain|[of] p2b: Annihilape\n|move|p2b: Annihilape|Rage Fist|p1a: Fezandipiti\n|-damage|p1a: Fezandipiti|44\/100\n|-damage|p2b: Annihilape|77\/100|[from] item: Rocky Helmet|[of] p1a: Fezandipiti\n|move|p1a: Fezandipiti|Beat Up|p2b: Annihilape\n|-damage|p2b: Annihilape|77\/100\n|-status|p2b: Annihilape|tox|[from] ability: Toxic Chain|[of] p1a: Fezandipiti\n|-damage|p2b: Annihilape|76\/100 tox\n|-damage|p2b: Annihilape|75\/100 tox\n|-damage|p2b: Annihilape|74\/100 tox\n|-hitcount|p2b: Annihilape|4\n|move|p1b: Annihilape|Drain Punch|p2a: Ogerpon\n|-damage|p2a: Ogerpon|50\/100\n|\n|-damage|p2b: Annihilape|68\/100 tox|[from] psn\n|upkeep\n|turn|6\n|\n|t:|1699733983\n|switch|p2a: Cresselia|Cresselia, L50, F, shiny|100\/100\n|switch|p1a: Grimmsnarl|Grimmsnarl, L50, M|100\/100\n|move|p2b: Annihilape|Rage Fist|p1b: Annihilape\n|-damage|p1b: Annihilape|0 fnt\n|faint|p1b: Annihilape\n|\n|-damage|p2b: Annihilape|56\/100 tox|[from] psn\n|upkeep\n|\n|t:|1699734006\n|switch|p1b: Fezandipiti|Fezandipiti, L50, M|44\/100\n|turn|7\n|\n|t:|1699734014\n|move|p2b: Annihilape|Rage Fist|p1b: Fezandipiti\n|-damage|p1b: Fezandipiti|0 fnt\n|-damage|p2b: Annihilape|40\/100 tox|[from] item: Rocky Helmet|[of] p1b: Fezandipiti\n|faint|p1b: Fezandipiti\n|move|p2a: Cresselia|Lunar Blessing|p2a: Cresselia|[spread] p2a,p2b\n|-heal|p2b: Annihilape|65\/100 tox\n|-curestatus|p2b: Annihilape|tox|[msg]\n|move|p1a: Grimmsnarl|Spirit Break|p2b: Annihilape\n|-supereffective|p2b: Annihilape\n|-damage|p2b: Annihilape|52\/100\n|-unboost|p2b: Annihilape|spa|1\n|\n|upkeep\n|\n|t:|1699734027\n|switch|p1b: Cresselia|Cresselia, L50, F|100\/100\n|turn|8\n|-message|ZeFantasma forfeited.\n|\n|win|Aurinko\n|raw|ZeFantasma's rating: 1437 &rarr; <strong>1422<\/strong><br \/>(-15 for losing)\n|raw|Aurinko's rating: 1518 &rarr; <strong>1533<\/strong><br \/>(+15 for winning)\n","uploadtime":1699734044,"views":13,"p1id":"zefantasma","p2id":"aurinko","formatid":"gen9vgc2023regulatione","rating":1422,"private":0,"password":""}