{"id":"gen9vgc2023regulatione-2000616015","p1":"Dr.Khos","p2":"susamogusboi","format":"[Gen 9] VGC 2023 Regulation E","log":"|j|\u2606Dr.Khos\n|j|\u2606susamogusboi\n|t:|1701210846\n|gametype|doubles\n|player|p1|Dr.Khos|266|1025\n|player|p2|susamogusboi|169|1014\n|teamsize|p1|6\n|teamsize|p2|6\n|gen|9\n|tier|[Gen 9] VGC 2023 Regulation E\n|rated|\n|rule|Species Clause: Limit one of each Pok\u00e9mon\n|rule|Item Clause: Limit one of each item\n|clearpoke\n|poke|p1|Tornadus, L50, M|\n|poke|p1|Arcanine-Hisui, L50, F|\n|poke|p1|Gholdengo, L50|\n|poke|p1|Amoonguss, L50, F|\n|poke|p1|Iron Hands, L50|\n|poke|p1|Urshifu-*, L50, M|\n|poke|p2|Dipplin, L50, M|\n|poke|p2|Chien-Pao, L50|\n|poke|p2|Enamorus-Therian, L50, F|\n|poke|p2|Rillaboom, L50, F|\n|poke|p2|Arcanine-Hisui, L50, F|\n|poke|p2|Greninja-*, L50, M|\n|teampreview|4\n|inactive|Battle timer is ON: inactive players will automatically lose when time's up. (requested by susamogusboi)\n|\n|t:|1701210877\n|start\n|switch|p1a: Tornadus|Tornadus, L50, M|100\/100\n|switch|p1b: Arcanine|Arcanine-Hisui, L50, F|100\/100\n|switch|p2a: Rillaboom|Rillaboom, L50, F|100\/100\n|switch|p2b: Greninja|Greninja, L50, M|100\/100\n|-ability|p1b: Arcanine|Intimidate|boost\n|-unboost|p2a: Rillaboom|atk|1\n|-unboost|p2b: Greninja|atk|1\n|-fieldstart|move: Grassy Terrain|[from] ability: Grassy Surge|[of] p2a: Rillaboom\n|turn|1\n|\n|t:|1701210900\n|-terastallize|p1b: Arcanine|Fairy\n|move|p2a: Rillaboom|Fake Out|p1a: Tornadus\n|-damage|p1a: Tornadus|88\/100\n|-damage|p2a: Rillaboom|84\/100|[from] item: Rocky Helmet|[of] p1a: Tornadus\n|move|p2b: Greninja|Hydro Pump|p1b: Arcanine\n|-start|p2b: Greninja|typechange|Water|[from] ability: Protean\n|-damage|p1b: Arcanine|28\/100\n|-damage|p2b: Greninja|91\/100|[from] item: Life Orb\n|cant|p1a: Tornadus|flinch\n|move|p1b: Arcanine|Flare Blitz|p2a: Rillaboom\n|-supereffective|p2a: Rillaboom\n|-damage|p2a: Rillaboom|0 fnt\n|faint|p2a: Rillaboom\n|-damage|p1b: Arcanine|0 fnt|[from] Recoil\n|faint|p1b: Arcanine\n|\n|-heal|p2b: Greninja|97\/100|[from] Grassy Terrain\n|upkeep\n|\n|t:|1701210923\n|switch|p1b: Iron Hands|Iron Hands, L50|100\/100\n|switch|p2a: Arcanine|Arcanine-Hisui, L50, F|100\/100\n|turn|2\n|inactive|Dr.Khos has 30 seconds left.\n|\n|t:|1701210955\n|move|p2b: Greninja|Protect|p2b: Greninja\n|-singleturn|p2b: Greninja|Protect\n|move|p1a: Tornadus|Tailwind|p1a: Tornadus\n|-sidestart|p1: Dr.Khos|move: Tailwind\n|move|p2a: Arcanine|Head Smash|p1a: Tornadus\n|-supereffective|p1a: Tornadus\n|-damage|p1a: Tornadus|0 fnt\n|-damage|p2a: Arcanine|84\/100|[from] item: Rocky Helmet|[of] p1a: Tornadus\n|faint|p1a: Tornadus\n|move|p1b: Iron Hands|Wild Charge|p2b: Greninja\n|-activate|p2b: Greninja|move: Protect\n|\n|-heal|p2a: Arcanine|90\/100|[from] Grassy Terrain\n|-heal|p2b: Greninja|100\/100|[from] Grassy Terrain\n|upkeep\n|\n|t:|1701210958\n|switch|p1a: Urshifu|Urshifu-Rapid-Strike, L50, M|100\/100\n|turn|3\n|inactive|susamogusboi has 30 seconds left.\n|\n|t:|1701210990\n|move|p1a: Urshifu|Surging Strikes|p2a: Arcanine\n|-supereffective|p2a: Arcanine\n|-crit|p2a: Arcanine\n|-damage|p2a: Arcanine|0 fnt\n|faint|p2a: Arcanine\n|-hitcount|p2: Arcanine|1\n|move|p2b: Greninja|Hydro Pump|p1b: Iron Hands\n|-damage|p1b: Iron Hands|66\/100\n|-damage|p2b: Greninja|91\/100|[from] item: Life Orb\n|move|p1b: Iron Hands|Wild Charge|p2b: Greninja\n|-supereffective|p2b: Greninja\n|-damage|p2b: Greninja|0 fnt\n|faint|p2b: Greninja\n|-damage|p1b: Iron Hands|52\/100|[from] Recoil\n|\n|-heal|p1b: Iron Hands|58\/100|[from] Grassy Terrain\n|upkeep\n|\n|t:|1701210995\n|switch|p2b: Dipplin|Dipplin, L50, M|100\/100\n|turn|4\n|inactive|Dr.Khos has 30 seconds left.\n|inactive|Dr.Khos has 20 seconds left.\n|\n|t:|1701211033\n|move|p1a: Urshifu|Close Combat|p2b: Dipplin\n|-damage|p2b: Dipplin|73\/100\n|-unboost|p1a: Urshifu|def|1\n|-unboost|p1a: Urshifu|spd|1\n|move|p1b: Iron Hands|Drain Punch|p2b: Dipplin\n|-damage|p2b: Dipplin|53\/100\n|-heal|p1b: Iron Hands|66\/100|[from] drain|[of] p2b: Dipplin\n|move|p2b: Dipplin|Giga Drain|p1b: Iron Hands\n|-damage|p1b: Iron Hands|49\/100\n|-heal|p2b: Dipplin|64\/100|[from] drain|[of] p1b: Iron Hands\n|\n|-heal|p1b: Iron Hands|55\/100|[from] Grassy Terrain\n|-heal|p2b: Dipplin|70\/100|[from] Grassy Terrain\n|upkeep\n|turn|5\n|\n|t:|1701211057\n|move|p1a: Urshifu|Surging Strikes|p2b: Dipplin\n|-resisted|p2b: Dipplin\n|-crit|p2b: Dipplin\n|-damage|p2b: Dipplin|67\/100\n|-resisted|p2b: Dipplin\n|-crit|p2b: Dipplin\n|-damage|p2b: Dipplin|65\/100\n|-resisted|p2b: Dipplin\n|-crit|p2b: Dipplin\n|-damage|p2b: Dipplin|63\/100\n|-hitcount|p2b: Dipplin|3\n|move|p1b: Iron Hands|Wild Charge|p2b: Dipplin\n|-resisted|p2b: Dipplin\n|-damage|p2b: Dipplin|58\/100\n|-damage|p1b: Iron Hands|54\/100|[from] Recoil\n|move|p2b: Dipplin|Giga Drain|p1a: Urshifu\n|-supereffective|p1a: Urshifu\n|-crit|p1a: Urshifu\n|-damage|p1a: Urshifu|0 fnt\n|-heal|p2b: Dipplin|100\/100|[from] drain|[of] p1a: Urshifu\n|faint|p1a: Urshifu\n|\n|-heal|p1b: Iron Hands|60\/100|[from] Grassy Terrain\n|-sideend|p1: Dr.Khos|move: Tailwind\n|-fieldend|move: Grassy Terrain\n|upkeep\n|turn|6\n|\n|t:|1701211081\n|move|p2b: Dipplin|Protect|p2b: Dipplin\n|-singleturn|p2b: Dipplin|Protect\n|move|p1b: Iron Hands|Drain Punch|p2b: Dipplin\n|-activate|p2b: Dipplin|move: Protect\n|\n|upkeep\n|turn|7\n|\n|t:|1701211089\n|move|p1b: Iron Hands|Drain Punch|p2b: Dipplin\n|-damage|p2b: Dipplin|82\/100\n|-heal|p1b: Iron Hands|67\/100|[from] drain|[of] p2b: Dipplin\n|move|p2b: Dipplin|Dragon Tail|p1b: Iron Hands\n|-damage|p1b: Iron Hands|54\/100\n|\n|upkeep\n|turn|8\n|\n|t:|1701211097\n|move|p1b: Iron Hands|Drain Punch|p2b: Dipplin\n|-damage|p2b: Dipplin|63\/100\n|-heal|p1b: Iron Hands|62\/100|[from] drain|[of] p2b: Dipplin\n|move|p2b: Dipplin|Giga Drain|p1b: Iron Hands\n|-damage|p1b: Iron Hands|48\/100\n|-heal|p2b: Dipplin|72\/100|[from] drain|[of] p1b: Iron Hands\n|\n|upkeep\n|turn|9\n|\n|t:|1701211104\n|move|p2b: Dipplin|Protect|p2b: Dipplin\n|-singleturn|p2b: Dipplin|Protect\n|move|p1b: Iron Hands|Drain Punch|p2b: Dipplin\n|-activate|p2b: Dipplin|move: Protect\n|\n|upkeep\n|turn|10\n|\n|t:|1701211113\n|move|p1b: Iron Hands|Drain Punch|p2b: Dipplin\n|-damage|p2b: Dipplin|52\/100\n|-heal|p1b: Iron Hands|56\/100|[from] drain|[of] p2b: Dipplin\n|move|p2b: Dipplin|Giga Drain|p1b: Iron Hands\n|-damage|p1b: Iron Hands|42\/100\n|-heal|p2b: Dipplin|61\/100|[from] drain|[of] p1b: Iron Hands\n|\n|upkeep\n|turn|11\n|\n|t:|1701211125\n|move|p2b: Dipplin|Protect|p2b: Dipplin\n|-singleturn|p2b: Dipplin|Protect\n|move|p1b: Iron Hands|Fake Out||[still]\n|-hint|Fake Out only works on your first turn out.\n|-fail|p1b: Iron Hands\n|\n|upkeep\n|turn|12\n|\n|t:|1701211132\n|move|p1b: Iron Hands|Drain Punch|p2b: Dipplin\n|-damage|p2b: Dipplin|42\/100\n|-heal|p1b: Iron Hands|49\/100|[from] drain|[of] p2b: Dipplin\n|move|p2b: Dipplin|Giga Drain|p1b: Iron Hands\n|-damage|p1b: Iron Hands|35\/100\n|-heal|p2b: Dipplin|51\/100|[from] drain|[of] p1b: Iron Hands\n|\n|upkeep\n|turn|13\n|\n|t:|1701211144\n|move|p2b: Dipplin|Protect|p2b: Dipplin\n|-singleturn|p2b: Dipplin|Protect\n|move|p1b: Iron Hands|Drain Punch|p2b: Dipplin\n|-activate|p2b: Dipplin|move: Protect\n|\n|upkeep\n|turn|14\n|\n|t:|1701211149\n|move|p1b: Iron Hands|Drain Punch|p1: Urshifu|[notarget]\n|-fail|p1b: Iron Hands\n|move|p2b: Dipplin|Giga Drain|p1b: Iron Hands\n|-damage|p1b: Iron Hands|22\/100\n|-heal|p2b: Dipplin|60\/100|[from] drain|[of] p1b: Iron Hands\n|\n|upkeep\n|turn|15\n|\n|t:|1701211157\n|move|p1b: Iron Hands|Wild Charge|p2b: Dipplin\n|-resisted|p2b: Dipplin\n|-damage|p2b: Dipplin|53\/100\n|-damage|p1b: Iron Hands|21\/100|[from] Recoil\n|move|p2b: Dipplin|Giga Drain|p1b: Iron Hands\n|-damage|p1b: Iron Hands|7\/100\n|-heal|p2b: Dipplin|63\/100|[from] drain|[of] p1b: Iron Hands\n|\n|upkeep\n|turn|16\n|\n|t:|1701211161\n|move|p1b: Iron Hands|Drain Punch|p2b: Dipplin\n|-damage|p2b: Dipplin|44\/100\n|-heal|p1b: Iron Hands|14\/100|[from] drain|[of] p2b: Dipplin\n|move|p2b: Dipplin|Giga Drain|p1b: Iron Hands\n|-damage|p1b: Iron Hands|0 fnt\n|-heal|p2b: Dipplin|53\/100|[from] drain|[of] p1b: Iron Hands\n|faint|p1b: Iron Hands\n|-end|p1b: Iron Hands|Quark Drive|[silent]\n|\n|win|susamogusboi\n|raw|Dr.Khos's rating: 1025 &rarr; <strong>1011<\/strong><br \/>(-14 for losing)\n|raw|susamogusboi's rating: 1014 &rarr; <strong>1053<\/strong><br \/>(+39 for winning)\n","uploadtime":1701211166,"views":12,"p1id":"drkhos","p2id":"susamogusboi","formatid":"gen9vgc2023regulatione","rating":1011,"private":0,"password":""}