{"id":"gen9vgc2023regulatione-1989757561","p1":"Ayresbrun","p2":"LUCNOOK","format":"[Gen 9] VGC 2023 Regulation E","log":"|j|\u2606Ayresbrun\n|j|\u2606LUCNOOK\n|t:|1699893188\n|gametype|doubles\n|player|p1|Ayresbrun|266|1127\n|player|p2|LUCNOOK|caitlin|1162\n|teamsize|p1|6\n|teamsize|p2|6\n|gen|9\n|tier|[Gen 9] VGC 2023 Regulation E\n|rated|\n|rule|Species Clause: Limit one of each Pok\u00e9mon\n|rule|Item Clause: Limit one of each item\n|clearpoke\n|poke|p1|Flutter Mane, L50|\n|poke|p1|Tornadus, L50, M|\n|poke|p1|Heatran, L50, F|\n|poke|p1|Rillaboom, L50, M|\n|poke|p1|Arcanine, L50, F|\n|poke|p1|Hydreigon, L50, M|\n|poke|p2|Tornadus, L50, M|\n|poke|p2|Thundurus-Therian, L50, M|\n|poke|p2|Basculegion, L50, M|\n|poke|p2|Ogerpon-Wellspring, L50, F|\n|poke|p2|Gholdengo, L50|\n|poke|p2|Rillaboom, L50, M|\n|teampreview|4\n|inactive|Battle timer is ON: inactive players will automatically lose when time's up. (requested by LUCNOOK)\nAyresbrun has agreed to open team sheets.\nLUCNOOK has agreed to open team sheets.\n|inactive|Ayresbrun has 30 seconds left.\n|inactive|LUCNOOK has 30 seconds left.\n|inactive|Ayresbrun has 20 seconds left.\n|inactive|LUCNOOK has 20 seconds left.\n|inactive|Ayresbrun has 15 seconds left.\n|inactive|LUCNOOK has 15 seconds left.\n|\n|t:|1699893242\n|start\n|switch|p1a: Tornadus|Tornadus, L50, M|100\/100\n|switch|p1b: Flutter Mane|Flutter Mane, L50|100\/100\n|switch|p2a: Rillaboom|Rillaboom, L50, M|100\/100\n|switch|p2b: Ogerpon|Ogerpon-Wellspring, L50, F|100\/100\n|-fieldstart|move: Grassy Terrain|[from] ability: Grassy Surge|[of] p2a: Rillaboom\n|turn|1\n|inactive|Ayresbrun has 30 seconds left.\n|\n|t:|1699893268\n|-end|p1b: Flutter Mane|Protosynthesis|[silent]\n|switch|p1b: Rillaboom|Rillaboom, L50, M|100\/100\n|move|p2a: Rillaboom|Grassy Glide|p1b: Rillaboom\n|-resisted|p1b: Rillaboom\n|-crit|p1b: Rillaboom\n|-damage|p1b: Rillaboom|75\/100\n|move|p1a: Tornadus|Bleakwind Storm|p2b: Ogerpon|[spread] p2a,p2b\n|-supereffective|p2a: Rillaboom\n|-supereffective|p2b: Ogerpon\n|-damage|p2a: Rillaboom|55\/100\n|-damage|p2b: Ogerpon|32\/100\n|-unboost|p2a: Rillaboom|spe|1\n|move|p2b: Ogerpon|Focus Energy|p2b: Ogerpon\n|-start|p2b: Ogerpon|move: Focus Energy\n|\n|-heal|p2b: Ogerpon|38\/100|[from] Grassy Terrain\n|-heal|p1b: Rillaboom|81\/100|[from] Grassy Terrain\n|-heal|p2a: Rillaboom|61\/100|[from] Grassy Terrain\n|upkeep\n|turn|2\n|inactive|Ayresbrun has 30 seconds left.\n|inactive|Ayresbrun has 20 seconds left.\n|inactive|Ayresbrun has 15 seconds left.\n|inactive|Ayresbrun has 10 seconds left.\n|\n|t:|1699893315\n|switch|p2a: Tornadus|Tornadus, L50, M|100\/100\n|move|p1b: Rillaboom|Fake Out|p2a: Tornadus\n|-damage|p2a: Tornadus|79\/100\n|move|p1a: Tornadus|Bleakwind Storm|p2b: Ogerpon|[spread] p2a,p2b\n|-supereffective|p2b: Ogerpon\n|-damage|p2a: Tornadus|38\/100\n|-damage|p2b: Ogerpon|0 fnt\n|faint|p2b: Ogerpon\n|\n|-heal|p1b: Rillaboom|86\/100|[from] Grassy Terrain\n|upkeep\n|\n|t:|1699893326\n|switch|p2b: Thundurus|Thundurus-Therian, L50, M|100\/100\n|turn|3\n|inactive|Ayresbrun has 30 seconds left.\n|\n|t:|1699893358\n|switch|p1b: Flutter Mane|Flutter Mane, L50|100\/100\n|-terastallize|p2b: Thundurus|Ice\n|move|p2a: Tornadus|Tailwind|p2a: Tornadus\n|-sidestart|p2: LUCNOOK|move: Tailwind\n|move|p1a: Tornadus|Tailwind|p1a: Tornadus\n|-sidestart|p1: Ayresbrun|move: Tailwind\n|move|p2b: Thundurus|Tera Blast|p1b: Flutter Mane|[anim] Tera Blast Ice\n|-damage|p1b: Flutter Mane|49\/100\n|\n|-heal|p1b: Flutter Mane|55\/100|[from] Grassy Terrain\n|upkeep\n|turn|4\n|\n|t:|1699893375\n|move|p2b: Thundurus|Protect|p2b: Thundurus\n|-singleturn|p2b: Thundurus|Protect\n|move|p1a: Tornadus|Sunny Day|p1a: Tornadus\n|-weather|SunnyDay\n|-activate|p1b: Flutter Mane|ability: Protosynthesis\n|-start|p1b: Flutter Mane|protosynthesisspa\n|move|p2a: Tornadus|Icy Wind|p1b: Flutter Mane|[spread] p1a,p1b\n|-supereffective|p1a: Tornadus\n|-damage|p1a: Tornadus|70\/100\n|-damage|p1b: Flutter Mane|40\/100\n|-unboost|p1b: Flutter Mane|spe|1\n|move|p1b: Flutter Mane|Dazzling Gleam|p2b: Thundurus|[spread] p2a\n|-activate|p2b: Thundurus|move: Protect\n|-damage|p2a: Tornadus|0 fnt\n|faint|p2a: Tornadus\n|\n|-weather|SunnyDay|[upkeep]\n|-heal|p1b: Flutter Mane|46\/100|[from] Grassy Terrain\n|upkeep\n|\n|t:|1699893387\n|switch|p2a: Rillaboom|Rillaboom, L50, M|61\/100\n|turn|5\n|\n|t:|1699893396\n|move|p2b: Thundurus|Wildbolt Storm|p1a: Tornadus|[spread] p1a,p1b\n|-supereffective|p1a: Tornadus\n|-damage|p1a: Tornadus|0 fnt\n|-damage|p1b: Flutter Mane|0 fnt\n|faint|p1a: Tornadus\n|faint|p1b: Flutter Mane\n|-end|p1b: Flutter Mane|Protosynthesis|[silent]\n|move|p2a: Rillaboom|Wood Hammer|p1: Tornadus|[notarget]\n|-fail|p2a: Rillaboom\n|\n|-weather|SunnyDay|[upkeep]\n|-heal|p2a: Rillaboom|67\/100|[from] Grassy Terrain\n|-fieldend|move: Grassy Terrain\n|upkeep\n|\n|t:|1699893406\n|switch|p1b: Heatran|Heatran, L50, F|100\/100\n|switch|p1a: Rillaboom|Rillaboom, L50, M|86\/100\n|-fieldstart|move: Grassy Terrain|[from] ability: Grassy Surge|[of] p1a: Rillaboom\n|turn|6\n|inactive|Ayresbrun has 30 seconds left.\n|\n|t:|1699893432\n|-terastallize|p1a: Rillaboom|Fire\n|move|p2b: Thundurus|Protect|p2b: Thundurus\n|-singleturn|p2b: Thundurus|Protect\n|move|p1a: Rillaboom|Fake Out|p2b: Thundurus\n|-activate|p2b: Thundurus|move: Protect\n|move|p1b: Heatran|Heat Wave|p2b: Thundurus|[spread] p2a\n|-activate|p2b: Thundurus|move: Protect\n|-supereffective|p2a: Rillaboom\n|-damage|p2a: Rillaboom|0 fnt\n|faint|p2a: Rillaboom\n|-damage|p1b: Heatran|91\/100|[from] item: Life Orb\n|\n|-weather|SunnyDay|[upkeep]\n|-heal|p1a: Rillaboom|92\/100|[from] Grassy Terrain\n|-heal|p1b: Heatran|97\/100|[from] Grassy Terrain\n|-sideend|p1: Ayresbrun|move: Tailwind\n|-sideend|p2: LUCNOOK|move: Tailwind\n|upkeep\n|turn|7\n|\n|t:|1699893452\n|move|p1a: Rillaboom|Grassy Glide|p2b: Thundurus\n|-damage|p2b: Thundurus|44\/100\n|-enditem|p2b: Thundurus|Sitrus Berry|[eat]\n|-heal|p2b: Thundurus|69\/100|[from] item: Sitrus Berry\n|move|p2b: Thundurus|Wildbolt Storm|p1b: Heatran|[spread] p1a,p1b\n|-damage|p1a: Rillaboom|60\/100\n|-damage|p1b: Heatran|56\/100\n|move|p1b: Heatran|Flash Cannon|p2b: Thundurus\n|-supereffective|p2b: Thundurus\n|-damage|p2b: Thundurus|0 fnt\n|faint|p2b: Thundurus\n|-damage|p1b: Heatran|46\/100|[from] item: Life Orb\n|\n|win|Ayresbrun\n|raw|Ayresbrun's rating: 1127 &rarr; <strong>1155<\/strong><br \/>(+28 for winning)\n|raw|LUCNOOK's rating: 1162 &rarr; <strong>1134<\/strong><br \/>(-28 for losing)\n|l|\u2606LUCNOOK\n","uploadtime":1699893482,"views":10,"p1id":"ayresbrun","p2id":"lucnook","formatid":"gen9vgc2023regulatione","rating":1134,"private":0,"password":""}