{"id":"gen9vgc2023regulatione-1991688736","p1":"KinkyKong621","p2":"beeki","format":"[Gen 9] VGC 2023 Regulation E","log":"|j|\u2606KinkyKong621\n|j|\u2606beeki\n|t:|1700102877\n|gametype|doubles\n|player|p1|KinkyKong621|265|1391\n|player|p2|beeki|larry|1396\n|teamsize|p1|6\n|teamsize|p2|6\n|gen|9\n|tier|[Gen 9] VGC 2023 Regulation E\n|rated|\n|rule|Species Clause: Limit one of each Pok\u00e9mon\n|rule|Item Clause: Limit one of each item\n|clearpoke\n|poke|p1|Grimmsnarl, L50, M|\n|poke|p1|Moltres-Galar, L50|\n|poke|p1|Articuno-Galar, L50|\n|poke|p1|Glimmora, L50, M|\n|poke|p1|Illumise, L50, F|\n|poke|p1|Iron Valiant, L50|\n|poke|p2|Torkoal, L50, F|\n|poke|p2|Lilligant-Hisui, L50, F|\n|poke|p2|Dusclops, L50, F|\n|poke|p2|Iron Hands, L50|\n|poke|p2|Ursaluna-Bloodmoon, L50, M|\n|poke|p2|Urshifu-*, L50, M|\n|teampreview|4\n|inactive|Battle timer is ON: inactive players will automatically lose when time's up. (requested by KinkyKong621)\n|inactive|KinkyKong621 has 60 seconds left.\n|\n|t:|1700102936\n|start\n|switch|p1a: Grimmsnarl|Grimmsnarl, L50, M|100\/100\n|switch|p1b: Articuno|Articuno-Galar, L50|100\/100\n|switch|p2a: Torkoal|Torkoal, L50, F|100\/100\n|switch|p2b: Lilligant|Lilligant-Hisui, L50, F, shiny|100\/100\n|-weather|SunnyDay|[from] ability: Drought|[of] p2a: Torkoal\n|turn|1\n|inactive|KinkyKong621 has 30 seconds left.\n|\n|t:|1700102970\n|move|p1b: Articuno|Protect|p1b: Articuno\n|-singleturn|p1b: Articuno|Protect\n|move|p1a: Grimmsnarl|Light Screen|p1a: Grimmsnarl\n|-sidestart|p1: KinkyKong621|move: Light Screen\n|move|p2b: Lilligant|Sleep Powder|p1a: Grimmsnarl\n|-status|p1a: Grimmsnarl|slp|[from] move: Sleep Powder\n|move|p2a: Torkoal|Flamethrower|p1b: Articuno\n|-activate|p1b: Articuno|move: Protect\n|\n|-weather|SunnyDay|[upkeep]\n|upkeep\n|turn|2\n|inactive|KinkyKong621 has 30 seconds left.\n|\n|t:|1700103001\n|-terastallize|p2a: Torkoal|Fire\n|cant|p1a: Grimmsnarl|slp\n|move|p2b: Lilligant|Sleep Powder|p1b: Articuno\n|-status|p1b: Articuno|slp|[from] move: Sleep Powder\n|cant|p1b: Articuno|slp\n|move|p2a: Torkoal|Flamethrower|p1b: Articuno\n|-damage|p1b: Articuno|48\/100 slp\n|\n|-weather|SunnyDay|[upkeep]\n|upkeep\n|turn|3\n|\n|t:|1700103021\n|cant|p1b: Articuno|slp\n|cant|p1a: Grimmsnarl|slp\n|move|p2b: Lilligant|Solar Blade||[still]\n|-prepare|p2b: Lilligant|Solar Blade\n|-anim|p2b: Lilligant|Solar Blade|p1a: Grimmsnarl\n|-damage|p1a: Grimmsnarl|46\/100 slp\n|move|p2a: Torkoal|Flamethrower|p1b: Articuno\n|-damage|p1b: Articuno|0 fnt\n|faint|p1b: Articuno\n|\n|-weather|SunnyDay|[upkeep]\n|upkeep\n|\n|t:|1700103044\n|switch|p1b: Moltres|Moltres-Galar, L50|100\/100\n|turn|4\n|\n|t:|1700103058\n|move|p1b: Moltres|Protect|p1b: Moltres\n|-singleturn|p1b: Moltres|Protect\n|move|p2b: Lilligant|Sleep Powder|p1b: Moltres\n|-activate|p1b: Moltres|move: Protect\n|cant|p1a: Grimmsnarl|slp\n|move|p2a: Torkoal|Flamethrower|p1a: Grimmsnarl\n|-damage|p1a: Grimmsnarl|0 fnt\n|faint|p1a: Grimmsnarl\n|\n|-weather|SunnyDay|[upkeep]\n|upkeep\n|\n|t:|1700103071\n|switch|p1a: Iron Valiant|Iron Valiant, L50|100\/100\n|-enditem|p1a: Iron Valiant|Booster Energy\n|-activate|p1a: Iron Valiant|ability: Quark Drive|[fromitem]\n|-start|p1a: Iron Valiant|quarkdrivespe\n|turn|5\n|\n|t:|1700103087\n|move|p1a: Iron Valiant|Protect|p1a: Iron Valiant\n|-singleturn|p1a: Iron Valiant|Protect\n|move|p2b: Lilligant|Sleep Powder|p1b: Moltres\n|-status|p1b: Moltres|slp|[from] move: Sleep Powder\n|cant|p1b: Moltres|slp\n|move|p2a: Torkoal|Flamethrower|p1a: Iron Valiant\n|-activate|p1a: Iron Valiant|move: Protect\n|\n|-weather|none\n|upkeep\n|turn|6\n|\n|t:|1700103110\n|switch|p2a: Ursaluna|Ursaluna-Bloodmoon, L50, M|100\/100\n|move|p1a: Iron Valiant|Spirit Break|p2b: Lilligant\n|-supereffective|p2b: Lilligant\n|-enditem|p2b: Lilligant|Focus Sash\n|-damage|p2b: Lilligant|1\/100\n|-unboost|p2b: Lilligant|spa|1\n|move|p2b: Lilligant|Sleep Powder|p1a: Iron Valiant\n|-status|p1a: Iron Valiant|slp|[from] move: Sleep Powder\n|cant|p1b: Moltres|slp\n|\n|upkeep\n|turn|7\n|inactive|beeki has 30 seconds left.\n|\n|t:|1700103136\n|switch|p2b: Torkoal|Torkoal, L50, F, tera:Fire|100\/100\n|-weather|SunnyDay|[from] ability: Drought|[of] p2b: Torkoal\n|cant|p1a: Iron Valiant|slp\n|cant|p1b: Moltres|slp\n|move|p2a: Ursaluna|Blood Moon|p1a: Iron Valiant\n|-damage|p1a: Iron Valiant|0 fnt\n|faint|p1a: Iron Valiant\n|-end|p1a: Iron Valiant|Quark Drive|[silent]\n|-damage|p2a: Ursaluna|91\/100|[from] item: Life Orb\n|\n|-weather|SunnyDay|[upkeep]\n|upkeep\n|turn|8\n|c|\u2606beeki|Das crazy\n|\n|t:|1700103159\n|-curestatus|p1b: Moltres|slp|[msg]\n|move|p1b: Moltres|Nasty Plot|p1b: Moltres\n|-boost|p1b: Moltres|spa|2\n|move|p2a: Ursaluna|Hyper Voice|p1b: Moltres\n|-damage|p1b: Moltres|67\/100\n|-damage|p2a: Ursaluna|81\/100|[from] item: Life Orb\n|move|p2b: Torkoal|Flamethrower|p1b: Moltres\n|-damage|p1b: Moltres|4\/100\n|-ability|p1b: Moltres|Berserk|boost\n|-boost|p1b: Moltres|spa|1\n|-enditem|p1b: Moltres|Sitrus Berry|[eat]\n|-heal|p1b: Moltres|28\/100|[from] item: Sitrus Berry\n|\n|-weather|SunnyDay|[upkeep]\n|-sideend|p1: KinkyKong621|move: Light Screen\n|upkeep\n|turn|9\n|\n|t:|1700103177\n|move|p2a: Ursaluna|Protect|p2a: Ursaluna\n|-singleturn|p2a: Ursaluna|Protect\n|move|p1b: Moltres|Fiery Wrath|p2b: Torkoal|[spread] p2b\n|-activate|p2a: Ursaluna|move: Protect\n|-damage|p2b: Torkoal|0 fnt\n|faint|p2b: Torkoal\n|\n|-weather|SunnyDay|[upkeep]\n|upkeep\n|\n|t:|1700103184\n|switch|p2b: Lilligant|Lilligant-Hisui, L50, F, shiny|1\/100\n|turn|10\n|\n|t:|1700103194\n|move|p1b: Moltres|Protect|p1b: Moltres\n|-singleturn|p1b: Moltres|Protect\n|move|p2b: Lilligant|After You|p2a: Ursaluna\n|-activate|p2a: Ursaluna|move: After You\n|move|p2a: Ursaluna|Blood Moon|p1b: Moltres\n|-activate|p1b: Moltres|move: Protect\n|\n|-weather|SunnyDay|[upkeep]\n|upkeep\n|turn|11\n|\n|t:|1700103211\n|move|p1b: Moltres|Protect||[still]\n|-fail|p1b: Moltres\n|move|p2b: Lilligant|After You|p2a: Ursaluna\n|-activate|p2a: Ursaluna|move: After You\n|move|p2a: Ursaluna|Hyper Voice|p1b: Moltres\n|-damage|p1b: Moltres|0 fnt\n|faint|p1b: Moltres\n|-damage|p2a: Ursaluna|72\/100|[from] item: Life Orb\n|\n|win|beeki\n|raw|KinkyKong621's rating: 1391 &rarr; <strong>1371<\/strong><br \/>(-20 for losing)\n|raw|beeki's rating: 1396 &rarr; <strong>1416<\/strong><br \/>(+20 for winning)\n|l|\u2606KinkyKong621\n|c|\u2606beeki|Gg lol\n","uploadtime":1700103238,"views":20,"p1id":"kinkykong621","p2id":"beeki","formatid":"gen9vgc2023regulatione","rating":1371,"private":0,"password":""}