{"id":"gen9vgc2023regulatione-1989770131","p1":"Moltres fun guy","p2":"ChocccccyMilkMafia","format":"[Gen 9] VGC 2023 Regulation E","log":"|j|\u2606Moltres fun guy\n|j|\u2606ChocccccyMilkMafia\n|t:|1699894245\n|gametype|doubles\n|player|p1|Moltres fun guy|169|1092\n|player|p2|ChocccccyMilkMafia|kieran|1106\n|teamsize|p1|6\n|teamsize|p2|6\n|gen|9\n|tier|[Gen 9] VGC 2023 Regulation E\n|rated|\n|rule|Species Clause: Limit one of each Pok\u00e9mon\n|rule|Item Clause: Limit one of each item\n|clearpoke\n|poke|p1|Moltres-Galar, L50|\n|poke|p1|Tauros-Paldea-Aqua, L50, M|\n|poke|p1|Rillaboom, L50, F|\n|poke|p1|Arcanine-Hisui, L50, F|\n|poke|p1|Ninetales-Alola, L50, F|\n|poke|p1|Sinistcha, L50|\n|poke|p2|Farigiraf, L50, F|\n|poke|p2|Kingambit, L50, F|\n|poke|p2|Kommo-o, L50, M|\n|poke|p2|Sinistcha, L50|\n|poke|p2|Fezandipiti, L50, M|\n|poke|p2|Ninetales-Alola, L50, F|\n|teampreview|4\n|\n|t:|1699894296\n|start\n|switch|p1a: Rillaboom|Rillaboom, L50, F|100\/100\n|switch|p1b: Ninetales|Ninetales-Alola, L50, F|100\/100\n|switch|p2a: Ninetales|Ninetales-Alola, L50, F|100\/100\n|switch|p2b: Kingambit|Kingambit, L50, F|100\/100\n|-weather|Snow|[from] ability: Snow Warning|[of] p1b: Ninetales\n|-fieldstart|move: Grassy Terrain|[from] ability: Grassy Surge|[of] p1a: Rillaboom\n|turn|1\n|\n|t:|1699894322\n|-terastallize|p1a: Rillaboom|Poison\n|move|p1b: Ninetales|Aurora Veil|p1b: Ninetales\n|-sidestart|p1: Moltres fun guy|move: Aurora Veil\n|move|p2a: Ninetales|Howl|p2a: Ninetales|[spread] p2a,p2b\n|-boost|p2a: Ninetales|atk|1\n|-boost|p2b: Kingambit|atk|1\n|move|p1a: Rillaboom|High Horsepower|p2b: Kingambit\n|-supereffective|p2b: Kingambit\n|-damage|p2b: Kingambit|46\/100\n|move|p2b: Kingambit|Assurance|p1a: Rillaboom\n|-damage|p1a: Rillaboom|66\/100\n|\n|-weather|Snow|[upkeep]\n|-heal|p1a: Rillaboom|72\/100|[from] Grassy Terrain\n|-heal|p2b: Kingambit|52\/100|[from] Grassy Terrain\n|upkeep\n|turn|2\n|\n|t:|1699894349\n|-terastallize|p2b: Kingambit|Water\n|move|p2b: Kingambit|Sucker Punch|p1a: Rillaboom\n|-damage|p1a: Rillaboom|36\/100\n|move|p1b: Ninetales|Blizzard|p2b: Kingambit|[spread] p2a,p2b\n|-resisted|p2a: Ninetales\n|-resisted|p2b: Kingambit\n|-damage|p2a: Ninetales|87\/100\n|-damage|p2b: Kingambit|45\/100\n|-status|p2b: Kingambit|frz\n|move|p2a: Ninetales|Aurora Veil|p2a: Ninetales\n|-sidestart|p2: ChocccccyMilkMafia|move: Aurora Veil\n|move|p1a: Rillaboom|High Horsepower|p2b: Kingambit\n|-damage|p2b: Kingambit|29\/100 frz\n|\n|-weather|Snow|[upkeep]\n|-heal|p2a: Ninetales|94\/100|[from] Grassy Terrain\n|-heal|p1a: Rillaboom|42\/100|[from] Grassy Terrain\n|-heal|p2b: Kingambit|34\/100 frz|[from] Grassy Terrain\n|upkeep\n|turn|3\n|\n|t:|1699894374\n|move|p1a: Rillaboom|Grassy Glide|p2b: Kingambit\n|-supereffective|p2b: Kingambit\n|-damage|p2b: Kingambit|0 fnt\n|faint|p2b: Kingambit\n|move|p1b: Ninetales|Moonblast|p2a: Ninetales\n|-damage|p2a: Ninetales|76\/100\n|move|p2a: Ninetales|Blizzard|p1a: Rillaboom|[spread] p1a,p1b\n|-resisted|p1b: Ninetales\n|-damage|p1a: Rillaboom|24\/100\n|-damage|p1b: Ninetales|93\/100\n|\n|-weather|Snow|[upkeep]\n|-heal|p1b: Ninetales|99\/100|[from] Grassy Terrain\n|-heal|p2a: Ninetales|82\/100|[from] Grassy Terrain\n|-heal|p1a: Rillaboom|29\/100|[from] Grassy Terrain\n|upkeep\n|\n|t:|1699894392\n|switch|p2b: Fezandipiti|Fezandipiti, L50, M|100\/100\n|turn|4\n|\n|t:|1699894401\n|move|p1b: Ninetales|Blizzard|p2b: Fezandipiti|[spread] p2a,p2b\n|-resisted|p2a: Ninetales\n|-damage|p2a: Ninetales|74\/100\n|-damage|p2b: Fezandipiti|91\/100\n|move|p2a: Ninetales|Blizzard|p1b: Ninetales|[spread] p1a,p1b\n|-resisted|p1b: Ninetales\n|-damage|p1a: Rillaboom|11\/100\n|-damage|p1b: Ninetales|92\/100\n|move|p2b: Fezandipiti|Icy Wind|p1a: Rillaboom|[spread] p1a\n|-miss|p2b: Fezandipiti|p1b: Ninetales\n|-damage|p1a: Rillaboom|5\/100\n|-unboost|p1a: Rillaboom|spe|1\n|move|p1a: Rillaboom|High Horsepower|p2b: Fezandipiti\n|-supereffective|p2b: Fezandipiti\n|-damage|p2b: Fezandipiti|46\/100\n|-enditem|p2b: Fezandipiti|Sitrus Berry|[eat]\n|-heal|p2b: Fezandipiti|70\/100|[from] item: Sitrus Berry\n|\n|-weather|Snow|[upkeep]\n|-heal|p1b: Ninetales|98\/100|[from] Grassy Terrain\n|-heal|p2a: Ninetales|81\/100|[from] Grassy Terrain\n|-heal|p2b: Fezandipiti|76\/100|[from] Grassy Terrain\n|-heal|p1a: Rillaboom|11\/100|[from] Grassy Terrain\n|upkeep\n|turn|5\n|\n|t:|1699894431\n|move|p1a: Rillaboom|Grassy Glide|p2a: Ninetales\n|-damage|p2a: Ninetales|57\/100\n|move|p1b: Ninetales|Blizzard|p2a: Ninetales|[spread] p2a,p2b\n|-resisted|p2a: Ninetales\n|-damage|p2a: Ninetales|49\/100\n|-damage|p2b: Fezandipiti|66\/100\n|move|p2a: Ninetales|Blizzard|p1b: Ninetales|[spread] p1a,p1b\n|-resisted|p1b: Ninetales\n|-damage|p1a: Rillaboom|0 fnt\n|-damage|p1b: Ninetales|90\/100\n|faint|p1a: Rillaboom\n|move|p2b: Fezandipiti|Tailwind|p2b: Fezandipiti\n|-sidestart|p2: ChocccccyMilkMafia|move: Tailwind\n|\n|-weather|none\n|-heal|p2a: Ninetales|56\/100|[from] Grassy Terrain\n|-heal|p2b: Fezandipiti|72\/100|[from] Grassy Terrain\n|-heal|p1b: Ninetales|97\/100|[from] Grassy Terrain\n|-fieldend|move: Grassy Terrain\n|upkeep\n|\n|t:|1699894448\n|switch|p1a: Moltres|Moltres-Galar, L50|100\/100\n|turn|6\n|\n|t:|1699894469\n|move|p2a: Ninetales|Moonblast|p1a: Moltres\n|-supereffective|p1a: Moltres\n|-crit|p1a: Moltres\n|-damage|p1a: Moltres|32\/100\n|-ability|p1a: Moltres|Berserk|boost\n|-boost|p1a: Moltres|spa|1\n|-enditem|p1a: Moltres|Sitrus Berry|[eat]\n|-heal|p1a: Moltres|57\/100|[from] item: Sitrus Berry\n|move|p2b: Fezandipiti|Icy Wind|p1b: Ninetales|[spread] p1a,p1b\n|-supereffective|p1a: Moltres\n|-resisted|p1b: Ninetales\n|-damage|p1a: Moltres|49\/100\n|-damage|p1b: Ninetales|94\/100\n|-unboost|p1a: Moltres|spe|1\n|-unboost|p1b: Ninetales|spe|1\n|-status|p1a: Moltres|tox|[from] ability: Toxic Chain|[of] p2b: Fezandipiti\n|-ability|p1a: Moltres|Berserk|boost\n|-boost|p1a: Moltres|spa|1\n|move|p1b: Ninetales|Moonblast|p2a: Ninetales\n|-damage|p2a: Ninetales|36\/100\n|move|p1a: Moltres|Fiery Wrath|p2a: Ninetales|[spread] p2a,p2b\n|-resisted|p2a: Ninetales\n|-resisted|p2b: Fezandipiti\n|-damage|p2a: Ninetales|16\/100\n|-damage|p2b: Fezandipiti|60\/100\n|\n|-damage|p1a: Moltres|43\/100 tox|[from] psn\n|upkeep\n|turn|7\n|\n|t:|1699894502\n|switch|p1b: Sinistcha|Sinistcha, L50|100\/100\n|-heal|p1a: Moltres|68\/100 tox|[from] ability: Hospitality|[of] p1b: Sinistcha\n|move|p2a: Ninetales|Moonblast|p1a: Moltres\n|-supereffective|p1a: Moltres\n|-damage|p1a: Moltres|39\/100 tox\n|-unboost|p1a: Moltres|spa|1\n|-ability|p1a: Moltres|Berserk|boost\n|-boost|p1a: Moltres|spa|1\n|move|p2b: Fezandipiti|Roost|p2b: Fezandipiti\n|-heal|p2b: Fezandipiti|100\/100\n|-singleturn|p2b: Fezandipiti|move: Roost\n|move|p1a: Moltres|Fiery Wrath|p2b: Fezandipiti|[spread] p2a,p2b\n|-resisted|p2a: Ninetales\n|-resisted|p2b: Fezandipiti\n|-damage|p2a: Ninetales|0 fnt\n|-damage|p2b: Fezandipiti|88\/100\n|faint|p2a: Ninetales\n|\n|-damage|p1a: Moltres|26\/100 tox|[from] psn\n|upkeep\n|\n|t:|1699894525\n|switch|p2a: Kommo-o|Kommo-o, L50, M|100\/100\n|turn|8\n|\n|t:|1699894541\n|move|p1a: Moltres|Protect|p1a: Moltres\n|-singleturn|p1a: Moltres|Protect\n|move|p2b: Fezandipiti|Air Slash|p1a: Moltres\n|-activate|p1a: Moltres|move: Protect\n|move|p2a: Kommo-o|Clangorous Soul|p2a: Kommo-o\n|-boost|p2a: Kommo-o|atk|1\n|-boost|p2a: Kommo-o|def|1\n|-boost|p2a: Kommo-o|spa|1\n|-boost|p2a: Kommo-o|spd|1\n|-boost|p2a: Kommo-o|spe|1\n|-damage|p2a: Kommo-o|68\/100\n|move|p1b: Sinistcha|Trick Room|p1b: Sinistcha\n|-fieldstart|move: Trick Room|[of] p1b: Sinistcha\n|\n|-damage|p1a: Moltres|7\/100 tox|[from] psn\n|-sideend|p2: ChocccccyMilkMafia|move: Tailwind\n|-sideend|p1: Moltres fun guy|move: Aurora Veil\n|upkeep\n|turn|9\n|\n|t:|1699894575\n|move|p2a: Kommo-o|Protect|p2a: Kommo-o\n|-singleturn|p2a: Kommo-o|Protect\n|move|p1a: Moltres|Air Slash|p2a: Kommo-o\n|-activate|p2a: Kommo-o|move: Protect\n|move|p1b: Sinistcha|Matcha Gotcha|p2b: Fezandipiti|[spread] p2b\n|-activate|p2a: Kommo-o|move: Protect\n|-resisted|p2b: Fezandipiti\n|-damage|p2b: Fezandipiti|82\/100\n|move|p2b: Fezandipiti|Roost|p2b: Fezandipiti\n|-heal|p2b: Fezandipiti|100\/100\n|-singleturn|p2b: Fezandipiti|move: Roost\n|\n|-damage|p1a: Moltres|0 fnt|[from] psn\n|faint|p1a: Moltres\n|-sideend|p2: ChocccccyMilkMafia|move: Aurora Veil\n|upkeep\n|\n|t:|1699894578\n|switch|p1a: Ninetales|Ninetales-Alola, L50, F|94\/100\n|-weather|Snow|[from] ability: Snow Warning|[of] p1a: Ninetales\n|turn|10\n|\n|t:|1699894607\n|move|p1b: Sinistcha|Matcha Gotcha|p2a: Kommo-o|[spread] p2a\n|-miss|p1b: Sinistcha|p2b: Fezandipiti\n|-resisted|p2a: Kommo-o\n|-damage|p2a: Kommo-o|58\/100\n|move|p2b: Fezandipiti|Air Slash|p1b: Sinistcha\n|-supereffective|p1b: Sinistcha\n|-damage|p1b: Sinistcha|70\/100\n|-status|p1b: Sinistcha|tox|[from] ability: Toxic Chain|[of] p2b: Fezandipiti\n|move|p2a: Kommo-o|Drain Punch|p1a: Ninetales\n|-damage|p1a: Ninetales|56\/100\n|-heal|p2a: Kommo-o|77\/100|[from] drain|[of] p1a: Ninetales\n|move|p1a: Ninetales|Moonblast|p2a: Kommo-o\n|-supereffective|p2a: Kommo-o\n|-damage|p2a: Kommo-o|11\/100\n|-enditem|p2a: Kommo-o|Aguav Berry|[eat]\n|-heal|p2a: Kommo-o|44\/100|[from] item: Aguav Berry\n|\n|-weather|Snow|[upkeep]\n|-damage|p1b: Sinistcha|64\/100 tox|[from] psn\n|upkeep\n|turn|11\n|\n|t:|1699894649\n|move|p2a: Kommo-o|Protect|p2a: Kommo-o\n|-singleturn|p2a: Kommo-o|Protect\n|move|p1b: Sinistcha|Rage Powder|p1b: Sinistcha\n|-singleturn|p1b: Sinistcha|move: Rage Powder\n|move|p2b: Fezandipiti|Air Slash|p1b: Sinistcha\n|-supereffective|p1b: Sinistcha\n|-damage|p1b: Sinistcha|33\/100 tox\n|move|p1a: Ninetales|Blizzard|p2b: Fezandipiti|[spread] p2b\n|-activate|p2a: Kommo-o|move: Protect\n|-damage|p2b: Fezandipiti|86\/100\n|\n|-weather|Snow|[upkeep]\n|-damage|p1b: Sinistcha|20\/100 tox|[from] psn\n|upkeep\n|turn|12\n|\n|t:|1699894674\n|move|p1b: Sinistcha|Strength Sap|p2a: Kommo-o\n|-unboost|p2a: Kommo-o|atk|1\n|-heal|p1b: Sinistcha|100\/100 tox\n|move|p2b: Fezandipiti|Icy Wind|p1a: Ninetales|[spread] p1a,p1b\n|-resisted|p1a: Ninetales\n|-supereffective|p1b: Sinistcha\n|-damage|p1a: Ninetales|52\/100\n|-damage|p1b: Sinistcha|81\/100 tox\n|-unboost|p1a: Ninetales|spe|1\n|-unboost|p1b: Sinistcha|spe|1\n|-status|p1a: Ninetales|tox|[from] ability: Toxic Chain|[of] p2b: Fezandipiti\n|move|p1a: Ninetales|Moonblast|p2a: Kommo-o\n|-supereffective|p2a: Kommo-o\n|-damage|p2a: Kommo-o|0 fnt\n|faint|p2a: Kommo-o\n|\n|-weather|Snow|[upkeep]\n|-damage|p1b: Sinistcha|63\/100 tox|[from] psn\n|-damage|p1a: Ninetales|46\/100 tox|[from] psn\n|-fieldend|move: Trick Room\n|upkeep\n|turn|13\n|\n|t:|1699894698\n|move|p2b: Fezandipiti|Air Slash|p1b: Sinistcha\n|-supereffective|p1b: Sinistcha\n|-damage|p1b: Sinistcha|34\/100 tox\n|move|p1a: Ninetales|Blizzard|p2b: Fezandipiti\n|-damage|p2b: Fezandipiti|66\/100\n|move|p1b: Sinistcha|Matcha Gotcha|p2b: Fezandipiti|[miss]\n|-miss|p1b: Sinistcha|p2b: Fezandipiti\n|\n|-weather|Snow|[upkeep]\n|-damage|p1a: Ninetales|34\/100 tox|[from] psn\n|-damage|p1b: Sinistcha|9\/100 tox|[from] psn\n|upkeep\n|turn|14\n|\n|t:|1699894714\n|move|p2b: Fezandipiti|Roost|p2b: Fezandipiti\n|-heal|p2b: Fezandipiti|100\/100\n|-singleturn|p2b: Fezandipiti|move: Roost\n|move|p1a: Ninetales|Blizzard|p2b: Fezandipiti\n|-damage|p2b: Fezandipiti|80\/100\n|move|p1b: Sinistcha|Trick Room|p1b: Sinistcha\n|-fieldstart|move: Trick Room|[of] p1b: Sinistcha\n|\n|-weather|none\n|-damage|p1b: Sinistcha|0 fnt|[from] psn\n|faint|p1b: Sinistcha\n|-damage|p1a: Ninetales|15\/100 tox|[from] psn\n|upkeep\n|turn|15\n|\n|t:|1699894729\n|move|p1a: Ninetales|Moonblast|p2b: Fezandipiti\n|-resisted|p2b: Fezandipiti\n|-damage|p2b: Fezandipiti|72\/100\n|-unboost|p2b: Fezandipiti|spa|1\n|move|p2b: Fezandipiti|Air Slash|p1a: Ninetales\n|-damage|p1a: Ninetales|5\/100 tox\n|\n|-damage|p1a: Ninetales|0 fnt|[from] psn\n|faint|p1a: Ninetales\n|\n|win|ChocccccyMilkMafia\n|upkeep\n|raw|Moltres fun guy's rating: 1092 &rarr; <strong>1069<\/strong><br \/>(-23 for losing)\n|raw|ChocccccyMilkMafia's rating: 1106 &rarr; <strong>1130<\/strong><br \/>(+24 for winning)\n|l|\u2606Moltres fun guy\n","uploadtime":1699894742,"views":8,"p1id":"moltresfunguy","p2id":"chocccccymilkmafia","formatid":"gen9vgc2023regulatione","rating":1069,"private":0,"password":""}