{"id":"gen9vgc2023regulatione-1995098266","p1":"BRAVE12223","p2":"Elkaraxd","format":"[Gen 9] VGC 2023 Regulation E","log":"|j|\u2606BRAVE12223\n|j|\u2606Elkaraxd\n|t:|1700522327\n|gametype|doubles\n|player|p1|BRAVE12223|ingo|1473\n|player|p2|Elkaraxd|pokemonbreeder-gen4|1378\n|teamsize|p1|6\n|teamsize|p2|6\n|gen|9\n|tier|[Gen 9] VGC 2023 Regulation E\n|rated|\n|rule|Species Clause: Limit one of each Pok\u00e9mon\n|rule|Item Clause: Limit one of each item\n|clearpoke\n|poke|p1|Iron Hands, L50|\n|poke|p1|Ogerpon-Hearthflame, L50, F|\n|poke|p1|Milotic, L50, M|\n|poke|p1|Tornadus, L50, M|\n|poke|p1|Flutter Mane, L50|\n|poke|p1|Landorus-Therian, L50, M|\n|poke|p2|Iron Hands, L50|\n|poke|p2|Sinistcha, L50|\n|poke|p2|Landorus-Therian, L50, M|\n|poke|p2|Heatran, L50, F|\n|poke|p2|Urshifu-*, L50, F|\n|poke|p2|Regieleki, L50|\n|teampreview|4\n|inactive|Battle timer is ON: inactive players will automatically lose when time's up. (requested by Elkaraxd)\n|inactive|BRAVE12223 has 60 seconds left.\n|inactive|Elkaraxd has 60 seconds left.\n|\n|t:|1700522371\n|start\n|switch|p1a: Tornadus|Tornadus, L50, M|100\/100\n|switch|p1b: Landorus|Landorus-Therian, L50, M|100\/100\n|switch|p2a: Regieleki|Regieleki, L50|100\/100\n|switch|p2b: Urshifu|Urshifu, L50, F|100\/100\n|-ability|p1b: Landorus|Intimidate|boost\n|-unboost|p2a: Regieleki|atk|1\n|-unboost|p2b: Urshifu|atk|1\n|turn|1\n|\n|t:|1700522395\n|move|p1a: Tornadus|Tailwind|p1a: Tornadus\n|-sidestart|p1: BRAVE12223|move: Tailwind\n|move|p1b: Landorus|Stomping Tantrum|p2a: Regieleki\n|-supereffective|p2a: Regieleki\n|-damage|p2a: Regieleki|0 fnt\n|faint|p2a: Regieleki\n|move|p2b: Urshifu|Wicked Blow|p1b: Landorus\n|-crit|p1b: Landorus\n|-damage|p1b: Landorus|28\/100\n|\n|upkeep\n|\n|t:|1700522404\n|switch|p2a: Landorus|Landorus-Therian, L50, M|100\/100\n|-ability|p2a: Landorus|Intimidate|boost\n|-unboost|p1a: Tornadus|atk|1\n|-unboost|p1b: Landorus|atk|1\n|turn|2\n|\n|t:|1700522417\n|switch|p1b: Milotic|Milotic, L50, M|100\/100\n|move|p2b: Urshifu|Detect|p2b: Urshifu\n|-singleturn|p2b: Urshifu|Protect\n|move|p1a: Tornadus|Bleakwind Storm|p2b: Urshifu|[spread] \n|-activate|p2b: Urshifu|move: Protect\n|-miss|p1a: Tornadus|p2a: Landorus\n|move|p2a: Landorus|Rock Slide|p1a: Tornadus|[spread] p1a,p1b\n|-supereffective|p1a: Tornadus\n|-damage|p1a: Tornadus|46\/100\n|-damage|p1b: Milotic|82\/100\n|\n|-heal|p1b: Milotic|89\/100|[from] item: Leftovers\n|upkeep\n|turn|3\n|\n|t:|1700522441\n|switch|p2b: Heatran|Heatran, L50, F|100\/100\n|move|p1a: Tornadus|Bleakwind Storm|p2b: Heatran|[spread] p2a,p2b\n|-resisted|p2b: Heatran\n|-damage|p2a: Landorus|51\/100\n|-damage|p2b: Heatran|85\/100\n|move|p2a: Landorus|Rock Slide|p1b: Milotic|[spread] p1a,p1b\n|-supereffective|p1a: Tornadus\n|-damage|p1a: Tornadus|0 fnt\n|-damage|p1b: Milotic|70\/100\n|faint|p1a: Tornadus\n|cant|p1b: Milotic|flinch\n|\n|-heal|p1b: Milotic|77\/100|[from] item: Leftovers\n|upkeep\n|\n|t:|1700522456\n|switch|p1a: Flutter Mane|Flutter Mane, L50|100\/100\n|-enditem|p1a: Flutter Mane|Booster Energy\n|-activate|p1a: Flutter Mane|ability: Protosynthesis|[fromitem]\n|-start|p1a: Flutter Mane|protosynthesisspa\n|turn|4\n|\n|t:|1700522472\n|move|p1a: Flutter Mane|Protect|p1a: Flutter Mane\n|-singleturn|p1a: Flutter Mane|Protect\n|move|p2a: Landorus|Rock Slide|p1a: Flutter Mane|[spread] p1b\n|-activate|p1a: Flutter Mane|move: Protect\n|-damage|p1b: Milotic|56\/100\n|cant|p1b: Milotic|flinch\n|move|p2b: Heatran|Flash Cannon|p1a: Flutter Mane\n|-activate|p1a: Flutter Mane|move: Protect\n|\n|-heal|p1b: Milotic|62\/100|[from] item: Leftovers\n|-sideend|p1: BRAVE12223|move: Tailwind\n|upkeep\n|turn|5\n|\n|t:|1700522486\n|-end|p1a: Flutter Mane|Protosynthesis|[silent]\n|switch|p1a: Landorus|Landorus-Therian, L50, M|28\/100\n|-ability|p1a: Landorus|Intimidate|boost\n|-unboost|p2a: Landorus|atk|1\n|-unboost|p2b: Heatran|atk|1\n|move|p2a: Landorus|Rock Slide|p1b: Milotic|[spread] p1a,p1b\n|-damage|p1a: Landorus|13\/100\n|-damage|p1b: Milotic|50\/100\n|cant|p1b: Milotic|flinch\n|move|p2b: Heatran|Flash Cannon|p1a: Landorus\n|-damage|p1a: Landorus|0 fnt\n|faint|p1a: Landorus\n|-damage|p2b: Heatran|75\/100|[from] item: Life Orb\n|\n|-heal|p1b: Milotic|56\/100|[from] item: Leftovers\n|upkeep\n|\n|t:|1700522495\n|switch|p1a: Flutter Mane|Flutter Mane, L50|100\/100\n|turn|6\n|inactive|Elkaraxd has 30 seconds left.\n|\n|t:|1700522526\n|move|p2a: Landorus|Rock Slide|p1a: Flutter Mane|[spread] p1a\n|-miss|p2a: Landorus|p1b: Milotic\n|-damage|p1a: Flutter Mane|76\/100\n|cant|p1a: Flutter Mane|flinch\n|move|p1b: Milotic|Scald|p2b: Heatran\n|-supereffective|p2b: Heatran\n|-damage|p2b: Heatran|24\/100\n|move|p2b: Heatran|Earth Power|p1b: Milotic\n|-damage|p1b: Milotic|28\/100\n|-unboost|p1b: Milotic|spd|1\n|-ability|p1b: Milotic|Competitive|boost\n|-boost|p1b: Milotic|spa|2\n|-damage|p2b: Heatran|15\/100|[from] item: Life Orb\n|\n|-heal|p1b: Milotic|34\/100|[from] item: Leftovers\n|upkeep\n|turn|7\n|\n|t:|1700522549\n|move|p1b: Milotic|Protect|p1b: Milotic\n|-singleturn|p1b: Milotic|Protect\n|move|p2a: Landorus|Rock Slide|p1a: Flutter Mane|[spread] \n|-activate|p1b: Milotic|move: Protect\n|-miss|p2a: Landorus|p1a: Flutter Mane\n|move|p1a: Flutter Mane|Dazzling Gleam|p2b: Heatran|[spread] p2a,p2b\n|-resisted|p2b: Heatran\n|-damage|p2a: Landorus|9\/100\n|-damage|p2b: Heatran|9\/100\n|move|p2b: Heatran|Flash Cannon|p1a: Flutter Mane\n|-supereffective|p1a: Flutter Mane\n|-damage|p1a: Flutter Mane|0 fnt\n|faint|p1a: Flutter Mane\n|-end|p1a: Flutter Mane|Protosynthesis|[silent]\n|-damage|p2b: Heatran|0 fnt|[from] item: Life Orb\n|faint|p2b: Heatran\n|\n|-heal|p1b: Milotic|40\/100|[from] item: Leftovers\n|upkeep\n|\n|t:|1700522565\n|switch|p2b: Urshifu|Urshifu, L50, F|100\/100\n|turn|8\n|\n|t:|1700522582\n|-terastallize|p2b: Urshifu|Poison\n|-terastallize|p1b: Milotic|Steel\n|move|p2a: Landorus|Rock Slide|p1b: Milotic|[miss]\n|-miss|p2a: Landorus|p1b: Milotic\n|move|p2b: Urshifu|Wicked Blow|p1b: Milotic\n|-crit|p1b: Milotic\n|-damage|p1b: Milotic|0 fnt\n|faint|p1b: Milotic\n|\n|win|Elkaraxd\n|raw|BRAVE12223's rating: 1473 &rarr; <strong>1448<\/strong><br \/>(-25 for losing)\n|raw|Elkaraxd's rating: 1378 &rarr; <strong>1403<\/strong><br \/>(+25 for winning)\n","uploadtime":1700522589,"views":1,"p1id":"brave12223","p2id":"elkaraxd","formatid":"gen9vgc2023regulatione","rating":1403,"private":0,"password":""}