{"id":"gen9vgc2023regulatione-1990716545","p1":"TheFreshPrints","p2":"MurphyTheMut","format":"[Gen 9] VGC 2023 Regulation E","log":"|j|\u2606TheFreshPrints\n|j|\u2606MurphyTheMut\n|t:|1699994323\n|gametype|doubles\n|player|p1|TheFreshPrints|101|1309\n|player|p2|MurphyTheMut|roughneck-gen4|1360\n|teamsize|p1|6\n|teamsize|p2|6\n|gen|9\n|tier|[Gen 9] VGC 2023 Regulation E\n|rated|\n|rule|Species Clause: Limit one of each Pok\u00e9mon\n|rule|Item Clause: Limit one of each item\n|clearpoke\n|poke|p1|Weezing, L50, M|\n|poke|p1|Amoonguss, L50, F|\n|poke|p1|Flutter Mane, L50|\n|poke|p1|Roaring Moon, L50|\n|poke|p1|Landorus-Therian, L50, M|\n|poke|p1|Iron Hands, L50|\n|poke|p2|Hippowdon, L50, M|\n|poke|p2|Tyranitar, L50, F|\n|poke|p2|Flutter Mane, L50|\n|poke|p2|Sinistcha, L50|\n|poke|p2|Ninetales-Alola, L50, F|\n|poke|p2|Kommo-o, L50, M|\n|teampreview|4\n|inactive|Battle timer is ON: inactive players will automatically lose when time's up. (requested by TheFreshPrints)\n|\n|t:|1699994391\n|start\n|switch|p1a: Weezing|Weezing, L50, M|100\/100\n|switch|p1b: Flutter Mane|Flutter Mane, L50|100\/100\n|switch|p2a: Sinistcha|Sinistcha, L50|100\/100\n|switch|p2b: Hippowdon|Hippowdon, L50, M|100\/100\n|-ability|p1a: Weezing|Neutralizing Gas\n|turn|1\n|inactive|TheFreshPrints has 30 seconds left.\n|inactive|MurphyTheMut has 30 seconds left.\n|inactive|MurphyTheMut has 20 seconds left.\n|\n|t:|1699994432\n|move|p1a: Weezing|Protect|p1a: Weezing\n|-singleturn|p1a: Weezing|Protect\n|move|p1b: Flutter Mane|Shadow Ball|p2a: Sinistcha\n|-supereffective|p2a: Sinistcha\n|-damage|p2a: Sinistcha|0 fnt\n|faint|p2a: Sinistcha\n|move|p2b: Hippowdon|Heavy Slam|p1b: Flutter Mane\n|-supereffective|p1b: Flutter Mane\n|-damage|p1b: Flutter Mane|0 fnt\n|faint|p1b: Flutter Mane\n|-end|p1b: Flutter Mane|Protosynthesis|[silent]\n|-damage|p2b: Hippowdon|91\/100|[from] item: Life Orb\n|\n|upkeep\n|inactive|MurphyTheMut has 30 seconds left.\n|\n|t:|1699994461\n|switch|p1b: Iron Hands|Iron Hands, L50|100\/100\n|switch|p2a: Kommo-o|Kommo-o, L50, M|100\/100\n|turn|2\n|\n|t:|1699994484\n|move|p2a: Kommo-o|Protect|p2a: Kommo-o\n|-singleturn|p2a: Kommo-o|Protect\n|move|p1a: Weezing|Will-O-Wisp|p2a: Kommo-o\n|-activate|p2a: Kommo-o|move: Protect\n|move|p1b: Iron Hands|Drain Punch|p2b: Hippowdon\n|-damage|p2b: Hippowdon|57\/100\n|move|p2b: Hippowdon|Curse|p2b: Hippowdon\n|-unboost|p2b: Hippowdon|spe|1\n|-boost|p2b: Hippowdon|atk|1\n|-boost|p2b: Hippowdon|def|1\n|\n|upkeep\n|turn|3\n|inactive|MurphyTheMut has 30 seconds left.\n|\n|t:|1699994511\n|move|p2a: Kommo-o|Iron Defense|p2a: Kommo-o\n|-boost|p2a: Kommo-o|def|2\n|move|p1a: Weezing|Will-O-Wisp|p2b: Hippowdon\n|-status|p2b: Hippowdon|brn\n|move|p1b: Iron Hands|Drain Punch|p2b: Hippowdon\n|-damage|p2b: Hippowdon|34\/100 brn\n|move|p2b: Hippowdon|Curse|p2b: Hippowdon\n|-unboost|p2b: Hippowdon|spe|1\n|-boost|p2b: Hippowdon|atk|1\n|-boost|p2b: Hippowdon|def|1\n|\n|-damage|p2b: Hippowdon|28\/100 brn|[from] brn\n|upkeep\n|turn|4\n|\n|t:|1699994530\n|-terastallize|p2b: Hippowdon|Ground\n|move|p2a: Kommo-o|Protect|p2a: Kommo-o\n|-singleturn|p2a: Kommo-o|Protect\n|move|p1a: Weezing|Will-O-Wisp|p2a: Kommo-o\n|-activate|p2a: Kommo-o|move: Protect\n|move|p1b: Iron Hands|Drain Punch|p2b: Hippowdon\n|-damage|p2b: Hippowdon|12\/100 brn\n|move|p2b: Hippowdon|Earthquake|p1b: Iron Hands|[spread] p1a,p1b\n|-activate|p2a: Kommo-o|move: Protect\n|-supereffective|p1a: Weezing\n|-supereffective|p1b: Iron Hands\n|-damage|p1a: Weezing|0 fnt\n|-damage|p1b: Iron Hands|3\/100\n|faint|p1a: Weezing\n|-end|p1a: Weezing|ability: Neutralizing Gas\n|-damage|p2b: Hippowdon|2\/100 brn|[from] item: Life Orb\n|\n|-damage|p2b: Hippowdon|0 fnt|[from] brn\n|faint|p2b: Hippowdon\n|upkeep\n|\n|t:|1699994548\n|switch|p1a: Landorus|Landorus-Therian, L50, M|100\/100\n|switch|p2b: Ninetales|Ninetales-Alola, L50, F|100\/100\n|-ability|p1a: Landorus|Intimidate|boost\n|-unboost|p2a: Kommo-o|atk|1\n|-unboost|p2b: Ninetales|atk|1\n|-weather|Snow|[from] ability: Snow Warning|[of] p2b: Ninetales\n|turn|5\n|inactive|MurphyTheMut has 30 seconds left.\n|\n|t:|1699994576\n|-terastallize|p1a: Landorus|Ice\n|move|p1a: Landorus|Tera Blast|p2a: Kommo-o|[anim] Tera Blast Ice\n|-supereffective|p2a: Kommo-o\n|-damage|p2a: Kommo-o|66\/100\n|move|p2b: Ninetales|Blizzard|p1a: Landorus|[spread] p1a,p1b\n|-resisted|p1a: Landorus\n|-damage|p1a: Landorus|84\/100\n|-damage|p1b: Iron Hands|0 fnt\n|faint|p1b: Iron Hands\n|-end|p1b: Iron Hands|Quark Drive|[silent]\n|move|p2a: Kommo-o|Body Press|p1a: Landorus\n|-supereffective|p1a: Landorus\n|-damage|p1a: Landorus|0 fnt\n|faint|p1a: Landorus\n|\n|win|MurphyTheMut\n|raw|TheFreshPrints's rating: 1309 &rarr; <strong>1292<\/strong><br \/>(-17 for losing)\n|raw|MurphyTheMut's rating: 1360 &rarr; <strong>1377<\/strong><br \/>(+17 for winning)\n|l|\u2606TheFreshPrints\n|c|\u2606MurphyTheMut|gg\n|l|\u2606MurphyTheMut\n|j|\u2606MurphyTheMut\n|player|p2|MurphyTheMut|roughneck-gen4\n","uploadtime":1699994684,"views":32,"p1id":"thefreshprints","p2id":"murphythemut","formatid":"gen9vgc2023regulatione","rating":1292,"private":0,"password":""}