{"id":"gen9vgc2023regulatione-1990766634","p1":"Braimanaitor","p2":"Societyblue","format":"[Gen 9] VGC 2023 Regulation E","log":"|j|\u2606Braimanaitor\n|j|\u2606Societyblue\n|t:|1699998835\n|gametype|doubles\n|player|p1|Braimanaitor|morty|1079\n|player|p2|Societyblue|ballguy|1000\n|teamsize|p1|6\n|teamsize|p2|6\n|gen|9\n|tier|[Gen 9] VGC 2023 Regulation E\n|rated|\n|rule|Species Clause: Limit one of each Pok\u00e9mon\n|rule|Item Clause: Limit one of each item\n|clearpoke\n|poke|p1|Grafaiai, L50, M|\n|poke|p1|Sinistcha, L50|\n|poke|p1|Cramorant, L50, M|\n|poke|p1|Arbok, L50, F|\n|poke|p1|Iron Hands, L50|\n|poke|p1|Arcanine-Hisui, L50, M|\n|poke|p2|Roaring Moon, L50|\n|poke|p2|Azumarill, L50, F|\n|poke|p2|Gothitelle, L50, F|\n|poke|p2|Pelipper, L50, M|\n|poke|p2|Coalossal, L50, M|\n|poke|p2|Meowscarada, L50, M|\n|teampreview|4\n|inactive|Battle timer is ON: inactive players will automatically lose when time's up. (requested by Societyblue)\nSocietyblue rejected open team sheets.\n|\n|t:|1699998855\n|start\n|switch|p1a: Picasso|Grafaiai, L50, M|100\/100\n|switch|p1b: Iron Hands|Iron Hands, L50|100\/100\n|switch|p2a: Pelipper|Pelipper, L50, M, shiny|100\/100\n|switch|p2b: Roaring Moon|Roaring Moon, L50|100\/100\n|-weather|RainDance|[from] ability: Drizzle|[of] p2a: Pelipper\n|turn|1\n|\n|t:|1699998876\n|move|p1b: Iron Hands|Fake Out|p2b: Roaring Moon\n|-damage|p2b: Roaring Moon|80\/100\n|cant|p2b: Roaring Moon|flinch\n|move|p1a: Picasso|Swagger|p2a: Pelipper|[miss]\n|-miss|p1a: Picasso|p2a: Pelipper\n|move|p2a: Pelipper|Hurricane|p1b: Iron Hands\n|-damage|p1b: Iron Hands|71\/100\n|\n|-weather|RainDance|[upkeep]\n|upkeep\n|turn|2\n|\n|t:|1699998900\n|-terastallize|p2a: Pelipper|Ground\n|move|p2b: Roaring Moon|Earthquake|p1b: Iron Hands|[spread] p2a,p1a,p1b\n|-supereffective|p1a: Picasso\n|-supereffective|p1b: Iron Hands\n|-damage|p2a: Pelipper|65\/100\n|-damage|p1a: Picasso|2\/100\n|-damage|p1b: Iron Hands|35\/100\n|move|p1a: Picasso|Swagger|p2a: Pelipper\n|-boost|p2a: Pelipper|atk|2\n|-enditem|p1a: Picasso|Mirror Herb\n|-boost|p1a: Picasso|atk|2|[from] item: Mirror Herb\n|-start|p2a: Pelipper|confusion\n|-activate|p2a: Pelipper|confusion\n|move|p2a: Pelipper|Hurricane|p1b: Iron Hands\n|-damage|p1b: Iron Hands|3\/100\n|move|p1b: Iron Hands|Drain Punch|p2b: Roaring Moon\n|-supereffective|p2b: Roaring Moon\n|-damage|p2b: Roaring Moon|0 fnt\n|-heal|p1b: Iron Hands|31\/100|[from] drain|[of] p2b: Roaring Moon\n|faint|p2b: Roaring Moon\n|-end|p2b: Roaring Moon|Protosynthesis|[silent]\n|\n|-weather|RainDance|[upkeep]\n|-heal|p2a: Pelipper|71\/100|[from] item: Leftovers\n|upkeep\n|\n|t:|1699998918\n|switch|p2b: Azumarill|Azumarill, L50, F, shiny|100\/100\n|turn|3\n|\n|t:|1699998936\n|switch|p2b: Gothitelle|Gothitelle, L50, F, shiny|100\/100\n|-end|p1b: Iron Hands|Quark Drive|[silent]\n|switch|p1b: Sinistcha|Sinistcha, L50|100\/100\n|-heal|p1a: Picasso|27\/100|[from] ability: Hospitality|[of] p1b: Sinistcha\n|-terastallize|p1a: Picasso|Flying\n|move|p1a: Picasso|Poison Jab|p2b: Gothitelle\n|-damage|p2b: Gothitelle|34\/100\n|-activate|p2a: Pelipper|confusion\n|move|p2a: Pelipper|Icy Wind|p1b: Sinistcha|[spread] p1a,p1b\n|-supereffective|p1a: Picasso\n|-supereffective|p1b: Sinistcha\n|-damage|p1a: Picasso|0 fnt\n|-damage|p1b: Sinistcha|70\/100\n|-unboost|p1b: Sinistcha|spe|1\n|faint|p1a: Picasso\n|\n|-weather|RainDance|[upkeep]\n|-heal|p2a: Pelipper|77\/100|[from] item: Leftovers\n|upkeep\n|\n|t:|1699998955\n|switch|p1a: Iron Hands|Iron Hands, L50|31\/100\n|turn|4\n|inactive|Societyblue has 30 seconds left.\n|inactive|Societyblue has 20 seconds left.\n|inactive|Societyblue has 15 seconds left.\n|inactive|Societyblue has 10 seconds left.\n|\n|t:|1699999000\n|move|p1a: Iron Hands|Fake Out|p2a: Pelipper\n|-crit|p2a: Pelipper\n|-damage|p2a: Pelipper|48\/100\n|cant|p2a: Pelipper|flinch\n|move|p2b: Gothitelle|Psychic|p1a: Iron Hands\n|-supereffective|p1a: Iron Hands\n|-crit|p1a: Iron Hands\n|-damage|p1a: Iron Hands|0 fnt\n|faint|p1a: Iron Hands\n|-end|p1a: Iron Hands|Quark Drive|[silent]\n|move|p1b: Sinistcha|Trick Room|p1b: Sinistcha\n|-fieldstart|move: Trick Room|[of] p1b: Sinistcha\n|\n|-weather|RainDance|[upkeep]\n|-heal|p2a: Pelipper|54\/100|[from] item: Leftovers\n|upkeep\n|\n|t:|1699999015\n|switch|p1a: Arcanine|Arcanine-Hisui, L50, M|100\/100\n|-ability|p1a: Arcanine|Intimidate|boost\n|-unboost|p2a: Pelipper|atk|1\n|-unboost|p2b: Gothitelle|atk|1\n|turn|5\n|\n|t:|1699999030\n|move|p1b: Sinistcha|Matcha Gotcha|p2a: Pelipper|[spread] p2a,p2b\n|-supereffective|p2a: Pelipper\n|-damage|p2a: Pelipper|0 fnt\n|-heal|p1b: Sinistcha|93\/100|[from] drain|[of] p2a: Pelipper\n|-damage|p2b: Gothitelle|11\/100\n|-heal|p1b: Sinistcha|100\/100|[from] drain|[of] p2b: Gothitelle\n|-status|p2b: Gothitelle|brn\n|-enditem|p2b: Gothitelle|Iapapa Berry|[eat]\n|-heal|p2b: Gothitelle|44\/100 brn|[from] item: Iapapa Berry\n|faint|p2a: Pelipper\n|move|p2b: Gothitelle|Shadow Ball|p1b: Sinistcha\n|-supereffective|p1b: Sinistcha\n|-damage|p1b: Sinistcha|57\/100\n|-unboost|p1b: Sinistcha|spd|1\n|move|p1a: Arcanine|Rock Slide|p2b: Gothitelle\n|-damage|p2b: Gothitelle|0 fnt\n|faint|p2b: Gothitelle\n|\n|-weather|none\n|upkeep\n|\n|t:|1699999036\n|switch|p2b: Azumarill|Azumarill, L50, F, shiny|100\/100\n|turn|6\n|\n|t:|1699999055\n|move|p1b: Sinistcha|Matcha Gotcha|p2b: Azumarill\n|-supereffective|p2b: Azumarill\n|-damage|p2b: Azumarill|29\/100\n|-heal|p1b: Sinistcha|92\/100|[from] drain|[of] p2b: Azumarill\n|move|p2b: Azumarill|Ice Spinner|p1b: Sinistcha\n|-supereffective|p1b: Sinistcha\n|-damage|p1b: Sinistcha|73\/100\n|-damage|p2b: Azumarill|12\/100|[from] item: Rocky Helmet|[of] p1b: Sinistcha\n|-enditem|p2b: Azumarill|Aguav Berry|[eat]\n|-heal|p2b: Azumarill|45\/100|[from] item: Aguav Berry\n|move|p1a: Arcanine|Rock Slide|p2b: Azumarill\n|-damage|p2b: Azumarill|0 fnt\n|faint|p2b: Azumarill\n|\n|win|Braimanaitor\n|raw|Braimanaitor's rating: 1079 &rarr; <strong>1101<\/strong><br \/>(+22 for winning)\n|raw|Societyblue's rating: 1000 &rarr; <strong>1000<\/strong><br \/>(+0 for losing)\n","uploadtime":1699999072,"views":9,"p1id":"braimanaitor","p2id":"societyblue","formatid":"gen9vgc2023regulatione","rating":1000,"private":0,"password":""}