{"id":"gen9vgc2023regulatione-1988111379","p1":"py123456","p2":"Amar115","format":"[Gen 9] VGC 2023 Regulation E","log":"|j|\u2606py123456\n|j|\u2606Amar115\n|t:|1699670921\n|gametype|doubles\n|player|p1|py123456|steven|1093\n|player|p2|Amar115|266|1100\n|teamsize|p1|6\n|teamsize|p2|6\n|gen|9\n|tier|[Gen 9] VGC 2023 Regulation E\n|rated|\n|rule|Species Clause: Limit one of each Pok\u00e9mon\n|rule|Item Clause: Limit one of each item\n|clearpoke\n|poke|p1|Flutter Mane, L50|\n|poke|p1|Ogerpon-Wellspring, L50, F|\n|poke|p1|Iron Hands, L50|\n|poke|p1|Sableye, L50, F|\n|poke|p1|Espathra, L50, M|\n|poke|p1|Chi-Yu, L50|\n|poke|p2|Glimmora, L50, M|\n|poke|p2|Heatran, L50, F|\n|poke|p2|Sinistcha-Masterpiece, L50|\n|poke|p2|Tornadus, L50, M|\n|poke|p2|Iron Hands, L50|\n|poke|p2|Flutter Mane, L50|\n|teampreview|4\npy123456 rejected open team sheets.\n|inactive|Battle timer is ON: inactive players will automatically lose when time's up. (requested by py123456)\n|\n|t:|1699670961\n|start\n|switch|p1a: Sableye|Sableye, L50, F, shiny|100\/100\n|switch|p1b: Espathra|Espathra, L50, M|100\/100\n|switch|p2a: Glimmora|Glimmora, L50, M|100\/100\n|switch|p2b: Flutter Mane|Flutter Mane, L50|100\/100\n|-enditem|p2b: Flutter Mane|Booster Energy\n|-activate|p2b: Flutter Mane|ability: Protosynthesis|[fromitem]\n|-start|p2b: Flutter Mane|protosynthesisspe\n|turn|1\n|inactive|Amar115 has 30 seconds left.\n|\n|t:|1699670987\n|move|p2b: Flutter Mane|Protect|p2b: Flutter Mane\n|-singleturn|p2b: Flutter Mane|Protect\n|move|p1b: Espathra|Protect|p1b: Espathra\n|-singleturn|p1b: Espathra|Protect\n|move|p1a: Sableye|Gravity|p1a: Sableye\n|-fieldstart|move: Gravity\n|move|p2a: Glimmora|Mortal Spin|p1b: Espathra|[spread] p1a\n|-activate|p1b: Espathra|move: Protect\n|-resisted|p1a: Sableye\n|-damage|p1a: Sableye|99\/100\n|-status|p1a: Sableye|psn\n|-enditem|p1a: Sableye|Eject Button\n|\n|t:|1699671003\n|switch|p1a: Flutter Mane|Flutter Mane, L50|100\/100\n|-enditem|p1a: Flutter Mane|Booster Energy\n|-activate|p1a: Flutter Mane|ability: Protosynthesis|[fromitem]\n|-start|p1a: Flutter Mane|protosynthesisspa\n|\n|-ability|p1b: Espathra|Speed Boost|boost\n|-boost|p1b: Espathra|spe|1\n|upkeep\n|turn|2\n|inactive|py123456 has 30 seconds left.\n|\n|t:|1699671035\n|-terastallize|p2b: Flutter Mane|Fairy\n|move|p1a: Flutter Mane|Protect|p1a: Flutter Mane\n|-singleturn|p1a: Flutter Mane|Protect\n|move|p2b: Flutter Mane|Icy Wind|p1a: Flutter Mane|[spread] p1b\n|-activate|p1a: Flutter Mane|move: Protect\n|-damage|p1b: Espathra|81\/100\n|-unboost|p1b: Espathra|spe|1\n|move|p1b: Espathra|Hypnosis|p2b: Flutter Mane\n|-status|p2b: Flutter Mane|slp|[from] move: Hypnosis\n|move|p2a: Glimmora|Mortal Spin|p1a: Flutter Mane|[spread] p1b\n|-activate|p1a: Flutter Mane|move: Protect\n|-damage|p1b: Espathra|76\/100\n|-status|p1b: Espathra|psn\n|\n|-damage|p1b: Espathra|64\/100 psn|[from] psn\n|-ability|p1b: Espathra|Speed Boost|boost\n|-boost|p1b: Espathra|spe|1\n|upkeep\n|turn|3\n|inactive|py123456 has 30 seconds left.\n|inactive|Amar115 has 30 seconds left.\n|\n|t:|1699671067\n|move|p2a: Glimmora|Spiky Shield|p2a: Glimmora\n|-singleturn|p2a: Glimmora|move: Protect\n|cant|p2b: Flutter Mane|slp\n|move|p1b: Espathra|Lumina Crash|p2a: Glimmora\n|-activate|p2a: Glimmora|move: Protect\n|move|p1a: Flutter Mane|Shadow Ball|p2a: Glimmora\n|-activate|p2a: Glimmora|move: Protect\n|\n|-damage|p1b: Espathra|52\/100 psn|[from] psn\n|-ability|p1b: Espathra|Speed Boost|boost\n|-boost|p1b: Espathra|spe|1\n|upkeep\n|turn|4\n|inactive|Amar115 has 30 seconds left.\n|inactive|Amar115 has 20 seconds left.\n|\n|t:|1699671104\n|switch|p2a: Tornadus|Tornadus, L50, M|100\/100\n|move|p1b: Espathra|Lumina Crash|p2a: Tornadus\n|-damage|p2a: Tornadus|76\/100\n|-curestatus|p2b: Flutter Mane|slp|[msg]\n|move|p2b: Flutter Mane|Icy Wind|p1a: Flutter Mane|[spread] p1a,p1b\n|-damage|p1a: Flutter Mane|87\/100\n|-damage|p1b: Espathra|31\/100 psn\n|-unboost|p1a: Flutter Mane|spe|1\n|-unboost|p1b: Espathra|spe|1\n|move|p1a: Flutter Mane|Shadow Ball|p2b: Flutter Mane\n|-damage|p2b: Flutter Mane|37\/100\n|\n|-damage|p1b: Espathra|18\/100 psn|[from] psn\n|-ability|p1b: Espathra|Speed Boost|boost\n|-boost|p1b: Espathra|spe|1\n|upkeep\n|turn|5\n|inactive|py123456 has 30 seconds left.\n|inactive|Amar115 has 30 seconds left.\n|inactive|py123456 has 20 seconds left.\n|inactive|py123456 has 15 seconds left.\n|inactive|py123456 has 10 seconds left.\n|\n|t:|1699671152\n|move|p2a: Tornadus|Tailwind|p2a: Tornadus\n|-sidestart|p2: Amar115|move: Tailwind\n|move|p2b: Flutter Mane|Hex|p1a: Flutter Mane\n|-supereffective|p1a: Flutter Mane\n|-damage|p1a: Flutter Mane|16\/100\n|move|p1b: Espathra|Hypnosis|p2b: Flutter Mane\n|-status|p2b: Flutter Mane|slp|[from] move: Hypnosis\n|move|p1a: Flutter Mane|Dazzling Gleam|p2a: Tornadus|[spread] p2a,p2b\n|-damage|p2a: Tornadus|40\/100\n|-damage|p2b: Flutter Mane|0 fnt\n|faint|p2b: Flutter Mane\n|-end|p2b: Flutter Mane|Protosynthesis|[silent]\n|\n|-damage|p1b: Espathra|6\/100 psn|[from] psn\n|-fieldend|move: Gravity\n|-ability|p1b: Espathra|Speed Boost|boost\n|-boost|p1b: Espathra|spe|1\n|upkeep\n|\n|t:|1699671167\n|switch|p2b: Glimmora|Glimmora, L50, M|100\/100\n|turn|6\n|\n|t:|1699671185\n|move|p1a: Flutter Mane|Protect|p1a: Flutter Mane\n|-singleturn|p1a: Flutter Mane|Protect\n|move|p2a: Tornadus|Scary Face|p1b: Espathra\n|-unboost|p1b: Espathra|spe|2\n|move|p1b: Espathra|Lumina Crash|p2b: Glimmora\n|-supereffective|p2b: Glimmora\n|-damage|p2b: Glimmora|47\/100\n|-unboost|p2b: Glimmora|spd|2\n|move|p2b: Glimmora|Mortal Spin|p1b: Espathra|[spread] p1b\n|-activate|p1a: Flutter Mane|move: Protect\n|-damage|p1b: Espathra|1\/100 psn\n|\n|-heal|p2b: Glimmora|53\/100|[from] item: Black Sludge\n|-damage|p1b: Espathra|0 fnt|[from] psn\n|faint|p1b: Espathra\n|upkeep\n|\n|t:|1699671206\n|switch|p1b: Sableye|Sableye, L50, F, shiny|99\/100 psn\n|turn|7\n|\n|t:|1699671222\n|move|p2b: Glimmora|Spiky Shield|p2b: Glimmora\n|-singleturn|p2b: Glimmora|move: Protect\n|move|p2a: Tornadus|Scary Face|p1a: Flutter Mane\n|-unboost|p1a: Flutter Mane|spe|2\n|move|p1b: Sableye|Quash|p2b: Glimmora\n|-activate|p2b: Glimmora|move: Protect\n|move|p1a: Flutter Mane|Shadow Ball|p2b: Glimmora\n|-activate|p2b: Glimmora|move: Protect\n|\n|-heal|p2b: Glimmora|58\/100|[from] item: Black Sludge\n|-damage|p1b: Sableye|86\/100 psn|[from] psn\n|upkeep\n|turn|8\n|\n|t:|1699671245\n|switch|p2b: Iron Hands|Iron Hands, L50|100\/100\n|move|p1b: Sableye|Quash||[still]\n|-fail|p1b: Sableye\n|move|p2a: Tornadus|Bleakwind Storm|p1b: Sableye|[spread] p1a,p1b\n|-damage|p1a: Flutter Mane|0 fnt\n|-damage|p1b: Sableye|53\/100 psn\n|faint|p1a: Flutter Mane\n|-end|p1a: Flutter Mane|Protosynthesis|[silent]\n|\n|-damage|p1b: Sableye|41\/100 psn|[from] psn\n|-sideend|p2: Amar115|move: Tailwind\n|upkeep\n|inactive|py123456 has 30 seconds left.\n|\n|t:|1699671272\n|switch|p1a: Ogerpon|Ogerpon-Wellspring, L50, F|100\/100\n|turn|9\n|\n|t:|1699671291\n|move|p1a: Ogerpon|Spiky Shield|p1a: Ogerpon\n|-singleturn|p1a: Ogerpon|move: Protect\n|move|p2b: Iron Hands|Fake Out|p1a: Ogerpon\n|-activate|p1a: Ogerpon|move: Protect\n|-damage|p2b: Iron Hands|88\/100|[from] Spiky Shield|[of] p1a: Ogerpon\n|move|p1b: Sableye|Will-O-Wisp|p2b: Iron Hands|[miss]\n|-miss|p1b: Sableye|p2b: Iron Hands\n|move|p2a: Tornadus|Bleakwind Storm|p1a: Ogerpon|[spread] \n|-activate|p1a: Ogerpon|move: Protect\n|-miss|p2a: Tornadus|p1b: Sableye\n|\n|-damage|p1b: Sableye|29\/100 psn|[from] psn\n|upkeep\n|turn|10\n|inactive|Amar115 has 30 seconds left.\n|\n|t:|1699671320\n|move|p2a: Tornadus|Taunt|p1a: Ogerpon\n|-start|p1a: Ogerpon|move: Taunt\n|move|p1b: Sableye|Will-O-Wisp|p2b: Iron Hands\n|-status|p2b: Iron Hands|brn\n|move|p1a: Ogerpon|Ivy Cudgel|p2a: Tornadus\n|-damage|p2a: Tornadus|0 fnt\n|faint|p2a: Tornadus\n|move|p2b: Iron Hands|Heavy Slam|p1b: Sableye\n|-damage|p1b: Sableye|0 fnt\n|faint|p1b: Sableye\n|\n|-damage|p2b: Iron Hands|82\/100 brn|[from] brn\n|upkeep\n|\n|t:|1699671332\n|switch|p2a: Glimmora|Glimmora, L50, M|58\/100\n|turn|11\n|\n|t:|1699671349\n|move|p1a: Ogerpon|Ivy Cudgel|p2a: Glimmora\n|-supereffective|p2a: Glimmora\n|-damage|p2a: Glimmora|0 fnt\n|-activate|p2a: Glimmora|ability: Toxic Debris\n|-sidestart|p1: py123456|move: Toxic Spikes\n|faint|p2a: Glimmora\n|move|p2b: Iron Hands|Heavy Slam|p1a: Ogerpon\n|-resisted|p1a: Ogerpon\n|-damage|p1a: Ogerpon|87\/100\n|\n|-damage|p2b: Iron Hands|76\/100 brn|[from] brn\n|upkeep\n|turn|12\n|\n|t:|1699671365\n|move|p1a: Ogerpon|Horn Leech|p2b: Iron Hands\n|-damage|p2b: Iron Hands|49\/100 brn\n|-heal|p1a: Ogerpon|100\/100|[from] drain|[of] p2b: Iron Hands\n|move|p2b: Iron Hands|Drain Punch|p1a: Ogerpon\n|-damage|p1a: Ogerpon|74\/100\n|-heal|p2b: Iron Hands|59\/100 brn|[from] drain|[of] p1a: Ogerpon\n|\n|-damage|p2b: Iron Hands|53\/100 brn|[from] brn\n|-end|p1a: Ogerpon|move: Taunt\n|upkeep\n|turn|13\n|-message|Amar115 forfeited.\n|\n|win|py123456\n|raw|py123456's rating: 1093 &rarr; <strong>1120<\/strong><br \/>(+27 for winning)\n|raw|Amar115's rating: 1100 &rarr; <strong>1074<\/strong><br \/>(-26 for losing)\n|l|\u2606Amar115\n","uploadtime":1699671381,"views":13,"p1id":"py123456","p2id":"amar115","formatid":"gen9vgc2023regulatione","rating":1074,"private":0,"password":""}