{"id":"gen9vgc2023regulatione-1988779017","p1":"u7h7hh798","p2":"andrewx72","format":"[Gen 9] VGC 2023 Regulation E","log":"|j|\u2606u7h7hh798\n|j|\u2606andrewx72\n|t:|1699762022\n|gametype|doubles\n|player|p1|u7h7hh798|silver|1310\n|player|p2|andrewx72|101|1261\n|teamsize|p1|6\n|teamsize|p2|6\n|gen|9\n|tier|[Gen 9] VGC 2023 Regulation E\n|rated|\n|rule|Species Clause: Limit one of each Pok\u00e9mon\n|rule|Item Clause: Limit one of each item\n|clearpoke\n|poke|p1|Dondozo, L50, M|\n|poke|p1|Tatsugiri, L50, F|\n|poke|p1|Glimmora, L50, F|\n|poke|p1|Urshifu-*, L50, F|\n|poke|p1|Ogerpon-Wellspring, L50, F|\n|poke|p1|Chi-Yu, L50|\n|poke|p2|Kingambit, L50, F|\n|poke|p2|Stonjourner, L50, M|\n|poke|p2|Landorus-Therian, L50, M|\n|poke|p2|Arcanine, L50, M|\n|poke|p2|Murkrow, L50, F|\n|poke|p2|Urshifu-*, L50, M|\n|teampreview|4\n|inactive|Battle timer is ON: inactive players will automatically lose when time's up. (requested by u7h7hh798)\n|inactive|andrewx72 has 60 seconds left.\n|\n|t:|1699762074\n|start\n|switch|p1a: Glimmora|Glimmora, L50, F|100\/100\n|switch|p1b: Ogerpon|Ogerpon-Wellspring, L50, F|100\/100\n|switch|p2a: Murkrow|Murkrow, L50, F|100\/100\n|switch|p2b: Landorus|Landorus-Therian, L50, M|100\/100\n|-ability|p2b: Landorus|Intimidate|boost\n|-unboost|p1a: Glimmora|atk|1\n|-unboost|p1b: Ogerpon|atk|1\n|turn|1\n|inactive|u7h7hh798 has 30 seconds left.\n|\n|t:|1699762100\n|move|p1a: Glimmora|Mortal Spin|p2a: Murkrow|[spread] p2a,p2b\n|-resisted|p2b: Landorus\n|-damage|p2a: Murkrow|97\/100\n|-damage|p2b: Landorus|99\/100\n|-status|p2a: Murkrow|psn\n|-status|p2b: Landorus|psn\n|move|p1b: Ogerpon|Ivy Cudgel|p2b: Landorus\n|-supereffective|p2b: Landorus\n|-damage|p2b: Landorus|21\/100 psn\n|move|p2b: Landorus|U-turn|p1b: Ogerpon\n|-supereffective|p1b: Ogerpon\n|-damage|p1b: Ogerpon|50\/100\n|\n|t:|1699762121\n|switch|p2b: Kingambit|Kingambit, L50, F|100\/100|[from] U-turn\n|move|p2a: Murkrow|Brave Bird|p1b: Ogerpon\n|-supereffective|p1b: Ogerpon\n|-damage|p1b: Ogerpon|0 fnt\n|faint|p1b: Ogerpon\n|-damage|p2a: Murkrow|79\/100 psn|[from] Recoil\n|\n|-damage|p2a: Murkrow|67\/100 psn|[from] psn\n|upkeep\n|\n|t:|1699762132\n|switch|p1b: Dondozo|Dondozo, L50, M|100\/100\n|turn|2\n|\n|t:|1699762144\n|move|p1b: Dondozo|Protect|p1b: Dondozo\n|-singleturn|p1b: Dondozo|Protect\n|move|p2a: Murkrow|Feather Dance|p1b: Dondozo\n|-activate|p1b: Dondozo|move: Protect\n|move|p1a: Glimmora|Power Gem|p2a: Murkrow\n|-supereffective|p2a: Murkrow\n|-damage|p2a: Murkrow|0 fnt\n|faint|p2a: Murkrow\n|move|p2b: Kingambit|Swords Dance|p2b: Kingambit\n|-boost|p2b: Kingambit|atk|2\n|\n|upkeep\n|\n|t:|1699762155\n|switch|p2a: Landorus|Landorus-Therian, L50, M|21\/100 psn\n|-ability|p2a: Landorus|Intimidate|boost\n|-unboost|p1a: Glimmora|atk|1\n|-fail|p1b: Dondozo|unboost|Attack|[from] ability: Oblivious|[of] p1b: Dondozo\n|turn|3\n|\n|t:|1699762169\n|switch|p1a: Tatsugiri|Tatsugiri, L50, F|100\/100\n|-activate|p1a: Tatsugiri|ability: Commander|[of] p1b: Dondozo\n|-boost|p1b: Dondozo|atk|2\n|-boost|p1b: Dondozo|spa|2\n|-boost|p1b: Dondozo|spe|2\n|-boost|p1b: Dondozo|def|2\n|-boost|p1b: Dondozo|spd|2\n|-terastallize|p2b: Kingambit|Dark\n|move|p1b: Dondozo|Earthquake|p2a: Landorus|[spread] p2b\n|-miss|p1b: Dondozo|p1a: Tatsugiri\n|-immune|p2a: Landorus\n|-damage|p2b: Kingambit|77\/100\n|move|p2a: Landorus|Stomping Tantrum|p1a: Tatsugiri|[miss]\n|-miss|p2a: Landorus|p1a: Tatsugiri\n|move|p2b: Kingambit|Kowtow Cleave|p1b: Dondozo\n|-damage|p1b: Dondozo|50\/100\n|\n|-heal|p1b: Dondozo|57\/100|[from] item: Leftovers\n|-damage|p2a: Landorus|9\/100 psn|[from] psn\n|upkeep\n|turn|4\n|inactive|andrewx72 has 30 seconds left.\n|inactive|andrewx72 has 20 seconds left.\n|inactive|andrewx72 has 15 seconds left.\n|inactive|andrewx72 has 10 seconds left.\n|\n|t:|1699762217\n|move|p1b: Dondozo|Protect|p1b: Dondozo\n|-singleturn|p1b: Dondozo|Protect\n|move|p2b: Kingambit|Sucker Punch||[still]\n|-fail|p2b: Kingambit\n|move|p2a: Landorus|Stomping Tantrum|p1b: Dondozo\n|-activate|p1b: Dondozo|move: Protect\n|\n|-heal|p1b: Dondozo|63\/100|[from] item: Leftovers\n|-damage|p2a: Landorus|0 fnt|[from] psn\n|faint|p2a: Landorus\n|upkeep\n|\n|t:|1699762220\n|switch|p2a: Stonjourner|Stonjourner, L50, M|100\/100\n|turn|5\n|\n|t:|1699762246\n|move|p2a: Stonjourner|Wide Guard|p2a: Stonjourner\n|-singleturn|p2a: Stonjourner|Wide Guard\n|move|p1b: Dondozo|Substitute|p1b: Dondozo\n|-start|p1b: Dondozo|Substitute\n|-damage|p1b: Dondozo|38\/100\n|move|p2b: Kingambit|Kowtow Cleave|p1b: Dondozo\n|-end|p1b: Dondozo|Substitute\n|\n|-heal|p1b: Dondozo|44\/100|[from] item: Leftovers\n|upkeep\n|turn|6\n|\n|t:|1699762257\n|move|p2a: Stonjourner|Protect||[still]\n|-fail|p2a: Stonjourner\n|move|p1b: Dondozo|Order Up|p2b: Kingambit\n|-damage|p2b: Kingambit|47\/100\n|-boost|p1b: Dondozo|atk|1\n|move|p2b: Kingambit|Kowtow Cleave|p1b: Dondozo\n|-damage|p1b: Dondozo|0 fnt\n|faint|p1b: Dondozo\n|\n|upkeep\n|\n|t:|1699762265\n|switch|p1b: Glimmora|Glimmora, L50, F|100\/100\n|turn|7\n|\n|t:|1699762290\n|move|p2b: Kingambit|Protect|p2b: Kingambit\n|-singleturn|p2b: Kingambit|Protect\n|move|p1b: Glimmora|Energy Ball|p2a: Stonjourner\n|-supereffective|p2a: Stonjourner\n|-enditem|p2a: Stonjourner|Focus Sash\n|-damage|p2a: Stonjourner|1\/100\n|-unboost|p2a: Stonjourner|spd|1\n|move|p2a: Stonjourner|Rock Slide|p1b: Glimmora|[spread] p1a,p1b\n|-damage|p1a: Tatsugiri|71\/100\n|-damage|p1b: Glimmora|66\/100\n|-activate|p1b: Glimmora|ability: Toxic Debris\n|-sidestart|p2: andrewx72|move: Toxic Spikes\n|move|p1a: Tatsugiri|Draco Meteor|p2b: Kingambit\n|-activate|p2b: Kingambit|move: Protect\n|\n|upkeep\n|turn|8\n|inactive|andrewx72 has 30 seconds left.\n|\n|t:|1699762315\n|move|p1b: Glimmora|Spiky Shield|p1b: Glimmora\n|-singleturn|p1b: Glimmora|move: Protect\n|move|p2a: Stonjourner|Protect|p2a: Stonjourner\n|-singleturn|p2a: Stonjourner|Protect\n|move|p2b: Kingambit|Sucker Punch|p1a: Tatsugiri\n|-damage|p1a: Tatsugiri|0 fnt\n|faint|p1a: Tatsugiri\n|\n|upkeep\n|turn|9\n|\n|t:|1699762324\n|move|p2b: Kingambit|Sucker Punch|p1b: Glimmora\n|-damage|p1b: Glimmora|0 fnt\n|-activate|p1b: Glimmora|ability: Toxic Debris\n|-sidestart|p2: andrewx72|move: Toxic Spikes\n|faint|p1b: Glimmora\n|\n|win|andrewx72\n|raw|u7h7hh798's rating: 1310 &rarr; <strong>1287<\/strong><br \/>(-23 for losing)\n|raw|andrewx72's rating: 1261 &rarr; <strong>1290<\/strong><br \/>(+29 for winning)\n","uploadtime":1699762331,"views":18,"p1id":"u7h7hh798","p2id":"andrewx72","formatid":"gen9vgc2023regulatione","rating":1287,"private":0,"password":""}