{"id":"gen9vgc2023regulatione-1989754075","p1":"Lbbones","p2":"Draven97","format":"[Gen 9] VGC 2023 Regulation E","log":"|j|\u2606Lbbones\n|j|\u2606Draven97\n|t:|1699892885\n|gametype|doubles\n|player|p1|Lbbones|102|1055\n|player|p2|Draven97|shadowtriad|1000\n|teamsize|p1|6\n|teamsize|p2|6\n|gen|9\n|tier|[Gen 9] VGC 2023 Regulation E\n|rated|\n|rule|Species Clause: Limit one of each Pok\u00e9mon\n|rule|Item Clause: Limit one of each item\n|clearpoke\n|poke|p1|Tornadus, L50, M|\n|poke|p1|Mamoswine, L50, F|\n|poke|p1|Flutter Mane, L50|\n|poke|p1|Chi-Yu, L50|\n|poke|p1|Ogerpon-Wellspring, L50, F|\n|poke|p1|Iron Hands, L50|\n|poke|p2|Tyranitar, L50, M|\n|poke|p2|Flutter Mane, L50|\n|poke|p2|Tornadus, L50, M|\n|poke|p2|Amoonguss, L50, F|\n|poke|p2|Gholdengo, L50|\n|poke|p2|Urshifu-*, L50, M|\n|teampreview|4\n|\n|t:|1699892934\n|start\n|switch|p1a: Chi-Yu|Chi-Yu, L50|100\/100\n|switch|p1b: Flutter Mane|Flutter Mane, L50|100\/100\n|switch|p2a: Tornadus|Tornadus, L50, M, shiny|100\/100\n|switch|p2b: Urshifu|Urshifu-Rapid-Strike, L50, M|100\/100\n|-ability|p1a: Chi-Yu|Beads of Ruin\n|turn|1\n|\n|t:|1699892970\n|-terastallize|p1a: Chi-Yu|Ghost\n|move|p2a: Tornadus|Tailwind|p2a: Tornadus\n|-sidestart|p2: Draven97|move: Tailwind\n|move|p2b: Urshifu|U-turn|p1b: Flutter Mane\n|-resisted|p1b: Flutter Mane\n|-damage|p1b: Flutter Mane|92\/100\n|\n|t:|1699892978\n|switch|p2b: Flutter Mane|Flutter Mane, L50, shiny|100\/100|[from] U-turn\n|move|p1b: Flutter Mane|Moonblast|p2b: Flutter Mane\n|-damage|p2b: Flutter Mane|39\/100\n|move|p1a: Chi-Yu|Dark Pulse|p2b: Flutter Mane\n|-damage|p2b: Flutter Mane|0 fnt\n|faint|p2b: Flutter Mane\n|-end|p2b: Flutter Mane|Protosynthesis|[silent]\n|-damage|p1a: Chi-Yu|91\/100|[from] item: Life Orb\n|\n|upkeep\n|\n|t:|1699892993\n|switch|p2b: Tyranitar|Tyranitar, L50, M, shiny|100\/100\n|-weather|Sandstorm|[from] ability: Sand Stream|[of] p2b: Tyranitar\n|turn|2\n|\n|t:|1699893037\n|-terastallize|p2b: Tyranitar|Flying\n|move|p2a: Tornadus|Bleakwind Storm|p1a: Chi-Yu|[spread] p1a,p1b\n|-damage|p1a: Chi-Yu|52\/100\n|-damage|p1b: Flutter Mane|46\/100\n|-unboost|p1b: Flutter Mane|spe|1\n|move|p2b: Tyranitar|Knock Off|p1a: Chi-Yu\n|-supereffective|p1a: Chi-Yu\n|-damage|p1a: Chi-Yu|0 fnt\n|-enditem|p1a: Chi-Yu|Life Orb|[from] move: Knock Off|[of] p2b: Tyranitar\n|faint|p1a: Chi-Yu\n|move|p1b: Flutter Mane|Dazzling Gleam|p2a: Tornadus|[spread] p2a,p2b\n|-damage|p2a: Tornadus|68\/100\n|-damage|p2b: Tyranitar|82\/100\n|\n|-weather|Sandstorm|[upkeep]\n|-damage|p2a: Tornadus|62\/100|[from] Sandstorm\n|-damage|p2b: Tyranitar|77\/100|[from] Sandstorm\n|-damage|p1b: Flutter Mane|40\/100|[from] Sandstorm\n|upkeep\n|\n|t:|1699893058\n|switch|p1a: Iron Hands|Iron Hands, L50|100\/100\n|turn|3\n|\n|t:|1699893099\n|move|p2a: Tornadus|Taunt|p1a: Iron Hands\n|-start|p1a: Iron Hands|move: Taunt\n|move|p2b: Tyranitar|Tera Blast|p1b: Flutter Mane|[anim] Tera Blast Flying\n|-damage|p1b: Flutter Mane|0 fnt\n|faint|p1b: Flutter Mane\n|-end|p1b: Flutter Mane|Protosynthesis|[silent]\n|move|p1a: Iron Hands|Wild Charge|p2b: Tyranitar\n|-supereffective|p2b: Tyranitar\n|-damage|p2b: Tyranitar|0 fnt\n|faint|p2b: Tyranitar\n|-damage|p1a: Iron Hands|84\/100|[from] Recoil\n|\n|-weather|Sandstorm|[upkeep]\n|-damage|p2a: Tornadus|56\/100|[from] Sandstorm\n|-damage|p1a: Iron Hands|78\/100|[from] Sandstorm\n|upkeep\n|\n|t:|1699893115\n|switch|p1b: Tornadus|Tornadus, L50, M|100\/100\n|switch|p2b: Urshifu|Urshifu-Rapid-Strike, L50, M|100\/100\n|turn|4\n|\n|t:|1699893153\n|move|p2a: Tornadus|Taunt|p1b: Tornadus\n|-start|p1b: Tornadus|move: Taunt\n|move|p2b: Urshifu|Close Combat|p1a: Iron Hands\n|-damage|p1a: Iron Hands|34\/100\n|-unboost|p2b: Urshifu|def|1\n|-unboost|p2b: Urshifu|spd|1\n|move|p1b: Tornadus|Bleakwind Storm|p2a: Tornadus|[spread] p2a\n|-miss|p1b: Tornadus|p2b: Urshifu\n|-damage|p2a: Tornadus|27\/100\n|move|p1a: Iron Hands|Wild Charge|p2b: Urshifu\n|-supereffective|p2b: Urshifu\n|-damage|p2b: Urshifu|0 fnt\n|faint|p2b: Urshifu\n|-damage|p1a: Iron Hands|16\/100|[from] Recoil\n|\n|-weather|Sandstorm|[upkeep]\n|-damage|p2a: Tornadus|21\/100|[from] Sandstorm\n|-damage|p1b: Tornadus|94\/100|[from] Sandstorm\n|-damage|p1a: Iron Hands|10\/100|[from] Sandstorm\n|-sideend|p2: Draven97|move: Tailwind\n|upkeep\n|turn|5\n|\n|t:|1699893177\n|move|p1b: Tornadus|Bleakwind Storm|p2a: Tornadus\n|-damage|p2a: Tornadus|0 fnt\n|faint|p2a: Tornadus\n|\n|win|Lbbones\n|raw|Lbbones's rating: 1055 &rarr; <strong>1082<\/strong><br \/>(+27 for winning)\n|raw|Draven97's rating: 1000 &rarr; <strong>1000<\/strong><br \/>(+0 for losing)\n|l|\u2606Draven97\n","uploadtime":1699893191,"views":8,"p1id":"lbbones","p2id":"draven97","formatid":"gen9vgc2023regulatione","rating":1000,"private":0,"password":""}