{"id":"gen9vgc2023regulatione-1990085718","p1":"meowmeowjoe","p2":"Redmatt2411","format":"[Gen 9] VGC 2023 Regulation E","log":"|j|\u2606meowmeowjoe\n|j|\u2606Redmatt2411\n|t:|1699922994\n|gametype|doubles\n|player|p1|meowmeowjoe|guitarist|1232\n|player|p2|Redmatt2411|102|1197\n|teamsize|p1|6\n|teamsize|p2|6\n|gen|9\n|tier|[Gen 9] VGC 2023 Regulation E\n|rated|\n|rule|Species Clause: Limit one of each Pok\u00e9mon\n|rule|Item Clause: Limit one of each item\n|clearpoke\n|poke|p1|Annihilape, L50, M|\n|poke|p1|Sinistcha, L50|\n|poke|p1|Grimmsnarl, L50, M|\n|poke|p1|Landorus-Therian, L50, M|\n|poke|p1|Bellibolt, L50, M|\n|poke|p1|Corviknight, L50, M|\n|poke|p2|Iron Hands, L50|\n|poke|p2|Flutter Mane, L50|\n|poke|p2|Sinistcha, L50|\n|poke|p2|Kommo-o, L50, F|\n|poke|p2|Arcanine, L50, F|\n|poke|p2|Cetitan, L50, M|\n|teampreview|4\n|\n|t:|1699923020\n|start\n|switch|p1a: Grimmsnarl|Grimmsnarl, L50, M, shiny|100\/100\n|switch|p1b: Bellibolt|Bellibolt, L50, M, shiny|100\/100\n|switch|p2a: Cetitan|Cetitan, L50, M|100\/100\n|switch|p2b: Arcanine|Arcanine, L50, F|100\/100\n|-ability|p2b: Arcanine|Intimidate|boost\n|-unboost|p1a: Grimmsnarl|atk|1\n|-unboost|p1b: Bellibolt|atk|1\n|turn|1\n|\n|t:|1699923055\n|switch|p2a: Iron Hands|Iron Hands, L50|100\/100\n|move|p1a: Grimmsnarl|Light Screen|p1a: Grimmsnarl\n|-sidestart|p1: meowmeowjoe|move: Light Screen\n|move|p2b: Arcanine|Flare Blitz|p1a: Grimmsnarl\n|-damage|p1a: Grimmsnarl|49\/100\n|-damage|p2b: Arcanine|82\/100|[from] Recoil\n|move|p1b: Bellibolt|Thunderbolt|p2a: Iron Hands\n|-resisted|p2a: Iron Hands\n|-damage|p2a: Iron Hands|92\/100\n|\n|upkeep\n|turn|2\n|\n|t:|1699923090\n|move|p1a: Grimmsnarl|Reflect|p1a: Grimmsnarl\n|-sidestart|p1: meowmeowjoe|Reflect\n|move|p2b: Arcanine|Flare Blitz|p1b: Bellibolt\n|-damage|p1b: Bellibolt|76\/100\n|-start|p1b: Bellibolt|Charge|Flare Blitz|[from] ability: Electromorphosis\n|-damage|p2b: Arcanine|73\/100|[from] Recoil\n|move|p2a: Iron Hands|Heavy Slam|p1a: Grimmsnarl\n|-supereffective|p1a: Grimmsnarl\n|-damage|p1a: Grimmsnarl|0 fnt\n|faint|p1a: Grimmsnarl\n|move|p1b: Bellibolt|Thunderbolt|p2b: Arcanine\n|-damage|p2b: Arcanine|6\/100\n|-end|p1b: Bellibolt|Charge|[silent]\n|\n|upkeep\n|\n|t:|1699923102\n|switch|p1a: Sinistcha|Sinistcha, L50|100\/100\n|-heal|p1b: Bellibolt|100\/100|[from] ability: Hospitality|[of] p1a: Sinistcha\n|turn|3\n|\n|t:|1699923114\n|switch|p2b: Sinistcha|Sinistcha, L50|100\/100\n|-heal|p2a: Iron Hands|100\/100|[from] ability: Hospitality|[of] p2b: Sinistcha\n|move|p1a: Sinistcha|Protect|p1a: Sinistcha\n|-singleturn|p1a: Sinistcha|Protect\n|move|p2a: Iron Hands|Heavy Slam|p1a: Sinistcha\n|-activate|p1a: Sinistcha|move: Protect\n|move|p1b: Bellibolt|Parabolic Charge|p2b: Sinistcha|[spread] p2a,p2b\n|-activate|p1a: Sinistcha|move: Protect\n|-resisted|p2a: Iron Hands\n|-resisted|p2b: Sinistcha\n|-damage|p2a: Iron Hands|96\/100\n|-damage|p2b: Sinistcha|92\/100\n|\n|upkeep\n|turn|4\n|\n|t:|1699923155\n|switch|p1a: Corviknight|Corviknight, L50, M, shiny|100\/100\n|move|p2b: Sinistcha|Strength Sap|p1b: Bellibolt\n|-unboost|p1b: Bellibolt|atk|1\n|-heal|p2b: Sinistcha|100\/100\n|move|p2a: Iron Hands|Heavy Slam|p1a: Corviknight\n|-resisted|p1a: Corviknight\n|-damage|p1a: Corviknight|91\/100\n|-damage|p2a: Iron Hands|79\/100|[from] item: Rocky Helmet|[of] p1a: Corviknight\n|move|p1b: Bellibolt|Thunderbolt|p2b: Sinistcha\n|-resisted|p2b: Sinistcha\n|-damage|p2b: Sinistcha|84\/100\n|\n|upkeep\n|turn|5\n|\n|t:|1699923181\n|switch|p2b: Arcanine|Arcanine, L50, F|6\/100\n|-ability|p2b: Arcanine|Intimidate|boost\n|-ability|p1a: Corviknight|Mirror Armor\n|-unboost|p2b: Arcanine|atk|1\n|-unboost|p1b: Bellibolt|atk|1\n|move|p1a: Corviknight|Iron Defense|p1a: Corviknight\n|-boost|p1a: Corviknight|def|2\n|move|p2a: Iron Hands|Wild Charge|p1a: Corviknight\n|-supereffective|p1a: Corviknight\n|-damage|p1a: Corviknight|67\/100\n|-damage|p2a: Iron Hands|63\/100|[from] item: Rocky Helmet|[of] p1a: Corviknight\n|-damage|p2a: Iron Hands|58\/100|[from] Recoil\n|move|p1b: Bellibolt|Muddy Water|p2a: Iron Hands|[spread] p2a,p2b\n|-supereffective|p2b: Arcanine\n|-damage|p2a: Iron Hands|50\/100\n|-damage|p2b: Arcanine|0 fnt\n|faint|p2b: Arcanine\n|\n|upkeep\n|\n|t:|1699923195\n|switch|p2b: Cetitan|Cetitan, L50, M|100\/100\n|turn|6\n|\n|t:|1699923212\n|move|p2b: Cetitan|Belly Drum|p2b: Cetitan\n|-damage|p2b: Cetitan|50\/100\n|-setboost|p2b: Cetitan|atk|6|[from] move: Belly Drum\n|-enditem|p2b: Cetitan|Sitrus Berry|[eat]\n|-heal|p2b: Cetitan|75\/100|[from] item: Sitrus Berry\n|move|p1a: Corviknight|Body Press|p2b: Cetitan\n|-supereffective|p2b: Cetitan\n|-damage|p2b: Cetitan|0 fnt\n|faint|p2b: Cetitan\n|move|p2a: Iron Hands|Drain Punch|p1a: Corviknight\n|-damage|p1a: Corviknight|57\/100\n|-heal|p2a: Iron Hands|54\/100|[from] drain|[of] p1a: Corviknight\n|-damage|p2a: Iron Hands|38\/100|[from] item: Rocky Helmet|[of] p1a: Corviknight\n|move|p1b: Bellibolt|Thunderbolt|p2a: Iron Hands\n|-resisted|p2a: Iron Hands\n|-damage|p2a: Iron Hands|30\/100\n|\n|upkeep\n|\n|t:|1699923228\n|switch|p2b: Sinistcha|Sinistcha, L50|84\/100\n|-heal|p2a: Iron Hands|54\/100|[from] ability: Hospitality|[of] p2b: Sinistcha\n|turn|7\n|\n|t:|1699923247\n|move|p2b: Sinistcha|Matcha Gotcha|p1b: Bellibolt|[spread] p1a,p1b\n|-resisted|p1a: Corviknight\n|-crit|p1b: Bellibolt\n|-damage|p1a: Corviknight|53\/100\n|-heal|p2b: Sinistcha|86\/100|[from] drain|[of] p1a: Corviknight\n|-damage|p1b: Bellibolt|78\/100\n|-heal|p2b: Sinistcha|100\/100|[from] drain|[of] p1b: Bellibolt\n|-status|p1b: Bellibolt|brn\n|-start|p1b: Bellibolt|Charge|Matcha Gotcha|[from] ability: Electromorphosis\n|move|p1a: Corviknight|Roost|p1a: Corviknight\n|-heal|p1a: Corviknight|100\/100\n|-singleturn|p1a: Corviknight|move: Roost\n|move|p2a: Iron Hands|Wild Charge|p1a: Corviknight\n|-damage|p1a: Corviknight|90\/100\n|-damage|p2a: Iron Hands|38\/100|[from] item: Rocky Helmet|[of] p1a: Corviknight\n|-damage|p2a: Iron Hands|36\/100|[from] Recoil\n|move|p1b: Bellibolt|Muddy Water|p2b: Sinistcha|[spread] p2a,p2b\n|-resisted|p2b: Sinistcha\n|-damage|p2a: Iron Hands|27\/100\n|-damage|p2b: Sinistcha|92\/100\n|-unboost|p2b: Sinistcha|accuracy|1\n|\n|-damage|p1b: Bellibolt|72\/100 brn|[from] brn\n|upkeep\n|turn|8\n|-message|Redmatt2411 forfeited.\n|\n|win|meowmeowjoe\n|raw|meowmeowjoe's rating: 1232 &rarr; <strong>1254<\/strong><br \/>(+22 for winning)\n|raw|Redmatt2411's rating: 1197 &rarr; <strong>1175<\/strong><br \/>(-22 for losing)\n|l|\u2606Redmatt2411\n","uploadtime":1699923272,"views":12,"p1id":"meowmeowjoe","p2id":"redmatt2411","formatid":"gen9vgc2023regulatione","rating":1175,"private":0,"password":""}