{"id":"gen9vgc2023regulatione-1998442070","p1":"Geets2306","p2":"whyismynamejeff","format":"[Gen 9] VGC 2023 Regulation E","log":"|j|\u2606Geets2306\n|j|\u2606whyismynamejeff\n|t:|1700942753\n|gametype|doubles\n|player|p1|Geets2306|266|1151\n|player|p2|whyismynamejeff|musician|1167\n|teamsize|p1|6\n|teamsize|p2|6\n|gen|9\n|tier|[Gen 9] VGC 2023 Regulation E\n|rated|\n|rule|Species Clause: Limit one of each Pok\u00e9mon\n|rule|Item Clause: Limit one of each item\n|clearpoke\n|poke|p1|Dragapult, L50, M|\n|poke|p1|Chien-Pao, L50|\n|poke|p1|Amoonguss, L50, M|\n|poke|p1|Landorus-Therian, L50, M|\n|poke|p1|Iron Hands, L50|\n|poke|p1|Ogerpon-Wellspring, L50, F|\n|poke|p2|Ogerpon-Wellspring, L50, F|\n|poke|p2|Regieleki, L50|\n|poke|p2|Indeedee-F, L50, F|\n|poke|p2|Tornadus, L50, M|\n|poke|p2|Chi-Yu, L50|\n|poke|p2|Flutter Mane, L50|\n|teampreview|4\n|inactive|Battle timer is ON: inactive players will automatically lose when time's up. (requested by Geets2306)\n|inactive|Geets2306 has 60 seconds left.\n|inactive|whyismynamejeff has 60 seconds left.\n|\n|t:|1700942802\n|start\n|switch|p1a: Iron Hands|Iron Hands, L50|100\/100\n|switch|p1b: Chien-Pao|Chien-Pao, L50|100\/100\n|switch|p2a: Chi-Yu|Chi-Yu, L50|100\/100\n|switch|p2b: Flutter Mane|Flutter Mane, L50|100\/100\n|-ability|p1b: Chien-Pao|Sword of Ruin\n|-ability|p2a: Chi-Yu|Beads of Ruin\n|turn|1\n|inactive|Geets2306 has 30 seconds left.\n|inactive|Geets2306 has 20 seconds left.\n|inactive|Geets2306 has 15 seconds left.\n|\n|t:|1700942842\n|move|p2a: Chi-Yu|Protect|p2a: Chi-Yu\n|-singleturn|p2a: Chi-Yu|Protect\n|move|p1a: Iron Hands|Fake Out|p2a: Chi-Yu\n|-activate|p2a: Chi-Yu|move: Protect\n|move|p1b: Chien-Pao|Sucker Punch|p2b: Flutter Mane\n|-enditem|p2b: Flutter Mane|Focus Sash\n|-damage|p2b: Flutter Mane|1\/100\n|move|p2b: Flutter Mane|Dazzling Gleam|p1a: Iron Hands|[spread] p1a,p1b\n|-supereffective|p1a: Iron Hands\n|-supereffective|p1b: Chien-Pao\n|-damage|p1a: Iron Hands|60\/100\n|-enditem|p1b: Chien-Pao|Focus Sash\n|-damage|p1b: Chien-Pao|1\/100\n|\n|upkeep\n|turn|2\n|\n|t:|1700942864\n|move|p2b: Flutter Mane|Protect|p2b: Flutter Mane\n|-singleturn|p2b: Flutter Mane|Protect\n|move|p1b: Chien-Pao|Sucker Punch||[still]\n|-fail|p1b: Chien-Pao\n|move|p2a: Chi-Yu|Heat Wave|p1b: Chien-Pao|[spread] p1a,p1b\n|-supereffective|p1b: Chien-Pao\n|-damage|p1a: Iron Hands|28\/100\n|-damage|p1b: Chien-Pao|0 fnt\n|faint|p1b: Chien-Pao\n|-damage|p2a: Chi-Yu|91\/100|[from] item: Life Orb\n|move|p1a: Iron Hands|Drain Punch|p2a: Chi-Yu\n|-supereffective|p2a: Chi-Yu\n|-damage|p2a: Chi-Yu|0 fnt\n|-heal|p1a: Iron Hands|53\/100|[from] drain|[of] p2a: Chi-Yu\n|faint|p2a: Chi-Yu\n|\n|upkeep\n|\n|t:|1700942882\n|switch|p1b: Landorus|Landorus-Therian, L50, M|100\/100\n|switch|p2a: Ogerpon|Ogerpon-Wellspring, L50, F|100\/100\n|-ability|p1b: Landorus|Intimidate|boost\n|-unboost|p2a: Ogerpon|atk|1\n|-unboost|p2b: Flutter Mane|atk|1\n|turn|3\n|\n|t:|1700942898\n|-end|p1a: Iron Hands|Quark Drive|[silent]\n|switch|p1a: Amoonguss|Amoonguss, L50, M|100\/100\n|move|p2a: Ogerpon|Spiky Shield|p2a: Ogerpon\n|-singleturn|p2a: Ogerpon|move: Protect\n|move|p1b: Landorus|U-turn|p2b: Flutter Mane\n|-resisted|p2b: Flutter Mane\n|-damage|p2b: Flutter Mane|0 fnt\n|faint|p2b: Flutter Mane\n|-end|p2b: Flutter Mane|Protosynthesis|[silent]\n|\n|t:|1700942913\n|switch|p1b: Iron Hands|Iron Hands, L50|53\/100|[from] U-turn\n|\n|upkeep\n|\n|t:|1700942916\n|switch|p2b: Tornadus|Tornadus, L50, M|100\/100\n|turn|4\n|\n|t:|1700942934\n|-terastallize|p2a: Ogerpon|Water\n|detailschange|p2a: Ogerpon|Ogerpon-Wellspring-Tera, L50, F, tera:Water\n|-ability|p2a: Ogerpon|Embody Aspect (Wellspring)|boost\n|-boost|p2a: Ogerpon|spd|1\n|move|p1b: Iron Hands|Fake Out|p2b: Tornadus\n|-damage|p2b: Tornadus|76\/100\n|cant|p2b: Tornadus|flinch\n|move|p2a: Ogerpon|Horn Leech|p1b: Iron Hands\n|-damage|p1b: Iron Hands|31\/100\n|move|p1a: Amoonguss|Pollen Puff|p1b: Iron Hands\n|-heal|p1b: Iron Hands|81\/100\n|\n|upkeep\n|turn|5\n|\n|t:|1700942956\n|-end|p1b: Iron Hands|Quark Drive|[silent]\n|switch|p1b: Landorus|Landorus-Therian, L50, M|100\/100\n|-ability|p1b: Landorus|Intimidate|boost\n|-unboost|p2a: Ogerpon|atk|1\n|-unboost|p2b: Tornadus|atk|1\n|move|p2b: Tornadus|Bleakwind Storm|p1b: Landorus|[spread] p1a,p1b\n|-supereffective|p1a: Amoonguss\n|-damage|p1a: Amoonguss|34\/100\n|-damage|p1b: Landorus|57\/100\n|-unboost|p1a: Amoonguss|spe|1\n|-enditem|p1a: Amoonguss|Sitrus Berry|[eat]\n|-heal|p1a: Amoonguss|58\/100|[from] item: Sitrus Berry\n|move|p2a: Ogerpon|Swords Dance|p2a: Ogerpon\n|-boost|p2a: Ogerpon|atk|2\n|move|p1a: Amoonguss|Spore|p2b: Tornadus\n|-activate|p2b: Tornadus|item: Safety Goggles|Spore\n|\n|upkeep\n|turn|6\n|inactive|Geets2306 has 30 seconds left.\n|\n|t:|1700942981\n|switch|p1a: Iron Hands|Iron Hands, L50|81\/100\n|move|p1b: Landorus|Rock Slide|p2a: Ogerpon|[spread] p2a,p2b\n|-supereffective|p2b: Tornadus\n|-damage|p2a: Ogerpon|75\/100\n|-damage|p2b: Tornadus|18\/100\n|move|p2b: Tornadus|Bleakwind Storm|p1a: Iron Hands|[spread] p1a,p1b\n|-damage|p1a: Iron Hands|63\/100\n|-damage|p1b: Landorus|12\/100\n|move|p2a: Ogerpon|Ivy Cudgel|p1b: Landorus|[anim] Ivy Cudgel Water\n|-supereffective|p1b: Landorus\n|-crit|p1b: Landorus\n|-damage|p1b: Landorus|0 fnt\n|faint|p1b: Landorus\n|\n|upkeep\n|\n|t:|1700942994\n|switch|p1b: Amoonguss|Amoonguss, L50, M|92\/100\n|turn|7\n|\n|t:|1700943007\n|move|p2b: Tornadus|Protect|p2b: Tornadus\n|-singleturn|p2b: Tornadus|Protect\n|move|p2a: Ogerpon|Spiky Shield|p2a: Ogerpon\n|-singleturn|p2a: Ogerpon|move: Protect\n|move|p1a: Iron Hands|Fake Out|p2b: Tornadus\n|-activate|p2b: Tornadus|move: Protect\n|move|p1b: Amoonguss|Spore|p2a: Ogerpon\n|-activate|p2a: Ogerpon|move: Protect\n|\n|upkeep\n|turn|8\n|inactive|whyismynamejeff has 30 seconds left.\n|inactive|whyismynamejeff has 20 seconds left.\n|inactive|whyismynamejeff has 15 seconds left.\n|\n|t:|1700943050\n|-terastallize|p1a: Iron Hands|Water\n|move|p2b: Tornadus|Bleakwind Storm|p1b: Amoonguss|[spread] p1a\n|-miss|p2b: Tornadus|p1b: Amoonguss\n|-damage|p1a: Iron Hands|44\/100\n|-unboost|p1a: Iron Hands|spe|1\n|move|p2a: Ogerpon|Ivy Cudgel|p1a: Iron Hands|[anim] Ivy Cudgel Water\n|-resisted|p1a: Iron Hands\n|-damage|p1a: Iron Hands|17\/100\n|move|p1a: Iron Hands|Drain Punch|p2b: Tornadus\n|-resisted|p2b: Tornadus\n|-damage|p2b: Tornadus|0 fnt\n|-heal|p1a: Iron Hands|23\/100|[from] drain|[of] p2b: Tornadus\n|faint|p2b: Tornadus\n|move|p1b: Amoonguss|Spore|p2a: Ogerpon\n|-status|p2a: Ogerpon|slp|[from] move: Spore\n|\n|upkeep\n|turn|9\n|\n|t:|1700943075\n|cant|p2a: Ogerpon|slp\n|move|p1a: Iron Hands|Drain Punch|p2a: Ogerpon\n|-damage|p2a: Ogerpon|19\/100 slp\n|-heal|p1a: Iron Hands|41\/100|[from] drain|[of] p2a: Ogerpon\n|move|p1b: Amoonguss|Pollen Puff|p1a: Iron Hands\n|-heal|p1a: Iron Hands|91\/100\n|\n|upkeep\n|turn|10\n|\n|t:|1700943089\n|-curestatus|p2a: Ogerpon|slp|[msg]\n|move|p2a: Ogerpon|Spiky Shield|p2a: Ogerpon\n|-singleturn|p2a: Ogerpon|move: Protect\n|move|p1b: Amoonguss|Rage Powder|p1b: Amoonguss\n|-singleturn|p1b: Amoonguss|move: Rage Powder\n|move|p1a: Iron Hands|Drain Punch|p2a: Ogerpon\n|-activate|p2a: Ogerpon|move: Protect\n|-damage|p1a: Iron Hands|79\/100|[from] Spiky Shield|[of] p2a: Ogerpon\n|\n|upkeep\n|turn|11\n|\n|t:|1700943102\n|move|p1b: Amoonguss|Rage Powder|p1b: Amoonguss\n|-singleturn|p1b: Amoonguss|move: Rage Powder\n|move|p2a: Ogerpon|Horn Leech|p1b: Amoonguss\n|-resisted|p1b: Amoonguss\n|-damage|p1b: Amoonguss|83\/100\n|-heal|p2a: Ogerpon|25\/100|[from] drain|[of] p1b: Amoonguss\n|move|p1a: Iron Hands|Drain Punch|p2a: Ogerpon\n|-damage|p2a: Ogerpon|0 fnt\n|-heal|p1a: Iron Hands|87\/100|[from] drain|[of] p2a: Ogerpon\n|faint|p2a: Ogerpon\n|\n|win|Geets2306\n|raw|Geets2306's rating: 1151 &rarr; <strong>1177<\/strong><br \/>(+26 for winning)\n|raw|whyismynamejeff's rating: 1167 &rarr; <strong>1141<\/strong><br \/>(-26 for losing)\n|l|\u2606Geets2306\n","uploadtime":1700943117,"views":12,"p1id":"geets2306","p2id":"whyismynamejeff","formatid":"gen9vgc2023regulatione","rating":1141,"private":0,"password":""}