{"id":"gen9vgc2023regulatione-1992419554","p1":"Toti96","p2":"Conchoboar3","format":"[Gen 9] VGC 2023 Regulation E","log":"|j|\u2606Toti96\n|j|\u2606Conchoboar3\n|t:|1700185389\n|gametype|doubles\n|player|p1|Toti96|265|1265\n|player|p2|Conchoboar3|170|1247\n|teamsize|p1|6\n|teamsize|p2|6\n|gen|9\n|tier|[Gen 9] VGC 2023 Regulation E\n|rated|\n|rule|Species Clause: Limit one of each Pok\u00e9mon\n|rule|Item Clause: Limit one of each item\n|clearpoke\n|poke|p1|Tyranitar, L50, M|\n|poke|p1|Ursaluna-Bloodmoon, L50, M|\n|poke|p1|Lycanroc, L50, F|\n|poke|p1|Gyarados, L50, M|\n|poke|p1|Articuno-Galar, L50|\n|poke|p1|Goodra, L50, F|\n|poke|p2|Mamoswine, L50, M|\n|poke|p2|Iron Hands, L50|\n|poke|p2|Grimmsnarl, L50, M|\n|poke|p2|Flutter Mane, L50|\n|poke|p2|Heatran, L50, F|\n|poke|p2|Sinistcha, L50|\n|teampreview|4\n|\n|t:|1700185419\n|start\n|switch|p1a: Articuno|Articuno-Galar, L50|100\/100\n|switch|p1b: Ursaluna|Ursaluna-Bloodmoon, L50, M|100\/100\n|switch|p2a: Grimmsnarl|Grimmsnarl, L50, M|100\/100\n|switch|p2b: Iron Hands|Iron Hands, L50|100\/100\n|turn|1\n|\n|t:|1700185440\n|move|p2a: Grimmsnarl|Light Screen|p2a: Grimmsnarl\n|-sidestart|p2: Conchoboar3|move: Light Screen\n|move|p1a: Articuno|Tailwind|p1a: Articuno\n|-sidestart|p1: Toti96|move: Tailwind\n|move|p2b: Iron Hands|Thunder Punch|p1a: Articuno\n|-supereffective|p1a: Articuno\n|-damage|p1a: Articuno|14\/100\n|-enditem|p1a: Articuno|Aguav Berry|[eat]\n|-heal|p1a: Articuno|47\/100|[from] item: Aguav Berry\n|move|p1b: Ursaluna|Roar|p2a: Grimmsnarl\n|-enditem|p1b: Ursaluna|Throat Spray\n|-boost|p1b: Ursaluna|spa|1|[from] item: Throat Spray\n|drag|p2a: Sinistcha|Sinistcha, L50|100\/100\n|\n|upkeep\n|turn|2\n|\n|t:|1700185465\n|move|p1a: Articuno|Air Slash|p2a: Sinistcha\n|-supereffective|p2a: Sinistcha\n|-damage|p2a: Sinistcha|46\/100\n|-enditem|p2a: Sinistcha|Sitrus Berry|[eat]\n|-heal|p2a: Sinistcha|71\/100|[from] item: Sitrus Berry\n|move|p1b: Ursaluna|Earth Power|p2b: Iron Hands\n|-supereffective|p2b: Iron Hands\n|-damage|p2b: Iron Hands|34\/100\n|move|p2b: Iron Hands|Drain Punch|p1b: Ursaluna\n|-supereffective|p1b: Ursaluna\n|-damage|p1b: Ursaluna|35\/100\n|-heal|p2b: Iron Hands|66\/100|[from] drain|[of] p1b: Ursaluna\n|move|p2a: Sinistcha|Trick Room|p2a: Sinistcha\n|-fieldstart|move: Trick Room|[of] p2a: Sinistcha\n|\n|upkeep\n|turn|3\n|\n|t:|1700185486\n|-terastallize|p1b: Ursaluna|Ghost\n|move|p2b: Iron Hands|Thunder Punch|p1a: Articuno\n|-supereffective|p1a: Articuno\n|-damage|p1a: Articuno|0 fnt\n|faint|p1a: Articuno\n|move|p2a: Sinistcha|Matcha Gotcha|p1b: Ursaluna\n|-damage|p1b: Ursaluna|0 fnt\n|-heal|p2a: Sinistcha|92\/100|[from] drain|[of] p1b: Ursaluna\n|faint|p1b: Ursaluna\n|\n|upkeep\n|\n|t:|1700185499\n|switch|p1b: Goodra|Goodra, L50, F|100\/100\n|switch|p1a: Gyarados|Gyarados, L50, M, shiny|100\/100\n|-ability|p1a: Gyarados|Intimidate|boost\n|-unboost|p2a: Sinistcha|atk|1\n|-unboost|p2b: Iron Hands|atk|1\n|turn|4\n|\n|t:|1700185527\n|move|p2b: Iron Hands|Thunder Punch|p1a: Gyarados\n|-supereffective|p1a: Gyarados\n|-damage|p1a: Gyarados|0 fnt\n|faint|p1a: Gyarados\n|move|p2a: Sinistcha|Shadow Ball|p1b: Goodra\n|-crit|p1b: Goodra\n|-damage|p1b: Goodra|62\/100\n|move|p1b: Goodra|Acid Spray|p2b: Iron Hands\n|-crit|p2b: Iron Hands\n|-damage|p2b: Iron Hands|55\/100\n|-unboost|p2b: Iron Hands|spd|2\n|\n|-heal|p1b: Goodra|68\/100|[from] item: Leftovers\n|-sideend|p1: Toti96|move: Tailwind\n|upkeep\n|turn|5\n|\n|t:|1700185544\n|move|p2b: Iron Hands|Drain Punch|p1b: Goodra\n|-damage|p1b: Goodra|39\/100\n|-heal|p2b: Iron Hands|65\/100|[from] drain|[of] p1b: Goodra\n|move|p2a: Sinistcha|Shadow Ball|p1b: Goodra\n|-damage|p1b: Goodra|13\/100\n|-unboost|p1b: Goodra|spd|1\n|move|p1b: Goodra|Scald|p2b: Iron Hands\n|-damage|p2b: Iron Hands|48\/100\n|-status|p2b: Iron Hands|brn\n|\n|-heal|p1b: Goodra|19\/100|[from] item: Leftovers\n|-damage|p2b: Iron Hands|42\/100 brn|[from] brn\n|upkeep\n|turn|6\n|\n|t:|1700185564\n|move|p2b: Iron Hands|Drain Punch|p1b: Goodra\n|-damage|p1b: Goodra|5\/100\n|-heal|p2b: Iron Hands|47\/100 brn|[from] drain|[of] p1b: Goodra\n|move|p2a: Sinistcha|Shadow Ball|p1b: Goodra\n|-damage|p1b: Goodra|0 fnt\n|faint|p1b: Goodra\n|\n|win|Conchoboar3\n|raw|Toti96's rating: 1265 &rarr; <strong>1239<\/strong><br \/>(-26 for losing)\n|raw|Conchoboar3's rating: 1247 &rarr; <strong>1273<\/strong><br \/>(+26 for winning)\n|l|\u2606Toti96\n","uploadtime":1700185575,"views":12,"p1id":"toti96","p2id":"conchoboar3","formatid":"gen9vgc2023regulatione","rating":1239,"private":0,"password":""}