{"id":"gen9vgc2023regulatione-1999586973","p1":"MetaSeeker","p2":"vlova","format":"[Gen 9] VGC 2023 Regulation E","log":"|j|\u2606MetaSeeker\n|j|\u2606vlova\n|t:|1701098791\n|gametype|doubles\n|player|p1|MetaSeeker|nemona-s|1174\n|player|p2|vlova|parasollady-gen4|1098\n|teamsize|p1|6\n|teamsize|p2|6\n|gen|9\n|tier|[Gen 9] VGC 2023 Regulation E\n|rated|\n|rule|Species Clause: Limit one of each Pok\u00e9mon\n|rule|Item Clause: Limit one of each item\n|clearpoke\n|poke|p1|Landorus-Therian, L50, M|\n|poke|p1|Tornadus, L50, M|\n|poke|p1|Arcanine-Hisui, L50, M|\n|poke|p1|Urshifu-*, L50, M|\n|poke|p1|Chien-Pao, L50|\n|poke|p1|Rillaboom, L50, M|\n|poke|p2|Politoed, L50, F|\n|poke|p2|Iron Bundle, L50|\n|poke|p2|Urshifu-*, L50, F|\n|poke|p2|Regieleki, L50|\n|poke|p2|Enamorus, L50, F|\n|poke|p2|Articuno-Galar, L50|\n|teampreview|4\nMetaSeeker has agreed to open team sheets.\n|inactive|Battle timer is ON: inactive players will automatically lose when time's up. (requested by vlova)\n|j| Shin the yurei\n|inactive|vlova has 60 seconds left.\n|inactive|vlova has 30 seconds left.\n|inactive|vlova has 20 seconds left.\n|\n|t:|1701098869\n|start\n|switch|p1a: Tornadus|Tornadus, L50, M|100\/100\n|switch|p1b: Rillaboom|Rillaboom, L50, M|100\/100\n|switch|p2a: Articuno|Articuno-Galar, L50|100\/100\n|switch|p2b: Iron Bundle|Iron Bundle, L50|100\/100\n|-fieldstart|move: Grassy Terrain|[from] ability: Grassy Surge|[of] p1b: Rillaboom\n|-enditem|p2b: Iron Bundle|Booster Energy\n|-activate|p2b: Iron Bundle|ability: Quark Drive|[fromitem]\n|-start|p2b: Iron Bundle|quarkdrivespe\n|turn|1\n|\n|t:|1701098885\n|move|p1b: Rillaboom|Fake Out|p2b: Iron Bundle\n|-damage|p2b: Iron Bundle|86\/100\n|move|p1a: Tornadus|Tailwind|p1a: Tornadus\n|-sidestart|p1: MetaSeeker|move: Tailwind\n|cant|p2b: Iron Bundle|flinch\n|move|p2a: Articuno|Calm Mind|p2a: Articuno\n|-boost|p2a: Articuno|spa|1\n|-boost|p2a: Articuno|spd|1\n|\n|-heal|p2b: Iron Bundle|92\/100|[from] Grassy Terrain\n|upkeep\n|turn|2\n|\n|t:|1701098899\n|move|p1a: Tornadus|Bleakwind Storm|p2a: Articuno|[spread] p2a\n|-miss|p1a: Tornadus|p2b: Iron Bundle\n|-damage|p2a: Articuno|83\/100\n|move|p2b: Iron Bundle|Icy Wind|p1b: Rillaboom|[spread] p1a,p1b\n|-supereffective|p1a: Tornadus\n|-supereffective|p1b: Rillaboom\n|-damage|p1a: Tornadus|59\/100\n|-damage|p1b: Rillaboom|72\/100\n|-unboost|p1b: Rillaboom|spe|1\n|move|p1b: Rillaboom|Wood Hammer|p2b: Iron Bundle\n|-supereffective|p2b: Iron Bundle\n|-damage|p2b: Iron Bundle|0 fnt\n|faint|p2b: Iron Bundle\n|-end|p2b: Iron Bundle|Quark Drive|[silent]\n|-damage|p1b: Rillaboom|48\/100|[from] Recoil\n|move|p2a: Articuno|Calm Mind|p2a: Articuno\n|-boost|p2a: Articuno|spa|1\n|-boost|p2a: Articuno|spd|1\n|\n|-heal|p1b: Rillaboom|54\/100|[from] Grassy Terrain\n|-heal|p2a: Articuno|89\/100|[from] item: Leftovers\n|upkeep\n|inactive|vlova has 30 seconds left.\n|inactive|vlova has 20 seconds left.\n|\n|t:|1701098936\n|switch|p2b: Urshifu|Urshifu, L50, F|100\/100\n|turn|3\n|\n|t:|1701098959\n|switch|p1a: Landorus|Landorus-Therian, L50, M|100\/100\n|-ability|p1a: Landorus|Intimidate|boost\n|-unboost|p2a: Articuno|atk|1\n|-ability|p2a: Articuno|Competitive|boost\n|-boost|p2a: Articuno|spa|2\n|-unboost|p2b: Urshifu|atk|1\n|move|p1b: Rillaboom|Wood Hammer|p2b: Urshifu\n|-damage|p2b: Urshifu|28\/100\n|-damage|p1b: Rillaboom|30\/100|[from] Recoil\n|move|p2b: Urshifu|Wicked Blow|p1a: Landorus\n|-crit|p1a: Landorus\n|-damage|p1a: Landorus|27\/100\n|move|p2a: Articuno|Freezing Glare|p1b: Rillaboom\n|-damage|p1b: Rillaboom|0 fnt\n|faint|p1b: Rillaboom\n|\n|-heal|p2b: Urshifu|34\/100|[from] Grassy Terrain\n|-heal|p2a: Articuno|95\/100|[from] item: Leftovers\n|upkeep\n|\n|t:|1701098972\n|switch|p1b: Chien-Pao|Chien-Pao, L50|100\/100\n|-ability|p1b: Chien-Pao|Sword of Ruin\n|turn|4\n|inactive|vlova has 30 seconds left.\n|inactive|vlova has 20 seconds left.\n|inactive|vlova has 15 seconds left.\n|\n|t:|1701099017\n|-terastallize|p1a: Landorus|Flying\n|move|p2a: Articuno|Protect|p2a: Articuno\n|-singleturn|p2a: Articuno|Protect\n|move|p2b: Urshifu|Sucker Punch|p1b: Chien-Pao\n|-resisted|p1b: Chien-Pao\n|-crit|p1b: Chien-Pao\n|-damage|p1b: Chien-Pao|62\/100\n|move|p1b: Chien-Pao|Icicle Crash|p2b: Urshifu\n|-damage|p2b: Urshifu|0 fnt\n|faint|p2b: Urshifu\n|move|p1a: Landorus|Tera Blast|p2a: Articuno|[anim] Tera Blast Flying\n|-activate|p2a: Articuno|move: Protect\n|\n|-heal|p1b: Chien-Pao|68\/100|[from] Grassy Terrain\n|-heal|p2a: Articuno|100\/100|[from] item: Leftovers\n|-sideend|p1: MetaSeeker|move: Tailwind\n|upkeep\n|\n|t:|1701099031\n|switch|p2b: Politoed|Politoed, L50, F|100\/100\n|-weather|RainDance|[from] ability: Drizzle|[of] p2b: Politoed\n|turn|5\n|inactive|vlova has 30 seconds left.\n|\n|t:|1701099057\n|-terastallize|p2a: Articuno|Psychic\n|move|p1b: Chien-Pao|Icicle Crash|p2a: Articuno\n|-damage|p2a: Articuno|56\/100\n|move|p1a: Landorus|Tera Blast|p2b: Politoed|[anim] Tera Blast Flying\n|-crit|p2b: Politoed\n|-damage|p2b: Politoed|0 fnt\n|faint|p2b: Politoed\n|move|p2a: Articuno|Freezing Glare|p1a: Landorus\n|-damage|p1a: Landorus|0 fnt\n|faint|p1a: Landorus\n|\n|-weather|RainDance|[upkeep]\n|-heal|p1b: Chien-Pao|73\/100|[from] Grassy Terrain\n|-heal|p2a: Articuno|62\/100|[from] Grassy Terrain\n|-heal|p2a: Articuno|68\/100|[from] item: Leftovers\n|-fieldend|move: Grassy Terrain\n|upkeep\n|\n|t:|1701099067\n|switch|p1a: Tornadus|Tornadus, L50, M|59\/100\n|turn|6\n|c|\u2606MetaSeeker|gg\n|inactive|vlova has 30 seconds left.\n|inactive|vlova has 20 seconds left.\n|inactive|vlova has 15 seconds left.\n|inactive|vlova has 10 seconds left.\n|\n|t:|1701099113\n|move|p2a: Articuno|Protect|p2a: Articuno\n|-singleturn|p2a: Articuno|Protect\n|move|p1b: Chien-Pao|Crunch|p2a: Articuno\n|-activate|p2a: Articuno|move: Protect\n|move|p1a: Tornadus|Bleakwind Storm|p2a: Articuno\n|-activate|p2a: Articuno|move: Protect\n|\n|-weather|RainDance|[upkeep]\n|-heal|p2a: Articuno|74\/100|[from] item: Leftovers\n|upkeep\n|turn|7\n|\n|t:|1701099131\n|move|p1b: Chien-Pao|Crunch|p2a: Articuno\n|-supereffective|p2a: Articuno\n|-damage|p2a: Articuno|0 fnt\n|faint|p2a: Articuno\n|\n|win|MetaSeeker\n|raw|MetaSeeker's rating: 1174 &rarr; <strong>1194<\/strong><br \/>(+20 for winning)\n|raw|vlova's rating: 1098 &rarr; <strong>1079<\/strong><br \/>(-19 for losing)\n|c|\u2606MetaSeeker|gg\n","uploadtime":1701099138,"views":5,"p1id":"metaseeker","p2id":"vlova","formatid":"gen9vgc2023regulatione","rating":1079,"private":0,"password":""}