{"id":"gen9vgc2023regulatione-1996839450","p1":"tortwig","p2":"Bulba9933","format":"[Gen 9] VGC 2023 Regulation E","log":"|j|\u2606tortwig\n|j|\u2606Bulba9933\n|t:|1700733576\n|gametype|doubles\n|player|p1|tortwig|steven-masters3|1169\n|player|p2|Bulba9933|erika|1179\n|teamsize|p1|6\n|teamsize|p2|6\n|gen|9\n|tier|[Gen 9] VGC 2023 Regulation E\n|rated|\n|rule|Species Clause: Limit one of each Pok\u00e9mon\n|rule|Item Clause: Limit one of each item\n|clearpoke\n|poke|p1|Moltres-Galar, L50|\n|poke|p1|Sinistcha-Masterpiece, L50|\n|poke|p1|Ninetales-Alola, L50, F|\n|poke|p1|Landorus-Therian, L50, M|\n|poke|p1|Iron Hands, L50|\n|poke|p1|Heatran, L50, F|\n|poke|p2|Politoed, L50, M|\n|poke|p2|Gothitelle, L50, F|\n|poke|p2|Flutter Mane, L50|\n|poke|p2|Amoonguss, L50, M|\n|poke|p2|Kingambit, L50, M|\n|poke|p2|Salamence, L50, M|\n|teampreview|4\n|inactive|Battle timer is ON: inactive players will automatically lose when time's up. (requested by tortwig)\n|inactive|tortwig has 60 seconds left.\n|inactive|tortwig has 30 seconds left.\n|inactive|tortwig has 20 seconds left.\n|inactive|tortwig has 15 seconds left.\n|inactive|tortwig has 10 seconds left.\n|inactive|tortwig has 5 seconds left.\n|\n|t:|1700733667\n|start\n|switch|p1a: Moltres|Moltres-Galar, L50|100\/100\n|switch|p1b: Sinistcha|Sinistcha-Masterpiece, L50|100\/100\n|switch|p2a: Politoed|Politoed, L50, M, shiny|100\/100\n|switch|p2b: Kingambit|Kingambit, L50, M, shiny|100\/100\n|-weather|RainDance|[from] ability: Drizzle|[of] p2a: Politoed\n|turn|1\n|inactive|tortwig has 30 seconds left.\n|inactive|tortwig has 20 seconds left.\n|inactive|tortwig has 15 seconds left.\n|inactive|tortwig has 10 seconds left.\n|inactive|tortwig has 5 seconds left.\n|\n|t:|1700733722\n|switch|p2a: Amoonguss|Amoonguss, L50, M, shiny|100\/100\n|move|p1a: Moltres|Fiery Wrath|p2a: Amoonguss|[spread] p2a,p2b\n|-crit|p2a: Amoonguss\n|-resisted|p2b: Kingambit\n|-damage|p2a: Amoonguss|68\/100\n|-damage|p2b: Kingambit|88\/100\n|move|p1b: Sinistcha|Matcha Gotcha|p2b: Kingambit|[spread] p2b\n|-miss|p1b: Sinistcha|p2a: Amoonguss\n|-resisted|p2b: Kingambit\n|-damage|p2b: Kingambit|75\/100\n|cant|p2b: Kingambit|flinch\n|\n|-weather|RainDance|[upkeep]\n|upkeep\n|turn|2\n|inactive|tortwig has 30 seconds left.\n|inactive|tortwig has 20 seconds left.\n|inactive|tortwig has 15 seconds left.\n|inactive|tortwig has 10 seconds left.\n|inactive|tortwig has 5 seconds left.\n|\n|t:|1700733777\n|move|p1a: Moltres|Fiery Wrath|p2b: Kingambit|[spread] p2a,p2b\n|-resisted|p2b: Kingambit\n|-damage|p2a: Amoonguss|49\/100\n|-damage|p2b: Kingambit|62\/100\n|move|p1b: Sinistcha|Matcha Gotcha|p2b: Kingambit|[spread] p2a,p2b\n|-resisted|p2a: Amoonguss\n|-resisted|p2b: Kingambit\n|-damage|p2a: Amoonguss|44\/100\n|-damage|p2b: Kingambit|47\/100\n|move|p2b: Kingambit|Swords Dance|p2b: Kingambit\n|-boost|p2b: Kingambit|atk|2\n|move|p2a: Amoonguss|Spore|p1a: Moltres\n|-status|p1a: Moltres|slp|[from] move: Spore\n|\n|-weather|RainDance|[upkeep]\n|upkeep\n|turn|3\n|\n|t:|1700733801\n|switch|p1b: Ninetales|Ninetales-Alola, L50, F|100\/100\n|-weather|Snow|[from] ability: Snow Warning|[of] p1b: Ninetales\n|cant|p1a: Moltres|slp\n|move|p2b: Kingambit|Kowtow Cleave|p1b: Ninetales\n|-resisted|p1b: Ninetales\n|-damage|p1b: Ninetales|52\/100\n|move|p2a: Amoonguss|Pollen Puff|p2b: Kingambit\n|-heal|p2b: Kingambit|97\/100\n|\n|-weather|Snow|[upkeep]\n|upkeep\n|turn|4\n|\n|t:|1700733822\n|-terastallize|p1b: Ninetales|Water\n|move|p1b: Ninetales|Aurora Veil|p1b: Ninetales\n|-sidestart|p1: tortwig|move: Aurora Veil\n|-curestatus|p1a: Moltres|slp|[msg]\n|move|p1a: Moltres|Nasty Plot|p1a: Moltres\n|-boost|p1a: Moltres|spa|2\n|move|p2b: Kingambit|Swords Dance|p2b: Kingambit\n|-boost|p2b: Kingambit|atk|2\n|move|p2a: Amoonguss|Spore|p1b: Ninetales\n|-status|p1b: Ninetales|slp|[from] move: Spore\n|\n|-weather|Snow|[upkeep]\n|upkeep\n|turn|5\n|inactive|tortwig has 30 seconds left.\n|inactive|tortwig has 20 seconds left.\n|inactive|tortwig has 15 seconds left.\n|inactive|tortwig has 10 seconds left.\n|\n|t:|1700733869\n|cant|p1b: Ninetales|slp\n|move|p1a: Moltres|Air Slash|p2b: Kingambit\n|-resisted|p2b: Kingambit\n|-damage|p2b: Kingambit|67\/100\n|cant|p2b: Kingambit|flinch\n|move|p2a: Amoonguss|Spore|p1a: Moltres\n|-status|p1a: Moltres|slp|[from] move: Spore\n|\n|-weather|Snow|[upkeep]\n|upkeep\n|turn|6\n|\n|t:|1700733892\n|switch|p2a: Gothitelle|Gothitelle, L50, F, shiny|100\/100\n|cant|p1b: Ninetales|slp\n|cant|p1a: Moltres|slp\n|move|p2b: Kingambit|Kowtow Cleave|p1b: Ninetales\n|-damage|p1b: Ninetales|0 fnt\n|faint|p1b: Ninetales\n|\n|-weather|Snow|[upkeep]\n|upkeep\n|inactive|tortwig has 30 seconds left.\n|\n|t:|1700733919\n|switch|p1b: Sinistcha|Sinistcha-Masterpiece, L50|100\/100\n|turn|7\n|\n|t:|1700733936\n|move|p2a: Gothitelle|Fake Out|p1a: Moltres\n|-damage|p1a: Moltres|97\/100 slp\n|cant|p1a: Moltres|slp\n|move|p1b: Sinistcha|Matcha Gotcha|p2a: Gothitelle|[spread] p2a\n|-miss|p1b: Sinistcha|p2b: Kingambit\n|-damage|p2a: Gothitelle|78\/100\n|move|p2b: Kingambit|Kowtow Cleave|p1a: Moltres\n|-resisted|p1a: Moltres\n|-damage|p1a: Moltres|45\/100 slp\n|-ability|p1a: Moltres|Berserk|boost\n|-boost|p1a: Moltres|spa|1\n|-enditem|p1a: Moltres|Sitrus Berry|[eat]\n|-heal|p1a: Moltres|70\/100 slp|[from] item: Sitrus Berry\n|\n|-weather|none\n|upkeep\n|turn|8\n|\n|t:|1700733956\n|move|p2b: Kingambit|Protect|p2b: Kingambit\n|-singleturn|p2b: Kingambit|Protect\n|-curestatus|p1a: Moltres|slp|[msg]\n|move|p1a: Moltres|Fiery Wrath|p2a: Gothitelle|[spread] p2a\n|-activate|p2b: Kingambit|move: Protect\n|-supereffective|p2a: Gothitelle\n|-crit|p2a: Gothitelle\n|-damage|p2a: Gothitelle|0 fnt\n|faint|p2a: Gothitelle\n|move|p1b: Sinistcha|Matcha Gotcha|p2b: Kingambit\n|-activate|p2b: Kingambit|move: Protect\n|\n|upkeep\n|\n|t:|1700733970\n|switch|p2a: Politoed|Politoed, L50, M, shiny|100\/100\n|-weather|RainDance|[from] ability: Drizzle|[of] p2a: Politoed\n|turn|9\n|\n|t:|1700733989\n|-terastallize|p2a: Politoed|Grass\n|move|p2b: Kingambit|Sucker Punch|p1b: Sinistcha\n|-supereffective|p1b: Sinistcha\n|-damage|p1b: Sinistcha|0 fnt\n|-damage|p2b: Kingambit|50\/100|[from] item: Rocky Helmet|[of] p1b: Sinistcha\n|faint|p1b: Sinistcha\n|move|p1a: Moltres|Air Slash|p2b: Kingambit\n|-resisted|p2b: Kingambit\n|-damage|p2b: Kingambit|11\/100\n|move|p2a: Politoed|Perish Song|p2a: Politoed\n|-start|p1a: Moltres|perish3|[silent]\n|-start|p2a: Politoed|perish3|[silent]\n|-start|p2b: Kingambit|perish3|[silent]\n|-fieldactivate|move: Perish Song\n|\n|-weather|RainDance|[upkeep]\n|-start|p1a: Moltres|perish3\n|-start|p2a: Politoed|perish3\n|-start|p2b: Kingambit|perish3\n|upkeep\n|\n|t:|1700733994\n|switch|p1b: Landorus|Landorus-Therian, L50, M|100\/100\n|-ability|p1b: Landorus|Intimidate|boost\n|-unboost|p2a: Politoed|atk|1\n|-unboost|p2b: Kingambit|atk|1\n|-ability|p2b: Kingambit|Defiant|boost\n|-boost|p2b: Kingambit|atk|2\n|turn|10\n|\n|t:|1700734013\n|move|p2a: Politoed|Protect|p2a: Politoed\n|-singleturn|p2a: Politoed|Protect\n|move|p2b: Kingambit|Sucker Punch|p1b: Landorus\n|-damage|p1b: Landorus|0 fnt\n|faint|p1b: Landorus\n|move|p1a: Moltres|Fiery Wrath|p2b: Kingambit|[spread] p2b\n|-activate|p2a: Politoed|move: Protect\n|-resisted|p2b: Kingambit\n|-damage|p2b: Kingambit|0 fnt\n|faint|p2b: Kingambit\n|\n|-weather|RainDance|[upkeep]\n|-start|p1a: Moltres|perish2\n|-start|p2a: Politoed|perish2\n|upkeep\n|\n|t:|1700734026\n|switch|p2b: Amoonguss|Amoonguss, L50, M, shiny|77\/100\n|turn|11\n|\n|t:|1700734044\n|move|p2b: Amoonguss|Protect|p2b: Amoonguss\n|-singleturn|p2b: Amoonguss|Protect\n|move|p1a: Moltres|Air Slash|p2b: Amoonguss\n|-activate|p2b: Amoonguss|move: Protect\n|move|p2a: Politoed|Weather Ball|p1a: Moltres\n|-damage|p1a: Moltres|46\/100\n|-ability|p1a: Moltres|Berserk|boost\n|-boost|p1a: Moltres|spa|1\n|\n|-weather|RainDance|[upkeep]\n|-start|p1a: Moltres|perish1\n|-start|p2a: Politoed|perish1\n|-sideend|p1: tortwig|move: Aurora Veil\n|upkeep\n|turn|12\n|\n|t:|1700734061\n|move|p2a: Politoed|Protect|p2a: Politoed\n|-singleturn|p2a: Politoed|Protect\n|move|p1a: Moltres|Fiery Wrath|p2a: Politoed|[spread] p2b\n|-activate|p2a: Politoed|move: Protect\n|-damage|p2b: Amoonguss|16\/100\n|move|p2b: Amoonguss|Spore|p1a: Moltres\n|-status|p1a: Moltres|slp|[from] move: Spore\n|\n|-weather|RainDance|[upkeep]\n|-start|p1a: Moltres|perish0\n|-start|p2a: Politoed|perish0\n|faint|p1a: Moltres\n|faint|p2a: Politoed\n|\n|win|Bulba9933\n|upkeep\n|raw|tortwig's rating: 1169 &rarr; <strong>1145<\/strong><br \/>(-24 for losing)\n|raw|Bulba9933's rating: 1179 &rarr; <strong>1203<\/strong><br \/>(+24 for winning)\n|l|\u2606tortwig\n","uploadtime":1700734074,"views":8,"p1id":"tortwig","p2id":"bulba9933","formatid":"gen9vgc2023regulatione","rating":1145,"private":0,"password":""}