{"id":"gen9vgc2023regulatione-1994109679","p1":"quevedoconelinton","p2":"CharlienoB","format":"[Gen 9] VGC 2023 Regulation E","log":"|j|\u2606quevedoconelinton\n|j|\u2606CharlienoB\n|t:|1700407992\n|gametype|doubles\n|player|p1|quevedoconelinton|psychic-gen4|1276\n|player|p2|CharlienoB|101|1247\n|teamsize|p1|6\n|teamsize|p2|6\n|gen|9\n|tier|[Gen 9] VGC 2023 Regulation E\n|rated|\n|rule|Species Clause: Limit one of each Pok\u00e9mon\n|rule|Item Clause: Limit one of each item\n|clearpoke\n|poke|p1|Tornadus, L50, M|\n|poke|p1|Rillaboom, L50, M|\n|poke|p1|Ogerpon-Hearthflame, L50, F|\n|poke|p1|Flutter Mane, L50|\n|poke|p1|Chien-Pao, L50|\n|poke|p1|Dragonite, L50, M|\n|poke|p2|Amoonguss, L50, F|\n|poke|p2|Arcanine-Hisui, L50, M|\n|poke|p2|Iron Bundle, L50|\n|poke|p2|Kingambit, L50, M|\n|poke|p2|Hypno, L50, M|\n|poke|p2|Gholdengo, L50|\n|teampreview|4\n|\n|t:|1700408004\n|start\n|switch|p1a: Ogerpon|Ogerpon-Hearthflame, L50, F|100\/100\n|switch|p1b: Tornadus|Tornadus, L50, M, shiny|100\/100\n|switch|p2a: Hypno|Hypno, L50, M|100\/100\n|switch|p2b: Amoonguss|Amoonguss, L50, F|100\/100\n|-ability|p1a: Ogerpon|Mold Breaker\n|turn|1\n|inactive|Battle timer is ON: inactive players will automatically lose when time's up. (requested by CharlienoB)\n|\n|t:|1700408019\n|-terastallize|p2b: Amoonguss|Water\n|move|p2b: Amoonguss|Rage Powder|p2b: Amoonguss\n|-singleturn|p2b: Amoonguss|move: Rage Powder\n|move|p1b: Tornadus|Tailwind|p1b: Tornadus\n|-sidestart|p1: quevedoconelinton|move: Tailwind\n|move|p1a: Ogerpon|Ivy Cudgel|p2b: Amoonguss|[anim] Ivy Cudgel Fire\n|-resisted|p2b: Amoonguss\n|-damage|p2b: Amoonguss|74\/100\n|move|p2a: Hypno|Trick Room|p2a: Hypno\n|-fieldstart|move: Trick Room|[of] p2a: Hypno\n|\n|upkeep\n|turn|2\n|\n|t:|1700408037\n|move|p1b: Tornadus|Sunny Day|p1b: Tornadus\n|-weather|SunnyDay\n|move|p2b: Amoonguss|Spore|p1b: Tornadus\n|-status|p1b: Tornadus|slp|[from] move: Spore\n|move|p2a: Hypno|Disable|p1a: Ogerpon\n|-start|p1a: Ogerpon|Disable|Ivy Cudgel\n|move|p1a: Ogerpon|Wood Hammer|p2b: Amoonguss\n|-supereffective|p2b: Amoonguss\n|-damage|p2b: Amoonguss|0 fnt\n|-damage|p1a: Ogerpon|84\/100|[from] item: Rocky Helmet|[of] p2b: Amoonguss\n|faint|p2b: Amoonguss\n|-damage|p1a: Ogerpon|51\/100|[from] Recoil\n|\n|-weather|SunnyDay|[upkeep]\n|upkeep\n|\n|t:|1700408054\n|switch|p2b: Kingambit|Kingambit, L50, M|100\/100\n|turn|3\n|\n|t:|1700408068\n|move|p2b: Kingambit|Swords Dance|p2b: Kingambit\n|-boost|p2b: Kingambit|atk|2\n|move|p2a: Hypno|Encore|p1a: Ogerpon\n|-start|p1a: Ogerpon|Encore\n|cant|p1b: Tornadus|slp\n|move|p1a: Ogerpon|Wood Hammer|p2a: Hypno\n|-damage|p2a: Hypno|34\/100\n|-damage|p1a: Ogerpon|24\/100|[from] Recoil\n|\n|-weather|SunnyDay|[upkeep]\n|upkeep\n|turn|4\n|\n|t:|1700408080\n|move|p2b: Kingambit|Kowtow Cleave|p1b: Tornadus\n|-damage|p1b: Tornadus|0 fnt\n|faint|p1b: Tornadus\n|move|p2a: Hypno|Foul Play|p1a: Ogerpon\n|-crit|p1a: Ogerpon\n|-damage|p1a: Ogerpon|0 fnt\n|faint|p1a: Ogerpon\n|\n|-weather|SunnyDay|[upkeep]\n|-sideend|p1: quevedoconelinton|move: Tailwind\n|upkeep\n|\n|t:|1700408089\n|switch|p1b: Dragonite|Dragonite, L50, M, shiny|100\/100\n|switch|p1a: Chien-Pao|Chien-Pao, L50|100\/100\n|-ability|p1a: Chien-Pao|Sword of Ruin\n|turn|5\n|\n|t:|1700408107\n|-terastallize|p1b: Dragonite|Normal\n|move|p2b: Kingambit|Protect|p2b: Kingambit\n|-singleturn|p2b: Kingambit|Protect\n|move|p1b: Dragonite|Extreme Speed|p2b: Kingambit\n|-activate|p2b: Kingambit|move: Protect\n|move|p1a: Chien-Pao|Sucker Punch||[still]\n|-fail|p1a: Chien-Pao\n|move|p2a: Hypno|Encore|p1a: Chien-Pao\n|-start|p1a: Chien-Pao|Encore\n|\n|-weather|SunnyDay|[upkeep]\n|-fieldend|move: Trick Room\n|upkeep\n|turn|6\n|\n|t:|1700408122\n|move|p1b: Dragonite|Extreme Speed|p2b: Kingambit\n|-resisted|p2b: Kingambit\n|-damage|p2b: Kingambit|72\/100\n|move|p1a: Chien-Pao|Sucker Punch||[still]\n|-fail|p1a: Chien-Pao\n|move|p2b: Kingambit|Sucker Punch||[still]\n|-fail|p2b: Kingambit\n|move|p2a: Hypno|Disable|p1a: Chien-Pao\n|-start|p1a: Chien-Pao|Disable|Sucker Punch\n|\n|-weather|none\n|upkeep\n|turn|7\n|\n|t:|1700408139\n|move|p1b: Dragonite|Extreme Speed|p2a: Hypno\n|-damage|p2a: Hypno|0 fnt\n|faint|p2a: Hypno\n|-activate|p1a: Chien-Pao|move: Struggle\n|move|p1a: Chien-Pao|Struggle|p2b: Kingambit\n|-damage|p2b: Kingambit|56\/100\n|-damage|p1a: Chien-Pao|75\/100|[from] recoil\n|move|p2b: Kingambit|Kowtow Cleave|p1b: Dragonite\n|-damage|p1b: Dragonite|0 fnt\n|faint|p1b: Dragonite\n|\n|upkeep\n|\n|t:|1700408143\n|switch|p2a: Gholdengo|Gholdengo, L50|100\/100\n|turn|8\n|\n|t:|1700408155\n|-activate|p1a: Chien-Pao|move: Struggle\n|move|p1a: Chien-Pao|Struggle|p2b: Kingambit\n|-damage|p2b: Kingambit|40\/100\n|-damage|p1a: Chien-Pao|50\/100|[from] recoil\n|move|p2a: Gholdengo|Nasty Plot|p2a: Gholdengo\n|-boost|p2a: Gholdengo|spa|2\n|move|p2b: Kingambit|Kowtow Cleave|p1a: Chien-Pao\n|-resisted|p1a: Chien-Pao\n|-damage|p1a: Chien-Pao|0 fnt\n|faint|p1a: Chien-Pao\n|\n|win|CharlienoB\n|raw|quevedoconelinton's rating: 1276 &rarr; <strong>1249<\/strong><br \/>(-27 for losing)\n|raw|CharlienoB's rating: 1247 &rarr; <strong>1274<\/strong><br \/>(+27 for winning)\n|l|\u2606quevedoconelinton\n","uploadtime":1700408166,"views":13,"p1id":"quevedoconelinton","p2id":"charlienob","formatid":"gen9vgc2023regulatione","rating":1249,"private":0,"password":""}