{"id":"gen9vgc2023regulatione-1996355543","p1":"mockduck","p2":"Jungle211","format":"[Gen 9] VGC 2023 Regulation E","log":"|j|\u2606mockduck\n|j|\u2606Jungle211\n|t:|1700674173\n|gametype|doubles\n|player|p1|mockduck|gambler|1360\n|player|p2|Jungle211|burglar|1328\n|teamsize|p1|6\n|teamsize|p2|6\n|gen|9\n|tier|[Gen 9] VGC 2023 Regulation E\n|rated|\n|rule|Species Clause: Limit one of each Pok\u00e9mon\n|rule|Item Clause: Limit one of each item\n|clearpoke\n|poke|p1|Chi-Yu, L50|\n|poke|p1|Flutter Mane, L50|\n|poke|p1|Iron Hands, L50|\n|poke|p1|Tornadus, L50, M|\n|poke|p1|Landorus-Therian, L50, M|\n|poke|p1|Ogerpon-Wellspring, L50, F|\n|poke|p2|Chi-Yu, L50|\n|poke|p2|Ogerpon-Wellspring, L50, F|\n|poke|p2|Orthworm, L50, M|\n|poke|p2|Ursaluna, L50, F|\n|poke|p2|Indeedee-F, L50, F|\n|poke|p2|Zapdos, L50|\n|teampreview|4\n|\n|t:|1700674181\n|start\n|switch|p1a: Tornadus|Tornadus, L50, M|100\/100\n|switch|p1b: Flutter Mane|Flutter Mane, L50|100\/100\n|switch|p2a: Indeedee|Indeedee-F, L50, F|100\/100\n|switch|p2b: Ogerpon|Ogerpon-Wellspring, L50, F|100\/100\n|-fieldstart|move: Psychic Terrain|[from] ability: Psychic Surge|[of] p2a: Indeedee\n|-enditem|p2a: Indeedee|Psychic Seed\n|-boost|p2a: Indeedee|spd|1|[from] item: Psychic Seed\n|-enditem|p1b: Flutter Mane|Booster Energy\n|-activate|p1b: Flutter Mane|ability: Protosynthesis|[fromitem]\n|-start|p1b: Flutter Mane|protosynthesisspa\n|turn|1\n|inactive|Battle timer is ON: inactive players will automatically lose when time's up. (requested by mockduck)\n|\n|t:|1700674201\n|-terastallize|p2b: Ogerpon|Water\n|detailschange|p2b: Ogerpon|Ogerpon-Wellspring-Tera, L50, F, tera:Water\n|-ability|p2b: Ogerpon|Embody Aspect (Wellspring)|boost\n|-boost|p2b: Ogerpon|spd|1\n|move|p1b: Flutter Mane|Dazzling Gleam|p2a: Indeedee|[spread] p2a,p2b\n|-damage|p2a: Indeedee|72\/100\n|-damage|p2b: Ogerpon|70\/100\n|move|p1a: Tornadus|Bleakwind Storm|p2b: Ogerpon|[spread] p2a,p2b\n|-damage|p2a: Indeedee|49\/100\n|-damage|p2b: Ogerpon|44\/100\n|-unboost|p2b: Ogerpon|spe|1\n|move|p2b: Ogerpon|Ivy Cudgel|p1b: Flutter Mane|[anim] Ivy Cudgel Water\n|-damage|p1b: Flutter Mane|0 fnt\n|faint|p1b: Flutter Mane\n|-end|p1b: Flutter Mane|Protosynthesis|[silent]\n|move|p2a: Indeedee|Trick Room|p2a: Indeedee\n|-fieldstart|move: Trick Room|[of] p2a: Indeedee\n|\n|upkeep\n|\n|t:|1700674211\n|switch|p1b: Iron Hands|Iron Hands, L50|100\/100\n|turn|2\n|\n|t:|1700674226\n|switch|p2b: Ursaluna|Ursaluna, L50, F, shiny|100\/100\n|move|p1a: Tornadus|Sunny Day|p1a: Tornadus\n|-weather|SunnyDay\n|move|p1b: Iron Hands|Drain Punch|p2a: Indeedee\n|-damage|p2a: Indeedee|0 fnt\n|faint|p2a: Indeedee\n|\n|-weather|SunnyDay|[upkeep]\n|-status|p2b: Ursaluna|brn|[from] item: Flame Orb\n|upkeep\n|\n|t:|1700674237\n|switch|p2a: Orthworm|Orthworm, L50, M|100\/100\n|turn|3\n|\n|t:|1700674252\n|-terastallize|p1b: Iron Hands|Grass\n|move|p2b: Ursaluna|Facade|p1a: Tornadus\n|-enditem|p1a: Tornadus|Focus Sash\n|-damage|p1a: Tornadus|1\/100\n|move|p1b: Iron Hands|Drain Punch|p2a: Orthworm\n|-supereffective|p2a: Orthworm\n|-damage|p2a: Orthworm|39\/100\n|move|p2a: Orthworm|Iron Defense|p2a: Orthworm\n|-boost|p2a: Orthworm|def|2\n|move|p1a: Tornadus|Bleakwind Storm|p2a: Orthworm|[spread] p2a\n|-miss|p1a: Tornadus|p2b: Ursaluna\n|-resisted|p2a: Orthworm\n|-damage|p2a: Orthworm|18\/100\n|\n|-weather|SunnyDay|[upkeep]\n|-heal|p2a: Orthworm|24\/100|[from] item: Leftovers\n|-damage|p2b: Ursaluna|94\/100 brn|[from] brn\n|upkeep\n|turn|4\n|\n|t:|1700674275\n|move|p1a: Tornadus|Protect|p1a: Tornadus\n|-singleturn|p1a: Tornadus|Protect\n|move|p2b: Ursaluna|Facade|p1b: Iron Hands\n|-damage|p1b: Iron Hands|9\/100\n|move|p1b: Iron Hands|Drain Punch|p2b: Ursaluna\n|-supereffective|p2b: Ursaluna\n|-damage|p2b: Ursaluna|34\/100 brn\n|-heal|p1b: Iron Hands|36\/100|[from] drain|[of] p2b: Ursaluna\n|move|p2a: Orthworm|Body Press|p1b: Iron Hands\n|-damage|p1b: Iron Hands|0 fnt\n|faint|p1b: Iron Hands\n|-end|p1b: Iron Hands|Quark Drive|[silent]\n|\n|-weather|SunnyDay|[upkeep]\n|-heal|p2a: Orthworm|29\/100|[from] item: Leftovers\n|-damage|p2b: Ursaluna|28\/100 brn|[from] brn\n|upkeep\n|\n|t:|1700674284\n|switch|p1b: Chi-Yu|Chi-Yu, L50|100\/100\n|-ability|p1b: Chi-Yu|Beads of Ruin\n|turn|5\n|\n|t:|1700674293\n|move|p1b: Chi-Yu|Protect|p1b: Chi-Yu\n|-singleturn|p1b: Chi-Yu|Protect\n|move|p1a: Tornadus|Tailwind|p1a: Tornadus\n|-sidestart|p1: mockduck|move: Tailwind\n|move|p2b: Ursaluna|Earthquake|p1b: Chi-Yu|[spread] \n|-activate|p1b: Chi-Yu|move: Protect\n|-heal|p2a: Orthworm|54\/100|[from] ability: Earth Eater|[of] p2b: Ursaluna\n|-immune|p1a: Tornadus\n|move|p2a: Orthworm|Body Press|p1a: Tornadus\n|-resisted|p1a: Tornadus\n|-damage|p1a: Tornadus|0 fnt\n|faint|p1a: Tornadus\n|\n|-weather|SunnyDay|[upkeep]\n|-heal|p2a: Orthworm|60\/100|[from] item: Leftovers\n|-damage|p2b: Ursaluna|22\/100 brn|[from] brn\n|-fieldend|move: Trick Room\n|-fieldend|move: Psychic Terrain\n|upkeep\n|turn|6\n|\n|t:|1700674303\n|move|p2a: Orthworm|Protect|p2a: Orthworm\n|-singleturn|p2a: Orthworm|Protect\n|move|p1b: Chi-Yu|Heat Wave|p2b: Ursaluna|[spread] p2b\n|-activate|p2a: Orthworm|move: Protect\n|-damage|p2b: Ursaluna|0 fnt\n|faint|p2b: Ursaluna\n|-damage|p1b: Chi-Yu|91\/100|[from] item: Life Orb\n|\n|-weather|none\n|-heal|p2a: Orthworm|66\/100|[from] item: Leftovers\n|upkeep\n|\n|t:|1700674307\n|switch|p2b: Ogerpon|Ogerpon-Wellspring-Tera, L50, F, tera:Water|44\/100\n|-ability|p2b: Ogerpon|Embody Aspect (Wellspring)|boost\n|-boost|p2b: Ogerpon|spd|1\n|turn|7\n|\n|t:|1700674316\n|move|p1b: Chi-Yu|Heat Wave|p2b: Ogerpon|[spread] p2a,p2b\n|-supereffective|p2a: Orthworm\n|-resisted|p2b: Ogerpon\n|-damage|p2a: Orthworm|0 fnt\n|-damage|p2b: Ogerpon|21\/100\n|faint|p2a: Orthworm\n|-damage|p1b: Chi-Yu|81\/100|[from] item: Life Orb\n|move|p2b: Ogerpon|Ivy Cudgel|p1b: Chi-Yu|[anim] Ivy Cudgel Water\n|-supereffective|p1b: Chi-Yu\n|-damage|p1b: Chi-Yu|0 fnt\n|faint|p1b: Chi-Yu\n|\n|win|Jungle211\n|raw|mockduck's rating: 1360 &rarr; <strong>1338<\/strong><br \/>(-22 for losing)\n|raw|Jungle211's rating: 1328 &rarr; <strong>1350<\/strong><br \/>(+22 for winning)\n|l|\u2606mockduck\n","uploadtime":1700674339,"views":10,"p1id":"mockduck","p2id":"jungle211","formatid":"gen9vgc2023regulatione","rating":1338,"private":0,"password":""}