{"id":"gen9vgc2023regulatione-1993467126","p1":"seguace del culto","p2":"ArcixVGC","format":"[Gen 9] VGC 2023 Regulation E","log":"|j|\u2606seguace del culto\n|j|\u2606ArcixVGC\n|n|\u2606seguace del culto|seguacedelculto\n|n|\u2606ArcixVGC|arcixvgc\n|html|View the match progress at <a href=\"\/game-bestof3-gen9vgc2023regulatione-1993463798\">game-bestof3-gen9vgc2023regulatione-1993463798<\/a>\n|t:|1700321441\n|gametype|doubles\n|player|p1|seguace del culto|lucas|\n|player|p2|ArcixVGC|blackbelt|\n|teamsize|p1|6\n|teamsize|p2|6\n|gen|9\n|tier|[Gen 9] VGC 2023 Regulation E\n|rule|Species Clause: Limit one of each Pok\u00e9mon\n|rule|Item Clause: Limit one of each item\n|clearpoke\n|poke|p1|Dusclops, L50, F|\n|poke|p1|Ursaluna-Bloodmoon, L50, M|\n|poke|p1|Chi-Yu, L50|\n|poke|p1|Iron Hands, L50|\n|poke|p1|Landorus-Therian, L50, M|\n|poke|p1|Amoonguss, L50, F|\n|poke|p2|Chien-Pao, L50|\n|poke|p2|Arcanine-Hisui, L50, M|\n|poke|p2|Urshifu-*, L50, M|\n|poke|p2|Tornadus, L50, M|\n|poke|p2|Rillaboom, L50, M|\n|poke|p2|Flutter Mane, L50|\n|teampreview|4\nArcixVGC has agreed to open team sheets.\n|j| Crudo de fava\nseguace del culto has agreed to open team sheets.\n|showteam|p1|Dusclops||Eviolite|Pressure|NightShade,WillOWisp,TrickRoom,PainSplit|||F|||50|,,,,,Fairy]Ursaluna-Bloodmoon||SilkScarf|MindsEye|HyperVoice,BloodMoon,EarthPower,Protect|||M|||50|,,,,,Normal]Chi-Yu||ChoiceSpecs|BeadsofRuin|HeatWave,DarkPulse,Overheat,Snarl||||||50|,,,,,Ghost]Iron Hands||AssaultVest|QuarkDrive|DrainPunch,WildCharge,HeavySlam,FakeOut||||||50|,,,,,Fire]Landorus-Therian||ChoiceScarf|Intimidate|StompingTantrum,Uturn,RockSlide,TeraBlast|||M|||50|,,,,,Flying]Amoonguss||RockyHelmet|Regenerator|SludgeBomb,Protect,RagePowder,Spore|||F|||50|,,,,,Water\n|showteam|p2|Chien-Pao||FocusSash|SwordofRuin|SuckerPunch,IcicleCrash,SacredSword,Protect||||||50|,,,,,Ghost]Arcanine-Hisui||ChoiceBand|Intimidate|ExtremeSpeed,FlareBlitz,RockSlide,TeraBlast|||M|||50|,,,,,Fairy]Urshifu-Rapid-Strike||MysticWater|UnseenFist|SurgingStrikes,Protect,CloseCombat,AquaJet|||M|||50|,,,,,Water]Tornadus||SitrusBerry|Prankster|BleakwindStorm,Tailwind,Taunt,RainDance|||M|||50|,,,,,Ghost]Rillaboom||AssaultVest|GrassySurge|FakeOut,WoodHammer,GrassyGlide,Uturn|||M|||50|,,,,,Fire]Flutter Mane||BoosterEnergy|Protosynthesis|Moonblast,ShadowBall,DazzlingGleam,Protect||||||50|,,,,,Fairy\n|j| stecca\n|\n|t:|1700321505\n|start\n|switch|p1a: Dusclops|Dusclops, L50, F|100\/100\n|switch|p1b: Iron Hands|Iron Hands, L50, shiny|100\/100\n|switch|p2a: Tornadus|Tornadus, L50, M|100\/100\n|switch|p2b: Arcanine|Arcanine-Hisui, L50, M|100\/100\n|-ability|p2b: Arcanine|Intimidate|boost\n|-unboost|p1a: Dusclops|atk|1\n|-unboost|p1b: Iron Hands|atk|1\n|-ability|p1a: Dusclops|Pressure\n|turn|1\n|\n|t:|1700321542\n|-terastallize|p2a: Tornadus|Ghost\n|move|p1b: Iron Hands|Fake Out|p2a: Tornadus\n|-immune|p2a: Tornadus\n|move|p2a: Tornadus|Taunt|p1a: Dusclops\n|-start|p1a: Dusclops|move: Taunt\n|move|p2b: Arcanine|Rock Slide|p1a: Dusclops|[spread] p1a,p1b\n|-resisted|p1b: Iron Hands\n|-damage|p1a: Dusclops|78\/100\n|-damage|p1b: Iron Hands|85\/100\n|cant|p1a: Dusclops|flinch\n|\n|upkeep\n|turn|2\n|\n|t:|1700321564\n|switch|p2b: Rillaboom|Rillaboom, L50, M|100\/100\n|-fieldstart|move: Grassy Terrain|[from] ability: Grassy Surge|[of] p2b: Rillaboom\n|move|p2a: Tornadus|Bleakwind Storm|p1a: Dusclops|[spread] p1b\n|-miss|p2a: Tornadus|p1a: Dusclops\n|-damage|p1b: Iron Hands|68\/100\n|move|p1b: Iron Hands|Drain Punch|p2b: Rillaboom\n|-damage|p2b: Rillaboom|74\/100\n|-heal|p1b: Iron Hands|79\/100|[from] drain|[of] p2b: Rillaboom\n|move|p1a: Dusclops|Night Shade|p2b: Rillaboom\n|-damage|p2b: Rillaboom|50\/100\n|\n|-heal|p2b: Rillaboom|56\/100|[from] Grassy Terrain\n|-heal|p1b: Iron Hands|85\/100|[from] Grassy Terrain\n|-heal|p1a: Dusclops|84\/100|[from] Grassy Terrain\n|upkeep\n|turn|3\n|\n|t:|1700321595\n|move|p2a: Tornadus|Bleakwind Storm|p1b: Iron Hands|[spread] p1a,p1b\n|-damage|p1a: Dusclops|64\/100\n|-damage|p1b: Iron Hands|70\/100\n|move|p2b: Rillaboom|Wood Hammer|p1b: Iron Hands\n|-damage|p1b: Iron Hands|18\/100\n|-damage|p2b: Rillaboom|35\/100|[from] Recoil\n|move|p1b: Iron Hands|Drain Punch|p2b: Rillaboom\n|-damage|p2b: Rillaboom|10\/100\n|-heal|p1b: Iron Hands|29\/100|[from] drain|[of] p2b: Rillaboom\n|move|p1a: Dusclops|Night Shade|p2b: Rillaboom\n|-damage|p2b: Rillaboom|0 fnt\n|faint|p2b: Rillaboom\n|\n|-heal|p1b: Iron Hands|35\/100|[from] Grassy Terrain\n|-heal|p1a: Dusclops|70\/100|[from] Grassy Terrain\n|-end|p1a: Dusclops|move: Taunt\n|upkeep\n|\n|t:|1700321640\n|switch|p2b: Arcanine|Arcanine-Hisui, L50, M|100\/100\n|-ability|p2b: Arcanine|Intimidate|boost\n|-unboost|p1a: Dusclops|atk|1\n|-unboost|p1b: Iron Hands|atk|1\n|turn|4\n|\n|t:|1700321669\n|-end|p1b: Iron Hands|Quark Drive|[silent]\n|switch|p1b: Amoonguss|Amoonguss, L50, F, shiny|100\/100\n|switch|p1a: Ursaluna|Ursaluna-Bloodmoon, L50, M|100\/100\n|move|p2a: Tornadus|Taunt|p1a: Ursaluna\n|-start|p1a: Ursaluna|move: Taunt\n|move|p2b: Arcanine|Rock Slide|p1a: Ursaluna|[spread] p1a,p1b\n|-resisted|p1a: Ursaluna\n|-damage|p1a: Ursaluna|86\/100\n|-damage|p1b: Amoonguss|66\/100\n|\n|-heal|p1a: Ursaluna|92\/100|[from] Grassy Terrain\n|-heal|p1b: Amoonguss|72\/100|[from] Grassy Terrain\n|upkeep\n|turn|5\n|\n|t:|1700321689\n|switch|p2b: Chien-Pao|Chien-Pao, L50|100\/100\n|-ability|p2b: Chien-Pao|Sword of Ruin\n|move|p1b: Amoonguss|Protect|p1b: Amoonguss\n|-singleturn|p1b: Amoonguss|Protect\n|move|p2a: Tornadus|Taunt|p1b: Amoonguss\n|-activate|p1b: Amoonguss|move: Protect\n|move|p1a: Ursaluna|Earth Power|p2b: Chien-Pao\n|-crit|p2b: Chien-Pao\n|-enditem|p2b: Chien-Pao|Focus Sash\n|-damage|p2b: Chien-Pao|1\/100\n|\n|-heal|p2b: Chien-Pao|7\/100|[from] Grassy Terrain\n|-heal|p1a: Ursaluna|98\/100|[from] Grassy Terrain\n|-heal|p1b: Amoonguss|78\/100|[from] Grassy Terrain\n|upkeep\n|turn|6\n|\n|t:|1700321703\n|move|p2b: Chien-Pao|Protect|p2b: Chien-Pao\n|-singleturn|p2b: Chien-Pao|Protect\n|move|p1b: Amoonguss|Rage Powder|p1b: Amoonguss\n|-singleturn|p1b: Amoonguss|move: Rage Powder\n|move|p2a: Tornadus|Taunt|p1b: Amoonguss\n|-start|p1b: Amoonguss|move: Taunt\n|move|p1a: Ursaluna|Hyper Voice|p2a: Tornadus|[spread] p2a\n|-activate|p2b: Chien-Pao|move: Protect\n|-damage|p2a: Tornadus|43\/100\n|-enditem|p2a: Tornadus|Sitrus Berry|[eat]\n|-heal|p2a: Tornadus|68\/100|[from] item: Sitrus Berry\n|\n|-heal|p2b: Chien-Pao|13\/100|[from] Grassy Terrain\n|-heal|p2a: Tornadus|74\/100|[from] Grassy Terrain\n|-heal|p1a: Ursaluna|100\/100|[from] Grassy Terrain\n|-heal|p1b: Amoonguss|84\/100|[from] Grassy Terrain\n|-end|p1a: Ursaluna|move: Taunt\n|-fieldend|move: Grassy Terrain\n|upkeep\n|turn|7\n|\n|t:|1700321730\n|move|p1a: Ursaluna|Protect|p1a: Ursaluna\n|-singleturn|p1a: Ursaluna|Protect\n|move|p2b: Chien-Pao|Icicle Crash|p1a: Ursaluna\n|-activate|p1a: Ursaluna|move: Protect\n|move|p2a: Tornadus|Bleakwind Storm|p1a: Ursaluna|[spread] \n|-activate|p1a: Ursaluna|move: Protect\n|-miss|p2a: Tornadus|p1b: Amoonguss\n|move|p1b: Amoonguss|Sludge Bomb|p2b: Chien-Pao\n|-damage|p2b: Chien-Pao|0 fnt\n|faint|p2b: Chien-Pao\n|\n|upkeep\n|\n|t:|1700321734\n|switch|p2b: Arcanine|Arcanine-Hisui, L50, M|100\/100\n|-ability|p2b: Arcanine|Intimidate|boost\n|-unboost|p1a: Ursaluna|atk|1\n|-unboost|p1b: Amoonguss|atk|1\n|turn|8\n|\n|t:|1700321757\n|switch|p1a: Dusclops|Dusclops, L50, F|70\/100\n|-ability|p1a: Dusclops|Pressure\n|switch|p1b: Iron Hands|Iron Hands, L50, shiny|35\/100\n|move|p2a: Tornadus|Bleakwind Storm|p1a: Dusclops|[spread] p1b\n|-miss|p2a: Tornadus|p1a: Dusclops\n|-damage|p1b: Iron Hands|19\/100\n|move|p2b: Arcanine|Flare Blitz|p1a: Dusclops\n|-damage|p1a: Dusclops|25\/100\n|-status|p1a: Dusclops|brn\n|-damage|p2b: Arcanine|88\/100|[from] Recoil\n|\n|-damage|p1a: Dusclops|19\/100 brn|[from] brn\n|upkeep\n|turn|9\n|l| stecca\n|\n|t:|1700321798\n|move|p2a: Tornadus|Bleakwind Storm|p1a: Dusclops|[spread] p1a,p1b\n|-damage|p1a: Dusclops|0 fnt\n|-damage|p1b: Iron Hands|4\/100\n|-unboost|p1b: Iron Hands|spe|1\n|faint|p1a: Dusclops\n|move|p2b: Arcanine|Flare Blitz|p1b: Iron Hands\n|-damage|p1b: Iron Hands|0 fnt\n|faint|p1b: Iron Hands\n|-end|p1b: Iron Hands|Quark Drive|[silent]\n|-damage|p2b: Arcanine|86\/100|[from] Recoil\n|\n|upkeep\n|\n|t:|1700321806\n|switch|p1b: Amoonguss|Amoonguss, L50, F, shiny|100\/100\n|switch|p1a: Ursaluna|Ursaluna-Bloodmoon, L50, M|100\/100\n|turn|10\n|l| Crudo de fava\n|\n|t:|1700321827\n|-terastallize|p1b: Amoonguss|Water\n|move|p1b: Amoonguss|Rage Powder|p1b: Amoonguss\n|-singleturn|p1b: Amoonguss|move: Rage Powder\n|move|p2a: Tornadus|Taunt|p1b: Amoonguss\n|-start|p1b: Amoonguss|move: Taunt\n|move|p2b: Arcanine|Flare Blitz|p1b: Amoonguss\n|-resisted|p1b: Amoonguss\n|-damage|p1b: Amoonguss|65\/100\n|-damage|p2b: Arcanine|70\/100|[from] item: Rocky Helmet|[of] p1b: Amoonguss\n|-damage|p2b: Arcanine|55\/100|[from] Recoil\n|move|p1a: Ursaluna|Blood Moon|p2a: Tornadus\n|-damage|p2a: Tornadus|0 fnt\n|faint|p2a: Tornadus\n|\n|upkeep\n|turn|11\n|j| Crudo de fava\n|c|\u2606ArcixVGC|gg\n|\n|t:|1700321841\n|move|p2b: Arcanine|Flare Blitz|p1a: Ursaluna\n|-damage|p1a: Ursaluna|29\/100\n|-damage|p2b: Arcanine|26\/100|[from] Recoil\n|move|p1a: Ursaluna|Earth Power|p2b: Arcanine\n|-supereffective|p2b: Arcanine\n|-crit|p2b: Arcanine\n|-damage|p2b: Arcanine|0 fnt\n|faint|p2b: Arcanine\n|\n|win|seguace del culto\n|c|\u2606seguace del culto|gg\n","uploadtime":1700321846,"views":21,"p1id":"seguacedelculto","p2id":"arcixvgc","formatid":"gen9vgc2023regulatione","rating":0,"private":0,"password":""}