{"id":"gen9vgc2023regulatione-2000042695","p1":"brvce25","p2":"krlxjms","format":"[Gen 9] VGC 2023 Regulation E","log":"|j|\u2606brvce25\n|j|\u2606krlxjms\n|t:|1701145098\n|gametype|doubles\n|player|p1|brvce25|ninjaboy|1205\n|player|p2|krlxjms|ethan|1140\n|teamsize|p1|6\n|teamsize|p2|6\n|gen|9\n|tier|[Gen 9] VGC 2023 Regulation E\n|rated|\n|rule|Species Clause: Limit one of each Pok\u00e9mon\n|rule|Item Clause: Limit one of each item\n|clearpoke\n|poke|p1|Gligar, L50, M|\n|poke|p1|Iron Bundle, L50|\n|poke|p1|Ogerpon, L50, F|\n|poke|p1|Flutter Mane, L50|\n|poke|p1|Kingambit, L50, M|\n|poke|p1|Gastrodon, L50, F|\n|poke|p2|Urshifu-*, L50, M|\n|poke|p2|Tornadus, L50, M|\n|poke|p2|Flutter Mane, L50|\n|poke|p2|Roaring Moon, L50|\n|poke|p2|Rillaboom, L50, M|\n|poke|p2|Arcanine-Hisui, L50, M|\n|teampreview|4\n|inactive|Battle timer is ON: inactive players will automatically lose when time's up. (requested by brvce25)\n|inactive|brvce25 has 60 seconds left.\n|\n|t:|1701145143\n|start\n|switch|p1a: Gastrodon|Gastrodon, L50, F|100\/100\n|switch|p1b: Iron Bundle|Iron Bundle, L50|100\/100\n|switch|p2a: Urshifu|Urshifu-Rapid-Strike, L50, M|100\/100\n|switch|p2b: Tornadus|Tornadus, L50, M|100\/100\n|-enditem|p1b: Iron Bundle|Booster Energy\n|-activate|p1b: Iron Bundle|ability: Quark Drive|[fromitem]\n|-start|p1b: Iron Bundle|quarkdrivespe\n|turn|1\n|\n|t:|1701145163\n|switch|p2b: Arcanine|Arcanine-Hisui, L50, M|100\/100\n|-ability|p2b: Arcanine|Intimidate|boost\n|-unboost|p1a: Gastrodon|atk|1\n|-unboost|p1b: Iron Bundle|atk|1\n|move|p1b: Iron Bundle|Protect|p1b: Iron Bundle\n|-singleturn|p1b: Iron Bundle|Protect\n|move|p2a: Urshifu|Drain Punch|p1b: Iron Bundle\n|-supereffective|p1b: Iron Bundle\n|-damage|p1b: Iron Bundle|0 fnt\n|faint|p1b: Iron Bundle\n|-end|p1b: Iron Bundle|Quark Drive|[silent]\n|-damage|p2a: Urshifu|91\/100|[from] item: Life Orb\n|move|p1a: Gastrodon|Yawn|p2a: Urshifu\n|-start|p2a: Urshifu|move: Yawn|[of] p1a: Gastrodon\n|\n|upkeep\n|\n|t:|1701145182\n|switch|p1b: Ogerpon|Ogerpon, L50, F|100\/100\n|turn|2\n|\n|t:|1701145196\n|switch|p2a: Rillaboom|Rillaboom, L50, M|100\/100\n|-fieldstart|move: Grassy Terrain|[from] ability: Grassy Surge|[of] p2a: Rillaboom\n|-terastallize|p2b: Arcanine|Normal\n|move|p1b: Ogerpon|Spiky Shield|p1b: Ogerpon\n|-singleturn|p1b: Ogerpon|move: Protect\n|move|p1a: Gastrodon|Protect|p1a: Gastrodon\n|-singleturn|p1a: Gastrodon|Protect\n|move|p2b: Arcanine|Extreme Speed|p1a: Gastrodon\n|-activate|p1a: Gastrodon|move: Protect\n|\n|upkeep\n|turn|3\n|\n|t:|1701145215\n|-terastallize|p1a: Gastrodon|Poison\n|move|p2a: Rillaboom|Fake Out|p1b: Ogerpon\n|-damage|p1b: Ogerpon|84\/100\n|move|p2b: Arcanine|Extreme Speed|p1a: Gastrodon\n|-damage|p1a: Gastrodon|38\/100\n|-enditem|p1a: Gastrodon|Sitrus Berry|[eat]\n|-heal|p1a: Gastrodon|62\/100|[from] item: Sitrus Berry\n|cant|p1b: Ogerpon|flinch\n|move|p1a: Gastrodon|Sludge Bomb|p2a: Rillaboom\n|-supereffective|p2a: Rillaboom\n|-damage|p2a: Rillaboom|24\/100\n|\n|-heal|p1b: Ogerpon|90\/100|[from] Grassy Terrain\n|-heal|p2a: Rillaboom|30\/100|[from] Grassy Terrain\n|-heal|p1a: Gastrodon|68\/100|[from] Grassy Terrain\n|upkeep\n|turn|4\n|inactive|brvce25 has 30 seconds left.\n|\n|t:|1701145241\n|switch|p2a: Tornadus|Tornadus, L50, M|100\/100\n|move|p2b: Arcanine|Extreme Speed|p1a: Gastrodon\n|-damage|p1a: Gastrodon|10\/100\n|move|p1b: Ogerpon|Ivy Cudgel|p2b: Arcanine\n|-damage|p2b: Arcanine|19\/100\n|move|p1a: Gastrodon|Sludge Bomb|p2a: Tornadus\n|-damage|p2a: Tornadus|68\/100\n|-status|p2a: Tornadus|psn\n|\n|-heal|p1b: Ogerpon|95\/100|[from] Grassy Terrain\n|-heal|p2b: Arcanine|25\/100|[from] Grassy Terrain\n|-heal|p1a: Gastrodon|16\/100|[from] Grassy Terrain\n|-damage|p2a: Tornadus|55\/100 psn|[from] psn\n|upkeep\n|turn|5\n|\n|t:|1701145266\n|switch|p1b: Flutter Mane|Flutter Mane, L50|100\/100\n|switch|p2b: Rillaboom|Rillaboom, L50, M|30\/100\n|move|p1a: Gastrodon|Protect|p1a: Gastrodon\n|-singleturn|p1a: Gastrodon|Protect\n|move|p2a: Tornadus|Tailwind|p2a: Tornadus\n|-sidestart|p2: krlxjms|move: Tailwind\n|\n|-heal|p2b: Rillaboom|35\/100|[from] Grassy Terrain\n|-heal|p1a: Gastrodon|21\/100|[from] Grassy Terrain\n|-damage|p2a: Tornadus|43\/100 psn|[from] psn\n|upkeep\n|turn|6\n|\n|t:|1701145286\n|switch|p1a: Ogerpon|Ogerpon, L50, F|95\/100\n|move|p2b: Rillaboom|Fake Out|p1a: Ogerpon\n|-damage|p1a: Ogerpon|79\/100\n|move|p2a: Tornadus|Bleakwind Storm|p1a: Ogerpon|[spread] p1b\n|-miss|p2a: Tornadus|p1a: Ogerpon\n|-damage|p1b: Flutter Mane|66\/100\n|move|p1b: Flutter Mane|Thunderbolt|p2a: Tornadus\n|-supereffective|p2a: Tornadus\n|-damage|p2a: Tornadus|0 fnt\n|faint|p2a: Tornadus\n|\n|-heal|p2b: Rillaboom|41\/100|[from] Grassy Terrain\n|-heal|p1b: Flutter Mane|72\/100|[from] Grassy Terrain\n|-heal|p1a: Ogerpon|84\/100|[from] Grassy Terrain\n|-fieldend|move: Grassy Terrain\n|upkeep\n|\n|t:|1701145297\n|switch|p2a: Arcanine|Arcanine-Hisui, L50, M, tera:Normal|25\/100\n|-ability|p2a: Arcanine|Intimidate|boost\n|-unboost|p1a: Ogerpon|atk|1\n|-ability|p1a: Ogerpon|Defiant|boost\n|-boost|p1a: Ogerpon|atk|2\n|-unboost|p1b: Flutter Mane|atk|1\n|turn|7\n|inactive|brvce25 has 30 seconds left.\n|\n|t:|1701145327\n|move|p1a: Ogerpon|Spiky Shield|p1a: Ogerpon\n|-singleturn|p1a: Ogerpon|move: Protect\n|move|p2a: Arcanine|Rock Slide|p1a: Ogerpon|[spread] p1b\n|-activate|p1a: Ogerpon|move: Protect\n|-damage|p1b: Flutter Mane|0 fnt\n|faint|p1b: Flutter Mane\n|-end|p1b: Flutter Mane|Protosynthesis|[silent]\n|move|p2b: Rillaboom|Knock Off|p1a: Ogerpon\n|-activate|p1a: Ogerpon|move: Protect\n|-damage|p2b: Rillaboom|29\/100|[from] Spiky Shield|[of] p1a: Ogerpon\n|\n|upkeep\n|\n|t:|1701145337\n|switch|p1b: Gastrodon|Gastrodon, L50, F, tera:Poison|21\/100\n|turn|8\n|\n|t:|1701145345\n|move|p2a: Arcanine|Rock Slide|p1a: Ogerpon|[spread] p1a\n|-miss|p2a: Arcanine|p1b: Gastrodon\n|-damage|p1a: Ogerpon|38\/100\n|move|p2b: Rillaboom|U-turn|p1b: Gastrodon\n|-resisted|p1b: Gastrodon\n|-damage|p1b: Gastrodon|9\/100\n|\n|t:|1701145351\n|switch|p2b: Urshifu|Urshifu-Rapid-Strike, L50, M|91\/100|[from] U-turn\n|cant|p1a: Ogerpon|flinch\n|move|p1b: Gastrodon|Sludge Bomb|p2a: Arcanine\n|-damage|p2a: Arcanine|0 fnt\n|faint|p2a: Arcanine\n|\n|-sideend|p2: krlxjms|move: Tailwind\n|upkeep\n|\n|t:|1701145358\n|switch|p2a: Rillaboom|Rillaboom, L50, M|29\/100\n|-fieldstart|move: Grassy Terrain|[from] ability: Grassy Surge|[of] p2a: Rillaboom\n|turn|9\n|\n|t:|1701145365\n|move|p1a: Ogerpon|Spiky Shield|p1a: Ogerpon\n|-singleturn|p1a: Ogerpon|move: Protect\n|move|p1b: Gastrodon|Protect|p1b: Gastrodon\n|-singleturn|p1b: Gastrodon|Protect\n|move|p2a: Rillaboom|Fake Out|p1a: Ogerpon\n|-activate|p1a: Ogerpon|move: Protect\n|-damage|p2a: Rillaboom|17\/100|[from] Spiky Shield|[of] p1a: Ogerpon\n|move|p2b: Urshifu|Aqua Jet|p1b: Gastrodon\n|-ability|p1b: Gastrodon|Storm Drain|boost\n|-boost|p1b: Gastrodon|spa|1\n|\n|-heal|p1a: Ogerpon|44\/100|[from] Grassy Terrain\n|-heal|p2b: Urshifu|96\/100|[from] Grassy Terrain\n|-heal|p2a: Rillaboom|23\/100|[from] Grassy Terrain\n|-heal|p1b: Gastrodon|15\/100|[from] Grassy Terrain\n|upkeep\n|turn|10\n|\n|t:|1701145389\n|move|p1a: Ogerpon|Ivy Cudgel|p2a: Rillaboom\n|-resisted|p2a: Rillaboom\n|-damage|p2a: Rillaboom|0 fnt\n|faint|p2a: Rillaboom\n|move|p2b: Urshifu|Drain Punch|p1a: Ogerpon\n|-damage|p1a: Ogerpon|0 fnt\n|-heal|p2b: Urshifu|100\/100|[from] drain|[of] p1a: Ogerpon\n|faint|p1a: Ogerpon\n|-damage|p2b: Urshifu|91\/100|[from] item: Life Orb\n|move|p1b: Gastrodon|Earth Power|p2b: Urshifu\n|-damage|p2b: Urshifu|0 fnt\n|faint|p2b: Urshifu\n|\n|win|brvce25\n|raw|brvce25's rating: 1205 &rarr; <strong>1225<\/strong><br \/>(+20 for winning)\n|raw|krlxjms's rating: 1140 &rarr; <strong>1120<\/strong><br \/>(-20 for losing)\n|c|\u2606brvce25|gg\n|l|\u2606brvce25\n|c|\u2606krlxjms|gg\n","uploadtime":1701145404,"views":2,"p1id":"brvce25","p2id":"krlxjms","formatid":"gen9vgc2023regulatione","rating":1120,"private":0,"password":""}