{"id":"gen9vgc2023regulatione-1989374200","p1":"soulrobbed","p2":"NickC_VGC","format":"[Gen 9] VGC 2023 Regulation E","log":"|j|\u2606soulrobbed\n|j|\u2606NickC_VGC\n|t:|1699842253\n|gametype|doubles\n|player|p1|soulrobbed|cynthia|1350\n|player|p2|NickC_VGC|265|1401\n|teamsize|p1|6\n|teamsize|p2|6\n|gen|9\n|tier|[Gen 9] VGC 2023 Regulation E\n|rated|\n|rule|Species Clause: Limit one of each Pok\u00e9mon\n|rule|Item Clause: Limit one of each item\n|clearpoke\n|poke|p1|Arcanine-Hisui, L50, F|\n|poke|p1|Rillaboom, L50, M|\n|poke|p1|Gholdengo, L50|\n|poke|p1|Sinistcha, L50|\n|poke|p1|Farigiraf, L50, F|\n|poke|p1|Iron Hands, L50|\n|poke|p2|Sableye, L50, M|\n|poke|p2|Urshifu-*, L50, M|\n|poke|p2|Arcanine-Hisui, L50, F|\n|poke|p2|Chien-Pao, L50|\n|poke|p2|Victreebel, L50, M|\n|poke|p2|Thundurus-Therian, L50, M|\n|teampreview|4\n|inactive|Battle timer is ON: inactive players will automatically lose when time's up. (requested by soulrobbed)\nsoulrobbed rejected open team sheets.\n|inactive|NickC_VGC has 60 seconds left.\n|\n|t:|1699842305\n|start\n|switch|p1a: Arcanine|Arcanine-Hisui, L50, F|100\/100\n|switch|p1b: Rillaboom|Rillaboom, L50, M, shiny|100\/100\n|switch|p2a: Sableye|Sableye, L50, M|100\/100\n|switch|p2b: Urshifu|Urshifu-Rapid-Strike, L50, M|100\/100\n|-ability|p1a: Arcanine|Intimidate|boost\n|-unboost|p2a: Sableye|atk|1\n|-unboost|p2b: Urshifu|atk|1\n|-item|p1a: Arcanine|Air Balloon\n|-fieldstart|move: Grassy Terrain|[from] ability: Grassy Surge|[of] p1b: Rillaboom\n|-enditem|p1b: Rillaboom|Grassy Seed\n|-boost|p1b: Rillaboom|def|1|[from] item: Grassy Seed\n|turn|1\n|inactive|NickC_VGC has 30 seconds left.\n|inactive|NickC_VGC has 20 seconds left.\n|\n|t:|1699842342\n|move|p1a: Arcanine|Protect|p1a: Arcanine\n|-singleturn|p1a: Arcanine|Protect\n|move|p2a: Sableye|Fake Out|p1b: Rillaboom\n|-damage|p1b: Rillaboom|97\/100\n|cant|p1b: Rillaboom|flinch\n|move|p2b: Urshifu|Surging Strikes|p1a: Arcanine\n|-supereffective|p1a: Arcanine\n|-crit|p1a: Arcanine\n|-damage|p1a: Arcanine|0 fnt\n|-enditem|p1a: Arcanine|Air Balloon\n|faint|p1a: Arcanine\n|-hitcount|p1: Arcanine|1\n|\n|-heal|p1b: Rillaboom|100\/100|[from] Grassy Terrain\n|upkeep\n|\n|t:|1699842353\n|switch|p1a: Iron Hands|Iron Hands, L50|100\/100\n|turn|2\n|\n|t:|1699842370\n|switch|p2b: Arcanine|Arcanine-Hisui, L50, F|100\/100\n|-ability|p2b: Arcanine|Intimidate|boost\n|-fail|p1a: Iron Hands|unboost|[from] item: Clear Amulet|[of] p1a: Iron Hands\n|-unboost|p1b: Rillaboom|atk|1\n|move|p1b: Rillaboom|Grassy Glide|p2b: Arcanine\n|-damage|p2b: Arcanine|74\/100\n|move|p2a: Sableye|Gravity|p2a: Sableye\n|-fieldstart|move: Gravity\n|move|p1a: Iron Hands|Heavy Slam|p2a: Sableye\n|-damage|p2a: Sableye|42\/100\n|-enditem|p2a: Sableye|Sitrus Berry|[eat]\n|-heal|p2a: Sableye|67\/100|[from] item: Sitrus Berry\n|\n|-heal|p2b: Arcanine|80\/100|[from] Grassy Terrain\n|-heal|p2a: Sableye|72\/100|[from] Grassy Terrain\n|upkeep\n|turn|3\n|inactive|NickC_VGC has 30 seconds left.\n|inactive|NickC_VGC has 20 seconds left.\n|\n|t:|1699842406\n|switch|p2a: Thundurus|Thundurus-Therian, L50, M|100\/100\n|move|p1b: Rillaboom|High Horsepower|p2b: Arcanine\n|-supereffective|p2b: Arcanine\n|-damage|p2b: Arcanine|0 fnt\n|faint|p2b: Arcanine\n|move|p1a: Iron Hands|Heavy Slam|p2a: Thundurus\n|-resisted|p2a: Thundurus\n|-damage|p2a: Thundurus|71\/100\n|\n|-heal|p2a: Thundurus|77\/100|[from] Grassy Terrain\n|upkeep\n|\n|t:|1699842418\n|switch|p2b: Urshifu|Urshifu-Rapid-Strike, L50, M|100\/100\n|turn|4\n|\n|t:|1699842446\n|-terastallize|p2a: Thundurus|Flying\n|move|p1b: Rillaboom|Grassy Glide|p2b: Urshifu\n|-supereffective|p2b: Urshifu\n|-damage|p2b: Urshifu|48\/100\n|move|p2b: Urshifu|Dynamic Punch|p1a: Iron Hands\n|-damage|p1a: Iron Hands|66\/100\n|-start|p1a: Iron Hands|confusion\n|move|p2a: Thundurus|Tera Blast|p1a: Iron Hands|[anim] Tera Blast Flying\n|-crit|p1a: Iron Hands\n|-damage|p1a: Iron Hands|0 fnt\n|faint|p1a: Iron Hands\n|-end|p1a: Iron Hands|Quark Drive|[silent]\n|\n|-heal|p2b: Urshifu|54\/100|[from] Grassy Terrain\n|-heal|p2a: Thundurus|83\/100|[from] Grassy Terrain\n|upkeep\n|\n|t:|1699842450\n|switch|p1a: Sinistcha|Sinistcha, L50|100\/100\n|turn|5\n|inactive|NickC_VGC has 30 seconds left.\n|\n|t:|1699842483\n|-terastallize|p1a: Sinistcha|Water\n|move|p1b: Rillaboom|Grassy Glide|p2b: Urshifu\n|-supereffective|p2b: Urshifu\n|-damage|p2b: Urshifu|9\/100\n|move|p2b: Urshifu|Dynamic Punch|p1b: Rillaboom\n|-damage|p1b: Rillaboom|61\/100\n|-start|p1b: Rillaboom|confusion\n|move|p2a: Thundurus|Tera Blast|p1a: Sinistcha|[anim] Tera Blast Flying\n|-damage|p1a: Sinistcha|0 fnt\n|faint|p1a: Sinistcha\n|\n|-heal|p2b: Urshifu|15\/100|[from] Grassy Terrain\n|-heal|p1b: Rillaboom|67\/100|[from] Grassy Terrain\n|-heal|p2a: Thundurus|89\/100|[from] Grassy Terrain\n|-fieldend|move: Grassy Terrain\n|upkeep\n|turn|6\n|-message|soulrobbed forfeited.\n|\n|win|NickC_VGC\n|raw|soulrobbed's rating: 1350 &rarr; <strong>1333<\/strong><br \/>(-17 for losing)\n|raw|NickC_VGC's rating: 1401 &rarr; <strong>1418<\/strong><br \/>(+17 for winning)\n|l|\u2606soulrobbed\n","uploadtime":1699842515,"views":17,"p1id":"soulrobbed","p2id":"nickcvgc","formatid":"gen9vgc2023regulatione","rating":1333,"private":0,"password":""}