{"id":"gen9vgc2023regulatione-1996674214","p1":"Mo mo 15","p2":"electricboogaloo12","format":"[Gen 9] VGC 2023 Regulation E","log":"|j|\u2606Mo mo 15\n|j|\u203delectricboogaloo12\n|t:|1700708116\n|gametype|doubles\n|player|p1|Mo mo 15|hoopster|1290\n|player|p2|electricboogaloo12|cynthia|1380\n|teamsize|p1|6\n|teamsize|p2|6\n|gen|9\n|tier|[Gen 9] VGC 2023 Regulation E\n|rated|\n|rule|Species Clause: Limit one of each Pok\u00e9mon\n|rule|Item Clause: Limit one of each item\n|clearpoke\n|poke|p1|Iron Bundle, L50|\n|poke|p1|Talonflame, L50, M|\n|poke|p1|Flutter Mane, L50|\n|poke|p1|Cresselia, L50, F|\n|poke|p1|Tyranitar, L50, M|\n|poke|p1|Iron Hands, L50|\n|poke|p2|Gastrodon, L50, F|\n|poke|p2|Grimmsnarl, L50, M|\n|poke|p2|Articuno-Galar, L50|\n|poke|p2|Heatran, L50, M|\n|poke|p2|Houndoom, L50, M|\n|poke|p2|Farigiraf, L50, M|\n|teampreview|4\n|inactive|Battle timer is ON: inactive players will automatically lose when time's up. (requested by electricboogaloo12)\n|inactive|electricboogaloo12 has 60 seconds left.\n|\n|t:|1700708156\n|start\n|switch|p1a: Iron Bundle|Iron Bundle, L50|100\/100\n|switch|p1b: Tyranitar|Tyranitar, L50, M|100\/100\n|switch|p2a: Farigiraf|Farigiraf, L50, M|100\/100\n|switch|p2b: Articuno|Articuno-Galar, L50|100\/100\n|-weather|Sandstorm|[from] ability: Sand Stream|[of] p1b: Tyranitar\n|-enditem|p1a: Iron Bundle|Booster Energy\n|-activate|p1a: Iron Bundle|ability: Quark Drive|[fromitem]\n|-start|p1a: Iron Bundle|quarkdrivespe\n|turn|1\n|inactive|Mo mo 15 has 30 seconds left.\n|\n|t:|1700708183\n|move|p1a: Iron Bundle|Freeze-Dry|p2b: Articuno\n|-supereffective|p2b: Articuno\n|-damage|p2b: Articuno|43\/100\n|-status|p2b: Articuno|frz\n|move|p2a: Farigiraf|Trick|p1a: Iron Bundle\n|-activate|p2a: Farigiraf|move: Trick|[of] p1a: Iron Bundle\n|-item|p1a: Iron Bundle|Choice Scarf|[from] move: Trick\n|-enditem|p2a: Farigiraf|Choice Scarf|[silent]|[from] move: Trick\n|move|p1b: Tyranitar|Knock Off|p2a: Farigiraf\n|-supereffective|p2a: Farigiraf\n|-damage|p2a: Farigiraf|30\/100\n|cant|p2b: Articuno|frz\n|\n|-weather|Sandstorm|[upkeep]\n|-damage|p1a: Iron Bundle|94\/100|[from] Sandstorm\n|-damage|p2b: Articuno|37\/100 frz|[from] Sandstorm\n|-damage|p2a: Farigiraf|24\/100|[from] Sandstorm\n|upkeep\n|turn|2\n|inactive|Mo mo 15 has 30 seconds left.\n|inactive|Mo mo 15 has 20 seconds left.\n|\n|t:|1700708219\n|move|p1a: Iron Bundle|Water Pulse|p2b: Articuno\n|-damage|p2b: Articuno|9\/100 frz\n|move|p2a: Farigiraf|Dazzling Gleam|p1b: Tyranitar|[spread] p1a,p1b\n|-supereffective|p1b: Tyranitar\n|-damage|p1a: Iron Bundle|63\/100\n|-damage|p1b: Tyranitar|81\/100\n|-enditem|p1b: Tyranitar|Weakness Policy\n|-boost|p1b: Tyranitar|atk|2|[from] item: Weakness Policy\n|-boost|p1b: Tyranitar|spa|2|[from] item: Weakness Policy\n|move|p1b: Tyranitar|Knock Off|p2a: Farigiraf\n|-supereffective|p2a: Farigiraf\n|-damage|p2a: Farigiraf|0 fnt\n|faint|p2a: Farigiraf\n|cant|p2b: Articuno|frz\n|\n|-weather|Sandstorm|[upkeep]\n|-damage|p1a: Iron Bundle|57\/100|[from] Sandstorm\n|-damage|p2b: Articuno|3\/100 frz|[from] Sandstorm\n|upkeep\n|\n|t:|1700708228\n|switch|p2a: Heatran|Heatran, L50, M|100\/100\n|turn|3\n|\n|t:|1700708245\n|-terastallize|p2a: Heatran|Grass\n|move|p1a: Iron Bundle|Water Pulse|p2a: Heatran\n|-resisted|p2a: Heatran\n|-damage|p2a: Heatran|93\/100\n|-start|p2a: Heatran|confusion\n|cant|p2b: Articuno|frz\n|-activate|p2a: Heatran|confusion\n|move|p2a: Heatran|Tera Blast|p1b: Tyranitar|[anim] Tera Blast Grass\n|-supereffective|p1b: Tyranitar\n|-damage|p1b: Tyranitar|35\/100\n|move|p1b: Tyranitar|Rock Slide|p2a: Heatran|[spread] p2a,p2b\n|-supereffective|p2b: Articuno\n|-damage|p2a: Heatran|36\/100\n|-damage|p2b: Articuno|0 fnt\n|faint|p2b: Articuno\n|\n|-weather|Sandstorm|[upkeep]\n|-damage|p1a: Iron Bundle|51\/100|[from] Sandstorm\n|-damage|p2a: Heatran|30\/100|[from] Sandstorm\n|upkeep\n|\n|t:|1700708258\n|switch|p2b: Houndoom|Houndoom, L50, M|100\/100\n|turn|4\n|\n|t:|1700708274\n|-terastallize|p1b: Tyranitar|Psychic\n|move|p2b: Houndoom|Protect|p2b: Houndoom\n|-singleturn|p2b: Houndoom|Protect\n|move|p1a: Iron Bundle|Water Pulse|p2b: Houndoom\n|-activate|p2b: Houndoom|move: Protect\n|-activate|p2a: Heatran|confusion\n|move|p2a: Heatran|Tera Blast|p1b: Tyranitar|[anim] Tera Blast Grass\n|-damage|p1b: Tyranitar|0 fnt\n|faint|p1b: Tyranitar\n|\n|-weather|Sandstorm|[upkeep]\n|-damage|p1a: Iron Bundle|45\/100|[from] Sandstorm\n|-damage|p2a: Heatran|24\/100|[from] Sandstorm\n|upkeep\n|\n|t:|1700708289\n|switch|p1b: Flutter Mane|Flutter Mane, L50|100\/100\n|turn|5\n|\n|t:|1700708297\n|move|p1a: Iron Bundle|Water Pulse|p2b: Houndoom\n|-supereffective|p2b: Houndoom\n|-damage|p2b: Houndoom|27\/100\n|move|p1b: Flutter Mane|Dazzling Gleam|p2b: Houndoom|[spread] p2a,p2b\n|-damage|p2a: Heatran|0 fnt\n|-damage|p2b: Houndoom|0 fnt\n|faint|p2a: Heatran\n|faint|p2b: Houndoom\n|\n|win|Mo mo 15\n|raw|Mo mo 15's rating: 1290 &rarr; <strong>1321<\/strong><br \/>(+31 for winning)\n|raw|electricboogaloo12's rating: 1380 &rarr; <strong>1355<\/strong><br \/>(-25 for losing)\n|l|\u203delectricboogaloo12\n","uploadtime":1700708319,"views":14,"p1id":"momo15","p2id":"electricboogaloo12","formatid":"gen9vgc2023regulatione","rating":1321,"private":0,"password":""}