{"id":"gen9vgc2023regulatione-1988197279","p1":"mochipupusa","p2":"BowDog!","format":"[Gen 9] VGC 2023 Regulation E","log":"|j|\u2606mochipupusa\n|j|\u2606BowDog!\n|n|\u2606mochipupusa|mochipupusa\n|n|\u2606BowDog!|bowdog\n|html|View the match progress at <a href=\"\/game-bestof3-gen9vgc2023regulatione-1988194590\">game-bestof3-gen9vgc2023regulatione-1988194590<\/a>\n|t:|1699683454\n|gametype|doubles\n|player|p1|mochipupusa|2|\n|player|p2|BowDog!|winona|\n|teamsize|p1|6\n|teamsize|p2|6\n|gen|9\n|tier|[Gen 9] VGC 2023 Regulation E\n|rule|Species Clause: Limit one of each Pok\u00e9mon\n|rule|Item Clause: Limit one of each item\n|clearpoke\n|poke|p1|Roaring Moon, L50|\n|poke|p1|Milotic, L50, M|\n|poke|p1|Landorus-Therian, L50, M|\n|poke|p1|Flutter Mane, L50|\n|poke|p1|Iron Hands, L50|\n|poke|p1|Ogerpon-Hearthflame, L50, F|\n|poke|p2|Landorus-Therian, L50, M|\n|poke|p2|Tornadus, L50, M|\n|poke|p2|Iron Bundle, L50|\n|poke|p2|Sylveon, L50, F|\n|poke|p2|Ogerpon-Hearthflame, L50, F|\n|poke|p2|Urshifu-*, L50, F|\n|teampreview|4\nmochipupusa has agreed to open team sheets.\nBowDog! has agreed to open team sheets.\n|showteam|p1|Roaring Moon||BoosterEnergy|Protosynthesis|Acrobatics,KnockOff,Tailwind,Protect||||||50|,,,,,Flying]Milotic||Leftovers|Competitive|Scald,IcyWind,Haze,Protect|||M|||50|,,,,,Grass]Landorus-Therian||ChoiceScarf|Intimidate|StompingTantrum,Earthquake,RockSlide,Uturn|||M|||50|,,,,,Water]Flutter Mane||FairyFeather|Protosynthesis|ShadowBall,Moonblast,Substitute,Protect||||||50|,,,,,Fairy]Iron Hands||AssaultVest|QuarkDrive|FakeOut,WildCharge,DrainPunch,HeavySlam||||||50|,,,,,Water]Ogerpon-Hearthflame||HearthflameMask|MoldBreaker|IvyCudgel,WoodHammer,FollowMe,SpikyShield|||F|||50|,,,,,Fire\n|showteam|p2|Landorus-Therian||ChoiceScarf|Intimidate|StompingTantrum,TeraBlast,Uturn,RockSlide|||M|||50|,,,,,Flying]Tornadus||CovertCloak|Prankster|BleakwindStorm,Tailwind,Taunt,Uturn|||M|||50|,,,,,Poison]Iron Bundle||BoosterEnergy|QuarkDrive|FreezeDry,IcyWind,HydroPump,Protect||||||50|,,,,,Poison]Sylveon||ThroatSpray|Pixilate|HyperVoice,QuickAttack,TeraBlast,Protect|||F|||50|,,,,,Steel]Ogerpon-Hearthflame||HearthflameMask|MoldBreaker|HornLeech,IvyCudgel,FollowMe,SpikyShield|||F|||50|,,,,,Fire]Urshifu||FocusSash|UnseenFist|SuckerPunch,WickedBlow,CloseCombat,Protect|||F|||50|,,,,,Dark\n|\n|t:|1699683508\n|start\n|switch|p1a: Flutter Mane|Flutter Mane, L50|100\/100\n|switch|p1b: Iron Hands|Iron Hands, L50|100\/100\n|switch|p2a: Ogerpon|Ogerpon-Hearthflame, L50, F|100\/100\n|switch|p2b: Iron Bundle|Iron Bundle, L50|100\/100\n|-ability|p2a: Ogerpon|Mold Breaker\n|-enditem|p2b: Iron Bundle|Booster Energy\n|-activate|p2b: Iron Bundle|ability: Quark Drive|[fromitem]\n|-start|p2b: Iron Bundle|quarkdrivespe\n|turn|1\n|\n|t:|1699683564\n|move|p2b: Iron Bundle|Freeze-Dry|p1a: Flutter Mane\n|-damage|p1a: Flutter Mane|65\/100\n|move|p1a: Flutter Mane|Moonblast|p2a: Ogerpon\n|-resisted|p2a: Ogerpon\n|-damage|p2a: Ogerpon|66\/100\n|move|p2a: Ogerpon|Horn Leech|p1a: Flutter Mane\n|-damage|p1a: Flutter Mane|0 fnt\n|-heal|p2a: Ogerpon|94\/100|[from] drain|[of] p1a: Flutter Mane\n|faint|p1a: Flutter Mane\n|-end|p1a: Flutter Mane|Protosynthesis|[silent]\n|move|p1b: Iron Hands|Drain Punch|p2b: Iron Bundle\n|-supereffective|p2b: Iron Bundle\n|-damage|p2b: Iron Bundle|0 fnt\n|faint|p2b: Iron Bundle\n|-end|p2b: Iron Bundle|Quark Drive|[silent]\n|\n|upkeep\n|\n|t:|1699683584\n|switch|p2b: Landorus|Landorus-Therian, L50, M|100\/100\n|switch|p1a: Landorus|Landorus-Therian, L50, M|100\/100\n|-ability|p1a: Landorus|Intimidate|boost\n|-unboost|p2a: Ogerpon|atk|1\n|-unboost|p2b: Landorus|atk|1\n|-ability|p2b: Landorus|Intimidate|boost\n|-unboost|p1a: Landorus|atk|1\n|-unboost|p1b: Iron Hands|atk|1\n|turn|2\n|\n|t:|1699683620\n|move|p1a: Landorus|Stomping Tantrum|p2a: Ogerpon\n|-damage|p2a: Ogerpon|60\/100\n|move|p2b: Landorus|Stomping Tantrum|p1b: Iron Hands\n|-supereffective|p1b: Iron Hands\n|-damage|p1b: Iron Hands|59\/100\n|move|p2a: Ogerpon|Horn Leech|p1b: Iron Hands\n|-damage|p1b: Iron Hands|39\/100\n|-heal|p2a: Ogerpon|75\/100|[from] drain|[of] p1b: Iron Hands\n|move|p1b: Iron Hands|Drain Punch|p2b: Landorus\n|-resisted|p2b: Landorus\n|-crit|p2b: Landorus\n|-damage|p2b: Landorus|65\/100\n|-heal|p1b: Iron Hands|52\/100|[from] drain|[of] p2b: Landorus\n|\n|upkeep\n|turn|3\n|\n|t:|1699683644\n|switch|p1a: Milotic|Milotic, L50, M|100\/100\n|-terastallize|p2b: Landorus|Flying\n|move|p2b: Landorus|Stomping Tantrum|p1b: Iron Hands\n|-supereffective|p1b: Iron Hands\n|-damage|p1b: Iron Hands|11\/100\n|move|p2a: Ogerpon|Horn Leech|p1b: Iron Hands\n|-damage|p1b: Iron Hands|0 fnt\n|-heal|p2a: Ogerpon|82\/100|[from] drain|[of] p1b: Iron Hands\n|faint|p1b: Iron Hands\n|-end|p1b: Iron Hands|Quark Drive|[silent]\n|\n|upkeep\n|\n|t:|1699683657\n|switch|p1b: Landorus|Landorus-Therian, L50, M|100\/100\n|-ability|p1b: Landorus|Intimidate|boost\n|-unboost|p2a: Ogerpon|atk|1\n|-unboost|p2b: Landorus|atk|1\n|turn|4\n|\n|t:|1699683707\n|move|p1a: Milotic|Protect|p1a: Milotic\n|-singleturn|p1a: Milotic|Protect\n|move|p1b: Landorus|U-turn|p2a: Ogerpon\n|-damage|p2a: Ogerpon|50\/100\n|move|p2b: Landorus|Stomping Tantrum|p1a: Milotic\n|-activate|p1a: Milotic|move: Protect\n|move|p2a: Ogerpon|Horn Leech|p1a: Milotic\n|-activate|p1a: Milotic|move: Protect\n|\n|upkeep\n|turn|5\n|\n|t:|1699683735\n|-terastallize|p1a: Milotic|Grass\n|move|p1b: Landorus|U-turn|p2a: Ogerpon\n|-damage|p2a: Ogerpon|22\/100\n|move|p2b: Landorus|Stomping Tantrum|p1a: Milotic\n|-resisted|p1a: Milotic\n|-damage|p1a: Milotic|90\/100\n|move|p2a: Ogerpon|Horn Leech|p1a: Milotic\n|-resisted|p1a: Milotic\n|-damage|p1a: Milotic|79\/100\n|-heal|p2a: Ogerpon|29\/100|[from] drain|[of] p1a: Milotic\n|move|p1a: Milotic|Icy Wind|p2a: Ogerpon|[spread] p2a,p2b\n|-supereffective|p2b: Landorus\n|-damage|p2a: Ogerpon|17\/100\n|-damage|p2b: Landorus|38\/100\n|-unboost|p2a: Ogerpon|spe|1\n|-unboost|p2b: Landorus|spe|1\n|\n|-heal|p1a: Milotic|85\/100|[from] item: Leftovers\n|upkeep\n|turn|6\n|\n|t:|1699683773\n|switch|p2b: Urshifu|Urshifu, L50, F|100\/100\n|move|p2a: Ogerpon|Spiky Shield|p2a: Ogerpon\n|-singleturn|p2a: Ogerpon|move: Protect\n|move|p1a: Milotic|Protect|p1a: Milotic\n|-singleturn|p1a: Milotic|Protect\n|move|p1b: Landorus|U-turn|p2a: Ogerpon\n|-activate|p2a: Ogerpon|move: Protect\n|-damage|p1b: Landorus|88\/100|[from] Spiky Shield|[of] p2a: Ogerpon\n|\n|-heal|p1a: Milotic|91\/100|[from] item: Leftovers\n|upkeep\n|turn|7\n|\n|t:|1699683792\n|switch|p2a: Landorus|Landorus-Therian, L50, M, tera:Flying|38\/100\n|-ability|p2a: Landorus|Intimidate|boost\n|-unboost|p1a: Milotic|atk|1\n|-ability|p1a: Milotic|Competitive|boost\n|-boost|p1a: Milotic|spa|2\n|-unboost|p1b: Landorus|atk|1\n|move|p2b: Urshifu|Protect|p2b: Urshifu\n|-singleturn|p2b: Urshifu|Protect\n|move|p1b: Landorus|U-turn|p2a: Landorus\n|-resisted|p2a: Landorus\n|-damage|p2a: Landorus|28\/100\n|move|p1a: Milotic|Scald|p2b: Urshifu\n|-activate|p2b: Urshifu|move: Protect\n|\n|-heal|p1a: Milotic|97\/100|[from] item: Leftovers\n|upkeep\n|turn|8\n|\n|t:|1699683830\n|switch|p2b: Ogerpon|Ogerpon-Hearthflame, L50, F|17\/100\n|-ability|p2b: Ogerpon|Mold Breaker\n|move|p1b: Landorus|U-turn|p2a: Landorus\n|-resisted|p2a: Landorus\n|-damage|p2a: Landorus|19\/100\n|move|p2a: Landorus|Tera Blast|p1a: Milotic|[anim] Tera Blast Flying\n|-supereffective|p1a: Milotic\n|-damage|p1a: Milotic|0 fnt\n|faint|p1a: Milotic\n|\n|upkeep\n|turn|9\n|c|\u2606mochipupusa|gg\n|c|\u2606mochipupusa|that was v good\n|\n|t:|1699683869\n|switch|p2a: Urshifu|Urshifu, L50, F|100\/100\n|move|p1b: Landorus|U-turn|p2a: Urshifu\n|-damage|p2a: Urshifu|82\/100\n|move|p2b: Ogerpon|Horn Leech|p1b: Landorus\n|-damage|p1b: Landorus|47\/100\n|-heal|p2b: Ogerpon|41\/100|[from] drain|[of] p1b: Landorus\n|\n|upkeep\n|turn|10\n|\n|t:|1699683884\n|move|p1b: Landorus|U-turn|p2a: Urshifu\n|-damage|p2a: Urshifu|66\/100\n|move|p2b: Ogerpon|Horn Leech|p1b: Landorus\n|-damage|p1b: Landorus|3\/100\n|-heal|p2b: Ogerpon|66\/100|[from] drain|[of] p1b: Landorus\n|move|p2a: Urshifu|Wicked Blow|p1b: Landorus\n|-crit|p1b: Landorus\n|-damage|p1b: Landorus|0 fnt\n|faint|p1b: Landorus\n|\n|win|BowDog!\n|c|&|\/uhtml prompt-mochipupusa,mochipupusa is ready for game 3!\n|inactive|BowDog! has 50 seconds to confirm battle start!\n|c|&|\/uhtml prompt-mochipupusa,mochipupusa is ready for game 3!\n|inactive|BowDog! has 40 seconds to confirm battle start!\n","uploadtime":1699683908,"views":22,"p1id":"mochipupusa","p2id":"bowdog","formatid":"gen9vgc2023regulatione","rating":0,"private":0,"password":""}