{"id":"gen9vgc2023regulatione-1992257125","p1":"Moth Master158","p2":"kidturtle","format":"[Gen 9] VGC 2023 Regulation E","log":"|j|\u2606Moth Master158\n|j|\u2606kidturtle\n|t:|1700168317\n|gametype|doubles\n|player|p1|Moth Master158|ethan-masters|\n|player|p2|kidturtle|hoopster|\n|teamsize|p1|6\n|teamsize|p2|6\n|gen|9\n|tier|[Gen 9] VGC 2023 Regulation E\n|rated|Tournament battle\n|rule|Species Clause: Limit one of each Pok\u00e9mon\n|rule|Item Clause: Limit one of each item\n|clearpoke\n|poke|p1|Urshifu-*, L50, F|\n|poke|p1|Gholdengo, L50|\n|poke|p1|Ogerpon-Wellspring, L50, F|\n|poke|p1|Iron Hands, L50|\n|poke|p1|Farigiraf, L50, M|\n|poke|p1|Tornadus, L50, M|\n|poke|p2|Ursaluna, L50, M|\n|poke|p2|Cresselia, L50, F|\n|poke|p2|Flutter Mane, L50|\n|poke|p2|Chi-Yu, L50|\n|poke|p2|Iron Hands, L50|\n|poke|p2|Urshifu-*, L50, M|\n|teampreview|4\n|showteam|p1|Urshifu||BlackGlasses|UnseenFist|WickedBlow,SuckerPunch,CloseCombat,SwordsDance|||F|||50|,,,,,Poison]Gholdengo||ChoiceSpecs|GoodasGold|MakeItRain,ShadowBall,Thunderbolt,PowerGem||||||50|,,,,,Steel]Ogerpon-Wellspring||WellspringMask|WaterAbsorb|IvyCudgel,HornLeech,FollowMe,SpikyShield|||F|||50|,,,,,Water]Iron Hands||BoosterEnergy|QuarkDrive|FakeOut,CloseCombat,WildCharge,IcePunch||||||50|,,,,,Grass]Farigiraf||SafetyGoggles|ArmorTail|Psychic,DazzlingGleam,NastyPlot,TrickRoom|||M|||50|,,,,,Fairy]Tornadus||SkyPlate|Prankster|BleakwindStorm,Tailwind,Taunt,ScaryFace|||M|||50|,,,,,Flying\n|showteam|p2|Ursaluna||FlameOrb|Guts|Facade,Earthquake,SwordsDance,Protect|||M|||50|,,,,,Ghost]Cresselia||MentalHerb|Levitate|IceBeam,AllySwitch,LunarBlessing,TrickRoom|||F|||50|,,,,,Fairy]Flutter Mane||BoosterEnergy|Protosynthesis|IcyWind,ShadowBall,Moonblast,Protect||||||50|,,,,,Fairy]Chi-Yu||ChoiceSpecs|BeadsofRuin|BurningJealousy,DarkPulse,Overheat,Snarl||||||50|,,,,,Ghost]Iron Hands||SitrusBerry|QuarkDrive|DrainPunch,WildCharge,FakeOut,SwordsDance||||||50|,,,,,Fire]Urshifu||FocusSash|UnseenFist|Detect,WickedBlow,CloseCombat,SuckerPunch|||M|||50|,,,,,Dark\n|inactive|Battle timer is ON: inactive players will automatically lose when time's up. (requested by kidturtle)\n|\n|t:|1700168350\n|start\n|switch|p1a: Scrapper|Iron Hands, L50, shiny|100\/100\n|switch|p1b: Maestro|Tornadus, L50, M|100\/100\n|switch|p2a: Flutter Mane|Flutter Mane, L50, shiny|100\/100\n|switch|p2b: Chi-Yu|Chi-Yu, L50|100\/100\n|-ability|p2b: Chi-Yu|Beads of Ruin\n|-enditem|p2a: Flutter Mane|Booster Energy\n|-activate|p2a: Flutter Mane|ability: Protosynthesis|[fromitem]\n|-start|p2a: Flutter Mane|protosynthesisspe\n|-enditem|p1a: Scrapper|Booster Energy\n|-activate|p1a: Scrapper|ability: Quark Drive|[fromitem]\n|-start|p1a: Scrapper|quarkdriveatk\n|turn|1\n|inactive|Moth Master158 has 30 seconds left.\n|\n|t:|1700168381\n|move|p1b: Maestro|Tailwind|p1b: Maestro\n|-sidestart|p1: Moth Master158|move: Tailwind\n|move|p2a: Flutter Mane|Moonblast|p1a: Scrapper\n|-supereffective|p1a: Scrapper\n|-crit|p1a: Scrapper\n|-damage|p1a: Scrapper|0 fnt\n|faint|p1a: Scrapper\n|-end|p1a: Scrapper|Quark Drive|[silent]\n|move|p2b: Chi-Yu|Burning Jealousy|p1b: Maestro\n|-damage|p1b: Maestro|11\/100\n|\n|upkeep\n|\n|t:|1700168390\n|switch|p1a: PonPon!urTEAMgone|Ogerpon-Wellspring, L50, F|100\/100\n|turn|2\n|\n|t:|1700168397\n|move|p1a: PonPon!urTEAMgone|Spiky Shield|p1a: PonPon!urTEAMgone\n|-singleturn|p1a: PonPon!urTEAMgone|move: Protect\n|move|p2a: Flutter Mane|Moonblast|p1a: PonPon!urTEAMgone\n|-activate|p1a: PonPon!urTEAMgone|move: Protect\n|move|p1b: Maestro|Bleakwind Storm|p2b: Chi-Yu|[spread] p2a\n|-miss|p1b: Maestro|p2b: Chi-Yu\n|-damage|p2a: Flutter Mane|38\/100\n|-unboost|p2a: Flutter Mane|spe|1\n|move|p2b: Chi-Yu|Burning Jealousy|p1b: Maestro|[spread] p1b\n|-activate|p1a: PonPon!urTEAMgone|move: Protect\n|-damage|p1b: Maestro|0 fnt\n|faint|p1b: Maestro\n|\n|upkeep\n|\n|t:|1700168409\n|switch|p1b: Wicked Shades|Urshifu, L50, F|100\/100\n|turn|3\n|\n|t:|1700168421\n|-terastallize|p1b: Wicked Shades|Poison\n|move|p1a: PonPon!urTEAMgone|Ivy Cudgel|p2b: Chi-Yu|[anim] Ivy Cudgel Water\n|-supereffective|p2b: Chi-Yu\n|-damage|p2b: Chi-Yu|0 fnt\n|faint|p2b: Chi-Yu\n|move|p1b: Wicked Shades|Swords Dance|p1b: Wicked Shades\n|-boost|p1b: Wicked Shades|atk|2\n|move|p2a: Flutter Mane|Moonblast|p1b: Wicked Shades\n|-resisted|p1b: Wicked Shades\n|-damage|p1b: Wicked Shades|67\/100\n|\n|upkeep\n|\n|t:|1700168426\n|switch|p2b: Cresselia|Cresselia, L50, F|100\/100\n|turn|4\n|\n|t:|1700168444\n|-terastallize|p2b: Cresselia|Fairy\n|move|p1a: PonPon!urTEAMgone|Ivy Cudgel|p2b: Cresselia|[anim] Ivy Cudgel Water\n|-damage|p2b: Cresselia|66\/100\n|move|p1b: Wicked Shades|Wicked Blow|p2b: Cresselia\n|-resisted|p2b: Cresselia\n|-crit|p2b: Cresselia\n|-damage|p2b: Cresselia|23\/100\n|move|p2a: Flutter Mane|Moonblast|p1a: PonPon!urTEAMgone\n|-damage|p1a: PonPon!urTEAMgone|52\/100\n|-unboost|p1a: PonPon!urTEAMgone|spa|1\n|move|p2b: Cresselia|Trick Room|p2b: Cresselia\n|-fieldstart|move: Trick Room|[of] p2b: Cresselia\n|\n|-sideend|p1: Moth Master158|move: Tailwind\n|upkeep\n|turn|5\n|inactive|Moth Master158 has 30 seconds left.\n|\n|t:|1700168478\n|move|p2b: Cresselia|Ice Beam|p1b: Wicked Shades\n|-damage|p1b: Wicked Shades|48\/100\n|move|p1b: Wicked Shades|Wicked Blow|p2b: Cresselia\n|-resisted|p2b: Cresselia\n|-crit|p2b: Cresselia\n|-damage|p2b: Cresselia|0 fnt\n|faint|p2b: Cresselia\n|move|p1a: PonPon!urTEAMgone|Ivy Cudgel|p2a: Flutter Mane|[anim] Ivy Cudgel Water\n|-damage|p2a: Flutter Mane|0 fnt\n|faint|p2a: Flutter Mane\n|-end|p2a: Flutter Mane|Protosynthesis|[silent]\n|\n|upkeep\n|\n|t:|1700168486\n|switch|p2b: Ursaluna|Ursaluna, L50, M|100\/100\n|turn|6\n|\n|t:|1700168498\n|move|p1a: PonPon!urTEAMgone|Follow Me|p1a: PonPon!urTEAMgone\n|-singleturn|p1a: PonPon!urTEAMgone|move: Follow Me\n|move|p2b: Ursaluna|Earthquake|p1b: Wicked Shades|[spread] p1a,p1b\n|-resisted|p1a: PonPon!urTEAMgone\n|-supereffective|p1b: Wicked Shades\n|-damage|p1a: PonPon!urTEAMgone|27\/100\n|-damage|p1b: Wicked Shades|0 fnt\n|faint|p1b: Wicked Shades\n|\n|-status|p2b: Ursaluna|brn|[from] item: Flame Orb\n|upkeep\n|turn|7\n|\n|t:|1700168505\n|move|p1a: PonPon!urTEAMgone|Spiky Shield|p1a: PonPon!urTEAMgone\n|-singleturn|p1a: PonPon!urTEAMgone|move: Protect\n|move|p2b: Ursaluna|Earthquake|p1a: PonPon!urTEAMgone\n|-activate|p1a: PonPon!urTEAMgone|move: Protect\n|\n|-damage|p2b: Ursaluna|95\/100 brn|[from] brn\n|upkeep\n|turn|8\n|\n|t:|1700168513\n|move|p2b: Ursaluna|Facade|p1a: PonPon!urTEAMgone\n|-damage|p1a: PonPon!urTEAMgone|0 fnt\n|faint|p1a: PonPon!urTEAMgone\n|\n|win|kidturtle\n|n|\u2606Moth Master158|mothmaster158\n|n|\u2606kidturtle|kidturtle\n","uploadtime":1700168519,"views":41,"p1id":"mothmaster158","p2id":"kidturtle","formatid":"gen9vgc2023regulatione","rating":0,"private":0,"password":""}