{"id":"gen9vgc2023regulatione-1993458754","p1":"tt11823","p2":"syelza","format":"[Gen 9] VGC 2023 Regulation E","log":"|j|\u2606tt11823\n|j|\u2606syelza\n|t:|1700320438\n|gametype|doubles\n|player|p1|tt11823|waiter-gen9|1142\n|player|p2|syelza|170|1246\n|teamsize|p1|6\n|teamsize|p2|6\n|gen|9\n|tier|[Gen 9] VGC 2023 Regulation E\n|rated|\n|rule|Species Clause: Limit one of each Pok\u00e9mon\n|rule|Item Clause: Limit one of each item\n|clearpoke\n|poke|p1|Heatran, L50, M|\n|poke|p1|Iron Hands, L50|\n|poke|p1|Sinistcha, L50|\n|poke|p1|Goodra-Hisui, L50, M|\n|poke|p1|Urshifu-*, L50, F|\n|poke|p1|Tornadus, L50, M|\n|poke|p2|Flutter Mane, L50|\n|poke|p2|Landorus-Therian, L50, M|\n|poke|p2|Heatran, L50, F|\n|poke|p2|Ogerpon-Wellspring, L50, F|\n|poke|p2|Weezing, L50, F|\n|poke|p2|Iron Hands, L50|\n|teampreview|4\n|\n|t:|1700320476\n|start\n|switch|p1a: Tornadus|Tornadus, L50, M|100\/100\n|switch|p1b: Goodra|Goodra-Hisui, L50, M|100\/100\n|switch|p2a: Landorus|Landorus-Therian, L50, M|100\/100\n|switch|p2b: Iron Hands|Iron Hands, L50|100\/100\n|-ability|p2a: Landorus|Intimidate|boost\n|-unboost|p1a: Tornadus|atk|1\n|-unboost|p1b: Goodra|atk|1\n|turn|1\n|\n|t:|1700320491\n|move|p2b: Iron Hands|Fake Out|p1b: Goodra\n|-resisted|p1b: Goodra\n|-damage|p1b: Goodra|96\/100\n|-damage|p2b: Iron Hands|84\/100|[from] item: Rocky Helmet|[of] p1b: Goodra\n|move|p2a: Landorus|Stomping Tantrum|p1b: Goodra\n|-supereffective|p1b: Goodra\n|-damage|p1b: Goodra|35\/100\n|-damage|p2a: Landorus|84\/100|[from] item: Rocky Helmet|[of] p1b: Goodra\n|move|p1a: Tornadus|Icy Wind|p2a: Landorus|[spread] p2a,p2b\n|-supereffective|p2a: Landorus\n|-damage|p2a: Landorus|19\/100\n|-damage|p2b: Iron Hands|77\/100\n|-unboost|p2a: Landorus|spe|1\n|-unboost|p2b: Iron Hands|spe|1\n|cant|p1b: Goodra|flinch\n|\n|upkeep\n|turn|2\n|\n|t:|1700320510\n|move|p1a: Tornadus|Bleakwind Storm|p2a: Landorus|[spread] p2a,p2b\n|-damage|p2a: Landorus|0 fnt\n|-damage|p2b: Iron Hands|59\/100\n|faint|p2a: Landorus\n|move|p1b: Goodra|Life Dew||[still]|[spread] p1a,p1b\n|-fail|p1a: Tornadus|heal\n|-heal|p1b: Goodra|60\/100\n|move|p2b: Iron Hands|Wild Charge|p1a: Tornadus\n|-supereffective|p1a: Tornadus\n|-damage|p1a: Tornadus|0 fnt\n|faint|p1a: Tornadus\n|-damage|p2b: Iron Hands|41\/100|[from] Recoil\n|\n|upkeep\n|\n|t:|1700320524\n|switch|p1a: Iron Hands|Iron Hands, L50|100\/100\n|switch|p2a: Ogerpon|Ogerpon-Wellspring, L50, F|100\/100\n|turn|3\n|\n|t:|1700320531\n|move|p1a: Iron Hands|Fake Out|p2b: Iron Hands\n|-damage|p2b: Iron Hands|32\/100\n|move|p2a: Ogerpon|Follow Me|p2a: Ogerpon\n|-singleturn|p2a: Ogerpon|move: Follow Me\n|move|p1b: Goodra|Shelter|p1b: Goodra\n|-boost|p1b: Goodra|def|2\n|cant|p2b: Iron Hands|flinch\n|\n|upkeep\n|turn|4\n|\n|t:|1700320546\n|move|p2a: Ogerpon|Spiky Shield|p2a: Ogerpon\n|-singleturn|p2a: Ogerpon|move: Protect\n|move|p1b: Goodra|Life Dew||[still]|[spread] p1a,p1b\n|-fail|p1a: Iron Hands|heal\n|-heal|p1b: Goodra|85\/100\n|move|p1a: Iron Hands|Wild Charge|p2a: Ogerpon\n|-activate|p2a: Ogerpon|move: Protect\n|-damage|p1a: Iron Hands|88\/100|[from] Spiky Shield|[of] p2a: Ogerpon\n|move|p2b: Iron Hands|Drain Punch|p1b: Goodra\n|-supereffective|p1b: Goodra\n|-damage|p1b: Goodra|55\/100\n|-heal|p2b: Iron Hands|44\/100|[from] drain|[of] p1b: Goodra\n|-damage|p2b: Iron Hands|27\/100|[from] item: Rocky Helmet|[of] p1b: Goodra\n|\n|upkeep\n|turn|5\n|\n|t:|1700320562\n|move|p2a: Ogerpon|Follow Me|p2a: Ogerpon\n|-singleturn|p2a: Ogerpon|move: Follow Me\n|move|p1b: Goodra|Shelter|p1b: Goodra\n|-boost|p1b: Goodra|def|2\n|move|p1a: Iron Hands|Volt Switch|p2a: Ogerpon\n|-damage|p2a: Ogerpon|86\/100\n|\n|t:|1700320567\n|-end|p1a: Iron Hands|Quark Drive|[silent]\n|switch|p1a: Urshifu|Urshifu-Rapid-Strike, L50, F|100\/100|[from] Volt Switch\n|move|p2b: Iron Hands|Drain Punch|p1a: Urshifu\n|-damage|p1a: Urshifu|56\/100\n|-heal|p2b: Iron Hands|45\/100|[from] drain|[of] p1a: Urshifu\n|\n|upkeep\n|turn|6\n|\n|t:|1700320580\n|move|p1a: Urshifu|U-turn|p2a: Ogerpon\n|-supereffective|p2a: Ogerpon\n|-damage|p2a: Ogerpon|31\/100\n|\n|t:|1700320582\n|switch|p1a: Iron Hands|Iron Hands, L50|88\/100|[from] U-turn\n|move|p2a: Ogerpon|Horn Leech|p1a: Iron Hands\n|-damage|p1a: Iron Hands|61\/100\n|-heal|p2a: Ogerpon|49\/100|[from] drain|[of] p1a: Iron Hands\n|move|p1b: Goodra|Life Dew|p1b: Goodra|[spread] p1a,p1b\n|-heal|p1a: Iron Hands|87\/100\n|-heal|p1b: Goodra|80\/100\n|move|p2b: Iron Hands|Drain Punch|p1a: Iron Hands\n|-damage|p1a: Iron Hands|57\/100\n|-heal|p2b: Iron Hands|61\/100|[from] drain|[of] p1a: Iron Hands\n|\n|upkeep\n|turn|7\n|\n|t:|1700320600\n|move|p1a: Iron Hands|Fake Out|p2b: Iron Hands\n|-damage|p2b: Iron Hands|52\/100\n|move|p2a: Ogerpon|Ivy Cudgel|p1a: Iron Hands|[anim] Ivy Cudgel Water\n|-crit|p1a: Iron Hands\n|-damage|p1a: Iron Hands|2\/100\n|move|p1b: Goodra|Life Dew|p1b: Goodra|[spread] p1a,p1b\n|-heal|p1a: Iron Hands|27\/100\n|-heal|p1b: Goodra|100\/100\n|cant|p2b: Iron Hands|flinch\n|\n|upkeep\n|turn|8\n|\n|t:|1700320613\n|move|p2a: Ogerpon|Horn Leech|p1a: Iron Hands\n|-damage|p1a: Iron Hands|0 fnt\n|-heal|p2a: Ogerpon|67\/100|[from] drain|[of] p1a: Iron Hands\n|faint|p1a: Iron Hands\n|-end|p1a: Iron Hands|Quark Drive|[silent]\n|move|p1b: Goodra|Body Press|p2a: Ogerpon\n|-damage|p2a: Ogerpon|0 fnt\n|faint|p2a: Ogerpon\n|move|p2b: Iron Hands|Drain Punch|p1b: Goodra\n|-supereffective|p1b: Goodra\n|-damage|p1b: Goodra|81\/100\n|-heal|p2b: Iron Hands|59\/100|[from] drain|[of] p1b: Goodra\n|-damage|p2b: Iron Hands|43\/100|[from] item: Rocky Helmet|[of] p1b: Goodra\n|\n|upkeep\n|\n|t:|1700320625\n|switch|p2a: Flutter Mane|Flutter Mane, L50|100\/100\n|switch|p1a: Urshifu|Urshifu-Rapid-Strike, L50, F|56\/100\n|-enditem|p2a: Flutter Mane|Booster Energy\n|-activate|p2a: Flutter Mane|ability: Protosynthesis|[fromitem]\n|-start|p2a: Flutter Mane|protosynthesisspe\n|turn|9\n|\n|t:|1700320635\n|-terastallize|p1a: Urshifu|Water\n|move|p2a: Flutter Mane|Shadow Ball|p1b: Goodra\n|-damage|p1b: Goodra|56\/100\n|move|p1a: Urshifu|Surging Strikes|p2a: Flutter Mane\n|-crit|p2a: Flutter Mane\n|-damage|p2a: Flutter Mane|60\/100\n|-crit|p2a: Flutter Mane\n|-damage|p2a: Flutter Mane|20\/100\n|-crit|p2a: Flutter Mane\n|-damage|p2a: Flutter Mane|0 fnt\n|faint|p2a: Flutter Mane\n|-end|p2a: Flutter Mane|Protosynthesis|[silent]\n|-hitcount|p2: Flutter Mane|3\n|move|p1b: Goodra|Body Press|p2b: Iron Hands\n|-damage|p2b: Iron Hands|0 fnt\n|faint|p2b: Iron Hands\n|-end|p2b: Iron Hands|Quark Drive|[silent]\n|\n|win|tt11823\n|raw|tt11823's rating: 1142 &rarr; <strong>1174<\/strong><br \/>(+32 for winning)\n|raw|syelza's rating: 1246 &rarr; <strong>1214<\/strong><br \/>(-32 for losing)\n|l|\u2606syelza\n","uploadtime":1700320652,"views":11,"p1id":"tt11823","p2id":"syelza","formatid":"gen9vgc2023regulatione","rating":1174,"private":0,"password":""}