{"id":"gen9vgc2023regulatione-1990746289","p1":"JayBird1933","p2":"Kzejzk","format":"[Gen 9] VGC 2023 Regulation E","log":"|j|\u2606JayBird1933\n|j|\u2606Kzejzk\n|t:|1699996956\n|gametype|doubles\n|player|p1|JayBird1933|169|1097\n|player|p2|Kzejzk|lance|1046\n|teamsize|p1|6\n|teamsize|p2|6\n|gen|9\n|tier|[Gen 9] VGC 2023 Regulation E\n|rated|\n|rule|Species Clause: Limit one of each Pok\u00e9mon\n|rule|Item Clause: Limit one of each item\n|clearpoke\n|poke|p1|Weezing, L50, M|\n|poke|p1|Slaking, L50, M|\n|poke|p1|Flutter Mane, L50|\n|poke|p1|Torkoal, L50, M|\n|poke|p1|Ogerpon-Wellspring, L50, F|\n|poke|p1|Iron Hands, L50|\n|poke|p2|Flutter Mane, L50|\n|poke|p2|Tornadus, L50, M|\n|poke|p2|Rillaboom, L50, M|\n|poke|p2|Garganacl, L50, F|\n|poke|p2|Arcanine-Hisui, L50, M|\n|poke|p2|Chien-Pao, L50|\n|teampreview|4\n|\n|t:|1699996980\n|start\n|switch|p1a: Weezing|Weezing, L50, M|100\/100\n|switch|p1b: Slaking|Slaking, L50, M|100\/100\n|switch|p2a: Tornadus|Tornadus, L50, M|100\/100\n|switch|p2b: Garganacl|Garganacl, L50, F|100\/100\n|-ability|p1a: Weezing|Neutralizing Gas\n|turn|1\n|\n|t:|1699996990\n|-terastallize|p2b: Garganacl|Ghost\n|move|p2a: Tornadus|Taunt|p1a: Weezing\n|-start|p1a: Weezing|move: Taunt\n|move|p1b: Slaking|Ice Punch|p2a: Tornadus\n|-supereffective|p2a: Tornadus\n|-damage|p2a: Tornadus|9\/100\n|-damage|p1b: Slaking|84\/100|[from] item: Rocky Helmet|[of] p2a: Tornadus\n|move|p1a: Weezing|Heat Wave|p2b: Garganacl|[spread] p2a,p2b\n|-damage|p2a: Tornadus|0 fnt\n|-damage|p2b: Garganacl|91\/100\n|faint|p2a: Tornadus\n|move|p2b: Garganacl|Salt Cure|p1b: Slaking\n|-damage|p1b: Slaking|74\/100\n|\n|upkeep\n|\n|t:|1699997009\n|switch|p2a: Flutter Mane|Flutter Mane, L50|100\/100\n|-enditem|p2a: Flutter Mane|Booster Energy\n|-activate|p2a: Flutter Mane|ability: Protosynthesis|[fromitem]\n|-start|p2a: Flutter Mane|protosynthesisspe\n|turn|2\n|\n|t:|1699997018\n|move|p2a: Flutter Mane|Protect|p2a: Flutter Mane\n|-singleturn|p2a: Flutter Mane|Protect\n|move|p1b: Slaking|Throat Chop|p2a: Flutter Mane\n|-activate|p2a: Flutter Mane|move: Protect\n|move|p1a: Weezing|Heat Wave|p2a: Flutter Mane|[spread] p2b\n|-activate|p2a: Flutter Mane|move: Protect\n|-damage|p2b: Garganacl|82\/100\n|move|p2b: Garganacl|Salt Cure|p1a: Weezing\n|-damage|p1a: Weezing|88\/100\n|-start|p1a: Weezing|Salt Cure\n|\n|-heal|p1a: Weezing|94\/100|[from] item: Black Sludge\n|-damage|p1a: Weezing|81\/100|[from] Salt Cure\n|upkeep\n|turn|3\n|\n|t:|1699997033\n|move|p2a: Flutter Mane|Substitute|p2a: Flutter Mane\n|-start|p2a: Flutter Mane|Substitute\n|-damage|p2a: Flutter Mane|76\/100\n|move|p1b: Slaking|Throat Chop|p2a: Flutter Mane\n|-end|p2a: Flutter Mane|Substitute\n|move|p1a: Weezing|Heat Wave|p2b: Garganacl|[spread] p2b\n|-miss|p1a: Weezing|p2a: Flutter Mane\n|-damage|p2b: Garganacl|73\/100\n|move|p2b: Garganacl|Iron Defense|p2b: Garganacl\n|-boost|p2b: Garganacl|def|2\n|\n|-heal|p1a: Weezing|87\/100|[from] item: Black Sludge\n|-damage|p1a: Weezing|75\/100|[from] Salt Cure\n|-end|p1a: Weezing|move: Taunt\n|upkeep\n|turn|4\n|\n|t:|1699997050\n|move|p2a: Flutter Mane|Protect|p2a: Flutter Mane\n|-singleturn|p2a: Flutter Mane|Protect\n|move|p1b: Slaking|Throat Chop|p2b: Garganacl\n|-supereffective|p2b: Garganacl\n|-damage|p2b: Garganacl|49\/100\n|-start|p2b: Garganacl|Throat Chop|[silent]\n|-enditem|p2b: Garganacl|Sitrus Berry|[eat]\n|-heal|p2b: Garganacl|74\/100|[from] item: Sitrus Berry\n|move|p1a: Weezing|Sludge Bomb|p2a: Flutter Mane\n|-activate|p2a: Flutter Mane|move: Protect\n|move|p2b: Garganacl|Salt Cure|p1b: Slaking\n|-damage|p1b: Slaking|65\/100\n|\n|-heal|p1a: Weezing|81\/100|[from] item: Black Sludge\n|-damage|p1a: Weezing|69\/100|[from] Salt Cure\n|upkeep\n|turn|5\n|\n|t:|1699997073\n|move|p2a: Flutter Mane|Moonblast|p1b: Slaking\n|-damage|p1b: Slaking|18\/100\n|move|p1b: Slaking|Throat Chop|p2a: Flutter Mane\n|-damage|p2a: Flutter Mane|2\/100\n|-start|p2a: Flutter Mane|Throat Chop|[silent]\n|move|p1a: Weezing|Will-O-Wisp|p2b: Garganacl\n|-status|p2b: Garganacl|brn\n|move|p2b: Garganacl|Iron Defense|p2b: Garganacl\n|-boost|p2b: Garganacl|def|2\n|\n|-heal|p1a: Weezing|74\/100|[from] item: Black Sludge\n|-damage|p2b: Garganacl|68\/100 brn|[from] brn\n|-damage|p1a: Weezing|62\/100|[from] Salt Cure\n|-end|p2b: Garganacl|Throat Chop|[silent]\n|upkeep\n|turn|6\n|\n|t:|1699997088\n|move|p2a: Flutter Mane|Protect|p2a: Flutter Mane\n|-singleturn|p2a: Flutter Mane|Protect\n|move|p1b: Slaking|Protect|p1b: Slaking\n|-singleturn|p1b: Slaking|Protect\n|move|p1a: Weezing|Heat Wave|p2b: Garganacl|[spread] p2b\n|-activate|p2a: Flutter Mane|move: Protect\n|-damage|p2b: Garganacl|58\/100 brn\n|move|p2b: Garganacl|Salt Cure|p1b: Slaking\n|-activate|p1b: Slaking|move: Protect\n|\n|-heal|p1a: Weezing|68\/100|[from] item: Black Sludge\n|-damage|p2b: Garganacl|52\/100 brn|[from] brn\n|-damage|p1a: Weezing|56\/100|[from] Salt Cure\n|-end|p2a: Flutter Mane|Throat Chop|[silent]\n|upkeep\n|turn|7\n|\n|t:|1699997106\n|move|p2a: Flutter Mane|Shadow Ball|p1a: Weezing\n|-damage|p1a: Weezing|15\/100\n|move|p1b: Slaking|Throat Chop|p2b: Garganacl\n|-supereffective|p2b: Garganacl\n|-damage|p2b: Garganacl|34\/100 brn\n|-start|p2b: Garganacl|Throat Chop|[silent]\n|move|p1a: Weezing|Heat Wave|p2b: Garganacl|[spread] p2a\n|-miss|p1a: Weezing|p2b: Garganacl\n|-damage|p2a: Flutter Mane|0 fnt\n|faint|p2a: Flutter Mane\n|-end|p2a: Flutter Mane|Protosynthesis|[silent]\n|move|p2b: Garganacl|Recover|p2b: Garganacl\n|-heal|p2b: Garganacl|84\/100 brn\n|\n|-heal|p1a: Weezing|21\/100|[from] item: Black Sludge\n|-damage|p2b: Garganacl|78\/100 brn|[from] brn\n|-damage|p1a: Weezing|9\/100|[from] Salt Cure\n|upkeep\n|\n|t:|1699997111\n|switch|p2a: Rillaboom|Rillaboom, L50, M|100\/100\n|turn|8\n|\n|t:|1699997125\n|move|p1b: Slaking|Protect|p1b: Slaking\n|-singleturn|p1b: Slaking|Protect\n|move|p2a: Rillaboom|Fake Out|p1a: Weezing\n|-damage|p1a: Weezing|0 fnt\n|faint|p1a: Weezing\n|-end|p1a: Weezing|ability: Neutralizing Gas\n|-fieldstart|move: Grassy Terrain|[from] ability: Grassy Surge|[of] p2a: Rillaboom\n|move|p2b: Garganacl|Iron Defense|p2b: Garganacl\n|-boost|p2b: Garganacl|def|2\n|\n|-heal|p1b: Slaking|24\/100|[from] Grassy Terrain\n|-heal|p2b: Garganacl|84\/100 brn|[from] Grassy Terrain\n|-damage|p2b: Garganacl|78\/100 brn|[from] brn\n|-end|p2b: Garganacl|Throat Chop|[silent]\n|upkeep\n|\n|t:|1699997140\n|switch|p1a: Iron Hands|Iron Hands, L50|100\/100\n|turn|9\n|\n|t:|1699997153\n|move|p1a: Iron Hands|Fake Out|p2a: Rillaboom\n|-damage|p2a: Rillaboom|86\/100\n|cant|p2a: Rillaboom|flinch\n|cant|p1b: Slaking|ability: Truant\n|move|p2b: Garganacl|Salt Cure|p1a: Iron Hands\n|-resisted|p1a: Iron Hands\n|-damage|p1a: Iron Hands|98\/100\n|-start|p1a: Iron Hands|Salt Cure\n|\n|-heal|p1b: Slaking|30\/100|[from] Grassy Terrain\n|-heal|p2a: Rillaboom|92\/100|[from] Grassy Terrain\n|-heal|p1a: Iron Hands|100\/100|[from] Grassy Terrain\n|-heal|p2b: Garganacl|84\/100 brn|[from] Grassy Terrain\n|-damage|p2b: Garganacl|78\/100 brn|[from] brn\n|-damage|p1a: Iron Hands|88\/100|[from] Salt Cure\n|upkeep\n|turn|10\n|\n|t:|1699997176\n|move|p1b: Slaking|Ice Punch|p2a: Rillaboom\n|-supereffective|p2a: Rillaboom\n|-damage|p2a: Rillaboom|29\/100\n|move|p2a: Rillaboom|Wood Hammer|p1b: Slaking\n|-damage|p1b: Slaking|0 fnt\n|faint|p1b: Slaking\n|-damage|p2a: Rillaboom|16\/100|[from] Recoil\n|move|p1a: Iron Hands|Wild Charge|p2b: Garganacl\n|-crit|p2b: Garganacl\n|-damage|p2b: Garganacl|20\/100 brn\n|-damage|p1a: Iron Hands|77\/100|[from] Recoil\n|move|p2b: Garganacl|Salt Cure|p1a: Iron Hands\n|-resisted|p1a: Iron Hands\n|-damage|p1a: Iron Hands|75\/100\n|\n|-heal|p2a: Rillaboom|22\/100|[from] Grassy Terrain\n|-heal|p1a: Iron Hands|81\/100|[from] Grassy Terrain\n|-heal|p2b: Garganacl|26\/100 brn|[from] Grassy Terrain\n|-damage|p2b: Garganacl|20\/100 brn|[from] brn\n|-damage|p1a: Iron Hands|69\/100|[from] Salt Cure\n|upkeep\n|\n|t:|1699997195\n|switch|p1b: Ogerpon|Ogerpon-Wellspring, L50, F|100\/100\n|turn|11\n|\n|t:|1699997204\n|move|p1b: Ogerpon|Spiky Shield|p1b: Ogerpon\n|-singleturn|p1b: Ogerpon|move: Protect\n|move|p2a: Rillaboom|Grassy Glide|p1b: Ogerpon\n|-activate|p1b: Ogerpon|move: Protect\n|-damage|p2a: Rillaboom|10\/100|[from] Spiky Shield|[of] p1b: Ogerpon\n|move|p1a: Iron Hands|Wild Charge|p2b: Garganacl\n|-damage|p2b: Garganacl|12\/100 brn\n|-damage|p1a: Iron Hands|67\/100|[from] Recoil\n|move|p2b: Garganacl|Recover|p2b: Garganacl\n|-heal|p2b: Garganacl|62\/100 brn\n|\n|-heal|p2a: Rillaboom|16\/100|[from] Grassy Terrain\n|-heal|p1a: Iron Hands|73\/100|[from] Grassy Terrain\n|-heal|p2b: Garganacl|68\/100 brn|[from] Grassy Terrain\n|-damage|p2b: Garganacl|62\/100 brn|[from] brn\n|-damage|p1a: Iron Hands|61\/100|[from] Salt Cure\n|upkeep\n|turn|12\n|\n|t:|1699997233\n|move|p2a: Rillaboom|Grassy Glide|p1b: Ogerpon\n|-damage|p1b: Ogerpon|44\/100\n|move|p1b: Ogerpon|Horn Leech|p2b: Garganacl\n|-damage|p2b: Garganacl|51\/100 brn\n|-heal|p1b: Ogerpon|51\/100|[from] drain|[of] p2b: Garganacl\n|move|p1a: Iron Hands|Wild Charge|p2a: Rillaboom\n|-resisted|p2a: Rillaboom\n|-damage|p2a: Rillaboom|0 fnt\n|faint|p2a: Rillaboom\n|-damage|p1a: Iron Hands|58\/100|[from] Recoil\n|move|p2b: Garganacl|Salt Cure|p1b: Ogerpon\n|-damage|p1b: Ogerpon|41\/100\n|-start|p1b: Ogerpon|Salt Cure\n|\n|-heal|p1b: Ogerpon|47\/100|[from] Grassy Terrain\n|-heal|p1a: Iron Hands|64\/100|[from] Grassy Terrain\n|-heal|p2b: Garganacl|57\/100 brn|[from] Grassy Terrain\n|-damage|p2b: Garganacl|51\/100 brn|[from] brn\n|-damage|p1b: Ogerpon|22\/100|[from] Salt Cure\n|-damage|p1a: Iron Hands|51\/100|[from] Salt Cure\n|-fieldend|move: Grassy Terrain\n|upkeep\n|turn|13\n|\n|t:|1699997257\n|-terastallize|p1b: Ogerpon|Water\n|detailschange|p1b: Ogerpon|Ogerpon-Wellspring-Tera, L50, F, tera:Water\n|-ability|p1b: Ogerpon|Embody Aspect (Wellspring)|boost\n|-boost|p1b: Ogerpon|spd|1\n|move|p2b: Garganacl|Protect|p2b: Garganacl\n|-singleturn|p2b: Garganacl|Protect\n|move|p1b: Ogerpon|Ivy Cudgel|p2b: Garganacl|[anim] Ivy Cudgel Water\n|-activate|p2b: Garganacl|move: Protect\n|move|p1a: Iron Hands|Wild Charge|p2b: Garganacl\n|-activate|p2b: Garganacl|move: Protect\n|\n|-damage|p2b: Garganacl|45\/100 brn|[from] brn\n|-damage|p1b: Ogerpon|0 fnt|[from] Salt Cure\n|faint|p1b: Ogerpon\n|-damage|p1a: Iron Hands|39\/100|[from] Salt Cure\n|upkeep\n|turn|14\n|\n|t:|1699997279\n|move|p1a: Iron Hands|Wild Charge|p2b: Garganacl\n|-damage|p2b: Garganacl|35\/100 brn\n|-damage|p1a: Iron Hands|37\/100|[from] Recoil\n|move|p2b: Garganacl|Recover|p2b: Garganacl\n|-heal|p2b: Garganacl|86\/100 brn\n|\n|-damage|p2b: Garganacl|80\/100 brn|[from] brn\n|-damage|p1a: Iron Hands|25\/100|[from] Salt Cure\n|upkeep\n|turn|15\n|inactive|Battle timer is ON: inactive players will automatically lose when time's up. (requested by Kzejzk)\n|\n|t:|1699997290\n|move|p2b: Garganacl|Protect|p2b: Garganacl\n|-singleturn|p2b: Garganacl|Protect\n|move|p1a: Iron Hands|Wild Charge|p2b: Garganacl\n|-activate|p2b: Garganacl|move: Protect\n|\n|-damage|p2b: Garganacl|74\/100 brn|[from] brn\n|-damage|p1a: Iron Hands|13\/100|[from] Salt Cure\n|upkeep\n|turn|16\n|\n|t:|1699997298\n|move|p1a: Iron Hands|Wild Charge|p2b: Garganacl\n|-damage|p2b: Garganacl|65\/100 brn\n|-damage|p1a: Iron Hands|11\/100|[from] Recoil\n|move|p2b: Garganacl|Recover|p2b: Garganacl\n|-heal|p2b: Garganacl|100\/100 brn\n|\n|-damage|p2b: Garganacl|95\/100 brn|[from] brn\n|-damage|p1a: Iron Hands|0 fnt|[from] Salt Cure\n|faint|p1a: Iron Hands\n|-end|p1a: Iron Hands|Quark Drive|[silent]\n|\n|win|Kzejzk\n|upkeep\n|raw|JayBird1933's rating: 1097 &rarr; <strong>1069<\/strong><br \/>(-28 for losing)\n|raw|Kzejzk's rating: 1046 &rarr; <strong>1084<\/strong><br \/>(+38 for winning)\n","uploadtime":1699997307,"views":8,"p1id":"jaybird1933","p2id":"kzejzk","formatid":"gen9vgc2023regulatione","rating":1069,"private":0,"password":""}