{"id":"gen9vgc2023regulatione-1999791806","p1":"s150004","p2":"Deathbydeath01","format":"[Gen 9] VGC 2023 Regulation E","log":"|j|\u2606s150004\n|j|\u2606Deathbydeath01\n|t:|1701117077\n|gametype|doubles\n|player|p1|s150004|102|1542\n|player|p2|Deathbydeath01|ruinmaniac|1560\n|teamsize|p1|6\n|teamsize|p2|6\n|gen|9\n|tier|[Gen 9] VGC 2023 Regulation E\n|rated|\n|rule|Species Clause: Limit one of each Pok\u00e9mon\n|rule|Item Clause: Limit one of each item\n|clearpoke\n|poke|p1|Weezing, L50, M|\n|poke|p1|Flutter Mane, L50|\n|poke|p1|Roaring Moon, L50|\n|poke|p1|Empoleon, L50, F|\n|poke|p1|Landorus-Therian, L50, M|\n|poke|p1|Iron Hands, L50|\n|poke|p2|Tatsugiri, L50, F|\n|poke|p2|Chien-Pao, L50|\n|poke|p2|Chi-Yu, L50|\n|poke|p2|Dragonite, L50, F|\n|poke|p2|Dondozo, L50, M|\n|poke|p2|Flutter Mane, L50|\n|teampreview|4\n|\n|t:|1701117102\n|start\n|switch|p1a: Weezing|Weezing, L50, M|100\/100\n|switch|p1b: Landorus|Landorus-Therian, L50, M|100\/100\n|switch|p2a: Dragonite|Dragonite, L50, F|100\/100\n|switch|p2b: Chien-Pao|Chien-Pao, L50|100\/100\n|-ability|p1a: Weezing|Neutralizing Gas\n|-block|p1b: Landorus|item: Ability Shield\n|-ability|p1b: Landorus|Intimidate|boost\n|-unboost|p2a: Dragonite|atk|1\n|-unboost|p2b: Chien-Pao|atk|1\n|turn|1\n|\n|t:|1701117127\n|move|p1b: Landorus|Protect|p1b: Landorus\n|-singleturn|p1b: Landorus|Protect\n|move|p2b: Chien-Pao|Crunch|p1a: Weezing\n|-damage|p1a: Weezing|78\/100\n|move|p2a: Dragonite|Stomping Tantrum|p1a: Weezing\n|-supereffective|p1a: Weezing\n|-damage|p1a: Weezing|28\/100\n|-enditem|p1a: Weezing|Sitrus Berry|[eat]\n|-heal|p1a: Weezing|53\/100|[from] item: Sitrus Berry\n|move|p1a: Weezing|Will-O-Wisp|p2a: Dragonite\n|-status|p2a: Dragonite|brn\n|\n|-damage|p2a: Dragonite|95\/100 brn|[from] brn\n|upkeep\n|turn|2\n|\n|t:|1701117148\n|switch|p1b: Iron Hands|Iron Hands, L50|100\/100\n|move|p2b: Chien-Pao|Ice Spinner|p1b: Iron Hands\n|-damage|p1b: Iron Hands|78\/100\n|move|p2a: Dragonite|Stomping Tantrum|p1a: Weezing\n|-supereffective|p1a: Weezing\n|-damage|p1a: Weezing|30\/100\n|move|p1a: Weezing|Will-O-Wisp|p2b: Chien-Pao\n|-status|p2b: Chien-Pao|brn\n|\n|-damage|p2b: Chien-Pao|95\/100 brn|[from] brn\n|-damage|p2a: Dragonite|89\/100 brn|[from] brn\n|upkeep\n|turn|3\n|\n|t:|1701117167\n|move|p2b: Chien-Pao|Protect|p2b: Chien-Pao\n|-singleturn|p2b: Chien-Pao|Protect\n|move|p2a: Dragonite|Stomping Tantrum|p1a: Weezing\n|-supereffective|p1a: Weezing\n|-damage|p1a: Weezing|6\/100\n|move|p1a: Weezing|Pain Split|p2a: Dragonite\n|-sethp|p2a: Dragonite|47\/100 brn|[from] move: Pain Split|[silent]\n|-sethp|p1a: Weezing|52\/100|[from] move: Pain Split\n|move|p1b: Iron Hands|Drain Punch|p2b: Chien-Pao\n|-activate|p2b: Chien-Pao|move: Protect\n|\n|-damage|p2b: Chien-Pao|89\/100 brn|[from] brn\n|-damage|p2a: Dragonite|41\/100 brn|[from] brn\n|upkeep\n|turn|4\n|\n|t:|1701117188\n|move|p1a: Weezing|Protect|p1a: Weezing\n|-singleturn|p1a: Weezing|Protect\n|move|p2b: Chien-Pao|Crunch|p1a: Weezing\n|-activate|p1a: Weezing|move: Protect\n|move|p2a: Dragonite|Stomping Tantrum|p1a: Weezing\n|-activate|p1a: Weezing|move: Protect\n|move|p1b: Iron Hands|Heavy Slam|p2b: Chien-Pao\n|-supereffective|p2b: Chien-Pao\n|-damage|p2b: Chien-Pao|27\/100 brn\n|\n|-damage|p2b: Chien-Pao|22\/100 brn|[from] brn\n|-damage|p2a: Dragonite|35\/100 brn|[from] brn\n|upkeep\n|turn|5\n|j| Asacado\n|\n|t:|1701117217\n|-end|p1a: Weezing|ability: Neutralizing Gas\n|-ability|p2b: Chien-Pao|Sword of Ruin\n|switch|p1a: Landorus|Landorus-Therian, L50, M|100\/100\n|-ability|p1a: Landorus|Intimidate|boost\n|-fail|p2a: Dragonite|unboost|Attack|[from] ability: Inner Focus|[of] p2a: Dragonite\n|-unboost|p2b: Chien-Pao|atk|1\n|move|p2b: Chien-Pao|Crunch|p1a: Landorus\n|-damage|p1a: Landorus|82\/100\n|move|p2a: Dragonite|Stomping Tantrum|p1a: Landorus\n|-immune|p1a: Landorus\n|move|p1b: Iron Hands|Drain Punch|p2a: Dragonite\n|-resisted|p2a: Dragonite\n|-damage|p2a: Dragonite|10\/100 brn\n|-heal|p1b: Iron Hands|89\/100|[from] drain|[of] p2a: Dragonite\n|\n|-damage|p2b: Chien-Pao|16\/100 brn|[from] brn\n|-damage|p2a: Dragonite|4\/100 brn|[from] brn\n|upkeep\n|turn|6\n|\n|t:|1701117248\n|switch|p2b: Tatsugiri|Tatsugiri, L50, F|100\/100\n|switch|p2a: Dondozo|Dondozo, L50, M|100\/100\n|-activate|p2b: Tatsugiri|ability: Commander|[of] p2a: Dondozo\n|-boost|p2a: Dondozo|atk|2\n|-boost|p2a: Dondozo|spa|2\n|-boost|p2a: Dondozo|spe|2\n|-boost|p2a: Dondozo|def|2\n|-boost|p2a: Dondozo|spd|2\n|-end|p1b: Iron Hands|Quark Drive|[silent]\n|switch|p1b: Weezing|Weezing, L50, M|52\/100\n|-ability|p1b: Weezing|Neutralizing Gas\n|-block|p1a: Landorus|item: Ability Shield\n|move|p1a: Landorus|Protect||[still]\n|-fail|p1a: Landorus\n|\n|upkeep\n|turn|7\n|inactive|Battle timer is ON: inactive players will automatically lose when time's up. (requested by Deathbydeath01)\n|\n|t:|1701117296\n|-terastallize|p1b: Weezing|Grass\n|move|p1a: Landorus|U-turn|p2a: Dondozo\n|-damage|p2a: Dondozo|91\/100\n|\n|t:|1701117300\n|switch|p1a: Iron Hands|Iron Hands, L50|89\/100|[from] U-turn\n|move|p2a: Dondozo|Wave Crash|p1a: Iron Hands\n|-damage|p1a: Iron Hands|10\/100\n|-damage|p2a: Dondozo|66\/100|[from] Recoil\n|move|p1b: Weezing|Pain Split|p2a: Dondozo\n|-sethp|p2a: Dondozo|52\/100|[from] move: Pain Split|[silent]\n|-sethp|p1b: Weezing|70\/100|[from] move: Pain Split\n|\n|-heal|p2a: Dondozo|58\/100|[from] item: Leftovers\n|upkeep\n|turn|8\n|\n|t:|1701117315\n|move|p2a: Dondozo|Protect|p2a: Dondozo\n|-singleturn|p2a: Dondozo|Protect\n|move|p1a: Iron Hands|Fake Out|p2a: Dondozo\n|-activate|p2a: Dondozo|move: Protect\n|move|p1b: Weezing|Will-O-Wisp|p2a: Dondozo\n|-activate|p2a: Dondozo|move: Protect\n|\n|-heal|p2a: Dondozo|64\/100|[from] item: Leftovers\n|upkeep\n|turn|9\n|\n|t:|1701117329\n|move|p2a: Dondozo|Order Up|p1a: Iron Hands\n|-damage|p1a: Iron Hands|0 fnt\n|faint|p1a: Iron Hands\n|-end|p1a: Iron Hands|Quark Drive|[silent]\n|-boost|p2a: Dondozo|atk|1\n|move|p1b: Weezing|Will-O-Wisp|p2a: Dondozo\n|-status|p2a: Dondozo|brn\n|\n|-heal|p2a: Dondozo|70\/100 brn|[from] item: Leftovers\n|-damage|p2a: Dondozo|64\/100 brn|[from] brn\n|upkeep\n|\n|t:|1701117340\n|switch|p1a: Landorus|Landorus-Therian, L50, M|82\/100\n|-ability|p1a: Landorus|Intimidate|boost\n|-unboost|p2a: Dondozo|atk|1\n|-unboost|p2b: Tatsugiri|atk|1\n|turn|10\n|\n|t:|1701117352\n|switch|p1a: Flutter Mane|Flutter Mane, L50|100\/100\n|move|p2a: Dondozo|Wave Crash|p1a: Flutter Mane\n|-damage|p1a: Flutter Mane|0 fnt\n|faint|p1a: Flutter Mane\n|-end|p1a: Flutter Mane|Protosynthesis|[silent]\n|-damage|p2a: Dondozo|46\/100 brn|[from] Recoil\n|move|p1b: Weezing|Gunk Shot|p2a: Dondozo\n|-damage|p2a: Dondozo|32\/100 brn\n|\n|-heal|p2a: Dondozo|38\/100 brn|[from] item: Leftovers\n|-damage|p2a: Dondozo|32\/100 brn|[from] brn\n|upkeep\n|\n|t:|1701117358\n|switch|p1a: Landorus|Landorus-Therian, L50, M|82\/100\n|-ability|p1a: Landorus|Intimidate|boost\n|-unboost|p2a: Dondozo|atk|1\n|-unboost|p2b: Tatsugiri|atk|1\n|turn|11\n|\n|t:|1701117372\n|move|p1a: Landorus|Stomping Tantrum|p2a: Dondozo\n|-damage|p2a: Dondozo|19\/100 brn\n|move|p2a: Dondozo|Wave Crash|p1a: Landorus\n|-supereffective|p1a: Landorus\n|-damage|p1a: Landorus|0 fnt\n|faint|p1a: Landorus\n|-damage|p2a: Dondozo|0 fnt|[from] Recoil\n|faint|p2a: Dondozo\n|move|p1b: Weezing|Gunk Shot|p2b: Tatsugiri\n|-damage|p2b: Tatsugiri|37\/100\n|-status|p2b: Tatsugiri|psn\n|\n|-damage|p2b: Tatsugiri|25\/100 psn|[from] psn\n|upkeep\n|\n|t:|1701117387\n|switch|p2a: Chien-Pao|Chien-Pao, L50|16\/100 brn\n|turn|12\n|\n|t:|1701117400\n|-terastallize|p2b: Tatsugiri|Dragon\n|move|p1b: Weezing|Protect|p1b: Weezing\n|-singleturn|p1b: Weezing|Protect\n|move|p2a: Chien-Pao|Ice Spinner|p1b: Weezing\n|-activate|p1b: Weezing|move: Protect\n|move|p2b: Tatsugiri|Draco Meteor|p1b: Weezing\n|-activate|p1b: Weezing|move: Protect\n|\n|-damage|p2b: Tatsugiri|12\/100 psn|[from] psn\n|-damage|p2a: Chien-Pao|10\/100 brn|[from] brn\n|upkeep\n|turn|13\n|\n|t:|1701117416\n|move|p2a: Chien-Pao|Ice Spinner|p1b: Weezing\n|-supereffective|p1b: Weezing\n|-damage|p1b: Weezing|35\/100\n|move|p2b: Tatsugiri|Draco Meteor|p1b: Weezing\n|-damage|p1b: Weezing|0 fnt\n|-unboost|p2b: Tatsugiri|spa|2\n|faint|p1b: Weezing\n|-end|p1b: Weezing|ability: Neutralizing Gas\n|-ability|p2a: Chien-Pao|Sword of Ruin\n|-damage|p2b: Tatsugiri|2\/100 psn|[from] item: Life Orb\n|\n|win|Deathbydeath01\n|raw|s150004's rating: 1542 &rarr; <strong>1523<\/strong><br \/>(-19 for losing)\n|raw|Deathbydeath01's rating: 1560 &rarr; <strong>1579<\/strong><br \/>(+19 for winning)\n|l|\u2606s150004\n|c|\u2606Deathbydeath01|Gg\n","uploadtime":1701117434,"views":2,"p1id":"s150004","p2id":"deathbydeath01","formatid":"gen9vgc2023regulatione","rating":1523,"private":0,"password":""}