{"id":"gen9vgc2023regulatione-1989920774","p1":"atworkyolo13","p2":"Chrisalv323","format":"[Gen 9] VGC 2023 Regulation E","log":"|j|\u2606atworkyolo13\n|j|\u2606Chrisalv323\n|t:|1699906862\n|gametype|doubles\n|player|p1|atworkyolo13|265|1296\n|player|p2|Chrisalv323|170|1192\n|teamsize|p1|6\n|teamsize|p2|6\n|gen|9\n|tier|[Gen 9] VGC 2023 Regulation E\n|rated|\n|rule|Species Clause: Limit one of each Pok\u00e9mon\n|rule|Item Clause: Limit one of each item\n|clearpoke\n|poke|p1|Oranguru, L50, F|\n|poke|p1|Arcanine-Hisui, L50, F|\n|poke|p1|Sinistcha-Masterpiece, L50|\n|poke|p1|Iron Hands, L50|\n|poke|p1|Ursaluna-Bloodmoon, L50, M|\n|poke|p1|Moltres-Galar, L50|\n|poke|p2|Ogerpon-Wellspring, L50, F|\n|poke|p2|Landorus-Therian, L50, M|\n|poke|p2|Hariyama, L50, M|\n|poke|p2|Ceruledge, L50, M|\n|poke|p2|Dragapult, L50, M|\n|poke|p2|Regieleki, L50|\n|teampreview|4\n|inactive|Battle timer is ON: inactive players will automatically lose when time's up. (requested by atworkyolo13)\n|\n|t:|1699906880\n|start\n|switch|p1a: Oranguru|Oranguru, L50, F|100\/100\n|switch|p1b: Iron Hands|Iron Hands, L50|100\/100\n|switch|p2a: Hariyama|Hariyama, L50, M|100\/100\n|switch|p2b: Landorus|Landorus-Therian, L50, M|100\/100\n|-ability|p2b: Landorus|Intimidate|boost\n|-fail|p1a: Oranguru|unboost|Attack|[from] ability: Inner Focus|[of] p1a: Oranguru\n|-unboost|p1b: Iron Hands|atk|1\n|turn|1\n|\n|t:|1699906894\n|-end|p1b: Iron Hands|Quark Drive|[silent]\n|switch|p1b: Ursaluna|Ursaluna-Bloodmoon, L50, M|100\/100\n|move|p2a: Hariyama|Fake Out|p1a: Oranguru\n|-damage|p1a: Oranguru|88\/100\n|move|p2b: Landorus|Stomping Tantrum|p1b: Ursaluna\n|-damage|p1b: Ursaluna|69\/100\n|move|p1a: Oranguru|Trick Room|p1a: Oranguru\n|-fieldstart|move: Trick Room|[of] p1a: Oranguru\n|\n|-status|p2a: Hariyama|brn|[from] item: Flame Orb\n|upkeep\n|turn|2\n|\n|t:|1699906914\n|move|p1b: Ursaluna|Protect|p1b: Ursaluna\n|-singleturn|p1b: Ursaluna|Protect\n|move|p2a: Hariyama|Detect|p2a: Hariyama\n|-singleturn|p2a: Hariyama|Protect\n|move|p1a: Oranguru|Encore|p2a: Hariyama\n|-activate|p2a: Hariyama|move: Protect\n|move|p2b: Landorus|U-turn|p1a: Oranguru\n|-supereffective|p1a: Oranguru\n|-crit|p1a: Oranguru\n|-damage|p1a: Oranguru|24\/100\n|\n|t:|1699906926\n|switch|p2b: Ogerpon|Ogerpon-Wellspring, L50, F|100\/100|[from] U-turn\n|\n|-damage|p2a: Hariyama|95\/100 brn|[from] brn\n|upkeep\n|turn|3\n|\n|t:|1699906937\n|switch|p2a: Landorus|Landorus-Therian, L50, M|100\/100\n|-ability|p2a: Landorus|Intimidate|boost\n|-fail|p1a: Oranguru|unboost|Attack|[from] ability: Inner Focus|[of] p1a: Oranguru\n|-unboost|p1b: Ursaluna|atk|1\n|-terastallize|p1b: Ursaluna|Normal\n|move|p1b: Ursaluna|Hyper Voice|p2a: Landorus|[spread] p2a,p2b\n|-damage|p2a: Landorus|54\/100\n|-damage|p2b: Ogerpon|47\/100\n|-enditem|p1b: Ursaluna|Throat Spray\n|-boost|p1b: Ursaluna|spa|1|[from] item: Throat Spray\n|move|p1a: Oranguru|Instruct|p1b: Ursaluna\n|-singleturn|p1b: Ursaluna|move: Instruct|[of] p1a: Oranguru\n|move|p1b: Ursaluna|Hyper Voice|p2b: Ogerpon|[spread] p2a,p2b\n|-damage|p2a: Landorus|0 fnt\n|-damage|p2b: Ogerpon|0 fnt\n|faint|p2a: Landorus\n|faint|p2b: Ogerpon\n|\n|upkeep\n|\n|t:|1699906954\n|switch|p2a: Regieleki|Regieleki, L50|100\/100\n|switch|p2b: Hariyama|Hariyama, L50, M|95\/100 brn\n|turn|4\n|inactive|atworkyolo13 has 30 seconds left.\n|\n|t:|1699906979\n|move|p1b: Ursaluna|Protect|p1b: Ursaluna\n|-singleturn|p1b: Ursaluna|Protect\n|move|p2b: Hariyama|Fake Out|p1b: Ursaluna\n|-activate|p1b: Ursaluna|move: Protect\n|move|p1a: Oranguru|Encore|p2b: Hariyama\n|-start|p2b: Hariyama|Encore\n|move|p2a: Regieleki|Thunderbolt|p1b: Ursaluna\n|-activate|p1b: Ursaluna|move: Protect\n|\n|-damage|p2b: Hariyama|89\/100 brn|[from] brn\n|upkeep\n|turn|5\n|inactive|Chrisalv323 has 30 seconds left.\n|\n|t:|1699907007\n|move|p2b: Hariyama|Fake Out||[still]\n|-hint|Fake Out only works on your first turn out.\n|-fail|p2b: Hariyama\n|move|p1b: Ursaluna|Hyper Voice|p2a: Regieleki|[spread] p2a,p2b\n|-crit|p2a: Regieleki\n|-damage|p2a: Regieleki|0 fnt\n|-damage|p2b: Hariyama|7\/100 brn\n|faint|p2a: Regieleki\n|move|p1a: Oranguru|Instruct|p1b: Ursaluna\n|-singleturn|p1b: Ursaluna|move: Instruct|[of] p1a: Oranguru\n|move|p1b: Ursaluna|Hyper Voice|p2b: Hariyama\n|-damage|p2b: Hariyama|0 fnt\n|faint|p2b: Hariyama\n|\n|win|atworkyolo13\n|raw|atworkyolo13's rating: 1296 &rarr; <strong>1314<\/strong><br \/>(+18 for winning)\n|raw|Chrisalv323's rating: 1192 &rarr; <strong>1174<\/strong><br \/>(-18 for losing)\n|l|\u2606Chrisalv323\n","uploadtime":1699907013,"views":9,"p1id":"atworkyolo13","p2id":"chrisalv323","formatid":"gen9vgc2023regulatione","rating":1174,"private":0,"password":""}