{"id":"gen9vgc2023regulatione-1991356867","p1":"babiwi bewey\u2714\ufe0f","p2":"trainerrodpractice","format":"[Gen 9] VGC 2023 Regulation E","log":"|j|\u2606babiwi bewey\u2714\ufe0f\n|j|\u2606trainerrodpractice\n|n|\u2606babiwi bewey\u2714\ufe0f|babiwibewey\n|n|\u2606trainerrodpractice|trainerrodpractice\n|html|View the match progress at <a href=\"\/game-bestof3-gen9vgc2023regulatione-1991356866\">game-bestof3-gen9vgc2023regulatione-1991356866<\/a>\n|t:|1700070359\n|gametype|doubles\n|player|p1|babiwi bewey\u2714\ufe0f|valerie|\n|player|p2|trainerrodpractice|101|\n|teamsize|p1|6\n|teamsize|p2|6\n|gen|9\n|tier|[Gen 9] VGC 2023 Regulation E\n|rated|Tournament battle\n|rule|Species Clause: Limit one of each Pok\u00e9mon\n|rule|Item Clause: Limit one of each item\n|clearpoke\n|poke|p1|Dondozo, L50, M|\n|poke|p1|Tatsugiri, L50, M|\n|poke|p1|Ninetales-Alola, L50, F|\n|poke|p1|Heatran, L50, F|\n|poke|p1|Iron Hands, L50|\n|poke|p1|Glimmora, L50, F|\n|poke|p2|Roaring Moon, L50|\n|poke|p2|Empoleon, L50, M|\n|poke|p2|Ogerpon-Hearthflame, L50, F|\n|poke|p2|Landorus-Therian, L50, M|\n|poke|p2|Flutter Mane, L50|\n|poke|p2|Iron Hands, L50|\n|teampreview|4\n|showteam|p1|Dondozo||Leftovers|Unaware|Protect,WaveCrash,Substitute,OrderUp|||M|||50|,,,,,Dragon]Tatsugiri||AbilityShield|Commander|Protect,Taunt,DracoMeteor,MuddyWater|||M|||50|,,,,,Steel]Ninetales-Alola||LightClay|SnowWarning|Blizzard,Protect,AuroraVeil,Moonblast|||F|||50|,,,,,Ghost]Heatran||ShucaBerry|FlashFire|Protect,MagmaStorm,HeatWave,EarthPower|||F|||50|,,,,,Fairy]Iron Hands||AssaultVest|QuarkDrive|WildCharge,VoltSwitch,DrainPunch,FakeOut||||||50|,,,,,Grass]Glimmora||FocusSash|ToxicDebris|SpikyShield,PowerGem,EarthPower,MortalSpin|||F|||50|,,,,,Grass\n|showteam|p2|Roaring Moon||BoosterEnergy|Protosynthesis|KnockOff,Acrobatics,Protect,Tailwind||||||50|,,,,,Flying]Empoleon||SitrusBerry|Competitive|FlashCannon,IcyWind,Protect,Yawn|||M|||50|,,,,,Fairy]Ogerpon-Hearthflame||HearthflameMask|MoldBreaker|IvyCudgel,HornLeech,SpikyShield,SwordsDance|||F|||50|,,,,,Fire]Landorus-Therian||ChoiceScarf|Intimidate|StompingTantrum,RockSlide,TeraBlast,Uturn|||M|||50|,,,,,Flying]Flutter Mane||ChoiceSpecs|Protosynthesis|DazzlingGleam,Moonblast,ShadowBall,Thunderbolt||||||50|,,,,,Fairy]Iron Hands||AssaultVest|QuarkDrive|DrainPunch,WildCharge,FakeOut,HeavySlam||||||50|,,,,,Water\n|j| Lawrence_lmao\n|inactive|Battle timer is ON: inactive players will automatically lose when time's up. (requested by trainerrodpractice)\n|j| godlyreal\n|j| MorningElegy\n|inactive|babiwi bewey\u2714\ufe0f has 60 seconds left.\n|inactive|trainerrodpractice has 60 seconds left.\n|j| somethingelse77\n|j| MinamiSimp\n|inactive|trainerrodpractice has 30 seconds left.\n|inactive|trainerrodpractice has 20 seconds left.\n|c| MinamiSimp|babiwi using the reg b team lol\n|inactive|trainerrodpractice has 15 seconds left.\n|inactive|trainerrodpractice has 10 seconds left.\n|inactive|trainerrodpractice has 5 seconds left.\n|\n|t:|1700070453\n|start\n|switch|p1a: Ninetales|Ninetales-Alola, L50, F|100\/100\n|switch|p1b: Glimmora|Glimmora, L50, F|100\/100\n|switch|p2a: Ogerpon|Ogerpon-Hearthflame, L50, F|100\/100\n|switch|p2b: Iron Hands|Iron Hands, L50|100\/100\n|-weather|Snow|[from] ability: Snow Warning|[of] p1a: Ninetales\n|-ability|p2a: Ogerpon|Mold Breaker\n|turn|1\n|c|\u2606babiwi bewey\u2714\ufe0f|ah yes heatran and alolan ninetales, my favorite reg b pokemon\n|c| MinamiSimp|so tru\n|c| MorningElegy|ahaha\n|\n|t:|1700070473\n|move|p1a: Ninetales|Protect|p1a: Ninetales\n|-singleturn|p1a: Ninetales|Protect\n|move|p1b: Glimmora|Spiky Shield|p1b: Glimmora\n|-singleturn|p1b: Glimmora|move: Protect\n|move|p2b: Iron Hands|Fake Out|p1b: Glimmora\n|-activate|p1b: Glimmora|move: Protect\n|-damage|p2b: Iron Hands|88\/100|[from] Spiky Shield|[of] p1b: Glimmora\n|move|p2a: Ogerpon|Swords Dance|p2a: Ogerpon\n|-boost|p2a: Ogerpon|atk|2\n|\n|-weather|Snow|[upkeep]\n|upkeep\n|turn|2\n|inactive|trainerrodpractice has 30 seconds left.\n|inactive|trainerrodpractice has 20 seconds left.\n|\n|t:|1700070509\n|move|p2a: Ogerpon|Spiky Shield|p2a: Ogerpon\n|-singleturn|p2a: Ogerpon|move: Protect\n|move|p1a: Ninetales|Aurora Veil|p1a: Ninetales\n|-sidestart|p1: babiwi bewey\u2714\ufe0f|move: Aurora Veil\n|move|p1b: Glimmora|Power Gem|p2a: Ogerpon\n|-activate|p2a: Ogerpon|move: Protect\n|move|p2b: Iron Hands|Heavy Slam|p1b: Glimmora\n|-supereffective|p1b: Glimmora\n|-damage|p1b: Glimmora|27\/100\n|-activate|p1b: Glimmora|ability: Toxic Debris\n|-sidestart|p2: trainerrodpractice|move: Toxic Spikes\n|\n|-weather|Snow|[upkeep]\n|upkeep\n|turn|3\n|\n|t:|1700070525\n|-end|p2b: Iron Hands|Quark Drive|[silent]\n|switch|p2b: Empoleon|Empoleon, L50, M|100\/100\n|move|p1a: Ninetales|Blizzard|p2a: Ogerpon|[spread] p2a,p2b\n|-resisted|p2b: Empoleon\n|-damage|p2a: Ogerpon|79\/100\n|-damage|p2b: Empoleon|96\/100\n|-status|p2b: Empoleon|frz\n|move|p2a: Ogerpon|Ivy Cudgel|p1b: Glimmora|[anim] Ivy Cudgel Fire\n|-resisted|p1b: Glimmora\n|-damage|p1b: Glimmora|0 fnt\n|-activate|p1b: Glimmora|ability: Toxic Debris\n|-sidestart|p2: trainerrodpractice|move: Toxic Spikes\n|faint|p1b: Glimmora\n|\n|-weather|Snow|[upkeep]\n|upkeep\n|\n|t:|1700070536\n|switch|p1b: Dondozo|Dondozo, L50, M|100\/100\n|turn|4\n|j| Think Storm\n|c| MorningElegy|babiwi i need your rng dealer\n|\n|t:|1700070548\n|-terastallize|p1b: Dondozo|Dragon\n|move|p2a: Ogerpon|Spiky Shield|p2a: Ogerpon\n|-singleturn|p2a: Ogerpon|move: Protect\n|move|p1a: Ninetales|Blizzard|p2b: Empoleon|[spread] p2b\n|-activate|p2a: Ogerpon|move: Protect\n|-resisted|p2b: Empoleon\n|-damage|p2b: Empoleon|91\/100 frz\n|move|p1b: Dondozo|Substitute|p1b: Dondozo\n|-start|p1b: Dondozo|Substitute\n|-damage|p1b: Dondozo|75\/100\n|cant|p2b: Empoleon|frz\n|\n|-weather|Snow|[upkeep]\n|-heal|p1b: Dondozo|82\/100|[from] item: Leftovers\n|upkeep\n|turn|5\n|c| MinamiSimp|wow babiwi needs luck to win\n|c| MinamiSimp|thats how they got top3 at the event\n|inactive|trainerrodpractice has 30 seconds left.\n|inactive|trainerrodpractice has 20 seconds left.\n|inactive|trainerrodpractice has 15 seconds left.\n|\n|t:|1700070591\n|switch|p1a: Tatsugiri|Tatsugiri, L50, M|100\/100\n|-activate|p1a: Tatsugiri|ability: Commander|[of] p1b: Dondozo\n|-boost|p1b: Dondozo|atk|2\n|-boost|p1b: Dondozo|spa|2\n|-boost|p1b: Dondozo|spe|2\n|-boost|p1b: Dondozo|def|2\n|-boost|p1b: Dondozo|spd|2\n|move|p1b: Dondozo|Wave Crash|p2a: Ogerpon\n|-damage|p2a: Ogerpon|0 fnt\n|faint|p2a: Ogerpon\n|-damage|p1b: Dondozo|61\/100|[from] Recoil\n|cant|p2b: Empoleon|frz\n|\n|-weather|none\n|-heal|p1b: Dondozo|67\/100|[from] item: Leftovers\n|upkeep\n|\n|t:|1700070605\n|switch|p2a: Iron Hands|Iron Hands, L50|88\/100\n|-status|p2a: Iron Hands|tox\n|turn|6\n|j| Thacrow\n|\n|t:|1700070613\n|-terastallize|p2a: Iron Hands|Water\n|move|p1b: Dondozo|Protect|p1b: Dondozo\n|-singleturn|p1b: Dondozo|Protect\n|move|p2a: Iron Hands|Drain Punch|p1b: Dondozo\n|-activate|p1b: Dondozo|move: Protect\n|cant|p2b: Empoleon|frz\n|\n|-heal|p1b: Dondozo|73\/100|[from] item: Leftovers\n|-damage|p2a: Iron Hands|82\/100 tox|[from] psn\n|upkeep\n|turn|7\n|c| MorningElegy|how does a machine get poisoned\n|\n|t:|1700070622\n|move|p1b: Dondozo|Order Up|p2a: Iron Hands\n|-damage|p2a: Iron Hands|38\/100 tox\n|-boost|p1b: Dondozo|atk|1\n|move|p2a: Iron Hands|Drain Punch|p1b: Dondozo\n|-crit|p1b: Dondozo\n|-end|p1b: Dondozo|Substitute\n|-heal|p2a: Iron Hands|50\/100 tox|[from] drain|[of] p1b: Dondozo\n|cant|p2b: Empoleon|frz\n|\n|-heal|p1b: Dondozo|79\/100|[from] item: Leftovers\n|-damage|p2a: Iron Hands|38\/100 tox|[from] psn\n|upkeep\n|turn|8\n|c|\u2606babiwi bewey\u2714\ufe0f|cuz its not steel type\n|\n|t:|1700070637\n|move|p1b: Dondozo|Substitute|p1b: Dondozo\n|-start|p1b: Dondozo|Substitute\n|-damage|p1b: Dondozo|54\/100\n|move|p2a: Iron Hands|Drain Punch|p1b: Dondozo\n|-activate|p1b: Dondozo|move: Substitute|[damage]\n|-heal|p2a: Iron Hands|44\/100 tox|[from] drain|[of] p1b: Dondozo\n|cant|p2b: Empoleon|frz\n|\n|-heal|p1b: Dondozo|60\/100|[from] item: Leftovers\n|-damage|p2a: Iron Hands|25\/100 tox|[from] psn\n|upkeep\n|turn|9\n|c| MorningElegy|doesn't sit right with me\n|j| KHSPokemon\n|\n|t:|1700070650\n|move|p1b: Dondozo|Order Up|p2a: Iron Hands\n|-damage|p2a: Iron Hands|0 fnt\n|faint|p2a: Iron Hands\n|-end|p2a: Iron Hands|Quark Drive|[silent]\n|-boost|p1b: Dondozo|atk|1\n|-curestatus|p2b: Empoleon|frz|[msg]\n|move|p2b: Empoleon|Icy Wind|p1a: Tatsugiri|[spread] p1b\n|-miss|p2b: Empoleon|p1a: Tatsugiri\n|-supereffective|p1b: Dondozo\n|-activate|p1b: Dondozo|move: Substitute|[damage]\n|\n|-heal|p1b: Dondozo|66\/100|[from] item: Leftovers\n|-sideend|p1: babiwi bewey\u2714\ufe0f|move: Aurora Veil\n|upkeep\n|\n|t:|1700070659\n|switch|p2a: Flutter Mane|Flutter Mane, L50|100\/100\n|-status|p2a: Flutter Mane|tox\n|turn|10\n|c|\u2606trainerrodpractice|gg, terrible freeze\n|j| O1OOO11O\n|-message|trainerrodpractice forfeited.\n|\n|win|babiwi bewey\u2714\ufe0f\n","uploadtime":1700070673,"views":11,"p1id":"babiwibewey","p2id":"trainerrodpractice","formatid":"gen9vgc2023regulatione","rating":0,"private":0,"password":""}