{"id":"gen9vgc2023regulatione-1997933486","p1":"BowDog!","p2":"HEARSWHOS","format":"[Gen 9] VGC 2023 Regulation E","log":"|j|\u2606BowDog!\n|j|\u2606HEARSWHOS\n|t:|1700869132\n|gametype|doubles\n|player|p1|BowDog!|winona|1135\n|player|p2|HEARSWHOS|dancer|1000\n|teamsize|p1|6\n|teamsize|p2|6\n|gen|9\n|tier|[Gen 9] VGC 2023 Regulation E\n|rated|\n|rule|Species Clause: Limit one of each Pok\u00e9mon\n|rule|Item Clause: Limit one of each item\n|clearpoke\n|poke|p1|Arcanine-Hisui, L50, M|\n|poke|p1|Rillaboom, L50, F|\n|poke|p1|Gholdengo, L50|\n|poke|p1|Roaring Moon, L50|\n|poke|p1|Urshifu-*, L50, M|\n|poke|p1|Clefairy, L50, F|\n|poke|p2|Zapdos-Galar, L50|\n|poke|p2|Rillaboom, L50, F|\n|poke|p2|Gothitelle, L50, F|\n|poke|p2|Mimikyu, L50, M|\n|poke|p2|Revavroom, L50, F|\n|poke|p2|Garchomp, L50, M|\n|teampreview|4\n|inactive|Battle timer is ON: inactive players will automatically lose when time's up. (requested by BowDog!)\nBowDog! has agreed to open team sheets.\n|inactive|BowDog! has 60 seconds left.\n|\n|t:|1700869197\n|start\n|switch|p1a: Broadway!|Gholdengo, L50|100\/100\n|switch|p1b: Beast|Roaring Moon, L50|100\/100\n|switch|p2a: Zapdos|Zapdos-Galar, L50|100\/100\n|switch|p2b: Revavroom|Revavroom, L50, F|100\/100\n|-enditem|p1b: Beast|Booster Energy\n|-activate|p1b: Beast|ability: Protosynthesis|[fromitem]\n|-start|p1b: Beast|protosynthesisspe\n|turn|1\n|inactive|BowDog! has 30 seconds left.\n|inactive|HEARSWHOS has 30 seconds left.\n|inactive|BowDog! has 20 seconds left.\n|inactive|HEARSWHOS has 20 seconds left.\n|inactive|BowDog! has 15 seconds left.\n|\n|t:|1700869237\n|switch|p2b: Rillaboom|Rillaboom, L50, F|100\/100\n|-fieldstart|move: Grassy Terrain|[from] ability: Grassy Surge|[of] p2b: Rillaboom\n|-enditem|p2a: Zapdos|Grassy Seed\n|-boost|p2a: Zapdos|def|1|[from] item: Grassy Seed\n|-terastallize|p2a: Zapdos|Electric\n|move|p1b: Beast|Tailwind|p1b: Beast\n|-sidestart|p1: BowDog!|move: Tailwind\n|move|p1a: Broadway!|Make It Rain|p2b: Rillaboom|[spread] p2a,p2b\n|-resisted|p2a: Zapdos\n|-damage|p2a: Zapdos|79\/100\n|-damage|p2b: Rillaboom|53\/100\n|-unboost|p1a: Broadway!|spa|1\n|move|p2a: Zapdos|Bulk Up|p2a: Zapdos\n|-boost|p2a: Zapdos|atk|1\n|-boost|p2a: Zapdos|def|1\n|\n|-heal|p2a: Zapdos|85\/100|[from] Grassy Terrain\n|-heal|p2b: Rillaboom|60\/100|[from] Grassy Terrain\n|upkeep\n|turn|2\n|inactive|BowDog! has 30 seconds left.\n|inactive|HEARSWHOS has 30 seconds left.\n|\n|t:|1700869271\n|switch|p1a: Jane|Rillaboom, L50, F|100\/100\n|move|p1b: Beast|Acrobatics|p2b: Rillaboom\n|-supereffective|p2b: Rillaboom\n|-damage|p2b: Rillaboom|0 fnt\n|faint|p2b: Rillaboom\n|move|p2a: Zapdos|Thunderous Kick|p1b: Beast\n|-supereffective|p1b: Beast\n|-damage|p1b: Beast|0 fnt\n|faint|p1b: Beast\n|-end|p1b: Beast|Protosynthesis|[silent]\n|\n|-heal|p2a: Zapdos|91\/100|[from] Grassy Terrain\n|upkeep\n|inactive|BowDog! has 30 seconds left.\n|\n|t:|1700869299\n|switch|p1b: Broadway!|Gholdengo, L50|100\/100\n|switch|p2b: Mimikyu|Mimikyu, L50, M|100\/100\n|turn|3\n|inactive|BowDog! has 30 seconds left.\n|inactive|HEARSWHOS has 30 seconds left.\n|inactive|BowDog! has 20 seconds left.\n|inactive|HEARSWHOS has 20 seconds left.\n|inactive|BowDog! has 15 seconds left.\n|inactive|HEARSWHOS has 15 seconds left.\n|\n|t:|1700869342\n|move|p1b: Broadway!|Protect|p1b: Broadway!\n|-singleturn|p1b: Broadway!|Protect\n|move|p1a: Jane|Fake Out|p2a: Zapdos\n|-damage|p2a: Zapdos|84\/100\n|cant|p2a: Zapdos|flinch\n|move|p2b: Mimikyu|Trick Room|p2b: Mimikyu\n|-fieldstart|move: Trick Room|[of] p2b: Mimikyu\n|\n|-heal|p2a: Zapdos|91\/100|[from] Grassy Terrain\n|upkeep\n|turn|4\n|inactive|BowDog! has 30 seconds left.\n|inactive|BowDog! has 20 seconds left.\n|inactive|BowDog! has 15 seconds left.\n|inactive|BowDog! has 10 seconds left.\n|inactive|BowDog! has 5 seconds left.\n|\n|t:|1700869394\n|-terastallize|p1a: Jane|Fire\n|move|p2b: Mimikyu|Shadow Sneak|p1b: Broadway!\n|-supereffective|p1b: Broadway!\n|-damage|p1b: Broadway!|61\/100\n|move|p2a: Zapdos|Acrobatics|p1a: Jane\n|-damage|p1a: Jane|27\/100\n|move|p1a: Jane|Wood Hammer|p2a: Zapdos\n|-damage|p2a: Zapdos|51\/100\n|-damage|p1a: Jane|15\/100|[from] Recoil\n|move|p1b: Broadway!|Make It Rain|p2b: Mimikyu|[spread] p2a,p2b\n|-resisted|p2a: Zapdos\n|-damage|p2a: Zapdos|32\/100\n|-activate|p2b: Mimikyu|ability: Disguise\n|-damage|p2b: Mimikyu|100\/100\n|-unboost|p1b: Broadway!|spa|1\n|detailschange|p2b: Mimikyu|Mimikyu-Busted, L50, M\n|-damage|p2b: Mimikyu|88\/100|[from] pokemon: Mimikyu-Busted\n|\n|-heal|p2a: Zapdos|38\/100|[from] Grassy Terrain\n|-heal|p2b: Mimikyu|94\/100|[from] Grassy Terrain\n|-heal|p1a: Jane|20\/100|[from] Grassy Terrain\n|-heal|p1b: Broadway!|67\/100|[from] Grassy Terrain\n|-heal|p1b: Broadway!|73\/100|[from] item: Leftovers\n|-sideend|p1: BowDog!|move: Tailwind\n|upkeep\n|turn|5\n|inactive|BowDog! has 30 seconds left.\n|\n|t:|1700869426\n|move|p1b: Broadway!|Protect|p1b: Broadway!\n|-singleturn|p1b: Broadway!|Protect\n|move|p1a: Jane|Grassy Glide|p2a: Zapdos\n|-damage|p2a: Zapdos|22\/100\n|move|p2b: Mimikyu|Shadow Sneak|p1b: Broadway!\n|-activate|p1b: Broadway!|move: Protect\n|move|p2a: Zapdos|Acrobatics|p1b: Broadway!\n|-activate|p1b: Broadway!|move: Protect\n|\n|-heal|p1a: Jane|26\/100|[from] Grassy Terrain\n|-heal|p2a: Zapdos|28\/100|[from] Grassy Terrain\n|-heal|p1b: Broadway!|79\/100|[from] Grassy Terrain\n|-heal|p1b: Broadway!|85\/100|[from] item: Leftovers\n|-heal|p2b: Mimikyu|100\/100|[from] Grassy Terrain\n|-fieldend|move: Grassy Terrain\n|upkeep\n|turn|6\n|inactive|BowDog! has 30 seconds left.\n|inactive|BowDog! has 20 seconds left.\n|\n|t:|1700869465\n|switch|p1b: Shinobi|Urshifu-Rapid-Strike, L50, M|100\/100\n|move|p1a: Jane|Grassy Glide|p2a: Zapdos\n|-crit|p2a: Zapdos\n|-damage|p2a: Zapdos|0 fnt\n|faint|p2a: Zapdos\n|move|p2b: Mimikyu|Play Rough|p1a: Jane\n|-resisted|p1a: Jane\n|-damage|p1a: Jane|7\/100\n|\n|upkeep\n|\n|t:|1700869470\n|switch|p2a: Revavroom|Revavroom, L50, F|100\/100\n|turn|7\n|inactive|BowDog! has 30 seconds left.\n|inactive|BowDog! has 20 seconds left.\n|inactive|BowDog! has 15 seconds left.\n|\n|t:|1700869515\n|move|p2b: Mimikyu|Shadow Sneak|p1a: Jane\n|-damage|p1a: Jane|0 fnt\n|faint|p1a: Jane\n|move|p2a: Revavroom|Spin Out|p1b: Shinobi\n|-resisted|p1b: Shinobi\n|-damage|p1b: Shinobi|63\/100\n|-unboost|p2a: Revavroom|spe|2\n|move|p1b: Shinobi|Surging Strikes|p2b: Mimikyu\n|-crit|p2b: Mimikyu\n|-damage|p2b: Mimikyu|61\/100\n|-crit|p2b: Mimikyu\n|-damage|p2b: Mimikyu|21\/100\n|-crit|p2b: Mimikyu\n|-damage|p2b: Mimikyu|0 fnt\n|faint|p2b: Mimikyu\n|-hitcount|p2: Mimikyu|3\n|\n|-fieldend|move: Trick Room\n|upkeep\n|-message|HEARSWHOS forfeited.\n|\n|win|BowDog!\n|raw|BowDog!'s rating: 1135 &rarr; <strong>1151<\/strong><br \/>(+16 for winning)\n|raw|HEARSWHOS's rating: 1000 &rarr; <strong>1000<\/strong><br \/>(+0 for losing)\n|l|\u2606HEARSWHOS\n","uploadtime":1700869543,"views":4,"p1id":"bowdog","p2id":"hearswhos","formatid":"gen9vgc2023regulatione","rating":1000,"private":0,"password":""}