{"id":"gen9vgc2023regulatione-1993595841","p1":"Abro hilo","p2":"Skilled Issuer","format":"[Gen 9] VGC 2023 Regulation E","log":"|j|\u2606Abro hilo\n|j|\u2606Skilled Issuer\n|t:|1700335662\n|gametype|doubles\n|player|p1|Abro hilo|pilot|1509\n|player|p2|Skilled Issuer|diantha-masters2|1576\n|teamsize|p1|6\n|teamsize|p2|6\n|gen|9\n|tier|[Gen 9] VGC 2023 Regulation E\n|rated|\n|rule|Species Clause: Limit one of each Pok\u00e9mon\n|rule|Item Clause: Limit one of each item\n|clearpoke\n|poke|p1|Empoleon, L50, M|\n|poke|p1|Arcanine-Hisui, L50, M|\n|poke|p1|Landorus-Therian, L50, M|\n|poke|p1|Iron Hands, L50|\n|poke|p1|Flutter Mane, L50|\n|poke|p1|Amoonguss, L50, M|\n|poke|p2|Carbink, L50|\n|poke|p2|Dondozo, L50, F|\n|poke|p2|Tatsugiri, L50, F|\n|poke|p2|Iron Hands, L50|\n|poke|p2|Kingambit, L50, F|\n|poke|p2|Sinistcha, L50|\n|teampreview|4\n|inactive|Battle timer is ON: inactive players will automatically lose when time's up. (requested by Skilled Issuer)\n|inactive|Abro hilo has 60 seconds left.\n|inactive|Skilled Issuer has 60 seconds left.\nSkilled Issuer rejected open team sheets.\n|\n|t:|1700335709\n|start\n|switch|p1a: Flutter Mane|Flutter Mane, L50|100\/100\n|switch|p1b: Iron Hands|Iron Hands, L50|100\/100\n|switch|p2a: Binkus|Carbink, L50, shiny|100\/100\n|switch|p2b: McBozo|Dondozo, L50, F|100\/100\n|turn|1\n|\n|t:|1700335717\n|switch|p2b: Air Scoots|Kingambit, L50, F|100\/100\n|move|p2a: Binkus|Protect|p2a: Binkus\n|-singleturn|p2a: Binkus|Protect\n|move|p1b: Iron Hands|Fake Out|p2a: Binkus\n|-activate|p2a: Binkus|move: Protect\n|move|p1a: Flutter Mane|Moonblast|p2b: Air Scoots\n|-crit|p2b: Air Scoots\n|-damage|p2b: Air Scoots|14\/100\n|\n|upkeep\n|turn|2\n|\n|t:|1700335735\n|move|p1a: Flutter Mane|Protect|p1a: Flutter Mane\n|-singleturn|p1a: Flutter Mane|Protect\n|move|p2b: Air Scoots|Protect|p2b: Air Scoots\n|-singleturn|p2b: Air Scoots|Protect\n|move|p1b: Iron Hands|Wild Charge|p2b: Air Scoots\n|-activate|p2b: Air Scoots|move: Protect\n|move|p2a: Binkus|Trick Room|p2a: Binkus\n|-fieldstart|move: Trick Room|[of] p2a: Binkus\n|\n|upkeep\n|turn|3\n|\n|t:|1700335744\n|-end|p2b: Air Scoots|fallenundefined|[silent]\n|switch|p2b: McBozo|Dondozo, L50, F|100\/100\n|-end|p1a: Flutter Mane|Protosynthesis|[silent]\n|switch|p1a: Amoonguss|Amoonguss, L50, M, shiny|100\/100\n|move|p2a: Binkus|Guard Split|p2b: McBozo\n|-activate|p2a: Binkus|move: Guard Split|[of] p2b: McBozo\n|move|p1b: Iron Hands|Swords Dance|p1b: Iron Hands\n|-boost|p1b: Iron Hands|atk|2\n|\n|upkeep\n|turn|4\n|inactive|Skilled Issuer has 30 seconds left.\n|\n|t:|1700335777\n|switch|p2a: Sushiro|Tatsugiri, L50, F|100\/100\n|-activate|p2a: Sushiro|ability: Commander|[of] p2b: McBozo\n|-boost|p2b: McBozo|atk|2\n|-boost|p2b: McBozo|spa|2\n|-boost|p2b: McBozo|spe|2\n|-boost|p2b: McBozo|def|2\n|-boost|p2b: McBozo|spd|2\n|move|p1a: Amoonguss|Spore|p2b: McBozo\n|-status|p2b: McBozo|slp|[from] move: Spore\n|move|p1b: Iron Hands|Drain Punch|p2b: McBozo\n|-damage|p2b: McBozo|91\/100 slp\n|cant|p2b: McBozo|slp\n|\n|-heal|p2b: McBozo|97\/100 slp|[from] item: Leftovers\n|upkeep\n|turn|5\n|\n|t:|1700335796\n|move|p1a: Amoonguss|Clear Smog|p2b: McBozo\n|-damage|p2b: McBozo|92\/100 slp\n|-clearboost|p2b: McBozo\n|-curestatus|p2b: McBozo|slp|[msg]\n|move|p2b: McBozo|Substitute|p2b: McBozo\n|-start|p2b: McBozo|Substitute\n|-damage|p2b: McBozo|67\/100\n|move|p1b: Iron Hands|Drain Punch|p2b: McBozo\n|-activate|p2b: McBozo|move: Substitute|[damage]\n|\n|-heal|p2b: McBozo|73\/100|[from] item: Leftovers\n|upkeep\n|turn|6\n|-message|Skilled Issuer forfeited.\n|\n|win|Abro hilo\n|raw|Abro hilo's rating: 1484 &rarr; <strong>1509<\/strong><br \/>(+25 for winning)\n|raw|Skilled Issuer's rating: 1576 &rarr; <strong>1551<\/strong><br \/>(-25 for losing)\n|l|\u2606Skilled Issuer\n","uploadtime":1700335814,"views":11,"p1id":"abrohilo","p2id":"skilledissuer","formatid":"gen9vgc2023regulatione","rating":1509,"private":0,"password":""}