{"id":"gen9vgc2023regulatione-1991487695","p1":"MagikDeluxe","p2":"ayeitsZeth","format":"[Gen 9] VGC 2023 Regulation E","log":"|j|\u2606MagikDeluxe\n|j|\u2606ayeitsZeth\n|t:|1700081469\n|gametype|doubles\n|player|p1|MagikDeluxe|colress|1170\n|player|p2|ayeitsZeth|musician|1124\n|teamsize|p1|6\n|teamsize|p2|6\n|gen|9\n|tier|[Gen 9] VGC 2023 Regulation E\n|rated|\n|rule|Species Clause: Limit one of each Pok\u00e9mon\n|rule|Item Clause: Limit one of each item\n|clearpoke\n|poke|p1|Tornadus, L50, M|\n|poke|p1|Heatran, L50, F|\n|poke|p1|Tauros-Paldea-Blaze, L50, M|\n|poke|p1|Rillaboom, L50, M|\n|poke|p1|Slither Wing, L50|\n|poke|p1|Chi-Yu, L50|\n|poke|p2|Baxcalibur, L50, M|\n|poke|p2|Ninetales-Alola, L50, M|\n|poke|p2|Heatran, L50, F|\n|poke|p2|Ogerpon-Wellspring, L50, F|\n|poke|p2|Landorus-Therian, L50, M|\n|poke|p2|Rillaboom, L50, F|\n|teampreview|4\n|c|\u2606MagikDeluxe|glhf\nayeitsZeth has agreed to open team sheets.\n|c|\u2606ayeitsZeth|u2\n|\n|t:|1700081507\n|start\n|switch|p1a: Raging 'Ran|Heatran, L50, F|100\/100\n|switch|p1b: T|Tornadus, L50, M|100\/100\n|switch|p2a: Heatran|Heatran, L50, F|100\/100\n|switch|p2b: Ogerpon|Ogerpon-Wellspring, L50, F|100\/100\n|turn|1\n|inactive|Battle timer is ON: inactive players will automatically lose when time's up. (requested by ayeitsZeth)\n|\n|t:|1700081528\n|-terastallize|p1a: Raging 'Ran|Dragon\n|move|p2b: Ogerpon|Follow Me|p2b: Ogerpon\n|-singleturn|p2b: Ogerpon|move: Follow Me\n|move|p1b: T|Tailwind|p1b: T\n|-sidestart|p1: MagikDeluxe|move: Tailwind\n|move|p1a: Raging 'Ran|Magma Storm|p2b: Ogerpon\n|-damage|p2b: Ogerpon|43\/100\n|-activate|p2b: Ogerpon|move: Magma Storm|[of] p1a: Raging 'Ran\n|move|p2a: Heatran|Earth Power|p1a: Raging 'Ran\n|-damage|p1a: Raging 'Ran|59\/100\n|-damage|p2a: Heatran|91\/100|[from] item: Life Orb\n|\n|-heal|p1a: Raging 'Ran|65\/100|[from] item: Leftovers\n|-damage|p2b: Ogerpon|30\/100|[from] move: Magma Storm|[partiallytrapped]\n|upkeep\n|turn|2\n|inactive|ayeitsZeth has 30 seconds left.\n|inactive|ayeitsZeth has 20 seconds left.\n|inactive|ayeitsZeth has 15 seconds left.\n|inactive|ayeitsZeth has 10 seconds left.\n|inactive|ayeitsZeth has 5 seconds left.\n|\n|t:|1700081580\n|move|p1b: T|Bleakwind Storm|p2a: Heatran|[spread] p2a,p2b\n|-resisted|p2a: Heatran\n|-supereffective|p2b: Ogerpon\n|-damage|p2a: Heatran|75\/100\n|-damage|p2b: Ogerpon|0 fnt\n|faint|p2b: Ogerpon\n|move|p1a: Raging 'Ran|Earth Power|p2a: Heatran\n|-supereffective|p2a: Heatran\n|-damage|p2a: Heatran|0 fnt\n|faint|p2a: Heatran\n|\n|-heal|p1a: Raging 'Ran|71\/100|[from] item: Leftovers\n|upkeep\n|\n|t:|1700081587\n|switch|p2b: Rillaboom|Rillaboom, L50, F|100\/100\n|switch|p2a: Landorus|Landorus-Therian, L50, M|100\/100\n|-ability|p2a: Landorus|Intimidate|boost\n|-unboost|p1a: Raging 'Ran|atk|1\n|-unboost|p1b: T|atk|1\n|-fieldstart|move: Grassy Terrain|[from] ability: Grassy Surge|[of] p2b: Rillaboom\n|turn|3\n|\n|t:|1700081604\n|move|p2b: Rillaboom|Fake Out|p1b: T\n|-damage|p1b: T|79\/100\n|cant|p1b: T|flinch\n|move|p1a: Raging 'Ran|Magma Storm|p2a: Landorus\n|-damage|p2a: Landorus|30\/100\n|-activate|p2a: Landorus|move: Magma Storm|[of] p1a: Raging 'Ran\n|move|p2a: Landorus|Stomping Tantrum|p1a: Raging 'Ran\n|-damage|p1a: Raging 'Ran|26\/100\n|\n|-heal|p1a: Raging 'Ran|32\/100|[from] Grassy Terrain\n|-heal|p1a: Raging 'Ran|38\/100|[from] item: Leftovers\n|-damage|p2a: Landorus|18\/100|[from] move: Magma Storm|[partiallytrapped]\n|upkeep\n|turn|4\n|\n|t:|1700081616\n|move|p1b: T|Sunny Day|p1b: T\n|-weather|SunnyDay\n|move|p2b: Rillaboom|Grassy Glide|p1a: Raging 'Ran\n|-resisted|p1a: Raging 'Ran\n|-damage|p1a: Raging 'Ran|20\/100\n|move|p1a: Raging 'Ran|Heat Wave|p2b: Rillaboom|[spread] p2a,p2b\n|-crit|p2a: Landorus\n|-supereffective|p2b: Rillaboom\n|-damage|p2a: Landorus|0 fnt\n|-damage|p2b: Rillaboom|16\/100\n|faint|p2a: Landorus\n|\n|-weather|SunnyDay|[upkeep]\n|-heal|p1a: Raging 'Ran|26\/100|[from] Grassy Terrain\n|-heal|p1a: Raging 'Ran|32\/100|[from] item: Leftovers\n|-heal|p2b: Rillaboom|22\/100|[from] Grassy Terrain\n|-sideend|p1: MagikDeluxe|move: Tailwind\n|upkeep\n|turn|5\n|-message|ayeitsZeth forfeited.\n|\n|win|MagikDeluxe\n|raw|MagikDeluxe's rating: 1170 &rarr; <strong>1192<\/strong><br \/>(+22 for winning)\n|raw|ayeitsZeth's rating: 1124 &rarr; <strong>1102<\/strong><br \/>(-22 for losing)\n|l|\u2606ayeitsZeth\n","uploadtime":1700081634,"views":9,"p1id":"magikdeluxe","p2id":"ayeitszeth","formatid":"gen9vgc2023regulatione","rating":1102,"private":0,"password":""}