{"id":"gen9vgc2023regulatione-1994820797","p1":"ElSebas21","p2":"Ootori_Emu","format":"[Gen 9] VGC 2023 Regulation E","log":"|j|\u2606ElSebas21\n|j|\u2606Ootori_Emu\n|t:|1700495869\n|gametype|doubles\n|player|p1|ElSebas21|1|1130\n|player|p2|Ootori_Emu|clair|1151\n|teamsize|p1|6\n|teamsize|p2|6\n|gen|9\n|tier|[Gen 9] VGC 2023 Regulation E\n|rated|\n|rule|Species Clause: Limit one of each Pok\u00e9mon\n|rule|Item Clause: Limit one of each item\n|clearpoke\n|poke|p1|Urshifu-*, L50, M|\n|poke|p1|Ogerpon-Hearthflame, L50, F|\n|poke|p1|Grimmsnarl, L50, M|\n|poke|p1|Iron Hands, L50|\n|poke|p1|Flutter Mane, L50|\n|poke|p1|Tornadus, L50, M|\n|poke|p2|Urshifu-*, L50, F|\n|poke|p2|Arcanine-Hisui, L50, F|\n|poke|p2|Rillaboom, L50, F|\n|poke|p2|Tornadus, L50, M|\n|poke|p2|Gholdengo, L50|\n|poke|p2|Ogerpon-Hearthflame, L50, F|\n|teampreview|4\nOotori_Emu has agreed to open team sheets.\n|\n|t:|1700495949\n|start\n|switch|p1a: Tornadus|Tornadus, L50, M|100\/100\n|switch|p1b: Iron Hands|Iron Hands, L50|100\/100\n|switch|p2a: Ogerpon|Ogerpon-Hearthflame, L50, F|100\/100\n|switch|p2b: Tornadus|Tornadus, L50, M|100\/100\n|-ability|p2a: Ogerpon|Mold Breaker\n|turn|1\n|\n|t:|1700495971\n|move|p2a: Ogerpon|Spiky Shield|p2a: Ogerpon\n|-singleturn|p2a: Ogerpon|move: Protect\n|move|p1b: Iron Hands|Fake Out|p2b: Tornadus\n|-damage|p2b: Tornadus|82\/100\n|-damage|p1b: Iron Hands|84\/100|[from] item: Rocky Helmet|[of] p2b: Tornadus\n|move|p1a: Tornadus|Taunt|p2b: Tornadus\n|-start|p2b: Tornadus|move: Taunt\n|cant|p2b: Tornadus|flinch\n|\n|upkeep\n|turn|2\n|\n|t:|1700495990\n|switch|p2b: Arcanine|Arcanine-Hisui, L50, F|100\/100\n|-ability|p2b: Arcanine|Intimidate|boost\n|-unboost|p1a: Tornadus|atk|1\n|-unboost|p1b: Iron Hands|atk|1\n|-terastallize|p2a: Ogerpon|Fire\n|detailschange|p2a: Ogerpon|Ogerpon-Hearthflame-Tera, L50, F, tera:Fire\n|-ability|p2a: Ogerpon|Embody Aspect (Hearthflame)|boost\n|-boost|p2a: Ogerpon|atk|1\n|move|p1a: Tornadus|Tailwind|p1a: Tornadus\n|-sidestart|p1: ElSebas21|move: Tailwind\n|move|p2a: Ogerpon|Swords Dance|p2a: Ogerpon\n|-boost|p2a: Ogerpon|atk|2\n|move|p1b: Iron Hands|Thunder Punch|p2b: Arcanine\n|-damage|p2b: Arcanine|65\/100\n|\n|upkeep\n|turn|3\n|\n|t:|1700496033\n|-end|p1b: Iron Hands|Quark Drive|[silent]\n|switch|p1b: Urshifu|Urshifu-Rapid-Strike, L50, M|100\/100\n|switch|p2b: Rillaboom|Rillaboom, L50, F|100\/100\n|-fieldstart|move: Grassy Terrain|[from] ability: Grassy Surge|[of] p2b: Rillaboom\n|move|p1a: Tornadus|Protect|p1a: Tornadus\n|-singleturn|p1a: Tornadus|Protect\n|move|p2a: Ogerpon|Ivy Cudgel|p1a: Tornadus|[anim] Ivy Cudgel Fire\n|-activate|p1a: Tornadus|move: Protect\n|\n|upkeep\n|turn|4\n|\n|t:|1700496097\n|move|p1b: Urshifu|Detect|p1b: Urshifu\n|-singleturn|p1b: Urshifu|Protect\n|move|p2b: Rillaboom|Fake Out|p1a: Tornadus\n|-damage|p1a: Tornadus|82\/100\n|cant|p1a: Tornadus|flinch\n|move|p2a: Ogerpon|Grassy Glide|p1b: Urshifu\n|-activate|p1b: Urshifu|move: Protect\n|\n|upkeep\n|turn|5\n|\n|t:|1700496131\n|switch|p1b: Iron Hands|Iron Hands, L50|84\/100\n|move|p1a: Tornadus|Protect|p1a: Tornadus\n|-singleturn|p1a: Tornadus|Protect\n|move|p2a: Ogerpon|Grassy Glide|p1b: Iron Hands\n|-damage|p1b: Iron Hands|12\/100\n|move|p2b: Rillaboom|U-turn|p1a: Tornadus\n|-activate|p1a: Tornadus|move: Protect\n|\n|-heal|p1b: Iron Hands|19\/100|[from] Grassy Terrain\n|-sideend|p1: ElSebas21|move: Tailwind\n|upkeep\n|turn|6\n|\n|t:|1700496185\n|switch|p2b: Arcanine|Arcanine-Hisui, L50, F|65\/100\n|-ability|p2b: Arcanine|Intimidate|boost\n|-unboost|p1a: Tornadus|atk|1\n|-unboost|p1b: Iron Hands|atk|1\n|move|p2a: Ogerpon|Spiky Shield|p2a: Ogerpon\n|-singleturn|p2a: Ogerpon|move: Protect\n|move|p1a: Tornadus|Tailwind|p1a: Tornadus\n|-sidestart|p1: ElSebas21|move: Tailwind\n|move|p1b: Iron Hands|Drain Punch|p2a: Ogerpon\n|-activate|p2a: Ogerpon|move: Protect\n|-damage|p1b: Iron Hands|6\/100|[from] Spiky Shield|[of] p2a: Ogerpon\n|\n|-heal|p1b: Iron Hands|12\/100|[from] Grassy Terrain\n|-heal|p2b: Arcanine|71\/100|[from] Grassy Terrain\n|upkeep\n|turn|7\n|\n|t:|1700496230\n|move|p1a: Tornadus|Protect|p1a: Tornadus\n|-singleturn|p1a: Tornadus|Protect\n|move|p2b: Arcanine|Extreme Speed|p1b: Iron Hands\n|-damage|p1b: Iron Hands|0 fnt\n|faint|p1b: Iron Hands\n|-end|p1b: Iron Hands|Quark Drive|[silent]\n|move|p2a: Ogerpon|Ivy Cudgel|p1a: Tornadus|[anim] Ivy Cudgel Fire\n|-activate|p1a: Tornadus|move: Protect\n|\n|-heal|p2b: Arcanine|77\/100|[from] Grassy Terrain\n|-fieldend|move: Grassy Terrain\n|upkeep\n|\n|t:|1700496243\n|switch|p1b: Urshifu|Urshifu-Rapid-Strike, L50, M|100\/100\n|turn|8\n|\n|t:|1700496275\n|switch|p2b: Rillaboom|Rillaboom, L50, F|100\/100\n|-fieldstart|move: Grassy Terrain|[from] ability: Grassy Surge|[of] p2b: Rillaboom\n|move|p2a: Ogerpon|Grassy Glide|p1b: Urshifu\n|-supereffective|p1b: Urshifu\n|-damage|p1b: Urshifu|0 fnt\n|faint|p1b: Urshifu\n|move|p1a: Tornadus|Air Slash|p2a: Ogerpon\n|-damage|p2a: Ogerpon|65\/100\n|\n|-heal|p2a: Ogerpon|71\/100|[from] Grassy Terrain\n|upkeep\n|\n|t:|1700496291\n|switch|p1b: Ogerpon|Ogerpon-Hearthflame, L50, F|100\/100\n|-ability|p1b: Ogerpon|Mold Breaker\n|turn|9\n|\n|t:|1700496307\n|-terastallize|p1b: Ogerpon|Fire\n|detailschange|p1b: Ogerpon|Ogerpon-Hearthflame-Tera, L50, F, tera:Fire\n|-ability|p1b: Ogerpon|Embody Aspect (Hearthflame)|boost\n|-boost|p1b: Ogerpon|atk|1\n|move|p1a: Tornadus|Protect|p1a: Tornadus\n|-singleturn|p1a: Tornadus|Protect\n|move|p2b: Rillaboom|Fake Out|p1a: Tornadus\n|-activate|p1a: Tornadus|move: Protect\n|move|p1b: Ogerpon|Ivy Cudgel|p2b: Rillaboom|[anim] Ivy Cudgel Fire\n|-supereffective|p2b: Rillaboom\n|-damage|p2b: Rillaboom|0 fnt\n|faint|p2b: Rillaboom\n|move|p2a: Ogerpon|Ivy Cudgel|p1b: Ogerpon|[anim] Ivy Cudgel Fire\n|-resisted|p1b: Ogerpon\n|-damage|p1b: Ogerpon|0 fnt\n|faint|p1b: Ogerpon\n|\n|-heal|p2a: Ogerpon|77\/100|[from] Grassy Terrain\n|-sideend|p1: ElSebas21|move: Tailwind\n|upkeep\n|\n|t:|1700496324\n|switch|p2b: Arcanine|Arcanine-Hisui, L50, F|77\/100\n|-ability|p2b: Arcanine|Intimidate|boost\n|-unboost|p1a: Tornadus|atk|1\n|turn|10\n|-message|ElSebas21 forfeited.\n|\n|win|Ootori_Emu\n|raw|ElSebas21's rating: 1130 &rarr; <strong>1107<\/strong><br \/>(-23 for losing)\n|raw|Ootori_Emu's rating: 1151 &rarr; <strong>1174<\/strong><br \/>(+23 for winning)\n|l|\u2606ElSebas21\n","uploadtime":1700496334,"views":3,"p1id":"elsebas21","p2id":"ootoriemu","formatid":"gen9vgc2023regulatione","rating":1107,"private":0,"password":""}