{"id":"gen9vgc2023regulatione-2000371108","p1":"TrendanBrendan","p2":"Nefermax","format":"[Gen 9] VGC 2023 Regulation E","log":"|j|\u2606TrendanBrendan\n|j|\u2606Nefermax\n|t:|1701189162\n|gametype|doubles\n|player|p1|TrendanBrendan|bugcatcher-gen4dp|1251\n|player|p2|Nefermax|266|1162\n|teamsize|p1|6\n|teamsize|p2|6\n|gen|9\n|tier|[Gen 9] VGC 2023 Regulation E\n|rated|\n|rule|Species Clause: Limit one of each Pok\u00e9mon\n|rule|Item Clause: Limit one of each item\n|clearpoke\n|poke|p1|Amoonguss, L50, F|\n|poke|p1|Heatran, L50, F|\n|poke|p1|Roaring Moon, L50|\n|poke|p1|Iron Hands, L50|\n|poke|p1|Flutter Mane, L50|\n|poke|p1|Landorus-Therian, L50, M|\n|poke|p2|Dondozo, L50, M|\n|poke|p2|Tatsugiri, L50, F|\n|poke|p2|Lilligant-Hisui, L50, F|\n|poke|p2|Coalossal, L50, F|\n|poke|p2|Torkoal, L50, F|\n|poke|p2|Masquerain, L50, M|\n|teampreview|4\nTrendanBrendan has agreed to open team sheets.\n|c|\u2606TrendanBrendan|MASQUERAIN THE GOAT!!!\n|c|\u2606TrendanBrendan|surskit is my favorite Pok\u00e9mon lol\nNefermax has agreed to open team sheets.\n|c|\u2606Nefermax|Yeah, i love pokemon\n|\n|t:|1701189266\n|start\n|switch|p1a: Roaring Moon|Roaring Moon, L50|100\/100\n|switch|p1b: Iron Hands|Iron Hands, L50|100\/100\n|switch|p2a: Coalossal|Coalossal, L50, F|100\/100\n|switch|p2b: Masquerain|Masquerain, L50, M|100\/100\n|-ability|p2b: Masquerain|Intimidate|boost\n|-unboost|p1a: Roaring Moon|atk|1\n|-unboost|p1b: Iron Hands|atk|1\n|-enditem|p1a: Roaring Moon|Booster Energy\n|-activate|p1a: Roaring Moon|ability: Protosynthesis|[fromitem]\n|-start|p1a: Roaring Moon|protosynthesisspe\n|turn|1\n|\n|t:|1701189298\n|move|p2b: Masquerain|Protect|p2b: Masquerain\n|-singleturn|p2b: Masquerain|Protect\n|move|p2a: Coalossal|Protect|p2a: Coalossal\n|-singleturn|p2a: Coalossal|Protect\n|move|p1b: Iron Hands|Fake Out|p2b: Masquerain\n|-activate|p2b: Masquerain|move: Protect\n|move|p1a: Roaring Moon|Knock Off|p2a: Coalossal\n|-activate|p2a: Coalossal|move: Protect\n|\n|upkeep\n|turn|2\n|\n|t:|1701189322\n|-terastallize|p2a: Coalossal|Fire\n|move|p2b: Masquerain|Aqua Jet|p2a: Coalossal\n|-supereffective|p2a: Coalossal\n|-damage|p2a: Coalossal|92\/100\n|-ability|p2a: Coalossal|Steam Engine|boost\n|-boost|p2a: Coalossal|spe|6\n|-enditem|p2a: Coalossal|Weakness Policy\n|-boost|p2a: Coalossal|atk|2|[from] item: Weakness Policy\n|-boost|p2a: Coalossal|spa|2|[from] item: Weakness Policy\n|move|p2a: Coalossal|Power Gem|p1a: Roaring Moon\n|-damage|p1a: Roaring Moon|35\/100\n|move|p1a: Roaring Moon|Tailwind|p1a: Roaring Moon\n|-sidestart|p1: TrendanBrendan|move: Tailwind\n|move|p1b: Iron Hands|Drain Punch|p2a: Coalossal\n|-damage|p2a: Coalossal|66\/100\n|\n|upkeep\n|turn|3\n|\n|t:|1701189345\n|move|p2b: Masquerain|Helping Hand|p2a: Coalossal\n|-singleturn|p2a: Coalossal|Helping Hand|[of] p2b: Masquerain\n|move|p1a: Roaring Moon|Protect|p1a: Roaring Moon\n|-singleturn|p1a: Roaring Moon|Protect\n|move|p2a: Coalossal|Heat Wave|p1a: Roaring Moon|[spread] p1b\n|-activate|p1a: Roaring Moon|move: Protect\n|-damage|p1b: Iron Hands|41\/100\n|move|p1b: Iron Hands|Wild Charge|p2b: Masquerain\n|-supereffective|p2b: Masquerain\n|-enditem|p2b: Masquerain|Focus Sash\n|-damage|p2b: Masquerain|1\/100\n|-damage|p1b: Iron Hands|22\/100|[from] Recoil\n|\n|upkeep\n|turn|4\n|\n|t:|1701189393\n|move|p2a: Coalossal|Protect|p2a: Coalossal\n|-singleturn|p2a: Coalossal|Protect\n|move|p1a: Roaring Moon|Breaking Swipe|p2a: Coalossal|[spread] p2b\n|-activate|p2a: Coalossal|move: Protect\n|-damage|p2b: Masquerain|0 fnt\n|faint|p2b: Masquerain\n|move|p1b: Iron Hands|Drain Punch|p2a: Coalossal\n|-activate|p2a: Coalossal|move: Protect\n|\n|upkeep\n|\n|t:|1701189404\n|switch|p2b: Torkoal|Torkoal, L50, F|100\/100\n|-weather|SunnyDay|[from] ability: Drought|[of] p2b: Torkoal\n|turn|5\n|\n|t:|1701189428\n|move|p2b: Torkoal|Helping Hand|p2a: Coalossal\n|-singleturn|p2a: Coalossal|Helping Hand|[of] p2b: Torkoal\n|move|p1a: Roaring Moon|Knock Off|p2b: Torkoal\n|-damage|p2b: Torkoal|73\/100\n|-enditem|p2b: Torkoal|Heat Rock|[from] move: Knock Off|[of] p1a: Roaring Moon\n|move|p2a: Coalossal|Heat Wave|p1b: Iron Hands|[spread] p1b\n|-miss|p2a: Coalossal|p1a: Roaring Moon\n|-damage|p1b: Iron Hands|0 fnt\n|faint|p1b: Iron Hands\n|-end|p1b: Iron Hands|Quark Drive|[silent]\n|\n|-weather|SunnyDay|[upkeep]\n|-sideend|p1: TrendanBrendan|move: Tailwind\n|upkeep\n|\n|t:|1701189437\n|switch|p1b: Landorus|Landorus-Therian, L50, M|100\/100\n|-ability|p1b: Landorus|Intimidate|boost\n|-unboost|p2a: Coalossal|atk|1\n|-unboost|p2b: Torkoal|atk|1\n|turn|6\n|\n|t:|1701189447\n|move|p2b: Torkoal|Helping Hand|p2a: Coalossal\n|-singleturn|p2a: Coalossal|Helping Hand|[of] p2b: Torkoal\n|move|p2a: Coalossal|Heat Wave|p1a: Roaring Moon|[spread] p1a,p1b\n|-resisted|p1a: Roaring Moon\n|-damage|p1a: Roaring Moon|0 fnt\n|-damage|p1b: Landorus|0 fnt\n|faint|p1a: Roaring Moon\n|-end|p1a: Roaring Moon|Protosynthesis|[silent]\n|faint|p1b: Landorus\n|\n|-weather|SunnyDay|[upkeep]\n|upkeep\n|\n|t:|1701189452\n|switch|p1a: Flutter Mane|Flutter Mane, L50|100\/100\n|-activate|p1a: Flutter Mane|ability: Protosynthesis\n|-start|p1a: Flutter Mane|protosynthesisspa\n|turn|7\n|\n|t:|1701189463\n|-terastallize|p1a: Flutter Mane|Fairy\n|move|p2b: Torkoal|Helping Hand|p2a: Coalossal\n|-singleturn|p2a: Coalossal|Helping Hand|[of] p2b: Torkoal\n|move|p2a: Coalossal|Heat Wave|p1a: Flutter Mane\n|-damage|p1a: Flutter Mane|0 fnt\n|faint|p1a: Flutter Mane\n|-end|p1a: Flutter Mane|Protosynthesis|[silent]\n|\n|win|Nefermax\n|raw|TrendanBrendan's rating: 1251 &rarr; <strong>1220<\/strong><br \/>(-31 for losing)\n|raw|Nefermax's rating: 1162 &rarr; <strong>1193<\/strong><br \/>(+31 for winning)\n","uploadtime":1701189469,"views":6,"p1id":"trendanbrendan","p2id":"nefermax","formatid":"gen9vgc2023regulatione","rating":1193,"private":0,"password":""}