{"id":"gen9vgc2023regulatione-1992556867","p1":"Rean412","p2":"kidturtle","format":"[Gen 9] VGC 2023 Regulation E","log":"|j|\u2606Rean412\n|j|\u2606kidturtle\n|n|\u2606Rean412|rean412\n|n|\u2606kidturtle|kidturtle\n|html|View the match progress at <a href=\"\/game-bestof3-gen9vgc2023regulatione-1992556866\">game-bestof3-gen9vgc2023regulatione-1992556866<\/a>\n|t:|1700205240\n|gametype|doubles\n|player|p1|Rean412|1|\n|player|p2|kidturtle|hoopster|\n|teamsize|p1|6\n|teamsize|p2|6\n|gen|9\n|tier|[Gen 9] VGC 2023 Regulation E\n|rated|Tournament battle\n|rule|Species Clause: Limit one of each Pok\u00e9mon\n|rule|Item Clause: Limit one of each item\n|clearpoke\n|poke|p1|Cresselia, L50, F|\n|poke|p1|Iron Hands, L50|\n|poke|p1|Ninetales-Alola, L50, M|\n|poke|p1|Annihilape, L50, M|\n|poke|p1|Flutter Mane, L50|\n|poke|p1|Ursaluna, L50, F|\n|poke|p2|Ursaluna, L50, M|\n|poke|p2|Cresselia, L50, F|\n|poke|p2|Flutter Mane, L50|\n|poke|p2|Chi-Yu, L50|\n|poke|p2|Iron Hands, L50|\n|poke|p2|Urshifu-*, L50, M|\n|teampreview|4\n|showteam|p1|Cresselia||MentalHerb|Levitate|DazzlingGleam,HelpingHand,LunarBlessing,TrickRoom|||F|||50|,,,,,Fairy]Iron Hands||AssaultVest|QuarkDrive|WildCharge,DrainPunch,HeavySlam,FakeOut||||||50|,,,,,Grass]Ninetales-Alola||LightClay|SnowWarning|Blizzard,IcyWind,AuroraVeil,Protect|||M|||50|,,,,,Ghost]Annihilape||Leftovers|Defiant|RageFist,DrainPunch,BulkUp,Protect|||M|||50|,,,,,Fire]Flutter Mane||BoosterEnergy|Protosynthesis|Moonblast,DazzlingGleam,ShadowBall,Protect||||||50|,,,,,Fairy]Ursaluna||FlameOrb|Guts|Facade,Earthquake,Crunch,Protect|||F|||50|,,,,,Fairy\n|showteam|p2|Ursaluna||FlameOrb|Guts|Facade,Earthquake,SwordsDance,Protect|||M|||50|,,,,,Ghost]Cresselia||MentalHerb|Levitate|IceBeam,AllySwitch,LunarBlessing,TrickRoom|||F|||50|,,,,,Fairy]Flutter Mane||BoosterEnergy|Protosynthesis|IcyWind,ShadowBall,Moonblast,Protect||||||50|,,,,,Fairy]Chi-Yu||ChoiceSpecs|BeadsofRuin|BurningJealousy,DarkPulse,Overheat,Snarl||||||50|,,,,,Ghost]Iron Hands||SitrusBerry|QuarkDrive|DrainPunch,WildCharge,FakeOut,SwordsDance||||||50|,,,,,Fire]Urshifu||FocusSash|UnseenFist|Detect,WickedBlow,CloseCombat,SuckerPunch|||M|||50|,,,,,Dark\n|j| FatalEspresso\n|inactive|Battle timer is ON: inactive players will automatically lose when time's up. (requested by kidturtle)\n|inactive|Rean412 has 60 seconds left.\n|inactive|kidturtle has 60 seconds left.\n|c|\u2606Rean412|GLHF\n|c|\u2606kidturtle|thx u 2\n|inactive|Rean412 has 30 seconds left.\n|inactive|kidturtle has 30 seconds left.\n|inactive|kidturtle has 20 seconds left.\n|inactive|kidturtle has 15 seconds left.\n|\n|t:|1700205330\n|start\n|switch|p1a: Ninetales|Ninetales-Alola, L50, M|100\/100\n|switch|p1b: Annihilape|Annihilape, L50, M|100\/100\n|switch|p2a: Flutter Mane|Flutter Mane, L50, shiny|100\/100\n|switch|p2b: Chi-Yu|Chi-Yu, L50|100\/100\n|-weather|Snow|[from] ability: Snow Warning|[of] p1a: Ninetales\n|-ability|p2b: Chi-Yu|Beads of Ruin\n|-enditem|p2a: Flutter Mane|Booster Energy\n|-activate|p2a: Flutter Mane|ability: Protosynthesis|[fromitem]\n|-start|p2a: Flutter Mane|protosynthesisspe\n|turn|1\n|c|\u2606Rean412|This will be chaos\n|inactive|Rean412 has 30 seconds left.\n|inactive|kidturtle has 30 seconds left.\n|\n|t:|1700205364\n|-terastallize|p1b: Annihilape|Fire\n|move|p1a: Ninetales|Protect|p1a: Ninetales\n|-singleturn|p1a: Ninetales|Protect\n|move|p2a: Flutter Mane|Icy Wind|p1b: Annihilape|[spread] p1b\n|-activate|p1a: Ninetales|move: Protect\n|-resisted|p1b: Annihilape\n|-damage|p1b: Annihilape|93\/100\n|-unboost|p1b: Annihilape|spe|1\n|-ability|p1b: Annihilape|Defiant|boost\n|-boost|p1b: Annihilape|atk|2\n|move|p2b: Chi-Yu|Overheat|p1a: Ninetales\n|-activate|p1a: Ninetales|move: Protect\n|move|p1b: Annihilape|Rage Fist|p2b: Chi-Yu\n|-resisted|p2b: Chi-Yu\n|-damage|p2b: Chi-Yu|28\/100\n|\n|-weather|Snow|[upkeep]\n|-heal|p1b: Annihilape|99\/100|[from] item: Leftovers\n|upkeep\n|turn|2\n|inactive|Rean412 has 30 seconds left.\n|inactive|kidturtle has 30 seconds left.\n|inactive|kidturtle has 20 seconds left.\n|\n|t:|1700205400\n|-end|p2a: Flutter Mane|Protosynthesis|[silent]\n|switch|p2a: Ursaluna|Ursaluna, L50, M|100\/100\n|switch|p1a: Flutter Mane|Flutter Mane, L50|100\/100\n|-enditem|p1a: Flutter Mane|Booster Energy\n|-activate|p1a: Flutter Mane|ability: Protosynthesis|[fromitem]\n|-start|p1a: Flutter Mane|protosynthesisspe\n|switch|p2b: Cresselia|Cresselia, L50, F|100\/100\n|move|p1b: Annihilape|Drain Punch|p2b: Cresselia\n|-resisted|p2b: Cresselia\n|-damage|p2b: Cresselia|78\/100\n|-heal|p1b: Annihilape|100\/100|[from] drain|[of] p2b: Cresselia\n|\n|-weather|Snow|[upkeep]\n|-status|p2a: Ursaluna|brn|[from] item: Flame Orb\n|upkeep\n|turn|3\n|l| FatalEspresso\n|inactive|Rean412 has 30 seconds left.\n|inactive|kidturtle has 30 seconds left.\n|inactive|kidturtle has 20 seconds left.\n|\n|t:|1700205440\n|-terastallize|p2b: Cresselia|Fairy\n|move|p1a: Flutter Mane|Shadow Ball|p2b: Cresselia\n|-damage|p2b: Cresselia|55\/100\n|move|p1b: Annihilape|Rage Fist|p2a: Ursaluna\n|-immune|p2a: Ursaluna\n|move|p2a: Ursaluna|Swords Dance|p2a: Ursaluna\n|-boost|p2a: Ursaluna|atk|2\n|move|p2b: Cresselia|Trick Room|p2b: Cresselia\n|-fieldstart|move: Trick Room|[of] p2b: Cresselia\n|\n|-weather|Snow|[upkeep]\n|-damage|p2a: Ursaluna|95\/100 brn|[from] brn\n|upkeep\n|turn|4\n|j|%Eeveon7\u2764\n|\n|t:|1700205455\n|switch|p1b: Ninetales|Ninetales-Alola, L50, M|100\/100\n|move|p1a: Flutter Mane|Protect|p1a: Flutter Mane\n|-singleturn|p1a: Flutter Mane|Protect\n|move|p2a: Ursaluna|Earthquake|p1b: Ninetales|[spread] p1b\n|-activate|p1a: Flutter Mane|move: Protect\n|-immune|p2b: Cresselia|[from] ability: Levitate\n|-damage|p1b: Ninetales|0 fnt\n|faint|p1b: Ninetales\n|move|p2b: Cresselia|Lunar Blessing|p2b: Cresselia|[spread] p2a,p2b\n|-heal|p2a: Ursaluna|100\/100 brn\n|-curestatus|p2a: Ursaluna|brn|[msg]\n|-heal|p2b: Cresselia|80\/100\n|\n|-weather|Snow|[upkeep]\n|-status|p2a: Ursaluna|brn|[from] item: Flame Orb\n|upkeep\n|\n|t:|1700205472\n|switch|p1b: Papa Bear|Ursaluna, L50, F|100\/100\n|turn|5\n|\n|t:|1700205496\n|move|p1b: Papa Bear|Protect|p1b: Papa Bear\n|-singleturn|p1b: Papa Bear|Protect\n|move|p1a: Flutter Mane|Protect||[still]\n|-fail|p1a: Flutter Mane\n|move|p2a: Ursaluna|Earthquake|p1b: Papa Bear|[spread] p1a\n|-activate|p1b: Papa Bear|move: Protect\n|-immune|p2b: Cresselia|[from] ability: Levitate\n|-damage|p1a: Flutter Mane|0 fnt\n|faint|p1a: Flutter Mane\n|-end|p1a: Flutter Mane|Protosynthesis|[silent]\n|move|p2b: Cresselia|Lunar Blessing|p2b: Cresselia|[spread] p2a,p2b\n|-curestatus|p2a: Ursaluna|brn|[msg]\n|-heal|p2b: Cresselia|100\/100\n|\n|-weather|none\n|-status|p2a: Ursaluna|brn|[from] item: Flame Orb\n|-status|p1b: Papa Bear|brn|[from] item: Flame Orb\n|upkeep\n|\n|t:|1700205513\n|switch|p1a: Annihilape|Annihilape, L50, M, tera:Fire|100\/100\n|turn|6\n|\n|t:|1700205534\n|move|p1a: Annihilape|Protect|p1a: Annihilape\n|-singleturn|p1a: Annihilape|Protect\n|move|p2a: Ursaluna|Facade|p1b: Papa Bear\n|-damage|p1b: Papa Bear|0 fnt\n|faint|p1b: Papa Bear\n|move|p2b: Cresselia|Lunar Blessing|p2b: Cresselia|[spread] p2a,p2b\n|-curestatus|p2a: Ursaluna|brn|[msg]\n|\n|-status|p2a: Ursaluna|brn|[from] item: Flame Orb\n|upkeep\n|turn|7\n|\n|t:|1700205547\n|move|p2a: Ursaluna|Earthquake|p1a: Annihilape|[spread] p1a\n|-immune|p2b: Cresselia|[from] ability: Levitate\n|-supereffective|p1a: Annihilape\n|-damage|p1a: Annihilape|0 fnt\n|faint|p1a: Annihilape\n|\n|win|kidturtle\n|c|&|\/uhtml prompt-kidturtle,kidturtle is ready for game 2!\n|inactive|Rean412 has 50 seconds to confirm battle start!\n|c|\u2606Rean412|Tht game. Couldn\u2019t have gone worst lol\n|c|&|\/uhtml prompt-rean412,Rean412 is ready for game 2!\nBoth players are ready! Starting next match!\n|l|\u2606Rean412\n|j| The_Mastodon\n|l| The_Mastodon\n","uploadtime":1700205862,"views":15,"p1id":"rean412","p2id":"kidturtle","formatid":"gen9vgc2023regulatione","rating":0,"private":0,"password":""}