{"id":"gen9vgc2023regulatione-1988728497","p1":"bububibjb","p2":"Ogskive","format":"[Gen 9] VGC 2023 Regulation E","log":"|j|\u2606bububibjb\n|j|\u2606Ogskive\n|t:|1699755654\n|gametype|doubles\n|player|p1|bububibjb|dawn-gen4pt|1215\n|player|p2|Ogskive|fisherman-gen4|1142\n|teamsize|p1|6\n|teamsize|p2|6\n|gen|9\n|tier|[Gen 9] VGC 2023 Regulation E\n|rated|\n|rule|Species Clause: Limit one of each Pok\u00e9mon\n|rule|Item Clause: Limit one of each item\n|clearpoke\n|poke|p1|Flutter Mane, L50|\n|poke|p1|Iron Moth, L50|\n|poke|p1|Tornadus, L50, M|\n|poke|p1|Torkoal, L50, F|\n|poke|p1|Zapdos-Galar, L50|\n|poke|p1|Chi-Yu, L50|\n|poke|p2|Flutter Mane, L50|\n|poke|p2|Overqwil, L50, F|\n|poke|p2|Pelipper, L50, M|\n|poke|p2|Barraskewda, L50, F|\n|poke|p2|Amoonguss, L50, F|\n|poke|p2|Rotom-Mow, L50|\n|teampreview|4\n|inactive|Battle timer is ON: inactive players will automatically lose when time's up. (requested by Ogskive)\n|\n|t:|1699755670\n|start\n|switch|p1a: Roschelle's Bae|Zapdos-Galar, L50|100\/100\n|switch|p1b: Larissa|Flutter Mane, L50|100\/100\n|switch|p2a: Rotom|Rotom-Mow, L50|100\/100\n|switch|p2b: Barraskewda|Barraskewda, L50, F|100\/100\n|turn|1\n|inactive|bububibjb has 30 seconds left.\n|\n|t:|1699755697\n|switch|p2b: Pelipper|Pelipper, L50, M|100\/100\n|-weather|RainDance|[from] ability: Drizzle|[of] p2b: Pelipper\n|-end|p1b: Larissa|Protosynthesis|[silent]\n|switch|p1b: 2BallsDeepInU|Torkoal, L50, F|100\/100\n|-weather|SunnyDay|[from] ability: Drought|[of] p1b: 2BallsDeepInU\n|move|p1a: Roschelle's Bae|Protect|p1a: Roschelle's Bae\n|-singleturn|p1a: Roschelle's Bae|Protect\n|move|p2a: Rotom|Thunder|p1a: Roschelle's Bae\n|-activate|p1a: Roschelle's Bae|move: Protect\n|\n|-weather|SunnyDay|[upkeep]\n|upkeep\n|turn|2\n|inactive|bububibjb has 30 seconds left.\n|\n|t:|1699755726\n|move|p1b: 2BallsDeepInU|Helping Hand|p1a: Roschelle's Bae\n|-singleturn|p1a: Roschelle's Bae|Helping Hand|[of] p1b: 2BallsDeepInU\n|move|p2b: Pelipper|Wide Guard|p2b: Pelipper\n|-singleturn|p2b: Pelipper|Wide Guard\n|move|p2a: Rotom|Thunder|p1a: Roschelle's Bae\n|-supereffective|p1a: Roschelle's Bae\n|-damage|p1a: Roschelle's Bae|18\/100\n|move|p1a: Roschelle's Bae|Dual Wingbeat|p2a: Rotom\n|-damage|p2a: Rotom|55\/100\n|-damage|p2a: Rotom|10\/100\n|-hitcount|p2a: Rotom|2\n|-damage|p1a: Roschelle's Bae|9\/100|[from] item: Life Orb\n|\n|-weather|SunnyDay|[upkeep]\n|upkeep\n|turn|3\n|\n|t:|1699755746\n|switch|p2b: Overqwil|Overqwil, L50, F|100\/100\n|move|p1a: Roschelle's Bae|Protect|p1a: Roschelle's Bae\n|-singleturn|p1a: Roschelle's Bae|Protect\n|move|p2a: Rotom|Thunder|p1b: 2BallsDeepInU|[miss]\n|-miss|p2a: Rotom|p1b: 2BallsDeepInU\n|move|p1b: 2BallsDeepInU|Will-O-Wisp|p2a: Rotom\n|-status|p2a: Rotom|brn\n|\n|-weather|SunnyDay|[upkeep]\n|-damage|p2a: Rotom|4\/100 brn|[from] brn\n|upkeep\n|turn|4\n|\n|t:|1699755766\n|switch|p2a: Pelipper|Pelipper, L50, M|100\/100\n|-weather|RainDance|[from] ability: Drizzle|[of] p2a: Pelipper\n|switch|p1a: Mazda \u0644\u0639\u0646\u062a\u06cc \u062c\u0646|Tornadus, L50, M|100\/100\n|move|p2b: Overqwil|Fell Stinger|p1a: Mazda \u0644\u0639\u0646\u062a\u06cc \u062c\u0646\n|-resisted|p1a: Mazda \u0644\u0639\u0646\u062a\u06cc \u062c\u0646\n|-damage|p1a: Mazda \u0644\u0639\u0646\u062a\u06cc \u062c\u0646|92\/100\n|move|p1b: 2BallsDeepInU|Eruption|p2a: Pelipper|[spread] p2a,p2b\n|-resisted|p2a: Pelipper\n|-damage|p2a: Pelipper|91\/100\n|-damage|p2b: Overqwil|88\/100\n|\n|-weather|RainDance|[upkeep]\n|upkeep\n|turn|5\n|\n|t:|1699755785\n|switch|p2a: Rotom|Rotom-Mow, L50|4\/100 brn\n|switch|p1b: Roschelle's Bae|Zapdos-Galar, L50|9\/100\n|move|p1a: Mazda \u0644\u0639\u0646\u062a\u06cc \u062c\u0646|Scary Face|p2b: Overqwil\n|-hint|Since gen 7, Dark is immune to Prankster moves.\n|-immune|p2b: Overqwil\n|move|p2b: Overqwil|Poison Jab|p1a: Mazda \u0644\u0639\u0646\u062a\u06cc \u062c\u0646\n|-damage|p1a: Mazda \u0644\u0639\u0646\u062a\u06cc \u062c\u0646|53\/100\n|\n|-weather|RainDance|[upkeep]\n|-damage|p2a: Rotom|0 fnt|[from] brn\n|faint|p2a: Rotom\n|upkeep\n|\n|t:|1699755797\n|switch|p2a: Barraskewda|Barraskewda, L50, F|100\/100\n|turn|6\n|\n|t:|1699755814\n|-terastallize|p2a: Barraskewda|Ghost\n|move|p1b: Roschelle's Bae|Protect|p1b: Roschelle's Bae\n|-singleturn|p1b: Roschelle's Bae|Protect\n|move|p1a: Mazda \u0644\u0639\u0646\u062a\u06cc \u062c\u0646|Scary Face|p2a: Barraskewda\n|-unboost|p2a: Barraskewda|spe|2\n|move|p2b: Overqwil|Poison Jab|p1b: Roschelle's Bae\n|-activate|p1b: Roschelle's Bae|move: Protect\n|move|p2a: Barraskewda|Tera Blast|p1a: Mazda \u0644\u0639\u0646\u062a\u06cc \u062c\u0646|[anim] Tera Blast Ghost\n|-damage|p1a: Mazda \u0644\u0639\u0646\u062a\u06cc \u062c\u0646|11\/100\n|\n|-weather|RainDance|[upkeep]\n|upkeep\n|turn|7\n|\n|t:|1699755836\n|move|p2a: Barraskewda|Protect|p2a: Barraskewda\n|-singleturn|p2a: Barraskewda|Protect\n|move|p1a: Mazda \u0644\u0639\u0646\u062a\u06cc \u062c\u0646|Tailwind|p1a: Mazda \u0644\u0639\u0646\u062a\u06cc \u062c\u0646\n|-sidestart|p1: bububibjb|move: Tailwind\n|move|p1b: Roschelle's Bae|Knock Off|p2a: Barraskewda\n|-activate|p2a: Barraskewda|move: Protect\n|move|p2b: Overqwil|Poison Jab|p1a: Mazda \u0644\u0639\u0646\u062a\u06cc \u062c\u0646\n|-damage|p1a: Mazda \u0644\u0639\u0646\u062a\u06cc \u062c\u0646|0 fnt\n|faint|p1a: Mazda \u0644\u0639\u0646\u062a\u06cc \u062c\u0646\n|\n|-weather|RainDance|[upkeep]\n|upkeep\n|\n|t:|1699755839\n|switch|p1a: 2BallsDeepInU|Torkoal, L50, F|100\/100\n|-weather|SunnyDay|[from] ability: Drought|[of] p1a: 2BallsDeepInU\n|turn|8\n|\n|t:|1699755853\n|switch|p2a: Pelipper|Pelipper, L50, M|91\/100\n|-weather|RainDance|[from] ability: Drizzle|[of] p2a: Pelipper\n|move|p1a: 2BallsDeepInU|Helping Hand|p1b: Roschelle's Bae\n|-singleturn|p1b: Roschelle's Bae|Helping Hand|[of] p1a: 2BallsDeepInU\n|move|p1b: Roschelle's Bae|Knock Off|p2a: Pelipper\n|-damage|p2a: Pelipper|20\/100\n|-enditem|p2a: Pelipper|Damp Rock|[from] move: Knock Off|[of] p1b: Roschelle's Bae\n|-damage|p1b: Roschelle's Bae|0 fnt|[from] item: Life Orb\n|faint|p1b: Roschelle's Bae\n|move|p2b: Overqwil|Poison Jab|p1a: 2BallsDeepInU\n|-crit|p1a: 2BallsDeepInU\n|-damage|p1a: 2BallsDeepInU|63\/100\n|-status|p1a: 2BallsDeepInU|psn\n|-enditem|p1a: 2BallsDeepInU|Red Card|[of] p2b: Overqwil\n|drag|p2b: Barraskewda|Barraskewda, L50, F, tera:Ghost|100\/100\n|\n|-weather|RainDance|[upkeep]\n|-damage|p1a: 2BallsDeepInU|51\/100 psn|[from] psn\n|upkeep\n|\n|t:|1699755869\n|switch|p1b: Larissa|Flutter Mane, L50|100\/100\n|turn|9\n|\n|t:|1699755875\n|-terastallize|p1b: Larissa|Fairy\n|move|p1a: 2BallsDeepInU|Helping Hand|p1b: Larissa\n|-singleturn|p1b: Larissa|Helping Hand|[of] p1a: 2BallsDeepInU\n|move|p2b: Barraskewda|Tera Blast|p1b: Larissa|[anim] Tera Blast Ghost\n|-damage|p1b: Larissa|17\/100\n|move|p1b: Larissa|Dazzling Gleam|p2a: Pelipper|[spread] p2a,p2b\n|-damage|p2a: Pelipper|0 fnt\n|-enditem|p2b: Barraskewda|Focus Sash\n|-damage|p2b: Barraskewda|1\/100\n|faint|p2a: Pelipper\n|\n|-weather|RainDance|[upkeep]\n|-damage|p1a: 2BallsDeepInU|38\/100 psn|[from] psn\n|upkeep\n|\n|t:|1699755887\n|switch|p2a: Overqwil|Overqwil, L50, F|88\/100\n|turn|10\n|\n|t:|1699755899\n|move|p1a: 2BallsDeepInU|Helping Hand|p1b: Larissa\n|-singleturn|p1b: Larissa|Helping Hand|[of] p1a: 2BallsDeepInU\n|move|p2a: Overqwil|Aqua Jet|p1b: Larissa\n|-damage|p1b: Larissa|0 fnt\n|faint|p1b: Larissa\n|-end|p1b: Larissa|Protosynthesis|[silent]\n|move|p2b: Barraskewda|Liquidation|p1a: 2BallsDeepInU\n|-supereffective|p1a: 2BallsDeepInU\n|-damage|p1a: 2BallsDeepInU|0 fnt\n|faint|p1a: 2BallsDeepInU\n|\n|win|Ogskive\n|raw|bububibjb's rating: 1186 &rarr; <strong>1158<\/strong><br \/>(-28 for losing)\n|raw|Ogskive's rating: 1142 &rarr; <strong>1170<\/strong><br \/>(+28 for winning)\n|c|\u2606Ogskive|gg\n","uploadtime":1699755922,"views":16,"p1id":"bububibjb","p2id":"ogskive","formatid":"gen9vgc2023regulatione","rating":1158,"private":0,"password":""}