{"id":"gen9vgc2023regulatione-1989917705","p1":"tythann","p2":"atworkyolo13","format":"[Gen 9] VGC 2023 Regulation E","log":"|j|\u2606tythann\n|j|\u2606atworkyolo13\n|t:|1699906599\n|gametype|doubles\n|player|p1|tythann|266|1183\n|player|p2|atworkyolo13|265|1278\n|teamsize|p1|6\n|teamsize|p2|6\n|gen|9\n|tier|[Gen 9] VGC 2023 Regulation E\n|rated|\n|rule|Species Clause: Limit one of each Pok\u00e9mon\n|rule|Item Clause: Limit one of each item\n|clearpoke\n|poke|p1|Salamence, L50, M|\n|poke|p1|Zapdos, L50|\n|poke|p1|Amoonguss, L50, M|\n|poke|p1|Arcanine-Hisui, L50, F|\n|poke|p1|Ogerpon-Wellspring, L50, F|\n|poke|p1|Flutter Mane, L50|\n|poke|p2|Oranguru, L50, M|\n|poke|p2|Arcanine-Hisui, L50, F|\n|poke|p2|Sinistcha-Masterpiece, L50|\n|poke|p2|Iron Hands, L50|\n|poke|p2|Ursaluna-Bloodmoon, L50, M|\n|poke|p2|Moltres-Galar, L50|\n|teampreview|4\n|inactive|Battle timer is ON: inactive players will automatically lose when time's up. (requested by atworkyolo13)\ntythann has agreed to open team sheets.\n|\n|t:|1699906628\n|start\n|switch|p1a: Salamence|Salamence, L50, M|100\/100\n|switch|p1b: Zapdos|Zapdos, L50|100\/100\n|switch|p2a: Oranguru|Oranguru, L50, M|100\/100\n|switch|p2b: Iron Hands|Iron Hands, L50|100\/100\n|turn|1\n|inactive|tythann has 30 seconds left.\n|inactive|tythann has 20 seconds left.\n|inactive|tythann has 15 seconds left.\n|inactive|tythann has 10 seconds left.\n|inactive|tythann has 5 seconds left.\n|\n|t:|1699906683\n|move|p2b: Iron Hands|Fake Out|p1a: Salamence\n|-damage|p1a: Salamence|82\/100\n|cant|p1a: Salamence|flinch\n|move|p1b: Zapdos|Thunderbolt|p2a: Oranguru\n|-damage|p2a: Oranguru|61\/100\n|move|p2a: Oranguru|Trick Room|p2a: Oranguru\n|-fieldstart|move: Trick Room|[of] p2a: Oranguru\n|\n|upkeep\n|turn|2\n|\n|t:|1699906707\n|move|p1a: Salamence|Protect|p1a: Salamence\n|-singleturn|p1a: Salamence|Protect\n|move|p2b: Iron Hands|Wild Charge|p1a: Salamence\n|-activate|p1a: Salamence|move: Protect\n|move|p2a: Oranguru|Instruct|p2b: Iron Hands\n|-singleturn|p2b: Iron Hands|move: Instruct|[of] p2a: Oranguru\n|move|p2b: Iron Hands|Wild Charge|p1a: Salamence\n|-activate|p1a: Salamence|move: Protect\n|move|p1b: Zapdos|Hurricane|p2b: Iron Hands\n|-damage|p2b: Iron Hands|70\/100\n|\n|upkeep\n|turn|3\n|inactive|tythann has 30 seconds left.\n|inactive|atworkyolo13 has 30 seconds left.\n|inactive|tythann has 20 seconds left.\n|\n|t:|1699906746\n|move|p2b: Iron Hands|Wild Charge|p1b: Zapdos\n|-damage|p1b: Zapdos|54\/100\n|-damage|p2b: Iron Hands|54\/100|[from] item: Rocky Helmet|[of] p1b: Zapdos\n|-damage|p2b: Iron Hands|44\/100|[from] Recoil\n|move|p2a: Oranguru|Instruct|p2b: Iron Hands\n|-singleturn|p2b: Iron Hands|move: Instruct|[of] p2a: Oranguru\n|move|p2b: Iron Hands|Wild Charge|p1b: Zapdos\n|-damage|p1b: Zapdos|11\/100\n|-damage|p2b: Iron Hands|28\/100|[from] item: Rocky Helmet|[of] p1b: Zapdos\n|-damage|p2b: Iron Hands|19\/100|[from] Recoil\n|move|p1b: Zapdos|Hurricane|p2b: Iron Hands\n|-damage|p2b: Iron Hands|0 fnt\n|faint|p2b: Iron Hands\n|-end|p2b: Iron Hands|Quark Drive|[silent]\n|move|p1a: Salamence|Earthquake|p2a: Oranguru|[spread] p2a\n|-immune|p1b: Zapdos\n|-damage|p2a: Oranguru|39\/100\n|\n|upkeep\n|\n|t:|1699906750\n|switch|p2b: Ursaluna|Ursaluna-Bloodmoon, L50, M|100\/100\n|turn|4\n|inactive|tythann has 30 seconds left.\n|\n|t:|1699906782\n|-terastallize|p2b: Ursaluna|Normal\n|move|p2b: Ursaluna|Hyper Voice|p1a: Salamence|[spread] p1a,p1b\n|-damage|p1a: Salamence|29\/100\n|-damage|p1b: Zapdos|0 fnt\n|faint|p1b: Zapdos\n|-enditem|p2b: Ursaluna|Throat Spray\n|-boost|p2b: Ursaluna|spa|1|[from] item: Throat Spray\n|move|p2a: Oranguru|Instruct|p2b: Ursaluna\n|-singleturn|p2b: Ursaluna|move: Instruct|[of] p2a: Oranguru\n|move|p2b: Ursaluna|Hyper Voice|p1a: Salamence\n|-damage|p1a: Salamence|0 fnt\n|faint|p1a: Salamence\n|\n|upkeep\n|\n|t:|1699906798\n|switch|p1b: Ogerpon|Ogerpon-Wellspring, L50, F|100\/100\n|switch|p1a: Arcanine|Arcanine-Hisui, L50, F|100\/100\n|-ability|p1a: Arcanine|Intimidate|boost\n|-fail|p2a: Oranguru|unboost|Attack|[from] ability: Inner Focus|[of] p2a: Oranguru\n|-unboost|p2b: Ursaluna|atk|1\n|turn|5\n|inactive|atworkyolo13 has 30 seconds left.\n|\n|t:|1699906825\n|move|p1b: Ogerpon|Spiky Shield|p1b: Ogerpon\n|-singleturn|p1b: Ogerpon|move: Protect\n|move|p2b: Ursaluna|Blood Moon|p1a: Arcanine\n|-resisted|p1a: Arcanine\n|-crit|p1a: Arcanine\n|-damage|p1a: Arcanine|0 fnt\n|faint|p1a: Arcanine\n|move|p2a: Oranguru|Instruct|p2b: Ursaluna\n|-singleturn|p2b: Ursaluna|move: Instruct|[of] p2a: Oranguru\n|move|p2b: Ursaluna|Blood Moon|p1b: Ogerpon\n|-activate|p1b: Ogerpon|move: Protect\n|-hint|Some effects can force a Pokemon to use Blood Moon again in a row.\n|\n|-fieldend|move: Trick Room\n|upkeep\n|turn|6\n|\n|t:|1699906839\n|switch|p2a: Sinistcha|Sinistcha-Masterpiece, L50|100\/100\n|move|p1b: Ogerpon|Spiky Shield||[still]\n|-fail|p1b: Ogerpon\n|move|p2b: Ursaluna|Hyper Voice|p1b: Ogerpon\n|-damage|p1b: Ogerpon|0 fnt\n|faint|p1b: Ogerpon\n|\n|win|atworkyolo13\n|raw|tythann's rating: 1183 &rarr; <strong>1165<\/strong><br \/>(-18 for losing)\n|raw|atworkyolo13's rating: 1278 &rarr; <strong>1296<\/strong><br \/>(+18 for winning)\n|l|\u2606tythann\n","uploadtime":1699906851,"views":8,"p1id":"tythann","p2id":"atworkyolo13","formatid":"gen9vgc2023regulatione","rating":1165,"private":0,"password":""}