{"id":"gen9vgc2023regulatione-1992961915","p1":"BIO26R","p2":"vividstasis","format":"[Gen 9] VGC 2023 Regulation E","log":"|j|\u2606BIO26R\n|j|\u2606vividstasis\n|t:|1700250629\n|gametype|doubles\n|player|p1|BIO26R|170|1166\n|player|p2|vividstasis|skierf|1242\n|teamsize|p1|6\n|teamsize|p2|6\n|gen|9\n|tier|[Gen 9] VGC 2023 Regulation E\n|rated|\n|rule|Species Clause: Limit one of each Pok\u00e9mon\n|rule|Item Clause: Limit one of each item\n|clearpoke\n|poke|p1|Iron Hands, L50|\n|poke|p1|Enamorus, L50, F|\n|poke|p1|Gholdengo, L50|\n|poke|p1|Tornadus, L50, M|\n|poke|p1|Chi-Yu, L50|\n|poke|p1|Iron Bundle, L50|\n|poke|p2|Sinistcha-Masterpiece, L50|\n|poke|p2|Iron Hands, L50|\n|poke|p2|Ursaluna-Bloodmoon, L50, M|\n|poke|p2|Landorus-Therian, L50, M|\n|poke|p2|Chien-Pao, L50|\n|poke|p2|Cresselia, L50, F|\n|teampreview|4\n|inactive|Battle timer is ON: inactive players will automatically lose when time's up. (requested by vividstasis)\n|inactive|BIO26R has 60 seconds left.\n|inactive|vividstasis has 60 seconds left.\n|\n|t:|1700250682\n|start\n|switch|p1a: Chi-Yu|Chi-Yu, L50|100\/100\n|switch|p1b: Iron Hands|Iron Hands, L50, shiny|100\/100\n|switch|p2a: Blue Moon|Cresselia, L50, F, shiny|100\/100\n|switch|p2b: Security|Iron Hands, L50|100\/100\n|-ability|p1a: Chi-Yu|Beads of Ruin\n|turn|1\n|inactive|vividstasis has 30 seconds left.\n|\n|t:|1700250707\n|-terastallize|p2a: Blue Moon|Dark\n|move|p1b: Iron Hands|Fake Out|p2a: Blue Moon\n|-damage|p2a: Blue Moon|91\/100\n|-damage|p1b: Iron Hands|84\/100|[from] item: Rocky Helmet|[of] p2a: Blue Moon\n|move|p2b: Security|Fake Out|p1b: Iron Hands\n|-damage|p1b: Iron Hands|73\/100\n|move|p1a: Chi-Yu|Overheat|p2a: Blue Moon\n|-damage|p2a: Blue Moon|6\/100\n|-unboost|p1a: Chi-Yu|spa|2\n|cant|p2a: Blue Moon|flinch\n|\n|upkeep\n|turn|2\n|\n|t:|1700250728\n|move|p2a: Blue Moon|Helping Hand|p2b: Security\n|-singleturn|p2b: Security|Helping Hand|[of] p2a: Blue Moon\n|move|p1a: Chi-Yu|Overheat|p2b: Security\n|-damage|p2b: Security|52\/100\n|-unboost|p1a: Chi-Yu|spa|2\n|move|p2b: Security|Drain Punch|p1a: Chi-Yu\n|-supereffective|p1a: Chi-Yu\n|-damage|p1a: Chi-Yu|0 fnt\n|-heal|p2b: Security|77\/100|[from] drain|[of] p1a: Chi-Yu\n|faint|p1a: Chi-Yu\n|move|p1b: Iron Hands|Drain Punch|p2a: Blue Moon\n|-supereffective|p2a: Blue Moon\n|-damage|p2a: Blue Moon|0 fnt\n|-heal|p1b: Iron Hands|75\/100|[from] drain|[of] p2a: Blue Moon\n|-damage|p1b: Iron Hands|59\/100|[from] item: Rocky Helmet|[of] p2a: Blue Moon\n|faint|p2a: Blue Moon\n|\n|upkeep\n|\n|t:|1700250749\n|switch|p1a: Enamorus|Enamorus, L50, F|100\/100\n|switch|p2a: Weird Cat|Landorus-Therian, L50, M|100\/100\n|-ability|p2a: Weird Cat|Intimidate|boost\n|-boost|p1a: Enamorus|atk|1\n|-unboost|p1b: Iron Hands|atk|1\n|turn|3\n|inactive|BIO26R has 30 seconds left.\n|\n|t:|1700250777\n|move|p1a: Enamorus|Play Rough|p2b: Security\n|-supereffective|p2b: Security\n|-damage|p2b: Security|0 fnt\n|faint|p2b: Security\n|-end|p2b: Security|Quark Drive|[silent]\n|move|p2a: Weird Cat|Rock Slide|p1b: Iron Hands|[spread] \n|-miss|p2a: Weird Cat|p1a: Enamorus\n|-miss|p2a: Weird Cat|p1b: Iron Hands\n|move|p1b: Iron Hands|Drain Punch|p2a: Weird Cat\n|-resisted|p2a: Weird Cat\n|-damage|p2a: Weird Cat|86\/100\n|-heal|p1b: Iron Hands|64\/100|[from] drain|[of] p2a: Weird Cat\n|\n|upkeep\n|\n|t:|1700250789\n|switch|p2b: Cheeseburger|Ursaluna-Bloodmoon, L50, M|100\/100\n|turn|4\n|\n|t:|1700250801\n|-terastallize|p1b: Iron Hands|Water\n|move|p2b: Cheeseburger|Protect|p2b: Cheeseburger\n|-singleturn|p2b: Cheeseburger|Protect\n|move|p1a: Enamorus|Play Rough|p2a: Weird Cat\n|-damage|p2a: Weird Cat|23\/100\n|move|p2a: Weird Cat|Rock Slide|p1a: Enamorus|[spread] p1a,p1b\n|-supereffective|p1a: Enamorus\n|-damage|p1a: Enamorus|24\/100\n|-damage|p1b: Iron Hands|49\/100\n|move|p1b: Iron Hands|Drain Punch|p2b: Cheeseburger\n|-activate|p2b: Cheeseburger|move: Protect\n|\n|upkeep\n|turn|5\n|\n|t:|1700250819\n|move|p2a: Weird Cat|Protect|p2a: Weird Cat\n|-singleturn|p2a: Weird Cat|Protect\n|move|p1a: Enamorus|Iron Head|p2a: Weird Cat\n|-activate|p2a: Weird Cat|move: Protect\n|move|p2b: Cheeseburger|Hyper Voice|p1b: Iron Hands|[spread] p1a,p1b\n|-damage|p1a: Enamorus|0 fnt\n|-damage|p1b: Iron Hands|26\/100\n|faint|p1a: Enamorus\n|-enditem|p2b: Cheeseburger|Throat Spray\n|-boost|p2b: Cheeseburger|spa|1|[from] item: Throat Spray\n|move|p1b: Iron Hands|Drain Punch|p2b: Cheeseburger\n|-supereffective|p2b: Cheeseburger\n|-damage|p2b: Cheeseburger|56\/100\n|-heal|p1b: Iron Hands|45\/100|[from] drain|[of] p2b: Cheeseburger\n|\n|upkeep\n|\n|t:|1700250835\n|switch|p1a: Iron Bundle|Iron Bundle, L50|100\/100\n|-enditem|p1a: Iron Bundle|Booster Energy\n|-activate|p1a: Iron Bundle|ability: Quark Drive|[fromitem]\n|-start|p1a: Iron Bundle|quarkdrivespe\n|turn|6\n|inactive|BIO26R has 30 seconds left.\n|\n|t:|1700250865\n|move|p1a: Iron Bundle|Hydro Pump|p2b: Cheeseburger|[miss]\n|-miss|p1a: Iron Bundle|p2b: Cheeseburger\n|move|p2a: Weird Cat|Rock Slide|p1b: Iron Hands|[spread] p1a,p1b\n|-supereffective|p1a: Iron Bundle\n|-damage|p1a: Iron Bundle|43\/100\n|-damage|p1b: Iron Hands|29\/100\n|move|p2b: Cheeseburger|Hyper Voice|p1a: Iron Bundle|[spread] p1a,p1b\n|-damage|p1a: Iron Bundle|0 fnt\n|-damage|p1b: Iron Hands|0 fnt\n|faint|p1a: Iron Bundle\n|-end|p1a: Iron Bundle|Quark Drive|[silent]\n|faint|p1b: Iron Hands\n|-end|p1b: Iron Hands|Quark Drive|[silent]\n|\n|win|vividstasis\n|raw|BIO26R's rating: 1166 &rarr; <strong>1146<\/strong><br \/>(-20 for losing)\n|raw|vividstasis's rating: 1242 &rarr; <strong>1262<\/strong><br \/>(+20 for winning)\n|l|\u2606BIO26R\n|l|\u2606vividstasis\n|j|\u2606vividstasis\n|player|p2|vividstasis|skierf\n","uploadtime":1700250887,"views":11,"p1id":"bio26r","p2id":"vividstasis","formatid":"gen9vgc2023regulatione","rating":1146,"private":0,"password":""}