{"id":"gen9vgc2023regulatione-1995790867","p1":"AleZana","p2":"bobforte22","format":"[Gen 9] VGC 2023 Regulation E","log":"|j|\u2606AleZana\n|j|\u2606bobforte22\n|t:|1700603474\n|gametype|doubles\n|player|p1|AleZana|170|1222\n|player|p2|bobforte22|pilot|1213\n|teamsize|p1|6\n|teamsize|p2|6\n|gen|9\n|tier|[Gen 9] VGC 2023 Regulation E\n|rated|\n|rule|Species Clause: Limit one of each Pok\u00e9mon\n|rule|Item Clause: Limit one of each item\n|clearpoke\n|poke|p1|Ceruledge, L50, M|\n|poke|p1|Hydreigon, L50, M|\n|poke|p1|Landorus-Therian, L50, M|\n|poke|p1|Ogerpon-Wellspring, L50, F|\n|poke|p1|Iron Hands, L50|\n|poke|p1|Grimmsnarl, L50, M|\n|poke|p2|Kingambit, L50, F|\n|poke|p2|Glaceon, L50, F|\n|poke|p2|Mimikyu, L50, F|\n|poke|p2|Rillaboom, L50, M|\n|poke|p2|Landorus-Therian, L50, M|\n|poke|p2|Volcarona, L50, M|\n|teampreview|4\n|inactive|Battle timer is ON: inactive players will automatically lose when time's up. (requested by bobforte22)\n|\n|t:|1700603529\n|start\n|switch|p1a: Ogerpon|Ogerpon-Wellspring, L50, F|100\/100\n|switch|p1b: Ceruledge|Ceruledge, L50, M|100\/100\n|switch|p2a: Rillaboom|Rillaboom, L50, M|100\/100\n|switch|p2b: Glaceon|Glaceon, L50, F, shiny|100\/100\n|-fieldstart|move: Grassy Terrain|[from] ability: Grassy Surge|[of] p2a: Rillaboom\n|turn|1\n|inactive|AleZana has 30 seconds left.\n|inactive|bobforte22 has 30 seconds left.\n|inactive|AleZana has 20 seconds left.\n|inactive|AleZana has 15 seconds left.\n|inactive|AleZana has 10 seconds left.\n|\n|t:|1700603574\n|switch|p1a: Iron Hands|Iron Hands, L50|100\/100\n|switch|p2a: Mimikyu|Mimikyu, L50, F, shiny|100\/100\n|move|p1b: Ceruledge|Protect|p1b: Ceruledge\n|-singleturn|p1b: Ceruledge|Protect\n|move|p2b: Glaceon|Blizzard|p1a: Iron Hands|[spread] \n|-activate|p1b: Ceruledge|move: Protect\n|-miss|p2b: Glaceon|p1a: Iron Hands\n|\n|upkeep\n|turn|2\n|inactive|bobforte22 has 30 seconds left.\n|inactive|bobforte22 has 20 seconds left.\n|inactive|bobforte22 has 15 seconds left.\n|inactive|bobforte22 has 10 seconds left.\n|\n|t:|1700603623\n|switch|p2b: Kingambit|Kingambit, L50, F|100\/100\n|move|p1a: Iron Hands|Fake Out|p2b: Kingambit\n|-resisted|p2b: Kingambit\n|-damage|p2b: Kingambit|95\/100\n|move|p2a: Mimikyu|Shadow Claw|p1b: Ceruledge\n|-supereffective|p1b: Ceruledge\n|-damage|p1b: Ceruledge|12\/100\n|-damage|p2a: Mimikyu|91\/100|[from] item: Life Orb\n|move|p1b: Ceruledge|Bulk Up|p1b: Ceruledge\n|-boost|p1b: Ceruledge|atk|1\n|-boost|p1b: Ceruledge|def|1\n|\n|-heal|p2a: Mimikyu|97\/100|[from] Grassy Terrain\n|-heal|p1b: Ceruledge|18\/100|[from] Grassy Terrain\n|-heal|p2b: Kingambit|100\/100|[from] Grassy Terrain\n|upkeep\n|turn|3\n|inactive|AleZana has 30 seconds left.\n|inactive|bobforte22 has 30 seconds left.\n|\n|t:|1700603650\n|move|p1b: Ceruledge|Protect|p1b: Ceruledge\n|-singleturn|p1b: Ceruledge|Protect\n|move|p2b: Kingambit|Sucker Punch||[still]\n|-fail|p2b: Kingambit\n|move|p2a: Mimikyu|Play Rough|p1a: Iron Hands\n|-supereffective|p1a: Iron Hands\n|-damage|p1a: Iron Hands|56\/100\n|-damage|p2a: Mimikyu|87\/100|[from] item: Life Orb\n|move|p1a: Iron Hands|Drain Punch|p2b: Kingambit\n|-supereffective|p2b: Kingambit\n|-damage|p2b: Kingambit|0 fnt\n|-heal|p1a: Iron Hands|94\/100|[from] drain|[of] p2b: Kingambit\n|faint|p2b: Kingambit\n|\n|-heal|p2a: Mimikyu|93\/100|[from] Grassy Terrain\n|-heal|p1b: Ceruledge|24\/100|[from] Grassy Terrain\n|-heal|p1a: Iron Hands|99\/100|[from] Grassy Terrain\n|upkeep\n|\n|t:|1700603663\n|switch|p2b: Rillaboom|Rillaboom, L50, M|100\/100\n|turn|4\n|\n|t:|1700603686\n|move|p2b: Rillaboom|Fake Out|p1a: Iron Hands\n|-damage|p1a: Iron Hands|91\/100\n|move|p2a: Mimikyu|Shadow Claw|p1b: Ceruledge\n|-supereffective|p1b: Ceruledge\n|-damage|p1b: Ceruledge|0 fnt\n|faint|p1b: Ceruledge\n|-damage|p2a: Mimikyu|83\/100|[from] item: Life Orb\n|cant|p1a: Iron Hands|flinch\n|\n|-heal|p2a: Mimikyu|89\/100|[from] Grassy Terrain\n|-heal|p1a: Iron Hands|97\/100|[from] Grassy Terrain\n|upkeep\n|\n|t:|1700603702\n|switch|p1b: Grimmsnarl|Grimmsnarl, L50, M|100\/100\n|turn|5\n|\n|t:|1700603726\n|move|p2b: Rillaboom|Protect|p2b: Rillaboom\n|-singleturn|p2b: Rillaboom|Protect\n|move|p1b: Grimmsnarl|Reflect|p1b: Grimmsnarl\n|-sidestart|p1: AleZana|Reflect\n|move|p2a: Mimikyu|Swords Dance|p2a: Mimikyu\n|-boost|p2a: Mimikyu|atk|2\n|move|p1a: Iron Hands|Heavy Slam|p2a: Mimikyu\n|-activate|p2a: Mimikyu|ability: Disguise\n|-damage|p2a: Mimikyu|89\/100\n|detailschange|p2a: Mimikyu|Mimikyu-Busted, L50, F, shiny\n|-damage|p2a: Mimikyu|77\/100|[from] pokemon: Mimikyu-Busted\n|\n|-heal|p2a: Mimikyu|83\/100|[from] Grassy Terrain\n|-heal|p1a: Iron Hands|100\/100|[from] Grassy Terrain\n|-fieldend|move: Grassy Terrain\n|upkeep\n|turn|6\n|\n|t:|1700603748\n|move|p1b: Grimmsnarl|Parting Shot|p2a: Mimikyu\n|-unboost|p2a: Mimikyu|atk|1\n|-unboost|p2a: Mimikyu|spa|1\n|\n|t:|1700603752\n|switch|p1b: Ogerpon|Ogerpon-Wellspring, L50, F|100\/100|[from] Parting Shot\n|move|p2a: Mimikyu|Play Rough|p1a: Iron Hands\n|-supereffective|p1a: Iron Hands\n|-damage|p1a: Iron Hands|53\/100\n|-damage|p2a: Mimikyu|73\/100|[from] item: Life Orb\n|move|p2b: Rillaboom|Stomping Tantrum|p1a: Iron Hands\n|-supereffective|p1a: Iron Hands\n|-damage|p1a: Iron Hands|31\/100\n|move|p1a: Iron Hands|Heavy Slam|p2a: Mimikyu\n|-supereffective|p2a: Mimikyu\n|-crit|p2a: Mimikyu\n|-damage|p2a: Mimikyu|0 fnt\n|faint|p2a: Mimikyu\n|\n|upkeep\n|\n|t:|1700603765\n|switch|p2a: Glaceon|Glaceon, L50, F, shiny|100\/100\n|turn|7\n|\n|t:|1700603785\n|move|p1b: Ogerpon|Follow Me|p1b: Ogerpon\n|-singleturn|p1b: Ogerpon|move: Follow Me\n|move|p2b: Rillaboom|Stomping Tantrum|p1b: Ogerpon\n|-resisted|p1b: Ogerpon\n|-damage|p1b: Ogerpon|90\/100\n|move|p2a: Glaceon|Blizzard|p1a: Iron Hands|[spread] p1a,p1b\n|-damage|p1a: Iron Hands|0 fnt\n|-damage|p1b: Ogerpon|14\/100\n|faint|p1a: Iron Hands\n|-end|p1a: Iron Hands|Quark Drive|[silent]\n|\n|upkeep\n|\n|t:|1700603796\n|switch|p1a: Grimmsnarl|Grimmsnarl, L50, M|100\/100\n|turn|8\n|\n|t:|1700603813\n|-terastallize|p1b: Ogerpon|Water\n|detailschange|p1b: Ogerpon|Ogerpon-Wellspring-Tera, L50, F, tera:Water\n|-ability|p1b: Ogerpon|Embody Aspect (Wellspring)|boost\n|-boost|p1b: Ogerpon|spd|1\n|move|p1b: Ogerpon|Spiky Shield|p1b: Ogerpon\n|-singleturn|p1b: Ogerpon|move: Protect\n|move|p1a: Grimmsnarl|Light Screen|p1a: Grimmsnarl\n|-sidestart|p1: AleZana|move: Light Screen\n|move|p2b: Rillaboom|Grassy Glide|p1b: Ogerpon\n|-activate|p1b: Ogerpon|move: Protect\n|-damage|p2b: Rillaboom|88\/100|[from] Spiky Shield|[of] p1b: Ogerpon\n|move|p2a: Glaceon|Blizzard|p1a: Grimmsnarl|[spread] p1a\n|-activate|p1b: Ogerpon|move: Protect\n|-damage|p1a: Grimmsnarl|64\/100\n|\n|upkeep\n|turn|9\n|inactive|AleZana has 30 seconds left.\n|\n|t:|1700603848\n|move|p1b: Ogerpon|Ivy Cudgel|p2a: Glaceon|[anim] Ivy Cudgel Water\n|-damage|p2a: Glaceon|31\/100\n|move|p2b: Rillaboom|Grassy Glide|p1b: Ogerpon\n|-supereffective|p1b: Ogerpon\n|-damage|p1b: Ogerpon|0 fnt\n|faint|p1b: Ogerpon\n|move|p2a: Glaceon|Blizzard|p1a: Grimmsnarl\n|-damage|p1a: Grimmsnarl|17\/100\n|move|p1a: Grimmsnarl|Spirit Break|p2a: Glaceon\n|-damage|p2a: Glaceon|2\/100\n|-unboost|p2a: Glaceon|spa|1\n|\n|upkeep\n|turn|10\n|-message|AleZana forfeited.\n|\n|win|bobforte22\n|raw|AleZana's rating: 1222 &rarr; <strong>1196<\/strong><br \/>(-26 for losing)\n|raw|bobforte22's rating: 1213 &rarr; <strong>1239<\/strong><br \/>(+26 for winning)\n|l|\u2606AleZana\n","uploadtime":1700603866,"views":0,"p1id":"alezana","p2id":"bobforte22","formatid":"gen9vgc2023regulatione","rating":1196,"private":0,"password":""}