{"id":"gen9vgc2023regulatione-1995737833","p1":"Abro hilo","p2":"MK0509","format":"[Gen 9] VGC 2023 Regulation E","log":"|j|\u2606Abro hilo\n|j|\u2606MK0509\n|t:|1700598513\n|gametype|doubles\n|player|p1|Abro hilo|pilot|1225\n|player|p2|MK0509|1|1309\n|teamsize|p1|6\n|teamsize|p2|6\n|gen|9\n|tier|[Gen 9] VGC 2023 Regulation E\n|rated|\n|rule|Species Clause: Limit one of each Pok\u00e9mon\n|rule|Item Clause: Limit one of each item\n|clearpoke\n|poke|p1|Ninetales-Alola, L50, M|\n|poke|p1|Empoleon, L50, F|\n|poke|p1|Roaring Moon, L50|\n|poke|p1|Sinistcha, L50|\n|poke|p1|Urshifu-*, L50, F|\n|poke|p1|Arcanine-Hisui, L50, F|\n|poke|p2|Tornadus, L50, M|\n|poke|p2|Urshifu-*, L50, M|\n|poke|p2|Arcanine-Hisui, L50, F|\n|poke|p2|Rillaboom, L50, M|\n|poke|p2|Flutter Mane, L50|\n|poke|p2|Chien-Pao, L50|\n|teampreview|4\n|\n|t:|1700598548\n|start\n|switch|p1a: Empoleon|Empoleon, L50, F|100\/100\n|switch|p1b: Arcanine|Arcanine-Hisui, L50, F|100\/100\n|switch|p2a: Flutter Mane|Flutter Mane, L50|100\/100\n|switch|p2b: Tornadus|Tornadus, L50, M|100\/100\n|-ability|p1b: Arcanine|Intimidate|boost\n|-unboost|p2a: Flutter Mane|atk|1\n|-unboost|p2b: Tornadus|atk|1\n|turn|1\n|\n|t:|1700598570\n|-end|p2a: Flutter Mane|Protosynthesis|[silent]\n|switch|p2a: Urshifu|Urshifu-Rapid-Strike, L50, M|100\/100\n|move|p2b: Tornadus|Rain Dance|p2b: Tornadus\n|-weather|RainDance\n|move|p1b: Arcanine|Rock Slide|p2b: Tornadus|[spread] p2a,p2b\n|-resisted|p2a: Urshifu\n|-supereffective|p2b: Tornadus\n|-damage|p2a: Urshifu|79\/100\n|-damage|p2b: Tornadus|0 fnt\n|faint|p2b: Tornadus\n|move|p1a: Empoleon|Flash Cannon|p2a: Urshifu\n|-resisted|p2a: Urshifu\n|-damage|p2a: Urshifu|47\/100\n|\n|-weather|RainDance|[upkeep]\n|upkeep\n|inactive|Battle timer is ON: inactive players will automatically lose when time's up. (requested by MK0509)\n|\n|t:|1700598581\n|switch|p2b: Chien-Pao|Chien-Pao, L50|100\/100\n|-ability|p2b: Chien-Pao|Sword of Ruin\n|turn|2\n|\n|t:|1700598600\n|switch|p1b: Sinistcha|Sinistcha, L50|100\/100\n|-terastallize|p2b: Chien-Pao|Ghost\n|move|p1a: Empoleon|Vacuum Wave|p2b: Chien-Pao\n|-immune|p2b: Chien-Pao\n|move|p2b: Chien-Pao|Sacred Sword|p1a: Empoleon\n|-supereffective|p1a: Empoleon\n|-damage|p1a: Empoleon|13\/100\n|move|p2a: Urshifu|Surging Strikes|p1b: Sinistcha\n|-resisted|p1b: Sinistcha\n|-crit|p1b: Sinistcha\n|-damage|p1b: Sinistcha|76\/100\n|-damage|p2a: Urshifu|31\/100|[from] item: Rocky Helmet|[of] p1b: Sinistcha\n|-resisted|p1b: Sinistcha\n|-crit|p1b: Sinistcha\n|-damage|p1b: Sinistcha|52\/100\n|-damage|p2a: Urshifu|14\/100|[from] item: Rocky Helmet|[of] p1b: Sinistcha\n|-resisted|p1b: Sinistcha\n|-crit|p1b: Sinistcha\n|-damage|p1b: Sinistcha|29\/100\n|-damage|p2a: Urshifu|0 fnt|[from] item: Rocky Helmet|[of] p1b: Sinistcha\n|faint|p2a: Urshifu\n|-hitcount|p1b: Sinistcha|3\n|\n|-weather|RainDance|[upkeep]\n|upkeep\n|\n|t:|1700598619\n|switch|p2a: Flutter Mane|Flutter Mane, L50|100\/100\n|turn|3\n|\n|t:|1700598629\n|switch|p1a: Arcanine|Arcanine-Hisui, L50, F|100\/100\n|-ability|p1a: Arcanine|Intimidate|boost\n|-unboost|p2a: Flutter Mane|atk|1\n|-unboost|p2b: Chien-Pao|atk|1\n|move|p2b: Chien-Pao|Protect|p2b: Chien-Pao\n|-singleturn|p2b: Chien-Pao|Protect\n|move|p2a: Flutter Mane|Dazzling Gleam|p1b: Sinistcha|[spread] p1a,p1b\n|-resisted|p1a: Arcanine\n|-damage|p1a: Arcanine|68\/100\n|-damage|p1b: Sinistcha|0 fnt\n|faint|p1b: Sinistcha\n|\n|-weather|RainDance|[upkeep]\n|upkeep\n|\n|t:|1700598642\n|switch|p1b: Urshifu|Urshifu, L50, F|100\/100\n|turn|4\n|\n|t:|1700598651\n|move|p1b: Urshifu|Protect|p1b: Urshifu\n|-singleturn|p1b: Urshifu|Protect\n|move|p2a: Flutter Mane|Dazzling Gleam|p1a: Arcanine|[spread] p1a\n|-activate|p1b: Urshifu|move: Protect\n|-resisted|p1a: Arcanine\n|-damage|p1a: Arcanine|39\/100\n|move|p2b: Chien-Pao|Sacred Sword|p1a: Arcanine\n|-supereffective|p1a: Arcanine\n|-damage|p1a: Arcanine|0 fnt\n|faint|p1a: Arcanine\n|\n|-weather|RainDance|[upkeep]\n|upkeep\n|\n|t:|1700598660\n|switch|p1a: Empoleon|Empoleon, L50, F|13\/100\n|turn|5\n|\n|t:|1700598677\n|-terastallize|p1b: Urshifu|Dark\n|move|p1b: Urshifu|Sucker Punch|p2a: Flutter Mane\n|-damage|p2a: Flutter Mane|0 fnt\n|faint|p2a: Flutter Mane\n|-end|p2a: Flutter Mane|Protosynthesis|[silent]\n|move|p2b: Chien-Pao|Sacred Sword|p1b: Urshifu\n|-supereffective|p1b: Urshifu\n|-damage|p1b: Urshifu|38\/100\n|move|p1a: Empoleon|Flash Cannon|p2b: Chien-Pao\n|-damage|p2b: Chien-Pao|32\/100\n|\n|-weather|none\n|upkeep\n|turn|6\n|\n|t:|1700598689\n|move|p2b: Chien-Pao|Sucker Punch|p1a: Empoleon\n|-damage|p1a: Empoleon|0 fnt\n|faint|p1a: Empoleon\n|move|p1b: Urshifu|Sucker Punch||[still]\n|-fail|p1b: Urshifu\n|\n|upkeep\n|turn|7\n|\n|t:|1700598699\n|move|p2b: Chien-Pao|Sucker Punch|p1b: Urshifu\n|-resisted|p1b: Urshifu\n|-damage|p1b: Urshifu|20\/100\n|move|p1b: Urshifu|Sucker Punch||[still]\n|-fail|p1b: Urshifu\n|\n|upkeep\n|turn|8\n|\n|t:|1700598705\n|move|p2b: Chien-Pao|Sucker Punch|p1b: Urshifu\n|-resisted|p1b: Urshifu\n|-damage|p1b: Urshifu|3\/100\n|move|p1b: Urshifu|Wicked Blow|p2b: Chien-Pao\n|-supereffective|p2b: Chien-Pao\n|-crit|p2b: Chien-Pao\n|-damage|p2b: Chien-Pao|0 fnt\n|faint|p2b: Chien-Pao\n|\n|win|Abro hilo\n|raw|Abro hilo's rating: 1225 &rarr; <strong>1256<\/strong><br \/>(+31 for winning)\n|raw|MK0509's rating: 1309 &rarr; <strong>1284<\/strong><br \/>(-25 for losing)\n","uploadtime":1700598709,"views":0,"p1id":"abrohilo","p2id":"mk0509","formatid":"gen9vgc2023regulatione","rating":1256,"private":0,"password":""}