{"id":"gen9vgc2023regulatione-1988433981","p1":"LegendVGC","p2":"Everybo-D","format":"[Gen 9] VGC 2023 Regulation E","log":"|j|\u2606LegendVGC\n|j|\u2606Everybo-D\n|n|\u2606LegendVGC|legendvgc\n|n|\u2606Everybo-D|everybod\n|html|View the match progress at <a href=\"\/game-bestof3-gen9vgc2023regulatione-1988430484\">game-bestof3-gen9vgc2023regulatione-1988430484<\/a>\n|t:|1699722510\n|gametype|doubles\n|player|p1|LegendVGC|102|\n|player|p2|Everybo-D|265|\n|teamsize|p1|6\n|teamsize|p2|6\n|gen|9\n|tier|[Gen 9] VGC 2023 Regulation E\n|rule|Species Clause: Limit one of each Pok\u00e9mon\n|rule|Item Clause: Limit one of each item\n|clearpoke\n|poke|p1|Toxapex, L50, M|\n|poke|p1|Revavroom, L50, F|\n|poke|p1|Articuno-Galar, L50|\n|poke|p1|Regidrago, L50|\n|poke|p1|Sneasler, L50, F|\n|poke|p1|Tauros-Paldea-Aqua, L50, M|\n|poke|p2|Iron Bundle, L50|\n|poke|p2|Thundurus, L50, M|\n|poke|p2|Arcanine, L50, M|\n|poke|p2|Tyranitar, L50, F|\n|poke|p2|Landorus, L50, M|\n|poke|p2|Hariyama, L50, M|\n|teampreview|4\nLegendVGC rejected open team sheets.\n|c|\u2606LegendVGC|gotta flex the tech this game now\n|\n|t:|1699722575\n|start\n|switch|p1a: Articuno|Articuno-Galar, L50|100\/100\n|switch|p1b: Sneasler|Sneasler, L50, F|100\/100\n|switch|p2a: Greyy|Thundurus, L50, M|100\/100\n|switch|p2b: FlyingFortress|Landorus, L50, M|100\/100\n|turn|1\n|\n|t:|1699722636\n|-terastallize|p1a: Articuno|Poison\n|move|p1b: Sneasler|Fake Out|p2a: Greyy\n|-damage|p2a: Greyy|82\/100\n|cant|p2a: Greyy|flinch\n|move|p2b: FlyingFortress|Psychic|p1b: Sneasler\n|-supereffective|p1b: Sneasler\n|-damage|p1b: Sneasler|0 fnt\n|faint|p1b: Sneasler\n|move|p1a: Articuno|Trick Room|p1a: Articuno\n|-fieldstart|move: Trick Room|[of] p1a: Articuno\n|-enditem|p1a: Articuno|Room Service\n|-unboost|p1a: Articuno|spe|1|[from] item: Room Service\n|\n|upkeep\n|\n|t:|1699722655\n|switch|p1b: Toxapex|Toxapex, L50, M|100\/100\n|turn|2\n|\n|t:|1699722702\n|move|p1b: Toxapex|Ice Spinner|p2b: FlyingFortress\n|-supereffective|p2b: FlyingFortress\n|-damage|p2b: FlyingFortress|16\/100\n|move|p1a: Articuno|Freezing Glare|p2a: Greyy\n|-damage|p2a: Greyy|46\/100\n|move|p2a: Greyy|Thunderbolt|p1b: Toxapex\n|-supereffective|p1b: Toxapex\n|-damage|p1b: Toxapex|36\/100\n|move|p2b: FlyingFortress|Earth Power|p1b: Toxapex\n|-supereffective|p1b: Toxapex\n|-damage|p1b: Toxapex|0 fnt\n|faint|p1b: Toxapex\n|\n|upkeep\n|\n|t:|1699722709\n|switch|p1b: Revavroom|Revavroom, L50, F|100\/100\n|turn|3\n|\n|t:|1699722740\n|move|p2b: FlyingFortress|Protect|p2b: FlyingFortress\n|-singleturn|p2b: FlyingFortress|Protect\n|move|p2a: Greyy|Thunder Wave|p1b: Revavroom\n|-status|p1b: Revavroom|par\n|move|p1a: Articuno|Calm Mind|p1a: Articuno\n|-boost|p1a: Articuno|spa|1\n|-boost|p1a: Articuno|spd|1\n|-enditem|p2b: FlyingFortress|Mirror Herb\n|-boost|p2b: FlyingFortress|spa|1|[from] item: Mirror Herb\n|-boost|p2b: FlyingFortress|spd|1|[from] item: Mirror Herb\n|move|p1b: Revavroom|Spin Out|p2b: FlyingFortress\n|-activate|p2b: FlyingFortress|move: Protect\n|\n|upkeep\n|turn|4\n|\n|t:|1699722770\n|move|p2a: Greyy|Thunder Wave|p1a: Articuno\n|-status|p1a: Articuno|par\n|move|p1a: Articuno|Freezing Glare|p2a: Greyy\n|-damage|p2a: Greyy|0 fnt\n|faint|p2a: Greyy\n|move|p1b: Revavroom|Spin Out|p2b: FlyingFortress\n|-damage|p2b: FlyingFortress|0 fnt\n|-unboost|p1b: Revavroom|spe|2\n|faint|p2b: FlyingFortress\n|\n|upkeep\n|\n|t:|1699722783\n|switch|p2a: Bloon Impact|Tyranitar, L50, F|100\/100\n|switch|p2b: Big Bob|Hariyama, L50, M|100\/100\n|-weather|Sandstorm|[from] ability: Sand Stream|[of] p2a: Bloon Impact\n|turn|5\n|\n|t:|1699722808\n|move|p2a: Bloon Impact|Protect|p2a: Bloon Impact\n|-singleturn|p2a: Bloon Impact|Protect\n|move|p2b: Big Bob|Fake Out|p1a: Articuno\n|-damage|p1a: Articuno|89\/100 par\n|cant|p1a: Articuno|flinch\n|move|p1b: Revavroom|Poison Gas|p2b: Big Bob|[spread] p2b\n|-activate|p2a: Bloon Impact|move: Protect\n|-status|p2b: Big Bob|psn\n|\n|-weather|Sandstorm|[upkeep]\n|-damage|p1a: Articuno|83\/100 par|[from] Sandstorm\n|-damage|p2b: Big Bob|95\/100 psn|[from] Sandstorm\n|-damage|p2b: Big Bob|82\/100 psn|[from] psn\n|-fieldend|move: Trick Room\n|upkeep\n|turn|6\n|\n|t:|1699722835\n|move|p2a: Bloon Impact|Bulldoze|p1b: Revavroom|[spread] p2b,p1a,p1b\n|-supereffective|p1a: Articuno\n|-supereffective|p1b: Revavroom\n|-damage|p2b: Big Bob|71\/100 psn\n|-damage|p1a: Articuno|59\/100 par\n|-damage|p1b: Revavroom|52\/100 par\n|-unboost|p2b: Big Bob|spe|1\n|-unboost|p1a: Articuno|spe|1\n|-ability|p1a: Articuno|Competitive|boost\n|-boost|p1a: Articuno|spa|2\n|-unboost|p1b: Revavroom|spe|1\n|move|p2b: Big Bob|Headlong Rush|p1a: Articuno\n|-supereffective|p1a: Articuno\n|-damage|p1a: Articuno|0 fnt\n|-unboost|p2b: Big Bob|def|1\n|-unboost|p2b: Big Bob|spd|1\n|faint|p1a: Articuno\n|move|p1b: Revavroom|Spin Out|p2a: Bloon Impact\n|-supereffective|p2a: Bloon Impact\n|-crit|p2a: Bloon Impact\n|-damage|p2a: Bloon Impact|0 fnt\n|-unboost|p1b: Revavroom|spe|2\n|faint|p2a: Bloon Impact\n|\n|-weather|Sandstorm|[upkeep]\n|-damage|p2b: Big Bob|65\/100 psn|[from] Sandstorm\n|-damage|p2b: Big Bob|53\/100 psn|[from] psn\n|upkeep\n|turn|7\n|\n|t:|1699722854\n|move|p2b: Big Bob|Headlong Rush|p1b: Revavroom\n|-supereffective|p1b: Revavroom\n|-damage|p1b: Revavroom|0 fnt\n|-unboost|p2b: Big Bob|def|1\n|-unboost|p2b: Big Bob|spd|1\n|faint|p1b: Revavroom\n|\n|win|Everybo-D\n|c|&|\/uhtml prompt-everybod,Everybo-D is ready for game 3!\n|c|&|\/uhtml prompt-legendvgc,LegendVGC is ready for game 3!\nBoth players are ready! Starting next match!\n|l|\u2606Everybo-D\n","uploadtime":1699723344,"views":34,"p1id":"legendvgc","p2id":"everybod","formatid":"gen9vgc2023regulatione","rating":0,"private":0,"password":""}