{"id":"gen9vgc2023regulatione-1991598647","p1":"Nowaythisistaken","p2":"Mr.Shibatku","format":"[Gen 9] VGC 2023 Regulation E","log":"|j|\u2606Nowaythisistaken\n|j|\u2606Mr.Shibatku\n|t:|1700092602\n|gametype|doubles\n|player|p1|Nowaythisistaken|170|1475\n|player|p2|Mr.Shibatku|byron|1488\n|teamsize|p1|6\n|teamsize|p2|6\n|gen|9\n|tier|[Gen 9] VGC 2023 Regulation E\n|rated|\n|rule|Species Clause: Limit one of each Pok\u00e9mon\n|rule|Item Clause: Limit one of each item\n|clearpoke\n|poke|p1|Ogerpon-Hearthflame, L50, F|\n|poke|p1|Urshifu-*, L50, F|\n|poke|p1|Tornadus, L50, M|\n|poke|p1|Landorus-Therian, L50, M|\n|poke|p1|Flutter Mane, L50|\n|poke|p1|Kingambit, L50, M|\n|poke|p2|Indeedee-F, L50, F|\n|poke|p2|Urshifu-*, L50, F|\n|poke|p2|Ursaluna-Bloodmoon, L50, M|\n|poke|p2|Tornadus, L50, M|\n|poke|p2|Armarouge, L50, F|\n|poke|p2|Flutter Mane, L50|\n|teampreview|4\n|\n|t:|1700092665\n|start\n|switch|p1a: Flutter Mane|Flutter Mane, L50|100\/100\n|switch|p1b: Landorus|Landorus-Therian, L50, M|100\/100\n|switch|p2a: Tornadus|Tornadus, L50, M|100\/100\n|switch|p2b: Urshifu|Urshifu-Rapid-Strike, L50, F|100\/100\n|-ability|p1b: Landorus|Intimidate|boost\n|-unboost|p2a: Tornadus|atk|1\n|-unboost|p2b: Urshifu|atk|1\n|turn|1\n|\n|t:|1700092715\n|-end|p1a: Flutter Mane|Protosynthesis|[silent]\n|switch|p1a: Urshifu|Urshifu-Rapid-Strike, L50, F|100\/100\n|-terastallize|p1b: Landorus|Flying\n|-terastallize|p2b: Urshifu|Poison\n|move|p2a: Tornadus|Tailwind|p2a: Tornadus\n|-sidestart|p2: Mr.Shibatku|move: Tailwind\n|move|p2b: Urshifu|Surging Strikes|p1a: Urshifu\n|-resisted|p1a: Urshifu\n|-crit|p1a: Urshifu\n|-damage|p1a: Urshifu|86\/100\n|-resisted|p1a: Urshifu\n|-crit|p1a: Urshifu\n|-damage|p1a: Urshifu|71\/100\n|-resisted|p1a: Urshifu\n|-crit|p1a: Urshifu\n|-damage|p1a: Urshifu|57\/100\n|-hitcount|p1a: Urshifu|3\n|move|p1b: Landorus|Tera Blast|p2b: Urshifu|[anim] Tera Blast Flying\n|-damage|p2b: Urshifu|39\/100\n|\n|upkeep\n|turn|2\n|\n|t:|1700092748\n|switch|p1a: Flutter Mane|Flutter Mane, L50|100\/100\n|move|p2a: Tornadus|Bleakwind Storm|p1a: Flutter Mane|[spread] p1a,p1b\n|-damage|p1a: Flutter Mane|70\/100\n|-damage|p1b: Landorus|58\/100\n|-unboost|p1a: Flutter Mane|spe|1\n|-unboost|p1b: Landorus|spe|1\n|move|p2b: Urshifu|Surging Strikes|p1b: Landorus\n|-crit|p1b: Landorus\n|-damage|p1b: Landorus|29\/100\n|-crit|p1b: Landorus\n|-damage|p1b: Landorus|2\/100\n|-crit|p1b: Landorus\n|-damage|p1b: Landorus|0 fnt\n|faint|p1b: Landorus\n|-hitcount|p1: Landorus|3\n|\n|upkeep\n|\n|t:|1700092759\n|switch|p1b: Tornadus|Tornadus, L50, M|100\/100\n|turn|3\n|\n|t:|1700092789\n|-end|p1a: Flutter Mane|Protosynthesis|[silent]\n|switch|p1a: Urshifu|Urshifu-Rapid-Strike, L50, F|57\/100\n|move|p2a: Tornadus|Taunt|p1b: Tornadus\n|-start|p1b: Tornadus|move: Taunt\n|cant|p1b: Tornadus|move: Taunt|Tailwind\n|move|p2b: Urshifu|Surging Strikes|p1a: Urshifu\n|-resisted|p1a: Urshifu\n|-crit|p1a: Urshifu\n|-damage|p1a: Urshifu|44\/100\n|-resisted|p1a: Urshifu\n|-crit|p1a: Urshifu\n|-damage|p1a: Urshifu|31\/100\n|-resisted|p1a: Urshifu\n|-crit|p1a: Urshifu\n|-damage|p1a: Urshifu|18\/100\n|-hitcount|p1a: Urshifu|3\n|\n|upkeep\n|turn|4\n|\n|t:|1700092809\n|move|p1a: Urshifu|Aqua Jet|p2b: Urshifu\n|-damage|p2b: Urshifu|16\/100\n|move|p2a: Tornadus|Bleakwind Storm|p1a: Urshifu|[spread] p1a,p1b\n|-supereffective|p1a: Urshifu\n|-damage|p1a: Urshifu|0 fnt\n|-damage|p1b: Tornadus|63\/100\n|faint|p1a: Urshifu\n|move|p2b: Urshifu|Surging Strikes|p1b: Tornadus\n|-crit|p1b: Tornadus\n|-damage|p1b: Tornadus|33\/100\n|-enditem|p1b: Tornadus|Sitrus Berry|[eat]\n|-heal|p1b: Tornadus|58\/100|[from] item: Sitrus Berry\n|-crit|p1b: Tornadus\n|-damage|p1b: Tornadus|30\/100\n|-crit|p1b: Tornadus\n|-damage|p1b: Tornadus|0 fnt\n|faint|p1b: Tornadus\n|-hitcount|p1: Tornadus|3\n|\n|-sideend|p2: Mr.Shibatku|move: Tailwind\n|upkeep\n|\n|t:|1700092815\n|switch|p1b: Flutter Mane|Flutter Mane, L50|70\/100\n|turn|5\n|\n|t:|1700092832\n|move|p2a: Tornadus|Tailwind|p2a: Tornadus\n|-sidestart|p2: Mr.Shibatku|move: Tailwind\n|move|p2b: Urshifu|Surging Strikes|p1b: Flutter Mane\n|-crit|p1b: Flutter Mane\n|-damage|p1b: Flutter Mane|29\/100\n|-crit|p1b: Flutter Mane\n|-damage|p1b: Flutter Mane|0 fnt\n|faint|p1b: Flutter Mane\n|-end|p1b: Flutter Mane|Protosynthesis|[silent]\n|-hitcount|p1: Flutter Mane|2\n|\n|win|Mr.Shibatku\n|raw|Nowaythisistaken's rating: 1475 &rarr; <strong>1456<\/strong><br \/>(-19 for losing)\n|raw|Mr.Shibatku's rating: 1488 &rarr; <strong>1507<\/strong><br \/>(+19 for winning)\n|l|\u2606Nowaythisistaken\n","uploadtime":1700092845,"views":24,"p1id":"nowaythisistaken","p2id":"mrshibatku","formatid":"gen9vgc2023regulatione","rating":1456,"private":0,"password":""}