{"id":"gen9vgc2023regulatione-1989348333","p1":"N4nD1tt0","p2":"Brigandine","format":"[Gen 9] VGC 2023 Regulation E","log":"|j|\u2606N4nD1tt0\n|j|\u2606Brigandine\n|t:|1699839221\n|gametype|doubles\n|player|p1|N4nD1tt0|1|1228\n|player|p2|Brigandine|2|1136\n|teamsize|p1|6\n|teamsize|p2|6\n|gen|9\n|tier|[Gen 9] VGC 2023 Regulation E\n|rated|\n|rule|Species Clause: Limit one of each Pok\u00e9mon\n|rule|Item Clause: Limit one of each item\n|clearpoke\n|poke|p1|Gyarados, L50, F|\n|poke|p1|Scizor, L50, M|\n|poke|p1|Rillaboom, L50, F|\n|poke|p1|Heatran, L50, M|\n|poke|p1|Urshifu-*, L50, M|\n|poke|p1|Sylveon, L50, M|\n|poke|p2|Garchomp, L50, M|\n|poke|p2|Corviknight, L50, M|\n|poke|p2|Basculegion, L50, M|\n|poke|p2|Pelipper, L50, M|\n|poke|p2|Kilowattrel, L50, M|\n|poke|p2|Amoonguss, L50, M|\n|teampreview|4\n|\n|t:|1699839272\n|start\n|switch|p1a: Gyarados|Gyarados, L50, F, shiny|100\/100\n|switch|p1b: Sylveon|Sylveon, L50, M|100\/100\n|switch|p2a: Pelipper|Pelipper, L50, M|100\/100\n|switch|p2b: Amoonguss|Amoonguss, L50, M|100\/100\n|-ability|p1a: Gyarados|Intimidate|boost\n|-unboost|p2a: Pelipper|atk|1\n|-unboost|p2b: Amoonguss|atk|1\n|-weather|RainDance|[from] ability: Drizzle|[of] p2a: Pelipper\n|turn|1\n|\n|t:|1699839291\n|move|p1a: Gyarados|Icy Wind|p2b: Amoonguss|[spread] p2a,p2b\n|-supereffective|p2b: Amoonguss\n|-damage|p2a: Pelipper|95\/100\n|-damage|p2b: Amoonguss|89\/100\n|-unboost|p2a: Pelipper|spe|1\n|-unboost|p2b: Amoonguss|spe|1\n|move|p1b: Sylveon|Hyper Voice|p2b: Amoonguss|[spread] p2a,p2b\n|-resisted|p2b: Amoonguss\n|-damage|p2a: Pelipper|47\/100\n|-damage|p2b: Amoonguss|67\/100\n|move|p2a: Pelipper|Hydro Pump|p1b: Sylveon\n|-damage|p1b: Sylveon|57\/100\n|move|p2b: Amoonguss|Spore|p1a: Gyarados\n|-status|p1a: Gyarados|slp|[from] move: Spore\n|\n|-weather|RainDance|[upkeep]\n|-heal|p2b: Amoonguss|72\/100|[from] item: Leftovers\n|upkeep\n|turn|2\n|\n|t:|1699839322\n|cant|p1a: Gyarados|slp\n|move|p1b: Sylveon|Hyper Voice|p2b: Amoonguss|[spread] p2a,p2b\n|-resisted|p2b: Amoonguss\n|-damage|p2a: Pelipper|1\/100\n|-damage|p2b: Amoonguss|53\/100\n|move|p2a: Pelipper|Hydro Pump|p1b: Sylveon|[miss]\n|-miss|p2a: Pelipper|p1b: Sylveon\n|move|p2b: Amoonguss|Spore|p1b: Sylveon\n|-status|p1b: Sylveon|slp|[from] move: Spore\n|\n|-weather|RainDance|[upkeep]\n|-heal|p2b: Amoonguss|59\/100|[from] item: Leftovers\n|upkeep\n|turn|3\n|\n|t:|1699839345\n|switch|p1b: Rillaboom|Rillaboom, L50, F|100\/100\n|-fieldstart|move: Grassy Terrain|[from] ability: Grassy Surge|[of] p1b: Rillaboom\n|-curestatus|p1a: Gyarados|slp|[msg]\n|move|p1a: Gyarados|Icy Wind|p2b: Amoonguss|[spread] p2a,p2b\n|-supereffective|p2b: Amoonguss\n|-damage|p2a: Pelipper|0 fnt\n|-damage|p2b: Amoonguss|48\/100\n|-unboost|p2b: Amoonguss|spe|1\n|faint|p2a: Pelipper\n|move|p2b: Amoonguss|Pollen Puff|p2: Pelipper|[notarget]\n|-fail|p2b: Amoonguss\n|\n|-weather|RainDance|[upkeep]\n|-heal|p2b: Amoonguss|54\/100|[from] Grassy Terrain\n|-heal|p2b: Amoonguss|60\/100|[from] item: Leftovers\n|upkeep\n|\n|t:|1699839356\n|switch|p2a: Kilowattrel|Kilowattrel, L50, M|100\/100\n|turn|4\n|\n|t:|1699839370\n|move|p1b: Rillaboom|Fake Out|p2b: Amoonguss\n|-damage|p2b: Amoonguss|48\/100\n|move|p2a: Kilowattrel|Thunder|p1a: Gyarados\n|-supereffective|p1a: Gyarados\n|-damage|p1a: Gyarados|0 fnt\n|faint|p1a: Gyarados\n|cant|p2b: Amoonguss|flinch\n|\n|-weather|RainDance|[upkeep]\n|-heal|p2b: Amoonguss|54\/100|[from] Grassy Terrain\n|-heal|p2b: Amoonguss|60\/100|[from] item: Leftovers\n|upkeep\n|\n|t:|1699839386\n|switch|p1a: Scizor|Scizor, L50, M|100\/100\n|turn|5\n|\n|t:|1699839417\n|move|p2a: Kilowattrel|Hurricane|p1b: Rillaboom\n|-supereffective|p1b: Rillaboom\n|-damage|p1b: Rillaboom|35\/100\n|-start|p1b: Rillaboom|confusion\n|-activate|p1b: Rillaboom|confusion\n|-damage|p1b: Rillaboom|24\/100|[from] confusion\n|move|p1a: Scizor|Dual Wingbeat|p2b: Amoonguss\n|-supereffective|p2b: Amoonguss\n|-damage|p2b: Amoonguss|23\/100\n|-supereffective|p2b: Amoonguss\n|-damage|p2b: Amoonguss|0 fnt\n|faint|p2b: Amoonguss\n|-hitcount|p2: Amoonguss|2\n|\n|-weather|RainDance|[upkeep]\n|-heal|p1b: Rillaboom|30\/100|[from] Grassy Terrain\n|upkeep\n|\n|t:|1699839444\n|switch|p2b: Basculegion|Basculegion, L50, M|100\/100\n|turn|6\n|\n|t:|1699839473\n|-end|p1b: Rillaboom|confusion\n|move|p1b: Rillaboom|Grassy Glide|p2b: Basculegion\n|-supereffective|p2b: Basculegion\n|-damage|p2b: Basculegion|13\/100\n|-enditem|p2b: Basculegion|Figy Berry|[eat]\n|-heal|p2b: Basculegion|47\/100|[from] item: Figy Berry\n|move|p1a: Scizor|Bullet Punch|p2a: Kilowattrel\n|-resisted|p2a: Kilowattrel\n|-damage|p2a: Kilowattrel|75\/100\n|move|p2b: Basculegion|Wave Crash|p1a: Scizor\n|-damage|p1a: Scizor|23\/100\n|-damage|p2b: Basculegion|23\/100|[from] Recoil\n|move|p2a: Kilowattrel|Hurricane|p1a: Scizor\n|-damage|p1a: Scizor|0 fnt\n|faint|p1a: Scizor\n|\n|-weather|RainDance|[upkeep]\n|-heal|p2b: Basculegion|29\/100|[from] Grassy Terrain\n|-heal|p1b: Rillaboom|35\/100|[from] Grassy Terrain\n|upkeep\n|\n|t:|1699839495\n|switch|p1a: Sylveon|Sylveon, L50, M|57\/100 slp\n|turn|7\n|\n|t:|1699839518\n|move|p1b: Rillaboom|Grassy Glide|p2b: Basculegion\n|-supereffective|p2b: Basculegion\n|-damage|p2b: Basculegion|0 fnt\n|faint|p2b: Basculegion\n|move|p2a: Kilowattrel|Hurricane|p1b: Rillaboom\n|-supereffective|p1b: Rillaboom\n|-damage|p1b: Rillaboom|0 fnt\n|faint|p1b: Rillaboom\n|cant|p1a: Sylveon|slp\n|\n|-weather|RainDance|[upkeep]\n|-heal|p1a: Sylveon|62\/100 slp|[from] Grassy Terrain\n|-fieldend|move: Grassy Terrain\n|upkeep\n|turn|8\n|\n|t:|1699839535\n|-terastallize|p1a: Sylveon|Ghost\n|move|p2a: Kilowattrel|Hurricane|p1a: Sylveon\n|-damage|p1a: Sylveon|32\/100 slp\n|-curestatus|p1a: Sylveon|slp|[msg]\n|move|p1a: Sylveon|Hyper Voice|p2a: Kilowattrel\n|-crit|p2a: Kilowattrel\n|-damage|p2a: Kilowattrel|0 fnt\n|faint|p2a: Kilowattrel\n|\n|win|N4nD1tt0\n|raw|N4nD1tt0's rating: 1228 &rarr; <strong>1247<\/strong><br \/>(+19 for winning)\n|raw|Brigandine's rating: 1136 &rarr; <strong>1117<\/strong><br \/>(-19 for losing)\n|l|\u2606Brigandine\n","uploadtime":1699839555,"views":7,"p1id":"n4nd1tt0","p2id":"brigandine","formatid":"gen9vgc2023regulatione","rating":1117,"private":0,"password":""}