{"id":"gen9vgc2023regulatione-1992992231","p1":"BanoVGC","p2":"unluckyalba","format":"[Gen 9] VGC 2023 Regulation E","log":"|j|\u2606BanoVGC\n|j|\u2606unluckyalba\n|n|\u2606BanoVGC|banovgc\n|n|\u2606unluckyalba|unluckyalba\n|html|View the match progress at <a href=\"\/game-bestof3-gen9vgc2023regulatione-1992988886\">game-bestof3-gen9vgc2023regulatione-1992988886<\/a>\n|t:|1700253466\n|gametype|doubles\n|player|p1|BanoVGC|170|\n|player|p2|unluckyalba|2|\n|teamsize|p1|6\n|teamsize|p2|6\n|gen|9\n|tier|[Gen 9] VGC 2023 Regulation E\n|rule|Species Clause: Limit one of each Pok\u00e9mon\n|rule|Item Clause: Limit one of each item\n|clearpoke\n|poke|p1|Heatran, L50, M|\n|poke|p1|Urshifu-*, L50, M|\n|poke|p1|Farigiraf, L50, F|\n|poke|p1|Dragonite, L50, F|\n|poke|p1|Chien-Pao, L50|\n|poke|p1|Rillaboom, L50, F|\n|poke|p2|Grimmsnarl, L50, M|\n|poke|p2|Volcarona, L50, M|\n|poke|p2|Iron Hands, L50|\n|poke|p2|Ogerpon-Wellspring, L50, F|\n|poke|p2|Arcanine-Hisui, L50, F|\n|poke|p2|Chien-Pao, L50|\n|teampreview|4\n|\n|t:|1700253494\n|start\n|switch|p1a: Farigiraf|Farigiraf, L50, F|100\/100\n|switch|p1b: Urshifu|Urshifu-Rapid-Strike, L50, M|100\/100\n|switch|p2a: Arcanine|Arcanine-Hisui, L50, F|100\/100\n|switch|p2b: Iron Hands|Iron Hands, L50|100\/100\n|-ability|p2a: Arcanine|Intimidate|boost\n|-unboost|p1a: Farigiraf|atk|1\n|-unboost|p1b: Urshifu|atk|1\n|turn|1\n|\n|t:|1700253514\n|switch|p2a: Ogerpon|Ogerpon-Wellspring, L50, F|100\/100\n|-terastallize|p1b: Urshifu|Water\n|move|p1a: Farigiraf|Helping Hand|p1b: Urshifu\n|-singleturn|p1b: Urshifu|Helping Hand|[of] p1a: Farigiraf\n|move|p1b: Urshifu|Surging Strikes|p2b: Iron Hands\n|-crit|p2b: Iron Hands\n|-damage|p2b: Iron Hands|73\/100\n|-crit|p2b: Iron Hands\n|-damage|p2b: Iron Hands|45\/100\n|-crit|p2b: Iron Hands\n|-damage|p2b: Iron Hands|19\/100\n|-hitcount|p2b: Iron Hands|3\n|move|p2b: Iron Hands|Drain Punch|p1a: Farigiraf\n|-damage|p1a: Farigiraf|63\/100\n|-heal|p2b: Iron Hands|36\/100|[from] drain|[of] p1a: Farigiraf\n|-damage|p2b: Iron Hands|20\/100|[from] item: Rocky Helmet|[of] p1a: Farigiraf\n|\n|upkeep\n|turn|2\n|\n|t:|1700253536\n|switch|p1b: Dragonite|Dragonite, L50, F|100\/100\n|move|p2a: Ogerpon|Follow Me|p2a: Ogerpon\n|-singleturn|p2a: Ogerpon|move: Follow Me\n|move|p1a: Farigiraf|Psychic|p2a: Ogerpon\n|-damage|p2a: Ogerpon|62\/100\n|move|p2b: Iron Hands|Drain Punch|p1b: Dragonite\n|-resisted|p1b: Dragonite\n|-damage|p1b: Dragonite|76\/100\n|-heal|p2b: Iron Hands|30\/100|[from] drain|[of] p1b: Dragonite\n|\n|upkeep\n|turn|3\n|\n|t:|1700253561\n|-terastallize|p2a: Ogerpon|Water\n|detailschange|p2a: Ogerpon|Ogerpon-Wellspring-Tera, L50, F, tera:Water\n|-ability|p2a: Ogerpon|Embody Aspect (Wellspring)|boost\n|-boost|p2a: Ogerpon|spd|1\n|move|p2a: Ogerpon|Follow Me|p2a: Ogerpon\n|-singleturn|p2a: Ogerpon|move: Follow Me\n|move|p1b: Dragonite|Aerial Ace|p2a: Ogerpon\n|-damage|p2a: Ogerpon|7\/100\n|move|p1a: Farigiraf|Psychic|p2a: Ogerpon\n|-damage|p2a: Ogerpon|0 fnt\n|faint|p2a: Ogerpon\n|move|p2b: Iron Hands|Wild Charge|p1b: Dragonite\n|-damage|p1b: Dragonite|19\/100\n|-damage|p2b: Iron Hands|19\/100|[from] Recoil\n|\n|upkeep\n|\n|t:|1700253576\n|switch|p2a: Volcarona|Volcarona, L50, M|100\/100\n|turn|4\n|\n|t:|1700253609\n|switch|p2a: Arcanine|Arcanine-Hisui, L50, F|100\/100\n|-ability|p2a: Arcanine|Intimidate|boost\n|-unboost|p1a: Farigiraf|atk|1\n|-fail|p1b: Dragonite|unboost|Attack|[from] ability: Inner Focus|[of] p1b: Dragonite\n|switch|p1b: Chien-Pao|Chien-Pao, L50|100\/100\n|-ability|p1b: Chien-Pao|Sword of Ruin\n|move|p1a: Farigiraf|Psychic|p2b: Iron Hands\n|-supereffective|p2b: Iron Hands\n|-damage|p2b: Iron Hands|0 fnt\n|faint|p2b: Iron Hands\n|-end|p2b: Iron Hands|Quark Drive|[silent]\n|\n|upkeep\n|\n|t:|1700253621\n|switch|p2b: Volcarona|Volcarona, L50, M|100\/100\n|turn|5\n|\n|t:|1700253633\n|move|p1a: Farigiraf|Helping Hand|p1b: Chien-Pao\n|-singleturn|p1b: Chien-Pao|Helping Hand|[of] p1a: Farigiraf\n|move|p2b: Volcarona|Protect|p2b: Volcarona\n|-singleturn|p2b: Volcarona|Protect\n|move|p1b: Chien-Pao|Sacred Sword|p2a: Arcanine\n|-supereffective|p2a: Arcanine\n|-damage|p2a: Arcanine|0 fnt\n|faint|p2a: Arcanine\n|\n|upkeep\n|turn|6\n|\n|t:|1700253656\n|move|p1b: Chien-Pao|Sucker Punch|p2b: Volcarona\n|-damage|p2b: Volcarona|61\/100\n|-status|p1b: Chien-Pao|brn|[from] ability: Flame Body|[of] p2b: Volcarona\n|move|p2b: Volcarona|Heat Wave|p1b: Chien-Pao|[spread] p1a\n|-miss|p2b: Volcarona|p1b: Chien-Pao\n|-damage|p1a: Farigiraf|34\/100\n|move|p1a: Farigiraf|Psychic|p2b: Volcarona\n|-damage|p2b: Volcarona|31\/100\n|\n|-heal|p2b: Volcarona|37\/100|[from] item: Leftovers\n|-damage|p1b: Chien-Pao|95\/100 brn|[from] brn\n|upkeep\n|turn|7\n|\n|t:|1700253671\n|move|p2b: Volcarona|Protect|p2b: Volcarona\n|-singleturn|p2b: Volcarona|Protect\n|move|p1b: Chien-Pao|Sucker Punch||[still]\n|-fail|p1b: Chien-Pao\n|move|p1a: Farigiraf|Psychic|p2b: Volcarona\n|-activate|p2b: Volcarona|move: Protect\n|\n|-heal|p2b: Volcarona|43\/100|[from] item: Leftovers\n|-damage|p1b: Chien-Pao|89\/100 brn|[from] brn\n|upkeep\n|turn|8\n|\n|t:|1700253681\n|move|p1b: Chien-Pao|Sucker Punch||[still]\n|-fail|p1b: Chien-Pao\n|move|p2b: Volcarona|Quiver Dance|p2b: Volcarona\n|-boost|p2b: Volcarona|spa|1\n|-boost|p2b: Volcarona|spd|1\n|-boost|p2b: Volcarona|spe|1\n|move|p1a: Farigiraf|Psychic|p2b: Volcarona\n|-damage|p2b: Volcarona|23\/100\n|\n|-heal|p2b: Volcarona|29\/100|[from] item: Leftovers\n|-damage|p1b: Chien-Pao|83\/100 brn|[from] brn\n|upkeep\n|turn|9\n|\n|t:|1700253691\n|move|p2b: Volcarona|Protect|p2b: Volcarona\n|-singleturn|p2b: Volcarona|Protect\n|move|p1b: Chien-Pao|Sucker Punch||[still]\n|-fail|p1b: Chien-Pao\n|move|p1a: Farigiraf|Trick Room|p1a: Farigiraf\n|-fieldstart|move: Trick Room|[of] p1a: Farigiraf\n|\n|-heal|p2b: Volcarona|35\/100|[from] item: Leftovers\n|-damage|p1b: Chien-Pao|77\/100 brn|[from] brn\n|upkeep\n|turn|10\n|\n|t:|1700253704\n|move|p1b: Chien-Pao|Sucker Punch|p2b: Volcarona\n|-damage|p2b: Volcarona|13\/100\n|move|p1a: Farigiraf|Psychic|p2b: Volcarona\n|-damage|p2b: Volcarona|0 fnt\n|faint|p2b: Volcarona\n|\n|win|BanoVGC\n|c|\u2606BanoVGC|gg\n|c|\u2606unluckyalba|gg spiace per partite viziate cosi tanto dalla sfiga\n","uploadtime":1700253830,"views":12,"p1id":"banovgc","p2id":"unluckyalba","formatid":"gen9vgc2023regulatione","rating":0,"private":0,"password":""}