{"id":"gen9vgc2023regulatione-1993174411","p1":"Briticus9","p2":"ThannaOcto","format":"[Gen 9] VGC 2023 Regulation E","log":"|j|\u2606Briticus9\n|j|\u2606ThannaOcto\n|n|\u2606Briticus9|briticus9\n|n|\u2606ThannaOcto|thannaocto\n|html|View the match progress at <a href=\"\/game-bestof3-gen9vgc2023regulatione-1993174410\">game-bestof3-gen9vgc2023regulatione-1993174410<\/a>\n|t:|1700273873\n|gametype|doubles\n|player|p1|Briticus9|clair|\n|player|p2|ThannaOcto|aaron|\n|teamsize|p1|6\n|teamsize|p2|6\n|gen|9\n|tier|[Gen 9] VGC 2023 Regulation E\n|rule|Species Clause: Limit one of each Pok\u00e9mon\n|rule|Item Clause: Limit one of each item\n|clearpoke\n|poke|p1|Cresselia, L50, F|\n|poke|p1|Ursaluna-Bloodmoon, L50, M|\n|poke|p1|Dondozo, L50, M|\n|poke|p1|Tatsugiri, L50, M|\n|poke|p1|Hatterene, L50, F|\n|poke|p1|Torkoal, L50, M|\n|poke|p2|Klefki, L50, M|\n|poke|p2|Scovillain, L50, M|\n|poke|p2|Dragapult, L50, M|\n|poke|p2|Fezandipiti, L50, M|\n|poke|p2|Dudunsparce-*, L50, M|\n|poke|p2|Glastrier, L50|\n|teampreview|4\nBriticus9 has agreed to open team sheets.\n|\n|t:|1700273888\n|start\n|switch|p1a: Baddie B|Cresselia, L50, F|100\/100\n|switch|p1b: Young Money|Ursaluna-Bloodmoon, L50, M|100\/100\n|switch|p2a: Azim|Klefki, L50, M|100\/100\n|switch|p2b: Mandervillian|Scovillain, L50, M|100\/100\n|turn|1\n|\n|t:|1700273931\n|move|p2a: Azim|Light Screen|p2a: Azim\n|-sidestart|p2: ThannaOcto|move: Light Screen\n|move|p2b: Mandervillian|Giga Drain|p1b: Young Money\n|-supereffective|p1b: Young Money\n|-damage|p1b: Young Money|46\/100\n|move|p1b: Young Money|Hyper Voice|p2b: Mandervillian|[spread] p2a,p2b\n|-resisted|p2a: Azim\n|-damage|p2a: Azim|87\/100\n|-damage|p2b: Mandervillian|63\/100\n|-enditem|p1b: Young Money|Throat Spray\n|-boost|p1b: Young Money|spa|1|[from] item: Throat Spray\n|move|p1a: Baddie B|Trick Room|p1a: Baddie B\n|-fieldstart|move: Trick Room|[of] p1a: Baddie B\n|\n|-heal|p2b: Mandervillian|69\/100|[from] item: Leftovers\n|-ability|p2b: Mandervillian|Moody|boost\n|-boost|p2b: Mandervillian|spa|2\n|-unboost|p2b: Mandervillian|def|1\n|upkeep\n|turn|2\n|\n|t:|1700273963\n|switch|p2a: Brute Justice|Dudunsparce-Three-Segment, L50, M|100\/100\n|move|p1b: Young Money|Protect|p1b: Young Money\n|-singleturn|p1b: Young Money|Protect\n|move|p1a: Baddie B|Lunar Blessing|p1a: Baddie B|[spread] p1a,p1b\n|-heal|p1b: Young Money|71\/100\n|move|p2b: Mandervillian|Giga Drain|p1b: Young Money\n|-activate|p1b: Young Money|move: Protect\n|\n|-heal|p2b: Mandervillian|75\/100|[from] item: Leftovers\n|-ability|p2b: Mandervillian|Moody|boost\n|-boost|p2b: Mandervillian|def|2\n|-unboost|p2b: Mandervillian|spe|1\n|upkeep\n|turn|3\n|\n|t:|1700274003\n|move|p1a: Baddie B|Helping Hand|p1b: Young Money\n|-singleturn|p1b: Young Money|Helping Hand|[of] p1a: Baddie B\n|move|p2a: Brute Justice|Substitute|p2a: Brute Justice\n|-start|p2a: Brute Justice|Substitute\n|-damage|p2a: Brute Justice|76\/100\n|move|p1b: Young Money|Blood Moon|p2b: Mandervillian\n|-damage|p2b: Mandervillian|0 fnt\n|faint|p2b: Mandervillian\n|\n|upkeep\n|\n|t:|1700274017\n|switch|p2b: Mist Dragon|Dragapult, L50, M|100\/100\n|turn|4\n|\n|t:|1700274067\n|-terastallize|p2b: Mist Dragon|Fairy\n|move|p1a: Baddie B|Helping Hand|p1b: Young Money\n|-singleturn|p1b: Young Money|Helping Hand|[of] p1a: Baddie B\n|move|p2b: Mist Dragon|Sucker Punch||[still]\n|-fail|p2b: Mist Dragon\n|move|p2a: Brute Justice|Hurricane|p1b: Young Money\n|-damage|p1b: Young Money|51\/100\n|-start|p1b: Young Money|confusion\n|-activate|p1b: Young Money|confusion\n|move|p1b: Young Money|Hyper Voice|p2b: Mist Dragon|[spread] p2a,p2b\n|-damage|p2a: Brute Justice|20\/100\n|-damage|p2b: Mist Dragon|26\/100\n|\n|upkeep\n|turn|5\n|\n|t:|1700274088\n|move|p2b: Mist Dragon|Protect|p2b: Mist Dragon\n|-singleturn|p2b: Mist Dragon|Protect\n|move|p2a: Brute Justice|Roost|p2a: Brute Justice\n|-heal|p2a: Brute Justice|70\/100\n|-singleturn|p2a: Brute Justice|move: Roost\n|-activate|p1b: Young Money|confusion\n|-damage|p1b: Young Money|47\/100|[from] confusion\n|move|p1a: Baddie B|Moonblast|p2a: Brute Justice\n|-activate|p2a: Brute Justice|move: Substitute|[damage]\n|\n|-fieldend|move: Trick Room\n|upkeep\n|turn|6\n|\n|t:|1700274107\n|switch|p1b: Slay Queen|Hatterene, L50, F|100\/100\n|move|p2b: Mist Dragon|Dragon Darts|p1a: Baddie B\n|-damage|p1a: Baddie B|85\/100\n|-anim|p2b: Mist Dragon|Dragon Darts|p1a: Baddie B\n|-damage|p1a: Baddie B|69\/100\n|move|p2a: Brute Justice|Ancient Power|p1a: Baddie B\n|-damage|p1a: Baddie B|61\/100\n|move|p1a: Baddie B|Trick Room|p1a: Baddie B\n|-fieldstart|move: Trick Room|[of] p1a: Baddie B\n|\n|upkeep\n|turn|7\n|\n|t:|1700274133\n|-terastallize|p1b: Slay Queen|Normal\n|move|p1a: Baddie B|Helping Hand|p1b: Slay Queen\n|-singleturn|p1b: Slay Queen|Helping Hand|[of] p1a: Baddie B\n|move|p2b: Mist Dragon|Sucker Punch|p1b: Slay Queen\n|-crit|p1b: Slay Queen\n|-damage|p1b: Slay Queen|70\/100\n|move|p1b: Slay Queen|Psychic|p2b: Mist Dragon\n|-damage|p2b: Mist Dragon|0 fnt\n|-start|p1b: Slay Queen|Disable|Psychic|[from] ability: Cursed Body|[of] p2b: Mist Dragon\n|faint|p2b: Mist Dragon\n|move|p2a: Brute Justice|Ancient Power|p1a: Baddie B\n|-damage|p1a: Baddie B|54\/100\n|\n|upkeep\n|\n|t:|1700274146\n|switch|p2b: Azim|Klefki, L50, M|87\/100\n|turn|8\n|\n|t:|1700274171\n|switch|p1b: Big Bitch|Torkoal, L50, M, shiny|100\/100\n|-weather|SunnyDay|[from] ability: Drought|[of] p1b: Big Bitch\n|move|p2a: Brute Justice|Ancient Power|p1b: Big Bitch\n|-supereffective|p1b: Big Bitch\n|-damage|p1b: Big Bitch|69\/100\n|move|p2b: Azim|Draining Kiss|p1b: Big Bitch\n|-resisted|p1b: Big Bitch\n|-damage|p1b: Big Bitch|59\/100\n|-heal|p2b: Azim|96\/100|[from] drain|[of] p1b: Big Bitch\n|move|p1a: Baddie B|Lunar Blessing|p1a: Baddie B|[spread] p1a,p1b\n|-heal|p1a: Baddie B|79\/100\n|-heal|p1b: Big Bitch|84\/100\n|\n|-weather|SunnyDay|[upkeep]\n|-sideend|p2: ThannaOcto|move: Light Screen\n|upkeep\n|turn|9\n|\n|t:|1700274193\n|move|p1a: Baddie B|Helping Hand|p1b: Big Bitch\n|-singleturn|p1b: Big Bitch|Helping Hand|[of] p1a: Baddie B\n|move|p2b: Azim|Light Screen|p2b: Azim\n|-sidestart|p2: ThannaOcto|move: Light Screen\n|move|p1b: Big Bitch|Eruption|p2a: Brute Justice|[spread] p2a,p2b\n|-end|p2a: Brute Justice|Substitute\n|-supereffective|p2b: Azim\n|-damage|p2b: Azim|0 fnt\n|faint|p2b: Azim\n|move|p2a: Brute Justice|Ancient Power|p1a: Baddie B\n|-damage|p1a: Baddie B|72\/100\n|\n|-weather|SunnyDay|[upkeep]\n|upkeep\n|turn|10\n|\n|t:|1700274219\n|move|p1b: Big Bitch|Eruption|p2a: Brute Justice\n|-damage|p2a: Brute Justice|9\/100\n|move|p2a: Brute Justice|Substitute|p2a: Brute Justice\n|-fail|p2a: Brute Justice|move: Substitute|[weak]\n|move|p1a: Baddie B|Moonblast|p2a: Brute Justice\n|-damage|p2a: Brute Justice|0 fnt\n|faint|p2a: Brute Justice\n|\n|win|Briticus9\n|c|&|\/uhtml prompt-briticus9,Briticus9 is ready for game 2!\n|inactive|ThannaOcto has 50 seconds to confirm battle start!\n|c|&|\/uhtml prompt-thannaocto,ThannaOcto is ready for game 2!\nBoth players are ready! Starting next match!\n|l|\u2606ThannaOcto\n","uploadtime":1700274447,"views":16,"p1id":"briticus9","p2id":"thannaocto","formatid":"gen9vgc2023regulatione","rating":0,"private":0,"password":""}