{"id":"gen9vgc2023regulatione-1990553328","p1":"kelli i","p2":"Kzjrzhzk","format":"[Gen 9] VGC 2023 Regulation E","log":"|j|\u2606kelli i\n|j|\u2606Kzjrzhzk\n|t:|1699980910\n|gametype|doubles\n|player|p1|kelli i|alder|1070\n|player|p2|Kzjrzhzk|lance|1028\n|teamsize|p1|6\n|teamsize|p2|6\n|gen|9\n|tier|[Gen 9] VGC 2023 Regulation E\n|rated|\n|rule|Species Clause: Limit one of each Pok\u00e9mon\n|rule|Item Clause: Limit one of each item\n|clearpoke\n|poke|p1|Politoed, L50, M|\n|poke|p1|Ludicolo, L50, M|\n|poke|p1|Thundurus, L50, M|\n|poke|p1|Cresselia, L50, F|\n|poke|p1|Conkeldurr, L50, M|\n|poke|p1|Kingambit, L50, M|\n|poke|p2|Flutter Mane, L50|\n|poke|p2|Tornadus, L50, M|\n|poke|p2|Rillaboom, L50, F|\n|poke|p2|Garganacl, L50, M|\n|poke|p2|Arcanine-Hisui, L50, M|\n|poke|p2|Chien-Pao, L50|\n|teampreview|4\n|inactive|Battle timer is ON: inactive players will automatically lose when time's up. (requested by kelli i)\n|\n|t:|1699980929\n|start\n|switch|p1a: Kingambit|Kingambit, L50, M|100\/100\n|switch|p1b: Thundurus|Thundurus, L50, M|100\/100\n|switch|p2a: Tornadus|Tornadus, L50, M|100\/100\n|switch|p2b: Garganacl|Garganacl, L50, M|100\/100\n|turn|1\n|inactive|Kzjrzhzk has 30 seconds left.\n|inactive|Kzjrzhzk has 20 seconds left.\n|\n|t:|1699980967\n|-terastallize|p2b: Garganacl|Ghost\n|move|p1b: Thundurus|Taunt|p2a: Tornadus\n|-start|p2a: Tornadus|move: Taunt\n|cant|p2a: Tornadus|move: Taunt|Tailwind\n|move|p2b: Garganacl|Salt Cure|p1a: Kingambit\n|-resisted|p1a: Kingambit\n|-damage|p1a: Kingambit|95\/100\n|-start|p1a: Kingambit|Salt Cure\n|move|p1a: Kingambit|Low Kick|p2b: Garganacl\n|-immune|p2b: Garganacl\n|\n|-damage|p1a: Kingambit|70\/100|[from] Salt Cure\n|upkeep\n|turn|2\n|\n|t:|1699980982\n|move|p2b: Garganacl|Protect|p2b: Garganacl\n|-singleturn|p2b: Garganacl|Protect\n|move|p1a: Kingambit|Sucker Punch||[still]\n|-fail|p1a: Kingambit\n|move|p1b: Thundurus|Volt Switch|p2a: Tornadus\n|-supereffective|p2a: Tornadus\n|-damage|p2a: Tornadus|49\/100\n|\n|t:|1699980991\n|switch|p1b: Conkeldurr|Conkeldurr, L50, M|100\/100|[from] Volt Switch\n|move|p2a: Tornadus|Bleakwind Storm|p1b: Conkeldurr|[spread] p1b\n|-miss|p2a: Tornadus|p1a: Kingambit\n|-supereffective|p1b: Conkeldurr\n|-damage|p1b: Conkeldurr|29\/100\n|-unboost|p1b: Conkeldurr|spe|1\n|\n|-damage|p1a: Kingambit|45\/100|[from] Salt Cure\n|-status|p1b: Conkeldurr|brn|[from] item: Flame Orb\n|upkeep\n|turn|3\n|\n|t:|1699981010\n|move|p1a: Kingambit|Sucker Punch||[still]\n|-fail|p1a: Kingambit\n|move|p2a: Tornadus|Bleakwind Storm|p1b: Conkeldurr|[spread] p1a,p1b\n|-resisted|p1a: Kingambit\n|-supereffective|p1b: Conkeldurr\n|-damage|p1a: Kingambit|30\/100\n|-damage|p1b: Conkeldurr|0 fnt\n|-unboost|p1a: Kingambit|spe|1\n|-ability|p1a: Kingambit|Defiant|boost\n|-boost|p1a: Kingambit|atk|2\n|faint|p1b: Conkeldurr\n|move|p2b: Garganacl|Iron Defense|p2b: Garganacl\n|-boost|p2b: Garganacl|def|2\n|\n|-damage|p1a: Kingambit|6\/100|[from] Salt Cure\n|-end|p2a: Tornadus|move: Taunt\n|upkeep\n|\n|t:|1699981023\n|switch|p1b: Thundurus|Thundurus, L50, M|100\/100\n|turn|4\n|\n|t:|1699981034\n|switch|p2a: Rillaboom|Rillaboom, L50, F|100\/100\n|-fieldstart|move: Grassy Terrain|[from] ability: Grassy Surge|[of] p2a: Rillaboom\n|move|p2b: Garganacl|Protect|p2b: Garganacl\n|-singleturn|p2b: Garganacl|Protect\n|move|p1b: Thundurus|Taunt|p2b: Garganacl\n|-activate|p2b: Garganacl|move: Protect\n|move|p1a: Kingambit|Sucker Punch||[still]\n|-fail|p1a: Kingambit\n|\n|-heal|p1a: Kingambit|12\/100|[from] Grassy Terrain\n|-damage|p1a: Kingambit|0 fnt|[from] Salt Cure\n|faint|p1a: Kingambit\n|upkeep\n|\n|t:|1699981046\n|switch|p1a: Ludicolo|Ludicolo, L50, M, shiny|100\/100\n|turn|5\n|\n|t:|1699981063\n|move|p2a: Rillaboom|Fake Out|p1b: Thundurus\n|-damage|p1b: Thundurus|79\/100\n|move|p1b: Thundurus|Rain Dance|p1b: Thundurus\n|-weather|RainDance\n|move|p1a: Ludicolo|Ice Beam|p2a: Rillaboom\n|-supereffective|p2a: Rillaboom\n|-damage|p2a: Rillaboom|45\/100\n|-damage|p1a: Ludicolo|91\/100|[from] item: Life Orb\n|move|p2b: Garganacl|Salt Cure|p1a: Ludicolo\n|-crit|p1a: Ludicolo\n|-damage|p1a: Ludicolo|56\/100\n|-start|p1a: Ludicolo|Salt Cure\n|\n|-weather|RainDance|[upkeep]\n|-heal|p1a: Ludicolo|62\/100|[from] Grassy Terrain\n|-heal|p2a: Rillaboom|51\/100|[from] Grassy Terrain\n|-damage|p1a: Ludicolo|37\/100|[from] Salt Cure\n|upkeep\n|turn|6\n|\n|t:|1699981085\n|move|p2a: Rillaboom|Grassy Glide|p1a: Ludicolo\n|-damage|p1a: Ludicolo|0 fnt\n|faint|p1a: Ludicolo\n|move|p1b: Thundurus|Wildbolt Storm|p2b: Garganacl|[spread] p2a,p2b\n|-resisted|p2a: Rillaboom\n|-damage|p2a: Rillaboom|37\/100\n|-damage|p2b: Garganacl|77\/100\n|move|p2b: Garganacl|Salt Cure|p1b: Thundurus\n|-supereffective|p1b: Thundurus\n|-damage|p1b: Thundurus|33\/100\n|\n|-weather|RainDance|[upkeep]\n|-heal|p2a: Rillaboom|43\/100|[from] Grassy Terrain\n|-heal|p2b: Garganacl|83\/100|[from] Grassy Terrain\n|upkeep\n|turn|7\n|\n|t:|1699981098\n|move|p2a: Rillaboom|Grassy Glide|p1b: Thundurus\n|-resisted|p1b: Thundurus\n|-damage|p1b: Thundurus|2\/100\n|move|p1b: Thundurus|Wildbolt Storm|p2b: Garganacl|[spread] p2a,p2b\n|-resisted|p2a: Rillaboom\n|-damage|p2a: Rillaboom|30\/100\n|-damage|p2b: Garganacl|59\/100\n|move|p2b: Garganacl|Salt Cure|p1b: Thundurus\n|-supereffective|p1b: Thundurus\n|-damage|p1b: Thundurus|0 fnt\n|faint|p1b: Thundurus\n|\n|win|Kzjrzhzk\n|raw|kelli i's rating: 1070 &rarr; <strong>1047<\/strong><br \/>(-23 for losing)\n|raw|Kzjrzhzk's rating: 1028 &rarr; <strong>1068<\/strong><br \/>(+40 for winning)\n|l|\u2606kelli i\n","uploadtime":1699981108,"views":9,"p1id":"kellii","p2id":"kzjrzhzk","formatid":"gen9vgc2023regulatione","rating":1047,"private":0,"password":""}