{"id":"gen9vgc2023regulatione-1993909676","p1":"cooletsdewl","p2":"TheBeast251","format":"[Gen 9] VGC 2023 Regulation E","log":"|j|\u2606cooletsdewl\n|j|\u2606TheBeast251\n|t:|1700373800\n|gametype|doubles\n|player|p1|cooletsdewl|clerkf|1476\n|player|p2|TheBeast251|flannery|1363\n|teamsize|p1|6\n|teamsize|p2|6\n|gen|9\n|tier|[Gen 9] VGC 2023 Regulation E\n|rated|\n|rule|Species Clause: Limit one of each Pok\u00e9mon\n|rule|Item Clause: Limit one of each item\n|clearpoke\n|poke|p1|Hatterene, L50, F|\n|poke|p1|Grimmsnarl, L50, M|\n|poke|p1|Iron Hands, L50|\n|poke|p1|Heatran, L50, M|\n|poke|p1|Farigiraf, L50, M|\n|poke|p1|Rillaboom, L50, M|\n|poke|p2|Articuno, L50|\n|poke|p2|Ninetales-Alola, L50, M|\n|poke|p2|Heatran, L50, M|\n|poke|p2|Gyarados, L50, F|\n|poke|p2|Iron Hands, L50|\n|poke|p2|Talonflame, L50, M|\n|teampreview|4\n|inactive|Battle timer is ON: inactive players will automatically lose when time's up. (requested by cooletsdewl)\n|inactive|TheBeast251 has 60 seconds left.\n|\n|t:|1700373832\n|start\n|switch|p1a: Heatran|Heatran, L50, M|100\/100\n|switch|p1b: Farigiraf|Farigiraf, L50, M|100\/100\n|switch|p2a: Ninetales|Ninetales-Alola, L50, M, shiny|100\/100\n|switch|p2b: Articuno|Articuno, L50|100\/100\n|-weather|Snow|[from] ability: Snow Warning|[of] p2a: Ninetales\n|turn|1\n|\n|t:|1700373848\n|move|p2a: Ninetales|Aurora Veil|p2a: Ninetales\n|-sidestart|p2: TheBeast251|move: Aurora Veil\n|move|p2b: Articuno|Blizzard|p1b: Farigiraf|[spread] p1a,p1b\n|-resisted|p1a: Heatran\n|-damage|p1a: Heatran|94\/100\n|-damage|p1b: Farigiraf|65\/100\n|move|p1a: Heatran|Heat Wave|p2a: Ninetales|[spread] p2b\n|-miss|p1a: Heatran|p2a: Ninetales\n|-supereffective|p2b: Articuno\n|-damage|p2b: Articuno|61\/100\n|move|p1b: Farigiraf|Trick Room|p1b: Farigiraf\n|-fieldstart|move: Trick Room|[of] p1b: Farigiraf\n|\n|-weather|Snow|[upkeep]\n|upkeep\n|turn|2\n|\n|t:|1700373864\n|move|p1b: Farigiraf|Hyper Voice|p2b: Articuno|[spread] p2a\n|-miss|p1b: Farigiraf|p2b: Articuno\n|-damage|p2a: Ninetales|78\/100\n|-enditem|p1b: Farigiraf|Throat Spray\n|-boost|p1b: Farigiraf|spa|1|[from] item: Throat Spray\n|move|p1a: Heatran|Heat Wave|p2a: Ninetales|[spread] p2a,p2b\n|-supereffective|p2a: Ninetales\n|-supereffective|p2b: Articuno\n|-damage|p2a: Ninetales|19\/100\n|-damage|p2b: Articuno|22\/100\n|move|p2b: Articuno|Blizzard|p1a: Heatran|[spread] p1a,p1b\n|-resisted|p1a: Heatran\n|-damage|p1a: Heatran|87\/100\n|-damage|p1b: Farigiraf|33\/100\n|move|p2a: Ninetales|Blizzard|p1a: Heatran|[spread] p1a,p1b\n|-resisted|p1a: Heatran\n|-damage|p1a: Heatran|82\/100\n|-damage|p1b: Farigiraf|4\/100\n|\n|-weather|Snow|[upkeep]\n|upkeep\n|turn|3\n|inactive|cooletsdewl has 30 seconds left.\n|inactive|cooletsdewl has 20 seconds left.\n|\n|t:|1700373901\n|move|p2a: Ninetales|Protect|p2a: Ninetales\n|-singleturn|p2a: Ninetales|Protect\n|move|p1b: Farigiraf|Hyper Voice|p2a: Ninetales|[spread] \n|-activate|p2a: Ninetales|move: Protect\n|-miss|p1b: Farigiraf|p2b: Articuno\n|move|p1a: Heatran|Heat Wave|p2a: Ninetales|[spread] p2b\n|-activate|p2a: Ninetales|move: Protect\n|-supereffective|p2b: Articuno\n|-damage|p2b: Articuno|0 fnt\n|faint|p2b: Articuno\n|\n|-weather|Snow|[upkeep]\n|upkeep\n|c|\u2606TheBeast251|95 accuracy but hits twic\n|c|\u2606TheBeast251|dumb as fuck\n|\n|t:|1700373923\n|switch|p2b: Talonflame|Talonflame, L50, M|100\/100\n|turn|4\n|\n|t:|1700373939\n|move|p2b: Talonflame|Protect|p2b: Talonflame\n|-singleturn|p2b: Talonflame|Protect\n|move|p1b: Farigiraf|Psychic|p2b: Talonflame\n|-activate|p2b: Talonflame|move: Protect\n|move|p1a: Heatran|Heat Wave|p2a: Ninetales|[spread] p2a\n|-activate|p2b: Talonflame|move: Protect\n|-supereffective|p2a: Ninetales\n|-damage|p2a: Ninetales|0 fnt\n|faint|p2a: Ninetales\n|\n|-weather|Snow|[upkeep]\n|upkeep\n|\n|t:|1700373947\n|switch|p2a: Gyarados|Gyarados, L50, F, shiny|100\/100\n|turn|5\n|\n|t:|1700373961\n|move|p2b: Talonflame|Tailwind|p2b: Talonflame\n|-sidestart|p2: TheBeast251|move: Tailwind\n|move|p1b: Farigiraf|Hyper Voice|p2b: Talonflame|[spread] p2a,p2b\n|-damage|p2a: Gyarados|66\/100\n|-damage|p2b: Talonflame|59\/100\n|move|p1a: Heatran|Heat Wave|p2a: Gyarados|[spread] p2a\n|-miss|p1a: Heatran|p2b: Talonflame\n|-resisted|p2a: Gyarados\n|-damage|p2a: Gyarados|53\/100\n|move|p2a: Gyarados|Earthquake|p1a: Heatran|[spread] p1a,p1b\n|-immune|p2b: Talonflame\n|-supereffective|p1a: Heatran\n|-crit|p1b: Farigiraf\n|-damage|p1a: Heatran|0 fnt\n|-damage|p1b: Farigiraf|0 fnt\n|faint|p1a: Heatran\n|faint|p1b: Farigiraf\n|-ability|p2a: Gyarados|Moxie|boost\n|-boost|p2a: Gyarados|atk|2\n|\n|-weather|none\n|-fieldend|move: Trick Room\n|upkeep\n|\n|t:|1700373973\n|switch|p1a: Iron Hands|Iron Hands, L50|100\/100\n|switch|p1b: Hatterene|Hatterene, L50, F|100\/100\n|turn|6\n|\n|t:|1700373982\n|-terastallize|p1a: Iron Hands|Fire\n|move|p2b: Talonflame|Protect|p2b: Talonflame\n|-singleturn|p2b: Talonflame|Protect\n|move|p2a: Gyarados|Protect|p2a: Gyarados\n|-singleturn|p2a: Gyarados|Protect\n|move|p1a: Iron Hands|Belly Drum|p1a: Iron Hands\n|-damage|p1a: Iron Hands|50\/100\n|-setboost|p1a: Iron Hands|atk|6|[from] move: Belly Drum\n|-enditem|p1a: Iron Hands|Sitrus Berry|[eat]\n|-heal|p1a: Iron Hands|75\/100|[from] item: Sitrus Berry\n|move|p1b: Hatterene|Trick Room|p1b: Hatterene\n|-fieldstart|move: Trick Room|[of] p1b: Hatterene\n|\n|upkeep\n|turn|7\n|c|\u2606TheBeast251|omfg\n|c|\u2606cooletsdewl|I am so sorry\n|c|\u2606cooletsdewl|lmao\n|c|\u2606cooletsdewl|not fakeout\n|inactive|cooletsdewl has 30 seconds left.\n|inactive|TheBeast251 has 30 seconds left.\n|c|\u2606TheBeast251|who wouldve thought\n|\n|t:|1700374014\n|move|p1b: Hatterene|Psychic|p2b: Talonflame\n|-damage|p2b: Talonflame|10\/100\n|move|p1a: Iron Hands|Drain Punch|p2a: Gyarados\n|-resisted|p2a: Gyarados\n|-damage|p2a: Gyarados|0 fnt\n|-heal|p1a: Iron Hands|93\/100|[from] drain|[of] p2a: Gyarados\n|faint|p2a: Gyarados\n|move|p2b: Talonflame|Brave Bird|p1a: Iron Hands\n|-damage|p1a: Iron Hands|72\/100\n|-damage|p2b: Talonflame|0 fnt|[from] Recoil\n|faint|p2b: Talonflame\n|\n|win|cooletsdewl\n|raw|cooletsdewl's rating: 1476 &rarr; <strong>1490<\/strong><br \/>(+14 for winning)\n|raw|TheBeast251's rating: 1363 &rarr; <strong>1349<\/strong><br \/>(-14 for losing)\n","uploadtime":1700373919,"views":8,"p1id":"cooletsdewl","p2id":"thebeast251","formatid":"gen9vgc2023regulatione","rating":1349,"private":0,"password":""}