{"id":"gen9vgc2023regulatione-1996120395","p1":"webguy1974","p2":"ivoryplat","format":"[Gen 9] VGC 2023 Regulation E","log":"|j|\u2606webguy1974\n|j|\u2606ivoryplat\n|t:|1700647236\n|gametype|doubles\n|player|p1|webguy1974|1|1112\n|player|p2|ivoryplat|1|1110\n|teamsize|p1|6\n|teamsize|p2|6\n|gen|9\n|tier|[Gen 9] VGC 2023 Regulation E\n|rated|\n|rule|Species Clause: Limit one of each Pok\u00e9mon\n|rule|Item Clause: Limit one of each item\n|clearpoke\n|poke|p1|Tornadus, L50, M|\n|poke|p1|Arcanine-Hisui, L50, M|\n|poke|p1|Iron Hands, L50|\n|poke|p1|Gholdengo, L50|\n|poke|p1|Urshifu-*, L50, M|\n|poke|p1|Ogerpon-Wellspring, L50, F|\n|poke|p2|Ogerpon-Wellspring, L50, F|\n|poke|p2|Arcanine-Hisui, L50, M|\n|poke|p2|Gholdengo, L50|\n|poke|p2|Roaring Moon, L50|\n|poke|p2|Zapdos, L50|\n|poke|p2|Enamorus, L50, F|\n|teampreview|4\n|inactive|Battle timer is ON: inactive players will automatically lose when time's up. (requested by webguy1974)\n|inactive|webguy1974 has 60 seconds left.\n|\n|t:|1700647285\n|start\n|switch|p1a: Tornadus|Tornadus, L50, M|100\/100\n|switch|p1b: Arcanine|Arcanine-Hisui, L50, M|100\/100\n|switch|p2a: Ogerpon|Ogerpon-Wellspring, L50, F|100\/100\n|switch|p2b: Roaring Moon|Roaring Moon, L50, shiny|100\/100\n|-ability|p1b: Arcanine|Intimidate|boost\n|-unboost|p2a: Ogerpon|atk|1\n|-unboost|p2b: Roaring Moon|atk|1\n|-enditem|p2b: Roaring Moon|Booster Energy\n|-activate|p2b: Roaring Moon|ability: Protosynthesis|[fromitem]\n|-start|p2b: Roaring Moon|protosynthesisspe\n|turn|1\n|\n|t:|1700647305\n|-terastallize|p1b: Arcanine|Fairy\n|move|p1a: Tornadus|Tailwind|p1a: Tornadus\n|-sidestart|p1: webguy1974|move: Tailwind\n|move|p2b: Roaring Moon|Knock Off|p1b: Arcanine\n|-resisted|p1b: Arcanine\n|-damage|p1b: Arcanine|81\/100\n|-enditem|p1b: Arcanine|Choice Band|[from] move: Knock Off|[of] p2b: Roaring Moon\n|move|p1b: Arcanine|Tera Blast|p2b: Roaring Moon|[anim] Tera Blast Fairy\n|-supereffective|p2b: Roaring Moon\n|-damage|p2b: Roaring Moon|0 fnt\n|faint|p2b: Roaring Moon\n|-end|p2b: Roaring Moon|Protosynthesis|[silent]\n|move|p2a: Ogerpon|Ivy Cudgel|p1b: Arcanine|[anim] Ivy Cudgel Water\n|-crit|p1b: Arcanine\n|-damage|p1b: Arcanine|0 fnt\n|faint|p1b: Arcanine\n|\n|upkeep\n|\n|t:|1700647326\n|switch|p2b: Zapdos|Zapdos, L50|100\/100\n|switch|p1b: Iron Hands|Iron Hands, L50|100\/100\n|turn|2\n|\n|t:|1700647343\n|move|p1a: Tornadus|Taunt|p2b: Zapdos\n|-start|p2b: Zapdos|move: Taunt\n|move|p2a: Ogerpon|Ivy Cudgel|p1a: Tornadus|[anim] Ivy Cudgel Water\n|-crit|p1a: Tornadus\n|-damage|p1a: Tornadus|18\/100\n|cant|p2b: Zapdos|move: Taunt|Tailwind\n|move|p1b: Iron Hands|Wild Charge|p2a: Ogerpon\n|-damage|p2a: Ogerpon|45\/100\n|-damage|p1b: Iron Hands|90\/100|[from] Recoil\n|\n|upkeep\n|turn|3\n|\n|t:|1700647367\n|move|p2a: Ogerpon|Spiky Shield|p2a: Ogerpon\n|-singleturn|p2a: Ogerpon|move: Protect\n|move|p1a: Tornadus|Rain Dance|p1a: Tornadus\n|-weather|RainDance\n|move|p2b: Zapdos|Thunderbolt|p1a: Tornadus\n|-supereffective|p1a: Tornadus\n|-damage|p1a: Tornadus|0 fnt\n|faint|p1a: Tornadus\n|move|p1b: Iron Hands|Wild Charge|p2a: Ogerpon\n|-activate|p2a: Ogerpon|move: Protect\n|-damage|p1b: Iron Hands|77\/100|[from] Spiky Shield|[of] p2a: Ogerpon\n|\n|-weather|RainDance|[upkeep]\n|upkeep\n|\n|t:|1700647380\n|switch|p1a: Urshifu|Urshifu-Rapid-Strike, L50, M|100\/100\n|turn|4\n|\n|t:|1700647397\n|move|p1a: Urshifu|Surging Strikes|p2b: Zapdos\n|-crit|p2b: Zapdos\n|-damage|p2b: Zapdos|65\/100\n|-damage|p1a: Urshifu|84\/100|[from] item: Rocky Helmet|[of] p2b: Zapdos\n|-status|p1a: Urshifu|par|[from] ability: Static|[of] p2b: Zapdos\n|-crit|p2b: Zapdos\n|-damage|p2b: Zapdos|31\/100\n|-damage|p1a: Urshifu|67\/100 par|[from] item: Rocky Helmet|[of] p2b: Zapdos\n|-crit|p2b: Zapdos\n|-damage|p2b: Zapdos|0 fnt\n|-damage|p1a: Urshifu|51\/100 par|[from] item: Rocky Helmet|[of] p2b: Zapdos\n|faint|p2b: Zapdos\n|-hitcount|p2: Zapdos|3\n|move|p2a: Ogerpon|Horn Leech|p1a: Urshifu\n|-supereffective|p1a: Urshifu\n|-damage|p1a: Urshifu|1\/100 par\n|-heal|p2a: Ogerpon|69\/100|[from] drain|[of] p1a: Urshifu\n|move|p1b: Iron Hands|Wild Charge|p2a: Ogerpon\n|-damage|p2a: Ogerpon|13\/100\n|-damage|p1b: Iron Hands|66\/100|[from] Recoil\n|\n|-weather|RainDance|[upkeep]\n|-sideend|p1: webguy1974|move: Tailwind\n|upkeep\n|\n|t:|1700647416\n|switch|p2b: Enamorus|Enamorus, L50, F|100\/100\n|turn|5\n|\n|t:|1700647441\n|move|p2a: Ogerpon|Spiky Shield|p2a: Ogerpon\n|-singleturn|p2a: Ogerpon|move: Protect\n|move|p2b: Enamorus|Superpower|p1a: Urshifu\n|-damage|p1a: Urshifu|0 fnt\n|-boost|p2b: Enamorus|atk|1\n|-boost|p2b: Enamorus|def|1\n|faint|p1a: Urshifu\n|-damage|p2b: Enamorus|91\/100|[from] item: Life Orb\n|move|p1b: Iron Hands|Wild Charge|p2a: Ogerpon\n|-activate|p2a: Ogerpon|move: Protect\n|-damage|p1b: Iron Hands|54\/100|[from] Spiky Shield|[of] p2a: Ogerpon\n|\n|-weather|RainDance|[upkeep]\n|upkeep\n|turn|6\n|-message|webguy1974 forfeited.\n|\n|win|ivoryplat\n|raw|webguy1974's rating: 1112 &rarr; <strong>1087<\/strong><br \/>(-25 for losing)\n|raw|ivoryplat's rating: 1110 &rarr; <strong>1135<\/strong><br \/>(+25 for winning)\n|l|\u2606webguy1974\n","uploadtime":1700647466,"views":14,"p1id":"webguy1974","p2id":"ivoryplat","formatid":"gen9vgc2023regulatione","rating":1087,"private":0,"password":""}