{"id":"gen9vgc2023regulatione-1996519289","p1":"infiRed","p2":"The_AG_Is_Real","format":"[Gen 9] VGC 2023 Regulation E","log":"|j|\u2606infiRed\n|j|\u2606The_AG_Is_Real\n|n|\u2606infiRed|infired\n|n|\u2606The_AG_Is_Real|theagisreal\n|html|View the match progress at <a href=\"\/game-bestof3-gen9vgc2023regulatione-1996514497\">game-bestof3-gen9vgc2023regulatione-1996514497<\/a>\n|t:|1700689992\n|gametype|doubles\n|player|p1|infiRed|steven|\n|player|p2|The_AG_Is_Real|candice|\n|teamsize|p1|6\n|teamsize|p2|6\n|gen|9\n|tier|[Gen 9] VGC 2023 Regulation E\n|rated|Tournament battle\n|rule|Species Clause: Limit one of each Pok\u00e9mon\n|rule|Item Clause: Limit one of each item\n|clearpoke\n|poke|p1|Dusclops, L50, F|\n|poke|p1|Kingambit, L50, M|\n|poke|p1|Dragalge, L50, F|\n|poke|p1|Cresselia, L50, F|\n|poke|p1|Rillaboom, L50, M|\n|poke|p1|Brute Bonnet, L50|\n|poke|p2|Grimmsnarl, L50, M|\n|poke|p2|Arcanine-Hisui, L50, M|\n|poke|p2|Sinistcha, L50|\n|poke|p2|Ursaluna-Bloodmoon, L50, M|\n|poke|p2|Moltres-Galar, L50|\n|poke|p2|Farigiraf, L50, M|\n|teampreview|4\n|showteam|p1|Dusclops||Eviolite|Pressure|WillOWisp,TrickRoom,PainSplit,NightShade|||F|||50|,,,,,Dark]Kingambit||BlackGlasses|Defiant|KowtowCleave,SuckerPunch,SwordsDance,Protect|||M|||50|,,,,,Dark]Dragalge||LifeOrb|Adaptability|SludgeBomb,DracoMeteor,Scald,Protect|||F|||50|,,,,,Water]Cresselia||MentalHerb|Levitate|TrickRoom,LunarBlessing,AllySwitch,Moonblast|||F|||50|,,,,,Fairy]Rillaboom||AssaultVest|GrassySurge|FakeOut,GrassyGlide,WoodHammer,HighHorsepower|||M|||50|,,,,,Dragon]Brute Bonnet||LoadedDice|Protosynthesis|BulletSeed,Spore,Crunch,Protect||||||50|,,,,,Poison\n|showteam|p2|Grimmsnarl||LightClay|Prankster|LightScreen,Reflect,ThunderWave,SpiritBreak|||M|||50|,,,,,Ghost]Arcanine-Hisui||AssaultVest|Intimidate|RockSlide,FlareBlitz,Snarl,ExtremeSpeed|||M|||50|,,,,,Fairy]Sinistcha||MiracleSeed|Hospitality|RagePowder,MatchaGotcha,StrengthSap,LifeDew||||||50|,,,,,Dragon]Ursaluna-Bloodmoon||Leftovers|MindsEye|CalmMind,EarthPower,HyperVoice,Protect|||M|||50|,,,,,Grass]Moltres-Galar||SitrusBerry|Berserk|NastyPlot,FieryWrath,AirSlash,Protect||||||50|,,,,,Poison]Farigiraf||RockyHelmet|ArmorTail|TrickRoom,HelpingHand,DazzlingGleam,Psychic|||M|||50|,,,,,Fairy\n|inactive|Battle timer is ON: inactive players will automatically lose when time's up. (requested by The_AG_Is_Real)\n|inactive|infiRed also wants the timer to be on.\n|j| 5wamp\n|j| 2cake\n|j| manyBirbs\n|inactive|The_AG_Is_Real has 60 seconds left.\n|j| ppyyy\n|inactive|The_AG_Is_Real has 30 seconds left.\n|inactive|The_AG_Is_Real has 20 seconds left.\n|inactive|The_AG_Is_Real has 15 seconds left.\n|inactive|The_AG_Is_Real has 10 seconds left.\n|inactive|The_AG_Is_Real has 5 seconds left.\n|\n|t:|1700690078\n|start\n|switch|p1a: Rillaboom|Rillaboom, L50, M|100\/100\n|switch|p1b: Brute Bonnet|Brute Bonnet, L50|100\/100\n|switch|p2a: Sweet Pea|Ursaluna-Bloodmoon, L50, M|100\/100\n|switch|p2b: The Lich|Grimmsnarl, L50, M|100\/100\n|-fieldstart|move: Grassy Terrain|[from] ability: Grassy Surge|[of] p1a: Rillaboom\n|turn|1\n|\n|t:|1700690100\n|move|p2a: Sweet Pea|Protect|p2a: Sweet Pea\n|-singleturn|p2a: Sweet Pea|Protect\n|move|p1a: Rillaboom|Fake Out|p2b: The Lich\n|-damage|p2b: The Lich|86\/100\n|cant|p2b: The Lich|flinch\n|move|p1b: Brute Bonnet|Bullet Seed|p2a: Sweet Pea\n|-activate|p2a: Sweet Pea|move: Protect\n|\n|-heal|p2b: The Lich|92\/100|[from] Grassy Terrain\n|upkeep\n|turn|2\n|j|%Radio Free C-Side\n|\n|t:|1700690108\n|-terastallize|p2a: Sweet Pea|Grass\n|move|p2b: The Lich|Reflect|p2b: The Lich\n|-sidestart|p2: The_AG_Is_Real|Reflect\n|move|p1a: Rillaboom|Wood Hammer|p2a: Sweet Pea\n|-resisted|p2a: Sweet Pea\n|-damage|p2a: Sweet Pea|81\/100\n|-damage|p1a: Rillaboom|94\/100|[from] Recoil\n|move|p1b: Brute Bonnet|Bullet Seed|p2a: Sweet Pea\n|-resisted|p2a: Sweet Pea\n|-damage|p2a: Sweet Pea|77\/100\n|-resisted|p2a: Sweet Pea\n|-damage|p2a: Sweet Pea|73\/100\n|-resisted|p2a: Sweet Pea\n|-damage|p2a: Sweet Pea|69\/100\n|-resisted|p2a: Sweet Pea\n|-damage|p2a: Sweet Pea|65\/100\n|-resisted|p2a: Sweet Pea\n|-damage|p2a: Sweet Pea|60\/100\n|-hitcount|p2a: Sweet Pea|5\n|move|p2a: Sweet Pea|Calm Mind|p2a: Sweet Pea\n|-boost|p2a: Sweet Pea|spa|1\n|-boost|p2a: Sweet Pea|spd|1\n|\n|-heal|p1a: Rillaboom|99\/100|[from] Grassy Terrain\n|-heal|p2b: The Lich|98\/100|[from] Grassy Terrain\n|-heal|p2a: Sweet Pea|67\/100|[from] Grassy Terrain\n|-heal|p2a: Sweet Pea|73\/100|[from] item: Leftovers\n|upkeep\n|turn|3\n|inactive|The_AG_Is_Real has 30 seconds left.\n|\n|t:|1700690137\n|switch|p2b: BMO|Sinistcha, L50|100\/100\n|-heal|p2a: Sweet Pea|98\/100|[from] ability: Hospitality|[of] p2b: BMO\n|move|p1a: Rillaboom|Wood Hammer|p2b: BMO\n|-resisted|p2b: BMO\n|-damage|p2b: BMO|71\/100\n|-damage|p1a: Rillaboom|91\/100|[from] Recoil\n|move|p1b: Brute Bonnet|Bullet Seed|p2b: BMO\n|-resisted|p2b: BMO\n|-damage|p2b: BMO|66\/100\n|-resisted|p2b: BMO\n|-damage|p2b: BMO|61\/100\n|-resisted|p2b: BMO\n|-damage|p2b: BMO|55\/100\n|-resisted|p2b: BMO\n|-damage|p2b: BMO|50\/100\n|-resisted|p2b: BMO\n|-damage|p2b: BMO|44\/100\n|-hitcount|p2b: BMO|5\n|move|p2a: Sweet Pea|Hyper Voice|p1b: Brute Bonnet|[spread] p1a,p1b\n|-damage|p1a: Rillaboom|48\/100\n|-damage|p1b: Brute Bonnet|59\/100\n|\n|-heal|p1a: Rillaboom|54\/100|[from] Grassy Terrain\n|-heal|p2b: BMO|50\/100|[from] Grassy Terrain\n|-heal|p1b: Brute Bonnet|65\/100|[from] Grassy Terrain\n|-heal|p2a: Sweet Pea|100\/100|[from] Grassy Terrain\n|upkeep\n|turn|4\n|inactive|The_AG_Is_Real has 30 seconds left.\n|inactive|The_AG_Is_Real has 20 seconds left.\n|inactive|The_AG_Is_Real has 15 seconds left.\n|\n|t:|1700690182\n|switch|p1a: Kingambit|Kingambit, L50, M|100\/100\n|move|p2b: BMO|Strength Sap|p2a: Sweet Pea\n|-unboost|p2a: Sweet Pea|atk|1\n|-heal|p2b: BMO|92\/100\n|move|p1b: Brute Bonnet|Crunch|p2b: BMO\n|-supereffective|p2b: BMO\n|-damage|p2b: BMO|42\/100\n|-unboost|p2b: BMO|def|1\n|move|p2a: Sweet Pea|Earth Power|p1a: Kingambit\n|-supereffective|p1a: Kingambit\n|-damage|p1a: Kingambit|0 fnt\n|faint|p1a: Kingambit\n|\n|-heal|p2b: BMO|48\/100|[from] Grassy Terrain\n|-heal|p1b: Brute Bonnet|71\/100|[from] Grassy Terrain\n|upkeep\n|\n|t:|1700690194\n|switch|p1a: Dragalge|Dragalge, L50, F|100\/100\n|turn|5\n|\n|t:|1700690218\n|switch|p2b: The Lich|Grimmsnarl, L50, M|98\/100\n|move|p2a: Sweet Pea|Protect|p2a: Sweet Pea\n|-singleturn|p2a: Sweet Pea|Protect\n|move|p1a: Dragalge|Protect|p1a: Dragalge\n|-singleturn|p1a: Dragalge|Protect\n|move|p1b: Brute Bonnet|Bullet Seed|p2b: The Lich\n|-damage|p2b: The Lich|87\/100\n|-damage|p2b: The Lich|76\/100\n|-damage|p2b: The Lich|65\/100\n|-damage|p2b: The Lich|53\/100\n|-hitcount|p2b: The Lich|4\n|\n|-heal|p2b: The Lich|59\/100|[from] Grassy Terrain\n|-heal|p1b: Brute Bonnet|77\/100|[from] Grassy Terrain\n|-fieldend|move: Grassy Terrain\n|upkeep\n|turn|6\n|j| suffyrin\n|inactive|The_AG_Is_Real has 30 seconds left.\n|\n|t:|1700690250\n|move|p2b: The Lich|Light Screen|p2b: The Lich\n|-sidestart|p2: The_AG_Is_Real|move: Light Screen\n|move|p1b: Brute Bonnet|Spore|p2b: The Lich\n|-status|p2b: The Lich|slp|[from] move: Spore\n|move|p2a: Sweet Pea|Hyper Voice|p1a: Dragalge|[spread] p1a,p1b\n|-damage|p1a: Dragalge|57\/100\n|-damage|p1b: Brute Bonnet|39\/100\n|move|p1a: Dragalge|Sludge Bomb|p2a: Sweet Pea\n|-supereffective|p2a: Sweet Pea\n|-damage|p2a: Sweet Pea|38\/100\n|-damage|p1a: Dragalge|47\/100|[from] item: Life Orb\n|\n|-heal|p2a: Sweet Pea|44\/100|[from] item: Leftovers\n|upkeep\n|turn|7\n|inactive|infiRed has 30 seconds left.\n|inactive|The_AG_Is_Real has 30 seconds left.\n|\n|t:|1700690279\n|switch|p2b: BMO|Sinistcha, L50|48\/100\n|-heal|p2a: Sweet Pea|69\/100|[from] ability: Hospitality|[of] p2b: BMO\n|move|p2a: Sweet Pea|Protect|p2a: Sweet Pea\n|-singleturn|p2a: Sweet Pea|Protect\n|move|p1b: Brute Bonnet|Crunch|p2a: Sweet Pea\n|-activate|p2a: Sweet Pea|move: Protect\n|move|p1a: Dragalge|Sludge Bomb|p2a: Sweet Pea\n|-activate|p2a: Sweet Pea|move: Protect\n|\n|-heal|p2a: Sweet Pea|75\/100|[from] item: Leftovers\n|upkeep\n|turn|8\n|\n|t:|1700690292\n|switch|p2b: The Lich|Grimmsnarl, L50, M|59\/100 slp\n|move|p1a: Dragalge|Protect|p1a: Dragalge\n|-singleturn|p1a: Dragalge|Protect\n|move|p1b: Brute Bonnet|Crunch|p2b: The Lich\n|-resisted|p2b: The Lich\n|-damage|p2b: The Lich|52\/100 slp\n|-unboost|p2b: The Lich|def|1\n|move|p2a: Sweet Pea|Earth Power|p1a: Dragalge\n|-activate|p1a: Dragalge|move: Protect\n|\n|-heal|p2a: Sweet Pea|82\/100|[from] item: Leftovers\n|upkeep\n|turn|9\n|\n|t:|1700690315\n|cant|p2b: The Lich|slp\n|move|p1b: Brute Bonnet|Crunch|p2b: The Lich\n|-resisted|p2b: The Lich\n|-damage|p2b: The Lich|42\/100 slp\n|move|p2a: Sweet Pea|Earth Power|p1a: Dragalge\n|-supereffective|p1a: Dragalge\n|-damage|p1a: Dragalge|0 fnt\n|faint|p1a: Dragalge\n|\n|-heal|p2a: Sweet Pea|88\/100|[from] item: Leftovers\n|-sideend|p2: The_AG_Is_Real|Reflect\n|upkeep\n|\n|t:|1700690318\n|switch|p1a: Rillaboom|Rillaboom, L50, M|54\/100\n|-fieldstart|move: Grassy Terrain|[from] ability: Grassy Surge|[of] p1a: Rillaboom\n|turn|10\n|\n|t:|1700690339\n|move|p2a: Sweet Pea|Protect|p2a: Sweet Pea\n|-singleturn|p2a: Sweet Pea|Protect\n|cant|p2b: The Lich|slp\n|move|p1a: Rillaboom|Wood Hammer|p2b: The Lich\n|-damage|p2b: The Lich|0 fnt\n|faint|p2b: The Lich\n|-damage|p1a: Rillaboom|40\/100|[from] Recoil\n|move|p1b: Brute Bonnet|Crunch|p2a: Sweet Pea\n|-activate|p2a: Sweet Pea|move: Protect\n|\n|-heal|p1a: Rillaboom|46\/100|[from] Grassy Terrain\n|-heal|p1b: Brute Bonnet|45\/100|[from] Grassy Terrain\n|-heal|p2a: Sweet Pea|94\/100|[from] Grassy Terrain\n|-heal|p2a: Sweet Pea|99\/100|[from] item: Leftovers\n|upkeep\n|\n|t:|1700690344\n|switch|p2b: Jake The Dog|Arcanine-Hisui, L50, M, shiny|100\/100\n|-ability|p2b: Jake The Dog|Intimidate|boost\n|-unboost|p1a: Rillaboom|atk|1\n|-unboost|p1b: Brute Bonnet|atk|1\n|turn|11\n|\n|t:|1700690351\n|-terastallize|p1a: Rillaboom|Dragon\n|move|p1b: Brute Bonnet|Protect|p1b: Brute Bonnet\n|-singleturn|p1b: Brute Bonnet|Protect\n|move|p2b: Jake The Dog|Rock Slide|p1a: Rillaboom|[spread] p1a\n|-activate|p1b: Brute Bonnet|move: Protect\n|-damage|p1a: Rillaboom|20\/100\n|move|p1a: Rillaboom|High Horsepower|p2b: Jake The Dog\n|-supereffective|p2b: Jake The Dog\n|-damage|p2b: Jake The Dog|0 fnt\n|faint|p2b: Jake The Dog\n|move|p2a: Sweet Pea|Hyper Voice|p1b: Brute Bonnet|[spread] p1a\n|-activate|p1b: Brute Bonnet|move: Protect\n|-damage|p1a: Rillaboom|0 fnt\n|faint|p1a: Rillaboom\n|\n|-heal|p1b: Brute Bonnet|51\/100|[from] Grassy Terrain\n|-heal|p2a: Sweet Pea|100\/100|[from] Grassy Terrain\n|upkeep\n|\n|t:|1700690357\n|switch|p2b: BMO|Sinistcha, L50|48\/100\n|turn|12\n|\n|t:|1700690365\n|move|p2b: BMO|Strength Sap|p1b: Brute Bonnet\n|-unboost|p1b: Brute Bonnet|atk|1\n|-heal|p2b: BMO|100\/100\n|move|p1b: Brute Bonnet|Crunch|p2b: BMO\n|-supereffective|p2b: BMO\n|-damage|p2b: BMO|56\/100\n|move|p2a: Sweet Pea|Hyper Voice|p1b: Brute Bonnet\n|-damage|p1b: Brute Bonnet|0 fnt\n|faint|p1b: Brute Bonnet\n|-end|p1b: Brute Bonnet|Protosynthesis|[silent]\n|\n|win|The_AG_Is_Real\n|c|&|\/uhtml prompt-theagisreal,The_AG_Is_Real is ready for game 3!\n|j| vight\n|c|&|\/uhtml prompt-infired,infiRed is ready for game 3!\nBoth players are ready! Starting next match!\n","uploadtime":1700690377,"views":22,"p1id":"infired","p2id":"theagisreal","formatid":"gen9vgc2023regulatione","rating":0,"private":0,"password":""}