{"id":"gen9vgc2023regulatione-1997549089","p1":"leoroop","p2":"MaChmp","format":"[Gen 9] VGC 2023 Regulation E","log":"|j|\u2606leoroop\n|j|\u2606MaChmp\n|t:|1700823858\n|gametype|doubles\n|player|p1|leoroop|backpacker|1377\n|player|p2|MaChmp|102|1269\n|teamsize|p1|6\n|teamsize|p2|6\n|gen|9\n|tier|[Gen 9] VGC 2023 Regulation E\n|rated|\n|rule|Species Clause: Limit one of each Pok\u00e9mon\n|rule|Item Clause: Limit one of each item\n|clearpoke\n|poke|p1|Armarouge, L50, F|\n|poke|p1|Indeedee-F, L50, F|\n|poke|p1|Tyranitar, L50, M|\n|poke|p1|Iron Hands, L50|\n|poke|p1|Sinistcha, L50|\n|poke|p1|Flutter Mane, L50|\n|poke|p2|Moltres-Galar, L50|\n|poke|p2|Sinistcha-Masterpiece, L50|\n|poke|p2|Landorus-Therian, L50, M|\n|poke|p2|Iron Hands, L50|\n|poke|p2|Heatran, L50, F|\n|poke|p2|Milotic, L50, F|\n|teampreview|4\nleoroop has agreed to open team sheets.\n|\n|t:|1700823908\n|start\n|switch|p1a: Flutter Mane|Flutter Mane, L50|100\/100\n|switch|p1b: Iron Hands|Iron Hands, L50|100\/100\n|switch|p2a: Iron Hands|Iron Hands, L50|100\/100\n|switch|p2b: Moltres|Moltres-Galar, L50|100\/100\n|turn|1\n|\n|t:|1700823926\n|-end|p1b: Iron Hands|Quark Drive|[silent]\n|switch|p1b: Indeedee|Indeedee-F, L50, F|100\/100\n|-fieldstart|move: Psychic Terrain|[from] ability: Psychic Surge|[of] p1b: Indeedee\n|-terastallize|p1a: Flutter Mane|Fairy\n|-terastallize|p2b: Moltres|Poison\n|move|p1a: Flutter Mane|Moonblast|p2b: Moltres\n|-resisted|p2b: Moltres\n|-damage|p2b: Moltres|66\/100\n|move|p2b: Moltres|Nasty Plot|p2b: Moltres\n|-boost|p2b: Moltres|spa|2\n|move|p2a: Iron Hands|Heavy Slam|p1a: Flutter Mane\n|-supereffective|p1a: Flutter Mane\n|-damage|p1a: Flutter Mane|0 fnt\n|faint|p1a: Flutter Mane\n|-end|p1a: Flutter Mane|Protosynthesis|[silent]\n|\n|upkeep\n|\n|t:|1700823942\n|switch|p1a: Armarouge|Armarouge, L50, F|100\/100\n|turn|2\n|\n|t:|1700823968\n|-end|p2a: Iron Hands|Quark Drive|[silent]\n|switch|p2a: Heatran|Heatran, L50, F|100\/100\n|move|p1a: Armarouge|Protect|p1a: Armarouge\n|-singleturn|p1a: Armarouge|Protect\n|move|p2b: Moltres|Fiery Wrath|p1b: Indeedee|[spread] p1b\n|-activate|p1a: Armarouge|move: Protect\n|-supereffective|p1b: Indeedee\n|-enditem|p1b: Indeedee|Focus Sash\n|-damage|p1b: Indeedee|1\/100\n|move|p1b: Indeedee|Trick Room|p1b: Indeedee\n|-fieldstart|move: Trick Room|[of] p1b: Indeedee\n|\n|upkeep\n|turn|3\n|\n|t:|1700823986\n|move|p1b: Indeedee|Follow Me|p1b: Indeedee\n|-singleturn|p1b: Indeedee|move: Follow Me\n|move|p1a: Armarouge|Expanding Force|p2a: Heatran|[spread] p2a,p2b\n|-resisted|p2a: Heatran\n|-supereffective|p2b: Moltres\n|-damage|p2a: Heatran|68\/100\n|-damage|p2b: Moltres|0 fnt\n|faint|p2b: Moltres\n|-damage|p1a: Armarouge|91\/100|[from] item: Life Orb\n|move|p2a: Heatran|Earth Power|p1b: Indeedee\n|-damage|p1b: Indeedee|0 fnt\n|faint|p1b: Indeedee\n|\n|-heal|p2a: Heatran|74\/100|[from] item: Leftovers\n|upkeep\n|\n|t:|1700823999\n|switch|p1b: Iron Hands|Iron Hands, L50|100\/100\n|switch|p2b: Iron Hands|Iron Hands, L50|100\/100\n|turn|4\n|\n|t:|1700824012\n|move|p1a: Armarouge|Protect|p1a: Armarouge\n|-singleturn|p1a: Armarouge|Protect\n|move|p2b: Iron Hands|Fake Out|p1a: Armarouge\n|-activate|p1a: Armarouge|move: Psychic Terrain\n|move|p1b: Iron Hands|Drain Punch|p2a: Heatran\n|-supereffective|p2a: Heatran\n|-damage|p2a: Heatran|8\/100\n|move|p2a: Heatran|Earth Power|p1a: Armarouge\n|-activate|p1a: Armarouge|move: Protect\n|\n|-heal|p2a: Heatran|14\/100|[from] item: Leftovers\n|upkeep\n|turn|5\n|\n|t:|1700824025\n|move|p2b: Iron Hands|Wild Charge|p1a: Armarouge\n|-damage|p1a: Armarouge|43\/100\n|-damage|p2b: Iron Hands|91\/100|[from] Recoil\n|move|p1b: Iron Hands|Drain Punch|p2a: Heatran\n|-supereffective|p2a: Heatran\n|-damage|p2a: Heatran|0 fnt\n|faint|p2a: Heatran\n|move|p1a: Armarouge|Expanding Force|p2b: Iron Hands\n|-supereffective|p2b: Iron Hands\n|-damage|p2b: Iron Hands|0 fnt\n|faint|p2b: Iron Hands\n|-end|p2b: Iron Hands|Quark Drive|[silent]\n|-damage|p1a: Armarouge|34\/100|[from] item: Life Orb\n|\n|-fieldend|move: Psychic Terrain\n|upkeep\n|\n|t:|1700824036\n|switch|p2b: Landorus|Landorus-Therian, L50, M|100\/100\n|-ability|p2b: Landorus|Intimidate|boost\n|-unboost|p1a: Armarouge|atk|1\n|-unboost|p1b: Iron Hands|atk|1\n|turn|6\n|\n|t:|1700824047\n|move|p1b: Iron Hands|Heavy Slam|p2b: Landorus\n|-damage|p2b: Landorus|70\/100\n|move|p1a: Armarouge|Armor Cannon|p2b: Landorus\n|-damage|p2b: Landorus|0 fnt\n|-unboost|p1a: Armarouge|def|1\n|-unboost|p1a: Armarouge|spd|1\n|faint|p2b: Landorus\n|-damage|p1a: Armarouge|24\/100|[from] item: Life Orb\n|\n|win|leoroop\n|raw|leoroop's rating: 1377 &rarr; <strong>1391<\/strong><br \/>(+14 for winning)\n|raw|MaChmp's rating: 1269 &rarr; <strong>1252<\/strong><br \/>(-17 for losing)\n|l|\u2606MaChmp\n","uploadtime":1700824059,"views":16,"p1id":"leoroop","p2id":"machmp","formatid":"gen9vgc2023regulatione","rating":1252,"private":0,"password":""}