{"id":"gen9vgc2023regulatione-1989812465","p1":"pkmnhh","p2":"oRinNeGa7V1","format":"[Gen 9] VGC 2023 Regulation E","log":"|j|\u2606pkmnhh\n|j|\u2606oRinNeGa7V1\n|t:|1699897809\n|gametype|doubles\n|player|p1|pkmnhh|266|1278\n|player|p2|oRinNeGa7V1|miriam|1294\n|teamsize|p1|6\n|teamsize|p2|6\n|gen|9\n|tier|[Gen 9] VGC 2023 Regulation E\n|rated|\n|rule|Species Clause: Limit one of each Pok\u00e9mon\n|rule|Item Clause: Limit one of each item\n|clearpoke\n|poke|p1|Rillaboom, L50, M|\n|poke|p1|Iron Hands, L50|\n|poke|p1|Clefairy, L50, M|\n|poke|p1|Pelipper, L50, M|\n|poke|p1|Gholdengo, L50|\n|poke|p1|Zapdos, L50|\n|poke|p2|Tornadus, L50, M|\n|poke|p2|Arcanine-Hisui, L50, F|\n|poke|p2|Iron Hands, L50|\n|poke|p2|Gholdengo, L50|\n|poke|p2|Urshifu-*, L50, M|\n|poke|p2|Ogerpon-Wellspring, L50, F|\n|teampreview|4\n|inactive|Battle timer is ON: inactive players will automatically lose when time's up. (requested by pkmnhh)\n|\n|t:|1699897836\n|start\n|switch|p1a: Gholdengo|Gholdengo, L50|100\/100\n|switch|p1b: Clefairy|Clefairy, L50, M|100\/100\n|switch|p2a: Tornadus|Tornadus, L50, M|100\/100\n|switch|p2b: Gholdengo|Gholdengo, L50|100\/100\n|turn|1\n|\n|t:|1699897851\n|switch|p2b: Iron Hands|Iron Hands, L50|100\/100\n|-terastallize|p1a: Gholdengo|Dragon\n|move|p1b: Clefairy|Protect|p1b: Clefairy\n|-singleturn|p1b: Clefairy|Protect\n|move|p2a: Tornadus|Taunt|p1b: Clefairy\n|-activate|p1b: Clefairy|move: Protect\n|move|p1a: Gholdengo|Nasty Plot|p1a: Gholdengo\n|-boost|p1a: Gholdengo|spa|2\n|\n|upkeep\n|turn|2\n|\n|t:|1699897865\n|switch|p1b: Pelipper|Pelipper, L50, M|100\/100\n|-weather|RainDance|[from] ability: Drizzle|[of] p1b: Pelipper\n|move|p1a: Gholdengo|Protect|p1a: Gholdengo\n|-singleturn|p1a: Gholdengo|Protect\n|move|p2b: Iron Hands|Fake Out|p1a: Gholdengo\n|-activate|p1a: Gholdengo|move: Protect\n|move|p2a: Tornadus|Taunt|p1b: Pelipper\n|-start|p1b: Pelipper|move: Taunt\n|\n|-weather|RainDance|[upkeep]\n|upkeep\n|turn|3\n|\n|t:|1699897882\n|move|p2a: Tornadus|Bleakwind Storm|p1a: Gholdengo|[spread] p1a,p1b\n|-damage|p1a: Gholdengo|69\/100\n|-damage|p1b: Pelipper|49\/100\n|-unboost|p1b: Pelipper|spe|1\n|move|p1a: Gholdengo|Shadow Ball|p2a: Tornadus\n|-damage|p2a: Tornadus|26\/100\n|move|p1b: Pelipper|Hurricane|p2b: Iron Hands\n|-damage|p2b: Iron Hands|78\/100\n|move|p2b: Iron Hands|Wild Charge|p1a: Gholdengo\n|-resisted|p1a: Gholdengo\n|-damage|p1a: Gholdengo|46\/100\n|-damage|p2b: Iron Hands|74\/100|[from] Recoil\n|\n|-weather|RainDance|[upkeep]\n|-heal|p1a: Gholdengo|52\/100|[from] item: Leftovers\n|upkeep\n|turn|4\n|\n|t:|1699897900\n|move|p2a: Tornadus|Tailwind|p2a: Tornadus\n|-sidestart|p2: oRinNeGa7V1|move: Tailwind\n|move|p2b: Iron Hands|Wild Charge|p1b: Pelipper\n|-supereffective|p1b: Pelipper\n|-damage|p1b: Pelipper|0 fnt\n|faint|p1b: Pelipper\n|-damage|p2b: Iron Hands|67\/100|[from] Recoil\n|move|p1a: Gholdengo|Nasty Plot|p1a: Gholdengo\n|-boost|p1a: Gholdengo|spa|2\n|\n|-weather|RainDance|[upkeep]\n|-heal|p1a: Gholdengo|59\/100|[from] item: Leftovers\n|upkeep\n|\n|t:|1699897910\n|switch|p1b: Rillaboom|Rillaboom, L50, M|100\/100\n|-fieldstart|move: Grassy Terrain|[from] ability: Grassy Surge|[of] p1b: Rillaboom\n|-enditem|p1b: Rillaboom|Grassy Seed\n|-boost|p1b: Rillaboom|def|1|[from] item: Grassy Seed\n|turn|5\n|\n|t:|1699897924\n|move|p2a: Tornadus|Bleakwind Storm|p1a: Gholdengo|[spread] p1a,p1b\n|-supereffective|p1b: Rillaboom\n|-damage|p1a: Gholdengo|28\/100\n|-damage|p1b: Rillaboom|41\/100\n|move|p2b: Iron Hands|Wild Charge|p1a: Gholdengo\n|-resisted|p1a: Gholdengo\n|-crit|p1a: Gholdengo\n|-damage|p1a: Gholdengo|0 fnt\n|faint|p1a: Gholdengo\n|-damage|p2b: Iron Hands|61\/100|[from] Recoil\n|move|p1b: Rillaboom|Swords Dance|p1b: Rillaboom\n|-boost|p1b: Rillaboom|atk|2\n|\n|-weather|RainDance|[upkeep]\n|-heal|p2b: Iron Hands|67\/100|[from] Grassy Terrain\n|-heal|p1b: Rillaboom|47\/100|[from] Grassy Terrain\n|upkeep\n|\n|t:|1699897930\n|switch|p1a: Clefairy|Clefairy, L50, M|100\/100\n|turn|6\n|\n|t:|1699897938\n|-end|p2b: Iron Hands|Quark Drive|[silent]\n|switch|p2b: Arcanine|Arcanine-Hisui, L50, F|100\/100\n|-ability|p2b: Arcanine|Intimidate|boost\n|-unboost|p1a: Clefairy|atk|1\n|-unboost|p1b: Rillaboom|atk|1\n|move|p1a: Clefairy|Protect|p1a: Clefairy\n|-singleturn|p1a: Clefairy|Protect\n|move|p2a: Tornadus|Taunt|p1a: Clefairy\n|-activate|p1a: Clefairy|move: Protect\n|move|p1b: Rillaboom|Grassy Glide|p2a: Tornadus\n|-resisted|p2a: Tornadus\n|-damage|p2a: Tornadus|0 fnt\n|faint|p2a: Tornadus\n|\n|-weather|none\n|-heal|p1b: Rillaboom|53\/100|[from] Grassy Terrain\n|upkeep\n|\n|t:|1699897947\n|switch|p2a: Iron Hands|Iron Hands, L50|67\/100\n|turn|7\n|\n|t:|1699897962\n|move|p1a: Clefairy|Follow Me|p1a: Clefairy\n|-singleturn|p1a: Clefairy|move: Follow Me\n|move|p2b: Arcanine|Flare Blitz|p1a: Clefairy\n|-damage|p1a: Clefairy|30\/100\n|-damage|p2b: Arcanine|78\/100|[from] Recoil\n|move|p2a: Iron Hands|Heavy Slam|p1a: Clefairy\n|-supereffective|p1a: Clefairy\n|-crit|p1a: Clefairy\n|-damage|p1a: Clefairy|0 fnt\n|faint|p1a: Clefairy\n|move|p1b: Rillaboom|High Horsepower|p2b: Arcanine\n|-supereffective|p2b: Arcanine\n|-damage|p2b: Arcanine|0 fnt\n|faint|p2b: Arcanine\n|\n|-heal|p2a: Iron Hands|74\/100|[from] Grassy Terrain\n|-heal|p1b: Rillaboom|59\/100|[from] Grassy Terrain\n|-sideend|p2: oRinNeGa7V1|move: Tailwind\n|upkeep\n|\n|t:|1699897969\n|switch|p2b: Gholdengo|Gholdengo, L50|100\/100\n|turn|8\n|\n|t:|1699897981\n|-terastallize|p2a: Iron Hands|Grass\n|move|p1b: Rillaboom|High Horsepower|p2a: Iron Hands\n|-resisted|p2a: Iron Hands\n|-damage|p2a: Iron Hands|59\/100\n|move|p2b: Gholdengo|Shadow Ball|p1b: Rillaboom\n|-damage|p1b: Rillaboom|22\/100\n|move|p2a: Iron Hands|Drain Punch|p1b: Rillaboom\n|-damage|p1b: Rillaboom|0 fnt\n|-heal|p2a: Iron Hands|68\/100|[from] drain|[of] p1b: Rillaboom\n|faint|p1b: Rillaboom\n|\n|win|oRinNeGa7V1\n|raw|pkmnhh's rating: 1278 &rarr; <strong>1254<\/strong><br \/>(-24 for losing)\n|raw|oRinNeGa7V1's rating: 1294 &rarr; <strong>1318<\/strong><br \/>(+24 for winning)\n|l|\u2606pkmnhh\n","uploadtime":1699897992,"views":7,"p1id":"pkmnhh","p2id":"orinnega7v1","formatid":"gen9vgc2023regulatione","rating":1254,"private":0,"password":""}