{"id":"gen9vgc2023regulatione-1998635754","p1":"Kzjrhzk","p2":"Ashish9","format":"[Gen 9] VGC 2023 Regulation E","log":"|j|\u2606Kzjrhzk\n|j|\u2606Ashish9\n|t:|1700965801\n|gametype|doubles\n|player|p1|Kzjrhzk|lance|1326\n|player|p2|Ashish9|1|1421\n|teamsize|p1|6\n|teamsize|p2|6\n|gen|9\n|tier|[Gen 9] VGC 2023 Regulation E\n|rated|\n|rule|Species Clause: Limit one of each Pok\u00e9mon\n|rule|Item Clause: Limit one of each item\n|clearpoke\n|poke|p1|Flutter Mane, L50|\n|poke|p1|Tornadus, L50, M|\n|poke|p1|Rillaboom, L50, M|\n|poke|p1|Garganacl, L50, F|\n|poke|p1|Arcanine-Hisui, L50, F|\n|poke|p1|Chien-Pao, L50|\n|poke|p2|Indeedee-F, L50, F|\n|poke|p2|Armarouge, L50, F|\n|poke|p2|Lilligant-Hisui, L50, F|\n|poke|p2|Torkoal, L50, F|\n|poke|p2|Ursaluna, L50, F|\n|poke|p2|Iron Hands, L50|\n|teampreview|4\n|inactive|Battle timer is ON: inactive players will automatically lose when time's up. (requested by Ashish9)\n|\n|t:|1700965813\n|start\n|switch|p1a: Tornadus|Tornadus, L50, M|100\/100\n|switch|p1b: Arcanine|Arcanine-Hisui, L50, F|100\/100\n|switch|p2a: Indeedee|Indeedee-F, L50, F|100\/100\n|switch|p2b: Armarouge|Armarouge, L50, F|100\/100\n|-ability|p1b: Arcanine|Intimidate|boost\n|-unboost|p2a: Indeedee|atk|1\n|-unboost|p2b: Armarouge|atk|1\n|-fieldstart|move: Psychic Terrain|[from] ability: Psychic Surge|[of] p2a: Indeedee\n|-enditem|p2a: Indeedee|Psychic Seed\n|-boost|p2a: Indeedee|spd|1|[from] item: Psychic Seed\n|turn|1\n|\n|t:|1700965825\n|move|p2a: Indeedee|Follow Me|p2a: Indeedee\n|-singleturn|p2a: Indeedee|move: Follow Me\n|move|p1b: Arcanine|Rock Slide|p2b: Armarouge|[spread] p2a,p2b\n|-supereffective|p2b: Armarouge\n|-damage|p2a: Indeedee|62\/100\n|-damage|p2b: Armarouge|31\/100\n|move|p1a: Tornadus|Bleakwind Storm|p2b: Armarouge|[spread] p2a,p2b\n|-damage|p2a: Indeedee|41\/100\n|-damage|p2b: Armarouge|0 fnt\n|faint|p2b: Armarouge\n|\n|upkeep\n|\n|t:|1700965837\n|switch|p2b: Ursaluna|Ursaluna, L50, F|100\/100\n|turn|2\n|\n|t:|1700965852\n|switch|p1b: Rillaboom|Rillaboom, L50, M|100\/100\n|-fieldstart|move: Grassy Terrain|[from] ability: Grassy Surge|[of] p1b: Rillaboom\n|move|p2b: Ursaluna|Protect|p2b: Ursaluna\n|-singleturn|p2b: Ursaluna|Protect\n|move|p1a: Tornadus|Bleakwind Storm|p2a: Indeedee|[spread] p2a\n|-activate|p2b: Ursaluna|move: Protect\n|-damage|p2a: Indeedee|20\/100\n|move|p2a: Indeedee|Trick Room|p2a: Indeedee\n|-fieldstart|move: Trick Room|[of] p2a: Indeedee\n|\n|-heal|p2a: Indeedee|26\/100|[from] Grassy Terrain\n|-status|p2b: Ursaluna|brn|[from] item: Flame Orb\n|upkeep\n|turn|3\n|inactive|Ashish9 has 30 seconds left.\n|\n|t:|1700965883\n|switch|p1b: Arcanine|Arcanine-Hisui, L50, F|100\/100\n|-ability|p1b: Arcanine|Intimidate|boost\n|-unboost|p2a: Indeedee|atk|1\n|-unboost|p2b: Ursaluna|atk|1\n|move|p2b: Ursaluna|Facade|p1b: Arcanine\n|-resisted|p1b: Arcanine\n|-damage|p1b: Arcanine|46\/100\n|move|p2a: Indeedee|Dazzling Gleam|p1b: Arcanine|[spread] p1a,p1b\n|-resisted|p1b: Arcanine\n|-damage|p1a: Tornadus|90\/100\n|-damage|p1b: Arcanine|38\/100\n|move|p1a: Tornadus|Bleakwind Storm|p2a: Indeedee|[spread] p2a,p2b\n|-damage|p2a: Indeedee|8\/100\n|-damage|p2b: Ursaluna|72\/100 brn\n|-unboost|p2b: Ursaluna|spe|1\n|\n|-heal|p2b: Ursaluna|78\/100 brn|[from] Grassy Terrain\n|-heal|p2a: Indeedee|14\/100|[from] Grassy Terrain\n|-heal|p1b: Arcanine|44\/100|[from] Grassy Terrain\n|-damage|p2b: Ursaluna|72\/100 brn|[from] brn\n|upkeep\n|turn|4\n|inactive|Ashish9 has 30 seconds left.\n|\n|t:|1700965916\n|switch|p1b: Rillaboom|Rillaboom, L50, M|100\/100\n|move|p1a: Tornadus|Taunt|p2a: Indeedee\n|-start|p2a: Indeedee|move: Taunt\n|move|p2b: Ursaluna|Facade|p1b: Rillaboom\n|-damage|p1b: Rillaboom|17\/100\n|move|p2a: Indeedee|Dazzling Gleam|p1a: Tornadus|[spread] p1a,p1b\n|-damage|p1a: Tornadus|80\/100\n|-damage|p1b: Rillaboom|8\/100\n|\n|-heal|p2b: Ursaluna|78\/100 brn|[from] Grassy Terrain\n|-heal|p2a: Indeedee|20\/100|[from] Grassy Terrain\n|-heal|p1b: Rillaboom|14\/100|[from] Grassy Terrain\n|-damage|p2b: Ursaluna|72\/100 brn|[from] brn\n|upkeep\n|turn|5\n|inactive|Kzjrhzk has 30 seconds left.\n|\n|t:|1700965943\n|switch|p2b: Torkoal|Torkoal, L50, F|100\/100\n|-weather|SunnyDay|[from] ability: Drought|[of] p2b: Torkoal\n|switch|p1b: Garganacl|Garganacl, L50, F|100\/100\n|move|p2a: Indeedee|Dazzling Gleam|p1b: Garganacl|[spread] p1a,p1b\n|-crit|p1b: Garganacl\n|-damage|p1a: Tornadus|68\/100\n|-damage|p1b: Garganacl|87\/100\n|move|p1a: Tornadus|Bleakwind Storm|p2b: Torkoal|[spread] p2a\n|-miss|p1a: Tornadus|p2b: Torkoal\n|-damage|p2a: Indeedee|0 fnt\n|faint|p2a: Indeedee\n|\n|-weather|SunnyDay|[upkeep]\n|-heal|p1b: Garganacl|93\/100|[from] Grassy Terrain\n|upkeep\n|\n|t:|1700965958\n|switch|p2a: Ursaluna|Ursaluna, L50, F|72\/100 brn\n|turn|6\n|\n|t:|1700965972\n|move|p1b: Garganacl|Protect|p1b: Garganacl\n|-singleturn|p1b: Garganacl|Protect\n|move|p1a: Tornadus|Taunt|p2a: Ursaluna\n|-start|p2a: Ursaluna|move: Taunt\n|move|p2b: Torkoal|Eruption|p1b: Garganacl|[spread] p1a\n|-activate|p1b: Garganacl|move: Protect\n|-damage|p1a: Tornadus|0 fnt\n|faint|p1a: Tornadus\n|move|p2a: Ursaluna|Headlong Rush|p1b: Garganacl\n|-activate|p1b: Garganacl|move: Protect\n|\n|-weather|SunnyDay|[upkeep]\n|-heal|p1b: Garganacl|99\/100|[from] Grassy Terrain\n|-heal|p2a: Ursaluna|78\/100 brn|[from] Grassy Terrain\n|-damage|p2a: Ursaluna|72\/100 brn|[from] brn\n|-fieldend|move: Trick Room\n|-fieldend|move: Grassy Terrain\n|upkeep\n|\n|t:|1700965977\n|switch|p1a: Arcanine|Arcanine-Hisui, L50, F|44\/100\n|-ability|p1a: Arcanine|Intimidate|boost\n|-unboost|p2a: Ursaluna|atk|1\n|-unboost|p2b: Torkoal|atk|1\n|turn|7\n|inactive|Ashish9 has 30 seconds left.\n|\n|t:|1700966007\n|-terastallize|p2a: Ursaluna|Ghost\n|-terastallize|p1b: Garganacl|Ghost\n|move|p1a: Arcanine|Rock Slide|p2a: Ursaluna|[spread] p2a,p2b\n|-supereffective|p2b: Torkoal\n|-damage|p2a: Ursaluna|45\/100 brn\n|-damage|p2b: Torkoal|39\/100\n|move|p2a: Ursaluna|Headlong Rush|p1b: Garganacl\n|-damage|p1b: Garganacl|53\/100\n|-unboost|p2a: Ursaluna|def|1\n|-unboost|p2a: Ursaluna|spd|1\n|move|p1b: Garganacl|Iron Defense|p1b: Garganacl\n|-boost|p1b: Garganacl|def|2\n|move|p2b: Torkoal|Heat Wave|p1b: Garganacl|[spread] p1a,p1b\n|-resisted|p1a: Arcanine\n|-damage|p1a: Arcanine|28\/100\n|-damage|p1b: Garganacl|14\/100\n|-enditem|p1b: Garganacl|Sitrus Berry|[eat]\n|-heal|p1b: Garganacl|38\/100|[from] item: Sitrus Berry\n|\n|-weather|SunnyDay|[upkeep]\n|-damage|p2a: Ursaluna|39\/100 brn|[from] brn\n|upkeep\n|turn|8\n|inactive|Ashish9 has 30 seconds left.\n|\n|t:|1700966033\n|move|p1b: Garganacl|Protect|p1b: Garganacl\n|-singleturn|p1b: Garganacl|Protect\n|move|p1a: Arcanine|Rock Slide|p2a: Ursaluna|[spread] p2a,p2b\n|-supereffective|p2b: Torkoal\n|-damage|p2a: Ursaluna|0 fnt\n|-damage|p2b: Torkoal|0 fnt\n|faint|p2a: Ursaluna\n|faint|p2b: Torkoal\n|\n|win|Kzjrhzk\n|raw|Kzjrhzk's rating: 1326 &rarr; <strong>1351<\/strong><br \/>(+25 for winning)\n|raw|Ashish9's rating: 1421 &rarr; <strong>1396<\/strong><br \/>(-25 for losing)\n|l|\u2606Ashish9\n","uploadtime":1700966041,"views":2,"p1id":"kzjrhzk","p2id":"ashish9","formatid":"gen9vgc2023regulatione","rating":1351,"private":0,"password":""}