{"id":"gen9vgc2023regulatione-1996717138","p1":"Bishmii","p2":"Moxiemencefan21","format":"[Gen 9] VGC 2023 Regulation E","log":"|j|\u2606Bishmii\n|j|\u2606Moxiemencefan21\n|t:|1700713799\n|gametype|doubles\n|player|p1|Bishmii|1|1466\n|player|p2|Moxiemencefan21|1|1547\n|teamsize|p1|6\n|teamsize|p2|6\n|gen|9\n|tier|[Gen 9] VGC 2023 Regulation E\n|rated|\n|rule|Species Clause: Limit one of each Pok\u00e9mon\n|rule|Item Clause: Limit one of each item\n|clearpoke\n|poke|p1|Chien-Pao, L50|\n|poke|p1|Tornadus, L50, M|\n|poke|p1|Dragapult, L50, M|\n|poke|p1|Flutter Mane, L50|\n|poke|p1|Ogerpon-Wellspring, L50, F|\n|poke|p1|Rillaboom, L50, M|\n|poke|p2|Glimmora, L50, F|\n|poke|p2|Dusclops, L50, M|\n|poke|p2|Chi-Yu, L50|\n|poke|p2|Ninetales-Alola, L50, F|\n|poke|p2|Iron Hands, L50|\n|poke|p2|Ursaluna-Bloodmoon, L50, M|\n|teampreview|4\n|inactive|Battle timer is ON: inactive players will automatically lose when time's up. (requested by Bishmii)\n|inactive|Bishmii has 60 seconds left.\n|inactive|Moxiemencefan21 has 60 seconds left.\n|inactive|Bishmii has 30 seconds left.\n|\n|t:|1700713861\n|start\n|switch|p1a: Rillaboom|Rillaboom, L50, M|100\/100\n|switch|p1b: Ogerpon|Ogerpon-Wellspring, L50, F|100\/100\n|switch|p2a: Glimmora|Glimmora, L50, F|100\/100\n|switch|p2b: Ninetales|Ninetales-Alola, L50, F|100\/100\n|-weather|Snow|[from] ability: Snow Warning|[of] p2b: Ninetales\n|-fieldstart|move: Grassy Terrain|[from] ability: Grassy Surge|[of] p1a: Rillaboom\n|turn|1\n|inactive|Bishmii has 30 seconds left.\n|inactive|Moxiemencefan21 has 30 seconds left.\n|inactive|Bishmii has 20 seconds left.\n|inactive|Moxiemencefan21 has 20 seconds left.\n|inactive|Bishmii has 15 seconds left.\n|inactive|Moxiemencefan21 has 15 seconds left.\n|\n|t:|1700713904\n|-terastallize|p2a: Glimmora|Grass\n|move|p1a: Rillaboom|Fake Out|p2b: Ninetales\n|-damage|p2b: Ninetales|89\/100\n|cant|p2b: Ninetales|flinch\n|move|p2a: Glimmora|Mortal Spin|p1a: Rillaboom|[spread] p1a,p1b\n|-supereffective|p1a: Rillaboom\n|-supereffective|p1b: Ogerpon\n|-damage|p1a: Rillaboom|92\/100\n|-damage|p1b: Ogerpon|93\/100\n|-status|p1a: Rillaboom|psn\n|-status|p1b: Ogerpon|psn\n|move|p1b: Ogerpon|Ivy Cudgel|p2b: Ninetales|[anim] Ivy Cudgel Water\n|-damage|p2b: Ninetales|39\/100\n|\n|-weather|Snow|[upkeep]\n|-heal|p2b: Ninetales|44\/100|[from] Grassy Terrain\n|-heal|p1b: Ogerpon|99\/100 psn|[from] Grassy Terrain\n|-heal|p1a: Rillaboom|98\/100 psn|[from] Grassy Terrain\n|-damage|p1b: Ogerpon|87\/100 psn|[from] psn\n|-damage|p1a: Rillaboom|85\/100 psn|[from] psn\n|upkeep\n|turn|2\n|inactive|Bishmii has 30 seconds left.\n|inactive|Moxiemencefan21 has 30 seconds left.\n|\n|t:|1700713934\n|switch|p1b: Chien-Pao|Chien-Pao, L50|100\/100\n|-ability|p1b: Chien-Pao|Sword of Ruin\n|move|p1a: Rillaboom|Grassy Glide|p2b: Ninetales\n|-damage|p2b: Ninetales|1\/100\n|move|p2b: Ninetales|Aurora Veil|p2b: Ninetales\n|-sidestart|p2: Moxiemencefan21|move: Aurora Veil\n|move|p2a: Glimmora|Sludge Bomb|p1a: Rillaboom\n|-supereffective|p1a: Rillaboom\n|-damage|p1a: Rillaboom|23\/100 psn\n|\n|-weather|Snow|[upkeep]\n|-heal|p2b: Ninetales|7\/100|[from] Grassy Terrain\n|-heal|p1a: Rillaboom|29\/100 psn|[from] Grassy Terrain\n|-damage|p1a: Rillaboom|17\/100 psn|[from] psn\n|upkeep\n|turn|3\n|inactive|Bishmii has 30 seconds left.\n|inactive|Moxiemencefan21 has 30 seconds left.\n|\n|t:|1700713965\n|switch|p1a: Dragapult|Dragapult, L50, M|100\/100\n|move|p2a: Glimmora|Spiky Shield|p2a: Glimmora\n|-singleturn|p2a: Glimmora|move: Protect\n|move|p1b: Chien-Pao|Ice Spinner|p2a: Glimmora\n|-activate|p2a: Glimmora|move: Protect\n|-damage|p1b: Chien-Pao|88\/100|[from] Spiky Shield|[of] p2a: Glimmora\n|move|p2b: Ninetales|Moonblast|p1b: Chien-Pao\n|-supereffective|p1b: Chien-Pao\n|-damage|p1b: Chien-Pao|0 fnt\n|faint|p1b: Chien-Pao\n|\n|-weather|Snow|[upkeep]\n|-heal|p2b: Ninetales|12\/100|[from] Grassy Terrain\n|upkeep\n|\n|t:|1700713980\n|switch|p1b: Rillaboom|Rillaboom, L50, M|17\/100 psn\n|turn|4\n|\n|t:|1700713998\n|move|p1b: Rillaboom|Fake Out|p2b: Ninetales\n|-damage|p2b: Ninetales|5\/100\n|move|p1a: Dragapult|Dragon Darts|p2a: Glimmora\n|-damage|p2a: Glimmora|74\/100\n|-activate|p2a: Glimmora|ability: Toxic Debris\n|-sidestart|p1: Bishmii|move: Toxic Spikes\n|-anim|p1a: Dragapult|Dragon Darts|p2a: Glimmora\n|-damage|p2a: Glimmora|47\/100\n|-activate|p2a: Glimmora|ability: Toxic Debris\n|-sidestart|p1: Bishmii|move: Toxic Spikes\n|cant|p2b: Ninetales|flinch\n|move|p2a: Glimmora|Power Gem|p1a: Dragapult\n|-damage|p1a: Dragapult|54\/100\n|\n|-weather|Snow|[upkeep]\n|-heal|p1a: Dragapult|60\/100|[from] Grassy Terrain\n|-heal|p2b: Ninetales|11\/100|[from] Grassy Terrain\n|-heal|p2a: Glimmora|53\/100|[from] Grassy Terrain\n|-heal|p1b: Rillaboom|23\/100 psn|[from] Grassy Terrain\n|-damage|p1b: Rillaboom|11\/100 psn|[from] psn\n|upkeep\n|turn|5\n|inactive|Bishmii has 30 seconds left.\n|inactive|Moxiemencefan21 has 30 seconds left.\n|\n|t:|1700714026\n|move|p2a: Glimmora|Spiky Shield|p2a: Glimmora\n|-singleturn|p2a: Glimmora|move: Protect\n|move|p1b: Rillaboom|Grassy Glide|p2b: Ninetales\n|-damage|p2b: Ninetales|0 fnt\n|faint|p2b: Ninetales\n|move|p1a: Dragapult|Dragon Darts|p2a: Glimmora\n|-activate|p2a: Glimmora|move: Protect\n|\n|-weather|none\n|-heal|p1a: Dragapult|66\/100|[from] Grassy Terrain\n|-heal|p2a: Glimmora|58\/100|[from] Grassy Terrain\n|-heal|p1b: Rillaboom|17\/100 psn|[from] Grassy Terrain\n|-damage|p1b: Rillaboom|4\/100 psn|[from] psn\n|-fieldend|move: Grassy Terrain\n|upkeep\n|\n|t:|1700714041\n|switch|p2b: Dusclops|Dusclops, L50, M|100\/100\n|-item|p1a: Dragapult|Choice Band|[from] ability: Frisk|[of] p2b: Dusclops|[identify]\n|-item|p1b: Rillaboom|Assault Vest|[from] ability: Frisk|[of] p2b: Dusclops|[identify]\n|turn|6\n|inactive|Bishmii has 30 seconds left.\n|\n|t:|1700714068\n|switch|p1a: Ogerpon|Ogerpon-Wellspring, L50, F|87\/100 psn\n|move|p2a: Glimmora|Power Gem|p1a: Ogerpon\n|-damage|p1a: Ogerpon|52\/100 psn\n|move|p1b: Rillaboom|Wood Hammer|p2a: Glimmora\n|-resisted|p2a: Glimmora\n|-damage|p2a: Glimmora|37\/100\n|-damage|p1b: Rillaboom|0 fnt|[from] Recoil\n|faint|p1b: Rillaboom\n|move|p2b: Dusclops|Trick Room|p2b: Dusclops\n|-fieldstart|move: Trick Room|[of] p2b: Dusclops\n|\n|-damage|p1a: Ogerpon|40\/100 psn|[from] psn\n|upkeep\n|\n|t:|1700714082\n|switch|p1b: Dragapult|Dragapult, L50, M|66\/100\n|-status|p1b: Dragapult|tox\n|turn|7\n|inactive|Bishmii has 30 seconds left.\n|\n|t:|1700714113\n|-terastallize|p1b: Dragapult|Ghost\n|move|p2b: Dusclops|Hex|p1b: Dragapult\n|-supereffective|p1b: Dragapult\n|-damage|p1b: Dragapult|0 fnt\n|faint|p1b: Dragapult\n|move|p1a: Ogerpon|Ivy Cudgel|p2b: Dusclops|[anim] Ivy Cudgel Water\n|-damage|p2b: Dusclops|78\/100\n|move|p2a: Glimmora|Sludge Bomb|p1a: Ogerpon\n|-supereffective|p1a: Ogerpon\n|-damage|p1a: Ogerpon|0 fnt\n|faint|p1a: Ogerpon\n|\n|win|Moxiemencefan21\n|raw|Bishmii's rating: 1466 &rarr; <strong>1451<\/strong><br \/>(-15 for losing)\n|raw|Moxiemencefan21's rating: 1547 &rarr; <strong>1562<\/strong><br \/>(+15 for winning)\n|l|\u2606Bishmii\n","uploadtime":1700714135,"views":4,"p1id":"bishmii","p2id":"moxiemencefan21","formatid":"gen9vgc2023regulatione","rating":1451,"private":0,"password":""}