{"id":"gen9vgc2023regulatione-1989953897","p1":"SolaSeraphim","p2":"arrdamoin","format":"[Gen 9] VGC 2023 Regulation E","log":"|j|\u2606SolaSeraphim\n|j|\u2606arrdamoin\n|t:|1699909786\n|gametype|doubles\n|player|p1|SolaSeraphim|psychic-gen4|1251\n|player|p2|arrdamoin|flint|1315\n|teamsize|p1|6\n|teamsize|p2|6\n|gen|9\n|tier|[Gen 9] VGC 2023 Regulation E\n|rated|\n|rule|Species Clause: Limit one of each Pok\u00e9mon\n|rule|Item Clause: Limit one of each item\n|clearpoke\n|poke|p1|Altaria, L50, F|\n|poke|p1|Grimmsnarl, L50, M|\n|poke|p1|Heatran, L50, F|\n|poke|p1|Regieleki, L50|\n|poke|p1|Baxcalibur, L50, F|\n|poke|p1|Spectrier, L50|\n|poke|p2|Pelipper, L50, F|\n|poke|p2|Urshifu-*, L50, F|\n|poke|p2|Iron Hands, L50|\n|poke|p2|Amoonguss, L50, F|\n|poke|p2|Gholdengo, L50|\n|poke|p2|Chien-Pao, L50|\n|teampreview|4\nSolaSeraphim has agreed to open team sheets.\narrdamoin has agreed to open team sheets.\n|inactive|Battle timer is ON: inactive players will automatically lose when time's up. (requested by arrdamoin)\n|\n|t:|1699909878\n|start\n|switch|p1a: e-|Regieleki, L50, shiny|100\/100\n|switch|p1b: Spectrier|Spectrier, L50|100\/100\n|switch|p2a: Chien-Pao|Chien-Pao, L50|100\/100\n|switch|p2b: Urshifu|Urshifu-Rapid-Strike, L50, F|100\/100\n|-ability|p2a: Chien-Pao|Sword of Ruin\n|turn|1\n|inactive|SolaSeraphim has 30 seconds left.\n|inactive|arrdamoin has 30 seconds left.\n|inactive|arrdamoin has 20 seconds left.\n|inactive|arrdamoin has 15 seconds left.\n|inactive|arrdamoin has 10 seconds left.\n|inactive|arrdamoin has 5 seconds left.\n|\n|t:|1699909930\n|switch|p1b: Altaria|Altaria, L50, F, shiny|100\/100\n|-ability|p1b: Altaria|Cloud Nine\n|-terastallize|p2b: Urshifu|Grass\n|move|p1a: e-|Volt Switch|p2a: Chien-Pao\n|-damage|p2a: Chien-Pao|34\/100\n|\n|t:|1699909948\n|switch|p1a: Baxcalibur|Baxcalibur, L50, F|100\/100|[from] Volt Switch\n|move|p2b: Urshifu|Surging Strikes|p1a: Baxcalibur\n|-resisted|p1a: Baxcalibur\n|-crit|p1a: Baxcalibur\n|-damage|p1a: Baxcalibur|89\/100\n|-resisted|p1a: Baxcalibur\n|-crit|p1a: Baxcalibur\n|-damage|p1a: Baxcalibur|78\/100\n|-resisted|p1a: Baxcalibur\n|-crit|p1a: Baxcalibur\n|-damage|p1a: Baxcalibur|66\/100\n|-hitcount|p1a: Baxcalibur|3\n|move|p2a: Chien-Pao|Crunch|p1b: Altaria\n|-damage|p1b: Altaria|52\/100\n|-unboost|p1b: Altaria|def|1\n|-damage|p2a: Chien-Pao|18\/100|[from] item: Rocky Helmet|[of] p1b: Altaria\n|\n|upkeep\n|turn|2\n|inactive|SolaSeraphim has 30 seconds left.\n|inactive|arrdamoin has 30 seconds left.\n|\n|t:|1699909980\n|move|p1a: Baxcalibur|Ice Shard|p2b: Urshifu\n|-supereffective|p2b: Urshifu\n|-damage|p2b: Urshifu|40\/100\n|move|p2b: Urshifu|Surging Strikes|p1a: Baxcalibur\n|-resisted|p1a: Baxcalibur\n|-crit|p1a: Baxcalibur\n|-damage|p1a: Baxcalibur|55\/100\n|-resisted|p1a: Baxcalibur\n|-crit|p1a: Baxcalibur\n|-damage|p1a: Baxcalibur|43\/100\n|-resisted|p1a: Baxcalibur\n|-crit|p1a: Baxcalibur\n|-damage|p1a: Baxcalibur|31\/100\n|-hitcount|p1a: Baxcalibur|3\n|move|p2a: Chien-Pao|Crunch|p1a: Baxcalibur\n|-damage|p1a: Baxcalibur|0 fnt\n|faint|p1a: Baxcalibur\n|move|p1b: Altaria|Tailwind|p1b: Altaria\n|-sidestart|p1: SolaSeraphim|move: Tailwind\n|\n|upkeep\n|\n|t:|1699909997\n|switch|p1a: e-|Regieleki, L50, shiny|100\/100\n|turn|3\n|\n|t:|1699910020\n|-terastallize|p1a: e-|Electric\n|move|p2a: Chien-Pao|Sucker Punch|p1a: e-\n|-damage|p1a: e-|17\/100\n|move|p1a: e-|Electro Ball|p2b: Urshifu\n|-resisted|p2b: Urshifu\n|-damage|p2b: Urshifu|0 fnt\n|faint|p2b: Urshifu\n|move|p1b: Altaria|Will-O-Wisp|p2a: Chien-Pao|[miss]\n|-miss|p1b: Altaria|p2a: Chien-Pao\n|\n|upkeep\n|\n|t:|1699910035\n|switch|p2b: Amoonguss|Amoonguss, L50, F, shiny|100\/100\n|turn|4\n|\n|t:|1699910049\n|switch|p1a: Spectrier|Spectrier, L50|100\/100\n|move|p2b: Amoonguss|Rage Powder|p2b: Amoonguss\n|-singleturn|p2b: Amoonguss|move: Rage Powder\n|move|p1b: Altaria|Safeguard|p1b: Altaria\n|-sidestart|p1: SolaSeraphim|Safeguard\n|move|p2a: Chien-Pao|Ice Spinner|p1b: Altaria\n|-supereffective|p1b: Altaria\n|-damage|p1b: Altaria|0 fnt\n|-damage|p2a: Chien-Pao|1\/100|[from] item: Rocky Helmet|[of] p1b: Altaria\n|faint|p1b: Altaria\n|\n|upkeep\n|\n|t:|1699910062\n|switch|p1b: e-|Regieleki, L50, shiny, tera:Electric|17\/100\n|turn|5\n|\n|t:|1699910086\n|move|p2b: Amoonguss|Rage Powder|p2b: Amoonguss\n|-singleturn|p2b: Amoonguss|move: Rage Powder\n|move|p1b: e-|Electro Ball|p2b: Amoonguss\n|-resisted|p2b: Amoonguss\n|-damage|p2b: Amoonguss|42\/100\n|move|p1a: Spectrier|Snarl|p2b: Amoonguss|[spread] p2a,p2b\n|-resisted|p2a: Chien-Pao\n|-damage|p2a: Chien-Pao|0 fnt\n|-damage|p2b: Amoonguss|29\/100\n|-unboost|p2b: Amoonguss|spa|1\n|faint|p2a: Chien-Pao\n|-ability|p1a: Spectrier|Grim Neigh|boost\n|-boost|p1a: Spectrier|spa|1\n|\n|-sideend|p1: SolaSeraphim|move: Tailwind\n|upkeep\n|\n|t:|1699910093\n|switch|p2a: Iron Hands|Iron Hands, L50, shiny|100\/100\n|turn|6\n|inactive|SolaSeraphim has 30 seconds left.\n|\n|t:|1699910125\n|move|p2a: Iron Hands|Fake Out|p1b: e-\n|-damage|p1b: e-|0 fnt\n|faint|p1b: e-\n|move|p2b: Amoonguss|Rage Powder|p2b: Amoonguss\n|-singleturn|p2b: Amoonguss|move: Rage Powder\n|move|p1a: Spectrier|Hex|p2b: Amoonguss\n|-damage|p2b: Amoonguss|0 fnt\n|faint|p2b: Amoonguss\n|-ability|p1a: Spectrier|Grim Neigh|boost\n|-boost|p1a: Spectrier|spa|1\n|\n|upkeep\n|turn|7\n|\n|t:|1699910134\n|move|p1a: Spectrier|Will-O-Wisp|p2a: Iron Hands\n|-status|p2a: Iron Hands|brn\n|move|p2a: Iron Hands|Wild Charge|p1a: Spectrier\n|-damage|p1a: Spectrier|69\/100\n|-damage|p2a: Iron Hands|94\/100 brn|[from] Recoil\n|\n|-damage|p2a: Iron Hands|88\/100 brn|[from] brn\n|upkeep\n|turn|8\n|\n|t:|1699910140\n|move|p1a: Spectrier|Hex|p2a: Iron Hands\n|-damage|p2a: Iron Hands|25\/100 brn\n|move|p2a: Iron Hands|Wild Charge|p1a: Spectrier\n|-damage|p1a: Spectrier|39\/100\n|-enditem|p1a: Spectrier|Sitrus Berry|[eat]\n|-heal|p1a: Spectrier|64\/100|[from] item: Sitrus Berry\n|-damage|p2a: Iron Hands|19\/100 brn|[from] Recoil\n|\n|-damage|p2a: Iron Hands|13\/100 brn|[from] brn\n|-sideend|p1: SolaSeraphim|Safeguard\n|upkeep\n|turn|9\n|-message|arrdamoin forfeited.\n|\n|win|SolaSeraphim\n|raw|SolaSeraphim's rating: 1251 &rarr; <strong>1281<\/strong><br \/>(+30 for winning)\n|raw|arrdamoin's rating: 1315 &rarr; <strong>1291<\/strong><br \/>(-24 for losing)\n|l|\u2606arrdamoin\n","uploadtime":1699910155,"views":14,"p1id":"solaseraphim","p2id":"arrdamoin","formatid":"gen9vgc2023regulatione","rating":1281,"private":0,"password":""}