{"id":"gen9vgc2023regulatione-1996413988","p1":"orthowormisgod","p2":"drtstrsryes","format":"[Gen 9] VGC 2023 Regulation E","log":"|j|\u2606orthowormisgod\n|j|\u203ddrtstrsryes\n|t:|1700679695\n|gametype|doubles\n|player|p1|orthowormisgod|gentleman-gen4dp|1082\n|player|p2|drtstrsryes|pokemonranger-gen4|1050\n|teamsize|p1|6\n|teamsize|p2|6\n|gen|9\n|tier|[Gen 9] VGC 2023 Regulation E\n|rated|\n|rule|Species Clause: Limit one of each Pok\u00e9mon\n|rule|Item Clause: Limit one of each item\n|clearpoke\n|poke|p1|Barraskewda, L50, F|\n|poke|p1|Iron Treads, L50|\n|poke|p1|Flutter Mane, L50|\n|poke|p1|Ogerpon-Hearthflame, L50, F|\n|poke|p1|Iron Hands, L50|\n|poke|p1|Chien-Pao, L50|\n|poke|p2|Dondozo, L50, M|\n|poke|p2|Tatsugiri, L50, F|\n|poke|p2|Golduck, L50, F|\n|poke|p2|Chien-Pao, L50|\n|poke|p2|Dragonite, L50, M|\n|poke|p2|Glimmora, L50, M|\n|teampreview|4\n|inactive|Battle timer is ON: inactive players will automatically lose when time's up. (requested by drtstrsryes)\n|\n|t:|1700679724\n|start\n|switch|p1a: Iron Hands|Iron Hands, L50|100\/100\n|switch|p1b: Ogerpon|Ogerpon-Hearthflame, L50, F|100\/100\n|switch|p2a: Dondozo|Dondozo, L50, M, shiny|100\/100\n|switch|p2b: Golduck|Golduck, L50, F|100\/100\n|-ability|p1b: Ogerpon|Mold Breaker\n|turn|1\n|inactive|drtstrsryes has 30 seconds left.\n|\n|t:|1700679753\n|-terastallize|p2b: Golduck|Fire\n|move|p1b: Ogerpon|Horn Leech|p2b: Golduck\n|-resisted|p2b: Golduck\n|-damage|p2b: Golduck|78\/100\n|move|p2b: Golduck|Simple Beam|p2a: Dondozo\n|-endability|p2a: Dondozo|Unaware|[from] move: Simple Beam\n|-ability|p2a: Dondozo|Simple|[from] move: Simple Beam\n|move|p1a: Iron Hands|Volt Switch|p2a: Dondozo\n|-supereffective|p2a: Dondozo\n|-damage|p2a: Dondozo|74\/100\n|\n|t:|1700679765\n|-end|p1a: Iron Hands|Quark Drive|[silent]\n|switch|p1a: Iron Treads|Iron Treads, L50|100\/100|[from] Volt Switch\n|-enditem|p1a: Iron Treads|Booster Energy\n|-activate|p1a: Iron Treads|ability: Quark Drive|[fromitem]\n|-start|p1a: Iron Treads|quarkdrivespe\n|move|p2a: Dondozo|Earthquake|p1a: Iron Treads|[spread] p2b,p1a,p1b\n|-supereffective|p2b: Golduck\n|-supereffective|p1a: Iron Treads\n|-damage|p2b: Golduck|36\/100\n|-damage|p1a: Iron Treads|57\/100\n|-damage|p1b: Ogerpon|72\/100\n|\n|-heal|p2a: Dondozo|80\/100|[from] item: Leftovers\n|upkeep\n|turn|2\n|c|\u2606orthowormisgod|!weak fire\n|c| orthowormisgod|\/raw <div class=\"infobox\">Fire:<br \/><span class=\"message-effect-weak\">Weaknesses<\/span>: Ground, Rock, Water<br \/><span class=\"message-effect-resist\">Resistances<\/span>: Bug, Fairy, Fire, Grass, Ice, Steel<br \/><span class=\"message-effect-immune\">Immunities<\/span>: Burn<\/div>\n|c|\u2606orthowormisgod|!weak dondozo\n|c| orthowormisgod|\/raw <div class=\"infobox\">Dondozo (ignoring abilities):<br \/><span class=\"message-effect-weak\">Weaknesses<\/span>: Electric, Grass<br \/><span class=\"message-effect-resist\">Resistances<\/span>: Fire, Ice, Steel, Water<br \/><span class=\"message-effect-immune\">Immunities<\/span>: <font color=#999999>None<\/font><\/div>\n|inactive|orthowormisgod has 30 seconds left.\n|inactive|drtstrsryes has 30 seconds left.\n|\n|t:|1700679795\n|switch|p2b: Tatsugiri|Tatsugiri, L50, F|100\/100\n|-activate|p2b: Tatsugiri|ability: Commander|[of] p2a: Dondozo\n|-boost|p2a: Dondozo|atk|4\n|-boost|p2a: Dondozo|spa|4\n|-boost|p2a: Dondozo|spe|4\n|-boost|p2a: Dondozo|def|4\n|-boost|p2a: Dondozo|spd|4\n|move|p1a: Iron Treads|Earth Power|p2b: Tatsugiri|[miss]\n|-miss|p1a: Iron Treads|p2b: Tatsugiri\n|move|p1b: Ogerpon|Horn Leech|p2a: Dondozo\n|-supereffective|p2a: Dondozo\n|-damage|p2a: Dondozo|62\/100\n|-heal|p1b: Ogerpon|86\/100|[from] drain|[of] p2a: Dondozo\n|move|p2a: Dondozo|Earthquake|p1b: Ogerpon|[spread] p1a,p1b\n|-miss|p2a: Dondozo|p2b: Tatsugiri\n|-supereffective|p1a: Iron Treads\n|-damage|p1a: Iron Treads|0 fnt\n|-damage|p1b: Ogerpon|6\/100\n|faint|p1a: Iron Treads\n|-end|p1a: Iron Treads|Quark Drive|[silent]\n|\n|-heal|p2a: Dondozo|68\/100|[from] item: Leftovers\n|upkeep\n|\n|t:|1700679814\n|switch|p1a: Iron Hands|Iron Hands, L50|100\/100\n|turn|3\n|\n|t:|1700679824\n|move|p1b: Ogerpon|Spiky Shield|p1b: Ogerpon\n|-singleturn|p1b: Ogerpon|move: Protect\n|move|p2a: Dondozo|Protect|p2a: Dondozo\n|-singleturn|p2a: Dondozo|Protect\n|move|p1a: Iron Hands|Thunderbolt|p2a: Dondozo\n|-activate|p2a: Dondozo|move: Protect\n|\n|-heal|p2a: Dondozo|74\/100|[from] item: Leftovers\n|upkeep\n|turn|4\n|\n|t:|1700679841\n|move|p1b: Ogerpon|Horn Leech|p2a: Dondozo\n|-supereffective|p2a: Dondozo\n|-damage|p2a: Dondozo|56\/100\n|-heal|p1b: Ogerpon|20\/100|[from] drain|[of] p2a: Dondozo\n|move|p2a: Dondozo|Earthquake|p1a: Iron Hands|[spread] p1a,p1b\n|-miss|p2a: Dondozo|p2b: Tatsugiri\n|-supereffective|p1a: Iron Hands\n|-damage|p1a: Iron Hands|13\/100\n|-damage|p1b: Ogerpon|0 fnt\n|faint|p1b: Ogerpon\n|move|p1a: Iron Hands|Thunderbolt|p2a: Dondozo\n|-supereffective|p2a: Dondozo\n|-damage|p2a: Dondozo|44\/100\n|\n|-heal|p2a: Dondozo|50\/100|[from] item: Leftovers\n|upkeep\n|\n|t:|1700679854\n|switch|p1b: Chien-Pao|Chien-Pao, L50|100\/100\n|-ability|p1b: Chien-Pao|Sword of Ruin\n|turn|5\n|\n|t:|1700679873\n|-terastallize|p1a: Iron Hands|Fighting\n|move|p1b: Chien-Pao|Sacred Sword|p2a: Dondozo\n|-damage|p2a: Dondozo|28\/100\n|move|p2a: Dondozo|Earthquake|p1b: Chien-Pao|[spread] p1a,p1b\n|-miss|p2a: Dondozo|p2b: Tatsugiri\n|-damage|p1a: Iron Hands|0 fnt\n|-damage|p1b: Chien-Pao|5\/100\n|faint|p1a: Iron Hands\n|-end|p1a: Iron Hands|Quark Drive|[silent]\n|\n|-heal|p2a: Dondozo|34\/100|[from] item: Leftovers\n|upkeep\n|turn|6\n|\n|t:|1700679885\n|move|p2a: Dondozo|Protect|p2a: Dondozo\n|-singleturn|p2a: Dondozo|Protect\n|move|p1b: Chien-Pao|Sacred Sword|p2a: Dondozo\n|-activate|p2a: Dondozo|move: Protect\n|\n|-heal|p2a: Dondozo|40\/100|[from] item: Leftovers\n|upkeep\n|turn|7\n|-message|orthowormisgod forfeited.\n|\n|win|drtstrsryes\n|raw|orthowormisgod's rating: 1082 &rarr; <strong>1058<\/strong><br \/>(-24 for losing)\n|raw|drtstrsryes's rating: 1050 &rarr; <strong>1085<\/strong><br \/>(+35 for winning)\n|l|\u2606orthowormisgod\n","uploadtime":1700679895,"views":19,"p1id":"orthowormisgod","p2id":"drtstrsryes","formatid":"gen9vgc2023regulatione","rating":1058,"private":0,"password":""}