{"id":"gen9vgc2023regulatione-1993145902","p1":"Beyontle","p2":"kanyutingfeng","format":"[Gen 9] VGC 2023 Regulation E","log":"|j|\u2606Beyontle\n|j|\u2606kanyutingfeng\n|t:|1700270282\n|gametype|doubles\n|player|p1|Beyontle|gambler|1131\n|player|p2|kanyutingfeng|cynthia|1223\n|teamsize|p1|6\n|teamsize|p2|6\n|gen|9\n|tier|[Gen 9] VGC 2023 Regulation E\n|rated|\n|rule|Species Clause: Limit one of each Pok\u00e9mon\n|rule|Item Clause: Limit one of each item\n|clearpoke\n|poke|p1|Dondozo, L50, M|\n|poke|p1|Tatsugiri, L50, F|\n|poke|p1|Iron Hands, L50|\n|poke|p1|Cresselia, L50, F|\n|poke|p1|Landorus-Therian, L50, M|\n|poke|p1|Amoonguss, L50, F|\n|poke|p2|Kommo-o, L50, F|\n|poke|p2|Tyranitar, L50, M|\n|poke|p2|Rillaboom, L50, M|\n|poke|p2|Flutter Mane, L50|\n|poke|p2|Arcanine-Hisui, L50, F|\n|poke|p2|Iron Bundle, L50|\n|teampreview|4\n|inactive|Battle timer is ON: inactive players will automatically lose when time's up. (requested by kanyutingfeng)\n|inactive|kanyutingfeng has 60 seconds left.\n|\n|t:|1700270336\n|start\n|switch|p1a: Landorus|Landorus-Therian, L50, M|100\/100\n|switch|p1b: Amoonguss|Amoonguss, L50, F|100\/100\n|switch|p2a: Kommo-o|Kommo-o, L50, F|100\/100\n|switch|p2b: Iron Bundle|Iron Bundle, L50|100\/100\n|-ability|p1a: Landorus|Intimidate|boost\n|-unboost|p2a: Kommo-o|atk|1\n|-unboost|p2b: Iron Bundle|atk|1\n|-enditem|p2b: Iron Bundle|Booster Energy\n|-activate|p2b: Iron Bundle|ability: Quark Drive|[fromitem]\n|-start|p2b: Iron Bundle|quarkdrivespe\n|turn|1\n|inactive|kanyutingfeng has 30 seconds left.\n|\n|t:|1700270365\n|switch|p1a: Dondozo|Dondozo, L50, M|100\/100\n|move|p2b: Iron Bundle|Freeze-Dry|p1b: Amoonguss\n|-supereffective|p1b: Amoonguss\n|-damage|p1b: Amoonguss|54\/100\n|move|p2a: Kommo-o|Body Press|p1b: Amoonguss\n|-resisted|p1b: Amoonguss\n|-damage|p1b: Amoonguss|32\/100\n|-enditem|p1b: Amoonguss|Sitrus Berry|[eat]\n|-heal|p1b: Amoonguss|57\/100|[from] item: Sitrus Berry\n|move|p1b: Amoonguss|Leaf Storm|p2b: Iron Bundle\n|-supereffective|p2b: Iron Bundle\n|-damage|p2b: Iron Bundle|0 fnt\n|-unboost|p1b: Amoonguss|spa|2\n|faint|p2b: Iron Bundle\n|-end|p2b: Iron Bundle|Quark Drive|[silent]\n|\n|upkeep\n|inactive|kanyutingfeng has 30 seconds left.\n|\n|t:|1700270394\n|switch|p2b: Arcanine|Arcanine-Hisui, L50, F|100\/100\n|-ability|p2b: Arcanine|Intimidate|boost\n|-unboost|p1a: Dondozo|atk|1\n|-unboost|p1b: Amoonguss|atk|1\n|turn|2\n|\n|t:|1700270413\n|switch|p1b: Tatsugiri|Tatsugiri, L50, F|100\/100\n|-activate|p1b: Tatsugiri|ability: Commander|[of] p1a: Dondozo\n|-boost|p1a: Dondozo|atk|2\n|-boost|p1a: Dondozo|spa|2\n|-boost|p1a: Dondozo|spe|2\n|-boost|p1a: Dondozo|def|2\n|-boost|p1a: Dondozo|spd|2\n|-terastallize|p2b: Arcanine|Water\n|-terastallize|p1a: Dondozo|Fairy\n|move|p1a: Dondozo|Tera Blast|p2a: Kommo-o|[anim] Tera Blast Fairy\n|-supereffective|p2a: Kommo-o\n|-damage|p2a: Kommo-o|0 fnt\n|faint|p2a: Kommo-o\n|move|p2b: Arcanine|Will-O-Wisp|p1a: Dondozo\n|-status|p1a: Dondozo|brn\n|-enditem|p1a: Dondozo|Lum Berry|[eat]\n|-curestatus|p1a: Dondozo|brn|[msg]\n|\n|upkeep\n|\n|t:|1700270430\n|switch|p2a: Flutter Mane|Flutter Mane, L50|100\/100\n|turn|3\n|inactive|kanyutingfeng has 30 seconds left.\n|\n|t:|1700270464\n|move|p2a: Flutter Mane|Shadow Ball|p1a: Dondozo\n|-damage|p1a: Dondozo|80\/100\n|move|p1a: Dondozo|Heavy Slam|p2a: Flutter Mane\n|-supereffective|p2a: Flutter Mane\n|-damage|p2a: Flutter Mane|0 fnt\n|faint|p2a: Flutter Mane\n|-end|p2a: Flutter Mane|Protosynthesis|[silent]\n|move|p2b: Arcanine|Will-O-Wisp|p1a: Dondozo\n|-status|p1a: Dondozo|brn\n|\n|-damage|p1a: Dondozo|74\/100 brn|[from] brn\n|upkeep\n|turn|4\n|\n|t:|1700270482\n|move|p2b: Arcanine|Protect|p2b: Arcanine\n|-singleturn|p2b: Arcanine|Protect\n|move|p1a: Dondozo|Order Up|p2b: Arcanine\n|-activate|p2b: Arcanine|move: Protect\n|\n|-damage|p1a: Dondozo|68\/100 brn|[from] brn\n|upkeep\n|turn|5\n|\n|t:|1700270494\n|move|p1a: Dondozo|Order Up|p2b: Arcanine\n|-damage|p2b: Arcanine|85\/100\n|-boost|p1a: Dondozo|atk|1\n|move|p2b: Arcanine|Rock Slide|p1b: Tatsugiri|[spread] p1a\n|-miss|p2b: Arcanine|p1b: Tatsugiri\n|-damage|p1a: Dondozo|61\/100 brn\n|\n|-damage|p1a: Dondozo|55\/100 brn|[from] brn\n|upkeep\n|turn|6\n|\n|t:|1700270506\n|move|p1a: Dondozo|Order Up|p2b: Arcanine\n|-damage|p2b: Arcanine|61\/100\n|-boost|p1a: Dondozo|atk|1\n|move|p2b: Arcanine|Rock Slide|p1a: Dondozo|[spread] p1a\n|-miss|p2b: Arcanine|p1b: Tatsugiri\n|-damage|p1a: Dondozo|48\/100 brn\n|\n|-damage|p1a: Dondozo|41\/100 brn|[from] brn\n|upkeep\n|turn|7\n|-message|kanyutingfeng forfeited.\n|\n|win|Beyontle\n|raw|Beyontle's rating: 1131 &rarr; <strong>1162<\/strong><br \/>(+31 for winning)\n|raw|kanyutingfeng's rating: 1223 &rarr; <strong>1192<\/strong><br \/>(-31 for losing)\n|l|\u2606kanyutingfeng\n","uploadtime":1700270518,"views":9,"p1id":"beyontle","p2id":"kanyutingfeng","formatid":"gen9vgc2023regulatione","rating":1162,"private":0,"password":""}