{"id":"gen9vgc2023regulatione-1993995526","p1":"Kingmunoz","p2":"Grass Lover001","format":"[Gen 9] VGC 2023 Regulation E","log":"|j|\u2606Kingmunoz\n|j|\u2606Grass Lover001\n|t:|1700390294\n|gametype|doubles\n|player|p1|Kingmunoz|norman|1152\n|player|p2|Grass Lover001|aromalady|1040\n|teamsize|p1|6\n|teamsize|p2|4\n|gen|9\n|tier|[Gen 9] VGC 2023 Regulation E\n|rated|\n|rule|Species Clause: Limit one of each Pok\u00e9mon\n|rule|Item Clause: Limit one of each item\n|clearpoke\n|poke|p1|Flutter Mane, L50|\n|poke|p1|Iron Hands, L50|\n|poke|p1|Arcanine-Hisui, L50, M|\n|poke|p1|Chien-Pao, L50|\n|poke|p1|Urshifu-*, L50, M|\n|poke|p1|Rillaboom, L50, M|\n|poke|p2|Pelipper, L50, M|\n|poke|p2|Ludicolo, L50, F|\n|poke|p2|Ogerpon-Wellspring, L50, F|\n|poke|p2|Indeedee-F, L50, F|\n|teampreview|4\n|inactive|Battle timer is ON: inactive players will automatically lose when time's up. (requested by Kingmunoz)\nGrass Lover001 rejected open team sheets.\n|\n|t:|1700390318\n|start\n|switch|p1a: Iron Hands|Iron Hands, L50, shiny|100\/100\n|switch|p1b: Chien-Pao|Chien-Pao, L50|100\/100\n|switch|p2a: \u76d6\u9e25\u5361|Pelipper, L50, M, shiny|100\/100\n|switch|p2b: \u9e2d\u795e|Ludicolo, L50, F, shiny|100\/100\n|-ability|p1b: Chien-Pao|Sword of Ruin\n|-weather|RainDance|[from] ability: Drizzle|[of] p2a: \u76d6\u9e25\u5361\n|turn|1\n|inactive|Kingmunoz has 30 seconds left.\n|\n|t:|1700390345\n|move|p1b: Chien-Pao|Protect|p1b: Chien-Pao\n|-singleturn|p1b: Chien-Pao|Protect\n|move|p2b: \u9e2d\u795e|Fake Out|p1a: Iron Hands\n|-damage|p1a: Iron Hands|94\/100\n|cant|p1a: Iron Hands|flinch\n|move|p2a: \u76d6\u9e25\u5361|U-turn|p2b: \u9e2d\u795e\n|-supereffective|p2b: \u9e2d\u795e\n|-damage|p2b: \u9e2d\u795e|64\/100\n|-enditem|p2b: \u9e2d\u795e|Weakness Policy\n|-boost|p2b: \u9e2d\u795e|atk|2|[from] item: Weakness Policy\n|-boost|p2b: \u9e2d\u795e|spa|2|[from] item: Weakness Policy\n|\n|t:|1700390356\n|switch|p2a: \u692a\u692a\u9171|Ogerpon-Wellspring, L50, F|100\/100|[from] U-turn\n|\n|-weather|RainDance|[upkeep]\n|upkeep\n|turn|2\n|inactive|Kingmunoz has 30 seconds left.\n|\n|t:|1700390387\n|-terastallize|p2b: \u9e2d\u795e|Water\n|move|p2a: \u692a\u692a\u9171|Follow Me|p2a: \u692a\u692a\u9171\n|-singleturn|p2a: \u692a\u692a\u9171|move: Follow Me\n|move|p1b: Chien-Pao|Sucker Punch||[still]\n|-fail|p1b: Chien-Pao\n|move|p2b: \u9e2d\u795e|Surf|p1b: Chien-Pao|[spread] p1a,p1b\n|-immune|p2a: \u692a\u692a\u9171|[from] ability: Water Absorb\n|-crit|p1a: Iron Hands\n|-damage|p1a: Iron Hands|0 fnt\n|-enditem|p1b: Chien-Pao|Focus Sash\n|-damage|p1b: Chien-Pao|1\/100\n|faint|p1a: Iron Hands\n|-end|p1a: Iron Hands|Quark Drive|[silent]\n|\n|-weather|RainDance|[upkeep]\n|upkeep\n|\n|t:|1700390401\n|switch|p1a: Flutter Mane|Flutter Mane, L50, shiny|100\/100\n|-enditem|p1a: Flutter Mane|Booster Energy\n|-activate|p1a: Flutter Mane|ability: Protosynthesis|[fromitem]\n|-start|p1a: Flutter Mane|protosynthesisspa\n|turn|3\n|\n|t:|1700390412\n|-terastallize|p1a: Flutter Mane|Fairy\n|move|p1b: Chien-Pao|Protect|p1b: Chien-Pao\n|-singleturn|p1b: Chien-Pao|Protect\n|move|p2a: \u692a\u692a\u9171|Follow Me|p2a: \u692a\u692a\u9171\n|-singleturn|p2a: \u692a\u692a\u9171|move: Follow Me\n|move|p2b: \u9e2d\u795e|Surf|p1a: Flutter Mane|[spread] p1a\n|-activate|p1b: Chien-Pao|move: Protect\n|-immune|p2a: \u692a\u692a\u9171|[from] ability: Water Absorb\n|-damage|p1a: Flutter Mane|0 fnt\n|faint|p1a: Flutter Mane\n|-end|p1a: Flutter Mane|Protosynthesis|[silent]\n|\n|-weather|RainDance|[upkeep]\n|upkeep\n|\n|t:|1700390434\n|switch|p1a: Rillaboom|Rillaboom, L50, M, shiny|100\/100\n|-fieldstart|move: Grassy Terrain|[from] ability: Grassy Surge|[of] p1a: Rillaboom\n|turn|4\n|\n|t:|1700390445\n|move|p2a: \u692a\u692a\u9171|Follow Me|p2a: \u692a\u692a\u9171\n|-singleturn|p2a: \u692a\u692a\u9171|move: Follow Me\n|move|p1a: Rillaboom|Grassy Glide|p2a: \u692a\u692a\u9171\n|-damage|p2a: \u692a\u692a\u9171|29\/100\n|move|p2b: \u9e2d\u795e|Surf|p1a: Rillaboom|[spread] p1a,p1b\n|-heal|p2a: \u692a\u692a\u9171|54\/100|[from] ability: Water Absorb|[of] p2b: \u9e2d\u795e\n|-resisted|p1a: Rillaboom\n|-damage|p1a: Rillaboom|31\/100\n|-damage|p1b: Chien-Pao|0 fnt\n|faint|p1b: Chien-Pao\n|\n|-weather|RainDance|[upkeep]\n|-heal|p2b: \u9e2d\u795e|70\/100|[from] Grassy Terrain\n|-heal|p2a: \u692a\u692a\u9171|60\/100|[from] Grassy Terrain\n|-heal|p1a: Rillaboom|37\/100|[from] Grassy Terrain\n|upkeep\n|turn|5\n|-message|Kingmunoz forfeited.\n|\n|win|Grass Lover001\n|raw|Kingmunoz's rating: 1152 &rarr; <strong>1119<\/strong><br \/>(-33 for losing)\n|raw|Grass Lover001's rating: 1040 &rarr; <strong>1085<\/strong><br \/>(+45 for winning)\n|l|\u2606Kingmunoz\n|c|\u2606Grass Lover001|THE PELIPPER GOD\n","uploadtime":1700390471,"views":11,"p1id":"kingmunoz","p2id":"grasslover001","formatid":"gen9vgc2023regulatione","rating":1085,"private":0,"password":""}