{"id":"gen9vgc2023regulatione-1990094339","p1":"Ghostbiker603","p2":"darrybest","format":"[Gen 9] VGC 2023 Regulation E","log":"|j|\u2606Ghostbiker603\n|j|\u2606darrybest\n|t:|1699923910\n|gametype|doubles\n|player|p1|Ghostbiker603|n|1064\n|player|p2|darrybest|102|1163\n|teamsize|p1|6\n|teamsize|p2|6\n|gen|9\n|tier|[Gen 9] VGC 2023 Regulation E\n|rated|\n|rule|Species Clause: Limit one of each Pok\u00e9mon\n|rule|Item Clause: Limit one of each item\n|clearpoke\n|poke|p1|Cetitan, L50, F|\n|poke|p1|Baxcalibur, L50, F|\n|poke|p1|Ninetales-Alola, L50, M|\n|poke|p1|Iron Bundle, L50|\n|poke|p1|Chien-Pao, L50|\n|poke|p1|Slowking-Galar, L50, M|\n|poke|p2|Dusclops, L50, M|\n|poke|p2|Amoonguss, L50, M|\n|poke|p2|Gothitelle, L50, F|\n|poke|p2|Torkoal, L50, M|\n|poke|p2|Wo-Chien, L50|\n|poke|p2|Gyarados, L50, M|\n|teampreview|4\n|inactive|Battle timer is ON: inactive players will automatically lose when time's up. (requested by Ghostbiker603)\n|inactive|Ghostbiker603 has 60 seconds left.\n|\n|t:|1699923951\n|start\n|switch|p1a: Unhurried Leader|Slowking-Galar, L50, M, shiny|100\/100\n|switch|p1b: Strong Delibird|Iron Bundle, L50, shiny|100\/100\n|switch|p2a: Wo-Chien|Wo-Chien, L50|100\/100\n|switch|p2b: Gyarados|Gyarados, L50, M|100\/100\n|-ability|p2b: Gyarados|Intimidate|boost\n|-unboost|p1a: Unhurried Leader|atk|1\n|-unboost|p1b: Strong Delibird|atk|1\n|-ability|p2a: Wo-Chien|Tablets of Ruin\n|-enditem|p1b: Strong Delibird|Booster Energy\n|-activate|p1b: Strong Delibird|ability: Quark Drive|[fromitem]\n|-start|p1b: Strong Delibird|quarkdrivespe\n|turn|1\n|inactive|Ghostbiker603 has 30 seconds left.\n|\n|t:|1699923981\n|-terastallize|p2a: Wo-Chien|Electric\n|move|p1b: Strong Delibird|Freeze-Dry|p2b: Gyarados\n|-supereffective|p2b: Gyarados\n|-damage|p2b: Gyarados|0 fnt\n|faint|p2b: Gyarados\n|move|p2a: Wo-Chien|Leech Seed|p1b: Strong Delibird\n|-start|p1b: Strong Delibird|move: Leech Seed\n|move|p1a: Unhurried Leader|Chilly Reception|p1a: Unhurried Leader\n|-weather|Snow\n|\n|t:|1699923995\n|switch|p1a: Excalibur|Baxcalibur, L50, F, shiny|100\/100|[from] Chilly Reception\n|\n|-weather|Snow|[upkeep]\n|-damage|p1b: Strong Delibird|88\/100|[from] Leech Seed|[of] p2a: Wo-Chien\n|upkeep\n|\n|t:|1699924000\n|switch|p2b: Gothitelle|Gothitelle, L50, F|100\/100\n|turn|2\n|\n|t:|1699924018\n|move|p2b: Gothitelle|Fake Out|p1b: Strong Delibird\n|-crit|p1b: Strong Delibird\n|-damage|p1b: Strong Delibird|82\/100\n|cant|p1b: Strong Delibird|flinch\n|move|p1a: Excalibur|Icicle Crash|p2b: Gothitelle\n|-crit|p2b: Gothitelle\n|-damage|p2b: Gothitelle|42\/100\n|-enditem|p2b: Gothitelle|Sitrus Berry|[eat]\n|-heal|p2b: Gothitelle|67\/100|[from] item: Sitrus Berry\n|move|p2a: Wo-Chien|Leech Seed|p1a: Excalibur\n|-start|p1a: Excalibur|move: Leech Seed\n|\n|-weather|Snow|[upkeep]\n|-damage|p1b: Strong Delibird|70\/100|[from] Leech Seed|[of] p2a: Wo-Chien\n|-damage|p1a: Excalibur|88\/100|[from] Leech Seed|[of] p2a: Wo-Chien\n|upkeep\n|turn|3\n|inactive|Ghostbiker603 has 30 seconds left.\n|inactive|darrybest has 30 seconds left.\n|\n|t:|1699924046\n|switch|p2b: Dusclops|Dusclops, L50, M|100\/100\n|-item|p1a: Excalibur|Leftovers|[from] ability: Frisk|[of] p2b: Dusclops|[identify]\n|move|p2a: Wo-Chien|Protect|p2a: Wo-Chien\n|-singleturn|p2a: Wo-Chien|Protect\n|move|p1b: Strong Delibird|Encore||[still]\n|-fail|p1b: Strong Delibird\n|move|p1a: Excalibur|Icicle Crash|p2a: Wo-Chien\n|-activate|p2a: Wo-Chien|move: Protect\n|\n|-weather|Snow|[upkeep]\n|-heal|p1a: Excalibur|94\/100|[from] ability: Ice Body\n|-heal|p1a: Excalibur|99\/100|[from] item: Leftovers\n|-damage|p1b: Strong Delibird|58\/100|[from] Leech Seed|[of] p2a: Wo-Chien\n|-damage|p1a: Excalibur|88\/100|[from] Leech Seed|[of] p2a: Wo-Chien\n|upkeep\n|turn|4\n|\n|t:|1699924071\n|move|p1b: Strong Delibird|Freeze-Dry|p2b: Dusclops\n|-damage|p2b: Dusclops|83\/100\n|move|p1a: Excalibur|Icicle Crash|p2b: Dusclops\n|-damage|p2b: Dusclops|59\/100\n|move|p2a: Wo-Chien|Ruination|p1a: Excalibur\n|-damage|p1a: Excalibur|44\/100\n|move|p2b: Dusclops|Trick Room|p2b: Dusclops\n|-fieldstart|move: Trick Room|[of] p2b: Dusclops\n|\n|-weather|Snow|[upkeep]\n|-heal|p1a: Excalibur|50\/100|[from] ability: Ice Body\n|-heal|p1a: Excalibur|56\/100|[from] item: Leftovers\n|-damage|p1a: Excalibur|44\/100|[from] Leech Seed|[of] p2a: Wo-Chien\n|-damage|p1b: Strong Delibird|46\/100|[from] Leech Seed|[of] p2a: Wo-Chien\n|upkeep\n|turn|5\n|\n|t:|1699924090\n|move|p1a: Excalibur|Protect|p1a: Excalibur\n|-singleturn|p1a: Excalibur|Protect\n|move|p2b: Dusclops|Will-O-Wisp|p1a: Excalibur\n|-activate|p1a: Excalibur|move: Protect\n|move|p2a: Wo-Chien|Substitute|p2a: Wo-Chien\n|-start|p2a: Wo-Chien|Substitute\n|-damage|p2a: Wo-Chien|76\/100\n|move|p1b: Strong Delibird|Encore|p2b: Dusclops\n|-start|p2b: Dusclops|Encore\n|\n|-weather|none\n|-heal|p1a: Excalibur|50\/100|[from] item: Leftovers\n|-damage|p1a: Excalibur|37\/100|[from] Leech Seed|[of] p2a: Wo-Chien\n|-heal|p2a: Wo-Chien|93\/100|[silent]\n|-damage|p1b: Strong Delibird|33\/100|[from] Leech Seed|[of] p2a: Wo-Chien\n|-heal|p2a: Wo-Chien|100\/100|[silent]\n|upkeep\n|turn|6\n|inactive|Ghostbiker603 has 30 seconds left.\n|\n|t:|1699924119\n|move|p2b: Dusclops|Will-O-Wisp|p1a: Excalibur\n|-status|p1a: Excalibur|brn\n|move|p2a: Wo-Chien|Ruination|p1b: Strong Delibird\n|-damage|p1b: Strong Delibird|17\/100\n|move|p1a: Excalibur|Dragon Claw|p2b: Dusclops\n|-damage|p2b: Dusclops|47\/100\n|move|p1b: Strong Delibird|Freeze-Dry|p2a: Wo-Chien\n|-activate|p2a: Wo-Chien|move: Substitute|[damage]\n|\n|-heal|p1a: Excalibur|43\/100 brn|[from] item: Leftovers\n|-damage|p1a: Excalibur|31\/100 brn|[from] Leech Seed|[of] p2a: Wo-Chien\n|-damage|p1b: Strong Delibird|5\/100|[from] Leech Seed|[of] p2a: Wo-Chien\n|-damage|p1a: Excalibur|25\/100 brn|[from] brn\n|upkeep\n|turn|7\n|inactive|Ghostbiker603 has 30 seconds left.\n|\n|t:|1699924151\n|switch|p2b: Gothitelle|Gothitelle, L50, F|67\/100\n|switch|p1a: Unhurried Leader|Slowking-Galar, L50, M, shiny|100\/100\n|-end|p1b: Strong Delibird|Quark Drive|[silent]\n|switch|p1b: Ice Worm Thing|Chien-Pao, L50|100\/100\n|-ability|p1b: Ice Worm Thing|Sword of Ruin\n|move|p2a: Wo-Chien|Ruination|p1a: Unhurried Leader\n|-damage|p1a: Unhurried Leader|50\/100\n|\n|upkeep\n|turn|8\n|inactive|Ghostbiker603 has 30 seconds left.\n|inactive|darrybest has 30 seconds left.\n|\n|t:|1699924184\n|move|p1a: Unhurried Leader|Chilly Reception|p1a: Unhurried Leader\n|-weather|Snow\n|\n|t:|1699924188\n|switch|p1a: Excalibur|Baxcalibur, L50, F, shiny|25\/100 brn|[from] Chilly Reception\n|move|p2b: Gothitelle|Thunder Wave|p1b: Ice Worm Thing\n|-status|p1b: Ice Worm Thing|par\n|move|p2a: Wo-Chien|Leech Seed|p1a: Excalibur\n|-start|p1a: Excalibur|move: Leech Seed\n|cant|p1b: Ice Worm Thing|par\n|\n|-weather|Snow|[upkeep]\n|-heal|p1a: Excalibur|31\/100 brn|[from] ability: Ice Body\n|-heal|p1a: Excalibur|37\/100 brn|[from] item: Leftovers\n|-damage|p1a: Excalibur|24\/100 brn|[from] Leech Seed|[of] p2a: Wo-Chien\n|-damage|p1a: Excalibur|18\/100 brn|[from] brn\n|-fieldend|move: Trick Room\n|upkeep\n|turn|9\n|inactive|Ghostbiker603 has 30 seconds left.\n|\n|t:|1699924217\n|switch|p2b: Dusclops|Dusclops, L50, M|47\/100\n|-item|p1a: Excalibur|Leftovers|[from] ability: Frisk|[of] p2b: Dusclops|[identify]\n|-item|p1b: Ice Worm Thing|Focus Sash|[from] ability: Frisk|[of] p2b: Dusclops|[identify]\n|move|p1a: Excalibur|Dragon Dance|p1a: Excalibur\n|-boost|p1a: Excalibur|atk|1\n|-boost|p1a: Excalibur|spe|1\n|cant|p1b: Ice Worm Thing|par\n|move|p2a: Wo-Chien|Leech Seed|p1b: Ice Worm Thing\n|-start|p1b: Ice Worm Thing|move: Leech Seed\n|\n|-weather|Snow|[upkeep]\n|-heal|p1a: Excalibur|24\/100 brn|[from] ability: Ice Body\n|-heal|p1a: Excalibur|30\/100 brn|[from] item: Leftovers\n|-damage|p1a: Excalibur|18\/100 brn|[from] Leech Seed|[of] p2a: Wo-Chien\n|-damage|p1b: Ice Worm Thing|88\/100 par|[from] Leech Seed|[of] p2a: Wo-Chien\n|-damage|p1a: Excalibur|12\/100 brn|[from] brn\n|upkeep\n|turn|10\n|\n|t:|1699924240\n|move|p2a: Wo-Chien|Protect|p2a: Wo-Chien\n|-singleturn|p2a: Wo-Chien|Protect\n|move|p1a: Excalibur|Icicle Crash|p2b: Dusclops|[miss]\n|-miss|p1a: Excalibur|p2b: Dusclops\n|move|p1b: Ice Worm Thing|Ice Spinner|p2b: Dusclops\n|-damage|p2b: Dusclops|22\/100\n|move|p2b: Dusclops|Trick Room|p2b: Dusclops\n|-fieldstart|move: Trick Room|[of] p2b: Dusclops\n|\n|-weather|Snow|[upkeep]\n|-heal|p1a: Excalibur|18\/100 brn|[from] ability: Ice Body\n|-heal|p1a: Excalibur|24\/100 brn|[from] item: Leftovers\n|-damage|p1b: Ice Worm Thing|76\/100 par|[from] Leech Seed|[of] p2a: Wo-Chien\n|-damage|p1a: Excalibur|11\/100 brn|[from] Leech Seed|[of] p2a: Wo-Chien\n|-damage|p1a: Excalibur|5\/100 brn|[from] brn\n|upkeep\n|turn|11\n|inactive|Ghostbiker603 has 30 seconds left.\n|\n|t:|1699924269\n|move|p2b: Dusclops|Pain Split|p1b: Ice Worm Thing\n|-sethp|p1b: Ice Worm Thing|48\/100 par|[from] move: Pain Split|[silent]\n|-sethp|p2b: Dusclops|51\/100|[from] move: Pain Split\n|move|p2a: Wo-Chien|Ruination|p1b: Ice Worm Thing\n|-damage|p1b: Ice Worm Thing|24\/100 par\n|move|p1b: Ice Worm Thing|Ice Spinner|p2a: Wo-Chien\n|-end|p2a: Wo-Chien|Substitute\n|move|p1a: Excalibur|Dragon Claw|p2b: Dusclops\n|-damage|p2b: Dusclops|28\/100\n|\n|-weather|Snow|[upkeep]\n|-heal|p1a: Excalibur|11\/100 brn|[from] ability: Ice Body\n|-heal|p1a: Excalibur|17\/100 brn|[from] item: Leftovers\n|-damage|p1b: Ice Worm Thing|12\/100 par|[from] Leech Seed|[of] p2a: Wo-Chien\n|-damage|p1a: Excalibur|5\/100 brn|[from] Leech Seed|[of] p2a: Wo-Chien\n|-damage|p1a: Excalibur|0 fnt|[from] brn\n|faint|p1a: Excalibur\n|upkeep\n|\n|t:|1699924290\n|switch|p1a: Unhurried Leader|Slowking-Galar, L50, M, shiny|84\/100\n|turn|12\n|\n|t:|1699924307\n|move|p2b: Dusclops|Pain Split|p1a: Unhurried Leader\n|-sethp|p1a: Unhurried Leader|52\/100|[from] move: Pain Split|[silent]\n|-sethp|p2b: Dusclops|71\/100|[from] move: Pain Split\n|move|p1a: Unhurried Leader|Taunt|p2b: Dusclops\n|-start|p2b: Dusclops|move: Taunt\n|move|p2a: Wo-Chien|Substitute|p2a: Wo-Chien\n|-start|p2a: Wo-Chien|Substitute\n|-damage|p2a: Wo-Chien|76\/100\n|move|p1b: Ice Worm Thing|Ice Spinner|p2a: Wo-Chien\n|-end|p2a: Wo-Chien|Substitute\n|\n|-weather|none\n|-damage|p1b: Ice Worm Thing|0 fnt|[from] Leech Seed|[of] p2a: Wo-Chien\n|-heal|p2a: Wo-Chien|88\/100|[silent]\n|faint|p1b: Ice Worm Thing\n|upkeep\n|\n|t:|1699924323\n|switch|p1b: Strong Delibird|Iron Bundle, L50, shiny|5\/100\n|turn|13\n|inactive|Ghostbiker603 has 30 seconds left.\n|\n|t:|1699924352\n|switch|p2a: Gothitelle|Gothitelle, L50, F|67\/100\n|move|p2b: Dusclops|Night Shade|p1b: Strong Delibird\n|-damage|p1b: Strong Delibird|0 fnt\n|faint|p1b: Strong Delibird\n|-end|p1b: Strong Delibird|Quark Drive|[silent]\n|move|p1a: Unhurried Leader|Eerie Spell|p2a: Gothitelle\n|-resisted|p2a: Gothitelle\n|-damage|p2a: Gothitelle|55\/100\n|\n|upkeep\n|turn|14\n|\n|t:|1699924368\n|-terastallize|p1a: Unhurried Leader|Dark\n|move|p2a: Gothitelle|Fake Out|p1a: Unhurried Leader\n|-damage|p1a: Unhurried Leader|45\/100\n|move|p2b: Dusclops|Night Shade|p1a: Unhurried Leader\n|-damage|p1a: Unhurried Leader|20\/100\n|cant|p1a: Unhurried Leader|flinch\n|\n|-fieldend|move: Trick Room\n|upkeep\n|turn|15\n|\n|t:|1699924392\n|move|p2a: Gothitelle|Thunder Wave|p1a: Unhurried Leader\n|-status|p1a: Unhurried Leader|par\n|move|p2b: Dusclops|Night Shade|p1a: Unhurried Leader\n|-damage|p1a: Unhurried Leader|0 fnt\n|faint|p1a: Unhurried Leader\n|\n|win|darrybest\n|raw|Ghostbiker603's rating: 1064 &rarr; <strong>1050<\/strong><br \/>(-14 for losing)\n|raw|darrybest's rating: 1163 &rarr; <strong>1181<\/strong><br \/>(+18 for winning)\n","uploadtime":1699924397,"views":13,"p1id":"ghostbiker603","p2id":"darrybest","formatid":"gen9vgc2023regulatione","rating":1050,"private":0,"password":""}