{"id":"gen9vgc2023regulatione-1988413263","p1":"Salamencetv","p2":"Paschar","format":"[Gen 9] VGC 2023 Regulation E","log":"|j|\u2606Salamencetv\n|j|\u2606Paschar\n|t:|1699720226\n|gametype|doubles\n|player|p1|Salamencetv|pryce|\n|player|p2|Paschar|brycenman|\n|teamsize|p1|6\n|teamsize|p2|6\n|gen|9\n|tier|[Gen 9] VGC 2023 Regulation E\n|rule|Species Clause: Limit one of each Pok\u00e9mon\n|rule|Item Clause: Limit one of each item\n|clearpoke\n|poke|p1|Rillaboom, L50, M|\n|poke|p1|Enamorus-Therian, L50, F|\n|poke|p1|Sneasler, L50, F|\n|poke|p1|Golem, L50, F|\n|poke|p1|Goodra-Hisui, L50, F|\n|poke|p1|Slowbro, L50, F|\n|poke|p2|Snorlax, L50, F|\n|poke|p2|Munkidori, L50, M|\n|poke|p2|Arcanine, L50, F|\n|poke|p2|Dragonite, L50, F|\n|poke|p2|Iron Bundle, L50|\n|poke|p2|Stonjourner, L50, F|\n|teampreview|4\n|\n|t:|1699720261\n|start\n|switch|p1a: Jason Mamoa|Rillaboom, L50, M|100\/100\n|switch|p1b: Yas Queen|Sneasler, L50, F|100\/100\n|switch|p2a: Arcanine|Arcanine, L50, F|100\/100\n|switch|p2b: Munkidori|Munkidori, L50, M|100\/100\n|-ability|p2a: Arcanine|Intimidate|boost\n|-unboost|p1a: Jason Mamoa|atk|1\n|-unboost|p1b: Yas Queen|atk|1\n|-fieldstart|move: Grassy Terrain|[from] ability: Grassy Surge|[of] p1a: Jason Mamoa\n|turn|1\n|\n|t:|1699720298\n|-terastallize|p1a: Jason Mamoa|Fire\n|move|p1b: Yas Queen|Fake Out|p2b: Munkidori\n|-damage|p2b: Munkidori|86\/100\n|move|p2a: Arcanine|Flare Blitz|p1a: Jason Mamoa\n|-resisted|p1a: Jason Mamoa\n|-damage|p1a: Jason Mamoa|74\/100\n|-damage|p2a: Arcanine|91\/100|[from] Recoil\n|cant|p2b: Munkidori|flinch\n|move|p1a: Jason Mamoa|U-turn|p2b: Munkidori\n|-damage|p2b: Munkidori|59\/100\n|\n|t:|1699720315\n|switch|p1a: Woomy|Goodra-Hisui, L50, F|100\/100|[from] U-turn\n|\n|-heal|p2a: Arcanine|97\/100|[from] Grassy Terrain\n|-heal|p2b: Munkidori|65\/100|[from] Grassy Terrain\n|upkeep\n|turn|2\n|\n|t:|1699720330\n|switch|p2a: Snorlax|Snorlax, L50, F|100\/100\n|switch|p1b: Jason Mamoa|Rillaboom, L50, M, tera:Fire|74\/100\n|move|p2b: Munkidori|Psychic|p1b: Jason Mamoa\n|-crit|p1b: Jason Mamoa\n|-damage|p1b: Jason Mamoa|20\/100\n|move|p1a: Woomy|Rock Slide|p2b: Munkidori|[spread] p2a,p2b\n|-damage|p2a: Snorlax|90\/100\n|-damage|p2b: Munkidori|47\/100\n|\n|-heal|p2b: Munkidori|53\/100|[from] Grassy Terrain\n|-heal|p1b: Jason Mamoa|26\/100|[from] Grassy Terrain\n|-heal|p2a: Snorlax|96\/100|[from] Grassy Terrain\n|upkeep\n|turn|3\n|\n|t:|1699720350\n|move|p1b: Jason Mamoa|Fake Out|p2b: Munkidori\n|-damage|p2b: Munkidori|30\/100\n|cant|p2b: Munkidori|flinch\n|move|p1a: Woomy|Heavy Slam|p2b: Munkidori\n|-damage|p2b: Munkidori|0 fnt\n|faint|p2b: Munkidori\n|move|p2a: Snorlax|High Horsepower|p1a: Woomy\n|-supereffective|p1a: Woomy\n|-damage|p1a: Woomy|52\/100\n|\n|-heal|p1b: Jason Mamoa|32\/100|[from] Grassy Terrain\n|-heal|p1a: Woomy|58\/100|[from] Grassy Terrain\n|-heal|p1a: Woomy|64\/100|[from] item: Leftovers\n|-heal|p2a: Snorlax|100\/100|[from] Grassy Terrain\n|upkeep\n|\n|t:|1699720377\n|switch|p2b: Arcanine|Arcanine, L50, F|97\/100\n|-ability|p2b: Arcanine|Intimidate|boost\n|-unboost|p1a: Woomy|atk|1\n|-unboost|p1b: Jason Mamoa|atk|1\n|turn|4\n|\n|t:|1699720395\n|switch|p1a: NootNoot|Enamorus-Therian, L50, F|100\/100\n|move|p2b: Arcanine|Flare Blitz|p1b: Jason Mamoa\n|-resisted|p1b: Jason Mamoa\n|-damage|p1b: Jason Mamoa|4\/100\n|-damage|p2b: Arcanine|87\/100|[from] Recoil\n|move|p1b: Jason Mamoa|Wood Hammer|p2a: Snorlax\n|-damage|p2a: Snorlax|54\/100\n|-damage|p1b: Jason Mamoa|0 fnt|[from] Recoil\n|faint|p1b: Jason Mamoa\n|move|p2a: Snorlax|High Horsepower|p1a: NootNoot\n|-immune|p1a: NootNoot\n|\n|-heal|p2b: Arcanine|93\/100|[from] Grassy Terrain\n|-heal|p2a: Snorlax|61\/100|[from] Grassy Terrain\n|upkeep\n|\n|t:|1699720410\n|switch|p1b: Yas Queen|Sneasler, L50, F|100\/100\n|turn|5\n|\n|t:|1699720440\n|move|p1b: Yas Queen|Fake Out|p2b: Arcanine\n|-damage|p2b: Arcanine|74\/100\n|cant|p2b: Arcanine|flinch\n|move|p1a: NootNoot|Calm Mind|p1a: NootNoot\n|-boost|p1a: NootNoot|spa|1\n|-boost|p1a: NootNoot|spd|1\n|move|p2a: Snorlax|Heavy Slam|p1a: NootNoot\n|-supereffective|p1a: NootNoot\n|-damage|p1a: NootNoot|29\/100\n|-enditem|p1a: NootNoot|Sitrus Berry|[eat]\n|-heal|p1a: NootNoot|54\/100|[from] item: Sitrus Berry\n|\n|-heal|p2b: Arcanine|80\/100|[from] Grassy Terrain\n|-heal|p2a: Snorlax|67\/100|[from] Grassy Terrain\n|-fieldend|move: Grassy Terrain\n|upkeep\n|turn|6\n|\n|t:|1699720462\n|move|p2b: Arcanine|Flare Blitz|p1b: Yas Queen\n|-damage|p1b: Yas Queen|1\/100\n|-damage|p2b: Arcanine|50\/100|[from] Recoil\n|move|p1b: Yas Queen|Close Combat|p2a: Snorlax\n|-supereffective|p2a: Snorlax\n|-damage|p2a: Snorlax|0 fnt\n|-unboost|p1b: Yas Queen|def|1\n|-unboost|p1b: Yas Queen|spd|1\n|faint|p2a: Snorlax\n|move|p1a: NootNoot|Earth Power|p2b: Arcanine\n|-supereffective|p2b: Arcanine\n|-damage|p2b: Arcanine|0 fnt\n|faint|p2b: Arcanine\n|\n|upkeep\n|\n|t:|1699720484\n|switch|p2b: Dragonite|Dragonite, L50, F|100\/100\n|turn|7\n|\n|t:|1699720502\n|-terastallize|p2b: Dragonite|Normal\n|move|p1b: Yas Queen|Quick Guard|p1b: Yas Queen\n|-singleturn|p1b: Yas Queen|Quick Guard\n|move|p2b: Dragonite|Extreme Speed|p1b: Yas Queen\n|-activate|p1b: Yas Queen|move: Quick Guard\n|move|p1a: NootNoot|Springtide Storm|p2b: Dragonite\n|-damage|p2b: Dragonite|32\/100\n|\n|upkeep\n|turn|8\n|\n|t:|1699720519\n|move|p2b: Dragonite|Extreme Speed|p1b: Yas Queen\n|-damage|p1b: Yas Queen|0 fnt\n|faint|p1b: Yas Queen\n|move|p1a: NootNoot|Springtide Storm|p2b: Dragonite\n|-damage|p2b: Dragonite|0 fnt\n|faint|p2b: Dragonite\n|\n|win|Salamencetv\n","uploadtime":1699720524,"views":37,"p1id":"salamencetv","p2id":"paschar","formatid":"gen9vgc2023regulatione","rating":0,"private":0,"password":""}