{"id":"gen9vgc2023regulatione-1989242856","p1":"PcistaMasterRace","p2":"BootsBlue","format":"[Gen 9] VGC 2023 Regulation E","log":"|j|\u2606PcistaMasterRace\n|j|\u2606BootsBlue\n|t:|1699827226\n|gametype|doubles\n|player|p1|PcistaMasterRace|102|1255\n|player|p2|BootsBlue|265|1365\n|teamsize|p1|6\n|teamsize|p2|6\n|gen|9\n|tier|[Gen 9] VGC 2023 Regulation E\n|rated|\n|rule|Species Clause: Limit one of each Pok\u00e9mon\n|rule|Item Clause: Limit one of each item\n|clearpoke\n|poke|p1|Indeedee-F, L50, F|\n|poke|p1|Armarouge, L50, M|\n|poke|p1|Hatterene, L50, F|\n|poke|p1|Ursaluna, L50, F|\n|poke|p1|Annihilape, L50, M|\n|poke|p1|Torkoal, L50, F|\n|poke|p2|Urshifu-*, L50, M|\n|poke|p2|Shiftry, L50, F|\n|poke|p2|Tornadus, L50, M|\n|poke|p2|Regidrago, L50|\n|poke|p2|Ursaluna-Bloodmoon, L50, M|\n|poke|p2|Cresselia, L50, F|\n|teampreview|4\n|inactive|Battle timer is ON: inactive players will automatically lose when time's up. (requested by BootsBlue)\n|\n|t:|1699827265\n|start\n|switch|p1a: Indeedee|Indeedee-F, L50, F, shiny|100\/100\n|switch|p1b: Annihilape|Annihilape, L50, M, shiny|100\/100\n|switch|p2a: Urshifu|Urshifu, L50, M|100\/100\n|switch|p2b: Regidrago|Regidrago, L50|100\/100\n|-fieldstart|move: Psychic Terrain|[from] ability: Psychic Surge|[of] p1a: Indeedee\n|-enditem|p1a: Indeedee|Psychic Seed\n|-boost|p1a: Indeedee|spd|1|[from] item: Psychic Seed\n|turn|1\n|\n|t:|1699827287\n|switch|p2a: Cresselia|Cresselia, L50, F|100\/100\n|-terastallize|p1a: Indeedee|Dragon\n|move|p1b: Annihilape|Final Gambit|p2b: Regidrago\n|-damage|p2b: Regidrago|22\/100\n|faint|p1b: Annihilape\n|move|p2b: Regidrago|Dragon Energy|p1a: Indeedee\n|-supereffective|p1a: Indeedee\n|-damage|p1a: Indeedee|63\/100\n|move|p1a: Indeedee|Trick Room|p1a: Indeedee\n|-fieldstart|move: Trick Room|[of] p1a: Indeedee\n|\n|upkeep\n|\n|t:|1699827300\n|switch|p1b: Torkoal|Torkoal, L50, F, shiny|100\/100\n|-weather|SunnyDay|[from] ability: Drought|[of] p1b: Torkoal\n|turn|2\n|\n|t:|1699827306\n|move|p1a: Indeedee|Helping Hand|p1b: Torkoal\n|-singleturn|p1b: Torkoal|Helping Hand|[of] p1a: Indeedee\n|move|p2b: Regidrago|Protect|p2b: Regidrago\n|-singleturn|p2b: Regidrago|Protect\n|move|p1b: Torkoal|Eruption|p2b: Regidrago|[spread] p2a\n|-activate|p2b: Regidrago|move: Protect\n|-damage|p2a: Cresselia|15\/100\n|move|p2a: Cresselia|Trick Room|p2a: Cresselia\n|-fieldend|move: Trick Room\n|\n|-weather|SunnyDay|[upkeep]\n|upkeep\n|turn|3\n|\n|t:|1699827322\n|switch|p1a: Armarouge|Armarouge, L50, M, shiny|100\/100\n|move|p1b: Torkoal|Protect|p1b: Torkoal\n|-singleturn|p1b: Torkoal|Protect\n|move|p2b: Regidrago|Dragon Pulse|p1b: Torkoal\n|-activate|p1b: Torkoal|move: Protect\n|move|p2a: Cresselia|Lunar Blessing|p2a: Cresselia|[spread] p2a,p2b\n|-heal|p2a: Cresselia|40\/100\n|-heal|p2b: Regidrago|47\/100\n|\n|-weather|SunnyDay|[upkeep]\n|upkeep\n|turn|4\n|\n|t:|1699827340\n|move|p2b: Regidrago|Dragon Pulse|p1a: Armarouge\n|-damage|p1a: Armarouge|20\/100\n|move|p2a: Cresselia|Lunar Blessing|p2a: Cresselia|[spread] p2a,p2b\n|-heal|p2a: Cresselia|65\/100\n|-heal|p2b: Regidrago|72\/100\n|move|p1b: Torkoal|Heat Wave|p2b: Regidrago|[spread] p2b\n|-miss|p1b: Torkoal|p2a: Cresselia\n|-resisted|p2b: Regidrago\n|-damage|p2b: Regidrago|41\/100\n|move|p1a: Armarouge|Trick Room|p1a: Armarouge\n|-fieldstart|move: Trick Room|[of] p1a: Armarouge\n|\n|-weather|SunnyDay|[upkeep]\n|upkeep\n|turn|5\n|\n|t:|1699827365\n|move|p1b: Torkoal|Eruption|p2b: Regidrago|[spread] p2a,p2b\n|-resisted|p2b: Regidrago\n|-damage|p2a: Cresselia|11\/100\n|-damage|p2b: Regidrago|0 fnt\n|faint|p2b: Regidrago\n|move|p1a: Armarouge|Expanding Force|p2a: Cresselia\n|-resisted|p2a: Cresselia\n|-damage|p2a: Cresselia|0 fnt\n|faint|p2a: Cresselia\n|\n|-weather|SunnyDay|[upkeep]\n|-fieldend|move: Psychic Terrain\n|upkeep\n|\n|t:|1699827370\n|switch|p2a: Ursaluna|Ursaluna-Bloodmoon, L50, M|100\/100\n|switch|p2b: Urshifu|Urshifu, L50, M|100\/100\n|turn|6\n|\n|t:|1699827394\n|switch|p1a: Indeedee|Indeedee-F, L50, F, shiny, tera:Dragon|63\/100\n|-fieldstart|move: Psychic Terrain|[from] ability: Psychic Surge|[of] p1a: Indeedee\n|move|p2b: Urshifu|Sucker Punch|p1b: Torkoal\n|-activate|p1b: Torkoal|move: Psychic Terrain\n|move|p1b: Torkoal|Eruption|p2a: Ursaluna|[spread] p2a,p2b\n|-damage|p2a: Ursaluna|0 fnt\n|-damage|p2b: Urshifu|0 fnt\n|faint|p2a: Ursaluna\n|faint|p2b: Urshifu\n|\n|win|PcistaMasterRace\n|raw|PcistaMasterRace's rating: 1255 &rarr; <strong>1288<\/strong><br \/>(+33 for winning)\n|raw|BootsBlue's rating: 1365 &rarr; <strong>1339<\/strong><br \/>(-26 for losing)\n|l|\u2606BootsBlue\n","uploadtime":1699827556,"views":12,"p1id":"pcistamasterrace","p2id":"bootsblue","formatid":"gen9vgc2023regulatione","rating":1288,"private":0,"password":""}