{"id":"gen9vgc2023regulatione-1998569862","p1":"huntchaser","p2":"Katatatat_","format":"[Gen 9] VGC 2023 Regulation E","log":"|j|\u2606huntchaser\n|j|\u2606Katatatat_\n|t:|1700957594\n|gametype|doubles\n|player|p1|huntchaser|atticus|1022\n|player|p2|Katatatat_|hilbert|1074\n|teamsize|p1|6\n|teamsize|p2|6\n|gen|9\n|tier|[Gen 9] VGC 2023 Regulation E\n|rated|\n|rule|Species Clause: Limit one of each Pok\u00e9mon\n|rule|Item Clause: Limit one of each item\n|clearpoke\n|poke|p1|Raichu-Alola, L50, F|\n|poke|p1|Pincurchin, L50, F|\n|poke|p1|Tauros-Paldea-Blaze, L50, M|\n|poke|p1|Ogerpon-Wellspring, L50, F|\n|poke|p1|Gholdengo, L50|\n|poke|p1|Iron Bundle, L50|\n|poke|p2|Tornadus, L50, M|\n|poke|p2|Urshifu-*, L50, M|\n|poke|p2|Flutter Mane, L50|\n|poke|p2|Arcanine-Hisui, L50, F|\n|poke|p2|Indeedee-F, L50, F|\n|poke|p2|Iron Bundle, L50|\n|teampreview|4\n|inactive|Battle timer is ON: inactive players will automatically lose when time's up. (requested by Katatatat_)\n|inactive|huntchaser also wants the timer to be on.\nhuntchaser has agreed to open team sheets.\n|inactive|Katatatat_ has 60 seconds left.\n|\n|t:|1700957652\n|start\n|switch|p1a: Pincurchin|Pincurchin, L50, F|100\/100\n|switch|p1b: Raichu|Raichu-Alola, L50, F|100\/100\n|switch|p2a: Tornadus|Tornadus, L50, M|100\/100\n|switch|p2b: Iron Bundle|Iron Bundle, L50|100\/100\n|-fieldstart|move: Electric Terrain|[from] ability: Electric Surge|[of] p1a: Pincurchin\n|-activate|p2b: Iron Bundle|ability: Quark Drive\n|-start|p2b: Iron Bundle|quarkdrivespe\n|turn|1\n|inactive|Katatatat_ has 30 seconds left.\n|\n|t:|1700957682\n|move|p2a: Tornadus|Tailwind|p2a: Tornadus\n|-sidestart|p2: Katatatat_|move: Tailwind\n|move|p1a: Pincurchin|Sucker Punch|p2b: Iron Bundle\n|-damage|p2b: Iron Bundle|80\/100\n|move|p2b: Iron Bundle|Freeze-Dry|p1b: Raichu\n|-damage|p1b: Raichu|61\/100\n|move|p1b: Raichu|Thunderbolt|p2a: Tornadus\n|-supereffective|p2a: Tornadus\n|-crit|p2a: Tornadus\n|-enditem|p2a: Tornadus|Focus Sash\n|-damage|p2a: Tornadus|1\/100\n|\n|upkeep\n|turn|2\n|\n|t:|1700957700\n|move|p2a: Tornadus|Protect|p2a: Tornadus\n|-singleturn|p2a: Tornadus|Protect\n|move|p1a: Pincurchin|Sucker Punch||[still]\n|-fail|p1a: Pincurchin\n|move|p2b: Iron Bundle|Freeze-Dry|p1b: Raichu\n|-damage|p1b: Raichu|17\/100\n|-enditem|p1b: Raichu|Sitrus Berry|[eat]\n|-heal|p1b: Raichu|42\/100|[from] item: Sitrus Berry\n|move|p1b: Raichu|Thunderbolt|p2b: Iron Bundle\n|-supereffective|p2b: Iron Bundle\n|-damage|p2b: Iron Bundle|0 fnt\n|faint|p2b: Iron Bundle\n|-end|p2b: Iron Bundle|Quark Drive|[silent]\n|\n|upkeep\n|\n|t:|1700957716\n|switch|p2b: Flutter Mane|Flutter Mane, L50|100\/100\n|turn|3\n|\n|t:|1700957740\n|move|p1b: Raichu|Protect|p1b: Raichu\n|-singleturn|p1b: Raichu|Protect\n|move|p1a: Pincurchin|Sucker Punch|p2b: Flutter Mane\n|-damage|p2b: Flutter Mane|67\/100\n|move|p2a: Tornadus|Bleakwind Storm|p1a: Pincurchin|[spread] p1a\n|-activate|p1b: Raichu|move: Protect\n|-resisted|p1a: Pincurchin\n|-damage|p1a: Pincurchin|81\/100\n|move|p2b: Flutter Mane|Dazzling Gleam|p1a: Pincurchin|[spread] p1a\n|-activate|p1b: Raichu|move: Protect\n|-crit|p1a: Pincurchin\n|-damage|p1a: Pincurchin|0 fnt\n|faint|p1a: Pincurchin\n|\n|upkeep\n|\n|t:|1700957754\n|switch|p1a: Iron Bundle|Iron Bundle, L50|100\/100\n|-activate|p1a: Iron Bundle|ability: Quark Drive\n|-start|p1a: Iron Bundle|quarkdrivespe\n|turn|4\n|\n|t:|1700957765\n|move|p2a: Tornadus|Protect|p2a: Tornadus\n|-singleturn|p2a: Tornadus|Protect\n|move|p2b: Flutter Mane|Dazzling Gleam|p1b: Raichu|[spread] p1a,p1b\n|-damage|p1a: Iron Bundle|32\/100\n|-damage|p1b: Raichu|0 fnt\n|faint|p1b: Raichu\n|move|p1a: Iron Bundle|Icy Wind|p2b: Flutter Mane|[spread] p2b\n|-activate|p2a: Tornadus|move: Protect\n|-damage|p2b: Flutter Mane|50\/100\n|-unboost|p2b: Flutter Mane|spe|1\n|\n|-sideend|p2: Katatatat_|move: Tailwind\n|upkeep\n|\n|t:|1700957776\n|switch|p1b: Tauros|Tauros-Paldea-Blaze, L50, M|100\/100\n|-ability|p1b: Tauros|Intimidate|boost\n|-unboost|p2a: Tornadus|atk|1\n|-unboost|p2b: Flutter Mane|atk|1\n|turn|5\n|inactive|Katatatat_ has 30 seconds left.\n|\n|t:|1700957802\n|move|p1a: Iron Bundle|Icy Wind|p2b: Flutter Mane|[spread] p2a\n|-miss|p1a: Iron Bundle|p2b: Flutter Mane\n|-supereffective|p2a: Tornadus\n|-damage|p2a: Tornadus|0 fnt\n|faint|p2a: Tornadus\n|move|p1b: Tauros|Raging Bull|p2b: Flutter Mane\n|-damage|p2b: Flutter Mane|0 fnt\n|faint|p2b: Flutter Mane\n|-end|p2b: Flutter Mane|Protosynthesis|[silent]\n|\n|-fieldend|move: Electric Terrain\n|-end|p1a: Iron Bundle|Quark Drive\n|upkeep\n|-enditem|p1a: Iron Bundle|Booster Energy\n|-activate|p1a: Iron Bundle|ability: Quark Drive|[fromitem]\n|-start|p1a: Iron Bundle|quarkdrivespe\n|\n|t:|1700957817\n|switch|p2b: Urshifu|Urshifu-Rapid-Strike, L50, M|100\/100\n|turn|6\n|\n|t:|1700957832\n|-terastallize|p1b: Tauros|Grass\n|move|p2b: Urshifu|Detect|p2b: Urshifu\n|-singleturn|p2b: Urshifu|Protect\n|move|p1a: Iron Bundle|Freeze-Dry|p2b: Urshifu\n|-activate|p2b: Urshifu|move: Protect\n|move|p1b: Tauros|Zen Headbutt|p2b: Urshifu\n|-activate|p2b: Urshifu|move: Protect\n|\n|upkeep\n|turn|7\n|\n|t:|1700957847\n|move|p1a: Iron Bundle|Freeze-Dry|p2b: Urshifu\n|-supereffective|p2b: Urshifu\n|-damage|p2b: Urshifu|15\/100\n|move|p2b: Urshifu|Brick Break|p1a: Iron Bundle\n|-supereffective|p1a: Iron Bundle\n|-damage|p1a: Iron Bundle|0 fnt\n|faint|p1a: Iron Bundle\n|-end|p1a: Iron Bundle|Quark Drive|[silent]\n|move|p1b: Tauros|Zen Headbutt|p2b: Urshifu|[miss]\n|-miss|p1b: Tauros|p2b: Urshifu\n|\n|upkeep\n|turn|8\n|\n|t:|1700957862\n|move|p2b: Urshifu|Brick Break|p1b: Tauros\n|-damage|p1b: Tauros|63\/100\n|move|p1b: Tauros|Zen Headbutt|p2b: Urshifu\n|-supereffective|p2b: Urshifu\n|-damage|p2b: Urshifu|0 fnt\n|faint|p2b: Urshifu\n|\n|win|huntchaser\n|raw|huntchaser's rating: 1022 &rarr; <strong>1064<\/strong><br \/>(+42 for winning)\n|raw|Katatatat_'s rating: 1074 &rarr; <strong>1050<\/strong><br \/>(-24 for losing)\n|c|\u2606huntchaser|gg\n","uploadtime":1700957870,"views":4,"p1id":"huntchaser","p2id":"katatatat","formatid":"gen9vgc2023regulatione","rating":1050,"private":0,"password":""}