{"id":"gen9vgc2023regulatione-1990212053","p1":"bananas4breakfast","p2":"Tankiton","format":"[Gen 9] VGC 2023 Regulation E","log":"|j|\u2606bananas4breakfast\n|j|\u2606Tankiton\n|t:|1699938138\n|gametype|doubles\n|player|p1|bananas4breakfast|backersf|1399\n|player|p2|Tankiton|266|1469\n|teamsize|p1|6\n|teamsize|p2|6\n|gen|9\n|tier|[Gen 9] VGC 2023 Regulation E\n|rated|\n|rule|Species Clause: Limit one of each Pok\u00e9mon\n|rule|Item Clause: Limit one of each item\n|clearpoke\n|poke|p1|Chien-Pao, L50|\n|poke|p1|Tornadus, L50, M|\n|poke|p1|Urshifu-*, L50, M|\n|poke|p1|Iron Hands, L50|\n|poke|p1|Arcanine-Hisui, L50, M|\n|poke|p1|Sinistcha, L50|\n|poke|p2|Cresselia, L50, F|\n|poke|p2|Iron Hands, L50|\n|poke|p2|Ursaluna-Bloodmoon, L50, M|\n|poke|p2|Ogerpon-Hearthflame, L50, F|\n|poke|p2|Chien-Pao, L50|\n|poke|p2|Landorus-Therian, L50, M|\n|teampreview|4\n|inactive|Battle timer is ON: inactive players will automatically lose when time's up. (requested by Tankiton)\n|\n|t:|1699938189\n|start\n|switch|p1a: Chien-Pao|Chien-Pao, L50|100\/100\n|switch|p1b: Arcanine|Arcanine-Hisui, L50, M|100\/100\n|switch|p2a: Cresselia|Cresselia, L50, F|100\/100\n|switch|p2b: Landorus|Landorus-Therian, L50, M|100\/100\n|-ability|p2b: Landorus|Intimidate|boost\n|-unboost|p1a: Chien-Pao|atk|1\n|-unboost|p1b: Arcanine|atk|1\n|-ability|p1a: Chien-Pao|Sword of Ruin\n|-ability|p1b: Arcanine|Intimidate|boost\n|-unboost|p2a: Cresselia|atk|1\n|-unboost|p2b: Landorus|atk|1\n|turn|1\n|j| powerjehun\n|inactive|bananas4breakfast has 30 seconds left.\n|\n|t:|1699938218\n|switch|p1b: Sinistcha|Sinistcha, L50|100\/100\n|-terastallize|p2a: Cresselia|Water\n|move|p1a: Chien-Pao|Protect|p1a: Chien-Pao\n|-singleturn|p1a: Chien-Pao|Protect\n|move|p2b: Landorus|U-turn|p1a: Chien-Pao\n|-activate|p1a: Chien-Pao|move: Protect\n|move|p2a: Cresselia|Trick Room|p2a: Cresselia\n|-fieldstart|move: Trick Room|[of] p2a: Cresselia\n|\n|upkeep\n|turn|2\n|inactive|bananas4breakfast has 30 seconds left.\n|\n|t:|1699938245\n|switch|p1a: Urshifu|Urshifu-Rapid-Strike, L50, M|100\/100\n|switch|p2b: Iron Hands|Iron Hands, L50|100\/100\n|move|p1b: Sinistcha|Nasty Plot|p1b: Sinistcha\n|-boost|p1b: Sinistcha|spa|2\n|move|p2a: Cresselia|Trick Room|p2a: Cresselia\n|-fieldend|move: Trick Room\n|\n|upkeep\n|turn|3\n|inactive|bananas4breakfast has 30 seconds left.\n|inactive|Tankiton has 30 seconds left.\n|inactive|bananas4breakfast has 20 seconds left.\n|inactive|Tankiton has 20 seconds left.\n|\n|t:|1699938283\n|-terastallize|p1a: Urshifu|Water\n|move|p2a: Cresselia|Ally Switch|p2a: Cresselia\n|swap|p2a: Cresselia|1|[from] move: Ally Switch\n|move|p1a: Urshifu|Surging Strikes|p2b: Cresselia\n|-resisted|p2b: Cresselia\n|-crit|p2b: Cresselia\n|-damage|p2b: Cresselia|92\/100\n|-resisted|p2b: Cresselia\n|-crit|p2b: Cresselia\n|-damage|p2b: Cresselia|83\/100\n|-resisted|p2b: Cresselia\n|-crit|p2b: Cresselia\n|-damage|p2b: Cresselia|74\/100\n|-hitcount|p2b: Cresselia|3\n|move|p1b: Sinistcha|Matcha Gotcha|p2a: Iron Hands|[spread] p2a,p2b\n|-supereffective|p2b: Cresselia\n|-damage|p2a: Iron Hands|73\/100\n|-damage|p2b: Cresselia|12\/100\n|move|p2a: Iron Hands|Wild Charge|p1a: Urshifu\n|-supereffective|p1a: Urshifu\n|-damage|p1a: Urshifu|0 fnt\n|faint|p1a: Urshifu\n|-damage|p2a: Iron Hands|55\/100|[from] Recoil\n|\n|upkeep\n|\n|t:|1699938301\n|switch|p1a: Arcanine|Arcanine-Hisui, L50, M|100\/100\n|-ability|p1a: Arcanine|Intimidate|boost\n|-unboost|p2a: Iron Hands|atk|1\n|-unboost|p2b: Cresselia|atk|1\n|turn|4\n|\n|t:|1699938318\n|-end|p2a: Iron Hands|Quark Drive|[silent]\n|switch|p2a: Landorus|Landorus-Therian, L50, M|100\/100\n|-ability|p2a: Landorus|Intimidate|boost\n|-unboost|p1a: Arcanine|atk|1\n|-unboost|p1b: Sinistcha|atk|1\n|move|p1a: Arcanine|Extreme Speed|p2a: Landorus\n|-damage|p2a: Landorus|74\/100\n|move|p1b: Sinistcha|Nasty Plot|p1b: Sinistcha\n|-boost|p1b: Sinistcha|spa|2\n|move|p2b: Cresselia|Trick Room|p2b: Cresselia\n|-fieldstart|move: Trick Room|[of] p2b: Cresselia\n|\n|upkeep\n|turn|5\n|\n|t:|1699938335\n|move|p1a: Arcanine|Extreme Speed|p2b: Cresselia\n|-damage|p2b: Cresselia|0 fnt\n|faint|p2b: Cresselia\n|move|p1b: Sinistcha|Matcha Gotcha|p2a: Landorus\n|-damage|p2a: Landorus|0 fnt\n|faint|p2a: Landorus\n|\n|upkeep\n|\n|t:|1699938340\n|switch|p2b: Iron Hands|Iron Hands, L50|55\/100\n|switch|p2a: Ursaluna|Ursaluna-Bloodmoon, L50, M|100\/100\n|turn|6\n|\n|t:|1699938353\n|move|p1a: Arcanine|Extreme Speed|p2b: Iron Hands\n|-damage|p2b: Iron Hands|38\/100\n|move|p2a: Ursaluna|Blood Moon|p1b: Sinistcha\n|-damage|p1b: Sinistcha|21\/100\n|-enditem|p1b: Sinistcha|Sitrus Berry|[eat]\n|-heal|p1b: Sinistcha|45\/100|[from] item: Sitrus Berry\n|move|p2b: Iron Hands|Wild Charge|p1b: Sinistcha\n|-resisted|p1b: Sinistcha\n|-damage|p1b: Sinistcha|23\/100\n|-damage|p2b: Iron Hands|34\/100|[from] Recoil\n|move|p1b: Sinistcha|Matcha Gotcha|p2a: Ursaluna|[spread] p2a,p2b\n|-supereffective|p2a: Ursaluna\n|-damage|p2a: Ursaluna|0 fnt\n|-heal|p1b: Sinistcha|85\/100|[from] drain|[of] p2a: Ursaluna\n|-damage|p2b: Iron Hands|0 fnt\n|-heal|p1b: Sinistcha|100\/100|[from] drain|[of] p2b: Iron Hands\n|faint|p2a: Ursaluna\n|faint|p2b: Iron Hands\n|-end|p2b: Iron Hands|Quark Drive|[silent]\n|\n|win|bananas4breakfast\n|raw|bananas4breakfast's rating: 1399 &rarr; <strong>1423<\/strong><br \/>(+24 for winning)\n|raw|Tankiton's rating: 1469 &rarr; <strong>1445<\/strong><br \/>(-24 for losing)\n|l|\u2606Tankiton\n","uploadtime":1699938373,"views":18,"p1id":"bananas4breakfast","p2id":"tankiton","formatid":"gen9vgc2023regulatione","rating":1423,"private":0,"password":""}