{"id":"gen9vgc2023regulatione-1999910898","p1":"Backwards_Gear746","p2":"iopn","format":"[Gen 9] VGC 2023 Regulation E","log":"|j|\u2606Backwards_Gear746\n|j|\u2606iopn\n|n|\u2606Backwards_Gear746|backwardsgear746\n|n|\u2606iopn|iopn\n|html|View the match progress at <a href=\"\/game-bestof3-gen9vgc2023regulatione-1999906861\">game-bestof3-gen9vgc2023regulatione-1999906861<\/a>\n|t:|1701129093\n|gametype|doubles\n|player|p1|Backwards_Gear746|cynthia-gen7|\n|player|p2|iopn|1|\n|teamsize|p1|6\n|teamsize|p2|6\n|gen|9\n|tier|[Gen 9] VGC 2023 Regulation E\n|rated|Tournament battle\n|rule|Species Clause: Limit one of each Pok\u00e9mon\n|rule|Item Clause: Limit one of each item\n|clearpoke\n|poke|p1|Flutter Mane, L50|\n|poke|p1|Iron Hands, L50|\n|poke|p1|Milotic, L50, F|\n|poke|p1|Landorus-Therian, L50, M|\n|poke|p1|Urshifu-*, L50, M|\n|poke|p1|Chi-Yu, L50|\n|poke|p2|Landorus, L50, M|\n|poke|p2|Flutter Mane, L50|\n|poke|p2|Urshifu-*, L50, M|\n|poke|p2|Heatran, L50, M|\n|poke|p2|Rillaboom, L50, M|\n|poke|p2|Salamence, L50, F|\n|teampreview|4\n|showteam|p1|Flutter Mane||ChoiceSpecs|Protosynthesis|Moonblast,ShadowBall,DazzlingGleam,Thunderbolt||||||50|,,,,,Fairy]Iron Hands||AssaultVest|QuarkDrive|WildCharge,DrainPunch,HeavySlam,FakeOut||||||50|,,,,,Grass]Milotic||FlameOrb|MarvelScale|Scald,DrainingKiss,HelpingHand,Protect|||F|||50|,,,,,Dragon]Landorus-Therian||ChoiceScarf|Intimidate|StompingTantrum,TeraBlast,Uturn,RockSlide|||M|||50|,,,,,Flying]Urshifu-Rapid-Strike||LifeOrb|UnseenFist|SurgingStrikes,CloseCombat,IceSpinner,Uturn|||M|||50|,,,,,Water]Chi-Yu||SafetyGoggles|BeadsofRuin|Overheat,HeatWave,DarkPulse,Protect||||||50|,,,,,Fire\n|showteam|p2|Landorus||LifeOrb|SheerForce|SandsearStorm,SludgeBomb,Psychic,Protect|||M|||50|,,,,,Poison]Flutter Mane||BoosterEnergy|Protosynthesis|Moonblast,ShadowBall,DazzlingGleam,Protect||||||50|,,,,,Fairy]Urshifu||FocusSash|UnseenFist|WickedBlow,SuckerPunch,CloseCombat,Detect|||M|||50|,,,,,Dark]Heatran||Leftovers|FlashFire|HeatWave,FlashCannon,Substitute,Protect|||M|||50|,,,,,Fairy]Rillaboom||AssaultVest|GrassySurge|FakeOut,GrassyGlide,WoodHammer,HighHorsepower|||M|||50|,,,,,Poison]Salamence||RockyHelmet|Intimidate|AirSlash,DracoMeteor,Tailwind,Roost|||F|||50|,,,,,Water\n|inactive|Battle timer is ON: inactive players will automatically lose when time's up. (requested by Backwards_Gear746)\n|\n|t:|1701129113\n|start\n|switch|p1a: Flutter Mane|Flutter Mane, L50|100\/100\n|switch|p1b: Landorus|Landorus-Therian, L50, M|100\/100\n|switch|p2a: Rillaboom|Rillaboom, L50, M|100\/100\n|switch|p2b: Nuvoles|Landorus, L50, M|100\/100\n|-ability|p1b: Landorus|Intimidate|boost\n|-unboost|p2a: Rillaboom|atk|1\n|-unboost|p2b: Nuvoles|atk|1\n|-fieldstart|move: Grassy Terrain|[from] ability: Grassy Surge|[of] p2a: Rillaboom\n|turn|1\n|\n|t:|1701129136\n|-terastallize|p1b: Landorus|Flying\n|-terastallize|p2b: Nuvoles|Poison\n|move|p2a: Rillaboom|Fake Out|p1b: Landorus\n|-damage|p1b: Landorus|91\/100\n|cant|p1b: Landorus|flinch\n|move|p1a: Flutter Mane|Moonblast|p2b: Nuvoles\n|-resisted|p2b: Nuvoles\n|-damage|p2b: Nuvoles|60\/100\n|move|p2b: Nuvoles|Sludge Bomb|p1a: Flutter Mane\n|-damage|p1a: Flutter Mane|33\/100\n|\n|-heal|p1a: Flutter Mane|39\/100|[from] Grassy Terrain\n|-heal|p2b: Nuvoles|66\/100|[from] Grassy Terrain\n|upkeep\n|turn|2\n|j| KasperOfHoenn\n|c| KasperOfHoenn|ok\n|c| KasperOfHoenn|this game is wrapped in 2 turns\n|c| KasperOfHoenn|good position here\n|inactive|Backwards_Gear746 has 30 seconds left.\n|inactive|iopn has 30 seconds left.\n|inactive|Backwards_Gear746 has 20 seconds left.\n|inactive|Backwards_Gear746 has 15 seconds left.\n|inactive|Backwards_Gear746 has 10 seconds left.\n|j| Hitmonjon\n|\n|t:|1701129184\n|switch|p2a: Salamence|Salamence, L50, F|100\/100\n|-ability|p2a: Salamence|Intimidate|boost\n|-unboost|p1a: Flutter Mane|atk|1\n|-unboost|p1b: Landorus|atk|1\n|move|p1b: Landorus|Tera Blast|p2a: Salamence|[anim] Tera Blast Flying\n|-damage|p2a: Salamence|63\/100\n|move|p1a: Flutter Mane|Moonblast|p2a: Salamence\n|-supereffective|p2a: Salamence\n|-damage|p2a: Salamence|0 fnt\n|faint|p2a: Salamence\n|move|p2b: Nuvoles|Sludge Bomb|p1a: Flutter Mane\n|-damage|p1a: Flutter Mane|0 fnt\n|faint|p1a: Flutter Mane\n|-end|p1a: Flutter Mane|Protosynthesis|[silent]\n|\n|-heal|p2b: Nuvoles|72\/100|[from] Grassy Terrain\n|upkeep\n|\n|t:|1701129199\n|switch|p1a: Urshifu|Urshifu-Rapid-Strike, L50, M|100\/100\n|switch|p2a: Rillaboom|Rillaboom, L50, M|100\/100\n|turn|3\n|inactive|Backwards_Gear746 has 30 seconds left.\n|\n|t:|1701129226\n|switch|p1b: Milotic|Milotic, L50, F|100\/100\n|move|p2a: Rillaboom|Fake Out|p1a: Urshifu\n|-damage|p1a: Urshifu|84\/100\n|move|p2b: Nuvoles|Sludge Bomb|p1a: Urshifu\n|-damage|p1a: Urshifu|5\/100\n|cant|p1a: Urshifu|flinch\n|\n|-heal|p2b: Nuvoles|78\/100|[from] Grassy Terrain\n|-heal|p1a: Urshifu|11\/100|[from] Grassy Terrain\n|-status|p1b: Milotic|brn|[from] item: Flame Orb\n|upkeep\n|turn|4\n|\n|t:|1701129244\n|switch|p1a: Landorus|Landorus-Therian, L50, M, tera:Flying|91\/100\n|-ability|p1a: Landorus|Intimidate|boost\n|-unboost|p2a: Rillaboom|atk|1\n|-unboost|p2b: Nuvoles|atk|1\n|move|p1b: Milotic|Protect|p1b: Milotic\n|-singleturn|p1b: Milotic|Protect\n|move|p2a: Rillaboom|Grassy Glide|p1a: Landorus\n|-resisted|p1a: Landorus\n|-damage|p1a: Landorus|79\/100\n|move|p2b: Nuvoles|Sludge Bomb|p1b: Milotic\n|-activate|p1b: Milotic|move: Protect\n|\n|-heal|p2b: Nuvoles|84\/100|[from] Grassy Terrain\n|-damage|p1b: Milotic|95\/100 brn|[from] brn\n|upkeep\n|turn|5\n|c| KasperOfHoenn|just end it\n|\n|t:|1701129265\n|switch|p2a: Dinozaurio|Heatran, L50, M|100\/100\n|move|p1a: Landorus|Tera Blast|p2a: Dinozaurio|[anim] Tera Blast Flying\n|-resisted|p2a: Dinozaurio\n|-damage|p2a: Dinozaurio|77\/100\n|move|p2b: Nuvoles|Sludge Bomb|p1b: Milotic\n|-damage|p1b: Milotic|48\/100 brn\n|move|p1b: Milotic|Scald|p2b: Nuvoles\n|-damage|p2b: Nuvoles|48\/100\n|-status|p2b: Nuvoles|brn\n|\n|-heal|p2b: Nuvoles|54\/100 brn|[from] Grassy Terrain\n|-heal|p2a: Dinozaurio|83\/100|[from] Grassy Terrain\n|-heal|p2a: Dinozaurio|89\/100|[from] item: Leftovers\n|-heal|p1b: Milotic|53\/100 brn|[from] Grassy Terrain\n|-damage|p2b: Nuvoles|48\/100 brn|[from] brn\n|-damage|p1b: Milotic|48\/100 brn|[from] brn\n|-fieldend|move: Grassy Terrain\n|upkeep\n|turn|6\n|c| KasperOfHoenn|you have the advantage\n|inactive|Backwards_Gear746 has 30 seconds left.\n|inactive|iopn has 30 seconds left.\n|inactive|iopn has 20 seconds left.\n|\n|t:|1701129304\n|move|p1a: Landorus|Tera Blast|p2b: Nuvoles|[anim] Tera Blast Flying\n|-damage|p2b: Nuvoles|0 fnt\n|faint|p2b: Nuvoles\n|move|p2a: Dinozaurio|Flash Cannon|p1a: Landorus\n|-damage|p1a: Landorus|32\/100\n|move|p1b: Milotic|Scald|p2a: Dinozaurio\n|-supereffective|p2a: Dinozaurio\n|-damage|p2a: Dinozaurio|42\/100\n|\n|-heal|p2a: Dinozaurio|48\/100|[from] item: Leftovers\n|-damage|p1b: Milotic|42\/100 brn|[from] brn\n|upkeep\n|\n|t:|1701129309\n|switch|p2b: Rillaboom|Rillaboom, L50, M|100\/100\n|-fieldstart|move: Grassy Terrain|[from] ability: Grassy Surge|[of] p2b: Rillaboom\n|turn|7\n|\n|t:|1701129325\n|move|p2b: Rillaboom|Fake Out|p1a: Landorus\n|-damage|p1a: Landorus|18\/100\n|cant|p1a: Landorus|flinch\n|move|p2a: Dinozaurio|Flash Cannon|p1a: Landorus\n|-damage|p1a: Landorus|0 fnt\n|faint|p1a: Landorus\n|move|p1b: Milotic|Scald|p2a: Dinozaurio\n|-supereffective|p2a: Dinozaurio\n|-damage|p2a: Dinozaurio|5\/100\n|\n|-heal|p2a: Dinozaurio|11\/100|[from] Grassy Terrain\n|-heal|p2a: Dinozaurio|17\/100|[from] item: Leftovers\n|-heal|p1b: Milotic|48\/100 brn|[from] Grassy Terrain\n|-damage|p1b: Milotic|42\/100 brn|[from] brn\n|upkeep\n|c| KasperOfHoenn|switch -\n|c| KasperOfHoenn|oh my\n|c| KasperOfHoenn|i cant believe it\n|\n|t:|1701129338\n|switch|p1a: Urshifu|Urshifu-Rapid-Strike, L50, M|11\/100\n|turn|8\n|c| KasperOfHoenn|well\n|c| KasperOfHoenn|nice throw\n|\n|t:|1701129355\n|move|p2b: Rillaboom|Grassy Glide|p1a: Urshifu\n|-supereffective|p1a: Urshifu\n|-damage|p1a: Urshifu|0 fnt\n|faint|p1a: Urshifu\n|move|p2a: Dinozaurio|Flash Cannon|p1b: Milotic\n|-resisted|p1b: Milotic\n|-damage|p1b: Milotic|28\/100 brn\n|move|p1b: Milotic|Scald|p2a: Dinozaurio\n|-supereffective|p2a: Dinozaurio\n|-crit|p2a: Dinozaurio\n|-damage|p2a: Dinozaurio|0 fnt\n|faint|p2a: Dinozaurio\n|\n|-heal|p1b: Milotic|34\/100 brn|[from] Grassy Terrain\n|-damage|p1b: Milotic|28\/100 brn|[from] brn\n|upkeep\n|turn|9\n|c|\u2606Backwards_Gear746|thanks\n|\n|t:|1701129371\n|move|p2b: Rillaboom|Wood Hammer|p1b: Milotic\n|-supereffective|p1b: Milotic\n|-damage|p1b: Milotic|0 fnt\n|faint|p1b: Milotic\n|-damage|p2b: Rillaboom|90\/100|[from] Recoil\n|\n|win|iopn\n|c| KasperOfHoenn|all u had to do\n|c|\u2606Backwards_Gear746|gg\n|c| KasperOfHoenn|was switch\n|c|\u2606iopn|gg\n|l| KasperOfHoenn\n","uploadtime":1701129385,"views":3,"p1id":"backwardsgear746","p2id":"iopn","formatid":"gen9vgc2023regulatione","rating":0,"private":0,"password":""}