{"id":"gen9vgc2023regulatione-1994563459","p1":"dbatterie","p2":"Shneakster","format":"[Gen 9] VGC 2023 Regulation E","log":"|j|\u2606dbatterie\n|j|\u2606Shneakster\n|t:|1700460498\n|gametype|doubles\n|player|p1|dbatterie|marley|1068\n|player|p2|Shneakster|bianca|1000\n|teamsize|p1|6\n|teamsize|p2|6\n|gen|9\n|tier|[Gen 9] VGC 2023 Regulation E\n|rated|\n|rule|Species Clause: Limit one of each Pok\u00e9mon\n|rule|Item Clause: Limit one of each item\n|clearpoke\n|poke|p1|Dipplin, L50, M|\n|poke|p1|Zoroark-Hisui, L50, M|\n|poke|p1|Tatsugiri, L50, F|\n|poke|p1|Hydreigon, L50, M|\n|poke|p1|Kingambit, L50, M|\n|poke|p1|Sylveon, L50, M|\n|poke|p2|Landorus-Therian, L50, M|\n|poke|p2|Heatran, L50, F|\n|poke|p2|Garganacl, L50, M|\n|poke|p2|Sableye, L50, F|\n|poke|p2|Ogerpon-Wellspring, L50, F|\n|poke|p2|Tyranitar, L50, F|\n|teampreview|4\n|inactive|Battle timer is ON: inactive players will automatically lose when time's up. (requested by Shneakster)\n|\n|t:|1700460512\n|start\n|switch|p1a: Hydreigon|Hydreigon, L50, M|100\/100\n|switch|p1b: Tatsugiri|Tatsugiri, L50, F|100\/100\n|switch|p2a: Sableye|Sableye, L50, F|100\/100\n|switch|p2b: Tyranitar|Tyranitar, L50, F|100\/100\n|-weather|Sandstorm|[from] ability: Sand Stream|[of] p2b: Tyranitar\n|turn|1\n|\n|t:|1700460531\n|move|p2a: Sableye|Fake Out|p1a: Hydreigon\n|-damage|p1a: Hydreigon|90\/100\n|cant|p1a: Hydreigon|flinch\n|move|p1b: Tatsugiri|Icy Wind|p2b: Tyranitar|[spread] p2a,p2b\n|-damage|p2a: Sableye|84\/100\n|-damage|p2b: Tyranitar|93\/100\n|-unboost|p2a: Sableye|spe|1\n|-unboost|p2b: Tyranitar|spe|1\n|move|p2b: Tyranitar|Thunder Wave|p1a: Hydreigon\n|-status|p1a: Hydreigon|par\n|\n|-weather|Sandstorm|[upkeep]\n|-damage|p1b: Tatsugiri|94\/100|[from] Sandstorm\n|-damage|p1a: Hydreigon|84\/100 par|[from] Sandstorm\n|-damage|p2a: Sableye|78\/100|[from] Sandstorm\n|upkeep\n|turn|2\n|inactive|Shneakster has 30 seconds left.\n|\n|t:|1700460564\n|move|p2a: Sableye|Gravity|p2a: Sableye\n|-fieldstart|move: Gravity\n|move|p1b: Tatsugiri|Muddy Water|p2b: Tyranitar|[spread] p2a,p2b\n|-supereffective|p2b: Tyranitar\n|-damage|p2a: Sableye|36\/100\n|-damage|p2b: Tyranitar|54\/100\n|-unboost|p2b: Tyranitar|accuracy|1\n|cant|p1a: Hydreigon|par\n|move|p2b: Tyranitar|Body Press|p1a: Hydreigon\n|-supereffective|p1a: Hydreigon\n|-damage|p1a: Hydreigon|28\/100 par\n|\n|-weather|Sandstorm|[upkeep]\n|-damage|p1b: Tatsugiri|88\/100|[from] Sandstorm\n|-damage|p1a: Hydreigon|22\/100 par|[from] Sandstorm\n|-damage|p2a: Sableye|30\/100|[from] Sandstorm\n|upkeep\n|turn|3\n|\n|t:|1700460586\n|switch|p2a: Ogerpon|Ogerpon-Wellspring, L50, F|100\/100\n|move|p1b: Tatsugiri|Icy Wind|p2a: Ogerpon|[spread] p2a,p2b\n|-damage|p2a: Ogerpon|84\/100\n|-damage|p2b: Tyranitar|46\/100\n|-unboost|p2a: Ogerpon|spe|1\n|-unboost|p2b: Tyranitar|spe|1\n|move|p1a: Hydreigon|Earth Power|p2b: Tyranitar\n|-supereffective|p2b: Tyranitar\n|-damage|p2b: Tyranitar|3\/100\n|-damage|p1a: Hydreigon|12\/100 par|[from] item: Life Orb\n|move|p2b: Tyranitar|Thunder Wave|p1b: Tatsugiri\n|-status|p1b: Tatsugiri|par\n|\n|-weather|Sandstorm|[upkeep]\n|-damage|p2a: Ogerpon|79\/100|[from] Sandstorm\n|-damage|p1a: Hydreigon|6\/100 par|[from] Sandstorm\n|-damage|p1b: Tatsugiri|82\/100 par|[from] Sandstorm\n|upkeep\n|turn|4\n|inactive|Shneakster has 30 seconds left.\n|inactive|Shneakster has 20 seconds left.\n|\n|t:|1700460623\n|switch|p2b: Sableye|Sableye, L50, F|30\/100\n|-terastallize|p2a: Ogerpon|Water\n|detailschange|p2a: Ogerpon|Ogerpon-Wellspring-Tera, L50, F, tera:Water\n|-ability|p2a: Ogerpon|Embody Aspect (Wellspring)|boost\n|-boost|p2a: Ogerpon|spd|1\n|move|p2a: Ogerpon|Horn Leech|p1b: Tatsugiri\n|-damage|p1b: Tatsugiri|9\/100 par\n|-heal|p2a: Ogerpon|100\/100|[from] drain|[of] p1b: Tatsugiri\n|-enditem|p1b: Tatsugiri|Iapapa Berry|[eat]\n|-heal|p1b: Tatsugiri|42\/100 par|[from] item: Iapapa Berry\n|move|p1a: Hydreigon|Taunt|p2a: Ogerpon\n|-start|p2a: Ogerpon|move: Taunt\n|move|p1b: Tatsugiri|Icy Wind|p2a: Ogerpon|[spread] p2a,p2b\n|-resisted|p2a: Ogerpon\n|-damage|p2a: Ogerpon|94\/100\n|-damage|p2b: Sableye|13\/100\n|-unboost|p2a: Ogerpon|spe|1\n|-unboost|p2b: Sableye|spe|1\n|\n|-weather|Sandstorm|[upkeep]\n|-damage|p2a: Ogerpon|88\/100|[from] Sandstorm\n|-damage|p1a: Hydreigon|0 fnt|[from] Sandstorm\n|-damage|p1b: Tatsugiri|36\/100 par|[from] Sandstorm\n|-damage|p2b: Sableye|7\/100|[from] Sandstorm\n|faint|p1a: Hydreigon\n|upkeep\n|\n|t:|1700460636\n|switch|p1a: Dipplin|Dipplin, L50, M|100\/100\n|-ability|p1a: Dipplin|Supersweet Syrup\n|-ability|p1a: Dipplin|Supersweet Syrup|boost\n|-unboost|p2a: Ogerpon|evasion|1\n|-unboost|p2b: Sableye|evasion|1\n|turn|5\n|\n|t:|1700460656\n|switch|p1b: Tatsugiri|Tatsugiri, L50, F|100\/100\n|move|p2b: Sableye|Fake Out|p1a: Dipplin\n|-damage|p1a: Dipplin|96\/100\n|move|p2a: Ogerpon|Horn Leech|p1b: Tatsugiri\n|-damage|p1b: Tatsugiri|4\/100\n|-heal|p2a: Ogerpon|100\/100|[from] drain|[of] p1b: Tatsugiri\n|replace|p1b: Zoroark|Zoroark-Hisui, L50, M, shiny\n|-end|p1b: Zoroark|Illusion\n|cant|p1a: Dipplin|flinch\n|\n|-weather|none\n|upkeep\n|turn|6\n|\n|t:|1700460675\n|move|p2b: Sableye|Quash|p1b: Zoroark\n|-activate|p1b: Zoroark|move: Quash\n|move|p2a: Ogerpon|Knock Off|p1b: Zoroark\n|-supereffective|p1b: Zoroark\n|-damage|p1b: Zoroark|0 fnt\n|-enditem|p1b: Zoroark|Focus Sash|[from] move: Knock Off|[of] p2a: Ogerpon\n|faint|p1b: Zoroark\n|move|p1a: Dipplin|Syrup Bomb|p2a: Ogerpon\n|-supereffective|p2a: Ogerpon\n|-damage|p2a: Ogerpon|62\/100\n|-start|p2a: Ogerpon|Syrup Bomb\n|\n|-unboost|p2a: Ogerpon|spe|1\n|-fieldend|move: Gravity\n|upkeep\n|\n|t:|1700460684\n|switch|p1b: Tatsugiri|Tatsugiri, L50, F|36\/100 par\n|turn|7\n|\n|t:|1700460699\n|switch|p2b: Tyranitar|Tyranitar, L50, F|3\/100\n|-weather|Sandstorm|[from] ability: Sand Stream|[of] p2b: Tyranitar\n|move|p2a: Ogerpon|Horn Leech|p1b: Tatsugiri\n|-damage|p1b: Tatsugiri|0 fnt\n|-heal|p2a: Ogerpon|79\/100|[from] drain|[of] p1b: Tatsugiri\n|faint|p1b: Tatsugiri\n|move|p1a: Dipplin|Syrup Bomb|p2a: Ogerpon\n|-supereffective|p2a: Ogerpon\n|-damage|p2a: Ogerpon|40\/100\n|\n|-weather|Sandstorm|[upkeep]\n|-damage|p2a: Ogerpon|34\/100|[from] Sandstorm\n|-damage|p1a: Dipplin|91\/100|[from] Sandstorm\n|-unboost|p2a: Ogerpon|spe|1\n|-end|p2a: Ogerpon|move: Taunt\n|upkeep\n|turn|8\n|inactive|Shneakster has 30 seconds left.\n|\n|t:|1700460734\n|switch|p2a: Garganacl|Garganacl, L50, M|100\/100\n|move|p2b: Tyranitar|Thunder Wave|p1a: Dipplin\n|-status|p1a: Dipplin|par\n|move|p1a: Dipplin|Pollen Puff|p2b: Tyranitar\n|-supereffective|p2b: Tyranitar\n|-damage|p2b: Tyranitar|0 fnt\n|faint|p2b: Tyranitar\n|\n|-weather|Sandstorm|[upkeep]\n|-damage|p1a: Dipplin|85\/100 par|[from] Sandstorm\n|upkeep\n|\n|t:|1700460747\n|switch|p2b: Sableye|Sableye, L50, F|7\/100\n|turn|9\n|\n|t:|1700460753\n|move|p2b: Sableye|Fake Out|p1a: Dipplin\n|-damage|p1a: Dipplin|80\/100 par\n|move|p2a: Garganacl|Salt Cure|p1a: Dipplin\n|-damage|p1a: Dipplin|73\/100 par\n|-start|p1a: Dipplin|Salt Cure\n|cant|p1a: Dipplin|flinch\n|\n|-weather|Sandstorm|[upkeep]\n|-damage|p2b: Sableye|1\/100|[from] Sandstorm\n|-damage|p1a: Dipplin|67\/100 par|[from] Sandstorm\n|-damage|p1a: Dipplin|55\/100 par|[from] Salt Cure\n|upkeep\n|turn|10\n|inactive|Shneakster has 30 seconds left.\n|\n|t:|1700460782\n|move|p2b: Sableye|Gravity|p2b: Sableye\n|-fieldstart|move: Gravity\n|move|p2a: Garganacl|Salt Cure|p1a: Dipplin\n|-damage|p1a: Dipplin|47\/100 par\n|cant|p1a: Dipplin|par\n|\n|-weather|Sandstorm|[upkeep]\n|-damage|p2b: Sableye|0 fnt|[from] Sandstorm\n|-damage|p1a: Dipplin|41\/100 par|[from] Sandstorm\n|faint|p2b: Sableye\n|-damage|p1a: Dipplin|29\/100 par|[from] Salt Cure\n|upkeep\n|\n|t:|1700460794\n|switch|p2b: Ogerpon|Ogerpon-Wellspring-Tera, L50, F, tera:Water|34\/100\n|-ability|p2b: Ogerpon|Embody Aspect (Wellspring)|boost\n|-boost|p2b: Ogerpon|spd|1\n|turn|11\n|\n|t:|1700460804\n|move|p2a: Garganacl|Helping Hand|p2b: Ogerpon\n|-singleturn|p2b: Ogerpon|Helping Hand|[of] p2a: Garganacl\n|move|p2b: Ogerpon|Knock Off|p1a: Dipplin\n|-damage|p1a: Dipplin|0 fnt\n|-enditem|p1a: Dipplin|Eviolite|[from] move: Knock Off|[of] p2b: Ogerpon\n|faint|p1a: Dipplin\n|\n|win|Shneakster\n|raw|dbatterie's rating: 1068 &rarr; <strong>1044<\/strong><br \/>(-24 for losing)\n|raw|Shneakster's rating: 1000 &rarr; <strong>1048<\/strong><br \/>(+48 for winning)\n|l|\u2606dbatterie\n","uploadtime":1700460998,"views":5,"p1id":"dbatterie","p2id":"shneakster","formatid":"gen9vgc2023regulatione","rating":1044,"private":0,"password":""}