{"id":"gen9vgc2023regulatione-1990480146","p1":"Incenedorus","p2":"opressivepenguin","format":"[Gen 9] VGC 2023 Regulation E","log":"|j|\u2606Incenedorus\n|j|\u2606opressivepenguin\n|t:|1699974826\n|gametype|doubles\n|player|p1|Incenedorus|pokemaniac|1416\n|player|p2|opressivepenguin|bodybuilder-gen9|1468\n|teamsize|p1|6\n|teamsize|p2|6\n|gen|9\n|tier|[Gen 9] VGC 2023 Regulation E\n|rated|\n|rule|Species Clause: Limit one of each Pok\u00e9mon\n|rule|Item Clause: Limit one of each item\n|clearpoke\n|poke|p1|Iron Valiant, L50|\n|poke|p1|Ting-Lu, L50|\n|poke|p1|Ogerpon-Hearthflame, L50, F|\n|poke|p1|Rotom-Wash, L50|\n|poke|p1|Gholdengo, L50|\n|poke|p1|Dragonite, L50, M|\n|poke|p2|Roaring Moon, L50|\n|poke|p2|Gholdengo, L50|\n|poke|p2|Munkidori, L50, M|\n|poke|p2|Empoleon, L50, M|\n|poke|p2|Sinistcha, L50|\n|poke|p2|Landorus-Therian, L50, M|\n|teampreview|4\n|\n|t:|1699974860\n|start\n|switch|p1a: Iron Valiant|Iron Valiant, L50|100\/100\n|switch|p1b: Klefki Lu|Ting-Lu, L50|100\/100\n|switch|p2a: Empoleon|Empoleon, L50, M, shiny|100\/100\n|switch|p2b: Munkidori|Munkidori, L50, M|100\/100\n|-ability|p1b: Klefki Lu|Vessel of Ruin\n|-enditem|p1a: Iron Valiant|Booster Energy\n|-activate|p1a: Iron Valiant|ability: Quark Drive|[fromitem]\n|-start|p1a: Iron Valiant|quarkdrivespe\n|turn|1\n|\n|t:|1699974888\n|-terastallize|p2a: Empoleon|Grass\n|move|p1a: Iron Valiant|Protect|p1a: Iron Valiant\n|-singleturn|p1a: Iron Valiant|Protect\n|move|p2b: Munkidori|Fake Out|p1a: Iron Valiant\n|-activate|p1a: Iron Valiant|move: Protect\n|move|p2a: Empoleon|Flash Cannon|p1a: Iron Valiant\n|-activate|p1a: Iron Valiant|move: Protect\n|move|p1b: Klefki Lu|Whirlwind|p2b: Munkidori\n|drag|p2b: Landorus|Landorus-Therian, L50, M|100\/100\n|-ability|p2b: Landorus|Intimidate|boost\n|-unboost|p1a: Iron Valiant|atk|1\n|-unboost|p1b: Klefki Lu|atk|1\n|\n|upkeep\n|turn|2\n|\n|t:|1699974928\n|-end|p1a: Iron Valiant|Quark Drive|[silent]\n|switch|p1a: Mimi \"Incen\" Rotom|Rotom-Wash, L50|100\/100\n|move|p2b: Landorus|U-turn|p1b: Klefki Lu\n|-supereffective|p1b: Klefki Lu\n|-damage|p1b: Klefki Lu|74\/100\n|c|\u2606Incenedorus|\ud83d\udc4b\n|\n|t:|1699974956\n|switch|p2b: Munkidori|Munkidori, L50, M|100\/100|[from] U-turn\n|move|p2a: Empoleon|Flash Cannon|p1a: Mimi \"Incen\" Rotom\n|-resisted|p1a: Mimi \"Incen\" Rotom\n|-damage|p1a: Mimi \"Incen\" Rotom|93\/100\n|move|p1b: Klefki Lu|Whirlwind|p2b: Munkidori\n|drag|p2b: Landorus|Landorus-Therian, L50, M|100\/100\n|-ability|p2b: Landorus|Intimidate|boost\n|-unboost|p1a: Mimi \"Incen\" Rotom|atk|1\n|-unboost|p1b: Klefki Lu|atk|1\n|\n|-heal|p1b: Klefki Lu|80\/100|[from] item: Leftovers\n|upkeep\n|turn|3\n|c|\u2606Incenedorus|Hi\n|c|\u2606opressivepenguin|hi\n|\n|t:|1699974988\n|switch|p1b: Ogerpon|Ogerpon-Hearthflame, L50, F|100\/100\n|-ability|p1b: Ogerpon|Mold Breaker\n|move|p2b: Landorus|U-turn|p1a: Mimi \"Incen\" Rotom\n|-damage|p1a: Mimi \"Incen\" Rotom|69\/100\n|\n|t:|1699974997\n|switch|p2b: Munkidori|Munkidori, L50, M|100\/100|[from] U-turn\n|move|p2a: Empoleon|Hydro Pump|p1b: Ogerpon\n|-damage|p1b: Ogerpon|55\/100\n|move|p1a: Mimi \"Incen\" Rotom|Will-O-Wisp|p2b: Munkidori\n|-status|p2b: Munkidori|brn\n|\n|-damage|p2b: Munkidori|94\/100 brn|[from] brn\n|upkeep\n|turn|4\n|\n|t:|1699975017\n|switch|p1a: Klefki Lu|Ting-Lu, L50|80\/100\n|-ability|p1a: Klefki Lu|Vessel of Ruin\n|move|p2b: Munkidori|Fake Out|p1a: Klefki Lu\n|-damage|p1a: Klefki Lu|78\/100\n|move|p1b: Ogerpon|Leech Seed|p2b: Munkidori\n|-start|p2b: Munkidori|move: Leech Seed\n|move|p2a: Empoleon|Hydro Pump|p1b: Ogerpon\n|-crit|p1b: Ogerpon\n|-damage|p1b: Ogerpon|2\/100\n|\n|-heal|p1a: Klefki Lu|84\/100|[from] item: Leftovers\n|-damage|p2b: Munkidori|82\/100 brn|[from] Leech Seed|[of] p1b: Ogerpon\n|-heal|p1b: Ogerpon|12\/100|[silent]\n|-damage|p2b: Munkidori|76\/100 brn|[from] brn\n|upkeep\n|turn|5\n|\n|t:|1699975040\n|move|p1b: Ogerpon|Spiky Shield|p1b: Ogerpon\n|-singleturn|p1b: Ogerpon|move: Protect\n|move|p2b: Munkidori|Sludge Bomb|p1b: Ogerpon\n|-activate|p1b: Ogerpon|move: Protect\n|move|p2a: Empoleon|Hydro Pump|p1a: Klefki Lu\n|-supereffective|p1a: Klefki Lu\n|-damage|p1a: Klefki Lu|22\/100\n|move|p1a: Klefki Lu|Throat Chop|p2b: Munkidori\n|-supereffective|p2b: Munkidori\n|-damage|p2b: Munkidori|0 fnt\n|faint|p2b: Munkidori\n|\n|-heal|p1a: Klefki Lu|28\/100|[from] item: Leftovers\n|upkeep\n|\n|t:|1699975054\n|switch|p2b: Landorus|Landorus-Therian, L50, M|100\/100\n|-ability|p2b: Landorus|Intimidate|boost\n|-unboost|p1a: Klefki Lu|atk|1\n|-unboost|p1b: Ogerpon|atk|1\n|turn|6\n|\n|t:|1699975070\n|switch|p1b: Iron Valiant|Iron Valiant, L50|100\/100\n|switch|p2a: Roaring Moon|Roaring Moon, L50, shiny|100\/100\n|-enditem|p2a: Roaring Moon|Booster Energy\n|-activate|p2a: Roaring Moon|ability: Protosynthesis|[fromitem]\n|-start|p2a: Roaring Moon|protosynthesisspe\n|move|p1a: Klefki Lu|Protect|p1a: Klefki Lu\n|-singleturn|p1a: Klefki Lu|Protect\n|move|p2b: Landorus|Rock Slide|p1a: Klefki Lu|[spread] p1b\n|-activate|p1a: Klefki Lu|move: Protect\n|-resisted|p1b: Iron Valiant\n|-crit|p1b: Iron Valiant\n|-damage|p1b: Iron Valiant|83\/100\n|\n|-heal|p1a: Klefki Lu|35\/100|[from] item: Leftovers\n|upkeep\n|turn|7\n|\n|t:|1699975107\n|switch|p2b: Empoleon|Empoleon, L50, M, shiny, tera:Grass|100\/100\n|switch|p1a: Mimi \"Incen\" Rotom|Rotom-Wash, L50|69\/100\n|move|p2a: Roaring Moon|Acrobatics|p1b: Iron Valiant\n|-supereffective|p1b: Iron Valiant\n|-damage|p1b: Iron Valiant|0 fnt\n|faint|p1b: Iron Valiant\n|-end|p1b: Iron Valiant|Quark Drive|[silent]\n|\n|upkeep\n|\n|t:|1699975116\n|switch|p1b: Ogerpon|Ogerpon-Hearthflame, L50, F|12\/100\n|-ability|p1b: Ogerpon|Mold Breaker\n|turn|8\n|\n|t:|1699975147\n|move|p2a: Roaring Moon|Protect|p2a: Roaring Moon\n|-singleturn|p2a: Roaring Moon|Protect\n|move|p1b: Ogerpon|Spiky Shield|p1b: Ogerpon\n|-singleturn|p1b: Ogerpon|move: Protect\n|move|p2b: Empoleon|Vacuum Wave|p1b: Ogerpon\n|-activate|p1b: Ogerpon|move: Protect\n|move|p1a: Mimi \"Incen\" Rotom|Will-O-Wisp|p2a: Roaring Moon\n|-activate|p2a: Roaring Moon|move: Protect\n|\n|upkeep\n|turn|9\n|\n|t:|1699975174\n|switch|p1a: Klefki Lu|Ting-Lu, L50|35\/100\n|-ability|p1a: Klefki Lu|Vessel of Ruin\n|-terastallize|p1b: Ogerpon|Fire\n|detailschange|p1b: Ogerpon|Ogerpon-Hearthflame-Tera, L50, F, tera:Fire\n|-ability|p1b: Ogerpon|Embody Aspect (Hearthflame)|boost\n|-boost|p1b: Ogerpon|atk|1\n|move|p2b: Empoleon|Vacuum Wave|p1b: Ogerpon\n|-damage|p1b: Ogerpon|4\/100\n|move|p2a: Roaring Moon|Knock Off|p1a: Klefki Lu\n|-resisted|p1a: Klefki Lu\n|-damage|p1a: Klefki Lu|23\/100\n|-enditem|p1a: Klefki Lu|Leftovers|[from] move: Knock Off|[of] p2a: Roaring Moon\n|move|p1b: Ogerpon|Ivy Cudgel|p2b: Empoleon|[anim] Ivy Cudgel Fire\n|-supereffective|p2b: Empoleon\n|-damage|p2b: Empoleon|0 fnt\n|faint|p2b: Empoleon\n|\n|upkeep\n|\n|t:|1699975190\n|switch|p2b: Landorus|Landorus-Therian, L50, M|100\/100\n|-ability|p2b: Landorus|Intimidate|boost\n|-unboost|p1a: Klefki Lu|atk|1\n|-unboost|p1b: Ogerpon|atk|1\n|turn|10\n|\n|t:|1699975207\n|switch|p1a: Mimi \"Incen\" Rotom|Rotom-Wash, L50|69\/100\n|move|p2a: Roaring Moon|Acrobatics|p1a: Mimi \"Incen\" Rotom\n|-resisted|p1a: Mimi \"Incen\" Rotom\n|-damage|p1a: Mimi \"Incen\" Rotom|53\/100\n|move|p2b: Landorus|Rock Slide|p1a: Mimi \"Incen\" Rotom|[spread] p1b\n|-miss|p2b: Landorus|p1a: Mimi \"Incen\" Rotom\n|-supereffective|p1b: Ogerpon\n|-damage|p1b: Ogerpon|0 fnt\n|faint|p1b: Ogerpon\n|\n|upkeep\n|\n|t:|1699975215\n|switch|p1b: Klefki Lu|Ting-Lu, L50|23\/100\n|-ability|p1b: Klefki Lu|Vessel of Ruin\n|turn|11\n|\n|t:|1699975224\n|move|p2a: Roaring Moon|Protect|p2a: Roaring Moon\n|-singleturn|p2a: Roaring Moon|Protect\n|move|p1b: Klefki Lu|Protect|p1b: Klefki Lu\n|-singleturn|p1b: Klefki Lu|Protect\n|move|p2b: Landorus|Rock Slide|p1a: Mimi \"Incen\" Rotom|[spread] p1a\n|-activate|p1b: Klefki Lu|move: Protect\n|-damage|p1a: Mimi \"Incen\" Rotom|33\/100\n|-enditem|p1a: Mimi \"Incen\" Rotom|Sitrus Berry|[eat]\n|-heal|p1a: Mimi \"Incen\" Rotom|58\/100|[from] item: Sitrus Berry\n|move|p1a: Mimi \"Incen\" Rotom|Will-O-Wisp|p2a: Roaring Moon\n|-activate|p2a: Roaring Moon|move: Protect\n|\n|upkeep\n|turn|12\n|\n|t:|1699975239\n|move|p1b: Klefki Lu|Protect||[still]\n|-fail|p1b: Klefki Lu\n|move|p2a: Roaring Moon|Knock Off|p1a: Mimi \"Incen\" Rotom\n|-damage|p1a: Mimi \"Incen\" Rotom|25\/100\n|move|p2b: Landorus|Rock Slide|p1b: Klefki Lu|[spread] p1a,p1b\n|-resisted|p1b: Klefki Lu\n|-damage|p1a: Mimi \"Incen\" Rotom|6\/100\n|-damage|p1b: Klefki Lu|18\/100\n|cant|p1a: Mimi \"Incen\" Rotom|flinch\n|\n|upkeep\n|turn|13\n|\n|t:|1699975268\n|move|p2a: Roaring Moon|Acrobatics|p1b: Klefki Lu\n|-damage|p1b: Klefki Lu|0 fnt\n|faint|p1b: Klefki Lu\n|move|p2b: Landorus|Rock Slide|p1a: Mimi \"Incen\" Rotom\n|-damage|p1a: Mimi \"Incen\" Rotom|0 fnt\n|faint|p1a: Mimi \"Incen\" Rotom\n|\n|win|opressivepenguin\n|raw|Incenedorus's rating: 1416 &rarr; <strong>1399<\/strong><br \/>(-17 for losing)\n|raw|opressivepenguin's rating: 1468 &rarr; <strong>1485<\/strong><br \/>(+17 for winning)\n|l|\u2606opressivepenguin\n","uploadtime":1699975351,"views":11,"p1id":"incenedorus","p2id":"opressivepenguin","formatid":"gen9vgc2023regulatione","rating":1399,"private":0,"password":""}