{"id":"gen9vgc2023regulatione-1990500899","p1":"Joull","p2":"Fluffyboi_Games","format":"[Gen 9] VGC 2023 Regulation E","log":"|j|\u2606Joull\n|j|\u2606Fluffyboi_Games\n|t:|1699976582\n|gametype|doubles\n|player|p1|Joull|psychic-gen2|1065\n|player|p2|Fluffyboi_Games|colress|1084\n|teamsize|p1|6\n|teamsize|p2|6\n|gen|9\n|tier|[Gen 9] VGC 2023 Regulation E\n|rated|\n|rule|Species Clause: Limit one of each Pok\u00e9mon\n|rule|Item Clause: Limit one of each item\n|clearpoke\n|poke|p1|Arcanine-Hisui, L50, M|\n|poke|p1|Rillaboom, L50, M|\n|poke|p1|Flutter Mane, L50|\n|poke|p1|Urshifu-*, L50, M|\n|poke|p1|Pachirisu, L50, F|\n|poke|p1|Hydreigon, L50, F|\n|poke|p2|Sunflora, L50, M|\n|poke|p2|Torkoal, L50, F|\n|poke|p2|Farigiraf, L50, M|\n|poke|p2|Sneasler, L50, M|\n|poke|p2|Arcanine-Hisui, L50, M|\n|poke|p2|Indeedee-F, L50, F|\n|teampreview|4\nJoull rejected open team sheets.\n|inactive|Battle timer is ON: inactive players will automatically lose when time's up. (requested by Joull)\n|\n|t:|1699976623\n|start\n|switch|p1a: Hydreigon|Hydreigon, L50, F, shiny|100\/100\n|switch|p1b: Pachirisu|Pachirisu, L50, F, shiny|100\/100\n|switch|p2a: Torkoal|Torkoal, L50, F|100\/100\n|switch|p2b: Indeedee|Indeedee-F, L50, F|100\/100\n|-fieldstart|move: Psychic Terrain|[from] ability: Psychic Surge|[of] p2b: Indeedee\n|-weather|SunnyDay|[from] ability: Drought|[of] p2a: Torkoal\n|turn|1\n|inactive|Fluffyboi_Games has 30 seconds left.\n|\n|t:|1699976655\n|move|p1a: Hydreigon|Dark Pulse|p2b: Indeedee\n|-supereffective|p2b: Indeedee\n|-damage|p2b: Indeedee|46\/100\n|move|p1b: Pachirisu|Super Fang|p2a: Torkoal\n|-damage|p2a: Torkoal|51\/100\n|move|p2a: Torkoal|Eruption|p1b: Pachirisu|[spread] p1a,p1b\n|-resisted|p1a: Hydreigon\n|-damage|p1a: Hydreigon|80\/100\n|-damage|p1b: Pachirisu|57\/100\n|cant|p2b: Indeedee|flinch\n|\n|-weather|SunnyDay|[upkeep]\n|upkeep\n|turn|2\n|inactive|Fluffyboi_Games has 30 seconds left.\n|\n|t:|1699976682\n|move|p1a: Hydreigon|Dark Pulse|p2b: Indeedee\n|-supereffective|p2b: Indeedee\n|-damage|p2b: Indeedee|0 fnt\n|faint|p2b: Indeedee\n|move|p1b: Pachirisu|Nuzzle|p2a: Torkoal\n|-damage|p2a: Torkoal|47\/100\n|-status|p2a: Torkoal|par\n|move|p2a: Torkoal|Eruption|p1b: Pachirisu|[spread] p1a,p1b\n|-resisted|p1a: Hydreigon\n|-damage|p1a: Hydreigon|60\/100\n|-damage|p1b: Pachirisu|13\/100\n|\n|-weather|SunnyDay|[upkeep]\n|upkeep\n|\n|t:|1699976697\n|switch|p2b: Sneasler|Sneasler, L50, M|100\/100\n|turn|3\n|\n|t:|1699976720\n|switch|p1a: Arcanine|Arcanine-Hisui, L50, M|100\/100\n|-ability|p1a: Arcanine|Intimidate|boost\n|-unboost|p2a: Torkoal|atk|1\n|-unboost|p2b: Sneasler|atk|1\n|-enditem|p2b: Sneasler|White Herb\n|-clearnegativeboost|p2b: Sneasler|[silent]\n|move|p1b: Pachirisu|Follow Me|p1b: Pachirisu\n|-singleturn|p1b: Pachirisu|move: Follow Me\n|move|p2b: Sneasler|Close Combat|p1b: Pachirisu\n|-damage|p1b: Pachirisu|0 fnt\n|-unboost|p2b: Sneasler|def|1\n|-unboost|p2b: Sneasler|spd|1\n|faint|p1b: Pachirisu\n|move|p2a: Torkoal|Eruption|p1a: Arcanine\n|-resisted|p1a: Arcanine\n|-damage|p1a: Arcanine|89\/100\n|\n|-weather|SunnyDay|[upkeep]\n|upkeep\n|\n|t:|1699976742\n|switch|p1b: Hydreigon|Hydreigon, L50, F, shiny|60\/100\n|turn|4\n|\n|t:|1699976761\n|-terastallize|p1b: Hydreigon|Poison\n|move|p2b: Sneasler|Close Combat|p1a: Arcanine\n|-supereffective|p1a: Arcanine\n|-damage|p1a: Arcanine|0 fnt\n|-unboost|p2b: Sneasler|def|1\n|-unboost|p2b: Sneasler|spd|1\n|faint|p1a: Arcanine\n|move|p1b: Hydreigon|Earth Power|p2b: Sneasler\n|-supereffective|p2b: Sneasler\n|-damage|p2b: Sneasler|0 fnt\n|faint|p2b: Sneasler\n|move|p2a: Torkoal|Eruption|p1b: Hydreigon\n|-damage|p1b: Hydreigon|3\/100\n|\n|-weather|SunnyDay|[upkeep]\n|upkeep\n|\n|t:|1699976777\n|switch|p2b: Sunflora|Sunflora, L50, M|100\/100\n|switch|p1a: Urshifu|Urshifu-Rapid-Strike, L50, M|100\/100\n|turn|5\n|inactive|Fluffyboi_Games has 30 seconds left.\n|\n|t:|1699976806\n|move|p1b: Hydreigon|Earth Power|p2a: Torkoal\n|-supereffective|p2a: Torkoal\n|-damage|p2a: Torkoal|0 fnt\n|faint|p2a: Torkoal\n|move|p1a: Urshifu|Close Combat|p2b: Sunflora\n|-crit|p2b: Sunflora\n|-damage|p2b: Sunflora|0 fnt\n|-unboost|p1a: Urshifu|def|1\n|-unboost|p1a: Urshifu|spd|1\n|faint|p2b: Sunflora\n|\n|win|Joull\n|raw|Joull's rating: 1065 &rarr; <strong>1097<\/strong><br \/>(+32 for winning)\n|raw|Fluffyboi_Games's rating: 1084 &rarr; <strong>1060<\/strong><br \/>(-24 for losing)\n|l|\u2606Fluffyboi_Games\n","uploadtime":1699976818,"views":9,"p1id":"joull","p2id":"fluffyboigames","formatid":"gen9vgc2023regulatione","rating":1060,"private":0,"password":""}