{"id":"gen9vgc2023regulatione-1996230329","p1":"SKLVGC","p2":"Jehag","format":"[Gen 9] VGC 2023 Regulation E","log":"|j|\u2606SKLVGC\n|j|\u2606Jehag\n|t:|1700661861\n|gametype|doubles\n|player|p1|SKLVGC|169|1322\n|player|p2|Jehag|iono|1420\n|teamsize|p1|6\n|teamsize|p2|6\n|gen|9\n|tier|[Gen 9] VGC 2023 Regulation E\n|rated|\n|rule|Species Clause: Limit one of each Pok\u00e9mon\n|rule|Item Clause: Limit one of each item\n|clearpoke\n|poke|p1|Roaring Moon, L50|\n|poke|p1|Weezing-Galar, L50, M|\n|poke|p1|Dusclops, L50, M|\n|poke|p1|Ogerpon-Cornerstone, L50, F|\n|poke|p1|Iron Hands, L50|\n|poke|p1|Ursaluna-Bloodmoon, L50, M|\n|poke|p2|Grimmsnarl, L50, M|\n|poke|p2|Sinistcha, L50|\n|poke|p2|Iron Hands, L50|\n|poke|p2|Landorus-Therian, L50, M|\n|poke|p2|Moltres-Galar, L50|\n|poke|p2|Goodra-Hisui, L50, F|\n|teampreview|4\n|inactive|Battle timer is ON: inactive players will automatically lose when time's up. (requested by Jehag)\n|\n|t:|1700661886\n|start\n|switch|p1a: Ogerpon|Ogerpon-Cornerstone, L50, F|100\/100\n|switch|p1b: Weezing|Weezing-Galar, L50, M|100\/100\n|switch|p2a: Grimmsnarl|Grimmsnarl, L50, M|100\/100\n|switch|p2b: Goodra|Goodra-Hisui, L50, F|100\/100\n|-ability|p1b: Weezing|Neutralizing Gas\n|turn|1\n|inactive|SKLVGC has 30 seconds left.\n|inactive|Jehag has 30 seconds left.\n|inactive|SKLVGC has 20 seconds left.\n|\n|t:|1700661925\n|move|p1a: Ogerpon|Ivy Cudgel|p2a: Grimmsnarl|[anim] Ivy Cudgel Rock\n|-damage|p2a: Grimmsnarl|44\/100\n|move|p1b: Weezing|Taunt|p2a: Grimmsnarl\n|-start|p2a: Grimmsnarl|move: Taunt\n|move|p2b: Goodra|Shelter|p2b: Goodra\n|-boost|p2b: Goodra|def|2\n|cant|p2a: Grimmsnarl|move: Taunt|Reflect\n|\n|upkeep\n|turn|2\n|inactive|Jehag has 30 seconds left.\n|\n|t:|1700661957\n|move|p1a: Ogerpon|Ivy Cudgel|p2a: Grimmsnarl|[anim] Ivy Cudgel Rock\n|-damage|p2a: Grimmsnarl|0 fnt\n|faint|p2a: Grimmsnarl\n|move|p1b: Weezing|Taunt|p2b: Goodra\n|-start|p2b: Goodra|move: Taunt\n|cant|p2b: Goodra|move: Taunt|Shelter\n|\n|upkeep\n|\n|t:|1700661961\n|switch|p2a: Landorus|Landorus-Therian, L50, M|100\/100\n|turn|3\n|\n|t:|1700661982\n|move|p2a: Landorus|Rock Slide|p1b: Weezing|[spread] p1a,p1b\n|-damage|p1a: Ogerpon|75\/100\n|-damage|p1b: Weezing|83\/100\n|cant|p1a: Ogerpon|flinch\n|cant|p1b: Weezing|flinch\n|move|p2b: Goodra|Body Press|p1a: Ogerpon\n|-supereffective|p1a: Ogerpon\n|-damage|p1a: Ogerpon|0 fnt\n|faint|p1a: Ogerpon\n|\n|upkeep\n|\n|t:|1700661993\n|switch|p1a: Iron Hands|Iron Hands, L50|100\/100\n|turn|4\n|\n|t:|1700662012\n|switch|p2a: Moltres|Moltres-Galar, L50|100\/100\n|move|p1a: Iron Hands|Fake Out|p2a: Moltres\n|-damage|p2a: Moltres|88\/100\n|move|p1b: Weezing|Will-O-Wisp|p2b: Goodra\n|-status|p2b: Goodra|brn\n|move|p2b: Goodra|Body Press|p1a: Iron Hands\n|-damage|p1a: Iron Hands|85\/100\n|\n|-damage|p2b: Goodra|95\/100 brn|[from] brn\n|-end|p2b: Goodra|move: Taunt\n|upkeep\n|turn|5\n|\n|t:|1700662034\n|-terastallize|p2a: Moltres|Poison\n|move|p2a: Moltres|Nasty Plot|p2a: Moltres\n|-boost|p2a: Moltres|spa|2\n|move|p1b: Weezing|Taunt|p2b: Goodra\n|-start|p2b: Goodra|move: Taunt\n|move|p1a: Iron Hands|Wild Charge|p2a: Moltres\n|-damage|p2a: Moltres|40\/100\n|-enditem|p2a: Moltres|Sitrus Berry|[eat]\n|-heal|p2a: Moltres|65\/100|[from] item: Sitrus Berry\n|-damage|p1a: Iron Hands|75\/100|[from] Recoil\n|cant|p2b: Goodra|move: Taunt|Life Dew\n|\n|-heal|p2b: Goodra|100\/100 brn|[from] item: Leftovers\n|-damage|p2b: Goodra|95\/100 brn|[from] brn\n|upkeep\n|turn|6\n|inactive|Jehag has 30 seconds left.\n|inactive|SKLVGC has 30 seconds left.\n|\n|t:|1700662070\n|move|p2a: Moltres|Fiery Wrath|p1a: Iron Hands|[spread] p1a,p1b\n|-resisted|p1a: Iron Hands\n|-crit|p1a: Iron Hands\n|-resisted|p1b: Weezing\n|-damage|p1a: Iron Hands|56\/100\n|-damage|p1b: Weezing|50\/100\n|-enditem|p1b: Weezing|Sitrus Berry|[eat]\n|-heal|p1b: Weezing|75\/100|[from] item: Sitrus Berry\n|move|p1b: Weezing|Strange Steam|p2a: Moltres\n|-resisted|p2a: Moltres\n|-crit|p2a: Moltres\n|-damage|p2a: Moltres|50\/100\n|move|p1a: Iron Hands|Wild Charge|p2a: Moltres\n|-damage|p2a: Moltres|6\/100\n|-damage|p1a: Iron Hands|47\/100|[from] Recoil\n|move|p2b: Goodra|Body Press|p1b: Weezing\n|-resisted|p1b: Weezing\n|-damage|p1b: Weezing|71\/100\n|\n|-heal|p2b: Goodra|100\/100 brn|[from] item: Leftovers\n|-damage|p2b: Goodra|95\/100 brn|[from] brn\n|upkeep\n|turn|7\n|inactive|Jehag has 30 seconds left.\n|inactive|Jehag has 20 seconds left.\n|inactive|Jehag has 15 seconds left.\n|\n|t:|1700662113\n|move|p2a: Moltres|Fiery Wrath|p1b: Weezing|[spread] p1a,p1b\n|-resisted|p1a: Iron Hands\n|-resisted|p1b: Weezing\n|-damage|p1a: Iron Hands|33\/100\n|-damage|p1b: Weezing|39\/100\n|cant|p1b: Weezing|flinch\n|move|p1a: Iron Hands|Drain Punch|p2b: Goodra\n|-supereffective|p2b: Goodra\n|-damage|p2b: Goodra|61\/100 brn\n|-heal|p1a: Iron Hands|46\/100|[from] drain|[of] p2b: Goodra\n|move|p2b: Goodra|Body Press|p1b: Weezing\n|-resisted|p1b: Weezing\n|-damage|p1b: Weezing|34\/100\n|\n|-heal|p2b: Goodra|67\/100 brn|[from] item: Leftovers\n|-damage|p2b: Goodra|61\/100 brn|[from] brn\n|-end|p2b: Goodra|move: Taunt\n|upkeep\n|turn|8\n|inactive|Jehag has 30 seconds left.\n|inactive|Jehag has 20 seconds left.\n|inactive|Jehag has 15 seconds left.\n|\n|t:|1700662156\n|move|p2a: Moltres|Protect|p2a: Moltres\n|-singleturn|p2a: Moltres|Protect\n|move|p1b: Weezing|Taunt|p2b: Goodra\n|-start|p2b: Goodra|move: Taunt\n|move|p1a: Iron Hands|Heavy Slam|p2a: Moltres\n|-activate|p2a: Moltres|move: Protect\n|cant|p2b: Goodra|move: Taunt|Life Dew\n|\n|-heal|p2b: Goodra|67\/100 brn|[from] item: Leftovers\n|-damage|p2b: Goodra|61\/100 brn|[from] brn\n|upkeep\n|turn|9\n|\n|t:|1700662176\n|move|p2a: Moltres|Fiery Wrath|p1b: Weezing|[spread] p1a,p1b\n|-resisted|p1a: Iron Hands\n|-resisted|p1b: Weezing\n|-damage|p1a: Iron Hands|32\/100\n|-damage|p1b: Weezing|0 fnt\n|faint|p1b: Weezing\n|-end|p1b: Weezing|ability: Neutralizing Gas\n|cant|p1a: Iron Hands|flinch\n|move|p2b: Goodra|Body Press|p1a: Iron Hands\n|-damage|p1a: Iron Hands|17\/100\n|\n|-heal|p2b: Goodra|67\/100 brn|[from] item: Leftovers\n|-damage|p2b: Goodra|61\/100 brn|[from] brn\n|upkeep\n|\n|t:|1700662185\n|switch|p1b: Roaring Moon|Roaring Moon, L50|100\/100\n|-enditem|p1b: Roaring Moon|Booster Energy\n|-activate|p1b: Roaring Moon|ability: Protosynthesis|[fromitem]\n|-start|p1b: Roaring Moon|protosynthesisspe\n|turn|10\n|\n|t:|1700662199\n|-terastallize|p1b: Roaring Moon|Flying\n|move|p1b: Roaring Moon|Acrobatics|p2a: Moltres\n|-damage|p2a: Moltres|0 fnt\n|faint|p2a: Moltres\n|move|p1a: Iron Hands|Drain Punch|p2b: Goodra\n|-supereffective|p2b: Goodra\n|-damage|p2b: Goodra|26\/100 brn\n|-heal|p1a: Iron Hands|31\/100|[from] drain|[of] p2b: Goodra\n|move|p2b: Goodra|Body Press|p1b: Roaring Moon\n|-resisted|p1b: Roaring Moon\n|-damage|p1b: Roaring Moon|88\/100\n|\n|-heal|p2b: Goodra|32\/100 brn|[from] item: Leftovers\n|-damage|p2b: Goodra|26\/100 brn|[from] brn\n|-end|p2b: Goodra|move: Taunt\n|upkeep\n|\n|t:|1700662202\n|switch|p2a: Landorus|Landorus-Therian, L50, M|100\/100\n|-ability|p2a: Landorus|Intimidate|boost\n|-unboost|p1a: Iron Hands|atk|1\n|-unboost|p1b: Roaring Moon|atk|1\n|turn|11\n|inactive|Jehag has 30 seconds left.\n|inactive|Jehag has 20 seconds left.\n|inactive|Jehag has 15 seconds left.\n|l|\u2606Jehag\n|inactive|Jehag disconnected and has a minute to reconnect!\n|player|p2|\n|inactive|Jehag has 10 seconds left.\n|inactive|Jehag has 5 seconds left.\n|-message|Jehag lost due to inactivity.\n|\n|win|SKLVGC\n|raw|SKLVGC's rating: 1322 &rarr; <strong>1348<\/strong><br \/>(+26 for winning)\n|raw|Jehag's rating: 1438 &rarr; <strong>1412<\/strong><br \/>(-26 for losing)\n","uploadtime":1700662280,"views":10,"p1id":"sklvgc","p2id":"jehag","formatid":"gen9vgc2023regulatione","rating":1348,"private":0,"password":""}