{"id":"gen9vgc2023regulatione-1992890054","p1":"Eeveon7\u2764","p2":"eebgm","format":"[Gen 9] VGC 2023 Regulation E","log":"|j|\u2606Eeveon7\u2764\n|j|\u2606eebgm\n|t:|1700244264\n|gametype|doubles\n|player|p1|Eeveon7\u2764|#eeveon7xmas|\n|player|p2|eebgm|lady|\n|teamsize|p1|6\n|teamsize|p2|6\n|gen|9\n|tier|[Gen 9] VGC 2023 Regulation E\n|rated|Tournament battle\n|rule|Species Clause: Limit one of each Pok\u00e9mon\n|rule|Item Clause: Limit one of each item\n|clearpoke\n|poke|p1|Landorus-Therian, L50, M|\n|poke|p1|Torkoal, L50, F|\n|poke|p1|Cresselia, L50, F|\n|poke|p1|Flutter Mane, L50|\n|poke|p1|Regieleki, L50|\n|poke|p1|Urshifu-*, L50, F|\n|poke|p2|Armarouge, L50, M|\n|poke|p2|Indeedee-F, L50, F|\n|poke|p2|Sneasler, L50, M|\n|poke|p2|Landorus-Therian, L50, M|\n|poke|p2|Torkoal, L50, M|\n|poke|p2|Gallade, L50, M|\n|teampreview|4\n|showteam|p1|Landorus-Therian||AssaultVest|Intimidate|StompingTantrum,Uturn,TeraBlast,RockSlide|||M|||50|,,,,,Flying]Torkoal||Charcoal|Drought|Eruption,Protect,HeatWave,HelpingHand|||F|||50|,,,,,Fire]Cresselia||MentalHerb|Levitate|TrickRoom,IceBeam,LunarBlessing,SkillSwap|||F|||50|,,,,,Poison]Flutter Mane||LifeOrb|Protosynthesis|Moonblast,ShadowBall,DazzlingGleam,Protect||||||50|,,,,,Fairy]Regieleki||ChoiceSpecs|Transistor|Electroweb,Thunderbolt,ElectroBall,VoltSwitch||||||50|,,,,,Ghost]Urshifu||FocusSash|UnseenFist|WickedBlow,CloseCombat,Protect,SuckerPunch|||F|||50|,,,,,Dark\n|showteam|p2|Armarouge||WeaknessPolicy|WeakArmor|ExpandingForce,HeatWave,Endure,WideGuard|||M|||50|,,,,,Psychic]Indeedee-F||RockyHelmet|PsychicSurge|FollowMe,DazzlingGleam,TrickRoom,HelpingHand|||F|||50|,,,,,Fairy]Sneasler||PsychicSeed|Unburden|DireClaw,CloseCombat,RockSlide,SwordsDance|||M|||50|,,,,,Rock]Landorus-Therian||ChoiceScarf|Intimidate|Earthquake,Uturn,RockSlide,StompingTantrum|||M|||50|,,,,,Water]Torkoal||ChoiceSpecs|Drought|Eruption,HeatWave,Flamethrower,EarthPower|||M|||50|,,,,,Fire]Gallade||FocusSash|Sharpness|SacredSword,PsychoCut,ShadowSneak,TrickRoom|||M|||50|,,,,,Ghost\n|inactive|Battle timer is ON: inactive players will automatically lose when time's up. (requested by eebgm)\n|inactive|Eeveon7\u2764 also wants the timer to be on.\n|j|%Radio Free C-Side\n|j| FatalEspresso\n|j| pokeveteran04\n|j| MafuMafuSimp\n|j| Grewt\n|inactive|Eeveon7\u2764 has 60 seconds left.\n|\n|t:|1700244299\n|start\n|switch|p1a: Cresselia|Cresselia, L50, F|100\/100\n|switch|p1b: Landorus|Landorus-Therian, L50, M|100\/100\n|switch|p2a: Armarouge|Armarouge, L50, M|100\/100\n|switch|p2b: Landorus|Landorus-Therian, L50, M|100\/100\n|-ability|p2b: Landorus|Intimidate|boost\n|-unboost|p1a: Cresselia|atk|1\n|-unboost|p1b: Landorus|atk|1\n|-ability|p1b: Landorus|Intimidate|boost\n|-unboost|p2a: Armarouge|atk|1\n|-unboost|p2b: Landorus|atk|1\n|turn|1\n|\n|t:|1700244322\n|move|p2a: Armarouge|Endure|p2a: Armarouge\n|-singleturn|p2a: Armarouge|move: Endure\n|move|p2b: Landorus|U-turn|p1a: Cresselia\n|-supereffective|p1a: Cresselia\n|-damage|p1a: Cresselia|82\/100\n|\n|t:|1700244326\n|switch|p2b: Indeedee|Indeedee-F, L50, F|100\/100|[from] U-turn\n|-fieldstart|move: Psychic Terrain|[from] ability: Psychic Surge|[of] p2b: Indeedee\n|move|p1b: Landorus|U-turn|p2a: Armarouge\n|-damage|p2a: Armarouge|80\/100\n|-ability|p2a: Armarouge|Weak Armor|boost\n|-unboost|p2a: Armarouge|def|1\n|-boost|p2a: Armarouge|spe|2\n|\n|t:|1700244337\n|switch|p1b: Torkoal|Torkoal, L50, F|100\/100|[from] U-turn\n|-weather|SunnyDay|[from] ability: Drought|[of] p1b: Torkoal\n|move|p1a: Cresselia|Trick Room|p1a: Cresselia\n|-fieldstart|move: Trick Room|[of] p1a: Cresselia\n|\n|-weather|SunnyDay|[upkeep]\n|upkeep\n|turn|2\n|\n|t:|1700244344\n|-terastallize|p1b: Torkoal|Fire\n|move|p2a: Armarouge|Wide Guard|p2a: Armarouge\n|-singleturn|p2a: Armarouge|Wide Guard\n|move|p1b: Torkoal|Eruption|p2b: Indeedee|[spread] \n|-activate|p2a: Armarouge|move: Wide Guard\n|-activate|p2b: Indeedee|move: Wide Guard\n|move|p1a: Cresselia|Ice Beam|p2a: Armarouge\n|-resisted|p2a: Armarouge\n|-damage|p2a: Armarouge|69\/100\n|move|p2b: Indeedee|Trick Room|p2b: Indeedee\n|-fieldend|move: Trick Room\n|\n|-weather|SunnyDay|[upkeep]\n|upkeep\n|turn|3\n|\n|t:|1700244356\n|-terastallize|p2a: Armarouge|Psychic\n|move|p2b: Indeedee|Helping Hand|p2a: Armarouge\n|-singleturn|p2a: Armarouge|Helping Hand|[of] p2b: Indeedee\n|move|p1b: Torkoal|Protect|p1b: Torkoal\n|-singleturn|p1b: Torkoal|Protect\n|move|p2a: Armarouge|Expanding Force|p1b: Torkoal|[spread] p1a\n|-activate|p1b: Torkoal|move: Protect\n|-resisted|p1a: Cresselia\n|-damage|p1a: Cresselia|42\/100\n|move|p1a: Cresselia|Trick Room|p1a: Cresselia\n|-fieldstart|move: Trick Room|[of] p1a: Cresselia\n|\n|-weather|SunnyDay|[upkeep]\n|upkeep\n|turn|4\n|\n|t:|1700244369\n|move|p2a: Armarouge|Endure|p2a: Armarouge\n|-singleturn|p2a: Armarouge|move: Endure\n|move|p1b: Torkoal|Heat Wave|p2a: Armarouge|[spread] p2a\n|-miss|p1b: Torkoal|p2b: Indeedee\n|-activate|p2a: Armarouge|move: Endure\n|-damage|p2a: Armarouge|1\/100\n|move|p1a: Cresselia|Lunar Blessing|p1a: Cresselia|[spread] p1a,p1b\n|-heal|p1a: Cresselia|67\/100\n|move|p2b: Indeedee|Trick Room|p2b: Indeedee\n|-fieldend|move: Trick Room\n|\n|-weather|SunnyDay|[upkeep]\n|upkeep\n|turn|5\n|j| choicebadkyurem\n|c| choicebadkyurem|go eeb\n|c| choicebadkyurem|no gm\n|c| choicebadkyurem|just eeb\n|\n|t:|1700244387\n|move|p1b: Torkoal|Protect|p1b: Torkoal\n|-singleturn|p1b: Torkoal|Protect\n|move|p2a: Armarouge|Expanding Force|p1a: Cresselia|[spread] p1a\n|-activate|p1b: Torkoal|move: Protect\n|-resisted|p1a: Cresselia\n|-damage|p1a: Cresselia|41\/100\n|move|p1a: Cresselia|Ice Beam|p2a: Armarouge\n|-damage|p2a: Armarouge|0 fnt\n|faint|p2a: Armarouge\n|move|p2b: Indeedee|Trick Room|p2b: Indeedee\n|-fieldstart|move: Trick Room|[of] p2b: Indeedee\n|\n|-weather|none\n|-fieldend|move: Psychic Terrain\n|upkeep\n|\n|t:|1700244401\n|switch|p2a: Landorus|Landorus-Therian, L50, M|100\/100\n|-ability|p2a: Landorus|Intimidate|boost\n|-unboost|p1a: Cresselia|atk|1\n|-unboost|p1b: Torkoal|atk|1\n|turn|6\n|\n|t:|1700244410\n|move|p1b: Torkoal|Eruption|p2b: Indeedee|[spread] p2a,p2b\n|-damage|p2a: Landorus|19\/100\n|-damage|p2b: Indeedee|28\/100\n|move|p1a: Cresselia|Ice Beam|p2a: Landorus\n|-supereffective|p2a: Landorus\n|-damage|p2a: Landorus|0 fnt\n|faint|p2a: Landorus\n|move|p2b: Indeedee|Trick Room|p2b: Indeedee\n|-fieldend|move: Trick Room\n|\n|upkeep\n|\n|t:|1700244412\n|switch|p2a: Sneasler|Sneasler, L50, M|100\/100\n|turn|7\n|c| MafuMafuSimp|winnable\n|j| Juicy_Tanner2\n|c|\u2606Eeveon7\u2764|weak armor bailed me out so hard\n|\n|t:|1700244434\n|switch|p1a: Landorus|Landorus-Therian, L50, M|100\/100\n|-ability|p1a: Landorus|Intimidate|boost\n|-unboost|p2a: Sneasler|atk|1\n|-unboost|p2b: Indeedee|atk|1\n|move|p2b: Indeedee|Helping Hand|p2a: Sneasler\n|-singleturn|p2a: Sneasler|Helping Hand|[of] p2b: Indeedee\n|move|p2a: Sneasler|Rock Slide|p1a: Landorus|[spread] p1b\n|-miss|p2a: Sneasler|p1a: Landorus\n|-supereffective|p1b: Torkoal\n|-damage|p1b: Torkoal|69\/100\n|move|p1b: Torkoal|Heat Wave|p2b: Indeedee|[spread] p2a,p2b\n|-crit|p2b: Indeedee\n|-damage|p2a: Sneasler|45\/100\n|-damage|p2b: Indeedee|0 fnt\n|faint|p2b: Indeedee\n|\n|upkeep\n|turn|8\n|-message|eebgm forfeited.\n|\n|win|Eeveon7\u2764\n|n|\u2606Eeveon7\u2764|eeveon7\n|n|\u2606eebgm|eebgm\n|n| Radio Free C-Side|radiofreecside\n|n| FatalEspresso|fatalespresso\n|n| pokeveteran04|pokeveteran04\n|n| MafuMafuSimp|mafumafusimp\n|n| Grewt|grewt\n|n| choicebadkyurem|choicebadkyurem\n|n| Juicy_Tanner2|juicytanner2\n","uploadtime":1700244452,"views":10,"p1id":"eeveon7","p2id":"eebgm","formatid":"gen9vgc2023regulatione","rating":0,"private":0,"password":""}