{"id":"gen9vgc2023regulatione-1998124172","p1":"jimmyjemima","p2":"Lazy2Think","format":"[Gen 9] VGC 2023 Regulation E","log":"|j|\u2606jimmyjemima\n|j|\u2606Lazy2Think\n|t:|1700895697\n|gametype|doubles\n|player|p1|jimmyjemima|265|1172\n|player|p2|Lazy2Think|265|1274\n|teamsize|p1|6\n|teamsize|p2|6\n|gen|9\n|tier|[Gen 9] VGC 2023 Regulation E\n|rated|\n|rule|Species Clause: Limit one of each Pok\u00e9mon\n|rule|Item Clause: Limit one of each item\n|clearpoke\n|poke|p1|Torkoal, L50, F|\n|poke|p1|Rillaboom, L50, F|\n|poke|p1|Leafeon, L50, F|\n|poke|p1|Jumpluff, L50, F|\n|poke|p1|Heatran, L50, M|\n|poke|p1|Sandy Shocks, L50|\n|poke|p2|Weezing, L50, M|\n|poke|p2|Roaring Moon, L50|\n|poke|p2|Ogerpon-Wellspring, L50, F|\n|poke|p2|Iron Hands, L50|\n|poke|p2|Landorus-Therian, L50, M|\n|poke|p2|Gholdengo, L50|\n|teampreview|4\n|inactive|Battle timer is ON: inactive players will automatically lose when time's up. (requested by Lazy2Think)\n|\n|t:|1700895753\n|start\n|switch|p1a: Torkoal|Torkoal, L50, F|100\/100\n|switch|p1b: Sandy Shocks|Sandy Shocks, L50|100\/100\n|switch|p2a: Weezing|Weezing, L50, M|100\/100\n|switch|p2b: Landorus|Landorus-Therian, L50, M|100\/100\n|-ability|p2a: Weezing|Neutralizing Gas\n|turn|1\n|inactive|Lazy2Think has 30 seconds left.\n|\n|t:|1700895781\n|move|p2a: Weezing|Protect|p2a: Weezing\n|-singleturn|p2a: Weezing|Protect\n|move|p2b: Landorus|Stomping Tantrum|p1b: Sandy Shocks\n|-supereffective|p1b: Sandy Shocks\n|-damage|p1b: Sandy Shocks|6\/100\n|move|p1b: Sandy Shocks|Earth Power|p2a: Weezing\n|-activate|p2a: Weezing|move: Protect\n|move|p1a: Torkoal|Sunny Day|p1a: Torkoal\n|-weather|SunnyDay\n|-activate|p1b: Sandy Shocks|ability: Protosynthesis\n|-start|p1b: Sandy Shocks|protosynthesisspe\n|\n|-weather|SunnyDay|[upkeep]\n|upkeep\n|turn|2\n|\n|t:|1700895798\n|move|p1b: Sandy Shocks|Earth Power|p2a: Weezing\n|-supereffective|p2a: Weezing\n|-damage|p2a: Weezing|0 fnt\n|faint|p2a: Weezing\n|-end|p2a: Weezing|ability: Neutralizing Gas\n|-ability|p2b: Landorus|Intimidate|boost\n|-unboost|p1a: Torkoal|atk|1\n|-unboost|p1b: Sandy Shocks|atk|1\n|move|p2b: Landorus|Stomping Tantrum|p1a: Torkoal\n|-supereffective|p1a: Torkoal\n|-damage|p1a: Torkoal|52\/100\n|-enditem|p1a: Torkoal|Eject Button\n|\n|t:|1700895811\n|switch|p1a: Leafeon|Leafeon, L50, F|100\/100\n|\n|-weather|SunnyDay|[upkeep]\n|upkeep\n|\n|t:|1700895814\n|switch|p2a: Iron Hands|Iron Hands, L50|100\/100\n|turn|3\n|\n|t:|1700895825\n|switch|p2b: Ogerpon|Ogerpon-Wellspring, L50, F|100\/100\n|move|p2a: Iron Hands|Fake Out|p1b: Sandy Shocks\n|-damage|p1b: Sandy Shocks|0 fnt\n|faint|p1b: Sandy Shocks\n|-end|p1b: Sandy Shocks|Protosynthesis|[silent]\n|move|p1a: Leafeon|Swords Dance|p1a: Leafeon\n|-boost|p1a: Leafeon|atk|2\n|\n|-weather|SunnyDay|[upkeep]\n|upkeep\n|\n|t:|1700895831\n|switch|p1b: Rillaboom|Rillaboom, L50, F|100\/100\n|-fieldstart|move: Grassy Terrain|[from] ability: Grassy Surge|[of] p1b: Rillaboom\n|-enditem|p1a: Leafeon|Grassy Seed\n|-boost|p1a: Leafeon|def|1|[from] item: Grassy Seed\n|turn|4\n|\n|t:|1700895853\n|-end|p2a: Iron Hands|Quark Drive|[silent]\n|switch|p2a: Landorus|Landorus-Therian, L50, M|100\/100\n|-ability|p2a: Landorus|Intimidate|boost\n|-unboost|p1a: Leafeon|atk|1\n|-unboost|p1b: Rillaboom|atk|1\n|move|p1a: Leafeon|Solar Blade||[still]\n|-prepare|p1a: Leafeon|Solar Blade\n|-anim|p1a: Leafeon|Solar Blade|p2b: Ogerpon\n|-damage|p2b: Ogerpon|0 fnt\n|faint|p2b: Ogerpon\n|move|p1b: Rillaboom|U-turn|p2a: Landorus\n|-resisted|p2a: Landorus\n|-damage|p2a: Landorus|90\/100\n|\n|t:|1700895863\n|switch|p1b: Torkoal|Torkoal, L50, F|52\/100|[from] U-turn\n|\n|-weather|SunnyDay|[upkeep]\n|-heal|p1b: Torkoal|58\/100|[from] Grassy Terrain\n|upkeep\n|\n|t:|1700895865\n|switch|p2b: Iron Hands|Iron Hands, L50|100\/100\n|turn|5\n|inactive|jimmyjemima has 30 seconds left.\n|\n|t:|1700895900\n|-terastallize|p2a: Landorus|Flying\n|move|p1a: Leafeon|Synthesis|p1a: Leafeon\n|-fail|p1a: Leafeon|heal\n|move|p2a: Landorus|Tera Blast|p1a: Leafeon|[anim] Tera Blast Flying\n|-supereffective|p1a: Leafeon\n|-damage|p1a: Leafeon|38\/100\n|move|p2b: Iron Hands|Drain Punch|p1b: Torkoal\n|-damage|p1b: Torkoal|32\/100\n|move|p1b: Torkoal|Yawn|p2b: Iron Hands\n|-start|p2b: Iron Hands|move: Yawn|[of] p1b: Torkoal\n|\n|-weather|none\n|-heal|p1a: Leafeon|44\/100|[from] Grassy Terrain\n|-heal|p1b: Torkoal|38\/100|[from] Grassy Terrain\n|upkeep\n|turn|6\n|\n|t:|1700895917\n|switch|p1a: Rillaboom|Rillaboom, L50, F|100\/100\n|move|p2a: Landorus|Tera Blast|p1a: Rillaboom|[anim] Tera Blast Flying\n|-supereffective|p1a: Rillaboom\n|-damage|p1a: Rillaboom|0 fnt\n|faint|p1a: Rillaboom\n|move|p2b: Iron Hands|Drain Punch|p1b: Torkoal\n|-damage|p1b: Torkoal|14\/100\n|move|p1b: Torkoal|Sunny Day|p1b: Torkoal\n|-weather|SunnyDay\n|\n|-weather|SunnyDay|[upkeep]\n|-heal|p1b: Torkoal|20\/100|[from] Grassy Terrain\n|-end|p2b: Iron Hands|move: Yawn|[silent]\n|-status|p2b: Iron Hands|slp\n|upkeep\n|\n|t:|1700895923\n|switch|p1a: Leafeon|Leafeon, L50, F|44\/100\n|turn|7\n|\n|t:|1700895946\n|-terastallize|p1a: Leafeon|Rock\n|move|p1a: Leafeon|Tera Blast|p2a: Landorus|[anim] Tera Blast Rock\n|-supereffective|p2a: Landorus\n|-damage|p2a: Landorus|0 fnt\n|faint|p2a: Landorus\n|cant|p2b: Iron Hands|slp\n|move|p1b: Torkoal|Heat Wave|p2b: Iron Hands\n|-damage|p2b: Iron Hands|71\/100 slp\n|\n|-weather|SunnyDay|[upkeep]\n|-heal|p1a: Leafeon|49\/100|[from] Grassy Terrain\n|-heal|p2b: Iron Hands|77\/100 slp|[from] Grassy Terrain\n|-heal|p1b: Torkoal|26\/100|[from] Grassy Terrain\n|upkeep\n|turn|8\n|\n|t:|1700895964\n|move|p1a: Leafeon|Solar Blade||[still]\n|-prepare|p1a: Leafeon|Solar Blade\n|-anim|p1a: Leafeon|Solar Blade|p2b: Iron Hands\n|-crit|p2b: Iron Hands\n|-damage|p2b: Iron Hands|4\/100 slp\n|-curestatus|p2b: Iron Hands|slp|[msg]\n|move|p2b: Iron Hands|Drain Punch|p1a: Leafeon\n|-supereffective|p1a: Leafeon\n|-damage|p1a: Leafeon|0 fnt\n|-heal|p2b: Iron Hands|20\/100|[from] drain|[of] p1a: Leafeon\n|faint|p1a: Leafeon\n|move|p1b: Torkoal|Yawn|p2b: Iron Hands\n|-start|p2b: Iron Hands|move: Yawn|[of] p1b: Torkoal\n|\n|-weather|SunnyDay|[upkeep]\n|-heal|p2b: Iron Hands|26\/100|[from] Grassy Terrain\n|-heal|p1b: Torkoal|33\/100|[from] Grassy Terrain\n|upkeep\n|turn|9\n|\n|t:|1700895977\n|move|p1b: Torkoal|Protect|p1b: Torkoal\n|-singleturn|p1b: Torkoal|Protect\n|move|p2b: Iron Hands|Drain Punch|p1b: Torkoal\n|-activate|p1b: Torkoal|move: Protect\n|\n|-weather|SunnyDay|[upkeep]\n|-heal|p2b: Iron Hands|33\/100|[from] Grassy Terrain\n|-heal|p1b: Torkoal|39\/100|[from] Grassy Terrain\n|-end|p2b: Iron Hands|move: Yawn|[silent]\n|-status|p2b: Iron Hands|slp\n|upkeep\n|turn|10\n|\n|t:|1700895985\n|cant|p2b: Iron Hands|slp\n|move|p1b: Torkoal|Heat Wave|p2b: Iron Hands\n|-damage|p2b: Iron Hands|2\/100 slp\n|\n|-weather|none\n|-heal|p2b: Iron Hands|9\/100 slp|[from] Grassy Terrain\n|-heal|p1b: Torkoal|45\/100|[from] Grassy Terrain\n|upkeep\n|turn|11\n|\n|t:|1700895991\n|cant|p2b: Iron Hands|slp\n|move|p1b: Torkoal|Heat Wave|p2b: Iron Hands|[miss]\n|-miss|p1b: Torkoal|p2b: Iron Hands\n|\n|-heal|p2b: Iron Hands|15\/100 slp|[from] Grassy Terrain\n|-heal|p1b: Torkoal|51\/100|[from] Grassy Terrain\n|-fieldend|move: Grassy Terrain\n|upkeep\n|turn|12\n|\n|t:|1700896007\n|-curestatus|p2b: Iron Hands|slp|[msg]\n|move|p2b: Iron Hands|Drain Punch|p1b: Torkoal\n|-damage|p1b: Torkoal|26\/100\n|-heal|p2b: Iron Hands|24\/100|[from] drain|[of] p1b: Torkoal\n|move|p1b: Torkoal|Heat Wave|p2b: Iron Hands\n|-damage|p2b: Iron Hands|5\/100\n|\n|upkeep\n|turn|13\n|\n|t:|1700896016\n|move|p1b: Torkoal|Protect|p1b: Torkoal\n|-singleturn|p1b: Torkoal|Protect\n|move|p2b: Iron Hands|Drain Punch|p1b: Torkoal\n|-activate|p1b: Torkoal|move: Protect\n|\n|upkeep\n|turn|14\n|\n|t:|1700896024\n|move|p2b: Iron Hands|Drain Punch|p1b: Torkoal\n|-damage|p1b: Torkoal|2\/100\n|-heal|p2b: Iron Hands|13\/100|[from] drain|[of] p1b: Torkoal\n|move|p1b: Torkoal|Heat Wave|p2b: Iron Hands\n|-damage|p2b: Iron Hands|0 fnt\n|faint|p2b: Iron Hands\n|-end|p2b: Iron Hands|Quark Drive|[silent]\n|\n|win|jimmyjemima\n|raw|jimmyjemima's rating: 1172 &rarr; <strong>1204<\/strong><br \/>(+32 for winning)\n|raw|Lazy2Think's rating: 1274 &rarr; <strong>1242<\/strong><br \/>(-32 for losing)\n|l|\u2606Lazy2Think\n|c|\u2606jimmyjemima|gg wp\n","uploadtime":1700896041,"views":20,"p1id":"jimmyjemima","p2id":"lazy2think","formatid":"gen9vgc2023regulatione","rating":1204,"private":0,"password":""}