{"id":"gen9vgc2023regulatione-1997002337","p1":"armadillo45","p2":"MJ_VGC_0","format":"[Gen 9] VGC 2023 Regulation E","log":"|j|\u2606armadillo45\n|j|\u2606MJ_VGC_0\n|t:|1700754479\n|gametype|doubles\n|player|p1|armadillo45|iris-gen5bw2|1161\n|player|p2|MJ_VGC_0|silver|1067\n|teamsize|p1|6\n|teamsize|p2|6\n|gen|9\n|tier|[Gen 9] VGC 2023 Regulation E\n|rated|\n|rule|Species Clause: Limit one of each Pok\u00e9mon\n|rule|Item Clause: Limit one of each item\n|clearpoke\n|poke|p1|Hippowdon, L50, F|\n|poke|p1|Lycanroc, L50, M|\n|poke|p1|Palossand, L50, M|\n|poke|p1|Magnezone, L50|\n|poke|p1|Gastrodon, L50, M|\n|poke|p1|Salamence, L50, M|\n|poke|p2|Grimmsnarl, L50, M|\n|poke|p2|Gholdengo, L50|\n|poke|p2|Ting-Lu, L50|\n|poke|p2|Goodra-Hisui, L50, M|\n|poke|p2|Cresselia, L50, F|\n|poke|p2|Amoonguss, L50, F|\n|teampreview|4\n|\n|t:|1700754523\n|start\n|switch|p1a: Hippowdon|Hippowdon, L50, F|100\/100\n|switch|p1b: Palossand|Palossand, L50, M, shiny|100\/100\n|switch|p2a: Cresselia|Cresselia, L50, F|100\/100\n|switch|p2b: Grimmsnarl|Grimmsnarl, L50, M|100\/100\n|-weather|Sandstorm|[from] ability: Sand Stream|[of] p1a: Hippowdon\n|turn|1\n|\n|t:|1700754550\n|-terastallize|p1a: Hippowdon|Steel\n|move|p2b: Grimmsnarl|Taunt|p1b: Palossand\n|-start|p1b: Palossand|move: Taunt\n|move|p1a: Hippowdon|Iron Head|p2b: Grimmsnarl\n|-supereffective|p2b: Grimmsnarl\n|-damage|p2b: Grimmsnarl|0 fnt\n|faint|p2b: Grimmsnarl\n|move|p1b: Palossand|Shadow Ball|p2a: Cresselia\n|-supereffective|p2a: Cresselia\n|-damage|p2a: Cresselia|63\/100\n|move|p2a: Cresselia|Trick Room|p2a: Cresselia\n|-fieldstart|move: Trick Room|[of] p2a: Cresselia\n|\n|-weather|Sandstorm|[upkeep]\n|-damage|p2a: Cresselia|57\/100|[from] Sandstorm\n|upkeep\n|\n|t:|1700754568\n|switch|p2b: Ting-Lu|Ting-Lu, L50|100\/100\n|-ability|p2b: Ting-Lu|Vessel of Ruin\n|turn|2\n|\n|t:|1700754577\n|move|p1b: Palossand|Shadow Ball|p2a: Cresselia\n|-supereffective|p2a: Cresselia\n|-damage|p2a: Cresselia|28\/100\n|move|p2b: Ting-Lu|Fissure|p1a: Hippowdon\n|-damage|p1a: Hippowdon|0 fnt\n|faint|p1a: Hippowdon\n|-ohko\n|move|p2a: Cresselia|Lunar Blessing|p2a: Cresselia|[spread] p2a,p2b\n|-heal|p2a: Cresselia|53\/100\n|\n|-weather|Sandstorm|[upkeep]\n|-damage|p2a: Cresselia|47\/100|[from] Sandstorm\n|upkeep\n|\n|t:|1700754589\n|switch|p1a: Gastrodon|Gastrodon, L50, M, shiny|100\/100\n|turn|3\n|\n|t:|1700754606\n|switch|p2a: Goodra|Goodra-Hisui, L50, M|100\/100\n|move|p1b: Palossand|Shadow Ball|p2a: Goodra\n|-damage|p2a: Goodra|84\/100\n|move|p2b: Ting-Lu|Fissure|p1a: Gastrodon\n|-damage|p1a: Gastrodon|0 fnt\n|faint|p1a: Gastrodon\n|-ohko\n|\n|-weather|Sandstorm|[upkeep]\n|-heal|p2a: Goodra|90\/100|[from] item: Leftovers\n|-end|p1b: Palossand|move: Taunt\n|upkeep\n|\n|t:|1700754615\n|switch|p1a: Magnezone|Magnezone, L50, shiny|100\/100\n|turn|4\n|c|\u2606MJ_VGC_0|easy game\n|\n|t:|1700754632\n|move|p1a: Magnezone|Protect|p1a: Magnezone\n|-singleturn|p1a: Magnezone|Protect\n|move|p1b: Palossand|Earth Power|p2a: Goodra\n|-supereffective|p2a: Goodra\n|-damage|p2a: Goodra|49\/100\n|move|p2b: Ting-Lu|Fissure|p1a: Magnezone\n|-activate|p1a: Magnezone|move: Protect\n|move|p2a: Goodra|Curse|p2a: Goodra\n|-unboost|p2a: Goodra|spe|1\n|-boost|p2a: Goodra|atk|1\n|-boost|p2a: Goodra|def|1\n|\n|-weather|Sandstorm|[upkeep]\n|-heal|p2a: Goodra|55\/100|[from] item: Leftovers\n|upkeep\n|turn|5\n|n|!armadillo45|armadillo45\n|\n|t:|1700754657\n|-terastallize|p2a: Goodra|Flying\n|move|p2a: Goodra|Curse|p2a: Goodra\n|-unboost|p2a: Goodra|spe|1\n|-boost|p2a: Goodra|atk|1\n|-boost|p2a: Goodra|def|1\n|move|p1b: Palossand|Earth Power|p2a: Goodra\n|-immune|p2a: Goodra\n|move|p2b: Ting-Lu|Stomping Tantrum|p1a: Magnezone\n|-supereffective|p1a: Magnezone\n|-damage|p1a: Magnezone|0 fnt\n|faint|p1a: Magnezone\n|\n|-weather|none\n|-heal|p2a: Goodra|60\/100|[from] item: Leftovers\n|-fieldend|move: Trick Room\n|upkeep\n|turn|6\n|\n|t:|1700754672\n|move|p2b: Ting-Lu|Fissure|p1b: Palossand|[miss]\n|-miss|p2b: Ting-Lu|p1b: Palossand\n|move|p1b: Palossand|Shadow Ball|p2a: Goodra\n|-damage|p2a: Goodra|43\/100\n|move|p2a: Goodra|Outrage|p1b: Palossand\n|-damage|p1b: Palossand|12\/100\n|\n|-heal|p2a: Goodra|48\/100|[from] item: Leftovers\n|upkeep\n|turn|7\n|\n|t:|1700754684\n|move|p2b: Ting-Lu|Stomping Tantrum|p1b: Palossand|[miss]\n|-miss|p2b: Ting-Lu|p1b: Palossand\n|move|p1b: Palossand|Shadow Ball|p2a: Goodra\n|-damage|p2a: Goodra|32\/100\n|move|p2a: Goodra|Outrage|p1b: Palossand|[from]lockedmove\n|-damage|p1b: Palossand|0 fnt\n|faint|p1b: Palossand\n|\n|win|MJ_VGC_0\n|raw|armadillo45's rating: 1161 &rarr; <strong>1129<\/strong><br \/>(-32 for losing)\n|raw|MJ_VGC_0's rating: 1067 &rarr; <strong>1105<\/strong><br \/>(+38 for winning)\n","uploadtime":1700754648,"views":0,"p1id":"armadillo45","p2id":"mjvgc0","formatid":"gen9vgc2023regulatione","rating":1105,"private":0,"password":""}