{"id":"gen9vgc2023regulatione-1989796135","p1":"Catebot","p2":"nephilimuscat","format":"[Gen 9] VGC 2023 Regulation E","log":"|j|\u2606Catebot\n|j|\u2606nephilimuscat\n|t:|1699896459\n|gametype|doubles\n|player|p1|Catebot|102|1109\n|player|p2|nephilimuscat|policeman-gen4|1121\n|teamsize|p1|6\n|teamsize|p2|6\n|gen|9\n|tier|[Gen 9] VGC 2023 Regulation E\n|rated|\n|rule|Species Clause: Limit one of each Pok\u00e9mon\n|rule|Item Clause: Limit one of each item\n|clearpoke\n|poke|p1|Okidogi, L50, M|\n|poke|p1|Ninetales-Alola, L50, F|\n|poke|p1|Sinistcha-Masterpiece, L50|\n|poke|p1|Landorus-Therian, L50, M|\n|poke|p1|Rillaboom, L50, M|\n|poke|p1|Ogerpon-Hearthflame, L50, F|\n|poke|p2|Flutter Mane, L50|\n|poke|p2|Tornadus, L50, M|\n|poke|p2|Brambleghast, L50, M|\n|poke|p2|Heatran, L50, M|\n|poke|p2|Landorus-Therian, L50, M|\n|poke|p2|Iron Bundle, L50|\n|teampreview|4\nCatebot has agreed to open team sheets.\n|inactive|Battle timer is ON: inactive players will automatically lose when time's up. (requested by Catebot)\nnephilimuscat rejected open team sheets.\n|inactive|Catebot has 60 seconds left.\n|inactive|Catebot has 30 seconds left.\n|inactive|Catebot has 20 seconds left.\n|inactive|Catebot has 15 seconds left.\n|inactive|Catebot has 10 seconds left.\n|\n|t:|1699896548\n|start\n|switch|p1a: Ninetales|Ninetales-Alola, L50, F|100\/100\n|switch|p1b: Okidogi|Okidogi, L50, M|100\/100\n|switch|p2a: Tornadus|Tornadus, L50, M|100\/100\n|switch|p2b: Brambleghast|Brambleghast, L50, M|100\/100\n|-weather|Snow|[from] ability: Snow Warning|[of] p1a: Ninetales\n|turn|1\n|inactive|Catebot has 30 seconds left.\n|\n|t:|1699896574\n|move|p2a: Tornadus|Tailwind|p2a: Tornadus\n|-sidestart|p2: nephilimuscat|move: Tailwind\n|-ability|p2b: Brambleghast|Wind Rider|boost\n|-boost|p2b: Brambleghast|atk|1\n|move|p2b: Brambleghast|Power Whip|p1b: Okidogi\n|-resisted|p1b: Okidogi\n|-damage|p1b: Okidogi|56\/100\n|-damage|p2b: Brambleghast|90\/100|[from] item: Life Orb\n|move|p1a: Ninetales|Blizzard|p2b: Brambleghast|[spread] p2a\n|-ability|p2b: Brambleghast|Wind Rider|boost\n|-boost|p2b: Brambleghast|atk|1\n|-supereffective|p2a: Tornadus\n|-damage|p2a: Tornadus|35\/100\n|move|p1b: Okidogi|Bulk Up|p1b: Okidogi\n|-boost|p1b: Okidogi|atk|1\n|-boost|p1b: Okidogi|def|1\n|\n|-weather|Snow|[upkeep]\n|-heal|p1b: Okidogi|62\/100|[from] item: Leftovers\n|upkeep\n|turn|2\n|inactive|Catebot has 30 seconds left.\n|\n|t:|1699896601\n|move|p2a: Tornadus|Bleakwind Storm|p1b: Okidogi|[spread] p1a,p1b\n|-supereffective|p1b: Okidogi\n|-damage|p1a: Ninetales|71\/100\n|-damage|p1b: Okidogi|0 fnt\n|faint|p1b: Okidogi\n|move|p2b: Brambleghast|Power Whip|p1a: Ninetales\n|-damage|p1a: Ninetales|0 fnt\n|faint|p1a: Ninetales\n|-damage|p2b: Brambleghast|80\/100|[from] item: Life Orb\n|\n|-weather|Snow|[upkeep]\n|upkeep\n|\n|t:|1699896610\n|switch|p1a: Landorus|Landorus-Therian, L50, M|100\/100\n|switch|p1b: Ogerpon|Ogerpon-Hearthflame, L50, F|100\/100\n|-ability|p1a: Landorus|Intimidate|boost\n|-unboost|p2a: Tornadus|atk|1\n|-unboost|p2b: Brambleghast|atk|1\n|-ability|p1b: Ogerpon|Mold Breaker\n|turn|3\n|inactive|Catebot has 30 seconds left.\n|inactive|nephilimuscat has 30 seconds left.\n|\n|t:|1699896635\n|switch|p2a: Landorus|Landorus-Therian, L50, M|100\/100\n|-ability|p2a: Landorus|Intimidate|boost\n|-unboost|p1a: Landorus|atk|1\n|-unboost|p1b: Ogerpon|atk|1\n|-terastallize|p2b: Brambleghast|Ghost\n|-terastallize|p1b: Ogerpon|Fire\n|detailschange|p1b: Ogerpon|Ogerpon-Hearthflame-Tera, L50, F, tera:Fire\n|-ability|p1b: Ogerpon|Embody Aspect (Hearthflame)|boost\n|-boost|p1b: Ogerpon|atk|1\n|move|p2b: Brambleghast|Poltergeist|p1a: Landorus\n|-activate|p1a: Landorus|move: Poltergeist|Choice Scarf\n|-damage|p1a: Landorus|0 fnt\n|faint|p1a: Landorus\n|-damage|p2b: Brambleghast|70\/100|[from] item: Life Orb\n|move|p1b: Ogerpon|Swords Dance|p1b: Ogerpon\n|-boost|p1b: Ogerpon|atk|2\n|\n|-weather|Snow|[upkeep]\n|upkeep\n|turn|4\n|inactive|Catebot has 30 seconds left.\n|inactive|nephilimuscat has 30 seconds left.\n|\n|t:|1699896666\n|move|p1b: Ogerpon|Spiky Shield|p1b: Ogerpon\n|-singleturn|p1b: Ogerpon|move: Protect\n|move|p2a: Landorus|Stomping Tantrum|p1b: Ogerpon\n|-activate|p1b: Ogerpon|move: Protect\n|-damage|p2a: Landorus|88\/100|[from] Spiky Shield|[of] p1b: Ogerpon\n|move|p2b: Brambleghast|Poltergeist|p1b: Ogerpon\n|-activate|p1b: Ogerpon|move: Protect\n|\n|-weather|Snow|[upkeep]\n|-sideend|p2: nephilimuscat|move: Tailwind\n|upkeep\n|turn|5\n|\n|t:|1699896684\n|move|p2b: Brambleghast|Protect|p2b: Brambleghast\n|-singleturn|p2b: Brambleghast|Protect\n|move|p2a: Landorus|Stomping Tantrum|p1b: Ogerpon\n|-supereffective|p1b: Ogerpon\n|-damage|p1b: Ogerpon|4\/100\n|move|p1b: Ogerpon|Horn Leech|p2b: Brambleghast\n|-activate|p2b: Brambleghast|move: Protect\n|\n|-weather|none\n|upkeep\n|turn|6\n|\n|t:|1699896700\n|move|p1b: Ogerpon|Spiky Shield|p1b: Ogerpon\n|-singleturn|p1b: Ogerpon|move: Protect\n|move|p2b: Brambleghast|Shadow Sneak|p1b: Ogerpon\n|-activate|p1b: Ogerpon|move: Protect\n|-damage|p2b: Brambleghast|58\/100|[from] Spiky Shield|[of] p1b: Ogerpon\n|move|p2a: Landorus|Stomping Tantrum|p1b: Ogerpon\n|-activate|p1b: Ogerpon|move: Protect\n|-damage|p2a: Landorus|76\/100|[from] Spiky Shield|[of] p1b: Ogerpon\n|\n|upkeep\n|turn|7\n|-message|Catebot forfeited.\n|\n|win|nephilimuscat\n|raw|Catebot's rating: 1109 &rarr; <strong>1085<\/strong><br \/>(-24 for losing)\n|raw|nephilimuscat's rating: 1121 &rarr; <strong>1145<\/strong><br \/>(+24 for winning)\n|l|\u2606Catebot\n","uploadtime":1699896714,"views":8,"p1id":"catebot","p2id":"nephilimuscat","formatid":"gen9vgc2023regulatione","rating":1085,"private":0,"password":""}