{"id":"gen9vgc2023regulatione-1994309095","p1":"PunkRockObstagoon","p2":"AWSiegfried","format":"[Gen 9] VGC 2023 Regulation E","log":"|j|\u2606PunkRockObstagoon\n|j|\u2606AWSiegfried\n|t:|1700429560\n|gametype|doubles\n|player|p1|PunkRockObstagoon|hilbert|1403\n|player|p2|AWSiegfried|101|1323\n|teamsize|p1|6\n|teamsize|p2|6\n|gen|9\n|tier|[Gen 9] VGC 2023 Regulation E\n|rated|\n|rule|Species Clause: Limit one of each Pok\u00e9mon\n|rule|Item Clause: Limit one of each item\n|clearpoke\n|poke|p1|Spinarak, L50, M|\n|poke|p1|Tatsugiri-Droopy, L50, M|\n|poke|p1|Urshifu-*, L50, M|\n|poke|p1|Lurantis, L50, F|\n|poke|p1|Gholdengo, L50|\n|poke|p1|Farigiraf, L50, F|\n|poke|p2|Ursaluna-Bloodmoon, L50, M|\n|poke|p2|Cresselia, L50, F|\n|poke|p2|Ogerpon-Wellspring, L50, F|\n|poke|p2|Sinistcha-Masterpiece, L50|\n|poke|p2|Arcanine-Hisui, L50, M|\n|poke|p2|Fezandipiti, L50, M|\n|teampreview|4\n|inactive|Battle timer is ON: inactive players will automatically lose when time's up. (requested by PunkRockObstagoon)\n|inactive|PunkRockObstagoon has 60 seconds left.\n|\n|t:|1700429601\n|start\n|switch|p1a: Urshifu|Urshifu-Rapid-Strike, L50, M|100\/100\n|switch|p1b: Lurantis|Lurantis, L50, F|100\/100\n|switch|p2a: Fezandipiti|Fezandipiti, L50, M|100\/100\n|switch|p2b: Arcanine|Arcanine-Hisui, L50, M|100\/100\n|-ability|p2b: Arcanine|Intimidate|boost\n|-unboost|p1a: Urshifu|atk|1\n|-boost|p1b: Lurantis|atk|1\n|turn|1\n|\n|t:|1700429622\n|-terastallize|p1b: Lurantis|Rock\n|move|p1a: Urshifu|Surging Strikes|p2a: Fezandipiti\n|-crit|p2a: Fezandipiti\n|-damage|p2a: Fezandipiti|79\/100\n|-crit|p2a: Fezandipiti\n|-damage|p2a: Fezandipiti|57\/100\n|-crit|p2a: Fezandipiti\n|-damage|p2a: Fezandipiti|35\/100\n|-enditem|p2a: Fezandipiti|Sitrus Berry|[eat]\n|-heal|p2a: Fezandipiti|60\/100|[from] item: Sitrus Berry\n|-hitcount|p2a: Fezandipiti|3\n|move|p2a: Fezandipiti|Icy Wind|p1a: Urshifu|[spread] p1a,p1b\n|-resisted|p1a: Urshifu\n|-damage|p1a: Urshifu|97\/100\n|-damage|p1b: Lurantis|95\/100\n|-unboost|p1a: Urshifu|spe|1\n|-boost|p1b: Lurantis|spe|1\n|move|p2b: Arcanine|Flare Blitz|p1b: Lurantis\n|-resisted|p1b: Lurantis\n|-damage|p1b: Lurantis|60\/100\n|-damage|p2b: Arcanine|88\/100|[from] Recoil\n|move|p1b: Lurantis|Superpower|p2b: Arcanine\n|-supereffective|p2b: Arcanine\n|-damage|p2b: Arcanine|0 fnt\n|-boost|p1b: Lurantis|atk|1\n|-boost|p1b: Lurantis|def|1\n|faint|p2b: Arcanine\n|\n|upkeep\n|inactive|AWSiegfried has 30 seconds left.\n|\n|t:|1700429648\n|switch|p2b: Ogerpon|Ogerpon-Wellspring, L50, F|100\/100\n|turn|2\n|\n|t:|1700429663\n|switch|p1a: Farigiraf|Farigiraf, L50, F|100\/100\n|move|p2a: Fezandipiti|Tailwind|p2a: Fezandipiti\n|-sidestart|p2: AWSiegfried|move: Tailwind\n|move|p2b: Ogerpon|Ivy Cudgel|p1b: Lurantis|[anim] Ivy Cudgel Water\n|-supereffective|p1b: Lurantis\n|-crit|p1b: Lurantis\n|-damage|p1b: Lurantis|0 fnt\n|faint|p1b: Lurantis\n|\n|upkeep\n|\n|t:|1700429670\n|switch|p1b: Urshifu|Urshifu-Rapid-Strike, L50, M|97\/100\n|turn|3\n|\n|t:|1700429692\n|move|p2a: Fezandipiti|Dazzling Gleam|p1a: Farigiraf|[spread] p1a,p1b\n|-supereffective|p1b: Urshifu\n|-damage|p1a: Farigiraf|85\/100\n|-damage|p1b: Urshifu|62\/100\n|-status|p1b: Urshifu|tox|[from] ability: Toxic Chain|[of] p2a: Fezandipiti\n|move|p2b: Ogerpon|U-turn|p1a: Farigiraf\n|-supereffective|p1a: Farigiraf\n|-damage|p1a: Farigiraf|19\/100\n|\n|t:|1700429699\n|switch|p2b: Sinistcha|Sinistcha-Masterpiece, L50|100\/100|[from] U-turn\n|-heal|p2a: Fezandipiti|85\/100|[from] ability: Hospitality|[of] p2b: Sinistcha\n|move|p1b: Urshifu|U-turn|p2b: Sinistcha\n|-damage|p2b: Sinistcha|80\/100\n|-damage|p1b: Urshifu|45\/100 tox|[from] item: Rocky Helmet|[of] p2b: Sinistcha\n|\n|t:|1700429703\n|switch|p1b: Gholdengo|Gholdengo, L50|100\/100|[from] U-turn\n|move|p1a: Farigiraf|Trick Room|p1a: Farigiraf\n|-fieldstart|move: Trick Room|[of] p1a: Farigiraf\n|\n|upkeep\n|turn|4\n|inactive|AWSiegfried has 30 seconds left.\n|inactive|AWSiegfried has 20 seconds left.\n|\n|t:|1700429738\n|-terastallize|p2b: Sinistcha|Water\n|move|p1a: Farigiraf|Psychic|p2b: Sinistcha\n|-damage|p2b: Sinistcha|36\/100\n|move|p1b: Gholdengo|Make It Rain|p2a: Fezandipiti|[spread] p2a,p2b\n|-supereffective|p2a: Fezandipiti\n|-resisted|p2b: Sinistcha\n|-damage|p2a: Fezandipiti|13\/100\n|-damage|p2b: Sinistcha|14\/100\n|-unboost|p1b: Gholdengo|spa|1\n|-enditem|p1b: Gholdengo|Eject Pack\n|\n|t:|1700429743\n|switch|p1b: Urshifu|Urshifu-Rapid-Strike, L50, M|45\/100 tox\n|move|p2b: Sinistcha|Shadow Ball|p1b: Urshifu\n|-damage|p1b: Urshifu|4\/100 tox\n|-unboost|p1b: Urshifu|spd|1\n|move|p2a: Fezandipiti|Roost|p2a: Fezandipiti\n|-heal|p2a: Fezandipiti|63\/100\n|-singleturn|p2a: Fezandipiti|move: Roost\n|\n|-damage|p1b: Urshifu|0 fnt|[from] psn\n|faint|p1b: Urshifu\n|upkeep\n|\n|t:|1700429744\n|switch|p1b: Gholdengo|Gholdengo, L50|100\/100\n|turn|5\n|inactive|AWSiegfried has 30 seconds left.\n|inactive|AWSiegfried has 20 seconds left.\n|inactive|AWSiegfried has 15 seconds left.\n|\n|t:|1700429788\n|switch|p2b: Ogerpon|Ogerpon-Wellspring, L50, F|100\/100\n|move|p1a: Farigiraf|Hyper Voice|p2a: Fezandipiti|[spread] p2a,p2b\n|-damage|p2a: Fezandipiti|38\/100\n|-damage|p2b: Ogerpon|65\/100\n|move|p1b: Gholdengo|Make It Rain|p2b: Ogerpon|[spread] p2a,p2b\n|-supereffective|p2a: Fezandipiti\n|-resisted|p2b: Ogerpon\n|-damage|p2a: Fezandipiti|0 fnt\n|-damage|p2b: Ogerpon|40\/100\n|-unboost|p1b: Gholdengo|spa|1\n|faint|p2a: Fezandipiti\n|\n|-sideend|p2: AWSiegfried|move: Tailwind\n|upkeep\n|\n|t:|1700429801\n|switch|p2a: Sinistcha|Sinistcha-Masterpiece, L50, tera:Water|14\/100\n|-heal|p2b: Ogerpon|64\/100|[from] ability: Hospitality|[of] p2a: Sinistcha\n|turn|6\n|\n|t:|1700429811\n|move|p2b: Ogerpon|Spiky Shield|p2b: Ogerpon\n|-singleturn|p2b: Ogerpon|move: Protect\n|move|p1a: Farigiraf|Hyper Voice|p2b: Ogerpon|[spread] p2a\n|-activate|p2b: Ogerpon|move: Protect\n|-damage|p2a: Sinistcha|0 fnt\n|faint|p2a: Sinistcha\n|move|p1b: Gholdengo|Shadow Ball|p2b: Ogerpon\n|-activate|p2b: Ogerpon|move: Protect\n|\n|upkeep\n|turn|7\n|\n|t:|1700429821\n|move|p2b: Ogerpon|Spiky Shield||[still]\n|-fail|p2b: Ogerpon\n|move|p1a: Farigiraf|Psychic|p2b: Ogerpon\n|-damage|p2b: Ogerpon|20\/100\n|move|p1b: Gholdengo|Shadow Ball|p2b: Ogerpon\n|-damage|p2b: Ogerpon|0 fnt\n|faint|p2b: Ogerpon\n|\n|win|PunkRockObstagoon\n|raw|PunkRockObstagoon's rating: 1390 &rarr; <strong>1406<\/strong><br \/>(+16 for winning)\n|raw|AWSiegfried's rating: 1323 &rarr; <strong>1307<\/strong><br \/>(-16 for losing)\n|l|\u2606AWSiegfried\n","uploadtime":1700429841,"views":5,"p1id":"punkrockobstagoon","p2id":"awsiegfried","formatid":"gen9vgc2023regulatione","rating":1307,"private":0,"password":""}