{"id":"gen9vgc2023regulatione-1992680224","p1":"BL00DY L4S4GN4","p2":"Matcha Man Savage","format":"[Gen 9] VGC 2023 Regulation E","log":"|j|\u2606BL00DY L4S4GN4\n|j|\u2606Matcha Man Savage\n|t:|1700224447\n|gametype|doubles\n|player|p1|BL00DY L4S4GN4|sailor|1426\n|player|p2|Matcha Man Savage|pokemaniac|1339\n|teamsize|p1|6\n|teamsize|p2|6\n|gen|9\n|tier|[Gen 9] VGC 2023 Regulation E\n|rated|\n|rule|Species Clause: Limit one of each Pok\u00e9mon\n|rule|Item Clause: Limit one of each item\n|clearpoke\n|poke|p1|Palafin, L50, M|\n|poke|p1|Zapdos, L50|\n|poke|p1|Landorus-Therian, L50, M|\n|poke|p1|Politoed, L50, M|\n|poke|p1|Roaring Moon, L50|\n|poke|p1|Cresselia, L50, F|\n|poke|p2|Chi-Yu, L50|\n|poke|p2|Flutter Mane, L50|\n|poke|p2|Torkoal, L50, M|\n|poke|p2|Lilligant-Hisui, L50, F|\n|poke|p2|Iron Bundle, L50|\n|poke|p2|Landorus-Therian, L50, M|\n|teampreview|4\n|\n|t:|1700224490\n|start\n|switch|p1a: Roaring Moon|Roaring Moon, L50, shiny|100\/100\n|switch|p1b: Palafin|Palafin, L50, M, shiny|100\/100\n|switch|p2a: RoboSanta|Iron Bundle, L50|100\/100\n|switch|p2b: Chi-Yu|Chi-Yu, L50|100\/100\n|-ability|p2b: Chi-Yu|Beads of Ruin\n|-enditem|p1a: Roaring Moon|Booster Energy\n|-activate|p1a: Roaring Moon|ability: Protosynthesis|[fromitem]\n|-start|p1a: Roaring Moon|protosynthesisspe\n|-enditem|p2a: RoboSanta|Booster Energy\n|-activate|p2a: RoboSanta|ability: Quark Drive|[fromitem]\n|-start|p2a: RoboSanta|quarkdrivespe\n|turn|1\n|inactive|Battle timer is ON: inactive players will automatically lose when time's up. (requested by Matcha Man Savage)\n|\n|t:|1700224517\n|detailschange|p1b: Palafin|Palafin-Hero, L50, M, shiny\n|switch|p1b: Cresselia|Cresselia, L50, F|100\/100\n|-terastallize|p2b: Chi-Yu|Ghost\n|move|p1a: Roaring Moon|Protect|p1a: Roaring Moon\n|-singleturn|p1a: Roaring Moon|Protect\n|move|p2a: RoboSanta|Icy Wind|p1b: Cresselia|[spread] p1b\n|-activate|p1a: Roaring Moon|move: Protect\n|-damage|p1b: Cresselia|83\/100\n|-unboost|p1b: Cresselia|spe|1\n|move|p2b: Chi-Yu|Heat Wave|p1a: Roaring Moon|[spread] p1b\n|-activate|p1a: Roaring Moon|move: Protect\n|-damage|p1b: Cresselia|35\/100\n|-damage|p2b: Chi-Yu|91\/100|[from] item: Life Orb\n|\n|-heal|p1b: Cresselia|41\/100|[from] item: Leftovers\n|upkeep\n|turn|2\n|inactive|BL00DY L4S4GN4 has 30 seconds left.\n|inactive|Matcha Man Savage has 30 seconds left.\n|\n|t:|1700224549\n|switch|p1b: Politoed|Politoed, L50, M|100\/100\n|-weather|RainDance|[from] ability: Drizzle|[of] p1b: Politoed\n|-terastallize|p1a: Roaring Moon|Flying\n|move|p1a: Roaring Moon|Acrobatics|p2b: Chi-Yu\n|-damage|p2b: Chi-Yu|22\/100\n|move|p2a: RoboSanta|Freeze-Dry|p1b: Politoed\n|-supereffective|p1b: Politoed\n|-damage|p1b: Politoed|17\/100\n|-status|p1b: Politoed|frz\n|move|p2b: Chi-Yu|Heat Wave|p1b: Politoed|[spread] p1a,p1b\n|-resisted|p1b: Politoed\n|-damage|p1a: Roaring Moon|65\/100\n|-damage|p1b: Politoed|4\/100 frz\n|-curestatus|p1b: Politoed|frz|[msg]\n|-damage|p2b: Chi-Yu|13\/100|[from] item: Life Orb\n|\n|-weather|RainDance|[upkeep]\n|upkeep\n|turn|3\n|inactive|BL00DY L4S4GN4 has 30 seconds left.\n|inactive|Matcha Man Savage has 30 seconds left.\n|\n|t:|1700224584\n|move|p2b: Chi-Yu|Protect|p2b: Chi-Yu\n|-singleturn|p2b: Chi-Yu|Protect\n|move|p1a: Roaring Moon|Breaking Swipe|p2a: RoboSanta|[spread] p2a\n|-activate|p2b: Chi-Yu|move: Protect\n|-damage|p2a: RoboSanta|74\/100\n|-unboost|p2a: RoboSanta|atk|1\n|move|p2a: RoboSanta|Freeze-Dry|p1a: Roaring Moon\n|-supereffective|p1a: Roaring Moon\n|-damage|p1a: Roaring Moon|0 fnt\n|faint|p1a: Roaring Moon\n|-end|p1a: Roaring Moon|Protosynthesis|[silent]\n|move|p1b: Politoed|Muddy Water|p2a: RoboSanta|[spread] p2a\n|-activate|p2b: Chi-Yu|move: Protect\n|-resisted|p2a: RoboSanta\n|-damage|p2a: RoboSanta|34\/100\n|\n|-weather|RainDance|[upkeep]\n|upkeep\n|\n|t:|1700224602\n|switch|p1a: Palafin|Palafin-Hero, L50, M, shiny|100\/100\n|-activate|p1a: Palafin|ability: Zero to Hero\n|turn|4\n|\n|t:|1700224625\n|switch|p2b: Genus Lilium|Lilligant-Hisui, L50, F, shiny|100\/100\n|move|p1a: Palafin|Jet Punch|p2b: Genus Lilium\n|-resisted|p2b: Genus Lilium\n|-damage|p2b: Genus Lilium|57\/100\n|move|p2a: RoboSanta|Freeze-Dry|p1a: Palafin\n|-supereffective|p1a: Palafin\n|-damage|p1a: Palafin|29\/100\n|-enditem|p1a: Palafin|Sitrus Berry|[eat]\n|-heal|p1a: Palafin|54\/100|[from] item: Sitrus Berry\n|move|p1b: Politoed|Muddy Water|p2b: Genus Lilium|[spread] p2a\n|-miss|p1b: Politoed|p2b: Genus Lilium\n|-resisted|p2a: RoboSanta\n|-damage|p2a: RoboSanta|4\/100\n|\n|-weather|RainDance|[upkeep]\n|upkeep\n|turn|5\n|inactive|BL00DY L4S4GN4 has 30 seconds left.\n|inactive|Matcha Man Savage has 30 seconds left.\n|\n|t:|1700224653\n|switch|p1b: Cresselia|Cresselia, L50, F|41\/100\n|move|p1a: Palafin|Protect|p1a: Palafin\n|-singleturn|p1a: Palafin|Protect\n|move|p2a: RoboSanta|Freeze-Dry|p1a: Palafin\n|-activate|p1a: Palafin|move: Protect\n|move|p2b: Genus Lilium|Close Combat|p1a: Palafin\n|-activate|p1a: Palafin|move: Protect\n|\n|-weather|RainDance|[upkeep]\n|-heal|p1b: Cresselia|47\/100|[from] item: Leftovers\n|upkeep\n|turn|6\n|\n|t:|1700224674\n|move|p1a: Palafin|Jet Punch|p2a: RoboSanta\n|-resisted|p2a: RoboSanta\n|-damage|p2a: RoboSanta|0 fnt\n|faint|p2a: RoboSanta\n|-end|p2a: RoboSanta|Quark Drive|[silent]\n|move|p2b: Genus Lilium|Close Combat|p1a: Palafin\n|-damage|p1a: Palafin|0 fnt\n|-unboost|p2b: Genus Lilium|def|1\n|-unboost|p2b: Genus Lilium|spd|1\n|faint|p1a: Palafin\n|move|p1b: Cresselia|Dazzling Gleam|p2b: Genus Lilium\n|-supereffective|p2b: Genus Lilium\n|-damage|p2b: Genus Lilium|0 fnt\n|faint|p2b: Genus Lilium\n|\n|-weather|RainDance|[upkeep]\n|-heal|p1b: Cresselia|53\/100|[from] item: Leftovers\n|upkeep\n|\n|t:|1700224688\n|switch|p2a: Tairy Fera|Flutter Mane, L50|100\/100\n|switch|p2b: Chi-Yu|Chi-Yu, L50, tera:Ghost|13\/100\n|switch|p1a: Politoed|Politoed, L50, M|4\/100\n|-ability|p2b: Chi-Yu|Beads of Ruin\n|turn|7\n|\n|t:|1700224705\n|move|p2a: Tairy Fera|Dazzling Gleam|p1b: Cresselia|[spread] p1a,p1b\n|-damage|p1a: Politoed|0 fnt\n|-damage|p1b: Cresselia|23\/100\n|faint|p1a: Politoed\n|move|p2b: Chi-Yu|Snarl|p1b: Cresselia\n|-supereffective|p1b: Cresselia\n|-damage|p1b: Cresselia|0 fnt\n|faint|p1b: Cresselia\n|-damage|p2b: Chi-Yu|3\/100|[from] item: Life Orb\n|\n|win|Matcha Man Savage\n|raw|BL00DY L4S4GN4's rating: 1426 &rarr; <strong>1401<\/strong><br \/>(-25 for losing)\n|raw|Matcha Man Savage's rating: 1339 &rarr; <strong>1364<\/strong><br \/>(+25 for winning)\n|l|\u2606BL00DY L4S4GN4\n","uploadtime":1700224723,"views":10,"p1id":"bl00dyl4s4gn4","p2id":"matchamansavage","formatid":"gen9vgc2023regulatione","rating":1364,"private":0,"password":""}