{"id":"gen9vgc2023regulatione-1996524213","p1":"Salivadora","p2":"jrod7780","format":"[Gen 9] VGC 2023 Regulation E","log":"|j|\u2606Salivadora\n|j|\u2606jrod7780\n|n|\u2606Salivadora|salivadora\n|n|\u2606jrod7780|jrod7780\n|html|View the match progress at <a href=\"\/game-bestof3-gen9vgc2023regulatione-1996517599\">game-bestof3-gen9vgc2023regulatione-1996517599<\/a>\n|t:|1700690496\n|gametype|doubles\n|player|p1|Salivadora|colress|\n|player|p2|jrod7780|blue|\n|teamsize|p1|6\n|teamsize|p2|6\n|gen|9\n|tier|[Gen 9] VGC 2023 Regulation E\n|rule|Species Clause: Limit one of each Pok\u00e9mon\n|rule|Item Clause: Limit one of each item\n|clearpoke\n|poke|p1|Iron Bundle, L50|\n|poke|p1|Iron Hands, L50|\n|poke|p1|Moltres-Galar, L50|\n|poke|p1|Klefki, L50, F|\n|poke|p1|Delphox, L50, M|\n|poke|p1|Fletchinder, L50, F|\n|poke|p2|Tauros-Paldea-Blaze, L50, M|\n|poke|p2|Volcarona, L50, F|\n|poke|p2|Ogerpon, L50, F|\n|poke|p2|Ninetales-Alola, L50, F|\n|poke|p2|Landorus-Therian, L50, M|\n|poke|p2|Gallade, L50, M|\n|teampreview|4\n|j| Luckiest Ludicolo\n|j| Lkynmbr24\nSalivadora rejected open team sheets.\n|j| JabsGR\n|j| Abused24\n|c| Lkynmbr24|For the mables\n|c| Lkynmbr24|marbles*\n|\n|t:|1700690549\n|start\n|switch|p1a: Iron Hands|Iron Hands, L50|100\/100\n|switch|p1b: Fletchinder|Fletchinder, L50, F|100\/100\n|switch|p2a: Volcarona|Volcarona, L50, F|100\/100\n|switch|p2b: Ogerpon|Ogerpon, L50, F|100\/100\n|turn|1\n|\n|t:|1700690562\n|move|p1a: Iron Hands|Fake Out|p2a: Volcarona\n|-damage|p2a: Volcarona|87\/100\n|move|p1b: Fletchinder|Tailwind|p1b: Fletchinder\n|-sidestart|p1: Salivadora|move: Tailwind\n|move|p2b: Ogerpon|Swords Dance|p2b: Ogerpon\n|-boost|p2b: Ogerpon|atk|2\n|cant|p2a: Volcarona|flinch\n|\n|-heal|p2a: Volcarona|94\/100|[from] item: Leftovers\n|upkeep\n|turn|2\n|\n|t:|1700690587\n|move|p1b: Fletchinder|Will-O-Wisp|p2b: Ogerpon\n|-status|p2b: Ogerpon|brn\n|move|p2b: Ogerpon|Ivy Cudgel|p1a: Iron Hands\n|-damage|p1a: Iron Hands|67\/100\n|move|p1a: Iron Hands|Rock Slide|p2a: Volcarona|[spread] p2b\n|-miss|p1a: Iron Hands|p2a: Volcarona\n|-damage|p2b: Ogerpon|70\/100 brn\n|move|p2a: Volcarona|Quiver Dance|p2a: Volcarona\n|-boost|p2a: Volcarona|spa|1\n|-boost|p2a: Volcarona|spd|1\n|-boost|p2a: Volcarona|spe|1\n|\n|-heal|p2a: Volcarona|99\/100|[from] item: Leftovers\n|-damage|p2b: Ogerpon|64\/100 brn|[from] brn\n|upkeep\n|turn|3\n|\n|t:|1700690617\n|move|p2a: Volcarona|Protect|p2a: Volcarona\n|-singleturn|p2a: Volcarona|Protect\n|move|p1b: Fletchinder|Dual Wingbeat|p2a: Volcarona\n|-activate|p2a: Volcarona|move: Protect\n|move|p2b: Ogerpon|Ivy Cudgel|p1a: Iron Hands\n|-crit|p1a: Iron Hands\n|-damage|p1a: Iron Hands|14\/100\n|move|p1a: Iron Hands|Rock Slide|p2a: Volcarona|[spread] p2b\n|-activate|p2a: Volcarona|move: Protect\n|-damage|p2b: Ogerpon|36\/100 brn\n|\n|-heal|p2a: Volcarona|100\/100|[from] item: Leftovers\n|-damage|p2b: Ogerpon|30\/100 brn|[from] brn\n|upkeep\n|turn|4\n|\n|t:|1700690658\n|switch|p2b: Ninetales|Ninetales-Alola, L50, F|100\/100\n|-weather|Snow|[from] ability: Snow Warning|[of] p2b: Ninetales\n|-terastallize|p2a: Volcarona|Water\n|move|p1b: Fletchinder|Dual Wingbeat|p2b: Ninetales\n|-damage|p2b: Ninetales|90\/100\n|-damage|p2b: Ninetales|82\/100\n|-hitcount|p2b: Ninetales|2\n|move|p2a: Volcarona|Heat Wave|p1a: Iron Hands|[spread] p1a,p1b\n|-resisted|p1b: Fletchinder\n|-damage|p1a: Iron Hands|0 fnt\n|-damage|p1b: Fletchinder|82\/100\n|faint|p1a: Iron Hands\n|-end|p1a: Iron Hands|Quark Drive|[silent]\n|\n|-weather|Snow|[upkeep]\n|-sideend|p1: Salivadora|move: Tailwind\n|upkeep\n|\n|t:|1700690672\n|switch|p1a: Iron Bundle|Iron Bundle, L50|100\/100\n|turn|5\n|\n|t:|1700690681\n|move|p1a: Iron Bundle|Freeze-Dry|p2a: Volcarona\n|-supereffective|p2a: Volcarona\n|-damage|p2a: Volcarona|56\/100\n|move|p2a: Volcarona|Giga Drain|p1a: Iron Bundle\n|-supereffective|p1a: Iron Bundle\n|-enditem|p1a: Iron Bundle|Focus Sash\n|-damage|p1a: Iron Bundle|1\/100\n|-heal|p2a: Volcarona|90\/100|[from] drain|[of] p1a: Iron Bundle\n|move|p2b: Ninetales|Aurora Veil|p2b: Ninetales\n|-sidestart|p2: jrod7780|move: Aurora Veil\n|move|p1b: Fletchinder|Will-O-Wisp|p2b: Ninetales\n|-status|p2b: Ninetales|brn\n|\n|-weather|Snow|[upkeep]\n|-heal|p2a: Volcarona|96\/100|[from] item: Leftovers\n|-damage|p2b: Ninetales|75\/100 brn|[from] brn\n|upkeep\n|turn|6\n|\n|t:|1700690710\n|move|p1a: Iron Bundle|Freeze-Dry|p2a: Volcarona\n|-supereffective|p2a: Volcarona\n|-damage|p2a: Volcarona|70\/100\n|-status|p2a: Volcarona|frz\n|cant|p2a: Volcarona|frz\n|move|p2b: Ninetales|Icy Wind|p1b: Fletchinder|[spread] p1a,p1b\n|-resisted|p1a: Iron Bundle\n|-damage|p1a: Iron Bundle|0 fnt\n|-damage|p1b: Fletchinder|70\/100\n|-unboost|p1b: Fletchinder|spe|1\n|faint|p1a: Iron Bundle\n|-end|p1a: Iron Bundle|Quark Drive|[silent]\n|move|p1b: Fletchinder|Tailwind|p1b: Fletchinder\n|-sidestart|p1: Salivadora|move: Tailwind\n|\n|-weather|Snow|[upkeep]\n|-heal|p2a: Volcarona|77\/100 frz|[from] item: Leftovers\n|-damage|p2b: Ninetales|69\/100 brn|[from] brn\n|upkeep\n|\n|t:|1700690719\n|switch|p1a: Moltres|Moltres-Galar, L50|100\/100\n|turn|7\n|c| Lkynmbr24|Huge\n|\n|t:|1700690733\n|-terastallize|p1a: Moltres|Fairy\n|cant|p2a: Volcarona|frz\n|move|p1b: Fletchinder|Protect|p1b: Fletchinder\n|-singleturn|p1b: Fletchinder|Protect\n|move|p1a: Moltres|Nasty Plot|p1a: Moltres\n|-boost|p1a: Moltres|spa|2\n|move|p2b: Ninetales|Icy Wind|p1b: Fletchinder|[spread] p1a\n|-activate|p1b: Fletchinder|move: Protect\n|-damage|p1a: Moltres|89\/100\n|-unboost|p1a: Moltres|spe|1\n|\n|-weather|Snow|[upkeep]\n|-heal|p2a: Volcarona|83\/100 frz|[from] item: Leftovers\n|-damage|p2b: Ninetales|63\/100 brn|[from] brn\n|upkeep\n|turn|8\n|c| JabsGR|I have a question to ask after this is over\n|c|\u2606Salivadora|ask it now\n|\n|t:|1700690769\n|cant|p2a: Volcarona|frz\n|move|p1a: Moltres|Fiery Wrath|p2a: Volcarona|[spread] p2a,p2b\n|-resisted|p2b: Ninetales\n|-damage|p2a: Volcarona|62\/100 frz\n|-damage|p2b: Ninetales|45\/100 brn\n|move|p2b: Ninetales|Blizzard|p1b: Fletchinder|[spread] p1a,p1b\n|-damage|p1a: Moltres|68\/100\n|-damage|p1b: Fletchinder|49\/100\n|move|p1b: Fletchinder|Will-O-Wisp||[still]\n|-fail|p1b: Fletchinder\n|\n|-weather|none\n|-heal|p2a: Volcarona|68\/100 frz|[from] item: Leftovers\n|-damage|p2b: Ninetales|39\/100 brn|[from] brn\n|upkeep\n|turn|9\n|c| JabsGR|nope\n|\n|t:|1700690791\n|cant|p2a: Volcarona|frz\n|move|p1a: Moltres|Fiery Wrath|p2b: Ninetales|[spread] p2a,p2b\n|-resisted|p2b: Ninetales\n|-damage|p2a: Volcarona|47\/100 frz\n|-damage|p2b: Ninetales|21\/100 brn\n|move|p2b: Ninetales|Icy Wind|p1b: Fletchinder|[spread] p1a,p1b\n|-damage|p1a: Moltres|57\/100\n|-damage|p1b: Fletchinder|38\/100\n|-unboost|p1a: Moltres|spe|1\n|-unboost|p1b: Fletchinder|spe|1\n|move|p1b: Fletchinder|Dual Wingbeat|p2b: Ninetales\n|-damage|p2b: Ninetales|12\/100 brn\n|-damage|p2b: Ninetales|3\/100 brn\n|-hitcount|p2b: Ninetales|2\n|\n|-heal|p2a: Volcarona|53\/100 frz|[from] item: Leftovers\n|-damage|p2b: Ninetales|0 fnt|[from] brn\n|faint|p2b: Ninetales\n|-sideend|p1: Salivadora|move: Tailwind\n|upkeep\n|c|\u2606Salivadora|damn wth\n|\n|t:|1700690816\n|switch|p2b: Gallade|Gallade, L50, M|100\/100\n|turn|10\n|\n|t:|1700690828\n|cant|p2a: Volcarona|frz\n|move|p2b: Gallade|Psycho Cut|p1a: Moltres\n|-damage|p1a: Moltres|0 fnt\n|faint|p1a: Moltres\n|move|p1b: Fletchinder|Tailwind|p1b: Fletchinder\n|-sidestart|p1: Salivadora|move: Tailwind\n|\n|-heal|p2a: Volcarona|59\/100 frz|[from] item: Leftovers\n|upkeep\n|turn|11\n|c|\u2606Salivadora|thats 5 turns of freeze\n|c|\u2606Salivadora|wtf\n|\n|t:|1700690845\n|cant|p2a: Volcarona|frz\n|move|p2b: Gallade|Psycho Cut|p1b: Fletchinder\n|-crit|p1b: Fletchinder\n|-damage|p1b: Fletchinder|0 fnt\n|faint|p1b: Fletchinder\n|\n|win|jrod7780\n|c|\u2606jrod7780|that was close\n|c|\u2606jrod7780|gg\n|l| Luckiest Ludicolo\n|c|\u2606Salivadora|gg\n|c| JabsGR|Ok now I can ask. Doesn't Heat Wave thaw?\n|c|\u2606jrod7780|nope\n|l| Abused24\n|c|\u2606jrod7780|flare blitz does\n|c| JabsGR|I thought it did and you just weren't clicking it. That is what I shut up till the end\n|c| JabsGR|anyways gg both\n|j| Huxley187\n","uploadtime":1700690858,"views":25,"p1id":"salivadora","p2id":"jrod7780","formatid":"gen9vgc2023regulatione","rating":0,"private":0,"password":""}