{"id":"gen9vgc2023regulatione-1998967778","p1":"Teh Umby","p2":"deathbane98","format":"[Gen 9] VGC 2023 Regulation E","log":"|j|\u2606Teh Umby\n|j|\u2606deathbane98\n|n|\u2606Teh Umby|tehumby\n|n|\u2606deathbane98|deathbane98\n|html|View the match progress at <a href=\"\/game-bestof3-gen9vgc2023regulatione-1998967777\">game-bestof3-gen9vgc2023regulatione-1998967777<\/a>\n|t:|1701018864\n|gametype|doubles\n|player|p1|Teh Umby|clair|\n|player|p2|deathbane98|alder|\n|teamsize|p1|6\n|teamsize|p2|6\n|gen|9\n|tier|[Gen 9] VGC 2023 Regulation E\n|rule|Species Clause: Limit one of each Pok\u00e9mon\n|rule|Item Clause: Limit one of each item\n|clearpoke\n|poke|p1|Roaring Moon, L50|\n|poke|p1|Tinkaton, L50, F|\n|poke|p1|Thundurus-Therian, L50, M|\n|poke|p1|Inteleon, L50, M|\n|poke|p1|Stonjourner, L50, M|\n|poke|p1|Sinistcha, L50|\n|poke|p2|Bruxish, L50, F|\n|poke|p2|Urshifu-*, L50, F|\n|poke|p2|Kingambit, L50, F|\n|poke|p2|Volcarona, L50, M|\n|poke|p2|Maushold, L50|\n|poke|p2|Vikavolt, L50, M|\n|teampreview|4\n|inactive|Battle timer is ON: inactive players will automatically lose when time's up. (requested by deathbane98)\nTeh Umby rejected open team sheets.\n|c|\u2606deathbane98|G1\n|c|\u2606Teh Umby|Tera: https:\/\/pokepast.es\/5b6dc787be8a84db\n|c|\u2606deathbane98|oh wait\n|c|\u2606deathbane98|https:\/\/pokepast.es\/a1741d82280a4126\n|inactive|Teh Umby has 60 seconds left.\n|inactive|deathbane98 has 60 seconds left.\n|c|\u2606deathbane98|abilities don't apply\n|inactiveoff|Battle timer is now OFF.\n|c|\u2606deathbane98|lmk when you're ready\n|c|\u2606Teh Umby|Good to go\n|c|\u2606Teh Umby|Have fun\n|c|\u2606deathbane98|ok glhf\n|c|\u2606deathbane98|timer or no?\n|c|\u2606Teh Umby|Up to you\n|c|\u2606Teh Umby|I'm good either way\n|c|\u2606deathbane98|just leave it off\n|\n|t:|1701019018\n|start\n|switch|p1a: Tinkaton|Tinkaton, L50, F|100\/100\n|switch|p1b: Inteleon|Inteleon, L50, M|100\/100\n|switch|p2a: Here comes the sun|Volcarona, L50, M, shiny|100\/100\n|switch|p2b: Looksmaxxer|Bruxish, L50, F, shiny|100\/100\n|-ability|p1a: Tinkaton|Mold Breaker\n|turn|1\n|\n|t:|1701019094\n|-terastallize|p2a: Here comes the sun|Water\n|move|p1a: Tinkaton|Fake Out|p2a: Here comes the sun\n|-damage|p2a: Here comes the sun|88\/100\n|-status|p1a: Tinkaton|brn|[from] ability: Flame Body|[of] p2a: Here comes the sun\n|cant|p2a: Here comes the sun|flinch\n|move|p1b: Inteleon|Snipe Shot|p2b: Looksmaxxer\n|-resisted|p2b: Looksmaxxer\n|-damage|p2b: Looksmaxxer|71\/100\n|move|p2b: Looksmaxxer|Trick Room|p2b: Looksmaxxer\n|-fieldstart|move: Trick Room|[of] p2b: Looksmaxxer\n|\n|-damage|p1a: Tinkaton|95\/100 brn|[from] brn\n|upkeep\n|turn|2\n|c|\u2606deathbane98|i forgot to change bruxs name :(\n|c|\u2606deathbane98|smae point ig\n|c|\u2606deathbane98|*same\n|\n|t:|1701019120\n|move|p2b: Looksmaxxer|Psychic Fangs|p1b: Inteleon\n|-damage|p1b: Inteleon|47\/100\n|move|p2a: Here comes the sun|Heat Wave|p1b: Inteleon|[spread] p1b\n|-miss|p2a: Here comes the sun|p1a: Tinkaton\n|-resisted|p1b: Inteleon\n|-damage|p1b: Inteleon|10\/100\n|move|p1a: Tinkaton|Play Rough|p2b: Looksmaxxer\n|-damage|p2b: Looksmaxxer|47\/100\n|move|p1b: Inteleon|Snipe Shot|p2b: Looksmaxxer\n|-resisted|p2b: Looksmaxxer\n|-damage|p2b: Looksmaxxer|20\/100\n|\n|-damage|p1a: Tinkaton|89\/100 brn|[from] brn\n|upkeep\n|turn|3\n|\n|t:|1701019197\n|switch|p1a: Roaring Moon|Roaring Moon, L50|100\/100\n|-enditem|p1a: Roaring Moon|Booster Energy\n|-activate|p1a: Roaring Moon|ability: Protosynthesis|[fromitem]\n|-start|p1a: Roaring Moon|protosynthesisspe\n|move|p2b: Looksmaxxer|Wave Crash|p1a: Roaring Moon\n|-resisted|p1a: Roaring Moon\n|-damage|p1a: Roaring Moon|72\/100\n|-damage|p2b: Looksmaxxer|10\/100|[from] Recoil\n|move|p2a: Here comes the sun|Heat Wave|p1a: Roaring Moon|[spread] p1a,p1b\n|-resisted|p1a: Roaring Moon\n|-resisted|p1b: Inteleon\n|-damage|p1a: Roaring Moon|50\/100\n|-damage|p1b: Inteleon|0 fnt\n|faint|p1b: Inteleon\n|\n|upkeep\n|\n|t:|1701019233\n|switch|p1b: Thundurus|Thundurus-Therian, L50, M|100\/100\n|turn|4\n|\n|t:|1701019274\n|move|p2a: Here comes the sun|Protect|p2a: Here comes the sun\n|-singleturn|p2a: Here comes the sun|Protect\n|move|p2b: Looksmaxxer|Wave Crash|p1b: Thundurus\n|-damage|p1b: Thundurus|39\/100\n|-damage|p2b: Looksmaxxer|0 fnt|[from] Recoil\n|faint|p2b: Looksmaxxer\n|move|p1b: Thundurus|Wildbolt Storm|p2a: Here comes the sun\n|-activate|p2a: Here comes the sun|move: Protect\n|move|p1a: Roaring Moon|Earthquake|p2a: Here comes the sun|[spread] \n|-activate|p2a: Here comes the sun|move: Protect\n|-immune|p1b: Thundurus\n|\n|upkeep\n|\n|t:|1701019280\n|switch|p2b: Skyfall|Urshifu, L50, F|100\/100\n|turn|5\n|\n|t:|1701019312\n|-end|p1a: Roaring Moon|Protosynthesis|[silent]\n|switch|p1a: Tinkaton|Tinkaton, L50, F|89\/100 brn\n|-ability|p1a: Tinkaton|Mold Breaker\n|-terastallize|p1b: Thundurus|Fairy\n|move|p1b: Thundurus|Protect|p1b: Thundurus\n|-singleturn|p1b: Thundurus|Protect\n|move|p2b: Skyfall|Close Combat|p1a: Tinkaton\n|-damage|p1a: Tinkaton|3\/100 brn\n|-unboost|p2b: Skyfall|def|1\n|-unboost|p2b: Skyfall|spd|1\n|move|p2a: Here comes the sun|Heat Wave|p1b: Thundurus|[spread] p1a\n|-activate|p1b: Thundurus|move: Protect\n|-supereffective|p1a: Tinkaton\n|-damage|p1a: Tinkaton|0 fnt\n|faint|p1a: Tinkaton\n|\n|-fieldend|move: Trick Room\n|upkeep\n|\n|t:|1701019328\n|switch|p1a: Roaring Moon|Roaring Moon, L50|50\/100\n|turn|6\n|\n|t:|1701019347\n|move|p2a: Here comes the sun|Rage Powder|p2a: Here comes the sun\n|-singleturn|p2a: Here comes the sun|move: Rage Powder\n|move|p1a: Roaring Moon|Earthquake|p2a: Here comes the sun|[spread] p1b,p2a,p2b\n|-damage|p1b: Thundurus|0 fnt\n|-damage|p2a: Here comes the sun|54\/100\n|-damage|p2b: Skyfall|63\/100\n|faint|p1b: Thundurus\n|move|p2b: Skyfall|Close Combat|p1a: Roaring Moon\n|-supereffective|p1a: Roaring Moon\n|-damage|p1a: Roaring Moon|0 fnt\n|-unboost|p2b: Skyfall|def|1\n|-unboost|p2b: Skyfall|spd|1\n|faint|p1a: Roaring Moon\n|-end|p1a: Roaring Moon|Protosynthesis|[silent]\n|\n|win|deathbane98\n|c|\u2606deathbane98|gg\n|inactive|Teh Umby has 50 seconds to confirm battle start!\n|inactive|deathbane98 has 50 seconds to confirm battle start!\n|c|&|\/uhtml prompt-deathbane98,deathbane98 is ready for game 2!\n|c|\u2606Teh Umby|gg\n|inactive|Teh Umby has 40 seconds to confirm battle start!\n|c|&|\/uhtml prompt-tehumby,Teh Umby is ready for game 2!\nBoth players are ready! Starting next match!\n","uploadtime":1701019366,"views":13,"p1id":"tehumby","p2id":"deathbane98","formatid":"gen9vgc2023regulatione","rating":0,"private":0,"password":""}