{"id":"gen9vgc2023regulatione-1998636863","p1":"donteatmagikarps","p2":"Willipino","format":"[Gen 9] VGC 2023 Regulation E","log":"|j|\u2606donteatmagikarps\n|j|\u2606Willipino\n|t:|1700965941\n|gametype|doubles\n|player|p1|donteatmagikarps|palmer|1367\n|player|p2|Willipino|169|1305\n|teamsize|p1|6\n|teamsize|p2|6\n|gen|9\n|tier|[Gen 9] VGC 2023 Regulation E\n|rated|\n|rule|Species Clause: Limit one of each Pok\u00e9mon\n|rule|Item Clause: Limit one of each item\n|clearpoke\n|poke|p1|Sinistcha-Masterpiece, L50|\n|poke|p1|Empoleon, L50, F|\n|poke|p1|Iron Hands, L50|\n|poke|p1|Landorus, L50, M|\n|poke|p1|Armarouge, L50, M|\n|poke|p1|Baxcalibur, L50, M|\n|poke|p2|Dragonite, L50, F|\n|poke|p2|Tornadus, L50, M|\n|poke|p2|Heatran, L50, M|\n|poke|p2|Chien-Pao, L50|\n|poke|p2|Landorus-Therian, L50, M|\n|poke|p2|Iron Hands, L50|\n|teampreview|4\n|inactive|Battle timer is ON: inactive players will automatically lose when time's up. (requested by donteatmagikarps)\n|inactive|Willipino has 60 seconds left.\n|\n|t:|1700965986\n|start\n|switch|p1a: Cha dude|Sinistcha-Masterpiece, L50, shiny|100\/100\n|switch|p1b: Landorus|Landorus, L50, M, shiny|100\/100\n|switch|p2a: Tornadus|Tornadus, L50, M|100\/100\n|switch|p2b: Heatran|Heatran, L50, M|100\/100\n|turn|1\n|\n|t:|1700966005\n|move|p2b: Heatran|Protect|p2b: Heatran\n|-singleturn|p2b: Heatran|Protect\n|move|p2a: Tornadus|Tailwind|p2a: Tornadus\n|-sidestart|p2: Willipino|move: Tailwind\n|move|p1b: Landorus|Nasty Plot|p1b: Landorus\n|-boost|p1b: Landorus|spa|2\n|move|p1a: Cha dude|Trick Room|p1a: Cha dude\n|-fieldstart|move: Trick Room|[of] p1a: Cha dude\n|\n|upkeep\n|turn|2\n|inactive|Willipino has 30 seconds left.\n|\n|t:|1700966034\n|switch|p1a: Emporer Leon|Empoleon, L50, F, shiny|100\/100\n|-terastallize|p2b: Heatran|Fairy\n|move|p2a: Tornadus|Sunny Day|p2a: Tornadus\n|-weather|SunnyDay\n|move|p1b: Landorus|Sludge Bomb|p2a: Tornadus\n|-damage|p2a: Tornadus|9\/100\n|move|p2b: Heatran|Heat Wave|p1b: Landorus|[spread] p1a,p1b\n|-damage|p1a: Emporer Leon|24\/100\n|-damage|p1b: Landorus|14\/100\n|-damage|p2b: Heatran|90\/100|[from] item: Life Orb\n|\n|-weather|SunnyDay|[upkeep]\n|-heal|p1a: Emporer Leon|29\/100|[from] item: Leftovers\n|upkeep\n|turn|3\n|inactive|Willipino has 30 seconds left.\n|inactive|Willipino has 20 seconds left.\n|\n|t:|1700966069\n|switch|p2a: Iron Hands|Iron Hands, L50|100\/100\n|move|p2b: Heatran|Protect|p2b: Heatran\n|-singleturn|p2b: Heatran|Protect\n|move|p1a: Emporer Leon|Flash Cannon|p2a: Iron Hands\n|-resisted|p2a: Iron Hands\n|-damage|p2a: Iron Hands|86\/100\n|move|p1b: Landorus|Sludge Bomb|p2b: Heatran\n|-activate|p2b: Heatran|move: Protect\n|\n|-weather|SunnyDay|[upkeep]\n|-heal|p1a: Emporer Leon|35\/100|[from] item: Leftovers\n|upkeep\n|turn|4\n|inactive|Willipino has 30 seconds left.\n|inactive|Willipino has 20 seconds left.\n|\n|t:|1700966105\n|move|p2a: Iron Hands|Fake Out|p1a: Emporer Leon\n|-resisted|p1a: Emporer Leon\n|-damage|p1a: Emporer Leon|28\/100\n|cant|p1a: Emporer Leon|flinch\n|move|p1b: Landorus|Sandsear Storm|p2b: Heatran|[spread] p2a\n|-miss|p1b: Landorus|p2b: Heatran\n|-supereffective|p2a: Iron Hands\n|-damage|p2a: Iron Hands|0 fnt\n|faint|p2a: Iron Hands\n|-end|p2a: Iron Hands|Quark Drive|[silent]\n|move|p2b: Heatran|Heat Wave|p1a: Emporer Leon|[spread] p1a,p1b\n|-damage|p1a: Emporer Leon|0 fnt\n|-damage|p1b: Landorus|0 fnt\n|faint|p1a: Emporer Leon\n|faint|p1b: Landorus\n|-damage|p2b: Heatran|80\/100|[from] item: Life Orb\n|\n|-weather|SunnyDay|[upkeep]\n|-sideend|p2: Willipino|move: Tailwind\n|upkeep\n|inactive|Willipino has 30 seconds left.\n|inactive|Willipino has 20 seconds left.\n|\n|t:|1700966140\n|switch|p1a: GlovesCantFitThese|Iron Hands, L50, shiny|100\/100\n|switch|p2a: Tornadus|Tornadus, L50, M|9\/100\n|switch|p1b: Cha dude|Sinistcha-Masterpiece, L50, shiny|100\/100\n|turn|5\n|inactive|donteatmagikarps has 30 seconds left.\n|\n|t:|1700966167\n|switch|p2a: Landorus|Landorus-Therian, L50, M|100\/100\n|-ability|p2a: Landorus|Intimidate|boost\n|-unboost|p1a: GlovesCantFitThese|atk|1\n|-unboost|p1b: Cha dude|atk|1\n|-terastallize|p1a: GlovesCantFitThese|Fairy\n|move|p1b: Cha dude|Protect|p1b: Cha dude\n|-singleturn|p1b: Cha dude|Protect\n|move|p2b: Heatran|Protect|p2b: Heatran\n|-singleturn|p2b: Heatran|Protect\n|move|p1a: GlovesCantFitThese|Ice Punch|p2a: Landorus\n|-supereffective|p2a: Landorus\n|-damage|p2a: Landorus|27\/100\n|\n|-weather|SunnyDay|[upkeep]\n|-fieldend|move: Trick Room\n|upkeep\n|turn|6\n|inactive|donteatmagikarps has 30 seconds left.\n|inactive|Willipino has 30 seconds left.\n|inactive|Willipino has 20 seconds left.\n|inactive|Willipino has 15 seconds left.\n|inactive|Willipino has 10 seconds left.\n|\n|t:|1700966213\n|switch|p2a: Tornadus|Tornadus, L50, M|9\/100\n|move|p2b: Heatran|Heat Wave|p1a: GlovesCantFitThese|[spread] p1a,p1b\n|-supereffective|p1b: Cha dude\n|-damage|p1a: GlovesCantFitThese|59\/100\n|-damage|p1b: Cha dude|0 fnt\n|faint|p1b: Cha dude\n|-damage|p2b: Heatran|70\/100|[from] item: Life Orb\n|move|p1a: GlovesCantFitThese|Ice Punch|p2a: Tornadus\n|-supereffective|p2a: Tornadus\n|-damage|p2a: Tornadus|0 fnt\n|faint|p2a: Tornadus\n|\n|-weather|none\n|upkeep\n|\n|t:|1700966225\n|switch|p2a: Landorus|Landorus-Therian, L50, M|27\/100\n|-ability|p2a: Landorus|Intimidate|boost\n|-unboost|p1a: GlovesCantFitThese|atk|1\n|turn|7\n|-message|donteatmagikarps forfeited.\n|\n|win|Willipino\n|raw|donteatmagikarps's rating: 1367 &rarr; <strong>1343<\/strong><br \/>(-24 for losing)\n|raw|Willipino's rating: 1305 &rarr; <strong>1329<\/strong><br \/>(+24 for winning)\n|l|\u2606donteatmagikarps\n","uploadtime":1700966271,"views":1,"p1id":"donteatmagikarps","p2id":"willipino","formatid":"gen9vgc2023regulatione","rating":1329,"private":0,"password":""}