{"id":"gen9vgc2023regulatione-1994878299","p1":"nephilimuscat","p2":"Mateo8009","format":"[Gen 9] VGC 2023 Regulation E","log":"|j|\u2606nephilimuscat\n|j|\u2606Mateo8009\n|t:|1700501028\n|gametype|doubles\n|player|p1|nephilimuscat|policeman-gen4|1094\n|player|p2|Mateo8009|170|1000\n|teamsize|p1|6\n|teamsize|p2|6\n|gen|9\n|tier|[Gen 9] VGC 2023 Regulation E\n|rated|\n|rule|Species Clause: Limit one of each Pok\u00e9mon\n|rule|Item Clause: Limit one of each item\n|clearpoke\n|poke|p1|Flutter Mane, L50|\n|poke|p1|Tornadus, L50, M|\n|poke|p1|Brambleghast, L50, M|\n|poke|p1|Heatran, L50, F|\n|poke|p1|Landorus-Therian, L50, M|\n|poke|p1|Iron Bundle, L50|\n|poke|p2|Politoed, L50, F|\n|poke|p2|Basculegion, L50, M|\n|poke|p2|Zapdos, L50|\n|poke|p2|Sinistcha, L50|\n|poke|p2|Torkoal, L50, F|\n|poke|p2|Gholdengo, L50|\n|teampreview|4\nnephilimuscat rejected open team sheets.\n|inactive|Battle timer is ON: inactive players will automatically lose when time's up. (requested by Mateo8009)\n|\n|t:|1700501068\n|start\n|switch|p1a: Tornadus|Tornadus, L50, M|100\/100\n|switch|p1b: Flutter Mane|Flutter Mane, L50|100\/100\n|switch|p2a: Politoed|Politoed, L50, F|100\/100\n|switch|p2b: Zapdos|Zapdos, L50|100\/100\n|-ability|p2b: Zapdos|Pressure\n|-weather|RainDance|[from] ability: Drizzle|[of] p2a: Politoed\n|turn|1\n|inactive|nephilimuscat has 30 seconds left.\n|inactive|nephilimuscat has 20 seconds left.\n|inactive|nephilimuscat has 15 seconds left.\n|inactive|nephilimuscat has 10 seconds left.\n|inactive|nephilimuscat has 5 seconds left.\n|\n|t:|1700501123\n|move|p1a: Tornadus|Tailwind|p1a: Tornadus\n|-sidestart|p1: nephilimuscat|move: Tailwind\n|move|p1b: Flutter Mane|Moonblast|p2a: Politoed\n|-damage|p2a: Politoed|38\/100\n|-unboost|p2a: Politoed|spa|1\n|-enditem|p2a: Politoed|Eject Button\n|\n|t:|1700501131\n|switch|p2a: Gholdengo|Gholdengo, L50|100\/100\n|move|p2b: Zapdos|Thunderbolt|p1a: Tornadus\n|-supereffective|p1a: Tornadus\n|-damage|p1a: Tornadus|5\/100\n|\n|-weather|RainDance|[upkeep]\n|upkeep\n|turn|2\n|inactive|nephilimuscat has 30 seconds left.\n|\n|t:|1700501163\n|-terastallize|p1b: Flutter Mane|Fairy\n|move|p2a: Gholdengo|Protect|p2a: Gholdengo\n|-singleturn|p2a: Gholdengo|Protect\n|move|p1a: Tornadus|Sunny Day|p1a: Tornadus\n|-weather|SunnyDay\n|-activate|p1b: Flutter Mane|ability: Protosynthesis\n|-start|p1b: Flutter Mane|protosynthesisspa\n|move|p1b: Flutter Mane|Moonblast|p2b: Zapdos\n|-damage|p2b: Zapdos|0 fnt\n|faint|p2b: Zapdos\n|\n|-weather|SunnyDay|[upkeep]\n|upkeep\n|\n|t:|1700501173\n|switch|p2b: Politoed|Politoed, L50, F|38\/100\n|-weather|RainDance|[from] ability: Drizzle|[of] p2b: Politoed\n|-end|p1b: Flutter Mane|Protosynthesis\n|turn|3\n|\n|t:|1700501188\n|-terastallize|p2a: Gholdengo|Dragon\n|move|p1a: Tornadus|Sunny Day|p1a: Tornadus\n|-weather|SunnyDay\n|-activate|p1b: Flutter Mane|ability: Protosynthesis\n|-start|p1b: Flutter Mane|protosynthesisspa\n|move|p1b: Flutter Mane|Moonblast|p2b: Politoed\n|-damage|p2b: Politoed|0 fnt\n|faint|p2b: Politoed\n|move|p2a: Gholdengo|Make It Rain|p1b: Flutter Mane|[spread] p1a,p1b\n|-supereffective|p1b: Flutter Mane\n|-damage|p1a: Tornadus|0 fnt\n|-damage|p1b: Flutter Mane|0 fnt\n|-unboost|p2a: Gholdengo|spa|1\n|faint|p1a: Tornadus\n|faint|p1b: Flutter Mane\n|-end|p1b: Flutter Mane|Protosynthesis|[silent]\n|\n|-weather|SunnyDay|[upkeep]\n|upkeep\n|\n|t:|1700501207\n|switch|p1b: Heatran|Heatran, L50, F|100\/100\n|switch|p1a: Brambleghast|Brambleghast, L50, M|100\/100\n|switch|p2b: Sinistcha|Sinistcha, L50|100\/100\n|-ability|p1a: Brambleghast|Wind Rider|boost\n|-boost|p1a: Brambleghast|atk|1\n|turn|4\n|\n|t:|1700501229\n|move|p2b: Sinistcha|Protect|p2b: Sinistcha\n|-singleturn|p2b: Sinistcha|Protect\n|move|p1a: Brambleghast|Poltergeist|p2a: Gholdengo\n|-activate|p2a: Gholdengo|move: Poltergeist|Leftovers\n|-damage|p2a: Gholdengo|11\/100\n|-damage|p1a: Brambleghast|90\/100|[from] item: Life Orb\n|move|p1b: Heatran|Heat Wave|p2a: Gholdengo|[spread] p2a\n|-activate|p2b: Sinistcha|move: Protect\n|-resisted|p2a: Gholdengo\n|-damage|p2a: Gholdengo|0 fnt\n|faint|p2a: Gholdengo\n|\n|-weather|SunnyDay|[upkeep]\n|-sideend|p1: nephilimuscat|move: Tailwind\n|upkeep\n|turn|5\n|\n|t:|1700501249\n|move|p1b: Heatran|Protect|p1b: Heatran\n|-singleturn|p1b: Heatran|Protect\n|move|p1a: Brambleghast|Shadow Sneak|p2b: Sinistcha\n|-supereffective|p2b: Sinistcha\n|-damage|p2b: Sinistcha|42\/100\n|-damage|p1a: Brambleghast|80\/100|[from] item: Life Orb\n|move|p2b: Sinistcha|Shadow Ball|p1a: Brambleghast\n|-supereffective|p1a: Brambleghast\n|-damage|p1a: Brambleghast|0 fnt\n|faint|p1a: Brambleghast\n|\n|-weather|SunnyDay|[upkeep]\n|upkeep\n|turn|6\n|\n|t:|1700501264\n|move|p1b: Heatran|Heat Wave|p2b: Sinistcha\n|-supereffective|p2b: Sinistcha\n|-damage|p2b: Sinistcha|0 fnt\n|faint|p2b: Sinistcha\n|\n|win|nephilimuscat\n|raw|nephilimuscat's rating: 1094 &rarr; <strong>1113<\/strong><br \/>(+19 for winning)\n|raw|Mateo8009's rating: 1000 &rarr; <strong>1000<\/strong><br \/>(+0 for losing)\n|l|\u2606Mateo8009\n","uploadtime":1700501284,"views":2,"p1id":"nephilimuscat","p2id":"mateo8009","formatid":"gen9vgc2023regulatione","rating":1000,"private":0,"password":""}