{"id":"gen9vgc2023regulatione-1988231021","p1":"Josuee_29","p2":"krlxjms","format":"[Gen 9] VGC 2023 Regulation E","log":"|j|\u2606Josuee_29\n|j|\u2606krlxjms\n|t:|1699690188\n|gametype|doubles\n|player|p1|Josuee_29|lucas|1199\n|player|p2|krlxjms|ethan|1112\n|teamsize|p1|6\n|teamsize|p2|6\n|gen|9\n|tier|[Gen 9] VGC 2023 Regulation E\n|rated|\n|rule|Species Clause: Limit one of each Pok\u00e9mon\n|rule|Item Clause: Limit one of each item\n|clearpoke\n|poke|p1|Tornadus, L50, M|\n|poke|p1|Iron Hands, L50|\n|poke|p1|Rillaboom, L50, F|\n|poke|p1|Flutter Mane, L50|\n|poke|p1|Ogerpon-Hearthflame, L50, F|\n|poke|p1|Heatran, L50, F|\n|poke|p2|Grafaiai, L50, F|\n|poke|p2|Baxcalibur, L50, F|\n|poke|p2|Landorus-Therian, L50, M|\n|poke|p2|Breloom, L50, M|\n|poke|p2|Gholdengo, L50|\n|poke|p2|Heatran, L50, F|\n|teampreview|4\n|\n|t:|1699690260\n|start\n|switch|p1a: Iron Hands|Iron Hands, L50|100\/100\n|switch|p1b: Flutter Mane|Flutter Mane, L50, shiny|100\/100\n|switch|p2a: Gholdengo|Gholdengo, L50|100\/100\n|switch|p2b: Breloom|Breloom, L50, M|100\/100\n|turn|1\n|\n|t:|1699690284\n|switch|p2b: Landorus|Landorus-Therian, L50, M|100\/100\n|-ability|p2b: Landorus|Intimidate|boost\n|-fail|p1a: Iron Hands|unboost|[from] item: Clear Amulet|[of] p1a: Iron Hands\n|-unboost|p1b: Flutter Mane|atk|1\n|-terastallize|p2a: Gholdengo|Steel\n|move|p1b: Flutter Mane|Protect|p1b: Flutter Mane\n|-singleturn|p1b: Flutter Mane|Protect\n|move|p1a: Iron Hands|Fake Out|p2b: Landorus\n|-damage|p2b: Landorus|85\/100\n|move|p2a: Gholdengo|Shadow Ball|p1b: Flutter Mane\n|-activate|p1b: Flutter Mane|move: Protect\n|\n|upkeep\n|turn|2\n|\n|t:|1699690334\n|move|p1b: Flutter Mane|Shadow Ball|p2b: Landorus\n|-damage|p2b: Landorus|27\/100\n|-damage|p1b: Flutter Mane|90\/100|[from] item: Life Orb\n|move|p2b: Landorus|Stomping Tantrum|p1a: Iron Hands\n|-supereffective|p1a: Iron Hands\n|-damage|p1a: Iron Hands|53\/100\n|move|p2a: Gholdengo|Nasty Plot|p2a: Gholdengo\n|-boost|p2a: Gholdengo|spa|2\n|move|p1a: Iron Hands|Ice Punch|p2b: Landorus\n|-supereffective|p2b: Landorus\n|-damage|p2b: Landorus|0 fnt\n|faint|p2b: Landorus\n|\n|upkeep\n|\n|t:|1699690345\n|switch|p2b: Breloom|Breloom, L50, M|100\/100\n|turn|3\n|\n|t:|1699690361\n|move|p1b: Flutter Mane|Protect|p1b: Flutter Mane\n|-singleturn|p1b: Flutter Mane|Protect\n|move|p2b: Breloom|Mach Punch|p1a: Iron Hands\n|-damage|p1a: Iron Hands|28\/100\n|move|p2a: Gholdengo|Make It Rain|p1b: Flutter Mane|[spread] p1a\n|-activate|p1b: Flutter Mane|move: Protect\n|-resisted|p1a: Iron Hands\n|-damage|p1a: Iron Hands|0 fnt\n|-unboost|p2a: Gholdengo|spa|1\n|faint|p1a: Iron Hands\n|-end|p1a: Iron Hands|Quark Drive|[silent]\n|\n|upkeep\n|\n|t:|1699690380\n|switch|p1a: Heatran|Heatran, L50, F|100\/100\n|turn|4\n|\n|t:|1699690409\n|move|p1b: Flutter Mane|Dazzling Gleam|p2a: Gholdengo|[spread] p2a,p2b\n|-resisted|p2a: Gholdengo\n|-supereffective|p2b: Breloom\n|-damage|p2a: Gholdengo|75\/100\n|-enditem|p2b: Breloom|Focus Sash\n|-damage|p2b: Breloom|1\/100\n|-damage|p1b: Flutter Mane|80\/100|[from] item: Life Orb\n|move|p2a: Gholdengo|Shadow Ball|p1b: Flutter Mane\n|-supereffective|p1b: Flutter Mane\n|-damage|p1b: Flutter Mane|0 fnt\n|faint|p1b: Flutter Mane\n|-end|p1b: Flutter Mane|Protosynthesis|[silent]\n|move|p1a: Heatran|Heat Wave|p2a: Gholdengo|[spread] p2a\n|-miss|p1a: Heatran|p2b: Breloom\n|-supereffective|p2a: Gholdengo\n|-damage|p2a: Gholdengo|0 fnt\n|faint|p2a: Gholdengo\n|move|p2b: Breloom|Drain Punch|p1a: Heatran\n|-supereffective|p1a: Heatran\n|-damage|p1a: Heatran|29\/100\n|-heal|p2b: Breloom|42\/100|[from] drain|[of] p1a: Heatran\n|\n|upkeep\n|\n|t:|1699690430\n|switch|p1b: Ogerpon|Ogerpon-Hearthflame, L50, F|100\/100\n|switch|p2a: Heatran|Heatran, L50, F|100\/100\n|-ability|p1b: Ogerpon|Mold Breaker\n|turn|5\n|\n|t:|1699690451\n|move|p2b: Breloom|Mach Punch|p1a: Heatran\n|-supereffective|p1a: Heatran\n|-damage|p1a: Heatran|0 fnt\n|faint|p1a: Heatran\n|move|p1b: Ogerpon|Ivy Cudgel|p2b: Breloom\n|-supereffective|p2b: Breloom\n|-damage|p2b: Breloom|0 fnt\n|faint|p2b: Breloom\n|move|p2a: Heatran|Earth Power|p1b: Ogerpon\n|-damage|p1b: Ogerpon|61\/100\n|\n|upkeep\n|turn|6\n|\n|t:|1699690464\n|move|p1b: Ogerpon|Stomping Tantrum|p2a: Heatran\n|-supereffective|p2a: Heatran\n|-damage|p2a: Heatran|4\/100\n|move|p2a: Heatran|Earth Power|p1b: Ogerpon\n|-damage|p1b: Ogerpon|19\/100\n|\n|upkeep\n|turn|7\n|\n|t:|1699690474\n|move|p1b: Ogerpon|Stomping Tantrum|p2a: Heatran\n|-supereffective|p2a: Heatran\n|-damage|p2a: Heatran|0 fnt\n|faint|p2a: Heatran\n|\n|win|Josuee_29\n|raw|Josuee_29's rating: 1199 &rarr; <strong>1218<\/strong><br \/>(+19 for winning)\n|raw|krlxjms's rating: 1112 &rarr; <strong>1093<\/strong><br \/>(-19 for losing)\n|l|\u2606krlxjms\n","uploadtime":1699690481,"views":23,"p1id":"josuee29","p2id":"krlxjms","formatid":"gen9vgc2023regulatione","rating":1093,"private":0,"password":""}