{"id":"gen9vgc2023regulatione-1993511603","p1":"verylonelysole","p2":"alastorus","format":"[Gen 9] VGC 2023 Regulation E","log":"|j|\u2606verylonelysole\n|j|\u2606alastorus\n|t:|1700326506\n|gametype|doubles\n|player|p1|verylonelysole|bruno|1208\n|player|p2|alastorus|266|1147\n|teamsize|p1|6\n|teamsize|p2|6\n|gen|9\n|tier|[Gen 9] VGC 2023 Regulation E\n|rated|\n|rule|Species Clause: Limit one of each Pok\u00e9mon\n|rule|Item Clause: Limit one of each item\n|clearpoke\n|poke|p1|Dusclops, L50, M|\n|poke|p1|Ursaluna-Bloodmoon, L50, M|\n|poke|p1|Iron Hands, L50|\n|poke|p1|Landorus-Therian, L50, M|\n|poke|p1|Iron Bundle, L50|\n|poke|p1|Cresselia, L50, F|\n|poke|p2|Torkoal, L50, M|\n|poke|p2|Farigiraf, L50, M|\n|poke|p2|Iron Hands, L50|\n|poke|p2|Flutter Mane, L50|\n|poke|p2|Chi-Yu, L50|\n|poke|p2|Cetitan, L50, M|\n|teampreview|4\n|\n|t:|1700326582\n|start\n|switch|p1a: Ursaluna|Ursaluna-Bloodmoon, L50, M|100\/100\n|switch|p1b: Dusclops|Dusclops, L50, M, shiny|100\/100\n|switch|p2a: Torkoal|Torkoal, L50, M|100\/100\n|switch|p2b: Farigiraf|Farigiraf, L50, M|100\/100\n|-ability|p1b: Dusclops|Pressure\n|-weather|SunnyDay|[from] ability: Drought|[of] p2a: Torkoal\n|turn|1\n|-activate|p2b: Farigiraf|item: Quick Claw\n|\n|t:|1700326626\n|switch|p1b: Cresselia|Cresselia, L50, F|100\/100\n|-terastallize|p1a: Ursaluna|Normal\n|move|p1a: Ursaluna|Hyper Voice|p2a: Torkoal|[spread] p2a,p2b\n|-damage|p2a: Torkoal|39\/100\n|-damage|p2b: Farigiraf|71\/100\n|-enditem|p1a: Ursaluna|Throat Spray\n|-boost|p1a: Ursaluna|spa|1|[from] item: Throat Spray\n|move|p2a: Torkoal|Eruption|p1b: Cresselia|[spread] p1a,p1b\n|-damage|p1a: Ursaluna|62\/100\n|-damage|p1b: Cresselia|75\/100\n|move|p2b: Farigiraf|Trick Room|p2b: Farigiraf\n|-fieldstart|move: Trick Room|[of] p2b: Farigiraf\n|\n|-weather|SunnyDay|[upkeep]\n|upkeep\n|turn|2\n|\n|t:|1700326647\n|move|p2b: Farigiraf|Helping Hand|p2a: Torkoal\n|-singleturn|p2a: Torkoal|Helping Hand|[of] p2b: Farigiraf\n|move|p1a: Ursaluna|Protect|p1a: Ursaluna\n|-singleturn|p1a: Ursaluna|Protect\n|move|p2a: Torkoal|Eruption|p1a: Ursaluna|[spread] p1b\n|-activate|p1a: Ursaluna|move: Protect\n|-damage|p1b: Cresselia|32\/100\n|move|p1b: Cresselia|Lunar Blessing|p1b: Cresselia|[spread] p1a,p1b\n|-heal|p1a: Ursaluna|87\/100\n|-heal|p1b: Cresselia|57\/100\n|\n|-weather|SunnyDay|[upkeep]\n|upkeep\n|turn|3\n|-activate|p2b: Farigiraf|item: Quick Claw\n|\n|t:|1700326671\n|move|p2b: Farigiraf|Light Screen|p2b: Farigiraf\n|-sidestart|p2: alastorus|move: Light Screen\n|move|p2a: Torkoal|Eruption|p1a: Ursaluna|[spread] p1a,p1b\n|-damage|p1a: Ursaluna|53\/100\n|-damage|p1b: Cresselia|31\/100\n|move|p1a: Ursaluna|Hyper Voice|p2b: Farigiraf|[spread] p2a,p2b\n|-damage|p2a: Torkoal|0 fnt\n|-damage|p2b: Farigiraf|38\/100\n|faint|p2a: Torkoal\n|move|p1b: Cresselia|Lunar Blessing|p1b: Cresselia|[spread] p1a,p1b\n|-heal|p1a: Ursaluna|78\/100\n|-heal|p1b: Cresselia|56\/100\n|\n|-weather|SunnyDay|[upkeep]\n|upkeep\n|\n|t:|1700326685\n|switch|p2a: Iron Hands|Iron Hands, L50|100\/100\n|-enditem|p2a: Iron Hands|Booster Energy\n|-activate|p2a: Iron Hands|ability: Quark Drive|[fromitem]\n|-start|p2a: Iron Hands|quarkdriveatk\n|turn|4\n|\n|t:|1700326699\n|move|p2b: Farigiraf|Helping Hand|p2a: Iron Hands\n|-singleturn|p2a: Iron Hands|Helping Hand|[of] p2b: Farigiraf\n|move|p1a: Ursaluna|Protect|p1a: Ursaluna\n|-singleturn|p1a: Ursaluna|Protect\n|move|p2a: Iron Hands|Thunder Punch|p1b: Cresselia\n|-damage|p1b: Cresselia|0 fnt\n|faint|p1b: Cresselia\n|\n|-weather|SunnyDay|[upkeep]\n|upkeep\n|\n|t:|1700326712\n|switch|p1b: Dusclops|Dusclops, L50, M, shiny|100\/100\n|-ability|p1b: Dusclops|Pressure\n|turn|5\n|\n|t:|1700326726\n|move|p2b: Farigiraf|Helping Hand|p2a: Iron Hands\n|-singleturn|p2a: Iron Hands|Helping Hand|[of] p2b: Farigiraf\n|move|p1b: Dusclops|Will-O-Wisp|p2a: Iron Hands\n|-status|p2a: Iron Hands|brn\n|move|p2a: Iron Hands|Drain Punch|p1a: Ursaluna\n|-supereffective|p1a: Ursaluna\n|-damage|p1a: Ursaluna|7\/100\n|move|p1a: Ursaluna|Hyper Voice|p2b: Farigiraf|[spread] p2a,p2b\n|-crit|p2b: Farigiraf\n|-damage|p2a: Iron Hands|58\/100 brn\n|-damage|p2b: Farigiraf|0 fnt\n|faint|p2b: Farigiraf\n|\n|-weather|none\n|-damage|p2a: Iron Hands|52\/100 brn|[from] brn\n|-fieldend|move: Trick Room\n|upkeep\n|\n|t:|1700326740\n|switch|p2b: Cetitan|Cetitan, L50, M|100\/100\n|turn|6\n|\n|t:|1700326752\n|-terastallize|p2b: Cetitan|Water\n|move|p1a: Ursaluna|Blood Moon|p2b: Cetitan\n|-crit|p2b: Cetitan\n|-damage|p2b: Cetitan|0 fnt\n|faint|p2b: Cetitan\n|move|p2a: Iron Hands|Drain Punch|p1a: Ursaluna\n|-supereffective|p1a: Ursaluna\n|-damage|p1a: Ursaluna|0 fnt\n|-heal|p2a: Iron Hands|55\/100 brn|[from] drain|[of] p1a: Ursaluna\n|faint|p1a: Ursaluna\n|move|p1b: Dusclops|Will-O-Wisp|p2a: Iron Hands|[miss]\n|-miss|p1b: Dusclops|p2a: Iron Hands\n|\n|-damage|p2a: Iron Hands|48\/100 brn|[from] brn\n|upkeep\n|\n|t:|1700326768\n|switch|p1a: Iron Hands|Iron Hands, L50, shiny|100\/100\n|turn|7\n|-message|alastorus forfeited.\n|\n|win|verylonelysole\n|raw|verylonelysole's rating: 1208 &rarr; <strong>1229<\/strong><br \/>(+21 for winning)\n|raw|alastorus's rating: 1147 &rarr; <strong>1126<\/strong><br \/>(-21 for losing)\n|l|\u2606alastorus\n","uploadtime":1700326797,"views":8,"p1id":"verylonelysole","p2id":"alastorus","formatid":"gen9vgc2023regulatione","rating":1126,"private":0,"password":""}