{"id":"gen9vgc2023regulatione-1991936139","p1":"mattun","p2":"extracute","format":"[Gen 9] VGC 2023 Regulation E","log":"|j|\u2606mattun\n|j|\u2606extracute\n|t:|1700140162\n|gametype|doubles\n|player|p1|mattun|2|1523\n|player|p2|extracute|169|1456\n|teamsize|p1|6\n|teamsize|p2|6\n|gen|9\n|tier|[Gen 9] VGC 2023 Regulation E\n|rated|\n|rule|Species Clause: Limit one of each Pok\u00e9mon\n|rule|Item Clause: Limit one of each item\n|clearpoke\n|poke|p1|Tornadus, L50, M|\n|poke|p1|Armarouge, L50, M|\n|poke|p1|Urshifu-*, L50, F|\n|poke|p1|Indeedee-F, L50, F|\n|poke|p1|Chien-Pao, L50|\n|poke|p1|Sneasler, L50, F|\n|poke|p2|Sneasler, L50, F|\n|poke|p2|Indeedee-F, L50, F|\n|poke|p2|Armarouge, L50, M|\n|poke|p2|Urshifu-*, L50, M|\n|poke|p2|Chien-Pao, L50|\n|poke|p2|Tornadus, L50, M|\n|teampreview|4\n|\n|t:|1700140211\n|start\n|switch|p1a: Indeedee|Indeedee-F, L50, F|100\/100\n|switch|p1b: Tornadus|Tornadus, L50, M|100\/100\n|switch|p2a: Tornadus|Tornadus, L50, M|100\/100\n|switch|p2b: Chien-Pao|Chien-Pao, L50|100\/100\n|-ability|p2b: Chien-Pao|Sword of Ruin\n|-fieldstart|move: Psychic Terrain|[from] ability: Psychic Surge|[of] p1a: Indeedee\n|turn|1\n|inactive|Battle timer is ON: inactive players will automatically lose when time's up. (requested by extracute)\n|\n|t:|1700140237\n|switch|p1b: Sneasler|Sneasler, L50, F|100\/100\n|-enditem|p1b: Sneasler|Psychic Seed\n|-boost|p1b: Sneasler|spd|1|[from] item: Psychic Seed\n|move|p2a: Tornadus|Substitute|p2a: Tornadus\n|-start|p2a: Tornadus|Substitute\n|-damage|p2a: Tornadus|76\/100\n|move|p2b: Chien-Pao|Crunch|p1a: Indeedee\n|-supereffective|p1a: Indeedee\n|-damage|p1a: Indeedee|0 fnt\n|-damage|p2b: Chien-Pao|84\/100|[from] item: Rocky Helmet|[of] p1a: Indeedee\n|faint|p1a: Indeedee\n|-damage|p2b: Chien-Pao|74\/100|[from] item: Life Orb\n|\n|upkeep\n|\n|t:|1700140247\n|switch|p1a: Tornadus|Tornadus, L50, M|100\/100\n|turn|2\n|inactive|extracute has 30 seconds left.\n|\n|t:|1700140273\n|-terastallize|p1b: Sneasler|Rock\n|-terastallize|p2b: Chien-Pao|Poison\n|move|p2a: Tornadus|Tailwind|p2a: Tornadus\n|-sidestart|p2: extracute|move: Tailwind\n|move|p1a: Tornadus|Tailwind|p1a: Tornadus\n|-sidestart|p1: mattun|move: Tailwind\n|move|p1b: Sneasler|Rock Slide|p2b: Chien-Pao|[spread] p2a,p2b\n|-supereffective|p2a: Tornadus\n|-end|p2a: Tornadus|Substitute\n|-damage|p2b: Chien-Pao|31\/100\n|move|p2b: Chien-Pao|Icicle Crash|p1a: Tornadus\n|-supereffective|p1a: Tornadus\n|-damage|p1a: Tornadus|0 fnt\n|faint|p1a: Tornadus\n|-damage|p2b: Chien-Pao|22\/100|[from] item: Life Orb\n|\n|upkeep\n|\n|t:|1700140286\n|switch|p1a: Armarouge|Armarouge, L50, M|100\/100\n|turn|3\n|\n|t:|1700140306\n|move|p2b: Chien-Pao|Protect|p2b: Chien-Pao\n|-singleturn|p2b: Chien-Pao|Protect\n|move|p1b: Sneasler|Rock Slide|p2a: Tornadus|[spread] p2a\n|-activate|p2b: Chien-Pao|move: Protect\n|-supereffective|p2a: Tornadus\n|-damage|p2a: Tornadus|0 fnt\n|faint|p2a: Tornadus\n|move|p1a: Armarouge|Expanding Force|p2b: Chien-Pao\n|-activate|p2b: Chien-Pao|move: Protect\n|\n|upkeep\n|\n|t:|1700140325\n|switch|p2a: Sneasler|Sneasler, L50, F|100\/100\n|-enditem|p2a: Sneasler|Psychic Seed\n|-boost|p2a: Sneasler|spd|1|[from] item: Psychic Seed\n|turn|4\n|\n|t:|1700140345\n|switch|p2b: Indeedee|Indeedee-F, L50, F|100\/100\n|move|p2a: Sneasler|Protect|p2a: Sneasler\n|-singleturn|p2a: Sneasler|Protect\n|move|p1b: Sneasler|Rock Slide|p2a: Sneasler|[spread] p2b\n|-activate|p2a: Sneasler|move: Protect\n|-damage|p2b: Indeedee|61\/100\n|move|p1a: Armarouge|Expanding Force|p2b: Indeedee|[spread] p2b\n|-activate|p2a: Sneasler|move: Protect\n|-resisted|p2b: Indeedee\n|-damage|p2b: Indeedee|33\/100\n|\n|upkeep\n|turn|5\n|inactive|extracute has 30 seconds left.\n|\n|t:|1700140379\n|move|p2a: Sneasler|Close Combat|p1b: Sneasler\n|-supereffective|p1b: Sneasler\n|-damage|p1b: Sneasler|0 fnt\n|-unboost|p2a: Sneasler|def|1\n|-unboost|p2a: Sneasler|spd|1\n|faint|p1b: Sneasler\n|move|p1a: Armarouge|Expanding Force|p2b: Indeedee|[spread] p2a,p2b\n|-supereffective|p2a: Sneasler\n|-resisted|p2b: Indeedee\n|-damage|p2a: Sneasler|0 fnt\n|-damage|p2b: Indeedee|7\/100\n|faint|p2a: Sneasler\n|move|p2b: Indeedee|Psyshock|p1a: Armarouge\n|-resisted|p1a: Armarouge\n|-damage|p1a: Armarouge|77\/100\n|\n|-sideend|p1: mattun|move: Tailwind\n|-sideend|p2: extracute|move: Tailwind\n|-fieldend|move: Psychic Terrain\n|upkeep\n|\n|t:|1700140391\n|switch|p2a: Chien-Pao|Chien-Pao, L50, tera:Poison|22\/100\n|-ability|p2a: Chien-Pao|Sword of Ruin\n|turn|6\n|\n|t:|1700140402\n|move|p2b: Indeedee|Helping Hand|p2a: Chien-Pao\n|-singleturn|p2a: Chien-Pao|Helping Hand|[of] p2b: Indeedee\n|move|p1a: Armarouge|Endure|p1a: Armarouge\n|-singleturn|p1a: Armarouge|move: Endure\n|move|p2a: Chien-Pao|Crunch|p1a: Armarouge\n|-supereffective|p1a: Armarouge\n|-activate|p1a: Armarouge|move: Endure\n|-damage|p1a: Armarouge|1\/100\n|-ability|p1a: Armarouge|Weak Armor|boost\n|-unboost|p1a: Armarouge|def|1\n|-boost|p1a: Armarouge|spe|2\n|-damage|p2a: Chien-Pao|12\/100|[from] item: Life Orb\n|\n|upkeep\n|turn|7\n|\n|t:|1700140416\n|move|p1a: Armarouge|Endure||[still]\n|-fail|p1a: Armarouge\n|move|p2b: Indeedee|Follow Me|p2b: Indeedee\n|-singleturn|p2b: Indeedee|move: Follow Me\n|move|p2a: Chien-Pao|Ice Shard|p1a: Armarouge\n|-resisted|p1a: Armarouge\n|-damage|p1a: Armarouge|0 fnt\n|faint|p1a: Armarouge\n|-damage|p2a: Chien-Pao|2\/100|[from] item: Life Orb\n|\n|win|extracute\n|raw|mattun's rating: 1523 &rarr; <strong>1499<\/strong><br \/>(-24 for losing)\n|raw|extracute's rating: 1456 &rarr; <strong>1480<\/strong><br \/>(+24 for winning)\n|l|\u2606mattun\n","uploadtime":1700140437,"views":28,"p1id":"mattun","p2id":"extracute","formatid":"gen9vgc2023regulatione","rating":1480,"private":0,"password":""}