{"id":"gen9vgc2023regulatione-2000636915","p1":"GeneralDoggo","p2":"who1658","format":"[Gen 9] VGC 2023 Regulation E","log":"|j|\u2606GeneralDoggo\n|j|\u2606who1658\n|t:|1701213075\n|gametype|doubles\n|player|p1|GeneralDoggo|unknown|\n|player|p2|who1658|brycen|\n|teamsize|p1|6\n|teamsize|p2|6\n|gen|9\n|tier|[Gen 9] VGC 2023 Regulation E\n|rule|Species Clause: Limit one of each Pok\u00e9mon\n|rule|Item Clause: Limit one of each item\n|clearpoke\n|poke|p1|Sneasler, L50, F|\n|poke|p1|Indeedee-F, L50, F|\n|poke|p1|Regidrago, L50|\n|poke|p1|Urshifu-*, L50, M|\n|poke|p1|Heatran, L50, M|\n|poke|p1|Landorus-Therian, L50, M|\n|poke|p2|Iron Hands, L50|\n|poke|p2|Kingambit, L50, M|\n|poke|p2|Flutter Mane, L50|\n|poke|p2|Chien-Pao, L50|\n|poke|p2|Trevenant, L50, M|\n|poke|p2|Ursaluna-Bloodmoon, L50, M|\n|teampreview|4\nGeneralDoggo has agreed to open team sheets.\n|c|\u2606GeneralDoggo|accept ots\n|j| ZBFusion\n|c|\u2606GeneralDoggo|accept open team sheets, btw\n|c|\u2606GeneralDoggo|hello zebediah b fusion\n|c| ZBFusion|greetings\n|\n|t:|1701213136\n|start\n|switch|p1a: Sneasler|Sneasler, L50, F|100\/100\n|switch|p1b: Indeedee|Indeedee-F, L50, F|100\/100\n|switch|p2a: Kingambit|Kingambit, L50, M, shiny|100\/100\n|switch|p2b: Iron Hands|Iron Hands, L50, shiny|100\/100\n|-fieldstart|move: Psychic Terrain|[from] ability: Psychic Surge|[of] p1b: Indeedee\n|-enditem|p1a: Sneasler|Psychic Seed\n|-boost|p1a: Sneasler|spd|1|[from] item: Psychic Seed\n|turn|1\n|c|\u2606GeneralDoggo|who, accept ots\n|c|\u2606who1658|How\n|c| ZBFusion|the match started, you can't now\n|c|\u2606GeneralDoggo|welp\n|c|\u2606who1658|Oh\n|c|\u2606GeneralDoggo|uh\n|c|\u2606GeneralDoggo|lemme open them up in a tab\n|c|\u2606GeneralDoggo|we good\n|c|\u2606who1658|Swag\n|\n|t:|1701213252\n|-end|p2b: Iron Hands|Quark Drive|[silent]\n|switch|p2b: Ursaluna|Ursaluna-Bloodmoon, L50, M|100\/100\n|move|p1b: Indeedee|Follow Me|p1b: Indeedee\n|-singleturn|p1b: Indeedee|move: Follow Me\n|move|p1a: Sneasler|Close Combat|p2a: Kingambit\n|-supereffective|p2a: Kingambit\n|-damage|p2a: Kingambit|0 fnt\n|-unboost|p1a: Sneasler|def|1\n|-unboost|p1a: Sneasler|spd|1\n|faint|p2a: Kingambit\n|\n|upkeep\n|\n|t:|1701213284\n|switch|p2a: Iron Hands|Iron Hands, L50, shiny|100\/100\n|turn|2\n|\n|t:|1701213303\n|-terastallize|p1a: Sneasler|Flying\n|-terastallize|p2b: Ursaluna|Ghost\n|move|p1b: Indeedee|Helping Hand|p1a: Sneasler\n|-singleturn|p1a: Sneasler|Helping Hand|[of] p1b: Indeedee\n|move|p1a: Sneasler|Acrobatics|p2b: Ursaluna\n|-damage|p2b: Ursaluna|39\/100\n|move|p2b: Ursaluna|Hyper Voice|p1b: Indeedee|[spread] p1a,p1b\n|-damage|p1a: Sneasler|31\/100\n|-damage|p1b: Indeedee|59\/100\n|-damage|p2b: Ursaluna|29\/100|[from] item: Life Orb\n|move|p2a: Iron Hands|Drain Punch|p1b: Indeedee\n|-damage|p1b: Indeedee|14\/100\n|-damage|p2a: Iron Hands|84\/100|[from] item: Rocky Helmet|[of] p1b: Indeedee\n|\n|upkeep\n|turn|3\n|\n|t:|1701213327\n|move|p1a: Sneasler|Acrobatics|p2b: Ursaluna\n|-damage|p2b: Ursaluna|0 fnt\n|faint|p2b: Ursaluna\n|move|p1b: Indeedee|Psychic|p2a: Iron Hands\n|-supereffective|p2a: Iron Hands\n|-damage|p2a: Iron Hands|42\/100\n|move|p2a: Iron Hands|Drain Punch|p1a: Sneasler\n|-resisted|p1a: Sneasler\n|-damage|p1a: Sneasler|0 fnt\n|-heal|p2a: Iron Hands|51\/100|[from] drain|[of] p1a: Sneasler\n|faint|p1a: Sneasler\n|\n|upkeep\n|\n|t:|1701213341\n|switch|p1a: Urshifu|Urshifu-Rapid-Strike, L50, M|100\/100\n|switch|p2b: Chien-Pao|Chien-Pao, L50|100\/100\n|-ability|p2b: Chien-Pao|Sword of Ruin\n|turn|4\n|\n|t:|1701213354\n|move|p2b: Chien-Pao|Protect|p2b: Chien-Pao\n|-singleturn|p2b: Chien-Pao|Protect\n|move|p1b: Indeedee|Follow Me|p1b: Indeedee\n|-singleturn|p1b: Indeedee|move: Follow Me\n|move|p1a: Urshifu|Surging Strikes|p2b: Chien-Pao\n|-crit|p2b: Chien-Pao\n|-damage|p2b: Chien-Pao|74\/100\n|-crit|p2b: Chien-Pao\n|-damage|p2b: Chien-Pao|43\/100\n|-crit|p2b: Chien-Pao\n|-damage|p2b: Chien-Pao|16\/100\n|-hitcount|p2b: Chien-Pao|3\n|move|p2a: Iron Hands|Drain Punch|p1b: Indeedee\n|-damage|p1b: Indeedee|0 fnt\n|-heal|p2a: Iron Hands|56\/100|[from] drain|[of] p1b: Indeedee\n|-damage|p2a: Iron Hands|39\/100|[from] item: Rocky Helmet|[of] p1b: Indeedee\n|faint|p1b: Indeedee\n|\n|upkeep\n|\n|t:|1701213365\n|switch|p1b: Heatran|Heatran, L50, M|100\/100\n|turn|5\n|c|\u2606who1658|WAIT\n|c|\u2606who1658|NO I FORGOT URSHIFU CHEATS\n|c|\u2606GeneralDoggo|yeah\n|c|\u2606GeneralDoggo|i hate the bear too\n|\n|t:|1701213389\n|move|p2b: Chien-Pao|Sacred Sword|p1b: Heatran\n|-supereffective|p1b: Heatran\n|-damage|p1b: Heatran|26\/100\n|move|p1a: Urshifu|Surging Strikes|p2a: Iron Hands\n|-crit|p2a: Iron Hands\n|-damage|p2a: Iron Hands|21\/100\n|-crit|p2a: Iron Hands\n|-damage|p2a: Iron Hands|2\/100\n|-crit|p2a: Iron Hands\n|-damage|p2a: Iron Hands|0 fnt\n|faint|p2a: Iron Hands\n|-end|p2a: Iron Hands|Quark Drive|[silent]\n|-hitcount|p2: Iron Hands|3\n|move|p1b: Heatran|Flash Cannon|p2b: Chien-Pao\n|-supereffective|p2b: Chien-Pao\n|-damage|p2b: Chien-Pao|0 fnt\n|faint|p2b: Chien-Pao\n|\n|win|GeneralDoggo\n|l|\u2606who1658\n|c|\u2606GeneralDoggo|welp\n|c|\u2606GeneralDoggo|onto game 2\n","uploadtime":1701213413,"views":2,"p1id":"generaldoggo","p2id":"who1658","formatid":"gen9vgc2023regulatione","rating":0,"private":0,"password":""}