{"id":"gen9vgc2023regulatione-1989441967","p1":"RyuSennin","p2":"SwimWithTheFishies","format":"[Gen 9] VGC 2023 Regulation E","log":"|j|\u2606RyuSennin\n|j|\u2606SwimWithTheFishies\n|t:|1699851033\n|gametype|doubles\n|player|p1|RyuSennin|colress|1107\n|player|p2|SwimWithTheFishies|swimmer-gen4dp|1110\n|teamsize|p1|6\n|teamsize|p2|6\n|gen|9\n|tier|[Gen 9] VGC 2023 Regulation E\n|rated|\n|rule|Species Clause: Limit one of each Pok\u00e9mon\n|rule|Item Clause: Limit one of each item\n|clearpoke\n|poke|p1|Flutter Mane, L50|\n|poke|p1|Tornadus, L50, M|\n|poke|p1|Urshifu-*, L50, F|\n|poke|p1|Arcanine-Hisui, L50, M|\n|poke|p1|Chien-Pao, L50|\n|poke|p1|Rillaboom, L50, F|\n|poke|p2|Iron Hands, L50|\n|poke|p2|Landorus-Therian, L50, M|\n|poke|p2|Flutter Mane, L50|\n|poke|p2|Amoonguss, L50, F|\n|poke|p2|Heatran, L50, F|\n|poke|p2|Roaring Moon, L50|\n|teampreview|4\n|inactive|Battle timer is ON: inactive players will automatically lose when time's up. (requested by SwimWithTheFishies)\nSwimWithTheFishies has agreed to open team sheets.\n|inactive|RyuSennin has 60 seconds left.\n|inactive|SwimWithTheFishies has 60 seconds left.\nRyuSennin rejected open team sheets.\n|\n|t:|1699851077\n|start\n|switch|p1a: Tornadus|Tornadus, L50, M|100\/100\n|switch|p1b: Arcanine|Arcanine-Hisui, L50, M|100\/100\n|switch|p2a: Iron Hands|Iron Hands, L50|100\/100\n|switch|p2b: Landorus|Landorus-Therian, L50, M|100\/100\n|-ability|p2b: Landorus|Intimidate|boost\n|-unboost|p1a: Tornadus|atk|1\n|-unboost|p1b: Arcanine|atk|1\n|-ability|p1b: Arcanine|Intimidate|boost\n|-unboost|p2a: Iron Hands|atk|1\n|-unboost|p2b: Landorus|atk|1\n|turn|1\n|inactive|RyuSennin has 30 seconds left.\n|\n|t:|1699851107\n|move|p2a: Iron Hands|Fake Out|p1b: Arcanine\n|-resisted|p1b: Arcanine\n|-damage|p1b: Arcanine|94\/100\n|move|p1a: Tornadus|Rain Dance|p1a: Tornadus\n|-weather|RainDance\n|move|p2b: Landorus|U-turn|p1a: Tornadus\n|-resisted|p1a: Tornadus\n|-damage|p1a: Tornadus|91\/100\n|-damage|p2b: Landorus|84\/100|[from] item: Rocky Helmet|[of] p1a: Tornadus\n|\n|t:|1699851118\n|switch|p2b: Heatran|Heatran, L50, F|100\/100|[from] U-turn\n|cant|p1b: Arcanine|flinch\n|\n|-weather|RainDance|[upkeep]\n|upkeep\n|turn|2\n|\n|t:|1699851139\n|switch|p1b: Flutter Mane|Flutter Mane, L50, shiny|100\/100\n|-enditem|p1b: Flutter Mane|Booster Energy\n|-activate|p1b: Flutter Mane|ability: Protosynthesis|[fromitem]\n|-start|p1b: Flutter Mane|protosynthesisspa\n|move|p1a: Tornadus|Taunt|p2b: Heatran\n|-start|p2b: Heatran|move: Taunt\n|move|p2b: Heatran|Earth Power|p1b: Flutter Mane\n|-damage|p1b: Flutter Mane|73\/100\n|move|p2a: Iron Hands|Wild Charge|p1a: Tornadus\n|-supereffective|p1a: Tornadus\n|-damage|p1a: Tornadus|19\/100\n|-damage|p2a: Iron Hands|84\/100|[from] item: Rocky Helmet|[of] p1a: Tornadus\n|-damage|p2a: Iron Hands|70\/100|[from] Recoil\n|\n|-weather|RainDance|[upkeep]\n|upkeep\n|turn|3\n|inactive|SwimWithTheFishies has 30 seconds left.\n|\n|t:|1699851166\n|move|p1a: Tornadus|Tailwind|p1a: Tornadus\n|-sidestart|p1: RyuSennin|move: Tailwind\n|move|p1b: Flutter Mane|Moonblast|p2a: Iron Hands\n|-supereffective|p2a: Iron Hands\n|-damage|p2a: Iron Hands|2\/100\n|-unboost|p2a: Iron Hands|spa|1\n|move|p2b: Heatran|Heat Wave|p1a: Tornadus|[spread] p1a,p1b\n|-damage|p1a: Tornadus|0 fnt\n|-damage|p1b: Flutter Mane|57\/100\n|faint|p1a: Tornadus\n|move|p2a: Iron Hands|Heavy Slam|p1b: Flutter Mane\n|-supereffective|p1b: Flutter Mane\n|-damage|p1b: Flutter Mane|0 fnt\n|faint|p1b: Flutter Mane\n|-end|p1b: Flutter Mane|Protosynthesis|[silent]\n|\n|-weather|RainDance|[upkeep]\n|upkeep\n|\n|t:|1699851183\n|switch|p1b: Urshifu|Urshifu-Rapid-Strike, L50, F|100\/100\n|switch|p1a: Arcanine|Arcanine-Hisui, L50, M|94\/100\n|-ability|p1a: Arcanine|Intimidate|boost\n|-unboost|p2a: Iron Hands|atk|1\n|-unboost|p2b: Heatran|atk|1\n|turn|4\n|inactive|SwimWithTheFishies has 30 seconds left.\n|\n|t:|1699851210\n|-end|p2a: Iron Hands|Quark Drive|[silent]\n|switch|p2a: Landorus|Landorus-Therian, L50, M|84\/100\n|-ability|p2a: Landorus|Intimidate|boost\n|-unboost|p1a: Arcanine|atk|1\n|-unboost|p1b: Urshifu|atk|1\n|-terastallize|p1b: Urshifu|Water\n|-terastallize|p2b: Heatran|Fairy\n|move|p1a: Arcanine|Rock Slide|p2b: Heatran|[spread] p2a,p2b\n|-damage|p2a: Landorus|54\/100\n|-damage|p2b: Heatran|73\/100\n|move|p1b: Urshifu|Surging Strikes|p2b: Heatran\n|-crit|p2b: Heatran\n|-damage|p2b: Heatran|28\/100\n|-crit|p2b: Heatran\n|-damage|p2b: Heatran|0 fnt\n|faint|p2b: Heatran\n|-hitcount|p2: Heatran|2\n|\n|-weather|RainDance|[upkeep]\n|upkeep\n|\n|t:|1699851227\n|switch|p2b: Iron Hands|Iron Hands, L50|2\/100\n|turn|5\n|\n|t:|1699851241\n|move|p1b: Urshifu|Detect|p1b: Urshifu\n|-singleturn|p1b: Urshifu|Protect\n|move|p2b: Iron Hands|Fake Out|p1b: Urshifu\n|-activate|p1b: Urshifu|move: Protect\n|move|p1a: Arcanine|Rock Slide|p2a: Landorus|[spread] p2a,p2b\n|-resisted|p2b: Iron Hands\n|-damage|p2a: Landorus|21\/100\n|-damage|p2b: Iron Hands|0 fnt\n|faint|p2b: Iron Hands\n|-end|p2b: Iron Hands|Quark Drive|[silent]\n|cant|p2a: Landorus|flinch\n|\n|-weather|none\n|upkeep\n|\n|t:|1699851252\n|switch|p2b: Amoonguss|Amoonguss, L50, F|100\/100\n|turn|6\n|\n|t:|1699851265\n|move|p2b: Amoonguss|Rage Powder|p2b: Amoonguss\n|-singleturn|p2b: Amoonguss|move: Rage Powder\n|move|p1b: Urshifu|Aqua Jet|p2b: Amoonguss\n|-resisted|p2b: Amoonguss\n|-damage|p2b: Amoonguss|91\/100\n|-damage|p1b: Urshifu|84\/100|[from] item: Rocky Helmet|[of] p2b: Amoonguss\n|move|p1a: Arcanine|Rock Slide|p2b: Amoonguss|[spread] p2a,p2b\n|-damage|p2a: Landorus|0 fnt\n|-damage|p2b: Amoonguss|70\/100\n|faint|p2a: Landorus\n|\n|-sideend|p1: RyuSennin|move: Tailwind\n|upkeep\n|turn|7\n|\n|t:|1699851282\n|move|p1a: Arcanine|Rock Slide|p2b: Amoonguss\n|-damage|p2b: Amoonguss|40\/100\n|move|p1b: Urshifu|Surging Strikes|p2b: Amoonguss\n|-resisted|p2b: Amoonguss\n|-crit|p2b: Amoonguss\n|-damage|p2b: Amoonguss|26\/100\n|-damage|p1b: Urshifu|67\/100|[from] item: Rocky Helmet|[of] p2b: Amoonguss\n|-resisted|p2b: Amoonguss\n|-crit|p2b: Amoonguss\n|-damage|p2b: Amoonguss|13\/100\n|-damage|p1b: Urshifu|51\/100|[from] item: Rocky Helmet|[of] p2b: Amoonguss\n|-resisted|p2b: Amoonguss\n|-crit|p2b: Amoonguss\n|-damage|p2b: Amoonguss|0 fnt\n|-damage|p1b: Urshifu|34\/100|[from] item: Rocky Helmet|[of] p2b: Amoonguss\n|faint|p2b: Amoonguss\n|-hitcount|p2: Amoonguss|3\n|\n|win|RyuSennin\n|raw|RyuSennin's rating: 1107 &rarr; <strong>1132<\/strong><br \/>(+25 for winning)\n|raw|SwimWithTheFishies's rating: 1110 &rarr; <strong>1085<\/strong><br \/>(-25 for losing)\n","uploadtime":1699851292,"views":12,"p1id":"ryusennin","p2id":"swimwiththefishies","formatid":"gen9vgc2023regulatione","rating":1085,"private":0,"password":""}