{"id":"gen9vgc2023regulatione-1997490399","p1":"b8j0l8","p2":"KilnFirelinkAlt","format":"[Gen 9] VGC 2023 Regulation E","log":"|j|\u2606b8j0l8\n|j|\u2606KilnFirelinkAlt\n|t:|1700814462\n|gametype|doubles\n|player|p1|b8j0l8|102|1082\n|player|p2|KilnFirelinkAlt|iris-gen5bw2|1119\n|teamsize|p1|6\n|teamsize|p2|6\n|gen|9\n|tier|[Gen 9] VGC 2023 Regulation E\n|rated|\n|rule|Species Clause: Limit one of each Pok\u00e9mon\n|rule|Item Clause: Limit one of each item\n|clearpoke\n|poke|p1|Urshifu-*, L50, F|\n|poke|p1|Chien-Pao, L50|\n|poke|p1|Rillaboom, L50, M|\n|poke|p1|Farigiraf, L50, M|\n|poke|p1|Baxcalibur, L50, M|\n|poke|p1|Armarouge, L50, F|\n|poke|p2|Lurantis, L50, F|\n|poke|p2|Cresselia, L50, F|\n|poke|p2|Corviknight, L50, F|\n|poke|p2|Clodsire, L50, M|\n|poke|p2|Sylveon, L50, M|\n|poke|p2|Goodra-Hisui, L50, M|\n|teampreview|4\n|inactive|Battle timer is ON: inactive players will automatically lose when time's up. (requested by b8j0l8)\nKilnFirelinkAlt rejected open team sheets.\n|inactive|KilnFirelinkAlt has 60 seconds left.\n|\n|t:|1700814500\n|start\n|switch|p1a: Armarouge|Armarouge, L50, F|100\/100\n|switch|p1b: Rillaboom|Rillaboom, L50, M|100\/100\n|switch|p2a: Lurantis|Lurantis, L50, F|100\/100\n|switch|p2b: Corviknight|Corviknight, L50, F|100\/100\n|-fieldstart|move: Grassy Terrain|[from] ability: Grassy Surge|[of] p1b: Rillaboom\n|turn|1\n|inactive|KilnFirelinkAlt has 30 seconds left.\n|\n|t:|1700814529\n|-terastallize|p2a: Lurantis|Fire\n|move|p1b: Rillaboom|Fake Out|p2a: Lurantis\n|-damage|p2a: Lurantis|87\/100\n|move|p1a: Armarouge|Armor Cannon|p2b: Corviknight\n|-supereffective|p2b: Corviknight\n|-damage|p2b: Corviknight|0 fnt\n|-unboost|p1a: Armarouge|def|1\n|-unboost|p1a: Armarouge|spd|1\n|faint|p2b: Corviknight\n|cant|p2a: Lurantis|flinch\n|\n|-heal|p2a: Lurantis|94\/100|[from] Grassy Terrain\n|upkeep\n|\n|t:|1700814541\n|switch|p2b: Clodsire|Clodsire, L50, M|100\/100\n|turn|2\n|\n|t:|1700814560\n|move|p1b: Rillaboom|Wood Hammer|p2b: Clodsire\n|-damage|p2b: Clodsire|47\/100\n|-damage|p1b: Rillaboom|78\/100|[from] Recoil\n|move|p1a: Armarouge|Armor Cannon|p2b: Clodsire\n|-damage|p2b: Clodsire|0 fnt\n|-unboost|p1a: Armarouge|def|1\n|-unboost|p1a: Armarouge|spd|1\n|faint|p2b: Clodsire\n|move|p2a: Lurantis|Superpower|p1a: Armarouge\n|-resisted|p1a: Armarouge\n|-damage|p1a: Armarouge|74\/100\n|-boost|p2a: Lurantis|atk|1\n|-boost|p2a: Lurantis|def|1\n|\n|-heal|p1b: Rillaboom|84\/100|[from] Grassy Terrain\n|-heal|p1a: Armarouge|80\/100|[from] Grassy Terrain\n|-heal|p2a: Lurantis|99\/100|[from] Grassy Terrain\n|upkeep\n|\n|t:|1700814576\n|switch|p2b: Cresselia|Cresselia, L50, F|100\/100\n|turn|3\n|\n|t:|1700814584\n|move|p1b: Rillaboom|Knock Off|p2b: Cresselia\n|-supereffective|p2b: Cresselia\n|-damage|p2b: Cresselia|59\/100\n|-enditem|p2b: Cresselia|Leftovers|[from] move: Knock Off|[of] p1b: Rillaboom\n|move|p1a: Armarouge|Armor Cannon|p2b: Cresselia\n|-damage|p2b: Cresselia|19\/100\n|-unboost|p1a: Armarouge|def|1\n|-unboost|p1a: Armarouge|spd|1\n|move|p2a: Lurantis|Superpower|p1a: Armarouge\n|-resisted|p1a: Armarouge\n|-damage|p1a: Armarouge|29\/100\n|-boost|p2a: Lurantis|atk|1\n|-boost|p2a: Lurantis|def|1\n|move|p2b: Cresselia|Trick Room|p2b: Cresselia\n|-fieldstart|move: Trick Room|[of] p2b: Cresselia\n|\n|-heal|p2a: Lurantis|100\/100|[from] Grassy Terrain\n|-heal|p1a: Armarouge|36\/100|[from] Grassy Terrain\n|-heal|p1b: Rillaboom|90\/100|[from] Grassy Terrain\n|upkeep\n|turn|4\n|\n|t:|1700814603\n|move|p1b: Rillaboom|Grassy Glide|p2b: Cresselia\n|-damage|p2b: Cresselia|0 fnt\n|faint|p2b: Cresselia\n|move|p2a: Lurantis|Superpower|p1a: Armarouge\n|-resisted|p1a: Armarouge\n|-damage|p1a: Armarouge|0 fnt\n|-boost|p2a: Lurantis|atk|1\n|-boost|p2a: Lurantis|def|1\n|faint|p1a: Armarouge\n|\n|-heal|p1b: Rillaboom|96\/100|[from] Grassy Terrain\n|upkeep\n|\n|t:|1700814614\n|switch|p1a: Urshifu|Urshifu-Rapid-Strike, L50, F|100\/100\n|turn|5\n|\n|t:|1700814624\n|move|p2a: Lurantis|Leaf Storm|p1a: Urshifu\n|-supereffective|p1a: Urshifu\n|-damage|p1a: Urshifu|0 fnt\n|-boost|p2a: Lurantis|spa|2\n|faint|p1a: Urshifu\n|move|p1b: Rillaboom|Wood Hammer|p2a: Lurantis\n|-resisted|p2a: Lurantis\n|-damage|p2a: Lurantis|86\/100\n|-damage|p1b: Rillaboom|91\/100|[from] Recoil\n|\n|-heal|p2a: Lurantis|92\/100|[from] Grassy Terrain\n|-heal|p1b: Rillaboom|97\/100|[from] Grassy Terrain\n|-fieldend|move: Grassy Terrain\n|upkeep\n|\n|t:|1700814635\n|switch|p1a: Chien-Pao|Chien-Pao, L50|100\/100\n|-ability|p1a: Chien-Pao|Sword of Ruin\n|turn|6\n|\n|t:|1700814655\n|-terastallize|p1a: Chien-Pao|Poison\n|move|p2a: Lurantis|Superpower|p1a: Chien-Pao\n|-resisted|p1a: Chien-Pao\n|-damage|p1a: Chien-Pao|55\/100\n|-boost|p2a: Lurantis|atk|1\n|-boost|p2a: Lurantis|def|1\n|move|p1b: Rillaboom|Knock Off|p2a: Lurantis\n|-damage|p2a: Lurantis|78\/100\n|-enditem|p2a: Lurantis|Assault Vest|[from] move: Knock Off|[of] p1b: Rillaboom\n|move|p1a: Chien-Pao|Icicle Crash|p2a: Lurantis\n|-resisted|p2a: Lurantis\n|-damage|p2a: Lurantis|70\/100\n|\n|upkeep\n|turn|7\n|inactive|b8j0l8 has 30 seconds left.\n|\n|t:|1700814689\n|move|p1a: Chien-Pao|Sucker Punch|p2a: Lurantis\n|-damage|p2a: Lurantis|56\/100\n|move|p2a: Lurantis|Leech Life|p1b: Rillaboom\n|-supereffective|p1b: Rillaboom\n|-crit|p1b: Rillaboom\n|-damage|p1b: Rillaboom|0 fnt\n|-heal|p2a: Lurantis|100\/100|[from] drain|[of] p1b: Rillaboom\n|faint|p1b: Rillaboom\n|\n|-fieldend|move: Trick Room\n|upkeep\n|turn|8\n|-message|b8j0l8 forfeited.\n|\n|win|KilnFirelinkAlt\n|raw|b8j0l8's rating: 1082 &rarr; <strong>1062<\/strong><br \/>(-20 for losing)\n|raw|KilnFirelinkAlt's rating: 1119 &rarr; <strong>1141<\/strong><br \/>(+22 for winning)\n|l|\u2606b8j0l8\n","uploadtime":1700814704,"views":15,"p1id":"b8j0l8","p2id":"kilnfirelinkalt","formatid":"gen9vgc2023regulatione","rating":1062,"private":0,"password":""}