{"id":"gen9vgc2023regulatione-1988718906","p1":"Bardemis","p2":"olmecssb","format":"[Gen 9] VGC 2023 Regulation E","log":"|j|\u2606Bardemis\n|j|\u2606olmecssb\n|n|\u2606Bardemis|bardemis\n|n|\u2606olmecssb|olmecssb\n|html|View the match progress at <a href=\"\/game-bestof3-gen9vgc2023regulatione-1988718905\">game-bestof3-gen9vgc2023regulatione-1988718905<\/a>\n|t:|1699754498\n|gametype|doubles\n|player|p1|Bardemis|morty|\n|player|p2|olmecssb|misty-gen1rb|\n|teamsize|p1|6\n|teamsize|p2|6\n|gen|9\n|tier|[Gen 9] VGC 2023 Regulation E\n|rule|Species Clause: Limit one of each Pok\u00e9mon\n|rule|Item Clause: Limit one of each item\n|clearpoke\n|poke|p1|Torterra, L50, F|\n|poke|p1|Grimmsnarl, L50, M|\n|poke|p1|Urshifu-*, L50, M|\n|poke|p1|Heatran, L50, F|\n|poke|p1|Roaring Moon, L50|\n|poke|p1|Farigiraf, L50, F|\n|poke|p2|Mimikyu, L50, F|\n|poke|p2|Gothitelle, L50, F|\n|poke|p2|Scream Tail, L50|\n|poke|p2|Heatran, L50, M|\n|poke|p2|Sinistcha, L50|\n|poke|p2|Ogerpon-Wellspring, L50, F|\n|teampreview|4\n|inactive|Battle timer is ON: inactive players will automatically lose when time's up. (requested by Bardemis)\n|j| spork2000\nBardemis has agreed to open team sheets.\n|j| E.Bluemage\nolmecssb has agreed to open team sheets.\n|showteam|p1|Torterra||WhiteHerb|ShellArmor|ShellSmash,WoodHammer,HighHorsepower,Protect|||F|||50|,,,,,Water]Grimmsnarl||LightClay|Prankster|Reflect,LightScreen,SpiritBreak,PartingShot|||M|||50|,,,,,Ghost]Urshifu-Rapid-Strike||MysticWater|UnseenFist|SurgingStrikes,CloseCombat,AquaJet,Protect|||M|||50|,,,,,Water]Heatran||Leftovers|FlashFire|EarthPower,Protect,FlashCannon,HeatWave|||F|||50|,,,,,Grass]Roaring Moon||BoosterEnergy|Protosynthesis|Tailwind,KnockOff,Acrobatics,Protect||||||50|,,,,,Flying]Farigiraf||SafetyGoggles|ArmorTail|Psyshock,DazzlingGleam,Imprison,TrickRoom|||F|||50|,,,,,Fairy\n|showteam|p2|Mimikyu||AguavBerry|Disguise|TrickRoom,PlayRough,Curse,Protect|||F|||50|,,,,,Fire]Gothitelle||SitrusBerry|ShadowTag|FakeOut,Psychic,HealPulse,Protect|||F|||50|,,,,,Fighting]Scream Tail||MentalHerb|Protosynthesis|Protect,PerishSong,Disable,Encore||||||50|,,,,,Dark]Heatran||Leftovers|FlashFire|HeatWave,FlashCannon,IronDefense,Protect|||M|||50|,,,,,Grass]Sinistcha||ShellBell|Hospitality|MatchaGotcha,Protect,CalmMind,StrengthSap||||||50|,,,,,Steel]Ogerpon-Wellspring||WellspringMask|WaterAbsorb|IvyCudgel,HornLeech,SwordsDance,SpikyShield|||F|||50|,,,,,Water\n|inactive|Bardemis has 30 seconds left.\n|inactive|olmecssb has 30 seconds left.\n|\n|t:|1699754553\n|start\n|switch|p1a: Roaring Moon|Roaring Moon, L50|100\/100\n|switch|p1b: Farigiraf|Farigiraf, L50, F, shiny|100\/100\n|switch|p2a: Shrek-pon|Ogerpon-Wellspring, L50, F|100\/100\n|switch|p2b: Chess Board|Gothitelle, L50, F|100\/100\n|-enditem|p1a: Roaring Moon|Booster Energy\n|-activate|p1a: Roaring Moon|ability: Protosynthesis|[fromitem]\n|-start|p1a: Roaring Moon|protosynthesisspe\n|turn|1\n|inactive|Bardemis has 30 seconds left.\n|\n|t:|1699754580\n|move|p1a: Roaring Moon|Tailwind|p1a: Roaring Moon\n|-sidestart|p1: Bardemis|move: Tailwind\n|move|p1b: Farigiraf|Dazzling Gleam|p2a: Shrek-pon|[spread] p2a,p2b\n|-damage|p2a: Shrek-pon|79\/100\n|-damage|p2b: Chess Board|89\/100\n|move|p2a: Shrek-pon|Ivy Cudgel|p1a: Roaring Moon\n|-resisted|p1a: Roaring Moon\n|-damage|p1a: Roaring Moon|63\/100\n|move|p2b: Chess Board|Psychic|p1b: Farigiraf\n|-resisted|p1b: Farigiraf\n|-damage|p1b: Farigiraf|86\/100\n|\n|upkeep\n|turn|2\n|\n|t:|1699754602\n|move|p2b: Chess Board|Protect|p2b: Chess Board\n|-singleturn|p2b: Chess Board|Protect\n|move|p1a: Roaring Moon|Knock Off|p2b: Chess Board\n|-activate|p2b: Chess Board|move: Protect\n|move|p1b: Farigiraf|Dazzling Gleam|p2a: Shrek-pon|[spread] p2a\n|-activate|p2b: Chess Board|move: Protect\n|-damage|p2a: Shrek-pon|57\/100\n|move|p2a: Shrek-pon|Horn Leech|p1b: Farigiraf\n|-damage|p1b: Farigiraf|43\/100\n|-heal|p2a: Shrek-pon|84\/100|[from] drain|[of] p1b: Farigiraf\n|\n|upkeep\n|turn|3\n|inactive|Bardemis has 30 seconds left.\n|\n|t:|1699754631\n|switch|p2b: Ground is lava|Heatran, L50, M|100\/100\n|move|p1a: Roaring Moon|Knock Off|p2b: Ground is lava\n|-damage|p2b: Ground is lava|56\/100\n|-enditem|p2b: Ground is lava|Leftovers|[from] move: Knock Off|[of] p1a: Roaring Moon\n|move|p1b: Farigiraf|Dazzling Gleam|p2a: Shrek-pon|[spread] p2a,p2b\n|-resisted|p2b: Ground is lava\n|-damage|p2a: Shrek-pon|65\/100\n|-damage|p2b: Ground is lava|54\/100\n|move|p2a: Shrek-pon|Swords Dance|p2a: Shrek-pon\n|-boost|p2a: Shrek-pon|atk|2\n|\n|upkeep\n|turn|4\n|inactive|Bardemis has 30 seconds left.\n|\n|t:|1699754660\n|switch|p1b: Heatran|Heatran, L50, F|100\/100\n|switch|p2b: Chess Board|Gothitelle, L50, F|89\/100\n|-terastallize|p1a: Roaring Moon|Flying\n|move|p2a: Shrek-pon|Spiky Shield|p2a: Shrek-pon\n|-singleturn|p2a: Shrek-pon|move: Protect\n|move|p1a: Roaring Moon|Acrobatics|p2a: Shrek-pon\n|-activate|p2a: Shrek-pon|move: Protect\n|-damage|p1a: Roaring Moon|50\/100|[from] Spiky Shield|[of] p2a: Shrek-pon\n|\n|-sideend|p1: Bardemis|move: Tailwind\n|upkeep\n|turn|5\n|\n|t:|1699754675\n|move|p1a: Roaring Moon|Protect|p1a: Roaring Moon\n|-singleturn|p1a: Roaring Moon|Protect\n|move|p2b: Chess Board|Fake Out|p1a: Roaring Moon\n|-activate|p1a: Roaring Moon|move: Protect\n|move|p2a: Shrek-pon|Ivy Cudgel|p1b: Heatran\n|-supereffective|p1b: Heatran\n|-damage|p1b: Heatran|0 fnt\n|faint|p1b: Heatran\n|\n|upkeep\n|\n|t:|1699754684\n|switch|p1b: Farigiraf|Farigiraf, L50, F, shiny|43\/100\n|turn|6\n|\n|t:|1699754698\n|move|p2a: Shrek-pon|Spiky Shield|p2a: Shrek-pon\n|-singleturn|p2a: Shrek-pon|move: Protect\n|move|p1a: Roaring Moon|Tailwind|p1a: Roaring Moon\n|-sidestart|p1: Bardemis|move: Tailwind\n|move|p1b: Farigiraf|Dazzling Gleam|p2a: Shrek-pon|[spread] p2b\n|-activate|p2a: Shrek-pon|move: Protect\n|-damage|p2b: Chess Board|76\/100\n|move|p2b: Chess Board|Psychic|p1a: Roaring Moon\n|-damage|p1a: Roaring Moon|22\/100\n|\n|upkeep\n|turn|7\n|\n|t:|1699754714\n|switch|p2a: Ground is lava|Heatran, L50, M|54\/100\n|move|p1a: Roaring Moon|Acrobatics|p2a: Ground is lava\n|-resisted|p2a: Ground is lava\n|-damage|p2a: Ground is lava|30\/100\n|move|p1b: Farigiraf|Psyshock|p2a: Ground is lava\n|-resisted|p2a: Ground is lava\n|-damage|p2a: Ground is lava|15\/100\n|move|p2b: Chess Board|Psychic|p1a: Roaring Moon\n|-damage|p1a: Roaring Moon|0 fnt\n|faint|p1a: Roaring Moon\n|-end|p1a: Roaring Moon|Protosynthesis|[silent]\n|\n|upkeep\n|\n|t:|1699754725\n|switch|p1a: Torterra|Torterra, L50, F|100\/100\n|turn|8\n|\n|t:|1699754740\n|move|p1a: Torterra|Protect|p1a: Torterra\n|-singleturn|p1a: Torterra|Protect\n|move|p1b: Farigiraf|Dazzling Gleam|p2a: Ground is lava|[spread] p2a,p2b\n|-resisted|p2a: Ground is lava\n|-damage|p2a: Ground is lava|13\/100\n|-damage|p2b: Chess Board|64\/100\n|move|p2a: Ground is lava|Heat Wave|p1b: Farigiraf|[spread] p1b\n|-activate|p1a: Torterra|move: Protect\n|-damage|p1b: Farigiraf|13\/100\n|-status|p1b: Farigiraf|brn\n|move|p2b: Chess Board|Psychic|p1b: Farigiraf\n|-resisted|p1b: Farigiraf\n|-damage|p1b: Farigiraf|0 fnt\n|faint|p1b: Farigiraf\n|\n|upkeep\n|turn|9\n|\n|t:|1699754759\n|switch|p2b: Broken Neck|Mimikyu, L50, F|100\/100\n|move|p1a: Torterra|High Horsepower|p2a: Ground is lava\n|-supereffective|p2a: Ground is lava\n|-damage|p2a: Ground is lava|0 fnt\n|faint|p2a: Ground is lava\n|\n|-sideend|p1: Bardemis|move: Tailwind\n|upkeep\n|\n|t:|1699754765\n|switch|p2a: Chess Board|Gothitelle, L50, F|64\/100\n|turn|10\n|\n|t:|1699754768\n|move|p1a: Torterra|Protect|p1a: Torterra\n|-singleturn|p1a: Torterra|Protect\n|move|p2a: Chess Board|Fake Out|p1a: Torterra\n|-activate|p1a: Torterra|move: Protect\n|move|p2b: Broken Neck|Curse|p1a: Torterra\n|-start|p1a: Torterra|Curse|[of] p2b: Broken Neck\n|-damage|p2b: Broken Neck|50\/100\n|\n|-damage|p1a: Torterra|76\/100|[from] Curse\n|upkeep\n|turn|11\n|\n|t:|1699754783\n|switch|p2a: Shrek-pon|Ogerpon-Wellspring, L50, F|65\/100\n|move|p2b: Broken Neck|Protect|p2b: Broken Neck\n|-singleturn|p2b: Broken Neck|Protect\n|move|p1a: Torterra|Shell Smash|p1a: Torterra\n|-unboost|p1a: Torterra|def|1\n|-unboost|p1a: Torterra|spd|1\n|-boost|p1a: Torterra|atk|2\n|-boost|p1a: Torterra|spa|2\n|-boost|p1a: Torterra|spe|2\n|-enditem|p1a: Torterra|White Herb\n|-clearnegativeboost|p1a: Torterra|[silent]\n|\n|-damage|p1a: Torterra|51\/100|[from] Curse\n|upkeep\n|turn|12\n|\n|t:|1699754803\n|move|p2a: Shrek-pon|Spiky Shield|p2a: Shrek-pon\n|-singleturn|p2a: Shrek-pon|move: Protect\n|move|p1a: Torterra|Wood Hammer|p2a: Shrek-pon\n|-activate|p2a: Shrek-pon|move: Protect\n|-damage|p1a: Torterra|39\/100|[from] Spiky Shield|[of] p2a: Shrek-pon\n|move|p2b: Broken Neck|Trick Room|p2b: Broken Neck\n|-fieldstart|move: Trick Room|[of] p2b: Broken Neck\n|\n|-damage|p1a: Torterra|14\/100|[from] Curse\n|upkeep\n|turn|13\n|\n|t:|1699754819\n|move|p2b: Broken Neck|Protect|p2b: Broken Neck\n|-singleturn|p2b: Broken Neck|Protect\n|move|p1a: Torterra|Protect|p1a: Torterra\n|-singleturn|p1a: Torterra|Protect\n|move|p2a: Shrek-pon|Ivy Cudgel|p1a: Torterra\n|-activate|p1a: Torterra|move: Protect\n|\n|-damage|p1a: Torterra|0 fnt|[from] Curse\n|faint|p1a: Torterra\n|\n|win|olmecssb\n|upkeep\n|inactive|Bardemis has 50 seconds to confirm battle start!\n|inactive|olmecssb has 50 seconds to confirm battle start!\n","uploadtime":1699754832,"views":42,"p1id":"bardemis","p2id":"olmecssb","formatid":"gen9vgc2023regulatione","rating":0,"private":0,"password":""}