{"id":"gen9vgc2023regulatione-1988750151","p1":"thdfgdfgsdghdfg","p2":"Spler","format":"[Gen 9] VGC 2023 Regulation E","log":"|j|\u2606thdfgdfgsdghdfg\n|j|\u2606Spler\n|t:|1699758330\n|gametype|doubles\n|player|p1|thdfgdfgsdghdfg|unknownf|1527\n|player|p2|Spler|1|1442\n|teamsize|p1|6\n|teamsize|p2|6\n|gen|9\n|tier|[Gen 9] VGC 2023 Regulation E\n|rated|\n|rule|Species Clause: Limit one of each Pok\u00e9mon\n|rule|Item Clause: Limit one of each item\n|clearpoke\n|poke|p1|Rillaboom, L50, F|\n|poke|p1|Flutter Mane, L50|\n|poke|p1|Urshifu-*, L50, M|\n|poke|p1|Tornadus, L50, M|\n|poke|p1|Chi-Yu, L50|\n|poke|p1|Landorus-Therian, L50, M|\n|poke|p2|Ninetales-Alola, L50, F|\n|poke|p2|Arcanine-Hisui, L50, F|\n|poke|p2|Sinistcha, L50|\n|poke|p2|Ogerpon-Wellspring, L50, F|\n|poke|p2|Chien-Pao, L50|\n|poke|p2|Iron Bundle, L50|\n|teampreview|4\n|inactive|Battle timer is ON: inactive players will automatically lose when time's up. (requested by Spler)\nSpler rejected open team sheets.\n|\n|t:|1699758357\n|start\n|switch|p1a: Chi-Yu|Chi-Yu, L50|100\/100\n|switch|p1b: Tornadus|Tornadus, L50, M|100\/100\n|switch|p2a: Arcanine|Arcanine-Hisui, L50, F|100\/100\n|switch|p2b: Iron Bundle|Iron Bundle, L50|100\/100\n|-ability|p1a: Chi-Yu|Beads of Ruin\n|-ability|p2a: Arcanine|Intimidate|boost\n|-unboost|p1a: Chi-Yu|atk|1\n|-unboost|p1b: Tornadus|atk|1\n|-enditem|p2b: Iron Bundle|Booster Energy\n|-activate|p2b: Iron Bundle|ability: Quark Drive|[fromitem]\n|-start|p2b: Iron Bundle|quarkdrivespe\n|turn|1\n|inactive|thdfgdfgsdghdfg has 30 seconds left.\n|inactive|thdfgdfgsdghdfg has 20 seconds left.\n|inactive|thdfgdfgsdghdfg has 15 seconds left.\n|\n|t:|1699758401\n|-terastallize|p1a: Chi-Yu|Ghost\n|move|p2b: Iron Bundle|Protect|p2b: Iron Bundle\n|-singleturn|p2b: Iron Bundle|Protect\n|move|p1b: Tornadus|Tailwind|p1b: Tornadus\n|-sidestart|p1: thdfgdfgsdghdfg|move: Tailwind\n|move|p1a: Chi-Yu|Heat Wave|p2a: Arcanine|[spread] p2a\n|-activate|p2b: Iron Bundle|move: Protect\n|-resisted|p2a: Arcanine\n|-damage|p2a: Arcanine|80\/100\n|move|p2a: Arcanine|Rock Slide|p1b: Tornadus|[spread] p1a\n|-miss|p2a: Arcanine|p1b: Tornadus\n|-damage|p1a: Chi-Yu|33\/100\n|\n|upkeep\n|turn|2\n|inactive|thdfgdfgsdghdfg has 30 seconds left.\n|inactive|Spler has 30 seconds left.\n|\n|t:|1699758428\n|switch|p1b: Urshifu|Urshifu-Rapid-Strike, L50, M|100\/100\n|move|p2b: Iron Bundle|Protect|p2b: Iron Bundle\n|-singleturn|p2b: Iron Bundle|Protect\n|move|p1a: Chi-Yu|Heat Wave|p2b: Iron Bundle|[spread] p2a\n|-activate|p2b: Iron Bundle|move: Protect\n|-resisted|p2a: Arcanine\n|-damage|p2a: Arcanine|60\/100\n|move|p2a: Arcanine|Rock Slide|p1b: Urshifu|[spread] p1a,p1b\n|-resisted|p1b: Urshifu\n|-damage|p1a: Chi-Yu|0 fnt\n|-damage|p1b: Urshifu|78\/100\n|faint|p1a: Chi-Yu\n|\n|upkeep\n|\n|t:|1699758443\n|switch|p1a: Flutter Mane|Flutter Mane, L50|100\/100\n|-enditem|p1a: Flutter Mane|Booster Energy\n|-activate|p1a: Flutter Mane|ability: Protosynthesis|[fromitem]\n|-start|p1a: Flutter Mane|protosynthesisspe\n|turn|3\n|\n|t:|1699758467\n|move|p1a: Flutter Mane|Moonblast|p2b: Iron Bundle\n|-damage|p2b: Iron Bundle|23\/100\n|move|p1b: Urshifu|Close Combat|p2a: Arcanine\n|-supereffective|p2a: Arcanine\n|-damage|p2a: Arcanine|0 fnt\n|-unboost|p1b: Urshifu|def|1\n|-unboost|p1b: Urshifu|spd|1\n|faint|p2a: Arcanine\n|move|p2b: Iron Bundle|Blizzard|p1a: Flutter Mane|[spread] p1a,p1b\n|-resisted|p1b: Urshifu\n|-damage|p1a: Flutter Mane|64\/100\n|-damage|p1b: Urshifu|35\/100\n|\n|upkeep\n|\n|t:|1699758483\n|switch|p2a: Chien-Pao|Chien-Pao, L50|100\/100\n|-ability|p2a: Chien-Pao|Sword of Ruin\n|turn|4\n|inactive|Spler has 30 seconds left.\n|\n|t:|1699758513\n|-terastallize|p2a: Chien-Pao|Dark\n|move|p1a: Flutter Mane|Protect|p1a: Flutter Mane\n|-singleturn|p1a: Flutter Mane|Protect\n|move|p2a: Chien-Pao|Sucker Punch||[still]\n|-fail|p2a: Chien-Pao\n|move|p1b: Urshifu|Close Combat|p2b: Iron Bundle\n|-supereffective|p2b: Iron Bundle\n|-damage|p2b: Iron Bundle|0 fnt\n|-unboost|p1b: Urshifu|def|1\n|-unboost|p1b: Urshifu|spd|1\n|faint|p2b: Iron Bundle\n|-end|p2b: Iron Bundle|Quark Drive|[silent]\n|\n|-sideend|p1: thdfgdfgsdghdfg|move: Tailwind\n|upkeep\n|\n|t:|1699758527\n|switch|p2b: Ogerpon|Ogerpon-Wellspring, L50, F|100\/100\n|turn|5\n|inactive|thdfgdfgsdghdfg has 30 seconds left.\n|inactive|thdfgdfgsdghdfg has 20 seconds left.\n|inactive|thdfgdfgsdghdfg has 15 seconds left.\n|inactive|thdfgdfgsdghdfg has 10 seconds left.\n|inactive|Spler has 30 seconds left.\n|inactive|thdfgdfgsdghdfg has 5 seconds left.\n|inactive|Spler has 20 seconds left.\n|inactive|Spler has 15 seconds left.\n|\n|t:|1699758590\n|-end|p1a: Flutter Mane|Protosynthesis|[silent]\n|switch|p1a: Tornadus|Tornadus, L50, M|100\/100\n|move|p2a: Chien-Pao|Sucker Punch|p1b: Urshifu\n|-resisted|p1b: Urshifu\n|-damage|p1b: Urshifu|0 fnt\n|faint|p1b: Urshifu\n|move|p2b: Ogerpon|Ivy Cudgel|p1a: Tornadus\n|-damage|p1a: Tornadus|0 fnt\n|faint|p1a: Tornadus\n|\n|upkeep\n|\n|t:|1699758598\n|switch|p1a: Flutter Mane|Flutter Mane, L50|64\/100\n|turn|6\n|-message|thdfgdfgsdghdfg forfeited.\n|\n|win|Spler\n|raw|thdfgdfgsdghdfg's rating: 1527 &rarr; <strong>1502<\/strong><br \/>(-25 for losing)\n|raw|Spler's rating: 1442 &rarr; <strong>1467<\/strong><br \/>(+25 for winning)\n|l|\u2606thdfgdfgsdghdfg\n","uploadtime":1699758609,"views":13,"p1id":"thdfgdfgsdghdfg","p2id":"spler","formatid":"gen9vgc2023regulatione","rating":1467,"private":0,"password":""}