{"id":"gen9vgc2023regulatione-1992788672","p1":"KenJay^^","p2":"Prf.Anu","format":"[Gen 9] VGC 2023 Regulation E","log":"|j|\u2606KenJay^^\n|j|\u2606Prf.Anu\n|t:|1700235538\n|gametype|doubles\n|player|p1|KenJay^^|2|1140\n|player|p2|Prf.Anu|unknown|1060\n|teamsize|p1|6\n|teamsize|p2|6\n|gen|9\n|tier|[Gen 9] VGC 2023 Regulation E\n|rated|\n|rule|Species Clause: Limit one of each Pok\u00e9mon\n|rule|Item Clause: Limit one of each item\n|clearpoke\n|poke|p1|Glastrier, L50|\n|poke|p1|Spectrier, L50|\n|poke|p1|Regieleki, L50|\n|poke|p1|Ogerpon-Hearthflame, L50, F|\n|poke|p1|Zapdos-Galar, L50|\n|poke|p1|Hatterene, L50, F|\n|poke|p2|Tornadus, L50, M|\n|poke|p2|Indeedee-F, L50, F|\n|poke|p2|Chi-Yu, L50|\n|poke|p2|Flutter Mane, L50|\n|poke|p2|Iron Hands, L50|\n|poke|p2|Rillaboom, L50, F|\n|teampreview|4\nPrf.Anu rejected open team sheets.\n|\n|t:|1700235573\n|start\n|switch|p1a: Spectrier|Spectrier, L50|100\/100\n|switch|p1b: Regieleki|Regieleki, L50|100\/100\n|switch|p2a: Tornadus|Tornadus, L50, M, shiny|100\/100\n|switch|p2b: Flutter Mane|Flutter Mane, L50, shiny|100\/100\n|-enditem|p2b: Flutter Mane|Booster Energy\n|-activate|p2b: Flutter Mane|ability: Protosynthesis|[fromitem]\n|-start|p2b: Flutter Mane|protosynthesisspa\n|turn|1\n|\n|t:|1700235593\n|-terastallize|p2a: Tornadus|Ground\n|move|p1a: Spectrier|Protect|p1a: Spectrier\n|-singleturn|p1a: Spectrier|Protect\n|move|p2a: Tornadus|Tailwind|p2a: Tornadus\n|-sidestart|p2: Prf.Anu|move: Tailwind\n|move|p2b: Flutter Mane|Dazzling Gleam|p1a: Spectrier|[spread] p1b\n|-activate|p1a: Spectrier|move: Protect\n|-damage|p1b: Regieleki|17\/100\n|move|p1b: Regieleki|Light Screen|p1b: Regieleki\n|-sidestart|p1: KenJay^^|move: Light Screen\n|\n|upkeep\n|turn|2\n|\n|t:|1700235614\n|move|p2a: Tornadus|Sunny Day|p2a: Tornadus\n|-weather|SunnyDay\n|move|p2b: Flutter Mane|Dazzling Gleam|p1a: Spectrier|[spread] p1a,p1b\n|-damage|p1a: Spectrier|65\/100\n|-damage|p1b: Regieleki|0 fnt\n|faint|p1b: Regieleki\n|move|p1a: Spectrier|Shadow Ball|p2b: Flutter Mane\n|-supereffective|p2b: Flutter Mane\n|-damage|p2b: Flutter Mane|9\/100\n|-unboost|p2b: Flutter Mane|spd|1\n|\n|-weather|SunnyDay|[upkeep]\n|upkeep\n|\n|t:|1700235627\n|switch|p1b: Hatterene|Hatterene, L50, F|100\/100\n|turn|3\n|\n|t:|1700235640\n|-end|p2b: Flutter Mane|Protosynthesis|[silent]\n|switch|p2b: Indeedee|Indeedee-F, L50, F, shiny|100\/100\n|-fieldstart|move: Psychic Terrain|[from] ability: Psychic Surge|[of] p2b: Indeedee\n|switch|p1a: Zapdos|Zapdos-Galar, L50|100\/100\n|move|p2a: Tornadus|Bleakwind Storm|p1a: Zapdos|[spread] p1a,p1b\n|-supereffective|p1a: Zapdos\n|-damage|p1a: Zapdos|45\/100\n|-damage|p1b: Hatterene|75\/100\n|-unboost|p1a: Zapdos|spe|1\n|-ability|p1a: Zapdos|Defiant|boost\n|-boost|p1a: Zapdos|atk|2\n|move|p1b: Hatterene|Dazzling Gleam|p2a: Tornadus|[spread] p2a,p2b\n|-crit|p2b: Indeedee\n|-damage|p2a: Tornadus|56\/100\n|-damage|p2b: Indeedee|56\/100\n|\n|-weather|SunnyDay|[upkeep]\n|-heal|p2b: Indeedee|62\/100|[from] item: Leftovers\n|upkeep\n|turn|4\n|\n|t:|1700235672\n|move|p1a: Zapdos|Protect|p1a: Zapdos\n|-singleturn|p1a: Zapdos|Protect\n|move|p2a: Tornadus|Bleakwind Storm|p1a: Zapdos|[spread] p1b\n|-activate|p1a: Zapdos|move: Protect\n|-damage|p1b: Hatterene|47\/100\n|-enditem|p1b: Hatterene|Sitrus Berry|[eat]\n|-heal|p1b: Hatterene|72\/100|[from] item: Sitrus Berry\n|move|p2b: Indeedee|Hyper Voice|p1b: Hatterene|[spread] p1b\n|-activate|p1a: Zapdos|move: Protect\n|-damage|p1b: Hatterene|51\/100\n|move|p1b: Hatterene|Trick Room|p1b: Hatterene\n|-fieldstart|move: Trick Room|[of] p1b: Hatterene\n|\n|-weather|SunnyDay|[upkeep]\n|-heal|p2b: Indeedee|68\/100|[from] item: Leftovers\n|-sideend|p2: Prf.Anu|move: Tailwind\n|upkeep\n|turn|5\n|\n|t:|1700235697\n|switch|p2a: Flutter Mane|Flutter Mane, L50, shiny|9\/100\n|-activate|p2a: Flutter Mane|ability: Protosynthesis\n|-start|p2a: Flutter Mane|protosynthesisspa\n|move|p1b: Hatterene|Psychic|p2a: Flutter Mane\n|-damage|p2a: Flutter Mane|0 fnt\n|faint|p2a: Flutter Mane\n|-end|p2a: Flutter Mane|Protosynthesis|[silent]\n|move|p2b: Indeedee|Psychic|p1a: Zapdos\n|-supereffective|p1a: Zapdos\n|-damage|p1a: Zapdos|0 fnt\n|faint|p1a: Zapdos\n|\n|-weather|SunnyDay|[upkeep]\n|-heal|p2b: Indeedee|73\/100|[from] item: Leftovers\n|upkeep\n|\n|t:|1700235712\n|switch|p1a: Spectrier|Spectrier, L50|65\/100\n|switch|p2a: Tornadus|Tornadus, L50, M, shiny, tera:Ground|56\/100\n|turn|6\n|\n|t:|1700235733\n|-terastallize|p1a: Spectrier|Dark\n|move|p2a: Tornadus|Protect|p2a: Tornadus\n|-singleturn|p2a: Tornadus|Protect\n|move|p1b: Hatterene|Dazzling Gleam|p2a: Tornadus|[spread] p2b\n|-activate|p2a: Tornadus|move: Protect\n|-damage|p2b: Indeedee|46\/100\n|move|p2b: Indeedee|Hyper Voice|p1a: Spectrier|[spread] p1a,p1b\n|-damage|p1a: Spectrier|42\/100\n|-damage|p1b: Hatterene|32\/100\n|move|p1a: Spectrier|Shadow Ball|p2a: Tornadus\n|-activate|p2a: Tornadus|move: Protect\n|\n|-weather|none\n|-heal|p2b: Indeedee|51\/100|[from] item: Leftovers\n|upkeep\n|turn|7\n|\n|t:|1700235754\n|move|p2a: Tornadus|Tailwind|p2a: Tornadus\n|-sidestart|p2: Prf.Anu|move: Tailwind\n|move|p1b: Hatterene|Dazzling Gleam|p2b: Indeedee|[spread] p2a,p2b\n|-damage|p2a: Tornadus|14\/100\n|-damage|p2b: Indeedee|20\/100\n|move|p1a: Spectrier|Shadow Ball|p2a: Tornadus\n|-damage|p2a: Tornadus|0 fnt\n|faint|p2a: Tornadus\n|-ability|p1a: Spectrier|Grim Neigh|boost\n|-boost|p1a: Spectrier|spa|1\n|move|p2b: Indeedee|Psychic|p1b: Hatterene\n|-resisted|p1b: Hatterene\n|-damage|p1b: Hatterene|16\/100\n|-unboost|p1b: Hatterene|spd|1\n|\n|-heal|p2b: Indeedee|26\/100|[from] item: Leftovers\n|-fieldend|move: Psychic Terrain\n|upkeep\n|\n|t:|1700235769\n|switch|p2a: Chi-Yu|Chi-Yu, L50|100\/100\n|-ability|p2a: Chi-Yu|Beads of Ruin\n|turn|8\n|\n|t:|1700235783\n|move|p2b: Indeedee|Follow Me|p2b: Indeedee\n|-singleturn|p2b: Indeedee|move: Follow Me\n|move|p1b: Hatterene|Dazzling Gleam|p2b: Indeedee|[spread] p2a,p2b\n|-damage|p2a: Chi-Yu|68\/100\n|-damage|p2b: Indeedee|0 fnt\n|faint|p2b: Indeedee\n|move|p1a: Spectrier|Psychic|p2a: Chi-Yu\n|-immune|p2a: Chi-Yu\n|move|p2a: Chi-Yu|Heat Wave|p1a: Spectrier|[spread] p1a,p1b\n|-damage|p1a: Spectrier|0 fnt\n|-damage|p1b: Hatterene|0 fnt\n|faint|p1a: Spectrier\n|faint|p1b: Hatterene\n|\n|win|Prf.Anu\n|raw|KenJay^^'s rating: 1140 &rarr; <strong>1109<\/strong><br \/>(-31 for losing)\n|raw|Prf.Anu's rating: 1060 &rarr; <strong>1098<\/strong><br \/>(+38 for winning)\n","uploadtime":1700235925,"views":12,"p1id":"kenjay","p2id":"prfanu","formatid":"gen9vgc2023regulatione","rating":1098,"private":0,"password":""}