{"id":"gen9vgc2023regulatione-1994729944","p1":"KasperOfHoenn","p2":"a wild Rez","format":"[Gen 9] VGC 2023 Regulation E","log":"|j|\u2606KasperOfHoenn\n|j|\u2606a wild Rez\n|t:|1700486662\n|gametype|doubles\n|player|p1|KasperOfHoenn|red|\n|player|p2|a wild Rez|rose-zerosuit|\n|teamsize|p1|6\n|teamsize|p2|6\n|gen|9\n|tier|[Gen 9] VGC 2023 Regulation E\n|rated|Tournament battle\n|rule|Species Clause: Limit one of each Pok\u00e9mon\n|rule|Item Clause: Limit one of each item\n|clearpoke\n|poke|p1|Dusclops, L50, M|\n|poke|p1|Ursaluna-Bloodmoon, L50, M|\n|poke|p1|Tornadus, L50, M|\n|poke|p1|Roaring Moon, L50|\n|poke|p1|Chi-Yu, L50|\n|poke|p1|Rillaboom, L50, M|\n|poke|p2|Crabominable, L50, M|\n|poke|p2|Farigiraf, L50, M|\n|poke|p2|Torkoal, L50, F|\n|poke|p2|Lilligant-Hisui, L50, F|\n|poke|p2|Iron Hands, L50|\n|poke|p2|Flutter Mane, L50|\n|teampreview|4\n|showteam|p1|Dusclops||Eviolite|Pressure|WillOWisp,TrickRoom,PainSplit,BrickBreak|||M|||50|,,,,,Dark]Ursaluna-Bloodmoon||WeaknessPolicy|MindsEye|EarthPower,Protect,HyperVoice,BloodMoon|||M|||50|,,,,,Normal]Tornadus||CovertCloak|Prankster|BleakwindStorm,Tailwind,Protect,SunnyDay|||M|||50|,,,,,Dragon]Roaring Moon||ClearAmulet|Protosynthesis|Roost,DragonDance,KnockOff,BreakingSwipe||||||50|,,,,,Fairy]Chi-Yu||ChoiceSpecs|BeadsofRuin|Overheat,DarkPulse,HeatWave,Snarl||||||50|,,,,,Ghost]Rillaboom||LifeOrb|GrassySurge|FakeOut,GrassyGlide,WoodHammer,HighHorsepower|||M|||50|,,,,,Grass\n|showteam|p2|Crabominable||SafetyGoggles|IronFist|IceHammer,CloseCombat,WideGuard,Crabhammer|||M|||50|,,,,,Water]Farigiraf||SitrusBerry|ArmorTail|TrickRoom,Psychic,DazzlingGleam,Protect|||M|||50|,,,,,Fairy]Torkoal||Charcoal|Drought|Eruption,HeatWave,EarthPower,Protect|||F|||50|,,,,,Fire]Lilligant-Hisui||FocusSash|Chlorophyll|CloseCombat,SleepPowder,AfterYou,SolarBlade|||F|||50|,,,,,Ghost]Iron Hands||AssaultVest|QuarkDrive|WildCharge,HeavySlam,FakeOut,DrainPunch||||||50|,,,,,Grass]Flutter Mane||ChoiceSpecs|Protosynthesis|Moonblast,ShadowBall,DazzlingGleam,PowerGem||||||50|,,,,,Fairy\n|j| L1Lmacncheese\n|c|\u2606a wild Rez|glhf\n|c|\u2606KasperOfHoenn|glhf\n|j| LifeOrbPex\n|inactive|Battle timer is ON: inactive players will automatically lose when time's up. (requested by KasperOfHoenn)\n|l| LifeOrbPex\n|j| maxdeesevgc\n|inactive|KasperOfHoenn has 60 seconds left.\n|inactive|a wild Rez has 60 seconds left.\n|j|+crystalninetales\n|inactive|KasperOfHoenn has 30 seconds left.\n|inactive|KasperOfHoenn has 20 seconds left.\n|inactive|KasperOfHoenn has 15 seconds left.\n|inactive|KasperOfHoenn has 10 seconds left.\n|inactive|KasperOfHoenn has 5 seconds left.\n|\n|t:|1700486761\n|start\n|switch|p1a: Rillaboom|Rillaboom, L50, M|100\/100\n|switch|p1b: Ursaluna|Ursaluna-Bloodmoon, L50, M|100\/100\n|switch|p2a: Lilligant|Lilligant-Hisui, L50, F|100\/100\n|switch|p2b: Torkoal|Torkoal, L50, F|100\/100\n|-fieldstart|move: Grassy Terrain|[from] ability: Grassy Surge|[of] p1a: Rillaboom\n|-weather|SunnyDay|[from] ability: Drought|[of] p2b: Torkoal\n|turn|1\n|\n|t:|1700486777\n|-terastallize|p2a: Lilligant|Ghost\n|move|p1b: Ursaluna|Protect|p1b: Ursaluna\n|-singleturn|p1b: Ursaluna|Protect\n|move|p2b: Torkoal|Protect|p2b: Torkoal\n|-singleturn|p2b: Torkoal|Protect\n|move|p2a: Lilligant|Sleep Powder|p1b: Ursaluna\n|-activate|p1b: Ursaluna|move: Protect\n|move|p1a: Rillaboom|High Horsepower|p2b: Torkoal\n|-activate|p2b: Torkoal|move: Protect\n|\n|-weather|SunnyDay|[upkeep]\n|upkeep\n|turn|2\n|\n|t:|1700486795\n|-terastallize|p1b: Ursaluna|Normal\n|move|p2a: Lilligant|After You|p2b: Torkoal\n|-activate|p2b: Torkoal|move: After You\n|move|p2b: Torkoal|Eruption|p1b: Ursaluna|[spread] p1a,p1b\n|-supereffective|p1a: Rillaboom\n|-damage|p1a: Rillaboom|0 fnt\n|-damage|p1b: Ursaluna|0 fnt\n|faint|p1a: Rillaboom\n|faint|p1b: Ursaluna\n|\n|-weather|SunnyDay|[upkeep]\n|upkeep\n|\n|t:|1700486803\n|switch|p1a: Roaring Moon|Roaring Moon, L50, shiny|100\/100\n|switch|p1b: Chi-Yu|Chi-Yu, L50|100\/100\n|-ability|p1b: Chi-Yu|Beads of Ruin\n|-activate|p1a: Roaring Moon|ability: Protosynthesis\n|-start|p1a: Roaring Moon|protosynthesisatk\n|turn|3\n|c|\u2606KasperOfHoenn|hmm\n|inactive|a wild Rez has 30 seconds left.\n|\n|t:|1700486829\n|move|p2a: Lilligant|After You|p2b: Torkoal\n|-activate|p2b: Torkoal|move: After You\n|move|p2b: Torkoal|Earth Power|p1b: Chi-Yu\n|-supereffective|p1b: Chi-Yu\n|-damage|p1b: Chi-Yu|42\/100\n|move|p1b: Chi-Yu|Heat Wave|p2a: Lilligant|[spread] p2a,p2b\n|-resisted|p2b: Torkoal\n|-enditem|p2a: Lilligant|Focus Sash\n|-damage|p2a: Lilligant|1\/100\n|-damage|p2b: Torkoal|26\/100\n|-status|p2a: Lilligant|brn\n|move|p1a: Roaring Moon|Breaking Swipe|p2a: Lilligant|[spread] p2a,p2b\n|-damage|p2a: Lilligant|0 fnt\n|-damage|p2b: Torkoal|5\/100\n|-unboost|p2b: Torkoal|atk|1\n|faint|p2a: Lilligant\n|\n|-weather|SunnyDay|[upkeep]\n|-heal|p1b: Chi-Yu|48\/100|[from] Grassy Terrain\n|-heal|p2b: Torkoal|11\/100|[from] Grassy Terrain\n|upkeep\n|\n|t:|1700486835\n|switch|p2a: Crabominable|Crabominable, L50, M|100\/100\n|turn|4\n|\n|t:|1700486847\n|move|p2a: Crabominable|Wide Guard|p2a: Crabominable\n|-singleturn|p2a: Crabominable|Wide Guard\n|move|p1b: Chi-Yu|Heat Wave|p2a: Crabominable|[spread] \n|-activate|p2a: Crabominable|move: Wide Guard\n|-activate|p2b: Torkoal|move: Wide Guard\n|move|p1a: Roaring Moon|Knock Off|p2a: Crabominable\n|-resisted|p2a: Crabominable\n|-damage|p2a: Crabominable|64\/100\n|-enditem|p2a: Crabominable|Safety Goggles|[from] move: Knock Off|[of] p1a: Roaring Moon\n|move|p2b: Torkoal|Earth Power|p1b: Chi-Yu\n|-supereffective|p1b: Chi-Yu\n|-damage|p1b: Chi-Yu|0 fnt\n|faint|p1b: Chi-Yu\n|\n|-weather|SunnyDay|[upkeep]\n|-heal|p2a: Crabominable|70\/100|[from] Grassy Terrain\n|-heal|p2b: Torkoal|18\/100|[from] Grassy Terrain\n|upkeep\n|turn|5\n|c|\u2606KasperOfHoenn|How did i not notice that move\n|c|\u2606a wild Rez|this team got me to 33rd in Barcelona's MSS\n|c|\u2606a wild Rez|super proud of it\n|c|\u2606a wild Rez|ggs\n|inactive|a wild Rez has 30 seconds left.\n|\n|t:|1700486877\n|move|p1a: Roaring Moon|Breaking Swipe|p2a: Crabominable|[spread] p2a,p2b\n|-damage|p2a: Crabominable|40\/100\n|-damage|p2b: Torkoal|0 fnt\n|-unboost|p2a: Crabominable|atk|1\n|faint|p2b: Torkoal\n|move|p2a: Crabominable|Ice Hammer|p1a: Roaring Moon\n|-supereffective|p1a: Roaring Moon\n|-damage|p1a: Roaring Moon|13\/100\n|-unboost|p2a: Crabominable|spe|1\n|\n|-weather|none\n|-end|p1a: Roaring Moon|Protosynthesis\n|-heal|p1a: Roaring Moon|19\/100|[from] Grassy Terrain\n|-heal|p2a: Crabominable|46\/100|[from] Grassy Terrain\n|-fieldend|move: Grassy Terrain\n|upkeep\n|\n|t:|1700486880\n|switch|p2b: Farigiraf|Farigiraf, L50, M|100\/100\n|turn|6\n|\n|t:|1700486894\n|move|p1a: Roaring Moon|Breaking Swipe|p2b: Farigiraf|[spread] p2a,p2b\n|-damage|p2a: Crabominable|19\/100\n|-damage|p2b: Farigiraf|75\/100\n|-unboost|p2a: Crabominable|atk|1\n|-unboost|p2b: Farigiraf|atk|1\n|move|p2b: Farigiraf|Dazzling Gleam|p1a: Roaring Moon\n|-supereffective|p1a: Roaring Moon\n|-damage|p1a: Roaring Moon|0 fnt\n|faint|p1a: Roaring Moon\n|-end|p1a: Roaring Moon|Protosynthesis|[silent]\n|\n|win|a wild Rez\n|n|\u2606KasperOfHoenn|kasperofhoenn\n|n|\u2606a wild Rez|awildrez\n|n| L1Lmacncheese|l1lmacncheese\n|n| maxdeesevgc|maxdeesevgc\n|n| crystalninetales|crystalninetales\n","uploadtime":1700486895,"views":2,"p1id":"kasperofhoenn","p2id":"awildrez","formatid":"gen9vgc2023regulatione","rating":0,"private":0,"password":""}