{"id":"gen9vgc2023regulatione-1990824880","p1":"carpe_panem","p2":"Drumcat","format":"[Gen 9] VGC 2023 Regulation E","log":"|j|\u2606carpe_panem\n|j|\u2606Drumcat\n|t:|1700004663\n|gametype|doubles\n|player|p1|carpe_panem|169|1106\n|player|p2|Drumcat|1|1104\n|teamsize|p1|6\n|teamsize|p2|6\n|gen|9\n|tier|[Gen 9] VGC 2023 Regulation E\n|rated|\n|rule|Species Clause: Limit one of each Pok\u00e9mon\n|rule|Item Clause: Limit one of each item\n|clearpoke\n|poke|p1|Torterra, L50, F|\n|poke|p1|Grimmsnarl, L50, M|\n|poke|p1|Urshifu-*, L50, F|\n|poke|p1|Cresselia, L50, F|\n|poke|p1|Ursaluna-Bloodmoon, L50, M|\n|poke|p1|Dusclops, L50, F|\n|poke|p2|Clefairy, L50, F|\n|poke|p2|Cetitan, L50, M|\n|poke|p2|Kommo-o, L50, F|\n|poke|p2|Sinistcha-Masterpiece, L50|\n|poke|p2|Landorus-Therian, L50, M|\n|poke|p2|Rillaboom, L50, F|\n|teampreview|4\n|\n|t:|1700004728\n|start\n|switch|p1a: Torterra|Torterra, L50, F|100\/100\n|switch|p1b: Grimmsnarl|Grimmsnarl, L50, M|100\/100\n|switch|p2a: Rillaboom|Rillaboom, L50, F|100\/100\n|switch|p2b: Cetitan|Cetitan, L50, M|100\/100\n|-fieldstart|move: Grassy Terrain|[from] ability: Grassy Surge|[of] p2a: Rillaboom\n|turn|1\n|\n|t:|1700004747\n|move|p2a: Rillaboom|Fake Out|p1a: Torterra\n|-damage|p1a: Torterra|91\/100\n|move|p1b: Grimmsnarl|Reflect|p1b: Grimmsnarl\n|-sidestart|p1: carpe_panem|Reflect\n|move|p2b: Cetitan|Belly Drum|p2b: Cetitan\n|-damage|p2b: Cetitan|50\/100\n|-setboost|p2b: Cetitan|atk|6|[from] move: Belly Drum\n|-enditem|p2b: Cetitan|Sitrus Berry|[eat]\n|-heal|p2b: Cetitan|75\/100|[from] item: Sitrus Berry\n|cant|p1a: Torterra|flinch\n|\n|-heal|p2b: Cetitan|81\/100|[from] Grassy Terrain\n|-heal|p1a: Torterra|97\/100|[from] Grassy Terrain\n|upkeep\n|turn|2\n|\n|t:|1700004797\n|switch|p2a: Kommo-o|Kommo-o, L50, F|100\/100\n|-terastallize|p1a: Torterra|Fairy\n|move|p2b: Cetitan|Ice Shard|p1a: Torterra\n|-damage|p1a: Torterra|61\/100\n|move|p1b: Grimmsnarl|Parting Shot|p2b: Cetitan\n|-unboost|p2b: Cetitan|atk|1\n|-unboost|p2b: Cetitan|spa|1\n|\n|t:|1700004819\n|switch|p1b: Cresselia|Cresselia, L50, F|100\/100|[from] Parting Shot\n|move|p1a: Torterra|Iron Defense|p1a: Torterra\n|-boost|p1a: Torterra|def|2\n|\n|-heal|p2b: Cetitan|87\/100|[from] Grassy Terrain\n|-heal|p1a: Torterra|67\/100|[from] Grassy Terrain\n|upkeep\n|turn|3\n|\n|t:|1700004833\n|move|p2a: Kommo-o|Clangorous Soul|p2a: Kommo-o\n|-boost|p2a: Kommo-o|atk|1\n|-boost|p2a: Kommo-o|def|1\n|-boost|p2a: Kommo-o|spa|1\n|-boost|p2a: Kommo-o|spd|1\n|-boost|p2a: Kommo-o|spe|1\n|-damage|p2a: Kommo-o|68\/100\n|-enditem|p2a: Kommo-o|Throat Spray\n|-boost|p2a: Kommo-o|spa|1|[from] item: Throat Spray\n|move|p2b: Cetitan|Liquidation|p1b: Cresselia\n|-damage|p1b: Cresselia|68\/100\n|move|p1a: Torterra|Iron Defense|p1a: Torterra\n|-boost|p1a: Torterra|def|2\n|move|p1b: Cresselia|Trick Room|p1b: Cresselia\n|-fieldstart|move: Trick Room|[of] p1b: Cresselia\n|\n|-heal|p1a: Torterra|73\/100|[from] Grassy Terrain\n|-heal|p2b: Cetitan|94\/100|[from] Grassy Terrain\n|-heal|p2a: Kommo-o|73\/100|[from] Grassy Terrain\n|upkeep\n|turn|4\n|\n|t:|1700004873\n|switch|p2b: Clefairy|Clefairy, L50, F|100\/100\n|move|p1a: Torterra|Amnesia|p1a: Torterra\n|-boost|p1a: Torterra|spd|2\n|move|p1b: Cresselia|Lunar Blessing|p1b: Cresselia|[spread] p1a,p1b\n|-heal|p1a: Torterra|98\/100\n|-heal|p1b: Cresselia|93\/100\n|move|p2a: Kommo-o|Clangorous Soul|p2a: Kommo-o\n|-boost|p2a: Kommo-o|atk|1\n|-boost|p2a: Kommo-o|def|1\n|-boost|p2a: Kommo-o|spa|1\n|-boost|p2a: Kommo-o|spd|1\n|-boost|p2a: Kommo-o|spe|1\n|-damage|p2a: Kommo-o|40\/100\n|\n|-heal|p1a: Torterra|100\/100|[from] Grassy Terrain\n|-heal|p2a: Kommo-o|46\/100|[from] Grassy Terrain\n|upkeep\n|turn|5\n|\n|t:|1700004908\n|move|p2b: Clefairy|Heal Pulse|p2a: Kommo-o\n|-heal|p2a: Kommo-o|96\/100\n|move|p1a: Torterra|Amnesia|p1a: Torterra\n|-boost|p1a: Torterra|spd|2\n|move|p1b: Cresselia|Calm Mind|p1b: Cresselia\n|-boost|p1b: Cresselia|spa|1\n|-boost|p1b: Cresselia|spd|1\n|move|p2a: Kommo-o|Clangorous Soul|p2a: Kommo-o\n|-boost|p2a: Kommo-o|atk|1\n|-boost|p2a: Kommo-o|def|1\n|-boost|p2a: Kommo-o|spa|1\n|-boost|p2a: Kommo-o|spd|1\n|-boost|p2a: Kommo-o|spe|1\n|-damage|p2a: Kommo-o|64\/100\n|\n|-heal|p2a: Kommo-o|69\/100|[from] Grassy Terrain\n|-fieldend|move: Grassy Terrain\n|upkeep\n|turn|6\n|\n|t:|1700004945\n|switch|p2b: Rillaboom|Rillaboom, L50, F|100\/100\n|-fieldstart|move: Grassy Terrain|[from] ability: Grassy Surge|[of] p2b: Rillaboom\n|move|p1a: Torterra|Body Press|p2a: Kommo-o\n|-crit|p2a: Kommo-o\n|-damage|p2a: Kommo-o|0 fnt\n|faint|p2a: Kommo-o\n|move|p1b: Cresselia|Stored Power|p2b: Rillaboom\n|-damage|p2b: Rillaboom|80\/100\n|\n|-heal|p2b: Rillaboom|86\/100|[from] Grassy Terrain\n|upkeep\n|-message|Drumcat forfeited.\n|\n|win|carpe_panem\n|raw|carpe_panem's rating: 1106 &rarr; <strong>1131<\/strong><br \/>(+25 for winning)\n|raw|Drumcat's rating: 1104 &rarr; <strong>1079<\/strong><br \/>(-25 for losing)\n|l|\u2606Drumcat\n","uploadtime":1700004965,"views":7,"p1id":"carpepanem","p2id":"drumcat","formatid":"gen9vgc2023regulatione","rating":1079,"private":0,"password":""}