{"id":"gen9vgc2023regulatione-1988590642","p1":"It'sJustKen VGC","p2":"Rylanor VGC","format":"[Gen 9] VGC 2023 Regulation E","log":"|j|\u2606It'sJustKen VGC\n|j|\u2606Rylanor VGC\n|t:|1699739498\n|gametype|doubles\n|player|p1|It'sJustKen VGC|turo|1272\n|player|p2|Rylanor VGC|169|1182\n|teamsize|p1|6\n|teamsize|p2|6\n|gen|9\n|tier|[Gen 9] VGC 2023 Regulation E\n|rated|\n|rule|Species Clause: Limit one of each Pok\u00e9mon\n|rule|Item Clause: Limit one of each item\n|clearpoke\n|poke|p1|Ting-Lu, L50|\n|poke|p1|Palafin, L50, F|\n|poke|p1|Pelipper, L50, F|\n|poke|p1|Flutter Mane, L50|\n|poke|p1|Ogerpon-Hearthflame, L50, F|\n|poke|p1|Dragonite, L50, F|\n|poke|p2|Snorlax, L50, M|\n|poke|p2|Sinistcha-Masterpiece, L50|\n|poke|p2|Landorus-Therian, L50, M|\n|poke|p2|Iron Hands, L50|\n|poke|p2|Clefairy, L50, M|\n|poke|p2|Kommo-o, L50, F|\n|teampreview|4\n|inactive|Battle timer is ON: inactive players will automatically lose when time's up. (requested by It'sJustKen VGC)\n|inactive|It'sJustKen VGC has 60 seconds left.\n|\n|t:|1699739534\n|start\n|switch|p1a: Ogerpon|Ogerpon-Hearthflame, L50, F|100\/100\n|switch|p1b: Dragonite|Dragonite, L50, F|100\/100\n|switch|p2a: Kommo-o|Kommo-o, L50, F|100\/100\n|switch|p2b: Clefairy|Clefairy, L50, M|100\/100\n|-ability|p1a: Ogerpon|Mold Breaker\n|turn|1\n|\n|t:|1699739552\n|-terastallize|p1b: Dragonite|Flying\n|move|p1a: Ogerpon|Helping Hand|p1b: Dragonite\n|-singleturn|p1b: Dragonite|Helping Hand|[of] p1a: Ogerpon\n|move|p2b: Clefairy|Follow Me|p2b: Clefairy\n|-singleturn|p2b: Clefairy|move: Follow Me\n|move|p1b: Dragonite|Tera Blast|p2b: Clefairy|[anim] Tera Blast Flying\n|-damage|p2b: Clefairy|0 fnt\n|faint|p2b: Clefairy\n|move|p2a: Kommo-o|Clangorous Soul|p2a: Kommo-o\n|-boost|p2a: Kommo-o|atk|1\n|-boost|p2a: Kommo-o|def|1\n|-boost|p2a: Kommo-o|spa|1\n|-boost|p2a: Kommo-o|spd|1\n|-boost|p2a: Kommo-o|spe|1\n|-damage|p2a: Kommo-o|68\/100\n|-enditem|p2a: Kommo-o|Throat Spray\n|-boost|p2a: Kommo-o|spa|1|[from] item: Throat Spray\n|\n|upkeep\n|inactive|Rylanor VGC has 30 seconds left.\n|\n|t:|1699739578\n|switch|p2b: Sinistcha|Sinistcha-Masterpiece, L50|100\/100\n|-heal|p2a: Kommo-o|93\/100|[from] ability: Hospitality|[of] p2b: Sinistcha\n|turn|2\n|inactive|It'sJustKen VGC has 30 seconds left.\n|\n|t:|1699739610\n|switch|p1a: Ting-Lu|Ting-Lu, L50|100\/100\n|-ability|p1a: Ting-Lu|Vessel of Ruin\n|move|p2b: Sinistcha|Rage Powder|p2b: Sinistcha\n|-singleturn|p2b: Sinistcha|move: Rage Powder\n|move|p2a: Kommo-o|Clangorous Soul|p2a: Kommo-o\n|-boost|p2a: Kommo-o|atk|1\n|-boost|p2a: Kommo-o|def|1\n|-boost|p2a: Kommo-o|spa|1\n|-boost|p2a: Kommo-o|spd|1\n|-boost|p2a: Kommo-o|spe|1\n|-damage|p2a: Kommo-o|60\/100\n|move|p1b: Dragonite|Tera Blast|p2b: Sinistcha|[anim] Tera Blast Flying\n|-supereffective|p2b: Sinistcha\n|-damage|p2b: Sinistcha|0 fnt\n|faint|p2b: Sinistcha\n|\n|upkeep\n|\n|t:|1699739623\n|switch|p2b: Iron Hands|Iron Hands, L50|100\/100\n|turn|3\n|\n|t:|1699739634\n|switch|p1a: Flutter Mane|Flutter Mane, L50|100\/100\n|-terastallize|p2a: Kommo-o|Steel\n|move|p2a: Kommo-o|Clanging Scales|p1a: Flutter Mane|[spread] p1b\n|-immune|p1a: Flutter Mane\n|-damage|p1b: Dragonite|0 fnt\n|faint|p1b: Dragonite\n|-unboost|p2a: Kommo-o|def|1\n|move|p2b: Iron Hands|Drain Punch|p1a: Flutter Mane\n|-immune|p1a: Flutter Mane\n|\n|upkeep\n|\n|t:|1699739653\n|switch|p1b: Ogerpon|Ogerpon-Hearthflame, L50, F|100\/100\n|-ability|p1b: Ogerpon|Mold Breaker\n|turn|4\n|\n|t:|1699739660\n|-end|p1a: Flutter Mane|Protosynthesis|[silent]\n|switch|p1a: Ting-Lu|Ting-Lu, L50|100\/100\n|-ability|p1a: Ting-Lu|Vessel of Ruin\n|move|p2a: Kommo-o|Protect|p2a: Kommo-o\n|-singleturn|p2a: Kommo-o|Protect\n|move|p1b: Ogerpon|Ivy Cudgel|p2a: Kommo-o\n|-activate|p2a: Kommo-o|move: Protect\n|move|p2b: Iron Hands|Heavy Slam|p1a: Ting-Lu\n|-damage|p1a: Ting-Lu|92\/100\n|\n|upkeep\n|turn|5\n|\n|t:|1699739673\n|move|p1b: Ogerpon|Spiky Shield|p1b: Ogerpon\n|-singleturn|p1b: Ogerpon|move: Protect\n|move|p2a: Kommo-o|Clanging Scales|p1b: Ogerpon|[spread] p1a\n|-activate|p1b: Ogerpon|move: Protect\n|-damage|p1a: Ting-Lu|61\/100\n|-unboost|p2a: Kommo-o|def|1\n|move|p2b: Iron Hands|Drain Punch|p1a: Ting-Lu\n|-supereffective|p1a: Ting-Lu\n|-damage|p1a: Ting-Lu|8\/100\n|move|p1a: Ting-Lu|Earthquake|p2b: Iron Hands|[spread] p2a,p2b\n|-activate|p1b: Ogerpon|move: Protect\n|-supereffective|p2a: Kommo-o\n|-supereffective|p2b: Iron Hands\n|-damage|p2a: Kommo-o|0 fnt\n|-damage|p2b: Iron Hands|50\/100\n|faint|p2a: Kommo-o\n|\n|upkeep\n|turn|6\n|\n|t:|1699739690\n|switch|p1a: Flutter Mane|Flutter Mane, L50|100\/100\n|move|p1b: Ogerpon|Ivy Cudgel|p2b: Iron Hands\n|-damage|p2b: Iron Hands|10\/100\n|move|p2b: Iron Hands|Drain Punch|p1a: Flutter Mane\n|-immune|p1a: Flutter Mane\n|\n|upkeep\n|turn|7\n|-message|Rylanor VGC forfeited.\n|\n|win|It'sJustKen VGC\n|raw|It&apos;sJustKen VGC's rating: 1272 &rarr; <strong>1291<\/strong><br \/>(+19 for winning)\n|raw|Rylanor VGC's rating: 1182 &rarr; <strong>1163<\/strong><br \/>(-19 for losing)\n|l|\u2606Rylanor VGC\n|l|\u2606It'sJustKen VGC\n|j|\u2606It'sJustKen VGC\n|player|p1|It'sJustKen VGC|turo\n","uploadtime":1699739739,"views":7,"p1id":"itsjustkenvgc","p2id":"rylanorvgc","formatid":"gen9vgc2023regulatione","rating":1163,"private":0,"password":""}