{"id":"gen9vgc2023regulatione-1995533868","p1":"Mnthll","p2":"SupaJello","format":"[Gen 9] VGC 2023 Regulation E","log":"|j|\u2606Mnthll\n|j|\u2606SupaJello\n|t:|1700580583\n|gametype|doubles\n|player|p1|Mnthll|gentleman-gen4|\n|player|p2|SupaJello|hilbert|\n|teamsize|p1|6\n|teamsize|p2|6\n|gen|9\n|tier|[Gen 9] VGC 2023 Regulation E\n|rated|Tournament battle\n|rule|Species Clause: Limit one of each Pok\u00e9mon\n|rule|Item Clause: Limit one of each item\n|clearpoke\n|poke|p1|Umbreon, L50, F|\n|poke|p1|Rillaboom, L50, F|\n|poke|p1|Talonflame, L50, F|\n|poke|p1|Urshifu-*, L50, F|\n|poke|p1|Gholdengo, L50|\n|poke|p1|Cresselia, L50, F|\n|poke|p2|Ursaluna-Bloodmoon, L50, M|\n|poke|p2|Dusclops, L50, F|\n|poke|p2|Iron Hands, L50|\n|poke|p2|Landorus-Therian, L50, M|\n|poke|p2|Amoonguss, L50, M|\n|poke|p2|Chien-Pao, L50|\n|teampreview|4\n|showteam|p1|Umbreon||Leftovers|InnerFocus|FoulPlay,Yawn,Snarl,Protect|||F|||50|,,,,,Poison]Rillaboom||MiracleSeed|GrassySurge|GrassyGlide,FakeOut,WoodHammer,Protect|||F|||50|,,,,,Grass]Talonflame||CovertCloak|GaleWings|Tailwind,BraveBird,WillOWisp,Roost|||F|||50|,,,,,Grass]Urshifu-Rapid-Strike||ChoiceScarf|UnseenFist|SurgingStrikes,CloseCombat,AquaJet,Uturn|||F|||50|,,,,,Water]Gholdengo||ChoiceSpecs|GoodasGold|MakeItRain,ShadowBall,Thunderbolt,DazzlingGleam||||||50|,,,,,Steel]Cresselia||SitrusBerry|Levitate|Moonblast,TrickRoom,IceBeam,LunarBlessing|||F|||50|,,,,,Fairy\n|showteam|p2|Ursaluna-Bloodmoon||ThroatSpray|MindsEye|HyperVoice,Protect,BloodMoon,EarthPower|||M|||50|,,,,,Dragon]Dusclops||Eviolite|Pressure|TrickRoom,WillOWisp,NightShade,PainSplit|||F|||50|,,,,,Dark]Iron Hands||AssaultVest|QuarkDrive|DrainPunch,FakeOut,HeavySlam,WildCharge||||||50|,,,,,Water]Landorus-Therian||ChoiceScarf|Intimidate|TeraBlast,StompingTantrum,RockSlide,Uturn|||M|||50|,,,,,Flying]Amoonguss||MentalHerb|Regenerator|Spore,RagePowder,PollenPuff,LeafStorm|||M|||50|,,,,,Water]Chien-Pao||FocusSash|SwordofRuin|Protect,IcicleCrash,Crunch,SacredSword||||||50|,,,,,Ghost\n|inactive|Battle timer is ON: inactive players will automatically lose when time's up. (requested by SupaJello)\n|inactive|Mnthll has 60 seconds left.\n|inactive|SupaJello has 60 seconds left.\n|\n|t:|1700580631\n|start\n|switch|p1a: Talonflame|Talonflame, L50, F|100\/100\n|switch|p1b: Gholdengo|Gholdengo, L50|100\/100\n|switch|p2a: Landorus|Landorus-Therian, L50, M|100\/100\n|switch|p2b: Dusclops|Dusclops, L50, F|100\/100\n|-ability|p2a: Landorus|Intimidate|boost\n|-unboost|p1a: Talonflame|atk|1\n|-unboost|p1b: Gholdengo|atk|1\n|-ability|p2b: Dusclops|Pressure\n|turn|1\n|j| O1OOO11O\n|\n|t:|1700580654\n|-terastallize|p1a: Talonflame|Grass\n|move|p2a: Landorus|U-turn|p1a: Talonflame\n|-supereffective|p1a: Talonflame\n|-damage|p1a: Talonflame|20\/100\n|\n|t:|1700580658\n|switch|p2a: Ursaluna|Ursaluna-Bloodmoon, L50, M|100\/100|[from] U-turn\n|move|p1a: Talonflame|Will-O-Wisp|p2a: Ursaluna|[miss]\n|-miss|p1a: Talonflame|p2a: Ursaluna\n|move|p1b: Gholdengo|Make It Rain|p2b: Dusclops|[spread] p2a,p2b\n|-damage|p2a: Ursaluna|22\/100\n|-damage|p2b: Dusclops|58\/100\n|-unboost|p1b: Gholdengo|spa|1\n|move|p2b: Dusclops|Trick Room|p2b: Dusclops\n|-fieldstart|move: Trick Room|[of] p2b: Dusclops\n|\n|upkeep\n|turn|2\n|\n|t:|1700580681\n|move|p2b: Dusclops|Night Shade|p1a: Talonflame\n|-damage|p1a: Talonflame|0 fnt\n|faint|p1a: Talonflame\n|move|p2a: Ursaluna|Blood Moon|p1b: Gholdengo\n|-resisted|p1b: Gholdengo\n|-damage|p1b: Gholdengo|60\/100\n|move|p1b: Gholdengo|Make It Rain|p2a: Ursaluna|[spread] p2a,p2b\n|-crit|p2b: Dusclops\n|-damage|p2a: Ursaluna|0 fnt\n|-damage|p2b: Dusclops|0 fnt\n|-unboost|p1b: Gholdengo|spa|1\n|faint|p2a: Ursaluna\n|faint|p2b: Dusclops\n|\n|upkeep\n|\n|t:|1700580696\n|switch|p2b: Iron Hands|Iron Hands, L50|100\/100\n|switch|p2a: Landorus|Landorus-Therian, L50, M|100\/100\n|switch|p1a: Umbreon|Umbreon, L50, F, shiny|100\/100\n|-ability|p2a: Landorus|Intimidate|boost\n|-fail|p1a: Umbreon|unboost|Attack|[from] ability: Inner Focus|[of] p1a: Umbreon\n|-unboost|p1b: Gholdengo|atk|1\n|turn|3\n|\n|t:|1700580713\n|move|p2b: Iron Hands|Fake Out|p1a: Umbreon\n|-damage|p1a: Umbreon|90\/100\n|move|p1a: Umbreon|Yawn|p2b: Iron Hands\n|-start|p2b: Iron Hands|move: Yawn|[of] p1a: Umbreon\n|move|p1b: Gholdengo|Make It Rain|p2b: Iron Hands|[spread] p2a,p2b\n|-resisted|p2b: Iron Hands\n|-damage|p2a: Landorus|56\/100\n|-damage|p2b: Iron Hands|90\/100\n|-unboost|p1b: Gholdengo|spa|1\n|move|p2a: Landorus|Stomping Tantrum|p1b: Gholdengo\n|-supereffective|p1b: Gholdengo\n|-damage|p1b: Gholdengo|0 fnt\n|faint|p1b: Gholdengo\n|\n|-heal|p1a: Umbreon|96\/100|[from] item: Leftovers\n|upkeep\n|\n|t:|1700580727\n|switch|p1b: Rillaboom|Rillaboom, L50, F, shiny|100\/100\n|-fieldstart|move: Grassy Terrain|[from] ability: Grassy Surge|[of] p1b: Rillaboom\n|turn|4\n|\n|t:|1700580736\n|move|p1a: Umbreon|Protect|p1a: Umbreon\n|-singleturn|p1a: Umbreon|Protect\n|move|p2b: Iron Hands|Drain Punch|p1b: Rillaboom\n|-damage|p1b: Rillaboom|60\/100\n|-heal|p2b: Iron Hands|100\/100|[from] drain|[of] p1b: Rillaboom\n|move|p1b: Rillaboom|Wood Hammer|p2a: Landorus\n|-damage|p2a: Landorus|0 fnt\n|faint|p2a: Landorus\n|-damage|p1b: Rillaboom|44\/100|[from] Recoil\n|\n|-heal|p1a: Umbreon|100\/100|[from] Grassy Terrain\n|-heal|p1b: Rillaboom|50\/100|[from] Grassy Terrain\n|-end|p2b: Iron Hands|move: Yawn|[silent]\n|-status|p2b: Iron Hands|slp\n|upkeep\n|turn|5\n|\n|t:|1700580759\n|cant|p2b: Iron Hands|slp\n|move|p1a: Umbreon|Foul Play|p2b: Iron Hands\n|-resisted|p2b: Iron Hands\n|-damage|p2b: Iron Hands|84\/100 slp\n|move|p1b: Rillaboom|Wood Hammer|p2b: Iron Hands\n|-damage|p2b: Iron Hands|13\/100 slp\n|-damage|p1b: Rillaboom|21\/100|[from] Recoil\n|\n|-heal|p2b: Iron Hands|19\/100 slp|[from] Grassy Terrain\n|-heal|p1b: Rillaboom|28\/100|[from] Grassy Terrain\n|-fieldend|move: Trick Room\n|upkeep\n|turn|6\n|c|\u2606SupaJello|gg\n|\n|t:|1700580771\n|move|p1b: Rillaboom|Grassy Glide|p2b: Iron Hands\n|-damage|p2b: Iron Hands|0 fnt\n|faint|p2b: Iron Hands\n|-end|p2b: Iron Hands|Quark Drive|[silent]\n|\n|win|Mnthll\n|n|\u2606Mnthll|mnthll\n|n|\u2606SupaJello|supajello\n|n| O1OOO11O|o1ooo11o\n|c|\u2606Mnthll|gg\n|l|\u2606SupaJello\n|l| O1OOO11O\n","uploadtime":1700581138,"views":4,"p1id":"mnthll","p2id":"supajello","formatid":"gen9vgc2023regulatione","rating":0,"private":0,"password":""}