{"id":"gen9vgc2023regulatione-1997658783","p1":"mikn233","p2":"Stfnuts","format":"[Gen 9] VGC 2023 Regulation E","log":"|j|\u2606mikn233\n|j|\u2606Stfnuts\n|t:|1700838579\n|gametype|doubles\n|player|p1|mikn233|roxie|1351\n|player|p2|Stfnuts|102|1382\n|teamsize|p1|6\n|teamsize|p2|6\n|gen|9\n|tier|[Gen 9] VGC 2023 Regulation E\n|rated|\n|rule|Species Clause: Limit one of each Pok\u00e9mon\n|rule|Item Clause: Limit one of each item\n|clearpoke\n|poke|p1|Rabsca, L50, M|\n|poke|p1|Regieleki, L50|\n|poke|p1|Golem-Alola, L50, M|\n|poke|p1|Iron Hands, L50|\n|poke|p1|Weezing-Galar, L50, F|\n|poke|p1|Ursaluna-Bloodmoon, L50, M|\n|poke|p2|Amoonguss, L50, M|\n|poke|p2|Cresselia, L50, F|\n|poke|p2|Kingambit, L50, M|\n|poke|p2|Iron Hands, L50|\n|poke|p2|Chi-Yu, L50|\n|poke|p2|Ogerpon-Wellspring, L50, F|\n|teampreview|4\n|inactive|Battle timer is ON: inactive players will automatically lose when time's up. (requested by Stfnuts)\n|\n|t:|1700838608\n|start\n|switch|p1a: Rabsca|Rabsca, L50, M|100\/100\n|switch|p1b: Regieleki|Regieleki, L50|100\/100\n|switch|p2a: Iron Hands|Iron Hands, L50|100\/100\n|switch|p2b: Cresselia|Cresselia, L50, F|100\/100\n|turn|1\n|inactive|mikn233 has 30 seconds left.\n|inactive|Stfnuts has 30 seconds left.\n|inactive|Stfnuts has 20 seconds left.\n|inactive|Stfnuts has 15 seconds left.\n|\n|t:|1700838649\n|switch|p2b: Ogerpon|Ogerpon-Wellspring, L50, F|100\/100\n|move|p2a: Iron Hands|Fake Out|p1b: Regieleki\n|-damage|p1b: Regieleki|70\/100\n|cant|p1b: Regieleki|flinch\n|move|p1a: Rabsca|Earth Power|p2a: Iron Hands\n|-supereffective|p2a: Iron Hands\n|-damage|p2a: Iron Hands|56\/100\n|\n|upkeep\n|turn|2\n|\n|t:|1700838670\n|-end|p2a: Iron Hands|Quark Drive|[silent]\n|switch|p2a: Cresselia|Cresselia, L50, F|100\/100\n|move|p1b: Regieleki|Explosion|p2a: Cresselia|[spread] p2a,p2b\n|-activate|p1a: Rabsca|ability: Telepathy\n|-damage|p2a: Cresselia|41\/100\n|-damage|p2b: Ogerpon|0 fnt\n|faint|p1b: Regieleki\n|faint|p2b: Ogerpon\n|move|p1a: Rabsca|Trick Room|p1a: Rabsca\n|-fieldstart|move: Trick Room|[of] p1a: Rabsca\n|\n|-heal|p2a: Cresselia|47\/100|[from] item: Leftovers\n|upkeep\n|\n|t:|1700838683\n|switch|p2b: Amoonguss|Amoonguss, L50, M|100\/100\n|switch|p1b: Ursaluna|Ursaluna-Bloodmoon, L50, M|100\/100\n|turn|3\n|\n|t:|1700838701\n|-terastallize|p2b: Amoonguss|Water\n|-terastallize|p1b: Ursaluna|Normal\n|move|p1a: Rabsca|Revival Blessing|p1a: Rabsca\n|\n|t:|1700838706\n|-heal|p1: Regieleki|50\/100|[from] move: Revival Blessing\n|move|p2b: Amoonguss|Spore|p1b: Ursaluna\n|-status|p1b: Ursaluna|slp|[from] move: Spore\n|cant|p1b: Ursaluna|slp\n|move|p2a: Cresselia|Ice Beam|p1b: Ursaluna\n|-damage|p1b: Ursaluna|73\/100 slp\n|\n|-heal|p2a: Cresselia|53\/100|[from] item: Leftovers\n|upkeep\n|turn|4\n|\n|t:|1700838727\n|switch|p2a: Iron Hands|Iron Hands, L50|56\/100\n|move|p1a: Rabsca|Earth Power|p2b: Amoonguss\n|-damage|p2b: Amoonguss|79\/100\n|move|p2b: Amoonguss|Spore|p1a: Rabsca\n|-status|p1a: Rabsca|slp|[from] move: Spore\n|-curestatus|p1b: Ursaluna|slp|[msg]\n|move|p1b: Ursaluna|Blood Moon|p2a: Iron Hands\n|-damage|p2a: Iron Hands|0 fnt\n|faint|p2a: Iron Hands\n|-end|p2a: Iron Hands|Quark Drive|[silent]\n|\n|upkeep\n|\n|t:|1700838744\n|switch|p2a: Cresselia|Cresselia, L50, F|53\/100\n|turn|5\n|\n|t:|1700838753\n|cant|p1a: Rabsca|slp\n|move|p2b: Amoonguss|Spore|p1b: Ursaluna\n|-status|p1b: Ursaluna|slp|[from] move: Spore\n|cant|p1b: Ursaluna|slp\n|move|p2a: Cresselia|Psychic|p1b: Ursaluna\n|-damage|p1b: Ursaluna|30\/100 slp\n|\n|-heal|p2a: Cresselia|59\/100|[from] item: Leftovers\n|upkeep\n|turn|6\n|\n|t:|1700838768\n|move|p2b: Amoonguss|Pollen Puff|p2a: Cresselia\n|-heal|p2a: Cresselia|100\/100\n|cant|p1a: Rabsca|slp\n|cant|p1b: Ursaluna|slp\n|move|p2a: Cresselia|Psychic|p1b: Ursaluna\n|-damage|p1b: Ursaluna|0 fnt\n|faint|p1b: Ursaluna\n|\n|-fieldend|move: Trick Room\n|upkeep\n|\n|t:|1700838777\n|switch|p1b: Regieleki|Regieleki, L50|50\/100\n|turn|7\n|\n|t:|1700838792\n|move|p2a: Cresselia|Protect|p2a: Cresselia\n|-singleturn|p2a: Cresselia|Protect\n|move|p1b: Regieleki|Wild Charge|p2b: Amoonguss\n|-supereffective|p2b: Amoonguss\n|-damage|p2b: Amoonguss|0 fnt\n|faint|p2b: Amoonguss\n|-damage|p1b: Regieleki|23\/100|[from] Recoil\n|-curestatus|p1a: Rabsca|slp|[msg]\n|move|p1a: Rabsca|Earth Power|p2a: Cresselia\n|-activate|p2a: Cresselia|move: Protect\n|\n|upkeep\n|turn|8\n|\n|t:|1700838817\n|move|p2a: Cresselia|Protect|p2a: Cresselia\n|-singleturn|p2a: Cresselia|Protect\n|move|p1b: Regieleki|Wild Charge|p2a: Cresselia\n|-activate|p2a: Cresselia|move: Protect\n|move|p1a: Rabsca|Earth Power|p2a: Cresselia\n|-activate|p2a: Cresselia|move: Protect\n|\n|upkeep\n|turn|9\n|\n|t:|1700838827\n|move|p1b: Regieleki|Wild Charge|p2a: Cresselia\n|-damage|p2a: Cresselia|43\/100\n|-damage|p1b: Regieleki|2\/100|[from] Recoil\n|move|p2a: Cresselia|Psychic|p1b: Regieleki\n|-crit|p1b: Regieleki\n|-damage|p1b: Regieleki|0 fnt\n|faint|p1b: Regieleki\n|move|p1a: Rabsca|Earth Power|p2a: Cresselia\n|-immune|p2a: Cresselia|[from] ability: Levitate\n|\n|-heal|p2a: Cresselia|49\/100|[from] item: Leftovers\n|upkeep\n|\n|t:|1700838830\n|switch|p1b: Iron Hands|Iron Hands, L50|100\/100\n|turn|10\n|\n|t:|1700838843\n|move|p2a: Cresselia|Psychic|p1b: Iron Hands\n|-supereffective|p1b: Iron Hands\n|-damage|p1b: Iron Hands|63\/100\n|move|p1a: Rabsca|Earth Power|p2a: Cresselia\n|-immune|p2a: Cresselia|[from] ability: Levitate\n|move|p1b: Iron Hands|Wild Charge|p2a: Cresselia\n|-damage|p2a: Cresselia|14\/100\n|-damage|p1b: Iron Hands|55\/100|[from] Recoil\n|\n|-heal|p2a: Cresselia|20\/100|[from] item: Leftovers\n|upkeep\n|turn|11\n|l|\u2606Stfnuts\n|inactive|Stfnuts disconnected and has a minute to reconnect!\n|player|p2|\n|inactive|mikn233 has 30 seconds left.\n|inactive|Stfnuts has 30 seconds left.\n|inactive|mikn233 has 20 seconds left.\n|inactive|Stfnuts has 20 seconds left.\n|inactive|Stfnuts has 15 seconds left.\n|inactive|Stfnuts has 10 seconds left.\n|inactive|Stfnuts has 5 seconds left.\n|-message|Stfnuts lost due to inactivity.\n|\n|win|mikn233\n|raw|mikn233's rating: 1351 &rarr; <strong>1373<\/strong><br \/>(+22 for winning)\n|raw|Stfnuts's rating: 1382 &rarr; <strong>1360<\/strong><br \/>(-22 for losing)\n","uploadtime":1700838929,"views":2,"p1id":"mikn233","p2id":"stfnuts","formatid":"gen9vgc2023regulatione","rating":1360,"private":0,"password":""}