{"id":"gen9vgc2023regulatione-1992768526","p1":"PiplupPiplup","p2":"ftuygvbn","format":"[Gen 9] VGC 2023 Regulation E","log":"|j|\u2606PiplupPiplup\n|j|\u2606ftuygvbn\n|t:|1700233760\n|gametype|doubles\n|player|p1|PiplupPiplup|dawn|1209\n|player|p2|ftuygvbn|169|1123\n|teamsize|p1|6\n|teamsize|p2|6\n|gen|9\n|tier|[Gen 9] VGC 2023 Regulation E\n|rated|\n|rule|Species Clause: Limit one of each Pok\u00e9mon\n|rule|Item Clause: Limit one of each item\n|clearpoke\n|poke|p1|Kommo-o, L50, M|\n|poke|p1|Sinistcha-Masterpiece, L50|\n|poke|p1|Clefairy, L50, F|\n|poke|p1|Iron Hands, L50|\n|poke|p1|Flamigo, L50, F|\n|poke|p1|Kingambit, L50, F|\n|poke|p2|Arcanine, L50, F|\n|poke|p2|Roaring Moon, L50|\n|poke|p2|Iron Hands, L50|\n|poke|p2|Ogerpon, L50, F|\n|poke|p2|Gastrodon-East, L50, M|\n|poke|p2|Sylveon, L50, M|\n|teampreview|4\n|inactive|Battle timer is ON: inactive players will automatically lose when time's up. (requested by ftuygvbn)\nftuygvbn rejected open team sheets.\n|\n|t:|1700233824\n|start\n|switch|p1a: Kommo-o|Kommo-o, L50, M|100\/100\n|switch|p1b: Iron Hands|Iron Hands, L50|100\/100\n|switch|p2a: Arcanine|Arcanine, L50, F|100\/100\n|switch|p2b: Sylveon|Sylveon, L50, M|100\/100\n|-ability|p2a: Arcanine|Intimidate|boost\n|-unboost|p1a: Kommo-o|atk|1\n|-unboost|p1b: Iron Hands|atk|1\n|turn|1\n|inactive|ftuygvbn has 30 seconds left.\n|\n|t:|1700233854\n|-terastallize|p2b: Sylveon|Ground\n|move|p1b: Iron Hands|Fake Out|p2b: Sylveon\n|-damage|p2b: Sylveon|89\/100\n|move|p2a: Arcanine|Will-O-Wisp|p1b: Iron Hands|[miss]\n|-miss|p2a: Arcanine|p1b: Iron Hands\n|move|p1a: Kommo-o|Clangorous Soul|p1a: Kommo-o\n|-boost|p1a: Kommo-o|atk|1\n|-boost|p1a: Kommo-o|def|1\n|-boost|p1a: Kommo-o|spa|1\n|-boost|p1a: Kommo-o|spd|1\n|-boost|p1a: Kommo-o|spe|1\n|-enditem|p2a: Arcanine|Mirror Herb\n|-boost|p2a: Arcanine|atk|1|[from] item: Mirror Herb\n|-boost|p2a: Arcanine|def|1|[from] item: Mirror Herb\n|-boost|p2a: Arcanine|spa|1|[from] item: Mirror Herb\n|-boost|p2a: Arcanine|spd|1|[from] item: Mirror Herb\n|-boost|p2a: Arcanine|spe|1|[from] item: Mirror Herb\n|-damage|p1a: Kommo-o|68\/100\n|-enditem|p1a: Kommo-o|Throat Spray\n|-boost|p1a: Kommo-o|spa|1|[from] item: Throat Spray\n|cant|p2b: Sylveon|flinch\n|\n|upkeep\n|turn|2\n|inactive|PiplupPiplup has 30 seconds left.\n|inactive|ftuygvbn has 30 seconds left.\n|inactive|PiplupPiplup has 20 seconds left.\n|inactive|ftuygvbn has 20 seconds left.\n|inactive|ftuygvbn has 15 seconds left.\n|\n|t:|1700233896\n|switch|p2b: Iron Hands|Iron Hands, L50, shiny|100\/100\n|move|p1a: Kommo-o|Protect|p1a: Kommo-o\n|-singleturn|p1a: Kommo-o|Protect\n|move|p2a: Arcanine|Snarl|p1a: Kommo-o|[spread] p1b\n|-activate|p1a: Kommo-o|move: Protect\n|-resisted|p1b: Iron Hands\n|-damage|p1b: Iron Hands|97\/100\n|-unboost|p1b: Iron Hands|spa|1\n|move|p1b: Iron Hands|Drain Punch|p2b: Iron Hands\n|-damage|p2b: Iron Hands|80\/100\n|-heal|p1b: Iron Hands|100\/100|[from] drain|[of] p2b: Iron Hands\n|\n|upkeep\n|turn|3\n|inactive|PiplupPiplup has 30 seconds left.\n|inactive|PiplupPiplup has 20 seconds left.\n|\n|t:|1700233934\n|-end|p1b: Iron Hands|Quark Drive|[silent]\n|switch|p1b: Flamigo|Flamigo, L50, F, shiny|100\/100\n|-copyboost|p1b: Flamigo|p1a: Kommo-o|[from] ability: Costar\n|move|p2b: Iron Hands|Fake Out|p1a: Kommo-o\n|-damage|p1a: Kommo-o|58\/100\n|move|p2a: Arcanine|Will-O-Wisp|p1b: Flamigo\n|-status|p1b: Flamigo|brn\n|cant|p1a: Kommo-o|flinch\n|\n|-damage|p1b: Flamigo|95\/100 brn|[from] brn\n|upkeep\n|turn|4\n|inactive|PiplupPiplup has 30 seconds left.\n|inactive|ftuygvbn has 30 seconds left.\n|inactive|PiplupPiplup has 20 seconds left.\n|inactive|PiplupPiplup has 15 seconds left.\n|inactive|PiplupPiplup has 10 seconds left.\n|\n|t:|1700233979\n|move|p1b: Flamigo|Close Combat|p2a: Arcanine\n|-damage|p2a: Arcanine|75\/100\n|-unboost|p1b: Flamigo|def|1\n|-unboost|p1b: Flamigo|spd|1\n|move|p2a: Arcanine|Snarl|p1a: Kommo-o|[spread] p1a,p1b\n|-resisted|p1a: Kommo-o\n|-resisted|p1b: Flamigo\n|-damage|p1a: Kommo-o|54\/100\n|-damage|p1b: Flamigo|85\/100 brn\n|-unboost|p1a: Kommo-o|spa|1\n|-unboost|p1b: Flamigo|spa|1\n|move|p1a: Kommo-o|Clanging Scales|p2b: Iron Hands|[spread] p2a,p2b\n|-damage|p2a: Arcanine|39\/100\n|-damage|p2b: Iron Hands|52\/100\n|-unboost|p1a: Kommo-o|def|1\n|move|p2b: Iron Hands|Drain Punch|p1a: Kommo-o\n|-damage|p1a: Kommo-o|12\/100\n|-heal|p2b: Iron Hands|67\/100|[from] drain|[of] p1a: Kommo-o\n|\n|-damage|p1b: Flamigo|79\/100 brn|[from] brn\n|upkeep\n|turn|5\n|inactive|PiplupPiplup has 30 seconds left.\n|inactive|ftuygvbn has 30 seconds left.\n|inactive|ftuygvbn has 20 seconds left.\n|\n|t:|1700234016\n|switch|p1b: Sinistcha|Sinistcha-Masterpiece, L50|100\/100\n|-heal|p1a: Kommo-o|37\/100|[from] ability: Hospitality|[of] p1b: Sinistcha\n|move|p1a: Kommo-o|Protect|p1a: Kommo-o\n|-singleturn|p1a: Kommo-o|Protect\n|move|p2a: Arcanine|Howl|p2a: Arcanine|[spread] p2a,p2b\n|-boost|p2a: Arcanine|atk|1\n|-boost|p2b: Iron Hands|atk|1\n|move|p2b: Iron Hands|Drain Punch|p1a: Kommo-o\n|-activate|p1a: Kommo-o|move: Protect\n|\n|upkeep\n|turn|6\n|inactive|PiplupPiplup has 30 seconds left.\n|\n|t:|1700234050\n|move|p2a: Arcanine|Flare Blitz|p1b: Sinistcha\n|-supereffective|p1b: Sinistcha\n|-damage|p1b: Sinistcha|0 fnt\n|-damage|p2a: Arcanine|23\/100|[from] item: Rocky Helmet|[of] p1b: Sinistcha\n|faint|p1b: Sinistcha\n|-damage|p2a: Arcanine|0 fnt|[from] Recoil\n|faint|p2a: Arcanine\n|move|p1a: Kommo-o|Clanging Scales|p2b: Iron Hands\n|-damage|p2b: Iron Hands|28\/100\n|-unboost|p1a: Kommo-o|def|1\n|move|p2b: Iron Hands|Drain Punch|p1a: Kommo-o\n|-damage|p1a: Kommo-o|0 fnt\n|-heal|p2b: Iron Hands|41\/100|[from] drain|[of] p1a: Kommo-o\n|faint|p1a: Kommo-o\n|\n|upkeep\n|\n|t:|1700234068\n|switch|p2a: Sylveon|Sylveon, L50, M, tera:Ground|89\/100\n|switch|p1a: Flamigo|Flamigo, L50, F, shiny|79\/100 brn\n|switch|p1b: Iron Hands|Iron Hands, L50|100\/100\n|-copyboost|p1a: Flamigo|p1b: Iron Hands|[from] ability: Costar\n|turn|7\n|inactive|PiplupPiplup has 30 seconds left.\n|inactive|PiplupPiplup has 20 seconds left.\n|inactive|PiplupPiplup has 15 seconds left.\n|inactive|PiplupPiplup has 10 seconds left.\n|inactive|PiplupPiplup has 5 seconds left.\n|\n|t:|1700234123\n|move|p1a: Flamigo|Brave Bird|p2b: Iron Hands\n|-crit|p2b: Iron Hands\n|-damage|p2b: Iron Hands|8\/100\n|-damage|p1a: Flamigo|62\/100 brn|[from] Recoil\n|move|p1b: Iron Hands|Drain Punch|p2b: Iron Hands\n|-damage|p2b: Iron Hands|0 fnt\n|faint|p2b: Iron Hands\n|-end|p2b: Iron Hands|Quark Drive|[silent]\n|move|p2a: Sylveon|Hyper Voice|p1a: Flamigo|[spread] p1a,p1b\n|-supereffective|p1a: Flamigo\n|-supereffective|p1b: Iron Hands\n|-damage|p1a: Flamigo|0 fnt\n|-damage|p1b: Iron Hands|29\/100\n|faint|p1a: Flamigo\n|\n|upkeep\n|\n|t:|1700234135\n|switch|p2b: Roaring Moon|Roaring Moon, L50, shiny|100\/100\n|-enditem|p2b: Roaring Moon|Booster Energy\n|-activate|p2b: Roaring Moon|ability: Protosynthesis|[fromitem]\n|-start|p2b: Roaring Moon|protosynthesisspe\n|turn|8\n|-message|PiplupPiplup forfeited.\n|\n|win|ftuygvbn\n|raw|PiplupPiplup's rating: 1209 &rarr; <strong>1178<\/strong><br \/>(-31 for losing)\n|raw|ftuygvbn's rating: 1123 &rarr; <strong>1154<\/strong><br \/>(+31 for winning)\n|l|\u2606PiplupPiplup\n","uploadtime":1700234152,"views":31,"p1id":"pipluppiplup","p2id":"ftuygvbn","formatid":"gen9vgc2023regulatione","rating":1154,"private":0,"password":""}