{"id":"gen9vgc2023regulatione-1996859411","p1":"xingshen","p2":"slyrenfan9889","format":"[Gen 9] VGC 2023 Regulation E","log":"|j|\u2606xingshen\n|j|\u2606slyrenfan9889\n|t:|1700736570\n|gametype|doubles\n|player|p1|xingshen|265|1112\n|player|p2|slyrenfan9889|1|1074\n|teamsize|p1|6\n|teamsize|p2|6\n|gen|9\n|tier|[Gen 9] VGC 2023 Regulation E\n|rated|\n|rule|Species Clause: Limit one of each Pok\u00e9mon\n|rule|Item Clause: Limit one of each item\n|clearpoke\n|poke|p1|Landorus-Therian, L50, M|\n|poke|p1|Chi-Yu, L50|\n|poke|p1|Ogerpon-Hearthflame, L50, F|\n|poke|p1|Ninetales, L50, F|\n|poke|p1|Flutter Mane, L50|\n|poke|p1|Dragonite, L50, M|\n|poke|p2|Milotic, L50, F|\n|poke|p2|Rillaboom, L50, M|\n|poke|p2|Arcanine-Hisui, L50, M|\n|poke|p2|Urshifu-*, L50, M|\n|poke|p2|Enamorus, L50, F|\n|poke|p2|Thundurus, L50, M|\n|teampreview|4\n|\n|t:|1700736615\n|start\n|switch|p1a: Ninetales|Ninetales, L50, F|100\/100\n|switch|p1b: Chi-Yu|Chi-Yu, L50|100\/100\n|switch|p2a: Rillaboom|Rillaboom, L50, M|100\/100\n|switch|p2b: Urshifu|Urshifu, L50, M|100\/100\n|-ability|p1b: Chi-Yu|Beads of Ruin\n|-weather|SunnyDay|[from] ability: Drought|[of] p1a: Ninetales\n|-fieldstart|move: Grassy Terrain|[from] ability: Grassy Surge|[of] p2a: Rillaboom\n|turn|1\n|\n|t:|1700736642\n|-terastallize|p1b: Chi-Yu|Ghost\n|move|p2a: Rillaboom|Fake Out|p1b: Chi-Yu\n|-immune|p1b: Chi-Yu\n|move|p1b: Chi-Yu|Nasty Plot|p1b: Chi-Yu\n|-boost|p1b: Chi-Yu|spa|2\n|move|p1a: Ninetales|Fire Blast|p2a: Rillaboom\n|-supereffective|p2a: Rillaboom\n|-damage|p2a: Rillaboom|0 fnt\n|faint|p2a: Rillaboom\n|move|p2b: Urshifu|Close Combat|p1b: Chi-Yu\n|-immune|p1b: Chi-Yu\n|\n|-weather|SunnyDay|[upkeep]\n|upkeep\n|\n|t:|1700736657\n|switch|p2a: Julia|Milotic, L50, F, shiny|100\/100\n|turn|2\n|\n|t:|1700736669\n|switch|p1a: Landorus|Landorus-Therian, L50, M|100\/100\n|-ability|p1a: Landorus|Intimidate|boost\n|-unboost|p2a: Julia|atk|1\n|-ability|p2a: Julia|Competitive|boost\n|-boost|p2a: Julia|spa|2\n|-unboost|p2b: Urshifu|atk|1\n|move|p2b: Urshifu|Sucker Punch|p1b: Chi-Yu\n|-supereffective|p1b: Chi-Yu\n|-damage|p1b: Chi-Yu|16\/100\n|move|p1b: Chi-Yu|Dark Pulse|p2a: Julia\n|-damage|p2a: Julia|20\/100\n|move|p2a: Julia|Hypnosis|p1b: Chi-Yu\n|-status|p1b: Chi-Yu|slp|[from] move: Hypnosis\n|\n|-weather|SunnyDay|[upkeep]\n|-heal|p1b: Chi-Yu|22\/100 slp|[from] Grassy Terrain\n|-heal|p2a: Julia|26\/100|[from] Grassy Terrain\n|-heal|p2a: Julia|32\/100|[from] item: Leftovers\n|upkeep\n|turn|3\n|\n|t:|1700736698\n|cant|p1b: Chi-Yu|slp\n|move|p1a: Landorus|Stomping Tantrum|p2a: Julia\n|-damage|p2a: Julia|0 fnt\n|faint|p2a: Julia\n|move|p2b: Urshifu|Wicked Blow|p1b: Chi-Yu\n|-supereffective|p1b: Chi-Yu\n|-crit|p1b: Chi-Yu\n|-damage|p1b: Chi-Yu|0 fnt\n|faint|p1b: Chi-Yu\n|\n|-weather|SunnyDay|[upkeep]\n|upkeep\n|\n|t:|1700736714\n|switch|p1b: Ogerpon|Ogerpon-Hearthflame, L50, F|100\/100\n|switch|p2a: Arcanine|Arcanine-Hisui, L50, M|100\/100\n|-ability|p1b: Ogerpon|Mold Breaker\n|-ability|p2a: Arcanine|Intimidate|boost\n|-unboost|p1a: Landorus|atk|1\n|-unboost|p1b: Ogerpon|atk|1\n|turn|4\n|\n|t:|1700736732\n|move|p1b: Ogerpon|Spiky Shield|p1b: Ogerpon\n|-singleturn|p1b: Ogerpon|move: Protect\n|move|p1a: Landorus|Stomping Tantrum|p2a: Arcanine\n|-supereffective|p2a: Arcanine\n|-damage|p2a: Arcanine|0 fnt\n|faint|p2a: Arcanine\n|move|p2b: Urshifu|Poison Jab|p1b: Ogerpon\n|-supereffective|p1b: Ogerpon\n|-crit|p1b: Ogerpon\n|-damage|p1b: Ogerpon|0 fnt\n|faint|p1b: Ogerpon\n|\n|-weather|SunnyDay|[upkeep]\n|upkeep\n|\n|t:|1700736744\n|switch|p1b: Ninetales|Ninetales, L50, F|100\/100\n|turn|5\n|\n|t:|1700736755\n|move|p1a: Landorus|Stomping Tantrum|p2b: Urshifu\n|-crit|p2b: Urshifu\n|-damage|p2b: Urshifu|34\/100\n|move|p1b: Ninetales|Fire Blast|p2b: Urshifu|[miss]\n|-miss|p1b: Ninetales|p2b: Urshifu\n|move|p2b: Urshifu|Poison Jab|p1a: Landorus\n|-resisted|p1a: Landorus\n|-damage|p1a: Landorus|88\/100\n|\n|-weather|none\n|-heal|p2b: Urshifu|39\/100|[from] Grassy Terrain\n|-fieldend|move: Grassy Terrain\n|upkeep\n|turn|6\n|inactive|Battle timer is ON: inactive players will automatically lose when time's up. (requested by slyrenfan9889)\n|\n|t:|1700736772\n|move|p1a: Landorus|Stomping Tantrum|p2b: Urshifu\n|-damage|p2b: Urshifu|7\/100\n|move|p1b: Ninetales|Fire Blast|p2b: Urshifu\n|-damage|p2b: Urshifu|0 fnt\n|faint|p2b: Urshifu\n|\n|win|xingshen\n|raw|xingshen's rating: 1112 &rarr; <strong>1134<\/strong><br \/>(+22 for winning)\n|raw|slyrenfan9889's rating: 1074 &rarr; <strong>1055<\/strong><br \/>(-19 for losing)\n|l|\u2606slyrenfan9889\n","uploadtime":1700736789,"views":7,"p1id":"xingshen","p2id":"slyrenfan9889","formatid":"gen9vgc2023regulatione","rating":1055,"private":0,"password":""}