{"id":"gen9vgc2023regulatione-2000383755","p1":"willbill231","p2":"weirdnomad","format":"[Gen 9] VGC 2023 Regulation E","log":"|j|\u2606willbill231\n|j|\u2606weirdnomad\n|t:|1701190241\n|gametype|doubles\n|player|p1|willbill231|101|1101\n|player|p2|weirdnomad|hiker-gen4|1064\n|teamsize|p1|6\n|teamsize|p2|6\n|gen|9\n|tier|[Gen 9] VGC 2023 Regulation E\n|rated|\n|rule|Species Clause: Limit one of each Pok\u00e9mon\n|rule|Item Clause: Limit one of each item\n|clearpoke\n|poke|p1|Milotic, L50, M|\n|poke|p1|Sneasler, L50, M|\n|poke|p1|Tornadus, L50, M|\n|poke|p1|Garchomp, L50, M|\n|poke|p1|Ninetales-Alola, L50, M|\n|poke|p1|Rillaboom, L50, F|\n|poke|p2|Gliscor, L50, M|\n|poke|p2|Urshifu-*, L50, M|\n|poke|p2|Ninetales-Alola, L50, F|\n|poke|p2|Heatran, L50, F|\n|poke|p2|Gengar, L50, M|\n|poke|p2|Hydreigon, L50, F|\n|teampreview|4\n|inactive|Battle timer is ON: inactive players will automatically lose when time's up. (requested by willbill231)\n|\n|t:|1701190320\n|start\n|switch|p1a: Tornadus|Tornadus, L50, M|100\/100\n|switch|p1b: Milotic|Milotic, L50, M|100\/100\n|switch|p2a: Gengar|Gengar, L50, M|100\/100\n|switch|p2b: Ninetales|Ninetales-Alola, L50, F, shiny|100\/100\n|-weather|Snow|[from] ability: Snow Warning|[of] p2b: Ninetales\n|turn|1\n|\n|t:|1701190339\n|switch|p2a: Heatran|Heatran, L50, F|100\/100\n|move|p1a: Tornadus|Taunt|p2b: Ninetales\n|-start|p2b: Ninetales|move: Taunt\n|cant|p2b: Ninetales|move: Taunt|Aurora Veil\n|move|p1b: Milotic|Aqua Ring|p1b: Milotic\n|-start|p1b: Milotic|Aqua Ring\n|\n|-weather|Snow|[upkeep]\n|upkeep\n|turn|2\n|\n|t:|1701190363\n|move|p1b: Milotic|Protect|p1b: Milotic\n|-singleturn|p1b: Milotic|Protect\n|move|p2a: Heatran|Protect|p2a: Heatran\n|-singleturn|p2a: Heatran|Protect\n|move|p1a: Tornadus|Tailwind|p1a: Tornadus\n|-sidestart|p1: willbill231|move: Tailwind\n|move|p2b: Ninetales|Freeze-Dry|p1a: Tornadus\n|-supereffective|p1a: Tornadus\n|-damage|p1a: Tornadus|46\/100\n|\n|-weather|Snow|[upkeep]\n|upkeep\n|turn|3\n|inactive|willbill231 has 30 seconds left.\n|inactive|weirdnomad has 30 seconds left.\n|\n|t:|1701190396\n|-terastallize|p1b: Milotic|Ice\n|-terastallize|p2a: Heatran|Dragon\n|move|p1a: Tornadus|Rain Dance|p1a: Tornadus\n|-weather|RainDance\n|move|p1b: Milotic|Scald|p2a: Heatran\n|-resisted|p2a: Heatran\n|-crit|p2a: Heatran\n|-damage|p2a: Heatran|75\/100\n|move|p2b: Ninetales|Freeze-Dry|p1a: Tornadus\n|-supereffective|p1a: Tornadus\n|-damage|p1a: Tornadus|0 fnt\n|faint|p1a: Tornadus\n|move|p2a: Heatran|Magma Storm|p1b: Milotic\n|-supereffective|p1b: Milotic\n|-damage|p1b: Milotic|65\/100\n|-activate|p1b: Milotic|move: Magma Storm|[of] p2a: Heatran\n|\n|-weather|RainDance|[upkeep]\n|-heal|p1b: Milotic|71\/100|[from] item: Leftovers\n|-heal|p1b: Milotic|77\/100|[from] Aqua Ring\n|-damage|p1b: Milotic|65\/100|[from] move: Magma Storm|[partiallytrapped]\n|-end|p2b: Ninetales|move: Taunt\n|upkeep\n|inactive|willbill231 has 30 seconds left.\n|\n|t:|1701190424\n|switch|p1a: Sneasler|Sneasler, L50, M|100\/100\n|turn|4\n|\n|t:|1701190443\n|switch|p2b: Urshifu|Urshifu-Rapid-Strike, L50, M|100\/100\n|move|p2a: Heatran|Protect|p2a: Heatran\n|-singleturn|p2a: Heatran|Protect\n|move|p1a: Sneasler|Fake Out|p2b: Urshifu\n|-damage|p2b: Urshifu|87\/100\n|-status|p2b: Urshifu|psn|[from] ability: Poison Touch|[of] p1a: Sneasler\n|move|p1b: Milotic|Ice Beam|p2a: Heatran\n|-activate|p2a: Heatran|move: Protect\n|\n|-weather|RainDance|[upkeep]\n|-heal|p1b: Milotic|70\/100|[from] item: Leftovers\n|-heal|p1b: Milotic|76\/100|[from] Aqua Ring\n|-damage|p2b: Urshifu|75\/100 psn|[from] psn\n|-damage|p1b: Milotic|64\/100|[from] move: Magma Storm|[partiallytrapped]\n|upkeep\n|turn|5\n|inactive|willbill231 has 30 seconds left.\n|\n|t:|1701190471\n|switch|p2b: Ninetales|Ninetales-Alola, L50, F, shiny|100\/100\n|-weather|Snow|[from] ability: Snow Warning|[of] p2b: Ninetales\n|move|p1a: Sneasler|Dire Claw|p2b: Ninetales\n|-supereffective|p2b: Ninetales\n|-damage|p2b: Ninetales|23\/100\n|-status|p2b: Ninetales|slp\n|move|p1b: Milotic|Ice Beam|p2a: Heatran\n|-supereffective|p2a: Heatran\n|-damage|p2a: Heatran|20\/100\n|move|p2a: Heatran|Will-O-Wisp|p1a: Sneasler\n|-status|p1a: Sneasler|brn\n|\n|-weather|Snow|[upkeep]\n|-heal|p1b: Milotic|70\/100|[from] item: Leftovers\n|-heal|p1b: Milotic|76\/100|[from] Aqua Ring\n|-damage|p1a: Sneasler|95\/100 brn|[from] brn\n|-damage|p1b: Milotic|63\/100|[from] move: Magma Storm|[partiallytrapped]\n|-sideend|p1: willbill231|move: Tailwind\n|upkeep\n|turn|6\n|inactive|weirdnomad has 30 seconds left.\n|\n|t:|1701190499\n|move|p2a: Heatran|Protect|p2a: Heatran\n|-singleturn|p2a: Heatran|Protect\n|move|p1a: Sneasler|Dire Claw|p2b: Ninetales\n|-supereffective|p2b: Ninetales\n|-damage|p2b: Ninetales|0 fnt\n|faint|p2b: Ninetales\n|move|p1b: Milotic|Ice Beam|p2a: Heatran\n|-activate|p2a: Heatran|move: Protect\n|\n|-weather|Snow|[upkeep]\n|-heal|p1b: Milotic|69\/100|[from] item: Leftovers\n|-heal|p1b: Milotic|75\/100|[from] Aqua Ring\n|-damage|p1a: Sneasler|89\/100 brn|[from] brn\n|-damage|p1b: Milotic|63\/100|[from] move: Magma Storm|[partiallytrapped]\n|upkeep\n|\n|t:|1701190513\n|switch|p2b: Gengar|Gengar, L50, M|100\/100\n|turn|7\n|inactive|willbill231 has 30 seconds left.\n|\n|t:|1701190539\n|switch|p1a: Garchomp|Garchomp, L50, M|100\/100\n|move|p2b: Gengar|Hex|p1a: Garchomp\n|-damage|p1a: Garchomp|66\/100\n|move|p1b: Milotic|Ice Beam|p2a: Heatran\n|-supereffective|p2a: Heatran\n|-damage|p2a: Heatran|0 fnt\n|faint|p2a: Heatran\n|\n|-weather|Snow|[upkeep]\n|-heal|p1b: Milotic|69\/100|[from] item: Leftovers\n|-heal|p1b: Milotic|75\/100|[from] Aqua Ring\n|-end|p1b: Milotic|Magma Storm|[partiallytrapped]|[silent]\n|upkeep\n|\n|t:|1701190550\n|switch|p2a: Urshifu|Urshifu-Rapid-Strike, L50, M|75\/100 psn\n|turn|8\n|\n|t:|1701190565\n|move|p1b: Milotic|Protect|p1b: Milotic\n|-singleturn|p1b: Milotic|Protect\n|move|p2b: Gengar|Nasty Plot|p2b: Gengar\n|-boost|p2b: Gengar|spa|2\n|move|p2a: Urshifu|Drain Punch|p1b: Milotic\n|-supereffective|p1b: Milotic\n|-crit|p1b: Milotic\n|-damage|p1b: Milotic|0 fnt\n|-heal|p2a: Urshifu|100\/100 psn|[from] drain|[of] p1b: Milotic\n|faint|p1b: Milotic\n|move|p1a: Garchomp|Stomping Tantrum|p2a: Urshifu\n|-damage|p2a: Urshifu|57\/100 psn\n|\n|-weather|Snow|[upkeep]\n|-damage|p2a: Urshifu|44\/100 psn|[from] psn\n|upkeep\n|\n|t:|1701190578\n|switch|p1b: Sneasler|Sneasler, L50, M|89\/100 brn\n|turn|9\n|\n|t:|1701190592\n|move|p1b: Sneasler|Fake Out|p2a: Urshifu\n|-damage|p2a: Urshifu|37\/100 psn\n|move|p2b: Gengar|Hex|p1b: Sneasler\n|-damage|p1b: Sneasler|0 fnt\n|faint|p1b: Sneasler\n|cant|p2a: Urshifu|flinch\n|move|p1a: Garchomp|Stomping Tantrum|p2b: Gengar\n|-supereffective|p2b: Gengar\n|-enditem|p2b: Gengar|Focus Sash\n|-damage|p2b: Gengar|1\/100\n|\n|-weather|none\n|-damage|p2a: Urshifu|25\/100 psn|[from] psn\n|upkeep\n|turn|10\n|inactive|weirdnomad has 30 seconds left.\n|\n|t:|1701190619\n|move|p2b: Gengar|Hex|p1a: Garchomp\n|-damage|p1a: Garchomp|0 fnt\n|faint|p1a: Garchomp\n|\n|win|weirdnomad\n|raw|willbill231's rating: 1101 &rarr; <strong>1073<\/strong><br \/>(-28 for losing)\n|raw|weirdnomad's rating: 1064 &rarr; <strong>1098<\/strong><br \/>(+34 for winning)\n|l|\u2606willbill231\n|c|\u2606weirdnomad|gg\n","uploadtime":1701190892,"views":2,"p1id":"willbill231","p2id":"weirdnomad","formatid":"gen9vgc2023regulatione","rating":1073,"private":0,"password":""}