{"id":"gen9vgc2023regulatione-1992032795","p1":"corefallenkei","p2":"cavalgante","format":"[Gen 9] VGC 2023 Regulation E","log":"|j|\u2606corefallenkei\n|j|\u2606cavalgante\n|t:|1700149402\n|gametype|doubles\n|player|p1|corefallenkei|169|1303\n|player|p2|cavalgante|265|1190\n|teamsize|p1|6\n|teamsize|p2|6\n|gen|9\n|tier|[Gen 9] VGC 2023 Regulation E\n|rated|\n|rule|Species Clause: Limit one of each Pok\u00e9mon\n|rule|Item Clause: Limit one of each item\n|clearpoke\n|poke|p1|Copperajah, L50, M|\n|poke|p1|Garganacl, L50, F|\n|poke|p1|Farigiraf, L50, F|\n|poke|p1|Sinistcha-Masterpiece, L50|\n|poke|p1|Ursaluna-Bloodmoon, L50, M|\n|poke|p1|Gyarados, L50, F|\n|poke|p2|Dondozo, L50, F|\n|poke|p2|Tatsugiri, L50, F|\n|poke|p2|Rillaboom, L50, M|\n|poke|p2|Volcarona, L50, F|\n|poke|p2|Kingambit, L50, M|\n|poke|p2|Clefairy, L50, M|\n|teampreview|4\n|inactive|Battle timer is ON: inactive players will automatically lose when time's up. (requested by cavalgante)\ncorefallenkei rejected open team sheets.\n|c|\u2606corefallenkei|Iugh, dondozo team\n|inactive|cavalgante has 60 seconds left.\n|\n|t:|1700149442\n|start\n|switch|p1a: Farigiraf|Farigiraf, L50, F, shiny|100\/100\n|switch|p1b: Ursaluna|Ursaluna-Bloodmoon, L50, M|100\/100\n|switch|p2a: Kingambit|Kingambit, L50, M, shiny|100\/100\n|switch|p2b: Clefairy|Clefairy, L50, M|100\/100\n|turn|1\n|\n|t:|1700149460\n|-terastallize|p1a: Farigiraf|Fairy\n|-terastallize|p2a: Kingambit|Dark\n|move|p2b: Clefairy|Follow Me|p2b: Clefairy\n|-singleturn|p2b: Clefairy|move: Follow Me\n|move|p2a: Kingambit|Kowtow Cleave|p1a: Farigiraf\n|-resisted|p1a: Farigiraf\n|-damage|p1a: Farigiraf|61\/100\n|move|p1b: Ursaluna|Earth Power|p2b: Clefairy\n|-damage|p2b: Clefairy|51\/100\n|-unboost|p2b: Clefairy|spd|1\n|move|p1a: Farigiraf|Trick Room|p1a: Farigiraf\n|-fieldstart|move: Trick Room|[of] p1a: Farigiraf\n|\n|upkeep\n|turn|2\n|\n|t:|1700149479\n|move|p1a: Farigiraf|Helping Hand|p1b: Ursaluna\n|-singleturn|p1b: Ursaluna|Helping Hand|[of] p1a: Farigiraf\n|move|p2b: Clefairy|Protect|p2b: Clefairy\n|-singleturn|p2b: Clefairy|Protect\n|move|p2a: Kingambit|Protect|p2a: Kingambit\n|-singleturn|p2a: Kingambit|Protect\n|move|p1b: Ursaluna|Hyper Voice|p2b: Clefairy|[spread] \n|-activate|p2a: Kingambit|move: Protect\n|-activate|p2b: Clefairy|move: Protect\n|\n|upkeep\n|turn|3\n|\n|t:|1700149498\n|switch|p2a: Dondozo|Dondozo, L50, F|100\/100\n|move|p1a: Farigiraf|Helping Hand|p1b: Ursaluna\n|-singleturn|p1b: Ursaluna|Helping Hand|[of] p1a: Farigiraf\n|move|p2b: Clefairy|Heal Pulse|p2a: Dondozo\n|-fail|p2a: Dondozo|heal\n|move|p1b: Ursaluna|Blood Moon|p2a: Dondozo\n|-damage|p2a: Dondozo|4\/100\n|\n|-heal|p2a: Dondozo|11\/100|[from] item: Leftovers\n|upkeep\n|turn|4\n|\n|t:|1700149516\n|move|p1a: Farigiraf|Helping Hand|p1b: Ursaluna\n|-singleturn|p1b: Ursaluna|Helping Hand|[of] p1a: Farigiraf\n|move|p2b: Clefairy|Protect|p2b: Clefairy\n|-singleturn|p2b: Clefairy|Protect\n|move|p2a: Dondozo|Protect|p2a: Dondozo\n|-singleturn|p2a: Dondozo|Protect\n|move|p1b: Ursaluna|Hyper Voice|p2a: Dondozo|[spread] \n|-activate|p2a: Dondozo|move: Protect\n|-activate|p2b: Clefairy|move: Protect\n|\n|-heal|p2a: Dondozo|17\/100|[from] item: Leftovers\n|upkeep\n|turn|5\n|\n|t:|1700149537\n|move|p1a: Farigiraf|Helping Hand|p1b: Ursaluna\n|-singleturn|p1b: Ursaluna|Helping Hand|[of] p1a: Farigiraf\n|move|p2b: Clefairy|Heal Pulse|p2a: Dondozo\n|-heal|p2a: Dondozo|67\/100\n|move|p1b: Ursaluna|Hyper Voice|p2b: Clefairy|[spread] p2a,p2b\n|-damage|p2a: Dondozo|17\/100\n|-damage|p2b: Clefairy|0 fnt\n|faint|p2b: Clefairy\n|-enditem|p1b: Ursaluna|Throat Spray\n|-boost|p1b: Ursaluna|spa|1|[from] item: Throat Spray\n|move|p2a: Dondozo|Order Up|p1b: Ursaluna\n|-damage|p1b: Ursaluna|82\/100\n|\n|-heal|p2a: Dondozo|23\/100|[from] item: Leftovers\n|-fieldend|move: Trick Room\n|upkeep\n|\n|t:|1700149554\n|switch|p2b: Tatsugiri|Tatsugiri, L50, F|100\/100\n|-activate|p2b: Tatsugiri|ability: Commander|[of] p2a: Dondozo\n|-boost|p2a: Dondozo|atk|2\n|-boost|p2a: Dondozo|spa|2\n|-boost|p2a: Dondozo|spe|2\n|-boost|p2a: Dondozo|def|2\n|-boost|p2a: Dondozo|spd|2\n|turn|6\n|c|\u2606corefallenkei|Zzzzz\n|\n|t:|1700149565\n|move|p1b: Ursaluna|Protect|p1b: Ursaluna\n|-singleturn|p1b: Ursaluna|Protect\n|move|p2a: Dondozo|Wave Crash|p1a: Farigiraf\n|-damage|p1a: Farigiraf|0 fnt\n|faint|p1a: Farigiraf\n|-damage|p2a: Dondozo|4\/100|[from] Recoil\n|\n|-heal|p2a: Dondozo|11\/100|[from] item: Leftovers\n|upkeep\n|\n|t:|1700149571\n|switch|p1a: Sinistcha|Sinistcha-Masterpiece, L50|100\/100\n|-heal|p1b: Ursaluna|100\/100|[from] ability: Hospitality|[of] p1a: Sinistcha\n|turn|7\n|\n|t:|1700149583\n|move|p2a: Dondozo|Wave Crash|p1b: Ursaluna\n|-supereffective|p1b: Ursaluna\n|-damage|p1b: Ursaluna|0 fnt\n|faint|p1b: Ursaluna\n|-damage|p2a: Dondozo|0 fnt|[from] Recoil\n|faint|p2a: Dondozo\n|move|p1a: Sinistcha|Matcha Gotcha|p2b: Tatsugiri\n|-damage|p2b: Tatsugiri|58\/100\n|\n|upkeep\n|\n|t:|1700149594\n|switch|p2a: Kingambit|Kingambit, L50, M, shiny, tera:Dark|100\/100\n|switch|p1b: Garganacl|Garganacl, L50, F, shiny|100\/100\n|turn|8\n|\n|t:|1700149602\n|move|p1a: Sinistcha|Protect|p1a: Sinistcha\n|-singleturn|p1a: Sinistcha|Protect\n|move|p2b: Tatsugiri|Muddy Water|p1b: Garganacl|[spread] p1b\n|-activate|p1a: Sinistcha|move: Protect\n|-supereffective|p1b: Garganacl\n|-damage|p1b: Garganacl|46\/100\n|move|p2a: Kingambit|Kowtow Cleave|p1a: Sinistcha\n|-activate|p1a: Sinistcha|move: Protect\n|move|p1b: Garganacl|Salt Cure|p2b: Tatsugiri\n|-damage|p2b: Tatsugiri|32\/100\n|-start|p2b: Tatsugiri|Salt Cure\n|\n|-damage|p2b: Tatsugiri|8\/100|[from] Salt Cure\n|upkeep\n|turn|9\n|\n|t:|1700149621\n|move|p2b: Tatsugiri|Muddy Water|p1b: Garganacl|[spread] p1a,p1b\n|-resisted|p1a: Sinistcha\n|-supereffective|p1b: Garganacl\n|-damage|p1a: Sinistcha|83\/100\n|-damage|p1b: Garganacl|0 fnt\n|faint|p1b: Garganacl\n|move|p1a: Sinistcha|Life Dew|p1a: Sinistcha\n|-heal|p1a: Sinistcha|100\/100\n|move|p2a: Kingambit|Kowtow Cleave|p1a: Sinistcha\n|-supereffective|p1a: Sinistcha\n|-damage|p1a: Sinistcha|0 fnt\n|faint|p1a: Sinistcha\n|\n|win|cavalgante\n|raw|corefallenkei's rating: 1303 &rarr; <strong>1277<\/strong><br \/>(-26 for losing)\n|raw|cavalgante's rating: 1190 &rarr; <strong>1223<\/strong><br \/>(+33 for winning)\n|l|\u2606corefallenkei\n","uploadtime":1700149636,"views":17,"p1id":"corefallenkei","p2id":"cavalgante","formatid":"gen9vgc2023regulatione","rating":1223,"private":0,"password":""}