{"id":"gen9vgc2023regulatione-1999137458","p1":"gabtesting","p2":"Anjos323","format":"[Gen 9] VGC 2023 Regulation E","log":"|j|\u2606gabtesting\n|j|\u2606Anjos323\n|t:|1701037219\n|gametype|doubles\n|player|p1|gabtesting|wallace|1103\n|player|p2|Anjos323|iris-gen5bw2|1095\n|teamsize|p1|6\n|teamsize|p2|6\n|gen|9\n|tier|[Gen 9] VGC 2023 Regulation E\n|rated|\n|rule|Species Clause: Limit one of each Pok\u00e9mon\n|rule|Item Clause: Limit one of each item\n|clearpoke\n|poke|p1|Ninetales-Alola, L50, F|\n|poke|p1|Cetitan, L50, F|\n|poke|p1|Baxcalibur, L50, F|\n|poke|p1|Landorus-Therian, L50, M|\n|poke|p1|Heatran, L50, M|\n|poke|p1|Zapdos, L50|\n|poke|p2|Iron Hands, L50|\n|poke|p2|Amoonguss, L50, M|\n|poke|p2|Arcanine-Hisui, L50, M|\n|poke|p2|Flutter Mane, L50|\n|poke|p2|Tornadus, L50, M|\n|poke|p2|Urshifu-*, L50, M|\n|teampreview|4\n|inactive|Battle timer is ON: inactive players will automatically lose when time's up. (requested by gabtesting)\n|inactive|Anjos323 also wants the timer to be on.\n|\n|t:|1701037248\n|start\n|switch|p1a: Ninetales|Ninetales-Alola, L50, F|100\/100\n|switch|p1b: Baxcalibur|Baxcalibur, L50, F|100\/100\n|switch|p2a: Urshifu|Urshifu-Rapid-Strike, L50, M|100\/100\n|switch|p2b: Tornadus|Tornadus, L50, M|100\/100\n|-weather|Snow|[from] ability: Snow Warning|[of] p1a: Ninetales\n|turn|1\n|\n|t:|1701037262\n|switch|p1a: Zapdos|Zapdos, L50|100\/100\n|move|p2b: Tornadus|Rain Dance|p2b: Tornadus\n|-weather|RainDance\n|move|p2a: Urshifu|Close Combat|p1b: Baxcalibur\n|-supereffective|p1b: Baxcalibur\n|-damage|p1b: Baxcalibur|0 fnt\n|-unboost|p2a: Urshifu|def|1\n|-unboost|p2a: Urshifu|spd|1\n|faint|p1b: Baxcalibur\n|\n|-weather|RainDance|[upkeep]\n|upkeep\n|\n|t:|1701037274\n|switch|p1b: Ninetales|Ninetales-Alola, L50, F|100\/100\n|-weather|Snow|[from] ability: Snow Warning|[of] p1b: Ninetales\n|turn|2\n|\n|t:|1701037289\n|move|p2a: Urshifu|Detect|p2a: Urshifu\n|-singleturn|p2a: Urshifu|Protect\n|move|p2b: Tornadus|Rain Dance|p2b: Tornadus\n|-weather|RainDance\n|move|p1b: Ninetales|Aurora Veil||[still]\n|-fail|p1b: Ninetales\n|move|p1a: Zapdos|Tailwind|p1a: Zapdos\n|-sidestart|p1: gabtesting|move: Tailwind\n|\n|-weather|RainDance|[upkeep]\n|upkeep\n|turn|3\n|\n|t:|1701037309\n|switch|p1b: Landorus|Landorus-Therian, L50, M|100\/100\n|-ability|p1b: Landorus|Intimidate|boost\n|-unboost|p2a: Urshifu|atk|1\n|-unboost|p2b: Tornadus|atk|1\n|move|p2b: Tornadus|Tailwind|p2b: Tornadus\n|-sidestart|p2: Anjos323|move: Tailwind\n|move|p2a: Urshifu|Surging Strikes|p1b: Landorus\n|-supereffective|p1b: Landorus\n|-crit|p1b: Landorus\n|-damage|p1b: Landorus|11\/100\n|-supereffective|p1b: Landorus\n|-crit|p1b: Landorus\n|-damage|p1b: Landorus|0 fnt\n|faint|p1b: Landorus\n|-hitcount|p1: Landorus|2\n|move|p1a: Zapdos|Thunderbolt|p2a: Urshifu\n|-supereffective|p2a: Urshifu\n|-damage|p2a: Urshifu|0 fnt\n|faint|p2a: Urshifu\n|\n|-weather|RainDance|[upkeep]\n|upkeep\n|\n|t:|1701037321\n|switch|p2a: Iron Hands|Iron Hands, L50|100\/100\n|switch|p1b: Ninetales|Ninetales-Alola, L50, F|100\/100\n|-weather|Snow|[from] ability: Snow Warning|[of] p1b: Ninetales\n|turn|4\n|\n|t:|1701037335\n|move|p2b: Tornadus|Protect|p2b: Tornadus\n|-singleturn|p2b: Tornadus|Protect\n|move|p1b: Ninetales|Protect|p1b: Ninetales\n|-singleturn|p1b: Ninetales|Protect\n|move|p2a: Iron Hands|Fake Out|p1b: Ninetales\n|-activate|p1b: Ninetales|move: Protect\n|move|p1a: Zapdos|Thunderbolt|p2b: Tornadus\n|-activate|p2b: Tornadus|move: Protect\n|\n|-weather|Snow|[upkeep]\n|upkeep\n|turn|5\n|\n|t:|1701037353\n|move|p2b: Tornadus|Rain Dance|p2b: Tornadus\n|-weather|RainDance\n|move|p1b: Ninetales|Blizzard|p2b: Tornadus|[spread] \n|-miss|p1b: Ninetales|p2a: Iron Hands\n|-miss|p1b: Ninetales|p2b: Tornadus\n|move|p1a: Zapdos|Hurricane|p2a: Iron Hands\n|-damage|p2a: Iron Hands|68\/100\n|move|p2a: Iron Hands|Wild Charge|p1b: Ninetales\n|-damage|p1b: Ninetales|44\/100\n|-enditem|p1b: Ninetales|Sitrus Berry|[eat]\n|-heal|p1b: Ninetales|68\/100|[from] item: Sitrus Berry\n|-damage|p2a: Iron Hands|59\/100|[from] Recoil\n|\n|-weather|RainDance|[upkeep]\n|-sideend|p1: gabtesting|move: Tailwind\n|upkeep\n|turn|6\n|inactive|gabtesting has 30 seconds left.\n|\n|t:|1701037384\n|move|p2b: Tornadus|Bleakwind Storm|p1b: Ninetales|[spread] p1a,p1b\n|-resisted|p1a: Zapdos\n|-crit|p1b: Ninetales\n|-damage|p1a: Zapdos|85\/100\n|-damage|p1b: Ninetales|18\/100\n|move|p1b: Ninetales|Blizzard|p2b: Tornadus|[spread] p2a,p2b\n|-supereffective|p2b: Tornadus\n|-damage|p2a: Iron Hands|43\/100\n|-damage|p2b: Tornadus|62\/100\n|move|p2a: Iron Hands|Rock Slide|p1b: Ninetales|[spread] p1a,p1b\n|-supereffective|p1a: Zapdos\n|-supereffective|p1b: Ninetales\n|-damage|p1a: Zapdos|48\/100\n|-damage|p1b: Ninetales|0 fnt\n|faint|p1b: Ninetales\n|move|p1a: Zapdos|Tailwind|p1a: Zapdos\n|-sidestart|p1: gabtesting|move: Tailwind\n|\n|-weather|RainDance|[upkeep]\n|-sideend|p2: Anjos323|move: Tailwind\n|upkeep\n|turn|7\n|-message|gabtesting forfeited.\n|\n|win|Anjos323\n|raw|gabtesting's rating: 1103 &rarr; <strong>1077<\/strong><br \/>(-26 for losing)\n|raw|Anjos323's rating: 1095 &rarr; <strong>1121<\/strong><br \/>(+26 for winning)\n","uploadtime":1701037401,"views":15,"p1id":"gabtesting","p2id":"anjos323","formatid":"gen9vgc2023regulatione","rating":1077,"private":0,"password":""}