{"id":"gen9vgc2023regulatione-1996786575","p1":"Nightmare_King_VGC","p2":"huibao","format":"[Gen 9] VGC 2023 Regulation E","log":"|j|\u2606Nightmare_King_VGC\n|j|\u2606huibao\n|t:|1700725154\n|gametype|doubles\n|player|p1|Nightmare_King_VGC|veteranf|1623\n|player|p2|huibao|265|1787\n|teamsize|p1|6\n|teamsize|p2|6\n|gen|9\n|tier|[Gen 9] VGC 2023 Regulation E\n|rated|\n|rule|Species Clause: Limit one of each Pok\u00e9mon\n|rule|Item Clause: Limit one of each item\n|clearpoke\n|poke|p1|Dondozo, L50, M|\n|poke|p1|Tatsugiri, L50, F|\n|poke|p1|Ogerpon-Hearthflame, L50, F|\n|poke|p1|Iron Hands, L50|\n|poke|p1|Ninetales-Alola, L50, F|\n|poke|p1|Glimmora, L50, F|\n|poke|p2|Ursaluna-Bloodmoon, L50, M|\n|poke|p2|Urshifu-*, L50, F|\n|poke|p2|Landorus-Therian, L50, M|\n|poke|p2|Dusclops, L50, F|\n|poke|p2|Iron Hands, L50|\n|poke|p2|Ogerpon-Hearthflame, L50, F|\n|teampreview|4\n|\n|t:|1700725165\n|start\n|switch|p1a: Ninetales|Ninetales-Alola, L50, F|100\/100\n|switch|p1b: Glimmora|Glimmora, L50, F|100\/100\n|switch|p2a: Dusclops|Dusclops, L50, F|100\/100\n|switch|p2b: Iron Hands|Iron Hands, L50|100\/100\n|-weather|Snow|[from] ability: Snow Warning|[of] p1a: Ninetales\n|-item|p1a: Ninetales|Light Clay|[from] ability: Frisk|[of] p2a: Dusclops|[identify]\n|-item|p1b: Glimmora|Focus Sash|[from] ability: Frisk|[of] p2a: Dusclops|[identify]\n|turn|1\n|j| Lavenderawa\n|\n|t:|1700725179\n|move|p1a: Ninetales|Aurora Veil|p1a: Ninetales\n|-sidestart|p1: Nightmare_King_VGC|move: Aurora Veil\n|move|p1b: Glimmora|Mortal Spin|p2a: Dusclops|[spread] p2a,p2b\n|-resisted|p2a: Dusclops\n|-damage|p2a: Dusclops|99\/100\n|-damage|p2b: Iron Hands|98\/100\n|-status|p2a: Dusclops|psn\n|-status|p2b: Iron Hands|psn\n|move|p2b: Iron Hands|Heavy Slam|p1a: Ninetales\n|-supereffective|p1a: Ninetales\n|-damage|p1a: Ninetales|0 fnt\n|faint|p1a: Ninetales\n|move|p2a: Dusclops|Trick Room|p2a: Dusclops\n|-fieldstart|move: Trick Room|[of] p2a: Dusclops\n|\n|-weather|Snow|[upkeep]\n|-damage|p2a: Dusclops|87\/100 psn|[from] psn\n|-damage|p2b: Iron Hands|86\/100 psn|[from] psn\n|upkeep\n|\n|t:|1700725196\n|switch|p1a: Ogerpon|Ogerpon-Hearthflame, L50, F|100\/100\n|-ability|p1a: Ogerpon|Mold Breaker\n|turn|2\n|\n|t:|1700725206\n|-end|p2b: Iron Hands|Quark Drive|[silent]\n|switch|p2b: Ursaluna|Ursaluna-Bloodmoon, L50, M|100\/100\n|move|p2a: Dusclops|Night Shade|p1b: Glimmora\n|-damage|p1b: Glimmora|69\/100\n|move|p1b: Glimmora|Earth Power|p2b: Ursaluna\n|-damage|p2b: Ursaluna|67\/100\n|move|p1a: Ogerpon|Swords Dance|p1a: Ogerpon\n|-boost|p1a: Ogerpon|atk|2\n|\n|-weather|Snow|[upkeep]\n|-damage|p2a: Dusclops|75\/100 psn|[from] psn\n|upkeep\n|turn|3\n|\n|t:|1700725241\n|-terastallize|p2b: Ursaluna|Normal\n|move|p1a: Ogerpon|Spiky Shield|p1a: Ogerpon\n|-singleturn|p1a: Ogerpon|move: Protect\n|move|p2a: Dusclops|Brick Break|p1b: Glimmora\n|-sideend|p1: Nightmare_King_VGC|move: Aurora Veil\n|-damage|p1b: Glimmora|54\/100\n|-activate|p1b: Glimmora|ability: Toxic Debris\n|-sidestart|p2: huibao|move: Toxic Spikes\n|move|p2b: Ursaluna|Blood Moon|p1a: Ogerpon\n|-activate|p1a: Ogerpon|move: Protect\n|move|p1b: Glimmora|Mortal Spin|p2a: Dusclops|[spread] p2a,p2b\n|-resisted|p2a: Dusclops\n|-damage|p2a: Dusclops|73\/100 psn\n|-damage|p2b: Ursaluna|64\/100\n|-status|p2b: Ursaluna|psn\n|\n|-weather|Snow|[upkeep]\n|-damage|p2a: Dusclops|61\/100 psn|[from] psn\n|-damage|p2b: Ursaluna|51\/100 psn|[from] psn\n|upkeep\n|turn|4\n|\n|t:|1700725273\n|move|p2a: Dusclops|Brick Break|p2b: Ursaluna\n|-supereffective|p2b: Ursaluna\n|-damage|p2b: Ursaluna|32\/100 psn\n|-enditem|p2b: Ursaluna|Weakness Policy\n|-boost|p2b: Ursaluna|atk|2|[from] item: Weakness Policy\n|-boost|p2b: Ursaluna|spa|2|[from] item: Weakness Policy\n|move|p2b: Ursaluna|Hyper Voice|p1b: Glimmora|[spread] p1a,p1b\n|-resisted|p1b: Glimmora\n|-damage|p1a: Ogerpon|0 fnt\n|-damage|p1b: Glimmora|0 fnt\n|faint|p1a: Ogerpon\n|faint|p1b: Glimmora\n|\n|-weather|Snow|[upkeep]\n|-damage|p2a: Dusclops|49\/100 psn|[from] psn\n|-damage|p2b: Ursaluna|20\/100 psn|[from] psn\n|upkeep\n|j| Milktea00\n|j| Hyperhit94\n|\n|t:|1700725283\n|switch|p1b: Iron Hands|Iron Hands, L50|100\/100\n|turn|5\n|\n|t:|1700725291\n|move|p2a: Dusclops|Will-O-Wisp|p1b: Iron Hands\n|-status|p1b: Iron Hands|brn\n|move|p2b: Ursaluna|Earth Power|p1b: Iron Hands\n|-supereffective|p1b: Iron Hands\n|-damage|p1b: Iron Hands|0 fnt\n|faint|p1b: Iron Hands\n|-end|p1b: Iron Hands|Quark Drive|[silent]\n|\n|win|huibao\n|raw|Nightmare_King_VGC's rating: 1623 &rarr; <strong>1612<\/strong><br \/>(-11 for losing)\n|raw|huibao's rating: 1787 &rarr; <strong>1798<\/strong><br \/>(+11 for winning)\n|l| Lavenderawa\n|l|\u2606Nightmare_King_VGC\n|l|\u2606huibao\n","uploadtime":1700725374,"views":2,"p1id":"nightmarekingvgc","p2id":"huibao","formatid":"gen9vgc2023regulatione","rating":1612,"private":0,"password":""}