{"id":"gen9vgc2023regulatione-1997389884","p1":"hvac goon","p2":"sudoz","format":"[Gen 9] VGC 2023 Regulation E","log":"|j|\u2606hvac goon\n|j|\u2606sudoz\n|t:|1700797886\n|gametype|doubles\n|player|p1|hvac goon|266|\n|player|p2|sudoz|caitlin|\n|teamsize|p1|6\n|teamsize|p2|6\n|gen|9\n|tier|[Gen 9] VGC 2023 Regulation E\n|rated|Tournament battle\n|rule|Species Clause: Limit one of each Pok\u00e9mon\n|rule|Item Clause: Limit one of each item\n|clearpoke\n|poke|p1|Iron Bundle, L50|\n|poke|p1|Chi-Yu, L50|\n|poke|p1|Chien-Pao, L50|\n|poke|p1|Dragonite, L50, M|\n|poke|p1|Dondozo, L50, F|\n|poke|p1|Tatsugiri, L50, M|\n|poke|p2|Gholdengo, L50|\n|poke|p2|Tornadus, L50, M|\n|poke|p2|Urshifu-*, L50, M|\n|poke|p2|Iron Hands, L50|\n|poke|p2|Amoonguss, L50, M|\n|poke|p2|Arcanine-Hisui, L50, F|\n|teampreview|4\n|showteam|p1|Iron Bundle||BoosterEnergy|QuarkDrive|IcyWind,FreezeDry,HydroPump,Protect||||||50|,,,,,Water]Chi-Yu||ChoiceSpecs|BeadsofRuin|Snarl,DarkPulse,HeatWave,Overheat||||||50|,,,,,Ghost]Chien-Pao||FocusSash|SwordofRuin|IceSpinner,SuckerPunch,SacredSword,Protect||||||50|,,,,,Ghost]Dragonite||AssaultVest|InnerFocus|AerialAce,Outrage,ExtremeSpeed,StompingTantrum|||M|||50|,,,,,Normal]Dondozo||Leftovers|Oblivious|WaveCrash,OrderUp,Earthquake,Protect|||F|||50|,,,,,Dragon]Tatsugiri||ChoiceScarf|Commander|DracoMeteor,MuddyWater,IcyWind,TeraBlast|||M|||50|,,,,,Steel\n|showteam|p2|Gholdengo||Leftovers|GoodasGold|MakeItRain,ShadowBall,NastyPlot,Protect||||||50|,,,,,Dragon]Tornadus||RockyHelmet|Prankster|BleakwindStorm,RainDance,Tailwind,Protect|||M|||50|,,,,,Steel]Urshifu-Rapid-Strike||MysticWater|UnseenFist|SurgingStrikes,CloseCombat,AquaJet,Detect|||M|||50|,,,,,Water]Iron Hands||AssaultVest|QuarkDrive|FakeOut,DrainPunch,WildCharge,VoltSwitch||||||50|,,,,,Water]Amoonguss||SitrusBerry|Regenerator|Spore,RagePowder,PollenPuff,Protect|||M|||50|,,,,,Water]Arcanine-Hisui||ChoiceBand|Intimidate|FlareBlitz,RockSlide,ExtremeSpeed,TeraBlast|||F|||50|,,,,,Fairy\n|inactive|Battle timer is ON: inactive players will automatically lose when time's up. (requested by hvac goon)\n|inactive|sudoz also wants the timer to be on.\n|j|%Radio Free C-Side\n|inactive|hvac goon has 60 seconds left.\n|inactive|sudoz has 60 seconds left.\n|inactive|hvac goon has 30 seconds left.\n|\n|t:|1700797950\n|start\n|switch|p1a: Iron Bundle|Iron Bundle, L50|100\/100\n|switch|p1b: Chi-Yu|Chi-Yu, L50|100\/100\n|switch|p2a: Iron Hands|Iron Hands, L50, shiny|100\/100\n|switch|p2b: Arcanine|Arcanine-Hisui, L50, F|100\/100\n|-ability|p1b: Chi-Yu|Beads of Ruin\n|-ability|p2b: Arcanine|Intimidate|boost\n|-unboost|p1a: Iron Bundle|atk|1\n|-unboost|p1b: Chi-Yu|atk|1\n|-enditem|p1a: Iron Bundle|Booster Energy\n|-activate|p1a: Iron Bundle|ability: Quark Drive|[fromitem]\n|-start|p1a: Iron Bundle|quarkdrivespe\n|turn|1\n|j| WickedCheeseTouch\n|inactive|hvac goon has 30 seconds left.\n|l| WickedCheeseTouch\n|\n|t:|1700797979\n|move|p1a: Iron Bundle|Protect|p1a: Iron Bundle\n|-singleturn|p1a: Iron Bundle|Protect\n|move|p1b: Chi-Yu|Dark Pulse|p2b: Arcanine\n|-damage|p2b: Arcanine|0 fnt\n|faint|p2b: Arcanine\n|move|p2a: Iron Hands|Volt Switch|p1b: Chi-Yu\n|-damage|p1b: Chi-Yu|84\/100\n|\n|t:|1700797992\n|-end|p2a: Iron Hands|Quark Drive|[silent]\n|switch|p2a: Gholdengo|Gholdengo, L50|100\/100|[from] Volt Switch\n|\n|upkeep\n|\n|t:|1700797993\n|switch|p2b: Iron Hands|Iron Hands, L50, shiny|100\/100\n|turn|2\n|\n|t:|1700798009\n|move|p2a: Gholdengo|Protect|p2a: Gholdengo\n|-singleturn|p2a: Gholdengo|Protect\n|move|p1a: Iron Bundle|Freeze-Dry|p2a: Gholdengo\n|-activate|p2a: Gholdengo|move: Protect\n|move|p1b: Chi-Yu|Dark Pulse|p2a: Gholdengo\n|-activate|p2a: Gholdengo|move: Protect\n|move|p2b: Iron Hands|Wild Charge|p1b: Chi-Yu\n|-damage|p1b: Chi-Yu|1\/100\n|-damage|p2b: Iron Hands|89\/100|[from] Recoil\n|\n|upkeep\n|turn|3\n|\n|t:|1700798026\n|switch|p2a: Amoonguss|Amoonguss, L50, M, shiny|100\/100\n|move|p1a: Iron Bundle|Freeze-Dry|p2a: Amoonguss\n|-supereffective|p2a: Amoonguss\n|-damage|p2a: Amoonguss|24\/100\n|-enditem|p2a: Amoonguss|Sitrus Berry|[eat]\n|-heal|p2a: Amoonguss|48\/100|[from] item: Sitrus Berry\n|move|p1b: Chi-Yu|Dark Pulse|p2a: Amoonguss\n|-damage|p2a: Amoonguss|0 fnt\n|faint|p2a: Amoonguss\n|move|p2b: Iron Hands|Volt Switch|p1b: Chi-Yu\n|-damage|p1b: Chi-Yu|0 fnt\n|faint|p1b: Chi-Yu\n|j| LikelyJelly\n|\n|t:|1700798032\n|-end|p2b: Iron Hands|Quark Drive|[silent]\n|switch|p2b: Gholdengo|Gholdengo, L50|100\/100|[from] Volt Switch\n|\n|upkeep\n|c|\u2606hvac goon|GGs\n|j| viper pit\n|\n|t:|1700798041\n|switch|p1b: Dondozo|Dondozo, L50, F|100\/100\n|switch|p2a: Iron Hands|Iron Hands, L50, shiny|89\/100\n|turn|4\n|inactive|hvac goon has 30 seconds left.\n|\n|t:|1700798067\n|-end|p1a: Iron Bundle|Quark Drive|[silent]\n|switch|p1a: Tatsugiri|Tatsugiri, L50, M|100\/100\n|-activate|p1a: Tatsugiri|ability: Commander|[of] p1b: Dondozo\n|-boost|p1b: Dondozo|atk|2\n|-boost|p1b: Dondozo|spa|2\n|-boost|p1b: Dondozo|spe|2\n|-boost|p1b: Dondozo|def|2\n|-boost|p1b: Dondozo|spd|2\n|move|p2a: Iron Hands|Fake Out|p1b: Dondozo\n|-damage|p1b: Dondozo|96\/100\n|move|p2b: Gholdengo|Nasty Plot|p2b: Gholdengo\n|-boost|p2b: Gholdengo|spa|2\n|cant|p1b: Dondozo|flinch\n|\n|-heal|p1b: Dondozo|100\/100|[from] item: Leftovers\n|upkeep\n|turn|5\n|j| ootama\n|j| Flarefox_7\n|\n|t:|1700798088\n|-terastallize|p2b: Gholdengo|Dragon\n|-terastallize|p1b: Dondozo|Dragon\n|move|p2b: Gholdengo|Shadow Ball|p1b: Dondozo\n|-damage|p1b: Dondozo|65\/100\n|move|p1b: Dondozo|Earthquake|p2b: Gholdengo|[spread] p2a,p2b\n|-miss|p1b: Dondozo|p1a: Tatsugiri\n|-supereffective|p2a: Iron Hands\n|-damage|p2a: Iron Hands|26\/100\n|-damage|p2b: Gholdengo|54\/100\n|move|p2a: Iron Hands|Drain Punch|p1b: Dondozo\n|-damage|p1b: Dondozo|52\/100\n|-heal|p2a: Iron Hands|33\/100|[from] drain|[of] p1b: Dondozo\n|\n|-heal|p2b: Gholdengo|61\/100|[from] item: Leftovers\n|-heal|p1b: Dondozo|58\/100|[from] item: Leftovers\n|upkeep\n|turn|6\n|l| ootama\n|\n|t:|1700798109\n|move|p2b: Gholdengo|Make It Rain|p1a: Tatsugiri|[spread] p1b\n|-miss|p2b: Gholdengo|p1a: Tatsugiri\n|-damage|p1b: Dondozo|15\/100\n|-unboost|p2b: Gholdengo|spa|1\n|move|p1b: Dondozo|Earthquake|p2b: Gholdengo|[spread] p2a,p2b\n|-miss|p1b: Dondozo|p1a: Tatsugiri\n|-supereffective|p2a: Iron Hands\n|-damage|p2a: Iron Hands|0 fnt\n|-damage|p2b: Gholdengo|17\/100\n|faint|p2a: Iron Hands\n|-end|p2a: Iron Hands|Quark Drive|[silent]\n|\n|-heal|p2b: Gholdengo|23\/100|[from] item: Leftovers\n|-heal|p1b: Dondozo|21\/100|[from] item: Leftovers\n|upkeep\n|turn|7\n|\n|t:|1700798124\n|move|p1b: Dondozo|Protect|p1b: Dondozo\n|-singleturn|p1b: Dondozo|Protect\n|move|p2b: Gholdengo|Nasty Plot|p2b: Gholdengo\n|-boost|p2b: Gholdengo|spa|2\n|\n|-heal|p2b: Gholdengo|30\/100|[from] item: Leftovers\n|-heal|p1b: Dondozo|27\/100|[from] item: Leftovers\n|upkeep\n|turn|8\n|\n|t:|1700798132\n|move|p2b: Gholdengo|Shadow Ball|p1b: Dondozo\n|-damage|p1b: Dondozo|0 fnt\n|faint|p1b: Dondozo\n|\n|-heal|p2b: Gholdengo|36\/100|[from] item: Leftovers\n|upkeep\n|\n|t:|1700798138\n|switch|p1b: Iron Bundle|Iron Bundle, L50|100\/100\n|turn|9\n|-message|sudoz forfeited.\n|\n|win|hvac goon\n|n|\u2606hvac goon|hvacgoon\n|n|\u2606sudoz|sudoz\n|n| Radio Free C-Side|radiofreecside\n|n| LikelyJelly|likelyjelly\n|n| viper pit|viperpit\n|n| Flarefox_7|flarefox7\n","uploadtime":1700798144,"views":5,"p1id":"hvacgoon","p2id":"sudoz","formatid":"gen9vgc2023regulatione","rating":0,"private":0,"password":""}