{"id":"gen9vgc2023regulatione-1990738282","p1":"jayballester","p2":"Tuxmux","format":"[Gen 9] VGC 2023 Regulation E","log":"|j|\u2606jayballester\n|j|\u2606Tuxmux\n|t:|1699996230\n|gametype|doubles\n|player|p1|jayballester|riley|\n|player|p2|Tuxmux|101|\n|teamsize|p1|6\n|teamsize|p2|6\n|gen|9\n|tier|[Gen 9] VGC 2023 Regulation E\n|rule|Species Clause: Limit one of each Pok\u00e9mon\n|rule|Item Clause: Limit one of each item\n|clearpoke\n|poke|p1|Chien-Pao, L50|\n|poke|p1|Empoleon, L50, M|\n|poke|p1|Arcanine-Hisui, L50, F|\n|poke|p1|Medicham, L50, F|\n|poke|p1|Noivern, L50, F|\n|poke|p1|Rotom-Mow, L50|\n|poke|p2|Flutter Mane, L50|\n|poke|p2|Gholdengo, L50|\n|poke|p2|Gothitelle, L50, M|\n|poke|p2|Zapdos-Galar, L50|\n|poke|p2|Shiftry, L50, M|\n|poke|p2|Bellibolt, L50, F|\n|teampreview|4\n|c|\u2606Tuxmux|yeah 2 reads correct and games immediately over\n|c|\u2606Tuxmux|wild lead\n|c|\u2606jayballester|these games with Pao offense are so volatile\n|\n|t:|1699996270\n|start\n|switch|p1a: Chien-Pao|Chien-Pao, L50|100\/100\n|switch|p1b: Arcanine|Arcanine-Hisui, L50, F|100\/100\n|switch|p2a: Flutter Mane|Flutter Mane, L50|100\/100\n|switch|p2b: Gholdengo|Gholdengo, L50|100\/100\n|-ability|p1a: Chien-Pao|Sword of Ruin\n|-enditem|p2a: Flutter Mane|Booster Energy\n|-activate|p2a: Flutter Mane|ability: Protosynthesis|[fromitem]\n|-start|p2a: Flutter Mane|protosynthesisspe\n|turn|1\n|\n|t:|1699996296\n|-terastallize|p2b: Gholdengo|Steel\n|move|p1a: Chien-Pao|Sucker Punch|p2b: Gholdengo\n|-damage|p2b: Gholdengo|48\/100\n|move|p2a: Flutter Mane|Icy Wind|p1b: Arcanine|[spread] p1a,p1b\n|-resisted|p1a: Chien-Pao\n|-resisted|p1b: Arcanine\n|-damage|p1a: Chien-Pao|90\/100\n|-damage|p1b: Arcanine|91\/100\n|-unboost|p1a: Chien-Pao|spe|1\n|-unboost|p1b: Arcanine|spe|1\n|move|p2b: Gholdengo|Make It Rain|p1b: Arcanine|[spread] p1a,p1b\n|-supereffective|p1a: Chien-Pao\n|-crit|p1b: Arcanine\n|-damage|p1a: Chien-Pao|0 fnt\n|-damage|p1b: Arcanine|0 fnt\n|-unboost|p2b: Gholdengo|spa|1\n|faint|p1a: Chien-Pao\n|faint|p1b: Arcanine\n|\n|upkeep\n|c|\u2606jayballester|like that\n|\n|t:|1699996306\n|switch|p1a: Empoleon|Empoleon, L50, M|100\/100\n|switch|p1b: Medicham|Medicham, L50, F|100\/100\n|turn|2\n|c|\u2606Tuxmux|think the crit mattered?\n|c|\u2606jayballester|nah\n|c|\u2606jayballester|not on a tera choice specs lmao\n|c|\u2606Tuxmux|xd\n|\n|t:|1699996354\n|switch|p2b: Gothitelle|Gothitelle, L50, M|100\/100\n|-terastallize|p1b: Medicham|Steel\n|move|p2a: Flutter Mane|Protect|p2a: Flutter Mane\n|-singleturn|p2a: Flutter Mane|Protect\n|move|p1b: Medicham|Zen Headbutt|p2b: Gothitelle\n|-resisted|p2b: Gothitelle\n|-damage|p2b: Gothitelle|79\/100\n|-damage|p1b: Medicham|84\/100|[from] item: Rocky Helmet|[of] p2b: Gothitelle\n|move|p1a: Empoleon|Flash Cannon|p2a: Flutter Mane\n|-activate|p2a: Flutter Mane|move: Protect\n|\n|upkeep\n|turn|3\n|c|\u2606jayballester|big rip\n|\n|t:|1699996377\n|-end|p2a: Flutter Mane|Protosynthesis|[silent]\n|switch|p2a: Gholdengo|Gholdengo, L50, tera:Steel|48\/100\n|move|p2b: Gothitelle|Fake Out|p1b: Medicham\n|-resisted|p1b: Medicham\n|-damage|p1b: Medicham|79\/100\n|cant|p1b: Medicham|flinch\n|move|p1a: Empoleon|Flash Cannon|p2a: Gholdengo\n|-resisted|p2a: Gholdengo\n|-damage|p2a: Gholdengo|24\/100\n|\n|upkeep\n|turn|4\n|\n|t:|1699996392\n|move|p1a: Empoleon|Vacuum Wave|p2a: Gholdengo\n|-supereffective|p2a: Gholdengo\n|-damage|p2a: Gholdengo|0 fnt\n|faint|p2a: Gholdengo\n|move|p1b: Medicham|Fling|p2b: Gothitelle\n|-supereffective|p2b: Gothitelle\n|-damage|p2b: Gothitelle|0 fnt\n|-enditem|p1b: Medicham|Big Nugget|[from] move: Fling\n|faint|p2b: Gothitelle\n|\n|upkeep\n|c|\u2606Tuxmux|ah mfer\n|\n|t:|1699996399\n|switch|p2a: Flutter Mane|Flutter Mane, L50|100\/100\n|switch|p2b: Shiftry|Shiftry, L50, M|100\/100\n|turn|5\n|c|\u2606jayballester|nah I lose anyways\n|\n|t:|1699996433\n|move|p2a: Flutter Mane|Protect|p2a: Flutter Mane\n|-singleturn|p2a: Flutter Mane|Protect\n|move|p2b: Shiftry|Leaf Blade|p1a: Empoleon\n|-crit|p1a: Empoleon\n|-damage|p1a: Empoleon|43\/100\n|move|p1b: Medicham|Close Combat|p2b: Shiftry\n|-supereffective|p2b: Shiftry\n|-crit|p2b: Shiftry\n|-damage|p2b: Shiftry|0 fnt\n|-unboost|p1b: Medicham|def|1\n|-unboost|p1b: Medicham|spd|1\n|faint|p2b: Shiftry\n|move|p1a: Empoleon|Ice Beam|p2a: Flutter Mane\n|-activate|p2a: Flutter Mane|move: Protect\n|\n|upkeep\n|turn|6\n|c|\u2606jayballester|oh wait\n|c|\u2606Tuxmux|i dont have shadow ball\n|c|\u2606Tuxmux|I can't hit u at all\n|c|\u2606Tuxmux|D:\n|c|\u2606jayballester|i mean moonblast still hurts\n|c|\u2606Tuxmux|not against steel no\n|\n|t:|1699996466\n|move|p2a: Flutter Mane|Moonblast|p1a: Empoleon\n|-resisted|p1a: Empoleon\n|-damage|p1a: Empoleon|28\/100\n|move|p1b: Medicham|Zen Headbutt|p2a: Flutter Mane|[miss]\n|-miss|p1b: Medicham|p2a: Flutter Mane\n|move|p1a: Empoleon|Flash Cannon|p2a: Flutter Mane\n|-supereffective|p2a: Flutter Mane\n|-damage|p2a: Flutter Mane|18\/100\n|\n|upkeep\n|turn|7\n|c|\u2606Tuxmux|OOH\n|c|\u2606Tuxmux|HURTS\n|c|\u2606Tuxmux|yeah I realized I have nothing to hit this combo\n|c|\u2606Tuxmux|in my entire 4\n|\n|t:|1699996496\n|move|p2a: Flutter Mane|Moonblast|p1a: Empoleon\n|-resisted|p1a: Empoleon\n|-damage|p1a: Empoleon|14\/100\n|move|p1b: Medicham|Zen Headbutt|p2a: Flutter Mane\n|-damage|p2a: Flutter Mane|0 fnt\n|faint|p2a: Flutter Mane\n|-end|p2a: Flutter Mane|Protosynthesis|[silent]\n|\n|win|jayballester\n|c|\u2606Tuxmux|its okay doing no shadow ball when i got a chi-yu on my side xd\n|c|\u2606Tuxmux|but uh\n|c|\u2606jayballester|yeeah\n|c|\u2606jayballester|let's do yours and then we can talk\n","uploadtime":1699996554,"views":15,"p1id":"jayballester","p2id":"tuxmux","formatid":"gen9vgc2023regulatione","rating":0,"private":0,"password":""}