{"id":"gen9vgc2023regulatione-1997522448","p1":"perceived slight","p2":"Ytterby","format":"[Gen 9] VGC 2023 Regulation E","log":"|j|\u2606perceived slight\n|j|\u2606Ytterby\n|n|\u2606perceived slight|perceivedslight\n|n|\u2606Ytterby|ytterby\n|html|View the match progress at <a href=\"\/game-bestof3-gen9vgc2023regulatione-1997519825\">game-bestof3-gen9vgc2023regulatione-1997519825<\/a>\n|t:|1700819697\n|gametype|doubles\n|player|p1|perceived slight|ninjaboy|\n|player|p2|Ytterby|brycenman|\n|teamsize|p1|6\n|teamsize|p2|6\n|gen|9\n|tier|[Gen 9] VGC 2023 Regulation E\n|rule|Species Clause: Limit one of each Pok\u00e9mon\n|rule|Item Clause: Limit one of each item\n|clearpoke\n|poke|p1|Regieleki, L50|\n|poke|p1|Corviknight, L50, M|\n|poke|p1|Amoonguss, L50, M|\n|poke|p1|Urshifu-*, L50, F|\n|poke|p1|Dragapult, L50, M|\n|poke|p1|Ting-Lu, L50|\n|poke|p2|Indeedee-F, L50, F|\n|poke|p2|Armarouge, L50, F|\n|poke|p2|Torkoal, L50, M|\n|poke|p2|Amoonguss, L50, F|\n|poke|p2|Ursaluna-Bloodmoon, L50, M|\n|poke|p2|Gastrodon, L50, F|\n|teampreview|4\nYtterby has agreed to open team sheets.\nperceived slight has agreed to open team sheets.\n|showteam|p1|Regieleki||Magnet|Transistor|Thunderbolt,Electroweb,TeraBlast,Protect||||||50|,,,,,Ice]Corviknight||Leftovers|MirrorArmor|BraveBird,Roost,Taunt,BulkUp|||M|||50|,,,,,Dragon]Amoonguss||RockyHelmet|Regenerator|Spore,RagePowder,ClearSmog,PollenPuff|||M|||50|,,,,,Water]Urshifu-Rapid-Strike||ChoiceScarf|UnseenFist|SurgingStrikes,CloseCombat,Uturn,PoisonJab|||F|||50|,,,,,Water]Dragapult||FocusSash|ClearBody|WillOWisp,DragonDarts,Disable,Protect|||M|||50|,,,,,Fairy]Ting-Lu||SitrusBerry|VesselofRuin|Payback,StompingTantrum,HeavySlam,Protect||||||50|,,,,,Fire\n|showteam|p2|Indeedee-F||PsychicSeed|PsychicSurge|FollowMe,TrickRoom,HelpingHand,Psychic|||F|||50|,,,,,Water]Armarouge||LifeOrb|FlashFire|ExpandingForce,HeatWave,TrickRoom,WideGuard|||F|||50|,,,,,Grass]Torkoal||ChoiceSpecs|Drought|Eruption,Flamethrower,SolarBeam,EarthPower|||M|||50|,,,,,Fire]Amoonguss||SitrusBerry|Regenerator|Spore,PollenPuff,RagePowder,Protect|||F|||50|,,,,,Water]Ursaluna-Bloodmoon||AssaultVest|MindsEye|HyperVoice,BloodMoon,EarthPower,Moonblast|||M|||50|,,,,,Fairy]Gastrodon||Leftovers|StormDrain|Counter,MirrorCoat,MuddyWater,Protect|||F|||50|,,,,,Dragon\n|c|\u2606perceived slight|fack\n|c|\u2606Ytterby|I don't know how I brought that back tbh\n|c|\u2606perceived slight|i'm blaming the burn haha\n|c|\u2606perceived slight|oh man i just spotted the gastro set hahahaha\n|c|\u2606Ytterby|Only just? XD\n|\n|t:|1700819799\n|start\n|switch|p1a: Ting-Lu|Ting-Lu, L50|100\/100\n|switch|p1b: Urshifu|Urshifu-Rapid-Strike, L50, F|100\/100\n|switch|p2a: Indeedee|Indeedee-F, L50, F|100\/100\n|switch|p2b: Armarouge|Armarouge, L50, F|100\/100\n|-fieldstart|move: Psychic Terrain|[from] ability: Psychic Surge|[of] p2a: Indeedee\n|-enditem|p2a: Indeedee|Psychic Seed\n|-boost|p2a: Indeedee|spd|1|[from] item: Psychic Seed\n|-ability|p1a: Ting-Lu|Vessel of Ruin\n|turn|1\n|\n|t:|1700819915\n|switch|p2a: Gastrodon|Gastrodon, L50, F|100\/100\n|-terastallize|p2b: Armarouge|Grass\n|move|p1b: Urshifu|U-turn|p2a: Gastrodon\n|-damage|p2a: Gastrodon|80\/100\n|\n|t:|1700819927\n|switch|p1b: Corviknight|Corviknight, L50, M|100\/100|[from] U-turn\n|move|p1a: Ting-Lu|Stomping Tantrum|p2b: Armarouge\n|-resisted|p2b: Armarouge\n|-damage|p2b: Armarouge|84\/100\n|move|p2b: Armarouge|Trick Room|p2b: Armarouge\n|-fieldstart|move: Trick Room|[of] p2b: Armarouge\n|\n|-heal|p2a: Gastrodon|86\/100|[from] item: Leftovers\n|upkeep\n|turn|2\n|\n|t:|1700820049\n|-terastallize|p1b: Corviknight|Dragon\n|move|p1a: Ting-Lu|Heavy Slam|p2b: Armarouge\n|-damage|p2b: Armarouge|44\/100\n|move|p2a: Gastrodon|Muddy Water|p1b: Corviknight|[spread] p1a,p1b\n|-supereffective|p1a: Ting-Lu\n|-resisted|p1b: Corviknight\n|-damage|p1a: Ting-Lu|73\/100\n|-damage|p1b: Corviknight|95\/100\n|-unboost|p1a: Ting-Lu|accuracy|1\n|move|p2b: Armarouge|Expanding Force|p1a: Ting-Lu|[spread] p1b\n|-immune|p1a: Ting-Lu\n|-damage|p1b: Corviknight|53\/100\n|-damage|p2b: Armarouge|34\/100|[from] item: Life Orb\n|move|p1b: Corviknight|Brave Bird|p2b: Armarouge\n|-supereffective|p2b: Armarouge\n|-damage|p2b: Armarouge|0 fnt\n|faint|p2b: Armarouge\n|-damage|p1b: Corviknight|43\/100|[from] Recoil\n|\n|-heal|p2a: Gastrodon|92\/100|[from] item: Leftovers\n|-heal|p1b: Corviknight|49\/100|[from] item: Leftovers\n|upkeep\n|c|\u2606Ytterby|That corv so phat\n|c|\u2606perceived slight|max spdef baybeee\n|c|\u2606Ytterby|Oh Ting Lu is helping you so much too haha\n|\n|t:|1700820120\n|switch|p2b: Torkoal|Torkoal, L50, M|100\/100\n|-weather|SunnyDay|[from] ability: Drought|[of] p2b: Torkoal\n|turn|3\n|\n|t:|1700820139\n|move|p2b: Torkoal|Eruption|p1a: Ting-Lu|[spread] p1a,p1b\n|-resisted|p1b: Corviknight\n|-damage|p1a: Ting-Lu|5\/100\n|-damage|p1b: Corviknight|22\/100\n|-enditem|p1a: Ting-Lu|Sitrus Berry|[eat]\n|-heal|p1a: Ting-Lu|30\/100|[from] item: Sitrus Berry\n|move|p1a: Ting-Lu|Stomping Tantrum|p2b: Torkoal|[miss]\n|-miss|p1a: Ting-Lu|p2b: Torkoal\n|move|p2a: Gastrodon|Muddy Water|p1a: Ting-Lu|[spread] p1a,p1b\n|-supereffective|p1a: Ting-Lu\n|-resisted|p1b: Corviknight\n|-damage|p1a: Ting-Lu|18\/100\n|-damage|p1b: Corviknight|20\/100\n|-unboost|p1a: Ting-Lu|accuracy|1\n|move|p1b: Corviknight|Roost|p1b: Corviknight\n|-heal|p1b: Corviknight|70\/100\n|\n|-weather|SunnyDay|[upkeep]\n|-heal|p2a: Gastrodon|98\/100|[from] item: Leftovers\n|-heal|p1b: Corviknight|76\/100|[from] item: Leftovers\n|upkeep\n|turn|4\n|c|\u2606perceived slight|ahahahahaha there it is\n|c|\u2606Ytterby|Ooohhh that's a rip\n|c|\u2606Ytterby|Lol\n|\n|t:|1700820172\n|move|p1a: Ting-Lu|Protect|p1a: Ting-Lu\n|-singleturn|p1a: Ting-Lu|Protect\n|move|p2b: Torkoal|Eruption|p1a: Ting-Lu|[spread] p1b\n|-activate|p1a: Ting-Lu|move: Protect\n|-resisted|p1b: Corviknight\n|-damage|p1b: Corviknight|49\/100\n|move|p2a: Gastrodon|Muddy Water|p1a: Ting-Lu|[spread] \n|-activate|p1a: Ting-Lu|move: Protect\n|-miss|p2a: Gastrodon|p1b: Corviknight\n|move|p1b: Corviknight|Bulk Up|p1b: Corviknight\n|-boost|p1b: Corviknight|atk|1\n|-boost|p1b: Corviknight|def|1\n|\n|-weather|SunnyDay|[upkeep]\n|-heal|p2a: Gastrodon|100\/100|[from] item: Leftovers\n|-heal|p1b: Corviknight|55\/100|[from] item: Leftovers\n|upkeep\n|turn|5\n|c|\u2606Ytterby|I'll give you different versions of the team after this bo3\n|\n|t:|1700820201\n|move|p2b: Torkoal|Eruption|p1a: Ting-Lu|[spread] p1a,p1b\n|-resisted|p1b: Corviknight\n|-damage|p1a: Ting-Lu|0 fnt\n|-damage|p1b: Corviknight|27\/100\n|faint|p1a: Ting-Lu\n|move|p2a: Gastrodon|Muddy Water|p1b: Corviknight\n|-resisted|p1b: Corviknight\n|-damage|p1b: Corviknight|23\/100\n|move|p1b: Corviknight|Roost|p1b: Corviknight\n|-heal|p1b: Corviknight|73\/100\n|\n|-weather|SunnyDay|[upkeep]\n|-heal|p1b: Corviknight|79\/100|[from] item: Leftovers\n|-fieldend|move: Trick Room\n|-fieldend|move: Psychic Terrain\n|upkeep\n|\n|t:|1700820215\n|switch|p1a: Amoonguss|Amoonguss, L50, M|100\/100\n|turn|6\n|\n|t:|1700820230\n|switch|p2b: Indeedee|Indeedee-F, L50, F|100\/100\n|-fieldstart|move: Psychic Terrain|[from] ability: Psychic Surge|[of] p2b: Indeedee\n|move|p2a: Gastrodon|Protect|p2a: Gastrodon\n|-singleturn|p2a: Gastrodon|Protect\n|move|p1b: Corviknight|Brave Bird|p2b: Indeedee\n|-damage|p2b: Indeedee|47\/100\n|-damage|p1b: Corviknight|64\/100|[from] Recoil\n|move|p1a: Amoonguss|Spore|p2b: Indeedee\n|-status|p2b: Indeedee|slp|[from] move: Spore\n|\n|-weather|SunnyDay|[upkeep]\n|-heal|p1b: Corviknight|70\/100|[from] item: Leftovers\n|upkeep\n|turn|7\n|\n|t:|1700820272\n|switch|p2b: Torkoal|Torkoal, L50, M|100\/100\n|move|p1b: Corviknight|Brave Bird|p2b: Torkoal\n|-damage|p2b: Torkoal|57\/100\n|-damage|p1b: Corviknight|58\/100|[from] Recoil\n|move|p2a: Gastrodon|Muddy Water|p1b: Corviknight|[spread] p1a,p1b\n|-resisted|p1a: Amoonguss\n|-resisted|p1b: Corviknight\n|-crit|p1b: Corviknight\n|-damage|p1a: Amoonguss|95\/100\n|-damage|p1b: Corviknight|53\/100\n|-unboost|p1a: Amoonguss|accuracy|1\n|move|p1a: Amoonguss|Spore|p2a: Gastrodon\n|-status|p2a: Gastrodon|slp|[from] move: Spore\n|\n|-weather|none\n|-heal|p1b: Corviknight|59\/100|[from] item: Leftovers\n|upkeep\n|turn|8\n|\n|t:|1700820292\n|switch|p2b: Indeedee|Indeedee-F, L50, F|47\/100 slp\n|move|p1b: Corviknight|Brave Bird|p2b: Indeedee\n|-damage|p2b: Indeedee|0 fnt\n|faint|p2b: Indeedee\n|-damage|p1b: Corviknight|46\/100|[from] Recoil\n|move|p1a: Amoonguss|Pollen Puff|p1b: Corviknight\n|-heal|p1b: Corviknight|96\/100\n|cant|p2a: Gastrodon|slp\n|\n|-heal|p1b: Corviknight|100\/100|[from] item: Leftovers\n|upkeep\n|\n|t:|1700820298\n|switch|p2b: Torkoal|Torkoal, L50, M|57\/100\n|-weather|SunnyDay|[from] ability: Drought|[of] p2b: Torkoal\n|turn|9\n|\n|t:|1700820314\n|move|p1b: Corviknight|Bulk Up|p1b: Corviknight\n|-boost|p1b: Corviknight|atk|1\n|-boost|p1b: Corviknight|def|1\n|cant|p2a: Gastrodon|slp\n|move|p1a: Amoonguss|Spore|p2b: Torkoal\n|-status|p2b: Torkoal|slp|[from] move: Spore\n|cant|p2b: Torkoal|slp\n|\n|-weather|SunnyDay|[upkeep]\n|upkeep\n|turn|10\n|\n|t:|1700820329\n|switch|p1a: Urshifu|Urshifu-Rapid-Strike, L50, F|100\/100\n|move|p1b: Corviknight|Brave Bird|p2b: Torkoal\n|-damage|p2b: Torkoal|0 fnt\n|faint|p2b: Torkoal\n|-damage|p1b: Corviknight|85\/100|[from] Recoil\n|-curestatus|p2a: Gastrodon|slp|[msg]\n|move|p2a: Gastrodon|Muddy Water|p1b: Corviknight|[spread] p1a,p1b\n|-resisted|p1a: Urshifu\n|-resisted|p1b: Corviknight\n|-damage|p1a: Urshifu|94\/100\n|-damage|p1b: Corviknight|81\/100\n|-ability|p1b: Corviknight|Mirror Armor\n|-unboost|p2a: Gastrodon|accuracy|1\n|\n|-weather|SunnyDay|[upkeep]\n|-heal|p1b: Corviknight|87\/100|[from] item: Leftovers\n|-fieldend|move: Psychic Terrain\n|upkeep\n|turn|11\n|c|\u2606Ytterby|That corv Amoonguss combo is such a menace, I love it\n|c|\u2606Ytterby|And the corv + Ting\n|\n|t:|1700820358\n|move|p1a: Urshifu|Close Combat|p2a: Gastrodon\n|-damage|p2a: Gastrodon|41\/100\n|-unboost|p1a: Urshifu|def|1\n|-unboost|p1a: Urshifu|spd|1\n|move|p1b: Corviknight|Bulk Up|p1b: Corviknight\n|-boost|p1b: Corviknight|atk|1\n|-boost|p1b: Corviknight|def|1\n|move|p2a: Gastrodon|Counter|p1a: Urshifu|[miss]\n|-miss|p2a: Gastrodon|p1a: Urshifu\n|\n|-weather|SunnyDay|[upkeep]\n|-heal|p1b: Corviknight|93\/100|[from] item: Leftovers\n|-heal|p2a: Gastrodon|47\/100|[from] item: Leftovers\n|upkeep\n|turn|12\n|c|\u2606perceived slight|yeah pollen puff with those two is so nasty\n|c|\u2606Ytterby|OMFG\n|c|\u2606Ytterby|\ud83d\ude02\ud83d\ude02\ud83d\ude02\ud83d\ude02\ud83d\ude02\n|c|\u2606perceived slight|HAHA\n|\n|t:|1700820386\n|move|p1a: Urshifu|Close Combat|p2a: Gastrodon\n|-damage|p2a: Gastrodon|0 fnt\n|-unboost|p1a: Urshifu|def|1\n|-unboost|p1a: Urshifu|spd|1\n|faint|p2a: Gastrodon\n|\n|win|perceived slight\n","uploadtime":1700820390,"views":5,"p1id":"perceivedslight","p2id":"ytterby","formatid":"gen9vgc2023regulatione","rating":0,"private":0,"password":""}