{"id":"gen9vgc2023regulatione-1989686063","p1":"saltonthealt","p2":"Fjdjixjdbdb","format":"[Gen 9] VGC 2023 Regulation E","log":"|j|\u2606saltonthealt\n|j|\u2606Fjdjixjdbdb\n|t:|1699886785\n|gametype|doubles\n|player|p1|saltonthealt|smasher|1205\n|player|p2|Fjdjixjdbdb|170|1186\n|teamsize|p1|6\n|teamsize|p2|6\n|gen|9\n|tier|[Gen 9] VGC 2023 Regulation E\n|rated|\n|rule|Species Clause: Limit one of each Pok\u00e9mon\n|rule|Item Clause: Limit one of each item\n|clearpoke\n|poke|p1|Enamorus-Therian, L50, F|\n|poke|p1|Urshifu-*, L50, M|\n|poke|p1|Ursaluna, L50, M|\n|poke|p1|Cresselia, L50, F|\n|poke|p1|Rillaboom, L50, M|\n|poke|p1|Heatran, L50, M|\n|poke|p2|Murkrow, L50, M|\n|poke|p2|Heatran, L50, F|\n|poke|p2|Sinistcha, L50|\n|poke|p2|Landorus-Therian, L50, M|\n|poke|p2|Chi-Yu, L50|\n|poke|p2|Iron Bundle, L50|\n|teampreview|4\n|\n|t:|1699886830\n|start\n|switch|p1a: Invincible|Cresselia, L50, F|100\/100\n|switch|p1b: MF Boom|Rillaboom, L50, M|100\/100\n|switch|p2a: Sinistcha|Sinistcha, L50|100\/100\n|switch|p2b: Chi-Yu|Chi-Yu, L50|100\/100\n|-ability|p2b: Chi-Yu|Beads of Ruin\n|-fieldstart|move: Grassy Terrain|[from] ability: Grassy Surge|[of] p1b: MF Boom\n|turn|1\n|\n|t:|1699886846\n|-terastallize|p1b: MF Boom|Fire\n|move|p2b: Chi-Yu|Nasty Plot|p2b: Chi-Yu\n|-boost|p2b: Chi-Yu|spa|2\n|move|p1b: MF Boom|Wood Hammer|p2b: Chi-Yu\n|-resisted|p2b: Chi-Yu\n|-damage|p2b: Chi-Yu|50\/100\n|-damage|p1b: MF Boom|88\/100|[from] Recoil\n|move|p1a: Invincible|Icy Wind|p2a: Sinistcha|[spread] p2a,p2b\n|-supereffective|p2a: Sinistcha\n|-crit|p2a: Sinistcha\n|-resisted|p2b: Chi-Yu\n|-damage|p2a: Sinistcha|55\/100\n|-damage|p2b: Chi-Yu|45\/100\n|-unboost|p2a: Sinistcha|spe|1\n|-unboost|p2b: Chi-Yu|spe|1\n|move|p2a: Sinistcha|Imprison|p2a: Sinistcha\n|-start|p2a: Sinistcha|move: Imprison\n|\n|-heal|p1b: MF Boom|94\/100|[from] Grassy Terrain\n|-heal|p2b: Chi-Yu|51\/100|[from] Grassy Terrain\n|-heal|p2a: Sinistcha|61\/100|[from] Grassy Terrain\n|upkeep\n|turn|2\n|\n|t:|1699886876\n|move|p2a: Sinistcha|Rage Powder|p2a: Sinistcha\n|-singleturn|p2a: Sinistcha|move: Rage Powder\n|move|p1b: MF Boom|Wood Hammer|p2a: Sinistcha\n|-resisted|p2a: Sinistcha\n|-damage|p2a: Sinistcha|22\/100\n|-damage|p1b: MF Boom|83\/100|[from] Recoil\n|move|p1a: Invincible|Icy Wind|p2a: Sinistcha|[spread] p2a,p2b\n|-supereffective|p2a: Sinistcha\n|-resisted|p2b: Chi-Yu\n|-damage|p2a: Sinistcha|0 fnt\n|-damage|p2b: Chi-Yu|45\/100\n|-unboost|p2b: Chi-Yu|spe|1\n|faint|p2a: Sinistcha\n|move|p2b: Chi-Yu|Dark Pulse|p1a: Invincible\n|-supereffective|p1a: Invincible\n|-damage|p1a: Invincible|0 fnt\n|faint|p1a: Invincible\n|-damage|p2b: Chi-Yu|36\/100|[from] item: Life Orb\n|\n|-heal|p1b: MF Boom|90\/100|[from] Grassy Terrain\n|-heal|p2b: Chi-Yu|42\/100|[from] Grassy Terrain\n|upkeep\n|\n|t:|1699886900\n|switch|p1a: Mr. 3HKO|Urshifu-Rapid-Strike, L50, M|100\/100\n|switch|p2a: Iron Bundle|Iron Bundle, L50, shiny|100\/100\n|-enditem|p2a: Iron Bundle|Booster Energy\n|-activate|p2a: Iron Bundle|ability: Quark Drive|[fromitem]\n|-start|p2a: Iron Bundle|quarkdrivespe\n|turn|3\n|\n|t:|1699886917\n|move|p2a: Iron Bundle|Freeze-Dry|p1a: Mr. 3HKO\n|-supereffective|p1a: Mr. 3HKO\n|-enditem|p1a: Mr. 3HKO|Focus Sash\n|-damage|p1a: Mr. 3HKO|1\/100\n|move|p1a: Mr. 3HKO|Surging Strikes|p2b: Chi-Yu\n|-supereffective|p2b: Chi-Yu\n|-crit|p2b: Chi-Yu\n|-damage|p2b: Chi-Yu|0 fnt\n|faint|p2b: Chi-Yu\n|-hitcount|p2: Chi-Yu|1\n|move|p1b: MF Boom|Wood Hammer|p2a: Iron Bundle\n|-supereffective|p2a: Iron Bundle\n|-damage|p2a: Iron Bundle|0 fnt\n|faint|p2a: Iron Bundle\n|-end|p2a: Iron Bundle|Quark Drive|[silent]\n|-damage|p1b: MF Boom|67\/100|[from] Recoil\n|\n|-heal|p1a: Mr. 3HKO|7\/100|[from] Grassy Terrain\n|-heal|p1b: MF Boom|73\/100|[from] Grassy Terrain\n|upkeep\n|\n|t:|1699886921\n|switch|p2a: Landorus|Landorus-Therian, L50, M, shiny|100\/100\n|-ability|p2a: Landorus|Intimidate|boost\n|-unboost|p1a: Mr. 3HKO|atk|1\n|-unboost|p1b: MF Boom|atk|1\n|turn|4\n|\n|t:|1699886940\n|-terastallize|p2a: Landorus|Flying\n|move|p2a: Landorus|Stomping Tantrum|p1a: Mr. 3HKO\n|-damage|p1a: Mr. 3HKO|0 fnt\n|faint|p1a: Mr. 3HKO\n|move|p1b: MF Boom|Wood Hammer|p2a: Landorus\n|-resisted|p2a: Landorus\n|-damage|p2a: Landorus|65\/100\n|-damage|p1b: MF Boom|63\/100|[from] Recoil\n|\n|-heal|p1b: MF Boom|69\/100|[from] Grassy Terrain\n|upkeep\n|\n|t:|1699886944\n|switch|p1a: Stormy Day|Enamorus-Therian, L50, F|100\/100\n|turn|5\n|-message|Fjdjixjdbdb forfeited.\n|\n|win|saltonthealt\n|raw|saltonthealt's rating: 1205 &rarr; <strong>1229<\/strong><br \/>(+24 for winning)\n|raw|Fjdjixjdbdb's rating: 1186 &rarr; <strong>1162<\/strong><br \/>(-24 for losing)\n|l|\u2606Fjdjixjdbdb\n","uploadtime":1699886958,"views":22,"p1id":"saltonthealt","p2id":"fjdjixjdbdb","formatid":"gen9vgc2023regulatione","rating":1162,"private":0,"password":""}