{"id":"gen9vgc2023regulatione-1994228885","p1":"Orenado8","p2":"Dr.andrax","format":"[Gen 9] VGC 2023 Regulation E","log":"|j|\u2606Orenado8\n|j|\u2606Dr.andrax\n|t:|1700421218\n|gametype|doubles\n|player|p1|Orenado8|170|1400\n|player|p2|Dr.andrax|102|1377\n|teamsize|p1|6\n|teamsize|p2|6\n|gen|9\n|tier|[Gen 9] VGC 2023 Regulation E\n|rated|\n|rule|Species Clause: Limit one of each Pok\u00e9mon\n|rule|Item Clause: Limit one of each item\n|clearpoke\n|poke|p1|Gliscor, L50, F|\n|poke|p1|Kommo-o, L50, M|\n|poke|p1|Arcanine-Hisui, L50, M|\n|poke|p1|Urshifu-*, L50, F|\n|poke|p1|Sinistcha, L50|\n|poke|p1|Thundurus, L50, M|\n|poke|p2|Cresselia, L50, F|\n|poke|p2|Torkoal, L50, F|\n|poke|p2|Iron Hands, L50|\n|poke|p2|Chien-Pao, L50|\n|poke|p2|Gastrodon, L50, F|\n|poke|p2|Sinistcha, L50|\n|teampreview|4\nDr.andrax has agreed to open team sheets.\n|inactive|Battle timer is ON: inactive players will automatically lose when time's up. (requested by Dr.andrax)\nOrenado8 has agreed to open team sheets.\n|\n|t:|1700421278\n|start\n|switch|p1a: Urshifu|Urshifu, L50, F|100\/100\n|switch|p1b: Gliscor|Gliscor, L50, F|100\/100\n|switch|p2a: Iron Hands|Iron Hands, L50|100\/100\n|switch|p2b: Gastrodon|Gastrodon, L50, F|100\/100\n|turn|1\n|inactive|Dr.andrax has 30 seconds left.\n|inactive|Orenado8 has 30 seconds left.\n|inactive|Dr.andrax has 20 seconds left.\n|inactive|Orenado8 has 20 seconds left.\n|\n|t:|1700421321\n|-terastallize|p1b: Gliscor|Water\n|move|p1a: Urshifu|Wicked Blow|p2b: Gastrodon\n|-crit|p2b: Gastrodon\n|-damage|p2b: Gastrodon|32\/100\n|move|p1b: Gliscor|Swords Dance|p1b: Gliscor\n|-boost|p1b: Gliscor|atk|2\n|move|p2a: Iron Hands|Drain Punch|p1a: Urshifu\n|-supereffective|p1a: Urshifu\n|-damage|p1a: Urshifu|11\/100\n|move|p2b: Gastrodon|Ice Beam|p1b: Gliscor\n|-resisted|p1b: Gliscor\n|-damage|p1b: Gliscor|90\/100\n|-status|p1b: Gliscor|frz\n|\n|-heal|p2b: Gastrodon|38\/100|[from] item: Leftovers\n|upkeep\n|turn|2\n|inactive|Orenado8 has 30 seconds left.\n|\n|t:|1700421350\n|switch|p1a: Arcanine|Arcanine-Hisui, L50, M|100\/100\n|-ability|p1a: Arcanine|Intimidate|boost\n|-unboost|p2a: Iron Hands|atk|1\n|-unboost|p2b: Gastrodon|atk|1\n|cant|p1b: Gliscor|frz\n|move|p2a: Iron Hands|Drain Punch|p1a: Arcanine\n|-supereffective|p1a: Arcanine\n|-damage|p1a: Arcanine|35\/100\n|move|p2b: Gastrodon|Yawn|p1a: Arcanine\n|-start|p1a: Arcanine|move: Yawn|[of] p2b: Gastrodon\n|\n|-heal|p2b: Gastrodon|44\/100|[from] item: Leftovers\n|upkeep\n|turn|3\n|inactive|Orenado8 has 30 seconds left.\n|inactive|Dr.andrax has 30 seconds left.\n|\n|t:|1700421381\n|move|p1a: Arcanine|Flare Blitz|p2a: Iron Hands\n|-damage|p2a: Iron Hands|45\/100\n|-damage|p1a: Arcanine|9\/100|[from] Recoil\n|cant|p1b: Gliscor|frz\n|move|p2a: Iron Hands|Drain Punch|p1b: Gliscor\n|-damage|p1b: Gliscor|69\/100 frz\n|-heal|p2a: Iron Hands|52\/100|[from] drain|[of] p1b: Gliscor\n|move|p2b: Gastrodon|Earth Power|p1a: Arcanine\n|-supereffective|p1a: Arcanine\n|-damage|p1a: Arcanine|0 fnt\n|faint|p1a: Arcanine\n|\n|-heal|p2b: Gastrodon|50\/100|[from] item: Leftovers\n|upkeep\n|\n|t:|1700421389\n|switch|p1a: Sinistcha|Sinistcha, L50|100\/100\n|-heal|p1b: Gliscor|94\/100 frz|[from] ability: Hospitality|[of] p1a: Sinistcha\n|turn|4\n|\n|t:|1700421409\n|cant|p1b: Gliscor|frz\n|move|p2a: Iron Hands|Volt Switch|p1b: Gliscor\n|-supereffective|p1b: Gliscor\n|-crit|p1b: Gliscor\n|-damage|p1b: Gliscor|54\/100 frz\n|\n|t:|1700421415\n|-end|p2a: Iron Hands|Quark Drive|[silent]\n|switch|p2a: Sinistcha|Sinistcha, L50|100\/100|[from] Volt Switch\n|-heal|p2b: Gastrodon|74\/100|[from] ability: Hospitality|[of] p2a: Sinistcha\n|move|p1a: Sinistcha|Matcha Gotcha|p2b: Gastrodon|[spread] p2a,p2b\n|-resisted|p2a: Sinistcha\n|-supereffective|p2b: Gastrodon\n|-damage|p2a: Sinistcha|88\/100\n|-damage|p2b: Gastrodon|1\/100\n|-status|p2a: Sinistcha|brn\n|move|p2b: Gastrodon|Ice Beam|p1a: Sinistcha\n|-supereffective|p1a: Sinistcha\n|-damage|p1a: Sinistcha|61\/100\n|-status|p1a: Sinistcha|frz\n|\n|-heal|p2b: Gastrodon|7\/100|[from] item: Leftovers\n|-damage|p2a: Sinistcha|81\/100 brn|[from] brn\n|upkeep\n|turn|5\n|c|\u2606Dr.andrax|xddddd\n|c|\u2606Orenado8|this is unreal man\n|\n|t:|1700421439\n|move|p2b: Gastrodon|Protect|p2b: Gastrodon\n|-singleturn|p2b: Gastrodon|Protect\n|cant|p1b: Gliscor|frz\n|move|p2a: Sinistcha|Matcha Gotcha|p1a: Sinistcha|[spread] p1a,p1b\n|-resisted|p1a: Sinistcha\n|-supereffective|p1b: Gliscor\n|-damage|p1a: Sinistcha|48\/100 frz\n|-heal|p2a: Sinistcha|88\/100 brn|[from] drain|[of] p1a: Sinistcha\n|-damage|p1b: Gliscor|0 fnt\n|-heal|p2a: Sinistcha|100\/100 brn|[from] drain|[of] p1b: Gliscor\n|faint|p1b: Gliscor\n|-curestatus|p1a: Sinistcha|frz|[msg]\n|move|p1a: Sinistcha|Matcha Gotcha|p2a: Sinistcha|[spread] p2a\n|-activate|p2b: Gastrodon|move: Protect\n|-resisted|p2a: Sinistcha\n|-damage|p2a: Sinistcha|88\/100 brn\n|-heal|p1a: Sinistcha|54\/100|[from] drain|[of] p2a: Sinistcha\n|\n|-heal|p2b: Gastrodon|13\/100|[from] item: Leftovers\n|-damage|p2a: Sinistcha|82\/100 brn|[from] brn\n|upkeep\n|\n|t:|1700421456\n|switch|p1b: Urshifu|Urshifu, L50, F|11\/100\n|turn|6\n|\n|t:|1700421474\n|-terastallize|p2a: Sinistcha|Poison\n|move|p1b: Urshifu|Wicked Blow|p2a: Sinistcha\n|-crit|p2a: Sinistcha\n|-damage|p2a: Sinistcha|26\/100 brn\n|-damage|p1b: Urshifu|0 fnt|[from] item: Rocky Helmet|[of] p2a: Sinistcha\n|faint|p1b: Urshifu\n|move|p1a: Sinistcha|Matcha Gotcha|p2a: Sinistcha|[spread] p2a,p2b\n|-resisted|p2a: Sinistcha\n|-supereffective|p2b: Gastrodon\n|-damage|p2a: Sinistcha|15\/100 brn\n|-heal|p1a: Sinistcha|60\/100|[from] drain|[of] p2a: Sinistcha\n|-damage|p2b: Gastrodon|0 fnt\n|-heal|p1a: Sinistcha|68\/100|[from] drain|[of] p2b: Gastrodon\n|faint|p2b: Gastrodon\n|move|p2a: Sinistcha|Trick Room|p2a: Sinistcha\n|-fieldstart|move: Trick Room|[of] p2a: Sinistcha\n|\n|-damage|p2a: Sinistcha|8\/100 brn|[from] brn\n|upkeep\n|\n|t:|1700421489\n|switch|p2b: Torkoal|Torkoal, L50, F|100\/100\n|-weather|SunnyDay|[from] ability: Drought|[of] p2b: Torkoal\n|turn|7\n|\n|t:|1700421493\n|move|p1a: Sinistcha|Protect|p1a: Sinistcha\n|-singleturn|p1a: Sinistcha|Protect\n|move|p2b: Torkoal|Eruption|p1a: Sinistcha\n|-activate|p1a: Sinistcha|move: Protect\n|move|p2a: Sinistcha|Strength Sap|p1a: Sinistcha\n|-activate|p1a: Sinistcha|move: Protect\n|\n|-weather|SunnyDay|[upkeep]\n|-damage|p2a: Sinistcha|2\/100 brn|[from] brn\n|upkeep\n|turn|8\n|inactive|Dr.andrax has 30 seconds left.\n|inactive|Dr.andrax has 20 seconds left.\n|inactive|Dr.andrax has 15 seconds left.\n|inactive|Dr.andrax has 10 seconds left.\n|\n|t:|1700421542\n|move|p2b: Torkoal|Eruption|p1a: Sinistcha\n|-supereffective|p1a: Sinistcha\n|-damage|p1a: Sinistcha|0 fnt\n|faint|p1a: Sinistcha\n|\n|win|Dr.andrax\n|raw|Orenado8's rating: 1400 &rarr; <strong>1379<\/strong><br \/>(-21 for losing)\n|raw|Dr.andrax's rating: 1377 &rarr; <strong>1398<\/strong><br \/>(+21 for winning)\n|l|\u2606Orenado8\n","uploadtime":1700421586,"views":6,"p1id":"orenado8","p2id":"drandrax","formatid":"gen9vgc2023regulatione","rating":1379,"private":0,"password":""}