{"id":"gen9vgc2023regulatione-1999734911","p1":"TornadoofDOOM","p2":"TrendanBrendan","format":"[Gen 9] VGC 2023 Regulation E","log":"|j|\u2606TornadoofDOOM\n|j|\u2606TrendanBrendan\n|t:|1701112035\n|gametype|doubles\n|player|p1|TornadoofDOOM|veteran|1245\n|player|p2|TrendanBrendan|elio|1261\n|teamsize|p1|6\n|teamsize|p2|6\n|gen|9\n|tier|[Gen 9] VGC 2023 Regulation E\n|rated|\n|rule|Species Clause: Limit one of each Pok\u00e9mon\n|rule|Item Clause: Limit one of each item\n|clearpoke\n|poke|p1|Enamorus, L50, F|\n|poke|p1|Thundurus, L50, M|\n|poke|p1|Urshifu-*, L50, M|\n|poke|p1|Amoonguss, L50, M|\n|poke|p1|Heatran, L50, F|\n|poke|p1|Iron Hands, L50|\n|poke|p2|Amoonguss, L50, M|\n|poke|p2|Heatran, L50, F|\n|poke|p2|Roaring Moon, L50|\n|poke|p2|Iron Hands, L50|\n|poke|p2|Flutter Mane, L50|\n|poke|p2|Landorus-Therian, L50, M|\n|teampreview|4\nTrendanBrendan has agreed to open team sheets.\n|c|\u2606TrendanBrendan|glhf\n|c|\u2606TrendanBrendan|love to see the power couple\n|c|\u2606TornadoofDOOM|ty\n|\n|t:|1701112096\n|start\n|switch|p1a: Thundurus|Thundurus, L50, M|100\/100\n|switch|p1b: Urshifu|Urshifu-Rapid-Strike, L50, M|100\/100\n|switch|p2a: Iron Hands|Iron Hands, L50|100\/100\n|switch|p2b: Amoonguss|Amoonguss, L50, M|100\/100\n|turn|1\n|\n|t:|1701112115\n|switch|p1b: Heatran|Heatran, L50, F|100\/100\n|move|p2a: Iron Hands|Fake Out|p1a: Thundurus\n|-damage|p1a: Thundurus|84\/100\n|move|p1a: Thundurus|Wildbolt Storm|p2a: Iron Hands|[spread] p2a,p2b\n|-resisted|p2a: Iron Hands\n|-resisted|p2b: Amoonguss\n|-damage|p2a: Iron Hands|91\/100\n|-damage|p2b: Amoonguss|88\/100\n|move|p2b: Amoonguss|Spore|p1b: Heatran\n|-status|p1b: Heatran|slp|[from] move: Spore\n|\n|upkeep\n|turn|2\n|\n|t:|1701112131\n|move|p1a: Thundurus|Wildbolt Storm|p2b: Amoonguss|[spread] p2a,p2b\n|-resisted|p2a: Iron Hands\n|-resisted|p2b: Amoonguss\n|-damage|p2a: Iron Hands|83\/100\n|-damage|p2b: Amoonguss|74\/100\n|-status|p2b: Amoonguss|par\n|cant|p1b: Heatran|slp\n|move|p2a: Iron Hands|Drain Punch|p1b: Heatran\n|-supereffective|p1b: Heatran\n|-damage|p1b: Heatran|24\/100 slp\n|-heal|p2a: Iron Hands|100\/100|[from] drain|[of] p1b: Heatran\n|move|p2b: Amoonguss|Spore|p1a: Thundurus\n|-status|p1a: Thundurus|slp|[from] move: Spore\n|\n|-heal|p1b: Heatran|30\/100 slp|[from] item: Leftovers\n|upkeep\n|turn|3\n|\n|t:|1701112151\n|switch|p2b: Landorus|Landorus-Therian, L50, M|100\/100\n|-ability|p2b: Landorus|Intimidate|boost\n|-unboost|p1a: Thundurus|atk|1\n|-unboost|p1b: Heatran|atk|1\n|cant|p1a: Thundurus|slp\n|-curestatus|p1b: Heatran|slp|[msg]\n|move|p1b: Heatran|Heat Wave|p2b: Landorus|[spread] p2a,p2b\n|-damage|p2a: Iron Hands|80\/100\n|-damage|p2b: Landorus|62\/100\n|move|p2a: Iron Hands|Drain Punch|p1b: Heatran\n|-supereffective|p1b: Heatran\n|-damage|p1b: Heatran|0 fnt\n|-heal|p2a: Iron Hands|93\/100|[from] drain|[of] p1b: Heatran\n|faint|p1b: Heatran\n|\n|upkeep\n|\n|t:|1701112163\n|switch|p1b: Enamorus|Enamorus, L50, F|100\/100\n|turn|4\n|\n|t:|1701112187\n|cant|p1a: Thundurus|slp\n|move|p2b: Landorus|Rock Slide|p1b: Enamorus|[spread] p1a,p1b\n|-supereffective|p1a: Thundurus\n|-supereffective|p1b: Enamorus\n|-damage|p1a: Thundurus|41\/100 slp\n|-damage|p1b: Enamorus|37\/100\n|move|p1b: Enamorus|Dazzling Gleam|p2b: Landorus|[spread] p2a,p2b\n|-supereffective|p2a: Iron Hands\n|-damage|p2a: Iron Hands|49\/100\n|-damage|p2b: Landorus|17\/100\n|-damage|p1b: Enamorus|28\/100|[from] item: Life Orb\n|move|p2a: Iron Hands|Heavy Slam|p1b: Enamorus\n|-supereffective|p1b: Enamorus\n|-damage|p1b: Enamorus|0 fnt\n|faint|p1b: Enamorus\n|\n|upkeep\n|\n|t:|1701112191\n|switch|p1b: Urshifu|Urshifu-Rapid-Strike, L50, M|100\/100\n|turn|5\n|\n|t:|1701112208\n|-end|p2a: Iron Hands|Quark Drive|[silent]\n|switch|p2a: Amoonguss|Amoonguss, L50, M|100\/100 par\n|move|p1b: Urshifu|Surging Strikes|p2a: Amoonguss\n|-resisted|p2a: Amoonguss\n|-crit|p2a: Amoonguss\n|-damage|p2a: Amoonguss|91\/100 par\n|-damage|p1b: Urshifu|84\/100|[from] item: Rocky Helmet|[of] p2a: Amoonguss\n|-resisted|p2a: Amoonguss\n|-crit|p2a: Amoonguss\n|-damage|p2a: Amoonguss|82\/100 par\n|-damage|p1b: Urshifu|68\/100|[from] item: Rocky Helmet|[of] p2a: Amoonguss\n|-resisted|p2a: Amoonguss\n|-crit|p2a: Amoonguss\n|-damage|p2a: Amoonguss|73\/100 par\n|-damage|p1b: Urshifu|51\/100|[from] item: Rocky Helmet|[of] p2a: Amoonguss\n|-hitcount|p2a: Amoonguss|3\n|move|p2b: Landorus|Rock Slide|p1b: Urshifu|[spread] p1a,p1b\n|-supereffective|p1a: Thundurus\n|-resisted|p1b: Urshifu\n|-damage|p1a: Thundurus|0 fnt\n|-damage|p1b: Urshifu|42\/100\n|faint|p1a: Thundurus\n|\n|upkeep\n|turn|6\n|c|\u2606TornadoofDOOM|gg\n|\n|t:|1701112224\n|move|p2a: Amoonguss|Rage Powder|p2a: Amoonguss\n|-singleturn|p2a: Amoonguss|move: Rage Powder\n|move|p1b: Urshifu|Surging Strikes|p2a: Amoonguss\n|-resisted|p2a: Amoonguss\n|-crit|p2a: Amoonguss\n|-damage|p2a: Amoonguss|64\/100 par\n|-damage|p1b: Urshifu|26\/100|[from] item: Rocky Helmet|[of] p2a: Amoonguss\n|-resisted|p2a: Amoonguss\n|-crit|p2a: Amoonguss\n|-damage|p2a: Amoonguss|55\/100 par\n|-damage|p1b: Urshifu|10\/100|[from] item: Rocky Helmet|[of] p2a: Amoonguss\n|-resisted|p2a: Amoonguss\n|-crit|p2a: Amoonguss\n|-damage|p2a: Amoonguss|46\/100 par\n|-damage|p1b: Urshifu|0 fnt|[from] item: Rocky Helmet|[of] p2a: Amoonguss\n|faint|p1b: Urshifu\n|\n|win|TrendanBrendan\n|-hitcount|p2a: Amoonguss|3\n|raw|TornadoofDOOM's rating: 1245 &rarr; <strong>1221<\/strong><br \/>(-24 for losing)\n|raw|TrendanBrendan's rating: 1261 &rarr; <strong>1285<\/strong><br \/>(+24 for winning)\n|c|\u2606TrendanBrendan|gg\n|l|\u2606TornadoofDOOM\n","uploadtime":1701112233,"views":11,"p1id":"tornadoofdoom","p2id":"trendanbrendan","formatid":"gen9vgc2023regulatione","rating":1221,"private":0,"password":""}