{"id":"gen9vgc2023regulatione-1995009036","p1":"UglyShiny","p2":"haamgamer07","format":"[Gen 9] VGC 2023 Regulation E","log":"|j|\u2606UglyShiny\n|j|\u2606haamgamer07\n|t:|1700512955\n|gametype|doubles\n|player|p1|UglyShiny|preschooler|1134\n|player|p2|haamgamer07|169|1086\n|teamsize|p1|6\n|teamsize|p2|6\n|gen|9\n|tier|[Gen 9] VGC 2023 Regulation E\n|rated|\n|rule|Species Clause: Limit one of each Pok\u00e9mon\n|rule|Item Clause: Limit one of each item\n|clearpoke\n|poke|p1|Qwilfish, L50, M|\n|poke|p1|Shiftry, L50, M|\n|poke|p1|Talonflame, L50, M|\n|poke|p1|Garchomp, L50, M|\n|poke|p1|Cresselia, L50, F|\n|poke|p1|Tinkaton, L50, F|\n|poke|p2|Flutter Mane, L50|\n|poke|p2|Iron Hands, L50|\n|poke|p2|Ursaluna-Bloodmoon, L50, M|\n|poke|p2|Cresselia, L50, F|\n|poke|p2|Torkoal, L50, M|\n|poke|p2|Ogerpon-Wellspring, L50, F|\n|teampreview|4\n|inactive|Battle timer is ON: inactive players will automatically lose when time's up. (requested by haamgamer07)\nhaamgamer07 has agreed to open team sheets.\n|inactive|UglyShiny has 60 seconds left.\n|inactive|haamgamer07 has 60 seconds left.\n|inactive|haamgamer07 has 30 seconds left.\n|inactive|haamgamer07 has 20 seconds left.\n|inactive|haamgamer07 has 15 seconds left.\n|\n|t:|1700513038\n|start\n|switch|p1a: Talonflame|Talonflame, L50, M|100\/100\n|switch|p1b: Garchomp|Garchomp, L50, M|100\/100\n|switch|p2a: Cresselia|Cresselia, L50, F|100\/100\n|switch|p2b: Ogerpon|Ogerpon-Wellspring, L50, F|100\/100\n|turn|1\n|inactive|haamgamer07 has 30 seconds left.\n|inactive|haamgamer07 has 20 seconds left.\n|inactive|haamgamer07 has 15 seconds left.\n|\n|t:|1700513082\n|switch|p2a: Flutter Mane|Flutter Mane, L50|100\/100\n|-terastallize|p2b: Ogerpon|Water\n|detailschange|p2b: Ogerpon|Ogerpon-Wellspring-Tera, L50, F, tera:Water\n|-ability|p2b: Ogerpon|Embody Aspect (Wellspring)|boost\n|-boost|p2b: Ogerpon|spd|1\n|move|p1a: Talonflame|Brave Bird|p2b: Ogerpon\n|-damage|p2b: Ogerpon|50\/100\n|-damage|p1a: Talonflame|80\/100|[from] Recoil\n|move|p1b: Garchomp|Rock Slide|p2b: Ogerpon|[spread] p2a,p2b\n|-damage|p2a: Flutter Mane|67\/100\n|-damage|p2b: Ogerpon|29\/100\n|move|p2b: Ogerpon|Ivy Cudgel|p1a: Talonflame|[anim] Ivy Cudgel Water\n|-supereffective|p1a: Talonflame\n|-damage|p1a: Talonflame|0 fnt\n|faint|p1a: Talonflame\n|\n|upkeep\n|\n|t:|1700513104\n|switch|p1a: Cresselia|Cresselia, L50, F|100\/100\n|turn|2\n|\n|t:|1700513130\n|switch|p2b: Cresselia|Cresselia, L50, F|100\/100\n|-terastallize|p1b: Garchomp|Poison\n|move|p1a: Cresselia|Helping Hand|p1b: Garchomp\n|-singleturn|p1b: Garchomp|Helping Hand|[of] p1a: Cresselia\n|move|p2a: Flutter Mane|Protect|p2a: Flutter Mane\n|-singleturn|p2a: Flutter Mane|Protect\n|move|p1b: Garchomp|Earthquake|p2b: Cresselia|[spread] \n|-activate|p2a: Flutter Mane|move: Protect\n|-immune|p1a: Cresselia|[from] ability: Levitate\n|-immune|p2b: Cresselia|[from] ability: Levitate\n|\n|upkeep\n|turn|3\n|inactive|haamgamer07 has 30 seconds left.\n|\n|t:|1700513165\n|move|p1a: Cresselia|Helping Hand|p1b: Garchomp\n|-singleturn|p1b: Garchomp|Helping Hand|[of] p1a: Cresselia\n|move|p2a: Flutter Mane|Shadow Ball|p1a: Cresselia\n|-supereffective|p1a: Cresselia\n|-damage|p1a: Cresselia|50\/100\n|move|p1b: Garchomp|Rock Slide|p2b: Cresselia|[spread] p2b\n|-miss|p1b: Garchomp|p2a: Flutter Mane\n|-damage|p2b: Cresselia|83\/100\n|cant|p2b: Cresselia|flinch\n|\n|upkeep\n|turn|4\n|inactive|haamgamer07 has 30 seconds left.\n|\n|t:|1700513195\n|move|p1a: Cresselia|Protect|p1a: Cresselia\n|-singleturn|p1a: Cresselia|Protect\n|move|p2a: Flutter Mane|Shadow Ball|p1a: Cresselia\n|-activate|p1a: Cresselia|move: Protect\n|move|p1b: Garchomp|Earthquake|p2b: Cresselia|[spread] p2a\n|-activate|p1a: Cresselia|move: Protect\n|-immune|p2b: Cresselia|[from] ability: Levitate\n|-damage|p2a: Flutter Mane|1\/100\n|move|p2b: Cresselia|Trick Room|p2b: Cresselia\n|-fieldstart|move: Trick Room|[of] p2b: Cresselia\n|\n|upkeep\n|turn|5\n|\n|t:|1700513216\n|move|p1a: Cresselia|Psychic|p2a: Flutter Mane\n|-damage|p2a: Flutter Mane|0 fnt\n|faint|p2a: Flutter Mane\n|-end|p2a: Flutter Mane|Protosynthesis|[silent]\n|move|p2b: Cresselia|Psychic|p1b: Garchomp\n|-supereffective|p1b: Garchomp\n|-damage|p1b: Garchomp|45\/100\n|move|p1b: Garchomp|Rock Slide|p2b: Cresselia\n|-damage|p2b: Cresselia|67\/100\n|\n|upkeep\n|\n|t:|1700513228\n|switch|p2a: Ursaluna|Ursaluna-Bloodmoon, L50, M|100\/100\n|turn|6\n|\n|t:|1700513237\n|move|p1b: Garchomp|Protect|p1b: Garchomp\n|-singleturn|p1b: Garchomp|Protect\n|move|p2a: Ursaluna|Hyper Voice|p1a: Cresselia|[spread] p1a\n|-activate|p1b: Garchomp|move: Protect\n|-damage|p1a: Cresselia|26\/100\n|-enditem|p2a: Ursaluna|Throat Spray\n|-boost|p2a: Ursaluna|spa|1|[from] item: Throat Spray\n|move|p1a: Cresselia|Lunar Blessing|p1a: Cresselia|[spread] p1a,p1b\n|-heal|p1a: Cresselia|52\/100\n|-heal|p1b: Garchomp|70\/100\n|move|p2b: Cresselia|Psychic|p1b: Garchomp\n|-activate|p1b: Garchomp|move: Protect\n|\n|upkeep\n|turn|7\n|\n|t:|1700513258\n|switch|p1b: Shiftry|Shiftry, L50, M|100\/100\n|move|p2a: Ursaluna|Blood Moon|p1b: Shiftry\n|-damage|p1b: Shiftry|0 fnt\n|faint|p1b: Shiftry\n|move|p2b: Cresselia|Psychic|p1a: Cresselia\n|-resisted|p1a: Cresselia\n|-damage|p1a: Cresselia|44\/100\n|move|p1a: Cresselia|Psychic|p2a: Ursaluna\n|-damage|p2a: Ursaluna|69\/100\n|\n|upkeep\n|\n|t:|1700513272\n|switch|p1b: Garchomp|Garchomp, L50, M, tera:Poison|70\/100\n|turn|8\n|\n|t:|1700513296\n|switch|p2a: Ogerpon|Ogerpon-Wellspring-Tera, L50, F, tera:Water|29\/100\n|-ability|p2a: Ogerpon|Embody Aspect (Wellspring)|boost\n|-boost|p2a: Ogerpon|spd|1\n|move|p1b: Garchomp|Protect|p1b: Garchomp\n|-singleturn|p1b: Garchomp|Protect\n|move|p2b: Cresselia|Lunar Blessing|p2b: Cresselia|[spread] p2a,p2b\n|-heal|p2a: Ogerpon|54\/100\n|-heal|p2b: Cresselia|93\/100\n|move|p1a: Cresselia|Lunar Blessing|p1a: Cresselia|[spread] p1a,p1b\n|-heal|p1a: Cresselia|69\/100\n|-heal|p1b: Garchomp|95\/100\n|\n|-fieldend|move: Trick Room\n|upkeep\n|turn|9\n|inactive|UglyShiny has 30 seconds left.\n|inactive|haamgamer07 has 30 seconds left.\n|inactive|UglyShiny has 20 seconds left.\n|inactive|UglyShiny has 15 seconds left.\n|\n|t:|1700513337\n|move|p1a: Cresselia|Helping Hand|p1b: Garchomp\n|-singleturn|p1b: Garchomp|Helping Hand|[of] p1a: Cresselia\n|move|p1b: Garchomp|Earthquake|p2b: Cresselia|[spread] p2a\n|-immune|p1a: Cresselia|[from] ability: Levitate\n|-immune|p2b: Cresselia|[from] ability: Levitate\n|-damage|p2a: Ogerpon|0 fnt\n|faint|p2a: Ogerpon\n|move|p2b: Cresselia|Psychic|p1b: Garchomp\n|-supereffective|p1b: Garchomp\n|-damage|p1b: Garchomp|48\/100\n|\n|upkeep\n|\n|t:|1700513350\n|switch|p2a: Ursaluna|Ursaluna-Bloodmoon, L50, M|69\/100\n|turn|10\n|\n|t:|1700513360\n|move|p2a: Ursaluna|Protect|p2a: Ursaluna\n|-singleturn|p2a: Ursaluna|Protect\n|move|p1b: Garchomp|Rock Slide|p2b: Cresselia|[spread] p2b\n|-activate|p2a: Ursaluna|move: Protect\n|-damage|p2b: Cresselia|81\/100\n|move|p1a: Cresselia|Lunar Blessing|p1a: Cresselia|[spread] p1a,p1b\n|-heal|p1a: Cresselia|94\/100\n|-heal|p1b: Garchomp|73\/100\n|move|p2b: Cresselia|Trick Room|p2b: Cresselia\n|-fieldstart|move: Trick Room|[of] p2b: Cresselia\n|\n|upkeep\n|turn|11\n|\n|t:|1700513381\n|move|p1b: Garchomp|Protect|p1b: Garchomp\n|-singleturn|p1b: Garchomp|Protect\n|move|p2a: Ursaluna|Hyper Voice|p1b: Garchomp|[spread] p1a\n|-activate|p1b: Garchomp|move: Protect\n|-damage|p1a: Cresselia|69\/100\n|move|p1a: Cresselia|Lunar Blessing|p1a: Cresselia|[spread] p1a,p1b\n|-heal|p1a: Cresselia|94\/100\n|-heal|p1b: Garchomp|98\/100\n|move|p2b: Cresselia|Psychic|p1a: Cresselia\n|-resisted|p1a: Cresselia\n|-damage|p1a: Cresselia|86\/100\n|\n|upkeep\n|turn|12\n|\n|t:|1700513402\n|move|p1a: Cresselia|Helping Hand|p1b: Garchomp\n|-singleturn|p1b: Garchomp|Helping Hand|[of] p1a: Cresselia\n|move|p2a: Ursaluna|Blood Moon|p1b: Garchomp\n|-damage|p1b: Garchomp|11\/100\n|move|p2b: Cresselia|Psychic|p1b: Garchomp\n|-supereffective|p1b: Garchomp\n|-damage|p1b: Garchomp|0 fnt\n|faint|p1b: Garchomp\n|\n|upkeep\n|turn|13\n|\n|t:|1700513417\n|move|p2a: Ursaluna|Hyper Voice|p1a: Cresselia\n|-damage|p1a: Cresselia|52\/100\n|move|p1a: Cresselia|Psychic|p2a: Ursaluna\n|-damage|p2a: Ursaluna|36\/100\n|move|p2b: Cresselia|Psychic|p1a: Cresselia\n|-resisted|p1a: Cresselia\n|-crit|p1a: Cresselia\n|-damage|p1a: Cresselia|41\/100\n|\n|upkeep\n|turn|14\n|-message|UglyShiny forfeited.\n|\n|win|haamgamer07\n|raw|UglyShiny's rating: 1134 &rarr; <strong>1106<\/strong><br \/>(-28 for losing)\n|raw|haamgamer07's rating: 1086 &rarr; <strong>1117<\/strong><br \/>(+31 for winning)\n|l|\u2606UglyShiny\n","uploadtime":1700513451,"views":3,"p1id":"uglyshiny","p2id":"haamgamer07","formatid":"gen9vgc2023regulatione","rating":1106,"private":0,"password":""}