{"id":"gen9vgc2023regulatione-1999143294","p1":"SonofFin","p2":"KarlIsBad","format":"[Gen 9] VGC 2023 Regulation E","log":"|j|\u2606SonofFin\n|j|\u2606KarlIsBad\n|t:|1701037874\n|gametype|doubles\n|player|p1|SonofFin|169|1224\n|player|p2|KarlIsBad|alder|1248\n|teamsize|p1|6\n|teamsize|p2|6\n|gen|9\n|tier|[Gen 9] VGC 2023 Regulation E\n|rated|\n|rule|Species Clause: Limit one of each Pok\u00e9mon\n|rule|Item Clause: Limit one of each item\n|clearpoke\n|poke|p1|Gholdengo, L50|\n|poke|p1|Urshifu-*, L50, M|\n|poke|p1|Tornadus, L50, M|\n|poke|p1|Flutter Mane, L50|\n|poke|p1|Cresselia, L50, F|\n|poke|p1|Ogerpon-Hearthflame, L50, F|\n|poke|p2|Grimmsnarl, L50, M|\n|poke|p2|Palafin, L50, F|\n|poke|p2|Pelipper, L50, M|\n|poke|p2|Weezing, L50, F|\n|poke|p2|Chien-Pao, L50|\n|poke|p2|Dragonite, L50, M|\n|teampreview|4\n|inactive|Battle timer is ON: inactive players will automatically lose when time's up. (requested by SonofFin)\n|inactive|KarlIsBad has 60 seconds left.\nSonofFin has agreed to open team sheets.\n|\n|t:|1701037916\n|start\n|switch|p1a: Cresselia|Cresselia, L50, F|100\/100\n|switch|p1b: Gholdengo|Gholdengo, L50|100\/100\n|switch|p2a: Chien-Pao|Chien-Pao, L50|100\/100\n|switch|p2b: Palafin|Palafin, L50, F|100\/100\n|-ability|p2a: Chien-Pao|Sword of Ruin\n|turn|1\n|\n|t:|1701037935\n|switch|p2a: Pelipper|Pelipper, L50, M|100\/100\n|-weather|RainDance|[from] ability: Drizzle|[of] p2a: Pelipper\n|detailschange|p2b: Palafin|Palafin-Hero, L50, F\n|switch|p2b: Weezing|Weezing, L50, F|100\/100\n|-ability|p2b: Weezing|Neutralizing Gas\n|-terastallize|p1a: Cresselia|Steel\n|move|p1b: Gholdengo|Protect|p1b: Gholdengo\n|-singleturn|p1b: Gholdengo|Protect\n|move|p1a: Cresselia|Trick Room|p1a: Cresselia\n|-fieldstart|move: Trick Room|[of] p1a: Cresselia\n|\n|-weather|RainDance|[upkeep]\n|upkeep\n|turn|2\n|\n|t:|1701037956\n|move|p2b: Weezing|Taunt|p1a: Cresselia\n|-start|p1a: Cresselia|move: Taunt\n|-enditem|p1a: Cresselia|Mental Herb\n|-end|p1a: Cresselia|move: Taunt\n|move|p1a: Cresselia|Calm Mind|p1a: Cresselia\n|-boost|p1a: Cresselia|spa|1\n|-boost|p1a: Cresselia|spd|1\n|move|p2a: Pelipper|Weather Ball|p1b: Gholdengo\n|-damage|p1b: Gholdengo|37\/100\n|move|p1b: Gholdengo|Nasty Plot|p1b: Gholdengo\n|-boost|p1b: Gholdengo|spa|2\n|\n|-weather|RainDance|[upkeep]\n|upkeep\n|turn|3\n|inactive|KarlIsBad has 30 seconds left.\n|\n|t:|1701037986\n|move|p1b: Gholdengo|Protect|p1b: Gholdengo\n|-singleturn|p1b: Gholdengo|Protect\n|move|p2b: Weezing|Taunt|p1a: Cresselia\n|-start|p1a: Cresselia|move: Taunt\n|move|p2a: Pelipper|Weather Ball|p1b: Gholdengo\n|-activate|p1b: Gholdengo|move: Protect\n|cant|p1a: Cresselia|move: Taunt|Trick Room\n|\n|-weather|RainDance|[upkeep]\n|upkeep\n|turn|4\n|\n|t:|1701038008\n|-end|p2b: Weezing|ability: Neutralizing Gas\n|switch|p2b: Chien-Pao|Chien-Pao, L50|100\/100\n|-ability|p2b: Chien-Pao|Sword of Ruin\n|move|p1b: Gholdengo|Protect|p1b: Gholdengo\n|-singleturn|p1b: Gholdengo|Protect\n|move|p1a: Cresselia|Dazzling Gleam|p2a: Pelipper|[spread] p2a,p2b\n|-supereffective|p2b: Chien-Pao\n|-damage|p2a: Pelipper|81\/100\n|-damage|p2b: Chien-Pao|40\/100\n|-enditem|p2a: Pelipper|Eject Button\n|\n|t:|1701038020\n|switch|p2a: Palafin|Palafin-Hero, L50, F|100\/100\n|-activate|p2a: Palafin|ability: Zero to Hero\n|\n|-weather|RainDance|[upkeep]\n|upkeep\n|turn|5\n|\n|t:|1701038033\n|-terastallize|p2a: Palafin|Water\n|move|p2b: Chien-Pao|Protect|p2b: Chien-Pao\n|-singleturn|p2b: Chien-Pao|Protect\n|move|p2a: Palafin|Jet Punch|p1b: Gholdengo\n|-damage|p1b: Gholdengo|0 fnt\n|faint|p1b: Gholdengo\n|move|p1a: Cresselia|Dazzling Gleam|p2a: Palafin|[spread] p2a\n|-activate|p2b: Chien-Pao|move: Protect\n|-damage|p2a: Palafin|83\/100\n|\n|-weather|none\n|-end|p1a: Cresselia|move: Taunt\n|-fieldend|move: Trick Room\n|upkeep\n|\n|t:|1701038046\n|switch|p1b: Flutter Mane|Flutter Mane, L50|100\/100\n|-enditem|p1b: Flutter Mane|Booster Energy\n|-activate|p1b: Flutter Mane|ability: Protosynthesis|[fromitem]\n|-start|p1b: Flutter Mane|protosynthesisspe\n|turn|6\n|\n|t:|1701038060\n|move|p1b: Flutter Mane|Protect|p1b: Flutter Mane\n|-singleturn|p1b: Flutter Mane|Protect\n|move|p2b: Chien-Pao|Sucker Punch||[still]\n|-fail|p2b: Chien-Pao\n|move|p2a: Palafin|Jet Punch|p1b: Flutter Mane\n|-activate|p1b: Flutter Mane|move: Protect\n|move|p1a: Cresselia|Dazzling Gleam|p2a: Palafin|[spread] p2a,p2b\n|-supereffective|p2b: Chien-Pao\n|-damage|p2a: Palafin|64\/100\n|-damage|p2b: Chien-Pao|0 fnt\n|faint|p2b: Chien-Pao\n|\n|upkeep\n|\n|t:|1701038077\n|switch|p2b: Pelipper|Pelipper, L50, M|81\/100\n|-weather|RainDance|[from] ability: Drizzle|[of] p2b: Pelipper\n|turn|7\n|\n|t:|1701038091\n|-end|p1b: Flutter Mane|Protosynthesis|[silent]\n|switch|p1b: Ogerpon|Ogerpon-Hearthflame, L50, F|100\/100\n|-ability|p1b: Ogerpon|Mold Breaker\n|move|p2b: Pelipper|Helping Hand|p2a: Palafin\n|-singleturn|p2a: Palafin|Helping Hand|[of] p2b: Pelipper\n|move|p2a: Palafin|Jet Punch|p1b: Ogerpon\n|-damage|p1b: Ogerpon|0 fnt\n|faint|p1b: Ogerpon\n|move|p1a: Cresselia|Calm Mind|p1a: Cresselia\n|-boost|p1a: Cresselia|spa|1\n|-boost|p1a: Cresselia|spd|1\n|\n|-weather|RainDance|[upkeep]\n|upkeep\n|\n|t:|1701038102\n|switch|p1b: Flutter Mane|Flutter Mane, L50|100\/100\n|turn|8\n|\n|t:|1701038117\n|move|p2b: Pelipper|Helping Hand|p2a: Palafin\n|-singleturn|p2a: Palafin|Helping Hand|[of] p2b: Pelipper\n|move|p1b: Flutter Mane|Protect|p1b: Flutter Mane\n|-singleturn|p1b: Flutter Mane|Protect\n|move|p2a: Palafin|Wave Crash|p1a: Cresselia\n|-damage|p1a: Cresselia|0 fnt\n|faint|p1a: Cresselia\n|-damage|p2a: Palafin|26\/100|[from] Recoil\n|\n|-weather|RainDance|[upkeep]\n|upkeep\n|turn|9\n|-message|SonofFin forfeited.\n|\n|win|KarlIsBad\n|raw|SonofFin's rating: 1224 &rarr; <strong>1201<\/strong><br \/>(-23 for losing)\n|raw|KarlIsBad's rating: 1248 &rarr; <strong>1271<\/strong><br \/>(+23 for winning)\n|l|\u2606SonofFin\n|l|\u2606KarlIsBad\n|j|\u2606KarlIsBad\n|player|p2|KarlIsBad|alder\n","uploadtime":1701038189,"views":21,"p1id":"sonoffin","p2id":"karlisbad","formatid":"gen9vgc2023regulatione","rating":1201,"private":0,"password":""}