{"id":"gen9vgc2023regulatione-1997929352","p1":"Reversery","p2":"mabend","format":"[Gen 9] VGC 2023 Regulation E","log":"|j|\u2606Reversery\n|n|\u2606Reversery|reversery\n|html|View the match progress at <a href=\"\/game-bestof3-gen9vgc2023regulatione-1997925953\">game-bestof3-gen9vgc2023regulatione-1997925953<\/a>\n|t:|1700868640\n|gametype|doubles\n|player|p1|Reversery|dawn-gen4pt|\n|player|p2|mabend|roxie|\n|teamsize|p1|6\n|teamsize|p2|6\n|gen|9\n|tier|[Gen 9] VGC 2023 Regulation E\n|rule|Species Clause: Limit one of each Pok\u00e9mon\n|rule|Item Clause: Limit one of each item\n|clearpoke\n|poke|p1|Rillaboom, L50, M|\n|poke|p1|Heatran, L50, M|\n|poke|p1|Clefairy, L50, F|\n|poke|p1|Eiscue, L50, M|\n|poke|p1|Tornadus-Therian, L50, M|\n|poke|p1|Houndstone, L50, F|\n|poke|p2|Volcarona, L50, M|\n|poke|p2|Oricorio-Pom-Pom, L50, M|\n|poke|p2|Urshifu-*, L50, F|\n|poke|p2|Landorus-Therian, L50, M|\n|poke|p2|Scream Tail, L50|\n|poke|p2|Pawmot, L50, M|\n|teampreview|4\nReversery rejected open team sheets.\n|j|\u2606mabend\n|l|\u2606mabend\n|player|p2|\n|j|\u2606mabend\n|player|p2|mabend|roxie\n|\n|t:|1700868727\n|start\n|switch|p1a: Cool But Not|Heatran, L50, M|100\/100\n|switch|p1b: Pillow|Clefairy, L50, F|100\/100\n|switch|p2a: Urshifu|Urshifu-Rapid-Strike, L50, F|100\/100\n|switch|p2b: Landorus|Landorus-Therian, L50, M|100\/100\n|-ability|p2b: Landorus|Intimidate|boost\n|-unboost|p1a: Cool But Not|atk|1\n|-unboost|p1b: Pillow|atk|1\n|-item|p1a: Cool But Not|Air Balloon\n|turn|1\n|\n|t:|1700868764\n|move|p2b: Landorus|U-turn|p1a: Cool But Not\n|-resisted|p1a: Cool But Not\n|-damage|p1a: Cool But Not|97\/100\n|-enditem|p1a: Cool But Not|Air Balloon\n|\n|t:|1700868771\n|switch|p2b: Volcarona|Volcarona, L50, M|100\/100|[from] U-turn\n|move|p2a: Urshifu|Poison Jab|p1b: Pillow\n|-supereffective|p1b: Pillow\n|-damage|p1b: Pillow|25\/100\n|move|p1a: Cool But Not|Flash Cannon|p2a: Urshifu\n|-resisted|p2a: Urshifu\n|-damage|p2a: Urshifu|71\/100\n|move|p1b: Pillow|Dazzling Gleam|p2b: Volcarona|[spread] p2a,p2b\n|-supereffective|p2a: Urshifu\n|-resisted|p2b: Volcarona\n|-damage|p2a: Urshifu|36\/100\n|-damage|p2b: Volcarona|94\/100\n|\n|-heal|p2b: Volcarona|100\/100|[from] item: Leftovers\n|upkeep\n|turn|2\n|\n|t:|1700868828\n|switch|p2a: Landorus|Landorus-Therian, L50, M|100\/100\n|-ability|p2a: Landorus|Intimidate|boost\n|-unboost|p1a: Cool But Not|atk|1\n|-unboost|p1b: Pillow|atk|1\n|move|p2b: Volcarona|Bug Buzz|p1b: Pillow\n|-resisted|p1b: Pillow\n|-damage|p1b: Pillow|6\/100\n|move|p1a: Cool But Not|Earth Power|p2b: Volcarona\n|-damage|p2b: Volcarona|70\/100\n|move|p1b: Pillow|Dazzling Gleam|p2b: Volcarona|[spread] p2a,p2b\n|-resisted|p2b: Volcarona\n|-damage|p2a: Landorus|86\/100\n|-damage|p2b: Volcarona|64\/100\n|\n|-heal|p2b: Volcarona|70\/100|[from] item: Leftovers\n|upkeep\n|turn|3\n|\n|t:|1700868869\n|switch|p1b: Whitebeard|Tornadus-Therian, L50, M|100\/100\n|move|p1a: Cool But Not|Protect|p1a: Cool But Not\n|-singleturn|p1a: Cool But Not|Protect\n|move|p2a: Landorus|Stomping Tantrum|p1a: Cool But Not\n|-activate|p1a: Cool But Not|move: Protect\n|move|p2b: Volcarona|Quiver Dance|p2b: Volcarona\n|-boost|p2b: Volcarona|spa|1\n|-boost|p2b: Volcarona|spd|1\n|-boost|p2b: Volcarona|spe|1\n|\n|-heal|p2b: Volcarona|77\/100|[from] item: Leftovers\n|upkeep\n|turn|4\n|\n|t:|1700868952\n|switch|p1a: Pillow|Clefairy, L50, F|6\/100\n|move|p2b: Volcarona|Protect|p2b: Volcarona\n|-singleturn|p2b: Volcarona|Protect\n|move|p2a: Landorus|Stomping Tantrum|p1a: Pillow\n|-damage|p1a: Pillow|0 fnt\n|faint|p1a: Pillow\n|move|p1b: Whitebeard|Knock Off|p2a: Landorus\n|-damage|p2a: Landorus|65\/100\n|-enditem|p2a: Landorus|Choice Scarf|[from] move: Knock Off|[of] p1b: Whitebeard\n|\n|-heal|p2b: Volcarona|83\/100|[from] item: Leftovers\n|upkeep\n|\n|t:|1700868966\n|switch|p1a: Cool But Not|Heatran, L50, M|97\/100\n|turn|5\n|\n|t:|1700868996\n|move|p2b: Volcarona|Quiver Dance|p2b: Volcarona\n|-boost|p2b: Volcarona|spa|1\n|-boost|p2b: Volcarona|spd|1\n|-boost|p2b: Volcarona|spe|1\n|move|p1b: Whitebeard|Bleakwind Storm|p2b: Volcarona|[spread] p2b\n|-miss|p1b: Whitebeard|p2a: Landorus\n|-supereffective|p2b: Volcarona\n|-damage|p2b: Volcarona|54\/100\n|move|p2a: Landorus|Stomping Tantrum|p1a: Cool But Not\n|-supereffective|p1a: Cool But Not\n|-damage|p1a: Cool But Not|0 fnt\n|faint|p1a: Cool But Not\n|\n|-heal|p2b: Volcarona|60\/100|[from] item: Leftovers\n|upkeep\n|\n|t:|1700869008\n|switch|p1a: My Dog Dead D:|Houndstone, L50, F|100\/100\n|turn|6\n|\n|t:|1700869033\n|move|p1a: My Dog Dead D:|Protect|p1a: My Dog Dead D:\n|-singleturn|p1a: My Dog Dead D:|Protect\n|move|p2b: Volcarona|Heat Wave|p1b: Whitebeard|[spread] p1b\n|-activate|p1a: My Dog Dead D:|move: Protect\n|-damage|p1b: Whitebeard|6\/100\n|move|p1b: Whitebeard|Sandstorm|p1b: Whitebeard\n|-weather|Sandstorm\n|move|p2a: Landorus|Rock Slide|p1b: Whitebeard|[spread] p1b\n|-activate|p1a: My Dog Dead D:|move: Protect\n|-supereffective|p1b: Whitebeard\n|-crit|p1b: Whitebeard\n|-damage|p1b: Whitebeard|0 fnt\n|faint|p1b: Whitebeard\n|\n|-weather|Sandstorm|[upkeep]\n|-damage|p2b: Volcarona|54\/100|[from] Sandstorm\n|-heal|p2b: Volcarona|60\/100|[from] item: Leftovers\n|upkeep\n|turn|7\n|\n|t:|1700869065\n|-terastallize|p1a: My Dog Dead D:|Ghost\n|move|p2b: Volcarona|Bug Buzz|p1a: My Dog Dead D:\n|-resisted|p1a: My Dog Dead D:\n|-damage|p1a: My Dog Dead D:|41\/100\n|move|p1a: My Dog Dead D:|Last Respects|p2b: Volcarona\n|-damage|p2b: Volcarona|0 fnt\n|faint|p2b: Volcarona\n|move|p2a: Landorus|Stomping Tantrum|p1a: My Dog Dead D:\n|-damage|p1a: My Dog Dead D:|0 fnt\n|faint|p1a: My Dog Dead D:\n|\n|win|mabend\n|c|\u2606Reversery|gg\n|l|\u2606mabend\n","uploadtime":1700869074,"views":22,"p1id":"reversery","p2id":"mabend","formatid":"gen9vgc2023regulatione","rating":0,"private":0,"password":""}