{"id":"gen9vgc2023regulatione-1988776062","p1":"Crumbeldum","p2":"RoryRemisdad14","format":"[Gen 9] VGC 2023 Regulation E","log":"|j|\u2606Crumbeldum\n|j|\u2606RoryRemisdad14\n|t:|1699761627\n|gametype|doubles\n|player|p1|Crumbeldum|101|1277\n|player|p2|RoryRemisdad14|benga|1315\n|teamsize|p1|6\n|teamsize|p2|6\n|gen|9\n|tier|[Gen 9] VGC 2023 Regulation E\n|rated|\n|rule|Species Clause: Limit one of each Pok\u00e9mon\n|rule|Item Clause: Limit one of each item\n|clearpoke\n|poke|p1|Tornadus, L50, M|\n|poke|p1|Rillaboom, L50, F|\n|poke|p1|Arcanine-Hisui, L50, M|\n|poke|p1|Flutter Mane, L50|\n|poke|p1|Urshifu-*, L50, F|\n|poke|p1|Roaring Moon, L50|\n|poke|p2|Arcanine-Hisui, L50, M|\n|poke|p2|Chien-Pao, L50|\n|poke|p2|Gholdengo, L50|\n|poke|p2|Iron Hands, L50|\n|poke|p2|Ogerpon-Wellspring, L50, F|\n|poke|p2|Tornadus, L50, M|\n|teampreview|4\n|inactive|Battle timer is ON: inactive players will automatically lose when time's up. (requested by Crumbeldum)\n|\n|t:|1699761679\n|start\n|switch|p1a: Tornadus|Tornadus, L50, M|100\/100\n|switch|p1b: Urshifu|Urshifu-Rapid-Strike, L50, F|100\/100\n|switch|p2a: Tornadus|Tornadus, L50, M|100\/100\n|switch|p2b: Arcanine|Arcanine-Hisui, L50, M|100\/100\n|-ability|p2b: Arcanine|Intimidate|boost\n|-unboost|p1a: Tornadus|atk|1\n|-unboost|p1b: Urshifu|atk|1\n|turn|1\n|inactive|Crumbeldum has 30 seconds left.\n|inactive|Crumbeldum has 20 seconds left.\n|\n|t:|1699761716\n|-terastallize|p1b: Urshifu|Water\n|-terastallize|p2b: Arcanine|Fairy\n|move|p1a: Tornadus|Tailwind|p1a: Tornadus\n|-sidestart|p1: Crumbeldum|move: Tailwind\n|move|p2a: Tornadus|Tailwind|p2a: Tornadus\n|-sidestart|p2: RoryRemisdad14|move: Tailwind\n|move|p1b: Urshifu|Surging Strikes|p2b: Arcanine\n|-crit|p2b: Arcanine\n|-damage|p2b: Arcanine|62\/100\n|-crit|p2b: Arcanine\n|-damage|p2b: Arcanine|23\/100\n|-crit|p2b: Arcanine\n|-damage|p2b: Arcanine|0 fnt\n|faint|p2b: Arcanine\n|-hitcount|p2: Arcanine|3\n|\n|upkeep\n|\n|t:|1699761727\n|switch|p2b: Iron Hands|Iron Hands, L50|100\/100\n|turn|2\n|\n|t:|1699761745\n|move|p1b: Urshifu|Detect|p1b: Urshifu\n|-singleturn|p1b: Urshifu|Protect\n|move|p1a: Tornadus|Rain Dance|p1a: Tornadus\n|-weather|RainDance\n|move|p2a: Tornadus|Bleakwind Storm|p1b: Urshifu|[spread] p1a\n|-activate|p1b: Urshifu|move: Protect\n|-damage|p1a: Tornadus|73\/100\n|move|p2b: Iron Hands|Wild Charge|p1b: Urshifu\n|-activate|p1b: Urshifu|move: Protect\n|\n|-weather|RainDance|[upkeep]\n|upkeep\n|turn|3\n|inactive|Crumbeldum has 30 seconds left.\n|inactive|Crumbeldum has 20 seconds left.\n|inactive|Crumbeldum has 15 seconds left.\n|\n|t:|1699761786\n|switch|p1a: Arcanine|Arcanine-Hisui, L50, M|100\/100\n|-ability|p1a: Arcanine|Intimidate|boost\n|-unboost|p2a: Tornadus|atk|1\n|-unboost|p2b: Iron Hands|atk|1\n|move|p1b: Urshifu|Surging Strikes|p2a: Tornadus\n|-crit|p2a: Tornadus\n|-damage|p2a: Tornadus|58\/100\n|-crit|p2a: Tornadus\n|-damage|p2a: Tornadus|10\/100\n|-crit|p2a: Tornadus\n|-damage|p2a: Tornadus|0 fnt\n|faint|p2a: Tornadus\n|-hitcount|p2: Tornadus|3\n|move|p2b: Iron Hands|Wild Charge|p1b: Urshifu\n|-supereffective|p1b: Urshifu\n|-damage|p1b: Urshifu|31\/100\n|-damage|p2b: Iron Hands|87\/100|[from] Recoil\n|\n|-weather|RainDance|[upkeep]\n|upkeep\n|\n|t:|1699761795\n|switch|p2a: Gholdengo|Gholdengo, L50|100\/100\n|turn|4\n|inactive|Crumbeldum has 30 seconds left.\n|\n|t:|1699761827\n|switch|p1b: Rillaboom|Rillaboom, L50, F|100\/100\n|-fieldstart|move: Grassy Terrain|[from] ability: Grassy Surge|[of] p1b: Rillaboom\n|move|p1a: Arcanine|Head Smash|p2a: Gholdengo\n|-resisted|p2a: Gholdengo\n|-damage|p2a: Gholdengo|47\/100\n|-damage|p1a: Arcanine|71\/100|[from] Recoil\n|move|p2a: Gholdengo|Shadow Ball|p1b: Rillaboom\n|-damage|p1b: Rillaboom|67\/100\n|move|p2b: Iron Hands|Wild Charge|p1b: Rillaboom\n|-resisted|p1b: Rillaboom\n|-damage|p1b: Rillaboom|51\/100\n|-damage|p2b: Iron Hands|84\/100|[from] Recoil\n|\n|-weather|RainDance|[upkeep]\n|-heal|p1a: Arcanine|78\/100|[from] Grassy Terrain\n|-heal|p1b: Rillaboom|57\/100|[from] Grassy Terrain\n|-heal|p2a: Gholdengo|53\/100|[from] Grassy Terrain\n|-heal|p2a: Gholdengo|59\/100|[from] item: Leftovers\n|-heal|p2b: Iron Hands|90\/100|[from] Grassy Terrain\n|-sideend|p2: RoryRemisdad14|move: Tailwind\n|-sideend|p1: Crumbeldum|move: Tailwind\n|upkeep\n|turn|5\n|inactive|Crumbeldum has 30 seconds left.\n|inactive|RoryRemisdad14 has 30 seconds left.\n|inactive|Crumbeldum has 20 seconds left.\n|inactive|Crumbeldum has 15 seconds left.\n|\n|t:|1699761869\n|move|p1b: Rillaboom|Fake Out|p2b: Iron Hands\n|-damage|p2b: Iron Hands|80\/100\n|move|p1a: Arcanine|Head Smash|p2a: Gholdengo|[miss]\n|-miss|p1a: Arcanine|p2a: Gholdengo\n|move|p2a: Gholdengo|Nasty Plot|p2a: Gholdengo\n|-boost|p2a: Gholdengo|spa|2\n|cant|p2b: Iron Hands|flinch\n|\n|-weather|RainDance|[upkeep]\n|-heal|p1a: Arcanine|84\/100|[from] Grassy Terrain\n|-heal|p1b: Rillaboom|63\/100|[from] Grassy Terrain\n|-heal|p2a: Gholdengo|66\/100|[from] Grassy Terrain\n|-heal|p2a: Gholdengo|72\/100|[from] item: Leftovers\n|-heal|p2b: Iron Hands|86\/100|[from] Grassy Terrain\n|upkeep\n|turn|6\n|inactive|Crumbeldum has 30 seconds left.\n|\n|t:|1699761896\n|switch|p1a: Tornadus|Tornadus, L50, M|73\/100\n|move|p1b: Rillaboom|U-turn|p2a: Gholdengo\n|-resisted|p2a: Gholdengo\n|-damage|p2a: Gholdengo|67\/100\n|\n|t:|1699761905\n|switch|p1b: Arcanine|Arcanine-Hisui, L50, M|84\/100|[from] U-turn\n|-ability|p1b: Arcanine|Intimidate|boost\n|-unboost|p2a: Gholdengo|atk|1\n|-unboost|p2b: Iron Hands|atk|1\n|move|p2a: Gholdengo|Make It Rain|p1b: Arcanine|[spread] p1a,p1b\n|-damage|p1a: Tornadus|0 fnt\n|-damage|p1b: Arcanine|0 fnt\n|-unboost|p2a: Gholdengo|spa|1\n|faint|p1a: Tornadus\n|faint|p1b: Arcanine\n|move|p2b: Iron Hands|Drain Punch|p1: Tornadus|[notarget]\n|-fail|p2b: Iron Hands\n|\n|-weather|none\n|-heal|p2a: Gholdengo|73\/100|[from] Grassy Terrain\n|-heal|p2a: Gholdengo|79\/100|[from] item: Leftovers\n|-heal|p2b: Iron Hands|92\/100|[from] Grassy Terrain\n|upkeep\n|\n|t:|1699761925\n|switch|p1a: Urshifu|Urshifu-Rapid-Strike, L50, F, tera:Water|31\/100\n|switch|p1b: Rillaboom|Rillaboom, L50, F|63\/100\n|turn|7\n|\n|t:|1699761939\n|move|p1b: Rillaboom|Fake Out|p2b: Iron Hands\n|-damage|p2b: Iron Hands|83\/100\n|move|p1a: Urshifu|Surging Strikes|p2a: Gholdengo\n|-crit|p2a: Gholdengo\n|-damage|p2a: Gholdengo|48\/100\n|-crit|p2a: Gholdengo\n|-damage|p2a: Gholdengo|18\/100\n|-crit|p2a: Gholdengo\n|-damage|p2a: Gholdengo|0 fnt\n|faint|p2a: Gholdengo\n|-hitcount|p2: Gholdengo|3\n|cant|p2b: Iron Hands|flinch\n|\n|-heal|p1a: Urshifu|37\/100|[from] Grassy Terrain\n|-heal|p1b: Rillaboom|69\/100|[from] Grassy Terrain\n|-heal|p2b: Iron Hands|90\/100|[from] Grassy Terrain\n|upkeep\n|turn|8\n|\n|t:|1699761964\n|move|p1a: Urshifu|Detect|p1a: Urshifu\n|-singleturn|p1a: Urshifu|Protect\n|move|p1b: Rillaboom|Wood Hammer|p2b: Iron Hands\n|-damage|p2b: Iron Hands|33\/100\n|-damage|p1b: Rillaboom|46\/100|[from] Recoil\n|move|p2b: Iron Hands|Drain Punch|p1b: Rillaboom\n|-damage|p1b: Rillaboom|29\/100\n|-heal|p2b: Iron Hands|41\/100|[from] drain|[of] p1b: Rillaboom\n|\n|-heal|p1a: Urshifu|43\/100|[from] Grassy Terrain\n|-heal|p1b: Rillaboom|34\/100|[from] Grassy Terrain\n|-heal|p2b: Iron Hands|47\/100|[from] Grassy Terrain\n|-fieldend|move: Grassy Terrain\n|upkeep\n|turn|9\n|c|\u2606RoryRemisdad14|Gg\n|\n|t:|1699761985\n|move|p1a: Urshifu|Close Combat|p2b: Iron Hands\n|-damage|p2b: Iron Hands|3\/100\n|-unboost|p1a: Urshifu|def|1\n|-unboost|p1a: Urshifu|spd|1\n|move|p1b: Rillaboom|Wood Hammer|p2b: Iron Hands\n|-damage|p2b: Iron Hands|0 fnt\n|faint|p2b: Iron Hands\n|-end|p2b: Iron Hands|Quark Drive|[silent]\n|-damage|p1b: Rillaboom|33\/100|[from] Recoil\n|\n|win|Crumbeldum\n|raw|Crumbeldum's rating: 1277 &rarr; <strong>1305<\/strong><br \/>(+28 for winning)\n|raw|RoryRemisdad14's rating: 1315 &rarr; <strong>1293<\/strong><br \/>(-22 for losing)\n|l|\u2606RoryRemisdad14\n|c|\u2606Crumbeldum|Gg\n","uploadtime":1699762032,"views":25,"p1id":"crumbeldum","p2id":"roryremisdad14","formatid":"gen9vgc2023regulatione","rating":1293,"private":0,"password":""}