{"id":"gen9vgc2023regulatione-1998227175","p1":"newusernovice","p2":"IDKWHATTODOANYMORE","format":"[Gen 9] VGC 2023 Regulation E","log":"|j|\u2606newusernovice\n|j|\u2606IDKWHATTODOANYMORE\n|t:|1700916146\n|gametype|doubles\n|player|p1|newusernovice|brawly|1360\n|player|p2|IDKWHATTODOANYMORE|steven|1264\n|teamsize|p1|6\n|teamsize|p2|6\n|gen|9\n|tier|[Gen 9] VGC 2023 Regulation E\n|rated|\n|rule|Species Clause: Limit one of each Pok\u00e9mon\n|rule|Item Clause: Limit one of each item\n|clearpoke\n|poke|p1|Arcanine-Hisui, L50, M|\n|poke|p1|Tornadus, L50, M|\n|poke|p1|Urshifu-*, L50, M|\n|poke|p1|Flutter Mane, L50|\n|poke|p1|Rillaboom, L50, M|\n|poke|p1|Ogerpon-Wellspring, L50, F|\n|poke|p2|Goodra-Hisui, L50, M|\n|poke|p2|Chien-Pao, L50|\n|poke|p2|Scizor, L50, M|\n|poke|p2|Flutter Mane, L50|\n|poke|p2|Iron Hands, L50|\n|poke|p2|Sinistcha-Masterpiece, L50|\n|teampreview|4\n|inactive|Battle timer is ON: inactive players will automatically lose when time's up. (requested by IDKWHATTODOANYMORE)\n|inactive|newusernovice also wants the timer to be on.\n|inactive|newusernovice has 60 seconds left.\n|inactive|IDKWHATTODOANYMORE has 60 seconds left.\n|inactive|newusernovice has 30 seconds left.\n|\n|t:|1700916208\n|start\n|switch|p1a: Rillaboom|Rillaboom, L50, M|100\/100\n|switch|p1b: Arcanine|Arcanine-Hisui, L50, M, shiny|100\/100\n|switch|p2a: pawnch|Scizor, L50, M, shiny|100\/100\n|switch|p2b: diego|Chien-Pao, L50|100\/100\n|-ability|p2b: diego|Sword of Ruin\n|-ability|p1b: Arcanine|Intimidate|boost\n|-unboost|p2a: pawnch|atk|1\n|-unboost|p2b: diego|atk|1\n|-fieldstart|move: Grassy Terrain|[from] ability: Grassy Surge|[of] p1a: Rillaboom\n|turn|1\n|\n|t:|1700916231\n|-terastallize|p2b: diego|Ghost\n|move|p2a: pawnch|Protect|p2a: pawnch\n|-singleturn|p2a: pawnch|Protect\n|move|p1a: Rillaboom|Fake Out|p2a: pawnch\n|-activate|p2a: pawnch|move: Protect\n|move|p2b: diego|Icicle Crash|p1a: Rillaboom\n|-supereffective|p1a: Rillaboom\n|-damage|p1a: Rillaboom|24\/100\n|move|p1b: Arcanine|Flare Blitz|p2a: pawnch\n|-activate|p2a: pawnch|move: Protect\n|\n|-heal|p1a: Rillaboom|30\/100|[from] Grassy Terrain\n|upkeep\n|turn|2\n|inactive|newusernovice has 30 seconds left.\n|\n|t:|1700916258\n|switch|p2a: slug?|Goodra-Hisui, L50, M|100\/100\n|move|p2b: diego|Sucker Punch|p1a: Rillaboom\n|-damage|p1a: Rillaboom|1\/100\n|move|p1a: Rillaboom|Grassy Glide|p2b: diego\n|-damage|p2b: diego|34\/100\n|move|p1b: Arcanine|Flare Blitz|p2a: slug?\n|-damage|p2a: slug?|26\/100\n|-status|p2a: slug?|brn\n|-damage|p1b: Arcanine|74\/100|[from] Recoil\n|-damage|p1b: Arcanine|64\/100|[from] item: Life Orb\n|\n|-heal|p2b: diego|40\/100|[from] Grassy Terrain\n|-heal|p1b: Arcanine|70\/100|[from] Grassy Terrain\n|-heal|p1a: Rillaboom|7\/100|[from] Grassy Terrain\n|-heal|p2a: slug?|32\/100 brn|[from] Grassy Terrain\n|-heal|p2a: slug?|37\/100 brn|[from] item: Leftovers\n|-damage|p2a: slug?|32\/100 brn|[from] brn\n|upkeep\n|turn|3\n|inactive|newusernovice has 30 seconds left.\n|inactive|IDKWHATTODOANYMORE has 30 seconds left.\n|inactive|newusernovice has 20 seconds left.\n|inactive|newusernovice has 15 seconds left.\n|inactive|IDKWHATTODOANYMORE has 20 seconds left.\n|inactive|newusernovice has 10 seconds left.\n|inactive|newusernovice has 5 seconds left.\n|\n|t:|1700916313\n|switch|p1a: Urshifu|Urshifu-Rapid-Strike, L50, M|100\/100\n|move|p2b: diego|Sucker Punch|p1b: Arcanine\n|-damage|p1b: Arcanine|32\/100\n|move|p1b: Arcanine|Flare Blitz|p2b: diego\n|-damage|p2b: diego|0 fnt\n|faint|p2b: diego\n|-damage|p1b: Arcanine|20\/100|[from] Recoil\n|-damage|p1b: Arcanine|10\/100|[from] item: Life Orb\n|move|p2a: slug?|Body Press|p1b: Arcanine\n|-supereffective|p1b: Arcanine\n|-damage|p1b: Arcanine|0 fnt\n|faint|p1b: Arcanine\n|\n|-heal|p2a: slug?|37\/100 brn|[from] Grassy Terrain\n|-heal|p2a: slug?|43\/100 brn|[from] item: Leftovers\n|-damage|p2a: slug?|37\/100 brn|[from] brn\n|upkeep\n|\n|t:|1700916330\n|switch|p2b: pawnch|Scizor, L50, M, shiny|100\/100\n|switch|p1b: Rillaboom|Rillaboom, L50, M|7\/100\n|turn|4\n|\n|t:|1700916339\n|move|p1b: Rillaboom|Fake Out|p2b: pawnch\n|-resisted|p2b: pawnch\n|-damage|p2b: pawnch|93\/100\n|cant|p2b: pawnch|flinch\n|move|p1a: Urshifu|Close Combat|p2a: slug?\n|-supereffective|p2a: slug?\n|-damage|p2a: slug?|0 fnt\n|-unboost|p1a: Urshifu|def|1\n|-unboost|p1a: Urshifu|spd|1\n|faint|p2a: slug?\n|\n|-heal|p1b: Rillaboom|13\/100|[from] Grassy Terrain\n|-heal|p2b: pawnch|99\/100|[from] Grassy Terrain\n|upkeep\n|\n|t:|1700916346\n|switch|p2a: bessy|Flutter Mane, L50, shiny|100\/100\n|-enditem|p2a: bessy|Booster Energy\n|-activate|p2a: bessy|ability: Protosynthesis|[fromitem]\n|-start|p2a: bessy|protosynthesisspe\n|turn|5\n|\n|t:|1700916369\n|-terastallize|p1a: Urshifu|Water\n|move|p1a: Urshifu|Aqua Jet|p2a: bessy\n|-damage|p2a: bessy|36\/100\n|move|p1b: Rillaboom|Grassy Glide|p2a: bessy\n|-damage|p2a: bessy|0 fnt\n|faint|p2a: bessy\n|-end|p2a: bessy|Protosynthesis|[silent]\n|move|p2b: pawnch|Bullet Punch|p1b: Rillaboom\n|-damage|p1b: Rillaboom|0 fnt\n|faint|p1b: Rillaboom\n|-damage|p2b: pawnch|90\/100|[from] item: Life Orb\n|\n|-heal|p2b: pawnch|96\/100|[from] Grassy Terrain\n|-fieldend|move: Grassy Terrain\n|upkeep\n|\n|t:|1700916376\n|switch|p1b: Ogerpon|Ogerpon-Wellspring, L50, F|100\/100\n|turn|6\n|\n|t:|1700916393\n|move|p1a: Urshifu|Close Combat|p2b: pawnch\n|-damage|p2b: pawnch|30\/100\n|-unboost|p1a: Urshifu|def|1\n|-unboost|p1a: Urshifu|spd|1\n|move|p1b: Ogerpon|Ivy Cudgel|p2b: pawnch|[anim] Ivy Cudgel Water\n|-damage|p2b: pawnch|0 fnt\n|faint|p2b: pawnch\n|\n|win|newusernovice\n|raw|newusernovice's rating: 1360 &rarr; <strong>1375<\/strong><br \/>(+15 for winning)\n|raw|IDKWHATTODOANYMORE's rating: 1264 &rarr; <strong>1246<\/strong><br \/>(-18 for losing)\n|l|\u2606IDKWHATTODOANYMORE\n","uploadtime":1700916414,"views":3,"p1id":"newusernovice","p2id":"idkwhattodoanymore","formatid":"gen9vgc2023regulatione","rating":1246,"private":0,"password":""}