{"id":"gen9vgc2023regulatione-1990660434","p1":"iQuweii","p2":"tatayo95","format":"[Gen 9] VGC 2023 Regulation E","log":"|j|\u2606iQuweii\n|j|\u2606tatayo95\n|t:|1699989582\n|gametype|doubles\n|player|p1|iQuweii|101|1123\n|player|p2|tatayo95|pokemaniac|1062\n|teamsize|p1|6\n|teamsize|p2|6\n|gen|9\n|tier|[Gen 9] VGC 2023 Regulation E\n|rated|\n|rule|Species Clause: Limit one of each Pok\u00e9mon\n|rule|Item Clause: Limit one of each item\n|clearpoke\n|poke|p1|Ninetales-Alola, L50, M|\n|poke|p1|Empoleon, L50, M|\n|poke|p1|Roaring Moon, L50|\n|poke|p1|Sinistcha, L50|\n|poke|p1|Urshifu-*, L50, F|\n|poke|p1|Arcanine-Hisui, L50, F|\n|poke|p2|Orthworm, L50, M|\n|poke|p2|Torterra, L50, F|\n|poke|p2|Landorus-Therian, L50, M|\n|poke|p2|Flutter Mane, L50|\n|poke|p2|Ogerpon-Wellspring, L50, F|\n|poke|p2|Kingambit, L50, M|\n|teampreview|4\n|c|\u2606tatayo95|hi\n|inactive|Battle timer is ON: inactive players will automatically lose when time's up. (requested by iQuweii)\n|\n|t:|1699989636\n|start\n|switch|p1a: Ninetales|Ninetales-Alola, L50, M|100\/100\n|switch|p1b: Arcanine|Arcanine-Hisui, L50, F|100\/100\n|switch|p2a: Ogerpon|Ogerpon-Wellspring, L50, F|100\/100\n|switch|p2b: Orthworm|Orthworm, L50, M|100\/100\n|-weather|Snow|[from] ability: Snow Warning|[of] p1a: Ninetales\n|-ability|p1b: Arcanine|Intimidate|boost\n|-unboost|p2a: Ogerpon|atk|1\n|-unboost|p2b: Orthworm|atk|1\n|turn|1\n|\n|t:|1699989651\n|move|p2a: Ogerpon|Follow Me|p2a: Ogerpon\n|-singleturn|p2a: Ogerpon|move: Follow Me\n|move|p1a: Ninetales|Aurora Veil|p1a: Ninetales\n|-sidestart|p1: iQuweii|move: Aurora Veil\n|move|p1b: Arcanine|Flare Blitz|p2a: Ogerpon\n|-damage|p2a: Ogerpon|47\/100\n|-damage|p1b: Arcanine|84\/100|[from] Recoil\n|move|p2b: Orthworm|Shed Tail|p2b: Orthworm\n|-start|p2b: Orthworm|Substitute|[from] move: Shed Tail\n|-damage|p2b: Orthworm|50\/100\n|-enditem|p2b: Orthworm|Sitrus Berry|[eat]\n|-heal|p2b: Orthworm|75\/100|[from] item: Sitrus Berry\n|\n|t:|1699989662\n|switch|p2b: Torterra|Torterra, L50, F, shiny|100\/100|[from] Shed Tail\n|\n|-weather|Snow|[upkeep]\n|upkeep\n|turn|2\n|\n|t:|1699989675\n|-terastallize|p2b: Torterra|Rock\n|move|p1a: Ninetales|Blizzard|p2a: Ogerpon|[spread] p2a,p2b\n|-end|p2b: Torterra|Substitute\n|-damage|p2a: Ogerpon|26\/100\n|move|p2a: Ogerpon|Ivy Cudgel|p1b: Arcanine|[anim] Ivy Cudgel Water\n|-supereffective|p1b: Arcanine\n|-damage|p1b: Arcanine|0 fnt\n|faint|p1b: Arcanine\n|move|p2b: Torterra|Shell Smash|p2b: Torterra\n|-unboost|p2b: Torterra|def|1\n|-unboost|p2b: Torterra|spd|1\n|-boost|p2b: Torterra|atk|2\n|-boost|p2b: Torterra|spa|2\n|-boost|p2b: Torterra|spe|2\n|-enditem|p2b: Torterra|White Herb\n|-clearnegativeboost|p2b: Torterra|[silent]\n|\n|-weather|Snow|[upkeep]\n|upkeep\n|inactive|iQuweii has 30 seconds left.\n|\n|t:|1699989704\n|switch|p1b: Roaring Moon|Roaring Moon, L50|100\/100\n|-enditem|p1b: Roaring Moon|Booster Energy\n|-activate|p1b: Roaring Moon|ability: Protosynthesis|[fromitem]\n|-start|p1b: Roaring Moon|protosynthesisspe\n|turn|3\n|\n|t:|1699989728\n|move|p1b: Roaring Moon|Protect|p1b: Roaring Moon\n|-singleturn|p1b: Roaring Moon|Protect\n|move|p2a: Ogerpon|Follow Me|p2a: Ogerpon\n|-singleturn|p2a: Ogerpon|move: Follow Me\n|move|p2b: Torterra|Rock Slide|p1a: Ninetales|[spread] p1a\n|-activate|p1b: Roaring Moon|move: Protect\n|-supereffective|p1a: Ninetales\n|-damage|p1a: Ninetales|31\/100\n|move|p1a: Ninetales|Blizzard|p2a: Ogerpon|[spread] p2a,p2b\n|-damage|p2a: Ogerpon|5\/100\n|-damage|p2b: Torterra|74\/100\n|\n|-weather|Snow|[upkeep]\n|upkeep\n|turn|4\n|inactive|iQuweii has 30 seconds left.\n|inactive|iQuweii has 20 seconds left.\n|\n|t:|1699989766\n|-terastallize|p1b: Roaring Moon|Flying\n|move|p2a: Ogerpon|Follow Me|p2a: Ogerpon\n|-singleturn|p2a: Ogerpon|move: Follow Me\n|move|p1b: Roaring Moon|Acrobatics|p2a: Ogerpon\n|-supereffective|p2a: Ogerpon\n|-damage|p2a: Ogerpon|0 fnt\n|faint|p2a: Ogerpon\n|move|p2b: Torterra|Rock Slide|p1a: Ninetales|[spread] p1a,p1b\n|-supereffective|p1a: Ninetales\n|-supereffective|p1b: Roaring Moon\n|-damage|p1a: Ninetales|0 fnt\n|-damage|p1b: Roaring Moon|12\/100\n|faint|p1a: Ninetales\n|\n|-weather|Snow|[upkeep]\n|upkeep\n|c|\u2606tatayo95|super torterra\n|\n|t:|1699989779\n|switch|p1a: Empoleon|Empoleon, L50, M|100\/100\n|switch|p2a: Orthworm|Orthworm, L50, M|75\/100\n|turn|5\n|\n|t:|1699989792\n|move|p1b: Roaring Moon|Acrobatics|p2b: Torterra\n|-resisted|p2b: Torterra\n|-damage|p2b: Torterra|45\/100\n|move|p2b: Torterra|Earthquake|p1a: Empoleon|[spread] p1a\n|-heal|p2a: Orthworm|100\/100|[from] ability: Earth Eater|[of] p2b: Torterra\n|-immune|p1b: Roaring Moon\n|-supereffective|p1a: Empoleon\n|-damage|p1a: Empoleon|0 fnt\n|faint|p1a: Empoleon\n|move|p2a: Orthworm|Shed Tail|p2a: Orthworm\n|-start|p2a: Orthworm|Substitute|[from] move: Shed Tail\n|-damage|p2a: Orthworm|50\/100\n|c|\u2606tatayo95|super torterra\n|\n|t:|1699989806\n|switch|p2a: Landorus|Landorus-Therian, L50, M|100\/100|[from] Shed Tail\n|-ability|p2a: Landorus|Intimidate|boost\n|-unboost|p1b: Roaring Moon|atk|1\n|\n|-weather|none\n|upkeep\n|turn|6\n|\n|t:|1699989818\n|move|p1b: Roaring Moon|Dragon Dance|p1b: Roaring Moon\n|-boost|p1b: Roaring Moon|atk|1\n|-boost|p1b: Roaring Moon|spe|1\n|move|p2b: Torterra|Rock Slide|p1b: Roaring Moon\n|-supereffective|p1b: Roaring Moon\n|-damage|p1b: Roaring Moon|0 fnt\n|faint|p1b: Roaring Moon\n|-end|p1b: Roaring Moon|Protosynthesis|[silent]\n|\n|win|tatayo95\n|raw|iQuweii's rating: 1123 &rarr; <strong>1094<\/strong><br \/>(-29 for losing)\n|raw|tatayo95's rating: 1062 &rarr; <strong>1098<\/strong><br \/>(+36 for winning)\n|l|\u2606iQuweii\n","uploadtime":1699989851,"views":19,"p1id":"iquweii","p2id":"tatayo95","formatid":"gen9vgc2023regulatione","rating":1094,"private":0,"password":""}