{"id":"gen9vgc2023regulatione-1988784326","p1":"GonzaTH","p2":"luzonvgc","format":"[Gen 9] VGC 2023 Regulation E","log":"|j|\u2606GonzaTH\n|j|\u2606luzonvgc\n|n|\u2606GonzaTH|gonzath\n|n|\u2606luzonvgc|luzonvgc\n|html|View the match progress at <a href=\"\/game-bestof3-gen9vgc2023regulatione-1988784325\">game-bestof3-gen9vgc2023regulatione-1988784325<\/a>\n|t:|1699762726\n|gametype|doubles\n|player|p1|GonzaTH|2|\n|player|p2|luzonvgc|lisia|\n|teamsize|p1|6\n|teamsize|p2|6\n|gen|9\n|tier|[Gen 9] VGC 2023 Regulation E\n|rule|Species Clause: Limit one of each Pok\u00e9mon\n|rule|Item Clause: Limit one of each item\n|clearpoke\n|poke|p1|Urshifu-*, L50, M|\n|poke|p1|Rillaboom, L50, M|\n|poke|p1|Farigiraf, L50, F|\n|poke|p1|Chien-Pao, L50|\n|poke|p1|Heatran, L50, M|\n|poke|p1|Dragonite, L50, M|\n|poke|p2|Roaring Moon, L50|\n|poke|p2|Landorus-Therian, L50, M|\n|poke|p2|Amoonguss, L50, F|\n|poke|p2|Heatran, L50, F|\n|poke|p2|Flutter Mane, L50|\n|poke|p2|Iron Hands, L50|\n|teampreview|4\nGonzaTH has agreed to open team sheets.\nluzonvgc has agreed to open team sheets.\n|showteam|p1|Urshifu-Rapid-Strike||ChoiceScarf|UnseenFist|SurgingStrikes,AquaJet,CloseCombat,Uturn|||M|||50|,,,,,Poison]Rillaboom||MiracleSeed|GrassySurge|WoodHammer,GrassyGlide,FakeOut,Protect|||M|||50|,,,,,Grass]Farigiraf||SitrusBerry|ArmorTail|DazzlingGleam,Psychic,HelpingHand,TrickRoom|||F|||50|,,,,,Fairy]Chien-Pao||FocusSash|SwordofRuin|IcicleCrash,SuckerPunch,Haze,Protect||||||50|,,,,,Ghost]Heatran||AssaultVest|FlashFire|HeatWave,FlashCannon,EarthPower,MagmaStorm|||M|||50|,,,,,Grass]Dragonite||ChoiceBand|InnerFocus|ExtremeSpeed,StompingTantrum,AerialAce,Outrage|||M|||50|,,,,,Normal\n|showteam|p2|Roaring Moon||BoosterEnergy|Protosynthesis|KnockOff,Acrobatics,DragonDance,Protect||||||50|,,,,,Flying]Landorus-Therian||ChoiceScarf|Intimidate|RockSlide,StompingTantrum,TeraBlast,Uturn|||M|||50|,,,,,Flying]Amoonguss||SitrusBerry|Regenerator|Protect,PollenPuff,RagePowder,Spore|||F|||50|,,,,,Water]Heatran||ShucaBerry|FlashFire|Protect,FlashCannon,MagmaStorm,EarthPower|||F|||50|,,,,,Fairy]Flutter Mane||ChoiceSpecs|Protosynthesis|DazzlingGleam,Moonblast,ShadowBall,PowerGem||||||50|,,,,,Fairy]Iron Hands||AssaultVest|QuarkDrive|FakeOut,DrainPunch,WildCharge,HeavySlam||||||50|,,,,,Water\n|\n|t:|1699762759\n|start\n|switch|p1a: Chien-Pao|Chien-Pao, L50|100\/100\n|switch|p1b: Dragonite|Dragonite, L50, M|100\/100\n|switch|p2a: Roaring Moon|Roaring Moon, L50|100\/100\n|switch|p2b: Iron Hands|Iron Hands, L50|100\/100\n|-ability|p1a: Chien-Pao|Sword of Ruin\n|-enditem|p2a: Roaring Moon|Booster Energy\n|-activate|p2a: Roaring Moon|ability: Protosynthesis|[fromitem]\n|-start|p2a: Roaring Moon|protosynthesisatk\n|turn|1\n|\n|t:|1699762781\n|-terastallize|p1a: Chien-Pao|Ghost\n|move|p2a: Roaring Moon|Protect|p2a: Roaring Moon\n|-singleturn|p2a: Roaring Moon|Protect\n|move|p1a: Chien-Pao|Icicle Crash|p2a: Roaring Moon\n|-activate|p2a: Roaring Moon|move: Protect\n|move|p1b: Dragonite|Outrage|p2a: Roaring Moon\n|-activate|p2a: Roaring Moon|move: Protect\n|move|p2b: Iron Hands|Drain Punch|p1a: Chien-Pao\n|-immune|p1a: Chien-Pao\n|\n|upkeep\n|turn|2\n|\n|t:|1699762803\n|-end|p2b: Iron Hands|Quark Drive|[silent]\n|switch|p2b: Landorus|Landorus-Therian, L50, M|100\/100\n|-ability|p2b: Landorus|Intimidate|boost\n|-unboost|p1a: Chien-Pao|atk|1\n|-fail|p1b: Dragonite|unboost|Attack|[from] ability: Inner Focus|[of] p1b: Dragonite\n|move|p1a: Chien-Pao|Icicle Crash|p2a: Roaring Moon\n|-supereffective|p2a: Roaring Moon\n|-damage|p2a: Roaring Moon|15\/100\n|cant|p2a: Roaring Moon|flinch\n|move|p1b: Dragonite|Outrage|p2a: Roaring Moon\n|-supereffective|p2a: Roaring Moon\n|-damage|p2a: Roaring Moon|0 fnt\n|faint|p2a: Roaring Moon\n|-end|p2a: Roaring Moon|Protosynthesis|[silent]\n|\n|upkeep\n|\n|t:|1699762816\n|switch|p2a: Amoonguss|Amoonguss, L50, F|100\/100\n|turn|3\n|\n|t:|1699762830\n|-terastallize|p2b: Landorus|Flying\n|move|p2a: Amoonguss|Protect|p2a: Amoonguss\n|-singleturn|p2a: Amoonguss|Protect\n|move|p2b: Landorus|Rock Slide|p1b: Dragonite|[spread] p1a,p1b\n|-supereffective|p1b: Dragonite\n|-damage|p1a: Chien-Pao|68\/100\n|-damage|p1b: Dragonite|47\/100\n|move|p1a: Chien-Pao|Icicle Crash|p2a: Amoonguss\n|-activate|p2a: Amoonguss|move: Protect\n|move|p1b: Dragonite|Outrage|p2a: Amoonguss|[from]lockedmove\n|-activate|p2a: Amoonguss|move: Protect\n|\n|upkeep\n|turn|4\n|\n|t:|1699762849\n|switch|p1b: Rillaboom|Rillaboom, L50, M|100\/100\n|-fieldstart|move: Grassy Terrain|[from] ability: Grassy Surge|[of] p1b: Rillaboom\n|move|p1a: Chien-Pao|Protect|p1a: Chien-Pao\n|-singleturn|p1a: Chien-Pao|Protect\n|move|p2b: Landorus|Rock Slide|p1b: Rillaboom|[spread] p1b\n|-activate|p1a: Chien-Pao|move: Protect\n|-damage|p1b: Rillaboom|76\/100\n|move|p2a: Amoonguss|Spore|p1a: Chien-Pao\n|-activate|p1a: Chien-Pao|move: Protect\n|\n|-heal|p1a: Chien-Pao|74\/100|[from] Grassy Terrain\n|-heal|p1b: Rillaboom|81\/100|[from] Grassy Terrain\n|upkeep\n|turn|5\n|\n|t:|1699762869\n|switch|p2b: Iron Hands|Iron Hands, L50|100\/100\n|move|p2a: Amoonguss|Protect|p2a: Amoonguss\n|-singleturn|p2a: Amoonguss|Protect\n|move|p1b: Rillaboom|Fake Out|p2b: Iron Hands\n|-damage|p2b: Iron Hands|88\/100\n|move|p1a: Chien-Pao|Icicle Crash|p2b: Iron Hands|[miss]\n|-miss|p1a: Chien-Pao|p2b: Iron Hands\n|\n|-heal|p1a: Chien-Pao|80\/100|[from] Grassy Terrain\n|-heal|p1b: Rillaboom|87\/100|[from] Grassy Terrain\n|-heal|p2b: Iron Hands|94\/100|[from] Grassy Terrain\n|upkeep\n|turn|6\n|\n|t:|1699762893\n|move|p1a: Chien-Pao|Protect|p1a: Chien-Pao\n|-singleturn|p1a: Chien-Pao|Protect\n|move|p1b: Rillaboom|Wood Hammer|p2b: Iron Hands\n|-damage|p2b: Iron Hands|7\/100\n|-damage|p1b: Rillaboom|54\/100|[from] Recoil\n|move|p2b: Iron Hands|Drain Punch|p1b: Rillaboom\n|-damage|p1b: Rillaboom|5\/100\n|-heal|p2b: Iron Hands|28\/100|[from] drain|[of] p1b: Rillaboom\n|move|p2a: Amoonguss|Spore|p1a: Chien-Pao\n|-activate|p1a: Chien-Pao|move: Protect\n|\n|-heal|p1a: Chien-Pao|86\/100|[from] Grassy Terrain\n|-heal|p1b: Rillaboom|11\/100|[from] Grassy Terrain\n|-heal|p2b: Iron Hands|34\/100|[from] Grassy Terrain\n|upkeep\n|turn|7\n|\n|t:|1699762932\n|-end|p2b: Iron Hands|Quark Drive|[silent]\n|switch|p2b: Landorus|Landorus-Therian, L50, M, tera:Flying|100\/100\n|-ability|p2b: Landorus|Intimidate|boost\n|-unboost|p1a: Chien-Pao|atk|1\n|-unboost|p1b: Rillaboom|atk|1\n|move|p1b: Rillaboom|Grassy Glide|p2b: Landorus\n|-resisted|p2b: Landorus\n|-damage|p2b: Landorus|79\/100\n|move|p1a: Chien-Pao|Icicle Crash|p2b: Landorus\n|-supereffective|p2b: Landorus\n|-damage|p2b: Landorus|16\/100\n|move|p2a: Amoonguss|Spore|p1a: Chien-Pao\n|-status|p1a: Chien-Pao|slp|[from] move: Spore\n|\n|-heal|p1a: Chien-Pao|92\/100 slp|[from] Grassy Terrain\n|-heal|p1b: Rillaboom|17\/100|[from] Grassy Terrain\n|upkeep\n|turn|8\n|\n|t:|1699762963\n|switch|p2b: Iron Hands|Iron Hands, L50|34\/100\n|move|p1b: Rillaboom|Grassy Glide|p2b: Iron Hands\n|-damage|p2b: Iron Hands|8\/100\n|cant|p1a: Chien-Pao|slp\n|move|p2a: Amoonguss|Pollen Puff|p2b: Iron Hands\n|-heal|p2b: Iron Hands|58\/100\n|\n|-heal|p1a: Chien-Pao|97\/100 slp|[from] Grassy Terrain\n|-heal|p1b: Rillaboom|22\/100|[from] Grassy Terrain\n|-heal|p2b: Iron Hands|64\/100|[from] Grassy Terrain\n|-fieldend|move: Grassy Terrain\n|upkeep\n|turn|9\n|\n|t:|1699762987\n|switch|p1a: Dragonite|Dragonite, L50, M|47\/100\n|move|p1b: Rillaboom|Protect|p1b: Rillaboom\n|-singleturn|p1b: Rillaboom|Protect\n|move|p2b: Iron Hands|Drain Punch|p1b: Rillaboom\n|-activate|p1b: Rillaboom|move: Protect\n|move|p2a: Amoonguss|Spore|p1a: Dragonite\n|-status|p1a: Dragonite|slp|[from] move: Spore\n|\n|upkeep\n|turn|10\n|\n|t:|1699763005\n|switch|p1b: Chien-Pao|Chien-Pao, L50, tera:Ghost|97\/100 slp\n|-ability|p1b: Chien-Pao|Sword of Ruin\n|cant|p1a: Dragonite|slp\n|move|p2b: Iron Hands|Wild Charge|p1a: Dragonite\n|-damage|p1a: Dragonite|0 fnt\n|faint|p1a: Dragonite\n|-damage|p2b: Iron Hands|55\/100|[from] Recoil\n|move|p2a: Amoonguss|Pollen Puff|p1b: Chien-Pao\n|-resisted|p1b: Chien-Pao\n|-damage|p1b: Chien-Pao|82\/100 slp\n|\n|upkeep\n|\n|t:|1699763019\n|switch|p1a: Rillaboom|Rillaboom, L50, M|22\/100\n|-fieldstart|move: Grassy Terrain|[from] ability: Grassy Surge|[of] p1a: Rillaboom\n|turn|11\n|\n|t:|1699763049\n|move|p2a: Amoonguss|Protect|p2a: Amoonguss\n|-singleturn|p2a: Amoonguss|Protect\n|-curestatus|p1b: Chien-Pao|slp|[msg]\n|move|p1b: Chien-Pao|Icicle Crash|p2a: Amoonguss\n|-activate|p2a: Amoonguss|move: Protect\n|move|p1a: Rillaboom|Wood Hammer|p2b: Iron Hands\n|-damage|p2b: Iron Hands|0 fnt\n|faint|p2b: Iron Hands\n|-end|p2b: Iron Hands|Quark Drive|[silent]\n|-damage|p1a: Rillaboom|1\/100|[from] Recoil\n|\n|-heal|p1b: Chien-Pao|88\/100|[from] Grassy Terrain\n|-heal|p1a: Rillaboom|7\/100|[from] Grassy Terrain\n|upkeep\n|\n|t:|1699763062\n|switch|p2b: Landorus|Landorus-Therian, L50, M, tera:Flying|16\/100\n|-ability|p2b: Landorus|Intimidate|boost\n|-unboost|p1a: Rillaboom|atk|1\n|-unboost|p1b: Chien-Pao|atk|1\n|turn|12\n|\n|t:|1699763073\n|move|p1b: Chien-Pao|Protect|p1b: Chien-Pao\n|-singleturn|p1b: Chien-Pao|Protect\n|move|p1a: Rillaboom|Grassy Glide|p2b: Landorus\n|-resisted|p2b: Landorus\n|-damage|p2b: Landorus|0 fnt\n|faint|p2b: Landorus\n|move|p2a: Amoonguss|Pollen Puff|p2: Landorus|[notarget]\n|-fail|p2a: Amoonguss\n|\n|-heal|p1b: Chien-Pao|93\/100|[from] Grassy Terrain\n|-heal|p1a: Rillaboom|13\/100|[from] Grassy Terrain\n|upkeep\n|turn|13\n|-message|luzonvgc forfeited.\n|\n|win|GonzaTH\n|c|&|\/uhtml prompt-luzonvgc,luzonvgc is ready for game 2!\n|c|&|\/uhtml prompt-gonzath,GonzaTH is ready for game 2!\nBoth players are ready! Starting next match!\n|l|\u2606luzonvgc\n","uploadtime":1699763935,"views":13,"p1id":"gonzath","p2id":"luzonvgc","formatid":"gen9vgc2023regulatione","rating":0,"private":0,"password":""}