{"id":"gen9vgc2023regulatione-1993180333","p1":"Bird Monke","p2":"Spicy Cigar","format":"[Gen 9] VGC 2023 Regulation E","log":"|j|\u2606Bird Monke\n|j|\u2606Spicy Cigar\n|n|\u2606Bird Monke|birdmonke\n|n|\u2606Spicy Cigar|spicycigar\n|html|View the match progress at <a href=\"\/game-bestof3-gen9vgc2023regulatione-1993180332\">game-bestof3-gen9vgc2023regulatione-1993180332<\/a>\n|t:|1700274631\n|gametype|doubles\n|player|p1|Bird Monke|giacomo|\n|player|p2|Spicy Cigar|skier|\n|teamsize|p1|6\n|teamsize|p2|6\n|gen|9\n|tier|[Gen 9] VGC 2023 Regulation E\n|rule|Species Clause: Limit one of each Pok\u00e9mon\n|rule|Item Clause: Limit one of each item\n|clearpoke\n|poke|p1|Heatran, L50, F|\n|poke|p1|Iron Hands, L50|\n|poke|p1|Ninetales-Alola, L50, F|\n|poke|p1|Moltres-Galar, L50|\n|poke|p1|Iron Bundle, L50|\n|poke|p1|Amoonguss, L50, M|\n|poke|p2|Tornadus, L50, M|\n|poke|p2|Arcanine-Hisui, L50, M|\n|poke|p2|Iron Hands, L50|\n|poke|p2|Urshifu-*, L50, M|\n|poke|p2|Sinistcha, L50|\n|poke|p2|Chien-Pao, L50|\n|teampreview|4\n|c|\u2606Spicy Cigar|GOOOOOAAAAT BIRDY\nSpicy Cigar has agreed to open team sheets.\n|inactive|Battle timer is ON: inactive players will automatically lose when time's up. (requested by Spicy Cigar)\nBird Monke has agreed to open team sheets.\n|showteam|p1|Heatran||Leftovers|FlashFire|HeatWave,FlashCannon,EarthPower,Protect|||F|||50|,,,,,Fairy]Iron Hands||AssaultVest|QuarkDrive|DrainPunch,WildCharge,HeavySlam,FakeOut||||||50|,,,,,Fire]Ninetales-Alola||LightClay|SnowWarning|Protect,FreezeDry,Moonblast,AuroraVeil|||F|||50|,,,,,Ghost]Moltres-Galar||SitrusBerry|Berserk|FieryWrath,AirSlash,NastyPlot,Protect||||||50|,,,,,Poison]Iron Bundle||BoosterEnergy|QuarkDrive|FreezeDry,IcyWind,ChillingWater,Protect||||||50|,,,,,Grass]Amoonguss||RockyHelmet|Regenerator|Spore,RagePowder,PollenPuff,LeafStorm|||M|||50|,,,,,Dark\n|showteam|p2|Tornadus||SharpBeak|Prankster|BleakwindStorm,Tailwind,Taunt,Leer|||M|||50|,,,,,Ghost]Arcanine-Hisui||ChoiceBand|Intimidate|ExtremeSpeed,RockSlide,FlareBlitz,TeraBlast|||M|||50|,,,,,Fairy]Iron Hands||ClearAmulet|QuarkDrive|FakeOut,WildCharge,CloseCombat,IcePunch||||||50|,,,,,Poison]Urshifu-Rapid-Strike||ChoiceScarf|UnseenFist|SurgingStrikes,AquaJet,CloseCombat,Uturn|||M|||50|,,,,,Water]Sinistcha||SitrusBerry|Heatproof|NastyPlot,RagePowder,ShadowBall,MatchaGotcha||||||50|,,,,,Steel]Chien-Pao||FocusSash|SwordofRuin|IceSpinner,SuckerPunch,LashOut,Protect||||||50|,,,,,Ghost\n|inactive|Bird Monke has 30 seconds left.\n|inactive|Bird Monke has 20 seconds left.\n|\n|t:|1700274697\n|start\n|switch|p1a: Ninetales|Ninetales-Alola, L50, F|100\/100\n|switch|p1b: Iron Bundle|Iron Bundle, L50|100\/100\n|switch|p2a: Katrina|Tornadus, L50, M|100\/100\n|switch|p2b: Hands|Iron Hands, L50|100\/100\n|-weather|Snow|[from] ability: Snow Warning|[of] p1a: Ninetales\n|-enditem|p1b: Iron Bundle|Booster Energy\n|-activate|p1b: Iron Bundle|ability: Quark Drive|[fromitem]\n|-start|p1b: Iron Bundle|quarkdrivespe\n|turn|1\n|inactive|Bird Monke has 30 seconds left.\n|inactive|Spicy Cigar has 30 seconds left.\n|inactive|Spicy Cigar has 20 seconds left.\n|inactive|Spicy Cigar has 15 seconds left.\n|\n|t:|1700274739\n|-terastallize|p2a: Katrina|Ghost\n|move|p1b: Iron Bundle|Protect|p1b: Iron Bundle\n|-singleturn|p1b: Iron Bundle|Protect\n|move|p2a: Katrina|Taunt|p1a: Ninetales\n|-start|p1a: Ninetales|move: Taunt\n|cant|p1a: Ninetales|move: Taunt|Aurora Veil\n|move|p2b: Hands|Wild Charge|p1b: Iron Bundle\n|-activate|p1b: Iron Bundle|move: Protect\n|\n|-weather|Snow|[upkeep]\n|upkeep\n|turn|2\n|\n|t:|1700274762\n|move|p2a: Katrina|Tailwind|p2a: Katrina\n|-sidestart|p2: Spicy Cigar|move: Tailwind\n|move|p1b: Iron Bundle|Chilling Water|p2b: Hands\n|-damage|p2b: Hands|74\/100\n|move|p2b: Hands|Ice Punch|p1b: Iron Bundle\n|-resisted|p1b: Iron Bundle\n|-damage|p1b: Iron Bundle|95\/100\n|move|p1a: Ninetales|Moonblast|p2b: Hands\n|-supereffective|p2b: Hands\n|-damage|p2b: Hands|0 fnt\n|faint|p2b: Hands\n|-end|p2b: Hands|Quark Drive|[silent]\n|\n|-weather|Snow|[upkeep]\n|upkeep\n|c|\u2606Spicy Cigar|damn wanted the tera\n|\n|t:|1700274775\n|switch|p2b: Houndog|Arcanine-Hisui, L50, M|100\/100\n|-ability|p2b: Houndog|Intimidate|boost\n|-unboost|p1a: Ninetales|atk|1\n|-unboost|p1b: Iron Bundle|atk|1\n|turn|3\n|\n|t:|1700274793\n|switch|p1a: Iron Hands|Iron Hands, L50|100\/100\n|move|p2a: Katrina|Bleakwind Storm|p1b: Iron Bundle|[spread] p1a,p1b\n|-damage|p1a: Iron Hands|80\/100\n|-damage|p1b: Iron Bundle|21\/100\n|-unboost|p1a: Iron Hands|spe|1\n|move|p1b: Iron Bundle|Chilling Water|p2b: Houndog\n|-supereffective|p2b: Houndog\n|-damage|p2b: Houndog|0 fnt\n|faint|p2b: Houndog\n|\n|-weather|Snow|[upkeep]\n|upkeep\n|\n|t:|1700274803\n|switch|p2b: Tony|Chien-Pao, L50|100\/100\n|-ability|p2b: Tony|Sword of Ruin\n|turn|4\n|\n|t:|1700274825\n|-terastallize|p1a: Iron Hands|Fire\n|move|p2b: Tony|Protect|p2b: Tony\n|-singleturn|p2b: Tony|Protect\n|move|p1b: Iron Bundle|Protect|p1b: Iron Bundle\n|-singleturn|p1b: Iron Bundle|Protect\n|move|p2a: Katrina|Bleakwind Storm|p1b: Iron Bundle|[spread] \n|-activate|p1b: Iron Bundle|move: Protect\n|-miss|p2a: Katrina|p1a: Iron Hands\n|move|p1a: Iron Hands|Wild Charge|p2a: Katrina\n|-damage|p2a: Katrina|18\/100\n|-damage|p1a: Iron Hands|64\/100|[from] Recoil\n|\n|-weather|Snow|[upkeep]\n|upkeep\n|turn|5\n|inactive|Spicy Cigar has 30 seconds left.\n|\n|t:|1700274856\n|-end|p1b: Iron Bundle|Quark Drive|[silent]\n|switch|p1b: Ninetales|Ninetales-Alola, L50, F|100\/100\n|move|p2b: Tony|Lash Out|p1a: Iron Hands\n|-damage|p1a: Iron Hands|23\/100\n|move|p2a: Katrina|Bleakwind Storm|p1a: Iron Hands|[spread] p1b\n|-miss|p2a: Katrina|p1a: Iron Hands\n|-damage|p1b: Ninetales|52\/100\n|move|p1a: Iron Hands|Drain Punch|p2b: Tony\n|-supereffective|p2b: Tony\n|-enditem|p2b: Tony|Focus Sash\n|-damage|p2b: Tony|1\/100\n|-heal|p1a: Iron Hands|56\/100|[from] drain|[of] p2b: Tony\n|\n|-weather|none\n|-sideend|p2: Spicy Cigar|move: Tailwind\n|upkeep\n|turn|6\n|c|\u2606Spicy Cigar|lmfaoo rng says NO!\n|\n|t:|1700274881\n|-end|p1a: Iron Hands|Quark Drive|[silent]\n|switch|p1a: Amoonguss|Amoonguss, L50, M|100\/100\n|move|p2b: Tony|Sucker Punch||[still]\n|-fail|p2b: Tony\n|move|p2a: Katrina|Leer|p1a: Amoonguss|[spread] p1a,p1b\n|-unboost|p1a: Amoonguss|def|1\n|-unboost|p1b: Ninetales|def|1\n|move|p1b: Ninetales|Moonblast|p2a: Katrina\n|-damage|p2a: Katrina|0 fnt\n|faint|p2a: Katrina\n|\n|upkeep\n|turn|7\n|-message|Spicy Cigar forfeited.\n|\n|win|Bird Monke\n|c|&|\/uhtml prompt-spicycigar,Spicy Cigar is ready for game 2!\n","uploadtime":1700274899,"views":13,"p1id":"birdmonke","p2id":"spicycigar","formatid":"gen9vgc2023regulatione","rating":0,"private":0,"password":""}