{"id":"gen9vgc2023regulatione-1998105981","p1":"xerth","p2":"That_Leek","format":"[Gen 9] VGC 2023 Regulation E","log":"|j|\u2606xerth\n|j|\u2606That_Leek\n|t:|1700892294\n|gametype|doubles\n|player|p1|xerth|pokemonbreeder-gen4|1404\n|player|p2|That_Leek|blue|1532\n|teamsize|p1|6\n|teamsize|p2|6\n|gen|9\n|tier|[Gen 9] VGC 2023 Regulation E\n|rated|\n|rule|Species Clause: Limit one of each Pok\u00e9mon\n|rule|Item Clause: Limit one of each item\n|clearpoke\n|poke|p1|Ursaluna, L50, F|\n|poke|p1|Articuno-Galar, L50|\n|poke|p1|Torkoal, L50, F|\n|poke|p1|Lilligant-Hisui, L50, F|\n|poke|p1|Enamorus-Therian, L50, F|\n|poke|p1|Oranguru, L50, F|\n|poke|p2|Gholdengo, L50|\n|poke|p2|Ogerpon-Wellspring, L50, F|\n|poke|p2|Arcanine-Hisui, L50, F|\n|poke|p2|Chien-Pao, L50|\n|poke|p2|Scream Tail, L50|\n|poke|p2|Dragonite, L50, M|\n|teampreview|4\n|inactive|Battle timer is ON: inactive players will automatically lose when time's up. (requested by xerth)\n|inactive|That_Leek has 60 seconds left.\nThat_Leek has agreed to open team sheets.\n|\n|t:|1700892342\n|start\n|switch|p1a: Articuno|Articuno-Galar, L50, shiny|100\/100\n|switch|p1b: Oranguru|Oranguru, L50, F, shiny|100\/100\n|switch|p2a: Arcanine|Arcanine-Hisui, L50, F|100\/100\n|switch|p2b: Chien-Pao|Chien-Pao, L50|100\/100\n|-ability|p2b: Chien-Pao|Sword of Ruin\n|-ability|p2a: Arcanine|Intimidate|boost\n|-unboost|p1a: Articuno|atk|1\n|-ability|p1a: Articuno|Competitive|boost\n|-boost|p1a: Articuno|spa|2\n|-unboost|p1b: Oranguru|atk|1\n|turn|1\n|\n|t:|1700892364\n|-terastallize|p1b: Oranguru|Water\n|move|p1a: Articuno|Protect|p1a: Articuno\n|-singleturn|p1a: Articuno|Protect\n|move|p2b: Chien-Pao|Ice Spinner|p1a: Articuno\n|-activate|p1a: Articuno|move: Protect\n|move|p2a: Arcanine|Rock Slide|p1a: Articuno|[spread] p1b\n|-activate|p1a: Articuno|move: Protect\n|-damage|p1b: Oranguru|59\/100\n|move|p1b: Oranguru|Trick Room|p1b: Oranguru\n|-fieldstart|move: Trick Room|[of] p1b: Oranguru\n|\n|upkeep\n|turn|2\n|\n|t:|1700892385\n|move|p2b: Chien-Pao|Sucker Punch|p1a: Articuno\n|-supereffective|p1a: Articuno\n|-damage|p1a: Articuno|18\/100\n|move|p1b: Oranguru|Yawn|p2b: Chien-Pao\n|-start|p2b: Chien-Pao|move: Yawn|[of] p1b: Oranguru\n|move|p1a: Articuno|Freezing Glare|p2a: Arcanine\n|-damage|p2a: Arcanine|0 fnt\n|faint|p2a: Arcanine\n|\n|upkeep\n|\n|t:|1700892391\n|switch|p2a: Gholdengo|Gholdengo, L50|100\/100\n|turn|3\n|\n|t:|1700892400\n|switch|p2b: Ogerpon|Ogerpon-Wellspring, L50, F|100\/100\n|move|p1a: Articuno|Protect|p1a: Articuno\n|-singleturn|p1a: Articuno|Protect\n|move|p1b: Oranguru|Psychic|p2a: Gholdengo\n|-resisted|p2a: Gholdengo\n|-damage|p2a: Gholdengo|86\/100\n|move|p2a: Gholdengo|Nasty Plot|p2a: Gholdengo\n|-boost|p2a: Gholdengo|spa|2\n|\n|upkeep\n|turn|4\n|\n|t:|1700892427\n|switch|p1b: Ursaluna|Ursaluna, L50, F, shiny|100\/100\n|move|p2b: Ogerpon|Spiky Shield|p2b: Ogerpon\n|-singleturn|p2b: Ogerpon|move: Protect\n|move|p1a: Articuno|Air Slash|p2b: Ogerpon\n|-activate|p2b: Ogerpon|move: Protect\n|move|p2a: Gholdengo|Nasty Plot|p2a: Gholdengo\n|-boost|p2a: Gholdengo|spa|2\n|\n|-status|p1b: Ursaluna|brn|[from] item: Flame Orb\n|upkeep\n|turn|5\n|inactive|That_Leek has 30 seconds left.\n|\n|t:|1700892455\n|-terastallize|p2b: Ogerpon|Water\n|detailschange|p2b: Ogerpon|Ogerpon-Wellspring-Tera, L50, F, tera:Water\n|-ability|p2b: Ogerpon|Embody Aspect (Wellspring)|boost\n|-boost|p2b: Ogerpon|spd|1\n|move|p2a: Gholdengo|Protect|p2a: Gholdengo\n|-singleturn|p2a: Gholdengo|Protect\n|move|p1b: Ursaluna|Earthquake|p2a: Gholdengo|[spread] p2b\n|-activate|p2a: Gholdengo|move: Protect\n|-immune|p1a: Articuno\n|-damage|p2b: Ogerpon|34\/100\n|move|p1a: Articuno|Air Slash|p2b: Ogerpon\n|-damage|p2b: Ogerpon|0 fnt\n|faint|p2b: Ogerpon\n|\n|-damage|p1b: Ursaluna|95\/100 brn|[from] brn\n|-fieldend|move: Trick Room\n|upkeep\n|\n|t:|1700892469\n|switch|p2b: Chien-Pao|Chien-Pao, L50|100\/100\n|-ability|p2b: Chien-Pao|Sword of Ruin\n|turn|6\n|\n|t:|1700892489\n|move|p1a: Articuno|Protect|p1a: Articuno\n|-singleturn|p1a: Articuno|Protect\n|move|p2b: Chien-Pao|Ice Spinner|p1b: Ursaluna\n|-supereffective|p1b: Ursaluna\n|-damage|p1b: Ursaluna|14\/100 brn\n|move|p2a: Gholdengo|Make It Rain|p1b: Ursaluna|[spread] p1b\n|-activate|p1a: Articuno|move: Protect\n|-damage|p1b: Ursaluna|0 fnt\n|-unboost|p2a: Gholdengo|spa|1\n|faint|p1b: Ursaluna\n|\n|upkeep\n|\n|t:|1700892496\n|switch|p1b: Oranguru|Oranguru, L50, F, shiny, tera:Water|59\/100\n|turn|7\n|\n|t:|1700892506\n|switch|p1a: Torkoal|Torkoal, L50, F|100\/100\n|-weather|SunnyDay|[from] ability: Drought|[of] p1a: Torkoal\n|move|p2b: Chien-Pao|Sacred Sword|p1b: Oranguru\n|-damage|p1b: Oranguru|31\/100\n|move|p2a: Gholdengo|Make It Rain|p1b: Oranguru|[spread] p1a,p1b\n|-resisted|p1a: Torkoal\n|-resisted|p1b: Oranguru\n|-damage|p1a: Torkoal|14\/100\n|-damage|p1b: Oranguru|0 fnt\n|-unboost|p2a: Gholdengo|spa|1\n|faint|p1b: Oranguru\n|\n|-weather|SunnyDay|[upkeep]\n|upkeep\n|-message|xerth forfeited.\n|\n|win|That_Leek\n|raw|xerth's rating: 1404 &rarr; <strong>1391<\/strong><br \/>(-13 for losing)\n|raw|That_Leek's rating: 1532 &rarr; <strong>1545<\/strong><br \/>(+13 for winning)\n|l|\u2606xerth\n","uploadtime":1700892516,"views":6,"p1id":"xerth","p2id":"thatleek","formatid":"gen9vgc2023regulatione","rating":1391,"private":0,"password":""}