{"id":"gen9vgc2023regulatione-1994187682","p1":"Mo mo 15","p2":"okhiiiii222","format":"[Gen 9] VGC 2023 Regulation E","log":"|j|\u2606Mo mo 15\n|j|\u2606okhiiiii222\n|t:|1700416812\n|gametype|doubles\n|player|p1|Mo mo 15|hoopster|1221\n|player|p2|okhiiiii222|lucas|1147\n|teamsize|p1|6\n|teamsize|p2|6\n|gen|9\n|tier|[Gen 9] VGC 2023 Regulation E\n|rated|\n|rule|Species Clause: Limit one of each Pok\u00e9mon\n|rule|Item Clause: Limit one of each item\n|clearpoke\n|poke|p1|Iron Bundle, L50|\n|poke|p1|Talonflame, L50, F|\n|poke|p1|Flutter Mane, L50|\n|poke|p1|Sinistcha-Masterpiece, L50|\n|poke|p1|Tyranitar, L50, F|\n|poke|p1|Iron Hands, L50|\n|poke|p2|Donphan, L50, M|\n|poke|p2|Magnezone, L50|\n|poke|p2|Cinderace, L50, M|\n|poke|p2|Clefairy, L50, F|\n|poke|p2|Revavroom, L50, M|\n|poke|p2|Toedscruel, L50, F|\n|teampreview|4\n|\n|t:|1700416841\n|start\n|switch|p1a: Talonflame|Talonflame, L50, F|100\/100\n|switch|p1b: Iron Bundle|Iron Bundle, L50|100\/100\n|switch|p2a: Donphan|Donphan, L50, M|100\/100\n|switch|p2b: Cinderace|Cinderace, L50, M|100\/100\n|-enditem|p1b: Iron Bundle|Booster Energy\n|-activate|p1b: Iron Bundle|ability: Quark Drive|[fromitem]\n|-start|p1b: Iron Bundle|quarkdrivespe\n|turn|1\n|\n|t:|1700416869\n|-terastallize|p2a: Donphan|Grass\n|move|p1b: Iron Bundle|Protect|p1b: Iron Bundle\n|-singleturn|p1b: Iron Bundle|Protect\n|move|p1a: Talonflame|Tailwind|p1a: Talonflame\n|-sidestart|p1: Mo mo 15|move: Tailwind\n|move|p2b: Cinderace|Fling|p1a: Talonflame\n|-damage|p1a: Talonflame|86\/100\n|-enditem|p2b: Cinderace|King's Rock|[from] move: Fling\n|move|p2a: Donphan|Rock Slide|p1b: Iron Bundle|[spread] p1a\n|-activate|p1b: Iron Bundle|move: Protect\n|-supereffective|p1a: Talonflame\n|-damage|p1a: Talonflame|0 fnt\n|faint|p1a: Talonflame\n|\n|upkeep\n|\n|t:|1700416886\n|switch|p1a: Tyranitar|Tyranitar, L50, F|100\/100\n|-weather|Sandstorm|[from] ability: Sand Stream|[of] p1a: Tyranitar\n|turn|2\n|\n|t:|1700416918\n|switch|p2b: Magnezone|Magnezone, L50|100\/100\n|-terastallize|p1a: Tyranitar|Psychic\n|move|p1b: Iron Bundle|Icy Wind|p2a: Donphan|[spread] p2b\n|-miss|p1b: Iron Bundle|p2a: Donphan\n|-resisted|p2b: Magnezone\n|-damage|p2b: Magnezone|91\/100\n|-unboost|p2b: Magnezone|spe|1\n|move|p1a: Tyranitar|Rock Slide|p2a: Donphan|[spread] p2a,p2b\n|-resisted|p2b: Magnezone\n|-crit|p2b: Magnezone\n|-damage|p2a: Donphan|68\/100\n|-damage|p2b: Magnezone|68\/100\n|cant|p2a: Donphan|flinch\n|\n|-weather|Sandstorm|[upkeep]\n|-damage|p1b: Iron Bundle|94\/100|[from] Sandstorm\n|-damage|p1a: Tyranitar|95\/100|[from] Sandstorm\n|-damage|p2a: Donphan|62\/100|[from] Sandstorm\n|upkeep\n|turn|3\n|\n|t:|1700416944\n|move|p1b: Iron Bundle|Icy Wind|p2b: Magnezone|[spread] p2a,p2b\n|-supereffective|p2a: Donphan\n|-resisted|p2b: Magnezone\n|-damage|p2a: Donphan|31\/100\n|-damage|p2b: Magnezone|57\/100\n|-unboost|p2a: Donphan|spe|1\n|-unboost|p2b: Magnezone|spe|1\n|move|p1a: Tyranitar|Fire Punch|p2b: Magnezone\n|-supereffective|p2b: Magnezone\n|-damage|p2b: Magnezone|6\/100\n|-enditem|p2b: Magnezone|Sitrus Berry|[eat]\n|-heal|p2b: Magnezone|31\/100|[from] item: Sitrus Berry\n|move|p2a: Donphan|Seed Bomb|p1b: Iron Bundle\n|-supereffective|p1b: Iron Bundle\n|-damage|p1b: Iron Bundle|0 fnt\n|faint|p1b: Iron Bundle\n|-end|p1b: Iron Bundle|Quark Drive|[silent]\n|move|p2b: Magnezone|Electroweb|p1a: Tyranitar|[miss]\n|-miss|p2b: Magnezone|p1a: Tyranitar\n|\n|-weather|Sandstorm|[upkeep]\n|-damage|p1a: Tyranitar|89\/100|[from] Sandstorm\n|-damage|p2a: Donphan|25\/100|[from] Sandstorm\n|upkeep\n|\n|t:|1700416956\n|switch|p1b: Iron Hands|Iron Hands, L50|100\/100\n|turn|4\n|\n|t:|1700416972\n|switch|p2a: Revavroom|Revavroom, L50, M|100\/100\n|move|p1a: Tyranitar|Rock Slide|p2b: Magnezone|[spread] p2a,p2b\n|-resisted|p2a: Revavroom\n|-resisted|p2b: Magnezone\n|-damage|p2a: Revavroom|81\/100\n|-damage|p2b: Magnezone|15\/100\n|move|p1b: Iron Hands|Drain Punch|p2b: Magnezone\n|-supereffective|p2b: Magnezone\n|-damage|p2b: Magnezone|0 fnt\n|faint|p2b: Magnezone\n|\n|-weather|Sandstorm|[upkeep]\n|-damage|p1a: Tyranitar|83\/100|[from] Sandstorm\n|-damage|p1b: Iron Hands|94\/100|[from] Sandstorm\n|-sideend|p1: Mo mo 15|move: Tailwind\n|upkeep\n|\n|t:|1700416988\n|switch|p2b: Donphan|Donphan, L50, M, tera:Grass|25\/100\n|turn|5\n|\n|t:|1700417005\n|move|p2a: Revavroom|Shift Gear|p2a: Revavroom\n|-boost|p2a: Revavroom|spe|2\n|-boost|p2a: Revavroom|atk|1\n|move|p1a: Tyranitar|Fire Punch|p2a: Revavroom\n|-supereffective|p2a: Revavroom\n|-damage|p2a: Revavroom|4\/100\n|move|p1b: Iron Hands|Ice Punch|p2b: Donphan\n|-supereffective|p2b: Donphan\n|-damage|p2b: Donphan|0 fnt\n|faint|p2b: Donphan\n|\n|-weather|Sandstorm|[upkeep]\n|-damage|p1a: Tyranitar|77\/100|[from] Sandstorm\n|-damage|p1b: Iron Hands|88\/100|[from] Sandstorm\n|upkeep\n|\n|t:|1700417016\n|switch|p2b: Cinderace|Cinderace, L50, M|100\/100\n|turn|6\n|\n|t:|1700417031\n|move|p2a: Revavroom|Iron Head|p1a: Tyranitar\n|-damage|p1a: Tyranitar|21\/100\n|move|p2b: Cinderace|Pyro Ball|p1b: Iron Hands\n|-damage|p1b: Iron Hands|49\/100\n|move|p1a: Tyranitar|Rock Slide|p2b: Cinderace|[spread] p2a,p2b\n|-resisted|p2a: Revavroom\n|-supereffective|p2b: Cinderace\n|-damage|p2a: Revavroom|0 fnt\n|-damage|p2b: Cinderace|10\/100\n|faint|p2a: Revavroom\n|move|p1b: Iron Hands|Drain Punch|p2b: Cinderace\n|-damage|p2b: Cinderace|0 fnt\n|-heal|p1b: Iron Hands|52\/100|[from] drain|[of] p2b: Cinderace\n|faint|p2b: Cinderace\n|\n|win|Mo mo 15\n|raw|Mo mo 15's rating: 1221 &rarr; <strong>1241<\/strong><br \/>(+20 for winning)\n|raw|okhiiiii222's rating: 1147 &rarr; <strong>1127<\/strong><br \/>(-20 for losing)\n|l|\u2606okhiiiii222\n","uploadtime":1700417055,"views":4,"p1id":"momo15","p2id":"okhiiiii222","formatid":"gen9vgc2023regulatione","rating":1127,"private":0,"password":""}