{"id":"gen9vgc2023regulatione-1992253316","p1":"Zenchaos","p2":"TestJay","format":"[Gen 9] VGC 2023 Regulation E","log":"|j|\u2606Zenchaos\n|j|\u2606TestJay\n|t:|1700167973\n|gametype|doubles\n|player|p1|Zenchaos|265|1438\n|player|p2|TestJay|pokemonranger-gen4|1379\n|teamsize|p1|6\n|teamsize|p2|6\n|gen|9\n|tier|[Gen 9] VGC 2023 Regulation E\n|rated|\n|rule|Species Clause: Limit one of each Pok\u00e9mon\n|rule|Item Clause: Limit one of each item\n|clearpoke\n|poke|p1|Goodra-Hisui, L50, M|\n|poke|p1|Glimmora, L50, F|\n|poke|p1|Urshifu-*, L50, F|\n|poke|p1|Indeedee-F, L50, F|\n|poke|p1|Drifblim, L50, M|\n|poke|p1|Sinistcha, L50|\n|poke|p2|Dusclops, L50, F|\n|poke|p2|Ursaluna-Bloodmoon, L50, M|\n|poke|p2|Kommo-o, L50, F|\n|poke|p2|Landorus-Therian, L50, M|\n|poke|p2|Iron Hands, L50|\n|poke|p2|Sinistcha-Masterpiece, L50|\n|teampreview|4\n|c|\u2606TestJay|gl hf\n|inactive|Battle timer is ON: inactive players will automatically lose when time's up. (requested by TestJay)\n|\n|t:|1700168013\n|start\n|switch|p1a: Indeedee|Indeedee-F, L50, F|100\/100\n|switch|p1b: Drifblim|Drifblim, L50, M|100\/100\n|switch|p2a: Dusclops|Dusclops, L50, F, shiny|100\/100\n|switch|p2b: Iron Hands|Iron Hands, L50|100\/100\n|-fieldstart|move: Psychic Terrain|[from] ability: Psychic Surge|[of] p1a: Indeedee\n|-enditem|p1b: Drifblim|Psychic Seed\n|-boost|p1b: Drifblim|spd|1|[from] item: Psychic Seed\n|-ability|p2a: Dusclops|Pressure\n|turn|1\n|\n|t:|1700168031\n|-end|p2b: Iron Hands|Quark Drive|[silent]\n|switch|p2b: Ursaluna|Ursaluna-Bloodmoon, L50, M|100\/100\n|move|p1a: Indeedee|Follow Me|p1a: Indeedee\n|-singleturn|p1a: Indeedee|move: Follow Me\n|move|p1b: Drifblim|Amnesia|p1b: Drifblim\n|-boost|p1b: Drifblim|spd|2\n|move|p2a: Dusclops|Trick Room|p2a: Dusclops\n|-fieldstart|move: Trick Room|[of] p2a: Dusclops\n|\n|upkeep\n|turn|2\n|\n|t:|1700168041\n|-terastallize|p2b: Ursaluna|Normal\n|move|p1a: Indeedee|Follow Me|p1a: Indeedee\n|-singleturn|p1a: Indeedee|move: Follow Me\n|move|p2a: Dusclops|Brick Break|p1a: Indeedee\n|-damage|p1a: Indeedee|86\/100\n|move|p2b: Ursaluna|Blood Moon|p1a: Indeedee\n|-damage|p1a: Indeedee|4\/100\n|move|p1b: Drifblim|Baton Pass|p1b: Drifblim\n|\n|t:|1700168047\n|switch|p1b: Goodra|Goodra-Hisui, L50, M|100\/100|[from] Baton Pass\n|\n|upkeep\n|turn|3\n|\n|t:|1700168057\n|move|p2a: Dusclops|Helping Hand|p2b: Ursaluna\n|-singleturn|p2b: Ursaluna|Helping Hand|[of] p2a: Dusclops\n|move|p1a: Indeedee|Protect|p1a: Indeedee\n|-singleturn|p1a: Indeedee|Protect\n|move|p2b: Ursaluna|Hyper Voice|p1b: Goodra|[spread] p1b\n|-activate|p1a: Indeedee|move: Protect\n|-resisted|p1b: Goodra\n|-damage|p1b: Goodra|92\/100\n|move|p1b: Goodra|Acid Armor|p1b: Goodra\n|-boost|p1b: Goodra|def|2\n|\n|-heal|p1b: Goodra|98\/100|[from] item: Leftovers\n|upkeep\n|turn|4\n|\n|t:|1700168070\n|switch|p1a: Drifblim|Drifblim, L50, M|100\/100\n|move|p2a: Dusclops|Brick Break|p2b: Ursaluna\n|-supereffective|p2b: Ursaluna\n|-damage|p2b: Ursaluna|80\/100\n|-enditem|p2b: Ursaluna|Weakness Policy\n|-boost|p2b: Ursaluna|atk|2|[from] item: Weakness Policy\n|-boost|p2b: Ursaluna|spa|2|[from] item: Weakness Policy\n|move|p2b: Ursaluna|Earth Power|p1b: Goodra\n|-supereffective|p1b: Goodra\n|-damage|p1b: Goodra|50\/100\n|move|p1b: Goodra|Acid Armor|p1b: Goodra\n|-boost|p1b: Goodra|def|2\n|\n|-heal|p1b: Goodra|56\/100|[from] item: Leftovers\n|upkeep\n|turn|5\n|\n|t:|1700168088\n|move|p2a: Dusclops|Helping Hand|p2b: Ursaluna\n|-singleturn|p2b: Ursaluna|Helping Hand|[of] p2a: Dusclops\n|move|p1b: Goodra|Protect|p1b: Goodra\n|-singleturn|p1b: Goodra|Protect\n|move|p2b: Ursaluna|Earth Power|p1b: Goodra\n|-activate|p1b: Goodra|move: Protect\n|move|p1a: Drifblim|Minimize|p1a: Drifblim\n|-boost|p1a: Drifblim|evasion|2\n|\n|-heal|p1b: Goodra|61\/100|[from] item: Leftovers\n|-fieldend|move: Trick Room\n|-fieldend|move: Psychic Terrain\n|upkeep\n|turn|6\n|\n|t:|1700168099\n|move|p2b: Ursaluna|Protect|p2b: Ursaluna\n|-singleturn|p2b: Ursaluna|Protect\n|move|p1a: Drifblim|Baton Pass|p1a: Drifblim\n|\n|t:|1700168101\n|switch|p1a: Sinistcha|Sinistcha, L50|100\/100|[from] Baton Pass\n|-heal|p1b: Goodra|86\/100|[from] ability: Hospitality|[of] p1a: Sinistcha\n|move|p1b: Goodra|Acid Armor|p1b: Goodra\n|-boost|p1b: Goodra|def|2\n|move|p2a: Dusclops|Trick Room|p2a: Dusclops\n|-fieldstart|move: Trick Room|[of] p2a: Dusclops\n|\n|-heal|p1b: Goodra|92\/100|[from] item: Leftovers\n|upkeep\n|turn|7\n|\n|t:|1700168110\n|move|p2a: Dusclops|Helping Hand|p2b: Ursaluna\n|-singleturn|p2b: Ursaluna|Helping Hand|[of] p2a: Dusclops\n|move|p1a: Sinistcha|Protect|p1a: Sinistcha\n|-singleturn|p1a: Sinistcha|Protect\n|move|p2b: Ursaluna|Earth Power|p1b: Goodra\n|-supereffective|p1b: Goodra\n|-damage|p1b: Goodra|28\/100\n|move|p1b: Goodra|Body Press|p2b: Ursaluna\n|-supereffective|p2b: Ursaluna\n|-damage|p2b: Ursaluna|0 fnt\n|faint|p2b: Ursaluna\n|\n|-heal|p1b: Goodra|34\/100|[from] item: Leftovers\n|upkeep\n|\n|t:|1700168116\n|switch|p2b: Iron Hands|Iron Hands, L50|100\/100\n|turn|8\n|\n|t:|1700168139\n|move|p1b: Goodra|Protect|p1b: Goodra\n|-singleturn|p1b: Goodra|Protect\n|move|p2a: Dusclops|Night Shade|p1b: Goodra\n|-activate|p1b: Goodra|move: Protect\n|move|p2b: Iron Hands|Drain Punch|p1b: Goodra\n|-activate|p1b: Goodra|move: Protect\n|move|p1a: Sinistcha|Life Dew||[still]|[spread] p1a,p1b\n|-fail|p1a: Sinistcha|heal\n|-heal|p1b: Goodra|59\/100\n|\n|-heal|p1b: Goodra|65\/100|[from] item: Leftovers\n|upkeep\n|turn|9\n|\n|t:|1700168150\n|move|p1a: Sinistcha|Rage Powder|p1a: Sinistcha\n|-singleturn|p1a: Sinistcha|move: Rage Powder\n|move|p2a: Dusclops|Night Shade|p1a: Sinistcha|[miss]\n|-miss|p2a: Dusclops|p1a: Sinistcha\n|move|p2b: Iron Hands|Drain Punch|p1a: Sinistcha\n|-immune|p1a: Sinistcha\n|move|p1b: Goodra|Body Press|p2b: Iron Hands\n|-damage|p2b: Iron Hands|45\/100\n|\n|-heal|p1b: Goodra|71\/100|[from] item: Leftovers\n|upkeep\n|turn|10\n|\n|t:|1700168160\n|switch|p2a: Sinistcha|Sinistcha-Masterpiece, L50|100\/100\n|-heal|p2b: Iron Hands|70\/100|[from] ability: Hospitality|[of] p2a: Sinistcha\n|move|p1a: Sinistcha|Rage Powder|p1a: Sinistcha\n|-singleturn|p1a: Sinistcha|move: Rage Powder\n|move|p2b: Iron Hands|Drain Punch|p1a: Sinistcha\n|-immune|p1a: Sinistcha\n|move|p1b: Goodra|Body Press|p2b: Iron Hands\n|-damage|p2b: Iron Hands|14\/100\n|\n|-heal|p1b: Goodra|76\/100|[from] item: Leftovers\n|-fieldend|move: Trick Room\n|upkeep\n|turn|11\n|\n|t:|1700168175\n|move|p1b: Goodra|Protect|p1b: Goodra\n|-singleturn|p1b: Goodra|Protect\n|move|p2a: Sinistcha|Rage Powder|p2a: Sinistcha\n|-singleturn|p2a: Sinistcha|move: Rage Powder\n|move|p1a: Sinistcha|Matcha Gotcha|p2a: Sinistcha|[spread] p2a\n|-miss|p1a: Sinistcha|p2b: Iron Hands\n|-resisted|p2a: Sinistcha\n|-damage|p2a: Sinistcha|89\/100\n|move|p2b: Iron Hands|Drain Punch|p1b: Goodra\n|-activate|p1b: Goodra|move: Protect\n|\n|-heal|p1b: Goodra|82\/100|[from] item: Leftovers\n|upkeep\n|turn|12\n|\n|t:|1700168189\n|switch|p2a: Dusclops|Dusclops, L50, F, shiny|100\/100\n|-ability|p2a: Dusclops|Pressure\n|-terastallize|p1b: Goodra|Poison\n|move|p1a: Sinistcha|Matcha Gotcha|p2a: Dusclops|[spread] p2a,p2b\n|-damage|p2a: Dusclops|86\/100\n|-damage|p2b: Iron Hands|0 fnt\n|faint|p2b: Iron Hands\n|-end|p2b: Iron Hands|Quark Drive|[silent]\n|move|p1b: Goodra|Life Dew||[still]|[spread] p1a,p1b\n|-fail|p1a: Sinistcha|heal\n|-heal|p1b: Goodra|100\/100\n|\n|upkeep\n|\n|t:|1700168197\n|switch|p2b: Sinistcha|Sinistcha-Masterpiece, L50|89\/100\n|-heal|p2a: Dusclops|100\/100|[from] ability: Hospitality|[of] p2b: Sinistcha\n|turn|13\n|\n|t:|1700168203\n|move|p1a: Sinistcha|Matcha Gotcha|p2a: Dusclops|[spread] p2a,p2b\n|-resisted|p2b: Sinistcha\n|-damage|p2a: Dusclops|88\/100\n|-damage|p2b: Sinistcha|77\/100\n|move|p1b: Goodra|Body Press|p2b: Sinistcha\n|-immune|p2b: Sinistcha\n|move|p2b: Sinistcha|Matcha Gotcha|p1b: Goodra|[spread] p1a,p1b\n|-resisted|p1a: Sinistcha\n|-resisted|p1b: Goodra\n|-damage|p1a: Sinistcha|87\/100\n|-heal|p2b: Sinistcha|84\/100|[from] drain|[of] p1a: Sinistcha\n|-damage|p1b: Goodra|98\/100\n|-heal|p2b: Sinistcha|86\/100|[from] drain|[of] p1b: Goodra\n|move|p2a: Dusclops|Night Shade|p1b: Goodra\n|-damage|p1b: Goodra|71\/100\n|\n|-heal|p1b: Goodra|77\/100|[from] item: Leftovers\n|upkeep\n|turn|14\n|inactive|TestJay has 30 seconds left.\n|\n|t:|1700168228\n|move|p1b: Goodra|Protect|p1b: Goodra\n|-singleturn|p1b: Goodra|Protect\n|move|p1a: Sinistcha|Matcha Gotcha|p2a: Dusclops|[spread] p2a\n|-miss|p1a: Sinistcha|p2b: Sinistcha\n|-damage|p2a: Dusclops|75\/100\n|-heal|p1a: Sinistcha|93\/100|[from] drain|[of] p2a: Dusclops\n|move|p2b: Sinistcha|Matcha Gotcha|p1b: Goodra|[spread] p1a\n|-activate|p1b: Goodra|move: Protect\n|-resisted|p1a: Sinistcha\n|-damage|p1a: Sinistcha|77\/100\n|-heal|p2b: Sinistcha|94\/100|[from] drain|[of] p1a: Sinistcha\n|-status|p1a: Sinistcha|brn\n|move|p2a: Dusclops|Night Shade|p1a: Sinistcha|[miss]\n|-miss|p2a: Dusclops|p1a: Sinistcha\n|\n|-heal|p1b: Goodra|83\/100|[from] item: Leftovers\n|-damage|p1a: Sinistcha|71\/100 brn|[from] brn\n|upkeep\n|turn|15\n|\n|t:|1700168248\n|move|p1a: Sinistcha|Matcha Gotcha|p2a: Dusclops|[spread] p2a,p2b\n|-resisted|p2b: Sinistcha\n|-damage|p2a: Dusclops|60\/100\n|-heal|p1a: Sinistcha|77\/100 brn|[from] drain|[of] p2a: Dusclops\n|-damage|p2b: Sinistcha|81\/100\n|-heal|p1a: Sinistcha|84\/100 brn|[from] drain|[of] p2b: Sinistcha\n|move|p1b: Goodra|Life Dew|p1b: Goodra|[spread] p1a,p1b\n|-heal|p1a: Sinistcha|100\/100 brn\n|-heal|p1b: Goodra|100\/100\n|move|p2b: Sinistcha|Matcha Gotcha|p1a: Sinistcha|[spread] p1b\n|-miss|p2b: Sinistcha|p1a: Sinistcha\n|-resisted|p1b: Goodra\n|-damage|p1b: Goodra|98\/100\n|-heal|p2b: Sinistcha|83\/100|[from] drain|[of] p1b: Goodra\n|move|p2a: Dusclops|Night Shade|p1a: Sinistcha\n|-damage|p1a: Sinistcha|72\/100 brn\n|\n|-heal|p1b: Goodra|100\/100|[from] item: Leftovers\n|-damage|p1a: Sinistcha|66\/100 brn|[from] brn\n|upkeep\n|turn|16\n|\n|t:|1700168260\n|move|p1a: Sinistcha|Matcha Gotcha|p2a: Dusclops|[spread] p2b\n|-miss|p1a: Sinistcha|p2a: Dusclops\n|-resisted|p2b: Sinistcha\n|-damage|p2b: Sinistcha|72\/100\n|-heal|p1a: Sinistcha|72\/100 brn|[from] drain|[of] p2b: Sinistcha\n|move|p1b: Goodra|Life Dew||[still]|[spread] p1a,p1b\n|-heal|p1a: Sinistcha|97\/100 brn\n|-fail|p1b: Goodra|heal\n|move|p2b: Sinistcha|Matcha Gotcha|p1b: Goodra|[spread] p1a\n|-miss|p2b: Sinistcha|p1b: Goodra\n|-resisted|p1a: Sinistcha\n|-damage|p1a: Sinistcha|84\/100 brn\n|-heal|p2b: Sinistcha|79\/100|[from] drain|[of] p1a: Sinistcha\n|move|p2a: Dusclops|Night Shade|p1a: Sinistcha\n|-damage|p1a: Sinistcha|56\/100 brn\n|\n|-damage|p1a: Sinistcha|49\/100 brn|[from] brn\n|upkeep\n|turn|17\n|c|\u2606TestJay|gg\n|-message|TestJay forfeited.\n|\n|win|Zenchaos\n|raw|Zenchaos's rating: 1438 &rarr; <strong>1455<\/strong><br \/>(+17 for winning)\n|raw|TestJay's rating: 1379 &rarr; <strong>1362<\/strong><br \/>(-17 for losing)\n","uploadtime":1700168279,"views":16,"p1id":"zenchaos","p2id":"testjay","formatid":"gen9vgc2023regulatione","rating":1362,"private":0,"password":""}