{"id":"gen9vgc2023regulatione-1988082417","p1":"Tropkick Thunder","p2":"Kialla","format":"[Gen 9] VGC 2023 Regulation E","log":"|j|\u2606Tropkick Thunder\n|j|\u2606Kialla\n|t:|1699667362\n|gametype|doubles\n|player|p1|Tropkick Thunder|wattson|1070\n|player|p2|Kialla|2|1084\n|teamsize|p1|6\n|teamsize|p2|6\n|gen|9\n|tier|[Gen 9] VGC 2023 Regulation E\n|rated|\n|rule|Species Clause: Limit one of each Pok\u00e9mon\n|rule|Item Clause: Limit one of each item\n|clearpoke\n|poke|p1|Meowscarada, L50, F|\n|poke|p1|Iron Hands, L50|\n|poke|p1|Regieleki, L50|\n|poke|p1|Flutter Mane, L50|\n|poke|p1|Gardevoir, L50, F|\n|poke|p1|Landorus-Therian, L50, M|\n|poke|p2|Arcanine-Hisui, L50, F|\n|poke|p2|Chi-Yu, L50|\n|poke|p2|Heatran, L50, M|\n|poke|p2|Ogerpon-Hearthflame, L50, F|\n|poke|p2|Talonflame, L50, M|\n|poke|p2|Rotom-Heat, L50|\n|teampreview|4\n|inactive|Battle timer is ON: inactive players will automatically lose when time's up. (requested by Tropkick Thunder)\n|\n|t:|1699667392\n|start\n|switch|p1a: Iron Hands|Iron Hands, L50|100\/100\n|switch|p1b: Flutter Mane|Flutter Mane, L50|100\/100\n|switch|p2a: Talonflame|Talonflame, L50, M|100\/100\n|switch|p2b: Chi-Yu|Chi-Yu, L50|100\/100\n|-ability|p2b: Chi-Yu|Beads of Ruin\n|turn|1\n|\n|t:|1699667413\n|-terastallize|p2b: Chi-Yu|Ghost\n|move|p1a: Iron Hands|Fake Out|p2a: Talonflame\n|-damage|p2a: Talonflame|74\/100\n|move|p2a: Talonflame|Tailwind|p2a: Talonflame\n|-sidestart|p2: Kialla|move: Tailwind\n|move|p2b: Chi-Yu|Dark Pulse|p1b: Flutter Mane\n|-damage|p1b: Flutter Mane|27\/100\n|move|p1b: Flutter Mane|Dazzling Gleam|p2a: Talonflame|[spread] p2a,p2b\n|-resisted|p2a: Talonflame\n|-damage|p2a: Talonflame|29\/100\n|-damage|p2b: Chi-Yu|48\/100\n|\n|upkeep\n|turn|2\n|\n|t:|1699667431\n|move|p2a: Talonflame|Brave Bird|p1a: Iron Hands\n|-crit|p1a: Iron Hands\n|-damage|p1a: Iron Hands|59\/100\n|-damage|p2a: Talonflame|6\/100|[from] Recoil\n|move|p2b: Chi-Yu|Dark Pulse|p1b: Flutter Mane\n|-damage|p1b: Flutter Mane|0 fnt\n|faint|p1b: Flutter Mane\n|-end|p1b: Flutter Mane|Protosynthesis|[silent]\n|move|p1a: Iron Hands|Wild Charge|p2b: Chi-Yu\n|-damage|p2b: Chi-Yu|0 fnt\n|faint|p2b: Chi-Yu\n|-damage|p1a: Iron Hands|53\/100|[from] Recoil\n|\n|upkeep\n|\n|t:|1699667444\n|switch|p1b: Regieleki|Regieleki, L50|100\/100\n|switch|p2b: Arcanine|Arcanine-Hisui, L50, F|100\/100\n|-ability|p2b: Arcanine|Intimidate|boost\n|-unboost|p1a: Iron Hands|atk|1\n|-unboost|p1b: Regieleki|atk|1\n|turn|3\n|\n|t:|1699667467\n|move|p1b: Regieleki|Protect|p1b: Regieleki\n|-singleturn|p1b: Regieleki|Protect\n|move|p2b: Arcanine|Extreme Speed|p1b: Regieleki\n|-activate|p1b: Regieleki|move: Protect\n|move|p2a: Talonflame|Brave Bird|p1a: Iron Hands\n|-damage|p1a: Iron Hands|23\/100\n|-damage|p2a: Talonflame|0 fnt|[from] Recoil\n|faint|p2a: Talonflame\n|move|p1a: Iron Hands|Drain Punch|p2b: Arcanine\n|-supereffective|p2b: Arcanine\n|-damage|p2b: Arcanine|27\/100\n|-heal|p1a: Iron Hands|48\/100|[from] drain|[of] p2b: Arcanine\n|\n|upkeep\n|\n|t:|1699667480\n|switch|p2a: Ogerpon|Ogerpon-Hearthflame, L50, F|100\/100\n|-ability|p2a: Ogerpon|Mold Breaker\n|turn|4\n|\n|t:|1699667492\n|-end|p1a: Iron Hands|Quark Drive|[silent]\n|switch|p1a: Landorus|Landorus-Therian, L50, M|100\/100\n|-ability|p1a: Landorus|Intimidate|boost\n|-unboost|p2a: Ogerpon|atk|1\n|-unboost|p2b: Arcanine|atk|1\n|move|p2b: Arcanine|Extreme Speed|p1b: Regieleki\n|-damage|p1b: Regieleki|54\/100\n|move|p2a: Ogerpon|Ivy Cudgel|p1a: Landorus\n|-damage|p1a: Landorus|45\/100\n|move|p1b: Regieleki|Electroweb|p2a: Ogerpon|[spread] p2b\n|-miss|p1b: Regieleki|p2a: Ogerpon\n|-damage|p2b: Arcanine|2\/100\n|-unboost|p2b: Arcanine|spe|1\n|-damage|p1b: Regieleki|45\/100|[from] item: Life Orb\n|\n|-sideend|p2: Kialla|move: Tailwind\n|upkeep\n|turn|5\n|\n|t:|1699667515\n|-terastallize|p1a: Landorus|Flying\n|move|p2b: Arcanine|Extreme Speed|p1b: Regieleki\n|-damage|p1b: Regieleki|0 fnt\n|faint|p1b: Regieleki\n|move|p1a: Landorus|Tera Blast|p2a: Ogerpon|[anim] Tera Blast Flying\n|-supereffective|p2a: Ogerpon\n|-damage|p2a: Ogerpon|0 fnt\n|faint|p2a: Ogerpon\n|\n|upkeep\n|\n|t:|1699667521\n|switch|p1b: Iron Hands|Iron Hands, L50|48\/100\n|turn|6\n|\n|t:|1699667526\n|move|p1b: Iron Hands|Fake Out|p2b: Arcanine\n|-resisted|p2b: Arcanine\n|-damage|p2b: Arcanine|0 fnt\n|faint|p2b: Arcanine\n|\n|win|Tropkick Thunder\n|raw|Tropkick Thunder's rating: 1070 &rarr; <strong>1101<\/strong><br \/>(+31 for winning)\n|raw|Kialla's rating: 1084 &rarr; <strong>1060<\/strong><br \/>(-24 for losing)\n|l|\u2606Tropkick Thunder\n","uploadtime":1699667547,"views":34,"p1id":"tropkickthunder","p2id":"kialla","formatid":"gen9vgc2023regulatione","rating":1060,"private":0,"password":""}