{"id":"gen9vgc2023regulatione-1991637793","p1":"clockworkmango","p2":"CommunistCrab1","format":"[Gen 9] VGC 2023 Regulation E","log":"|j|\u2606clockworkmango\n|j|\u2606CommunistCrab1\n|t:|1700097042\n|gametype|doubles\n|player|p1|clockworkmango|juggler|1296\n|player|p2|CommunistCrab1|roxie|1220\n|teamsize|p1|6\n|teamsize|p2|6\n|gen|9\n|tier|[Gen 9] VGC 2023 Regulation E\n|rated|\n|rule|Species Clause: Limit one of each Pok\u00e9mon\n|rule|Item Clause: Limit one of each item\n|clearpoke\n|poke|p1|Sinistcha, L50|\n|poke|p1|Salamence, L50, M|\n|poke|p1|Tyranitar, L50, F|\n|poke|p1|Empoleon, L50, M|\n|poke|p1|Lycanroc, L50, F|\n|poke|p1|Typhlosion-Hisui, L50, F|\n|poke|p2|Salamence, L50, F|\n|poke|p2|Tornadus, L50, M|\n|poke|p2|Basculegion, L50, M|\n|poke|p2|Urshifu-*, L50, F|\n|poke|p2|Pelipper, L50, M|\n|poke|p2|Iron Hands, L50|\n|teampreview|4\n|inactive|Battle timer is ON: inactive players will automatically lose when time's up. (requested by clockworkmango)\n|inactive|clockworkmango has 60 seconds left.\n|\n|t:|1700097080\n|start\n|switch|p1a: Typhlosion|Typhlosion-Hisui, L50, F|100\/100\n|switch|p1b: Empoleon|Empoleon, L50, M|100\/100\n|switch|p2a: Salamence|Salamence, L50, F|100\/100\n|switch|p2b: Tornadus|Tornadus, L50, M|100\/100\n|-ability|p2a: Salamence|Intimidate|boost\n|-unboost|p1a: Typhlosion|atk|1\n|-unboost|p1b: Empoleon|atk|1\n|-ability|p1b: Empoleon|Competitive|boost\n|-boost|p1b: Empoleon|spa|2\n|turn|1\n|inactive|clockworkmango has 30 seconds left.\n|inactive|CommunistCrab1 has 30 seconds left.\n|\n|t:|1700097113\n|switch|p2a: Urshifu|Urshifu-Rapid-Strike, L50, F|100\/100\n|move|p2b: Tornadus|Rain Dance|p2b: Tornadus\n|-weather|RainDance\n|move|p1a: Typhlosion|Eruption|p2a: Urshifu|[spread] p2a,p2b\n|-resisted|p2a: Urshifu\n|-damage|p2a: Urshifu|82\/100\n|-damage|p2b: Tornadus|76\/100\n|move|p1b: Empoleon|Ice Beam|p2a: Urshifu\n|-resisted|p2a: Urshifu\n|-damage|p2a: Urshifu|31\/100\n|-damage|p1b: Empoleon|91\/100|[from] item: Life Orb\n|\n|-weather|RainDance|[upkeep]\n|upkeep\n|turn|2\n|inactive|CommunistCrab1 has 30 seconds left.\n|\n|t:|1700097138\n|switch|p1a: Tyranitar|Tyranitar, L50, F|100\/100\n|-weather|Sandstorm|[from] ability: Sand Stream|[of] p1a: Tyranitar\n|move|p2b: Tornadus|Tailwind|p2b: Tornadus\n|-sidestart|p2: CommunistCrab1|move: Tailwind\n|move|p2a: Urshifu|Close Combat|p1b: Empoleon\n|-supereffective|p1b: Empoleon\n|-damage|p1b: Empoleon|0 fnt\n|-unboost|p2a: Urshifu|def|1\n|-unboost|p2a: Urshifu|spd|1\n|faint|p1b: Empoleon\n|\n|-weather|Sandstorm|[upkeep]\n|-damage|p2a: Urshifu|26\/100|[from] Sandstorm\n|-damage|p2b: Tornadus|70\/100|[from] Sandstorm\n|upkeep\n|\n|t:|1700097158\n|switch|p1b: Lycanroc|Lycanroc, L50, F|100\/100\n|turn|3\n|\n|t:|1700097170\n|-terastallize|p1a: Tyranitar|Fairy\n|move|p2b: Tornadus|Rain Dance|p2b: Tornadus\n|-weather|RainDance\n|move|p2a: Urshifu|Close Combat|p1a: Tyranitar\n|-resisted|p1a: Tyranitar\n|-damage|p1a: Tyranitar|77\/100\n|-unboost|p2a: Urshifu|def|1\n|-unboost|p2a: Urshifu|spd|1\n|move|p1b: Lycanroc|Rock Slide|p2a: Urshifu|[spread] p2a,p2b\n|-resisted|p2a: Urshifu\n|-supereffective|p2b: Tornadus\n|-damage|p2a: Urshifu|0 fnt\n|-damage|p2b: Tornadus|8\/100\n|faint|p2a: Urshifu\n|move|p1a: Tyranitar|Knock Off|p2b: Tornadus\n|-damage|p2b: Tornadus|0 fnt\n|-enditem|p2b: Tornadus|Covert Cloak|[from] move: Knock Off|[of] p1a: Tyranitar\n|faint|p2b: Tornadus\n|\n|-weather|RainDance|[upkeep]\n|upkeep\n|\n|t:|1700097188\n|switch|p2a: Salamence|Salamence, L50, F|100\/100\n|switch|p2b: Basculegion|Basculegion, L50, M|100\/100\n|-ability|p2a: Salamence|Intimidate|boost\n|-unboost|p1a: Tyranitar|atk|1\n|-unboost|p1b: Lycanroc|atk|1\n|turn|4\n|inactive|clockworkmango has 30 seconds left.\n|\n|t:|1700097214\n|switch|p1a: Typhlosion|Typhlosion-Hisui, L50, F|100\/100\n|-terastallize|p2a: Salamence|Water\n|move|p2b: Basculegion|Last Respects|p1a: Typhlosion\n|-supereffective|p1a: Typhlosion\n|-damage|p1a: Typhlosion|0 fnt\n|faint|p1a: Typhlosion\n|move|p2a: Salamence|Hydro Pump|p1b: Lycanroc|[miss]\n|-miss|p2a: Salamence|p1b: Lycanroc\n|move|p1b: Lycanroc|Rock Slide|p2a: Salamence|[spread] p2a,p2b\n|-damage|p2a: Salamence|74\/100\n|-damage|p2b: Basculegion|74\/100\n|\n|-weather|RainDance|[upkeep]\n|upkeep\n|c|\u2606CommunistCrab1|oh my godddddddddd\n|\n|t:|1700097230\n|switch|p1a: Tyranitar|Tyranitar, L50, F, tera:Fairy|77\/100\n|-weather|Sandstorm|[from] ability: Sand Stream|[of] p1a: Tyranitar\n|turn|5\n|c|\u2606CommunistCrab1|I've missed 3 of the last 4 hydros i've hit in a row\n|\n|t:|1700097245\n|move|p2a: Salamence|Hydro Pump|p1b: Lycanroc|[miss]\n|-miss|p2a: Salamence|p1b: Lycanroc\n|move|p1b: Lycanroc|Rock Slide|p2a: Salamence|[spread] p2a,p2b\n|-damage|p2a: Salamence|50\/100\n|-damage|p2b: Basculegion|47\/100\n|move|p2b: Basculegion|Last Respects|p1a: Tyranitar\n|-damage|p1a: Tyranitar|0 fnt\n|faint|p1a: Tyranitar\n|\n|-weather|Sandstorm|[upkeep]\n|-damage|p2a: Salamence|45\/100|[from] Sandstorm\n|-damage|p2b: Basculegion|41\/100|[from] Sandstorm\n|-sideend|p2: CommunistCrab1|move: Tailwind\n|upkeep\n|turn|6\n|c|\u2606CommunistCrab1|oh my fucking god\n|c|\u2606clockworkmango|I'm sorry\n|inactive|clockworkmango has 30 seconds left.\n|\n|t:|1700097271\n|move|p1b: Lycanroc|Rock Slide|p2b: Basculegion|[spread] p2a,p2b\n|-damage|p2a: Salamence|19\/100\n|-damage|p2b: Basculegion|16\/100\n|cant|p2a: Salamence|flinch\n|move|p2b: Basculegion|Last Respects|p1b: Lycanroc\n|-enditem|p1b: Lycanroc|Focus Sash\n|-damage|p1b: Lycanroc|1\/100\n|\n|-weather|Sandstorm|[upkeep]\n|-damage|p2a: Salamence|13\/100|[from] Sandstorm\n|-damage|p2b: Basculegion|10\/100|[from] Sandstorm\n|upkeep\n|turn|7\n|\n|t:|1700097289\n|move|p1b: Lycanroc|Rock Slide|p2a: Salamence|[spread] p2a,p2b\n|-damage|p2a: Salamence|0 fnt\n|-damage|p2b: Basculegion|0 fnt\n|faint|p2a: Salamence\n|faint|p2b: Basculegion\n|\n|win|clockworkmango\n|raw|clockworkmango's rating: 1296 &rarr; <strong>1316<\/strong><br \/>(+20 for winning)\n|raw|CommunistCrab1's rating: 1220 &rarr; <strong>1200<\/strong><br \/>(-20 for losing)\n|c|\u2606CommunistCrab1|this was highway fucking robbery\n|c|\u2606CommunistCrab1|That was absolute fucking horse shit\n|c|\u2606clockworkmango|It was\n|c|\u2606clockworkmango|You had me\n|c|\u2606CommunistCrab1|holy shittttttttttttt\n|c|\u2606CommunistCrab1|That was the worst game i've ever played\n","uploadtime":1700097296,"views":24,"p1id":"clockworkmango","p2id":"communistcrab1","formatid":"gen9vgc2023regulatione","rating":1200,"private":0,"password":""}