{"id":"gen9vgc2023regulatione-1988820936","p1":"Twodie","p2":"benjc","format":"[Gen 9] VGC 2023 Regulation E","log":"|j|\u2606Twodie\n|j|\u2606benjc\n|n|\u2606Twodie|twodie\n|n|\u2606benjc|benjc\n|html|View the match progress at <a href=\"\/game-bestof3-gen9vgc2023regulatione-1988817928\">game-bestof3-gen9vgc2023regulatione-1988817928<\/a>\n|t:|1699768144\n|gametype|doubles\n|player|p1|Twodie|1|\n|player|p2|benjc|preschooler|\n|teamsize|p1|6\n|teamsize|p2|6\n|gen|9\n|tier|[Gen 9] VGC 2023 Regulation E\n|rule|Species Clause: Limit one of each Pok\u00e9mon\n|rule|Item Clause: Limit one of each item\n|clearpoke\n|poke|p1|Avalugg, L50, M|\n|poke|p1|Slowking-Galar, L50, F|\n|poke|p1|Vikavolt, L50, M|\n|poke|p1|Houndstone, L50, M|\n|poke|p1|Magnezone, L50|\n|poke|p1|Quagsire, L50, F|\n|poke|p2|Samurott-Hisui, L50, F|\n|poke|p2|Gliscor, L50, F|\n|poke|p2|Delphox, L50, F|\n|poke|p2|Ariados, L50, F|\n|poke|p2|Decidueye, L50, M|\n|poke|p2|Persian, L50, M|\n|teampreview|4\n|inactive|Battle timer is ON: inactive players will automatically lose when time's up. (requested by benjc)\n|inactiveoff|Battle timer is now OFF.\n|\n|t:|1699768193\n|start\n|switch|p1a: Slowking|Slowking-Galar, L50, F|100\/100\n|switch|p1b: Vikavolt|Vikavolt, L50, M, shiny|100\/100\n|switch|p2a: Persian|Persian, L50, M|100\/100\n|switch|p2b: Decidueye|Decidueye, L50, M|100\/100\n|turn|1\n|\n|t:|1699768245\n|switch|p1a: Avalugg|Avalugg, L50, M|100\/100\n|move|p1b: Vikavolt|Protect|p1b: Vikavolt\n|-singleturn|p1b: Vikavolt|Protect\n|move|p2a: Persian|Fake Out|p1a: Avalugg\n|-damage|p1a: Avalugg|94\/100\n|move|p2b: Decidueye|Nasty Plot|p2b: Decidueye\n|-boost|p2b: Decidueye|spa|2\n|\n|upkeep\n|turn|2\n|\n|t:|1699768264\n|move|p2a: Persian|Snarl|p1b: Vikavolt|[spread] p1a,p1b\n|-damage|p1a: Avalugg|77\/100\n|-damage|p1b: Vikavolt|89\/100\n|-unboost|p1a: Avalugg|spa|1\n|-unboost|p1b: Vikavolt|spa|1\n|move|p2b: Decidueye|Shadow Ball|p1a: Avalugg\n|-damage|p1a: Avalugg|0 fnt\n|faint|p1a: Avalugg\n|move|p1b: Vikavolt|Bug Buzz|p2b: Decidueye\n|-damage|p2b: Decidueye|54\/100\n|-damage|p1b: Vikavolt|79\/100|[from] item: Life Orb\n|\n|upkeep\n|\n|t:|1699768277\n|switch|p1a: Slowking|Slowking-Galar, L50, F|100\/100\n|turn|3\n|\n|t:|1699768309\n|move|p1a: Slowking|Helping Hand|p1b: Vikavolt\n|-singleturn|p1b: Vikavolt|Helping Hand|[of] p1a: Slowking\n|move|p2a: Persian|Snarl|p1a: Slowking|[spread] p1a,p1b\n|-supereffective|p1a: Slowking\n|-enditem|p1a: Slowking|Colbur Berry|[eat]\n|-enditem|p1a: Slowking|Colbur Berry|[weaken]\n|-damage|p1a: Slowking|92\/100\n|-damage|p1b: Vikavolt|66\/100\n|-unboost|p1a: Slowking|spa|1\n|-unboost|p1b: Vikavolt|spa|1\n|move|p2b: Decidueye|Shadow Ball|p1a: Slowking\n|-supereffective|p1a: Slowking\n|-damage|p1a: Slowking|0 fnt\n|faint|p1a: Slowking\n|cant|p1b: Vikavolt|flinch\n|\n|upkeep\n|\n|t:|1699768324\n|switch|p1a: Houndstone|Houndstone, L50, M|100\/100\n|turn|4\n|j| J4ce\n|l| J4ce\n|\n|t:|1699768344\n|switch|p2a: Ariados|Ariados, L50, F|100\/100\n|-terastallize|p1a: Houndstone|Ghost\n|move|p2b: Decidueye|Protect|p2b: Decidueye\n|-singleturn|p2b: Decidueye|Protect\n|move|p1a: Houndstone|Last Respects|p2b: Decidueye\n|-activate|p2b: Decidueye|move: Protect\n|move|p1b: Vikavolt|Thunderbolt|p2a: Ariados\n|-damage|p2a: Ariados|51\/100\n|-damage|p1b: Vikavolt|56\/100|[from] item: Life Orb\n|\n|upkeep\n|turn|5\n|\n|t:|1699768378\n|move|p2a: Ariados|Rage Powder|p2a: Ariados\n|-singleturn|p2a: Ariados|move: Rage Powder\n|move|p2b: Decidueye|Shadow Ball|p1a: Houndstone\n|-supereffective|p1a: Houndstone\n|-damage|p1a: Houndstone|0 fnt\n|faint|p1a: Houndstone\n|move|p1b: Vikavolt|Bug Buzz|p2a: Ariados\n|-resisted|p2a: Ariados\n|-damage|p2a: Ariados|27\/100\n|-damage|p1b: Vikavolt|47\/100|[from] item: Life Orb\n|\n|upkeep\n|turn|6\n|\n|t:|1699768395\n|move|p2a: Ariados|Rage Powder|p2a: Ariados\n|-singleturn|p2a: Ariados|move: Rage Powder\n|move|p2b: Decidueye|Shadow Ball|p1b: Vikavolt\n|-damage|p1b: Vikavolt|0 fnt\n|faint|p1b: Vikavolt\n|\n|win|benjc\n|c|\u2606benjc|ggs!\n","uploadtime":1699768508,"views":21,"p1id":"twodie","p2id":"benjc","formatid":"gen9vgc2023regulatione","rating":0,"private":0,"password":""}