{"id":"gen9vgc2023regulatione-1991822670","p1":"j1m13o","p2":"Gibsteroni\\","format":"[Gen 9] VGC 2023 Regulation E","log":"|j|\u2606j1m13o\n|j|\u2606Gibsteroni\\\n|t:|1700123631\n|gametype|doubles\n|player|p1|j1m13o|170|1005\n|player|p2|Gibsteroni\\|265|1142\n|teamsize|p1|6\n|teamsize|p2|6\n|gen|9\n|tier|[Gen 9] VGC 2023 Regulation E\n|rated|\n|rule|Species Clause: Limit one of each Pok\u00e9mon\n|rule|Item Clause: Limit one of each item\n|clearpoke\n|poke|p1|Ursaluna-Bloodmoon, L50, M|\n|poke|p1|Torkoal, L50, M|\n|poke|p1|Dusclops, L50, M|\n|poke|p1|Clefable, L50, F|\n|poke|p1|Clawitzer, L50, M|\n|poke|p1|Hariyama, L50, M|\n|poke|p2|Regieleki, L50|\n|poke|p2|Iron Bundle, L50|\n|poke|p2|Orthworm, L50, F|\n|poke|p2|Ursaluna, L50, M|\n|poke|p2|Indeedee-F, L50, F|\n|poke|p2|Salamence, L50, M|\n|teampreview|4\n|\n|t:|1700123667\n|start\n|switch|p1a: Mr. Hands|Dusclops, L50, M|100\/100\n|switch|p1b: Mr. Hands Sr.|Hariyama, L50, M, shiny|100\/100\n|switch|p2a: Regieleki|Regieleki, L50|100\/100\n|switch|p2b: Iron Bundle|Iron Bundle, L50|100\/100\n|-item|p2a: Regieleki|Focus Sash|[from] ability: Frisk|[of] p1a: Mr. Hands|[identify]\n|-item|p2b: Iron Bundle|Booster Energy|[from] ability: Frisk|[of] p1a: Mr. Hands|[identify]\n|-enditem|p2b: Iron Bundle|Booster Energy\n|-activate|p2b: Iron Bundle|ability: Quark Drive|[fromitem]\n|-start|p2b: Iron Bundle|quarkdrivespe\n|turn|1\n|inactive|Battle timer is ON: inactive players will automatically lose when time's up. (requested by j1m13o)\n|inactive|Gibsteroni\\ has 60 seconds left.\n|\n|t:|1700123741\n|move|p1b: Mr. Hands Sr.|Fake Out|p2a: Regieleki\n|-damage|p2a: Regieleki|72\/100\n|move|p2b: Iron Bundle|Hydro Pump|p1a: Mr. Hands\n|-damage|p1a: Mr. Hands|72\/100\n|cant|p2a: Regieleki|flinch\n|move|p1a: Mr. Hands|Taunt|p2a: Regieleki\n|-start|p2a: Regieleki|move: Taunt\n|\n|-status|p1b: Mr. Hands Sr.|brn|[from] item: Flame Orb\n|upkeep\n|turn|2\n|inactive|j1m13o has 30 seconds left.\n|inactive|Gibsteroni\\ has 30 seconds left.\n|inactive|Gibsteroni\\ has 20 seconds left.\n|inactive|Gibsteroni\\ has 15 seconds left.\n|inactive|j1m13o has 20 seconds left.\n|inactive|j1m13o has 15 seconds left.\n|inactive|j1m13o has 10 seconds left.\n|inactive|j1m13o has 5 seconds left.\n|\n|t:|1700123807\n|-terastallize|p2a: Regieleki|Electric\n|-singleturn|p1b: Mr. Hands Sr.|move: Focus Punch\n|move|p2b: Iron Bundle|Hydro Pump|p1a: Mr. Hands|[miss]\n|-miss|p2b: Iron Bundle|p1a: Mr. Hands\n|move|p2a: Regieleki|Electroweb|p1a: Mr. Hands|[spread] p1a,p1b\n|-damage|p1a: Mr. Hands|57\/100\n|-damage|p1b: Mr. Hands Sr.|63\/100 brn\n|-unboost|p1a: Mr. Hands|spe|1\n|-unboost|p1b: Mr. Hands Sr.|spe|1\n|cant|p1b: Mr. Hands Sr.|Focus Punch|Focus Punch\n|move|p1a: Mr. Hands|Trick Room|p1a: Mr. Hands\n|-fieldstart|move: Trick Room|[of] p1a: Mr. Hands\n|\n|-damage|p1b: Mr. Hands Sr.|57\/100 brn|[from] brn\n|upkeep\n|turn|3\n|inactive|Gibsteroni\\ has 30 seconds left.\n|inactive|Gibsteroni\\ has 20 seconds left.\n|inactive|Gibsteroni\\ has 15 seconds left.\n|\n|t:|1700123849\n|switch|p1b: Ursaluna|Ursaluna-Bloodmoon, L50, M|100\/100\n|-end|p2b: Iron Bundle|Quark Drive|[silent]\n|switch|p2b: Salamence|Salamence, L50, M|100\/100\n|-ability|p2b: Salamence|Intimidate|boost\n|-unboost|p1a: Mr. Hands|atk|1\n|-unboost|p1b: Ursaluna|atk|1\n|move|p1a: Mr. Hands|Protect|p1a: Mr. Hands\n|-singleturn|p1a: Mr. Hands|Protect\n|move|p2a: Regieleki|Thunderbolt|p1b: Ursaluna\n|-immune|p1b: Ursaluna\n|\n|upkeep\n|turn|4\n|inactive|Gibsteroni\\ has 30 seconds left.\n|inactive|Gibsteroni\\ has 20 seconds left.\n|inactive|Gibsteroni\\ has 15 seconds left.\n|inactive|Gibsteroni\\ has 10 seconds left.\n|\n|t:|1700123894\n|switch|p2a: Indeedee|Indeedee-F, L50, F|100\/100\n|-fieldstart|move: Psychic Terrain|[from] ability: Psychic Surge|[of] p2a: Indeedee\n|move|p1a: Mr. Hands|Helping Hand|p1b: Ursaluna\n|-singleturn|p1b: Ursaluna|Helping Hand|[of] p1a: Mr. Hands\n|move|p2b: Salamence|Protect|p2b: Salamence\n|-singleturn|p2b: Salamence|Protect\n|move|p1b: Ursaluna|Hyper Voice|p2b: Salamence|[spread] p2a\n|-activate|p2b: Salamence|move: Protect\n|-enditem|p1b: Ursaluna|Normal Gem|[from] gem\n|-damage|p2a: Indeedee|36\/100\n|\n|upkeep\n|turn|5\n|inactive|Gibsteroni\\ has 30 seconds left.\n|\n|t:|1700123922\n|switch|p2b: Regieleki|Regieleki, L50, tera:Electric|72\/100\n|move|p1a: Mr. Hands|Helping Hand|p1b: Ursaluna\n|-singleturn|p1b: Ursaluna|Helping Hand|[of] p1a: Mr. Hands\n|move|p2a: Indeedee|Protect|p2a: Indeedee\n|-singleturn|p2a: Indeedee|Protect\n|move|p1b: Ursaluna|Blood Moon|p2b: Regieleki\n|-crit|p2b: Regieleki\n|-damage|p2b: Regieleki|0 fnt\n|faint|p2b: Regieleki\n|\n|upkeep\n|\n|t:|1700123937\n|switch|p2b: Salamence|Salamence, L50, M|100\/100\n|-ability|p2b: Salamence|Intimidate|boost\n|-unboost|p1a: Mr. Hands|atk|1\n|-unboost|p1b: Ursaluna|atk|1\n|turn|6\n|\n|t:|1700123948\n|-terastallize|p1b: Ursaluna|Normal\n|move|p1a: Mr. Hands|Helping Hand|p1b: Ursaluna\n|-singleturn|p1b: Ursaluna|Helping Hand|[of] p1a: Mr. Hands\n|move|p2a: Indeedee|Protect|p2a: Indeedee\n|-singleturn|p2a: Indeedee|Protect\n|move|p2b: Salamence|Protect|p2b: Salamence\n|-singleturn|p2b: Salamence|Protect\n|move|p1b: Ursaluna|Hyper Voice|p2a: Indeedee|[spread] \n|-activate|p2a: Indeedee|move: Protect\n|-activate|p2b: Salamence|move: Protect\n|\n|-fieldend|move: Trick Room\n|upkeep\n|turn|7\n|\n|t:|1700123969\n|move|p1b: Ursaluna|Protect|p1b: Ursaluna\n|-singleturn|p1b: Ursaluna|Protect\n|move|p2b: Salamence|Dragon Dance|p2b: Salamence\n|-boost|p2b: Salamence|atk|1\n|-boost|p2b: Salamence|spe|1\n|move|p2a: Indeedee|Trick Room|p2a: Indeedee\n|-fieldstart|move: Trick Room|[of] p2a: Indeedee\n|move|p1a: Mr. Hands|Trick Room|p1a: Mr. Hands\n|-fieldend|move: Trick Room\n|\n|upkeep\n|turn|8\n|inactive|Gibsteroni\\ has 30 seconds left.\n|inactive|j1m13o has 30 seconds left.\n|inactive|Gibsteroni\\ has 20 seconds left.\n|inactive|Gibsteroni\\ has 15 seconds left.\n|inactive|j1m13o has 20 seconds left.\n|inactive|j1m13o has 15 seconds left.\n|\n|t:|1700124019\n|switch|p1b: Mr. Hands Sr.|Hariyama, L50, M, shiny|57\/100 brn\n|move|p1a: Mr. Hands|Protect|p1a: Mr. Hands\n|-singleturn|p1a: Mr. Hands|Protect\n|move|p2b: Salamence|Dual Wingbeat|p1b: Mr. Hands Sr.\n|-supereffective|p1b: Mr. Hands Sr.\n|-damage|p1b: Mr. Hands Sr.|0 fnt\n|faint|p1b: Mr. Hands Sr.\n|-hitcount|p1: Mr. Hands Sr.|1\n|move|p2a: Indeedee|Dazzling Gleam|p1a: Mr. Hands\n|-activate|p1a: Mr. Hands|move: Protect\n|\n|-fieldend|move: Psychic Terrain\n|upkeep\n|\n|t:|1700124030\n|switch|p1b: Ursaluna|Ursaluna-Bloodmoon, L50, M, tera:Normal|100\/100\n|turn|9\n|\n|t:|1700124045\n|move|p1b: Ursaluna|Protect|p1b: Ursaluna\n|-singleturn|p1b: Ursaluna|Protect\n|move|p2a: Indeedee|Follow Me|p2a: Indeedee\n|-singleturn|p2a: Indeedee|move: Follow Me\n|move|p2b: Salamence|Dual Wingbeat|p1b: Ursaluna\n|-activate|p1b: Ursaluna|move: Protect\n|move|p1a: Mr. Hands|Trick Room|p1a: Mr. Hands\n|-fieldstart|move: Trick Room|[of] p1a: Mr. Hands\n|\n|upkeep\n|turn|10\n|\n|t:|1700124055\n|move|p1a: Mr. Hands|Helping Hand|p1b: Ursaluna\n|-singleturn|p1b: Ursaluna|Helping Hand|[of] p1a: Mr. Hands\n|move|p2b: Salamence|Protect|p2b: Salamence\n|-singleturn|p2b: Salamence|Protect\n|move|p1b: Ursaluna|Hyper Voice|p2a: Indeedee|[spread] p2a\n|-activate|p2b: Salamence|move: Protect\n|-damage|p2a: Indeedee|0 fnt\n|faint|p2a: Indeedee\n|\n|upkeep\n|\n|t:|1700124065\n|switch|p2a: Iron Bundle|Iron Bundle, L50|100\/100\n|turn|11\n|\n|t:|1700124076\n|move|p1a: Mr. Hands|Helping Hand|p1b: Ursaluna\n|-singleturn|p1b: Ursaluna|Helping Hand|[of] p1a: Mr. Hands\n|move|p1b: Ursaluna|Blood Moon|p2b: Salamence\n|-damage|p2b: Salamence|0 fnt\n|faint|p2b: Salamence\n|move|p2a: Iron Bundle|Freeze-Dry|p1b: Ursaluna\n|-damage|p1b: Ursaluna|58\/100\n|-status|p1b: Ursaluna|frz\n|\n|upkeep\n|turn|12\n|\n|t:|1700124090\n|move|p1a: Mr. Hands|Helping Hand|p1b: Ursaluna\n|-singleturn|p1b: Ursaluna|Helping Hand|[of] p1a: Mr. Hands\n|-curestatus|p1b: Ursaluna|frz|[msg]\n|move|p1b: Ursaluna|Earth Power|p2a: Iron Bundle\n|-damage|p2a: Iron Bundle|0 fnt\n|faint|p2a: Iron Bundle\n|-end|p2a: Iron Bundle|Quark Drive|[silent]\n|\n|win|j1m13o\n|raw|j1m13o's rating: 1005 &rarr; <strong>1059<\/strong><br \/>(+54 for winning)\n|raw|Gibsteroni\\'s rating: 1142 &rarr; <strong>1108<\/strong><br \/>(-34 for losing)\n|c|\u2606j1m13o|wp\n|l|\u2606Gibsteroni\\\n","uploadtime":1700124103,"views":17,"p1id":"j1m13o","p2id":"gibsteroni","formatid":"gen9vgc2023regulatione","rating":1059,"private":0,"password":""}