{"id":"gen9vgc2023regulatione-1990231199","p1":"ljw91","p2":"5Sscreen","format":"[Gen 9] VGC 2023 Regulation E","log":"|j|\u2606ljw91\n|j|\u26065Sscreen\n|t:|1699941218\n|gametype|doubles\n|player|p1|ljw91|wattson|1154\n|player|p2|5Sscreen|pokekid|1225\n|teamsize|p1|6\n|teamsize|p2|6\n|gen|9\n|tier|[Gen 9] VGC 2023 Regulation E\n|rated|\n|rule|Species Clause: Limit one of each Pok\u00e9mon\n|rule|Item Clause: Limit one of each item\n|clearpoke\n|poke|p1|Gholdengo, L50|\n|poke|p1|Iron Hands, L50|\n|poke|p1|Amoonguss, L50, F|\n|poke|p1|Iron Bundle, L50|\n|poke|p1|Pelipper, L50, F|\n|poke|p1|Salamence, L50, M|\n|poke|p2|Goodra-Hisui, L50, F|\n|poke|p2|Sinistcha, L50|\n|poke|p2|Bellibolt, L50, F|\n|poke|p2|Landorus-Therian, L50, M|\n|poke|p2|Grimmsnarl, L50, M|\n|poke|p2|Corviknight, L50, F|\n|teampreview|4\nljw91 has agreed to open team sheets.\n|\n|t:|1699941267\n|start\n|switch|p1a: Iron Hands|Iron Hands, L50|100\/100\n|switch|p1b: Amoonguss|Amoonguss, L50, F|100\/100\n|switch|p2a: Grimmsnarl|Grimmsnarl, L50, M|100\/100\n|switch|p2b: Goodra|Goodra-Hisui, L50, F|100\/100\n|turn|1\n|c|\u2606ljw91|glhf\n|c|\u26065Sscreen|u too\n|\n|t:|1699941312\n|switch|p2b: Sinistcha|Sinistcha, L50|100\/100\n|move|p1a: Iron Hands|Fake Out|p2b: Sinistcha\n|-immune|p2b: Sinistcha\n|move|p2a: Grimmsnarl|Reflect|p2a: Grimmsnarl\n|-sidestart|p2: 5Sscreen|Reflect\n|move|p1b: Amoonguss|Spore|p2a: Grimmsnarl\n|-status|p2a: Grimmsnarl|slp|[from] move: Spore\n|\n|upkeep\n|turn|2\n|\n|t:|1699941335\n|cant|p2a: Grimmsnarl|slp\n|move|p2b: Sinistcha|Matcha Gotcha|p1a: Iron Hands|[spread] p1a\n|-miss|p2b: Sinistcha|p1b: Amoonguss\n|-damage|p1a: Iron Hands|86\/100\n|-status|p1a: Iron Hands|brn\n|move|p1a: Iron Hands|Heavy Slam|p2a: Grimmsnarl\n|-supereffective|p2a: Grimmsnarl\n|-damage|p2a: Grimmsnarl|67\/100 slp\n|move|p1b: Amoonguss|Pollen Puff|p2b: Sinistcha\n|-damage|p2b: Sinistcha|81\/100\n|\n|-damage|p1a: Iron Hands|80\/100 brn|[from] brn\n|upkeep\n|turn|3\n|\n|t:|1699941370\n|-end|p1a: Iron Hands|Quark Drive|[silent]\n|switch|p1a: Gholdengo|Gholdengo, L50|100\/100\n|-curestatus|p2a: Grimmsnarl|slp|[msg]\n|move|p2a: Grimmsnarl|Parting Shot|p1a: Gholdengo\n|-immune|p1a: Gholdengo|[from] ability: Good as Gold\n|move|p2b: Sinistcha|Matcha Gotcha|p1b: Amoonguss|[spread] p1a,p1b\n|-resisted|p1a: Gholdengo\n|-resisted|p1b: Amoonguss\n|-damage|p1a: Gholdengo|86\/100\n|-heal|p2b: Sinistcha|89\/100|[from] drain|[of] p1a: Gholdengo\n|-damage|p1b: Amoonguss|95\/100\n|-heal|p2b: Sinistcha|93\/100|[from] drain|[of] p1b: Amoonguss\n|move|p1b: Amoonguss|Pollen Puff|p2b: Sinistcha\n|-damage|p2b: Sinistcha|72\/100\n|\n|-heal|p1a: Gholdengo|92\/100|[from] item: Leftovers\n|upkeep\n|turn|4\n|\n|t:|1699941398\n|move|p2b: Sinistcha|Protect|p2b: Sinistcha\n|-singleturn|p2b: Sinistcha|Protect\n|move|p2a: Grimmsnarl|Light Screen|p2a: Grimmsnarl\n|-sidestart|p2: 5Sscreen|move: Light Screen\n|move|p1a: Gholdengo|Nasty Plot|p1a: Gholdengo\n|-boost|p1a: Gholdengo|spa|2\n|move|p1b: Amoonguss|Spore|p2a: Grimmsnarl\n|-status|p2a: Grimmsnarl|slp|[from] move: Spore\n|\n|-heal|p1a: Gholdengo|98\/100|[from] item: Leftovers\n|upkeep\n|turn|5\n|\n|t:|1699941422\n|switch|p2b: Bellibolt|Bellibolt, L50, F|100\/100\n|switch|p2a: Goodra|Goodra-Hisui, L50, F|100\/100\n|move|p1a: Gholdengo|Shadow Ball|p2b: Bellibolt\n|-damage|p2b: Bellibolt|65\/100\n|-start|p2b: Bellibolt|Charge|Shadow Ball|[from] ability: Electromorphosis\n|move|p1b: Amoonguss|Pollen Puff|p2a: Goodra\n|-resisted|p2a: Goodra\n|-damage|p2a: Goodra|97\/100\n|\n|-heal|p1a: Gholdengo|100\/100|[from] item: Leftovers\n|-heal|p2a: Goodra|100\/100|[from] item: Leftovers\n|upkeep\n|turn|6\n|\n|t:|1699941456\n|move|p1a: Gholdengo|Nasty Plot|p1a: Gholdengo\n|-boost|p1a: Gholdengo|spa|2\n|move|p2a: Goodra|Heavy Slam|p1b: Amoonguss\n|-damage|p1b: Amoonguss|60\/100\n|move|p2b: Bellibolt|Thunderbolt|p1a: Gholdengo\n|-damage|p1a: Gholdengo|25\/100\n|-status|p1a: Gholdengo|par\n|-end|p2b: Bellibolt|Charge|[silent]\n|move|p1b: Amoonguss|Spore|p2b: Bellibolt\n|-status|p2b: Bellibolt|slp|[from] move: Spore\n|\n|-heal|p1a: Gholdengo|31\/100 par|[from] item: Leftovers\n|upkeep\n|turn|7\n|\n|t:|1699941476\n|move|p2a: Goodra|Heavy Slam|p1a: Gholdengo\n|-resisted|p1a: Gholdengo\n|-damage|p1a: Gholdengo|9\/100 par\n|move|p1a: Gholdengo|Make It Rain|p2b: Bellibolt|[spread] p2a,p2b\n|-resisted|p2a: Goodra\n|-resisted|p2b: Bellibolt\n|-damage|p2a: Goodra|68\/100\n|-damage|p2b: Bellibolt|38\/100 slp\n|-unboost|p1a: Gholdengo|spa|1\n|-start|p2b: Bellibolt|Charge|Make It Rain|[from] ability: Electromorphosis\n|cant|p2b: Bellibolt|slp\n|-end|p2b: Bellibolt|Charge|[silent]\n|move|p1b: Amoonguss|Pollen Puff|p1a: Gholdengo\n|-heal|p1a: Gholdengo|59\/100 par\n|\n|-heal|p2a: Goodra|74\/100|[from] item: Leftovers\n|-heal|p1a: Gholdengo|65\/100 par|[from] item: Leftovers\n|upkeep\n|turn|8\n|\n|t:|1699941500\n|move|p2a: Goodra|Heavy Slam|p1a: Gholdengo\n|-resisted|p1a: Gholdengo\n|-damage|p1a: Gholdengo|45\/100 par\n|move|p1a: Gholdengo|Nasty Plot|p1a: Gholdengo\n|-boost|p1a: Gholdengo|spa|2\n|cant|p2b: Bellibolt|slp\n|move|p1b: Amoonguss|Pollen Puff|p1a: Gholdengo\n|-heal|p1a: Gholdengo|95\/100 par\n|\n|-heal|p2a: Goodra|80\/100|[from] item: Leftovers\n|-heal|p1a: Gholdengo|100\/100 par|[from] item: Leftovers\n|-sideend|p2: 5Sscreen|Reflect\n|upkeep\n|turn|9\n|\n|t:|1699941521\n|switch|p1b: Iron Hands|Iron Hands, L50|80\/100 brn\n|move|p2a: Goodra|Heavy Slam|p1a: Gholdengo\n|-resisted|p1a: Gholdengo\n|-damage|p1a: Gholdengo|79\/100 par\n|cant|p1a: Gholdengo|par\n|cant|p2b: Bellibolt|slp\n|\n|-heal|p2a: Goodra|86\/100|[from] item: Leftovers\n|-heal|p1a: Gholdengo|85\/100 par|[from] item: Leftovers\n|-damage|p1b: Iron Hands|74\/100 brn|[from] brn\n|upkeep\n|turn|10\n|\n|t:|1699941538\n|switch|p2a: Sinistcha|Sinistcha, L50|72\/100\n|-heal|p2b: Bellibolt|63\/100 slp|[from] ability: Hospitality|[of] p2a: Sinistcha\n|move|p1b: Iron Hands|Fake Out|p2a: Sinistcha\n|-immune|p2a: Sinistcha\n|move|p1a: Gholdengo|Shadow Ball|p2b: Bellibolt\n|-damage|p2b: Bellibolt|2\/100 slp\n|-start|p2b: Bellibolt|Charge|Shadow Ball|[from] ability: Electromorphosis\n|-curestatus|p2b: Bellibolt|slp|[msg]\n|move|p2b: Bellibolt|Thunderbolt|p1a: Gholdengo\n|-damage|p1a: Gholdengo|14\/100 par\n|-end|p2b: Bellibolt|Charge|[silent]\n|\n|-heal|p1a: Gholdengo|20\/100 par|[from] item: Leftovers\n|-damage|p1b: Iron Hands|68\/100 brn|[from] brn\n|upkeep\n|turn|11\n|\n|t:|1699941562\n|-end|p1b: Iron Hands|Quark Drive|[silent]\n|switch|p1b: Amoonguss|Amoonguss, L50, F|94\/100\n|switch|p2b: Grimmsnarl|Grimmsnarl, L50, M|67\/100 slp\n|move|p1a: Gholdengo|Protect|p1a: Gholdengo\n|-singleturn|p1a: Gholdengo|Protect\n|move|p2a: Sinistcha|Hex|p1a: Gholdengo\n|-activate|p1a: Gholdengo|move: Protect\n|\n|-heal|p1a: Gholdengo|26\/100 par|[from] item: Leftovers\n|-sideend|p2: 5Sscreen|move: Light Screen\n|upkeep\n|turn|12\n|\n|t:|1699941596\n|-terastallize|p1a: Gholdengo|Dragon\n|cant|p2b: Grimmsnarl|slp\n|move|p2a: Sinistcha|Hex|p1a: Gholdengo\n|-damage|p1a: Gholdengo|0 fnt\n|faint|p1a: Gholdengo\n|move|p1b: Amoonguss|Pollen Puff|p1: Gholdengo|[notarget]\n|-fail|p1b: Amoonguss\n|\n|upkeep\n|\n|t:|1699941606\n|switch|p1a: Iron Bundle|Iron Bundle, L50|100\/100\n|-enditem|p1a: Iron Bundle|Booster Energy\n|-activate|p1a: Iron Bundle|ability: Quark Drive|[fromitem]\n|-start|p1a: Iron Bundle|quarkdrivespe\n|turn|13\n|\n|t:|1699941628\n|move|p2a: Sinistcha|Protect|p2a: Sinistcha\n|-singleturn|p2a: Sinistcha|Protect\n|-curestatus|p2b: Grimmsnarl|slp|[msg]\n|move|p2b: Grimmsnarl|Light Screen|p2b: Grimmsnarl\n|-sidestart|p2: 5Sscreen|move: Light Screen\n|move|p1a: Iron Bundle|Icy Wind|p2a: Sinistcha|[spread] p2b\n|-activate|p2a: Sinistcha|move: Protect\n|-damage|p2b: Grimmsnarl|57\/100\n|-unboost|p2b: Grimmsnarl|spe|1\n|move|p1b: Amoonguss|Pollen Puff|p2a: Sinistcha\n|-activate|p2a: Sinistcha|move: Protect\n|\n|upkeep\n|turn|14\n|\n|t:|1699941661\n|-terastallize|p2a: Sinistcha|Water\n|move|p2a: Sinistcha|Rage Powder|p2a: Sinistcha\n|-singleturn|p2a: Sinistcha|move: Rage Powder\n|move|p1a: Iron Bundle|Freeze-Dry|p2a: Sinistcha\n|-supereffective|p2a: Sinistcha\n|-damage|p2a: Sinistcha|27\/100\n|-enditem|p2a: Sinistcha|Sitrus Berry|[eat]\n|-heal|p2a: Sinistcha|52\/100|[from] item: Sitrus Berry\n|move|p2b: Grimmsnarl|Spirit Break|p1a: Iron Bundle\n|-damage|p1a: Iron Bundle|70\/100\n|-unboost|p1a: Iron Bundle|spa|1\n|move|p1b: Amoonguss|Pollen Puff|p2a: Sinistcha\n|-damage|p2a: Sinistcha|40\/100\n|\n|upkeep\n|turn|15\n|\n|t:|1699941681\n|-end|p1a: Iron Bundle|Quark Drive|[silent]\n|switch|p1a: Iron Hands|Iron Hands, L50|68\/100 brn\n|move|p2a: Sinistcha|Protect|p2a: Sinistcha\n|-singleturn|p2a: Sinistcha|Protect\n|move|p2b: Grimmsnarl|Parting Shot|p1a: Iron Hands\n|-unboost|p1a: Iron Hands|atk|1\n|-unboost|p1a: Iron Hands|spa|1\n|\n|t:|1699941691\n|switch|p2b: Goodra|Goodra-Hisui, L50, F|86\/100|[from] Parting Shot\n|move|p1b: Amoonguss|Spore|p2a: Sinistcha\n|-activate|p2a: Sinistcha|move: Protect\n|\n|-heal|p2b: Goodra|93\/100|[from] item: Leftovers\n|-damage|p1a: Iron Hands|61\/100 brn|[from] brn\n|upkeep\n|turn|16\n|\n|t:|1699941717\n|switch|p2a: Bellibolt|Bellibolt, L50, F|2\/100\n|move|p1a: Iron Hands|Fake Out|p2a: Bellibolt\n|-damage|p2a: Bellibolt|0 fnt\n|faint|p2a: Bellibolt\n|move|p2b: Goodra|Body Press|p1a: Iron Hands\n|-damage|p1a: Iron Hands|44\/100 brn\n|move|p1b: Amoonguss|Spore|p2b: Goodra\n|-status|p2b: Goodra|slp|[from] move: Spore\n|\n|-heal|p2b: Goodra|99\/100 slp|[from] item: Leftovers\n|-damage|p1a: Iron Hands|38\/100 brn|[from] brn\n|upkeep\n|\n|t:|1699941729\n|switch|p2a: Grimmsnarl|Grimmsnarl, L50, M|57\/100\n|turn|17\n|\n|t:|1699941747\n|-end|p1a: Iron Hands|Quark Drive|[silent]\n|switch|p1a: Iron Bundle|Iron Bundle, L50|70\/100\n|move|p2a: Grimmsnarl|Reflect|p2a: Grimmsnarl\n|-sidestart|p2: 5Sscreen|Reflect\n|cant|p2b: Goodra|slp\n|move|p1b: Amoonguss|Spore|p2a: Grimmsnarl\n|-status|p2a: Grimmsnarl|slp|[from] move: Spore\n|\n|-heal|p2b: Goodra|100\/100 slp|[from] item: Leftovers\n|upkeep\n|turn|18\n|\n|t:|1699941768\n|cant|p2a: Grimmsnarl|slp\n|move|p1a: Iron Bundle|Icy Wind|p2b: Goodra|[spread] p2a,p2b\n|-damage|p2a: Grimmsnarl|47\/100 slp\n|-damage|p2b: Goodra|92\/100 slp\n|-unboost|p2a: Grimmsnarl|spe|1\n|-unboost|p2b: Goodra|spe|1\n|cant|p2b: Goodra|slp\n|move|p1b: Amoonguss|Pollen Puff|p1a: Iron Bundle\n|-heal|p1a: Iron Bundle|100\/100\n|\n|-heal|p2b: Goodra|98\/100 slp|[from] item: Leftovers\n|upkeep\n|turn|19\n|\n|t:|1699941787\n|switch|p1b: Iron Hands|Iron Hands, L50|38\/100 brn\n|-curestatus|p2a: Grimmsnarl|slp|[msg]\n|move|p2a: Grimmsnarl|Parting Shot|p1a: Iron Bundle\n|-unboost|p1a: Iron Bundle|atk|1\n|-unboost|p1a: Iron Bundle|spa|1\n|\n|t:|1699941794\n|switch|p2a: Sinistcha|Sinistcha, L50, tera:Water|40\/100|[from] Parting Shot\n|-heal|p2b: Goodra|100\/100 slp|[from] ability: Hospitality|[of] p2a: Sinistcha\n|move|p1a: Iron Bundle|Freeze-Dry|p2a: Sinistcha\n|-supereffective|p2a: Sinistcha\n|-damage|p2a: Sinistcha|12\/100\n|cant|p2b: Goodra|slp\n|\n|-damage|p1b: Iron Hands|31\/100 brn|[from] brn\n|upkeep\n|turn|20\n|\n|t:|1699941813\n|-end|p1a: Iron Bundle|Quark Drive|[silent]\n|switch|p1a: Amoonguss|Amoonguss, L50, F|100\/100\n|move|p2a: Sinistcha|Protect|p2a: Sinistcha\n|-singleturn|p2a: Sinistcha|Protect\n|move|p1b: Iron Hands|Drain Punch|p2b: Goodra\n|-supereffective|p2b: Goodra\n|-damage|p2b: Goodra|79\/100 slp\n|-heal|p1b: Iron Hands|39\/100 brn|[from] drain|[of] p2b: Goodra\n|-curestatus|p2b: Goodra|slp|[msg]\n|move|p2b: Goodra|Life Dew|p2b: Goodra|[spread] p2a,p2b\n|-heal|p2a: Sinistcha|38\/100\n|-heal|p2b: Goodra|100\/100\n|\n|-damage|p1b: Iron Hands|33\/100 brn|[from] brn\n|-sideend|p2: 5Sscreen|move: Light Screen\n|upkeep\n|turn|21\n|\n|t:|1699941843\n|move|p2a: Sinistcha|Rage Powder|p2a: Sinistcha\n|-singleturn|p2a: Sinistcha|move: Rage Powder\n|move|p1b: Iron Hands|Drain Punch|p2a: Sinistcha\n|-damage|p2a: Sinistcha|26\/100\n|-heal|p1b: Iron Hands|38\/100 brn|[from] drain|[of] p2a: Sinistcha\n|move|p2b: Goodra|Shelter|p2b: Goodra\n|-boost|p2b: Goodra|def|2\n|move|p1a: Amoonguss|Spore|p2a: Sinistcha\n|-status|p2a: Sinistcha|slp|[from] move: Spore\n|\n|-damage|p1b: Iron Hands|31\/100 brn|[from] brn\n|upkeep\n|turn|22\n|\n|t:|1699941860\n|switch|p2a: Grimmsnarl|Grimmsnarl, L50, M|47\/100\n|move|p1b: Iron Hands|Wild Charge|p2a: Grimmsnarl\n|-damage|p2a: Grimmsnarl|29\/100\n|-damage|p1b: Iron Hands|28\/100 brn|[from] Recoil\n|move|p2b: Goodra|Body Press|p1b: Iron Hands\n|-damage|p1b: Iron Hands|0 fnt\n|faint|p1b: Iron Hands\n|-end|p1b: Iron Hands|Quark Drive|[silent]\n|move|p1a: Amoonguss|Spore|p2b: Goodra\n|-status|p2b: Goodra|slp|[from] move: Spore\n|\n|upkeep\n|\n|t:|1699941873\n|switch|p1b: Iron Bundle|Iron Bundle, L50|100\/100\n|turn|23\n|\n|t:|1699941898\n|move|p1b: Iron Bundle|Protect|p1b: Iron Bundle\n|-singleturn|p1b: Iron Bundle|Protect\n|move|p2a: Grimmsnarl|Parting Shot|p1b: Iron Bundle\n|-activate|p1b: Iron Bundle|move: Protect\n|cant|p2b: Goodra|slp\n|move|p1a: Amoonguss|Spore|p2a: Grimmsnarl\n|-status|p2a: Grimmsnarl|slp|[from] move: Spore\n|\n|upkeep\n|turn|24\n|\n|t:|1699941921\n|cant|p2a: Grimmsnarl|slp\n|move|p1b: Iron Bundle|Freeze-Dry|p2a: Grimmsnarl\n|-damage|p2a: Grimmsnarl|3\/100 slp\n|cant|p2b: Goodra|slp\n|move|p1a: Amoonguss|Pollen Puff|p2a: Grimmsnarl\n|-damage|p2a: Grimmsnarl|0 fnt\n|faint|p2a: Grimmsnarl\n|\n|-sideend|p2: 5Sscreen|Reflect\n|upkeep\n|\n|t:|1699941932\n|switch|p2a: Sinistcha|Sinistcha, L50, tera:Water|26\/100 slp\n|turn|25\n|\n|t:|1699941948\n|cant|p2a: Sinistcha|slp\n|move|p1b: Iron Bundle|Icy Wind|p2b: Goodra|[spread] p2a,p2b\n|-resisted|p2a: Sinistcha\n|-damage|p2a: Sinistcha|16\/100 slp\n|-damage|p2b: Goodra|89\/100 slp\n|-unboost|p2a: Sinistcha|spe|1\n|-unboost|p2b: Goodra|spe|1\n|move|p1a: Amoonguss|Spore|p2b: Goodra\n|-fail|p2b: Goodra|slp\n|cant|p2b: Goodra|slp\n|\n|-heal|p2b: Goodra|95\/100 slp|[from] item: Leftovers\n|upkeep\n|turn|26\n|\n|t:|1699941980\n|cant|p2a: Sinistcha|slp\n|move|p1a: Amoonguss|Rage Powder|p1a: Amoonguss\n|-singleturn|p1a: Amoonguss|move: Rage Powder\n|move|p1b: Iron Bundle|Freeze-Dry|p2a: Sinistcha\n|-supereffective|p2a: Sinistcha\n|-damage|p2a: Sinistcha|0 fnt\n|faint|p2a: Sinistcha\n|-curestatus|p2b: Goodra|slp|[msg]\n|move|p2b: Goodra|Body Press|p1a: Amoonguss\n|-resisted|p1a: Amoonguss\n|-damage|p1a: Amoonguss|81\/100\n|\n|-heal|p2b: Goodra|100\/100|[from] item: Leftovers\n|upkeep\n|turn|27\n|c|\u26065Sscreen|long game= =\n|-message|5Sscreen forfeited.\n|\n|win|ljw91\n|raw|ljw91's rating: 1154 &rarr; <strong>1184<\/strong><br \/>(+30 for winning)\n|raw|5Sscreen's rating: 1225 &rarr; <strong>1195<\/strong><br \/>(-30 for losing)\n|c|\u2606ljw91|gg\n","uploadtime":1699942014,"views":7,"p1id":"ljw91","p2id":"5sscreen","formatid":"gen9vgc2023regulatione","rating":1184,"private":0,"password":""}