{"id":"gen9vgc2023regulatione-1994480727","p1":"Aquarsene","p2":"Daniel1018","format":"[Gen 9] VGC 2023 Regulation E","log":"|j|\u2606Aquarsene\n|j|\u2606Daniel1018\n|n|\u2606Aquarsene|aquarsene\n|n|\u2606Daniel1018|daniel1018\n|html|View the match progress at <a href=\"\/game-bestof3-gen9vgc2023regulatione-1994480726\">game-bestof3-gen9vgc2023regulatione-1994480726<\/a>\n|t:|1700448870\n|gametype|doubles\n|player|p1|Aquarsene|102|\n|player|p2|Daniel1018|volo-ginkgo|\n|teamsize|p1|6\n|teamsize|p2|6\n|gen|9\n|tier|[Gen 9] VGC 2023 Regulation E\n|rule|Species Clause: Limit one of each Pok\u00e9mon\n|rule|Item Clause: Limit one of each item\n|clearpoke\n|poke|p1|Murkrow, L50, F|\n|poke|p1|Great Tusk, L50|\n|poke|p1|Slowking, L50, F|\n|poke|p1|Hydreigon, L50, F|\n|poke|p1|Gholdengo, L50|\n|poke|p1|Ninetales-Alola, L50, M|\n|poke|p2|Cresselia, L50, F|\n|poke|p2|Ursaluna-Bloodmoon, L50, M|\n|poke|p2|Iron Hands, L50|\n|poke|p2|Slowbro, L50, F|\n|poke|p2|Sylveon, L50, M|\n|poke|p2|Glastrier, L50|\n|teampreview|4\n|inactive|Battle timer is ON: inactive players will automatically lose when time's up. (requested by Daniel1018)\n|j| SCRUMPTIOUSBREAD\n|c|\u2606Daniel1018|glhf\nDaniel1018 rejected open team sheets.\n|inactiveoff|Battle timer is now OFF.\n|c|\u2606Aquarsene|glhf :)\n|\n|t:|1700448902\n|start\n|switch|p1a: Slowking|Slowking, L50, F|100\/100\n|switch|p1b: Gholdengo|Gholdengo, L50|100\/100\n|switch|p2a: Artemis|Cresselia, L50, F, shiny|100\/100\n|switch|p2b: Zeus|Iron Hands, L50|100\/100\n|turn|1\n|\n|t:|1700448918\n|move|p2b: Zeus|Fake Out|p1a: Slowking\n|-damage|p1a: Slowking|87\/100\n|move|p1b: Gholdengo|Shadow Ball|p2a: Artemis\n|-supereffective|p2a: Artemis\n|-damage|p2a: Artemis|55\/100\n|cant|p1a: Slowking|flinch\n|move|p2a: Artemis|Trick Room|p2a: Artemis\n|-fieldstart|move: Trick Room|[of] p2a: Artemis\n|\n|-heal|p2a: Artemis|61\/100|[from] item: Leftovers\n|upkeep\n|turn|2\n|\n|t:|1700448936\n|move|p2b: Zeus|Fire Punch|p1b: Gholdengo\n|-supereffective|p1b: Gholdengo\n|-damage|p1b: Gholdengo|45\/100\n|move|p2a: Artemis|Lunar Blessing|p2a: Artemis|[spread] p2a,p2b\n|-heal|p2a: Artemis|86\/100\n|move|p1b: Gholdengo|Dazzling Gleam|p2b: Zeus|[spread] p2a,p2b\n|-supereffective|p2b: Zeus\n|-damage|p2a: Artemis|76\/100\n|-damage|p2b: Zeus|75\/100\n|move|p1a: Slowking|Trick Room|p1a: Slowking\n|-fieldend|move: Trick Room\n|\n|-heal|p1b: Gholdengo|51\/100|[from] item: Leftovers\n|-heal|p2a: Artemis|82\/100|[from] item: Leftovers\n|upkeep\n|turn|3\n|\n|t:|1700448970\n|move|p1b: Gholdengo|Shadow Ball|p2b: Zeus\n|-damage|p2b: Zeus|49\/100\n|move|p2a: Artemis|Lunar Blessing|p2a: Artemis|[spread] p2a,p2b\n|-heal|p2a: Artemis|100\/100\n|-heal|p2b: Zeus|74\/100\n|move|p2b: Zeus|Wild Charge|p1a: Slowking\n|-supereffective|p1a: Slowking\n|-damage|p1a: Slowking|3\/100\n|-damage|p2b: Zeus|57\/100|[from] Recoil\n|move|p1a: Slowking|Heal Pulse|p1b: Gholdengo\n|-immune|p1b: Gholdengo|[from] ability: Good as Gold\n|\n|-heal|p1b: Gholdengo|57\/100|[from] item: Leftovers\n|upkeep\n|turn|4\n|\n|t:|1700449007\n|switch|p1a: Hydreigon|Hydreigon, L50, F|100\/100\n|move|p1b: Gholdengo|Shadow Ball|p2b: Zeus\n|-damage|p2b: Zeus|28\/100\n|-unboost|p2b: Zeus|spd|1\n|move|p2b: Zeus|Fire Punch|p1a: Hydreigon\n|-resisted|p1a: Hydreigon\n|-damage|p1a: Hydreigon|83\/100\n|move|p2a: Artemis|Trick Room|p2a: Artemis\n|-fieldstart|move: Trick Room|[of] p2a: Artemis\n|\n|-heal|p1b: Gholdengo|63\/100|[from] item: Leftovers\n|upkeep\n|turn|5\n|\n|t:|1700449035\n|-terastallize|p1a: Hydreigon|Steel\n|move|p2a: Artemis|Ally Switch|p2a: Artemis\n|swap|p2a: Artemis|1|[from] move: Ally Switch\n|move|p2a: Zeus|Fire Punch|p1b: Gholdengo\n|-supereffective|p1b: Gholdengo\n|-damage|p1b: Gholdengo|5\/100\n|move|p1b: Gholdengo|Shadow Ball|p2b: Artemis\n|-supereffective|p2b: Artemis\n|-damage|p2b: Artemis|56\/100\n|-unboost|p2b: Artemis|spd|1\n|move|p1a: Hydreigon|Dark Pulse|p2a: Zeus\n|-resisted|p2a: Zeus\n|-damage|p2a: Zeus|1\/100\n|-damage|p1a: Hydreigon|73\/100|[from] item: Life Orb\n|\n|-heal|p2b: Artemis|62\/100|[from] item: Leftovers\n|-heal|p1b: Gholdengo|11\/100|[from] item: Leftovers\n|upkeep\n|turn|6\n|\n|t:|1700449115\n|move|p1b: Gholdengo|Protect|p1b: Gholdengo\n|-singleturn|p1b: Gholdengo|Protect\n|move|p2a: Zeus|Brick Break|p1a: Hydreigon\n|-supereffective|p1a: Hydreigon\n|-damage|p1a: Hydreigon|0 fnt\n|faint|p1a: Hydreigon\n|move|p2b: Artemis|Lunar Blessing|p2b: Artemis|[spread] p2a,p2b\n|-heal|p2a: Zeus|26\/100\n|-heal|p2b: Artemis|87\/100\n|\n|-heal|p2b: Artemis|93\/100|[from] item: Leftovers\n|-heal|p1b: Gholdengo|17\/100|[from] item: Leftovers\n|upkeep\n|\n|t:|1700449127\n|switch|p1a: Great Tusk|Great Tusk, L50|100\/100\n|turn|7\n|\n|t:|1700449150\n|-terastallize|p2b: Artemis|Poison\n|move|p2a: Zeus|Fire Punch|p1b: Gholdengo\n|-supereffective|p1b: Gholdengo\n|-damage|p1b: Gholdengo|0 fnt\n|faint|p1b: Gholdengo\n|move|p2b: Artemis|Psychic|p1a: Great Tusk\n|-supereffective|p1a: Great Tusk\n|-damage|p1a: Great Tusk|50\/100\n|move|p1a: Great Tusk|Headlong Rush|p2a: Zeus\n|-supereffective|p2a: Zeus\n|-damage|p2a: Zeus|0 fnt\n|-unboost|p1a: Great Tusk|def|1\n|-unboost|p1a: Great Tusk|spd|1\n|faint|p2a: Zeus\n|-end|p2a: Zeus|Quark Drive|[silent]\n|\n|-heal|p2b: Artemis|99\/100|[from] item: Leftovers\n|upkeep\n|\n|t:|1700449170\n|switch|p2a: Mor'Du|Ursaluna-Bloodmoon, L50, M|100\/100\n|switch|p1b: Slowking|Slowking, L50, F|36\/100\n|turn|8\n|\n|t:|1700449191\n|move|p1b: Slowking|Heal Pulse|p1a: Great Tusk\n|-heal|p1a: Great Tusk|99\/100\n|move|p2a: Mor'Du|Blood Moon|p1b: Slowking\n|-damage|p1b: Slowking|0 fnt\n|faint|p1b: Slowking\n|-damage|p2a: Mor'Du|90\/100|[from] item: Life Orb\n|move|p2b: Artemis|Psychic|p1a: Great Tusk\n|-supereffective|p1a: Great Tusk\n|-damage|p1a: Great Tusk|18\/100\n|move|p1a: Great Tusk|Close Combat|p2a: Mor'Du\n|-supereffective|p2a: Mor'Du\n|-damage|p2a: Mor'Du|0 fnt\n|-unboost|p1a: Great Tusk|def|1\n|-unboost|p1a: Great Tusk|spd|1\n|faint|p2a: Mor'Du\n|\n|-heal|p2b: Artemis|100\/100|[from] item: Leftovers\n|-fieldend|move: Trick Room\n|upkeep\n|\n|t:|1700449204\n|switch|p2a: Argo|Slowbro, L50, F|100\/100\n|turn|9\n|\n|t:|1700449217\n|move|p1a: Great Tusk|Earthquake|p2b: Artemis|[spread] p2a\n|-immune|p2b: Artemis|[from] ability: Levitate\n|-damage|p2a: Argo|77\/100\n|move|p2b: Artemis|Psychic|p1a: Great Tusk\n|-supereffective|p1a: Great Tusk\n|-damage|p1a: Great Tusk|0 fnt\n|faint|p1a: Great Tusk\n|-end|p1a: Great Tusk|Protosynthesis|[silent]\n|\n|win|Daniel1018\n|c|&|\/uhtml prompt-aquarsene,Aquarsene is ready for game 2!\n|inactive|Daniel1018 has 50 seconds to confirm battle start!\n|c|&|\/uhtml prompt-daniel1018,Daniel1018 is ready for game 2!\nBoth players are ready! Starting next match!\n","uploadtime":1700449227,"views":16,"p1id":"aquarsene","p2id":"daniel1018","formatid":"gen9vgc2023regulatione","rating":0,"private":0,"password":""}