{"id":"gen9vgc2023regulatione-1997411839","p1":"jasonrfry1","p2":"zhz2021","format":"[Gen 9] VGC 2023 Regulation E","log":"|j|\u2606jasonrfry1\n|j|\u2606zhz2021\n|t:|1700801005\n|gametype|doubles\n|player|p1|jasonrfry1|bugcatcher-gen4dp|1560\n|player|p2|zhz2021|marley|1695\n|teamsize|p1|6\n|teamsize|p2|6\n|gen|9\n|tier|[Gen 9] VGC 2023 Regulation E\n|rated|\n|rule|Species Clause: Limit one of each Pok\u00e9mon\n|rule|Item Clause: Limit one of each item\n|clearpoke\n|poke|p1|Mimikyu, L50, F|\n|poke|p1|Enamorus-Therian, L50, F|\n|poke|p1|Iron Hands, L50|\n|poke|p1|Chesnaught, L50, F|\n|poke|p1|Overqwil, L50, M|\n|poke|p1|Spectrier, L50|\n|poke|p2|Weezing-Galar, L50, F|\n|poke|p2|Flutter Mane, L50|\n|poke|p2|Roaring Moon, L50|\n|poke|p2|Iron Hands, L50|\n|poke|p2|Arcanine-Hisui, L50, M|\n|poke|p2|Brambleghast, L50, F|\n|teampreview|4\n|inactive|Battle timer is ON: inactive players will automatically lose when time's up. (requested by jasonrfry1)\n|\n|t:|1700801038\n|start\n|switch|p1a: Mimikyu|Mimikyu, L50, F, shiny|100\/100\n|switch|p1b: Iron Hands|Iron Hands, L50, shiny|100\/100\n|switch|p2a: Victroria Moon|Roaring Moon, L50|100\/100\n|switch|p2b: Gladstone&Disraeli|Weezing-Galar, L50, F|100\/100\n|-ability|p2b: Gladstone&Disraeli|Neutralizing Gas\n|-enditem|p2a: Victroria Moon|Booster Energy\n|-activate|p2a: Victroria Moon|ability: Protosynthesis|[fromitem]\n|-start|p2a: Victroria Moon|protosynthesisspe\n|turn|1\n|\n|t:|1700801050\n|-terastallize|p2a: Victroria Moon|Ghost\n|-terastallize|p1b: Iron Hands|Fire\n|move|p2a: Victroria Moon|Knock Off|p1a: Mimikyu\n|-activate|p1a: Mimikyu|ability: Disguise\n|-damage|p1a: Mimikyu|100\/100\n|-enditem|p1a: Mimikyu|Mental Herb|[from] move: Knock Off|[of] p2a: Victroria Moon\n|detailschange|p1a: Mimikyu|Mimikyu-Busted, L50, F, shiny\n|-damage|p1a: Mimikyu|88\/100|[from] pokemon: Mimikyu-Busted\n|move|p2b: Gladstone&Disraeli|Taunt|p1a: Mimikyu\n|-start|p1a: Mimikyu|move: Taunt\n|move|p1b: Iron Hands|Swords Dance|p1b: Iron Hands\n|-boost|p1b: Iron Hands|atk|2\n|cant|p1a: Mimikyu|move: Taunt|Trick Room\n|\n|upkeep\n|turn|2\n|inactive|zhz2021 has 30 seconds left.\n|inactive|zhz2021 has 20 seconds left.\n|\n|t:|1700801089\n|move|p1a: Mimikyu|Shadow Sneak|p2a: Victroria Moon\n|-supereffective|p2a: Victroria Moon\n|-damage|p2a: Victroria Moon|67\/100\n|move|p2a: Victroria Moon|Stomping Tantrum|p1b: Iron Hands\n|-supereffective|p1b: Iron Hands\n|-damage|p1b: Iron Hands|61\/100\n|move|p2b: Gladstone&Disraeli|Will-O-Wisp|p1a: Mimikyu\n|-status|p1a: Mimikyu|brn\n|move|p1b: Iron Hands|Earthquake|p2b: Gladstone&Disraeli|[spread] p1a,p2a,p2b\n|-supereffective|p2b: Gladstone&Disraeli\n|-damage|p1a: Mimikyu|21\/100 brn\n|-damage|p2a: Victroria Moon|4\/100\n|-damage|p2b: Gladstone&Disraeli|0 fnt\n|faint|p2b: Gladstone&Disraeli\n|-end|p2b: Gladstone&Disraeli|ability: Neutralizing Gas\n|\n|-damage|p1a: Mimikyu|15\/100 brn|[from] brn\n|upkeep\n|\n|t:|1700801107\n|switch|p2b: Arcueid|Flutter Mane, L50|100\/100\n|turn|3\n|\n|t:|1700801116\n|-end|p2a: Victroria Moon|Protosynthesis|[silent]\n|switch|p2a: Iron Hands|Iron Hands, L50|100\/100\n|move|p1a: Mimikyu|Shadow Sneak|p2a: Iron Hands\n|-crit|p2a: Iron Hands\n|-damage|p2a: Iron Hands|93\/100\n|-damage|p1a: Mimikyu|0 fnt|[from] item: Rocky Helmet|[of] p2a: Iron Hands\n|faint|p1a: Mimikyu\n|move|p2b: Arcueid|Shadow Ball|p1b: Iron Hands\n|-damage|p1b: Iron Hands|18\/100\n|move|p1b: Iron Hands|Earthquake|p2a: Iron Hands|[spread] p2a,p2b\n|-supereffective|p2a: Iron Hands\n|-damage|p2a: Iron Hands|14\/100\n|-damage|p2b: Arcueid|0 fnt\n|faint|p2b: Arcueid\n|-end|p2b: Arcueid|Protosynthesis|[silent]\n|\n|upkeep\n|\n|t:|1700801128\n|switch|p2b: Victroria Moon|Roaring Moon, L50, tera:Ghost|4\/100\n|switch|p1a: Spectrier|Spectrier, L50|100\/100\n|turn|4\n|\n|t:|1700801138\n|switch|p1a: Enamorus|Enamorus-Therian, L50, F, shiny|100\/100\n|move|p2b: Victroria Moon|Knock Off|p1a: Enamorus\n|-resisted|p1a: Enamorus\n|-damage|p1a: Enamorus|78\/100\n|-enditem|p1a: Enamorus|Life Orb|[from] move: Knock Off|[of] p2b: Victroria Moon\n|move|p2a: Iron Hands|Drain Punch|p1b: Iron Hands\n|-damage|p1b: Iron Hands|0 fnt\n|-heal|p2a: Iron Hands|23\/100|[from] drain|[of] p1b: Iron Hands\n|faint|p1b: Iron Hands\n|-end|p1b: Iron Hands|Quark Drive|[silent]\n|\n|upkeep\n|\n|t:|1700801141\n|switch|p1b: Spectrier|Spectrier, L50|100\/100\n|turn|5\n|\n|t:|1700801152\n|move|p1b: Spectrier|Draining Kiss|p2a: Iron Hands\n|-supereffective|p2a: Iron Hands\n|-damage|p2a: Iron Hands|0 fnt\n|-damage|p1b: Spectrier|84\/100|[from] item: Rocky Helmet|[of] p2a: Iron Hands\n|faint|p2a: Iron Hands\n|-end|p2a: Iron Hands|Quark Drive|[silent]\n|-ability|p1b: Spectrier|Grim Neigh|boost\n|-boost|p1b: Spectrier|spa|1\n|move|p2b: Victroria Moon|Tailwind|p2b: Victroria Moon\n|-sidestart|p2: zhz2021|move: Tailwind\n|move|p1a: Enamorus|Dazzling Gleam|p2b: Victroria Moon\n|-damage|p2b: Victroria Moon|0 fnt\n|faint|p2b: Victroria Moon\n|-end|p2b: Victroria Moon|Protosynthesis|[silent]\n|\n|win|jasonrfry1\n|raw|jasonrfry1's rating: 1560 &rarr; <strong>1587<\/strong><br \/>(+27 for winning)\n|raw|zhz2021's rating: 1695 &rarr; <strong>1668<\/strong><br \/>(-27 for losing)\n|j| THUNDERSND77\n","uploadtime":1700801187,"views":5,"p1id":"jasonrfry1","p2id":"zhz2021","formatid":"gen9vgc2023regulatione","rating":1587,"private":0,"password":""}