{"id":"gen9vgc2023regulatione-1990913125","p1":"lumenessence","p2":"Anipok","format":"[Gen 9] VGC 2023 Regulation E","log":"|j|\u2606lumenessence\n|j|\u2606Anipok\n|n|\u2606lumenessence|lumenessence\n|n|\u2606Anipok|anipok\n|html|View the match progress at <a href=\"\/game-bestof3-gen9vgc2023regulatione-1990910482\">game-bestof3-gen9vgc2023regulatione-1990910482<\/a>\n|t:|1700014433\n|gametype|doubles\n|player|p1|lumenessence|psychicf-gen4|\n|player|p2|Anipok|erika|\n|teamsize|p1|6\n|teamsize|p2|6\n|gen|9\n|tier|[Gen 9] VGC 2023 Regulation E\n|rule|Species Clause: Limit one of each Pok\u00e9mon\n|rule|Item Clause: Limit one of each item\n|clearpoke\n|poke|p1|Landorus, L50, M|\n|poke|p1|Iron Hands, L50|\n|poke|p1|Salamence, L50, F|\n|poke|p1|Pelipper, L50, M|\n|poke|p1|Kilowattrel, L50, M|\n|poke|p1|Koffing, L50, M|\n|poke|p2|Lurantis, L50, F|\n|poke|p2|Chi-Yu, L50|\n|poke|p2|Cresselia, L50, F|\n|poke|p2|Volbeat, L50, M|\n|poke|p2|Empoleon, L50, M|\n|poke|p2|Arboliva, L50, F|\n|teampreview|4\nlumenessence rejected open team sheets.\n|c|\u2606Anipok|R2\n|\n|t:|1700014495\n|start\n|switch|p1a: Pelipper|Pelipper, L50, M|100\/100\n|switch|p1b: Landorus|Landorus, L50, M|100\/100\n|switch|p2a: Lurantis|Lurantis, L50, F, shiny|100\/100\n|switch|p2b: Volbeat|Volbeat, L50, M, shiny|100\/100\n|-weather|RainDance|[from] ability: Drizzle|[of] p1a: Pelipper\n|turn|1\n|\n|t:|1700014520\n|switch|p1b: Koffing|Koffing, L50, M|100\/100\n|-ability|p1b: Koffing|Neutralizing Gas\n|move|p2b: Volbeat|Tailwind|p2b: Volbeat\n|-sidestart|p2: Anipok|move: Tailwind\n|move|p2a: Lurantis|Knock Off|p1b: Koffing\n|-damage|p1b: Koffing|75\/100\n|-enditem|p1b: Koffing|Eviolite|[from] move: Knock Off|[of] p2a: Lurantis\n|move|p1a: Pelipper|Hurricane|p2b: Volbeat\n|-supereffective|p2b: Volbeat\n|-enditem|p2b: Volbeat|Focus Sash\n|-damage|p2b: Volbeat|1\/100\n|\n|-weather|RainDance|[upkeep]\n|upkeep\n|turn|2\n|\n|t:|1700014546\n|switch|p2a: Empoleon|Empoleon, L50, M, shiny|100\/100\n|move|p1b: Koffing|Protect|p1b: Koffing\n|-singleturn|p1b: Koffing|Protect\n|move|p2b: Volbeat|Tail Glow|p2b: Volbeat\n|-boost|p2b: Volbeat|spa|3\n|move|p1a: Pelipper|Hurricane|p2a: Empoleon\n|-resisted|p2a: Empoleon\n|-damage|p2a: Empoleon|83\/100\n|\n|-weather|RainDance|[upkeep]\n|upkeep\n|turn|3\n|\n|t:|1700014576\n|switch|p2a: Chi-Yu|Chi-Yu, L50|100\/100\n|-end|p1b: Koffing|ability: Neutralizing Gas\n|-ability|p2a: Chi-Yu|Beads of Ruin\n|switch|p1b: Iron Hands|Iron Hands, L50|100\/100\n|move|p2b: Volbeat|Baton Pass|p2b: Volbeat\n|\n|t:|1700014583\n|switch|p2b: Empoleon|Empoleon, L50, M, shiny|83\/100|[from] Baton Pass\n|move|p1a: Pelipper|Tailwind|p1a: Pelipper\n|-sidestart|p1: lumenessence|move: Tailwind\n|\n|-weather|RainDance|[upkeep]\n|upkeep\n|turn|4\n|\n|t:|1700014613\n|switch|p2a: Lurantis|Lurantis, L50, F, shiny|100\/100\n|switch|p1a: Koffing|Koffing, L50, M|75\/100\n|-ability|p1a: Koffing|Neutralizing Gas\n|move|p1b: Iron Hands|Fake Out|p2b: Empoleon\n|-resisted|p2b: Empoleon\n|-damage|p2b: Empoleon|74\/100\n|cant|p2b: Empoleon|flinch\n|\n|-weather|RainDance|[upkeep]\n|-sideend|p2: Anipok|move: Tailwind\n|upkeep\n|turn|5\n|\n|t:|1700014654\n|move|p1b: Iron Hands|Drain Punch|p2b: Empoleon\n|-supereffective|p2b: Empoleon\n|-damage|p2b: Empoleon|0 fnt\n|faint|p2b: Empoleon\n|move|p2a: Lurantis|Knock Off|p1b: Iron Hands\n|-resisted|p1b: Iron Hands\n|-damage|p1b: Iron Hands|90\/100\n|-enditem|p1b: Iron Hands|Assault Vest|[from] move: Knock Off|[of] p2a: Lurantis\n|move|p1a: Koffing|Toxic|p2a: Lurantis\n|-status|p2a: Lurantis|tox\n|\n|-weather|none\n|-damage|p2a: Lurantis|94\/100 tox|[from] psn\n|upkeep\n|\n|t:|1700014665\n|switch|p2b: Volbeat|Volbeat, L50, M, shiny|1\/100\n|turn|6\n|\n|t:|1700014687\n|-terastallize|p2a: Lurantis|Fighting\n|move|p1a: Koffing|Protect|p1a: Koffing\n|-singleturn|p1a: Koffing|Protect\n|move|p1b: Iron Hands|Drain Punch|p2b: Volbeat\n|-resisted|p2b: Volbeat\n|-damage|p2b: Volbeat|0 fnt\n|-heal|p1b: Iron Hands|91\/100|[from] drain|[of] p2b: Volbeat\n|faint|p2b: Volbeat\n|move|p2a: Lurantis|Knock Off|p1a: Koffing\n|-activate|p1a: Koffing|move: Protect\n|\n|-damage|p2a: Lurantis|82\/100 tox|[from] psn\n|-sideend|p1: lumenessence|move: Tailwind\n|upkeep\n|\n|t:|1700014692\n|switch|p2b: Chi-Yu|Chi-Yu, L50|100\/100\n|turn|7\n|\n|t:|1700014727\n|-end|p1a: Koffing|ability: Neutralizing Gas\n|-ability|p2b: Chi-Yu|Beads of Ruin\n|switch|p1a: Pelipper|Pelipper, L50, M|100\/100\n|-weather|RainDance|[from] ability: Drizzle|[of] p1a: Pelipper\n|-terastallize|p1b: Iron Hands|Fire\n|move|p2b: Chi-Yu|Dark Pulse|p1a: Pelipper\n|-damage|p1a: Pelipper|21\/100\n|move|p2a: Lurantis|Superpower|p1b: Iron Hands\n|-damage|p1b: Iron Hands|54\/100\n|-boost|p2a: Lurantis|atk|1\n|-boost|p2a: Lurantis|def|1\n|move|p1b: Iron Hands|Drain Punch|p2b: Chi-Yu\n|-supereffective|p2b: Chi-Yu\n|-damage|p2b: Chi-Yu|0 fnt\n|-heal|p1b: Iron Hands|83\/100|[from] drain|[of] p2b: Chi-Yu\n|faint|p2b: Chi-Yu\n|\n|-weather|RainDance|[upkeep]\n|-damage|p2a: Lurantis|64\/100 tox|[from] psn\n|upkeep\n|turn|8\n|\n|t:|1700014752\n|switch|p1a: Koffing|Koffing, L50, M|75\/100\n|-ability|p1a: Koffing|Neutralizing Gas\n|move|p2a: Lurantis|Superpower|p1b: Iron Hands\n|-damage|p1b: Iron Hands|23\/100\n|-unboost|p2a: Lurantis|atk|1\n|-unboost|p2a: Lurantis|def|1\n|move|p1b: Iron Hands|Drain Punch|p2a: Lurantis\n|-damage|p2a: Lurantis|3\/100 tox\n|-heal|p1b: Iron Hands|42\/100|[from] drain|[of] p2a: Lurantis\n|-enditem|p2a: Lurantis|Sitrus Berry|[eat]\n|-heal|p2a: Lurantis|28\/100 tox|[from] item: Sitrus Berry\n|\n|-weather|RainDance|[upkeep]\n|-damage|p2a: Lurantis|3\/100 tox|[from] psn\n|upkeep\n|turn|9\n|c|\u2606lumenessence|ggs\n|\n|t:|1700014776\n|move|p2a: Lurantis|Superpower|p1b: Iron Hands\n|-damage|p1b: Iron Hands|0 fnt\n|-unboost|p2a: Lurantis|atk|1\n|-unboost|p2a: Lurantis|def|1\n|faint|p1b: Iron Hands\n|-end|p1b: Iron Hands|Quark Drive|[silent]\n|move|p1a: Koffing|Pain Split|p1: Iron Hands|[notarget]\n|-fail|p1a: Koffing\n|\n|-weather|RainDance|[upkeep]\n|-damage|p2a: Lurantis|0 fnt|[from] psn\n|faint|p2a: Lurantis\n|\n|win|lumenessence\n|upkeep\n|c|\u2606Anipok|ggs\n","uploadtime":1700014817,"views":19,"p1id":"lumenessence","p2id":"anipok","formatid":"gen9vgc2023regulatione","rating":0,"private":0,"password":""}