{"id":"gen9vgc2023regulatione-1995515683","p1":"krenitos","p2":"DRhodes56","format":"[Gen 9] VGC 2023 Regulation E","log":"|j|\u2606krenitos\n|j|\u2606DRhodes56\n|t:|1700578918\n|gametype|doubles\n|player|p1|krenitos|fisherman|1083\n|player|p2|DRhodes56|2|1000\n|teamsize|p1|6\n|teamsize|p2|6\n|gen|9\n|tier|[Gen 9] VGC 2023 Regulation E\n|rated|\n|rule|Species Clause: Limit one of each Pok\u00e9mon\n|rule|Item Clause: Limit one of each item\n|clearpoke\n|poke|p1|Flutter Mane, L50|\n|poke|p1|Glimmora, L50, F|\n|poke|p1|Dusclops, L50, F|\n|poke|p1|Ceruledge, L50, F|\n|poke|p1|Gyarados, L50, F|\n|poke|p1|Gholdengo, L50|\n|poke|p2|Luvdisc, L50, F|\n|poke|p2|Urshifu-*, L50, F|\n|poke|p2|Klefki, L50, M|\n|poke|p2|Gliscor, L50, M|\n|poke|p2|Pelipper, L50, M|\n|poke|p2|Glimmora, L50, M|\n|teampreview|4\n|inactive|Battle timer is ON: inactive players will automatically lose when time's up. (requested by krenitos)\n|\n|t:|1700578933\n|start\n|switch|p1a: Dusclops|Dusclops, L50, F|100\/100\n|switch|p1b: Glimmora|Glimmora, L50, F, shiny|100\/100\n|switch|p2a: Pelipper|Pelipper, L50, M|100\/100\n|switch|p2b: Glimmora|Glimmora, L50, M|100\/100\n|-weather|RainDance|[from] ability: Drizzle|[of] p2a: Pelipper\n|-ability|p1a: Dusclops|Pressure\n|turn|1\n|\n|t:|1700578946\n|move|p1b: Glimmora|Spiky Shield|p1b: Glimmora\n|-singleturn|p1b: Glimmora|move: Protect\n|move|p2b: Glimmora|Stealth Rock|p1b: Glimmora\n|-sidestart|p1: krenitos|move: Stealth Rock\n|move|p2a: Pelipper|Tailwind|p2a: Pelipper\n|-sidestart|p2: DRhodes56|move: Tailwind\n|move|p1a: Dusclops|Trick Room|p1a: Dusclops\n|-fieldstart|move: Trick Room|[of] p1a: Dusclops\n|\n|-weather|RainDance|[upkeep]\n|upkeep\n|turn|2\n|\n|t:|1700578963\n|move|p1a: Dusclops|Helping Hand|p1b: Glimmora\n|-singleturn|p1b: Glimmora|Helping Hand|[of] p1a: Dusclops\n|move|p1b: Glimmora|Power Gem|p2a: Pelipper\n|-supereffective|p2a: Pelipper\n|-damage|p2a: Pelipper|0 fnt\n|faint|p2a: Pelipper\n|move|p2b: Glimmora|Sludge Bomb|p1a: Dusclops\n|-resisted|p1a: Dusclops\n|-damage|p1a: Dusclops|86\/100\n|\n|-weather|RainDance|[upkeep]\n|upkeep\n|\n|t:|1700578975\n|switch|p2a: Luvdisc|Luvdisc, L50, F, shiny|100\/100\n|turn|3\n|\n|t:|1700578984\n|move|p1a: Dusclops|Helping Hand|p1b: Glimmora\n|-singleturn|p1b: Glimmora|Helping Hand|[of] p1a: Dusclops\n|move|p2b: Glimmora|Spiky Shield|p2b: Glimmora\n|-singleturn|p2b: Glimmora|move: Protect\n|move|p2a: Luvdisc|Protect|p2a: Luvdisc\n|-singleturn|p2a: Luvdisc|Protect\n|move|p1b: Glimmora|Energy Ball|p2a: Luvdisc\n|-activate|p2a: Luvdisc|move: Protect\n|\n|-weather|RainDance|[upkeep]\n|upkeep\n|turn|4\n|\n|t:|1700579003\n|switch|p2a: Urshifu|Urshifu-Rapid-Strike, L50, F|100\/100\n|move|p1a: Dusclops|Night Shade|p2b: Glimmora\n|-damage|p2b: Glimmora|69\/100\n|move|p1b: Glimmora|Power Gem|p2b: Glimmora\n|-crit|p2b: Glimmora\n|-damage|p2b: Glimmora|0 fnt\n|faint|p2b: Glimmora\n|\n|-weather|RainDance|[upkeep]\n|-sideend|p2: DRhodes56|move: Tailwind\n|upkeep\n|\n|t:|1700579014\n|switch|p2b: Luvdisc|Luvdisc, L50, F, shiny|100\/100\n|turn|5\n|\n|t:|1700579028\n|-terastallize|p1b: Glimmora|Grass\n|-terastallize|p2b: Luvdisc|Fairy\n|move|p1a: Dusclops|Night Shade|p2a: Urshifu\n|-damage|p2a: Urshifu|74\/100\n|move|p1b: Glimmora|Energy Ball|p2a: Urshifu\n|-supereffective|p2a: Urshifu\n|-damage|p2a: Urshifu|0 fnt\n|faint|p2a: Urshifu\n|move|p2b: Luvdisc|Icy Wind|p1b: Glimmora|[spread] p1a,p1b\n|-supereffective|p1b: Glimmora\n|-crit|p1b: Glimmora\n|-damage|p1a: Dusclops|83\/100\n|-damage|p1b: Glimmora|83\/100\n|-unboost|p1a: Dusclops|spe|1\n|-unboost|p1b: Glimmora|spe|1\n|\n|-weather|none\n|-fieldend|move: Trick Room\n|upkeep\n|turn|6\n|\n|t:|1700579044\n|move|p2b: Luvdisc|Icy Wind|p1a: Dusclops|[spread] p1a,p1b\n|-supereffective|p1b: Glimmora\n|-damage|p1a: Dusclops|79\/100\n|-damage|p1b: Glimmora|73\/100\n|-unboost|p1a: Dusclops|spe|1\n|-unboost|p1b: Glimmora|spe|1\n|move|p1b: Glimmora|Sludge Bomb|p2b: Luvdisc\n|-supereffective|p2b: Luvdisc\n|-damage|p2b: Luvdisc|0 fnt\n|faint|p2b: Luvdisc\n|\n|win|krenitos\n|raw|krenitos's rating: 1083 &rarr; <strong>1104<\/strong><br \/>(+21 for winning)\n|raw|DRhodes56's rating: 1000 &rarr; <strong>1000<\/strong><br \/>(+0 for losing)\n|l|\u2606DRhodes56\n","uploadtime":1700579060,"views":10,"p1id":"krenitos","p2id":"drhodes56","formatid":"gen9vgc2023regulatione","rating":1000,"private":0,"password":""}