{"id":"gen9vgc2023regulatione-1994977629","p1":"RoryRemisdad14","p2":"atworkyolo9","format":"[Gen 9] VGC 2023 Regulation E","log":"|j|\u2606RoryRemisdad14\n|j|\u2606atworkyolo9\n|t:|1700509851\n|gametype|doubles\n|player|p1|RoryRemisdad14|benga|1519\n|player|p2|atworkyolo9|101|1503\n|teamsize|p1|6\n|teamsize|p2|6\n|gen|9\n|tier|[Gen 9] VGC 2023 Regulation E\n|rated|\n|rule|Species Clause: Limit one of each Pok\u00e9mon\n|rule|Item Clause: Limit one of each item\n|clearpoke\n|poke|p1|Flutter Mane, L50|\n|poke|p1|Arcanine-Hisui, L50, F|\n|poke|p1|Urshifu-*, L50, F|\n|poke|p1|Iron Hands, L50|\n|poke|p1|Rillaboom, L50, M|\n|poke|p1|Gholdengo, L50|\n|poke|p2|Weezing, L50, F|\n|poke|p2|Tornadus, L50, M|\n|poke|p2|Iron Hands, L50|\n|poke|p2|Ogerpon-Wellspring, L50, F|\n|poke|p2|Gholdengo, L50|\n|poke|p2|Kommo-o, L50, F|\n|teampreview|4\n|inactive|Battle timer is ON: inactive players will automatically lose when time's up. (requested by atworkyolo9)\n|inactive|RoryRemisdad14 has 60 seconds left.\n|inactive|atworkyolo9 has 60 seconds left.\n|\n|t:|1700509898\n|start\n|switch|p1a: Gholdengo|Gholdengo, L50|100\/100\n|switch|p1b: Rillaboom|Rillaboom, L50, M|100\/100\n|switch|p2a: Weezing|Weezing, L50, F|100\/100\n|switch|p2b: Ogerpon|Ogerpon-Wellspring, L50, F|100\/100\n|-ability|p2a: Weezing|Neutralizing Gas\n|turn|1\n|\n|t:|1700509911\n|-terastallize|p1a: Gholdengo|Dragon\n|move|p1b: Rillaboom|Fake Out|p2b: Ogerpon\n|-damage|p2b: Ogerpon|83\/100\n|cant|p2b: Ogerpon|flinch\n|move|p1a: Gholdengo|Nasty Plot|p1a: Gholdengo\n|-boost|p1a: Gholdengo|spa|2\n|move|p2a: Weezing|Will-O-Wisp|p1b: Rillaboom\n|-status|p1b: Rillaboom|brn\n|\n|-damage|p1b: Rillaboom|95\/100 brn|[from] brn\n|upkeep\n|turn|2\n|inactive|RoryRemisdad14 has 30 seconds left.\n|inactive|atworkyolo9 has 30 seconds left.\n|\n|t:|1700509945\n|move|p2b: Ogerpon|Swords Dance|p2b: Ogerpon\n|-boost|p2b: Ogerpon|atk|2\n|move|p1a: Gholdengo|Shadow Ball|p2a: Weezing\n|-damage|p2a: Weezing|6\/100\n|-enditem|p2a: Weezing|Sitrus Berry|[eat]\n|-heal|p2a: Weezing|31\/100|[from] item: Sitrus Berry\n|move|p1b: Rillaboom|High Horsepower|p2a: Weezing\n|-supereffective|p2a: Weezing\n|-damage|p2a: Weezing|5\/100\n|move|p2a: Weezing|Sludge Bomb|p1a: Gholdengo\n|-damage|p1a: Gholdengo|73\/100\n|-status|p1a: Gholdengo|psn\n|\n|-heal|p1a: Gholdengo|79\/100 psn|[from] item: Leftovers\n|-damage|p1a: Gholdengo|66\/100 psn|[from] psn\n|-damage|p1b: Rillaboom|89\/100 brn|[from] brn\n|upkeep\n|turn|3\n|inactive|RoryRemisdad14 has 30 seconds left.\n|inactive|atworkyolo9 has 30 seconds left.\n|inactive|atworkyolo9 has 20 seconds left.\n|\n|t:|1700509983\n|switch|p1b: Iron Hands|Iron Hands, L50|100\/100\n|move|p2b: Ogerpon|Spiky Shield|p2b: Ogerpon\n|-singleturn|p2b: Ogerpon|move: Protect\n|move|p1a: Gholdengo|Shadow Ball|p2b: Ogerpon\n|-activate|p2b: Ogerpon|move: Protect\n|move|p2a: Weezing|Sludge Bomb|p1b: Iron Hands\n|-damage|p1b: Iron Hands|87\/100\n|\n|-heal|p1a: Gholdengo|73\/100 psn|[from] item: Leftovers\n|-damage|p1a: Gholdengo|60\/100 psn|[from] psn\n|upkeep\n|turn|4\n|inactive|atworkyolo9 has 30 seconds left.\n|\n|t:|1700510016\n|-terastallize|p2b: Ogerpon|Water\n|detailschange|p2b: Ogerpon|Ogerpon-Wellspring-Tera, L50, F, tera:Water\n|move|p2a: Weezing|Protect|p2a: Weezing\n|-singleturn|p2a: Weezing|Protect\n|move|p2b: Ogerpon|Ivy Cudgel|p1a: Gholdengo|[anim] Ivy Cudgel Water\n|-resisted|p1a: Gholdengo\n|-damage|p1a: Gholdengo|0 fnt\n|faint|p1a: Gholdengo\n|move|p1b: Iron Hands|Drain Punch|p2b: Ogerpon\n|-crit|p2b: Ogerpon\n|-damage|p2b: Ogerpon|5\/100\n|-heal|p1b: Iron Hands|100\/100|[from] drain|[of] p2b: Ogerpon\n|\n|upkeep\n|\n|t:|1700510025\n|switch|p1a: Rillaboom|Rillaboom, L50, M|89\/100 brn\n|turn|5\n|\n|t:|1700510047\n|move|p2b: Ogerpon|Spiky Shield|p2b: Ogerpon\n|-singleturn|p2b: Ogerpon|move: Protect\n|move|p2a: Weezing|Protect|p2a: Weezing\n|-singleturn|p2a: Weezing|Protect\n|move|p1a: Rillaboom|Fake Out|p2a: Weezing\n|-activate|p2a: Weezing|move: Protect\n|move|p1b: Iron Hands|Wild Charge|p2a: Weezing\n|-activate|p2a: Weezing|move: Protect\n|\n|-damage|p1a: Rillaboom|83\/100 brn|[from] brn\n|upkeep\n|turn|6\n|\n|t:|1700510063\n|move|p2b: Ogerpon|Horn Leech|p1b: Iron Hands\n|-damage|p1b: Iron Hands|40\/100\n|-heal|p2b: Ogerpon|49\/100|[from] drain|[of] p1b: Iron Hands\n|move|p1a: Rillaboom|Grassy Glide|p2b: Ogerpon\n|-supereffective|p2b: Ogerpon\n|-damage|p2b: Ogerpon|10\/100\n|move|p2a: Weezing|Will-O-Wisp|p1b: Iron Hands\n|-status|p1b: Iron Hands|brn\n|move|p1b: Iron Hands|Wild Charge|p2a: Weezing\n|-damage|p2a: Weezing|0 fnt\n|faint|p2a: Weezing\n|-end|p2a: Weezing|ability: Neutralizing Gas\n|-ability|p2b: Ogerpon|Embody Aspect (Wellspring)|boost\n|-boost|p2b: Ogerpon|spd|1\n|-fieldstart|move: Grassy Terrain|[from] ability: Grassy Surge|[of] p1a: Rillaboom\n|-damage|p1b: Iron Hands|40\/100 brn|[from] Recoil\n|\n|-heal|p2b: Ogerpon|16\/100|[from] Grassy Terrain\n|-heal|p1a: Rillaboom|89\/100 brn|[from] Grassy Terrain\n|-heal|p1b: Iron Hands|46\/100 brn|[from] Grassy Terrain\n|-damage|p1a: Rillaboom|83\/100 brn|[from] brn\n|-damage|p1b: Iron Hands|40\/100 brn|[from] brn\n|upkeep\n|\n|t:|1700510076\n|switch|p2a: Tornadus|Tornadus, L50, M|100\/100\n|turn|7\n|\n|t:|1700510097\n|switch|p1a: Flutter Mane|Flutter Mane, L50|100\/100\n|-enditem|p1a: Flutter Mane|Booster Energy\n|-activate|p1a: Flutter Mane|ability: Protosynthesis|[fromitem]\n|-start|p1a: Flutter Mane|protosynthesisspa\n|move|p2a: Tornadus|Protect|p2a: Tornadus\n|-singleturn|p2a: Tornadus|Protect\n|move|p2b: Ogerpon|Spiky Shield|p2b: Ogerpon\n|-singleturn|p2b: Ogerpon|move: Protect\n|move|p1b: Iron Hands|Wild Charge|p2a: Tornadus\n|-activate|p2a: Tornadus|move: Protect\n|\n|-heal|p2b: Ogerpon|22\/100|[from] Grassy Terrain\n|-heal|p1b: Iron Hands|46\/100 brn|[from] Grassy Terrain\n|-damage|p1b: Iron Hands|40\/100 brn|[from] brn\n|upkeep\n|turn|8\n|\n|t:|1700510120\n|move|p1a: Flutter Mane|Protect|p1a: Flutter Mane\n|-singleturn|p1a: Flutter Mane|Protect\n|move|p2a: Tornadus|Tailwind|p2a: Tornadus\n|-sidestart|p2: atworkyolo9|move: Tailwind\n|move|p2b: Ogerpon|Ivy Cudgel|p1b: Iron Hands|[anim] Ivy Cudgel Water\n|-damage|p1b: Iron Hands|0 fnt\n|faint|p1b: Iron Hands\n|-end|p1b: Iron Hands|Quark Drive|[silent]\n|\n|-heal|p2b: Ogerpon|28\/100|[from] Grassy Terrain\n|upkeep\n|\n|t:|1700510129\n|switch|p1b: Rillaboom|Rillaboom, L50, M|83\/100 brn\n|turn|9\n|\n|t:|1700510135\n|move|p2a: Tornadus|Protect|p2a: Tornadus\n|-singleturn|p2a: Tornadus|Protect\n|move|p2b: Ogerpon|Spiky Shield|p2b: Ogerpon\n|-singleturn|p2b: Ogerpon|move: Protect\n|move|p1b: Rillaboom|Grassy Glide|p2b: Ogerpon\n|-activate|p2b: Ogerpon|move: Protect\n|-damage|p1b: Rillaboom|71\/100 brn|[from] Spiky Shield|[of] p2b: Ogerpon\n|move|p1a: Flutter Mane|Moonblast|p2a: Tornadus\n|-activate|p2a: Tornadus|move: Protect\n|\n|-heal|p2b: Ogerpon|34\/100|[from] Grassy Terrain\n|-heal|p1b: Rillaboom|77\/100 brn|[from] Grassy Terrain\n|-damage|p1b: Rillaboom|71\/100 brn|[from] brn\n|upkeep\n|turn|10\n|\n|t:|1700510160\n|switch|p2b: Gholdengo|Gholdengo, L50|100\/100\n|move|p1b: Rillaboom|Grassy Glide|p2b: Gholdengo\n|-resisted|p2b: Gholdengo\n|-damage|p2b: Gholdengo|92\/100\n|move|p2a: Tornadus|Bleakwind Storm|p1b: Rillaboom|[spread] p1a,p1b\n|-supereffective|p1b: Rillaboom\n|-damage|p1a: Flutter Mane|70\/100\n|-damage|p1b: Rillaboom|7\/100 brn\n|move|p1a: Flutter Mane|Dazzling Gleam|p2a: Tornadus|[spread] p2a,p2b\n|-resisted|p2b: Gholdengo\n|-damage|p2a: Tornadus|52\/100\n|-damage|p2b: Gholdengo|73\/100\n|\n|-heal|p2b: Gholdengo|79\/100|[from] Grassy Terrain\n|-heal|p2b: Gholdengo|85\/100|[from] item: Leftovers\n|-heal|p1a: Flutter Mane|76\/100|[from] Grassy Terrain\n|-heal|p1b: Rillaboom|13\/100 brn|[from] Grassy Terrain\n|-damage|p1b: Rillaboom|7\/100 brn|[from] brn\n|-fieldend|move: Grassy Terrain\n|upkeep\n|turn|11\n|\n|t:|1700510185\n|move|p2a: Tornadus|Protect|p2a: Tornadus\n|-singleturn|p2a: Tornadus|Protect\n|move|p2b: Gholdengo|Protect|p2b: Gholdengo\n|-singleturn|p2b: Gholdengo|Protect\n|move|p1a: Flutter Mane|Protect|p1a: Flutter Mane\n|-singleturn|p1a: Flutter Mane|Protect\n|move|p1b: Rillaboom|Protect||[still]\n|-fail|p1b: Rillaboom\n|\n|-heal|p2b: Gholdengo|91\/100|[from] item: Leftovers\n|-damage|p1b: Rillaboom|1\/100 brn|[from] brn\n|-sideend|p2: atworkyolo9|move: Tailwind\n|upkeep\n|turn|12\n|c|\u2606RoryRemisdad14|Ahhh gg\n|\n|t:|1700510199\n|move|p2a: Tornadus|Tailwind|p2a: Tornadus\n|-sidestart|p2: atworkyolo9|move: Tailwind\n|move|p2b: Gholdengo|Make It Rain|p1a: Flutter Mane|[spread] p1a,p1b\n|-supereffective|p1a: Flutter Mane\n|-damage|p1a: Flutter Mane|0 fnt\n|-damage|p1b: Rillaboom|0 fnt\n|-unboost|p2b: Gholdengo|spa|1\n|faint|p1a: Flutter Mane\n|-end|p1a: Flutter Mane|Protosynthesis|[silent]\n|faint|p1b: Rillaboom\n|\n|win|atworkyolo9\n|raw|RoryRemisdad14's rating: 1519 &rarr; <strong>1498<\/strong><br \/>(-21 for losing)\n|raw|atworkyolo9's rating: 1503 &rarr; <strong>1524<\/strong><br \/>(+21 for winning)\n|l|\u2606RoryRemisdad14\n","uploadtime":1700510235,"views":18,"p1id":"roryremisdad14","p2id":"atworkyolo9","formatid":"gen9vgc2023regulatione","rating":1498,"private":0,"password":""}