{"id":"gen9vgc2023regulatione-1995126611","p1":"chriscanway","p2":"GforGamer","format":"[Gen 9] VGC 2023 Regulation E","log":"|j|\u2606chriscanway\n|j|\u2606GforGamer\n|t:|1700525501\n|gametype|doubles\n|player|p1|chriscanway|ethan|\n|player|p2|GforGamer|palmer|\n|teamsize|p1|6\n|teamsize|p2|6\n|gen|9\n|tier|[Gen 9] VGC 2023 Regulation E\n|rule|Species Clause: Limit one of each Pok\u00e9mon\n|rule|Item Clause: Limit one of each item\n|clearpoke\n|poke|p1|Tornadus, L50, M|\n|poke|p1|Ogerpon-Wellspring, L50, F|\n|poke|p1|Iron Hands, L50|\n|poke|p1|Arcanine-Hisui, L50, M|\n|poke|p1|Urshifu-*, L50, F|\n|poke|p1|Landorus-Therian, L50, M|\n|poke|p2|Flutter Mane, L50|\n|poke|p2|Heatran, L50, F|\n|poke|p2|Ogerpon-Wellspring, L50, F|\n|poke|p2|Iron Hands, L50|\n|poke|p2|Landorus-Therian, L50, M|\n|poke|p2|Gholdengo, L50|\n|teampreview|4\n|inactive|Battle timer is ON: inactive players will automatically lose when time's up. (requested by GforGamer)\nchriscanway has agreed to open team sheets.\nGforGamer has agreed to open team sheets.\n|showteam|p1|Tornadus||CovertCloak|Prankster|Taunt,IcyWind,BleakwindStorm,Tailwind|||M|||50|,,,,,Dark]Ogerpon-Wellspring||WellspringMask|WaterAbsorb|IvyCudgel,HornLeech,FollowMe,SpikyShield|||F|||50|,,,,,Water]Iron Hands||AssaultVest|QuarkDrive|FakeOut,WildCharge,DrainPunch,VoltSwitch||||||50|,,,,,Grass]Arcanine-Hisui||ChoiceBand|Intimidate|FlareBlitz,RockSlide,CloseCombat,ExtremeSpeed|||M|||50|,,,,,Normal]Urshifu||FocusSash|UnseenFist|WickedBlow,SuckerPunch,CloseCombat,Detect|||F|||50|,,,,,Dark]Landorus-Therian||ChoiceScarf|Intimidate|TeraBlast,RockSlide,Uturn,StompingTantrum|||M|||50|,,,,,Flying\n|showteam|p2|Flutter Mane||BoosterEnergy|Protosynthesis|Protect,DazzlingGleam,Moonblast,ShadowBall||||||50|,,,,,Fairy]Heatran||LifeOrb|FlashFire|HeatWave,EarthPower,Protect,FlashCannon|||F|||50|,,,,,Fairy]Ogerpon-Wellspring||WellspringMask|WaterAbsorb|IvyCudgel,HornLeech,SpikyShield,FollowMe|||F|||50|,,,,,Water]Iron Hands||AssaultVest|QuarkDrive|FakeOut,WildCharge,DrainPunch,HeavySlam||||||50|,,,,,Grass]Landorus-Therian||ChoiceScarf|Intimidate|RockSlide,StompingTantrum,TeraBlast,Uturn|||M|||50|,,,,,Flying]Gholdengo||Leftovers|GoodasGold|NastyPlot,ShadowBall,MakeItRain,Protect||||||50|,,,,,Dragon\n|inactive|chriscanway has 30 seconds left.\n|inactive|chriscanway has 20 seconds left.\n|\n|t:|1700525547\n|start\n|switch|p1a: Landorus|Landorus-Therian, L50, M|100\/100\n|switch|p1b: Urshifu|Urshifu, L50, F|100\/100\n|switch|p2a: Landorus|Landorus-Therian, L50, M|100\/100\n|switch|p2b: Iron Hands|Iron Hands, L50|100\/100\n|-ability|p2a: Landorus|Intimidate|boost\n|-unboost|p1a: Landorus|atk|1\n|-unboost|p1b: Urshifu|atk|1\n|-ability|p1a: Landorus|Intimidate|boost\n|-unboost|p2a: Landorus|atk|1\n|-unboost|p2b: Iron Hands|atk|1\n|turn|1\n|\n|t:|1700525569\n|move|p2b: Iron Hands|Fake Out|p1b: Urshifu\n|-damage|p1b: Urshifu|90\/100\n|move|p2a: Landorus|U-turn|p1a: Landorus\n|-resisted|p1a: Landorus\n|-damage|p1a: Landorus|91\/100\n|\n|t:|1700525577\n|switch|p2a: Ogerpon|Ogerpon-Wellspring, L50, F|100\/100|[from] U-turn\n|move|p1a: Landorus|Stomping Tantrum|p2b: Iron Hands\n|-supereffective|p2b: Iron Hands\n|-damage|p2b: Iron Hands|58\/100\n|cant|p1b: Urshifu|flinch\n|\n|upkeep\n|turn|2\n|\n|t:|1700525601\n|switch|p1a: Ogerpon|Ogerpon-Wellspring, L50, F|100\/100\n|-end|p2b: Iron Hands|Quark Drive|[silent]\n|switch|p2b: Landorus|Landorus-Therian, L50, M|100\/100\n|-ability|p2b: Landorus|Intimidate|boost\n|-unboost|p1a: Ogerpon|atk|1\n|-unboost|p1b: Urshifu|atk|1\n|move|p1b: Urshifu|Wicked Blow|p2a: Ogerpon\n|-crit|p2a: Ogerpon\n|-damage|p2a: Ogerpon|41\/100\n|move|p2a: Ogerpon|Ivy Cudgel|p1b: Urshifu|[anim] Ivy Cudgel Water\n|-damage|p1b: Urshifu|28\/100\n|\n|upkeep\n|turn|3\n|inactive|chriscanway has 30 seconds left.\n|inactive|chriscanway has 20 seconds left.\n|\n|t:|1700525643\n|switch|p2a: Iron Hands|Iron Hands, L50|58\/100\n|-terastallize|p1a: Ogerpon|Water\n|detailschange|p1a: Ogerpon|Ogerpon-Wellspring-Tera, L50, F, tera:Water\n|-ability|p1a: Ogerpon|Embody Aspect (Wellspring)|boost\n|-boost|p1a: Ogerpon|spd|1\n|move|p1a: Ogerpon|Follow Me|p1a: Ogerpon\n|-singleturn|p1a: Ogerpon|move: Follow Me\n|move|p2b: Landorus|U-turn|p1a: Ogerpon\n|-damage|p1a: Ogerpon|74\/100\n|j| babiwi bewey\u2714\ufe0f\n|inactive|GforGamer has 30 seconds left.\n|\n|t:|1700525673\n|switch|p2b: Ogerpon|Ogerpon-Wellspring, L50, F|41\/100|[from] U-turn\n|move|p1b: Urshifu|Wicked Blow|p2a: Iron Hands\n|-resisted|p2a: Iron Hands\n|-crit|p2a: Iron Hands\n|-damage|p2a: Iron Hands|37\/100\n|\n|upkeep\n|turn|4\n|\n|t:|1700525698\n|switch|p1b: Landorus|Landorus-Therian, L50, M|91\/100\n|-ability|p1b: Landorus|Intimidate|boost\n|-unboost|p2a: Iron Hands|atk|1\n|-unboost|p2b: Ogerpon|atk|1\n|move|p2b: Ogerpon|Horn Leech|p1a: Ogerpon\n|-supereffective|p1a: Ogerpon\n|-crit|p1a: Ogerpon\n|-damage|p1a: Ogerpon|0 fnt\n|-heal|p2b: Ogerpon|78\/100|[from] drain|[of] p1a: Ogerpon\n|faint|p1a: Ogerpon\n|move|p2a: Iron Hands|Drain Punch|p1b: Landorus\n|-resisted|p1b: Landorus\n|-crit|p1b: Landorus\n|-damage|p1b: Landorus|54\/100\n|-heal|p2a: Iron Hands|50\/100|[from] drain|[of] p1b: Landorus\n|\n|upkeep\n|\n|t:|1700525709\n|switch|p1a: Arcanine|Arcanine-Hisui, L50, M|100\/100\n|-ability|p1a: Arcanine|Intimidate|boost\n|-unboost|p2a: Iron Hands|atk|1\n|-unboost|p2b: Ogerpon|atk|1\n|turn|5\n|\n|t:|1700525719\n|-end|p2a: Iron Hands|Quark Drive|[silent]\n|switch|p2a: Landorus|Landorus-Therian, L50, M|100\/100\n|-ability|p2a: Landorus|Intimidate|boost\n|-unboost|p1a: Arcanine|atk|1\n|-unboost|p1b: Landorus|atk|1\n|move|p2b: Ogerpon|Spiky Shield|p2b: Ogerpon\n|-singleturn|p2b: Ogerpon|move: Protect\n|move|p1b: Landorus|Stomping Tantrum|p2a: Landorus\n|-immune|p2a: Landorus\n|move|p1a: Arcanine|Flare Blitz|p2b: Ogerpon\n|-activate|p2b: Ogerpon|move: Protect\n|-damage|p1a: Arcanine|88\/100|[from] Spiky Shield|[of] p2b: Ogerpon\n|\n|upkeep\n|turn|6\n|\n|t:|1700525734\n|switch|p1b: Urshifu|Urshifu, L50, F|28\/100\n|move|p2a: Landorus|Rock Slide|p1b: Urshifu|[spread] p1a\n|-miss|p2a: Landorus|p1b: Urshifu\n|-supereffective|p1a: Arcanine\n|-damage|p1a: Arcanine|39\/100\n|move|p1a: Arcanine|Flare Blitz|p2b: Ogerpon\n|-damage|p2b: Ogerpon|17\/100\n|-damage|p1a: Arcanine|16\/100|[from] Recoil\n|move|p2b: Ogerpon|Ivy Cudgel|p1b: Urshifu|[anim] Ivy Cudgel Water\n|-crit|p1b: Urshifu\n|-damage|p1b: Urshifu|0 fnt\n|faint|p1b: Urshifu\n|\n|upkeep\n|\n|t:|1700525736\n|switch|p1b: Landorus|Landorus-Therian, L50, M|54\/100\n|-ability|p1b: Landorus|Intimidate|boost\n|-unboost|p2a: Landorus|atk|1\n|-unboost|p2b: Ogerpon|atk|1\n|turn|7\n|\n|t:|1700525750\n|move|p2b: Ogerpon|Spiky Shield|p2b: Ogerpon\n|-singleturn|p2b: Ogerpon|move: Protect\n|move|p2a: Landorus|Rock Slide|p1b: Landorus|[spread] p1a,p1b\n|-supereffective|p1a: Arcanine\n|-damage|p1a: Arcanine|0 fnt\n|-damage|p1b: Landorus|38\/100\n|faint|p1a: Arcanine\n|cant|p1b: Landorus|flinch\n|\n|upkeep\n|turn|8\n|\n|t:|1700525762\n|move|p2a: Landorus|Rock Slide|p1b: Landorus\n|-damage|p1b: Landorus|15\/100\n|cant|p1b: Landorus|flinch\n|move|p2b: Ogerpon|Ivy Cudgel|p1b: Landorus|[anim] Ivy Cudgel Water\n|-supereffective|p1b: Landorus\n|-crit|p1b: Landorus\n|-damage|p1b: Landorus|0 fnt\n|faint|p1b: Landorus\n|\n|win|GforGamer\n|l|\u2606GforGamer\n|l| babiwi bewey\u2714\ufe0f\n|j| babiwi bewey\u2714\ufe0f\n","uploadtime":1700525770,"views":11,"p1id":"chriscanway","p2id":"gforgamer","formatid":"gen9vgc2023regulatione","rating":0,"private":0,"password":""}