{"id":"gen9vgc2023regulatione-1989236893","p1":"Mimi chen","p2":"Coolress77","format":"[Gen 9] VGC 2023 Regulation E","log":"|j|\u2606Mimi chen\n|j|\u2606Coolress77\n|t:|1699826580\n|gametype|doubles\n|player|p1|Mimi chen|schoolkidf|1431\n|player|p2|Coolress77|colress|1518\n|teamsize|p1|6\n|teamsize|p2|6\n|gen|9\n|tier|[Gen 9] VGC 2023 Regulation E\n|rated|\n|rule|Species Clause: Limit one of each Pok\u00e9mon\n|rule|Item Clause: Limit one of each item\n|clearpoke\n|poke|p1|Rillaboom, L50, M|\n|poke|p1|Espathra, L50, F|\n|poke|p1|Flutter Mane, L50|\n|poke|p1|Sylveon, L50, F|\n|poke|p1|Chi-Yu, L50|\n|poke|p1|Ogerpon-Hearthflame, L50, F|\n|poke|p2|Iron Bundle, L50|\n|poke|p2|Salamence, L50, F|\n|poke|p2|Volcarona, L50, M|\n|poke|p2|Farigiraf, L50, F|\n|poke|p2|Sinistcha, L50|\n|poke|p2|Iron Hands, L50|\n|teampreview|4\n|inactive|Battle timer is ON: inactive players will automatically lose when time's up. (requested by Mimi chen)\n|inactive|Mimi chen has 60 seconds left.\n|inactive|Coolress77 has 60 seconds left.\n|\n|t:|1699826629\n|start\n|switch|p1a: Flutter Mane|Flutter Mane, L50|100\/100\n|switch|p1b: Ogerpon|Ogerpon-Hearthflame, L50, F|100\/100\n|switch|p2a: Fortissax|Salamence, L50, F, shiny|100\/100\n|switch|p2b: Malenia|Volcarona, L50, M, shiny|100\/100\n|-ability|p2a: Fortissax|Intimidate|boost\n|-unboost|p1a: Flutter Mane|atk|1\n|-unboost|p1b: Ogerpon|atk|1\n|-ability|p1b: Ogerpon|Mold Breaker\n|turn|1\n|\n|t:|1699826652\n|switch|p1b: Sylveon|Sylveon, L50, F|100\/100\n|-terastallize|p2a: Fortissax|Steel\n|move|p1a: Flutter Mane|Icy Wind|p2b: Malenia|[spread] p2a\n|-miss|p1a: Flutter Mane|p2b: Malenia\n|-resisted|p2a: Fortissax\n|-damage|p2a: Fortissax|92\/100\n|move|p2a: Fortissax|Tailwind|p2a: Fortissax\n|-sidestart|p2: Coolress77|move: Tailwind\n|move|p2b: Malenia|Quiver Dance|p2b: Malenia\n|-boost|p2b: Malenia|spa|1\n|-boost|p2b: Malenia|spd|1\n|-boost|p2b: Malenia|spe|1\n|\n|upkeep\n|turn|2\n|inactive|Coolress77 has 30 seconds left.\n|\n|t:|1699826677\n|switch|p1b: Ogerpon|Ogerpon-Hearthflame, L50, F|100\/100\n|-ability|p1b: Ogerpon|Mold Breaker\n|move|p2b: Malenia|Quiver Dance|p2b: Malenia\n|-boost|p2b: Malenia|spa|1\n|-boost|p2b: Malenia|spd|1\n|-boost|p2b: Malenia|spe|1\n|move|p2a: Fortissax|Iron Head|p1a: Flutter Mane\n|-supereffective|p1a: Flutter Mane\n|-enditem|p1a: Flutter Mane|Focus Sash\n|-damage|p1a: Flutter Mane|1\/100\n|cant|p1a: Flutter Mane|flinch\n|\n|upkeep\n|turn|3\n|\n|t:|1699826698\n|-terastallize|p1b: Ogerpon|Fire\n|detailschange|p1b: Ogerpon|Ogerpon-Hearthflame-Tera, L50, F, tera:Fire\n|-ability|p1b: Ogerpon|Embody Aspect (Hearthflame)|boost\n|-boost|p1b: Ogerpon|atk|1\n|move|p2b: Malenia|Heat Wave|p1a: Flutter Mane|[spread] p1a,p1b\n|-resisted|p1b: Ogerpon\n|-damage|p1a: Flutter Mane|0 fnt\n|-damage|p1b: Ogerpon|62\/100\n|faint|p1a: Flutter Mane\n|-end|p1a: Flutter Mane|Protosynthesis|[silent]\n|move|p2a: Fortissax|Dual Wingbeat|p1b: Ogerpon\n|-damage|p1b: Ogerpon|35\/100\n|-damage|p1b: Ogerpon|4\/100\n|-hitcount|p1b: Ogerpon|2\n|move|p1b: Ogerpon|Ivy Cudgel|p2b: Malenia\n|-crit|p2b: Malenia\n|-damage|p2b: Malenia|0 fnt\n|faint|p2b: Malenia\n|\n|upkeep\n|\n|t:|1699826716\n|switch|p1a: Rillaboom|Rillaboom, L50, M|100\/100\n|switch|p2b: Rykard|Iron Bundle, L50, shiny|100\/100\n|-fieldstart|move: Grassy Terrain|[from] ability: Grassy Surge|[of] p1a: Rillaboom\n|-enditem|p2b: Rykard|Booster Energy\n|-activate|p2b: Rykard|ability: Quark Drive|[fromitem]\n|-start|p2b: Rykard|quarkdrivespe\n|turn|4\n|\n|t:|1699826730\n|move|p2b: Rykard|Protect|p2b: Rykard\n|-singleturn|p2b: Rykard|Protect\n|move|p2a: Fortissax|Protect|p2a: Fortissax\n|-singleturn|p2a: Fortissax|Protect\n|move|p1a: Rillaboom|Fake Out|p2a: Fortissax\n|-activate|p2a: Fortissax|move: Protect\n|move|p1b: Ogerpon|Grassy Glide|p2b: Rykard\n|-activate|p2b: Rykard|move: Protect\n|\n|-heal|p2a: Fortissax|98\/100|[from] Grassy Terrain\n|-heal|p1b: Ogerpon|10\/100|[from] Grassy Terrain\n|-sideend|p2: Coolress77|move: Tailwind\n|upkeep\n|turn|5\n|inactive|Mimi chen has 30 seconds left.\n|\n|t:|1699826756\n|move|p1b: Ogerpon|Grassy Glide|p2b: Rykard\n|-supereffective|p2b: Rykard\n|-damage|p2b: Rykard|0 fnt\n|faint|p2b: Rykard\n|-end|p2b: Rykard|Quark Drive|[silent]\n|move|p2a: Fortissax|Tailwind|p2a: Fortissax\n|-sidestart|p2: Coolress77|move: Tailwind\n|move|p1a: Rillaboom|Brick Break|p2a: Fortissax\n|-supereffective|p2a: Fortissax\n|-damage|p2a: Fortissax|34\/100\n|\n|-heal|p2a: Fortissax|40\/100|[from] Grassy Terrain\n|-heal|p1b: Ogerpon|15\/100|[from] Grassy Terrain\n|upkeep\n|\n|t:|1699826763\n|switch|p2b: Alexander|Iron Hands, L50, shiny|100\/100\n|turn|6\n|inactive|Mimi chen has 30 seconds left.\n|\n|t:|1699826800\n|move|p1b: Ogerpon|Spiky Shield|p1b: Ogerpon\n|-singleturn|p1b: Ogerpon|move: Protect\n|move|p2a: Fortissax|Dual Wingbeat|p1a: Rillaboom\n|-supereffective|p1a: Rillaboom\n|-damage|p1a: Rillaboom|61\/100\n|-supereffective|p1a: Rillaboom\n|-damage|p1a: Rillaboom|21\/100\n|-hitcount|p1a: Rillaboom|2\n|move|p2b: Alexander|Drain Punch|p1b: Ogerpon\n|-activate|p1b: Ogerpon|move: Protect\n|-damage|p2b: Alexander|88\/100|[from] Spiky Shield|[of] p1b: Ogerpon\n|move|p1a: Rillaboom|Brick Break|p2a: Fortissax\n|-supereffective|p2a: Fortissax\n|-damage|p2a: Fortissax|0 fnt\n|faint|p2a: Fortissax\n|\n|-heal|p1b: Ogerpon|21\/100|[from] Grassy Terrain\n|-heal|p2b: Alexander|94\/100|[from] Grassy Terrain\n|-heal|p1a: Rillaboom|27\/100|[from] Grassy Terrain\n|upkeep\n|turn|7\n|-message|Coolress77 forfeited.\n|\n|win|Mimi chen\n|raw|Mimi chen's rating: 1431 &rarr; <strong>1456<\/strong><br \/>(+25 for winning)\n|raw|Coolress77's rating: 1518 &rarr; <strong>1493<\/strong><br \/>(-25 for losing)\n|l|\u2606Coolress77\n","uploadtime":1699826837,"views":14,"p1id":"mimichen","p2id":"coolress77","formatid":"gen9vgc2023regulatione","rating":1456,"private":0,"password":""}