{"id":"gen9vgc2023regulatione-1988135911","p1":"LasermanZ11","p2":"KingOfGreed64","format":"[Gen 9] VGC 2023 Regulation E","log":"|j|\u2606LasermanZ11\n|j|\u2606KingOfGreed64\n|n|\u2606LasermanZ11|lasermanz11\n|n|\u2606KingOfGreed64|kingofgreed64\n|html|View the match progress at <a href=\"\/game-bestof3-gen9vgc2023regulatione-1988135910\">game-bestof3-gen9vgc2023regulatione-1988135910<\/a>\n|t:|1699674075\n|gametype|doubles\n|player|p1|LasermanZ11|ash|\n|player|p2|KingOfGreed64|guzma|\n|teamsize|p1|6\n|teamsize|p2|6\n|gen|9\n|tier|[Gen 9] VGC 2023 Regulation E\n|rated|Tournament battle\n|rule|Species Clause: Limit one of each Pok\u00e9mon\n|rule|Item Clause: Limit one of each item\n|clearpoke\n|poke|p1|Mamoswine, L50, M|\n|poke|p1|Roaring Moon, L50|\n|poke|p1|Heatran, L50, M|\n|poke|p1|Flutter Mane, L50|\n|poke|p1|Rillaboom, L50, M|\n|poke|p1|Gyarados, L50, M|\n|poke|p2|Tropius, L50, M|\n|poke|p2|Torkoal, L50, F|\n|poke|p2|Grimmsnarl, L50, M|\n|poke|p2|Glimmora, L50, F|\n|poke|p2|Flutter Mane, L50|\n|poke|p2|Roaring Moon, L50|\n|teampreview|4\n|showteam|p1|Mamoswine||ExpertBelt|Oblivious|IceShard,HighHorsepower,IcicleCrash,Protect|||M|||50|,,,,,Dragon]Roaring Moon||BoosterEnergy|Protosynthesis|Acrobatics,KnockOff,Protect,Tailwind||||||50|,,,,,Flying]Heatran||LifeOrb|FlashFire|HeatWave,FlashCannon,EarthPower,Protect|||M|||50|,,,,,Fairy]Flutter Mane||ChoiceSpecs|Protosynthesis|ShadowBall,Moonblast,DazzlingGleam,Thunderbolt||||||50|,,,,,Fairy]Rillaboom||AssaultVest|GrassySurge|FakeOut,GrassyGlide,Uturn,DrumBeating|||M|||50|,,,,,Water]Gyarados||SafetyGoggles|Intimidate|Waterfall,Taunt,Protect,ThunderWave|||M|||50|,,,,,Steel\n|showteam|p2|Tropius||SitrusBerry|Harvest|Protect,Substitute,LeechSeed,AirCutter|||M|||50|,,,,,Fire]Torkoal||Leftovers|Drought|Protect,Eruption,EarthPower,Yawn|||F|||50|,,,,,Fire]Grimmsnarl||LightClay|Prankster|Reflect,LightScreen,SpiritBreak,PartingShot|||M|||50|,,,,,Ghost]Glimmora||AssaultVest|ToxicDebris|MortalSpin,PowerGem,EarthPower,Venoshock|||F|||50|,,,,,Flying]Flutter Mane||FocusSash|Protosynthesis|Protect,ShadowBall,Moonblast,DazzlingGleam||||||50|,,,,,Fairy]Roaring Moon||BoosterEnergy|Protosynthesis|Protect,Acrobatics,KnockOff,Tailwind||||||50|,,,,,Flying\n|c|\u2606KingOfGreed64|glhf\n|c|\u2606LasermanZ11|same to you\n|\n|t:|1699674213\n|start\n|switch|p1a: Heatran|Heatran, L50, M|100\/100\n|switch|p1b: Gyarados|Gyarados, L50, M|100\/100\n|switch|p2a: Lorccan|Grimmsnarl, L50, M, shiny|100\/100\n|switch|p2b: a|Glimmora, L50, F|100\/100\n|-ability|p1b: Gyarados|Intimidate|boost\n|-unboost|p2a: Lorccan|atk|1\n|-unboost|p2b: a|atk|1\n|turn|1\n|\n|t:|1699674238\n|move|p1a: Heatran|Protect|p1a: Heatran\n|-singleturn|p1a: Heatran|Protect\n|move|p2a: Lorccan|Reflect|p2a: Lorccan\n|-sidestart|p2: KingOfGreed64|Reflect\n|move|p2b: a|Earth Power|p1a: Heatran\n|-activate|p1a: Heatran|move: Protect\n|move|p1b: Gyarados|Taunt|p2a: Lorccan\n|-start|p2a: Lorccan|move: Taunt\n|\n|upkeep\n|turn|2\n|\n|t:|1699674269\n|switch|p2a: LA|Torkoal, L50, F, shiny|100\/100\n|-weather|SunnyDay|[from] ability: Drought|[of] p2a: LA\n|-terastallize|p1a: Heatran|Fairy\n|move|p1b: Gyarados|Protect|p1b: Gyarados\n|-singleturn|p1b: Gyarados|Protect\n|move|p2b: a|Earth Power|p1a: Heatran\n|-damage|p1a: Heatran|72\/100\n|move|p1a: Heatran|Flash Cannon|p2a: LA\n|-resisted|p2a: LA\n|-damage|p2a: LA|72\/100\n|-damage|p1a: Heatran|62\/100|[from] item: Life Orb\n|\n|-weather|SunnyDay|[upkeep]\n|-heal|p2a: LA|78\/100|[from] item: Leftovers\n|upkeep\n|turn|3\n|\n|t:|1699674288\n|move|p2b: a|Mortal Spin|p1a: Heatran|[spread] p1a,p1b\n|-supereffective|p1a: Heatran\n|-damage|p1a: Heatran|56\/100\n|-damage|p1b: Gyarados|98\/100\n|-status|p1a: Heatran|psn\n|-status|p1b: Gyarados|psn\n|move|p1b: Gyarados|Waterfall|p2a: LA\n|-supereffective|p2a: LA\n|-damage|p2a: LA|62\/100\n|move|p1a: Heatran|Earth Power|p2b: a\n|-supereffective|p2b: a\n|-damage|p2b: a|0 fnt\n|faint|p2b: a\n|-damage|p1a: Heatran|46\/100 psn|[from] item: Life Orb\n|move|p2a: LA|Eruption|p1a: Heatran|[spread] p1b\n|-start|p1a: Heatran|ability: Flash Fire\n|-resisted|p1b: Gyarados\n|-damage|p1b: Gyarados|86\/100 psn\n|\n|-weather|SunnyDay|[upkeep]\n|-heal|p2a: LA|68\/100|[from] item: Leftovers\n|-damage|p1b: Gyarados|74\/100 psn|[from] psn\n|-damage|p1a: Heatran|33\/100 psn|[from] psn\n|upkeep\n|\n|t:|1699674305\n|switch|p2b: Lorccan|Grimmsnarl, L50, M, shiny|100\/100\n|turn|4\n|\n|t:|1699674334\n|move|p2a: LA|Protect|p2a: LA\n|-singleturn|p2a: LA|Protect\n|move|p2b: Lorccan|Light Screen|p2b: Lorccan\n|-sidestart|p2: KingOfGreed64|move: Light Screen\n|move|p1b: Gyarados|Taunt|p2b: Lorccan\n|-start|p2b: Lorccan|move: Taunt\n|move|p1a: Heatran|Earth Power|p2a: LA\n|-activate|p2a: LA|move: Protect\n|\n|-weather|SunnyDay|[upkeep]\n|-heal|p2a: LA|75\/100|[from] item: Leftovers\n|-damage|p1b: Gyarados|61\/100 psn|[from] psn\n|-damage|p1a: Heatran|21\/100 psn|[from] psn\n|upkeep\n|turn|5\n|\n|t:|1699674353\n|switch|p2a: banana|Tropius, L50, M, shiny|100\/100\n|move|p1b: Gyarados|Waterfall|p2b: Lorccan\n|-damage|p2b: Lorccan|88\/100\n|move|p1a: Heatran|Earth Power|p2a: banana\n|-immune|p2a: banana\n|move|p2b: Lorccan|Spirit Break|p1a: Heatran\n|-damage|p1a: Heatran|0 fnt\n|faint|p1a: Heatran\n|\n|-weather|SunnyDay|[upkeep]\n|-damage|p1b: Gyarados|49\/100 psn|[from] psn\n|upkeep\n|\n|t:|1699674370\n|switch|p1a: Flutter Mane|Flutter Mane, L50|100\/100\n|-activate|p1a: Flutter Mane|ability: Protosynthesis\n|-start|p1a: Flutter Mane|protosynthesisspe\n|turn|6\n|\n|t:|1699674378\n|move|p1a: Flutter Mane|Moonblast|p2b: Lorccan\n|-supereffective|p2b: Lorccan\n|-damage|p2b: Lorccan|5\/100\n|move|p1b: Gyarados|Taunt|p2a: banana\n|-start|p2a: banana|move: Taunt\n|move|p2b: Lorccan|Spirit Break|p1a: Flutter Mane\n|-damage|p1a: Flutter Mane|52\/100\n|-unboost|p1a: Flutter Mane|spa|1\n|cant|p2a: banana|move: Taunt|Substitute\n|\n|-weather|none\n|-end|p1a: Flutter Mane|Protosynthesis\n|-damage|p1b: Gyarados|37\/100 psn|[from] psn\n|upkeep\n|turn|7\n|\n|t:|1699674396\n|switch|p2a: LA|Torkoal, L50, F, shiny|75\/100\n|-weather|SunnyDay|[from] ability: Drought|[of] p2a: LA\n|-activate|p1a: Flutter Mane|ability: Protosynthesis\n|-start|p1a: Flutter Mane|protosynthesisspe\n|move|p1a: Flutter Mane|Moonblast|p2a: LA\n|-resisted|p2a: LA\n|-damage|p2a: LA|59\/100\n|move|p1b: Gyarados|Waterfall|p2b: Lorccan\n|-damage|p2b: Lorccan|0 fnt\n|faint|p2b: Lorccan\n|\n|-weather|SunnyDay|[upkeep]\n|-heal|p2a: LA|65\/100|[from] item: Leftovers\n|-damage|p1b: Gyarados|24\/100 psn|[from] psn\n|upkeep\n|\n|t:|1699674407\n|switch|p2b: banana|Tropius, L50, M, shiny|100\/100\n|turn|8\n|\n|t:|1699674416\n|move|p2b: banana|Protect|p2b: banana\n|-singleturn|p2b: banana|Protect\n|move|p1a: Flutter Mane|Moonblast|p2a: LA\n|-resisted|p2a: LA\n|-damage|p2a: LA|52\/100\n|move|p1b: Gyarados|Taunt|p2b: banana\n|-activate|p2b: banana|move: Protect\n|move|p2a: LA|Yawn|p1a: Flutter Mane\n|-start|p1a: Flutter Mane|move: Yawn|[of] p2a: LA\n|\n|-weather|SunnyDay|[upkeep]\n|-heal|p2a: LA|58\/100|[from] item: Leftovers\n|-damage|p1b: Gyarados|12\/100 psn|[from] psn\n|-sideend|p2: KingOfGreed64|Reflect\n|upkeep\n|turn|9\n|\n|t:|1699674440\n|move|p1a: Flutter Mane|Moonblast|p2b: banana\n|-damage|p2b: banana|72\/100\n|-unboost|p2b: banana|spa|1\n|move|p1b: Gyarados|Taunt|p2b: banana\n|-start|p2b: banana|move: Taunt\n|cant|p2b: banana|move: Taunt|Leech Seed\n|move|p2a: LA|Eruption|p1a: Flutter Mane|[spread] p1a,p1b\n|-resisted|p1b: Gyarados\n|-damage|p1a: Flutter Mane|24\/100\n|-damage|p1b: Gyarados|1\/100 psn\n|\n|-weather|SunnyDay|[upkeep]\n|-heal|p2a: LA|64\/100|[from] item: Leftovers\n|-damage|p1b: Gyarados|0 fnt|[from] psn\n|faint|p1b: Gyarados\n|-end|p1a: Flutter Mane|move: Yawn|[silent]\n|-status|p1a: Flutter Mane|slp\n|upkeep\n|\n|t:|1699674454\n|switch|p1b: Mamoswine|Mamoswine, L50, M|100\/100\n|turn|10\n|\n|t:|1699674462\n|-terastallize|p2b: banana|Fire\n|cant|p1a: Flutter Mane|slp\n|move|p1b: Mamoswine|High Horsepower|p2a: LA\n|-supereffective|p2a: LA\n|-damage|p2a: LA|0 fnt\n|faint|p2a: LA\n|move|p2b: banana|Air Cutter|p1a: Flutter Mane|[spread] p1a,p1b\n|-damage|p1a: Flutter Mane|15\/100 slp\n|-damage|p1b: Mamoswine|89\/100\n|\n|-weather|SunnyDay|[upkeep]\n|upkeep\n|turn|11\n|\n|t:|1699674474\n|cant|p1a: Flutter Mane|slp\n|move|p1b: Mamoswine|High Horsepower|p2b: banana\n|-supereffective|p2b: banana\n|-crit|p2b: banana\n|-damage|p2b: banana|0 fnt\n|faint|p2b: banana\n|\n|win|LasermanZ11\n|c|\u2606KingOfGreed64|gg\n|c|&|\/uhtml prompt-kingofgreed64,KingOfGreed64 is ready for game 2!\n","uploadtime":1699674482,"views":23,"p1id":"lasermanz11","p2id":"kingofgreed64","formatid":"gen9vgc2023regulatione","rating":0,"private":0,"password":""}