{"id":"gen9vgc2023regulatione-1989238104","p1":"Arcan52","p2":"wholesomeisland","format":"[Gen 9] VGC 2023 Regulation E","log":"|j|\u2606Arcan52\n|j|\u2606wholesomeisland\n|t:|1699826709\n|gametype|doubles\n|player|p1|Arcan52|ethan|1116\n|player|p2|wholesomeisland|102|1075\n|teamsize|p1|6\n|teamsize|p2|6\n|gen|9\n|tier|[Gen 9] VGC 2023 Regulation E\n|rated|\n|rule|Species Clause: Limit one of each Pok\u00e9mon\n|rule|Item Clause: Limit one of each item\n|clearpoke\n|poke|p1|Gothitelle, L50, F|\n|poke|p1|Scream Tail, L50|\n|poke|p1|Muk-Alola, L50, M|\n|poke|p1|Basculegion, L50, M|\n|poke|p1|Azumarill, L50, M|\n|poke|p1|Amoonguss, L50, F|\n|poke|p2|Tornadus, L50, M|\n|poke|p2|Cresselia, L50, F|\n|poke|p2|Arcanine, L50, F|\n|poke|p2|Amoonguss, L50, F|\n|poke|p2|Garchomp, L50, M|\n|poke|p2|Iron Valiant, L50|\n|teampreview|4\nwholesomeisland has agreed to open team sheets.\n|\n|t:|1699826716\n|start\n|switch|p1a: Azumarill|Azumarill, L50, M|100\/100\n|switch|p1b: Amoonguss|Amoonguss, L50, F|100\/100\n|switch|p2a: Tornadus|Tornadus, L50, M, shiny|100\/100\n|switch|p2b: Cresselia|Cresselia, L50, F, shiny|100\/100\n|turn|1\n|inactive|Battle timer is ON: inactive players will automatically lose when time's up. (requested by wholesomeisland)\n|\n|t:|1699826745\n|move|p2a: Tornadus|Tailwind|p2a: Tornadus\n|-sidestart|p2: wholesomeisland|move: Tailwind\n|move|p2b: Cresselia|Dazzling Gleam|p1a: Azumarill|[spread] p1a,p1b\n|-resisted|p1b: Amoonguss\n|-damage|p1a: Azumarill|86\/100\n|-damage|p1b: Amoonguss|96\/100\n|move|p1a: Azumarill|Belly Drum|p1a: Azumarill\n|-damage|p1a: Azumarill|37\/100\n|-setboost|p1a: Azumarill|atk|6|[from] move: Belly Drum\n|move|p1b: Amoonguss|Spore|p2b: Cresselia\n|-status|p2b: Cresselia|slp|[from] move: Spore\n|\n|upkeep\n|turn|2\n|\n|t:|1699826763\n|move|p1a: Azumarill|Aqua Jet|p2a: Tornadus\n|-damage|p2a: Tornadus|0 fnt\n|faint|p2a: Tornadus\n|cant|p2b: Cresselia|slp\n|move|p1b: Amoonguss|Pollen Puff|p1a: Azumarill\n|-heal|p1a: Azumarill|86\/100\n|\n|upkeep\n|\n|t:|1699826774\n|switch|p2a: Iron Valiant|Iron Valiant, L50|100\/100\n|turn|3\n|\n|t:|1699826790\n|move|p1b: Amoonguss|Rage Powder|p1b: Amoonguss\n|-singleturn|p1b: Amoonguss|move: Rage Powder\n|move|p1a: Azumarill|Aqua Jet|p2a: Iron Valiant\n|-damage|p2a: Iron Valiant|0 fnt\n|faint|p2a: Iron Valiant\n|-end|p2a: Iron Valiant|Quark Drive|[silent]\n|-curestatus|p2b: Cresselia|slp|[msg]\n|move|p2b: Cresselia|Shadow Ball|p1b: Amoonguss\n|-damage|p1b: Amoonguss|82\/100\n|\n|upkeep\n|\n|t:|1699826794\n|switch|p2a: Arcanine|Arcanine, L50, F, shiny|100\/100\n|-ability|p2a: Arcanine|Intimidate|boost\n|-fail|p1a: Azumarill|unboost|[from] item: Clear Amulet|[of] p1a: Azumarill\n|-unboost|p1b: Amoonguss|atk|1\n|turn|4\n|inactive|Arcan52 has 30 seconds left.\n|\n|t:|1699826823\n|move|p2a: Arcanine|Extreme Speed|p1a: Azumarill\n|-damage|p1a: Azumarill|53\/100\n|-damage|p2a: Arcanine|91\/100|[from] item: Life Orb\n|move|p1a: Azumarill|Aqua Jet|p2a: Arcanine\n|-supereffective|p2a: Arcanine\n|-damage|p2a: Arcanine|0 fnt\n|faint|p2a: Arcanine\n|move|p2b: Cresselia|Shadow Ball|p1a: Azumarill\n|-damage|p1a: Azumarill|33\/100\n|move|p1b: Amoonguss|Spore|p2b: Cresselia\n|-status|p2b: Cresselia|slp|[from] move: Spore\n|\n|-sideend|p2: wholesomeisland|move: Tailwind\n|upkeep\n|turn|5\n|\n|t:|1699826845\n|cant|p2b: Cresselia|slp\n|move|p1a: Azumarill|Play Rough|p2b: Cresselia\n|-damage|p2b: Cresselia|0 fnt\n|faint|p2b: Cresselia\n|\n|win|Arcan52\n|raw|Arcan52's rating: 1116 &rarr; <strong>1138<\/strong><br \/>(+22 for winning)\n|raw|wholesomeisland's rating: 1075 &rarr; <strong>1056<\/strong><br \/>(-19 for losing)\n","uploadtime":1699826855,"views":14,"p1id":"arcan52","p2id":"wholesomeisland","formatid":"gen9vgc2023regulatione","rating":1056,"private":0,"password":""}