{"id":"gen9vgc2023regulatione-1992985836","p1":"Koalaboi3","p2":"Kzrjzkz","format":"[Gen 9] VGC 2023 Regulation E","log":"|j|\u2606Koalaboi3\n|j|\u2606Kzrjzkz\n|t:|1700252860\n|gametype|doubles\n|player|p1|Koalaboi3|169|1079\n|player|p2|Kzrjzkz|lance|1000\n|teamsize|p1|6\n|teamsize|p2|6\n|gen|9\n|tier|[Gen 9] VGC 2023 Regulation E\n|rated|\n|rule|Species Clause: Limit one of each Pok\u00e9mon\n|rule|Item Clause: Limit one of each item\n|clearpoke\n|poke|p1|Thundurus-Therian, L50, M|\n|poke|p1|Gliscor, L50, F|\n|poke|p1|Pachirisu, L50, M|\n|poke|p1|Eelektross, L50, F|\n|poke|p1|Lurantis, L50, M|\n|poke|p1|Sinistcha-Masterpiece, L50|\n|poke|p2|Flutter Mane, L50|\n|poke|p2|Tornadus, L50, M|\n|poke|p2|Rillaboom, L50, F|\n|poke|p2|Garganacl, L50, F|\n|poke|p2|Arcanine-Hisui, L50, F|\n|poke|p2|Chien-Pao, L50|\n|teampreview|4\n|\n|t:|1700252883\n|start\n|switch|p1a: Thundurus|Thundurus-Therian, L50, M|100\/100\n|switch|p1b: Pachirisu|Pachirisu, L50, M|100\/100\n|switch|p2a: Tornadus|Tornadus, L50, M|100\/100\n|switch|p2b: Garganacl|Garganacl, L50, F|100\/100\n|turn|1\n|\n|t:|1700252902\n|switch|p1a: Lurantis|Lurantis, L50, M|100\/100\n|move|p2a: Tornadus|Taunt|p1b: Pachirisu\n|-start|p1b: Pachirisu|move: Taunt\n|move|p1b: Pachirisu|Nuzzle|p2a: Tornadus\n|-supereffective|p2a: Tornadus\n|-damage|p2a: Tornadus|90\/100\n|-status|p2a: Tornadus|par\n|-damage|p1b: Pachirisu|84\/100|[from] item: Rocky Helmet|[of] p2a: Tornadus\n|move|p2b: Garganacl|Salt Cure|p1a: Lurantis\n|-damage|p1a: Lurantis|85\/100\n|-start|p1a: Lurantis|Salt Cure\n|\n|-damage|p1a: Lurantis|73\/100|[from] Salt Cure\n|upkeep\n|turn|2\n|\n|t:|1700252937\n|-terastallize|p1a: Lurantis|Poison\n|move|p2b: Garganacl|Protect|p2b: Garganacl\n|-singleturn|p2b: Garganacl|Protect\n|move|p2a: Tornadus|Tailwind|p2a: Tornadus\n|-sidestart|p2: Kzrjzkz|move: Tailwind\n|move|p1b: Pachirisu|Super Fang|p2a: Tornadus\n|-damage|p2a: Tornadus|45\/100 par\n|-damage|p1b: Pachirisu|68\/100|[from] item: Rocky Helmet|[of] p2a: Tornadus\n|move|p1a: Lurantis|Superpower|p2b: Garganacl\n|-activate|p2b: Garganacl|move: Protect\n|\n|-damage|p1a: Lurantis|60\/100|[from] Salt Cure\n|upkeep\n|turn|3\n|\n|t:|1700252957\n|switch|p1b: Sinistcha|Sinistcha-Masterpiece, L50|100\/100\n|-heal|p1a: Lurantis|85\/100|[from] ability: Hospitality|[of] p1b: Sinistcha\n|-terastallize|p2b: Garganacl|Ghost\n|cant|p2a: Tornadus|par\n|move|p2b: Garganacl|Iron Defense|p2b: Garganacl\n|-boost|p2b: Garganacl|def|2\n|move|p1a: Lurantis|Superpower|p2b: Garganacl\n|-immune|p2b: Garganacl\n|\n|-damage|p1a: Lurantis|73\/100|[from] Salt Cure\n|upkeep\n|turn|4\n|\n|t:|1700252977\n|move|p1b: Sinistcha|Rage Powder|p1b: Sinistcha\n|-singleturn|p1b: Sinistcha|move: Rage Powder\n|move|p2a: Tornadus|Bleakwind Storm|p1b: Sinistcha|[spread] p1a\n|-miss|p2a: Tornadus|p1b: Sinistcha\n|-damage|p1a: Lurantis|41\/100\n|move|p2b: Garganacl|Iron Defense|p2b: Garganacl\n|-boost|p2b: Garganacl|def|2\n|move|p1a: Lurantis|Superpower|p2a: Tornadus\n|-resisted|p2a: Tornadus\n|-damage|p2a: Tornadus|21\/100 par\n|-boost|p1a: Lurantis|atk|1\n|-boost|p1a: Lurantis|def|1\n|-damage|p1a: Lurantis|24\/100|[from] item: Rocky Helmet|[of] p2a: Tornadus\n|-enditem|p1a: Lurantis|Figy Berry|[eat]\n|-heal|p1a: Lurantis|58\/100|[from] item: Figy Berry\n|\n|-damage|p1a: Lurantis|45\/100|[from] Salt Cure\n|upkeep\n|turn|5\n|\n|t:|1700253005\n|cant|p2a: Tornadus|par\n|move|p2b: Garganacl|Salt Cure|p1b: Sinistcha\n|-damage|p1b: Sinistcha|90\/100\n|-start|p1b: Sinistcha|Salt Cure\n|move|p1b: Sinistcha|Strength Sap|p1a: Lurantis\n|-boost|p1a: Lurantis|atk|1\n|-heal|p1b: Sinistcha|100\/100\n|move|p1a: Lurantis|Leaf Blade|p2b: Garganacl\n|-crit|p2b: Garganacl\n|-damage|p2b: Garganacl|7\/100\n|-enditem|p2b: Garganacl|Sitrus Berry|[eat]\n|-heal|p2b: Garganacl|32\/100|[from] item: Sitrus Berry\n|\n|-damage|p1b: Sinistcha|88\/100|[from] Salt Cure\n|-damage|p1a: Lurantis|33\/100|[from] Salt Cure\n|-sideend|p2: Kzrjzkz|move: Tailwind\n|upkeep\n|turn|6\n|\n|t:|1700253048\n|move|p1b: Sinistcha|Protect|p1b: Sinistcha\n|-singleturn|p1b: Sinistcha|Protect\n|move|p2b: Garganacl|Protect|p2b: Garganacl\n|-singleturn|p2b: Garganacl|Protect\n|move|p2a: Tornadus|Bleakwind Storm|p1a: Lurantis|[spread] p1a\n|-activate|p1b: Sinistcha|move: Protect\n|-damage|p1a: Lurantis|0 fnt\n|faint|p1a: Lurantis\n|\n|-heal|p1b: Sinistcha|94\/100|[from] item: Leftovers\n|-damage|p1b: Sinistcha|82\/100|[from] Salt Cure\n|upkeep\n|\n|t:|1700253058\n|switch|p1a: Thundurus|Thundurus-Therian, L50, M|100\/100\n|turn|7\n|\n|t:|1700253064\n|switch|p1b: Pachirisu|Pachirisu, L50, M|68\/100\n|move|p2a: Tornadus|Tailwind|p2a: Tornadus\n|-sidestart|p2: Kzrjzkz|move: Tailwind\n|move|p1a: Thundurus|Discharge|p2b: Garganacl|[spread] p2a,p2b\n|-heal|p1b: Pachirisu|93\/100|[from] ability: Volt Absorb|[of] p1a: Thundurus\n|-supereffective|p2a: Tornadus\n|-damage|p2a: Tornadus|0 fnt\n|-damage|p2b: Garganacl|10\/100\n|faint|p2a: Tornadus\n|move|p2b: Garganacl|Recover|p2b: Garganacl\n|-heal|p2b: Garganacl|60\/100\n|\n|upkeep\n|\n|t:|1700253077\n|switch|p2a: Arcanine|Arcanine-Hisui, L50, F|100\/100\n|-ability|p2a: Arcanine|Intimidate|boost\n|-unboost|p1a: Thundurus|atk|1\n|-unboost|p1b: Pachirisu|atk|1\n|turn|8\n|\n|t:|1700253086\n|move|p1a: Thundurus|Protect|p1a: Thundurus\n|-singleturn|p1a: Thundurus|Protect\n|move|p2a: Arcanine|Rock Slide|p1b: Pachirisu|[spread] p1b\n|-activate|p1a: Thundurus|move: Protect\n|-damage|p1b: Pachirisu|31\/100\n|move|p1b: Pachirisu|Nuzzle|p2a: Arcanine\n|-damage|p2a: Arcanine|97\/100\n|-status|p2a: Arcanine|par\n|move|p2b: Garganacl|Salt Cure|p1a: Thundurus\n|-activate|p1a: Thundurus|move: Protect\n|\n|upkeep\n|turn|9\n|\n|t:|1700253106\n|move|p1a: Thundurus|Discharge|p2b: Garganacl|[spread] p2a,p2b\n|-heal|p1b: Pachirisu|56\/100|[from] ability: Volt Absorb|[of] p1a: Thundurus\n|-damage|p2a: Arcanine|58\/100 par\n|-damage|p2b: Garganacl|36\/100\n|move|p1b: Pachirisu|Super Fang|p2b: Garganacl\n|-immune|p2b: Garganacl\n|move|p2a: Arcanine|Rock Slide|p1b: Pachirisu|[spread] p1a,p1b\n|-supereffective|p1a: Thundurus\n|-damage|p1a: Thundurus|0 fnt\n|-damage|p1b: Pachirisu|3\/100\n|-enditem|p1b: Pachirisu|Aguav Berry|[eat]\n|-heal|p1b: Pachirisu|36\/100|[from] item: Aguav Berry\n|faint|p1a: Thundurus\n|move|p2b: Garganacl|Salt Cure|p1b: Pachirisu\n|-damage|p1b: Pachirisu|16\/100\n|-start|p1b: Pachirisu|Salt Cure\n|\n|-damage|p1b: Pachirisu|4\/100|[from] Salt Cure\n|upkeep\n|\n|t:|1700253118\n|switch|p1a: Sinistcha|Sinistcha-Masterpiece, L50|82\/100\n|-heal|p1b: Pachirisu|29\/100|[from] ability: Hospitality|[of] p1a: Sinistcha\n|turn|10\n|\n|t:|1700253130\n|switch|p2a: Rillaboom|Rillaboom, L50, F|100\/100\n|-fieldstart|move: Grassy Terrain|[from] ability: Grassy Surge|[of] p2a: Rillaboom\n|move|p1b: Pachirisu|Nuzzle|p2b: Garganacl\n|-damage|p2b: Garganacl|36\/100\n|move|p2b: Garganacl|Recover|p2b: Garganacl\n|-heal|p2b: Garganacl|86\/100\n|move|p1a: Sinistcha|Matcha Gotcha|p2b: Garganacl|[spread] p2a,p2b\n|-resisted|p2a: Rillaboom\n|-damage|p2a: Rillaboom|88\/100\n|-heal|p1a: Sinistcha|89\/100|[from] drain|[of] p2a: Rillaboom\n|-damage|p2b: Garganacl|67\/100\n|-heal|p1a: Sinistcha|100\/100|[from] drain|[of] p2b: Garganacl\n|\n|-heal|p2a: Rillaboom|94\/100|[from] Grassy Terrain\n|-heal|p1b: Pachirisu|35\/100|[from] Grassy Terrain\n|-heal|p2b: Garganacl|72\/100|[from] Grassy Terrain\n|-damage|p1b: Pachirisu|23\/100|[from] Salt Cure\n|-sideend|p2: Kzrjzkz|move: Tailwind\n|upkeep\n|turn|11\n|-message|Koalaboi3 forfeited.\n|\n|win|Kzrjzkz\n|raw|Koalaboi3's rating: 1079 &rarr; <strong>1052<\/strong><br \/>(-27 for losing)\n|raw|Kzrjzkz's rating: 1000 &rarr; <strong>1049<\/strong><br \/>(+49 for winning)\n|l|\u2606Koalaboi3\n","uploadtime":1700253148,"views":10,"p1id":"koalaboi3","p2id":"kzrjzkz","formatid":"gen9vgc2023regulatione","rating":1049,"private":0,"password":""}