{"id":"gen9vgc2023regulatione-1988239726","p1":"Josuee_29","p2":"cl123","format":"[Gen 9] VGC 2023 Regulation E","log":"|j|\u2606Josuee_29\n|j|\u2606cl123\n|t:|1699692125\n|gametype|doubles\n|player|p1|Josuee_29|lucas|1234\n|player|p2|cl123|102|1292\n|teamsize|p1|6\n|teamsize|p2|6\n|gen|9\n|tier|[Gen 9] VGC 2023 Regulation E\n|rated|\n|rule|Species Clause: Limit one of each Pok\u00e9mon\n|rule|Item Clause: Limit one of each item\n|clearpoke\n|poke|p1|Tornadus, L50, M|\n|poke|p1|Iron Hands, L50|\n|poke|p1|Rillaboom, L50, F|\n|poke|p1|Flutter Mane, L50|\n|poke|p1|Ogerpon-Hearthflame, L50, F|\n|poke|p1|Heatran, L50, F|\n|poke|p2|Chien-Pao, L50|\n|poke|p2|Scizor, L50, M|\n|poke|p2|Chi-Yu, L50|\n|poke|p2|Perrserker, L50, F|\n|poke|p2|Dragonite, L50, M|\n|poke|p2|Munkidori, L50, M|\n|teampreview|4\n|\n|t:|1699692178\n|start\n|switch|p1a: Iron Hands|Iron Hands, L50|100\/100\n|switch|p1b: Heatran|Heatran, L50, F|100\/100\n|switch|p2a: Dragonite|Dragonite, L50, M|100\/100\n|switch|p2b: Scizor|Scizor, L50, M|100\/100\n|turn|1\n|\n|t:|1699692196\n|move|p2b: Scizor|Protect|p2b: Scizor\n|-singleturn|p2b: Scizor|Protect\n|move|p1a: Iron Hands|Fake Out|p2a: Dragonite\n|-damage|p2a: Dragonite|85\/100\n|move|p1b: Heatran|Heat Wave|p2a: Dragonite|[spread] p2a\n|-activate|p2b: Scizor|move: Protect\n|-resisted|p2a: Dragonite\n|-damage|p2a: Dragonite|67\/100\n|move|p2a: Dragonite|Earthquake|p1a: Iron Hands|[spread] p1a,p1b\n|-activate|p2b: Scizor|move: Protect\n|-supereffective|p1a: Iron Hands\n|-crit|p1a: Iron Hands\n|-supereffective|p1b: Heatran\n|-damage|p1a: Iron Hands|11\/100\n|-damage|p1b: Heatran|0 fnt\n|faint|p1b: Heatran\n|\n|upkeep\n|\n|t:|1699692216\n|switch|p1b: Flutter Mane|Flutter Mane, L50, shiny|100\/100\n|turn|2\n|\n|t:|1699692239\n|switch|p2a: Perrserker|Perrserker, L50, F|100\/100\n|move|p1b: Flutter Mane|Protect|p1b: Flutter Mane\n|-singleturn|p1b: Flutter Mane|Protect\n|move|p2b: Scizor|Bullet Punch|p1a: Iron Hands\n|-resisted|p1a: Iron Hands\n|-damage|p1a: Iron Hands|0 fnt\n|faint|p1a: Iron Hands\n|-end|p1a: Iron Hands|Quark Drive|[silent]\n|-damage|p2b: Scizor|90\/100|[from] item: Life Orb\n|\n|upkeep\n|\n|t:|1699692251\n|switch|p1a: Ogerpon|Ogerpon-Hearthflame, L50, F|100\/100\n|-ability|p1a: Ogerpon|Mold Breaker\n|turn|3\n|\n|t:|1699692292\n|move|p2a: Perrserker|Fake Out|p1a: Ogerpon\n|-damage|p1a: Ogerpon|86\/100\n|move|p2b: Scizor|Bullet Punch|p1b: Flutter Mane\n|-supereffective|p1b: Flutter Mane\n|-damage|p1b: Flutter Mane|0 fnt\n|faint|p1b: Flutter Mane\n|-end|p1b: Flutter Mane|Protosynthesis|[silent]\n|-damage|p2b: Scizor|80\/100|[from] item: Life Orb\n|cant|p1a: Ogerpon|flinch\n|\n|upkeep\n|turn|4\n|\n|t:|1699692338\n|move|p1a: Ogerpon|Ivy Cudgel|p2b: Scizor\n|-supereffective|p2b: Scizor\n|-damage|p2b: Scizor|0 fnt\n|faint|p2b: Scizor\n|move|p2a: Perrserker|Close Combat|p1a: Ogerpon\n|-damage|p1a: Ogerpon|45\/100\n|-unboost|p2a: Perrserker|def|1\n|-unboost|p2a: Perrserker|spd|1\n|\n|upkeep\n|\n|t:|1699692348\n|switch|p2b: Dragonite|Dragonite, L50, M|67\/100\n|turn|5\n|\n|t:|1699692359\n|switch|p2a: Chien-Pao|Chien-Pao, L50|100\/100\n|-ability|p2a: Chien-Pao|Sword of Ruin\n|-terastallize|p2b: Dragonite|Normal\n|move|p1a: Ogerpon|Spiky Shield|p1a: Ogerpon\n|-singleturn|p1a: Ogerpon|move: Protect\n|move|p2b: Dragonite|Extreme Speed|p1a: Ogerpon\n|-activate|p1a: Ogerpon|move: Protect\n|-damage|p2b: Dragonite|54\/100|[from] Spiky Shield|[of] p1a: Ogerpon\n|\n|upkeep\n|turn|6\n|\n|t:|1699692381\n|-terastallize|p1a: Ogerpon|Fire\n|detailschange|p1a: Ogerpon|Ogerpon-Hearthflame-Tera, L50, F, tera:Fire\n|-ability|p1a: Ogerpon|Embody Aspect (Hearthflame)|boost\n|-boost|p1a: Ogerpon|atk|1\n|move|p2b: Dragonite|Extreme Speed|p1a: Ogerpon\n|-damage|p1a: Ogerpon|0 fnt\n|faint|p1a: Ogerpon\n|\n|win|cl123\n|raw|Josuee_29's rating: 1234 &rarr; <strong>1213<\/strong><br \/>(-21 for losing)\n|raw|cl123's rating: 1292 &rarr; <strong>1313<\/strong><br \/>(+21 for winning)\n","uploadtime":1699692394,"views":34,"p1id":"josuee29","p2id":"cl123","formatid":"gen9vgc2023regulatione","rating":1213,"private":0,"password":""}