{"id":"gen9vgc2023regulatione-1993745039","p1":"PunkRockObstagoon","p2":"BlindMagneton","format":"[Gen 9] VGC 2023 Regulation E","log":"|j|\u2606PunkRockObstagoon\n|j|\u2606BlindMagneton\n|t:|1700352180\n|gametype|doubles\n|player|p1|PunkRockObstagoon|bruno|1417\n|player|p2|BlindMagneton|wattson|1427\n|teamsize|p1|6\n|teamsize|p2|6\n|gen|9\n|tier|[Gen 9] VGC 2023 Regulation E\n|rated|\n|rule|Species Clause: Limit one of each Pok\u00e9mon\n|rule|Item Clause: Limit one of each item\n|clearpoke\n|poke|p1|Spinarak, L50, M|\n|poke|p1|Tatsugiri-Droopy, L50, M|\n|poke|p1|Gallade, L50, M|\n|poke|p1|Heatran, L50, F|\n|poke|p1|Lurantis, L50, F|\n|poke|p1|Farigiraf, L50, F|\n|poke|p2|Mandibuzz, L50, F|\n|poke|p2|Ninetales-Alola, L50, F|\n|poke|p2|Iron Hands, L50|\n|poke|p2|Flamigo, L50, F|\n|poke|p2|Farigiraf, L50, M|\n|poke|p2|Hydreigon, L50, F|\n|teampreview|4\n|inactive|Battle timer is ON: inactive players will automatically lose when time's up. (requested by PunkRockObstagoon)\n|inactive|BlindMagneton has 60 seconds left.\n|inactive|BlindMagneton has 30 seconds left.\n|inactive|BlindMagneton has 20 seconds left.\n|inactive|BlindMagneton has 15 seconds left.\n|inactive|BlindMagneton has 10 seconds left.\n|\n|t:|1700352265\n|start\n|switch|p1a: Farigiraf|Farigiraf, L50, F|100\/100\n|switch|p1b: Heatran|Heatran, L50, F|100\/100\n|switch|p2a: Farigiraf|Farigiraf, L50, M|100\/100\n|switch|p2b: Hydreigon|Hydreigon, L50, F|100\/100\n|turn|1\n|\n|t:|1700352286\n|move|p1b: Heatran|Heat Wave|p2a: Farigiraf|[spread] p2a,p2b\n|-resisted|p2b: Hydreigon\n|-damage|p2a: Farigiraf|69\/100\n|-damage|p2b: Hydreigon|85\/100\n|move|p2b: Hydreigon|Earth Power|p1b: Heatran\n|-supereffective|p1b: Heatran\n|-damage|p1b: Heatran|0 fnt\n|faint|p1b: Heatran\n|move|p2a: Farigiraf|Imprison|p2a: Farigiraf\n|-start|p2a: Farigiraf|move: Imprison\n|move|p1a: Farigiraf|Low Kick|p2b: Hydreigon\n|-supereffective|p2b: Hydreigon\n|-damage|p2b: Hydreigon|30\/100\n|\n|upkeep\n|\n|t:|1700352301\n|switch|p1b: Lurantis|Lurantis, L50, F|100\/100\n|turn|2\n|inactive|BlindMagneton has 30 seconds left.\n|\n|t:|1700352333\n|switch|p2b: Ninetales|Ninetales-Alola, L50, F|100\/100\n|-weather|Snow|[from] ability: Snow Warning|[of] p2b: Ninetales\n|-terastallize|p2a: Farigiraf|Fairy\n|-terastallize|p1a: Farigiraf|Steel\n|move|p2a: Farigiraf|Hyper Voice|p1a: Farigiraf|[spread] p1a,p1b\n|-resisted|p1a: Farigiraf\n|-damage|p1a: Farigiraf|81\/100\n|-damage|p1b: Lurantis|77\/100\n|-enditem|p2a: Farigiraf|Throat Spray\n|-boost|p2a: Farigiraf|spa|1|[from] item: Throat Spray\n|move|p1a: Farigiraf|Low Kick|p2a: Farigiraf\n|-resisted|p2a: Farigiraf\n|-damage|p2a: Farigiraf|54\/100\n|move|p1b: Lurantis|Superpower|p2b: Ninetales\n|-damage|p2b: Ninetales|61\/100\n|-boost|p1b: Lurantis|atk|1\n|-boost|p1b: Lurantis|def|1\n|\n|-weather|Snow|[upkeep]\n|upkeep\n|turn|3\n|\n|t:|1700352355\n|move|p2b: Ninetales|Blizzard|p1a: Farigiraf|[spread] p1a,p1b\n|-resisted|p1a: Farigiraf\n|-supereffective|p1b: Lurantis\n|-damage|p1a: Farigiraf|62\/100\n|-damage|p1b: Lurantis|26\/100\n|move|p2a: Farigiraf|Hyper Voice|p1a: Farigiraf|[spread] p1a,p1b\n|-resisted|p1a: Farigiraf\n|-damage|p1a: Farigiraf|36\/100\n|-damage|p1b: Lurantis|0 fnt\n|faint|p1b: Lurantis\n|move|p1a: Farigiraf|Psychic|p2b: Ninetales\n|-damage|p2b: Ninetales|3\/100\n|\n|-weather|Snow|[upkeep]\n|upkeep\n|\n|t:|1700352376\n|switch|p1b: Gallade|Gallade, L50, M|100\/100\n|turn|4\n|inactive|BlindMagneton has 30 seconds left.\n|inactive|BlindMagneton has 20 seconds left.\n|\n|t:|1700352415\n|move|p1b: Gallade|Wide Guard|p1b: Gallade\n|-singleturn|p1b: Gallade|Wide Guard\n|move|p2b: Ninetales|Blizzard|p1b: Gallade|[spread] \n|-activate|p1a: Farigiraf|move: Wide Guard\n|-activate|p1b: Gallade|move: Wide Guard\n|move|p2a: Farigiraf|Dazzling Gleam|p1b: Gallade|[spread] \n|-activate|p1a: Farigiraf|move: Wide Guard\n|-activate|p1b: Gallade|move: Wide Guard\n|move|p1a: Farigiraf|Psychic|p2b: Ninetales\n|-damage|p2b: Ninetales|0 fnt\n|faint|p2b: Ninetales\n|\n|-weather|Snow|[upkeep]\n|upkeep\n|\n|t:|1700352432\n|switch|p2b: Hydreigon|Hydreigon, L50, F|30\/100\n|turn|5\n|\n|t:|1700352449\n|move|p2b: Hydreigon|Earth Power|p1a: Farigiraf\n|-supereffective|p1a: Farigiraf\n|-damage|p1a: Farigiraf|0 fnt\n|faint|p1a: Farigiraf\n|move|p2a: Farigiraf|Dazzling Gleam|p1b: Gallade\n|-supereffective|p1b: Gallade\n|-damage|p1b: Gallade|1\/100\n|move|p1b: Gallade|Sacred Sword|p2b: Hydreigon\n|-supereffective|p2b: Hydreigon\n|-damage|p2b: Hydreigon|0 fnt\n|faint|p2b: Hydreigon\n|\n|-weather|Snow|[upkeep]\n|upkeep\n|\n|t:|1700352452\n|switch|p2b: Mandibuzz|Mandibuzz, L50, F|100\/100\n|turn|6\n|-message|PunkRockObstagoon forfeited.\n|\n|win|BlindMagneton\n|raw|PunkRockObstagoon's rating: 1381 &rarr; <strong>1364<\/strong><br \/>(-17 for losing)\n|raw|BlindMagneton's rating: 1427 &rarr; <strong>1444<\/strong><br \/>(+17 for winning)\n|l|\u2606PunkRockObstagoon\n","uploadtime":1700352462,"views":11,"p1id":"punkrockobstagoon","p2id":"blindmagneton","formatid":"gen9vgc2023regulatione","rating":1364,"private":0,"password":""}