{"id":"gen9vgc2023regulatione-1997729635","p1":"Testing 2400","p2":"Pietrym harder","format":"[Gen 9] VGC 2023 Regulation E","log":"|j|\u2606Testing 2400\n|j|\u2606Pietrym harder\n|t:|1700846490\n|gametype|doubles\n|player|p1|Testing 2400|benga|1220\n|player|p2|Pietrym harder|shauntal|1254\n|teamsize|p1|6\n|teamsize|p2|6\n|gen|9\n|tier|[Gen 9] VGC 2023 Regulation E\n|rated|\n|rule|Species Clause: Limit one of each Pok\u00e9mon\n|rule|Item Clause: Limit one of each item\n|clearpoke\n|poke|p1|Tornadus, L50, M|\n|poke|p1|Landorus-Therian, L50, M|\n|poke|p1|Iron Hands, L50|\n|poke|p1|Amoonguss, L50, M|\n|poke|p1|Urshifu-*, L50, M|\n|poke|p1|Ogerpon-Hearthflame, L50, F|\n|poke|p2|Rillaboom, L50, F|\n|poke|p2|Murkrow, L50, F|\n|poke|p2|Toxtricity, L50, F|\n|poke|p2|Maushold, L50|\n|poke|p2|Chi-Yu, L50|\n|poke|p2|Iron Bundle, L50|\n|teampreview|4\n|inactive|Battle timer is ON: inactive players will automatically lose when time's up. (requested by Pietrym harder)\n|inactive|Pietrym harder has 60 seconds left.\n|inactive|Testing 2400 has 60 seconds left.\n|\n|t:|1700846554\n|start\n|switch|p1a: Tornadus|Tornadus, L50, M|100\/100\n|switch|p1b: Landorus|Landorus-Therian, L50, M|100\/100\n|switch|p2a: Murkrow|Murkrow, L50, F|100\/100\n|switch|p2b: Chi-Yu|Chi-Yu, L50|100\/100\n|-ability|p1b: Landorus|Intimidate|boost\n|-unboost|p2a: Murkrow|atk|1\n|-unboost|p2b: Chi-Yu|atk|1\n|-ability|p2b: Chi-Yu|Beads of Ruin\n|turn|1\n|inactive|Pietrym harder has 30 seconds left.\n|\n|t:|1700846581\n|-terastallize|p2b: Chi-Yu|Dark\n|move|p1a: Tornadus|Tailwind|p1a: Tornadus\n|-sidestart|p1: Testing 2400|move: Tailwind\n|move|p2a: Murkrow|Quash|p1b: Landorus\n|-activate|p1b: Landorus|move: Quash\n|move|p2b: Chi-Yu|Heat Wave|p1a: Tornadus|[spread] p1a\n|-miss|p2b: Chi-Yu|p1b: Landorus\n|-damage|p1a: Tornadus|12\/100\n|move|p1b: Landorus|Stomping Tantrum|p2b: Chi-Yu\n|-damage|p2b: Chi-Yu|29\/100\n|\n|upkeep\n|turn|2\n|inactive|Testing 2400 has 30 seconds left.\n|inactive|Pietrym harder has 30 seconds left.\n|inactive|Testing 2400 has 20 seconds left.\n|\n|t:|1700846617\n|switch|p1b: Iron Hands|Iron Hands, L50, shiny|100\/100\n|switch|p2b: Rillaboom|Rillaboom, L50, F|100\/100\n|-fieldstart|move: Grassy Terrain|[from] ability: Grassy Surge|[of] p2b: Rillaboom\n|move|p1a: Tornadus|Rain Dance|p1a: Tornadus\n|-weather|RainDance\n|move|p2a: Murkrow|Tailwind|p2a: Murkrow\n|-sidestart|p2: Pietrym harder|move: Tailwind\n|\n|-weather|RainDance|[upkeep]\n|upkeep\n|turn|3\n|inactive|Pietrym harder has 30 seconds left.\n|\n|t:|1700846646\n|-terastallize|p1a: Tornadus|Ghost\n|move|p2a: Murkrow|Perish Song|p2a: Murkrow\n|-start|p1a: Tornadus|perish3|[silent]\n|-start|p1b: Iron Hands|perish3|[silent]\n|-start|p2a: Murkrow|perish3|[silent]\n|-start|p2b: Rillaboom|perish3|[silent]\n|-fieldactivate|move: Perish Song\n|move|p2b: Rillaboom|Grassy Glide|p1a: Tornadus\n|-damage|p1a: Tornadus|0 fnt\n|faint|p1a: Tornadus\n|move|p1b: Iron Hands|Wild Charge|p2a: Murkrow\n|-supereffective|p2a: Murkrow\n|-damage|p2a: Murkrow|18\/100\n|-damage|p1b: Iron Hands|85\/100|[from] Recoil\n|\n|-weather|RainDance|[upkeep]\n|-heal|p1b: Iron Hands|91\/100|[from] Grassy Terrain\n|-start|p2a: Murkrow|perish3\n|-start|p2b: Rillaboom|perish3\n|-start|p1b: Iron Hands|perish3\n|upkeep\n|\n|t:|1700846657\n|switch|p1a: Landorus|Landorus-Therian, L50, M|100\/100\n|-ability|p1a: Landorus|Intimidate|boost\n|-unboost|p2a: Murkrow|atk|1\n|-unboost|p2b: Rillaboom|atk|1\n|turn|4\n|\n|t:|1700846675\n|move|p2a: Murkrow|Quash|p1a: Landorus\n|-activate|p1a: Landorus|move: Quash\n|move|p2b: Rillaboom|Wood Hammer|p1a: Landorus\n|-damage|p1a: Landorus|27\/100\n|-damage|p2b: Rillaboom|80\/100|[from] Recoil\n|move|p1b: Iron Hands|Drain Punch|p2b: Rillaboom\n|-damage|p2b: Rillaboom|42\/100\n|-heal|p1b: Iron Hands|100\/100|[from] drain|[of] p2b: Rillaboom\n|move|p1a: Landorus|U-turn|p2b: Rillaboom\n|-supereffective|p2b: Rillaboom\n|-damage|p2b: Rillaboom|0 fnt\n|faint|p2b: Rillaboom\n|\n|t:|1700846687\n|switch|p1a: Urshifu|Urshifu-Rapid-Strike, L50, M|100\/100|[from] U-turn\n|\n|-weather|RainDance|[upkeep]\n|-start|p2a: Murkrow|perish2\n|-start|p1b: Iron Hands|perish2\n|-sideend|p1: Testing 2400|move: Tailwind\n|upkeep\n|\n|t:|1700846695\n|switch|p2b: Iron Bundle|Iron Bundle, L50|100\/100\n|turn|5\n|inactive|Pietrym harder has 30 seconds left.\n|\n|t:|1700846725\n|move|p1a: Urshifu|Detect|p1a: Urshifu\n|-singleturn|p1a: Urshifu|Protect\n|move|p2a: Murkrow|Quash|p1a: Urshifu\n|-activate|p1a: Urshifu|move: Protect\n|move|p2b: Iron Bundle|Freeze-Dry|p1a: Urshifu\n|-activate|p1a: Urshifu|move: Protect\n|move|p1b: Iron Hands|Wild Charge|p2b: Iron Bundle\n|-supereffective|p2b: Iron Bundle\n|-enditem|p2b: Iron Bundle|Focus Sash\n|-damage|p2b: Iron Bundle|1\/100\n|-damage|p1b: Iron Hands|86\/100|[from] Recoil\n|\n|-weather|RainDance|[upkeep]\n|-heal|p2b: Iron Bundle|7\/100|[from] Grassy Terrain\n|-heal|p1b: Iron Hands|92\/100|[from] Grassy Terrain\n|-start|p2a: Murkrow|perish1\n|-start|p1b: Iron Hands|perish1\n|-sideend|p2: Pietrym harder|move: Tailwind\n|upkeep\n|turn|6\n|\n|t:|1700846742\n|-end|p1b: Iron Hands|Quark Drive|[silent]\n|switch|p1b: Landorus|Landorus-Therian, L50, M|27\/100\n|-ability|p1b: Landorus|Intimidate|boost\n|-unboost|p2a: Murkrow|atk|1\n|-unboost|p2b: Iron Bundle|atk|1\n|move|p1a: Urshifu|Aqua Jet|p2b: Iron Bundle\n|-resisted|p2b: Iron Bundle\n|-damage|p2b: Iron Bundle|0 fnt\n|faint|p2b: Iron Bundle\n|-end|p2b: Iron Bundle|Quark Drive|[silent]\n|move|p2a: Murkrow|Quash||[still]\n|-fail|p2a: Murkrow\n|\n|-weather|none\n|-start|p2a: Murkrow|perish0\n|-fieldend|move: Grassy Terrain\n|upkeep\n|faint|p2a: Murkrow\n|-message|Pietrym harder forfeited.\n|\n|win|Testing 2400\n|raw|Testing 2400's rating: 1220 &rarr; <strong>1247<\/strong><br \/>(+27 for winning)\n|raw|Pietrym harder's rating: 1254 &rarr; <strong>1227<\/strong><br \/>(-27 for losing)\n|l|\u2606Pietrym harder\n","uploadtime":1700846858,"views":7,"p1id":"testing2400","p2id":"pietrymharder","formatid":"gen9vgc2023regulatione","rating":1227,"private":0,"password":""}