{"id":"gen9vgc2023regulatione-1997690452","p1":"imo73","p2":"dcfghuijmhbg","format":"[Gen 9] VGC 2023 Regulation E","log":"|j|\u2606imo73\n|j|\u2606dcfghuijmhbg\n|t:|1700842184\n|gametype|doubles\n|player|p1|imo73|2|1094\n|player|p2|dcfghuijmhbg|266|1142\n|teamsize|p1|6\n|teamsize|p2|6\n|gen|9\n|tier|[Gen 9] VGC 2023 Regulation E\n|rated|\n|rule|Species Clause: Limit one of each Pok\u00e9mon\n|rule|Item Clause: Limit one of each item\n|clearpoke\n|poke|p1|Urshifu-*, L50, M|\n|poke|p1|Tornadus, L50, M|\n|poke|p1|Farigiraf, L50, M|\n|poke|p1|Klefki, L50, F|\n|poke|p1|Ogerpon-Wellspring, L50, F|\n|poke|p1|Amoonguss, L50, F|\n|poke|p2|Arcanine, L50, F|\n|poke|p2|Roaring Moon, L50|\n|poke|p2|Iron Hands, L50|\n|poke|p2|Ogerpon, L50, F|\n|poke|p2|Gastrodon-East, L50, M|\n|poke|p2|Sylveon, L50, M|\n|teampreview|4\n|\n|t:|1700842220\n|start\n|switch|p1a: Urshifu|Urshifu, L50, M|100\/100\n|switch|p1b: Klefki|Klefki, L50, F|100\/100\n|switch|p2a: Arcanine|Arcanine, L50, F|100\/100\n|switch|p2b: Iron Hands|Iron Hands, L50, shiny|100\/100\n|-ability|p2a: Arcanine|Intimidate|boost\n|-unboost|p1a: Urshifu|atk|1\n|-unboost|p1b: Klefki|atk|1\n|turn|1\n|\n|t:|1700842249\n|move|p1b: Klefki|Reflect|p1b: Klefki\n|-sidestart|p1: imo73|Reflect\n|move|p1a: Urshifu|Wicked Blow|p2a: Arcanine\n|-crit|p2a: Arcanine\n|-damage|p2a: Arcanine|25\/100\n|move|p2a: Arcanine|Will-O-Wisp|p1a: Urshifu\n|-status|p1a: Urshifu|brn\n|-enditem|p1a: Urshifu|Lum Berry|[eat]\n|-curestatus|p1a: Urshifu|brn|[msg]\n|move|p2b: Iron Hands|Heavy Slam|p1b: Klefki\n|-crit|p1b: Klefki\n|-damage|p1b: Klefki|40\/100\n|\n|upkeep\n|turn|2\n|\n|t:|1700842270\n|switch|p2a: Roaring Moon|Roaring Moon, L50, shiny|100\/100\n|-enditem|p2a: Roaring Moon|Booster Energy\n|-activate|p2a: Roaring Moon|ability: Protosynthesis|[fromitem]\n|-start|p2a: Roaring Moon|protosynthesisspe\n|move|p1b: Klefki|Magic Room|p1b: Klefki\n|-fieldstart|move: Magic Room|[of] p1b: Klefki\n|move|p1a: Urshifu|Wicked Blow|p2a: Roaring Moon\n|-resisted|p2a: Roaring Moon\n|-crit|p2a: Roaring Moon\n|-damage|p2a: Roaring Moon|61\/100\n|move|p2b: Iron Hands|Drain Punch|p1a: Urshifu\n|-supereffective|p1a: Urshifu\n|-damage|p1a: Urshifu|34\/100\n|\n|upkeep\n|turn|3\n|\n|t:|1700842300\n|switch|p1a: Farigiraf|Farigiraf, L50, M|100\/100\n|move|p2a: Roaring Moon|Acrobatics|p1a: Farigiraf\n|-damage|p1a: Farigiraf|72\/100\n|move|p2b: Iron Hands|Drain Punch|p1b: Klefki\n|-damage|p1b: Klefki|14\/100\n|move|p1b: Klefki|Trick Room|p1b: Klefki\n|-fieldstart|move: Trick Room|[of] p1b: Klefki\n|\n|upkeep\n|turn|4\n|\n|t:|1700842330\n|-end|p2a: Roaring Moon|Protosynthesis|[silent]\n|switch|p2a: Sylveon|Sylveon, L50, M|100\/100\n|move|p1b: Klefki|Light Screen|p1b: Klefki\n|-sidestart|p1: imo73|move: Light Screen\n|move|p1a: Farigiraf|Psychic|p2b: Iron Hands\n|-supereffective|p2b: Iron Hands\n|-damage|p2b: Iron Hands|40\/100\n|move|p2b: Iron Hands|Drain Punch|p1b: Klefki\n|-damage|p1b: Klefki|0 fnt\n|-heal|p2b: Iron Hands|45\/100|[from] drain|[of] p1b: Klefki\n|faint|p1b: Klefki\n|\n|upkeep\n|\n|t:|1700842335\n|switch|p1b: Ogerpon|Ogerpon-Wellspring, L50, F|100\/100\n|turn|5\n|\n|t:|1700842356\n|-end|p2b: Iron Hands|Quark Drive|[silent]\n|switch|p2b: Roaring Moon|Roaring Moon, L50, shiny|61\/100\n|move|p1b: Ogerpon|Spiky Shield|p1b: Ogerpon\n|-singleturn|p1b: Ogerpon|move: Protect\n|move|p1a: Farigiraf|Psychic|p2b: Roaring Moon\n|-immune|p2b: Roaring Moon\n|move|p2a: Sylveon|Hyper Voice|p1a: Farigiraf|[spread] p1a\n|-activate|p1b: Ogerpon|move: Protect\n|-damage|p1a: Farigiraf|53\/100\n|\n|upkeep\n|turn|6\n|\n|t:|1700842380\n|-terastallize|p1b: Ogerpon|Water\n|detailschange|p1b: Ogerpon|Ogerpon-Wellspring-Tera, L50, F, tera:Water\n|-ability|p1b: Ogerpon|Embody Aspect (Wellspring)|boost\n|-boost|p1b: Ogerpon|spd|1\n|move|p1a: Farigiraf|Psychic|p2a: Sylveon\n|-damage|p2a: Sylveon|74\/100\n|move|p2a: Sylveon|Hyper Voice|p1b: Ogerpon|[spread] p1a,p1b\n|-damage|p1a: Farigiraf|35\/100\n|-damage|p1b: Ogerpon|84\/100\n|move|p1b: Ogerpon|Ivy Cudgel|p2a: Sylveon|[anim] Ivy Cudgel Water\n|-damage|p2a: Sylveon|10\/100\n|move|p2b: Roaring Moon|Knock Off|p1a: Farigiraf\n|-supereffective|p1a: Farigiraf\n|-damage|p1a: Farigiraf|0 fnt\n|-enditem|p1a: Farigiraf|Aguav Berry|[from] move: Knock Off|[of] p2b: Roaring Moon\n|faint|p1a: Farigiraf\n|\n|-fieldend|move: Magic Room|[of] p1: Klefki\n|upkeep\n|\n|t:|1700842389\n|switch|p1a: Urshifu|Urshifu, L50, M|34\/100\n|turn|7\n|\n|t:|1700842429\n|switch|p2a: Arcanine|Arcanine, L50, F|25\/100\n|-ability|p2a: Arcanine|Intimidate|boost\n|-unboost|p1a: Urshifu|atk|1\n|-unboost|p1b: Ogerpon|atk|1\n|-terastallize|p2b: Roaring Moon|Poison\n|move|p1a: Urshifu|Detect|p1a: Urshifu\n|-singleturn|p1a: Urshifu|Protect\n|move|p1b: Ogerpon|Ivy Cudgel|p2a: Arcanine|[anim] Ivy Cudgel Water\n|-supereffective|p2a: Arcanine\n|-damage|p2a: Arcanine|0 fnt\n|faint|p2a: Arcanine\n|move|p2b: Roaring Moon|Tailwind|p2b: Roaring Moon\n|-sidestart|p2: dcfghuijmhbg|move: Tailwind\n|\n|-fieldend|move: Trick Room\n|upkeep\n|\n|t:|1700842452\n|switch|p2a: Iron Hands|Iron Hands, L50, shiny|45\/100\n|turn|8\n|\n|t:|1700842462\n|move|p2a: Iron Hands|Fake Out|p1b: Ogerpon\n|-damage|p1b: Ogerpon|74\/100\n|cant|p1b: Ogerpon|flinch\n|move|p2b: Roaring Moon|Acrobatics|p1a: Urshifu\n|-supereffective|p1a: Urshifu\n|-damage|p1a: Urshifu|0 fnt\n|faint|p1a: Urshifu\n|\n|-sideend|p1: imo73|Reflect\n|-sideend|p1: imo73|move: Light Screen\n|upkeep\n|turn|9\n|\n|t:|1700842491\n|move|p1b: Ogerpon|Spiky Shield|p1b: Ogerpon\n|-singleturn|p1b: Ogerpon|move: Protect\n|move|p2b: Roaring Moon|Acrobatics|p1b: Ogerpon\n|-activate|p1b: Ogerpon|move: Protect\n|-damage|p2b: Roaring Moon|49\/100|[from] Spiky Shield|[of] p1b: Ogerpon\n|move|p2a: Iron Hands|Drain Punch|p1b: Ogerpon\n|-activate|p1b: Ogerpon|move: Protect\n|-damage|p2a: Iron Hands|33\/100|[from] Spiky Shield|[of] p1b: Ogerpon\n|\n|upkeep\n|turn|10\n|inactive|Battle timer is ON: inactive players will automatically lose when time's up. (requested by dcfghuijmhbg)\n|\n|t:|1700842503\n|move|p1b: Ogerpon|Spiky Shield||[still]\n|-fail|p1b: Ogerpon\n|move|p2b: Roaring Moon|Acrobatics|p1b: Ogerpon\n|-damage|p1b: Ogerpon|36\/100\n|move|p2a: Iron Hands|Drain Punch|p1b: Ogerpon\n|-damage|p1b: Ogerpon|0 fnt\n|-heal|p2a: Iron Hands|46\/100|[from] drain|[of] p1b: Ogerpon\n|faint|p1b: Ogerpon\n|\n|win|dcfghuijmhbg\n|raw|imo73's rating: 1094 &rarr; <strong>1073<\/strong><br \/>(-21 for losing)\n|raw|dcfghuijmhbg's rating: 1142 &rarr; <strong>1164<\/strong><br \/>(+22 for winning)\n|l|\u2606imo73\n","uploadtime":1700842515,"views":9,"p1id":"imo73","p2id":"dcfghuijmhbg","formatid":"gen9vgc2023regulatione","rating":1073,"private":0,"password":""}