{"id":"gen9vgc2023regulatione-1991870803","p1":"tobberoch","p2":"flopplayer","format":"[Gen 9] VGC 2023 Regulation E","log":"|j|\u2606tobberoch\n|j|\u2606flopplayer\n|t:|1700131419\n|gametype|doubles\n|player|p1|tobberoch|chuck|1557\n|player|p2|flopplayer|plasmagrunt|1569\n|teamsize|p1|6\n|teamsize|p2|6\n|gen|9\n|tier|[Gen 9] VGC 2023 Regulation E\n|rated|\n|rule|Species Clause: Limit one of each Pok\u00e9mon\n|rule|Item Clause: Limit one of each item\n|clearpoke\n|poke|p1|Tornadus, L50, M|\n|poke|p1|Urshifu-*, L50, F|\n|poke|p1|Flutter Mane, L50|\n|poke|p1|Arcanine-Hisui, L50, F|\n|poke|p1|Rillaboom, L50, M|\n|poke|p1|Regidrago, L50|\n|poke|p2|Dondozo, L50, M|\n|poke|p2|Tatsugiri, L50, M|\n|poke|p2|Ninetales-Alola, L50, F|\n|poke|p2|Glimmora, L50, F|\n|poke|p2|Iron Hands, L50|\n|poke|p2|Ogerpon-Hearthflame, L50, F|\n|teampreview|4\n|\n|t:|1700131438\n|start\n|switch|p1a: Tornadus|Tornadus, L50, M|100\/100\n|switch|p1b: Urshifu|Urshifu-Rapid-Strike, L50, F|100\/100\n|switch|p2a: Iron Hands|Iron Hands, L50|100\/100\n|switch|p2b: Glimmora|Glimmora, L50, F, shiny|100\/100\n|turn|1\n|\n|t:|1700131462\n|move|p2a: Iron Hands|Fake Out|p1b: Urshifu\n|-damage|p1b: Urshifu|86\/100\n|move|p1a: Tornadus|Rain Dance|p1a: Tornadus\n|-weather|RainDance\n|cant|p1b: Urshifu|flinch\n|move|p2b: Glimmora|Power Gem|p1a: Tornadus\n|-supereffective|p1a: Tornadus\n|-damage|p1a: Tornadus|6\/100\n|\n|-weather|RainDance|[upkeep]\n|upkeep\n|turn|2\n|\n|t:|1700131484\n|move|p1a: Tornadus|Tailwind|p1a: Tornadus\n|-sidestart|p1: tobberoch|move: Tailwind\n|move|p1b: Urshifu|U-turn|p2a: Iron Hands\n|-resisted|p2a: Iron Hands\n|-damage|p2a: Iron Hands|93\/100\n|\n|t:|1700131489\n|switch|p1b: Rillaboom|Rillaboom, L50, M|100\/100|[from] U-turn\n|-fieldstart|move: Grassy Terrain|[from] ability: Grassy Surge|[of] p1b: Rillaboom\n|move|p2b: Glimmora|Mortal Spin|p1a: Tornadus|[spread] p1a,p1b\n|-supereffective|p1b: Rillaboom\n|-damage|p1a: Tornadus|1\/100\n|-damage|p1b: Rillaboom|92\/100\n|-status|p1b: Rillaboom|psn\n|move|p2a: Iron Hands|Wild Charge|p1b: Rillaboom\n|-resisted|p1b: Rillaboom\n|-damage|p1b: Rillaboom|70\/100 psn\n|-damage|p2a: Iron Hands|88\/100|[from] Recoil\n|\n|-weather|RainDance|[upkeep]\n|-heal|p1b: Rillaboom|76\/100 psn|[from] Grassy Terrain\n|-heal|p2a: Iron Hands|95\/100|[from] Grassy Terrain\n|-damage|p1b: Rillaboom|64\/100 psn|[from] psn\n|upkeep\n|turn|3\n|\n|t:|1700131502\n|move|p2b: Glimmora|Spiky Shield|p2b: Glimmora\n|-singleturn|p2b: Glimmora|move: Protect\n|move|p1a: Tornadus|Bleakwind Storm|p2a: Iron Hands|[spread] p2a\n|-activate|p2b: Glimmora|move: Protect\n|-damage|p2a: Iron Hands|76\/100\n|move|p1b: Rillaboom|High Horsepower|p2a: Iron Hands\n|-supereffective|p2a: Iron Hands\n|-damage|p2a: Iron Hands|35\/100\n|move|p2a: Iron Hands|Drain Punch|p1b: Rillaboom\n|-damage|p1b: Rillaboom|29\/100 psn\n|-heal|p2a: Iron Hands|50\/100|[from] drain|[of] p1b: Rillaboom\n|\n|-weather|RainDance|[upkeep]\n|-heal|p1b: Rillaboom|34\/100 psn|[from] Grassy Terrain\n|-heal|p2a: Iron Hands|56\/100|[from] Grassy Terrain\n|-damage|p1b: Rillaboom|22\/100 psn|[from] psn\n|upkeep\n|turn|4\n|\n|t:|1700131526\n|move|p1a: Tornadus|Bleakwind Storm|p2a: Iron Hands|[spread] p2a,p2b\n|-resisted|p2b: Glimmora\n|-damage|p2a: Iron Hands|37\/100\n|-damage|p2b: Glimmora|80\/100\n|-unboost|p2a: Iron Hands|spe|1\n|move|p1b: Rillaboom|Wood Hammer|p2a: Iron Hands\n|-damage|p2a: Iron Hands|0 fnt\n|faint|p2a: Iron Hands\n|-end|p2a: Iron Hands|Quark Drive|[silent]\n|-damage|p1b: Rillaboom|8\/100 psn|[from] Recoil\n|move|p2b: Glimmora|Mortal Spin|p1b: Rillaboom|[spread] p1a,p1b\n|-supereffective|p1b: Rillaboom\n|-damage|p1a: Tornadus|0 fnt\n|-damage|p1b: Rillaboom|0 fnt\n|faint|p1a: Tornadus\n|faint|p1b: Rillaboom\n|\n|-weather|RainDance|[upkeep]\n|-heal|p2b: Glimmora|85\/100|[from] Grassy Terrain\n|upkeep\n|\n|t:|1700131539\n|switch|p1a: Urshifu|Urshifu-Rapid-Strike, L50, F|86\/100\n|switch|p1b: Regidrago|Regidrago, L50|100\/100\n|switch|p2a: Dondozo|Dondozo, L50, M|100\/100\n|turn|5\n|\n|t:|1700131553\n|move|p2a: Dondozo|Protect|p2a: Dondozo\n|-singleturn|p2a: Dondozo|Protect\n|move|p1a: Urshifu|Surging Strikes|p2a: Dondozo\n|-resisted|p2a: Dondozo\n|-crit|p2a: Dondozo\n|-damage|p2a: Dondozo|88\/100\n|-resisted|p2a: Dondozo\n|-crit|p2a: Dondozo\n|-damage|p2a: Dondozo|77\/100\n|-resisted|p2a: Dondozo\n|-crit|p2a: Dondozo\n|-damage|p2a: Dondozo|65\/100\n|-hitcount|p2a: Dondozo|3\n|move|p1b: Regidrago|Dragon Energy|p2b: Glimmora|[spread] p2b\n|-activate|p2a: Dondozo|move: Protect\n|-damage|p2b: Glimmora|0 fnt\n|faint|p2b: Glimmora\n|\n|-weather|none\n|-heal|p1a: Urshifu|92\/100|[from] Grassy Terrain\n|-heal|p2a: Dondozo|72\/100|[from] Grassy Terrain\n|-heal|p2a: Dondozo|78\/100|[from] item: Leftovers\n|-sideend|p1: tobberoch|move: Tailwind\n|upkeep\n|\n|t:|1700131557\n|switch|p2b: Tatsugiri|Tatsugiri, L50, M|100\/100\n|-activate|p2b: Tatsugiri|ability: Commander|[of] p2a: Dondozo\n|-boost|p2a: Dondozo|atk|2\n|-boost|p2a: Dondozo|spa|2\n|-boost|p2a: Dondozo|spe|2\n|-boost|p2a: Dondozo|def|2\n|-boost|p2a: Dondozo|spd|2\n|turn|6\n|\n|t:|1700131586\n|-terastallize|p1a: Urshifu|Water\n|move|p1b: Regidrago|Protect|p1b: Regidrago\n|-singleturn|p1b: Regidrago|Protect\n|move|p1a: Urshifu|Surging Strikes|p2a: Dondozo\n|-resisted|p2a: Dondozo\n|-crit|p2a: Dondozo\n|-damage|p2a: Dondozo|67\/100\n|-resisted|p2a: Dondozo\n|-crit|p2a: Dondozo\n|-damage|p2a: Dondozo|57\/100\n|-resisted|p2a: Dondozo\n|-crit|p2a: Dondozo\n|-damage|p2a: Dondozo|48\/100\n|-hitcount|p2a: Dondozo|3\n|move|p2a: Dondozo|Order Up|p1b: Regidrago\n|-activate|p1b: Regidrago|move: Protect\n|\n|-heal|p1a: Urshifu|98\/100|[from] Grassy Terrain\n|-heal|p2a: Dondozo|54\/100|[from] Grassy Terrain\n|-heal|p2a: Dondozo|60\/100|[from] item: Leftovers\n|-fieldend|move: Grassy Terrain\n|upkeep\n|turn|7\n|\n|t:|1700131608\n|move|p1a: Urshifu|Surging Strikes|p2a: Dondozo\n|-resisted|p2a: Dondozo\n|-crit|p2a: Dondozo\n|-damage|p2a: Dondozo|49\/100\n|-resisted|p2a: Dondozo\n|-crit|p2a: Dondozo\n|-damage|p2a: Dondozo|39\/100\n|-resisted|p2a: Dondozo\n|-crit|p2a: Dondozo\n|-damage|p2a: Dondozo|30\/100\n|-hitcount|p2a: Dondozo|3\n|move|p2a: Dondozo|Order Up|p1b: Regidrago\n|-supereffective|p1b: Regidrago\n|-damage|p1b: Regidrago|12\/100\n|-boost|p2a: Dondozo|atk|1\n|move|p1b: Regidrago|Draco Meteor|p2a: Dondozo|[miss]\n|-miss|p1b: Regidrago|p2a: Dondozo\n|\n|-heal|p2a: Dondozo|36\/100|[from] item: Leftovers\n|upkeep\n|turn|8\n|\n|t:|1700131623\n|move|p1b: Regidrago|Protect|p1b: Regidrago\n|-singleturn|p1b: Regidrago|Protect\n|move|p1a: Urshifu|Surging Strikes|p2a: Dondozo\n|-resisted|p2a: Dondozo\n|-crit|p2a: Dondozo\n|-damage|p2a: Dondozo|25\/100\n|-resisted|p2a: Dondozo\n|-crit|p2a: Dondozo\n|-damage|p2a: Dondozo|15\/100\n|-resisted|p2a: Dondozo\n|-crit|p2a: Dondozo\n|-damage|p2a: Dondozo|5\/100\n|-hitcount|p2a: Dondozo|3\n|move|p2a: Dondozo|Order Up|p1a: Urshifu\n|-damage|p1a: Urshifu|50\/100\n|-boost|p2a: Dondozo|atk|1\n|\n|-heal|p2a: Dondozo|11\/100|[from] item: Leftovers\n|upkeep\n|turn|9\n|\n|t:|1700131648\n|move|p1a: Urshifu|Surging Strikes|p2a: Dondozo\n|-resisted|p2a: Dondozo\n|-crit|p2a: Dondozo\n|-damage|p2a: Dondozo|2\/100\n|-resisted|p2a: Dondozo\n|-crit|p2a: Dondozo\n|-damage|p2a: Dondozo|0 fnt\n|faint|p2a: Dondozo\n|-hitcount|p2: Dondozo|2\n|move|p1b: Regidrago|Draco Meteor|p2b: Tatsugiri\n|-supereffective|p2b: Tatsugiri\n|-damage|p2b: Tatsugiri|0 fnt\n|-unboost|p1b: Regidrago|spa|2\n|faint|p2b: Tatsugiri\n|\n|win|tobberoch\n|raw|tobberoch's rating: 1557 &rarr; <strong>1578<\/strong><br \/>(+21 for winning)\n|raw|flopplayer's rating: 1569 &rarr; <strong>1548<\/strong><br \/>(-21 for losing)\n|l|\u2606flopplayer\n","uploadtime":1700131746,"views":27,"p1id":"tobberoch","p2id":"flopplayer","formatid":"gen9vgc2023regulatione","rating":1548,"private":0,"password":""}