{"id":"gen9vgc2023regulatione-1991338842","p1":"suchmeta","p2":"Kentakio","format":"[Gen 9] VGC 2023 Regulation E","log":"|j|\u2606suchmeta\n|j|\u2606Kentakio\n|t:|1700068881\n|gametype|doubles\n|player|p1|suchmeta|li|1302\n|player|p2|Kentakio|guitarist|1316\n|teamsize|p1|6\n|teamsize|p2|6\n|gen|9\n|tier|[Gen 9] VGC 2023 Regulation E\n|rated|\n|rule|Species Clause: Limit one of each Pok\u00e9mon\n|rule|Item Clause: Limit one of each item\n|clearpoke\n|poke|p1|Ogerpon-Wellspring, L50, F|\n|poke|p1|Arcanine-Hisui, L50, F|\n|poke|p1|Zapdos-Galar, L50|\n|poke|p1|Tornadus, L50, M|\n|poke|p1|Flutter Mane, L50|\n|poke|p1|Gholdengo, L50|\n|poke|p2|Baxcalibur, L50, F|\n|poke|p2|Ninetales-Alola, L50, F|\n|poke|p2|Ogerpon-Wellspring, L50, F|\n|poke|p2|Zapdos, L50|\n|poke|p2|Heatran, L50, M|\n|poke|p2|Gothitelle, L50, F|\n|teampreview|4\n|\n|t:|1700068925\n|start\n|switch|p1a: Arcanine|Arcanine-Hisui, L50, F|100\/100\n|switch|p1b: Gholdengo|Gholdengo, L50|100\/100\n|switch|p2a: Gothitelle|Gothitelle, L50, F|100\/100\n|switch|p2b: Heatran|Heatran, L50, M|100\/100\n|-ability|p1a: Arcanine|Intimidate|boost\n|-unboost|p2a: Gothitelle|atk|1\n|-unboost|p2b: Heatran|atk|1\n|turn|1\n|\n|t:|1700068950\n|-terastallize|p1b: Gholdengo|Dragon\n|-terastallize|p2a: Gothitelle|Fairy\n|move|p2b: Heatran|Protect|p2b: Heatran\n|-singleturn|p2b: Heatran|Protect\n|move|p1a: Arcanine|Rock Slide|p2a: Gothitelle|[spread] p2a\n|-activate|p2b: Heatran|move: Protect\n|-damage|p2a: Gothitelle|63\/100\n|move|p1b: Gholdengo|Nasty Plot|p1b: Gholdengo\n|-boost|p1b: Gholdengo|spa|2\n|move|p2a: Gothitelle|Trick Room|p2a: Gothitelle\n|-fieldstart|move: Trick Room|[of] p2a: Gothitelle\n|\n|upkeep\n|turn|2\n|\n|t:|1700068976\n|move|p1b: Gholdengo|Protect|p1b: Gholdengo\n|-singleturn|p1b: Gholdengo|Protect\n|move|p2a: Gothitelle|Psychic|p1b: Gholdengo\n|-activate|p1b: Gholdengo|move: Protect\n|move|p2b: Heatran|Earth Power|p1a: Arcanine\n|-supereffective|p1a: Arcanine\n|-crit|p1a: Arcanine\n|-damage|p1a: Arcanine|0 fnt\n|faint|p1a: Arcanine\n|-damage|p2b: Heatran|91\/100|[from] item: Life Orb\n|\n|upkeep\n|\n|t:|1700068988\n|switch|p1a: Zapdos|Zapdos-Galar, L50|100\/100\n|turn|3\n|\n|t:|1700068995\n|move|p2a: Gothitelle|Psychic|p1a: Zapdos\n|-supereffective|p1a: Zapdos\n|-damage|p1a: Zapdos|20\/100\n|move|p2b: Heatran|Heat Wave|p1b: Gholdengo|[spread] p1b\n|-miss|p2b: Heatran|p1a: Zapdos\n|-resisted|p1b: Gholdengo\n|-damage|p1b: Gholdengo|75\/100\n|-damage|p2b: Heatran|81\/100|[from] item: Life Orb\n|move|p1b: Gholdengo|Make It Rain|p2b: Heatran|[spread] p2a,p2b\n|-supereffective|p2a: Gothitelle\n|-resisted|p2b: Heatran\n|-damage|p2a: Gothitelle|0 fnt\n|-damage|p2b: Heatran|54\/100\n|-unboost|p1b: Gholdengo|spa|1\n|faint|p2a: Gothitelle\n|move|p1a: Zapdos|Thunderous Kick|p2b: Heatran\n|-supereffective|p2b: Heatran\n|-crit|p2b: Heatran\n|-damage|p2b: Heatran|0 fnt\n|faint|p2b: Heatran\n|\n|upkeep\n|\n|t:|1700069000\n|switch|p2a: Ninetales|Ninetales-Alola, L50, F|100\/100\n|switch|p2b: Zapdos|Zapdos, L50|100\/100\n|-weather|Snow|[from] ability: Snow Warning|[of] p2a: Ninetales\n|turn|4\n|\n|t:|1700069015\n|move|p1b: Gholdengo|Make It Rain|p2a: Ninetales|[spread] p2a,p2b\n|-supereffective|p2a: Ninetales\n|-crit|p2a: Ninetales\n|-resisted|p2b: Zapdos\n|-damage|p2a: Ninetales|0 fnt\n|-damage|p2b: Zapdos|59\/100\n|-unboost|p1b: Gholdengo|spa|1\n|faint|p2a: Ninetales\n|move|p2b: Zapdos|Thunderbolt|p1a: Zapdos\n|-supereffective|p1a: Zapdos\n|-damage|p1a: Zapdos|0 fnt\n|faint|p1a: Zapdos\n|\n|-weather|Snow|[upkeep]\n|upkeep\n|\n|t:|1700069020\n|switch|p1a: Flutter Mane|Flutter Mane, L50|100\/100\n|turn|5\n|\n|t:|1700069035\n|move|p1b: Gholdengo|Shadow Ball|p2b: Zapdos\n|-damage|p2b: Zapdos|14\/100\n|move|p2b: Zapdos|Tailwind|p2b: Zapdos\n|-sidestart|p2: Kentakio|move: Tailwind\n|move|p1a: Flutter Mane|Moonblast|p2b: Zapdos\n|-damage|p2b: Zapdos|0 fnt\n|faint|p2b: Zapdos\n|\n|win|suchmeta\n|raw|suchmeta's rating: 1302 &rarr; <strong>1323<\/strong><br \/>(+21 for winning)\n|raw|Kentakio's rating: 1316 &rarr; <strong>1295<\/strong><br \/>(-21 for losing)\n|l|\u2606Kentakio\n","uploadtime":1700069064,"views":18,"p1id":"suchmeta","p2id":"kentakio","formatid":"gen9vgc2023regulatione","rating":1295,"private":0,"password":""}