{"id":"gen9vgc2023regulatione-1990445450","p1":"HydraulikToad","p2":"Slowlat","format":"[Gen 9] VGC 2023 Regulation E","log":"|j|\u2606HydraulikToad\n|j|\u2606Slowlat\n|t:|1699971678\n|gametype|doubles\n|player|p1|HydraulikToad|janine|1433\n|player|p2|Slowlat|medium|1538\n|teamsize|p1|6\n|teamsize|p2|6\n|gen|9\n|tier|[Gen 9] VGC 2023 Regulation E\n|rated|\n|rule|Species Clause: Limit one of each Pok\u00e9mon\n|rule|Item Clause: Limit one of each item\n|clearpoke\n|poke|p1|Muk-Alola, L50, M|\n|poke|p1|Scovillain, L50, F|\n|poke|p1|Sableye, L50, F|\n|poke|p1|Garganacl, L50, F|\n|poke|p1|Gliscor, L50, F|\n|poke|p1|Goodra-Hisui, L50, M|\n|poke|p2|Grimmsnarl, L50, M|\n|poke|p2|Ursaluna-Bloodmoon, L50, M|\n|poke|p2|Chi-Yu, L50|\n|poke|p2|Iron Hands, L50|\n|poke|p2|Sinistcha, L50|\n|poke|p2|Regieleki, L50|\n|teampreview|4\n|\n|t:|1699971699\n|start\n|switch|p1a: Muk|Muk-Alola, L50, M|100\/100\n|switch|p1b: Scovillain|Scovillain, L50, F|100\/100\n|switch|p2a: Ursaluna|Ursaluna-Bloodmoon, L50, M|100\/100\n|switch|p2b: Chi-Yu|Chi-Yu, L50|100\/100\n|-ability|p2b: Chi-Yu|Beads of Ruin\n|turn|1\n|\n|t:|1699971709\n|move|p1b: Scovillain|Leaf Storm|p2a: Ursaluna\n|-supereffective|p2a: Ursaluna\n|-damage|p2a: Ursaluna|0 fnt\n|-unboost|p1b: Scovillain|spa|2\n|faint|p2a: Ursaluna\n|move|p2b: Chi-Yu|Heat Wave|p1a: Muk|[spread] p1a,p1b\n|-damage|p1a: Muk|49\/100\n|-damage|p1b: Scovillain|0 fnt\n|faint|p1b: Scovillain\n|-ability|p1a: Muk|Moody|[from] ability: Power of Alchemy|[of] p1b: Scovillain\n|-damage|p2b: Chi-Yu|91\/100|[from] item: Life Orb\n|move|p1a: Muk|Minimize|p1a: Muk\n|-boost|p1a: Muk|evasion|2\n|\n|-heal|p1a: Muk|55\/100|[from] item: Leftovers\n|-ability|p1a: Muk|Moody|boost\n|-boost|p1a: Muk|spa|2\n|-unboost|p1a: Muk|def|1\n|upkeep\n|\n|t:|1699971722\n|switch|p1b: Garganacl|Garganacl, L50, F|100\/100\n|switch|p2a: Iron Hands|Iron Hands, L50|100\/100\n|turn|2\n|\n|t:|1699971737\n|-terastallize|p1b: Garganacl|Ghost\n|move|p1a: Muk|Protect|p1a: Muk\n|-singleturn|p1a: Muk|Protect\n|move|p2b: Chi-Yu|Heat Wave|p1b: Garganacl|[spread] p1b\n|-activate|p1a: Muk|move: Protect\n|-damage|p1b: Garganacl|55\/100\n|-damage|p2b: Chi-Yu|81\/100|[from] item: Life Orb\n|move|p2a: Iron Hands|Drain Punch|p1a: Muk\n|-activate|p1a: Muk|move: Protect\n|move|p1b: Garganacl|Salt Cure|p2b: Chi-Yu\n|-supereffective|p2b: Chi-Yu\n|-damage|p2b: Chi-Yu|47\/100\n|-start|p2b: Chi-Yu|Salt Cure\n|\n|-heal|p1a: Muk|61\/100|[from] item: Leftovers\n|-damage|p2b: Chi-Yu|35\/100|[from] Salt Cure\n|-ability|p1a: Muk|Moody|boost\n|-boost|p1a: Muk|atk|2\n|-unboost|p1a: Muk|def|1\n|upkeep\n|turn|3\n|\n|t:|1699971765\n|switch|p2b: Sinistcha|Sinistcha, L50|100\/100\n|move|p1b: Garganacl|Wide Guard|p1b: Garganacl\n|-singleturn|p1b: Garganacl|Wide Guard\n|move|p1a: Muk|Knock Off|p2b: Sinistcha\n|-supereffective|p2b: Sinistcha\n|-damage|p2b: Sinistcha|0 fnt\n|-enditem|p2b: Sinistcha|Mental Herb|[from] move: Knock Off|[of] p1a: Muk\n|faint|p2b: Sinistcha\n|move|p2a: Iron Hands|Drain Punch|p1a: Muk\n|-damage|p1a: Muk|0 fnt\n|faint|p1a: Muk\n|\n|upkeep\n|\n|t:|1699971772\n|switch|p2b: Chi-Yu|Chi-Yu, L50|35\/100\n|switch|p1a: Sableye|Sableye, L50, F|100\/100\n|-ability|p2b: Chi-Yu|Beads of Ruin\n|turn|4\n|\n|t:|1699971802\n|move|p2b: Chi-Yu|Protect|p2b: Chi-Yu\n|-singleturn|p2b: Chi-Yu|Protect\n|move|p1a: Sableye|Encore|p2a: Iron Hands\n|-start|p2a: Iron Hands|Encore\n|move|p2a: Iron Hands|Drain Punch|p1a: Sableye\n|-immune|p1a: Sableye\n|move|p1b: Garganacl|Recover|p1b: Garganacl\n|-heal|p1b: Garganacl|100\/100\n|\n|upkeep\n|turn|5\n|\n|t:|1699971822\n|move|p1a: Sableye|Protect|p1a: Sableye\n|-singleturn|p1a: Sableye|Protect\n|move|p2b: Chi-Yu|Heat Wave|p1b: Garganacl|[spread] p1b\n|-activate|p1a: Sableye|move: Protect\n|-damage|p1b: Garganacl|53\/100\n|-damage|p2b: Chi-Yu|25\/100|[from] item: Life Orb\n|move|p2a: Iron Hands|Drain Punch|p1b: Garganacl\n|-immune|p1b: Garganacl\n|move|p1b: Garganacl|Salt Cure|p2b: Chi-Yu\n|-supereffective|p2b: Chi-Yu\n|-damage|p2b: Chi-Yu|0 fnt\n|faint|p2b: Chi-Yu\n|\n|upkeep\n|turn|6\n|-message|Slowlat forfeited.\n|\n|win|HydraulikToad\n|raw|HydraulikToad's rating: 1433 &rarr; <strong>1459<\/strong><br \/>(+26 for winning)\n|raw|Slowlat's rating: 1538 &rarr; <strong>1512<\/strong><br \/>(-26 for losing)\n|l|\u2606Slowlat\n","uploadtime":1699971844,"views":16,"p1id":"hydrauliktoad","p2id":"slowlat","formatid":"gen9vgc2023regulatione","rating":1459,"private":0,"password":""}