{"id":"gen9vgc2023regulatione-2000579578","p1":"jomapruebasteam","p2":"LandorusPrime","format":"[Gen 9] VGC 2023 Regulation E","log":"|j|\u2606jomapruebasteam\n|j|\u2606LandorusPrime\n|t:|1701207196\n|gametype|doubles\n|player|p1|jomapruebasteam|giovanni|1322\n|player|p2|LandorusPrime|steven|1298\n|teamsize|p1|6\n|teamsize|p2|6\n|gen|9\n|tier|[Gen 9] VGC 2023 Regulation E\n|rated|\n|rule|Species Clause: Limit one of each Pok\u00e9mon\n|rule|Item Clause: Limit one of each item\n|clearpoke\n|poke|p1|Sinistcha, L50|\n|poke|p1|Iron Hands, L50|\n|poke|p1|Flutter Mane, L50|\n|poke|p1|Empoleon, L50, F|\n|poke|p1|Ogerpon-Hearthflame, L50, F|\n|poke|p1|Landorus-Therian, L50, M|\n|poke|p2|Flutter Mane, L50|\n|poke|p2|Rillaboom, L50, M|\n|poke|p2|Tornadus, L50, M|\n|poke|p2|Arcanine-Hisui, L50, M|\n|poke|p2|Chien-Pao, L50|\n|poke|p2|Urshifu-*, L50, M|\n|teampreview|4\n|\n|t:|1701207216\n|start\n|switch|p1a: Iron Hands|Iron Hands, L50|100\/100\n|switch|p1b: Landorus|Landorus-Therian, L50, M|100\/100\n|switch|p2a: Urshifu|Urshifu-Rapid-Strike, L50, M|100\/100\n|switch|p2b: Tornadus|Tornadus, L50, M|100\/100\n|-ability|p1b: Landorus|Intimidate|boost\n|-unboost|p2a: Urshifu|atk|1\n|-unboost|p2b: Tornadus|atk|1\n|turn|1\n|\n|t:|1701207232\n|switch|p2a: Rillaboom|Rillaboom, L50, M|100\/100\n|-fieldstart|move: Grassy Terrain|[from] ability: Grassy Surge|[of] p2a: Rillaboom\n|-terastallize|p1b: Landorus|Flying\n|-terastallize|p2b: Tornadus|Ghost\n|move|p1a: Iron Hands|Fake Out|p2a: Rillaboom\n|-damage|p2a: Rillaboom|87\/100\n|move|p1b: Landorus|Tera Blast|p2a: Rillaboom|[anim] Tera Blast Flying\n|-supereffective|p2a: Rillaboom\n|-damage|p2a: Rillaboom|0 fnt\n|faint|p2a: Rillaboom\n|move|p2b: Tornadus|Bleakwind Storm|p1a: Iron Hands|[spread] p1a\n|-miss|p2b: Tornadus|p1b: Landorus\n|-damage|p1a: Iron Hands|83\/100\n|-unboost|p1a: Iron Hands|spe|1\n|\n|-heal|p1a: Iron Hands|89\/100|[from] Grassy Terrain\n|upkeep\n|\n|t:|1701207253\n|switch|p2a: Chien-Pao|Chien-Pao, L50|100\/100\n|-ability|p2a: Chien-Pao|Sword of Ruin\n|turn|2\n|\n|t:|1701207268\n|-end|p1a: Iron Hands|Quark Drive|[silent]\n|switch|p1a: Flutter Mane|Flutter Mane, L50|100\/100\n|move|p1b: Landorus|Protect|p1b: Landorus\n|-singleturn|p1b: Landorus|Protect\n|move|p2a: Chien-Pao|Icicle Crash|p1a: Flutter Mane\n|-damage|p1a: Flutter Mane|13\/100\n|move|p2b: Tornadus|Bleakwind Storm|p1b: Landorus|[spread] p1a\n|-activate|p1b: Landorus|move: Protect\n|-damage|p1a: Flutter Mane|0 fnt\n|faint|p1a: Flutter Mane\n|-end|p1a: Flutter Mane|Protosynthesis|[silent]\n|\n|upkeep\n|\n|t:|1701207278\n|switch|p1a: Iron Hands|Iron Hands, L50|89\/100\n|turn|3\n|\n|t:|1701207288\n|move|p2a: Chien-Pao|Protect|p2a: Chien-Pao\n|-singleturn|p2a: Chien-Pao|Protect\n|move|p1a: Iron Hands|Fake Out|p2a: Chien-Pao\n|-activate|p2a: Chien-Pao|move: Protect\n|move|p2b: Tornadus|Taunt|p1b: Landorus\n|-start|p1b: Landorus|move: Taunt\n|move|p1b: Landorus|Rock Slide|p2b: Tornadus|[spread] p2b\n|-activate|p2a: Chien-Pao|move: Protect\n|-damage|p2b: Tornadus|69\/100\n|\n|-heal|p2b: Tornadus|75\/100|[from] Grassy Terrain\n|-heal|p1a: Iron Hands|95\/100|[from] Grassy Terrain\n|upkeep\n|turn|4\n|\n|t:|1701207306\n|switch|p1b: Ogerpon|Ogerpon-Hearthflame, L50, F|100\/100\n|-ability|p1b: Ogerpon|Mold Breaker\n|move|p2a: Chien-Pao|Icicle Crash|p1a: Iron Hands\n|-damage|p1a: Iron Hands|57\/100\n|move|p2b: Tornadus|Bleakwind Storm|p1b: Ogerpon|[spread] p1b\n|-miss|p2b: Tornadus|p1a: Iron Hands\n|-supereffective|p1b: Ogerpon\n|-damage|p1b: Ogerpon|39\/100\n|cant|p1a: Iron Hands|flinch\n|\n|-heal|p1b: Ogerpon|45\/100|[from] Grassy Terrain\n|-heal|p2b: Tornadus|81\/100|[from] Grassy Terrain\n|-heal|p1a: Iron Hands|63\/100|[from] Grassy Terrain\n|upkeep\n|turn|5\n|\n|t:|1701207327\n|move|p1b: Ogerpon|Spiky Shield|p1b: Ogerpon\n|-singleturn|p1b: Ogerpon|move: Protect\n|move|p2a: Chien-Pao|Icicle Crash|p1a: Iron Hands\n|-damage|p1a: Iron Hands|30\/100\n|move|p2b: Tornadus|Bleakwind Storm|p1a: Iron Hands|[spread] p1a\n|-activate|p1b: Ogerpon|move: Protect\n|-damage|p1a: Iron Hands|12\/100\n|-unboost|p1a: Iron Hands|spe|1\n|cant|p1a: Iron Hands|flinch\n|\n|-heal|p1b: Ogerpon|51\/100|[from] Grassy Terrain\n|-heal|p2b: Tornadus|87\/100|[from] Grassy Terrain\n|-heal|p1a: Iron Hands|19\/100|[from] Grassy Terrain\n|-fieldend|move: Grassy Terrain\n|upkeep\n|turn|6\n|c|\u2606jomapruebasteam|F\n|\n|t:|1701207351\n|move|p2a: Chien-Pao|Sucker Punch|p1b: Ogerpon\n|-damage|p1b: Ogerpon|1\/100\n|move|p1b: Ogerpon|Ivy Cudgel|p2a: Chien-Pao|[anim] Ivy Cudgel Fire\n|-supereffective|p2a: Chien-Pao\n|-enditem|p2a: Chien-Pao|Focus Sash\n|-damage|p2a: Chien-Pao|1\/100\n|move|p2b: Tornadus|Bleakwind Storm|p1a: Iron Hands|[spread] p1a,p1b\n|-supereffective|p1b: Ogerpon\n|-damage|p1a: Iron Hands|1\/100\n|-damage|p1b: Ogerpon|0 fnt\n|faint|p1b: Ogerpon\n|move|p1a: Iron Hands|Drain Punch|p2a: Chien-Pao\n|-supereffective|p2a: Chien-Pao\n|-damage|p2a: Chien-Pao|0 fnt\n|-heal|p1a: Iron Hands|2\/100|[from] drain|[of] p2a: Chien-Pao\n|faint|p2a: Chien-Pao\n|\n|upkeep\n|\n|t:|1701207369\n|switch|p2a: Urshifu|Urshifu-Rapid-Strike, L50, M|100\/100\n|switch|p1b: Landorus|Landorus-Therian, L50, M, tera:Flying|100\/100\n|-ability|p1b: Landorus|Intimidate|boost\n|-unboost|p2a: Urshifu|atk|1\n|-unboost|p2b: Tornadus|atk|1\n|turn|7\n|\n|t:|1701207383\n|move|p2b: Tornadus|Tailwind|p2b: Tornadus\n|-sidestart|p2: LandorusPrime|move: Tailwind\n|move|p2a: Urshifu|Surging Strikes|p1b: Landorus\n|-crit|p1b: Landorus\n|-damage|p1b: Landorus|74\/100\n|-crit|p1b: Landorus\n|-damage|p1b: Landorus|46\/100\n|-enditem|p1b: Landorus|Sitrus Berry|[eat]\n|-heal|p1b: Landorus|71\/100|[from] item: Sitrus Berry\n|-crit|p1b: Landorus\n|-damage|p1b: Landorus|46\/100\n|-hitcount|p1b: Landorus|3\n|move|p1b: Landorus|Tera Blast|p2a: Urshifu|[anim] Tera Blast Flying\n|-supereffective|p2a: Urshifu\n|-damage|p2a: Urshifu|0 fnt\n|faint|p2a: Urshifu\n|move|p1a: Iron Hands|Wild Charge|p2b: Tornadus\n|-damage|p2b: Tornadus|30\/100\n|-damage|p1a: Iron Hands|0 fnt|[from] item: Rocky Helmet|[of] p2b: Tornadus\n|faint|p1a: Iron Hands\n|-end|p1a: Iron Hands|Quark Drive|[silent]\n|\n|upkeep\n|turn|8\n|\n|t:|1701207401\n|move|p2b: Tornadus|Bleakwind Storm|p1b: Landorus\n|-damage|p1b: Landorus|0 fnt\n|faint|p1b: Landorus\n|\n|win|LandorusPrime\n|raw|jomapruebasteam's rating: 1322 &rarr; <strong>1301<\/strong><br \/>(-21 for losing)\n|raw|LandorusPrime's rating: 1298 &rarr; <strong>1325<\/strong><br \/>(+27 for winning)\n|l|\u2606LandorusPrime\n|l|\u2606jomapruebasteam\n|j|\u2606jomapruebasteam\n|player|p1|jomapruebasteam|giovanni\n","uploadtime":1701207659,"views":1,"p1id":"jomapruebasteam","p2id":"landorusprime","formatid":"gen9vgc2023regulatione","rating":1301,"private":0,"password":""}