{"id":"gen9vgc2023regulatione-2000452731","p1":"Megalos593","p2":"an0va","format":"[Gen 9] VGC 2023 Regulation E","log":"|j|\u2606Megalos593\n|j|\u2606an0va\n|t:|1701196047\n|gametype|doubles\n|player|p1|Megalos593|266|1143\n|player|p2|an0va|alec-anime|1239\n|teamsize|p1|6\n|teamsize|p2|6\n|gen|9\n|tier|[Gen 9] VGC 2023 Regulation E\n|rated|\n|rule|Species Clause: Limit one of each Pok\u00e9mon\n|rule|Item Clause: Limit one of each item\n|clearpoke\n|poke|p1|Tornadus, L50, M|\n|poke|p1|Ogerpon-Hearthflame, L50, F|\n|poke|p1|Flutter Mane, L50|\n|poke|p1|Landorus-Therian, L50, M|\n|poke|p1|Kingambit, L50, F|\n|poke|p1|Iron Hands, L50|\n|poke|p2|Landorus-Therian, L50, M|\n|poke|p2|Sinistcha, L50|\n|poke|p2|Iron Hands, L50|\n|poke|p2|Fezandipiti, L50, M|\n|poke|p2|Chien-Pao, L50|\n|poke|p2|Ogerpon-Wellspring, L50, F|\n|teampreview|4\n|inactive|Battle timer is ON: inactive players will automatically lose when time's up. (requested by an0va)\n|\n|t:|1701196083\n|start\n|switch|p1a: Landorus|Landorus-Therian, L50, M|100\/100\n|switch|p1b: Tornadus|Tornadus, L50, M|100\/100\n|switch|p2a: Fezandipiti|Fezandipiti, L50, M|100\/100\n|switch|p2b: Landorus|Landorus-Therian, L50, M|100\/100\n|-ability|p1a: Landorus|Intimidate|boost\n|-unboost|p2a: Fezandipiti|atk|1\n|-unboost|p2b: Landorus|atk|1\n|-ability|p2b: Landorus|Intimidate|boost\n|-unboost|p1a: Landorus|atk|1\n|-unboost|p1b: Tornadus|atk|1\n|turn|1\n|inactive|Megalos593 has 30 seconds left.\n|inactive|Megalos593 has 20 seconds left.\n|inactive|Megalos593 has 15 seconds left.\n|\n|t:|1701196126\n|move|p1b: Tornadus|Tailwind|p1b: Tornadus\n|-sidestart|p1: Megalos593|move: Tailwind\n|move|p1a: Landorus|Stomping Tantrum|p2a: Fezandipiti\n|-supereffective|p2a: Fezandipiti\n|-damage|p2a: Fezandipiti|48\/100\n|-enditem|p2a: Fezandipiti|Sitrus Berry|[eat]\n|-heal|p2a: Fezandipiti|73\/100|[from] item: Sitrus Berry\n|move|p2b: Landorus|U-turn|p1b: Tornadus\n|-resisted|p1b: Tornadus\n|-damage|p1b: Tornadus|86\/100\n|\n|t:|1701196136\n|switch|p2b: Sinistcha|Sinistcha, L50|100\/100|[from] U-turn\n|-heal|p2a: Fezandipiti|97\/100|[from] ability: Hospitality|[of] p2b: Sinistcha\n|move|p2a: Fezandipiti|Icy Wind|p1b: Tornadus|[spread] p1a,p1b\n|-supereffective|p1a: Landorus\n|-supereffective|p1b: Tornadus\n|-damage|p1a: Landorus|48\/100\n|-damage|p1b: Tornadus|62\/100\n|-unboost|p1a: Landorus|spe|1\n|-unboost|p1b: Tornadus|spe|1\n|\n|upkeep\n|turn|2\n|\n|t:|1701196154\n|switch|p2b: Landorus|Landorus-Therian, L50, M|100\/100\n|-ability|p2b: Landorus|Intimidate|boost\n|-unboost|p1a: Landorus|atk|1\n|-unboost|p1b: Tornadus|atk|1\n|move|p1a: Landorus|Stomping Tantrum|p2a: Fezandipiti\n|-supereffective|p2a: Fezandipiti\n|-damage|p2a: Fezandipiti|50\/100\n|move|p1b: Tornadus|Bleakwind Storm|p2b: Landorus|[spread] p2a,p2b\n|-damage|p2a: Fezandipiti|25\/100\n|-damage|p2b: Landorus|58\/100\n|-unboost|p2a: Fezandipiti|spe|1\n|move|p2a: Fezandipiti|Icy Wind|p1a: Landorus|[spread] p1a,p1b\n|-supereffective|p1a: Landorus\n|-supereffective|p1b: Tornadus\n|-damage|p1a: Landorus|1\/100\n|-damage|p1b: Tornadus|39\/100\n|-unboost|p1a: Landorus|spe|1\n|-unboost|p1b: Tornadus|spe|1\n|-status|p1a: Landorus|tox|[from] ability: Toxic Chain|[of] p2a: Fezandipiti\n|-enditem|p1b: Tornadus|Sitrus Berry|[eat]\n|-heal|p1b: Tornadus|64\/100|[from] item: Sitrus Berry\n|\n|-damage|p1a: Landorus|0 fnt|[from] psn\n|faint|p1a: Landorus\n|upkeep\n|inactive|Megalos593 has 30 seconds left.\n|inactive|Megalos593 has 20 seconds left.\n|\n|t:|1701196193\n|switch|p1a: Kingambit|Kingambit, L50, F|100\/100\n|turn|3\n|\n|t:|1701196212\n|move|p2a: Fezandipiti|Protect|p2a: Fezandipiti\n|-singleturn|p2a: Fezandipiti|Protect\n|move|p2b: Landorus|Stomping Tantrum|p1a: Kingambit\n|-supereffective|p1a: Kingambit\n|-damage|p1a: Kingambit|1\/100\n|move|p1b: Tornadus|Bleakwind Storm|p2a: Fezandipiti|[spread] p2b\n|-activate|p2a: Fezandipiti|move: Protect\n|-damage|p2b: Landorus|16\/100\n|move|p1a: Kingambit|Swords Dance|p1a: Kingambit\n|-boost|p1a: Kingambit|atk|2\n|\n|upkeep\n|turn|4\n|inactive|an0va has 30 seconds left.\n|\n|t:|1701196246\n|move|p1a: Kingambit|Protect|p1a: Kingambit\n|-singleturn|p1a: Kingambit|Protect\n|move|p2b: Landorus|Stomping Tantrum|p1a: Kingambit\n|-activate|p1a: Kingambit|move: Protect\n|move|p1b: Tornadus|Bleakwind Storm|p2a: Fezandipiti|[spread] p2a,p2b\n|-damage|p2a: Fezandipiti|0 fnt\n|-damage|p2b: Landorus|0 fnt\n|faint|p2a: Fezandipiti\n|faint|p2b: Landorus\n|\n|-sideend|p1: Megalos593|move: Tailwind\n|upkeep\n|\n|t:|1701196251\n|switch|p2b: Sinistcha|Sinistcha, L50|100\/100\n|switch|p2a: Iron Hands|Iron Hands, L50|100\/100\n|-enditem|p2a: Iron Hands|Booster Energy\n|-activate|p2a: Iron Hands|ability: Quark Drive|[fromitem]\n|-start|p2a: Iron Hands|quarkdriveatk\n|turn|5\n|inactive|Megalos593 has 30 seconds left.\n|inactive|Megalos593 has 20 seconds left.\n|\n|t:|1701196290\n|switch|p1a: Flutter Mane|Flutter Mane, L50|100\/100\n|-enditem|p1a: Flutter Mane|Booster Energy\n|-activate|p1a: Flutter Mane|ability: Protosynthesis|[fromitem]\n|-start|p1a: Flutter Mane|protosynthesisspa\n|-terastallize|p2b: Sinistcha|Dragon\n|move|p1b: Tornadus|Tailwind|p1b: Tornadus\n|-sidestart|p1: Megalos593|move: Tailwind\n|move|p2b: Sinistcha|Calm Mind|p2b: Sinistcha\n|-boost|p2b: Sinistcha|spa|1\n|-boost|p2b: Sinistcha|spd|1\n|move|p2a: Iron Hands|Drain Punch|p1a: Flutter Mane\n|-immune|p1a: Flutter Mane\n|\n|upkeep\n|turn|6\n|inactive|Megalos593 has 30 seconds left.\n|inactive|an0va has 30 seconds left.\n|inactive|Megalos593 has 20 seconds left.\n|inactive|Megalos593 has 15 seconds left.\n|\n|t:|1701196332\n|-terastallize|p1a: Flutter Mane|Fairy\n|move|p2a: Iron Hands|Protect|p2a: Iron Hands\n|-singleturn|p2a: Iron Hands|Protect\n|move|p1a: Flutter Mane|Dazzling Gleam|p2a: Iron Hands|[spread] p2b\n|-activate|p2a: Iron Hands|move: Protect\n|-supereffective|p2b: Sinistcha\n|-damage|p2b: Sinistcha|25\/100\n|-enditem|p2b: Sinistcha|Wiki Berry|[eat]\n|-heal|p2b: Sinistcha|58\/100|[from] item: Wiki Berry\n|move|p1b: Tornadus|Bleakwind Storm|p2b: Sinistcha|[spread] p2b\n|-activate|p2a: Iron Hands|move: Protect\n|-damage|p2b: Sinistcha|37\/100\n|move|p2b: Sinistcha|Matcha Gotcha|p1a: Flutter Mane|[spread] p1a,p1b\n|-resisted|p1b: Tornadus\n|-damage|p1a: Flutter Mane|68\/100\n|-heal|p2b: Sinistcha|52\/100|[from] drain|[of] p1a: Flutter Mane\n|-damage|p1b: Tornadus|42\/100\n|-heal|p2b: Sinistcha|64\/100|[from] drain|[of] p1b: Tornadus\n|-status|p1a: Flutter Mane|brn\n|\n|-damage|p1a: Flutter Mane|62\/100 brn|[from] brn\n|upkeep\n|turn|7\n|inactive|an0va has 30 seconds left.\n|\n|t:|1701196359\n|move|p1a: Flutter Mane|Dazzling Gleam|p2b: Sinistcha|[spread] p2a,p2b\n|-supereffective|p2a: Iron Hands\n|-supereffective|p2b: Sinistcha\n|-damage|p2a: Iron Hands|0 fnt\n|-damage|p2b: Sinistcha|0 fnt\n|faint|p2a: Iron Hands\n|-end|p2a: Iron Hands|Quark Drive|[silent]\n|faint|p2b: Sinistcha\n|\n|win|Megalos593\n|raw|Megalos593's rating: 1143 &rarr; <strong>1175<\/strong><br \/>(+32 for winning)\n|raw|an0va's rating: 1239 &rarr; <strong>1207<\/strong><br \/>(-32 for losing)\n|l|\u2606an0va\n","uploadtime":1701196374,"views":4,"p1id":"megalos593","p2id":"an0va","formatid":"gen9vgc2023regulatione","rating":1175,"private":0,"password":""}