{"id":"gen9vgc2023regulatione-1994125401","p1":"Danilopps 92","p2":"BlueJayX2","format":"[Gen 9] VGC 2023 Regulation E","log":"|j|\u2606Danilopps 92\n|j|\u2606BlueJayX2\n|t:|1700409879\n|gametype|doubles\n|player|p1|Danilopps 92|2|1300\n|player|p2|BlueJayX2|marley|1222\n|teamsize|p1|6\n|teamsize|p2|6\n|gen|9\n|tier|[Gen 9] VGC 2023 Regulation E\n|rated|\n|rule|Species Clause: Limit one of each Pok\u00e9mon\n|rule|Item Clause: Limit one of each item\n|clearpoke\n|poke|p1|Dragonite, L50, M|\n|poke|p1|Zapdos-Galar, L50|\n|poke|p1|Chien-Pao, L50|\n|poke|p1|Rillaboom, L50, F|\n|poke|p1|Dondozo, L50, F|\n|poke|p1|Heatran, L50, F|\n|poke|p2|Lucario, L50, F|\n|poke|p2|Arcanine-Hisui, L50, F|\n|poke|p2|Dragonite, L50, F|\n|poke|p2|Regieleki, L50|\n|poke|p2|Illumise, L50, F|\n|poke|p2|Sylveon, L50, F|\n|teampreview|4\n|inactive|Battle timer is ON: inactive players will automatically lose when time's up. (requested by BlueJayX2)\n|\n|t:|1700409900\n|start\n|switch|p1a: Rillaboom|Rillaboom, L50, F|100\/100\n|switch|p1b: Zapdos|Zapdos-Galar, L50|100\/100\n|switch|p2a: Illumise|Illumise, L50, F, shiny|100\/100\n|switch|p2b: Sylveon|Sylveon, L50, F, shiny|100\/100\n|-fieldstart|move: Grassy Terrain|[from] ability: Grassy Surge|[of] p1a: Rillaboom\n|turn|1\n|\n|t:|1700409922\n|move|p2b: Sylveon|Protect|p2b: Sylveon\n|-singleturn|p2b: Sylveon|Protect\n|move|p1a: Rillaboom|Fake Out|p2b: Sylveon\n|-activate|p2b: Sylveon|move: Protect\n|move|p2a: Illumise|Tailwind|p2a: Illumise\n|-sidestart|p2: BlueJayX2|move: Tailwind\n|move|p1b: Zapdos|Brave Bird|p2a: Illumise\n|-supereffective|p2a: Illumise\n|-damage|p2a: Illumise|0 fnt\n|faint|p2a: Illumise\n|-damage|p1b: Zapdos|72\/100|[from] Recoil\n|\n|upkeep\n|\n|t:|1700409936\n|switch|p2a: Regieleki|Regieleki, L50, shiny|100\/100\n|turn|2\n|\n|t:|1700409948\n|move|p2a: Regieleki|Extreme Speed|p1a: Rillaboom\n|-enditem|p2a: Regieleki|Normal Gem|[from] gem\n|-damage|p1a: Rillaboom|65\/100\n|move|p1a: Rillaboom|Grassy Glide|p2a: Regieleki\n|-damage|p2a: Regieleki|13\/100\n|move|p2b: Sylveon|Hyper Voice|p1a: Rillaboom|[spread] p1a,p1b\n|-supereffective|p1b: Zapdos\n|-damage|p1a: Rillaboom|13\/100\n|-damage|p1b: Zapdos|0 fnt\n|faint|p1b: Zapdos\n|-enditem|p2b: Sylveon|Throat Spray\n|-boost|p2b: Sylveon|spa|1|[from] item: Throat Spray\n|\n|-heal|p2a: Regieleki|19\/100|[from] Grassy Terrain\n|-heal|p1a: Rillaboom|19\/100|[from] Grassy Terrain\n|upkeep\n|\n|t:|1700409966\n|switch|p1b: Chien-Pao|Chien-Pao, L50|100\/100\n|-ability|p1b: Chien-Pao|Sword of Ruin\n|turn|3\n|\n|t:|1700409976\n|move|p1b: Chien-Pao|Protect|p1b: Chien-Pao\n|-singleturn|p1b: Chien-Pao|Protect\n|move|p2a: Regieleki|Extreme Speed|p1a: Rillaboom\n|-damage|p1a: Rillaboom|0 fnt\n|faint|p1a: Rillaboom\n|move|p2b: Sylveon|Hyper Voice|p1b: Chien-Pao\n|-activate|p1b: Chien-Pao|move: Protect\n|\n|-heal|p2a: Regieleki|25\/100|[from] Grassy Terrain\n|upkeep\n|\n|t:|1700409982\n|switch|p1a: Dragonite|Dragonite, L50, M|100\/100\n|turn|4\n|\n|t:|1700409994\n|-terastallize|p1a: Dragonite|Normal\n|move|p2a: Regieleki|Protect|p2a: Regieleki\n|-singleturn|p2a: Regieleki|Protect\n|move|p1a: Dragonite|Extreme Speed|p2a: Regieleki\n|-activate|p2a: Regieleki|move: Protect\n|move|p2b: Sylveon|Hyper Voice|p1b: Chien-Pao|[spread] p1a,p1b\n|-supereffective|p1b: Chien-Pao\n|-damage|p1a: Dragonite|43\/100\n|-enditem|p1b: Chien-Pao|Focus Sash\n|-damage|p1b: Chien-Pao|1\/100\n|move|p1b: Chien-Pao|Ice Spinner|p2b: Sylveon\n|-damage|p2b: Sylveon|29\/100\n|-fieldend|move: Grassy Terrain\n|\n|-sideend|p2: BlueJayX2|move: Tailwind\n|upkeep\n|turn|5\n|\n|t:|1700410016\n|move|p2a: Regieleki|Extreme Speed|p1b: Chien-Pao\n|-damage|p1b: Chien-Pao|0 fnt\n|faint|p1b: Chien-Pao\n|move|p1a: Dragonite|Extreme Speed|p2a: Regieleki\n|-damage|p2a: Regieleki|0 fnt\n|faint|p2a: Regieleki\n|move|p2b: Sylveon|Hyper Voice|p1a: Dragonite\n|-damage|p1a: Dragonite|0 fnt\n|faint|p1a: Dragonite\n|\n|win|BlueJayX2\n|raw|Danilopps 92's rating: 1300 &rarr; <strong>1269<\/strong><br \/>(-31 for losing)\n|raw|BlueJayX2's rating: 1222 &rarr; <strong>1253<\/strong><br \/>(+31 for winning)\n|l|\u2606Danilopps 92\n","uploadtime":1700410036,"views":22,"p1id":"danilopps92","p2id":"bluejayx2","formatid":"gen9vgc2023regulatione","rating":1253,"private":0,"password":""}