{"id":"gen9vgc2023regulatione-1996659697","p1":"Kzjhehzk","p2":"gg3g3","format":"[Gen 9] VGC 2023 Regulation E","log":"|j|\u2606Kzjhehzk\n|j|\u2606gg3g3\n|t:|1700706330\n|gametype|doubles\n|player|p1|Kzjhehzk|lance|1000\n|player|p2|gg3g3|iris|1062\n|teamsize|p1|6\n|teamsize|p2|6\n|gen|9\n|tier|[Gen 9] VGC 2023 Regulation E\n|rated|\n|rule|Species Clause: Limit one of each Pok\u00e9mon\n|rule|Item Clause: Limit one of each item\n|clearpoke\n|poke|p1|Flutter Mane, L50|\n|poke|p1|Tornadus, L50, M|\n|poke|p1|Rillaboom, L50, M|\n|poke|p1|Garganacl, L50, F|\n|poke|p1|Arcanine-Hisui, L50, F|\n|poke|p1|Chien-Pao, L50|\n|poke|p2|Torkoal, L50, M|\n|poke|p2|Ogerpon-Wellspring, L50, F|\n|poke|p2|Chi-Yu, L50|\n|poke|p2|Flutter Mane, L50|\n|poke|p2|Sneasler, L50, M|\n|poke|p2|Grimmsnarl, L50, M|\n|teampreview|4\n|inactive|Battle timer is ON: inactive players will automatically lose when time's up. (requested by gg3g3)\n|\n|t:|1700706351\n|start\n|switch|p1a: Tornadus|Tornadus, L50, M|100\/100\n|switch|p1b: Garganacl|Garganacl, L50, F|100\/100\n|switch|p2a: Grimmsnarl|Grimmsnarl, L50, M|100\/100\n|switch|p2b: Sneasler|Sneasler, L50, M|100\/100\n|turn|1\n|\n|t:|1700706367\n|-terastallize|p1b: Garganacl|Ghost\n|move|p2b: Sneasler|Fake Out|p1b: Garganacl\n|-immune|p1b: Garganacl\n|move|p2a: Grimmsnarl|Taunt|p1a: Tornadus\n|-start|p1a: Tornadus|move: Taunt\n|move|p1a: Tornadus|Bleakwind Storm|p2a: Grimmsnarl|[spread] p2b\n|-miss|p1a: Tornadus|p2a: Grimmsnarl\n|-supereffective|p2b: Sneasler\n|-damage|p2b: Sneasler|11\/100\n|-unboost|p2b: Sneasler|spe|1\n|move|p1b: Garganacl|Salt Cure|p2b: Sneasler\n|-resisted|p2b: Sneasler\n|-damage|p2b: Sneasler|0 fnt\n|faint|p2b: Sneasler\n|\n|upkeep\n|\n|t:|1700706385\n|switch|p2b: Torkoal|Torkoal, L50, M|100\/100\n|-weather|SunnyDay|[from] ability: Drought|[of] p2b: Torkoal\n|turn|2\n|\n|t:|1700706394\n|-terastallize|p2b: Torkoal|Water\n|move|p2a: Grimmsnarl|Reflect|p2a: Grimmsnarl\n|-sidestart|p2: gg3g3|Reflect\n|move|p1a: Tornadus|Bleakwind Storm|p2a: Grimmsnarl|[spread] p2b\n|-miss|p1a: Tornadus|p2a: Grimmsnarl\n|-damage|p2b: Torkoal|71\/100\n|-unboost|p2b: Torkoal|spe|1\n|move|p1b: Garganacl|Salt Cure|p2b: Torkoal\n|-damage|p2b: Torkoal|64\/100\n|-start|p2b: Torkoal|Salt Cure\n|move|p2b: Torkoal|Eruption|p1a: Tornadus|[spread] p1a,p1b\n|-damage|p1a: Tornadus|73\/100\n|-damage|p1b: Garganacl|79\/100\n|\n|-weather|SunnyDay|[upkeep]\n|-heal|p2b: Torkoal|70\/100|[from] item: Leftovers\n|-damage|p2b: Torkoal|45\/100|[from] Salt Cure\n|upkeep\n|turn|3\n|\n|t:|1700706416\n|switch|p2b: Chi-Yu|Chi-Yu, L50|100\/100\n|-ability|p2b: Chi-Yu|Beads of Ruin\n|move|p2a: Grimmsnarl|Light Screen|p2a: Grimmsnarl\n|-sidestart|p2: gg3g3|move: Light Screen\n|move|p1a: Tornadus|Bleakwind Storm|p2a: Grimmsnarl|[spread] p2a\n|-miss|p1a: Tornadus|p2b: Chi-Yu\n|-damage|p2a: Grimmsnarl|80\/100\n|move|p1b: Garganacl|Iron Defense|p1b: Garganacl\n|-boost|p1b: Garganacl|def|2\n|\n|-weather|SunnyDay|[upkeep]\n|-end|p1a: Tornadus|move: Taunt\n|upkeep\n|turn|4\n|\n|t:|1700706434\n|move|p1b: Garganacl|Protect|p1b: Garganacl\n|-singleturn|p1b: Garganacl|Protect\n|move|p1a: Tornadus|Tailwind|p1a: Tornadus\n|-sidestart|p1: Kzjhehzk|move: Tailwind\n|move|p2a: Grimmsnarl|Taunt|p1a: Tornadus\n|-start|p1a: Tornadus|move: Taunt\n|move|p2b: Chi-Yu|Heat Wave|p1b: Garganacl|[spread] p1a\n|-activate|p1b: Garganacl|move: Protect\n|-damage|p1a: Tornadus|0 fnt\n|faint|p1a: Tornadus\n|-damage|p2b: Chi-Yu|91\/100|[from] item: Life Orb\n|\n|-weather|SunnyDay|[upkeep]\n|upkeep\n|\n|t:|1700706443\n|switch|p1a: Arcanine|Arcanine-Hisui, L50, F|100\/100\n|-ability|p1a: Arcanine|Intimidate|boost\n|-unboost|p2a: Grimmsnarl|atk|1\n|-unboost|p2b: Chi-Yu|atk|1\n|turn|5\n|\n|t:|1700706460\n|switch|p2a: Torkoal|Torkoal, L50, M, tera:Water|45\/100\n|move|p1a: Arcanine|Rock Slide|p2a: Torkoal|[spread] p2a,p2b\n|-supereffective|p2b: Chi-Yu\n|-damage|p2a: Torkoal|25\/100\n|-damage|p2b: Chi-Yu|1\/100\n|move|p2b: Chi-Yu|Heat Wave|p1b: Garganacl|[spread] p1a,p1b\n|-resisted|p1a: Arcanine\n|-damage|p1a: Arcanine|68\/100\n|-damage|p1b: Garganacl|18\/100\n|-enditem|p1b: Garganacl|Sitrus Berry|[eat]\n|-heal|p1b: Garganacl|43\/100|[from] item: Sitrus Berry\n|-damage|p2b: Chi-Yu|0 fnt|[from] item: Life Orb\n|faint|p2b: Chi-Yu\n|move|p1b: Garganacl|Salt Cure|p2a: Torkoal\n|-damage|p2a: Torkoal|18\/100\n|-start|p2a: Torkoal|Salt Cure\n|\n|-weather|SunnyDay|[upkeep]\n|-heal|p2a: Torkoal|24\/100|[from] item: Leftovers\n|-damage|p2a: Torkoal|0 fnt|[from] Salt Cure\n|faint|p2a: Torkoal\n|upkeep\n|-message|gg3g3 forfeited.\n|\n|win|Kzjhehzk\n|raw|Kzjhehzk's rating: 1000 &rarr; <strong>1047<\/strong><br \/>(+47 for winning)\n|raw|gg3g3's rating: 1062 &rarr; <strong>1039<\/strong><br \/>(-23 for losing)\n|l|\u2606gg3g3\n","uploadtime":1700706484,"views":10,"p1id":"kzjhehzk","p2id":"gg3g3","formatid":"gen9vgc2023regulatione","rating":1039,"private":0,"password":""}