{"id":"gen9vgc2023regulatione-1988287744","p1":"tjoahy","p2":"Colonel Corn04","format":"[Gen 9] VGC 2023 Regulation E","log":"|j|\u2606tjoahy\n|j|\u2606Colonel Corn04\n|t:|1699702157\n|gametype|doubles\n|player|p1|tjoahy|mira|1147\n|player|p2|Colonel Corn04|101|1226\n|teamsize|p1|6\n|teamsize|p2|6\n|gen|9\n|tier|[Gen 9] VGC 2023 Regulation E\n|rated|\n|rule|Species Clause: Limit one of each Pok\u00e9mon\n|rule|Item Clause: Limit one of each item\n|clearpoke\n|poke|p1|Sinistcha, L50|\n|poke|p1|Sneasler, L50, F|\n|poke|p1|Shiftry, L50, F|\n|poke|p1|Milotic, L50, M|\n|poke|p1|Typhlosion-Hisui, L50, F|\n|poke|p1|Tornadus, L50, M|\n|poke|p2|Torkoal, L50, F|\n|poke|p2|Great Tusk, L50|\n|poke|p2|Brute Bonnet, L50|\n|poke|p2|Sinistcha, L50|\n|poke|p2|Flutter Mane, L50|\n|poke|p2|Farigiraf, L50, F|\n|teampreview|4\n|\n|t:|1699702226\n|start\n|switch|p1a: Typhlosion|Typhlosion-Hisui, L50, F|100\/100\n|switch|p1b: Tornadus|Tornadus, L50, M|100\/100\n|switch|p2a: Sinistcha|Sinistcha, L50|100\/100\n|switch|p2b: Torkoal|Torkoal, L50, F|100\/100\n|-weather|SunnyDay|[from] ability: Drought|[of] p2b: Torkoal\n|turn|1\n|\n|t:|1699702245\n|-terastallize|p1a: Typhlosion|Fire\n|-terastallize|p2a: Sinistcha|Water\n|move|p2b: Torkoal|Protect|p2b: Torkoal\n|-singleturn|p2b: Torkoal|Protect\n|move|p1b: Tornadus|Tailwind|p1b: Tornadus\n|-sidestart|p1: tjoahy|move: Tailwind\n|move|p1a: Typhlosion|Eruption|p2b: Torkoal|[spread] p2a\n|-activate|p2b: Torkoal|move: Protect\n|-resisted|p2a: Sinistcha\n|-damage|p2a: Sinistcha|13\/100\n|move|p2a: Sinistcha|Trick Room|p2a: Sinistcha\n|-fieldstart|move: Trick Room|[of] p2a: Sinistcha\n|\n|-weather|SunnyDay|[upkeep]\n|upkeep\n|turn|2\n|\n|t:|1699702290\n|move|p1a: Typhlosion|Protect|p1a: Typhlosion\n|-singleturn|p1a: Typhlosion|Protect\n|move|p2b: Torkoal|Eruption|p1b: Tornadus|[spread] p1b\n|-activate|p1a: Typhlosion|move: Protect\n|-damage|p1b: Tornadus|24\/100\n|move|p2a: Sinistcha|Matcha Gotcha|p1b: Tornadus|[spread] p1b\n|-activate|p1a: Typhlosion|move: Protect\n|-resisted|p1b: Tornadus\n|-damage|p1b: Tornadus|10\/100\n|-heal|p2a: Sinistcha|20\/100|[from] drain|[of] p1b: Tornadus\n|move|p1b: Tornadus|Bleakwind Storm|p2b: Torkoal|[spread] p2a,p2b\n|-damage|p2a: Sinistcha|0 fnt\n|-damage|p2b: Torkoal|52\/100\n|faint|p2a: Sinistcha\n|\n|-weather|SunnyDay|[upkeep]\n|upkeep\n|\n|t:|1699702306\n|switch|p2a: Great Tusk|Great Tusk, L50|100\/100\n|-activate|p2a: Great Tusk|ability: Protosynthesis\n|-start|p2a: Great Tusk|protosynthesisatk\n|turn|3\n|\n|t:|1699702327\n|switch|p1a: Sinistcha|Sinistcha, L50|100\/100\n|-heal|p1b: Tornadus|35\/100|[from] ability: Hospitality|[of] p1a: Sinistcha\n|move|p2b: Torkoal|Ancient Power|p1b: Tornadus\n|-supereffective|p1b: Tornadus\n|-damage|p1b: Tornadus|0 fnt\n|faint|p1b: Tornadus\n|move|p2a: Great Tusk|Headlong Rush|p1a: Sinistcha\n|-resisted|p1a: Sinistcha\n|-damage|p1a: Sinistcha|60\/100\n|-unboost|p2a: Great Tusk|def|1\n|-unboost|p2a: Great Tusk|spd|1\n|\n|-weather|SunnyDay|[upkeep]\n|upkeep\n|\n|t:|1699702341\n|switch|p1b: Sneasler|Sneasler, L50, F, shiny|100\/100\n|turn|4\n|\n|t:|1699702370\n|move|p1b: Sneasler|Fake Out|p2b: Torkoal\n|-damage|p2b: Torkoal|38\/100\n|-damage|p1b: Sneasler|91\/100|[from] item: Life Orb\n|cant|p2b: Torkoal|flinch\n|move|p2a: Great Tusk|Headlong Rush|p1b: Sneasler\n|-supereffective|p1b: Sneasler\n|-damage|p1b: Sneasler|0 fnt\n|-unboost|p2a: Great Tusk|def|1\n|-unboost|p2a: Great Tusk|spd|1\n|faint|p1b: Sneasler\n|move|p1a: Sinistcha|Matcha Gotcha|p2b: Torkoal|[spread] p2a,p2b\n|-supereffective|p2a: Great Tusk\n|-resisted|p2b: Torkoal\n|-damage|p2a: Great Tusk|0 fnt\n|-heal|p1a: Sinistcha|100\/100|[from] drain|[of] p2a: Great Tusk\n|-damage|p2b: Torkoal|17\/100\n|faint|p2a: Great Tusk\n|-end|p2a: Great Tusk|Protosynthesis|[silent]\n|\n|-weather|SunnyDay|[upkeep]\n|-sideend|p1: tjoahy|move: Tailwind\n|upkeep\n|\n|t:|1699702394\n|switch|p2a: Flutter Mane|Flutter Mane, L50|100\/100\n|switch|p1b: Typhlosion|Typhlosion-Hisui, L50, F, tera:Fire|100\/100\n|-activate|p2a: Flutter Mane|ability: Protosynthesis\n|-start|p2a: Flutter Mane|protosynthesisspa\n|turn|5\n|\n|t:|1699702441\n|move|p2b: Torkoal|Ancient Power|p1b: Typhlosion\n|-supereffective|p1b: Typhlosion\n|-damage|p1b: Typhlosion|49\/100\n|move|p1b: Typhlosion|Heat Wave|p2b: Torkoal|[spread] p2a,p2b\n|-resisted|p2b: Torkoal\n|-damage|p2a: Flutter Mane|12\/100\n|-damage|p2b: Torkoal|0 fnt\n|faint|p2b: Torkoal\n|move|p2a: Flutter Mane|Shadow Ball|p1a: Sinistcha\n|-supereffective|p1a: Sinistcha\n|-damage|p1a: Sinistcha|0 fnt\n|faint|p1a: Sinistcha\n|\n|-weather|SunnyDay|[upkeep]\n|-fieldend|move: Trick Room\n|upkeep\n|turn|6\n|\n|t:|1699702455\n|move|p2a: Flutter Mane|Shadow Ball|p1b: Typhlosion\n|-damage|p1b: Typhlosion|0 fnt\n|faint|p1b: Typhlosion\n|\n|win|Colonel Corn04\n|raw|tjoahy's rating: 1147 &rarr; <strong>1128<\/strong><br \/>(-19 for losing)\n|raw|Colonel Corn04's rating: 1226 &rarr; <strong>1245<\/strong><br \/>(+19 for winning)\n|l|\u2606tjoahy\n|c|\u2606Colonel Corn04|gg\n","uploadtime":1699702498,"views":31,"p1id":"tjoahy","p2id":"colonelcorn04","formatid":"gen9vgc2023regulatione","rating":1128,"private":0,"password":""}