{"id":"gen9vgc2023regulatione-2000022871","p1":"hfgkvddbh","p2":"imnotokaytrustme","format":"[Gen 9] VGC 2023 Regulation E","log":"|j|\u2606hfgkvddbh\n|j|\u2606imnotokaytrustme\n|t:|1701142394\n|gametype|doubles\n|player|p1|hfgkvddbh|2|1198\n|player|p2|imnotokaytrustme|2|1140\n|teamsize|p1|6\n|teamsize|p2|6\n|gen|9\n|tier|[Gen 9] VGC 2023 Regulation E\n|rated|\n|rule|Species Clause: Limit one of each Pok\u00e9mon\n|rule|Item Clause: Limit one of each item\n|clearpoke\n|poke|p1|Politoed, L50, M|\n|poke|p1|Glastrier, L50|\n|poke|p1|Ceruledge, L50, F|\n|poke|p1|Ogerpon, L50, F|\n|poke|p1|Scizor, L50, F|\n|poke|p1|Farigiraf, L50, M|\n|poke|p2|Weezing, L50, F|\n|poke|p2|Ogerpon, L50, F|\n|poke|p2|Flutter Mane, L50|\n|poke|p2|Arcanine-Hisui, L50, F|\n|poke|p2|Iron Hands, L50|\n|poke|p2|Dondozo, L50, F|\n|teampreview|4\n|inactive|Battle timer is ON: inactive players will automatically lose when time's up. (requested by hfgkvddbh)\n|\n|t:|1701142465\n|start\n|switch|p1a: Ogerpon|Ogerpon, L50, F|100\/100\n|switch|p1b: Farigiraf|Farigiraf, L50, M|100\/100\n|switch|p2a: Weezing|Weezing, L50, F|100\/100\n|switch|p2b: Dondozo|Dondozo, L50, F|100\/100\n|-ability|p2a: Weezing|Neutralizing Gas\n|turn|1\n|inactive|imnotokaytrustme has 30 seconds left.\n|\n|t:|1701142496\n|-terastallize|p2b: Dondozo|Dragon\n|move|p1a: Ogerpon|Spiky Shield|p1a: Ogerpon\n|-singleturn|p1a: Ogerpon|move: Protect\n|move|p2a: Weezing|Sludge Bomb|p1a: Ogerpon\n|-activate|p1a: Ogerpon|move: Protect\n|move|p1b: Farigiraf|Psychic|p2a: Weezing\n|-supereffective|p2a: Weezing\n|-damage|p2a: Weezing|30\/100\n|move|p2b: Dondozo|Yawn|p1b: Farigiraf\n|-start|p1b: Farigiraf|move: Yawn|[of] p2b: Dondozo\n|\n|upkeep\n|turn|2\n|inactive|hfgkvddbh has 30 seconds left.\n|\n|t:|1701142526\n|switch|p1b: Glastrier|Glastrier, L50|100\/100\n|move|p2a: Weezing|Protect|p2a: Weezing\n|-singleturn|p2a: Weezing|Protect\n|move|p1a: Ogerpon|Stomping Tantrum|p2a: Weezing\n|-activate|p2a: Weezing|move: Protect\n|move|p2b: Dondozo|Yawn|p1a: Ogerpon\n|-start|p1a: Ogerpon|move: Yawn|[of] p2b: Dondozo\n|\n|upkeep\n|turn|3\n|inactive|imnotokaytrustme has 30 seconds left.\n|\n|t:|1701142553\n|move|p1a: Ogerpon|Stomping Tantrum|p2a: Weezing\n|-supereffective|p2a: Weezing\n|-enditem|p2a: Weezing|Shuca Berry|[eat]\n|-enditem|p2a: Weezing|Shuca Berry|[weaken]\n|-damage|p2a: Weezing|7\/100\n|move|p2a: Weezing|Will-O-Wisp|p1b: Glastrier\n|-status|p1b: Glastrier|brn\n|move|p2b: Dondozo|Yawn||[still]\n|-fail|p2b: Dondozo\n|move|p1b: Glastrier|Icicle Crash|p2b: Dondozo|[miss]\n|-miss|p1b: Glastrier|p2b: Dondozo\n|\n|-damage|p1b: Glastrier|95\/100 brn|[from] brn\n|-end|p1a: Ogerpon|move: Yawn|[silent]\n|-status|p1a: Ogerpon|slp\n|upkeep\n|turn|4\n|inactive|imnotokaytrustme has 30 seconds left.\n|-activate|p1b: Glastrier|item: Quick Claw\n|\n|t:|1701142580\n|switch|p2b: Arcanine|Arcanine-Hisui, L50, F|100\/100\n|-ability|p2b: Arcanine|Intimidate|boost\n|-unboost|p1a: Ogerpon|atk|1\n|-enditem|p1a: Ogerpon|Adrenaline Orb\n|-boost|p1a: Ogerpon|spe|1|[from] item: Adrenaline Orb\n|-unboost|p1b: Glastrier|atk|1\n|move|p1b: Glastrier|High Horsepower|p2a: Weezing\n|-supereffective|p2a: Weezing\n|-damage|p2a: Weezing|0 fnt\n|faint|p2a: Weezing\n|-end|p2a: Weezing|ability: Neutralizing Gas\n|-ability|p1b: Glastrier|Chilling Neigh|boost\n|-boost|p1b: Glastrier|atk|1\n|cant|p1a: Ogerpon|slp\n|\n|-damage|p1b: Glastrier|89\/100 brn|[from] brn\n|upkeep\n|inactive|imnotokaytrustme has 30 seconds left.\n|inactive|imnotokaytrustme has 20 seconds left.\n|\n|t:|1701142618\n|switch|p2a: Iron Hands|Iron Hands, L50|100\/100\n|turn|5\n|-activate|p1b: Glastrier|item: Quick Claw\n|\n|t:|1701142640\n|cant|p1a: Ogerpon|slp\n|move|p1b: Glastrier|High Horsepower|p2b: Arcanine|[miss]\n|-miss|p1b: Glastrier|p2b: Arcanine\n|move|p2b: Arcanine|Howl|p2b: Arcanine|[spread] p2a,p2b\n|-boost|p2a: Iron Hands|atk|1\n|-boost|p2b: Arcanine|atk|1\n|move|p2a: Iron Hands|Drain Punch|p1b: Glastrier\n|-supereffective|p1b: Glastrier\n|-damage|p1b: Glastrier|4\/100 brn\n|\n|-damage|p1b: Glastrier|0 fnt|[from] brn\n|faint|p1b: Glastrier\n|upkeep\n|-message|hfgkvddbh forfeited.\n|\n|win|imnotokaytrustme\n|raw|hfgkvddbh's rating: 1198 &rarr; <strong>1169<\/strong><br \/>(-29 for losing)\n|raw|imnotokaytrustme's rating: 1140 &rarr; <strong>1169<\/strong><br \/>(+29 for winning)\n|l|\u2606hfgkvddbh\n","uploadtime":1701142831,"views":9,"p1id":"hfgkvddbh","p2id":"imnotokaytrustme","formatid":"gen9vgc2023regulatione","rating":1169,"private":0,"password":""}