{"id":"gen9vgc2023regulatione-1990146005","p1":"gg3g3","p2":"Felgrand Tactician","format":"[Gen 9] VGC 2023 Regulation E","log":"|j|\u2606gg3g3\n|j|\u2606Felgrand Tactician\n|t:|1699929577\n|gametype|doubles\n|player|p1|gg3g3|iris|1097\n|player|p2|Felgrand Tactician|hilbert-wonderlauncher|1019\n|teamsize|p1|6\n|teamsize|p2|6\n|gen|9\n|tier|[Gen 9] VGC 2023 Regulation E\n|rated|\n|rule|Species Clause: Limit one of each Pok\u00e9mon\n|rule|Item Clause: Limit one of each item\n|clearpoke\n|poke|p1|Torkoal, L50, F|\n|poke|p1|Heatran, L50, F|\n|poke|p1|Ogerpon-Wellspring, L50, F|\n|poke|p1|Cresselia, L50, F|\n|poke|p1|Roaring Moon, L50|\n|poke|p1|Volcarona, L50, M|\n|poke|p2|Snorlax, L50, F|\n|poke|p2|Maushold-Four, L50|\n|poke|p2|Arcanine-Hisui, L50, M|\n|poke|p2|Vespiquen, L50, F|\n|poke|p2|Brambleghast, L50, M|\n|poke|p2|Chien-Pao, L50|\n|teampreview|4\n|inactive|Battle timer is ON: inactive players will automatically lose when time's up. (requested by gg3g3)\nFelgrand Tactician has agreed to open team sheets.\n|\n|t:|1699929601\n|start\n|switch|p1a: Cresselia|Cresselia, L50, F|100\/100\n|switch|p1b: Roaring Moon|Roaring Moon, L50|100\/100\n|switch|p2a: Snorlax|Snorlax, L50, F|100\/100\n|switch|p2b: Maushold|Maushold-Four, L50|100\/100\n|-enditem|p1b: Roaring Moon|Booster Energy\n|-activate|p1b: Roaring Moon|ability: Protosynthesis|[fromitem]\n|-start|p1b: Roaring Moon|protosynthesisatk\n|turn|1\n|\n|t:|1699929619\n|move|p2b: Maushold|Follow Me|p2b: Maushold\n|-singleturn|p2b: Maushold|move: Follow Me\n|move|p1b: Roaring Moon|Acrobatics|p2b: Maushold\n|-damage|p2b: Maushold|19\/100\n|move|p2a: Snorlax|Yawn|p1b: Roaring Moon\n|-start|p1b: Roaring Moon|move: Yawn|[of] p2a: Snorlax\n|move|p1a: Cresselia|Trick Room|p1a: Cresselia\n|-fieldstart|move: Trick Room|[of] p1a: Cresselia\n|\n|upkeep\n|turn|2\n|\n|t:|1699929637\n|-end|p1b: Roaring Moon|Protosynthesis|[silent]\n|switch|p1b: Torkoal|Torkoal, L50, F|100\/100\n|-weather|SunnyDay|[from] ability: Drought|[of] p1b: Torkoal\n|move|p2b: Maushold|Follow Me|p2b: Maushold\n|-singleturn|p2b: Maushold|move: Follow Me\n|move|p2a: Snorlax|Belly Drum|p2a: Snorlax\n|-damage|p2a: Snorlax|50\/100\n|-setboost|p2a: Snorlax|atk|6|[from] move: Belly Drum\n|-enditem|p2a: Snorlax|Aguav Berry|[eat]\n|-heal|p2a: Snorlax|84\/100|[from] item: Aguav Berry\n|move|p1a: Cresselia|Lunar Blessing||[still]|[spread] \n|-fail|p1a: Cresselia\n|\n|-weather|SunnyDay|[upkeep]\n|upkeep\n|turn|3\n|\n|t:|1699929661\n|move|p1b: Torkoal|Eruption|p2b: Maushold|[spread] p2a,p2b\n|-damage|p2a: Snorlax|55\/100\n|-damage|p2b: Maushold|0 fnt\n|faint|p2b: Maushold\n|move|p2a: Snorlax|Earthquake|p1b: Torkoal|[spread] p1b\n|-immune|p1a: Cresselia|[from] ability: Levitate\n|-supereffective|p1b: Torkoal\n|-damage|p1b: Torkoal|2\/100\n|move|p1a: Cresselia|Dazzling Gleam|p2a: Snorlax\n|-damage|p2a: Snorlax|39\/100\n|\n|-weather|SunnyDay|[upkeep]\n|-heal|p1b: Torkoal|8\/100|[from] item: Leftovers\n|upkeep\n|\n|t:|1699929678\n|switch|p2b: Arcanine|Arcanine-Hisui, L50, M|100\/100\n|-ability|p2b: Arcanine|Intimidate|boost\n|-unboost|p1a: Cresselia|atk|1\n|-unboost|p1b: Torkoal|atk|1\n|-item|p2b: Arcanine|Air Balloon\n|turn|4\n|\n|t:|1699929691\n|move|p1b: Torkoal|Protect|p1b: Torkoal\n|-singleturn|p1b: Torkoal|Protect\n|move|p2a: Snorlax|Protect|p2a: Snorlax\n|-singleturn|p2a: Snorlax|Protect\n|move|p1a: Cresselia|Lunar Blessing|p1a: Cresselia|[spread] p1a,p1b\n|-heal|p1b: Torkoal|33\/100\n|move|p2b: Arcanine|Smack Down|p1a: Cresselia\n|-damage|p1a: Cresselia|81\/100\n|-start|p1a: Cresselia|Smack Down\n|\n|-weather|SunnyDay|[upkeep]\n|-heal|p1b: Torkoal|39\/100|[from] item: Leftovers\n|upkeep\n|turn|5\n|inactive|gg3g3 has 30 seconds left.\n|\n|t:|1699929719\n|-terastallize|p1a: Cresselia|Grass\n|move|p2b: Arcanine|Helping Hand|p2a: Snorlax\n|-singleturn|p2a: Snorlax|Helping Hand|[of] p2b: Arcanine\n|move|p1b: Torkoal|Body Press|p2a: Snorlax\n|-supereffective|p2a: Snorlax\n|-damage|p2a: Snorlax|0 fnt\n|faint|p2a: Snorlax\n|move|p1a: Cresselia|Calm Mind|p1a: Cresselia\n|-boost|p1a: Cresselia|spa|1\n|-boost|p1a: Cresselia|spd|1\n|\n|-weather|SunnyDay|[upkeep]\n|-heal|p1b: Torkoal|46\/100|[from] item: Leftovers\n|-fieldend|move: Trick Room\n|upkeep\n|\n|t:|1699929726\n|switch|p2a: Vespiquen|Vespiquen, L50, F|100\/100\n|-ability|p2a: Vespiquen|Pressure\n|turn|6\n|\n|t:|1699929746\n|move|p2a: Vespiquen|Helping Hand|p2b: Arcanine\n|-singleturn|p2b: Arcanine|Helping Hand|[of] p2a: Vespiquen\n|move|p2b: Arcanine|Flame Charge|p1a: Cresselia\n|-supereffective|p1a: Cresselia\n|-damage|p1a: Cresselia|0 fnt\n|-boost|p2b: Arcanine|spe|1\n|faint|p1a: Cresselia\n|move|p1b: Torkoal|Eruption|p2b: Arcanine|[spread] p2a,p2b\n|-supereffective|p2a: Vespiquen\n|-resisted|p2b: Arcanine\n|-damage|p2a: Vespiquen|67\/100\n|-damage|p2b: Arcanine|93\/100\n|-enditem|p2b: Arcanine|Air Balloon\n|\n|-weather|none\n|-heal|p2a: Vespiquen|73\/100|[from] item: Leftovers\n|-heal|p1b: Torkoal|52\/100|[from] item: Leftovers\n|upkeep\n|\n|t:|1699929764\n|switch|p1a: Roaring Moon|Roaring Moon, L50|100\/100\n|turn|7\n|\n|t:|1699929778\n|move|p2a: Vespiquen|Protect|p2a: Vespiquen\n|-singleturn|p2a: Vespiquen|Protect\n|move|p1b: Torkoal|Protect|p1b: Torkoal\n|-singleturn|p1b: Torkoal|Protect\n|move|p2b: Arcanine|Smack Down|p1b: Torkoal\n|-activate|p1b: Torkoal|move: Protect\n|move|p1a: Roaring Moon|Acrobatics|p2a: Vespiquen\n|-activate|p2a: Vespiquen|move: Protect\n|\n|-heal|p2a: Vespiquen|79\/100|[from] item: Leftovers\n|-heal|p1b: Torkoal|58\/100|[from] item: Leftovers\n|upkeep\n|turn|8\n|\n|t:|1699929800\n|move|p2b: Arcanine|Smack Down|p1b: Torkoal\n|-supereffective|p1b: Torkoal\n|-damage|p1b: Torkoal|30\/100\n|move|p1a: Roaring Moon|Acrobatics|p2a: Vespiquen\n|-supereffective|p2a: Vespiquen\n|-damage|p2a: Vespiquen|0 fnt\n|faint|p2a: Vespiquen\n|move|p1b: Torkoal|Body Press|p2b: Arcanine\n|-supereffective|p2b: Arcanine\n|-crit|p2b: Arcanine\n|-damage|p2b: Arcanine|0 fnt\n|faint|p2b: Arcanine\n|\n|win|gg3g3\n|raw|gg3g3's rating: 1097 &rarr; <strong>1117<\/strong><br \/>(+20 for winning)\n|raw|Felgrand Tactician's rating: 1019 &rarr; <strong>1009<\/strong><br \/>(-10 for losing)\n|l|\u2606Felgrand Tactician\n","uploadtime":1699929815,"views":14,"p1id":"gg3g3","p2id":"felgrandtactician","formatid":"gen9vgc2023regulatione","rating":1009,"private":0,"password":""}