{"id":"gen9vgc2023regulatione-1990331494","p1":"An example","p2":"martin3952","format":"[Gen 9] VGC 2023 Regulation E","log":"|j|\u2606An example\n|j|\u2606martin3952\n|t:|1699957937\n|gametype|doubles\n|player|p1|An example|170|1194\n|player|p2|martin3952|265|1246\n|teamsize|p1|6\n|teamsize|p2|6\n|gen|9\n|tier|[Gen 9] VGC 2023 Regulation E\n|rated|\n|rule|Species Clause: Limit one of each Pok\u00e9mon\n|rule|Item Clause: Limit one of each item\n|clearpoke\n|poke|p1|Urshifu-*, L50, F|\n|poke|p1|Iron Hands, L50|\n|poke|p1|Ogerpon-Wellspring, L50, F|\n|poke|p1|Arcanine-Hisui, L50, F|\n|poke|p1|Tornadus, L50, M|\n|poke|p1|Gholdengo, L50|\n|poke|p2|Dondozo, L50, F|\n|poke|p2|Tatsugiri, L50, F|\n|poke|p2|Annihilape, L50, M|\n|poke|p2|Flamigo, L50, F|\n|poke|p2|Flutter Mane, L50|\n|poke|p2|Ogerpon-Hearthflame, L50, F|\n|teampreview|4\n|\n|t:|1699957962\n|start\n|switch|p1a: Gholdengo|Gholdengo, L50|100\/100\n|switch|p1b: Tornadus|Tornadus, L50, M|100\/100\n|switch|p2a: Annihilape|Annihilape, L50, M|100\/100\n|switch|p2b: Tatsugiri|Tatsugiri, L50, F|100\/100\n|turn|1\n|\n|t:|1699957986\n|move|p2b: Tatsugiri|Endure|p2b: Tatsugiri\n|-singleturn|p2b: Tatsugiri|move: Endure\n|move|p1b: Tornadus|Tailwind|p1b: Tornadus\n|-sidestart|p1: An example|move: Tailwind\n|move|p1a: Gholdengo|Shadow Ball|p2a: Annihilape\n|-supereffective|p2a: Annihilape\n|-damage|p2a: Annihilape|0 fnt\n|faint|p2a: Annihilape\n|\n|-status|p2b: Tatsugiri|tox|[from] item: Toxic Orb\n|upkeep\n|\n|t:|1699957996\n|switch|p2a: Dondozo|Dondozo, L50, F|100\/100\n|-activate|p2b: Tatsugiri|ability: Commander|[of] p2a: Dondozo\n|-boost|p2a: Dondozo|atk|2\n|-boost|p2a: Dondozo|spa|2\n|-boost|p2a: Dondozo|spe|2\n|-boost|p2a: Dondozo|def|2\n|-boost|p2a: Dondozo|spd|2\n|turn|2\n|\n|t:|1699958008\n|switch|p1a: Iron Hands|Iron Hands, L50|100\/100\n|move|p1b: Tornadus|Taunt|p2a: Dondozo\n|-start|p2a: Dondozo|move: Taunt\n|move|p2a: Dondozo|Order Up|p1b: Tornadus\n|-damage|p1b: Tornadus|44\/100\n|-boost|p2a: Dondozo|atk|1\n|\n|-damage|p2b: Tatsugiri|95\/100 tox|[from] psn\n|upkeep\n|turn|3\n|\n|t:|1699958023\n|switch|p1b: Ogerpon|Ogerpon-Wellspring, L50, F|100\/100\n|-terastallize|p2a: Dondozo|Dragon\n|move|p1a: Iron Hands|Fake Out|p2a: Dondozo\n|-damage|p2a: Dondozo|95\/100\n|cant|p2a: Dondozo|flinch\n|\n|-heal|p2a: Dondozo|100\/100|[from] item: Leftovers\n|-damage|p2b: Tatsugiri|84\/100 tox|[from] psn\n|upkeep\n|turn|4\n|\n|t:|1699958039\n|move|p1b: Ogerpon|Protect|p1b: Ogerpon\n|-singleturn|p1b: Ogerpon|Protect\n|move|p2a: Dondozo|Earthquake|p1a: Iron Hands|[spread] p1a\n|-miss|p2a: Dondozo|p2b: Tatsugiri\n|-activate|p1b: Ogerpon|move: Protect\n|-supereffective|p1a: Iron Hands\n|-damage|p1a: Iron Hands|33\/100\n|move|p1a: Iron Hands|Drain Punch|p2a: Dondozo\n|-damage|p2a: Dondozo|85\/100\n|-heal|p1a: Iron Hands|40\/100|[from] drain|[of] p2a: Dondozo\n|\n|-heal|p2a: Dondozo|91\/100|[from] item: Leftovers\n|-damage|p2b: Tatsugiri|67\/100 tox|[from] psn\n|-end|p2a: Dondozo|move: Taunt\n|-sideend|p1: An example|move: Tailwind\n|upkeep\n|turn|5\n|\n|t:|1699958055\n|-end|p1a: Iron Hands|Quark Drive|[silent]\n|switch|p1a: Tornadus|Tornadus, L50, M|44\/100\n|move|p1b: Ogerpon|Ivy Cudgel|p2a: Dondozo|[anim] Ivy Cudgel Water\n|-resisted|p2a: Dondozo\n|-damage|p2a: Dondozo|82\/100\n|move|p2a: Dondozo|Order Up|p1a: Tornadus\n|-damage|p1a: Tornadus|0 fnt\n|faint|p1a: Tornadus\n|-boost|p2a: Dondozo|atk|1\n|\n|-heal|p2a: Dondozo|88\/100|[from] item: Leftovers\n|-damage|p2b: Tatsugiri|45\/100 tox|[from] psn\n|upkeep\n|\n|t:|1699958066\n|switch|p1a: Gholdengo|Gholdengo, L50|100\/100\n|turn|6\n|\n|t:|1699958089\n|-terastallize|p1a: Gholdengo|Dragon\n|move|p2a: Dondozo|Protect|p2a: Dondozo\n|-singleturn|p2a: Dondozo|Protect\n|move|p1b: Ogerpon|Protect|p1b: Ogerpon\n|-singleturn|p1b: Ogerpon|Protect\n|move|p1a: Gholdengo|Dazzling Gleam|p2a: Dondozo|[spread] \n|-miss|p1a: Gholdengo|p2b: Tatsugiri\n|-activate|p2a: Dondozo|move: Protect\n|\n|-heal|p2a: Dondozo|94\/100|[from] item: Leftovers\n|-damage|p2b: Tatsugiri|17\/100 tox|[from] psn\n|upkeep\n|turn|7\n|\n|t:|1699958101\n|move|p1b: Ogerpon|Follow Me|p1b: Ogerpon\n|-singleturn|p1b: Ogerpon|move: Follow Me\n|move|p2a: Dondozo|Earthquake|p1b: Ogerpon|[spread] p1a,p1b\n|-miss|p2a: Dondozo|p2b: Tatsugiri\n|-resisted|p1b: Ogerpon\n|-damage|p1a: Gholdengo|28\/100\n|-damage|p1b: Ogerpon|62\/100\n|move|p1a: Gholdengo|Dazzling Gleam|p2a: Dondozo|[spread] p2a\n|-miss|p1a: Gholdengo|p2b: Tatsugiri\n|-supereffective|p2a: Dondozo\n|-crit|p2a: Dondozo\n|-damage|p2a: Dondozo|7\/100\n|\n|-heal|p2a: Dondozo|13\/100|[from] item: Leftovers\n|-damage|p2b: Tatsugiri|0 fnt|[from] psn\n|faint|p2b: Tatsugiri\n|upkeep\n|\n|t:|1699958111\n|switch|p2b: Flamigo|Flamigo, L50, F|100\/100\n|-copyboost|p2b: Flamigo|p2a: Dondozo|[from] ability: Costar\n|turn|8\n|\n|t:|1699958132\n|move|p2b: Flamigo|Brave Bird|p1b: Ogerpon\n|-supereffective|p1b: Ogerpon\n|-damage|p1b: Ogerpon|0 fnt\n|faint|p1b: Ogerpon\n|-damage|p2b: Flamigo|82\/100|[from] Recoil\n|-damage|p2b: Flamigo|73\/100|[from] item: Life Orb\n|move|p2a: Dondozo|Earthquake|p1a: Gholdengo|[spread] p1a\n|-immune|p2b: Flamigo\n|-damage|p1a: Gholdengo|0 fnt\n|faint|p1a: Gholdengo\n|\n|-heal|p2a: Dondozo|19\/100|[from] item: Leftovers\n|upkeep\n|\n|t:|1699958145\n|switch|p1b: Iron Hands|Iron Hands, L50|40\/100\n|turn|9\n|\n|t:|1699958158\n|move|p2b: Flamigo|Brave Bird|p1b: Iron Hands\n|-damage|p1b: Iron Hands|0 fnt\n|faint|p1b: Iron Hands\n|-end|p1b: Iron Hands|Quark Drive|[silent]\n|-damage|p2b: Flamigo|54\/100|[from] Recoil\n|-damage|p2b: Flamigo|44\/100|[from] item: Life Orb\n|\n|win|martin3952\n|raw|An example's rating: 1194 &rarr; <strong>1173<\/strong><br \/>(-21 for losing)\n|raw|martin3952's rating: 1246 &rarr; <strong>1267<\/strong><br \/>(+21 for winning)\n","uploadtime":1699958162,"views":7,"p1id":"anexample","p2id":"martin3952","formatid":"gen9vgc2023regulatione","rating":1173,"private":0,"password":""}