{"id":"gen9vgc2023regulatione-1999900895","p1":"Heyitsleonn","p2":"bigbranonbampus","format":"[Gen 9] VGC 2023 Regulation E","log":"|j|\u2606Heyitsleonn\n|j|\u2606bigbranonbampus\n|t:|1701127980\n|gametype|doubles\n|player|p1|Heyitsleonn|norman|1304\n|player|p2|bigbranonbampus|hiker|1320\n|teamsize|p1|6\n|teamsize|p2|6\n|gen|9\n|tier|[Gen 9] VGC 2023 Regulation E\n|rated|\n|rule|Species Clause: Limit one of each Pok\u00e9mon\n|rule|Item Clause: Limit one of each item\n|clearpoke\n|poke|p1|Dondozo, L50, F|\n|poke|p1|Tatsugiri, L50, M|\n|poke|p1|Ninetales-Alola, L50, F|\n|poke|p1|Glimmora, L50, F|\n|poke|p1|Ogerpon-Hearthflame, L50, F|\n|poke|p1|Iron Hands, L50|\n|poke|p2|Urshifu-*, L50, F|\n|poke|p2|Arcanine-Hisui, L50, M|\n|poke|p2|Iron Hands, L50|\n|poke|p2|Chien-Pao, L50|\n|poke|p2|Kingambit, L50, M|\n|poke|p2|Flutter Mane, L50|\n|teampreview|4\n|inactive|Battle timer is ON: inactive players will automatically lose when time's up. (requested by bigbranonbampus)\n|inactive|Heyitsleonn also wants the timer to be on.\n|\n|t:|1701127999\n|start\n|switch|p1a: Ninetales|Ninetales-Alola, L50, F|100\/100\n|switch|p1b: Glimmora|Glimmora, L50, F|100\/100\n|switch|p2a: Iron Hands|Iron Hands, L50|100\/100\n|switch|p2b: Arcanine|Arcanine-Hisui, L50, M|100\/100\n|-weather|Snow|[from] ability: Snow Warning|[of] p1a: Ninetales\n|-ability|p2b: Arcanine|Intimidate|boost\n|-unboost|p1a: Ninetales|atk|1\n|-unboost|p1b: Glimmora|atk|1\n|turn|1\n|\n|t:|1701128023\n|-terastallize|p1a: Ninetales|Ghost\n|move|p1a: Ninetales|Aurora Veil|p1a: Ninetales\n|-sidestart|p1: Heyitsleonn|move: Aurora Veil\n|move|p2b: Arcanine|Howl|p2b: Arcanine|[spread] p2a,p2b\n|-boost|p2a: Iron Hands|atk|1\n|-boost|p2b: Arcanine|atk|1\n|move|p1b: Glimmora|Mortal Spin|p2b: Arcanine|[spread] p2a,p2b\n|-resisted|p2b: Arcanine\n|-damage|p2a: Iron Hands|99\/100\n|-damage|p2b: Arcanine|99\/100\n|-status|p2a: Iron Hands|psn\n|-status|p2b: Arcanine|psn\n|move|p2a: Iron Hands|Heavy Slam|p1b: Glimmora\n|-supereffective|p1b: Glimmora\n|-crit|p1b: Glimmora\n|-damage|p1b: Glimmora|0 fnt\n|-activate|p1b: Glimmora|ability: Toxic Debris\n|-sidestart|p2: bigbranonbampus|move: Toxic Spikes\n|faint|p1b: Glimmora\n|\n|-weather|Snow|[upkeep]\n|-damage|p2b: Arcanine|86\/100 psn|[from] psn\n|-damage|p2a: Iron Hands|87\/100 psn|[from] psn\n|upkeep\n|\n|t:|1701128039\n|switch|p1b: Dondozo|Dondozo, L50, F|100\/100\n|turn|2\n|\n|t:|1701128052\n|switch|p1a: Tatsugiri|Tatsugiri, L50, M|100\/100\n|-activate|p1a: Tatsugiri|ability: Commander|[of] p1b: Dondozo\n|-boost|p1b: Dondozo|atk|2\n|-boost|p1b: Dondozo|spa|2\n|-boost|p1b: Dondozo|spe|2\n|-boost|p1b: Dondozo|def|2\n|-boost|p1b: Dondozo|spd|2\n|move|p1b: Dondozo|Earthquake|p2b: Arcanine|[spread] p2a,p2b\n|-miss|p1b: Dondozo|p1a: Tatsugiri\n|-supereffective|p2a: Iron Hands\n|-supereffective|p2b: Arcanine\n|-damage|p2a: Iron Hands|23\/100 psn\n|-damage|p2b: Arcanine|0 fnt\n|faint|p2b: Arcanine\n|move|p2a: Iron Hands|Wild Charge|p1b: Dondozo\n|-supereffective|p1b: Dondozo\n|-damage|p1b: Dondozo|72\/100\n|-damage|p2a: Iron Hands|17\/100 psn|[from] Recoil\n|\n|-weather|Snow|[upkeep]\n|-heal|p1b: Dondozo|78\/100|[from] item: Leftovers\n|-damage|p2a: Iron Hands|5\/100 psn|[from] psn\n|upkeep\n|inactive|bigbranonbampus has 30 seconds left.\n|\n|t:|1701128084\n|switch|p2b: Chien-Pao|Chien-Pao, L50|100\/100\n|-status|p2b: Chien-Pao|psn\n|-ability|p2b: Chien-Pao|Sword of Ruin\n|turn|3\n|\n|t:|1701128092\n|-end|p2a: Iron Hands|Quark Drive|[silent]\n|switch|p2a: Flutter Mane|Flutter Mane, L50|100\/100\n|-status|p2a: Flutter Mane|psn\n|move|p2b: Chien-Pao|Psychic Fangs|p1b: Dondozo\n|-sideend|p1: Heyitsleonn|move: Aurora Veil\n|-damage|p1b: Dondozo|61\/100\n|-damage|p2b: Chien-Pao|91\/100 psn|[from] item: Life Orb\n|move|p1b: Dondozo|Earthquake|p2a: Flutter Mane|[spread] p2a,p2b\n|-miss|p1b: Dondozo|p1a: Tatsugiri\n|-damage|p2a: Flutter Mane|0 fnt\n|-damage|p2b: Chien-Pao|44\/100 psn\n|faint|p2a: Flutter Mane\n|-end|p2a: Flutter Mane|Protosynthesis|[silent]\n|\n|-weather|Snow|[upkeep]\n|-heal|p1b: Dondozo|67\/100|[from] item: Leftovers\n|-damage|p2b: Chien-Pao|31\/100 psn|[from] psn\n|upkeep\n|\n|t:|1701128104\n|switch|p2a: Iron Hands|Iron Hands, L50|5\/100 psn\n|turn|4\n|\n|t:|1701128112\n|move|p1b: Dondozo|Protect|p1b: Dondozo\n|-singleturn|p1b: Dondozo|Protect\n|move|p2a: Iron Hands|Fake Out|p1b: Dondozo\n|-activate|p1b: Dondozo|move: Protect\n|move|p2b: Chien-Pao|Psychic Fangs|p1b: Dondozo\n|-activate|p1b: Dondozo|move: Protect\n|\n|-weather|Snow|[upkeep]\n|-heal|p1b: Dondozo|74\/100|[from] item: Leftovers\n|-damage|p2b: Chien-Pao|19\/100 psn|[from] psn\n|-damage|p2a: Iron Hands|0 fnt|[from] psn\n|faint|p2a: Iron Hands\n|-end|p2a: Iron Hands|Quark Drive|[silent]\n|upkeep\n|turn|5\n|\n|t:|1701128123\n|-terastallize|p2b: Chien-Pao|Ghost\n|move|p2b: Chien-Pao|Icicle Crash|p1b: Dondozo\n|-resisted|p1b: Dondozo\n|-damage|p1b: Dondozo|60\/100\n|-damage|p2b: Chien-Pao|10\/100 psn|[from] item: Life Orb\n|cant|p1b: Dondozo|flinch\n|\n|-weather|none\n|-heal|p1b: Dondozo|66\/100|[from] item: Leftovers\n|-damage|p2b: Chien-Pao|0 fnt|[from] psn\n|faint|p2b: Chien-Pao\n|\n|win|Heyitsleonn\n|upkeep\n|raw|Heyitsleonn's rating: 1304 &rarr; <strong>1325<\/strong><br \/>(+21 for winning)\n|raw|bigbranonbampus's rating: 1320 &rarr; <strong>1299<\/strong><br \/>(-21 for losing)\n","uploadtime":1701128147,"views":10,"p1id":"heyitsleonn","p2id":"bigbranonbampus","formatid":"gen9vgc2023regulatione","rating":1299,"private":0,"password":""}