{"id":"gen9vgc2023regulatione-1997877637","p1":"VoidxXxx","p2":"Ipeximus","format":"[Gen 9] VGC 2023 Regulation E","log":"|j|\u2606VoidxXxx\n|j|\u2606Ipeximus\n|t:|1700862720\n|gametype|doubles\n|player|p1|VoidxXxx|blue|1236\n|player|p2|Ipeximus|1|1177\n|teamsize|p1|6\n|teamsize|p2|6\n|gen|9\n|tier|[Gen 9] VGC 2023 Regulation E\n|rated|\n|rule|Species Clause: Limit one of each Pok\u00e9mon\n|rule|Item Clause: Limit one of each item\n|clearpoke\n|poke|p1|Urshifu-*, L50, F|\n|poke|p1|Munkidori, L50, M|\n|poke|p1|Flutter Mane, L50|\n|poke|p1|Typhlosion-Hisui, L50, M|\n|poke|p1|Tornadus, L50, M|\n|poke|p1|Torkoal, L50, F|\n|poke|p2|Gholdengo, L50|\n|poke|p2|Arcanine-Hisui, L50, F|\n|poke|p2|Rillaboom, L50, F|\n|poke|p2|Iron Hands, L50|\n|poke|p2|Tornadus, L50, M|\n|poke|p2|Urshifu-*, L50, M|\n|teampreview|4\n|\n|t:|1700862762\n|start\n|switch|p1a: Professor Utonium|Tornadus, L50, M, shiny|100\/100\n|switch|p1b: Buttercup|Flutter Mane, L50|100\/100\n|switch|p2a: Urshifu|Urshifu-Rapid-Strike, L50, M|100\/100\n|switch|p2b: Tornadus|Tornadus, L50, M|100\/100\n|turn|1\n|\n|t:|1700862793\n|-terastallize|p2a: Urshifu|Water\n|move|p1a: Professor Utonium|Tailwind|p1a: Professor Utonium\n|-sidestart|p1: VoidxXxx|move: Tailwind\n|move|p2b: Tornadus|Rain Dance|p2b: Tornadus\n|-weather|RainDance\n|move|p1b: Buttercup|Moonblast|p2a: Urshifu\n|-damage|p2a: Urshifu|2\/100\n|move|p2a: Urshifu|Surging Strikes|p1b: Buttercup\n|-crit|p1b: Buttercup\n|-damage|p1b: Buttercup|22\/100\n|-crit|p1b: Buttercup\n|-damage|p1b: Buttercup|0 fnt\n|faint|p1b: Buttercup\n|-end|p1b: Buttercup|Protosynthesis|[silent]\n|-hitcount|p1: Buttercup|2\n|\n|-weather|RainDance|[upkeep]\n|upkeep\n|\n|t:|1700862812\n|switch|p1b: Bubbles|Urshifu-Rapid-Strike, L50, F|100\/100\n|turn|2\n|\n|t:|1700862825\n|switch|p2a: Iron Hands|Iron Hands, L50|100\/100\n|move|p1a: Professor Utonium|Icy Wind|p2a: Iron Hands|[spread] p2a,p2b\n|-supereffective|p2b: Tornadus\n|-damage|p2a: Iron Hands|94\/100\n|-damage|p2b: Tornadus|80\/100\n|-unboost|p2a: Iron Hands|spe|1\n|move|p1b: Bubbles|Surging Strikes|p2b: Tornadus\n|-crit|p2b: Tornadus\n|-damage|p2b: Tornadus|44\/100\n|-crit|p2b: Tornadus\n|-damage|p2b: Tornadus|7\/100\n|-crit|p2b: Tornadus\n|-damage|p2b: Tornadus|0 fnt\n|faint|p2b: Tornadus\n|-hitcount|p2: Tornadus|3\n|\n|-weather|RainDance|[upkeep]\n|upkeep\n|\n|t:|1700862853\n|switch|p2b: Urshifu|Urshifu-Rapid-Strike, L50, M, tera:Water|2\/100\n|turn|3\n|\n|t:|1700862867\n|move|p2b: Urshifu|Aqua Jet|p1b: Bubbles\n|-resisted|p1b: Bubbles\n|-crit|p1b: Bubbles\n|-damage|p1b: Bubbles|65\/100\n|move|p1a: Professor Utonium|Bleakwind Storm|p2b: Urshifu|[spread] p2a,p2b\n|-damage|p2a: Iron Hands|78\/100\n|-damage|p2b: Urshifu|0 fnt\n|faint|p2b: Urshifu\n|move|p1b: Bubbles|Surging Strikes|p2a: Iron Hands\n|-crit|p2a: Iron Hands\n|-damage|p2a: Iron Hands|53\/100\n|-crit|p2a: Iron Hands\n|-damage|p2a: Iron Hands|30\/100\n|-crit|p2a: Iron Hands\n|-damage|p2a: Iron Hands|8\/100\n|-hitcount|p2a: Iron Hands|3\n|move|p2a: Iron Hands|Wild Charge|p1b: Bubbles\n|-supereffective|p1b: Bubbles\n|-damage|p1b: Bubbles|0 fnt\n|faint|p1b: Bubbles\n|-damage|p2a: Iron Hands|0 fnt|[from] Recoil\n|faint|p2a: Iron Hands\n|-end|p2a: Iron Hands|Quark Drive|[silent]\n|\n|-weather|RainDance|[upkeep]\n|upkeep\n|inactive|Battle timer is ON: inactive players will automatically lose when time's up. (requested by VoidxXxx)\n|\n|t:|1700862905\n|switch|p2b: Gholdengo|Gholdengo, L50|100\/100\n|switch|p1b: Mojo jojo|Munkidori, L50, M|100\/100\n|turn|4\n|inactive|VoidxXxx has 30 seconds left.\n|inactive|VoidxXxx has 20 seconds left.\n|inactive|VoidxXxx has 15 seconds left.\n|\n|t:|1700862946\n|-terastallize|p1a: Professor Utonium|Normal\n|move|p1a: Professor Utonium|Icy Wind|p2b: Gholdengo\n|-resisted|p2b: Gholdengo\n|-damage|p2b: Gholdengo|94\/100\n|-unboost|p2b: Gholdengo|spe|1\n|move|p1b: Mojo jojo|Calm Mind|p1b: Mojo jojo\n|-boost|p1b: Mojo jojo|spa|1\n|-boost|p1b: Mojo jojo|spd|1\n|move|p2b: Gholdengo|Shadow Ball|p1b: Mojo jojo\n|-supereffective|p1b: Mojo jojo\n|-damage|p1b: Mojo jojo|19\/100\n|-unboost|p1b: Mojo jojo|spd|1\n|-damage|p2b: Gholdengo|84\/100|[from] item: Life Orb\n|\n|-weather|RainDance|[upkeep]\n|-heal|p1b: Mojo jojo|25\/100|[from] item: Leftovers\n|-sideend|p1: VoidxXxx|move: Tailwind\n|upkeep\n|turn|5\n|\n|t:|1700862969\n|move|p1a: Professor Utonium|Bleakwind Storm|p2b: Gholdengo\n|-resisted|p2b: Gholdengo\n|-damage|p2b: Gholdengo|65\/100\n|move|p1b: Mojo jojo|Psychic|p2b: Gholdengo\n|-resisted|p2b: Gholdengo\n|-damage|p2b: Gholdengo|31\/100\n|move|p2b: Gholdengo|Shadow Ball|p1b: Mojo jojo\n|-supereffective|p1b: Mojo jojo\n|-damage|p1b: Mojo jojo|0 fnt\n|faint|p1b: Mojo jojo\n|-damage|p2b: Gholdengo|21\/100|[from] item: Life Orb\n|\n|-weather|none\n|upkeep\n|turn|6\n|\n|t:|1700862986\n|move|p1a: Professor Utonium|Bleakwind Storm|p2b: Gholdengo\n|-resisted|p2b: Gholdengo\n|-damage|p2b: Gholdengo|1\/100\n|-unboost|p2b: Gholdengo|spe|1\n|move|p2b: Gholdengo|Nasty Plot|p2b: Gholdengo\n|-boost|p2b: Gholdengo|spa|2\n|\n|upkeep\n|turn|7\n|\n|t:|1700862996\n|move|p2b: Gholdengo|Protect|p2b: Gholdengo\n|-singleturn|p2b: Gholdengo|Protect\n|move|p1a: Professor Utonium|Bleakwind Storm|p2b: Gholdengo\n|-activate|p2b: Gholdengo|move: Protect\n|\n|upkeep\n|turn|8\n|\n|t:|1700863003\n|move|p1a: Professor Utonium|Bleakwind Storm|p2b: Gholdengo\n|-resisted|p2b: Gholdengo\n|-damage|p2b: Gholdengo|0 fnt\n|faint|p2b: Gholdengo\n|\n|win|VoidxXxx\n|raw|VoidxXxx's rating: 1236 &rarr; <strong>1257<\/strong><br \/>(+21 for winning)\n|raw|Ipeximus's rating: 1177 &rarr; <strong>1156<\/strong><br \/>(-21 for losing)\n|c|\u2606Ipeximus|GG\n","uploadtime":1700863013,"views":6,"p1id":"voidxxxx","p2id":"ipeximus","formatid":"gen9vgc2023regulatione","rating":1156,"private":0,"password":""}