{"id":"gen9vgc2023regulatione-1998168755","p1":"LINKlll","p2":"NApiplana","format":"[Gen 9] VGC 2023 Regulation E","log":"|j|\u2606LINKlll\n|j|\u2606NApiplana\n|t:|1700905128\n|gametype|doubles\n|player|p1|LINKlll|rosa|\n|player|p2|NApiplana|dawn-masters3|\n|teamsize|p1|6\n|teamsize|p2|6\n|gen|9\n|tier|[Gen 9] VGC 2023 Regulation E\n|rule|Species Clause: Limit one of each Pok\u00e9mon\n|rule|Item Clause: Limit one of each item\n|clearpoke\n|poke|p1|Hatterene, L50, F|\n|poke|p1|Indeedee-F, L50, F|\n|poke|p1|Torkoal, L50, M|\n|poke|p1|Sinistcha, L50|\n|poke|p1|Rillaboom, L50, M|\n|poke|p1|Empoleon, L50, M|\n|poke|p2|Murkrow, L50, M|\n|poke|p2|Gengar, L50, F|\n|poke|p2|Gothitelle, L50, F|\n|poke|p2|Sinistcha-Masterpiece, L50|\n|poke|p2|Samurott-Hisui, L50, F|\n|poke|p2|Luxray, L50, M|\n|teampreview|4\n|\n|t:|1700905156\n|start\n|switch|p1a: Sinistcha|Sinistcha, L50|100\/100\n|switch|p1b: Indeedee|Indeedee-F, L50, F|100\/100\n|switch|p2a: Luxray|Luxray, L50, M, shiny|100\/100\n|switch|p2b: Samurott|Samurott-Hisui, L50, F|100\/100\n|-ability|p2a: Luxray|Intimidate|boost\n|-unboost|p1a: Sinistcha|atk|1\n|-unboost|p1b: Indeedee|atk|1\n|-fieldstart|move: Psychic Terrain|[from] ability: Psychic Surge|[of] p1b: Indeedee\n|turn|1\n|\n|t:|1700905183\n|-terastallize|p1a: Sinistcha|Water\n|move|p1a: Sinistcha|Rage Powder|p1a: Sinistcha\n|-singleturn|p1a: Sinistcha|move: Rage Powder\n|move|p2b: Samurott|Night Slash|p1a: Sinistcha\n|-crit|p1a: Sinistcha\n|-damage|p1a: Sinistcha|36\/100\n|-enditem|p1a: Sinistcha|Sitrus Berry|[eat]\n|-heal|p1a: Sinistcha|61\/100|[from] item: Sitrus Berry\n|move|p2a: Luxray|Snarl|p1b: Indeedee|[spread] p1a,p1b\n|-supereffective|p1b: Indeedee\n|-damage|p1a: Sinistcha|51\/100\n|-damage|p1b: Indeedee|82\/100\n|-unboost|p1a: Sinistcha|spa|1\n|-unboost|p1b: Indeedee|spa|1\n|move|p1b: Indeedee|Trick Room|p1b: Indeedee\n|-fieldstart|move: Trick Room|[of] p1b: Indeedee\n|\n|upkeep\n|turn|2\n|\n|t:|1700905214\n|switch|p1b: Empoleon|Empoleon, L50, M|100\/100\n|move|p1a: Sinistcha|Matcha Gotcha|p2b: Samurott|[spread] p2a\n|-miss|p1a: Sinistcha|p2b: Samurott\n|-damage|p2a: Luxray|86\/100\n|-heal|p1a: Sinistcha|59\/100|[from] drain|[of] p2a: Luxray\n|move|p2a: Luxray|Snarl|p1a: Sinistcha|[spread] p1a,p1b\n|-damage|p1a: Sinistcha|49\/100\n|-damage|p1b: Empoleon|91\/100\n|-unboost|p1a: Sinistcha|spa|1\n|-unboost|p1b: Empoleon|spa|1\n|-ability|p1b: Empoleon|Competitive|boost\n|-boost|p1b: Empoleon|spa|2\n|move|p2b: Samurott|Night Slash|p1b: Empoleon\n|-damage|p1b: Empoleon|39\/100\n|\n|-heal|p1b: Empoleon|45\/100|[from] item: Leftovers\n|upkeep\n|turn|3\n|\n|t:|1700905255\n|move|p1b: Empoleon|Flash Cannon|p2b: Samurott\n|-resisted|p2b: Samurott\n|-damage|p2b: Samurott|73\/100\n|move|p2a: Luxray|Volt Switch|p1b: Empoleon\n|-supereffective|p1b: Empoleon\n|-damage|p1b: Empoleon|0 fnt\n|faint|p1b: Empoleon\n|\n|t:|1700905263\n|switch|p2a: Gothitelle|Gothitelle, L50, F, shiny|100\/100|[from] Volt Switch\n|move|p1a: Sinistcha|Matcha Gotcha|p2a: Gothitelle|[spread] p2a,p2b\n|-supereffective|p2b: Samurott\n|-damage|p2a: Gothitelle|91\/100\n|-heal|p1a: Sinistcha|54\/100|[from] drain|[of] p2a: Gothitelle\n|-damage|p2b: Samurott|43\/100\n|-heal|p1a: Sinistcha|68\/100|[from] drain|[of] p2b: Samurott\n|move|p2b: Samurott|Night Slash|p1a: Sinistcha\n|-damage|p1a: Sinistcha|27\/100\n|\n|upkeep\n|\n|t:|1700905285\n|switch|p1b: Indeedee|Indeedee-F, L50, F|82\/100\n|turn|4\n|\n|t:|1700905297\n|move|p1b: Indeedee|Helping Hand|p1a: Sinistcha\n|-singleturn|p1a: Sinistcha|Helping Hand|[of] p1b: Indeedee\n|move|p2a: Gothitelle|Heal Pulse|p2b: Samurott\n|-heal|p2b: Samurott|93\/100\n|move|p1a: Sinistcha|Matcha Gotcha|p2a: Gothitelle|[spread] p2a,p2b\n|-crit|p2a: Gothitelle\n|-supereffective|p2b: Samurott\n|-damage|p2a: Gothitelle|45\/100\n|-heal|p1a: Sinistcha|50\/100|[from] drain|[of] p2a: Gothitelle\n|-damage|p2b: Samurott|45\/100\n|-heal|p1a: Sinistcha|72\/100|[from] drain|[of] p2b: Samurott\n|-enditem|p2a: Gothitelle|Sitrus Berry|[eat]\n|-heal|p2a: Gothitelle|70\/100|[from] item: Sitrus Berry\n|move|p2b: Samurott|Night Slash|p1b: Indeedee\n|-supereffective|p1b: Indeedee\n|-damage|p1b: Indeedee|0 fnt\n|-damage|p2b: Samurott|28\/100|[from] item: Rocky Helmet|[of] p1b: Indeedee\n|faint|p1b: Indeedee\n|\n|upkeep\n|\n|t:|1700905312\n|switch|p1b: Hatterene|Hatterene, L50, F|100\/100\n|turn|5\n|\n|t:|1700905326\n|-terastallize|p2b: Samurott|Fairy\n|move|p1b: Hatterene|Shadow Ball|p2a: Gothitelle\n|-supereffective|p2a: Gothitelle\n|-damage|p2a: Gothitelle|1\/100\n|-damage|p1b: Hatterene|91\/100|[from] item: Life Orb\n|move|p2a: Gothitelle|Heal Pulse|p2b: Samurott\n|-heal|p2b: Samurott|78\/100\n|move|p1a: Sinistcha|Matcha Gotcha|p2a: Gothitelle|[spread] p2a,p2b\n|-crit|p2a: Gothitelle\n|-damage|p2a: Gothitelle|0 fnt\n|-heal|p1a: Sinistcha|73\/100|[from] drain|[of] p2a: Gothitelle\n|-damage|p2b: Samurott|64\/100\n|-heal|p1a: Sinistcha|80\/100|[from] drain|[of] p2b: Samurott\n|faint|p2a: Gothitelle\n|move|p2b: Samurott|Night Slash|p1b: Hatterene\n|-damage|p1b: Hatterene|31\/100\n|\n|-fieldend|move: Trick Room\n|-fieldend|move: Psychic Terrain\n|upkeep\n|\n|t:|1700905347\n|switch|p2a: Luxray|Luxray, L50, M, shiny|86\/100\n|-ability|p2a: Luxray|Intimidate|boost\n|-unboost|p1a: Sinistcha|atk|1\n|-unboost|p1b: Hatterene|atk|1\n|turn|6\n|\n|t:|1700905357\n|move|p1b: Hatterene|Protect|p1b: Hatterene\n|-singleturn|p1b: Hatterene|Protect\n|move|p2b: Samurott|Night Slash|p1b: Hatterene\n|-activate|p1b: Hatterene|move: Protect\n|move|p2a: Luxray|Snarl|p1a: Sinistcha|[spread] p1a\n|-activate|p1b: Hatterene|move: Protect\n|-damage|p1a: Sinistcha|70\/100\n|-unboost|p1a: Sinistcha|spa|1\n|move|p1a: Sinistcha|Trick Room|p1a: Sinistcha\n|-fieldstart|move: Trick Room|[of] p1a: Sinistcha\n|\n|upkeep\n|turn|7\n|\n|t:|1700905376\n|move|p1a: Sinistcha|Rage Powder|p1a: Sinistcha\n|-singleturn|p1a: Sinistcha|move: Rage Powder\n|move|p1b: Hatterene|Shadow Ball|p2b: Samurott\n|-damage|p2b: Samurott|14\/100\n|-damage|p1b: Hatterene|21\/100|[from] item: Life Orb\n|move|p2a: Luxray|Snarl|p1a: Sinistcha|[spread] p1a,p1b\n|-damage|p1a: Sinistcha|60\/100\n|-damage|p1b: Hatterene|11\/100\n|-unboost|p1a: Sinistcha|spa|1\n|-unboost|p1b: Hatterene|spa|1\n|move|p2b: Samurott|Night Slash|p1a: Sinistcha\n|-damage|p1a: Sinistcha|18\/100\n|\n|upkeep\n|turn|8\n|\n|t:|1700905392\n|move|p1b: Hatterene|Shadow Ball|p2a: Luxray\n|-damage|p2a: Luxray|60\/100\n|-damage|p1b: Hatterene|1\/100|[from] item: Life Orb\n|move|p2a: Luxray|Snarl|p1a: Sinistcha|[spread] p1a,p1b\n|-damage|p1a: Sinistcha|8\/100\n|-damage|p1b: Hatterene|0 fnt\n|-unboost|p1a: Sinistcha|spa|1\n|faint|p1b: Hatterene\n|move|p1a: Sinistcha|Matcha Gotcha|p2b: Samurott|[spread] p2a,p2b\n|-damage|p2a: Luxray|53\/100\n|-heal|p1a: Sinistcha|12\/100|[from] drain|[of] p2a: Luxray\n|-damage|p2b: Samurott|5\/100\n|-heal|p1a: Sinistcha|16\/100|[from] drain|[of] p2b: Samurott\n|-status|p2b: Samurott|brn\n|move|p2b: Samurott|Night Slash|p1a: Sinistcha\n|-damage|p1a: Sinistcha|0 fnt\n|faint|p1a: Sinistcha\n|\n|win|NApiplana\n|l|\u2606LINKlll\n|l|\u2606NApiplana\n|j|\u2606NApiplana\n|player|p2|NApiplana|dawn-masters3\n","uploadtime":1700905559,"views":12,"p1id":"linklll","p2id":"napiplana","formatid":"gen9vgc2023regulatione","rating":0,"private":0,"password":""}