{"id":"gen9vgc2023regulatione-1988721248","p1":"Flutter-Reisa","p2":"gf\u8fd8\u6211\u514b\u96f720\u79cd\u65cf","format":"[Gen 9] VGC 2023 Regulation E","log":"|j|\u203dFlutter-Reisa\n|j|\u203dgf\u8fd8\u6211\u514b\u96f720\u79cd\u65cf\n|n|\u203dFlutter-Reisa|flutterreisa\n|n|\u203dgf\u8fd8\u6211\u514b\u96f720\u79cd\u65cf|gf20\n|html|View the match progress at <a href=\"\/game-bestof3-gen9vgc2023regulatione-1988721247\">game-bestof3-gen9vgc2023regulatione-1988721247<\/a>\n|t:|1699754777\n|gametype|doubles\n|player|p1|Flutter-Reisa|acerola|\n|player|p2|gf\u8fd8\u6211\u514b\u96f720\u79cd\u65cf|veteranf|\n|teamsize|p1|6\n|teamsize|p2|6\n|gen|9\n|tier|[Gen 9] VGC 2023 Regulation E\n|rule|Species Clause: Limit one of each Pok\u00e9mon\n|rule|Item Clause: Limit one of each item\n|clearpoke\n|poke|p1|Ogerpon-Wellspring, L50, F|\n|poke|p1|Grimmsnarl, L50, M|\n|poke|p1|Amoonguss, L50, F|\n|poke|p1|Lycanroc-Dusk, L50, F|\n|poke|p1|Pelipper, L50, F|\n|poke|p1|Iron Hands, L50|\n|poke|p2|Dondozo, L50, M|\n|poke|p2|Tatsugiri, L50, F|\n|poke|p2|Flutter Mane, L50|\n|poke|p2|Chien-Pao, L50|\n|poke|p2|Ogerpon-Cornerstone, L50, F|\n|poke|p2|Lycanroc-Dusk, L50, F|\n|teampreview|4\nFlutter-Reisa has agreed to open team sheets.\n|\n|t:|1699754835\n|start\n|switch|p1a: Grimmsnarl|Grimmsnarl, L50, M|100\/100\n|switch|p1b: Iron Hands|Iron Hands, L50|100\/100\n|switch|p2a: Chien-Pao|Chien-Pao, L50|100\/100\n|switch|p2b: Flutter Mane|Flutter Mane, L50|100\/100\n|-ability|p2a: Chien-Pao|Sword of Ruin\n|turn|1\n|\n|t:|1699754902\n|-end|p2b: Flutter Mane|Protosynthesis|[silent]\n|switch|p2b: Dondozo|Dondozo, L50, M, shiny|100\/100\n|-terastallize|p1b: Iron Hands|Steel\n|move|p1a: Grimmsnarl|Parting Shot|p2b: Dondozo\n|-unboost|p2b: Dondozo|atk|1\n|-unboost|p2b: Dondozo|spa|1\n|l|\u203dFlutter-Reisa\n|player|p1|\n|j|\u203dFlutter-Reisa\n|player|p1|Flutter-Reisa|acerola\n|\n|t:|1699754944\n|switch|p1a: Ogerpon|Ogerpon-Wellspring, L50, F|100\/100|[from] Parting Shot\n|move|p2a: Chien-Pao|Icicle Crash|p1b: Iron Hands\n|-resisted|p1b: Iron Hands\n|-damage|p1b: Iron Hands|81\/100\n|cant|p1b: Iron Hands|flinch\n|\n|-heal|p1b: Iron Hands|87\/100|[from] item: Leftovers\n|upkeep\n|turn|2\n|\n|t:|1699755040\n|-terastallize|p2b: Dondozo|Dragon\n|move|p2a: Chien-Pao|Icicle Crash|p1a: Ogerpon\n|-damage|p1a: Ogerpon|49\/100\n|cant|p1a: Ogerpon|flinch\n|move|p2b: Dondozo|Order Up|p1a: Ogerpon\n|-damage|p1a: Ogerpon|28\/100\n|move|p1b: Iron Hands|Drain Punch|p2a: Chien-Pao\n|-supereffective|p2a: Chien-Pao\n|-enditem|p2a: Chien-Pao|Focus Sash\n|-damage|p2a: Chien-Pao|1\/100\n|-heal|p1b: Iron Hands|100\/100|[from] drain|[of] p2a: Chien-Pao\n|\n|upkeep\n|turn|3\n|\n|t:|1699755116\n|switch|p1a: Grimmsnarl|Grimmsnarl, L50, M|100\/100\n|move|p2a: Chien-Pao|Protect|p2a: Chien-Pao\n|-singleturn|p2a: Chien-Pao|Protect\n|move|p2b: Dondozo|Substitute|p2b: Dondozo\n|-start|p2b: Dondozo|Substitute\n|-damage|p2b: Dondozo|75\/100\n|move|p1b: Iron Hands|Drain Punch|p2b: Dondozo\n|-end|p2b: Dondozo|Substitute\n|\n|-heal|p2b: Dondozo|82\/100|[from] item: Leftovers\n|upkeep\n|turn|4\n|\n|t:|1699755151\n|move|p1a: Grimmsnarl|Reflect|p1a: Grimmsnarl\n|-sidestart|p1: Flutter-Reisa|Reflect\n|move|p2a: Chien-Pao|Lash Out|p1b: Iron Hands\n|-damage|p1b: Iron Hands|78\/100\n|move|p2b: Dondozo|Earthquake|p1a: Grimmsnarl|[spread] p2a,p1a,p1b\n|-supereffective|p1b: Iron Hands\n|-damage|p2a: Chien-Pao|0 fnt\n|-damage|p1a: Grimmsnarl|90\/100\n|-damage|p1b: Iron Hands|63\/100\n|faint|p2a: Chien-Pao\n|move|p1b: Iron Hands|Heavy Slam|p2b: Dondozo\n|-damage|p2b: Dondozo|69\/100\n|\n|-heal|p2b: Dondozo|75\/100|[from] item: Leftovers\n|-heal|p1b: Iron Hands|69\/100|[from] item: Leftovers\n|upkeep\n|\n|t:|1699755180\n|switch|p2a: Ogerpon|Ogerpon-Cornerstone, L50, F|100\/100\n|turn|5\n|\n|t:|1699755201\n|switch|p2b: Flutter Mane|Flutter Mane, L50|100\/100\n|move|p2a: Ogerpon|Spiky Shield|p2a: Ogerpon\n|-singleturn|p2a: Ogerpon|move: Protect\n|move|p1a: Grimmsnarl|Parting Shot|p2a: Ogerpon\n|-activate|p2a: Ogerpon|move: Protect\n|move|p1b: Iron Hands|Drain Punch|p2b: Flutter Mane\n|-immune|p2b: Flutter Mane\n|\n|-heal|p1b: Iron Hands|75\/100|[from] item: Leftovers\n|upkeep\n|turn|6\n|\n|t:|1699755224\n|move|p2a: Ogerpon|Follow Me|p2a: Ogerpon\n|-singleturn|p2a: Ogerpon|move: Follow Me\n|move|p1a: Grimmsnarl|Parting Shot|p2a: Ogerpon\n|-unboost|p2a: Ogerpon|atk|1\n|-unboost|p2a: Ogerpon|spa|1\n|\n|t:|1699755231\n|switch|p1a: Amoonguss|Amoonguss, L50, F|100\/100|[from] Parting Shot\n|move|p2b: Flutter Mane|Shadow Ball|p1b: Iron Hands\n|-damage|p1b: Iron Hands|36\/100\n|move|p1b: Iron Hands|Heavy Slam|p2a: Ogerpon\n|-supereffective|p2a: Ogerpon\n|-ability|p2a: Ogerpon|Sturdy\n|-damage|p2a: Ogerpon|1\/100\n|\n|-heal|p1b: Iron Hands|42\/100|[from] item: Leftovers\n|upkeep\n|turn|7\n|\n|t:|1699755266\n|move|p2a: Ogerpon|Follow Me|p2a: Ogerpon\n|-singleturn|p2a: Ogerpon|move: Follow Me\n|move|p1a: Amoonguss|Rage Powder|p1a: Amoonguss\n|-singleturn|p1a: Amoonguss|move: Rage Powder\n|move|p2b: Flutter Mane|Shadow Ball|p1a: Amoonguss\n|-damage|p1a: Amoonguss|53\/100\n|move|p1b: Iron Hands|Drain Punch|p2a: Ogerpon\n|-supereffective|p2a: Ogerpon\n|-damage|p2a: Ogerpon|0 fnt\n|-heal|p1b: Iron Hands|42\/100|[from] drain|[of] p2a: Ogerpon\n|faint|p2a: Ogerpon\n|\n|-heal|p1b: Iron Hands|48\/100|[from] item: Leftovers\n|upkeep\n|\n|t:|1699755276\n|switch|p2a: Dondozo|Dondozo, L50, M, shiny, tera:Dragon|75\/100\n|turn|8\n|\n|t:|1699755300\n|move|p1a: Amoonguss|Rage Powder|p1a: Amoonguss\n|-singleturn|p1a: Amoonguss|move: Rage Powder\n|move|p2b: Flutter Mane|Shadow Ball|p1a: Amoonguss\n|-damage|p1a: Amoonguss|7\/100\n|move|p2a: Dondozo|Earthquake|p1a: Amoonguss|[spread] p2b,p1a,p1b\n|-supereffective|p1b: Iron Hands\n|-damage|p2b: Flutter Mane|70\/100\n|-damage|p1a: Amoonguss|0 fnt\n|-damage|p1b: Iron Hands|33\/100\n|faint|p1a: Amoonguss\n|move|p1b: Iron Hands|Heavy Slam|p2b: Flutter Mane\n|-supereffective|p2b: Flutter Mane\n|-damage|p2b: Flutter Mane|0 fnt\n|faint|p2b: Flutter Mane\n|-end|p2b: Flutter Mane|Protosynthesis|[silent]\n|\n|-heal|p2a: Dondozo|82\/100|[from] item: Leftovers\n|-heal|p1b: Iron Hands|39\/100|[from] item: Leftovers\n|upkeep\n|\n|t:|1699755316\n|switch|p1a: Grimmsnarl|Grimmsnarl, L50, M|90\/100\n|turn|9\n|\n|t:|1699755324\n|move|p1a: Grimmsnarl|Parting Shot|p2a: Dondozo\n|-unboost|p2a: Dondozo|atk|1\n|-unboost|p2a: Dondozo|spa|1\n|\n|t:|1699755328\n|switch|p1a: Ogerpon|Ogerpon-Wellspring, L50, F|28\/100|[from] Parting Shot\n|move|p2a: Dondozo|Earthquake|p1a: Ogerpon|[spread] p1a,p1b\n|-resisted|p1a: Ogerpon\n|-supereffective|p1b: Iron Hands\n|-damage|p1a: Ogerpon|24\/100\n|-damage|p1b: Iron Hands|29\/100\n|move|p1b: Iron Hands|Drain Punch|p2a: Dondozo\n|-damage|p2a: Dondozo|60\/100\n|-heal|p1b: Iron Hands|40\/100|[from] drain|[of] p2a: Dondozo\n|\n|-heal|p2a: Dondozo|66\/100|[from] item: Leftovers\n|-heal|p1b: Iron Hands|46\/100|[from] item: Leftovers\n|upkeep\n|turn|10\n|-message|gf\u8fd8\u6211\u514b\u96f720\u79cd\u65cf forfeited.\n|\n|win|Flutter-Reisa\n|l|\u203dgf\u8fd8\u6211\u514b\u96f720\u79cd\u65cf\n|inactive|Flutter-Reisa has 50 seconds to confirm battle start!\n|inactive|gf\u8fd8\u6211\u514b\u96f720\u79cd\u65cf has 50 seconds to confirm battle start!\n|inactive|Flutter-Reisa has 40 seconds to confirm battle start!\n|inactive|gf\u8fd8\u6211\u514b\u96f720\u79cd\u65cf has 40 seconds to confirm battle start!\n|c|&|\/uhtml prompt-flutterreisa,Flutter-Reisa is ready for game 2!\n|inactive|gf\u8fd8\u6211\u514b\u96f720\u79cd\u65cf has 30 seconds to confirm battle start!\n|inactive|gf\u8fd8\u6211\u514b\u96f720\u79cd\u65cf has 20 seconds to confirm battle start!\n|c|&|\/uhtml prompt-flutterreisa,Flutter-Reisa is ready for game 2!\n|inactive|gf\u8fd8\u6211\u514b\u96f720\u79cd\u65cf has 10 seconds to confirm battle start!\n","uploadtime":1699755406,"views":19,"p1id":"flutterreisa","p2id":"gf20","formatid":"gen9vgc2023regulatione","rating":0,"private":0,"password":""}