{"id":"gen9vgc2023regulatione-2000011395","p1":"christianfinity","p2":"deathsword0VGC","format":"[Gen 9] VGC 2023 Regulation E","log":"|j|\u2606christianfinity\n|j|\u2606deathsword0VGC\n|t:|1701140936\n|gametype|doubles\n|player|p1|christianfinity|youngathlete|1487\n|player|p2|deathsword0VGC|colress|1385\n|teamsize|p1|6\n|teamsize|p2|6\n|gen|9\n|tier|[Gen 9] VGC 2023 Regulation E\n|rated|\n|rule|Species Clause: Limit one of each Pok\u00e9mon\n|rule|Item Clause: Limit one of each item\n|clearpoke\n|poke|p1|Ninetales-Alola, L50, F|\n|poke|p1|Ogerpon-Wellspring, L50, F|\n|poke|p1|Baxcalibur, L50, F|\n|poke|p1|Arcanine-Hisui, L50, F|\n|poke|p1|Gholdengo, L50|\n|poke|p1|Rillaboom, L50, M|\n|poke|p2|Ursaluna-Bloodmoon, L50, M|\n|poke|p2|Iron Hands, L50|\n|poke|p2|Cresselia, L50, F|\n|poke|p2|Chien-Pao, L50|\n|poke|p2|Heatran, L50, F|\n|poke|p2|Amoonguss, L50, F|\n|teampreview|4\n|j| flamingfearow\n|inactive|Battle timer is ON: inactive players will automatically lose when time's up. (requested by deathsword0VGC)\n|c| flamingfearow|sup\n|inactive|christianfinity has 60 seconds left.\n|\n|t:|1701140998\n|start\n|switch|p1a: Baxter|Baxcalibur, L50, F|100\/100\n|switch|p1b: 50 Cent|Gholdengo, L50, shiny|100\/100\n|switch|p2a: Iron Hands|Iron Hands, L50|100\/100\n|switch|p2b: Cresselia|Cresselia, L50, F|100\/100\n|turn|1\n|\n|t:|1701141014\n|switch|p1a: Paracetamol|Rillaboom, L50, M|100\/100\n|-fieldstart|move: Grassy Terrain|[from] ability: Grassy Surge|[of] p1a: Paracetamol\n|move|p1b: 50 Cent|Nasty Plot|p1b: 50 Cent\n|-boost|p1b: 50 Cent|spa|2\n|move|p2a: Iron Hands|Drain Punch|p1a: Paracetamol\n|-damage|p1a: Paracetamol|61\/100\n|move|p2b: Cresselia|Trick Room|p2b: Cresselia\n|-fieldstart|move: Trick Room|[of] p2b: Cresselia\n|\n|-heal|p1a: Paracetamol|67\/100|[from] Grassy Terrain\n|upkeep\n|turn|2\n|\n|t:|1701141037\n|move|p1a: Paracetamol|Fake Out|p2a: Iron Hands\n|-damage|p2a: Iron Hands|91\/100\n|cant|p2a: Iron Hands|flinch\n|move|p2b: Cresselia|Lunar Blessing|p2b: Cresselia|[spread] p2a,p2b\n|-heal|p2a: Iron Hands|100\/100\n|move|p1b: 50 Cent|Shadow Ball|p2b: Cresselia\n|-supereffective|p2b: Cresselia\n|-damage|p2b: Cresselia|3\/100\n|\n|-heal|p1a: Paracetamol|73\/100|[from] Grassy Terrain\n|upkeep\n|turn|3\n|\n|t:|1701141052\n|move|p1b: 50 Cent|Protect|p1b: 50 Cent\n|-singleturn|p1b: 50 Cent|Protect\n|move|p1a: Paracetamol|Grassy Glide|p2b: Cresselia\n|-damage|p2b: Cresselia|0 fnt\n|faint|p2b: Cresselia\n|move|p2a: Iron Hands|Drain Punch|p1a: Paracetamol\n|-damage|p1a: Paracetamol|35\/100\n|\n|-heal|p1a: Paracetamol|41\/100|[from] Grassy Terrain\n|upkeep\n|\n|t:|1701141060\n|switch|p2b: Ursaluna|Ursaluna-Bloodmoon, L50, M|100\/100\n|turn|4\n|\n|t:|1701141073\n|-terastallize|p1b: 50 Cent|Fairy\n|move|p1a: Paracetamol|Grassy Glide|p2b: Ursaluna\n|-supereffective|p2b: Ursaluna\n|-damage|p2b: Ursaluna|45\/100\n|move|p2b: Ursaluna|Earth Power|p1b: 50 Cent\n|-damage|p1b: 50 Cent|53\/100\n|move|p2a: Iron Hands|Wild Charge|p1b: 50 Cent\n|-damage|p1b: 50 Cent|3\/100\n|-damage|p2a: Iron Hands|91\/100|[from] Recoil\n|move|p1b: 50 Cent|Make It Rain|p2a: Iron Hands|[spread] p2a,p2b\n|-resisted|p2a: Iron Hands\n|-damage|p2a: Iron Hands|68\/100\n|-damage|p2b: Ursaluna|0 fnt\n|-unboost|p1b: 50 Cent|spa|1\n|faint|p2b: Ursaluna\n|\n|-heal|p2a: Iron Hands|73\/100|[from] Grassy Terrain\n|-heal|p1a: Paracetamol|47\/100|[from] Grassy Terrain\n|-heal|p1b: 50 Cent|9\/100|[from] Grassy Terrain\n|-heal|p1b: 50 Cent|15\/100|[from] item: Leftovers\n|upkeep\n|\n|t:|1701141088\n|switch|p2b: Amoonguss|Amoonguss, L50, F|100\/100\n|turn|5\n|\n|t:|1701141107\n|switch|p1a: Vacuole|Ogerpon-Wellspring, L50, F|100\/100\n|move|p1b: 50 Cent|Protect|p1b: 50 Cent\n|-singleturn|p1b: 50 Cent|Protect\n|move|p2b: Amoonguss|Spore|p1a: Vacuole\n|-immune|p1a: Vacuole\n|move|p2a: Iron Hands|Heavy Slam|p1b: 50 Cent\n|-activate|p1b: 50 Cent|move: Protect\n|\n|-heal|p2a: Iron Hands|79\/100|[from] Grassy Terrain\n|-heal|p1b: 50 Cent|21\/100|[from] Grassy Terrain\n|-heal|p1b: 50 Cent|27\/100|[from] item: Leftovers\n|-fieldend|move: Trick Room\n|-fieldend|move: Grassy Terrain\n|upkeep\n|turn|6\n|\n|t:|1701141119\n|move|p2b: Amoonguss|Rage Powder|p2b: Amoonguss\n|-singleturn|p2b: Amoonguss|move: Rage Powder\n|move|p1a: Vacuole|Ivy Cudgel|p2a: Iron Hands|[anim] Ivy Cudgel Water\n|-crit|p2a: Iron Hands\n|-damage|p2a: Iron Hands|25\/100\n|move|p1b: 50 Cent|Shadow Ball|p2b: Amoonguss\n|-damage|p2b: Amoonguss|59\/100\n|move|p2a: Iron Hands|Heavy Slam|p1b: 50 Cent\n|-supereffective|p1b: 50 Cent\n|-damage|p1b: 50 Cent|0 fnt\n|faint|p1b: 50 Cent\n|\n|upkeep\n|\n|t:|1701141127\n|switch|p1b: Paracetamol|Rillaboom, L50, M|47\/100\n|-fieldstart|move: Grassy Terrain|[from] ability: Grassy Surge|[of] p1b: Paracetamol\n|turn|7\n|l|\u2606deathsword0VGC\n|inactive|deathsword0VGC disconnected and has a minute to reconnect!\n|player|p2|\n|c|\u2606christianfinity|bruh\n|inactive|deathsword0VGC has 30 seconds left.\n|inactive|deathsword0VGC has 20 seconds left.\n|inactive|deathsword0VGC has 15 seconds left.\n|inactive|deathsword0VGC has 10 seconds left.\n|inactive|deathsword0VGC has 5 seconds left.\n|-message|deathsword0VGC lost due to inactivity.\n|\n|win|christianfinity\n|raw|christianfinity's rating: 1487 &rarr; <strong>1501<\/strong><br \/>(+14 for winning)\n|raw|deathsword0VGC's rating: 1385 &rarr; <strong>1371<\/strong><br \/>(-14 for losing)\n|l|\u2606christianfinity\n|j|\u2606christianfinity\n|player|p1|christianfinity|youngathlete\n","uploadtime":1701141240,"views":1,"p1id":"christianfinity","p2id":"deathsword0vgc","formatid":"gen9vgc2023regulatione","rating":1371,"private":0,"password":""}