{"id":"gen9vgc2023regulatione-1989291374","p1":"heavenz11","p2":"adpg.alt","format":"[Gen 9] VGC 2023 Regulation E","log":"|j|\u2606heavenz11\n|j|\u2606adpg.alt\n|t:|1699832609\n|gametype|doubles\n|player|p1|heavenz11|101|1132\n|player|p2|adpg.alt|hilbert-wonderlauncher|1106\n|teamsize|p1|6\n|teamsize|p2|6\n|gen|9\n|tier|[Gen 9] VGC 2023 Regulation E\n|rated|\n|rule|Species Clause: Limit one of each Pok\u00e9mon\n|rule|Item Clause: Limit one of each item\n|clearpoke\n|poke|p1|Tornadus, L50, M|\n|poke|p1|Urshifu-*, L50, F|\n|poke|p1|Farigiraf, L50, F|\n|poke|p1|Rillaboom, L50, F|\n|poke|p1|Heatran, L50, F|\n|poke|p1|Flutter Mane, L50|\n|poke|p2|Arcanine-Hisui, L50, M|\n|poke|p2|Ogerpon-Wellspring, L50, F|\n|poke|p2|Landorus-Therian, L50, M|\n|poke|p2|Flutter Mane, L50|\n|poke|p2|Sneasler, L50, F|\n|poke|p2|Rillaboom, L50, F|\n|teampreview|4\n|\n|t:|1699832630\n|start\n|switch|p1a: Farigiraf|Farigiraf, L50, F|100\/100\n|switch|p1b: Flutter Mane|Flutter Mane, L50|100\/100\n|switch|p2a: Ogerpon|Ogerpon-Wellspring, L50, F|100\/100\n|switch|p2b: Rillaboom|Rillaboom, L50, F|100\/100\n|-fieldstart|move: Grassy Terrain|[from] ability: Grassy Surge|[of] p2b: Rillaboom\n|turn|1\n|\n|t:|1699832649\n|-terastallize|p1b: Flutter Mane|Fairy\n|move|p1a: Farigiraf|Helping Hand|p1b: Flutter Mane\n|-singleturn|p1b: Flutter Mane|Helping Hand|[of] p1a: Farigiraf\n|move|p1b: Flutter Mane|Dazzling Gleam|p2a: Ogerpon|[spread] p2a,p2b\n|-damage|p2a: Ogerpon|7\/100\n|-damage|p2b: Rillaboom|26\/100\n|move|p2a: Ogerpon|Horn Leech|p1a: Farigiraf\n|-damage|p1a: Farigiraf|53\/100\n|-heal|p2a: Ogerpon|36\/100|[from] drain|[of] p1a: Farigiraf\n|move|p2b: Rillaboom|Wood Hammer|p1a: Farigiraf\n|-damage|p1a: Farigiraf|0 fnt\n|faint|p1a: Farigiraf\n|-damage|p2b: Rillaboom|7\/100|[from] Recoil\n|\n|-heal|p2a: Ogerpon|42\/100|[from] Grassy Terrain\n|-heal|p2b: Rillaboom|13\/100|[from] Grassy Terrain\n|upkeep\n|\n|t:|1699832670\n|switch|p1a: Rillaboom|Rillaboom, L50, F|100\/100\n|turn|2\n|\n|t:|1699832678\n|move|p2a: Ogerpon|Follow Me|p2a: Ogerpon\n|-singleturn|p2a: Ogerpon|move: Follow Me\n|move|p1a: Rillaboom|Grassy Glide|p2a: Ogerpon\n|-damage|p2a: Ogerpon|0 fnt\n|faint|p2a: Ogerpon\n|move|p2b: Rillaboom|Grassy Glide|p1b: Flutter Mane\n|-damage|p1b: Flutter Mane|26\/100\n|move|p1b: Flutter Mane|Dazzling Gleam|p2b: Rillaboom\n|-damage|p2b: Rillaboom|0 fnt\n|faint|p2b: Rillaboom\n|\n|-heal|p1b: Flutter Mane|32\/100|[from] Grassy Terrain\n|upkeep\n|\n|t:|1699832692\n|switch|p2a: Sneasler|Sneasler, L50, F|100\/100\n|switch|p2b: Arcanine|Arcanine-Hisui, L50, M|100\/100\n|-enditem|p2a: Sneasler|Grassy Seed\n|-boost|p2a: Sneasler|def|1|[from] item: Grassy Seed\n|-ability|p2b: Arcanine|Intimidate|boost\n|-unboost|p1a: Rillaboom|atk|1\n|-unboost|p1b: Flutter Mane|atk|1\n|turn|3\n|\n|t:|1699832710\n|-end|p1b: Flutter Mane|Protosynthesis|[silent]\n|switch|p1b: Heatran|Heatran, L50, F|100\/100\n|-terastallize|p2a: Sneasler|Poison\n|move|p2a: Sneasler|Swords Dance|p2a: Sneasler\n|-boost|p2a: Sneasler|atk|2\n|move|p2b: Arcanine|Flare Blitz|p1a: Rillaboom\n|-supereffective|p1a: Rillaboom\n|-damage|p1a: Rillaboom|11\/100\n|-damage|p2b: Arcanine|70\/100|[from] Recoil\n|move|p1a: Rillaboom|Wood Hammer|p2b: Arcanine\n|-damage|p2b: Arcanine|6\/100\n|-enditem|p2b: Arcanine|Sitrus Berry|[eat]\n|-heal|p2b: Arcanine|31\/100|[from] item: Sitrus Berry\n|-damage|p1a: Rillaboom|0 fnt|[from] Recoil\n|faint|p1a: Rillaboom\n|\n|-heal|p2b: Arcanine|37\/100|[from] Grassy Terrain\n|upkeep\n|\n|t:|1699832731\n|switch|p1a: Flutter Mane|Flutter Mane, L50, tera:Fairy|32\/100\n|turn|4\n|\n|t:|1699832747\n|move|p2a: Sneasler|Dire Claw|p1a: Flutter Mane\n|-supereffective|p1a: Flutter Mane\n|-damage|p1a: Flutter Mane|0 fnt\n|faint|p1a: Flutter Mane\n|-end|p1a: Flutter Mane|Protosynthesis|[silent]\n|move|p2b: Arcanine|Rock Slide|p1b: Heatran\n|-damage|p1b: Heatran|77\/100\n|move|p1b: Heatran|Earth Power|p2a: Sneasler\n|-supereffective|p2a: Sneasler\n|-damage|p2a: Sneasler|4\/100\n|\n|-heal|p2a: Sneasler|10\/100|[from] Grassy Terrain\n|-heal|p2b: Arcanine|43\/100|[from] Grassy Terrain\n|-heal|p1b: Heatran|83\/100|[from] Grassy Terrain\n|-heal|p1b: Heatran|89\/100|[from] item: Leftovers\n|upkeep\n|turn|5\n|\n|t:|1699832764\n|move|p2a: Sneasler|Close Combat|p1b: Heatran\n|-supereffective|p1b: Heatran\n|-damage|p1b: Heatran|0 fnt\n|-unboost|p2a: Sneasler|def|1\n|-unboost|p2a: Sneasler|spd|1\n|faint|p1b: Heatran\n|\n|win|adpg.alt\n|raw|heavenz11's rating: 1132 &rarr; <strong>1105<\/strong><br \/>(-27 for losing)\n|raw|adpg.alt's rating: 1106 &rarr; <strong>1133<\/strong><br \/>(+27 for winning)\n","uploadtime":1699832775,"views":12,"p1id":"heavenz11","p2id":"adpgalt","formatid":"gen9vgc2023regulatione","rating":1105,"private":0,"password":""}