{"id":"gen9vgc2023regulatione-1999193570","p1":"yakenonokarasu","p2":"Olimario98","format":"[Gen 9] VGC 2023 Regulation E","log":"|j|\u2606yakenonokarasu\n|j|\u2606Olimario98\n|n|\u2606yakenonokarasu|yakenonokarasu\n|n|\u2606Olimario98|olimario98\n|html|View the match progress at <a href=\"\/game-bestof3-gen9vgc2023regulatione-1999193569\">game-bestof3-gen9vgc2023regulatione-1999193569<\/a>\n|t:|1701043787\n|gametype|doubles\n|player|p1|yakenonokarasu|roxie|\n|player|p2|Olimario98|unknown|\n|teamsize|p1|6\n|teamsize|p2|6\n|gen|9\n|tier|[Gen 9] VGC 2023 Regulation E\n|rule|Species Clause: Limit one of each Pok\u00e9mon\n|rule|Item Clause: Limit one of each item\n|clearpoke\n|poke|p1|Gholdengo, L50|\n|poke|p1|Ting-Lu, L50|\n|poke|p1|Maushold-Four, L50|\n|poke|p1|Urshifu-*, L50, F|\n|poke|p1|Conkeldurr, L50, M|\n|poke|p1|Toxtricity, L50, M|\n|poke|p2|Iron Hands, L50|\n|poke|p2|Tornadus, L50, M|\n|poke|p2|Brambleghast, L50, F|\n|poke|p2|Politoed, L50, F|\n|poke|p2|Ludicolo, L50, M|\n|poke|p2|Houndstone, L50, F|\n|teampreview|4\n|inactive|Battle timer is ON: inactive players will automatically lose when time's up. (requested by yakenonokarasu)\nOlimario98 rejected open team sheets.\n|c|\u2606Olimario98|glhf\n|inactiveoff|Battle timer is now OFF.\n|\n|t:|1701043840\n|start\n|switch|p1a: Conkeldurr|Conkeldurr, L50, M, shiny|100\/100\n|switch|p1b: Maushold|Maushold-Four, L50, shiny|100\/100\n|switch|p2a: Tornadus|Tornadus, L50, M|100\/100\n|switch|p2b: Ludicolo|Ludicolo, L50, M|100\/100\n|turn|1\n|\n|t:|1701043870\n|move|p2b: Ludicolo|Fake Out|p1b: Maushold\n|-damage|p1b: Maushold|92\/100\n|cant|p1b: Maushold|flinch\n|move|p2a: Tornadus|Rain Dance|p2a: Tornadus\n|-weather|RainDance\n|move|p1a: Conkeldurr|Ice Punch|p2a: Tornadus\n|-supereffective|p2a: Tornadus\n|-crit|p2a: Tornadus\n|-damage|p2a: Tornadus|0 fnt\n|faint|p2a: Tornadus\n|\n|-weather|RainDance|[upkeep]\n|upkeep\n|\n|t:|1701043884\n|switch|p2a: Iron Hands|Iron Hands, L50|100\/100\n|turn|2\n|\n|t:|1701043898\n|-terastallize|p1b: Maushold|Ghost\n|move|p1b: Maushold|Follow Me|p1b: Maushold\n|-singleturn|p1b: Maushold|move: Follow Me\n|move|p2b: Ludicolo|Hydro Pump|p1b: Maushold\n|-damage|p1b: Maushold|10\/100\n|-enditem|p1b: Maushold|Sitrus Berry|[eat]\n|-heal|p1b: Maushold|35\/100|[from] item: Sitrus Berry\n|move|p2a: Iron Hands|Wild Charge|p1b: Maushold\n|-damage|p1b: Maushold|0 fnt\n|faint|p1b: Maushold\n|-damage|p2a: Iron Hands|94\/100|[from] Recoil\n|move|p1a: Conkeldurr|Drain Punch|p2b: Ludicolo\n|-damage|p2b: Ludicolo|49\/100\n|\n|-weather|RainDance|[upkeep]\n|-heal|p2b: Ludicolo|55\/100|[from] item: Leftovers\n|upkeep\n|\n|t:|1701043919\n|switch|p1b: Toxtricity|Toxtricity, L50, M|100\/100\n|turn|3\n|\n|t:|1701043947\n|move|p2b: Ludicolo|Giga Drain|p1a: Conkeldurr\n|-damage|p1a: Conkeldurr|62\/100\n|-heal|p2b: Ludicolo|77\/100|[from] drain|[of] p1a: Conkeldurr\n|move|p1b: Toxtricity|Overdrive|p2b: Ludicolo|[spread] p2a,p2b\n|-resisted|p2a: Iron Hands\n|-damage|p2a: Iron Hands|82\/100\n|-damage|p2b: Ludicolo|37\/100\n|-enditem|p1b: Toxtricity|Throat Spray\n|-boost|p1b: Toxtricity|spa|1|[from] item: Throat Spray\n|move|p2a: Iron Hands|Wild Charge|p1a: Conkeldurr\n|-damage|p1a: Conkeldurr|23\/100\n|-damage|p2a: Iron Hands|73\/100|[from] Recoil\n|move|p1a: Conkeldurr|Drain Punch|p2b: Ludicolo\n|-damage|p2b: Ludicolo|0 fnt\n|-heal|p1a: Conkeldurr|39\/100|[from] drain|[of] p2b: Ludicolo\n|faint|p2b: Ludicolo\n|\n|-weather|RainDance|[upkeep]\n|upkeep\n|\n|t:|1701043964\n|switch|p2b: Politoed|Politoed, L50, F|100\/100\n|turn|4\n|\n|t:|1701043992\n|move|p1b: Toxtricity|Overdrive|p2a: Iron Hands|[spread] p2a,p2b\n|-resisted|p2a: Iron Hands\n|-supereffective|p2b: Politoed\n|-damage|p2a: Iron Hands|58\/100\n|-damage|p2b: Politoed|0 fnt\n|faint|p2b: Politoed\n|move|p2a: Iron Hands|Drain Punch|p1a: Conkeldurr\n|-damage|p1a: Conkeldurr|9\/100\n|-heal|p2a: Iron Hands|72\/100|[from] drain|[of] p1a: Conkeldurr\n|move|p1a: Conkeldurr|Drain Punch|p2a: Iron Hands\n|-damage|p2a: Iron Hands|39\/100\n|-heal|p1a: Conkeldurr|27\/100|[from] drain|[of] p2a: Iron Hands\n|\n|-weather|RainDance|[upkeep]\n|upkeep\n|turn|5\n|\n|t:|1701044013\n|move|p1b: Toxtricity|Boomburst|p2a: Iron Hands|[spread] p1a,p2a\n|-damage|p1a: Conkeldurr|0 fnt\n|-damage|p2a: Iron Hands|4\/100\n|faint|p1a: Conkeldurr\n|move|p2a: Iron Hands|Drain Punch|p1b: Toxtricity\n|-resisted|p1b: Toxtricity\n|-damage|p1b: Toxtricity|71\/100\n|-heal|p2a: Iron Hands|16\/100|[from] drain|[of] p1b: Toxtricity\n|\n|-weather|none\n|upkeep\n|\n|t:|1701044018\n|switch|p1a: Ting-Lu|Ting-Lu, L50|100\/100\n|-ability|p1a: Ting-Lu|Vessel of Ruin\n|turn|6\n|\n|t:|1701044029\n|move|p1b: Toxtricity|Boomburst|p2a: Iron Hands|[spread] p1a,p2a\n|-damage|p1a: Ting-Lu|59\/100\n|-damage|p2a: Iron Hands|0 fnt\n|faint|p2a: Iron Hands\n|-end|p2a: Iron Hands|Quark Drive|[silent]\n|\n|win|yakenonokarasu\n|c|&|\/uhtml prompt-olimario98,Olimario98 is ready for game 2!\n|c|&|\/uhtml prompt-yakenonokarasu,yakenonokarasu is ready for game 2!\nBoth players are ready! Starting next match!\n","uploadtime":1701044500,"views":27,"p1id":"yakenonokarasu","p2id":"olimario98","formatid":"gen9vgc2023regulatione","rating":0,"private":0,"password":""}