{"id":"gen9vgc2023regulatione-1998343461","p1":"Mr. Medicine","p2":"Neutralist","format":"[Gen 9] VGC 2023 Regulation E","log":"|j|\u2606Mr. Medicine\n|j|\u2606Neutralist\n|t:|1700931718\n|gametype|doubles\n|player|p1|Mr. Medicine|169|1171\n|player|p2|Neutralist|2|1265\n|teamsize|p1|6\n|teamsize|p2|6\n|gen|9\n|tier|[Gen 9] VGC 2023 Regulation E\n|rated|\n|rule|Species Clause: Limit one of each Pok\u00e9mon\n|rule|Item Clause: Limit one of each item\n|clearpoke\n|poke|p1|Ogerpon-Wellspring, L50, F|\n|poke|p1|Landorus-Therian, L50, M|\n|poke|p1|Palafin, L50, M|\n|poke|p1|Pelipper, L50, F|\n|poke|p1|Iron Hands, L50|\n|poke|p1|Flutter Mane, L50|\n|poke|p2|Baxcalibur, L50, M|\n|poke|p2|Ninetales-Alola, L50, M|\n|poke|p2|Ogerpon-Wellspring, L50, F|\n|poke|p2|Rillaboom, L50, M|\n|poke|p2|Heatran, L50, F|\n|poke|p2|Moltres-Galar, L50|\n|teampreview|4\nNeutralist has agreed to open team sheets.\n|\n|t:|1700931750\n|start\n|switch|p1a: Palafin|Palafin, L50, M|100\/100\n|switch|p1b: Pelipper|Pelipper, L50, F|100\/100\n|switch|p2a: Ogerpon|Ogerpon-Wellspring, L50, F|100\/100\n|switch|p2b: Rillaboom|Rillaboom, L50, M|100\/100\n|-fieldstart|move: Grassy Terrain|[from] ability: Grassy Surge|[of] p2b: Rillaboom\n|-weather|RainDance|[from] ability: Drizzle|[of] p1b: Pelipper\n|turn|1\n|\n|t:|1700931772\n|detailschange|p1a: Palafin|Palafin-Hero, L50, M\n|switch|p1a: Iron Hands|Iron Hands, L50|100\/100\n|-enditem|p1a: Iron Hands|Booster Energy\n|-activate|p1a: Iron Hands|ability: Quark Drive|[fromitem]\n|-start|p1a: Iron Hands|quarkdriveatk\n|move|p2b: Rillaboom|Fake Out|p1b: Pelipper\n|-damage|p1b: Pelipper|87\/100\n|move|p2a: Ogerpon|Grassy Glide|p1a: Iron Hands\n|-damage|p1a: Iron Hands|76\/100\n|cant|p1b: Pelipper|flinch\n|\n|-weather|RainDance|[upkeep]\n|-heal|p1a: Iron Hands|82\/100|[from] Grassy Terrain\n|upkeep\n|turn|2\n|\n|t:|1700931784\n|move|p1b: Pelipper|Helping Hand|p1a: Iron Hands\n|-singleturn|p1a: Iron Hands|Helping Hand|[of] p1b: Pelipper\n|move|p2a: Ogerpon|Spiky Shield|p2a: Ogerpon\n|-singleturn|p2a: Ogerpon|move: Protect\n|move|p2b: Rillaboom|U-turn|p1a: Iron Hands\n|-resisted|p1a: Iron Hands\n|-damage|p1a: Iron Hands|73\/100\n|\n|t:|1700931787\n|switch|p2b: Ninetales|Ninetales-Alola, L50, M|100\/100|[from] U-turn\n|-weather|Snow|[from] ability: Snow Warning|[of] p2b: Ninetales\n|move|p1a: Iron Hands|Wild Charge|p2a: Ogerpon\n|-activate|p2a: Ogerpon|move: Protect\n|-damage|p1a: Iron Hands|61\/100|[from] Spiky Shield|[of] p2a: Ogerpon\n|\n|-weather|Snow|[upkeep]\n|-heal|p1a: Iron Hands|67\/100|[from] Grassy Terrain\n|upkeep\n|turn|3\n|\n|t:|1700931811\n|move|p2a: Ogerpon|Grassy Glide|p1a: Iron Hands\n|-damage|p1a: Iron Hands|40\/100\n|move|p2b: Ninetales|Aurora Veil|p2b: Ninetales\n|-sidestart|p2: Neutralist|move: Aurora Veil\n|move|p1b: Pelipper|Tailwind|p1b: Pelipper\n|-sidestart|p1: Mr. Medicine|move: Tailwind\n|move|p1a: Iron Hands|Heavy Slam|p2b: Ninetales\n|-supereffective|p2b: Ninetales\n|-damage|p2b: Ninetales|0 fnt\n|faint|p2b: Ninetales\n|\n|-weather|Snow|[upkeep]\n|-heal|p1a: Iron Hands|46\/100|[from] Grassy Terrain\n|upkeep\n|\n|t:|1700931818\n|switch|p2b: Rillaboom|Rillaboom, L50, M|100\/100\n|turn|4\n|\n|t:|1700931832\n|switch|p1b: Flutter Mane|Flutter Mane, L50|100\/100\n|move|p2b: Rillaboom|Fake Out|p1a: Iron Hands\n|-damage|p1a: Iron Hands|37\/100\n|move|p2a: Ogerpon|Ivy Cudgel|p1a: Iron Hands|[anim] Ivy Cudgel Water\n|-damage|p1a: Iron Hands|0 fnt\n|faint|p1a: Iron Hands\n|-end|p1a: Iron Hands|Quark Drive|[silent]\n|\n|-weather|Snow|[upkeep]\n|upkeep\n|\n|t:|1700931837\n|switch|p1a: Pelipper|Pelipper, L50, F|87\/100\n|-weather|RainDance|[from] ability: Drizzle|[of] p1a: Pelipper\n|turn|5\n|\n|t:|1700931858\n|move|p1b: Flutter Mane|Protect|p1b: Flutter Mane\n|-singleturn|p1b: Flutter Mane|Protect\n|move|p2a: Ogerpon|Spiky Shield|p2a: Ogerpon\n|-singleturn|p2a: Ogerpon|move: Protect\n|move|p2b: Rillaboom|Grassy Glide|p1b: Flutter Mane\n|-activate|p1b: Flutter Mane|move: Protect\n|move|p1a: Pelipper|Hurricane|p2b: Rillaboom\n|-supereffective|p2b: Rillaboom\n|-damage|p2b: Rillaboom|68\/100\n|\n|-weather|RainDance|[upkeep]\n|-heal|p2b: Rillaboom|74\/100|[from] Grassy Terrain\n|-fieldend|move: Grassy Terrain\n|upkeep\n|turn|6\n|\n|t:|1700931881\n|-terastallize|p1b: Flutter Mane|Fairy\n|move|p1b: Flutter Mane|Dazzling Gleam|p2b: Rillaboom|[spread] p2a,p2b\n|-damage|p2a: Ogerpon|68\/100\n|-damage|p2b: Rillaboom|52\/100\n|move|p1a: Pelipper|Hurricane|p2a: Ogerpon\n|-supereffective|p2a: Ogerpon\n|-damage|p2a: Ogerpon|19\/100\n|move|p2a: Ogerpon|Ivy Cudgel|p1b: Flutter Mane|[anim] Ivy Cudgel Water\n|-enditem|p1b: Flutter Mane|Focus Sash\n|-damage|p1b: Flutter Mane|1\/100\n|move|p2b: Rillaboom|U-turn|p1a: Pelipper\n|-resisted|p1a: Pelipper\n|-damage|p1a: Pelipper|78\/100\n|\n|t:|1700931888\n|switch|p2b: Moltres|Moltres-Galar, L50|100\/100|[from] U-turn\n|\n|-weather|RainDance|[upkeep]\n|-sideend|p1: Mr. Medicine|move: Tailwind\n|upkeep\n|turn|7\n|\n|t:|1700931898\n|switch|p2b: Rillaboom|Rillaboom, L50, M|52\/100\n|-fieldstart|move: Grassy Terrain|[from] ability: Grassy Surge|[of] p2b: Rillaboom\n|move|p2a: Ogerpon|Spiky Shield|p2a: Ogerpon\n|-singleturn|p2a: Ogerpon|move: Protect\n|move|p1b: Flutter Mane|Pain Split|p2b: Rillaboom\n|-sethp|p2b: Rillaboom|26\/100|[from] move: Pain Split|[silent]\n|-sethp|p1b: Flutter Mane|39\/100|[from] move: Pain Split\n|move|p1a: Pelipper|Hurricane|p2a: Ogerpon\n|-activate|p2a: Ogerpon|move: Protect\n|\n|-weather|RainDance|[upkeep]\n|-heal|p1b: Flutter Mane|45\/100|[from] Grassy Terrain\n|-heal|p2a: Ogerpon|25\/100|[from] Grassy Terrain\n|-heal|p2b: Rillaboom|32\/100|[from] Grassy Terrain\n|upkeep\n|turn|8\n|\n|t:|1700931915\n|move|p1b: Flutter Mane|Protect|p1b: Flutter Mane\n|-singleturn|p1b: Flutter Mane|Protect\n|move|p2a: Ogerpon|Ivy Cudgel|p1a: Pelipper|[anim] Ivy Cudgel Water\n|-resisted|p1a: Pelipper\n|-damage|p1a: Pelipper|45\/100\n|move|p2b: Rillaboom|Wood Hammer|p1a: Pelipper\n|-damage|p1a: Pelipper|0 fnt\n|faint|p1a: Pelipper\n|-damage|p2b: Rillaboom|21\/100|[from] Recoil\n|\n|-weather|RainDance|[upkeep]\n|-heal|p1b: Flutter Mane|51\/100|[from] Grassy Terrain\n|-heal|p2a: Ogerpon|31\/100|[from] Grassy Terrain\n|-heal|p2b: Rillaboom|27\/100|[from] Grassy Terrain\n|upkeep\n|\n|t:|1700931922\n|switch|p1a: Palafin|Palafin-Hero, L50, M|100\/100\n|-activate|p1a: Palafin|ability: Zero to Hero\n|turn|9\n|\n|t:|1700931932\n|-terastallize|p2b: Rillaboom|Grass\n|move|p1a: Palafin|Protect|p1a: Palafin\n|-singleturn|p1a: Palafin|Protect\n|move|p2a: Ogerpon|Grassy Glide|p1b: Flutter Mane\n|-damage|p1b: Flutter Mane|0 fnt\n|faint|p1b: Flutter Mane\n|-end|p1b: Flutter Mane|Protosynthesis|[silent]\n|move|p2b: Rillaboom|Grassy Glide|p1a: Palafin\n|-activate|p1a: Palafin|move: Protect\n|\n|-weather|none\n|-heal|p2a: Ogerpon|37\/100|[from] Grassy Terrain\n|-heal|p2b: Rillaboom|33\/100|[from] Grassy Terrain\n|upkeep\n|turn|10\n|\n|t:|1700931948\n|move|p2a: Ogerpon|Grassy Glide|p1a: Palafin\n|-supereffective|p1a: Palafin\n|-damage|p1a: Palafin|14\/100\n|move|p1a: Palafin|Wave Crash|p2b: Rillaboom\n|-resisted|p2b: Rillaboom\n|-damage|p2b: Rillaboom|2\/100\n|-damage|p1a: Palafin|2\/100|[from] Recoil\n|move|p2b: Rillaboom|Wood Hammer|p1a: Palafin\n|-supereffective|p1a: Palafin\n|-damage|p1a: Palafin|0 fnt\n|faint|p1a: Palafin\n|-damage|p2b: Rillaboom|2\/100|[from] Recoil\n|\n|win|Neutralist\n|raw|Mr. Medicine's rating: 1171 &rarr; <strong>1153<\/strong><br \/>(-18 for losing)\n|raw|Neutralist's rating: 1265 &rarr; <strong>1283<\/strong><br \/>(+18 for winning)\n|l|\u2606Mr. Medicine\n","uploadtime":1700932018,"views":7,"p1id":"mrmedicine","p2id":"neutralist","formatid":"gen9vgc2023regulatione","rating":1153,"private":0,"password":""}