{"id":"gen9vgc2023regulatione-1990034236","p1":"Leek_Alt","p2":"Luckybadday","format":"[Gen 9] VGC 2023 Regulation E","log":"|j|\u2606Leek_Alt\n|j|\u2606Luckybadday\n|t:|1699917496\n|gametype|doubles\n|player|p1|Leek_Alt|170|1124\n|player|p2|Luckybadday|266|1083\n|teamsize|p1|6\n|teamsize|p2|6\n|gen|9\n|tier|[Gen 9] VGC 2023 Regulation E\n|rated|\n|rule|Species Clause: Limit one of each Pok\u00e9mon\n|rule|Item Clause: Limit one of each item\n|clearpoke\n|poke|p1|Iron Bundle, L50|\n|poke|p1|Gholdengo, L50|\n|poke|p1|Landorus-Therian, L50, M|\n|poke|p1|Amoonguss, L50, F|\n|poke|p1|Arcanine-Hisui, L50, F|\n|poke|p1|Sylveon, L50, F|\n|poke|p2|Scream Tail, L50|\n|poke|p2|Flutter Mane, L50|\n|poke|p2|Palafin, L50, M|\n|poke|p2|Arcanine-Hisui, L50, M|\n|poke|p2|Chien-Pao, L50|\n|poke|p2|Sinistcha, L50|\n|teampreview|4\n|inactive|Battle timer is ON: inactive players will automatically lose when time's up. (requested by Luckybadday)\nLeek_Alt has agreed to open team sheets.\n|\n|t:|1699917526\n|start\n|switch|p1a: Landorus|Landorus-Therian, L50, M|100\/100\n|switch|p1b: Amoonguss|Amoonguss, L50, F|100\/100\n|switch|p2a: Flutter Mane|Flutter Mane, L50|100\/100\n|switch|p2b: Scream Tail|Scream Tail, L50|100\/100\n|-ability|p1a: Landorus|Intimidate|boost\n|-unboost|p2a: Flutter Mane|atk|1\n|-unboost|p2b: Scream Tail|atk|1\n|-enditem|p2b: Scream Tail|Booster Energy\n|-activate|p2b: Scream Tail|ability: Protosynthesis|[fromitem]\n|-start|p2b: Scream Tail|protosynthesisspe\n|turn|1\n|\n|t:|1699917539\n|move|p2b: Scream Tail|Fake Tears|p1b: Amoonguss\n|-unboost|p1b: Amoonguss|spd|2\n|move|p1a: Landorus|Rock Slide|p2b: Scream Tail|[spread] p2a,p2b\n|-damage|p2a: Flutter Mane|47\/100\n|-damage|p2b: Scream Tail|80\/100\n|cant|p2a: Flutter Mane|flinch\n|move|p1b: Amoonguss|Spore|p2b: Scream Tail\n|-status|p2b: Scream Tail|slp|[from] move: Spore\n|\n|upkeep\n|turn|2\n|\n|t:|1699917554\n|switch|p1b: Gholdengo|Gholdengo, L50|100\/100\n|cant|p2b: Scream Tail|slp\n|move|p1a: Landorus|Rock Slide|p2b: Scream Tail|[spread] p2a,p2b\n|-damage|p2a: Flutter Mane|0 fnt\n|-damage|p2b: Scream Tail|63\/100 slp\n|faint|p2a: Flutter Mane\n|-end|p2a: Flutter Mane|Protosynthesis|[silent]\n|\n|upkeep\n|\n|t:|1699917557\n|switch|p2a: Arcanine|Arcanine-Hisui, L50, M|100\/100\n|-ability|p2a: Arcanine|Intimidate|boost\n|-unboost|p1a: Landorus|atk|1\n|-unboost|p1b: Gholdengo|atk|1\n|turn|3\n|\n|t:|1699917568\n|switch|p1a: Arcanine|Arcanine-Hisui, L50, F|100\/100\n|-ability|p1a: Arcanine|Intimidate|boost\n|-unboost|p2a: Arcanine|atk|1\n|-unboost|p2b: Scream Tail|atk|1\n|-terastallize|p1b: Gholdengo|Water\n|-curestatus|p2b: Scream Tail|slp|[msg]\n|move|p2b: Scream Tail|Encore|p1b: Gholdengo\n|-immune|p1b: Gholdengo|[from] ability: Good as Gold\n|move|p2a: Arcanine|Will-O-Wisp|p1b: Gholdengo\n|-immune|p1b: Gholdengo|[from] ability: Good as Gold\n|move|p1b: Gholdengo|Nasty Plot|p1b: Gholdengo\n|-boost|p1b: Gholdengo|spa|2\n|\n|upkeep\n|turn|4\n|inactive|Luckybadday has 30 seconds left.\n|\n|t:|1699917595\n|switch|p1a: Landorus|Landorus-Therian, L50, M|100\/100\n|-ability|p1a: Landorus|Intimidate|boost\n|-unboost|p2a: Arcanine|atk|1\n|-unboost|p2b: Scream Tail|atk|1\n|switch|p2a: Sinistcha|Sinistcha, L50|100\/100\n|-heal|p2b: Scream Tail|87\/100|[from] ability: Hospitality|[of] p2a: Sinistcha\n|move|p2b: Scream Tail|Psychic Fangs|p1b: Gholdengo\n|-damage|p1b: Gholdengo|93\/100\n|move|p1b: Gholdengo|Nasty Plot|p1b: Gholdengo\n|-boost|p1b: Gholdengo|spa|2\n|\n|upkeep\n|turn|5\n|-message|Luckybadday forfeited.\n|\n|win|Leek_Alt\n|raw|Leek_Alt's rating: 1124 &rarr; <strong>1146<\/strong><br \/>(+22 for winning)\n|raw|Luckybadday's rating: 1083 &rarr; <strong>1063<\/strong><br \/>(-20 for losing)\n|l|\u2606Luckybadday\n","uploadtime":1699917612,"views":19,"p1id":"leekalt","p2id":"luckybadday","formatid":"gen9vgc2023regulatione","rating":1063,"private":0,"password":""}