{"id":"gen9vgc2023regulatione-1989621739","p1":"TapuNull418","p2":"tomachovgc","format":"[Gen 9] VGC 2023 Regulation E","log":"|j|\u2606TapuNull418\n|j|\u2606tomachovgc\n|t:|1699879938\n|gametype|doubles\n|player|p1|TapuNull418|266|1228\n|player|p2|tomachovgc|2|1247\n|teamsize|p1|6\n|teamsize|p2|6\n|gen|9\n|tier|[Gen 9] VGC 2023 Regulation E\n|rated|\n|rule|Species Clause: Limit one of each Pok\u00e9mon\n|rule|Item Clause: Limit one of each item\n|clearpoke\n|poke|p1|Ursaluna-Bloodmoon, L50, M|\n|poke|p1|Flutter Mane, L50|\n|poke|p1|Iron Hands, L50|\n|poke|p1|Sinistcha-Masterpiece, L50|\n|poke|p1|Landorus-Therian, L50, M|\n|poke|p1|Ogerpon-Wellspring, L50, F|\n|poke|p2|Weezing, L50, M|\n|poke|p2|Arcanine, L50, M|\n|poke|p2|Snorlax, L50, F|\n|poke|p2|Sinistcha, L50|\n|poke|p2|Urshifu-*, L50, M|\n|poke|p2|Cresselia, L50, F|\n|teampreview|4\nTapuNull418 has agreed to open team sheets.\n|inactive|Battle timer is ON: inactive players will automatically lose when time's up. (requested by tomachovgc)\n|\n|t:|1699879956\n|start\n|switch|p1a: Flutter Mane|Flutter Mane, L50|100\/100\n|switch|p1b: Landorus|Landorus-Therian, L50, M|100\/100\n|switch|p2a: Weezing|Weezing, L50, M|100\/100\n|switch|p2b: Urshifu|Urshifu-Rapid-Strike, L50, M|100\/100\n|-ability|p2a: Weezing|Neutralizing Gas\n|turn|1\n|\n|t:|1699879971\n|-terastallize|p2b: Urshifu|Water\n|move|p1b: Landorus|U-turn|p2b: Urshifu\n|-damage|p2b: Urshifu|72\/100\n|\n|t:|1699879982\n|switch|p1b: Ogerpon|Ogerpon-Wellspring, L50, F|100\/100|[from] U-turn\n|move|p2b: Urshifu|Surging Strikes|p1a: Flutter Mane\n|-crit|p1a: Flutter Mane\n|-damage|p1a: Flutter Mane|40\/100\n|-crit|p1a: Flutter Mane\n|-damage|p1a: Flutter Mane|0 fnt\n|faint|p1a: Flutter Mane\n|-end|p1a: Flutter Mane|Protosynthesis|[silent]\n|-hitcount|p1: Flutter Mane|2\n|move|p2a: Weezing|Will-O-Wisp|p1b: Ogerpon\n|-status|p1b: Ogerpon|brn\n|\n|-damage|p1b: Ogerpon|95\/100 brn|[from] brn\n|upkeep\n|\n|t:|1699879995\n|switch|p1a: Landorus|Landorus-Therian, L50, M|100\/100\n|turn|2\n|\n|t:|1699880007\n|switch|p2b: Sinistcha|Sinistcha, L50|100\/100\n|move|p1b: Ogerpon|Follow Me|p1b: Ogerpon\n|-singleturn|p1b: Ogerpon|move: Follow Me\n|move|p1a: Landorus|Stomping Tantrum|p2a: Weezing\n|-supereffective|p2a: Weezing\n|-damage|p2a: Weezing|44\/100\n|move|p2a: Weezing|Will-O-Wisp|p1b: Ogerpon\n|-fail|p1b: Ogerpon|brn\n|\n|-heal|p2a: Weezing|49\/100|[from] item: Leftovers\n|-damage|p1b: Ogerpon|89\/100 brn|[from] brn\n|upkeep\n|turn|3\n|\n|t:|1699880025\n|move|p1b: Ogerpon|Spiky Shield|p1b: Ogerpon\n|-singleturn|p1b: Ogerpon|move: Protect\n|move|p2a: Weezing|Protect|p2a: Weezing\n|-singleturn|p2a: Weezing|Protect\n|move|p1a: Landorus|Stomping Tantrum|p2a: Weezing\n|-activate|p2a: Weezing|move: Protect\n|move|p2b: Sinistcha|Matcha Gotcha|p1b: Ogerpon|[spread] p1a\n|-activate|p1b: Ogerpon|move: Protect\n|-damage|p1a: Landorus|54\/100\n|-status|p1a: Landorus|brn\n|\n|-heal|p2a: Weezing|55\/100|[from] item: Leftovers\n|-damage|p1a: Landorus|48\/100 brn|[from] brn\n|-damage|p1b: Ogerpon|83\/100 brn|[from] brn\n|upkeep\n|turn|4\n|\n|t:|1699880042\n|switch|p1a: Ursaluna|Ursaluna-Bloodmoon, L50, M|100\/100\n|-end|p2a: Weezing|ability: Neutralizing Gas\n|-heal|p2a: Weezing|80\/100|[from] ability: Hospitality|[of] p2b: Sinistcha\n|switch|p2a: Cresselia|Cresselia, L50, F|100\/100\n|move|p1b: Ogerpon|Horn Leech|p2a: Cresselia\n|-damage|p2a: Cresselia|86\/100\n|-heal|p1b: Ogerpon|93\/100 brn|[from] drain|[of] p2a: Cresselia\n|move|p2b: Sinistcha|Matcha Gotcha|p1a: Ursaluna|[spread] p1a,p1b\n|-supereffective|p1a: Ursaluna\n|-damage|p1a: Ursaluna|34\/100\n|-damage|p1b: Ogerpon|56\/100 brn\n|\n|-damage|p1b: Ogerpon|50\/100 brn|[from] brn\n|upkeep\n|turn|5\n|\n|t:|1699880061\n|-terastallize|p1a: Ursaluna|Normal\n|move|p1b: Ogerpon|Follow Me|p1b: Ogerpon\n|-singleturn|p1b: Ogerpon|move: Follow Me\n|move|p2a: Cresselia|Calm Mind|p2a: Cresselia\n|-boost|p2a: Cresselia|spa|1\n|-boost|p2a: Cresselia|spd|1\n|move|p2b: Sinistcha|Matcha Gotcha|p1b: Ogerpon|[spread] p1a,p1b\n|-damage|p1a: Ursaluna|0 fnt\n|-damage|p1b: Ogerpon|17\/100 brn\n|faint|p1a: Ursaluna\n|\n|-damage|p1b: Ogerpon|11\/100 brn|[from] brn\n|upkeep\n|\n|t:|1699880072\n|switch|p1a: Landorus|Landorus-Therian, L50, M|48\/100 brn\n|-ability|p1a: Landorus|Intimidate|boost\n|-unboost|p2a: Cresselia|atk|1\n|-unboost|p2b: Sinistcha|atk|1\n|turn|6\n|\n|t:|1699880082\n|move|p1a: Landorus|U-turn|p2a: Cresselia\n|-supereffective|p2a: Cresselia\n|-crit|p2a: Cresselia\n|-damage|p2a: Cresselia|61\/100\n|move|p1b: Ogerpon|Ivy Cudgel|p2a: Cresselia\n|-crit|p2a: Cresselia\n|-damage|p2a: Cresselia|33\/100\n|move|p2a: Cresselia|Calm Mind|p2a: Cresselia\n|-boost|p2a: Cresselia|spa|1\n|-boost|p2a: Cresselia|spd|1\n|move|p2b: Sinistcha|Matcha Gotcha|p1a: Landorus|[spread] p1a,p1b\n|-damage|p1a: Landorus|6\/100 brn\n|-damage|p1b: Ogerpon|0 fnt\n|faint|p1b: Ogerpon\n|\n|-damage|p1a: Landorus|0 fnt|[from] brn\n|faint|p1a: Landorus\n|\n|win|tomachovgc\n|upkeep\n|raw|TapuNull418's rating: 1228 &rarr; <strong>1204<\/strong><br \/>(-24 for losing)\n|raw|tomachovgc's rating: 1247 &rarr; <strong>1271<\/strong><br \/>(+24 for winning)\n","uploadtime":1699880097,"views":30,"p1id":"tapunull418","p2id":"tomachovgc","formatid":"gen9vgc2023regulatione","rating":1204,"private":0,"password":""}