{"id":"gen9vgc2023regulatione-1989110427","p1":"Sour Cigar","p2":"InfectedWolf1170","format":"[Gen 9] VGC 2023 Regulation E","log":"|j|\u2606Sour Cigar\n|j|\u2606InfectedWolf1170\n|t:|1699813320\n|gametype|doubles\n|player|p1|Sour Cigar|cynthia|1453\n|player|p2|InfectedWolf1170|koga|1347\n|teamsize|p1|6\n|teamsize|p2|6\n|gen|9\n|tier|[Gen 9] VGC 2023 Regulation E\n|rated|\n|rule|Species Clause: Limit one of each Pok\u00e9mon\n|rule|Item Clause: Limit one of each item\n|clearpoke\n|poke|p1|Urshifu-*, L50, M|\n|poke|p1|Gholdengo, L50|\n|poke|p1|Roaring Moon, L50|\n|poke|p1|Amoonguss, L50, F|\n|poke|p1|Farigiraf, L50, F|\n|poke|p1|Arcanine-Hisui, L50, F|\n|poke|p2|Ursaluna-Bloodmoon, L50, M|\n|poke|p2|Oranguru, L50, F|\n|poke|p2|Sylveon, L50, F|\n|poke|p2|Klefki, L50, M|\n|poke|p2|Iron Hands, L50|\n|poke|p2|Heatran, L50, F|\n|teampreview|4\n|inactive|Battle timer is ON: inactive players will automatically lose when time's up. (requested by Sour Cigar)\nSour Cigar has agreed to open team sheets.\n|\n|t:|1699813343\n|start\n|switch|p1a: Gholdengo|Gholdengo, L50|100\/100\n|switch|p1b: Amoonguss|Amoonguss, L50, F, shiny|100\/100\n|switch|p2a: Oranguru|Oranguru, L50, F|100\/100\n|switch|p2b: Heatran|Heatran, L50, F|100\/100\n|turn|1\n|\n|t:|1699813364\n|-terastallize|p1b: Amoonguss|Fire\n|move|p1a: Gholdengo|Protect|p1a: Gholdengo\n|-singleturn|p1a: Gholdengo|Protect\n|move|p2b: Heatran|Heat Wave|p1b: Amoonguss|[spread] p1b\n|-activate|p1a: Gholdengo|move: Protect\n|-resisted|p1b: Amoonguss\n|-damage|p1b: Amoonguss|85\/100\n|move|p2a: Oranguru|Psychic|p1b: Amoonguss\n|-damage|p1b: Amoonguss|59\/100\n|move|p1b: Amoonguss|Spore|p2b: Heatran\n|-status|p2b: Heatran|slp|[from] move: Spore\n|\n|upkeep\n|turn|2\n|\n|t:|1699813382\n|cant|p2b: Heatran|slp\n|move|p1a: Gholdengo|Nasty Plot|p1a: Gholdengo\n|-boost|p1a: Gholdengo|spa|2\n|move|p1b: Amoonguss|Spore|p2a: Oranguru\n|-status|p2a: Oranguru|slp|[from] move: Spore\n|cant|p2a: Oranguru|slp\n|\n|upkeep\n|turn|3\n|\n|t:|1699813398\n|switch|p1b: Arcanine|Arcanine-Hisui, L50, F|100\/100\n|-ability|p1b: Arcanine|Intimidate|boost\n|-fail|p2a: Oranguru|unboost|Attack|[from] ability: Inner Focus|[of] p2a: Oranguru\n|-unboost|p2b: Heatran|atk|1\n|move|p1a: Gholdengo|Nasty Plot|p1a: Gholdengo\n|-boost|p1a: Gholdengo|spa|2\n|cant|p2b: Heatran|slp\n|-curestatus|p2a: Oranguru|slp|[msg]\n|move|p2a: Oranguru|Trick Room|p2a: Oranguru\n|-fieldstart|move: Trick Room|[of] p2a: Oranguru\n|\n|upkeep\n|turn|4\n|\n|t:|1699813415\n|move|p2a: Oranguru|Instruct|p2b: Heatran\n|-singleturn|p2b: Heatran|move: Instruct|[of] p2a: Oranguru\n|cant|p2b: Heatran|slp\n|-curestatus|p2b: Heatran|slp|[msg]\n|move|p2b: Heatran|Earth Power|p1a: Gholdengo\n|-supereffective|p1a: Gholdengo\n|-damage|p1a: Gholdengo|40\/100\n|move|p1a: Gholdengo|Shadow Ball|p2b: Heatran\n|-damage|p2b: Heatran|0 fnt\n|faint|p2b: Heatran\n|-damage|p1a: Gholdengo|30\/100|[from] item: Life Orb\n|move|p1b: Arcanine|Flare Blitz|p2a: Oranguru\n|-damage|p2a: Oranguru|31\/100\n|-damage|p1b: Arcanine|74\/100|[from] Recoil\n|\n|upkeep\n|\n|t:|1699813429\n|switch|p2b: Ursaluna|Ursaluna-Bloodmoon, L50, M|100\/100\n|turn|5\n|\n|t:|1699813449\n|move|p1a: Gholdengo|Protect|p1a: Gholdengo\n|-singleturn|p1a: Gholdengo|Protect\n|move|p2b: Ursaluna|Blood Moon|p1b: Arcanine\n|-resisted|p1b: Arcanine\n|-damage|p1b: Arcanine|28\/100\n|move|p2a: Oranguru|Instruct|p2b: Ursaluna\n|-singleturn|p2b: Ursaluna|move: Instruct|[of] p2a: Oranguru\n|move|p2b: Ursaluna|Blood Moon|p1b: Arcanine\n|-resisted|p1b: Arcanine\n|-damage|p1b: Arcanine|0 fnt\n|faint|p1b: Arcanine\n|-hint|Some effects can force a Pokemon to use Blood Moon again in a row.\n|\n|upkeep\n|\n|t:|1699813460\n|switch|p1b: Amoonguss|Amoonguss, L50, F, shiny, tera:Fire|93\/100\n|turn|6\n|\n|t:|1699813481\n|move|p1b: Amoonguss|Spore|p2b: Ursaluna\n|-status|p2b: Ursaluna|slp|[from] move: Spore\n|cant|p2b: Ursaluna|slp\n|move|p2a: Oranguru|Instruct|p2b: Ursaluna\n|-singleturn|p2b: Ursaluna|move: Instruct|[of] p2a: Oranguru\n|cant|p2b: Ursaluna|slp\n|move|p1a: Gholdengo|Make It Rain|p2b: Ursaluna|[spread] p2a,p2b\n|-damage|p2a: Oranguru|0 fnt\n|-damage|p2b: Ursaluna|0 fnt\n|-unboost|p1a: Gholdengo|spa|1\n|faint|p2a: Oranguru\n|faint|p2b: Ursaluna\n|-damage|p1a: Gholdengo|20\/100|[from] item: Life Orb\n|\n|upkeep\n|\n|t:|1699813493\n|switch|p2b: Iron Hands|Iron Hands, L50|100\/100\n|turn|7\n|\n|t:|1699813506\n|move|p1b: Amoonguss|Protect|p1b: Amoonguss\n|-singleturn|p1b: Amoonguss|Protect\n|move|p1a: Gholdengo|Protect|p1a: Gholdengo\n|-singleturn|p1a: Gholdengo|Protect\n|move|p2b: Iron Hands|Wild Charge|p1a: Gholdengo\n|-activate|p1a: Gholdengo|move: Protect\n|\n|-fieldend|move: Trick Room\n|upkeep\n|turn|8\n|\n|t:|1699813519\n|-terastallize|p2b: Iron Hands|Water\n|move|p1b: Amoonguss|Rage Powder|p1b: Amoonguss\n|-singleturn|p1b: Amoonguss|move: Rage Powder\n|move|p1a: Gholdengo|Shadow Ball|p2b: Iron Hands\n|-damage|p2b: Iron Hands|33\/100\n|-damage|p1a: Gholdengo|11\/100|[from] item: Life Orb\n|move|p2b: Iron Hands|Wild Charge|p1b: Amoonguss\n|-damage|p1b: Amoonguss|50\/100\n|-enditem|p1b: Amoonguss|Sitrus Berry|[eat]\n|-heal|p1b: Amoonguss|74\/100|[from] item: Sitrus Berry\n|-damage|p2b: Iron Hands|24\/100|[from] Recoil\n|\n|upkeep\n|turn|9\n|\n|t:|1699813532\n|move|p1a: Gholdengo|Protect|p1a: Gholdengo\n|-singleturn|p1a: Gholdengo|Protect\n|move|p1b: Amoonguss|Protect|p1b: Amoonguss\n|-singleturn|p1b: Amoonguss|Protect\n|move|p2b: Iron Hands|Drain Punch|p1b: Amoonguss\n|-activate|p1b: Amoonguss|move: Protect\n|\n|upkeep\n|turn|10\n|\n|t:|1699813545\n|move|p1b: Amoonguss|Rage Powder|p1b: Amoonguss\n|-singleturn|p1b: Amoonguss|move: Rage Powder\n|move|p1a: Gholdengo|Shadow Ball|p2b: Iron Hands\n|-damage|p2b: Iron Hands|0 fnt\n|faint|p2b: Iron Hands\n|-end|p2b: Iron Hands|Quark Drive|[silent]\n|-damage|p1a: Gholdengo|1\/100|[from] item: Life Orb\n|\n|win|Sour Cigar\n|raw|Sour Cigar's rating: 1453 &rarr; <strong>1467<\/strong><br \/>(+14 for winning)\n|raw|InfectedWolf1170's rating: 1347 &rarr; <strong>1333<\/strong><br \/>(-14 for losing)\n","uploadtime":1699813556,"views":12,"p1id":"sourcigar","p2id":"infectedwolf1170","formatid":"gen9vgc2023regulatione","rating":1333,"private":0,"password":""}