{"id":"gen9vgc2023regulatione-1991285289","p1":"Iono1119","p2":"maku8319","format":"[Gen 9] VGC 2023 Regulation E","log":"|j|\u2606Iono1119\n|j|\u2606maku8319\n|n|\u2606Iono1119|iono1119\n|n|\u2606maku8319|maku8319\n|html|View the match progress at <a href=\"\/game-bestof3-gen9vgc2023regulatione-1991279513\">game-bestof3-gen9vgc2023regulatione-1991279513<\/a>\n|t:|1700064308\n|gametype|doubles\n|player|p1|Iono1119|iono|\n|player|p2|maku8319|red|\n|teamsize|p1|6\n|teamsize|p2|6\n|gen|9\n|tier|[Gen 9] VGC 2023 Regulation E\n|rule|Species Clause: Limit one of each Pok\u00e9mon\n|rule|Item Clause: Limit one of each item\n|clearpoke\n|poke|p1|Landorus-Therian, L50, M|\n|poke|p1|Okidogi, L50, M|\n|poke|p1|Iron Hands, L50|\n|poke|p1|Ogerpon-Wellspring, L50, F|\n|poke|p1|Grimmsnarl, L50, M|\n|poke|p1|Moltres-Galar, L50|\n|poke|p2|Chi-Yu, L50|\n|poke|p2|Iron Hands, L50|\n|poke|p2|Landorus-Therian, L50, M|\n|poke|p2|Dusclops, L50, M|\n|poke|p2|Ogerpon-Wellspring, L50, F|\n|poke|p2|Ursaluna-Bloodmoon, L50, M|\n|teampreview|4\n|\n|t:|1700064360\n|start\n|switch|p1a: Moltres|Moltres-Galar, L50, shiny|100\/100\n|switch|p1b: Iron Hands|Iron Hands, L50, shiny|100\/100\n|switch|p2a: Dusclops|Dusclops, L50, M|100\/100\n|switch|p2b: Chi-Yu|Chi-Yu, L50|100\/100\n|-ability|p2b: Chi-Yu|Beads of Ruin\n|-item|p1a: Moltres|Sitrus Berry|[from] ability: Frisk|[of] p2a: Dusclops|[identify]\n|-item|p1b: Iron Hands|Assault Vest|[from] ability: Frisk|[of] p2a: Dusclops|[identify]\n|turn|1\n|inactive|Battle timer is ON: inactive players will automatically lose when time's up. (requested by Iono1119)\n|\n|t:|1700064388\n|move|p2b: Chi-Yu|Heat Wave|p1a: Moltres|[spread] p1a,p1b\n|-damage|p1a: Moltres|50\/100\n|-damage|p1b: Iron Hands|61\/100\n|-ability|p1a: Moltres|Berserk|boost\n|-boost|p1a: Moltres|spa|1\n|-enditem|p1a: Moltres|Sitrus Berry|[eat]\n|-heal|p1a: Moltres|75\/100|[from] item: Sitrus Berry\n|move|p1a: Moltres|Fiery Wrath|p2b: Chi-Yu|[spread] p2a,p2b\n|-supereffective|p2a: Dusclops\n|-resisted|p2b: Chi-Yu\n|-damage|p2a: Dusclops|38\/100\n|-damage|p2b: Chi-Yu|82\/100\n|move|p1b: Iron Hands|Drain Punch|p2b: Chi-Yu\n|-supereffective|p2b: Chi-Yu\n|-damage|p2b: Chi-Yu|0 fnt\n|-heal|p1b: Iron Hands|90\/100|[from] drain|[of] p2b: Chi-Yu\n|faint|p2b: Chi-Yu\n|move|p2a: Dusclops|Will-O-Wisp|p1b: Iron Hands|[miss]\n|-miss|p2a: Dusclops|p1b: Iron Hands\n|\n|upkeep\n|\n|t:|1700064408\n|switch|p2b: Iron Hands|Iron Hands, L50|100\/100\n|turn|2\n|j| XinBluQAQ\n|\n|t:|1700064417\n|-end|p1b: Iron Hands|Quark Drive|[silent]\n|switch|p1b: Okidogi|Okidogi, L50, M|100\/100\n|move|p1a: Moltres|Protect|p1a: Moltres\n|-singleturn|p1a: Moltres|Protect\n|move|p2b: Iron Hands|Fake Out|p1a: Moltres\n|-activate|p1a: Moltres|move: Protect\n|move|p2a: Dusclops|Trick Room|p2a: Dusclops\n|-fieldstart|move: Trick Room|[of] p2a: Dusclops\n|\n|upkeep\n|turn|3\n|\n|t:|1700064437\n|-terastallize|p1a: Moltres|Poison\n|move|p2a: Dusclops|Will-O-Wisp|p1b: Okidogi|[miss]\n|-miss|p2a: Dusclops|p1b: Okidogi\n|move|p2b: Iron Hands|Wild Charge|p1a: Moltres\n|-damage|p1a: Moltres|23\/100\n|-damage|p2b: Iron Hands|90\/100|[from] Recoil\n|-ability|p1a: Moltres|Berserk|boost\n|-boost|p1a: Moltres|spa|1\n|move|p1b: Okidogi|Bulk Up|p1b: Okidogi\n|-boost|p1b: Okidogi|atk|1\n|-boost|p1b: Okidogi|def|1\n|move|p1a: Moltres|Nasty Plot|p1a: Moltres\n|-boost|p1a: Moltres|spa|2\n|\n|upkeep\n|turn|4\n|inactive|Iono1119 has 30 seconds left.\n|\n|t:|1700064463\n|-end|p2b: Iron Hands|Quark Drive|[silent]\n|switch|p2b: Ursaluna|Ursaluna-Bloodmoon, L50, M|100\/100\n|move|p1a: Moltres|Protect|p1a: Moltres\n|-singleturn|p1a: Moltres|Protect\n|move|p2a: Dusclops|Will-O-Wisp|p1b: Okidogi\n|-status|p1b: Okidogi|brn\n|move|p1b: Okidogi|Poison Jab|p2b: Ursaluna\n|-resisted|p2b: Ursaluna\n|-damage|p2b: Ursaluna|89\/100\n|\n|-damage|p1b: Okidogi|94\/100 brn|[from] brn\n|upkeep\n|turn|5\n|j| Aries83199\n|l| Aries83199\n|j| Aries83199\n|inactive|Iono1119 has 30 seconds left.\n|inactive|maku8319 has 30 seconds left.\n|\n|t:|1700064493\n|-terastallize|p2b: Ursaluna|Normal\n|move|p1b: Okidogi|Protect|p1b: Okidogi\n|-singleturn|p1b: Okidogi|Protect\n|move|p2a: Dusclops|Brick Break|p2b: Ursaluna\n|-supereffective|p2b: Ursaluna\n|-damage|p2b: Ursaluna|73\/100\n|-enditem|p2b: Ursaluna|Weakness Policy\n|-boost|p2b: Ursaluna|atk|2|[from] item: Weakness Policy\n|-boost|p2b: Ursaluna|spa|2|[from] item: Weakness Policy\n|move|p2b: Ursaluna|Hyper Voice|p1b: Okidogi|[spread] p1a\n|-activate|p1b: Okidogi|move: Protect\n|-damage|p1a: Moltres|0 fnt\n|faint|p1a: Moltres\n|\n|-heal|p1b: Okidogi|100\/100 brn|[from] item: Leftovers\n|-damage|p1b: Okidogi|94\/100 brn|[from] brn\n|upkeep\n|\n|t:|1700064508\n|switch|p1a: Iron Hands|Iron Hands, L50, shiny|90\/100\n|turn|6\n|\n|t:|1700064517\n|move|p2b: Ursaluna|Protect|p2b: Ursaluna\n|-singleturn|p2b: Ursaluna|Protect\n|move|p1a: Iron Hands|Fake Out|p2b: Ursaluna\n|-activate|p2b: Ursaluna|move: Protect\n|move|p2a: Dusclops|Will-O-Wisp|p1a: Iron Hands\n|-status|p1a: Iron Hands|brn\n|move|p1b: Okidogi|Bulk Up|p1b: Okidogi\n|-boost|p1b: Okidogi|atk|1\n|-boost|p1b: Okidogi|def|1\n|\n|-heal|p1b: Okidogi|100\/100 brn|[from] item: Leftovers\n|-damage|p1a: Iron Hands|84\/100 brn|[from] brn\n|-damage|p1b: Okidogi|94\/100 brn|[from] brn\n|-fieldend|move: Trick Room\n|upkeep\n|turn|7\n|inactive|maku8319 has 30 seconds left.\n|\n|t:|1700064550\n|switch|p2b: Iron Hands|Iron Hands, L50|90\/100\n|move|p1b: Okidogi|Protect|p1b: Okidogi\n|-singleturn|p1b: Okidogi|Protect\n|move|p1a: Iron Hands|Drain Punch|p2b: Iron Hands\n|-damage|p2b: Iron Hands|76\/100\n|-heal|p1a: Iron Hands|91\/100 brn|[from] drain|[of] p2b: Iron Hands\n|move|p2a: Dusclops|Pain Split|p1b: Okidogi\n|-activate|p1b: Okidogi|move: Protect\n|\n|-heal|p1b: Okidogi|100\/100 brn|[from] item: Leftovers\n|-damage|p1b: Okidogi|94\/100 brn|[from] brn\n|-damage|p1a: Iron Hands|85\/100 brn|[from] brn\n|upkeep\n|turn|8\n|inactive|maku8319 has 30 seconds left.\n|\n|t:|1700064581\n|move|p1b: Okidogi|Poison Jab|p2a: Dusclops\n|-resisted|p2a: Dusclops\n|-damage|p2a: Dusclops|24\/100\n|move|p1a: Iron Hands|Wild Charge|p2a: Dusclops\n|-damage|p2a: Dusclops|8\/100\n|-damage|p1a: Iron Hands|82\/100 brn|[from] Recoil\n|move|p2b: Iron Hands|Drain Punch|p1a: Iron Hands\n|-damage|p1a: Iron Hands|54\/100 brn\n|-heal|p2b: Iron Hands|90\/100|[from] drain|[of] p1a: Iron Hands\n|move|p2a: Dusclops|Pain Split|p1b: Okidogi\n|-sethp|p1b: Okidogi|50\/100 brn|[from] move: Pain Split|[silent]\n|-sethp|p2a: Dusclops|60\/100|[from] move: Pain Split\n|\n|-heal|p1b: Okidogi|57\/100 brn|[from] item: Leftovers\n|-damage|p1b: Okidogi|50\/100 brn|[from] brn\n|-damage|p1a: Iron Hands|48\/100 brn|[from] brn\n|upkeep\n|turn|9\n|inactive|maku8319 has 30 seconds left.\n|inactive|maku8319 has 20 seconds left.\n|inactive|maku8319 has 15 seconds left.\n|inactive|maku8319 has 10 seconds left.\n|\n|t:|1700064627\n|move|p1b: Okidogi|Drain Punch|p2b: Iron Hands\n|-damage|p2b: Iron Hands|65\/100\n|-heal|p1b: Okidogi|68\/100 brn|[from] drain|[of] p2b: Iron Hands\n|move|p1a: Iron Hands|Drain Punch|p2b: Iron Hands\n|-crit|p2b: Iron Hands\n|-damage|p2b: Iron Hands|45\/100\n|-heal|p1a: Iron Hands|58\/100 brn|[from] drain|[of] p2b: Iron Hands\n|move|p2b: Iron Hands|Drain Punch|p1a: Iron Hands\n|-crit|p1a: Iron Hands\n|-damage|p1a: Iron Hands|18\/100 brn\n|-heal|p2b: Iron Hands|64\/100|[from] drain|[of] p1a: Iron Hands\n|move|p2a: Dusclops|Pain Split|p1b: Okidogi\n|-sethp|p1b: Okidogi|59\/100 brn|[from] move: Pain Split|[silent]\n|-sethp|p2a: Dusclops|71\/100|[from] move: Pain Split\n|\n|-heal|p1b: Okidogi|65\/100 brn|[from] item: Leftovers\n|-damage|p1b: Okidogi|59\/100 brn|[from] brn\n|-damage|p1a: Iron Hands|12\/100 brn|[from] brn\n|upkeep\n|turn|10\n|inactive|maku8319 has 30 seconds left.\n|\n|t:|1700064656\n|move|p1b: Okidogi|Bulk Up|p1b: Okidogi\n|-boost|p1b: Okidogi|atk|1\n|-boost|p1b: Okidogi|def|1\n|move|p1a: Iron Hands|Drain Punch|p2b: Iron Hands\n|-damage|p2b: Iron Hands|51\/100\n|-heal|p1a: Iron Hands|19\/100 brn|[from] drain|[of] p2b: Iron Hands\n|move|p2b: Iron Hands|Volt Switch|p1a: Iron Hands\n|-resisted|p1a: Iron Hands\n|-damage|p1a: Iron Hands|16\/100 brn\n|\n|t:|1700064665\n|-end|p2b: Iron Hands|Quark Drive|[silent]\n|switch|p2b: Ursaluna|Ursaluna-Bloodmoon, L50, M, tera:Normal|73\/100|[from] Volt Switch\n|move|p2a: Dusclops|Trick Room|p2a: Dusclops\n|-fieldstart|move: Trick Room|[of] p2a: Dusclops\n|\n|-heal|p1b: Okidogi|65\/100 brn|[from] item: Leftovers\n|-damage|p1a: Iron Hands|10\/100 brn|[from] brn\n|-damage|p1b: Okidogi|59\/100 brn|[from] brn\n|upkeep\n|turn|11\n|inactive|maku8319 has 30 seconds left.\n|\n|t:|1700064691\n|move|p2b: Ursaluna|Protect|p2b: Ursaluna\n|-singleturn|p2b: Ursaluna|Protect\n|move|p1b: Okidogi|Protect|p1b: Okidogi\n|-singleturn|p1b: Okidogi|Protect\n|move|p2a: Dusclops|Brick Break|p1a: Iron Hands\n|-damage|p1a: Iron Hands|1\/100 brn\n|move|p1a: Iron Hands|Drain Punch|p2b: Ursaluna\n|-activate|p2b: Ursaluna|move: Protect\n|\n|-heal|p1b: Okidogi|65\/100 brn|[from] item: Leftovers\n|-damage|p1a: Iron Hands|0 fnt|[from] brn\n|faint|p1a: Iron Hands\n|-end|p1a: Iron Hands|Quark Drive|[silent]\n|-damage|p1b: Okidogi|59\/100 brn|[from] brn\n|upkeep\n|\n|t:|1700064700\n|switch|p1a: \u63a8\u3057\u306e\u692a|Ogerpon-Wellspring, L50, F|100\/100\n|turn|12\n|\n|t:|1700064718\n|move|p1a: \u63a8\u3057\u306e\u692a|Follow Me|p1a: \u63a8\u3057\u306e\u692a\n|-singleturn|p1a: \u63a8\u3057\u306e\u692a|move: Follow Me\n|move|p2a: Dusclops|Will-O-Wisp|p1a: \u63a8\u3057\u306e\u692a\n|-status|p1a: \u63a8\u3057\u306e\u692a|brn\n|move|p2b: Ursaluna|Earth Power|p1a: \u63a8\u3057\u306e\u692a\n|-resisted|p1a: \u63a8\u3057\u306e\u692a\n|-damage|p1a: \u63a8\u3057\u306e\u692a|73\/100 brn\n|move|p1b: Okidogi|Drain Punch|p2b: Ursaluna\n|-supereffective|p2b: Ursaluna\n|-damage|p2b: Ursaluna|0 fnt\n|-heal|p1b: Okidogi|100\/100 brn|[from] drain|[of] p2b: Ursaluna\n|faint|p2b: Ursaluna\n|\n|-damage|p1b: Okidogi|94\/100 brn|[from] brn\n|-damage|p1a: \u63a8\u3057\u306e\u692a|67\/100 brn|[from] brn\n|upkeep\n|\n|t:|1700064727\n|switch|p2b: Iron Hands|Iron Hands, L50|51\/100\n|turn|13\n|\n|t:|1700064735\n|move|p1b: Okidogi|Protect|p1b: Okidogi\n|-singleturn|p1b: Okidogi|Protect\n|move|p1a: \u63a8\u3057\u306e\u692a|Spiky Shield|p1a: \u63a8\u3057\u306e\u692a\n|-singleturn|p1a: \u63a8\u3057\u306e\u692a|move: Protect\n|move|p2a: Dusclops|Pain Split|p1a: \u63a8\u3057\u306e\u692a\n|-activate|p1a: \u63a8\u3057\u306e\u692a|move: Protect\n|move|p2b: Iron Hands|Drain Punch|p1a: \u63a8\u3057\u306e\u692a\n|-activate|p1a: \u63a8\u3057\u306e\u692a|move: Protect\n|-damage|p2b: Iron Hands|39\/100|[from] Spiky Shield|[of] p1a: \u63a8\u3057\u306e\u692a\n|\n|-heal|p1b: Okidogi|100\/100 brn|[from] item: Leftovers\n|-damage|p1b: Okidogi|94\/100 brn|[from] brn\n|-damage|p1a: \u63a8\u3057\u306e\u692a|61\/100 brn|[from] brn\n|upkeep\n|turn|14\n|\n|t:|1700064754\n|move|p2a: Dusclops|Brick Break|p1b: Okidogi\n|-resisted|p1b: Okidogi\n|-damage|p1b: Okidogi|93\/100 brn\n|move|p2b: Iron Hands|Drain Punch|p1a: \u63a8\u3057\u306e\u692a\n|-damage|p1a: \u63a8\u3057\u306e\u692a|20\/100 brn\n|-heal|p2b: Iron Hands|55\/100|[from] drain|[of] p1a: \u63a8\u3057\u306e\u692a\n|move|p1b: Okidogi|Poison Jab|p2b: Iron Hands\n|-damage|p2b: Iron Hands|17\/100\n|move|p1a: \u63a8\u3057\u306e\u692a|Ivy Cudgel|p2b: Iron Hands|[anim] Ivy Cudgel Water\n|-damage|p2b: Iron Hands|0 fnt\n|faint|p2b: Iron Hands\n|-end|p2b: Iron Hands|Quark Drive|[silent]\n|\n|-heal|p1b: Okidogi|99\/100 brn|[from] item: Leftovers\n|-damage|p1b: Okidogi|93\/100 brn|[from] brn\n|-damage|p1a: \u63a8\u3057\u306e\u692a|14\/100 brn|[from] brn\n|-fieldend|move: Trick Room\n|upkeep\n|turn|15\n|\n|t:|1700064769\n|move|p1a: \u63a8\u3057\u306e\u692a|Follow Me|p1a: \u63a8\u3057\u306e\u692a\n|-singleturn|p1a: \u63a8\u3057\u306e\u692a|move: Follow Me\n|move|p1b: Okidogi|Bulk Up|p1b: Okidogi\n|-boost|p1b: Okidogi|atk|1\n|-boost|p1b: Okidogi|def|1\n|move|p2a: Dusclops|Brick Break|p1a: \u63a8\u3057\u306e\u692a\n|-damage|p1a: \u63a8\u3057\u306e\u692a|2\/100 brn\n|\n|-heal|p1b: Okidogi|99\/100 brn|[from] item: Leftovers\n|-damage|p1a: \u63a8\u3057\u306e\u692a|0 fnt|[from] brn\n|faint|p1a: \u63a8\u3057\u306e\u692a\n|-damage|p1b: Okidogi|93\/100 brn|[from] brn\n|upkeep\n|turn|16\n|\n|t:|1700064781\n|move|p1b: Okidogi|Poison Jab|p2a: Dusclops\n|-resisted|p2a: Dusclops\n|-damage|p2a: Dusclops|52\/100\n|move|p2a: Dusclops|Pain Split|p1b: Okidogi\n|-sethp|p1b: Okidogi|68\/100 brn|[from] move: Pain Split|[silent]\n|-sethp|p2a: Dusclops|81\/100|[from] move: Pain Split\n|\n|-heal|p1b: Okidogi|74\/100 brn|[from] item: Leftovers\n|-damage|p1b: Okidogi|68\/100 brn|[from] brn\n|upkeep\n|turn|17\n|\n|t:|1700064794\n|move|p1b: Okidogi|Poison Jab|p2a: Dusclops\n|-resisted|p2a: Dusclops\n|-damage|p2a: Dusclops|63\/100\n|move|p2a: Dusclops|Pain Split|p1b: Okidogi\n|-sethp|p1b: Okidogi|60\/100 brn|[from] move: Pain Split|[silent]\n|-sethp|p2a: Dusclops|72\/100|[from] move: Pain Split\n|\n|-heal|p1b: Okidogi|66\/100 brn|[from] item: Leftovers\n|-damage|p1b: Okidogi|60\/100 brn|[from] brn\n|upkeep\n|turn|18\n|\n|t:|1700064807\n|move|p1b: Okidogi|Protect|p1b: Okidogi\n|-singleturn|p1b: Okidogi|Protect\n|move|p2a: Dusclops|Brick Break|p1b: Okidogi\n|-activate|p1b: Okidogi|move: Protect\n|\n|-heal|p1b: Okidogi|66\/100 brn|[from] item: Leftovers\n|-damage|p1b: Okidogi|60\/100 brn|[from] brn\n|upkeep\n|turn|19\n|\n|t:|1700064814\n|move|p1b: Okidogi|Poison Jab|p2a: Dusclops\n|-resisted|p2a: Dusclops\n|-damage|p2a: Dusclops|51\/100\n|-status|p2a: Dusclops|psn\n|move|p2a: Dusclops|Brick Break|p1b: Okidogi\n|-resisted|p1b: Okidogi\n|-damage|p1b: Okidogi|58\/100 brn\n|\n|-heal|p1b: Okidogi|65\/100 brn|[from] item: Leftovers\n|-damage|p2a: Dusclops|39\/100 psn|[from] psn\n|-damage|p1b: Okidogi|58\/100 brn|[from] brn\n|upkeep\n|turn|20\n|\n|t:|1700064830\n|move|p1b: Okidogi|Protect|p1b: Okidogi\n|-singleturn|p1b: Okidogi|Protect\n|move|p2a: Dusclops|Pain Split|p1b: Okidogi\n|-activate|p1b: Okidogi|move: Protect\n|\n|-heal|p1b: Okidogi|65\/100 brn|[from] item: Leftovers\n|-damage|p2a: Dusclops|26\/100 psn|[from] psn\n|-damage|p1b: Okidogi|58\/100 brn|[from] brn\n|upkeep\n|turn|21\n|\n|t:|1700064840\n|move|p1b: Okidogi|Poison Jab|p2a: Dusclops\n|-resisted|p2a: Dusclops\n|-damage|p2a: Dusclops|8\/100 psn\n|move|p2a: Dusclops|Pain Split|p1b: Okidogi\n|-sethp|p1b: Okidogi|32\/100 brn|[from] move: Pain Split|[silent]\n|-sethp|p2a: Dusclops|39\/100 psn|[from] move: Pain Split\n|\n|-heal|p1b: Okidogi|39\/100 brn|[from] item: Leftovers\n|-damage|p2a: Dusclops|26\/100 psn|[from] psn\n|-damage|p1b: Okidogi|32\/100 brn|[from] brn\n|upkeep\n|turn|22\n|\n|t:|1700064854\n|move|p1b: Okidogi|Protect|p1b: Okidogi\n|-singleturn|p1b: Okidogi|Protect\n|move|p2a: Dusclops|Trick Room|p2a: Dusclops\n|-fieldstart|move: Trick Room|[of] p2a: Dusclops\n|\n|-heal|p1b: Okidogi|39\/100 brn|[from] item: Leftovers\n|-damage|p2a: Dusclops|14\/100 psn|[from] psn\n|-damage|p1b: Okidogi|32\/100 brn|[from] brn\n|upkeep\n|turn|23\n|\n|t:|1700064864\n|move|p2a: Dusclops|Pain Split|p1b: Okidogi\n|-sethp|p1b: Okidogi|22\/100 brn|[from] move: Pain Split|[silent]\n|-sethp|p2a: Dusclops|26\/100 psn|[from] move: Pain Split\n|move|p1b: Okidogi|Poison Jab|p2a: Dusclops\n|-resisted|p2a: Dusclops\n|-damage|p2a: Dusclops|8\/100 psn\n|\n|-heal|p1b: Okidogi|28\/100 brn|[from] item: Leftovers\n|-damage|p2a: Dusclops|0 fnt|[from] psn\n|faint|p2a: Dusclops\n|\n|win|Iono1119\n|upkeep\n|c|&|\/uhtml prompt-maku8319,maku8319 is ready for game 3!\n|inactive|Iono1119 has 50 seconds to confirm battle start!\n|c|&|\/uhtml prompt-iono1119,Iono1119 is ready for game 3!\nBoth players are ready! Starting next match!\n|l| Aries83199\n|l| XinBluQAQ\n|l|\u2606Iono1119\n","uploadtime":1700065378,"views":10,"p1id":"iono1119","p2id":"maku8319","formatid":"gen9vgc2023regulatione","rating":0,"private":0,"password":""}