{"id":"gen9vgc2023regulatione-1991448760","p1":"kidturtle","p2":"Marco1927ASR","format":"[Gen 9] VGC 2023 Regulation E","log":"|j|\u2606kidturtle\n|j|\u2606Marco1927ASR\n|t:|1700078004\n|gametype|doubles\n|player|p1|kidturtle|hoopster|\n|player|p2|Marco1927ASR|2|\n|teamsize|p1|6\n|teamsize|p2|6\n|gen|9\n|tier|[Gen 9] VGC 2023 Regulation E\n|rated|Tournament battle\n|rule|Species Clause: Limit one of each Pok\u00e9mon\n|rule|Item Clause: Limit one of each item\n|clearpoke\n|poke|p1|Ursaluna, L50, M|\n|poke|p1|Cresselia, L50, F|\n|poke|p1|Flutter Mane, L50|\n|poke|p1|Chi-Yu, L50|\n|poke|p1|Iron Hands, L50|\n|poke|p1|Urshifu-*, L50, M|\n|poke|p2|Sinistcha, L50|\n|poke|p2|Cresselia, L50, F|\n|poke|p2|Flutter Mane, L50|\n|poke|p2|Ursaluna, L50, M|\n|poke|p2|Landorus-Therian, L50, M|\n|poke|p2|Iron Hands, L50|\n|teampreview|4\n|showteam|p1|Ursaluna||FlameOrb|Guts|Facade,Earthquake,SwordsDance,Protect|||M|||50|,,,,,Ghost]Cresselia||MentalHerb|Levitate|IceBeam,AllySwitch,LunarBlessing,TrickRoom|||F|||50|,,,,,Fairy]Flutter Mane||BoosterEnergy|Protosynthesis|IcyWind,ShadowBall,Moonblast,Protect||||||50|,,,,,Fairy]Chi-Yu||ChoiceSpecs|BeadsofRuin|BurningJealousy,DarkPulse,Overheat,Snarl||||||50|,,,,,Ghost]Iron Hands||SitrusBerry|QuarkDrive|DrainPunch,WildCharge,FakeOut,SwordsDance||||||50|,,,,,Fire]Urshifu||FocusSash|UnseenFist|Detect,WickedBlow,CloseCombat,SuckerPunch|||M|||50|,,,,,Dark\n|showteam|p2|Sinistcha||RockyHelmet|Hospitality|StrengthSap,MatchaGotcha,NastyPlot,RagePowder||||||50|,,,,,Water]Cresselia||AguavBerry|Levitate|LunarBlessing,TrickRoom,HelpingHand,Psychic|||F|||50|,,,,,Fairy]Flutter Mane||BoosterEnergy|Protosynthesis|ShadowBall,DazzlingGleam,Substitute,Protect||||||50|,,,,,Ghost]Ursaluna||FlameOrb|Guts|Facade,Earthquake,Protect,HeavySlam|||M|||50|,,,,,Grass]Landorus-Therian||ChoiceScarf|Intimidate|Uturn,RockSlide,StompingTantrum,TeraBlast|||M|||50|,,,,,Flying]Iron Hands||IapapaBerry|QuarkDrive|FakeOut,SwordsDance,DrainPunch,HeavySlam||||||50|,,,,,Grass\n|j| filthytrashgoblin\n|l| filthytrashgoblin\n|inactive|Battle timer is ON: inactive players will automatically lose when time's up. (requested by kidturtle)\n|c|\u2606Marco1927ASR|hf\n|c|\u2606kidturtle|thx\n|j| LanternComic\n|inactive|Marco1927ASR has 60 seconds left.\n|\n|t:|1700078053\n|start\n|switch|p1a: Flutter Mane|Flutter Mane, L50, shiny|100\/100\n|switch|p1b: Chi-Yu|Chi-Yu, L50|100\/100\n|switch|p2a: Landorus|Landorus-Therian, L50, M|100\/100\n|switch|p2b: Cresselia|Cresselia, L50, F|100\/100\n|-ability|p2a: Landorus|Intimidate|boost\n|-unboost|p1a: Flutter Mane|atk|1\n|-unboost|p1b: Chi-Yu|atk|1\n|-ability|p1b: Chi-Yu|Beads of Ruin\n|-enditem|p1a: Flutter Mane|Booster Energy\n|-activate|p1a: Flutter Mane|ability: Protosynthesis|[fromitem]\n|-start|p1a: Flutter Mane|protosynthesisspe\n|turn|1\n|inactive|kidturtle has 30 seconds left.\n|inactive|Marco1927ASR has 30 seconds left.\n|inactive|Marco1927ASR has 20 seconds left.\n|\n|t:|1700078091\n|-end|p1a: Flutter Mane|Protosynthesis|[silent]\n|switch|p1a: Ursaluna|Ursaluna, L50, M|100\/100\n|-terastallize|p2b: Cresselia|Fairy\n|move|p2a: Landorus|U-turn|p1b: Chi-Yu\n|-damage|p1b: Chi-Yu|49\/100\n|\n|t:|1700078099\n|switch|p2a: Ursaluna|Ursaluna, L50, M|100\/100|[from] U-turn\n|move|p1b: Chi-Yu|Overheat|p2a: Ursaluna\n|-damage|p2a: Ursaluna|0 fnt\n|-unboost|p1b: Chi-Yu|spa|2\n|faint|p2a: Ursaluna\n|move|p2b: Cresselia|Trick Room|p2b: Cresselia\n|-fieldstart|move: Trick Room|[of] p2b: Cresselia\n|\n|-status|p1a: Ursaluna|brn|[from] item: Flame Orb\n|upkeep\n|\n|t:|1700078109\n|switch|p2a: Landorus|Landorus-Therian, L50, M|100\/100\n|-ability|p2a: Landorus|Intimidate|boost\n|-unboost|p1a: Ursaluna|atk|1\n|-unboost|p1b: Chi-Yu|atk|1\n|turn|2\n|\n|t:|1700078129\n|move|p1a: Ursaluna|Facade|p2a: Landorus\n|-damage|p2a: Landorus|8\/100\n|move|p2b: Cresselia|Psychic|p1a: Ursaluna\n|-damage|p1a: Ursaluna|73\/100 brn\n|move|p1b: Chi-Yu|Overheat|p2a: Landorus|[miss]\n|-miss|p1b: Chi-Yu|p2a: Landorus\n|move|p2a: Landorus|U-turn|p1b: Chi-Yu\n|-damage|p1b: Chi-Yu|0 fnt\n|faint|p1b: Chi-Yu\n|\n|t:|1700078141\n|switch|p2a: Sinistcha|Sinistcha, L50|100\/100|[from] U-turn\n|\n|-damage|p1a: Ursaluna|67\/100 brn|[from] brn\n|upkeep\n|\n|t:|1700078143\n|switch|p1b: Cresselia|Cresselia, L50, F|100\/100\n|turn|3\n|inactive|Marco1927ASR has 30 seconds left.\n|\n|t:|1700078176\n|-terastallize|p1a: Ursaluna|Ghost\n|move|p1a: Ursaluna|Swords Dance|p1a: Ursaluna\n|-boost|p1a: Ursaluna|atk|2\n|move|p2a: Sinistcha|Strength Sap|p1a: Ursaluna\n|-unboost|p1a: Ursaluna|atk|1\n|move|p1b: Cresselia|Lunar Blessing|p1b: Cresselia|[spread] p1a,p1b\n|-heal|p1a: Ursaluna|92\/100 brn\n|-curestatus|p1a: Ursaluna|brn|[msg]\n|move|p2b: Cresselia|Trick Room|p2b: Cresselia\n|-fieldend|move: Trick Room\n|\n|-status|p1a: Ursaluna|brn|[from] item: Flame Orb\n|upkeep\n|turn|4\n|inactive|Marco1927ASR has 30 seconds left.\n|\n|t:|1700078204\n|switch|p2b: Landorus|Landorus-Therian, L50, M|8\/100\n|-ability|p2b: Landorus|Intimidate|boost\n|-unboost|p1a: Ursaluna|atk|1\n|-unboost|p1b: Cresselia|atk|1\n|move|p2a: Sinistcha|Nasty Plot|p2a: Sinistcha\n|-boost|p2a: Sinistcha|spa|2\n|move|p1a: Ursaluna|Facade|p2b: Landorus\n|-damage|p2b: Landorus|0 fnt\n|faint|p2b: Landorus\n|move|p1b: Cresselia|Trick Room|p1b: Cresselia\n|-fieldstart|move: Trick Room|[of] p1b: Cresselia\n|\n|-damage|p1a: Ursaluna|86\/100 brn|[from] brn\n|upkeep\n|\n|t:|1700078217\n|switch|p2b: Cresselia|Cresselia, L50, F, tera:Fairy|100\/100\n|turn|5\n|j| somethingelse77\n|l| somethingelse77\n|\n|t:|1700078236\n|move|p1a: Ursaluna|Swords Dance|p1a: Ursaluna\n|-boost|p1a: Ursaluna|atk|2\n|move|p2a: Sinistcha|Nasty Plot|p2a: Sinistcha\n|-boost|p2a: Sinistcha|spa|2\n|move|p1b: Cresselia|Ice Beam|p2a: Sinistcha\n|-supereffective|p2a: Sinistcha\n|-damage|p2a: Sinistcha|59\/100\n|move|p2b: Cresselia|Trick Room|p2b: Cresselia\n|-fieldend|move: Trick Room\n|\n|-damage|p1a: Ursaluna|80\/100 brn|[from] brn\n|upkeep\n|turn|6\n|\n|t:|1700078258\n|move|p2b: Cresselia|Helping Hand|p2a: Sinistcha\n|-singleturn|p2a: Sinistcha|Helping Hand|[of] p2b: Cresselia\n|move|p1b: Cresselia|Ice Beam|p2a: Sinistcha\n|-supereffective|p2a: Sinistcha\n|-damage|p2a: Sinistcha|18\/100\n|move|p2a: Sinistcha|Matcha Gotcha|p1b: Cresselia|[spread] p1b\n|-miss|p2a: Sinistcha|p1a: Ursaluna\n|-damage|p1b: Cresselia|29\/100\n|-heal|p2a: Sinistcha|64\/100|[from] drain|[of] p1b: Cresselia\n|move|p1a: Ursaluna|Facade|p2b: Cresselia\n|-damage|p2b: Cresselia|0 fnt\n|faint|p2b: Cresselia\n|\n|-damage|p1a: Ursaluna|74\/100 brn|[from] brn\n|upkeep\n|turn|7\n|j| KnighLt\n|\n|t:|1700078278\n|move|p1b: Cresselia|Ice Beam|p2a: Sinistcha\n|-supereffective|p2a: Sinistcha\n|-damage|p2a: Sinistcha|27\/100\n|move|p2a: Sinistcha|Matcha Gotcha|p1b: Cresselia|[spread] p1a,p1b\n|-crit|p1a: Ursaluna\n|-damage|p1a: Ursaluna|0 fnt\n|-heal|p2a: Sinistcha|76\/100|[from] drain|[of] p1a: Ursaluna\n|-damage|p1b: Cresselia|0 fnt\n|-heal|p2a: Sinistcha|94\/100|[from] drain|[of] p1b: Cresselia\n|faint|p1a: Ursaluna\n|faint|p1b: Cresselia\n|\n|upkeep\n|l| KnighLt\n|\n|t:|1700078284\n|switch|p1b: Flutter Mane|Flutter Mane, L50, shiny|100\/100\n|turn|8\n|\n|t:|1700078297\n|move|p1b: Flutter Mane|Shadow Ball|p2a: Sinistcha\n|-supereffective|p2a: Sinistcha\n|-damage|p2a: Sinistcha|0 fnt\n|faint|p2a: Sinistcha\n|\n|win|kidturtle\n|n|\u2606kidturtle|kidturtle\n|n|\u2606Marco1927ASR|marco1927asr\n|n| LanternComic|lanterncomic\n|l| LanternComic\n|c|\u2606kidturtle|gg\n","uploadtime":1700078305,"views":14,"p1id":"kidturtle","p2id":"marco1927asr","formatid":"gen9vgc2023regulatione","rating":0,"private":0,"password":""}