{"id":"gen9vgc2023regulatione-1991576253","p1":"Salivadora","p2":"Owebbb","format":"[Gen 9] VGC 2023 Regulation E","log":"|j|\u2606Salivadora\n|j|\u2606Owebbb\n|n|\u2606Salivadora|salivadora\n|n|\u2606Owebbb|owebbb\n|html|View the match progress at <a href=\"\/game-bestof3-gen9vgc2023regulatione-1991572823\">game-bestof3-gen9vgc2023regulatione-1991572823<\/a>\n|t:|1700090132\n|gametype|doubles\n|player|p1|Salivadora|colress|\n|player|p2|Owebbb|hilda-wonderlauncher|\n|teamsize|p1|6\n|teamsize|p2|6\n|gen|9\n|tier|[Gen 9] VGC 2023 Regulation E\n|rule|Species Clause: Limit one of each Pok\u00e9mon\n|rule|Item Clause: Limit one of each item\n|clearpoke\n|poke|p1|Iron Hands, L50|\n|poke|p1|Iron Bundle, L50|\n|poke|p1|Moltres-Galar, L50|\n|poke|p1|Klefki, L50, M|\n|poke|p1|Wyrdeer, L50, F|\n|poke|p1|Brambleghast, L50, M|\n|poke|p2|Urshifu-*, L50, F|\n|poke|p2|Heatran, L50, F|\n|poke|p2|Toxtricity, L50, F|\n|poke|p2|Toedscool, L50, F|\n|poke|p2|Zapdos-Galar, L50|\n|poke|p2|Stonjourner, L50, M|\n|teampreview|4\n|j| JabsGR\n|j| Luckiest Ludicolo\n|j| deathbane98\n|j| ML Lacius\n|j| sleepzey\n|j| Lkynmbr24\n|\n|t:|1700090222\n|start\n|switch|p1a: New Gold|Iron Hands, L50|100\/100\n|switch|p1b: Saturnz Barz|Klefki, L50, M|100\/100\n|switch|p2a: Toxtricity|Toxtricity, L50, F|100\/100\n|switch|p2b: Stonjourner|Stonjourner, L50, M|100\/100\n|turn|1\n|j| 42beets\n|\n|t:|1700090244\n|-terastallize|p2a: Toxtricity|Normal\n|move|p2b: Stonjourner|Protect|p2b: Stonjourner\n|-singleturn|p2b: Stonjourner|Protect\n|move|p1a: New Gold|Fake Out|p2b: Stonjourner\n|-activate|p2b: Stonjourner|move: Protect\n|move|p1b: Saturnz Barz|Light Screen|p1b: Saturnz Barz\n|-sidestart|p1: Salivadora|move: Light Screen\n|move|p2a: Toxtricity|Boomburst|p1b: Saturnz Barz|[spread] p1a,p1b\n|-activate|p2b: Stonjourner|move: Protect\n|-resisted|p1b: Saturnz Barz\n|-damage|p1a: New Gold|70\/100\n|-damage|p1b: Saturnz Barz|71\/100\n|\n|upkeep\n|turn|2\n|j| Raikia\n|\n|t:|1700090269\n|move|p1b: Saturnz Barz|Thunder Wave|p2b: Stonjourner\n|-status|p2b: Stonjourner|par\n|move|p2a: Toxtricity|Overdrive|p1b: Saturnz Barz|[spread] p1a,p1b\n|-resisted|p1a: New Gold\n|-damage|p1a: New Gold|62\/100\n|-damage|p1b: Saturnz Barz|40\/100\n|move|p1a: New Gold|Drain Punch|p2a: Toxtricity\n|-supereffective|p2a: Toxtricity\n|-damage|p2a: Toxtricity|0 fnt\n|-heal|p1a: New Gold|99\/100|[from] drain|[of] p2a: Toxtricity\n|faint|p2a: Toxtricity\n|cant|p2b: Stonjourner|par\n|\n|upkeep\n|\n|t:|1700090277\n|switch|p2a: Zapdos|Zapdos-Galar, L50|100\/100\n|turn|3\n|l| deathbane98\n|\n|t:|1700090295\n|move|p1b: Saturnz Barz|Reflect|p1b: Saturnz Barz\n|-sidestart|p1: Salivadora|Reflect\n|move|p2a: Zapdos|Tailwind|p2a: Zapdos\n|-sidestart|p2: Owebbb|move: Tailwind\n|move|p2b: Stonjourner|High Horsepower|p1b: Saturnz Barz\n|-supereffective|p1b: Saturnz Barz\n|-damage|p1b: Saturnz Barz|0 fnt\n|faint|p1b: Saturnz Barz\n|move|p1a: New Gold|Play Rough|p2a: Zapdos\n|-supereffective|p2a: Zapdos\n|-damage|p2a: Zapdos|12\/100\n|\n|upkeep\n|\n|t:|1700090308\n|switch|p1b: Empire Ants|Iron Bundle, L50|100\/100\n|turn|4\n|\n|t:|1700090329\n|move|p2a: Zapdos|Acrobatics|p1a: New Gold\n|-damage|p1a: New Gold|82\/100\n|move|p1b: Empire Ants|Icy Wind|p2b: Stonjourner|[spread] p2a,p2b\n|-supereffective|p2a: Zapdos\n|-crit|p2a: Zapdos\n|-damage|p2a: Zapdos|0 fnt\n|-damage|p2b: Stonjourner|51\/100 par\n|-unboost|p2b: Stonjourner|spe|1\n|faint|p2a: Zapdos\n|move|p1a: New Gold|Drain Punch|p2b: Stonjourner\n|-supereffective|p2b: Stonjourner\n|-damage|p2b: Stonjourner|4\/100 par\n|-heal|p1a: New Gold|100\/100|[from] drain|[of] p2b: Stonjourner\n|cant|p2b: Stonjourner|par\n|\n|-heal|p2b: Stonjourner|10\/100 par|[from] item: Leftovers\n|upkeep\n|\n|t:|1700090334\n|switch|p2a: Heatran|Heatran, L50, F|100\/100\n|turn|5\n|\n|t:|1700090355\n|move|p1b: Empire Ants|Hydro Pump|p2a: Heatran|[miss]\n|-miss|p1b: Empire Ants|p2a: Heatran\n|move|p2a: Heatran|Heat Wave|p1b: Empire Ants|[spread] p1a,p1b\n|-damage|p1a: New Gold|83\/100\n|-damage|p1b: Empire Ants|33\/100\n|-status|p1a: New Gold|brn\n|move|p1a: New Gold|Drain Punch|p2a: Heatran\n|-supereffective|p2a: Heatran\n|-damage|p2a: Heatran|63\/100\n|-heal|p1a: New Gold|99\/100 brn|[from] drain|[of] p2a: Heatran\n|move|p2b: Stonjourner|Rock Slide|p1b: Empire Ants|[spread] p1a,p1b\n|-resisted|p1a: New Gold\n|-supereffective|p1b: Empire Ants\n|-damage|p1a: New Gold|94\/100 brn\n|-damage|p1b: Empire Ants|0 fnt\n|faint|p1b: Empire Ants\n|-end|p1b: Empire Ants|Quark Drive|[silent]\n|\n|-heal|p2b: Stonjourner|16\/100 par|[from] item: Leftovers\n|-damage|p1a: New Gold|88\/100 brn|[from] brn\n|upkeep\n|\n|t:|1700090367\n|switch|p1b: Feel Good Inc.|Moltres-Galar, L50|100\/100\n|turn|6\n|\n|t:|1700090384\n|-terastallize|p1b: Feel Good Inc.|Poison\n|cant|p2b: Stonjourner|par\n|move|p2a: Heatran|Magma Storm|p1b: Feel Good Inc.|[miss]\n|-miss|p2a: Heatran|p1b: Feel Good Inc.\n|move|p1b: Feel Good Inc.|Nasty Plot|p1b: Feel Good Inc.\n|-boost|p1b: Feel Good Inc.|spa|2\n|move|p1a: New Gold|Drain Punch|p2b: Stonjourner\n|-supereffective|p2b: Stonjourner\n|-damage|p2b: Stonjourner|0 fnt\n|-heal|p1a: New Gold|95\/100 brn|[from] drain|[of] p2b: Stonjourner\n|faint|p2b: Stonjourner\n|\n|-damage|p1a: New Gold|89\/100 brn|[from] brn\n|-sideend|p2: Owebbb|move: Tailwind\n|upkeep\n|turn|7\n|\n|t:|1700090393\n|move|p1b: Feel Good Inc.|Fiery Wrath|p2a: Heatran\n|-damage|p2a: Heatran|24\/100\n|move|p2a: Heatran|Magma Storm|p1b: Feel Good Inc.\n|-damage|p1b: Feel Good Inc.|72\/100\n|-activate|p1b: Feel Good Inc.|move: Magma Storm|[of] p2a: Heatran\n|move|p1a: New Gold|Drain Punch|p2a: Heatran\n|-supereffective|p2a: Heatran\n|-damage|p2a: Heatran|0 fnt\n|-heal|p1a: New Gold|99\/100 brn|[from] drain|[of] p2a: Heatran\n|faint|p2a: Heatran\n|\n|win|Salivadora\n|c|\u2606Salivadora|gg\n|c|\u2606Owebbb|gg\n|c| sleepzey|gg\n|l| Raikia\n|l| Lkynmbr24\n|c|\u2606Owebbb|stonjourner is still my goat\n|l| ML Lacius\n|l| 42beets\n|l| sleepzey\n|l| Luckiest Ludicolo\n|l| JabsGR\n|j| Omega_Jirachi\n|l| Omega_Jirachi\n|j| Huxley187\n|l| Huxley187\n","uploadtime":1700090612,"views":16,"p1id":"salivadora","p2id":"owebbb","formatid":"gen9vgc2023regulatione","rating":0,"private":0,"password":""}