{"id":"gen9vgc2023regulatione-1988163980","p1":"RichardTheSlayer","p2":"texastrill713","format":"[Gen 9] VGC 2023 Regulation E","log":"|j|\u2606RichardTheSlayer\n|j|\u2606texastrill713\n|t:|1699677983\n|gametype|doubles\n|player|p1|RichardTheSlayer|1|1353\n|player|p2|texastrill713|lucas-gen4pt|1246\n|teamsize|p1|6\n|teamsize|p2|6\n|gen|9\n|tier|[Gen 9] VGC 2023 Regulation E\n|rated|\n|rule|Species Clause: Limit one of each Pok\u00e9mon\n|rule|Item Clause: Limit one of each item\n|clearpoke\n|poke|p1|Chi-Yu, L50|\n|poke|p1|Regieleki, L50|\n|poke|p1|Iron Hands, L50|\n|poke|p1|Roaring Moon, L50|\n|poke|p1|Torkoal, L50, F|\n|poke|p1|Farigiraf, L50, F|\n|poke|p2|Tornadus, L50, M|\n|poke|p2|Chien-Pao, L50|\n|poke|p2|Amoonguss, L50, M|\n|poke|p2|Iron Hands, L50|\n|poke|p2|Flutter Mane, L50|\n|poke|p2|Landorus-Therian, L50, M|\n|teampreview|4\n|\n|t:|1699678049\n|start\n|switch|p1a: Regieleki|Regieleki, L50|100\/100\n|switch|p1b: Iron Hands|Iron Hands, L50|100\/100\n|switch|p2a: Tornadus|Tornadus, L50, M|100\/100\n|switch|p2b: Chien-Pao|Chien-Pao, L50|100\/100\n|-ability|p2b: Chien-Pao|Sword of Ruin\n|turn|1\n|c|\u2606texastrill713|Today\n|c|\u2606RichardTheSlayer|FUCV KYOU\n|\n|t:|1699678099\n|-terastallize|p2b: Chien-Pao|Ghost\n|move|p1b: Iron Hands|Fake Out|p2b: Chien-Pao\n|-immune|p2b: Chien-Pao\n|move|p2a: Tornadus|Tailwind|p2a: Tornadus\n|-sidestart|p2: texastrill713|move: Tailwind\n|move|p2b: Chien-Pao|Throat Chop|p1a: Regieleki\n|-damage|p1a: Regieleki|0 fnt\n|faint|p1a: Regieleki\n|-damage|p2b: Chien-Pao|91\/100|[from] item: Life Orb\n|\n|upkeep\n|\n|t:|1699678105\n|switch|p1a: Torkoal|Torkoal, L50, F|100\/100\n|-weather|SunnyDay|[from] ability: Drought|[of] p1a: Torkoal\n|turn|2\n|\n|t:|1699678121\n|switch|p2a: Landorus|Landorus-Therian, L50, M|100\/100\n|-ability|p2a: Landorus|Intimidate|boost\n|-unboost|p1a: Torkoal|atk|1\n|-unboost|p1b: Iron Hands|atk|1\n|move|p2b: Chien-Pao|Throat Chop|p1a: Torkoal\n|-damage|p1a: Torkoal|47\/100\n|-start|p1a: Torkoal|Throat Chop|[silent]\n|-damage|p2b: Chien-Pao|82\/100|[from] item: Life Orb\n|move|p1b: Iron Hands|Wild Charge|p2a: Landorus\n|-immune|p2a: Landorus\n|move|p1a: Torkoal|Heat Wave|p2a: Landorus|[spread] p2a,p2b\n|-damage|p2a: Landorus|45\/100\n|-damage|p2b: Chien-Pao|1\/100\n|-status|p2b: Chien-Pao|brn\n|\n|-weather|SunnyDay|[upkeep]\n|-damage|p2b: Chien-Pao|0 fnt|[from] brn\n|faint|p2b: Chien-Pao\n|upkeep\n|\n|t:|1699678139\n|switch|p2b: Flutter Mane|Flutter Mane, L50|100\/100\n|-activate|p2b: Flutter Mane|ability: Protosynthesis\n|-start|p2b: Flutter Mane|protosynthesisspa\n|turn|3\n|\n|t:|1699678153\n|move|p1a: Torkoal|Protect|p1a: Torkoal\n|-singleturn|p1a: Torkoal|Protect\n|move|p2b: Flutter Mane|Dazzling Gleam|p1a: Torkoal|[spread] p1b\n|-activate|p1a: Torkoal|move: Protect\n|-supereffective|p1b: Iron Hands\n|-damage|p1b: Iron Hands|56\/100\n|move|p2a: Landorus|Stomping Tantrum|p1a: Torkoal\n|-activate|p1a: Torkoal|move: Protect\n|move|p1b: Iron Hands|Wild Charge|p2b: Flutter Mane\n|-damage|p2b: Flutter Mane|51\/100\n|-damage|p1b: Iron Hands|50\/100|[from] Recoil\n|\n|-weather|SunnyDay|[upkeep]\n|-end|p1a: Torkoal|Throat Chop|[silent]\n|upkeep\n|turn|4\n|\n|t:|1699678172\n|switch|p1a: Farigiraf|Farigiraf, L50, F|100\/100\n|move|p2b: Flutter Mane|Dazzling Gleam|p1b: Iron Hands|[spread] p1a,p1b\n|-supereffective|p1b: Iron Hands\n|-damage|p1a: Farigiraf|54\/100\n|-damage|p1b: Iron Hands|5\/100\n|move|p2a: Landorus|Stomping Tantrum|p1a: Farigiraf\n|-damage|p1a: Farigiraf|6\/100\n|-enditem|p1a: Farigiraf|Sitrus Berry|[eat]\n|-heal|p1a: Farigiraf|31\/100|[from] item: Sitrus Berry\n|move|p1b: Iron Hands|Wild Charge|p2b: Flutter Mane\n|-damage|p2b: Flutter Mane|0 fnt\n|faint|p2b: Flutter Mane\n|-end|p2b: Flutter Mane|Protosynthesis|[silent]\n|-damage|p1b: Iron Hands|0 fnt|[from] Recoil\n|faint|p1b: Iron Hands\n|-end|p1b: Iron Hands|Quark Drive|[silent]\n|\n|-weather|SunnyDay|[upkeep]\n|-sideend|p2: texastrill713|move: Tailwind\n|upkeep\n|c|\u2606texastrill713|Today lol\n|inactive|Battle timer is ON: inactive players will automatically lose when time's up. (requested by texastrill713)\n|inactive|RichardTheSlayer has 60 seconds left.\n|inactive|RichardTheSlayer has 30 seconds left.\n|inactive|RichardTheSlayer has 20 seconds left.\n|inactive|RichardTheSlayer has 15 seconds left.\n|inactive|RichardTheSlayer has 10 seconds left.\n|inactive|RichardTheSlayer has 5 seconds left.\n|\n|t:|1699678404\n|switch|p2b: Tornadus|Tornadus, L50, M|100\/100\n|switch|p1b: Torkoal|Torkoal, L50, F|47\/100\n|turn|5\n|inactive|RichardTheSlayer has 30 seconds left.\n|inactive|RichardTheSlayer has 20 seconds left.\n|inactive|RichardTheSlayer has 15 seconds left.\n|inactive|RichardTheSlayer has 10 seconds left.\n|inactive|RichardTheSlayer has 5 seconds left.\n|\n|t:|1699678459\n|move|p2b: Tornadus|Air Slash|p1a: Farigiraf\n|-damage|p1a: Farigiraf|0 fnt\n|faint|p1a: Farigiraf\n|move|p2a: Landorus|Rock Slide|p1b: Torkoal\n|-supereffective|p1b: Torkoal\n|-damage|p1b: Torkoal|3\/100\n|cant|p1b: Torkoal|flinch\n|\n|-weather|SunnyDay|[upkeep]\n|upkeep\n|turn|6\n|inactive|RichardTheSlayer has 30 seconds left.\n|inactive|RichardTheSlayer has 20 seconds left.\n|inactive|RichardTheSlayer has 15 seconds left.\n|inactive|RichardTheSlayer has 10 seconds left.\n|inactive|RichardTheSlayer has 5 seconds left.\n|\n|t:|1699678514\n|move|p2b: Tornadus|Air Slash|p1b: Torkoal\n|-damage|p1b: Torkoal|0 fnt\n|faint|p1b: Torkoal\n|\n|win|texastrill713\n|raw|RichardTheSlayer's rating: 1353 &rarr; <strong>1327<\/strong><br \/>(-26 for losing)\n|raw|texastrill713's rating: 1246 &rarr; <strong>1278<\/strong><br \/>(+32 for winning)\n","uploadtime":1699678054,"views":16,"p1id":"richardtheslayer","p2id":"texastrill713","formatid":"gen9vgc2023regulatione","rating":1278,"private":0,"password":""}