{"id":"gen9vgc2023regulatione-1999584830","p1":"AbuzzTax","p2":"beelzebruno","format":"[Gen 9] VGC 2023 Regulation E","log":"|j|\u2606AbuzzTax\n|j|\u2606beelzebruno\n|t:|1701098590\n|gametype|doubles\n|player|p1|AbuzzTax|lucas|1189\n|player|p2|beelzebruno|169|1096\n|teamsize|p1|6\n|teamsize|p2|6\n|gen|9\n|tier|[Gen 9] VGC 2023 Regulation E\n|rated|\n|rule|Species Clause: Limit one of each Pok\u00e9mon\n|rule|Item Clause: Limit one of each item\n|clearpoke\n|poke|p1|Ogerpon-Wellspring, L50, F|\n|poke|p1|Landorus-Therian, L50, M|\n|poke|p1|Iron Hands, L50|\n|poke|p1|Cresselia, L50, F|\n|poke|p1|Heatran, L50, M|\n|poke|p1|Flutter Mane, L50|\n|poke|p2|Umbreon, L50, F|\n|poke|p2|Indeedee-F, L50, F|\n|poke|p2|Cresselia, L50, F|\n|poke|p2|Grimmsnarl, L50, M|\n|poke|p2|Glimmora, L50, M|\n|poke|p2|Arcanine-Hisui, L50, F|\n|teampreview|4\n|inactive|Battle timer is ON: inactive players will automatically lose when time's up. (requested by AbuzzTax)\nAbuzzTax rejected open team sheets.\n|\n|t:|1701098609\n|start\n|switch|p1a: Landorus|Landorus-Therian, L50, M|100\/100\n|switch|p1b: Heatran|Heatran, L50, M|100\/100\n|switch|p2a: Umbreon|Umbreon, L50, F|100\/100\n|switch|p2b: Grimmsnarl|Grimmsnarl, L50, M|100\/100\n|-ability|p1a: Landorus|Intimidate|boost\n|-unboost|p2a: Umbreon|atk|1\n|-unboost|p2b: Grimmsnarl|atk|1\n|turn|1\n|\n|t:|1701098633\n|switch|p1a: Iron Hands|Iron Hands, L50|100\/100\n|move|p2b: Grimmsnarl|Parting Shot|p1a: Iron Hands\n|-unboost|p1a: Iron Hands|atk|1\n|-unboost|p1a: Iron Hands|spa|1\n|\n|t:|1701098639\n|switch|p2b: Indeedee|Indeedee-F, L50, F|100\/100|[from] Parting Shot\n|-fieldstart|move: Psychic Terrain|[from] ability: Psychic Surge|[of] p2b: Indeedee\n|-enditem|p2a: Umbreon|Psychic Seed\n|-boost|p2a: Umbreon|spd|1|[from] item: Psychic Seed\n|move|p1b: Heatran|Flash Cannon|p2b: Indeedee\n|-damage|p2b: Indeedee|50\/100\n|-damage|p1b: Heatran|91\/100|[from] item: Life Orb\n|move|p2a: Umbreon|Curse|p2a: Umbreon\n|-unboost|p2a: Umbreon|spe|1\n|-boost|p2a: Umbreon|atk|1\n|-boost|p2a: Umbreon|def|1\n|\n|-heal|p2b: Indeedee|57\/100|[from] item: Leftovers\n|upkeep\n|turn|2\n|inactive|AbuzzTax has 30 seconds left.\n|inactive|beelzebruno has 30 seconds left.\n|\n|t:|1701098668\n|move|p1b: Heatran|Flamethrower|p2b: Indeedee\n|-damage|p2b: Indeedee|0 fnt\n|faint|p2b: Indeedee\n|-damage|p1b: Heatran|82\/100|[from] item: Life Orb\n|move|p1a: Iron Hands|Drain Punch|p2a: Umbreon\n|-supereffective|p2a: Umbreon\n|-damage|p2a: Umbreon|76\/100\n|move|p2a: Umbreon|Curse|p2a: Umbreon\n|-unboost|p2a: Umbreon|spe|1\n|-boost|p2a: Umbreon|atk|1\n|-boost|p2a: Umbreon|def|1\n|\n|upkeep\n|\n|t:|1701098682\n|switch|p2b: Cresselia|Cresselia, L50, F|100\/100\n|turn|3\n|\n|t:|1701098695\n|-terastallize|p2a: Umbreon|Electric\n|move|p1b: Heatran|Flamethrower|p2a: Umbreon\n|-damage|p2a: Umbreon|46\/100\n|-damage|p1b: Heatran|72\/100|[from] item: Life Orb\n|move|p2b: Cresselia|Skill Swap|p2a: Umbreon\n|-activate|p2b: Cresselia|move: Skill Swap|||[of] p2a: Umbreon\n|move|p1a: Iron Hands|Drain Punch|p2a: Umbreon\n|-crit|p2a: Umbreon\n|-damage|p2a: Umbreon|6\/100\n|move|p2a: Umbreon|Calm Mind|p2a: Umbreon\n|-boost|p2a: Umbreon|spa|1\n|-boost|p2a: Umbreon|spd|1\n|\n|upkeep\n|turn|4\n|inactive|AbuzzTax has 30 seconds left.\n|inactive|beelzebruno has 30 seconds left.\n|\n|t:|1701098729\n|-end|p1a: Iron Hands|Quark Drive|[silent]\n|switch|p1a: Flutter Mane|Flutter Mane, L50|100\/100\n|-enditem|p1a: Flutter Mane|Booster Energy\n|-activate|p1a: Flutter Mane|ability: Protosynthesis|[fromitem]\n|-start|p1a: Flutter Mane|protosynthesisspa\n|move|p1b: Heatran|Protect|p1b: Heatran\n|-singleturn|p1b: Heatran|Protect\n|move|p2b: Cresselia|Lunar Blessing|p2b: Cresselia|[spread] p2a,p2b\n|-heal|p2a: Umbreon|31\/100\n|move|p2a: Umbreon|Curse|p2a: Umbreon\n|-unboost|p2a: Umbreon|spe|1\n|-boost|p2a: Umbreon|atk|1\n|-boost|p2a: Umbreon|def|1\n|\n|upkeep\n|turn|5\n|inactive|beelzebruno has 30 seconds left.\n|\n|t:|1701098756\n|-end|p1a: Flutter Mane|Protosynthesis|[silent]\n|switch|p1a: Iron Hands|Iron Hands, L50|100\/100\n|move|p1b: Heatran|Flamethrower|p2a: Umbreon\n|-damage|p2a: Umbreon|9\/100\n|-damage|p1b: Heatran|63\/100|[from] item: Life Orb\n|move|p2b: Cresselia|Lunar Blessing|p2b: Cresselia|[spread] p2a,p2b\n|-heal|p2a: Umbreon|34\/100\n|move|p2a: Umbreon|Snarl|p1a: Iron Hands|[spread] p1a,p1b\n|-resisted|p1a: Iron Hands\n|-damage|p1a: Iron Hands|97\/100\n|-damage|p1b: Heatran|50\/100\n|-unboost|p1a: Iron Hands|spa|1\n|-unboost|p1b: Heatran|spa|1\n|\n|-fieldend|move: Psychic Terrain\n|upkeep\n|turn|6\n|inactive|beelzebruno has 30 seconds left.\n|\n|t:|1701098783\n|move|p1a: Iron Hands|Fake Out|p2a: Umbreon\n|-damage|p2a: Umbreon|30\/100\n|move|p1b: Heatran|Flamethrower|p2a: Umbreon\n|-damage|p2a: Umbreon|14\/100\n|-damage|p1b: Heatran|41\/100|[from] item: Life Orb\n|move|p2b: Cresselia|Lunar Blessing|p2b: Cresselia|[spread] p2a,p2b\n|-heal|p2a: Umbreon|39\/100\n|cant|p2a: Umbreon|flinch\n|\n|upkeep\n|turn|7\n|\n|t:|1701098801\n|move|p1b: Heatran|Flamethrower|p2a: Umbreon\n|-damage|p2a: Umbreon|23\/100\n|-damage|p1b: Heatran|31\/100|[from] item: Life Orb\n|move|p2b: Cresselia|Lunar Blessing|p2b: Cresselia|[spread] p2a,p2b\n|-heal|p2a: Umbreon|49\/100\n|move|p1a: Iron Hands|Drain Punch|p2a: Umbreon\n|-damage|p2a: Umbreon|37\/100\n|-heal|p1a: Iron Hands|100\/100|[from] drain|[of] p2a: Umbreon\n|move|p2a: Umbreon|Curse|p2a: Umbreon\n|-unboost|p2a: Umbreon|spe|1\n|-boost|p2a: Umbreon|atk|1\n|-boost|p2a: Umbreon|def|1\n|\n|upkeep\n|turn|8\n|inactive|AbuzzTax has 30 seconds left.\n|\n|t:|1701098834\n|switch|p1b: Flutter Mane|Flutter Mane, L50|100\/100\n|move|p2b: Cresselia|Lunar Blessing|p2b: Cresselia|[spread] p2a,p2b\n|-heal|p2a: Umbreon|62\/100\n|move|p1a: Iron Hands|Drain Punch|p2a: Umbreon\n|-damage|p2a: Umbreon|51\/100\n|move|p2a: Umbreon|Snarl|p1a: Iron Hands|[spread] p1a,p1b\n|-resisted|p1a: Iron Hands\n|-damage|p1a: Iron Hands|97\/100\n|-damage|p1b: Flutter Mane|85\/100\n|-unboost|p1a: Iron Hands|spa|1\n|-unboost|p1b: Flutter Mane|spa|1\n|\n|upkeep\n|turn|9\n|\n|t:|1701098857\n|move|p1b: Flutter Mane|Dazzling Gleam|p2a: Umbreon|[spread] p2a,p2b\n|-damage|p2a: Umbreon|45\/100\n|-damage|p2b: Cresselia|87\/100\n|move|p2b: Cresselia|Lunar Blessing|p2b: Cresselia|[spread] p2a,p2b\n|-heal|p2a: Umbreon|70\/100\n|-heal|p2b: Cresselia|100\/100\n|move|p1a: Iron Hands|Drain Punch|p2a: Umbreon\n|-damage|p2a: Umbreon|60\/100\n|-heal|p1a: Iron Hands|100\/100|[from] drain|[of] p2a: Umbreon\n|move|p2a: Umbreon|Calm Mind|p2a: Umbreon\n|-boost|p2a: Umbreon|spa|1\n|-boost|p2a: Umbreon|spd|1\n|\n|upkeep\n|turn|10\n|inactive|beelzebruno has 30 seconds left.\n|\n|t:|1701098882\n|move|p1b: Flutter Mane|Shadow Ball|p2b: Cresselia\n|-supereffective|p2b: Cresselia\n|-damage|p2b: Cresselia|62\/100\n|move|p2b: Cresselia|Lunar Blessing|p2b: Cresselia|[spread] p2a,p2b\n|-heal|p2a: Umbreon|85\/100\n|-heal|p2b: Cresselia|87\/100\n|move|p1a: Iron Hands|Drain Punch|p2a: Umbreon\n|-damage|p2a: Umbreon|75\/100\n|move|p2a: Umbreon|Toxic|p1a: Iron Hands|[miss]\n|-miss|p2a: Umbreon|p1a: Iron Hands\n|\n|upkeep\n|turn|11\n|\n|t:|1701098904\n|move|p1b: Flutter Mane|Shadow Ball|p2b: Cresselia\n|-supereffective|p2b: Cresselia\n|-damage|p2b: Cresselia|53\/100\n|move|p1a: Iron Hands|Drain Punch|p2a: Umbreon\n|-damage|p2a: Umbreon|66\/100\n|move|p2a: Umbreon|Snarl|p1a: Iron Hands|[spread] p1a,p1b\n|-resisted|p1a: Iron Hands\n|-damage|p1a: Iron Hands|95\/100\n|-damage|p1b: Flutter Mane|68\/100\n|-unboost|p1a: Iron Hands|spa|1\n|-unboost|p1b: Flutter Mane|spa|1\n|move|p2b: Cresselia|Trick Room|p2b: Cresselia\n|-fieldstart|move: Trick Room|[of] p2b: Cresselia\n|\n|upkeep\n|turn|12\n|\n|t:|1701098922\n|move|p2a: Umbreon|Toxic|p1a: Iron Hands\n|-status|p1a: Iron Hands|tox\n|move|p1a: Iron Hands|Heavy Slam|p2a: Umbreon\n|-resisted|p2a: Umbreon\n|-damage|p2a: Umbreon|61\/100\n|move|p2b: Cresselia|Lunar Blessing|p2b: Cresselia|[spread] p2a,p2b\n|-heal|p2a: Umbreon|86\/100\n|-heal|p2b: Cresselia|78\/100\n|move|p1b: Flutter Mane|Dazzling Gleam|p2b: Cresselia|[spread] p2a,p2b\n|-damage|p2a: Umbreon|81\/100\n|-damage|p2b: Cresselia|67\/100\n|\n|-damage|p1a: Iron Hands|89\/100 tox|[from] psn\n|upkeep\n|turn|13\n|\n|t:|1701098943\n|switch|p2b: Grimmsnarl|Grimmsnarl, L50, M|100\/100\n|move|p2a: Umbreon|Calm Mind|p2a: Umbreon\n|-boost|p2a: Umbreon|spa|1\n|-boost|p2a: Umbreon|spd|1\n|move|p1a: Iron Hands|Drain Punch|p2a: Umbreon\n|-damage|p2a: Umbreon|71\/100\n|-heal|p1a: Iron Hands|93\/100 tox|[from] drain|[of] p2a: Umbreon\n|move|p1b: Flutter Mane|Shadow Ball|p2b: Grimmsnarl\n|-resisted|p2b: Grimmsnarl\n|-damage|p2b: Grimmsnarl|89\/100\n|\n|-damage|p1a: Iron Hands|81\/100 tox|[from] psn\n|upkeep\n|turn|14\n|\n|t:|1701098962\n|-end|p1b: Flutter Mane|Protosynthesis|[silent]\n|switch|p1b: Heatran|Heatran, L50, M|31\/100\n|move|p2b: Grimmsnarl|Reflect|p2b: Grimmsnarl\n|-sidestart|p2: beelzebruno|Reflect\n|move|p2a: Umbreon|Snarl|p1a: Iron Hands|[spread] p1a,p1b\n|-resisted|p1a: Iron Hands\n|-crit|p1b: Heatran\n|-damage|p1a: Iron Hands|74\/100 tox\n|-damage|p1b: Heatran|0 fnt\n|-unboost|p1a: Iron Hands|spa|1\n|faint|p1b: Heatran\n|move|p1a: Iron Hands|Drain Punch|p2a: Umbreon\n|-damage|p2a: Umbreon|64\/100\n|-heal|p1a: Iron Hands|77\/100 tox|[from] drain|[of] p2a: Umbreon\n|\n|-damage|p1a: Iron Hands|59\/100 tox|[from] psn\n|upkeep\n|\n|t:|1701098975\n|switch|p1b: Flutter Mane|Flutter Mane, L50|68\/100\n|turn|15\n|\n|t:|1701098980\n|-end|p1b: Flutter Mane|Protosynthesis|[silent]\n|switch|p1b: Landorus|Landorus-Therian, L50, M|100\/100\n|-ability|p1b: Landorus|Intimidate|boost\n|-unboost|p2a: Umbreon|atk|1\n|-unboost|p2b: Grimmsnarl|atk|1\n|move|p2b: Grimmsnarl|Light Screen|p2b: Grimmsnarl\n|-sidestart|p2: beelzebruno|move: Light Screen\n|move|p2a: Umbreon|Snarl|p1a: Iron Hands|[spread] p1a,p1b\n|-resisted|p1a: Iron Hands\n|-crit|p1b: Landorus\n|-damage|p1a: Iron Hands|52\/100 tox\n|-damage|p1b: Landorus|59\/100\n|-unboost|p1a: Iron Hands|spa|1\n|-unboost|p1b: Landorus|spa|1\n|move|p1a: Iron Hands|Drain Punch|p2a: Umbreon\n|-damage|p2a: Umbreon|58\/100\n|-heal|p1a: Iron Hands|55\/100 tox|[from] drain|[of] p2a: Umbreon\n|\n|-damage|p1a: Iron Hands|30\/100 tox|[from] psn\n|-fieldend|move: Trick Room\n|upkeep\n|turn|16\n|inactive|beelzebruno has 30 seconds left.\n|\n|t:|1701099007\n|move|p2b: Grimmsnarl|Parting Shot|p1b: Landorus\n|-unboost|p1b: Landorus|atk|1\n|-unboost|p1b: Landorus|spa|1\n|\n|t:|1701099011\n|switch|p2b: Cresselia|Cresselia, L50, F|67\/100|[from] Parting Shot\n|move|p1b: Landorus|Stomping Tantrum|p2a: Umbreon\n|-immune|p2a: Umbreon|[from] ability: Levitate\n|move|p1a: Iron Hands|Heavy Slam|p2b: Cresselia\n|-damage|p2b: Cresselia|51\/100\n|move|p2a: Umbreon|Curse|p2a: Umbreon\n|-unboost|p2a: Umbreon|spe|1\n|-boost|p2a: Umbreon|atk|1\n|-boost|p2a: Umbreon|def|1\n|\n|-damage|p1a: Iron Hands|0 fnt|[from] psn\n|faint|p1a: Iron Hands\n|-end|p1a: Iron Hands|Quark Drive|[silent]\n|upkeep\n|-message|AbuzzTax forfeited.\n|\n|win|beelzebruno\n|raw|AbuzzTax's rating: 1189 &rarr; <strong>1157<\/strong><br \/>(-32 for losing)\n|raw|beelzebruno's rating: 1096 &rarr; <strong>1128<\/strong><br \/>(+32 for winning)\n|l|\u2606AbuzzTax\n","uploadtime":1701099027,"views":12,"p1id":"abuzztax","p2id":"beelzebruno","formatid":"gen9vgc2023regulatione","rating":1128,"private":0,"password":""}