{"id":"gen9vgc2023regulatione-1992551546","p1":"averagerandbats","p2":"dsmooth_supprise","format":"[Gen 9] VGC 2023 Regulation E","log":"|j|\u2606averagerandbats\n|j|\u2606dsmooth_supprise\n|t:|1700204251\n|gametype|doubles\n|player|p1|averagerandbats|janitor|1196\n|player|p2|dsmooth_supprise|n|1126\n|teamsize|p1|6\n|teamsize|p2|6\n|gen|9\n|tier|[Gen 9] VGC 2023 Regulation E\n|rated|\n|rule|Species Clause: Limit one of each Pok\u00e9mon\n|rule|Item Clause: Limit one of each item\n|clearpoke\n|poke|p1|Zapdos, L50|\n|poke|p1|Arcanine-Hisui, L50, F|\n|poke|p1|Urshifu-*, L50, F|\n|poke|p1|Rillaboom, L50, M|\n|poke|p1|Gholdengo, L50|\n|poke|p1|Ogerpon-Wellspring, L50, F|\n|poke|p2|Sneasler, L50, M|\n|poke|p2|Indeedee-F, L50, F|\n|poke|p2|Armarouge, L50, F|\n|poke|p2|Urshifu-*, L50, M|\n|poke|p2|Chien-Pao, L50|\n|poke|p2|Tornadus, L50, M|\n|teampreview|4\n|\n|t:|1700204283\n|start\n|switch|p1a: Zapdos|Zapdos, L50|100\/100\n|switch|p1b: Arcanine|Arcanine-Hisui, L50, F|100\/100\n|switch|p2a: Tornadus|Tornadus, L50, M|100\/100\n|switch|p2b: Urshifu|Urshifu-Rapid-Strike, L50, M|100\/100\n|-ability|p1b: Arcanine|Intimidate|boost\n|-unboost|p2a: Tornadus|atk|1\n|-unboost|p2b: Urshifu|atk|1\n|turn|1\n|\n|t:|1700204299\n|-terastallize|p1b: Arcanine|Fairy\n|move|p2a: Tornadus|Tailwind|p2a: Tornadus\n|-sidestart|p2: dsmooth_supprise|move: Tailwind\n|move|p2b: Urshifu|Surging Strikes|p1b: Arcanine\n|-crit|p1b: Arcanine\n|-damage|p1b: Arcanine|78\/100\n|-crit|p1b: Arcanine\n|-damage|p1b: Arcanine|53\/100\n|-crit|p1b: Arcanine\n|-damage|p1b: Arcanine|31\/100\n|-hitcount|p1b: Arcanine|3\n|move|p1b: Arcanine|Tera Blast|p2b: Urshifu|[anim] Tera Blast Fairy\n|-supereffective|p2b: Urshifu\n|-damage|p2b: Urshifu|0 fnt\n|faint|p2b: Urshifu\n|move|p1a: Zapdos|Thunderbolt|p2a: Tornadus\n|-supereffective|p2a: Tornadus\n|-damage|p2a: Tornadus|0 fnt\n|faint|p2a: Tornadus\n|\n|upkeep\n|\n|t:|1700204312\n|switch|p2a: Indeedee|Indeedee-F, L50, F|100\/100\n|switch|p2b: Armarouge|Armarouge, L50, F|100\/100\n|-fieldstart|move: Psychic Terrain|[from] ability: Psychic Surge|[of] p2a: Indeedee\n|turn|2\n|\n|t:|1700204337\n|move|p2a: Indeedee|Helping Hand|p2b: Armarouge\n|-singleturn|p2b: Armarouge|Helping Hand|[of] p2a: Indeedee\n|move|p2b: Armarouge|Expanding Force|p1b: Arcanine|[spread] p1a,p1b\n|-damage|p1a: Zapdos|14\/100\n|-damage|p1b: Arcanine|0 fnt\n|faint|p1b: Arcanine\n|move|p1a: Zapdos|Rain Dance|p1a: Zapdos\n|-weather|RainDance\n|\n|-weather|RainDance|[upkeep]\n|upkeep\n|\n|t:|1700204365\n|switch|p1b: Urshifu|Urshifu-Rapid-Strike, L50, F|100\/100\n|turn|3\n|\n|t:|1700204381\n|move|p2a: Indeedee|Follow Me|p2a: Indeedee\n|-singleturn|p2a: Indeedee|move: Follow Me\n|move|p2b: Armarouge|Expanding Force|p1a: Zapdos|[spread] p1a,p1b\n|-supereffective|p1b: Urshifu\n|-damage|p1a: Zapdos|0 fnt\n|-damage|p1b: Urshifu|0 fnt\n|faint|p1a: Zapdos\n|faint|p1b: Urshifu\n|\n|-weather|RainDance|[upkeep]\n|upkeep\n|\n|t:|1700204394\n|switch|p1a: Ogerpon|Ogerpon-Wellspring, L50, F|100\/100\n|turn|4\n|c|\u2606dsmooth_supprise|indoodoo\n|c|\u2606averagerandbats|why so fast\n|c|\u2606dsmooth_supprise|tailwind\n|c|\u2606dsmooth_supprise|max speed\n|\n|t:|1700204426\n|move|p2a: Indeedee|Follow Me|p2a: Indeedee\n|-singleturn|p2a: Indeedee|move: Follow Me\n|move|p2b: Armarouge|Expanding Force|p1a: Ogerpon\n|-damage|p1a: Ogerpon|27\/100\n|move|p1a: Ogerpon|Ivy Cudgel|p2a: Indeedee|[anim] Ivy Cudgel Water\n|-damage|p2a: Indeedee|0 fnt\n|faint|p2a: Indeedee\n|\n|-weather|RainDance|[upkeep]\n|-sideend|p2: dsmooth_supprise|move: Tailwind\n|upkeep\n|turn|5\n|c|\u2606dsmooth_supprise|weak armor\n|c|\u2606averagerandbats|duh\n|\n|t:|1700204445\n|-terastallize|p2b: Armarouge|Grass\n|move|p2b: Armarouge|Expanding Force|p1a: Ogerpon\n|-damage|p1a: Ogerpon|0 fnt\n|faint|p1a: Ogerpon\n|\n|win|dsmooth_supprise\n|raw|averagerandbats's rating: 1196 &rarr; <strong>1166<\/strong><br \/>(-30 for losing)\n|raw|dsmooth_supprise's rating: 1126 &rarr; <strong>1156<\/strong><br \/>(+30 for winning)\n|c|\u2606averagerandbats|gg\n|c|\u2606dsmooth_supprise|ggwp\n","uploadtime":1700204465,"views":10,"p1id":"averagerandbats","p2id":"dsmoothsupprise","formatid":"gen9vgc2023regulatione","rating":1156,"private":0,"password":""}