{"id":"gen9vgc2023regulatione-1990099471","p1":"Vinlac12","p2":"Tutkan","format":"[Gen 9] VGC 2023 Regulation E","log":"|j|\u2606Vinlac12\n|j|\u2606Tutkan\n|t:|1699924459\n|gametype|doubles\n|player|p1|Vinlac12|clown|1259\n|player|p2|Tutkan|lucas|1306\n|teamsize|p1|6\n|teamsize|p2|6\n|gen|9\n|tier|[Gen 9] VGC 2023 Regulation E\n|rated|\n|rule|Species Clause: Limit one of each Pok\u00e9mon\n|rule|Item Clause: Limit one of each item\n|clearpoke\n|poke|p1|Scream Tail, L50|\n|poke|p1|Arcanine, L50, M|\n|poke|p1|Amoonguss, L50, M|\n|poke|p1|Gothitelle, L50, M|\n|poke|p1|Iron Hands, L50|\n|poke|p1|Flutter Mane, L50|\n|poke|p2|Heatran, L50, M|\n|poke|p2|Chien-Pao, L50|\n|poke|p2|Dragonite, L50, F|\n|poke|p2|Urshifu-*, L50, F|\n|poke|p2|Flutter Mane, L50|\n|poke|p2|Tornadus, L50, M|\n|teampreview|4\n|inactive|Battle timer is ON: inactive players will automatically lose when time's up. (requested by Tutkan)\n|\n|t:|1699924506\n|start\n|switch|p1a: Iron Hands|Iron Hands, L50|100\/100\n|switch|p1b: Flutter Mane|Flutter Mane, L50|100\/100\n|switch|p2a: Dragonite|Dragonite, L50, F|100\/100\n|switch|p2b: Chien-Pao|Chien-Pao, L50|100\/100\n|-ability|p2b: Chien-Pao|Sword of Ruin\n|-enditem|p1b: Flutter Mane|Booster Energy\n|-activate|p1b: Flutter Mane|ability: Protosynthesis|[fromitem]\n|-start|p1b: Flutter Mane|protosynthesisspe\n|turn|1\n|inactive|Tutkan has 30 seconds left.\n|\n|t:|1699924539\n|-terastallize|p1b: Flutter Mane|Fairy\n|-terastallize|p2a: Dragonite|Normal\n|move|p2b: Chien-Pao|Protect|p2b: Chien-Pao\n|-singleturn|p2b: Chien-Pao|Protect\n|move|p1a: Iron Hands|Fake Out|p2b: Chien-Pao\n|-activate|p2b: Chien-Pao|move: Protect\n|move|p1b: Flutter Mane|Dazzling Gleam|p2a: Dragonite|[spread] p2a\n|-activate|p2b: Chien-Pao|move: Protect\n|-damage|p2a: Dragonite|57\/100\n|move|p2a: Dragonite|Stomping Tantrum|p1a: Iron Hands\n|-supereffective|p1a: Iron Hands\n|-damage|p1a: Iron Hands|26\/100\n|\n|upkeep\n|turn|2\n|inactive|Vinlac12 has 30 seconds left.\n|inactive|Tutkan has 30 seconds left.\n|inactive|Vinlac12 has 20 seconds left.\n|inactive|Tutkan has 20 seconds left.\n|inactive|Tutkan has 15 seconds left.\n|\n|t:|1699924581\n|-end|p1a: Iron Hands|Quark Drive|[silent]\n|switch|p1a: Scream Tail|Scream Tail, L50|100\/100\n|move|p2b: Chien-Pao|Sucker Punch||[still]\n|-fail|p2b: Chien-Pao\n|move|p1b: Flutter Mane|Dazzling Gleam|p2b: Chien-Pao|[spread] p2a,p2b\n|-supereffective|p2b: Chien-Pao\n|-damage|p2a: Dragonite|18\/100\n|-enditem|p2b: Chien-Pao|Focus Sash\n|-damage|p2b: Chien-Pao|1\/100\n|move|p2a: Dragonite|Stomping Tantrum|p1a: Scream Tail\n|-damage|p1a: Scream Tail|56\/100\n|\n|upkeep\n|turn|3\n|inactive|Vinlac12 has 30 seconds left.\n|\n|t:|1699924611\n|move|p2b: Chien-Pao|Protect|p2b: Chien-Pao\n|-singleturn|p2b: Chien-Pao|Protect\n|move|p1b: Flutter Mane|Dazzling Gleam|p2b: Chien-Pao|[spread] p2a\n|-activate|p2b: Chien-Pao|move: Protect\n|-crit|p2a: Dragonite\n|-damage|p2a: Dragonite|0 fnt\n|faint|p2a: Dragonite\n|move|p1a: Scream Tail|Wish|p1a: Scream Tail\n|\n|upkeep\n|\n|t:|1699924620\n|switch|p2a: Heatran|Heatran, L50, M|100\/100\n|turn|4\n|\n|t:|1699924640\n|switch|p2b: Urshifu|Urshifu-Rapid-Strike, L50, F|100\/100\n|move|p1b: Flutter Mane|Protect|p1b: Flutter Mane\n|-singleturn|p1b: Flutter Mane|Protect\n|move|p1a: Scream Tail|Disable||[still]\n|-fail|p1a: Scream Tail\n|move|p2a: Heatran|Flash Cannon|p1b: Flutter Mane\n|-activate|p1b: Flutter Mane|move: Protect\n|\n|-heal|p1a: Scream Tail|100\/100|[from] move: Wish|[wisher] Scream Tail\n|upkeep\n|turn|5\n|inactive|Tutkan has 30 seconds left.\n|\n|t:|1699924665\n|-end|p1b: Flutter Mane|Protosynthesis|[silent]\n|switch|p1b: Gothitelle|Gothitelle, L50, M|100\/100\n|move|p2b: Urshifu|Surging Strikes|p1b: Gothitelle\n|-crit|p1b: Gothitelle\n|-damage|p1b: Gothitelle|77\/100\n|-crit|p1b: Gothitelle\n|-damage|p1b: Gothitelle|54\/100\n|-crit|p1b: Gothitelle\n|-damage|p1b: Gothitelle|33\/100\n|-hitcount|p1b: Gothitelle|3\n|move|p1a: Scream Tail|Perish Song|p1a: Scream Tail\n|-start|p1a: Scream Tail|perish3|[silent]\n|-start|p1b: Gothitelle|perish3|[silent]\n|-start|p2a: Heatran|perish3|[silent]\n|-start|p2b: Urshifu|perish3|[silent]\n|-fieldactivate|move: Perish Song\n|move|p2a: Heatran|Heat Wave|p1a: Scream Tail|[spread] p1a,p1b\n|-damage|p1a: Scream Tail|78\/100\n|-damage|p1b: Gothitelle|3\/100\n|-enditem|p1b: Gothitelle|Iapapa Berry|[eat]\n|-heal|p1b: Gothitelle|36\/100|[from] item: Iapapa Berry\n|\n|-start|p2b: Urshifu|perish3\n|-start|p1a: Scream Tail|perish3\n|-start|p2a: Heatran|perish3\n|-start|p1b: Gothitelle|perish3\n|upkeep\n|turn|6\n|inactive|Tutkan has 30 seconds left.\n|inactive|Tutkan has 20 seconds left.\n|\n|t:|1699924705\n|move|p1b: Gothitelle|Fake Out|p2b: Urshifu\n|-damage|p2b: Urshifu|96\/100\n|cant|p2b: Urshifu|flinch\n|move|p1a: Scream Tail|Wish|p1a: Scream Tail\n|move|p2a: Heatran|Heat Wave|p1a: Scream Tail|[spread] p1a,p1b\n|-damage|p1a: Scream Tail|57\/100\n|-damage|p1b: Gothitelle|8\/100\n|\n|-start|p2b: Urshifu|perish2\n|-start|p1a: Scream Tail|perish2\n|-start|p2a: Heatran|perish2\n|-start|p1b: Gothitelle|perish2\n|upkeep\n|turn|7\n|inactive|Vinlac12 has 30 seconds left.\n|\n|t:|1699924736\n|move|p1b: Gothitelle|Protect|p1b: Gothitelle\n|-singleturn|p1b: Gothitelle|Protect\n|move|p2b: Urshifu|Surging Strikes|p1b: Gothitelle\n|-crit|p1b: Gothitelle\n|-damage|p1b: Gothitelle|0 fnt\n|faint|p1b: Gothitelle\n|-hitcount|p1: Gothitelle|1\n|move|p1a: Scream Tail|Disable|p2a: Heatran\n|-start|p2a: Heatran|Disable|Heat Wave\n|move|p2a: Heatran|Flash Cannon|p1a: Scream Tail\n|-supereffective|p1a: Scream Tail\n|-damage|p1a: Scream Tail|8\/100\n|-enditem|p1a: Scream Tail|Sitrus Berry|[eat]\n|-heal|p1a: Scream Tail|33\/100|[from] item: Sitrus Berry\n|\n|-heal|p1a: Scream Tail|83\/100|[from] move: Wish|[wisher] Scream Tail\n|-start|p2b: Urshifu|perish1\n|-start|p1a: Scream Tail|perish1\n|-start|p2a: Heatran|perish1\n|upkeep\n|\n|t:|1699924754\n|switch|p1b: Iron Hands|Iron Hands, L50|26\/100\n|turn|8\n|inactive|Vinlac12 has 30 seconds left.\n|inactive|Tutkan has 30 seconds left.\n|inactive|Vinlac12 has 20 seconds left.\n|\n|t:|1699924793\n|switch|p2a: Chien-Pao|Chien-Pao, L50|1\/100\n|-ability|p2a: Chien-Pao|Sword of Ruin\n|move|p1b: Iron Hands|Fake Out|p2b: Urshifu\n|-damage|p2b: Urshifu|77\/100\n|cant|p2b: Urshifu|flinch\n|move|p1a: Scream Tail|Disable|p2b: Urshifu\n|-start|p2b: Urshifu|Disable|Surging Strikes\n|\n|-start|p2b: Urshifu|perish0\n|-start|p1a: Scream Tail|perish0\n|upkeep\n|faint|p2b: Urshifu\n|faint|p1a: Scream Tail\n|-end|p1a: Scream Tail|Protosynthesis|[silent]\n|\n|t:|1699924806\n|switch|p2b: Heatran|Heatran, L50, M|100\/100\n|switch|p1a: Flutter Mane|Flutter Mane, L50, tera:Fairy|100\/100\n|turn|9\n|\n|t:|1699924820\n|move|p2a: Chien-Pao|Ice Spinner|p1b: Iron Hands\n|-damage|p1b: Iron Hands|0 fnt\n|faint|p1b: Iron Hands\n|-end|p1b: Iron Hands|Quark Drive|[silent]\n|move|p1a: Flutter Mane|Dazzling Gleam|p2a: Chien-Pao|[spread] p2a,p2b\n|-supereffective|p2a: Chien-Pao\n|-resisted|p2b: Heatran\n|-damage|p2a: Chien-Pao|0 fnt\n|-damage|p2b: Heatran|94\/100\n|faint|p2a: Chien-Pao\n|move|p2b: Heatran|Flash Cannon|p1a: Flutter Mane\n|-supereffective|p1a: Flutter Mane\n|-damage|p1a: Flutter Mane|11\/100\n|\n|upkeep\n|turn|10\n|\n|t:|1699924832\n|move|p1a: Flutter Mane|Shadow Ball|p2b: Heatran\n|-damage|p2b: Heatran|69\/100\n|move|p2b: Heatran|Flash Cannon|p1a: Flutter Mane\n|-supereffective|p1a: Flutter Mane\n|-damage|p1a: Flutter Mane|0 fnt\n|faint|p1a: Flutter Mane\n|-end|p1a: Flutter Mane|Protosynthesis|[silent]\n|\n|win|Tutkan\n|raw|Vinlac12's rating: 1259 &rarr; <strong>1237<\/strong><br \/>(-22 for losing)\n|raw|Tutkan's rating: 1306 &rarr; <strong>1323<\/strong><br \/>(+17 for winning)\n|l|\u2606Vinlac12\n","uploadtime":1699924841,"views":15,"p1id":"vinlac12","p2id":"tutkan","formatid":"gen9vgc2023regulatione","rating":1237,"private":0,"password":""}