{"id":"gen9vgc2023regulatione-1993530960","p1":"tt11823","p2":"Trainer_1nferno","format":"[Gen 9] VGC 2023 Regulation E","log":"|j|\u2606tt11823\n|j|\u203dTrainer_1nferno\n|t:|1700328626\n|gametype|doubles\n|player|p1|tt11823|waiter-gen9|1343\n|player|p2|Trainer_1nferno|2|1320\n|teamsize|p1|6\n|teamsize|p2|6\n|gen|9\n|tier|[Gen 9] VGC 2023 Regulation E\n|rated|\n|rule|Species Clause: Limit one of each Pok\u00e9mon\n|rule|Item Clause: Limit one of each item\n|clearpoke\n|poke|p1|Heatran, L50, F|\n|poke|p1|Iron Hands, L50|\n|poke|p1|Sinistcha, L50|\n|poke|p1|Goodra-Hisui, L50, F|\n|poke|p1|Urshifu-*, L50, M|\n|poke|p1|Tornadus, L50, M|\n|poke|p2|Chi-Yu, L50|\n|poke|p2|Ogerpon-Wellspring, L50, F|\n|poke|p2|Clefairy, L50, F|\n|poke|p2|Gholdengo, L50|\n|poke|p2|Landorus-Therian, L50, M|\n|poke|p2|Flutter Mane, L50|\n|teampreview|4\nTrainer_1nferno has agreed to open team sheets.\n|\n|t:|1700328759\n|start\n|switch|p1a: Tornadus|Tornadus, L50, M|100\/100\n|switch|p1b: Goodra|Goodra-Hisui, L50, F|100\/100\n|switch|p2a: Ogerpon|Ogerpon-Wellspring, L50, F|100\/100\n|switch|p2b: Gholdengo|Gholdengo, L50|100\/100\n|turn|1\n|\n|t:|1700328804\n|switch|p2a: Landorus|Landorus-Therian, L50, M|100\/100\n|-ability|p2a: Landorus|Intimidate|boost\n|-unboost|p1a: Tornadus|atk|1\n|-unboost|p1b: Goodra|atk|1\n|move|p1a: Tornadus|Bleakwind Storm|p2a: Landorus|[spread] p2a,p2b\n|-resisted|p2b: Gholdengo\n|-damage|p2a: Landorus|59\/100\n|-damage|p2b: Gholdengo|85\/100\n|-unboost|p2a: Landorus|spe|1\n|-unboost|p2b: Gholdengo|spe|1\n|move|p1b: Goodra|Shelter|p1b: Goodra\n|-boost|p1b: Goodra|def|2\n|move|p2b: Gholdengo|Nasty Plot|p2b: Gholdengo\n|-boost|p2b: Gholdengo|spa|2\n|\n|-heal|p2b: Gholdengo|91\/100|[from] item: Leftovers\n|upkeep\n|turn|2\n|\n|t:|1700328823\n|move|p1a: Tornadus|Icy Wind|p2a: Landorus|[spread] p2a,p2b\n|-supereffective|p2a: Landorus\n|-resisted|p2b: Gholdengo\n|-damage|p2a: Landorus|0 fnt\n|-damage|p2b: Gholdengo|86\/100\n|-unboost|p2b: Gholdengo|spe|1\n|faint|p2a: Landorus\n|move|p1b: Goodra|Life Dew||[still]|[still]|[spread] \n|-fail|p1a: Tornadus|heal\n|-fail|p1b: Goodra|heal\n|move|p2b: Gholdengo|Nasty Plot|p2b: Gholdengo\n|-boost|p2b: Gholdengo|spa|2\n|\n|-heal|p2b: Gholdengo|92\/100|[from] item: Leftovers\n|upkeep\n|\n|t:|1700328840\n|switch|p2a: Ogerpon|Ogerpon-Wellspring, L50, F|100\/100\n|turn|3\n|\n|t:|1700328853\n|move|p1a: Tornadus|Protect|p1a: Tornadus\n|-singleturn|p1a: Tornadus|Protect\n|move|p2a: Ogerpon|Spiky Shield|p2a: Ogerpon\n|-singleturn|p2a: Ogerpon|move: Protect\n|move|p1b: Goodra|Body Press|p2a: Ogerpon\n|-activate|p2a: Ogerpon|move: Protect\n|-damage|p1b: Goodra|88\/100|[from] Spiky Shield|[of] p2a: Ogerpon\n|move|p2b: Gholdengo|Make It Rain|p1b: Goodra|[spread] p1b\n|-activate|p1a: Tornadus|move: Protect\n|-resisted|p1b: Goodra\n|-damage|p1b: Goodra|46\/100\n|-unboost|p2b: Gholdengo|spa|1\n|\n|-heal|p2b: Gholdengo|98\/100|[from] item: Leftovers\n|upkeep\n|turn|4\n|\n|t:|1700328876\n|move|p1a: Tornadus|Bleakwind Storm|p2b: Gholdengo|[spread] p2a,p2b\n|-supereffective|p2a: Ogerpon\n|-resisted|p2b: Gholdengo\n|-damage|p2a: Ogerpon|38\/100\n|-damage|p2b: Gholdengo|81\/100\n|-unboost|p2a: Ogerpon|spe|1\n|-unboost|p2b: Gholdengo|spe|1\n|move|p2a: Ogerpon|Ivy Cudgel|p1a: Tornadus|[anim] Ivy Cudgel Water\n|-crit|p1a: Tornadus\n|-damage|p1a: Tornadus|5\/100\n|move|p1b: Goodra|Body Press|p2a: Ogerpon\n|-damage|p2a: Ogerpon|0 fnt\n|faint|p2a: Ogerpon\n|move|p2b: Gholdengo|Make It Rain|p1a: Tornadus|[spread] p1a,p1b\n|-resisted|p1b: Goodra\n|-damage|p1a: Tornadus|0 fnt\n|-damage|p1b: Goodra|8\/100\n|-unboost|p2b: Gholdengo|spa|1\n|faint|p1a: Tornadus\n|\n|-heal|p2b: Gholdengo|87\/100|[from] item: Leftovers\n|upkeep\n|\n|t:|1700328896\n|switch|p1a: Iron Hands|Iron Hands, L50|100\/100\n|switch|p2a: Flutter Mane|Flutter Mane, L50|100\/100\n|-enditem|p2a: Flutter Mane|Booster Energy\n|-activate|p2a: Flutter Mane|ability: Protosynthesis|[fromitem]\n|-start|p2a: Flutter Mane|protosynthesisspe\n|turn|5\n|\n|t:|1700328924\n|move|p2a: Flutter Mane|Protect|p2a: Flutter Mane\n|-singleturn|p2a: Flutter Mane|Protect\n|move|p1b: Goodra|Heavy Slam|p2a: Flutter Mane\n|-activate|p2a: Flutter Mane|move: Protect\n|move|p1a: Iron Hands|Wild Charge|p2a: Flutter Mane\n|-activate|p2a: Flutter Mane|move: Protect\n|move|p2b: Gholdengo|Make It Rain|p1a: Iron Hands|[spread] p1a,p1b\n|-resisted|p1a: Iron Hands\n|-resisted|p1b: Goodra\n|-damage|p1a: Iron Hands|79\/100\n|-damage|p1b: Goodra|0 fnt\n|-unboost|p2b: Gholdengo|spa|1\n|faint|p1b: Goodra\n|\n|-heal|p2b: Gholdengo|94\/100|[from] item: Leftovers\n|upkeep\n|\n|t:|1700328927\n|switch|p1b: Urshifu|Urshifu-Rapid-Strike, L50, M|100\/100\n|turn|6\n|\n|t:|1700328967\n|-terastallize|p2a: Flutter Mane|Fairy\n|-terastallize|p1b: Urshifu|Water\n|move|p2a: Flutter Mane|Dazzling Gleam|p1a: Iron Hands|[spread] p1a,p1b\n|-supereffective|p1a: Iron Hands\n|-damage|p1a: Iron Hands|40\/100\n|-damage|p1b: Urshifu|42\/100\n|move|p1b: Urshifu|Surging Strikes|p2b: Gholdengo\n|-crit|p2b: Gholdengo\n|-damage|p2b: Gholdengo|68\/100\n|-crit|p2b: Gholdengo\n|-damage|p2b: Gholdengo|43\/100\n|-crit|p2b: Gholdengo\n|-damage|p2b: Gholdengo|18\/100\n|-hitcount|p2b: Gholdengo|3\n|move|p1a: Iron Hands|Wild Charge|p2a: Flutter Mane\n|-damage|p2a: Flutter Mane|21\/100\n|-damage|p1a: Iron Hands|28\/100|[from] Recoil\n|move|p2b: Gholdengo|Shadow Ball|p1b: Urshifu\n|-damage|p1b: Urshifu|0 fnt\n|faint|p1b: Urshifu\n|\n|-heal|p2b: Gholdengo|24\/100|[from] item: Leftovers\n|upkeep\n|turn|7\n|\n|t:|1700328993\n|move|p2a: Flutter Mane|Moonblast|p1a: Iron Hands\n|-supereffective|p1a: Iron Hands\n|-damage|p1a: Iron Hands|0 fnt\n|faint|p1a: Iron Hands\n|-end|p1a: Iron Hands|Quark Drive|[silent]\n|\n|win|Trainer_1nferno\n|raw|tt11823's rating: 1343 &rarr; <strong>1322<\/strong><br \/>(-21 for losing)\n|raw|Trainer_1nferno's rating: 1320 &rarr; <strong>1341<\/strong><br \/>(+21 for winning)\n|l|\u203dTrainer_1nferno\n","uploadtime":1700329004,"views":7,"p1id":"tt11823","p2id":"trainer1nferno","formatid":"gen9vgc2023regulatione","rating":1322,"private":0,"password":""}