{"id":"gen9vgc2023regulatione-1989912699","p1":"FDR1776","p2":"CrushRing","format":"[Gen 9] VGC 2023 Regulation E","log":"|j|\u2606FDR1776\n|j|\u2606CrushRing\n|t:|1699906166\n|gametype|doubles\n|player|p1|FDR1776|mars|1083\n|player|p2|CrushRing|karen|1085\n|teamsize|p1|6\n|teamsize|p2|6\n|gen|9\n|tier|[Gen 9] VGC 2023 Regulation E\n|rated|\n|rule|Species Clause: Limit one of each Pok\u00e9mon\n|rule|Item Clause: Limit one of each item\n|clearpoke\n|poke|p1|Arcanine-Hisui, L50, M|\n|poke|p1|Landorus-Therian, L50, M|\n|poke|p1|Iron Hands, L50|\n|poke|p1|Flutter Mane, L50|\n|poke|p1|Ogerpon-Wellspring, L50, F|\n|poke|p1|Tornadus, L50, M|\n|poke|p2|Ninetales-Alola, L50, F|\n|poke|p2|Iron Bundle, L50|\n|poke|p2|Moltres-Galar, L50|\n|poke|p2|Milotic, L50, F|\n|poke|p2|Rillaboom, L50, M|\n|poke|p2|Infernape, L50, M|\n|teampreview|4\n|inactive|Battle timer is ON: inactive players will automatically lose when time's up. (requested by CrushRing)\n|c|\u2606CrushRing|glhf\n|inactive|FDR1776 has 60 seconds left.\n|c|\u2606FDR1776|glhf\nFDR1776 has agreed to open team sheets.\n|inactive|FDR1776 has 30 seconds left.\n|\n|t:|1699906228\n|start\n|switch|p1a: Tornadus|Tornadus, L50, M|100\/100\n|switch|p1b: Flutter Mane|Flutter Mane, L50|100\/100\n|switch|p2a: Milotic|Milotic, L50, F|100\/100\n|switch|p2b: Ninetales|Ninetales-Alola, L50, F|100\/100\n|turn|1\n|inactive|FDR1776 has 30 seconds left.\n|\n|t:|1699906258\n|move|p1a: Tornadus|Taunt|p2b: Ninetales\n|-start|p2b: Ninetales|move: Taunt\n|move|p1b: Flutter Mane|Moonblast|p2a: Milotic\n|-damage|p2a: Milotic|53\/100\n|move|p2b: Ninetales|Blizzard|p1b: Flutter Mane|[spread] \n|-miss|p2b: Ninetales|p1a: Tornadus\n|-miss|p2b: Ninetales|p1b: Flutter Mane\n|move|p2a: Milotic|Icy Wind|p1b: Flutter Mane|[spread] p1a,p1b\n|-supereffective|p1a: Tornadus\n|-damage|p1a: Tornadus|79\/100\n|-damage|p1b: Flutter Mane|88\/100\n|-unboost|p1b: Flutter Mane|spe|1\n|\n|-heal|p2a: Milotic|58\/100|[from] item: Leftovers\n|upkeep\n|turn|2\n|\n|t:|1699906280\n|move|p1a: Tornadus|Tailwind|p1a: Tornadus\n|-sidestart|p1: FDR1776|move: Tailwind\n|move|p1b: Flutter Mane|Moonblast|p2a: Milotic\n|-damage|p2a: Milotic|15\/100\n|move|p2b: Ninetales|Blizzard|p1a: Tornadus|[spread] p1b\n|-miss|p2b: Ninetales|p1a: Tornadus\n|-damage|p1b: Flutter Mane|53\/100\n|move|p2a: Milotic|Scald|p1b: Flutter Mane\n|-damage|p1b: Flutter Mane|13\/100\n|-status|p1b: Flutter Mane|brn\n|\n|-heal|p2a: Milotic|20\/100|[from] item: Leftovers\n|-damage|p1b: Flutter Mane|7\/100 brn|[from] brn\n|upkeep\n|turn|3\n|\n|t:|1699906300\n|move|p1a: Tornadus|Protect|p1a: Tornadus\n|-singleturn|p1a: Tornadus|Protect\n|move|p2a: Milotic|Protect|p2a: Milotic\n|-singleturn|p2a: Milotic|Protect\n|move|p1b: Flutter Mane|Moonblast|p2b: Ninetales\n|-damage|p2b: Ninetales|35\/100\n|move|p2b: Ninetales|Blizzard|p1a: Tornadus|[spread] p1b\n|-activate|p1a: Tornadus|move: Protect\n|-damage|p1b: Flutter Mane|0 fnt\n|faint|p1b: Flutter Mane\n|-end|p1b: Flutter Mane|Protosynthesis|[silent]\n|\n|-heal|p2a: Milotic|26\/100|[from] item: Leftovers\n|-end|p2b: Ninetales|move: Taunt\n|upkeep\n|\n|t:|1699906314\n|switch|p1b: Iron Hands|Iron Hands, L50|100\/100\n|turn|4\n|\n|t:|1699906325\n|move|p1a: Tornadus|Taunt|p2b: Ninetales\n|-start|p2b: Ninetales|move: Taunt\n|move|p1b: Iron Hands|Heavy Slam|p2b: Ninetales\n|-supereffective|p2b: Ninetales\n|-damage|p2b: Ninetales|0 fnt\n|faint|p2b: Ninetales\n|move|p2a: Milotic|Scald|p1b: Iron Hands\n|-damage|p1b: Iron Hands|80\/100\n|\n|-heal|p2a: Milotic|32\/100|[from] item: Leftovers\n|upkeep\n|\n|t:|1699906339\n|switch|p2b: Iron Bundle|Iron Bundle, L50|100\/100\n|-enditem|p2b: Iron Bundle|Booster Energy\n|-activate|p2b: Iron Bundle|ability: Quark Drive|[fromitem]\n|-start|p2b: Iron Bundle|quarkdrivespe\n|turn|5\n|\n|t:|1699906349\n|move|p1a: Tornadus|Protect|p1a: Tornadus\n|-singleturn|p1a: Tornadus|Protect\n|move|p2b: Iron Bundle|Protect|p2b: Iron Bundle\n|-singleturn|p2b: Iron Bundle|Protect\n|move|p1b: Iron Hands|Wild Charge|p2a: Milotic\n|-supereffective|p2a: Milotic\n|-damage|p2a: Milotic|0 fnt\n|faint|p2a: Milotic\n|-damage|p1b: Iron Hands|74\/100|[from] Recoil\n|\n|-sideend|p1: FDR1776|move: Tailwind\n|upkeep\n|\n|t:|1699906355\n|switch|p2a: Moltres|Moltres-Galar, L50|100\/100\n|turn|6\n|\n|t:|1699906376\n|-terastallize|p2b: Iron Bundle|Ghost\n|move|p1a: Tornadus|Tailwind|p1a: Tornadus\n|-sidestart|p1: FDR1776|move: Tailwind\n|move|p2b: Iron Bundle|Hydro Pump|p1b: Iron Hands\n|-damage|p1b: Iron Hands|40\/100\n|move|p1b: Iron Hands|Wild Charge|p2b: Iron Bundle\n|-damage|p2b: Iron Bundle|32\/100\n|-damage|p1b: Iron Hands|31\/100|[from] Recoil\n|move|p2a: Moltres|Air Slash|p1b: Iron Hands\n|-crit|p1b: Iron Hands\n|-damage|p1b: Iron Hands|4\/100\n|\n|upkeep\n|turn|7\n|inactive|FDR1776 has 30 seconds left.\n|\n|t:|1699906409\n|move|p2b: Iron Bundle|Blizzard|p1a: Tornadus|[spread] p1a,p1b\n|-supereffective|p1a: Tornadus\n|-damage|p1a: Tornadus|10\/100\n|-damage|p1b: Iron Hands|0 fnt\n|faint|p1b: Iron Hands\n|-end|p1b: Iron Hands|Quark Drive|[silent]\n|move|p1a: Tornadus|Bleakwind Storm|p2a: Moltres|[spread] p2a,p2b\n|-damage|p2a: Moltres|75\/100\n|-damage|p2b: Iron Bundle|0 fnt\n|faint|p2b: Iron Bundle\n|-end|p2b: Iron Bundle|Quark Drive|[silent]\n|move|p2a: Moltres|Fiery Wrath|p1a: Tornadus\n|-damage|p1a: Tornadus|0 fnt\n|faint|p1a: Tornadus\n|\n|upkeep\n|\n|t:|1699906429\n|switch|p1b: Arcanine|Arcanine-Hisui, L50, M, shiny|100\/100\n|-ability|p1b: Arcanine|Intimidate|boost\n|-unboost|p2a: Moltres|atk|1\n|turn|8\n|\n|t:|1699906440\n|-terastallize|p1b: Arcanine|Fairy\n|move|p2a: Moltres|Protect|p2a: Moltres\n|-singleturn|p2a: Moltres|Protect\n|move|p1b: Arcanine|Tera Blast|p2a: Moltres|[anim] Tera Blast Fairy\n|-activate|p2a: Moltres|move: Protect\n|\n|upkeep\n|turn|9\n|\n|t:|1699906447\n|move|p2a: Moltres|Protect|p2a: Moltres\n|-singleturn|p2a: Moltres|Protect\n|move|p1b: Arcanine|Tera Blast|p2a: Moltres|[anim] Tera Blast Fairy\n|-activate|p2a: Moltres|move: Protect\n|\n|-sideend|p1: FDR1776|move: Tailwind\n|upkeep\n|turn|10\n|c|\u2606FDR1776|zamn\n|\n|t:|1699906462\n|move|p1b: Arcanine|Tera Blast|p2a: Moltres|[anim] Tera Blast Fairy\n|-supereffective|p2a: Moltres\n|-damage|p2a: Moltres|0 fnt\n|faint|p2a: Moltres\n|\n|win|FDR1776\n|raw|FDR1776's rating: 1083 &rarr; <strong>1111<\/strong><br \/>(+28 for winning)\n|raw|CrushRing's rating: 1085 &rarr; <strong>1062<\/strong><br \/>(-23 for losing)\n|c|\u2606CrushRing|ik lol\n|l|\u2606CrushRing\n|c|\u2606FDR1776|gg\n","uploadtime":1699906480,"views":7,"p1id":"fdr1776","p2id":"crushring","formatid":"gen9vgc2023regulatione","rating":1062,"private":0,"password":""}