{"id":"gen9vgc2023regulatione-1994381013","p1":"mtschmucker","p2":"Autin Mago","format":"[Gen 9] VGC 2023 Regulation E","log":"|j|\u2606mtschmucker\n|j|\u2606Autin Mago\n|n|\u2606mtschmucker|mtschmucker\n|n|\u2606Autin Mago|autinmago\n|html|View the match progress at <a href=\"\/game-bestof3-gen9vgc2023regulatione-1994381012\">game-bestof3-gen9vgc2023regulatione-1994381012<\/a>\n|t:|1700437386\n|gametype|doubles\n|player|p1|mtschmucker|wallace|\n|player|p2|Autin Mago|ballguy|\n|teamsize|p1|6\n|teamsize|p2|6\n|gen|9\n|tier|[Gen 9] VGC 2023 Regulation E\n|rule|Species Clause: Limit one of each Pok\u00e9mon\n|rule|Item Clause: Limit one of each item\n|clearpoke\n|poke|p1|Volbeat, L50, M|\n|poke|p1|Iron Bundle, L50|\n|poke|p1|Flutter Mane, L50|\n|poke|p1|Gothitelle, L50, F|\n|poke|p1|Moltres-Galar, L50|\n|poke|p1|Ogerpon, L50, F|\n|poke|p2|Klefki, L50, M|\n|poke|p2|Roaring Moon, L50|\n|poke|p2|Ogerpon-Wellspring, L50, F|\n|poke|p2|Weezing, L50, F|\n|poke|p2|Okidogi, L50, M|\n|poke|p2|Magnezone, L50|\n|teampreview|4\nAutin Mago has agreed to open team sheets.\nmtschmucker has agreed to open team sheets.\n|showteam|p1|Volbeat||FocusSash|Prankster|Tailwind,Encore,Taunt,BugBuzz|||M|||50|,,,,,Ghost]Iron Bundle||BoosterEnergy|QuarkDrive|IcyWind,FreezeDry,HydroPump,Protect||||||50|,,,,,Ghost]Flutter Mane||ChoiceSpecs|Protosynthesis|DazzlingGleam,Moonblast,ShadowBall,Psyshock||||||50|,,,,,Fairy]Gothitelle||SitrusBerry|ShadowTag|FakeOut,Psychic,TrickRoom,Protect|||F|||50|,,,,,Water]Moltres-Galar||LifeOrb|Berserk|FieryWrath,AirSlash,NastyPlot,Protect||||||50|,,,,,Fairy]Ogerpon||RazorClaw|Defiant|SpikyShield,IvyCudgel,StompingTantrum,FollowMe|||F|||50|,,,,,Grass\n|showteam|p2|Klefki||CovertCloak|Prankster|TrickRoom,ThunderWave,LightScreen,DazzlingGleam|||M|||50|,,,,,Dark]Roaring Moon||BoosterEnergy|Protosynthesis|DragonDance,Acrobatics,KnockOff,Protect||||||50|,,,,,Flying]Ogerpon-Wellspring||WellspringMask|WaterAbsorb|FollowMe,IvyCudgel,SpikyShield,HornLeech|||F|||50|,,,,,Water]Weezing||SitrusBerry|NeutralizingGas|Taunt,Haze,WillOWisp,SludgeBomb|||F|||50|,,,,,Dark]Okidogi||Leftovers|ToxicChain|Protect,PoisonJab,DrainPunch,BulkUp|||M|||50|,,,,,Dragon]Magnezone||LifeOrb|Analytic|Thunderbolt,FlashCannon,Protect,VoltSwitch||||||50|,,,,,Electric\n|c|\u2606Autin Mago|Glhf\n|c|\u2606mtschmucker|gl hf\n|c|\u2606Autin Mago|Do you have links or do you want me to get them\n|c|\u2606mtschmucker|i'll get it\n|j| Priest_of_Talos\n|\n|t:|1700437518\n|start\n|switch|p1a: Iron Bundle|Iron Bundle, L50|100\/100\n|switch|p1b: Flutter Mane|Flutter Mane, L50|100\/100\n|switch|p2a: Klefki|Klefki, L50, M|100\/100\n|switch|p2b: Roaring Moon|Roaring Moon, L50|100\/100\n|-enditem|p1a: Iron Bundle|Booster Energy\n|-activate|p1a: Iron Bundle|ability: Quark Drive|[fromitem]\n|-start|p1a: Iron Bundle|quarkdrivespe\n|-enditem|p2b: Roaring Moon|Booster Energy\n|-activate|p2b: Roaring Moon|ability: Protosynthesis|[fromitem]\n|-start|p2b: Roaring Moon|protosynthesisatk\n|turn|1\n|\n|t:|1700437574\n|-terastallize|p1b: Flutter Mane|Fairy\n|move|p2b: Roaring Moon|Protect|p2b: Roaring Moon\n|-singleturn|p2b: Roaring Moon|Protect\n|move|p2a: Klefki|Thunder Wave|p1b: Flutter Mane\n|-status|p1b: Flutter Mane|par\n|move|p1a: Iron Bundle|Freeze-Dry|p2b: Roaring Moon\n|-activate|p2b: Roaring Moon|move: Protect\n|move|p1b: Flutter Mane|Moonblast|p2b: Roaring Moon\n|-activate|p2b: Roaring Moon|move: Protect\n|\n|upkeep\n|turn|2\n|\n|t:|1700437620\n|-end|p1b: Flutter Mane|Protosynthesis|[silent]\n|switch|p1b: Moltres|Moltres-Galar, L50|100\/100\n|move|p2a: Klefki|Light Screen|p2a: Klefki\n|-sidestart|p2: Autin Mago|move: Light Screen\n|move|p1a: Iron Bundle|Freeze-Dry|p2b: Roaring Moon\n|-supereffective|p2b: Roaring Moon\n|-damage|p2b: Roaring Moon|56\/100\n|move|p2b: Roaring Moon|Acrobatics|p1b: Moltres\n|-damage|p1b: Moltres|35\/100\n|-ability|p1b: Moltres|Berserk|boost\n|-boost|p1b: Moltres|spa|1\n|\n|upkeep\n|turn|3\n|\n|t:|1700437662\n|move|p2b: Roaring Moon|Protect|p2b: Roaring Moon\n|-singleturn|p2b: Roaring Moon|Protect\n|move|p2a: Klefki|Thunder Wave|p1a: Iron Bundle\n|-status|p1a: Iron Bundle|par\n|move|p1b: Moltres|Air Slash|p2b: Roaring Moon\n|-activate|p2b: Roaring Moon|move: Protect\n|move|p1a: Iron Bundle|Freeze-Dry|p2b: Roaring Moon\n|-activate|p2b: Roaring Moon|move: Protect\n|\n|upkeep\n|turn|4\n|\n|t:|1700437700\n|move|p2b: Roaring Moon|Acrobatics|p1b: Moltres\n|-damage|p1b: Moltres|0 fnt\n|faint|p1b: Moltres\n|cant|p1a: Iron Bundle|par\n|move|p2a: Klefki|Dazzling Gleam|p1a: Iron Bundle\n|-damage|p1a: Iron Bundle|49\/100 par\n|\n|upkeep\n|\n|t:|1700437728\n|switch|p1b: Ogerpon|Ogerpon, L50, F|100\/100\n|turn|5\n|\n|t:|1700437754\n|move|p1b: Ogerpon|Spiky Shield|p1b: Ogerpon\n|-singleturn|p1b: Ogerpon|move: Protect\n|move|p2a: Klefki|Thunder Wave|p1b: Ogerpon\n|-activate|p1b: Ogerpon|move: Protect\n|move|p2b: Roaring Moon|Acrobatics|p1a: Iron Bundle\n|-damage|p1a: Iron Bundle|0 fnt\n|faint|p1a: Iron Bundle\n|-end|p1a: Iron Bundle|Quark Drive|[silent]\n|\n|upkeep\n|\n|t:|1700437764\n|switch|p1a: Flutter Mane|Flutter Mane, L50, tera:Fairy|100\/100 par\n|turn|6\n|\n|t:|1700437786\n|move|p1b: Ogerpon|Follow Me|p1b: Ogerpon\n|-singleturn|p1b: Ogerpon|move: Follow Me\n|move|p2b: Roaring Moon|Acrobatics|p1b: Ogerpon\n|-supereffective|p1b: Ogerpon\n|-damage|p1b: Ogerpon|0 fnt\n|faint|p1b: Ogerpon\n|move|p2a: Klefki|Dazzling Gleam|p1a: Flutter Mane\n|-damage|p1a: Flutter Mane|78\/100 par\n|move|p1a: Flutter Mane|Dazzling Gleam|p2b: Roaring Moon|[spread] p2a,p2b\n|-resisted|p2a: Klefki\n|-supereffective|p2b: Roaring Moon\n|-damage|p2a: Klefki|79\/100\n|-damage|p2b: Roaring Moon|0 fnt\n|faint|p2b: Roaring Moon\n|-end|p2b: Roaring Moon|Protosynthesis|[silent]\n|\n|-sideend|p2: Autin Mago|move: Light Screen\n|upkeep\n|\n|t:|1700437803\n|switch|p2b: Magnezone|Magnezone, L50|100\/100\n|turn|7\n|\n|t:|1700437809\n|move|p2a: Klefki|Light Screen|p2a: Klefki\n|-sidestart|p2: Autin Mago|move: Light Screen\n|cant|p1a: Flutter Mane|par\n|move|p2b: Magnezone|Flash Cannon|p1a: Flutter Mane\n|-supereffective|p1a: Flutter Mane\n|-damage|p1a: Flutter Mane|0 fnt\n|faint|p1a: Flutter Mane\n|-end|p1a: Flutter Mane|Protosynthesis|[silent]\n|-damage|p2b: Magnezone|91\/100|[from] item: Life Orb\n|\n|win|Autin Mago\n|c|&|\/uhtml prompt-mtschmucker,mtschmucker is ready for game 2!\n|c|&|\/uhtml prompt-autinmago,Autin Mago is ready for game 2!\nBoth players are ready! Starting next match!\n|l|\u2606Autin Mago\n","uploadtime":1700437822,"views":23,"p1id":"mtschmucker","p2id":"autinmago","formatid":"gen9vgc2023regulatione","rating":0,"private":0,"password":""}