{"id":"gen9vgc2023regulatione-1991309994","p1":"Kid Kommy","p2":"mad skwovet","format":"[Gen 9] VGC 2023 Regulation E","log":"|j|\u2606Kid Kommy\n|j|\u2606mad skwovet\n|t:|1700066407\n|gametype|doubles\n|player|p1|Kid Kommy|swimmerf|1414\n|player|p2|mad skwovet|pokemaniac|1459\n|teamsize|p1|6\n|teamsize|p2|6\n|gen|9\n|tier|[Gen 9] VGC 2023 Regulation E\n|rated|\n|rule|Species Clause: Limit one of each Pok\u00e9mon\n|rule|Item Clause: Limit one of each item\n|clearpoke\n|poke|p1|Baxcalibur, L50, F|\n|poke|p1|Tornadus, L50, M|\n|poke|p1|Landorus-Therian, L50, M|\n|poke|p1|Chi-Yu, L50|\n|poke|p1|Flutter Mane, L50|\n|poke|p1|Iron Hands, L50|\n|poke|p2|Gyarados, L50, F|\n|poke|p2|Cinderace, L50, F|\n|poke|p2|Rillaboom, L50, F|\n|poke|p2|Flutter Mane, L50|\n|poke|p2|Scizor, L50, M|\n|poke|p2|Urshifu-*, L50, F|\n|teampreview|4\n|inactive|Battle timer is ON: inactive players will automatically lose when time's up. (requested by Kid Kommy)\n|inactive|Kid Kommy has 60 seconds left.\n|inactive|mad skwovet has 60 seconds left.\n|inactive|Kid Kommy has 30 seconds left.\n|\n|t:|1700066468\n|start\n|switch|p1a: Tornadus|Tornadus, L50, M|100\/100\n|switch|p1b: Landorus|Landorus-Therian, L50, M|100\/100\n|switch|p2a: Gyarados|Gyarados, L50, F|100\/100\n|switch|p2b: Flutter Mane|Flutter Mane, L50|100\/100\n|-ability|p1b: Landorus|Intimidate|boost\n|-unboost|p2a: Gyarados|atk|1\n|-unboost|p2b: Flutter Mane|atk|1\n|-ability|p2a: Gyarados|Intimidate|boost\n|-unboost|p1a: Tornadus|atk|1\n|-unboost|p1b: Landorus|atk|1\n|-enditem|p2b: Flutter Mane|Booster Energy\n|-activate|p2b: Flutter Mane|ability: Protosynthesis|[fromitem]\n|-start|p2b: Flutter Mane|protosynthesisspe\n|turn|1\n|inactive|Kid Kommy has 30 seconds left.\n|inactive|mad skwovet has 30 seconds left.\n|\n|t:|1700066496\n|move|p1a: Tornadus|Tailwind|p1a: Tornadus\n|-sidestart|p1: Kid Kommy|move: Tailwind\n|move|p1b: Landorus|U-turn|p2b: Flutter Mane\n|-resisted|p2b: Flutter Mane\n|-damage|p2b: Flutter Mane|93\/100\n|\n|t:|1700066511\n|switch|p1b: Flutter Mane|Flutter Mane, L50|100\/100|[from] U-turn\n|move|p2b: Flutter Mane|Icy Wind|p1a: Tornadus|[spread] p1a,p1b\n|-supereffective|p1a: Tornadus\n|-damage|p1a: Tornadus|75\/100\n|-damage|p1b: Flutter Mane|86\/100\n|-unboost|p1a: Tornadus|spe|1\n|-unboost|p1b: Flutter Mane|spe|1\n|move|p2a: Gyarados|Waterfall|p1a: Tornadus\n|-damage|p1a: Tornadus|50\/100\n|\n|upkeep\n|turn|2\n|\n|t:|1700066536\n|switch|p2a: Scizor|Scizor, L50, M|100\/100\n|-terastallize|p1b: Flutter Mane|Fairy\n|move|p2b: Flutter Mane|Protect|p2b: Flutter Mane\n|-singleturn|p2b: Flutter Mane|Protect\n|move|p1a: Tornadus|Sunny Day|p1a: Tornadus\n|-weather|SunnyDay\n|-activate|p1b: Flutter Mane|ability: Protosynthesis\n|-start|p1b: Flutter Mane|protosynthesisspa\n|move|p1b: Flutter Mane|Dazzling Gleam|p2b: Flutter Mane|[spread] p2a\n|-activate|p2b: Flutter Mane|move: Protect\n|-resisted|p2a: Scizor\n|-damage|p2a: Scizor|56\/100\n|\n|-weather|SunnyDay|[upkeep]\n|upkeep\n|turn|3\n|\n|t:|1700066560\n|-end|p1b: Flutter Mane|Protosynthesis|[silent]\n|switch|p1b: Landorus|Landorus-Therian, L50, M|100\/100\n|-ability|p1b: Landorus|Intimidate|boost\n|-fail|p2a: Scizor|unboost|[from] item: Clear Amulet|[of] p2a: Scizor\n|-unboost|p2b: Flutter Mane|atk|1\n|move|p2a: Scizor|Bullet Punch|p1b: Landorus\n|-damage|p1b: Landorus|64\/100\n|move|p2b: Flutter Mane|Moonblast|p1a: Tornadus\n|-damage|p1a: Tornadus|3\/100\n|move|p1a: Tornadus|Bleakwind Storm|p2b: Flutter Mane|[spread] p2a,p2b\n|-damage|p2a: Scizor|16\/100\n|-damage|p2b: Flutter Mane|58\/100\n|\n|-weather|SunnyDay|[upkeep]\n|upkeep\n|turn|4\n|inactive|Kid Kommy has 30 seconds left.\n|inactive|mad skwovet has 30 seconds left.\n|\n|t:|1700066587\n|move|p2b: Flutter Mane|Protect|p2b: Flutter Mane\n|-singleturn|p2b: Flutter Mane|Protect\n|move|p2a: Scizor|Bullet Punch|p1a: Tornadus\n|-damage|p1a: Tornadus|0 fnt\n|faint|p1a: Tornadus\n|move|p1b: Landorus|Stomping Tantrum|p2b: Flutter Mane\n|-activate|p2b: Flutter Mane|move: Protect\n|\n|-weather|SunnyDay|[upkeep]\n|-sideend|p1: Kid Kommy|move: Tailwind\n|upkeep\n|\n|t:|1700066599\n|switch|p1a: Chi-Yu|Chi-Yu, L50|100\/100\n|-ability|p1a: Chi-Yu|Beads of Ruin\n|turn|5\n|j| Playsterco\n|\n|t:|1700066618\n|move|p2a: Scizor|Bullet Punch|p1b: Landorus\n|-damage|p1b: Landorus|29\/100\n|move|p2b: Flutter Mane|Icy Wind|p1b: Landorus|[spread] p1a,p1b\n|-resisted|p1a: Chi-Yu\n|-supereffective|p1b: Landorus\n|-damage|p1a: Chi-Yu|93\/100\n|-damage|p1b: Landorus|0 fnt\n|-unboost|p1a: Chi-Yu|spe|1\n|faint|p1b: Landorus\n|move|p1a: Chi-Yu|Heat Wave|p2a: Scizor|[spread] p2a,p2b\n|-supereffective|p2a: Scizor\n|-damage|p2a: Scizor|0 fnt\n|-damage|p2b: Flutter Mane|0 fnt\n|faint|p2a: Scizor\n|faint|p2b: Flutter Mane\n|-end|p2b: Flutter Mane|Protosynthesis|[silent]\n|\n|-weather|SunnyDay|[upkeep]\n|upkeep\n|\n|t:|1700066634\n|switch|p2b: Gyarados|Gyarados, L50, F|100\/100\n|switch|p1b: Flutter Mane|Flutter Mane, L50, tera:Fairy|86\/100\n|switch|p2a: Rillaboom|Rillaboom, L50, F|100\/100\n|-activate|p1b: Flutter Mane|ability: Protosynthesis\n|-start|p1b: Flutter Mane|protosynthesisspe\n|-fieldstart|move: Grassy Terrain|[from] ability: Grassy Surge|[of] p2a: Rillaboom\n|-ability|p2b: Gyarados|Intimidate|boost\n|-unboost|p1a: Chi-Yu|atk|1\n|-unboost|p1b: Flutter Mane|atk|1\n|turn|6\n|inactive|mad skwovet has 30 seconds left.\n|inactive|mad skwovet has 20 seconds left.\n|\n|t:|1700066673\n|-terastallize|p2a: Rillaboom|Fire\n|move|p1a: Chi-Yu|Protect|p1a: Chi-Yu\n|-singleturn|p1a: Chi-Yu|Protect\n|move|p2a: Rillaboom|Fake Out|p1b: Flutter Mane\n|-crit|p1b: Flutter Mane\n|-damage|p1b: Flutter Mane|42\/100\n|cant|p1b: Flutter Mane|flinch\n|move|p2b: Gyarados|Thunder Wave|p1b: Flutter Mane\n|-status|p1b: Flutter Mane|par\n|\n|-weather|none\n|-end|p1b: Flutter Mane|Protosynthesis\n|-heal|p1b: Flutter Mane|48\/100 par|[from] Grassy Terrain\n|-heal|p1a: Chi-Yu|99\/100|[from] Grassy Terrain\n|upkeep\n|turn|7\n|inactive|Kid Kommy has 30 seconds left.\n|inactive|mad skwovet has 30 seconds left.\n|\n|t:|1700066704\n|move|p1a: Chi-Yu|Dark Pulse|p2b: Gyarados\n|-damage|p2b: Gyarados|51\/100\n|move|p2a: Rillaboom|Wood Hammer|p1b: Flutter Mane\n|-damage|p1b: Flutter Mane|0 fnt\n|faint|p1b: Flutter Mane\n|-end|p1b: Flutter Mane|Protosynthesis|[silent]\n|-damage|p2a: Rillaboom|91\/100|[from] Recoil\n|move|p2b: Gyarados|Waterfall|p1a: Chi-Yu\n|-supereffective|p1a: Chi-Yu\n|-damage|p1a: Chi-Yu|0 fnt\n|faint|p1a: Chi-Yu\n|\n|win|mad skwovet\n|raw|Kid Kommy's rating: 1414 &rarr; <strong>1397<\/strong><br \/>(-17 for losing)\n|raw|mad skwovet's rating: 1459 &rarr; <strong>1476<\/strong><br \/>(+17 for winning)\n|l|\u2606Kid Kommy\n|l|\u2606mad skwovet\n","uploadtime":1700066742,"views":30,"p1id":"kidkommy","p2id":"madskwovet","formatid":"gen9vgc2023regulatione","rating":1397,"private":0,"password":""}