{"id":"gen9vgc2023regulatione-1997861223","p1":"Lithoriorm","p2":"Gibletoglory","format":"[Gen 9] VGC 2023 Regulation E","log":"|j|\u2606Lithoriorm\n|j|\u203dGibletoglory\n|t:|1700860827\n|gametype|doubles\n|player|p1|Lithoriorm|101|1292\n|player|p2|Gibletoglory|cynthia-gen4|1264\n|teamsize|p1|6\n|teamsize|p2|6\n|gen|9\n|tier|[Gen 9] VGC 2023 Regulation E\n|rated|\n|rule|Species Clause: Limit one of each Pok\u00e9mon\n|rule|Item Clause: Limit one of each item\n|clearpoke\n|poke|p1|Chi-Yu, L50|\n|poke|p1|Flutter Mane, L50|\n|poke|p1|Iron Hands, L50|\n|poke|p1|Tornadus, L50, M|\n|poke|p1|Arcanine-Hisui, L50, F|\n|poke|p1|Ogerpon-Wellspring, L50, F|\n|poke|p2|Chi-Yu, L50|\n|poke|p2|Ursaluna-Bloodmoon, L50, M|\n|poke|p2|Amoonguss, L50, M|\n|poke|p2|Flutter Mane, L50|\n|poke|p2|Iron Hands, L50|\n|poke|p2|Cresselia, L50, F|\n|teampreview|4\n|inactive|Battle timer is ON: inactive players will automatically lose when time's up. (requested by Gibletoglory)\n|inactive|Lithoriorm also wants the timer to be on.\nLithoriorm has agreed to open team sheets.\n|c|\u2606Lithoriorm|glhf\n|\n|t:|1700860846\n|start\n|switch|p1a: Flutter Mane|Flutter Mane, L50, shiny|100\/100\n|switch|p1b: Chi-Yu|Chi-Yu, L50|100\/100\n|switch|p2a: Iron Hands|Iron Hands, L50|100\/100\n|switch|p2b: Cresselia|Cresselia, L50, F|100\/100\n|-ability|p1b: Chi-Yu|Beads of Ruin\n|-enditem|p1a: Flutter Mane|Booster Energy\n|-activate|p1a: Flutter Mane|ability: Protosynthesis|[fromitem]\n|-start|p1a: Flutter Mane|protosynthesisspe\n|turn|1\n|\n|t:|1700860869\n|-terastallize|p1b: Chi-Yu|Ghost\n|move|p2a: Iron Hands|Fake Out|p1b: Chi-Yu\n|-immune|p1b: Chi-Yu\n|move|p1a: Flutter Mane|Shadow Ball|p2b: Cresselia\n|-supereffective|p2b: Cresselia\n|-damage|p2b: Cresselia|41\/100\n|move|p1b: Chi-Yu|Dark Pulse|p2b: Cresselia\n|-supereffective|p2b: Cresselia\n|-damage|p2b: Cresselia|0 fnt\n|faint|p2b: Cresselia\n|\n|upkeep\n|\n|t:|1700860888\n|switch|p2b: Ursaluna|Ursaluna-Bloodmoon, L50, M|100\/100\n|turn|2\n|\n|t:|1700860897\n|move|p1a: Flutter Mane|Protect|p1a: Flutter Mane\n|-singleturn|p1a: Flutter Mane|Protect\n|move|p2b: Ursaluna|Protect|p2b: Ursaluna\n|-singleturn|p2b: Ursaluna|Protect\n|move|p1b: Chi-Yu|Heat Wave|p2a: Iron Hands|[spread] p2a\n|-activate|p2b: Ursaluna|move: Protect\n|-damage|p2a: Iron Hands|75\/100\n|move|p2a: Iron Hands|Heavy Slam|p1a: Flutter Mane\n|-activate|p1a: Flutter Mane|move: Protect\n|\n|upkeep\n|turn|3\n|\n|t:|1700860920\n|move|p1a: Flutter Mane|Moonblast|p2b: Ursaluna\n|-damage|p2b: Ursaluna|35\/100\n|move|p1b: Chi-Yu|Dark Pulse|p2b: Ursaluna\n|-damage|p2b: Ursaluna|0 fnt\n|faint|p2b: Ursaluna\n|move|p2a: Iron Hands|Heavy Slam|p1a: Flutter Mane\n|-supereffective|p1a: Flutter Mane\n|-damage|p1a: Flutter Mane|0 fnt\n|faint|p1a: Flutter Mane\n|-end|p1a: Flutter Mane|Protosynthesis|[silent]\n|\n|upkeep\n|\n|t:|1700860929\n|switch|p1a: Iron Hands|Iron Hands, L50, shiny|100\/100\n|switch|p2b: Chi-Yu|Chi-Yu, L50|100\/100\n|-ability|p2b: Chi-Yu|Beads of Ruin\n|turn|4\n|\n|t:|1700860946\n|-terastallize|p2b: Chi-Yu|Ghost\n|move|p1b: Chi-Yu|Protect|p1b: Chi-Yu\n|-singleturn|p1b: Chi-Yu|Protect\n|move|p2b: Chi-Yu|Dark Pulse|p1b: Chi-Yu\n|-activate|p1b: Chi-Yu|move: Protect\n|move|p2a: Iron Hands|Wild Charge|p1b: Chi-Yu\n|-activate|p1b: Chi-Yu|move: Protect\n|move|p1a: Iron Hands|Drain Punch|p2a: Iron Hands\n|-damage|p2a: Iron Hands|44\/100\n|\n|upkeep\n|turn|5\n|\n|t:|1700860967\n|move|p1b: Chi-Yu|Dark Pulse|p2b: Chi-Yu\n|-supereffective|p2b: Chi-Yu\n|-damage|p2b: Chi-Yu|0 fnt\n|faint|p2b: Chi-Yu\n|move|p2a: Iron Hands|Wild Charge|p1b: Chi-Yu\n|-damage|p1b: Chi-Yu|20\/100\n|-damage|p2a: Iron Hands|33\/100|[from] Recoil\n|move|p1a: Iron Hands|Wild Charge|p2a: Iron Hands\n|-resisted|p2a: Iron Hands\n|-damage|p2a: Iron Hands|14\/100\n|-damage|p1a: Iron Hands|96\/100|[from] Recoil\n|\n|upkeep\n|turn|6\n|c|\u2606Lithoriorm|gg\n|l|\u203dGibletoglory\n|inactive|Gibletoglory disconnected and has a minute to reconnect!\n|player|p2|\n|inactive|Gibletoglory has 30 seconds left.\n|inactive|Gibletoglory has 20 seconds left.\n|inactive|Gibletoglory has 15 seconds left.\n|inactive|Gibletoglory has 10 seconds left.\n|inactive|Gibletoglory has 5 seconds left.\n|-message|Gibletoglory lost due to inactivity.\n|\n|win|Lithoriorm\n|raw|Lithoriorm's rating: 1292 &rarr; <strong>1315<\/strong><br \/>(+23 for winning)\n|raw|Gibletoglory's rating: 1264 &rarr; <strong>1241<\/strong><br \/>(-23 for losing)\n","uploadtime":1700861025,"views":10,"p1id":"lithoriorm","p2id":"gibletoglory","formatid":"gen9vgc2023regulatione","rating":1241,"private":0,"password":""}