{"id":"gen9vgc2023regulatione-1991492163","p1":"schisch","p2":"dozo kid","format":"[Gen 9] VGC 2023 Regulation E","log":"|j|\u2606schisch\n|j|\u2606dozo kid\n|t:|1700081873\n|gametype|doubles\n|player|p1|schisch|1|1509\n|player|p2|dozo kid|raifort|1543\n|teamsize|p1|6\n|teamsize|p2|6\n|gen|9\n|tier|[Gen 9] VGC 2023 Regulation E\n|rated|\n|rule|Species Clause: Limit one of each Pok\u00e9mon\n|rule|Item Clause: Limit one of each item\n|clearpoke\n|poke|p1|Spectrier, L50|\n|poke|p1|Rillaboom, L50, F|\n|poke|p1|Clefairy, L50, M|\n|poke|p1|Gyarados, L50, F|\n|poke|p1|Sneasler, L50, F|\n|poke|p1|Armarouge, L50, F|\n|poke|p2|Roaring Moon, L50|\n|poke|p2|Amoonguss, L50, F|\n|poke|p2|Iron Hands, L50|\n|poke|p2|Flutter Mane, L50|\n|poke|p2|Arcanine-Hisui, L50, F|\n|poke|p2|Ogerpon-Wellspring, L50, F|\n|teampreview|4\n|inactive|Battle timer is ON: inactive players will automatically lose when time's up. (requested by dozo kid)\ndozo kid has agreed to open team sheets.\n|\n|t:|1700081899\n|start\n|switch|p1a: Spectrier|Spectrier, L50|100\/100\n|switch|p1b: Gyarados|Gyarados, L50, F|100\/100\n|switch|p2a: Arcanine|Arcanine-Hisui, L50, F|100\/100\n|switch|p2b: Amoonguss|Amoonguss, L50, F|100\/100\n|-ability|p2a: Arcanine|Intimidate|boost\n|-unboost|p1a: Spectrier|atk|1\n|-fail|p1b: Gyarados|unboost|[from] item: Clear Amulet|[of] p1b: Gyarados\n|-ability|p1b: Gyarados|Intimidate|boost\n|-unboost|p2a: Arcanine|atk|1\n|-unboost|p2b: Amoonguss|atk|1\n|turn|1\n|\n|t:|1700081916\n|switch|p2a: Iron Hands|Iron Hands, L50|100\/100\n|move|p1a: Spectrier|Protect|p1a: Spectrier\n|-singleturn|p1a: Spectrier|Protect\n|move|p1b: Gyarados|Waterfall|p2a: Iron Hands\n|-damage|p2a: Iron Hands|75\/100\n|move|p2b: Amoonguss|Spore|p1b: Gyarados\n|-status|p1b: Gyarados|slp|[from] move: Spore\n|\n|upkeep\n|turn|2\n|inactive|schisch has 30 seconds left.\n|\n|t:|1700081943\n|switch|p1a: Rillaboom|Rillaboom, L50, F|100\/100\n|-fieldstart|move: Grassy Terrain|[from] ability: Grassy Surge|[of] p1a: Rillaboom\n|switch|p1b: Clefairy|Clefairy, L50, M|100\/100\n|move|p2a: Iron Hands|Wild Charge|p1a: Rillaboom\n|-resisted|p1a: Rillaboom\n|-damage|p1a: Rillaboom|81\/100\n|-damage|p2a: Iron Hands|72\/100|[from] Recoil\n|move|p2b: Amoonguss|Spore|p1a: Rillaboom\n|-immune|p1a: Rillaboom\n|\n|-heal|p1a: Rillaboom|87\/100|[from] Grassy Terrain\n|-heal|p2a: Iron Hands|78\/100|[from] Grassy Terrain\n|upkeep\n|turn|3\n|\n|t:|1700081966\n|-end|p2a: Iron Hands|Quark Drive|[silent]\n|switch|p2a: Arcanine|Arcanine-Hisui, L50, F|100\/100\n|-ability|p2a: Arcanine|Intimidate|boost\n|-unboost|p1a: Rillaboom|atk|1\n|-unboost|p1b: Clefairy|atk|1\n|switch|p1b: Gyarados|Gyarados, L50, F|100\/100 slp\n|-ability|p1b: Gyarados|Intimidate|boost\n|-unboost|p2a: Arcanine|atk|1\n|-unboost|p2b: Amoonguss|atk|1\n|move|p1a: Rillaboom|Fake Out|p2b: Amoonguss\n|-damage|p2b: Amoonguss|92\/100\n|cant|p2b: Amoonguss|flinch\n|\n|-heal|p1a: Rillaboom|94\/100|[from] Grassy Terrain\n|-heal|p2b: Amoonguss|98\/100|[from] Grassy Terrain\n|upkeep\n|turn|4\n|inactive|schisch has 30 seconds left.\n|\n|t:|1700081993\n|switch|p1b: Clefairy|Clefairy, L50, M|100\/100\n|move|p1a: Rillaboom|Protect|p1a: Rillaboom\n|-singleturn|p1a: Rillaboom|Protect\n|move|p2a: Arcanine|Flare Blitz|p1a: Rillaboom\n|-activate|p1a: Rillaboom|move: Protect\n|move|p2b: Amoonguss|Pollen Puff|p1a: Rillaboom\n|-activate|p1a: Rillaboom|move: Protect\n|\n|-heal|p1a: Rillaboom|99\/100|[from] Grassy Terrain\n|-heal|p2b: Amoonguss|100\/100|[from] Grassy Terrain\n|upkeep\n|turn|5\n|inactive|schisch has 30 seconds left.\n|\n|t:|1700082018\n|switch|p2a: Flutter Mane|Flutter Mane, L50|100\/100\n|switch|p1a: Gyarados|Gyarados, L50, F|100\/100 slp\n|-ability|p1a: Gyarados|Intimidate|boost\n|-unboost|p2a: Flutter Mane|atk|1\n|-unboost|p2b: Amoonguss|atk|1\n|move|p2b: Amoonguss|Spore|p1b: Clefairy\n|-status|p1b: Clefairy|slp|[from] move: Spore\n|cant|p1b: Clefairy|slp\n|\n|upkeep\n|turn|6\n|inactive|schisch has 30 seconds left.\n|\n|t:|1700082044\n|switch|p2b: Iron Hands|Iron Hands, L50|78\/100\n|-terastallize|p2a: Flutter Mane|Fairy\n|move|p2a: Flutter Mane|Dazzling Gleam|p1a: Gyarados|[spread] p1a,p1b\n|-crit|p1b: Clefairy\n|-damage|p1a: Gyarados|62\/100 slp\n|-damage|p1b: Clefairy|14\/100 slp\n|cant|p1a: Gyarados|slp\n|-curestatus|p1b: Clefairy|slp|[msg]\n|move|p1b: Clefairy|Life Dew|p1b: Clefairy|[spread] p1a,p1b\n|-heal|p1a: Gyarados|87\/100 slp\n|-heal|p1b: Clefairy|39\/100\n|\n|-heal|p2b: Iron Hands|84\/100|[from] Grassy Terrain\n|-heal|p1b: Clefairy|45\/100|[from] Grassy Terrain\n|-fieldend|move: Grassy Terrain\n|upkeep\n|turn|7\n|\n|t:|1700082065\n|switch|p1b: Rillaboom|Rillaboom, L50, F|99\/100\n|-fieldstart|move: Grassy Terrain|[from] ability: Grassy Surge|[of] p1b: Rillaboom\n|cant|p1a: Gyarados|slp\n|move|p2a: Flutter Mane|Dazzling Gleam|p1a: Gyarados|[spread] p1a,p1b\n|-damage|p1a: Gyarados|41\/100 slp\n|-damage|p1b: Rillaboom|33\/100\n|move|p2b: Iron Hands|Wild Charge|p1a: Gyarados\n|-supereffective|p1a: Gyarados\n|-damage|p1a: Gyarados|0 fnt\n|faint|p1a: Gyarados\n|-damage|p2b: Iron Hands|76\/100|[from] Recoil\n|\n|-heal|p1b: Rillaboom|40\/100|[from] Grassy Terrain\n|-heal|p2b: Iron Hands|83\/100|[from] Grassy Terrain\n|upkeep\n|j| Asacado\n|\n|t:|1700082082\n|switch|p1a: Spectrier|Spectrier, L50|100\/100\n|turn|8\n|l| Asacado\n|\n|t:|1700082093\n|-end|p2a: Flutter Mane|Protosynthesis|[silent]\n|switch|p2a: Arcanine|Arcanine-Hisui, L50, F|100\/100\n|-ability|p2a: Arcanine|Intimidate|boost\n|-unboost|p1a: Spectrier|atk|1\n|-unboost|p1b: Rillaboom|atk|1\n|move|p1b: Rillaboom|Fake Out|p2b: Iron Hands\n|-crit|p2b: Iron Hands\n|-damage|p2b: Iron Hands|67\/100\n|move|p1a: Spectrier|Nasty Plot|p1a: Spectrier\n|-boost|p1a: Spectrier|spa|2\n|cant|p2b: Iron Hands|flinch\n|\n|-heal|p1b: Rillaboom|46\/100|[from] Grassy Terrain\n|-heal|p2b: Iron Hands|73\/100|[from] Grassy Terrain\n|upkeep\n|turn|9\n|j| Asacado\n|inactive|schisch has 30 seconds left.\n|\n|t:|1700082121\n|switch|p1b: Clefairy|Clefairy, L50, M|45\/100\n|move|p2a: Arcanine|Flare Blitz|p1a: Spectrier\n|-damage|p1a: Spectrier|41\/100\n|-damage|p2a: Arcanine|78\/100|[from] Recoil\n|move|p1a: Spectrier|Shadow Ball|p2b: Iron Hands\n|-damage|p2b: Iron Hands|32\/100\n|move|p2b: Iron Hands|Heavy Slam|p1a: Spectrier\n|-damage|p1a: Spectrier|0 fnt\n|faint|p1a: Spectrier\n|\n|-heal|p2a: Arcanine|84\/100|[from] Grassy Terrain\n|-heal|p2b: Iron Hands|38\/100|[from] Grassy Terrain\n|-heal|p1b: Clefairy|52\/100|[from] Grassy Terrain\n|upkeep\n|-message|schisch forfeited.\n|\n|win|dozo kid\n|raw|schisch's rating: 1509 &rarr; <strong>1491<\/strong><br \/>(-18 for losing)\n|raw|dozo kid's rating: 1543 &rarr; <strong>1561<\/strong><br \/>(+18 for winning)\n|l|\u2606schisch\n|l|\u2606dozo kid\n","uploadtime":1700082233,"views":8,"p1id":"schisch","p2id":"dozokid","formatid":"gen9vgc2023regulatione","rating":1491,"private":0,"password":""}