{"id":"gen9vgc2023regulatione-1994271137","p1":"SilvioPkTrainer","p2":"BowDog!","format":"[Gen 9] VGC 2023 Regulation E","log":"|j|\u2606SilvioPkTrainer\n|j|\u2606BowDog!\n|t:|1700425612\n|gametype|doubles\n|player|p1|SilvioPkTrainer|n|1162\n|player|p2|BowDog!|winona|1145\n|teamsize|p1|6\n|teamsize|p2|6\n|gen|9\n|tier|[Gen 9] VGC 2023 Regulation E\n|rated|\n|rule|Species Clause: Limit one of each Pok\u00e9mon\n|rule|Item Clause: Limit one of each item\n|clearpoke\n|poke|p1|Arcanine-Hisui, L50, M|\n|poke|p1|Grimmsnarl, L50, M|\n|poke|p1|Sinistcha, L50|\n|poke|p1|Urshifu-*, L50, M|\n|poke|p1|Ursaluna-Bloodmoon, L50, M|\n|poke|p1|Iron Hands, L50|\n|poke|p2|Landorus-Therian, L50, M|\n|poke|p2|Tornadus, L50, M|\n|poke|p2|Iron Bundle, L50|\n|poke|p2|Sylveon, L50, F|\n|poke|p2|Ogerpon-Hearthflame, L50, F|\n|poke|p2|Urshifu-*, L50, M|\n|teampreview|4\n|inactive|Battle timer is ON: inactive players will automatically lose when time's up. (requested by BowDog!)\nBowDog! has agreed to open team sheets.\nSilvioPkTrainer rejected open team sheets.\n|inactive|BowDog! has 60 seconds left.\n|\n|t:|1700425675\n|start\n|switch|p1a: Arcanine|Arcanine-Hisui, L50, M|100\/100\n|switch|p1b: Grimmsnarl|Grimmsnarl, L50, M|100\/100\n|switch|p2a: Landorus|Landorus-Therian, L50, M|100\/100\n|switch|p2b: Iron Bundle|Iron Bundle, L50|100\/100\n|-ability|p2a: Landorus|Intimidate|boost\n|-unboost|p1a: Arcanine|atk|1\n|-unboost|p1b: Grimmsnarl|atk|1\n|-ability|p1a: Arcanine|Intimidate|boost\n|-unboost|p2a: Landorus|atk|1\n|-unboost|p2b: Iron Bundle|atk|1\n|-enditem|p2b: Iron Bundle|Booster Energy\n|-activate|p2b: Iron Bundle|ability: Quark Drive|[fromitem]\n|-start|p2b: Iron Bundle|quarkdrivespe\n|turn|1\n|inactive|BowDog! has 30 seconds left.\n|inactive|BowDog! has 20 seconds left.\n|inactive|BowDog! has 15 seconds left.\n|\n|t:|1700425718\n|move|p1b: Grimmsnarl|Reflect|p1b: Grimmsnarl\n|-sidestart|p1: SilvioPkTrainer|Reflect\n|move|p2b: Iron Bundle|Hydro Pump|p1a: Arcanine\n|-supereffective|p1a: Arcanine\n|-damage|p1a: Arcanine|0 fnt\n|faint|p1a: Arcanine\n|move|p2a: Landorus|U-turn|p1b: Grimmsnarl\n|-damage|p1b: Grimmsnarl|88\/100\n|\n|t:|1700425740\n|switch|p2a: BowDog!|Sylveon, L50, F|100\/100|[from] U-turn\n|\n|upkeep\n|\n|t:|1700425746\n|switch|p1a: Iron Hands|Iron Hands, L50|100\/100\n|turn|2\n|\n|t:|1700425764\n|switch|p2a: Landorus|Landorus-Therian, L50, M|100\/100\n|-ability|p2a: Landorus|Intimidate|boost\n|-unboost|p1a: Iron Hands|atk|1\n|-unboost|p1b: Grimmsnarl|atk|1\n|move|p2b: Iron Bundle|Protect|p2b: Iron Bundle\n|-singleturn|p2b: Iron Bundle|Protect\n|move|p1b: Grimmsnarl|Light Screen|p1b: Grimmsnarl\n|-sidestart|p1: SilvioPkTrainer|move: Light Screen\n|move|p1a: Iron Hands|Heavy Slam|p2b: Iron Bundle\n|-activate|p2b: Iron Bundle|move: Protect\n|\n|upkeep\n|turn|3\n|inactive|BowDog! has 30 seconds left.\n|inactive|BowDog! has 20 seconds left.\n|\n|t:|1700425804\n|move|p2b: Iron Bundle|Hydro Pump|p1b: Grimmsnarl\n|-damage|p1b: Grimmsnarl|54\/100\n|move|p2a: Landorus|U-turn|p1a: Iron Hands\n|-resisted|p1a: Iron Hands\n|-damage|p1a: Iron Hands|93\/100\n|\n|t:|1700425813\n|switch|p2a: Ogerpon|Ogerpon-Hearthflame, L50, F|100\/100|[from] U-turn\n|-ability|p2a: Ogerpon|Mold Breaker\n|move|p1a: Iron Hands|Heavy Slam|p2b: Iron Bundle\n|-damage|p2b: Iron Bundle|64\/100\n|move|p1b: Grimmsnarl|Spirit Break|p2b: Iron Bundle\n|-damage|p2b: Iron Bundle|45\/100\n|-unboost|p2b: Iron Bundle|spa|1\n|\n|upkeep\n|turn|4\n|inactive|BowDog! has 30 seconds left.\n|\n|t:|1700425843\n|-end|p2b: Iron Bundle|Quark Drive|[silent]\n|switch|p2b: Landorus|Landorus-Therian, L50, M|100\/100\n|-ability|p2b: Landorus|Intimidate|boost\n|-unboost|p1a: Iron Hands|atk|1\n|-unboost|p1b: Grimmsnarl|atk|1\n|move|p2a: Ogerpon|Spiky Shield|p2a: Ogerpon\n|-singleturn|p2a: Ogerpon|move: Protect\n|move|p1b: Grimmsnarl|Parting Shot|p2a: Ogerpon\n|-activate|p2a: Ogerpon|move: Protect\n|move|p1a: Iron Hands|Heavy Slam|p2a: Ogerpon\n|-activate|p2a: Ogerpon|move: Protect\n|-damage|p1a: Iron Hands|81\/100|[from] Spiky Shield|[of] p2a: Ogerpon\n|\n|upkeep\n|turn|5\n|inactive|BowDog! has 30 seconds left.\n|inactive|BowDog! has 20 seconds left.\n|inactive|BowDog! has 15 seconds left.\n|inactive|BowDog! has 10 seconds left.\n|\n|t:|1700425892\n|-end|p1a: Iron Hands|Quark Drive|[silent]\n|switch|p1a: Ursaluna|Ursaluna-Bloodmoon, L50, M|100\/100\n|move|p1b: Grimmsnarl|Parting Shot|p2b: Landorus\n|-unboost|p2b: Landorus|atk|1\n|-unboost|p2b: Landorus|spa|1\n|\n|t:|1700425899\n|switch|p1b: Iron Hands|Iron Hands, L50|81\/100|[from] Parting Shot\n|move|p2b: Landorus|Stomping Tantrum|p1a: Ursaluna\n|-damage|p1a: Ursaluna|87\/100\n|move|p2a: Ogerpon|Horn Leech|p1b: Iron Hands\n|-damage|p1b: Iron Hands|59\/100\n|\n|upkeep\n|turn|6\n|inactive|BowDog! has 30 seconds left.\n|\n|t:|1700425924\n|switch|p2b: Iron Bundle|Iron Bundle, L50|45\/100\n|-terastallize|p1a: Ursaluna|Normal\n|move|p2a: Ogerpon|Spiky Shield|p2a: Ogerpon\n|-singleturn|p2a: Ogerpon|move: Protect\n|move|p1b: Iron Hands|Fake Out|p2a: Ogerpon\n|-activate|p2a: Ogerpon|move: Protect\n|-damage|p1b: Iron Hands|47\/100|[from] Spiky Shield|[of] p2a: Ogerpon\n|move|p1a: Ursaluna|Blood Moon|p2b: Iron Bundle\n|-damage|p2b: Iron Bundle|0 fnt\n|faint|p2b: Iron Bundle\n|-end|p2b: Iron Bundle|Quark Drive|[silent]\n|-damage|p1a: Ursaluna|77\/100|[from] item: Life Orb\n|\n|upkeep\n|\n|t:|1700425939\n|switch|p2b: Landorus|Landorus-Therian, L50, M|100\/100\n|-ability|p2b: Landorus|Intimidate|boost\n|-unboost|p1a: Ursaluna|atk|1\n|-unboost|p1b: Iron Hands|atk|1\n|turn|7\n|inactive|BowDog! has 30 seconds left.\n|inactive|BowDog! has 20 seconds left.\n|\n|t:|1700425978\n|-end|p1b: Iron Hands|Quark Drive|[silent]\n|switch|p1b: Grimmsnarl|Grimmsnarl, L50, M|54\/100\n|move|p2b: Landorus|Stomping Tantrum|p1b: Grimmsnarl\n|-damage|p1b: Grimmsnarl|23\/100\n|move|p2a: Ogerpon|Horn Leech|p1a: Ursaluna\n|-damage|p1a: Ursaluna|56\/100\n|move|p1a: Ursaluna|Hyper Voice|p2a: Ogerpon|[spread] p2a,p2b\n|-damage|p2a: Ogerpon|28\/100\n|-damage|p2b: Landorus|16\/100\n|-damage|p1a: Ursaluna|45\/100|[from] item: Life Orb\n|\n|upkeep\n|turn|8\n|inactive|BowDog! has 30 seconds left.\n|inactive|BowDog! has 20 seconds left.\n|\n|t:|1700426014\n|move|p2b: Landorus|Stomping Tantrum|p1a: Ursaluna\n|-damage|p1a: Ursaluna|24\/100\n|move|p2a: Ogerpon|Horn Leech|p1b: Grimmsnarl\n|-damage|p1b: Grimmsnarl|0 fnt\n|-heal|p2a: Ogerpon|42\/100|[from] drain|[of] p1b: Grimmsnarl\n|faint|p1b: Grimmsnarl\n|move|p1a: Ursaluna|Hyper Voice|p2b: Landorus|[spread] p2a,p2b\n|-damage|p2a: Ogerpon|0 fnt\n|-damage|p2b: Landorus|0 fnt\n|faint|p2a: Ogerpon\n|faint|p2b: Landorus\n|-damage|p1a: Ursaluna|14\/100|[from] item: Life Orb\n|\n|-sideend|p1: SilvioPkTrainer|Reflect\n|upkeep\n|\n|t:|1700426029\n|switch|p2b: BowDog!|Sylveon, L50, F|100\/100\n|switch|p1b: Iron Hands|Iron Hands, L50|47\/100\n|turn|9\n|\n|t:|1700426042\n|move|p2b: BowDog!|Protect|p2b: BowDog!\n|-singleturn|p2b: BowDog!|Protect\n|move|p1b: Iron Hands|Heavy Slam|p2b: BowDog!\n|-activate|p2b: BowDog!|move: Protect\n|move|p1a: Ursaluna|Blood Moon|p2b: BowDog!\n|-activate|p2b: BowDog!|move: Protect\n|\n|-sideend|p1: SilvioPkTrainer|move: Light Screen\n|upkeep\n|turn|10\n|\n|t:|1700426055\n|-terastallize|p2b: BowDog!|Steel\n|move|p2b: BowDog!|Hyper Voice|p1b: Iron Hands|[spread] p1a,p1b\n|-supereffective|p1b: Iron Hands\n|-damage|p1a: Ursaluna|0 fnt\n|-damage|p1b: Iron Hands|9\/100\n|faint|p1a: Ursaluna\n|-enditem|p2b: BowDog!|Throat Spray\n|-boost|p2b: BowDog!|spa|1|[from] item: Throat Spray\n|move|p1b: Iron Hands|Heavy Slam|p2b: BowDog!\n|-resisted|p2b: BowDog!\n|-damage|p2b: BowDog!|73\/100\n|\n|upkeep\n|turn|11\n|\n|t:|1700426067\n|move|p2b: BowDog!|Hyper Voice|p1b: Iron Hands\n|-supereffective|p1b: Iron Hands\n|-damage|p1b: Iron Hands|0 fnt\n|faint|p1b: Iron Hands\n|-end|p1b: Iron Hands|Quark Drive|[silent]\n|\n|win|BowDog!\n|raw|SilvioPkTrainer's rating: 1162 &rarr; <strong>1136<\/strong><br \/>(-26 for losing)\n|raw|BowDog!'s rating: 1145 &rarr; <strong>1171<\/strong><br \/>(+26 for winning)\n|l|\u2606SilvioPkTrainer\n","uploadtime":1700426086,"views":21,"p1id":"silviopktrainer","p2id":"bowdog","formatid":"gen9vgc2023regulatione","rating":1136,"private":0,"password":""}