{"id":"gen9vgc2023regulatione-1989150944","p1":"SuspiciousGoober76","p2":"Specs Hex Pex","format":"[Gen 9] VGC 2023 Regulation E","log":"|j|\u2606SuspiciousGoober76\n|j|\u2606Specs Hex Pex\n|n|\u2606SuspiciousGoober76|suspiciousgoober76\n|n|\u2606Specs Hex Pex|specshexpex\n|html|View the match progress at <a href=\"\/game-bestof3-gen9vgc2023regulatione-1989148345\">game-bestof3-gen9vgc2023regulatione-1989148345<\/a>\n|t:|1699817644\n|gametype|doubles\n|player|p1|SuspiciousGoober76|pokefan|\n|player|p2|Specs Hex Pex|lady|\n|teamsize|p1|6\n|teamsize|p2|6\n|gen|9\n|tier|[Gen 9] VGC 2023 Regulation E\n|rule|Species Clause: Limit one of each Pok\u00e9mon\n|rule|Item Clause: Limit one of each item\n|clearpoke\n|poke|p1|Sunkern, L50, M|\n|poke|p1|Amoonguss, L50, F|\n|poke|p1|Tornadus, L50, M|\n|poke|p1|Electrode-Hisui, L50|\n|poke|p1|Flutter Mane, L50|\n|poke|p1|Iron Hands, L50|\n|poke|p2|Iron Thorns, L50|\n|poke|p2|Blissey, L50, F|\n|poke|p2|Veluza, L50, F|\n|poke|p2|Golem-Alola, L50, M|\n|poke|p2|Spinarak, L50, M|\n|poke|p2|Chimecho, L50, F|\n|teampreview|4\n|j| jqueefion\n|\n|t:|1699817679\n|start\n|switch|p1a: Iron Hands|Iron Hands, L50|100\/100\n|switch|p1b: Flutter Mane|Flutter Mane, L50|100\/100\n|switch|p2a: Iron Thorns|Iron Thorns, L50|100\/100\n|switch|p2b: Blissey|Blissey, L50, F|100\/100\n|-enditem|p2a: Iron Thorns|Booster Energy\n|-activate|p2a: Iron Thorns|ability: Quark Drive|[fromitem]\n|-start|p2a: Iron Thorns|quarkdriveatk\n|turn|1\n|\n|t:|1699817706\n|move|p1a: Iron Hands|Fake Out|p2a: Iron Thorns\n|-resisted|p2a: Iron Thorns\n|-damage|p2a: Iron Thorns|90\/100\n|move|p1b: Flutter Mane|Moonblast|p1a: Iron Hands\n|-supereffective|p1a: Iron Hands\n|-enditem|p1a: Iron Hands|Focus Sash\n|-damage|p1a: Iron Hands|1\/100\n|move|p2b: Blissey|Seismic Toss|p2a: Iron Thorns\n|-damage|p2a: Iron Thorns|59\/100\n|cant|p2a: Iron Thorns|flinch\n|\n|-damage|p2b: Blissey|88\/100|[from] item: Sticky Barb\n|upkeep\n|turn|2\n|c|\u2606SuspiciousGoober76|shit im the wrong item\n|c|\u2606Specs Hex Pex|Oh\n|\n|t:|1699817743\n|-end|p1a: Iron Hands|Quark Drive|[silent]\n|switch|p1a: Sunkern|Sunkern, L50, M|100\/100\n|move|p1b: Flutter Mane|Moonblast|p2a: Iron Thorns\n|-damage|p2a: Iron Thorns|0 fnt\n|faint|p2a: Iron Thorns\n|-end|p2a: Iron Thorns|Quark Drive|[silent]\n|move|p2b: Blissey|Seismic Toss|p2: Iron Thorns|[notarget]\n|-fail|p2b: Blissey\n|\n|-damage|p2b: Blissey|76\/100|[from] item: Sticky Barb\n|-status|p1a: Sunkern|tox|[from] item: Toxic Orb\n|upkeep\n|\n|t:|1699817758\n|switch|p2a: Chimecho|Chimecho, L50, F|100\/100\n|turn|3\n|\n|t:|1699817815\n|switch|p2b: Golem|Golem-Alola, L50, M|100\/100\n|switch|p1a: Iron Hands|Iron Hands, L50|1\/100\n|move|p1b: Flutter Mane|Moonblast|p2a: Chimecho\n|-damage|p2a: Chimecho|0 fnt\n|faint|p2a: Chimecho\n|\n|upkeep\n|\n|t:|1699817823\n|switch|p2a: Blissey|Blissey, L50, F|76\/100\n|turn|4\n|\n|t:|1699817837\n|move|p1b: Flutter Mane|Moonblast|p2b: Golem\n|-damage|p2b: Golem|0 fnt\n|faint|p2b: Golem\n|move|p2a: Blissey|Heal Pulse|p1a: Iron Hands\n|-heal|p1a: Iron Hands|51\/100\n|move|p1a: Iron Hands|Wild Charge|p1b: Flutter Mane\n|-damage|p1b: Flutter Mane|0 fnt\n|faint|p1b: Flutter Mane\n|-end|p1b: Flutter Mane|Protosynthesis|[silent]\n|-damage|p1a: Iron Hands|36\/100|[from] Recoil\n|\n|-damage|p2a: Blissey|63\/100|[from] item: Sticky Barb\n|upkeep\n|\n|t:|1699817847\n|switch|p1b: Tornadus|Tornadus, L50, M|100\/100\n|turn|5\n|\n|t:|1699817855\n|move|p1b: Tornadus|Taunt|p2a: Blissey\n|-start|p2a: Blissey|move: Taunt\n|move|p2a: Blissey|Seismic Toss|p1a: Iron Hands\n|-damage|p1a: Iron Hands|12\/100\n|move|p1a: Iron Hands|Wild Charge|p1b: Tornadus\n|-supereffective|p1b: Tornadus\n|-damage|p1b: Tornadus|0 fnt\n|faint|p1b: Tornadus\n|-damage|p1a: Iron Hands|0 fnt|[from] Recoil\n|faint|p1a: Iron Hands\n|-end|p1a: Iron Hands|Quark Drive|[silent]\n|\n|-damage|p2a: Blissey|51\/100|[from] item: Sticky Barb\n|upkeep\n|\n|t:|1699817861\n|switch|p1b: Sunkern|Sunkern, L50, M|100\/100 tox\n|turn|6\n|\n|t:|1699817874\n|move|p2a: Blissey|Seismic Toss|p1b: Sunkern\n|-damage|p1b: Sunkern|53\/100 tox\n|move|p1b: Sunkern|Worry Seed|p2a: Blissey\n|-endability|p2a: Blissey|Healer|[from] move: Worry Seed\n|-ability|p2a: Blissey|Insomnia|[from] move: Worry Seed\n|\n|-damage|p1b: Sunkern|47\/100 tox|[from] psn\n|-damage|p2a: Blissey|38\/100|[from] item: Sticky Barb\n|upkeep\n|turn|7\n|\n|t:|1699817885\n|move|p2a: Blissey|Seismic Toss|p2: Golem|[notarget]\n|-fail|p2a: Blissey\n|move|p1b: Sunkern|Worry Seed|p2a: Blissey\n|-immune|p2a: Blissey\n|\n|-damage|p1b: Sunkern|36\/100 tox|[from] psn\n|-end|p2a: Blissey|move: Taunt\n|-damage|p2a: Blissey|26\/100|[from] item: Sticky Barb\n|upkeep\n|turn|8\n|c|\u2606Specs Hex Pex|Uh, is that cheating?\n|c|\u2606Specs Hex Pex|As in, what I did\n|c| jqueefion|?\n|c|\u2606SuspiciousGoober76|wait why did seismic toss fail\n|c|\u2606Specs Hex Pex|Apparently, you can target no one\n|c|\u2606SuspiciousGoober76|uhhh\n|c|\u2606Specs Hex Pex|Then the move fails\n|c| jqueefion|lol\n|c|\u2606Specs Hex Pex|If you're the only pokemon left in a double battle, it still gives the option to target your partner\n|c|\u2606SuspiciousGoober76|just move it\u2019s fine\n|\n|t:|1699818038\n|move|p2a: Blissey|Seismic Toss|p1b: Sunkern\n|-damage|p1b: Sunkern|0 fnt\n|faint|p1b: Sunkern\n|\n|win|Specs Hex Pex\n|c|&|\/uhtml prompt-specshexpex,Specs Hex Pex is ready for game 3!\n|inactive|SuspiciousGoober76 has 50 seconds to confirm battle start!\n|c|&|\/uhtml prompt-suspiciousgoober76,SuspiciousGoober76 is ready for game 3!\nBoth players are ready! Starting next match!\n|l|\u2606SuspiciousGoober76\n|j|\u2606SuspiciousGoober76\n|player|p1|SuspiciousGoober76|pokefan\n","uploadtime":1699818220,"views":12,"p1id":"suspiciousgoober76","p2id":"specshexpex","formatid":"gen9vgc2023regulatione","rating":0,"private":0,"password":""}