{"id":"gen9vgc2023regulatione-1990122748","p1":"Matcha Man Savage","p2":"jenzz2","format":"[Gen 9] VGC 2023 Regulation E","log":"|j|\u2606Matcha Man Savage\n|j|\u2606jenzz2\n|t:|1699926980\n|gametype|doubles\n|player|p1|Matcha Man Savage|pokemaniac|\n|player|p2|jenzz2|169|\n|teamsize|p1|6\n|teamsize|p2|6\n|gen|9\n|tier|[Gen 9] VGC 2023 Regulation E\n|rule|Species Clause: Limit one of each Pok\u00e9mon\n|rule|Item Clause: Limit one of each item\n|clearpoke\n|poke|p1|Iron Hands, L50|\n|poke|p1|Chi-Yu, L50|\n|poke|p1|Flutter Mane, L50|\n|poke|p1|Torkoal, L50, F|\n|poke|p1|Lilligant-Hisui, L50, F|\n|poke|p1|Dusclops, L50, M|\n|poke|p2|Flutter Mane, L50|\n|poke|p2|Indeedee-F, L50, F|\n|poke|p2|Landorus-Therian, L50, M|\n|poke|p2|Iron Hands, L50|\n|poke|p2|Sinistcha-Masterpiece, L50|\n|poke|p2|Moltres-Galar, L50|\n|teampreview|4\n|inactive|Battle timer is ON: inactive players will automatically lose when time's up. (requested by Matcha Man Savage)\nMatcha Man Savage has agreed to open team sheets.\n|inactive|Matcha Man Savage has 60 seconds left.\n|inactive|jenzz2 has 60 seconds left.\n|\n|t:|1699927015\n|start\n|switch|p1a: Torque|Torkoal, L50, F|100\/100\n|switch|p1b: Genus Lilium|Lilligant-Hisui, L50, F, shiny|100\/100\n|switch|p2a: Landorus|Landorus-Therian, L50, M|100\/100\n|switch|p2b: Moltres|Moltres-Galar, L50|100\/100\n|-ability|p2a: Landorus|Intimidate|boost\n|-unboost|p1a: Torque|atk|1\n|-enditem|p1a: Torque|Eject Pack\n|-unboost|p1b: Genus Lilium|atk|1\n|\n|t:|1699927027\n|switch|p1a: Tairy Fera|Flutter Mane, L50|100\/100\n|turn|1\n|inactive|jenzz2 has 30 seconds left.\n|\n|t:|1699927060\n|move|p1a: Tairy Fera|Icy Wind|p2b: Moltres|[spread] p2a,p2b\n|-supereffective|p2a: Landorus\n|-supereffective|p2b: Moltres\n|-damage|p2a: Landorus|52\/100\n|-damage|p2b: Moltres|75\/100\n|-unboost|p2a: Landorus|spe|1\n|-unboost|p2b: Moltres|spe|1\n|-enditem|p2b: Moltres|Weakness Policy\n|-boost|p2b: Moltres|atk|2|[from] item: Weakness Policy\n|-boost|p2b: Moltres|spa|2|[from] item: Weakness Policy\n|move|p1b: Genus Lilium|Sleep Powder|p2b: Moltres\n|-status|p2b: Moltres|slp|[from] move: Sleep Powder\n|move|p2a: Landorus|Earthquake|p1b: Genus Lilium|[spread] p1a,p1b\n|-immune|p2b: Moltres\n|-resisted|p1b: Genus Lilium\n|-damage|p1a: Tairy Fera|40\/100\n|-damage|p1b: Genus Lilium|65\/100\n|cant|p2b: Moltres|slp\n|\n|upkeep\n|turn|2\n|inactive|jenzz2 has 30 seconds left.\n|\n|t:|1699927094\n|switch|p1b: Torque|Torkoal, L50, F|100\/100\n|-weather|SunnyDay|[from] ability: Drought|[of] p1b: Torque\n|-activate|p1a: Tairy Fera|ability: Protosynthesis\n|-start|p1a: Tairy Fera|protosynthesisspa\n|switch|p2a: Iron Hands|Iron Hands, L50, shiny|100\/100\n|move|p1a: Tairy Fera|Icy Wind|p2b: Moltres|[spread] p2a,p2b\n|-supereffective|p2b: Moltres\n|-damage|p2a: Iron Hands|87\/100\n|-damage|p2b: Moltres|45\/100 slp\n|-unboost|p2a: Iron Hands|spe|1\n|-unboost|p2b: Moltres|spe|1\n|-ability|p2b: Moltres|Berserk|boost\n|-boost|p2b: Moltres|spa|1\n|cant|p2b: Moltres|slp\n|\n|-weather|SunnyDay|[upkeep]\n|upkeep\n|turn|3\n|inactive|Matcha Man Savage has 30 seconds left.\n|inactive|jenzz2 has 30 seconds left.\n|inactive|jenzz2 has 20 seconds left.\n|inactive|jenzz2 has 15 seconds left.\n|inactive|jenzz2 has 10 seconds left.\n|\n|t:|1699927143\n|-end|p2a: Iron Hands|Quark Drive|[silent]\n|switch|p2a: Sinistcha|Sinistcha-Masterpiece, L50|100\/100\n|-heal|p2b: Moltres|70\/100 slp|[from] ability: Hospitality|[of] p2a: Sinistcha\n|move|p1a: Tairy Fera|Dazzling Gleam|p2b: Moltres|[spread] p2a,p2b\n|-supereffective|p2b: Moltres\n|-damage|p2a: Sinistcha|67\/100\n|-damage|p2b: Moltres|6\/100 slp\n|-ability|p2b: Moltres|Berserk|boost\n|-boost|p2b: Moltres|spa|1\n|cant|p2b: Moltres|slp\n|move|p1b: Torque|Eruption|p2b: Moltres|[spread] p2a,p2b\n|-supereffective|p2a: Sinistcha\n|-damage|p2a: Sinistcha|0 fnt\n|-damage|p2b: Moltres|0 fnt\n|faint|p2a: Sinistcha\n|faint|p2b: Moltres\n|\n|-weather|SunnyDay|[upkeep]\n|upkeep\n|\n|t:|1699927161\n|switch|p2b: Landorus|Landorus-Therian, L50, M|52\/100\n|switch|p2a: Iron Hands|Iron Hands, L50, shiny|87\/100\n|-ability|p2b: Landorus|Intimidate|boost\n|-unboost|p1a: Tairy Fera|atk|1\n|-unboost|p1b: Torque|atk|1\n|turn|4\n|\n|t:|1699927186\n|switch|p1b: Chi-Yu|Chi-Yu, L50|100\/100\n|-ability|p1b: Chi-Yu|Beads of Ruin\n|-terastallize|p2a: Iron Hands|Grass\n|move|p2a: Iron Hands|Fake Out|p1b: Chi-Yu\n|-damage|p1b: Chi-Yu|81\/100\n|move|p1a: Tairy Fera|Icy Wind|p2b: Landorus|[spread] p2a,p2b\n|-supereffective|p2a: Iron Hands\n|-supereffective|p2b: Landorus\n|-damage|p2a: Iron Hands|49\/100\n|-damage|p2b: Landorus|0 fnt\n|-unboost|p2a: Iron Hands|spe|1\n|-enditem|p2a: Iron Hands|Sitrus Berry|[eat]\n|-heal|p2a: Iron Hands|74\/100|[from] item: Sitrus Berry\n|faint|p2b: Landorus\n|\n|-weather|SunnyDay|[upkeep]\n|upkeep\n|turn|5\n|inactive|jenzz2 has 30 seconds left.\n|-message|jenzz2 forfeited.\n|\n|win|Matcha Man Savage\n|l|\u2606jenzz2\n","uploadtime":1699927220,"views":17,"p1id":"matchamansavage","p2id":"jenzz2","formatid":"gen9vgc2023regulatione","rating":0,"private":0,"password":""}