{"id":"gen9vgc2023regulatione-1994990462","p1":"Astra15","p2":"YAY DOGGOS!","format":"[Gen 9] VGC 2023 Regulation E","log":"|j|\u2606Astra15\n|j|\u2606YAY DOGGOS!\n|t:|1700511117\n|gametype|doubles\n|player|p1|Astra15|hugh|\n|player|p2|YAY DOGGOS!|idol|\n|teamsize|p1|6\n|teamsize|p2|6\n|gen|9\n|tier|[Gen 9] VGC 2023 Regulation E\n|rule|Species Clause: Limit one of each Pok\u00e9mon\n|rule|Item Clause: Limit one of each item\n|clearpoke\n|poke|p1|Urshifu-*, L50, F|\n|poke|p1|Pelipper, L50, F|\n|poke|p1|Amoonguss, L50, F|\n|poke|p1|Thundurus-Therian, L50, M|\n|poke|p1|Mamoswine, L50, M|\n|poke|p1|Florges-Blue, L50, F|\n|poke|p2|Grafaiai, L50, F|\n|poke|p2|Flutter Mane, L50|\n|poke|p2|Politoed, L50, F|\n|poke|p2|Beartic, L50, M|\n|poke|p2|Basculegion, L50, M|\n|poke|p2|Ting-Lu, L50|\n|teampreview|4\n|j| PorygonTheBot\n|c| PorygonTheBot|I hope I win!\n|j| Storm149\n|j| minior01\n|j| Katefromhighschool\n|\n|t:|1700511225\n|start\n|switch|p1a: Mashu|Amoonguss, L50, F|100\/100\n|switch|p1b: Charlemagne|Urshifu-Rapid-Strike, L50, F|100\/100\n|switch|p2a: Maiailes Morales|Grafaiai, L50, F|100\/100\n|switch|p2b: ThisIsForTheGays|Flutter Mane, L50|100\/100\n|turn|1\n|c| minior01|Oh i just got the grafaiai name\n|c| minior01|lmfao\n|\n|t:|1700511325\n|-terastallize|p2b: ThisIsForTheGays|Ghost\n|-terastallize|p1b: Charlemagne|Steel\n|move|p2a: Maiailes Morales|Sunny Day|p2a: Maiailes Morales\n|-weather|SunnyDay\n|-activate|p2b: ThisIsForTheGays|ability: Protosynthesis\n|-start|p2b: ThisIsForTheGays|protosynthesisspa\n|move|p2b: ThisIsForTheGays|Mystical Fire|p1a: Mashu\n|-supereffective|p1a: Mashu\n|-damage|p1a: Mashu|10\/100\n|-unboost|p1a: Mashu|spa|1\n|-enditem|p1a: Mashu|Aguav Berry|[eat]\n|-heal|p1a: Mashu|43\/100|[from] item: Aguav Berry\n|-damage|p2b: ThisIsForTheGays|91\/100|[from] item: Life Orb\n|move|p1b: Charlemagne|Surging Strikes|p2b: ThisIsForTheGays\n|-crit|p2b: ThisIsForTheGays\n|-damage|p2b: ThisIsForTheGays|75\/100\n|-crit|p2b: ThisIsForTheGays\n|-damage|p2b: ThisIsForTheGays|58\/100\n|-crit|p2b: ThisIsForTheGays\n|-damage|p2b: ThisIsForTheGays|40\/100\n|-hitcount|p2b: ThisIsForTheGays|3\n|move|p1a: Mashu|Spore|p2b: ThisIsForTheGays\n|-status|p2b: ThisIsForTheGays|slp|[from] move: Spore\n|\n|-weather|SunnyDay|[upkeep]\n|upkeep\n|turn|2\n|\n|t:|1700511359\n|switch|p1a: Jeanne d'Arc|Florges-Blue, L50, F|100\/100\n|cant|p2b: ThisIsForTheGays|slp\n|move|p2a: Maiailes Morales|Super Fang|p1b: Charlemagne\n|-damage|p1b: Charlemagne|51\/100\n|move|p1b: Charlemagne|Surging Strikes|p2b: ThisIsForTheGays\n|-crit|p2b: ThisIsForTheGays\n|-damage|p2b: ThisIsForTheGays|23\/100 slp\n|-crit|p2b: ThisIsForTheGays\n|-damage|p2b: ThisIsForTheGays|5\/100 slp\n|-crit|p2b: ThisIsForTheGays\n|-damage|p2b: ThisIsForTheGays|0 fnt\n|faint|p2b: ThisIsForTheGays\n|-end|p2b: ThisIsForTheGays|Protosynthesis|[silent]\n|-hitcount|p2: ThisIsForTheGays|3\n|\n|-weather|SunnyDay|[upkeep]\n|upkeep\n|\n|t:|1700511375\n|switch|p2b: Froggo Doggo|Politoed, L50, F|100\/100\n|-weather|RainDance|[from] ability: Drizzle|[of] p2b: Froggo Doggo\n|turn|3\n|\n|t:|1700511409\n|move|p1a: Jeanne d'Arc|Helping Hand|p1b: Charlemagne\n|-singleturn|p1b: Charlemagne|Helping Hand|[of] p1a: Jeanne d'Arc\n|move|p2a: Maiailes Morales|Super Fang|p1a: Jeanne d'Arc|[miss]\n|-miss|p2a: Maiailes Morales|p1a: Jeanne d'Arc\n|move|p1b: Charlemagne|Surging Strikes|p2a: Maiailes Morales\n|-crit|p2a: Maiailes Morales\n|-damage|p2a: Maiailes Morales|37\/100\n|-crit|p2a: Maiailes Morales\n|-damage|p2a: Maiailes Morales|0 fnt\n|faint|p2a: Maiailes Morales\n|-hitcount|p2: Maiailes Morales|2\n|move|p2b: Froggo Doggo|Icy Wind|p1b: Charlemagne|[spread] p1a,p1b\n|-resisted|p1b: Charlemagne\n|-damage|p1a: Jeanne d'Arc|96\/100\n|-damage|p1b: Charlemagne|44\/100\n|-unboost|p1a: Jeanne d'Arc|spe|1\n|-unboost|p1b: Charlemagne|spe|1\n|\n|-weather|RainDance|[upkeep]\n|-heal|p1a: Jeanne d'Arc|100\/100|[from] item: Leftovers\n|upkeep\n|\n|t:|1700511426\n|switch|p2a: GG wp Doggo|Beartic, L50, M|100\/100\n|turn|4\n|\n|t:|1700511494\n|move|p2b: Froggo Doggo|Helping Hand|p2a: GG wp Doggo\n|-singleturn|p2a: GG wp Doggo|Helping Hand|[of] p2b: Froggo Doggo\n|move|p1b: Charlemagne|Protect|p1b: Charlemagne\n|-singleturn|p1b: Charlemagne|Protect\n|move|p2a: GG wp Doggo|Icicle Crash|p1b: Charlemagne\n|-activate|p1b: Charlemagne|move: Protect\n|move|p1a: Jeanne d'Arc|Dazzling Gleam|p2a: GG wp Doggo|[spread] p2a,p2b\n|-damage|p2a: GG wp Doggo|75\/100\n|-damage|p2b: Froggo Doggo|85\/100\n|\n|-weather|RainDance|[upkeep]\n|upkeep\n|turn|5\n|\n|t:|1700511516\n|switch|p1a: Mashu|Amoonguss, L50, F|76\/100\n|move|p2b: Froggo Doggo|Helping Hand|p2a: GG wp Doggo\n|-singleturn|p2a: GG wp Doggo|Helping Hand|[of] p2b: Froggo Doggo\n|move|p2a: GG wp Doggo|Icicle Crash|p1b: Charlemagne\n|-resisted|p1b: Charlemagne\n|-damage|p1b: Charlemagne|0 fnt\n|faint|p1b: Charlemagne\n|\n|-weather|RainDance|[upkeep]\n|upkeep\n|\n|t:|1700511526\n|switch|p1b: Jeanne d'Arc|Florges-Blue, L50, F|100\/100\n|turn|6\n|\n|t:|1700511536\n|move|p2b: Froggo Doggo|Helping Hand|p2a: GG wp Doggo\n|-singleturn|p2a: GG wp Doggo|Helping Hand|[of] p2b: Froggo Doggo\n|move|p1a: Mashu|Protect|p1a: Mashu\n|-singleturn|p1a: Mashu|Protect\n|move|p2a: GG wp Doggo|Icicle Crash|p1a: Mashu\n|-activate|p1a: Mashu|move: Protect\n|move|p1b: Jeanne d'Arc|Dazzling Gleam|p2b: Froggo Doggo|[spread] p2a,p2b\n|-crit|p2b: Froggo Doggo\n|-damage|p2a: GG wp Doggo|49\/100\n|-damage|p2b: Froggo Doggo|62\/100\n|\n|-weather|RainDance|[upkeep]\n|upkeep\n|turn|7\n|\n|t:|1700511555\n|move|p2b: Froggo Doggo|Helping Hand|p2a: GG wp Doggo\n|-singleturn|p2a: GG wp Doggo|Helping Hand|[of] p2b: Froggo Doggo\n|move|p2a: GG wp Doggo|Icicle Crash|p1a: Mashu\n|-supereffective|p1a: Mashu\n|-damage|p1a: Mashu|0 fnt\n|faint|p1a: Mashu\n|move|p1b: Jeanne d'Arc|Dazzling Gleam|p2b: Froggo Doggo|[spread] p2a,p2b\n|-damage|p2a: GG wp Doggo|24\/100\n|-damage|p2b: Froggo Doggo|48\/100\n|\n|-weather|RainDance|[upkeep]\n|upkeep\n|\n|t:|1700511564\n|switch|p1a: Tiamat|Thundurus-Therian, L50, M|100\/100\n|turn|8\n|\n|t:|1700511581\n|move|p2b: Froggo Doggo|Protect|p2b: Froggo Doggo\n|-singleturn|p2b: Froggo Doggo|Protect\n|move|p2a: GG wp Doggo|Icicle Crash|p1a: Tiamat\n|-supereffective|p1a: Tiamat\n|-damage|p1a: Tiamat|0 fnt\n|faint|p1a: Tiamat\n|move|p1b: Jeanne d'Arc|Dazzling Gleam|p2b: Froggo Doggo|[spread] p2a\n|-activate|p2b: Froggo Doggo|move: Protect\n|-damage|p2a: GG wp Doggo|0 fnt\n|faint|p2a: GG wp Doggo\n|\n|-weather|RainDance|[upkeep]\n|upkeep\n|turn|9\n|\n|t:|1700511593\n|move|p1b: Jeanne d'Arc|Dazzling Gleam|p2b: Froggo Doggo\n|-damage|p2b: Froggo Doggo|29\/100\n|move|p2b: Froggo Doggo|Chilling Water|p1b: Jeanne d'Arc\n|-damage|p1b: Jeanne d'Arc|87\/100\n|-unboost|p1b: Jeanne d'Arc|atk|1\n|\n|-weather|RainDance|[upkeep]\n|-heal|p1b: Jeanne d'Arc|93\/100|[from] item: Leftovers\n|upkeep\n|turn|10\n|c| minior01|Wow\n|\n|t:|1700511603\n|move|p1b: Jeanne d'Arc|Dazzling Gleam|p2b: Froggo Doggo\n|-damage|p2b: Froggo Doggo|9\/100\n|move|p2b: Froggo Doggo|Chilling Water|p1b: Jeanne d'Arc\n|-damage|p1b: Jeanne d'Arc|79\/100\n|-unboost|p1b: Jeanne d'Arc|atk|1\n|\n|-weather|none\n|-heal|p1b: Jeanne d'Arc|85\/100|[from] item: Leftovers\n|upkeep\n|turn|11\n|\n|t:|1700511658\n|move|p1b: Jeanne d'Arc|Dazzling Gleam|p2b: Froggo Doggo\n|-damage|p2b: Froggo Doggo|0 fnt\n|faint|p2b: Froggo Doggo\n|\n|win|Astra15\n","uploadtime":1700511662,"views":15,"p1id":"astra15","p2id":"yaydoggos","formatid":"gen9vgc2023regulatione","rating":0,"private":0,"password":null}