{"id":"gen9vgc2023regulatione-1989761673","p1":"5wamp","p2":"Flamer blaze","format":"[Gen 9] VGC 2023 Regulation E","log":"|j|\u26065wamp\n|j|\u2606Flamer blaze\n|t:|1699893535\n|gametype|doubles\n|player|p1|5wamp|carmine-festival|\n|player|p2|Flamer blaze|steven-masters2|\n|teamsize|p1|6\n|teamsize|p2|6\n|gen|9\n|tier|[Gen 9] VGC 2023 Regulation E\n|rated|Tournament battle\n|rule|Species Clause: Limit one of each Pok\u00e9mon\n|rule|Item Clause: Limit one of each item\n|clearpoke\n|poke|p1|Dondozo, L50, F|\n|poke|p1|Tatsugiri, L50, M|\n|poke|p1|Rillaboom, L50, F|\n|poke|p1|Volcarona, L50, M|\n|poke|p1|Kingambit, L50, M|\n|poke|p1|Clefairy, L50, F|\n|poke|p2|Baxcalibur, L50, M|\n|poke|p2|Tauros-Paldea-Aqua, L50, M|\n|poke|p2|Great Tusk, L50|\n|poke|p2|Goodra-Hisui, L50, M|\n|poke|p2|Flutter Mane, L50|\n|poke|p2|Garganacl, L50, M|\n|teampreview|4\n|showteam|p1|Dondozo||Leftovers|Unaware|OrderUp,Earthquake,WaveCrash,Protect|||F|||50|,,,,,Grass]Tatsugiri||ChoiceScarf|Commander|DracoMeteor,MuddyWater,IcyWind,TeraBlast|||M|||50|,,,,,Steel]Rillaboom||AssaultVest|GrassySurge|WoodHammer,GrassyGlide,Uturn,FakeOut|||F|||50|,,,,,Fire]Volcarona||SitrusBerry|FlameBody|Protect,HeatWave,TeraBlast,QuiverDance|||M|||50|,,,,,Ground]Kingambit||BlackGlasses|Defiant|Protect,KowtowCleave,SuckerPunch,SwordsDance|||M|||50|,,,,,Dark]Clefairy||Eviolite|FriendGuard|Protect,HelpingHand,FollowMe,HealPulse|||F|||50|,,,,,Grass\n|showteam|p2|Baxcalibur||LoadedDice|ThermalExchange|IcicleSpear,Protect,DragonDance,GlaiveRush|||M|||50|,,,,,Fire]Tauros-Paldea-Aqua||ExpertBelt|Intimidate|AquaJet,Protect,CloseCombat,RagingBull|||M|||50|,,,,,Fighting]Great Tusk||MuscleBand|Protosynthesis|CloseCombat,Earthquake,IceSpinner,Protect||||||50|,,,,,Ground]Goodra-Hisui||AssaultVest|SapSipper|FireBlast,DracoMeteor,HeavySlam,IceBeam|||M|||50|,,,,,Ghost]Flutter Mane||WiseGlasses|Protosynthesis|DazzlingGleam,EnergyBall,ShadowBall,Protect||||||50|,,,,,Fairy]Garganacl||Leftovers|PurifyingSalt|RockSlide,SaltCure,Recover,Protect|||M|||50|,,,,,Ghost\n|j| Lawrence_lmao\n|c|\u26065wamp|hf\n|\n|t:|1699893553\n|start\n|switch|p1a: Santino|Dondozo, L50, F|100\/100\n|switch|p1b: Volcarona|Volcarona, L50, M|100\/100\n|switch|p2a: Goodra|Goodra-Hisui, L50, M, shiny|100\/100\n|switch|p2b: Flutter Mane|Flutter Mane, L50|100\/100\n|turn|1\n|j| blindfishptsd\n|\n|t:|1699893571\n|switch|p1b: Tatsugiri|Tatsugiri, L50, M|100\/100\n|-activate|p1b: Tatsugiri|ability: Commander|[of] p1a: Santino\n|-boost|p1a: Santino|atk|2\n|-boost|p1a: Santino|spa|2\n|-boost|p1a: Santino|spe|2\n|-boost|p1a: Santino|def|2\n|-boost|p1a: Santino|spd|2\n|move|p2b: Flutter Mane|Energy Ball|p1a: Santino\n|-supereffective|p1a: Santino\n|-damage|p1a: Santino|61\/100\n|move|p1a: Santino|Wave Crash|p2b: Flutter Mane\n|-damage|p2b: Flutter Mane|0 fnt\n|faint|p2b: Flutter Mane\n|-end|p2b: Flutter Mane|Protosynthesis|[silent]\n|-damage|p1a: Santino|43\/100|[from] Recoil\n|move|p2a: Goodra|Fire Blast|p1b: Tatsugiri|[miss]\n|-miss|p2a: Goodra|p1b: Tatsugiri\n|\n|-heal|p1a: Santino|50\/100|[from] item: Leftovers\n|upkeep\n|j| O1OOO11O\n|\n|t:|1699893587\n|switch|p2b: Garganacl|Garganacl, L50, M, shiny|100\/100\n|turn|2\n|\n|t:|1699893599\n|-terastallize|p2b: Garganacl|Ghost\n|move|p1a: Santino|Protect|p1a: Santino\n|-singleturn|p1a: Santino|Protect\n|move|p2a: Goodra|Ice Beam|p1a: Santino\n|-activate|p1a: Santino|move: Protect\n|move|p2b: Garganacl|Salt Cure|p1a: Santino\n|-activate|p1a: Santino|move: Protect\n|\n|-heal|p1a: Santino|56\/100|[from] item: Leftovers\n|upkeep\n|turn|3\n|\n|t:|1699893609\n|-terastallize|p1a: Santino|Grass\n|move|p1a: Santino|Order Up|p2a: Goodra\n|-damage|p2a: Goodra|58\/100\n|-boost|p1a: Santino|atk|1\n|move|p2a: Goodra|Heavy Slam|p1a: Santino\n|-damage|p1a: Santino|51\/100\n|move|p2b: Garganacl|Salt Cure|p1a: Santino\n|-damage|p1a: Santino|46\/100\n|-start|p1a: Santino|Salt Cure\n|\n|-heal|p1a: Santino|52\/100|[from] item: Leftovers\n|-damage|p1a: Santino|40\/100|[from] Salt Cure\n|upkeep\n|turn|4\n|\n|t:|1699893620\n|move|p1a: Santino|Earthquake|p2b: Garganacl|[spread] p2a,p2b\n|-miss|p1a: Santino|p1b: Tatsugiri\n|-supereffective|p2a: Goodra\n|-damage|p2a: Goodra|0 fnt\n|-damage|p2b: Garganacl|75\/100\n|faint|p2a: Goodra\n|move|p2b: Garganacl|Rock Slide|p1b: Tatsugiri|[spread] p1a\n|-miss|p2b: Garganacl|p1b: Tatsugiri\n|-damage|p1a: Santino|32\/100\n|\n|-heal|p1a: Santino|38\/100|[from] item: Leftovers\n|-heal|p2b: Garganacl|81\/100|[from] item: Leftovers\n|-damage|p1a: Santino|26\/100|[from] Salt Cure\n|upkeep\n|\n|t:|1699893628\n|switch|p2a: Baxcalibur|Baxcalibur, L50, M, shiny|100\/100\n|turn|5\n|\n|t:|1699893634\n|move|p1a: Santino|Wave Crash|p2b: Garganacl\n|-damage|p2b: Garganacl|15\/100\n|-damage|p1a: Santino|7\/100|[from] Recoil\n|move|p2a: Baxcalibur|Icicle Spear|p1a: Santino\n|-supereffective|p1a: Santino\n|-damage|p1a: Santino|0 fnt\n|faint|p1a: Santino\n|-hitcount|p1: Santino|1\n|move|p2b: Garganacl|Rock Slide|p1b: Tatsugiri\n|-damage|p1b: Tatsugiri|53\/100\n|\n|-heal|p2b: Garganacl|21\/100|[from] item: Leftovers\n|upkeep\n|\n|t:|1699893637\n|switch|p1a: Volcarona|Volcarona, L50, M|100\/100\n|turn|6\n|\n|t:|1699893652\n|move|p2b: Garganacl|Protect|p2b: Garganacl\n|-singleturn|p2b: Garganacl|Protect\n|move|p1b: Tatsugiri|Draco Meteor|p2a: Baxcalibur\n|-supereffective|p2a: Baxcalibur\n|-damage|p2a: Baxcalibur|0 fnt\n|-unboost|p1b: Tatsugiri|spa|2\n|faint|p2a: Baxcalibur\n|move|p1a: Volcarona|Heat Wave|p2b: Garganacl\n|-activate|p2b: Garganacl|move: Protect\n|\n|-heal|p2b: Garganacl|27\/100|[from] item: Leftovers\n|upkeep\n|turn|7\n|l| blindfishptsd\n|\n|t:|1699893666\n|move|p1b: Tatsugiri|Draco Meteor|p2b: Garganacl\n|-crit|p2b: Garganacl\n|-damage|p2b: Garganacl|0 fnt\n|-unboost|p1b: Tatsugiri|spa|2\n|faint|p2b: Garganacl\n|\n|win|5wamp\n|n|\u26065wamp|5wamp\n|n|\u2606Flamer blaze|flamerblaze\n|n| Lawrence_lmao|lawrencelmao\n|n| O1OOO11O|o1ooo11o\n","uploadtime":1699893668,"views":8,"p1id":"5wamp","p2id":"flamerblaze","formatid":"gen9vgc2023regulatione","rating":0,"private":0,"password":""}