{"id":"gen9vgc2023regulatione-2000681884","p1":"N4N0vgc","p2":"porygon peo","format":"[Gen 9] VGC 2023 Regulation E","log":"|j|\u2606N4N0vgc\n|j|\u2606porygon peo\n|n|\u2606N4N0vgc|n4n0vgc\n|n|\u2606porygon peo|porygonpeo\n|html|View the match progress at <a href=\"\/game-bestof3-gen9vgc2023regulatione-2000677462\">game-bestof3-gen9vgc2023regulatione-2000677462<\/a>\n|t:|1701218215\n|gametype|doubles\n|player|p1|N4N0vgc|red-masters|\n|player|p2|porygon peo|1|\n|teamsize|p1|6\n|teamsize|p2|6\n|gen|9\n|tier|[Gen 9] VGC 2023 Regulation E\n|rule|Species Clause: Limit one of each Pok\u00e9mon\n|rule|Item Clause: Limit one of each item\n|clearpoke\n|poke|p1|Tornadus, L50, M|\n|poke|p1|Arcanine-Hisui, L50, M|\n|poke|p1|Rillaboom, L50, M|\n|poke|p1|Gholdengo, L50|\n|poke|p1|Urshifu-*, L50, M|\n|poke|p1|Flutter Mane, L50|\n|poke|p2|Landorus-Therian, L50, M|\n|poke|p2|Heatran, L50, M|\n|poke|p2|Ogerpon-Wellspring, L50, F|\n|poke|p2|Iron Hands, L50|\n|poke|p2|Farigiraf, L50, M|\n|poke|p2|Ninetales-Alola, L50, F|\n|teampreview|4\nporygon peo has agreed to open team sheets.\n|inactive|Battle timer is ON: inactive players will automatically lose when time's up. (requested by N4N0vgc)\nN4N0vgc has agreed to open team sheets.\n|showteam|p1|Tornadus||RockyHelmet|Prankster|BleakwindStorm,Protect,Tailwind,RainDance|||M|||50|,,,,,Steel]Arcanine-Hisui||SitrusBerry|Intimidate|FlareBlitz,RockSlide,ExtremeSpeed,WillOWisp|||M|||50|,,,,,Water]Rillaboom||AssaultVest|GrassySurge|WoodHammer,GrassyGlide,HighHorsepower,FakeOut|||M|||50|,,,,,Fire]Gholdengo||ChoiceSpecs|GoodasGold|MakeItRain,ShadowBall,SteelBeam,Thunderbolt||||||50|,,,,,Steel]Urshifu-Rapid-Strike||MysticWater|UnseenFist|SurgingStrikes,CloseCombat,AquaJet,Detect|||M|||50|,,,,,Water]Flutter Mane||BoosterEnergy|Protosynthesis|Moonblast,DazzlingGleam,ShadowBall,Protect||||||50|,,,,,Fairy\n|showteam|p2|Landorus-Therian||ChoiceScarf|Intimidate|StompingTantrum,RockSlide,Uturn,TeraBlast|||M|||50|,,,,,Flying]Heatran||Leftovers|FlashFire|MagmaStorm,EarthPower,TeraBlast,Protect|||M|||50|,,,,,Grass]Ogerpon-Wellspring||WellspringMask|WaterAbsorb|IvyCudgel,HornLeech,SwordsDance,SpikyShield|||F|||50|,,,,,Water]Iron Hands||AssaultVest|QuarkDrive|FakeOut,WildCharge,DrainPunch,HeavySlam||||||50|,,,,,Water]Farigiraf||SitrusBerry|ArmorTail|Psychic,DazzlingGleam,TrickRoom,Protect|||M|||50|,,,,,Fairy]Ninetales-Alola||LightClay|SnowWarning|Moonblast,IcyWind,AuroraVeil,Protect|||F|||50|,,,,,Water\n|inactive|N4N0vgc has 30 seconds left.\n|inactive|porygon peo has 30 seconds left.\n|inactive|porygon peo has 20 seconds left.\n|\n|t:|1701218255\n|start\n|switch|p1a: DK|Rillaboom, L50, M|100\/100\n|switch|p1b: GholdenGOAT|Gholdengo, L50|100\/100\n|switch|p2a: Mi Poll*|Farigiraf, L50, M|100\/100\n|switch|p2b: Pajas Locas|Iron Hands, L50|100\/100\n|-fieldstart|move: Grassy Terrain|[from] ability: Grassy Surge|[of] p1a: DK\n|turn|1\n|\n|t:|1701218276\n|-terastallize|p1b: GholdenGOAT|Steel\n|move|p2b: Pajas Locas|Fake Out|p1a: DK\n|-damage|p1a: DK|85\/100\n|move|p1b: GholdenGOAT|Steel Beam|p2a: Mi Poll*\n|-damage|p2a: Mi Poll*|0 fnt\n|-damage|p1b: GholdenGOAT|50\/100|[from] steelbeam\n|faint|p2a: Mi Poll*\n|cant|p1a: DK|flinch\n|\n|-heal|p1b: GholdenGOAT|57\/100|[from] Grassy Terrain\n|-heal|p1a: DK|91\/100|[from] Grassy Terrain\n|upkeep\n|\n|t:|1701218287\n|switch|p2a: Cucarachon|Heatran, L50, M|100\/100\n|turn|2\n|\n|t:|1701218310\n|move|p1b: GholdenGOAT|Steel Beam|p2b: Pajas Locas\n|-resisted|p2b: Pajas Locas\n|-damage|p2b: Pajas Locas|64\/100\n|-damage|p1b: GholdenGOAT|7\/100|[from] steelbeam\n|move|p1a: DK|High Horsepower|p2b: Pajas Locas\n|-supereffective|p2b: Pajas Locas\n|-damage|p2b: Pajas Locas|22\/100\n|move|p2a: Cucarachon|Magma Storm|p1a: DK\n|-supereffective|p1a: DK\n|-damage|p1a: DK|19\/100\n|-activate|p1a: DK|move: Magma Storm|[of] p2a: Cucarachon\n|move|p2b: Pajas Locas|Drain Punch|p1b: GholdenGOAT\n|-supereffective|p1b: GholdenGOAT\n|-damage|p1b: GholdenGOAT|0 fnt\n|-heal|p2b: Pajas Locas|24\/100|[from] drain|[of] p1b: GholdenGOAT\n|faint|p1b: GholdenGOAT\n|\n|-heal|p1a: DK|25\/100|[from] Grassy Terrain\n|-heal|p2b: Pajas Locas|30\/100|[from] Grassy Terrain\n|-damage|p1a: DK|12\/100|[from] move: Magma Storm|[partiallytrapped]\n|upkeep\n|\n|t:|1701218319\n|switch|p1b: MelaMeneo|Flutter Mane, L50, shiny|100\/100\n|-enditem|p1b: MelaMeneo|Booster Energy\n|-activate|p1b: MelaMeneo|ability: Protosynthesis|[fromitem]\n|-start|p1b: MelaMeneo|protosynthesisspa\n|turn|3\n|\n|t:|1701218333\n|move|p2a: Cucarachon|Protect|p2a: Cucarachon\n|-singleturn|p2a: Cucarachon|Protect\n|move|p1b: MelaMeneo|Moonblast|p2b: Pajas Locas\n|-supereffective|p2b: Pajas Locas\n|-damage|p2b: Pajas Locas|0 fnt\n|faint|p2b: Pajas Locas\n|-end|p2b: Pajas Locas|Quark Drive|[silent]\n|move|p1a: DK|High Horsepower|p2a: Cucarachon\n|-activate|p2a: Cucarachon|move: Protect\n|\n|-heal|p1a: DK|18\/100|[from] Grassy Terrain\n|-damage|p1a: DK|6\/100|[from] move: Magma Storm|[partiallytrapped]\n|upkeep\n|\n|t:|1701218338\n|switch|p2b: BOOOOONG|Ogerpon-Wellspring, L50, F|100\/100\n|turn|4\n|\n|t:|1701218358\n|-terastallize|p2b: BOOOOONG|Water\n|detailschange|p2b: BOOOOONG|Ogerpon-Wellspring-Tera, L50, F, tera:Water\n|-ability|p2b: BOOOOONG|Embody Aspect (Wellspring)|boost\n|-boost|p2b: BOOOOONG|spd|1\n|move|p1a: DK|Grassy Glide|p2b: BOOOOONG\n|-supereffective|p2b: BOOOOONG\n|-damage|p2b: BOOOOONG|32\/100\n|move|p1b: MelaMeneo|Moonblast|p2b: BOOOOONG\n|-damage|p2b: BOOOOONG|0 fnt\n|faint|p2b: BOOOOONG\n|move|p2a: Cucarachon|Magma Storm|p1b: MelaMeneo|[miss]\n|-miss|p2a: Cucarachon|p1b: MelaMeneo\n|\n|-heal|p1a: DK|12\/100|[from] Grassy Terrain\n|-damage|p1a: DK|0 fnt|[from] move: Magma Storm|[partiallytrapped]\n|faint|p1a: DK\n|upkeep\n|\n|t:|1701218367\n|switch|p1a: Lakitu|Tornadus, L50, M|100\/100\n|turn|5\n|\n|t:|1701218375\n|move|p1a: Lakitu|Rain Dance|p1a: Lakitu\n|-weather|RainDance\n|move|p1b: MelaMeneo|Shadow Ball|p2a: Cucarachon\n|-damage|p2a: Cucarachon|55\/100\n|move|p2a: Cucarachon|Magma Storm|p1b: MelaMeneo\n|-damage|p1b: MelaMeneo|78\/100\n|-activate|p1b: MelaMeneo|move: Magma Storm|[of] p2a: Cucarachon\n|\n|-weather|RainDance|[upkeep]\n|-heal|p1b: MelaMeneo|83\/100|[from] Grassy Terrain\n|-heal|p2a: Cucarachon|61\/100|[from] Grassy Terrain\n|-heal|p2a: Cucarachon|67\/100|[from] item: Leftovers\n|-damage|p1b: MelaMeneo|71\/100|[from] move: Magma Storm|[partiallytrapped]\n|-fieldend|move: Grassy Terrain\n|upkeep\n|turn|6\n|inactive|porygon peo has 30 seconds left.\n|\n|t:|1701218402\n|move|p2a: Cucarachon|Protect|p2a: Cucarachon\n|-singleturn|p2a: Cucarachon|Protect\n|move|p1b: MelaMeneo|Shadow Ball|p2a: Cucarachon\n|-activate|p2a: Cucarachon|move: Protect\n|move|p1a: Lakitu|Bleakwind Storm|p2a: Cucarachon\n|-activate|p2a: Cucarachon|move: Protect\n|\n|-weather|RainDance|[upkeep]\n|-heal|p2a: Cucarachon|73\/100|[from] item: Leftovers\n|-damage|p1b: MelaMeneo|59\/100|[from] move: Magma Storm|[partiallytrapped]\n|upkeep\n|turn|7\n|\n|t:|1701218414\n|move|p1b: MelaMeneo|Shadow Ball|p2a: Cucarachon\n|-damage|p2a: Cucarachon|26\/100\n|move|p1a: Lakitu|Bleakwind Storm|p2a: Cucarachon\n|-resisted|p2a: Cucarachon\n|-damage|p2a: Cucarachon|9\/100\n|move|p2a: Cucarachon|Magma Storm|p1a: Lakitu\n|-damage|p1a: Lakitu|73\/100\n|-activate|p1a: Lakitu|move: Magma Storm|[of] p2a: Cucarachon\n|\n|-weather|RainDance|[upkeep]\n|-heal|p2a: Cucarachon|15\/100|[from] item: Leftovers\n|-damage|p1b: MelaMeneo|47\/100|[from] move: Magma Storm|[partiallytrapped]\n|-damage|p1a: Lakitu|60\/100|[from] move: Magma Storm|[partiallytrapped]\n|upkeep\n|turn|8\n|\n|t:|1701218422\n|move|p2a: Cucarachon|Protect|p2a: Cucarachon\n|-singleturn|p2a: Cucarachon|Protect\n|move|p1a: Lakitu|Tailwind|p1a: Lakitu\n|-sidestart|p1: N4N0vgc|move: Tailwind\n|move|p1b: MelaMeneo|Shadow Ball|p2a: Cucarachon\n|-activate|p2a: Cucarachon|move: Protect\n|\n|-weather|RainDance|[upkeep]\n|-heal|p2a: Cucarachon|21\/100|[from] item: Leftovers\n|-damage|p1b: MelaMeneo|35\/100|[from] move: Magma Storm|[partiallytrapped]\n|-damage|p1a: Lakitu|48\/100|[from] move: Magma Storm|[partiallytrapped]\n|upkeep\n|turn|9\n|c|\u2606N4N0vgc|ggs\n|\n|t:|1701218427\n|move|p2a: Cucarachon|Protect||[still]\n|-fail|p2a: Cucarachon\n|move|p1b: MelaMeneo|Shadow Ball|p2a: Cucarachon\n|-damage|p2a: Cucarachon|0 fnt\n|faint|p2a: Cucarachon\n|\n|win|N4N0vgc\n|c|\u2606porygon peo|ggs\n|l|\u2606porygon peo\n","uploadtime":1701218599,"views":3,"p1id":"n4n0vgc","p2id":"porygonpeo","formatid":"gen9vgc2023regulatione","rating":0,"private":0,"password":""}