{"id":"gen9vgc2023regulatione-1995530249","p1":"D0xie","p2":"justin clight","format":"[Gen 9] VGC 2023 Regulation E","log":"|j|\u2606D0xie\n|j|\u2606justin clight\n|t:|1700580261\n|gametype|doubles\n|player|p1|D0xie|flannery|1273\n|player|p2|justin clight|2|1355\n|teamsize|p1|6\n|teamsize|p2|6\n|gen|9\n|tier|[Gen 9] VGC 2023 Regulation E\n|rated|\n|rule|Species Clause: Limit one of each Pok\u00e9mon\n|rule|Item Clause: Limit one of each item\n|clearpoke\n|poke|p1|Toedscruel, L50, M|\n|poke|p1|Arcanine-Hisui, L50, F|\n|poke|p1|Sableye, L50, M|\n|poke|p1|Flutter Mane, L50|\n|poke|p1|Ogerpon-Wellspring, L50, F|\n|poke|p1|Dragapult, L50, M|\n|poke|p2|Urshifu-*, L50, M|\n|poke|p2|Rillaboom, L50, M|\n|poke|p2|Gholdengo, L50|\n|poke|p2|Tornadus, L50, M|\n|poke|p2|Arcanine-Hisui, L50, M|\n|poke|p2|Flutter Mane, L50|\n|teampreview|4\n|inactive|Battle timer is ON: inactive players will automatically lose when time's up. (requested by D0xie)\n|\n|t:|1700580290\n|start\n|switch|p1a: Sableye|Sableye, L50, M|100\/100\n|switch|p1b: Toedscruel|Toedscruel, L50, M|100\/100\n|switch|p2a: Eolo|Tornadus, L50, M|100\/100\n|switch|p2b: YukiOnna|Flutter Mane, L50|100\/100\n|-enditem|p2b: YukiOnna|Booster Energy\n|-activate|p2b: YukiOnna|ability: Protosynthesis|[fromitem]\n|-start|p2b: YukiOnna|protosynthesisspa\n|turn|1\n|\n|t:|1700580307\n|-terastallize|p2b: YukiOnna|Fairy\n|move|p1a: Sableye|Skill Swap|p1b: Toedscruel\n|-activate|p1a: Sableye|move: Skill Swap|||[of] p1b: Toedscruel\n|move|p1b: Toedscruel|Spore|p2b: YukiOnna\n|-status|p2b: YukiOnna|slp|[from] move: Spore\n|move|p2a: Eolo|Bleakwind Storm|p1b: Toedscruel|[spread] p1a\n|-miss|p2a: Eolo|p1b: Toedscruel\n|-damage|p1a: Sableye|60\/100\n|-unboost|p1a: Sableye|spe|1\n|-enditem|p1a: Sableye|Eject Button\n|\n|t:|1700580314\n|switch|p1a: Arcanine|Arcanine-Hisui, L50, F|100\/100\n|-ability|p1a: Arcanine|Intimidate|boost\n|-unboost|p2a: Eolo|atk|1\n|-unboost|p2b: YukiOnna|atk|1\n|cant|p2b: YukiOnna|slp\n|\n|upkeep\n|turn|2\n|\n|t:|1700580328\n|-curestatus|p2b: YukiOnna|slp|[msg]\n|move|p2b: YukiOnna|Protect|p2b: YukiOnna\n|-singleturn|p2b: YukiOnna|Protect\n|move|p2a: Eolo|Tailwind|p2a: Eolo\n|-sidestart|p2: justin clight|move: Tailwind\n|move|p1b: Toedscruel|Tickle|p2a: Eolo\n|-unboost|p2a: Eolo|atk|1\n|-unboost|p2a: Eolo|def|1\n|move|p1a: Arcanine|Rock Slide|p2b: YukiOnna|[spread] p2a\n|-activate|p2b: YukiOnna|move: Protect\n|-supereffective|p2a: Eolo\n|-damage|p2a: Eolo|0 fnt\n|faint|p2a: Eolo\n|\n|upkeep\n|\n|t:|1700580340\n|switch|p2a: Kazzoie|Rillaboom, L50, M|100\/100\n|-fieldstart|move: Grassy Terrain|[from] ability: Grassy Surge|[of] p2a: Kazzoie\n|turn|3\n|\n|t:|1700580356\n|switch|p1a: Sableye|Sableye, L50, M|60\/100\n|move|p1b: Toedscruel|Protect|p1b: Toedscruel\n|-singleturn|p1b: Toedscruel|Protect\n|move|p2a: Kazzoie|Fake Out|p1a: Sableye\n|-immune|p1a: Sableye\n|move|p2b: YukiOnna|Moonblast|p1b: Toedscruel\n|-activate|p1b: Toedscruel|move: Protect\n|\n|-heal|p1a: Sableye|66\/100|[from] Grassy Terrain\n|upkeep\n|turn|4\n|\n|t:|1700580370\n|move|p1b: Toedscruel|Spore|p2b: YukiOnna\n|-status|p2b: YukiOnna|slp|[from] move: Spore\n|move|p1a: Sableye|Will-O-Wisp|p2a: Kazzoie\n|-status|p2a: Kazzoie|brn\n|cant|p2b: YukiOnna|slp\n|move|p2a: Kazzoie|Wood Hammer|p1b: Toedscruel\n|-damage|p1b: Toedscruel|63\/100\n|-damage|p2a: Kazzoie|89\/100 brn|[from] Recoil\n|\n|-heal|p2a: Kazzoie|95\/100 brn|[from] Grassy Terrain\n|-heal|p1b: Toedscruel|69\/100|[from] Grassy Terrain\n|-heal|p1a: Sableye|72\/100|[from] Grassy Terrain\n|-damage|p2a: Kazzoie|89\/100 brn|[from] brn\n|upkeep\n|turn|5\n|\n|t:|1700580385\n|switch|p1a: Arcanine|Arcanine-Hisui, L50, F|100\/100\n|-ability|p1a: Arcanine|Intimidate|boost\n|-unboost|p2a: Kazzoie|atk|1\n|-unboost|p2b: YukiOnna|atk|1\n|move|p1b: Toedscruel|Tickle|p2a: Kazzoie\n|-unboost|p2a: Kazzoie|atk|1\n|-unboost|p2a: Kazzoie|def|1\n|-curestatus|p2b: YukiOnna|slp|[msg]\n|move|p2b: YukiOnna|Shadow Ball|p1a: Arcanine\n|-damage|p1a: Arcanine|40\/100\n|move|p2a: Kazzoie|Wood Hammer|p1b: Toedscruel\n|-damage|p1b: Toedscruel|51\/100\n|-damage|p2a: Kazzoie|84\/100 brn|[from] Recoil\n|\n|-heal|p2a: Kazzoie|90\/100 brn|[from] Grassy Terrain\n|-heal|p1a: Arcanine|46\/100|[from] Grassy Terrain\n|-heal|p1b: Toedscruel|57\/100|[from] Grassy Terrain\n|-damage|p2a: Kazzoie|84\/100 brn|[from] brn\n|-sideend|p2: justin clight|move: Tailwind\n|upkeep\n|turn|6\n|\n|t:|1700580402\n|-end|p2b: YukiOnna|Protosynthesis|[silent]\n|switch|p2b: CofreLAbYt|Gholdengo, L50|100\/100\n|move|p1b: Toedscruel|Spore|p2b: CofreLAbYt\n|-immune|p2b: CofreLAbYt|[from] ability: Good as Gold\n|move|p1a: Arcanine|Rock Slide|p2b: CofreLAbYt|[spread] p2a,p2b\n|-resisted|p2b: CofreLAbYt\n|-damage|p2a: Kazzoie|41\/100 brn\n|-damage|p2b: CofreLAbYt|83\/100\n|cant|p2a: Kazzoie|flinch\n|\n|-heal|p2b: CofreLAbYt|89\/100|[from] Grassy Terrain\n|-heal|p1a: Arcanine|52\/100|[from] Grassy Terrain\n|-heal|p1b: Toedscruel|63\/100|[from] Grassy Terrain\n|-heal|p2a: Kazzoie|47\/100 brn|[from] Grassy Terrain\n|-damage|p2a: Kazzoie|41\/100 brn|[from] brn\n|upkeep\n|turn|7\n|inactive|D0xie has 30 seconds left.\n|\n|t:|1700580428\n|switch|p2a: YukiOnna|Flutter Mane, L50, tera:Fairy|100\/100\n|move|p2b: CofreLAbYt|Power Gem|p1a: Arcanine\n|-supereffective|p1a: Arcanine\n|-damage|p1a: Arcanine|0 fnt\n|faint|p1a: Arcanine\n|move|p1b: Toedscruel|Earth Power|p2b: CofreLAbYt\n|-supereffective|p2b: CofreLAbYt\n|-damage|p2b: CofreLAbYt|27\/100\n|\n|-heal|p2b: CofreLAbYt|33\/100|[from] Grassy Terrain\n|-heal|p1b: Toedscruel|69\/100|[from] Grassy Terrain\n|-fieldend|move: Grassy Terrain\n|upkeep\n|\n|t:|1700580435\n|switch|p1a: Flutter Mane|Flutter Mane, L50|100\/100\n|-enditem|p1a: Flutter Mane|Booster Energy\n|-activate|p1a: Flutter Mane|ability: Protosynthesis|[fromitem]\n|-start|p1a: Flutter Mane|protosynthesisspe\n|turn|8\n|\n|t:|1700580453\n|switch|p2b: Kazzoie|Rillaboom, L50, M|41\/100 brn\n|-fieldstart|move: Grassy Terrain|[from] ability: Grassy Surge|[of] p2b: Kazzoie\n|move|p1a: Flutter Mane|Protect|p1a: Flutter Mane\n|-singleturn|p1a: Flutter Mane|Protect\n|move|p2a: YukiOnna|Moonblast|p1b: Toedscruel\n|-damage|p1b: Toedscruel|15\/100\n|-unboost|p1b: Toedscruel|spa|1\n|move|p1b: Toedscruel|Earth Power|p2b: Kazzoie\n|-resisted|p2b: Kazzoie\n|-damage|p2b: Kazzoie|35\/100 brn\n|\n|-heal|p1b: Toedscruel|21\/100|[from] Grassy Terrain\n|-heal|p2b: Kazzoie|41\/100 brn|[from] Grassy Terrain\n|-damage|p2b: Kazzoie|35\/100 brn|[from] brn\n|upkeep\n|turn|9\n|inactive|justin clight has 30 seconds left.\n|\n|t:|1700580487\n|move|p2b: Kazzoie|Fake Out|p1b: Toedscruel\n|-damage|p1b: Toedscruel|15\/100\n|cant|p1b: Toedscruel|flinch\n|move|p1a: Flutter Mane|Imprison|p1a: Flutter Mane\n|-start|p1a: Flutter Mane|move: Imprison\n|cant|p2a: YukiOnna|move: Imprison|Shadow Ball\n|\n|-heal|p1b: Toedscruel|21\/100|[from] Grassy Terrain\n|-heal|p2b: Kazzoie|41\/100 brn|[from] Grassy Terrain\n|-damage|p2b: Kazzoie|35\/100 brn|[from] brn\n|upkeep\n|turn|10\n|\n|t:|1700580501\n|-terastallize|p1a: Flutter Mane|Fairy\n|move|p1b: Toedscruel|Spore|p2a: YukiOnna\n|-status|p2a: YukiOnna|slp|[from] move: Spore\n|move|p2b: Kazzoie|Grassy Glide|p1b: Toedscruel\n|-damage|p1b: Toedscruel|3\/100\n|move|p1a: Flutter Mane|Dazzling Gleam|p2a: YukiOnna|[spread] p2a,p2b\n|-damage|p2a: YukiOnna|61\/100 slp\n|-damage|p2b: Kazzoie|5\/100 brn\n|cant|p2a: YukiOnna|slp\n|\n|-heal|p2a: YukiOnna|67\/100 slp|[from] Grassy Terrain\n|-heal|p1b: Toedscruel|9\/100|[from] Grassy Terrain\n|-heal|p2b: Kazzoie|11\/100 brn|[from] Grassy Terrain\n|-damage|p2b: Kazzoie|5\/100 brn|[from] brn\n|upkeep\n|turn|11\n|\n|t:|1700580522\n|move|p1b: Toedscruel|Protect|p1b: Toedscruel\n|-singleturn|p1b: Toedscruel|Protect\n|move|p2b: Kazzoie|Grassy Glide|p1b: Toedscruel\n|-activate|p1b: Toedscruel|move: Protect\n|move|p1a: Flutter Mane|Dazzling Gleam|p2a: YukiOnna|[spread] p2a,p2b\n|-damage|p2a: YukiOnna|26\/100 slp\n|-damage|p2b: Kazzoie|0 fnt\n|faint|p2b: Kazzoie\n|cant|p2a: YukiOnna|slp\n|\n|-heal|p2a: YukiOnna|32\/100 slp|[from] Grassy Terrain\n|-heal|p1b: Toedscruel|15\/100|[from] Grassy Terrain\n|upkeep\n|\n|t:|1700580533\n|switch|p2b: CofreLAbYt|Gholdengo, L50|33\/100\n|turn|12\n|-message|justin clight forfeited.\n|\n|win|D0xie\n|raw|D0xie's rating: 1273 &rarr; <strong>1304<\/strong><br \/>(+31 for winning)\n|raw|justin clight's rating: 1355 &rarr; <strong>1330<\/strong><br \/>(-25 for losing)\n|l|\u2606D0xie\n|l|\u2606justin clight\n|j|\u2606D0xie\n|player|p1|D0xie|flannery\n","uploadtime":1700580557,"views":7,"p1id":"d0xie","p2id":"justinclight","formatid":"gen9vgc2023regulatione","rating":1304,"private":0,"password":""}