{"id":"gen9vgc2023regulatione-1993945275","p1":"RealestYuan","p2":"IndirectPower","format":"[Gen 9] VGC 2023 Regulation E","log":"|j|\u2606RealestYuan\n|j|\u2606IndirectPower\n|t:|1700380272\n|gametype|doubles\n|player|p1|RealestYuan|clerkf|1106\n|player|p2|IndirectPower|2|1162\n|teamsize|p1|6\n|teamsize|p2|6\n|gen|9\n|tier|[Gen 9] VGC 2023 Regulation E\n|rated|\n|rule|Species Clause: Limit one of each Pok\u00e9mon\n|rule|Item Clause: Limit one of each item\n|clearpoke\n|poke|p1|Torkoal, L50, M|\n|poke|p1|Rillaboom, L50, M|\n|poke|p1|Tornadus, L50, M|\n|poke|p1|Landorus-Therian, L50, M|\n|poke|p1|Gallade, L50, M|\n|poke|p1|Iron Bundle, L50|\n|poke|p2|Tornadus, L50, M|\n|poke|p2|Urshifu-*, L50, M|\n|poke|p2|Ogerpon-Wellspring, L50, F|\n|poke|p2|Bellibolt, L50, M|\n|poke|p2|Flutter Mane, L50|\n|poke|p2|Amoonguss, L50, F|\n|teampreview|4\n|\n|t:|1700380284\n|start\n|switch|p1a: Tornadus|Tornadus, L50, M|100\/100\n|switch|p1b: Iron Bundle|Iron Bundle, L50|100\/100\n|switch|p2a: Tornadus|Tornadus, L50, M|100\/100\n|switch|p2b: Urshifu|Urshifu-Rapid-Strike, L50, M|100\/100\n|-enditem|p1b: Iron Bundle|Booster Energy\n|-activate|p1b: Iron Bundle|ability: Quark Drive|[fromitem]\n|-start|p1b: Iron Bundle|quarkdrivespa\n|turn|1\n|\n|t:|1700380306\n|move|p2b: Urshifu|Detect|p2b: Urshifu\n|-singleturn|p2b: Urshifu|Protect\n|move|p2a: Tornadus|Tailwind|p2a: Tornadus\n|-sidestart|p2: IndirectPower|move: Tailwind\n|move|p1a: Tornadus|Sunny Day|p1a: Tornadus\n|-weather|SunnyDay\n|move|p1b: Iron Bundle|Freeze-Dry|p2b: Urshifu\n|-activate|p2b: Urshifu|move: Protect\n|\n|-weather|SunnyDay|[upkeep]\n|upkeep\n|turn|2\n|\n|t:|1700380323\n|move|p2a: Tornadus|Rain Dance|p2a: Tornadus\n|-weather|RainDance\n|move|p1a: Tornadus|Tailwind|p1a: Tornadus\n|-sidestart|p1: RealestYuan|move: Tailwind\n|move|p1b: Iron Bundle|Freeze-Dry|p2b: Urshifu\n|-supereffective|p2b: Urshifu\n|-damage|p2b: Urshifu|0 fnt\n|faint|p2b: Urshifu\n|\n|-weather|RainDance|[upkeep]\n|upkeep\n|\n|t:|1700380328\n|switch|p2b: Bellibolt|Bellibolt, L50, M|100\/100\n|turn|3\n|\n|t:|1700380344\n|move|p2a: Tornadus|Taunt|p1a: Tornadus\n|-start|p1a: Tornadus|move: Taunt\n|cant|p1a: Tornadus|move: Taunt|Taunt\n|move|p1b: Iron Bundle|Icy Wind|p2a: Tornadus|[spread] p2a,p2b\n|-supereffective|p2a: Tornadus\n|-damage|p2a: Tornadus|54\/100\n|-damage|p2b: Bellibolt|78\/100\n|-unboost|p2a: Tornadus|spe|1\n|-unboost|p2b: Bellibolt|spe|1\n|-start|p2b: Bellibolt|Charge|Icy Wind|[from] ability: Electromorphosis\n|move|p2b: Bellibolt|Thunder|p1b: Iron Bundle\n|-supereffective|p1b: Iron Bundle\n|-damage|p1b: Iron Bundle|0 fnt\n|faint|p1b: Iron Bundle\n|-end|p1b: Iron Bundle|Quark Drive|[silent]\n|-end|p2b: Bellibolt|Charge|[silent]\n|\n|-weather|RainDance|[upkeep]\n|upkeep\n|\n|t:|1700380353\n|switch|p1b: Rillaboom|Rillaboom, L50, M|100\/100\n|-fieldstart|move: Grassy Terrain|[from] ability: Grassy Surge|[of] p1b: Rillaboom\n|turn|4\n|\n|t:|1700380389\n|move|p1b: Rillaboom|Knock Off|p2b: Bellibolt\n|-damage|p2b: Bellibolt|51\/100\n|-start|p2b: Bellibolt|Charge|Knock Off|[from] ability: Electromorphosis\n|-damage|p1b: Rillaboom|84\/100|[from] item: Rocky Helmet|[of] p2b: Bellibolt\n|-enditem|p2b: Bellibolt|Rocky Helmet|[from] move: Knock Off|[of] p1b: Rillaboom\n|move|p1a: Tornadus|Bleakwind Storm|p2a: Tornadus|[spread] p2a,p2b\n|-resisted|p2b: Bellibolt\n|-damage|p2a: Tornadus|30\/100\n|-damage|p2b: Bellibolt|37\/100\n|-start|p2b: Bellibolt|Charge|Bleakwind Storm|[from] ability: Electromorphosis\n|move|p2a: Tornadus|Bleakwind Storm|p1b: Rillaboom|[spread] p1a,p1b\n|-supereffective|p1b: Rillaboom\n|-damage|p1a: Tornadus|73\/100\n|-damage|p1b: Rillaboom|0 fnt\n|faint|p1b: Rillaboom\n|move|p2b: Bellibolt|Thunder|p1a: Tornadus\n|-supereffective|p1a: Tornadus\n|-damage|p1a: Tornadus|0 fnt\n|faint|p1a: Tornadus\n|-end|p2b: Bellibolt|Charge|[silent]\n|\n|-weather|RainDance|[upkeep]\n|-heal|p2b: Bellibolt|43\/100|[from] Grassy Terrain\n|-sideend|p2: IndirectPower|move: Tailwind\n|upkeep\n|\n|t:|1700380400\n|switch|p1a: Landorus|Landorus-Therian, L50, M|100\/100\n|-ability|p1a: Landorus|Intimidate|boost\n|-unboost|p2a: Tornadus|atk|1\n|-unboost|p2b: Bellibolt|atk|1\n|turn|5\n|\n|t:|1700380415\n|-terastallize|p2b: Bellibolt|Flying\n|move|p1a: Landorus|Rock Slide|p2a: Tornadus|[spread] p2a,p2b\n|-supereffective|p2a: Tornadus\n|-supereffective|p2b: Bellibolt\n|-damage|p2a: Tornadus|0 fnt\n|-damage|p2b: Bellibolt|0 fnt\n|faint|p2a: Tornadus\n|faint|p2b: Bellibolt\n|\n|-weather|RainDance|[upkeep]\n|-sideend|p1: RealestYuan|move: Tailwind\n|upkeep\n|\n|t:|1700380420\n|switch|p2b: Ogerpon|Ogerpon-Wellspring, L50, F|100\/100\n|turn|6\n|\n|t:|1700380424\n|-terastallize|p1a: Landorus|Fire\n|move|p1a: Landorus|Rock Slide|p2b: Ogerpon\n|-crit|p2b: Ogerpon\n|-damage|p2b: Ogerpon|38\/100\n|cant|p2b: Ogerpon|flinch\n|\n|-weather|none\n|-heal|p2b: Ogerpon|44\/100|[from] Grassy Terrain\n|upkeep\n|turn|7\n|c|\u2606IndirectPower|wow\n|c|\u2606IndirectPower|gg i guess\n|\n|t:|1700380440\n|move|p1a: Landorus|Rock Slide|p2b: Ogerpon\n|-damage|p2b: Ogerpon|5\/100\n|cant|p2b: Ogerpon|flinch\n|\n|-heal|p2b: Ogerpon|11\/100|[from] Grassy Terrain\n|upkeep\n|turn|8\n|c|\u2606RealestYuan|Oh\n|c|\u2606RealestYuan|I feel bad\n|\n|t:|1700380451\n|move|p1a: Landorus|Rock Slide|p2b: Ogerpon\n|-damage|p2b: Ogerpon|0 fnt\n|faint|p2b: Ogerpon\n|\n|win|RealestYuan\n|raw|RealestYuan's rating: 1106 &rarr; <strong>1135<\/strong><br \/>(+29 for winning)\n|raw|IndirectPower's rating: 1162 &rarr; <strong>1133<\/strong><br \/>(-29 for losing)\n|c|\u2606RealestYuan|gg\n|c|\u2606IndirectPower|crit into dobule  flinch\n|l|\u2606IndirectPower\n|c|\u2606RealestYuan|I got bailed out hahaha\n","uploadtime":1700380485,"views":11,"p1id":"realestyuan","p2id":"indirectpower","formatid":"gen9vgc2023regulatione","rating":1133,"private":0,"password":""}