{"id":"gen9vgc2023regulatione-1992293890","p1":"Pepenumbra","p2":"Thieving_Vigilante","format":"[Gen 9] VGC 2023 Regulation E","log":"|j|\u2606Pepenumbra\n|j|\u2606Thieving_Vigilante\n|t:|1700171753\n|gametype|doubles\n|player|p1|Pepenumbra|emmet|1305\n|player|p2|Thieving_Vigilante|ethan|1389\n|teamsize|p1|6\n|teamsize|p2|6\n|gen|9\n|tier|[Gen 9] VGC 2023 Regulation E\n|rated|\n|rule|Species Clause: Limit one of each Pok\u00e9mon\n|rule|Item Clause: Limit one of each item\n|clearpoke\n|poke|p1|Tornadus, L50, M|\n|poke|p1|Urshifu-*, L50, M|\n|poke|p1|Flutter Mane, L50|\n|poke|p1|Arcanine-Hisui, L50, M|\n|poke|p1|Rillaboom, L50, F|\n|poke|p1|Chien-Pao, L50|\n|poke|p2|Sneasler, L50, M|\n|poke|p2|Rillaboom, L50, M|\n|poke|p2|Heatran, L50, M|\n|poke|p2|Landorus-Therian, L50, M|\n|poke|p2|Empoleon, L50, M|\n|poke|p2|Thundurus, L50, M|\n|teampreview|4\n|inactive|Battle timer is ON: inactive players will automatically lose when time's up. (requested by Thieving_Vigilante)\nThieving_Vigilante rejected open team sheets.\n|inactive|Pepenumbra has 60 seconds left.\n|\n|t:|1700171784\n|start\n|switch|p1a: Mexi|Rillaboom, L50, F, shiny|100\/100\n|switch|p1b: Mazatlan|Tornadus, L50, M|100\/100\n|switch|p2a: Empoleon|Empoleon, L50, M|100\/100\n|switch|p2b: Thundurus|Thundurus, L50, M|100\/100\n|-fieldstart|move: Grassy Terrain|[from] ability: Grassy Surge|[of] p1a: Mexi\n|turn|1\n|inactive|Thieving_Vigilante has 30 seconds left.\n|\n|t:|1700171818\n|move|p1b: Mazatlan|Tailwind|p1b: Mazatlan\n|-sidestart|p1: Pepenumbra|move: Tailwind\n|move|p2b: Thundurus|Taunt|p1b: Mazatlan\n|-start|p1b: Mazatlan|move: Taunt\n|move|p1a: Mexi|Wood Hammer|p2a: Empoleon\n|-damage|p2a: Empoleon|32\/100\n|-enditem|p2a: Empoleon|Sitrus Berry|[eat]\n|-heal|p2a: Empoleon|56\/100|[from] item: Sitrus Berry\n|-damage|p1a: Mexi|79\/100|[from] Recoil\n|move|p2a: Empoleon|Icy Wind|p1a: Mexi|[spread] p1a\n|-miss|p2a: Empoleon|p1b: Mazatlan\n|-supereffective|p1a: Mexi\n|-damage|p1a: Mexi|61\/100\n|-unboost|p1a: Mexi|spe|1\n|\n|-heal|p1a: Mexi|67\/100|[from] Grassy Terrain\n|-heal|p2a: Empoleon|62\/100|[from] Grassy Terrain\n|upkeep\n|turn|2\n|inactive|Pepenumbra has 30 seconds left.\n|inactive|Thieving_Vigilante has 30 seconds left.\n|\n|t:|1700171851\n|switch|p1b: Chien-Pao|Chien-Pao, L50|100\/100\n|-ability|p1b: Chien-Pao|Sword of Ruin\n|switch|p2a: Rillaboom|Rillaboom, L50, M|100\/100\n|move|p2b: Thundurus|Thunder Wave|p1b: Chien-Pao\n|-hint|Since gen 7, Dark is immune to Prankster moves.\n|-immune|p1b: Chien-Pao\n|move|p1a: Mexi|Wood Hammer|p2a: Rillaboom\n|-resisted|p2a: Rillaboom\n|-damage|p2a: Rillaboom|53\/100\n|-damage|p1a: Mexi|51\/100|[from] Recoil\n|\n|-heal|p1a: Mexi|57\/100|[from] Grassy Terrain\n|-heal|p2a: Rillaboom|59\/100|[from] Grassy Terrain\n|upkeep\n|turn|3\n|\n|t:|1700171875\n|switch|p1a: Mazatlan|Tornadus, L50, M|100\/100\n|move|p1b: Chien-Pao|Protect|p1b: Chien-Pao\n|-singleturn|p1b: Chien-Pao|Protect\n|move|p2a: Rillaboom|Fake Out|p1b: Chien-Pao\n|-activate|p1b: Chien-Pao|move: Protect\n|move|p2b: Thundurus|Thunder Wave|p1a: Mazatlan\n|-status|p1a: Mazatlan|par\n|\n|-heal|p2a: Rillaboom|65\/100|[from] Grassy Terrain\n|upkeep\n|turn|4\n|\n|t:|1700171895\n|switch|p2a: Empoleon|Empoleon, L50, M|62\/100\n|move|p1a: Mazatlan|Taunt|p2b: Thundurus\n|-start|p2b: Thundurus|move: Taunt\n|move|p1b: Chien-Pao|Icicle Crash|p2a: Empoleon\n|-resisted|p2a: Empoleon\n|-damage|p2a: Empoleon|49\/100\n|move|p2b: Thundurus|Wildbolt Storm|p1b: Chien-Pao|[spread] p1a,p1b\n|-supereffective|p1a: Mazatlan\n|-damage|p1a: Mazatlan|36\/100 par\n|-damage|p1b: Chien-Pao|47\/100\n|-status|p1b: Chien-Pao|par\n|\n|-heal|p1b: Chien-Pao|52\/100 par|[from] Grassy Terrain\n|-heal|p2a: Empoleon|55\/100|[from] Grassy Terrain\n|-sideend|p1: Pepenumbra|move: Tailwind\n|upkeep\n|turn|5\n|\n|t:|1700171913\n|move|p2a: Empoleon|Vacuum Wave|p1b: Chien-Pao\n|-supereffective|p1b: Chien-Pao\n|-damage|p1b: Chien-Pao|0 fnt\n|faint|p1b: Chien-Pao\n|move|p1a: Mazatlan|Tailwind|p1a: Mazatlan\n|-sidestart|p1: Pepenumbra|move: Tailwind\n|move|p2b: Thundurus|Wildbolt Storm|p1a: Mazatlan\n|-supereffective|p1a: Mazatlan\n|-damage|p1a: Mazatlan|0 fnt\n|faint|p1a: Mazatlan\n|\n|-heal|p2a: Empoleon|60\/100|[from] Grassy Terrain\n|-fieldend|move: Grassy Terrain\n|upkeep\n|\n|t:|1700171920\n|switch|p1b: 3times|Urshifu-Rapid-Strike, L50, M|100\/100\n|switch|p1a: Mexi|Rillaboom, L50, F, shiny|57\/100\n|-fieldstart|move: Grassy Terrain|[from] ability: Grassy Surge|[of] p1a: Mexi\n|turn|6\n|inactive|Thieving_Vigilante has 30 seconds left.\n|inactive|Thieving_Vigilante has 20 seconds left.\n|\n|t:|1700171957\n|-terastallize|p1b: 3times|Water\n|move|p1a: Mexi|Fake Out|p2b: Thundurus\n|-damage|p2b: Thundurus|87\/100\n|move|p1b: 3times|Surging Strikes|p2b: Thundurus\n|-crit|p2b: Thundurus\n|-damage|p2b: Thundurus|62\/100\n|-crit|p2b: Thundurus\n|-damage|p2b: Thundurus|35\/100\n|-crit|p2b: Thundurus\n|-damage|p2b: Thundurus|9\/100\n|-hitcount|p2b: Thundurus|3\n|move|p2b: Thundurus|Wildbolt Storm|p1a: Mexi|[spread] p1a,p1b\n|-resisted|p1a: Mexi\n|-supereffective|p1b: 3times\n|-damage|p1a: Mexi|48\/100\n|-damage|p1b: 3times|13\/100\n|-status|p1b: 3times|par\n|move|p2a: Empoleon|Icy Wind|p1a: Mexi|[spread] p1a,p1b\n|-supereffective|p1a: Mexi\n|-resisted|p1b: 3times\n|-damage|p1a: Mexi|31\/100\n|-damage|p1b: 3times|3\/100 par\n|-unboost|p1a: Mexi|spe|1\n|-unboost|p1b: 3times|spe|1\n|\n|-heal|p1b: 3times|9\/100 par|[from] Grassy Terrain\n|-heal|p1a: Mexi|37\/100|[from] Grassy Terrain\n|-heal|p2a: Empoleon|66\/100|[from] Grassy Terrain\n|-end|p2b: Thundurus|move: Taunt\n|upkeep\n|turn|7\n|-message|Pepenumbra forfeited.\n|\n|win|Thieving_Vigilante\n|raw|Pepenumbra's rating: 1305 &rarr; <strong>1290<\/strong><br \/>(-15 for losing)\n|raw|Thieving_Vigilante's rating: 1389 &rarr; <strong>1404<\/strong><br \/>(+15 for winning)\n|l|\u2606Pepenumbra\n|c|\u2606Thieving_Vigilante|parahax lol\n|c|\u2606Thieving_Vigilante|sorry\n","uploadtime":1700171997,"views":29,"p1id":"pepenumbra","p2id":"thievingvigilante","formatid":"gen9vgc2023regulatione","rating":1290,"private":0,"password":""}