{"id":"gen9vgc2023regulatione-1995761425","p1":"Zarroc1994","p2":"Matxp60","format":"[Gen 9] VGC 2023 Regulation E","log":"|j|\u2606Zarroc1994\n|j|\u2606Matxp60\n|t:|1700600686\n|gametype|doubles\n|player|p1|Zarroc1994|2|1471\n|player|p2|Matxp60|ethan|1484\n|teamsize|p1|6\n|teamsize|p2|6\n|gen|9\n|tier|[Gen 9] VGC 2023 Regulation E\n|rated|\n|rule|Species Clause: Limit one of each Pok\u00e9mon\n|rule|Item Clause: Limit one of each item\n|clearpoke\n|poke|p1|Tornadus, L50, M|\n|poke|p1|Flutter Mane, L50|\n|poke|p1|Ogerpon-Hearthflame, L50, F|\n|poke|p1|Urshifu-*, L50, M|\n|poke|p1|Landorus-Therian, L50, M|\n|poke|p1|Rillaboom, L50, M|\n|poke|p2|Ursaluna-Bloodmoon, L50, M|\n|poke|p2|Farigiraf, L50, F|\n|poke|p2|Flutter Mane, L50|\n|poke|p2|Mienshao, L50, M|\n|poke|p2|Staraptor, L50, M|\n|poke|p2|Salamence, L50, M|\n|teampreview|4\n|\n|t:|1700600725\n|start\n|switch|p1a: Flutter Mane|Flutter Mane, L50|100\/100\n|switch|p1b: Dipset|Landorus-Therian, L50, M|100\/100\n|switch|p2a: Anagrama|Farigiraf, L50, F|100\/100\n|switch|p2b: Heck yeah|Staraptor, L50, M, shiny|100\/100\n|-ability|p2b: Heck yeah|Intimidate|boost\n|-unboost|p1a: Flutter Mane|atk|1\n|-unboost|p1b: Dipset|atk|1\n|-ability|p1b: Dipset|Intimidate|boost\n|-unboost|p2a: Anagrama|atk|1\n|-unboost|p2b: Heck yeah|atk|1\n|-enditem|p1a: Flutter Mane|Booster Energy\n|-activate|p1a: Flutter Mane|ability: Protosynthesis|[fromitem]\n|-start|p1a: Flutter Mane|protosynthesisspa\n|turn|1\n|\n|t:|1700600757\n|move|p2b: Heck yeah|Final Gambit|p1b: Dipset\n|-damage|p1b: Dipset|0 fnt\n|faint|p2b: Heck yeah\n|faint|p1b: Dipset\n|move|p1a: Flutter Mane|Dazzling Gleam|p2a: Anagrama\n|-damage|p2a: Anagrama|46\/100\n|-enditem|p2a: Anagrama|Sitrus Berry|[eat]\n|-heal|p2a: Anagrama|71\/100|[from] item: Sitrus Berry\n|move|p2a: Anagrama|Trick Room|p2a: Anagrama\n|-fieldstart|move: Trick Room|[of] p2a: Anagrama\n|\n|upkeep\n|\n|t:|1700600768\n|switch|p1b: Pokefreak92|Ogerpon-Hearthflame, L50, F|100\/100\n|switch|p2b: Z\u00e9 colmeia|Ursaluna-Bloodmoon, L50, M|100\/100\n|-ability|p1b: Pokefreak92|Mold Breaker\n|turn|2\n|\n|t:|1700600783\n|-terastallize|p2b: Z\u00e9 colmeia|Normal\n|move|p2b: Z\u00e9 colmeia|Hyper Voice|p1b: Pokefreak92|[spread] p1a,p1b\n|-damage|p1a: Flutter Mane|43\/100\n|-damage|p1b: Pokefreak92|48\/100\n|-enditem|p2b: Z\u00e9 colmeia|Throat Spray\n|-boost|p2b: Z\u00e9 colmeia|spa|1|[from] item: Throat Spray\n|move|p2a: Anagrama|Psychic|p1a: Flutter Mane\n|-damage|p1a: Flutter Mane|8\/100\n|move|p1b: Pokefreak92|Swords Dance|p1b: Pokefreak92\n|-boost|p1b: Pokefreak92|atk|2\n|move|p1a: Flutter Mane|Moonblast|p2b: Z\u00e9 colmeia\n|-damage|p2b: Z\u00e9 colmeia|32\/100\n|\n|upkeep\n|turn|3\n|\n|t:|1700600800\n|-end|p1a: Flutter Mane|Protosynthesis|[silent]\n|switch|p1a: TheTerminat|Rillaboom, L50, M|100\/100\n|-fieldstart|move: Grassy Terrain|[from] ability: Grassy Surge|[of] p1a: TheTerminat\n|move|p1b: Pokefreak92|Grassy Glide|p2b: Z\u00e9 colmeia\n|-damage|p2b: Z\u00e9 colmeia|0 fnt\n|faint|p2b: Z\u00e9 colmeia\n|move|p2a: Anagrama|Psychic|p1b: Pokefreak92\n|-damage|p1b: Pokefreak92|12\/100\n|\n|-heal|p2a: Anagrama|77\/100|[from] Grassy Terrain\n|-heal|p1b: Pokefreak92|18\/100|[from] Grassy Terrain\n|upkeep\n|c|\u2606Matxp60|Very smart\n|c|\u2606Matxp60|No one ever did it againts me\n|c|\u2606Matxp60|I dindt saw that coming\n|c|\u2606Zarroc1994|:)\n|\n|t:|1700600832\n|switch|p2b: Chien pao|Mienshao, L50, M|100\/100\n|turn|4\n|\n|t:|1700600853\n|move|p1b: Pokefreak92|Spiky Shield|p1b: Pokefreak92\n|-singleturn|p1b: Pokefreak92|move: Protect\n|move|p2a: Anagrama|Psychic|p1a: TheTerminat\n|-damage|p1a: TheTerminat|77\/100\n|move|p1a: TheTerminat|Wood Hammer|p2b: Chien pao\n|-enditem|p2b: Chien pao|Focus Sash\n|-damage|p2b: Chien pao|1\/100\n|-damage|p1a: TheTerminat|55\/100|[from] Recoil\n|move|p2b: Chien pao|Ice Spinner|p1a: TheTerminat\n|-supereffective|p1a: TheTerminat\n|-crit|p1a: TheTerminat\n|-damage|p1a: TheTerminat|0 fnt\n|-fieldend|move: Grassy Terrain\n|faint|p1a: TheTerminat\n|\n|upkeep\n|\n|t:|1700600867\n|switch|p1a: Flutter Mane|Flutter Mane, L50|8\/100\n|turn|5\n|\n|t:|1700600877\n|move|p1b: Pokefreak92|Spiky Shield||[still]\n|-fail|p1b: Pokefreak92\n|move|p1a: Flutter Mane|Protect|p1a: Flutter Mane\n|-singleturn|p1a: Flutter Mane|Protect\n|move|p2a: Anagrama|Psychic|p1b: Pokefreak92\n|-damage|p1b: Pokefreak92|0 fnt\n|faint|p1b: Pokefreak92\n|move|p2b: Chien pao|Ice Spinner|p1a: Flutter Mane\n|-activate|p1a: Flutter Mane|move: Protect\n|\n|-fieldend|move: Trick Room\n|upkeep\n|turn|6\n|\n|t:|1700600889\n|-terastallize|p1a: Flutter Mane|Fairy\n|move|p1a: Flutter Mane|Dazzling Gleam|p2a: Anagrama|[spread] p2a,p2b\n|-supereffective|p2b: Chien pao\n|-damage|p2a: Anagrama|35\/100\n|-damage|p2b: Chien pao|0 fnt\n|faint|p2b: Chien pao\n|move|p2a: Anagrama|Psychic|p1a: Flutter Mane\n|-damage|p1a: Flutter Mane|0 fnt\n|faint|p1a: Flutter Mane\n|-end|p1a: Flutter Mane|Protosynthesis|[silent]\n|\n|win|Matxp60\n|raw|Zarroc1994's rating: 1471 &rarr; <strong>1452<\/strong><br \/>(-19 for losing)\n|raw|Matxp60's rating: 1484 &rarr; <strong>1503<\/strong><br \/>(+19 for winning)\n|l|\u2606Zarroc1994\n|l|\u2606Matxp60\n|j|\u2606Matxp60\n|player|p2|Matxp60|ethan\n","uploadtime":1700601399,"views":8,"p1id":"zarroc1994","p2id":"matxp60","formatid":"gen9vgc2023regulatione","rating":1452,"private":0,"password":""}