{"id":"gen9vgc2023regulatione-1988366921","p1":"AWOLxSick","p2":"BlindMagneton","format":"[Gen 9] VGC 2023 Regulation E","log":"|j|\u2606AWOLxSick\n|j|\u2606BlindMagneton\n|t:|1699714652\n|gametype|doubles\n|player|p1|AWOLxSick|darach-caitlin|1345\n|player|p2|BlindMagneton|wattson|1235\n|teamsize|p1|6\n|teamsize|p2|6\n|gen|9\n|tier|[Gen 9] VGC 2023 Regulation E\n|rated|\n|rule|Species Clause: Limit one of each Pok\u00e9mon\n|rule|Item Clause: Limit one of each item\n|clearpoke\n|poke|p1|Sinistcha, L50|\n|poke|p1|Moltres-Galar, L50|\n|poke|p1|Grimmsnarl, L50, M|\n|poke|p1|Arcanine-Hisui, L50, M|\n|poke|p1|Milotic, L50, M|\n|poke|p1|Munkidori, L50, M|\n|poke|p2|Zoroark-Hisui, L50, F|\n|poke|p2|Grimmsnarl, L50, M|\n|poke|p2|Magnezone, L50|\n|poke|p2|Ogerpon-Wellspring, L50, F|\n|poke|p2|Farigiraf, L50, F|\n|poke|p2|Salamence, L50, M|\n|teampreview|4\n|\n|t:|1699714728\n|start\n|switch|p1a: Arcanine|Arcanine-Hisui, L50, M|100\/100\n|switch|p1b: Moltres|Moltres-Galar, L50|100\/100\n|switch|p2a: Grimmsnarl|Grimmsnarl, L50, M|100\/100\n|switch|p2b: Ogerpon|Ogerpon-Wellspring, L50, F|100\/100\n|-ability|p1a: Arcanine|Intimidate|boost\n|-unboost|p2a: Grimmsnarl|atk|1\n|-unboost|p2b: Ogerpon|atk|1\n|turn|1\n|\n|t:|1699714766\n|switch|p1a: Munkidori|Munkidori, L50, M|100\/100\n|-item|p2a: Grimmsnarl|Covert Cloak|[from] ability: Frisk|[of] p1a: Munkidori|[identify]\n|-item|p2b: Ogerpon|Focus Sash|[from] ability: Frisk|[of] p1a: Munkidori|[identify]\n|move|p2a: Grimmsnarl|Thunder Wave|p1a: Munkidori\n|-status|p1a: Munkidori|par\n|move|p2b: Ogerpon|Hex|p1a: Munkidori\n|-supereffective|p1a: Munkidori\n|-enditem|p1a: Munkidori|Focus Sash\n|-damage|p1a: Munkidori|1\/100 par\n|move|p1b: Moltres|Nasty Plot|p1b: Moltres\n|-boost|p1b: Moltres|spa|2\n|\n|upkeep\n|turn|2\n|\n|t:|1699714798\n|move|p1b: Moltres|Protect|p1b: Moltres\n|-singleturn|p1b: Moltres|Protect\n|move|p2b: Ogerpon|Icy Wind|p1a: Munkidori|[spread] p1a\n|-activate|p1b: Moltres|move: Protect\n|-damage|p1a: Munkidori|0 fnt\n|faint|p1a: Munkidori\n|move|p2a: Grimmsnarl|Spirit Break|p1b: Moltres\n|-activate|p1b: Moltres|move: Protect\n|\n|upkeep\n|\n|t:|1699714829\n|switch|p1a: Arcanine|Arcanine-Hisui, L50, M|100\/100\n|-ability|p1a: Arcanine|Intimidate|boost\n|-unboost|p2a: Grimmsnarl|atk|1\n|-unboost|p2b: Ogerpon|atk|1\n|turn|3\n|\n|t:|1699714862\n|-terastallize|p1a: Arcanine|Fairy\n|move|p2b: Ogerpon|Icy Wind|p1a: Arcanine|[spread] p1a,p1b\n|-supereffective|p1b: Moltres\n|-damage|p1a: Arcanine|91\/100\n|-damage|p1b: Moltres|79\/100\n|-unboost|p1a: Arcanine|spe|1\n|-unboost|p1b: Moltres|spe|1\n|move|p2a: Grimmsnarl|Spirit Break|p1b: Moltres\n|-supereffective|p1b: Moltres\n|-damage|p1b: Moltres|48\/100\n|-unboost|p1b: Moltres|spa|1\n|-ability|p1b: Moltres|Berserk|boost\n|-boost|p1b: Moltres|spa|1\n|-enditem|p1b: Moltres|Sitrus Berry|[eat]\n|-heal|p1b: Moltres|73\/100|[from] item: Sitrus Berry\n|move|p1a: Arcanine|Tera Blast|p2a: Grimmsnarl|[anim] Tera Blast Fairy\n|-supereffective|p2a: Grimmsnarl\n|-damage|p2a: Grimmsnarl|22\/100\n|move|p1b: Moltres|Fiery Wrath|p2a: Grimmsnarl|[spread] p2a,p2b\n|-resisted|p2a: Grimmsnarl\n|-supereffective|p2b: Ogerpon\n|-damage|p2a: Grimmsnarl|8\/100\n|-enditem|p2b: Ogerpon|Focus Sash\n|-damage|p2b: Ogerpon|1\/100\n|replace|p2b: Zoroark|Zoroark-Hisui, L50, F\n|-end|p2b: Zoroark|Illusion\n|\n|upkeep\n|turn|4\n|\n|t:|1699714904\n|switch|p2a: Ogerpon|Ogerpon-Wellspring, L50, F|100\/100\n|move|p1b: Moltres|Protect|p1b: Moltres\n|-singleturn|p1b: Moltres|Protect\n|move|p2b: Zoroark|Will-O-Wisp|p1a: Arcanine\n|-status|p1a: Arcanine|brn\n|move|p1a: Arcanine|Rock Slide|p2a: Ogerpon|[spread] p2a,p2b\n|-damage|p2a: Ogerpon|83\/100\n|-damage|p2b: Zoroark|0 fnt\n|faint|p2b: Zoroark\n|\n|-damage|p1a: Arcanine|85\/100 brn|[from] brn\n|upkeep\n|\n|t:|1699714920\n|switch|p2b: Grimmsnarl|Grimmsnarl, L50, M|8\/100\n|turn|5\n|\n|t:|1699714953\n|move|p2b: Grimmsnarl|Fake Out|p1a: Arcanine\n|-damage|p1a: Arcanine|72\/100 brn\n|cant|p1a: Arcanine|flinch\n|move|p2a: Ogerpon|Encore|p1b: Moltres\n|-start|p1b: Moltres|Encore\n|move|p1b: Moltres|Protect||[still]\n|-fail|p1b: Moltres\n|\n|-damage|p1a: Arcanine|66\/100 brn|[from] brn\n|upkeep\n|turn|6\n|\n|t:|1699714990\n|switch|p2b: Magnezone|Magnezone, L50|100\/100\n|switch|p1b: Sinistcha|Sinistcha, L50|100\/100\n|-heal|p1a: Arcanine|90\/100 brn|[from] ability: Hospitality|[of] p1b: Sinistcha\n|move|p1a: Arcanine|Extreme Speed|p2b: Magnezone\n|-resisted|p2b: Magnezone\n|-damage|p2b: Magnezone|94\/100\n|-damage|p1a: Arcanine|74\/100 brn|[from] item: Rocky Helmet|[of] p2b: Magnezone\n|move|p2a: Ogerpon|Encore|p1a: Arcanine\n|-start|p1a: Arcanine|Encore\n|\n|-damage|p1a: Arcanine|68\/100 brn|[from] brn\n|upkeep\n|turn|7\n|\n|t:|1699715032\n|switch|p1a: Moltres|Moltres-Galar, L50|73\/100\n|move|p2a: Ogerpon|Knock Off|p1b: Sinistcha\n|-supereffective|p1b: Sinistcha\n|-damage|p1b: Sinistcha|30\/100\n|-damage|p2a: Ogerpon|67\/100|[from] item: Rocky Helmet|[of] p1b: Sinistcha\n|-enditem|p1b: Sinistcha|Rocky Helmet|[from] move: Knock Off|[of] p2a: Ogerpon\n|move|p2b: Magnezone|Thunderbolt|p1a: Moltres\n|-supereffective|p1a: Moltres\n|-damage|p1a: Moltres|0 fnt\n|faint|p1a: Moltres\n|move|p1b: Sinistcha|Trick Room|p1b: Sinistcha\n|-fieldstart|move: Trick Room|[of] p1b: Sinistcha\n|\n|upkeep\n|\n|t:|1699715067\n|switch|p1a: Arcanine|Arcanine-Hisui, L50, M, tera:Fairy|68\/100 brn\n|-ability|p1a: Arcanine|Intimidate|boost\n|-unboost|p2a: Ogerpon|atk|1\n|-unboost|p2b: Magnezone|atk|1\n|turn|8\n|\n|t:|1699715116\n|-terastallize|p2b: Magnezone|Fairy\n|move|p2b: Magnezone|Flash Cannon|p1a: Arcanine\n|-supereffective|p1a: Arcanine\n|-damage|p1a: Arcanine|6\/100 brn\n|move|p1b: Sinistcha|Life Dew|p1b: Sinistcha|[spread] p1a,p1b\n|-heal|p1a: Arcanine|31\/100 brn\n|-heal|p1b: Sinistcha|55\/100\n|move|p1a: Arcanine|Flare Blitz|p2b: Magnezone\n|-damage|p2b: Magnezone|64\/100\n|-status|p2b: Magnezone|brn\n|-damage|p1a: Arcanine|15\/100 brn|[from] item: Rocky Helmet|[of] p2b: Magnezone\n|-damage|p1a: Arcanine|6\/100 brn|[from] Recoil\n|move|p2a: Ogerpon|Knock Off|p1b: Sinistcha\n|-supereffective|p1b: Sinistcha\n|-damage|p1b: Sinistcha|26\/100\n|\n|-damage|p2b: Magnezone|58\/100 brn|[from] brn\n|-damage|p1a: Arcanine|0 fnt|[from] brn\n|faint|p1a: Arcanine\n|upkeep\n|turn|9\n|\n|t:|1699715137\n|move|p2b: Magnezone|Flash Cannon|p1b: Sinistcha\n|-damage|p1b: Sinistcha|0 fnt\n|faint|p1b: Sinistcha\n|\n|win|BlindMagneton\n|raw|AWOLxSick's rating: 1345 &rarr; <strong>1319<\/strong><br \/>(-26 for losing)\n|raw|BlindMagneton's rating: 1235 &rarr; <strong>1268<\/strong><br \/>(+33 for winning)\n|l|\u2606AWOLxSick\n","uploadtime":1699715143,"views":20,"p1id":"awolxsick","p2id":"blindmagneton","formatid":"gen9vgc2023regulatione","rating":1268,"private":0,"password":""}