{"id":"gen9vgc2023regulatione-1995692518","p1":"Tizio20","p2":"Bulbasaurteam35","format":"[Gen 9] VGC 2023 Regulation E","log":"|j|\u2606Tizio20\n|j|\u2606Bulbasaurteam35\n|t:|1700594444\n|gametype|doubles\n|player|p1|Tizio20|grimsley|1346\n|player|p2|Bulbasaurteam35|pokemaniac|1320\n|teamsize|p1|6\n|teamsize|p2|6\n|gen|9\n|tier|[Gen 9] VGC 2023 Regulation E\n|rated|\n|rule|Species Clause: Limit one of each Pok\u00e9mon\n|rule|Item Clause: Limit one of each item\n|clearpoke\n|poke|p1|Regidrago, L50|\n|poke|p1|Tornadus, L50, M|\n|poke|p1|Urshifu-*, L50, F|\n|poke|p1|Ogerpon-Hearthflame, L50, F|\n|poke|p1|Rillaboom, L50, F|\n|poke|p1|Gholdengo, L50|\n|poke|p2|Ninetales-Alola, L50, F|\n|poke|p2|Iron Bundle, L50|\n|poke|p2|Chi-Yu, L50|\n|poke|p2|Dachsbun, L50, F|\n|poke|p2|Rillaboom, L50, M|\n|poke|p2|Ogerpon-Hearthflame, L50, F|\n|teampreview|4\n|inactive|Battle timer is ON: inactive players will automatically lose when time's up. (requested by Bulbasaurteam35)\nTizio20 has agreed to open team sheets.\n|inactive|Tizio20 has 60 seconds left.\n|inactive|Tizio20 has 30 seconds left.\n|\n|t:|1700594514\n|start\n|switch|p1a: Tornadus|Tornadus, L50, M|100\/100\n|switch|p1b: Rillaboom|Rillaboom, L50, F|100\/100\n|switch|p2a: Iron Bundle|Iron Bundle, L50|100\/100\n|switch|p2b: Chi-Yu|Chi-Yu, L50|100\/100\n|-ability|p2b: Chi-Yu|Beads of Ruin\n|-fieldstart|move: Grassy Terrain|[from] ability: Grassy Surge|[of] p1b: Rillaboom\n|-enditem|p2a: Iron Bundle|Booster Energy\n|-activate|p2a: Iron Bundle|ability: Quark Drive|[fromitem]\n|-start|p2a: Iron Bundle|quarkdrivespe\n|turn|1\n|inactive|Bulbasaurteam35 has 30 seconds left.\n|\n|t:|1700594548\n|move|p1b: Rillaboom|Protect|p1b: Rillaboom\n|-singleturn|p1b: Rillaboom|Protect\n|move|p1a: Tornadus|Tailwind|p1a: Tornadus\n|-sidestart|p1: Tizio20|move: Tailwind\n|move|p2a: Iron Bundle|Encore|p1a: Tornadus\n|-start|p1a: Tornadus|Encore\n|move|p2b: Chi-Yu|Heat Wave|p1b: Rillaboom|[spread] p1a\n|-activate|p1b: Rillaboom|move: Protect\n|-damage|p1a: Tornadus|52\/100\n|\n|upkeep\n|turn|2\n|\n|t:|1700594569\n|move|p1a: Tornadus|Tailwind||[still]\n|-fail|p1a: Tornadus\n|move|p1b: Rillaboom|Grassy Glide|p2a: Iron Bundle\n|-supereffective|p2a: Iron Bundle\n|-damage|p2a: Iron Bundle|16\/100\n|move|p2a: Iron Bundle|Icy Wind|p1a: Tornadus|[spread] p1a,p1b\n|-supereffective|p1a: Tornadus\n|-supereffective|p1b: Rillaboom\n|-damage|p1a: Tornadus|0 fnt\n|-damage|p1b: Rillaboom|48\/100\n|-unboost|p1b: Rillaboom|spe|1\n|faint|p1a: Tornadus\n|move|p2b: Chi-Yu|Heat Wave|p1b: Rillaboom\n|-supereffective|p1b: Rillaboom\n|-damage|p1b: Rillaboom|0 fnt\n|faint|p1b: Rillaboom\n|\n|-heal|p2a: Iron Bundle|22\/100|[from] Grassy Terrain\n|upkeep\n|\n|t:|1700594577\n|switch|p1a: Gholdengo|Gholdengo, L50|100\/100\n|switch|p1b: Regidrago|Regidrago, L50|100\/100\n|turn|3\n|inactive|Tizio20 has 30 seconds left.\n|\n|t:|1700594612\n|switch|p2b: Ninetales|Ninetales-Alola, L50, F|100\/100\n|-weather|Snow|[from] ability: Snow Warning|[of] p2b: Ninetales\n|move|p2a: Iron Bundle|Icy Wind|p1b: Regidrago|[spread] p1a,p1b\n|-resisted|p1a: Gholdengo\n|-crit|p1a: Gholdengo\n|-supereffective|p1b: Regidrago\n|-damage|p1a: Gholdengo|88\/100\n|-damage|p1b: Regidrago|64\/100\n|-unboost|p1a: Gholdengo|spe|1\n|-unboost|p1b: Regidrago|spe|1\n|move|p1b: Regidrago|Dragon Energy|p2b: Ninetales|[spread] p2a\n|-immune|p2b: Ninetales\n|-damage|p2a: Iron Bundle|0 fnt\n|faint|p2a: Iron Bundle\n|-end|p2a: Iron Bundle|Quark Drive|[silent]\n|move|p1a: Gholdengo|Shadow Ball|p2b: Ninetales\n|-damage|p2b: Ninetales|36\/100\n|-damage|p1a: Gholdengo|78\/100|[from] item: Life Orb\n|\n|-weather|Snow|[upkeep]\n|-heal|p2b: Ninetales|42\/100|[from] Grassy Terrain\n|-heal|p1b: Regidrago|70\/100|[from] Grassy Terrain\n|-heal|p1a: Gholdengo|84\/100|[from] Grassy Terrain\n|upkeep\n|\n|t:|1700594637\n|switch|p2a: Dachsbun|Dachsbun, L50, F|100\/100\n|turn|4\n|\n|t:|1700594646\n|move|p2a: Dachsbun|Protect|p2a: Dachsbun\n|-singleturn|p2a: Dachsbun|Protect\n|move|p2b: Ninetales|Icy Wind|p1b: Regidrago|[spread] p1a,p1b\n|-resisted|p1a: Gholdengo\n|-supereffective|p1b: Regidrago\n|-damage|p1a: Gholdengo|77\/100\n|-damage|p1b: Regidrago|44\/100\n|-unboost|p1a: Gholdengo|spe|1\n|-unboost|p1b: Regidrago|spe|1\n|move|p1b: Regidrago|Dragon Energy|p2b: Ninetales|[spread] \n|-activate|p2a: Dachsbun|move: Protect\n|-immune|p2b: Ninetales\n|move|p1a: Gholdengo|Make It Rain|p2b: Ninetales|[spread] p2b\n|-activate|p2a: Dachsbun|move: Protect\n|-supereffective|p2b: Ninetales\n|-damage|p2b: Ninetales|0 fnt\n|-unboost|p1a: Gholdengo|spa|1\n|faint|p2b: Ninetales\n|-damage|p1a: Gholdengo|68\/100|[from] item: Life Orb\n|\n|-weather|Snow|[upkeep]\n|-heal|p1b: Regidrago|50\/100|[from] Grassy Terrain\n|-heal|p1a: Gholdengo|73\/100|[from] Grassy Terrain\n|-sideend|p1: Tizio20|move: Tailwind\n|upkeep\n|\n|t:|1700594663\n|switch|p2b: Chi-Yu|Chi-Yu, L50|100\/100\n|-ability|p2b: Chi-Yu|Beads of Ruin\n|turn|5\n|\n|t:|1700594679\n|move|p1a: Gholdengo|Protect|p1a: Gholdengo\n|-singleturn|p1a: Gholdengo|Protect\n|move|p2b: Chi-Yu|Lava Plume|p1b: Regidrago|[spread] p1b\n|-activate|p1a: Gholdengo|move: Protect\n|-ability|p2a: Dachsbun|Well-Baked Body|boost\n|-boost|p2a: Dachsbun|def|2\n|-resisted|p1b: Regidrago\n|-damage|p1b: Regidrago|31\/100\n|move|p2a: Dachsbun|Body Press|p1b: Regidrago\n|-damage|p1b: Regidrago|0 fnt\n|faint|p1b: Regidrago\n|\n|-weather|Snow|[upkeep]\n|-heal|p1a: Gholdengo|79\/100|[from] Grassy Terrain\n|-fieldend|move: Grassy Terrain\n|upkeep\n|turn|6\n|\n|t:|1700594694\n|-terastallize|p1a: Gholdengo|Dragon\n|move|p2b: Chi-Yu|Lava Plume|p1a: Gholdengo|[spread] p1a\n|-ability|p2a: Dachsbun|Well-Baked Body|boost\n|-boost|p2a: Dachsbun|def|2\n|-resisted|p1a: Gholdengo\n|-crit|p1a: Gholdengo\n|-damage|p1a: Gholdengo|50\/100\n|move|p2a: Dachsbun|Snarl|p1a: Gholdengo\n|-damage|p1a: Gholdengo|41\/100\n|-unboost|p1a: Gholdengo|spa|1\n|move|p1a: Gholdengo|Make It Rain|p2b: Chi-Yu|[spread] p2a,p2b\n|-supereffective|p2a: Dachsbun\n|-resisted|p2b: Chi-Yu\n|-damage|p2a: Dachsbun|0 fnt\n|-damage|p2b: Chi-Yu|85\/100\n|-unboost|p1a: Gholdengo|spa|1\n|faint|p2a: Dachsbun\n|-damage|p1a: Gholdengo|31\/100|[from] item: Life Orb\n|\n|-weather|Snow|[upkeep]\n|upkeep\n|turn|7\n|\n|t:|1700594712\n|move|p2b: Chi-Yu|Lava Plume|p1a: Gholdengo\n|-resisted|p1a: Gholdengo\n|-damage|p1a: Gholdengo|5\/100\n|-status|p1a: Gholdengo|brn\n|move|p1a: Gholdengo|Shadow Ball|p2b: Chi-Yu\n|-resisted|p2b: Chi-Yu\n|-damage|p2b: Chi-Yu|72\/100\n|-damage|p1a: Gholdengo|0 fnt|[from] item: Life Orb\n|faint|p1a: Gholdengo\n|\n|win|Bulbasaurteam35\n|raw|Tizio20's rating: 1346 &rarr; <strong>1325<\/strong><br \/>(-21 for losing)\n|raw|Bulbasaurteam35's rating: 1320 &rarr; <strong>1341<\/strong><br \/>(+21 for winning)\n|c|\u2606Tizio20|Gg\n|c|\u2606Bulbasaurteam35|Gg\n|l|\u2606Tizio20\n","uploadtime":1700594737,"views":7,"p1id":"tizio20","p2id":"bulbasaurteam35","formatid":"gen9vgc2023regulatione","rating":1325,"private":0,"password":""}