{"id":"gen9vgc2023regulatione-2000007879","p1":"Thud124","p2":"Sketch Hero","format":"[Gen 9] VGC 2023 Regulation E","log":"|j|\u2606Thud124\n|j|\u2606Sketch Hero\n|t:|1701140505\n|gametype|doubles\n|player|p1|Thud124|juan-gen3|\n|player|p2|Sketch Hero|red|\n|teamsize|p1|6\n|teamsize|p2|6\n|gen|9\n|tier|[Gen 9] VGC 2023 Regulation E\n|rule|Species Clause: Limit one of each Pok\u00e9mon\n|rule|Item Clause: Limit one of each item\n|clearpoke\n|poke|p1|Gothitelle, L50, F|\n|poke|p1|Scream Tail, L50|\n|poke|p1|Urshifu-*, L50, F|\n|poke|p1|Politoed, L50, M|\n|poke|p1|Ludicolo, L50, F|\n|poke|p1|Kilowattrel, L50, F|\n|poke|p2|Bisharp, L50, F|\n|poke|p2|Electrode, L50|\n|poke|p2|Rillaboom, L50, F|\n|poke|p2|Garchomp, L50, M|\n|poke|p2|Quagsire, L50, F|\n|poke|p2|Gardevoir, L50, F|\n|teampreview|4\nThud124 rejected open team sheets.\n|\n|t:|1701140548\n|start\n|switch|p1a: Politoed|Politoed, L50, M|100\/100\n|switch|p1b: Kilowattrel|Kilowattrel, L50, F|100\/100\n|switch|p2a: Forehead|Bisharp, L50, F|100\/100\n|switch|p2b: Blue Blur|Electrode, L50, shiny|100\/100\n|-weather|RainDance|[from] ability: Drizzle|[of] p1a: Politoed\n|turn|1\n|\n|t:|1701140574\n|-terastallize|p1a: Politoed|Grass\n|move|p2a: Forehead|Sucker Punch|p1b: Kilowattrel\n|-damage|p1b: Kilowattrel|17\/100\n|move|p2b: Blue Blur|Taunt|p1a: Politoed\n|-start|p1a: Politoed|move: Taunt\n|move|p1b: Kilowattrel|Thunder|p2a: Forehead\n|-damage|p2a: Forehead|35\/100\n|move|p1a: Politoed|Weather Ball|p2b: Blue Blur\n|-damage|p2b: Blue Blur|27\/100\n|\n|-weather|RainDance|[upkeep]\n|upkeep\n|turn|2\n|\n|t:|1701140598\n|move|p2b: Blue Blur|Thunder|p1b: Kilowattrel\n|-damage|p1b: Kilowattrel|0 fnt\n|faint|p1b: Kilowattrel\n|move|p1a: Politoed|Ice Beam|p2b: Blue Blur\n|-damage|p2b: Blue Blur|0 fnt\n|faint|p2b: Blue Blur\n|move|p2a: Forehead|X-Scissor|p1a: Politoed\n|-supereffective|p1a: Politoed\n|-damage|p1a: Politoed|46\/100\n|\n|-weather|RainDance|[upkeep]\n|upkeep\n|\n|t:|1701140612\n|switch|p2b: Nom Nom|Garchomp, L50, M|100\/100\n|switch|p1b: Ludicolo|Ludicolo, L50, F|100\/100\n|turn|3\n|\n|t:|1701140627\n|-terastallize|p2b: Nom Nom|Steel\n|move|p2a: Forehead|Protect|p2a: Forehead\n|-singleturn|p2a: Forehead|Protect\n|move|p1b: Ludicolo|Weather Ball|p2a: Forehead\n|-activate|p2a: Forehead|move: Protect\n|move|p2b: Nom Nom|Swords Dance|p2b: Nom Nom\n|-boost|p2b: Nom Nom|atk|2\n|move|p1a: Politoed|Ice Beam|p2b: Nom Nom\n|-resisted|p2b: Nom Nom\n|-damage|p2b: Nom Nom|90\/100\n|\n|-weather|RainDance|[upkeep]\n|-end|p1a: Politoed|move: Taunt\n|upkeep\n|turn|4\n|\n|t:|1701140648\n|move|p2a: Forehead|Sucker Punch|p1a: Politoed\n|-damage|p1a: Politoed|12\/100\n|-enditem|p1a: Politoed|Aguav Berry|[eat]\n|-heal|p1a: Politoed|45\/100|[from] item: Aguav Berry\n|move|p1b: Ludicolo|Weather Ball|p1a: Politoed\n|-resisted|p1a: Politoed\n|-damage|p1a: Politoed|3\/100\n|-damage|p1b: Ludicolo|91\/100|[from] item: Life Orb\n|move|p2b: Nom Nom|Thunder Fang|p1b: Ludicolo\n|-damage|p1b: Ludicolo|16\/100\n|-damage|p2b: Nom Nom|80\/100|[from] item: Life Orb\n|move|p1a: Politoed|Weather Ball|p2b: Nom Nom\n|-damage|p2b: Nom Nom|27\/100\n|\n|-weather|RainDance|[upkeep]\n|upkeep\n|turn|5\n|c|\u2606Thud124|i missclicked that's unfortunate\n|c|\u2606Sketch Hero|that's rough\n|\n|t:|1701140693\n|move|p1b: Ludicolo|Protect|p1b: Ludicolo\n|-singleturn|p1b: Ludicolo|Protect\n|move|p2a: Forehead|Protect|p2a: Forehead\n|-singleturn|p2a: Forehead|Protect\n|move|p2b: Nom Nom|Earthquake|p1a: Politoed|[spread] p1a\n|-activate|p2a: Forehead|move: Protect\n|-activate|p1b: Ludicolo|move: Protect\n|-resisted|p1a: Politoed\n|-damage|p1a: Politoed|0 fnt\n|faint|p1a: Politoed\n|-damage|p2b: Nom Nom|17\/100|[from] item: Life Orb\n|\n|-weather|none\n|upkeep\n|\n|t:|1701140699\n|switch|p1a: Urshifu|Urshifu-Rapid-Strike, L50, F|100\/100\n|turn|6\n|\n|t:|1701140713\n|move|p2a: Forehead|Sucker Punch|p1b: Ludicolo\n|-damage|p1b: Ludicolo|0 fnt\n|faint|p1b: Ludicolo\n|move|p1a: Urshifu|Surging Strikes|p2b: Nom Nom\n|-crit|p2b: Nom Nom\n|-damage|p2b: Nom Nom|0 fnt\n|-damage|p1a: Urshifu|88\/100|[from] ability: Rough Skin|[of] p2b: Nom Nom\n|faint|p2b: Nom Nom\n|-hitcount|p2: Nom Nom|1\n|\n|upkeep\n|\n|t:|1701140722\n|switch|p2b: Funky Kong|Rillaboom, L50, F|100\/100\n|-fieldstart|move: Grassy Terrain|[from] ability: Grassy Surge|[of] p2b: Funky Kong\n|turn|7\n|-message|Thud124 forfeited.\n|\n|win|Sketch Hero\n|l|\u2606Thud124\n|c|\u2606Sketch Hero|gg\n|l|\u2606Sketch Hero\n|j|\u2606Sketch Hero\n|player|p2|Sketch Hero|red\n","uploadtime":1701141173,"views":21,"p1id":"thud124","p2id":"sketchhero","formatid":"gen9vgc2023regulatione","rating":0,"private":0,"password":""}