{"id":"gen9vgc2023regulatione-1998978310","p1":"Luigi Is Better","p2":"Juanber13","format":"[Gen 9] VGC 2023 Regulation E","log":"|j|\u2606Luigi Is Better\n|j|\u2606Juanber13\n|t:|1701020061\n|gametype|doubles\n|player|p1|Luigi Is Better|2|1122\n|player|p2|Juanber13|101|1111\n|teamsize|p1|6\n|teamsize|p2|6\n|gen|9\n|tier|[Gen 9] VGC 2023 Regulation E\n|rated|\n|rule|Species Clause: Limit one of each Pok\u00e9mon\n|rule|Item Clause: Limit one of each item\n|clearpoke\n|poke|p1|Flutter Mane, L50|\n|poke|p1|Iron Hands, L50|\n|poke|p1|Urshifu-*, L50, M|\n|poke|p1|Tornadus, L50, M|\n|poke|p1|Amoonguss, L50, F|\n|poke|p1|Chien-Pao, L50|\n|poke|p2|Lilligant-Hisui, L50, F|\n|poke|p2|Torkoal, L50, M|\n|poke|p2|Tinkaton, L50, F|\n|poke|p2|Goodra, L50, F|\n|poke|p2|Ogerpon-Hearthflame, L50, F|\n|poke|p2|Clefable, L50, F|\n|teampreview|4\n|inactive|Battle timer is ON: inactive players will automatically lose when time's up. (requested by Luigi Is Better)\n|\n|t:|1701020077\n|start\n|switch|p1a: Flutter Mane|Flutter Mane, L50|100\/100\n|switch|p1b: Iron Hands|Iron Hands, L50|100\/100\n|switch|p2a: Ogerpon|Ogerpon-Hearthflame, L50, F|100\/100\n|switch|p2b: Tinkaton|Tinkaton, L50, F|100\/100\n|-ability|p2a: Ogerpon|Mold Breaker\n|turn|1\n|inactive|Luigi Is Better has 30 seconds left.\n|\n|t:|1701020104\n|move|p2b: Tinkaton|Fake Out|p1b: Iron Hands\n|-damage|p1b: Iron Hands|90\/100\n|-damage|p2b: Tinkaton|91\/100|[from] item: Life Orb\n|cant|p1b: Iron Hands|flinch\n|move|p1a: Flutter Mane|Mystical Fire|p2b: Tinkaton\n|-supereffective|p2b: Tinkaton\n|-damage|p2b: Tinkaton|18\/100\n|-unboost|p2b: Tinkaton|spa|1\n|-damage|p1a: Flutter Mane|90\/100|[from] item: Life Orb\n|move|p2a: Ogerpon|Ivy Cudgel|p1a: Flutter Mane|[anim] Ivy Cudgel Fire\n|-damage|p1a: Flutter Mane|0 fnt\n|faint|p1a: Flutter Mane\n|-end|p1a: Flutter Mane|Protosynthesis|[silent]\n|\n|upkeep\n|\n|t:|1701020123\n|switch|p1a: Tornadus|Tornadus, L50, M|100\/100\n|turn|2\n|inactive|Juanber13 has 30 seconds left.\n|\n|t:|1701020154\n|switch|p2b: Torkoal|Torkoal, L50, M|100\/100\n|-weather|SunnyDay|[from] ability: Drought|[of] p2b: Torkoal\n|move|p1a: Tornadus|Bleakwind Storm|p2a: Ogerpon|[spread] p2a,p2b\n|-supereffective|p2a: Ogerpon\n|-damage|p2a: Ogerpon|6\/100\n|-damage|p2b: Torkoal|47\/100\n|move|p2a: Ogerpon|Ivy Cudgel|p1b: Iron Hands|[anim] Ivy Cudgel Fire\n|-crit|p1b: Iron Hands\n|-damage|p1b: Iron Hands|5\/100\n|move|p1b: Iron Hands|Ice Punch|p2a: Ogerpon\n|-damage|p2a: Ogerpon|0 fnt\n|faint|p2a: Ogerpon\n|\n|-weather|SunnyDay|[upkeep]\n|-heal|p2b: Torkoal|54\/100|[from] item: Leftovers\n|upkeep\n|\n|t:|1701020172\n|switch|p2a: Lilligant|Lilligant-Hisui, L50, F|100\/100\n|turn|3\n|\n|t:|1701020190\n|move|p2a: Lilligant|After You|p2b: Torkoal\n|-activate|p2b: Torkoal|move: After You\n|move|p2b: Torkoal|Eruption|p1b: Iron Hands|[spread] p1a,p1b\n|-damage|p1a: Tornadus|50\/100\n|-damage|p1b: Iron Hands|0 fnt\n|faint|p1b: Iron Hands\n|-end|p1b: Iron Hands|Quark Drive|[silent]\n|move|p1a: Tornadus|Bleakwind Storm|p2a: Lilligant|[spread] p2b\n|-miss|p1a: Tornadus|p2a: Lilligant\n|-damage|p2b: Torkoal|2\/100\n|\n|-weather|SunnyDay|[upkeep]\n|-heal|p2b: Torkoal|8\/100|[from] item: Leftovers\n|upkeep\n|\n|t:|1701020204\n|switch|p1b: Urshifu|Urshifu-Rapid-Strike, L50, M|100\/100\n|turn|4\n|\n|t:|1701020218\n|move|p2b: Torkoal|Helping Hand|p2a: Lilligant\n|-singleturn|p2a: Lilligant|Helping Hand|[of] p2b: Torkoal\n|move|p1b: Urshifu|Aqua Jet|p2b: Torkoal\n|-supereffective|p2b: Torkoal\n|-damage|p2b: Torkoal|0 fnt\n|faint|p2b: Torkoal\n|move|p2a: Lilligant|Solar Blade||[still]\n|-prepare|p2a: Lilligant|Solar Blade\n|-anim|p2a: Lilligant|Solar Blade|p1b: Urshifu\n|-supereffective|p1b: Urshifu\n|-damage|p1b: Urshifu|0 fnt\n|faint|p1b: Urshifu\n|move|p1a: Tornadus|Bleakwind Storm|p2a: Lilligant\n|-supereffective|p2a: Lilligant\n|-enditem|p2a: Lilligant|Focus Sash\n|-damage|p2a: Lilligant|1\/100\n|\n|-weather|SunnyDay|[upkeep]\n|upkeep\n|\n|t:|1701020236\n|switch|p2b: Tinkaton|Tinkaton, L50, F|18\/100\n|turn|5\n|inactive|Juanber13 has 30 seconds left.\n|\n|t:|1701020266\n|move|p2b: Tinkaton|Fake Out|p1a: Tornadus\n|-crit|p1a: Tornadus\n|-damage|p1a: Tornadus|15\/100\n|-damage|p2b: Tinkaton|8\/100|[from] item: Life Orb\n|move|p2a: Lilligant|Ice Spinner|p1a: Tornadus\n|-supereffective|p1a: Tornadus\n|-damage|p1a: Tornadus|0 fnt\n|faint|p1a: Tornadus\n|\n|win|Juanber13\n|raw|Luigi Is Better's rating: 1122 &rarr; <strong>1096<\/strong><br \/>(-26 for losing)\n|raw|Juanber13's rating: 1111 &rarr; <strong>1137<\/strong><br \/>(+26 for winning)\n","uploadtime":1701020278,"views":8,"p1id":"luigiisbetter","p2id":"juanber13","formatid":"gen9vgc2023regulatione","rating":1096,"private":0,"password":""}