{"id":"gen9vgc2023regulatione-1994336482","p1":"Osprey11","p2":"Puriner","format":"[Gen 9] VGC 2023 Regulation E","log":"|j|\u2606Osprey11\n|j|\u2606Puriner\n|n|\u2606Osprey11|osprey11\n|n|\u2606Puriner|puriner\n|html|View the match progress at <a href=\"\/game-bestof3-gen9vgc2023regulatione-1994336481\">game-bestof3-gen9vgc2023regulatione-1994336481<\/a>\n|t:|1700432477\n|gametype|doubles\n|player|p1|Osprey11|101|\n|player|p2|Puriner|colress|\n|teamsize|p1|6\n|teamsize|p2|6\n|gen|9\n|tier|[Gen 9] VGC 2023 Regulation E\n|rule|Species Clause: Limit one of each Pok\u00e9mon\n|rule|Item Clause: Limit one of each item\n|clearpoke\n|poke|p1|Moltres-Galar, L50|\n|poke|p1|Sinistcha, L50|\n|poke|p1|Iron Hands, L50|\n|poke|p1|Ogerpon-Wellspring, L50, F|\n|poke|p1|Arcanine-Hisui, L50, M|\n|poke|p1|Tornadus, L50, M|\n|poke|p2|Torkoal, L50, M|\n|poke|p2|Roaring Moon, L50|\n|poke|p2|Flutter Mane, L50|\n|poke|p2|Tornadus, L50, M|\n|poke|p2|Ogerpon-Hearthflame, L50, F|\n|poke|p2|Cresselia, L50, F|\n|teampreview|4\n|j| Van. Volcanucks\n|\n|t:|1700432514\n|start\n|switch|p1a: Iron Hands|Iron Hands, L50|100\/100\n|switch|p1b: Tornadus|Tornadus, L50, M|100\/100\n|switch|p2a: Roaring Moon|Roaring Moon, L50|100\/100\n|switch|p2b: Tornadus|Tornadus, L50, M|100\/100\n|turn|1\n|\n|t:|1700432548\n|move|p2b: Tornadus|Sunny Day|p2b: Tornadus\n|-weather|SunnyDay\n|-activate|p2a: Roaring Moon|ability: Protosynthesis\n|-start|p2a: Roaring Moon|protosynthesisatk\n|move|p2a: Roaring Moon|Breaking Swipe|p1a: Iron Hands|[spread] p1a,p1b\n|-crit|p1a: Iron Hands\n|-damage|p1a: Iron Hands|62\/100\n|-damage|p1b: Tornadus|66\/100\n|-unboost|p1a: Iron Hands|atk|1\n|move|p1b: Tornadus|Icy Wind|p2b: Tornadus|[spread] p2a,p2b\n|-supereffective|p2a: Roaring Moon\n|-crit|p2a: Roaring Moon\n|-supereffective|p2b: Tornadus\n|-damage|p2a: Roaring Moon|66\/100\n|-damage|p2b: Tornadus|68\/100\n|-unboost|p2a: Roaring Moon|spe|1\n|move|p1a: Iron Hands|Drain Punch|p2a: Roaring Moon\n|-supereffective|p2a: Roaring Moon\n|-damage|p2a: Roaring Moon|0 fnt\n|-heal|p1a: Iron Hands|88\/100|[from] drain|[of] p2a: Roaring Moon\n|faint|p2a: Roaring Moon\n|-end|p2a: Roaring Moon|Protosynthesis|[silent]\n|\n|-weather|SunnyDay|[upkeep]\n|upkeep\n|\n|t:|1700432574\n|switch|p2a: Ogerpon|Ogerpon-Hearthflame, L50, F|100\/100\n|-ability|p2a: Ogerpon|Mold Breaker\n|turn|2\n|\n|t:|1700432605\n|-terastallize|p1b: Tornadus|Dark\n|move|p2b: Tornadus|Taunt|p1b: Tornadus\n|-hint|Since gen 7, Dark is immune to Prankster moves.\n|-immune|p1b: Tornadus\n|move|p1b: Tornadus|Rain Dance|p1b: Tornadus\n|-weather|RainDance\n|move|p2a: Ogerpon|Swords Dance|p2a: Ogerpon\n|-boost|p2a: Ogerpon|atk|2\n|move|p1a: Iron Hands|Wild Charge|p2b: Tornadus\n|-supereffective|p2b: Tornadus\n|-damage|p2b: Tornadus|0 fnt\n|faint|p2b: Tornadus\n|-damage|p1a: Iron Hands|77\/100|[from] Recoil\n|\n|-weather|RainDance|[upkeep]\n|upkeep\n|\n|t:|1700432619\n|switch|p2b: Torkoal|Torkoal, L50, M|100\/100\n|-weather|SunnyDay|[from] ability: Drought|[of] p2b: Torkoal\n|turn|3\n|\n|t:|1700432661\n|-end|p1a: Iron Hands|Quark Drive|[silent]\n|switch|p1a: Arcanine|Arcanine-Hisui, L50, M|100\/100\n|-ability|p1a: Arcanine|Intimidate|boost\n|-unboost|p2a: Ogerpon|atk|1\n|-unboost|p2b: Torkoal|atk|1\n|move|p1b: Tornadus|Rain Dance|p1b: Tornadus\n|-weather|RainDance\n|move|p2a: Ogerpon|Swords Dance|p2a: Ogerpon\n|-boost|p2a: Ogerpon|atk|2\n|move|p2b: Torkoal|Earth Power|p1a: Arcanine\n|-supereffective|p1a: Arcanine\n|-damage|p1a: Arcanine|0 fnt\n|faint|p1a: Arcanine\n|\n|-weather|RainDance|[upkeep]\n|upkeep\n|\n|t:|1700432676\n|switch|p1a: Iron Hands|Iron Hands, L50|77\/100\n|turn|4\n|\n|t:|1700432716\n|move|p1a: Iron Hands|Fake Out|p2a: Ogerpon\n|-damage|p2a: Ogerpon|80\/100\n|cant|p2a: Ogerpon|flinch\n|move|p1b: Tornadus|Bleakwind Storm|p2a: Ogerpon|[spread] p2a,p2b\n|-supereffective|p2a: Ogerpon\n|-damage|p2a: Ogerpon|1\/100\n|-damage|p2b: Torkoal|62\/100\n|-unboost|p2a: Ogerpon|spe|1\n|-unboost|p2b: Torkoal|spe|1\n|move|p2b: Torkoal|Earth Power|p1b: Tornadus\n|-damage|p1b: Tornadus|41\/100\n|\n|-weather|RainDance|[upkeep]\n|upkeep\n|turn|5\n|\n|t:|1700432743\n|move|p2a: Ogerpon|Spiky Shield|p2a: Ogerpon\n|-singleturn|p2a: Ogerpon|move: Protect\n|move|p1b: Tornadus|Tailwind|p1b: Tornadus\n|-sidestart|p1: Osprey11|move: Tailwind\n|move|p1a: Iron Hands|Drain Punch|p2a: Ogerpon\n|-activate|p2a: Ogerpon|move: Protect\n|-damage|p1a: Iron Hands|64\/100|[from] Spiky Shield|[of] p2a: Ogerpon\n|move|p2b: Torkoal|Earth Power|p1a: Iron Hands\n|-supereffective|p1a: Iron Hands\n|-damage|p1a: Iron Hands|40\/100\n|-unboost|p1a: Iron Hands|spd|1\n|\n|-weather|RainDance|[upkeep]\n|upkeep\n|turn|6\n|\n|t:|1700432773\n|move|p1b: Tornadus|Bleakwind Storm|p2b: Torkoal|[spread] p2a,p2b\n|-supereffective|p2a: Ogerpon\n|-damage|p2a: Ogerpon|0 fnt\n|-damage|p2b: Torkoal|19\/100\n|faint|p2a: Ogerpon\n|move|p1a: Iron Hands|Drain Punch|p2b: Torkoal\n|-damage|p2b: Torkoal|0 fnt\n|-heal|p1a: Iron Hands|47\/100|[from] drain|[of] p2b: Torkoal\n|faint|p2b: Torkoal\n|\n|win|Osprey11\n|c|&|\/uhtml prompt-osprey11,Osprey11 is ready for game 2!\n|c|&|\/uhtml prompt-puriner,Puriner is ready for game 2!\nBoth players are ready! Starting next match!\n|l| Van. Volcanucks\n","uploadtime":1700432788,"views":5,"p1id":"osprey11","p2id":"puriner","formatid":"gen9vgc2023regulatione","rating":0,"private":0,"password":""}