{"id":"gen9vgc2023regulatione-1996690029","p1":"supremekinggunk","p2":"miggiemadz","format":"[Gen 9] VGC 2023 Regulation E","log":"|j|\u2606supremekinggunk\n|j|\u2606miggiemadz\n|t:|1700710127\n|gametype|doubles\n|player|p1|supremekinggunk|wallace|1205\n|player|p2|miggiemadz|1|1165\n|teamsize|p1|6\n|teamsize|p2|6\n|gen|9\n|tier|[Gen 9] VGC 2023 Regulation E\n|rated|\n|rule|Species Clause: Limit one of each Pok\u00e9mon\n|rule|Item Clause: Limit one of each item\n|clearpoke\n|poke|p1|Arcanine-Hisui, L50, M|\n|poke|p1|Ogerpon-Wellspring, L50, F|\n|poke|p1|Sinistcha, L50|\n|poke|p1|Clefairy, L50, M|\n|poke|p1|Iron Hands, L50|\n|poke|p1|Glastrier, L50|\n|poke|p2|Haxorus, L50, M|\n|poke|p2|Gothitelle, L50, F|\n|poke|p2|Amoonguss, L50, F|\n|poke|p2|Landorus-Therian, L50, M|\n|poke|p2|Eelektross, L50, F|\n|poke|p2|Chandelure, L50, M|\n|teampreview|4\n|j| FiodorGod\nmiggiemadz rejected open team sheets.\n|\n|t:|1700710183\n|start\n|switch|p1a: Iron Hands|Iron Hands, L50|100\/100\n|switch|p1b: Ogerpon|Ogerpon-Wellspring, L50, F|100\/100\n|switch|p2a: Gothitelle|Gothitelle, L50, F|100\/100\n|switch|p2b: Chandelure|Chandelure, L50, M|100\/100\n|turn|1\n|\n|t:|1700710203\n|-terastallize|p1b: Ogerpon|Water\n|detailschange|p1b: Ogerpon|Ogerpon-Wellspring-Tera, L50, F, tera:Water\n|-ability|p1b: Ogerpon|Embody Aspect (Wellspring)|boost\n|-boost|p1b: Ogerpon|spd|1\n|-terastallize|p2b: Chandelure|Grass\n|move|p1a: Iron Hands|Fake Out|p2a: Gothitelle\n|-damage|p2a: Gothitelle|84\/100\n|move|p1b: Ogerpon|Swords Dance|p1b: Ogerpon\n|-boost|p1b: Ogerpon|atk|2\n|move|p2b: Chandelure|Heat Wave|p1b: Ogerpon|[spread] p1a,p1b\n|-resisted|p1b: Ogerpon\n|-damage|p1a: Iron Hands|80\/100\n|-damage|p1b: Ogerpon|88\/100\n|cant|p2a: Gothitelle|flinch\n|\n|-heal|p2a: Gothitelle|90\/100|[from] item: Leftovers\n|upkeep\n|turn|2\n|l| FiodorGod\n|\n|t:|1700710226\n|move|p1b: Ogerpon|Spiky Shield|p1b: Ogerpon\n|-singleturn|p1b: Ogerpon|move: Protect\n|move|p2b: Chandelure|Energy Ball|p1b: Ogerpon\n|-activate|p1b: Ogerpon|move: Protect\n|move|p1a: Iron Hands|Drain Punch|p2b: Chandelure\n|-damage|p2b: Chandelure|36\/100\n|-heal|p1a: Iron Hands|99\/100|[from] drain|[of] p2b: Chandelure\n|move|p2a: Gothitelle|Trick Room|p2a: Gothitelle\n|-fieldstart|move: Trick Room|[of] p2a: Gothitelle\n|\n|-heal|p2a: Gothitelle|97\/100|[from] item: Leftovers\n|upkeep\n|turn|3\n|j| FiodorGod\n|l| FiodorGod\n|\n|t:|1700710242\n|move|p2a: Gothitelle|Heal Pulse|p2b: Chandelure\n|-heal|p2b: Chandelure|86\/100\n|move|p1a: Iron Hands|Drain Punch|p2b: Chandelure\n|-damage|p2b: Chandelure|23\/100\n|-heal|p1a: Iron Hands|100\/100|[from] drain|[of] p2b: Chandelure\n|move|p2b: Chandelure|Energy Ball|p1b: Ogerpon\n|-supereffective|p1b: Ogerpon\n|-damage|p1b: Ogerpon|19\/100\n|move|p1b: Ogerpon|Ivy Cudgel|p2a: Gothitelle|[anim] Ivy Cudgel Water\n|-damage|p2a: Gothitelle|0 fnt\n|faint|p2a: Gothitelle\n|\n|upkeep\n|\n|t:|1700710257\n|switch|p2a: Haxorus|Haxorus, L50, M|100\/100\n|-ability|p2a: Haxorus|Unnerve\n|turn|4\n|\n|t:|1700710271\n|move|p1b: Ogerpon|Spiky Shield|p1b: Ogerpon\n|-singleturn|p1b: Ogerpon|move: Protect\n|move|p1a: Iron Hands|Drain Punch|p2a: Haxorus\n|-damage|p2a: Haxorus|46\/100\n|move|p2b: Chandelure|Energy Ball|p1b: Ogerpon\n|-activate|p1b: Ogerpon|move: Protect\n|move|p2a: Haxorus|Dragon Claw|p1a: Iron Hands\n|-damage|p1a: Iron Hands|47\/100\n|\n|upkeep\n|turn|5\n|\n|t:|1700710291\n|switch|p2a: Landorus|Landorus-Therian, L50, M|100\/100\n|-ability|p2a: Landorus|Intimidate|boost\n|-unboost|p1a: Iron Hands|atk|1\n|-unboost|p1b: Ogerpon|atk|1\n|switch|p1b: Arcanine|Arcanine-Hisui, L50, M|100\/100\n|-ability|p1b: Arcanine|Intimidate|boost\n|-unboost|p2a: Landorus|atk|1\n|-unboost|p2b: Chandelure|atk|1\n|move|p1a: Iron Hands|Drain Punch|p2b: Chandelure\n|-damage|p2b: Chandelure|0 fnt\n|-heal|p1a: Iron Hands|54\/100|[from] drain|[of] p2b: Chandelure\n|faint|p2b: Chandelure\n|\n|upkeep\n|\n|t:|1700710303\n|switch|p2b: Haxorus|Haxorus, L50, M|46\/100\n|-ability|p2b: Haxorus|Unnerve\n|turn|6\n|\n|t:|1700710317\n|switch|p1b: Ogerpon|Ogerpon-Wellspring-Tera, L50, F, tera:Water|19\/100\n|-ability|p1b: Ogerpon|Embody Aspect (Wellspring)|boost\n|-boost|p1b: Ogerpon|spd|1\n|move|p1a: Iron Hands|Volt Switch|p2b: Haxorus\n|-resisted|p2b: Haxorus\n|-damage|p2b: Haxorus|36\/100\n|\n|t:|1700710323\n|-end|p1a: Iron Hands|Quark Drive|[silent]\n|switch|p1a: Arcanine|Arcanine-Hisui, L50, M|100\/100|[from] Volt Switch\n|-ability|p1a: Arcanine|Intimidate|boost\n|-unboost|p2a: Landorus|atk|1\n|-unboost|p2b: Haxorus|atk|1\n|move|p2b: Haxorus|Dragon Claw|p1a: Arcanine\n|-damage|p1a: Arcanine|48\/100\n|move|p2a: Landorus|Bulldoze|p1b: Ogerpon|[spread] p2b,p1a,p1b\n|-supereffective|p1a: Arcanine\n|-crit|p1a: Arcanine\n|-damage|p2b: Haxorus|20\/100\n|-damage|p1a: Arcanine|0 fnt\n|-damage|p1b: Ogerpon|5\/100\n|-unboost|p2b: Haxorus|spe|1\n|-unboost|p1b: Ogerpon|spe|1\n|faint|p1a: Arcanine\n|\n|-fieldend|move: Trick Room\n|upkeep\n|\n|t:|1700710340\n|switch|p1a: Glastrier|Glastrier, L50|100\/100\n|turn|7\n|\n|t:|1700710350\n|switch|p1b: Iron Hands|Iron Hands, L50|54\/100\n|move|p1a: Glastrier|Protect|p1a: Glastrier\n|-singleturn|p1a: Glastrier|Protect\n|move|p2a: Landorus|Bulldoze|p1a: Glastrier|[spread] p2b,p1b\n|-activate|p1a: Glastrier|move: Protect\n|-supereffective|p1b: Iron Hands\n|-damage|p2b: Haxorus|2\/100\n|-damage|p1b: Iron Hands|35\/100\n|-unboost|p2b: Haxorus|spe|1\n|-unboost|p1b: Iron Hands|spe|1\n|move|p2b: Haxorus|Dragon Claw|p1a: Glastrier\n|-activate|p1a: Glastrier|move: Protect\n|\n|upkeep\n|turn|8\n|-message|miggiemadz forfeited.\n|\n|win|supremekinggunk\n|raw|supremekinggunk's rating: 1205 &rarr; <strong>1227<\/strong><br \/>(+22 for winning)\n|raw|miggiemadz's rating: 1165 &rarr; <strong>1143<\/strong><br \/>(-22 for losing)\n|l|\u2606miggiemadz\n","uploadtime":1700710399,"views":19,"p1id":"supremekinggunk","p2id":"miggiemadz","formatid":"gen9vgc2023regulatione","rating":1143,"private":0,"password":""}