{"id":"gen9vgc2023regulatione-1999019947","p1":"Jbenn","p2":"SeaWolfMikess","format":"[Gen 9] VGC 2023 Regulation E","log":"|j|\u2606Jbenn\n|j|\u2606SeaWolfMikess\n|t:|1701024586\n|gametype|doubles\n|player|p1|Jbenn|101|\n|player|p2|SeaWolfMikess|hugh|\n|teamsize|p1|6\n|teamsize|p2|6\n|gen|9\n|tier|[Gen 9] VGC 2023 Regulation E\n|rated|Tournament battle\n|rule|Species Clause: Limit one of each Pok\u00e9mon\n|rule|Item Clause: Limit one of each item\n|clearpoke\n|poke|p1|Iron Hands, L50|\n|poke|p1|Kingambit, L50, M|\n|poke|p1|Flutter Mane, L50|\n|poke|p1|Torkoal, L50, F|\n|poke|p1|Farigiraf, L50, F|\n|poke|p1|Landorus-Therian, L50, M|\n|poke|p2|Tornadus, L50, M|\n|poke|p2|Regieleki, L50|\n|poke|p2|Ogerpon, L50, F|\n|poke|p2|Arcanine-Hisui, L50, F|\n|poke|p2|Ursaluna-Bloodmoon, L50, M|\n|poke|p2|Farigiraf, L50, F|\n|teampreview|4\n|showteam|p1|Iron Hands||ShucaBerry|QuarkDrive|FakeOut,DrainPunch,WildCharge,HeavySlam||||||50|,,,,,Fire]Kingambit||AssaultVest|Defiant|LowKick,Assurance,SuckerPunch,TeraBlast|||M|||50|,,,,,Fire]Flutter Mane||BoosterEnergy|Protosynthesis|Protect,Moonblast,DazzlingGleam,ShadowBall||||||50|,,,,,Ghost]Torkoal||EjectPack|Drought|Protect,Overheat,EarthPower,HelpingHand|||F|||50|,,,,,Flying]Farigiraf||SitrusBerry|ArmorTail|TrickRoom,Psychic,DazzlingGleam,NastyPlot|||F|||50|,,,,,Fairy]Landorus-Therian||ChoiceScarf|Intimidate|RockSlide,Earthquake,StompingTantrum,Uturn|||M|||50|,,,,,Fire\n|showteam|p2|Tornadus||MentalHerb|Prankster|BleakwindStorm,IcyWind,Tailwind,Protect|||M|||50|,,,,,Ghost]Regieleki||Magnet|Transistor|Thunderbolt,Electroweb,TeraBlast,Protect||||||50|,,,,,Ice]Ogerpon||MiracleSeed|Defiant|IvyCudgel,StompingTantrum,FollowMe,SpikyShield|||F|||50|,,,,,Grass]Arcanine-Hisui||ChoiceBand|Intimidate|FlareBlitz,RockSlide,ExtremeSpeed,TeraBlast|||F|||50|,,,,,Fairy]Ursaluna-Bloodmoon||LifeOrb|MindsEye|HyperVoice,BloodMoon,EarthPower,Protect|||M|||50|,,,,,Ghost]Farigiraf||RockyHelmet|ArmorTail|Uproar,Imprison,TrickRoom,HelpingHand|||F|||50|,,,,,Fairy\n|c|\u2606Jbenn|h\n|j| P0keknight\n|j| EmperorIcy\n|j| christianfinity\n|c|\u2606Jbenn|Pog Torj\n|c|\u2606Jbenn|Pog Tork*\n|c| P0keknight|bro thinks he's tera grass rilla with that miracle seed\n|c|\u2606SeaWolfMikess|me when i bring landorus into a slightly smaller rillaboom\n|c|\u2606SeaWolfMikess|i was using my main team in earlier rounds but i wanted to test a funny hyper offense team\n|l| christianfinity\n|\n|t:|1701024698\n|start\n|switch|p1a: Landorus|Landorus-Therian, L50, M|100\/100\n|switch|p1b: Kingambit|Kingambit, L50, M|100\/100\n|switch|p2a: Farigiraf|Farigiraf, L50, F|100\/100\n|switch|p2b: Ogerpon|Ogerpon, L50, F|100\/100\n|-ability|p1a: Landorus|Intimidate|boost\n|-unboost|p2a: Farigiraf|atk|1\n|-unboost|p2b: Ogerpon|atk|1\n|-ability|p2b: Ogerpon|Defiant|boost\n|-boost|p2b: Ogerpon|atk|2\n|turn|1\n|c| P0keknight|-1 252+ Atk Miracle Seed Tera-Grass Rillaboom Wood Hammer vs. 4 HP \/ 0 Def Landorus-Therian in Grassy Terrain: 166-196 (100.6 - 118.7%) -- guaranteed OHKO\n|c| P0keknight|still cool though\n|j| Satoshi Tatsugiri\n|\n|t:|1701024732\n|-terastallize|p2b: Ogerpon|Grass\n|detailschange|p2b: Ogerpon|Ogerpon-Teal-Tera, L50, F, tera:Grass\n|-ability|p2b: Ogerpon|Embody Aspect (Teal)|boost\n|-boost|p2b: Ogerpon|spe|1\n|move|p2a: Farigiraf|Helping Hand|p2b: Ogerpon\n|-singleturn|p2b: Ogerpon|Helping Hand|[of] p2a: Farigiraf\n|move|p2b: Ogerpon|Ivy Cudgel|p1a: Landorus\n|-crit|p1a: Landorus\n|-damage|p1a: Landorus|0 fnt\n|faint|p1a: Landorus\n|move|p1b: Kingambit|Assurance|p2a: Farigiraf\n|-supereffective|p2a: Farigiraf\n|-damage|p2a: Farigiraf|44\/100\n|-damage|p1b: Kingambit|84\/100|[from] item: Rocky Helmet|[of] p2a: Farigiraf\n|\n|upkeep\n|\n|t:|1701024744\n|switch|p1a: Farigiraf|Farigiraf, L50, F|100\/100\n|turn|2\n|\n|t:|1701024760\n|switch|p1a: Torkoal|Torkoal, L50, F|100\/100\n|-weather|SunnyDay|[from] ability: Drought|[of] p1a: Torkoal\n|-terastallize|p1b: Kingambit|Fire\n|move|p2b: Ogerpon|Follow Me|p2b: Ogerpon\n|-singleturn|p2b: Ogerpon|move: Follow Me\n|move|p2a: Farigiraf|Imprison|p2a: Farigiraf\n|-start|p2a: Farigiraf|move: Imprison\n|move|p1b: Kingambit|Tera Blast|p2b: Ogerpon|[anim] Tera Blast Fire\n|-supereffective|p2b: Ogerpon\n|-damage|p2b: Ogerpon|0 fnt\n|faint|p2b: Ogerpon\n|\n|-weather|SunnyDay|[upkeep]\n|upkeep\n|j| Greedy4 ?\n|\n|t:|1701024780\n|switch|p2b: Arcanine|Arcanine-Hisui, L50, F|100\/100\n|-ability|p2b: Arcanine|Intimidate|boost\n|-unboost|p1a: Torkoal|atk|1\n|-enditem|p1a: Torkoal|Eject Pack\n|-unboost|p1b: Kingambit|atk|1\n|-ability|p1b: Kingambit|Defiant|boost\n|-boost|p1b: Kingambit|atk|2\n|\n|t:|1701024786\n|switch|p1a: Farigiraf|Farigiraf, L50, F|100\/100\n|turn|3\n|\n|t:|1701024808\n|move|p2a: Farigiraf|Helping Hand|p2b: Arcanine\n|-singleturn|p2b: Arcanine|Helping Hand|[of] p2a: Farigiraf\n|move|p2b: Arcanine|Rock Slide|p1b: Kingambit|[spread] p1b\n|-miss|p2b: Arcanine|p1a: Farigiraf\n|-supereffective|p1b: Kingambit\n|-damage|p1b: Kingambit|0 fnt\n|faint|p1b: Kingambit\n|move|p1a: Farigiraf|Psychic|p2b: Arcanine\n|-damage|p2b: Arcanine|53\/100\n|\n|-weather|SunnyDay|[upkeep]\n|upkeep\n|\n|t:|1701024818\n|switch|p1b: Torkoal|Torkoal, L50, F|100\/100\n|turn|4\n|\n|t:|1701024832\n|move|p2a: Farigiraf|Helping Hand|p2b: Arcanine\n|-singleturn|p2b: Arcanine|Helping Hand|[of] p2a: Farigiraf\n|move|p1b: Torkoal|Protect|p1b: Torkoal\n|-singleturn|p1b: Torkoal|Protect\n|move|p2b: Arcanine|Rock Slide|p1b: Torkoal|[spread] p1a\n|-activate|p1b: Torkoal|move: Protect\n|-damage|p1a: Farigiraf|48\/100\n|-enditem|p1a: Farigiraf|Sitrus Berry|[eat]\n|-heal|p1a: Farigiraf|73\/100|[from] item: Sitrus Berry\n|move|p1a: Farigiraf|Nasty Plot|p1a: Farigiraf\n|-boost|p1a: Farigiraf|spa|2\n|\n|-weather|SunnyDay|[upkeep]\n|upkeep\n|turn|5\n|\n|t:|1701024844\n|move|p2a: Farigiraf|Helping Hand|p2b: Arcanine\n|-singleturn|p2b: Arcanine|Helping Hand|[of] p2a: Farigiraf\n|move|p1b: Torkoal|Protect|p1b: Torkoal\n|-singleturn|p1b: Torkoal|Protect\n|move|p2b: Arcanine|Rock Slide|p1a: Farigiraf|[spread] \n|-activate|p1b: Torkoal|move: Protect\n|-miss|p2b: Arcanine|p1a: Farigiraf\n|move|p1a: Farigiraf|Psychic|p2b: Arcanine\n|-damage|p2b: Arcanine|0 fnt\n|faint|p2b: Arcanine\n|\n|-weather|SunnyDay|[upkeep]\n|upkeep\n|\n|t:|1701024850\n|switch|p2b: Regieleki|Regieleki, L50|100\/100\n|turn|6\n|l| Greedy4 ?\n|\n|t:|1701024875\n|move|p2a: Farigiraf|Helping Hand|p2b: Regieleki\n|-singleturn|p2b: Regieleki|Helping Hand|[of] p2a: Farigiraf\n|move|p2b: Regieleki|Thunderbolt|p1b: Torkoal\n|-damage|p1b: Torkoal|0 fnt\n|faint|p1b: Torkoal\n|move|p1a: Farigiraf|Psychic|p2b: Regieleki\n|-damage|p2b: Regieleki|0 fnt\n|faint|p2b: Regieleki\n|\n|-weather|none\n|upkeep\n|turn|7\n|c|\u2606SeaWolfMikess|this went slightly wrong\n|\n|t:|1701024894\n|move|p2a: Farigiraf|Uproar|p1a: Farigiraf\n|-damage|p1a: Farigiraf|41\/100\n|-start|p2a: Farigiraf|Uproar\n|move|p1a: Farigiraf|Psychic|p2a: Farigiraf\n|-resisted|p2a: Farigiraf\n|-damage|p2a: Farigiraf|12\/100\n|\n|-start|p2a: Farigiraf|Uproar|[upkeep]\n|upkeep\n|turn|8\n|c|\u2606Jbenn|I see that\n|\n|t:|1701024903\n|move|p2a: Farigiraf|Uproar|p1a: Farigiraf|[from]lockedmove\n|-damage|p1a: Farigiraf|9\/100\n|move|p1a: Farigiraf|Psychic|p2a: Farigiraf\n|-resisted|p2a: Farigiraf\n|-damage|p2a: Farigiraf|0 fnt\n|faint|p2a: Farigiraf\n|\n|win|Jbenn\n|n|\u2606Jbenn|jbenn\n|n|\u2606SeaWolfMikess|seawolfmikess\n|n| P0keknight|p0keknight\n|n| EmperorIcy|emperoricy\n|n| Satoshi Tatsugiri|satoshitatsugiri\n|c|\u2606SeaWolfMikess|gg\n|l|\u2606SeaWolfMikess\n|l| P0keknight\n|l| Satoshi Tatsugiri\n|l| EmperorIcy\n|c|\u2606Jbenn|gg man\n","uploadtime":1701024904,"views":2,"p1id":"jbenn","p2id":"seawolfmikess","formatid":"gen9vgc2023regulatione","rating":0,"private":0,"password":""}