{"id":"gen9vgc2023regulatione-1993442009","p1":"PritzShow","p2":"RazzRazzBerry","format":"[Gen 9] VGC 2023 Regulation E","log":"|j|\u2606PritzShow\n|j|\u2606RazzRazzBerry\n|n|\u2606PritzShow|pritzshow\n|n|\u2606RazzRazzBerry|razzrazzberry\n|html|View the match progress at <a href=\"\/game-bestof3-gen9vgc2023regulatione-1993442008\">game-bestof3-gen9vgc2023regulatione-1993442008<\/a>\n|t:|1700318401\n|gametype|doubles\n|player|p1|PritzShow|fisherman-gen4|\n|player|p2|RazzRazzBerry|n|\n|teamsize|p1|6\n|teamsize|p2|6\n|gen|9\n|tier|[Gen 9] VGC 2023 Regulation E\n|rule|Species Clause: Limit one of each Pok\u00e9mon\n|rule|Item Clause: Limit one of each item\n|clearpoke\n|poke|p1|Arcanine, L50, M|\n|poke|p1|Eiscue, L50, F|\n|poke|p1|Weezing, L50, M|\n|poke|p1|Ting-Lu, L50|\n|poke|p1|Milotic, L50, M|\n|poke|p1|Rillaboom, L50, M|\n|poke|p2|Pawmot, L50, F|\n|poke|p2|Tyranitar, L50, F|\n|poke|p2|Houndstone, L50, M|\n|poke|p2|Ogerpon-Hearthflame, L50, F|\n|poke|p2|Palafin, L50, M|\n|poke|p2|Rabsca, L50, F|\n|teampreview|4\n|inactive|Battle timer is ON: inactive players will automatically lose when time's up. (requested by PritzShow)\n|inactive|PritzShow has 60 seconds left.\n|\n|t:|1700318446\n|start\n|switch|p1a: Arcanine|Arcanine, L50, M|100\/100\n|switch|p1b: Weezing|Weezing, L50, M|100\/100\n|switch|p2a: Little Mac|Pawmot, L50, F|100\/100\n|switch|p2b: ALL MIGHT|Palafin, L50, M|100\/100\n|-ability|p1b: Weezing|Neutralizing Gas\n|-block|p1a: Arcanine|item: Ability Shield\n|-ability|p1a: Arcanine|Intimidate|boost\n|-unboost|p2a: Little Mac|atk|1\n|-fail|p2b: ALL MIGHT|unboost|[from] item: Clear Amulet|[of] p2b: ALL MIGHT\n|turn|1\n|\n|t:|1700318461\n|switch|p1a: Rillaboom|Rillaboom, L50, M|100\/100\n|move|p2a: Little Mac|Fake Out|p1a: Rillaboom\n|-damage|p1a: Rillaboom|92\/100\n|move|p2b: ALL MIGHT|Flip Turn|p1b: Weezing\n|-damage|p1b: Weezing|84\/100\n|\n|t:|1700318471\n|detailschange|p2b: ALL MIGHT|Palafin-Hero, L50, M\n|switch|p2b: Courage|Houndstone, L50, M|100\/100|[from] Flip Turn\n|move|p1b: Weezing|Will-O-Wisp|p2b: Courage\n|-status|p2b: Courage|brn\n|-enditem|p2b: Courage|Lum Berry|[eat]\n|-curestatus|p2b: Courage|brn|[msg]\n|\n|upkeep\n|turn|2\n|inactive|PritzShow has 30 seconds left.\n|inactive|RazzRazzBerry has 30 seconds left.\n|inactive|RazzRazzBerry has 20 seconds left.\n|inactive|RazzRazzBerry has 15 seconds left.\n|\n|t:|1700318514\n|switch|p1a: Arcanine|Arcanine, L50, M|100\/100\n|-ability|p1a: Arcanine|Intimidate|boost\n|-unboost|p2a: Little Mac|atk|1\n|-unboost|p2b: Courage|atk|1\n|switch|p2b: ALL MIGHT|Palafin-Hero, L50, M|100\/100\n|-activate|p2b: ALL MIGHT|ability: Zero to Hero\n|move|p2a: Little Mac|Close Combat|p1a: Arcanine\n|-damage|p1a: Arcanine|75\/100\n|-unboost|p2a: Little Mac|def|1\n|-unboost|p2a: Little Mac|spd|1\n|move|p1b: Weezing|Will-O-Wisp|p2b: ALL MIGHT\n|-status|p2b: ALL MIGHT|brn\n|\n|-damage|p2b: ALL MIGHT|95\/100 brn|[from] brn\n|upkeep\n|turn|3\n|\n|t:|1700318531\n|switch|p2a: Drax|Tyranitar, L50, F|100\/100\n|move|p1a: Arcanine|Protect|p1a: Arcanine\n|-singleturn|p1a: Arcanine|Protect\n|move|p2b: ALL MIGHT|Wave Crash|p1a: Arcanine\n|-activate|p1a: Arcanine|move: Protect\n|move|p1b: Weezing|Will-O-Wisp|p2a: Drax\n|-status|p2a: Drax|brn\n|\n|-damage|p2b: ALL MIGHT|89\/100 brn|[from] brn\n|-damage|p2a: Drax|94\/100 brn|[from] brn\n|upkeep\n|turn|4\n|inactive|PritzShow has 30 seconds left.\n|inactive|RazzRazzBerry has 30 seconds left.\n|inactive|PritzShow has 20 seconds left.\n|inactive|PritzShow has 15 seconds left.\n|inactive|PritzShow has 10 seconds left.\n|\n|t:|1700318576\n|switch|p1a: Rillaboom|Rillaboom, L50, M|92\/100\n|move|p2b: ALL MIGHT|Wave Crash|p1b: Weezing\n|-damage|p1b: Weezing|62\/100\n|-damage|p2b: ALL MIGHT|82\/100 brn|[from] Recoil\n|move|p2a: Drax|High Horsepower|p1b: Weezing\n|-supereffective|p1b: Weezing\n|-enditem|p1b: Weezing|Shuca Berry|[eat]\n|-enditem|p1b: Weezing|Shuca Berry|[weaken]\n|-damage|p1b: Weezing|49\/100\n|move|p1b: Weezing|Sludge Bomb|p2b: ALL MIGHT\n|-damage|p2b: ALL MIGHT|49\/100 brn\n|\n|-damage|p2b: ALL MIGHT|43\/100 brn|[from] brn\n|-damage|p2a: Drax|88\/100 brn|[from] brn\n|upkeep\n|turn|5\n|\n|t:|1700318598\n|move|p1b: Weezing|Protect|p1b: Weezing\n|-singleturn|p1b: Weezing|Protect\n|move|p2b: ALL MIGHT|Wave Crash|p1b: Weezing\n|-activate|p1b: Weezing|move: Protect\n|move|p1a: Rillaboom|Swords Dance|p1a: Rillaboom\n|-boost|p1a: Rillaboom|atk|2\n|move|p2a: Drax|High Horsepower|p1b: Weezing\n|-activate|p1b: Weezing|move: Protect\n|\n|-damage|p2b: ALL MIGHT|38\/100 brn|[from] brn\n|-damage|p2a: Drax|82\/100 brn|[from] brn\n|upkeep\n|turn|6\n|\n|t:|1700318622\n|-end|p1b: Weezing|ability: Neutralizing Gas\n|-fieldstart|move: Grassy Terrain|[from] ability: Grassy Surge|[of] p1a: Rillaboom\n|-weather|Sandstorm|[from] ability: Sand Stream|[of] p2a: Drax\n|switch|p1b: Arcanine|Arcanine, L50, M|75\/100\n|-ability|p1b: Arcanine|Intimidate|boost\n|-unboost|p2a: Drax|atk|1\n|-fail|p2b: ALL MIGHT|unboost|[from] item: Clear Amulet|[of] p2b: ALL MIGHT\n|move|p1a: Rillaboom|Grassy Glide|p2a: Drax\n|-supereffective|p2a: Drax\n|-damage|p2a: Drax|0 fnt\n|faint|p2a: Drax\n|move|p2b: ALL MIGHT|Wave Crash|p1b: Arcanine\n|-supereffective|p1b: Arcanine\n|-damage|p1b: Arcanine|15\/100\n|-damage|p2b: ALL MIGHT|15\/100 brn|[from] Recoil\n|\n|-weather|Sandstorm|[upkeep]\n|-damage|p2b: ALL MIGHT|10\/100 brn|[from] Sandstorm\n|-damage|p1b: Arcanine|9\/100|[from] Sandstorm\n|-damage|p1a: Rillaboom|86\/100|[from] Sandstorm\n|-heal|p2b: ALL MIGHT|15\/100 brn|[from] Grassy Terrain\n|-heal|p1b: Arcanine|15\/100|[from] Grassy Terrain\n|-heal|p1a: Rillaboom|92\/100|[from] Grassy Terrain\n|-damage|p2b: ALL MIGHT|10\/100 brn|[from] brn\n|upkeep\n|\n|t:|1700318628\n|switch|p2a: Little Mac|Pawmot, L50, F|100\/100\n|turn|7\n|\n|t:|1700318645\n|move|p2a: Little Mac|Fake Out|p1a: Rillaboom\n|-damage|p1a: Rillaboom|79\/100\n|cant|p1a: Rillaboom|flinch\n|move|p2b: ALL MIGHT|Wave Crash|p1b: Arcanine\n|-supereffective|p1b: Arcanine\n|-damage|p1b: Arcanine|0 fnt\n|faint|p1b: Arcanine\n|-damage|p2b: ALL MIGHT|4\/100 brn|[from] Recoil\n|\n|-weather|Sandstorm|[upkeep]\n|-damage|p2a: Little Mac|94\/100|[from] Sandstorm\n|-damage|p2b: ALL MIGHT|0 fnt|[from] Sandstorm\n|-damage|p1a: Rillaboom|73\/100|[from] Sandstorm\n|faint|p2b: ALL MIGHT\n|-heal|p2a: Little Mac|100\/100|[from] Grassy Terrain\n|-heal|p1a: Rillaboom|79\/100|[from] Grassy Terrain\n|upkeep\n|\n|t:|1700318658\n|switch|p2b: Courage|Houndstone, L50, M|100\/100\n|switch|p1b: Ting-Lu|Ting-Lu, L50|100\/100\n|-ability|p1b: Ting-Lu|Vessel of Ruin\n|turn|8\n|\n|t:|1700318677\n|move|p2b: Courage|Protect|p2b: Courage\n|-singleturn|p2b: Courage|Protect\n|move|p1a: Rillaboom|Grassy Glide|p2b: Courage\n|-activate|p2b: Courage|move: Protect\n|move|p2a: Little Mac|Revival Blessing|p2a: Little Mac\n|\n|t:|1700318684\n|-heal|p2: Drax|50\/100|[from] move: Revival Blessing\n|move|p1b: Ting-Lu|Stomping Tantrum|p2a: Little Mac\n|-supereffective|p2a: Little Mac\n|-enditem|p2a: Little Mac|Focus Sash\n|-damage|p2a: Little Mac|1\/100\n|\n|-weather|Sandstorm|[upkeep]\n|-damage|p2a: Little Mac|0 fnt|[from] Sandstorm\n|-damage|p1a: Rillaboom|73\/100|[from] Sandstorm\n|faint|p2a: Little Mac\n|-heal|p1a: Rillaboom|79\/100|[from] Grassy Terrain\n|upkeep\n|\n|t:|1700318689\n|switch|p2a: Drax|Tyranitar, L50, F|50\/100\n|turn|9\n|inactive|RazzRazzBerry has 30 seconds left.\n|inactive|RazzRazzBerry has 20 seconds left.\n|\n|t:|1700318727\n|move|p1a: Rillaboom|Grassy Glide|p2b: Courage\n|-damage|p2b: Courage|0 fnt\n|faint|p2b: Courage\n|move|p2a: Drax|Ice Punch|p1b: Ting-Lu\n|-supereffective|p1b: Ting-Lu\n|-damage|p1b: Ting-Lu|74\/100\n|-damage|p2a: Drax|34\/100|[from] item: Rocky Helmet|[of] p1b: Ting-Lu\n|move|p1b: Ting-Lu|Stomping Tantrum|p2a: Drax\n|-supereffective|p2a: Drax\n|-damage|p2a: Drax|0 fnt\n|faint|p2a: Drax\n|\n|win|PritzShow\n|c|&|\/uhtml prompt-razzrazzberry,RazzRazzBerry is ready for game 2!\n|c|\u2606PritzShow|gg\n|c|&|\/uhtml prompt-pritzshow,PritzShow is ready for game 2!\nBoth players are ready! Starting next match!\n|l|\u2606RazzRazzBerry\n","uploadtime":1700319126,"views":11,"p1id":"pritzshow","p2id":"razzrazzberry","formatid":"gen9vgc2023regulatione","rating":0,"private":0,"password":""}