{"id":"gen9vgc2023regulatione-1992544736","p1":"DracoSpirit","p2":"SaacLxnch","format":"[Gen 9] VGC 2023 Regulation E","log":"|j|\u2606DracoSpirit\n|j|\u2606SaacLxnch\n|t:|1700203020\n|gametype|doubles\n|player|p1|DracoSpirit|wallace|1150\n|player|p2|SaacLxnch|acetrainer-gen4|1204\n|teamsize|p1|6\n|teamsize|p2|6\n|gen|9\n|tier|[Gen 9] VGC 2023 Regulation E\n|rated|\n|rule|Species Clause: Limit one of each Pok\u00e9mon\n|rule|Item Clause: Limit one of each item\n|clearpoke\n|poke|p1|Iron Moth, L50|\n|poke|p1|Thundurus, L50, M|\n|poke|p1|Oranguru, L50, M|\n|poke|p1|Roaring Moon, L50|\n|poke|p1|Tauros-Paldea-Aqua, L50, M|\n|poke|p1|Orthworm, L50, F|\n|poke|p2|Landorus, L50, M|\n|poke|p2|Arcanine-Hisui, L50, F|\n|poke|p2|Gholdengo, L50|\n|poke|p2|Ogerpon-Wellspring, L50, F|\n|poke|p2|Roaring Moon, L50|\n|poke|p2|Iron Hands, L50|\n|teampreview|4\n|\n|t:|1700203107\n|start\n|switch|p1a: Thundurus|Thundurus, L50, M|100\/100\n|switch|p1b: Orthworm|Orthworm, L50, F|100\/100\n|switch|p2a: Roaring Moon|Roaring Moon, L50|100\/100\n|switch|p2b: Ogerpon|Ogerpon-Wellspring, L50, F|100\/100\n|-enditem|p2a: Roaring Moon|Booster Energy\n|-activate|p2a: Roaring Moon|ability: Protosynthesis|[fromitem]\n|-start|p2a: Roaring Moon|protosynthesisatk\n|turn|1\n|\n|t:|1700203153\n|move|p2b: Ogerpon|Spiky Shield|p2b: Ogerpon\n|-singleturn|p2b: Ogerpon|move: Protect\n|move|p1a: Thundurus|Taunt|p2b: Ogerpon\n|-activate|p2b: Ogerpon|move: Protect\n|move|p2a: Roaring Moon|Knock Off|p1b: Orthworm\n|-damage|p1b: Orthworm|46\/100\n|-enditem|p1b: Orthworm|Sitrus Berry|[from] move: Knock Off|[of] p2a: Roaring Moon\n|move|p1b: Orthworm|Body Press|p2a: Roaring Moon\n|-supereffective|p2a: Roaring Moon\n|-damage|p2a: Roaring Moon|39\/100\n|\n|upkeep\n|turn|2\n|\n|t:|1700203178\n|move|p1a: Thundurus|Thunder Wave|p2b: Ogerpon\n|-status|p2b: Ogerpon|par\n|move|p2a: Roaring Moon|Tailwind|p2a: Roaring Moon\n|-sidestart|p2: SaacLxnch|move: Tailwind\n|move|p2b: Ogerpon|Ivy Cudgel|p1a: Thundurus|[anim] Ivy Cudgel Water\n|-damage|p1a: Thundurus|42\/100\n|move|p1b: Orthworm|Body Press|p2a: Roaring Moon\n|-supereffective|p2a: Roaring Moon\n|-damage|p2a: Roaring Moon|0 fnt\n|faint|p2a: Roaring Moon\n|-end|p2a: Roaring Moon|Protosynthesis|[silent]\n|\n|upkeep\n|\n|t:|1700203194\n|switch|p2a: Gholdengo|Gholdengo, L50|100\/100\n|turn|3\n|\n|t:|1700203227\n|move|p2b: Ogerpon|Spiky Shield|p2b: Ogerpon\n|-singleturn|p2b: Ogerpon|move: Protect\n|move|p1a: Thundurus|Electric Terrain|p1a: Thundurus\n|-fieldstart|move: Electric Terrain\n|move|p2a: Gholdengo|Nasty Plot|p2a: Gholdengo\n|-boost|p2a: Gholdengo|spa|2\n|move|p1b: Orthworm|Body Press|p2b: Ogerpon\n|-activate|p2b: Ogerpon|move: Protect\n|-damage|p1b: Orthworm|33\/100|[from] Spiky Shield|[of] p2b: Ogerpon\n|\n|upkeep\n|turn|4\n|\n|t:|1700203254\n|move|p2a: Gholdengo|Nasty Plot|p2a: Gholdengo\n|-boost|p2a: Gholdengo|spa|2\n|move|p2b: Ogerpon|Ivy Cudgel|p1a: Thundurus|[anim] Ivy Cudgel Water\n|-damage|p1a: Thundurus|0 fnt\n|faint|p1a: Thundurus\n|move|p1b: Orthworm|Body Press|p2b: Ogerpon\n|-damage|p2b: Ogerpon|78\/100 par\n|\n|upkeep\n|\n|t:|1700203265\n|switch|p1a: Roaring Moon|Roaring Moon, L50|100\/100\n|-enditem|p1a: Roaring Moon|Booster Energy\n|-activate|p1a: Roaring Moon|ability: Protosynthesis|[fromitem]\n|-start|p1a: Roaring Moon|protosynthesisspe\n|turn|5\n|\n|t:|1700203295\n|move|p1a: Roaring Moon|Protect|p1a: Roaring Moon\n|-singleturn|p1a: Roaring Moon|Protect\n|move|p2b: Ogerpon|Follow Me|p2b: Ogerpon\n|-singleturn|p2b: Ogerpon|move: Follow Me\n|move|p2a: Gholdengo|Make It Rain|p1b: Orthworm|[spread] p1b\n|-activate|p1a: Roaring Moon|move: Protect\n|-resisted|p1b: Orthworm\n|-damage|p1b: Orthworm|0 fnt\n|-unboost|p2a: Gholdengo|spa|1\n|faint|p1b: Orthworm\n|\n|-sideend|p2: SaacLxnch|move: Tailwind\n|upkeep\n|\n|t:|1700203310\n|switch|p1b: Iron Moth|Iron Moth, L50|100\/100\n|-activate|p1b: Iron Moth|ability: Quark Drive\n|-start|p1b: Iron Moth|quarkdrivespa\n|turn|6\n|\n|t:|1700203339\n|move|p2a: Gholdengo|Protect|p2a: Gholdengo\n|-singleturn|p2a: Gholdengo|Protect\n|move|p2b: Ogerpon|Spiky Shield|p2b: Ogerpon\n|-singleturn|p2b: Ogerpon|move: Protect\n|move|p1a: Roaring Moon|Knock Off|p2a: Gholdengo\n|-activate|p2a: Gholdengo|move: Protect\n|move|p1b: Iron Moth|Heat Wave|p2a: Gholdengo|[spread] \n|-activate|p2a: Gholdengo|move: Protect\n|-activate|p2b: Ogerpon|move: Protect\n|\n|upkeep\n|turn|7\n|\n|t:|1700203385\n|-terastallize|p2a: Gholdengo|Dragon\n|move|p1a: Roaring Moon|Knock Off|p2a: Gholdengo\n|-damage|p2a: Gholdengo|53\/100\n|-enditem|p2a: Gholdengo|Leftovers|[from] move: Knock Off|[of] p1a: Roaring Moon\n|move|p1b: Iron Moth|Heat Wave|p2a: Gholdengo|[spread] p2a,p2b\n|-resisted|p2a: Gholdengo\n|-damage|p2a: Gholdengo|9\/100\n|-damage|p2b: Ogerpon|0 fnt\n|faint|p2b: Ogerpon\n|move|p2a: Gholdengo|Make It Rain|p1b: Iron Moth|[spread] p1a,p1b\n|-resisted|p1b: Iron Moth\n|-damage|p1a: Roaring Moon|0 fnt\n|-damage|p1b: Iron Moth|38\/100\n|-unboost|p2a: Gholdengo|spa|1\n|faint|p1a: Roaring Moon\n|-end|p1a: Roaring Moon|Protosynthesis|[silent]\n|\n|upkeep\n|\n|t:|1700203401\n|switch|p2b: Landorus|Landorus, L50, M|100\/100\n|turn|8\n|\n|t:|1700203442\n|move|p1b: Iron Moth|Heat Wave|p2a: Gholdengo|[spread] p2a,p2b\n|-resisted|p2a: Gholdengo\n|-damage|p2a: Gholdengo|0 fnt\n|-damage|p2b: Landorus|0 fnt\n|faint|p2a: Gholdengo\n|faint|p2b: Landorus\n|\n|win|DracoSpirit\n|raw|DracoSpirit's rating: 1150 &rarr; <strong>1179<\/strong><br \/>(+29 for winning)\n|raw|SaacLxnch's rating: 1204 &rarr; <strong>1175<\/strong><br \/>(-29 for losing)\n|l|\u2606DracoSpirit\n","uploadtime":1700203459,"views":14,"p1id":"dracospirit","p2id":"saaclxnch","formatid":"gen9vgc2023regulatione","rating":1175,"private":0,"password":""}