{"id":"gen9vgc2023regulatione-1993876287","p1":"folovolo","p2":"Mambae2","format":"[Gen 9] VGC 2023 Regulation E","log":"|j|\u2606folovolo\n|j|\u2606Mambae2\n|n|\u2606folovolo|folovolo\n|n|\u2606Mambae2|mambae2\n|html|View the match progress at <a href=\"\/game-bestof3-gen9vgc2023regulatione-1993876286\">game-bestof3-gen9vgc2023regulatione-1993876286<\/a>\n|t:|1700368715\n|gametype|doubles\n|player|p1|folovolo|pokemonranger-gen4|\n|player|p2|Mambae2|169|\n|teamsize|p1|6\n|teamsize|p2|6\n|gen|9\n|tier|[Gen 9] VGC 2023 Regulation E\n|rated|Tournament battle\n|rule|Species Clause: Limit one of each Pok\u00e9mon\n|rule|Item Clause: Limit one of each item\n|clearpoke\n|poke|p1|Tornadus, L50, M|\n|poke|p1|Roaring Moon, L50|\n|poke|p1|Landorus-Therian, L50, M|\n|poke|p1|Heatran, L50, M|\n|poke|p1|Iron Hands, L50|\n|poke|p1|Amoonguss, L50, M|\n|poke|p2|Gholdengo, L50|\n|poke|p2|Iron Hands, L50|\n|poke|p2|Amoonguss, L50, F|\n|poke|p2|Urshifu-*, L50, F|\n|poke|p2|Tornadus, L50, M|\n|poke|p2|Arcanine-Hisui, L50, M|\n|teampreview|4\n|showteam|p1|Tornadus||CovertCloak|Prankster|SunnyDay,Taunt,Tailwind,BleakwindStorm|||M|||50|,,,,,Dark]Roaring Moon||BoosterEnergy|Protosynthesis|DragonDance,Acrobatics,KnockOff,Protect||||||50|,,,,,Flying]Landorus-Therian||ChoiceScarf|Intimidate|TeraBlast,StompingTantrum,RockSlide,Uturn|||M|||50|,,,,,Flying]Heatran||LifeOrb|FlashFire|FlashCannon,HeatWave,EarthPower,Protect|||M|||50|,,,,,Fairy]Iron Hands||AssaultVest|QuarkDrive|FakeOut,DrainPunch,HeavySlam,WildCharge||||||50|,,,,,Grass]Amoonguss||SitrusBerry|Regenerator|Spore,RagePowder,PollenPuff,Protect|||M|||50|,,,,,Water\n|showteam|p2|Gholdengo||Leftovers|GoodasGold|MakeItRain,NastyPlot,ShadowBall,Protect||||||50|,,,,,Dragon]Iron Hands||AssaultVest|QuarkDrive|FakeOut,VoltSwitch,WildCharge,DrainPunch||||||50|,,,,,Water]Amoonguss||SitrusBerry|Regenerator|Spore,RagePowder,PollenPuff,Protect|||F|||50|,,,,,Water]Urshifu-Rapid-Strike||MysticWater|UnseenFist|SurgingStrikes,CloseCombat,AquaJet,Detect|||F|||50|,,,,,Water]Tornadus||RockyHelmet|Prankster|BleakwindStorm,RainDance,Tailwind,Protect|||M|||50|,,,,,Steel]Arcanine-Hisui||ChoiceBand|Intimidate|ExtremeSpeed,FlareBlitz,RockSlide,HeadSmash|||M|||50|,,,,,Fairy\n|j|%Radio Free C-Side\n|\n|t:|1700368787\n|start\n|switch|p1a: Landorus|Landorus-Therian, L50, M|100\/100\n|switch|p1b: Tornadus|Tornadus, L50, M|100\/100\n|switch|p2a: Tornadus|Tornadus, L50, M|100\/100\n|switch|p2b: Urshifu|Urshifu-Rapid-Strike, L50, F|100\/100\n|-ability|p1a: Landorus|Intimidate|boost\n|-unboost|p2a: Tornadus|atk|1\n|-unboost|p2b: Urshifu|atk|1\n|turn|1\n|\n|t:|1700368831\n|move|p1b: Tornadus|Tailwind|p1b: Tornadus\n|-sidestart|p1: folovolo|move: Tailwind\n|move|p1a: Landorus|U-turn|p2a: Tornadus\n|-resisted|p2a: Tornadus\n|-damage|p2a: Tornadus|90\/100\n|-damage|p1a: Landorus|84\/100|[from] item: Rocky Helmet|[of] p2a: Tornadus\n|\n|t:|1700368835\n|switch|p1a: Amoonguss|Amoonguss, L50, M|100\/100|[from] U-turn\n|move|p2a: Tornadus|Bleakwind Storm|p1b: Tornadus|[spread] p1b\n|-miss|p2a: Tornadus|p1a: Amoonguss\n|-damage|p1b: Tornadus|62\/100\n|move|p2b: Urshifu|Surging Strikes|p1a: Amoonguss\n|-resisted|p1a: Amoonguss\n|-crit|p1a: Amoonguss\n|-damage|p1a: Amoonguss|90\/100\n|-resisted|p1a: Amoonguss\n|-crit|p1a: Amoonguss\n|-damage|p1a: Amoonguss|80\/100\n|-resisted|p1a: Amoonguss\n|-crit|p1a: Amoonguss\n|-damage|p1a: Amoonguss|69\/100\n|-hitcount|p1a: Amoonguss|3\n|\n|upkeep\n|turn|2\n|\n|t:|1700368866\n|switch|p2b: Gholdengo|Gholdengo, L50|100\/100\n|-terastallize|p1a: Amoonguss|Water\n|move|p2a: Tornadus|Protect|p2a: Tornadus\n|-singleturn|p2a: Tornadus|Protect\n|move|p1b: Tornadus|Taunt|p2a: Tornadus\n|-activate|p2a: Tornadus|move: Protect\n|move|p1a: Amoonguss|Spore|p2b: Gholdengo\n|-immune|p2b: Gholdengo|[from] ability: Good as Gold\n|\n|upkeep\n|turn|3\n|\n|t:|1700368890\n|switch|p1a: Heatran|Heatran, L50, M|100\/100\n|move|p1b: Tornadus|Taunt|p2a: Tornadus\n|-start|p2a: Tornadus|move: Taunt\n|move|p2a: Tornadus|Bleakwind Storm|p1b: Tornadus|[spread] p1b\n|-miss|p2a: Tornadus|p1a: Heatran\n|-damage|p1b: Tornadus|28\/100\n|move|p2b: Gholdengo|Nasty Plot|p2b: Gholdengo\n|-boost|p2b: Gholdengo|spa|2\n|\n|upkeep\n|turn|4\n|c|\u2606Mambae2|????\n|\n|t:|1700368944\n|switch|p2a: Urshifu|Urshifu-Rapid-Strike, L50, F|100\/100\n|-terastallize|p2b: Gholdengo|Dragon\n|move|p1b: Tornadus|Sunny Day|p1b: Tornadus\n|-weather|SunnyDay\n|move|p1a: Heatran|Heat Wave|p2b: Gholdengo|[spread] p2a,p2b\n|-resisted|p2a: Urshifu\n|-resisted|p2b: Gholdengo\n|-crit|p2b: Gholdengo\n|-damage|p2a: Urshifu|60\/100\n|-damage|p2b: Gholdengo|39\/100\n|-damage|p1a: Heatran|91\/100|[from] item: Life Orb\n|move|p2b: Gholdengo|Shadow Ball|p1a: Heatran\n|-damage|p1a: Heatran|8\/100\n|\n|-weather|SunnyDay|[upkeep]\n|-heal|p2b: Gholdengo|45\/100|[from] item: Leftovers\n|-sideend|p1: folovolo|move: Tailwind\n|upkeep\n|turn|5\n|\n|t:|1700368981\n|switch|p1a: Amoonguss|Amoonguss, L50, M, tera:Water|100\/100\n|switch|p2a: Tornadus|Tornadus, L50, M|90\/100\n|move|p2b: Gholdengo|Protect|p2b: Gholdengo\n|-singleturn|p2b: Gholdengo|Protect\n|move|p1b: Tornadus|Tailwind|p1b: Tornadus\n|-sidestart|p1: folovolo|move: Tailwind\n|\n|-weather|SunnyDay|[upkeep]\n|-heal|p2b: Gholdengo|51\/100|[from] item: Leftovers\n|upkeep\n|turn|6\n|\n|t:|1700369008\n|switch|p1b: Heatran|Heatran, L50, M|8\/100\n|move|p2a: Tornadus|Rain Dance|p2a: Tornadus\n|-weather|RainDance\n|move|p2b: Gholdengo|Shadow Ball|p1a: Amoonguss\n|-damage|p1a: Amoonguss|33\/100\n|-enditem|p1a: Amoonguss|Sitrus Berry|[eat]\n|-heal|p1a: Amoonguss|58\/100|[from] item: Sitrus Berry\n|move|p1a: Amoonguss|Pollen Puff|p1b: Heatran\n|-heal|p1b: Heatran|58\/100\n|\n|-weather|RainDance|[upkeep]\n|-heal|p2b: Gholdengo|57\/100|[from] item: Leftovers\n|upkeep\n|turn|7\n|\n|t:|1700369051\n|move|p2b: Gholdengo|Protect|p2b: Gholdengo\n|-singleturn|p2b: Gholdengo|Protect\n|move|p1a: Amoonguss|Rage Powder|p1a: Amoonguss\n|-singleturn|p1a: Amoonguss|move: Rage Powder\n|move|p2a: Tornadus|Tailwind|p2a: Tornadus\n|-sidestart|p2: Mambae2|move: Tailwind\n|move|p1b: Heatran|Flash Cannon|p2b: Gholdengo\n|-activate|p2b: Gholdengo|move: Protect\n|\n|-weather|RainDance|[upkeep]\n|-heal|p2b: Gholdengo|63\/100|[from] item: Leftovers\n|upkeep\n|turn|8\n|\n|t:|1700369074\n|move|p2a: Tornadus|Bleakwind Storm|p1b: Heatran|[spread] p1a,p1b\n|-resisted|p1b: Heatran\n|-damage|p1a: Amoonguss|31\/100\n|-damage|p1b: Heatran|44\/100\n|-unboost|p1a: Amoonguss|spe|1\n|move|p1b: Heatran|Flash Cannon|p2b: Gholdengo\n|-damage|p2b: Gholdengo|0 fnt\n|faint|p2b: Gholdengo\n|-damage|p1b: Heatran|34\/100|[from] item: Life Orb\n|move|p1a: Amoonguss|Pollen Puff|p1b: Heatran\n|-heal|p1b: Heatran|84\/100\n|\n|-weather|RainDance|[upkeep]\n|-sideend|p1: folovolo|move: Tailwind\n|upkeep\n|\n|t:|1700369092\n|switch|p2b: Urshifu|Urshifu-Rapid-Strike, L50, F|60\/100\n|turn|9\n|\n|t:|1700369130\n|move|p2a: Tornadus|Bleakwind Storm|p1b: Heatran|[spread] p1a,p1b\n|-resisted|p1b: Heatran\n|-damage|p1a: Amoonguss|5\/100\n|-damage|p1b: Heatran|71\/100\n|move|p2b: Urshifu|Surging Strikes|p1b: Heatran\n|-supereffective|p1b: Heatran\n|-crit|p1b: Heatran\n|-damage|p1b: Heatran|0 fnt\n|faint|p1b: Heatran\n|-hitcount|p1: Heatran|1\n|move|p1a: Amoonguss|Spore|p2b: Urshifu\n|-status|p2b: Urshifu|slp|[from] move: Spore\n|\n|-weather|RainDance|[upkeep]\n|upkeep\n|\n|t:|1700369142\n|switch|p1b: Tornadus|Tornadus, L50, M|28\/100\n|turn|10\n|\n|t:|1700369156\n|switch|p1a: Landorus|Landorus-Therian, L50, M|84\/100\n|-ability|p1a: Landorus|Intimidate|boost\n|-unboost|p2a: Tornadus|atk|1\n|-unboost|p2b: Urshifu|atk|1\n|move|p2a: Tornadus|Bleakwind Storm|p1b: Tornadus|[spread] p1a,p1b\n|-damage|p1a: Landorus|50\/100\n|-damage|p1b: Tornadus|0 fnt\n|faint|p1b: Tornadus\n|cant|p2b: Urshifu|slp\n|\n|-weather|none\n|-sideend|p2: Mambae2|move: Tailwind\n|upkeep\n|\n|t:|1700369165\n|switch|p1b: Amoonguss|Amoonguss, L50, M, tera:Water|38\/100\n|turn|11\n|\n|t:|1700369171\n|move|p2a: Tornadus|Tailwind|p2a: Tornadus\n|-sidestart|p2: Mambae2|move: Tailwind\n|cant|p2b: Urshifu|slp\n|move|p1a: Landorus|Rock Slide|p2b: Urshifu|[spread] p2a,p2b\n|-supereffective|p2a: Tornadus\n|-resisted|p2b: Urshifu\n|-damage|p2a: Tornadus|55\/100\n|-damage|p2b: Urshifu|51\/100 slp\n|move|p1b: Amoonguss|Pollen Puff|p2b: Urshifu\n|-resisted|p2b: Urshifu\n|-damage|p2b: Urshifu|41\/100 slp\n|\n|upkeep\n|turn|12\n|\n|t:|1700369184\n|move|p1b: Amoonguss|Rage Powder|p1b: Amoonguss\n|-singleturn|p1b: Amoonguss|move: Rage Powder\n|move|p2a: Tornadus|Rain Dance|p2a: Tornadus\n|-weather|RainDance\n|-curestatus|p2b: Urshifu|slp|[msg]\n|move|p2b: Urshifu|Surging Strikes|p1b: Amoonguss\n|-resisted|p1b: Amoonguss\n|-crit|p1b: Amoonguss\n|-damage|p1b: Amoonguss|23\/100\n|-resisted|p1b: Amoonguss\n|-crit|p1b: Amoonguss\n|-damage|p1b: Amoonguss|8\/100\n|-resisted|p1b: Amoonguss\n|-crit|p1b: Amoonguss\n|-damage|p1b: Amoonguss|0 fnt\n|faint|p1b: Amoonguss\n|-hitcount|p1: Amoonguss|3\n|move|p1a: Landorus|Rock Slide|p2a: Tornadus|[spread] p2a,p2b\n|-supereffective|p2a: Tornadus\n|-resisted|p2b: Urshifu\n|-damage|p2a: Tornadus|20\/100\n|-damage|p2b: Urshifu|33\/100\n|\n|-weather|RainDance|[upkeep]\n|upkeep\n|turn|13\n|-message|folovolo forfeited.\n|\n|win|Mambae2\n|c|&|\/uhtml prompt-mambae2,Mambae2 is ready for game 2!\n|c|&|\/uhtml prompt-folovolo,folovolo is ready for game 2!\nBoth players are ready! Starting next match!\n|l|%Radio Free C-Side\n|l|\u2606folovolo\n","uploadtime":1700369515,"views":8,"p1id":"folovolo","p2id":"mambae2","formatid":"gen9vgc2023regulatione","rating":0,"private":0,"password":""}