{"id":"gen9vgc2023regulatione-1994341199","p1":"CrystalDialga","p2":"Kilowattrel Fan","format":"[Gen 9] VGC 2023 Regulation E","log":"|j|\u2606CrystalDialga\n|j|\u2606Kilowattrel Fan\n|n|\u2606CrystalDialga|crystaldialga\n|n|\u2606Kilowattrel Fan|kilowattrelfan\n|html|View the match progress at <a href=\"\/game-bestof3-gen9vgc2023regulatione-1994336494\">game-bestof3-gen9vgc2023regulatione-1994336494<\/a>\n|t:|1700432985\n|gametype|doubles\n|player|p1|CrystalDialga|larry|\n|player|p2|Kilowattrel Fan|riley|\n|teamsize|p1|6\n|teamsize|p2|6\n|gen|9\n|tier|[Gen 9] VGC 2023 Regulation E\n|rule|Species Clause: Limit one of each Pok\u00e9mon\n|rule|Item Clause: Limit one of each item\n|clearpoke\n|poke|p1|Dragapult, L50, F|\n|poke|p1|Chien-Pao, L50|\n|poke|p1|Ting-Lu, L50|\n|poke|p1|Rillaboom, L50, F|\n|poke|p1|Dondozo, L50, M|\n|poke|p1|Amoonguss, L50, M|\n|poke|p2|Torkoal, L50, F|\n|poke|p2|Lilligant-Hisui, L50, F|\n|poke|p2|Flutter Mane, L50|\n|poke|p2|Landorus-Therian, L50, M|\n|poke|p2|Kingambit, L50, M|\n|poke|p2|Iron Hands, L50|\n|teampreview|4\n|j| Van. Volcanucks\n|\n|t:|1700433060\n|start\n|switch|p1a: pookie bear|Dragapult, L50, F|100\/100\n|switch|p1b: Dude from Ice Age|Chien-Pao, L50|100\/100\n|switch|p2a: Sun Supplier|Torkoal, L50, F|100\/100\n|switch|p2b: Brian|Iron Hands, L50|100\/100\n|-ability|p1b: Dude from Ice Age|Sword of Ruin\n|-weather|SunnyDay|[from] ability: Drought|[of] p2a: Sun Supplier\n|turn|1\n|\n|t:|1700433110\n|switch|p2a: Supreme Overlord|Kingambit, L50, M|100\/100\n|-terastallize|p1b: Dude from Ice Age|Ghost\n|move|p1b: Dude from Ice Age|Sucker Punch||[still]\n|-fail|p1b: Dude from Ice Age\n|move|p1a: pookie bear|Dragon Darts|p2a: Supreme Overlord\n|-resisted|p2a: Supreme Overlord\n|-damage|p2a: Supreme Overlord|84\/100\n|-anim|p1a: pookie bear|Dragon Darts|p2b: Brian\n|-damage|p2b: Brian|67\/100\n|move|p2b: Brian|Drain Punch|p1b: Dude from Ice Age\n|-immune|p1b: Dude from Ice Age\n|\n|-weather|SunnyDay|[upkeep]\n|upkeep\n|turn|2\n|\n|t:|1700433152\n|switch|p1a: \"One more fissure\"|Ting-Lu, L50|100\/100\n|-ability|p1a: \"One more fissure\"|Vessel of Ruin\n|switch|p1b: SSJ3 Goku|Rillaboom, L50, F, shiny|100\/100\n|-fieldstart|move: Grassy Terrain|[from] ability: Grassy Surge|[of] p1b: SSJ3 Goku\n|-enditem|p1b: SSJ3 Goku|Grassy Seed\n|-boost|p1b: SSJ3 Goku|def|1|[from] item: Grassy Seed\n|move|p2a: Supreme Overlord|Sucker Punch||[still]\n|-fail|p2a: Supreme Overlord\n|move|p2b: Brian|Wild Charge|p1b: SSJ3 Goku\n|-resisted|p1b: SSJ3 Goku\n|-damage|p1b: SSJ3 Goku|84\/100\n|-damage|p2b: Brian|63\/100|[from] Recoil\n|\n|-weather|SunnyDay|[upkeep]\n|-heal|p1b: SSJ3 Goku|90\/100|[from] Grassy Terrain\n|-heal|p2a: Supreme Overlord|90\/100|[from] Grassy Terrain\n|-heal|p2b: Brian|69\/100|[from] Grassy Terrain\n|upkeep\n|turn|3\n|\n|t:|1700433191\n|move|p1b: SSJ3 Goku|Wood Hammer|p2b: Brian\n|-damage|p2b: Brian|6\/100\n|-damage|p1b: SSJ3 Goku|65\/100|[from] Recoil\n|move|p2a: Supreme Overlord|Kowtow Cleave|p1a: \"One more fissure\"\n|-resisted|p1a: \"One more fissure\"\n|-damage|p1a: \"One more fissure\"|84\/100\n|move|p2b: Brian|Drain Punch|p1a: \"One more fissure\"\n|-supereffective|p1a: \"One more fissure\"\n|-damage|p1a: \"One more fissure\"|32\/100\n|-heal|p2b: Brian|33\/100|[from] drain|[of] p1a: \"One more fissure\"\n|move|p1a: \"One more fissure\"|Stomping Tantrum|p2b: Brian\n|-supereffective|p2b: Brian\n|-damage|p2b: Brian|0 fnt\n|faint|p2b: Brian\n|-end|p2b: Brian|Quark Drive|[silent]\n|\n|-weather|SunnyDay|[upkeep]\n|-heal|p1b: SSJ3 Goku|71\/100|[from] Grassy Terrain\n|-heal|p2a: Supreme Overlord|96\/100|[from] Grassy Terrain\n|-heal|p1a: \"One more fissure\"|38\/100|[from] Grassy Terrain\n|upkeep\n|\n|t:|1700433211\n|switch|p2b: Broken Mon|Flutter Mane, L50|100\/100\n|-activate|p2b: Broken Mon|ability: Protosynthesis\n|-start|p2b: Broken Mon|protosynthesisspa\n|turn|4\n|\n|t:|1700433267\n|-terastallize|p2b: Broken Mon|Fairy\n|move|p2a: Supreme Overlord|Sucker Punch|p1b: SSJ3 Goku\n|-damage|p1b: SSJ3 Goku|44\/100\n|move|p2b: Broken Mon|Dazzling Gleam|p1a: \"One more fissure\"|[spread] p1a,p1b\n|-supereffective|p1a: \"One more fissure\"\n|-damage|p1a: \"One more fissure\"|0 fnt\n|-damage|p1b: SSJ3 Goku|0 fnt\n|faint|p1a: \"One more fissure\"\n|faint|p1b: SSJ3 Goku\n|\n|-weather|SunnyDay|[upkeep]\n|-heal|p2a: Supreme Overlord|100\/100|[from] Grassy Terrain\n|upkeep\n|\n|t:|1700433274\n|switch|p1b: Dude from Ice Age|Chien-Pao, L50, tera:Ghost|100\/100\n|switch|p1a: pookie bear|Dragapult, L50, F|100\/100\n|-ability|p1b: Dude from Ice Age|Sword of Ruin\n|turn|5\n|\n|t:|1700433294\n|move|p2a: Supreme Overlord|Sucker Punch|p1a: pookie bear\n|-supereffective|p1a: pookie bear\n|-damage|p1a: pookie bear|0 fnt\n|faint|p1a: pookie bear\n|move|p1b: Dude from Ice Age|Sacred Sword|p2a: Supreme Overlord\n|-supereffective|p2a: Supreme Overlord\n|-damage|p2a: Supreme Overlord|0 fnt\n|faint|p2a: Supreme Overlord\n|move|p2b: Broken Mon|Dazzling Gleam|p1b: Dude from Ice Age\n|-enditem|p1b: Dude from Ice Age|Focus Sash\n|-damage|p1b: Dude from Ice Age|1\/100\n|\n|-weather|none\n|-end|p2b: Broken Mon|Protosynthesis\n|-heal|p1b: Dude from Ice Age|7\/100|[from] Grassy Terrain\n|upkeep\n|\n|t:|1700433301\n|switch|p2a: Sun Supplier|Torkoal, L50, F|100\/100\n|-weather|SunnyDay|[from] ability: Drought|[of] p2a: Sun Supplier\n|-activate|p2b: Broken Mon|ability: Protosynthesis\n|-start|p2b: Broken Mon|protosynthesisspa\n|turn|6\n|\n|t:|1700433312\n|move|p1b: Dude from Ice Age|Icicle Crash|p2b: Broken Mon\n|-damage|p2b: Broken Mon|0 fnt\n|faint|p2b: Broken Mon\n|-end|p2b: Broken Mon|Protosynthesis|[silent]\n|move|p2a: Sun Supplier|Flamethrower|p1b: Dude from Ice Age\n|-damage|p1b: Dude from Ice Age|0 fnt\n|faint|p1b: Dude from Ice Age\n|\n|win|Kilowattrel Fan\n","uploadtime":1700433318,"views":6,"p1id":"crystaldialga","p2id":"kilowattrelfan","formatid":"gen9vgc2023regulatione","rating":0,"private":0,"password":""}