{"id":"gen9vgc2023regulatione-1991480078","p1":"QLS6874","p2":"qls14","format":"[Gen 9] VGC 2023 Regulation E","log":"|j|\u2606QLS6874\n|j|\u2606qls14\n|n|\u2606QLS6874|qls6874\n|n|\u2606qls14|qls14\n|html|View the match progress at <a href=\"\/game-bestof3-gen9vgc2023regulatione-1991474984\">game-bestof3-gen9vgc2023regulatione-1991474984<\/a>\n|t:|1700080788\n|gametype|doubles\n|player|p1|QLS6874|169|\n|player|p2|qls14|265|\n|teamsize|p1|6\n|teamsize|p2|6\n|gen|9\n|tier|[Gen 9] VGC 2023 Regulation E\n|rule|Species Clause: Limit one of each Pok\u00e9mon\n|rule|Item Clause: Limit one of each item\n|clearpoke\n|poke|p1|Umbreon, L50, F|\n|poke|p1|Arcanine, L50, M|\n|poke|p1|Milotic, L50, M|\n|poke|p1|Ogerpon, L50, F|\n|poke|p1|Mienshao, L50, M|\n|poke|p1|Azelf, L50|\n|poke|p2|Umbreon, L50, M|\n|poke|p2|Arcanine, L50, M|\n|poke|p2|Milotic, L50, M|\n|poke|p2|Ogerpon, L50, F|\n|poke|p2|Mienshao, L50, F|\n|poke|p2|Azelf, L50|\n|teampreview|4\n|\n|t:|1700080812\n|start\n|switch|p1a: Mienshao|Mienshao, L50, M|100\/100\n|switch|p1b: Azelf|Azelf, L50|100\/100\n|switch|p2a: Azelf|Azelf, L50|100\/100\n|switch|p2b: Ogerpon|Ogerpon, L50, F|100\/100\n|turn|1\n|\n|t:|1700080832\n|move|p2a: Azelf|Dazzling Gleam|p1b: Azelf|[spread] p1a,p1b\n|-supereffective|p1a: Mienshao\n|-damage|p1a: Mienshao|59\/100\n|-damage|p1b: Azelf|77\/100\n|move|p1b: Azelf|Nasty Plot|p1b: Azelf\n|-boost|p1b: Azelf|spa|2\n|move|p2b: Ogerpon|Stomping Tantrum|p1a: Mienshao\n|-damage|p1a: Mienshao|17\/100\n|move|p1a: Mienshao|Knock Off|p2a: Azelf\n|-supereffective|p2a: Azelf\n|-damage|p2a: Azelf|25\/100\n|-enditem|p2a: Azelf|Twisted Spoon|[from] move: Knock Off|[of] p1a: Mienshao\n|\n|upkeep\n|turn|2\n|\n|t:|1700080854\n|move|p1b: Azelf|Dazzling Gleam|p2b: Ogerpon|[spread] p2a,p2b\n|-damage|p2a: Azelf|0 fnt\n|-damage|p2b: Ogerpon|58\/100\n|faint|p2a: Azelf\n|move|p2b: Ogerpon|Stomping Tantrum|p1b: Azelf\n|-immune|p1b: Azelf|[from] ability: Levitate\n|move|p1a: Mienshao|Drain Punch|p2b: Ogerpon\n|-damage|p2b: Ogerpon|12\/100\n|-heal|p1a: Mienshao|43\/100|[from] drain|[of] p2b: Ogerpon\n|\n|upkeep\n|\n|t:|1700080870\n|switch|p2a: Arcanine|Arcanine, L50, M|100\/100\n|-ability|p2a: Arcanine|Intimidate|boost\n|-unboost|p1a: Mienshao|atk|1\n|-unboost|p1b: Azelf|atk|1\n|turn|3\n|\n|t:|1700080881\n|move|p1b: Azelf|Dazzling Gleam|p2b: Ogerpon|[spread] p2a,p2b\n|-resisted|p2a: Arcanine\n|-damage|p2a: Arcanine|82\/100\n|-damage|p2b: Ogerpon|0 fnt\n|faint|p2b: Ogerpon\n|move|p1a: Mienshao|Drain Punch|p2a: Arcanine\n|-damage|p2a: Arcanine|55\/100\n|-heal|p1a: Mienshao|61\/100|[from] drain|[of] p2a: Arcanine\n|move|p2a: Arcanine|Flare Blitz|p1b: Azelf\n|-damage|p1b: Azelf|23\/100\n|-damage|p2a: Arcanine|40\/100|[from] Recoil\n|-enditem|p2a: Arcanine|Sitrus Berry|[eat]\n|-heal|p2a: Arcanine|64\/100|[from] item: Sitrus Berry\n|\n|upkeep\n|\n|t:|1700080895\n|switch|p2b: Umbreon|Umbreon, L50, M|100\/100\n|turn|4\n|\n|t:|1700080912\n|-terastallize|p1a: Mienshao|Fighting\n|-terastallize|p2b: Umbreon|Fairy\n|move|p1b: Azelf|Dazzling Gleam|p2b: Umbreon|[spread] p2a,p2b\n|-resisted|p2a: Arcanine\n|-damage|p2a: Arcanine|48\/100\n|-damage|p2b: Umbreon|75\/100\n|move|p1a: Mienshao|Drain Punch|p2a: Arcanine\n|-damage|p2a: Arcanine|17\/100\n|-heal|p1a: Mienshao|81\/100|[from] drain|[of] p2a: Arcanine\n|move|p2a: Arcanine|Flare Blitz|p1b: Azelf\n|-damage|p1b: Azelf|0 fnt\n|faint|p1b: Azelf\n|-damage|p2a: Arcanine|11\/100|[from] Recoil\n|move|p2b: Umbreon|Foul Play|p1a: Mienshao\n|-resisted|p1a: Mienshao\n|-damage|p1a: Mienshao|57\/100\n|\n|upkeep\n|\n|t:|1700080929\n|switch|p1b: Milotic|Milotic, L50, M|100\/100\n|turn|5\n|\n|t:|1700080954\n|move|p2a: Arcanine|Protect|p2a: Arcanine\n|-singleturn|p2a: Arcanine|Protect\n|move|p1a: Mienshao|Drain Punch|p2a: Arcanine\n|-activate|p2a: Arcanine|move: Protect\n|move|p1b: Milotic|Scald|p2b: Umbreon\n|-damage|p2b: Umbreon|56\/100\n|-status|p2b: Umbreon|brn\n|-activate|p2b: Umbreon|ability: Synchronize\n|-status|p1b: Milotic|brn\n|move|p2b: Umbreon|Thunder Wave||[still]\n|-fail|p2b: Umbreon\n|\n|-damage|p1b: Milotic|95\/100 brn|[from] brn\n|-damage|p2b: Umbreon|50\/100 brn|[from] brn\n|upkeep\n|turn|6\n|\n|t:|1700080986\n|move|p1a: Mienshao|Drain Punch|p2a: Arcanine\n|-damage|p2a: Arcanine|0 fnt\n|-heal|p1a: Mienshao|64\/100|[from] drain|[of] p2a: Arcanine\n|faint|p2a: Arcanine\n|move|p1b: Milotic|Scald|p2b: Umbreon\n|-damage|p2b: Umbreon|33\/100 brn\n|move|p2b: Umbreon|Foul Play|p1a: Mienshao\n|-resisted|p1a: Mienshao\n|-damage|p1a: Mienshao|51\/100\n|\n|-heal|p1b: Milotic|100\/100 brn|[from] item: Leftovers\n|-damage|p1b: Milotic|95\/100 brn|[from] brn\n|-damage|p2b: Umbreon|27\/100 brn|[from] brn\n|upkeep\n|turn|7\n|\n|t:|1700081010\n|move|p1b: Milotic|Helping Hand|p1a: Mienshao\n|-singleturn|p1a: Mienshao|Helping Hand|[of] p1b: Milotic\n|move|p1a: Mienshao|U-turn|p2b: Umbreon\n|-resisted|p2b: Umbreon\n|-damage|p2b: Umbreon|19\/100 brn\n|-damage|p1a: Mienshao|34\/100|[from] item: Rocky Helmet|[of] p2b: Umbreon\n|\n|t:|1700081016\n|switch|p1a: Ogerpon|Ogerpon, L50, F|100\/100|[from] U-turn\n|move|p2b: Umbreon|Snarl|p1a: Ogerpon|[spread] p1a,p1b\n|-damage|p1a: Ogerpon|91\/100\n|-damage|p1b: Milotic|87\/100 brn\n|-unboost|p1a: Ogerpon|spa|1\n|-ability|p1a: Ogerpon|Defiant|boost\n|-boost|p1a: Ogerpon|atk|2\n|-unboost|p1b: Milotic|spa|1\n|\n|-heal|p1b: Milotic|93\/100 brn|[from] item: Leftovers\n|-damage|p1b: Milotic|87\/100 brn|[from] brn\n|-damage|p2b: Umbreon|13\/100 brn|[from] brn\n|upkeep\n|turn|8\n|\n|t:|1700081033\n|move|p2b: Umbreon|Protect|p2b: Umbreon\n|-singleturn|p2b: Umbreon|Protect\n|move|p1a: Ogerpon|Horn Leech|p2b: Umbreon\n|-activate|p2b: Umbreon|move: Protect\n|move|p1b: Milotic|Scald|p2b: Umbreon\n|-activate|p2b: Umbreon|move: Protect\n|\n|-heal|p1b: Milotic|93\/100 brn|[from] item: Leftovers\n|-damage|p1b: Milotic|87\/100 brn|[from] brn\n|-damage|p2b: Umbreon|7\/100 brn|[from] brn\n|upkeep\n|turn|9\n|inactive|Battle timer is ON: inactive players will automatically lose when time's up. (requested by qls14)\n|\n|t:|1700081052\n|move|p1a: Ogerpon|Horn Leech|p2b: Umbreon\n|-damage|p2b: Umbreon|0 fnt\n|-heal|p1a: Ogerpon|95\/100|[from] drain|[of] p2b: Umbreon\n|-damage|p1a: Ogerpon|79\/100|[from] item: Rocky Helmet|[of] p2b: Umbreon\n|faint|p2b: Umbreon\n|\n|win|QLS6874\n|l|\u2606qls14\n","uploadtime":1700081353,"views":22,"p1id":"qls6874","p2id":"qls14","formatid":"gen9vgc2023regulatione","rating":0,"private":0,"password":""}