{"id":"gen9vgc2023regulatione-1990284637","p1":"qz231114","p2":"Thepoke72TTTTTTTTt","format":"[Gen 9] VGC 2023 Regulation E","log":"|j|\u2606qz231114\n|j|\u2606Thepoke72TTTTTTTTt\n|t:|1699950623\n|gametype|doubles\n|player|p1|qz231114|102|1248\n|player|p2|Thepoke72TTTTTTTTt|cynthia-gen4|1299\n|teamsize|p1|6\n|teamsize|p2|6\n|gen|9\n|tier|[Gen 9] VGC 2023 Regulation E\n|rated|\n|rule|Species Clause: Limit one of each Pok\u00e9mon\n|rule|Item Clause: Limit one of each item\n|clearpoke\n|poke|p1|Tornadus, L50, M|\n|poke|p1|Volcarona, L50, M|\n|poke|p1|Basculegion, L50, M|\n|poke|p1|Ludicolo, L50, F|\n|poke|p1|Scizor, L50, F|\n|poke|p1|Flutter Mane, L50|\n|poke|p2|Empoleon, L50, F|\n|poke|p2|Chien-Pao, L50|\n|poke|p2|Dragapult, L50, F|\n|poke|p2|Iron Hands, L50|\n|poke|p2|Grimmsnarl, L50, M|\n|poke|p2|Kleavor, L50, F|\n|teampreview|4\n|inactive|Battle timer is ON: inactive players will automatically lose when time's up. (requested by qz231114)\nqz231114 rejected open team sheets.\n|\n|t:|1699950682\n|start\n|switch|p1a: Tornadus|Tornadus, L50, M|100\/100\n|switch|p1b: Volcarona|Volcarona, L50, M|100\/100\n|switch|p2a: Grimmsnarl|Grimmsnarl, L50, M|100\/100\n|switch|p2b: Kleavor|Kleavor, L50, F|100\/100\n|turn|1\n|\n|t:|1699950698\n|-terastallize|p1b: Volcarona|Water\n|move|p1a: Tornadus|Rain Dance|p1a: Tornadus\n|-weather|RainDance\n|move|p1b: Volcarona|Quiver Dance|p1b: Volcarona\n|-boost|p1b: Volcarona|spa|1\n|-boost|p1b: Volcarona|spd|1\n|-boost|p1b: Volcarona|spe|1\n|move|p2b: Kleavor|Stone Axe|p1b: Volcarona\n|-damage|p1b: Volcarona|61\/100\n|-damage|p2b: Kleavor|84\/100|[from] item: Rocky Helmet|[of] p1b: Volcarona\n|-sidestart|p1: qz231114|move: Stealth Rock\n|move|p2a: Grimmsnarl|Spirit Break|p1b: Volcarona\n|-damage|p1b: Volcarona|33\/100\n|-unboost|p1b: Volcarona|spa|1\n|-damage|p2a: Grimmsnarl|84\/100|[from] item: Rocky Helmet|[of] p1b: Volcarona\n|\n|-weather|RainDance|[upkeep]\n|upkeep\n|turn|2\n|inactive|Thepoke72TTTTTTTTt has 30 seconds left.\n|\n|t:|1699950723\n|move|p2a: Grimmsnarl|Light Screen|p2a: Grimmsnarl\n|-sidestart|p2: Thepoke72TTTTTTTTt|move: Light Screen\n|move|p1b: Volcarona|Tera Blast|p2b: Kleavor|[anim] Tera Blast Water\n|-supereffective|p2b: Kleavor\n|-damage|p2b: Kleavor|3\/100\n|move|p1a: Tornadus|Bleakwind Storm|p2b: Kleavor|[spread] p2a,p2b\n|-damage|p2a: Grimmsnarl|58\/100\n|-damage|p2b: Kleavor|0 fnt\n|faint|p2b: Kleavor\n|\n|-weather|RainDance|[upkeep]\n|upkeep\n|\n|t:|1699950740\n|switch|p2b: Empoleon|Empoleon, L50, F|100\/100\n|turn|3\n|\n|t:|1699950763\n|move|p1b: Volcarona|Tera Blast|p2a: Grimmsnarl|[anim] Tera Blast Water\n|-damage|p2a: Grimmsnarl|23\/100\n|move|p1a: Tornadus|Bleakwind Storm|p2a: Grimmsnarl|[spread] p2a,p2b\n|-resisted|p2b: Empoleon\n|-damage|p2a: Grimmsnarl|0 fnt\n|-damage|p2b: Empoleon|89\/100\n|-unboost|p2b: Empoleon|spe|1\n|-ability|p2b: Empoleon|Competitive|boost\n|-boost|p2b: Empoleon|spa|2\n|faint|p2a: Grimmsnarl\n|move|p2b: Empoleon|Yawn|p1b: Volcarona\n|-start|p1b: Volcarona|move: Yawn|[of] p2b: Empoleon\n|\n|-weather|RainDance|[upkeep]\n|upkeep\n|\n|t:|1699950775\n|switch|p2a: Iron Hands|Iron Hands, L50|100\/100\n|turn|4\n|\n|t:|1699950796\n|move|p2a: Iron Hands|Fake Out|p1a: Tornadus\n|-damage|p1a: Tornadus|78\/100\n|move|p1b: Volcarona|Tera Blast|p2a: Iron Hands|[anim] Tera Blast Water\n|-damage|p2a: Iron Hands|83\/100\n|cant|p1a: Tornadus|flinch\n|move|p2b: Empoleon|Flash Cannon|p1b: Volcarona\n|-resisted|p1b: Volcarona\n|-damage|p1b: Volcarona|15\/100\n|\n|-weather|RainDance|[upkeep]\n|-end|p1b: Volcarona|move: Yawn|[silent]\n|-status|p1b: Volcarona|slp\n|upkeep\n|turn|5\n|inactive|Thepoke72TTTTTTTTt has 30 seconds left.\n|\n|t:|1699950823\n|-terastallize|p2a: Iron Hands|Water\n|cant|p1b: Volcarona|slp\n|move|p1a: Tornadus|Bleakwind Storm|p2a: Iron Hands|[spread] p2a,p2b\n|-resisted|p2b: Empoleon\n|-damage|p2a: Iron Hands|69\/100\n|-damage|p2b: Empoleon|77\/100\n|move|p2a: Iron Hands|Drain Punch|p1a: Tornadus\n|-resisted|p1a: Tornadus\n|-damage|p1a: Tornadus|48\/100\n|-heal|p2a: Iron Hands|79\/100|[from] drain|[of] p1a: Tornadus\n|move|p2b: Empoleon|Water Pledge|p1b: Volcarona\n|-resisted|p1b: Volcarona\n|-damage|p1b: Volcarona|0 fnt\n|faint|p1b: Volcarona\n|\n|-weather|RainDance|[upkeep]\n|upkeep\n|\n|t:|1699950842\n|switch|p1b: Scizor|Scizor, L50, F|100\/100\n|-damage|p1b: Scizor|88\/100|[from] Stealth Rock\n|turn|6\n|\n|t:|1699950850\n|move|p1a: Tornadus|Bleakwind Storm|p2b: Empoleon|[spread] p2a,p2b\n|-resisted|p2b: Empoleon\n|-damage|p2a: Iron Hands|66\/100\n|-damage|p2b: Empoleon|66\/100\n|move|p1b: Scizor|Dual Wingbeat|p2a: Iron Hands\n|-damage|p2a: Iron Hands|52\/100\n|-damage|p2a: Iron Hands|36\/100\n|-hitcount|p2a: Iron Hands|2\n|move|p2a: Iron Hands|Drain Punch|p1b: Scizor\n|-damage|p1b: Scizor|46\/100\n|-heal|p2a: Iron Hands|50\/100|[from] drain|[of] p1b: Scizor\n|move|p2b: Empoleon|Water Pledge|p1b: Scizor\n|-damage|p1b: Scizor|0 fnt\n|faint|p1b: Scizor\n|\n|-weather|RainDance|[upkeep]\n|upkeep\n|\n|t:|1699950859\n|switch|p1b: Basculegion|Basculegion, L50, M|100\/100\n|-damage|p1b: Basculegion|88\/100|[from] Stealth Rock\n|turn|7\n|inactive|Thepoke72TTTTTTTTt has 30 seconds left.\n|\n|t:|1699950885\n|move|p1b: Basculegion|Wave Crash|p2a: Iron Hands\n|-resisted|p2a: Iron Hands\n|-damage|p2a: Iron Hands|9\/100\n|-damage|p1b: Basculegion|70\/100|[from] Recoil\n|move|p1a: Tornadus|Bleakwind Storm|p2b: Empoleon|[spread] p2a,p2b\n|-resisted|p2b: Empoleon\n|-damage|p2a: Iron Hands|0 fnt\n|-damage|p2b: Empoleon|55\/100\n|faint|p2a: Iron Hands\n|-end|p2a: Iron Hands|Quark Drive|[silent]\n|move|p2b: Empoleon|Water Pledge|p1b: Basculegion\n|-resisted|p1b: Basculegion\n|-damage|p1b: Basculegion|14\/100\n|\n|-weather|RainDance|[upkeep]\n|upkeep\n|turn|8\n|\n|t:|1699950904\n|move|p1b: Basculegion|Wave Crash|p2b: Empoleon\n|-resisted|p2b: Empoleon\n|-damage|p2b: Empoleon|0 fnt\n|faint|p2b: Empoleon\n|-damage|p1b: Basculegion|0 fnt|[from] Recoil\n|faint|p1b: Basculegion\n|\n|win|qz231114\n|raw|qz231114's rating: 1248 &rarr; <strong>1277<\/strong><br \/>(+29 for winning)\n|raw|Thepoke72TTTTTTTTt's rating: 1299 &rarr; <strong>1270<\/strong><br \/>(-29 for losing)\n","uploadtime":1699950908,"views":11,"p1id":"qz231114","p2id":"thepoke72ttttttttt","formatid":"gen9vgc2023regulatione","rating":1270,"private":0,"password":""}