{"id":"gen9vgc2023regulatione-1992573014","p1":"SucroseSuplex","p2":"Hesley Rokemon","format":"[Gen 9] VGC 2023 Regulation E","log":"|j|\u2606SucroseSuplex\n|j|\u2606Hesley Rokemon\n|t:|1700208155\n|gametype|doubles\n|player|p1|SucroseSuplex|harlequin|1039\n|player|p2|Hesley Rokemon|hilbert|1000\n|teamsize|p1|6\n|teamsize|p2|6\n|gen|9\n|tier|[Gen 9] VGC 2023 Regulation E\n|rated|\n|rule|Species Clause: Limit one of each Pok\u00e9mon\n|rule|Item Clause: Limit one of each item\n|clearpoke\n|poke|p1|Golem-Alola, L50, F|\n|poke|p1|Sinistcha, L50|\n|poke|p1|Dondozo, L50, M|\n|poke|p1|Iron Hands, L50|\n|poke|p1|Maushold, L50|\n|poke|p1|Rabsca, L50, M|\n|poke|p2|Urshifu-*, L50, M|\n|poke|p2|Tornadus, L50, M|\n|poke|p2|Iron Hands, L50|\n|poke|p2|Amoonguss, L50, F|\n|poke|p2|Kingambit, L50, F|\n|poke|p2|Grimmsnarl, L50, M|\n|teampreview|4\n|inactive|Battle timer is ON: inactive players will automatically lose when time's up. (requested by Hesley Rokemon)\n|inactive|Hesley Rokemon has 60 seconds left.\n|\n|t:|1700208202\n|start\n|switch|p1a: Golem|Golem-Alola, L50, F|100\/100\n|switch|p1b: Rabsca|Rabsca, L50, M|100\/100\n|switch|p2a: Amoonguss|Amoonguss, L50, F|100\/100\n|switch|p2b: Kingambit|Kingambit, L50, F|100\/100\n|turn|1\n|\n|t:|1700208231\n|switch|p2b: Grimmsnarl|Grimmsnarl, L50, M|100\/100\n|switch|p1a: Iron Hands|Iron Hands, L50|100\/100\n|move|p1b: Rabsca|Protect|p1b: Rabsca\n|-singleturn|p1b: Rabsca|Protect\n|move|p2a: Amoonguss|Energy Ball|p1a: Iron Hands\n|-damage|p1a: Iron Hands|72\/100\n|\n|upkeep\n|turn|2\n|inactive|Hesley Rokemon has 30 seconds left.\n|\n|t:|1700208261\n|move|p2a: Amoonguss|Spore|p1a: Iron Hands\n|-status|p1a: Iron Hands|slp|[from] move: Spore\n|move|p2b: Grimmsnarl|Dark Pulse|p1b: Rabsca\n|-supereffective|p1b: Rabsca\n|-damage|p1b: Rabsca|61\/100\n|cant|p1a: Iron Hands|slp\n|move|p1b: Rabsca|Trick Room|p1b: Rabsca\n|-fieldstart|move: Trick Room|[of] p1b: Rabsca\n|\n|upkeep\n|turn|3\n|\n|t:|1700208283\n|move|p1b: Rabsca|Protect|p1b: Rabsca\n|-singleturn|p1b: Rabsca|Protect\n|move|p2b: Grimmsnarl|Light Screen|p2b: Grimmsnarl\n|-sidestart|p2: Hesley Rokemon|move: Light Screen\n|cant|p1a: Iron Hands|slp\n|move|p2a: Amoonguss|Toxic|p1b: Rabsca\n|-activate|p1b: Rabsca|move: Protect\n|\n|upkeep\n|turn|4\n|\n|t:|1700208301\n|switch|p1b: Golem|Golem-Alola, L50, F|100\/100\n|move|p2b: Grimmsnarl|Reflect|p2b: Grimmsnarl\n|-sidestart|p2: Hesley Rokemon|Reflect\n|cant|p1a: Iron Hands|slp\n|move|p2a: Amoonguss|Toxic|p1b: Golem\n|-status|p1b: Golem|tox\n|\n|-damage|p1b: Golem|95\/100 tox|[from] psn\n|upkeep\n|turn|5\n|\n|t:|1700208320\n|move|p1b: Golem|Protect|p1b: Golem\n|-singleturn|p1b: Golem|Protect\n|-curestatus|p1a: Iron Hands|slp|[msg]\n|move|p1a: Iron Hands|Electric Terrain|p1a: Iron Hands\n|-fieldstart|move: Electric Terrain\n|-activate|p1a: Iron Hands|ability: Quark Drive\n|-start|p1a: Iron Hands|quarkdriveatk\n|move|p2b: Grimmsnarl|Spirit Break|p1a: Iron Hands\n|-supereffective|p1a: Iron Hands\n|-damage|p1a: Iron Hands|32\/100\n|-unboost|p1a: Iron Hands|spa|1\n|-enditem|p1a: Iron Hands|Sitrus Berry|[eat]\n|-heal|p1a: Iron Hands|57\/100|[from] item: Sitrus Berry\n|move|p2a: Amoonguss|Energy Ball|p1b: Golem\n|-activate|p1b: Golem|move: Protect\n|\n|-damage|p1b: Golem|83\/100 tox|[from] psn\n|upkeep\n|turn|6\n|\n|t:|1700208339\n|-end|p1a: Iron Hands|Quark Drive|[silent]\n|switch|p1a: Rabsca|Rabsca, L50, M|61\/100\n|move|p1b: Golem|Explosion|p2a: Amoonguss|[spread] p2a,p2b\n|-activate|p1a: Rabsca|ability: Telepathy\n|-resisted|p2a: Amoonguss\n|-damage|p2a: Amoonguss|20\/100\n|-damage|p2b: Grimmsnarl|0 fnt\n|-enditem|p2a: Amoonguss|Aguav Berry|[eat]\n|-heal|p2a: Amoonguss|54\/100|[from] item: Aguav Berry\n|faint|p1b: Golem\n|faint|p2b: Grimmsnarl\n|move|p2a: Amoonguss|Energy Ball|p1a: Rabsca\n|-resisted|p1a: Rabsca\n|-damage|p1a: Rabsca|47\/100\n|\n|-fieldend|move: Trick Room\n|upkeep\n|\n|t:|1700208353\n|switch|p2b: Kingambit|Kingambit, L50, F|100\/100\n|switch|p1b: Sinistcha|Sinistcha, L50|100\/100\n|-heal|p1a: Rabsca|72\/100|[from] ability: Hospitality|[of] p1b: Sinistcha\n|turn|7\n|\n|t:|1700208365\n|-terastallize|p1a: Rabsca|Dark\n|move|p2b: Kingambit|Kowtow Cleave|p1a: Rabsca\n|-resisted|p1a: Rabsca\n|-damage|p1a: Rabsca|47\/100\n|move|p2a: Amoonguss|Toxic|p1b: Sinistcha\n|-status|p1b: Sinistcha|tox\n|move|p1a: Rabsca|Revival Blessing|p1a: Rabsca\n|-enditem|p1a: Rabsca|Leppa Berry|[eat]\n|-activate|p1a: Rabsca|item: Leppa Berry|Revival Blessing|[consumed]\n|\n|t:|1700208374\n|-heal|p1: Golem|50\/100|[from] move: Revival Blessing\n|move|p1b: Sinistcha|Trick Room|p1b: Sinistcha\n|-fieldstart|move: Trick Room|[of] p1b: Sinistcha\n|\n|-damage|p1b: Sinistcha|95\/100 tox|[from] psn\n|-sideend|p2: Hesley Rokemon|move: Light Screen\n|upkeep\n|turn|8\n|\n|t:|1700208387\n|switch|p1b: Golem|Golem-Alola, L50, F|50\/100\n|move|p1a: Rabsca|Protect|p1a: Rabsca\n|-singleturn|p1a: Rabsca|Protect\n|move|p2b: Kingambit|Protect|p2b: Kingambit\n|-singleturn|p2b: Kingambit|Protect\n|move|p2a: Amoonguss|Sludge Bomb|p1b: Golem\n|-resisted|p1b: Golem\n|-damage|p1b: Golem|25\/100\n|-status|p1b: Golem|psn\n|\n|-damage|p1b: Golem|13\/100 psn|[from] psn\n|-sideend|p2: Hesley Rokemon|Reflect\n|upkeep\n|turn|9\n|\n|t:|1700208408\n|move|p2b: Kingambit|Sucker Punch||[still]\n|-fail|p2b: Kingambit\n|move|p1b: Golem|Explosion|p2b: Kingambit|[spread] p2a,p2b\n|-activate|p1a: Rabsca|ability: Telepathy\n|-resisted|p2a: Amoonguss\n|-crit|p2a: Amoonguss\n|-damage|p2a: Amoonguss|0 fnt\n|-damage|p2b: Kingambit|0 fnt\n|faint|p1b: Golem\n|faint|p2a: Amoonguss\n|faint|p2b: Kingambit\n|move|p1a: Rabsca|Revival Blessing|p1a: Rabsca\n|\n|t:|1700208417\n|-heal|p1: Golem|50\/100|[from] move: Revival Blessing\n|switch|p1b: Golem|Golem-Alola, L50, F|50\/100\n|\n|-fieldend|move: Electric Terrain\n|upkeep\n|\n|t:|1700208420\n|switch|p2b: Iron Hands|Iron Hands, L50|100\/100\n|turn|10\n|inactive|Hesley Rokemon has 30 seconds left.\n|inactive|Hesley Rokemon has 20 seconds left.\n|inactive|Hesley Rokemon has 15 seconds left.\n|\n|t:|1700208460\n|move|p1b: Golem|Explosion|p2b: Iron Hands|[spread] p2b\n|-activate|p1a: Rabsca|ability: Telepathy\n|-resisted|p2b: Iron Hands\n|-damage|p2b: Iron Hands|47\/100\n|faint|p1b: Golem\n|move|p1a: Rabsca|Psychic|p2b: Iron Hands\n|-supereffective|p2b: Iron Hands\n|-damage|p2b: Iron Hands|0 fnt\n|faint|p2b: Iron Hands\n|-end|p2b: Iron Hands|Quark Drive|[silent]\n|\n|win|SucroseSuplex\n|raw|SucroseSuplex's rating: 1039 &rarr; <strong>1069<\/strong><br \/>(+30 for winning)\n|raw|Hesley Rokemon's rating: 1000 &rarr; <strong>1000<\/strong><br \/>(+0 for losing)\n|l|\u2606Hesley Rokemon\n","uploadtime":1700208471,"views":15,"p1id":"sucrosesuplex","p2id":"hesleyrokemon","formatid":"gen9vgc2023regulatione","rating":1000,"private":0,"password":""}