{"id":"gen9vgc2023regulatione-1999673693","p1":"dexxiomlg","p2":"zaharba","format":"[Gen 9] VGC 2023 Regulation E","log":"|j|\u2606dexxiomlg\n|j|\u2606zaharba\n|t:|1701106660\n|gametype|doubles\n|player|p1|dexxiomlg|2|1121\n|player|p2|zaharba|169|1164\n|teamsize|p1|6\n|teamsize|p2|6\n|gen|9\n|tier|[Gen 9] VGC 2023 Regulation E\n|rated|\n|rule|Species Clause: Limit one of each Pok\u00e9mon\n|rule|Item Clause: Limit one of each item\n|clearpoke\n|poke|p1|Gothitelle, L50, F|\n|poke|p1|Iron Hands, L50|\n|poke|p1|Flutter Mane, L50|\n|poke|p1|Chien-Pao, L50|\n|poke|p1|Palafin, L50, F|\n|poke|p1|Amoonguss, L50, M|\n|poke|p2|Sinistcha-Masterpiece, L50|\n|poke|p2|Iron Hands, L50|\n|poke|p2|Ninetales-Alola, L50, M|\n|poke|p2|Baxcalibur, L50, F|\n|poke|p2|Hatterene, L50, F|\n|poke|p2|Arcanine-Hisui, L50, M|\n|teampreview|4\n|inactive|Battle timer is ON: inactive players will automatically lose when time's up. (requested by zaharba)\nzaharba has agreed to open team sheets.\n|inactive|dexxiomlg has 60 seconds left.\n|inactive|zaharba has 60 seconds left.\n|\n|t:|1701106702\n|start\n|switch|p1a: Lolita|Flutter Mane, L50|100\/100\n|switch|p1b: Antonio|Amoonguss, L50, M|100\/100\n|switch|p2a: Ninetales|Ninetales-Alola, L50, M|100\/100\n|switch|p2b: Baxcalibur|Baxcalibur, L50, F|100\/100\n|-weather|Snow|[from] ability: Snow Warning|[of] p2a: Ninetales\n|turn|1\n|inactive|dexxiomlg has 30 seconds left.\n|inactive|zaharba has 30 seconds left.\n|inactive|dexxiomlg has 20 seconds left.\n|inactive|zaharba has 20 seconds left.\n|inactive|dexxiomlg has 15 seconds left.\n|inactive|dexxiomlg has 10 seconds left.\n|\n|t:|1701106751\n|switch|p2b: Sinistcha|Sinistcha-Masterpiece, L50|100\/100\n|move|p1a: Lolita|Shadow Ball|p2a: Ninetales\n|-damage|p2a: Ninetales|42\/100\n|-damage|p1a: Lolita|90\/100|[from] item: Life Orb\n|move|p2a: Ninetales|Icy Wind|p1a: Lolita|[spread] p1a,p1b\n|-supereffective|p1b: Antonio\n|-damage|p1a: Lolita|76\/100\n|-damage|p1b: Antonio|81\/100\n|-unboost|p1a: Lolita|spe|1\n|-unboost|p1b: Antonio|spe|1\n|move|p1b: Antonio|Spore|p2a: Ninetales\n|-status|p2a: Ninetales|slp|[from] move: Spore\n|\n|-weather|Snow|[upkeep]\n|upkeep\n|turn|2\n|\n|t:|1701106773\n|move|p1b: Antonio|Rage Powder|p1b: Antonio\n|-singleturn|p1b: Antonio|move: Rage Powder\n|cant|p2a: Ninetales|slp\n|move|p1a: Lolita|Shadow Ball|p2b: Sinistcha\n|-supereffective|p2b: Sinistcha\n|-damage|p2b: Sinistcha|0 fnt\n|faint|p2b: Sinistcha\n|-damage|p1a: Lolita|66\/100|[from] item: Life Orb\n|\n|-weather|Snow|[upkeep]\n|upkeep\n|\n|t:|1701106782\n|switch|p2b: Baxcalibur|Baxcalibur, L50, F|100\/100\n|turn|3\n|\n|t:|1701106806\n|-terastallize|p1a: Lolita|Fairy\n|-terastallize|p2b: Baxcalibur|Poison\n|move|p1b: Antonio|Rage Powder|p1b: Antonio\n|-singleturn|p1b: Antonio|move: Rage Powder\n|-curestatus|p2a: Ninetales|slp|[msg]\n|move|p2a: Ninetales|Aurora Veil|p2a: Ninetales\n|-sidestart|p2: zaharba|move: Aurora Veil\n|move|p1a: Lolita|Dazzling Gleam|p2b: Baxcalibur|[spread] p2a,p2b\n|-resisted|p2b: Baxcalibur\n|-damage|p2a: Ninetales|7\/100\n|-damage|p2b: Baxcalibur|84\/100\n|-damage|p1a: Lolita|56\/100|[from] item: Life Orb\n|move|p2b: Baxcalibur|Icicle Spear|p1b: Antonio\n|-supereffective|p1b: Antonio\n|-damage|p1b: Antonio|52\/100\n|-supereffective|p1b: Antonio\n|-damage|p1b: Antonio|21\/100\n|-enditem|p1b: Antonio|Wiki Berry|[eat]\n|-heal|p1b: Antonio|54\/100|[from] item: Wiki Berry\n|-supereffective|p1b: Antonio\n|-crit|p1b: Antonio\n|-damage|p1b: Antonio|8\/100\n|-supereffective|p1b: Antonio\n|-damage|p1b: Antonio|0 fnt\n|faint|p1b: Antonio\n|-hitcount|p1: Antonio|4\n|\n|-weather|Snow|[upkeep]\n|upkeep\n|\n|t:|1701106826\n|switch|p1b: Andr\u00e9s|Chien-Pao, L50|100\/100\n|-ability|p1b: Andr\u00e9s|Sword of Ruin\n|turn|4\n|\n|t:|1701106848\n|move|p1b: Andr\u00e9s|Throat Chop|p2b: Baxcalibur\n|-damage|p2b: Baxcalibur|55\/100\n|-start|p2b: Baxcalibur|Throat Chop|[silent]\n|move|p2a: Ninetales|Icy Wind|p1b: Andr\u00e9s|[spread] \n|-miss|p2a: Ninetales|p1a: Lolita\n|-miss|p2a: Ninetales|p1b: Andr\u00e9s\n|move|p1a: Lolita|Dazzling Gleam|p2b: Baxcalibur|[spread] p2a,p2b\n|-resisted|p2b: Baxcalibur\n|-damage|p2a: Ninetales|0 fnt\n|-damage|p2b: Baxcalibur|38\/100\n|faint|p2a: Ninetales\n|-damage|p1a: Lolita|46\/100|[from] item: Life Orb\n|move|p2b: Baxcalibur|Scale Shot|p1b: Andr\u00e9s\n|-damage|p1b: Andr\u00e9s|85\/100\n|-damage|p1b: Andr\u00e9s|71\/100\n|-damage|p1b: Andr\u00e9s|57\/100\n|-damage|p1b: Andr\u00e9s|41\/100\n|-damage|p1b: Andr\u00e9s|27\/100\n|-hitcount|p1b: Andr\u00e9s|5\n|-unboost|p2b: Baxcalibur|def|1\n|-boost|p2b: Baxcalibur|spe|1\n|\n|-weather|Snow|[upkeep]\n|upkeep\n|\n|t:|1701106869\n|switch|p2a: Iron Hands|Iron Hands, L50|100\/100\n|turn|5\n|inactive|dexxiomlg has 30 seconds left.\n|inactive|dexxiomlg has 20 seconds left.\n|inactive|dexxiomlg has 15 seconds left.\n|\n|t:|1701106912\n|-end|p1a: Lolita|Protosynthesis|[silent]\n|switch|p1a: Jos\u00e9|Iron Hands, L50|100\/100\n|move|p1b: Andr\u00e9s|Protect|p1b: Andr\u00e9s\n|-singleturn|p1b: Andr\u00e9s|Protect\n|move|p2a: Iron Hands|Fake Out|p1b: Andr\u00e9s\n|-activate|p1b: Andr\u00e9s|move: Protect\n|move|p2b: Baxcalibur|Icicle Spear|p1a: Jos\u00e9\n|-damage|p1a: Jos\u00e9|88\/100\n|-damage|p1a: Jos\u00e9|75\/100\n|-damage|p1a: Jos\u00e9|63\/100\n|-damage|p1a: Jos\u00e9|50\/100\n|-damage|p1a: Jos\u00e9|36\/100\n|-hitcount|p1a: Jos\u00e9|5\n|\n|-weather|none\n|-end|p2b: Baxcalibur|Throat Chop|[silent]\n|upkeep\n|turn|6\n|inactive|dexxiomlg has 30 seconds left.\n|inactive|zaharba has 30 seconds left.\n|inactive|zaharba has 20 seconds left.\n|\n|t:|1701106948\n|move|p1b: Andr\u00e9s|Throat Chop|p2b: Baxcalibur\n|-damage|p2b: Baxcalibur|0 fnt\n|faint|p2b: Baxcalibur\n|move|p2a: Iron Hands|Drain Punch|p1b: Andr\u00e9s\n|-supereffective|p1b: Andr\u00e9s\n|-damage|p1b: Andr\u00e9s|0 fnt\n|faint|p1b: Andr\u00e9s\n|move|p1a: Jos\u00e9|Swords Dance|p1a: Jos\u00e9\n|-boost|p1a: Jos\u00e9|atk|2\n|\n|upkeep\n|\n|t:|1701106953\n|switch|p1b: Lolita|Flutter Mane, L50, tera:Fairy|46\/100\n|turn|7\n|-message|zaharba forfeited.\n|\n|win|dexxiomlg\n|raw|dexxiomlg's rating: 1121 &rarr; <strong>1149<\/strong><br \/>(+28 for winning)\n|raw|zaharba's rating: 1164 &rarr; <strong>1136<\/strong><br \/>(-28 for losing)\n|l|\u2606zaharba\n","uploadtime":1701106965,"views":1,"p1id":"dexxiomlg","p2id":"zaharba","formatid":"gen9vgc2023regulatione","rating":1136,"private":0,"password":""}