{"id":"gen9vgc2023regulatione-1999254103","p1":"dylpickle97531","p2":"big guy big guy","format":"[Gen 9] VGC 2023 Regulation E","log":"|j|\u2606dylpickle97531\n|j|\u2606big guy big guy\n|t:|1701051193\n|gametype|doubles\n|player|p1|dylpickle97531|collector|1259\n|player|p2|big guy big guy|170|1215\n|teamsize|p1|6\n|teamsize|p2|6\n|gen|9\n|tier|[Gen 9] VGC 2023 Regulation E\n|rated|\n|rule|Species Clause: Limit one of each Pok\u00e9mon\n|rule|Item Clause: Limit one of each item\n|clearpoke\n|poke|p1|Ninetales-Alola, L50, F|\n|poke|p1|Baxcalibur, L50, F|\n|poke|p1|Cetitan, L50, F|\n|poke|p1|Corviknight, L50, F|\n|poke|p1|Ogerpon-Wellspring, L50, F|\n|poke|p1|Iron Valiant, L50|\n|poke|p2|Indeedee-F, L50, F|\n|poke|p2|Armarouge, L50, M|\n|poke|p2|Tatsugiri, L50, M|\n|poke|p2|Dondozo, L50, F|\n|poke|p2|Torkoal, L50, F|\n|poke|p2|Lilligant-Hisui, L50, F|\n|teampreview|4\n|inactive|Battle timer is ON: inactive players will automatically lose when time's up. (requested by big guy big guy)\nbig guy big guy has agreed to open team sheets.\n|\n|t:|1701051218\n|start\n|switch|p1a: Corviknight|Corviknight, L50, F|100\/100\n|switch|p1b: Ogerpon|Ogerpon-Wellspring, L50, F|100\/100\n|switch|p2a: Torkoal|Torkoal, L50, F|100\/100\n|switch|p2b: Lilligant|Lilligant-Hisui, L50, F|100\/100\n|-weather|SunnyDay|[from] ability: Drought|[of] p2a: Torkoal\n|turn|1\n|\n|t:|1701051242\n|-terastallize|p1a: Corviknight|Dragon\n|move|p2a: Torkoal|Protect|p2a: Torkoal\n|-singleturn|p2a: Torkoal|Protect\n|move|p2b: Lilligant|Solar Blade||[still]\n|-prepare|p2b: Lilligant|Solar Blade\n|-anim|p2b: Lilligant|Solar Blade|p1b: Ogerpon\n|-crit|p1b: Ogerpon\n|-damage|p1b: Ogerpon|0 fnt\n|faint|p1b: Ogerpon\n|move|p1a: Corviknight|U-turn|p2b: Lilligant\n|-damage|p2b: Lilligant|69\/100\n|\n|t:|1701051249\n|switch|p1a: Ninetales|Ninetales-Alola, L50, F|100\/100|[from] U-turn\n|-weather|Snow|[from] ability: Snow Warning|[of] p1a: Ninetales\n|\n|-weather|Snow|[upkeep]\n|upkeep\n|\n|t:|1701051258\n|switch|p1b: Corviknight|Corviknight, L50, F, tera:Dragon|100\/100\n|turn|2\n|\n|t:|1701051269\n|switch|p2b: Indeedee|Indeedee-F, L50, F|100\/100\n|-fieldstart|move: Psychic Terrain|[from] ability: Psychic Surge|[of] p2b: Indeedee\n|switch|p2a: Armarouge|Armarouge, L50, M|100\/100\n|move|p1a: Ninetales|Blizzard|p2b: Indeedee|[spread] p2a,p2b\n|-resisted|p2a: Armarouge\n|-damage|p2a: Armarouge|84\/100\n|-damage|p2b: Indeedee|68\/100\n|-status|p2a: Armarouge|frz\n|-status|p2b: Indeedee|frz\n|move|p1b: Corviknight|Tailwind|p1b: Corviknight\n|-sidestart|p1: dylpickle97531|move: Tailwind\n|\n|-weather|Snow|[upkeep]\n|upkeep\n|turn|3\n|\n|t:|1701051290\n|switch|p1a: Baxcalibur|Baxcalibur, L50, F, shiny|100\/100\n|cant|p2b: Indeedee|frz\n|move|p1b: Corviknight|U-turn|p2b: Indeedee\n|-supereffective|p2b: Indeedee\n|-damage|p2b: Indeedee|8\/100 frz\n|\n|t:|1701051302\n|switch|p1b: Ninetales|Ninetales-Alola, L50, F|100\/100|[from] U-turn\n|cant|p2a: Armarouge|frz\n|\n|-weather|Snow|[upkeep]\n|upkeep\n|turn|4\n|\n|t:|1701051324\n|switch|p1b: Corviknight|Corviknight, L50, F, tera:Dragon|100\/100\n|cant|p2b: Indeedee|frz\n|move|p1a: Baxcalibur|High Horsepower|p2a: Armarouge\n|-supereffective|p2a: Armarouge\n|-damage|p2a: Armarouge|6\/100 frz\n|cant|p2a: Armarouge|frz\n|\n|-weather|Snow|[upkeep]\n|upkeep\n|turn|5\n|\n|t:|1701051341\n|cant|p2b: Indeedee|frz\n|move|p1a: Baxcalibur|Thunder Fang|p2a: Armarouge\n|-damage|p2a: Armarouge|0 fnt\n|faint|p2a: Armarouge\n|move|p1b: Corviknight|Iron Head|p2b: Indeedee\n|-damage|p2b: Indeedee|0 fnt\n|faint|p2b: Indeedee\n|\n|-weather|none\n|-sideend|p1: dylpickle97531|move: Tailwind\n|upkeep\n|\n|t:|1701051346\n|switch|p2b: Lilligant|Lilligant-Hisui, L50, F|69\/100\n|switch|p2a: Torkoal|Torkoal, L50, F|100\/100\n|-weather|SunnyDay|[from] ability: Drought|[of] p2a: Torkoal\n|turn|6\n|\n|t:|1701051368\n|switch|p1a: Ninetales|Ninetales-Alola, L50, F|100\/100\n|-weather|Snow|[from] ability: Snow Warning|[of] p1a: Ninetales\n|move|p2b: Lilligant|Axe Kick|p1a: Ninetales|[miss]\n|-miss|p2b: Lilligant|p1a: Ninetales\n|-damage|p2b: Lilligant|20\/100|[from] highjumpkick\n|move|p1b: Corviknight|Tailwind|p1b: Corviknight\n|-sidestart|p1: dylpickle97531|move: Tailwind\n|move|p2a: Torkoal|Eruption|p1a: Ninetales|[spread] p1a,p1b\n|-supereffective|p1a: Ninetales\n|-resisted|p1b: Corviknight\n|-enditem|p1a: Ninetales|Focus Sash\n|-damage|p1a: Ninetales|1\/100\n|-damage|p1b: Corviknight|73\/100\n|\n|-weather|Snow|[upkeep]\n|-heal|p1b: Corviknight|79\/100|[from] item: Leftovers\n|-fieldend|move: Psychic Terrain\n|upkeep\n|turn|7\n|inactive|big guy big guy has 30 seconds left.\n|\n|t:|1701051400\n|move|p1a: Ninetales|Aurora Veil|p1a: Ninetales\n|-sidestart|p1: dylpickle97531|move: Aurora Veil\n|move|p1b: Corviknight|Brave Bird|p2b: Lilligant\n|-supereffective|p2b: Lilligant\n|-damage|p2b: Lilligant|0 fnt\n|faint|p2b: Lilligant\n|-damage|p1b: Corviknight|74\/100|[from] Recoil\n|move|p2a: Torkoal|Eruption|p1a: Ninetales|[spread] p1a,p1b\n|-supereffective|p1a: Ninetales\n|-resisted|p1b: Corviknight\n|-damage|p1a: Ninetales|0 fnt\n|-damage|p1b: Corviknight|55\/100\n|faint|p1a: Ninetales\n|\n|-weather|Snow|[upkeep]\n|-heal|p1b: Corviknight|61\/100|[from] item: Leftovers\n|upkeep\n|\n|t:|1701051406\n|switch|p1a: Baxcalibur|Baxcalibur, L50, F, shiny|100\/100\n|turn|8\n|\n|t:|1701051411\n|-terastallize|p2a: Torkoal|Fire\n|move|p1a: Baxcalibur|High Horsepower|p2a: Torkoal\n|-supereffective|p2a: Torkoal\n|-damage|p2a: Torkoal|41\/100\n|move|p1b: Corviknight|Brave Bird|p2a: Torkoal\n|-damage|p2a: Torkoal|0 fnt\n|faint|p2a: Torkoal\n|-damage|p1b: Corviknight|50\/100|[from] Recoil\n|\n|win|dylpickle97531\n|raw|dylpickle97531's rating: 1259 &rarr; <strong>1281<\/strong><br \/>(+22 for winning)\n|raw|big guy big guy's rating: 1215 &rarr; <strong>1193<\/strong><br \/>(-22 for losing)\n|l|\u2606big guy big guy\n","uploadtime":1701051422,"views":9,"p1id":"dylpickle97531","p2id":"bigguybigguy","formatid":"gen9vgc2023regulatione","rating":1193,"private":0,"password":""}