{"id":"gen9vgc2023regulatione-1995038251","p1":"nicolas rainier","p2":"testhan92","format":"[Gen 9] VGC 2023 Regulation E","log":"|j|\u2606nicolas rainier\n|j|\u2606testhan92\n|t:|1700515933\n|gametype|doubles\n|player|p1|nicolas rainier|170|1334\n|player|p2|testhan92|266|1318\n|teamsize|p1|6\n|teamsize|p2|6\n|gen|9\n|tier|[Gen 9] VGC 2023 Regulation E\n|rated|\n|rule|Species Clause: Limit one of each Pok\u00e9mon\n|rule|Item Clause: Limit one of each item\n|clearpoke\n|poke|p1|Farigiraf, L50, F|\n|poke|p1|Iron Hands, L50|\n|poke|p1|Urshifu-*, L50, M|\n|poke|p1|Chien-Pao, L50|\n|poke|p1|Tornadus, L50, M|\n|poke|p1|Flutter Mane, L50|\n|poke|p2|Flutter Mane, L50|\n|poke|p2|Heatran, L50, M|\n|poke|p2|Urshifu-*, L50, M|\n|poke|p2|Dusclops, L50, F|\n|poke|p2|Ursaluna-Bloodmoon, L50, M|\n|poke|p2|Iron Hands, L50|\n|teampreview|4\n|inactive|Battle timer is ON: inactive players will automatically lose when time's up. (requested by nicolas rainier)\n|inactive|testhan92 has 60 seconds left.\n|\n|t:|1700516007\n|start\n|switch|p1a: Big Girafarig|Farigiraf, L50, F|100\/100\n|switch|p1b: Water Bear|Urshifu-Rapid-Strike, L50, M|100\/100\n|switch|p2a: Urshifu|Urshifu-Rapid-Strike, L50, M|100\/100\n|switch|p2b: Iron Hands|Iron Hands, L50|100\/100\n|turn|1\n|inactive|nicolas rainier has 30 seconds left.\n|inactive|testhan92 has 30 seconds left.\n|\n|t:|1700516041\n|move|p1b: Water Bear|U-turn|p2a: Urshifu\n|-resisted|p2a: Urshifu\n|-damage|p2a: Urshifu|87\/100\n|\n|t:|1700516046\n|switch|p1b: Clowdy Howdy|Tornadus, L50, M|100\/100|[from] U-turn\n|move|p2a: Urshifu|Taunt|p1a: Big Girafarig\n|-start|p1a: Big Girafarig|move: Taunt\n|move|p1a: Big Girafarig|Psychic|p2a: Urshifu\n|-supereffective|p2a: Urshifu\n|-damage|p2a: Urshifu|0 fnt\n|faint|p2a: Urshifu\n|move|p2b: Iron Hands|Wild Charge|p1b: Clowdy Howdy\n|-supereffective|p1b: Clowdy Howdy\n|-damage|p1b: Clowdy Howdy|0 fnt\n|faint|p1b: Clowdy Howdy\n|-damage|p2b: Iron Hands|82\/100|[from] Recoil\n|\n|upkeep\n|\n|t:|1700516063\n|switch|p2a: Dusclops|Dusclops, L50, F|100\/100\n|switch|p1b: Chien-Pao|Chien-Pao, L50|100\/100\n|-ability|p1b: Chien-Pao|Sword of Ruin\n|-ability|p2a: Dusclops|Pressure\n|turn|2\n|\n|t:|1700516089\n|-terastallize|p1b: Chien-Pao|Poison\n|-terastallize|p2a: Dusclops|Dark\n|move|p1b: Chien-Pao|Ice Spinner|p2b: Iron Hands\n|-damage|p2b: Iron Hands|33\/100\n|-damage|p1b: Chien-Pao|91\/100|[from] item: Life Orb\n|move|p1a: Big Girafarig|Psychic|p2b: Iron Hands\n|-supereffective|p2b: Iron Hands\n|-damage|p2b: Iron Hands|0 fnt\n|faint|p2b: Iron Hands\n|-end|p2b: Iron Hands|Quark Drive|[silent]\n|move|p2a: Dusclops|Trick Room|p2a: Dusclops\n|-fieldstart|move: Trick Room|[of] p2a: Dusclops\n|\n|upkeep\n|\n|t:|1700516100\n|switch|p2b: Heatran|Heatran, L50, M|100\/100\n|turn|3\n|inactive|nicolas rainier has 30 seconds left.\n|\n|t:|1700516126\n|move|p2a: Dusclops|Will-O-Wisp|p1b: Chien-Pao\n|-status|p1b: Chien-Pao|brn\n|move|p1a: Big Girafarig|Dazzling Gleam|p2a: Dusclops|[spread] p2a,p2b\n|-supereffective|p2a: Dusclops\n|-resisted|p2b: Heatran\n|-damage|p2a: Dusclops|83\/100\n|-damage|p2b: Heatran|97\/100\n|move|p2b: Heatran|Substitute|p2b: Heatran\n|-start|p2b: Heatran|Substitute\n|-damage|p2b: Heatran|72\/100\n|move|p1b: Chien-Pao|Sacred Sword|p2a: Dusclops\n|-supereffective|p2a: Dusclops\n|-damage|p2a: Dusclops|49\/100\n|-damage|p1b: Chien-Pao|82\/100 brn|[from] item: Life Orb\n|\n|-heal|p2b: Heatran|78\/100|[from] item: Leftovers\n|-damage|p1b: Chien-Pao|76\/100 brn|[from] brn\n|-end|p1a: Big Girafarig|move: Taunt\n|upkeep\n|turn|4\n|\n|t:|1700516145\n|move|p2a: Dusclops|Pain Split|p1a: Big Girafarig\n|-sethp|p1a: Big Girafarig|66\/100|[from] move: Pain Split|[silent]\n|-sethp|p2a: Dusclops|100\/100|[from] move: Pain Split\n|move|p1a: Big Girafarig|Psychic|p2b: Heatran\n|-resisted|p2b: Heatran\n|-activate|p2b: Heatran|move: Substitute|[damage]\n|move|p2b: Heatran|Heat Wave|p1b: Chien-Pao|[spread] p1a,p1b\n|-damage|p1a: Big Girafarig|27\/100\n|-damage|p1b: Chien-Pao|19\/100 brn\n|-enditem|p1a: Big Girafarig|Sitrus Berry|[eat]\n|-heal|p1a: Big Girafarig|52\/100|[from] item: Sitrus Berry\n|move|p1b: Chien-Pao|Sacred Sword|p2a: Dusclops\n|-supereffective|p2a: Dusclops\n|-damage|p2a: Dusclops|62\/100\n|-damage|p1b: Chien-Pao|9\/100 brn|[from] item: Life Orb\n|\n|-heal|p2b: Heatran|84\/100|[from] item: Leftovers\n|-damage|p1b: Chien-Pao|4\/100 brn|[from] brn\n|upkeep\n|turn|5\n|inactive|testhan92 has 30 seconds left.\n|inactive|testhan92 has 20 seconds left.\n|inactive|testhan92 has 15 seconds left.\n|inactive|testhan92 has 10 seconds left.\n|\n|t:|1700516195\n|move|p1b: Chien-Pao|Sucker Punch|p2b: Heatran\n|-end|p2b: Heatran|Substitute\n|-damage|p1b: Chien-Pao|0 fnt|[from] item: Life Orb\n|faint|p1b: Chien-Pao\n|move|p2a: Dusclops|Pain Split|p1a: Big Girafarig\n|-sethp|p1a: Big Girafarig|46\/100|[from] move: Pain Split|[silent]\n|-sethp|p2a: Dusclops|70\/100|[from] move: Pain Split\n|move|p2b: Heatran|Heat Wave|p1a: Big Girafarig\n|-damage|p1a: Big Girafarig|0 fnt\n|faint|p1a: Big Girafarig\n|\n|-heal|p2b: Heatran|90\/100|[from] item: Leftovers\n|upkeep\n|\n|t:|1700516206\n|switch|p1b: Water Bear|Urshifu-Rapid-Strike, L50, M|100\/100\n|turn|6\n|\n|t:|1700516217\n|move|p2a: Dusclops|Will-O-Wisp|p1b: Water Bear\n|-status|p1b: Water Bear|brn\n|move|p2b: Heatran|Substitute|p2b: Heatran\n|-start|p2b: Heatran|Substitute\n|-damage|p2b: Heatran|66\/100\n|move|p1b: Water Bear|Surging Strikes|p2b: Heatran\n|-supereffective|p2b: Heatran\n|-crit|p2b: Heatran\n|-activate|p2b: Heatran|move: Substitute|[damage]\n|-supereffective|p2b: Heatran\n|-crit|p2b: Heatran\n|-end|p2b: Heatran|Substitute\n|-supereffective|p2b: Heatran\n|-crit|p2b: Heatran\n|-damage|p2b: Heatran|47\/100\n|-hitcount|p2b: Heatran|3\n|\n|-heal|p2b: Heatran|54\/100|[from] item: Leftovers\n|-damage|p1b: Water Bear|94\/100 brn|[from] brn\n|-fieldend|move: Trick Room\n|upkeep\n|turn|7\n|inactive|testhan92 has 30 seconds left.\n|\n|t:|1700516245\n|move|p1b: Water Bear|Surging Strikes|p2b: Heatran\n|-supereffective|p2b: Heatran\n|-crit|p2b: Heatran\n|-damage|p2b: Heatran|35\/100\n|-supereffective|p2b: Heatran\n|-crit|p2b: Heatran\n|-damage|p2b: Heatran|17\/100\n|-supereffective|p2b: Heatran\n|-crit|p2b: Heatran\n|-damage|p2b: Heatran|0 fnt\n|faint|p2b: Heatran\n|-hitcount|p2: Heatran|3\n|move|p2a: Dusclops|Trick Room|p2a: Dusclops\n|-fieldstart|move: Trick Room|[of] p2a: Dusclops\n|\n|-damage|p1b: Water Bear|88\/100 brn|[from] brn\n|upkeep\n|turn|8\n|inactive|testhan92 has 30 seconds left.\n|inactive|testhan92 has 20 seconds left.\n|inactive|testhan92 has 15 seconds left.\n|\n|t:|1700516288\n|move|p2a: Dusclops|Pain Split|p1b: Water Bear\n|-sethp|p1b: Water Bear|72\/100 brn|[from] move: Pain Split|[silent]\n|-sethp|p2a: Dusclops|90\/100|[from] move: Pain Split\n|move|p1b: Water Bear|Surging Strikes|p2a: Dusclops\n|-crit|p2a: Dusclops\n|-damage|p2a: Dusclops|84\/100\n|-crit|p2a: Dusclops\n|-damage|p2a: Dusclops|78\/100\n|-crit|p2a: Dusclops\n|-damage|p2a: Dusclops|70\/100\n|-hitcount|p2a: Dusclops|3\n|\n|-damage|p1b: Water Bear|66\/100 brn|[from] brn\n|upkeep\n|turn|9\n|inactive|testhan92 has 30 seconds left.\n|inactive|testhan92 has 20 seconds left.\n|\n|t:|1700516326\n|move|p2a: Dusclops|Brick Break|p1b: Water Bear\n|-damage|p1b: Water Bear|57\/100 brn\n|move|p1b: Water Bear|Surging Strikes|p2a: Dusclops\n|-crit|p2a: Dusclops\n|-damage|p2a: Dusclops|64\/100\n|-crit|p2a: Dusclops\n|-damage|p2a: Dusclops|58\/100\n|-crit|p2a: Dusclops\n|-damage|p2a: Dusclops|51\/100\n|-hitcount|p2a: Dusclops|3\n|\n|-damage|p1b: Water Bear|51\/100 brn|[from] brn\n|upkeep\n|turn|10\n|inactive|nicolas rainier has 30 seconds left.\n|inactive|nicolas rainier has 20 seconds left.\n|inactive|nicolas rainier has 15 seconds left.\n|\n|t:|1700516371\n|move|p2a: Dusclops|Pain Split|p1b: Water Bear\n|-sethp|p1b: Water Bear|46\/100 brn|[from] move: Pain Split|[silent]\n|-sethp|p2a: Dusclops|57\/100|[from] move: Pain Split\n|move|p1b: Water Bear|Surging Strikes|p2a: Dusclops\n|-crit|p2a: Dusclops\n|-damage|p2a: Dusclops|50\/100\n|-crit|p2a: Dusclops\n|-damage|p2a: Dusclops|44\/100\n|-crit|p2a: Dusclops\n|-damage|p2a: Dusclops|38\/100\n|-hitcount|p2a: Dusclops|3\n|\n|-damage|p1b: Water Bear|40\/100 brn|[from] brn\n|upkeep\n|turn|11\n|\n|t:|1700516385\n|move|p2a: Dusclops|Pain Split|p1b: Water Bear\n|-sethp|p1b: Water Bear|35\/100 brn|[from] move: Pain Split|[silent]\n|-sethp|p2a: Dusclops|43\/100|[from] move: Pain Split\n|-activate|p1b: Water Bear|move: Struggle\n|move|p1b: Water Bear|Struggle|p2a: Dusclops\n|-damage|p2a: Dusclops|37\/100\n|-damage|p1b: Water Bear|10\/100 brn|[from] recoil\n|\n|-damage|p1b: Water Bear|4\/100 brn|[from] brn\n|-fieldend|move: Trick Room\n|upkeep\n|turn|12\n|\n|t:|1700516398\n|-activate|p1b: Water Bear|move: Struggle\n|move|p1b: Water Bear|Struggle|p2a: Dusclops\n|-damage|p2a: Dusclops|32\/100\n|-damage|p1b: Water Bear|0 fnt|[from] recoil\n|faint|p1b: Water Bear\n|\n|win|testhan92\n|raw|nicolas rainier's rating: 1334 &rarr; <strong>1313<\/strong><br \/>(-21 for losing)\n|raw|testhan92's rating: 1318 &rarr; <strong>1339<\/strong><br \/>(+21 for winning)\n|c|\u2606nicolas rainier|gg\n","uploadtime":1700516475,"views":5,"p1id":"nicolasrainier","p2id":"testhan92","formatid":"gen9vgc2023regulatione","rating":1313,"private":0,"password":""}