{"id":"gen9vgc2023regulatione-1995962378","p1":"LocoTrell","p2":"tales425","format":"[Gen 9] VGC 2023 Regulation E","log":"|j|\u2606LocoTrell\n|j|\u2606tales425\n|t:|1700622544\n|gametype|doubles\n|player|p1|LocoTrell|cynthia-masters3|\n|player|p2|tales425|iris-gen5bw2|\n|teamsize|p1|6\n|teamsize|p2|6\n|gen|9\n|tier|[Gen 9] VGC 2023 Regulation E\n|rule|Species Clause: Limit one of each Pok\u00e9mon\n|rule|Item Clause: Limit one of each item\n|clearpoke\n|poke|p1|Pelipper, L50, F|\n|poke|p1|Urshifu-*, L50, F|\n|poke|p1|Iron Hands, L50|\n|poke|p1|Amoonguss, L50, F|\n|poke|p1|Gholdengo, L50|\n|poke|p1|Chien-Pao, L50|\n|poke|p2|Chien-Pao, L50|\n|poke|p2|Rillaboom, L50, M|\n|poke|p2|Arcanine-Hisui, L50, F|\n|poke|p2|Urshifu-*, L50, M|\n|poke|p2|Tornadus, L50, M|\n|poke|p2|Flutter Mane, L50|\n|teampreview|4\ntales425 has agreed to open team sheets.\nLocoTrell has agreed to open team sheets.\n|showteam|p1|Pelipper||RockyHelmet|Drizzle|HydroPump,Hurricane,WideGuard,Protect|||F|||50|,,,,,Steel]Urshifu-Rapid-Strike||ChoiceScarf|UnseenFist|SurgingStrikes,CloseCombat,TeraBlast,Uturn|||F|||50|,,,,,Grass]Iron Hands||AssaultVest|QuarkDrive|FakeOut,DrainPunch,WildCharge,HeavySlam||||||50|,,,,,Grass]Amoonguss||MentalHerb|Regenerator|Spore,RagePowder,PollenPuff,LeafStorm|||F|||50|,,,,,Water]Gholdengo||SitrusBerry|GoodasGold|MakeItRain,ShadowBall,NastyPlot,Protect||||||50|,,,,,Flying]Chien-Pao||FocusSash|SwordofRuin|IceSpinner,Crunch,SuckerPunch,Protect||||||50|,,,,,Ghost\n|showteam|p2|Chien-Pao||FocusSash|SwordofRuin|SuckerPunch,IcicleCrash,SacredSword,Protect||||||50|,,,,,Ghost]Rillaboom||AssaultVest|GrassySurge|FakeOut,GrassyGlide,WoodHammer,HighHorsepower|||M|||50|,,,,,Fire]Arcanine-Hisui||SitrusBerry|Intimidate|FlareBlitz,WillOWisp,RockSlide,ExtremeSpeed|||F|||50|,,,,,Normal]Urshifu-Rapid-Strike||MysticWater|UnseenFist|SurgingStrikes,AquaJet,CloseCombat,Protect|||M|||50|,,,,,Water]Tornadus||RockyHelmet|Prankster|BleakwindStorm,Taunt,Tailwind,RainDance|||M|||50|,,,,,Ghost]Flutter Mane||BoosterEnergy|Protosynthesis|ShadowBall,Moonblast,DazzlingGleam,Protect||||||50|,,,,,Fairy\n|c|\u2606LocoTrell|GL\n|c|\u2606tales425|GLHF\n|inactive|Battle timer is ON: inactive players will automatically lose when time's up. (requested by LocoTrell)\n|\n|t:|1700622636\n|start\n|switch|p1a: Pelipper|Pelipper, L50, F|100\/100\n|switch|p1b: Urshifu|Urshifu-Rapid-Strike, L50, F|100\/100\n|switch|p2a: Tornadus|Tornadus, L50, M|100\/100\n|switch|p2b: Rillaboom|Rillaboom, L50, M|100\/100\n|-weather|RainDance|[from] ability: Drizzle|[of] p1a: Pelipper\n|-fieldstart|move: Grassy Terrain|[from] ability: Grassy Surge|[of] p2b: Rillaboom\n|turn|1\n|inactive|LocoTrell has 30 seconds left.\n|\n|t:|1700622663\n|switch|p1b: Chien-Pao|Chien-Pao, L50|100\/100\n|-ability|p1b: Chien-Pao|Sword of Ruin\n|move|p1a: Pelipper|Protect|p1a: Pelipper\n|-singleturn|p1a: Pelipper|Protect\n|move|p2b: Rillaboom|Fake Out|p1b: Chien-Pao\n|-damage|p1b: Chien-Pao|78\/100\n|move|p2a: Tornadus|Bleakwind Storm|p1a: Pelipper|[spread] p1b\n|-activate|p1a: Pelipper|move: Protect\n|-damage|p1b: Chien-Pao|29\/100\n|\n|-weather|RainDance|[upkeep]\n|-heal|p1b: Chien-Pao|35\/100|[from] Grassy Terrain\n|upkeep\n|turn|2\n|inactive|tales425 has 30 seconds left.\n|\n|t:|1700622693\n|move|p2a: Tornadus|Tailwind|p2a: Tornadus\n|-sidestart|p2: tales425|move: Tailwind\n|move|p2b: Rillaboom|High Horsepower|p1b: Chien-Pao\n|-damage|p1b: Chien-Pao|0 fnt\n|faint|p1b: Chien-Pao\n|move|p1a: Pelipper|Hurricane|p2b: Rillaboom\n|-supereffective|p2b: Rillaboom\n|-damage|p2b: Rillaboom|33\/100\n|\n|-weather|RainDance|[upkeep]\n|-heal|p2b: Rillaboom|39\/100|[from] Grassy Terrain\n|upkeep\n|\n|t:|1700622709\n|switch|p1b: Iron Hands|Iron Hands, L50, shiny|100\/100\n|turn|3\n|\n|t:|1700622725\n|switch|p2b: Arcanine|Arcanine-Hisui, L50, F|100\/100\n|-ability|p2b: Arcanine|Intimidate|boost\n|-unboost|p1a: Pelipper|atk|1\n|-unboost|p1b: Iron Hands|atk|1\n|move|p1a: Pelipper|Wide Guard|p1a: Pelipper\n|-singleturn|p1a: Pelipper|Wide Guard\n|move|p1b: Iron Hands|Fake Out|p2b: Arcanine\n|-resisted|p2b: Arcanine\n|-damage|p2b: Arcanine|94\/100\n|move|p2a: Tornadus|Bleakwind Storm|p1b: Iron Hands|[spread] \n|-activate|p1a: Pelipper|move: Wide Guard\n|-activate|p1b: Iron Hands|move: Wide Guard\n|\n|-weather|RainDance|[upkeep]\n|-heal|p2b: Arcanine|99\/100|[from] Grassy Terrain\n|upkeep\n|turn|4\n|inactive|tales425 has 30 seconds left.\n|inactive|tales425 has 20 seconds left.\n|\n|t:|1700622764\n|move|p2a: Tornadus|Taunt|p1a: Pelipper\n|-start|p1a: Pelipper|move: Taunt\n|move|p2b: Arcanine|Will-O-Wisp|p1b: Iron Hands\n|-status|p1b: Iron Hands|brn\n|move|p1a: Pelipper|Hydro Pump|p2b: Arcanine\n|-supereffective|p2b: Arcanine\n|-damage|p2b: Arcanine|0 fnt\n|faint|p2b: Arcanine\n|move|p1b: Iron Hands|Wild Charge|p2a: Tornadus\n|-supereffective|p2a: Tornadus\n|-damage|p2a: Tornadus|57\/100\n|-damage|p1b: Iron Hands|84\/100 brn|[from] item: Rocky Helmet|[of] p2a: Tornadus\n|-damage|p1b: Iron Hands|76\/100 brn|[from] Recoil\n|\n|-weather|RainDance|[upkeep]\n|-heal|p1b: Iron Hands|82\/100 brn|[from] Grassy Terrain\n|-damage|p1b: Iron Hands|76\/100 brn|[from] brn\n|upkeep\n|\n|t:|1700622782\n|switch|p2b: Flutter Mane|Flutter Mane, L50|100\/100\n|-enditem|p2b: Flutter Mane|Booster Energy\n|-activate|p2b: Flutter Mane|ability: Protosynthesis|[fromitem]\n|-start|p2b: Flutter Mane|protosynthesisspa\n|turn|5\n|inactive|LocoTrell has 30 seconds left.\n|inactive|LocoTrell has 20 seconds left.\n|inactive|LocoTrell has 15 seconds left.\n|inactive|LocoTrell has 10 seconds left.\n|\n|t:|1700622831\n|move|p2a: Tornadus|Bleakwind Storm|p1a: Pelipper|[spread] p1a,p1b\n|-damage|p1a: Pelipper|51\/100\n|-damage|p1b: Iron Hands|60\/100 brn\n|move|p2b: Flutter Mane|Dazzling Gleam|p1a: Pelipper|[spread] p1a,p1b\n|-supereffective|p1b: Iron Hands\n|-damage|p1a: Pelipper|0 fnt\n|-damage|p1b: Iron Hands|18\/100 brn\n|faint|p1a: Pelipper\n|move|p1b: Iron Hands|Heavy Slam|p2b: Flutter Mane\n|-supereffective|p2b: Flutter Mane\n|-damage|p2b: Flutter Mane|49\/100\n|\n|-weather|none\n|-heal|p2b: Flutter Mane|55\/100|[from] Grassy Terrain\n|-heal|p1b: Iron Hands|25\/100 brn|[from] Grassy Terrain\n|-damage|p1b: Iron Hands|18\/100 brn|[from] brn\n|-sideend|p2: tales425|move: Tailwind\n|-fieldend|move: Grassy Terrain\n|upkeep\n|\n|t:|1700622846\n|switch|p1a: Urshifu|Urshifu-Rapid-Strike, L50, F|100\/100\n|turn|6\n|inactive|LocoTrell has 30 seconds left.\n|\n|t:|1700622875\n|-terastallize|p2b: Flutter Mane|Fairy\n|move|p2a: Tornadus|Tailwind|p2a: Tornadus\n|-sidestart|p2: tales425|move: Tailwind\n|move|p2b: Flutter Mane|Dazzling Gleam|p1a: Urshifu|[spread] p1a,p1b\n|-supereffective|p1a: Urshifu\n|-supereffective|p1b: Iron Hands\n|-damage|p1a: Urshifu|0 fnt\n|-damage|p1b: Iron Hands|0 fnt\n|faint|p1a: Urshifu\n|faint|p1b: Iron Hands\n|-end|p1b: Iron Hands|Quark Drive|[silent]\n|\n|win|tales425\n|c|\u2606tales425|GG FAMS\n|c|\u2606LocoTrell|GG\n|c|\u2606LocoTrell|you finally won\n|c|\u2606tales425|lol indeed\n|l|\u2606tales425\n","uploadtime":1700622946,"views":5,"p1id":"locotrell","p2id":"tales425","formatid":"gen9vgc2023regulatione","rating":0,"private":0,"password":""}