{"id":"gen9vgc2023regulatione-1991405031","p1":"Podsmalls51","p2":"Talooloo","format":"[Gen 9] VGC 2023 Regulation E","log":"|j|\u2606Podsmalls51\n|j|\u2606Talooloo\n|t:|1700074324\n|gametype|doubles\n|player|p1|Podsmalls51|gentleman-gen4|1271\n|player|p2|Talooloo|bianca|1185\n|teamsize|p1|6\n|teamsize|p2|6\n|gen|9\n|tier|[Gen 9] VGC 2023 Regulation E\n|rated|\n|rule|Species Clause: Limit one of each Pok\u00e9mon\n|rule|Item Clause: Limit one of each item\n|clearpoke\n|poke|p1|Heatran, L50, M|\n|poke|p1|Sinistcha, L50|\n|poke|p1|Iron Bundle, L50|\n|poke|p1|Ninetales-Alola, L50, F|\n|poke|p1|Landorus-Therian, L50, M|\n|poke|p1|Thundurus, L50, M|\n|poke|p2|Dusclops, L50, M|\n|poke|p2|Rillaboom, L50, M|\n|poke|p2|Hariyama, L50, M|\n|poke|p2|Ursaluna-Bloodmoon, L50, M|\n|poke|p2|Iron Hands, L50|\n|poke|p2|Cresselia, L50, F|\n|teampreview|4\n|inactive|Battle timer is ON: inactive players will automatically lose when time's up. (requested by Talooloo)\n|inactive|Podsmalls51 has 60 seconds left.\n|inactive|Podsmalls51 has 30 seconds left.\n|\n|t:|1700074386\n|start\n|switch|p1a: Sinistcha|Sinistcha, L50|100\/100\n|switch|p1b: Thundurus|Thundurus, L50, M|100\/100\n|switch|p2a: CLOPS|Dusclops, L50, M, shiny|100\/100\n|switch|p2b: Sumo Hands|Hariyama, L50, M, shiny|100\/100\n|-item|p1a: Sinistcha|Sitrus Berry|[from] ability: Frisk|[of] p2a: CLOPS|[identify]\n|-item|p1b: Thundurus|Life Orb|[from] ability: Frisk|[of] p2a: CLOPS|[identify]\n|turn|1\n|\n|t:|1700074406\n|move|p2b: Sumo Hands|Fake Out|p1b: Thundurus\n|-crit|p1b: Thundurus\n|-damage|p1b: Thundurus|74\/100\n|cant|p1b: Thundurus|flinch\n|move|p1a: Sinistcha|Strength Sap|p2b: Sumo Hands\n|-unboost|p2b: Sumo Hands|atk|1\n|move|p2a: CLOPS|Trick Room|p2a: CLOPS\n|-fieldstart|move: Trick Room|[of] p2a: CLOPS\n|\n|-status|p2b: Sumo Hands|brn|[from] item: Flame Orb\n|upkeep\n|turn|2\n|\n|t:|1700074428\n|switch|p2b: \ud83c\udd71\ufe0fUrsaluna|Ursaluna-Bloodmoon, L50, M|100\/100\n|move|p1b: Thundurus|Taunt|p2a: CLOPS\n|-start|p2a: CLOPS|move: Taunt\n|move|p2a: CLOPS|Night Shade|p1b: Thundurus\n|-damage|p1b: Thundurus|47\/100\n|move|p1a: Sinistcha|Strength Sap|p2b: \ud83c\udd71\ufe0fUrsaluna\n|-unboost|p2b: \ud83c\udd71\ufe0fUrsaluna|atk|1\n|\n|upkeep\n|turn|3\n|\n|t:|1700074443\n|-terastallize|p2b: \ud83c\udd71\ufe0fUrsaluna|Normal\n|move|p1b: Thundurus|Eerie Impulse|p2b: \ud83c\udd71\ufe0fUrsaluna\n|-unboost|p2b: \ud83c\udd71\ufe0fUrsaluna|spa|2\n|move|p2a: CLOPS|Night Shade|p1a: Sinistcha\n|-damage|p1a: Sinistcha|66\/100\n|move|p2b: \ud83c\udd71\ufe0fUrsaluna|Hyper Voice|p1b: Thundurus|[spread] p1a,p1b\n|-damage|p1a: Sinistcha|13\/100\n|-damage|p1b: Thundurus|13\/100\n|-enditem|p1a: Sinistcha|Sitrus Berry|[eat]\n|-heal|p1a: Sinistcha|37\/100|[from] item: Sitrus Berry\n|move|p1a: Sinistcha|Matcha Gotcha|p2a: CLOPS|[spread] p2a,p2b\n|-damage|p2a: CLOPS|80\/100\n|-heal|p1a: Sinistcha|48\/100|[from] drain|[of] p2a: CLOPS\n|-damage|p2b: \ud83c\udd71\ufe0fUrsaluna|71\/100\n|-heal|p1a: Sinistcha|68\/100|[from] drain|[of] p2b: \ud83c\udd71\ufe0fUrsaluna\n|-status|p2a: CLOPS|brn\n|-status|p2b: \ud83c\udd71\ufe0fUrsaluna|brn\n|\n|-damage|p2a: CLOPS|74\/100 brn|[from] brn\n|-damage|p2b: \ud83c\udd71\ufe0fUrsaluna|65\/100 brn|[from] brn\n|upkeep\n|turn|4\n|inactive|Talooloo has 30 seconds left.\n|\n|t:|1700074478\n|switch|p2a: Iron Hands|Iron Hands, L50|100\/100\n|-terastallize|p1a: Sinistcha|Steel\n|move|p1b: Thundurus|Eerie Impulse|p2b: \ud83c\udd71\ufe0fUrsaluna\n|-unboost|p2b: \ud83c\udd71\ufe0fUrsaluna|spa|2\n|move|p2b: \ud83c\udd71\ufe0fUrsaluna|Hyper Voice|p1b: Thundurus|[spread] p1a,p1b\n|-resisted|p1a: Sinistcha\n|-damage|p1a: Sinistcha|52\/100\n|-damage|p1b: Thundurus|0 fnt\n|faint|p1b: Thundurus\n|move|p1a: Sinistcha|Matcha Gotcha|p2b: \ud83c\udd71\ufe0fUrsaluna|[spread] p2a,p2b\n|-damage|p2a: Iron Hands|84\/100\n|-heal|p1a: Sinistcha|66\/100|[from] drain|[of] p2a: Iron Hands\n|-damage|p2b: \ud83c\udd71\ufe0fUrsaluna|34\/100 brn\n|-heal|p1a: Sinistcha|87\/100|[from] drain|[of] p2b: \ud83c\udd71\ufe0fUrsaluna\n|\n|-damage|p2b: \ud83c\udd71\ufe0fUrsaluna|28\/100 brn|[from] brn\n|upkeep\n|inactive|Podsmalls51 has 30 seconds left.\n|\n|t:|1700074510\n|switch|p1b: Ninetales|Ninetales-Alola, L50, F|100\/100\n|-weather|Snow|[from] ability: Snow Warning|[of] p1b: Ninetales\n|turn|5\n|\n|t:|1700074521\n|switch|p2b: Sumo Hands|Hariyama, L50, M, shiny|100\/100 brn\n|move|p2a: Iron Hands|Fake Out|p1b: Ninetales\n|-damage|p1b: Ninetales|86\/100\n|move|p1a: Sinistcha|Matcha Gotcha|p2b: Sumo Hands|[spread] p2a,p2b\n|-damage|p2a: Iron Hands|66\/100\n|-heal|p1a: Sinistcha|100\/100|[from] drain|[of] p2a: Iron Hands\n|-damage|p2b: Sumo Hands|72\/100 brn\n|cant|p1b: Ninetales|flinch\n|\n|-weather|Snow|[upkeep]\n|-damage|p2b: Sumo Hands|66\/100 brn|[from] brn\n|-fieldend|move: Trick Room\n|upkeep\n|turn|6\n|inactive|Podsmalls51 has 30 seconds left.\n|\n|t:|1700074549\n|move|p2b: Sumo Hands|Fake Out|p1b: Ninetales\n|-damage|p1b: Ninetales|63\/100\n|move|p1a: Sinistcha|Rage Powder|p1a: Sinistcha\n|-singleturn|p1a: Sinistcha|move: Rage Powder\n|cant|p1b: Ninetales|flinch\n|move|p2a: Iron Hands|Drain Punch|p1a: Sinistcha\n|-supereffective|p1a: Sinistcha\n|-damage|p1a: Sinistcha|14\/100\n|-heal|p2a: Iron Hands|94\/100|[from] drain|[of] p1a: Sinistcha\n|\n|-weather|Snow|[upkeep]\n|-damage|p2b: Sumo Hands|60\/100 brn|[from] brn\n|upkeep\n|turn|7\n|\n|t:|1700074572\n|move|p2b: Sumo Hands|Bullet Punch|p1b: Ninetales\n|-supereffective|p1b: Ninetales\n|-damage|p1b: Ninetales|0 fnt\n|faint|p1b: Ninetales\n|move|p1a: Sinistcha|Strength Sap|p2b: Sumo Hands\n|-unboost|p2b: Sumo Hands|atk|1\n|-heal|p1a: Sinistcha|100\/100\n|move|p2a: Iron Hands|Drain Punch|p1a: Sinistcha\n|-supereffective|p1a: Sinistcha\n|-damage|p1a: Sinistcha|21\/100\n|-heal|p2a: Iron Hands|100\/100|[from] drain|[of] p1a: Sinistcha\n|\n|-weather|Snow|[upkeep]\n|-damage|p2b: Sumo Hands|53\/100 brn|[from] brn\n|upkeep\n|\n|t:|1700074588\n|switch|p1b: Heatran|Heatran, L50, M|100\/100\n|turn|8\n|\n|t:|1700074597\n|switch|p2b: CLOPS|Dusclops, L50, M, shiny|74\/100 brn\n|-item|p1b: Heatran|Leftovers|[from] ability: Frisk|[of] p2b: CLOPS|[identify]\n|move|p1b: Heatran|Earth Power|p2a: Iron Hands\n|-supereffective|p2a: Iron Hands\n|-damage|p2a: Iron Hands|61\/100\n|move|p1a: Sinistcha|Strength Sap|p2b: CLOPS\n|-unboost|p2b: CLOPS|atk|1\n|-heal|p1a: Sinistcha|72\/100\n|move|p2a: Iron Hands|Drain Punch|p1a: Sinistcha\n|-supereffective|p1a: Sinistcha\n|-damage|p1a: Sinistcha|0 fnt\n|-heal|p2a: Iron Hands|84\/100|[from] drain|[of] p1a: Sinistcha\n|faint|p1a: Sinistcha\n|\n|-weather|Snow|[upkeep]\n|-damage|p2b: CLOPS|68\/100 brn|[from] brn\n|upkeep\n|turn|9\n|inactive|Talooloo has 30 seconds left.\n|\n|t:|1700074622\n|move|p2b: CLOPS|Helping Hand|p2a: Iron Hands\n|-singleturn|p2a: Iron Hands|Helping Hand|[of] p2b: CLOPS\n|move|p1b: Heatran|Earth Power|p2a: Iron Hands\n|-supereffective|p2a: Iron Hands\n|-damage|p2a: Iron Hands|47\/100\n|move|p2a: Iron Hands|Drain Punch|p1b: Heatran\n|-supereffective|p1b: Heatran\n|-damage|p1b: Heatran|0 fnt\n|-heal|p2a: Iron Hands|84\/100|[from] drain|[of] p1b: Heatran\n|faint|p1b: Heatran\n|\n|win|Talooloo\n|raw|Podsmalls51's rating: 1271 &rarr; <strong>1240<\/strong><br \/>(-31 for losing)\n|raw|Talooloo's rating: 1185 &rarr; <strong>1216<\/strong><br \/>(+31 for winning)\n|l|\u2606Podsmalls51\n","uploadtime":1700074636,"views":23,"p1id":"podsmalls51","p2id":"talooloo","formatid":"gen9vgc2023regulatione","rating":1216,"private":0,"password":""}