{"id":"gen9vgc2023regulatione-1992179316","p1":"PizzaTimeJoshua","p2":"Shooples","format":"[Gen 9] VGC 2023 Regulation E","log":"|j|\u2606PizzaTimeJoshua\n|j|\u2606Shooples\n|t:|1700161573\n|gametype|doubles\n|player|p1|PizzaTimeJoshua|scientist|1315\n|player|p2|Shooples|1|1237\n|teamsize|p1|6\n|teamsize|p2|6\n|gen|9\n|tier|[Gen 9] VGC 2023 Regulation E\n|rated|\n|rule|Species Clause: Limit one of each Pok\u00e9mon\n|rule|Item Clause: Limit one of each item\n|clearpoke\n|poke|p1|Zoroark-Hisui, L50, F|\n|poke|p1|Munchlax, L50, M|\n|poke|p1|Pikachu, L50, M|\n|poke|p1|Rillaboom, L50, M|\n|poke|p1|Iron Hands, L50|\n|poke|p1|Sinistcha, L50|\n|poke|p2|Annihilape, L50, M|\n|poke|p2|Maushold, L50|\n|poke|p2|Cresselia, L50, F|\n|poke|p2|Arcanine-Hisui, L50, F|\n|poke|p2|Rillaboom, L50, F|\n|poke|p2|Gholdengo, L50|\n|teampreview|4\n|inactive|Battle timer is ON: inactive players will automatically lose when time's up. (requested by Shooples)\n|c|\u2606Shooples|Oh hey i saw this team\n|inactive|PizzaTimeJoshua has 60 seconds left.\n|inactive|Shooples has 60 seconds left.\n|c|\u2606PizzaTimeJoshua|oh?\n|c|\u2606PizzaTimeJoshua|where?\n|\n|t:|1700161630\n|start\n|switch|p1a: Iron Hands|Iron Hands, L50|100\/100\n|switch|p1b: Munchlax|Munchlax, L50, M|100\/100\n|switch|p2a: Arcanine|Arcanine-Hisui, L50, F|100\/100\n|switch|p2b: Rillaboom|Rillaboom, L50, F|100\/100\n|-ability|p2a: Arcanine|Intimidate|boost\n|-unboost|p1a: Iron Hands|atk|1\n|-unboost|p1b: Munchlax|atk|1\n|-fieldstart|move: Grassy Terrain|[from] ability: Grassy Surge|[of] p2b: Rillaboom\n|turn|1\n|\n|t:|1700161654\n|-terastallize|p2a: Arcanine|Fairy\n|move|p2b: Rillaboom|Fake Out|p1a: Iron Hands\n|-immune|p1a: Iron Hands\n|move|p1a: Iron Hands|Bitter Malice|p2a: Arcanine\n|-damage|p2a: Arcanine|38\/100\n|-unboost|p2a: Arcanine|atk|1\n|move|p2a: Arcanine|Tera Blast|p1a: Iron Hands|[anim] Tera Blast Fairy\n|-damage|p1a: Iron Hands|20\/100\n|replace|p1a: Zoroark|Zoroark-Hisui, L50, F\n|-end|p1a: Zoroark|Illusion\n|move|p1b: Munchlax|Belly Drum|p1b: Munchlax\n|-damage|p1b: Munchlax|50\/100\n|-setboost|p1b: Munchlax|atk|6|[from] move: Belly Drum\n|\n|-heal|p1a: Zoroark|26\/100|[from] Grassy Terrain\n|-heal|p2a: Arcanine|45\/100|[from] Grassy Terrain\n|-heal|p1b: Munchlax|57\/100|[from] Grassy Terrain\n|upkeep\n|turn|2\n|c|\u2606Shooples|reddit\n|c|\u2606Shooples|It was on main page of r\/vgc\n|c|\u2606PizzaTimeJoshua|Yoooo that was mine!\n|inactive|PizzaTimeJoshua has 30 seconds left.\n|inactive|Shooples has 30 seconds left.\n|inactive|PizzaTimeJoshua has 20 seconds left.\n|inactive|Shooples has 20 seconds left.\n|c|\u2606PizzaTimeJoshua|changed it a bit for try and improve it\n|inactive|PizzaTimeJoshua has 15 seconds left.\n|inactive|Shooples has 15 seconds left.\n|inactive|Shooples has 10 seconds left.\n|c|\u2606Shooples|Youre a celebrity in the discord im in\n|inactive|Shooples has 5 seconds left.\n|\n|t:|1700161705\n|switch|p1a: Sinistcha|Sinistcha, L50, shiny|100\/100\n|-heal|p1b: Munchlax|81\/100|[from] ability: Hospitality|[of] p1a: Sinistcha\n|move|p1b: Munchlax|Protect|p1b: Munchlax\n|-singleturn|p1b: Munchlax|Protect\n|move|p2a: Arcanine|Tera Blast|p1a: Sinistcha|[anim] Tera Blast Fairy\n|-damage|p1a: Sinistcha|66\/100\n|move|p2b: Rillaboom|Wood Hammer|p1b: Munchlax\n|-activate|p1b: Munchlax|move: Protect\n|\n|-heal|p2a: Arcanine|51\/100|[from] Grassy Terrain\n|-heal|p1a: Sinistcha|72\/100|[from] Grassy Terrain\n|-heal|p1b: Munchlax|88\/100|[from] Grassy Terrain\n|upkeep\n|turn|3\n|inactive|Shooples has 30 seconds left.\n|\n|t:|1700161736\n|switch|p2a: Cresselia|Cresselia, L50, F|100\/100\n|move|p2b: Rillaboom|Wood Hammer|p1b: Munchlax\n|-damage|p1b: Munchlax|28\/100\n|-damage|p2b: Rillaboom|77\/100|[from] Recoil\n|move|p1b: Munchlax|Stomping Tantrum|p2a: Cresselia\n|-immune|p2a: Cresselia|[from] ability: Levitate\n|move|p1a: Sinistcha|Trick Room|p1a: Sinistcha\n|-fieldstart|move: Trick Room|[of] p1a: Sinistcha\n|\n|-heal|p1b: Munchlax|34\/100|[from] Grassy Terrain\n|-heal|p1a: Sinistcha|78\/100|[from] Grassy Terrain\n|-heal|p2b: Rillaboom|83\/100|[from] Grassy Terrain\n|upkeep\n|turn|4\n|inactive|Shooples has 30 seconds left.\n|\n|t:|1700161764\n|switch|p1a: Iron Hands|Iron Hands, L50|100\/100\n|move|p1b: Munchlax|Protect|p1b: Munchlax\n|-singleturn|p1b: Munchlax|Protect\n|move|p2b: Rillaboom|Grassy Glide|p1b: Munchlax\n|-activate|p1b: Munchlax|move: Protect\n|move|p2a: Cresselia|Trick Room|p2a: Cresselia\n|-fieldend|move: Trick Room\n|\n|-heal|p2b: Rillaboom|89\/100|[from] Grassy Terrain\n|-heal|p1b: Munchlax|41\/100|[from] Grassy Terrain\n|upkeep\n|turn|5\n|inactive|Shooples has 30 seconds left.\n|\n|t:|1700161790\n|switch|p2b: Annihilape|Annihilape, L50, M|100\/100\n|move|p1a: Iron Hands|Fake Out|p2b: Annihilape\n|-immune|p2b: Annihilape\n|move|p2a: Cresselia|Psychic|p1a: Iron Hands\n|-supereffective|p1a: Iron Hands\n|-damage|p1a: Iron Hands|74\/100\n|-unboost|p1a: Iron Hands|spd|1\n|move|p1b: Munchlax|Last Resort|p2b: Annihilape\n|-immune|p2b: Annihilape\n|\n|-heal|p1a: Iron Hands|80\/100|[from] Grassy Terrain\n|-heal|p1b: Munchlax|47\/100|[from] Grassy Terrain\n|-fieldend|move: Grassy Terrain\n|upkeep\n|turn|6\n|\n|t:|1700161812\n|-end|p1a: Iron Hands|Quark Drive|[silent]\n|switch|p1a: Sinistcha|Sinistcha, L50, shiny|78\/100\n|-heal|p1b: Munchlax|72\/100|[from] ability: Hospitality|[of] p1a: Sinistcha\n|-terastallize|p1b: Munchlax|Ground\n|move|p2b: Annihilape|Drain Punch|p1b: Munchlax\n|-damage|p1b: Munchlax|52\/100\n|move|p2a: Cresselia|Psychic|p1a: Sinistcha\n|-damage|p1a: Sinistcha|55\/100\n|move|p1b: Munchlax|Stomping Tantrum|p2b: Annihilape\n|-damage|p2b: Annihilape|0 fnt\n|faint|p2b: Annihilape\n|\n|upkeep\n|\n|t:|1700161825\n|switch|p2b: Rillaboom|Rillaboom, L50, F|89\/100\n|-fieldstart|move: Grassy Terrain|[from] ability: Grassy Surge|[of] p2b: Rillaboom\n|turn|7\n|\n|t:|1700161838\n|move|p1b: Munchlax|Protect|p1b: Munchlax\n|-singleturn|p1b: Munchlax|Protect\n|move|p2b: Rillaboom|Grassy Glide|p1b: Munchlax\n|-activate|p1b: Munchlax|move: Protect\n|move|p1a: Sinistcha|Life Dew|p1a: Sinistcha|[spread] p1a,p1b\n|-heal|p1a: Sinistcha|80\/100\n|-heal|p1b: Munchlax|77\/100\n|move|p2a: Cresselia|Trick Room|p2a: Cresselia\n|-fieldstart|move: Trick Room|[of] p2a: Cresselia\n|\n|-heal|p1b: Munchlax|83\/100|[from] Grassy Terrain\n|-heal|p1a: Sinistcha|86\/100|[from] Grassy Terrain\n|-heal|p2b: Rillaboom|95\/100|[from] Grassy Terrain\n|upkeep\n|turn|8\n|inactive|Shooples has 30 seconds left.\n|inactive|Shooples has 20 seconds left.\n|\n|t:|1700161876\n|move|p2b: Rillaboom|Grassy Glide|p1b: Munchlax\n|-supereffective|p1b: Munchlax\n|-damage|p1b: Munchlax|33\/100\n|move|p1b: Munchlax|Last Resort|p2b: Rillaboom\n|-damage|p2b: Rillaboom|0 fnt\n|faint|p2b: Rillaboom\n|move|p1a: Sinistcha|Life Dew|p1a: Sinistcha|[spread] p1a,p1b\n|-heal|p1a: Sinistcha|100\/100\n|-heal|p1b: Munchlax|58\/100\n|move|p2a: Cresselia|Ice Beam|p1a: Sinistcha\n|-supereffective|p1a: Sinistcha\n|-damage|p1a: Sinistcha|65\/100\n|\n|-heal|p1b: Munchlax|64\/100|[from] Grassy Terrain\n|-heal|p1a: Sinistcha|71\/100|[from] Grassy Terrain\n|upkeep\n|\n|t:|1700161882\n|switch|p2b: Arcanine|Arcanine-Hisui, L50, F, tera:Fairy|51\/100\n|-ability|p2b: Arcanine|Intimidate|boost\n|-unboost|p1a: Sinistcha|atk|1\n|-unboost|p1b: Munchlax|atk|1\n|turn|9\n|\n|t:|1700161897\n|move|p1a: Sinistcha|Rage Powder|p1a: Sinistcha\n|-singleturn|p1a: Sinistcha|move: Rage Powder\n|move|p2b: Arcanine|Extreme Speed|p1a: Sinistcha\n|-immune|p1a: Sinistcha\n|move|p1b: Munchlax|Last Resort|p2b: Arcanine\n|-damage|p2b: Arcanine|0 fnt\n|faint|p2b: Arcanine\n|move|p2a: Cresselia|Ice Beam|p1a: Sinistcha\n|-supereffective|p1a: Sinistcha\n|-damage|p1a: Sinistcha|39\/100\n|\n|-heal|p1b: Munchlax|70\/100|[from] Grassy Terrain\n|-heal|p1a: Sinistcha|44\/100|[from] Grassy Terrain\n|upkeep\n|turn|10\n|c|\u2606Shooples|gg\n|c|\u2606PizzaTimeJoshua|gg\n|\n|t:|1700161911\n|move|p1b: Munchlax|Last Resort|p2a: Cresselia\n|-damage|p2a: Cresselia|21\/100\n|move|p1a: Sinistcha|Life Dew|p1a: Sinistcha|[spread] p1a,p1b\n|-heal|p1a: Sinistcha|70\/100\n|-heal|p1b: Munchlax|96\/100\n|move|p2a: Cresselia|Ice Beam|p1a: Sinistcha\n|-supereffective|p1a: Sinistcha\n|-damage|p1a: Sinistcha|35\/100\n|\n|-heal|p1b: Munchlax|100\/100|[from] Grassy Terrain\n|-heal|p1a: Sinistcha|41\/100|[from] Grassy Terrain\n|upkeep\n|turn|11\n|\n|t:|1700161919\n|move|p1b: Munchlax|Last Resort|p2a: Cresselia\n|-damage|p2a: Cresselia|0 fnt\n|faint|p2a: Cresselia\n|\n|win|PizzaTimeJoshua\n|raw|PizzaTimeJoshua's rating: 1315 &rarr; <strong>1331<\/strong><br \/>(+16 for winning)\n|raw|Shooples's rating: 1237 &rarr; <strong>1218<\/strong><br \/>(-19 for losing)\n|l|\u2606Shooples\n|c|\u2606PizzaTimeJoshua|Glad my munchlax is getting famous! love that little guy\n","uploadtime":1700161956,"views":23,"p1id":"pizzatimejoshua","p2id":"shooples","formatid":"gen9vgc2023regulatione","rating":1218,"private":0,"password":""}