{"id":"gen9vgc2023regulatione-1991613319","p1":"Ra1nFa11","p2":"Wendall555","format":"[Gen 9] VGC 2023 Regulation E","log":"|j|\u2606Ra1nFa11\n|j|\u2606Wendall555\n|n|\u2606Ra1nFa11|ra1nfa11\n|n|\u2606Wendall555|wendall555\n|html|View the match progress at <a href=\"\/game-bestof3-gen9vgc2023regulatione-1991608726\">game-bestof3-gen9vgc2023regulatione-1991608726<\/a>\n|t:|1700094273\n|gametype|doubles\n|player|p1|Ra1nFa11|1|\n|player|p2|Wendall555|170|\n|teamsize|p1|6\n|teamsize|p2|6\n|gen|9\n|tier|[Gen 9] VGC 2023 Regulation E\n|rule|Species Clause: Limit one of each Pok\u00e9mon\n|rule|Item Clause: Limit one of each item\n|clearpoke\n|poke|p1|Farigiraf, L50, M|\n|poke|p1|Ursaluna-Bloodmoon, L50, M|\n|poke|p1|Decidueye-Hisui, L50, F|\n|poke|p1|Hariyama, L50, F|\n|poke|p1|Cresselia, L50, F|\n|poke|p1|Slowbro-Galar, L50, F|\n|poke|p2|Maushold-Four, L50|\n|poke|p2|Oranguru, L50, M|\n|poke|p2|Camerupt, L50, M|\n|poke|p2|Basculegion, L50, M|\n|poke|p2|Froslass, L50, F|\n|poke|p2|Tauros-Paldea-Blaze, L50, M|\n|teampreview|4\n|j| BarackHussainObama\n|c|\u2606Wendall555|glhf\n|j| LookItUpVGC\n|j| HappyW\n|c|\u2606Ra1nFa11|glhf\n|n| Zebbygene|barackhussainobama\n|\n|t:|1700094317\n|start\n|switch|p1a: Cresselia|Cresselia, L50, F, shiny|100\/100\n|switch|p1b: Hariyama|Hariyama, L50, F, shiny|100\/100\n|switch|p2a: Oranguru|Oranguru, L50, M|100\/100\n|switch|p2b: Basculegion|Basculegion, L50, M|100\/100\n|turn|1\n|j| Raikia\n|\n|t:|1700094327\n|move|p1b: Hariyama|Fake Out|p2a: Oranguru\n|-damage|p2a: Oranguru|88\/100\n|move|p2b: Basculegion|Flip Turn|p1b: Hariyama\n|-damage|p1b: Hariyama|39\/100\n|\n|t:|1700094332\n|switch|p2b: Maushold|Maushold-Four, L50|100\/100|[from] Flip Turn\n|move|p2a: Oranguru|Imprison|p2a: Oranguru\n|-start|p2a: Oranguru|move: Imprison\n|cant|p1a: Cresselia|move: Imprison|Trick Room\n|\n|-status|p1b: Hariyama|brn|[from] item: Flame Orb\n|upkeep\n|turn|2\n|c|\u2606Ra1nFa11|MAN\n|c|\u2606Ra1nFa11|CLOAK ORAN\n|j| GreeeenGator\n|j| Lkynmbr24\n|j| Salivadora\n|l| Zebbygene\n|\n|t:|1700094386\n|move|p2b: Maushold|Population Bomb|p1b: Hariyama\n|-damage|p1b: Hariyama|31\/100 brn\n|-damage|p1b: Hariyama|22\/100 brn\n|-damage|p1b: Hariyama|14\/100 brn\n|-damage|p1b: Hariyama|6\/100 brn\n|-damage|p1b: Hariyama|0 fnt\n|faint|p1b: Hariyama\n|-hitcount|p1: Hariyama|5\n|move|p1a: Cresselia|Moonblast|p2a: Oranguru\n|-damage|p2a: Oranguru|78\/100\n|move|p2a: Oranguru|Instruct|p2b: Maushold\n|-singleturn|p2b: Maushold|move: Instruct|[of] p2a: Oranguru\n|move|p2b: Maushold|Population Bomb|p1a: Cresselia\n|-damage|p1a: Cresselia|97\/100\n|-damage|p1a: Cresselia|92\/100\n|-damage|p1a: Cresselia|88\/100\n|-damage|p1a: Cresselia|83\/100\n|-damage|p1a: Cresselia|79\/100\n|-damage|p1a: Cresselia|75\/100\n|-damage|p1a: Cresselia|70\/100\n|-damage|p1a: Cresselia|66\/100\n|-damage|p1a: Cresselia|61\/100\n|-damage|p1a: Cresselia|57\/100\n|-hitcount|p1a: Cresselia|10\n|\n|upkeep\n|c| Salivadora|Hariyamama\n|c|\u2606Ra1nFa11|wait I just forgot that thing had inner focus\n|j| KeanuVGC\n|c|\u2606Ra1nFa11|LOL\n|\n|t:|1700094421\n|switch|p1b: Ursaluna|Ursaluna-Bloodmoon, L50, M|100\/100\n|turn|3\n|l| KeanuVGC\n|c| Salivadora|Nah what if it\u2019s symbiosis with choice scarf\n|\n|t:|1700094448\n|-terastallize|p1b: Ursaluna|Normal\n|move|p2b: Maushold|U-turn|p1a: Cresselia\n|-supereffective|p1a: Cresselia\n|-damage|p1a: Cresselia|38\/100\n|\n|t:|1700094452\n|switch|p2b: Camerupt|Camerupt, L50, M|100\/100|[from] U-turn\n|move|p1a: Cresselia|Lunar Blessing|p1a: Cresselia|[spread] p1a,p1b\n|-heal|p1a: Cresselia|63\/100\n|move|p2a: Oranguru|Psychic|p1b: Ursaluna\n|-damage|p1b: Ursaluna|67\/100\n|move|p1b: Ursaluna|Hyper Voice|p2a: Oranguru|[spread] p2a,p2b\n|-damage|p2a: Oranguru|37\/100\n|-damage|p2b: Camerupt|36\/100\n|-enditem|p1b: Ursaluna|Throat Spray\n|-boost|p1b: Ursaluna|spa|1|[from] item: Throat Spray\n|\n|upkeep\n|turn|4\n|c| LookItUpVGC|symbiosis covert cloak 5head\n|\n|t:|1700094468\n|move|p1a: Cresselia|Lunar Blessing|p1a: Cresselia|[spread] p1a,p1b\n|-heal|p1a: Cresselia|88\/100\n|-heal|p1b: Ursaluna|92\/100\n|move|p2a: Oranguru|Psychic|p1b: Ursaluna\n|-damage|p1b: Ursaluna|62\/100\n|-unboost|p1b: Ursaluna|spd|1\n|move|p1b: Ursaluna|Hyper Voice|p2a: Oranguru|[spread] p2a,p2b\n|-damage|p2a: Oranguru|0 fnt\n|-damage|p2b: Camerupt|0 fnt\n|faint|p2a: Oranguru\n|faint|p2b: Camerupt\n|\n|upkeep\n|\n|t:|1700094477\n|switch|p2a: Maushold|Maushold-Four, L50|100\/100\n|switch|p2b: Basculegion|Basculegion, L50, M|100\/100\n|turn|5\n|c| Salivadora|Always make sure one of your mons are safe\n|c| Salivadora|Yo the one basculegion\n|\n|t:|1700094506\n|move|p1b: Ursaluna|Protect|p1b: Ursaluna\n|-singleturn|p1b: Ursaluna|Protect\n|move|p2a: Maushold|Population Bomb|p1b: Ursaluna\n|-activate|p1b: Ursaluna|move: Protect\n|move|p2b: Basculegion|Wave Crash|p1a: Cresselia\n|-damage|p1a: Cresselia|17\/100\n|-damage|p2b: Basculegion|73\/100|[from] Recoil\n|move|p1a: Cresselia|Trick Room|p1a: Cresselia\n|-fieldstart|move: Trick Room|[of] p1a: Cresselia\n|\n|upkeep\n|turn|6\n|\n|t:|1700094521\n|move|p2a: Maushold|Follow Me|p2a: Maushold\n|-singleturn|p2a: Maushold|move: Follow Me\n|move|p1b: Ursaluna|Blood Moon|p2a: Maushold\n|-damage|p2a: Maushold|0 fnt\n|faint|p2a: Maushold\n|move|p1a: Cresselia|Lunar Blessing|p1a: Cresselia|[spread] p1a,p1b\n|-heal|p1a: Cresselia|42\/100\n|-heal|p1b: Ursaluna|87\/100\n|move|p2b: Basculegion|Wave Crash|p1b: Ursaluna\n|-damage|p1b: Ursaluna|0 fnt\n|faint|p1b: Ursaluna\n|-damage|p2b: Basculegion|41\/100|[from] Recoil\n|\n|upkeep\n|c| Lkynmbr24|Wow that did a lot more damage than I was expecting\n|\n|t:|1700094527\n|switch|p1b: Decidueye|Decidueye-Hisui, L50, F, shiny|100\/100\n|turn|7\n|c| Raikia|trick room enthusiast manages to set room\n|\n|t:|1700094534\n|move|p1b: Decidueye|Leaf Blade|p2b: Basculegion\n|-supereffective|p2b: Basculegion\n|-crit|p2b: Basculegion\n|-damage|p2b: Basculegion|0 fnt\n|faint|p2b: Basculegion\n|\n|win|Ra1nFa11\n|c|\u2606Ra1nFa11|gg\n|c|\u2606Wendall555|ggs\n|l|\u2606Wendall555\n|l| GreeeenGator\n|l| Salivadora\n|l| HappyW\n|l| Raikia\n|l| LookItUpVGC\n|j| sleepzey\n","uploadtime":1700094686,"views":19,"p1id":"ra1nfa11","p2id":"wendall555","formatid":"gen9vgc2023regulatione","rating":0,"private":0,"password":""}