{"id":"gen9vgc2023regulatione-1991505328","p1":"chetoculto","p2":"atworkyolo13","format":"[Gen 9] VGC 2023 Regulation E","log":"|j|\u2606chetoculto\n|j|\u2606atworkyolo13\n|t:|1700083096\n|gametype|doubles\n|player|p1|chetoculto|266|1550\n|player|p2|atworkyolo13|101|1531\n|teamsize|p1|6\n|teamsize|p2|6\n|gen|9\n|tier|[Gen 9] VGC 2023 Regulation E\n|rated|\n|rule|Species Clause: Limit one of each Pok\u00e9mon\n|rule|Item Clause: Limit one of each item\n|clearpoke\n|poke|p1|Indeedee-F, L50, F|\n|poke|p1|Armarouge, L50, F|\n|poke|p1|Torkoal, L50, M|\n|poke|p1|Ursaluna, L50, F|\n|poke|p1|Lilligant-Hisui, L50, F|\n|poke|p1|Cresselia, L50, F|\n|poke|p2|Oranguru, L50, M|\n|poke|p2|Arcanine-Hisui, L50, F|\n|poke|p2|Sinistcha-Masterpiece, L50|\n|poke|p2|Iron Hands, L50|\n|poke|p2|Ursaluna-Bloodmoon, L50, M|\n|poke|p2|Moltres-Galar, L50|\n|teampreview|4\n|inactive|Battle timer is ON: inactive players will automatically lose when time's up. (requested by atworkyolo13)\n|inactive|chetoculto also wants the timer to be on.\n|j| Asacado\n|inactive|chetoculto has 60 seconds left.\n|inactive|atworkyolo13 has 60 seconds left.\n|\n|t:|1700083154\n|start\n|switch|p1a: Torkoal|Torkoal, L50, M|100\/100\n|switch|p1b: Lilligant|Lilligant-Hisui, L50, F|100\/100\n|switch|p2a: Arcanine|Arcanine-Hisui, L50, F|100\/100\n|switch|p2b: Moltres|Moltres-Galar, L50|100\/100\n|-ability|p2a: Arcanine|Intimidate|boost\n|-unboost|p1a: Torkoal|atk|1\n|-unboost|p1b: Lilligant|atk|1\n|-weather|SunnyDay|[from] ability: Drought|[of] p1a: Torkoal\n|turn|1\n|\n|t:|1700083176\n|move|p1a: Torkoal|Protect|p1a: Torkoal\n|-singleturn|p1a: Torkoal|Protect\n|move|p2a: Arcanine|Extreme Speed|p1a: Torkoal\n|-activate|p1a: Torkoal|move: Protect\n|move|p1b: Lilligant|Sleep Powder|p2a: Arcanine\n|-status|p2a: Arcanine|slp|[from] move: Sleep Powder\n|move|p2b: Moltres|Fiery Wrath|p1a: Torkoal|[spread] p1b\n|-activate|p1a: Torkoal|move: Protect\n|-resisted|p1b: Lilligant\n|-damage|p1b: Lilligant|81\/100\n|\n|-weather|SunnyDay|[upkeep]\n|upkeep\n|turn|2\n|\n|t:|1700083191\n|-terastallize|p1a: Torkoal|Fire\n|move|p2b: Moltres|Protect|p2b: Moltres\n|-singleturn|p2b: Moltres|Protect\n|cant|p2a: Arcanine|slp\n|move|p1b: Lilligant|After You|p1a: Torkoal\n|-activate|p1a: Torkoal|move: After You\n|move|p1a: Torkoal|Eruption|p2b: Moltres|[spread] p2a\n|-activate|p2b: Moltres|move: Protect\n|-resisted|p2a: Arcanine\n|-damage|p2a: Arcanine|70\/100 slp\n|\n|-weather|SunnyDay|[upkeep]\n|upkeep\n|turn|3\n|\n|t:|1700083207\n|-curestatus|p2a: Arcanine|slp|[msg]\n|move|p2a: Arcanine|Extreme Speed|p1a: Torkoal\n|-damage|p1a: Torkoal|66\/100\n|move|p1b: Lilligant|After You|p1a: Torkoal\n|-activate|p1a: Torkoal|move: After You\n|move|p1a: Torkoal|Eruption|p2b: Moltres|[spread] p2a,p2b\n|-resisted|p2a: Arcanine\n|-damage|p2a: Arcanine|48\/100\n|-damage|p2b: Moltres|45\/100\n|-ability|p2b: Moltres|Berserk|boost\n|-boost|p2b: Moltres|spa|1\n|-enditem|p2b: Moltres|Sitrus Berry|[eat]\n|-heal|p2b: Moltres|70\/100|[from] item: Sitrus Berry\n|move|p2b: Moltres|Air Slash|p1b: Lilligant\n|-supereffective|p1b: Lilligant\n|-damage|p1b: Lilligant|0 fnt\n|faint|p1b: Lilligant\n|\n|-weather|SunnyDay|[upkeep]\n|upkeep\n|\n|t:|1700083222\n|switch|p1b: Cresselia|Cresselia, L50, F|100\/100\n|turn|4\n|\n|t:|1700083232\n|switch|p2a: Iron Hands|Iron Hands, L50|100\/100\n|move|p1a: Torkoal|Protect|p1a: Torkoal\n|-singleturn|p1a: Torkoal|Protect\n|move|p2b: Moltres|Fiery Wrath|p1a: Torkoal|[spread] p1b\n|-activate|p1a: Torkoal|move: Protect\n|-supereffective|p1b: Cresselia\n|-damage|p1b: Cresselia|50\/100\n|move|p1b: Cresselia|Trick Room|p1b: Cresselia\n|-fieldstart|move: Trick Room|[of] p1b: Cresselia\n|\n|-weather|SunnyDay|[upkeep]\n|upkeep\n|turn|5\n|inactive|chetoculto has 30 seconds left.\n|\n|t:|1700083257\n|switch|p1a: Ursaluna|Ursaluna, L50, F|100\/100\n|move|p2a: Iron Hands|Fake Out|p1a: Ursaluna\n|-damage|p1a: Ursaluna|89\/100\n|move|p1b: Cresselia|Lunar Blessing|p1b: Cresselia|[spread] p1a,p1b\n|-heal|p1a: Ursaluna|100\/100\n|-heal|p1b: Cresselia|75\/100\n|move|p2b: Moltres|Fiery Wrath|p1b: Cresselia|[spread] p1a,p1b\n|-supereffective|p1b: Cresselia\n|-damage|p1a: Ursaluna|65\/100\n|-damage|p1b: Cresselia|27\/100\n|\n|-weather|none\n|-status|p1a: Ursaluna|brn|[from] item: Flame Orb\n|upkeep\n|turn|6\n|j| stridesvgc\n|\n|t:|1700083282\n|switch|p2b: Arcanine|Arcanine-Hisui, L50, F|48\/100\n|-ability|p2b: Arcanine|Intimidate|boost\n|-unboost|p1a: Ursaluna|atk|1\n|-unboost|p1b: Cresselia|atk|1\n|-terastallize|p2a: Iron Hands|Grass\n|move|p1a: Ursaluna|High Horsepower|p2a: Iron Hands\n|-resisted|p2a: Iron Hands\n|-damage|p2a: Iron Hands|80\/100\n|move|p2a: Iron Hands|Drain Punch|p1a: Ursaluna\n|-supereffective|p1a: Ursaluna\n|-damage|p1a: Ursaluna|7\/100 brn\n|-heal|p2a: Iron Hands|100\/100|[from] drain|[of] p1a: Ursaluna\n|move|p1b: Cresselia|Lunar Blessing|p1b: Cresselia|[spread] p1a,p1b\n|-heal|p1a: Ursaluna|32\/100 brn\n|-curestatus|p1a: Ursaluna|brn|[msg]\n|-heal|p1b: Cresselia|52\/100\n|\n|-status|p1a: Ursaluna|brn|[from] item: Flame Orb\n|upkeep\n|turn|7\n|inactive|atworkyolo13 has 30 seconds left.\n|\n|t:|1700083311\n|switch|p2b: Moltres|Moltres-Galar, L50|70\/100\n|move|p2a: Iron Hands|Wild Charge|p1b: Cresselia\n|-damage|p1b: Cresselia|18\/100\n|-damage|p2a: Iron Hands|93\/100|[from] Recoil\n|move|p1a: Ursaluna|Facade|p2b: Moltres\n|-damage|p2b: Moltres|0 fnt\n|faint|p2b: Moltres\n|move|p1b: Cresselia|Lunar Blessing|p1b: Cresselia|[spread] p1a,p1b\n|-heal|p1a: Ursaluna|57\/100 brn\n|-curestatus|p1a: Ursaluna|brn|[msg]\n|-heal|p1b: Cresselia|43\/100\n|\n|-status|p1a: Ursaluna|brn|[from] item: Flame Orb\n|upkeep\n|\n|t:|1700083318\n|switch|p2b: Arcanine|Arcanine-Hisui, L50, F|48\/100\n|-ability|p2b: Arcanine|Intimidate|boost\n|-unboost|p1a: Ursaluna|atk|1\n|-unboost|p1b: Cresselia|atk|1\n|turn|8\n|\n|t:|1700083334\n|move|p2b: Arcanine|Extreme Speed|p1b: Cresselia\n|-damage|p1b: Cresselia|17\/100\n|move|p1a: Ursaluna|High Horsepower|p2b: Arcanine\n|-supereffective|p2b: Arcanine\n|-damage|p2b: Arcanine|0 fnt\n|faint|p2b: Arcanine\n|move|p2a: Iron Hands|Wild Charge|p1b: Cresselia\n|-damage|p1b: Cresselia|0 fnt\n|faint|p1b: Cresselia\n|-damage|p2a: Iron Hands|89\/100|[from] Recoil\n|\n|-damage|p1a: Ursaluna|51\/100 brn|[from] brn\n|-fieldend|move: Trick Room\n|upkeep\n|\n|t:|1700083342\n|switch|p2b: Oranguru|Oranguru, L50, M|100\/100\n|switch|p1b: Torkoal|Torkoal, L50, M, tera:Fire|66\/100\n|-weather|SunnyDay|[from] ability: Drought|[of] p1b: Torkoal\n|turn|9\n|\n|t:|1700083361\n|move|p2b: Oranguru|Instruct|p2a: Iron Hands\n|-singleturn|p2a: Iron Hands|move: Instruct|[of] p2b: Oranguru\n|move|p2a: Iron Hands|Wild Charge|p1b: Torkoal\n|-damage|p1b: Torkoal|20\/100\n|-damage|p2a: Iron Hands|82\/100|[from] Recoil\n|move|p2a: Iron Hands|Drain Punch|p1b: Torkoal\n|-damage|p1b: Torkoal|0 fnt\n|-heal|p2a: Iron Hands|88\/100|[from] drain|[of] p1b: Torkoal\n|faint|p1b: Torkoal\n|move|p1a: Ursaluna|Facade|p2a: Iron Hands\n|-damage|p2a: Iron Hands|43\/100\n|\n|-weather|SunnyDay|[upkeep]\n|-damage|p1a: Ursaluna|45\/100 brn|[from] brn\n|upkeep\n|turn|10\n|\n|t:|1700083375\n|move|p2b: Oranguru|Instruct|p2a: Iron Hands\n|-singleturn|p2a: Iron Hands|move: Instruct|[of] p2b: Oranguru\n|move|p2a: Iron Hands|Drain Punch|p1a: Ursaluna\n|-supereffective|p1a: Ursaluna\n|-damage|p1a: Ursaluna|0 fnt\n|-heal|p2a: Iron Hands|63\/100|[from] drain|[of] p1a: Ursaluna\n|faint|p1a: Ursaluna\n|\n|win|atworkyolo13\n|raw|chetoculto's rating: 1550 &rarr; <strong>1529<\/strong><br \/>(-21 for losing)\n|raw|atworkyolo13's rating: 1531 &rarr; <strong>1552<\/strong><br \/>(+21 for winning)\n|l|\u2606chetoculto\n","uploadtime":1700083388,"views":12,"p1id":"chetoculto","p2id":"atworkyolo13","formatid":"gen9vgc2023regulatione","rating":1529,"private":0,"password":""}