{"id":"gen9vgc2023regulatione-1988626710","p1":"2dogsbuyingham","p2":"KnightofRevan","format":"[Gen 9] VGC 2023 Regulation E","log":"|j|\u26062dogsbuyingham\n|j|\u2606KnightofRevan\n|t:|1699743525\n|gametype|doubles\n|player|p1|2dogsbuyingham|101|1053\n|player|p2|KnightofRevan|266|1078\n|teamsize|p1|6\n|teamsize|p2|6\n|gen|9\n|tier|[Gen 9] VGC 2023 Regulation E\n|rated|\n|rule|Species Clause: Limit one of each Pok\u00e9mon\n|rule|Item Clause: Limit one of each item\n|clearpoke\n|poke|p1|Cetitan, L50, F|\n|poke|p1|Clefairy, L50, F|\n|poke|p1|Sinistcha, L50|\n|poke|p1|Rillaboom, L50, F|\n|poke|p1|Landorus, L50, M|\n|poke|p1|Salamence, L50, M|\n|poke|p2|Sneasler, L50, F|\n|poke|p2|Indeedee-F, L50, F|\n|poke|p2|Flutter Mane, L50|\n|poke|p2|Tornadus, L50, M|\n|poke|p2|Rillaboom, L50, M|\n|poke|p2|Chi-Yu, L50|\n|teampreview|4\n2dogsbuyingham has agreed to open team sheets.\n|inactive|Battle timer is ON: inactive players will automatically lose when time's up. (requested by 2dogsbuyingham)\n|inactive|2dogsbuyingham has 60 seconds left.\n|\n|t:|1699743571\n|start\n|switch|p1a: Rillaboom|Rillaboom, L50, F|100\/100\n|switch|p1b: Salamence|Salamence, L50, M|100\/100\n|switch|p2a: Indeedee|Indeedee-F, L50, F|100\/100\n|switch|p2b: Sneasler|Sneasler, L50, F|100\/100\n|-ability|p1b: Salamence|Intimidate|boost\n|-unboost|p2a: Indeedee|atk|1\n|-unboost|p2b: Sneasler|atk|1\n|-fieldstart|move: Grassy Terrain|[from] ability: Grassy Surge|[of] p1a: Rillaboom\n|-enditem|p1a: Rillaboom|Grassy Seed\n|-boost|p1a: Rillaboom|def|1|[from] item: Grassy Seed\n|-fieldstart|move: Psychic Terrain|[from] ability: Psychic Surge|[of] p2a: Indeedee\n|-enditem|p2b: Sneasler|Psychic Seed\n|-boost|p2b: Sneasler|spd|1|[from] item: Psychic Seed\n|turn|1\n|inactive|2dogsbuyingham has 30 seconds left.\n|\n|t:|1699743598\n|-terastallize|p1a: Rillaboom|Fire\n|-terastallize|p2a: Indeedee|Water\n|move|p2a: Indeedee|Follow Me|p2a: Indeedee\n|-singleturn|p2a: Indeedee|move: Follow Me\n|move|p2b: Sneasler|Acrobatics|p1a: Rillaboom\n|-damage|p1a: Rillaboom|83\/100\n|move|p1b: Salamence|Tailwind|p1b: Salamence\n|-sidestart|p1: 2dogsbuyingham|move: Tailwind\n|move|p1a: Rillaboom|Wood Hammer|p2a: Indeedee\n|-supereffective|p2a: Indeedee\n|-damage|p2a: Indeedee|0 fnt\n|-damage|p1a: Rillaboom|66\/100|[from] item: Rocky Helmet|[of] p2a: Indeedee\n|faint|p2a: Indeedee\n|-damage|p1a: Rillaboom|37\/100|[from] Recoil\n|\n|upkeep\n|\n|t:|1699743609\n|switch|p2a: Flutter Mane|Flutter Mane, L50|100\/100\n|-enditem|p2a: Flutter Mane|Booster Energy\n|-activate|p2a: Flutter Mane|ability: Protosynthesis|[fromitem]\n|-start|p2a: Flutter Mane|protosynthesisspe\n|turn|2\n|inactive|2dogsbuyingham has 30 seconds left.\n|\n|t:|1699743642\n|switch|p1a: Landorus|Landorus, L50, M|100\/100\n|move|p2b: Sneasler|Dire Claw|p1a: Landorus\n|-resisted|p1a: Landorus\n|-damage|p1a: Landorus|83\/100\n|move|p1b: Salamence|Dual Wingbeat|p2b: Sneasler\n|-supereffective|p2b: Sneasler\n|-damage|p2b: Sneasler|39\/100\n|-supereffective|p2b: Sneasler\n|-damage|p2b: Sneasler|0 fnt\n|faint|p2b: Sneasler\n|-hitcount|p2: Sneasler|2\n|move|p2a: Flutter Mane|Moonblast|p1b: Salamence\n|-supereffective|p1b: Salamence\n|-damage|p1b: Salamence|8\/100\n|\n|upkeep\n|\n|t:|1699743659\n|switch|p2b: Chi-Yu|Chi-Yu, L50|100\/100\n|-ability|p2b: Chi-Yu|Beads of Ruin\n|turn|3\n|\n|t:|1699743681\n|move|p1a: Landorus|Sandsear Storm|p2b: Chi-Yu|[spread] p2a\n|-miss|p1a: Landorus|p2b: Chi-Yu\n|-damage|p2a: Flutter Mane|36\/100\n|move|p1b: Salamence|Draco Meteor|p2b: Chi-Yu|[miss]\n|-miss|p1b: Salamence|p2b: Chi-Yu\n|move|p2a: Flutter Mane|Dazzling Gleam|p1a: Landorus|[spread] p1a,p1b\n|-supereffective|p1b: Salamence\n|-damage|p1a: Landorus|33\/100\n|-damage|p1b: Salamence|0 fnt\n|faint|p1b: Salamence\n|move|p2b: Chi-Yu|Dark Pulse|p1a: Landorus\n|-damage|p1a: Landorus|0 fnt\n|faint|p1a: Landorus\n|\n|upkeep\n|c|\u26062dogsbuyingham|bruh\n|\n|t:|1699743694\n|switch|p1a: Rillaboom|Rillaboom, L50, F, tera:Fire|37\/100\n|switch|p1b: Cetitan|Cetitan, L50, F|100\/100\n|-fieldstart|move: Grassy Terrain|[from] ability: Grassy Surge|[of] p1a: Rillaboom\n|turn|4\n|\n|t:|1699743714\n|move|p1a: Rillaboom|Fake Out|p2b: Chi-Yu\n|-damage|p2b: Chi-Yu|78\/100\n|move|p2a: Flutter Mane|Dazzling Gleam|p1b: Cetitan|[spread] p1a,p1b\n|-resisted|p1a: Rillaboom\n|-damage|p1a: Rillaboom|15\/100\n|-damage|p1b: Cetitan|74\/100\n|move|p1b: Cetitan|Heavy Slam|p2a: Flutter Mane\n|-supereffective|p2a: Flutter Mane\n|-damage|p2a: Flutter Mane|0 fnt\n|faint|p2a: Flutter Mane\n|-end|p2a: Flutter Mane|Protosynthesis|[silent]\n|cant|p2b: Chi-Yu|flinch\n|\n|-heal|p1a: Rillaboom|21\/100|[from] Grassy Terrain\n|-heal|p1b: Cetitan|80\/100|[from] Grassy Terrain\n|-heal|p2b: Chi-Yu|84\/100|[from] Grassy Terrain\n|-sideend|p1: 2dogsbuyingham|move: Tailwind\n|upkeep\n|turn|5\n|\n|t:|1699743736\n|move|p1a: Rillaboom|Grassy Glide|p2b: Chi-Yu\n|-resisted|p2b: Chi-Yu\n|-damage|p2b: Chi-Yu|49\/100\n|move|p2b: Chi-Yu|Dark Pulse|p1b: Cetitan\n|-damage|p1b: Cetitan|11\/100\n|-enditem|p1b: Cetitan|Sitrus Berry|[eat]\n|-heal|p1b: Cetitan|36\/100|[from] item: Sitrus Berry\n|move|p1b: Cetitan|High Horsepower|p2b: Chi-Yu\n|-supereffective|p2b: Chi-Yu\n|-damage|p2b: Chi-Yu|0 fnt\n|faint|p2b: Chi-Yu\n|\n|win|2dogsbuyingham\n|raw|2dogsbuyingham's rating: 1053 &rarr; <strong>1087<\/strong><br \/>(+34 for winning)\n|raw|KnightofRevan's rating: 1078 &rarr; <strong>1055<\/strong><br \/>(-23 for losing)\n","uploadtime":1699743750,"views":27,"p1id":"2dogsbuyingham","p2id":"knightofrevan","formatid":"gen9vgc2023regulatione","rating":1055,"private":0,"password":""}