{"id":"gen9vgc2023regulatione-1997440193","p1":"olivermaul","p2":"Enscyther","format":"[Gen 9] VGC 2023 Regulation E","log":"|j|\u2606olivermaul\n|j|\u2606Enscyther\n|t:|1700805549\n|gametype|doubles\n|player|p1|olivermaul|brawly|1191\n|player|p2|Enscyther|pokemaniac|1111\n|teamsize|p1|6\n|teamsize|p2|6\n|gen|9\n|tier|[Gen 9] VGC 2023 Regulation E\n|rated|\n|rule|Species Clause: Limit one of each Pok\u00e9mon\n|rule|Item Clause: Limit one of each item\n|clearpoke\n|poke|p1|Samurott-Hisui, L50, F|\n|poke|p1|Amoonguss, L50, M|\n|poke|p1|Arcanine-Hisui, L50, F|\n|poke|p1|Chien-Pao, L50|\n|poke|p1|Glimmora, L50, M|\n|poke|p1|Gallade, L50, M|\n|poke|p2|Gallade, L50, M|\n|poke|p2|Politoed, L50, F|\n|poke|p2|Iron Valiant, L50|\n|poke|p2|Ogerpon, L50, F|\n|poke|p2|Dragonite, L50, F|\n|poke|p2|Copperajah, L50, F|\n|teampreview|4\n|inactive|Battle timer is ON: inactive players will automatically lose when time's up. (requested by olivermaul)\n|inactive|Enscyther has 60 seconds left.\n|\n|t:|1700805637\n|start\n|switch|p1a: Samurott|Samurott-Hisui, L50, F|100\/100\n|switch|p1b: Glimmora|Glimmora, L50, M|100\/100\n|switch|p2a: Ogerpon|Ogerpon, L50, F|100\/100\n|switch|p2b: Iron Valiant|Iron Valiant, L50|100\/100\n|-enditem|p2b: Iron Valiant|Booster Energy\n|-activate|p2b: Iron Valiant|ability: Quark Drive|[fromitem]\n|-start|p2b: Iron Valiant|quarkdrivespe\n|turn|1\n|inactive|Enscyther has 30 seconds left.\n|inactive|Enscyther has 20 seconds left.\n|\n|t:|1700805677\n|switch|p1a: Amoonguss|Amoonguss, L50, M|100\/100\n|-terastallize|p2a: Ogerpon|Grass\n|detailschange|p2a: Ogerpon|Ogerpon-Teal-Tera, L50, F, tera:Grass\n|-ability|p2a: Ogerpon|Embody Aspect (Teal)|boost\n|-boost|p2a: Ogerpon|spe|1\n|move|p2b: Iron Valiant|Icy Wind|p1b: Glimmora|[spread] p1a\n|-miss|p2b: Iron Valiant|p1b: Glimmora\n|-supereffective|p1a: Amoonguss\n|-damage|p1a: Amoonguss|82\/100\n|-unboost|p1a: Amoonguss|spe|1\n|move|p2a: Ogerpon|Stomping Tantrum|p1b: Glimmora\n|-supereffective|p1b: Glimmora\n|-damage|p1b: Glimmora|7\/100\n|-activate|p1b: Glimmora|ability: Toxic Debris\n|-sidestart|p2: Enscyther|move: Toxic Spikes\n|move|p1b: Glimmora|Mortal Spin|p2b: Iron Valiant|[spread] p2a,p2b\n|-supereffective|p2a: Ogerpon\n|-supereffective|p2b: Iron Valiant\n|-damage|p2a: Ogerpon|90\/100\n|-damage|p2b: Iron Valiant|87\/100\n|-status|p2a: Ogerpon|psn\n|-status|p2b: Iron Valiant|psn\n|-enditem|p2a: Ogerpon|Weakness Policy\n|-boost|p2a: Ogerpon|atk|2|[from] item: Weakness Policy\n|-boost|p2a: Ogerpon|spa|2|[from] item: Weakness Policy\n|\n|-heal|p1b: Glimmora|14\/100|[from] item: Leftovers\n|-damage|p2b: Iron Valiant|75\/100 psn|[from] psn\n|-damage|p2a: Ogerpon|78\/100 psn|[from] psn\n|upkeep\n|turn|2\n|inactive|olivermaul has 30 seconds left.\n|inactive|Enscyther has 30 seconds left.\n|inactive|Enscyther has 20 seconds left.\n|inactive|Enscyther has 15 seconds left.\n|inactive|Enscyther has 10 seconds left.\n|inactive|Enscyther has 5 seconds left.\n|\n|t:|1700805730\n|move|p1b: Glimmora|Spiky Shield|p1b: Glimmora\n|-singleturn|p1b: Glimmora|move: Protect\n|move|p2b: Iron Valiant|Encore|p1b: Glimmora\n|-activate|p1b: Glimmora|move: Protect\n|move|p2a: Ogerpon|Stomping Tantrum|p1a: Amoonguss\n|-damage|p1a: Amoonguss|37\/100\n|move|p1a: Amoonguss|Sludge Bomb|p2a: Ogerpon\n|-supereffective|p2a: Ogerpon\n|-damage|p2a: Ogerpon|25\/100 psn\n|\n|-heal|p1b: Glimmora|20\/100|[from] item: Leftovers\n|-damage|p2b: Iron Valiant|63\/100 psn|[from] psn\n|-damage|p2a: Ogerpon|13\/100 psn|[from] psn\n|upkeep\n|turn|3\n|inactive|olivermaul has 30 seconds left.\n|inactive|Enscyther has 30 seconds left.\n|inactive|Enscyther has 20 seconds left.\n|inactive|Enscyther has 15 seconds left.\n|\n|t:|1700805774\n|switch|p1a: Samurott|Samurott-Hisui, L50, F|100\/100\n|move|p2b: Iron Valiant|Icy Wind|p1b: Glimmora|[spread] p1a,p1b\n|-resisted|p1a: Samurott\n|-damage|p1a: Samurott|95\/100\n|-damage|p1b: Glimmora|9\/100\n|-unboost|p1a: Samurott|spe|1\n|-unboost|p1b: Glimmora|spe|1\n|move|p2a: Ogerpon|Stomping Tantrum|p1b: Glimmora\n|-supereffective|p1b: Glimmora\n|-crit|p1b: Glimmora\n|-damage|p1b: Glimmora|0 fnt\n|-activate|p1b: Glimmora|ability: Toxic Debris\n|-sidestart|p2: Enscyther|move: Toxic Spikes\n|faint|p1b: Glimmora\n|\n|-damage|p2b: Iron Valiant|51\/100 psn|[from] psn\n|-damage|p2a: Ogerpon|0 fnt|[from] psn\n|faint|p2a: Ogerpon\n|upkeep\n|inactive|Enscyther has 30 seconds left.\n|\n|t:|1700805804\n|switch|p2a: Dragonite|Dragonite, L50, F|100\/100\n|switch|p1b: Chien-Pao|Chien-Pao, L50|100\/100\n|-ability|p1b: Chien-Pao|Sword of Ruin\n|turn|4\n|inactive|olivermaul has 30 seconds left.\n|\n|t:|1700805836\n|-terastallize|p1a: Samurott|Fairy\n|move|p1b: Chien-Pao|Protect|p1b: Chien-Pao\n|-singleturn|p1b: Chien-Pao|Protect\n|move|p2a: Dragonite|Extreme Speed|p1b: Chien-Pao\n|-activate|p1b: Chien-Pao|move: Protect\n|move|p2b: Iron Valiant|Spirit Break|p1b: Chien-Pao\n|-activate|p1b: Chien-Pao|move: Protect\n|move|p1a: Samurott|Ceaseless Edge|p2b: Iron Valiant\n|-resisted|p2b: Iron Valiant\n|-damage|p2b: Iron Valiant|29\/100 psn\n|-sidestart|p2: Enscyther|Spikes\n|\n|-damage|p2b: Iron Valiant|17\/100 psn|[from] psn\n|upkeep\n|turn|5\n|inactive|Enscyther has 30 seconds left.\n|inactive|Enscyther has 20 seconds left.\n|inactive|Enscyther has 15 seconds left.\n|\n|t:|1700805877\n|move|p1a: Samurott|Aqua Jet|p2b: Iron Valiant\n|-damage|p2b: Iron Valiant|0 fnt\n|faint|p2b: Iron Valiant\n|-end|p2b: Iron Valiant|Quark Drive|[silent]\n|move|p1b: Chien-Pao|Ice Spinner|p2a: Dragonite\n|-supereffective|p2a: Dragonite\n|-damage|p2a: Dragonite|0 fnt\n|faint|p2a: Dragonite\n|\n|upkeep\n|\n|t:|1700805886\n|switch|p2b: Gallade|Gallade, L50, M|100\/100\n|-status|p2b: Gallade|tox\n|-damage|p2b: Gallade|88\/100 tox|[from] Spikes\n|turn|6\n|\n|t:|1700805895\n|move|p1b: Chien-Pao|Sucker Punch|p2b: Gallade\n|-damage|p2b: Gallade|16\/100 tox\n|move|p1a: Samurott|Aqua Jet|p2b: Gallade\n|-damage|p2b: Gallade|0 fnt\n|faint|p2b: Gallade\n|\n|win|olivermaul\n|raw|olivermaul's rating: 1191 &rarr; <strong>1210<\/strong><br \/>(+19 for winning)\n|raw|Enscyther's rating: 1111 &rarr; <strong>1092<\/strong><br \/>(-19 for losing)\n|l|\u2606Enscyther\n","uploadtime":1700805908,"views":5,"p1id":"olivermaul","p2id":"enscyther","formatid":"gen9vgc2023regulatione","rating":1092,"private":0,"password":""}