{"id":"gen9vgc2023regulatione-1996226432","p1":"Get red-y","p2":"VeeGey","format":"[Gen 9] VGC 2023 Regulation E","log":"|j|\u2606Get red-y\n|j|\u2606VeeGey\n|t:|1700661411\n|gametype|doubles\n|player|p1|Get red-y|red-gen2|1072\n|player|p2|VeeGey|crasherwake|1034\n|teamsize|p1|6\n|teamsize|p2|6\n|gen|9\n|tier|[Gen 9] VGC 2023 Regulation E\n|rated|\n|rule|Species Clause: Limit one of each Pok\u00e9mon\n|rule|Item Clause: Limit one of each item\n|clearpoke\n|poke|p1|Scizor, L50, F|\n|poke|p1|Gothitelle, L50, M|\n|poke|p1|Enamorus, L50, F|\n|poke|p1|Azumarill, L50, F|\n|poke|p1|Brambleghast, L50, M|\n|poke|p1|Tornadus, L50, M|\n|poke|p2|Meowscarada, L50, F|\n|poke|p2|Tauros-Paldea-Blaze, L50, M|\n|poke|p2|Corviknight, L50, M|\n|poke|p2|Stantler, L50, F|\n|poke|p2|Urshifu-*, L50, F|\n|poke|p2|Inteleon, L50, M|\n|teampreview|4\n|inactive|Battle timer is ON: inactive players will automatically lose when time's up. (requested by VeeGey)\n|inactive|VeeGey has 60 seconds left.\n|inactive|Get red-y has 60 seconds left.\n|\n|t:|1700661469\n|start\n|switch|p1a: Tornadus|Tornadus, L50, M, shiny|100\/100\n|switch|p1b: Enamorus|Enamorus, L50, F, shiny|100\/100\n|switch|p2a: Stantler|Stantler, L50, F|100\/100\n|switch|p2b: Corviknight|Corviknight, L50, M|100\/100\n|-ability|p2a: Stantler|Intimidate|boost\n|-unboost|p1a: Tornadus|atk|1\n|-boost|p1b: Enamorus|atk|1\n|-ability|p2b: Corviknight|Pressure\n|turn|1\n|\n|t:|1700661491\n|switch|p1b: Brambleghast|Brambleghast, L50, M, shiny|100\/100\n|move|p1a: Tornadus|Tailwind|p1a: Tornadus\n|-sidestart|p1: Get red-y|move: Tailwind\n|-ability|p1b: Brambleghast|Wind Rider|boost\n|-boost|p1b: Brambleghast|atk|1\n|move|p2a: Stantler|Thunder Wave|p1b: Brambleghast\n|-status|p1b: Brambleghast|par\n|move|p2b: Corviknight|Iron Defense|p2b: Corviknight\n|-boost|p2b: Corviknight|def|2\n|\n|upkeep\n|turn|2\n|inactive|Get red-y has 30 seconds left.\n|inactive|Get red-y has 20 seconds left.\n|\n|t:|1700661529\n|move|p1a: Tornadus|Taunt|p2b: Corviknight\n|-start|p2b: Corviknight|move: Taunt\n|move|p1b: Brambleghast|Leech Seed|p2b: Corviknight\n|-start|p2b: Corviknight|move: Leech Seed\n|move|p2a: Stantler|Thunder Wave|p1a: Tornadus\n|-status|p1a: Tornadus|par\n|cant|p2b: Corviknight|move: Taunt|Iron Defense\n|\n|-damage|p2b: Corviknight|88\/100|[from] Leech Seed|[of] p1b: Brambleghast\n|upkeep\n|turn|3\n|\n|t:|1700661553\n|move|p2a: Stantler|Helping Hand|p2b: Corviknight\n|-singleturn|p2b: Corviknight|Helping Hand|[of] p2a: Stantler\n|cant|p1b: Brambleghast|par\n|move|p1a: Tornadus|Bleakwind Storm|p2b: Corviknight|[spread] p2a,p2b\n|-resisted|p2b: Corviknight\n|-damage|p2a: Stantler|80\/100\n|-damage|p2b: Corviknight|74\/100\n|-unboost|p2a: Stantler|spe|1\n|move|p2b: Corviknight|Brave Bird|p1b: Brambleghast\n|-supereffective|p1b: Brambleghast\n|-enditem|p1b: Brambleghast|Focus Sash\n|-damage|p1b: Brambleghast|1\/100 par\n|-damage|p2b: Corviknight|53\/100|[from] Recoil\n|\n|-heal|p2b: Corviknight|59\/100|[from] item: Leftovers\n|-damage|p2b: Corviknight|46\/100|[from] Leech Seed|[of] p1b: Brambleghast\n|-heal|p1b: Brambleghast|20\/100 par|[silent]\n|upkeep\n|turn|4\n|inactive|VeeGey has 30 seconds left.\n|\n|t:|1700661583\n|move|p1b: Brambleghast|Poltergeist|p2b: Corviknight\n|-activate|p2b: Corviknight|move: Poltergeist|Leftovers\n|-damage|p2b: Corviknight|20\/100\n|move|p1a: Tornadus|Bleakwind Storm|p2b: Corviknight|[spread] p2a,p2b\n|-resisted|p2b: Corviknight\n|-damage|p2a: Stantler|59\/100\n|-damage|p2b: Corviknight|4\/100\n|-unboost|p2a: Stantler|spe|1\n|move|p2b: Corviknight|Brave Bird|p1a: Tornadus\n|-damage|p1a: Tornadus|56\/100 par\n|-damage|p2b: Corviknight|0 fnt|[from] Recoil\n|faint|p2b: Corviknight\n|move|p2a: Stantler|Psyshield Bash|p1b: Brambleghast\n|-damage|p1b: Brambleghast|0 fnt\n|-boost|p2a: Stantler|def|1\n|faint|p1b: Brambleghast\n|\n|-sideend|p1: Get red-y|move: Tailwind\n|upkeep\n|\n|t:|1700661604\n|switch|p1b: Enamorus|Enamorus, L50, F, shiny|100\/100\n|switch|p2b: Inteleon|Inteleon, L50, M|100\/100\n|turn|5\n|inactive|Get red-y has 30 seconds left.\n|\n|t:|1700661633\n|-terastallize|p1b: Enamorus|Steel\n|cant|p1a: Tornadus|par\n|move|p2b: Inteleon|Ice Beam|p1b: Enamorus\n|-resisted|p1b: Enamorus\n|-crit|p1b: Enamorus\n|-damage|p1b: Enamorus|68\/100\n|move|p1b: Enamorus|Dazzling Gleam|p2b: Inteleon|[spread] p2a,p2b\n|-damage|p2a: Stantler|40\/100\n|-damage|p2b: Inteleon|45\/100\n|move|p2a: Stantler|Thunder Wave|p1b: Enamorus\n|-status|p1b: Enamorus|par\n|\n|upkeep\n|turn|6\n|\n|t:|1700661651\n|-terastallize|p2b: Inteleon|Water\n|move|p2a: Stantler|Helping Hand|p2b: Inteleon\n|-singleturn|p2b: Inteleon|Helping Hand|[of] p2a: Stantler\n|move|p1a: Tornadus|Tailwind|p1a: Tornadus\n|-sidestart|p1: Get red-y|move: Tailwind\n|move|p2b: Inteleon|Snipe Shot|p1b: Enamorus\n|-crit|p1b: Enamorus\n|-damage|p1b: Enamorus|0 fnt\n|faint|p1b: Enamorus\n|\n|upkeep\n|\n|t:|1700661662\n|switch|p1b: Scizor|Scizor, L50, F|100\/100\n|turn|7\n|\n|t:|1700661670\n|move|p2b: Inteleon|Snipe Shot|p1b: Scizor\n|-crit|p1b: Scizor\n|-damage|p1b: Scizor|0 fnt\n|faint|p1b: Scizor\n|cant|p1a: Tornadus|par\n|move|p2a: Stantler|Thunder Wave|p1a: Tornadus\n|-fail|p1a: Tornadus|par\n|\n|upkeep\n|turn|8\n|\n|t:|1700661680\n|move|p2b: Inteleon|Ice Beam|p1a: Tornadus\n|-supereffective|p1a: Tornadus\n|-damage|p1a: Tornadus|5\/100 par\n|move|p1a: Tornadus|Bleakwind Storm|p2b: Inteleon|[spread] p2a\n|-miss|p1a: Tornadus|p2b: Inteleon\n|-damage|p2a: Stantler|19\/100\n|move|p2a: Stantler|Psyshield Bash|p1a: Tornadus\n|-damage|p1a: Tornadus|0 fnt\n|-boost|p2a: Stantler|def|1\n|faint|p1a: Tornadus\n|\n|win|VeeGey\n|raw|Get red-y's rating: 1072 &rarr; <strong>1049<\/strong><br \/>(-23 for losing)\n|raw|VeeGey's rating: 1034 &rarr; <strong>1073<\/strong><br \/>(+39 for winning)\n|l|\u2606Get red-y\n","uploadtime":1700661700,"views":5,"p1id":"getredy","p2id":"veegey","formatid":"gen9vgc2023regulatione","rating":1049,"private":0,"password":""}