{"id":"gen9vgc2023regulatione-1989637184","p1":"AndrewsWho","p2":"KaosCarter","format":"[Gen 9] VGC 2023 Regulation E","log":"|j|\u2606AndrewsWho\n|j|\u2606KaosCarter\n|n|\u2606AndrewsWho|andrewswho\n|n|\u2606KaosCarter|kaoscarter\n|html|View the match progress at <a href=\"\/game-bestof3-gen9vgc2023regulatione-1989635137\">game-bestof3-gen9vgc2023regulatione-1989635137<\/a>\n|t:|1699881764\n|gametype|doubles\n|player|p1|AndrewsWho|cynthia-gen4|\n|player|p2|KaosCarter|acetrainer-gen4dp|\n|teamsize|p1|6\n|teamsize|p2|6\n|gen|9\n|tier|[Gen 9] VGC 2023 Regulation E\n|rule|Species Clause: Limit one of each Pok\u00e9mon\n|rule|Item Clause: Limit one of each item\n|clearpoke\n|poke|p1|Rillaboom, L50, M|\n|poke|p1|Urshifu-*, L50, M|\n|poke|p1|Arcanine-Hisui, L50, M|\n|poke|p1|Kingambit, L50, F|\n|poke|p1|Roaring Moon, L50|\n|poke|p1|Flutter Mane, L50|\n|poke|p2|Heatran, L50, M|\n|poke|p2|Tornadus, L50, M|\n|poke|p2|Sneasler, L50, F|\n|poke|p2|Shiftry, L50, M|\n|poke|p2|Chi-Yu, L50|\n|poke|p2|Indeedee-F, L50, F|\n|teampreview|4\nKaosCarter has agreed to open team sheets.\nAndrewsWho has agreed to open team sheets.\n|showteam|p1|Rillaboom||AssaultVest|GrassySurge|GrassyGlide,FakeOut,WoodHammer,HighHorsepower|||M|||50|,,,,,Fire]Urshifu-Rapid-Strike||MysticWater|UnseenFist|SurgingStrikes,AquaJet,CloseCombat,Protect|||M|||50|,,,,,Water]Arcanine-Hisui||ChoiceBand|Intimidate|RockSlide,FlareBlitz,ExtremeSpeed,TeraBlast|||M|||50|,,,,,Fairy]Kingambit||BlackGlasses|Defiant|Protect,KowtowCleave,SuckerPunch,SwordsDance|||F|||50|,,,,,Dark]Roaring Moon||BoosterEnergy|Protosynthesis|Protect,Tailwind,KnockOff,Acrobatics||||||50|,,,,,Flying]Flutter Mane||ChoiceSpecs|Protosynthesis|Moonblast,DazzlingGleam,ShadowBall,PowerGem||||||50|,,,,,Fairy\n|showteam|p2|Heatran||SitrusBerry|FlashFire|Protect,HeatWave,EarthPower,FlashCannon|||M|||50|,,,,,Fairy]Tornadus||MentalHerb|Prankster|BleakwindStorm,Tailwind,SunnyDay,ScaryFace|||M|||50|,,,,,Ghost]Sneasler||ClearAmulet|PoisonTouch|Protect,DireClaw,CloseCombat,FakeOut|||F|||50|,,,,,Flying]Shiftry||FocusSash|WindRider|SuckerPunch,Reversal,LeafBlade,FakeOut|||M|||50|,,,,,Ghost]Chi-Yu||ChoiceSpecs|BeadsofRuin|HeatWave,Psychic,Overheat,DarkPulse||||||50|,,,,,Ghost]Indeedee-F||PsychicSeed|PsychicSurge|FollowMe,Psyshock,TrickRoom,Imprison|||F|||50|,,,,,Fairy\n|inactive|Battle timer is ON: inactive players will automatically lose when time's up. (requested by KaosCarter)\n|inactive|KaosCarter has 60 seconds left.\n|\n|t:|1699881799\n|start\n|switch|p1a: Roaring Moon|Roaring Moon, L50|100\/100\n|switch|p1b: Urshifu|Urshifu-Rapid-Strike, L50, M|100\/100\n|switch|p2a: Tornadus|Tornadus, L50, M|100\/100\n|switch|p2b: Sneasler|Sneasler, L50, F|100\/100\n|-enditem|p1a: Roaring Moon|Booster Energy\n|-activate|p1a: Roaring Moon|ability: Protosynthesis|[fromitem]\n|-start|p1a: Roaring Moon|protosynthesisspe\n|turn|1\n|inactive|AndrewsWho has 30 seconds left.\n|inactive|AndrewsWho has 20 seconds left.\n|inactive|KaosCarter has 30 seconds left.\n|\n|t:|1699881841\n|-terastallize|p1a: Roaring Moon|Flying\n|move|p1b: Urshifu|Protect|p1b: Urshifu\n|-singleturn|p1b: Urshifu|Protect\n|move|p2b: Sneasler|Fake Out|p1a: Roaring Moon\n|-damage|p1a: Roaring Moon|82\/100\n|move|p2a: Tornadus|Sunny Day|p2a: Tornadus\n|-weather|SunnyDay\n|cant|p1a: Roaring Moon|flinch\n|\n|-weather|SunnyDay|[upkeep]\n|upkeep\n|turn|2\n|inactive|KaosCarter has 30 seconds left.\n|\n|t:|1699881873\n|move|p2b: Sneasler|Protect|p2b: Sneasler\n|-singleturn|p2b: Sneasler|Protect\n|move|p2a: Tornadus|Tailwind|p2a: Tornadus\n|-sidestart|p2: KaosCarter|move: Tailwind\n|move|p1a: Roaring Moon|Tailwind|p1a: Roaring Moon\n|-sidestart|p1: AndrewsWho|move: Tailwind\n|move|p1b: Urshifu|Surging Strikes|p2b: Sneasler\n|-crit|p2b: Sneasler\n|-damage|p2b: Sneasler|81\/100\n|-crit|p2b: Sneasler\n|-damage|p2b: Sneasler|60\/100\n|-crit|p2b: Sneasler\n|-damage|p2b: Sneasler|41\/100\n|-hitcount|p2b: Sneasler|3\n|\n|-weather|SunnyDay|[upkeep]\n|upkeep\n|turn|3\n|inactive|KaosCarter has 30 seconds left.\n|\n|t:|1699881906\n|switch|p2b: Heatran|Heatran, L50, M|100\/100\n|move|p1a: Roaring Moon|Knock Off|p2a: Tornadus\n|-damage|p2a: Tornadus|31\/100\n|-enditem|p2a: Tornadus|Mental Herb|[from] move: Knock Off|[of] p1a: Roaring Moon\n|move|p2a: Tornadus|Bleakwind Storm|p1a: Roaring Moon|[spread] p1a,p1b\n|-supereffective|p1b: Urshifu\n|-damage|p1a: Roaring Moon|44\/100\n|-damage|p1b: Urshifu|0 fnt\n|faint|p1b: Urshifu\n|\n|-weather|SunnyDay|[upkeep]\n|upkeep\n|\n|t:|1699881918\n|switch|p1b: Arcanine|Arcanine-Hisui, L50, M|100\/100\n|-ability|p1b: Arcanine|Intimidate|boost\n|-unboost|p2a: Tornadus|atk|1\n|-unboost|p2b: Heatran|atk|1\n|turn|4\n|\n|t:|1699881933\n|move|p2a: Tornadus|Scary Face|p1b: Arcanine\n|-unboost|p1b: Arcanine|spe|2\n|move|p1a: Roaring Moon|Knock Off|p2b: Heatran\n|-damage|p2b: Heatran|61\/100\n|-enditem|p2b: Heatran|Sitrus Berry|[from] move: Knock Off|[of] p1a: Roaring Moon\n|move|p2b: Heatran|Earth Power|p1b: Arcanine\n|-supereffective|p1b: Arcanine\n|-damage|p1b: Arcanine|0 fnt\n|faint|p1b: Arcanine\n|\n|-weather|SunnyDay|[upkeep]\n|upkeep\n|\n|t:|1699881940\n|switch|p1b: Rillaboom|Rillaboom, L50, M|100\/100\n|-fieldstart|move: Grassy Terrain|[from] ability: Grassy Surge|[of] p1b: Rillaboom\n|turn|5\n|\n|t:|1699881959\n|switch|p2a: Indeedee|Indeedee-F, L50, F|100\/100\n|-fieldstart|move: Psychic Terrain|[from] ability: Psychic Surge|[of] p2a: Indeedee\n|-enditem|p2a: Indeedee|Psychic Seed\n|-boost|p2a: Indeedee|spd|1|[from] item: Psychic Seed\n|move|p1a: Roaring Moon|Acrobatics|p2a: Indeedee\n|-damage|p2a: Indeedee|20\/100\n|move|p1b: Rillaboom|High Horsepower|p2b: Heatran\n|-supereffective|p2b: Heatran\n|-damage|p2b: Heatran|0 fnt\n|faint|p2b: Heatran\n|\n|-weather|none\n|-sideend|p2: KaosCarter|move: Tailwind\n|-sideend|p1: AndrewsWho|move: Tailwind\n|upkeep\n|\n|t:|1699881981\n|switch|p2b: Tornadus|Tornadus, L50, M|31\/100\n|turn|6\n|\n|t:|1699881996\n|move|p2a: Indeedee|Follow Me|p2a: Indeedee\n|-singleturn|p2a: Indeedee|move: Follow Me\n|move|p1a: Roaring Moon|Acrobatics|p2a: Indeedee\n|-damage|p2a: Indeedee|0 fnt\n|faint|p2a: Indeedee\n|move|p2b: Tornadus|Bleakwind Storm|p1a: Roaring Moon|[spread] p1b\n|-miss|p2b: Tornadus|p1a: Roaring Moon\n|-supereffective|p1b: Rillaboom\n|-damage|p1b: Rillaboom|42\/100\n|move|p1b: Rillaboom|Wood Hammer|p2b: Tornadus\n|-resisted|p2b: Tornadus\n|-damage|p2b: Tornadus|0 fnt\n|faint|p2b: Tornadus\n|-damage|p1b: Rillaboom|33\/100|[from] Recoil\n|\n|upkeep\n|\n|t:|1699882013\n|switch|p2b: Sneasler|Sneasler, L50, F|41\/100\n|turn|7\n|\n|t:|1699882022\n|-terastallize|p2b: Sneasler|Flying\n|move|p1a: Roaring Moon|Acrobatics|p2b: Sneasler\n|-damage|p2b: Sneasler|0 fnt\n|faint|p2b: Sneasler\n|\n|win|AndrewsWho\n|c|\u2606KaosCarter|Gg\n|l|\u2606KaosCarter\n","uploadtime":1699882033,"views":29,"p1id":"andrewswho","p2id":"kaoscarter","formatid":"gen9vgc2023regulatione","rating":0,"private":0,"password":""}