{"id":"gen9vgc2023regulatione-1998126518","p1":"carlitos250401","p2":"CaliberChamp","format":"[Gen 9] VGC 2023 Regulation E","log":"|j|\u2606carlitos250401\n|j|\u2606CaliberChamp\n|t:|1700896170\n|gametype|doubles\n|player|p1|carlitos250401|102|1133\n|player|p2|CaliberChamp|red-masters|1200\n|teamsize|p1|6\n|teamsize|p2|6\n|gen|9\n|tier|[Gen 9] VGC 2023 Regulation E\n|rated|\n|rule|Species Clause: Limit one of each Pok\u00e9mon\n|rule|Item Clause: Limit one of each item\n|clearpoke\n|poke|p1|Breloom, L50, M|\n|poke|p1|Salamence, L50, M|\n|poke|p1|Ogerpon-Cornerstone, L50, F|\n|poke|p1|Flutter Mane, L50|\n|poke|p1|Kingambit, L50, M|\n|poke|p1|Slowbro, L50, M|\n|poke|p2|Decidueye-Hisui, L50, M|\n|poke|p2|Samurott-Hisui, L50, M|\n|poke|p2|Arcanine-Hisui, L50, F|\n|poke|p2|Braviary-Hisui, L50, M|\n|poke|p2|Zoroark-Hisui, L50, M|\n|poke|p2|Ursaluna-Bloodmoon, L50, M|\n|teampreview|4\n|inactive|Battle timer is ON: inactive players will automatically lose when time's up. (requested by CaliberChamp)\n|inactive|carlitos250401 has 60 seconds left.\n|\n|t:|1700896214\n|start\n|switch|p1a: Salamence|Salamence, L50, M|100\/100\n|switch|p1b: Breloom|Breloom, L50, M|100\/100\n|switch|p2a: Deciduel|Decidueye-Hisui, L50, M|100\/100\n|switch|p2b: Ursalunar|Ursaluna-Bloodmoon, L50, M|100\/100\n|-ability|p1a: Salamence|Intimidate|boost\n|-fail|p2a: Deciduel|unboost|Attack|[from] ability: Scrappy|[of] p2a: Deciduel\n|-unboost|p2b: Ursalunar|atk|1\n|turn|1\n|inactive|carlitos250401 has 30 seconds left.\n|inactive|CaliberChamp has 30 seconds left.\n|inactive|carlitos250401 has 20 seconds left.\n|\n|t:|1700896250\n|move|p2a: Deciduel|Helping Hand|p2b: Ursalunar\n|-singleturn|p2b: Ursalunar|Helping Hand|[of] p2a: Deciduel\n|move|p1b: Breloom|Mach Punch|p2b: Ursalunar\n|-immune|p2b: Ursalunar\n|move|p1a: Salamence|Dual Wingbeat|p2a: Deciduel\n|-supereffective|p2a: Deciduel\n|-damage|p2a: Deciduel|2\/100\n|-damage|p1a: Salamence|84\/100|[from] item: Rocky Helmet|[of] p2a: Deciduel\n|-supereffective|p2a: Deciduel\n|-damage|p2a: Deciduel|0 fnt\n|-damage|p1a: Salamence|68\/100|[from] item: Rocky Helmet|[of] p2a: Deciduel\n|faint|p2a: Deciduel\n|-hitcount|p2: Deciduel|2\n|move|p2b: Ursalunar|Hyper Voice|p1b: Breloom|[spread] p1a,p1b\n|-damage|p1a: Salamence|0 fnt\n|-enditem|p1b: Breloom|Focus Sash\n|-damage|p1b: Breloom|1\/100\n|faint|p1a: Salamence\n|\n|upkeep\n|inactive|carlitos250401 has 30 seconds left.\n|inactive|CaliberChamp has 30 seconds left.\n|\n|t:|1700896280\n|switch|p1a: Kingambit|Kingambit, L50, M|100\/100\n|switch|p2a: Samuredge|Samurott-Hisui, L50, M|100\/100\n|turn|2\n|\n|t:|1700896295\n|switch|p2b: Ursalunar|Ursaluna-Bloodmoon, L50, M|100\/100\n|move|p2a: Samuredge|Aqua Jet|p1b: Breloom\n|-resisted|p1b: Breloom\n|-damage|p1b: Breloom|0 fnt\n|faint|p1b: Breloom\n|move|p1a: Kingambit|Iron Head|p2a: Samuredge\n|-resisted|p2a: Samuredge\n|-damage|p2a: Samuredge|66\/100\n|-damage|p1a: Kingambit|91\/100|[from] item: Life Orb\n|\n|upkeep\n|\n|t:|1700896305\n|switch|p1b: Slowbro|Slowbro, L50, M|100\/100\n|turn|3\n|\n|t:|1700896320\n|move|p2a: Samuredge|Ceaseless Edge|p1b: Slowbro\n|-supereffective|p1b: Slowbro\n|-damage|p1b: Slowbro|34\/100\n|-sidestart|p1: carlitos250401|Spikes\n|-enditem|p1b: Slowbro|Sitrus Berry|[eat]\n|-heal|p1b: Slowbro|59\/100|[from] item: Sitrus Berry\n|move|p1a: Kingambit|Assurance|p2a: Samuredge\n|-resisted|p2a: Samuredge\n|-damage|p2a: Samuredge|35\/100\n|-damage|p1a: Kingambit|81\/100|[from] item: Life Orb\n|move|p2b: Ursalunar|Hyper Voice|p1b: Slowbro|[spread] p1a,p1b\n|-resisted|p1a: Kingambit\n|-damage|p1a: Kingambit|61\/100\n|-damage|p1b: Slowbro|25\/100\n|-enditem|p2b: Ursalunar|Throat Spray\n|-boost|p2b: Ursalunar|spa|1|[from] item: Throat Spray\n|move|p1b: Slowbro|Scald|p2b: Ursalunar\n|-supereffective|p2b: Ursalunar\n|-damage|p2b: Ursalunar|37\/100\n|\n|upkeep\n|turn|4\n|inactive|carlitos250401 has 30 seconds left.\n|inactive|CaliberChamp has 30 seconds left.\n|\n|t:|1700896354\n|move|p2b: Ursalunar|Vacuum Wave|p1a: Kingambit\n|-supereffective|p1a: Kingambit\n|-damage|p1a: Kingambit|0 fnt\n|faint|p1a: Kingambit\n|move|p2a: Samuredge|Sacred Sword|p1b: Slowbro\n|-resisted|p1b: Slowbro\n|-damage|p1b: Slowbro|10\/100\n|move|p1b: Slowbro|Scald|p2b: Ursalunar\n|-supereffective|p2b: Ursalunar\n|-damage|p2b: Ursalunar|0 fnt\n|faint|p2b: Ursalunar\n|\n|upkeep\n|\n|t:|1700896366\n|switch|p2b: Zorobane|Zoroark-Hisui, L50, M, shiny|100\/100\n|turn|5\n|\n|t:|1700896372\n|move|p2b: Zorobane|Bitter Malice|p1b: Slowbro\n|-supereffective|p1b: Slowbro\n|-damage|p1b: Slowbro|0 fnt\n|faint|p1b: Slowbro\n|\n|win|CaliberChamp\n|raw|carlitos250401's rating: 1133 &rarr; <strong>1113<\/strong><br \/>(-20 for losing)\n|raw|CaliberChamp's rating: 1200 &rarr; <strong>1220<\/strong><br \/>(+20 for winning)\n|l|\u2606carlitos250401\n","uploadtime":1700896384,"views":2,"p1id":"carlitos250401","p2id":"caliberchamp","formatid":"gen9vgc2023regulatione","rating":1113,"private":0,"password":""}