{"id":"gen9vgc2023regulatione-1996555252","p1":"croix-mer","p2":"AnkTest","format":"[Gen 9] VGC 2023 Regulation E","log":"|j|\u2606croix-mer\n|j|\u2606AnkTest\n|t:|1700693805\n|gametype|doubles\n|player|p1|croix-mer|flannery|1203\n|player|p2|AnkTest|101|1231\n|teamsize|p1|6\n|teamsize|p2|6\n|gen|9\n|tier|[Gen 9] VGC 2023 Regulation E\n|rated|\n|rule|Species Clause: Limit one of each Pok\u00e9mon\n|rule|Item Clause: Limit one of each item\n|clearpoke\n|poke|p1|Landorus, L50, M|\n|poke|p1|Ogerpon-Wellspring, L50, F|\n|poke|p1|Regieleki, L50|\n|poke|p1|Urshifu-*, L50, M|\n|poke|p1|Iron Hands, L50|\n|poke|p1|Arcanine-Hisui, L50, M|\n|poke|p2|Chien-Pao, L50|\n|poke|p2|Iron Hands, L50|\n|poke|p2|Ogerpon-Wellspring, L50, F|\n|poke|p2|Cresselia, L50, F|\n|poke|p2|Roaring Moon, L50|\n|poke|p2|Gholdengo, L50|\n|teampreview|4\n|inactive|Battle timer is ON: inactive players will automatically lose when time's up. (requested by AnkTest)\n|inactive|croix-mer has 60 seconds left.\n|inactive|AnkTest has 60 seconds left.\n|\n|t:|1700693847\n|start\n|switch|p1a: 4lan|Iron Hands, L50|100\/100\n|switch|p1b: good boy v2|Arcanine-Hisui, L50, M, shiny|100\/100\n|switch|p2a: Iron Hands|Iron Hands, L50|100\/100\n|switch|p2b: Roaring Moon|Roaring Moon, L50, shiny|100\/100\n|-ability|p1b: good boy v2|Intimidate|boost\n|-unboost|p2a: Iron Hands|atk|1\n|-unboost|p2b: Roaring Moon|atk|1\n|-enditem|p2b: Roaring Moon|Booster Energy\n|-activate|p2b: Roaring Moon|ability: Protosynthesis|[fromitem]\n|-start|p2b: Roaring Moon|protosynthesisspe\n|turn|1\n|inactive|croix-mer has 30 seconds left.\n|\n|t:|1700693876\n|switch|p1b: Urshifu|Urshifu, L50, M|100\/100\n|move|p2b: Roaring Moon|Protect|p2b: Roaring Moon\n|-singleturn|p2b: Roaring Moon|Protect\n|move|p1a: 4lan|Fake Out|p2b: Roaring Moon\n|-activate|p2b: Roaring Moon|move: Protect\n|move|p2a: Iron Hands|Drain Punch|p1b: Urshifu\n|-supereffective|p1b: Urshifu\n|-damage|p1b: Urshifu|46\/100\n|\n|upkeep\n|turn|2\n|inactive|AnkTest has 30 seconds left.\n|inactive|AnkTest has 20 seconds left.\n|inactive|AnkTest has 15 seconds left.\n|inactive|AnkTest has 10 seconds left.\n|\n|t:|1700693922\n|move|p1b: Urshifu|Protect|p1b: Urshifu\n|-singleturn|p1b: Urshifu|Protect\n|move|p2b: Roaring Moon|Tailwind|p2b: Roaring Moon\n|-sidestart|p2: AnkTest|move: Tailwind\n|move|p2a: Iron Hands|Drain Punch|p1b: Urshifu\n|-activate|p1b: Urshifu|move: Protect\n|move|p1a: 4lan|Drain Punch|p2b: Roaring Moon\n|-supereffective|p2b: Roaring Moon\n|-damage|p2b: Roaring Moon|0 fnt\n|faint|p2b: Roaring Moon\n|-end|p2b: Roaring Moon|Protosynthesis|[silent]\n|\n|upkeep\n|\n|t:|1700693927\n|switch|p2b: Chien-Pao|Chien-Pao, L50|100\/100\n|-ability|p2b: Chien-Pao|Sword of Ruin\n|turn|3\n|\n|t:|1700693945\n|-end|p2a: Iron Hands|Quark Drive|[silent]\n|switch|p2a: Ogerpon|Ogerpon-Wellspring, L50, F|100\/100\n|move|p1b: Urshifu|Sucker Punch|p2b: Chien-Pao\n|-resisted|p2b: Chien-Pao\n|-damage|p2b: Chien-Pao|75\/100\n|move|p2b: Chien-Pao|Sacred Sword|p1b: Urshifu\n|-supereffective|p1b: Urshifu\n|-damage|p1b: Urshifu|0 fnt\n|faint|p1b: Urshifu\n|move|p1a: 4lan|Drain Punch|p2b: Chien-Pao\n|-supereffective|p2b: Chien-Pao\n|-damage|p2b: Chien-Pao|0 fnt\n|faint|p2b: Chien-Pao\n|\n|upkeep\n|\n|t:|1700693966\n|switch|p2b: Iron Hands|Iron Hands, L50|100\/100\n|switch|p1b: good boy v2|Arcanine-Hisui, L50, M, shiny|100\/100\n|-ability|p1b: good boy v2|Intimidate|boost\n|-unboost|p2a: Ogerpon|atk|1\n|-unboost|p2b: Iron Hands|atk|1\n|turn|4\n|\n|t:|1700693978\n|switch|p1b: Ogerpon|Ogerpon-Wellspring, L50, F|100\/100\n|-terastallize|p2b: Iron Hands|Grass\n|move|p2a: Ogerpon|Ivy Cudgel|p1b: Ogerpon|[anim] Ivy Cudgel Water\n|-immune|p1b: Ogerpon|[from] ability: Water Absorb\n|move|p2b: Iron Hands|Drain Punch|p1b: Ogerpon\n|-damage|p1b: Ogerpon|70\/100\n|move|p1a: 4lan|Wild Charge|p2a: Ogerpon\n|-damage|p2a: Ogerpon|57\/100\n|-damage|p1a: 4lan|92\/100|[from] Recoil\n|\n|upkeep\n|turn|5\n|\n|t:|1700694000\n|move|p1b: Ogerpon|Spiky Shield|p1b: Ogerpon\n|-singleturn|p1b: Ogerpon|move: Protect\n|move|p2a: Ogerpon|Ivy Cudgel|p1a: 4lan|[anim] Ivy Cudgel Water\n|-damage|p1a: 4lan|69\/100\n|move|p2b: Iron Hands|Drain Punch|p1a: 4lan\n|-damage|p1a: 4lan|49\/100\n|move|p1a: 4lan|Wild Charge|p2a: Ogerpon\n|-damage|p2a: Ogerpon|12\/100\n|-damage|p1a: 4lan|41\/100|[from] Recoil\n|\n|-sideend|p2: AnkTest|move: Tailwind\n|upkeep\n|turn|6\n|inactive|croix-mer has 30 seconds left.\n|inactive|croix-mer has 20 seconds left.\n|\n|t:|1700694040\n|-end|p1a: 4lan|Quark Drive|[silent]\n|switch|p1a: good boy v2|Arcanine-Hisui, L50, M, shiny|100\/100\n|-ability|p1a: good boy v2|Intimidate|boost\n|-unboost|p2a: Ogerpon|atk|1\n|-unboost|p2b: Iron Hands|atk|1\n|move|p1b: Ogerpon|Wood Hammer|p2a: Ogerpon\n|-damage|p2a: Ogerpon|0 fnt\n|faint|p2a: Ogerpon\n|-damage|p1b: Ogerpon|66\/100|[from] Recoil\n|move|p2b: Iron Hands|Drain Punch|p1a: good boy v2\n|-supereffective|p1a: good boy v2\n|-damage|p1a: good boy v2|57\/100\n|\n|upkeep\n|turn|7\n|-message|AnkTest forfeited.\n|\n|win|croix-mer\n|raw|croix-mer's rating: 1203 &rarr; <strong>1229<\/strong><br \/>(+26 for winning)\n|raw|AnkTest's rating: 1211 &rarr; <strong>1185<\/strong><br \/>(-26 for losing)\n|l|\u2606AnkTest\n","uploadtime":1700694139,"views":23,"p1id":"croixmer","p2id":"anktest","formatid":"gen9vgc2023regulatione","rating":1185,"private":0,"password":""}