{"id":"gen9vgc2023regulatione-1995800556","p1":"boggey7","p2":"StonerSomeone","format":"[Gen 9] VGC 2023 Regulation E","log":"|j|\u2606boggey7\n|j|\u2606StonerSomeone\n|n|\u2606boggey7|boggey7\n|n|\u2606StonerSomeone|stonersomeone\n|html|View the match progress at <a href=\"\/game-bestof3-gen9vgc2023regulatione-1995797234\">game-bestof3-gen9vgc2023regulatione-1995797234<\/a>\n|t:|1700604417\n|gametype|doubles\n|player|p1|boggey7|grimsley|\n|player|p2|StonerSomeone|anabel|\n|teamsize|p1|6\n|teamsize|p2|6\n|gen|9\n|tier|[Gen 9] VGC 2023 Regulation E\n|rated|Tournament battle\n|rule|Species Clause: Limit one of each Pok\u00e9mon\n|rule|Item Clause: Limit one of each item\n|clearpoke\n|poke|p1|Urshifu-*, L50, F|\n|poke|p1|Baxcalibur, L50, M|\n|poke|p1|Landorus-Therian, L50, M|\n|poke|p1|Ninetales-Alola, L50, F|\n|poke|p1|Heatran, L50, F|\n|poke|p1|Iron Hands, L50|\n|poke|p2|Moltres, L50|\n|poke|p2|Iron Hands, L50|\n|poke|p2|Urshifu-*, L50, F|\n|poke|p2|Flutter Mane, L50|\n|poke|p2|Landorus-Therian, L50, M|\n|poke|p2|Milotic, L50, F|\n|teampreview|4\n|showteam|p1|Urshifu-Rapid-Strike||MysticWater|UnseenFist|SurgingStrikes,CloseCombat,AquaJet,Protect|||F|||50|,,,,,Water]Baxcalibur||LoadedDice|ThermalExchange|IcicleSpear,ScaleShot,SwordsDance,Protect|||M|||50|,,,,,Poison]Landorus-Therian||ChoiceScarf|Intimidate|TeraBlast,Uturn,StompingTantrum,RockSlide|||M|||50|,,,,,Flying]Ninetales-Alola||LightClay|SnowWarning|Moonblast,Blizzard,AuroraVeil,Protect|||F|||50|,,,,,Water]Heatran||LifeOrb|FlashFire|EarthPower,FlashCannon,HeatWave,Protect|||F|||50|,,,,,Fairy]Iron Hands||AssaultVest|QuarkDrive|DrainPunch,HeavySlam,FakeOut,WildCharge||||||50|,,,,,Fire\n|showteam|p2|Moltres||RockyHelmet|FlameBody|HeatWave,AirSlash,Tailwind,Roost||||||50|,,,,,Dragon]Iron Hands||AssaultVest|QuarkDrive|DrainPunch,WildCharge,HeavySlam,FakeOut||||||50|,,,,,Fire]Urshifu||BlackGlasses|UnseenFist|Protect,WickedBlow,SuckerPunch,CloseCombat|||F|||50|,,,,,Poison]Flutter Mane||ChoiceSpecs|Protosynthesis|PowerGem,DazzlingGleam,Moonblast,ShadowBall||||||50|,,,,,Fairy]Landorus-Therian||ChoiceScarf|Intimidate|TeraBlast,StompingTantrum,Uturn,RockSlide|||M|||50|,,,,,Flying]Milotic||SitrusBerry|Competitive|Scald,IcyWind,Recover,Protect|||F|||50|,,,,,Grass\n|inactive|Battle timer is ON: inactive players will automatically lose when time's up. (requested by StonerSomeone)\n|\n|t:|1700604432\n|start\n|switch|p1a: Baxcalibur|Baxcalibur, L50, M|100\/100\n|switch|p1b: Ninetales|Ninetales-Alola, L50, F|100\/100\n|switch|p2a: Flutter Mane|Flutter Mane, L50|100\/100\n|switch|p2b: Landorus|Landorus-Therian, L50, M|100\/100\n|-ability|p2b: Landorus|Intimidate|boost\n|-unboost|p1a: Baxcalibur|atk|1\n|-unboost|p1b: Ninetales|atk|1\n|-weather|Snow|[from] ability: Snow Warning|[of] p1b: Ninetales\n|turn|1\n|\n|t:|1700604454\n|-end|p2a: Flutter Mane|Protosynthesis|[silent]\n|switch|p2a: Iron Hands|Iron Hands, L50|100\/100\n|-terastallize|p1a: Baxcalibur|Poison\n|move|p1b: Ninetales|Protect|p1b: Ninetales\n|-singleturn|p1b: Ninetales|Protect\n|move|p2b: Landorus|Stomping Tantrum|p1a: Baxcalibur\n|-supereffective|p1a: Baxcalibur\n|-damage|p1a: Baxcalibur|11\/100\n|move|p1a: Baxcalibur|Icicle Spear|p2b: Landorus\n|-supereffective|p2b: Landorus\n|-damage|p2b: Landorus|63\/100\n|-supereffective|p2b: Landorus\n|-damage|p2b: Landorus|25\/100\n|-supereffective|p2b: Landorus\n|-damage|p2b: Landorus|0 fnt\n|faint|p2b: Landorus\n|-hitcount|p2: Landorus|3\n|\n|-weather|Snow|[upkeep]\n|upkeep\n|\n|t:|1700604461\n|switch|p2b: Flutter Mane|Flutter Mane, L50|100\/100\n|turn|2\n|\n|t:|1700604479\n|switch|p1b: Yasuriyamileth|Heatran, L50, F|100\/100\n|-terastallize|p2b: Flutter Mane|Fairy\n|move|p2a: Iron Hands|Fake Out|p1b: Yasuriyamileth\n|-resisted|p1b: Yasuriyamileth\n|-damage|p1b: Yasuriyamileth|94\/100\n|move|p2b: Flutter Mane|Dazzling Gleam|p1b: Yasuriyamileth|[spread] p1a,p1b\n|-resisted|p1a: Baxcalibur\n|-resisted|p1b: Yasuriyamileth\n|-damage|p1a: Baxcalibur|0 fnt\n|-damage|p1b: Yasuriyamileth|80\/100\n|faint|p1a: Baxcalibur\n|\n|-weather|Snow|[upkeep]\n|upkeep\n|inactive|boggey7 has 30 seconds left.\n|\n|t:|1700604506\n|switch|p1a: Ninetales|Ninetales-Alola, L50, F|100\/100\n|turn|3\n|\n|t:|1700604520\n|-end|p2b: Flutter Mane|Protosynthesis|[silent]\n|switch|p2b: Milotic|Milotic, L50, F|100\/100\n|move|p1a: Ninetales|Aurora Veil|p1a: Ninetales\n|-sidestart|p1: boggey7|move: Aurora Veil\n|move|p1b: Yasuriyamileth|Earth Power|p2a: Iron Hands\n|-supereffective|p2a: Iron Hands\n|-damage|p2a: Iron Hands|49\/100\n|-damage|p1b: Yasuriyamileth|71\/100|[from] item: Life Orb\n|move|p2a: Iron Hands|Drain Punch|p1b: Yasuriyamileth\n|-supereffective|p1b: Yasuriyamileth\n|-damage|p1b: Yasuriyamileth|20\/100\n|-heal|p2a: Iron Hands|70\/100|[from] drain|[of] p1b: Yasuriyamileth\n|\n|-weather|Snow|[upkeep]\n|upkeep\n|turn|4\n|inactive|boggey7 has 30 seconds left.\n|inactive|StonerSomeone has 30 seconds left.\n|inactive|boggey7 has 20 seconds left.\n|inactive|boggey7 has 15 seconds left.\n|inactive|boggey7 has 10 seconds left.\n|inactive|StonerSomeone has 20 seconds left.\n|inactive|boggey7 has 5 seconds left.\n|\n|t:|1700604575\n|move|p1a: Ninetales|Moonblast|p2a: Iron Hands\n|-supereffective|p2a: Iron Hands\n|-damage|p2a: Iron Hands|43\/100\n|move|p2b: Milotic|Icy Wind|p1b: Yasuriyamileth|[spread] p1a,p1b\n|-resisted|p1a: Ninetales\n|-resisted|p1b: Yasuriyamileth\n|-damage|p1a: Ninetales|97\/100\n|-damage|p1b: Yasuriyamileth|19\/100\n|-unboost|p1a: Ninetales|spe|1\n|-unboost|p1b: Yasuriyamileth|spe|1\n|move|p2a: Iron Hands|Heavy Slam|p1a: Ninetales\n|-supereffective|p1a: Ninetales\n|-damage|p1a: Ninetales|5\/100\n|move|p1b: Yasuriyamileth|Earth Power|p2b: Milotic\n|-damage|p2b: Milotic|69\/100\n|-damage|p1b: Yasuriyamileth|9\/100|[from] item: Life Orb\n|\n|-weather|Snow|[upkeep]\n|upkeep\n|turn|5\n|\n|t:|1700604596\n|move|p1a: Ninetales|Moonblast|p2a: Iron Hands\n|-supereffective|p2a: Iron Hands\n|-damage|p2a: Iron Hands|12\/100\n|move|p2b: Milotic|Scald|p1a: Ninetales\n|-damage|p1a: Ninetales|0 fnt\n|faint|p1a: Ninetales\n|move|p2a: Iron Hands|Drain Punch|p1b: Yasuriyamileth\n|-supereffective|p1b: Yasuriyamileth\n|-crit|p1b: Yasuriyamileth\n|-damage|p1b: Yasuriyamileth|0 fnt\n|-heal|p2a: Iron Hands|16\/100|[from] drain|[of] p1b: Yasuriyamileth\n|faint|p1b: Yasuriyamileth\n|\n|-weather|none\n|upkeep\n|-message|boggey7 forfeited.\n|\n|win|StonerSomeone\n|l|\u2606boggey7\n","uploadtime":1700604605,"views":0,"p1id":"boggey7","p2id":"stonersomeone","formatid":"gen9vgc2023regulatione","rating":0,"private":0,"password":""}