{"id":"gen9vgc2023regulatione-1990071825","p1":"Valkyrie95","p2":"bobforte22","format":"[Gen 9] VGC 2023 Regulation E","log":"|j|\u2606Valkyrie95\n|j|\u2606bobforte22\n|t:|1699921497\n|gametype|doubles\n|player|p1|Valkyrie95|biker-gen4|1072\n|player|p2|bobforte22|pilot|1167\n|teamsize|p1|6\n|teamsize|p2|6\n|gen|9\n|tier|[Gen 9] VGC 2023 Regulation E\n|rated|\n|rule|Species Clause: Limit one of each Pok\u00e9mon\n|rule|Item Clause: Limit one of each item\n|clearpoke\n|poke|p1|Skeledirge, L50, F|\n|poke|p1|Gastrodon, L50, M|\n|poke|p1|Gengar, L50, M|\n|poke|p1|Dragapult, L50, F|\n|poke|p1|Grimmsnarl, L50, M|\n|poke|p1|Talonflame, L50, M|\n|poke|p2|Chi-Yu, L50|\n|poke|p2|Jolteon, L50, M|\n|poke|p2|Iron Hands, L50|\n|poke|p2|Iron Bundle, L50|\n|poke|p2|Arcanine, L50, F|\n|poke|p2|Iron Jugulis, L50|\n|teampreview|4\n|\n|t:|1699921514\n|start\n|switch|p1a: Skeledirge|Skeledirge, L50, F|100\/100\n|switch|p1b: Gastrodon|Gastrodon, L50, M|100\/100\n|switch|p2a: Iron Hands|Iron Hands, L50|100\/100\n|switch|p2b: Iron Bundle|Iron Bundle, L50|100\/100\n|turn|1\n|inactive|Battle timer is ON: inactive players will automatically lose when time's up. (requested by bobforte22)\n|\n|t:|1699921538\n|-terastallize|p1a: Skeledirge|Fire\n|move|p1b: Gastrodon|Protect|p1b: Gastrodon\n|-singleturn|p1b: Gastrodon|Protect\n|move|p2a: Iron Hands|Fake Out|p1b: Gastrodon\n|-activate|p1b: Gastrodon|move: Protect\n|move|p2b: Iron Bundle|Freeze-Dry|p1b: Gastrodon\n|-activate|p1b: Gastrodon|move: Protect\n|move|p1a: Skeledirge|Torch Song|p2b: Iron Bundle\n|-damage|p2b: Iron Bundle|9\/100\n|-boost|p1a: Skeledirge|spa|1\n|-enditem|p1a: Skeledirge|Throat Spray\n|-boost|p1a: Skeledirge|spa|1|[from] item: Throat Spray\n|\n|upkeep\n|turn|2\n|inactive|Valkyrie95 has 30 seconds left.\n|\n|t:|1699921568\n|move|p2b: Iron Bundle|Encore|p1b: Gastrodon\n|-start|p1b: Gastrodon|Encore\n|move|p1a: Skeledirge|Hyper Voice|p2b: Iron Bundle|[spread] p2a,p2b\n|-damage|p2a: Iron Hands|77\/100\n|-damage|p2b: Iron Bundle|0 fnt\n|faint|p2b: Iron Bundle\n|-end|p2b: Iron Bundle|Quark Drive|[silent]\n|move|p2a: Iron Hands|Drain Punch|p1a: Skeledirge\n|-damage|p1a: Skeledirge|62\/100\n|-heal|p2a: Iron Hands|94\/100|[from] drain|[of] p1a: Skeledirge\n|move|p1b: Gastrodon|Protect||[still]\n|-fail|p1b: Gastrodon\n|\n|upkeep\n|\n|t:|1699921584\n|switch|p2b: Jolteon|Jolteon, L50, M|100\/100\n|turn|3\n|\n|t:|1699921597\n|switch|p1b: Grimmsnarl|Grimmsnarl, L50, M|100\/100\n|move|p2b: Jolteon|Thunderbolt|p1a: Skeledirge\n|-damage|p1a: Skeledirge|12\/100\n|-damage|p2b: Jolteon|91\/100|[from] item: Life Orb\n|move|p1a: Skeledirge|Earth Power|p2b: Jolteon\n|-supereffective|p2b: Jolteon\n|-damage|p2b: Jolteon|0 fnt\n|faint|p2b: Jolteon\n|move|p2a: Iron Hands|Drain Punch|p1a: Skeledirge\n|-damage|p1a: Skeledirge|0 fnt\n|-heal|p2a: Iron Hands|98\/100|[from] drain|[of] p1a: Skeledirge\n|faint|p1a: Skeledirge\n|\n|upkeep\n|\n|t:|1699921612\n|switch|p2b: Chi-Yu|Chi-Yu, L50|100\/100\n|switch|p1a: Dragapult|Dragapult, L50, F|100\/100\n|-ability|p2b: Chi-Yu|Beads of Ruin\n|turn|4\n|inactive|bobforte22 has 30 seconds left.\n|\n|t:|1699921637\n|-terastallize|p2b: Chi-Yu|Ghost\n|move|p1b: Grimmsnarl|Light Screen|p1b: Grimmsnarl\n|-sidestart|p1: Valkyrie95|move: Light Screen\n|move|p1a: Dragapult|Phantom Force||[still]\n|-prepare|p1a: Dragapult|Phantom Force\n|move|p2b: Chi-Yu|Dark Pulse|p1a: Dragapult|[miss]\n|-miss|p2b: Chi-Yu|p1a: Dragapult\n|move|p2a: Iron Hands|Wild Charge|p1a: Dragapult|[miss]\n|-miss|p2a: Iron Hands|p1a: Dragapult\n|\n|upkeep\n|turn|5\n|\n|t:|1699921654\n|move|p1b: Grimmsnarl|Reflect|p1b: Grimmsnarl\n|-sidestart|p1: Valkyrie95|Reflect\n|move|p1a: Dragapult|Phantom Force|p2a: Iron Hands|[from]lockedmove\n|-damage|p2a: Iron Hands|70\/100\n|move|p2b: Chi-Yu|Dark Pulse|p1a: Dragapult\n|-supereffective|p1a: Dragapult\n|-damage|p1a: Dragapult|0 fnt\n|faint|p1a: Dragapult\n|move|p2a: Iron Hands|Wild Charge|p1b: Grimmsnarl\n|-damage|p1b: Grimmsnarl|53\/100\n|-damage|p2a: Iron Hands|60\/100|[from] Recoil\n|\n|upkeep\n|\n|t:|1699921665\n|switch|p1a: Gastrodon|Gastrodon, L50, M|100\/100\n|turn|6\n|\n|t:|1699921682\n|move|p2b: Chi-Yu|Dark Pulse|p1a: Gastrodon\n|-damage|p1a: Gastrodon|61\/100\n|move|p1b: Grimmsnarl|Dazzling Gleam|p2b: Chi-Yu|[spread] p2a,p2b\n|-supereffective|p2a: Iron Hands\n|-damage|p2a: Iron Hands|35\/100\n|-damage|p2b: Chi-Yu|79\/100\n|move|p2a: Iron Hands|Drain Punch|p1a: Gastrodon\n|-damage|p1a: Gastrodon|30\/100\n|-heal|p2a: Iron Hands|49\/100|[from] drain|[of] p1a: Gastrodon\n|cant|p1a: Gastrodon|flinch\n|\n|upkeep\n|turn|7\n|\n|t:|1699921702\n|move|p2b: Chi-Yu|Dark Pulse|p1a: Gastrodon\n|-damage|p1a: Gastrodon|0 fnt\n|faint|p1a: Gastrodon\n|move|p1b: Grimmsnarl|Dazzling Gleam|p2b: Chi-Yu|[spread] p2a,p2b\n|-supereffective|p2a: Iron Hands\n|-damage|p2a: Iron Hands|22\/100\n|-damage|p2b: Chi-Yu|60\/100\n|move|p2a: Iron Hands|Drain Punch|p1b: Grimmsnarl\n|-crit|p1b: Grimmsnarl\n|-damage|p1b: Grimmsnarl|0 fnt\n|-heal|p2a: Iron Hands|44\/100|[from] drain|[of] p1b: Grimmsnarl\n|faint|p1b: Grimmsnarl\n|\n|win|bobforte22\n|raw|Valkyrie95's rating: 1072 &rarr; <strong>1057<\/strong><br \/>(-15 for losing)\n|raw|bobforte22's rating: 1167 &rarr; <strong>1185<\/strong><br \/>(+18 for winning)\n","uploadtime":1699921717,"views":13,"p1id":"valkyrie95","p2id":"bobforte22","formatid":"gen9vgc2023regulatione","rating":1057,"private":0,"password":""}