{"id":"gen9vgc2023regulatione-1994181921","p1":"PunkRockObstagoon","p2":"Daywalker13","format":"[Gen 9] VGC 2023 Regulation E","log":"|j|\u2606PunkRockObstagoon\n|j|\u2606Daywalker13\n|t:|1700416192\n|gametype|doubles\n|player|p1|PunkRockObstagoon|hilbert|1458\n|player|p2|Daywalker13|ethan|1401\n|teamsize|p1|6\n|teamsize|p2|6\n|gen|9\n|tier|[Gen 9] VGC 2023 Regulation E\n|rated|\n|rule|Species Clause: Limit one of each Pok\u00e9mon\n|rule|Item Clause: Limit one of each item\n|clearpoke\n|poke|p1|Spinarak, L50, M|\n|poke|p1|Tatsugiri-Droopy, L50, M|\n|poke|p1|Lurantis, L50, F|\n|poke|p1|Armarouge, L50, M|\n|poke|p1|Farigiraf, L50, F|\n|poke|p1|Roaring Moon, L50|\n|poke|p2|Iron Hands, L50|\n|poke|p2|Sinistcha, L50|\n|poke|p2|Ursaluna-Bloodmoon, L50, M|\n|poke|p2|Hatterene, L50, F|\n|poke|p2|Chandelure, L50, M|\n|poke|p2|Tyranitar, L50, F|\n|teampreview|4\n|inactive|Battle timer is ON: inactive players will automatically lose when time's up. (requested by PunkRockObstagoon)\n|inactive|PunkRockObstagoon has 60 seconds left.\n|inactive|PunkRockObstagoon has 30 seconds left.\n|inactive|PunkRockObstagoon has 20 seconds left.\n|\n|t:|1700416263\n|start\n|switch|p1a: Roaring Moon|Roaring Moon, L50|100\/100\n|switch|p1b: Lurantis|Lurantis, L50, F|100\/100\n|switch|p2a: Chandelure|Chandelure, L50, M|100\/100\n|switch|p2b: Ursaluna|Ursaluna-Bloodmoon, L50, M|100\/100\n|-enditem|p1a: Roaring Moon|Booster Energy\n|-activate|p1a: Roaring Moon|ability: Protosynthesis|[fromitem]\n|-start|p1a: Roaring Moon|protosynthesisspe\n|turn|1\n|\n|t:|1700416278\n|-terastallize|p2a: Chandelure|Grass\n|move|p1a: Roaring Moon|Iron Head|p2a: Chandelure\n|-damage|p2a: Chandelure|70\/100\n|move|p2b: Ursaluna|Hyper Voice|p1b: Lurantis|[spread] p1a,p1b\n|-damage|p1a: Roaring Moon|63\/100\n|-damage|p1b: Lurantis|72\/100\n|move|p1b: Lurantis|Knock Off|p2a: Chandelure\n|-damage|p2a: Chandelure|31\/100\n|-enditem|p2a: Chandelure|Room Service|[from] move: Knock Off|[of] p1b: Lurantis\n|move|p2a: Chandelure|Trick Room|p2a: Chandelure\n|-fieldstart|move: Trick Room|[of] p2a: Chandelure\n|\n|upkeep\n|turn|2\n|inactive|PunkRockObstagoon has 30 seconds left.\n|\n|t:|1700416304\n|move|p1b: Lurantis|Superpower|p2a: Chandelure\n|-damage|p2a: Chandelure|0 fnt\n|-boost|p1b: Lurantis|atk|1\n|-boost|p1b: Lurantis|def|1\n|faint|p2a: Chandelure\n|move|p2b: Ursaluna|Blood Moon|p1a: Roaring Moon\n|-damage|p1a: Roaring Moon|0 fnt\n|faint|p1a: Roaring Moon\n|-end|p1a: Roaring Moon|Protosynthesis|[silent]\n|\n|upkeep\n|\n|t:|1700416319\n|switch|p2a: Iron Hands|Iron Hands, L50|100\/100\n|switch|p1a: Farigiraf|Farigiraf, L50, F|100\/100\n|turn|3\n|\n|t:|1700416338\n|move|p2b: Ursaluna|Protect|p2b: Ursaluna\n|-singleturn|p2b: Ursaluna|Protect\n|move|p1b: Lurantis|Superpower|p2b: Ursaluna\n|-activate|p2b: Ursaluna|move: Protect\n|move|p1a: Farigiraf|Low Kick|p2b: Ursaluna\n|-activate|p2b: Ursaluna|move: Protect\n|move|p2a: Iron Hands|Swords Dance|p2a: Iron Hands\n|-boost|p2a: Iron Hands|atk|2\n|\n|upkeep\n|turn|4\n|inactive|Daywalker13 has 30 seconds left.\n|\n|t:|1700416366\n|move|p1b: Lurantis|Leaf Blade|p2a: Iron Hands\n|-damage|p2a: Iron Hands|56\/100\n|move|p1a: Farigiraf|Psychic|p2a: Iron Hands\n|-supereffective|p2a: Iron Hands\n|-damage|p2a: Iron Hands|0 fnt\n|faint|p2a: Iron Hands\n|-end|p2a: Iron Hands|Quark Drive|[silent]\n|move|p2b: Ursaluna|Blood Moon|p1a: Farigiraf\n|-enditem|p1a: Farigiraf|Focus Sash\n|-damage|p1a: Farigiraf|1\/100\n|\n|upkeep\n|\n|t:|1700416379\n|switch|p2a: Tyranitar|Tyranitar, L50, F|100\/100\n|-weather|Sandstorm|[from] ability: Sand Stream|[of] p2a: Tyranitar\n|turn|5\n|\n|t:|1700416388\n|move|p1b: Lurantis|Superpower|p2a: Tyranitar\n|-supereffective|p2a: Tyranitar\n|-damage|p2a: Tyranitar|0 fnt\n|-boost|p1b: Lurantis|atk|1\n|-boost|p1b: Lurantis|def|1\n|faint|p2a: Tyranitar\n|move|p1a: Farigiraf|Low Kick|p2b: Ursaluna\n|-supereffective|p2b: Ursaluna\n|-damage|p2b: Ursaluna|55\/100\n|-enditem|p2b: Ursaluna|Weakness Policy\n|-boost|p2b: Ursaluna|atk|2|[from] item: Weakness Policy\n|-boost|p2b: Ursaluna|spa|2|[from] item: Weakness Policy\n|move|p2b: Ursaluna|Hyper Voice|p1a: Farigiraf|[spread] p1a,p1b\n|-damage|p1a: Farigiraf|0 fnt\n|-damage|p1b: Lurantis|10\/100\n|faint|p1a: Farigiraf\n|\n|-weather|Sandstorm|[upkeep]\n|-damage|p1b: Lurantis|4\/100|[from] Sandstorm\n|-fieldend|move: Trick Room\n|upkeep\n|\n|t:|1700416391\n|switch|p1a: Armarouge|Armarouge, L50, M|100\/100\n|turn|6\n|\n|t:|1700416409\n|-terastallize|p1b: Lurantis|Rock\n|move|p1a: Armarouge|Wide Guard|p1a: Armarouge\n|-singleturn|p1a: Armarouge|Wide Guard\n|move|p2b: Ursaluna|Hyper Voice|p1b: Lurantis|[spread] \n|-activate|p1a: Armarouge|move: Wide Guard\n|-activate|p1b: Lurantis|move: Wide Guard\n|move|p1b: Lurantis|Leaf Blade|p2b: Ursaluna\n|-supereffective|p2b: Ursaluna\n|-damage|p2b: Ursaluna|0 fnt\n|faint|p2b: Ursaluna\n|\n|win|PunkRockObstagoon\n|raw|PunkRockObstagoon's rating: 1458 &rarr; <strong>1475<\/strong><br \/>(+17 for winning)\n|raw|Daywalker13's rating: 1401 &rarr; <strong>1384<\/strong><br \/>(-17 for losing)\n","uploadtime":1700416412,"views":5,"p1id":"punkrockobstagoon","p2id":"daywalker13","formatid":"gen9vgc2023regulatione","rating":1384,"private":0,"password":""}