{"id":"gen9vgc2023regulatione-1993870436","p1":"jamahcs","p2":"MrRexx1511","format":"[Gen 9] VGC 2023 Regulation E","log":"|j|\u2606jamahcs\n|j|\u2606MrRexx1511\n|n|\u2606jamahcs|jamahcs\n|n|\u2606MrRexx1511|mrrexx1511\n|html|View the match progress at <a href=\"\/game-bestof7-gen9vgc2023regulatione-1993870435\">game-bestof7-gen9vgc2023regulatione-1993870435<\/a>\n|t:|1700367868\n|gametype|doubles\n|player|p1|jamahcs|102|\n|player|p2|MrRexx1511|pokemonrangerf-gen4|\n|teamsize|p1|6\n|teamsize|p2|6\n|gen|9\n|tier|[Gen 9] VGC 2023 Regulation E\n|rule|Species Clause: Limit one of each Pok\u00e9mon\n|rule|Item Clause: Limit one of each item\n|clearpoke\n|poke|p1|Tornadus, L50, M|\n|poke|p1|Urshifu-*, L50, M|\n|poke|p1|Heatran, L50, F|\n|poke|p1|Iron Hands, L50|\n|poke|p1|Landorus-Therian, L50, M|\n|poke|p1|Flutter Mane, L50|\n|poke|p2|Ursaluna-Bloodmoon, L50, M|\n|poke|p2|Gothitelle, L50, M|\n|poke|p2|Flutter Mane, L50|\n|poke|p2|Iron Hands, L50|\n|poke|p2|Landorus-Therian, L50, M|\n|poke|p2|Urshifu-*, L50, M|\n|teampreview|4\nMrRexx1511 has agreed to open team sheets.\njamahcs has agreed to open team sheets.\n|showteam|p1|Tornadus||SitrusBerry|Prankster|Tailwind,Protect,BleakwindStorm,Leer|||M|||50|,,,,,Ghost]Urshifu-Rapid-Strike||MysticWater|UnseenFist|SurgingStrikes,CloseCombat,Detect,AquaJet|||M|||50|,,,,,Water]Heatran||LifeOrb|FlashFire|HeatWave,EarthPower,FlashCannon,Protect|||F|||50|,,,,,Fairy]Iron Hands||AssaultVest|QuarkDrive|FakeOut,WildCharge,DrainPunch,HeavySlam||||||50|,,,,,Water]Landorus-Therian||ChoiceScarf|Intimidate|StompingTantrum,TeraBlast,RockSlide,Uturn|||M|||50|,,,,,Flying]Flutter Mane||ChoiceSpecs|Protosynthesis|Moonblast,ShadowBall,DazzlingGleam,MistyTerrain||||||50|,,,,,Fairy\n|showteam|p2|Ursaluna-Bloodmoon||LifeOrb|MindsEye|BloodMoon,HyperVoice,EarthPower,Protect|||M|||50|,,,,,Normal]Gothitelle||SitrusBerry|ShadowTag|FakeOut,Psychic,TrickRoom,Protect|||M|||50|,,,,,Fairy]Flutter Mane||ChoiceSpecs|Protosynthesis|Moonblast,ShadowBall,DazzlingGleam,PerishSong||||||50|,,,,,Fairy]Iron Hands||AssaultVest|QuarkDrive|FakeOut,WildCharge,DrainPunch,VoltSwitch||||||50|,,,,,Grass]Landorus-Therian||ChoiceScarf|Intimidate|StompingTantrum,RockSlide,TeraBlast,Uturn|||M|||50|,,,,,Flying]Urshifu-Rapid-Strike||MysticWater|UnseenFist|SurgingStrikes,CloseCombat,Protect,AquaJet|||M|||50|,,,,,Water\n|inactive|Battle timer is ON: inactive players will automatically lose when time's up. (requested by MrRexx1511)\n|\n|t:|1700367914\n|start\n|switch|p1a: Landorus|Landorus-Therian, L50, M|100\/100\n|switch|p1b: Urshifu|Urshifu-Rapid-Strike, L50, M|100\/100\n|switch|p2a: Gothitelle|Gothitelle, L50, M, shiny|100\/100\n|switch|p2b: Flutter Mane|Flutter Mane, L50|100\/100\n|-ability|p1a: Landorus|Intimidate|boost\n|-unboost|p2a: Gothitelle|atk|1\n|-unboost|p2b: Flutter Mane|atk|1\n|turn|1\n|inactive|MrRexx1511 has 30 seconds left.\n|\n|t:|1700367945\n|-terastallize|p2b: Flutter Mane|Fairy\n|-terastallize|p1b: Urshifu|Water\n|move|p2a: Gothitelle|Fake Out|p1b: Urshifu\n|-damage|p1b: Urshifu|97\/100\n|move|p1a: Landorus|U-turn|p2a: Gothitelle\n|-supereffective|p2a: Gothitelle\n|-damage|p2a: Gothitelle|58\/100\n|\n|t:|1700367953\n|switch|p1a: Tornadus|Tornadus, L50, M|100\/100|[from] U-turn\n|move|p2b: Flutter Mane|Perish Song|p2b: Flutter Mane\n|-start|p1a: Tornadus|perish3|[silent]\n|-start|p1b: Urshifu|perish3|[silent]\n|-start|p2a: Gothitelle|perish3|[silent]\n|-start|p2b: Flutter Mane|perish3|[silent]\n|-fieldactivate|move: Perish Song\n|cant|p1b: Urshifu|flinch\n|\n|-start|p2b: Flutter Mane|perish3\n|-start|p1a: Tornadus|perish3\n|-start|p1b: Urshifu|perish3\n|-start|p2a: Gothitelle|perish3\n|upkeep\n|turn|2\n|inactive|MrRexx1511 has 30 seconds left.\n|\n|t:|1700367978\n|-end|p2b: Flutter Mane|Protosynthesis|[silent]\n|switch|p2b: Iron Hands|Iron Hands, L50|100\/100\n|move|p1a: Tornadus|Leer|p2a: Gothitelle|[spread] p2a,p2b\n|-unboost|p2a: Gothitelle|def|1\n|-unboost|p2b: Iron Hands|def|1\n|move|p1b: Urshifu|Surging Strikes|p2a: Gothitelle\n|-crit|p2a: Gothitelle\n|-damage|p2a: Gothitelle|22\/100\n|-enditem|p2a: Gothitelle|Sitrus Berry|[eat]\n|-heal|p2a: Gothitelle|46\/100|[from] item: Sitrus Berry\n|-crit|p2a: Gothitelle\n|-damage|p2a: Gothitelle|5\/100\n|-crit|p2a: Gothitelle\n|-damage|p2a: Gothitelle|0 fnt\n|faint|p2a: Gothitelle\n|-hitcount|p2: Gothitelle|3\n|\n|-start|p1a: Tornadus|perish2\n|-start|p1b: Urshifu|perish2\n|upkeep\n|\n|t:|1700367999\n|switch|p2a: Landorus|Landorus-Therian, L50, M|100\/100\n|-ability|p2a: Landorus|Intimidate|boost\n|-unboost|p1a: Tornadus|atk|1\n|-unboost|p1b: Urshifu|atk|1\n|turn|3\n|\n|t:|1700368021\n|switch|p1b: Landorus|Landorus-Therian, L50, M|100\/100\n|-ability|p1b: Landorus|Intimidate|boost\n|-unboost|p2a: Landorus|atk|1\n|-unboost|p2b: Iron Hands|atk|1\n|move|p1a: Tornadus|Leer|p2a: Landorus|[spread] p2a,p2b\n|-unboost|p2a: Landorus|def|1\n|-unboost|p2b: Iron Hands|def|1\n|move|p2a: Landorus|Rock Slide|p1b: Landorus|[spread] p1a,p1b\n|-supereffective|p1a: Tornadus\n|-damage|p1a: Tornadus|71\/100\n|-damage|p1b: Landorus|84\/100\n|move|p2b: Iron Hands|Wild Charge|p1b: Landorus\n|-immune|p1b: Landorus\n|\n|-start|p1a: Tornadus|perish1\n|upkeep\n|turn|4\n|inactive|jamahcs has 30 seconds left.\n|\n|t:|1700368049\n|switch|p1a: Iron Hands|Iron Hands, L50|100\/100\n|move|p1b: Landorus|Stomping Tantrum|p2b: Iron Hands\n|-supereffective|p2b: Iron Hands\n|-damage|p2b: Iron Hands|0 fnt\n|faint|p2b: Iron Hands\n|-end|p2b: Iron Hands|Quark Drive|[silent]\n|move|p2a: Landorus|Rock Slide|p1a: Iron Hands|[spread] p1a,p1b\n|-resisted|p1a: Iron Hands\n|-damage|p1a: Iron Hands|96\/100\n|-damage|p1b: Landorus|70\/100\n|\n|upkeep\n|\n|t:|1700368058\n|switch|p2b: Flutter Mane|Flutter Mane, L50, tera:Fairy|100\/100\n|turn|5\n|inactive|jamahcs has 30 seconds left.\n|\n|t:|1700368088\n|move|p1a: Iron Hands|Fake Out|p2b: Flutter Mane\n|-crit|p2b: Flutter Mane\n|-damage|p2b: Flutter Mane|62\/100\n|move|p1b: Landorus|Stomping Tantrum|p2b: Flutter Mane\n|-damage|p2b: Flutter Mane|0 fnt\n|faint|p2b: Flutter Mane\n|-end|p2b: Flutter Mane|Protosynthesis|[silent]\n|move|p2a: Landorus|Rock Slide|p1a: Iron Hands|[spread] p1a,p1b\n|-resisted|p1a: Iron Hands\n|-damage|p1a: Iron Hands|91\/100\n|-damage|p1b: Landorus|55\/100\n|\n|upkeep\n|turn|6\n|inactive|jamahcs has 30 seconds left.\n|\n|t:|1700368122\n|switch|p1b: Urshifu|Urshifu-Rapid-Strike, L50, M, tera:Water|97\/100\n|move|p2a: Landorus|Rock Slide|p1a: Iron Hands|[spread] p1a,p1b\n|-resisted|p1a: Iron Hands\n|-damage|p1a: Iron Hands|86\/100\n|-damage|p1b: Urshifu|85\/100\n|move|p1a: Iron Hands|Drain Punch|p2a: Landorus\n|-resisted|p2a: Landorus\n|-damage|p2a: Landorus|65\/100\n|-heal|p1a: Iron Hands|99\/100|[from] drain|[of] p2a: Landorus\n|\n|upkeep\n|turn|7\n|\n|t:|1700368144\n|move|p1b: Urshifu|Aqua Jet|p2a: Landorus\n|-supereffective|p2a: Landorus\n|-damage|p2a: Landorus|0 fnt\n|faint|p2a: Landorus\n|\n|win|jamahcs\n|c|&|\/uhtml prompt-mrrexx1511,MrRexx1511 is ready for game 2!\n|c|&|\/uhtml prompt-jamahcs,jamahcs is ready for game 2!\nBoth players are ready! Starting next match!\n","uploadtime":1700368992,"views":22,"p1id":"jamahcs","p2id":"mrrexx1511","formatid":"gen9vgc2023regulatione","rating":0,"private":0,"password":""}