{"id":"gen9vgc2023regulatione-1989929328","p1":"JaySwifty25","p2":"biscotti_nl","format":"[Gen 9] VGC 2023 Regulation E","log":"|j|\u2606JaySwifty25\n|j|\u2606biscotti_nl\n|t:|1699907606\n|gametype|doubles\n|player|p1|JaySwifty25|hilda-wonderlauncher|1190\n|player|p2|biscotti_nl|youngn|1267\n|teamsize|p1|6\n|teamsize|p2|6\n|gen|9\n|tier|[Gen 9] VGC 2023 Regulation E\n|rated|\n|rule|Species Clause: Limit one of each Pok\u00e9mon\n|rule|Item Clause: Limit one of each item\n|clearpoke\n|poke|p1|Tornadus, L50, M|\n|poke|p1|Ogerpon-Wellspring, L50, F|\n|poke|p1|Urshifu-*, L50, F|\n|poke|p1|Tatsugiri, L50, F|\n|poke|p1|Dondozo, L50, M|\n|poke|p1|Regieleki, L50|\n|poke|p2|Dusclops, L50, M|\n|poke|p2|Chi-Yu, L50|\n|poke|p2|Flutter Mane, L50|\n|poke|p2|Ursaluna-Bloodmoon, L50, M|\n|poke|p2|Ogerpon-Wellspring, L50, F|\n|poke|p2|Iron Hands, L50|\n|teampreview|4\n|inactive|Battle timer is ON: inactive players will automatically lose when time's up. (requested by biscotti_nl)\n|c|\u2606biscotti_nl|Bonbozo\n|\n|t:|1699907634\n|start\n|switch|p1a: Tornadus|Tornadus, L50, M|100\/100\n|switch|p1b: Urshifu|Urshifu-Rapid-Strike, L50, F|100\/100\n|switch|p2a: Dusclops|Dusclops, L50, M, shiny|100\/100\n|switch|p2b: Ogerpon|Ogerpon-Wellspring, L50, F|100\/100\n|-ability|p2a: Dusclops|Pressure\n|turn|1\n|\n|t:|1699907655\n|move|p2b: Ogerpon|Follow Me|p2b: Ogerpon\n|-singleturn|p2b: Ogerpon|move: Follow Me\n|move|p1a: Tornadus|Rain Dance|p1a: Tornadus\n|-weather|RainDance\n|move|p1b: Urshifu|Surging Strikes|p2b: Ogerpon\n|-immune|p2b: Ogerpon|[from] ability: Water Absorb\n|move|p2a: Dusclops|Trick Room|p2a: Dusclops\n|-fieldstart|move: Trick Room|[of] p2a: Dusclops\n|\n|-weather|RainDance|[upkeep]\n|upkeep\n|turn|2\n|\n|t:|1699907670\n|move|p1b: Urshifu|Detect|p1b: Urshifu\n|-singleturn|p1b: Urshifu|Protect\n|move|p2b: Ogerpon|Follow Me|p2b: Ogerpon\n|-singleturn|p2b: Ogerpon|move: Follow Me\n|move|p2a: Dusclops|Will-O-Wisp|p1b: Urshifu\n|-activate|p1b: Urshifu|move: Protect\n|move|p1a: Tornadus|Bleakwind Storm|p2a: Dusclops|[spread] p2a,p2b\n|-supereffective|p2b: Ogerpon\n|-damage|p2a: Dusclops|83\/100\n|-damage|p2b: Ogerpon|36\/100\n|\n|-weather|RainDance|[upkeep]\n|upkeep\n|turn|3\n|\n|t:|1699907683\n|move|p2b: Ogerpon|Follow Me|p2b: Ogerpon\n|-singleturn|p2b: Ogerpon|move: Follow Me\n|move|p2a: Dusclops|Will-O-Wisp|p1b: Urshifu\n|-status|p1b: Urshifu|brn\n|move|p1a: Tornadus|Bleakwind Storm|p2b: Ogerpon|[spread] p2a,p2b\n|-supereffective|p2b: Ogerpon\n|-damage|p2a: Dusclops|67\/100\n|-damage|p2b: Ogerpon|0 fnt\n|faint|p2b: Ogerpon\n|move|p1b: Urshifu|Brick Break|p2a: Dusclops\n|-immune|p2a: Dusclops\n|\n|-weather|RainDance|[upkeep]\n|-damage|p1b: Urshifu|95\/100 brn|[from] brn\n|upkeep\n|\n|t:|1699907694\n|switch|p2b: Ursaluna|Ursaluna-Bloodmoon, L50, M|100\/100\n|turn|4\n|inactive|biscotti_nl has 30 seconds left.\n|\n|t:|1699907724\n|switch|p2a: Iron Hands|Iron Hands, L50|100\/100\n|move|p2b: Ursaluna|Blood Moon|p1b: Urshifu\n|-damage|p1b: Urshifu|0 fnt\n|faint|p1b: Urshifu\n|-damage|p2b: Ursaluna|91\/100|[from] item: Life Orb\n|move|p1a: Tornadus|Bleakwind Storm|p2b: Ursaluna|[spread] p2a,p2b\n|-damage|p2a: Iron Hands|85\/100\n|-damage|p2b: Ursaluna|56\/100\n|\n|-weather|RainDance|[upkeep]\n|upkeep\n|\n|t:|1699907732\n|switch|p1b: Dondozo|Dondozo, L50, M|100\/100\n|turn|5\n|\n|t:|1699907740\n|-terastallize|p2b: Ursaluna|Normal\n|move|p1b: Dondozo|Protect|p1b: Dondozo\n|-singleturn|p1b: Dondozo|Protect\n|move|p2b: Ursaluna|Hyper Voice|p1a: Tornadus|[spread] p1a\n|-activate|p1b: Dondozo|move: Protect\n|-damage|p1a: Tornadus|46\/100\n|-damage|p2b: Ursaluna|47\/100|[from] item: Life Orb\n|move|p2a: Iron Hands|Wild Charge|p1b: Dondozo\n|-activate|p1b: Dondozo|move: Protect\n|move|p1a: Tornadus|Bleakwind Storm|p2b: Ursaluna|[spread] p2a,p2b\n|-damage|p2a: Iron Hands|70\/100\n|-damage|p2b: Ursaluna|15\/100\n|\n|-weather|none\n|-fieldend|move: Trick Room\n|upkeep\n|turn|6\n|inactive|JaySwifty25 has 30 seconds left.\n|inactive|JaySwifty25 has 20 seconds left.\n|\n|t:|1699907776\n|-terastallize|p1b: Dondozo|Grass\n|move|p2b: Ursaluna|Protect|p2b: Ursaluna\n|-singleturn|p2b: Ursaluna|Protect\n|move|p1a: Tornadus|Tailwind|p1a: Tornadus\n|-sidestart|p1: JaySwifty25|move: Tailwind\n|move|p1b: Dondozo|Order Up|p2b: Ursaluna\n|-activate|p2b: Ursaluna|move: Protect\n|move|p2a: Iron Hands|Wild Charge|p1a: Tornadus\n|-supereffective|p1a: Tornadus\n|-damage|p1a: Tornadus|0 fnt\n|faint|p1a: Tornadus\n|-damage|p2a: Iron Hands|61\/100|[from] Recoil\n|\n|upkeep\n|\n|t:|1699907780\n|switch|p1a: Tatsugiri|Tatsugiri, L50, F|100\/100\n|-activate|p1a: Tatsugiri|ability: Commander|[of] p1b: Dondozo\n|-boost|p1b: Dondozo|atk|2\n|-boost|p1b: Dondozo|spa|2\n|-boost|p1b: Dondozo|spe|2\n|-boost|p1b: Dondozo|def|2\n|-boost|p1b: Dondozo|spd|2\n|turn|7\n|\n|t:|1699907794\n|switch|p2b: Dusclops|Dusclops, L50, M, shiny|67\/100\n|-ability|p2b: Dusclops|Pressure\n|move|p1b: Dondozo|Order Up|p2b: Dusclops\n|-damage|p2b: Dusclops|44\/100\n|-boost|p1b: Dondozo|atk|1\n|move|p2a: Iron Hands|Drain Punch|p1b: Dondozo\n|-damage|p1b: Dondozo|91\/100\n|-heal|p2a: Iron Hands|66\/100|[from] drain|[of] p1b: Dondozo\n|\n|-heal|p1b: Dondozo|97\/100|[from] item: Leftovers\n|upkeep\n|turn|8\n|\n|t:|1699907809\n|-end|p2a: Iron Hands|Quark Drive|[silent]\n|switch|p2a: Ursaluna|Ursaluna-Bloodmoon, L50, M, tera:Normal|15\/100\n|move|p1b: Dondozo|Wave Crash|p2b: Dusclops\n|-damage|p2b: Dusclops|0 fnt\n|faint|p2b: Dusclops\n|-damage|p1b: Dondozo|89\/100|[from] Recoil\n|\n|-heal|p1b: Dondozo|95\/100|[from] item: Leftovers\n|upkeep\n|\n|t:|1699907814\n|switch|p2b: Iron Hands|Iron Hands, L50|66\/100\n|turn|9\n|\n|t:|1699907830\n|move|p1b: Dondozo|Protect|p1b: Dondozo\n|-singleturn|p1b: Dondozo|Protect\n|move|p2b: Iron Hands|Fake Out|p1b: Dondozo\n|-activate|p1b: Dondozo|move: Protect\n|move|p2a: Ursaluna|Blood Moon|p1b: Dondozo\n|-activate|p1b: Dondozo|move: Protect\n|\n|-heal|p1b: Dondozo|100\/100|[from] item: Leftovers\n|-sideend|p1: JaySwifty25|move: Tailwind\n|upkeep\n|turn|10\n|-message|biscotti_nl forfeited.\n|\n|win|JaySwifty25\n|raw|JaySwifty25's rating: 1190 &rarr; <strong>1220<\/strong><br \/>(+30 for winning)\n|raw|biscotti_nl's rating: 1267 &rarr; <strong>1237<\/strong><br \/>(-30 for losing)\n|l|\u2606biscotti_nl\n|c|\u2606JaySwifty25|gg bozo\n","uploadtime":1699907846,"views":8,"p1id":"jayswifty25","p2id":"biscottinl","formatid":"gen9vgc2023regulatione","rating":1220,"private":0,"password":""}