{"id":"gen9vgc2023regulatione-1991691526","p1":"WillieDangerously","p2":"DizzyAsh93","format":"[Gen 9] VGC 2023 Regulation E","log":"|j|\u2606WillieDangerously\n|j|\u2606DizzyAsh93\n|t:|1700103203\n|gametype|doubles\n|player|p1|WillieDangerously|101|1188\n|player|p2|DizzyAsh93|pokekid|1119\n|teamsize|p1|6\n|teamsize|p2|6\n|gen|9\n|tier|[Gen 9] VGC 2023 Regulation E\n|rated|\n|rule|Species Clause: Limit one of each Pok\u00e9mon\n|rule|Item Clause: Limit one of each item\n|clearpoke\n|poke|p1|Iron Hands, L50|\n|poke|p1|Iron Bundle, L50|\n|poke|p1|Sinistcha, L50|\n|poke|p1|Landorus-Therian, L50, M|\n|poke|p1|Heatran, L50, M|\n|poke|p1|Ninetales-Alola, L50, M|\n|poke|p2|Gholdengo, L50|\n|poke|p2|Iron Hands, L50|\n|poke|p2|Amoonguss, L50, M|\n|poke|p2|Iron Bundle, L50|\n|poke|p2|Pelipper, L50, F|\n|poke|p2|Salamence, L50, M|\n|teampreview|4\n|\n|t:|1700103268\n|start\n|switch|p1a: Iron Bundle|Iron Bundle, L50|100\/100\n|switch|p1b: Heatran|Heatran, L50, M|100\/100\n|switch|p2a: Salamence|Salamence, L50, M|100\/100\n|switch|p2b: Iron Hands|Iron Hands, L50|100\/100\n|-ability|p2a: Salamence|Intimidate|boost\n|-unboost|p1a: Iron Bundle|atk|1\n|-unboost|p1b: Heatran|atk|1\n|-enditem|p1a: Iron Bundle|Booster Energy\n|-activate|p1a: Iron Bundle|ability: Quark Drive|[fromitem]\n|-start|p1a: Iron Bundle|quarkdrivespe\n|turn|1\n|\n|t:|1700103312\n|switch|p2a: Iron Bundle|Iron Bundle, L50|100\/100\n|-enditem|p2a: Iron Bundle|Booster Energy\n|-activate|p2a: Iron Bundle|ability: Quark Drive|[fromitem]\n|-start|p2a: Iron Bundle|quarkdrivespe\n|move|p1a: Iron Bundle|Protect|p1a: Iron Bundle\n|-singleturn|p1a: Iron Bundle|Protect\n|move|p2b: Iron Hands|Fake Out|p1a: Iron Bundle\n|-activate|p1a: Iron Bundle|move: Protect\n|move|p1b: Heatran|Heat Wave|p2a: Iron Bundle|[spread] p2a,p2b\n|-damage|p2a: Iron Bundle|43\/100\n|-damage|p2b: Iron Hands|80\/100\n|\n|upkeep\n|turn|2\n|\n|t:|1700103367\n|move|p1a: Iron Bundle|Icy Wind|p2a: Iron Bundle|[spread] p2a,p2b\n|-resisted|p2a: Iron Bundle\n|-damage|p2a: Iron Bundle|35\/100\n|-damage|p2b: Iron Hands|70\/100\n|-unboost|p2a: Iron Bundle|spe|1\n|-unboost|p2b: Iron Hands|spe|1\n|move|p2a: Iron Bundle|Hydro Pump|p1b: Heatran\n|-supereffective|p1b: Heatran\n|-damage|p1b: Heatran|23\/100\n|move|p1b: Heatran|Heat Wave|p2a: Iron Bundle|[spread] p2a,p2b\n|-crit|p2b: Iron Hands\n|-damage|p2a: Iron Bundle|0 fnt\n|-damage|p2b: Iron Hands|35\/100\n|faint|p2a: Iron Bundle\n|-end|p2a: Iron Bundle|Quark Drive|[silent]\n|move|p2b: Iron Hands|Heavy Slam|p1a: Iron Bundle\n|-damage|p1a: Iron Bundle|45\/100\n|\n|-heal|p1b: Heatran|29\/100|[from] item: Leftovers\n|upkeep\n|\n|t:|1700103391\n|switch|p2a: Gholdengo|Gholdengo, L50|100\/100\n|turn|3\n|\n|t:|1700103410\n|-terastallize|p2a: Gholdengo|Dragon\n|move|p1b: Heatran|Protect|p1b: Heatran\n|-singleturn|p1b: Heatran|Protect\n|move|p1a: Iron Bundle|Icy Wind|p2b: Iron Hands|[spread] p2a,p2b\n|-supereffective|p2a: Gholdengo\n|-damage|p2a: Gholdengo|60\/100\n|-damage|p2b: Iron Hands|24\/100\n|-unboost|p2a: Gholdengo|spe|1\n|-unboost|p2b: Iron Hands|spe|1\n|move|p2a: Gholdengo|Nasty Plot|p2a: Gholdengo\n|-boost|p2a: Gholdengo|spa|2\n|move|p2b: Iron Hands|Heavy Slam|p1a: Iron Bundle\n|-damage|p1a: Iron Bundle|0 fnt\n|faint|p1a: Iron Bundle\n|-end|p1a: Iron Bundle|Quark Drive|[silent]\n|\n|-heal|p1b: Heatran|35\/100|[from] item: Leftovers\n|-heal|p2a: Gholdengo|66\/100|[from] item: Leftovers\n|upkeep\n|\n|t:|1700103424\n|switch|p1a: Sinistcha|Sinistcha, L50|100\/100\n|-heal|p1b: Heatran|60\/100|[from] ability: Hospitality|[of] p1a: Sinistcha\n|turn|4\n|\n|t:|1700103451\n|move|p1b: Heatran|Flash Cannon|p2a: Gholdengo\n|-damage|p2a: Gholdengo|14\/100\n|move|p2a: Gholdengo|Shadow Ball|p1a: Sinistcha\n|-supereffective|p1a: Sinistcha\n|-damage|p1a: Sinistcha|0 fnt\n|faint|p1a: Sinistcha\n|move|p2b: Iron Hands|Drain Punch|p1b: Heatran\n|-supereffective|p1b: Heatran\n|-damage|p1b: Heatran|0 fnt\n|-heal|p2b: Iron Hands|48\/100|[from] drain|[of] p1b: Heatran\n|faint|p1b: Heatran\n|\n|-heal|p2a: Gholdengo|20\/100|[from] item: Leftovers\n|upkeep\n|\n|t:|1700103461\n|switch|p1b: Ninetales|Ninetales-Alola, L50, M|100\/100\n|-weather|Snow|[from] ability: Snow Warning|[of] p1b: Ninetales\n|turn|5\n|\n|t:|1700103483\n|move|p2a: Gholdengo|Protect|p2a: Gholdengo\n|-singleturn|p2a: Gholdengo|Protect\n|move|p1b: Ninetales|Blizzard|p2a: Gholdengo|[spread] p2b\n|-activate|p2a: Gholdengo|move: Protect\n|-damage|p2b: Iron Hands|34\/100\n|move|p2b: Iron Hands|Heavy Slam|p1b: Ninetales\n|-supereffective|p1b: Ninetales\n|-damage|p1b: Ninetales|0 fnt\n|faint|p1b: Ninetales\n|\n|win|DizzyAsh93\n|raw|WillieDangerously's rating: 1188 &rarr; <strong>1158<\/strong><br \/>(-30 for losing)\n|raw|DizzyAsh93's rating: 1119 &rarr; <strong>1149<\/strong><br \/>(+30 for winning)\n","uploadtime":1700103490,"views":15,"p1id":"williedangerously","p2id":"dizzyash93","formatid":"gen9vgc2023regulatione","rating":1149,"private":0,"password":""}