{"id":"gen9vgc2023regulatione-1998286786","p1":"IMPLAYINGFROMWORK","p2":"haoke","format":"[Gen 9] VGC 2023 Regulation E","log":"|j|\u203dIMPLAYINGFROMWORK\n|j|\u2606haoke\n|t:|1700924892\n|gametype|doubles\n|player|p1|IMPLAYINGFROMWORK|worker-gen4|1060\n|player|p2|haoke|dawn|1084\n|teamsize|p1|6\n|teamsize|p2|6\n|gen|9\n|tier|[Gen 9] VGC 2023 Regulation E\n|rated|\n|rule|Species Clause: Limit one of each Pok\u00e9mon\n|rule|Item Clause: Limit one of each item\n|clearpoke\n|poke|p1|Dudunsparce-*, L50, M|\n|poke|p1|Ursaluna-Bloodmoon, L50, M|\n|poke|p1|Urshifu-*, L50, F|\n|poke|p1|Flutter Mane, L50|\n|poke|p1|Tornadus, L50, M|\n|poke|p1|Iron Bundle, L50|\n|poke|p2|Magnezone, L50|\n|poke|p2|Rillaboom, L50, M|\n|poke|p2|Urshifu-*, L50, F|\n|poke|p2|Tornadus, L50, M|\n|poke|p2|Flutter Mane, L50|\n|poke|p2|Sinistcha, L50|\n|teampreview|4\nhaoke rejected open team sheets.\n|inactive|Battle timer is ON: inactive players will automatically lose when time's up. (requested by IMPLAYINGFROMWORK)\n|inactive|haoke has 60 seconds left.\n|inactive|haoke has 30 seconds left.\n|inactive|haoke has 20 seconds left.\n|inactive|haoke has 15 seconds left.\n|inactive|haoke has 10 seconds left.\n|inactive|haoke has 5 seconds left.\n|\n|t:|1700925022\n|start\n|switch|p1a: Iron Bundle|Iron Bundle, L50|100\/100\n|switch|p1b: Dudunsparce|Dudunsparce, L50, M|100\/100\n|switch|p2a: Magnezone|Magnezone, L50, shiny|100\/100\n|switch|p2b: Rillaboom|Rillaboom, L50, M|100\/100\n|-fieldstart|move: Grassy Terrain|[from] ability: Grassy Surge|[of] p2b: Rillaboom\n|turn|1\n|inactive|haoke has 30 seconds left.\n|inactive|haoke has 20 seconds left.\n|inactive|haoke has 15 seconds left.\n|inactive|haoke has 10 seconds left.\n|inactive|haoke has 5 seconds left.\n|\n|t:|1700925077\n|-terastallize|p1a: Iron Bundle|Ice\n|move|p2b: Rillaboom|Fake Out|p1a: Iron Bundle\n|-damage|p1a: Iron Bundle|84\/100\n|cant|p1a: Iron Bundle|flinch\n|move|p2a: Magnezone|Thunder|p1b: Dudunsparce|[miss]\n|-miss|p2a: Magnezone|p1b: Dudunsparce\n|move|p1b: Dudunsparce|Rock Slide|p2b: Rillaboom|[spread] p2a,p2b\n|-resisted|p2a: Magnezone\n|-damage|p2a: Magnezone|94\/100\n|-damage|p2b: Rillaboom|89\/100\n|\n|-heal|p1a: Iron Bundle|90\/100|[from] Grassy Terrain\n|-heal|p2b: Rillaboom|95\/100|[from] Grassy Terrain\n|-heal|p2a: Magnezone|99\/100|[from] Grassy Terrain\n|upkeep\n|turn|2\n|inactive|IMPLAYINGFROMWORK has 30 seconds left.\n|inactive|IMPLAYINGFROMWORK has 20 seconds left.\n|\n|t:|1700925112\n|-terastallize|p2b: Rillaboom|Fire\n|move|p1a: Iron Bundle|Icy Wind|p2b: Rillaboom|[spread] p2a,p2b\n|-resisted|p2a: Magnezone\n|-resisted|p2b: Rillaboom\n|-damage|p2a: Magnezone|70\/100\n|-damage|p2b: Rillaboom|77\/100\n|-unboost|p2a: Magnezone|spe|1\n|-unboost|p2b: Rillaboom|spe|1\n|move|p1b: Dudunsparce|Glare|p2b: Rillaboom\n|-status|p2b: Rillaboom|par\n|move|p2a: Magnezone|Thunder|p1b: Dudunsparce\n|-damage|p1b: Dudunsparce|31\/100\n|cant|p2b: Rillaboom|par\n|\n|-heal|p1a: Iron Bundle|96\/100|[from] Grassy Terrain\n|-heal|p1b: Dudunsparce|37\/100|[from] Grassy Terrain\n|-heal|p2a: Magnezone|76\/100|[from] Grassy Terrain\n|-heal|p2b: Rillaboom|83\/100 par|[from] Grassy Terrain\n|upkeep\n|turn|3\n|\n|t:|1700925135\n|switch|p2b: Tornadus|Tornadus, L50, M|100\/100\n|move|p1a: Iron Bundle|Icy Wind|p2a: Magnezone|[spread] p2a,p2b\n|-resisted|p2a: Magnezone\n|-supereffective|p2b: Tornadus\n|-damage|p2a: Magnezone|48\/100\n|-damage|p2b: Tornadus|4\/100\n|-unboost|p2a: Magnezone|spe|1\n|move|p1b: Dudunsparce|Rock Slide|p2b: Tornadus|[spread] p2a,p2b\n|-resisted|p2a: Magnezone\n|-supereffective|p2b: Tornadus\n|-damage|p2a: Magnezone|42\/100\n|-damage|p2b: Tornadus|0 fnt\n|faint|p2b: Tornadus\n|move|p2a: Magnezone|Thunder|p1b: Dudunsparce\n|-damage|p1b: Dudunsparce|0 fnt\n|faint|p1b: Dudunsparce\n|\n|-heal|p1a: Iron Bundle|100\/100|[from] Grassy Terrain\n|-heal|p2a: Magnezone|48\/100|[from] Grassy Terrain\n|upkeep\n|\n|t:|1700925154\n|switch|p2b: Urshifu|Urshifu-Rapid-Strike, L50, F|100\/100\n|switch|p1b: Flutter Mane|Flutter Mane, L50|100\/100\n|-enditem|p1b: Flutter Mane|Booster Energy\n|-activate|p1b: Flutter Mane|ability: Protosynthesis|[fromitem]\n|-start|p1b: Flutter Mane|protosynthesisspe\n|turn|4\n|\n|t:|1700925172\n|switch|p2b: Rillaboom|Rillaboom, L50, M, tera:Fire|83\/100 par\n|move|p1b: Flutter Mane|Moonblast|p2b: Rillaboom\n|-resisted|p2b: Rillaboom\n|-damage|p2b: Rillaboom|65\/100 par\n|move|p1a: Iron Bundle|Icy Wind|p2a: Magnezone|[spread] p2a\n|-miss|p1a: Iron Bundle|p2b: Rillaboom\n|-resisted|p2a: Magnezone\n|-damage|p2a: Magnezone|19\/100\n|-unboost|p2a: Magnezone|spe|1\n|move|p2a: Magnezone|Thunder|p1b: Flutter Mane\n|-damage|p1b: Flutter Mane|0 fnt\n|faint|p1b: Flutter Mane\n|-end|p1b: Flutter Mane|Protosynthesis|[silent]\n|\n|-heal|p2b: Rillaboom|71\/100 par|[from] Grassy Terrain\n|-heal|p2a: Magnezone|25\/100|[from] Grassy Terrain\n|upkeep\n|\n|t:|1700925188\n|switch|p1b: Urshifu|Urshifu-Rapid-Strike, L50, F|100\/100\n|turn|5\n|\n|t:|1700925202\n|move|p2b: Rillaboom|Fake Out|p1b: Urshifu\n|-damage|p1b: Urshifu|86\/100\n|cant|p1b: Urshifu|flinch\n|move|p1a: Iron Bundle|Icy Wind|p2a: Magnezone|[spread] p2a,p2b\n|-resisted|p2a: Magnezone\n|-resisted|p2b: Rillaboom\n|-damage|p2a: Magnezone|0 fnt\n|-damage|p2b: Rillaboom|52\/100 par\n|-unboost|p2b: Rillaboom|spe|1\n|faint|p2a: Magnezone\n|\n|-heal|p1b: Urshifu|92\/100|[from] Grassy Terrain\n|-heal|p2b: Rillaboom|58\/100 par|[from] Grassy Terrain\n|-fieldend|move: Grassy Terrain\n|upkeep\n|\n|t:|1700925213\n|switch|p2a: Urshifu|Urshifu-Rapid-Strike, L50, F|100\/100\n|turn|6\n|\n|t:|1700925225\n|move|p2a: Urshifu|Close Combat|p1a: Iron Bundle\n|-supereffective|p1a: Iron Bundle\n|-damage|p1a: Iron Bundle|0 fnt\n|-unboost|p2a: Urshifu|def|1\n|-unboost|p2a: Urshifu|spd|1\n|faint|p1a: Iron Bundle\n|-end|p1a: Iron Bundle|Quark Drive|[silent]\n|move|p1b: Urshifu|Swords Dance|p1b: Urshifu\n|-boost|p1b: Urshifu|atk|2\n|move|p2b: Rillaboom|Wood Hammer|p1b: Urshifu\n|-supereffective|p1b: Urshifu\n|-damage|p1b: Urshifu|0 fnt\n|faint|p1b: Urshifu\n|-damage|p2b: Rillaboom|31\/100 par|[from] Recoil\n|\n|win|haoke\n|raw|IMPLAYINGFROMWORK's rating: 1060 &rarr; <strong>1042<\/strong><br \/>(-18 for losing)\n|raw|haoke's rating: 1084 &rarr; <strong>1110<\/strong><br \/>(+26 for winning)\n","uploadtime":1700925240,"views":8,"p1id":"implayingfromwork","p2id":"haoke","formatid":"gen9vgc2023regulatione","rating":1042,"private":0,"password":""}