{"id":"gen9vgc2023regulatione-1996717931","p1":"LaTomatia","p2":"ccghggj","format":"[Gen 9] VGC 2023 Regulation E","log":"|j|\u2606LaTomatia\n|j|\u2606ccghggj\n|t:|1700713914\n|gametype|doubles\n|player|p1|LaTomatia|1|1061\n|player|p2|ccghggj|dawn-gen4pt|1000\n|teamsize|p1|6\n|teamsize|p2|6\n|gen|9\n|tier|[Gen 9] VGC 2023 Regulation E\n|rated|\n|rule|Species Clause: Limit one of each Pok\u00e9mon\n|rule|Item Clause: Limit one of each item\n|clearpoke\n|poke|p1|Scream Tail, L50|\n|poke|p1|Flutter Mane, L50|\n|poke|p1|Gothitelle, L50, M|\n|poke|p1|Amoonguss, L50, F|\n|poke|p1|Palafin, L50, F|\n|poke|p1|Arcanine, L50, F|\n|poke|p2|Wo-Chien, L50|\n|poke|p2|Ting-Lu, L50|\n|poke|p2|Grimmsnarl, L50, M|\n|poke|p2|Amoonguss, L50, M|\n|poke|p2|Dusclops, L50, M|\n|poke|p2|Landorus-Therian, L50, M|\n|teampreview|4\n|inactive|Battle timer is ON: inactive players will automatically lose when time's up. (requested by ccghggj)\n|\n|t:|1700713950\n|start\n|switch|p1a: AAAAAAAAAAAA|Scream Tail, L50, shiny|100\/100\n|switch|p1b: INEEDAHERO|Palafin, L50, F|100\/100\n|switch|p2a: Dusclops|Dusclops, L50, M|100\/100\n|switch|p2b: Grimmsnarl|Grimmsnarl, L50, M|100\/100\n|-ability|p2a: Dusclops|Pressure\n|-enditem|p1a: AAAAAAAAAAAA|Booster Energy\n|-activate|p1a: AAAAAAAAAAAA|ability: Protosynthesis|[fromitem]\n|-start|p1a: AAAAAAAAAAAA|protosynthesisspe\n|turn|1\n|\n|t:|1700713973\n|detailschange|p1b: INEEDAHERO|Palafin-Hero, L50, F\n|switch|p1b: GO BIRD|Gothitelle, L50, M|100\/100\n|move|p2b: Grimmsnarl|Fake Out|p1a: AAAAAAAAAAAA\n|-damage|p1a: AAAAAAAAAAAA|91\/100\n|cant|p1a: AAAAAAAAAAAA|flinch\n|move|p2a: Dusclops|Bind|p1b: GO BIRD\n|-damage|p1b: GO BIRD|98\/100\n|-activate|p1b: GO BIRD|move: Bind|[of] p2a: Dusclops\n|\n|-damage|p1b: GO BIRD|85\/100|[from] move: Bind|[partiallytrapped]\n|upkeep\n|turn|2\n|\n|t:|1700713992\n|move|p1b: GO BIRD|Fake Out|p2b: Grimmsnarl\n|-damage|p2b: Grimmsnarl|96\/100\n|cant|p2b: Grimmsnarl|flinch\n|move|p1a: AAAAAAAAAAAA|Perish Song|p1a: AAAAAAAAAAAA\n|-start|p1a: AAAAAAAAAAAA|perish3|[silent]\n|-start|p1b: GO BIRD|perish3|[silent]\n|-start|p2a: Dusclops|perish3|[silent]\n|-start|p2b: Grimmsnarl|perish3|[silent]\n|-fieldactivate|move: Perish Song\n|move|p2a: Dusclops|Bind|p1a: AAAAAAAAAAAA\n|-damage|p1a: AAAAAAAAAAAA|89\/100\n|-activate|p1a: AAAAAAAAAAAA|move: Bind|[of] p2a: Dusclops\n|\n|-damage|p1a: AAAAAAAAAAAA|77\/100|[from] move: Bind|[partiallytrapped]\n|-damage|p1b: GO BIRD|73\/100|[from] move: Bind|[partiallytrapped]\n|-start|p1a: AAAAAAAAAAAA|perish3\n|-start|p1b: GO BIRD|perish3\n|-start|p2b: Grimmsnarl|perish3\n|-start|p2a: Dusclops|perish3\n|upkeep\n|turn|3\n|inactive|LaTomatia has 30 seconds left.\n|inactive|LaTomatia has 20 seconds left.\n|\n|t:|1700714029\n|move|p1a: AAAAAAAAAAAA|Protect|p1a: AAAAAAAAAAAA\n|-singleturn|p1a: AAAAAAAAAAAA|Protect\n|move|p1b: GO BIRD|Protect|p1b: GO BIRD\n|-singleturn|p1b: GO BIRD|Protect\n|move|p2b: Grimmsnarl|Light Screen|p2b: Grimmsnarl\n|-sidestart|p2: ccghggj|move: Light Screen\n|move|p2a: Dusclops|Will-O-Wisp|p1b: GO BIRD\n|-activate|p1b: GO BIRD|move: Protect\n|\n|-damage|p1a: AAAAAAAAAAAA|65\/100|[from] move: Bind|[partiallytrapped]\n|-damage|p1b: GO BIRD|60\/100|[from] move: Bind|[partiallytrapped]\n|-start|p1a: AAAAAAAAAAAA|perish2\n|-start|p1b: GO BIRD|perish2\n|-start|p2b: Grimmsnarl|perish2\n|-start|p2a: Dusclops|perish2\n|upkeep\n|turn|4\n|inactive|LaTomatia has 30 seconds left.\n|\n|t:|1700714055\n|move|p2b: Grimmsnarl|Reflect|p2b: Grimmsnarl\n|-sidestart|p2: ccghggj|Reflect\n|move|p1a: AAAAAAAAAAAA|Disable|p2a: Dusclops\n|-start|p2a: Dusclops|Disable|Will-O-Wisp\n|move|p1b: GO BIRD|Heal Pulse|p1a: AAAAAAAAAAAA\n|-heal|p1a: AAAAAAAAAAAA|100\/100\n|cant|p2a: Dusclops|Disable|Will-O-Wisp\n|\n|-damage|p1a: AAAAAAAAAAAA|88\/100|[from] move: Bind|[partiallytrapped]\n|-damage|p1b: GO BIRD|48\/100|[from] move: Bind|[partiallytrapped]\n|-start|p1a: AAAAAAAAAAAA|perish1\n|-start|p1b: GO BIRD|perish1\n|-start|p2b: Grimmsnarl|perish1\n|-start|p2a: Dusclops|perish1\n|upkeep\n|-enditem|p1b: GO BIRD|Sitrus Berry|[eat]\n|-heal|p1b: GO BIRD|73\/100|[from] item: Sitrus Berry\n|turn|5\n|inactive|LaTomatia has 30 seconds left.\n|\n|t:|1700714081\n|switch|p2a: Amoonguss|Amoonguss, L50, M|100\/100\n|move|p1a: AAAAAAAAAAAA|Protect|p1a: AAAAAAAAAAAA\n|-singleturn|p1a: AAAAAAAAAAAA|Protect\n|move|p1b: GO BIRD|Protect|p1b: GO BIRD\n|-singleturn|p1b: GO BIRD|Protect\n|move|p2b: Grimmsnarl|Parting Shot|p2a: Amoonguss\n|-unboost|p2a: Amoonguss|atk|1\n|-unboost|p2a: Amoonguss|spa|1\n|\n|t:|1700714092\n|switch|p2b: Dusclops|Dusclops, L50, M|100\/100|[from] Parting Shot\n|-ability|p2b: Dusclops|Pressure\n|\n|-end|p1a: AAAAAAAAAAAA|Bind|[partiallytrapped]|[silent]\n|-end|p1b: GO BIRD|Bind|[partiallytrapped]\n|-start|p1a: AAAAAAAAAAAA|perish0\n|-start|p1b: GO BIRD|perish0\n|faint|p1a: AAAAAAAAAAAA\n|-end|p1a: AAAAAAAAAAAA|Protosynthesis|[silent]\n|faint|p1b: GO BIRD\n|upkeep\n|-message|LaTomatia forfeited.\n|\n|win|ccghggj\n|raw|LaTomatia's rating: 1061 &rarr; <strong>1039<\/strong><br \/>(-22 for losing)\n|raw|ccghggj's rating: 1000 &rarr; <strong>1047<\/strong><br \/>(+47 for winning)\n|l|\u2606LaTomatia\n","uploadtime":1700714116,"views":3,"p1id":"latomatia","p2id":"ccghggj","formatid":"gen9vgc2023regulatione","rating":1039,"private":0,"password":""}