{"id":"gen9vgc2023regulatione-1989399592","p1":"Daniel1018","p2":"Reversery","format":"[Gen 9] VGC 2023 Regulation E","log":"|j|\u2606Daniel1018\n|j|\u2606Reversery\n|n|\u2606Daniel1018|daniel1018\n|n|\u2606Reversery|reversery\n|html|View the match progress at <a href=\"\/game-bestof3-gen9vgc2023regulatione-1989396328\">game-bestof3-gen9vgc2023regulatione-1989396328<\/a>\n|t:|1699845340\n|gametype|doubles\n|player|p1|Daniel1018|volo-ginkgo|\n|player|p2|Reversery|dawn-gen4pt|\n|teamsize|p1|6\n|teamsize|p2|6\n|gen|9\n|tier|[Gen 9] VGC 2023 Regulation E\n|rule|Species Clause: Limit one of each Pok\u00e9mon\n|rule|Item Clause: Limit one of each item\n|clearpoke\n|poke|p1|Ursaluna-Bloodmoon, L50, M|\n|poke|p1|Cresselia, L50, F|\n|poke|p1|Ting-Lu, L50|\n|poke|p1|Rabsca, L50, M|\n|poke|p1|Glastrier, L50|\n|poke|p1|Iron Hands, L50|\n|poke|p2|Rillaboom, L50, M|\n|poke|p2|Heatran, L50, M|\n|poke|p2|Clefairy, L50, F|\n|poke|p2|Eiscue, L50, M|\n|poke|p2|Oranguru, L50, F|\n|poke|p2|Weezing-Galar, L50, M|\n|teampreview|4\n|inactive|Battle timer is ON: inactive players will automatically lose when time's up. (requested by Daniel1018)\nReversery rejected open team sheets.\n|j| cygnusx1018\n|inactive|Daniel1018 has 60 seconds left.\n|inactive|Reversery has 60 seconds left.\n|j| SCRUMPTIOUSBREAD\n|inactive|Daniel1018 has 30 seconds left.\n|inactive|Daniel1018 has 20 seconds left.\n|inactive|Daniel1018 has 15 seconds left.\n|inactive|Daniel1018 has 10 seconds left.\n|inactive|Daniel1018 has 5 seconds left.\n|\n|t:|1699845427\n|start\n|switch|p1a: Artemis|Cresselia, L50, F, shiny|100\/100\n|switch|p1b: Colossus|Ting-Lu, L50|100\/100\n|switch|p2a: Ding Dong|Rillaboom, L50, M|100\/100\n|switch|p2b: Pillow|Clefairy, L50, F|100\/100\n|-fieldstart|move: Grassy Terrain|[from] ability: Grassy Surge|[of] p2a: Ding Dong\n|-ability|p1b: Colossus|Vessel of Ruin\n|turn|1\n|inactive|Daniel1018 has 30 seconds left.\n|inactive|Reversery has 30 seconds left.\n|inactive|Daniel1018 has 20 seconds left.\n|inactive|Daniel1018 has 15 seconds left.\n|inactive|Daniel1018 has 10 seconds left.\n|\n|t:|1699845475\n|move|p2b: Pillow|Helping Hand|p2a: Ding Dong\n|-singleturn|p2a: Ding Dong|Helping Hand|[of] p2b: Pillow\n|move|p2a: Ding Dong|Grassy Glide|p1b: Colossus\n|-supereffective|p1b: Colossus\n|-damage|p1b: Colossus|0 fnt\n|faint|p1b: Colossus\n|move|p1a: Artemis|Trick Room|p1a: Artemis\n|-fieldstart|move: Trick Room|[of] p1a: Artemis\n|\n|upkeep\n|\n|t:|1699845484\n|switch|p1b: Mor'du|Ursaluna-Bloodmoon, L50, M|100\/100\n|turn|2\n|j| supercal8003\n|inactive|Reversery has 30 seconds left.\n|\n|t:|1699845512\n|-terastallize|p1b: Mor'du|Normal\n|move|p2b: Pillow|Protect|p2b: Pillow\n|-singleturn|p2b: Pillow|Protect\n|move|p2a: Ding Dong|Grassy Glide|p1b: Mor'du\n|-damage|p1b: Mor'du|57\/100\n|move|p1b: Mor'du|Blood Moon|p2a: Ding Dong\n|-damage|p2a: Ding Dong|0 fnt\n|faint|p2a: Ding Dong\n|move|p1a: Artemis|Dazzling Gleam|p2b: Pillow\n|-activate|p2b: Pillow|move: Protect\n|\n|-heal|p1b: Mor'du|63\/100|[from] Grassy Terrain\n|-heal|p1b: Mor'du|69\/100|[from] item: Leftovers\n|upkeep\n|\n|t:|1699845526\n|switch|p2a: Club Penguin|Eiscue, L50, M|100\/100\n|turn|3\n|\n|t:|1699845548\n|move|p2b: Pillow|Follow Me|p2b: Pillow\n|-singleturn|p2b: Pillow|move: Follow Me\n|move|p1b: Mor'du|Earth Power|p2b: Pillow\n|-damage|p2b: Pillow|59\/100\n|move|p1a: Artemis|Psyshock|p2b: Pillow\n|-damage|p2b: Pillow|32\/100\n|move|p2a: Club Penguin|Substitute|p2a: Club Penguin\n|-start|p2a: Club Penguin|Substitute\n|-damage|p2a: Club Penguin|76\/100\n|\n|-heal|p2b: Pillow|38\/100|[from] Grassy Terrain\n|-heal|p1b: Mor'du|75\/100|[from] Grassy Terrain\n|-heal|p1b: Mor'du|80\/100|[from] item: Leftovers\n|-heal|p2a: Club Penguin|82\/100|[from] Grassy Terrain\n|upkeep\n|turn|4\n|\n|t:|1699845569\n|move|p2b: Pillow|Life Dew|p2b: Pillow|[spread] p2a,p2b\n|-heal|p2a: Club Penguin|100\/100\n|-heal|p2b: Pillow|63\/100\n|move|p1b: Mor'du|Calm Mind|p1b: Mor'du\n|-boost|p1b: Mor'du|spa|1\n|-boost|p1b: Mor'du|spd|1\n|move|p1a: Artemis|Dazzling Gleam|p2b: Pillow|[spread] p2a,p2b\n|-activate|p2a: Club Penguin|move: Substitute|[damage]\n|-damage|p2b: Pillow|48\/100\n|move|p2a: Club Penguin|Belly Drum|p2a: Club Penguin\n|-damage|p2a: Club Penguin|50\/100\n|-setboost|p2a: Club Penguin|atk|6|[from] move: Belly Drum\n|-enditem|p2a: Club Penguin|Sitrus Berry|[eat]\n|-heal|p2a: Club Penguin|75\/100|[from] item: Sitrus Berry\n|\n|-heal|p2b: Pillow|54\/100|[from] Grassy Terrain\n|-heal|p1b: Mor'du|86\/100|[from] Grassy Terrain\n|-heal|p1b: Mor'du|92\/100|[from] item: Leftovers\n|-heal|p2a: Club Penguin|81\/100|[from] Grassy Terrain\n|upkeep\n|turn|5\n|\n|t:|1699845592\n|move|p2b: Pillow|Helping Hand|p2a: Club Penguin\n|-singleturn|p2a: Club Penguin|Helping Hand|[of] p2b: Pillow\n|move|p1b: Mor'du|Protect|p1b: Mor'du\n|-singleturn|p1b: Mor'du|Protect\n|move|p1a: Artemis|Dazzling Gleam|p2a: Club Penguin|[spread] p2a,p2b\n|-end|p2a: Club Penguin|Substitute\n|-damage|p2b: Pillow|41\/100\n|move|p2a: Club Penguin|Ice Spinner|p1b: Mor'du\n|-activate|p1b: Mor'du|move: Protect\n|\n|-heal|p2b: Pillow|47\/100|[from] Grassy Terrain\n|-heal|p1b: Mor'du|98\/100|[from] Grassy Terrain\n|-heal|p1b: Mor'du|100\/100|[from] item: Leftovers\n|-heal|p2a: Club Penguin|87\/100|[from] Grassy Terrain\n|-fieldend|move: Trick Room\n|-fieldend|move: Grassy Terrain\n|upkeep\n|turn|6\n|inactive|Daniel1018 has 30 seconds left.\n|inactive|Reversery has 30 seconds left.\n|inactive|Daniel1018 has 20 seconds left.\n|inactive|Daniel1018 has 15 seconds left.\n|j| mabend\n|inactive|Daniel1018 has 10 seconds left.\n|inactive|Reversery has 20 seconds left.\n|\n|t:|1699845642\n|move|p2b: Pillow|Protect|p2b: Pillow\n|-singleturn|p2b: Pillow|Protect\n|move|p2a: Club Penguin|Ice Spinner|p1b: Mor'du\n|-damage|p1b: Mor'du|16\/100\n|move|p1a: Artemis|Dazzling Gleam|p2a: Club Penguin|[spread] p2a\n|-activate|p2b: Pillow|move: Protect\n|-damage|p2a: Club Penguin|70\/100\n|move|p1b: Mor'du|Blood Moon|p2a: Club Penguin\n|-damage|p2a: Club Penguin|0 fnt\n|faint|p2a: Club Penguin\n|\n|-heal|p1b: Mor'du|22\/100|[from] item: Leftovers\n|upkeep\n|\n|t:|1699845654\n|switch|p2a: Cool But Not|Heatran, L50, M|100\/100\n|turn|7\n|\n|t:|1699845675\n|move|p2b: Pillow|Helping Hand|p2a: Cool But Not\n|-singleturn|p2a: Cool But Not|Helping Hand|[of] p2b: Pillow\n|move|p1b: Mor'du|Protect|p1b: Mor'du\n|-singleturn|p1b: Mor'du|Protect\n|move|p2a: Cool But Not|Heat Wave|p1b: Mor'du|[spread] p1a\n|-activate|p1b: Mor'du|move: Protect\n|-damage|p1a: Artemis|60\/100\n|-status|p1a: Artemis|brn\n|move|p1a: Artemis|Trick Room|p1a: Artemis\n|-fieldstart|move: Trick Room|[of] p1a: Artemis\n|\n|-heal|p1b: Mor'du|28\/100|[from] item: Leftovers\n|-damage|p1a: Artemis|53\/100 brn|[from] brn\n|upkeep\n|turn|8\n|inactive|Reversery has 30 seconds left.\n|l| mabend\n|\n|t:|1699845709\n|move|p2b: Pillow|Helping Hand|p2a: Cool But Not\n|-singleturn|p2a: Cool But Not|Helping Hand|[of] p2b: Pillow\n|move|p1b: Mor'du|Earth Power|p2a: Cool But Not\n|-supereffective|p2a: Cool But Not\n|-damage|p2a: Cool But Not|0 fnt\n|faint|p2a: Cool But Not\n|move|p1a: Artemis|Lunar Blessing|p1a: Artemis|[spread] p1a,p1b\n|-heal|p1a: Artemis|78\/100 brn\n|-curestatus|p1a: Artemis|brn|[msg]\n|-heal|p1b: Mor'du|53\/100\n|\n|-heal|p1b: Mor'du|59\/100|[from] item: Leftovers\n|upkeep\n|turn|9\n|\n|t:|1699845727\n|move|p2b: Pillow|Life Dew|p2b: Pillow\n|-heal|p2b: Pillow|72\/100\n|move|p1b: Mor'du|Blood Moon|p2b: Pillow\n|-damage|p2b: Pillow|0 fnt\n|faint|p2b: Pillow\n|\n|win|Daniel1018\n|c|&|\/uhtml prompt-daniel1018,Daniel1018 is ready for game 3!\n|inactive|Reversery has 50 seconds to confirm battle start!\n|c|&|\/uhtml prompt-daniel1018,Daniel1018 is ready for game 3!\n|c|&|\/uhtml prompt-daniel1018,Daniel1018 is ready for game 3!\n|inactive|Reversery has 40 seconds to confirm battle start!\n|c|&|\/uhtml prompt-reversery,Reversery is ready for game 3!\nBoth players are ready! Starting next match!\n|j| mabend\n|l| mabend\n|l| supercal8003\n","uploadtime":1699845739,"views":41,"p1id":"daniel1018","p2id":"reversery","formatid":"gen9vgc2023regulatione","rating":0,"private":0,"password":""}