{"id":"gen9vgc2023regulatione-1988247889","p1":"Diriana","p2":"TTeTyLLloK","format":"[Gen 9] VGC 2023 Regulation E","log":"|j|\u2606Diriana\n|j|\u2606TTeTyLLloK\n|n|\u2606Diriana|diriana\n|n|\u2606TTeTyLLloK|ttetylllok\n|html|View the match progress at <a href=\"\/game-bestof3-gen9vgc2023regulatione-1988247888\">game-bestof3-gen9vgc2023regulatione-1988247888<\/a>\n|t:|1699693920\n|gametype|doubles\n|player|p1|Diriana|iris-masters|\n|player|p2|TTeTyLLloK|bruno|\n|teamsize|p1|6\n|teamsize|p2|6\n|gen|9\n|tier|[Gen 9] VGC 2023 Regulation E\n|rule|Species Clause: Limit one of each Pok\u00e9mon\n|rule|Item Clause: Limit one of each item\n|clearpoke\n|poke|p1|Flareon, L50, M|\n|poke|p1|Pikachu, L50, M|\n|poke|p1|Stonjourner, L50, M|\n|poke|p1|Sylveon, L50, F|\n|poke|p1|Umbreon, L50, F|\n|poke|p1|Vivillon-Polar, L50, F|\n|poke|p2|Scovillain, L50, M|\n|poke|p2|Espeon, L50, M|\n|poke|p2|Bronzong, L50|\n|poke|p2|Flareon, L50, F|\n|poke|p2|Eevee, L50, M|\n|poke|p2|Sylveon, L50, M|\n|teampreview|4\n|inactive|Battle timer is ON: inactive players will automatically lose when time's up. (requested by TTeTyLLloK)\nDiriana has agreed to open team sheets.\nTTeTyLLloK has agreed to open team sheets.\n|showteam|p1|Flareon||ToxicOrb|FlashFire|FlareBlitz,Facade,TeraBlast,Copycat|||M|||50|,,,,,Grass]Pikachu||LightBall|LightningRod|VoltSwitch,KnockOff,TeraBlast,Protect|||M|||50|,,,,,Ice]Stonjourner||LifeOrb|PowerSpot|RockSlide,HighHorsepower,Protect,WideGuard|||M|||50|,,,,,Rock]Sylveon||CustapBerry|Pixilate|HyperVoice,TeraBlast,HyperBeam,Detect|||F|||50|,,,,,Fire]Umbreon||Leftovers|InnerFocus|FoulPlay,Roar,Toxic,Moonlight|||F|||50|,,,,,Poison]Vivillon-Polar||FocusSash|CompoundEyes|Hurricane,PollenPuff,Tailwind,RagePowder|||F|||50|,,,,,Ghost\n|showteam|p2|Scovillain||Leftovers|Moody|Protect,Substitute,GigaDrain,Flamethrower|||M|||50|,,,,,Grass]Espeon||LightClay|MagicBounce|LightScreen,Reflect,Psychic,DazzlingGleam|||M|||50|,,,,,Psychic]Bronzong||SitrusBerry|Heatproof|HelpingHand,Protect,BodyPress,HeavySlam||||||50|,,,,,Poison]Flareon||ToxicOrb|FlashFire|Facade,FlareBlitz,QuickAttack,HelpingHand|||F|||50|,,,,,Fire]Eevee||Eviolite|Adaptability|QuickAttack,DoubleEdge,Protect,Roar|||M|||50|,,,,,Normal]Sylveon||ThroatSpray|Pixilate|TeraBlast,HyperBeam,HyperVoice,Protect|||M|||50|,,,,,Fire\n|inactive|Diriana has 30 seconds left.\n|inactive|Diriana has 20 seconds left.\n|\n|t:|1699693965\n|start\n|switch|p1a: Friend|Vivillon-Polar, L50, F, shiny|100\/100\n|switch|p1b: I am asleep|Umbreon, L50, F, shiny|100\/100\n|switch|p2a: Scovillain|Scovillain, L50, M|100\/100\n|switch|p2b: Espeon|Espeon, L50, M|100\/100\n|turn|1\n|j| Hadecat\n|\n|t:|1699693984\n|move|p2a: Scovillain|Protect|p2a: Scovillain\n|-singleturn|p2a: Scovillain|Protect\n|move|p2b: Espeon|Light Screen|p2b: Espeon\n|-sidestart|p2: TTeTyLLloK|move: Light Screen\n|move|p1a: Friend|Tailwind|p1a: Friend\n|-sidestart|p1: Diriana|move: Tailwind\n|move|p1b: I am asleep|Foul Play|p2b: Espeon\n|-supereffective|p2b: Espeon\n|-damage|p2b: Espeon|35\/100\n|\n|-ability|p2a: Scovillain|Moody|boost\n|-boost|p2a: Scovillain|spd|2\n|-unboost|p2a: Scovillain|spa|1\n|upkeep\n|turn|2\n|\n|t:|1699694003\n|move|p1a: Friend|Pollen Puff|p2b: Espeon\n|-supereffective|p2b: Espeon\n|-damage|p2b: Espeon|0 fnt\n|faint|p2b: Espeon\n|move|p2a: Scovillain|Substitute|p2a: Scovillain\n|-start|p2a: Scovillain|Substitute\n|-damage|p2a: Scovillain|75\/100\n|move|p1b: I am asleep|Roar|p2a: Scovillain\n|drag|p2a: Sylveon|Sylveon, L50, M|100\/100\n|\n|upkeep\n|\n|t:|1699694014\n|switch|p2b: Scovillain|Scovillain, L50, M|75\/100\n|turn|3\n|\n|t:|1699694030\n|move|p2b: Scovillain|Protect|p2b: Scovillain\n|-singleturn|p2b: Scovillain|Protect\n|move|p1a: Friend|Hurricane|p2b: Scovillain\n|-activate|p2b: Scovillain|move: Protect\n|move|p1b: I am asleep|Toxic|p2a: Sylveon\n|-status|p2a: Sylveon|tox\n|move|p2a: Sylveon|Hyper Voice|p1b: I am asleep|[spread] p1a,p1b\n|-supereffective|p1b: I am asleep\n|-damage|p1a: Friend|13\/100\n|-damage|p1b: I am asleep|46\/100\n|-enditem|p2a: Sylveon|Throat Spray\n|-boost|p2a: Sylveon|spa|1|[from] item: Throat Spray\n|\n|-heal|p1b: I am asleep|52\/100|[from] item: Leftovers\n|-heal|p2b: Scovillain|81\/100|[from] item: Leftovers\n|-damage|p2a: Sylveon|95\/100 tox|[from] psn\n|-ability|p2b: Scovillain|Moody|boost\n|-boost|p2b: Scovillain|spd|2\n|-unboost|p2b: Scovillain|atk|1\n|upkeep\n|turn|4\n|inactive|Diriana has 30 seconds left.\n|\n|t:|1699694060\n|move|p1a: Friend|Pollen Puff|p1b: I am asleep\n|-heal|p1b: I am asleep|100\/100\n|move|p1b: I am asleep|Toxic|p2b: Scovillain\n|-status|p2b: Scovillain|tox\n|move|p2b: Scovillain|Substitute|p2b: Scovillain\n|-start|p2b: Scovillain|Substitute\n|-damage|p2b: Scovillain|56\/100 tox\n|move|p2a: Sylveon|Hyper Voice|p1a: Friend|[spread] p1a,p1b\n|-supereffective|p1b: I am asleep\n|-crit|p1b: I am asleep\n|-damage|p1a: Friend|0 fnt\n|-damage|p1b: I am asleep|0 fnt\n|faint|p1a: Friend\n|faint|p1b: I am asleep\n|\n|-heal|p2b: Scovillain|62\/100 tox|[from] item: Leftovers\n|-damage|p2b: Scovillain|56\/100 tox|[from] psn\n|-damage|p2a: Sylveon|83\/100 tox|[from] psn\n|-sideend|p1: Diriana|move: Tailwind\n|-ability|p2b: Scovillain|Moody|boost\n|-boost|p2b: Scovillain|spd|2\n|-unboost|p2b: Scovillain|atk|1\n|upkeep\n|\n|t:|1699694084\n|switch|p1a: The Answer|Stonjourner, L50, M|100\/100\n|switch|p1b: Ribbon|Sylveon, L50, F, shiny|100\/100\n|turn|5\n|\n|t:|1699694105\n|-terastallize|p1b: Ribbon|Fire\n|move|p1a: The Answer|Protect|p1a: The Answer\n|-singleturn|p1a: The Answer|Protect\n|move|p2b: Scovillain|Giga Drain|p1b: Ribbon\n|-resisted|p1b: Ribbon\n|-damage|p1b: Ribbon|87\/100\n|-heal|p2b: Scovillain|64\/100 tox|[from] drain|[of] p1b: Ribbon\n|move|p1b: Ribbon|Hyper Voice|p2b: Scovillain|[spread] p2a,p2b\n|-resisted|p2b: Scovillain\n|-damage|p2a: Sylveon|58\/100 tox\n|-damage|p2b: Scovillain|55\/100 tox\n|move|p2a: Sylveon|Hyper Beam|p1a: The Answer\n|-activate|p1a: The Answer|move: Protect\n|\n|-heal|p2b: Scovillain|61\/100 tox|[from] item: Leftovers\n|-damage|p2b: Scovillain|49\/100 tox|[from] psn\n|-damage|p2a: Sylveon|40\/100 tox|[from] psn\n|-ability|p2b: Scovillain|Moody|boost\n|-boost|p2b: Scovillain|spe|2\n|-unboost|p2b: Scovillain|spd|1\n|upkeep\n|turn|6\n|inactive|Diriana has 30 seconds left.\n|inactive|TTeTyLLloK has 30 seconds left.\n|\n|t:|1699694133\n|move|p2b: Scovillain|Flamethrower|p1b: Ribbon\n|-resisted|p1b: Ribbon\n|-damage|p1b: Ribbon|71\/100\n|move|p1a: The Answer|Rock Slide|p2a: Sylveon|[spread] p2a,p2b\n|-supereffective|p2b: Scovillain\n|-end|p2b: Scovillain|Substitute\n|-damage|p2a: Sylveon|0 fnt\n|faint|p2a: Sylveon\n|-damage|p1a: The Answer|91\/100|[from] item: Life Orb\n|move|p1b: Ribbon|Hyper Voice|p2b: Scovillain\n|-resisted|p2b: Scovillain\n|-damage|p2b: Scovillain|35\/100 tox\n|\n|-heal|p2b: Scovillain|41\/100 tox|[from] item: Leftovers\n|-damage|p2b: Scovillain|24\/100 tox|[from] psn\n|-ability|p2b: Scovillain|Moody|boost\n|-boost|p2b: Scovillain|def|2\n|-unboost|p2b: Scovillain|atk|1\n|upkeep\n|\n|t:|1699694142\n|switch|p2a: Bronzong|Bronzong, L50|100\/100\n|turn|7\n|inactive|Diriana has 30 seconds left.\n|\n|t:|1699694169\n|-terastallize|p2a: Bronzong|Poison\n|move|p1a: The Answer|Protect|p1a: The Answer\n|-singleturn|p1a: The Answer|Protect\n|move|p1b: Ribbon|Detect|p1b: Ribbon\n|-singleturn|p1b: Ribbon|Protect\n|move|p2b: Scovillain|Giga Drain|p1a: The Answer\n|-activate|p1a: The Answer|move: Protect\n|move|p2a: Bronzong|Body Press|p1b: Ribbon\n|-activate|p1b: Ribbon|move: Protect\n|\n|-heal|p2b: Scovillain|30\/100 tox|[from] item: Leftovers\n|-damage|p2b: Scovillain|6\/100 tox|[from] psn\n|-ability|p2b: Scovillain|Moody|boost\n|-boost|p2b: Scovillain|spd|2\n|-unboost|p2b: Scovillain|def|1\n|upkeep\n|turn|8\n|inactive|Diriana has 30 seconds left.\n|\n|t:|1699694199\n|move|p2b: Scovillain|Giga Drain|p1a: The Answer\n|-supereffective|p1a: The Answer\n|-damage|p1a: The Answer|0 fnt\n|-heal|p2b: Scovillain|52\/100 tox|[from] drain|[of] p1a: The Answer\n|faint|p1a: The Answer\n|move|p1b: Ribbon|Tera Blast|p2a: Bronzong|[anim] Tera Blast Fire\n|-damage|p2a: Bronzong|87\/100\n|move|p2a: Bronzong|Body Press|p1b: Ribbon\n|-damage|p1b: Ribbon|34\/100\n|\n|-heal|p2b: Scovillain|58\/100 tox|[from] item: Leftovers\n|-damage|p2b: Scovillain|29\/100 tox|[from] psn\n|-sideend|p2: TTeTyLLloK|move: Light Screen\n|-ability|p2b: Scovillain|Moody|boost\n|-boost|p2b: Scovillain|spa|2\n|-unboost|p2b: Scovillain|def|1\n|upkeep\n|turn|9\n|\n|t:|1699694218\n|move|p2a: Bronzong|Helping Hand|p2b: Scovillain\n|-singleturn|p2b: Scovillain|Helping Hand|[of] p2a: Bronzong\n|move|p1b: Ribbon|Detect|p1b: Ribbon\n|-singleturn|p1b: Ribbon|Protect\n|move|p2b: Scovillain|Flamethrower|p1b: Ribbon\n|-activate|p1b: Ribbon|move: Protect\n|\n|-heal|p2b: Scovillain|35\/100 tox|[from] item: Leftovers\n|-damage|p2b: Scovillain|0 fnt|[from] psn\n|faint|p2b: Scovillain\n|upkeep\n|turn|10\n|\n|t:|1699694231\n|move|p1b: Ribbon|Hyper Voice|p2a: Bronzong\n|-resisted|p2a: Bronzong\n|-damage|p2a: Bronzong|63\/100\n|move|p2a: Bronzong|Body Press|p1b: Ribbon\n|-damage|p1b: Ribbon|0 fnt\n|faint|p1b: Ribbon\n|\n|win|TTeTyLLloK\n","uploadtime":1699694235,"views":27,"p1id":"diriana","p2id":"ttetylllok","formatid":"gen9vgc2023regulatione","rating":0,"private":0,"password":""}