{"id":"gen9vgc2023regulatione-1993761961","p1":"BasedTransSchizo","p2":"mickeyxxy","format":"[Gen 9] VGC 2023 Regulation E","log":"|j|\u2606BasedTransSchizo\n|j|\u2606mickeyxxy\n|t:|1700354202\n|gametype|doubles\n|player|p1|BasedTransSchizo|hexmaniac-gen6|1144\n|player|p2|mickeyxxy|170|1095\n|teamsize|p1|6\n|teamsize|p2|6\n|gen|9\n|tier|[Gen 9] VGC 2023 Regulation E\n|rated|\n|rule|Species Clause: Limit one of each Pok\u00e9mon\n|rule|Item Clause: Limit one of each item\n|clearpoke\n|poke|p1|Cresselia, L50, F|\n|poke|p1|Ursaluna-Bloodmoon, L50, M|\n|poke|p1|Iron Hands, L50|\n|poke|p1|Ogerpon-Wellspring, L50, F|\n|poke|p1|Arcanine-Hisui, L50, M|\n|poke|p1|Flutter Mane, L50|\n|poke|p2|Arcanine-Hisui, L50, F|\n|poke|p2|Chien-Pao, L50|\n|poke|p2|Dragapult, L50, M|\n|poke|p2|Iron Hands, L50|\n|poke|p2|Rillaboom, L50, F|\n|poke|p2|Ogerpon-Wellspring, L50, F|\n|teampreview|4\nBasedTransSchizo has agreed to open team sheets.\n|\n|t:|1700354237\n|start\n|switch|p1a: Iron Hands|Iron Hands, L50|100\/100\n|switch|p1b: Ogerpon|Ogerpon-Wellspring, L50, F|100\/100\n|switch|p2a: Arcanine|Arcanine-Hisui, L50, F|100\/100\n|switch|p2b: Rillaboom|Rillaboom, L50, F|100\/100\n|-ability|p2a: Arcanine|Intimidate|boost\n|-unboost|p1a: Iron Hands|atk|1\n|-unboost|p1b: Ogerpon|atk|1\n|-fieldstart|move: Grassy Terrain|[from] ability: Grassy Surge|[of] p2b: Rillaboom\n|turn|1\n|\n|t:|1700354261\n|-terastallize|p2a: Arcanine|Normal\n|move|p2b: Rillaboom|Fake Out|p1b: Ogerpon\n|-damage|p1b: Ogerpon|86\/100\n|move|p1a: Iron Hands|Fake Out|p2b: Rillaboom\n|-damage|p2b: Rillaboom|88\/100\n|-damage|p1a: Iron Hands|84\/100|[from] item: Rocky Helmet|[of] p2b: Rillaboom\n|move|p2a: Arcanine|Rock Slide|p1a: Iron Hands|[spread] p1a,p1b\n|-resisted|p1a: Iron Hands\n|-damage|p1a: Iron Hands|69\/100\n|-damage|p1b: Ogerpon|46\/100\n|cant|p1b: Ogerpon|flinch\n|\n|-heal|p2b: Rillaboom|94\/100|[from] Grassy Terrain\n|-heal|p1b: Ogerpon|52\/100|[from] Grassy Terrain\n|-heal|p1a: Iron Hands|75\/100|[from] Grassy Terrain\n|upkeep\n|turn|2\n|\n|t:|1700354284\n|switch|p1b: Cresselia|Cresselia, L50, F|100\/100\n|move|p2a: Arcanine|Rock Slide|p1a: Iron Hands|[spread] p1a,p1b\n|-resisted|p1a: Iron Hands\n|-damage|p1a: Iron Hands|61\/100\n|-damage|p1b: Cresselia|78\/100\n|move|p2b: Rillaboom|U-turn|p1b: Cresselia\n|-supereffective|p1b: Cresselia\n|-damage|p1b: Cresselia|51\/100\n|\n|t:|1700354295\n|switch|p2b: Iron Hands|Iron Hands, L50|100\/100|[from] U-turn\n|move|p1a: Iron Hands|Drain Punch|p2a: Arcanine\n|-supereffective|p2a: Arcanine\n|-damage|p2a: Arcanine|22\/100\n|-heal|p1a: Iron Hands|89\/100|[from] drain|[of] p2a: Arcanine\n|\n|-heal|p2a: Arcanine|28\/100|[from] Grassy Terrain\n|-heal|p1a: Iron Hands|95\/100|[from] Grassy Terrain\n|upkeep\n|turn|3\n|\n|t:|1700354331\n|move|p2a: Arcanine|Rock Slide|p1a: Iron Hands|[spread] p1a,p1b\n|-resisted|p1a: Iron Hands\n|-damage|p1a: Iron Hands|80\/100\n|-damage|p1b: Cresselia|26\/100\n|move|p1a: Iron Hands|Drain Punch|p2a: Arcanine\n|-supereffective|p2a: Arcanine\n|-damage|p2a: Arcanine|0 fnt\n|-heal|p1a: Iron Hands|90\/100|[from] drain|[of] p2a: Arcanine\n|faint|p2a: Arcanine\n|move|p2b: Iron Hands|Drain Punch|p1b: Cresselia\n|-resisted|p1b: Cresselia\n|-damage|p1b: Cresselia|12\/100\n|move|p1b: Cresselia|Trick Room|p1b: Cresselia\n|-fieldstart|move: Trick Room|[of] p1b: Cresselia\n|\n|-heal|p1a: Iron Hands|96\/100|[from] Grassy Terrain\n|upkeep\n|\n|t:|1700354347\n|switch|p2a: Chien-Pao|Chien-Pao, L50|100\/100\n|-ability|p2a: Chien-Pao|Sword of Ruin\n|turn|4\n|\n|t:|1700354373\n|move|p2a: Chien-Pao|Sucker Punch||[still]\n|-fail|p2a: Chien-Pao\n|move|p2b: Iron Hands|Drain Punch|p1a: Iron Hands\n|-damage|p1a: Iron Hands|54\/100\n|move|p1a: Iron Hands|Drain Punch|p2a: Chien-Pao\n|-supereffective|p2a: Chien-Pao\n|-enditem|p2a: Chien-Pao|Focus Sash\n|-damage|p2a: Chien-Pao|1\/100\n|-heal|p1a: Iron Hands|87\/100|[from] drain|[of] p2a: Chien-Pao\n|move|p1b: Cresselia|Lunar Blessing|p1b: Cresselia|[spread] p1a,p1b\n|-heal|p1a: Iron Hands|100\/100\n|-heal|p1b: Cresselia|38\/100\n|\n|-heal|p2a: Chien-Pao|7\/100|[from] Grassy Terrain\n|upkeep\n|turn|5\n|\n|t:|1700354403\n|switch|p2a: Rillaboom|Rillaboom, L50, F|94\/100\n|move|p2b: Iron Hands|Heavy Slam|p1b: Cresselia\n|-damage|p1b: Cresselia|12\/100\n|move|p1a: Iron Hands|Drain Punch|p2a: Rillaboom\n|-damage|p2a: Rillaboom|61\/100\n|-damage|p1a: Iron Hands|84\/100|[from] item: Rocky Helmet|[of] p2a: Rillaboom\n|move|p1b: Cresselia|Lunar Blessing|p1b: Cresselia|[spread] p1a,p1b\n|-heal|p1a: Iron Hands|100\/100\n|-heal|p1b: Cresselia|38\/100\n|\n|-heal|p2a: Rillaboom|67\/100|[from] Grassy Terrain\n|-fieldend|move: Grassy Terrain\n|upkeep\n|turn|6\n|\n|t:|1700354453\n|move|p2a: Rillaboom|Fake Out|p1a: Iron Hands\n|-damage|p1a: Iron Hands|90\/100\n|move|p2b: Iron Hands|Wild Charge|p1b: Cresselia\n|-damage|p1b: Cresselia|6\/100\n|-damage|p2b: Iron Hands|94\/100|[from] Recoil\n|cant|p1a: Iron Hands|flinch\n|move|p1b: Cresselia|Psychic|p2b: Iron Hands\n|-supereffective|p2b: Iron Hands\n|-damage|p2b: Iron Hands|65\/100\n|\n|upkeep\n|turn|7\n|\n|t:|1700354504\n|move|p1b: Cresselia|Helping Hand|p1a: Iron Hands\n|-singleturn|p1a: Iron Hands|Helping Hand|[of] p1b: Cresselia\n|move|p2b: Iron Hands|Drain Punch|p1b: Cresselia\n|-resisted|p1b: Cresselia\n|-damage|p1b: Cresselia|0 fnt\n|-heal|p2b: Iron Hands|68\/100|[from] drain|[of] p1b: Cresselia\n|faint|p1b: Cresselia\n|move|p1a: Iron Hands|Heavy Slam|p2a: Rillaboom\n|-damage|p2a: Rillaboom|24\/100\n|-damage|p1a: Iron Hands|73\/100|[from] item: Rocky Helmet|[of] p2a: Rillaboom\n|move|p2a: Rillaboom|Wood Hammer|p1a: Iron Hands\n|-damage|p1a: Iron Hands|29\/100\n|-damage|p2a: Rillaboom|4\/100|[from] Recoil\n|\n|-fieldend|move: Trick Room\n|upkeep\n|\n|t:|1700354521\n|switch|p1b: Flutter Mane|Flutter Mane, L50|100\/100\n|-enditem|p1b: Flutter Mane|Booster Energy\n|-activate|p1b: Flutter Mane|ability: Protosynthesis|[fromitem]\n|-start|p1b: Flutter Mane|protosynthesisspa\n|turn|8\n|\n|t:|1700354537\n|-end|p1a: Iron Hands|Quark Drive|[silent]\n|switch|p1a: Ogerpon|Ogerpon-Wellspring, L50, F|52\/100\n|move|p1b: Flutter Mane|Dazzling Gleam|p2b: Iron Hands|[spread] p2a,p2b\n|-supereffective|p2b: Iron Hands\n|-damage|p2a: Rillaboom|0 fnt\n|-damage|p2b: Iron Hands|16\/100\n|faint|p2a: Rillaboom\n|move|p2b: Iron Hands|Heavy Slam|p1b: Flutter Mane\n|-supereffective|p1b: Flutter Mane\n|-damage|p1b: Flutter Mane|0 fnt\n|faint|p1b: Flutter Mane\n|-end|p1b: Flutter Mane|Protosynthesis|[silent]\n|\n|upkeep\n|\n|t:|1700354549\n|switch|p1b: Iron Hands|Iron Hands, L50|29\/100\n|switch|p2a: Chien-Pao|Chien-Pao, L50|7\/100\n|-ability|p2a: Chien-Pao|Sword of Ruin\n|turn|9\n|\n|t:|1700354570\n|move|p2a: Chien-Pao|Protect|p2a: Chien-Pao\n|-singleturn|p2a: Chien-Pao|Protect\n|move|p1a: Ogerpon|Spiky Shield|p1a: Ogerpon\n|-singleturn|p1a: Ogerpon|move: Protect\n|move|p1b: Iron Hands|Fake Out|p2a: Chien-Pao\n|-activate|p2a: Chien-Pao|move: Protect\n|move|p2b: Iron Hands|Heavy Slam|p1a: Ogerpon\n|-activate|p1a: Ogerpon|move: Protect\n|-damage|p2b: Iron Hands|4\/100|[from] Spiky Shield|[of] p1a: Ogerpon\n|\n|upkeep\n|turn|10\n|\n|t:|1700354600\n|move|p1a: Ogerpon|Spiky Shield||[still]\n|-fail|p1a: Ogerpon\n|move|p2a: Chien-Pao|Sacred Sword|p1b: Iron Hands\n|-damage|p1b: Iron Hands|0 fnt\n|faint|p1b: Iron Hands\n|-end|p1b: Iron Hands|Quark Drive|[silent]\n|move|p2b: Iron Hands|Heavy Slam|p1a: Ogerpon\n|-resisted|p1a: Ogerpon\n|-damage|p1a: Ogerpon|20\/100\n|\n|upkeep\n|turn|11\n|\n|t:|1700354619\n|move|p2a: Chien-Pao|Protect|p2a: Chien-Pao\n|-singleturn|p2a: Chien-Pao|Protect\n|move|p1a: Ogerpon|Spiky Shield|p1a: Ogerpon\n|-singleturn|p1a: Ogerpon|move: Protect\n|move|p2b: Iron Hands|Wild Charge|p1a: Ogerpon\n|-activate|p1a: Ogerpon|move: Protect\n|-damage|p2b: Iron Hands|0 fnt|[from] Spiky Shield|[of] p1a: Ogerpon\n|faint|p2b: Iron Hands\n|-end|p2b: Iron Hands|Quark Drive|[silent]\n|\n|upkeep\n|turn|12\n|\n|t:|1700354636\n|move|p1a: Ogerpon|Follow Me|p1a: Ogerpon\n|-singleturn|p1a: Ogerpon|move: Follow Me\n|move|p2a: Chien-Pao|Sucker Punch||[still]\n|-fail|p2a: Chien-Pao\n|\n|upkeep\n|turn|13\n|\n|t:|1700354651\n|move|p2a: Chien-Pao|Protect|p2a: Chien-Pao\n|-singleturn|p2a: Chien-Pao|Protect\n|move|p1a: Ogerpon|Spiky Shield||[still]\n|-fail|p1a: Ogerpon\n|\n|upkeep\n|turn|14\n|\n|t:|1700354664\n|move|p1a: Ogerpon|Spiky Shield|p1a: Ogerpon\n|-singleturn|p1a: Ogerpon|move: Protect\n|move|p2a: Chien-Pao|Sucker Punch||[still]\n|-fail|p2a: Chien-Pao\n|\n|upkeep\n|turn|15\n|\n|t:|1700354678\n|move|p1a: Ogerpon|Follow Me|p1a: Ogerpon\n|-singleturn|p1a: Ogerpon|move: Follow Me\n|move|p2a: Chien-Pao|Sucker Punch||[still]\n|-fail|p2a: Chien-Pao\n|\n|upkeep\n|turn|16\n|\n|t:|1700354689\n|move|p2a: Chien-Pao|Protect|p2a: Chien-Pao\n|-singleturn|p2a: Chien-Pao|Protect\n|move|p1a: Ogerpon|Spiky Shield||[still]\n|-fail|p1a: Ogerpon\n|\n|upkeep\n|turn|17\n|c|\u2606mickeyxxy|lol bro\n|\n|t:|1700354697\n|move|p1a: Ogerpon|Spiky Shield|p1a: Ogerpon\n|-singleturn|p1a: Ogerpon|move: Protect\n|move|p2a: Chien-Pao|Sacred Sword|p1a: Ogerpon\n|-activate|p1a: Ogerpon|move: Protect\n|-damage|p2a: Chien-Pao|0 fnt|[from] Spiky Shield|[of] p1a: Ogerpon\n|faint|p2a: Chien-Pao\n|\n|win|BasedTransSchizo\n|raw|BasedTransSchizo's rating: 1144 &rarr; <strong>1165<\/strong><br \/>(+21 for winning)\n|raw|mickeyxxy's rating: 1095 &rarr; <strong>1074<\/strong><br \/>(-21 for losing)\n|c|\u2606BasedTransSchizo|gg lmao\n|c|\u2606BasedTransSchizo|that was my only way to win there\n|c|\u2606mickeyxxy|that was based lol\n|c|\u2606BasedTransSchizo|you outsped\n|c|\u2606mickeyxxy|big brain play\n|c|\u2606mickeyxxy|I didn't know what to do gg\n","uploadtime":1700354743,"views":15,"p1id":"basedtransschizo","p2id":"mickeyxxy","formatid":"gen9vgc2023regulatione","rating":1074,"private":0,"password":""}