{"id":"gen9vgc2023regulatione-1989400316","p1":"Eatyboy","p2":"Lucky Dae","format":"[Gen 9] VGC 2023 Regulation E","log":"|j|\u2606Eatyboy\n|j|\u2606Lucky Dae\n|n|\u2606Eatyboy|eatyboy\n|n|\u2606Lucky Dae|luckydae\n|html|View the match progress at <a href=\"\/game-bestof3-gen9vgc2023regulatione-1989387416\">game-bestof3-gen9vgc2023regulatione-1989387416<\/a>\n|t:|1699845424\n|gametype|doubles\n|player|p1|Eatyboy|2|\n|player|p2|Lucky Dae|backpacker|\n|teamsize|p1|6\n|teamsize|p2|6\n|gen|9\n|tier|[Gen 9] VGC 2023 Regulation E\n|rule|Species Clause: Limit one of each Pok\u00e9mon\n|rule|Item Clause: Limit one of each item\n|clearpoke\n|poke|p1|Ninetales-Alola, L50, F|\n|poke|p1|Sandslash-Alola, L50, M|\n|poke|p1|Landorus-Therian, L50, M|\n|poke|p1|Volbeat, L50, M|\n|poke|p1|Lycanroc-Midnight, L50, M|\n|poke|p1|Chien-Pao, L50|\n|poke|p2|Hariyama, L50, M|\n|poke|p2|Chandelure, L50, M|\n|poke|p2|Bronzong, L50|\n|poke|p2|Ampharos, L50, M|\n|poke|p2|Flutter Mane, L50|\n|poke|p2|Ogerpon-Cornerstone, L50, F|\n|teampreview|4\nLucky Dae rejected open team sheets.\n|j| Fridge of Nights\n|\n|t:|1699845510\n|start\n|switch|p1a: Seismology|Landorus-Therian, L50, M, shiny|100\/100\n|switch|p1b: Ancient History|Chien-Pao, L50|100\/100\n|switch|p2a: Judgement Day|Ogerpon-Cornerstone, L50, F|100\/100\n|switch|p2b: Sensory Eraser|Bronzong, L50, shiny|100\/100\n|-ability|p1b: Ancient History|Sword of Ruin\n|-ability|p1a: Seismology|Intimidate|boost\n|-unboost|p2a: Judgement Day|atk|1\n|-unboost|p2b: Sensory Eraser|atk|1\n|turn|1\n|\n|t:|1699845619\n|move|p2a: Judgement Day|Follow Me|p2a: Judgement Day\n|-singleturn|p2a: Judgement Day|move: Follow Me\n|move|p1b: Ancient History|Throat Chop|p2a: Judgement Day\n|-damage|p2a: Judgement Day|28\/100\n|-start|p2a: Judgement Day|Throat Chop|[silent]\n|move|p1a: Seismology|Crunch|p2a: Judgement Day\n|-damage|p2a: Judgement Day|0 fnt\n|faint|p2a: Judgement Day\n|move|p2b: Sensory Eraser|Trick Room|p2b: Sensory Eraser\n|-fieldstart|move: Trick Room|[of] p2b: Sensory Eraser\n|\n|upkeep\n|\n|t:|1699845627\n|switch|p2a: Put Me To Work|Hariyama, L50, M, shiny|100\/100\n|turn|2\n|\n|t:|1699845822\n|move|p1b: Ancient History|Protect|p1b: Ancient History\n|-singleturn|p1b: Ancient History|Protect\n|move|p2b: Sensory Eraser|Steel Beam|p1b: Ancient History\n|-activate|p1b: Ancient History|move: Protect\n|-damage|p2b: Sensory Eraser|50\/100|[from] steelbeam\n|move|p2a: Put Me To Work|Drain Punch|p1b: Ancient History\n|-activate|p1b: Ancient History|move: Protect\n|move|p1a: Seismology|Stomping Tantrum|p2a: Put Me To Work\n|-damage|p2a: Put Me To Work|35\/100\n|\n|-heal|p2a: Put Me To Work|41\/100|[from] item: Leftovers\n|upkeep\n|turn|3\n|\n|t:|1699846045\n|-terastallize|p1a: Seismology|Flying\n|move|p1b: Ancient History|Sucker Punch|p2a: Put Me To Work\n|-resisted|p2a: Put Me To Work\n|-damage|p2a: Put Me To Work|16\/100\n|move|p2b: Sensory Eraser|Weather Ball|p1b: Ancient History\n|-damage|p1b: Ancient History|84\/100\n|move|p2a: Put Me To Work|Drain Punch|p1b: Ancient History\n|-supereffective|p1b: Ancient History\n|-damage|p1b: Ancient History|0 fnt\n|-heal|p2a: Put Me To Work|42\/100|[from] drain|[of] p1b: Ancient History\n|faint|p1b: Ancient History\n|move|p1a: Seismology|Tera Blast|p2a: Put Me To Work|[anim] Tera Blast Flying\n|-supereffective|p2a: Put Me To Work\n|-damage|p2a: Put Me To Work|0 fnt\n|faint|p2a: Put Me To Work\n|\n|upkeep\n|\n|t:|1699846076\n|switch|p2a: Fire Alarm|Chandelure, L50, M, shiny|100\/100\n|switch|p1b: Geology|Lycanroc-Midnight, L50, M, shiny|100\/100\n|-item|p2a: Fire Alarm|Air Balloon\n|turn|4\n|\n|t:|1699846158\n|-terastallize|p2a: Fire Alarm|Flying\n|move|p2b: Sensory Eraser|Steel Beam|p1b: Geology\n|-supereffective|p1b: Geology\n|-damage|p1b: Geology|0 fnt\n|-damage|p2b: Sensory Eraser|0 fnt|[from] steelbeam\n|faint|p2b: Sensory Eraser\n|faint|p1b: Geology\n|move|p2a: Fire Alarm|Flamethrower|p1a: Seismology\n|-damage|p1a: Seismology|54\/100\n|-status|p1a: Seismology|brn\n|move|p1a: Seismology|Crunch|p2a: Fire Alarm\n|-damage|p2a: Fire Alarm|83\/100\n|-unboost|p2a: Fire Alarm|def|1\n|-enditem|p2a: Fire Alarm|Air Balloon\n|\n|-damage|p1a: Seismology|48\/100 brn|[from] brn\n|upkeep\n|\n|t:|1699846173\n|switch|p1b: Ice Hockey|Sandslash-Alola, L50, M, shiny|100\/100\n|turn|5\n|\n|t:|1699846205\n|move|p1b: Ice Hockey|Protect|p1b: Ice Hockey\n|-singleturn|p1b: Ice Hockey|Protect\n|move|p2a: Fire Alarm|Flamethrower|p1b: Ice Hockey\n|-activate|p1b: Ice Hockey|move: Protect\n|move|p1a: Seismology|Crunch|p2a: Fire Alarm\n|-damage|p2a: Fire Alarm|57\/100\n|\n|-damage|p1a: Seismology|43\/100 brn|[from] brn\n|-fieldend|move: Trick Room\n|upkeep\n|turn|6\n|\n|t:|1699846222\n|move|p1a: Seismology|Tera Blast|p2a: Fire Alarm|[anim] Tera Blast Flying\n|-damage|p2a: Fire Alarm|0 fnt\n|faint|p2a: Fire Alarm\n|\n|win|Eatyboy\n","uploadtime":1699846268,"views":16,"p1id":"eatyboy","p2id":"luckydae","formatid":"gen9vgc2023regulatione","rating":0,"private":0,"password":""}