{"id":"gen9vgc2023regulatione-1993865079","p1":"N + Ultra","p2":"zanethrillseek","format":"[Gen 9] VGC 2023 Regulation E","log":"|j|\u2606N + Ultra\n|j|\u2606zanethrillseek\n|t:|1700367119\n|gametype|doubles\n|player|p1|N + Ultra|2|1178\n|player|p2|zanethrillseek|hilbert-wonderlauncher|1145\n|teamsize|p1|6\n|teamsize|p2|6\n|gen|9\n|tier|[Gen 9] VGC 2023 Regulation E\n|rated|\n|rule|Species Clause: Limit one of each Pok\u00e9mon\n|rule|Item Clause: Limit one of each item\n|clearpoke\n|poke|p1|Chien-Pao, L50|\n|poke|p1|Arcanine-Hisui, L50, M|\n|poke|p1|Dragapult, L50, F|\n|poke|p1|Ogerpon-Wellspring, L50, F|\n|poke|p1|Iron Hands, L50|\n|poke|p1|Flutter Mane, L50|\n|poke|p2|Tornadus, L50, M|\n|poke|p2|Chien-Pao, L50|\n|poke|p2|Rillaboom, L50, F|\n|poke|p2|Arcanine-Hisui, L50, F|\n|poke|p2|Flutter Mane, L50|\n|poke|p2|Urshifu-*, L50, M|\n|teampreview|4\n|inactive|Battle timer is ON: inactive players will automatically lose when time's up. (requested by N + Ultra)\n|inactive|N + Ultra has 60 seconds left.\n|inactive|zanethrillseek has 60 seconds left.\n|\n|t:|1700367176\n|start\n|switch|p1a: Iron Hands|Iron Hands, L50|100\/100\n|switch|p1b: Flutter Mane|Flutter Mane, L50|100\/100\n|switch|p2a: Tornadus|Tornadus, L50, M, shiny|100\/100\n|switch|p2b: Rillaboom|Rillaboom, L50, F|100\/100\n|-fieldstart|move: Grassy Terrain|[from] ability: Grassy Surge|[of] p2b: Rillaboom\n|-enditem|p1b: Flutter Mane|Booster Energy\n|-activate|p1b: Flutter Mane|ability: Protosynthesis|[fromitem]\n|-start|p1b: Flutter Mane|protosynthesisspa\n|turn|1\n|inactive|zanethrillseek has 30 seconds left.\n|inactive|zanethrillseek has 20 seconds left.\n|\n|t:|1700367216\n|move|p1a: Iron Hands|Fake Out|p2b: Rillaboom\n|-damage|p2b: Rillaboom|85\/100\n|move|p2a: Tornadus|Tailwind|p2a: Tornadus\n|-sidestart|p2: zanethrillseek|move: Tailwind\n|cant|p2b: Rillaboom|flinch\n|move|p1b: Flutter Mane|Moonblast|p2b: Rillaboom\n|-damage|p2b: Rillaboom|35\/100\n|\n|-heal|p2b: Rillaboom|41\/100|[from] Grassy Terrain\n|upkeep\n|turn|2\n|\n|t:|1700367236\n|move|p2a: Tornadus|Bleakwind Storm|p1b: Flutter Mane|[spread] p1a,p1b\n|-damage|p1a: Iron Hands|81\/100\n|-damage|p1b: Flutter Mane|66\/100\n|move|p2b: Rillaboom|Wood Hammer|p1b: Flutter Mane\n|-crit|p1b: Flutter Mane\n|-damage|p1b: Flutter Mane|0 fnt\n|faint|p1b: Flutter Mane\n|-end|p1b: Flutter Mane|Protosynthesis|[silent]\n|-damage|p2b: Rillaboom|28\/100|[from] Recoil\n|move|p1a: Iron Hands|Wild Charge|p2a: Tornadus\n|-supereffective|p2a: Tornadus\n|-damage|p2a: Tornadus|9\/100\n|-damage|p1a: Iron Hands|64\/100|[from] item: Rocky Helmet|[of] p2a: Tornadus\n|-damage|p1a: Iron Hands|48\/100|[from] Recoil\n|\n|-heal|p2b: Rillaboom|33\/100|[from] Grassy Terrain\n|-heal|p1a: Iron Hands|54\/100|[from] Grassy Terrain\n|upkeep\n|\n|t:|1700367249\n|switch|p1b: Dragapult|Dragapult, L50, F|100\/100\n|turn|3\n|inactive|zanethrillseek has 30 seconds left.\n|\n|t:|1700367281\n|-terastallize|p1b: Dragapult|Dragon\n|move|p2a: Tornadus|Taunt|p1b: Dragapult\n|-start|p1b: Dragapult|move: Taunt\n|move|p2b: Rillaboom|Wood Hammer|p1a: Iron Hands\n|-damage|p1a: Iron Hands|2\/100\n|-damage|p2b: Rillaboom|12\/100|[from] Recoil\n|move|p1b: Dragapult|Dragon Darts|p2a: Tornadus\n|-damage|p2a: Tornadus|0 fnt\n|-anim|p1b: Dragapult|Dragon Darts|p2b: Rillaboom\n|-damage|p2b: Rillaboom|0 fnt\n|faint|p2a: Tornadus\n|faint|p2b: Rillaboom\n|-damage|p1b: Dragapult|91\/100|[from] item: Life Orb\n|move|p1a: Iron Hands|Drain Punch|p2: Tornadus|[notarget]\n|-fail|p1a: Iron Hands\n|\n|-heal|p1b: Dragapult|97\/100|[from] Grassy Terrain\n|-heal|p1a: Iron Hands|8\/100|[from] Grassy Terrain\n|upkeep\n|\n|t:|1700367300\n|switch|p2a: Chien-Pao|Chien-Pao, L50|100\/100\n|switch|p2b: Urshifu|Urshifu-Rapid-Strike, L50, M|100\/100\n|-ability|p2a: Chien-Pao|Sword of Ruin\n|turn|4\n|\n|t:|1700367322\n|-terastallize|p2b: Urshifu|Water\n|move|p2a: Chien-Pao|Icicle Crash|p1b: Dragapult\n|-supereffective|p1b: Dragapult\n|-damage|p1b: Dragapult|0 fnt\n|faint|p1b: Dragapult\n|move|p2b: Urshifu|Surging Strikes|p1a: Iron Hands\n|-crit|p1a: Iron Hands\n|-damage|p1a: Iron Hands|0 fnt\n|faint|p1a: Iron Hands\n|-end|p1a: Iron Hands|Quark Drive|[silent]\n|-hitcount|p1: Iron Hands|1\n|\n|-sideend|p2: zanethrillseek|move: Tailwind\n|upkeep\n|\n|t:|1700367330\n|switch|p1b: Chien-Pao|Chien-Pao, L50|100\/100\n|-ability|p1b: Chien-Pao|Sword of Ruin\n|turn|5\n|inactive|zanethrillseek has 30 seconds left.\n|\n|t:|1700367356\n|move|p1b: Chien-Pao|Sacred Sword|p2a: Chien-Pao\n|-supereffective|p2a: Chien-Pao\n|-enditem|p2a: Chien-Pao|Focus Sash\n|-damage|p2a: Chien-Pao|1\/100\n|move|p2a: Chien-Pao|Sacred Sword|p1b: Chien-Pao\n|-supereffective|p1b: Chien-Pao\n|-enditem|p1b: Chien-Pao|Focus Sash\n|-damage|p1b: Chien-Pao|1\/100\n|move|p2b: Urshifu|Surging Strikes|p1b: Chien-Pao\n|-crit|p1b: Chien-Pao\n|-damage|p1b: Chien-Pao|0 fnt\n|faint|p1b: Chien-Pao\n|-hitcount|p1: Chien-Pao|1\n|\n|win|zanethrillseek\n|raw|N + Ultra's rating: 1178 &rarr; <strong>1151<\/strong><br \/>(-27 for losing)\n|raw|zanethrillseek's rating: 1145 &rarr; <strong>1172<\/strong><br \/>(+27 for winning)\n|l|\u2606N + Ultra\n","uploadtime":1700367373,"views":8,"p1id":"nultra","p2id":"zanethrillseek","formatid":"gen9vgc2023regulatione","rating":1151,"private":0,"password":""}