{"id":"gen9vgc2023regulatione-2000059713","p1":"SableyeIlluminati","p2":"Jinglejammer","format":"[Gen 9] VGC 2023 Regulation E","log":"|j|\u2606SableyeIlluminati\n|j|\u2606Jinglejammer\n|t:|1701147638\n|gametype|doubles\n|player|p1|SableyeIlluminati|265|1079\n|player|p2|Jinglejammer|iris-gen5bw2|1087\n|teamsize|p1|6\n|teamsize|p2|6\n|gen|9\n|tier|[Gen 9] VGC 2023 Regulation E\n|rated|\n|rule|Species Clause: Limit one of each Pok\u00e9mon\n|rule|Item Clause: Limit one of each item\n|clearpoke\n|poke|p1|Indeedee-F, L50, F|\n|poke|p1|Torkoal, L50, F|\n|poke|p1|Armarouge, L50, F|\n|poke|p1|Brute Bonnet, L50|\n|poke|p1|Flutter Mane, L50|\n|poke|p1|Ogerpon-Wellspring, L50, F|\n|poke|p2|Baxcalibur, L50, F|\n|poke|p2|Flutter Mane, L50|\n|poke|p2|Dedenne, L50, F|\n|poke|p2|Chi-Yu, L50|\n|poke|p2|Landorus-Therian, L50, M|\n|poke|p2|Ditto, L50|\n|teampreview|4\nJinglejammer rejected open team sheets.\n|\n|t:|1701147703\n|start\n|switch|p1a: Flutter Mane|Flutter Mane, L50|100\/100\n|switch|p1b: Ogerpon|Ogerpon-Wellspring, L50, F|100\/100\n|switch|p2a: Baxcalibur|Baxcalibur, L50, F|100\/100\n|switch|p2b: Dedenne|Dedenne, L50, F|100\/100\n|turn|1\n|\n|t:|1701147752\n|switch|p1b: Armarouge|Armarouge, L50, F|100\/100\n|move|p2a: Baxcalibur|Protect|p2a: Baxcalibur\n|-singleturn|p2a: Baxcalibur|Protect\n|move|p2b: Dedenne|Nuzzle|p1a: Flutter Mane\n|-damage|p1a: Flutter Mane|94\/100\n|-status|p1a: Flutter Mane|par\n|move|p1a: Flutter Mane|Trick Room|p1a: Flutter Mane\n|-fieldstart|move: Trick Room|[of] p1a: Flutter Mane\n|\n|upkeep\n|turn|2\n|\n|t:|1701147791\n|switch|p2a: Ditto|Ditto, L50|100\/100\n|-transform|p2a: Ditto|p1b: Armarouge|[from] ability: Imposter\n|move|p1b: Armarouge|Expanding Force|p2a: Ditto\n|-resisted|p2a: Ditto\n|-damage|p2a: Ditto|64\/100\n|-damage|p1b: Armarouge|91\/100|[from] item: Life Orb\n|move|p1a: Flutter Mane|Moonblast|p2a: Ditto\n|-resisted|p2a: Ditto\n|-damage|p2a: Ditto|34\/100\n|move|p2b: Dedenne|Super Fang|p1b: Armarouge\n|-damage|p1b: Armarouge|46\/100\n|\n|upkeep\n|turn|3\n|\n|t:|1701147821\n|move|p1b: Armarouge|Armor Cannon|p2b: Dedenne\n|-damage|p2b: Dedenne|0 fnt\n|-unboost|p1b: Armarouge|def|1\n|-unboost|p1b: Armarouge|spd|1\n|faint|p2b: Dedenne\n|-damage|p1b: Armarouge|36\/100|[from] item: Life Orb\n|move|p1a: Flutter Mane|Shadow Ball|p2a: Ditto\n|-supereffective|p2a: Ditto\n|-damage|p2a: Ditto|0 fnt\n|faint|p2a: Ditto\n|\n|upkeep\n|\n|t:|1701147833\n|switch|p2a: Flutter Mane|Flutter Mane, L50|100\/100\n|switch|p2b: Baxcalibur|Baxcalibur, L50, F|100\/100\n|turn|4\n|\n|t:|1701147853\n|-terastallize|p2a: Flutter Mane|Fairy\n|move|p2b: Baxcalibur|Protect|p2b: Baxcalibur\n|-singleturn|p2b: Baxcalibur|Protect\n|move|p1b: Armarouge|Expanding Force|p2a: Flutter Mane\n|-damage|p2a: Flutter Mane|66\/100\n|-damage|p1b: Armarouge|27\/100|[from] item: Life Orb\n|move|p1a: Flutter Mane|Shadow Ball|p2a: Flutter Mane\n|-damage|p2a: Flutter Mane|46\/100\n|-unboost|p2a: Flutter Mane|spd|1\n|move|p2a: Flutter Mane|Shadow Ball|p1b: Armarouge\n|-supereffective|p1b: Armarouge\n|-damage|p1b: Armarouge|0 fnt\n|faint|p1b: Armarouge\n|\n|upkeep\n|\n|t:|1701147866\n|switch|p1b: Torkoal|Torkoal, L50, F|100\/100\n|-weather|SunnyDay|[from] ability: Drought|[of] p1b: Torkoal\n|-activate|p1a: Flutter Mane|ability: Protosynthesis\n|-start|p1a: Flutter Mane|protosynthesisspe\n|-activate|p2a: Flutter Mane|ability: Protosynthesis\n|-start|p2a: Flutter Mane|protosynthesisspe\n|turn|5\n|\n|t:|1701147883\n|move|p1b: Torkoal|Earth Power|p2a: Flutter Mane\n|-damage|p2a: Flutter Mane|26\/100\n|move|p2b: Baxcalibur|Scale Shot|p1b: Torkoal\n|-damage|p1b: Torkoal|90\/100\n|-damage|p1b: Torkoal|80\/100\n|-damage|p1b: Torkoal|69\/100\n|-damage|p1b: Torkoal|58\/100\n|-damage|p1b: Torkoal|48\/100\n|-hitcount|p1b: Torkoal|5\n|-unboost|p2b: Baxcalibur|def|1\n|-boost|p2b: Baxcalibur|spe|1\n|cant|p1a: Flutter Mane|par\n|move|p2a: Flutter Mane|Shadow Ball|p1a: Flutter Mane\n|-supereffective|p1a: Flutter Mane\n|-damage|p1a: Flutter Mane|13\/100 par\n|\n|-weather|SunnyDay|[upkeep]\n|-fieldend|move: Trick Room\n|upkeep\n|turn|6\n|\n|t:|1701147913\n|move|p1b: Torkoal|Protect|p1b: Torkoal\n|-singleturn|p1b: Torkoal|Protect\n|move|p2a: Flutter Mane|Dazzling Gleam|p1a: Flutter Mane|[spread] p1a\n|-activate|p1b: Torkoal|move: Protect\n|-damage|p1a: Flutter Mane|0 fnt\n|faint|p1a: Flutter Mane\n|-end|p1a: Flutter Mane|Protosynthesis|[silent]\n|move|p2b: Baxcalibur|Scale Shot|p1b: Torkoal\n|-activate|p1b: Torkoal|move: Protect\n|\n|-weather|SunnyDay|[upkeep]\n|upkeep\n|\n|t:|1701147917\n|switch|p1a: Ogerpon|Ogerpon-Wellspring, L50, F|100\/100\n|turn|7\n|inactive|Battle timer is ON: inactive players will automatically lose when time's up. (requested by Jinglejammer)\n|inactive|SableyeIlluminati has 60 seconds left.\n|\n|t:|1701147973\n|move|p2b: Baxcalibur|Protect|p2b: Baxcalibur\n|-singleturn|p2b: Baxcalibur|Protect\n|move|p2a: Flutter Mane|Dazzling Gleam|p1a: Ogerpon|[spread] p1a,p1b\n|-resisted|p1b: Torkoal\n|-damage|p1a: Ogerpon|66\/100\n|-damage|p1b: Torkoal|23\/100\n|move|p1a: Ogerpon|Ivy Cudgel|p2a: Flutter Mane|[anim] Ivy Cudgel Water\n|-damage|p2a: Flutter Mane|0 fnt\n|faint|p2a: Flutter Mane\n|-end|p2a: Flutter Mane|Protosynthesis|[silent]\n|move|p1b: Torkoal|Earth Power|p2b: Baxcalibur\n|-activate|p2b: Baxcalibur|move: Protect\n|\n|-weather|SunnyDay|[upkeep]\n|upkeep\n|turn|8\n|inactive|SableyeIlluminati has 30 seconds left.\n|\n|t:|1701148000\n|move|p2b: Baxcalibur|Scale Shot|p1a: Ogerpon\n|-damage|p1a: Ogerpon|53\/100\n|-damage|p1a: Ogerpon|40\/100\n|-damage|p1a: Ogerpon|27\/100\n|-damage|p1a: Ogerpon|14\/100\n|-damage|p1a: Ogerpon|0 fnt\n|faint|p1a: Ogerpon\n|-hitcount|p1: Ogerpon|5\n|-unboost|p2b: Baxcalibur|def|1\n|-boost|p2b: Baxcalibur|spe|1\n|move|p1b: Torkoal|Earth Power|p2b: Baxcalibur\n|-damage|p2b: Baxcalibur|79\/100\n|\n|-weather|SunnyDay|[upkeep]\n|upkeep\n|turn|9\n|-message|SableyeIlluminati forfeited.\n|\n|win|Jinglejammer\n|raw|SableyeIlluminati's rating: 1079 &rarr; <strong>1058<\/strong><br \/>(-21 for losing)\n|raw|Jinglejammer's rating: 1087 &rarr; <strong>1113<\/strong><br \/>(+26 for winning)\n|l|\u2606SableyeIlluminati\n","uploadtime":1701148017,"views":8,"p1id":"sableyeilluminati","p2id":"jinglejammer","formatid":"gen9vgc2023regulatione","rating":1058,"private":0,"password":""}