{"id":"gen9vgc2023regulatione-1994781141","p1":"Shooples","p2":"Brigandine","format":"[Gen 9] VGC 2023 Regulation E","log":"|j|\u2606Shooples\n|j|\u2606Brigandine\n|t:|1700492128\n|gametype|doubles\n|player|p1|Shooples|101|1267\n|player|p2|Brigandine|acetrainer-gen4dp|1162\n|teamsize|p1|6\n|teamsize|p2|6\n|gen|9\n|tier|[Gen 9] VGC 2023 Regulation E\n|rated|\n|rule|Species Clause: Limit one of each Pok\u00e9mon\n|rule|Item Clause: Limit one of each item\n|clearpoke\n|poke|p1|Annihilape, L50, M|\n|poke|p1|Maushold, L50|\n|poke|p1|Cresselia, L50, F|\n|poke|p1|Arcanine-Hisui, L50, M|\n|poke|p1|Rillaboom, L50, F|\n|poke|p1|Gholdengo, L50|\n|poke|p2|Garchomp, L50, M|\n|poke|p2|Corviknight, L50, M|\n|poke|p2|Basculegion, L50, M|\n|poke|p2|Pelipper, L50, F|\n|poke|p2|Kilowattrel, L50, M|\n|poke|p2|Amoonguss, L50, F|\n|teampreview|4\n|inactive|Battle timer is ON: inactive players will automatically lose when time's up. (requested by Shooples)\n|\n|t:|1700492142\n|start\n|switch|p1a: Maushold|Maushold, L50|100\/100\n|switch|p1b: Annihilape|Annihilape, L50, M|100\/100\n|switch|p2a: Pelipper|Pelipper, L50, F|100\/100\n|switch|p2b: Amoonguss|Amoonguss, L50, F|100\/100\n|-weather|RainDance|[from] ability: Drizzle|[of] p2a: Pelipper\n|turn|1\n|\n|t:|1700492159\n|move|p1a: Maushold|Follow Me|p1a: Maushold\n|-singleturn|p1a: Maushold|move: Follow Me\n|move|p2b: Amoonguss|Rage Powder|p2b: Amoonguss\n|-singleturn|p2b: Amoonguss|move: Rage Powder\n|move|p1b: Annihilape|Bulk Up|p1b: Annihilape\n|-boost|p1b: Annihilape|atk|1\n|-boost|p1b: Annihilape|def|1\n|move|p2a: Pelipper|Hurricane|p1a: Maushold\n|-damage|p1a: Maushold|55\/100\n|-start|p1a: Maushold|confusion\n|\n|-weather|RainDance|[upkeep]\n|upkeep\n|turn|2\n|\n|t:|1700492175\n|move|p2b: Amoonguss|Rage Powder|p2b: Amoonguss\n|-singleturn|p2b: Amoonguss|move: Rage Powder\n|-activate|p1a: Maushold|confusion\n|-damage|p1a: Maushold|49\/100|[from] confusion\n|move|p1b: Annihilape|Rage Fist|p2b: Amoonguss\n|-damage|p2b: Amoonguss|75\/100\n|move|p2a: Pelipper|Hurricane|p1b: Annihilape\n|-supereffective|p1b: Annihilape\n|-damage|p1b: Annihilape|55\/100\n|\n|-weather|RainDance|[upkeep]\n|-heal|p2b: Amoonguss|81\/100|[from] item: Leftovers\n|upkeep\n|turn|3\n|\n|t:|1700492187\n|-terastallize|p1b: Annihilape|Water\n|-end|p1a: Maushold|confusion\n|move|p1a: Maushold|Beat Up|p1b: Annihilape\n|-damage|p1b: Annihilape|54\/100\n|-crit|p1b: Annihilape\n|-damage|p1b: Annihilape|51\/100\n|-damage|p1b: Annihilape|50\/100\n|-enditem|p1b: Annihilape|Sitrus Berry|[eat]\n|-heal|p1b: Annihilape|75\/100|[from] item: Sitrus Berry\n|-damage|p1b: Annihilape|74\/100\n|-hitcount|p1b: Annihilape|4\n|move|p1b: Annihilape|Rage Fist|p2b: Amoonguss\n|-damage|p2b: Amoonguss|0 fnt\n|faint|p2b: Amoonguss\n|move|p2a: Pelipper|Hurricane|p1b: Annihilape\n|-damage|p1b: Annihilape|51\/100\n|-start|p1b: Annihilape|confusion\n|\n|-weather|RainDance|[upkeep]\n|upkeep\n|c|\u2606Brigandine|OH NO\n|c|\u2606Shooples|OH YES\n|\n|t:|1700492207\n|switch|p2b: Kilowattrel|Kilowattrel, L50, M|100\/100\n|turn|4\n|c|\u2606Brigandine|YOU TWAT\n|c|\u2606Shooples|Also wtf is this confusion luck\n|\n|t:|1700492227\n|move|p1a: Maushold|Follow Me|p1a: Maushold\n|-singleturn|p1a: Maushold|move: Follow Me\n|move|p2b: Kilowattrel|Thunder|p1a: Maushold\n|-damage|p1a: Maushold|0 fnt\n|faint|p1a: Maushold\n|-activate|p1b: Annihilape|confusion\n|move|p1b: Annihilape|Rage Fist|p2b: Kilowattrel\n|-damage|p2b: Kilowattrel|0 fnt\n|faint|p2b: Kilowattrel\n|move|p2a: Pelipper|Hydro Pump|p1b: Annihilape|[miss]\n|-miss|p2a: Pelipper|p1b: Annihilape\n|\n|-weather|RainDance|[upkeep]\n|upkeep\n|c|\u2606Brigandine|WAHT\n|\n|t:|1700492246\n|switch|p2b: Garchomp|Garchomp, L50, M|100\/100\n|switch|p1a: Cresselia|Cresselia, L50, F|100\/100\n|turn|5\n|c|\u2606Brigandine|oh lawd help me, confusion land again\n|\n|t:|1700492266\n|-activate|p1b: Annihilape|confusion\n|move|p1b: Annihilape|Protect|p1b: Annihilape\n|-singleturn|p1b: Annihilape|Protect\n|move|p2b: Garchomp|Dragon Claw|p1b: Annihilape\n|-activate|p1b: Annihilape|move: Protect\n|move|p1a: Cresselia|Ice Beam|p2b: Garchomp\n|-supereffective|p2b: Garchomp\n|-damage|p2b: Garchomp|34\/100\n|move|p2a: Pelipper|Hurricane|p1b: Annihilape\n|-activate|p1b: Annihilape|move: Protect\n|\n|-weather|RainDance|[upkeep]\n|upkeep\n|turn|6\n|c|\u2606Shooples|Nuh uh\n|c|\u2606Brigandine|fym nuh uh\n|c|\u2606Shooples|Nuh uh\n|inactive|Brigandine has 30 seconds left.\n|\n|t:|1700492295\n|-terastallize|p2b: Garchomp|Steel\n|move|p2b: Garchomp|Iron Head|p1b: Annihilape\n|-resisted|p1b: Annihilape\n|-damage|p1b: Annihilape|41\/100\n|-activate|p1b: Annihilape|confusion\n|-damage|p1b: Annihilape|31\/100|[from] confusion\n|move|p1a: Cresselia|Ice Beam|p2b: Garchomp\n|-resisted|p2b: Garchomp\n|-damage|p2b: Garchomp|26\/100\n|move|p2a: Pelipper|Hurricane|p1b: Annihilape\n|-damage|p1b: Annihilape|1\/100\n|\n|-weather|RainDance|[upkeep]\n|upkeep\n|turn|7\n|c|\u2606Brigandine|AAAAAAAAAAA\n|c|\u2606Brigandine|PERISH\n|inactive|Brigandine has 30 seconds left.\n|inactive|Shooples has 30 seconds left.\n|\n|t:|1700492328\n|-end|p1b: Annihilape|confusion\n|move|p1b: Annihilape|Protect|p1b: Annihilape\n|-singleturn|p1b: Annihilape|Protect\n|move|p2b: Garchomp|Iron Head|p1a: Cresselia\n|-damage|p1a: Cresselia|79\/100\n|move|p2a: Pelipper|Hurricane|p1a: Cresselia\n|-damage|p1a: Cresselia|57\/100\n|cant|p1a: Cresselia|flinch\n|\n|-weather|RainDance|[upkeep]\n|upkeep\n|turn|8\n|\n|t:|1700492351\n|move|p1b: Annihilape|Protect|p1b: Annihilape\n|-singleturn|p1b: Annihilape|Protect\n|move|p2b: Garchomp|Dragon Claw|p1a: Cresselia\n|-damage|p1a: Cresselia|37\/100\n|move|p2a: Pelipper|Hurricane|p1a: Cresselia\n|-damage|p1a: Cresselia|13\/100\n|move|p1a: Cresselia|Trick Room|p1a: Cresselia\n|-fieldstart|move: Trick Room|[of] p1a: Cresselia\n|\n|-weather|none\n|upkeep\n|turn|9\n|\n|t:|1700492370\n|move|p2a: Pelipper|Hydro Pump|p1a: Cresselia\n|-damage|p1a: Cresselia|0 fnt\n|faint|p1a: Cresselia\n|move|p1b: Annihilape|Rage Fist|p2a: Pelipper\n|-damage|p2a: Pelipper|0 fnt\n|faint|p2a: Pelipper\n|move|p2b: Garchomp|Earthquake|p1b: Annihilape\n|-damage|p1b: Annihilape|0 fnt\n|faint|p1b: Annihilape\n|\n|upkeep\n|\n|t:|1700492380\n|switch|p1a: Arcanine|Arcanine-Hisui, L50, M|100\/100\n|-ability|p1a: Arcanine|Intimidate|boost\n|-unboost|p2b: Garchomp|atk|1\n|turn|10\n|c|\u2606Brigandine|NOO\n|c|\u2606Brigandine|i forgoot\n|\n|t:|1700492390\n|move|p1a: Arcanine|Flare Blitz|p2b: Garchomp\n|-supereffective|p2b: Garchomp\n|-damage|p2b: Garchomp|0 fnt\n|-damage|p1a: Arcanine|88\/100|[from] ability: Rough Skin|[of] p2b: Garchomp\n|-damage|p1a: Arcanine|72\/100|[from] item: Rocky Helmet|[of] p2b: Garchomp\n|faint|p2b: Garchomp\n|-damage|p1a: Arcanine|63\/100|[from] Recoil\n|\n|win|Shooples\n|raw|Shooples's rating: 1267 &rarr; <strong>1285<\/strong><br \/>(+18 for winning)\n|raw|Brigandine's rating: 1162 &rarr; <strong>1144<\/strong><br \/>(-18 for losing)\n|c|\u2606Shooples|Bing bong\n|c|\u2606Shooples|gg\n|c|\u2606Brigandine|dis shit unfair fr\n|c|\u2606Brigandine|gg\n|c|\u2606Shooples|Nuh uh\n|c|\u2606Brigandine|core memory\n|l|\u2606Brigandine\n","uploadtime":1700492424,"views":8,"p1id":"shooples","p2id":"brigandine","formatid":"gen9vgc2023regulatione","rating":1144,"private":0,"password":""}