{"id":"gen9vgc2023regulatione-1988960392","p1":"Vich8","p2":"Applebys","format":"[Gen 9] VGC 2023 Regulation E","log":"|j|\u2606Vich8\n|j|\u2606Applebys\n|t:|1699794867\n|gametype|doubles\n|player|p1|Vich8|gentleman-gen4|1167\n|player|p2|Applebys|veteran|1115\n|teamsize|p1|6\n|teamsize|p2|6\n|gen|9\n|tier|[Gen 9] VGC 2023 Regulation E\n|rated|\n|rule|Species Clause: Limit one of each Pok\u00e9mon\n|rule|Item Clause: Limit one of each item\n|clearpoke\n|poke|p1|Kommo-o, L50, M|\n|poke|p1|Tyranitar, L50, F|\n|poke|p1|Rillaboom, L50, F|\n|poke|p1|Flutter Mane, L50|\n|poke|p1|Arcanine-Hisui, L50, F|\n|poke|p1|Iron Bundle, L50|\n|poke|p2|Ninetales, L50, F|\n|poke|p2|Ogerpon-Hearthflame, L50, F|\n|poke|p2|Rillaboom, L50, M|\n|poke|p2|Sneasler, L50, M|\n|poke|p2|Arcanine-Hisui, L50, M|\n|poke|p2|Flutter Mane, L50|\n|teampreview|4\n|inactive|Battle timer is ON: inactive players will automatically lose when time's up. (requested by Vich8)\nApplebys rejected open team sheets.\n|inactive|Vich8 has 60 seconds left.\n|\n|t:|1699794916\n|start\n|switch|p1a: Kommo-o|Kommo-o, L50, M, shiny|100\/100\n|switch|p1b: Flutter Mane|Flutter Mane, L50|100\/100\n|switch|p2a: Rillaboom|Rillaboom, L50, M|100\/100\n|switch|p2b: Sneasler|Sneasler, L50, M|100\/100\n|-fieldstart|move: Grassy Terrain|[from] ability: Grassy Surge|[of] p2a: Rillaboom\n|-enditem|p2b: Sneasler|Grassy Seed\n|-boost|p2b: Sneasler|def|1|[from] item: Grassy Seed\n|turn|1\n|inactive|Vich8 has 30 seconds left.\n|\n|t:|1699794947\n|-end|p1b: Flutter Mane|Protosynthesis|[silent]\n|switch|p1b: Tyranitar|Tyranitar, L50, F, shiny|100\/100\n|-weather|Sandstorm|[from] ability: Sand Stream|[of] p1b: Tyranitar\n|move|p1a: Kommo-o|Protect|p1a: Kommo-o\n|-singleturn|p1a: Kommo-o|Protect\n|move|p2a: Rillaboom|Fake Out|p1a: Kommo-o\n|-activate|p1a: Kommo-o|move: Protect\n|move|p2b: Sneasler|Gunk Shot|p1b: Tyranitar\n|-resisted|p1b: Tyranitar\n|-damage|p1b: Tyranitar|71\/100\n|\n|-weather|Sandstorm|[upkeep]\n|-damage|p2b: Sneasler|95\/100|[from] Sandstorm\n|-damage|p2a: Rillaboom|95\/100|[from] Sandstorm\n|-damage|p1a: Kommo-o|94\/100|[from] Sandstorm\n|-heal|p2b: Sneasler|100\/100|[from] Grassy Terrain\n|-heal|p2a: Rillaboom|100\/100|[from] Grassy Terrain\n|-heal|p1b: Tyranitar|77\/100|[from] Grassy Terrain\n|-heal|p1a: Kommo-o|100\/100|[from] Grassy Terrain\n|upkeep\n|turn|2\n|inactive|Vich8 has 30 seconds left.\n|inactive|Applebys has 30 seconds left.\n|inactive|Applebys has 20 seconds left.\n|\n|t:|1699794983\n|-terastallize|p1b: Tyranitar|Psychic\n|move|p2b: Sneasler|Close Combat|p1b: Tyranitar\n|-resisted|p1b: Tyranitar\n|-damage|p1b: Tyranitar|43\/100\n|-unboost|p2b: Sneasler|def|1\n|-unboost|p2b: Sneasler|spd|1\n|move|p2a: Rillaboom|Knock Off|p1a: Kommo-o\n|-resisted|p1a: Kommo-o\n|-damage|p1a: Kommo-o|91\/100\n|-enditem|p1a: Kommo-o|Leftovers|[from] move: Knock Off|[of] p2a: Rillaboom\n|move|p1b: Tyranitar|Tera Blast|p2b: Sneasler|[anim] Tera Blast Psychic\n|-supereffective|p2b: Sneasler\n|-damage|p2b: Sneasler|0 fnt\n|faint|p2b: Sneasler\n|move|p1a: Kommo-o|Iron Defense|p1a: Kommo-o\n|-boost|p1a: Kommo-o|def|2\n|\n|-weather|Sandstorm|[upkeep]\n|-damage|p2a: Rillaboom|95\/100|[from] Sandstorm\n|-damage|p1b: Tyranitar|37\/100|[from] Sandstorm\n|-damage|p1a: Kommo-o|85\/100|[from] Sandstorm\n|-heal|p2a: Rillaboom|100\/100|[from] Grassy Terrain\n|-heal|p1b: Tyranitar|43\/100|[from] Grassy Terrain\n|-heal|p1a: Kommo-o|91\/100|[from] Grassy Terrain\n|upkeep\n|\n|t:|1699795004\n|switch|p2b: Flutter Mane|Flutter Mane, L50|100\/100\n|turn|3\n|\n|t:|1699795019\n|-terastallize|p2b: Flutter Mane|Fairy\n|move|p1a: Kommo-o|Protect|p1a: Kommo-o\n|-singleturn|p1a: Kommo-o|Protect\n|move|p2b: Flutter Mane|Dazzling Gleam|p1a: Kommo-o|[spread] p1b\n|-activate|p1a: Kommo-o|move: Protect\n|-damage|p1b: Tyranitar|1\/100\n|move|p2a: Rillaboom|Knock Off|p1b: Tyranitar\n|-supereffective|p1b: Tyranitar\n|-damage|p1b: Tyranitar|0 fnt\n|-enditem|p1b: Tyranitar|Assault Vest|[from] move: Knock Off|[of] p2a: Rillaboom\n|faint|p1b: Tyranitar\n|\n|-weather|Sandstorm|[upkeep]\n|-damage|p2b: Flutter Mane|94\/100|[from] Sandstorm\n|-damage|p2a: Rillaboom|95\/100|[from] Sandstorm\n|-damage|p1a: Kommo-o|85\/100|[from] Sandstorm\n|-heal|p2b: Flutter Mane|100\/100|[from] Grassy Terrain\n|-heal|p2a: Rillaboom|100\/100|[from] Grassy Terrain\n|-heal|p1a: Kommo-o|91\/100|[from] Grassy Terrain\n|upkeep\n|j| Cloudwolfza\n|\n|t:|1699795030\n|switch|p1b: Rillaboom|Rillaboom, L50, F, shiny|100\/100\n|turn|4\n|\n|t:|1699795048\n|-end|p2b: Flutter Mane|Protosynthesis|[silent]\n|switch|p2b: Arcanine|Arcanine-Hisui, L50, M|100\/100\n|-ability|p2b: Arcanine|Intimidate|boost\n|-unboost|p1a: Kommo-o|atk|1\n|-unboost|p1b: Rillaboom|atk|1\n|move|p1b: Rillaboom|Fake Out|p2b: Arcanine\n|-resisted|p2b: Arcanine\n|-damage|p2b: Arcanine|95\/100\n|move|p2a: Rillaboom|U-turn|p1b: Rillaboom\n|-supereffective|p1b: Rillaboom\n|-damage|p1b: Rillaboom|51\/100\n|\n|t:|1699795057\n|switch|p2a: Flutter Mane|Flutter Mane, L50, tera:Fairy|100\/100|[from] U-turn\n|move|p1a: Kommo-o|Iron Head|p2b: Arcanine\n|-damage|p2b: Arcanine|77\/100\n|\n|-weather|Sandstorm|[upkeep]\n|-damage|p2a: Flutter Mane|94\/100|[from] Sandstorm\n|-damage|p1b: Rillaboom|45\/100|[from] Sandstorm\n|-damage|p1a: Kommo-o|85\/100|[from] Sandstorm\n|-heal|p2b: Arcanine|83\/100|[from] Grassy Terrain\n|-heal|p2a: Flutter Mane|100\/100|[from] Grassy Terrain\n|-heal|p1b: Rillaboom|51\/100|[from] Grassy Terrain\n|-heal|p1a: Kommo-o|91\/100|[from] Grassy Terrain\n|upkeep\n|turn|5\n|\n|t:|1699795073\n|move|p1a: Kommo-o|Protect|p1a: Kommo-o\n|-singleturn|p1a: Kommo-o|Protect\n|move|p2b: Arcanine|Rock Slide|p1b: Rillaboom|[spread] p1b\n|-activate|p1a: Kommo-o|move: Protect\n|-damage|p1b: Rillaboom|21\/100\n|move|p2a: Flutter Mane|Dazzling Gleam|p1b: Rillaboom|[spread] p1b\n|-activate|p1a: Kommo-o|move: Protect\n|-damage|p1b: Rillaboom|0 fnt\n|faint|p1b: Rillaboom\n|\n|-weather|none\n|-heal|p2b: Arcanine|89\/100|[from] Grassy Terrain\n|-heal|p1a: Kommo-o|97\/100|[from] Grassy Terrain\n|-fieldend|move: Grassy Terrain\n|upkeep\n|\n|t:|1699795082\n|switch|p1b: Flutter Mane|Flutter Mane, L50|100\/100\n|turn|6\n|\n|t:|1699795092\n|move|p2b: Arcanine|Rock Slide|p1b: Flutter Mane|[spread] p1a,p1b\n|-resisted|p1a: Kommo-o\n|-damage|p1a: Kommo-o|92\/100\n|-damage|p1b: Flutter Mane|45\/100\n|move|p2a: Flutter Mane|Dazzling Gleam|p1a: Kommo-o|[spread] p1a,p1b\n|-supereffective|p1a: Kommo-o\n|-damage|p1a: Kommo-o|0 fnt\n|-damage|p1b: Flutter Mane|0 fnt\n|faint|p1a: Kommo-o\n|faint|p1b: Flutter Mane\n|-end|p1b: Flutter Mane|Protosynthesis|[silent]\n|\n|win|Applebys\n|raw|Vich8's rating: 1167 &rarr; <strong>1138<\/strong><br \/>(-29 for losing)\n|raw|Applebys's rating: 1115 &rarr; <strong>1144<\/strong><br \/>(+29 for winning)\n|l|\u2606Vich8\n|l|\u2606Applebys\n","uploadtime":1699795189,"views":10,"p1id":"vich8","p2id":"applebys","formatid":"gen9vgc2023regulatione","rating":1138,"private":0,"password":""}