{"id":"gen9vgc2023regulatione-1999627278","p1":"REEEREE23","p2":"crackheadfred","format":"[Gen 9] VGC 2023 Regulation E","log":"|j|\u2606REEEREE23\n|j|\u2606crackheadfred\n|t:|1701102503\n|gametype|doubles\n|player|p1|REEEREE23|carmine-festival|1102\n|player|p2|crackheadfred|170|1138\n|teamsize|p1|6\n|teamsize|p2|6\n|gen|9\n|tier|[Gen 9] VGC 2023 Regulation E\n|rated|\n|rule|Species Clause: Limit one of each Pok\u00e9mon\n|rule|Item Clause: Limit one of each item\n|clearpoke\n|poke|p1|Dondozo, L50, M|\n|poke|p1|Tatsugiri-Droopy, L50, M|\n|poke|p1|Ogerpon, L50, F|\n|poke|p1|Landorus-Therian, L50, M|\n|poke|p1|Iron Bundle, L50|\n|poke|p1|Arcanine-Hisui, L50, F|\n|poke|p2|Shiftry, L50, M|\n|poke|p2|Landorus-Therian, L50, M|\n|poke|p2|Chi-Yu, L50|\n|poke|p2|Iron Hands, L50|\n|poke|p2|Farigiraf, L50, M|\n|poke|p2|Annihilape, L50, M|\n|teampreview|4\nREEEREE23 has agreed to open team sheets.\n|\n|t:|1701102548\n|start\n|switch|p1a: DonBozo|Dondozo, L50, M, shiny|100\/100\n|switch|p1b: Sushi|Tatsugiri-Droopy, L50, M, shiny|100\/100\n|switch|p2a: Shiftry|Shiftry, L50, M|100\/100\n|switch|p2b: Iron Hands|Iron Hands, L50|100\/100\n|-activate|p1b: Sushi|ability: Commander|[of] p1a: DonBozo\n|-boost|p1a: DonBozo|atk|2\n|-boost|p1a: DonBozo|spa|2\n|-boost|p1a: DonBozo|spe|2\n|-boost|p1a: DonBozo|def|2\n|-boost|p1a: DonBozo|spd|2\n|turn|1\n|inactive|Battle timer is ON: inactive players will automatically lose when time's up. (requested by crackheadfred)\n|\n|t:|1701102570\n|-terastallize|p1a: DonBozo|Dragon\n|move|p2b: Iron Hands|Fake Out|p1a: DonBozo\n|-damage|p1a: DonBozo|96\/100\n|move|p2a: Shiftry|Tailwind|p2a: Shiftry\n|-sidestart|p2: crackheadfred|move: Tailwind\n|-ability|p2a: Shiftry|Wind Rider|boost\n|-boost|p2a: Shiftry|atk|1\n|cant|p1a: DonBozo|flinch\n|\n|-heal|p1a: DonBozo|100\/100|[from] item: Leftovers\n|upkeep\n|turn|2\n|inactive|crackheadfred has 30 seconds left.\n|\n|t:|1701102596\n|-end|p2b: Iron Hands|Quark Drive|[silent]\n|switch|p2b: Annihilape|Annihilape, L50, M|100\/100\n|move|p2a: Shiftry|Leaf Blade|p1a: DonBozo\n|-resisted|p1a: DonBozo\n|-damage|p1a: DonBozo|96\/100\n|move|p1a: DonBozo|Order Up|p2a: Shiftry\n|-damage|p2a: Shiftry|9\/100\n|-boost|p1a: DonBozo|def|1\n|\n|-heal|p1a: DonBozo|100\/100|[from] item: Leftovers\n|upkeep\n|turn|3\n|\n|t:|1701102620\n|move|p2a: Shiftry|Protect|p2a: Shiftry\n|-singleturn|p2a: Shiftry|Protect\n|move|p2b: Annihilape|Bulk Up|p2b: Annihilape\n|-boost|p2b: Annihilape|atk|1\n|-boost|p2b: Annihilape|def|1\n|move|p1a: DonBozo|Order Up|p2a: Shiftry\n|-activate|p2a: Shiftry|move: Protect\n|\n|upkeep\n|turn|4\n|\n|t:|1701102640\n|move|p2a: Shiftry|Leaf Blade|p1a: DonBozo\n|-resisted|p1a: DonBozo\n|-damage|p1a: DonBozo|97\/100\n|move|p2b: Annihilape|Bulk Up|p2b: Annihilape\n|-boost|p2b: Annihilape|atk|1\n|-boost|p2b: Annihilape|def|1\n|move|p1a: DonBozo|Yawn|p2b: Annihilape\n|-start|p2b: Annihilape|move: Yawn|[of] p1a: DonBozo\n|\n|-heal|p1a: DonBozo|100\/100|[from] item: Leftovers\n|-sideend|p2: crackheadfred|move: Tailwind\n|upkeep\n|turn|5\n|\n|t:|1701102662\n|move|p2a: Shiftry|Tailwind|p2a: Shiftry\n|-sidestart|p2: crackheadfred|move: Tailwind\n|-ability|p2a: Shiftry|Wind Rider|boost\n|-boost|p2a: Shiftry|atk|1\n|move|p2b: Annihilape|Drain Punch|p1a: DonBozo\n|-damage|p1a: DonBozo|93\/100\n|move|p1a: DonBozo|Order Up|p2a: Shiftry\n|-damage|p2a: Shiftry|0 fnt\n|faint|p2a: Shiftry\n|-boost|p1a: DonBozo|def|1\n|\n|-heal|p1a: DonBozo|99\/100|[from] item: Leftovers\n|-end|p2b: Annihilape|move: Yawn|[silent]\n|-status|p2b: Annihilape|slp\n|upkeep\n|\n|t:|1701102677\n|switch|p2a: Iron Hands|Iron Hands, L50|100\/100\n|turn|6\n|\n|t:|1701102694\n|move|p2a: Iron Hands|Fake Out|p1a: DonBozo\n|-crit|p1a: DonBozo\n|-damage|p1a: DonBozo|88\/100\n|cant|p2b: Annihilape|slp\n|cant|p1a: DonBozo|flinch\n|\n|-heal|p1a: DonBozo|94\/100|[from] item: Leftovers\n|upkeep\n|turn|7\n|\n|t:|1701102708\n|cant|p2b: Annihilape|slp\n|move|p2a: Iron Hands|Wild Charge|p1a: DonBozo\n|-resisted|p1a: DonBozo\n|-damage|p1a: DonBozo|90\/100\n|-damage|p2a: Iron Hands|99\/100|[from] Recoil\n|move|p1a: DonBozo|Curse|p1a: DonBozo\n|-unboost|p1a: DonBozo|spe|1\n|-boost|p1a: DonBozo|atk|1\n|-boost|p1a: DonBozo|def|1\n|\n|-heal|p1a: DonBozo|96\/100|[from] item: Leftovers\n|upkeep\n|turn|8\n|\n|t:|1701102723\n|-curestatus|p2b: Annihilape|slp|[msg]\n|move|p2b: Annihilape|Drain Punch|p1a: DonBozo\n|-damage|p1a: DonBozo|90\/100\n|move|p2a: Iron Hands|Wild Charge|p1a: DonBozo\n|-resisted|p1a: DonBozo\n|-damage|p1a: DonBozo|87\/100\n|-damage|p2a: Iron Hands|99\/100|[from] Recoil\n|move|p1a: DonBozo|Order Up|p2a: Iron Hands\n|-damage|p2a: Iron Hands|52\/100\n|-boost|p1a: DonBozo|def|1\n|\n|-heal|p1a: DonBozo|93\/100|[from] item: Leftovers\n|-sideend|p2: crackheadfred|move: Tailwind\n|upkeep\n|turn|9\n|inactive|REEEREE23 has 30 seconds left.\n|inactive|crackheadfred has 30 seconds left.\n|\n|t:|1701102752\n|move|p2b: Annihilape|Bulk Up|p2b: Annihilape\n|-boost|p2b: Annihilape|atk|1\n|-boost|p2b: Annihilape|def|1\n|move|p1a: DonBozo|Yawn|p2a: Iron Hands\n|-start|p2a: Iron Hands|move: Yawn|[of] p1a: DonBozo\n|move|p2a: Iron Hands|Drain Punch|p1a: DonBozo\n|-damage|p1a: DonBozo|87\/100\n|-heal|p2a: Iron Hands|55\/100|[from] drain|[of] p1a: DonBozo\n|\n|-heal|p1a: DonBozo|93\/100|[from] item: Leftovers\n|upkeep\n|turn|10\n|\n|t:|1701102773\n|-end|p2a: Iron Hands|Quark Drive|[silent]\n|switch|p2a: Landorus|Landorus-Therian, L50, M|100\/100\n|-ability|p2a: Landorus|Intimidate|boost\n|-unboost|p1a: DonBozo|atk|1\n|-unboost|p1b: Sushi|atk|1\n|move|p2b: Annihilape|Bulk Up|p2b: Annihilape\n|-boost|p2b: Annihilape|atk|1\n|-boost|p2b: Annihilape|def|1\n|move|p1a: DonBozo|Order Up|p2b: Annihilape\n|-damage|p2b: Annihilape|45\/100\n|-enditem|p2b: Annihilape|Sitrus Berry|[eat]\n|-heal|p2b: Annihilape|70\/100|[from] item: Sitrus Berry\n|-boost|p1a: DonBozo|def|0\n|\n|-heal|p1a: DonBozo|99\/100|[from] item: Leftovers\n|upkeep\n|turn|11\n|\n|t:|1701102796\n|-terastallize|p2a: Landorus|Flying\n|move|p2a: Landorus|Tera Blast|p1a: DonBozo|[anim] Tera Blast Flying\n|-damage|p1a: DonBozo|93\/100\n|move|p2b: Annihilape|Rage Fist|p1a: DonBozo\n|-damage|p1a: DonBozo|86\/100\n|move|p1a: DonBozo|Yawn|p2a: Landorus\n|-start|p2a: Landorus|move: Yawn|[of] p1a: DonBozo\n|\n|-heal|p1a: DonBozo|93\/100|[from] item: Leftovers\n|upkeep\n|turn|12\n|\n|t:|1701102810\n|move|p2a: Landorus|Tera Blast|p1a: DonBozo|[anim] Tera Blast Flying\n|-damage|p1a: DonBozo|85\/100\n|move|p2b: Annihilape|Rage Fist|p1a: DonBozo\n|-crit|p1a: DonBozo\n|-damage|p1a: DonBozo|50\/100\n|move|p1a: DonBozo|Order Up|p2b: Annihilape\n|-damage|p2b: Annihilape|16\/100\n|-boost|p1a: DonBozo|def|0\n|\n|-heal|p1a: DonBozo|56\/100|[from] item: Leftovers\n|-end|p2a: Landorus|move: Yawn|[silent]\n|-status|p2a: Landorus|slp\n|upkeep\n|turn|13\n|\n|t:|1701102833\n|switch|p2a: Iron Hands|Iron Hands, L50|55\/100\n|move|p2b: Annihilape|Protect|p2b: Annihilape\n|-singleturn|p2b: Annihilape|Protect\n|move|p1a: DonBozo|Order Up|p2b: Annihilape\n|-activate|p2b: Annihilape|move: Protect\n|\n|-heal|p1a: DonBozo|62\/100|[from] item: Leftovers\n|upkeep\n|turn|14\n|\n|t:|1701102848\n|move|p1a: DonBozo|Protect|p1a: DonBozo\n|-singleturn|p1a: DonBozo|Protect\n|move|p2a: Iron Hands|Fake Out|p1a: DonBozo\n|-activate|p1a: DonBozo|move: Protect\n|move|p2b: Annihilape|Rage Fist|p1a: DonBozo\n|-activate|p1a: DonBozo|move: Protect\n|\n|-heal|p1a: DonBozo|68\/100|[from] item: Leftovers\n|upkeep\n|turn|15\n|\n|t:|1701102862\n|move|p2b: Annihilape|Rage Fist|p1a: DonBozo\n|-damage|p1a: DonBozo|58\/100\n|move|p1a: DonBozo|Order Up|p2b: Annihilape\n|-damage|p2b: Annihilape|0 fnt\n|faint|p2b: Annihilape\n|-boost|p1a: DonBozo|def|0\n|move|p2a: Iron Hands|Wild Charge|p1a: DonBozo\n|-resisted|p1a: DonBozo\n|-damage|p1a: DonBozo|55\/100\n|-damage|p2a: Iron Hands|55\/100|[from] Recoil\n|\n|-heal|p1a: DonBozo|61\/100|[from] item: Leftovers\n|upkeep\n|-message|crackheadfred forfeited.\n|\n|win|REEEREE23\n|raw|REEEREE23's rating: 1102 &rarr; <strong>1130<\/strong><br \/>(+28 for winning)\n|raw|crackheadfred's rating: 1138 &rarr; <strong>1110<\/strong><br \/>(-28 for losing)\n|l|\u2606crackheadfred\n|c|\u2606REEEREE23|ggs\n","uploadtime":1701102890,"views":5,"p1id":"reeeree23","p2id":"crackheadfred","formatid":"gen9vgc2023regulatione","rating":1110,"private":0,"password":""}