{"id":"gen9vgc2023regulatione-1989425279","p1":"SkyLight0","p2":"Mentalsyndrome","format":"[Gen 9] VGC 2023 Regulation E","log":"|j|\u2606SkyLight0\n|j|\u2606Mentalsyndrome\n|t:|1699848636\n|gametype|doubles\n|player|p1|SkyLight0|170|1094\n|player|p2|Mentalsyndrome|byron|1123\n|teamsize|p1|6\n|teamsize|p2|6\n|gen|9\n|tier|[Gen 9] VGC 2023 Regulation E\n|rated|\n|rule|Species Clause: Limit one of each Pok\u00e9mon\n|rule|Item Clause: Limit one of each item\n|clearpoke\n|poke|p1|Landorus, L50, M|\n|poke|p1|Gyarados, L50, F|\n|poke|p1|Flutter Mane, L50|\n|poke|p1|Roaring Moon, L50|\n|poke|p1|Iron Hands, L50|\n|poke|p1|Ogerpon-Hearthflame, L50, F|\n|poke|p2|Tornadus, L50, M|\n|poke|p2|Zapdos, L50|\n|poke|p2|Articuno-Galar, L50|\n|poke|p2|Basculegion, L50, M|\n|poke|p2|Amoonguss, L50, M|\n|poke|p2|Flutter Mane, L50|\n|teampreview|4\n|\n|t:|1699848674\n|start\n|switch|p1a: Roaring Moon|Roaring Moon, L50|100\/100\n|switch|p1b: Iron Hands|Iron Hands, L50|100\/100\n|switch|p2a: Tornadus|Tornadus, L50, M|100\/100\n|switch|p2b: Zapdos|Zapdos, L50|100\/100\n|-ability|p2b: Zapdos|Pressure\n|-enditem|p1a: Roaring Moon|Booster Energy\n|-activate|p1a: Roaring Moon|ability: Protosynthesis|[fromitem]\n|-start|p1a: Roaring Moon|protosynthesisatk\n|turn|1\n|\n|t:|1699848696\n|move|p1b: Iron Hands|Fake Out|p2b: Zapdos\n|-damage|p2b: Zapdos|84\/100\n|move|p2a: Tornadus|Rain Dance|p2a: Tornadus\n|-weather|RainDance\n|move|p1a: Roaring Moon|Tailwind|p1a: Roaring Moon\n|-sidestart|p1: SkyLight0|move: Tailwind\n|cant|p2b: Zapdos|flinch\n|\n|-weather|RainDance|[upkeep]\n|upkeep\n|turn|2\n|\n|t:|1699848718\n|move|p2a: Tornadus|Tailwind|p2a: Tornadus\n|-sidestart|p2: Mentalsyndrome|move: Tailwind\n|move|p1a: Roaring Moon|Knock Off|p2b: Zapdos\n|-damage|p2b: Zapdos|13\/100\n|-enditem|p2b: Zapdos|Assault Vest|[from] move: Knock Off|[of] p1a: Roaring Moon\n|move|p2b: Zapdos|Hurricane|p1a: Roaring Moon\n|-damage|p1a: Roaring Moon|52\/100\n|move|p1b: Iron Hands|Wild Charge|p2a: Tornadus\n|-supereffective|p2a: Tornadus\n|-damage|p2a: Tornadus|0 fnt\n|faint|p2a: Tornadus\n|-damage|p1b: Iron Hands|82\/100|[from] Recoil\n|\n|-weather|RainDance|[upkeep]\n|upkeep\n|\n|t:|1699848723\n|switch|p2a: Basculegion|Basculegion, L50, M|100\/100\n|turn|3\n|\n|t:|1699848746\n|-terastallize|p2a: Basculegion|Water\n|move|p2a: Basculegion|Wave Crash|p1a: Roaring Moon\n|-resisted|p1a: Roaring Moon\n|-damage|p1a: Roaring Moon|0 fnt\n|faint|p1a: Roaring Moon\n|-end|p1a: Roaring Moon|Protosynthesis|[silent]\n|-damage|p2a: Basculegion|84\/100|[from] Recoil\n|move|p2b: Zapdos|Hurricane|p1b: Iron Hands\n|-damage|p1b: Iron Hands|49\/100\n|move|p1b: Iron Hands|Wild Charge|p2a: Basculegion\n|-supereffective|p2a: Basculegion\n|-damage|p2a: Basculegion|0 fnt\n|faint|p2a: Basculegion\n|-damage|p1b: Iron Hands|31\/100|[from] Recoil\n|\n|-weather|RainDance|[upkeep]\n|upkeep\n|\n|t:|1699848764\n|switch|p1a: Flutter Mane|Flutter Mane, L50|100\/100\n|switch|p2a: Articuno|Articuno-Galar, L50|100\/100\n|turn|4\n|\n|t:|1699848795\n|move|p1a: Flutter Mane|Shadow Ball|p2a: Articuno\n|-supereffective|p2a: Articuno\n|-damage|p2a: Articuno|11\/100\n|move|p2b: Zapdos|Hurricane|p1a: Flutter Mane\n|-damage|p1a: Flutter Mane|36\/100\n|move|p2a: Articuno|Hurricane|p1b: Iron Hands\n|-damage|p1b: Iron Hands|0 fnt\n|faint|p1b: Iron Hands\n|-end|p1b: Iron Hands|Quark Drive|[silent]\n|\n|-weather|RainDance|[upkeep]\n|-sideend|p1: SkyLight0|move: Tailwind\n|upkeep\n|\n|t:|1699848804\n|switch|p1b: Gyarados|Gyarados, L50, F|100\/100\n|-ability|p1b: Gyarados|Intimidate|boost\n|-unboost|p2a: Articuno|atk|1\n|-ability|p2a: Articuno|Competitive|boost\n|-boost|p2a: Articuno|spa|2\n|-unboost|p2b: Zapdos|atk|1\n|turn|5\n|\n|t:|1699848815\n|move|p2b: Zapdos|Thunder|p1b: Gyarados\n|-supereffective|p1b: Gyarados\n|-damage|p1b: Gyarados|0 fnt\n|faint|p1b: Gyarados\n|move|p2a: Articuno|Hurricane|p1a: Flutter Mane\n|-damage|p1a: Flutter Mane|0 fnt\n|faint|p1a: Flutter Mane\n|-end|p1a: Flutter Mane|Protosynthesis|[silent]\n|\n|win|Mentalsyndrome\n|raw|SkyLight0's rating: 1094 &rarr; <strong>1072<\/strong><br \/>(-22 for losing)\n|raw|Mentalsyndrome's rating: 1123 &rarr; <strong>1146<\/strong><br \/>(+23 for winning)\n|l|\u2606SkyLight0\n|c|\u2606Mentalsyndrome|Gg\n|l|\u2606Mentalsyndrome\n|j|\u2606Mentalsyndrome\n|player|p2|Mentalsyndrome|byron\n","uploadtime":1699848953,"views":12,"p1id":"skylight0","p2id":"mentalsyndrome","formatid":"gen9vgc2023regulatione","rating":1072,"private":0,"password":""}