{"id":"gen9vgc2023regulatione-1988896701","p1":"strmwng","p2":"AStupidAsian","format":"[Gen 9] VGC 2023 Regulation E","log":"|j|\u2606strmwng\n|j|\u2606AStupidAsian\n|t:|1699783297\n|gametype|doubles\n|player|p1|strmwng|lucas|1121\n|player|p2|AStupidAsian|sordward|1115\n|teamsize|p1|4\n|teamsize|p2|6\n|gen|9\n|tier|[Gen 9] VGC 2023 Regulation E\n|rated|\n|rule|Species Clause: Limit one of each Pok\u00e9mon\n|rule|Item Clause: Limit one of each item\n|clearpoke\n|poke|p1|Armarouge, L50, F|\n|poke|p1|Urshifu-*, L50, M|\n|poke|p1|Indeedee-F, L50, F|\n|poke|p1|Roaring Moon, L50|\n|poke|p2|Golduck, L50, F|\n|poke|p2|Kommo-o, L50, M|\n|poke|p2|Sinistcha, L50|\n|poke|p2|Dondozo, L50, M|\n|poke|p2|Tatsugiri-Stretchy, L50, F|\n|poke|p2|Amoonguss, L50, M|\n|teampreview|4\n|\n|t:|1699783306\n|start\n|switch|p1a: Armarouge|Armarouge, L50, F, shiny|100\/100\n|switch|p1b: Urshifu|Urshifu-Rapid-Strike, L50, M|100\/100\n|switch|p2a: Dondozo|Dondozo, L50, M|100\/100\n|switch|p2b: Golduck|Golduck, L50, F|100\/100\n|turn|1\n|inactive|Battle timer is ON: inactive players will automatically lose when time's up. (requested by strmwng)\n|\n|t:|1699783319\n|-terastallize|p1a: Armarouge|Psychic\n|move|p1a: Armarouge|Endure|p1a: Armarouge\n|-singleturn|p1a: Armarouge|move: Endure\n|move|p1b: Urshifu|U-turn|p1a: Armarouge\n|-supereffective|p1a: Armarouge\n|-crit|p1a: Armarouge\n|-damage|p1a: Armarouge|19\/100\n|-ability|p1a: Armarouge|Weak Armor|boost\n|-unboost|p1a: Armarouge|def|1\n|-boost|p1a: Armarouge|spe|2\n|-enditem|p1a: Armarouge|Weakness Policy\n|-boost|p1a: Armarouge|atk|2|[from] item: Weakness Policy\n|-boost|p1a: Armarouge|spa|2|[from] item: Weakness Policy\n|\n|t:|1699783331\n|switch|p1b: Indeedee|Indeedee-F, L50, F, shiny|100\/100|[from] U-turn\n|-fieldstart|move: Psychic Terrain|[from] ability: Psychic Surge|[of] p1b: Indeedee\n|move|p2b: Golduck|Simple Beam|p2a: Dondozo\n|-endability|p2a: Dondozo|Unaware|[from] move: Simple Beam\n|-ability|p2a: Dondozo|Simple|[from] move: Simple Beam\n|move|p2a: Dondozo|Earthquake|p1a: Armarouge|[spread] p2b,p1a,p1b\n|-damage|p2b: Golduck|72\/100\n|-activate|p1a: Armarouge|move: Endure\n|-damage|p1a: Armarouge|1\/100\n|-damage|p1b: Indeedee|70\/100\n|-ability|p1a: Armarouge|Weak Armor|boost\n|-unboost|p1a: Armarouge|def|1\n|-boost|p1a: Armarouge|spe|2\n|\n|upkeep\n|turn|2\n|c|\u2606AStupidAsian|oh no\n|c|\u2606AStupidAsian|any way\n|c|\u2606AStupidAsian|wanna see something funny\n|\n|t:|1699783352\n|switch|p2b: Tatsugiri|Tatsugiri-Stretchy, L50, F|100\/100\n|-activate|p2b: Tatsugiri|ability: Commander|[of] p2a: Dondozo\n|-boost|p2a: Dondozo|atk|4\n|-boost|p2a: Dondozo|spa|4\n|-boost|p2a: Dondozo|spe|4\n|-boost|p2a: Dondozo|def|4\n|-boost|p2a: Dondozo|spd|4\n|move|p1b: Indeedee|Helping Hand|p1a: Armarouge\n|-singleturn|p1a: Armarouge|Helping Hand|[of] p1b: Indeedee\n|move|p1a: Armarouge|Expanding Force|p2b: Tatsugiri|[spread] p2a\n|-miss|p1a: Armarouge|p2b: Tatsugiri\n|-damage|p2a: Dondozo|26\/100\n|move|p2a: Dondozo|Earthquake|p1b: Indeedee|[spread] p1a,p1b\n|-miss|p2a: Dondozo|p2b: Tatsugiri\n|-damage|p1a: Armarouge|0 fnt\n|-damage|p1b: Indeedee|0 fnt\n|faint|p1a: Armarouge\n|faint|p1b: Indeedee\n|\n|-heal|p2a: Dondozo|32\/100|[from] item: Leftovers\n|upkeep\n|\n|t:|1699783374\n|switch|p1a: Roaring Moon|Roaring Moon, L50, shiny|100\/100\n|switch|p1b: Urshifu|Urshifu-Rapid-Strike, L50, M|100\/100\n|-enditem|p1a: Roaring Moon|Booster Energy\n|-activate|p1a: Roaring Moon|ability: Protosynthesis|[fromitem]\n|-start|p1a: Roaring Moon|protosynthesisspe\n|turn|3\n|\n|t:|1699783396\n|move|p1a: Roaring Moon|Protect|p1a: Roaring Moon\n|-singleturn|p1a: Roaring Moon|Protect\n|move|p1b: Urshifu|Close Combat|p2a: Dondozo\n|-damage|p2a: Dondozo|18\/100\n|-unboost|p1b: Urshifu|def|1\n|-unboost|p1b: Urshifu|spd|1\n|move|p2a: Dondozo|Order Up|p1a: Roaring Moon\n|-activate|p1a: Roaring Moon|move: Protect\n|\n|-heal|p2a: Dondozo|24\/100|[from] item: Leftovers\n|upkeep\n|turn|4\n|\n|t:|1699783412\n|move|p1a: Roaring Moon|Acrobatics|p2a: Dondozo\n|-damage|p2a: Dondozo|16\/100\n|move|p1b: Urshifu|Close Combat|p2a: Dondozo\n|-damage|p2a: Dondozo|3\/100\n|-unboost|p1b: Urshifu|def|1\n|-unboost|p1b: Urshifu|spd|1\n|move|p2a: Dondozo|Earthquake|p1a: Roaring Moon|[spread] p1a,p1b\n|-miss|p2a: Dondozo|p2b: Tatsugiri\n|-damage|p1a: Roaring Moon|5\/100\n|-damage|p1b: Urshifu|0 fnt\n|faint|p1b: Urshifu\n|\n|-heal|p2a: Dondozo|9\/100|[from] item: Leftovers\n|upkeep\n|turn|5\n|\n|t:|1699783434\n|move|p2a: Dondozo|Protect|p2a: Dondozo\n|-singleturn|p2a: Dondozo|Protect\n|move|p1a: Roaring Moon|Acrobatics|p2a: Dondozo\n|-activate|p2a: Dondozo|move: Protect\n|\n|-heal|p2a: Dondozo|16\/100|[from] item: Leftovers\n|-fieldend|move: Psychic Terrain\n|upkeep\n|turn|6\n|\n|t:|1699783444\n|move|p1a: Roaring Moon|Acrobatics|p2a: Dondozo\n|-damage|p2a: Dondozo|7\/100\n|move|p2a: Dondozo|Order Up|p1a: Roaring Moon\n|-supereffective|p1a: Roaring Moon\n|-damage|p1a: Roaring Moon|0 fnt\n|faint|p1a: Roaring Moon\n|-end|p1a: Roaring Moon|Protosynthesis|[silent]\n|\n|win|AStupidAsian\n|raw|strmwng's rating: 1121 &rarr; <strong>1096<\/strong><br \/>(-25 for losing)\n|raw|AStupidAsian's rating: 1115 &rarr; <strong>1140<\/strong><br \/>(+25 for winning)\n","uploadtime":1699783453,"views":16,"p1id":"strmwng","p2id":"astupidasian","formatid":"gen9vgc2023regulatione","rating":1096,"private":0,"password":""}