{"id":"gen9vgc2023regulatione-1991336592","p1":"slyterin","p2":"Kjzhajk","format":"[Gen 9] VGC 2023 Regulation E","log":"|j|\u2606slyterin\n|j|\u2606Kjzhajk\n|t:|1700068694\n|gametype|doubles\n|player|p1|slyterin|170|1017\n|player|p2|Kjzhajk|lance|1000\n|teamsize|p1|6\n|teamsize|p2|6\n|gen|9\n|tier|[Gen 9] VGC 2023 Regulation E\n|rated|\n|rule|Species Clause: Limit one of each Pok\u00e9mon\n|rule|Item Clause: Limit one of each item\n|clearpoke\n|poke|p1|Tauros, L50, M|\n|poke|p1|Indeedee-F, L50, F|\n|poke|p1|Armarouge, L50, F|\n|poke|p1|Cresselia, L50, F|\n|poke|p1|Urshifu-*, L50, M|\n|poke|p1|Ogerpon-Wellspring, L50, F|\n|poke|p2|Flutter Mane, L50|\n|poke|p2|Tornadus, L50, M|\n|poke|p2|Rillaboom, L50, M|\n|poke|p2|Garganacl, L50, F|\n|poke|p2|Arcanine-Hisui, L50, M|\n|poke|p2|Chien-Pao, L50|\n|teampreview|4\n|inactive|Battle timer is ON: inactive players will automatically lose when time's up. (requested by Kjzhajk)\n|\n|t:|1700068753\n|start\n|switch|p1a: Cresselia|Cresselia, L50, F|100\/100\n|switch|p1b: Urshifu|Urshifu-Rapid-Strike, L50, M|100\/100\n|switch|p2a: Tornadus|Tornadus, L50, M|100\/100\n|switch|p2b: Arcanine|Arcanine-Hisui, L50, M|100\/100\n|-ability|p2b: Arcanine|Intimidate|boost\n|-unboost|p1a: Cresselia|atk|1\n|-unboost|p1b: Urshifu|atk|1\n|turn|1\n|\n|t:|1700068769\n|switch|p2b: Rillaboom|Rillaboom, L50, M|100\/100\n|-fieldstart|move: Grassy Terrain|[from] ability: Grassy Surge|[of] p2b: Rillaboom\n|move|p2a: Tornadus|Sunny Day|p2a: Tornadus\n|-weather|SunnyDay\n|move|p1b: Urshifu|Surging Strikes|p2b: Rillaboom\n|-resisted|p2b: Rillaboom\n|-crit|p2b: Rillaboom\n|-damage|p2b: Rillaboom|96\/100\n|-resisted|p2b: Rillaboom\n|-crit|p2b: Rillaboom\n|-damage|p2b: Rillaboom|91\/100\n|-resisted|p2b: Rillaboom\n|-crit|p2b: Rillaboom\n|-damage|p2b: Rillaboom|86\/100\n|-hitcount|p2b: Rillaboom|3\n|move|p1a: Cresselia|Trick Room|p1a: Cresselia\n|-fieldstart|move: Trick Room|[of] p1a: Cresselia\n|\n|-weather|SunnyDay|[upkeep]\n|-heal|p2b: Rillaboom|92\/100|[from] Grassy Terrain\n|upkeep\n|turn|2\n|inactive|slyterin has 30 seconds left.\n|\n|t:|1700068798\n|move|p1a: Cresselia|Psychic Terrain|p1a: Cresselia\n|-fieldstart|move: Psychic Terrain\n|move|p2b: Rillaboom|Wood Hammer|p1b: Urshifu\n|-supereffective|p1b: Urshifu\n|-enditem|p1b: Urshifu|Focus Sash\n|-damage|p1b: Urshifu|1\/100\n|-damage|p2b: Rillaboom|65\/100|[from] Recoil\n|move|p2a: Tornadus|Bleakwind Storm|p1b: Urshifu|[spread] p1a,p1b\n|-supereffective|p1b: Urshifu\n|-crit|p1b: Urshifu\n|-damage|p1a: Cresselia|86\/100\n|-damage|p1b: Urshifu|0 fnt\n|-unboost|p1a: Cresselia|spe|1\n|faint|p1b: Urshifu\n|\n|-weather|SunnyDay|[upkeep]\n|upkeep\n|\n|t:|1700068812\n|switch|p1b: Armarouge|Armarouge, L50, F|100\/100\n|turn|3\n|inactive|slyterin has 30 seconds left.\n|inactive|Kjzhajk has 30 seconds left.\n|\n|t:|1700068845\n|switch|p2b: Garganacl|Garganacl, L50, F|100\/100\n|move|p1a: Cresselia|Dazzling Gleam|p2b: Garganacl|[spread] p2a,p2b\n|-damage|p2a: Tornadus|92\/100\n|-damage|p2b: Garganacl|93\/100\n|move|p1b: Armarouge|Heat Wave|p2a: Tornadus|[spread] p2a,p2b\n|-resisted|p2b: Garganacl\n|-damage|p2a: Tornadus|47\/100\n|-damage|p2b: Garganacl|74\/100\n|move|p2a: Tornadus|Bleakwind Storm|p1a: Cresselia|[spread] p1a\n|-miss|p2a: Tornadus|p1b: Armarouge\n|-damage|p1a: Cresselia|71\/100\n|-unboost|p1a: Cresselia|spe|1\n|\n|-weather|SunnyDay|[upkeep]\n|upkeep\n|turn|4\n|\n|t:|1700068866\n|switch|p2a: Rillaboom|Rillaboom, L50, M|65\/100\n|-fieldstart|move: Grassy Terrain|[from] ability: Grassy Surge|[of] p2a: Rillaboom\n|-terastallize|p2b: Garganacl|Ghost\n|-terastallize|p1b: Armarouge|Psychic\n|move|p1a: Cresselia|Dazzling Gleam|p2b: Garganacl|[spread] p2a,p2b\n|-damage|p2a: Rillaboom|56\/100\n|-damage|p2b: Garganacl|66\/100\n|move|p2b: Garganacl|Salt Cure|p1b: Armarouge\n|-damage|p1b: Armarouge|87\/100\n|-start|p1b: Armarouge|Salt Cure\n|-ability|p1b: Armarouge|Weak Armor|boost\n|-unboost|p1b: Armarouge|def|1\n|-boost|p1b: Armarouge|spe|2\n|move|p1b: Armarouge|Expanding Force|p2a: Rillaboom\n|-damage|p2a: Rillaboom|8\/100\n|\n|-weather|SunnyDay|[upkeep]\n|-heal|p2b: Garganacl|72\/100|[from] Grassy Terrain\n|-heal|p2a: Rillaboom|14\/100|[from] Grassy Terrain\n|-heal|p1b: Armarouge|93\/100|[from] Grassy Terrain\n|-damage|p1b: Armarouge|81\/100|[from] Salt Cure\n|upkeep\n|turn|5\n|inactive|slyterin has 30 seconds left.\n|\n|t:|1700068893\n|move|p1b: Armarouge|Endure|p1b: Armarouge\n|-singleturn|p1b: Armarouge|move: Endure\n|move|p1a: Cresselia|Dazzling Gleam|p2b: Garganacl|[spread] p2a,p2b\n|-damage|p2a: Rillaboom|5\/100\n|-damage|p2b: Garganacl|65\/100\n|move|p2b: Garganacl|Salt Cure|p1b: Armarouge\n|-damage|p1b: Armarouge|62\/100\n|-ability|p1b: Armarouge|Weak Armor|boost\n|-unboost|p1b: Armarouge|def|1\n|-boost|p1b: Armarouge|spe|2\n|move|p2a: Rillaboom|Wood Hammer|p1b: Armarouge\n|-activate|p1b: Armarouge|move: Endure\n|-damage|p1b: Armarouge|1\/100\n|-ability|p1b: Armarouge|Weak Armor|boost\n|-unboost|p1b: Armarouge|def|1\n|-boost|p1b: Armarouge|spe|2\n|-damage|p2a: Rillaboom|0 fnt|[from] Recoil\n|faint|p2a: Rillaboom\n|\n|-weather|none\n|-heal|p2b: Garganacl|71\/100|[from] Grassy Terrain\n|-heal|p1b: Armarouge|7\/100|[from] Grassy Terrain\n|-damage|p1b: Armarouge|0 fnt|[from] Salt Cure\n|faint|p1b: Armarouge\n|-fieldend|move: Trick Room\n|upkeep\n|inactive|Kjzhajk has 30 seconds left.\n|\n|t:|1700068921\n|switch|p1b: Ogerpon|Ogerpon-Wellspring, L50, F|100\/100\n|switch|p2a: Tornadus|Tornadus, L50, M|47\/100\n|turn|6\n|inactive|slyterin has 30 seconds left.\n|\n|t:|1700068946\n|move|p2a: Tornadus|Sunny Day|p2a: Tornadus\n|-weather|SunnyDay\n|move|p1b: Ogerpon|Ivy Cudgel|p2b: Garganacl|[anim] Ivy Cudgel Water\n|-damage|p2b: Garganacl|52\/100\n|move|p2b: Garganacl|Iron Defense|p2b: Garganacl\n|-boost|p2b: Garganacl|def|2\n|move|p1a: Cresselia|Trick Room|p1a: Cresselia\n|-fieldstart|move: Trick Room|[of] p1a: Cresselia\n|\n|-weather|SunnyDay|[upkeep]\n|-heal|p2b: Garganacl|58\/100|[from] Grassy Terrain\n|upkeep\n|turn|7\n|inactive|slyterin has 30 seconds left.\n|\n|t:|1700068972\n|move|p2a: Tornadus|Taunt|p1a: Cresselia\n|-start|p1a: Cresselia|move: Taunt\n|-enditem|p1a: Cresselia|Mental Herb\n|-end|p1a: Cresselia|move: Taunt\n|move|p1a: Cresselia|Dazzling Gleam|p2b: Garganacl|[spread] p2a,p2b\n|-damage|p2a: Tornadus|37\/100\n|-damage|p2b: Garganacl|51\/100\n|move|p2b: Garganacl|Salt Cure|p1b: Ogerpon\n|-crit|p1b: Ogerpon\n|-damage|p1b: Ogerpon|73\/100\n|-start|p1b: Ogerpon|Salt Cure\n|move|p1b: Ogerpon|Horn Leech|p2b: Garganacl\n|-damage|p2b: Garganacl|30\/100\n|-heal|p1b: Ogerpon|87\/100|[from] drain|[of] p2b: Garganacl\n|-enditem|p2b: Garganacl|Sitrus Berry|[eat]\n|-heal|p2b: Garganacl|55\/100|[from] item: Sitrus Berry\n|\n|-weather|SunnyDay|[upkeep]\n|-heal|p2b: Garganacl|61\/100|[from] Grassy Terrain\n|-heal|p1b: Ogerpon|93\/100|[from] Grassy Terrain\n|-damage|p1b: Ogerpon|68\/100|[from] Salt Cure\n|upkeep\n|turn|8\n|-message|slyterin forfeited.\n|\n|win|Kjzhajk\n|raw|slyterin's rating: 1017 &rarr; <strong>1004<\/strong><br \/>(-13 for losing)\n|raw|Kjzhajk's rating: 1000 &rarr; <strong>1042<\/strong><br \/>(+42 for winning)\n|l|\u2606slyterin\n","uploadtime":1700068998,"views":8,"p1id":"slyterin","p2id":"kjzhajk","formatid":"gen9vgc2023regulatione","rating":1004,"private":0,"password":""}