{"id":"gen9vgc2023regulatione-1993938816","p1":"Slowbro1234","p2":"vgfhhgg","format":"[Gen 9] VGC 2023 Regulation E","log":"|j|\u2606Slowbro1234\n|j|\u2606vgfhhgg\n|t:|1700379007\n|gametype|doubles\n|player|p1|Slowbro1234|1|1000\n|player|p2|vgfhhgg|artist-gen4|1000\n|teamsize|p1|6\n|teamsize|p2|6\n|gen|9\n|tier|[Gen 9] VGC 2023 Regulation E\n|rated|\n|rule|Species Clause: Limit one of each Pok\u00e9mon\n|rule|Item Clause: Limit one of each item\n|clearpoke\n|poke|p1|Annihilape, L50, F|\n|poke|p1|Blissey, L50, F|\n|poke|p1|Baxcalibur, L50, M|\n|poke|p1|Urshifu-*, L50, M|\n|poke|p1|Meowscarada, L50, F|\n|poke|p1|Revavroom, L50, M|\n|poke|p2|Tornadus, L50, M|\n|poke|p2|Chien-Pao, L50|\n|poke|p2|Iron Hands, L50|\n|poke|p2|Arcanine-Hisui, L50, F|\n|poke|p2|Regidrago, L50|\n|poke|p2|Indeedee-F, L50, F|\n|teampreview|4\n|inactive|Battle timer is ON: inactive players will automatically lose when time's up. (requested by vgfhhgg)\n|inactive|Slowbro1234 has 60 seconds left.\n|\n|t:|1700379049\n|start\n|switch|p1a: Baxcalibur|Baxcalibur, L50, M|100\/100\n|switch|p1b: Annihilape|Annihilape, L50, F|100\/100\n|switch|p2a: Tornadus|Tornadus, L50, M|100\/100\n|switch|p2b: Chien-Pao|Chien-Pao, L50|100\/100\n|-ability|p2b: Chien-Pao|Sword of Ruin\n|turn|1\n|\n|t:|1700379074\n|-terastallize|p1a: Baxcalibur|Fairy\n|move|p1b: Annihilape|Protect|p1b: Annihilape\n|-singleturn|p1b: Annihilape|Protect\n|move|p2a: Tornadus|Tailwind|p2a: Tornadus\n|-sidestart|p2: vgfhhgg|move: Tailwind\n|move|p2b: Chien-Pao|Sacred Sword|p1a: Baxcalibur\n|-resisted|p1a: Baxcalibur\n|-damage|p1a: Baxcalibur|79\/100\n|move|p1a: Baxcalibur|Icicle Spear|p2a: Tornadus\n|-supereffective|p2a: Tornadus\n|-damage|p2a: Tornadus|41\/100\n|-supereffective|p2a: Tornadus\n|-damage|p2a: Tornadus|0 fnt\n|faint|p2a: Tornadus\n|-hitcount|p2: Tornadus|2\n|\n|upkeep\n|\n|t:|1700379080\n|switch|p2a: Regidrago|Regidrago, L50|100\/100\n|turn|2\n|inactive|Slowbro1234 has 30 seconds left.\n|\n|t:|1700379108\n|switch|p2b: Indeedee|Indeedee-F, L50, F|100\/100\n|-fieldstart|move: Psychic Terrain|[from] ability: Psychic Surge|[of] p2b: Indeedee\n|-enditem|p2b: Indeedee|Psychic Seed\n|-boost|p2b: Indeedee|spd|1|[from] item: Psychic Seed\n|-terastallize|p2a: Regidrago|Steel\n|move|p2a: Regidrago|Tera Blast|p1a: Baxcalibur|[anim] Tera Blast Steel\n|-supereffective|p1a: Baxcalibur\n|-damage|p1a: Baxcalibur|6\/100\n|move|p1b: Annihilape|Rage Fist|p2b: Indeedee\n|-immune|p2b: Indeedee\n|move|p1a: Baxcalibur|Icicle Spear|p2a: Regidrago\n|-resisted|p2a: Regidrago\n|-damage|p2a: Regidrago|93\/100\n|-resisted|p2a: Regidrago\n|-damage|p2a: Regidrago|86\/100\n|-resisted|p2a: Regidrago\n|-crit|p2a: Regidrago\n|-damage|p2a: Regidrago|75\/100\n|-resisted|p2a: Regidrago\n|-damage|p2a: Regidrago|68\/100\n|-hitcount|p2a: Regidrago|4\n|\n|upkeep\n|turn|3\n|inactive|Slowbro1234 has 30 seconds left.\n|inactive|vgfhhgg has 30 seconds left.\n|inactive|vgfhhgg has 20 seconds left.\n|\n|t:|1700379143\n|move|p2a: Regidrago|Protect|p2a: Regidrago\n|-singleturn|p2a: Regidrago|Protect\n|move|p1a: Baxcalibur|Protect|p1a: Baxcalibur\n|-singleturn|p1a: Baxcalibur|Protect\n|move|p2b: Indeedee|Psychic|p1a: Baxcalibur\n|-activate|p1a: Baxcalibur|move: Protect\n|move|p1b: Annihilape|Close Combat|p2b: Indeedee\n|-damage|p2b: Indeedee|38\/100\n|-unboost|p1b: Annihilape|def|1\n|-unboost|p1b: Annihilape|spd|1\n|\n|upkeep\n|turn|4\n|\n|t:|1700379161\n|move|p2a: Regidrago|Tera Blast|p1a: Baxcalibur|[anim] Tera Blast Steel\n|-supereffective|p1a: Baxcalibur\n|-damage|p1a: Baxcalibur|0 fnt\n|faint|p1a: Baxcalibur\n|move|p2b: Indeedee|Psychic|p1b: Annihilape\n|-supereffective|p1b: Annihilape\n|-damage|p1b: Annihilape|0 fnt\n|faint|p1b: Annihilape\n|\n|-sideend|p2: vgfhhgg|move: Tailwind\n|upkeep\n|\n|t:|1700379170\n|switch|p1b: Meowscarada|Meowscarada, L50, F|100\/100\n|switch|p1a: Urshifu|Urshifu, L50, M|100\/100\n|turn|5\n|\n|t:|1700379185\n|move|p1a: Urshifu|Protect|p1a: Urshifu\n|-singleturn|p1a: Urshifu|Protect\n|move|p2b: Indeedee|Follow Me|p2b: Indeedee\n|-singleturn|p2b: Indeedee|move: Follow Me\n|move|p1b: Meowscarada|Flower Trick|p2b: Indeedee\n|-crit|p2b: Indeedee\n|-damage|p2b: Indeedee|0 fnt\n|faint|p2b: Indeedee\n|move|p2a: Regidrago|Dragon Energy|p1a: Urshifu|[spread] p1b\n|-activate|p1a: Urshifu|move: Protect\n|-damage|p1b: Meowscarada|16\/100\n|\n|upkeep\n|\n|t:|1700379193\n|switch|p2b: Chien-Pao|Chien-Pao, L50|100\/100\n|-ability|p2b: Chien-Pao|Sword of Ruin\n|turn|6\n|\n|t:|1700379209\n|move|p2b: Chien-Pao|Protect|p2b: Chien-Pao\n|-singleturn|p2b: Chien-Pao|Protect\n|move|p1b: Meowscarada|Flower Trick|p2a: Regidrago\n|-resisted|p2a: Regidrago\n|-crit|p2a: Regidrago\n|-damage|p2a: Regidrago|0 fnt\n|faint|p2a: Regidrago\n|move|p1a: Urshifu|Close Combat|p2b: Chien-Pao\n|-supereffective|p2b: Chien-Pao\n|-enditem|p2b: Chien-Pao|Focus Sash\n|-damage|p2b: Chien-Pao|1\/100\n|-unboost|p1a: Urshifu|def|1\n|-unboost|p1a: Urshifu|spd|1\n|\n|-fieldend|move: Psychic Terrain\n|upkeep\n|turn|7\n|-message|vgfhhgg forfeited.\n|\n|win|Slowbro1234\n|raw|Slowbro1234's rating: 1000 &rarr; <strong>1040<\/strong><br \/>(+40 for winning)\n|raw|vgfhhgg's rating: 1000 &rarr; <strong>1000<\/strong><br \/>(+0 for losing)\n|l|\u2606vgfhhgg\n","uploadtime":1700379257,"views":9,"p1id":"slowbro1234","p2id":"vgfhhgg","formatid":"gen9vgc2023regulatione","rating":1000,"private":0,"password":""}