{"id":"gen9vgc2023regulatione-2000550667","p1":"Notabarca980","p2":"d_malicious","format":"[Gen 9] VGC 2023 Regulation E","log":"|j|\u2606Notabarca980\n|j|\u2606d_malicious\n|t:|1701204513\n|gametype|doubles\n|player|p1|Notabarca980|steven|1078\n|player|p2|d_malicious|1|1181\n|teamsize|p1|6\n|teamsize|p2|6\n|gen|9\n|tier|[Gen 9] VGC 2023 Regulation E\n|rated|\n|rule|Species Clause: Limit one of each Pok\u00e9mon\n|rule|Item Clause: Limit one of each item\n|clearpoke\n|poke|p1|Arcanine-Hisui, L50, M|\n|poke|p1|Urshifu-*, L50, F|\n|poke|p1|Amoonguss, L50, M|\n|poke|p1|Chien-Pao, L50|\n|poke|p1|Iron Bundle, L50|\n|poke|p1|Flutter Mane, L50|\n|poke|p2|Brambleghast, L50, M|\n|poke|p2|Zapdos, L50|\n|poke|p2|Farigiraf, L50, F|\n|poke|p2|Torterra, L50, M|\n|poke|p2|Arcanine, L50, F|\n|poke|p2|Milotic, L50, F|\n|teampreview|4\n|inactive|Battle timer is ON: inactive players will automatically lose when time's up. (requested by Notabarca980)\n|\n|t:|1701204534\n|start\n|switch|p1a: Sub or else|Iron Bundle, L50|100\/100\n|switch|p1b: Doyouliketosleep|Amoonguss, L50, M|100\/100\n|switch|p2a: Torterra|Torterra, L50, M|100\/100\n|switch|p2b: Zapdos|Zapdos, L50|100\/100\n|-enditem|p1a: Sub or else|Booster Energy\n|-activate|p1a: Sub or else|ability: Quark Drive|[fromitem]\n|-start|p1a: Sub or else|quarkdrivespe\n|turn|1\n|inactive|d_malicious has 30 seconds left.\n|\n|t:|1701204562\n|-terastallize|p2b: Zapdos|Steel\n|move|p1a: Sub or else|Icy Wind|p2a: Torterra|[spread] p2a,p2b\n|-supereffective|p2a: Torterra\n|-resisted|p2b: Zapdos\n|-damage|p2a: Torterra|37\/100\n|-damage|p2b: Zapdos|91\/100\n|-unboost|p2a: Torterra|spe|1\n|-unboost|p2b: Zapdos|spe|1\n|move|p2b: Zapdos|Tailwind|p2b: Zapdos\n|-sidestart|p2: d_malicious|move: Tailwind\n|move|p2a: Torterra|Body Press|p1a: Sub or else\n|-supereffective|p1a: Sub or else\n|-damage|p1a: Sub or else|39\/100\n|move|p1b: Doyouliketosleep|Clear Smog|p2a: Torterra\n|-damage|p2a: Torterra|22\/100\n|-clearboost|p2a: Torterra\n|\n|-heal|p2a: Torterra|28\/100|[from] item: Leftovers\n|upkeep\n|turn|2\n|\n|t:|1701204585\n|move|p2a: Torterra|Wide Guard|p2a: Torterra\n|-singleturn|p2a: Torterra|Wide Guard\n|move|p1a: Sub or else|Icy Wind|p2b: Zapdos|[spread] \n|-activate|p2a: Torterra|move: Wide Guard\n|-activate|p2b: Zapdos|move: Wide Guard\n|move|p2b: Zapdos|Thunderbolt|p1a: Sub or else\n|-supereffective|p1a: Sub or else\n|-damage|p1a: Sub or else|0 fnt\n|faint|p1a: Sub or else\n|-end|p1a: Sub or else|Quark Drive|[silent]\n|move|p1b: Doyouliketosleep|Spore|p2b: Zapdos\n|-status|p2b: Zapdos|slp|[from] move: Spore\n|\n|-heal|p2a: Torterra|34\/100|[from] item: Leftovers\n|upkeep\n|inactive|Notabarca980 has 30 seconds left.\n|\n|t:|1701204613\n|switch|p1a: Bonk|Chien-Pao, L50|100\/100\n|-ability|p1a: Bonk|Sword of Ruin\n|turn|3\n|inactive|Notabarca980 has 30 seconds left.\n|\n|t:|1701204647\n|switch|p2a: Farigiraf|Farigiraf, L50, F|100\/100\n|move|p1a: Bonk|Ice Spinner|p2a: Farigiraf\n|-damage|p2a: Farigiraf|54\/100\n|cant|p2b: Zapdos|slp\n|move|p1b: Doyouliketosleep|Pollen Puff|p2b: Zapdos\n|-resisted|p2b: Zapdos\n|-damage|p2b: Zapdos|80\/100 slp\n|\n|upkeep\n|turn|4\n|\n|t:|1701204667\n|move|p1a: Bonk|Sacred Sword|p2b: Zapdos\n|-supereffective|p2b: Zapdos\n|-damage|p2b: Zapdos|0 fnt\n|-damage|p1a: Bonk|84\/100|[from] item: Rocky Helmet|[of] p2b: Zapdos\n|faint|p2b: Zapdos\n|move|p2a: Farigiraf|Twin Beam|p1b: Doyouliketosleep\n|-supereffective|p1b: Doyouliketosleep\n|-damage|p1b: Doyouliketosleep|71\/100\n|-supereffective|p1b: Doyouliketosleep\n|-damage|p1b: Doyouliketosleep|40\/100\n|-enditem|p1b: Doyouliketosleep|Sitrus Berry|[eat]\n|-heal|p1b: Doyouliketosleep|65\/100|[from] item: Sitrus Berry\n|-hitcount|p1b: Doyouliketosleep|2\n|move|p1b: Doyouliketosleep|Spore|p2a: Farigiraf\n|-status|p2a: Farigiraf|slp|[from] move: Spore\n|\n|-sideend|p2: d_malicious|move: Tailwind\n|upkeep\n|\n|t:|1701204682\n|switch|p2b: Milotic|Milotic, L50, F|100\/100\n|turn|5\n|inactive|Notabarca980 has 30 seconds left.\n|\n|t:|1701204707\n|move|p1a: Bonk|Sacred Sword|p2b: Milotic\n|-damage|p2b: Milotic|65\/100\n|move|p2b: Milotic|Icy Wind|p1b: Doyouliketosleep|[spread] p1a,p1b\n|-resisted|p1a: Bonk\n|-supereffective|p1b: Doyouliketosleep\n|-damage|p1a: Bonk|75\/100\n|-damage|p1b: Doyouliketosleep|48\/100\n|-unboost|p1a: Bonk|spe|1\n|-unboost|p1b: Doyouliketosleep|spe|1\n|cant|p2a: Farigiraf|slp\n|move|p1b: Doyouliketosleep|Spore|p2b: Milotic\n|-status|p2b: Milotic|slp|[from] move: Spore\n|\n|upkeep\n|turn|6\n|inactive|Notabarca980 has 30 seconds left.\n|\n|t:|1701204741\n|cant|p2b: Milotic|slp\n|move|p1a: Bonk|Sacred Sword|p2b: Milotic\n|-damage|p2b: Milotic|31\/100 slp\n|cant|p2a: Farigiraf|slp\n|move|p1b: Doyouliketosleep|Pollen Puff|p2a: Farigiraf\n|-supereffective|p2a: Farigiraf\n|-damage|p2a: Farigiraf|24\/100 slp\n|\n|upkeep\n|turn|7\n|\n|t:|1701204764\n|move|p1a: Bonk|Sacred Sword|p2b: Milotic\n|-damage|p2b: Milotic|0 fnt\n|faint|p2b: Milotic\n|-curestatus|p2a: Farigiraf|slp|[msg]\n|move|p2a: Farigiraf|Dazzling Gleam|p1b: Doyouliketosleep|[spread] p1a,p1b\n|-supereffective|p1a: Bonk\n|-resisted|p1b: Doyouliketosleep\n|-damage|p1a: Bonk|12\/100\n|-damage|p1b: Doyouliketosleep|41\/100\n|move|p1b: Doyouliketosleep|Pollen Puff|p2a: Farigiraf\n|-supereffective|p2a: Farigiraf\n|-damage|p2a: Farigiraf|0 fnt\n|faint|p2a: Farigiraf\n|\n|upkeep\n|\n|t:|1701204781\n|switch|p2b: Torterra|Torterra, L50, M|34\/100\n|turn|8\n|\n|t:|1701204795\n|move|p1a: Bonk|Ice Spinner|p2b: Torterra\n|-supereffective|p2b: Torterra\n|-damage|p2b: Torterra|0 fnt\n|faint|p2b: Torterra\n|\n|win|Notabarca980\n|raw|Notabarca980's rating: 1078 &rarr; <strong>1114<\/strong><br \/>(+36 for winning)\n|raw|d_malicious's rating: 1181 &rarr; <strong>1149<\/strong><br \/>(-32 for losing)\n|c|\u2606Notabarca980|Gg\n","uploadtime":1701204841,"views":0,"p1id":"notabarca980","p2id":"dmalicious","formatid":"gen9vgc2023regulatione","rating":1114,"private":0,"password":""}