{"id":"gen9vgc2023regulatione-1988318740","p1":"aaooa","p2":"beeki","format":"[Gen 9] VGC 2023 Regulation E","log":"|j|\u2606aaooa\n|j|\u2606beeki\n|t:|1699707690\n|gametype|doubles\n|player|p1|aaooa|101|1234\n|player|p2|beeki|leaf-masters|1247\n|teamsize|p1|6\n|teamsize|p2|6\n|gen|9\n|tier|[Gen 9] VGC 2023 Regulation E\n|rated|\n|rule|Species Clause: Limit one of each Pok\u00e9mon\n|rule|Item Clause: Limit one of each item\n|clearpoke\n|poke|p1|Kommo-o, L50, M|\n|poke|p1|Chien-Pao, L50|\n|poke|p1|Ceruledge, L50, M|\n|poke|p1|Weezing-Galar, L50, F|\n|poke|p1|Zoroark-Hisui, L50, M|\n|poke|p1|Flutter Mane, L50|\n|poke|p2|Torkoal, L50, F|\n|poke|p2|Lilligant-Hisui, L50, F|\n|poke|p2|Dusclops, L50, F|\n|poke|p2|Iron Hands, L50|\n|poke|p2|Ursaluna-Bloodmoon, L50, M|\n|poke|p2|Landorus-Therian, L50, M|\n|teampreview|4\n|\n|t:|1699707707\n|start\n|switch|p1a: Chien-Pao|Chien-Pao, L50|100\/100\n|switch|p1b: Flutter Mane|Flutter Mane, L50|100\/100\n|switch|p2a: Dusclops|Dusclops, L50, F, shiny|100\/100\n|switch|p2b: Iron Hands|Iron Hands, L50|100\/100\n|-ability|p2a: Dusclops|Pressure\n|-enditem|p1b: Flutter Mane|Booster Energy\n|-activate|p1b: Flutter Mane|ability: Protosynthesis|[fromitem]\n|-start|p1b: Flutter Mane|protosynthesisspe\n|turn|1\n|\n|t:|1699707721\n|-end|p1b: Flutter Mane|Protosynthesis|[silent]\n|switch|p1b: Weezing|Weezing-Galar, L50, F|100\/100\n|-ability|p1b: Weezing|Neutralizing Gas\n|replace|p1a: Zoroark|Zoroark-Hisui, L50, M\n|-end|p1a: Zoroark|Illusion\n|-item|p1b: Weezing|Air Balloon\n|move|p2b: Iron Hands|Fake Out|p1a: Zoroark\n|-immune|p1a: Zoroark\n|move|p1a: Zoroark|Poltergeist|p2a: Dusclops\n|-activate|p2a: Dusclops|move: Poltergeist|Eviolite\n|-supereffective|p2a: Dusclops\n|-damage|p2a: Dusclops|19\/100\n|move|p2a: Dusclops|Trick Room|p2a: Dusclops\n|-fieldstart|move: Trick Room|[of] p2a: Dusclops\n|\n|upkeep\n|turn|2\n|\n|t:|1699707742\n|switch|p1a: Chien-Pao|Chien-Pao, L50|100\/100\n|move|p2a: Dusclops|Pain Split|p1b: Weezing\n|-sethp|p1b: Weezing|58\/100|[from] move: Pain Split|[silent]\n|-sethp|p2a: Dusclops|68\/100|[from] move: Pain Split\n|move|p2b: Iron Hands|Wild Charge|p1b: Weezing\n|-damage|p1b: Weezing|9\/100\n|-enditem|p1b: Weezing|Air Balloon\n|-damage|p2b: Iron Hands|92\/100|[from] Recoil\n|move|p1b: Weezing|Will-O-Wisp|p2b: Iron Hands\n|-status|p2b: Iron Hands|brn\n|\n|-damage|p2b: Iron Hands|86\/100 brn|[from] brn\n|upkeep\n|turn|3\n|\n|t:|1699707759\n|switch|p1a: Zoroark|Zoroark-Hisui, L50, M|100\/100\n|move|p1b: Weezing|Protect|p1b: Weezing\n|-singleturn|p1b: Weezing|Protect\n|move|p2a: Dusclops|Night Shade|p1b: Weezing\n|-activate|p1b: Weezing|move: Protect\n|move|p2b: Iron Hands|Drain Punch|p1a: Zoroark\n|-immune|p1a: Zoroark\n|\n|-damage|p2b: Iron Hands|80\/100 brn|[from] brn\n|upkeep\n|turn|4\n|\n|t:|1699707786\n|-end|p2b: Iron Hands|Quark Drive|[silent]\n|switch|p2b: Ursaluna|Ursaluna-Bloodmoon, L50, M|100\/100\n|-end|p1b: Weezing|ability: Neutralizing Gas\n|-ability|p2a: Dusclops|Pressure\n|switch|p1b: Chien-Pao|Chien-Pao, L50|100\/100\n|-ability|p1b: Chien-Pao|Sword of Ruin\n|move|p1a: Zoroark|Shadow Sneak|p2a: Dusclops\n|-supereffective|p2a: Dusclops\n|-damage|p2a: Dusclops|23\/100\n|move|p2a: Dusclops|Night Shade|p1b: Chien-Pao\n|-damage|p1b: Chien-Pao|68\/100\n|\n|upkeep\n|turn|5\n|\n|t:|1699707809\n|switch|p2a: Torkoal|Torkoal, L50, F|100\/100\n|-weather|SunnyDay|[from] ability: Drought|[of] p2a: Torkoal\n|move|p1a: Zoroark|Shadow Sneak|p2a: Torkoal\n|-damage|p2a: Torkoal|73\/100\n|move|p2b: Ursaluna|Hyper Voice|p1b: Chien-Pao|[spread] p1a,p1b\n|-damage|p1a: Zoroark|0 fnt\n|-damage|p1b: Chien-Pao|0 fnt\n|faint|p1a: Zoroark\n|faint|p1b: Chien-Pao\n|-damage|p2b: Ursaluna|91\/100|[from] item: Life Orb\n|\n|-weather|SunnyDay|[upkeep]\n|-fieldend|move: Trick Room\n|upkeep\n|\n|t:|1699707814\n|switch|p1b: Weezing|Weezing-Galar, L50, F|9\/100\n|switch|p1a: Flutter Mane|Flutter Mane, L50|100\/100\n|-ability|p1b: Weezing|Neutralizing Gas\n|-activate|p1a: Flutter Mane|ability: Protosynthesis\n|-start|p1a: Flutter Mane|protosynthesisspe\n|turn|6\n|\n|t:|1699707826\n|-terastallize|p1b: Weezing|Ghost\n|move|p1a: Flutter Mane|Shadow Ball|p2a: Torkoal\n|-damage|p2a: Torkoal|17\/100\n|-unboost|p2a: Torkoal|spd|1\n|move|p1b: Weezing|Gunk Shot|p2a: Torkoal|[miss]\n|-miss|p1b: Weezing|p2a: Torkoal\n|move|p2b: Ursaluna|Hyper Voice|p1a: Flutter Mane|[spread] \n|-immune|p1a: Flutter Mane\n|-immune|p1b: Weezing\n|move|p2a: Torkoal|Heat Wave|p1a: Flutter Mane|[spread] p1a,p1b\n|-damage|p1a: Flutter Mane|24\/100\n|-damage|p1b: Weezing|0 fnt\n|faint|p1b: Weezing\n|-end|p1b: Weezing|ability: Neutralizing Gas\n|\n|-weather|SunnyDay|[upkeep]\n|upkeep\n|turn|7\n|c|\u2606aaooa|bs\n|-message|aaooa forfeited.\n|\n|win|beeki\n|raw|aaooa's rating: 1234 &rarr; <strong>1210<\/strong><br \/>(-24 for losing)\n|raw|beeki's rating: 1247 &rarr; <strong>1271<\/strong><br \/>(+24 for winning)\n|l|\u2606aaooa\n|c|\u2606beeki|Gg\n","uploadtime":1699707852,"views":11,"p1id":"aaooa","p2id":"beeki","formatid":"gen9vgc2023regulatione","rating":1210,"private":0,"password":""}