{"id":"gen9vgc2023regulatione-1995668168","p1":"CEO_OF_RNG","p2":"TobiYume","format":"[Gen 9] VGC 2023 Regulation E","log":"|j|\u2606CEO_OF_RNG\n|j|\u2606TobiYume\n|n|\u2606CEO_OF_RNG|ceoofrng\n|n|\u2606TobiYume|tobiyume\n|html|View the match progress at <a href=\"\/game-bestof3-gen9vgc2023regulatione-1995668167\">game-bestof3-gen9vgc2023regulatione-1995668167<\/a>\n|t:|1700592324\n|gametype|doubles\n|player|p1|CEO_OF_RNG|lady-gen4|\n|player|p2|TobiYume|n|\n|teamsize|p1|6\n|teamsize|p2|6\n|gen|9\n|tier|[Gen 9] VGC 2023 Regulation E\n|rule|Species Clause: Limit one of each Pok\u00e9mon\n|rule|Item Clause: Limit one of each item\n|clearpoke\n|poke|p1|Samurott, L50, F|\n|poke|p1|Armarouge, L50, F|\n|poke|p1|Ogerpon-Wellspring, L50, F|\n|poke|p1|Ceruledge, L50, F|\n|poke|p1|Cresselia, L50, F|\n|poke|p1|Amoonguss, L50, F|\n|poke|p2|Kommo-o, L50, M|\n|poke|p2|Arcanine-Hisui, L50, M|\n|poke|p2|Rillaboom, L50, M|\n|poke|p2|Moltres-Galar, L50|\n|poke|p2|Ninetales-Alola, L50, F|\n|poke|p2|Sinistcha, L50|\n|teampreview|4\nCEO_OF_RNG has agreed to open team sheets.\nTobiYume has agreed to open team sheets.\n|showteam|p1|Samurott||MysticWater|ShellArmor|Surf,IceBeam,AirSlash,Protect|||F|||50|,,,,,Water]Armarouge||LifeOrb|FlashFire|ArmorCannon,ExpandingForce,TrickRoom,Protect|||F|||50|,,,,,Grass]Ogerpon-Wellspring||WellspringMask|WaterAbsorb|FollowMe,IvyCudgel,HornLeech,SpikyShield|||F|||50|,,,,,Water]Ceruledge||FocusSash|FlashFire|BitterBlade,SwordsDance,BrickBreak|||F|||50|,,,,,Grass]Cresselia||MentalHerb|Levitate|TrickRoom,LunarBlessing,CalmMind,Moonblast|||F|||50|,,,,,Steel]Amoonguss||RockyHelmet|Regenerator|ClearSmog,PollenPuff,RagePowder,Protect|||F|||50|,,,,,Grass\n|showteam|p2|Kommo-o||Leftovers|Bulletproof|IronDefense,BodyPress,IronHead,Protect|||M|||50|,,,,,Steel]Arcanine-Hisui||SafetyGoggles|Intimidate|FlareBlitz,RockSlide,ExtremeSpeed,WillOWisp|||M|||50|,,,,,Water]Rillaboom||AssaultVest|GrassySurge|FakeOut,GrassyGlide,WoodHammer,Uturn|||M|||50|,,,,,Fire]Moltres-Galar||SitrusBerry|Berserk|FieryWrath,AirSlash,NastyPlot,Protect||||||50|,,,,,Poison]Ninetales-Alola||LightClay|SnowWarning|AuroraVeil,IcyWind,Moonblast,HelpingHand|||F|||50|,,,,,Water]Sinistcha||RockyHelmet|Hospitality|MatchaGotcha,LifeDew,TrickRoom,RagePowder||||||50|,,,,,Fairy\n|c|\u2606TobiYume|glhf\n|c|\u2606CEO_OF_RNG|u2\n|\n|t:|1700592389\n|start\n|switch|p1a: Ogerpon|Ogerpon-Wellspring, L50, F|100\/100\n|switch|p1b: Cresselia|Cresselia, L50, F|100\/100\n|switch|p2a: Arcanine|Arcanine-Hisui, L50, M|100\/100\n|switch|p2b: Rillaboom|Rillaboom, L50, M|100\/100\n|-ability|p2a: Arcanine|Intimidate|boost\n|-unboost|p1a: Ogerpon|atk|1\n|-unboost|p1b: Cresselia|atk|1\n|-fieldstart|move: Grassy Terrain|[from] ability: Grassy Surge|[of] p2b: Rillaboom\n|turn|1\n|\n|t:|1700592409\n|move|p1a: Ogerpon|Spiky Shield|p1a: Ogerpon\n|-singleturn|p1a: Ogerpon|move: Protect\n|move|p2b: Rillaboom|Fake Out|p1b: Cresselia\n|-damage|p1b: Cresselia|92\/100\n|move|p2a: Arcanine|Will-O-Wisp|p1a: Ogerpon\n|-activate|p1a: Ogerpon|move: Protect\n|cant|p1b: Cresselia|flinch\n|\n|upkeep\n|turn|2\n|\n|t:|1700592428\n|move|p2a: Arcanine|Will-O-Wisp|p1a: Ogerpon\n|-status|p1a: Ogerpon|brn\n|move|p1a: Ogerpon|Ivy Cudgel|p2a: Arcanine|[anim] Ivy Cudgel Water\n|-supereffective|p2a: Arcanine\n|-damage|p2a: Arcanine|23\/100\n|move|p2b: Rillaboom|Wood Hammer|p1b: Cresselia\n|-damage|p1b: Cresselia|42\/100\n|-damage|p2b: Rillaboom|83\/100|[from] Recoil\n|move|p1b: Cresselia|Trick Room|p1b: Cresselia\n|-fieldstart|move: Trick Room|[of] p1b: Cresselia\n|\n|-heal|p2b: Rillaboom|89\/100|[from] Grassy Terrain\n|-heal|p2a: Arcanine|29\/100|[from] Grassy Terrain\n|-damage|p1a: Ogerpon|95\/100 brn|[from] brn\n|upkeep\n|turn|3\n|\n|t:|1700592449\n|move|p2a: Arcanine|Extreme Speed|p1b: Cresselia\n|-damage|p1b: Cresselia|29\/100\n|move|p1b: Cresselia|Lunar Blessing|p1b: Cresselia|[spread] p1a,p1b\n|-heal|p1a: Ogerpon|100\/100 brn\n|-curestatus|p1a: Ogerpon|brn|[msg]\n|-heal|p1b: Cresselia|54\/100\n|move|p2b: Rillaboom|Wood Hammer|p1b: Cresselia\n|-damage|p1b: Cresselia|1\/100\n|-damage|p2b: Rillaboom|70\/100|[from] Recoil\n|move|p1a: Ogerpon|Horn Leech|p2a: Arcanine\n|-damage|p2a: Arcanine|0 fnt\n|faint|p2a: Arcanine\n|\n|-heal|p2b: Rillaboom|76\/100|[from] Grassy Terrain\n|upkeep\n|\n|t:|1700592464\n|switch|p2a: Sinistcha|Sinistcha, L50|100\/100\n|-heal|p2b: Rillaboom|100\/100|[from] ability: Hospitality|[of] p2a: Sinistcha\n|turn|4\n|\n|t:|1700592478\n|switch|p1b: Armarouge|Armarouge, L50, F|100\/100\n|switch|p1a: Amoonguss|Amoonguss, L50, F|100\/100\n|move|p2b: Rillaboom|Grassy Glide|p1b: Armarouge\n|-resisted|p1b: Armarouge\n|-damage|p1b: Armarouge|82\/100\n|move|p2a: Sinistcha|Matcha Gotcha|p1b: Armarouge|[spread] p1a,p1b\n|-resisted|p1a: Amoonguss\n|-resisted|p1b: Armarouge\n|-crit|p1b: Armarouge\n|-damage|p1a: Amoonguss|94\/100\n|-damage|p1b: Armarouge|57\/100\n|\n|-heal|p1a: Amoonguss|99\/100|[from] Grassy Terrain\n|-heal|p1b: Armarouge|64\/100|[from] Grassy Terrain\n|upkeep\n|turn|5\n|\n|t:|1700592515\n|move|p2b: Rillaboom|Grassy Glide|p1b: Armarouge\n|-resisted|p1b: Armarouge\n|-damage|p1b: Armarouge|47\/100\n|move|p1a: Amoonguss|Pollen Puff|p1b: Armarouge\n|-heal|p1b: Armarouge|97\/100\n|move|p1b: Armarouge|Expanding Force|p2b: Rillaboom\n|-damage|p2b: Rillaboom|57\/100\n|-damage|p1b: Armarouge|87\/100|[from] item: Life Orb\n|move|p2a: Sinistcha|Matcha Gotcha|p1b: Armarouge|[spread] p1a\n|-miss|p2a: Sinistcha|p1b: Armarouge\n|-resisted|p1a: Amoonguss\n|-damage|p1a: Amoonguss|93\/100\n|-status|p1a: Amoonguss|brn\n|\n|-heal|p1a: Amoonguss|98\/100 brn|[from] Grassy Terrain\n|-heal|p1b: Armarouge|94\/100|[from] Grassy Terrain\n|-heal|p2b: Rillaboom|63\/100|[from] Grassy Terrain\n|-damage|p1a: Amoonguss|93\/100 brn|[from] brn\n|-fieldend|move: Grassy Terrain\n|upkeep\n|turn|6\n|\n|t:|1700592544\n|move|p1a: Amoonguss|Pollen Puff|p1b: Armarouge\n|-heal|p1b: Armarouge|100\/100\n|move|p1b: Armarouge|Armor Cannon|p2b: Rillaboom\n|-supereffective|p2b: Rillaboom\n|-damage|p2b: Rillaboom|0 fnt\n|-unboost|p1b: Armarouge|def|1\n|-unboost|p1b: Armarouge|spd|1\n|faint|p2b: Rillaboom\n|-damage|p1b: Armarouge|91\/100|[from] item: Life Orb\n|move|p2a: Sinistcha|Matcha Gotcha|p1a: Amoonguss|[spread] p1a,p1b\n|-resisted|p1a: Amoonguss\n|-resisted|p1b: Armarouge\n|-damage|p1a: Amoonguss|87\/100 brn\n|-damage|p1b: Armarouge|69\/100\n|\n|-damage|p1a: Amoonguss|82\/100 brn|[from] brn\n|-fieldend|move: Trick Room\n|upkeep\n|\n|t:|1700592551\n|switch|p2b: Kommo-o|Kommo-o, L50, M|100\/100\n|turn|7\n|\n|t:|1700592579\n|-terastallize|p2a: Sinistcha|Fairy\n|move|p2a: Sinistcha|Rage Powder|p2a: Sinistcha\n|-singleturn|p2a: Sinistcha|move: Rage Powder\n|move|p1a: Amoonguss|Rage Powder|p1a: Amoonguss\n|-singleturn|p1a: Amoonguss|move: Rage Powder\n|move|p2b: Kommo-o|Iron Defense|p2b: Kommo-o\n|-boost|p2b: Kommo-o|def|2\n|move|p1b: Armarouge|Expanding Force|p2a: Sinistcha\n|-damage|p2a: Sinistcha|44\/100\n|-damage|p1b: Armarouge|59\/100|[from] item: Life Orb\n|\n|-damage|p1a: Amoonguss|76\/100 brn|[from] brn\n|upkeep\n|turn|8\n|\n|t:|1700592596\n|move|p1a: Amoonguss|Rage Powder|p1a: Amoonguss\n|-singleturn|p1a: Amoonguss|move: Rage Powder\n|move|p2b: Kommo-o|Iron Defense|p2b: Kommo-o\n|-boost|p2b: Kommo-o|def|2\n|move|p2a: Sinistcha|Life Dew||[still]|[spread] p2a,p2b\n|-heal|p2a: Sinistcha|69\/100\n|-fail|p2b: Kommo-o|heal\n|move|p1b: Armarouge|Trick Room|p1b: Armarouge\n|-fieldstart|move: Trick Room|[of] p1b: Armarouge\n|\n|-damage|p1a: Amoonguss|70\/100 brn|[from] brn\n|upkeep\n|turn|9\n|\n|t:|1700592617\n|move|p1a: Amoonguss|Pollen Puff|p2a: Sinistcha\n|-resisted|p2a: Sinistcha\n|-damage|p2a: Sinistcha|61\/100\n|move|p1b: Armarouge|Expanding Force|p2b: Kommo-o\n|-supereffective|p2b: Kommo-o\n|-damage|p2b: Kommo-o|0 fnt\n|faint|p2b: Kommo-o\n|-damage|p1b: Armarouge|49\/100|[from] item: Life Orb\n|move|p2a: Sinistcha|Life Dew|p2a: Sinistcha\n|-heal|p2a: Sinistcha|86\/100\n|\n|-damage|p1a: Amoonguss|64\/100 brn|[from] brn\n|upkeep\n|turn|10\n|\n|t:|1700592635\n|move|p1a: Amoonguss|Pollen Puff|p1b: Armarouge\n|-heal|p1b: Armarouge|99\/100\n|move|p1b: Armarouge|Armor Cannon|p2a: Sinistcha\n|-damage|p2a: Sinistcha|1\/100\n|-unboost|p1b: Armarouge|def|1\n|-unboost|p1b: Armarouge|spd|1\n|-damage|p1b: Armarouge|90\/100|[from] item: Life Orb\n|move|p2a: Sinistcha|Matcha Gotcha|p1b: Armarouge|[spread] p1a,p1b\n|-resisted|p1a: Amoonguss\n|-crit|p1a: Amoonguss\n|-resisted|p1b: Armarouge\n|-damage|p1a: Amoonguss|56\/100 brn\n|-heal|p2a: Sinistcha|6\/100|[from] drain|[of] p1a: Amoonguss\n|-damage|p1b: Armarouge|65\/100\n|-heal|p2a: Sinistcha|19\/100|[from] drain|[of] p1b: Armarouge\n|\n|-damage|p1a: Amoonguss|50\/100 brn|[from] brn\n|upkeep\n|turn|11\n|\n|t:|1700592656\n|move|p1a: Amoonguss|Pollen Puff|p2a: Sinistcha\n|-resisted|p2a: Sinistcha\n|-damage|p2a: Sinistcha|10\/100\n|move|p1b: Armarouge|Expanding Force|p2a: Sinistcha\n|-damage|p2a: Sinistcha|0 fnt\n|faint|p2a: Sinistcha\n|-damage|p1b: Armarouge|55\/100|[from] item: Life Orb\n|\n|win|CEO_OF_RNG\n|c|&|\/uhtml prompt-ceoofrng,CEO_OF_RNG is ready for game 2!\n|c|&|\/uhtml prompt-tobiyume,TobiYume is ready for game 2!\nBoth players are ready! Starting next match!\n|l|\u2606CEO_OF_RNG\n","uploadtime":1700593258,"views":0,"p1id":"ceoofrng","p2id":"tobiyume","formatid":"gen9vgc2023regulatione","rating":0,"private":0,"password":""}