{"id":"gen9vgc2023regulatione-1993003739","p1":"Ogskive","p2":"Neckbeard97","format":"[Gen 9] VGC 2023 Regulation E","log":"|j|\u2606Ogskive\n|j|\u2606Neckbeard97\n|t:|1700254552\n|gametype|doubles\n|player|p1|Ogskive|fisherman-gen4|1111\n|player|p2|Neckbeard97|cyrus|1113\n|teamsize|p1|6\n|teamsize|p2|6\n|gen|9\n|tier|[Gen 9] VGC 2023 Regulation E\n|rated|\n|rule|Species Clause: Limit one of each Pok\u00e9mon\n|rule|Item Clause: Limit one of each item\n|clearpoke\n|poke|p1|Flutter Mane, L50|\n|poke|p1|Overqwil, L50, M|\n|poke|p1|Pelipper, L50, M|\n|poke|p1|Barraskewda, L50, M|\n|poke|p1|Amoonguss, L50, F|\n|poke|p1|Rotom-Mow, L50|\n|poke|p2|Garganacl, L50, F|\n|poke|p2|Gothitelle, L50, F|\n|poke|p2|Iron Hands, L50|\n|poke|p2|Glimmora, L50, F|\n|poke|p2|Bronzong, L50|\n|poke|p2|Flutter Mane, L50|\n|teampreview|4\n|inactive|Battle timer is ON: inactive players will automatically lose when time's up. (requested by Ogskive)\n|\n|t:|1700254568\n|start\n|switch|p1a: Flutter Mane|Flutter Mane, L50|100\/100\n|switch|p1b: Barraskewda|Barraskewda, L50, M|100\/100\n|switch|p2a: Glimmora|Glimmora, L50, F|100\/100\n|switch|p2b: Garganacl|Garganacl, L50, F|100\/100\n|-enditem|p1a: Flutter Mane|Booster Energy\n|-activate|p1a: Flutter Mane|ability: Protosynthesis|[fromitem]\n|-start|p1a: Flutter Mane|protosynthesisspe\n|turn|1\n|\n|t:|1700254582\n|-end|p1a: Flutter Mane|Protosynthesis|[silent]\n|switch|p1a: Pelipper|Pelipper, L50, M|100\/100\n|-weather|RainDance|[from] ability: Drizzle|[of] p1a: Pelipper\n|move|p2a: Glimmora|Spiky Shield|p2a: Glimmora\n|-singleturn|p2a: Glimmora|move: Protect\n|move|p1b: Barraskewda|Liquidation|p2b: Garganacl\n|-supereffective|p2b: Garganacl\n|-damage|p2b: Garganacl|37\/100\n|-unboost|p2b: Garganacl|def|1\n|move|p2b: Garganacl|Salt Cure|p1a: Pelipper\n|-supereffective|p1a: Pelipper\n|-damage|p1a: Pelipper|71\/100\n|-start|p1a: Pelipper|Salt Cure\n|\n|-weather|RainDance|[upkeep]\n|-heal|p2b: Garganacl|43\/100|[from] item: Leftovers\n|-damage|p1a: Pelipper|46\/100|[from] Salt Cure\n|upkeep\n|turn|2\n|inactive|Neckbeard97 has 30 seconds left.\n|\n|t:|1700254612\n|switch|p1a: Flutter Mane|Flutter Mane, L50|100\/100\n|-terastallize|p2a: Glimmora|Grass\n|move|p1b: Barraskewda|Protect|p1b: Barraskewda\n|-singleturn|p1b: Barraskewda|Protect\n|move|p2b: Garganacl|Protect|p2b: Garganacl\n|-singleturn|p2b: Garganacl|Protect\n|move|p2a: Glimmora|Tera Blast|p1b: Barraskewda|[anim] Tera Blast Grass\n|-activate|p1b: Barraskewda|move: Protect\n|\n|-weather|RainDance|[upkeep]\n|-heal|p2b: Garganacl|48\/100|[from] item: Leftovers\n|upkeep\n|turn|3\n|inactive|Neckbeard97 has 30 seconds left.\n|\n|t:|1700254644\n|switch|p2b: Iron Hands|Iron Hands, L50|100\/100\n|move|p1b: Barraskewda|Liquidation|p2b: Iron Hands\n|-damage|p2b: Iron Hands|58\/100\n|move|p1a: Flutter Mane|Calm Mind|p1a: Flutter Mane\n|-boost|p1a: Flutter Mane|spa|1\n|-boost|p1a: Flutter Mane|spd|1\n|move|p2a: Glimmora|Mortal Spin|p1b: Barraskewda|[spread] p1a,p1b\n|-damage|p1a: Flutter Mane|91\/100\n|-damage|p1b: Barraskewda|91\/100\n|-status|p1a: Flutter Mane|psn\n|-status|p1b: Barraskewda|psn\n|\n|-weather|RainDance|[upkeep]\n|-damage|p1b: Barraskewda|79\/100 psn|[from] psn\n|-damage|p1a: Flutter Mane|79\/100 psn|[from] psn\n|upkeep\n|turn|4\n|inactive|Ogskive has 30 seconds left.\n|inactive|Neckbeard97 has 30 seconds left.\n|\n|t:|1700254673\n|-terastallize|p1b: Barraskewda|Ghost\n|move|p2b: Iron Hands|Fake Out|p1b: Barraskewda\n|-immune|p1b: Barraskewda\n|move|p1b: Barraskewda|Liquidation|p2b: Iron Hands\n|-damage|p2b: Iron Hands|15\/100\n|-unboost|p2b: Iron Hands|def|1\n|move|p1a: Flutter Mane|Dazzling Gleam|p2b: Iron Hands|[spread] p2a,p2b\n|-supereffective|p2b: Iron Hands\n|-damage|p2a: Glimmora|33\/100\n|-damage|p2b: Iron Hands|0 fnt\n|faint|p2b: Iron Hands\n|-end|p2b: Iron Hands|Quark Drive|[silent]\n|move|p2a: Glimmora|Tera Blast|p1a: Flutter Mane|[anim] Tera Blast Grass\n|-damage|p1a: Flutter Mane|55\/100 psn\n|\n|-weather|RainDance|[upkeep]\n|-damage|p1b: Barraskewda|66\/100 psn|[from] psn\n|-damage|p1a: Flutter Mane|42\/100 psn|[from] psn\n|upkeep\n|\n|t:|1700254696\n|switch|p2b: Garganacl|Garganacl, L50, F|48\/100\n|turn|5\n|\n|t:|1700254704\n|move|p2a: Glimmora|Spiky Shield|p2a: Glimmora\n|-singleturn|p2a: Glimmora|move: Protect\n|move|p2b: Garganacl|Protect|p2b: Garganacl\n|-singleturn|p2b: Garganacl|Protect\n|move|p1b: Barraskewda|Liquidation|p2b: Garganacl\n|-activate|p2b: Garganacl|move: Protect\n|move|p1a: Flutter Mane|Dazzling Gleam|p2b: Garganacl|[spread] \n|-activate|p2a: Glimmora|move: Protect\n|-activate|p2b: Garganacl|move: Protect\n|\n|-weather|RainDance|[upkeep]\n|-heal|p2b: Garganacl|54\/100|[from] item: Leftovers\n|-damage|p1b: Barraskewda|54\/100 psn|[from] psn\n|-damage|p1a: Flutter Mane|30\/100 psn|[from] psn\n|upkeep\n|turn|6\n|inactive|Neckbeard97 has 30 seconds left.\n|\n|t:|1700254734\n|switch|p2b: Gothitelle|Gothitelle, L50, F|100\/100\n|move|p1b: Barraskewda|Liquidation|p2b: Gothitelle\n|-damage|p2b: Gothitelle|37\/100\n|-enditem|p2b: Gothitelle|Sitrus Berry|[eat]\n|-heal|p2b: Gothitelle|62\/100|[from] item: Sitrus Berry\n|move|p1a: Flutter Mane|Dazzling Gleam|p2b: Gothitelle|[spread] p2a,p2b\n|-crit|p2a: Glimmora\n|-damage|p2a: Glimmora|0 fnt\n|-damage|p2b: Gothitelle|30\/100\n|faint|p2a: Glimmora\n|\n|-weather|RainDance|[upkeep]\n|-damage|p1b: Barraskewda|41\/100 psn|[from] psn\n|-damage|p1a: Flutter Mane|18\/100 psn|[from] psn\n|upkeep\n|\n|t:|1700254749\n|switch|p2a: Garganacl|Garganacl, L50, F|54\/100\n|turn|7\n|\n|t:|1700254760\n|move|p2a: Garganacl|Wide Guard|p2a: Garganacl\n|-singleturn|p2a: Garganacl|Wide Guard\n|move|p1b: Barraskewda|Liquidation|p2b: Gothitelle\n|-damage|p2b: Gothitelle|0 fnt\n|faint|p2b: Gothitelle\n|move|p1a: Flutter Mane|Calm Mind|p1a: Flutter Mane\n|-boost|p1a: Flutter Mane|spa|1\n|-boost|p1a: Flutter Mane|spd|1\n|\n|-weather|RainDance|[upkeep]\n|-heal|p2a: Garganacl|60\/100|[from] item: Leftovers\n|-damage|p1b: Barraskewda|29\/100 psn|[from] psn\n|-damage|p1a: Flutter Mane|5\/100 psn|[from] psn\n|upkeep\n|turn|8\n|l|\u2606Neckbeard97\n|inactive|Neckbeard97 disconnected and has a minute to reconnect!\n|player|p2|\n|inactive|Neckbeard97 has 30 seconds left.\n|inactive|Neckbeard97 has 20 seconds left.\n|inactive|Neckbeard97 has 15 seconds left.\n|inactive|Neckbeard97 has 10 seconds left.\n|inactive|Neckbeard97 has 5 seconds left.\n|-message|Neckbeard97 lost due to inactivity.\n|\n|win|Ogskive\n|raw|Ogskive's rating: 1111 &rarr; <strong>1136<\/strong><br \/>(+25 for winning)\n|raw|Neckbeard97's rating: 1113 &rarr; <strong>1088<\/strong><br \/>(-25 for losing)\n","uploadtime":1700254851,"views":11,"p1id":"ogskive","p2id":"neckbeard97","formatid":"gen9vgc2023regulatione","rating":1088,"private":0,"password":""}