{"id":"gen9vgc2023regulatione-1989014201","p1":"lokocuerdo","p2":"Pasodoble","format":"[Gen 9] VGC 2023 Regulation E","log":"|j|\u2606lokocuerdo\n|j|\u2606Pasodoble\n|n|\u2606lokocuerdo|lokocuerdo\n|n|\u2606Pasodoble|pasodoble\n|html|View the match progress at <a href=\"\/game-bestof3-gen9vgc2023regulatione-1989014200\">game-bestof3-gen9vgc2023regulatione-1989014200<\/a>\n|t:|1699802297\n|gametype|doubles\n|player|p1|lokocuerdo|170|\n|player|p2|Pasodoble|169|\n|teamsize|p1|6\n|teamsize|p2|6\n|gen|9\n|tier|[Gen 9] VGC 2023 Regulation E\n|rule|Species Clause: Limit one of each Pok\u00e9mon\n|rule|Item Clause: Limit one of each item\n|clearpoke\n|poke|p1|Urshifu-*, L50, F|\n|poke|p1|Arcanine-Hisui, L50, M|\n|poke|p1|Rillaboom, L50, M|\n|poke|p1|Tornadus, L50, M|\n|poke|p1|Chien-Pao, L50|\n|poke|p1|Flutter Mane, L50|\n|poke|p2|Glimmora, L50, M|\n|poke|p2|Landorus-Therian, L50, M|\n|poke|p2|Dondozo, L50, F|\n|poke|p2|Tatsugiri, L50, F|\n|poke|p2|Flutter Mane, L50|\n|poke|p2|Chi-Yu, L50|\n|teampreview|4\nPasodoble has agreed to open team sheets.\nlokocuerdo has agreed to open team sheets.\n|showteam|p1|Urshifu-Rapid-Strike||MysticWater|UnseenFist|SurgingStrikes,AquaJet,CloseCombat,Protect|||F|||50|,,,,,Water]Arcanine-Hisui||ChoiceBand|Intimidate|ExtremeSpeed,FlareBlitz,RockSlide,HeadSmash|||M|||50|,,,,,Normal]Rillaboom||AssaultVest|GrassySurge|GrassyGlide,WoodHammer,Uturn,FakeOut|||M|||50|,,,,,Fire]Tornadus||RockyHelmet|Prankster|Tailwind,BleakwindStorm,Taunt,RainDance|||M|||50|,,,,,Ghost]Chien-Pao||FocusSash|SwordofRuin|IcicleCrash,SacredSword,SuckerPunch,Protect||||||50|,,,,,Ghost]Flutter Mane||BoosterEnergy|Protosynthesis|Moonblast,DazzlingGleam,ShadowBall,Protect||||||50|,,,,,Fairy\n|showteam|p2|Glimmora||AssaultVest|ToxicDebris|MortalSpin,EnergyBall,PowerGem,SludgeBomb|||M|||50|,,,,,Grass]Landorus-Therian||ChoiceScarf|Intimidate|Uturn,Earthquake,StompingTantrum,TeraBlast|||M|||50|,,,,,Flying]Dondozo||Leftovers|Unaware|OrderUp,Protect,WaveCrash,Substitute|||F|||50|,,,,,Dragon]Tatsugiri||DracoPlate|Commander|DracoMeteor,Protect,MuddyWater,Taunt|||F|||50|,,,,,Dragon]Flutter Mane||BoosterEnergy|Protosynthesis|IcyWind,Moonblast,ShadowBall,Protect||||||50|,,,,,Fairy]Chi-Yu||LifeOrb|BeadsofRuin|Protect,HeatWave,Overheat,DarkPulse||||||50|,,,,,Fire\n|\n|t:|1699802370\n|start\n|switch|p1a: Tornadus|Tornadus, L50, M|100\/100\n|switch|p1b: Urshifu|Urshifu-Rapid-Strike, L50, F|100\/100\n|switch|p2a: Glimmora|Glimmora, L50, M|100\/100\n|switch|p2b: Dondozo|Dondozo, L50, F|100\/100\n|turn|1\n|\n|t:|1699802394\n|-terastallize|p2a: Glimmora|Grass\n|move|p1b: Urshifu|Protect|p1b: Urshifu\n|-singleturn|p1b: Urshifu|Protect\n|move|p1a: Tornadus|Taunt|p2b: Dondozo\n|-start|p2b: Dondozo|move: Taunt\n|move|p2a: Glimmora|Energy Ball|p1b: Urshifu\n|-activate|p1b: Urshifu|move: Protect\n|cant|p2b: Dondozo|move: Taunt|Substitute\n|\n|upkeep\n|turn|2\n|\n|t:|1699802427\n|switch|p1b: Rillaboom|Rillaboom, L50, M|100\/100\n|-fieldstart|move: Grassy Terrain|[from] ability: Grassy Surge|[of] p1b: Rillaboom\n|move|p1a: Tornadus|Tailwind|p1a: Tornadus\n|-sidestart|p1: lokocuerdo|move: Tailwind\n|move|p2a: Glimmora|Energy Ball|p1b: Rillaboom\n|-resisted|p1b: Rillaboom\n|-damage|p1b: Rillaboom|83\/100\n|move|p2b: Dondozo|Wave Crash|p1b: Rillaboom\n|-resisted|p1b: Rillaboom\n|-damage|p1b: Rillaboom|64\/100\n|-damage|p2b: Dondozo|95\/100|[from] Recoil\n|\n|-heal|p1b: Rillaboom|70\/100|[from] Grassy Terrain\n|-heal|p2b: Dondozo|100\/100|[from] Grassy Terrain\n|upkeep\n|turn|3\n|\n|t:|1699802457\n|switch|p2b: Landorus|Landorus-Therian, L50, M|100\/100\n|-ability|p2b: Landorus|Intimidate|boost\n|-unboost|p1a: Tornadus|atk|1\n|-unboost|p1b: Rillaboom|atk|1\n|move|p1a: Tornadus|Bleakwind Storm|p2a: Glimmora|[spread] p2a,p2b\n|-supereffective|p2a: Glimmora\n|-damage|p2a: Glimmora|62\/100\n|-damage|p2b: Landorus|64\/100\n|-unboost|p2b: Landorus|spe|1\n|move|p1b: Rillaboom|Wood Hammer|p2b: Landorus\n|-damage|p2b: Landorus|0 fnt\n|faint|p2b: Landorus\n|-damage|p1b: Rillaboom|52\/100|[from] Recoil\n|move|p2a: Glimmora|Mortal Spin|p1a: Tornadus|[spread] p1a,p1b\n|-supereffective|p1b: Rillaboom\n|-damage|p1a: Tornadus|96\/100\n|-damage|p1b: Rillaboom|43\/100\n|-status|p1a: Tornadus|psn\n|-status|p1b: Rillaboom|psn\n|-damage|p2a: Glimmora|45\/100|[from] item: Rocky Helmet|[of] p1a: Tornadus\n|\n|-heal|p1b: Rillaboom|49\/100 psn|[from] Grassy Terrain\n|-heal|p2a: Glimmora|51\/100|[from] Grassy Terrain\n|-damage|p1a: Tornadus|83\/100 psn|[from] psn\n|-damage|p1b: Rillaboom|37\/100 psn|[from] psn\n|upkeep\n|\n|t:|1699802475\n|switch|p2b: Dondozo|Dondozo, L50, F|100\/100\n|turn|4\n|\n|t:|1699802500\n|move|p2b: Dondozo|Protect|p2b: Dondozo\n|-singleturn|p2b: Dondozo|Protect\n|move|p1a: Tornadus|Taunt|p2b: Dondozo\n|-activate|p2b: Dondozo|move: Protect\n|move|p1b: Rillaboom|U-turn|p2a: Glimmora\n|-supereffective|p2a: Glimmora\n|-damage|p2a: Glimmora|23\/100\n|-activate|p2a: Glimmora|ability: Toxic Debris\n|-sidestart|p1: lokocuerdo|move: Toxic Spikes\n|\n|t:|1699802512\n|switch|p1b: Flutter Mane|Flutter Mane, L50|100\/100|[from] U-turn\n|-status|p1b: Flutter Mane|psn\n|-enditem|p1b: Flutter Mane|Booster Energy\n|-activate|p1b: Flutter Mane|ability: Protosynthesis|[fromitem]\n|-start|p1b: Flutter Mane|protosynthesisspa\n|move|p2a: Glimmora|Sludge Bomb|p1b: Flutter Mane\n|-damage|p1b: Flutter Mane|64\/100 psn\n|\n|-heal|p1b: Flutter Mane|70\/100 psn|[from] Grassy Terrain\n|-heal|p2a: Glimmora|28\/100|[from] Grassy Terrain\n|-damage|p1b: Flutter Mane|58\/100 psn|[from] psn\n|-damage|p1a: Tornadus|71\/100 psn|[from] psn\n|upkeep\n|turn|5\n|\n|t:|1699802536\n|switch|p2a: Tatsugiri|Tatsugiri, L50, F|100\/100\n|-activate|p2a: Tatsugiri|ability: Commander|[of] p2b: Dondozo\n|-boost|p2b: Dondozo|atk|2\n|-boost|p2b: Dondozo|spa|2\n|-boost|p2b: Dondozo|spe|2\n|-boost|p2b: Dondozo|def|2\n|-boost|p2b: Dondozo|spd|2\n|move|p1a: Tornadus|Taunt|p2b: Dondozo\n|-start|p2b: Dondozo|move: Taunt\n|move|p1b: Flutter Mane|Dazzling Gleam|p2a: Tatsugiri|[spread] p2b\n|-miss|p1b: Flutter Mane|p2a: Tatsugiri\n|-damage|p2b: Dondozo|83\/100\n|move|p2b: Dondozo|Wave Crash|p1b: Flutter Mane\n|-damage|p1b: Flutter Mane|0 fnt\n|faint|p1b: Flutter Mane\n|-end|p1b: Flutter Mane|Protosynthesis|[silent]\n|-damage|p2b: Dondozo|70\/100|[from] Recoil\n|\n|-heal|p2b: Dondozo|76\/100|[from] Grassy Terrain\n|-heal|p2b: Dondozo|82\/100|[from] item: Leftovers\n|-damage|p1a: Tornadus|59\/100 psn|[from] psn\n|-sideend|p1: lokocuerdo|move: Tailwind\n|upkeep\n|\n|t:|1699802553\n|switch|p1b: Urshifu|Urshifu-Rapid-Strike, L50, F|100\/100\n|-status|p1b: Urshifu|psn\n|turn|6\n|\n|t:|1699802562\n|-terastallize|p1b: Urshifu|Water\n|move|p1a: Tornadus|Rain Dance|p1a: Tornadus\n|-weather|RainDance\n|move|p2b: Dondozo|Order Up|p1b: Urshifu\n|-damage|p1b: Urshifu|65\/100 psn\n|-boost|p2b: Dondozo|atk|1\n|move|p1b: Urshifu|Surging Strikes|p2b: Dondozo\n|-resisted|p2b: Dondozo\n|-crit|p2b: Dondozo\n|-damage|p2b: Dondozo|65\/100\n|-resisted|p2b: Dondozo\n|-crit|p2b: Dondozo\n|-damage|p2b: Dondozo|50\/100\n|-resisted|p2b: Dondozo\n|-crit|p2b: Dondozo\n|-damage|p2b: Dondozo|34\/100\n|-hitcount|p2b: Dondozo|3\n|\n|-weather|RainDance|[upkeep]\n|-heal|p2b: Dondozo|40\/100|[from] Grassy Terrain\n|-heal|p2b: Dondozo|46\/100|[from] item: Leftovers\n|-heal|p1b: Urshifu|71\/100 psn|[from] Grassy Terrain\n|-damage|p1b: Urshifu|59\/100 psn|[from] psn\n|-damage|p1a: Tornadus|46\/100 psn|[from] psn\n|-fieldend|move: Grassy Terrain\n|upkeep\n|turn|7\n|\n|t:|1699802590\n|move|p1a: Tornadus|Tailwind|p1a: Tornadus\n|-sidestart|p1: lokocuerdo|move: Tailwind\n|move|p1b: Urshifu|Surging Strikes|p2b: Dondozo\n|-resisted|p2b: Dondozo\n|-crit|p2b: Dondozo\n|-damage|p2b: Dondozo|29\/100\n|-resisted|p2b: Dondozo\n|-crit|p2b: Dondozo\n|-damage|p2b: Dondozo|13\/100\n|-resisted|p2b: Dondozo\n|-crit|p2b: Dondozo\n|-damage|p2b: Dondozo|0 fnt\n|faint|p2b: Dondozo\n|-hitcount|p2: Dondozo|3\n|\n|-weather|RainDance|[upkeep]\n|-damage|p1b: Urshifu|46\/100 psn|[from] psn\n|-damage|p1a: Tornadus|34\/100 psn|[from] psn\n|upkeep\n|\n|t:|1699802598\n|switch|p2b: Glimmora|Glimmora, L50, M, tera:Grass|28\/100\n|turn|8\n|\n|t:|1699802612\n|move|p1b: Urshifu|Surging Strikes|p2a: Tatsugiri\n|-resisted|p2a: Tatsugiri\n|-crit|p2a: Tatsugiri\n|-damage|p2a: Tatsugiri|82\/100\n|-resisted|p2a: Tatsugiri\n|-crit|p2a: Tatsugiri\n|-damage|p2a: Tatsugiri|64\/100\n|-resisted|p2a: Tatsugiri\n|-crit|p2a: Tatsugiri\n|-damage|p2a: Tatsugiri|43\/100\n|-hitcount|p2a: Tatsugiri|3\n|move|p1a: Tornadus|Bleakwind Storm|p2a: Tatsugiri|[spread] p2a,p2b\n|-supereffective|p2b: Glimmora\n|-damage|p2a: Tatsugiri|7\/100\n|-damage|p2b: Glimmora|0 fnt\n|faint|p2b: Glimmora\n|move|p2a: Tatsugiri|Muddy Water|p1b: Urshifu|[spread] p1a,p1b\n|-resisted|p1b: Urshifu\n|-damage|p1a: Tornadus|0 fnt\n|-damage|p1b: Urshifu|7\/100 psn\n|faint|p1a: Tornadus\n|\n|-weather|RainDance|[upkeep]\n|-damage|p1b: Urshifu|0 fnt|[from] psn\n|faint|p1b: Urshifu\n|upkeep\n|\n|t:|1699802627\n|switch|p1b: Rillaboom|Rillaboom, L50, M|37\/100 psn\n|-fieldstart|move: Grassy Terrain|[from] ability: Grassy Surge|[of] p1b: Rillaboom\n|turn|9\n|\n|t:|1699802633\n|move|p1b: Rillaboom|Fake Out|p2a: Tatsugiri\n|-damage|p2a: Tatsugiri|0 fnt\n|faint|p2a: Tatsugiri\n|\n|win|lokocuerdo\n|c|&|\/uhtml prompt-pasodoble,Pasodoble is ready for game 2!\n","uploadtime":1699802638,"views":14,"p1id":"lokocuerdo","p2id":"pasodoble","formatid":"gen9vgc2023regulatione","rating":0,"private":0,"password":""}