{"id":"gen9vgc2023regulatione-1996691111","p1":"Ytterby","p2":"La Firma","format":"[Gen 9] VGC 2023 Regulation E","log":"|j|\u2606Ytterby\n|j|\u2606La Firma\n|t:|1700710263\n|gametype|doubles\n|player|p1|Ytterby|brycenman|1341\n|player|p2|La Firma|blue|1329\n|teamsize|p1|6\n|teamsize|p2|6\n|gen|9\n|tier|[Gen 9] VGC 2023 Regulation E\n|rated|\n|rule|Species Clause: Limit one of each Pok\u00e9mon\n|rule|Item Clause: Limit one of each item\n|clearpoke\n|poke|p1|Indeedee-F, L50, F|\n|poke|p1|Armarouge, L50, F|\n|poke|p1|Torkoal, L50, M|\n|poke|p1|Snorlax, L50, F|\n|poke|p1|Weezing, L50, M|\n|poke|p1|Brute Bonnet, L50|\n|poke|p2|Regieleki, L50|\n|poke|p2|Chi-Yu, L50|\n|poke|p2|Flutter Mane, L50|\n|poke|p2|Tornadus, L50, M|\n|poke|p2|Sneasler, L50, M|\n|poke|p2|Indeedee-F, L50, F|\n|teampreview|4\n|inactive|Battle timer is ON: inactive players will automatically lose when time's up. (requested by La Firma)\nYtterby has agreed to open team sheets.\n|c|\u2606Ytterby|Regieleki\n|inactive|Ytterby has 60 seconds left.\n|inactive|La Firma has 60 seconds left.\n|c|\u2606Ytterby|In THIS economy\n|inactive|Ytterby has 30 seconds left.\n|inactive|Ytterby has 20 seconds left.\n|\n|t:|1700710335\n|start\n|switch|p1a: Indeedee|Indeedee-F, L50, F|100\/100\n|switch|p1b: Armarouge|Armarouge, L50, F|100\/100\n|switch|p2a: Sneasler|Sneasler, L50, M|100\/100\n|switch|p2b: Indeedee|Indeedee-F, L50, F|100\/100\n|-fieldstart|move: Psychic Terrain|[from] ability: Psychic Surge|[of] p1a: Indeedee\n|-enditem|p2a: Sneasler|Psychic Seed\n|-boost|p2a: Sneasler|spd|1|[from] item: Psychic Seed\n|turn|1\n|inactive|La Firma has 30 seconds left.\n|inactive|La Firma has 20 seconds left.\n|\n|t:|1700710374\n|move|p1a: Indeedee|Follow Me|p1a: Indeedee\n|-singleturn|p1a: Indeedee|move: Follow Me\n|move|p2b: Indeedee|Follow Me|p2b: Indeedee\n|-singleturn|p2b: Indeedee|move: Follow Me\n|move|p2a: Sneasler|Dire Claw|p1a: Indeedee\n|-damage|p1a: Indeedee|44\/100\n|-damage|p2a: Sneasler|84\/100|[from] item: Rocky Helmet|[of] p1a: Indeedee\n|move|p1b: Armarouge|Expanding Force|p2b: Indeedee|[spread] p2a,p2b\n|-supereffective|p2a: Sneasler\n|-resisted|p2b: Indeedee\n|-damage|p2a: Sneasler|0 fnt\n|-damage|p2b: Indeedee|61\/100\n|faint|p2a: Sneasler\n|-damage|p1b: Armarouge|91\/100|[from] item: Life Orb\n|\n|upkeep\n|\n|t:|1700710388\n|switch|p2a: Regieleki|Regieleki, L50|100\/100\n|turn|2\n|\n|t:|1700710405\n|move|p2b: Indeedee|Helping Hand|p2a: Regieleki\n|-singleturn|p2a: Regieleki|Helping Hand|[of] p2b: Indeedee\n|move|p1a: Indeedee|Follow Me|p1a: Indeedee\n|-singleturn|p1a: Indeedee|move: Follow Me\n|move|p2a: Regieleki|Electroweb|p1a: Indeedee|[spread] p1a,p1b\n|-damage|p1a: Indeedee|5\/100\n|-damage|p1b: Armarouge|39\/100\n|-unboost|p1a: Indeedee|spe|1\n|-unboost|p1b: Armarouge|spe|1\n|move|p1b: Armarouge|Expanding Force|p2b: Indeedee|[spread] p2a,p2b\n|-resisted|p2b: Indeedee\n|-damage|p2a: Regieleki|0 fnt\n|-damage|p2b: Indeedee|25\/100\n|faint|p2a: Regieleki\n|-damage|p1b: Armarouge|29\/100|[from] item: Life Orb\n|\n|upkeep\n|\n|t:|1700710418\n|switch|p2a: Flutter Mane|Flutter Mane, L50|100\/100\n|-enditem|p2a: Flutter Mane|Booster Energy\n|-activate|p2a: Flutter Mane|ability: Protosynthesis|[fromitem]\n|-start|p2a: Flutter Mane|protosynthesisspa\n|turn|3\n|\n|t:|1700710434\n|-terastallize|p2a: Flutter Mane|Fairy\n|move|p2b: Indeedee|Helping Hand|p2a: Flutter Mane\n|-singleturn|p2a: Flutter Mane|Helping Hand|[of] p2b: Indeedee\n|move|p1a: Indeedee|Follow Me|p1a: Indeedee\n|-singleturn|p1a: Indeedee|move: Follow Me\n|move|p2a: Flutter Mane|Dazzling Gleam|p1b: Armarouge|[spread] p1a,p1b\n|-resisted|p1b: Armarouge\n|-damage|p1a: Indeedee|0 fnt\n|-damage|p1b: Armarouge|0 fnt\n|faint|p1a: Indeedee\n|faint|p1b: Armarouge\n|\n|upkeep\n|\n|t:|1700710447\n|switch|p1a: BROOT BONNIT|Brute Bonnet, L50|100\/100\n|switch|p1b: Snorlax|Snorlax, L50, F|100\/100\n|turn|4\n|\n|t:|1700710464\n|-terastallize|p1a: BROOT BONNIT|Fire\n|move|p2b: Indeedee|Follow Me|p2b: Indeedee\n|-singleturn|p2b: Indeedee|move: Follow Me\n|move|p2a: Flutter Mane|Dazzling Gleam|p1a: BROOT BONNIT|[spread] p1a,p1b\n|-resisted|p1a: BROOT BONNIT\n|-damage|p1a: BROOT BONNIT|74\/100\n|-damage|p1b: Snorlax|58\/100\n|move|p1a: BROOT BONNIT|Spore|p2b: Indeedee\n|-status|p2b: Indeedee|slp|[from] move: Spore\n|move|p1b: Snorlax|Body Slam|p2b: Indeedee\n|-damage|p2b: Indeedee|0 fnt\n|-damage|p1b: Snorlax|42\/100|[from] item: Rocky Helmet|[of] p2b: Indeedee\n|faint|p2b: Indeedee\n|\n|upkeep\n|turn|5\n|\n|t:|1700710484\n|move|p2a: Flutter Mane|Shadow Ball|p1a: BROOT BONNIT\n|-damage|p1a: BROOT BONNIT|19\/100\n|move|p1a: BROOT BONNIT|Spore|p2a: Flutter Mane\n|-status|p2a: Flutter Mane|slp|[from] move: Spore\n|move|p1b: Snorlax|Body Slam|p2a: Flutter Mane\n|-damage|p2a: Flutter Mane|0 fnt\n|faint|p2a: Flutter Mane\n|-end|p2a: Flutter Mane|Protosynthesis|[silent]\n|\n|win|Ytterby\n|raw|Ytterby's rating: 1341 &rarr; <strong>1360<\/strong><br \/>(+19 for winning)\n|raw|La Firma's rating: 1329 &rarr; <strong>1310<\/strong><br \/>(-19 for losing)\n|l|\u2606La Firma\n","uploadtime":1700710504,"views":2,"p1id":"ytterby","p2id":"lafirma","formatid":"gen9vgc2023regulatione","rating":1310,"private":0,"password":""}