{"id":"gen9vgc2023regulatione-1992659655","p1":"VegitoSKBEST","p2":"KareemAlkemy6","format":"[Gen 9] VGC 2023 Regulation E","log":"|j|\u2606VegitoSKBEST\n|j|\u2606KareemAlkemy6\n|t:|1700221703\n|gametype|doubles\n|player|p1|VegitoSKBEST|colress|1097\n|player|p2|KareemAlkemy6|169|1146\n|teamsize|p1|6\n|teamsize|p2|6\n|gen|9\n|tier|[Gen 9] VGC 2023 Regulation E\n|rated|\n|rule|Species Clause: Limit one of each Pok\u00e9mon\n|rule|Item Clause: Limit one of each item\n|clearpoke\n|poke|p1|Volcarona, L50, F|\n|poke|p1|Tornadus, L50, M|\n|poke|p1|Torkoal, L50, M|\n|poke|p1|Shiftry, L50, M|\n|poke|p1|Flutter Mane, L50|\n|poke|p1|Gliscor, L50, M|\n|poke|p2|Baxcalibur, L50, M|\n|poke|p2|Ninetales-Alola, L50, F|\n|poke|p2|Ogerpon-Hearthflame, L50, F|\n|poke|p2|Arcanine-Hisui, L50, M|\n|poke|p2|Ursaluna-Bloodmoon, L50, M|\n|poke|p2|Tornadus, L50, M|\n|teampreview|4\n|\n|t:|1700221727\n|start\n|switch|p1a: Torkoal|Torkoal, L50, M|100\/100\n|switch|p1b: Volcarona|Volcarona, L50, F|100\/100\n|switch|p2a: Ninetales|Ninetales-Alola, L50, F, shiny|100\/100\n|switch|p2b: Baxcalibur|Baxcalibur, L50, M|100\/100\n|-weather|Snow|[from] ability: Snow Warning|[of] p2a: Ninetales\n|-weather|SunnyDay|[from] ability: Drought|[of] p1a: Torkoal\n|turn|1\n|inactive|Battle timer is ON: inactive players will automatically lose when time's up. (requested by VegitoSKBEST)\n|\n|t:|1700221752\n|switch|p2a: Arcanine|Arcanine-Hisui, L50, M|100\/100\n|move|p1b: Volcarona|Quiver Dance|p1b: Volcarona\n|-boost|p1b: Volcarona|spa|1\n|-boost|p1b: Volcarona|spd|1\n|-boost|p1b: Volcarona|spe|1\n|move|p2b: Baxcalibur|Scale Shot|p1a: Torkoal\n|-damage|p1a: Torkoal|91\/100\n|-damage|p1a: Torkoal|81\/100\n|-damage|p1a: Torkoal|72\/100\n|-damage|p1a: Torkoal|63\/100\n|-hitcount|p1a: Torkoal|4\n|-unboost|p2b: Baxcalibur|def|1\n|-boost|p2b: Baxcalibur|spe|1\n|move|p1a: Torkoal|Heat Wave|p2a: Arcanine|[spread] p2a,p2b\n|-resisted|p2a: Arcanine\n|-damage|p2a: Arcanine|91\/100\n|-damage|p2b: Baxcalibur|67\/100\n|-ability|p2b: Baxcalibur|Thermal Exchange|boost\n|-boost|p2b: Baxcalibur|atk|1\n|\n|-weather|SunnyDay|[upkeep]\n|upkeep\n|turn|2\n|inactive|VegitoSKBEST has 30 seconds left.\n|inactive|KareemAlkemy6 has 30 seconds left.\n|inactive|VegitoSKBEST has 20 seconds left.\n|\n|t:|1700221789\n|move|p1a: Torkoal|Protect|p1a: Torkoal\n|-singleturn|p1a: Torkoal|Protect\n|move|p1b: Volcarona|Fiery Dance|p2a: Arcanine\n|-resisted|p2a: Arcanine\n|-damage|p2a: Arcanine|56\/100\n|move|p2b: Baxcalibur|Glaive Rush|p1a: Torkoal\n|-activate|p1a: Torkoal|move: Protect\n|move|p2a: Arcanine|Head Smash|p1b: Volcarona\n|-supereffective|p1b: Volcarona\n|-damage|p1b: Volcarona|0 fnt\n|-damage|p2a: Arcanine|39\/100|[from] item: Rocky Helmet|[of] p1b: Volcarona\n|faint|p1b: Volcarona\n|-damage|p2a: Arcanine|29\/100|[from] item: Life Orb\n|\n|-weather|SunnyDay|[upkeep]\n|upkeep\n|\n|t:|1700221798\n|switch|p1b: Flutter Mane|Flutter Mane, L50|100\/100\n|-activate|p1b: Flutter Mane|ability: Protosynthesis\n|-start|p1b: Flutter Mane|protosynthesisspe\n|turn|3\n|\n|t:|1700221819\n|-terastallize|p1b: Flutter Mane|Fairy\n|move|p1a: Torkoal|Helping Hand|p1b: Flutter Mane\n|-singleturn|p1b: Flutter Mane|Helping Hand|[of] p1a: Torkoal\n|move|p2b: Baxcalibur|Protect|p2b: Baxcalibur\n|-singleturn|p2b: Baxcalibur|Protect\n|move|p1b: Flutter Mane|Dazzling Gleam|p2a: Arcanine|[spread] p2a\n|-activate|p2b: Baxcalibur|move: Protect\n|-resisted|p2a: Arcanine\n|-damage|p2a: Arcanine|0 fnt\n|faint|p2a: Arcanine\n|\n|-weather|SunnyDay|[upkeep]\n|upkeep\n|\n|t:|1700221832\n|switch|p2a: Ursaluna|Ursaluna-Bloodmoon, L50, M|100\/100\n|turn|4\n|\n|t:|1700221850\n|move|p1a: Torkoal|Helping Hand|p1b: Flutter Mane\n|-singleturn|p1b: Flutter Mane|Helping Hand|[of] p1a: Torkoal\n|move|p1b: Flutter Mane|Dazzling Gleam|p2a: Ursaluna|[spread] p2a,p2b\n|-supereffective|p2b: Baxcalibur\n|-damage|p2a: Ursaluna|46\/100\n|-damage|p2b: Baxcalibur|0 fnt\n|faint|p2b: Baxcalibur\n|move|p2a: Ursaluna|Earth Power|p1a: Torkoal\n|-supereffective|p1a: Torkoal\n|-damage|p1a: Torkoal|0 fnt\n|faint|p1a: Torkoal\n|\n|-weather|SunnyDay|[upkeep]\n|upkeep\n|\n|t:|1700221860\n|switch|p2b: Ninetales|Ninetales-Alola, L50, F, shiny|100\/100\n|switch|p1a: Shiftry|Shiftry, L50, M|100\/100\n|-weather|Snow|[from] ability: Snow Warning|[of] p2b: Ninetales\n|-end|p1b: Flutter Mane|Protosynthesis\n|turn|5\n|\n|t:|1700221877\n|move|p1b: Flutter Mane|Protect|p1b: Flutter Mane\n|-singleturn|p1b: Flutter Mane|Protect\n|move|p2b: Ninetales|Aurora Veil|p2b: Ninetales\n|-sidestart|p2: KareemAlkemy6|move: Aurora Veil\n|move|p1a: Shiftry|Tailwind|p1a: Shiftry\n|-sidestart|p1: VegitoSKBEST|move: Tailwind\n|-ability|p1a: Shiftry|Wind Rider|boost\n|-boost|p1a: Shiftry|atk|1\n|move|p2a: Ursaluna|Blood Moon|p1b: Flutter Mane\n|-activate|p1b: Flutter Mane|move: Protect\n|\n|-weather|Snow|[upkeep]\n|upkeep\n|turn|6\n|\n|t:|1700221894\n|move|p1b: Flutter Mane|Dazzling Gleam|p2a: Ursaluna|[spread] p2a,p2b\n|-damage|p2a: Ursaluna|20\/100\n|-damage|p2b: Ninetales|60\/100\n|move|p1a: Shiftry|Leaf Blade|p2a: Ursaluna\n|-supereffective|p2a: Ursaluna\n|-damage|p2a: Ursaluna|0 fnt\n|faint|p2a: Ursaluna\n|move|p2b: Ninetales|Blizzard|p1b: Flutter Mane|[spread] p1b\n|-ability|p1a: Shiftry|Wind Rider|boost\n|-boost|p1a: Shiftry|atk|1\n|-damage|p1b: Flutter Mane|68\/100\n|\n|-weather|Snow|[upkeep]\n|upkeep\n|turn|7\n|\n|t:|1700221917\n|move|p1b: Flutter Mane|Moonblast|p2b: Ninetales\n|-damage|p2b: Ninetales|0 fnt\n|faint|p2b: Ninetales\n|\n|win|VegitoSKBEST\n|raw|VegitoSKBEST's rating: 1097 &rarr; <strong>1126<\/strong><br \/>(+29 for winning)\n|raw|KareemAlkemy6's rating: 1146 &rarr; <strong>1117<\/strong><br \/>(-29 for losing)\n|l|\u2606KareemAlkemy6\n","uploadtime":1700221929,"views":10,"p1id":"vegitoskbest","p2id":"kareemalkemy6","formatid":"gen9vgc2023regulatione","rating":1117,"private":0,"password":""}