{"id":"gen9vgc2023regulatione-1999073743","p1":"Funadoxfacts","p2":"paradoxarena","format":"[Gen 9] VGC 2023 Regulation E","log":"|j|\u2606Funadoxfacts\n|j|\u2606paradoxarena\n|t:|1701030340\n|gametype|doubles\n|player|p1|Funadoxfacts|clair|1342\n|player|p2|paradoxarena|red|1345\n|teamsize|p1|6\n|teamsize|p2|6\n|gen|9\n|tier|[Gen 9] VGC 2023 Regulation E\n|rated|\n|rule|Species Clause: Limit one of each Pok\u00e9mon\n|rule|Item Clause: Limit one of each item\n|clearpoke\n|poke|p1|Arcanine-Hisui, L50, F|\n|poke|p1|Sinistcha-Masterpiece, L50|\n|poke|p1|Roaring Moon, L50|\n|poke|p1|Okidogi, L50, M|\n|poke|p1|Ursaluna-Bloodmoon, L50, M|\n|poke|p1|Ninetales-Alola, L50, F|\n|poke|p2|Iron Bundle, L50|\n|poke|p2|Iron Hands, L50|\n|poke|p2|Landorus-Therian, L50, M|\n|poke|p2|Chi-Yu, L50|\n|poke|p2|Flutter Mane, L50|\n|poke|p2|Ninetales-Alola, L50, F|\n|teampreview|4\n|\n|t:|1701030371\n|start\n|switch|p1a: Okidogi|Okidogi, L50, M|100\/100\n|switch|p1b: Ursaluna|Ursaluna-Bloodmoon, L50, M|100\/100\n|switch|p2a: Ninetales|Ninetales-Alola, L50, F, shiny|100\/100\n|switch|p2b: Landorus|Landorus-Therian, L50, M|100\/100\n|-ability|p2b: Landorus|Intimidate|boost\n|-ability|p1a: Okidogi|Guard Dog|boost\n|-boost|p1a: Okidogi|atk|1\n|-unboost|p1b: Ursaluna|atk|1\n|-weather|Snow|[from] ability: Snow Warning|[of] p2a: Ninetales\n|turn|1\n|inactive|Battle timer is ON: inactive players will automatically lose when time's up. (requested by paradoxarena)\n|\n|t:|1701030393\n|-terastallize|p2b: Landorus|Flying\n|move|p1a: Okidogi|Protect|p1a: Okidogi\n|-singleturn|p1a: Okidogi|Protect\n|move|p2b: Landorus|Tera Blast|p1a: Okidogi|[anim] Tera Blast Flying\n|-activate|p1a: Okidogi|move: Protect\n|move|p2a: Ninetales|Aurora Veil|p2a: Ninetales\n|-sidestart|p2: paradoxarena|move: Aurora Veil\n|move|p1b: Ursaluna|Blood Moon|p2b: Landorus\n|-damage|p2b: Landorus|28\/100\n|\n|-weather|Snow|[upkeep]\n|upkeep\n|turn|2\n|inactive|Funadoxfacts has 30 seconds left.\n|inactive|paradoxarena has 30 seconds left.\n|inactive|paradoxarena has 20 seconds left.\n|\n|t:|1701030433\n|switch|p1a: Arcanine|Arcanine-Hisui, L50, F, shiny|100\/100\n|-ability|p1a: Arcanine|Intimidate|boost\n|-unboost|p2a: Ninetales|atk|1\n|-unboost|p2b: Landorus|atk|1\n|move|p2b: Landorus|Tera Blast|p1a: Arcanine|[anim] Tera Blast Flying\n|-resisted|p1a: Arcanine\n|-damage|p1a: Arcanine|77\/100\n|move|p2a: Ninetales|Blizzard|p1b: Ursaluna|[spread] p1a,p1b\n|-resisted|p1a: Arcanine\n|-supereffective|p1b: Ursaluna\n|-damage|p1a: Arcanine|62\/100\n|-damage|p1b: Ursaluna|54\/100\n|move|p1b: Ursaluna|Hyper Voice|p2a: Ninetales|[spread] p2a,p2b\n|-crit|p2a: Ninetales\n|-damage|p2a: Ninetales|36\/100\n|-damage|p2b: Landorus|0 fnt\n|faint|p2b: Landorus\n|\n|-weather|Snow|[upkeep]\n|upkeep\n|\n|t:|1701030449\n|switch|p2b: Iron Hands|Iron Hands, L50|100\/100\n|turn|3\n|\n|t:|1701030472\n|switch|p1a: Okidogi|Okidogi, L50, M|100\/100\n|switch|p1b: Sinistcha|Sinistcha-Masterpiece, L50, shiny|100\/100\n|move|p2a: Ninetales|Protect|p2a: Ninetales\n|-singleturn|p2a: Ninetales|Protect\n|move|p2b: Iron Hands|Fake Out|p1b: Sinistcha\n|-immune|p1b: Sinistcha\n|\n|-weather|Snow|[upkeep]\n|upkeep\n|turn|4\n|\n|t:|1701030491\n|switch|p1b: Arcanine|Arcanine-Hisui, L50, F, shiny|62\/100\n|-ability|p1b: Arcanine|Intimidate|boost\n|-unboost|p2a: Ninetales|atk|1\n|-unboost|p2b: Iron Hands|atk|1\n|move|p2a: Ninetales|Aurora Veil||[still]\n|-fail|p2a: Ninetales\n|move|p1a: Okidogi|Bulk Up|p1a: Okidogi\n|-boost|p1a: Okidogi|atk|1\n|-boost|p1a: Okidogi|def|1\n|move|p2b: Iron Hands|Wild Charge|p1a: Okidogi\n|-crit|p1a: Okidogi\n|-damage|p1a: Okidogi|39\/100\n|-damage|p2b: Iron Hands|89\/100|[from] Recoil\n|\n|-weather|Snow|[upkeep]\n|-heal|p1a: Okidogi|45\/100|[from] item: Leftovers\n|upkeep\n|turn|5\n|\n|t:|1701030513\n|move|p2a: Ninetales|Moonblast|p1a: Okidogi\n|-crit|p1a: Okidogi\n|-damage|p1a: Okidogi|0 fnt\n|faint|p1a: Okidogi\n|move|p1b: Arcanine|Rock Slide|p2a: Ninetales|[spread] p2a,p2b\n|-supereffective|p2a: Ninetales\n|-resisted|p2b: Iron Hands\n|-damage|p2a: Ninetales|0 fnt\n|-damage|p2b: Iron Hands|80\/100\n|faint|p2a: Ninetales\n|move|p2b: Iron Hands|Drain Punch|p1b: Arcanine\n|-supereffective|p1b: Arcanine\n|-damage|p1b: Arcanine|0 fnt\n|-heal|p2b: Iron Hands|100\/100|[from] drain|[of] p1b: Arcanine\n|faint|p1b: Arcanine\n|\n|-weather|none\n|upkeep\n|\n|t:|1701030529\n|switch|p2a: Iron Bundle|Iron Bundle, L50|100\/100\n|switch|p1b: Ursaluna|Ursaluna-Bloodmoon, L50, M|54\/100\n|switch|p1a: Sinistcha|Sinistcha-Masterpiece, L50, shiny|100\/100\n|-heal|p1b: Ursaluna|79\/100|[from] ability: Hospitality|[of] p1a: Sinistcha\n|-enditem|p2a: Iron Bundle|Booster Energy\n|-activate|p2a: Iron Bundle|ability: Quark Drive|[fromitem]\n|-start|p2a: Iron Bundle|quarkdrivespe\n|turn|6\n|\n|t:|1701030548\n|-terastallize|p1b: Ursaluna|Fairy\n|move|p2a: Iron Bundle|Icy Wind|p1a: Sinistcha|[spread] p1a,p1b\n|-supereffective|p1a: Sinistcha\n|-damage|p1a: Sinistcha|60\/100\n|-damage|p1b: Ursaluna|64\/100\n|-unboost|p1a: Sinistcha|spe|1\n|-unboost|p1b: Ursaluna|spe|1\n|move|p2b: Iron Hands|Drain Punch|p1b: Ursaluna\n|-resisted|p1b: Ursaluna\n|-damage|p1b: Ursaluna|54\/100\n|move|p1a: Sinistcha|Strength Sap|p2b: Iron Hands\n|-unboost|p2b: Iron Hands|atk|1\n|-heal|p1a: Sinistcha|100\/100\n|move|p1b: Ursaluna|Blood Moon|p2a: Iron Bundle\n|-damage|p2a: Iron Bundle|0 fnt\n|faint|p2a: Iron Bundle\n|-end|p2a: Iron Bundle|Quark Drive|[silent]\n|\n|upkeep\n|turn|7\n|c|\u2606Funadoxfacts|Izizizizi hax bot\n|inactive|Funadoxfacts has 30 seconds left.\n|\n|t:|1701030581\n|move|p2b: Iron Hands|Heavy Slam|p1b: Ursaluna\n|-supereffective|p1b: Ursaluna\n|-damage|p1b: Ursaluna|41\/100\n|move|p1a: Sinistcha|Matcha Gotcha|p2b: Iron Hands\n|-damage|p2b: Iron Hands|85\/100\n|move|p1b: Ursaluna|Moonblast|p2b: Iron Hands\n|-supereffective|p2b: Iron Hands\n|-damage|p2b: Iron Hands|38\/100\n|\n|upkeep\n|turn|8\n|\n|t:|1701030595\n|move|p2b: Iron Hands|Heavy Slam|p1b: Ursaluna\n|-supereffective|p1b: Ursaluna\n|-damage|p1b: Ursaluna|27\/100\n|move|p1a: Sinistcha|Strength Sap|p2b: Iron Hands\n|-unboost|p2b: Iron Hands|atk|1\n|move|p1b: Ursaluna|Moonblast|p2b: Iron Hands\n|-supereffective|p2b: Iron Hands\n|-damage|p2b: Iron Hands|0 fnt\n|faint|p2b: Iron Hands\n|-end|p2b: Iron Hands|Quark Drive|[silent]\n|\n|win|Funadoxfacts\n|raw|Funadoxfacts's rating: 1342 &rarr; <strong>1362<\/strong><br \/>(+20 for winning)\n|raw|paradoxarena's rating: 1345 &rarr; <strong>1325<\/strong><br \/>(-20 for losing)\n|l|\u2606paradoxarena\n","uploadtime":1701030877,"views":26,"p1id":"funadoxfacts","p2id":"paradoxarena","formatid":"gen9vgc2023regulatione","rating":1325,"private":0,"password":""}