{"id":"gen9vgc2023regulatione-1990111921","p1":"Gyaramax2020","p2":"WarTails","format":"[Gen 9] VGC 2023 Regulation E","log":"|j|\u2606Gyaramax2020\n|j|\u2606WarTails\n|t:|1699925809\n|gametype|doubles\n|player|p1|Gyaramax2020|rood|\n|player|p2|WarTails|veteran|\n|teamsize|p1|6\n|teamsize|p2|6\n|gen|9\n|tier|[Gen 9] VGC 2023 Regulation E\n|rule|Species Clause: Limit one of each Pok\u00e9mon\n|rule|Item Clause: Limit one of each item\n|clearpoke\n|poke|p1|Heatran, L50, M|\n|poke|p1|Clefairy, L50, F|\n|poke|p1|Sinistcha-Masterpiece, L50|\n|poke|p1|Iron Hands, L50|\n|poke|p1|Ursaluna-Bloodmoon, L50, M|\n|poke|p1|Landorus-Therian, L50, M|\n|poke|p2|Lucario, L50, F|\n|poke|p2|Garchomp, L50, M|\n|poke|p2|Gliscor, L50, M|\n|poke|p2|Rotom-Heat, L50|\n|poke|p2|Pachirisu, L50, F|\n|poke|p2|Tyranitar, L50, M|\n|teampreview|4\nWarTails has agreed to open team sheets.\n|j| ControlGeek\n|\n|t:|1699925836\n|start\n|switch|p1a: Ursaluna|Ursaluna-Bloodmoon, L50, M|100\/100\n|switch|p1b: Clefairy|Clefairy, L50, F, shiny|100\/100\n|switch|p2a: Rotom|Rotom-Heat, L50|100\/100\n|switch|p2b: Pachirisu|Pachirisu, L50, F, shiny|100\/100\n|turn|1\n|\n|t:|1699925872\n|move|p2b: Pachirisu|Helping Hand|p2a: Rotom\n|-singleturn|p2a: Rotom|Helping Hand|[of] p2b: Pachirisu\n|move|p1b: Clefairy|Protect|p1b: Clefairy\n|-singleturn|p1b: Clefairy|Protect\n|move|p2a: Rotom|Discharge|p1a: Ursaluna|[spread] \n|-activate|p1b: Clefairy|move: Protect\n|-immune|p2b: Pachirisu|[from] ability: Volt Absorb\n|-immune|p1a: Ursaluna\n|move|p1a: Ursaluna|Earth Power|p2b: Pachirisu\n|-supereffective|p2b: Pachirisu\n|-damage|p2b: Pachirisu|0 fnt\n|faint|p2b: Pachirisu\n|\n|upkeep\n|\n|t:|1699925886\n|switch|p2b: Gliscor|Gliscor, L50, M|100\/100\n|turn|2\n|c|\u2606WarTails|my poor pika clone\n|\n|t:|1699925904\n|move|p1b: Clefairy|Helping Hand|p1a: Ursaluna\n|-singleturn|p1a: Ursaluna|Helping Hand|[of] p1b: Clefairy\n|move|p2b: Gliscor|Toxic|p1b: Clefairy\n|-status|p1b: Clefairy|tox\n|move|p2a: Rotom|Eerie Impulse|p1a: Ursaluna\n|-unboost|p1a: Ursaluna|spa|2\n|move|p1a: Ursaluna|Blood Moon|p2b: Gliscor\n|-damage|p2b: Gliscor|37\/100\n|\n|-damage|p1b: Clefairy|94\/100 tox|[from] psn\n|-status|p2b: Gliscor|tox|[from] item: Toxic Orb\n|upkeep\n|turn|3\n|\n|t:|1699925926\n|switch|p1a: Landorus|Landorus-Therian, L50, M, shiny|100\/100\n|-ability|p1a: Landorus|Intimidate|boost\n|-unboost|p2a: Rotom|atk|1\n|-unboost|p2b: Gliscor|atk|1\n|move|p2b: Gliscor|Protect|p2b: Gliscor\n|-singleturn|p2b: Gliscor|Protect\n|move|p1b: Clefairy|Follow Me|p1b: Clefairy\n|-singleturn|p1b: Clefairy|move: Follow Me\n|move|p2a: Rotom|Substitute|p2a: Rotom\n|-start|p2a: Rotom|Substitute\n|-damage|p2a: Rotom|76\/100\n|\n|-heal|p2a: Rotom|82\/100|[from] item: Leftovers\n|-heal|p2b: Gliscor|50\/100 tox|[from] ability: Poison Heal\n|-damage|p1b: Clefairy|82\/100 tox|[from] psn\n|upkeep\n|turn|4\n|\n|t:|1699925953\n|switch|p2b: Garchomp|Garchomp, L50, M|100\/100\n|move|p1b: Clefairy|Helping Hand|p1a: Landorus\n|-singleturn|p1a: Landorus|Helping Hand|[of] p1b: Clefairy\n|move|p1a: Landorus|Rock Slide|p2b: Garchomp|[spread] p2b\n|-miss|p1a: Landorus|p2a: Rotom\n|-resisted|p2b: Garchomp\n|-damage|p2b: Garchomp|86\/100\n|move|p2a: Rotom|Will-O-Wisp|p1a: Landorus\n|-status|p1a: Landorus|brn\n|\n|-heal|p2a: Rotom|88\/100|[from] item: Leftovers\n|-damage|p1b: Clefairy|63\/100 tox|[from] psn\n|-damage|p1a: Landorus|94\/100 brn|[from] brn\n|upkeep\n|turn|5\n|\n|t:|1699925980\n|switch|p1a: Ursaluna|Ursaluna-Bloodmoon, L50, M|100\/100\n|move|p1b: Clefairy|Protect|p1b: Clefairy\n|-singleturn|p1b: Clefairy|Protect\n|move|p2b: Garchomp|Dragon Claw|p1a: Ursaluna\n|-damage|p1a: Ursaluna|78\/100\n|move|p2a: Rotom|Discharge|p1a: Ursaluna|[spread] \n|-activate|p1b: Clefairy|move: Protect\n|-immune|p2b: Garchomp\n|-immune|p1a: Ursaluna\n|\n|-heal|p2a: Rotom|93\/100|[from] item: Leftovers\n|-heal|p1a: Ursaluna|84\/100|[from] item: Leftovers\n|-damage|p1b: Clefairy|38\/100 tox|[from] psn\n|upkeep\n|turn|6\n|\n|t:|1699926006\n|switch|p2b: Gliscor|Gliscor, L50, M|50\/100 tox\n|switch|p1b: Landorus|Landorus-Therian, L50, M, shiny|94\/100 brn\n|-ability|p1b: Landorus|Intimidate|boost\n|-immune|p2a: Rotom\n|-unboost|p2b: Gliscor|atk|1\n|move|p2a: Rotom|Eerie Impulse|p1a: Ursaluna\n|-unboost|p1a: Ursaluna|spa|2\n|move|p1a: Ursaluna|Calm Mind|p1a: Ursaluna\n|-boost|p1a: Ursaluna|spa|1\n|-boost|p1a: Ursaluna|spd|1\n|\n|-heal|p2a: Rotom|99\/100|[from] item: Leftovers\n|-heal|p1a: Ursaluna|90\/100|[from] item: Leftovers\n|-heal|p2b: Gliscor|62\/100 tox|[from] ability: Poison Heal\n|-damage|p1b: Landorus|88\/100 brn|[from] brn\n|upkeep\n|turn|7\n|\n|t:|1699926050\n|-terastallize|p1b: Landorus|Flying\n|move|p1a: Ursaluna|Vacuum Wave|p2a: Rotom\n|-activate|p2a: Rotom|move: Substitute|[damage]\n|move|p1b: Landorus|Tera Blast|p2b: Gliscor|[anim] Tera Blast Flying\n|-damage|p2b: Gliscor|39\/100 tox\n|move|p2b: Gliscor|Toxic|p1a: Ursaluna\n|-status|p1a: Ursaluna|tox\n|move|p2a: Rotom|Eerie Impulse|p1a: Ursaluna\n|-unboost|p1a: Ursaluna|spa|2\n|\n|-heal|p2a: Rotom|100\/100|[from] item: Leftovers\n|-heal|p1a: Ursaluna|95\/100 tox|[from] item: Leftovers\n|-heal|p2b: Gliscor|51\/100 tox|[from] ability: Poison Heal\n|-damage|p1a: Ursaluna|90\/100 tox|[from] psn\n|-damage|p1b: Landorus|82\/100 brn|[from] brn\n|upkeep\n|turn|8\n|\n|t:|1699926075\n|switch|p1a: Sinistcha|Sinistcha-Masterpiece, L50, shiny|100\/100\n|-heal|p1b: Landorus|100\/100 brn|[from] ability: Hospitality|[of] p1a: Sinistcha\n|move|p2b: Gliscor|Protect|p2b: Gliscor\n|-singleturn|p2b: Gliscor|Protect\n|move|p1b: Landorus|Tera Blast|p2a: Rotom|[anim] Tera Blast Flying\n|-resisted|p2a: Rotom\n|-end|p2a: Rotom|Substitute\n|move|p2a: Rotom|Eerie Impulse|p1a: Sinistcha\n|-unboost|p1a: Sinistcha|spa|2\n|\n|-heal|p2b: Gliscor|63\/100 tox|[from] ability: Poison Heal\n|-damage|p1b: Landorus|94\/100 brn|[from] brn\n|upkeep\n|turn|9\n|\n|t:|1699926114\n|switch|p1b: Ursaluna|Ursaluna-Bloodmoon, L50, M|90\/100 tox\n|move|p2b: Gliscor|Toxic|p1a: Sinistcha\n|-status|p1a: Sinistcha|tox\n|move|p2a: Rotom|Discharge|p1a: Sinistcha|[spread] p1a\n|-immune|p2b: Gliscor\n|-immune|p1b: Ursaluna\n|-resisted|p1a: Sinistcha\n|-damage|p1a: Sinistcha|89\/100 tox\n|move|p1a: Sinistcha|Matcha Gotcha|p2b: Gliscor|[spread] p2a,p2b\n|-resisted|p2a: Rotom\n|-damage|p2a: Rotom|94\/100\n|-heal|p1a: Sinistcha|92\/100 tox|[from] drain|[of] p2a: Rotom\n|-damage|p2b: Gliscor|50\/100 tox\n|-heal|p1a: Sinistcha|98\/100 tox|[from] drain|[of] p2b: Gliscor\n|\n|-heal|p2a: Rotom|99\/100|[from] item: Leftovers\n|-heal|p1b: Ursaluna|95\/100 tox|[from] item: Leftovers\n|-heal|p2b: Gliscor|62\/100 tox|[from] ability: Poison Heal\n|-damage|p1a: Sinistcha|92\/100 tox|[from] psn\n|-damage|p1b: Ursaluna|90\/100 tox|[from] psn\n|upkeep\n|turn|10\n|\n|t:|1699926142\n|switch|p1a: Landorus|Landorus-Therian, L50, M, shiny, tera:Flying|94\/100 brn\n|-ability|p1a: Landorus|Intimidate|boost\n|-unboost|p2a: Rotom|atk|1\n|-unboost|p2b: Gliscor|atk|1\n|move|p1b: Ursaluna|Vacuum Wave|p2a: Rotom\n|-damage|p2a: Rotom|80\/100\n|move|p2b: Gliscor|Bulldoze|p1a: Landorus|[spread] p1b\n|-immune|p2a: Rotom|[from] ability: Levitate\n|-immune|p1a: Landorus\n|-damage|p1b: Ursaluna|84\/100 tox\n|-unboost|p1b: Ursaluna|spe|1\n|move|p2a: Rotom|Eerie Impulse|p1b: Ursaluna\n|-unboost|p1b: Ursaluna|spa|2\n|\n|-heal|p2a: Rotom|86\/100|[from] item: Leftovers\n|-heal|p1b: Ursaluna|90\/100 tox|[from] item: Leftovers\n|-heal|p2b: Gliscor|75\/100 tox|[from] ability: Poison Heal\n|-damage|p1b: Ursaluna|78\/100 tox|[from] psn\n|-damage|p1a: Landorus|88\/100 brn|[from] brn\n|upkeep\n|turn|11\n|\n|t:|1699926178\n|switch|p1b: Clefairy|Clefairy, L50, F, shiny|38\/100 tox\n|move|p1a: Landorus|Rock Slide|p2a: Rotom|[spread] p2a,p2b\n|-supereffective|p2a: Rotom\n|-damage|p2a: Rotom|63\/100\n|-damage|p2b: Gliscor|67\/100 tox\n|move|p2b: Gliscor|Mud-Slap|p1b: Clefairy\n|-damage|p1b: Clefairy|36\/100 tox\n|-unboost|p1b: Clefairy|accuracy|1\n|move|p2a: Rotom|Substitute|p2a: Rotom\n|-start|p2a: Rotom|Substitute\n|-damage|p2a: Rotom|39\/100\n|\n|-heal|p2a: Rotom|44\/100|[from] item: Leftovers\n|-heal|p2b: Gliscor|80\/100 tox|[from] ability: Poison Heal\n|-damage|p1b: Clefairy|30\/100 tox|[from] psn\n|-damage|p1a: Landorus|82\/100 brn|[from] brn\n|upkeep\n|turn|12\n|\n|t:|1699926198\n|move|p1b: Clefairy|Helping Hand|p1a: Landorus\n|-singleturn|p1a: Landorus|Helping Hand|[of] p1b: Clefairy\n|move|p1a: Landorus|Rock Slide|p2a: Rotom|[spread] \n|-miss|p1a: Landorus|p2a: Rotom\n|-miss|p1a: Landorus|p2b: Gliscor\n|move|p2b: Gliscor|Bulldoze|p1a: Landorus|[spread] p1b\n|-immune|p2a: Rotom|[from] ability: Levitate\n|-immune|p1a: Landorus\n|-damage|p1b: Clefairy|21\/100 tox\n|-unboost|p1b: Clefairy|spe|1\n|move|p2a: Rotom|Eerie Impulse|p1a: Landorus\n|-unboost|p1a: Landorus|spa|2\n|\n|-heal|p2a: Rotom|50\/100|[from] item: Leftovers\n|-heal|p2b: Gliscor|92\/100 tox|[from] ability: Poison Heal\n|-damage|p1b: Clefairy|9\/100 tox|[from] psn\n|-damage|p1a: Landorus|76\/100 brn|[from] brn\n|upkeep\n|turn|13\n|\n|t:|1699926222\n|move|p1b: Clefairy|Helping Hand|p1a: Landorus\n|-singleturn|p1a: Landorus|Helping Hand|[of] p1b: Clefairy\n|move|p1a: Landorus|Rock Slide|p2a: Rotom|[spread] p2b\n|-miss|p1a: Landorus|p2a: Rotom\n|-damage|p2b: Gliscor|80\/100 tox\n|move|p2b: Gliscor|Mud-Slap|p1a: Landorus\n|-immune|p1a: Landorus\n|move|p2a: Rotom|Eerie Impulse|p1a: Landorus\n|-unboost|p1a: Landorus|spa|2\n|\n|-heal|p2a: Rotom|56\/100|[from] item: Leftovers\n|-heal|p2b: Gliscor|92\/100 tox|[from] ability: Poison Heal\n|-damage|p1b: Clefairy|0 fnt|[from] psn\n|faint|p1b: Clefairy\n|-damage|p1a: Landorus|70\/100 brn|[from] brn\n|upkeep\n|c|\u2606WarTails|btw who's controlgeek?\n|\n|t:|1699926243\n|switch|p1b: Sinistcha|Sinistcha-Masterpiece, L50, shiny|92\/100 tox\n|-heal|p1a: Landorus|95\/100 brn|[from] ability: Hospitality|[of] p1b: Sinistcha\n|turn|14\n|\n|t:|1699926258\n|move|p1a: Landorus|Rock Slide|p2a: Rotom|[spread] p2a,p2b\n|-supereffective|p2a: Rotom\n|-activate|p2a: Rotom|move: Substitute|[damage]\n|-damage|p2b: Gliscor|85\/100 tox\n|move|p2b: Gliscor|Toxic|p1b: Sinistcha\n|-fail|p1b: Sinistcha|tox\n|move|p2a: Rotom|Eerie Impulse|p1b: Sinistcha\n|-unboost|p1b: Sinistcha|spa|2\n|move|p1b: Sinistcha|Matcha Gotcha|p2a: Rotom|[spread] p2a,p2b\n|-resisted|p2a: Rotom\n|-end|p2a: Rotom|Substitute\n|-heal|p1b: Sinistcha|93\/100 tox|[from] drain|[of] p2a: Rotom\n|-damage|p2b: Gliscor|72\/100 tox\n|-heal|p1b: Sinistcha|99\/100 tox|[from] drain|[of] p2b: Gliscor\n|\n|-heal|p2a: Rotom|62\/100|[from] item: Leftovers\n|-heal|p2b: Gliscor|84\/100 tox|[from] ability: Poison Heal\n|-damage|p1b: Sinistcha|93\/100 tox|[from] psn\n|-damage|p1a: Landorus|89\/100 brn|[from] brn\n|upkeep\n|turn|15\n|\n|t:|1699926291\n|switch|p1b: Ursaluna|Ursaluna-Bloodmoon, L50, M|78\/100 tox\n|move|p1a: Landorus|Rock Slide|p2b: Gliscor|[spread] p2a,p2b\n|-supereffective|p2a: Rotom\n|-damage|p2a: Rotom|40\/100\n|-damage|p2b: Gliscor|76\/100 tox\n|move|p2b: Gliscor|Mud-Slap|p1b: Ursaluna\n|-damage|p1b: Ursaluna|74\/100 tox\n|move|p2a: Rotom|Substitute|p2a: Rotom\n|-start|p2a: Rotom|Substitute\n|-damage|p2a: Rotom|16\/100\n|\n|-heal|p2a: Rotom|21\/100|[from] item: Leftovers\n|-heal|p1b: Ursaluna|80\/100 tox|[from] item: Leftovers\n|-heal|p2b: Gliscor|88\/100 tox|[from] ability: Poison Heal\n|-damage|p1b: Ursaluna|74\/100 tox|[from] psn\n|-damage|p1a: Landorus|83\/100 brn|[from] brn\n|upkeep\n|turn|16\n|c| ControlGeek|im another person in the tourney\n|c| ControlGeek|just watchin\n|c|\u2606WarTails|Oh ok, enjoying the battle?\n|\n|t:|1699926320\n|move|p1a: Landorus|Rock Slide|p2b: Gliscor|[spread] p2a,p2b\n|-supereffective|p2a: Rotom\n|-activate|p2a: Rotom|move: Substitute|[damage]\n|-damage|p2b: Gliscor|80\/100 tox\n|cant|p2b: Gliscor|flinch\n|move|p2a: Rotom|Eerie Impulse|p1b: Ursaluna\n|-unboost|p1b: Ursaluna|spa|2\n|move|p1b: Ursaluna|Calm Mind|p1b: Ursaluna\n|-boost|p1b: Ursaluna|spa|1\n|-boost|p1b: Ursaluna|spd|1\n|\n|-heal|p2a: Rotom|27\/100|[from] item: Leftovers\n|-heal|p1b: Ursaluna|80\/100 tox|[from] item: Leftovers\n|-heal|p2b: Gliscor|93\/100 tox|[from] ability: Poison Heal\n|-damage|p1b: Ursaluna|68\/100 tox|[from] psn\n|-damage|p1a: Landorus|77\/100 brn|[from] brn\n|upkeep\n|turn|17\n|c| ControlGeek|lol guess so\n|\n|t:|1699926341\n|move|p1b: Ursaluna|Vacuum Wave|p2a: Rotom\n|-end|p2a: Rotom|Substitute\n|move|p1a: Landorus|Rock Slide|p2b: Gliscor|[spread] p2a\n|-miss|p1a: Landorus|p2b: Gliscor\n|-supereffective|p2a: Rotom\n|-damage|p2a: Rotom|6\/100\n|move|p2b: Gliscor|Bulldoze|p1a: Landorus|[spread] p1b\n|-immune|p2a: Rotom|[from] ability: Levitate\n|-immune|p1a: Landorus\n|-damage|p1b: Ursaluna|63\/100 tox\n|-unboost|p1b: Ursaluna|spe|1\n|cant|p2a: Rotom|flinch\n|\n|-heal|p2a: Rotom|12\/100|[from] item: Leftovers\n|-heal|p1b: Ursaluna|69\/100 tox|[from] item: Leftovers\n|-heal|p2b: Gliscor|100\/100 tox|[from] ability: Poison Heal\n|-damage|p1b: Ursaluna|51\/100 tox|[from] psn\n|-damage|p1a: Landorus|71\/100 brn|[from] brn\n|upkeep\n|turn|18\n|\n|t:|1699926364\n|switch|p2a: Garchomp|Garchomp, L50, M|86\/100\n|move|p1b: Ursaluna|Vacuum Wave|p2a: Garchomp\n|-damage|p2a: Garchomp|79\/100\n|move|p1a: Landorus|Rock Slide|p2b: Gliscor|[spread] p2a,p2b\n|-resisted|p2a: Garchomp\n|-damage|p2a: Garchomp|74\/100\n|-damage|p2b: Gliscor|93\/100 tox\n|cant|p2b: Gliscor|flinch\n|\n|-heal|p1b: Ursaluna|57\/100 tox|[from] item: Leftovers\n|-heal|p2b: Gliscor|100\/100 tox|[from] ability: Poison Heal\n|-damage|p1b: Ursaluna|33\/100 tox|[from] psn\n|-damage|p1a: Landorus|65\/100 brn|[from] brn\n|upkeep\n|turn|19\n|\n|t:|1699926388\n|switch|p1b: Sinistcha|Sinistcha-Masterpiece, L50, shiny|93\/100 tox\n|-heal|p1a: Landorus|90\/100 brn|[from] ability: Hospitality|[of] p1b: Sinistcha\n|move|p1a: Landorus|Rock Slide|p2a: Garchomp|[spread] p2a\n|-miss|p1a: Landorus|p2b: Gliscor\n|-resisted|p2a: Garchomp\n|-damage|p2a: Garchomp|70\/100\n|move|p2a: Garchomp|Dragon Claw|p1b: Sinistcha\n|-damage|p1b: Sinistcha|58\/100 tox\n|move|p2b: Gliscor|Mud-Slap|p1b: Sinistcha\n|-resisted|p1b: Sinistcha\n|-damage|p1b: Sinistcha|56\/100 tox\n|-unboost|p1b: Sinistcha|accuracy|1\n|\n|-damage|p1b: Sinistcha|50\/100 tox|[from] psn\n|-damage|p1a: Landorus|83\/100 brn|[from] brn\n|upkeep\n|turn|20\n|\n|t:|1699926415\n|switch|p1a: Ursaluna|Ursaluna-Bloodmoon, L50, M|33\/100 tox\n|move|p2a: Garchomp|Dragon Claw|p1b: Sinistcha\n|-damage|p1b: Sinistcha|16\/100 tox\n|move|p2b: Gliscor|Mud-Slap|p1b: Sinistcha\n|-resisted|p1b: Sinistcha\n|-damage|p1b: Sinistcha|14\/100 tox\n|-unboost|p1b: Sinistcha|accuracy|1\n|move|p1b: Sinistcha|Strength Sap|p2a: Garchomp\n|-unboost|p2a: Garchomp|atk|1\n|-heal|p1b: Sinistcha|100\/100 tox\n|\n|-heal|p1a: Ursaluna|39\/100 tox|[from] item: Leftovers\n|-damage|p1b: Sinistcha|88\/100 tox|[from] psn\n|-damage|p1a: Ursaluna|33\/100 tox|[from] psn\n|upkeep\n|turn|21\n|\n|t:|1699926438\n|switch|p2b: Rotom|Rotom-Heat, L50|12\/100\n|switch|p1b: Landorus|Landorus-Therian, L50, M, shiny, tera:Flying|83\/100 brn\n|-ability|p1b: Landorus|Intimidate|boost\n|-unboost|p2a: Garchomp|atk|1\n|-unboost|p2b: Rotom|atk|1\n|move|p2a: Garchomp|Brick Break|p1a: Ursaluna\n|-supereffective|p1a: Ursaluna\n|-damage|p1a: Ursaluna|14\/100 tox\n|move|p1a: Ursaluna|Blood Moon|p2b: Rotom\n|-damage|p2b: Rotom|0 fnt\n|faint|p2b: Rotom\n|\n|-heal|p1a: Ursaluna|20\/100 tox|[from] item: Leftovers\n|-damage|p1a: Ursaluna|8\/100 tox|[from] psn\n|-damage|p1b: Landorus|77\/100 brn|[from] brn\n|upkeep\n|\n|t:|1699926452\n|switch|p2b: Gliscor|Gliscor, L50, M|100\/100 tox\n|turn|22\n|\n|t:|1699926472\n|move|p1a: Ursaluna|Vacuum Wave|p2a: Garchomp\n|-damage|p2a: Garchomp|59\/100\n|move|p1b: Landorus|Tera Blast|p2a: Garchomp|[anim] Tera Blast Flying\n|-crit|p2a: Garchomp\n|-damage|p2a: Garchomp|20\/100\n|move|p2a: Garchomp|Dragon Claw|p1b: Landorus\n|-damage|p1b: Landorus|48\/100 brn\n|move|p2b: Gliscor|Mud-Slap|p1b: Landorus\n|-immune|p1b: Landorus\n|\n|-heal|p1a: Ursaluna|14\/100 tox|[from] item: Leftovers\n|-damage|p1a: Ursaluna|0 fnt|[from] psn\n|faint|p1a: Ursaluna\n|-damage|p1b: Landorus|42\/100 brn|[from] brn\n|upkeep\n|\n|t:|1699926489\n|switch|p1a: Sinistcha|Sinistcha-Masterpiece, L50, shiny|88\/100 tox\n|-heal|p1b: Landorus|67\/100 brn|[from] ability: Hospitality|[of] p1a: Sinistcha\n|turn|23\n|\n|t:|1699926499\n|move|p1b: Landorus|Tera Blast|p2b: Gliscor|[anim] Tera Blast Flying\n|-damage|p2b: Gliscor|77\/100 tox\n|move|p2a: Garchomp|Dragon Claw|p1a: Sinistcha\n|-damage|p1a: Sinistcha|69\/100 tox\n|move|p2b: Gliscor|Mud-Slap|p1a: Sinistcha\n|-resisted|p1a: Sinistcha\n|-damage|p1a: Sinistcha|67\/100 tox\n|-unboost|p1a: Sinistcha|accuracy|1\n|move|p1a: Sinistcha|Matcha Gotcha|p2b: Gliscor|[spread] p2b\n|-miss|p1a: Sinistcha|p2a: Garchomp\n|-damage|p2b: Gliscor|51\/100 tox\n|-heal|p1a: Sinistcha|79\/100 tox|[from] drain|[of] p2b: Gliscor\n|\n|-heal|p2b: Gliscor|64\/100 tox|[from] ability: Poison Heal\n|-damage|p1a: Sinistcha|73\/100 tox|[from] psn\n|-damage|p1b: Landorus|61\/100 brn|[from] brn\n|upkeep\n|turn|24\n|\n|t:|1699926528\n|move|p1b: Landorus|Tera Blast|p2a: Garchomp|[anim] Tera Blast Flying\n|-damage|p2a: Garchomp|0 fnt\n|faint|p2a: Garchomp\n|move|p2b: Gliscor|Mud-Slap|p1a: Sinistcha\n|-resisted|p1a: Sinistcha\n|-damage|p1a: Sinistcha|71\/100 tox\n|-unboost|p1a: Sinistcha|accuracy|1\n|move|p1a: Sinistcha|Matcha Gotcha|p2b: Gliscor|[miss]\n|-miss|p1a: Sinistcha|p2b: Gliscor\n|\n|-heal|p2b: Gliscor|76\/100 tox|[from] ability: Poison Heal\n|-damage|p1a: Sinistcha|59\/100 tox|[from] psn\n|-damage|p1b: Landorus|55\/100 brn|[from] brn\n|upkeep\n|turn|25\n|\n|t:|1699926549\n|move|p2b: Gliscor|Protect|p2b: Gliscor\n|-singleturn|p2b: Gliscor|Protect\n|move|p1a: Sinistcha|Rage Powder|p1a: Sinistcha\n|-singleturn|p1a: Sinistcha|move: Rage Powder\n|move|p1b: Landorus|Tera Blast|p2b: Gliscor|[anim] Tera Blast Flying\n|-activate|p2b: Gliscor|move: Protect\n|\n|-heal|p2b: Gliscor|88\/100 tox|[from] ability: Poison Heal\n|-damage|p1a: Sinistcha|40\/100 tox|[from] psn\n|-damage|p1b: Landorus|49\/100 brn|[from] brn\n|upkeep\n|turn|26\n|\n|t:|1699926565\n|move|p1b: Landorus|Tera Blast|p2b: Gliscor|[anim] Tera Blast Flying\n|-damage|p2b: Gliscor|64\/100 tox\n|move|p2b: Gliscor|Mud-Slap|p1a: Sinistcha\n|-resisted|p1a: Sinistcha\n|-damage|p1a: Sinistcha|39\/100 tox\n|-unboost|p1a: Sinistcha|accuracy|1\n|move|p1a: Sinistcha|Matcha Gotcha|p2b: Gliscor|[miss]\n|-miss|p1a: Sinistcha|p2b: Gliscor\n|\n|-heal|p2b: Gliscor|76\/100 tox|[from] ability: Poison Heal\n|-damage|p1a: Sinistcha|14\/100 tox|[from] psn\n|-damage|p1b: Landorus|43\/100 brn|[from] brn\n|upkeep\n|turn|27\n|\n|t:|1699926584\n|move|p2b: Gliscor|Protect|p2b: Gliscor\n|-singleturn|p2b: Gliscor|Protect\n|move|p1b: Landorus|Tera Blast|p2b: Gliscor|[anim] Tera Blast Flying\n|-activate|p2b: Gliscor|move: Protect\n|move|p1a: Sinistcha|Strength Sap|p2b: Gliscor\n|-activate|p2b: Gliscor|move: Protect\n|\n|-heal|p2b: Gliscor|88\/100 tox|[from] ability: Poison Heal\n|-damage|p1a: Sinistcha|0 fnt|[from] psn\n|faint|p1a: Sinistcha\n|-damage|p1b: Landorus|36\/100 brn|[from] brn\n|upkeep\n|turn|28\n|\n|t:|1699926600\n|move|p1b: Landorus|Tera Blast|p2b: Gliscor|[anim] Tera Blast Flying\n|-damage|p2b: Gliscor|65\/100 tox\n|move|p2b: Gliscor|Bulldoze|p1b: Landorus\n|-immune|p1b: Landorus\n|\n|-heal|p2b: Gliscor|77\/100 tox|[from] ability: Poison Heal\n|-damage|p1b: Landorus|30\/100 brn|[from] brn\n|upkeep\n|turn|29\n|\n|t:|1699926609\n|move|p2b: Gliscor|Protect|p2b: Gliscor\n|-singleturn|p2b: Gliscor|Protect\n|move|p1b: Landorus|Tera Blast|p2b: Gliscor|[anim] Tera Blast Flying\n|-activate|p2b: Gliscor|move: Protect\n|\n|-heal|p2b: Gliscor|89\/100 tox|[from] ability: Poison Heal\n|-damage|p1b: Landorus|24\/100 brn|[from] brn\n|upkeep\n|turn|30\n|\n|t:|1699926619\n|move|p1b: Landorus|Tera Blast|p2b: Gliscor|[anim] Tera Blast Flying\n|-damage|p2b: Gliscor|66\/100 tox\n|move|p2b: Gliscor|Bulldoze|p1b: Landorus\n|-immune|p1b: Landorus\n|\n|-heal|p2b: Gliscor|78\/100 tox|[from] ability: Poison Heal\n|-damage|p1b: Landorus|18\/100 brn|[from] brn\n|upkeep\n|turn|31\n|\n|t:|1699926628\n|move|p2b: Gliscor|Protect|p2b: Gliscor\n|-singleturn|p2b: Gliscor|Protect\n|move|p1b: Landorus|Tera Blast|p2b: Gliscor|[anim] Tera Blast Flying\n|-activate|p2b: Gliscor|move: Protect\n|\n|-heal|p2b: Gliscor|91\/100 tox|[from] ability: Poison Heal\n|-damage|p1b: Landorus|12\/100 brn|[from] brn\n|upkeep\n|turn|32\n|\n|t:|1699926638\n|move|p1b: Landorus|Tera Blast|p2b: Gliscor|[anim] Tera Blast Flying\n|-damage|p2b: Gliscor|67\/100 tox\n|move|p2b: Gliscor|Bulldoze|p1b: Landorus\n|-immune|p1b: Landorus\n|\n|-heal|p2b: Gliscor|80\/100 tox|[from] ability: Poison Heal\n|-damage|p1b: Landorus|6\/100 brn|[from] brn\n|upkeep\n|turn|33\n|\n|t:|1699926647\n|move|p2b: Gliscor|Protect|p2b: Gliscor\n|-singleturn|p2b: Gliscor|Protect\n|move|p1b: Landorus|Tera Blast|p2b: Gliscor|[anim] Tera Blast Flying\n|-activate|p2b: Gliscor|move: Protect\n|\n|-heal|p2b: Gliscor|92\/100 tox|[from] ability: Poison Heal\n|-damage|p1b: Landorus|0 fnt|[from] brn\n|faint|p1b: Landorus\n|\n|win|WarTails\n|upkeep\n|c|\u2606WarTails|gg\n","uploadtime":1699926657,"views":19,"p1id":"gyaramax2020","p2id":"wartails","formatid":"gen9vgc2023regulatione","rating":0,"private":0,"password":""}