{"id":"gen9vgc2023regulatione-1992058723","p1":"u3g2i","p2":"ModestOddish","format":"[Gen 9] VGC 2023 Regulation E","log":"|j|\u2606u3g2i\n|j|\u2606ModestOddish\n|t:|1700151614\n|gametype|doubles\n|player|p1|u3g2i|2|1406\n|player|p2|ModestOddish|169|1417\n|teamsize|p1|6\n|teamsize|p2|6\n|gen|9\n|tier|[Gen 9] VGC 2023 Regulation E\n|rated|\n|rule|Species Clause: Limit one of each Pok\u00e9mon\n|rule|Item Clause: Limit one of each item\n|clearpoke\n|poke|p1|Urshifu-*, L50, F|\n|poke|p1|Iron Hands, L50|\n|poke|p1|Tornadus, L50, M|\n|poke|p1|Rillaboom, L50, M|\n|poke|p1|Ogerpon-Cornerstone, L50, F|\n|poke|p1|Heatran, L50, M|\n|poke|p2|Tornadus, L50, M|\n|poke|p2|Rillaboom, L50, F|\n|poke|p2|Landorus-Therian, L50, M|\n|poke|p2|Urshifu-*, L50, F|\n|poke|p2|Flutter Mane, L50|\n|poke|p2|Heatran, L50, M|\n|teampreview|4\n|c|\u2606u3g2i|gl gl\n|\n|t:|1700151678\n|start\n|switch|p1a: Tornadus|Tornadus, L50, M|100\/100\n|switch|p1b: Ogerpon|Ogerpon-Cornerstone, L50, F|100\/100\n|switch|p2a: lllllllllllllll|Flutter Mane, L50|100\/100\n|switch|p2b: meatlovers|Rillaboom, L50, F|100\/100\n|-fieldstart|move: Grassy Terrain|[from] ability: Grassy Surge|[of] p2b: meatlovers\n|turn|1\n|\n|t:|1700151692\n|move|p1b: Ogerpon|Spiky Shield|p1b: Ogerpon\n|-singleturn|p1b: Ogerpon|move: Protect\n|move|p1a: Tornadus|Tailwind|p1a: Tornadus\n|-sidestart|p1: u3g2i|move: Tailwind\n|move|p2b: meatlovers|U-turn|p1a: Tornadus\n|-resisted|p1a: Tornadus\n|-damage|p1a: Tornadus|83\/100\n|\n|t:|1700151702\n|switch|p2b: spread|Landorus-Therian, L50, M|100\/100|[from] U-turn\n|-ability|p2b: spread|Intimidate|boost\n|-unboost|p1a: Tornadus|atk|1\n|-unboost|p1b: Ogerpon|atk|1\n|move|p2a: lllllllllllllll|Trick Room|p2a: lllllllllllllll\n|-fieldstart|move: Trick Room|[of] p2a: lllllllllllllll\n|\n|upkeep\n|turn|2\n|c|\u2606u3g2i|???\n|c|\u2606u3g2i|slow flutter???\n|c|\u2606u3g2i|Uh oh\n|\n|t:|1700151726\n|-end|p2a: lllllllllllllll|Protosynthesis|[silent]\n|switch|p2a: meatlovers|Rillaboom, L50, F|100\/100\n|move|p2b: spread|Rock Slide|p1a: Tornadus|[spread] p1a,p1b\n|-supereffective|p1a: Tornadus\n|-damage|p1a: Tornadus|32\/100\n|-damage|p1b: Ogerpon|73\/100\n|-enditem|p1a: Tornadus|Sitrus Berry|[eat]\n|-heal|p1a: Tornadus|56\/100|[from] item: Sitrus Berry\n|cant|p1a: Tornadus|flinch\n|move|p1b: Ogerpon|Ivy Cudgel|p2b: spread|[anim] Ivy Cudgel Rock\n|-damage|p2b: spread|56\/100\n|\n|-heal|p1b: Ogerpon|79\/100|[from] Grassy Terrain\n|upkeep\n|turn|3\n|l|\u2606ModestOddish\n|player|p2|\n|j|\u2606ModestOddish\n|player|p2|ModestOddish|169\n|\n|t:|1700151757\n|-terastallize|p1b: Ogerpon|Rock\n|detailschange|p1b: Ogerpon|Ogerpon-Cornerstone-Tera, L50, F, tera:Rock\n|-ability|p1b: Ogerpon|Embody Aspect (Cornerstone)|boost\n|-boost|p1b: Ogerpon|def|1\n|move|p2a: meatlovers|Wood Hammer|p1b: Ogerpon\n|-supereffective|p1b: Ogerpon\n|-damage|p1b: Ogerpon|0 fnt\n|faint|p1b: Ogerpon\n|-damage|p2a: meatlovers|81\/100|[from] Recoil\n|move|p2b: spread|Rock Slide|p1a: Tornadus\n|-supereffective|p1a: Tornadus\n|-damage|p1a: Tornadus|0 fnt\n|faint|p1a: Tornadus\n|\n|-heal|p2a: meatlovers|87\/100|[from] Grassy Terrain\n|upkeep\n|\n|t:|1700151766\n|switch|p1a: Urshifu|Urshifu, L50, F|100\/100\n|switch|p1b: Iron Hands|Iron Hands, L50|100\/100\n|turn|4\n|c|\u2606u3g2i|gg\n|\n|t:|1700151778\n|switch|p2b: Heatran|Heatran, L50, M|100\/100\n|move|p2a: meatlovers|U-turn|p1a: Urshifu\n|-damage|p1a: Urshifu|74\/100\n|c|\u2606u3g2i|didn't expect the trick room\n|\n|t:|1700151786\n|switch|p2a: spread|Landorus-Therian, L50, M|56\/100|[from] U-turn\n|-ability|p2a: spread|Intimidate|boost\n|-unboost|p1a: Urshifu|atk|1\n|-unboost|p1b: Iron Hands|atk|1\n|move|p1b: Iron Hands|Drain Punch|p2a: spread\n|-resisted|p2a: spread\n|-damage|p2a: spread|42\/100\n|move|p1a: Urshifu|Wicked Blow|p2b: Heatran\n|-crit|p2b: Heatran\n|-damage|p2b: Heatran|30\/100\n|\n|-heal|p2b: Heatran|36\/100|[from] Grassy Terrain\n|-heal|p1a: Urshifu|80\/100|[from] Grassy Terrain\n|-sideend|p1: u3g2i|move: Tailwind\n|upkeep\n|turn|5\n|\n|t:|1700151830\n|switch|p2a: meatlovers|Rillaboom, L50, F|87\/100\n|move|p1b: Iron Hands|Heavy Slam|p2a: meatlovers\n|-damage|p2a: meatlovers|69\/100\n|move|p2b: Heatran|Heat Wave|p1a: Urshifu|[spread] p1a,p1b\n|-damage|p1a: Urshifu|0 fnt\n|-damage|p1b: Iron Hands|67\/100\n|faint|p1a: Urshifu\n|-damage|p2b: Heatran|27\/100|[from] item: Life Orb\n|\n|-heal|p1b: Iron Hands|73\/100|[from] Grassy Terrain\n|-heal|p2b: Heatran|33\/100|[from] Grassy Terrain\n|-heal|p2a: meatlovers|75\/100|[from] Grassy Terrain\n|-fieldend|move: Trick Room\n|-fieldend|move: Grassy Terrain\n|upkeep\n|turn|6\n|\n|t:|1700151845\n|move|p2a: meatlovers|Wood Hammer|p1b: Iron Hands\n|-damage|p1b: Iron Hands|42\/100\n|-damage|p2a: meatlovers|62\/100|[from] Recoil\n|move|p2b: Heatran|Earth Power|p1b: Iron Hands\n|-supereffective|p1b: Iron Hands\n|-damage|p1b: Iron Hands|0 fnt\n|faint|p1b: Iron Hands\n|-end|p1b: Iron Hands|Quark Drive|[silent]\n|-damage|p2b: Heatran|23\/100|[from] item: Life Orb\n|\n|win|ModestOddish\n|raw|u3g2i's rating: 1406 &rarr; <strong>1387<\/strong><br \/>(-19 for losing)\n|raw|ModestOddish's rating: 1417 &rarr; <strong>1436<\/strong><br \/>(+19 for winning)\n|l|\u2606u3g2i\n","uploadtime":1700151857,"views":19,"p1id":"u3g2i","p2id":"modestoddish","formatid":"gen9vgc2023regulatione","rating":1387,"private":0,"password":""}