{"id":"gen9vgc2023regulatione-1994540202","p1":"iStockphoto","p2":"cdg23","format":"[Gen 9] VGC 2023 Regulation E","log":"|j|\u2606iStockphoto\n|j|\u2606cdg23\n|t:|1700456711\n|gametype|doubles\n|player|p1|iStockphoto|169|1183\n|player|p2|cdg23|169|1169\n|teamsize|p1|6\n|teamsize|p2|6\n|gen|9\n|tier|[Gen 9] VGC 2023 Regulation E\n|rated|\n|rule|Species Clause: Limit one of each Pok\u00e9mon\n|rule|Item Clause: Limit one of each item\n|clearpoke\n|poke|p1|Roaring Moon, L50|\n|poke|p1|Chien-Pao, L50|\n|poke|p1|Rillaboom, L50, F|\n|poke|p1|Meowscarada, L50, M|\n|poke|p1|Heatran, L50, M|\n|poke|p1|Flutter Mane, L50|\n|poke|p2|Rillaboom, L50, M|\n|poke|p2|Chien-Pao, L50|\n|poke|p2|Umbreon, L50, M|\n|poke|p2|Dragonite, L50, M|\n|poke|p2|Tornadus, L50, M|\n|poke|p2|Ursaluna-Bloodmoon, L50, M|\n|teampreview|4\niStockphoto has agreed to open team sheets.\n|\n|t:|1700456731\n|start\n|switch|p1a: Heatran|Heatran, L50, M|100\/100\n|switch|p1b: Flutter Mane|Flutter Mane, L50|100\/100\n|switch|p2a: Rillaboom|Rillaboom, L50, M, shiny|100\/100\n|switch|p2b: Umbreon|Umbreon, L50, M, shiny|100\/100\n|-fieldstart|move: Grassy Terrain|[from] ability: Grassy Surge|[of] p2a: Rillaboom\n|turn|1\n|\n|t:|1700456748\n|-terastallize|p2b: Umbreon|Steel\n|move|p2a: Rillaboom|Fake Out|p1a: Heatran\n|-resisted|p1a: Heatran\n|-damage|p1a: Heatran|94\/100\n|move|p1b: Flutter Mane|Moonblast|p2b: Umbreon\n|-resisted|p2b: Umbreon\n|-damage|p2b: Umbreon|72\/100\n|cant|p1a: Heatran|flinch\n|move|p2b: Umbreon|Thunder Wave|p1b: Flutter Mane\n|-status|p1b: Flutter Mane|par\n|\n|-heal|p1a: Heatran|100\/100|[from] Grassy Terrain\n|-heal|p2b: Umbreon|78\/100|[from] Grassy Terrain\n|upkeep\n|turn|2\n|\n|t:|1700456770\n|move|p2a: Rillaboom|Grassy Glide|p1b: Flutter Mane\n|-damage|p1b: Flutter Mane|0 fnt\n|faint|p1b: Flutter Mane\n|-end|p1b: Flutter Mane|Protosynthesis|[silent]\n|move|p1a: Heatran|Magma Storm|p2b: Umbreon\n|-supereffective|p2b: Umbreon\n|-damage|p2b: Umbreon|0 fnt\n|faint|p2b: Umbreon\n|\n|upkeep\n|\n|t:|1700456790\n|switch|p1b: Meowscarada|Meowscarada, L50, M|100\/100\n|switch|p2b: Dragonite|Dragonite, L50, M, shiny|100\/100\n|turn|3\n|\n|t:|1700456812\n|move|p1a: Heatran|Protect|p1a: Heatran\n|-singleturn|p1a: Heatran|Protect\n|move|p1b: Meowscarada|U-turn|p2a: Rillaboom\n|-start|p1b: Meowscarada|typechange|Bug|[from] ability: Protean\n|-supereffective|p2a: Rillaboom\n|-damage|p2a: Rillaboom|0 fnt\n|faint|p2a: Rillaboom\n|\n|t:|1700456820\n|switch|p1b: Rillaboom|Rillaboom, L50, F|100\/100|[from] U-turn\n|move|p2b: Dragonite|Outrage|p1b: Rillaboom\n|-crit|p1b: Rillaboom\n|-damage|p1b: Rillaboom|0 fnt\n|faint|p1b: Rillaboom\n|\n|upkeep\n|\n|t:|1700456828\n|switch|p1b: Meowscarada|Meowscarada, L50, M|100\/100\n|switch|p2a: Chien-Pao|Chien-Pao, L50|100\/100\n|-ability|p2a: Chien-Pao|Sword of Ruin\n|turn|4\n|inactive|Battle timer is ON: inactive players will automatically lose when time's up. (requested by cdg23)\n|\n|t:|1700456863\n|move|p1a: Heatran|Protect||[still]\n|-fail|p1a: Heatran\n|move|p1b: Meowscarada|Grassy Glide|p2a: Chien-Pao\n|-start|p1b: Meowscarada|typechange|Grass|[from] ability: Protean\n|-damage|p2a: Chien-Pao|26\/100\n|move|p2a: Chien-Pao|Sacred Sword|p1a: Heatran\n|-supereffective|p1a: Heatran\n|-damage|p1a: Heatran|24\/100\n|move|p2b: Dragonite|Outrage|p1b: Meowscarada|[from]lockedmove\n|-damage|p1b: Meowscarada|0 fnt\n|faint|p1b: Meowscarada\n|\n|-heal|p2a: Chien-Pao|32\/100|[from] Grassy Terrain\n|-heal|p1a: Heatran|30\/100|[from] Grassy Terrain\n|upkeep\n|turn|5\n|\n|t:|1700456883\n|-terastallize|p1a: Heatran|Fairy\n|move|p2a: Chien-Pao|Sacred Sword|p1a: Heatran\n|-resisted|p1a: Heatran\n|-damage|p1a: Heatran|11\/100\n|move|p2b: Dragonite|Outrage|p1a: Heatran|[from]lockedmove\n|-immune|p1a: Heatran\n|-start|p2b: Dragonite|confusion|[fatigue]\n|move|p1a: Heatran|Flash Cannon|p2a: Chien-Pao\n|-supereffective|p2a: Chien-Pao\n|-damage|p2a: Chien-Pao|0 fnt\n|faint|p2a: Chien-Pao\n|\n|-heal|p1a: Heatran|17\/100|[from] Grassy Terrain\n|-fieldend|move: Grassy Terrain\n|upkeep\n|turn|6\n|inactive|cdg23 has 30 seconds left.\n|-message|cdg23 forfeited.\n|\n|win|iStockphoto\n|raw|iStockphoto's rating: 1183 &rarr; <strong>1207<\/strong><br \/>(+24 for winning)\n|raw|cdg23's rating: 1169 &rarr; <strong>1145<\/strong><br \/>(-24 for losing)\n|l|\u2606cdg23\n","uploadtime":1700456912,"views":7,"p1id":"istockphoto","p2id":"cdg23","formatid":"gen9vgc2023regulatione","rating":1145,"private":0,"password":""}