{"id":"gen9vgc2023regulatione-1996572468","p1":"astrangerinthetub","p2":"Jdaboy1337","format":"[Gen 9] VGC 2023 Regulation E","log":"|j|\u2606astrangerinthetub\n|j|\u2606Jdaboy1337\n|t:|1700695761\n|gametype|doubles\n|player|p1|astrangerinthetub|sailor|1255\n|player|p2|Jdaboy1337|fisherman-gen4|1365\n|teamsize|p1|6\n|teamsize|p2|6\n|gen|9\n|tier|[Gen 9] VGC 2023 Regulation E\n|rated|\n|rule|Species Clause: Limit one of each Pok\u00e9mon\n|rule|Item Clause: Limit one of each item\n|clearpoke\n|poke|p1|Farigiraf, L50, F|\n|poke|p1|Torterra, L50, F|\n|poke|p1|Dragonite, L50, M|\n|poke|p1|Rillaboom, L50, F|\n|poke|p1|Iron Hands, L50|\n|poke|p1|Tornadus, L50, M|\n|poke|p2|Flutter Mane, L50|\n|poke|p2|Urshifu-*, L50, M|\n|poke|p2|Ogerpon-Wellspring, L50, F|\n|poke|p2|Iron Hands, L50|\n|poke|p2|Landorus, L50, M|\n|poke|p2|Arcanine-Hisui, L50, M|\n|teampreview|4\n|inactive|Battle timer is ON: inactive players will automatically lose when time's up. (requested by Jdaboy1337)\n|inactive|astrangerinthetub has 60 seconds left.\n|inactive|Jdaboy1337 has 60 seconds left.\n|\n|t:|1700695812\n|start\n|switch|p1a: Torterra|Torterra, L50, F|100\/100\n|switch|p1b: Farigiraf|Farigiraf, L50, F|100\/100\n|switch|p2a: Flutter Mane|Flutter Mane, L50|100\/100\n|switch|p2b: Urshifu|Urshifu, L50, M|100\/100\n|-enditem|p2a: Flutter Mane|Booster Energy\n|-activate|p2a: Flutter Mane|ability: Protosynthesis|[fromitem]\n|-start|p2a: Flutter Mane|protosynthesisspe\n|turn|1\n|inactive|Jdaboy1337 has 30 seconds left.\n|\n|t:|1700695840\n|-terastallize|p1a: Torterra|Water\n|move|p2a: Flutter Mane|Moonblast|p1b: Farigiraf\n|-damage|p1b: Farigiraf|63\/100\n|-unboost|p1b: Farigiraf|spa|1\n|move|p2b: Urshifu|Wicked Blow|p1b: Farigiraf\n|-supereffective|p1b: Farigiraf\n|-crit|p1b: Farigiraf\n|-damage|p1b: Farigiraf|0 fnt\n|faint|p1b: Farigiraf\n|move|p1a: Torterra|Heavy Slam|p2a: Flutter Mane\n|-supereffective|p2a: Flutter Mane\n|-damage|p2a: Flutter Mane|0 fnt\n|faint|p2a: Flutter Mane\n|-end|p2a: Flutter Mane|Protosynthesis|[silent]\n|\n|upkeep\n|\n|t:|1700695854\n|switch|p2a: Iron Hands|Iron Hands, L50|100\/100\n|switch|p1b: Dragonite|Dragonite, L50, M|100\/100\n|turn|2\n|\n|t:|1700695868\n|move|p2b: Urshifu|Wicked Blow|p1b: Dragonite\n|-crit|p1b: Dragonite\n|-damage|p1b: Dragonite|66\/100\n|move|p1b: Dragonite|Aerial Ace|p2b: Urshifu\n|-supereffective|p2b: Urshifu\n|-enditem|p2b: Urshifu|Focus Sash\n|-damage|p2b: Urshifu|1\/100\n|move|p2a: Iron Hands|Wild Charge|p1b: Dragonite\n|-damage|p1b: Dragonite|19\/100\n|-damage|p2a: Iron Hands|91\/100|[from] Recoil\n|move|p1a: Torterra|Headlong Rush|p2a: Iron Hands\n|-supereffective|p2a: Iron Hands\n|-damage|p2a: Iron Hands|12\/100\n|-unboost|p1a: Torterra|def|1\n|-unboost|p1a: Torterra|spd|1\n|\n|upkeep\n|turn|3\n|inactive|astrangerinthetub has 30 seconds left.\n|\n|t:|1700695901\n|switch|p1a: Rillaboom|Rillaboom, L50, F|100\/100\n|-fieldstart|move: Grassy Terrain|[from] ability: Grassy Surge|[of] p1a: Rillaboom\n|move|p2b: Urshifu|Wicked Blow|p1b: Dragonite\n|-crit|p1b: Dragonite\n|-damage|p1b: Dragonite|0 fnt\n|faint|p1b: Dragonite\n|move|p2a: Iron Hands|Wild Charge|p1a: Rillaboom\n|-resisted|p1a: Rillaboom\n|-damage|p1a: Rillaboom|77\/100\n|-damage|p2a: Iron Hands|7\/100|[from] Recoil\n|\n|-heal|p2b: Urshifu|7\/100|[from] Grassy Terrain\n|-heal|p1a: Rillaboom|83\/100|[from] Grassy Terrain\n|-heal|p2a: Iron Hands|13\/100|[from] Grassy Terrain\n|upkeep\n|\n|t:|1700695909\n|switch|p1b: Torterra|Torterra, L50, F, tera:Water|100\/100\n|turn|4\n|\n|t:|1700695920\n|move|p2b: Urshifu|Protect|p2b: Urshifu\n|-singleturn|p2b: Urshifu|Protect\n|move|p1a: Rillaboom|Grassy Glide|p2a: Iron Hands\n|-damage|p2a: Iron Hands|0 fnt\n|faint|p2a: Iron Hands\n|-end|p2a: Iron Hands|Quark Drive|[silent]\n|move|p1b: Torterra|Wood Hammer|p2b: Urshifu\n|-activate|p2b: Urshifu|move: Protect\n|\n|-heal|p2b: Urshifu|14\/100|[from] Grassy Terrain\n|-heal|p1a: Rillaboom|89\/100|[from] Grassy Terrain\n|upkeep\n|\n|t:|1700695922\n|switch|p2a: Landorus|Landorus, L50, M|100\/100\n|turn|5\n|\n|t:|1700695934\n|-terastallize|p2a: Landorus|Poison\n|move|p2b: Urshifu|Protect||[still]\n|-fail|p2b: Urshifu\n|move|p1a: Rillaboom|Grassy Glide|p2b: Urshifu\n|-damage|p2b: Urshifu|0 fnt\n|faint|p2b: Urshifu\n|move|p2a: Landorus|Sludge Bomb|p1a: Rillaboom\n|-supereffective|p1a: Rillaboom\n|-damage|p1a: Rillaboom|0 fnt\n|faint|p1a: Rillaboom\n|move|p1b: Torterra|Wood Hammer|p2a: Landorus\n|-resisted|p2a: Landorus\n|-damage|p2a: Landorus|57\/100\n|-damage|p1b: Torterra|88\/100|[from] Recoil\n|\n|-heal|p2a: Landorus|63\/100|[from] Grassy Terrain\n|-heal|p1b: Torterra|94\/100|[from] Grassy Terrain\n|upkeep\n|turn|6\n|\n|t:|1700695943\n|move|p2a: Landorus|Sludge Bomb|p1b: Torterra\n|-damage|p1b: Torterra|46\/100\n|move|p1b: Torterra|Headlong Rush|p2a: Landorus\n|-supereffective|p2a: Landorus\n|-damage|p2a: Landorus|0 fnt\n|-unboost|p1b: Torterra|def|1\n|-unboost|p1b: Torterra|spd|1\n|faint|p2a: Landorus\n|\n|win|astrangerinthetub\n|raw|astrangerinthetub's rating: 1255 &rarr; <strong>1288<\/strong><br \/>(+33 for winning)\n|raw|Jdaboy1337's rating: 1365 &rarr; <strong>1339<\/strong><br \/>(-26 for losing)\n|c|\u2606astrangerinthetub|gg\n|l|\u2606Jdaboy1337\n","uploadtime":1700695961,"views":13,"p1id":"astrangerinthetub","p2id":"jdaboy1337","formatid":"gen9vgc2023regulatione","rating":1288,"private":0,"password":""}