{"id":"gen9vgc2023regulatione-1999595421","p1":"kidturtle","p2":"hxllownest","format":"[Gen 9] VGC 2023 Regulation E","log":"|j|\u2606kidturtle\n|j|\u2606hxllownest\n|n|\u2606kidturtle|kidturtle\n|n|\u2606hxllownest|hxllownest\n|html|View the match progress at <a href=\"\/game-bestof3-gen9vgc2023regulatione-1999593898\">game-bestof3-gen9vgc2023regulatione-1999593898<\/a>\n|t:|1701099572\n|gametype|doubles\n|player|p1|kidturtle|hoopster|\n|player|p2|hxllownest|n|\n|teamsize|p1|6\n|teamsize|p2|6\n|gen|9\n|tier|[Gen 9] VGC 2023 Regulation E\n|rated|Tournament battle\n|rule|Species Clause: Limit one of each Pok\u00e9mon\n|rule|Item Clause: Limit one of each item\n|clearpoke\n|poke|p1|Ursaluna, L50, M|\n|poke|p1|Cresselia, L50, F|\n|poke|p1|Flutter Mane, L50|\n|poke|p1|Chi-Yu, L50|\n|poke|p1|Iron Hands, L50|\n|poke|p1|Urshifu-*, L50, M|\n|poke|p2|Hawlucha, L50, F|\n|poke|p2|Rillaboom, L50, M|\n|poke|p2|Ogerpon-Hearthflame, L50, F|\n|poke|p2|Palafin, L50, F|\n|poke|p2|Flutter Mane, L50|\n|poke|p2|Milotic, L50, F|\n|teampreview|4\n|showteam|p1|Ursaluna||FlameOrb|Guts|Facade,Earthquake,SwordsDance,Protect|||M|||50|,,,,,Ghost]Cresselia||MentalHerb|Levitate|IceBeam,AllySwitch,LunarBlessing,TrickRoom|||F|||50|,,,,,Fairy]Flutter Mane||BoosterEnergy|Protosynthesis|IcyWind,ShadowBall,Moonblast,Protect||||||50|,,,,,Fairy]Chi-Yu||ChoiceSpecs|BeadsofRuin|BurningJealousy,DarkPulse,Overheat,Snarl||||||50|,,,,,Ghost]Iron Hands||SitrusBerry|QuarkDrive|DrainPunch,WildCharge,FakeOut,SwordsDance||||||50|,,,,,Fire]Urshifu||FocusSash|UnseenFist|Detect,WickedBlow,CloseCombat,SuckerPunch|||M|||50|,,,,,Dark\n|showteam|p2|Hawlucha||GrassySeed|Unburden|DrainPunch,Acrobatics,SwordsDance,Protect|||F|||50|,,,,,Steel]Rillaboom||AssaultVest|GrassySurge|StompingTantrum,GrassyGlide,Uturn,FakeOut|||M|||50|,,,,,Grass]Ogerpon-Hearthflame||HearthflameMask|MoldBreaker|IvyCudgel,GrassyGlide,SwordsDance,FollowMe|||F|||50|,,,,,Fire]Palafin||EjectPack|ZerotoHero|JetPunch,CloseCombat,Acrobatics,Protect|||F|||50|,,,,,Flying]Flutter Mane||BoosterEnergy|Protosynthesis|DazzlingGleam,ShadowBall,Imprison,TrickRoom||||||50|,,,,,Fairy]Milotic||Leftovers|Competitive|Scald,IceBeam,Haze,Protect|||F|||50|,,,,,Dragon\n|inactive|Battle timer is ON: inactive players will automatically lose when time's up. (requested by hxllownest)\n|\n|t:|1701099581\n|start\n|switch|p1a: Iron Hands|Iron Hands, L50|100\/100\n|switch|p1b: Cresselia|Cresselia, L50, F|100\/100\n|switch|p2a: Hawlucha|Hawlucha, L50, F, shiny|100\/100\n|switch|p2b: Rillaboom|Rillaboom, L50, M|100\/100\n|-fieldstart|move: Grassy Terrain|[from] ability: Grassy Surge|[of] p2b: Rillaboom\n|-enditem|p2a: Hawlucha|Grassy Seed\n|-boost|p2a: Hawlucha|def|1|[from] item: Grassy Seed\n|turn|1\n|inactive|hxllownest has 30 seconds left.\n|\n|t:|1701099607\n|switch|p2a: Flutter Mane|Flutter Mane, L50|100\/100\n|-enditem|p2a: Flutter Mane|Booster Energy\n|-activate|p2a: Flutter Mane|ability: Protosynthesis|[fromitem]\n|-start|p2a: Flutter Mane|protosynthesisspe\n|move|p2b: Rillaboom|Fake Out|p1b: Cresselia\n|-damage|p1b: Cresselia|93\/100\n|move|p1a: Iron Hands|Fake Out|p2a: Flutter Mane\n|-immune|p2a: Flutter Mane\n|cant|p1b: Cresselia|flinch\n|\n|upkeep\n|turn|2\n|\n|t:|1701099627\n|switch|p1b: Urshifu|Urshifu, L50, M|100\/100\n|-terastallize|p1a: Iron Hands|Fire\n|move|p2a: Flutter Mane|Imprison|p2a: Flutter Mane\n|-start|p2a: Flutter Mane|move: Imprison\n|move|p2b: Rillaboom|Stomping Tantrum|p1a: Iron Hands\n|-supereffective|p1a: Iron Hands\n|-damage|p1a: Iron Hands|70\/100\n|move|p1a: Iron Hands|Wild Charge|p2a: Flutter Mane\n|-crit|p2a: Flutter Mane\n|-damage|p2a: Flutter Mane|0 fnt\n|faint|p2a: Flutter Mane\n|-end|p2a: Flutter Mane|Protosynthesis|[silent]\n|-damage|p1a: Iron Hands|56\/100|[from] Recoil\n|\n|-heal|p1a: Iron Hands|62\/100|[from] Grassy Terrain\n|upkeep\n|\n|t:|1701099641\n|switch|p2a: Hawlucha|Hawlucha, L50, F, shiny|100\/100\n|turn|3\n|\n|t:|1701099664\n|move|p2a: Hawlucha|Acrobatics|p1a: Iron Hands\n|-damage|p1a: Iron Hands|27\/100\n|-enditem|p1a: Iron Hands|Sitrus Berry|[eat]\n|-heal|p1a: Iron Hands|52\/100|[from] item: Sitrus Berry\n|move|p1b: Urshifu|Wicked Blow|p2b: Rillaboom\n|-crit|p2b: Rillaboom\n|-damage|p2b: Rillaboom|54\/100\n|move|p2b: Rillaboom|Stomping Tantrum|p1a: Iron Hands\n|-supereffective|p1a: Iron Hands\n|-damage|p1a: Iron Hands|25\/100\n|move|p1a: Iron Hands|Drain Punch|p2b: Rillaboom\n|-damage|p2b: Rillaboom|18\/100\n|-heal|p1a: Iron Hands|40\/100|[from] drain|[of] p2b: Rillaboom\n|\n|-heal|p2b: Rillaboom|24\/100|[from] Grassy Terrain\n|-heal|p1a: Iron Hands|46\/100|[from] Grassy Terrain\n|upkeep\n|turn|4\n|inactive|hxllownest has 30 seconds left.\n|inactive|hxllownest has 20 seconds left.\n|\n|t:|1701099699\n|move|p1b: Urshifu|Sucker Punch|p2b: Rillaboom\n|-damage|p2b: Rillaboom|0 fnt\n|faint|p2b: Rillaboom\n|move|p2a: Hawlucha|Swords Dance|p2a: Hawlucha\n|-boost|p2a: Hawlucha|atk|2\n|move|p1a: Iron Hands|Wild Charge|p2a: Hawlucha\n|-supereffective|p2a: Hawlucha\n|-damage|p2a: Hawlucha|0 fnt\n|faint|p2a: Hawlucha\n|-damage|p1a: Iron Hands|30\/100|[from] Recoil\n|\n|-heal|p1a: Iron Hands|36\/100|[from] Grassy Terrain\n|upkeep\n|\n|t:|1701099707\n|switch|p2b: Ogerpon|Ogerpon-Hearthflame, L50, F|100\/100\n|-ability|p2b: Ogerpon|Mold Breaker\n|turn|5\n|\n|t:|1701099718\n|-terastallize|p2b: Ogerpon|Fire\n|detailschange|p2b: Ogerpon|Ogerpon-Hearthflame-Tera, L50, F, tera:Fire\n|-ability|p2b: Ogerpon|Embody Aspect (Hearthflame)|boost\n|-boost|p2b: Ogerpon|atk|1\n|move|p2b: Ogerpon|Grassy Glide|p1b: Urshifu\n|-damage|p1b: Urshifu|30\/100\n|move|p1b: Urshifu|Wicked Blow|p2b: Ogerpon\n|-crit|p2b: Ogerpon\n|-damage|p2b: Ogerpon|11\/100\n|move|p1a: Iron Hands|Drain Punch|p2b: Ogerpon\n|-damage|p2b: Ogerpon|0 fnt\n|-heal|p1a: Iron Hands|40\/100|[from] drain|[of] p2b: Ogerpon\n|faint|p2b: Ogerpon\n|\n|win|kidturtle\n|c|&|\/uhtml prompt-hxllownest,hxllownest is ready for game 3!\n|c|&|\/uhtml prompt-kidturtle,kidturtle is ready for game 3!\nBoth players are ready! Starting next match!\n|l|\u2606hxllownest\n","uploadtime":1701099992,"views":5,"p1id":"kidturtle","p2id":"hxllownest","formatid":"gen9vgc2023regulatione","rating":0,"private":0,"password":""}