{"id":"gen9vgc2023regulatione-1999164643","p1":"holakix4","p2":"Vugatti","format":"[Gen 9] VGC 2023 Regulation E","log":"|j|\u2606holakix4\n|j|\u2606Vugatti\n|t:|1701040308\n|gametype|doubles\n|player|p1|holakix4|youngster-gen4dp|1259\n|player|p2|Vugatti|alec-anime|1335\n|teamsize|p1|6\n|teamsize|p2|6\n|gen|9\n|tier|[Gen 9] VGC 2023 Regulation E\n|rated|\n|rule|Species Clause: Limit one of each Pok\u00e9mon\n|rule|Item Clause: Limit one of each item\n|clearpoke\n|poke|p1|Roaring Moon, L50|\n|poke|p1|Gastrodon, L50, M|\n|poke|p1|Landorus-Therian, L50, M|\n|poke|p1|Iron Hands, L50|\n|poke|p1|Kingambit, L50, M|\n|poke|p1|Flutter Mane, L50|\n|poke|p2|Houndstone, L50, M|\n|poke|p2|Tyranitar, L50, M|\n|poke|p2|Amoonguss, L50, F|\n|poke|p2|Heatran, L50, F|\n|poke|p2|Urshifu-*, L50, M|\n|poke|p2|Tornadus, L50, M|\n|teampreview|4\n|inactive|Battle timer is ON: inactive players will automatically lose when time's up. (requested by Vugatti)\n|inactive|holakix4 has 60 seconds left.\n|inactive|Vugatti has 60 seconds left.\n|inactive|holakix4 has 30 seconds left.\n|\n|t:|1701040377\n|start\n|switch|p1a: Landorus|Landorus-Therian, L50, M|100\/100\n|switch|p1b: Gastrodon|Gastrodon, L50, M|100\/100\n|switch|p2a: Houndstone|Houndstone, L50, M|100\/100\n|switch|p2b: Tyranitar|Tyranitar, L50, M|100\/100\n|-ability|p1a: Landorus|Intimidate|boost\n|-unboost|p2a: Houndstone|atk|1\n|-fail|p2b: Tyranitar|unboost|[from] item: Clear Amulet|[of] p2b: Tyranitar\n|-weather|Sandstorm|[from] ability: Sand Stream|[of] p2b: Tyranitar\n|turn|1\n|\n|t:|1701040397\n|move|p2b: Tyranitar|Protect|p2b: Tyranitar\n|-singleturn|p2b: Tyranitar|Protect\n|move|p1a: Landorus|U-turn|p2b: Tyranitar\n|-activate|p2b: Tyranitar|move: Protect\n|move|p2a: Houndstone|Will-O-Wisp|p1a: Landorus\n|-status|p1a: Landorus|brn\n|move|p1b: Gastrodon|Yawn|p2a: Houndstone\n|-start|p2a: Houndstone|move: Yawn|[of] p1b: Gastrodon\n|\n|-weather|Sandstorm|[upkeep]\n|-damage|p1a: Landorus|94\/100 brn|[from] brn\n|upkeep\n|turn|2\n|inactive|Vugatti has 30 seconds left.\n|\n|t:|1701040429\n|switch|p2a: Amoonguss|Amoonguss, L50, F|100\/100\n|-terastallize|p2b: Tyranitar|Grass\n|move|p1a: Landorus|U-turn|p2b: Tyranitar\n|-supereffective|p2b: Tyranitar\n|-damage|p2b: Tyranitar|76\/100\n|\n|t:|1701040437\n|switch|p1a: Roaring Moon|Roaring Moon, L50, shiny|100\/100|[from] U-turn\n|-enditem|p1a: Roaring Moon|Booster Energy\n|-activate|p1a: Roaring Moon|ability: Protosynthesis|[fromitem]\n|-start|p1a: Roaring Moon|protosynthesisatk\n|move|p2b: Tyranitar|Tera Blast|p1b: Gastrodon|[anim] Tera Blast Grass\n|-supereffective|p1b: Gastrodon\n|-damage|p1b: Gastrodon|0 fnt\n|faint|p1b: Gastrodon\n|\n|-weather|Sandstorm|[upkeep]\n|-damage|p1a: Roaring Moon|94\/100|[from] Sandstorm\n|-damage|p2b: Tyranitar|70\/100|[from] Sandstorm\n|-damage|p2a: Amoonguss|95\/100|[from] Sandstorm\n|upkeep\n|\n|t:|1701040454\n|switch|p1b: Iron Hands|Iron Hands, L50|100\/100\n|turn|3\n|\n|t:|1701040471\n|-terastallize|p1a: Roaring Moon|Flying\n|move|p1b: Iron Hands|Fake Out|p2a: Amoonguss\n|-damage|p2a: Amoonguss|82\/100\n|-damage|p1b: Iron Hands|84\/100|[from] item: Rocky Helmet|[of] p2a: Amoonguss\n|move|p1a: Roaring Moon|Acrobatics|p2b: Tyranitar\n|-supereffective|p2b: Tyranitar\n|-damage|p2b: Tyranitar|0 fnt\n|faint|p2b: Tyranitar\n|cant|p2a: Amoonguss|flinch\n|\n|-weather|Sandstorm|[upkeep]\n|-damage|p1a: Roaring Moon|88\/100|[from] Sandstorm\n|-damage|p1b: Iron Hands|78\/100|[from] Sandstorm\n|-damage|p2a: Amoonguss|77\/100|[from] Sandstorm\n|upkeep\n|\n|t:|1701040486\n|switch|p2b: Houndstone|Houndstone, L50, M|100\/100\n|turn|4\n|\n|t:|1701040503\n|move|p1a: Roaring Moon|Protect|p1a: Roaring Moon\n|-singleturn|p1a: Roaring Moon|Protect\n|move|p2b: Houndstone|Will-O-Wisp|p1a: Roaring Moon\n|-activate|p1a: Roaring Moon|move: Protect\n|move|p1b: Iron Hands|Wild Charge|p2b: Houndstone\n|-damage|p2b: Houndstone|56\/100\n|-damage|p1b: Iron Hands|71\/100|[from] Recoil\n|move|p2a: Amoonguss|Spore|p1b: Iron Hands\n|-status|p1b: Iron Hands|slp|[from] move: Spore\n|\n|-weather|Sandstorm|[upkeep]\n|-damage|p1a: Roaring Moon|82\/100|[from] Sandstorm\n|-damage|p1b: Iron Hands|65\/100 slp|[from] Sandstorm\n|-damage|p2a: Amoonguss|71\/100|[from] Sandstorm\n|upkeep\n|turn|5\n|\n|t:|1701040523\n|-end|p1a: Roaring Moon|Protosynthesis|[silent]\n|switch|p1a: Landorus|Landorus-Therian, L50, M|94\/100 brn\n|-ability|p1a: Landorus|Intimidate|boost\n|-unboost|p2a: Amoonguss|atk|1\n|-unboost|p2b: Houndstone|atk|1\n|move|p2a: Amoonguss|Protect|p2a: Amoonguss\n|-singleturn|p2a: Amoonguss|Protect\n|move|p2b: Houndstone|Will-O-Wisp|p1a: Landorus\n|-fail|p1a: Landorus|brn\n|cant|p1b: Iron Hands|slp\n|\n|-weather|none\n|-damage|p1a: Landorus|88\/100 brn|[from] brn\n|upkeep\n|turn|6\n|inactive|holakix4 has 30 seconds left.\n|\n|t:|1701040555\n|move|p1a: Landorus|Stomping Tantrum|p2b: Houndstone\n|-damage|p2b: Houndstone|39\/100\n|-enditem|p2b: Houndstone|Sitrus Berry|[eat]\n|-heal|p2b: Houndstone|63\/100|[from] item: Sitrus Berry\n|move|p2b: Houndstone|Howl|p2b: Houndstone|[spread] p2a,p2b\n|-boost|p2a: Amoonguss|atk|1\n|-boost|p2b: Houndstone|atk|1\n|-curestatus|p1b: Iron Hands|slp|[msg]\n|move|p1b: Iron Hands|Wild Charge|p2b: Houndstone\n|-damage|p2b: Houndstone|22\/100\n|-damage|p1b: Iron Hands|58\/100|[from] Recoil\n|move|p2a: Amoonguss|Pollen Puff|p2b: Houndstone\n|-heal|p2b: Houndstone|72\/100\n|\n|-damage|p1a: Landorus|82\/100 brn|[from] brn\n|upkeep\n|turn|7\n|\n|t:|1701040576\n|switch|p1a: Roaring Moon|Roaring Moon, L50, shiny, tera:Flying|82\/100\n|move|p2b: Houndstone|Will-O-Wisp|p1b: Iron Hands\n|-status|p1b: Iron Hands|brn\n|move|p1b: Iron Hands|Wild Charge|p2b: Houndstone\n|-damage|p2b: Houndstone|48\/100\n|-damage|p1b: Iron Hands|54\/100 brn|[from] Recoil\n|move|p2a: Amoonguss|Pollen Puff|p2b: Houndstone\n|-heal|p2b: Houndstone|98\/100\n|\n|-damage|p1b: Iron Hands|48\/100 brn|[from] brn\n|upkeep\n|turn|8\n|\n|t:|1701040601\n|-end|p1b: Iron Hands|Quark Drive|[silent]\n|switch|p1b: Landorus|Landorus-Therian, L50, M|82\/100 brn\n|-ability|p1b: Landorus|Intimidate|boost\n|-unboost|p2a: Amoonguss|atk|1\n|-unboost|p2b: Houndstone|atk|1\n|move|p2a: Amoonguss|Protect|p2a: Amoonguss\n|-singleturn|p2a: Amoonguss|Protect\n|move|p1a: Roaring Moon|Acrobatics|p2a: Amoonguss\n|-activate|p2a: Amoonguss|move: Protect\n|move|p2b: Houndstone|Will-O-Wisp|p1a: Roaring Moon\n|-status|p1a: Roaring Moon|brn\n|\n|-damage|p1b: Landorus|76\/100 brn|[from] brn\n|-damage|p1a: Roaring Moon|75\/100 brn|[from] brn\n|upkeep\n|turn|9\n|inactive|Vugatti has 30 seconds left.\n|inactive|Vugatti has 20 seconds left.\n|inactive|Vugatti has 15 seconds left.\n|\n|t:|1701040644\n|switch|p1b: Iron Hands|Iron Hands, L50|48\/100 brn\n|move|p1a: Roaring Moon|Dragon Dance|p1a: Roaring Moon\n|-boost|p1a: Roaring Moon|atk|1\n|-boost|p1a: Roaring Moon|spe|1\n|move|p2b: Houndstone|Howl|p2b: Houndstone|[spread] p2a,p2b\n|-boost|p2a: Amoonguss|atk|1\n|-boost|p2b: Houndstone|atk|1\n|move|p2a: Amoonguss|Pollen Puff|p1a: Roaring Moon\n|-resisted|p1a: Roaring Moon\n|-damage|p1a: Roaring Moon|68\/100 brn\n|\n|-damage|p1a: Roaring Moon|61\/100 brn|[from] brn\n|-damage|p1b: Iron Hands|42\/100 brn|[from] brn\n|upkeep\n|turn|10\n|\n|t:|1701040663\n|-end|p1b: Iron Hands|Quark Drive|[silent]\n|switch|p1b: Landorus|Landorus-Therian, L50, M|76\/100 brn\n|-ability|p1b: Landorus|Intimidate|boost\n|-unboost|p2a: Amoonguss|atk|1\n|-unboost|p2b: Houndstone|atk|1\n|move|p2a: Amoonguss|Protect|p2a: Amoonguss\n|-singleturn|p2a: Amoonguss|Protect\n|move|p1a: Roaring Moon|Dragon Dance|p1a: Roaring Moon\n|-boost|p1a: Roaring Moon|atk|1\n|-boost|p1a: Roaring Moon|spe|1\n|move|p2b: Houndstone|Last Respects|p1a: Roaring Moon\n|-damage|p1a: Roaring Moon|32\/100 brn\n|\n|-damage|p1a: Roaring Moon|25\/100 brn|[from] brn\n|-damage|p1b: Landorus|70\/100 brn|[from] brn\n|upkeep\n|turn|11\n|inactive|holakix4 has 30 seconds left.\n|inactive|Vugatti has 30 seconds left.\n|inactive|holakix4 has 20 seconds left.\n|\n|t:|1701040703\n|switch|p2a: Heatran|Heatran, L50, F|100\/100\n|move|p1a: Roaring Moon|Protect|p1a: Roaring Moon\n|-singleturn|p1a: Roaring Moon|Protect\n|move|p1b: Landorus|U-turn|p2b: Houndstone\n|-resisted|p2b: Houndstone\n|-damage|p2b: Houndstone|92\/100\n|\n|t:|1701040710\n|switch|p1b: Iron Hands|Iron Hands, L50|42\/100 brn|[from] U-turn\n|move|p2b: Houndstone|Last Respects|p1a: Roaring Moon\n|-activate|p1a: Roaring Moon|move: Protect\n|\n|-damage|p1a: Roaring Moon|19\/100 brn|[from] brn\n|-damage|p1b: Iron Hands|36\/100 brn|[from] brn\n|upkeep\n|turn|12\n|\n|t:|1701040724\n|move|p1b: Iron Hands|Fake Out|p2a: Heatran\n|-resisted|p2a: Heatran\n|-damage|p2a: Heatran|98\/100\n|move|p1a: Roaring Moon|Knock Off|p2b: Houndstone\n|-supereffective|p2b: Houndstone\n|-damage|p2b: Houndstone|38\/100\n|move|p2b: Houndstone|Last Respects|p1a: Roaring Moon\n|-damage|p1a: Roaring Moon|0 fnt\n|faint|p1a: Roaring Moon\n|-end|p1a: Roaring Moon|Protosynthesis|[silent]\n|cant|p2a: Heatran|flinch\n|\n|-damage|p1b: Iron Hands|30\/100 brn|[from] brn\n|upkeep\n|\n|t:|1701040732\n|switch|p1a: Landorus|Landorus-Therian, L50, M|70\/100 brn\n|-ability|p1a: Landorus|Intimidate|boost\n|-unboost|p2a: Heatran|atk|1\n|-unboost|p2b: Houndstone|atk|1\n|turn|13\n|\n|t:|1701040745\n|switch|p2b: Amoonguss|Amoonguss, L50, F|100\/100\n|move|p1a: Landorus|Stomping Tantrum|p2a: Heatran\n|-supereffective|p2a: Heatran\n|-damage|p2a: Heatran|27\/100\n|move|p2a: Heatran|Earth Power|p1b: Iron Hands\n|-supereffective|p1b: Iron Hands\n|-damage|p1b: Iron Hands|0 fnt\n|faint|p1b: Iron Hands\n|-end|p1b: Iron Hands|Quark Drive|[silent]\n|\n|-damage|p1a: Landorus|64\/100 brn|[from] brn\n|upkeep\n|turn|14\n|\n|t:|1701040759\n|move|p2b: Amoonguss|Rage Powder|p2b: Amoonguss\n|-singleturn|p2b: Amoonguss|move: Rage Powder\n|move|p1a: Landorus|Stomping Tantrum|p2b: Amoonguss\n|-damage|p2b: Amoonguss|81\/100\n|-damage|p1a: Landorus|47\/100 brn|[from] item: Rocky Helmet|[of] p2b: Amoonguss\n|move|p2a: Heatran|Flash Cannon|p1a: Landorus\n|-damage|p1a: Landorus|0 fnt\n|faint|p1a: Landorus\n|\n|win|Vugatti\n|raw|holakix4's rating: 1259 &rarr; <strong>1239<\/strong><br \/>(-20 for losing)\n|raw|Vugatti's rating: 1335 &rarr; <strong>1351<\/strong><br \/>(+16 for winning)\n|j| Lanorak095\n|l| Lanorak095\n","uploadtime":1701040787,"views":16,"p1id":"holakix4","p2id":"vugatti","formatid":"gen9vgc2023regulatione","rating":1239,"private":0,"password":""}