{"id":"gen9vgc2023regulatione-1988737677","p1":"JL_GAMER7","p2":"XTheWanderer117","format":"[Gen 9] VGC 2023 Regulation E","log":"|j|\u2606JL_GAMER7\n|j|\u203dXTheWanderer117\n|t:|1699756776\n|gametype|doubles\n|player|p1|JL_GAMER7|hilbert|1000\n|player|p2|XTheWanderer117|265|1047\n|teamsize|p1|6\n|teamsize|p2|6\n|gen|9\n|tier|[Gen 9] VGC 2023 Regulation E\n|rated|\n|rule|Species Clause: Limit one of each Pok\u00e9mon\n|rule|Item Clause: Limit one of each item\n|clearpoke\n|poke|p1|Armarouge, L50, M|\n|poke|p1|Indeedee-F, L50, F|\n|poke|p1|Torkoal, L50, F|\n|poke|p1|Kingambit, L50, M|\n|poke|p1|Lilligant, L50, F|\n|poke|p1|Iron Hands, L50|\n|poke|p2|Tauros-Paldea-Blaze, L50, M|\n|poke|p2|Florges, L50, F|\n|poke|p2|Mudsdale, L50, M|\n|poke|p2|Landorus, L50, M|\n|poke|p2|Weezing, L50, M|\n|poke|p2|Mandibuzz, L50, F|\n|teampreview|4\nXTheWanderer117 rejected open team sheets.\n|inactive|Battle timer is ON: inactive players will automatically lose when time's up. (requested by XTheWanderer117)\n|\n|t:|1699756804\n|start\n|switch|p1a: El fuegitos|Armarouge, L50, M|100\/100\n|switch|p1b: zi|Indeedee-F, L50, F|100\/100\n|switch|p2a: Mudsdale|Mudsdale, L50, M|100\/100\n|switch|p2b: Landorus|Landorus, L50, M|100\/100\n|-fieldstart|move: Psychic Terrain|[from] ability: Psychic Surge|[of] p1b: zi\n|-enditem|p1b: zi|Psychic Seed\n|-boost|p1b: zi|spd|1|[from] item: Psychic Seed\n|turn|1\n|inactive|XTheWanderer117 has 30 seconds left.\n|\n|t:|1699756830\n|-terastallize|p2a: Mudsdale|Ground\n|move|p1b: zi|Helping Hand|p1a: El fuegitos\n|-singleturn|p1a: El fuegitos|Helping Hand|[of] p1b: zi\n|move|p2b: Landorus|Earth Power|p1b: zi\n|-damage|p1b: zi|61\/100\n|move|p1a: El fuegitos|Expanding Force|p2b: Landorus|[spread] p2a,p2b\n|-damage|p2a: Mudsdale|7\/100\n|-damage|p2b: Landorus|0 fnt\n|-ability|p2a: Mudsdale|Stamina|boost\n|-boost|p2a: Mudsdale|def|1\n|faint|p2b: Landorus\n|-damage|p1a: El fuegitos|91\/100|[from] item: Life Orb\n|move|p2a: Mudsdale|Earthquake|p1b: zi|[spread] p1a,p1b\n|-supereffective|p1a: El fuegitos\n|-crit|p1b: zi\n|-damage|p1a: El fuegitos|0 fnt\n|-damage|p1b: zi|0 fnt\n|faint|p1a: El fuegitos\n|faint|p1b: zi\n|\n|upkeep\n|\n|t:|1699756845\n|switch|p2b: Mandibuzz|Mandibuzz, L50, F|100\/100\n|switch|p1b: Est\u00e1 que arde|Torkoal, L50, F|100\/100\n|switch|p1a: La plantica|Lilligant, L50, F|100\/100\n|-weather|SunnyDay|[from] ability: Drought|[of] p1b: Est\u00e1 que arde\n|turn|2\n|\n|t:|1699756865\n|-terastallize|p1b: Est\u00e1 que arde|Fire\n|move|p1a: La plantica|After You|p1b: Est\u00e1 que arde\n|-activate|p1b: Est\u00e1 que arde|move: After You\n|move|p1b: Est\u00e1 que arde|Eruption|p2b: Mandibuzz|[spread] p2a,p2b\n|-damage|p2a: Mudsdale|0 fnt\n|-damage|p2b: Mandibuzz|1\/100\n|faint|p2a: Mudsdale\n|move|p2b: Mandibuzz|Tailwind|p2b: Mandibuzz\n|-sidestart|p2: XTheWanderer117|move: Tailwind\n|\n|-weather|SunnyDay|[upkeep]\n|upkeep\n|\n|t:|1699756873\n|switch|p2a: Tauros|Tauros-Paldea-Blaze, L50, M|100\/100\n|turn|3\n|inactive|XTheWanderer117 has 30 seconds left.\n|\n|t:|1699756902\n|move|p1a: La plantica|After You|p1b: Est\u00e1 que arde\n|-activate|p1b: Est\u00e1 que arde|move: After You\n|move|p1b: Est\u00e1 que arde|Eruption|p2b: Mandibuzz|[spread] p2a,p2b\n|-resisted|p2a: Tauros\n|-damage|p2a: Tauros|31\/100\n|-damage|p2b: Mandibuzz|0 fnt\n|-enditem|p2a: Tauros|Sitrus Berry|[eat]\n|-heal|p2a: Tauros|55\/100|[from] item: Sitrus Berry\n|faint|p2b: Mandibuzz\n|move|p2a: Tauros|Raging Bull|p1a: La plantica\n|-supereffective|p1a: La plantica\n|-enditem|p1a: La plantica|Focus Sash\n|-damage|p1a: La plantica|1\/100\n|\n|-weather|SunnyDay|[upkeep]\n|upkeep\n|turn|4\n|\n|t:|1699756913\n|move|p2a: Tauros|Protect|p2a: Tauros\n|-singleturn|p2a: Tauros|Protect\n|move|p1a: La plantica|After You|p1b: Est\u00e1 que arde\n|-activate|p1b: Est\u00e1 que arde|move: After You\n|move|p1b: Est\u00e1 que arde|Eruption|p2a: Tauros\n|-activate|p2a: Tauros|move: Protect\n|\n|-weather|SunnyDay|[upkeep]\n|-activate|p2a: Tauros|ability: Cud Chew\n|-enditem|p2a: Tauros|Sitrus Berry|[eat]\n|-heal|p2a: Tauros|80\/100|[from] item: Sitrus Berry\n|upkeep\n|turn|5\n|\n|t:|1699756925\n|move|p1a: La plantica|After You|p1b: Est\u00e1 que arde\n|-activate|p1b: Est\u00e1 que arde|move: After You\n|move|p1b: Est\u00e1 que arde|Eruption|p2a: Tauros\n|-resisted|p2a: Tauros\n|-damage|p2a: Tauros|0 fnt\n|faint|p2a: Tauros\n|\n|win|JL_GAMER7\n|raw|JL_GAMER7's rating: 1000 &rarr; <strong>1045<\/strong><br \/>(+45 for winning)\n|raw|XTheWanderer117's rating: 1047 &rarr; <strong>1028<\/strong><br \/>(-19 for losing)\n","uploadtime":1699756971,"views":14,"p1id":"jlgamer7","p2id":"xthewanderer117","formatid":"gen9vgc2023regulatione","rating":1028,"private":0,"password":""}