{"id":"gen9vgc2023regulatione-1995886583","p1":"Eleisson4","p2":"Tenken11","format":"[Gen 9] VGC 2023 Regulation E","log":"|j|\u2606Eleisson4\n|j|\u2606Tenken11\n|n|\u2606Eleisson4|eleisson4\n|n|\u2606Tenken11|tenken11\n|html|View the match progress at <a href=\"\/game-bestof3-gen9vgc2023regulatione-1995882796\">game-bestof3-gen9vgc2023regulatione-1995882796<\/a>\n|t:|1700613654\n|gametype|doubles\n|player|p1|Eleisson4|169|\n|player|p2|Tenken11|266|\n|teamsize|p1|6\n|teamsize|p2|6\n|gen|9\n|tier|[Gen 9] VGC 2023 Regulation E\n|rule|Species Clause: Limit one of each Pok\u00e9mon\n|rule|Item Clause: Limit one of each item\n|clearpoke\n|poke|p1|Iron Hands, L50|\n|poke|p1|Flutter Mane, L50|\n|poke|p1|Heatran, L50, F|\n|poke|p1|Chien-Pao, L50|\n|poke|p1|Ogerpon-Wellspring, L50, F|\n|poke|p1|Amoonguss, L50, F|\n|poke|p2|Clefairy, L50, M|\n|poke|p2|Cetitan, L50, F|\n|poke|p2|Kommo-o, L50, F|\n|poke|p2|Sinistcha-Masterpiece, L50|\n|poke|p2|Landorus-Therian, L50, M|\n|poke|p2|Rillaboom, L50, F|\n|teampreview|4\nTenken11 has agreed to open team sheets.\nEleisson4 has agreed to open team sheets.\n|showteam|p1|Iron Hands||BoosterEnergy|QuarkDrive|SwordsDance,IcePunch,WildCharge,DrainPunch||||||50|,,,,,Ground]Flutter Mane||ChoiceSpecs|Protosynthesis|MysticalFire,ShadowBall,DazzlingGleam,PowerGem||||||50|,,,,,Fairy]Heatran||SitrusBerry|FlashFire|HeatWave,FlashCannon,EarthPower,Protect|||F|||50|,,,,,Grass]Chien-Pao||FocusSash|SwordofRuin|IceSpinner,SuckerPunch,PsychicFangs,Protect||||||50|,,,,,Ghost]Ogerpon-Wellspring||WellspringMask|WaterAbsorb|IvyCudgel,HornLeech,Taunt,SpikyShield|||F|||50|,,,,,Water]Amoonguss||AguavBerry|Regenerator|Spore,RagePowder,PollenPuff,ClearSmog|||F|||50|,,,,,Water\n|showteam|p2|Clefairy||Eviolite|FriendGuard|FollowMe,HealPulse,HelpingHand,Protect|||M|||50|,,,,,Dark]Cetitan||SitrusBerry|ThickFat|Liquidation,IceShard,BellyDrum,Protect|||F|||50|,,,,,Water]Kommo-o||ThroatSpray|Overcoat|ClangingScales,FlashCannon,ClangorousSoul,Protect|||F|||50|,,,,,Steel]Sinistcha-Masterpiece||WideLens|Hospitality|MatchaGotcha,StrengthSap,RagePowder,TrickRoom||||||50|,,,,,Fire]Landorus-Therian||ChoiceScarf|Intimidate|StompingTantrum,TeraBlast,RockSlide,Uturn|||M|||50|,,,,,Flying]Rillaboom||AssaultVest|GrassySurge|WoodHammer,GrassyGlide,Uturn,FakeOut|||F|||50|,,,,,Fire\n|inactive|Battle timer is ON: inactive players will automatically lose when time's up. (requested by Tenken11)\n|inactive|Eleisson4 has 60 seconds left.\n|\n|t:|1700613760\n|start\n|switch|p1a: Iron Hands|Iron Hands, L50, shiny|100\/100\n|switch|p1b: Heatran|Heatran, L50, F, shiny|100\/100\n|switch|p2a: Clefairy|Clefairy, L50, M|100\/100\n|switch|p2b: Cetitan|Cetitan, L50, F|100\/100\n|-enditem|p1a: Iron Hands|Booster Energy\n|-activate|p1a: Iron Hands|ability: Quark Drive|[fromitem]\n|-start|p1a: Iron Hands|quarkdriveatk\n|turn|1\n|inactive|Tenken11 has 30 seconds left.\n|inactive|Tenken11 has 20 seconds left.\n|\n|t:|1700613798\n|-terastallize|p2b: Cetitan|Water\n|move|p2a: Clefairy|Protect|p2a: Clefairy\n|-singleturn|p2a: Clefairy|Protect\n|move|p1b: Heatran|Flash Cannon|p2a: Clefairy\n|-activate|p2a: Clefairy|move: Protect\n|move|p2b: Cetitan|Belly Drum|p2b: Cetitan\n|-damage|p2b: Cetitan|50\/100\n|-setboost|p2b: Cetitan|atk|6|[from] move: Belly Drum\n|-enditem|p2b: Cetitan|Sitrus Berry|[eat]\n|-heal|p2b: Cetitan|75\/100|[from] item: Sitrus Berry\n|move|p1a: Iron Hands|Wild Charge|p2b: Cetitan\n|-supereffective|p2b: Cetitan\n|-damage|p2b: Cetitan|0 fnt\n|faint|p2b: Cetitan\n|-damage|p1a: Iron Hands|80\/100|[from] Recoil\n|\n|upkeep\n|\n|t:|1700613806\n|switch|p2b: Kommo-o|Kommo-o, L50, F|100\/100\n|turn|2\n|inactive|Eleisson4 has 30 seconds left.\n|\n|t:|1700613840\n|move|p2a: Clefairy|Follow Me|p2a: Clefairy\n|-singleturn|p2a: Clefairy|move: Follow Me\n|move|p1b: Heatran|Flash Cannon|p2a: Clefairy\n|-supereffective|p2a: Clefairy\n|-damage|p2a: Clefairy|29\/100\n|move|p2b: Kommo-o|Clangorous Soul|p2b: Kommo-o\n|-boost|p2b: Kommo-o|atk|1\n|-boost|p2b: Kommo-o|def|1\n|-boost|p2b: Kommo-o|spa|1\n|-boost|p2b: Kommo-o|spd|1\n|-boost|p2b: Kommo-o|spe|1\n|-damage|p2b: Kommo-o|68\/100\n|-enditem|p2b: Kommo-o|Throat Spray\n|-boost|p2b: Kommo-o|spa|1|[from] item: Throat Spray\n|move|p1a: Iron Hands|Swords Dance|p1a: Iron Hands\n|-boost|p1a: Iron Hands|atk|2\n|\n|upkeep\n|turn|3\n|inactive|Eleisson4 has 30 seconds left.\n|\n|t:|1700613871\n|move|p2a: Clefairy|Helping Hand|p2b: Kommo-o\n|-singleturn|p2b: Kommo-o|Helping Hand|[of] p2a: Clefairy\n|move|p2b: Kommo-o|Clanging Scales|p1b: Heatran|[spread] p1a,p1b\n|-resisted|p1b: Heatran\n|-damage|p1a: Iron Hands|0 fnt\n|-damage|p1b: Heatran|41\/100\n|-enditem|p1b: Heatran|Sitrus Berry|[eat]\n|-heal|p1b: Heatran|66\/100|[from] item: Sitrus Berry\n|faint|p1a: Iron Hands\n|-end|p1a: Iron Hands|Quark Drive|[silent]\n|-unboost|p2b: Kommo-o|def|1\n|move|p1b: Heatran|Heat Wave|p2b: Kommo-o|[spread] p2a,p2b\n|-resisted|p2b: Kommo-o\n|-damage|p2a: Clefairy|0 fnt\n|-damage|p2b: Kommo-o|58\/100\n|faint|p2a: Clefairy\n|\n|upkeep\n|inactive|Eleisson4 has 30 seconds left.\n|\n|t:|1700613899\n|switch|p1a: Ogerpon|Ogerpon-Wellspring, L50, F|100\/100\n|switch|p2a: Sinistcha|Sinistcha-Masterpiece, L50|100\/100\n|-heal|p2b: Kommo-o|83\/100|[from] ability: Hospitality|[of] p2a: Sinistcha\n|turn|4\n|inactive|Eleisson4 has 30 seconds left.\n|inactive|Eleisson4 has 20 seconds left.\n|inactive|Eleisson4 has 15 seconds left.\n|inactive|Eleisson4 has 10 seconds left.\n|inactive|Eleisson4 has 5 seconds left.\n|\n|t:|1700613951\n|move|p1a: Ogerpon|Spiky Shield|p1a: Ogerpon\n|-singleturn|p1a: Ogerpon|move: Protect\n|move|p1b: Heatran|Protect|p1b: Heatran\n|-singleturn|p1b: Heatran|Protect\n|move|p2b: Kommo-o|Clangorous Soul|p2b: Kommo-o\n|-boost|p2b: Kommo-o|atk|1\n|-boost|p2b: Kommo-o|def|1\n|-boost|p2b: Kommo-o|spa|1\n|-boost|p2b: Kommo-o|spd|1\n|-boost|p2b: Kommo-o|spe|1\n|-damage|p2b: Kommo-o|50\/100\n|move|p2a: Sinistcha|Strength Sap|p1a: Ogerpon\n|-activate|p1a: Ogerpon|move: Protect\n|\n|upkeep\n|turn|5\n|\n|t:|1700613975\n|move|p2b: Kommo-o|Protect|p2b: Kommo-o\n|-singleturn|p2b: Kommo-o|Protect\n|move|p1a: Ogerpon|Ivy Cudgel|p2b: Kommo-o|[anim] Ivy Cudgel Water\n|-activate|p2b: Kommo-o|move: Protect\n|move|p1b: Heatran|Heat Wave|p2a: Sinistcha|[spread] p2a\n|-activate|p2b: Kommo-o|move: Protect\n|-supereffective|p2a: Sinistcha\n|-damage|p2a: Sinistcha|23\/100\n|move|p2a: Sinistcha|Matcha Gotcha|p1a: Ogerpon|[spread] p1a,p1b\n|-resisted|p1b: Heatran\n|-damage|p1a: Ogerpon|71\/100\n|-heal|p2a: Sinistcha|36\/100|[from] drain|[of] p1a: Ogerpon\n|-damage|p1b: Heatran|59\/100\n|-heal|p2a: Sinistcha|39\/100|[from] drain|[of] p1b: Heatran\n|-status|p1a: Ogerpon|brn\n|\n|-damage|p1a: Ogerpon|66\/100 brn|[from] brn\n|upkeep\n|turn|6\n|\n|t:|1700613998\n|switch|p1a: Amoonguss|Amoonguss, L50, F, shiny|100\/100\n|move|p2b: Kommo-o|Clanging Scales|p1a: Amoonguss|[spread] p1a,p1b\n|-resisted|p1b: Heatran\n|-damage|p1a: Amoonguss|26\/100\n|-damage|p1b: Heatran|9\/100\n|-unboost|p2b: Kommo-o|def|1\n|move|p1b: Heatran|Heat Wave|p2a: Sinistcha|[spread] p2a,p2b\n|-supereffective|p2a: Sinistcha\n|-resisted|p2b: Kommo-o\n|-damage|p2a: Sinistcha|0 fnt\n|-damage|p2b: Kommo-o|40\/100\n|faint|p2a: Sinistcha\n|\n|upkeep\n|turn|7\n|inactive|Eleisson4 has 30 seconds left.\n|inactive|Eleisson4 has 20 seconds left.\n|inactive|Eleisson4 has 15 seconds left.\n|inactive|Eleisson4 has 10 seconds left.\n|\n|t:|1700614045\n|move|p2b: Kommo-o|Clanging Scales|p1b: Heatran|[spread] p1a,p1b\n|-resisted|p1b: Heatran\n|-damage|p1a: Amoonguss|0 fnt\n|-damage|p1b: Heatran|0 fnt\n|faint|p1a: Amoonguss\n|faint|p1b: Heatran\n|-unboost|p2b: Kommo-o|def|1\n|\n|upkeep\n|\n|t:|1700614056\n|switch|p1b: Ogerpon|Ogerpon-Wellspring, L50, F|66\/100 brn\n|turn|8\n|\n|t:|1700614075\n|-terastallize|p1b: Ogerpon|Water\n|detailschange|p1b: Ogerpon|Ogerpon-Wellspring-Tera, L50, F, tera:Water\n|-ability|p1b: Ogerpon|Embody Aspect (Wellspring)|boost\n|-boost|p1b: Ogerpon|spd|1\n|move|p2b: Kommo-o|Clanging Scales|p1b: Ogerpon\n|-damage|p1b: Ogerpon|0 fnt\n|faint|p1b: Ogerpon\n|\n|win|Tenken11\n|c|\u2606Tenken11|gg\n|c|\u2606Eleisson4|gg\n|l|\u2606Eleisson4\n|c|\u2606Tenken11|me gusta ese iron hands\n","uploadtime":1700614311,"views":12,"p1id":"eleisson4","p2id":"tenken11","formatid":"gen9vgc2023regulatione","rating":0,"private":0,"password":""}