{"id":"gen9vgc2023regulatione-1996469615","p1":"haamgamer07","p2":"Logan Helfield","format":"[Gen 9] VGC 2023 Regulation E","log":"|j|\u2606haamgamer07\n|j|\u2606Logan Helfield\n|t:|1700685068\n|gametype|doubles\n|player|p1|haamgamer07|170|1166\n|player|p2|Logan Helfield|riley|1209\n|teamsize|p1|6\n|teamsize|p2|6\n|gen|9\n|tier|[Gen 9] VGC 2023 Regulation E\n|rated|\n|rule|Species Clause: Limit one of each Pok\u00e9mon\n|rule|Item Clause: Limit one of each item\n|clearpoke\n|poke|p1|Flutter Mane, L50|\n|poke|p1|Iron Hands, L50|\n|poke|p1|Ogerpon-Hearthflame, L50, F|\n|poke|p1|Cresselia, L50, F|\n|poke|p1|Ursaluna, L50, F|\n|poke|p1|Empoleon, L50, M|\n|poke|p2|Tornadus, L50, M|\n|poke|p2|Torkoal, L50, M|\n|poke|p2|Arcanine-Hisui, L50, M|\n|poke|p2|Flutter Mane, L50|\n|poke|p2|Urshifu-*, L50, F|\n|poke|p2|Shiftry, L50, F|\n|teampreview|4\nLogan Helfield rejected open team sheets.\n|inactive|Battle timer is ON: inactive players will automatically lose when time's up. (requested by haamgamer07)\n|\n|t:|1700685117\n|start\n|switch|p1a: Cresselia|Cresselia, L50, F|100\/100\n|switch|p1b: Empoleon|Empoleon, L50, M|100\/100\n|switch|p2a: Tornadus|Tornadus, L50, M|100\/100\n|switch|p2b: Shiftry|Shiftry, L50, F|100\/100\n|turn|1\n|inactive|haamgamer07 has 30 seconds left.\n|inactive|haamgamer07 has 20 seconds left.\n|inactive|haamgamer07 has 15 seconds left.\n|\n|t:|1700685160\n|switch|p1a: Ogerpon|Ogerpon-Hearthflame, L50, F|100\/100\n|-ability|p1a: Ogerpon|Mold Breaker\n|move|p2b: Shiftry|Protect|p2b: Shiftry\n|-singleturn|p2b: Shiftry|Protect\n|move|p2a: Tornadus|Taunt|p1a: Ogerpon\n|-start|p1a: Ogerpon|move: Taunt\n|move|p1b: Empoleon|Flash Cannon|p2b: Shiftry\n|-activate|p2b: Shiftry|move: Protect\n|\n|upkeep\n|turn|2\n|inactive|haamgamer07 has 30 seconds left.\n|inactive|Logan Helfield has 30 seconds left.\n|\n|t:|1700685194\n|-terastallize|p1a: Ogerpon|Fire\n|detailschange|p1a: Ogerpon|Ogerpon-Hearthflame-Tera, L50, F, tera:Fire\n|-ability|p1a: Ogerpon|Embody Aspect (Hearthflame)|boost\n|-boost|p1a: Ogerpon|atk|1\n|move|p2a: Tornadus|Bleakwind Storm|p1a: Ogerpon|[spread] p1a,p1b\n|-resisted|p1b: Empoleon\n|-damage|p1a: Ogerpon|65\/100\n|-damage|p1b: Empoleon|83\/100\n|move|p1a: Ogerpon|Ivy Cudgel|p2a: Tornadus|[anim] Ivy Cudgel Fire\n|-enditem|p2a: Tornadus|Focus Sash\n|-damage|p2a: Tornadus|1\/100\n|move|p2b: Shiftry|Knock Off|p1b: Empoleon\n|-damage|p1b: Empoleon|39\/100\n|-enditem|p1b: Empoleon|Expert Belt|[from] move: Knock Off|[of] p2b: Shiftry\n|move|p1b: Empoleon|Flash Cannon|p2b: Shiftry\n|-damage|p2b: Shiftry|28\/100\n|\n|upkeep\n|turn|3\n|inactive|haamgamer07 has 30 seconds left.\n|inactive|haamgamer07 has 20 seconds left.\n|inactive|haamgamer07 has 15 seconds left.\n|inactive|Logan Helfield has 30 seconds left.\n|\n|t:|1700685238\n|switch|p1b: Cresselia|Cresselia, L50, F|100\/100\n|move|p2a: Tornadus|Tailwind|p2a: Tornadus\n|-sidestart|p2: Logan Helfield|move: Tailwind\n|-ability|p2b: Shiftry|Wind Rider|boost\n|-boost|p2b: Shiftry|atk|1\n|move|p2b: Shiftry|Knock Off|p1a: Ogerpon\n|-damage|p1a: Ogerpon|14\/100\n|move|p1a: Ogerpon|Ivy Cudgel|p2a: Tornadus|[anim] Ivy Cudgel Fire\n|-damage|p2a: Tornadus|0 fnt\n|faint|p2a: Tornadus\n|\n|-end|p1a: Ogerpon|move: Taunt\n|upkeep\n|\n|t:|1700685254\n|switch|p2a: Arcanine|Arcanine-Hisui, L50, M|100\/100\n|-ability|p2a: Arcanine|Intimidate|boost\n|-unboost|p1a: Ogerpon|atk|1\n|-unboost|p1b: Cresselia|atk|1\n|turn|4\n|\n|t:|1700685264\n|move|p2a: Arcanine|Extreme Speed|p1a: Ogerpon\n|-damage|p1a: Ogerpon|0 fnt\n|faint|p1a: Ogerpon\n|move|p2b: Shiftry|Knock Off|p1b: Cresselia\n|-supereffective|p1b: Cresselia\n|-damage|p1b: Cresselia|21\/100\n|-damage|p2b: Shiftry|11\/100|[from] item: Rocky Helmet|[of] p1b: Cresselia\n|-enditem|p1b: Cresselia|Rocky Helmet|[from] move: Knock Off|[of] p2b: Shiftry\n|move|p1b: Cresselia|Trick Room|p1b: Cresselia\n|-fieldstart|move: Trick Room|[of] p1b: Cresselia\n|\n|upkeep\n|\n|t:|1700685277\n|switch|p1a: Empoleon|Empoleon, L50, M|39\/100\n|turn|5\n|\n|t:|1700685290\n|move|p2a: Arcanine|Extreme Speed|p1a: Empoleon\n|-resisted|p1a: Empoleon\n|-damage|p1a: Empoleon|26\/100\n|move|p1a: Empoleon|Water Pledge|p2a: Arcanine\n|-supereffective|p2a: Arcanine\n|-damage|p2a: Arcanine|0 fnt\n|faint|p2a: Arcanine\n|move|p1b: Cresselia|Moonblast|p2b: Shiftry\n|-supereffective|p2b: Shiftry\n|-damage|p2b: Shiftry|0 fnt\n|faint|p2b: Shiftry\n|\n|upkeep\n|\n|t:|1700685303\n|switch|p2b: Torkoal|Torkoal, L50, M|100\/100\n|-weather|SunnyDay|[from] ability: Drought|[of] p2b: Torkoal\n|turn|6\n|\n|t:|1700685321\n|move|p1a: Empoleon|Water Pledge|p2b: Torkoal\n|-supereffective|p2b: Torkoal\n|-damage|p2b: Torkoal|45\/100\n|move|p2b: Torkoal|Solar Beam||[still]\n|-prepare|p2b: Torkoal|Solar Beam\n|-anim|p2b: Torkoal|Solar Beam|p1a: Empoleon\n|-damage|p1a: Empoleon|0 fnt\n|faint|p1a: Empoleon\n|move|p1b: Cresselia|Lunar Blessing|p1b: Cresselia\n|-heal|p1b: Cresselia|46\/100\n|\n|-weather|SunnyDay|[upkeep]\n|-sideend|p2: Logan Helfield|move: Tailwind\n|upkeep\n|\n|t:|1700685335\n|switch|p1a: Flutter Mane|Flutter Mane, L50|100\/100\n|-activate|p1a: Flutter Mane|ability: Protosynthesis\n|-start|p1a: Flutter Mane|protosynthesisspa\n|turn|7\n|\n|t:|1700685347\n|move|p1a: Flutter Mane|Protect|p1a: Flutter Mane\n|-singleturn|p1a: Flutter Mane|Protect\n|move|p2b: Torkoal|Burning Jealousy|p1a: Flutter Mane|[spread] p1b\n|-activate|p1a: Flutter Mane|move: Protect\n|-damage|p1b: Cresselia|26\/100\n|move|p1b: Cresselia|Psychic|p2b: Torkoal\n|-damage|p2b: Torkoal|10\/100\n|\n|-weather|SunnyDay|[upkeep]\n|upkeep\n|turn|8\n|-message|Logan Helfield forfeited.\n|\n|win|haamgamer07\n|raw|haamgamer07's rating: 1166 &rarr; <strong>1194<\/strong><br \/>(+28 for winning)\n|raw|Logan Helfield's rating: 1209 &rarr; <strong>1181<\/strong><br \/>(-28 for losing)\n|l|\u2606Logan Helfield\n","uploadtime":1700685361,"views":14,"p1id":"haamgamer07","p2id":"loganhelfield","formatid":"gen9vgc2023regulatione","rating":1181,"private":0,"password":""}