{"id":"gen9vgc2023regulatione-1994734991","p1":"BlindMagneton","p2":"flopyflopsters","format":"[Gen 9] VGC 2023 Regulation E","log":"|j|\u2606BlindMagneton\n|j|\u2606flopyflopsters\n|t:|1700487255\n|gametype|doubles\n|player|p1|BlindMagneton|wattson|1501\n|player|p2|flopyflopsters|nate|1442\n|teamsize|p1|6\n|teamsize|p2|6\n|gen|9\n|tier|[Gen 9] VGC 2023 Regulation E\n|rated|\n|rule|Species Clause: Limit one of each Pok\u00e9mon\n|rule|Item Clause: Limit one of each item\n|clearpoke\n|poke|p1|Mandibuzz, L50, F|\n|poke|p1|Abomasnow, L50, F|\n|poke|p1|Roaring Moon, L50|\n|poke|p1|Brambleghast, L50, M|\n|poke|p1|Garganacl, L50, F|\n|poke|p1|Chien-Pao, L50|\n|poke|p2|Tornadus, L50, M|\n|poke|p2|Urshifu-*, L50, F|\n|poke|p2|Iron Hands, L50|\n|poke|p2|Sinistcha-Masterpiece, L50|\n|poke|p2|Chien-Pao, L50|\n|poke|p2|Arcanine-Hisui, L50, M|\n|teampreview|4\n|inactive|Battle timer is ON: inactive players will automatically lose when time's up. (requested by flopyflopsters)\n|inactive|BlindMagneton has 60 seconds left.\n|\n|t:|1700487292\n|start\n|switch|p1a: Mandibuzz|Mandibuzz, L50, F|100\/100\n|switch|p1b: Abomasnow|Abomasnow, L50, F|100\/100\n|switch|p2a: Tornadus|Tornadus, L50, M|100\/100\n|switch|p2b: Urshifu|Urshifu-Rapid-Strike, L50, F|100\/100\n|-weather|Snow|[from] ability: Snow Warning|[of] p1b: Abomasnow\n|turn|1\n|\n|t:|1700487308\n|switch|p1a: Brambleghast|Brambleghast, L50, M|100\/100\n|-terastallize|p2b: Urshifu|Water\n|move|p2a: Tornadus|Tailwind|p2a: Tornadus\n|-sidestart|p2: flopyflopsters|move: Tailwind\n|move|p2b: Urshifu|Surging Strikes|p1b: Abomasnow\n|-resisted|p1b: Abomasnow\n|-crit|p1b: Abomasnow\n|-damage|p1b: Abomasnow|85\/100\n|-resisted|p1b: Abomasnow\n|-crit|p1b: Abomasnow\n|-damage|p1b: Abomasnow|68\/100\n|-resisted|p1b: Abomasnow\n|-crit|p1b: Abomasnow\n|-damage|p1b: Abomasnow|52\/100\n|-hitcount|p1b: Abomasnow|3\n|move|p1b: Abomasnow|Energy Ball|p2b: Urshifu\n|-supereffective|p2b: Urshifu\n|-damage|p2b: Urshifu|0 fnt\n|faint|p2b: Urshifu\n|\n|-weather|Snow|[upkeep]\n|upkeep\n|\n|t:|1700487313\n|switch|p2b: Chien-Pao|Chien-Pao, L50|100\/100\n|-ability|p2b: Chien-Pao|Sword of Ruin\n|turn|2\n|inactive|BlindMagneton has 30 seconds left.\n|inactive|BlindMagneton has 20 seconds left.\n|inactive|BlindMagneton has 15 seconds left.\n|inactive|BlindMagneton has 10 seconds left.\n|inactive|BlindMagneton has 5 seconds left.\n|\n|t:|1700487365\n|switch|p1b: Garganacl|Garganacl, L50, F|100\/100\n|-terastallize|p1a: Brambleghast|Fairy\n|move|p2b: Chien-Pao|Ice Spinner|p1a: Brambleghast\n|-crit|p1a: Brambleghast\n|-damage|p1a: Brambleghast|15\/100\n|-damage|p2b: Chien-Pao|84\/100|[from] item: Rocky Helmet|[of] p1a: Brambleghast\n|move|p2a: Tornadus|Bleakwind Storm|p1b: Garganacl|[spread] p1b\n|-ability|p1a: Brambleghast|Wind Rider|boost\n|-boost|p1a: Brambleghast|atk|1\n|-resisted|p1b: Garganacl\n|-damage|p1b: Garganacl|90\/100\n|move|p1a: Brambleghast|Strength Sap|p2b: Chien-Pao\n|-unboost|p2b: Chien-Pao|atk|1\n|-heal|p1a: Brambleghast|100\/100\n|\n|-weather|Snow|[upkeep]\n|-heal|p1b: Garganacl|96\/100|[from] item: Leftovers\n|upkeep\n|turn|3\n|inactive|BlindMagneton has 30 seconds left.\n|inactive|BlindMagneton has 20 seconds left.\n|\n|t:|1700487403\n|switch|p2b: Iron Hands|Iron Hands, L50|100\/100\n|move|p2a: Tornadus|Rain Dance|p2a: Tornadus\n|-weather|RainDance\n|move|p1a: Brambleghast|Strength Sap|p2b: Iron Hands\n|-unboost|p2b: Iron Hands|atk|1\n|move|p1b: Garganacl|Salt Cure|p2b: Iron Hands\n|-resisted|p2b: Iron Hands\n|-damage|p2b: Iron Hands|95\/100\n|-start|p2b: Iron Hands|Salt Cure\n|\n|-weather|RainDance|[upkeep]\n|-heal|p1b: Garganacl|100\/100|[from] item: Leftovers\n|-damage|p2b: Iron Hands|83\/100|[from] Salt Cure\n|upkeep\n|turn|4\n|inactive|BlindMagneton has 30 seconds left.\n|\n|t:|1700487430\n|move|p1a: Brambleghast|Protect|p1a: Brambleghast\n|-singleturn|p1a: Brambleghast|Protect\n|move|p2a: Tornadus|Taunt|p1b: Garganacl\n|-start|p1b: Garganacl|move: Taunt\n|move|p2b: Iron Hands|Heavy Slam|p1a: Brambleghast\n|-activate|p1a: Brambleghast|move: Protect\n|move|p1b: Garganacl|Salt Cure|p2b: Iron Hands\n|-resisted|p2b: Iron Hands\n|-damage|p2b: Iron Hands|79\/100\n|\n|-weather|RainDance|[upkeep]\n|-damage|p2b: Iron Hands|67\/100|[from] Salt Cure\n|-sideend|p2: flopyflopsters|move: Tailwind\n|upkeep\n|turn|5\n|inactive|BlindMagneton has 30 seconds left.\n|\n|t:|1700487464\n|move|p2a: Tornadus|Taunt|p1a: Brambleghast\n|-start|p1a: Brambleghast|move: Taunt\n|move|p1a: Brambleghast|Power Whip|p2b: Iron Hands\n|-crit|p2b: Iron Hands\n|-damage|p2b: Iron Hands|0 fnt\n|faint|p2b: Iron Hands\n|-end|p2b: Iron Hands|Quark Drive|[silent]\n|move|p1b: Garganacl|Salt Cure|p2a: Tornadus\n|-supereffective|p2a: Tornadus\n|-damage|p2a: Tornadus|71\/100\n|-start|p2a: Tornadus|Salt Cure\n|\n|-weather|RainDance|[upkeep]\n|-damage|p2a: Tornadus|59\/100|[from] Salt Cure\n|upkeep\n|-message|flopyflopsters forfeited.\n|\n|win|BlindMagneton\n|raw|BlindMagneton's rating: 1501 &rarr; <strong>1518<\/strong><br \/>(+17 for winning)\n|raw|flopyflopsters's rating: 1442 &rarr; <strong>1425<\/strong><br \/>(-17 for losing)\n|l|\u2606flopyflopsters\n","uploadtime":1700487480,"views":4,"p1id":"blindmagneton","p2id":"flopyflopsters","formatid":"gen9vgc2023regulatione","rating":1425,"private":0,"password":""}