{"id":"gen9vgc2023regulatione-1998521923","p1":"Heyo16","p2":"jax4263","format":"[Gen 9] VGC 2023 Regulation E","log":"|j|\u2606Heyo16\n|j|\u2606jax4263\n|t:|1700951855\n|gametype|doubles\n|player|p1|Heyo16|266|1111\n|player|p2|jax4263|265|1111\n|teamsize|p1|6\n|teamsize|p2|6\n|gen|9\n|tier|[Gen 9] VGC 2023 Regulation E\n|rated|\n|rule|Species Clause: Limit one of each Pok\u00e9mon\n|rule|Item Clause: Limit one of each item\n|clearpoke\n|poke|p1|Grafaiai, L50, F|\n|poke|p1|Slaking, L50, F|\n|poke|p1|Tornadus, L50, M|\n|poke|p1|Cresselia, L50, F|\n|poke|p1|Iron Hands, L50|\n|poke|p1|Flutter Mane, L50|\n|poke|p2|Phanpy, L50, M|\n|poke|p2|Marill, L50, F|\n|poke|p2|Hawlucha, L50, F|\n|poke|p2|Coalossal, L50, M|\n|poke|p2|Tornadus, L50, M|\n|poke|p2|Urshifu-*, L50, M|\n|teampreview|4\n|\n|t:|1700951886\n|start\n|switch|p1a: Tornadus|Tornadus, L50, M|100\/100\n|switch|p1b: Iron Hands|Iron Hands, L50|100\/100\n|switch|p2a: Marill|Marill, L50, F|100\/100\n|switch|p2b: Hawlucha|Hawlucha, L50, F|100\/100\n|turn|1\n|\n|t:|1700951898\n|move|p2b: Hawlucha|Detect|p2b: Hawlucha\n|-singleturn|p2b: Hawlucha|Protect\n|move|p1a: Tornadus|Tailwind|p1a: Tornadus\n|-sidestart|p1: Heyo16|move: Tailwind\n|move|p1b: Iron Hands|Wild Charge|p2b: Hawlucha\n|-activate|p2b: Hawlucha|move: Protect\n|move|p2a: Marill|Encore|p1b: Iron Hands\n|-start|p1b: Iron Hands|Encore\n|\n|upkeep\n|turn|2\n|\n|t:|1700951910\n|-terastallize|p2b: Hawlucha|Rock\n|move|p1a: Tornadus|Taunt|p2a: Marill\n|-start|p2a: Marill|move: Taunt\n|move|p2a: Marill|Aqua Jet|p2b: Hawlucha\n|-supereffective|p2b: Hawlucha\n|-damage|p2b: Hawlucha|93\/100\n|-enditem|p2b: Hawlucha|Weakness Policy\n|-boost|p2b: Hawlucha|atk|2|[from] item: Weakness Policy\n|-boost|p2b: Hawlucha|spa|2|[from] item: Weakness Policy\n|move|p2b: Hawlucha|Rock Slide|p1a: Tornadus|[spread] p1b\n|-miss|p2b: Hawlucha|p1a: Tornadus\n|-resisted|p1b: Iron Hands\n|-damage|p1b: Iron Hands|85\/100\n|move|p1b: Iron Hands|Wild Charge|p2b: Hawlucha\n|-damage|p2b: Hawlucha|16\/100\n|-damage|p1b: Iron Hands|73\/100|[from] Recoil\n|\n|upkeep\n|turn|3\n|\n|t:|1700951933\n|move|p2b: Hawlucha|Rock Slide|p1b: Iron Hands|[spread] p1a,p1b\n|-supereffective|p1a: Tornadus\n|-resisted|p1b: Iron Hands\n|-damage|p1a: Tornadus|0 fnt\n|-damage|p1b: Iron Hands|57\/100\n|faint|p1a: Tornadus\n|move|p1b: Iron Hands|Wild Charge|p2b: Hawlucha\n|-damage|p2b: Hawlucha|0 fnt\n|faint|p2b: Hawlucha\n|-damage|p1b: Iron Hands|55\/100|[from] Recoil\n|move|p2a: Marill|Knock Off|p1b: Iron Hands\n|-resisted|p1b: Iron Hands\n|-damage|p1b: Iron Hands|53\/100\n|-enditem|p1b: Iron Hands|Assault Vest|[from] move: Knock Off|[of] p2a: Marill\n|\n|upkeep\n|inactive|Battle timer is ON: inactive players will automatically lose when time's up. (requested by Heyo16)\n|\n|t:|1700951952\n|switch|p2b: Coalossal|Coalossal, L50, M|100\/100\n|switch|p1a: Cresselia|Cresselia, L50, F|100\/100\n|turn|4\n|\n|t:|1700951971\n|move|p2a: Marill|Aqua Jet|p2b: Coalossal\n|-supereffective|p2b: Coalossal\n|-damage|p2b: Coalossal|92\/100\n|-ability|p2b: Coalossal|Steam Engine|boost\n|-boost|p2b: Coalossal|spe|6\n|-enditem|p2b: Coalossal|Absorb Bulb\n|-boost|p2b: Coalossal|spa|1|[from] item: Absorb Bulb\n|move|p2b: Coalossal|Heat Wave|p1b: Iron Hands|[spread] p1a\n|-miss|p2b: Coalossal|p1b: Iron Hands\n|-damage|p1a: Cresselia|79\/100\n|-status|p1a: Cresselia|brn\n|move|p1b: Iron Hands|Wild Charge|p2a: Marill\n|-supereffective|p2a: Marill\n|-damage|p2a: Marill|0 fnt\n|faint|p2a: Marill\n|-damage|p1b: Iron Hands|37\/100|[from] Recoil\n|move|p1a: Cresselia|Trick Room|p1a: Cresselia\n|-fieldstart|move: Trick Room|[of] p1a: Cresselia\n|\n|-damage|p1a: Cresselia|73\/100 brn|[from] brn\n|-end|p1b: Iron Hands|Encore\n|-sideend|p1: Heyo16|move: Tailwind\n|upkeep\n|\n|t:|1700951993\n|switch|p2a: Urshifu|Urshifu-Rapid-Strike, L50, M|100\/100\n|turn|5\n|\n|t:|1700952008\n|-terastallize|p1b: Iron Hands|Fighting\n|move|p2a: Urshifu|Aqua Jet|p1b: Iron Hands\n|-damage|p1b: Iron Hands|23\/100\n|move|p1b: Iron Hands|Drain Punch|p2b: Coalossal\n|-supereffective|p2b: Coalossal\n|-damage|p2b: Coalossal|0 fnt\n|-heal|p1b: Iron Hands|56\/100|[from] drain|[of] p2b: Coalossal\n|faint|p2b: Coalossal\n|move|p1a: Cresselia|Lunar Blessing|p1a: Cresselia|[spread] p1a,p1b\n|-heal|p1a: Cresselia|98\/100 brn\n|-curestatus|p1a: Cresselia|brn|[msg]\n|-heal|p1b: Iron Hands|81\/100\n|\n|upkeep\n|turn|6\n|-message|jax4263 forfeited.\n|\n|win|Heyo16\n|raw|Heyo16's rating: 1111 &rarr; <strong>1136<\/strong><br \/>(+25 for winning)\n|raw|jax4263's rating: 1111 &rarr; <strong>1086<\/strong><br \/>(-25 for losing)\n|l|\u2606jax4263\n","uploadtime":1700952022,"views":2,"p1id":"heyo16","p2id":"jax4263","formatid":"gen9vgc2023regulatione","rating":1086,"private":0,"password":""}