{"id":"gen9vgc2023regulatione-1990060334","p1":"FlamtapShuckle","p2":"bobforte22","format":"[Gen 9] VGC 2023 Regulation E","log":"|j|\u2606FlamtapShuckle\n|j|\u2606bobforte22\n|t:|1699920255\n|gametype|doubles\n|player|p1|FlamtapShuckle|tuberf|\n|player|p2|bobforte22|pilot|\n|teamsize|p1|6\n|teamsize|p2|6\n|gen|9\n|tier|[Gen 9] VGC 2023 Regulation E\n|rated|Tournament battle\n|rule|Species Clause: Limit one of each Pok\u00e9mon\n|rule|Item Clause: Limit one of each item\n|clearpoke\n|poke|p1|Urshifu-*, L50, F|\n|poke|p1|Farigiraf, L50, M|\n|poke|p1|Clefairy, L50, M|\n|poke|p1|Ogerpon-Hearthflame, L50, F|\n|poke|p1|Ursaluna-Bloodmoon, L50, M|\n|poke|p1|Okidogi, L50, M|\n|poke|p2|Chi-Yu, L50|\n|poke|p2|Jolteon, L50, F|\n|poke|p2|Iron Hands, L50|\n|poke|p2|Iron Bundle, L50|\n|poke|p2|Arcanine, L50, M|\n|poke|p2|Iron Jugulis, L50|\n|teampreview|4\n|showteam|p1|Urshifu-Rapid-Strike||ChoiceScarf|UnseenFist|SurgingStrikes,CloseCombat,Uturn,IceSpinner|||F|||50|,,,,,Water]Farigiraf||SitrusBerry|ArmorTail|Psychic,DazzlingGleam,NastyPlot,TrickRoom|||M|||50|,,,,,Fire]Clefairy||Eviolite|FriendGuard|Protect,HelpingHand,FollowMe,HealPulse|||M|||50|,,,,,Grass]Ogerpon-Hearthflame||HearthflameMask|MoldBreaker|IvyCudgel,HornLeech,SpikyShield,SwordsDance|||F|||50|,,,,,Fire]Ursaluna-Bloodmoon||LifeOrb|MindsEye|HyperVoice,BloodMoon,EarthPower,Protect|||M|||50|,,,,,Grass]Okidogi||AssaultVest|GuardDog|PoisonJab,BrickBreak,Snarl,IcePunch|||M|||50|,,,,,Water\n|showteam|p2|Chi-Yu||ChoiceSpecs|BeadsofRuin|DarkPulse,HeatWave,Flamethrower,TeraBlast||||||50|,,,,,Ghost]Jolteon||LifeOrb|VoltAbsorb|FakeTears,Protect,LightScreen,Thunderbolt|||F|||50|,,,,,Grass]Iron Hands||AssaultVest|QuarkDrive|FakeOut,TeraBlast,DrainPunch,WildCharge||||||50|,,,,,Fire]Iron Bundle||CovertCloak|QuarkDrive|FreezeDry,HydroPump,Protect,Encore||||||50|,,,,,Fairy]Arcanine||RockyHelmet|Intimidate|FlareBlitz,WillOWisp,Protect,Roar|||M|||50|,,,,,Water]Iron Jugulis||ChoiceScarf|QuarkDrive|HydroPump,DarkPulse,AirSlash,EarthPower||||||50|,,,,,Water\n|c|\u2606bobforte22|Glhf\n|inactive|Battle timer is ON: inactive players will automatically lose when time's up. (requested by bobforte22)\n|\n|t:|1699920301\n|start\n|switch|p1a: Clefairy|Clefairy, L50, M|100\/100\n|switch|p1b: Farigiraf|Farigiraf, L50, M|100\/100\n|switch|p2a: Jolteon|Jolteon, L50, F|100\/100\n|switch|p2b: Chi-Yu|Chi-Yu, L50|100\/100\n|-ability|p2b: Chi-Yu|Beads of Ruin\n|turn|1\n|inactive|FlamtapShuckle has 30 seconds left.\n|inactive|FlamtapShuckle has 20 seconds left.\n|\n|t:|1699920336\n|move|p1a: Clefairy|Follow Me|p1a: Clefairy\n|-singleturn|p1a: Clefairy|move: Follow Me\n|move|p2a: Jolteon|Light Screen|p2a: Jolteon\n|-sidestart|p2: bobforte22|move: Light Screen\n|move|p2b: Chi-Yu|Heat Wave|p1b: Farigiraf|[spread] p1b\n|-miss|p2b: Chi-Yu|p1a: Clefairy\n|-damage|p1b: Farigiraf|43\/100\n|-enditem|p1b: Farigiraf|Sitrus Berry|[eat]\n|-heal|p1b: Farigiraf|68\/100|[from] item: Sitrus Berry\n|move|p1b: Farigiraf|Nasty Plot|p1b: Farigiraf\n|-boost|p1b: Farigiraf|spa|2\n|\n|upkeep\n|turn|2\n|inactive|bobforte22 has 30 seconds left.\n|\n|t:|1699920364\n|-terastallize|p2b: Chi-Yu|Ghost\n|-terastallize|p1b: Farigiraf|Fire\n|move|p1a: Clefairy|Follow Me|p1a: Clefairy\n|-singleturn|p1a: Clefairy|move: Follow Me\n|move|p2a: Jolteon|Fake Tears|p1a: Clefairy\n|-unboost|p1a: Clefairy|spd|2\n|move|p2b: Chi-Yu|Heat Wave|p1a: Clefairy|[spread] p1a,p1b\n|-resisted|p1b: Farigiraf\n|-damage|p1a: Clefairy|0 fnt\n|-damage|p1b: Farigiraf|42\/100\n|faint|p1a: Clefairy\n|move|p1b: Farigiraf|Trick Room|p1b: Farigiraf\n|-fieldstart|move: Trick Room|[of] p1b: Farigiraf\n|\n|upkeep\n|inactive|FlamtapShuckle has 30 seconds left.\n|inactive|FlamtapShuckle has 20 seconds left.\n|inactive|FlamtapShuckle has 15 seconds left.\n|inactive|FlamtapShuckle has 10 seconds left.\n|\n|t:|1699920411\n|switch|p1a: Okidogi|Okidogi, L50, M|100\/100\n|turn|3\n|\n|t:|1699920434\n|move|p1b: Farigiraf|Psychic|p2a: Jolteon\n|-damage|p2a: Jolteon|31\/100\n|move|p1a: Okidogi|Brick Break|p2a: Jolteon\n|-sideend|p2: bobforte22|move: Light Screen\n|-crit|p2a: Jolteon\n|-damage|p2a: Jolteon|0 fnt\n|faint|p2a: Jolteon\n|move|p2b: Chi-Yu|Heat Wave|p1b: Farigiraf|[spread] p1a,p1b\n|-resisted|p1b: Farigiraf\n|-damage|p1a: Okidogi|51\/100\n|-damage|p1b: Farigiraf|5\/100\n|-status|p1a: Okidogi|brn\n|\n|-damage|p1a: Okidogi|45\/100 brn|[from] brn\n|upkeep\n|\n|t:|1699920447\n|switch|p2a: Iron Bundle|Iron Bundle, L50|100\/100\n|turn|4\n|\n|t:|1699920454\n|move|p2a: Iron Bundle|Protect|p2a: Iron Bundle\n|-singleturn|p2a: Iron Bundle|Protect\n|move|p1b: Farigiraf|Psychic|p2a: Iron Bundle\n|-activate|p2a: Iron Bundle|move: Protect\n|move|p1a: Okidogi|Snarl|p2a: Iron Bundle|[spread] p2b\n|-activate|p2a: Iron Bundle|move: Protect\n|-supereffective|p2b: Chi-Yu\n|-damage|p2b: Chi-Yu|90\/100\n|-unboost|p2b: Chi-Yu|spa|1\n|move|p2b: Chi-Yu|Heat Wave|p1a: Okidogi|[spread] p1b\n|-miss|p2b: Chi-Yu|p1a: Okidogi\n|-resisted|p1b: Farigiraf\n|-damage|p1b: Farigiraf|0 fnt\n|faint|p1b: Farigiraf\n|\n|-damage|p1a: Okidogi|38\/100 brn|[from] brn\n|upkeep\n|\n|t:|1699920456\n|switch|p1b: Ursaluna|Ursaluna-Bloodmoon, L50, M|100\/100\n|turn|5\n|\n|t:|1699920479\n|-end|p2a: Iron Bundle|Quark Drive|[silent]\n|switch|p2a: Iron Hands|Iron Hands, L50|100\/100\n|move|p1b: Ursaluna|Blood Moon|p2a: Iron Hands\n|-crit|p2a: Iron Hands\n|-damage|p2a: Iron Hands|0 fnt\n|faint|p2a: Iron Hands\n|-end|p2a: Iron Hands|Quark Drive|[silent]\n|-damage|p1b: Ursaluna|91\/100|[from] item: Life Orb\n|move|p1a: Okidogi|Snarl|p2b: Chi-Yu\n|-supereffective|p2b: Chi-Yu\n|-damage|p2b: Chi-Yu|72\/100\n|-unboost|p2b: Chi-Yu|spa|1\n|move|p2b: Chi-Yu|Heat Wave|p1a: Okidogi|[spread] p1a,p1b\n|-damage|p1a: Okidogi|15\/100 brn\n|-damage|p1b: Ursaluna|45\/100\n|\n|-damage|p1a: Okidogi|9\/100 brn|[from] brn\n|upkeep\n|\n|t:|1699920496\n|switch|p2a: Iron Bundle|Iron Bundle, L50|100\/100\n|turn|6\n|\n|t:|1699920506\n|move|p2a: Iron Bundle|Protect|p2a: Iron Bundle\n|-singleturn|p2a: Iron Bundle|Protect\n|move|p1b: Ursaluna|Earth Power|p2b: Chi-Yu\n|-crit|p2b: Chi-Yu\n|-damage|p2b: Chi-Yu|0 fnt\n|faint|p2b: Chi-Yu\n|-damage|p1b: Ursaluna|36\/100|[from] item: Life Orb\n|move|p1a: Okidogi|Snarl|p2a: Iron Bundle\n|-activate|p2a: Iron Bundle|move: Protect\n|\n|-damage|p1a: Okidogi|3\/100 brn|[from] brn\n|-fieldend|move: Trick Room\n|upkeep\n|turn|7\n|inactive|bobforte22 has 30 seconds left.\n|\n|t:|1699920533\n|move|p2a: Iron Bundle|Freeze-Dry|p1b: Ursaluna\n|-supereffective|p1b: Ursaluna\n|-damage|p1b: Ursaluna|0 fnt\n|faint|p1b: Ursaluna\n|move|p1a: Okidogi|Brick Break|p2a: Iron Bundle\n|-supereffective|p2a: Iron Bundle\n|-damage|p2a: Iron Bundle|64\/100\n|\n|-damage|p1a: Okidogi|0 fnt|[from] brn\n|faint|p1a: Okidogi\n|\n|win|bobforte22\n|upkeep\n|n|\u2606FlamtapShuckle|flamtapshuckle\n|n|\u2606bobforte22|bobforte22\n|l|\u2606FlamtapShuckle\n|c|\u2606bobforte22|Gg\n","uploadtime":1699920547,"views":17,"p1id":"flamtapshuckle","p2id":"bobforte22","formatid":"gen9vgc2023regulatione","rating":0,"private":0,"password":""}