{"id":"gen9vgc2023regulatione-1995043810","p1":"cicibi","p2":"Doc Positive","format":"[Gen 9] VGC 2023 Regulation E","log":"|j|\u2606cicibi\n|j|\u2606Doc Positive\n|t:|1700516511\n|gametype|doubles\n|player|p1|cicibi|policeman|1081\n|player|p2|Doc Positive|cyrus|1164\n|teamsize|p1|6\n|teamsize|p2|6\n|gen|9\n|tier|[Gen 9] VGC 2023 Regulation E\n|rated|\n|rule|Species Clause: Limit one of each Pok\u00e9mon\n|rule|Item Clause: Limit one of each item\n|clearpoke\n|poke|p1|Cresselia, L50, F|\n|poke|p1|Dondozo, L50, F|\n|poke|p1|Iron Hands, L50|\n|poke|p1|Klefki, L50, M|\n|poke|p1|Sinistcha, L50|\n|poke|p1|Ting-Lu, L50|\n|poke|p2|Cresselia, L50, F|\n|poke|p2|Ursaluna-Bloodmoon, L50, M|\n|poke|p2|Iron Hands, L50|\n|poke|p2|Ogerpon-Wellspring, L50, F|\n|poke|p2|Arcanine-Hisui, L50, F|\n|poke|p2|Flutter Mane, L50|\n|teampreview|4\n|inactive|Battle timer is ON: inactive players will automatically lose when time's up. (requested by cicibi)\nDoc Positive rejected open team sheets.\n|inactive|cicibi has 60 seconds left.\n|\n|t:|1700516559\n|start\n|switch|p1a: Klefki|Klefki, L50, M|100\/100\n|switch|p1b: Ting-Lu|Ting-Lu, L50|100\/100\n|switch|p2a: Ogerpon|Ogerpon-Wellspring, L50, F|100\/100\n|switch|p2b: Flutter Mane|Flutter Mane, L50|100\/100\n|-ability|p1b: Ting-Lu|Vessel of Ruin\n|-enditem|p2b: Flutter Mane|Booster Energy\n|-activate|p2b: Flutter Mane|ability: Protosynthesis|[fromitem]\n|-start|p2b: Flutter Mane|protosynthesisspa\n|turn|1\n|inactive|cicibi has 30 seconds left.\n|inactive|Doc Positive has 30 seconds left.\n|inactive|cicibi has 20 seconds left.\n|\n|t:|1700516595\n|-terastallize|p2a: Ogerpon|Water\n|detailschange|p2a: Ogerpon|Ogerpon-Wellspring-Tera, L50, F, tera:Water\n|-ability|p2a: Ogerpon|Embody Aspect (Wellspring)|boost\n|-boost|p2a: Ogerpon|spd|1\n|-terastallize|p1b: Ting-Lu|Poison\n|move|p1a: Klefki|Light Screen|p1a: Klefki\n|-sidestart|p1: cicibi|move: Light Screen\n|move|p2b: Flutter Mane|Dazzling Gleam|p1b: Ting-Lu|[spread] p1a,p1b\n|-resisted|p1a: Klefki\n|-crit|p1a: Klefki\n|-resisted|p1b: Ting-Lu\n|-damage|p1a: Klefki|75\/100\n|-damage|p1b: Ting-Lu|96\/100\n|move|p2a: Ogerpon|Ivy Cudgel|p1b: Ting-Lu|[anim] Ivy Cudgel Water\n|-damage|p1b: Ting-Lu|57\/100\n|move|p1b: Ting-Lu|Ruination|p2a: Ogerpon\n|-damage|p2a: Ogerpon|51\/100\n|\n|upkeep\n|turn|2\n|inactive|Doc Positive has 30 seconds left.\n|\n|t:|1700516625\n|move|p1a: Klefki|Thunder Wave|p2a: Ogerpon\n|-status|p2a: Ogerpon|par\n|move|p2b: Flutter Mane|Shadow Ball|p1b: Ting-Lu\n|-damage|p1b: Ting-Lu|44\/100\n|move|p2a: Ogerpon|Ivy Cudgel|p1b: Ting-Lu|[anim] Ivy Cudgel Water\n|-damage|p1b: Ting-Lu|5\/100\n|move|p1b: Ting-Lu|Heavy Slam|p2b: Flutter Mane\n|-supereffective|p2b: Flutter Mane\n|-damage|p2b: Flutter Mane|16\/100\n|\n|upkeep\n|turn|3\n|inactive|cicibi has 30 seconds left.\n|inactive|cicibi has 20 seconds left.\n|inactive|cicibi has 15 seconds left.\n|\n|t:|1700516667\n|move|p2b: Flutter Mane|Dazzling Gleam|p1b: Ting-Lu|[spread] p1a,p1b\n|-resisted|p1a: Klefki\n|-resisted|p1b: Ting-Lu\n|-damage|p1a: Klefki|63\/100\n|-damage|p1b: Ting-Lu|0 fnt\n|faint|p1b: Ting-Lu\n|move|p1a: Klefki|Dazzling Gleam|p2a: Ogerpon|[spread] p2a,p2b\n|-damage|p2a: Ogerpon|39\/100 par\n|-damage|p2b: Flutter Mane|0 fnt\n|faint|p2b: Flutter Mane\n|-end|p2b: Flutter Mane|Protosynthesis|[silent]\n|move|p2a: Ogerpon|Ivy Cudgel|p1a: Klefki|[anim] Ivy Cudgel Water\n|-damage|p1a: Klefki|0 fnt\n|faint|p1a: Klefki\n|\n|upkeep\n|\n|t:|1700516683\n|switch|p2b: Iron Hands|Iron Hands, L50|100\/100\n|switch|p1a: Sinistcha|Sinistcha, L50|100\/100\n|switch|p1b: Dondozo|Dondozo, L50, F|100\/100\n|turn|4\n|\n|t:|1700516699\n|move|p1b: Dondozo|Protect|p1b: Dondozo\n|-singleturn|p1b: Dondozo|Protect\n|move|p2b: Iron Hands|Fake Out|p1a: Sinistcha\n|-immune|p1a: Sinistcha\n|move|p1a: Sinistcha|Matcha Gotcha|p2b: Iron Hands|[spread] p2a,p2b\n|-supereffective|p2a: Ogerpon\n|-damage|p2a: Ogerpon|0 fnt\n|-damage|p2b: Iron Hands|88\/100\n|faint|p2a: Ogerpon\n|\n|upkeep\n|c|\u2606Doc Positive|lol i'm an idiot XD\n|\n|t:|1700516710\n|switch|p2a: Arcanine|Arcanine-Hisui, L50, F|100\/100\n|-ability|p2a: Arcanine|Intimidate|boost\n|-unboost|p1a: Sinistcha|atk|1\n|-unboost|p1b: Dondozo|atk|1\n|turn|5\n|inactive|cicibi has 30 seconds left.\n|\n|t:|1700516745\n|move|p2a: Arcanine|Flare Blitz|p1a: Sinistcha\n|-supereffective|p1a: Sinistcha\n|-damage|p1a: Sinistcha|55\/100\n|-damage|p2a: Arcanine|84\/100|[from] item: Rocky Helmet|[of] p1a: Sinistcha\n|-damage|p2a: Arcanine|71\/100|[from] Recoil\n|move|p1a: Sinistcha|Strength Sap|p2a: Arcanine\n|-unboost|p2a: Arcanine|atk|1\n|-heal|p1a: Sinistcha|100\/100\n|move|p2b: Iron Hands|Wild Charge|p1b: Dondozo\n|-supereffective|p1b: Dondozo\n|-damage|p1b: Dondozo|42\/100\n|-damage|p2b: Iron Hands|72\/100|[from] Recoil\n|move|p1b: Dondozo|Yawn|p2b: Iron Hands\n|-start|p2b: Iron Hands|move: Yawn|[of] p1b: Dondozo\n|\n|-heal|p1b: Dondozo|48\/100|[from] item: Leftovers\n|upkeep\n|turn|6\n|\n|t:|1700516770\n|move|p2a: Arcanine|Protect|p2a: Arcanine\n|-singleturn|p2a: Arcanine|Protect\n|move|p1b: Dondozo|Protect|p1b: Dondozo\n|-singleturn|p1b: Dondozo|Protect\n|move|p1a: Sinistcha|Calm Mind|p1a: Sinistcha\n|-boost|p1a: Sinistcha|spa|1\n|-boost|p1a: Sinistcha|spd|1\n|move|p2b: Iron Hands|Heavy Slam|p1a: Sinistcha\n|-damage|p1a: Sinistcha|59\/100\n|-damage|p2b: Iron Hands|55\/100|[from] item: Rocky Helmet|[of] p1a: Sinistcha\n|\n|-heal|p1b: Dondozo|54\/100|[from] item: Leftovers\n|-end|p2b: Iron Hands|move: Yawn|[silent]\n|-status|p2b: Iron Hands|slp\n|upkeep\n|turn|7\n|\n|t:|1700516791\n|move|p2a: Arcanine|Rock Slide|p1a: Sinistcha|[spread] p1a,p1b\n|-damage|p1a: Sinistcha|43\/100\n|-damage|p1b: Dondozo|38\/100\n|move|p1a: Sinistcha|Strength Sap|p2b: Iron Hands\n|-unboost|p2b: Iron Hands|atk|1\n|-heal|p1a: Sinistcha|100\/100\n|cant|p2b: Iron Hands|slp\n|move|p1b: Dondozo|Wave Crash|p2a: Arcanine\n|-supereffective|p2a: Arcanine\n|-damage|p2a: Arcanine|0 fnt\n|faint|p2a: Arcanine\n|-damage|p1b: Dondozo|19\/100|[from] Recoil\n|\n|-heal|p1b: Dondozo|25\/100|[from] item: Leftovers\n|upkeep\n|turn|8\n|-message|Doc Positive forfeited.\n|\n|win|cicibi\n|raw|cicibi's rating: 1081 &rarr; <strong>1115<\/strong><br \/>(+34 for winning)\n|raw|Doc Positive's rating: 1164 &rarr; <strong>1133<\/strong><br \/>(-31 for losing)\n|l|\u2606Doc Positive\n","uploadtime":1700516824,"views":20,"p1id":"cicibi","p2id":"docpositive","formatid":"gen9vgc2023regulatione","rating":1115,"private":0,"password":""}