{"id":"gen9vgc2023regulatione-1991338641","p1":"A01562026","p2":"chulomalo","format":"[Gen 9] VGC 2023 Regulation E","log":"|j|\u2606A01562026\n|j|\u2606chulomalo\n|t:|1700068863\n|gametype|doubles\n|player|p1|A01562026|169|1608\n|player|p2|chulomalo|170|1565\n|teamsize|p1|6\n|teamsize|p2|6\n|gen|9\n|tier|[Gen 9] VGC 2023 Regulation E\n|rated|\n|rule|Species Clause: Limit one of each Pok\u00e9mon\n|rule|Item Clause: Limit one of each item\n|clearpoke\n|poke|p1|Grimmsnarl, L50, M|\n|poke|p1|Moltres-Galar, L50|\n|poke|p1|Sinistcha-Masterpiece, L50|\n|poke|p1|Gyarados, L50, F|\n|poke|p1|Clodsire, L50, M|\n|poke|p1|Annihilape, L50, M|\n|poke|p2|Flutter Mane, L50|\n|poke|p2|Tornadus, L50, M|\n|poke|p2|Urshifu-*, L50, F|\n|poke|p2|Arcanine-Hisui, L50, F|\n|poke|p2|Chien-Pao, L50|\n|poke|p2|Rillaboom, L50, M|\n|teampreview|4\n|\n|t:|1700068884\n|start\n|switch|p1a: Grimmsnarl|Grimmsnarl, L50, M|100\/100\n|switch|p1b: Moltres|Moltres-Galar, L50|100\/100\n|switch|p2a: Tornadus|Tornadus, L50, M|100\/100\n|switch|p2b: Urshifu|Urshifu-Rapid-Strike, L50, F|100\/100\n|turn|1\n|j| Playsterco\n|j| neusrel\n|\n|t:|1700068930\n|switch|p1b: Gyarados|Gyarados, L50, F, shiny|100\/100\n|-ability|p1b: Gyarados|Intimidate|boost\n|-unboost|p2a: Tornadus|atk|1\n|-unboost|p2b: Urshifu|atk|1\n|move|p2b: Urshifu|Detect|p2b: Urshifu\n|-singleturn|p2b: Urshifu|Protect\n|move|p2a: Tornadus|Rain Dance|p2a: Tornadus\n|-weather|RainDance\n|move|p1a: Grimmsnarl|Parting Shot|p2b: Urshifu\n|-activate|p2b: Urshifu|move: Protect\n|\n|-weather|RainDance|[upkeep]\n|upkeep\n|turn|2\n|\n|t:|1700068947\n|-terastallize|p2b: Urshifu|Water\n|move|p2a: Tornadus|Taunt|p1b: Gyarados\n|-start|p1b: Gyarados|move: Taunt\n|move|p1a: Grimmsnarl|Parting Shot|p2a: Tornadus\n|-unboost|p2a: Tornadus|atk|1\n|-unboost|p2a: Tornadus|spa|1\n|\n|t:|1700068955\n|switch|p1a: Clodsire|Clodsire, L50, M|100\/100|[from] Parting Shot\n|move|p2b: Urshifu|Surging Strikes|p1a: Clodsire\n|-immune|p1a: Clodsire|[from] ability: Water Absorb\n|move|p1b: Gyarados|Waterfall|p2a: Tornadus\n|-damage|p2a: Tornadus|22\/100\n|-damage|p1b: Gyarados|84\/100|[from] item: Rocky Helmet|[of] p2a: Tornadus\n|\n|-weather|RainDance|[upkeep]\n|upkeep\n|turn|3\n|\n|t:|1700068984\n|move|p2a: Tornadus|Tailwind|p2a: Tornadus\n|-sidestart|p2: chulomalo|move: Tailwind\n|move|p2b: Urshifu|Surging Strikes|p1b: Gyarados\n|-resisted|p1b: Gyarados\n|-crit|p1b: Gyarados\n|-damage|p1b: Gyarados|59\/100\n|-resisted|p1b: Gyarados\n|-crit|p1b: Gyarados\n|-damage|p1b: Gyarados|31\/100\n|-resisted|p1b: Gyarados\n|-crit|p1b: Gyarados\n|-damage|p1b: Gyarados|4\/100\n|-hitcount|p1b: Gyarados|3\n|move|p1b: Gyarados|Waterfall|p2a: Tornadus\n|-damage|p2a: Tornadus|0 fnt\n|-damage|p1b: Gyarados|0 fnt|[from] item: Rocky Helmet|[of] p2a: Tornadus\n|faint|p2a: Tornadus\n|faint|p1b: Gyarados\n|move|p1a: Clodsire|Toxic|p2b: Urshifu\n|-status|p2b: Urshifu|tox\n|\n|-weather|RainDance|[upkeep]\n|-damage|p2b: Urshifu|95\/100 tox|[from] psn\n|upkeep\n|\n|t:|1700069004\n|switch|p2a: Chien-Pao|Chien-Pao, L50|100\/100\n|switch|p1b: Grimmsnarl|Grimmsnarl, L50, M|100\/100\n|-ability|p2a: Chien-Pao|Sword of Ruin\n|turn|4\n|\n|t:|1700069030\n|move|p1b: Grimmsnarl|Reflect|p1b: Grimmsnarl\n|-sidestart|p1: A01562026|Reflect\n|move|p2a: Chien-Pao|Icicle Crash|p1a: Clodsire|[miss]\n|-miss|p2a: Chien-Pao|p1a: Clodsire\n|move|p2b: Urshifu|Surging Strikes|p1b: Grimmsnarl\n|-crit|p1b: Grimmsnarl\n|-damage|p1b: Grimmsnarl|35\/100\n|-crit|p1b: Grimmsnarl\n|-damage|p1b: Grimmsnarl|0 fnt\n|faint|p1b: Grimmsnarl\n|-hitcount|p1: Grimmsnarl|2\n|move|p1a: Clodsire|Earthquake|p2b: Urshifu|[spread] p2a,p2b\n|-crit|p2a: Chien-Pao\n|-damage|p2a: Chien-Pao|60\/100\n|-damage|p2b: Urshifu|71\/100 tox\n|\n|-weather|RainDance|[upkeep]\n|-damage|p2b: Urshifu|59\/100 tox|[from] psn\n|upkeep\n|\n|t:|1700069046\n|switch|p1b: Moltres|Moltres-Galar, L50|100\/100\n|turn|5\n|\n|t:|1700069064\n|move|p2a: Chien-Pao|Icicle Crash|p1a: Clodsire\n|-supereffective|p1a: Clodsire\n|-damage|p1a: Clodsire|24\/100\n|move|p2b: Urshifu|Surging Strikes|p1b: Moltres\n|-crit|p1b: Moltres\n|-damage|p1b: Moltres|39\/100\n|-enditem|p1b: Moltres|Sitrus Berry|[eat]\n|-heal|p1b: Moltres|63\/100|[from] item: Sitrus Berry\n|-crit|p1b: Moltres\n|-damage|p1b: Moltres|0 fnt\n|faint|p1b: Moltres\n|-hitcount|p1: Moltres|2\n|move|p1a: Clodsire|Earthquake|p2b: Urshifu|[spread] p2a,p2b\n|-damage|p2a: Chien-Pao|34\/100\n|-damage|p2b: Urshifu|35\/100 tox\n|\n|-weather|none\n|-heal|p1a: Clodsire|30\/100|[from] item: Black Sludge\n|-damage|p2b: Urshifu|17\/100 tox|[from] psn\n|upkeep\n|turn|6\n|l|\u2606A01562026\n|player|p1|\n|inactive|Battle timer is ON: inactive players will automatically lose when time's up. (requested by chulomalo)\n|inactive|A01562026 has 30 seconds to reconnect!\n|j| pusslicking\n|inactive|A01562026 has 20 seconds to reconnect!\n|inactive|A01562026 has 15 seconds to reconnect!\n|inactive|A01562026 has 10 seconds to reconnect!\n|inactive|A01562026 has 5 seconds to reconnect!\n|-message|A01562026 lost due to inactivity.\n|\n|win|chulomalo\n|raw|A01562026's rating: 1608 &rarr; <strong>1586<\/strong><br \/>(-22 for losing)\n|raw|chulomalo's rating: 1565 &rarr; <strong>1587<\/strong><br \/>(+22 for winning)\n|l|\u2606chulomalo\n|l| pusslicking\n","uploadtime":1700069482,"views":16,"p1id":"a01562026","p2id":"chulomalo","formatid":"gen9vgc2023regulatione","rating":1586,"private":0,"password":""}