{"id":"gen9vgc2023regulatione-1998045430","p1":"Juanber13","p2":"wholesomeisland","format":"[Gen 9] VGC 2023 Regulation E","log":"|j|\u2606Juanber13\n|j|\u2606wholesomeisland\n|t:|1700883146\n|gametype|doubles\n|player|p1|Juanber13|1|1043\n|player|p2|wholesomeisland|1|1098\n|teamsize|p1|6\n|teamsize|p2|6\n|gen|9\n|tier|[Gen 9] VGC 2023 Regulation E\n|rated|\n|rule|Species Clause: Limit one of each Pok\u00e9mon\n|rule|Item Clause: Limit one of each item\n|clearpoke\n|poke|p1|Lilligant-Hisui, L50, F|\n|poke|p1|Torkoal, L50, M|\n|poke|p1|Tinkaton, L50, F|\n|poke|p1|Goodra, L50, F|\n|poke|p1|Ogerpon-Hearthflame, L50, F|\n|poke|p1|Clefable, L50, F|\n|poke|p2|Iron Valiant, L50|\n|poke|p2|Arcanine, L50, F|\n|poke|p2|Empoleon, L50, F|\n|poke|p2|Klefki, L50, M|\n|poke|p2|Roaring Moon, L50|\n|poke|p2|Tornadus, L50, M|\n|teampreview|4\nwholesomeisland has agreed to open team sheets.\n|inactive|Battle timer is ON: inactive players will automatically lose when time's up. (requested by wholesomeisland)\n|inactive|Juanber13 has 60 seconds left.\n|inactive|wholesomeisland has 60 seconds left.\n|\n|t:|1700883191\n|start\n|switch|p1a: Goodra|Goodra, L50, F, shiny|100\/100\n|switch|p1b: Ogerpon|Ogerpon-Hearthflame, L50, F|100\/100\n|switch|p2a: Klefki|Klefki, L50, M|100\/100\n|switch|p2b: Arcanine|Arcanine, L50, F, shiny|100\/100\n|-ability|p1b: Ogerpon|Mold Breaker\n|-ability|p2b: Arcanine|Intimidate|boost\n|-unboost|p1a: Goodra|atk|1\n|-unboost|p1b: Ogerpon|atk|1\n|turn|1\n|inactive|Juanber13 has 30 seconds left.\n|inactive|wholesomeisland has 30 seconds left.\n|\n|t:|1700883220\n|switch|p2b: Empoleon|Empoleon, L50, F|100\/100\n|move|p2a: Klefki|Thunder Wave|p1b: Ogerpon\n|-status|p1b: Ogerpon|par\n|move|p1a: Goodra|Hydro Pump|p2b: Empoleon|[miss]\n|-miss|p1a: Goodra|p2b: Empoleon\n|move|p1b: Ogerpon|Ivy Cudgel|p2a: Klefki|[anim] Ivy Cudgel Fire\n|-supereffective|p2a: Klefki\n|-damage|p2a: Klefki|35\/100\n|\n|upkeep\n|turn|2\n|inactive|Juanber13 has 30 seconds left.\n|\n|t:|1700883254\n|move|p2a: Klefki|Reflect|p2a: Klefki\n|-sidestart|p2: wholesomeisland|Reflect\n|move|p1a: Goodra|Fire Blast|p2a: Klefki|[miss]\n|-miss|p1a: Goodra|p2a: Klefki\n|move|p1b: Ogerpon|Horn Leech|p2b: Empoleon\n|-damage|p2b: Empoleon|83\/100\n|move|p2b: Empoleon|Ice Beam|p1a: Goodra\n|-supereffective|p1a: Goodra\n|-damage|p1a: Goodra|60\/100\n|\n|upkeep\n|turn|3\n|inactive|Juanber13 has 30 seconds left.\n|inactive|Juanber13 has 20 seconds left.\n|inactive|Juanber13 has 15 seconds left.\n|inactive|Juanber13 has 10 seconds left.\n|\n|t:|1700883303\n|move|p2a: Klefki|Light Screen|p2a: Klefki\n|-sidestart|p2: wholesomeisland|move: Light Screen\n|move|p1a: Goodra|Fire Blast|p2a: Klefki\n|-supereffective|p2a: Klefki\n|-damage|p2a: Klefki|0 fnt\n|faint|p2a: Klefki\n|cant|p1b: Ogerpon|par\n|move|p2b: Empoleon|Ice Beam|p1a: Goodra\n|-supereffective|p1a: Goodra\n|-damage|p1a: Goodra|15\/100\n|\n|upkeep\n|\n|t:|1700883320\n|switch|p2a: Arcanine|Arcanine, L50, F, shiny|100\/100\n|-ability|p2a: Arcanine|Intimidate|boost\n|-unboost|p1a: Goodra|atk|1\n|-unboost|p1b: Ogerpon|atk|1\n|turn|4\n|inactive|Juanber13 has 30 seconds left.\n|inactive|wholesomeisland has 30 seconds left.\n|\n|t:|1700883359\n|-terastallize|p2b: Empoleon|Water\n|move|p1a: Goodra|Protect|p1a: Goodra\n|-singleturn|p1a: Goodra|Protect\n|move|p2a: Arcanine|Extreme Speed|p1b: Ogerpon\n|-damage|p1b: Ogerpon|62\/100 par\n|move|p1b: Ogerpon|U-turn|p2a: Arcanine\n|-resisted|p2a: Arcanine\n|-damage|p2a: Arcanine|95\/100\n|\n|t:|1700883370\n|switch|p1b: Torkoal|Torkoal, L50, M|100\/100|[from] U-turn\n|-weather|SunnyDay|[from] ability: Drought|[of] p1b: Torkoal\n|move|p2b: Empoleon|Ice Beam|p1a: Goodra\n|-activate|p1a: Goodra|move: Protect\n|\n|-weather|SunnyDay|[upkeep]\n|upkeep\n|turn|5\n|inactive|Juanber13 has 30 seconds left.\n|inactive|Juanber13 has 20 seconds left.\n|inactive|Juanber13 has 15 seconds left.\n|\n|t:|1700883413\n|move|p2a: Arcanine|Extreme Speed|p1a: Goodra\n|-damage|p1a: Goodra|0 fnt\n|-ability|p1a: Goodra|Gooey\n|-unboost|p2a: Arcanine|spe|1\n|faint|p1a: Goodra\n|move|p2b: Empoleon|Hydro Pump|p1b: Torkoal\n|-supereffective|p1b: Torkoal\n|-damage|p1b: Torkoal|19\/100\n|move|p1b: Torkoal|Earth Power|p2a: Arcanine\n|-supereffective|p2a: Arcanine\n|-damage|p2a: Arcanine|59\/100\n|-unboost|p2a: Arcanine|spd|1\n|\n|-weather|SunnyDay|[upkeep]\n|-heal|p1b: Torkoal|25\/100|[from] item: Leftovers\n|upkeep\n|\n|t:|1700883432\n|switch|p1a: Lilligant|Lilligant-Hisui, L50, F|100\/100\n|turn|6\n|\n|t:|1700883448\n|move|p1b: Torkoal|Helping Hand|p1a: Lilligant\n|-singleturn|p1a: Lilligant|Helping Hand|[of] p1b: Torkoal\n|move|p2a: Arcanine|Extreme Speed|p1b: Torkoal\n|-damage|p1b: Torkoal|2\/100\n|move|p1a: Lilligant|Solar Blade||[still]\n|-prepare|p1a: Lilligant|Solar Blade\n|-anim|p1a: Lilligant|Solar Blade|p2b: Empoleon\n|-supereffective|p2b: Empoleon\n|-damage|p2b: Empoleon|0 fnt\n|faint|p2b: Empoleon\n|\n|-weather|SunnyDay|[upkeep]\n|-heal|p1b: Torkoal|8\/100|[from] item: Leftovers\n|upkeep\n|\n|t:|1700883459\n|switch|p2b: Roaring Moon|Roaring Moon, L50|100\/100\n|-activate|p2b: Roaring Moon|ability: Protosynthesis\n|-start|p2b: Roaring Moon|protosynthesisspe\n|turn|7\n|inactive|Juanber13 has 30 seconds left.\n|inactive|wholesomeisland has 30 seconds left.\n|inactive|Juanber13 has 20 seconds left.\n|inactive|Juanber13 has 15 seconds left.\n|inactive|Juanber13 has 10 seconds left.\n|inactive|Juanber13 has 5 seconds left.\n|\n|t:|1700883513\n|-terastallize|p1a: Lilligant|Fighting\n|move|p1b: Torkoal|Helping Hand|p1a: Lilligant\n|-singleturn|p1a: Lilligant|Helping Hand|[of] p1b: Torkoal\n|move|p2b: Roaring Moon|Protect|p2b: Roaring Moon\n|-singleturn|p2b: Roaring Moon|Protect\n|move|p1a: Lilligant|Close Combat|p2b: Roaring Moon\n|-activate|p2b: Roaring Moon|move: Protect\n|move|p2a: Arcanine|Flare Blitz|p1a: Lilligant\n|-enditem|p1a: Lilligant|Focus Sash\n|-damage|p1a: Lilligant|1\/100\n|-damage|p2a: Arcanine|35\/100|[from] Recoil\n|\n|-weather|SunnyDay|[upkeep]\n|-heal|p1b: Torkoal|15\/100|[from] item: Leftovers\n|upkeep\n|turn|8\n|inactive|Juanber13 has 30 seconds left.\n|\n|t:|1700883546\n|move|p1b: Torkoal|Protect|p1b: Torkoal\n|-singleturn|p1b: Torkoal|Protect\n|move|p2a: Arcanine|Extreme Speed|p1b: Torkoal\n|-activate|p1b: Torkoal|move: Protect\n|move|p1a: Lilligant|Close Combat|p2b: Roaring Moon\n|-supereffective|p2b: Roaring Moon\n|-damage|p2b: Roaring Moon|0 fnt\n|-unboost|p1a: Lilligant|def|1\n|-unboost|p1a: Lilligant|spd|1\n|faint|p2b: Roaring Moon\n|-end|p2b: Roaring Moon|Protosynthesis|[silent]\n|\n|-weather|none\n|-heal|p1b: Torkoal|21\/100|[from] item: Leftovers\n|upkeep\n|turn|9\n|inactive|Juanber13 has 30 seconds left.\n|inactive|Juanber13 has 20 seconds left.\n|\n|t:|1700883584\n|move|p1b: Torkoal|Protect|p1b: Torkoal\n|-singleturn|p1b: Torkoal|Protect\n|move|p2a: Arcanine|Extreme Speed|p1b: Torkoal\n|-activate|p1b: Torkoal|move: Protect\n|move|p1a: Lilligant|Close Combat|p2a: Arcanine\n|-damage|p2a: Arcanine|0 fnt\n|-unboost|p1a: Lilligant|def|1\n|-unboost|p1a: Lilligant|spd|1\n|faint|p2a: Arcanine\n|\n|win|Juanber13\n|raw|Juanber13's rating: 1043 &rarr; <strong>1082<\/strong><br \/>(+39 for winning)\n|raw|wholesomeisland's rating: 1098 &rarr; <strong>1069<\/strong><br \/>(-29 for losing)\n|l|\u2606wholesomeisland\n","uploadtime":1700883599,"views":2,"p1id":"juanber13","p2id":"wholesomeisland","formatid":"gen9vgc2023regulatione","rating":1069,"private":0,"password":""}