{"id":"gen9vgc2023regulatione-1993688136","p1":"Mortipherus","p2":"Onassi2","format":"[Gen 9] VGC 2023 Regulation E","log":"|j|\u2606Mortipherus\n|j|\u2606Onassi2\n|t:|1700345704\n|gametype|doubles\n|player|p1|Mortipherus|biker-gen4|1283\n|player|p2|Onassi2|lance|1318\n|teamsize|p1|6\n|teamsize|p2|6\n|gen|9\n|tier|[Gen 9] VGC 2023 Regulation E\n|rated|\n|rule|Species Clause: Limit one of each Pok\u00e9mon\n|rule|Item Clause: Limit one of each item\n|clearpoke\n|poke|p1|Ursaluna-Bloodmoon, L50, M|\n|poke|p1|Iron Hands, L50|\n|poke|p1|Flutter Mane, L50|\n|poke|p1|Ogerpon-Cornerstone, L50, F|\n|poke|p1|Farigiraf, L50, M|\n|poke|p1|Urshifu-*, L50, F|\n|poke|p2|Zoroark-Hisui, L50, M|\n|poke|p2|Tornadus, L50, M|\n|poke|p2|Urshifu-*, L50, F|\n|poke|p2|Gholdengo, L50|\n|poke|p2|Ogerpon-Wellspring, L50, F|\n|poke|p2|Kingambit, L50, F|\n|teampreview|4\n|inactive|Battle timer is ON: inactive players will automatically lose when time's up. (requested by Mortipherus)\nMortipherus has agreed to open team sheets.\n|\n|t:|1700345755\n|start\n|switch|p1a: Urshifu|Urshifu, L50, F|100\/100\n|switch|p1b: Farigiraf|Farigiraf, L50, M|100\/100\n|switch|p2a: Urshifu|Urshifu-Rapid-Strike, L50, F|100\/100\n|switch|p2b: Tornadus|Tornadus, L50, M|100\/100\n|turn|1\n|\n|t:|1700345777\n|-terastallize|p1a: Urshifu|Poison\n|move|p2a: Urshifu|Will-O-Wisp|p1a: Urshifu\n|-status|p1a: Urshifu|brn\n|move|p1a: Urshifu|Wicked Blow|p2b: Tornadus\n|-crit|p2b: Tornadus\n|-damage|p2b: Tornadus|63\/100\n|move|p2b: Tornadus|Bleakwind Storm|p1a: Urshifu|[spread] p1a,p1b\n|-damage|p1a: Urshifu|57\/100 brn\n|-damage|p1b: Farigiraf|67\/100\n|move|p1b: Farigiraf|Trick Room|p1b: Farigiraf\n|-fieldstart|move: Trick Room|[of] p1b: Farigiraf\n|\n|-damage|p1a: Urshifu|51\/100 brn|[from] brn\n|upkeep\n|turn|2\n|\n|t:|1700345799\n|move|p1b: Farigiraf|Helping Hand|p1a: Urshifu\n|-singleturn|p1a: Urshifu|Helping Hand|[of] p1b: Farigiraf\n|move|p2b: Tornadus|Bleakwind Storm|p1b: Farigiraf|[spread] p1a\n|-miss|p2b: Tornadus|p1b: Farigiraf\n|-damage|p1a: Urshifu|8\/100 brn\n|move|p1a: Urshifu|Wicked Blow|p2a: Urshifu\n|-supereffective|p2a: Urshifu\n|-crit|p2a: Urshifu\n|-enditem|p2a: Urshifu|Focus Sash\n|-damage|p2a: Urshifu|1\/100\n|replace|p2a: Zoroark|Zoroark-Hisui, L50, M, shiny\n|-end|p2a: Zoroark|Illusion\n|move|p2a: Zoroark|Snarl|p1a: Urshifu|[spread] p1a,p1b\n|-supereffective|p1b: Farigiraf\n|-damage|p1a: Urshifu|0 fnt\n|-damage|p1b: Farigiraf|35\/100\n|-unboost|p1b: Farigiraf|spa|1\n|-enditem|p1b: Farigiraf|Sitrus Berry|[eat]\n|-heal|p1b: Farigiraf|59\/100|[from] item: Sitrus Berry\n|faint|p1a: Urshifu\n|\n|upkeep\n|\n|t:|1700345819\n|switch|p1a: Ursaluna|Ursaluna-Bloodmoon, L50, M|100\/100\n|turn|3\n|\n|t:|1700345827\n|move|p1b: Farigiraf|Helping Hand|p1a: Ursaluna\n|-singleturn|p1a: Ursaluna|Helping Hand|[of] p1b: Farigiraf\n|move|p2b: Tornadus|Rain Dance|p2b: Tornadus\n|-weather|RainDance\n|move|p1a: Ursaluna|Hyper Voice|p2b: Tornadus|[spread] p2a,p2b\n|-damage|p2a: Zoroark|0 fnt\n|-damage|p2b: Tornadus|0 fnt\n|faint|p2a: Zoroark\n|faint|p2b: Tornadus\n|-damage|p1a: Ursaluna|91\/100|[from] item: Life Orb\n|\n|-weather|RainDance|[upkeep]\n|upkeep\n|\n|t:|1700345832\n|switch|p2b: Urshifu|Urshifu-Rapid-Strike, L50, F|100\/100\n|switch|p2a: Kingambit|Kingambit, L50, F|100\/100\n|turn|4\n|inactive|Mortipherus has 30 seconds left.\n|\n|t:|1700345865\n|move|p2a: Kingambit|Kowtow Cleave|p1b: Farigiraf\n|-supereffective|p1b: Farigiraf\n|-damage|p1b: Farigiraf|0 fnt\n|faint|p1b: Farigiraf\n|move|p1a: Ursaluna|Blood Moon|p2b: Urshifu\n|-damage|p2b: Urshifu|0 fnt\n|faint|p2b: Urshifu\n|-damage|p1a: Ursaluna|81\/100|[from] item: Life Orb\n|\n|-weather|RainDance|[upkeep]\n|upkeep\n|\n|t:|1700345877\n|switch|p1b: Iron Hands|Iron Hands, L50|100\/100\n|turn|5\n|\n|t:|1700345883\n|-terastallize|p2a: Kingambit|Dark\n|move|p1b: Iron Hands|Fake Out|p2a: Kingambit\n|-damage|p2a: Kingambit|89\/100\n|cant|p2a: Kingambit|flinch\n|move|p1a: Ursaluna|Earth Power|p2a: Kingambit\n|-damage|p2a: Kingambit|32\/100\n|-damage|p1a: Ursaluna|72\/100|[from] item: Life Orb\n|\n|-weather|RainDance|[upkeep]\n|-fieldend|move: Trick Room\n|upkeep\n|turn|6\n|-message|Onassi2 forfeited.\n|\n|win|Mortipherus\n|raw|Mortipherus's rating: 1283 &rarr; <strong>1311<\/strong><br \/>(+28 for winning)\n|raw|Onassi2's rating: 1318 &rarr; <strong>1296<\/strong><br \/>(-22 for losing)\n|l|\u2606Onassi2\n","uploadtime":1700345906,"views":18,"p1id":"mortipherus","p2id":"onassi2","formatid":"gen9vgc2023regulatione","rating":1296,"private":0,"password":""}