{"id":"gen9vgc2023regulatione-1990823105","p1":"CharlienoB","p2":"garypoooo","format":"[Gen 9] VGC 2023 Regulation E","log":"|j|\u2606CharlienoB\n|j|\u2606garypoooo\n|t:|1700004474\n|gametype|doubles\n|player|p1|CharlienoB|169|1078\n|player|p2|garypoooo|fantina|1104\n|teamsize|p1|6\n|teamsize|p2|6\n|gen|9\n|tier|[Gen 9] VGC 2023 Regulation E\n|rated|\n|rule|Species Clause: Limit one of each Pok\u00e9mon\n|rule|Item Clause: Limit one of each item\n|clearpoke\n|poke|p1|Bruxish, L50, M|\n|poke|p1|Amoonguss, L50, M|\n|poke|p1|Iron Hands, L50|\n|poke|p1|Chi-Yu, L50|\n|poke|p1|Ting-Lu, L50|\n|poke|p1|Wigglytuff, L50, M|\n|poke|p2|Milotic, L50, F|\n|poke|p2|Empoleon, L50, M|\n|poke|p2|Arcanine-Hisui, L50, M|\n|poke|p2|Sylveon, L50, F|\n|poke|p2|Ribombee, L50, F|\n|poke|p2|Ogerpon-Hearthflame, L50, F|\n|teampreview|4\ngarypoooo has agreed to open team sheets.\n|inactive|Battle timer is ON: inactive players will automatically lose when time's up. (requested by CharlienoB)\n|\n|t:|1700004515\n|start\n|switch|p1a: Bruxish|Bruxish, L50, M|100\/100\n|switch|p1b: Iron Hands|Iron Hands, L50|100\/100\n|switch|p2a: Ribombee|Ribombee, L50, F, shiny|100\/100\n|switch|p2b: Arcanine|Arcanine-Hisui, L50, M, shiny|100\/100\n|-ability|p2b: Arcanine|Intimidate|boost\n|-unboost|p1a: Bruxish|atk|1\n|-unboost|p1b: Iron Hands|atk|1\n|turn|1\n|\n|t:|1700004536\n|switch|p2b: Empoleon|Empoleon, L50, M|100\/100\n|move|p1b: Iron Hands|Fake Out|p2b: Empoleon\n|-resisted|p2b: Empoleon\n|-damage|p2b: Empoleon|95\/100\n|move|p2a: Ribombee|Tailwind|p2a: Ribombee\n|-sidestart|p2: garypoooo|move: Tailwind\n|move|p1a: Bruxish|Trick Room|p1a: Bruxish\n|-fieldstart|move: Trick Room|[of] p1a: Bruxish\n|\n|upkeep\n|turn|2\n|\n|t:|1700004561\n|move|p1b: Iron Hands|Drain Punch|p2b: Empoleon\n|-supereffective|p2b: Empoleon\n|-damage|p2b: Empoleon|38\/100\n|move|p1a: Bruxish|Bulk Up|p1a: Bruxish\n|-boost|p1a: Bruxish|atk|1\n|-boost|p1a: Bruxish|def|1\n|move|p2b: Empoleon|Flash Cannon|p1b: Iron Hands\n|-resisted|p1b: Iron Hands\n|-damage|p1b: Iron Hands|90\/100\n|move|p2a: Ribombee|Light Screen|p2a: Ribombee\n|-sidestart|p2: garypoooo|move: Light Screen\n|\n|upkeep\n|turn|3\n|\n|t:|1700004582\n|move|p1b: Iron Hands|Heavy Slam|p2a: Ribombee\n|-supereffective|p2a: Ribombee\n|-damage|p2a: Ribombee|5\/100\n|move|p1a: Bruxish|Bulk Up|p1a: Bruxish\n|-boost|p1a: Bruxish|atk|1\n|-boost|p1a: Bruxish|def|1\n|move|p2b: Empoleon|Icy Wind|p1a: Bruxish|[spread] p1a,p1b\n|-resisted|p1a: Bruxish\n|-crit|p1b: Iron Hands\n|-damage|p1a: Bruxish|93\/100\n|-damage|p1b: Iron Hands|80\/100\n|-unboost|p1a: Bruxish|spe|1\n|-unboost|p1b: Iron Hands|spe|1\n|move|p2a: Ribombee|Pollen Puff|p2b: Empoleon\n|-heal|p2b: Empoleon|88\/100\n|\n|upkeep\n|turn|4\n|\n|t:|1700004606\n|-terastallize|p2a: Ribombee|Ghost\n|move|p1b: Iron Hands|Drain Punch|p2b: Empoleon\n|-supereffective|p2b: Empoleon\n|-damage|p2b: Empoleon|36\/100\n|-heal|p1b: Iron Hands|99\/100|[from] drain|[of] p2b: Empoleon\n|move|p1a: Bruxish|Psychic Fangs|p2b: Empoleon\n|-sideend|p2: garypoooo|move: Light Screen\n|-resisted|p2b: Empoleon\n|-damage|p2b: Empoleon|13\/100\n|move|p2b: Empoleon|Hydro Pump|p1b: Iron Hands\n|-damage|p1b: Iron Hands|75\/100\n|move|p2a: Ribombee|Reflect|p2a: Ribombee\n|-sidestart|p2: garypoooo|Reflect\n|\n|-sideend|p2: garypoooo|move: Tailwind\n|upkeep\n|turn|5\n|inactive|garypoooo has 30 seconds left.\n|\n|t:|1700004633\n|move|p1a: Bruxish|Aqua Jet|p2a: Ribombee\n|-damage|p2a: Ribombee|0 fnt\n|faint|p2a: Ribombee\n|move|p1b: Iron Hands|Drain Punch|p2b: Empoleon\n|-supereffective|p2b: Empoleon\n|-damage|p2b: Empoleon|0 fnt\n|-heal|p1b: Iron Hands|80\/100|[from] drain|[of] p2b: Empoleon\n|faint|p2b: Empoleon\n|\n|-fieldend|move: Trick Room\n|upkeep\n|\n|t:|1700004644\n|switch|p2a: Sylveon|Sylveon, L50, F, shiny|100\/100\n|switch|p2b: Arcanine|Arcanine-Hisui, L50, M, shiny|100\/100\n|-ability|p2b: Arcanine|Intimidate|boost\n|-unboost|p1a: Bruxish|atk|1\n|-unboost|p1b: Iron Hands|atk|1\n|turn|6\n|\n|t:|1700004656\n|-end|p1b: Iron Hands|Quark Drive|[silent]\n|switch|p1b: Wigglytuff|Wigglytuff, L50, M|100\/100\n|move|p1a: Bruxish|Aqua Jet|p2b: Arcanine\n|-supereffective|p2b: Arcanine\n|-damage|p2b: Arcanine|49\/100\n|move|p2b: Arcanine|Rock Slide|p1b: Wigglytuff|[spread] p1a,p1b\n|-damage|p1a: Bruxish|72\/100\n|-damage|p1b: Wigglytuff|61\/100\n|move|p2a: Sylveon|Calm Mind|p2a: Sylveon\n|-boost|p2a: Sylveon|spa|1\n|-boost|p2a: Sylveon|spd|1\n|\n|upkeep\n|turn|7\n|\n|t:|1700004673\n|-terastallize|p1b: Wigglytuff|Fire\n|move|p1a: Bruxish|Aqua Jet|p2b: Arcanine\n|-supereffective|p2b: Arcanine\n|-damage|p2b: Arcanine|0 fnt\n|faint|p2b: Arcanine\n|move|p2a: Sylveon|Hyper Voice|p1b: Wigglytuff|[spread] p1a,p1b\n|-resisted|p1b: Wigglytuff\n|-damage|p1a: Bruxish|0 fnt\n|-damage|p1b: Wigglytuff|24\/100\n|faint|p1a: Bruxish\n|-enditem|p2a: Sylveon|Throat Spray\n|-boost|p2a: Sylveon|spa|1|[from] item: Throat Spray\n|move|p1b: Wigglytuff|Fire Blast|p2a: Sylveon\n|-damage|p2a: Sylveon|81\/100\n|\n|upkeep\n|\n|t:|1700004689\n|switch|p1a: Iron Hands|Iron Hands, L50|80\/100\n|turn|8\n|\n|t:|1700004696\n|move|p1a: Iron Hands|Fake Out|p2a: Sylveon\n|-damage|p2a: Sylveon|69\/100\n|cant|p2a: Sylveon|flinch\n|move|p1b: Wigglytuff|Hyper Voice|p2a: Sylveon\n|-damage|p2a: Sylveon|54\/100\n|-enditem|p1b: Wigglytuff|Throat Spray\n|-boost|p1b: Wigglytuff|spa|1|[from] item: Throat Spray\n|\n|upkeep\n|turn|9\n|\n|t:|1700004709\n|-end|p1a: Iron Hands|Quark Drive|[silent]\n|switch|p1a: Ting-Lu|Ting-Lu, L50|100\/100\n|-ability|p1a: Ting-Lu|Vessel of Ruin\n|move|p2a: Sylveon|Hyper Voice|p1b: Wigglytuff|[spread] p1a,p1b\n|-supereffective|p1a: Ting-Lu\n|-resisted|p1b: Wigglytuff\n|-damage|p1a: Ting-Lu|29\/100\n|-damage|p1b: Wigglytuff|0 fnt\n|faint|p1b: Wigglytuff\n|\n|-heal|p1a: Ting-Lu|34\/100|[from] item: Leftovers\n|upkeep\n|\n|t:|1700004720\n|switch|p1b: Iron Hands|Iron Hands, L50|80\/100\n|turn|10\n|\n|t:|1700004732\n|move|p1b: Iron Hands|Fake Out|p2a: Sylveon\n|-damage|p2a: Sylveon|40\/100\n|cant|p2a: Sylveon|flinch\n|move|p1a: Ting-Lu|Stomping Tantrum|p2a: Sylveon\n|-damage|p2a: Sylveon|17\/100\n|\n|-heal|p1a: Ting-Lu|40\/100|[from] item: Leftovers\n|upkeep\n|turn|11\n|\n|t:|1700004748\n|move|p2a: Sylveon|Hyper Voice|p1a: Ting-Lu|[spread] p1a,p1b\n|-supereffective|p1a: Ting-Lu\n|-supereffective|p1b: Iron Hands\n|-damage|p1a: Ting-Lu|0 fnt\n|-damage|p1b: Iron Hands|19\/100\n|faint|p1a: Ting-Lu\n|move|p1b: Iron Hands|Heavy Slam|p2a: Sylveon\n|-supereffective|p2a: Sylveon\n|-damage|p2a: Sylveon|0 fnt\n|faint|p2a: Sylveon\n|\n|win|CharlienoB\n|raw|CharlienoB's rating: 1078 &rarr; <strong>1108<\/strong><br \/>(+30 for winning)\n|raw|garypoooo's rating: 1104 &rarr; <strong>1077<\/strong><br \/>(-27 for losing)\n","uploadtime":1700004755,"views":22,"p1id":"charlienob","p2id":"garypoooo","formatid":"gen9vgc2023regulatione","rating":1077,"private":0,"password":""}