{"id":"gen9vgc2023regulatione-1996983302","p1":"Jadedragon61","p2":"901TEK","format":"[Gen 9] VGC 2023 Regulation E","log":"|j|\u2606Jadedragon61\n|j|\u2606901TEK\n|n|\u2606Jadedragon61|jadedragon61\n|n|\u2606901TEK|901tek\n|html|View the match progress at <a href=\"\/game-bestof3-gen9vgc2023regulatione-1996980692\">game-bestof3-gen9vgc2023regulatione-1996980692<\/a>\n|t:|1700752452\n|gametype|doubles\n|player|p1|Jadedragon61|colress|\n|player|p2|901TEK|cilan|\n|teamsize|p1|6\n|teamsize|p2|6\n|gen|9\n|tier|[Gen 9] VGC 2023 Regulation E\n|rule|Species Clause: Limit one of each Pok\u00e9mon\n|rule|Item Clause: Limit one of each item\n|clearpoke\n|poke|p1|Tyranitar, L50, F|\n|poke|p1|Rillaboom, L50, M|\n|poke|p1|Kommo-o, L50, F|\n|poke|p1|Iron Bundle, L50|\n|poke|p1|Flutter Mane, L50|\n|poke|p1|Landorus-Therian, L50, M|\n|poke|p2|Landorus-Therian, L50, M|\n|poke|p2|Tornadus, L50, M|\n|poke|p2|Flutter Mane, L50|\n|poke|p2|Ogerpon-Hearthflame, L50, F|\n|poke|p2|Urshifu-*, L50, F|\n|poke|p2|Kingambit, L50, M|\n|teampreview|4\n|\n|t:|1700752469\n|start\n|switch|p1a: Haitatsu!|Iron Bundle, L50, shiny|100\/100\n|switch|p1b: Fish|Flutter Mane, L50|100\/100\n|switch|p2a: Tornadus|Tornadus, L50, M|100\/100\n|switch|p2b: Ogerpon|Ogerpon-Hearthflame, L50, F|100\/100\n|-ability|p2b: Ogerpon|Mold Breaker\n|-enditem|p1a: Haitatsu!|Booster Energy\n|-activate|p1a: Haitatsu!|ability: Quark Drive|[fromitem]\n|-start|p1a: Haitatsu!|quarkdrivespe\n|turn|1\n|\n|t:|1700752494\n|move|p2a: Tornadus|Tailwind|p2a: Tornadus\n|-sidestart|p2: 901TEK|move: Tailwind\n|move|p2b: Ogerpon|Horn Leech|p1a: Haitatsu!\n|-supereffective|p1a: Haitatsu!\n|-damage|p1a: Haitatsu!|0 fnt\n|faint|p1a: Haitatsu!\n|-end|p1a: Haitatsu!|Quark Drive|[silent]\n|move|p1b: Fish|Thunderbolt|p2a: Tornadus\n|-supereffective|p2a: Tornadus\n|-damage|p2a: Tornadus|0 fnt\n|faint|p2a: Tornadus\n|\n|upkeep\n|\n|t:|1700752506\n|switch|p1a: (Not) jade dragon|Kommo-o, L50, F, shiny|100\/100\n|switch|p2a: Kingambit|Kingambit, L50, M|100\/100\n|turn|2\n|\n|t:|1700752523\n|move|p2a: Kingambit|Sucker Punch|p1b: Fish\n|-damage|p1b: Fish|24\/100\n|move|p2b: Ogerpon|Swords Dance|p2b: Ogerpon\n|-boost|p2b: Ogerpon|atk|2\n|move|p1b: Fish|Thunderbolt|p2a: Kingambit\n|-damage|p2a: Kingambit|54\/100\n|move|p1a: (Not) jade dragon|Iron Defense|p1a: (Not) jade dragon\n|-boost|p1a: (Not) jade dragon|def|2\n|\n|upkeep\n|turn|3\n|\n|t:|1700752550\n|-terastallize|p2b: Ogerpon|Fire\n|detailschange|p2b: Ogerpon|Ogerpon-Hearthflame-Tera, L50, F, tera:Fire\n|-ability|p2b: Ogerpon|Embody Aspect (Hearthflame)|boost\n|-boost|p2b: Ogerpon|atk|1\n|move|p2a: Kingambit|Sucker Punch|p1b: Fish\n|-damage|p1b: Fish|0 fnt\n|faint|p1b: Fish\n|-end|p1b: Fish|Protosynthesis|[silent]\n|move|p2b: Ogerpon|Ivy Cudgel|p1a: (Not) jade dragon|[anim] Ivy Cudgel Fire\n|-resisted|p1a: (Not) jade dragon\n|-damage|p1a: (Not) jade dragon|69\/100\n|move|p1a: (Not) jade dragon|Iron Defense|p1a: (Not) jade dragon\n|-boost|p1a: (Not) jade dragon|def|2\n|\n|-heal|p1a: (Not) jade dragon|75\/100|[from] item: Leftovers\n|upkeep\n|\n|t:|1700752558\n|switch|p1b: Monke|Rillaboom, L50, M|100\/100\n|-fieldstart|move: Grassy Terrain|[from] ability: Grassy Surge|[of] p1b: Monke\n|turn|4\n|\n|t:|1700752575\n|move|p2b: Ogerpon|Spiky Shield|p2b: Ogerpon\n|-singleturn|p2b: Ogerpon|move: Protect\n|move|p1b: Monke|Fake Out|p2b: Ogerpon\n|-activate|p2b: Ogerpon|move: Protect\n|-damage|p1b: Monke|88\/100|[from] Spiky Shield|[of] p2b: Ogerpon\n|move|p2a: Kingambit|Swords Dance|p2a: Kingambit\n|-boost|p2a: Kingambit|atk|2\n|move|p1a: (Not) jade dragon|Iron Defense|p1a: (Not) jade dragon\n|-boost|p1a: (Not) jade dragon|def|2\n|\n|-heal|p2a: Kingambit|60\/100|[from] Grassy Terrain\n|-heal|p1a: (Not) jade dragon|81\/100|[from] Grassy Terrain\n|-heal|p1a: (Not) jade dragon|88\/100|[from] item: Leftovers\n|-heal|p1b: Monke|94\/100|[from] Grassy Terrain\n|-sideend|p2: 901TEK|move: Tailwind\n|upkeep\n|turn|5\n|\n|t:|1700752606\n|move|p1b: Monke|Protect|p1b: Monke\n|-singleturn|p1b: Monke|Protect\n|move|p2a: Kingambit|Sucker Punch|p1a: (Not) jade dragon\n|-resisted|p1a: (Not) jade dragon\n|-damage|p1a: (Not) jade dragon|80\/100\n|move|p2b: Ogerpon|Ivy Cudgel|p1a: (Not) jade dragon|[anim] Ivy Cudgel Fire\n|-resisted|p1a: (Not) jade dragon\n|-damage|p1a: (Not) jade dragon|63\/100\n|move|p1a: (Not) jade dragon|Body Press|p2b: Ogerpon\n|-damage|p2b: Ogerpon|0 fnt\n|faint|p2b: Ogerpon\n|\n|-heal|p1a: (Not) jade dragon|69\/100|[from] Grassy Terrain\n|-heal|p1a: (Not) jade dragon|75\/100|[from] item: Leftovers\n|-heal|p1b: Monke|99\/100|[from] Grassy Terrain\n|-heal|p2a: Kingambit|66\/100|[from] Grassy Terrain\n|upkeep\n|\n|t:|1700752613\n|switch|p2b: Urshifu|Urshifu-Rapid-Strike, L50, F|100\/100\n|turn|6\n|\n|t:|1700752635\n|move|p2b: Urshifu|Detect|p2b: Urshifu\n|-singleturn|p2b: Urshifu|Protect\n|move|p1b: Monke|Grassy Glide|p2b: Urshifu\n|-activate|p2b: Urshifu|move: Protect\n|move|p1a: (Not) jade dragon|Body Press|p2a: Kingambit\n|-supereffective|p2a: Kingambit\n|-damage|p2a: Kingambit|0 fnt\n|faint|p2a: Kingambit\n|\n|-heal|p1a: (Not) jade dragon|81\/100|[from] Grassy Terrain\n|-heal|p1a: (Not) jade dragon|88\/100|[from] item: Leftovers\n|-heal|p1b: Monke|100\/100|[from] Grassy Terrain\n|upkeep\n|turn|7\n|\n|t:|1700752652\n|move|p1b: Monke|Grassy Glide|p2b: Urshifu\n|-supereffective|p2b: Urshifu\n|-damage|p2b: Urshifu|15\/100\n|move|p2b: Urshifu|Surging Strikes|p1b: Monke\n|-resisted|p1b: Monke\n|-crit|p1b: Monke\n|-damage|p1b: Monke|90\/100\n|-resisted|p1b: Monke\n|-crit|p1b: Monke\n|-damage|p1b: Monke|79\/100\n|-resisted|p1b: Monke\n|-crit|p1b: Monke\n|-damage|p1b: Monke|68\/100\n|-hitcount|p1b: Monke|3\n|move|p1a: (Not) jade dragon|Body Press|p2b: Urshifu\n|-damage|p2b: Urshifu|0 fnt\n|faint|p2b: Urshifu\n|\n|win|Jadedragon61\n|l|\u2606901TEK\n|l|\u2606Jadedragon61\n|j|\u2606Jadedragon61\n|player|p1|Jadedragon61|colress\n","uploadtime":1700752833,"views":0,"p1id":"jadedragon61","p2id":"901tek","formatid":"gen9vgc2023regulatione","rating":0,"private":0,"password":""}