{"id":"gen9vgc2023regulatione-1991733190","p1":"lplokkplokpl","p2":"WillieDangerously","format":"[Gen 9] VGC 2023 Regulation E","log":"|j|\u2606lplokkplokpl\n|j|\u2606WillieDangerously\n|t:|1700108411\n|gametype|doubles\n|player|p1|lplokkplokpl|wattson|1287\n|player|p2|WillieDangerously|101|1326\n|teamsize|p1|6\n|teamsize|p2|6\n|gen|9\n|tier|[Gen 9] VGC 2023 Regulation E\n|rated|\n|rule|Species Clause: Limit one of each Pok\u00e9mon\n|rule|Item Clause: Limit one of each item\n|clearpoke\n|poke|p1|Landorus-Therian, L50, M|\n|poke|p1|Sylveon, L50, M|\n|poke|p1|Ogerpon-Hearthflame, L50, F|\n|poke|p1|Iron Bundle, L50|\n|poke|p1|Tornadus, L50, M|\n|poke|p1|Urshifu-*, L50, M|\n|poke|p2|Iron Hands, L50|\n|poke|p2|Iron Bundle, L50|\n|poke|p2|Landorus-Therian, L50, M|\n|poke|p2|Sinistcha, L50|\n|poke|p2|Ninetales-Alola, L50, F|\n|poke|p2|Heatran, L50, F|\n|teampreview|4\n|inactive|Battle timer is ON: inactive players will automatically lose when time's up. (requested by lplokkplokpl)\nlplokkplokpl has agreed to open team sheets.\n|inactive|WillieDangerously has 60 seconds left.\n|\n|t:|1700108444\n|start\n|switch|p1a: Iron Bundle|Iron Bundle, L50|100\/100\n|switch|p1b: Ogerpon|Ogerpon-Hearthflame, L50, F|100\/100\n|switch|p2a: Iron Hands|Iron Hands, L50|100\/100\n|switch|p2b: Ninetales|Ninetales-Alola, L50, F|100\/100\n|-ability|p1b: Ogerpon|Mold Breaker\n|-weather|Snow|[from] ability: Snow Warning|[of] p2b: Ninetales\n|-enditem|p1a: Iron Bundle|Booster Energy\n|-activate|p1a: Iron Bundle|ability: Quark Drive|[fromitem]\n|-start|p1a: Iron Bundle|quarkdrivespe\n|turn|1\n|inactive|lplokkplokpl has 30 seconds left.\n|inactive|lplokkplokpl has 20 seconds left.\n|\n|t:|1700108480\n|move|p1a: Iron Bundle|Protect|p1a: Iron Bundle\n|-singleturn|p1a: Iron Bundle|Protect\n|move|p2a: Iron Hands|Fake Out|p1b: Ogerpon\n|-damage|p1b: Ogerpon|80\/100\n|cant|p1b: Ogerpon|flinch\n|move|p2b: Ninetales|Aurora Veil|p2b: Ninetales\n|-sidestart|p2: WillieDangerously|move: Aurora Veil\n|\n|-weather|Snow|[upkeep]\n|upkeep\n|turn|2\n|inactive|lplokkplokpl has 30 seconds left.\n|inactive|WillieDangerously has 30 seconds left.\n|inactive|WillieDangerously has 20 seconds left.\n|inactive|WillieDangerously has 15 seconds left.\n|inactive|WillieDangerously has 10 seconds left.\n|\n|t:|1700108526\n|-terastallize|p1b: Ogerpon|Fire\n|detailschange|p1b: Ogerpon|Ogerpon-Hearthflame-Tera, L50, F, tera:Fire\n|-ability|p1b: Ogerpon|Embody Aspect (Hearthflame)|boost\n|-boost|p1b: Ogerpon|atk|1\n|move|p2b: Ninetales|Helping Hand|p2a: Iron Hands\n|-singleturn|p2a: Iron Hands|Helping Hand|[of] p2b: Ninetales\n|move|p1a: Iron Bundle|Hydro Pump|p2b: Ninetales\n|-damage|p2b: Ninetales|57\/100\n|move|p1b: Ogerpon|Ivy Cudgel|p2b: Ninetales|[anim] Ivy Cudgel Fire\n|-supereffective|p2b: Ninetales\n|-damage|p2b: Ninetales|0 fnt\n|faint|p2b: Ninetales\n|move|p2a: Iron Hands|Drain Punch|p1a: Iron Bundle\n|-supereffective|p1a: Iron Bundle\n|-damage|p1a: Iron Bundle|0 fnt\n|faint|p1a: Iron Bundle\n|-end|p1a: Iron Bundle|Quark Drive|[silent]\n|\n|-weather|Snow|[upkeep]\n|upkeep\n|\n|t:|1700108548\n|switch|p1a: Landorus|Landorus-Therian, L50, M|100\/100\n|switch|p2b: Iron Bundle|Iron Bundle, L50|100\/100\n|-ability|p1a: Landorus|Intimidate|boost\n|-unboost|p2a: Iron Hands|atk|1\n|-unboost|p2b: Iron Bundle|atk|1\n|-enditem|p2b: Iron Bundle|Booster Energy\n|-activate|p2b: Iron Bundle|ability: Quark Drive|[fromitem]\n|-start|p2b: Iron Bundle|quarkdrivespe\n|turn|3\n|inactive|lplokkplokpl has 30 seconds left.\n|inactive|WillieDangerously has 30 seconds left.\n|inactive|lplokkplokpl has 20 seconds left.\n|\n|t:|1700108584\n|move|p2b: Iron Bundle|Hydro Pump|p1b: Ogerpon|[miss]\n|-miss|p2b: Iron Bundle|p1b: Ogerpon\n|move|p1a: Landorus|Stomping Tantrum|p2a: Iron Hands\n|-supereffective|p2a: Iron Hands\n|-damage|p2a: Iron Hands|55\/100\n|move|p1b: Ogerpon|Horn Leech|p2b: Iron Bundle\n|-supereffective|p2b: Iron Bundle\n|-damage|p2b: Iron Bundle|25\/100\n|-heal|p1b: Ogerpon|100\/100|[from] drain|[of] p2b: Iron Bundle\n|move|p2a: Iron Hands|Wild Charge|p1b: Ogerpon\n|-damage|p1b: Ogerpon|54\/100\n|-damage|p2a: Iron Hands|47\/100|[from] Recoil\n|\n|-weather|Snow|[upkeep]\n|upkeep\n|turn|4\n|inactive|WillieDangerously has 30 seconds left.\n|inactive|WillieDangerously has 20 seconds left.\n|inactive|WillieDangerously has 15 seconds left.\n|\n|t:|1700108625\n|-end|p2a: Iron Hands|Quark Drive|[silent]\n|switch|p2a: Sinistcha|Sinistcha, L50|100\/100\n|-heal|p2b: Iron Bundle|50\/100|[from] ability: Hospitality|[of] p2a: Sinistcha\n|move|p2b: Iron Bundle|Protect|p2b: Iron Bundle\n|-singleturn|p2b: Iron Bundle|Protect\n|move|p1b: Ogerpon|Spiky Shield|p1b: Ogerpon\n|-singleturn|p1b: Ogerpon|move: Protect\n|move|p1a: Landorus|Stomping Tantrum|p2b: Iron Bundle\n|-activate|p2b: Iron Bundle|move: Protect\n|\n|-weather|Snow|[upkeep]\n|upkeep\n|turn|5\n|inactive|lplokkplokpl has 30 seconds left.\n|inactive|WillieDangerously has 30 seconds left.\n|\n|t:|1700108657\n|switch|p1a: Urshifu|Urshifu, L50, M|100\/100\n|-terastallize|p2a: Sinistcha|Dark\n|move|p2a: Sinistcha|Rage Powder|p2a: Sinistcha\n|-singleturn|p2a: Sinistcha|move: Rage Powder\n|move|p2b: Iron Bundle|Blizzard|p1a: Urshifu|[spread] p1a,p1b\n|-resisted|p1b: Ogerpon\n|-damage|p1a: Urshifu|35\/100\n|-damage|p1b: Ogerpon|29\/100\n|move|p1b: Ogerpon|Ivy Cudgel|p2a: Sinistcha|[anim] Ivy Cudgel Fire\n|-damage|p2a: Sinistcha|25\/100\n|-enditem|p2a: Sinistcha|Sitrus Berry|[eat]\n|-heal|p2a: Sinistcha|49\/100|[from] item: Sitrus Berry\n|\n|-weather|none\n|upkeep\n|turn|6\n|inactive|lplokkplokpl has 30 seconds left.\n|inactive|WillieDangerously has 30 seconds left.\n|inactive|WillieDangerously has 20 seconds left.\n|inactive|WillieDangerously has 15 seconds left.\n|inactive|WillieDangerously has 10 seconds left.\n|\n|t:|1700108704\n|switch|p2a: Iron Hands|Iron Hands, L50|47\/100\n|move|p1a: Urshifu|Protect|p1a: Urshifu\n|-singleturn|p1a: Urshifu|Protect\n|move|p2b: Iron Bundle|Blizzard|p1b: Ogerpon|[spread] p1b\n|-activate|p1a: Urshifu|move: Protect\n|-resisted|p1b: Ogerpon\n|-damage|p1b: Ogerpon|4\/100\n|move|p1b: Ogerpon|Ivy Cudgel|p2a: Iron Hands|[anim] Ivy Cudgel Fire\n|-damage|p2a: Iron Hands|0 fnt\n|faint|p2a: Iron Hands\n|-end|p2a: Iron Hands|Quark Drive|[silent]\n|\n|upkeep\n|\n|t:|1700108717\n|switch|p2a: Sinistcha|Sinistcha, L50, tera:Dark|49\/100\n|-heal|p2b: Iron Bundle|75\/100|[from] ability: Hospitality|[of] p2a: Sinistcha\n|turn|7\n|\n|t:|1700108728\n|move|p1a: Urshifu|Sucker Punch|p2b: Iron Bundle\n|-damage|p2b: Iron Bundle|39\/100\n|move|p2b: Iron Bundle|Icy Wind|p1a: Urshifu|[spread] p1a,p1b\n|-resisted|p1b: Ogerpon\n|-damage|p1a: Urshifu|4\/100\n|-damage|p1b: Ogerpon|0 fnt\n|-unboost|p1a: Urshifu|spe|1\n|faint|p1b: Ogerpon\n|move|p2a: Sinistcha|Matcha Gotcha|p1a: Urshifu\n|-damage|p1a: Urshifu|0 fnt\n|-heal|p2a: Sinistcha|52\/100|[from] drain|[of] p1a: Urshifu\n|faint|p1a: Urshifu\n|\n|upkeep\n|\n|t:|1700108736\n|switch|p1b: Landorus|Landorus-Therian, L50, M|100\/100\n|-ability|p1b: Landorus|Intimidate|boost\n|-unboost|p2a: Sinistcha|atk|1\n|-unboost|p2b: Iron Bundle|atk|1\n|turn|8\n|\n|t:|1700108750\n|move|p2b: Iron Bundle|Protect|p2b: Iron Bundle\n|-singleturn|p2b: Iron Bundle|Protect\n|move|p1b: Landorus|Rock Slide|p2b: Iron Bundle|[spread] p2a\n|-activate|p2b: Iron Bundle|move: Protect\n|-damage|p2a: Sinistcha|38\/100\n|move|p2a: Sinistcha|Matcha Gotcha|p1b: Landorus\n|-damage|p1b: Landorus|49\/100\n|-heal|p2a: Sinistcha|62\/100|[from] drain|[of] p1b: Landorus\n|\n|-sideend|p2: WillieDangerously|move: Aurora Veil\n|upkeep\n|turn|9\n|\n|t:|1700108765\n|move|p2b: Iron Bundle|Icy Wind|p1b: Landorus\n|-supereffective|p1b: Landorus\n|-damage|p1b: Landorus|0 fnt\n|faint|p1b: Landorus\n|\n|win|WillieDangerously\n|raw|lplokkplokpl's rating: 1287 &rarr; <strong>1265<\/strong><br \/>(-22 for losing)\n|raw|WillieDangerously's rating: 1326 &rarr; <strong>1344<\/strong><br \/>(+18 for winning)\n","uploadtime":1700108769,"views":16,"p1id":"lplokkplokpl","p2id":"williedangerously","formatid":"gen9vgc2023regulatione","rating":1265,"private":0,"password":""}