{"id":"gen9vgc2023regulatione-1990604379","p1":"bobforte22","p2":"aidenribbon","format":"[Gen 9] VGC 2023 Regulation E","log":"|j|\u2606bobforte22\n|j|\u2606aidenribbon\n|t:|1699985050\n|gametype|doubles\n|player|p1|bobforte22|pilot|1263\n|player|p2|aidenribbon|nemona-s|1318\n|teamsize|p1|6\n|teamsize|p2|6\n|gen|9\n|tier|[Gen 9] VGC 2023 Regulation E\n|rated|\n|rule|Species Clause: Limit one of each Pok\u00e9mon\n|rule|Item Clause: Limit one of each item\n|clearpoke\n|poke|p1|Chi-Yu, L50|\n|poke|p1|Jolteon, L50, F|\n|poke|p1|Iron Hands, L50|\n|poke|p1|Iron Bundle, L50|\n|poke|p1|Arcanine, L50, F|\n|poke|p1|Gastrodon, L50, M|\n|poke|p2|Tornadus, L50, M|\n|poke|p2|Farigiraf, L50, F|\n|poke|p2|Urshifu-*, L50, F|\n|poke|p2|Heatran, L50, M|\n|poke|p2|Flutter Mane, L50|\n|poke|p2|Rillaboom, L50, F|\n|teampreview|4\n|inactive|Battle timer is ON: inactive players will automatically lose when time's up. (requested by bobforte22)\n|\n|t:|1699985093\n|start\n|switch|p1a: Chi-Yu|Chi-Yu, L50|100\/100\n|switch|p1b: Jolteon|Jolteon, L50, F|100\/100\n|switch|p2a: Urshifu|Urshifu, L50, F|100\/100\n|switch|p2b: Flutter Mane|Flutter Mane, L50|100\/100\n|-ability|p1a: Chi-Yu|Beads of Ruin\n|-enditem|p2b: Flutter Mane|Booster Energy\n|-activate|p2b: Flutter Mane|ability: Protosynthesis|[fromitem]\n|-start|p2b: Flutter Mane|protosynthesisspe\n|turn|1\n|inactive|bobforte22 has 30 seconds left.\n|inactive|bobforte22 has 20 seconds left.\n|inactive|bobforte22 has 15 seconds left.\n|inactive|bobforte22 has 10 seconds left.\n|\n|t:|1699985141\n|-terastallize|p2b: Flutter Mane|Fairy\n|-terastallize|p1b: Jolteon|Grass\n|move|p2b: Flutter Mane|Dazzling Gleam|p1b: Jolteon|[spread] p1a,p1b\n|-damage|p1a: Chi-Yu|57\/100\n|-damage|p1b: Jolteon|48\/100\n|move|p2a: Urshifu|U-turn|p1a: Chi-Yu\n|-damage|p1a: Chi-Yu|18\/100\n|\n|t:|1699985161\n|switch|p2a: Tornadus|Tornadus, L50, M, shiny|100\/100|[from] U-turn\n|move|p1b: Jolteon|Thunderbolt|p2a: Tornadus\n|-supereffective|p2a: Tornadus\n|-damage|p2a: Tornadus|0 fnt\n|faint|p2a: Tornadus\n|-damage|p1b: Jolteon|38\/100|[from] item: Life Orb\n|move|p1a: Chi-Yu|Heat Wave|p2b: Flutter Mane\n|-damage|p2b: Flutter Mane|0 fnt\n|faint|p2b: Flutter Mane\n|-end|p2b: Flutter Mane|Protosynthesis|[silent]\n|\n|upkeep\n|\n|t:|1699985173\n|switch|p2b: Rillaboom|Rillaboom, L50, F|100\/100\n|switch|p2a: Urshifu|Urshifu, L50, F|100\/100\n|-fieldstart|move: Grassy Terrain|[from] ability: Grassy Surge|[of] p2b: Rillaboom\n|turn|2\n|\n|t:|1699985188\n|move|p1b: Jolteon|Protect|p1b: Jolteon\n|-singleturn|p1b: Jolteon|Protect\n|move|p2b: Rillaboom|Grassy Glide|p1a: Chi-Yu\n|-resisted|p1a: Chi-Yu\n|-damage|p1a: Chi-Yu|0 fnt\n|faint|p1a: Chi-Yu\n|move|p2a: Urshifu|Wicked Blow|p1b: Jolteon\n|-crit|p1b: Jolteon\n|-damage|p1b: Jolteon|0 fnt\n|faint|p1b: Jolteon\n|\n|upkeep\n|\n|t:|1699985191\n|switch|p1b: Arcanine|Arcanine, L50, F, shiny|100\/100\n|switch|p1a: Iron Hands|Iron Hands, L50|100\/100\n|-ability|p1b: Arcanine|Intimidate|boost\n|-unboost|p2a: Urshifu|atk|1\n|-unboost|p2b: Rillaboom|atk|1\n|turn|3\n|\n|t:|1699985208\n|move|p1a: Iron Hands|Fake Out|p2a: Urshifu\n|-damage|p2a: Urshifu|84\/100\n|cant|p2a: Urshifu|flinch\n|move|p2b: Rillaboom|High Horsepower|p1b: Arcanine\n|-supereffective|p1b: Arcanine\n|-damage|p1b: Arcanine|60\/100\n|-damage|p2b: Rillaboom|84\/100|[from] item: Rocky Helmet|[of] p1b: Arcanine\n|move|p1b: Arcanine|Will-O-Wisp|p2a: Urshifu\n|-status|p2a: Urshifu|brn\n|\n|-heal|p2a: Urshifu|90\/100 brn|[from] Grassy Terrain\n|-heal|p2b: Rillaboom|90\/100|[from] Grassy Terrain\n|-heal|p1b: Arcanine|66\/100|[from] Grassy Terrain\n|-damage|p2a: Urshifu|84\/100 brn|[from] brn\n|upkeep\n|turn|4\n|inactive|bobforte22 has 30 seconds left.\n|\n|t:|1699985236\n|move|p2a: Urshifu|Wicked Blow|p1b: Arcanine\n|-crit|p1b: Arcanine\n|-damage|p1b: Arcanine|41\/100\n|-damage|p2a: Urshifu|68\/100 brn|[from] item: Rocky Helmet|[of] p1b: Arcanine\n|move|p2b: Rillaboom|High Horsepower|p1b: Arcanine\n|-supereffective|p1b: Arcanine\n|-damage|p1b: Arcanine|0 fnt\n|-damage|p2b: Rillaboom|73\/100|[from] item: Rocky Helmet|[of] p1b: Arcanine\n|faint|p1b: Arcanine\n|move|p1a: Iron Hands|Drain Punch|p2b: Rillaboom\n|-damage|p2b: Rillaboom|21\/100\n|\n|-heal|p2a: Urshifu|74\/100 brn|[from] Grassy Terrain\n|-heal|p2b: Rillaboom|27\/100|[from] Grassy Terrain\n|-damage|p2a: Urshifu|68\/100 brn|[from] brn\n|upkeep\n|turn|5\n|\n|t:|1699985257\n|move|p2a: Urshifu|Wicked Blow|p1a: Iron Hands\n|-resisted|p1a: Iron Hands\n|-crit|p1a: Iron Hands\n|-damage|p1a: Iron Hands|91\/100\n|move|p2b: Rillaboom|High Horsepower|p1a: Iron Hands\n|-supereffective|p1a: Iron Hands\n|-damage|p1a: Iron Hands|64\/100\n|move|p1a: Iron Hands|Drain Punch|p2b: Rillaboom\n|-damage|p2b: Rillaboom|0 fnt\n|-heal|p1a: Iron Hands|73\/100|[from] drain|[of] p2b: Rillaboom\n|faint|p2b: Rillaboom\n|\n|-heal|p2a: Urshifu|74\/100 brn|[from] Grassy Terrain\n|-heal|p1a: Iron Hands|79\/100|[from] Grassy Terrain\n|-damage|p2a: Urshifu|68\/100 brn|[from] brn\n|upkeep\n|turn|6\n|inactive|bobforte22 has 30 seconds left.\n|\n|t:|1699985283\n|move|p2a: Urshifu|Wicked Blow|p1a: Iron Hands\n|-resisted|p1a: Iron Hands\n|-crit|p1a: Iron Hands\n|-damage|p1a: Iron Hands|69\/100\n|move|p1a: Iron Hands|Drain Punch|p2a: Urshifu\n|-supereffective|p2a: Urshifu\n|-damage|p2a: Urshifu|0 fnt\n|-heal|p1a: Iron Hands|93\/100|[from] drain|[of] p2a: Urshifu\n|faint|p2a: Urshifu\n|\n|win|bobforte22\n|raw|bobforte22's rating: 1263 &rarr; <strong>1292<\/strong><br \/>(+29 for winning)\n|raw|aidenribbon's rating: 1318 &rarr; <strong>1295<\/strong><br \/>(-23 for losing)\n","uploadtime":1699985288,"views":11,"p1id":"bobforte22","p2id":"aidenribbon","formatid":"gen9vgc2023regulatione","rating":1292,"private":0,"password":""}