{"id":"gen9vgc2023regulatione-1991630087","p1":"ChrolloLucilfer24","p2":"WolfofSigmar","format":"[Gen 9] VGC 2023 Regulation E","log":"|j|\u2606ChrolloLucilfer24\n|j|\u2606WolfofSigmar\n|t:|1700096155\n|gametype|doubles\n|player|p1|ChrolloLucilfer24|burglar|1019\n|player|p2|WolfofSigmar|teamrocket|1059\n|teamsize|p1|6\n|teamsize|p2|6\n|gen|9\n|tier|[Gen 9] VGC 2023 Regulation E\n|rated|\n|rule|Species Clause: Limit one of each Pok\u00e9mon\n|rule|Item Clause: Limit one of each item\n|clearpoke\n|poke|p1|Roaring Moon, L50|\n|poke|p1|Weezing, L50, M|\n|poke|p1|Arcanine-Hisui, L50, F|\n|poke|p1|Iron Hands, L50|\n|poke|p1|Volcarona, L50, F|\n|poke|p1|Sinistcha-Masterpiece, L50|\n|poke|p2|Toxicroak, L50, M|\n|poke|p2|Urshifu-*, L50, F|\n|poke|p2|Landorus-Therian, L50, M|\n|poke|p2|Tornadus, L50, M|\n|poke|p2|Iron Bundle, L50|\n|poke|p2|Gholdengo, L50|\n|teampreview|4\n|inactive|Battle timer is ON: inactive players will automatically lose when time's up. (requested by WolfofSigmar)\nWolfofSigmar has agreed to open team sheets.\n|inactive|ChrolloLucilfer24 has 60 seconds left.\n|inactive|WolfofSigmar has 60 seconds left.\n|inactive|ChrolloLucilfer24 has 30 seconds left.\n|\n|t:|1700096221\n|start\n|switch|p1a: Iron Hands|Iron Hands, L50|100\/100\n|switch|p1b: Roaring Moon|Roaring Moon, L50|100\/100\n|switch|p2a: Tornadus|Tornadus, L50, M|100\/100\n|switch|p2b: Iron Bundle|Iron Bundle, L50|100\/100\n|-enditem|p2b: Iron Bundle|Booster Energy\n|-activate|p2b: Iron Bundle|ability: Quark Drive|[fromitem]\n|-start|p2b: Iron Bundle|quarkdrivespe\n|-enditem|p1b: Roaring Moon|Booster Energy\n|-activate|p1b: Roaring Moon|ability: Protosynthesis|[fromitem]\n|-start|p1b: Roaring Moon|protosynthesisatk\n|turn|1\n|\n|t:|1700096241\n|-terastallize|p2b: Iron Bundle|Ghost\n|move|p1a: Iron Hands|Fake Out|p2b: Iron Bundle\n|-immune|p2b: Iron Bundle\n|move|p2a: Tornadus|Tailwind|p2a: Tornadus\n|-sidestart|p2: WolfofSigmar|move: Tailwind\n|move|p2b: Iron Bundle|Icy Wind|p1b: Roaring Moon|[spread] p1a,p1b\n|-supereffective|p1b: Roaring Moon\n|-damage|p1a: Iron Hands|90\/100\n|-damage|p1b: Roaring Moon|61\/100\n|-unboost|p1a: Iron Hands|spe|1\n|-unboost|p1b: Roaring Moon|spe|1\n|move|p1b: Roaring Moon|Knock Off|p2a: Tornadus\n|-damage|p2a: Tornadus|19\/100\n|-enditem|p2a: Tornadus|Covert Cloak|[from] move: Knock Off|[of] p1b: Roaring Moon\n|\n|upkeep\n|turn|2\n|inactive|ChrolloLucilfer24 has 30 seconds left.\n|\n|t:|1700096269\n|-end|p1b: Roaring Moon|Protosynthesis|[silent]\n|switch|p1b: Arcanine|Arcanine-Hisui, L50, F|100\/100\n|-ability|p1b: Arcanine|Intimidate|boost\n|-unboost|p2a: Tornadus|atk|1\n|-unboost|p2b: Iron Bundle|atk|1\n|move|p2b: Iron Bundle|Freeze-Dry|p1b: Arcanine\n|-resisted|p1b: Arcanine\n|-damage|p1b: Arcanine|79\/100\n|move|p2a: Tornadus|Icy Wind|p1a: Iron Hands|[spread] p1a,p1b\n|-resisted|p1b: Arcanine\n|-damage|p1a: Iron Hands|83\/100\n|-damage|p1b: Arcanine|72\/100\n|-unboost|p1a: Iron Hands|spe|1\n|-unboost|p1b: Arcanine|spe|1\n|move|p1a: Iron Hands|Volt Switch|p2b: Iron Bundle\n|-crit|p2b: Iron Bundle\n|-damage|p2b: Iron Bundle|55\/100\n|\n|t:|1700096285\n|-end|p1a: Iron Hands|Quark Drive|[silent]\n|switch|p1a: Sinistcha|Sinistcha-Masterpiece, L50|100\/100|[from] Volt Switch\n|-heal|p1b: Arcanine|96\/100|[from] ability: Hospitality|[of] p1a: Sinistcha\n|\n|upkeep\n|turn|3\n|\n|t:|1700096302\n|move|p2b: Iron Bundle|Freeze-Dry|p1a: Sinistcha\n|-supereffective|p1a: Sinistcha\n|-damage|p1a: Sinistcha|35\/100\n|-status|p1a: Sinistcha|frz\n|move|p2a: Tornadus|Icy Wind|p1a: Sinistcha|[spread] p1a,p1b\n|-supereffective|p1a: Sinistcha\n|-resisted|p1b: Arcanine\n|-damage|p1a: Sinistcha|15\/100 frz\n|-damage|p1b: Arcanine|90\/100\n|-unboost|p1a: Sinistcha|spe|1\n|-unboost|p1b: Arcanine|spe|1\n|move|p1b: Arcanine|Rock Slide|p2b: Iron Bundle|[spread] p2a,p2b\n|-supereffective|p2a: Tornadus\n|-damage|p2a: Tornadus|0 fnt\n|-damage|p2b: Iron Bundle|2\/100\n|faint|p2a: Tornadus\n|-curestatus|p1a: Sinistcha|frz|[msg]\n|move|p1a: Sinistcha|Nasty Plot|p1a: Sinistcha\n|-boost|p1a: Sinistcha|spa|2\n|\n|upkeep\n|\n|t:|1700096318\n|switch|p2a: Urshifu|Urshifu, L50, F|100\/100\n|turn|4\n|\n|t:|1700096338\n|move|p2b: Iron Bundle|Icy Wind|p1b: Arcanine|[spread] p1a,p1b\n|-supereffective|p1a: Sinistcha\n|-resisted|p1b: Arcanine\n|-damage|p1a: Sinistcha|0 fnt\n|-damage|p1b: Arcanine|76\/100\n|-unboost|p1b: Arcanine|spe|1\n|faint|p1a: Sinistcha\n|move|p2a: Urshifu|Close Combat|p1b: Arcanine\n|-supereffective|p1b: Arcanine\n|-damage|p1b: Arcanine|0 fnt\n|-unboost|p2a: Urshifu|def|1\n|-unboost|p2a: Urshifu|spd|1\n|faint|p1b: Arcanine\n|\n|-sideend|p2: WolfofSigmar|move: Tailwind\n|upkeep\n|\n|t:|1700096347\n|switch|p1b: Iron Hands|Iron Hands, L50|83\/100\n|switch|p1a: Roaring Moon|Roaring Moon, L50|61\/100\n|turn|5\n|\n|t:|1700096357\n|switch|p2a: Landorus|Landorus-Therian, L50, M|100\/100\n|-ability|p2a: Landorus|Intimidate|boost\n|-unboost|p1a: Roaring Moon|atk|1\n|-unboost|p1b: Iron Hands|atk|1\n|-terastallize|p1a: Roaring Moon|Flying\n|move|p2b: Iron Bundle|Protect|p2b: Iron Bundle\n|-singleturn|p2b: Iron Bundle|Protect\n|move|p1b: Iron Hands|Fake Out|p2b: Iron Bundle\n|-activate|p2b: Iron Bundle|move: Protect\n|move|p1a: Roaring Moon|Acrobatics|p2a: Landorus\n|-damage|p2a: Landorus|60\/100\n|\n|upkeep\n|turn|6\n|\n|t:|1700096382\n|move|p1a: Roaring Moon|Protect|p1a: Roaring Moon\n|-singleturn|p1a: Roaring Moon|Protect\n|move|p2b: Iron Bundle|Freeze-Dry|p1a: Roaring Moon\n|-activate|p1a: Roaring Moon|move: Protect\n|move|p2a: Landorus|Stomping Tantrum|p1b: Iron Hands\n|-supereffective|p1b: Iron Hands\n|-damage|p1b: Iron Hands|34\/100\n|move|p1b: Iron Hands|Body Press|p2b: Iron Bundle\n|-immune|p2b: Iron Bundle\n|\n|upkeep\n|turn|7\n|\n|t:|1700096401\n|move|p2b: Iron Bundle|Freeze-Dry|p1a: Roaring Moon\n|-supereffective|p1a: Roaring Moon\n|-damage|p1a: Roaring Moon|0 fnt\n|faint|p1a: Roaring Moon\n|-end|p1a: Roaring Moon|Protosynthesis|[silent]\n|move|p2a: Landorus|Stomping Tantrum|p1b: Iron Hands\n|-supereffective|p1b: Iron Hands\n|-damage|p1b: Iron Hands|0 fnt\n|faint|p1b: Iron Hands\n|-end|p1b: Iron Hands|Quark Drive|[silent]\n|\n|win|WolfofSigmar\n|raw|ChrolloLucilfer24's rating: 1019 &rarr; <strong>1008<\/strong><br \/>(-11 for losing)\n|raw|WolfofSigmar's rating: 1059 &rarr; <strong>1087<\/strong><br \/>(+28 for winning)\n","uploadtime":1700096406,"views":19,"p1id":"chrollolucilfer24","p2id":"wolfofsigmar","formatid":"gen9vgc2023regulatione","rating":1008,"private":0,"password":""}