{"id":"gen9vgc2023regulatione-1988104567","p1":"Yankiken","p2":"Maaaak","format":"[Gen 9] VGC 2023 Regulation E","log":"|j|\u2606Yankiken\n|j|\u2606Maaaak\n|t:|1699670066\n|gametype|doubles\n|player|p1|Yankiken|lady-gen4|1623\n|player|p2|Maaaak|sailor|1603\n|teamsize|p1|6\n|teamsize|p2|6\n|gen|9\n|tier|[Gen 9] VGC 2023 Regulation E\n|rated|\n|rule|Species Clause: Limit one of each Pok\u00e9mon\n|rule|Item Clause: Limit one of each item\n|clearpoke\n|poke|p1|Iron Hands, L50|\n|poke|p1|Kingambit, L50, F|\n|poke|p1|Gyarados, L50, M|\n|poke|p1|Sinistcha-Masterpiece, L50|\n|poke|p1|Grimmsnarl, L50, M|\n|poke|p1|Chi-Yu, L50|\n|poke|p2|Annihilape, L50, F|\n|poke|p2|Ogerpon-Wellspring, L50, F|\n|poke|p2|Roaring Moon, L50|\n|poke|p2|Heatran, L50, F|\n|poke|p2|Maushold-Four, L50|\n|poke|p2|Sylveon, L50, F|\n|teampreview|4\n|inactive|Battle timer is ON: inactive players will automatically lose when time's up. (requested by Maaaak)\n|inactive|Yankiken has 60 seconds left.\n|inactive|Maaaak has 60 seconds left.\n|inactive|Maaaak has 30 seconds left.\n|inactive|Maaaak has 20 seconds left.\n|inactive|Maaaak has 15 seconds left.\n|inactive|Maaaak has 10 seconds left.\n|inactive|Maaaak has 5 seconds left.\n|\n|t:|1699670155\n|start\n|switch|p1a: Iron Hands|Iron Hands, L50|100\/100\n|switch|p1b: Grimmsnarl|Grimmsnarl, L50, M|100\/100\n|switch|p2a: Annihilape|Annihilape, L50, F|100\/100\n|switch|p2b: Roaring Moon|Roaring Moon, L50|100\/100\n|-enditem|p2b: Roaring Moon|Booster Energy\n|-activate|p2b: Roaring Moon|ability: Protosynthesis|[fromitem]\n|-start|p2b: Roaring Moon|protosynthesisspe\n|turn|1\n|\n|t:|1699670178\n|move|p2b: Roaring Moon|Protect|p2b: Roaring Moon\n|-singleturn|p2b: Roaring Moon|Protect\n|move|p1a: Iron Hands|Fake Out|p2b: Roaring Moon\n|-activate|p2b: Roaring Moon|move: Protect\n|move|p1b: Grimmsnarl|Reflect|p1b: Grimmsnarl\n|-sidestart|p1: Yankiken|Reflect\n|move|p2a: Annihilape|Bulk Up|p2a: Annihilape\n|-boost|p2a: Annihilape|atk|1\n|-boost|p2a: Annihilape|def|1\n|\n|upkeep\n|turn|2\n|inactive|Maaaak has 30 seconds left.\n|inactive|Maaaak has 20 seconds left.\n|inactive|Maaaak has 15 seconds left.\n|inactive|Maaaak has 10 seconds left.\n|inactive|Maaaak has 5 seconds left.\n|\n|t:|1699670228\n|move|p1b: Grimmsnarl|Thunder Wave|p2a: Annihilape\n|-status|p2a: Annihilape|par\n|move|p2b: Roaring Moon|Acrobatics|p1b: Grimmsnarl\n|-damage|p1b: Grimmsnarl|73\/100\n|move|p2a: Annihilape|Bulk Up|p2a: Annihilape\n|-boost|p2a: Annihilape|atk|1\n|-boost|p2a: Annihilape|def|1\n|move|p1a: Iron Hands|Drain Punch|p2b: Roaring Moon\n|-supereffective|p2b: Roaring Moon\n|-damage|p2b: Roaring Moon|0 fnt\n|faint|p2b: Roaring Moon\n|-end|p2b: Roaring Moon|Protosynthesis|[silent]\n|\n|upkeep\n|\n|t:|1699670244\n|switch|p2b: Heatran|Heatran, L50, F|100\/100\n|turn|3\n|\n|t:|1699670260\n|-end|p1a: Iron Hands|Quark Drive|[silent]\n|switch|p1a: Kingambit|Kingambit, L50, F|100\/100\n|move|p2b: Heatran|Protect|p2b: Heatran\n|-singleturn|p2b: Heatran|Protect\n|move|p1b: Grimmsnarl|Thunder Wave|p2b: Heatran\n|-activate|p2b: Heatran|move: Protect\n|cant|p2a: Annihilape|par\n|\n|upkeep\n|turn|4\n|inactive|Maaaak has 30 seconds left.\n|inactive|Maaaak has 20 seconds left.\n|inactive|Maaaak has 15 seconds left.\n|inactive|Maaaak has 10 seconds left.\n|\n|t:|1699670306\n|-terastallize|p1a: Kingambit|Fire\n|move|p1b: Grimmsnarl|Thunder Wave|p2b: Heatran\n|-status|p2b: Heatran|par\n|move|p1a: Kingambit|Swords Dance|p1a: Kingambit\n|-boost|p1a: Kingambit|atk|2\n|move|p2a: Annihilape|Drain Punch|p1a: Kingambit\n|-damage|p1a: Kingambit|73\/100\n|move|p2b: Heatran|Heat Wave|p1a: Kingambit|[spread] p1a,p1b\n|-resisted|p1a: Kingambit\n|-damage|p1a: Kingambit|52\/100\n|-damage|p1b: Grimmsnarl|26\/100\n|-damage|p2b: Heatran|91\/100 par|[from] item: Life Orb\n|\n|upkeep\n|turn|5\n|inactive|Maaaak has 30 seconds left.\n|inactive|Maaaak has 20 seconds left.\n|\n|t:|1699670345\n|move|p2b: Heatran|Protect|p2b: Heatran\n|-singleturn|p2b: Heatran|Protect\n|move|p1b: Grimmsnarl|Light Screen|p1b: Grimmsnarl\n|-sidestart|p1: Yankiken|move: Light Screen\n|move|p1a: Kingambit|Kowtow Cleave|p2b: Heatran\n|-activate|p2b: Heatran|move: Protect\n|move|p2a: Annihilape|Bulk Up|p2a: Annihilape\n|-boost|p2a: Annihilape|atk|1\n|-boost|p2a: Annihilape|def|1\n|\n|upkeep\n|turn|6\n|\n|t:|1699670367\n|switch|p1b: Sinistcha|Sinistcha-Masterpiece, L50|100\/100\n|-heal|p1a: Kingambit|77\/100|[from] ability: Hospitality|[of] p1b: Sinistcha\n|move|p1a: Kingambit|Kowtow Cleave|p2b: Heatran\n|-damage|p2b: Heatran|13\/100 par\n|move|p2a: Annihilape|Drain Punch|p1a: Kingambit\n|-damage|p1a: Kingambit|42\/100\n|move|p2b: Heatran|Heat Wave|p1b: Sinistcha|[spread] p1a,p1b\n|-resisted|p1a: Kingambit\n|-supereffective|p1b: Sinistcha\n|-damage|p1a: Kingambit|27\/100\n|-damage|p1b: Sinistcha|29\/100\n|-damage|p2b: Heatran|3\/100 par|[from] item: Life Orb\n|\n|upkeep\n|turn|7\n|j| hdwyzdmszrj\n|inactive|Yankiken has 30 seconds left.\n|inactive|Maaaak has 30 seconds left.\n|inactive|Yankiken has 20 seconds left.\n|inactive|Maaaak has 20 seconds left.\n|inactive|Maaaak has 15 seconds left.\n|l| hdwyzdmszrj\n|\n|t:|1699670411\n|switch|p1b: Iron Hands|Iron Hands, L50|100\/100\n|move|p1a: Kingambit|Protect|p1a: Kingambit\n|-singleturn|p1a: Kingambit|Protect\n|move|p2b: Heatran|Protect|p2b: Heatran\n|-singleturn|p2b: Heatran|Protect\n|cant|p2a: Annihilape|par\n|\n|upkeep\n|turn|8\n|\n|t:|1699670436\n|-end|p1b: Iron Hands|Quark Drive|[silent]\n|switch|p1b: Sinistcha|Sinistcha-Masterpiece, L50|29\/100\n|-heal|p1a: Kingambit|52\/100|[from] ability: Hospitality|[of] p1b: Sinistcha\n|move|p2b: Heatran|Protect||[still]\n|-fail|p2b: Heatran\n|move|p1a: Kingambit|Kowtow Cleave|p2a: Annihilape\n|-damage|p2a: Annihilape|67\/100 par\n|cant|p2a: Annihilape|par\n|\n|-heal|p2a: Annihilape|73\/100 par|[from] item: Leftovers\n|-sideend|p1: Yankiken|Reflect\n|upkeep\n|turn|9\n|inactive|Maaaak has 30 seconds left.\n|inactive|Maaaak has 20 seconds left.\n|\n|t:|1699670474\n|switch|p1b: Grimmsnarl|Grimmsnarl, L50, M|26\/100\n|switch|p2b: Ogerpon|Ogerpon-Wellspring, L50, F|100\/100\n|move|p1a: Kingambit|Protect|p1a: Kingambit\n|-singleturn|p1a: Kingambit|Protect\n|cant|p2a: Annihilape|par\n|\n|-heal|p2a: Annihilape|79\/100 par|[from] item: Leftovers\n|upkeep\n|turn|10\n|\n|t:|1699670498\n|-terastallize|p2b: Ogerpon|Water\n|detailschange|p2b: Ogerpon|Ogerpon-Wellspring-Tera, L50, F, tera:Water\n|-ability|p2b: Ogerpon|Embody Aspect (Wellspring)|boost\n|-boost|p2b: Ogerpon|spd|1\n|move|p1b: Grimmsnarl|Reflect|p1b: Grimmsnarl\n|-sidestart|p1: Yankiken|Reflect\n|move|p1a: Kingambit|Sucker Punch|p2b: Ogerpon\n|-damage|p2b: Ogerpon|0 fnt\n|faint|p2b: Ogerpon\n|move|p2a: Annihilape|Bulk Up|p2a: Annihilape\n|-boost|p2a: Annihilape|atk|1\n|-boost|p2a: Annihilape|def|1\n|\n|-heal|p2a: Annihilape|85\/100 par|[from] item: Leftovers\n|upkeep\n|\n|t:|1699670512\n|switch|p2b: Heatran|Heatran, L50, F|3\/100 par\n|turn|11\n|\n|t:|1699670521\n|move|p1a: Kingambit|Protect|p1a: Kingambit\n|-singleturn|p1a: Kingambit|Protect\n|move|p2b: Heatran|Protect|p2b: Heatran\n|-singleturn|p2b: Heatran|Protect\n|move|p1b: Grimmsnarl|Spirit Break|p2a: Annihilape\n|-supereffective|p2a: Annihilape\n|-damage|p2a: Annihilape|66\/100 par\n|-unboost|p2a: Annihilape|spa|1\n|-ability|p2a: Annihilape|Defiant|boost\n|-boost|p2a: Annihilape|atk|2\n|move|p2a: Annihilape|Drain Punch|p1b: Grimmsnarl\n|-damage|p1b: Grimmsnarl|0 fnt\n|-heal|p2a: Annihilape|78\/100 par|[from] drain|[of] p1b: Grimmsnarl\n|faint|p1b: Grimmsnarl\n|\n|-heal|p2a: Annihilape|84\/100 par|[from] item: Leftovers\n|upkeep\n|\n|t:|1699670534\n|switch|p1b: Sinistcha|Sinistcha-Masterpiece, L50|29\/100\n|-heal|p1a: Kingambit|77\/100|[from] ability: Hospitality|[of] p1b: Sinistcha\n|turn|12\n|\n|t:|1699670548\n|move|p1b: Sinistcha|Matcha Gotcha|p2b: Heatran|[spread] p2a,p2b\n|-resisted|p2b: Heatran\n|-damage|p2a: Annihilape|61\/100 par\n|-heal|p1b: Sinistcha|43\/100|[from] drain|[of] p2a: Annihilape\n|-damage|p2b: Heatran|0 fnt\n|-heal|p1b: Sinistcha|45\/100|[from] drain|[of] p2b: Heatran\n|faint|p2b: Heatran\n|move|p1a: Kingambit|Kowtow Cleave|p2a: Annihilape\n|-damage|p2a: Annihilape|34\/100 par\n|move|p2a: Annihilape|Rage Fist|p1b: Sinistcha\n|-supereffective|p1b: Sinistcha\n|-damage|p1b: Sinistcha|0 fnt\n|faint|p1b: Sinistcha\n|\n|-heal|p2a: Annihilape|40\/100 par|[from] item: Leftovers\n|-sideend|p1: Yankiken|move: Light Screen\n|upkeep\n|\n|t:|1699670560\n|switch|p1b: Iron Hands|Iron Hands, L50|100\/100\n|turn|13\n|\n|t:|1699670579\n|move|p1a: Kingambit|Swords Dance|p1a: Kingambit\n|-boost|p1a: Kingambit|atk|2\n|move|p2a: Annihilape|Drain Punch|p1b: Iron Hands\n|-damage|p1b: Iron Hands|51\/100\n|-heal|p2a: Annihilape|67\/100 par|[from] drain|[of] p1b: Iron Hands\n|move|p1b: Iron Hands|Wild Charge|p2a: Annihilape\n|-damage|p2a: Annihilape|51\/100 par\n|-damage|p1b: Iron Hands|47\/100|[from] Recoil\n|\n|-heal|p2a: Annihilape|57\/100 par|[from] item: Leftovers\n|upkeep\n|turn|14\n|\n|t:|1699670595\n|cant|p2a: Annihilape|par\n|move|p1a: Kingambit|Kowtow Cleave|p2a: Annihilape\n|-damage|p2a: Annihilape|14\/100 par\n|move|p1b: Iron Hands|Wild Charge|p2a: Annihilape\n|-damage|p2a: Annihilape|0 fnt\n|faint|p2a: Annihilape\n|-damage|p1b: Iron Hands|44\/100|[from] Recoil\n|\n|win|Yankiken\n|raw|Yankiken's rating: 1623 &rarr; <strong>1642<\/strong><br \/>(+19 for winning)\n|raw|Maaaak's rating: 1603 &rarr; <strong>1584<\/strong><br \/>(-19 for losing)\n|l|\u2606Maaaak\n","uploadtime":1699670633,"views":23,"p1id":"yankiken","p2id":"maaaak","formatid":"gen9vgc2023regulatione","rating":1584,"private":0,"password":""}