{"id":"gen9vgc2023regulatione-1996529655","p1":"gaioc9998","p2":"HiRakkun","format":"[Gen 9] VGC 2023 Regulation E","log":"|j|\u2606gaioc9998\n|j|\u2606HiRakkun\n|t:|1700691062\n|gametype|doubles\n|player|p1|gaioc9998|169|1181\n|player|p2|HiRakkun|265|1243\n|teamsize|p1|6\n|teamsize|p2|6\n|gen|9\n|tier|[Gen 9] VGC 2023 Regulation E\n|rated|\n|rule|Species Clause: Limit one of each Pok\u00e9mon\n|rule|Item Clause: Limit one of each item\n|clearpoke\n|poke|p1|Golem-Alola, L50, M|\n|poke|p1|Hawlucha, L50, F|\n|poke|p1|Farigiraf, L50, F|\n|poke|p1|Ursaluna-Bloodmoon, L50, M|\n|poke|p1|Gastrodon, L50, M|\n|poke|p1|Iron Hands, L50|\n|poke|p2|Iron Hands, L50|\n|poke|p2|Mimikyu, L50, M|\n|poke|p2|Kingambit, L50, F|\n|poke|p2|Indeedee-F, L50, F|\n|poke|p2|Arcanine-Hisui, L50, M|\n|poke|p2|Clodsire, L50, M|\n|teampreview|4\n|inactive|Battle timer is ON: inactive players will automatically lose when time's up. (requested by gaioc9998)\n|\n|t:|1700691091\n|start\n|switch|p1a: Farigiraf|Farigiraf, L50, F|100\/100\n|switch|p1b: Ursaluna|Ursaluna-Bloodmoon, L50, M|100\/100\n|switch|p2a: Mimikyu|Mimikyu, L50, M, shiny|100\/100\n|switch|p2b: Iron Hands|Iron Hands, L50, shiny|100\/100\n|turn|1\n|\n|t:|1700691117\n|switch|p2a: Clodsire|Clodsire, L50, M|100\/100\n|-terastallize|p2b: Iron Hands|Ghost\n|move|p1a: Farigiraf|Dazzling Gleam|p2a: Clodsire|[spread] p2a,p2b\n|-resisted|p2a: Clodsire\n|-damage|p2a: Clodsire|95\/100\n|-damage|p2b: Iron Hands|89\/100\n|move|p1b: Ursaluna|Blood Moon|p2a: Clodsire\n|-damage|p2a: Clodsire|37\/100\n|move|p2b: Iron Hands|Belly Drum|p2b: Iron Hands\n|-damage|p2b: Iron Hands|40\/100\n|-setboost|p2b: Iron Hands|atk|6|[from] move: Belly Drum\n|-enditem|p2b: Iron Hands|Sitrus Berry|[eat]\n|-heal|p2b: Iron Hands|64\/100|[from] item: Sitrus Berry\n|\n|-heal|p2a: Clodsire|43\/100|[from] item: Leftovers\n|upkeep\n|turn|2\n|inactive|gaioc9998 has 30 seconds left.\n|\n|t:|1700691142\n|move|p1a: Farigiraf|Psychic|p2a: Clodsire\n|-supereffective|p2a: Clodsire\n|-damage|p2a: Clodsire|0 fnt\n|faint|p2a: Clodsire\n|move|p1b: Ursaluna|Hyper Voice|p2b: Iron Hands\n|-crit|p2b: Iron Hands\n|-damage|p2b: Iron Hands|4\/100\n|-enditem|p1b: Ursaluna|Throat Spray\n|-boost|p1b: Ursaluna|spa|1|[from] item: Throat Spray\n|move|p2b: Iron Hands|Drain Punch|p1b: Ursaluna\n|-supereffective|p1b: Ursaluna\n|-damage|p1b: Ursaluna|0 fnt\n|-heal|p2b: Iron Hands|46\/100|[from] drain|[of] p1b: Ursaluna\n|faint|p1b: Ursaluna\n|\n|upkeep\n|\n|t:|1700691157\n|switch|p1b: Gastrodon|Gastrodon, L50, M|100\/100\n|switch|p2a: Mimikyu|Mimikyu, L50, M, shiny|100\/100\n|turn|3\n|\n|t:|1700691168\n|move|p2b: Iron Hands|Drain Punch|p1a: Farigiraf\n|-damage|p1a: Farigiraf|0 fnt\n|-heal|p2b: Iron Hands|90\/100|[from] drain|[of] p1a: Farigiraf\n|-damage|p2b: Iron Hands|74\/100|[from] item: Rocky Helmet|[of] p1a: Farigiraf\n|faint|p1a: Farigiraf\n|move|p1b: Gastrodon|Yawn|p2b: Iron Hands\n|-start|p2b: Iron Hands|move: Yawn|[of] p1b: Gastrodon\n|move|p2a: Mimikyu|Trick Room|p2a: Mimikyu\n|-fieldstart|move: Trick Room|[of] p2a: Mimikyu\n|\n|upkeep\n|\n|t:|1700691172\n|switch|p1a: Iron Hands|Iron Hands, L50|100\/100\n|turn|4\n|\n|t:|1700691184\n|move|p1b: Gastrodon|Muddy Water|p2b: Iron Hands|[spread] p2a,p2b\n|-activate|p2a: Mimikyu|ability: Disguise\n|-damage|p2a: Mimikyu|100\/100\n|-damage|p2b: Iron Hands|51\/100\n|detailschange|p2a: Mimikyu|Mimikyu-Busted, L50, M, shiny\n|-damage|p2a: Mimikyu|88\/100|[from] pokemon: Mimikyu-Busted\n|move|p2b: Iron Hands|Drain Punch|p1a: Iron Hands\n|-damage|p1a: Iron Hands|0 fnt\n|-heal|p2b: Iron Hands|100\/100|[from] drain|[of] p1a: Iron Hands\n|faint|p1a: Iron Hands\n|-end|p1a: Iron Hands|Quark Drive|[silent]\n|move|p2a: Mimikyu|Misty Terrain|p2a: Mimikyu\n|-fieldstart|move: Misty Terrain\n|\n|-end|p2b: Iron Hands|move: Yawn|[silent]\n|-activate|p2b: Iron Hands|move: Misty Terrain\n|upkeep\n|turn|5\n|inactive|gaioc9998 has 30 seconds left.\n|-message|gaioc9998 forfeited.\n|\n|win|HiRakkun\n|raw|gaioc9998's rating: 1181 &rarr; <strong>1160<\/strong><br \/>(-21 for losing)\n|raw|HiRakkun's rating: 1243 &rarr; <strong>1264<\/strong><br \/>(+21 for winning)\n|l|\u2606gaioc9998\n","uploadtime":1700691218,"views":11,"p1id":"gaioc9998","p2id":"hirakkun","formatid":"gen9vgc2023regulatione","rating":1160,"private":0,"password":""}