{"id":"gen9vgc2023regulatione-1990499738","p1":"Casper614","p2":"luckylilalt","format":"[Gen 9] VGC 2023 Regulation E","log":"|j|\u2606Casper614\n|j|\u2606luckylilalt\n|t:|1699976486\n|gametype|doubles\n|player|p1|Casper614|101|1179\n|player|p2|luckylilalt|gardenia|1188\n|teamsize|p1|6\n|teamsize|p2|6\n|gen|9\n|tier|[Gen 9] VGC 2023 Regulation E\n|rated|\n|rule|Species Clause: Limit one of each Pok\u00e9mon\n|rule|Item Clause: Limit one of each item\n|clearpoke\n|poke|p1|Dusclops, L50, F|\n|poke|p1|Bellibolt, L50, F|\n|poke|p1|Ting-Lu, L50|\n|poke|p1|Landorus-Therian, L50, M|\n|poke|p1|Dragalge, L50, F|\n|poke|p1|Ogerpon-Hearthflame, L50, F|\n|poke|p2|Tornadus, L50, M|\n|poke|p2|Arcanine-Hisui, L50, M|\n|poke|p2|Iron Hands, L50|\n|poke|p2|Urshifu-*, L50, M|\n|poke|p2|Sinistcha, L50|\n|poke|p2|Chien-Pao, L50|\n|teampreview|4\n|\n|t:|1699976531\n|start\n|switch|p1a: Dusclops|Dusclops, L50, F|100\/100\n|switch|p1b: Landorus|Landorus-Therian, L50, M|100\/100\n|switch|p2a: Urshifu|Urshifu-Rapid-Strike, L50, M|100\/100\n|switch|p2b: Iron Hands|Iron Hands, L50|100\/100\n|-ability|p1b: Landorus|Intimidate|boost\n|-unboost|p2a: Urshifu|atk|1\n|-fail|p2b: Iron Hands|unboost|[from] item: Clear Amulet|[of] p2b: Iron Hands\n|-ability|p1a: Dusclops|Pressure\n|turn|1\n|\n|t:|1699976560\n|switch|p1b: Bellibolt|Bellibolt, L50, F|100\/100\n|move|p2a: Urshifu|U-turn|p1a: Dusclops\n|-resisted|p1a: Dusclops\n|-damage|p1a: Dusclops|94\/100\n|\n|t:|1699976580\n|switch|p2a: Sinistcha|Sinistcha, L50|100\/100|[from] U-turn\n|move|p2b: Iron Hands|Wild Charge|p1a: Dusclops\n|-damage|p1a: Dusclops|59\/100\n|-damage|p2b: Iron Hands|96\/100|[from] Recoil\n|move|p1a: Dusclops|Trick Room|p1a: Dusclops\n|-fieldstart|move: Trick Room|[of] p1a: Dusclops\n|\n|upkeep\n|turn|2\n|\n|t:|1699976608\n|-terastallize|p2a: Sinistcha|Steel\n|move|p1a: Dusclops|Pain Split|p2b: Iron Hands\n|-sethp|p2b: Iron Hands|63\/100|[from] move: Pain Split|[silent]\n|-sethp|p1a: Dusclops|100\/100|[from] move: Pain Split\n|move|p1b: Bellibolt|Parabolic Charge|p2a: Sinistcha|[spread] p1a,p2a,p2b\n|-resisted|p2b: Iron Hands\n|-damage|p1a: Dusclops|80\/100\n|-damage|p2a: Sinistcha|68\/100\n|-damage|p2b: Iron Hands|45\/100\n|move|p2a: Sinistcha|Nasty Plot|p2a: Sinistcha\n|-boost|p2a: Sinistcha|spa|2\n|move|p2b: Iron Hands|Wild Charge|p1a: Dusclops\n|-damage|p1a: Dusclops|41\/100\n|-damage|p2b: Iron Hands|40\/100|[from] Recoil\n|\n|upkeep\n|turn|3\n|\n|t:|1699976643\n|move|p1a: Dusclops|Haze|p1a: Dusclops\n|-clearallboost\n|move|p1b: Bellibolt|Parabolic Charge|p2a: Sinistcha|[spread] p1a,p2a,p2b\n|-resisted|p2b: Iron Hands\n|-damage|p1a: Dusclops|20\/100\n|-damage|p2a: Sinistcha|33\/100\n|-damage|p2b: Iron Hands|23\/100\n|-enditem|p2a: Sinistcha|Sitrus Berry|[eat]\n|-heal|p2a: Sinistcha|57\/100|[from] item: Sitrus Berry\n|move|p2a: Sinistcha|Matcha Gotcha|p1b: Bellibolt|[spread] p1a,p1b\n|-damage|p1a: Dusclops|2\/100\n|-heal|p2a: Sinistcha|63\/100|[from] drain|[of] p1a: Dusclops\n|-damage|p1b: Bellibolt|76\/100\n|-heal|p2a: Sinistcha|78\/100|[from] drain|[of] p1b: Bellibolt\n|-start|p1b: Bellibolt|Charge|Matcha Gotcha|[from] ability: Electromorphosis\n|move|p2b: Iron Hands|Close Combat|p1b: Bellibolt\n|-damage|p1b: Bellibolt|11\/100\n|-unboost|p2b: Iron Hands|def|1\n|-unboost|p2b: Iron Hands|spd|1\n|-start|p1b: Bellibolt|Charge|Close Combat|[from] ability: Electromorphosis\n|\n|upkeep\n|turn|4\n|\n|t:|1699976688\n|move|p1a: Dusclops|Pain Split|p2a: Sinistcha\n|-sethp|p2a: Sinistcha|40\/100|[from] move: Pain Split|[silent]\n|-sethp|p1a: Dusclops|61\/100|[from] move: Pain Split\n|move|p1b: Bellibolt|Parabolic Charge|p2a: Sinistcha|[spread] p1a,p2a,p2b\n|-resisted|p2b: Iron Hands\n|-damage|p1a: Dusclops|19\/100\n|-heal|p1b: Bellibolt|23\/100|[from] drain|[of] p1a: Dusclops\n|-damage|p2a: Sinistcha|0 fnt\n|-heal|p1b: Bellibolt|39\/100|[from] drain|[of] p2a: Sinistcha\n|-damage|p2b: Iron Hands|0 fnt\n|-heal|p1b: Bellibolt|52\/100|[from] drain|[of] p2b: Iron Hands\n|faint|p2a: Sinistcha\n|faint|p2b: Iron Hands\n|-end|p2b: Iron Hands|Quark Drive|[silent]\n|-end|p1b: Bellibolt|Charge|[silent]\n|\n|upkeep\n|\n|t:|1699976699\n|switch|p2a: Chien-Pao|Chien-Pao, L50|100\/100\n|switch|p2b: Urshifu|Urshifu-Rapid-Strike, L50, M|100\/100\n|-ability|p2a: Chien-Pao|Sword of Ruin\n|turn|5\n|\n|t:|1699976717\n|move|p2a: Chien-Pao|Sucker Punch|p1b: Bellibolt\n|-damage|p1b: Bellibolt|6\/100\n|-start|p1b: Bellibolt|Charge|Sucker Punch|[from] ability: Electromorphosis\n|move|p2b: Urshifu|Aqua Jet|p1b: Bellibolt\n|-damage|p1b: Bellibolt|0 fnt\n|faint|p1b: Bellibolt\n|move|p1a: Dusclops|Will-O-Wisp|p2b: Urshifu\n|-status|p2b: Urshifu|brn\n|\n|-damage|p2b: Urshifu|94\/100 brn|[from] brn\n|-fieldend|move: Trick Room\n|upkeep\n|\n|t:|1699976724\n|switch|p1b: Landorus|Landorus-Therian, L50, M|100\/100\n|-ability|p1b: Landorus|Intimidate|boost\n|-unboost|p2a: Chien-Pao|atk|1\n|-unboost|p2b: Urshifu|atk|1\n|turn|6\n|\n|t:|1699976740\n|-terastallize|p1b: Landorus|Dragon\n|move|p2b: Urshifu|Aqua Jet|p1a: Dusclops\n|-damage|p1a: Dusclops|12\/100\n|move|p1b: Landorus|Rock Slide|p2a: Chien-Pao|[spread] p2a\n|-miss|p1b: Landorus|p2b: Urshifu\n|-supereffective|p2a: Chien-Pao\n|-damage|p2a: Chien-Pao|41\/100\n|move|p2a: Chien-Pao|Ice Spinner|p1b: Landorus\n|-supereffective|p1b: Landorus\n|-damage|p1b: Landorus|12\/100\n|move|p1a: Dusclops|Pain Split|p2b: Urshifu\n|-sethp|p2b: Urshifu|51\/100 brn|[from] move: Pain Split|[silent]\n|-sethp|p1a: Dusclops|79\/100|[from] move: Pain Split\n|\n|-damage|p2b: Urshifu|45\/100 brn|[from] brn\n|upkeep\n|turn|7\n|\n|t:|1699976763\n|move|p2b: Urshifu|Aqua Jet|p1b: Landorus\n|-resisted|p1b: Landorus\n|-damage|p1b: Landorus|7\/100\n|move|p2a: Chien-Pao|Sucker Punch|p1b: Landorus\n|-damage|p1b: Landorus|0 fnt\n|faint|p1b: Landorus\n|move|p1a: Dusclops|Trick Room|p1a: Dusclops\n|-fieldstart|move: Trick Room|[of] p1a: Dusclops\n|\n|-damage|p2b: Urshifu|39\/100 brn|[from] brn\n|upkeep\n|\n|t:|1699976770\n|switch|p1b: Ting-Lu|Ting-Lu, L50|100\/100\n|-ability|p1b: Ting-Lu|Vessel of Ruin\n|turn|8\n|\n|t:|1699976780\n|move|p1b: Ting-Lu|Protect|p1b: Ting-Lu\n|-singleturn|p1b: Ting-Lu|Protect\n|move|p2b: Urshifu|Aqua Jet|p1b: Ting-Lu\n|-supereffective|p1b: Ting-Lu\n|-damage|p1b: Ting-Lu|88\/100\n|move|p1a: Dusclops|Will-O-Wisp|p2a: Chien-Pao\n|-status|p2a: Chien-Pao|brn\n|move|p2a: Chien-Pao|Ice Spinner|p1b: Ting-Lu\n|-activate|p1b: Ting-Lu|move: Protect\n|\n|-damage|p2a: Chien-Pao|35\/100 brn|[from] brn\n|-damage|p2b: Urshifu|33\/100 brn|[from] brn\n|upkeep\n|turn|9\n|inactive|Battle timer is ON: inactive players will automatically lose when time's up. (requested by Casper614)\n|-message|luckylilalt forfeited.\n|\n|win|Casper614\n|raw|Casper614's rating: 1179 &rarr; <strong>1205<\/strong><br \/>(+26 for winning)\n|raw|luckylilalt's rating: 1188 &rarr; <strong>1162<\/strong><br \/>(-26 for losing)\n|l|\u2606luckylilalt\n","uploadtime":1699976848,"views":7,"p1id":"casper614","p2id":"luckylilalt","formatid":"gen9vgc2023regulatione","rating":1162,"private":0,"password":""}