{"id":"gen9vgc2023regulatione-1992403099","p1":"Ringocc","p2":"MoggyOh","format":"[Gen 9] VGC 2023 Regulation E","log":"|j|\u2606Ringocc\n|j|\u2606MoggyOh\n|t:|1700183489\n|gametype|doubles\n|player|p1|Ringocc|swimmerf-gen4dp|1397\n|player|p2|MoggyOh|lucas|1408\n|teamsize|p1|6\n|teamsize|p2|6\n|gen|9\n|tier|[Gen 9] VGC 2023 Regulation E\n|rated|\n|rule|Species Clause: Limit one of each Pok\u00e9mon\n|rule|Item Clause: Limit one of each item\n|clearpoke\n|poke|p1|Flutter Mane, L50|\n|poke|p1|Urshifu-*, L50, M|\n|poke|p1|Landorus-Therian, L50, M|\n|poke|p1|Tornadus, L50, M|\n|poke|p1|Rillaboom, L50, F|\n|poke|p1|Iron Hands, L50|\n|poke|p2|Rillaboom, L50, M|\n|poke|p2|Heatran, L50, M|\n|poke|p2|Chien-Pao, L50|\n|poke|p2|Landorus-Therian, L50, M|\n|poke|p2|Milotic, L50, F|\n|poke|p2|Farigiraf, L50, M|\n|teampreview|4\nMoggyOh has agreed to open team sheets.\n|inactive|Battle timer is ON: inactive players will automatically lose when time's up. (requested by Ringocc)\n|inactive|Ringocc has 60 seconds left.\n|inactive|MoggyOh has 60 seconds left.\n|\n|t:|1700183558\n|start\n|switch|p1a: Iron Hands|Iron Hands, L50|100\/100\n|switch|p1b: Urshifu|Urshifu-Rapid-Strike, L50, M|100\/100\n|switch|p2a: Giroro|Heatran, L50, M, shiny|100\/100\n|switch|p2b: Farigiraf|Farigiraf, L50, M|100\/100\n|turn|1\n|inactive|Ringocc has 30 seconds left.\n|inactive|Ringocc has 20 seconds left.\n|\n|t:|1700183596\n|-terastallize|p2a: Giroro|Fairy\n|move|p1b: Urshifu|Surging Strikes|p2b: Farigiraf\n|-crit|p2b: Farigiraf\n|-damage|p2b: Farigiraf|76\/100\n|-damage|p1b: Urshifu|84\/100|[from] item: Rocky Helmet|[of] p2b: Farigiraf\n|-crit|p2b: Farigiraf\n|-damage|p2b: Farigiraf|48\/100\n|-damage|p1b: Urshifu|68\/100|[from] item: Rocky Helmet|[of] p2b: Farigiraf\n|-crit|p2b: Farigiraf\n|-damage|p2b: Farigiraf|23\/100\n|-damage|p1b: Urshifu|51\/100|[from] item: Rocky Helmet|[of] p2b: Farigiraf\n|-hitcount|p2b: Farigiraf|3\n|move|p2a: Giroro|Tera Blast|p1b: Urshifu|[anim] Tera Blast Fairy\n|-supereffective|p1b: Urshifu\n|-damage|p1b: Urshifu|0 fnt\n|faint|p1b: Urshifu\n|move|p1a: Iron Hands|Wild Charge|p2b: Farigiraf\n|-damage|p2b: Farigiraf|0 fnt\n|-damage|p1a: Iron Hands|84\/100|[from] item: Rocky Helmet|[of] p2b: Farigiraf\n|faint|p2b: Farigiraf\n|-damage|p1a: Iron Hands|79\/100|[from] Recoil\n|\n|upkeep\n|inactive|Ringocc has 30 seconds left.\n|\n|t:|1700183625\n|switch|p1b: Tornadus|Tornadus, L50, M|100\/100\n|switch|p2b: Uma Delicia|Rillaboom, L50, M, shiny|100\/100\n|-fieldstart|move: Grassy Terrain|[from] ability: Grassy Surge|[of] p2b: Uma Delicia\n|turn|2\n|inactive|Ringocc has 30 seconds left.\n|inactive|Ringocc has 20 seconds left.\n|\n|t:|1700183664\n|-terastallize|p1a: Iron Hands|Fire\n|move|p2b: Uma Delicia|Protect|p2b: Uma Delicia\n|-singleturn|p2b: Uma Delicia|Protect\n|move|p1b: Tornadus|Tailwind|p1b: Tornadus\n|-sidestart|p1: Ringocc|move: Tailwind\n|move|p1a: Iron Hands|Drain Punch|p2b: Uma Delicia\n|-activate|p2b: Uma Delicia|move: Protect\n|move|p2a: Giroro|Heat Wave|p1b: Tornadus|[spread] p1a,p1b\n|-resisted|p1a: Iron Hands\n|-damage|p1a: Iron Hands|67\/100\n|-damage|p1b: Tornadus|60\/100\n|\n|-heal|p1a: Iron Hands|73\/100|[from] Grassy Terrain\n|upkeep\n|turn|3\n|inactive|Ringocc has 30 seconds left.\n|inactive|Ringocc has 20 seconds left.\n|\n|t:|1700183703\n|switch|p2b: Gholdenfield|Landorus-Therian, L50, M, shiny|100\/100\n|-ability|p2b: Gholdenfield|Intimidate|boost\n|-unboost|p1a: Iron Hands|atk|1\n|-unboost|p1b: Tornadus|atk|1\n|move|p1b: Tornadus|Bleakwind Storm|p2b: Gholdenfield|[spread] p2a,p2b\n|-damage|p2a: Giroro|83\/100\n|-damage|p2b: Gholdenfield|62\/100\n|-unboost|p2b: Gholdenfield|spe|1\n|move|p1a: Iron Hands|Drain Punch|p2b: Gholdenfield\n|-resisted|p2b: Gholdenfield\n|-damage|p2b: Gholdenfield|47\/100\n|-heal|p1a: Iron Hands|79\/100|[from] drain|[of] p2b: Gholdenfield\n|move|p2a: Giroro|Heat Wave|p1b: Tornadus|[spread] p1a,p1b\n|-resisted|p1a: Iron Hands\n|-crit|p1b: Tornadus\n|-damage|p1a: Iron Hands|67\/100\n|-damage|p1b: Tornadus|0 fnt\n|faint|p1b: Tornadus\n|\n|-heal|p1a: Iron Hands|73\/100|[from] Grassy Terrain\n|-heal|p2a: Giroro|89\/100|[from] Grassy Terrain\n|upkeep\n|\n|t:|1700183725\n|switch|p1b: Landorus|Landorus-Therian, L50, M|100\/100\n|-ability|p1b: Landorus|Intimidate|boost\n|-unboost|p2a: Giroro|atk|1\n|-unboost|p2b: Gholdenfield|atk|1\n|turn|4\n|\n|t:|1700183747\n|switch|p2b: Uma Delicia|Rillaboom, L50, M, shiny|100\/100\n|move|p1b: Landorus|Rock Slide|p2b: Uma Delicia|[spread] p2a,p2b\n|-damage|p2a: Giroro|72\/100\n|-damage|p2b: Uma Delicia|82\/100\n|move|p1a: Iron Hands|Heavy Slam|p2a: Giroro\n|-supereffective|p2a: Giroro\n|-damage|p2a: Giroro|54\/100\n|move|p2a: Giroro|Tera Blast|p1a: Iron Hands|[anim] Tera Blast Fairy\n|-resisted|p1a: Iron Hands\n|-damage|p1a: Iron Hands|59\/100\n|\n|-heal|p1a: Iron Hands|65\/100|[from] Grassy Terrain\n|-heal|p2b: Uma Delicia|88\/100|[from] Grassy Terrain\n|-heal|p2a: Giroro|60\/100|[from] Grassy Terrain\n|upkeep\n|turn|5\n|inactive|MoggyOh has 30 seconds left.\n|\n|t:|1700183773\n|switch|p2b: Gholdenfield|Landorus-Therian, L50, M, shiny|47\/100\n|-ability|p2b: Gholdenfield|Intimidate|boost\n|-unboost|p1a: Iron Hands|atk|1\n|-unboost|p1b: Landorus|atk|1\n|move|p1b: Landorus|Rock Slide|p2a: Giroro|[spread] p2a\n|-miss|p1b: Landorus|p2b: Gholdenfield\n|-damage|p2a: Giroro|49\/100\n|move|p1a: Iron Hands|Heavy Slam|p2a: Giroro\n|-supereffective|p2a: Giroro\n|-damage|p2a: Giroro|35\/100\n|cant|p2a: Giroro|flinch\n|\n|-heal|p1a: Iron Hands|72\/100|[from] Grassy Terrain\n|-heal|p2a: Giroro|41\/100|[from] Grassy Terrain\n|-sideend|p1: Ringocc|move: Tailwind\n|upkeep\n|turn|6\n|inactive|Ringocc has 30 seconds left.\n|inactive|MoggyOh has 30 seconds left.\n|\n|t:|1700183807\n|move|p2b: Gholdenfield|Rock Slide|p1a: Iron Hands|[spread] p1a,p1b\n|-supereffective|p1a: Iron Hands\n|-damage|p1a: Iron Hands|45\/100\n|-damage|p1b: Landorus|82\/100\n|move|p1b: Landorus|Rock Slide|p2a: Giroro|[spread] p2a,p2b\n|-damage|p2a: Giroro|29\/100\n|-damage|p2b: Gholdenfield|35\/100\n|move|p2a: Giroro|Heat Wave|p1b: Landorus|[spread] p1a,p1b\n|-resisted|p1a: Iron Hands\n|-damage|p1a: Iron Hands|32\/100\n|-damage|p1b: Landorus|39\/100\n|move|p1a: Iron Hands|Drain Punch|p2b: Gholdenfield\n|-resisted|p2b: Gholdenfield\n|-crit|p2b: Gholdenfield\n|-damage|p2b: Gholdenfield|2\/100\n|-heal|p1a: Iron Hands|45\/100|[from] drain|[of] p2b: Gholdenfield\n|\n|-heal|p2a: Giroro|35\/100|[from] Grassy Terrain\n|-heal|p1a: Iron Hands|52\/100|[from] Grassy Terrain\n|-fieldend|move: Grassy Terrain\n|upkeep\n|turn|7\n|inactive|Ringocc has 30 seconds left.\n|\n|t:|1700183833\n|move|p2b: Gholdenfield|Rock Slide|p1a: Iron Hands|[spread] p1a,p1b\n|-supereffective|p1a: Iron Hands\n|-damage|p1a: Iron Hands|25\/100\n|-damage|p1b: Landorus|18\/100\n|move|p1b: Landorus|Rock Slide|p2b: Gholdenfield|[spread] p2a\n|-miss|p1b: Landorus|p2b: Gholdenfield\n|-damage|p2a: Giroro|24\/100\n|move|p2a: Giroro|Earth Power|p1a: Iron Hands\n|-supereffective|p1a: Iron Hands\n|-damage|p1a: Iron Hands|0 fnt\n|faint|p1a: Iron Hands\n|-end|p1a: Iron Hands|Quark Drive|[silent]\n|\n|upkeep\n|turn|8\n|\n|t:|1700183850\n|move|p2b: Gholdenfield|Rock Slide|p1b: Landorus\n|-damage|p1b: Landorus|0 fnt\n|faint|p1b: Landorus\n|\n|win|MoggyOh\n|raw|Ringocc's rating: 1397 &rarr; <strong>1378<\/strong><br \/>(-19 for losing)\n|raw|MoggyOh's rating: 1408 &rarr; <strong>1427<\/strong><br \/>(+19 for winning)\n|l|\u2606Ringocc\n","uploadtime":1700183865,"views":12,"p1id":"ringocc","p2id":"moggyoh","formatid":"gen9vgc2023regulatione","rating":1378,"private":0,"password":""}