{"id":"gen9vgc2023regulatione-1989195899","p1":"Kzjejzk","p2":"Alienatedfob1","format":"[Gen 9] VGC 2023 Regulation E","log":"|j|\u2606Kzjejzk\n|j|\u2606Alienatedfob1\n|t:|1699822265\n|gametype|doubles\n|player|p1|Kzjejzk|lance|1046\n|player|p2|Alienatedfob1|riley|1090\n|teamsize|p1|6\n|teamsize|p2|6\n|gen|9\n|tier|[Gen 9] VGC 2023 Regulation E\n|rated|\n|rule|Species Clause: Limit one of each Pok\u00e9mon\n|rule|Item Clause: Limit one of each item\n|clearpoke\n|poke|p1|Flutter Mane, L50|\n|poke|p1|Tornadus, L50, M|\n|poke|p1|Rillaboom, L50, F|\n|poke|p1|Garganacl, L50, F|\n|poke|p1|Arcanine-Hisui, L50, M|\n|poke|p1|Chien-Pao, L50|\n|poke|p2|Flutter Mane, L50|\n|poke|p2|Ogerpon-Hearthflame, L50, F|\n|poke|p2|Iron Hands, L50|\n|poke|p2|Tornadus, L50, M|\n|poke|p2|Urshifu-*, L50, M|\n|poke|p2|Rillaboom, L50, M|\n|teampreview|4\n|\n|t:|1699822302\n|start\n|switch|p1a: Tornadus|Tornadus, L50, M|100\/100\n|switch|p1b: Garganacl|Garganacl, L50, F|100\/100\n|switch|p2a: Iron Hands|Iron Hands, L50|100\/100\n|switch|p2b: Flutter Mane|Flutter Mane, L50|100\/100\n|turn|1\n|\n|t:|1699822317\n|-terastallize|p1b: Garganacl|Ghost\n|move|p2a: Iron Hands|Fake Out|p1b: Garganacl\n|-immune|p1b: Garganacl\n|move|p2b: Flutter Mane|Power Gem|p1a: Tornadus\n|-supereffective|p1a: Tornadus\n|-crit|p1a: Tornadus\n|-damage|p1a: Tornadus|0 fnt\n|faint|p1a: Tornadus\n|move|p1b: Garganacl|Salt Cure|p2b: Flutter Mane\n|-damage|p2b: Flutter Mane|70\/100\n|-start|p2b: Flutter Mane|Salt Cure\n|\n|-damage|p2b: Flutter Mane|57\/100|[from] Salt Cure\n|upkeep\n|\n|t:|1699822331\n|switch|p1a: Flutter Mane|Flutter Mane, L50|100\/100\n|-enditem|p1a: Flutter Mane|Booster Energy\n|-activate|p1a: Flutter Mane|ability: Protosynthesis|[fromitem]\n|-start|p1a: Flutter Mane|protosynthesisspe\n|turn|2\n|\n|t:|1699822346\n|-end|p2b: Flutter Mane|Protosynthesis|[silent]\n|switch|p2b: Ogerpon|Ogerpon-Hearthflame, L50, F|100\/100\n|-ability|p2b: Ogerpon|Mold Breaker\n|-terastallize|p2a: Iron Hands|Fire\n|move|p1a: Flutter Mane|Protect|p1a: Flutter Mane\n|-singleturn|p1a: Flutter Mane|Protect\n|move|p2a: Iron Hands|Heavy Slam|p1a: Flutter Mane\n|-activate|p1a: Flutter Mane|move: Protect\n|move|p1b: Garganacl|Iron Defense|p1b: Garganacl\n|-boost|p1b: Garganacl|def|2\n|\n|upkeep\n|turn|3\n|\n|t:|1699822362\n|move|p2b: Ogerpon|Spiky Shield|p2b: Ogerpon\n|-singleturn|p2b: Ogerpon|move: Protect\n|move|p1a: Flutter Mane|Substitute|p1a: Flutter Mane\n|-start|p1a: Flutter Mane|Substitute\n|-damage|p1a: Flutter Mane|76\/100\n|move|p2a: Iron Hands|Heavy Slam|p1a: Flutter Mane\n|-supereffective|p1a: Flutter Mane\n|-end|p1a: Flutter Mane|Substitute\n|move|p1b: Garganacl|Salt Cure|p2b: Ogerpon\n|-activate|p2b: Ogerpon|move: Protect\n|\n|upkeep\n|turn|4\n|\n|t:|1699822375\n|switch|p2b: Flutter Mane|Flutter Mane, L50|57\/100\n|move|p1a: Flutter Mane|Protect|p1a: Flutter Mane\n|-singleturn|p1a: Flutter Mane|Protect\n|move|p2a: Iron Hands|Heavy Slam|p1a: Flutter Mane\n|-activate|p1a: Flutter Mane|move: Protect\n|move|p1b: Garganacl|Salt Cure|p2b: Flutter Mane\n|-damage|p2b: Flutter Mane|24\/100\n|-start|p2b: Flutter Mane|Salt Cure\n|\n|-damage|p2b: Flutter Mane|12\/100|[from] Salt Cure\n|upkeep\n|turn|5\n|\n|t:|1699822393\n|-end|p1a: Flutter Mane|Protosynthesis|[silent]\n|switch|p1a: Rillaboom|Rillaboom, L50, F|100\/100\n|-fieldstart|move: Grassy Terrain|[from] ability: Grassy Surge|[of] p1a: Rillaboom\n|move|p2b: Flutter Mane|Shadow Ball|p1b: Garganacl\n|-supereffective|p1b: Garganacl\n|-damage|p1b: Garganacl|60\/100\n|move|p2a: Iron Hands|Heavy Slam|p1a: Rillaboom\n|-damage|p1a: Rillaboom|60\/100\n|move|p1b: Garganacl|Recover|p1b: Garganacl\n|-heal|p1b: Garganacl|100\/100\n|\n|-heal|p2b: Flutter Mane|18\/100|[from] Grassy Terrain\n|-heal|p1a: Rillaboom|66\/100|[from] Grassy Terrain\n|-damage|p2b: Flutter Mane|6\/100|[from] Salt Cure\n|upkeep\n|turn|6\n|\n|t:|1699822410\n|-end|p2a: Iron Hands|Quark Drive|[silent]\n|switch|p2a: Ogerpon|Ogerpon-Hearthflame, L50, F|100\/100\n|-ability|p2a: Ogerpon|Mold Breaker\n|move|p1b: Garganacl|Protect|p1b: Garganacl\n|-singleturn|p1b: Garganacl|Protect\n|move|p1a: Rillaboom|Fake Out|p2a: Ogerpon\n|-damage|p2a: Ogerpon|82\/100\n|move|p2b: Flutter Mane|Shadow Ball|p1b: Garganacl\n|-activate|p1b: Garganacl|move: Protect\n|\n|-heal|p2b: Flutter Mane|12\/100|[from] Grassy Terrain\n|-heal|p2a: Ogerpon|88\/100|[from] Grassy Terrain\n|-heal|p1a: Rillaboom|72\/100|[from] Grassy Terrain\n|-damage|p2b: Flutter Mane|0 fnt|[from] Salt Cure\n|faint|p2b: Flutter Mane\n|-end|p2b: Flutter Mane|Protosynthesis|[silent]\n|upkeep\n|\n|t:|1699822433\n|switch|p2b: Urshifu|Urshifu-Rapid-Strike, L50, M|100\/100\n|turn|7\n|\n|t:|1699822445\n|move|p1a: Rillaboom|Grassy Glide|p2b: Urshifu\n|-supereffective|p2b: Urshifu\n|-damage|p2b: Urshifu|17\/100\n|move|p2b: Urshifu|U-turn|p1a: Rillaboom\n|-supereffective|p1a: Rillaboom\n|-damage|p1a: Rillaboom|29\/100\n|\n|t:|1699822451\n|switch|p2b: Iron Hands|Iron Hands, L50, tera:Fire|100\/100|[from] U-turn\n|move|p2a: Ogerpon|Ivy Cudgel|p1a: Rillaboom\n|-supereffective|p1a: Rillaboom\n|-damage|p1a: Rillaboom|0 fnt\n|faint|p1a: Rillaboom\n|move|p1b: Garganacl|Salt Cure|p2a: Ogerpon\n|-supereffective|p2a: Ogerpon\n|-damage|p2a: Ogerpon|50\/100\n|-start|p2a: Ogerpon|Salt Cure\n|\n|-heal|p2a: Ogerpon|55\/100|[from] Grassy Terrain\n|-damage|p2a: Ogerpon|43\/100|[from] Salt Cure\n|upkeep\n|\n|t:|1699822458\n|switch|p1a: Flutter Mane|Flutter Mane, L50|76\/100\n|turn|8\n|\n|t:|1699822470\n|move|p1a: Flutter Mane|Protect|p1a: Flutter Mane\n|-singleturn|p1a: Flutter Mane|Protect\n|move|p2a: Ogerpon|Spiky Shield|p2a: Ogerpon\n|-singleturn|p2a: Ogerpon|move: Protect\n|move|p2b: Iron Hands|Heavy Slam|p1a: Flutter Mane\n|-activate|p1a: Flutter Mane|move: Protect\n|move|p1b: Garganacl|Iron Defense|p1b: Garganacl\n|-boost|p1b: Garganacl|def|2\n|\n|-heal|p1a: Flutter Mane|82\/100|[from] Grassy Terrain\n|-heal|p2a: Ogerpon|49\/100|[from] Grassy Terrain\n|-damage|p2a: Ogerpon|37\/100|[from] Salt Cure\n|upkeep\n|turn|9\n|-message|Alienatedfob1 forfeited.\n|\n|win|Kzjejzk\n|raw|Kzjejzk's rating: 1046 &rarr; <strong>1083<\/strong><br \/>(+37 for winning)\n|raw|Alienatedfob1's rating: 1090 &rarr; <strong>1064<\/strong><br \/>(-26 for losing)\n|l|\u2606Alienatedfob1\n","uploadtime":1699822483,"views":14,"p1id":"kzjejzk","p2id":"alienatedfob1","formatid":"gen9vgc2023regulatione","rating":1064,"private":0,"password":""}