{"id":"gen9vgc2023regulatione-2000636617","p1":"Digey","p2":"ezyoTC","format":"[Gen 9] VGC 2023 Regulation E","log":"|j|\u2606Digey\n|j|\u2606ezyoTC\n|t:|1701213042\n|gametype|doubles\n|player|p1|Digey|shadowtriad|1031\n|player|p2|ezyoTC|1|1000\n|teamsize|p1|6\n|teamsize|p2|6\n|gen|9\n|tier|[Gen 9] VGC 2023 Regulation E\n|rated|\n|rule|Species Clause: Limit one of each Pok\u00e9mon\n|rule|Item Clause: Limit one of each item\n|clearpoke\n|poke|p1|Iron Bundle, L50|\n|poke|p1|Espathra, L50, F|\n|poke|p1|Iron Hands, L50|\n|poke|p1|Chi-Yu, L50|\n|poke|p1|Farigiraf, L50, M|\n|poke|p1|Landorus-Therian, L50, M|\n|poke|p2|Dondozo, L50, F|\n|poke|p2|Tatsugiri, L50, M|\n|poke|p2|Garchomp, L50, M|\n|poke|p2|Flamigo, L50, F|\n|poke|p2|Chi-Yu, L50|\n|poke|p2|Chien-Pao, L50|\n|teampreview|4\n|inactive|Battle timer is ON: inactive players will automatically lose when time's up. (requested by Digey)\n|\n|t:|1701213055\n|start\n|switch|p1a: Gotta go fast|Iron Bundle, L50|100\/100\n|switch|p1b: Why me?|Espathra, L50, F, shiny|100\/100\n|switch|p2a: Dondozo|Dondozo, L50, F, shiny|100\/100\n|switch|p2b: Tatsugiri|Tatsugiri, L50, M|100\/100\n|-activate|p2b: Tatsugiri|ability: Commander|[of] p2a: Dondozo\n|-boost|p2a: Dondozo|atk|2\n|-boost|p2a: Dondozo|spa|2\n|-boost|p2a: Dondozo|spe|2\n|-boost|p2a: Dondozo|def|2\n|-boost|p2a: Dondozo|spd|2\n|turn|1\n|inactive|Digey has 30 seconds left.\n|\n|t:|1701213090\n|switch|p1b: The law|Farigiraf, L50, M|100\/100\n|move|p1a: Gotta go fast|Freeze-Dry|p2a: Dondozo\n|-supereffective|p2a: Dondozo\n|-damage|p2a: Dondozo|69\/100\n|-enditem|p2a: Dondozo|Weakness Policy\n|-boost|p2a: Dondozo|atk|2|[from] item: Weakness Policy\n|-boost|p2a: Dondozo|spa|2|[from] item: Weakness Policy\n|move|p2a: Dondozo|Earthquake|p1b: The law|[spread] p1a,p1b\n|-miss|p2a: Dondozo|p2b: Tatsugiri\n|-damage|p1a: Gotta go fast|13\/100\n|-damage|p1b: The law|32\/100\n|-enditem|p1a: Gotta go fast|Salac Berry|[eat]\n|-boost|p1a: Gotta go fast|spe|1|[from] item: Salac Berry\n|\n|-status|p2b: Tatsugiri|tox|[from] item: Toxic Orb\n|upkeep\n|turn|2\n|\n|t:|1701213115\n|move|p1a: Gotta go fast|Taunt|p2a: Dondozo\n|-start|p2a: Dondozo|move: Taunt\n|move|p2a: Dondozo|Earthquake|p1a: Gotta go fast|[spread] p1a,p1b\n|-miss|p2a: Dondozo|p2b: Tatsugiri\n|-damage|p1a: Gotta go fast|0 fnt\n|-damage|p1b: The law|0 fnt\n|faint|p1a: Gotta go fast\n|-end|p1a: Gotta go fast|Quark Drive|[silent]\n|faint|p1b: The law\n|\n|-damage|p2b: Tatsugiri|95\/100 tox|[from] psn\n|upkeep\n|\n|t:|1701213128\n|switch|p1a: Why me?|Espathra, L50, F, shiny|100\/100\n|switch|p1b: Non fake out user|Iron Hands, L50|100\/100\n|-enditem|p1b: Non fake out user|Booster Energy\n|-activate|p1b: Non fake out user|ability: Quark Drive|[fromitem]\n|-start|p1b: Non fake out user|quarkdriveatk\n|turn|3\n|\n|t:|1701213150\n|move|p1b: Non fake out user|Fake Out|p2a: Dondozo\n|-damage|p2a: Dondozo|62\/100\n|move|p1a: Why me?|Shadow Ball|p2a: Dondozo\n|-damage|p2a: Dondozo|50\/100\n|cant|p2a: Dondozo|flinch\n|\n|-damage|p2b: Tatsugiri|84\/100 tox|[from] psn\n|-ability|p1a: Why me?|Speed Boost|boost\n|-boost|p1a: Why me?|spe|1\n|upkeep\n|turn|4\n|\n|t:|1701213164\n|-terastallize|p1b: Non fake out user|Fairy\n|move|p1a: Why me?|Shadow Ball|p2a: Dondozo\n|-damage|p2a: Dondozo|41\/100\n|move|p2a: Dondozo|Earthquake|p1a: Why me?|[spread] p1a,p1b\n|-miss|p2a: Dondozo|p2b: Tatsugiri\n|-damage|p1a: Why me?|8\/100\n|-damage|p1b: Non fake out user|56\/100\n|move|p1b: Non fake out user|Wild Charge|p2a: Dondozo\n|-supereffective|p2a: Dondozo\n|-damage|p2a: Dondozo|0 fnt\n|faint|p2a: Dondozo\n|-damage|p1b: Non fake out user|47\/100|[from] Recoil\n|\n|-damage|p2b: Tatsugiri|67\/100 tox|[from] psn\n|-ability|p1a: Why me?|Speed Boost|boost\n|-boost|p1a: Why me?|spe|1\n|upkeep\n|\n|t:|1701213178\n|switch|p2a: Flamigo|Flamigo, L50, F|100\/100\n|-copyboost|p2a: Flamigo|p2b: Tatsugiri|[from] ability: Costar\n|turn|5\n|\n|t:|1701213195\n|move|p1a: Why me?|Dazzling Gleam|p2a: Flamigo|[spread] p2a,p2b\n|-supereffective|p2a: Flamigo\n|-supereffective|p2b: Tatsugiri\n|-damage|p2a: Flamigo|38\/100\n|-damage|p2b: Tatsugiri|26\/100 tox\n|move|p2a: Flamigo|Low Kick|p1b: Non fake out user\n|-resisted|p1b: Non fake out user\n|-damage|p1b: Non fake out user|26\/100\n|move|p2b: Tatsugiri|Memento|p1b: Non fake out user\n|-unboost|p1b: Non fake out user|atk|2\n|-unboost|p1b: Non fake out user|spa|2\n|faint|p2b: Tatsugiri\n|move|p1b: Non fake out user|Wild Charge|p2a: Flamigo\n|-supereffective|p2a: Flamigo\n|-damage|p2a: Flamigo|0 fnt\n|faint|p2a: Flamigo\n|-damage|p1b: Non fake out user|20\/100|[from] Recoil\n|\n|-ability|p1a: Why me?|Speed Boost|boost\n|-boost|p1a: Why me?|spe|1\n|upkeep\n|\n|t:|1701213205\n|switch|p2b: Garchomp|Garchomp, L50, M|100\/100\n|turn|6\n|\n|t:|1701213225\n|move|p2b: Garchomp|Protect|p2b: Garchomp\n|-singleturn|p2b: Garchomp|Protect\n|move|p1a: Why me?|Dazzling Gleam|p2b: Garchomp\n|-activate|p2b: Garchomp|move: Protect\n|move|p1b: Non fake out user|Drain Punch|p2b: Garchomp\n|-activate|p2b: Garchomp|move: Protect\n|\n|-ability|p1a: Why me?|Speed Boost|boost\n|-boost|p1a: Why me?|spe|1\n|upkeep\n|turn|7\n|\n|t:|1701213235\n|move|p1a: Why me?|Dazzling Gleam|p2b: Garchomp\n|-supereffective|p2b: Garchomp\n|-damage|p2b: Garchomp|40\/100\n|move|p2b: Garchomp|Earthquake|p1b: Non fake out user|[spread] p1a,p1b\n|-crit|p1b: Non fake out user\n|-damage|p1a: Why me?|0 fnt\n|-damage|p1b: Non fake out user|0 fnt\n|faint|p1a: Why me?\n|faint|p1b: Non fake out user\n|-end|p1b: Non fake out user|Quark Drive|[silent]\n|\n|win|ezyoTC\n|raw|Digey's rating: 1031 &rarr; <strong>1015<\/strong><br \/>(-16 for losing)\n|raw|ezyoTC's rating: 1000 &rarr; <strong>1044<\/strong><br \/>(+44 for winning)\n|c|\u2606Digey|Almost\n","uploadtime":1701213257,"views":10,"p1id":"digey","p2id":"ezyotc","formatid":"gen9vgc2023regulatione","rating":1015,"private":0,"password":""}