{"id":"gen9vgc2023regulatione-1990830796","p1":"TheLittleFishe","p2":"AXELLARAMENA","format":"[Gen 9] VGC 2023 Regulation E","log":"|j|\u2606TheLittleFishe\n|j|\u2606AXELLARAMENA\n|t:|1700005298\n|gametype|doubles\n|player|p1|TheLittleFishe|steven|1094\n|player|p2|AXELLARAMENA|1|1025\n|teamsize|p1|6\n|teamsize|p2|6\n|gen|9\n|tier|[Gen 9] VGC 2023 Regulation E\n|rated|\n|rule|Species Clause: Limit one of each Pok\u00e9mon\n|rule|Item Clause: Limit one of each item\n|clearpoke\n|poke|p1|Iron Hands, L50|\n|poke|p1|Regieleki, L50|\n|poke|p1|Arcanine, L50, M|\n|poke|p1|Roaring Moon, L50|\n|poke|p1|Ogerpon-Hearthflame, L50, F|\n|poke|p1|Urshifu-*, L50, F|\n|poke|p2|Torterra, L50, M|\n|poke|p2|Sinistcha, L50|\n|poke|p2|Grumpig, L50, F|\n|poke|p2|Talonflame, L50, M|\n|poke|p2|Ursaluna-Bloodmoon, L50, M|\n|poke|p2|Indeedee-F, L50, F|\n|teampreview|4\n|\n|t:|1700005313\n|start\n|switch|p1a: The Flash|Regieleki, L50, shiny|100\/100\n|switch|p1b: Hironyama|Iron Hands, L50|100\/100\n|switch|p2a: Indeedee|Indeedee-F, L50, F|100\/100\n|switch|p2b: Grumpig|Grumpig, L50, F, shiny|100\/100\n|-fieldstart|move: Psychic Terrain|[from] ability: Psychic Surge|[of] p2a: Indeedee\n|-enditem|p2a: Indeedee|Psychic Seed\n|-boost|p2a: Indeedee|spd|1|[from] item: Psychic Seed\n|turn|1\n|\n|t:|1700005352\n|switch|p2a: Ursaluna|Ursaluna-Bloodmoon, L50, M|100\/100\n|move|p1a: The Flash|Thunderbolt|p2a: Ursaluna\n|-immune|p2a: Ursaluna\n|move|p1b: Hironyama|Heavy Slam|p2a: Ursaluna\n|-damage|p2a: Ursaluna|87\/100\n|move|p2b: Grumpig|Trick Room|p2b: Grumpig\n|-fieldstart|move: Trick Room|[of] p2b: Grumpig\n|\n|upkeep\n|turn|2\n|\n|t:|1700005377\n|switch|p2b: Sinistcha|Sinistcha, L50, shiny|100\/100\n|-heal|p2a: Ursaluna|100\/100|[from] ability: Hospitality|[of] p2b: Sinistcha\n|-terastallize|p2a: Ursaluna|Fairy\n|move|p1a: The Flash|Protect|p1a: The Flash\n|-singleturn|p1a: The Flash|Protect\n|move|p2a: Ursaluna|Calm Mind|p2a: Ursaluna\n|-boost|p2a: Ursaluna|spa|1\n|-boost|p2a: Ursaluna|spd|1\n|move|p1b: Hironyama|Drain Punch|p2a: Ursaluna\n|-resisted|p2a: Ursaluna\n|-damage|p2a: Ursaluna|82\/100\n|\n|upkeep\n|turn|3\n|\n|t:|1700005411\n|switch|p2b: Grumpig|Grumpig, L50, F, shiny|100\/100\n|move|p2a: Ursaluna|Hyper Voice|p1a: The Flash|[spread] p1a,p1b\n|-crit|p1b: Hironyama\n|-damage|p1a: The Flash|0 fnt\n|-damage|p1b: Hironyama|42\/100\n|faint|p1a: The Flash\n|-enditem|p2a: Ursaluna|Throat Spray\n|-boost|p2a: Ursaluna|spa|1|[from] item: Throat Spray\n|move|p1b: Hironyama|Heavy Slam|p2a: Ursaluna\n|-supereffective|p2a: Ursaluna\n|-damage|p2a: Ursaluna|56\/100\n|\n|upkeep\n|\n|t:|1700005424\n|switch|p1a: Protect? nunca vi|Urshifu-Rapid-Strike, L50, F|100\/100\n|turn|4\n|\n|t:|1700005440\n|switch|p2b: Sinistcha|Sinistcha, L50, shiny|100\/100\n|-heal|p2a: Ursaluna|81\/100|[from] ability: Hospitality|[of] p2b: Sinistcha\n|-terastallize|p1b: Hironyama|Steel\n|move|p2a: Ursaluna|Hyper Voice|p1b: Hironyama|[spread] p1a,p1b\n|-resisted|p1b: Hironyama\n|-damage|p1a: Protect? nunca vi|0 fnt\n|-damage|p1b: Hironyama|15\/100\n|faint|p1a: Protect? nunca vi\n|move|p1b: Hironyama|Heavy Slam|p2a: Ursaluna\n|-supereffective|p2a: Ursaluna\n|-damage|p2a: Ursaluna|43\/100\n|\n|upkeep\n|\n|t:|1700005454\n|switch|p1a: futuro intimidate|Roaring Moon, L50|100\/100\n|-enditem|p1a: futuro intimidate|Booster Energy\n|-activate|p1a: futuro intimidate|ability: Protosynthesis|[fromitem]\n|-start|p1a: futuro intimidate|protosynthesisspe\n|turn|5\n|\n|t:|1700005470\n|move|p2a: Ursaluna|Hyper Voice|p1b: Hironyama|[spread] p1a,p1b\n|-resisted|p1b: Hironyama\n|-damage|p1a: futuro intimidate|22\/100\n|-damage|p1b: Hironyama|0 fnt\n|faint|p1b: Hironyama\n|-end|p1b: Hironyama|Quark Drive|[silent]\n|move|p2b: Sinistcha|Life Dew||[still]|[spread] p2a,p2b\n|-heal|p2a: Ursaluna|68\/100\n|-fail|p2b: Sinistcha|heal\n|move|p1a: futuro intimidate|Knock Off|p2b: Sinistcha\n|-supereffective|p2b: Sinistcha\n|-damage|p2b: Sinistcha|10\/100\n|-damage|p1a: futuro intimidate|5\/100|[from] item: Rocky Helmet|[of] p2b: Sinistcha\n|-enditem|p2b: Sinistcha|Rocky Helmet|[from] move: Knock Off|[of] p1a: futuro intimidate\n|\n|-fieldend|move: Trick Room\n|-fieldend|move: Psychic Terrain\n|upkeep\n|turn|6\n|\n|t:|1700005492\n|move|p1a: futuro intimidate|Acrobatics|p2a: Ursaluna\n|-damage|p2a: Ursaluna|39\/100\n|move|p2a: Ursaluna|Hyper Voice|p1a: futuro intimidate\n|-damage|p1a: futuro intimidate|0 fnt\n|faint|p1a: futuro intimidate\n|-end|p1a: futuro intimidate|Protosynthesis|[silent]\n|\n|win|AXELLARAMENA\n|raw|TheLittleFishe's rating: 1094 &rarr; <strong>1065<\/strong><br \/>(-29 for losing)\n|raw|AXELLARAMENA's rating: 1025 &rarr; <strong>1068<\/strong><br \/>(+43 for winning)\n|l|\u2606TheLittleFishe\n","uploadtime":1700005504,"views":8,"p1id":"thelittlefishe","p2id":"axellaramena","formatid":"gen9vgc2023regulatione","rating":1065,"private":0,"password":""}