{"id":"gen9vgc2023regulatione-1993958917","p1":"BeasTxBrojacK","p2":"Mortipherus","format":"[Gen 9] VGC 2023 Regulation E","log":"|j|\u2606BeasTxBrojacK\n|j|\u2606Mortipherus\n|t:|1700382949\n|gametype|doubles\n|player|p1|BeasTxBrojacK|101|1168\n|player|p2|Mortipherus|biker-gen4|1279\n|teamsize|p1|6\n|teamsize|p2|6\n|gen|9\n|tier|[Gen 9] VGC 2023 Regulation E\n|rated|\n|rule|Species Clause: Limit one of each Pok\u00e9mon\n|rule|Item Clause: Limit one of each item\n|clearpoke\n|poke|p1|Iron Hands, L50|\n|poke|p1|Grimmsnarl, L50, M|\n|poke|p1|Heatran, L50, M|\n|poke|p1|Urshifu-*, L50, F|\n|poke|p1|Scream Tail, L50|\n|poke|p1|Ursaluna, L50, M|\n|poke|p2|Ursaluna-Bloodmoon, L50, M|\n|poke|p2|Iron Hands, L50|\n|poke|p2|Flutter Mane, L50|\n|poke|p2|Ogerpon-Cornerstone, L50, F|\n|poke|p2|Farigiraf, L50, F|\n|poke|p2|Urshifu-*, L50, F|\n|teampreview|4\n|\n|t:|1700382978\n|start\n|switch|p1a: Tails|Scream Tail, L50|100\/100\n|switch|p1b: Hikaru|Iron Hands, L50|100\/100\n|switch|p2a: Flutter Mane|Flutter Mane, L50, shiny|100\/100\n|switch|p2b: Urshifu|Urshifu, L50, F|100\/100\n|-enditem|p2a: Flutter Mane|Booster Energy\n|-activate|p2a: Flutter Mane|ability: Protosynthesis|[fromitem]\n|-start|p2a: Flutter Mane|protosynthesisspe\n|-enditem|p1a: Tails|Booster Energy\n|-activate|p1a: Tails|ability: Protosynthesis|[fromitem]\n|-start|p1a: Tails|protosynthesisspe\n|turn|1\n|\n|t:|1700383001\n|move|p1b: Hikaru|Detect|p1b: Hikaru\n|-singleturn|p1b: Hikaru|Protect\n|move|p2a: Flutter Mane|Shadow Ball|p1a: Tails\n|-supereffective|p1a: Tails\n|-damage|p1a: Tails|40\/100\n|move|p1a: Tails|Thunder Wave|p2a: Flutter Mane\n|-status|p2a: Flutter Mane|par\n|move|p2b: Urshifu|Poison Jab|p1a: Tails\n|-supereffective|p1a: Tails\n|-damage|p1a: Tails|0 fnt\n|faint|p1a: Tails\n|-end|p1a: Tails|Protosynthesis|[silent]\n|\n|upkeep\n|\n|t:|1700383023\n|switch|p1a: Molt|Heatran, L50, M|100\/100\n|-item|p1a: Molt|Air Balloon\n|turn|2\n|inactive|Battle timer is ON: inactive players will automatically lose when time's up. (requested by Mortipherus)\n|\n|t:|1700383033\n|switch|p2b: Iron Hands|Iron Hands, L50|100\/100\n|cant|p2a: Flutter Mane|par\n|move|p1a: Molt|Flash Cannon|p2a: Flutter Mane\n|-supereffective|p2a: Flutter Mane\n|-damage|p2a: Flutter Mane|3\/100 par\n|move|p1b: Hikaru|Swords Dance|p1b: Hikaru\n|-boost|p1b: Hikaru|atk|2\n|\n|upkeep\n|turn|3\n|\n|t:|1700383054\n|move|p2b: Iron Hands|Fake Out|p1a: Molt\n|-resisted|p1a: Molt\n|-damage|p1a: Molt|93\/100\n|-enditem|p1a: Molt|Air Balloon\n|cant|p2a: Flutter Mane|par\n|cant|p1a: Molt|flinch\n|move|p1b: Hikaru|Drain Punch|p2b: Iron Hands\n|-damage|p2b: Iron Hands|44\/100\n|\n|upkeep\n|turn|4\n|\n|t:|1700383071\n|move|p1b: Hikaru|Detect|p1b: Hikaru\n|-singleturn|p1b: Hikaru|Protect\n|move|p2a: Flutter Mane|Moonblast|p1b: Hikaru\n|-activate|p1b: Hikaru|move: Protect\n|move|p1a: Molt|Heat Wave|p2a: Flutter Mane|[spread] p2a,p2b\n|-crit|p2b: Iron Hands\n|-damage|p2a: Flutter Mane|0 fnt\n|-damage|p2b: Iron Hands|13\/100\n|faint|p2a: Flutter Mane\n|-end|p2a: Flutter Mane|Protosynthesis|[silent]\n|move|p2b: Iron Hands|Drain Punch|p1a: Molt\n|-supereffective|p1a: Molt\n|-damage|p1a: Molt|18\/100\n|-heal|p2b: Iron Hands|44\/100|[from] drain|[of] p1a: Molt\n|\n|upkeep\n|\n|t:|1700383088\n|switch|p2a: Urshifu|Urshifu, L50, F|100\/100\n|turn|5\n|\n|t:|1700383101\n|-terastallize|p2a: Urshifu|Poison\n|move|p2a: Urshifu|Sucker Punch|p1a: Molt\n|-damage|p1a: Molt|0 fnt\n|faint|p1a: Molt\n|move|p1b: Hikaru|Drain Punch|p2a: Urshifu\n|-resisted|p2a: Urshifu\n|-damage|p2a: Urshifu|62\/100\n|move|p2b: Iron Hands|Drain Punch|p1b: Hikaru\n|-damage|p1b: Hikaru|76\/100\n|-heal|p2b: Iron Hands|57\/100|[from] drain|[of] p1b: Hikaru\n|\n|upkeep\n|\n|t:|1700383112\n|switch|p1a: Osu|Urshifu, L50, F|100\/100\n|turn|6\n|\n|t:|1700383124\n|move|p2a: Urshifu|Sucker Punch|p1a: Osu\n|-resisted|p1a: Osu\n|-damage|p1a: Osu|88\/100\n|move|p1a: Osu|Wicked Blow|p2a: Urshifu\n|-crit|p2a: Urshifu\n|-damage|p2a: Urshifu|7\/100\n|move|p1b: Hikaru|Drain Punch|p2b: Iron Hands\n|-damage|p2b: Iron Hands|0 fnt\n|-heal|p1b: Hikaru|100\/100|[from] drain|[of] p2b: Iron Hands\n|faint|p2b: Iron Hands\n|-end|p2b: Iron Hands|Quark Drive|[silent]\n|\n|upkeep\n|\n|t:|1700383136\n|switch|p2b: Ursaluna|Ursaluna-Bloodmoon, L50, M|100\/100\n|turn|7\n|\n|t:|1700383152\n|-terastallize|p1b: Hikaru|Flying\n|move|p2a: Urshifu|Sucker Punch|p1b: Hikaru\n|-damage|p1b: Hikaru|69\/100\n|move|p1a: Osu|Wicked Blow|p2a: Urshifu\n|-crit|p2a: Urshifu\n|-damage|p2a: Urshifu|0 fnt\n|faint|p2a: Urshifu\n|move|p1b: Hikaru|Drain Punch|p2b: Ursaluna\n|-supereffective|p2b: Ursaluna\n|-damage|p2b: Ursaluna|0 fnt\n|-heal|p1b: Hikaru|100\/100|[from] drain|[of] p2b: Ursaluna\n|faint|p2b: Ursaluna\n|\n|win|BeasTxBrojacK\n|raw|BeasTxBrojacK's rating: 1168 &rarr; <strong>1201<\/strong><br \/>(+33 for winning)\n|raw|Mortipherus's rating: 1279 &rarr; <strong>1246<\/strong><br \/>(-33 for losing)\n","uploadtime":1700383192,"views":19,"p1id":"beastxbrojack","p2id":"mortipherus","formatid":"gen9vgc2023regulatione","rating":1201,"private":0,"password":""}