{"id":"gen9vgc2023regulatione-1988814200","p1":"wholesomeisland","p2":"RyuSennin","format":"[Gen 9] VGC 2023 Regulation E","log":"|j|\u2606wholesomeisland\n|j|\u2606RyuSennin\n|t:|1699767069\n|gametype|doubles\n|player|p1|wholesomeisland|101|1173\n|player|p2|RyuSennin|colress|1082\n|teamsize|p1|6\n|teamsize|p2|6\n|gen|9\n|tier|[Gen 9] VGC 2023 Regulation E\n|rated|\n|rule|Species Clause: Limit one of each Pok\u00e9mon\n|rule|Item Clause: Limit one of each item\n|clearpoke\n|poke|p1|Tornadus, L50, M|\n|poke|p1|Cresselia, L50, F|\n|poke|p1|Arcanine, L50, F|\n|poke|p1|Amoonguss, L50, F|\n|poke|p1|Garchomp, L50, F|\n|poke|p1|Iron Valiant, L50|\n|poke|p2|Flutter Mane, L50|\n|poke|p2|Tornadus, L50, M|\n|poke|p2|Urshifu-*, L50, F|\n|poke|p2|Arcanine-Hisui, L50, F|\n|poke|p2|Chien-Pao, L50|\n|poke|p2|Rillaboom, L50, F|\n|teampreview|4\n|inactive|Battle timer is ON: inactive players will automatically lose when time's up. (requested by RyuSennin)\nwholesomeisland has agreed to open team sheets.\nRyuSennin rejected open team sheets.\n|\n|t:|1699767083\n|start\n|switch|p1a: Tornadus|Tornadus, L50, M, shiny|100\/100\n|switch|p1b: Cresselia|Cresselia, L50, F, shiny|100\/100\n|switch|p2a: Tornadus|Tornadus, L50, M|100\/100\n|switch|p2b: Chien-Pao|Chien-Pao, L50|100\/100\n|-ability|p2b: Chien-Pao|Sword of Ruin\n|turn|1\n|\n|t:|1699767101\n|move|p2a: Tornadus|Taunt|p1a: Tornadus\n|-start|p1a: Tornadus|move: Taunt\n|cant|p1a: Tornadus|move: Taunt|Tailwind\n|move|p2b: Chien-Pao|Icicle Crash|p1a: Tornadus\n|-supereffective|p1a: Tornadus\n|-damage|p1a: Tornadus|0 fnt\n|faint|p1a: Tornadus\n|move|p1b: Cresselia|Dazzling Gleam|p2b: Chien-Pao|[spread] p2a,p2b\n|-supereffective|p2b: Chien-Pao\n|-damage|p2a: Tornadus|84\/100\n|-damage|p2b: Chien-Pao|52\/100\n|\n|upkeep\n|\n|t:|1699767114\n|switch|p1a: Garchomp|Garchomp, L50, F|100\/100\n|turn|2\n|\n|t:|1699767132\n|switch|p2b: Arcanine|Arcanine-Hisui, L50, F|100\/100\n|-ability|p2b: Arcanine|Intimidate|boost\n|-unboost|p1a: Garchomp|atk|1\n|-unboost|p1b: Cresselia|atk|1\n|move|p2a: Tornadus|Rain Dance|p2a: Tornadus\n|-weather|RainDance\n|move|p1a: Garchomp|Rock Slide|p2a: Tornadus|[spread] p2a,p2b\n|-supereffective|p2a: Tornadus\n|-supereffective|p2b: Arcanine\n|-damage|p2a: Tornadus|56\/100\n|-damage|p2b: Arcanine|67\/100\n|move|p1b: Cresselia|Calm Mind|p1b: Cresselia\n|-boost|p1b: Cresselia|spa|1\n|-boost|p1b: Cresselia|spd|1\n|\n|-weather|RainDance|[upkeep]\n|upkeep\n|turn|3\n|\n|t:|1699767150\n|switch|p2b: Urshifu|Urshifu-Rapid-Strike, L50, F|100\/100\n|move|p2a: Tornadus|Taunt|p1b: Cresselia\n|-start|p1b: Cresselia|move: Taunt\n|move|p1a: Garchomp|Earthquake|p2b: Urshifu|[spread] p2b\n|-immune|p1b: Cresselia|[from] ability: Levitate\n|-immune|p2a: Tornadus\n|-damage|p2b: Urshifu|78\/100\n|move|p1b: Cresselia|Dazzling Gleam|p2b: Urshifu|[spread] p2a,p2b\n|-supereffective|p2b: Urshifu\n|-damage|p2a: Tornadus|30\/100\n|-damage|p2b: Urshifu|27\/100\n|\n|-weather|RainDance|[upkeep]\n|upkeep\n|turn|4\n|\n|t:|1699767171\n|-terastallize|p2b: Urshifu|Water\n|move|p2a: Tornadus|Tailwind|p2a: Tornadus\n|-sidestart|p2: RyuSennin|move: Tailwind\n|move|p2b: Urshifu|Surging Strikes|p1b: Cresselia\n|-crit|p1b: Cresselia\n|-damage|p1b: Cresselia|65\/100\n|-crit|p1b: Cresselia\n|-damage|p1b: Cresselia|30\/100\n|-crit|p1b: Cresselia\n|-damage|p1b: Cresselia|0 fnt\n|faint|p1b: Cresselia\n|-hitcount|p1: Cresselia|3\n|move|p1a: Garchomp|Rock Slide|p2b: Urshifu|[spread] p2b\n|-miss|p1a: Garchomp|p2a: Tornadus\n|-damage|p2b: Urshifu|13\/100\n|\n|-weather|RainDance|[upkeep]\n|upkeep\n|\n|t:|1699767186\n|switch|p1b: Iron Valiant|Iron Valiant, L50|100\/100\n|turn|5\n|\n|t:|1699767197\n|move|p1a: Garchomp|Protect|p1a: Garchomp\n|-singleturn|p1a: Garchomp|Protect\n|move|p2a: Tornadus|Bleakwind Storm|p1b: Iron Valiant|[spread] p1b\n|-activate|p1a: Garchomp|move: Protect\n|-supereffective|p1b: Iron Valiant\n|-damage|p1b: Iron Valiant|0 fnt\n|faint|p1b: Iron Valiant\n|-end|p1b: Iron Valiant|Quark Drive|[silent]\n|move|p2b: Urshifu|Surging Strikes|p1a: Garchomp\n|-crit|p1a: Garchomp\n|-damage|p1a: Garchomp|45\/100\n|-damage|p2b: Urshifu|1\/100|[from] ability: Rough Skin|[of] p1a: Garchomp\n|-crit|p1a: Garchomp\n|-damage|p1a: Garchomp|0 fnt\n|-damage|p2b: Urshifu|0 fnt|[from] ability: Rough Skin|[of] p1a: Garchomp\n|faint|p1a: Garchomp\n|faint|p2b: Urshifu\n|\n|win|RyuSennin\n|-hitcount|p1: Garchomp|2\n|raw|wholesomeisland's rating: 1173 &rarr; <strong>1142<\/strong><br \/>(-31 for losing)\n|raw|RyuSennin's rating: 1082 &rarr; <strong>1117<\/strong><br \/>(+35 for winning)\n","uploadtime":1699767214,"views":13,"p1id":"wholesomeisland","p2id":"ryusennin","formatid":"gen9vgc2023regulatione","rating":1117,"private":0,"password":""}