{"id":"gen9vgc2023regulatione-1989861959","p1":"casper22","p2":"jwtw","format":"[Gen 9] VGC 2023 Regulation E","log":"|j|\u2606casper22\n|j|\u2606jwtw\n|t:|1699901910\n|gametype|doubles\n|player|p1|casper22|266|1310\n|player|p2|jwtw|n|1290\n|teamsize|p1|6\n|teamsize|p2|6\n|gen|9\n|tier|[Gen 9] VGC 2023 Regulation E\n|rated|\n|rule|Species Clause: Limit one of each Pok\u00e9mon\n|rule|Item Clause: Limit one of each item\n|clearpoke\n|poke|p1|Flutter Mane, L50|\n|poke|p1|Tornadus, L50, M|\n|poke|p1|Farigiraf, L50, F|\n|poke|p1|Iron Valiant, L50|\n|poke|p1|Urshifu-*, L50, M|\n|poke|p1|Regidrago, L50|\n|poke|p2|Ogerpon-Wellspring, L50, F|\n|poke|p2|Chi-Yu, L50|\n|poke|p2|Tornadus, L50, M|\n|poke|p2|Flutter Mane, L50|\n|poke|p2|Gholdengo, L50|\n|poke|p2|Landorus-Therian, L50, M|\n|teampreview|4\n|inactive|Battle timer is ON: inactive players will automatically lose when time's up. (requested by jwtw)\n|inactive|casper22 has 60 seconds left.\n|inactive|jwtw has 60 seconds left.\n|\n|t:|1699901965\n|start\n|switch|p1a: Tornadus|Tornadus, L50, M|100\/100\n|switch|p1b: Regidrago|Regidrago, L50|100\/100\n|switch|p2a: Gholdengo|Gholdengo, L50|100\/100\n|switch|p2b: Ogerpon|Ogerpon-Wellspring, L50, F|100\/100\n|turn|1\n|inactive|casper22 has 30 seconds left.\n|inactive|jwtw has 30 seconds left.\n|\n|t:|1699901992\n|move|p2b: Ogerpon|Spiky Shield|p2b: Ogerpon\n|-singleturn|p2b: Ogerpon|move: Protect\n|move|p1a: Tornadus|Bleakwind Storm|p2a: Gholdengo|[spread] p2a\n|-activate|p2b: Ogerpon|move: Protect\n|-resisted|p2a: Gholdengo\n|-damage|p2a: Gholdengo|88\/100\n|move|p2a: Gholdengo|Nasty Plot|p2a: Gholdengo\n|-boost|p2a: Gholdengo|spa|2\n|move|p1b: Regidrago|Dragon Energy|p2a: Gholdengo|[spread] p2a\n|-activate|p2b: Ogerpon|move: Protect\n|-resisted|p2a: Gholdengo\n|-damage|p2a: Gholdengo|48\/100\n|\n|-heal|p2a: Gholdengo|55\/100|[from] item: Leftovers\n|upkeep\n|turn|2\n|inactive|jwtw has 30 seconds left.\n|inactive|jwtw has 20 seconds left.\n|inactive|jwtw has 15 seconds left.\n|\n|t:|1699902036\n|move|p1b: Regidrago|Protect|p1b: Regidrago\n|-singleturn|p1b: Regidrago|Protect\n|move|p1a: Tornadus|Tailwind|p1a: Tornadus\n|-sidestart|p1: casper22|move: Tailwind\n|move|p2b: Ogerpon|Ivy Cudgel|p1b: Regidrago\n|-activate|p1b: Regidrago|move: Protect\n|move|p2a: Gholdengo|Make It Rain|p1a: Tornadus|[spread] p1a\n|-activate|p1b: Regidrago|move: Protect\n|-damage|p1a: Tornadus|2\/100\n|-unboost|p2a: Gholdengo|spa|1\n|\n|-heal|p2a: Gholdengo|61\/100|[from] item: Leftovers\n|upkeep\n|turn|3\n|\n|t:|1699902057\n|move|p2b: Ogerpon|Spiky Shield|p2b: Ogerpon\n|-singleturn|p2b: Ogerpon|move: Protect\n|move|p2a: Gholdengo|Protect|p2a: Gholdengo\n|-singleturn|p2a: Gholdengo|Protect\n|move|p1a: Tornadus|Bleakwind Storm|p2a: Gholdengo|[spread] \n|-activate|p2a: Gholdengo|move: Protect\n|-activate|p2b: Ogerpon|move: Protect\n|move|p1b: Regidrago|Dragon Energy|p2a: Gholdengo|[spread] \n|-activate|p2a: Gholdengo|move: Protect\n|-activate|p2b: Ogerpon|move: Protect\n|\n|-heal|p2a: Gholdengo|67\/100|[from] item: Leftovers\n|upkeep\n|turn|4\n|inactive|jwtw has 30 seconds left.\n|inactive|casper22 has 30 seconds left.\n|\n|t:|1699902094\n|-terastallize|p2b: Ogerpon|Water\n|detailschange|p2b: Ogerpon|Ogerpon-Wellspring-Tera, L50, F, tera:Water\n|-ability|p2b: Ogerpon|Embody Aspect (Wellspring)|boost\n|-boost|p2b: Ogerpon|spd|1\n|move|p1b: Regidrago|Protect|p1b: Regidrago\n|-singleturn|p1b: Regidrago|Protect\n|move|p1a: Tornadus|Rain Dance|p1a: Tornadus\n|-weather|RainDance\n|move|p2b: Ogerpon|Ivy Cudgel|p1b: Regidrago\n|-activate|p1b: Regidrago|move: Protect\n|move|p2a: Gholdengo|Make It Rain|p1a: Tornadus|[spread] p1a\n|-activate|p1b: Regidrago|move: Protect\n|-damage|p1a: Tornadus|0 fnt\n|-unboost|p2a: Gholdengo|spa|1\n|faint|p1a: Tornadus\n|\n|-weather|RainDance|[upkeep]\n|-heal|p2a: Gholdengo|73\/100|[from] item: Leftovers\n|upkeep\n|\n|t:|1699902110\n|switch|p1a: Flutter Mane|Flutter Mane, L50|100\/100\n|turn|5\n|inactive|jwtw has 30 seconds left.\n|inactive|jwtw has 20 seconds left.\n|inactive|jwtw has 15 seconds left.\n|\n|t:|1699902152\n|-terastallize|p1b: Regidrago|Steel\n|move|p2b: Ogerpon|Spiky Shield|p2b: Ogerpon\n|-singleturn|p2b: Ogerpon|move: Protect\n|move|p2a: Gholdengo|Protect|p2a: Gholdengo\n|-singleturn|p2a: Gholdengo|Protect\n|move|p1b: Regidrago|Dragon Energy|p2b: Ogerpon|[spread] \n|-activate|p2a: Gholdengo|move: Protect\n|-activate|p2b: Ogerpon|move: Protect\n|move|p1a: Flutter Mane|Trick Room|p1a: Flutter Mane\n|-fieldstart|move: Trick Room|[of] p1a: Flutter Mane\n|\n|-weather|RainDance|[upkeep]\n|-heal|p2a: Gholdengo|79\/100|[from] item: Leftovers\n|-sideend|p1: casper22|move: Tailwind\n|upkeep\n|turn|6\n|inactive|jwtw has 30 seconds left.\n|\n|t:|1699902183\n|move|p1b: Regidrago|Dragon Energy|p2a: Gholdengo|[spread] p2a,p2b\n|-resisted|p2a: Gholdengo\n|-damage|p2a: Gholdengo|36\/100\n|-damage|p2b: Ogerpon|36\/100\n|move|p2a: Gholdengo|Shadow Ball|p1a: Flutter Mane\n|-supereffective|p1a: Flutter Mane\n|-damage|p1a: Flutter Mane|7\/100\n|move|p2b: Ogerpon|Ivy Cudgel|p1b: Regidrago\n|-damage|p1b: Regidrago|4\/100\n|move|p1a: Flutter Mane|Shadow Ball|p2a: Gholdengo\n|-supereffective|p2a: Gholdengo\n|-damage|p2a: Gholdengo|0 fnt\n|faint|p2a: Gholdengo\n|\n|-weather|RainDance|[upkeep]\n|upkeep\n|\n|t:|1699902202\n|switch|p2a: Flutter Mane|Flutter Mane, L50|100\/100\n|turn|7\n|\n|t:|1699902211\n|move|p2b: Ogerpon|Spiky Shield|p2b: Ogerpon\n|-singleturn|p2b: Ogerpon|move: Protect\n|move|p2a: Flutter Mane|Protect|p2a: Flutter Mane\n|-singleturn|p2a: Flutter Mane|Protect\n|move|p1b: Regidrago|Tera Blast|p2a: Flutter Mane|[anim] Tera Blast Steel\n|-activate|p2a: Flutter Mane|move: Protect\n|move|p1a: Flutter Mane|Shadow Ball|p2a: Flutter Mane\n|-activate|p2a: Flutter Mane|move: Protect\n|\n|-weather|RainDance|[upkeep]\n|upkeep\n|turn|8\n|inactive|casper22 has 30 seconds left.\n|\n|t:|1699902246\n|move|p2b: Ogerpon|Follow Me|p2b: Ogerpon\n|-singleturn|p2b: Ogerpon|move: Follow Me\n|move|p1b: Regidrago|Dragon Pulse|p2b: Ogerpon\n|-damage|p2b: Ogerpon|0 fnt\n|faint|p2b: Ogerpon\n|move|p1a: Flutter Mane|Shadow Ball|p2a: Flutter Mane\n|-supereffective|p2a: Flutter Mane\n|-crit|p2a: Flutter Mane\n|-enditem|p2a: Flutter Mane|Focus Sash\n|-damage|p2a: Flutter Mane|1\/100\n|move|p2a: Flutter Mane|Dazzling Gleam|p1a: Flutter Mane|[spread] p1a,p1b\n|-resisted|p1b: Regidrago\n|-damage|p1a: Flutter Mane|0 fnt\n|-damage|p1b: Regidrago|0 fnt\n|faint|p1a: Flutter Mane\n|-end|p1a: Flutter Mane|Protosynthesis|[silent]\n|faint|p1b: Regidrago\n|\n|-weather|none\n|upkeep\n|\n|t:|1699902261\n|switch|p1b: Urshifu|Urshifu-Rapid-Strike, L50, M|100\/100\n|switch|p2b: Tornadus|Tornadus, L50, M|100\/100\n|turn|9\n|\n|t:|1699902277\n|move|p1b: Urshifu|Aqua Jet|p2a: Flutter Mane\n|-damage|p2a: Flutter Mane|0 fnt\n|faint|p2a: Flutter Mane\n|-end|p2a: Flutter Mane|Protosynthesis|[silent]\n|move|p2b: Tornadus|Bleakwind Storm|p1b: Urshifu\n|-supereffective|p1b: Urshifu\n|-damage|p1b: Urshifu|0 fnt\n|faint|p1b: Urshifu\n|\n|win|jwtw\n|raw|casper22's rating: 1310 &rarr; <strong>1289<\/strong><br \/>(-21 for losing)\n|raw|jwtw's rating: 1290 &rarr; <strong>1316<\/strong><br \/>(+26 for winning)\n|l|\u2606casper22\n","uploadtime":1699902291,"views":14,"p1id":"casper22","p2id":"jwtw","formatid":"gen9vgc2023regulatione","rating":1289,"private":0,"password":""}