{"id":"gen9vgc2023regulatione-2000092498","p1":"pabloblo","p2":"Vengeful potato","format":"[Gen 9] VGC 2023 Regulation E","log":"|j|\u2606pabloblo\n|j|\u2606Vengeful potato\n|t:|1701153332\n|gametype|doubles\n|player|p1|pabloblo|102|1484\n|player|p2|Vengeful potato|swimmer|1569\n|teamsize|p1|6\n|teamsize|p2|6\n|gen|9\n|tier|[Gen 9] VGC 2023 Regulation E\n|rated|\n|rule|Species Clause: Limit one of each Pok\u00e9mon\n|rule|Item Clause: Limit one of each item\n|clearpoke\n|poke|p1|Arcanine-Hisui, L50, M|\n|poke|p1|Gholdengo, L50|\n|poke|p1|Rillaboom, L50, F|\n|poke|p1|Ogerpon-Wellspring, L50, F|\n|poke|p1|Roaring Moon, L50|\n|poke|p1|Flutter Mane, L50|\n|poke|p2|Articuno-Galar, L50|\n|poke|p2|Maushold, L50|\n|poke|p2|Mamoswine, L50, M|\n|poke|p2|Armarouge, L50, F|\n|poke|p2|Urshifu-*, L50, M|\n|poke|p2|Sinistcha-Masterpiece, L50|\n|teampreview|4\n|inactive|Battle timer is ON: inactive players will automatically lose when time's up. (requested by pabloblo)\n|inactive|pabloblo has 60 seconds left.\n|inactive|Vengeful potato has 60 seconds left.\n|\n|t:|1701153392\n|start\n|switch|p1a: Ogerpon|Ogerpon-Wellspring, L50, F|100\/100\n|switch|p1b: Rillaboom|Rillaboom, L50, F|100\/100\n|switch|p2a: The Rizzler\ud83d\ude31\ud83d\udcaf\ud83d\udde3\ufe0f|Articuno-Galar, L50, shiny|100\/100\n|switch|p2b: Despereaux|Maushold, L50, shiny|100\/100\n|-fieldstart|move: Grassy Terrain|[from] ability: Grassy Surge|[of] p1b: Rillaboom\n|turn|1\n|\n|t:|1701153408\n|move|p1b: Rillaboom|Fake Out|p2a: The Rizzler\ud83d\ude31\ud83d\udcaf\ud83d\udde3\ufe0f\n|-damage|p2a: The Rizzler\ud83d\ude31\ud83d\udcaf\ud83d\udde3\ufe0f|91\/100\n|move|p1a: Ogerpon|Swords Dance|p1a: Ogerpon\n|-boost|p1a: Ogerpon|atk|2\n|move|p2b: Despereaux|Super Fang|p1a: Ogerpon\n|-damage|p1a: Ogerpon|50\/100\n|move|p2a: The Rizzler\ud83d\ude31\ud83d\udcaf\ud83d\udde3\ufe0f|Air Slash|p1a: Ogerpon\n|-supereffective|p1a: Ogerpon\n|-damage|p1a: Ogerpon|0 fnt\n|faint|p1a: Ogerpon\n|\n|upkeep\n|\n|t:|1701153419\n|switch|p1a: Flutter Mane|Flutter Mane, L50|100\/100\n|turn|2\n|\n|t:|1701153432\n|-terastallize|p1a: Flutter Mane|Fairy\n|move|p2b: Despereaux|Follow Me|p2b: Despereaux\n|-singleturn|p2b: Despereaux|move: Follow Me\n|move|p1a: Flutter Mane|Dazzling Gleam|p2a: The Rizzler\ud83d\ude31\ud83d\udcaf\ud83d\udde3\ufe0f|[spread] p2a,p2b\n|-damage|p2a: The Rizzler\ud83d\ude31\ud83d\udcaf\ud83d\udde3\ufe0f|46\/100\n|-damage|p2b: Despereaux|33\/100\n|move|p2a: The Rizzler\ud83d\ude31\ud83d\udcaf\ud83d\udde3\ufe0f|Tailwind|p2a: The Rizzler\ud83d\ude31\ud83d\udcaf\ud83d\udde3\ufe0f\n|-sidestart|p2: Vengeful potato|move: Tailwind\n|move|p1b: Rillaboom|U-turn|p2b: Despereaux\n|-damage|p2b: Despereaux|10\/100\n|-damage|p1b: Rillaboom|84\/100|[from] item: Rocky Helmet|[of] p2b: Despereaux\n|\n|t:|1701153441\n|switch|p1b: Arcanine|Arcanine-Hisui, L50, M|100\/100|[from] U-turn\n|-ability|p1b: Arcanine|Intimidate|boost\n|-unboost|p2a: The Rizzler\ud83d\ude31\ud83d\udcaf\ud83d\udde3\ufe0f|atk|1\n|-ability|p2a: The Rizzler\ud83d\ude31\ud83d\udcaf\ud83d\udde3\ufe0f|Competitive|boost\n|-boost|p2a: The Rizzler\ud83d\ude31\ud83d\udcaf\ud83d\udde3\ufe0f|spa|2\n|-unboost|p2b: Despereaux|atk|1\n|\n|-heal|p2b: Despereaux|16\/100|[from] Grassy Terrain\n|upkeep\n|turn|3\n|\n|t:|1701153448\n|move|p2b: Despereaux|Follow Me|p2b: Despereaux\n|-singleturn|p2b: Despereaux|move: Follow Me\n|move|p1b: Arcanine|Extreme Speed|p2b: Despereaux\n|-damage|p2b: Despereaux|0 fnt\n|-damage|p1b: Arcanine|84\/100|[from] item: Rocky Helmet|[of] p2b: Despereaux\n|faint|p2b: Despereaux\n|move|p2a: The Rizzler\ud83d\ude31\ud83d\udcaf\ud83d\udde3\ufe0f|Freezing Glare|p1b: Arcanine\n|-damage|p1b: Arcanine|0 fnt\n|faint|p1b: Arcanine\n|move|p1a: Flutter Mane|Dazzling Gleam|p2a: The Rizzler\ud83d\ude31\ud83d\udcaf\ud83d\udde3\ufe0f\n|-damage|p2a: The Rizzler\ud83d\ude31\ud83d\udcaf\ud83d\udde3\ufe0f|0 fnt\n|faint|p2a: The Rizzler\ud83d\ude31\ud83d\udcaf\ud83d\udde3\ufe0f\n|\n|upkeep\n|\n|t:|1701153457\n|switch|p2b: Notorious T.E.A.|Sinistcha-Masterpiece, L50, shiny|100\/100\n|switch|p1b: Rillaboom|Rillaboom, L50, F|84\/100\n|switch|p2a: THE BIG CHILL|Mamoswine, L50, M|100\/100\n|turn|4\n|\n|t:|1701153465\n|move|p2a: THE BIG CHILL|Protect|p2a: THE BIG CHILL\n|-singleturn|p2a: THE BIG CHILL|Protect\n|move|p1b: Rillaboom|Fake Out|p2a: THE BIG CHILL\n|-activate|p2a: THE BIG CHILL|move: Protect\n|move|p2b: Notorious T.E.A.|Matcha Gotcha|p1b: Rillaboom|[spread] p1a,p1b\n|-resisted|p1b: Rillaboom\n|-damage|p1a: Flutter Mane|62\/100\n|-damage|p1b: Rillaboom|62\/100\n|move|p1a: Flutter Mane|Dazzling Gleam|p2b: Notorious T.E.A.|[spread] p2b\n|-activate|p2a: THE BIG CHILL|move: Protect\n|-damage|p2b: Notorious T.E.A.|30\/100\n|-enditem|p2b: Notorious T.E.A.|Sitrus Berry|[eat]\n|-heal|p2b: Notorious T.E.A.|54\/100|[from] item: Sitrus Berry\n|\n|-heal|p2b: Notorious T.E.A.|61\/100|[from] Grassy Terrain\n|-heal|p1a: Flutter Mane|68\/100|[from] Grassy Terrain\n|-heal|p1b: Rillaboom|68\/100|[from] Grassy Terrain\n|upkeep\n|turn|5\n|\n|t:|1701153489\n|-terastallize|p2a: THE BIG CHILL|Dragon\n|move|p1b: Rillaboom|Grassy Glide|p2a: THE BIG CHILL\n|-resisted|p2a: THE BIG CHILL\n|-damage|p2a: THE BIG CHILL|85\/100\n|move|p2b: Notorious T.E.A.|Nasty Plot|p2b: Notorious T.E.A.\n|-boost|p2b: Notorious T.E.A.|spa|2\n|move|p2a: THE BIG CHILL|Icicle Spear|p1a: Flutter Mane\n|-damage|p1a: Flutter Mane|35\/100\n|-damage|p1a: Flutter Mane|3\/100\n|-damage|p1a: Flutter Mane|0 fnt\n|faint|p1a: Flutter Mane\n|-end|p1a: Flutter Mane|Protosynthesis|[silent]\n|-hitcount|p1: Flutter Mane|3\n|\n|-heal|p2a: THE BIG CHILL|91\/100|[from] Grassy Terrain\n|-heal|p2b: Notorious T.E.A.|67\/100|[from] Grassy Terrain\n|-heal|p1b: Rillaboom|74\/100|[from] Grassy Terrain\n|-sideend|p2: Vengeful potato|move: Tailwind\n|-fieldend|move: Grassy Terrain\n|upkeep\n|turn|6\n|\n|t:|1701153510\n|move|p1b: Rillaboom|U-turn|p2b: Notorious T.E.A.\n|-damage|p2b: Notorious T.E.A.|45\/100\n|move|p2a: THE BIG CHILL|Icicle Spear|p1b: Rillaboom\n|-supereffective|p1b: Rillaboom\n|-damage|p1b: Rillaboom|45\/100\n|-supereffective|p1b: Rillaboom\n|-damage|p1b: Rillaboom|19\/100\n|-supereffective|p1b: Rillaboom\n|-damage|p1b: Rillaboom|0 fnt\n|faint|p1b: Rillaboom\n|-hitcount|p1: Rillaboom|3\n|\n|win|Vengeful potato\n|raw|pabloblo's rating: 1484 &rarr; <strong>1469<\/strong><br \/>(-15 for losing)\n|raw|Vengeful potato's rating: 1569 &rarr; <strong>1584<\/strong><br \/>(+15 for winning)\n|l|\u2606pabloblo\n","uploadtime":1701153527,"views":2,"p1id":"pabloblo","p2id":"vengefulpotato","formatid":"gen9vgc2023regulatione","rating":1469,"private":0,"password":""}