{"id":"gen9vgc2023regulatione-1991360916","p1":"Kjzhajk","p2":"ice prisim","format":"[Gen 9] VGC 2023 Regulation E","log":"|j|\u2606Kjzhajk\n|j|\u2606ice prisim\n|t:|1700070689\n|gametype|doubles\n|player|p1|Kjzhajk|lance|1121\n|player|p2|ice prisim|cynthia|1050\n|teamsize|p1|6\n|teamsize|p2|6\n|gen|9\n|tier|[Gen 9] VGC 2023 Regulation E\n|rated|\n|rule|Species Clause: Limit one of each Pok\u00e9mon\n|rule|Item Clause: Limit one of each item\n|clearpoke\n|poke|p1|Flutter Mane, L50|\n|poke|p1|Tornadus, L50, M|\n|poke|p1|Rillaboom, L50, F|\n|poke|p1|Garganacl, L50, F|\n|poke|p1|Arcanine-Hisui, L50, M|\n|poke|p1|Chien-Pao, L50|\n|poke|p2|Ogerpon-Cornerstone, L50, F|\n|poke|p2|Chien-Pao, L50|\n|poke|p2|Tornadus, L50, M|\n|poke|p2|Okidogi, L50, M|\n|poke|p2|Basculegion-F, L50, F|\n|poke|p2|Sinistcha-Masterpiece, L50|\n|teampreview|4\n|\n|t:|1700070710\n|start\n|switch|p1a: Tornadus|Tornadus, L50, M|100\/100\n|switch|p1b: Garganacl|Garganacl, L50, F|100\/100\n|switch|p2a: Tornadus|Tornadus, L50, M|100\/100\n|switch|p2b: Basculegion|Basculegion-F, L50, F|100\/100\n|turn|1\n|\n|t:|1700070739\n|-terastallize|p1b: Garganacl|Ghost\n|move|p2a: Tornadus|Taunt|p1a: Tornadus\n|-start|p1a: Tornadus|move: Taunt\n|cant|p1a: Tornadus|move: Taunt|Sunny Day\n|move|p2b: Basculegion|Ice Beam|p1b: Garganacl\n|-damage|p1b: Garganacl|82\/100\n|move|p1b: Garganacl|Salt Cure|p2b: Basculegion\n|-damage|p2b: Basculegion|86\/100\n|-start|p2b: Basculegion|Salt Cure\n|\n|-damage|p2b: Basculegion|61\/100|[from] Salt Cure\n|upkeep\n|turn|2\n|\n|t:|1700070755\n|move|p1b: Garganacl|Protect|p1b: Garganacl\n|-singleturn|p1b: Garganacl|Protect\n|move|p2a: Tornadus|Tailwind|p2a: Tornadus\n|-sidestart|p2: ice prisim|move: Tailwind\n|move|p2b: Basculegion|Shadow Ball|p1b: Garganacl\n|-activate|p1b: Garganacl|move: Protect\n|move|p1a: Tornadus|Bleakwind Storm|p2a: Tornadus|[spread] p2a,p2b\n|-damage|p2a: Tornadus|66\/100\n|-damage|p2b: Basculegion|40\/100\n|-unboost|p2a: Tornadus|spe|1\n|\n|-damage|p2b: Basculegion|15\/100|[from] Salt Cure\n|upkeep\n|turn|3\n|\n|t:|1700070772\n|move|p2b: Basculegion|Shadow Ball|p1b: Garganacl\n|-supereffective|p1b: Garganacl\n|-damage|p1b: Garganacl|51\/100\n|move|p2a: Tornadus|Bleakwind Storm|p1b: Garganacl|[spread] p1b\n|-miss|p2a: Tornadus|p1a: Tornadus\n|-damage|p1b: Garganacl|31\/100\n|-enditem|p1b: Garganacl|Sitrus Berry|[eat]\n|-heal|p1b: Garganacl|56\/100|[from] item: Sitrus Berry\n|move|p1a: Tornadus|Bleakwind Storm|p2a: Tornadus|[spread] p2b\n|-miss|p1a: Tornadus|p2a: Tornadus\n|-damage|p2b: Basculegion|0 fnt\n|faint|p2b: Basculegion\n|move|p1b: Garganacl|Iron Defense|p1b: Garganacl\n|-boost|p1b: Garganacl|def|2\n|\n|-end|p1a: Tornadus|move: Taunt\n|upkeep\n|\n|t:|1700070787\n|switch|p2b: Ogerpon|Ogerpon-Cornerstone, L50, F|100\/100\n|turn|4\n|\n|t:|1700070810\n|move|p1b: Garganacl|Protect|p1b: Garganacl\n|-singleturn|p1b: Garganacl|Protect\n|move|p2a: Tornadus|Taunt|p1a: Tornadus\n|-start|p1a: Tornadus|move: Taunt\n|move|p2b: Ogerpon|Knock Off|p1b: Garganacl\n|-activate|p1b: Garganacl|move: Protect\n|move|p1a: Tornadus|Bleakwind Storm|p2b: Ogerpon|[spread] p2a\n|-miss|p1a: Tornadus|p2b: Ogerpon\n|-damage|p2a: Tornadus|31\/100\n|\n|upkeep\n|turn|5\n|\n|t:|1700070823\n|-terastallize|p2b: Ogerpon|Rock\n|detailschange|p2b: Ogerpon|Ogerpon-Cornerstone-Tera, L50, F, tera:Rock\n|-ability|p2b: Ogerpon|Embody Aspect (Cornerstone)|boost\n|-boost|p2b: Ogerpon|def|1\n|move|p2b: Ogerpon|Ivy Cudgel|p1b: Garganacl|[anim] Ivy Cudgel Rock\n|-damage|p1b: Garganacl|31\/100\n|move|p2a: Tornadus|Bleakwind Storm|p1b: Garganacl|[spread] p1a,p1b\n|-damage|p1a: Tornadus|76\/100\n|-damage|p1b: Garganacl|9\/100\n|move|p1a: Tornadus|Bleakwind Storm|p2b: Ogerpon|[spread] p2b\n|-miss|p1a: Tornadus|p2a: Tornadus\n|-resisted|p2b: Ogerpon\n|-damage|p2b: Ogerpon|84\/100\n|move|p1b: Garganacl|Recover|p1b: Garganacl\n|-heal|p1b: Garganacl|59\/100\n|\n|-sideend|p2: ice prisim|move: Tailwind\n|upkeep\n|turn|6\n|\n|t:|1700070842\n|move|p1b: Garganacl|Protect|p1b: Garganacl\n|-singleturn|p1b: Garganacl|Protect\n|move|p2b: Ogerpon|Knock Off|p1b: Garganacl\n|-activate|p1b: Garganacl|move: Protect\n|move|p1a: Tornadus|Bleakwind Storm|p2a: Tornadus|[spread] p2a\n|-miss|p1a: Tornadus|p2b: Ogerpon\n|-damage|p2a: Tornadus|0 fnt\n|faint|p2a: Tornadus\n|\n|-end|p1a: Tornadus|move: Taunt\n|upkeep\n|\n|t:|1700070850\n|switch|p2a: Okidogi|Okidogi, L50, M|100\/100\n|turn|7\n|\n|t:|1700070861\n|move|p1a: Tornadus|Taunt|p2a: Okidogi\n|-start|p2a: Okidogi|move: Taunt\n|move|p2b: Ogerpon|Ivy Cudgel|p1a: Tornadus|[anim] Ivy Cudgel Rock\n|-supereffective|p1a: Tornadus\n|-damage|p1a: Tornadus|0 fnt\n|faint|p1a: Tornadus\n|cant|p2a: Okidogi|move: Taunt|Bulk Up\n|move|p1b: Garganacl|Recover|p1b: Garganacl\n|-heal|p1b: Garganacl|100\/100\n|\n|upkeep\n|\n|t:|1700070865\n|switch|p1a: Rillaboom|Rillaboom, L50, F|100\/100\n|-fieldstart|move: Grassy Terrain|[from] ability: Grassy Surge|[of] p1a: Rillaboom\n|turn|8\n|\n|t:|1700070877\n|move|p1a: Rillaboom|Fake Out|p2a: Okidogi\n|-damage|p2a: Okidogi|86\/100\n|move|p2b: Ogerpon|Knock Off|p1b: Garganacl\n|-supereffective|p1b: Garganacl\n|-damage|p1b: Garganacl|83\/100\n|cant|p2a: Okidogi|flinch\n|move|p1b: Garganacl|Iron Defense|p1b: Garganacl\n|-boost|p1b: Garganacl|def|2\n|\n|-heal|p2b: Ogerpon|90\/100|[from] Grassy Terrain\n|-heal|p2a: Okidogi|92\/100|[from] Grassy Terrain\n|-heal|p2a: Okidogi|98\/100|[from] item: Leftovers\n|-heal|p1b: Garganacl|89\/100|[from] Grassy Terrain\n|upkeep\n|turn|9\n|\n|t:|1700070895\n|move|p2b: Ogerpon|Spiky Shield|p2b: Ogerpon\n|-singleturn|p2b: Ogerpon|move: Protect\n|move|p2a: Okidogi|Poison Jab|p1a: Rillaboom\n|-supereffective|p1a: Rillaboom\n|-damage|p1a: Rillaboom|33\/100\n|-status|p1a: Rillaboom|tox|[from] ability: Toxic Chain|[of] p2a: Okidogi\n|move|p1a: Rillaboom|Wood Hammer|p2b: Ogerpon\n|-activate|p2b: Ogerpon|move: Protect\n|-damage|p1a: Rillaboom|21\/100 tox|[from] Spiky Shield|[of] p2b: Ogerpon\n|move|p1b: Garganacl|Salt Cure|p2a: Okidogi\n|-resisted|p2a: Okidogi\n|-damage|p2a: Okidogi|91\/100\n|-start|p2a: Okidogi|Salt Cure\n|\n|-heal|p2b: Ogerpon|96\/100|[from] Grassy Terrain\n|-heal|p2a: Okidogi|97\/100|[from] Grassy Terrain\n|-heal|p2a: Okidogi|100\/100|[from] item: Leftovers\n|-heal|p1a: Rillaboom|27\/100 tox|[from] Grassy Terrain\n|-heal|p1b: Garganacl|95\/100|[from] Grassy Terrain\n|-damage|p1a: Rillaboom|21\/100 tox|[from] psn\n|-damage|p2a: Okidogi|88\/100|[from] Salt Cure\n|-end|p2a: Okidogi|move: Taunt\n|upkeep\n|turn|10\n|\n|t:|1700070918\n|move|p1a: Rillaboom|Grassy Glide|p2b: Ogerpon\n|-supereffective|p2b: Ogerpon\n|-damage|p2b: Ogerpon|29\/100\n|move|p2b: Ogerpon|Ivy Cudgel|p1b: Garganacl|[anim] Ivy Cudgel Rock\n|-crit|p1b: Garganacl\n|-damage|p1b: Garganacl|27\/100\n|move|p2a: Okidogi|Bulk Up|p2a: Okidogi\n|-boost|p2a: Okidogi|atk|1\n|-boost|p2a: Okidogi|def|1\n|move|p1b: Garganacl|Salt Cure|p2b: Ogerpon\n|-damage|p2b: Ogerpon|18\/100\n|-start|p2b: Ogerpon|Salt Cure\n|\n|-heal|p2b: Ogerpon|24\/100|[from] Grassy Terrain\n|-heal|p2a: Okidogi|94\/100|[from] Grassy Terrain\n|-heal|p2a: Okidogi|100\/100|[from] item: Leftovers\n|-heal|p1a: Rillaboom|27\/100 tox|[from] Grassy Terrain\n|-heal|p1b: Garganacl|33\/100|[from] Grassy Terrain\n|-damage|p1a: Rillaboom|15\/100 tox|[from] psn\n|-damage|p2b: Ogerpon|12\/100|[from] Salt Cure\n|-damage|p2a: Okidogi|88\/100|[from] Salt Cure\n|upkeep\n|turn|11\n|\n|t:|1700070942\n|move|p2b: Ogerpon|Spiky Shield|p2b: Ogerpon\n|-singleturn|p2b: Ogerpon|move: Protect\n|move|p1a: Rillaboom|Grassy Glide|p2b: Ogerpon\n|-activate|p2b: Ogerpon|move: Protect\n|-damage|p1a: Rillaboom|3\/100 tox|[from] Spiky Shield|[of] p2b: Ogerpon\n|move|p2a: Okidogi|Poison Jab|p1b: Garganacl\n|-resisted|p1b: Garganacl\n|-damage|p1b: Garganacl|26\/100\n|move|p1b: Garganacl|Recover|p1b: Garganacl\n|-heal|p1b: Garganacl|76\/100\n|\n|-heal|p2b: Ogerpon|18\/100|[from] Grassy Terrain\n|-heal|p2a: Okidogi|94\/100|[from] Grassy Terrain\n|-heal|p2a: Okidogi|100\/100|[from] item: Leftovers\n|-heal|p1a: Rillaboom|9\/100 tox|[from] Grassy Terrain\n|-heal|p1b: Garganacl|82\/100|[from] Grassy Terrain\n|-damage|p1a: Rillaboom|0 fnt|[from] psn\n|faint|p1a: Rillaboom\n|-damage|p2b: Ogerpon|6\/100|[from] Salt Cure\n|-damage|p2a: Okidogi|88\/100|[from] Salt Cure\n|upkeep\n|\n|t:|1700070953\n|switch|p1a: Flutter Mane|Flutter Mane, L50|100\/100\n|-enditem|p1a: Flutter Mane|Booster Energy\n|-activate|p1a: Flutter Mane|ability: Protosynthesis|[fromitem]\n|-start|p1a: Flutter Mane|protosynthesisspe\n|turn|12\n|\n|t:|1700070985\n|move|p1a: Flutter Mane|Protect|p1a: Flutter Mane\n|-singleturn|p1a: Flutter Mane|Protect\n|move|p1b: Garganacl|Protect|p1b: Garganacl\n|-singleturn|p1b: Garganacl|Protect\n|move|p2b: Ogerpon|Ivy Cudgel|p1b: Garganacl|[anim] Ivy Cudgel Rock\n|-activate|p1b: Garganacl|move: Protect\n|move|p2a: Okidogi|Poison Jab|p1a: Flutter Mane\n|-activate|p1a: Flutter Mane|move: Protect\n|\n|-heal|p2b: Ogerpon|12\/100|[from] Grassy Terrain\n|-heal|p2a: Okidogi|94\/100|[from] Grassy Terrain\n|-heal|p2a: Okidogi|100\/100|[from] item: Leftovers\n|-heal|p1b: Garganacl|88\/100|[from] Grassy Terrain\n|-damage|p2b: Ogerpon|0 fnt|[from] Salt Cure\n|faint|p2b: Ogerpon\n|-damage|p2a: Okidogi|88\/100|[from] Salt Cure\n|-fieldend|move: Grassy Terrain\n|upkeep\n|turn|13\n|\n|t:|1700071007\n|move|p1a: Flutter Mane|Substitute|p1a: Flutter Mane\n|-start|p1a: Flutter Mane|Substitute\n|-damage|p1a: Flutter Mane|76\/100\n|move|p2a: Okidogi|Poison Jab|p1a: Flutter Mane\n|-end|p1a: Flutter Mane|Substitute\n|move|p1b: Garganacl|Iron Defense|p1b: Garganacl\n|-boost|p1b: Garganacl|def|2\n|\n|-heal|p2a: Okidogi|94\/100|[from] item: Leftovers\n|-damage|p2a: Okidogi|82\/100|[from] Salt Cure\n|upkeep\n|turn|14\n|\n|t:|1700071011\n|move|p1a: Flutter Mane|Protect|p1a: Flutter Mane\n|-singleturn|p1a: Flutter Mane|Protect\n|move|p2a: Okidogi|Poison Jab|p1a: Flutter Mane\n|-activate|p1a: Flutter Mane|move: Protect\n|move|p1b: Garganacl|Salt Cure|p2a: Okidogi\n|-resisted|p2a: Okidogi\n|-damage|p2a: Okidogi|78\/100\n|\n|-heal|p2a: Okidogi|84\/100|[from] item: Leftovers\n|-damage|p2a: Okidogi|72\/100|[from] Salt Cure\n|upkeep\n|turn|15\n|\n|t:|1700071018\n|move|p1a: Flutter Mane|Substitute|p1a: Flutter Mane\n|-start|p1a: Flutter Mane|Substitute\n|-damage|p1a: Flutter Mane|51\/100\n|move|p2a: Okidogi|Poison Jab|p1a: Flutter Mane\n|-end|p1a: Flutter Mane|Substitute\n|move|p1b: Garganacl|Salt Cure|p2a: Okidogi\n|-resisted|p2a: Okidogi\n|-damage|p2a: Okidogi|67\/100\n|\n|-heal|p2a: Okidogi|74\/100|[from] item: Leftovers\n|-damage|p2a: Okidogi|61\/100|[from] Salt Cure\n|upkeep\n|turn|16\n|\n|t:|1700071022\n|move|p1a: Flutter Mane|Protect|p1a: Flutter Mane\n|-singleturn|p1a: Flutter Mane|Protect\n|move|p2a: Okidogi|Bulk Up|p2a: Okidogi\n|-boost|p2a: Okidogi|atk|1\n|-boost|p2a: Okidogi|def|1\n|move|p1b: Garganacl|Salt Cure|p2a: Okidogi\n|-resisted|p2a: Okidogi\n|-damage|p2a: Okidogi|58\/100\n|\n|-heal|p2a: Okidogi|64\/100|[from] item: Leftovers\n|-damage|p2a: Okidogi|51\/100|[from] Salt Cure\n|upkeep\n|turn|17\n|\n|t:|1700071031\n|move|p1a: Flutter Mane|Substitute|p1a: Flutter Mane\n|-start|p1a: Flutter Mane|Substitute\n|-damage|p1a: Flutter Mane|27\/100\n|move|p2a: Okidogi|Poison Jab|p1b: Garganacl\n|-resisted|p1b: Garganacl\n|-damage|p1b: Garganacl|82\/100\n|move|p1b: Garganacl|Salt Cure|p2a: Okidogi\n|-resisted|p2a: Okidogi\n|-damage|p2a: Okidogi|48\/100\n|\n|-heal|p2a: Okidogi|54\/100|[from] item: Leftovers\n|-damage|p2a: Okidogi|42\/100|[from] Salt Cure\n|upkeep\n|turn|18\n|\n|t:|1700071039\n|move|p1a: Flutter Mane|Protect|p1a: Flutter Mane\n|-singleturn|p1a: Flutter Mane|Protect\n|move|p2a: Okidogi|Poison Jab|p1b: Garganacl\n|-resisted|p1b: Garganacl\n|-damage|p1b: Garganacl|75\/100\n|move|p1b: Garganacl|Salt Cure|p2a: Okidogi\n|-resisted|p2a: Okidogi\n|-damage|p2a: Okidogi|39\/100\n|\n|-heal|p2a: Okidogi|45\/100|[from] item: Leftovers\n|-damage|p2a: Okidogi|33\/100|[from] Salt Cure\n|upkeep\n|turn|19\n|\n|t:|1700071048\n|move|p1a: Flutter Mane|Moonblast|p2a: Okidogi\n|-damage|p2a: Okidogi|0 fnt\n|faint|p2a: Okidogi\n|\n|win|Kjzhajk\n|raw|Kjzhajk's rating: 1121 &rarr; <strong>1141<\/strong><br \/>(+20 for winning)\n|raw|ice prisim's rating: 1050 &rarr; <strong>1036<\/strong><br \/>(-14 for losing)\n","uploadtime":1700071051,"views":32,"p1id":"kjzhajk","p2id":"iceprisim","formatid":"gen9vgc2023regulatione","rating":1036,"private":0,"password":""}