{"id":"gen9vgc2023regulatione-1999234705","p1":"SpicyyBoyy","p2":"Zulneily","format":"[Gen 9] VGC 2023 Regulation E","log":"|j|\u2606SpicyyBoyy\n|j|\u2606Zulneily\n|t:|1701048849\n|gametype|doubles\n|player|p1|SpicyyBoyy|scientist-gen4|1071\n|player|p2|Zulneily|hilda-wonderlauncher|1049\n|teamsize|p1|6\n|teamsize|p2|6\n|gen|9\n|tier|[Gen 9] VGC 2023 Regulation E\n|rated|\n|rule|Species Clause: Limit one of each Pok\u00e9mon\n|rule|Item Clause: Limit one of each item\n|clearpoke\n|poke|p1|Hariyama, L50, M|\n|poke|p1|Clodsire, L50, M|\n|poke|p1|Tropius, L50, F|\n|poke|p1|Toxapex, L50, M|\n|poke|p1|Barraskewda, L50, M|\n|poke|p1|Weezing, L50, M|\n|poke|p2|Ursaluna, L50, F|\n|poke|p2|Indeedee-F, L50, F|\n|poke|p2|Annihilape, L50, M|\n|poke|p2|Sinistcha-Masterpiece, L50|\n|poke|p2|Gastrodon-East, L50, F|\n|poke|p2|Arcanine-Hisui, L50, M|\n|teampreview|4\n|inactive|Battle timer is ON: inactive players will automatically lose when time's up. (requested by SpicyyBoyy)\n|\n|t:|1701048872\n|start\n|switch|p1a: Hariyama|Hariyama, L50, M|100\/100\n|switch|p1b: Barraskewda|Barraskewda, L50, M|100\/100\n|switch|p2a: Sinistcha|Sinistcha-Masterpiece, L50|100\/100\n|switch|p2b: Arcanine|Arcanine-Hisui, L50, M, shiny|100\/100\n|-ability|p2b: Arcanine|Intimidate|boost\n|-unboost|p1a: Hariyama|atk|1\n|-unboost|p1b: Barraskewda|atk|1\n|turn|1\n|inactive|SpicyyBoyy has 30 seconds left.\n|\n|t:|1701048898\n|switch|p2b: Gastrodon|Gastrodon-East, L50, F|100\/100\n|move|p1b: Barraskewda|Liquidation|p2b: Gastrodon\n|-ability|p2b: Gastrodon|Storm Drain|boost\n|-boost|p2b: Gastrodon|spa|1\n|move|p1a: Hariyama|Knock Off|p2a: Sinistcha\n|-supereffective|p2a: Sinistcha\n|-damage|p2a: Sinistcha|73\/100\n|-enditem|p2a: Sinistcha|Leftovers|[from] move: Knock Off|[of] p1a: Hariyama\n|move|p2a: Sinistcha|Trick Room|p2a: Sinistcha\n|-fieldstart|move: Trick Room|[of] p2a: Sinistcha\n|\n|upkeep\n|turn|2\n|inactive|Zulneily has 30 seconds left.\n|\n|t:|1701048925\n|switch|p1b: Tropius|Tropius, L50, F|100\/100\n|move|p2b: Gastrodon|Earth Power|p1a: Hariyama\n|-damage|p1a: Hariyama|75\/100\n|move|p1a: Hariyama|Knock Off|p2b: Gastrodon\n|-damage|p2b: Gastrodon|83\/100\n|-enditem|p2b: Gastrodon|Sitrus Berry|[from] move: Knock Off|[of] p1a: Hariyama\n|move|p2a: Sinistcha|Calm Mind|p2a: Sinistcha\n|-boost|p2a: Sinistcha|spa|1\n|-boost|p2a: Sinistcha|spd|1\n|\n|upkeep\n|turn|3\n|inactive|SpicyyBoyy has 30 seconds left.\n|inactive|Zulneily has 30 seconds left.\n|\n|t:|1701048952\n|switch|p2b: Arcanine|Arcanine-Hisui, L50, M, shiny|100\/100\n|-ability|p2b: Arcanine|Intimidate|boost\n|-unboost|p1a: Hariyama|atk|1\n|-unboost|p1b: Tropius|atk|1\n|move|p1a: Hariyama|Knock Off|p2a: Sinistcha\n|-supereffective|p2a: Sinistcha\n|-damage|p2a: Sinistcha|58\/100\n|move|p1b: Tropius|Giga Drain|p2b: Arcanine\n|-damage|p2b: Arcanine|88\/100\n|move|p2a: Sinistcha|Matcha Gotcha|p1a: Hariyama|[spread] p1a,p1b\n|-crit|p1a: Hariyama\n|-resisted|p1b: Tropius\n|-damage|p1a: Hariyama|45\/100\n|-heal|p2a: Sinistcha|77\/100|[from] drain|[of] p1a: Hariyama\n|-damage|p1b: Tropius|95\/100\n|-heal|p2a: Sinistcha|81\/100|[from] drain|[of] p1b: Tropius\n|\n|upkeep\n|turn|4\n|inactive|Zulneily has 30 seconds left.\n|\n|t:|1701048986\n|switch|p1a: Toxapex|Toxapex, L50, M|100\/100\n|move|p1b: Tropius|Leech Seed|p2b: Arcanine\n|-start|p2b: Arcanine|move: Leech Seed\n|move|p2a: Sinistcha|Calm Mind|p2a: Sinistcha\n|-boost|p2a: Sinistcha|spa|1\n|-boost|p2a: Sinistcha|spd|1\n|move|p2b: Arcanine|Rock Slide|p1a: Toxapex|[spread] p1a\n|-miss|p2b: Arcanine|p1b: Tropius\n|-damage|p1a: Toxapex|86\/100\n|\n|-damage|p2b: Arcanine|76\/100|[from] Leech Seed|[of] p1b: Tropius\n|-heal|p1b: Tropius|100\/100|[silent]\n|upkeep\n|turn|5\n|inactive|Zulneily has 30 seconds left.\n|\n|t:|1701049012\n|move|p1a: Toxapex|Iron Defense|p1a: Toxapex\n|-boost|p1a: Toxapex|def|2\n|move|p1b: Tropius|Air Slash|p2a: Sinistcha\n|-supereffective|p2a: Sinistcha\n|-damage|p2a: Sinistcha|60\/100\n|move|p2a: Sinistcha|Matcha Gotcha|p1a: Toxapex|[spread] p1a,p1b\n|-resisted|p1b: Tropius\n|-damage|p1a: Toxapex|48\/100\n|-heal|p2a: Sinistcha|78\/100|[from] drain|[of] p1a: Toxapex\n|-damage|p1b: Tropius|92\/100\n|-heal|p2a: Sinistcha|83\/100|[from] drain|[of] p1b: Tropius\n|move|p2b: Arcanine|Wild Charge|p1a: Toxapex\n|-supereffective|p1a: Toxapex\n|-damage|p1a: Toxapex|32\/100\n|-damage|p2b: Arcanine|59\/100|[from] item: Rocky Helmet|[of] p1a: Toxapex\n|-damage|p2b: Arcanine|56\/100|[from] Recoil\n|\n|-damage|p2b: Arcanine|44\/100|[from] Leech Seed|[of] p1b: Tropius\n|-heal|p1b: Tropius|100\/100|[silent]\n|-fieldend|move: Trick Room\n|upkeep\n|turn|6\n|inactive|SpicyyBoyy has 30 seconds left.\n|inactive|Zulneily has 30 seconds left.\n|inactive|SpicyyBoyy has 20 seconds left.\n|\n|t:|1701049050\n|switch|p2b: Gastrodon|Gastrodon-East, L50, F|83\/100\n|move|p1b: Tropius|Protect|p1b: Tropius\n|-singleturn|p1b: Tropius|Protect\n|move|p2a: Sinistcha|Matcha Gotcha|p1a: Toxapex|[spread] p1a\n|-activate|p1b: Tropius|move: Protect\n|-damage|p1a: Toxapex|0 fnt\n|-heal|p2a: Sinistcha|98\/100|[from] drain|[of] p1a: Toxapex\n|faint|p1a: Toxapex\n|\n|upkeep\n|\n|t:|1701049064\n|switch|p1a: Hariyama|Hariyama, L50, M|45\/100\n|turn|7\n|\n|t:|1701049076\n|switch|p2b: Arcanine|Arcanine-Hisui, L50, M, shiny|44\/100\n|-ability|p2b: Arcanine|Intimidate|boost\n|-unboost|p1a: Hariyama|atk|1\n|-unboost|p1b: Tropius|atk|1\n|move|p1a: Hariyama|Fake Out|p2b: Arcanine\n|-resisted|p2b: Arcanine\n|-damage|p2b: Arcanine|41\/100\n|move|p2a: Sinistcha|Strength Sap|p1a: Hariyama\n|-unboost|p1a: Hariyama|atk|1\n|-heal|p2a: Sinistcha|100\/100\n|move|p1b: Tropius|Leech Seed|p2b: Arcanine|[miss]\n|-miss|p1b: Tropius|p2b: Arcanine\n|\n|upkeep\n|turn|8\n|\n|t:|1701049101\n|move|p2b: Arcanine|Rock Slide|p1b: Tropius|[spread] p1a,p1b\n|-resisted|p1a: Hariyama\n|-supereffective|p1b: Tropius\n|-damage|p1a: Hariyama|35\/100\n|-damage|p1b: Tropius|50\/100\n|move|p2a: Sinistcha|Matcha Gotcha|p1b: Tropius|[spread] p1a,p1b\n|-resisted|p1b: Tropius\n|-damage|p1a: Hariyama|9\/100\n|-damage|p1b: Tropius|42\/100\n|move|p1b: Tropius|Leech Seed|p2b: Arcanine\n|-start|p2b: Arcanine|move: Leech Seed\n|cant|p1a: Hariyama|flinch\n|\n|-damage|p2b: Arcanine|29\/100|[from] Leech Seed|[of] p1b: Tropius\n|-heal|p1b: Tropius|53\/100|[silent]\n|upkeep\n|turn|9\n|\n|t:|1701049124\n|move|p2b: Arcanine|Flare Blitz|p1b: Tropius\n|-supereffective|p1b: Tropius\n|-damage|p1b: Tropius|0 fnt\n|faint|p1b: Tropius\n|-damage|p2b: Arcanine|9\/100|[from] Recoil\n|move|p2a: Sinistcha|Matcha Gotcha|p1a: Hariyama\n|-damage|p1a: Hariyama|0 fnt\n|faint|p1a: Hariyama\n|\n|upkeep\n|\n|t:|1701049136\n|switch|p1b: Barraskewda|Barraskewda, L50, M|100\/100\n|turn|10\n|\n|t:|1701049154\n|move|p1b: Barraskewda|Ice Fang|p2b: Arcanine\n|-resisted|p2b: Arcanine\n|-damage|p2b: Arcanine|0 fnt\n|faint|p2b: Arcanine\n|move|p2a: Sinistcha|Matcha Gotcha|p1b: Barraskewda\n|-supereffective|p1b: Barraskewda\n|-damage|p1b: Barraskewda|0 fnt\n|faint|p1b: Barraskewda\n|\n|win|Zulneily\n|raw|SpicyyBoyy's rating: 1071 &rarr; <strong>1049<\/strong><br \/>(-22 for losing)\n|raw|Zulneily's rating: 1049 &rarr; <strong>1084<\/strong><br \/>(+35 for winning)\n|l|\u2606SpicyyBoyy\n","uploadtime":1701049171,"views":1,"p1id":"spicyyboyy","p2id":"zulneily","formatid":"gen9vgc2023regulatione","rating":1049,"private":0,"password":""}