{"id":"gen9vgc2023regulatione-1987867353","p1":"youngtester3","p2":"Thieving_Vigilante","format":"[Gen 9] VGC 2023 Regulation E","log":"|j|\u2606youngtester3\n|j|\u2606Thieving_Vigilante\n|t:|1699644175\n|gametype|doubles\n|player|p1|youngtester3|koga|1201\n|player|p2|Thieving_Vigilante|ethan|1185\n|teamsize|p1|6\n|teamsize|p2|6\n|gen|9\n|tier|[Gen 9] VGC 2023 Regulation E\n|rated|\n|rule|Species Clause: Limit one of each Pok\u00e9mon\n|rule|Item Clause: Limit one of each item\n|clearpoke\n|poke|p1|Moltres-Galar, L50|\n|poke|p1|Illumise, L50, F|\n|poke|p1|Ogerpon-Wellspring, L50, F|\n|poke|p1|Flutter Mane, L50|\n|poke|p1|Iron Hands, L50|\n|poke|p1|Arcanine-Hisui, L50, M|\n|poke|p2|Ninetales-Alola, L50, M|\n|poke|p2|Sandslash-Alola, L50, F|\n|poke|p2|Cresselia, L50, F|\n|poke|p2|Articuno, L50|\n|poke|p2|Iron Hands, L50|\n|poke|p2|Milotic, L50, M|\n|teampreview|4\n|inactive|Battle timer is ON: inactive players will automatically lose when time's up. (requested by Thieving_Vigilante)\nThieving_Vigilante rejected open team sheets.\n|inactive|youngtester3 has 60 seconds left.\n|inactive|Thieving_Vigilante has 60 seconds left.\n|\n|t:|1699644216\n|start\n|switch|p1a: Iron Hands|Iron Hands, L50|100\/100\n|switch|p1b: Arcanine|Arcanine-Hisui, L50, M|100\/100\n|switch|p2a: Iron Hands|Iron Hands, L50|100\/100\n|switch|p2b: Milotic|Milotic, L50, M, shiny|100\/100\n|-ability|p1b: Arcanine|Intimidate|boost\n|-unboost|p2a: Iron Hands|atk|1\n|-unboost|p2b: Milotic|atk|1\n|-ability|p2b: Milotic|Competitive|boost\n|-boost|p2b: Milotic|spa|2\n|turn|1\n|inactive|youngtester3 has 30 seconds left.\n|\n|t:|1699644250\n|-terastallize|p1b: Arcanine|Water\n|move|p2a: Iron Hands|Fake Out|p1a: Iron Hands\n|-damage|p1a: Iron Hands|94\/100\n|move|p1b: Arcanine|Rock Slide|p2a: Iron Hands|[spread] p2a,p2b\n|-resisted|p2a: Iron Hands\n|-damage|p2a: Iron Hands|85\/100\n|-damage|p2b: Milotic|66\/100\n|move|p2b: Milotic|Scald|p1b: Arcanine\n|-resisted|p1b: Arcanine\n|-damage|p1b: Arcanine|62\/100\n|-status|p1b: Arcanine|brn\n|cant|p1a: Iron Hands|flinch\n|\n|-heal|p2b: Milotic|72\/100|[from] item: Leftovers\n|-damage|p1b: Arcanine|56\/100 brn|[from] brn\n|upkeep\n|turn|2\n|inactive|Thieving_Vigilante has 30 seconds left.\n|\n|t:|1699644285\n|-terastallize|p2b: Milotic|Grass\n|move|p2b: Milotic|Helping Hand|p2a: Iron Hands\n|-singleturn|p2a: Iron Hands|Helping Hand|[of] p2b: Milotic\n|move|p1b: Arcanine|Rock Slide|p2a: Iron Hands|[spread] p2a\n|-miss|p1b: Arcanine|p2b: Milotic\n|-resisted|p2a: Iron Hands\n|-damage|p2a: Iron Hands|78\/100\n|move|p2a: Iron Hands|Wild Charge|p1b: Arcanine\n|-supereffective|p1b: Arcanine\n|-damage|p1b: Arcanine|0 fnt\n|faint|p1b: Arcanine\n|-damage|p2a: Iron Hands|68\/100|[from] Recoil\n|move|p1a: Iron Hands|Wild Charge|p2b: Milotic\n|-resisted|p2b: Milotic\n|-damage|p2b: Milotic|50\/100\n|-damage|p1a: Iron Hands|90\/100|[from] Recoil\n|\n|-heal|p2b: Milotic|57\/100|[from] item: Leftovers\n|upkeep\n|\n|t:|1699644300\n|switch|p1b: Illumise|Illumise, L50, F|100\/100\n|turn|3\n|inactive|youngtester3 has 30 seconds left.\n|\n|t:|1699644333\n|-end|p2a: Iron Hands|Quark Drive|[silent]\n|switch|p2a: Ninetales|Ninetales-Alola, L50, M, shiny|100\/100\n|-weather|Snow|[from] ability: Snow Warning|[of] p2a: Ninetales\n|move|p1b: Illumise|Encore|p2b: Milotic\n|-start|p2b: Milotic|Encore\n|move|p2b: Milotic|Helping Hand|p2a: Ninetales\n|-singleturn|p2a: Ninetales|Helping Hand|[of] p2b: Milotic\n|move|p1a: Iron Hands|Drain Punch|p2b: Milotic\n|-damage|p2b: Milotic|22\/100\n|-heal|p1a: Iron Hands|100\/100|[from] drain|[of] p2b: Milotic\n|\n|-weather|Snow|[upkeep]\n|-heal|p2b: Milotic|29\/100|[from] item: Leftovers\n|upkeep\n|turn|4\n|\n|t:|1699644350\n|switch|p2b: Articuno|Articuno, L50|100\/100\n|move|p1b: Illumise|Tailwind|p1b: Illumise\n|-sidestart|p1: youngtester3|move: Tailwind\n|move|p2a: Ninetales|Aurora Veil|p2a: Ninetales\n|-sidestart|p2: Thieving_Vigilante|move: Aurora Veil\n|move|p1a: Iron Hands|Heavy Slam|p2a: Ninetales\n|-supereffective|p2a: Ninetales\n|-enditem|p2a: Ninetales|Focus Sash\n|-damage|p2a: Ninetales|1\/100\n|\n|-weather|Snow|[upkeep]\n|upkeep\n|turn|5\n|inactive|youngtester3 has 30 seconds left.\n|inactive|youngtester3 has 20 seconds left.\n|inactive|youngtester3 has 15 seconds left.\n|\n|t:|1699644391\n|move|p2a: Ninetales|Protect|p2a: Ninetales\n|-singleturn|p2a: Ninetales|Protect\n|move|p1b: Illumise|Fake Tears|p2b: Articuno\n|-unboost|p2b: Articuno|spd|2\n|move|p1a: Iron Hands|Wild Charge|p2b: Articuno\n|-supereffective|p2b: Articuno\n|-damage|p2b: Articuno|58\/100\n|-damage|p1a: Iron Hands|92\/100|[from] Recoil\n|move|p2b: Articuno|Blizzard|p1a: Iron Hands|[spread] p1a,p1b\n|-damage|p1a: Iron Hands|70\/100\n|-damage|p1b: Illumise|52\/100\n|\n|-weather|Snow|[upkeep]\n|upkeep\n|turn|6\n|\n|t:|1699644410\n|move|p1b: Illumise|Encore|p2a: Ninetales\n|-start|p2a: Ninetales|Encore\n|move|p2a: Ninetales|Protect|p2a: Ninetales\n|-singleturn|p2a: Ninetales|Protect\n|move|p1a: Iron Hands|Heavy Slam|p2b: Articuno\n|-supereffective|p2b: Articuno\n|-damage|p2b: Articuno|24\/100\n|move|p2b: Articuno|Tailwind|p2b: Articuno\n|-sidestart|p2: Thieving_Vigilante|move: Tailwind\n|\n|-weather|Snow|[upkeep]\n|upkeep\n|turn|7\n|\n|t:|1699644431\n|switch|p2b: Milotic|Milotic, L50, M, shiny, tera:Grass|29\/100\n|move|p2a: Ninetales|Protect||[still]\n|-fail|p2a: Ninetales\n|move|p1b: Illumise|Encore||[still]\n|-fail|p1b: Illumise\n|move|p1a: Iron Hands|Drain Punch|p2a: Ninetales\n|-damage|p2a: Ninetales|0 fnt\n|-heal|p1a: Iron Hands|70\/100|[from] drain|[of] p2a: Ninetales\n|faint|p2a: Ninetales\n|\n|-weather|none\n|-heal|p2b: Milotic|35\/100|[from] item: Leftovers\n|-sideend|p1: youngtester3|move: Tailwind\n|upkeep\n|\n|t:|1699644449\n|switch|p2a: Iron Hands|Iron Hands, L50|68\/100\n|turn|8\n|\n|t:|1699644470\n|move|p1b: Illumise|Tailwind|p1b: Illumise\n|-sidestart|p1: youngtester3|move: Tailwind\n|move|p2b: Milotic|Icy Wind|p1b: Illumise|[spread] p1a,p1b\n|-damage|p1a: Iron Hands|64\/100\n|-damage|p1b: Illumise|36\/100\n|-unboost|p1a: Iron Hands|spe|1\n|move|p2a: Iron Hands|Drain Punch|p1a: Iron Hands\n|-damage|p1a: Iron Hands|39\/100\n|-heal|p2a: Iron Hands|81\/100|[from] drain|[of] p1a: Iron Hands\n|move|p1a: Iron Hands|Drain Punch|p2b: Milotic\n|-damage|p2b: Milotic|13\/100\n|-heal|p1a: Iron Hands|47\/100|[from] drain|[of] p2b: Milotic\n|\n|-heal|p2b: Milotic|19\/100|[from] item: Leftovers\n|-sideend|p2: Thieving_Vigilante|move: Aurora Veil\n|upkeep\n|turn|9\n|inactive|youngtester3 has 30 seconds left.\n|inactive|Thieving_Vigilante has 30 seconds left.\n|inactive|youngtester3 has 20 seconds left.\n|\n|t:|1699644508\n|move|p2b: Milotic|Protect|p2b: Milotic\n|-singleturn|p2b: Milotic|Protect\n|move|p1b: Illumise|Fake Tears|p2a: Iron Hands\n|-unboost|p2a: Iron Hands|spd|2\n|move|p2a: Iron Hands|Heavy Slam|p1b: Illumise\n|-damage|p1b: Illumise|0 fnt\n|faint|p1b: Illumise\n|move|p1a: Iron Hands|Drain Punch|p2b: Milotic\n|-activate|p2b: Milotic|move: Protect\n|\n|-heal|p2b: Milotic|25\/100|[from] item: Leftovers\n|-sideend|p2: Thieving_Vigilante|move: Tailwind\n|upkeep\n|\n|t:|1699644511\n|switch|p1b: Moltres|Moltres-Galar, L50|100\/100\n|turn|10\n|\n|t:|1699644534\n|move|p1b: Moltres|Air Slash|p2a: Iron Hands\n|-damage|p2a: Iron Hands|46\/100\n|move|p2b: Milotic|Icy Wind|p1a: Iron Hands|[spread] p1a,p1b\n|-supereffective|p1b: Moltres\n|-damage|p1a: Iron Hands|42\/100\n|-damage|p1b: Moltres|84\/100\n|-unboost|p1a: Iron Hands|spe|1\n|-unboost|p1b: Moltres|spe|1\n|move|p2a: Iron Hands|Wild Charge|p1b: Moltres\n|-supereffective|p1b: Moltres\n|-damage|p1b: Moltres|0 fnt\n|faint|p1b: Moltres\n|-damage|p2a: Iron Hands|30\/100|[from] Recoil\n|move|p1a: Iron Hands|Drain Punch|p2a: Iron Hands\n|-damage|p2a: Iron Hands|0 fnt\n|-heal|p1a: Iron Hands|56\/100|[from] drain|[of] p2a: Iron Hands\n|faint|p2a: Iron Hands\n|-end|p2a: Iron Hands|Quark Drive|[silent]\n|\n|-heal|p2b: Milotic|32\/100|[from] item: Leftovers\n|upkeep\n|\n|t:|1699644551\n|switch|p2a: Articuno|Articuno, L50|24\/100\n|turn|11\n|\n|t:|1699644572\n|move|p2a: Articuno|Freeze-Dry|p1a: Iron Hands\n|-damage|p1a: Iron Hands|37\/100\n|move|p2b: Milotic|Scald|p1a: Iron Hands\n|-damage|p1a: Iron Hands|18\/100\n|move|p1a: Iron Hands|Wild Charge|p2a: Articuno\n|-supereffective|p2a: Articuno\n|-damage|p2a: Articuno|0 fnt\n|faint|p2a: Articuno\n|-damage|p1a: Iron Hands|13\/100|[from] Recoil\n|\n|-heal|p2b: Milotic|38\/100|[from] item: Leftovers\n|-sideend|p1: youngtester3|move: Tailwind\n|upkeep\n|turn|12\n|\n|t:|1699644586\n|move|p2b: Milotic|Scald|p1a: Iron Hands\n|-damage|p1a: Iron Hands|0 fnt\n|faint|p1a: Iron Hands\n|-end|p1a: Iron Hands|Quark Drive|[silent]\n|\n|win|Thieving_Vigilante\n|raw|youngtester3's rating: 1201 &rarr; <strong>1175<\/strong><br \/>(-26 for losing)\n|raw|Thieving_Vigilante's rating: 1185 &rarr; <strong>1211<\/strong><br \/>(+26 for winning)\n","uploadtime":1699644592,"views":23,"p1id":"youngtester3","p2id":"thievingvigilante","formatid":"gen9vgc2023regulatione","rating":1175,"private":0,"password":""}