{"id":"gen9vgc2023regulatione-1992877569","p1":"luk29powavgcggwp","p2":"Yunikin09","format":"[Gen 9] VGC 2023 Regulation E","log":"|j|\u2606luk29powavgcggwp\n|j|\u2606Yunikin09\n|t:|1700243186\n|gametype|doubles\n|player|p1|luk29powavgcggwp|101|1087\n|player|p2|Yunikin09|jasmine|1062\n|teamsize|p1|6\n|teamsize|p2|6\n|gen|9\n|tier|[Gen 9] VGC 2023 Regulation E\n|rated|\n|rule|Species Clause: Limit one of each Pok\u00e9mon\n|rule|Item Clause: Limit one of each item\n|clearpoke\n|poke|p1|Roaring Moon, L50|\n|poke|p1|Flutter Mane, L50|\n|poke|p1|Milotic, L50, F|\n|poke|p1|Landorus-Therian, L50, M|\n|poke|p1|Iron Hands, L50|\n|poke|p1|Ogerpon-Hearthflame, L50, F|\n|poke|p2|Ogerpon-Wellspring, L50, F|\n|poke|p2|Tornadus, L50, M|\n|poke|p2|Pelipper, L50, F|\n|poke|p2|Flutter Mane, L50|\n|poke|p2|Arcanine-Hisui, L50, M|\n|poke|p2|Landorus-Therian, L50, M|\n|teampreview|4\n|inactive|Battle timer is ON: inactive players will automatically lose when time's up. (requested by Yunikin09)\nYunikin09 has agreed to open team sheets.\n|inactive|luk29powavgcggwp has 60 seconds left.\n|\n|t:|1700243234\n|start\n|switch|p1a: Milotic|Milotic, L50, F|100\/100\n|switch|p1b: Landorus|Landorus-Therian, L50, M|100\/100\n|switch|p2a: Tornadus|Tornadus, L50, M|100\/100\n|switch|p2b: Pelipper|Pelipper, L50, F, shiny|100\/100\n|-ability|p1b: Landorus|Intimidate|boost\n|-unboost|p2a: Tornadus|atk|1\n|-unboost|p2b: Pelipper|atk|1\n|-weather|RainDance|[from] ability: Drizzle|[of] p2b: Pelipper\n|turn|1\n|inactive|luk29powavgcggwp has 30 seconds left.\n|inactive|luk29powavgcggwp has 20 seconds left.\n|\n|t:|1700243272\n|-terastallize|p1b: Landorus|Flying\n|move|p2a: Tornadus|Tailwind|p2a: Tornadus\n|-sidestart|p2: Yunikin09|move: Tailwind\n|move|p1b: Landorus|Rock Slide|p2b: Pelipper|[spread] p2a,p2b\n|-supereffective|p2a: Tornadus\n|-supereffective|p2b: Pelipper\n|-damage|p2a: Tornadus|44\/100\n|-damage|p2b: Pelipper|47\/100\n|cant|p2b: Pelipper|flinch\n|move|p1a: Milotic|Icy Wind|p2b: Pelipper|[spread] p2a,p2b\n|-supereffective|p2a: Tornadus\n|-damage|p2a: Tornadus|19\/100\n|-damage|p2b: Pelipper|31\/100\n|-unboost|p2a: Tornadus|spe|1\n|-unboost|p2b: Pelipper|spe|1\n|\n|-weather|RainDance|[upkeep]\n|upkeep\n|turn|2\n|inactive|luk29powavgcggwp has 30 seconds left.\n|inactive|Yunikin09 has 30 seconds left.\n|inactive|luk29powavgcggwp has 20 seconds left.\n|\n|t:|1700243309\n|switch|p1b: Iron Hands|Iron Hands, L50|100\/100\n|move|p2b: Pelipper|Wide Guard|p2b: Pelipper\n|-singleturn|p2b: Pelipper|Wide Guard\n|move|p2a: Tornadus|Bleakwind Storm|p1a: Milotic|[spread] p1a,p1b\n|-damage|p1a: Milotic|68\/100\n|-damage|p1b: Iron Hands|74\/100\n|move|p1a: Milotic|Scald|p2b: Pelipper\n|-resisted|p2b: Pelipper\n|-damage|p2b: Pelipper|0 fnt\n|faint|p2b: Pelipper\n|\n|-weather|RainDance|[upkeep]\n|-heal|p1a: Milotic|74\/100|[from] item: Leftovers\n|upkeep\n|\n|t:|1700243318\n|switch|p2b: Ogerpon|Ogerpon-Wellspring, L50, F|100\/100\n|turn|3\n|inactive|luk29powavgcggwp has 30 seconds left.\n|inactive|luk29powavgcggwp has 20 seconds left.\n|\n|t:|1700243354\n|-terastallize|p2b: Ogerpon|Water\n|detailschange|p2b: Ogerpon|Ogerpon-Wellspring-Tera, L50, F, tera:Water\n|-ability|p2b: Ogerpon|Embody Aspect (Wellspring)|boost\n|-boost|p2b: Ogerpon|spd|1\n|move|p1b: Iron Hands|Fake Out|p2b: Ogerpon\n|-crit|p2b: Ogerpon\n|-damage|p2b: Ogerpon|72\/100\n|cant|p2b: Ogerpon|flinch\n|move|p2a: Tornadus|Bleakwind Storm|p1b: Iron Hands|[spread] p1a,p1b\n|-damage|p1a: Milotic|46\/100\n|-damage|p1b: Iron Hands|46\/100\n|move|p1a: Milotic|Scald|p2a: Tornadus\n|-damage|p2a: Tornadus|0 fnt\n|faint|p2a: Tornadus\n|\n|-weather|RainDance|[upkeep]\n|-heal|p1a: Milotic|52\/100|[from] item: Leftovers\n|upkeep\n|\n|t:|1700243360\n|switch|p2a: Landorus|Landorus-Therian, L50, M|100\/100\n|-ability|p2a: Landorus|Intimidate|boost\n|-unboost|p1a: Milotic|atk|1\n|-ability|p1a: Milotic|Competitive|boost\n|-boost|p1a: Milotic|spa|2\n|-unboost|p1b: Iron Hands|atk|1\n|turn|4\n|inactive|luk29powavgcggwp has 30 seconds left.\n|inactive|luk29powavgcggwp has 20 seconds left.\n|\n|t:|1700243395\n|-end|p1b: Iron Hands|Quark Drive|[silent]\n|switch|p1b: Landorus|Landorus-Therian, L50, M, tera:Flying|100\/100\n|-ability|p1b: Landorus|Intimidate|boost\n|-unboost|p2a: Landorus|atk|1\n|-unboost|p2b: Ogerpon|atk|1\n|move|p2b: Ogerpon|Ivy Cudgel|p1b: Landorus|[anim] Ivy Cudgel Water\n|-crit|p1b: Landorus\n|-damage|p1b: Landorus|0 fnt\n|faint|p1b: Landorus\n|move|p2a: Landorus|Stone Edge|p1a: Milotic\n|-damage|p1a: Milotic|32\/100\n|move|p1a: Milotic|Icy Wind|p2b: Ogerpon|[spread] p2a,p2b\n|-supereffective|p2a: Landorus\n|-resisted|p2b: Ogerpon\n|-damage|p2a: Landorus|35\/100\n|-damage|p2b: Ogerpon|64\/100\n|-unboost|p2a: Landorus|spe|1\n|-unboost|p2b: Ogerpon|spe|1\n|\n|-weather|RainDance|[upkeep]\n|-heal|p1a: Milotic|38\/100|[from] item: Leftovers\n|-sideend|p2: Yunikin09|move: Tailwind\n|upkeep\n|\n|t:|1700243418\n|switch|p1b: Iron Hands|Iron Hands, L50|46\/100\n|turn|5\n|-message|Yunikin09 forfeited.\n|\n|win|luk29powavgcggwp\n|raw|luk29powavgcggwp's rating: 1087 &rarr; <strong>1112<\/strong><br \/>(+25 for winning)\n|raw|Yunikin09's rating: 1062 &rarr; <strong>1044<\/strong><br \/>(-18 for losing)\n|l|\u2606Yunikin09\n","uploadtime":1700243435,"views":16,"p1id":"luk29powavgcggwp","p2id":"yunikin09","formatid":"gen9vgc2023regulatione","rating":1044,"private":0,"password":""}