{"id":"gen9vgc2023regulatione-1988132514","p1":"IAmAnissue","p2":"DonFuron","format":"[Gen 9] VGC 2023 Regulation E","log":"|j|\u2606IAmAnissue\n|j|\u2606DonFuron\n|n|\u2606IAmAnissue|iamanissue\n|n|\u2606DonFuron|donfuron\n|html|View the match progress at <a href=\"\/game-bestof3-gen9vgc2023regulatione-1988128305\">game-bestof3-gen9vgc2023regulatione-1988128305<\/a>\n|t:|1699673624\n|gametype|doubles\n|player|p1|IAmAnissue|101|\n|player|p2|DonFuron|101|\n|teamsize|p1|6\n|teamsize|p2|6\n|gen|9\n|tier|[Gen 9] VGC 2023 Regulation E\n|rule|Species Clause: Limit one of each Pok\u00e9mon\n|rule|Item Clause: Limit one of each item\n|clearpoke\n|poke|p1|Lokix, L50, F|\n|poke|p1|Farigiraf, L50, F|\n|poke|p1|Iron Hands, L50|\n|poke|p1|Flutter Mane, L50|\n|poke|p1|Rillaboom, L50, M|\n|poke|p1|Talonflame, L50, M|\n|poke|p2|Enamorus-Therian, L50, F|\n|poke|p2|Snorlax, L50, M|\n|poke|p2|Ursaluna-Bloodmoon, L50, M|\n|poke|p2|Armarouge, L50, M|\n|poke|p2|Indeedee-F, L50, F|\n|poke|p2|Oranguru, L50, F|\n|teampreview|4\n|inactive|Battle timer is ON: inactive players will automatically lose when time's up. (requested by IAmAnissue)\nIAmAnissue has agreed to open team sheets.\nDonFuron has agreed to open team sheets.\n|showteam|p1|Lokix||LifeOrb|TintedLens|FirstImpression,SuckerPunch,Uturn,Detect|||F|||50|,,,,,Bug]Farigiraf||SitrusBerry|ArmorTail|Psychic,HyperVoice,HelpingHand,TrickRoom|||F|||50|,,,,,Fairy]Iron Hands||AssaultVest|QuarkDrive|FakeOut,WildCharge,DrainPunch,HeavySlam||||||50|,,,,,Grass]Flutter Mane||ChoiceSpecs|Protosynthesis|Moonblast,DazzlingGleam,ShadowBall,Thunderbolt||||||50|,,,,,Fairy]Rillaboom||MiracleSeed|GrassySurge|FakeOut,WoodHammer,KnockOff,Uturn|||M|||50|,,,,,Fire]Talonflame||CovertCloak|GaleWings|BraveBird,Tailwind,WillOWisp,Taunt|||M|||50|,,,,,Ghost\n|showteam|p2|Enamorus-Therian||CovertCloak|Overcoat|Moonblast,DazzlingGleam,EarthPower,CalmMind|||F|||50|,,,,,Water]Snorlax||CustapBerry|Gluttony|Facade,Earthquake,BellyDrum,Protect|||M|||50|,,,,,Ground]Ursaluna-Bloodmoon||ThroatSpray|MindsEye|HyperVoice,EarthPower,BloodMoon,Protect|||M|||50|,,,,,Normal]Armarouge||TwistedSpoon|FlashFire|ExpandingForce,ArmorCannon,ClearSmog,WideGuard|||M|||50|,,,,,Psychic]Indeedee-F||SafetyGoggles|PsychicSurge|FollowMe,HelpingHand,TrickRoom,DazzlingGleam|||F|||50|,,,,,Flying]Oranguru||PsychicSeed|Telepathy|Instruct,TrickRoom,FoulPlay,PsychicTerrain|||F|||50|,,,,,Water\n|\n|t:|1699673652\n|start\n|switch|p1a: Birb|Talonflame, L50, M, shiny|100\/100\n|switch|p1b: Ms. Dreavus|Flutter Mane, L50|100\/100\n|switch|p2a: Indeedee|Indeedee-F, L50, F|100\/100\n|switch|p2b: Snorlax|Snorlax, L50, M|100\/100\n|-fieldstart|move: Psychic Terrain|[from] ability: Psychic Surge|[of] p2a: Indeedee\n|turn|1\n|\n|t:|1699673659\n|-end|p1b: Ms. Dreavus|Protosynthesis|[silent]\n|switch|p1b: Out of Names|Rillaboom, L50, M|100\/100\n|-fieldstart|move: Grassy Terrain|[from] ability: Grassy Surge|[of] p1b: Out of Names\n|move|p2a: Indeedee|Follow Me|p2a: Indeedee\n|-singleturn|p2a: Indeedee|move: Follow Me\n|move|p1a: Birb|Taunt|p2a: Indeedee\n|-start|p2a: Indeedee|move: Taunt\n|move|p2b: Snorlax|Belly Drum|p2b: Snorlax\n|-damage|p2b: Snorlax|50\/100\n|-setboost|p2b: Snorlax|atk|6|[from] move: Belly Drum\n|\n|-heal|p2b: Snorlax|56\/100|[from] Grassy Terrain\n|upkeep\n|turn|2\n|inactive|DonFuron has 30 seconds left.\n|\n|t:|1699673687\n|switch|p2a: Oranguru|Oranguru, L50, F|100\/100\n|move|p2b: Snorlax|Protect|p2b: Snorlax\n|-singleturn|p2b: Snorlax|Protect\n|move|p1b: Out of Names|Fake Out|p2b: Snorlax\n|-activate|p2b: Snorlax|move: Protect\n|move|p1a: Birb|Will-O-Wisp|p2b: Snorlax\n|-activate|p2b: Snorlax|move: Protect\n|\n|-heal|p2b: Snorlax|62\/100|[from] Grassy Terrain\n|upkeep\n|turn|3\n|inactive|IAmAnissue has 30 seconds left.\n|\n|t:|1699673713\n|switch|p2a: Indeedee|Indeedee-F, L50, F|100\/100\n|-fieldstart|move: Psychic Terrain|[from] ability: Psychic Surge|[of] p2a: Indeedee\n|move|p1a: Birb|Taunt|p2a: Indeedee\n|-start|p2a: Indeedee|move: Taunt\n|move|p1b: Out of Names|Wood Hammer|p2b: Snorlax\n|-damage|p2b: Snorlax|4\/100\n|-damage|p1b: Out of Names|77\/100|[from] Recoil\n|move|p2b: Snorlax|Facade|p1a: Birb\n|-damage|p1a: Birb|0 fnt\n|faint|p1a: Birb\n|\n|upkeep\n|\n|t:|1699673727\n|switch|p1a: Ms. Dreavus|Flutter Mane, L50|100\/100\n|turn|4\n|-enditem|p2b: Snorlax|Custap Berry|[eat]\n|-activate|p2b: Snorlax|item: Custap Berry|[consumed]\n|\n|t:|1699673746\n|switch|p2a: Oranguru|Oranguru, L50, F|100\/100\n|-enditem|p2a: Oranguru|Psychic Seed\n|-boost|p2a: Oranguru|spd|1|[from] item: Psychic Seed\n|-terastallize|p2b: Snorlax|Ground\n|move|p2b: Snorlax|Earthquake|p1b: Out of Names|[spread] p1a,p1b\n|-activate|p2a: Oranguru|ability: Telepathy\n|-resisted|p1b: Out of Names\n|-damage|p1a: Ms. Dreavus|0 fnt\n|-damage|p1b: Out of Names|5\/100\n|faint|p1a: Ms. Dreavus\n|-end|p1a: Ms. Dreavus|Protosynthesis|[silent]\n|move|p1b: Out of Names|Knock Off|p2a: Oranguru\n|-supereffective|p2a: Oranguru\n|-damage|p2a: Oranguru|72\/100\n|\n|upkeep\n|\n|t:|1699673754\n|switch|p1a: Spiderman|Lokix, L50, F, shiny|100\/100\n|turn|5\n|inactive|DonFuron has 30 seconds left.\n|\n|t:|1699673786\n|-terastallize|p1a: Spiderman|Bug\n|move|p2b: Snorlax|Protect|p2b: Snorlax\n|-singleturn|p2b: Snorlax|Protect\n|move|p1a: Spiderman|U-turn|p2a: Oranguru\n|-supereffective|p2a: Oranguru\n|-damage|p2a: Oranguru|0 fnt\n|faint|p2a: Oranguru\n|-damage|p1a: Spiderman|91\/100|[from] item: Life Orb\n|move|p1b: Out of Names|Knock Off|p2b: Snorlax\n|-activate|p2b: Snorlax|move: Protect\n|\n|upkeep\n|\n|t:|1699673798\n|switch|p2a: Ursaluna|Ursaluna-Bloodmoon, L50, M|100\/100\n|turn|6\n|\n|t:|1699673807\n|move|p1a: Spiderman|U-turn|p2b: Snorlax\n|-damage|p2b: Snorlax|0 fnt\n|faint|p2b: Snorlax\n|-damage|p1a: Spiderman|81\/100|[from] item: Life Orb\n|move|p1b: Out of Names|Wood Hammer|p2a: Ursaluna\n|-supereffective|p2a: Ursaluna\n|-crit|p2a: Ursaluna\n|-damage|p2a: Ursaluna|0 fnt\n|faint|p2a: Ursaluna\n|-damage|p1b: Out of Names|0 fnt|[from] Recoil\n|faint|p1b: Out of Names\n|\n|upkeep\n|c|\u2606DonFuron|no\n|c|\u2606IAmAnissue|crit super mattered\n|c|\u2606DonFuron|yeah\n|\n|t:|1699673826\n|switch|p2b: Indeedee|Indeedee-F, L50, F|100\/100\n|turn|7\n|\n|t:|1699673830\n|move|p1a: Spiderman|U-turn|p2b: Indeedee\n|-supereffective|p2b: Indeedee\n|-damage|p2b: Indeedee|0 fnt\n|faint|p2b: Indeedee\n|-damage|p1a: Spiderman|72\/100|[from] item: Life Orb\n|\n|win|IAmAnissue\n|c|\u2606IAmAnissue|gg\n|c|\u2606DonFuron|but u played so well\n|c|\u2606DonFuron|i cant be mad\n|c|\u2606DonFuron|can i just try something\n|c|\u2606IAmAnissue|sure\n","uploadtime":1699673877,"views":23,"p1id":"iamanissue","p2id":"donfuron","formatid":"gen9vgc2023regulatione","rating":0,"private":0,"password":""}