{"id":"gen9vgc2023regulatione-1990274666","p1":"Jefe 8000","p2":"qz231114","format":"[Gen 9] VGC 2023 Regulation E","log":"|j|\u2606Jefe 8000\n|j|\u2606qz231114\n|t:|1699948952\n|gametype|doubles\n|player|p1|Jefe 8000|buck|1132\n|player|p2|qz231114|102|1167\n|teamsize|p1|6\n|teamsize|p2|6\n|gen|9\n|tier|[Gen 9] VGC 2023 Regulation E\n|rated|\n|rule|Species Clause: Limit one of each Pok\u00e9mon\n|rule|Item Clause: Limit one of each item\n|clearpoke\n|poke|p1|Tyranitar, L50, F|\n|poke|p1|Garchomp, L50, M|\n|poke|p1|Volbeat, L50, M|\n|poke|p1|Chien-Pao, L50|\n|poke|p1|Roaring Moon, L50|\n|poke|p1|Scovillain, L50, M|\n|poke|p2|Tornadus, L50, M|\n|poke|p2|Volcarona, L50, M|\n|poke|p2|Basculegion, L50, M|\n|poke|p2|Ludicolo, L50, M|\n|poke|p2|Scizor, L50, M|\n|poke|p2|Flutter Mane, L50|\n|teampreview|4\nqz231114 rejected open team sheets.\n|inactive|Battle timer is ON: inactive players will automatically lose when time's up. (requested by qz231114)\n|\n|t:|1699949025\n|start\n|switch|p1a: Garchomp|Garchomp, L50, M|100\/100\n|switch|p1b: Tyranitar|Tyranitar, L50, F|100\/100\n|switch|p2a: Scizor|Scizor, L50, M|100\/100\n|switch|p2b: Volcarona|Volcarona, L50, M|100\/100\n|-weather|Sandstorm|[from] ability: Sand Stream|[of] p1b: Tyranitar\n|turn|1\n|inactive|Jefe 8000 has 30 seconds left.\n|inactive|Jefe 8000 has 20 seconds left.\n|\n|t:|1699949060\n|-terastallize|p2b: Volcarona|Water\n|move|p1a: Garchomp|Dig||[still]\n|-prepare|p1a: Garchomp|Dig\n|move|p2b: Volcarona|Quiver Dance|p2b: Volcarona\n|-boost|p2b: Volcarona|spa|1\n|-boost|p2b: Volcarona|spd|1\n|-boost|p2b: Volcarona|spe|1\n|move|p1b: Tyranitar|Rock Slide|p2a: Scizor|[spread] p2a,p2b\n|-damage|p2a: Scizor|66\/100\n|-damage|p2b: Volcarona|72\/100\n|move|p2a: Scizor|Swords Dance|p2a: Scizor\n|-boost|p2a: Scizor|atk|2\n|\n|-weather|Sandstorm|[upkeep]\n|-damage|p2b: Volcarona|66\/100|[from] Sandstorm\n|-heal|p2a: Scizor|72\/100|[from] item: Leftovers\n|upkeep\n|turn|2\n|\n|t:|1699949083\n|switch|p1b: Volbeat|Volbeat, L50, M|100\/100\n|move|p2a: Scizor|Bullet Punch|p1b: Volbeat\n|-damage|p1b: Volbeat|12\/100\n|move|p2b: Volcarona|Giga Drain|p1b: Volbeat\n|-resisted|p1b: Volbeat\n|-damage|p1b: Volbeat|0 fnt\n|-heal|p2b: Volcarona|71\/100|[from] drain|[of] p1b: Volbeat\n|faint|p1b: Volbeat\n|move|p1a: Garchomp|Dig|p2a: Scizor|[from]lockedmove\n|-damage|p2a: Scizor|7\/100\n|\n|-weather|Sandstorm|[upkeep]\n|-damage|p2b: Volcarona|65\/100|[from] Sandstorm\n|-heal|p2a: Scizor|13\/100|[from] item: Leftovers\n|upkeep\n|\n|t:|1699949103\n|switch|p1b: Roaring Moon|Roaring Moon, L50|100\/100\n|turn|3\n|\n|t:|1699949115\n|move|p2a: Scizor|Bullet Punch|p1b: Roaring Moon\n|-damage|p1b: Roaring Moon|5\/100\n|move|p2b: Volcarona|Giga Drain|p1a: Garchomp\n|-damage|p1a: Garchomp|65\/100\n|-heal|p2b: Volcarona|82\/100|[from] drain|[of] p1a: Garchomp\n|move|p1b: Roaring Moon|Outrage|p2a: Scizor\n|-resisted|p2a: Scizor\n|-damage|p2a: Scizor|0 fnt\n|faint|p2a: Scizor\n|-damage|p1b: Roaring Moon|0 fnt|[from] item: Life Orb\n|faint|p1b: Roaring Moon\n|-end|p1b: Roaring Moon|Protosynthesis|[silent]\n|move|p1a: Garchomp|Dig||[still]\n|-prepare|p1a: Garchomp|Dig\n|\n|-weather|Sandstorm|[upkeep]\n|-damage|p2b: Volcarona|76\/100|[from] Sandstorm\n|upkeep\n|\n|t:|1699949130\n|switch|p1b: Tyranitar|Tyranitar, L50, F|100\/100\n|switch|p2a: Tornadus|Tornadus, L50, M|100\/100\n|turn|4\n|\n|t:|1699949142\n|-terastallize|p1b: Tyranitar|Fairy\n|move|p2a: Tornadus|Rain Dance|p2a: Tornadus\n|-weather|RainDance\n|move|p2b: Volcarona|Tera Blast|p1b: Tyranitar|[anim] Tera Blast Water\n|-damage|p1b: Tyranitar|47\/100\n|move|p1a: Garchomp|Dig|p2a: Tornadus|[from]lockedmove\n|-immune|p2a: Tornadus\n|move|p1b: Tyranitar|Stone Edge|p2a: Tornadus\n|-supereffective|p2a: Tornadus\n|-damage|p2a: Tornadus|0 fnt\n|faint|p2a: Tornadus\n|\n|-weather|RainDance|[upkeep]\n|upkeep\n|\n|t:|1699949150\n|switch|p2a: Flutter Mane|Flutter Mane, L50|100\/100\n|turn|5\n|\n|t:|1699949165\n|move|p2a: Flutter Mane|Dazzling Gleam|p1b: Tyranitar|[spread] p1a,p1b\n|-supereffective|p1a: Garchomp\n|-crit|p1a: Garchomp\n|-damage|p1a: Garchomp|0 fnt\n|-damage|p1b: Tyranitar|9\/100\n|faint|p1a: Garchomp\n|move|p2b: Volcarona|Giga Drain|p1b: Tyranitar\n|-damage|p1b: Tyranitar|0 fnt\n|-heal|p2b: Volcarona|80\/100|[from] drain|[of] p1b: Tyranitar\n|faint|p1b: Tyranitar\n|\n|win|qz231114\n|raw|Jefe 8000's rating: 1132 &rarr; <strong>1111<\/strong><br \/>(-21 for losing)\n|raw|qz231114's rating: 1187 &rarr; <strong>1208<\/strong><br \/>(+21 for winning)\n","uploadtime":1699949173,"views":13,"p1id":"jefe8000","p2id":"qz231114","formatid":"gen9vgc2023regulatione","rating":1111,"private":0,"password":""}