{"id":"gen9vgc2023regulatione-1999067461","p1":"SouthCroydonSaurs","p2":"Bitt 24","format":"[Gen 9] VGC 2023 Regulation E","log":"|j|\u2606SouthCroydonSaurs\n|j|\u2606Bitt 24\n|n|\u2606SouthCroydonSaurs|southcroydonsaurs\n|n|\u2606Bitt 24|bitt24\n|html|View the match progress at <a href=\"\/game-bestof3-gen9vgc2023regulatione-1999063767\">game-bestof3-gen9vgc2023regulatione-1999063767<\/a>\n|t:|1701029673\n|gametype|doubles\n|player|p1|SouthCroydonSaurs|265|\n|player|p2|Bitt 24|101|\n|teamsize|p1|6\n|teamsize|p2|6\n|gen|9\n|tier|[Gen 9] VGC 2023 Regulation E\n|rule|Species Clause: Limit one of each Pok\u00e9mon\n|rule|Item Clause: Limit one of each item\n|clearpoke\n|poke|p1|Electrode-Hisui, L50|\n|poke|p1|Iron Jugulis, L50|\n|poke|p1|Gholdengo, L50|\n|poke|p1|Iron Moth, L50|\n|poke|p1|Politoed, L50, M|\n|poke|p1|Overqwil, L50, M|\n|poke|p2|Mudsdale, L50, M|\n|poke|p2|Cresselia, L50, F|\n|poke|p2|Sneasel, L50, F|\n|poke|p2|Gyarados, L50, M|\n|poke|p2|Rotom-Mow, L50|\n|poke|p2|Florges-Yellow, L50, F|\n|teampreview|4\n|j| IlVentodOricorio\n|j| Fmaster94\n|j| TheFriending\n|\n|t:|1701029752\n|start\n|switch|p1a: Politoed|Politoed, L50, M|100\/100\n|switch|p1b: Overqwil|Overqwil, L50, M|100\/100\n|switch|p2a: Sneasel|Sneasel, L50, F|100\/100\n|switch|p2b: Cresselia|Cresselia, L50, F|100\/100\n|-weather|RainDance|[from] ability: Drizzle|[of] p1a: Politoed\n|turn|1\n|c|\u2606SouthCroydonSaurs|glhf\n|j| Memebasedgod\n|c| Memebasedgod|send the link to the b03\n|\n|t:|1701029771\n|move|p2a: Sneasel|Fake Out|p1b: Overqwil\n|-damage|p1b: Overqwil|87\/100\n|cant|p1b: Overqwil|flinch\n|move|p1a: Politoed|Hypnosis|p2b: Cresselia\n|-status|p2b: Cresselia|slp|[from] move: Hypnosis\n|cant|p2b: Cresselia|slp\n|\n|-weather|RainDance|[upkeep]\n|upkeep\n|turn|2\n|c|\u2606Bitt 24|Glhf\n|c| Memebasedgod|to the live links channel\n|c|\u2606Bitt 24|Omg\n|c| TheFriending|No\n|c|\u2606Bitt 24|no\n|\n|t:|1701029793\n|switch|p2b: Florges|Florges-Yellow, L50, F|100\/100\n|move|p1b: Overqwil|Crunch|p2b: Florges\n|-resisted|p2b: Florges\n|-damage|p2b: Florges|79\/100\n|move|p2a: Sneasel|Snarl|p1a: Politoed|[spread] p1b\n|-miss|p2a: Sneasel|p1a: Politoed\n|-resisted|p1b: Overqwil\n|-damage|p1b: Overqwil|84\/100\n|move|p1a: Politoed|Muddy Water|p2a: Sneasel|[spread] p2a,p2b\n|-damage|p2a: Sneasel|40\/100\n|-damage|p2b: Florges|53\/100\n|\n|-weather|RainDance|[upkeep]\n|upkeep\n|turn|3\n|c| TheFriending|Any of the 4 links leads to all smh\n|c| Memebasedgod|suck my ass kevs\n|\n|t:|1701029825\n|switch|p2a: Cresselia|Cresselia, L50, F|100\/100 slp\n|move|p2b: Florges|Protect|p2b: Florges\n|-singleturn|p2b: Florges|Protect\n|move|p1b: Overqwil|Liquidation|p2b: Florges\n|-activate|p2b: Florges|move: Protect\n|move|p1a: Politoed|Muddy Water|p2b: Florges|[spread] p2a\n|-activate|p2b: Florges|move: Protect\n|-damage|p2a: Cresselia|80\/100 slp\n|\n|-weather|RainDance|[upkeep]\n|-heal|p2a: Cresselia|86\/100 slp|[from] item: Leftovers\n|upkeep\n|turn|4\n|\n|t:|1701029851\n|-terastallize|p2a: Cresselia|Normal\n|move|p1b: Overqwil|Crunch|p2a: Cresselia\n|-damage|p2a: Cresselia|57\/100 slp\n|move|p1a: Politoed|Muddy Water|p2b: Florges|[spread] p2a,p2b\n|-damage|p2a: Cresselia|38\/100 slp\n|-damage|p2b: Florges|29\/100\n|move|p2b: Florges|Energy Ball|p1a: Politoed\n|-supereffective|p1a: Politoed\n|-damage|p1a: Politoed|53\/100\n|cant|p2a: Cresselia|slp\n|\n|-weather|RainDance|[upkeep]\n|-heal|p2a: Cresselia|44\/100 slp|[from] item: Leftovers\n|upkeep\n|turn|5\n|\n|t:|1701029885\n|move|p2b: Florges|Protect|p2b: Florges\n|-singleturn|p2b: Florges|Protect\n|move|p1b: Overqwil|Liquidation|p2a: Cresselia\n|-damage|p2a: Cresselia|16\/100 slp\n|move|p1a: Politoed|Muddy Water|p2b: Florges|[spread] p2a\n|-activate|p2b: Florges|move: Protect\n|-crit|p2a: Cresselia\n|-damage|p2a: Cresselia|0 fnt\n|faint|p2a: Cresselia\n|\n|-weather|none\n|upkeep\n|\n|t:|1701029894\n|switch|p2a: Mudsdale|Mudsdale, L50, M|100\/100\n|turn|6\n|\n|t:|1701029911\n|switch|p1a: Iron Jugulis|Iron Jugulis, L50|100\/100\n|-enditem|p1a: Iron Jugulis|Booster Energy\n|-activate|p1a: Iron Jugulis|ability: Quark Drive|[fromitem]\n|-start|p1a: Iron Jugulis|quarkdrivespe\n|move|p1b: Overqwil|Protect|p1b: Overqwil\n|-singleturn|p1b: Overqwil|Protect\n|move|p2b: Florges|Energy Ball|p1a: Iron Jugulis\n|-resisted|p1a: Iron Jugulis\n|-damage|p1a: Iron Jugulis|87\/100\n|move|p2a: Mudsdale|High Horsepower|p1b: Overqwil\n|-activate|p1b: Overqwil|move: Protect\n|\n|upkeep\n|turn|7\n|\n|t:|1701029940\n|move|p2b: Florges|Protect|p2b: Florges\n|-singleturn|p2b: Florges|Protect\n|move|p1a: Iron Jugulis|Tailwind|p1a: Iron Jugulis\n|-sidestart|p1: SouthCroydonSaurs|move: Tailwind\n|move|p1b: Overqwil|Liquidation|p2a: Mudsdale\n|-supereffective|p2a: Mudsdale\n|-damage|p2a: Mudsdale|52\/100\n|move|p2a: Mudsdale|Earthquake|p1b: Overqwil|[spread] p1b\n|-activate|p2b: Florges|move: Protect\n|-immune|p1a: Iron Jugulis\n|-supereffective|p1b: Overqwil\n|-damage|p1b: Overqwil|0 fnt\n|faint|p1b: Overqwil\n|\n|upkeep\n|\n|t:|1701029955\n|switch|p1b: Gholdengo|Gholdengo, L50|100\/100\n|turn|8\n|\n|t:|1701029973\n|-terastallize|p1b: Gholdengo|Flying\n|move|p1a: Iron Jugulis|Flamethrower|p2a: Mudsdale\n|-damage|p2a: Mudsdale|38\/100\n|-status|p2a: Mudsdale|brn\n|move|p1b: Gholdengo|Make It Rain|p2b: Florges|[spread] p2a,p2b\n|-supereffective|p2b: Florges\n|-damage|p2a: Mudsdale|8\/100 brn\n|-damage|p2b: Florges|0 fnt\n|-unboost|p1b: Gholdengo|spa|1\n|faint|p2b: Florges\n|move|p2a: Mudsdale|High Horsepower|p1b: Gholdengo\n|-immune|p1b: Gholdengo\n|\n|-damage|p2a: Mudsdale|2\/100 brn|[from] brn\n|upkeep\n|\n|t:|1701029978\n|switch|p2b: Sneasel|Sneasel, L50, F|40\/100\n|turn|9\n|c|\u2606Bitt 24|Gg\n|\n|t:|1701029996\n|move|p1a: Iron Jugulis|Flamethrower|p2b: Sneasel\n|-supereffective|p2b: Sneasel\n|-damage|p2b: Sneasel|0 fnt\n|faint|p2b: Sneasel\n|move|p1b: Gholdengo|Make It Rain|p2a: Mudsdale\n|-damage|p2a: Mudsdale|0 fnt\n|-unboost|p1b: Gholdengo|spa|1\n|faint|p2a: Mudsdale\n|\n|win|SouthCroydonSaurs\n|c|\u2606SouthCroydonSaurs|gg\n|c|&|\/uhtml prompt-bitt24,Bitt 24 is ready for game 3!\n|inactive|SouthCroydonSaurs has 50 seconds to confirm battle start!\n|c|&|\/uhtml prompt-southcroydonsaurs,SouthCroydonSaurs is ready for game 3!\nBoth players are ready! Starting next match!\n|j| Jay Jingles\n|l| Memebasedgod\n|l|\u2606Bitt 24\n|l| TheFriending\n|l| IlVentodOricorio\n","uploadtime":1701030440,"views":12,"p1id":"southcroydonsaurs","p2id":"bitt24","formatid":"gen9vgc2023regulatione","rating":0,"private":0,"password":""}