{"id":"gen9vgc2023regulatione-2000141806","p1":"Choruto","p2":"Sir Aaron07","format":"[Gen 9] VGC 2023 Regulation E","log":"|j|\u2606Choruto\n|j|\u2606Sir Aaron07\n|n|\u2606Choruto|choruto\n|n|\u2606Sir Aaron07|siraaron07\n|html|View the match progress at <a href=\"\/game-bestof3-gen9vgc2023regulatione-2000141805\">game-bestof3-gen9vgc2023regulatione-2000141805<\/a>\n|t:|1701162145\n|gametype|doubles\n|player|p1|Choruto|fisherman|\n|player|p2|Sir Aaron07|n-masters|\n|teamsize|p1|6\n|teamsize|p2|6\n|gen|9\n|tier|[Gen 9] VGC 2023 Regulation E\n|rule|Species Clause: Limit one of each Pok\u00e9mon\n|rule|Item Clause: Limit one of each item\n|clearpoke\n|poke|p1|Rillaboom, L50, M|\n|poke|p1|Heatran, L50, M|\n|poke|p1|Flutter Mane, L50|\n|poke|p1|Kingambit, L50, F|\n|poke|p1|Ogerpon-Wellspring, L50, F|\n|poke|p1|Landorus-Therian, L50, M|\n|poke|p2|Urshifu-*, L50, M|\n|poke|p2|Gholdengo, L50|\n|poke|p2|Ogerpon-Wellspring, L50, F|\n|poke|p2|Iron Hands, L50|\n|poke|p2|Farigiraf, L50, M|\n|poke|p2|Tornadus, L50, M|\n|teampreview|4\nSir Aaron07 has agreed to open team sheets.\n|c|\u2606Sir Aaron07|gl\nChoruto has agreed to open team sheets.\n|showteam|p1|Rillaboom||AssaultVest|GrassySurge|WoodHammer,HighHorsepower,GrassyGlide,FakeOut|||M|||50|,,,,,Fire]Heatran||LifeOrb|FlashFire|HeatWave,FlashCannon,EarthPower,Protect|||M|||50|,,,,,Fairy]Flutter Mane||BoosterEnergy|Protosynthesis|Moonblast,ShadowBall,IcyWind,Protect||||||50|,,,,,Fairy]Kingambit||BlackGlasses|Defiant|SuckerPunch,IronHead,SwordsDance,Protect|||F|||50|,,,,,Dark]Ogerpon-Wellspring||WellspringMask|WaterAbsorb|IvyCudgel,WoodHammer,FollowMe,SpikyShield|||F|||50|,,,,,Water]Landorus-Therian||ChoiceBand|Intimidate|TeraBlast,StompingTantrum,RockSlide,Earthquake|||M|||50|,,,,,Flying\n|showteam|p2|Urshifu||BlackGlasses|UnseenFist|WickedBlow,SuckerPunch,SwordsDance,Detect|||M|||50|,,,,,Poison]Gholdengo||ChoiceSpecs|GoodasGold|MakeItRain,ShadowBall,Thunderbolt,PowerGem||||||50|,,,,,Steel]Ogerpon-Wellspring||WellspringMask|WaterAbsorb|IvyCudgel,HornLeech,FollowMe,SpikyShield|||F|||50|,,,,,Water]Iron Hands||BoosterEnergy|QuarkDrive|FakeOut,CloseCombat,WildCharge,IcePunch||||||50|,,,,,Grass]Farigiraf||SafetyGoggles|ArmorTail|Psychic,DazzlingGleam,NastyPlot,TrickRoom|||M|||50|,,,,,Fairy]Tornadus||SkyPlate|Prankster|BleakwindStorm,Tailwind,Taunt,ScaryFace|||M|||50|,,,,,Flying\n|c|\u2606Sir Aaron07|It's my first game of the day\n|c|\u2606Sir Aaron07|Let's see how it goes\n|c|\u2606Choruto|yeah pretty much same\n|c|\u2606Choruto|just testing something out\n|\n|t:|1701162216\n|start\n|switch|p1a: Flutter Mane|Flutter Mane, L50|100\/100\n|switch|p1b: Ringo|Landorus-Therian, L50, M|100\/100\n|switch|p2a: Scrapper the Great|Iron Hands, L50, shiny|100\/100\n|switch|p2b: Maestro|Tornadus, L50, M|100\/100\n|-ability|p1b: Ringo|Intimidate|boost\n|-unboost|p2a: Scrapper the Great|atk|1\n|-unboost|p2b: Maestro|atk|1\n|-enditem|p1a: Flutter Mane|Booster Energy\n|-activate|p1a: Flutter Mane|ability: Protosynthesis|[fromitem]\n|-start|p1a: Flutter Mane|protosynthesisspe\n|-enditem|p2a: Scrapper the Great|Booster Energy\n|-activate|p2a: Scrapper the Great|ability: Quark Drive|[fromitem]\n|-start|p2a: Scrapper the Great|quarkdriveatk\n|turn|1\n|\n|t:|1701162274\n|-end|p2a: Scrapper the Great|Quark Drive|[silent]\n|switch|p2a: PonPon!urTEAMgone|Ogerpon-Wellspring, L50, F|100\/100\n|move|p2b: Maestro|Tailwind|p2b: Maestro\n|-sidestart|p2: Sir Aaron07|move: Tailwind\n|move|p1a: Flutter Mane|Icy Wind|p2b: Maestro|[spread] p2a,p2b\n|-supereffective|p2b: Maestro\n|-damage|p2a: PonPon!urTEAMgone|88\/100\n|-damage|p2b: Maestro|69\/100\n|-unboost|p2a: PonPon!urTEAMgone|spe|1\n|-unboost|p2b: Maestro|spe|1\n|move|p1b: Ringo|Stomping Tantrum|p2a: PonPon!urTEAMgone\n|-resisted|p2a: PonPon!urTEAMgone\n|-damage|p2a: PonPon!urTEAMgone|55\/100\n|\n|upkeep\n|turn|2\n|\n|t:|1701162285\n|switch|p1b: Halibut|Rillaboom, L50, M, shiny|100\/100\n|-fieldstart|move: Grassy Terrain|[from] ability: Grassy Surge|[of] p1b: Halibut\n|move|p2a: PonPon!urTEAMgone|Spiky Shield|p2a: PonPon!urTEAMgone\n|-singleturn|p2a: PonPon!urTEAMgone|move: Protect\n|move|p1a: Flutter Mane|Moonblast|p2a: PonPon!urTEAMgone\n|-activate|p2a: PonPon!urTEAMgone|move: Protect\n|move|p2b: Maestro|Bleakwind Storm|p1a: Flutter Mane|[spread] p1a,p1b\n|-supereffective|p1b: Halibut\n|-damage|p1a: Flutter Mane|55\/100\n|-damage|p1b: Halibut|30\/100\n|\n|-heal|p1a: Flutter Mane|61\/100|[from] Grassy Terrain\n|-heal|p2a: PonPon!urTEAMgone|60\/100|[from] Grassy Terrain\n|-heal|p1b: Halibut|36\/100|[from] Grassy Terrain\n|upkeep\n|turn|3\n|\n|t:|1701162311\n|move|p1b: Halibut|Fake Out|p2b: Maestro\n|-crit|p2b: Maestro\n|-damage|p2b: Maestro|41\/100\n|cant|p2b: Maestro|flinch\n|move|p1a: Flutter Mane|Moonblast|p2b: Maestro\n|-damage|p2b: Maestro|0 fnt\n|faint|p2b: Maestro\n|move|p2a: PonPon!urTEAMgone|Ivy Cudgel|p1a: Flutter Mane|[anim] Ivy Cudgel Water\n|-damage|p1a: Flutter Mane|0 fnt\n|faint|p1a: Flutter Mane\n|-end|p1a: Flutter Mane|Protosynthesis|[silent]\n|\n|-heal|p2a: PonPon!urTEAMgone|66\/100|[from] Grassy Terrain\n|-heal|p1b: Halibut|42\/100|[from] Grassy Terrain\n|upkeep\n|\n|t:|1701162321\n|switch|p1a: Ringo|Landorus-Therian, L50, M|100\/100\n|switch|p2b: Wicked Shades|Urshifu, L50, M|100\/100\n|-ability|p1a: Ringo|Intimidate|boost\n|-unboost|p2a: PonPon!urTEAMgone|atk|1\n|-unboost|p2b: Wicked Shades|atk|1\n|turn|4\n|\n|t:|1701162343\n|switch|p1b: Heatran|Heatran, L50, M|100\/100\n|-terastallize|p1a: Ringo|Flying\n|move|p2b: Wicked Shades|Wicked Blow|p1a: Ringo\n|-crit|p1a: Ringo\n|-damage|p1a: Ringo|25\/100\n|move|p2a: PonPon!urTEAMgone|Ivy Cudgel|p1a: Ringo|[anim] Ivy Cudgel Water\n|-crit|p1a: Ringo\n|-damage|p1a: Ringo|0 fnt\n|faint|p1a: Ringo\n|\n|-heal|p2a: PonPon!urTEAMgone|72\/100|[from] Grassy Terrain\n|-sideend|p2: Sir Aaron07|move: Tailwind\n|upkeep\n|\n|t:|1701162349\n|switch|p1a: Halibut|Rillaboom, L50, M, shiny|42\/100\n|turn|5\n|c|\u2606Choruto|gg I dont beat the shifu\n|\n|t:|1701162362\n|move|p2b: Wicked Shades|Detect|p2b: Wicked Shades\n|-singleturn|p2b: Wicked Shades|Protect\n|move|p2a: PonPon!urTEAMgone|Spiky Shield|p2a: PonPon!urTEAMgone\n|-singleturn|p2a: PonPon!urTEAMgone|move: Protect\n|move|p1b: Heatran|Heat Wave|p2a: PonPon!urTEAMgone|[spread] \n|-activate|p2a: PonPon!urTEAMgone|move: Protect\n|-activate|p2b: Wicked Shades|move: Protect\n|move|p1a: Halibut|Wood Hammer|p2b: Wicked Shades\n|-activate|p2b: Wicked Shades|move: Protect\n|\n|-heal|p1a: Halibut|48\/100|[from] Grassy Terrain\n|-heal|p2a: PonPon!urTEAMgone|78\/100|[from] Grassy Terrain\n|upkeep\n|turn|6\n|c|\u2606Choruto|really in any way\n|-message|Choruto forfeited.\n|\n|win|Sir Aaron07\n|c|&|\/uhtml prompt-choruto,Choruto is ready for game 2!\n|c|\u2606Sir Aaron07|gg\n|c|&|\/uhtml prompt-siraaron07,Sir Aaron07 is ready for game 2!\nBoth players are ready! Starting next match!\n|j| Tempest brute\n|l| Tempest brute\n|l|\u2606Choruto\n","uploadtime":1701163373,"views":4,"p1id":"choruto","p2id":"siraaron07","formatid":"gen9vgc2023regulatione","rating":0,"private":0,"password":""}