{"id":"gen9vgc2023regulatione-1991372528","p1":"valennnn44","p2":"Kjzhajk","format":"[Gen 9] VGC 2023 Regulation E","log":"|j|\u2606valennnn44\n|j|\u2606Kjzhajk\n|t:|1700071660\n|gametype|doubles\n|player|p1|valennnn44|266|1072\n|player|p2|Kjzhajk|lance|1141\n|teamsize|p1|6\n|teamsize|p2|6\n|gen|9\n|tier|[Gen 9] VGC 2023 Regulation E\n|rated|\n|rule|Species Clause: Limit one of each Pok\u00e9mon\n|rule|Item Clause: Limit one of each item\n|clearpoke\n|poke|p1|Rotom-Wash, L50|\n|poke|p1|Gastrodon, L50, F|\n|poke|p1|Arcanine-Hisui, L50, F|\n|poke|p1|Persian-Alola, L50, F|\n|poke|p1|Flutter Mane, L50|\n|poke|p1|Murkrow, L50, M|\n|poke|p2|Flutter Mane, L50|\n|poke|p2|Tornadus, L50, M|\n|poke|p2|Rillaboom, L50, M|\n|poke|p2|Garganacl, L50, M|\n|poke|p2|Arcanine-Hisui, L50, M|\n|poke|p2|Chien-Pao, L50|\n|teampreview|4\n|\n|t:|1700071672\n|start\n|switch|p1a: Gastrodon|Gastrodon, L50, F|100\/100\n|switch|p1b: Rotom|Rotom-Wash, L50|100\/100\n|switch|p2a: Tornadus|Tornadus, L50, M|100\/100\n|switch|p2b: Garganacl|Garganacl, L50, M|100\/100\n|turn|1\n|inactive|Battle timer is ON: inactive players will automatically lose when time's up. (requested by valennnn44)\n|\n|t:|1700071687\n|-terastallize|p2b: Garganacl|Ghost\n|move|p2a: Tornadus|Tailwind|p2a: Tornadus\n|-sidestart|p2: Kjzhajk|move: Tailwind\n|move|p1b: Rotom|Discharge|p2b: Garganacl|[spread] p2a,p2b\n|-immune|p1a: Gastrodon\n|-supereffective|p2a: Tornadus\n|-damage|p2a: Tornadus|51\/100\n|-damage|p2b: Garganacl|80\/100\n|move|p2b: Garganacl|Salt Cure|p1a: Gastrodon\n|-resisted|p1a: Gastrodon\n|-damage|p1a: Gastrodon|93\/100\n|-start|p1a: Gastrodon|Salt Cure\n|move|p1a: Gastrodon|Earth Power|p2b: Garganacl\n|-damage|p2b: Garganacl|59\/100\n|\n|-damage|p1a: Gastrodon|68\/100|[from] Salt Cure\n|upkeep\n|turn|2\n|inactive|valennnn44 has 30 seconds left.\n|\n|t:|1700071713\n|switch|p1a: Murkrow|Murkrow, L50, M, shiny|100\/100\n|move|p2a: Tornadus|Bleakwind Storm|p1b: Rotom|[spread] \n|-miss|p2a: Tornadus|p1a: Murkrow\n|-miss|p2a: Tornadus|p1b: Rotom\n|move|p1b: Rotom|Discharge|p2b: Garganacl|[spread] p1a,p2a,p2b\n|-supereffective|p1a: Murkrow\n|-supereffective|p2a: Tornadus\n|-damage|p1a: Murkrow|18\/100\n|-damage|p2a: Tornadus|6\/100\n|-damage|p2b: Garganacl|39\/100\n|-status|p1a: Murkrow|par\n|-enditem|p2b: Garganacl|Sitrus Berry|[eat]\n|-heal|p2b: Garganacl|63\/100|[from] item: Sitrus Berry\n|move|p2b: Garganacl|Salt Cure|p1b: Rotom\n|-crit|p1b: Rotom\n|-damage|p1b: Rotom|72\/100\n|-start|p1b: Rotom|Salt Cure\n|-enditem|p1b: Rotom|Red Card|[of] p2b: Garganacl\n|drag|p2b: Arcanine|Arcanine-Hisui, L50, M|100\/100\n|-ability|p2b: Arcanine|Intimidate|boost\n|-unboost|p1a: Murkrow|atk|1\n|-unboost|p1b: Rotom|atk|1\n|\n|-damage|p1b: Rotom|47\/100|[from] Salt Cure\n|upkeep\n|turn|3\n|\n|t:|1700071734\n|move|p1a: Murkrow|Tailwind|p1a: Murkrow\n|-sidestart|p1: valennnn44|move: Tailwind\n|move|p2b: Arcanine|Rock Slide|p1a: Murkrow|[spread] p1a,p1b\n|-supereffective|p1a: Murkrow\n|-damage|p1a: Murkrow|0 fnt\n|-damage|p1b: Rotom|0 fnt\n|faint|p1a: Murkrow\n|faint|p1b: Rotom\n|move|p2a: Tornadus|Bleakwind Storm|p1: Murkrow|[notarget]\n|-fail|p2a: Tornadus\n|\n|upkeep\n|\n|t:|1700071740\n|switch|p1b: Flutter Mane|Flutter Mane, L50, shiny|100\/100\n|switch|p1a: Gastrodon|Gastrodon, L50, F|68\/100\n|-enditem|p1b: Flutter Mane|Booster Energy\n|-activate|p1b: Flutter Mane|ability: Protosynthesis|[fromitem]\n|-start|p1b: Flutter Mane|protosynthesisspa\n|turn|4\n|\n|t:|1700071748\n|move|p1b: Flutter Mane|Protect|p1b: Flutter Mane\n|-singleturn|p1b: Flutter Mane|Protect\n|move|p2b: Arcanine|Rock Slide|p1a: Gastrodon|[spread] p1a\n|-activate|p1b: Flutter Mane|move: Protect\n|-resisted|p1a: Gastrodon\n|-crit|p1a: Gastrodon\n|-damage|p1a: Gastrodon|34\/100\n|move|p2a: Tornadus|Bleakwind Storm|p1b: Flutter Mane|[spread] p1a\n|-activate|p1b: Flutter Mane|move: Protect\n|-damage|p1a: Gastrodon|20\/100\n|move|p1a: Gastrodon|Chilling Water|p2b: Arcanine\n|-supereffective|p2b: Arcanine\n|-damage|p2b: Arcanine|23\/100\n|-unboost|p2b: Arcanine|atk|1\n|\n|-sideend|p2: Kjzhajk|move: Tailwind\n|upkeep\n|turn|5\n|inactive|valennnn44 has 30 seconds left.\n|\n|t:|1700071774\n|-terastallize|p1b: Flutter Mane|Fairy\n|move|p2a: Tornadus|Tailwind|p2a: Tornadus\n|-sidestart|p2: Kjzhajk|move: Tailwind\n|move|p1b: Flutter Mane|Dazzling Gleam|p2b: Arcanine|[spread] p2a,p2b\n|-resisted|p2b: Arcanine\n|-damage|p2a: Tornadus|0 fnt\n|-damage|p2b: Arcanine|0 fnt\n|faint|p2a: Tornadus\n|faint|p2b: Arcanine\n|move|p1a: Gastrodon|Chilling Water|p2: Tornadus|[notarget]\n|-fail|p1a: Gastrodon\n|\n|upkeep\n|\n|t:|1700071780\n|switch|p2b: Garganacl|Garganacl, L50, M, tera:Ghost|63\/100\n|switch|p2a: Rillaboom|Rillaboom, L50, M|100\/100\n|-fieldstart|move: Grassy Terrain|[from] ability: Grassy Surge|[of] p2a: Rillaboom\n|turn|6\n|\n|t:|1700071791\n|move|p2a: Rillaboom|Grassy Glide|p1a: Gastrodon\n|-supereffective|p1a: Gastrodon\n|-damage|p1a: Gastrodon|0 fnt\n|faint|p1a: Gastrodon\n|move|p1b: Flutter Mane|Shadow Ball|p2b: Garganacl\n|-supereffective|p2b: Garganacl\n|-damage|p2b: Garganacl|22\/100\n|move|p2b: Garganacl|Salt Cure|p1b: Flutter Mane\n|-damage|p1b: Flutter Mane|66\/100\n|-start|p1b: Flutter Mane|Salt Cure\n|\n|-heal|p1b: Flutter Mane|72\/100|[from] Grassy Terrain\n|-heal|p2b: Garganacl|28\/100|[from] Grassy Terrain\n|-damage|p1b: Flutter Mane|60\/100|[from] Salt Cure\n|-sideend|p1: valennnn44|move: Tailwind\n|upkeep\n|turn|7\n|\n|t:|1700071809\n|move|p2a: Rillaboom|Grassy Glide|p1b: Flutter Mane\n|-crit|p1b: Flutter Mane\n|-damage|p1b: Flutter Mane|0 fnt\n|faint|p1b: Flutter Mane\n|-end|p1b: Flutter Mane|Protosynthesis|[silent]\n|\n|win|Kjzhajk\n|raw|valennnn44's rating: 1072 &rarr; <strong>1054<\/strong><br \/>(-18 for losing)\n|raw|Kjzhajk's rating: 1120 &rarr; <strong>1142<\/strong><br \/>(+22 for winning)\n","uploadtime":1700071814,"views":7,"p1id":"valennnn44","p2id":"kjzhajk","formatid":"gen9vgc2023regulatione","rating":1054,"private":0,"password":""}