{"id":"gen9vgc2023regulatione-1988811140","p1":"Ozwald McFly","p2":"Thatlookglope","format":"[Gen 9] VGC 2023 Regulation E","log":"|j|\u2606Ozwald McFly\n|j|\u203dThatlookglope\n|t:|1699766597\n|gametype|doubles\n|player|p1|Ozwald McFly|birdkeeper-gen4dp|1342\n|player|p2|Thatlookglope|brawly|1371\n|teamsize|p1|6\n|teamsize|p2|6\n|gen|9\n|tier|[Gen 9] VGC 2023 Regulation E\n|rated|\n|rule|Species Clause: Limit one of each Pok\u00e9mon\n|rule|Item Clause: Limit one of each item\n|clearpoke\n|poke|p1|Noctowl, L50, F|\n|poke|p1|Sandy Shocks, L50|\n|poke|p1|Espeon, L50, F|\n|poke|p1|Indeedee-F, L50, F|\n|poke|p1|Iron Hands, L50|\n|poke|p1|Decidueye-Hisui, L50, M|\n|poke|p2|Typhlosion-Hisui, L50, M|\n|poke|p2|Ninetales, L50, M|\n|poke|p2|Roaring Moon, L50|\n|poke|p2|Sandy Shocks, L50|\n|poke|p2|Victreebel, L50, M|\n|poke|p2|Tornadus, L50, M|\n|teampreview|4\n|inactive|Battle timer is ON: inactive players will automatically lose when time's up. (requested by Thatlookglope)\n|inactive|Ozwald McFly has 60 seconds left.\n|\n|t:|1699766659\n|start\n|switch|p1a: Iron Hands|Iron Hands, L50|100\/100\n|switch|p1b: Indeedee|Indeedee-F, L50, F|100\/100\n|switch|p2a: Typhlosion|Typhlosion-Hisui, L50, M|100\/100\n|switch|p2b: Ninetales|Ninetales, L50, M|100\/100\n|-weather|SunnyDay|[from] ability: Drought|[of] p2b: Ninetales\n|-item|p1a: Iron Hands|Assault Vest|[from] ability: Frisk|[of] p2a: Typhlosion|[identify]\n|-item|p1b: Indeedee|Sitrus Berry|[from] ability: Frisk|[of] p2a: Typhlosion|[identify]\n|-fieldstart|move: Psychic Terrain|[from] ability: Psychic Surge|[of] p1b: Indeedee\n|turn|1\n|inactive|Thatlookglope has 30 seconds left.\n|inactive|Thatlookglope has 20 seconds left.\n|\n|t:|1699766695\n|-terastallize|p1a: Iron Hands|Fire\n|move|p1b: Indeedee|Helping Hand|p1a: Iron Hands\n|-singleturn|p1a: Iron Hands|Helping Hand|[of] p1b: Indeedee\n|move|p2b: Ninetales|Protect|p2b: Ninetales\n|-singleturn|p2b: Ninetales|Protect\n|move|p2a: Typhlosion|Eruption|p1b: Indeedee|[spread] p1a,p1b\n|-resisted|p1a: Iron Hands\n|-damage|p1a: Iron Hands|73\/100\n|-damage|p1b: Indeedee|10\/100\n|-enditem|p1b: Indeedee|Sitrus Berry|[eat]\n|-heal|p1b: Indeedee|35\/100|[from] item: Sitrus Berry\n|move|p1a: Iron Hands|Earthquake|p2b: Ninetales|[spread] p1b,p2a\n|-activate|p2b: Ninetales|move: Protect\n|-supereffective|p2a: Typhlosion\n|-damage|p1b: Indeedee|0 fnt\n|-damage|p2a: Typhlosion|0 fnt\n|faint|p1b: Indeedee\n|faint|p2a: Typhlosion\n|\n|-weather|SunnyDay|[upkeep]\n|upkeep\n|\n|t:|1699766719\n|switch|p2a: Victreebel|Victreebel, L50, M|100\/100\n|switch|p1b: Espeon|Espeon, L50, F|100\/100\n|turn|2\n|\n|t:|1699766742\n|move|p1b: Espeon|Detect|p1b: Espeon\n|-singleturn|p1b: Espeon|Protect\n|move|p2a: Victreebel|Sleep Powder|p1b: Espeon\n|-activate|p1b: Espeon|move: Protect\n|move|p2b: Ninetales|Heat Wave|p1b: Espeon|[spread] p1a\n|-activate|p1b: Espeon|move: Protect\n|-resisted|p1a: Iron Hands\n|-damage|p1a: Iron Hands|62\/100\n|move|p1a: Iron Hands|Earthquake|p2a: Victreebel|[spread] p2a,p2b\n|-activate|p1b: Espeon|move: Protect\n|-supereffective|p2b: Ninetales\n|-damage|p2a: Victreebel|52\/100\n|-damage|p2b: Ninetales|8\/100\n|\n|-weather|SunnyDay|[upkeep]\n|upkeep\n|turn|3\n|\n|t:|1699766767\n|move|p2a: Victreebel|Sleep Powder|p1a: Iron Hands|[miss]\n|-miss|p2a: Victreebel|p1a: Iron Hands\n|move|p1b: Espeon|Psychic|p2a: Victreebel\n|-supereffective|p2a: Victreebel\n|-damage|p2a: Victreebel|0 fnt\n|faint|p2a: Victreebel\n|move|p2b: Ninetales|Heat Wave|p1b: Espeon|[spread] p1a,p1b\n|-resisted|p1a: Iron Hands\n|-damage|p1a: Iron Hands|51\/100\n|-damage|p1b: Espeon|43\/100\n|move|p1a: Iron Hands|Drain Punch|p2b: Ninetales\n|-damage|p2b: Ninetales|0 fnt\n|-heal|p1a: Iron Hands|53\/100|[from] drain|[of] p2b: Ninetales\n|faint|p2b: Ninetales\n|\n|-weather|SunnyDay|[upkeep]\n|upkeep\n|\n|t:|1699766787\n|switch|p2b: Roaring Moon|Roaring Moon, L50|100\/100\n|-activate|p2b: Roaring Moon|ability: Protosynthesis\n|-start|p2b: Roaring Moon|protosynthesisspe\n|turn|4\n|\n|t:|1699766805\n|-terastallize|p2b: Roaring Moon|Flying\n|move|p1b: Espeon|Detect|p1b: Espeon\n|-singleturn|p1b: Espeon|Protect\n|move|p2b: Roaring Moon|Acrobatics|p1a: Iron Hands\n|-damage|p1a: Iron Hands|31\/100\n|move|p1a: Iron Hands|Drain Punch|p2b: Roaring Moon\n|-resisted|p2b: Roaring Moon\n|-damage|p2b: Roaring Moon|72\/100\n|-heal|p1a: Iron Hands|43\/100|[from] drain|[of] p2b: Roaring Moon\n|\n|-weather|SunnyDay|[upkeep]\n|upkeep\n|turn|5\n|inactive|Thatlookglope has 30 seconds left.\n|\n|t:|1699766833\n|move|p2b: Roaring Moon|Knock Off|p1a: Iron Hands\n|-damage|p1a: Iron Hands|3\/100\n|-enditem|p1a: Iron Hands|Assault Vest|[from] move: Knock Off|[of] p2b: Roaring Moon\n|move|p1b: Espeon|Psychic|p2b: Roaring Moon\n|-damage|p2b: Roaring Moon|11\/100\n|move|p1a: Iron Hands|Wild Charge|p2b: Roaring Moon\n|-supereffective|p2b: Roaring Moon\n|-damage|p2b: Roaring Moon|0 fnt\n|faint|p2b: Roaring Moon\n|-end|p2b: Roaring Moon|Protosynthesis|[silent]\n|-damage|p1a: Iron Hands|1\/100|[from] Recoil\n|\n|win|Ozwald McFly\n|raw|Ozwald McFly's rating: 1342 &rarr; <strong>1364<\/strong><br \/>(+22 for winning)\n|raw|Thatlookglope's rating: 1371 &rarr; <strong>1349<\/strong><br \/>(-22 for losing)\n|l|\u203dThatlookglope\n","uploadtime":1699766845,"views":13,"p1id":"ozwaldmcfly","p2id":"thatlookglope","formatid":"gen9vgc2023regulatione","rating":1349,"private":0,"password":""}