{"id":"gen9vgc2023regulatione-1999714389","p1":"whyismynamejeff","p2":"cmkcmaa","format":"[Gen 9] VGC 2023 Regulation E","log":"|j|\u2606whyismynamejeff\n|j|\u2606cmkcmaa\n|t:|1701110229\n|gametype|doubles\n|player|p1|whyismynamejeff|colress|1087\n|player|p2|cmkcmaa|101|1000\n|teamsize|p1|6\n|teamsize|p2|6\n|gen|9\n|tier|[Gen 9] VGC 2023 Regulation E\n|rated|\n|rule|Species Clause: Limit one of each Pok\u00e9mon\n|rule|Item Clause: Limit one of each item\n|clearpoke\n|poke|p1|Iron Hands, L50|\n|poke|p1|Landorus-Therian, L50, M|\n|poke|p1|Sinistcha, L50|\n|poke|p1|Grimmsnarl, L50, M|\n|poke|p1|Goodra-Hisui, L50, F|\n|poke|p1|Toxapex, L50, F|\n|poke|p2|Ribombee, L50, F|\n|poke|p2|Rillaboom, L50, F|\n|poke|p2|Urshifu-*, L50, F|\n|poke|p2|Heatran, L50, F|\n|poke|p2|Toxapex, L50, F|\n|poke|p2|Zoroark, L50, F|\n|teampreview|4\n|\n|t:|1701110251\n|start\n|switch|p1a: Landorus|Landorus-Therian, L50, M|100\/100\n|switch|p1b: Grimmsnarl|Grimmsnarl, L50, M|100\/100\n|switch|p2a: Toxapex|Toxapex, L50, F, shiny|100\/100\n|switch|p2b: Heatran|Heatran, L50, F, shiny|100\/100\n|-ability|p1a: Landorus|Intimidate|boost\n|-unboost|p2a: Toxapex|atk|1\n|-unboost|p2b: Heatran|atk|1\n|turn|1\n|\n|t:|1701110267\n|move|p1b: Grimmsnarl|Parting Shot|p2b: Heatran\n|-immune|p2b: Heatran\n|move|p1a: Landorus|U-turn|p2a: Toxapex\n|-resisted|p2a: Toxapex\n|-damage|p2a: Toxapex|92\/100\n|\n|t:|1701110275\n|switch|p1a: Toxapex|Toxapex, L50, F|100\/100|[from] U-turn\n|move|p2b: Heatran|Encore|p1b: Grimmsnarl\n|-start|p1b: Grimmsnarl|Encore\n|move|p2a: Toxapex|Toxic|p1b: Grimmsnarl\n|-status|p1b: Grimmsnarl|tox\n|\n|-heal|p2a: Toxapex|97\/100|[from] item: Black Sludge\n|-damage|p1b: Grimmsnarl|95\/100 tox|[from] psn\n|upkeep\n|turn|2\n|\n|t:|1701110311\n|move|p1b: Grimmsnarl|Parting Shot|p2b: Heatran\n|-immune|p2b: Heatran\n|move|p2b: Heatran|Dark Pulse|p1a: Toxapex\n|-damage|p1a: Toxapex|73\/100\n|move|p2a: Toxapex|Venoshock|p1b: Grimmsnarl\n|-supereffective|p1b: Grimmsnarl\n|-damage|p1b: Grimmsnarl|44\/100 tox\n|move|p1a: Toxapex|Infestation|p2a: Toxapex\n|-resisted|p2a: Toxapex\n|-damage|p2a: Toxapex|96\/100\n|-activate|p2a: Toxapex|move: Infestation|[of] p1a: Toxapex\n|\n|-heal|p2a: Toxapex|100\/100|[from] item: Black Sludge\n|-damage|p1b: Grimmsnarl|32\/100 tox|[from] psn\n|-damage|p2a: Toxapex|84\/100|[from] move: Infestation|[partiallytrapped]\n|upkeep\n|turn|3\n|\n|t:|1701110341\n|move|p2b: Heatran|Detect|p2b: Heatran\n|-singleturn|p2b: Heatran|Protect\n|move|p1a: Toxapex|Baneful Bunker|p1a: Toxapex\n|-singleturn|p1a: Toxapex|move: Protect\n|move|p1b: Grimmsnarl|Parting Shot|p2a: Toxapex\n|-unboost|p2a: Toxapex|atk|1\n|-unboost|p2a: Toxapex|spa|1\n|\n|t:|1701110351\n|switch|p1b: Goodra|Goodra-Hisui, L50, F|100\/100|[from] Parting Shot\n|move|p2a: Toxapex|Venoshock|p1b: Goodra\n|-immune|p1b: Goodra\n|\n|-heal|p2a: Toxapex|90\/100|[from] item: Black Sludge\n|-damage|p2a: Toxapex|73\/100|[from] move: Infestation|[partiallytrapped]\n|upkeep\n|turn|4\n|\n|t:|1701110377\n|move|p2a: Toxapex|Baneful Bunker|p2a: Toxapex\n|-singleturn|p2a: Toxapex|move: Protect\n|move|p2b: Heatran|Taunt|p1b: Goodra\n|-start|p1b: Goodra|move: Taunt\n|cant|p1b: Goodra|move: Taunt|Shelter\n|move|p1a: Toxapex|Infestation|p2b: Heatran\n|-supereffective|p2b: Heatran\n|-damage|p2b: Heatran|91\/100\n|-activate|p2b: Heatran|move: Infestation|[of] p1a: Toxapex\n|replace|p2b: Zoroark|Zoroark, L50, F, shiny\n|-end|p2b: Zoroark|Illusion\n|\n|-heal|p2a: Toxapex|79\/100|[from] item: Black Sludge\n|-damage|p2b: Zoroark|75\/100|[from] move: Infestation|[partiallytrapped]\n|-damage|p2a: Toxapex|62\/100|[from] move: Infestation|[partiallytrapped]\n|upkeep\n|turn|5\n|\n|t:|1701110421\n|move|p1a: Toxapex|Baneful Bunker|p1a: Toxapex\n|-singleturn|p1a: Toxapex|move: Protect\n|move|p2b: Zoroark|Encore||[still]\n|-fail|p2b: Zoroark\n|move|p1b: Goodra|Heavy Slam|p2a: Toxapex\n|-resisted|p2a: Toxapex\n|-damage|p2a: Toxapex|50\/100\n|move|p2a: Toxapex|Venoshock|p1a: Toxapex\n|-activate|p1a: Toxapex|move: Protect\n|\n|-heal|p2a: Toxapex|56\/100|[from] item: Black Sludge\n|-damage|p2b: Zoroark|59\/100|[from] move: Infestation|[partiallytrapped]\n|-damage|p2a: Toxapex|40\/100|[from] move: Infestation|[partiallytrapped]\n|upkeep\n|turn|6\n|\n|t:|1701110446\n|switch|p1b: Landorus|Landorus-Therian, L50, M|100\/100\n|-ability|p1b: Landorus|Intimidate|boost\n|-unboost|p2a: Toxapex|atk|1\n|-unboost|p2b: Zoroark|atk|1\n|move|p2b: Zoroark|Detect|p2b: Zoroark\n|-singleturn|p2b: Zoroark|Protect\n|move|p2a: Toxapex|Baneful Bunker|p2a: Toxapex\n|-singleturn|p2a: Toxapex|move: Protect\n|move|p1a: Toxapex|Substitute|p1a: Toxapex\n|-start|p1a: Toxapex|Substitute\n|-damage|p1a: Toxapex|48\/100\n|\n|-heal|p2a: Toxapex|45\/100|[from] item: Black Sludge\n|-damage|p2b: Zoroark|42\/100|[from] move: Infestation|[partiallytrapped]\n|-damage|p2a: Toxapex|29\/100|[from] move: Infestation|[partiallytrapped]\n|upkeep\n|turn|7\n|\n|t:|1701110479\n|-terastallize|p1b: Landorus|Flying\n|move|p2a: Toxapex|Wide Guard|p2a: Toxapex\n|-singleturn|p2a: Toxapex|Wide Guard\n|move|p1b: Landorus|Tera Blast|p2a: Toxapex|[anim] Tera Blast Flying\n|-damage|p2a: Toxapex|0 fnt\n|faint|p2a: Toxapex\n|move|p2b: Zoroark|Dark Pulse|p1a: Toxapex\n|-end|p1a: Toxapex|Substitute\n|move|p1a: Toxapex|Recover|p1a: Toxapex\n|-heal|p1a: Toxapex|99\/100\n|\n|-damage|p2b: Zoroark|26\/100|[from] move: Infestation|[partiallytrapped]\n|upkeep\n|\n|t:|1701110494\n|switch|p2a: Ribombee|Ribombee, L50, F, shiny|100\/100\n|turn|8\n|\n|t:|1701110510\n|move|p1a: Toxapex|Baneful Bunker|p1a: Toxapex\n|-singleturn|p1a: Toxapex|move: Protect\n|move|p1b: Landorus|Tera Blast|p2a: Ribombee|[anim] Tera Blast Flying\n|-supereffective|p2a: Ribombee\n|-enditem|p2a: Ribombee|Focus Sash\n|-damage|p2a: Ribombee|1\/100\n|move|p2a: Ribombee|Tailwind|p2a: Ribombee\n|-sidestart|p2: cmkcmaa|move: Tailwind\n|move|p2b: Zoroark|Encore|p1a: Toxapex\n|-activate|p1a: Toxapex|move: Protect\n|\n|-end|p2b: Zoroark|Infestation|[partiallytrapped]\n|upkeep\n|turn|9\n|\n|t:|1701110528\n|move|p2a: Ribombee|Protect|p2a: Ribombee\n|-singleturn|p2a: Ribombee|Protect\n|move|p2b: Zoroark|Encore|p1a: Toxapex\n|-start|p1a: Toxapex|Encore\n|move|p1b: Landorus|Tera Blast|p2b: Zoroark|[anim] Tera Blast Flying\n|-crit|p2b: Zoroark\n|-damage|p2b: Zoroark|0 fnt\n|faint|p2b: Zoroark\n|move|p1a: Toxapex|Baneful Bunker||[still]\n|-fail|p1a: Toxapex\n|\n|upkeep\n|\n|t:|1701110540\n|switch|p2b: Heatran|Heatran, L50, F, shiny|100\/100\n|turn|10\n|\n|t:|1701110560\n|-terastallize|p2a: Ribombee|Fairy\n|move|p1a: Toxapex|Baneful Bunker|p1a: Toxapex\n|-singleturn|p1a: Toxapex|move: Protect\n|move|p2a: Ribombee|Dazzling Gleam|p1a: Toxapex|[spread] p1b\n|-activate|p1a: Toxapex|move: Protect\n|-damage|p1b: Landorus|63\/100\n|move|p1b: Landorus|Tera Blast|p2b: Heatran|[anim] Tera Blast Flying\n|-resisted|p2b: Heatran\n|-damage|p2b: Heatran|75\/100\n|move|p2b: Heatran|Flash Cannon|p1a: Toxapex\n|-activate|p1a: Toxapex|move: Protect\n|\n|-heal|p2b: Heatran|81\/100|[from] item: Leftovers\n|upkeep\n|turn|11\n|\n|t:|1701110590\n|move|p1a: Toxapex|Baneful Bunker||[still]\n|-fail|p1a: Toxapex\n|move|p2a: Ribombee|Dazzling Gleam|p1b: Landorus|[spread] p1a,p1b\n|-resisted|p1a: Toxapex\n|-damage|p1a: Toxapex|85\/100\n|-damage|p1b: Landorus|21\/100\n|move|p1b: Landorus|Tera Blast|p2a: Ribombee|[anim] Tera Blast Flying\n|-damage|p2a: Ribombee|0 fnt\n|faint|p2a: Ribombee\n|move|p2b: Heatran|Flash Cannon|p1a: Toxapex\n|-resisted|p1a: Toxapex\n|-damage|p1a: Toxapex|67\/100\n|\n|-heal|p2b: Heatran|87\/100|[from] item: Leftovers\n|-end|p1a: Toxapex|Encore\n|-sideend|p2: cmkcmaa|move: Tailwind\n|upkeep\n|turn|12\n|\n|t:|1701110611\n|switch|p1b: Goodra|Goodra-Hisui, L50, F|100\/100\n|move|p2b: Heatran|Earth Power|p1a: Toxapex\n|-supereffective|p1a: Toxapex\n|-damage|p1a: Toxapex|9\/100\n|move|p1a: Toxapex|Infestation|p2b: Heatran\n|-resisted|p2b: Heatran\n|-damage|p2b: Heatran|87\/100\n|-activate|p2b: Heatran|move: Infestation|[of] p1a: Toxapex\n|\n|-heal|p2b: Heatran|93\/100|[from] item: Leftovers\n|-damage|p2b: Heatran|76\/100|[from] move: Infestation|[partiallytrapped]\n|upkeep\n|turn|13\n|\n|t:|1701110625\n|move|p1a: Toxapex|Baneful Bunker|p1a: Toxapex\n|-singleturn|p1a: Toxapex|move: Protect\n|move|p2b: Heatran|Earth Power|p1a: Toxapex\n|-activate|p1a: Toxapex|move: Protect\n|move|p1b: Goodra|Shelter|p1b: Goodra\n|-boost|p1b: Goodra|def|2\n|\n|-heal|p2b: Heatran|82\/100|[from] item: Leftovers\n|-damage|p2b: Heatran|66\/100|[from] move: Infestation|[partiallytrapped]\n|upkeep\n|turn|14\n|\n|t:|1701110645\n|move|p2b: Heatran|Flash Cannon|p1a: Toxapex\n|-resisted|p1a: Toxapex\n|-damage|p1a: Toxapex|0 fnt\n|faint|p1a: Toxapex\n|move|p1b: Goodra|Body Press|p2b: Heatran\n|-supereffective|p2b: Heatran\n|-damage|p2b: Heatran|0 fnt\n|faint|p2b: Heatran\n|\n|win|whyismynamejeff\n|raw|whyismynamejeff's rating: 1087 &rarr; <strong>1107<\/strong><br \/>(+20 for winning)\n|raw|cmkcmaa's rating: 1000 &rarr; <strong>1000<\/strong><br \/>(+0 for losing)\n","uploadtime":1701110656,"views":2,"p1id":"whyismynamejeff","p2id":"cmkcmaa","formatid":"gen9vgc2023regulatione","rating":1000,"private":0,"password":""}