{"id":"gen9vgc2023regulatione-1990189081","p1":"Sword of ?","p2":"AndrwApple","format":"[Gen 9] VGC 2023 Regulation E","log":"|j|\u2606Sword of ?\n|j|\u2606AndrwApple\n|n|\u2606Sword of ?|swordof\n|n|\u2606AndrwApple|andrwapple\n|html|View the match progress at <a href=\"\/game-bestof3-gen9vgc2023regulatione-1990187197\">game-bestof3-gen9vgc2023regulatione-1990187197<\/a>\n|t:|1699934855\n|gametype|doubles\n|player|p1|Sword of ?|acetrainer-gen6xy|\n|player|p2|AndrwApple|dawn|\n|teamsize|p1|6\n|teamsize|p2|6\n|gen|9\n|tier|[Gen 9] VGC 2023 Regulation E\n|rule|Species Clause: Limit one of each Pok\u00e9mon\n|rule|Item Clause: Limit one of each item\n|clearpoke\n|poke|p1|Kingambit, L50, M|\n|poke|p1|Ogerpon-Wellspring, L50, F|\n|poke|p1|Landorus-Therian, L50, M|\n|poke|p1|Flutter Mane, L50|\n|poke|p1|Rillaboom, L50, M|\n|poke|p1|Heatran, L50, F|\n|poke|p2|Ninetales-Alola, L50, F|\n|poke|p2|Articuno, L50|\n|poke|p2|Dondozo, L50, M|\n|poke|p2|Landorus-Therian, L50, M|\n|poke|p2|Kingambit, L50, F|\n|poke|p2|Cresselia, L50, F|\n|teampreview|4\n|inactive|Battle timer is ON: inactive players will automatically lose when time's up. (requested by Sword of ?)\nSword of ? has agreed to open team sheets.\n|c|\u2606Sword of ?|ur so gau lmao\n|\n|t:|1699934870\n|start\n|switch|p1a: Kingambit|Kingambit, L50, M|100\/100\n|switch|p1b: Ogerpon|Ogerpon-Wellspring, L50, F|100\/100\n|switch|p2a: Ninetales|Ninetales-Alola, L50, F|100\/100\n|switch|p2b: Articuno|Articuno, L50|100\/100\n|-weather|Snow|[from] ability: Snow Warning|[of] p2a: Ninetales\n|turn|1\n|\n|t:|1699934878\n|move|p1b: Ogerpon|Follow Me|p1b: Ogerpon\n|-singleturn|p1b: Ogerpon|move: Follow Me\n|move|p2a: Ninetales|Aurora Veil|p2a: Ninetales\n|-sidestart|p2: AndrwApple|move: Aurora Veil\n|move|p2b: Articuno|Sheer Cold|p1b: Ogerpon|[miss]\n|-miss|p2b: Articuno|p1b: Ogerpon\n|move|p1a: Kingambit|Swords Dance|p1a: Kingambit\n|-boost|p1a: Kingambit|atk|2\n|\n|-weather|Snow|[upkeep]\n|upkeep\n|turn|2\n|\n|t:|1699934887\n|switch|p2a: Dondozo|Dondozo, L50, M|100\/100\n|move|p1b: Ogerpon|Follow Me|p1b: Ogerpon\n|-singleturn|p1b: Ogerpon|move: Follow Me\n|move|p2b: Articuno|Sheer Cold|p1b: Ogerpon|[miss]\n|-miss|p2b: Articuno|p1b: Ogerpon\n|move|p1a: Kingambit|Swords Dance|p1a: Kingambit\n|-boost|p1a: Kingambit|atk|2\n|\n|-weather|Snow|[upkeep]\n|upkeep\n|turn|3\n|\n|t:|1699934905\n|move|p1b: Ogerpon|Follow Me|p1b: Ogerpon\n|-singleturn|p1b: Ogerpon|move: Follow Me\n|move|p2b: Articuno|Sheer Cold|p1b: Ogerpon|[miss]\n|-miss|p2b: Articuno|p1b: Ogerpon\n|move|p1a: Kingambit|Swords Dance|p1a: Kingambit\n|-boost|p1a: Kingambit|atk|2\n|move|p2a: Dondozo|Fissure|p1b: Ogerpon\n|-damage|p1b: Ogerpon|0 fnt\n|faint|p1b: Ogerpon\n|-ohko\n|\n|-weather|Snow|[upkeep]\n|upkeep\n|\n|t:|1699934914\n|switch|p1b: Rillaboom|Rillaboom, L50, M|100\/100\n|-fieldstart|move: Grassy Terrain|[from] ability: Grassy Surge|[of] p1b: Rillaboom\n|turn|4\n|\n|t:|1699934923\n|switch|p2b: Kingambit|Kingambit, L50, F|100\/100\n|-terastallize|p1a: Kingambit|Dark\n|move|p2a: Dondozo|Protect|p2a: Dondozo\n|-singleturn|p2a: Dondozo|Protect\n|move|p1b: Rillaboom|Fake Out|p2a: Dondozo\n|-activate|p2a: Dondozo|move: Protect\n|move|p1a: Kingambit|Kowtow Cleave|p2b: Kingambit\n|-resisted|p2b: Kingambit\n|-damage|p2b: Kingambit|19\/100\n|\n|-weather|Snow|[upkeep]\n|-heal|p2b: Kingambit|25\/100|[from] Grassy Terrain\n|upkeep\n|turn|5\n|j| LifeOrbPex\n|\n|t:|1699934944\n|-terastallize|p2a: Dondozo|Poison\n|move|p2b: Kingambit|Protect|p2b: Kingambit\n|-singleturn|p2b: Kingambit|Protect\n|move|p1b: Rillaboom|Wood Hammer|p2a: Dondozo\n|-resisted|p2a: Dondozo\n|-damage|p2a: Dondozo|80\/100\n|-damage|p1b: Rillaboom|84\/100|[from] item: Rocky Helmet|[of] p2a: Dondozo\n|-damage|p1b: Rillaboom|75\/100|[from] Recoil\n|move|p1a: Kingambit|Kowtow Cleave|p2a: Dondozo\n|-damage|p2a: Dondozo|48\/100\n|-damage|p1a: Kingambit|84\/100|[from] item: Rocky Helmet|[of] p2a: Dondozo\n|move|p2a: Dondozo|Yawn|p1a: Kingambit\n|-start|p1a: Kingambit|move: Yawn|[of] p2a: Dondozo\n|\n|-weather|none\n|-heal|p1b: Rillaboom|81\/100|[from] Grassy Terrain\n|-heal|p1a: Kingambit|90\/100|[from] Grassy Terrain\n|-heal|p2b: Kingambit|30\/100|[from] Grassy Terrain\n|-heal|p2a: Dondozo|54\/100|[from] Grassy Terrain\n|upkeep\n|turn|6\n|c| LifeOrbPex|keep yourself safe @mexican\n|\n|t:|1699934968\n|switch|p1b: Heatran|Heatran, L50, F|100\/100\n|move|p1a: Kingambit|Sucker Punch|p2b: Kingambit\n|-resisted|p2b: Kingambit\n|-damage|p2b: Kingambit|0 fnt\n|faint|p2b: Kingambit\n|move|p2a: Dondozo|Fissure|p1a: Kingambit|[miss]\n|-miss|p2a: Dondozo|p1a: Kingambit\n|\n|-heal|p1a: Kingambit|96\/100|[from] Grassy Terrain\n|-heal|p2a: Dondozo|60\/100|[from] Grassy Terrain\n|-end|p1a: Kingambit|move: Yawn|[silent]\n|-status|p1a: Kingambit|slp\n|upkeep\n|\n|t:|1699934976\n|switch|p2b: Articuno|Articuno, L50|100\/100\n|turn|7\n|\n|t:|1699934989\n|switch|p2a: Ninetales|Ninetales-Alola, L50, F|100\/100\n|-weather|Snow|[from] ability: Snow Warning|[of] p2a: Ninetales\n|move|p2b: Articuno|Sheer Cold|p1a: Kingambit\n|-damage|p1a: Kingambit|0 fnt\n|faint|p1a: Kingambit\n|-ohko\n|move|p1b: Heatran|Earth Power|p2a: Ninetales\n|-crit|p2a: Ninetales\n|-damage|p2a: Ninetales|49\/100\n|\n|-weather|Snow|[upkeep]\n|-heal|p2a: Ninetales|55\/100|[from] Grassy Terrain\n|upkeep\n|c|\u2606AndrwApple|LMAO\n|\n|t:|1699935000\n|switch|p1a: Rillaboom|Rillaboom, L50, M|81\/100\n|turn|8\n|\n|t:|1699935007\n|move|p1a: Rillaboom|Fake Out|p2b: Articuno\n|-damage|p2b: Articuno|95\/100\n|move|p2a: Ninetales|Blizzard|p1a: Rillaboom|[spread] p1a,p1b\n|-supereffective|p1a: Rillaboom\n|-resisted|p1b: Heatran\n|-damage|p1a: Rillaboom|24\/100\n|-damage|p1b: Heatran|97\/100\n|-status|p1a: Rillaboom|frz\n|-status|p1b: Heatran|frz\n|cant|p2b: Articuno|flinch\n|cant|p1b: Heatran|frz\n|\n|-weather|Snow|[upkeep]\n|-heal|p2a: Ninetales|61\/100|[from] Grassy Terrain\n|-heal|p1a: Rillaboom|30\/100 frz|[from] Grassy Terrain\n|-heal|p1b: Heatran|100\/100 frz|[from] Grassy Terrain\n|-sideend|p2: AndrwApple|move: Aurora Veil\n|-fieldend|move: Grassy Terrain\n|upkeep\n|turn|9\n|c|\u2606AndrwApple|LMAO\n|-message|Sword of ? forfeited.\n|\n|win|AndrwApple\n|l|\u2606Sword of ?\n","uploadtime":1699935020,"views":43,"p1id":"swordof","p2id":"andrwapple","formatid":"gen9vgc2023regulatione","rating":0,"private":0,"password":""}