{"id":"gen9vgc2023regulatione-1991814883","p1":"zhangdinglong","p2":"huibao","format":"[Gen 9] VGC 2023 Regulation E","log":"|j|\u2606zhangdinglong\n|j|\u203dhuibao\n|t:|1700122333\n|gametype|doubles\n|player|p1|zhangdinglong|elesa-masters|1639\n|player|p2|huibao|101|1697\n|teamsize|p1|6\n|teamsize|p2|6\n|gen|9\n|tier|[Gen 9] VGC 2023 Regulation E\n|rated|\n|rule|Species Clause: Limit one of each Pok\u00e9mon\n|rule|Item Clause: Limit one of each item\n|clearpoke\n|poke|p1|Indeedee-F, L50, F|\n|poke|p1|Torkoal, L50, F|\n|poke|p1|Armarouge, L50, M|\n|poke|p1|Urshifu-*, L50, F|\n|poke|p1|Ogerpon, L50, F|\n|poke|p1|Iron Hands, L50|\n|poke|p2|Ursaluna-Bloodmoon, L50, M|\n|poke|p2|Urshifu-*, L50, M|\n|poke|p2|Landorus-Therian, L50, M|\n|poke|p2|Dusclops, L50, M|\n|poke|p2|Iron Hands, L50|\n|poke|p2|Ogerpon-Hearthflame, L50, F|\n|teampreview|4\n|j| RayOgre_VGC11\n|\n|t:|1700122363\n|start\n|switch|p1a: Ogerpon|Ogerpon, L50, F|100\/100\n|switch|p1b: Armarouge|Armarouge, L50, M|100\/100\n|switch|p2a: Urshifu|Urshifu, L50, M|100\/100\n|switch|p2b: Dusclops|Dusclops, L50, M|100\/100\n|-item|p1a: Ogerpon|Choice Scarf|[from] ability: Frisk|[of] p2b: Dusclops|[identify]\n|-item|p1b: Armarouge|Weakness Policy|[from] ability: Frisk|[of] p2b: Dusclops|[identify]\n|turn|1\n|\n|t:|1700122403\n|switch|p1b: Torkoal|Torkoal, L50, F|100\/100\n|-weather|SunnyDay|[from] ability: Drought|[of] p1b: Torkoal\n|move|p2a: Urshifu|Sucker Punch||[still]\n|-fail|p2a: Urshifu\n|move|p1a: Ogerpon|Play Rough|p2a: Urshifu\n|-supereffective|p2a: Urshifu\n|-damage|p2a: Urshifu|0 fnt\n|faint|p2a: Urshifu\n|move|p2b: Dusclops|Brick Break|p1a: Ogerpon\n|-damage|p1a: Ogerpon|86\/100\n|\n|-weather|SunnyDay|[upkeep]\n|upkeep\n|\n|t:|1700122420\n|switch|p2a: Ursaluna|Ursaluna-Bloodmoon, L50, M|100\/100\n|turn|2\n|\n|t:|1700122440\n|switch|p1a: Indeedee|Indeedee-F, L50, F|100\/100\n|-fieldstart|move: Psychic Terrain|[from] ability: Psychic Surge|[of] p1a: Indeedee\n|move|p1b: Torkoal|Protect|p1b: Torkoal\n|-singleturn|p1b: Torkoal|Protect\n|move|p2a: Ursaluna|Earth Power|p1b: Torkoal\n|-activate|p1b: Torkoal|move: Protect\n|move|p2b: Dusclops|Night Shade|p1a: Indeedee\n|-immune|p1a: Indeedee\n|\n|-weather|SunnyDay|[upkeep]\n|upkeep\n|turn|3\n|\n|t:|1700122458\n|-terastallize|p2a: Ursaluna|Normal\n|-terastallize|p1b: Torkoal|Fire\n|move|p1a: Indeedee|Follow Me|p1a: Indeedee\n|-singleturn|p1a: Indeedee|move: Follow Me\n|move|p2a: Ursaluna|Hyper Voice|p1a: Indeedee|[spread] p1a,p1b\n|-damage|p1a: Indeedee|52\/100\n|-damage|p1b: Torkoal|27\/100\n|move|p1b: Torkoal|Heat Wave|p2b: Dusclops|[spread] p2a,p2b\n|-damage|p2a: Ursaluna|14\/100\n|-damage|p2b: Dusclops|64\/100\n|move|p2b: Dusclops|Trick Room|p2b: Dusclops\n|-fieldstart|move: Trick Room|[of] p2b: Dusclops\n|\n|-weather|SunnyDay|[upkeep]\n|upkeep\n|turn|4\n|\n|t:|1700122473\n|move|p1a: Indeedee|Helping Hand|p1b: Torkoal\n|-singleturn|p1b: Torkoal|Helping Hand|[of] p1a: Indeedee\n|move|p2a: Ursaluna|Protect|p2a: Ursaluna\n|-singleturn|p2a: Ursaluna|Protect\n|move|p1b: Torkoal|Heat Wave|p2b: Dusclops|[spread] p2b\n|-activate|p2a: Ursaluna|move: Protect\n|-damage|p2b: Dusclops|4\/100\n|move|p2b: Dusclops|Trick Room|p2b: Dusclops\n|-fieldend|move: Trick Room\n|\n|-weather|SunnyDay|[upkeep]\n|upkeep\n|turn|5\n|\n|t:|1700122489\n|move|p1b: Torkoal|Protect|p1b: Torkoal\n|-singleturn|p1b: Torkoal|Protect\n|move|p1a: Indeedee|Dazzling Gleam|p2b: Dusclops|[spread] p2a,p2b\n|-damage|p2a: Ursaluna|0 fnt\n|-damage|p2b: Dusclops|0 fnt\n|faint|p2a: Ursaluna\n|faint|p2b: Dusclops\n|\n|-weather|none\n|upkeep\n|\n|t:|1700122501\n|switch|p2b: Iron Hands|Iron Hands, L50|100\/100\n|turn|6\n|-message|huibao forfeited.\n|\n|win|zhangdinglong\n|raw|zhangdinglong's rating: 1639 &rarr; <strong>1662<\/strong><br \/>(+23 for winning)\n|raw|huibao's rating: 1697 &rarr; <strong>1674<\/strong><br \/>(-23 for losing)\n|l|\u203dhuibao\n|l| RayOgre_VGC11\n","uploadtime":1700122511,"views":15,"p1id":"zhangdinglong","p2id":"huibao","formatid":"gen9vgc2023regulatione","rating":1662,"private":0,"password":""}