{"id":"gen9vgc2023regulatione-1998058118","p1":"Ozwald McFly","p2":"Robert1211","format":"[Gen 9] VGC 2023 Regulation E","log":"|j|\u2606Ozwald McFly\n|j|\u2606Robert1211\n|t:|1700884899\n|gametype|doubles\n|player|p1|Ozwald McFly|birdkeeper-gen4dp|1387\n|player|p2|Robert1211|169|1514\n|teamsize|p1|6\n|teamsize|p2|6\n|gen|9\n|tier|[Gen 9] VGC 2023 Regulation E\n|rated|\n|rule|Species Clause: Limit one of each Pok\u00e9mon\n|rule|Item Clause: Limit one of each item\n|clearpoke\n|poke|p1|Noctowl, L50, F|\n|poke|p1|Sandy Shocks, L50|\n|poke|p1|Espeon, L50, F|\n|poke|p1|Indeedee-F, L50, F|\n|poke|p1|Iron Hands, L50|\n|poke|p1|Decidueye-Hisui, L50, M|\n|poke|p2|Ogerpon-Cornerstone, L50, F|\n|poke|p2|Iron Hands, L50|\n|poke|p2|Indeedee-F, L50, F|\n|poke|p2|Tornadus, L50, M|\n|poke|p2|Flutter Mane, L50|\n|poke|p2|Landorus, L50, M|\n|teampreview|4\n|\n|t:|1700884933\n|start\n|switch|p1a: Iron Hands|Iron Hands, L50|100\/100\n|switch|p1b: Indeedee|Indeedee-F, L50, F|100\/100\n|switch|p2a: Indeedee|Indeedee-F, L50, F|100\/100\n|switch|p2b: Flutter Mane|Flutter Mane, L50|100\/100\n|-fieldstart|move: Psychic Terrain|[from] ability: Psychic Surge|[of] p2a: Indeedee\n|turn|1\n|\n|t:|1700884961\n|-terastallize|p2b: Flutter Mane|Fairy\n|-terastallize|p1a: Iron Hands|Fire\n|move|p2a: Indeedee|Follow Me|p2a: Indeedee\n|-singleturn|p2a: Indeedee|move: Follow Me\n|move|p2b: Flutter Mane|Dazzling Gleam|p1b: Indeedee|[spread] p1a,p1b\n|-resisted|p1a: Iron Hands\n|-damage|p1a: Iron Hands|86\/100\n|-damage|p1b: Indeedee|45\/100\n|-enditem|p1b: Indeedee|Sitrus Berry|[eat]\n|-heal|p1b: Indeedee|70\/100|[from] item: Sitrus Berry\n|move|p1a: Iron Hands|Heavy Slam|p2a: Indeedee\n|-damage|p2a: Indeedee|57\/100\n|-damage|p1a: Iron Hands|69\/100|[from] item: Rocky Helmet|[of] p2a: Indeedee\n|move|p1b: Indeedee|Trick Room|p1b: Indeedee\n|-fieldstart|move: Trick Room|[of] p1b: Indeedee\n|\n|upkeep\n|turn|2\n|\n|t:|1700885011\n|-end|p2b: Flutter Mane|Protosynthesis|[silent]\n|switch|p2b: Landorus|Landorus, L50, M|100\/100\n|move|p2a: Indeedee|Protect|p2a: Indeedee\n|-singleturn|p2a: Indeedee|Protect\n|move|p1a: Iron Hands|Heavy Slam|p2b: Landorus\n|-damage|p2b: Landorus|40\/100\n|move|p1b: Indeedee|Psyshock|p2b: Landorus\n|-damage|p2b: Landorus|4\/100\n|\n|upkeep\n|turn|3\n|\n|t:|1700885045\n|move|p2a: Indeedee|Follow Me|p2a: Indeedee\n|-singleturn|p2a: Indeedee|move: Follow Me\n|move|p1a: Iron Hands|Wild Charge|p2a: Indeedee\n|-damage|p2a: Indeedee|8\/100\n|-damage|p1a: Iron Hands|52\/100|[from] item: Rocky Helmet|[of] p2a: Indeedee\n|-damage|p1a: Iron Hands|43\/100|[from] Recoil\n|move|p1b: Indeedee|Psyshock|p2a: Indeedee\n|-resisted|p2a: Indeedee\n|-damage|p2a: Indeedee|0 fnt\n|faint|p2a: Indeedee\n|move|p2b: Landorus|Sandsear Storm|p1a: Iron Hands|[spread] p1a,p1b\n|-supereffective|p1a: Iron Hands\n|-damage|p1a: Iron Hands|0 fnt\n|-damage|p1b: Indeedee|6\/100\n|faint|p1a: Iron Hands\n|-end|p1a: Iron Hands|Quark Drive|[silent]\n|\n|upkeep\n|\n|t:|1700885060\n|switch|p1a: Decidueye|Decidueye-Hisui, L50, M, shiny|100\/100\n|switch|p2a: Iron Hands|Iron Hands, L50|100\/100\n|turn|4\n|\n|t:|1700885086\n|move|p2b: Landorus|Protect|p2b: Landorus\n|-singleturn|p2b: Landorus|Protect\n|move|p2a: Iron Hands|Drain Punch|p1b: Indeedee\n|-damage|p1b: Indeedee|0 fnt\n|faint|p1b: Indeedee\n|move|p1a: Decidueye|Triple Arrows|p2a: Iron Hands\n|-crit|p2a: Iron Hands\n|-damage|p2a: Iron Hands|47\/100\n|\n|upkeep\n|\n|t:|1700885095\n|switch|p1b: Espeon|Espeon, L50, F|100\/100\n|turn|5\n|\n|t:|1700885116\n|move|p1b: Espeon|Detect|p1b: Espeon\n|-singleturn|p1b: Espeon|Protect\n|move|p2a: Iron Hands|Wild Charge|p1b: Espeon\n|-activate|p1b: Espeon|move: Protect\n|move|p1a: Decidueye|Leaf Blade|p2b: Landorus\n|-damage|p2b: Landorus|0 fnt\n|faint|p2b: Landorus\n|\n|-fieldend|move: Trick Room\n|-fieldend|move: Psychic Terrain\n|upkeep\n|\n|t:|1700885125\n|switch|p2b: Flutter Mane|Flutter Mane, L50, tera:Fairy|100\/100\n|turn|6\n|\n|t:|1700885139\n|move|p1a: Decidueye|Protect|p1a: Decidueye\n|-singleturn|p1a: Decidueye|Protect\n|move|p2b: Flutter Mane|Dazzling Gleam|p1b: Espeon|[spread] p1b\n|-activate|p1a: Decidueye|move: Protect\n|-damage|p1b: Espeon|18\/100\n|move|p1b: Espeon|Psychic|p2a: Iron Hands\n|-supereffective|p2a: Iron Hands\n|-damage|p2a: Iron Hands|0 fnt\n|faint|p2a: Iron Hands\n|-end|p2a: Iron Hands|Quark Drive|[silent]\n|\n|upkeep\n|turn|7\n|\n|t:|1700885154\n|move|p2b: Flutter Mane|Dazzling Gleam|p1b: Espeon|[spread] p1a,p1b\n|-supereffective|p1a: Decidueye\n|-damage|p1a: Decidueye|0 fnt\n|-damage|p1b: Espeon|0 fnt\n|faint|p1a: Decidueye\n|faint|p1b: Espeon\n|\n|win|Robert1211\n|raw|Ozwald McFly's rating: 1387 &rarr; <strong>1374<\/strong><br \/>(-13 for losing)\n|raw|Robert1211's rating: 1514 &rarr; <strong>1527<\/strong><br \/>(+13 for winning)\n","uploadtime":1700885160,"views":8,"p1id":"ozwaldmcfly","p2id":"robert1211","formatid":"gen9vgc2023regulatione","rating":1374,"private":0,"password":""}