{"id":"gen9vgc2023regulatione-2000487153","p1":"jakfjasdlkfj","p2":"skeletal man","format":"[Gen 9] VGC 2023 Regulation E","log":"|j|\u2606jakfjasdlkfj\n|j|\u2606skeletal man\n|t:|1701198924\n|gametype|doubles\n|player|p1|jakfjasdlkfj|170|1149\n|player|p2|skeletal man|101|1223\n|teamsize|p1|6\n|teamsize|p2|6\n|gen|9\n|tier|[Gen 9] VGC 2023 Regulation E\n|rated|\n|rule|Species Clause: Limit one of each Pok\u00e9mon\n|rule|Item Clause: Limit one of each item\n|clearpoke\n|poke|p1|Articuno-Galar, L50|\n|poke|p1|Glastrier, L50|\n|poke|p1|Ursaluna, L50, M|\n|poke|p1|Basculegion, L50, M|\n|poke|p1|Mimikyu, L50, F|\n|poke|p1|Amoonguss, L50, M|\n|poke|p2|Chien-Pao, L50|\n|poke|p2|Urshifu-*, L50, M|\n|poke|p2|Arcanine-Hisui, L50, F|\n|poke|p2|Flutter Mane, L50|\n|poke|p2|Tornadus, L50, M|\n|poke|p2|Ninetales-Alola, L50, M|\n|teampreview|4\nskeletal man rejected open team sheets.\n|inactive|Battle timer is ON: inactive players will automatically lose when time's up. (requested by skeletal man)\n|\n|t:|1701198968\n|start\n|switch|p1a: Articuno|Articuno-Galar, L50|100\/100\n|switch|p1b: Glastrier|Glastrier, L50|100\/100\n|switch|p2a: Urshifu|Urshifu-Rapid-Strike, L50, M|100\/100\n|switch|p2b: Ninetales|Ninetales-Alola, L50, M|100\/100\n|-weather|Snow|[from] ability: Snow Warning|[of] p2b: Ninetales\n|turn|1\n|\n|t:|1701198987\n|switch|p1b: Amoonguss|Amoonguss, L50, M|100\/100\n|move|p2b: Ninetales|Aurora Veil|p2b: Ninetales\n|-sidestart|p2: skeletal man|move: Aurora Veil\n|move|p2a: Urshifu|Surging Strikes|p1a: Articuno\n|-crit|p1a: Articuno\n|-damage|p1a: Articuno|74\/100\n|-crit|p1a: Articuno\n|-damage|p1a: Articuno|49\/100\n|-crit|p1a: Articuno\n|-damage|p1a: Articuno|21\/100\n|-hitcount|p1a: Articuno|3\n|move|p1a: Articuno|Trick Room|p1a: Articuno\n|-fieldstart|move: Trick Room|[of] p1a: Articuno\n|\n|-weather|Snow|[upkeep]\n|-heal|p1a: Articuno|27\/100|[from] item: Leftovers\n|upkeep\n|turn|2\n|\n|t:|1701199008\n|switch|p1a: Glastrier|Glastrier, L50|100\/100\n|switch|p2a: Arcanine|Arcanine-Hisui, L50, F|100\/100\n|-ability|p2a: Arcanine|Intimidate|boost\n|-unboost|p1a: Glastrier|atk|1\n|-unboost|p1b: Amoonguss|atk|1\n|move|p1b: Amoonguss|Spore|p2a: Arcanine\n|-activate|p2a: Arcanine|item: Safety Goggles|Spore\n|move|p2b: Ninetales|Freeze-Dry|p1a: Glastrier\n|-resisted|p1a: Glastrier\n|-damage|p1a: Glastrier|92\/100\n|\n|-weather|Snow|[upkeep]\n|upkeep\n|turn|3\n|inactive|jakfjasdlkfj has 30 seconds left.\n|\n|t:|1701199039\n|-terastallize|p1a: Glastrier|Ghost\n|move|p1b: Amoonguss|Rage Powder|p1b: Amoonguss\n|-singleturn|p1b: Amoonguss|move: Rage Powder\n|move|p1a: Glastrier|Heavy Slam|p2b: Ninetales\n|-supereffective|p2b: Ninetales\n|-damage|p2b: Ninetales|0 fnt\n|faint|p2b: Ninetales\n|-ability|p1a: Glastrier|Chilling Neigh|boost\n|-boost|p1a: Glastrier|atk|1\n|move|p2a: Arcanine|Howl|p2a: Arcanine\n|-boost|p2a: Arcanine|atk|1\n|\n|-weather|Snow|[upkeep]\n|upkeep\n|\n|t:|1701199051\n|switch|p2b: Chien-Pao|Chien-Pao, L50|100\/100\n|-ability|p2b: Chien-Pao|Sword of Ruin\n|turn|4\n|\n|t:|1701199056\n|switch|p1b: Ursaluna|Ursaluna, L50, M|100\/100\n|-terastallize|p2a: Arcanine|Normal\n|move|p2b: Chien-Pao|Protect|p2b: Chien-Pao\n|-singleturn|p2b: Chien-Pao|Protect\n|move|p2a: Arcanine|Extreme Speed|p1b: Ursaluna\n|-damage|p1b: Ursaluna|38\/100\n|move|p1a: Glastrier|Heavy Slam|p2b: Chien-Pao\n|-activate|p2b: Chien-Pao|move: Protect\n|\n|-weather|Snow|[upkeep]\n|-status|p1b: Ursaluna|brn|[from] item: Flame Orb\n|upkeep\n|turn|5\n|\n|t:|1701199078\n|move|p1b: Ursaluna|Protect|p1b: Ursaluna\n|-singleturn|p1b: Ursaluna|Protect\n|move|p2b: Chien-Pao|Sucker Punch|p1a: Glastrier\n|-supereffective|p1a: Glastrier\n|-damage|p1a: Glastrier|30\/100\n|move|p1a: Glastrier|Heavy Slam|p2b: Chien-Pao\n|-supereffective|p2b: Chien-Pao\n|-damage|p2b: Chien-Pao|10\/100\n|move|p2a: Arcanine|Howl|p2a: Arcanine|[spread] p2a,p2b\n|-boost|p2a: Arcanine|atk|1\n|-boost|p2b: Chien-Pao|atk|1\n|\n|-weather|none\n|-damage|p1b: Ursaluna|33\/100 brn|[from] brn\n|-sideend|p2: skeletal man|move: Aurora Veil\n|-fieldend|move: Trick Room\n|upkeep\n|turn|6\n|\n|t:|1701199097\n|switch|p1a: Articuno|Articuno-Galar, L50|27\/100\n|move|p2b: Chien-Pao|Sacred Sword|p1b: Ursaluna\n|-supereffective|p1b: Ursaluna\n|-damage|p1b: Ursaluna|0 fnt\n|faint|p1b: Ursaluna\n|move|p2a: Arcanine|Rock Slide|p1a: Articuno\n|-supereffective|p1a: Articuno\n|-damage|p1a: Articuno|0 fnt\n|faint|p1a: Articuno\n|\n|upkeep\n|\n|t:|1701199106\n|switch|p1a: Amoonguss|Amoonguss, L50, M|100\/100\n|switch|p1b: Glastrier|Glastrier, L50, tera:Ghost|30\/100\n|turn|7\n|-message|jakfjasdlkfj forfeited.\n|\n|win|skeletal man\n|raw|jakfjasdlkfj's rating: 1149 &rarr; <strong>1129<\/strong><br \/>(-20 for losing)\n|raw|skeletal man's rating: 1223 &rarr; <strong>1243<\/strong><br \/>(+20 for winning)\n|l|\u2606jakfjasdlkfj\n","uploadtime":1701199121,"views":10,"p1id":"jakfjasdlkfj","p2id":"skeletalman","formatid":"gen9vgc2023regulatione","rating":1129,"private":0,"password":""}