{"id":"gen9vgc2023regulatione-1996754975","p1":"scrubcabbage","p2":"Legend273","format":"[Gen 9] VGC 2023 Regulation E","log":"|j|\u2606scrubcabbage\n|j|\u2606Legend273\n|t:|1700719673\n|gametype|doubles\n|player|p1|scrubcabbage|swimmer|1078\n|player|p2|Legend273|266|1086\n|teamsize|p1|6\n|teamsize|p2|6\n|gen|9\n|tier|[Gen 9] VGC 2023 Regulation E\n|rated|\n|rule|Species Clause: Limit one of each Pok\u00e9mon\n|rule|Item Clause: Limit one of each item\n|clearpoke\n|poke|p1|Gliscor, L50, M|\n|poke|p1|Overqwil, L50, M|\n|poke|p1|Muk-Alola, L50, F|\n|poke|p1|Gengar, L50, M|\n|poke|p1|Arbok, L50, M|\n|poke|p1|Toxtricity, L50, M|\n|poke|p2|Sableye, L50, M|\n|poke|p2|Overqwil, L50, M|\n|poke|p2|Arcanine-Hisui, L50, F|\n|poke|p2|Landorus, L50, M|\n|poke|p2|Chien-Pao, L50|\n|poke|p2|Amoonguss, L50, M|\n|teampreview|4\n|\n|t:|1700719691\n|start\n|switch|p1a: Overqwil|Overqwil, L50, M|100\/100\n|switch|p1b: Muk|Muk-Alola, L50, F|100\/100\n|switch|p2a: Chien-Pao|Chien-Pao, L50|100\/100\n|switch|p2b: Arcanine|Arcanine-Hisui, L50, F|100\/100\n|-ability|p2a: Chien-Pao|Sword of Ruin\n|-ability|p1a: Overqwil|Intimidate|boost\n|-unboost|p2a: Chien-Pao|atk|1\n|-unboost|p2b: Arcanine|atk|1\n|turn|1\n|\n|t:|1700719711\n|switch|p2a: Sableye|Sableye, L50, M|100\/100\n|move|p2b: Arcanine|Head Smash|p1a: Overqwil\n|-damage|p1a: Overqwil|61\/100\n|move|p1a: Overqwil|Toxic|p2a: Sableye\n|-status|p2a: Sableye|tox\n|move|p1b: Muk|Minimize|p1b: Muk\n|-boost|p1b: Muk|evasion|2\n|\n|-heal|p1a: Overqwil|67\/100|[from] item: Black Sludge\n|-damage|p2a: Sableye|95\/100 tox|[from] psn\n|upkeep\n|turn|2\n|\n|t:|1700719729\n|switch|p2b: Landorus|Landorus, L50, M|100\/100\n|move|p2a: Sableye|Gravity|p2a: Sableye\n|-fieldstart|move: Gravity\n|move|p1a: Overqwil|Toxic|p2b: Landorus\n|-status|p2b: Landorus|tox\n|move|p1b: Muk|Minimize|p1b: Muk\n|-boost|p1b: Muk|evasion|2\n|\n|-heal|p1a: Overqwil|73\/100|[from] item: Black Sludge\n|-damage|p2b: Landorus|94\/100 tox|[from] psn\n|-damage|p2a: Sableye|83\/100 tox|[from] psn\n|upkeep\n|turn|3\n|\n|t:|1700719747\n|switch|p2a: Arcanine|Arcanine-Hisui, L50, F|100\/100\n|-terastallize|p2b: Landorus|Ground\n|move|p1a: Overqwil|Protect|p1a: Overqwil\n|-singleturn|p1a: Overqwil|Protect\n|move|p2b: Landorus|Sandsear Storm|p1b: Muk|[spread] \n|-activate|p1a: Overqwil|move: Protect\n|-miss|p2b: Landorus|p1b: Muk\n|move|p1b: Muk|Substitute|p1b: Muk\n|-start|p1b: Muk|Substitute\n|-damage|p1b: Muk|75\/100\n|\n|-heal|p1a: Overqwil|80\/100|[from] item: Black Sludge\n|-heal|p1b: Muk|82\/100|[from] item: Leftovers\n|-damage|p2b: Landorus|82\/100 tox|[from] psn\n|upkeep\n|turn|4\n|\n|t:|1700719767\n|move|p2a: Arcanine|Head Smash|p1a: Overqwil\n|-damage|p1a: Overqwil|17\/100\n|move|p2b: Landorus|Sandsear Storm|p1a: Overqwil|[spread] p1a\n|-miss|p2b: Landorus|p1b: Muk\n|-supereffective|p1a: Overqwil\n|-damage|p1a: Overqwil|0 fnt\n|faint|p1a: Overqwil\n|move|p1b: Muk|Minimize|p1b: Muk\n|-boost|p1b: Muk|evasion|2\n|\n|-heal|p1b: Muk|88\/100|[from] item: Leftovers\n|-damage|p2b: Landorus|64\/100 tox|[from] psn\n|upkeep\n|\n|t:|1700719779\n|switch|p1a: Gliscor|Gliscor, L50, M|100\/100\n|turn|5\n|\n|t:|1700719794\n|move|p2a: Arcanine|Head Smash|p1a: Gliscor\n|-damage|p1a: Gliscor|46\/100\n|move|p2b: Landorus|Sludge Bomb|p1a: Gliscor\n|-resisted|p1a: Gliscor\n|-damage|p1a: Gliscor|21\/100\n|move|p1a: Gliscor|Substitute|p1a: Gliscor\n|-fail|p1a: Gliscor|move: Substitute|[weak]\n|move|p1b: Muk|Toxic|p2a: Arcanine\n|-status|p2a: Arcanine|tox\n|\n|-heal|p1b: Muk|94\/100|[from] item: Leftovers\n|-damage|p2a: Arcanine|95\/100 tox|[from] psn\n|-damage|p2b: Landorus|40\/100 tox|[from] psn\n|-status|p1a: Gliscor|tox|[from] item: Toxic Orb\n|upkeep\n|turn|6\n|\n|t:|1700719815\n|move|p1a: Gliscor|Protect|p1a: Gliscor\n|-singleturn|p1a: Gliscor|Protect\n|move|p1b: Muk|Protect|p1b: Muk\n|-singleturn|p1b: Muk|Protect\n|move|p2a: Arcanine|Head Smash|p1a: Gliscor\n|-activate|p1a: Gliscor|move: Protect\n|move|p2b: Landorus|Sandsear Storm|p1b: Muk|[spread] \n|-activate|p1a: Gliscor|move: Protect\n|-activate|p1b: Muk|move: Protect\n|\n|-heal|p1b: Muk|99\/100|[from] item: Leftovers\n|-damage|p2a: Arcanine|83\/100 tox|[from] psn\n|-damage|p2b: Landorus|9\/100 tox|[from] psn\n|-heal|p1a: Gliscor|33\/100 tox|[from] ability: Poison Heal\n|-fieldend|move: Gravity\n|upkeep\n|turn|7\n|\n|t:|1700719834\n|move|p1a: Gliscor|Protect||[still]\n|-fail|p1a: Gliscor\n|move|p2a: Arcanine|Head Smash|p1a: Gliscor|[miss]\n|-miss|p2a: Arcanine|p1a: Gliscor\n|move|p2b: Landorus|Sandsear Storm|p1a: Gliscor|[spread] \n|-immune|p1a: Gliscor\n|-miss|p2b: Landorus|p1b: Muk\n|move|p1b: Muk|Minimize|p1b: Muk\n|-boost|p1b: Muk|evasion|0\n|\n|-heal|p1b: Muk|100\/100|[from] item: Leftovers\n|-damage|p2a: Arcanine|65\/100 tox|[from] psn\n|-damage|p2b: Landorus|0 fnt|[from] psn\n|faint|p2b: Landorus\n|-heal|p1a: Gliscor|45\/100 tox|[from] ability: Poison Heal\n|upkeep\n|\n|t:|1700719853\n|switch|p2b: Sableye|Sableye, L50, M|83\/100 tox\n|turn|8\n|\n|t:|1700719859\n|move|p1a: Gliscor|Protect|p1a: Gliscor\n|-singleturn|p1a: Gliscor|Protect\n|move|p1b: Muk|Protect|p1b: Muk\n|-singleturn|p1b: Muk|Protect\n|move|p2b: Sableye|Gravity|p2b: Sableye\n|-fieldstart|move: Gravity\n|move|p2a: Arcanine|Head Smash|p1b: Muk\n|-activate|p1b: Muk|move: Protect\n|\n|-damage|p2a: Arcanine|42\/100 tox|[from] psn\n|-heal|p1a: Gliscor|57\/100 tox|[from] ability: Poison Heal\n|-damage|p2b: Sableye|78\/100 tox|[from] psn\n|upkeep\n|turn|9\n|\n|t:|1700719881\n|move|p2b: Sableye|Skill Swap|p1a: Gliscor\n|-activate|p2b: Sableye|move: Skill Swap|Poison Heal|Prankster|[of] p1a: Gliscor\n|move|p1a: Gliscor|Substitute|p1a: Gliscor\n|-start|p1a: Gliscor|Substitute\n|-damage|p1a: Gliscor|32\/100 tox\n|move|p2a: Arcanine|Head Smash|p1b: Muk|[miss]\n|-miss|p2a: Arcanine|p1b: Muk\n|move|p1b: Muk|Minimize|p1b: Muk\n|-boost|p1b: Muk|evasion|0\n|\n|-damage|p2a: Arcanine|12\/100 tox|[from] psn\n|-damage|p1a: Gliscor|8\/100 tox|[from] psn\n|-heal|p2b: Sableye|90\/100 tox|[from] ability: Poison Heal\n|upkeep\n|turn|10\n|\n|t:|1700719901\n|switch|p2a: Chien-Pao|Chien-Pao, L50|100\/100\n|-ability|p2a: Chien-Pao|Sword of Ruin\n|switch|p1a: Gengar|Gengar, L50, M|100\/100\n|move|p2b: Sableye|Protect|p2b: Sableye\n|-singleturn|p2b: Sableye|Protect\n|move|p1b: Muk|Protect||[still]\n|-fail|p1b: Muk\n|\n|-heal|p2b: Sableye|100\/100 tox|[from] ability: Poison Heal\n|upkeep\n|turn|11\n|\n|t:|1700719921\n|-terastallize|p1a: Gengar|Ghost\n|move|p1b: Muk|Protect|p1b: Muk\n|-singleturn|p1b: Muk|Protect\n|move|p2a: Chien-Pao|Icicle Crash|p1a: Gengar\n|-damage|p1a: Gengar|0 fnt\n|faint|p1a: Gengar\n|move|p2b: Sableye|Thunder Wave|p1b: Muk\n|-activate|p1b: Muk|move: Protect\n|\n|upkeep\n|\n|t:|1700719931\n|switch|p1a: Gliscor|Gliscor, L50, M|8\/100 tox\n|turn|12\n|\n|t:|1700719941\n|move|p1a: Gliscor|Protect|p1a: Gliscor\n|-singleturn|p1a: Gliscor|Protect\n|move|p2a: Chien-Pao|Icicle Crash|p1a: Gliscor\n|-activate|p1a: Gliscor|move: Protect\n|move|p1b: Muk|Toxic|p2a: Chien-Pao\n|-status|p2a: Chien-Pao|tox\n|move|p2b: Sableye|Thunder Wave|p1b: Muk|[miss]\n|-miss|p2b: Sableye|p1b: Muk\n|\n|-damage|p2a: Chien-Pao|95\/100 tox|[from] psn\n|-heal|p1a: Gliscor|20\/100 tox|[from] ability: Poison Heal\n|-fieldend|move: Gravity\n|upkeep\n|turn|13\n|\n|t:|1700719962\n|move|p2a: Chien-Pao|Icicle Crash|p1b: Muk|[miss]\n|-miss|p2a: Chien-Pao|p1b: Muk\n|move|p1a: Gliscor|Knock Off|p2b: Sableye\n|-damage|p2b: Sableye|58\/100 tox\n|-enditem|p2b: Sableye|Eject Button|[from] move: Knock Off|[of] p1a: Gliscor\n|move|p1b: Muk|Minimize|p1b: Muk\n|-boost|p1b: Muk|evasion|0\n|move|p2b: Sableye|Skill Swap|p2a: Chien-Pao\n|-activate|p2b: Sableye|move: Skill Swap|||[of] p2a: Chien-Pao\n|-ability|p2b: Sableye|Sword of Ruin\n|\n|-heal|p2a: Chien-Pao|100\/100 tox|[from] ability: Poison Heal\n|-heal|p1a: Gliscor|32\/100 tox|[from] ability: Poison Heal\n|-damage|p2b: Sableye|24\/100 tox|[from] psn\n|upkeep\n|turn|14\n|\n|t:|1700719985\n|switch|p2b: Arcanine|Arcanine-Hisui, L50, F|12\/100 tox\n|move|p1a: Gliscor|Protect|p1a: Gliscor\n|-singleturn|p1a: Gliscor|Protect\n|move|p1b: Muk|Protect|p1b: Muk\n|-singleturn|p1b: Muk|Protect\n|move|p2a: Chien-Pao|Icicle Crash|p1b: Muk\n|-activate|p1b: Muk|move: Protect\n|\n|-damage|p2b: Arcanine|6\/100 tox|[from] psn\n|-heal|p1a: Gliscor|44\/100 tox|[from] ability: Poison Heal\n|upkeep\n|turn|15\n|\n|t:|1700720006\n|move|p2b: Arcanine|Rock Slide|p1a: Gliscor|[spread] p1a\n|-miss|p2b: Arcanine|p1b: Muk\n|-damage|p1a: Gliscor|26\/100 tox\n|move|p2a: Chien-Pao|Sacred Sword|p1b: Muk\n|-end|p1b: Muk|Substitute\n|move|p1a: Gliscor|Substitute|p1a: Gliscor\n|-start|p1a: Gliscor|Substitute\n|-damage|p1a: Gliscor|1\/100 tox\n|move|p1b: Muk|Minimize|p1b: Muk\n|-boost|p1b: Muk|evasion|0\n|\n|-damage|p2b: Arcanine|0 fnt|[from] psn\n|faint|p2b: Arcanine\n|-heal|p1a: Gliscor|13\/100 tox|[from] ability: Poison Heal\n|upkeep\n|\n|t:|1700720023\n|switch|p2b: Sableye|Sableye, L50, M|24\/100 tox\n|turn|16\n|\n|t:|1700720031\n|move|p1b: Muk|Protect|p1b: Muk\n|-singleturn|p1b: Muk|Protect\n|move|p2b: Sableye|Skill Swap|p1a: Gliscor\n|-activate|p2b: Sableye|move: Skill Swap|Poison Heal|Prankster|[of] p1a: Gliscor\n|move|p2a: Chien-Pao|Sacred Sword|p1a: Gliscor\n|-resisted|p1a: Gliscor\n|-activate|p1a: Gliscor|move: Substitute|[damage]\n|move|p1a: Gliscor|Knock Off|p2b: Sableye\n|-damage|p2b: Sableye|4\/100 tox\n|\n|-damage|p1a: Gliscor|0 fnt|[from] psn\n|faint|p1a: Gliscor\n|-heal|p2b: Sableye|16\/100 tox|[from] ability: Poison Heal\n|upkeep\n|turn|17\n|-message|scrubcabbage forfeited.\n|\n|win|Legend273\n|raw|scrubcabbage's rating: 1078 &rarr; <strong>1057<\/strong><br \/>(-21 for losing)\n|raw|Legend273's rating: 1086 &rarr; <strong>1112<\/strong><br \/>(+26 for winning)\n|l|\u2606scrubcabbage\n","uploadtime":1700720082,"views":3,"p1id":"scrubcabbage","p2id":"legend273","formatid":"gen9vgc2023regulatione","rating":1057,"private":0,"password":""}