{"id":"gen9vgc2023regulatione-1991006612","p1":"Bad0ws","p2":"PhantomOrionVgc","format":"[Gen 9] VGC 2023 Regulation E","log":"|j|\u2606Bad0ws\n|j|\u2606PhantomOrionVgc\n|t:|1700026817\n|gametype|doubles\n|player|p1|Bad0ws|artist-gen4|1226\n|player|p2|PhantomOrionVgc|caitlin-masters|1240\n|teamsize|p1|6\n|teamsize|p2|6\n|gen|9\n|tier|[Gen 9] VGC 2023 Regulation E\n|rated|\n|rule|Species Clause: Limit one of each Pok\u00e9mon\n|rule|Item Clause: Limit one of each item\n|clearpoke\n|poke|p1|Ogerpon-Wellspring, L50, F|\n|poke|p1|Iron Hands, L50|\n|poke|p1|Weezing, L50, M|\n|poke|p1|Roaring Moon, L50|\n|poke|p1|Flutter Mane, L50|\n|poke|p1|Landorus-Therian, L50, M|\n|poke|p2|Farigiraf, L50, M|\n|poke|p2|Baxcalibur, L50, M|\n|poke|p2|Ninetales-Alola, L50, M|\n|poke|p2|Heatran, L50, F|\n|poke|p2|Weezing-Galar, L50, F|\n|poke|p2|Iron Hands, L50|\n|teampreview|4\nPhantomOrionVgc has agreed to open team sheets.\n|inactive|Battle timer is ON: inactive players will automatically lose when time's up. (requested by Bad0ws)\nBad0ws rejected open team sheets.\n|inactive|PhantomOrionVgc has 60 seconds left.\n|\n|t:|1700026881\n|start\n|switch|p1a: Iron Hands|Iron Hands, L50|100\/100\n|switch|p1b: Weezing|Weezing, L50, M|100\/100\n|switch|p2a: Farigiraf|Farigiraf, L50, M|100\/100\n|switch|p2b: Iron Hands|Iron Hands, L50|100\/100\n|-ability|p1b: Weezing|Neutralizing Gas\n|turn|1\n|inactive|Bad0ws has 30 seconds left.\n|\n|t:|1700026907\n|-end|p2b: Iron Hands|Quark Drive|[silent]\n|switch|p2b: Heatran|Heatran, L50, F|100\/100\n|move|p1a: Iron Hands|Fake Out|p2b: Heatran\n|-resisted|p2b: Heatran\n|-damage|p2b: Heatran|94\/100\n|move|p1b: Weezing|Taunt|p2a: Farigiraf\n|-start|p2a: Farigiraf|move: Taunt\n|move|p2a: Farigiraf|Hyper Voice|p1b: Weezing|[spread] p1a,p1b\n|-damage|p1a: Iron Hands|84\/100\n|-damage|p1b: Weezing|77\/100\n|\n|-heal|p2b: Heatran|99\/100|[from] item: Leftovers\n|upkeep\n|turn|2\n|inactive|Bad0ws has 30 seconds left.\n|\n|t:|1700026933\n|switch|p2a: Weezing|Weezing-Galar, L50, F|100\/100\n|-ability|p2a: Weezing|Neutralizing Gas\n|-terastallize|p2b: Heatran|Fairy\n|-terastallize|p1a: Iron Hands|Fire\n|move|p1b: Weezing|Protect|p1b: Weezing\n|-singleturn|p1b: Weezing|Protect\n|move|p2b: Heatran|Earth Power|p1b: Weezing\n|-activate|p1b: Weezing|move: Protect\n|move|p1a: Iron Hands|Drain Punch|p2b: Heatran\n|-resisted|p2b: Heatran\n|-damage|p2b: Heatran|78\/100\n|-heal|p1a: Iron Hands|92\/100|[from] drain|[of] p2b: Heatran\n|\n|-heal|p2b: Heatran|84\/100|[from] item: Leftovers\n|upkeep\n|turn|3\n|inactive|PhantomOrionVgc has 30 seconds left.\n|inactive|PhantomOrionVgc has 20 seconds left.\n|inactive|PhantomOrionVgc has 15 seconds left.\n|\n|t:|1700026976\n|move|p2b: Heatran|Earth Power|p1b: Weezing\n|-supereffective|p1b: Weezing\n|-damage|p1b: Weezing|14\/100\n|-enditem|p1b: Weezing|Sitrus Berry|[eat]\n|-heal|p1b: Weezing|39\/100|[from] item: Sitrus Berry\n|move|p2a: Weezing|Pain Split|p1a: Iron Hands\n|-sethp|p1a: Iron Hands|79\/100|[from] move: Pain Split|[silent]\n|-sethp|p2a: Weezing|100\/100|[from] move: Pain Split\n|move|p1b: Weezing|Taunt|p2a: Weezing\n|-start|p2a: Weezing|move: Taunt\n|-enditem|p2a: Weezing|Mental Herb\n|-end|p2a: Weezing|move: Taunt\n|move|p1a: Iron Hands|Heavy Slam|p2b: Heatran\n|-supereffective|p2b: Heatran\n|-damage|p2b: Heatran|54\/100\n|\n|-heal|p2b: Heatran|59\/100|[from] item: Leftovers\n|upkeep\n|turn|4\n|\n|t:|1700026994\n|move|p2a: Weezing|Protect|p2a: Weezing\n|-singleturn|p2a: Weezing|Protect\n|move|p1b: Weezing|Protect|p1b: Weezing\n|-singleturn|p1b: Weezing|Protect\n|move|p2b: Heatran|Earth Power|p1a: Iron Hands\n|-supereffective|p1a: Iron Hands\n|-damage|p1a: Iron Hands|36\/100\n|move|p1a: Iron Hands|Heavy Slam|p2a: Weezing\n|-activate|p2a: Weezing|move: Protect\n|\n|-heal|p2b: Heatran|65\/100|[from] item: Leftovers\n|upkeep\n|turn|5\n|\n|t:|1700027009\n|switch|p2a: Farigiraf|Farigiraf, L50, M|100\/100\n|move|p2b: Heatran|Earth Power|p1b: Weezing\n|-supereffective|p1b: Weezing\n|-damage|p1b: Weezing|0 fnt\n|faint|p1b: Weezing\n|-end|p1b: Weezing|ability: Neutralizing Gas\n|move|p1a: Iron Hands|Heavy Slam|p2a: Farigiraf\n|-damage|p2a: Farigiraf|84\/100\n|-damage|p1a: Iron Hands|19\/100|[from] item: Rocky Helmet|[of] p2a: Farigiraf\n|\n|-heal|p2b: Heatran|71\/100|[from] item: Leftovers\n|upkeep\n|\n|t:|1700027024\n|switch|p1b: Ogerpon|Ogerpon-Wellspring, L50, F|100\/100\n|turn|6\n|\n|t:|1700027040\n|move|p1b: Ogerpon|Follow Me|p1b: Ogerpon\n|-singleturn|p1b: Ogerpon|move: Follow Me\n|move|p2b: Heatran|Earth Power|p1b: Ogerpon\n|-resisted|p1b: Ogerpon\n|-crit|p1b: Ogerpon\n|-damage|p1b: Ogerpon|70\/100\n|move|p1a: Iron Hands|Drain Punch|p2a: Farigiraf\n|-damage|p2a: Farigiraf|53\/100\n|-heal|p1a: Iron Hands|33\/100|[from] drain|[of] p2a: Farigiraf\n|-damage|p1a: Iron Hands|16\/100|[from] item: Rocky Helmet|[of] p2a: Farigiraf\n|move|p2a: Farigiraf|Trick Room|p2a: Farigiraf\n|-fieldstart|move: Trick Room|[of] p2a: Farigiraf\n|\n|-heal|p2b: Heatran|77\/100|[from] item: Leftovers\n|upkeep\n|turn|7\n|inactive|Bad0ws has 30 seconds left.\n|\n|t:|1700027066\n|move|p2b: Heatran|Protect|p2b: Heatran\n|-singleturn|p2b: Heatran|Protect\n|move|p1b: Ogerpon|Follow Me|p1b: Ogerpon\n|-singleturn|p1b: Ogerpon|move: Follow Me\n|move|p2a: Farigiraf|Hyper Voice|p1b: Ogerpon|[spread] p1a,p1b\n|-damage|p1a: Iron Hands|0 fnt\n|-damage|p1b: Ogerpon|40\/100\n|faint|p1a: Iron Hands\n|-end|p1a: Iron Hands|Quark Drive|[silent]\n|\n|-heal|p2b: Heatran|83\/100|[from] item: Leftovers\n|upkeep\n|\n|t:|1700027072\n|switch|p1a: Flutter Mane|Flutter Mane, L50|100\/100\n|turn|8\n|\n|t:|1700027090\n|move|p2a: Farigiraf|Helping Hand|p2b: Heatran\n|-singleturn|p2b: Heatran|Helping Hand|[of] p2a: Farigiraf\n|move|p1b: Ogerpon|Spiky Shield|p1b: Ogerpon\n|-singleturn|p1b: Ogerpon|move: Protect\n|move|p2b: Heatran|Heat Wave|p1b: Ogerpon|[spread] p1a\n|-activate|p1b: Ogerpon|move: Protect\n|-damage|p1a: Flutter Mane|30\/100\n|move|p1a: Flutter Mane|Shadow Ball|p2b: Heatran\n|-damage|p2b: Heatran|29\/100\n|\n|-heal|p2b: Heatran|35\/100|[from] item: Leftovers\n|upkeep\n|turn|9\n|\n|t:|1700027103\n|move|p2a: Farigiraf|Helping Hand|p2b: Heatran\n|-singleturn|p2b: Heatran|Helping Hand|[of] p2a: Farigiraf\n|move|p2b: Heatran|Heat Wave|p1b: Ogerpon|[spread] p1a,p1b\n|-damage|p1a: Flutter Mane|0 fnt\n|-damage|p1b: Ogerpon|0 fnt\n|faint|p1a: Flutter Mane\n|-end|p1a: Flutter Mane|Protosynthesis|[silent]\n|faint|p1b: Ogerpon\n|\n|win|PhantomOrionVgc\n|raw|Bad0ws's rating: 1226 &rarr; <strong>1202<\/strong><br \/>(-24 for losing)\n|raw|PhantomOrionVgc's rating: 1240 &rarr; <strong>1264<\/strong><br \/>(+24 for winning)\n","uploadtime":1700027107,"views":8,"p1id":"bad0ws","p2id":"phantomorionvgc","formatid":"gen9vgc2023regulatione","rating":1202,"private":0,"password":""}