{"id":"gen9vgc2023regulatione-1994435781","p1":"cptpudding22","p2":"Aox93","format":"[Gen 9] VGC 2023 Regulation E","log":"|j|\u2606cptpudding22\n|j|\u2606Aox93\n|t:|1700443677\n|gametype|doubles\n|player|p1|cptpudding22|101|1619\n|player|p2|Aox93|cynthia-gen4|1640\n|teamsize|p1|6\n|teamsize|p2|6\n|gen|9\n|tier|[Gen 9] VGC 2023 Regulation E\n|rated|\n|rule|Species Clause: Limit one of each Pok\u00e9mon\n|rule|Item Clause: Limit one of each item\n|clearpoke\n|poke|p1|Tornadus, L50, M|\n|poke|p1|Urshifu-*, L50, F|\n|poke|p1|Arcanine-Hisui, L50, M|\n|poke|p1|Brambleghast, L50, M|\n|poke|p1|Iron Hands, L50|\n|poke|p1|Gholdengo, L50|\n|poke|p2|Flutter Mane, L50|\n|poke|p2|Chi-Yu, L50|\n|poke|p2|Chien-Pao, L50|\n|poke|p2|Rillaboom, L50, M|\n|poke|p2|Dragonite, L50, M|\n|poke|p2|Urshifu-*, L50, M|\n|teampreview|4\ncptpudding22 has agreed to open team sheets.\n|\n|t:|1700443708\n|start\n|switch|p1a: Tornadus|Tornadus, L50, M|100\/100\n|switch|p1b: Urshifu|Urshifu-Rapid-Strike, L50, F|100\/100\n|switch|p2a: Dragonite|Dragonite, L50, M|100\/100\n|switch|p2b: Chien-Pao|Chien-Pao, L50|100\/100\n|-ability|p2b: Chien-Pao|Sword of Ruin\n|turn|1\n|\n|t:|1700443730\n|-terastallize|p1a: Tornadus|Steel\n|-terastallize|p2a: Dragonite|Normal\n|move|p2a: Dragonite|Extreme Speed|p1b: Urshifu\n|-damage|p1b: Urshifu|10\/100\n|move|p2b: Chien-Pao|Sucker Punch|p1b: Urshifu\n|-resisted|p1b: Urshifu\n|-damage|p1b: Urshifu|0 fnt\n|faint|p1b: Urshifu\n|move|p1a: Tornadus|Tailwind|p1a: Tornadus\n|-sidestart|p1: cptpudding22|move: Tailwind\n|\n|upkeep\n|\n|t:|1700443738\n|switch|p1b: Arcanine|Arcanine-Hisui, L50, M|100\/100\n|-ability|p1b: Arcanine|Intimidate|boost\n|-fail|p2a: Dragonite|unboost|Attack|[from] ability: Inner Focus|[of] p2a: Dragonite\n|-unboost|p2b: Chien-Pao|atk|1\n|turn|2\n|\n|t:|1700443757\n|move|p2a: Dragonite|Extreme Speed|p1b: Arcanine\n|-resisted|p1b: Arcanine\n|-damage|p1b: Arcanine|49\/100\n|-enditem|p1b: Arcanine|Sitrus Berry|[eat]\n|-heal|p1b: Arcanine|74\/100|[from] item: Sitrus Berry\n|move|p1b: Arcanine|Will-O-Wisp|p2b: Chien-Pao\n|-status|p2b: Chien-Pao|brn\n|move|p1a: Tornadus|Bleakwind Storm|p2b: Chien-Pao|[spread] p2b\n|-miss|p1a: Tornadus|p2a: Dragonite\n|-damage|p2b: Chien-Pao|47\/100 brn\n|move|p2b: Chien-Pao|Sacred Sword|p1b: Arcanine\n|-supereffective|p1b: Arcanine\n|-damage|p1b: Arcanine|45\/100\n|\n|-damage|p2b: Chien-Pao|41\/100 brn|[from] brn\n|upkeep\n|turn|3\n|c|\u2606cptpudding22|ofc\n|\n|t:|1700443778\n|switch|p1b: Brambleghast|Brambleghast, L50, M|100\/100\n|-ability|p1b: Brambleghast|Wind Rider|boost\n|-boost|p1b: Brambleghast|atk|1\n|move|p2a: Dragonite|Extreme Speed|p1b: Brambleghast\n|-immune|p1b: Brambleghast\n|move|p1a: Tornadus|Bleakwind Storm|p2b: Chien-Pao|[spread] p2a,p2b\n|-damage|p2a: Dragonite|74\/100\n|-damage|p2b: Chien-Pao|0 fnt\n|faint|p2b: Chien-Pao\n|\n|upkeep\n|\n|t:|1700443798\n|switch|p2b: Chi-Yu|Chi-Yu, L50|100\/100\n|-ability|p2b: Chi-Yu|Beads of Ruin\n|turn|4\n|\n|t:|1700443810\n|move|p2a: Dragonite|Extreme Speed|p1a: Tornadus\n|-resisted|p1a: Tornadus\n|-damage|p1a: Tornadus|60\/100\n|move|p1a: Tornadus|Rain Dance|p1a: Tornadus\n|-weather|RainDance\n|move|p1b: Brambleghast|Power Whip|p2a: Dragonite\n|-damage|p2a: Dragonite|0 fnt\n|faint|p2a: Dragonite\n|move|p2b: Chi-Yu|Heat Wave|p1b: Brambleghast|[spread] p1a\n|-ability|p1b: Brambleghast|Wind Rider|boost\n|-boost|p1b: Brambleghast|atk|1\n|-supereffective|p1a: Tornadus\n|-damage|p1a: Tornadus|0 fnt\n|faint|p1a: Tornadus\n|\n|-weather|RainDance|[upkeep]\n|-sideend|p1: cptpudding22|move: Tailwind\n|upkeep\n|\n|t:|1700443827\n|switch|p1a: Arcanine|Arcanine-Hisui, L50, M|45\/100\n|switch|p2a: Flutter Mane|Flutter Mane, L50|100\/100\n|-ability|p1a: Arcanine|Intimidate|boost\n|-unboost|p2a: Flutter Mane|atk|1\n|-unboost|p2b: Chi-Yu|atk|1\n|-enditem|p2a: Flutter Mane|Booster Energy\n|-activate|p2a: Flutter Mane|ability: Protosynthesis|[fromitem]\n|-start|p2a: Flutter Mane|protosynthesisspe\n|turn|5\n|\n|t:|1700443850\n|move|p1a: Arcanine|Protect|p1a: Arcanine\n|-singleturn|p1a: Arcanine|Protect\n|move|p1b: Brambleghast|Shadow Sneak|p2a: Flutter Mane\n|-supereffective|p2a: Flutter Mane\n|-damage|p2a: Flutter Mane|0 fnt\n|faint|p2a: Flutter Mane\n|-end|p2a: Flutter Mane|Protosynthesis|[silent]\n|move|p2b: Chi-Yu|Heat Wave|p1b: Brambleghast|[spread] \n|-activate|p1a: Arcanine|move: Protect\n|-ability|p1b: Brambleghast|Wind Rider|boost\n|-boost|p1b: Brambleghast|atk|1\n|\n|-weather|RainDance|[upkeep]\n|upkeep\n|turn|6\n|-message|Aox93 forfeited.\n|\n|win|cptpudding22\n|raw|cptpudding22's rating: 1619 &rarr; <strong>1640<\/strong><br \/>(+21 for winning)\n|raw|Aox93's rating: 1640 &rarr; <strong>1619<\/strong><br \/>(-21 for losing)\n|l|\u2606Aox93\n","uploadtime":1700443862,"views":22,"p1id":"cptpudding22","p2id":"aox93","formatid":"gen9vgc2023regulatione","rating":1619,"private":0,"password":""}