{"id":"gen9vgc2023regulatione-1998707253","p1":"Lab Gamer","p2":"EdwinVGC","format":"[Gen 9] VGC 2023 Regulation E","log":"|j|\u2606Lab Gamer\n|j|\u2606EdwinVGC\n|n|\u2606Lab Gamer|labgamer\n|n|\u2606EdwinVGC|edwinvgc\n|html|View the match progress at <a href=\"\/game-bestof3-gen9vgc2023regulatione-1998707252\">game-bestof3-gen9vgc2023regulatione-1998707252<\/a>\n|t:|1700975531\n|gametype|doubles\n|player|p1|Lab Gamer|acetrainersnow|\n|player|p2|EdwinVGC|266|\n|teamsize|p1|6\n|teamsize|p2|6\n|gen|9\n|tier|[Gen 9] VGC 2023 Regulation E\n|rule|Species Clause: Limit one of each Pok\u00e9mon\n|rule|Item Clause: Limit one of each item\n|clearpoke\n|poke|p1|Chien-Pao, L50|\n|poke|p1|Iron Hands, L50|\n|poke|p1|Landorus-Therian, L50, M|\n|poke|p1|Volcarona, L50, F|\n|poke|p1|Kingambit, L50, M|\n|poke|p1|Sinistcha-Masterpiece, L50|\n|poke|p2|Pelipper, L50, M|\n|poke|p2|Urshifu-*, L50, M|\n|poke|p2|Amoonguss, L50, F|\n|poke|p2|Iron Hands, L50|\n|poke|p2|Gholdengo, L50|\n|poke|p2|Farigiraf, L50, M|\n|teampreview|4\nEdwinVGC has agreed to open team sheets.\nLab Gamer has agreed to open team sheets.\n|showteam|p1|Chien-Pao||FocusSash|SwordofRuin|IceSpinner,SuckerPunch,SacredSword,Protect||||||50|,,,,,Ghost]Iron Hands||AssaultVest|QuarkDrive|DrainPunch,WildCharge,HeavySlam,FakeOut||||||50|,,,,,Fire]Landorus-Therian||ChoiceScarf|Intimidate|RockSlide,StompingTantrum,TeraBlast,Uturn|||M|||50|,,,,,Flying]Volcarona||Leftovers|FlameBody|Flamethrower,GigaDrain,QuiverDance,Protect|||F|||50|,,,,,Grass]Kingambit||BlackGlasses|Defiant|KowtowCleave,SwordsDance,SuckerPunch,Protect|||M|||50|,,,,,Poison]Sinistcha-Masterpiece||RockyHelmet|Hospitality|MatchaGotcha,StrengthSap,RagePowder,TrickRoom||||||50|,,,,,Fairy\n|showteam|p2|Pelipper||FocusSash|Drizzle|Hurricane,Tailwind,WideGuard,WeatherBall|||M|||50|,,,,,Steel]Urshifu-Rapid-Strike||MysticWater|UnseenFist|SurgingStrikes,AquaJet,Detect,CloseCombat|||M|||50|,,,,,Water]Amoonguss||RockyHelmet|Regenerator|Spore,RagePowder,PollenPuff,Protect|||F|||50|,,,,,Water]Iron Hands||AssaultVest|QuarkDrive|DrainPunch,WildCharge,FakeOut,HeavySlam||||||50|,,,,,Fire]Gholdengo||Leftovers|GoodasGold|MakeItRain,NastyPlot,ShadowBall,Protect||||||50|,,,,,Dragon]Farigiraf||SitrusBerry|ArmorTail|Psyshock,DazzlingGleam,HelpingHand,TrickRoom|||M|||50|,,,,,Fairy\n|\n|t:|1700975737\n|start\n|switch|p1a: Chien-Pao|Chien-Pao, L50|100\/100\n|switch|p1b: Iron Hands|Iron Hands, L50|100\/100\n|switch|p2a: Iron Hands|Iron Hands, L50|100\/100\n|switch|p2b: Farigiraf|Farigiraf, L50, M|100\/100\n|-ability|p1a: Chien-Pao|Sword of Ruin\n|turn|1\n|\n|t:|1700975857\n|switch|p1a: Sinistcha|Sinistcha-Masterpiece, L50|100\/100\n|move|p2a: Iron Hands|Drain Punch|p1b: Iron Hands\n|-damage|p1b: Iron Hands|70\/100\n|move|p1b: Iron Hands|Drain Punch|p2b: Farigiraf\n|-damage|p2b: Farigiraf|65\/100\n|-heal|p1b: Iron Hands|87\/100|[from] drain|[of] p2b: Farigiraf\n|move|p2b: Farigiraf|Psyshock|p1b: Iron Hands\n|-supereffective|p1b: Iron Hands\n|-damage|p1b: Iron Hands|40\/100\n|\n|upkeep\n|turn|2\n|\n|t:|1700975911\n|-end|p1b: Iron Hands|Quark Drive|[silent]\n|switch|p1b: Kingambit|Kingambit, L50, M|100\/100\n|move|p2b: Farigiraf|Helping Hand|p2a: Iron Hands\n|-singleturn|p2a: Iron Hands|Helping Hand|[of] p2b: Farigiraf\n|move|p1a: Sinistcha|Rage Powder|p1a: Sinistcha\n|-singleturn|p1a: Sinistcha|move: Rage Powder\n|move|p2a: Iron Hands|Heavy Slam|p1a: Sinistcha\n|-damage|p1a: Sinistcha|50\/100\n|-damage|p2a: Iron Hands|84\/100|[from] item: Rocky Helmet|[of] p1a: Sinistcha\n|\n|upkeep\n|turn|3\n|\n|t:|1700975966\n|-terastallize|p2b: Farigiraf|Fairy\n|-terastallize|p1b: Kingambit|Poison\n|move|p1a: Sinistcha|Strength Sap|p2a: Iron Hands\n|-unboost|p2a: Iron Hands|atk|1\n|-heal|p1a: Sinistcha|100\/100\n|move|p2a: Iron Hands|Heavy Slam|p1b: Kingambit\n|-damage|p1b: Kingambit|85\/100\n|move|p2b: Farigiraf|Dazzling Gleam|p1b: Kingambit|[spread] p1a,p1b\n|-crit|p1a: Sinistcha\n|-resisted|p1b: Kingambit\n|-damage|p1a: Sinistcha|59\/100\n|-damage|p1b: Kingambit|75\/100\n|move|p1b: Kingambit|Kowtow Cleave|p2b: Farigiraf\n|-resisted|p2b: Farigiraf\n|-damage|p2b: Farigiraf|42\/100\n|-enditem|p2b: Farigiraf|Sitrus Berry|[eat]\n|-heal|p2b: Farigiraf|67\/100|[from] item: Sitrus Berry\n|\n|upkeep\n|turn|4\n|\n|t:|1700975999\n|-end|p2a: Iron Hands|Quark Drive|[silent]\n|switch|p2a: Pelipper|Pelipper, L50, M|100\/100\n|-weather|RainDance|[from] ability: Drizzle|[of] p2a: Pelipper\n|move|p1b: Kingambit|Protect|p1b: Kingambit\n|-singleturn|p1b: Kingambit|Protect\n|move|p1a: Sinistcha|Strength Sap|p2a: Pelipper\n|-unboost|p2a: Pelipper|atk|1\n|-heal|p1a: Sinistcha|87\/100\n|move|p2b: Farigiraf|Psyshock|p1b: Kingambit\n|-activate|p1b: Kingambit|move: Protect\n|\n|-weather|RainDance|[upkeep]\n|upkeep\n|turn|5\n|\n|t:|1700976074\n|switch|p1b: Chien-Pao|Chien-Pao, L50|100\/100\n|-ability|p1b: Chien-Pao|Sword of Ruin\n|move|p2a: Pelipper|Hurricane|p1a: Sinistcha\n|-supereffective|p1a: Sinistcha\n|-damage|p1a: Sinistcha|0 fnt\n|faint|p1a: Sinistcha\n|move|p2b: Farigiraf|Psyshock|p1b: Chien-Pao\n|-immune|p1b: Chien-Pao\n|\n|-weather|RainDance|[upkeep]\n|upkeep\n|\n|t:|1700976087\n|switch|p1a: Kingambit|Kingambit, L50, M, tera:Poison|75\/100\n|turn|6\n|\n|t:|1700976118\n|switch|p2a: Iron Hands|Iron Hands, L50|84\/100\n|move|p1b: Chien-Pao|Ice Spinner|p2b: Farigiraf\n|-damage|p2b: Farigiraf|15\/100\n|move|p2b: Farigiraf|Psyshock|p1a: Kingambit\n|-supereffective|p1a: Kingambit\n|-damage|p1a: Kingambit|8\/100\n|move|p1a: Kingambit|Kowtow Cleave|p2b: Farigiraf\n|-resisted|p2b: Farigiraf\n|-damage|p2b: Farigiraf|0 fnt\n|faint|p2b: Farigiraf\n|\n|-weather|RainDance|[upkeep]\n|upkeep\n|\n|t:|1700976131\n|switch|p2b: Pelipper|Pelipper, L50, M|100\/100\n|turn|7\n|\n|t:|1700976152\n|move|p1b: Chien-Pao|Protect|p1b: Chien-Pao\n|-singleturn|p1b: Chien-Pao|Protect\n|move|p1a: Kingambit|Protect|p1a: Kingambit\n|-singleturn|p1a: Kingambit|Protect\n|move|p2a: Iron Hands|Fake Out|p1b: Chien-Pao\n|-activate|p1b: Chien-Pao|move: Protect\n|move|p2b: Pelipper|Tailwind|p2b: Pelipper\n|-sidestart|p2: EdwinVGC|move: Tailwind\n|\n|-weather|RainDance|[upkeep]\n|upkeep\n|turn|8\n|\n|t:|1700976197\n|move|p1b: Chien-Pao|Sucker Punch|p2b: Pelipper\n|-damage|p2b: Pelipper|43\/100\n|move|p1a: Kingambit|Sucker Punch|p2b: Pelipper\n|-damage|p2b: Pelipper|0 fnt\n|faint|p2b: Pelipper\n|move|p2a: Iron Hands|Drain Punch|p1b: Chien-Pao\n|-supereffective|p1b: Chien-Pao\n|-enditem|p1b: Chien-Pao|Focus Sash\n|-damage|p1b: Chien-Pao|1\/100\n|-heal|p2a: Iron Hands|100\/100|[from] drain|[of] p1b: Chien-Pao\n|\n|-weather|none\n|upkeep\n|\n|t:|1700976207\n|switch|p2b: Urshifu|Urshifu-Rapid-Strike, L50, M|100\/100\n|turn|9\n|\n|t:|1700976257\n|switch|p1b: Iron Hands|Iron Hands, L50|40\/100\n|move|p2b: Urshifu|Detect|p2b: Urshifu\n|-singleturn|p2b: Urshifu|Protect\n|move|p2a: Iron Hands|Drain Punch|p1a: Kingambit\n|-resisted|p1a: Kingambit\n|-damage|p1a: Kingambit|0 fnt\n|faint|p1a: Kingambit\n|\n|upkeep\n|\n|t:|1700976267\n|switch|p1a: Chien-Pao|Chien-Pao, L50|1\/100\n|-ability|p1a: Chien-Pao|Sword of Ruin\n|turn|10\n|\n|t:|1700976295\n|move|p1b: Iron Hands|Fake Out|p2b: Urshifu\n|-damage|p2b: Urshifu|83\/100\n|cant|p2b: Urshifu|flinch\n|move|p1a: Chien-Pao|Sacred Sword|p2b: Urshifu\n|-damage|p2b: Urshifu|46\/100\n|move|p2a: Iron Hands|Drain Punch|p1b: Iron Hands\n|-damage|p1b: Iron Hands|0 fnt\n|faint|p1b: Iron Hands\n|-end|p1b: Iron Hands|Quark Drive|[silent]\n|\n|-sideend|p2: EdwinVGC|move: Tailwind\n|upkeep\n|turn|11\n|\n|t:|1700976313\n|move|p2b: Urshifu|Aqua Jet|p1a: Chien-Pao\n|-damage|p1a: Chien-Pao|0 fnt\n|faint|p1a: Chien-Pao\n|\n|win|EdwinVGC\n|c|&|\/uhtml prompt-labgamer,Lab Gamer is ready for game 2!\n|c|&|\/uhtml prompt-edwinvgc,EdwinVGC is ready for game 2!\nBoth players are ready! Starting next match!\n","uploadtime":1700977537,"views":2,"p1id":"labgamer","p2id":"edwinvgc","formatid":"gen9vgc2023regulatione","rating":0,"private":0,"password":""}