{"id":"gen9vgc2023regulatione-1993414852","p1":"Juanber13","p2":"luc dai nghia no1s","format":"[Gen 9] VGC 2023 Regulation E","log":"|j|\u2606Juanber13\n|j|\u2606luc dai nghia no1s\n|t:|1700314777\n|gametype|doubles\n|player|p1|Juanber13|169|1050\n|player|p2|luc dai nghia no1s|102|1000\n|teamsize|p1|6\n|teamsize|p2|6\n|gen|9\n|tier|[Gen 9] VGC 2023 Regulation E\n|rated|\n|rule|Species Clause: Limit one of each Pok\u00e9mon\n|rule|Item Clause: Limit one of each item\n|clearpoke\n|poke|p1|Lilligant-Hisui, L50, F|\n|poke|p1|Torkoal, L50, M|\n|poke|p1|Tinkaton, L50, F|\n|poke|p1|Goodra, L50, F|\n|poke|p1|Ogerpon-Hearthflame, L50, F|\n|poke|p1|Clefable, L50, F|\n|poke|p2|Sinistcha-Masterpiece, L50|\n|poke|p2|Tornadus, L50, M|\n|poke|p2|Chi-Yu, L50|\n|poke|p2|Landorus-Therian, L50, M|\n|poke|p2|Urshifu-*, L50, M|\n|poke|p2|Rillaboom, L50, F|\n|teampreview|4\n|\n|t:|1700314787\n|start\n|switch|p1a: Tinkaton|Tinkaton, L50, F|100\/100\n|switch|p1b: Goodra|Goodra, L50, F, shiny|100\/100\n|switch|p2a: Sinistcha|Sinistcha-Masterpiece, L50|100\/100\n|switch|p2b: Tornadus|Tornadus, L50, M|100\/100\n|turn|1\n|inactive|Battle timer is ON: inactive players will automatically lose when time's up. (requested by luc dai nghia no1s)\n|\n|t:|1700314814\n|move|p1a: Tinkaton|Fake Out|p2b: Tornadus\n|-damage|p2b: Tornadus|80\/100\n|-damage|p1a: Tinkaton|91\/100|[from] item: Life Orb\n|cant|p2b: Tornadus|flinch\n|move|p2a: Sinistcha|Nasty Plot|p2a: Sinistcha\n|-boost|p2a: Sinistcha|spa|2\n|move|p1b: Goodra|Thunderbolt|p2b: Tornadus\n|-supereffective|p2b: Tornadus\n|-damage|p2b: Tornadus|0 fnt\n|faint|p2b: Tornadus\n|\n|upkeep\n|\n|t:|1700314822\n|switch|p2b: Urshifu|Urshifu, L50, M|100\/100\n|turn|2\n|inactive|Juanber13 has 30 seconds left.\n|inactive|Juanber13 has 20 seconds left.\n|inactive|luc dai nghia no1s has 30 seconds left.\n|\n|t:|1700314865\n|move|p1a: Tinkaton|Protect|p1a: Tinkaton\n|-singleturn|p1a: Tinkaton|Protect\n|move|p2b: Urshifu|Wicked Blow|p1b: Goodra\n|-crit|p1b: Goodra\n|-damage|p1b: Goodra|35\/100\n|-ability|p1b: Goodra|Gooey\n|-unboost|p2b: Urshifu|spe|1\n|move|p2a: Sinistcha|Matcha Gotcha|p1b: Goodra|[spread] \n|-activate|p1a: Tinkaton|move: Protect\n|-miss|p2a: Sinistcha|p1b: Goodra\n|move|p1b: Goodra|Fire Blast|p2a: Sinistcha|[miss]\n|-miss|p1b: Goodra|p2a: Sinistcha\n|\n|upkeep\n|turn|3\n|inactive|Juanber13 has 30 seconds left.\n|inactive|luc dai nghia no1s has 30 seconds left.\n|inactive|Juanber13 has 20 seconds left.\n|inactive|Juanber13 has 15 seconds left.\n|\n|t:|1700314908\n|move|p1b: Goodra|Protect|p1b: Goodra\n|-singleturn|p1b: Goodra|Protect\n|move|p1a: Tinkaton|Play Rough|p2b: Urshifu|[miss]\n|-miss|p1a: Tinkaton|p2b: Urshifu\n|move|p2a: Sinistcha|Matcha Gotcha|p1b: Goodra|[spread] \n|-activate|p1b: Goodra|move: Protect\n|-miss|p2a: Sinistcha|p1a: Tinkaton\n|move|p2b: Urshifu|Trailblaze|p1b: Goodra\n|-resisted|p1b: Goodra\n|-damage|p1b: Goodra|25\/100\n|-boost|p2b: Urshifu|spe|1\n|-ability|p1b: Goodra|Gooey\n|-unboost|p2b: Urshifu|spe|1\n|-enditem|p1b: Goodra|Iapapa Berry|[eat]\n|-heal|p1b: Goodra|58\/100|[from] item: Iapapa Berry\n|\n|upkeep\n|turn|4\n|inactive|Juanber13 has 30 seconds left.\n|inactive|Juanber13 has 20 seconds left.\n|inactive|Juanber13 has 15 seconds left.\n|\n|t:|1700314948\n|move|p1a: Tinkaton|Play Rough|p2b: Urshifu\n|-supereffective|p2b: Urshifu\n|-damage|p2b: Urshifu|0 fnt\n|faint|p2b: Urshifu\n|-damage|p1a: Tinkaton|81\/100|[from] item: Life Orb\n|move|p2a: Sinistcha|Matcha Gotcha|p1b: Goodra|[spread] p1a,p1b\n|-resisted|p1a: Tinkaton\n|-resisted|p1b: Goodra\n|-damage|p1a: Tinkaton|49\/100\n|-damage|p1b: Goodra|35\/100\n|move|p1b: Goodra|Fire Blast|p2a: Sinistcha|[miss]\n|-miss|p1b: Goodra|p2a: Sinistcha\n|\n|upkeep\n|\n|t:|1700314958\n|switch|p2b: Chi-Yu|Chi-Yu, L50|100\/100\n|-ability|p2b: Chi-Yu|Beads of Ruin\n|turn|5\n|inactive|Juanber13 has 30 seconds left.\n|\n|t:|1700314984\n|switch|p1a: Torkoal|Torkoal, L50, M|100\/100\n|-weather|SunnyDay|[from] ability: Drought|[of] p1a: Torkoal\n|-terastallize|p2a: Sinistcha|Fire\n|move|p2b: Chi-Yu|Nasty Plot|p2b: Chi-Yu\n|-boost|p2b: Chi-Yu|spa|2\n|move|p2a: Sinistcha|Matcha Gotcha|p1a: Torkoal|[spread] p1a,p1b\n|-resisted|p1a: Torkoal\n|-resisted|p1b: Goodra\n|-damage|p1a: Torkoal|78\/100\n|-damage|p1b: Goodra|3\/100\n|-status|p1b: Goodra|brn\n|move|p1b: Goodra|Hydro Pump|p2b: Chi-Yu|[miss]\n|-miss|p1b: Goodra|p2b: Chi-Yu\n|\n|-weather|SunnyDay|[upkeep]\n|-damage|p1b: Goodra|0 fnt|[from] brn\n|faint|p1b: Goodra\n|upkeep\n|\n|t:|1700315006\n|switch|p1b: Lilligant|Lilligant-Hisui, L50, F|100\/100\n|turn|6\n|inactive|Juanber13 has 30 seconds left.\n|inactive|Juanber13 has 20 seconds left.\n|inactive|Juanber13 has 15 seconds left.\n|inactive|Juanber13 has 10 seconds left.\n|\n|t:|1700315054\n|-terastallize|p1b: Lilligant|Fighting\n|move|p1b: Lilligant|Close Combat|p2b: Chi-Yu\n|-supereffective|p2b: Chi-Yu\n|-damage|p2b: Chi-Yu|0 fnt\n|-unboost|p1b: Lilligant|def|1\n|-unboost|p1b: Lilligant|spd|1\n|faint|p2b: Chi-Yu\n|move|p2a: Sinistcha|Matcha Gotcha|p1b: Lilligant|[spread] p1a,p1b\n|-resisted|p1a: Torkoal\n|-damage|p1a: Torkoal|61\/100\n|-enditem|p1b: Lilligant|Focus Sash\n|-damage|p1b: Lilligant|1\/100\n|move|p1a: Torkoal|Earth Power|p2a: Sinistcha\n|-supereffective|p2a: Sinistcha\n|-damage|p2a: Sinistcha|51\/100\n|\n|-weather|SunnyDay|[upkeep]\n|upkeep\n|turn|7\n|inactive|Juanber13 has 30 seconds left.\n|\n|t:|1700315085\n|move|p1b: Lilligant|Close Combat|p2a: Sinistcha\n|-damage|p2a: Sinistcha|0 fnt\n|-unboost|p1b: Lilligant|def|1\n|-unboost|p1b: Lilligant|spd|1\n|faint|p2a: Sinistcha\n|\n|win|Juanber13\n|raw|Juanber13's rating: 1050 &rarr; <strong>1078<\/strong><br \/>(+28 for winning)\n|raw|luc dai nghia no1s's rating: 1000 &rarr; <strong>1000<\/strong><br \/>(+0 for losing)\n|l|\u2606luc dai nghia no1s\n","uploadtime":1700315109,"views":6,"p1id":"juanber13","p2id":"lucdainghiano1s","formatid":"gen9vgc2023regulatione","rating":1000,"private":0,"password":""}