{"id":"gen9vgc2023regulatione-2000021800","p1":"LegacyShowden","p2":"OmiSG","format":"[Gen 9] VGC 2023 Regulation E","log":"|j|\u2606LegacyShowden\n|j|\u2606OmiSG\n|t:|1701142259\n|gametype|doubles\n|player|p1|LegacyShowden|rosa|1311\n|player|p2|OmiSG|ruinmaniac|1367\n|teamsize|p1|6\n|teamsize|p2|6\n|gen|9\n|tier|[Gen 9] VGC 2023 Regulation E\n|rated|\n|rule|Species Clause: Limit one of each Pok\u00e9mon\n|rule|Item Clause: Limit one of each item\n|clearpoke\n|poke|p1|Landorus-Therian, L50, M|\n|poke|p1|Samurott-Hisui, L50, M|\n|poke|p1|Ogerpon-Hearthflame, L50, F|\n|poke|p1|Kommo-o, L50, M|\n|poke|p1|Gholdengo, L50|\n|poke|p1|Thundurus, L50, M|\n|poke|p2|Flutter Mane, L50|\n|poke|p2|Roaring Moon, L50|\n|poke|p2|Ogerpon-Wellspring, L50, F|\n|poke|p2|Arcanine-Hisui, L50, F|\n|poke|p2|Iron Hands, L50|\n|poke|p2|Tornadus, L50, M|\n|teampreview|4\n|inactive|Battle timer is ON: inactive players will automatically lose when time's up. (requested by LegacyShowden)\nOmiSG has agreed to open team sheets.\n|inactive|LegacyShowden has 60 seconds left.\n|inactive|OmiSG has 60 seconds left.\n|inactive|LegacyShowden has 30 seconds left.\n|inactive|LegacyShowden has 20 seconds left.\n|inactive|LegacyShowden has 15 seconds left.\n|inactive|LegacyShowden has 10 seconds left.\n|\n|t:|1701142342\n|start\n|switch|p1a: Landorus|Landorus-Therian, L50, M|100\/100\n|switch|p1b: Thundurus|Thundurus, L50, M, shiny|100\/100\n|switch|p2a: Arcanine|Arcanine-Hisui, L50, F|100\/100\n|switch|p2b: Iron Hands|Iron Hands, L50|100\/100\n|-ability|p1a: Landorus|Intimidate|boost\n|-unboost|p2a: Arcanine|atk|1\n|-unboost|p2b: Iron Hands|atk|1\n|-ability|p2a: Arcanine|Intimidate|boost\n|-unboost|p1a: Landorus|atk|1\n|-unboost|p1b: Thundurus|atk|1\n|turn|1\n|inactive|OmiSG has 30 seconds left.\n|inactive|OmiSG has 20 seconds left.\n|\n|t:|1701142379\n|switch|p1b: Gholdengo|Gholdengo, L50|100\/100\n|move|p2b: Iron Hands|Fake Out|p1a: Landorus\n|-damage|p1a: Landorus|89\/100\n|cant|p1a: Landorus|flinch\n|move|p2a: Arcanine|Rock Slide|p1a: Landorus|[spread] p1a\n|-miss|p2a: Arcanine|p1b: Gholdengo\n|-damage|p1a: Landorus|59\/100\n|\n|upkeep\n|turn|2\n|inactive|LegacyShowden has 30 seconds left.\n|\n|t:|1701142405\n|move|p1a: Landorus|Rock Slide|p2a: Arcanine|[spread] p2a,p2b\n|-supereffective|p2a: Arcanine\n|-resisted|p2b: Iron Hands\n|-damage|p2a: Arcanine|68\/100\n|-damage|p2b: Iron Hands|95\/100\n|move|p2a: Arcanine|Rock Slide|p1b: Gholdengo|[spread] p1a,p1b\n|-resisted|p1b: Gholdengo\n|-damage|p1a: Landorus|28\/100\n|-damage|p1b: Gholdengo|89\/100\n|move|p1b: Gholdengo|Make It Rain|p2a: Arcanine|[spread] p2a,p2b\n|-resisted|p2b: Iron Hands\n|-damage|p2a: Arcanine|0 fnt\n|-damage|p2b: Iron Hands|80\/100\n|-unboost|p1b: Gholdengo|spa|1\n|faint|p2a: Arcanine\n|-damage|p1b: Gholdengo|79\/100|[from] item: Life Orb\n|move|p2b: Iron Hands|Wild Charge|p1b: Gholdengo\n|-damage|p1b: Gholdengo|44\/100\n|-damage|p2b: Iron Hands|72\/100|[from] Recoil\n|\n|upkeep\n|inactive|OmiSG has 30 seconds left.\n|\n|t:|1701142432\n|switch|p2a: Roaring Moon|Roaring Moon, L50|100\/100\n|-enditem|p2a: Roaring Moon|Booster Energy\n|-activate|p2a: Roaring Moon|ability: Protosynthesis|[fromitem]\n|-start|p2a: Roaring Moon|protosynthesisatk\n|turn|3\n|\n|t:|1701142446\n|switch|p1a: Thundurus|Thundurus, L50, M, shiny|100\/100\n|move|p2a: Roaring Moon|Dragon Dance|p2a: Roaring Moon\n|-boost|p2a: Roaring Moon|atk|1\n|-boost|p2a: Roaring Moon|spe|1\n|move|p1b: Gholdengo|Recover|p1b: Gholdengo\n|-heal|p1b: Gholdengo|94\/100\n|move|p2b: Iron Hands|Wild Charge|p1b: Gholdengo\n|-damage|p1b: Gholdengo|60\/100\n|-damage|p2b: Iron Hands|66\/100|[from] Recoil\n|\n|upkeep\n|turn|4\n|\n|t:|1701142468\n|switch|p1b: Landorus|Landorus-Therian, L50, M|28\/100\n|-ability|p1b: Landorus|Intimidate|boost\n|-unboost|p2a: Roaring Moon|atk|1\n|-unboost|p2b: Iron Hands|atk|1\n|-end|p2b: Iron Hands|Quark Drive|[silent]\n|switch|p2b: Flutter Mane|Flutter Mane, L50|100\/100\n|move|p2a: Roaring Moon|Protect|p2a: Roaring Moon\n|-singleturn|p2a: Roaring Moon|Protect\n|move|p1a: Thundurus|Grass Knot|p2b: Flutter Mane\n|-damage|p2b: Flutter Mane|94\/100\n|\n|upkeep\n|turn|5\n|inactive|LegacyShowden has 30 seconds left.\n|inactive|OmiSG has 30 seconds left.\n|\n|t:|1701142502\n|-terastallize|p2b: Flutter Mane|Fairy\n|move|p1a: Thundurus|Thunder Wave|p2b: Flutter Mane\n|-status|p2b: Flutter Mane|par\n|move|p2a: Roaring Moon|Knock Off|p1b: Landorus\n|-damage|p1b: Landorus|0 fnt\n|-enditem|p1b: Landorus|Choice Scarf|[from] move: Knock Off|[of] p2a: Roaring Moon\n|faint|p1b: Landorus\n|move|p2b: Flutter Mane|Moonblast|p1a: Thundurus\n|-enditem|p1a: Thundurus|Focus Sash\n|-damage|p1a: Thundurus|1\/100\n|-unboost|p1a: Thundurus|spa|1\n|\n|upkeep\n|\n|t:|1701142522\n|switch|p1b: Kommo-o|Kommo-o, L50, M|100\/100\n|turn|6\n|\n|t:|1701142541\n|-terastallize|p1b: Kommo-o|Steel\n|move|p2a: Roaring Moon|Protect|p2a: Roaring Moon\n|-singleturn|p2a: Roaring Moon|Protect\n|move|p1a: Thundurus|Wildbolt Storm|p2b: Flutter Mane|[spread] p2b\n|-activate|p2a: Roaring Moon|move: Protect\n|-damage|p2b: Flutter Mane|69\/100 par\n|move|p1b: Kommo-o|Iron Defense|p1b: Kommo-o\n|-boost|p1b: Kommo-o|def|2\n|cant|p2b: Flutter Mane|par\n|\n|upkeep\n|turn|7\n|inactive|OmiSG has 30 seconds left.\n|inactive|OmiSG has 20 seconds left.\n|inactive|OmiSG has 15 seconds left.\n|inactive|OmiSG has 10 seconds left.\n|inactive|OmiSG has 5 seconds left.\n|\n|t:|1701142593\n|move|p2a: Roaring Moon|Knock Off|p1b: Kommo-o\n|-damage|p1b: Kommo-o|78\/100\n|-enditem|p1b: Kommo-o|Sitrus Berry|[from] move: Knock Off|[of] p2a: Roaring Moon\n|move|p1a: Thundurus|Wildbolt Storm|p2a: Roaring Moon|[spread] p2a,p2b\n|-resisted|p2a: Roaring Moon\n|-damage|p2a: Roaring Moon|89\/100\n|-damage|p2b: Flutter Mane|46\/100 par\n|move|p1b: Kommo-o|Iron Defense|p1b: Kommo-o\n|-boost|p1b: Kommo-o|def|2\n|move|p2b: Flutter Mane|Shadow Ball|p1b: Kommo-o\n|-immune|p1b: Kommo-o|[from] ability: Bulletproof\n|\n|upkeep\n|turn|8\n|\n|t:|1701142611\n|move|p2a: Roaring Moon|Protect|p2a: Roaring Moon\n|-singleturn|p2a: Roaring Moon|Protect\n|move|p1a: Thundurus|Wildbolt Storm|p2b: Flutter Mane|[spread] p2b\n|-activate|p2a: Roaring Moon|move: Protect\n|-damage|p2b: Flutter Mane|25\/100 par\n|move|p1b: Kommo-o|Iron Head|p2b: Flutter Mane\n|-supereffective|p2b: Flutter Mane\n|-damage|p2b: Flutter Mane|0 fnt\n|faint|p2b: Flutter Mane\n|-end|p2b: Flutter Mane|Protosynthesis|[silent]\n|\n|upkeep\n|\n|t:|1701142621\n|switch|p2b: Iron Hands|Iron Hands, L50|66\/100\n|turn|9\n|\n|t:|1701142627\n|move|p1b: Kommo-o|Protect|p1b: Kommo-o\n|-singleturn|p1b: Kommo-o|Protect\n|move|p2a: Roaring Moon|Dragon Dance|p2a: Roaring Moon\n|-boost|p2a: Roaring Moon|atk|1\n|-boost|p2a: Roaring Moon|spe|1\n|move|p1a: Thundurus|Grass Knot|p2b: Iron Hands\n|-damage|p2b: Iron Hands|52\/100\n|move|p2b: Iron Hands|Drain Punch|p1b: Kommo-o\n|-activate|p1b: Kommo-o|move: Protect\n|\n|upkeep\n|turn|10\n|\n|t:|1701142643\n|move|p2a: Roaring Moon|Protect|p2a: Roaring Moon\n|-singleturn|p2a: Roaring Moon|Protect\n|move|p1a: Thundurus|Wildbolt Storm|p2b: Iron Hands|[spread] p2b\n|-activate|p2a: Roaring Moon|move: Protect\n|-resisted|p2b: Iron Hands\n|-damage|p2b: Iron Hands|46\/100\n|move|p1b: Kommo-o|Body Press|p2b: Iron Hands\n|-damage|p2b: Iron Hands|0 fnt\n|faint|p2b: Iron Hands\n|-end|p2b: Iron Hands|Quark Drive|[silent]\n|\n|upkeep\n|turn|11\n|-message|OmiSG forfeited.\n|\n|win|LegacyShowden\n|raw|LegacyShowden's rating: 1311 &rarr; <strong>1334<\/strong><br \/>(+23 for winning)\n|raw|OmiSG's rating: 1367 &rarr; <strong>1344<\/strong><br \/>(-23 for losing)\n|l|\u2606OmiSG\n","uploadtime":1701142691,"views":10,"p1id":"legacyshowden","p2id":"omisg","formatid":"gen9vgc2023regulatione","rating":1334,"private":0,"password":""}