{"id":"gen9vgc2023regulatione-1991357758","p1":"Kjzhajk","p2":"ParroTiest","format":"[Gen 9] VGC 2023 Regulation E","log":"|j|\u2606Kjzhajk\n|j|\u203dParroTiest\n|t:|1700070432\n|gametype|doubles\n|player|p1|Kjzhajk|lance|1086\n|player|p2|ParroTiest|wallace|1184\n|teamsize|p1|6\n|teamsize|p2|6\n|gen|9\n|tier|[Gen 9] VGC 2023 Regulation E\n|rated|\n|rule|Species Clause: Limit one of each Pok\u00e9mon\n|rule|Item Clause: Limit one of each item\n|clearpoke\n|poke|p1|Flutter Mane, L50|\n|poke|p1|Tornadus, L50, M|\n|poke|p1|Rillaboom, L50, M|\n|poke|p1|Garganacl, L50, F|\n|poke|p1|Arcanine-Hisui, L50, F|\n|poke|p1|Chien-Pao, L50|\n|poke|p2|Cresselia, L50, F|\n|poke|p2|Grimmsnarl, L50, M|\n|poke|p2|Corviknight, L50, M|\n|poke|p2|Arcanine-Hisui, L50, F|\n|poke|p2|Ursaluna-Bloodmoon, L50, M|\n|poke|p2|Ogerpon-Wellspring, L50, F|\n|teampreview|4\n|inactive|Battle timer is ON: inactive players will automatically lose when time's up. (requested by ParroTiest)\n|inactive|Kjzhajk has 60 seconds left.\n|inactive|ParroTiest has 60 seconds left.\n|\n|t:|1700070475\n|start\n|switch|p1a: Garganacl|Garganacl, L50, F|100\/100\n|switch|p1b: Tornadus|Tornadus, L50, M|100\/100\n|switch|p2a: Grimmsnarl|Grimmsnarl, L50, M|100\/100\n|switch|p2b: Arcanine|Arcanine-Hisui, L50, F|100\/100\n|-ability|p2b: Arcanine|Intimidate|boost\n|-unboost|p1a: Garganacl|atk|1\n|-unboost|p1b: Tornadus|atk|1\n|turn|1\n|\n|t:|1700070495\n|move|p1b: Tornadus|Tailwind|p1b: Tornadus\n|-sidestart|p1: Kjzhajk|move: Tailwind\n|move|p2a: Grimmsnarl|Reflect|p2a: Grimmsnarl\n|-sidestart|p2: ParroTiest|Reflect\n|move|p2b: Arcanine|Rock Slide|p1a: Garganacl|[spread] p1a,p1b\n|-supereffective|p1b: Tornadus\n|-damage|p1a: Garganacl|79\/100\n|-damage|p1b: Tornadus|21\/100\n|-damage|p2b: Arcanine|91\/100|[from] item: Life Orb\n|move|p1a: Garganacl|Salt Cure|p2b: Arcanine\n|-supereffective|p2b: Arcanine\n|-damage|p2b: Arcanine|78\/100\n|-start|p2b: Arcanine|Salt Cure\n|\n|-damage|p2b: Arcanine|66\/100|[from] Salt Cure\n|upkeep\n|turn|2\n|inactive|ParroTiest has 30 seconds left.\n|\n|t:|1700070522\n|switch|p2b: Corviknight|Corviknight, L50, M|100\/100\n|move|p1b: Tornadus|Bleakwind Storm|p2b: Corviknight|[spread] \n|-miss|p1b: Tornadus|p2a: Grimmsnarl\n|-miss|p1b: Tornadus|p2b: Corviknight\n|move|p1a: Garganacl|Iron Defense|p1a: Garganacl\n|-boost|p1a: Garganacl|def|2\n|move|p2a: Grimmsnarl|Spirit Break|p1b: Tornadus\n|-damage|p1b: Tornadus|0 fnt\n|-damage|p2a: Grimmsnarl|84\/100|[from] item: Rocky Helmet|[of] p1b: Tornadus\n|faint|p1b: Tornadus\n|\n|upkeep\n|\n|t:|1700070532\n|switch|p1b: Rillaboom|Rillaboom, L50, M|100\/100\n|-fieldstart|move: Grassy Terrain|[from] ability: Grassy Surge|[of] p1b: Rillaboom\n|turn|3\n|\n|t:|1700070550\n|-terastallize|p1a: Garganacl|Ghost\n|move|p1b: Rillaboom|Fake Out|p2a: Grimmsnarl\n|-damage|p2a: Grimmsnarl|74\/100\n|cant|p2a: Grimmsnarl|flinch\n|move|p1a: Garganacl|Salt Cure|p2b: Corviknight\n|-damage|p2b: Corviknight|95\/100\n|-start|p2b: Corviknight|Salt Cure\n|move|p2b: Corviknight|Bulk Up|p2b: Corviknight\n|-boost|p2b: Corviknight|atk|1\n|-boost|p2b: Corviknight|def|1\n|\n|-heal|p1a: Garganacl|85\/100|[from] Grassy Terrain\n|-heal|p2b: Corviknight|100\/100|[from] item: Leftovers\n|-heal|p2a: Grimmsnarl|80\/100|[from] Grassy Terrain\n|-damage|p2b: Corviknight|76\/100|[from] Salt Cure\n|upkeep\n|turn|4\n|\n|t:|1700070575\n|move|p2a: Grimmsnarl|Parting Shot|p1a: Garganacl\n|-unboost|p1a: Garganacl|atk|1\n|-unboost|p1a: Garganacl|spa|1\n|\n|t:|1700070577\n|switch|p2a: Arcanine|Arcanine-Hisui, L50, F|66\/100|[from] Parting Shot\n|-ability|p2a: Arcanine|Intimidate|boost\n|-unboost|p1a: Garganacl|atk|1\n|-unboost|p1b: Rillaboom|atk|1\n|move|p1b: Rillaboom|Wood Hammer|p2a: Arcanine\n|-crit|p2a: Arcanine\n|-damage|p2a: Arcanine|0 fnt\n|faint|p2a: Arcanine\n|-damage|p1b: Rillaboom|80\/100|[from] Recoil\n|move|p1a: Garganacl|Iron Defense|p1a: Garganacl\n|-boost|p1a: Garganacl|def|2\n|move|p2b: Corviknight|Bulk Up|p2b: Corviknight\n|-boost|p2b: Corviknight|atk|1\n|-boost|p2b: Corviknight|def|1\n|\n|-heal|p1b: Rillaboom|86\/100|[from] Grassy Terrain\n|-heal|p1a: Garganacl|91\/100|[from] Grassy Terrain\n|-heal|p2b: Corviknight|81\/100|[from] item: Leftovers\n|-damage|p2b: Corviknight|57\/100|[from] Salt Cure\n|-sideend|p1: Kjzhajk|move: Tailwind\n|upkeep\n|\n|t:|1700070593\n|switch|p2a: Cresselia|Cresselia, L50, F|100\/100\n|turn|5\n|\n|t:|1700070606\n|move|p2a: Cresselia|Calm Mind|p2a: Cresselia\n|-boost|p2a: Cresselia|spa|1\n|-boost|p2a: Cresselia|spd|1\n|move|p1b: Rillaboom|Drain Punch|p2b: Corviknight\n|-damage|p2b: Corviknight|52\/100\n|-heal|p1b: Rillaboom|88\/100|[from] drain|[of] p2b: Corviknight\n|move|p2b: Corviknight|Bulk Up|p2b: Corviknight\n|-boost|p2b: Corviknight|atk|1\n|-boost|p2b: Corviknight|def|1\n|move|p1a: Garganacl|Salt Cure|p2a: Cresselia\n|-damage|p2a: Cresselia|98\/100\n|-start|p2a: Cresselia|Salt Cure\n|\n|-heal|p1b: Rillaboom|94\/100|[from] Grassy Terrain\n|-heal|p2b: Corviknight|58\/100|[from] item: Leftovers\n|-heal|p1a: Garganacl|97\/100|[from] Grassy Terrain\n|-damage|p2a: Cresselia|86\/100|[from] Salt Cure\n|-damage|p2b: Corviknight|33\/100|[from] Salt Cure\n|upkeep\n|turn|6\n|\n|t:|1700070625\n|move|p2a: Cresselia|Lunar Blessing|p2a: Cresselia|[spread] p2a,p2b\n|-heal|p2a: Cresselia|100\/100\n|-heal|p2b: Corviknight|58\/100\n|move|p1b: Rillaboom|Wood Hammer|p2a: Cresselia\n|-damage|p2a: Cresselia|81\/100\n|-damage|p1b: Rillaboom|86\/100|[from] Recoil\n|move|p2b: Corviknight|Roost|p2b: Corviknight\n|-heal|p2b: Corviknight|100\/100\n|-singleturn|p2b: Corviknight|move: Roost\n|move|p1a: Garganacl|Iron Defense|p1a: Garganacl\n|-boost|p1a: Garganacl|def|2\n|\n|-heal|p1b: Rillaboom|92\/100|[from] Grassy Terrain\n|-heal|p1a: Garganacl|100\/100|[from] Grassy Terrain\n|-damage|p2a: Cresselia|68\/100|[from] Salt Cure\n|-damage|p2b: Corviknight|76\/100|[from] Salt Cure\n|upkeep\n|turn|7\n|inactive|ParroTiest has 30 seconds left.\n|inactive|ParroTiest has 20 seconds left.\n|inactive|ParroTiest has 15 seconds left.\n|inactive|ParroTiest has 10 seconds left.\n|inactive|ParroTiest has 5 seconds left.\n|l|\u203dParroTiest\n|inactive|ParroTiest disconnected and has a minute to reconnect!\n|player|p2|\n|-message|ParroTiest lost due to inactivity.\n|\n|win|Kjzhajk\n|raw|Kjzhajk's rating: 1086 &rarr; <strong>1121<\/strong><br \/>(+35 for winning)\n|raw|ParroTiest's rating: 1184 &rarr; <strong>1152<\/strong><br \/>(-32 for losing)\n","uploadtime":1700070685,"views":22,"p1id":"kjzhajk","p2id":"parrotiest","formatid":"gen9vgc2023regulatione","rating":1121,"private":0,"password":""}