{"id":"gen9vgc2023regulatione-1989256360","p1":"Scalonetapibe","p2":"neverword77","format":"[Gen 9] VGC 2023 Regulation E","log":"|j|\u2606Scalonetapibe\n|j|\u2606neverword77\n|n|\u2606Scalonetapibe|scalonetapibe\n|n|\u2606neverword77|neverword77\n|html|View the match progress at <a href=\"\/game-bestof3-gen9vgc2023regulatione-1989253214\">game-bestof3-gen9vgc2023regulatione-1989253214<\/a>\n|t:|1699828677\n|gametype|doubles\n|player|p1|Scalonetapibe|bruno|\n|player|p2|neverword77|pokemaniac|\n|teamsize|p1|6\n|teamsize|p2|6\n|gen|9\n|tier|[Gen 9] VGC 2023 Regulation E\n|rule|Species Clause: Limit one of each Pok\u00e9mon\n|rule|Item Clause: Limit one of each item\n|clearpoke\n|poke|p1|Gholdengo, L50|\n|poke|p1|Iron Hands, L50|\n|poke|p1|Amoonguss, L50, F|\n|poke|p1|Iron Bundle, L50|\n|poke|p1|Pelipper, L50, F|\n|poke|p1|Salamence, L50, M|\n|poke|p2|Arcanine-Hisui, L50, M|\n|poke|p2|Urshifu-*, L50, M|\n|poke|p2|Iron Hands, L50|\n|poke|p2|Flutter Mane, L50|\n|poke|p2|Tornadus, L50, M|\n|poke|p2|Chien-Pao, L50|\n|teampreview|4\n|inactive|Battle timer is ON: inactive players will automatically lose when time's up. (requested by Scalonetapibe)\n|inactiveoff|Battle timer is now OFF.\nScalonetapibe has agreed to open team sheets.\nneverword77 has agreed to open team sheets.\n|showteam|p1|Gholdengo||Leftovers|GoodasGold|MakeItRain,NastyPlot,ShadowBall,Protect||||||50|,,,,,Dragon]Iron Hands||AssaultVest|QuarkDrive|FakeOut,HeavySlam,WildCharge,DrainPunch||||||50|,,,,,Water]Amoonguss||SitrusBerry|Regenerator|Spore,RagePowder,PollenPuff,Protect|||F|||50|,,,,,Water]Iron Bundle||BoosterEnergy|QuarkDrive|IcyWind,FreezeDry,HydroPump,Protect||||||50|,,,,,Ghost]Pelipper||FocusSash|Drizzle|Hurricane,WeatherBall,Protect,WideGuard|||F|||50|,,,,,Flying]Salamence||ChoiceScarf|Intimidate|Hurricane,DracoMeteor,Tailwind,AirSlash|||M|||50|,,,,,Flying\n|showteam|p2|Arcanine-Hisui||LoadedDice|Intimidate|FlareBlitz,ExtremeSpeed,RockBlast,Protect|||M|||50|,,,,,Grass]Urshifu-Rapid-Strike||MysticWater|UnseenFist|SurgingStrikes,CloseCombat,Protect,AquaJet|||M|||50|,,,,,Water]Iron Hands||AssaultVest|QuarkDrive|FakeOut,HeavySlam,DrainPunch,ThunderPunch||||||50|,,,,,Grass]Flutter Mane||BoosterEnergy|Protosynthesis|DazzlingGleam,Protect,ShadowBall,EnergyBall||||||50|,,,,,Fairy]Tornadus||CovertCloak|Prankster|Taunt,Tailwind,BleakwindStorm,Protect|||M|||50|,,,,,Flying]Chien-Pao||LifeOrb|SwordofRuin|SuckerPunch,SacredSword,IcicleCrash,Protect||||||50|,,,,,Ghost\n|inactive|Battle timer is ON: inactive players will automatically lose when time's up. (requested by neverword77)\n|\n|t:|1699828716\n|start\n|switch|p1a: Iron Hands|Iron Hands, L50|100\/100\n|switch|p1b: Pelipper|Pelipper, L50, F|100\/100\n|switch|p2a: Iron Hands|Iron Hands, L50|100\/100\n|switch|p2b: Flutter Mane|Flutter Mane, L50|100\/100\n|-weather|RainDance|[from] ability: Drizzle|[of] p1b: Pelipper\n|-enditem|p2b: Flutter Mane|Booster Energy\n|-activate|p2b: Flutter Mane|ability: Protosynthesis|[fromitem]\n|-start|p2b: Flutter Mane|protosynthesisspe\n|turn|1\n|inactive|Scalonetapibe has 30 seconds left.\n|inactive|neverword77 has 30 seconds left.\n|inactive|Scalonetapibe has 20 seconds left.\n|inactive|neverword77 has 20 seconds left.\n|inactive|Scalonetapibe has 15 seconds left.\n|\n|t:|1699828761\n|move|p1a: Iron Hands|Fake Out|p2a: Iron Hands\n|-damage|p2a: Iron Hands|89\/100\n|cant|p2a: Iron Hands|flinch\n|move|p2b: Flutter Mane|Dazzling Gleam|p1b: Pelipper|[spread] p1a,p1b\n|-supereffective|p1a: Iron Hands\n|-damage|p1a: Iron Hands|63\/100\n|-damage|p1b: Pelipper|48\/100\n|move|p1b: Pelipper|Hurricane|p2b: Flutter Mane\n|-damage|p2b: Flutter Mane|51\/100\n|\n|-weather|RainDance|[upkeep]\n|upkeep\n|turn|2\n|\n|t:|1699828779\n|move|p1b: Pelipper|Protect|p1b: Pelipper\n|-singleturn|p1b: Pelipper|Protect\n|move|p2b: Flutter Mane|Dazzling Gleam|p1a: Iron Hands|[spread] p1a\n|-activate|p1b: Pelipper|move: Protect\n|-supereffective|p1a: Iron Hands\n|-damage|p1a: Iron Hands|30\/100\n|move|p1a: Iron Hands|Heavy Slam|p2b: Flutter Mane\n|-supereffective|p2b: Flutter Mane\n|-damage|p2b: Flutter Mane|0 fnt\n|faint|p2b: Flutter Mane\n|-end|p2b: Flutter Mane|Protosynthesis|[silent]\n|move|p2a: Iron Hands|Drain Punch|p1a: Iron Hands\n|-damage|p1a: Iron Hands|0 fnt\n|-heal|p2a: Iron Hands|100\/100|[from] drain|[of] p1a: Iron Hands\n|faint|p1a: Iron Hands\n|-end|p1a: Iron Hands|Quark Drive|[silent]\n|\n|-weather|RainDance|[upkeep]\n|upkeep\n|\n|t:|1699828798\n|switch|p2b: Urshifu|Urshifu-Rapid-Strike, L50, M|100\/100\n|switch|p1a: Gholdengo|Gholdengo, L50|100\/100\n|turn|3\n|\n|t:|1699828818\n|-terastallize|p1a: Gholdengo|Dragon\n|move|p2b: Urshifu|Protect|p2b: Urshifu\n|-singleturn|p2b: Urshifu|Protect\n|move|p1a: Gholdengo|Nasty Plot|p1a: Gholdengo\n|-boost|p1a: Gholdengo|spa|2\n|move|p1b: Pelipper|Hurricane|p2b: Urshifu\n|-activate|p2b: Urshifu|move: Protect\n|move|p2a: Iron Hands|Thunder Punch|p1b: Pelipper\n|-supereffective|p1b: Pelipper\n|-damage|p1b: Pelipper|0 fnt\n|faint|p1b: Pelipper\n|\n|-weather|RainDance|[upkeep]\n|upkeep\n|\n|t:|1699828822\n|switch|p1b: Iron Bundle|Iron Bundle, L50|100\/100\n|-enditem|p1b: Iron Bundle|Booster Energy\n|-activate|p1b: Iron Bundle|ability: Quark Drive|[fromitem]\n|-start|p1b: Iron Bundle|quarkdrivespe\n|turn|4\n|inactive|neverword77 has 30 seconds left.\n|\n|t:|1699828855\n|switch|p2b: Chien-Pao|Chien-Pao, L50|100\/100\n|-ability|p2b: Chien-Pao|Sword of Ruin\n|move|p1b: Iron Bundle|Icy Wind|p2a: Iron Hands|[spread] p2a,p2b\n|-resisted|p2b: Chien-Pao\n|-damage|p2a: Iron Hands|89\/100\n|-damage|p2b: Chien-Pao|86\/100\n|-unboost|p2a: Iron Hands|spe|1\n|-unboost|p2b: Chien-Pao|spe|1\n|move|p1a: Gholdengo|Shadow Ball|p2b: Chien-Pao\n|-resisted|p2b: Chien-Pao\n|-damage|p2b: Chien-Pao|13\/100\n|-unboost|p2b: Chien-Pao|spd|1\n|move|p2a: Iron Hands|Drain Punch|p1a: Gholdengo\n|-damage|p1a: Gholdengo|44\/100\n|-heal|p2a: Iron Hands|100\/100|[from] drain|[of] p1a: Gholdengo\n|\n|-weather|RainDance|[upkeep]\n|-heal|p1a: Gholdengo|50\/100|[from] item: Leftovers\n|upkeep\n|turn|5\n|inactive|neverword77 has 30 seconds left.\n|inactive|neverword77 has 20 seconds left.\n|\n|t:|1699828893\n|move|p1a: Gholdengo|Protect|p1a: Gholdengo\n|-singleturn|p1a: Gholdengo|Protect\n|move|p2b: Chien-Pao|Sucker Punch||[still]\n|-fail|p2b: Chien-Pao\n|move|p1b: Iron Bundle|Icy Wind|p2a: Iron Hands|[spread] p2a,p2b\n|-resisted|p2b: Chien-Pao\n|-damage|p2a: Iron Hands|89\/100\n|-damage|p2b: Chien-Pao|0 fnt\n|-unboost|p2a: Iron Hands|spe|1\n|faint|p2b: Chien-Pao\n|move|p2a: Iron Hands|Drain Punch|p1a: Gholdengo\n|-activate|p1a: Gholdengo|move: Protect\n|\n|-weather|none\n|-heal|p1a: Gholdengo|56\/100|[from] item: Leftovers\n|upkeep\n|\n|t:|1699828906\n|switch|p2b: Urshifu|Urshifu-Rapid-Strike, L50, M|100\/100\n|turn|6\n|\n|t:|1699828920\n|move|p2b: Urshifu|Protect|p2b: Urshifu\n|-singleturn|p2b: Urshifu|Protect\n|move|p1b: Iron Bundle|Freeze-Dry|p2b: Urshifu\n|-activate|p2b: Urshifu|move: Protect\n|move|p1a: Gholdengo|Shadow Ball|p2b: Urshifu\n|-activate|p2b: Urshifu|move: Protect\n|move|p2a: Iron Hands|Drain Punch|p1a: Gholdengo\n|-damage|p1a: Gholdengo|9\/100\n|-heal|p2a: Iron Hands|100\/100|[from] drain|[of] p1a: Gholdengo\n|\n|-heal|p1a: Gholdengo|15\/100|[from] item: Leftovers\n|upkeep\n|turn|7\n|\n|t:|1699828938\n|move|p2b: Urshifu|Aqua Jet|p1a: Gholdengo\n|-resisted|p1a: Gholdengo\n|-damage|p1a: Gholdengo|2\/100\n|move|p1b: Iron Bundle|Freeze-Dry|p2b: Urshifu\n|-supereffective|p2b: Urshifu\n|-damage|p2b: Urshifu|8\/100\n|move|p1a: Gholdengo|Shadow Ball|p2a: Iron Hands\n|-damage|p2a: Iron Hands|47\/100\n|-unboost|p2a: Iron Hands|spd|1\n|move|p2a: Iron Hands|Drain Punch|p1b: Iron Bundle\n|-supereffective|p1b: Iron Bundle\n|-damage|p1b: Iron Bundle|22\/100\n|-heal|p2a: Iron Hands|72\/100|[from] drain|[of] p1b: Iron Bundle\n|\n|-heal|p1a: Gholdengo|8\/100|[from] item: Leftovers\n|upkeep\n|turn|8\n|inactive|Scalonetapibe has 30 seconds left.\n|inactive|neverword77 has 30 seconds left.\n|\n|t:|1699828971\n|move|p2b: Urshifu|Protect|p2b: Urshifu\n|-singleturn|p2b: Urshifu|Protect\n|move|p1b: Iron Bundle|Freeze-Dry|p2a: Iron Hands\n|-damage|p2a: Iron Hands|43\/100\n|move|p1a: Gholdengo|Make It Rain|p2a: Iron Hands|[spread] p2a\n|-activate|p2b: Urshifu|move: Protect\n|-resisted|p2a: Iron Hands\n|-damage|p2a: Iron Hands|2\/100\n|-unboost|p1a: Gholdengo|spa|1\n|move|p2a: Iron Hands|Drain Punch|p1b: Iron Bundle\n|-supereffective|p1b: Iron Bundle\n|-damage|p1b: Iron Bundle|0 fnt\n|-heal|p2a: Iron Hands|9\/100|[from] drain|[of] p1b: Iron Bundle\n|faint|p1b: Iron Bundle\n|-end|p1b: Iron Bundle|Quark Drive|[silent]\n|\n|-heal|p1a: Gholdengo|14\/100|[from] item: Leftovers\n|upkeep\n|turn|9\n|inactive|neverword77 has 30 seconds left.\n|inactive|neverword77 has 20 seconds left.\n|inactive|neverword77 has 15 seconds left.\n|inactive|neverword77 has 10 seconds left.\n|inactive|neverword77 has 5 seconds left.\n|\n|t:|1699829023\n|-terastallize|p2b: Urshifu|Water\n|move|p2b: Urshifu|Surging Strikes|p1a: Gholdengo\n|-resisted|p1a: Gholdengo\n|-crit|p1a: Gholdengo\n|-damage|p1a: Gholdengo|0 fnt\n|faint|p1a: Gholdengo\n|-hitcount|p1: Gholdengo|1\n|\n|win|neverword77\n|c|&|\/uhtml prompt-neverword77,neverword77 is ready for game 3!\n|inactive|Scalonetapibe has 50 seconds to confirm battle start!\n|c|&|\/uhtml prompt-scalonetapibe,Scalonetapibe is ready for game 3!\nBoth players are ready! Starting next match!\n","uploadtime":1699829541,"views":24,"p1id":"scalonetapibe","p2id":"neverword77","formatid":"gen9vgc2023regulatione","rating":0,"private":0,"password":""}