{"id":"gen9vgc2023regulatione-1996811267","p1":"CALAMELLA","p2":"yoruneko963","format":"[Gen 9] VGC 2023 Regulation E","log":"|j|\u2606CALAMELLA\n|j|\u2606yoruneko963\n|t:|1700729184\n|gametype|doubles\n|player|p1|CALAMELLA|drayden|1183\n|player|p2|yoruneko963|ingo|1123\n|teamsize|p1|6\n|teamsize|p2|6\n|gen|9\n|tier|[Gen 9] VGC 2023 Regulation E\n|rated|\n|rule|Species Clause: Limit one of each Pok\u00e9mon\n|rule|Item Clause: Limit one of each item\n|clearpoke\n|poke|p1|Ursaluna-Bloodmoon, L50, M|\n|poke|p1|Dusclops, L50, M|\n|poke|p1|Ogerpon-Hearthflame, L50, F|\n|poke|p1|Rillaboom, L50, F|\n|poke|p1|Urshifu-*, L50, M|\n|poke|p1|Iron Hands, L50|\n|poke|p2|Urshifu-*, L50, F|\n|poke|p2|Sableye, L50, M|\n|poke|p2|Florges-White, L50, F|\n|poke|p2|Abomasnow, L50, F|\n|poke|p2|Iron Bundle, L50|\n|poke|p2|Ursaluna-Bloodmoon, L50, M|\n|teampreview|4\n|\n|t:|1700729249\n|start\n|switch|p1a: Rillaboom|Rillaboom, L50, F|100\/100\n|switch|p1b: Ogerpon|Ogerpon-Hearthflame, L50, F|100\/100\n|switch|p2a: Ursaluna|Ursaluna-Bloodmoon, L50, M|100\/100\n|switch|p2b: Sableye|Sableye, L50, M|100\/100\n|-ability|p1b: Ogerpon|Mold Breaker\n|-fieldstart|move: Grassy Terrain|[from] ability: Grassy Surge|[of] p1a: Rillaboom\n|turn|1\n|\n|t:|1700729281\n|-terastallize|p1a: Rillaboom|Fire\n|move|p2b: Sableye|Fake Out|p1a: Rillaboom\n|-damage|p1a: Rillaboom|93\/100\n|move|p1b: Ogerpon|Grassy Glide|p2b: Sableye\n|-damage|p2b: Sableye|53\/100\n|cant|p1a: Rillaboom|flinch\n|move|p2a: Ursaluna|Blood Moon|p1a: Rillaboom\n|-damage|p1a: Rillaboom|0 fnt\n|faint|p1a: Rillaboom\n|-damage|p2a: Ursaluna|90\/100|[from] item: Life Orb\n|\n|-heal|p2b: Sableye|58\/100|[from] Grassy Terrain\n|-heal|p2b: Sableye|64\/100|[from] item: Leftovers\n|-heal|p2a: Ursaluna|96\/100|[from] Grassy Terrain\n|upkeep\n|\n|t:|1700729303\n|switch|p1a: Iron Hands|Iron Hands, L50|100\/100\n|turn|2\n|\n|t:|1700729319\n|move|p2a: Ursaluna|Protect|p2a: Ursaluna\n|-singleturn|p2a: Ursaluna|Protect\n|move|p1a: Iron Hands|Fake Out|p2a: Ursaluna\n|-activate|p2a: Ursaluna|move: Protect\n|move|p2b: Sableye|Thunder Wave|p2a: Ursaluna\n|-activate|p2a: Ursaluna|move: Protect\n|move|p1b: Ogerpon|Ivy Cudgel|p2b: Sableye|[anim] Ivy Cudgel Fire\n|-damage|p2b: Sableye|1\/100\n|\n|-heal|p2b: Sableye|7\/100|[from] Grassy Terrain\n|-heal|p2b: Sableye|13\/100|[from] item: Leftovers\n|-heal|p2a: Ursaluna|100\/100|[from] Grassy Terrain\n|upkeep\n|turn|3\n|\n|t:|1700729350\n|-terastallize|p2a: Ursaluna|Normal\n|move|p1b: Ogerpon|Grassy Glide|p2b: Sableye\n|-damage|p2b: Sableye|0 fnt\n|faint|p2b: Sableye\n|move|p1a: Iron Hands|Drain Punch|p2a: Ursaluna\n|-supereffective|p2a: Ursaluna\n|-damage|p2a: Ursaluna|37\/100\n|move|p2a: Ursaluna|Blood Moon|p1b: Ogerpon\n|-damage|p1b: Ogerpon|0 fnt\n|faint|p1b: Ogerpon\n|-damage|p2a: Ursaluna|27\/100|[from] item: Life Orb\n|\n|-heal|p2a: Ursaluna|33\/100|[from] Grassy Terrain\n|upkeep\n|\n|t:|1700729371\n|switch|p1b: Urshifu|Urshifu, L50, M|100\/100\n|switch|p2b: Florges|Florges-White, L50, F, shiny|100\/100\n|turn|4\n|\n|t:|1700729392\n|move|p1b: Urshifu|Wicked Blow|p2a: Ursaluna\n|-crit|p2a: Ursaluna\n|-damage|p2a: Ursaluna|0 fnt\n|faint|p2a: Ursaluna\n|move|p2b: Florges|Dazzling Gleam|p1b: Urshifu|[spread] p1a,p1b\n|-supereffective|p1a: Iron Hands\n|-supereffective|p1b: Urshifu\n|-damage|p1a: Iron Hands|68\/100\n|-enditem|p1b: Urshifu|Focus Sash\n|-damage|p1b: Urshifu|1\/100\n|move|p1a: Iron Hands|Wild Charge|p2b: Florges\n|-damage|p2b: Florges|22\/100\n|-damage|p1a: Iron Hands|55\/100|[from] Recoil\n|\n|-heal|p1b: Urshifu|7\/100|[from] Grassy Terrain\n|-heal|p2b: Florges|28\/100|[from] Grassy Terrain\n|-heal|p1a: Iron Hands|61\/100|[from] Grassy Terrain\n|upkeep\n|\n|t:|1700729407\n|switch|p2a: Iron Bundle|Iron Bundle, L50|100\/100\n|-enditem|p2a: Iron Bundle|Booster Energy\n|-activate|p2b: Florges|ability: Symbiosis|Focus Sash|[of] p2a: Iron Bundle\n|-activate|p2a: Iron Bundle|ability: Quark Drive|[fromitem]\n|-start|p2a: Iron Bundle|quarkdrivespa\n|turn|5\n|\n|t:|1700729427\n|move|p1b: Urshifu|Sucker Punch|p2b: Florges\n|-resisted|p2b: Florges\n|-damage|p2b: Florges|0 fnt\n|faint|p2b: Florges\n|move|p2a: Iron Bundle|Blizzard|p1b: Urshifu|[spread] p1a,p1b\n|-damage|p1a: Iron Hands|26\/100\n|-damage|p1b: Urshifu|0 fnt\n|faint|p1b: Urshifu\n|move|p1a: Iron Hands|Drain Punch|p2a: Iron Bundle\n|-supereffective|p2a: Iron Bundle\n|-enditem|p2a: Iron Bundle|Focus Sash\n|-damage|p2a: Iron Bundle|1\/100\n|-heal|p1a: Iron Hands|51\/100|[from] drain|[of] p2a: Iron Bundle\n|\n|-heal|p2a: Iron Bundle|7\/100|[from] Grassy Terrain\n|-heal|p1a: Iron Hands|57\/100|[from] Grassy Terrain\n|-fieldend|move: Grassy Terrain\n|upkeep\n|turn|6\n|\n|t:|1700729450\n|move|p2a: Iron Bundle|Hydro Pump|p1a: Iron Hands\n|-damage|p1a: Iron Hands|9\/100\n|move|p1a: Iron Hands|Drain Punch|p2a: Iron Bundle\n|-supereffective|p2a: Iron Bundle\n|-damage|p2a: Iron Bundle|0 fnt\n|-heal|p1a: Iron Hands|11\/100|[from] drain|[of] p2a: Iron Bundle\n|faint|p2a: Iron Bundle\n|-end|p2a: Iron Bundle|Quark Drive|[silent]\n|\n|win|CALAMELLA\n|raw|CALAMELLA's rating: 1183 &rarr; <strong>1204<\/strong><br \/>(+21 for winning)\n|raw|yoruneko963's rating: 1123 &rarr; <strong>1102<\/strong><br \/>(-21 for losing)\n","uploadtime":1700729533,"views":13,"p1id":"calamella","p2id":"yoruneko963","formatid":"gen9vgc2023regulatione","rating":1102,"private":0,"password":""}