{"id":"gen9vgc2023regulatione-2000473229","p1":"TkNCiviLZ","p2":"Hoarfrost523","format":"[Gen 9] VGC 2023 Regulation E","log":"|j|\u2606TkNCiviLZ\n|j|\u2606Hoarfrost523\n|t:|1701197739\n|gametype|doubles\n|player|p1|TkNCiviLZ|170|1083\n|player|p2|Hoarfrost523|265|1027\n|teamsize|p1|6\n|teamsize|p2|6\n|gen|9\n|tier|[Gen 9] VGC 2023 Regulation E\n|rated|\n|rule|Species Clause: Limit one of each Pok\u00e9mon\n|rule|Item Clause: Limit one of each item\n|clearpoke\n|poke|p1|Trevenant, L50, M|\n|poke|p1|Dusknoir, L50, F|\n|poke|p1|Roaring Moon, L50|\n|poke|p1|Heatran, L50, F|\n|poke|p1|Dondozo, L50, M|\n|poke|p1|Tatsugiri, L50, M|\n|poke|p2|Ninetales-Alola, L50, M|\n|poke|p2|Sinistcha, L50|\n|poke|p2|Heatran, L50, M|\n|poke|p2|Tornadus, L50, M|\n|poke|p2|Chien-Pao, L50|\n|poke|p2|Iron Hands, L50|\n|teampreview|4\n|inactive|Battle timer is ON: inactive players will automatically lose when time's up. (requested by TkNCiviLZ)\n|j| GOODSHITPROFESSOR\n|\n|t:|1701197767\n|start\n|switch|p1a: Trevenant|Trevenant, L50, M|100\/100\n|switch|p1b: Dusknoir|Dusknoir, L50, F|100\/100\n|switch|p2a: Ninetales|Ninetales-Alola, L50, M|100\/100\n|switch|p2b: Heatran|Heatran, L50, M|100\/100\n|-weather|Snow|[from] ability: Snow Warning|[of] p2a: Ninetales\n|-item|p2a: Ninetales|Covert Cloak|[from] ability: Frisk|[of] p1b: Dusknoir|[identify]\n|-item|p2b: Heatran|Life Orb|[from] ability: Frisk|[of] p1b: Dusknoir|[identify]\n|turn|1\n|\n|t:|1701197786\n|move|p1a: Trevenant|Ally Switch|p1a: Trevenant\n|swap|p1a: Trevenant|1|[from] move: Ally Switch\n|move|p2a: Ninetales|Aurora Veil|p2a: Ninetales\n|-sidestart|p2: Hoarfrost523|move: Aurora Veil\n|move|p2b: Heatran|Heat Wave|p1a: Dusknoir|[spread] p1a,p1b\n|-supereffective|p1b: Trevenant\n|-damage|p1a: Dusknoir|57\/100\n|-damage|p1b: Trevenant|22\/100\n|-enditem|p1b: Trevenant|Sitrus Berry|[eat]\n|-heal|p1b: Trevenant|47\/100|[from] item: Sitrus Berry\n|-damage|p2b: Heatran|91\/100|[from] item: Life Orb\n|move|p1a: Dusknoir|Trick Room|p1a: Dusknoir\n|-fieldstart|move: Trick Room|[of] p1a: Dusknoir\n|\n|-weather|Snow|[upkeep]\n|-item|p1b: Trevenant|Sitrus Berry|[from] ability: Harvest\n|upkeep\n|-enditem|p1b: Trevenant|Sitrus Berry|[eat]\n|-heal|p1b: Trevenant|72\/100|[from] item: Sitrus Berry\n|turn|2\n|inactive|TkNCiviLZ has 30 seconds left.\n|\n|t:|1701197818\n|move|p2a: Ninetales|Helping Hand|p2b: Heatran\n|-singleturn|p2b: Heatran|Helping Hand|[of] p2a: Ninetales\n|move|p1b: Trevenant|Protect|p1b: Trevenant\n|-singleturn|p1b: Trevenant|Protect\n|move|p1a: Dusknoir|Disable|p2b: Heatran\n|-start|p2b: Heatran|Disable|Heat Wave\n|cant|p2b: Heatran|Disable|Heat Wave\n|\n|-weather|Snow|[upkeep]\n|upkeep\n|turn|3\n|inactive|TkNCiviLZ has 30 seconds left.\n|inactive|Hoarfrost523 has 30 seconds left.\n|inactive|TkNCiviLZ has 20 seconds left.\n|inactive|TkNCiviLZ has 15 seconds left.\n|\n|t:|1701197863\n|switch|p2b: Chien-Pao|Chien-Pao, L50|100\/100\n|-ability|p2b: Chien-Pao|Sword of Ruin\n|move|p1a: Dusknoir|Sunny Day|p1a: Dusknoir\n|-weather|SunnyDay\n|move|p1b: Trevenant|Toxic|p2b: Chien-Pao\n|-status|p2b: Chien-Pao|tox\n|move|p2a: Ninetales|Encore|p1a: Dusknoir\n|-start|p1a: Dusknoir|Encore\n|\n|-weather|SunnyDay|[upkeep]\n|-damage|p2b: Chien-Pao|95\/100 tox|[from] psn\n|-item|p1b: Trevenant|Sitrus Berry|[from] ability: Harvest\n|upkeep\n|turn|4\n|inactive|TkNCiviLZ has 30 seconds left.\n|inactive|Hoarfrost523 has 30 seconds left.\n|\n|t:|1701197899\n|switch|p1a: Heatran|Heatran, L50, F|100\/100\n|move|p2a: Ninetales|Helping Hand|p2b: Chien-Pao\n|-singleturn|p2b: Chien-Pao|Helping Hand|[of] p2a: Ninetales\n|move|p2b: Chien-Pao|Sucker Punch||[still]\n|-fail|p2b: Chien-Pao\n|move|p1b: Trevenant|Toxic|p2a: Ninetales\n|-status|p2a: Ninetales|tox\n|\n|-weather|SunnyDay|[upkeep]\n|-damage|p2a: Ninetales|94\/100 tox|[from] psn\n|-damage|p2b: Chien-Pao|83\/100 tox|[from] psn\n|upkeep\n|turn|5\n|inactive|TkNCiviLZ has 30 seconds left.\n|\n|t:|1701197929\n|switch|p2a: Iron Hands|Iron Hands, L50|100\/100\n|switch|p2b: Heatran|Heatran, L50, M|91\/100\n|move|p1b: Trevenant|Foul Play|p2b: Heatran\n|-damage|p2b: Heatran|82\/100\n|move|p1a: Heatran|Heat Wave|p2b: Heatran|[spread] p2a\n|-start|p2b: Heatran|ability: Flash Fire\n|-damage|p2a: Iron Hands|81\/100\n|\n|-weather|SunnyDay|[upkeep]\n|-sideend|p2: Hoarfrost523|move: Aurora Veil\n|-fieldend|move: Trick Room\n|upkeep\n|turn|6\n|inactive|TkNCiviLZ has 30 seconds left.\n|inactive|TkNCiviLZ has 20 seconds left.\n|inactive|Hoarfrost523 has 30 seconds left.\n|\n|t:|1701197968\n|switch|p1a: Dusknoir|Dusknoir, L50, F|57\/100\n|-item|p2a: Iron Hands|Assault Vest|[from] ability: Frisk|[of] p1a: Dusknoir|[identify]\n|-item|p2b: Heatran|Life Orb|[from] ability: Frisk|[of] p1a: Dusknoir|[identify]\n|move|p1b: Trevenant|Protect|p1b: Trevenant\n|-singleturn|p1b: Trevenant|Protect\n|move|p2b: Heatran|Heat Wave|p1a: Dusknoir|[spread] p1a\n|-activate|p1b: Trevenant|move: Protect\n|-crit|p1a: Dusknoir\n|-damage|p1a: Dusknoir|0 fnt\n|faint|p1a: Dusknoir\n|-damage|p2b: Heatran|72\/100|[from] item: Life Orb\n|move|p2a: Iron Hands|Drain Punch|p1b: Trevenant\n|-activate|p1b: Trevenant|move: Protect\n|\n|-weather|SunnyDay|[upkeep]\n|upkeep\n|\n|t:|1701197984\n|switch|p1a: Roaring Moon|Roaring Moon, L50|100\/100\n|-activate|p1a: Roaring Moon|ability: Protosynthesis\n|-start|p1a: Roaring Moon|protosynthesisatk\n|turn|7\n|\n|t:|1701198003\n|move|p1b: Trevenant|Ally Switch||[still]\n|-fail|p1b: Trevenant\n|move|p1a: Roaring Moon|Breaking Swipe|p2b: Heatran|[spread] p2a,p2b\n|-resisted|p2b: Heatran\n|-damage|p2a: Iron Hands|59\/100\n|-damage|p2b: Heatran|60\/100\n|-unboost|p2a: Iron Hands|atk|1\n|-unboost|p2b: Heatran|atk|1\n|move|p2b: Heatran|Heat Wave|p1a: Roaring Moon|[spread] p1a,p1b\n|-resisted|p1a: Roaring Moon\n|-supereffective|p1b: Trevenant\n|-damage|p1a: Roaring Moon|52\/100\n|-damage|p1b: Trevenant|0 fnt\n|faint|p1b: Trevenant\n|-damage|p2b: Heatran|50\/100|[from] item: Life Orb\n|move|p2a: Iron Hands|Drain Punch|p1a: Roaring Moon\n|-supereffective|p1a: Roaring Moon\n|-damage|p1a: Roaring Moon|4\/100\n|-heal|p2a: Iron Hands|77\/100|[from] drain|[of] p1a: Roaring Moon\n|\n|-weather|none\n|-end|p1a: Roaring Moon|Protosynthesis\n|upkeep\n|\n|t:|1701198020\n|switch|p1b: Heatran|Heatran, L50, F|100\/100\n|turn|8\n|\n|t:|1701198035\n|-end|p2a: Iron Hands|Quark Drive|[silent]\n|switch|p2a: Ninetales|Ninetales-Alola, L50, M|94\/100 tox\n|-weather|Snow|[from] ability: Snow Warning|[of] p2a: Ninetales\n|move|p2b: Heatran|Protect|p2b: Heatran\n|-singleturn|p2b: Heatran|Protect\n|move|p1a: Roaring Moon|Breaking Swipe|p2a: Ninetales|[spread] \n|-activate|p2b: Heatran|move: Protect\n|-immune|p2a: Ninetales\n|move|p1b: Heatran|Dark Pulse|p2b: Heatran\n|-activate|p2b: Heatran|move: Protect\n|\n|-weather|Snow|[upkeep]\n|-damage|p2a: Ninetales|88\/100 tox|[from] psn\n|upkeep\n|turn|9\n|inactive|TkNCiviLZ has 30 seconds left.\n|inactive|TkNCiviLZ has 20 seconds left.\n|\n|t:|1701198072\n|move|p2a: Ninetales|Encore|p1b: Heatran\n|-start|p1b: Heatran|Encore\n|move|p1a: Roaring Moon|Snarl|p2a: Ninetales|[spread] p2a,p2b\n|-resisted|p2a: Ninetales\n|-damage|p2a: Ninetales|84\/100 tox\n|-damage|p2b: Heatran|42\/100\n|-unboost|p2b: Heatran|spa|1\n|-heal|p1a: Roaring Moon|5\/100|[from] item: Shell Bell|[of] p2b: Heatran\n|move|p2b: Heatran|Earth Power|p1b: Heatran\n|-supereffective|p1b: Heatran\n|-damage|p1b: Heatran|44\/100\n|-damage|p2b: Heatran|32\/100|[from] item: Life Orb\n|move|p1b: Heatran|Dark Pulse|p2b: Heatran\n|-damage|p2b: Heatran|8\/100\n|\n|-weather|Snow|[upkeep]\n|-damage|p2a: Ninetales|71\/100 tox|[from] psn\n|upkeep\n|turn|10\n|inactive|TkNCiviLZ has 30 seconds left.\n|\n|t:|1701198105\n|-terastallize|p1a: Roaring Moon|Dragon\n|move|p2b: Heatran|Protect|p2b: Heatran\n|-singleturn|p2b: Heatran|Protect\n|move|p2a: Ninetales|Icy Wind|p1b: Heatran|[spread] p1a\n|-miss|p2a: Ninetales|p1b: Heatran\n|-supereffective|p1a: Roaring Moon\n|-damage|p1a: Roaring Moon|0 fnt\n|faint|p1a: Roaring Moon\n|-end|p1a: Roaring Moon|Protosynthesis|[silent]\n|move|p1b: Heatran|Dark Pulse|p2b: Heatran\n|-activate|p2b: Heatran|move: Protect\n|\n|-weather|Snow|[upkeep]\n|-damage|p2a: Ninetales|53\/100 tox|[from] psn\n|upkeep\n|turn|11\n|\n|t:|1701198123\n|move|p2a: Ninetales|Aurora Veil|p2a: Ninetales\n|-sidestart|p2: Hoarfrost523|move: Aurora Veil\n|move|p2b: Heatran|Earth Power|p1b: Heatran\n|-supereffective|p1b: Heatran\n|-damage|p1b: Heatran|0 fnt\n|faint|p1b: Heatran\n|-damage|p2b: Heatran|0 fnt|[from] item: Life Orb\n|faint|p2b: Heatran\n|\n|win|Hoarfrost523\n|raw|TkNCiviLZ's rating: 1083 &rarr; <strong>1057<\/strong><br \/>(-26 for losing)\n|raw|Hoarfrost523's rating: 1027 &rarr; <strong>1069<\/strong><br \/>(+42 for winning)\n|l| GOODSHITPROFESSOR\n","uploadtime":1701198133,"views":12,"p1id":"tkncivilz","p2id":"hoarfrost523","formatid":"gen9vgc2023regulatione","rating":1057,"private":0,"password":""}