{"id":"gen9vgc2023regulatione-1996691262","p1":"Rieken","p2":"feelinbuggy","format":"[Gen 9] VGC 2023 Regulation E","log":"|j|\u2606Rieken\n|j|\u2606feelinbuggy\n|t:|1700710281\n|gametype|doubles\n|player|p1|Rieken|265|1119\n|player|p2|feelinbuggy|bugcatcher|1108\n|teamsize|p1|6\n|teamsize|p2|6\n|gen|9\n|tier|[Gen 9] VGC 2023 Regulation E\n|rated|\n|rule|Species Clause: Limit one of each Pok\u00e9mon\n|rule|Item Clause: Limit one of each item\n|clearpoke\n|poke|p1|Ninetales-Alola, L50, M|\n|poke|p1|Chien-Pao, L50|\n|poke|p1|Basculegion, L50, M|\n|poke|p1|Tornadus, L50, M|\n|poke|p1|Arcanine-Hisui, L50, F|\n|poke|p1|Electrode-Hisui, L50|\n|poke|p2|Amoonguss, L50, F|\n|poke|p2|Heatran, L50, M|\n|poke|p2|Roaring Moon, L50|\n|poke|p2|Iron Hands, L50|\n|poke|p2|Flutter Mane, L50|\n|poke|p2|Landorus-Therian, L50, M|\n|teampreview|4\n|c|\u2606feelinbuggy|glhf\nfeelinbuggy has agreed to open team sheets.\nRieken has agreed to open team sheets.\n|c|\u2606Rieken|glhf\n|\n|t:|1700710349\n|start\n|switch|p1a: Ninetales|Ninetales-Alola, L50, M|100\/100\n|switch|p1b: Tornadus|Tornadus, L50, M|100\/100\n|switch|p2a: Heatran|Heatran, L50, M|100\/100\n|switch|p2b: Roaring Moon|Roaring Moon, L50|100\/100\n|-weather|Snow|[from] ability: Snow Warning|[of] p1a: Ninetales\n|-enditem|p2b: Roaring Moon|Booster Energy\n|-activate|p2b: Roaring Moon|ability: Protosynthesis|[fromitem]\n|-start|p2b: Roaring Moon|protosynthesisspe\n|turn|1\n|\n|t:|1700710377\n|move|p2b: Roaring Moon|Protect|p2b: Roaring Moon\n|-singleturn|p2b: Roaring Moon|Protect\n|move|p1b: Tornadus|Tailwind|p1b: Tornadus\n|-sidestart|p1: Rieken|move: Tailwind\n|move|p1a: Ninetales|Moonblast|p2b: Roaring Moon\n|-activate|p2b: Roaring Moon|move: Protect\n|move|p2a: Heatran|Flash Cannon|p1a: Ninetales\n|-supereffective|p1a: Ninetales\n|-damage|p1a: Ninetales|0 fnt\n|faint|p1a: Ninetales\n|\n|-weather|Snow|[upkeep]\n|upkeep\n|\n|t:|1700710396\n|switch|p1a: Arcanine|Arcanine-Hisui, L50, F|100\/100\n|-ability|p1a: Arcanine|Intimidate|boost\n|-unboost|p2a: Heatran|atk|1\n|-unboost|p2b: Roaring Moon|atk|1\n|turn|2\n|\n|t:|1700710410\n|-end|p2b: Roaring Moon|Protosynthesis|[silent]\n|switch|p2b: Landorus|Landorus-Therian, L50, M|100\/100\n|-ability|p2b: Landorus|Intimidate|boost\n|-unboost|p1a: Arcanine|atk|1\n|-unboost|p1b: Tornadus|atk|1\n|move|p1b: Tornadus|Substitute|p1b: Tornadus\n|-start|p1b: Tornadus|Substitute\n|-damage|p1b: Tornadus|75\/100\n|move|p1a: Arcanine|Rock Slide|p2a: Heatran|[spread] p2b\n|-miss|p1a: Arcanine|p2a: Heatran\n|-damage|p2b: Landorus|78\/100\n|move|p2a: Heatran|Earth Power|p1a: Arcanine\n|-supereffective|p1a: Arcanine\n|-damage|p1a: Arcanine|3\/100\n|\n|-weather|Snow|[upkeep]\n|upkeep\n|turn|3\n|\n|t:|1700710444\n|switch|p1a: Basculegion|Basculegion, L50, M|100\/100\n|-terastallize|p2b: Landorus|Flying\n|move|p1b: Tornadus|Icy Wind|p2a: Heatran|[spread] p2a,p2b\n|-resisted|p2a: Heatran\n|-supereffective|p2b: Landorus\n|-damage|p2a: Heatran|98\/100\n|-damage|p2b: Landorus|51\/100\n|-unboost|p2a: Heatran|spe|1\n|-unboost|p2b: Landorus|spe|1\n|move|p2b: Landorus|U-turn|p1b: Tornadus\n|-resisted|p1b: Tornadus\n|-activate|p1b: Tornadus|move: Substitute|[damage]\n|\n|t:|1700710456\n|switch|p2b: Roaring Moon|Roaring Moon, L50|100\/100|[from] U-turn\n|move|p2a: Heatran|Heat Wave|p1b: Tornadus|[spread] p1a,p1b\n|-end|p1b: Tornadus|Substitute\n|-resisted|p1a: Basculegion\n|-damage|p1a: Basculegion|82\/100\n|\n|-weather|Snow|[upkeep]\n|upkeep\n|turn|4\n|\n|t:|1700710473\n|move|p2a: Heatran|Protect|p2a: Heatran\n|-singleturn|p2a: Heatran|Protect\n|move|p1a: Basculegion|Flip Turn|p2a: Heatran\n|-activate|p2a: Heatran|move: Protect\n|move|p1b: Tornadus|Icy Wind|p2b: Roaring Moon|[spread] p2b\n|-activate|p2a: Heatran|move: Protect\n|-supereffective|p2b: Roaring Moon\n|-damage|p2b: Roaring Moon|75\/100\n|-unboost|p2b: Roaring Moon|spe|1\n|move|p2b: Roaring Moon|Knock Off|p1a: Basculegion\n|-supereffective|p1a: Basculegion\n|-crit|p1a: Basculegion\n|-damage|p1a: Basculegion|0 fnt\n|-enditem|p1a: Basculegion|Choice Scarf|[from] move: Knock Off|[of] p2b: Roaring Moon\n|faint|p1a: Basculegion\n|\n|-weather|Snow|[upkeep]\n|-sideend|p1: Rieken|move: Tailwind\n|upkeep\n|\n|t:|1700710478\n|switch|p1a: Arcanine|Arcanine-Hisui, L50, F|3\/100\n|-ability|p1a: Arcanine|Intimidate|boost\n|-unboost|p2a: Heatran|atk|1\n|-unboost|p2b: Roaring Moon|atk|1\n|turn|5\n|\n|t:|1700710500\n|-end|p2b: Roaring Moon|Protosynthesis|[silent]\n|switch|p2b: Landorus|Landorus-Therian, L50, M, tera:Flying|51\/100\n|-ability|p2b: Landorus|Intimidate|boost\n|-unboost|p1a: Arcanine|atk|1\n|-unboost|p1b: Tornadus|atk|1\n|move|p1b: Tornadus|Icy Wind|p2a: Heatran|[spread] p2a,p2b\n|-resisted|p2a: Heatran\n|-supereffective|p2b: Landorus\n|-damage|p2a: Heatran|96\/100\n|-damage|p2b: Landorus|27\/100\n|-unboost|p2a: Heatran|spe|1\n|-unboost|p2b: Landorus|spe|1\n|move|p1a: Arcanine|Rock Slide|p2a: Heatran|[spread] p2a,p2b\n|-supereffective|p2b: Landorus\n|-damage|p2a: Heatran|78\/100\n|-damage|p2b: Landorus|0 fnt\n|faint|p2b: Landorus\n|move|p2a: Heatran|Flash Cannon|p1a: Arcanine\n|-damage|p1a: Arcanine|0 fnt\n|faint|p1a: Arcanine\n|\n|-weather|none\n|upkeep\n|\n|t:|1700710515\n|switch|p2b: Iron Hands|Iron Hands, L50|100\/100\n|turn|6\n|\n|t:|1700710528\n|move|p1b: Tornadus|Icy Wind|p2b: Iron Hands|[spread] p2a,p2b\n|-resisted|p2a: Heatran\n|-crit|p2a: Heatran\n|-damage|p2a: Heatran|74\/100\n|-damage|p2b: Iron Hands|94\/100\n|-unboost|p2a: Heatran|spe|1\n|-unboost|p2b: Iron Hands|spe|1\n|move|p2b: Iron Hands|Wild Charge|p1b: Tornadus\n|-supereffective|p1b: Tornadus\n|-damage|p1b: Tornadus|0 fnt\n|faint|p1b: Tornadus\n|-damage|p2b: Iron Hands|79\/100|[from] Recoil\n|\n|win|feelinbuggy\n|raw|Rieken's rating: 1119 &rarr; <strong>1093<\/strong><br \/>(-26 for losing)\n|raw|feelinbuggy's rating: 1108 &rarr; <strong>1134<\/strong><br \/>(+26 for winning)\n|c|\u2606Rieken|gg\n|l|\u2606Rieken\n|c|\u2606feelinbuggy|gg\n","uploadtime":1700710537,"views":16,"p1id":"rieken","p2id":"feelinbuggy","formatid":"gen9vgc2023regulatione","rating":1093,"private":0,"password":""}