{"id":"gen9vgc2023regulatione-1990960143","p1":"MegaMachado","p2":"gan112","format":"[Gen 9] VGC 2023 Regulation E","log":"|j|\u2606MegaMachado\n|j|\u2606gan112\n|t:|1700020033\n|gametype|doubles\n|player|p1|MegaMachado|blackbelt-gen4dp|1325\n|player|p2|gan112|2|1238\n|teamsize|p1|6\n|teamsize|p2|6\n|gen|9\n|tier|[Gen 9] VGC 2023 Regulation E\n|rated|\n|rule|Species Clause: Limit one of each Pok\u00e9mon\n|rule|Item Clause: Limit one of each item\n|clearpoke\n|poke|p1|Kommo-o, L50, F|\n|poke|p1|Tyranitar, L50, M|\n|poke|p1|Rillaboom, L50, F|\n|poke|p1|Flutter Mane, L50|\n|poke|p1|Arcanine-Hisui, L50, F|\n|poke|p1|Iron Bundle, L50|\n|poke|p2|Iron Hands, L50|\n|poke|p2|Flutter Mane, L50|\n|poke|p2|Tauros-Paldea-Blaze, L50, M|\n|poke|p2|Armarouge, L50, M|\n|poke|p2|Indeedee-F, L50, F|\n|poke|p2|Moltres-Galar, L50|\n|teampreview|4\n|inactive|Battle timer is ON: inactive players will automatically lose when time's up. (requested by gan112)\n|\n|t:|1700020065\n|start\n|switch|p1a: Flutter Mane|Flutter Mane, L50|100\/100\n|switch|p1b: Arcanine|Arcanine-Hisui, L50, F|100\/100\n|switch|p2a: Iron Hands|Iron Hands, L50, shiny|100\/100\n|switch|p2b: Armarouge|Armarouge, L50, M|100\/100\n|-ability|p1b: Arcanine|Intimidate|boost\n|-unboost|p2a: Iron Hands|atk|1\n|-unboost|p2b: Armarouge|atk|1\n|turn|1\n|inactive|MegaMachado has 30 seconds left.\n|\n|t:|1700020098\n|switch|p2b: Indeedee|Indeedee-F, L50, F|100\/100\n|-fieldstart|move: Psychic Terrain|[from] ability: Psychic Surge|[of] p2b: Indeedee\n|-enditem|p2b: Indeedee|Psychic Seed\n|-boost|p2b: Indeedee|spd|1|[from] item: Psychic Seed\n|move|p1a: Flutter Mane|Shadow Ball|p2b: Indeedee\n|-immune|p2b: Indeedee\n|move|p1b: Arcanine|Rock Slide|p2b: Indeedee|[spread] p2a,p2b\n|-resisted|p2a: Iron Hands\n|-damage|p2a: Iron Hands|93\/100\n|-damage|p2b: Indeedee|75\/100\n|move|p2a: Iron Hands|Heavy Slam|p1a: Flutter Mane\n|-supereffective|p1a: Flutter Mane\n|-crit|p1a: Flutter Mane\n|-damage|p1a: Flutter Mane|0 fnt\n|faint|p1a: Flutter Mane\n|-end|p1a: Flutter Mane|Protosynthesis|[silent]\n|\n|upkeep\n|\n|t:|1700020115\n|switch|p1a: Kommo-o|Kommo-o, L50, F|100\/100\n|turn|2\n|\n|t:|1700020127\n|move|p1b: Arcanine|Will-O-Wisp|p2a: Iron Hands\n|-status|p2a: Iron Hands|brn\n|move|p1a: Kommo-o|Iron Defense|p1a: Kommo-o\n|-boost|p1a: Kommo-o|def|2\n|move|p2b: Indeedee|Dazzling Gleam|p1a: Kommo-o|[spread] p1a,p1b\n|-supereffective|p1a: Kommo-o\n|-resisted|p1b: Arcanine\n|-damage|p1a: Kommo-o|52\/100\n|-damage|p1b: Arcanine|93\/100\n|move|p2a: Iron Hands|Drain Punch|p1b: Arcanine\n|-supereffective|p1b: Arcanine\n|-damage|p1b: Arcanine|64\/100\n|-heal|p2a: Iron Hands|100\/100 brn|[from] drain|[of] p1b: Arcanine\n|\n|-heal|p1a: Kommo-o|58\/100|[from] item: Leftovers\n|-damage|p2a: Iron Hands|95\/100 brn|[from] brn\n|upkeep\n|turn|3\n|inactive|MegaMachado has 30 seconds left.\n|\n|t:|1700020153\n|switch|p1b: Rillaboom|Rillaboom, L50, F|100\/100\n|-fieldstart|move: Grassy Terrain|[from] ability: Grassy Surge|[of] p1b: Rillaboom\n|-end|p2a: Iron Hands|Quark Drive|[silent]\n|switch|p2a: Tauros|Tauros-Paldea-Blaze, L50, M|100\/100\n|-ability|p2a: Tauros|Intimidate|boost\n|-unboost|p1a: Kommo-o|atk|1\n|-unboost|p1b: Rillaboom|atk|1\n|move|p1a: Kommo-o|Body Press|p2b: Indeedee\n|-damage|p2b: Indeedee|0 fnt\n|faint|p2b: Indeedee\n|\n|-heal|p1a: Kommo-o|64\/100|[from] Grassy Terrain\n|-heal|p1a: Kommo-o|70\/100|[from] item: Leftovers\n|upkeep\n|\n|t:|1700020167\n|switch|p2b: Armarouge|Armarouge, L50, M|100\/100\n|turn|4\n|\n|t:|1700020177\n|-terastallize|p2b: Armarouge|Grass\n|move|p1b: Rillaboom|Fake Out|p2b: Armarouge\n|-damage|p2b: Armarouge|91\/100\n|move|p2a: Tauros|Raging Bull|p1b: Rillaboom\n|-supereffective|p1b: Rillaboom\n|-damage|p1b: Rillaboom|0 fnt\n|faint|p1b: Rillaboom\n|move|p1a: Kommo-o|Body Press|p2b: Armarouge\n|-damage|p2b: Armarouge|11\/100\n|cant|p2b: Armarouge|flinch\n|\n|-heal|p1a: Kommo-o|76\/100|[from] Grassy Terrain\n|-heal|p1a: Kommo-o|82\/100|[from] item: Leftovers\n|-heal|p2b: Armarouge|17\/100|[from] Grassy Terrain\n|upkeep\n|\n|t:|1700020192\n|switch|p1b: Arcanine|Arcanine-Hisui, L50, F|64\/100\n|-ability|p1b: Arcanine|Intimidate|boost\n|-unboost|p2a: Tauros|atk|1\n|-unboost|p2b: Armarouge|atk|1\n|turn|5\n|\n|t:|1700020204\n|switch|p2a: Iron Hands|Iron Hands, L50, shiny|95\/100 brn\n|move|p2b: Armarouge|Protect|p2b: Armarouge\n|-singleturn|p2b: Armarouge|Protect\n|move|p1b: Arcanine|Howl|p1b: Arcanine|[spread] p1a,p1b\n|-boost|p1a: Kommo-o|atk|1\n|-boost|p1b: Arcanine|atk|1\n|move|p1a: Kommo-o|Body Press|p2b: Armarouge\n|-activate|p2b: Armarouge|move: Protect\n|\n|-heal|p1b: Arcanine|70\/100|[from] Grassy Terrain\n|-heal|p1a: Kommo-o|88\/100|[from] Grassy Terrain\n|-heal|p1a: Kommo-o|94\/100|[from] item: Leftovers\n|-heal|p2b: Armarouge|23\/100|[from] Grassy Terrain\n|-heal|p2a: Iron Hands|100\/100 brn|[from] Grassy Terrain\n|-damage|p2a: Iron Hands|95\/100 brn|[from] brn\n|upkeep\n|turn|6\n|inactive|MegaMachado has 30 seconds left.\n|\n|t:|1700020236\n|move|p2a: Iron Hands|Fake Out|p1b: Arcanine\n|-resisted|p1b: Arcanine\n|-damage|p1b: Arcanine|66\/100\n|cant|p1b: Arcanine|flinch\n|move|p1a: Kommo-o|Body Press|p2b: Armarouge\n|-damage|p2b: Armarouge|0 fnt\n|faint|p2b: Armarouge\n|\n|-heal|p1b: Arcanine|72\/100|[from] Grassy Terrain\n|-heal|p1a: Kommo-o|100\/100|[from] Grassy Terrain\n|-heal|p2a: Iron Hands|100\/100 brn|[from] Grassy Terrain\n|-damage|p2a: Iron Hands|95\/100 brn|[from] brn\n|upkeep\n|\n|t:|1700020248\n|switch|p2b: Tauros|Tauros-Paldea-Blaze, L50, M|100\/100\n|-ability|p2b: Tauros|Intimidate|boost\n|-unboost|p1a: Kommo-o|atk|1\n|-unboost|p1b: Arcanine|atk|1\n|turn|7\n|\n|t:|1700020264\n|move|p1b: Arcanine|Howl|p1b: Arcanine|[spread] p1a,p1b\n|-boost|p1a: Kommo-o|atk|1\n|-boost|p1b: Arcanine|atk|1\n|move|p2b: Tauros|Close Combat|p1a: Kommo-o\n|-damage|p1a: Kommo-o|72\/100\n|-unboost|p2b: Tauros|def|1\n|-unboost|p2b: Tauros|spd|1\n|move|p1a: Kommo-o|Iron Defense|p1a: Kommo-o\n|-boost|p1a: Kommo-o|def|2\n|move|p2a: Iron Hands|Drain Punch|p1a: Kommo-o\n|-damage|p1a: Kommo-o|68\/100\n|-heal|p2a: Iron Hands|97\/100 brn|[from] drain|[of] p1a: Kommo-o\n|\n|-heal|p1b: Arcanine|78\/100|[from] Grassy Terrain\n|-heal|p1a: Kommo-o|74\/100|[from] Grassy Terrain\n|-heal|p1a: Kommo-o|80\/100|[from] item: Leftovers\n|-heal|p2a: Iron Hands|100\/100 brn|[from] Grassy Terrain\n|-damage|p2a: Iron Hands|95\/100 brn|[from] brn\n|-fieldend|move: Grassy Terrain\n|upkeep\n|turn|8\n|-message|gan112 forfeited.\n|\n|win|MegaMachado\n|raw|MegaMachado's rating: 1325 &rarr; <strong>1340<\/strong><br \/>(+15 for winning)\n|raw|gan112's rating: 1238 &rarr; <strong>1219<\/strong><br \/>(-19 for losing)\n|l|\u2606gan112\n","uploadtime":1700020336,"views":11,"p1id":"megamachado","p2id":"gan112","formatid":"gen9vgc2023regulatione","rating":1219,"private":0,"password":""}