{"id":"gen9vgc2023regulatione-2000264641","p1":"Masehood","p2":"Shinoz","format":"[Gen 9] VGC 2023 Regulation E","log":"|j|\u203dMasehood\n|j|\u2606Shinoz\n|t:|1701179170\n|gametype|doubles\n|player|p1|Masehood|170|1553\n|player|p2|Shinoz|169|1523\n|teamsize|p1|6\n|teamsize|p2|6\n|gen|9\n|tier|[Gen 9] VGC 2023 Regulation E\n|rated|\n|rule|Species Clause: Limit one of each Pok\u00e9mon\n|rule|Item Clause: Limit one of each item\n|clearpoke\n|poke|p1|Pelipper, L50, M|\n|poke|p1|Basculegion, L50, M|\n|poke|p1|Kingambit, L50, F|\n|poke|p1|Amoonguss, L50, M|\n|poke|p1|Salamence, L50, M|\n|poke|p1|Iron Hands, L50|\n|poke|p2|Tornadus, L50, M|\n|poke|p2|Landorus-Therian, L50, M|\n|poke|p2|Rillaboom, L50, F|\n|poke|p2|Urshifu-*, L50, F|\n|poke|p2|Heatran, L50, M|\n|poke|p2|Iron Hands, L50|\n|teampreview|4\n|inactive|Battle timer is ON: inactive players will automatically lose when time's up. (requested by Shinoz)\nShinoz has agreed to open team sheets.\n|inactive|Shinoz has 60 seconds left.\n|\n|t:|1701179216\n|start\n|switch|p1a: Pelipper|Pelipper, L50, M|100\/100\n|switch|p1b: Iron Hands|Iron Hands, L50, shiny|100\/100\n|switch|p2a: Iron Hands|Iron Hands, L50, shiny|100\/100\n|switch|p2b: Landorus|Landorus-Therian, L50, M|100\/100\n|-ability|p2b: Landorus|Intimidate|boost\n|-unboost|p1a: Pelipper|atk|1\n|-unboost|p1b: Iron Hands|atk|1\n|-weather|RainDance|[from] ability: Drizzle|[of] p1a: Pelipper\n|turn|1\n|\n|t:|1701179232\n|-end|p1b: Iron Hands|Quark Drive|[silent]\n|switch|p1b: Salamence|Salamence, L50, M|100\/100\n|-ability|p1b: Salamence|Intimidate|boost\n|-unboost|p2a: Iron Hands|atk|1\n|-unboost|p2b: Landorus|atk|1\n|move|p2a: Iron Hands|Fake Out|p1a: Pelipper\n|-damage|p1a: Pelipper|87\/100\n|move|p2b: Landorus|Stomping Tantrum|p1b: Salamence\n|-immune|p1b: Salamence\n|cant|p1a: Pelipper|flinch\n|\n|-weather|RainDance|[upkeep]\n|upkeep\n|turn|2\n|\n|t:|1701179256\n|switch|p2b: Rillaboom|Rillaboom, L50, F|100\/100\n|-fieldstart|move: Grassy Terrain|[from] ability: Grassy Surge|[of] p2b: Rillaboom\n|-terastallize|p2a: Iron Hands|Water\n|move|p1b: Salamence|Hurricane|p2a: Iron Hands\n|-damage|p2a: Iron Hands|72\/100\n|move|p1a: Pelipper|Weather Ball|p2a: Iron Hands\n|-resisted|p2a: Iron Hands\n|-damage|p2a: Iron Hands|56\/100\n|move|p2a: Iron Hands|Wild Charge|p1b: Salamence\n|-damage|p1b: Salamence|60\/100\n|-damage|p2a: Iron Hands|49\/100|[from] Recoil\n|\n|-weather|RainDance|[upkeep]\n|-heal|p2a: Iron Hands|55\/100|[from] Grassy Terrain\n|upkeep\n|turn|3\n|\n|t:|1701179279\n|switch|p1a: Iron Hands|Iron Hands, L50, shiny|100\/100\n|move|p2b: Rillaboom|Fake Out|p1b: Salamence\n|-damage|p1b: Salamence|45\/100\n|cant|p1b: Salamence|flinch\n|move|p2a: Iron Hands|Wild Charge|p1a: Iron Hands\n|-resisted|p1a: Iron Hands\n|-damage|p1a: Iron Hands|88\/100\n|-damage|p2a: Iron Hands|52\/100|[from] Recoil\n|\n|-weather|RainDance|[upkeep]\n|-heal|p2a: Iron Hands|57\/100|[from] Grassy Terrain\n|-heal|p1a: Iron Hands|94\/100|[from] Grassy Terrain\n|upkeep\n|turn|4\n|inactive|Shinoz has 30 seconds left.\n|\n|t:|1701179306\n|-end|p2a: Iron Hands|Quark Drive|[silent]\n|switch|p2a: Landorus|Landorus-Therian, L50, M|100\/100\n|-ability|p2a: Landorus|Intimidate|boost\n|-unboost|p1a: Iron Hands|atk|1\n|-unboost|p1b: Salamence|atk|1\n|move|p1b: Salamence|Hurricane|p2b: Rillaboom\n|-supereffective|p2b: Rillaboom\n|-damage|p2b: Rillaboom|4\/100\n|-enditem|p2b: Rillaboom|Sitrus Berry|[eat]\n|-heal|p2b: Rillaboom|29\/100|[from] item: Sitrus Berry\n|move|p2b: Rillaboom|U-turn|p1a: Iron Hands\n|-resisted|p1a: Iron Hands\n|-damage|p1a: Iron Hands|87\/100\n|\n|t:|1701179317\n|switch|p2b: Iron Hands|Iron Hands, L50, shiny, tera:Water|57\/100|[from] U-turn\n|move|p1a: Iron Hands|Wild Charge|p2a: Landorus\n|-immune|p2a: Landorus\n|\n|-weather|RainDance|[upkeep]\n|-heal|p2b: Iron Hands|63\/100|[from] Grassy Terrain\n|-heal|p1a: Iron Hands|93\/100|[from] Grassy Terrain\n|upkeep\n|turn|5\n|\n|t:|1701179341\n|switch|p1b: Pelipper|Pelipper, L50, M|87\/100\n|-terastallize|p1a: Iron Hands|Grass\n|move|p2b: Iron Hands|Fake Out|p1a: Iron Hands\n|-damage|p1a: Iron Hands|83\/100\n|move|p2a: Landorus|Rock Slide|p1b: Pelipper|[spread] p1a,p1b\n|-supereffective|p1b: Pelipper\n|-damage|p1a: Iron Hands|68\/100\n|-damage|p1b: Pelipper|37\/100\n|cant|p1a: Iron Hands|flinch\n|\n|-weather|none\n|-heal|p2b: Iron Hands|69\/100|[from] Grassy Terrain\n|-heal|p1a: Iron Hands|74\/100|[from] Grassy Terrain\n|upkeep\n|turn|6\n|inactive|Shinoz has 30 seconds left.\n|\n|t:|1701179367\n|move|p1b: Pelipper|Wide Guard|p1b: Pelipper\n|-singleturn|p1b: Pelipper|Wide Guard\n|move|p2a: Landorus|Rock Slide|p1a: Iron Hands|[spread] \n|-activate|p1a: Iron Hands|move: Wide Guard\n|-activate|p1b: Pelipper|move: Wide Guard\n|move|p2b: Iron Hands|Drain Punch|p1a: Iron Hands\n|-crit|p1a: Iron Hands\n|-damage|p1a: Iron Hands|29\/100\n|-heal|p2b: Iron Hands|92\/100|[from] drain|[of] p1a: Iron Hands\n|move|p1a: Iron Hands|Wild Charge|p2b: Iron Hands\n|-supereffective|p2b: Iron Hands\n|-damage|p2b: Iron Hands|42\/100\n|-damage|p1a: Iron Hands|16\/100|[from] Recoil\n|\n|-heal|p2b: Iron Hands|47\/100|[from] Grassy Terrain\n|-heal|p1a: Iron Hands|23\/100|[from] Grassy Terrain\n|-fieldend|move: Grassy Terrain\n|upkeep\n|turn|7\n|inactive|Shinoz has 30 seconds left.\n|\n|t:|1701179397\n|switch|p1b: Salamence|Salamence, L50, M|45\/100\n|-ability|p1b: Salamence|Intimidate|boost\n|-unboost|p2a: Landorus|atk|1\n|-unboost|p2b: Iron Hands|atk|1\n|move|p2a: Landorus|Rock Slide|p1a: Iron Hands|[spread] p1a,p1b\n|-supereffective|p1b: Salamence\n|-damage|p1a: Iron Hands|13\/100\n|-damage|p1b: Salamence|9\/100\n|move|p2b: Iron Hands|Wild Charge|p1b: Salamence\n|-damage|p1b: Salamence|0 fnt\n|faint|p1b: Salamence\n|-damage|p2b: Iron Hands|46\/100|[from] Recoil\n|move|p1a: Iron Hands|Wild Charge|p2b: Iron Hands\n|-supereffective|p2b: Iron Hands\n|-damage|p2b: Iron Hands|0 fnt\n|faint|p2b: Iron Hands\n|-end|p2b: Iron Hands|Quark Drive|[silent]\n|-damage|p1a: Iron Hands|1\/100|[from] Recoil\n|\n|upkeep\n|\n|t:|1701179416\n|switch|p1b: Pelipper|Pelipper, L50, M|37\/100\n|switch|p2b: Urshifu|Urshifu-Rapid-Strike, L50, F|100\/100\n|-weather|RainDance|[from] ability: Drizzle|[of] p1b: Pelipper\n|turn|8\n|inactive|Shinoz has 30 seconds left.\n|\n|t:|1701179441\n|switch|p2a: Rillaboom|Rillaboom, L50, F|29\/100\n|-fieldstart|move: Grassy Terrain|[from] ability: Grassy Surge|[of] p2a: Rillaboom\n|move|p2b: Urshifu|Surging Strikes|p1b: Pelipper\n|-resisted|p1b: Pelipper\n|-crit|p1b: Pelipper\n|-damage|p1b: Pelipper|14\/100\n|-resisted|p1b: Pelipper\n|-crit|p1b: Pelipper\n|-damage|p1b: Pelipper|0 fnt\n|faint|p1b: Pelipper\n|-hitcount|p1: Pelipper|2\n|move|p1a: Iron Hands|Wild Charge|p2b: Urshifu\n|-supereffective|p2b: Urshifu\n|-damage|p2b: Urshifu|34\/100\n|-damage|p1a: Iron Hands|0 fnt|[from] Recoil\n|faint|p1a: Iron Hands\n|-end|p1a: Iron Hands|Quark Drive|[silent]\n|\n|-weather|RainDance|[upkeep]\n|-heal|p2b: Urshifu|40\/100|[from] Grassy Terrain\n|-heal|p2a: Rillaboom|35\/100|[from] Grassy Terrain\n|upkeep\n|\n|t:|1701179450\n|switch|p1b: Basculegion|Basculegion, L50, M|100\/100\n|turn|9\n|\n|t:|1701179469\n|move|p2a: Rillaboom|Grassy Glide|p1b: Basculegion\n|-supereffective|p1b: Basculegion\n|-damage|p1b: Basculegion|8\/100\n|move|p1b: Basculegion|Last Respects|p2a: Rillaboom\n|-damage|p2a: Rillaboom|0 fnt\n|faint|p2a: Rillaboom\n|-damage|p1b: Basculegion|0 fnt|[from] item: Life Orb\n|faint|p1b: Basculegion\n|\n|win|Shinoz\n|raw|Masehood's rating: 1553 &rarr; <strong>1531<\/strong><br \/>(-22 for losing)\n|raw|Shinoz's rating: 1523 &rarr; <strong>1545<\/strong><br \/>(+22 for winning)\n|l|\u203dMasehood\n","uploadtime":1701179485,"views":16,"p1id":"masehood","p2id":"shinoz","formatid":"gen9vgc2023regulatione","rating":1531,"private":0,"password":""}