{"id":"gen9vgc2023regulatione-1994744422","p1":"kirbach","p2":"Kitty Carnage","format":"[Gen 9] VGC 2023 Regulation E","log":"|j|\u2606kirbach\n|j|\u2606Kitty Carnage\n|t:|1700488318\n|gametype|doubles\n|player|p1|kirbach|nurse|1127\n|player|p2|Kitty Carnage|whitney|1033\n|teamsize|p1|6\n|teamsize|p2|6\n|gen|9\n|tier|[Gen 9] VGC 2023 Regulation E\n|rated|\n|rule|Species Clause: Limit one of each Pok\u00e9mon\n|rule|Item Clause: Limit one of each item\n|clearpoke\n|poke|p1|Tyranitar, L50, F|\n|poke|p1|Sinistcha, L50|\n|poke|p1|Rillaboom, L50, F|\n|poke|p1|Arcanine-Hisui, L50, M|\n|poke|p1|Regidrago, L50|\n|poke|p1|Grimmsnarl, L50, M|\n|poke|p2|Basculegion, L50, M|\n|poke|p2|Pelipper, L50, M|\n|poke|p2|Politoed, L50, F|\n|poke|p2|Urshifu-*, L50, M|\n|poke|p2|Ogerpon-Wellspring, L50, F|\n|poke|p2|Gholdengo, L50|\n|teampreview|4\n|inactive|Battle timer is ON: inactive players will automatically lose when time's up. (requested by kirbach)\n|\n|t:|1700488342\n|start\n|switch|p1a: Rillaboom|Rillaboom, L50, F|100\/100\n|switch|p1b: Grimmsnarl|Grimmsnarl, L50, M|100\/100\n|switch|p2a: Pelipper|Pelipper, L50, M|100\/100\n|switch|p2b: Ogerpon|Ogerpon-Wellspring, L50, F|100\/100\n|-fieldstart|move: Grassy Terrain|[from] ability: Grassy Surge|[of] p1a: Rillaboom\n|-weather|RainDance|[from] ability: Drizzle|[of] p2a: Pelipper\n|turn|1\n|inactive|Kitty Carnage has 30 seconds left.\n|\n|t:|1700488374\n|move|p1a: Rillaboom|Fake Out|p2b: Ogerpon\n|-damage|p2b: Ogerpon|87\/100\n|cant|p2b: Ogerpon|flinch\n|move|p1b: Grimmsnarl|Reflect|p1b: Grimmsnarl\n|-sidestart|p1: kirbach|Reflect\n|move|p2a: Pelipper|Tailwind|p2a: Pelipper\n|-sidestart|p2: Kitty Carnage|move: Tailwind\n|\n|-weather|RainDance|[upkeep]\n|-heal|p2b: Ogerpon|93\/100|[from] Grassy Terrain\n|upkeep\n|turn|2\n|inactive|Kitty Carnage has 30 seconds left.\n|\n|t:|1700488400\n|move|p2b: Ogerpon|Follow Me|p2b: Ogerpon\n|-singleturn|p2b: Ogerpon|move: Follow Me\n|move|p1b: Grimmsnarl|Light Screen|p1b: Grimmsnarl\n|-sidestart|p1: kirbach|move: Light Screen\n|move|p2a: Pelipper|Hurricane|p1a: Rillaboom\n|-supereffective|p1a: Rillaboom\n|-damage|p1a: Rillaboom|43\/100\n|-start|p1a: Rillaboom|confusion\n|-activate|p1a: Rillaboom|confusion\n|move|p1a: Rillaboom|U-turn|p2b: Ogerpon\n|-supereffective|p2b: Ogerpon\n|-damage|p2b: Ogerpon|49\/100\n|\n|t:|1700488408\n|switch|p1a: Sinistcha|Sinistcha, L50|100\/100|[from] U-turn\n|\n|-weather|RainDance|[upkeep]\n|-heal|p2b: Ogerpon|55\/100|[from] Grassy Terrain\n|upkeep\n|turn|3\n|inactive|Kitty Carnage has 30 seconds left.\n|\n|t:|1700488441\n|-terastallize|p1a: Sinistcha|Fire\n|move|p1b: Grimmsnarl|Parting Shot|p2b: Ogerpon\n|-unboost|p2b: Ogerpon|atk|1\n|-unboost|p2b: Ogerpon|spa|1\n|\n|t:|1700488446\n|switch|p1b: Regidrago|Regidrago, L50|100\/100|[from] Parting Shot\n|move|p2b: Ogerpon|Horn Leech|p1b: Regidrago\n|-resisted|p1b: Regidrago\n|-damage|p1b: Regidrago|90\/100\n|-heal|p2b: Ogerpon|63\/100|[from] drain|[of] p1b: Regidrago\n|move|p2a: Pelipper|Hurricane|p1a: Sinistcha\n|-damage|p1a: Sinistcha|62\/100\n|-start|p1a: Sinistcha|confusion\n|-activate|p1a: Sinistcha|confusion\n|move|p1a: Sinistcha|Trick Room|p1a: Sinistcha\n|-fieldstart|move: Trick Room|[of] p1a: Sinistcha\n|\n|-weather|RainDance|[upkeep]\n|-heal|p1a: Sinistcha|68\/100|[from] Grassy Terrain\n|-heal|p1a: Sinistcha|75\/100|[from] item: Leftovers\n|-heal|p1b: Regidrago|96\/100|[from] Grassy Terrain\n|-heal|p2b: Ogerpon|69\/100|[from] Grassy Terrain\n|upkeep\n|turn|4\n|inactive|Kitty Carnage has 30 seconds left.\n|\n|t:|1700488475\n|move|p2b: Ogerpon|Spiky Shield|p2b: Ogerpon\n|-singleturn|p2b: Ogerpon|move: Protect\n|-end|p1a: Sinistcha|confusion\n|move|p1a: Sinistcha|Matcha Gotcha|p2b: Ogerpon|[spread] p2a\n|-activate|p2b: Ogerpon|move: Protect\n|-damage|p2a: Pelipper|40\/100\n|-heal|p1a: Sinistcha|99\/100|[from] drain|[of] p2a: Pelipper\n|move|p1b: Regidrago|Dragon Energy|p2a: Pelipper|[spread] p2a\n|-activate|p2b: Ogerpon|move: Protect\n|-damage|p2a: Pelipper|0 fnt\n|faint|p2a: Pelipper\n|-damage|p1b: Regidrago|86\/100|[from] item: Life Orb\n|\n|-weather|RainDance|[upkeep]\n|-heal|p1a: Sinistcha|100\/100|[from] Grassy Terrain\n|-heal|p1b: Regidrago|92\/100|[from] Grassy Terrain\n|-heal|p2b: Ogerpon|75\/100|[from] Grassy Terrain\n|-sideend|p2: Kitty Carnage|move: Tailwind\n|upkeep\n|\n|t:|1700488490\n|switch|p2a: Urshifu|Urshifu-Rapid-Strike, L50, M|100\/100\n|turn|5\n|inactive|Kitty Carnage has 30 seconds left.\n|\n|t:|1700488522\n|switch|p2b: Basculegion|Basculegion, L50, M|100\/100\n|move|p2a: Urshifu|Aqua Jet|p1b: Regidrago\n|-resisted|p1b: Regidrago\n|-damage|p1b: Regidrago|80\/100\n|move|p1a: Sinistcha|Matcha Gotcha|p2b: Basculegion|[spread] p2a,p2b\n|-supereffective|p2a: Urshifu\n|-supereffective|p2b: Basculegion\n|-damage|p2a: Urshifu|0 fnt\n|-damage|p2b: Basculegion|14\/100\n|faint|p2a: Urshifu\n|move|p1b: Regidrago|Dragon Energy|p2b: Basculegion\n|-damage|p2b: Basculegion|0 fnt\n|faint|p2b: Basculegion\n|-damage|p1b: Regidrago|71\/100|[from] item: Life Orb\n|\n|-weather|RainDance|[upkeep]\n|-heal|p1b: Regidrago|77\/100|[from] Grassy Terrain\n|-sideend|p1: kirbach|Reflect\n|-fieldend|move: Grassy Terrain\n|upkeep\n|c|\u2606Kitty Carnage|bruh\n|-message|Kitty Carnage forfeited.\n|\n|win|kirbach\n|raw|kirbach's rating: 1127 &rarr; <strong>1145<\/strong><br \/>(+18 for winning)\n|raw|Kitty Carnage's rating: 1033 &rarr; <strong>1022<\/strong><br \/>(-11 for losing)\n|l|\u2606Kitty Carnage\n|c|\u2606kirbach|xD\n","uploadtime":1700488558,"views":2,"p1id":"kirbach","p2id":"kittycarnage","formatid":"gen9vgc2023regulatione","rating":1022,"private":0,"password":""}