{"id":"gen9vgc2023regulatione-1998080367","p1":"azubbang","p2":"hangentori","format":"[Gen 9] VGC 2023 Regulation E","log":"|j|\u2606azubbang\n|j|\u2606hangentori\n|n|\u2606azubbang|azubbang\n|n|\u2606hangentori|hangentori\n|html|View the match progress at <a href=\"\/game-bestof3-gen9vgc2023regulatione-1998080366\">game-bestof3-gen9vgc2023regulatione-1998080366<\/a>\n|t:|1700888101\n|gametype|doubles\n|player|p1|azubbang|nurse|\n|player|p2|hangentori|101|\n|teamsize|p1|6\n|teamsize|p2|6\n|gen|9\n|tier|[Gen 9] VGC 2023 Regulation E\n|rule|Species Clause: Limit one of each Pok\u00e9mon\n|rule|Item Clause: Limit one of each item\n|clearpoke\n|poke|p1|Thundurus-Therian, L50, M|\n|poke|p1|Heatran, L50, M|\n|poke|p1|Roaring Moon, L50|\n|poke|p1|Ogerpon-Wellspring, L50, F|\n|poke|p1|Weezing, L50, F|\n|poke|p1|Landorus-Therian, L50, M|\n|poke|p2|Weezing, L50, M|\n|poke|p2|Roaring Moon, L50|\n|poke|p2|Chien-Pao, L50|\n|poke|p2|Dragonite, L50, F|\n|poke|p2|Chi-Yu, L50|\n|poke|p2|Flutter Mane, L50|\n|teampreview|4\nazubbang has agreed to open team sheets.\nhangentori has agreed to open team sheets.\n|showteam|p1|Thundurus-Therian||AssaultVest|VoltAbsorb|Thunderbolt,WildboltStorm,GrassKnot,VoltSwitch|||M|||50|,,,,,Steel]Heatran||LifeOrb|FlashFire|Protect,HeatWave,FlashCannon,EarthPower|||M|||50|,,,,,Fairy]Roaring Moon||BoosterEnergy|Protosynthesis|Protect,KnockOff,Acrobatics,Tailwind||||||50|,,,,,Flying]Ogerpon-Wellspring||WellspringMask|WaterAbsorb|SpikyShield,IvyCudgel,HornLeech,SwordsDance|||F|||50|,,,,,Water]Weezing||SitrusBerry|NeutralizingGas|Protect,GunkShot,WillOWisp,Taunt|||F|||50|,,,,,Ghost]Landorus-Therian||ChoiceBand|Intimidate|StompingTantrum,RockTomb,TeraBlast,Uturn|||M|||50|,,,,,Ground\n|showteam|p2|Weezing||Leftovers|NeutralizingGas|Taunt,WillOWisp,Protect,SludgeBomb|||M|||50|,,,,,Ghost]Roaring Moon||BoosterEnergy|Protosynthesis|Tailwind,BreakingSwipe,KnockOff,Protect||||||50|,,,,,Poison]Chien-Pao||FocusSash|SwordofRuin|IcicleCrash,SuckerPunch,Protect,SacredSword||||||50|,,,,,Ghost]Dragonite||ChoiceBand|InnerFocus|ExtremeSpeed,Outrage,IronHead,StompingTantrum|||F|||50|,,,,,Normal]Chi-Yu||ChoiceSpecs|BeadsofRuin|HeatWave,Overheat,DarkPulse,Snarl||||||50|,,,,,Ghost]Flutter Mane||FairyFeather|Protosynthesis|Moonblast,DazzlingGleam,ShadowBall,Protect||||||50|,,,,,Fairy\n|c|\u2606azubbang|glhf\n|c|\u2606hangentori|glhf\n|\n|t:|1700888153\n|start\n|switch|p1a: Landorus|Landorus-Therian, L50, M|100\/100\n|switch|p1b: Roaring Moon|Roaring Moon, L50|100\/100\n|switch|p2a: Roaring Moon|Roaring Moon, L50|100\/100\n|switch|p2b: Chien-Pao|Chien-Pao, L50|100\/100\n|-ability|p2b: Chien-Pao|Sword of Ruin\n|-ability|p1a: Landorus|Intimidate|boost\n|-unboost|p2a: Roaring Moon|atk|1\n|-unboost|p2b: Chien-Pao|atk|1\n|-enditem|p1b: Roaring Moon|Booster Energy\n|-activate|p1b: Roaring Moon|ability: Protosynthesis|[fromitem]\n|-start|p1b: Roaring Moon|protosynthesisspe\n|-enditem|p2a: Roaring Moon|Booster Energy\n|-activate|p2a: Roaring Moon|ability: Protosynthesis|[fromitem]\n|-start|p2a: Roaring Moon|protosynthesisspe\n|turn|1\n|\n|t:|1700888205\n|move|p1b: Roaring Moon|Tailwind|p1b: Roaring Moon\n|-sidestart|p1: azubbang|move: Tailwind\n|move|p1a: Landorus|U-turn|p2b: Chien-Pao\n|-supereffective|p2b: Chien-Pao\n|-enditem|p2b: Chien-Pao|Focus Sash\n|-damage|p2b: Chien-Pao|1\/100\n|\n|t:|1700888211\n|switch|p1a: Heatran|Heatran, L50, M|100\/100|[from] U-turn\n|move|p2a: Roaring Moon|Tailwind|p2a: Roaring Moon\n|-sidestart|p2: hangentori|move: Tailwind\n|move|p2b: Chien-Pao|Icicle Crash|p1b: Roaring Moon\n|-supereffective|p1b: Roaring Moon\n|-damage|p1b: Roaring Moon|3\/100\n|\n|upkeep\n|turn|2\n|\n|t:|1700888267\n|move|p1b: Roaring Moon|Knock Off|p2b: Chien-Pao\n|-resisted|p2b: Chien-Pao\n|-damage|p2b: Chien-Pao|0 fnt\n|faint|p2b: Chien-Pao\n|move|p2a: Roaring Moon|Knock Off|p1a: Heatran\n|-damage|p1a: Heatran|71\/100\n|-enditem|p1a: Heatran|Life Orb|[from] move: Knock Off|[of] p2a: Roaring Moon\n|move|p1a: Heatran|Heat Wave|p2a: Roaring Moon\n|-resisted|p2a: Roaring Moon\n|-damage|p2a: Roaring Moon|78\/100\n|\n|upkeep\n|\n|t:|1700888286\n|switch|p2b: Dragonite|Dragonite, L50, F|100\/100\n|turn|3\n|\n|t:|1700888338\n|move|p1b: Roaring Moon|Knock Off|p2b: Dragonite\n|-damage|p2b: Dragonite|53\/100\n|-enditem|p2b: Dragonite|Choice Band|[from] move: Knock Off|[of] p1b: Roaring Moon\n|move|p2a: Roaring Moon|Breaking Swipe|p1b: Roaring Moon|[spread] p1a,p1b\n|-resisted|p1a: Heatran\n|-supereffective|p1b: Roaring Moon\n|-damage|p1a: Heatran|65\/100\n|-damage|p1b: Roaring Moon|0 fnt\n|-unboost|p1a: Heatran|atk|1\n|faint|p1b: Roaring Moon\n|-end|p1b: Roaring Moon|Protosynthesis|[silent]\n|move|p1a: Heatran|Heat Wave|p2b: Dragonite|[spread] p2a,p2b\n|-resisted|p2a: Roaring Moon\n|-resisted|p2b: Dragonite\n|-crit|p2b: Dragonite\n|-damage|p2a: Roaring Moon|61\/100\n|-damage|p2b: Dragonite|27\/100\n|move|p2b: Dragonite|Iron Head|p1a: Heatran\n|-resisted|p1a: Heatran\n|-damage|p1a: Heatran|59\/100\n|\n|upkeep\n|\n|t:|1700888372\n|switch|p1b: Landorus|Landorus-Therian, L50, M|100\/100\n|-ability|p1b: Landorus|Intimidate|boost\n|-unboost|p2a: Roaring Moon|atk|1\n|-fail|p2b: Dragonite|unboost|Attack|[from] ability: Inner Focus|[of] p2b: Dragonite\n|turn|4\n|\n|t:|1700888399\n|move|p2b: Dragonite|Extreme Speed|p1b: Landorus\n|-damage|p1b: Landorus|66\/100\n|move|p2a: Roaring Moon|Knock Off|p1b: Landorus\n|-damage|p1b: Landorus|37\/100\n|-enditem|p1b: Landorus|Choice Band|[from] move: Knock Off|[of] p2a: Roaring Moon\n|move|p1b: Landorus|Rock Tomb|p2b: Dragonite\n|-supereffective|p2b: Dragonite\n|-damage|p2b: Dragonite|0 fnt\n|faint|p2b: Dragonite\n|move|p1a: Heatran|Flash Cannon|p2a: Roaring Moon\n|-damage|p2a: Roaring Moon|25\/100\n|\n|-sideend|p2: hangentori|move: Tailwind\n|-sideend|p1: azubbang|move: Tailwind\n|upkeep\n|\n|t:|1700888412\n|switch|p2b: Flutter Mane|Flutter Mane, L50|100\/100\n|turn|5\n|\n|t:|1700888450\n|move|p2a: Roaring Moon|Knock Off|p1b: Landorus\n|-damage|p1b: Landorus|17\/100\n|move|p2b: Flutter Mane|Shadow Ball|p1a: Heatran\n|-damage|p1a: Heatran|30\/100\n|move|p1b: Landorus|Rock Tomb|p2b: Flutter Mane\n|-damage|p2b: Flutter Mane|60\/100\n|-unboost|p2b: Flutter Mane|spe|1\n|move|p1a: Heatran|Flash Cannon|p2b: Flutter Mane\n|-supereffective|p2b: Flutter Mane\n|-damage|p2b: Flutter Mane|0 fnt\n|faint|p2b: Flutter Mane\n|-end|p2b: Flutter Mane|Protosynthesis|[silent]\n|\n|upkeep\n|turn|6\n|-message|hangentori forfeited.\n|\n|win|azubbang\n|c|\u2606hangentori|gg\n|c|\u2606azubbang|gg\n|c|&|\/uhtml prompt-hangentori,hangentori is ready for game 2!\n|c|&|\/uhtml prompt-azubbang,azubbang is ready for game 2!\nBoth players are ready! Starting next match!\n|l|\u2606azubbang\n|j|\u2606azubbang\n|player|p1|azubbang|nurse\n","uploadtime":1700889288,"views":3,"p1id":"azubbang","p2id":"hangentori","formatid":"gen9vgc2023regulatione","rating":0,"private":0,"password":""}