{"id":"gen9vgc2023regulatione-1998830082","p1":"statusqo","p2":"Jaacckk","format":"[Gen 9] VGC 2023 Regulation E","log":"|j|\u2606statusqo\n|j|\u2606Jaacckk\n|t:|1700999355\n|gametype|doubles\n|player|p1|statusqo|265|1141\n|player|p2|Jaacckk|fantina|1067\n|teamsize|p1|6\n|teamsize|p2|6\n|gen|9\n|tier|[Gen 9] VGC 2023 Regulation E\n|rated|\n|rule|Species Clause: Limit one of each Pok\u00e9mon\n|rule|Item Clause: Limit one of each item\n|clearpoke\n|poke|p1|Annihilape, L50, M|\n|poke|p1|Iron Bundle, L50|\n|poke|p1|Iron Hands, L50|\n|poke|p1|Rillaboom, L50, F|\n|poke|p1|Staraptor, L50, F|\n|poke|p1|Gholdengo, L50|\n|poke|p2|Moltres-Galar, L50|\n|poke|p2|Grimmsnarl, L50, M|\n|poke|p2|Sinistcha, L50|\n|poke|p2|Arcanine-Hisui, L50, M|\n|poke|p2|Milotic, L50, M|\n|poke|p2|Annihilape, L50, M|\n|teampreview|4\n|inactive|Battle timer is ON: inactive players will automatically lose when time's up. (requested by Jaacckk)\n|inactive|statusqo has 60 seconds left.\n|inactive|Jaacckk has 60 seconds left.\n|\n|t:|1700999392\n|start\n|switch|p1a: Gholdengo|Gholdengo, L50|100\/100\n|switch|p1b: Iron Bundle|Iron Bundle, L50|100\/100\n|switch|p2a: Grimmsnarl|Grimmsnarl, L50, M|100\/100\n|switch|p2b: Moltres|Moltres-Galar, L50|100\/100\n|-enditem|p1b: Iron Bundle|Booster Energy\n|-activate|p1b: Iron Bundle|ability: Quark Drive|[fromitem]\n|-start|p1b: Iron Bundle|quarkdrivespe\n|turn|1\n|inactive|statusqo has 30 seconds left.\n|inactive|statusqo has 20 seconds left.\n|\n|t:|1700999427\n|move|p2b: Moltres|Protect|p2b: Moltres\n|-singleturn|p2b: Moltres|Protect\n|move|p2a: Grimmsnarl|Light Screen|p2a: Grimmsnarl\n|-sidestart|p2: Jaacckk|move: Light Screen\n|move|p1b: Iron Bundle|Icy Wind|p2b: Moltres|[spread] p2a\n|-activate|p2b: Moltres|move: Protect\n|-damage|p2a: Grimmsnarl|87\/100\n|-unboost|p2a: Grimmsnarl|spe|1\n|move|p1a: Gholdengo|Nasty Plot|p1a: Gholdengo\n|-boost|p1a: Gholdengo|spa|2\n|\n|upkeep\n|turn|2\n|inactive|Jaacckk has 30 seconds left.\n|\n|t:|1700999459\n|move|p2a: Grimmsnarl|Reflect|p2a: Grimmsnarl\n|-sidestart|p2: Jaacckk|Reflect\n|move|p1b: Iron Bundle|Encore|p2b: Moltres\n|-start|p2b: Moltres|Encore\n|move|p2b: Moltres|Protect||[still]\n|-fail|p2b: Moltres\n|move|p1a: Gholdengo|Nasty Plot|p1a: Gholdengo\n|-boost|p1a: Gholdengo|spa|2\n|\n|upkeep\n|turn|3\n|inactive|statusqo has 30 seconds left.\n|inactive|Jaacckk has 30 seconds left.\n|inactive|statusqo has 20 seconds left.\n|inactive|statusqo has 15 seconds left.\n|\n|t:|1700999500\n|switch|p2b: Arcanine|Arcanine-Hisui, L50, M|100\/100\n|-ability|p2b: Arcanine|Intimidate|boost\n|-unboost|p1a: Gholdengo|atk|1\n|-unboost|p1b: Iron Bundle|atk|1\n|move|p2a: Grimmsnarl|Parting Shot|p1b: Iron Bundle\n|-unboost|p1b: Iron Bundle|atk|1\n|-unboost|p1b: Iron Bundle|spa|1\n|\n|t:|1700999509\n|switch|p2a: Moltres|Moltres-Galar, L50|100\/100|[from] Parting Shot\n|move|p1b: Iron Bundle|Encore||[still]\n|-fail|p1b: Iron Bundle\n|move|p1a: Gholdengo|Nasty Plot|p1a: Gholdengo\n|-boost|p1a: Gholdengo|spa|2\n|\n|upkeep\n|turn|4\n|inactive|statusqo has 30 seconds left.\n|\n|t:|1700999535\n|-terastallize|p1a: Gholdengo|Dragon\n|move|p1b: Iron Bundle|Hydro Pump|p2b: Arcanine\n|-supereffective|p2b: Arcanine\n|-damage|p2b: Arcanine|19\/100\n|move|p2b: Arcanine|Flare Blitz|p1a: Gholdengo\n|-resisted|p1a: Gholdengo\n|-damage|p1a: Gholdengo|75\/100\n|-damage|p2b: Arcanine|10\/100|[from] Recoil\n|move|p2a: Moltres|Fiery Wrath|p1a: Gholdengo|[spread] p1a,p1b\n|-damage|p1a: Gholdengo|50\/100\n|-damage|p1b: Iron Bundle|52\/100\n|move|p1a: Gholdengo|Make It Rain|p2a: Moltres|[spread] p2a,p2b\n|-damage|p2a: Moltres|10\/100\n|-damage|p2b: Arcanine|0 fnt\n|-unboost|p1a: Gholdengo|spa|1\n|faint|p2b: Arcanine\n|-ability|p2a: Moltres|Berserk|boost\n|-boost|p2a: Moltres|spa|1\n|-enditem|p2a: Moltres|Sitrus Berry|[eat]\n|-heal|p2a: Moltres|35\/100|[from] item: Sitrus Berry\n|\n|-heal|p1a: Gholdengo|56\/100|[from] item: Leftovers\n|upkeep\n|\n|t:|1700999553\n|switch|p2b: Sinistcha|Sinistcha, L50|100\/100\n|-heal|p2a: Moltres|60\/100|[from] ability: Hospitality|[of] p2b: Sinistcha\n|turn|5\n|\n|t:|1700999571\n|move|p2b: Sinistcha|Rage Powder|p2b: Sinistcha\n|-singleturn|p2b: Sinistcha|move: Rage Powder\n|move|p1b: Iron Bundle|Icy Wind|p2b: Sinistcha|[spread] p2a,p2b\n|-supereffective|p2a: Moltres\n|-supereffective|p2b: Sinistcha\n|-damage|p2a: Moltres|46\/100\n|-damage|p2b: Sinistcha|85\/100\n|-unboost|p2a: Moltres|spe|1\n|-unboost|p2b: Sinistcha|spe|1\n|-ability|p2a: Moltres|Berserk|boost\n|-boost|p2a: Moltres|spa|1\n|move|p1a: Gholdengo|Make It Rain|p2a: Moltres|[spread] p2a,p2b\n|-damage|p2a: Moltres|0 fnt\n|-damage|p2b: Sinistcha|0 fnt\n|-unboost|p1a: Gholdengo|spa|1\n|faint|p2a: Moltres\n|faint|p2b: Sinistcha\n|\n|-heal|p1a: Gholdengo|62\/100|[from] item: Leftovers\n|upkeep\n|-message|Jaacckk forfeited.\n|\n|win|statusqo\n|raw|statusqo's rating: 1141 &rarr; <strong>1161<\/strong><br \/>(+20 for winning)\n|raw|Jaacckk's rating: 1067 &rarr; <strong>1051<\/strong><br \/>(-16 for losing)\n|l|\u2606Jaacckk\n","uploadtime":1700999590,"views":6,"p1id":"statusqo","p2id":"jaacckk","formatid":"gen9vgc2023regulatione","rating":1051,"private":0,"password":""}