{"id":"gen9vgc2023regulatione-1990044395","p1":"niubmaccioz","p2":"Yojohanpop","format":"[Gen 9] VGC 2023 Regulation E","log":"|j|\u2606niubmaccioz\n|j|\u2606Yojohanpop\n|t:|1699918560\n|gametype|doubles\n|player|p1|niubmaccioz|266|1284\n|player|p2|Yojohanpop|ghetsis|1316\n|teamsize|p1|6\n|teamsize|p2|6\n|gen|9\n|tier|[Gen 9] VGC 2023 Regulation E\n|rated|\n|rule|Species Clause: Limit one of each Pok\u00e9mon\n|rule|Item Clause: Limit one of each item\n|clearpoke\n|poke|p1|Muk-Alola, L50, F|\n|poke|p1|Arbok, L50, M|\n|poke|p1|Azumarill, L50, M|\n|poke|p1|Rillaboom, L50, M|\n|poke|p1|Flutter Mane, L50|\n|poke|p1|Clefairy, L50, F|\n|poke|p2|Indeedee-F, L50, F|\n|poke|p2|Armarouge, L50, M|\n|poke|p2|Chien-Pao, L50|\n|poke|p2|Dragonite, L50, M|\n|poke|p2|Sinistcha-Masterpiece, L50|\n|poke|p2|Ogerpon-Wellspring, L50, F|\n|teampreview|4\n|\n|t:|1699918594\n|start\n|switch|p1a: Muk|Muk-Alola, L50, F|100\/100\n|switch|p1b: Clefairy|Clefairy, L50, F|100\/100\n|switch|p2a: Indeedee|Indeedee-F, L50, F|100\/100\n|switch|p2b: Armarouge|Armarouge, L50, M|100\/100\n|-fieldstart|move: Psychic Terrain|[from] ability: Psychic Surge|[of] p2a: Indeedee\n|turn|1\n|\n|t:|1699918614\n|switch|p1b: Rillaboom|Rillaboom, L50, M|100\/100\n|-fieldstart|move: Grassy Terrain|[from] ability: Grassy Surge|[of] p1b: Rillaboom\n|move|p2a: Indeedee|Follow Me|p2a: Indeedee\n|-singleturn|p2a: Indeedee|move: Follow Me\n|move|p1a: Muk|Minimize|p1a: Muk\n|-boost|p1a: Muk|evasion|2\n|move|p2b: Armarouge|Trick Room|p2b: Armarouge\n|-fieldstart|move: Trick Room|[of] p2b: Armarouge\n|\n|upkeep\n|turn|2\n|\n|t:|1699918632\n|switch|p2a: Chien-Pao|Chien-Pao, L50|100\/100\n|-ability|p2a: Chien-Pao|Sword of Ruin\n|move|p1b: Rillaboom|Fake Out|p2b: Armarouge\n|-damage|p2b: Armarouge|80\/100\n|move|p1a: Muk|Minimize|p1a: Muk\n|-boost|p1a: Muk|evasion|2\n|cant|p2b: Armarouge|flinch\n|\n|-heal|p2b: Armarouge|86\/100|[from] Grassy Terrain\n|upkeep\n|turn|3\n|\n|t:|1699918647\n|switch|p1b: Azumarill|Azumarill, L50, M|100\/100\n|move|p1a: Muk|Protect|p1a: Muk\n|-singleturn|p1a: Muk|Protect\n|move|p2b: Armarouge|Armor Cannon|p1a: Muk\n|-activate|p1a: Muk|move: Protect\n|move|p2a: Chien-Pao|Ice Spinner|p1b: Azumarill\n|-resisted|p1b: Azumarill\n|-damage|p1b: Azumarill|74\/100\n|-fieldend|move: Grassy Terrain\n|\n|upkeep\n|turn|4\n|\n|t:|1699918682\n|-terastallize|p1a: Muk|Flying\n|move|p2a: Chien-Pao|Protect|p2a: Chien-Pao\n|-singleturn|p2a: Chien-Pao|Protect\n|move|p1b: Azumarill|Play Rough|p2a: Chien-Pao\n|-activate|p2a: Chien-Pao|move: Protect\n|move|p1a: Muk|Stone Edge|p2b: Armarouge\n|-supereffective|p2b: Armarouge\n|-damage|p2b: Armarouge|8\/100\n|move|p2b: Armarouge|Expanding Force|p1b: Azumarill\n|-damage|p1b: Azumarill|21\/100\n|\n|upkeep\n|turn|5\n|\n|t:|1699918706\n|switch|p2a: Sinistcha|Sinistcha-Masterpiece, L50|100\/100\n|-heal|p2b: Armarouge|33\/100|[from] ability: Hospitality|[of] p2a: Sinistcha\n|move|p1b: Azumarill|Liquidation|p2b: Armarouge\n|-supereffective|p2b: Armarouge\n|-damage|p2b: Armarouge|0 fnt\n|faint|p2b: Armarouge\n|-damage|p1b: Azumarill|12\/100|[from] item: Life Orb\n|move|p1a: Muk|Drain Punch|p2a: Sinistcha\n|-immune|p2a: Sinistcha\n|\n|-fieldend|move: Trick Room\n|upkeep\n|\n|t:|1699918721\n|switch|p2b: Chien-Pao|Chien-Pao, L50|100\/100\n|-ability|p2b: Chien-Pao|Sword of Ruin\n|turn|6\n|\n|t:|1699918731\n|move|p2b: Chien-Pao|Ice Spinner|p1a: Muk|[miss]\n|-miss|p2b: Chien-Pao|p1a: Muk\n|move|p2a: Sinistcha|Matcha Gotcha|p1a: Muk|[spread] p1a,p1b\n|-resisted|p1a: Muk\n|-supereffective|p1b: Azumarill\n|-damage|p1a: Muk|91\/100\n|-damage|p1b: Azumarill|0 fnt\n|faint|p1b: Azumarill\n|-ability|p1a: Muk|Huge Power|[from] ability: Power of Alchemy|[of] p1b: Azumarill\n|move|p1a: Muk|Minimize|p1a: Muk\n|-boost|p1a: Muk|evasion|2\n|\n|-heal|p1a: Muk|97\/100|[from] item: Leftovers\n|upkeep\n|\n|t:|1699918745\n|switch|p1b: Clefairy|Clefairy, L50, F|100\/100\n|turn|7\n|\n|t:|1699918766\n|move|p1b: Clefairy|Follow Me|p1b: Clefairy\n|-singleturn|p1b: Clefairy|move: Follow Me\n|move|p2b: Chien-Pao|Ice Spinner|p1b: Clefairy\n|-damage|p1b: Clefairy|42\/100\n|move|p2a: Sinistcha|Matcha Gotcha|p1a: Muk|[spread] p1b\n|-miss|p2a: Sinistcha|p1a: Muk\n|-damage|p1b: Clefairy|27\/100\n|move|p1a: Muk|Drain Punch|p2b: Chien-Pao\n|-supereffective|p2b: Chien-Pao\n|-enditem|p2b: Chien-Pao|Focus Sash\n|-damage|p2b: Chien-Pao|1\/100\n|-heal|p1a: Muk|100\/100|[from] drain|[of] p2b: Chien-Pao\n|\n|upkeep\n|turn|8\n|\n|t:|1699918791\n|move|p1b: Clefairy|Protect|p1b: Clefairy\n|-singleturn|p1b: Clefairy|Protect\n|move|p2a: Sinistcha|Rage Powder|p2a: Sinistcha\n|-singleturn|p2a: Sinistcha|move: Rage Powder\n|move|p2b: Chien-Pao|Ice Spinner|p1b: Clefairy\n|-activate|p1b: Clefairy|move: Protect\n|move|p1a: Muk|Stone Edge|p2a: Sinistcha\n|-damage|p2a: Sinistcha|41\/100\n|-enditem|p2a: Sinistcha|Sitrus Berry|[eat]\n|-heal|p2a: Sinistcha|66\/100|[from] item: Sitrus Berry\n|\n|upkeep\n|turn|9\n|\n|t:|1699918816\n|move|p2a: Sinistcha|Rage Powder|p2a: Sinistcha\n|-singleturn|p2a: Sinistcha|move: Rage Powder\n|move|p2b: Chien-Pao|Ice Spinner|p1b: Clefairy\n|-damage|p1b: Clefairy|0 fnt\n|faint|p1b: Clefairy\n|move|p1a: Muk|Stone Edge|p2a: Sinistcha\n|-damage|p2a: Sinistcha|10\/100\n|\n|upkeep\n|\n|t:|1699918823\n|switch|p1b: Rillaboom|Rillaboom, L50, M|100\/100\n|-fieldstart|move: Grassy Terrain|[from] ability: Grassy Surge|[of] p1b: Rillaboom\n|turn|10\n|inactive|Battle timer is ON: inactive players will automatically lose when time's up. (requested by Yojohanpop)\n|\n|t:|1699918852\n|move|p2b: Chien-Pao|Protect|p2b: Chien-Pao\n|-singleturn|p2b: Chien-Pao|Protect\n|move|p1b: Rillaboom|Fake Out|p2b: Chien-Pao\n|-activate|p2b: Chien-Pao|move: Protect\n|move|p2a: Sinistcha|Life Dew|p2a: Sinistcha|[spread] p2a,p2b\n|-heal|p2a: Sinistcha|35\/100\n|-heal|p2b: Chien-Pao|26\/100\n|move|p1a: Muk|Stone Edge|p2b: Chien-Pao\n|-activate|p2b: Chien-Pao|move: Protect\n|\n|-heal|p2b: Chien-Pao|32\/100|[from] Grassy Terrain\n|-heal|p2a: Sinistcha|41\/100|[from] Grassy Terrain\n|upkeep\n|turn|11\n|\n|t:|1699918870\n|move|p2a: Sinistcha|Rage Powder|p2a: Sinistcha\n|-singleturn|p2a: Sinistcha|move: Rage Powder\n|move|p1b: Rillaboom|Grassy Glide|p2b: Chien-Pao\n|-damage|p2b: Chien-Pao|0 fnt\n|faint|p2b: Chien-Pao\n|move|p1a: Muk|Stone Edge|p2a: Sinistcha\n|-damage|p2a: Sinistcha|0 fnt\n|faint|p2a: Sinistcha\n|\n|upkeep\n|\n|t:|1699918880\n|switch|p2b: Indeedee|Indeedee-F, L50, F|100\/100\n|-fieldstart|move: Psychic Terrain|[from] ability: Psychic Surge|[of] p2b: Indeedee\n|turn|12\n|\n|t:|1699918888\n|move|p1b: Rillaboom|Wood Hammer|p2b: Indeedee\n|-damage|p2b: Indeedee|27\/100\n|-damage|p1b: Rillaboom|84\/100|[from] item: Rocky Helmet|[of] p2b: Indeedee\n|-damage|p1b: Rillaboom|64\/100|[from] Recoil\n|move|p2b: Indeedee|Psychic|p1a: Muk|[miss]\n|-miss|p2b: Indeedee|p1a: Muk\n|move|p1a: Muk|Drain Punch|p2b: Indeedee\n|-damage|p2b: Indeedee|0 fnt\n|-damage|p1a: Muk|84\/100|[from] item: Rocky Helmet|[of] p2b: Indeedee\n|faint|p2b: Indeedee\n|\n|win|niubmaccioz\n|raw|niubmaccioz's rating: 1284 &rarr; <strong>1311<\/strong><br \/>(+27 for winning)\n|raw|Yojohanpop's rating: 1316 &rarr; <strong>1294<\/strong><br \/>(-22 for losing)\n|l|\u2606Yojohanpop\n","uploadtime":1699918913,"views":25,"p1id":"niubmaccioz","p2id":"yojohanpop","formatid":"gen9vgc2023regulatione","rating":1294,"private":0,"password":""}