{"id":"gen9vgc2023regulatione-1995245810","p1":"leafyarrow","p2":"fudii","format":"[Gen 9] VGC 2023 Regulation E","log":"|j|\u2606leafyarrow\n|j|\u2606fudii\n|t:|1700539526\n|gametype|doubles\n|player|p1|leafyarrow|selene|1251\n|player|p2|fudii|elesa|1259\n|teamsize|p1|6\n|teamsize|p2|6\n|gen|9\n|tier|[Gen 9] VGC 2023 Regulation E\n|rated|\n|rule|Species Clause: Limit one of each Pok\u00e9mon\n|rule|Item Clause: Limit one of each item\n|clearpoke\n|poke|p1|Enamorus-Therian, L50, F|\n|poke|p1|Ursaluna, L50, M|\n|poke|p1|Indeedee-F, L50, F|\n|poke|p1|Armarouge, L50, M|\n|poke|p1|Gallade, L50, M|\n|poke|p1|Staraptor, L50, M|\n|poke|p2|Flutter Mane, L50|\n|poke|p2|Urshifu-*, L50, F|\n|poke|p2|Ogerpon-Wellspring, L50, F|\n|poke|p2|Iron Hands, L50|\n|poke|p2|Landorus, L50, M|\n|poke|p2|Arcanine-Hisui, L50, F|\n|teampreview|4\nleafyarrow has agreed to open team sheets.\n|inactive|Battle timer is ON: inactive players will automatically lose when time's up. (requested by fudii)\n|\n|t:|1700539586\n|start\n|switch|p1a: Indeedee|Indeedee-F, L50, F|100\/100\n|switch|p1b: Gallade|Gallade, L50, M|100\/100\n|switch|p2a: Flutter Mane|Flutter Mane, L50|100\/100\n|switch|p2b: Urshifu|Urshifu, L50, F|100\/100\n|-fieldstart|move: Psychic Terrain|[from] ability: Psychic Surge|[of] p1a: Indeedee\n|-enditem|p1a: Indeedee|Psychic Seed\n|-boost|p1a: Indeedee|spd|1|[from] item: Psychic Seed\n|-enditem|p2a: Flutter Mane|Booster Energy\n|-activate|p2a: Flutter Mane|ability: Protosynthesis|[fromitem]\n|-start|p2a: Flutter Mane|protosynthesisspe\n|turn|1\n|\n|t:|1700539606\n|-terastallize|p1a: Indeedee|Fairy\n|move|p1a: Indeedee|Follow Me|p1a: Indeedee\n|-singleturn|p1a: Indeedee|move: Follow Me\n|move|p2a: Flutter Mane|Icy Wind|p1b: Gallade|[spread] p1a,p1b\n|-damage|p1a: Indeedee|92\/100\n|-damage|p1b: Gallade|89\/100\n|-unboost|p1a: Indeedee|spe|1\n|move|p2b: Urshifu|Wicked Blow|p1a: Indeedee\n|-resisted|p1a: Indeedee\n|-crit|p1a: Indeedee\n|-damage|p1a: Indeedee|62\/100\n|move|p1b: Gallade|Trick Room|p1b: Gallade\n|-fieldstart|move: Trick Room|[of] p1b: Gallade\n|\n|upkeep\n|turn|2\n|inactive|leafyarrow has 30 seconds left.\n|inactive|fudii has 30 seconds left.\n|inactive|leafyarrow has 20 seconds left.\n|\n|t:|1700539641\n|move|p1a: Indeedee|Follow Me|p1a: Indeedee\n|-singleturn|p1a: Indeedee|move: Follow Me\n|move|p1b: Gallade|Sacred Sword|p2b: Urshifu\n|-supereffective|p2b: Urshifu\n|-enditem|p2b: Urshifu|Focus Sash\n|-damage|p2b: Urshifu|1\/100\n|move|p2b: Urshifu|Wicked Blow|p1a: Indeedee\n|-resisted|p1a: Indeedee\n|-crit|p1a: Indeedee\n|-damage|p1a: Indeedee|33\/100\n|move|p2a: Flutter Mane|Moonblast|p1a: Indeedee\n|-damage|p1a: Indeedee|5\/100\n|\n|upkeep\n|turn|3\n|inactive|fudii has 30 seconds left.\n|inactive|fudii has 20 seconds left.\n|inactive|fudii has 15 seconds left.\n|inactive|fudii has 10 seconds left.\n|inactive|fudii has 5 seconds left.\n|\n|t:|1700539696\n|move|p1a: Indeedee|Dazzling Gleam|p2b: Urshifu|[spread] p2a,p2b\n|-supereffective|p2b: Urshifu\n|-damage|p2a: Flutter Mane|83\/100\n|-damage|p2b: Urshifu|0 fnt\n|faint|p2b: Urshifu\n|move|p1b: Gallade|Psycho Cut|p2a: Flutter Mane\n|-damage|p2a: Flutter Mane|0 fnt\n|faint|p2a: Flutter Mane\n|-end|p2a: Flutter Mane|Protosynthesis|[silent]\n|\n|upkeep\n|\n|t:|1700539705\n|switch|p2b: Landorus|Landorus, L50, M|100\/100\n|switch|p2a: Iron Hands|Iron Hands, L50|100\/100\n|turn|4\n|inactive|fudii has 30 seconds left.\n|\n|t:|1700539740\n|move|p1a: Indeedee|Helping Hand|p1b: Gallade\n|-singleturn|p1b: Gallade|Helping Hand|[of] p1a: Indeedee\n|move|p2a: Iron Hands|Drain Punch|p1b: Gallade\n|-resisted|p1b: Gallade\n|-damage|p1b: Gallade|58\/100\n|move|p1b: Gallade|Psycho Cut|p2a: Iron Hands\n|-supereffective|p2a: Iron Hands\n|-damage|p2a: Iron Hands|0 fnt\n|faint|p2a: Iron Hands\n|-end|p2a: Iron Hands|Quark Drive|[silent]\n|move|p2b: Landorus|Earth Power|p1b: Gallade\n|-crit|p1b: Gallade\n|-damage|p1b: Gallade|0 fnt\n|faint|p1b: Gallade\n|\n|upkeep\n|\n|t:|1700539756\n|switch|p1b: Ursaluna|Ursaluna, L50, M|100\/100\n|turn|5\n|\n|t:|1700539766\n|switch|p1a: Enamorus|Enamorus-Therian, L50, F|100\/100\n|move|p1b: Ursaluna|Protect|p1b: Ursaluna\n|-singleturn|p1b: Ursaluna|Protect\n|move|p2b: Landorus|Protect||[still]\n|-fail|p2b: Landorus\n|\n|-fieldend|move: Trick Room\n|-fieldend|move: Psychic Terrain\n|-status|p1b: Ursaluna|brn|[from] item: Flame Orb\n|upkeep\n|turn|6\n|\n|t:|1700539783\n|-terastallize|p2b: Landorus|Poison\n|move|p2b: Landorus|Sludge Bomb|p1b: Ursaluna\n|-resisted|p1b: Ursaluna\n|-damage|p1b: Ursaluna|69\/100 brn\n|move|p1b: Ursaluna|Facade|p2b: Landorus\n|-damage|p2b: Landorus|0 fnt\n|faint|p2b: Landorus\n|\n|win|leafyarrow\n|raw|leafyarrow's rating: 1251 &rarr; <strong>1277<\/strong><br \/>(+26 for winning)\n|raw|fudii's rating: 1259 &rarr; <strong>1233<\/strong><br \/>(-26 for losing)\n|l|\u2606fudii\n","uploadtime":1700539794,"views":17,"p1id":"leafyarrow","p2id":"fudii","formatid":"gen9vgc2023regulatione","rating":1233,"private":0,"password":""}