{"id":"gen9vgc2023regulatione-1996902088","p1":"Rokhy","p2":"Hao_poke","format":"[Gen 9] VGC 2023 Regulation E","log":"|j|\u203dRokhy\n|j|\u2606Hao_poke\n|t:|1700742576\n|gametype|doubles\n|player|p1|Rokhy|2|1313\n|player|p2|Hao_poke|101|1449\n|teamsize|p1|6\n|teamsize|p2|6\n|gen|9\n|tier|[Gen 9] VGC 2023 Regulation E\n|rated|\n|rule|Species Clause: Limit one of each Pok\u00e9mon\n|rule|Item Clause: Limit one of each item\n|clearpoke\n|poke|p1|Tyranitar, L50, M|\n|poke|p1|Roaring Moon, L50|\n|poke|p1|Milotic, L50, M|\n|poke|p1|Glimmora, L50, M|\n|poke|p1|Ceruledge, L50, F|\n|poke|p1|Corviknight, L50, M|\n|poke|p2|Torkoal, L50, M|\n|poke|p2|Iron Hands, L50|\n|poke|p2|Urshifu-*, L50, F|\n|poke|p2|Farigiraf, L50, F|\n|poke|p2|Amoonguss, L50, F|\n|poke|p2|Ursaluna-Bloodmoon, L50, M|\n|teampreview|4\n|l|\u203dRokhy\n|player|p1|\n|j|\u203dRokhy\n|player|p1|Rokhy|2\n|n|\u203dRokhy|rokhy\n|\n|t:|1700742645\n|start\n|switch|p1a: Glimmora|Glimmora, L50, M, shiny|100\/100\n|switch|p1b: Ceruledge|Ceruledge, L50, F, shiny|100\/100\n|switch|p2a: Farigiraf|Farigiraf, L50, F|100\/100\n|switch|p2b: Iron Hands|Iron Hands, L50|100\/100\n|turn|1\n|\n|t:|1700742661\n|-terastallize|p2b: Iron Hands|Steel\n|move|p1a: Glimmora|Spiky Shield|p1a: Glimmora\n|-singleturn|p1a: Glimmora|move: Protect\n|move|p2b: Iron Hands|Fake Out|p1a: Glimmora\n|-activate|p1a: Glimmora|move: Protect\n|-damage|p2b: Iron Hands|88\/100|[from] Spiky Shield|[of] p1a: Glimmora\n|move|p1b: Ceruledge|Will-O-Wisp|p2b: Iron Hands\n|-status|p2b: Iron Hands|brn\n|move|p2a: Farigiraf|Trick Room|p2a: Farigiraf\n|-fieldstart|move: Trick Room|[of] p2a: Farigiraf\n|\n|-damage|p2b: Iron Hands|82\/100 brn|[from] brn\n|upkeep\n|turn|2\n|\n|t:|1700742684\n|move|p2b: Iron Hands|Drain Punch|p1a: Glimmora\n|-damage|p1a: Glimmora|72\/100\n|-heal|p2b: Iron Hands|91\/100 brn|[from] drain|[of] p1a: Glimmora\n|-activate|p1a: Glimmora|ability: Toxic Debris\n|-sidestart|p2: Hao_poke|move: Toxic Spikes\n|move|p2a: Farigiraf|Hyper Voice|p1a: Glimmora|[spread] p1a\n|-immune|p1b: Ceruledge\n|-resisted|p1a: Glimmora\n|-damage|p1a: Glimmora|49\/100\n|-enditem|p2a: Farigiraf|Throat Spray\n|-boost|p2a: Farigiraf|spa|1|[from] item: Throat Spray\n|move|p1b: Ceruledge|Bitter Blade|p2b: Iron Hands\n|-supereffective|p2b: Iron Hands\n|-damage|p2b: Iron Hands|24\/100 brn\n|-enditem|p2b: Iron Hands|Eject Button\n|\n|t:|1700742699\n|-end|p2b: Iron Hands|Quark Drive|[silent]\n|switch|p2b: Ursaluna|Ursaluna-Bloodmoon, L50, M|100\/100\n|-status|p2b: Ursaluna|psn\n|move|p1a: Glimmora|Earth Power|p2b: Ursaluna\n|-damage|p2b: Ursaluna|61\/100 psn\n|\n|-damage|p2b: Ursaluna|49\/100 psn|[from] psn\n|upkeep\n|turn|3\n|\n|t:|1700742729\n|move|p1b: Ceruledge|Protect|p1b: Ceruledge\n|-singleturn|p1b: Ceruledge|Protect\n|move|p1a: Glimmora|Spiky Shield|p1a: Glimmora\n|-singleturn|p1a: Glimmora|move: Protect\n|move|p2b: Ursaluna|Blood Moon|p1b: Ceruledge\n|-activate|p1b: Ceruledge|move: Protect\n|move|p2a: Farigiraf|Psyshock|p1a: Glimmora\n|-activate|p1a: Glimmora|move: Protect\n|\n|-damage|p2b: Ursaluna|37\/100 psn|[from] psn\n|upkeep\n|turn|4\n|\n|t:|1700742751\n|switch|p1a: Milotic|Milotic, L50, M, shiny|100\/100\n|-terastallize|p1b: Ceruledge|Grass\n|move|p2b: Ursaluna|Earth Power|p1b: Ceruledge\n|-resisted|p1b: Ceruledge\n|-damage|p1b: Ceruledge|67\/100\n|-damage|p2b: Ursaluna|27\/100 psn|[from] item: Life Orb\n|move|p2a: Farigiraf|Psyshock|p1a: Milotic\n|-damage|p1a: Milotic|32\/100\n|move|p1b: Ceruledge|Bitter Blade|p2b: Ursaluna\n|-damage|p2b: Ursaluna|0 fnt\n|-heal|p1b: Ceruledge|84\/100|[from] drain|[of] p2b: Ursaluna\n|faint|p2b: Ursaluna\n|\n|upkeep\n|\n|t:|1700742780\n|switch|p2b: Amoonguss|Amoonguss, L50, F|100\/100\n|-sideend|p2: Hao_poke|move: Toxic Spikes|[of] p2b: Amoonguss\n|turn|5\n|\n|t:|1700742799\n|move|p1a: Milotic|Protect|p1a: Milotic\n|-singleturn|p1a: Milotic|Protect\n|move|p2b: Amoonguss|Spore|p1a: Milotic\n|-activate|p1a: Milotic|move: Protect\n|move|p2a: Farigiraf|Psyshock|p1b: Ceruledge\n|-damage|p1b: Ceruledge|6\/100\n|move|p1b: Ceruledge|Bitter Blade|p2a: Farigiraf\n|-damage|p2a: Farigiraf|52\/100\n|-heal|p1b: Ceruledge|39\/100|[from] drain|[of] p2a: Farigiraf\n|\n|-fieldend|move: Trick Room\n|upkeep\n|turn|6\n|\n|t:|1700742824\n|switch|p1b: Tyranitar|Tyranitar, L50, M, shiny|100\/100\n|-weather|Sandstorm|[from] ability: Sand Stream|[of] p1b: Tyranitar\n|move|p2b: Amoonguss|Rage Powder|p2b: Amoonguss\n|-singleturn|p2b: Amoonguss|move: Rage Powder\n|move|p1a: Milotic|Ice Beam|p2b: Amoonguss\n|-supereffective|p2b: Amoonguss\n|-damage|p2b: Amoonguss|65\/100\n|move|p2a: Farigiraf|Trick Room|p2a: Farigiraf\n|-fieldstart|move: Trick Room|[of] p2a: Farigiraf\n|\n|-weather|Sandstorm|[upkeep]\n|-damage|p2b: Amoonguss|59\/100|[from] Sandstorm\n|-damage|p2a: Farigiraf|46\/100|[from] Sandstorm\n|upkeep\n|turn|7\n|\n|t:|1700742842\n|move|p2b: Amoonguss|Pollen Puff|p2a: Farigiraf\n|-heal|p2a: Farigiraf|96\/100\n|move|p2a: Farigiraf|Hyper Voice|p1b: Tyranitar|[spread] p1a,p1b\n|-resisted|p1b: Tyranitar\n|-damage|p1a: Milotic|0 fnt\n|-damage|p1b: Tyranitar|90\/100\n|faint|p1a: Milotic\n|move|p1b: Tyranitar|Knock Off|p2a: Farigiraf\n|-supereffective|p2a: Farigiraf\n|-damage|p2a: Farigiraf|22\/100\n|\n|-weather|Sandstorm|[upkeep]\n|-damage|p2b: Amoonguss|53\/100|[from] Sandstorm\n|-damage|p2a: Farigiraf|16\/100|[from] Sandstorm\n|upkeep\n|\n|t:|1700742860\n|switch|p1a: Ceruledge|Ceruledge, L50, F, shiny, tera:Grass|39\/100\n|turn|8\n|\n|t:|1700742883\n|move|p1a: Ceruledge|Protect|p1a: Ceruledge\n|-singleturn|p1a: Ceruledge|Protect\n|move|p2b: Amoonguss|Pollen Puff|p1a: Ceruledge\n|-activate|p1a: Ceruledge|move: Protect\n|move|p2a: Farigiraf|Dazzling Gleam|p1a: Ceruledge|[spread] p1b\n|-activate|p1a: Ceruledge|move: Protect\n|-supereffective|p1b: Tyranitar\n|-damage|p1b: Tyranitar|66\/100\n|move|p1b: Tyranitar|Knock Off|p2a: Farigiraf\n|-supereffective|p2a: Farigiraf\n|-damage|p2a: Farigiraf|0 fnt\n|faint|p2a: Farigiraf\n|\n|-weather|Sandstorm|[upkeep]\n|-damage|p2b: Amoonguss|48\/100|[from] Sandstorm\n|-damage|p1a: Ceruledge|33\/100|[from] Sandstorm\n|-enditem|p2b: Amoonguss|Sitrus Berry|[eat]\n|-heal|p2b: Amoonguss|72\/100|[from] item: Sitrus Berry\n|upkeep\n|\n|t:|1700742894\n|switch|p2a: Iron Hands|Iron Hands, L50, tera:Steel|24\/100 brn\n|turn|9\n|\n|t:|1700742909\n|switch|p1a: Glimmora|Glimmora, L50, M, shiny|49\/100\n|move|p2b: Amoonguss|Pollen Puff|p1a: Glimmora\n|-resisted|p1a: Glimmora\n|-damage|p1a: Glimmora|40\/100\n|move|p2a: Iron Hands|Drain Punch|p1b: Tyranitar\n|-supereffective|p1b: Tyranitar\n|-damage|p1b: Tyranitar|0 fnt\n|-heal|p2a: Iron Hands|50\/100 brn|[from] drain|[of] p1b: Tyranitar\n|faint|p1b: Tyranitar\n|\n|-weather|Sandstorm|[upkeep]\n|-damage|p2b: Amoonguss|67\/100|[from] Sandstorm\n|-damage|p2a: Iron Hands|44\/100 brn|[from] brn\n|upkeep\n|\n|t:|1700742917\n|switch|p1b: Ceruledge|Ceruledge, L50, F, shiny, tera:Grass|33\/100\n|turn|10\n|\n|t:|1700742931\n|move|p1b: Ceruledge|Protect|p1b: Ceruledge\n|-singleturn|p1b: Ceruledge|Protect\n|move|p1a: Glimmora|Spiky Shield|p1a: Glimmora\n|-singleturn|p1a: Glimmora|move: Protect\n|move|p2b: Amoonguss|Spore|p1a: Glimmora\n|-activate|p1a: Glimmora|move: Protect\n|move|p2a: Iron Hands|Drain Punch|p1a: Glimmora\n|-activate|p1a: Glimmora|move: Protect\n|-damage|p2a: Iron Hands|32\/100 brn|[from] Spiky Shield|[of] p1a: Glimmora\n|\n|-weather|none\n|-damage|p2a: Iron Hands|26\/100 brn|[from] brn\n|-fieldend|move: Trick Room\n|upkeep\n|turn|11\n|\n|t:|1700742947\n|move|p1a: Glimmora|Earth Power|p2a: Iron Hands\n|-supereffective|p2a: Iron Hands\n|-damage|p2a: Iron Hands|0 fnt\n|faint|p2a: Iron Hands\n|-end|p2a: Iron Hands|Quark Drive|[silent]\n|move|p1b: Ceruledge|Bitter Blade|p2b: Amoonguss\n|-supereffective|p2b: Amoonguss\n|-damage|p2b: Amoonguss|0 fnt\n|-heal|p1b: Ceruledge|76\/100|[from] drain|[of] p2b: Amoonguss\n|faint|p2b: Amoonguss\n|\n|win|Rokhy\n|raw|Rokhy's rating: 1313 &rarr; <strong>1340<\/strong><br \/>(+27 for winning)\n|raw|Hao_poke's rating: 1449 &rarr; <strong>1422<\/strong><br \/>(-27 for losing)\n|l|\u2606Hao_poke\n","uploadtime":1700742964,"views":3,"p1id":"rokhy","p2id":"haopoke","formatid":"gen9vgc2023regulatione","rating":1340,"private":0,"password":""}