{"id":"gen9vgc2023regulatione-1998438232","p1":"BlackNintendoWii","p2":"Lorenzo05491","format":"[Gen 9] VGC 2023 Regulation E","log":"|j|\u2606BlackNintendoWii\n|j|\u2606Lorenzo05491\n|t:|1700942325\n|gametype|doubles\n|player|p1|BlackNintendoWii|hoopster|1351\n|player|p2|Lorenzo05491|101|1392\n|teamsize|p1|6\n|teamsize|p2|6\n|gen|9\n|tier|[Gen 9] VGC 2023 Regulation E\n|rated|\n|rule|Species Clause: Limit one of each Pok\u00e9mon\n|rule|Item Clause: Limit one of each item\n|clearpoke\n|poke|p1|Rillaboom, L50, M|\n|poke|p1|Heatran, L50, F|\n|poke|p1|Salamence, L50, M|\n|poke|p1|Flutter Mane, L50|\n|poke|p1|Dondozo, L50, M|\n|poke|p1|Chi-Yu, L50|\n|poke|p2|Tornadus, L50, M|\n|poke|p2|Chi-Yu, L50|\n|poke|p2|Flutter Mane, L50|\n|poke|p2|Iron Hands, L50|\n|poke|p2|Landorus-Therian, L50, M|\n|poke|p2|Amoonguss, L50, F|\n|teampreview|4\nLorenzo05491 has agreed to open team sheets.\nBlackNintendoWii rejected open team sheets.\n|\n|t:|1700942372\n|start\n|switch|p1a: Rillaboom|Rillaboom, L50, M|100\/100\n|switch|p1b: Salamence|Salamence, L50, M|100\/100\n|switch|p2a: Landorus|Landorus-Therian, L50, M|100\/100\n|switch|p2b: Chi-Yu|Chi-Yu, L50|100\/100\n|-ability|p2a: Landorus|Intimidate|boost\n|-unboost|p1a: Rillaboom|atk|1\n|-unboost|p1b: Salamence|atk|1\n|-ability|p1b: Salamence|Intimidate|boost\n|-unboost|p2a: Landorus|atk|1\n|-unboost|p2b: Chi-Yu|atk|1\n|-ability|p2b: Chi-Yu|Beads of Ruin\n|-fieldstart|move: Grassy Terrain|[from] ability: Grassy Surge|[of] p1a: Rillaboom\n|turn|1\n|\n|t:|1700942411\n|switch|p2a: Tornadus|Tornadus, L50, M|100\/100\n|-terastallize|p1a: Rillaboom|Ghost\n|move|p1a: Rillaboom|Fake Out|p2b: Chi-Yu\n|-damage|p2b: Chi-Yu|86\/100\n|move|p1b: Salamence|Tailwind|p1b: Salamence\n|-sidestart|p1: BlackNintendoWii|move: Tailwind\n|cant|p2b: Chi-Yu|flinch\n|\n|-heal|p2b: Chi-Yu|92\/100|[from] Grassy Terrain\n|upkeep\n|turn|2\n|\n|t:|1700942430\n|move|p2a: Tornadus|Tailwind|p2a: Tornadus\n|-sidestart|p2: Lorenzo05491|move: Tailwind\n|move|p1b: Salamence|Draco Meteor|p2b: Chi-Yu\n|-damage|p2b: Chi-Yu|30\/100\n|-unboost|p1b: Salamence|spa|2\n|move|p2b: Chi-Yu|Dark Pulse|p1a: Rillaboom\n|-supereffective|p1a: Rillaboom\n|-damage|p1a: Rillaboom|0 fnt\n|faint|p1a: Rillaboom\n|\n|-heal|p2b: Chi-Yu|36\/100|[from] Grassy Terrain\n|upkeep\n|\n|t:|1700942444\n|switch|p1a: Flutter Mane|Flutter Mane, L50|100\/100\n|turn|3\n|\n|t:|1700942454\n|switch|p1b: Chi-Yu|Chi-Yu, L50|100\/100\n|-ability|p1b: Chi-Yu|Beads of Ruin\n|move|p2a: Tornadus|Protect|p2a: Tornadus\n|-singleturn|p2a: Tornadus|Protect\n|move|p1a: Flutter Mane|Dazzling Gleam|p2a: Tornadus|[spread] p2b\n|-activate|p2a: Tornadus|move: Protect\n|-damage|p2b: Chi-Yu|0 fnt\n|faint|p2b: Chi-Yu\n|\n|upkeep\n|\n|t:|1700942471\n|switch|p2b: Landorus|Landorus-Therian, L50, M|100\/100\n|-ability|p2b: Landorus|Intimidate|boost\n|-unboost|p1a: Flutter Mane|atk|1\n|-unboost|p1b: Chi-Yu|atk|1\n|turn|4\n|\n|t:|1700942510\n|move|p1b: Chi-Yu|Protect|p1b: Chi-Yu\n|-singleturn|p1b: Chi-Yu|Protect\n|move|p2b: Landorus|Stomping Tantrum|p1b: Chi-Yu\n|-activate|p1b: Chi-Yu|move: Protect\n|move|p1a: Flutter Mane|Dazzling Gleam|p2b: Landorus|[spread] p2a,p2b\n|-damage|p2a: Tornadus|47\/100\n|-damage|p2b: Landorus|34\/100\n|move|p2a: Tornadus|Bleakwind Storm|p1a: Flutter Mane|[spread] p1a\n|-activate|p1b: Chi-Yu|move: Protect\n|-damage|p1a: Flutter Mane|60\/100\n|\n|-heal|p1a: Flutter Mane|66\/100|[from] Grassy Terrain\n|-sideend|p1: BlackNintendoWii|move: Tailwind\n|upkeep\n|turn|5\n|\n|t:|1700942522\n|switch|p1b: Salamence|Salamence, L50, M|100\/100\n|-ability|p1b: Salamence|Intimidate|boost\n|-unboost|p2a: Tornadus|atk|1\n|-unboost|p2b: Landorus|atk|1\n|move|p2b: Landorus|Stomping Tantrum|p1a: Flutter Mane\n|-damage|p1a: Flutter Mane|19\/100\n|move|p2a: Tornadus|Bleakwind Storm|p1b: Salamence|[spread] p1a,p1b\n|-damage|p1a: Flutter Mane|0 fnt\n|-damage|p1b: Salamence|66\/100\n|faint|p1a: Flutter Mane\n|-end|p1a: Flutter Mane|Protosynthesis|[silent]\n|\n|-sideend|p2: Lorenzo05491|move: Tailwind\n|-fieldend|move: Grassy Terrain\n|upkeep\n|\n|t:|1700942531\n|switch|p1a: Chi-Yu|Chi-Yu, L50|100\/100\n|-ability|p1a: Chi-Yu|Beads of Ruin\n|turn|6\n|\n|t:|1700942542\n|move|p2a: Tornadus|Tailwind|p2a: Tornadus\n|-sidestart|p2: Lorenzo05491|move: Tailwind\n|move|p2b: Landorus|Stomping Tantrum|p1a: Chi-Yu\n|-supereffective|p1a: Chi-Yu\n|-damage|p1a: Chi-Yu|27\/100\n|move|p1b: Salamence|Tailwind|p1b: Salamence\n|-sidestart|p1: BlackNintendoWii|move: Tailwind\n|move|p1a: Chi-Yu|Heat Wave|p2a: Tornadus|[spread] p2a,p2b\n|-damage|p2a: Tornadus|0 fnt\n|-damage|p2b: Landorus|0 fnt\n|faint|p2a: Tornadus\n|faint|p2b: Landorus\n|\n|upkeep\n|\n|t:|1700942550\n|switch|p2b: Iron Hands|Iron Hands, L50|100\/100\n|turn|7\n|\n|t:|1700942564\n|move|p2b: Iron Hands|Fake Out|p1b: Salamence\n|-damage|p1b: Salamence|50\/100\n|-damage|p2b: Iron Hands|84\/100|[from] item: Rocky Helmet|[of] p1b: Salamence\n|cant|p1b: Salamence|flinch\n|move|p1a: Chi-Yu|Overheat|p2b: Iron Hands\n|-crit|p2b: Iron Hands\n|-damage|p2b: Iron Hands|8\/100\n|-unboost|p1a: Chi-Yu|spa|2\n|\n|upkeep\n|turn|8\n|-message|Lorenzo05491 forfeited.\n|\n|win|BlackNintendoWii\n|raw|BlackNintendoWii's rating: 1351 &rarr; <strong>1373<\/strong><br \/>(+22 for winning)\n|raw|Lorenzo05491's rating: 1392 &rarr; <strong>1370<\/strong><br \/>(-22 for losing)\n","uploadtime":1700942575,"views":2,"p1id":"blacknintendowii","p2id":"lorenzo05491","formatid":"gen9vgc2023regulatione","rating":1370,"private":0,"password":""}