{"id":"gen9vgc2023regulatione-1997026817","p1":"Jadedragon61","p2":"steelysspirit","format":"[Gen 9] VGC 2023 Regulation E","log":"|j|\u2606Jadedragon61\n|j|\u2606steelysspirit\n|t:|1700757095\n|gametype|doubles\n|player|p1|Jadedragon61|colress|1381\n|player|p2|steelysspirit|266|1285\n|teamsize|p1|6\n|teamsize|p2|6\n|gen|9\n|tier|[Gen 9] VGC 2023 Regulation E\n|rated|\n|rule|Species Clause: Limit one of each Pok\u00e9mon\n|rule|Item Clause: Limit one of each item\n|clearpoke\n|poke|p1|Tyranitar, L50, F|\n|poke|p1|Rillaboom, L50, F|\n|poke|p1|Kommo-o, L50, F|\n|poke|p1|Iron Bundle, L50|\n|poke|p1|Flutter Mane, L50|\n|poke|p1|Landorus-Therian, L50, M|\n|poke|p2|Rabsca, L50, F|\n|poke|p2|Iron Bundle, L50|\n|poke|p2|Iron Hands, L50|\n|poke|p2|Dragonite, L50, F|\n|poke|p2|Golem-Alola, L50, F|\n|poke|p2|Gliscor, L50, M|\n|teampreview|4\n|inactive|Battle timer is ON: inactive players will automatically lose when time's up. (requested by Jadedragon61)\n|c|\u2606Jadedragon61|Good luck have fun\n|\n|t:|1700757130\n|start\n|switch|p1a: Fish|Flutter Mane, L50, shiny|100\/100\n|switch|p1b: Haitatsu!|Iron Bundle, L50, shiny|100\/100\n|switch|p2a: Rabsca|Rabsca, L50, F|100\/100\n|switch|p2b: Iron Hands|Iron Hands, L50|100\/100\n|-enditem|p1b: Haitatsu!|Booster Energy\n|-activate|p1b: Haitatsu!|ability: Quark Drive|[fromitem]\n|-start|p1b: Haitatsu!|quarkdrivespe\n|turn|1\n|\n|t:|1700757150\n|-end|p1b: Haitatsu!|Quark Drive|[silent]\n|switch|p1b: Monke|Rillaboom, L50, F, shiny|100\/100\n|-fieldstart|move: Grassy Terrain|[from] ability: Grassy Surge|[of] p1b: Monke\n|-terastallize|p2a: Rabsca|Dark\n|move|p2b: Iron Hands|Fake Out|p1b: Monke\n|-damage|p1b: Monke|86\/100\n|move|p1a: Fish|Dazzling Gleam|p2b: Iron Hands|[spread] p2a,p2b\n|-supereffective|p2a: Rabsca\n|-supereffective|p2b: Iron Hands\n|-damage|p2a: Rabsca|25\/100\n|-damage|p2b: Iron Hands|53\/100\n|move|p2a: Rabsca|Trick Room|p2a: Rabsca\n|-fieldstart|move: Trick Room|[of] p2a: Rabsca\n|\n|-heal|p2a: Rabsca|31\/100|[from] Grassy Terrain\n|-heal|p2b: Iron Hands|59\/100|[from] Grassy Terrain\n|-heal|p1b: Monke|91\/100|[from] Grassy Terrain\n|upkeep\n|turn|2\n|inactive|steelysspirit has 30 seconds left.\n|\n|t:|1700757176\n|switch|p2a: Golem|Golem-Alola, L50, F|100\/100\n|move|p1b: Monke|Fake Out|p2b: Iron Hands\n|-damage|p2b: Iron Hands|49\/100\n|cant|p2b: Iron Hands|flinch\n|move|p1a: Fish|Dazzling Gleam|p2a: Golem|[spread] p2a,p2b\n|-supereffective|p2b: Iron Hands\n|-damage|p2a: Golem|41\/100\n|-damage|p2b: Iron Hands|0 fnt\n|faint|p2b: Iron Hands\n|-end|p2b: Iron Hands|Quark Drive|[silent]\n|\n|-heal|p2a: Golem|46\/100|[from] Grassy Terrain\n|-heal|p1b: Monke|97\/100|[from] Grassy Terrain\n|upkeep\n|\n|t:|1700757187\n|switch|p2b: Rabsca|Rabsca, L50, F, tera:Dark|31\/100\n|turn|3\n|\n|t:|1700757192\n|move|p1b: Monke|Grassy Glide|p2a: Golem\n|-supereffective|p2a: Golem\n|-damage|p2a: Golem|0 fnt\n|faint|p2a: Golem\n|move|p2b: Rabsca|Revival Blessing|p2b: Rabsca\n|-enditem|p2b: Rabsca|Leppa Berry|[eat]\n|-activate|p2b: Rabsca|item: Leppa Berry|Revival Blessing|[consumed]\n|\n|t:|1700757200\n|-heal|p2: Iron Hands|50\/100|[from] move: Revival Blessing\n|move|p1a: Fish|Dazzling Gleam|p2b: Rabsca\n|-supereffective|p2b: Rabsca\n|-damage|p2b: Rabsca|0 fnt\n|faint|p2b: Rabsca\n|\n|-heal|p1b: Monke|100\/100|[from] Grassy Terrain\n|upkeep\n|\n|t:|1700757205\n|switch|p2a: Iron Bundle|Iron Bundle, L50|100\/100\n|switch|p2b: Iron Hands|Iron Hands, L50|50\/100\n|-enditem|p2a: Iron Bundle|Booster Energy\n|-activate|p2a: Iron Bundle|ability: Quark Drive|[fromitem]\n|-start|p2a: Iron Bundle|quarkdrivespe\n|turn|4\n|\n|t:|1700757215\n|-end|p1a: Fish|Protosynthesis|[silent]\n|switch|p1a: Creamed corn|Landorus-Therian, L50, M, shiny|100\/100\n|-ability|p1a: Creamed corn|Intimidate|boost\n|-unboost|p2a: Iron Bundle|atk|1\n|-unboost|p2b: Iron Hands|atk|1\n|move|p2a: Iron Bundle|Protect|p2a: Iron Bundle\n|-singleturn|p2a: Iron Bundle|Protect\n|move|p2b: Iron Hands|Heavy Slam|p1a: Creamed corn\n|-damage|p1a: Creamed corn|71\/100\n|move|p1b: Monke|Wood Hammer|p2a: Iron Bundle\n|-activate|p2a: Iron Bundle|move: Protect\n|\n|-heal|p2b: Iron Hands|56\/100|[from] Grassy Terrain\n|upkeep\n|turn|5\n|\n|t:|1700757228\n|move|p2b: Iron Hands|Drain Punch|p1b: Monke\n|-damage|p1b: Monke|77\/100\n|-heal|p2b: Iron Hands|66\/100|[from] drain|[of] p1b: Monke\n|move|p1b: Monke|Wood Hammer|p2a: Iron Bundle\n|-supereffective|p2a: Iron Bundle\n|-damage|p2a: Iron Bundle|0 fnt\n|faint|p2a: Iron Bundle\n|-end|p2a: Iron Bundle|Quark Drive|[silent]\n|-damage|p1b: Monke|57\/100|[from] Recoil\n|move|p1a: Creamed corn|Stomping Tantrum|p2b: Iron Hands\n|-supereffective|p2b: Iron Hands\n|-damage|p2b: Iron Hands|3\/100\n|\n|-heal|p2b: Iron Hands|9\/100|[from] Grassy Terrain\n|-heal|p1b: Monke|62\/100|[from] Grassy Terrain\n|-fieldend|move: Trick Room\n|-fieldend|move: Grassy Terrain\n|upkeep\n|turn|6\n|-message|steelysspirit forfeited.\n|\n|win|Jadedragon61\n|raw|Jadedragon61's rating: 1381 &rarr; <strong>1396<\/strong><br \/>(+15 for winning)\n|raw|steelysspirit's rating: 1285 &rarr; <strong>1267<\/strong><br \/>(-18 for losing)\n|l|\u2606steelysspirit\n","uploadtime":1700757248,"views":0,"p1id":"jadedragon61","p2id":"steelysspirit","formatid":"gen9vgc2023regulatione","rating":1267,"private":0,"password":""}