{"id":"gen9vgc2023regulatione-1996903837","p1":"Snog2273","p2":"Ydhdhdbd","format":"[Gen 9] VGC 2023 Regulation E","log":"|j|\u2606Snog2273\n|j|\u2606Ydhdhdbd\n|t:|1700742804\n|gametype|doubles\n|player|p1|Snog2273|supernerd|1133\n|player|p2|Ydhdhdbd|1|1040\n|teamsize|p1|6\n|teamsize|p2|6\n|gen|9\n|tier|[Gen 9] VGC 2023 Regulation E\n|rated|\n|rule|Species Clause: Limit one of each Pok\u00e9mon\n|rule|Item Clause: Limit one of each item\n|clearpoke\n|poke|p1|Perrserker, L50, F|\n|poke|p1|Gholdengo, L50|\n|poke|p1|Landorus-Therian, L50, M|\n|poke|p1|Iron Hands, L50|\n|poke|p1|Roaring Moon, L50|\n|poke|p1|Ogerpon-Wellspring, L50, F|\n|poke|p2|Dusclops, L50, F|\n|poke|p2|Ursaluna-Bloodmoon, L50, M|\n|poke|p2|Iron Bundle, L50|\n|poke|p2|Iron Hands, L50|\n|poke|p2|Gholdengo, L50|\n|poke|p2|Urshifu-*, L50, F|\n|teampreview|4\n|inactive|Battle timer is ON: inactive players will automatically lose when time's up. (requested by Snog2273)\nSnog2273 has agreed to open team sheets.\n|inactive|Snog2273 has 60 seconds left.\n|\n|t:|1700742840\n|start\n|switch|p1a: cat 2|Landorus-Therian, L50, M|100\/100\n|switch|p1b: coins|Gholdengo, L50|100\/100\n|switch|p2a: Kaido|Dusclops, L50, F|100\/100\n|switch|p2b: Iron Bundle|Iron Bundle, L50|100\/100\n|-ability|p1a: cat 2|Intimidate|boost\n|-unboost|p2a: Kaido|atk|1\n|-unboost|p2b: Iron Bundle|atk|1\n|-item|p1a: cat 2|Choice Scarf|[from] ability: Frisk|[of] p2a: Kaido|[identify]\n|-item|p1b: coins|Life Orb|[from] ability: Frisk|[of] p2a: Kaido|[identify]\n|-enditem|p2b: Iron Bundle|Booster Energy\n|-activate|p2b: Iron Bundle|ability: Quark Drive|[fromitem]\n|-start|p2b: Iron Bundle|quarkdrivespe\n|turn|1\n|inactive|Snog2273 has 30 seconds left.\n|inactive|Snog2273 has 20 seconds left.\n|\n|t:|1700742877\n|switch|p1a: robot|Iron Hands, L50|100\/100\n|move|p2b: Iron Bundle|Icy Wind|p1b: coins|[spread] p1a,p1b\n|-resisted|p1b: coins\n|-damage|p1a: robot|91\/100\n|-damage|p1b: coins|91\/100\n|-unboost|p1a: robot|spe|1\n|-unboost|p1b: coins|spe|1\n|move|p1b: coins|Nasty Plot|p1b: coins\n|-boost|p1b: coins|spa|2\n|move|p2a: Kaido|Trick Room|p2a: Kaido\n|-fieldstart|move: Trick Room|[of] p2a: Kaido\n|\n|upkeep\n|turn|2\n|inactive|Snog2273 has 30 seconds left.\n|inactive|Ydhdhdbd has 30 seconds left.\n|inactive|Ydhdhdbd has 20 seconds left.\n|\n|t:|1700742913\n|-end|p2b: Iron Bundle|Quark Drive|[silent]\n|switch|p2b: Iron Hands|Iron Hands, L50|100\/100\n|move|p2a: Kaido|Will-O-Wisp|p1b: coins\n|-immune|p1b: coins|[from] ability: Good as Gold\n|move|p1a: robot|Drain Punch|p2b: Iron Hands\n|-damage|p2b: Iron Hands|70\/100\n|-heal|p1a: robot|100\/100|[from] drain|[of] p2b: Iron Hands\n|move|p1b: coins|Nasty Plot|p1b: coins\n|-boost|p1b: coins|spa|2\n|\n|upkeep\n|turn|3\n|inactive|Snog2273 has 30 seconds left.\n|inactive|Snog2273 has 20 seconds left.\n|inactive|Snog2273 has 15 seconds left.\n|inactive|Snog2273 has 10 seconds left.\n|\n|t:|1700742960\n|-end|p1a: robot|Quark Drive|[silent]\n|switch|p1a: cat 2|Landorus-Therian, L50, M|100\/100\n|-ability|p1a: cat 2|Intimidate|boost\n|-unboost|p2a: Kaido|atk|1\n|-unboost|p2b: Iron Hands|atk|1\n|move|p2b: Iron Hands|Fake Out|p1a: cat 2\n|-damage|p1a: cat 2|87\/100\n|move|p2a: Kaido|Will-O-Wisp|p1a: cat 2\n|-status|p1a: cat 2|brn\n|move|p1b: coins|Shadow Ball|p2a: Kaido\n|-supereffective|p2a: Kaido\n|-damage|p2a: Kaido|0 fnt\n|faint|p2a: Kaido\n|-damage|p1b: coins|81\/100|[from] item: Life Orb\n|\n|-damage|p1a: cat 2|81\/100 brn|[from] brn\n|upkeep\n|\n|t:|1700742971\n|switch|p2a: Kuma|Ursaluna-Bloodmoon, L50, M|100\/100\n|turn|4\n|inactive|Snog2273 has 30 seconds left.\n|inactive|Snog2273 has 20 seconds left.\n|inactive|Snog2273 has 15 seconds left.\n|\n|t:|1700743012\n|-terastallize|p2a: Kuma|Normal\n|-terastallize|p1b: coins|Dragon\n|move|p2a: Kuma|Earth Power|p1b: coins\n|-damage|p1b: coins|29\/100\n|move|p1b: coins|Shadow Ball|p2a: Kuma\n|-immune|p2a: Kuma\n|move|p2b: Iron Hands|Drain Punch|p1a: cat 2\n|-resisted|p1a: cat 2\n|-damage|p1a: cat 2|64\/100 brn\n|-heal|p2b: Iron Hands|76\/100|[from] drain|[of] p1a: cat 2\n|move|p1a: cat 2|Stomping Tantrum|p2b: Iron Hands\n|-supereffective|p2b: Iron Hands\n|-damage|p2b: Iron Hands|48\/100\n|\n|-damage|p1a: cat 2|58\/100 brn|[from] brn\n|upkeep\n|turn|5\n|inactive|Ydhdhdbd has 30 seconds left.\n|\n|t:|1700743043\n|move|p1b: coins|Protect|p1b: coins\n|-singleturn|p1b: coins|Protect\n|move|p2a: Kuma|Hyper Voice|p1b: coins|[spread] p1a\n|-activate|p1b: coins|move: Protect\n|-damage|p1a: cat 2|0 fnt\n|faint|p1a: cat 2\n|move|p2b: Iron Hands|Drain Punch|p1b: coins\n|-activate|p1b: coins|move: Protect\n|\n|-fieldend|move: Trick Room\n|upkeep\n|\n|t:|1700743065\n|switch|p1a: robot|Iron Hands, L50|100\/100\n|turn|6\n|inactive|Snog2273 has 30 seconds left.\n|inactive|Snog2273 has 20 seconds left.\n|inactive|Snog2273 has 15 seconds left.\n|\n|t:|1700743105\n|move|p2a: Kuma|Protect|p2a: Kuma\n|-singleturn|p2a: Kuma|Protect\n|move|p1a: robot|Fake Out|p2a: Kuma\n|-activate|p2a: Kuma|move: Protect\n|move|p2b: Iron Hands|Drain Punch|p1a: robot\n|-damage|p1a: robot|80\/100\n|-heal|p2b: Iron Hands|58\/100|[from] drain|[of] p1a: robot\n|move|p1b: coins|Make It Rain|p2b: Iron Hands|[spread] p2b\n|-activate|p2a: Kuma|move: Protect\n|-resisted|p2b: Iron Hands\n|-damage|p2b: Iron Hands|10\/100\n|-unboost|p1b: coins|spa|1\n|-damage|p1b: coins|19\/100|[from] item: Life Orb\n|\n|upkeep\n|turn|7\n|inactive|Ydhdhdbd has 30 seconds left.\n|\n|t:|1700743133\n|move|p2a: Kuma|Protect||[still]\n|-fail|p2a: Kuma\n|move|p2b: Iron Hands|Drain Punch|p1b: coins\n|-damage|p1b: coins|0 fnt\n|-heal|p2b: Iron Hands|17\/100|[from] drain|[of] p1b: coins\n|faint|p1b: coins\n|move|p1a: robot|Drain Punch|p2a: Kuma\n|-supereffective|p2a: Kuma\n|-damage|p2a: Kuma|36\/100\n|-heal|p1a: robot|100\/100|[from] drain|[of] p2a: Kuma\n|\n|upkeep\n|\n|t:|1700743144\n|switch|p1b: ogre|Ogerpon-Wellspring, L50, F|100\/100\n|turn|8\n|\n|t:|1700743155\n|move|p1b: ogre|Spiky Shield|p1b: ogre\n|-singleturn|p1b: ogre|move: Protect\n|move|p2a: Kuma|Protect|p2a: Kuma\n|-singleturn|p2a: Kuma|Protect\n|move|p2b: Iron Hands|Volt Switch|p1b: ogre\n|-activate|p1b: ogre|move: Protect\n|move|p1a: robot|Drain Punch|p2a: Kuma\n|-activate|p2a: Kuma|move: Protect\n|\n|upkeep\n|turn|9\n|inactive|Snog2273 has 30 seconds left.\n|inactive|Ydhdhdbd has 30 seconds left.\n|\n|t:|1700743183\n|-end|p2b: Iron Hands|Quark Drive|[silent]\n|switch|p2b: Iron Bundle|Iron Bundle, L50|100\/100\n|move|p1b: ogre|Horn Leech|p2a: Kuma\n|-damage|p2a: Kuma|2\/100\n|move|p1a: robot|Drain Punch|p2b: Iron Bundle\n|-supereffective|p2b: Iron Bundle\n|-damage|p2b: Iron Bundle|0 fnt\n|faint|p2b: Iron Bundle\n|-end|p2b: Iron Bundle|Quark Drive|[silent]\n|move|p2a: Kuma|Hyper Voice|p1b: ogre|[spread] p1a,p1b\n|-damage|p1a: robot|70\/100\n|-damage|p1b: ogre|33\/100\n|\n|upkeep\n|\n|t:|1700743189\n|switch|p2b: Iron Hands|Iron Hands, L50|17\/100\n|turn|10\n|inactive|Snog2273 has 30 seconds left.\n|\n|t:|1700743214\n|move|p1b: ogre|Spiky Shield|p1b: ogre\n|-singleturn|p1b: ogre|move: Protect\n|move|p2b: Iron Hands|Fake Out|p1a: robot\n|-damage|p1a: robot|59\/100\n|cant|p1a: robot|flinch\n|move|p2a: Kuma|Blood Moon|p1a: robot\n|-damage|p1a: robot|0 fnt\n|faint|p1a: robot\n|-end|p1a: robot|Quark Drive|[silent]\n|\n|upkeep\n|turn|11\n|\n|t:|1700743233\n|move|p1b: ogre|Spiky Shield||[still]\n|-fail|p1b: ogre\n|move|p2b: Iron Hands|Drain Punch|p1b: ogre\n|-damage|p1b: ogre|0 fnt\n|-heal|p2b: Iron Hands|28\/100|[from] drain|[of] p1b: ogre\n|faint|p1b: ogre\n|\n|win|Ydhdhdbd\n|raw|Snog2273's rating: 1133 &rarr; <strong>1101<\/strong><br \/>(-32 for losing)\n|raw|Ydhdhdbd's rating: 1040 &rarr; <strong>1083<\/strong><br \/>(+43 for winning)\n|l|\u2606Ydhdhdbd\n|c|\u2606Snog2273|gg\n","uploadtime":1700743257,"views":14,"p1id":"snog2273","p2id":"ydhdhdbd","formatid":"gen9vgc2023regulatione","rating":1083,"private":0,"password":""}