{"id":"gen9vgc2023regulatione-1994421272","p1":"Leek_Alt","p2":"ShadyDraw","format":"[Gen 9] VGC 2023 Regulation E","log":"|j|\u2606Leek_Alt\n|j|\u2606ShadyDraw\n|t:|1700442045\n|gametype|doubles\n|player|p1|Leek_Alt|blue|1200\n|player|p2|ShadyDraw|gambler|1236\n|teamsize|p1|6\n|teamsize|p2|6\n|gen|9\n|tier|[Gen 9] VGC 2023 Regulation E\n|rated|\n|rule|Species Clause: Limit one of each Pok\u00e9mon\n|rule|Item Clause: Limit one of each item\n|clearpoke\n|poke|p1|Tornadus, L50, M|\n|poke|p1|Flutter Mane, L50|\n|poke|p1|Indeedee-F, L50, F|\n|poke|p1|Gholdengo, L50|\n|poke|p1|Ogerpon-Wellspring, L50, F|\n|poke|p1|Arcanine-Hisui, L50, F|\n|poke|p2|Tyranitar, L50, M|\n|poke|p2|Garchomp, L50, M|\n|poke|p2|Landorus-Therian, L50, M|\n|poke|p2|Rotom-Heat, L50|\n|poke|p2|Flutter Mane, L50|\n|poke|p2|Ogerpon, L50, F|\n|teampreview|4\n|inactive|Battle timer is ON: inactive players will automatically lose when time's up. (requested by ShadyDraw)\nLeek_Alt has agreed to open team sheets.\n|\n|t:|1700442068\n|start\n|switch|p1a: Arcanine|Arcanine-Hisui, L50, F|100\/100\n|switch|p1b: Tornadus|Tornadus, L50, M|100\/100\n|switch|p2a: Landorus|Landorus-Therian, L50, M|100\/100\n|switch|p2b: Rotom|Rotom-Heat, L50|100\/100\n|-ability|p2a: Landorus|Intimidate|boost\n|-unboost|p1a: Arcanine|atk|1\n|-unboost|p1b: Tornadus|atk|1\n|-ability|p1a: Arcanine|Intimidate|boost\n|-unboost|p2a: Landorus|atk|1\n|-unboost|p2b: Rotom|atk|1\n|turn|1\n|\n|t:|1700442085\n|switch|p1a: Ogerpon|Ogerpon-Wellspring, L50, F|100\/100\n|move|p2a: Landorus|Stomping Tantrum|p1a: Ogerpon\n|-resisted|p1a: Ogerpon\n|-damage|p1a: Ogerpon|88\/100\n|move|p1b: Tornadus|Icy Wind|p2b: Rotom|[spread] p2a,p2b\n|-supereffective|p2a: Landorus\n|-resisted|p2b: Rotom\n|-damage|p2a: Landorus|35\/100\n|-damage|p2b: Rotom|93\/100\n|-unboost|p2a: Landorus|spe|1\n|-unboost|p2b: Rotom|spe|1\n|move|p2b: Rotom|Discharge|p1b: Tornadus|[spread] p1a,p1b\n|-immune|p2a: Landorus\n|-crit|p1a: Ogerpon\n|-supereffective|p1b: Tornadus\n|-damage|p1a: Ogerpon|43\/100\n|-damage|p1b: Tornadus|31\/100\n|\n|upkeep\n|turn|2\n|inactive|ShadyDraw has 30 seconds left.\n|\n|t:|1700442111\n|switch|p2a: Tyranitar|Tyranitar, L50, M|100\/100\n|-weather|Sandstorm|[from] ability: Sand Stream|[of] p2a: Tyranitar\n|-terastallize|p2b: Rotom|Electric\n|move|p1b: Tornadus|Tailwind|p1b: Tornadus\n|-sidestart|p1: Leek_Alt|move: Tailwind\n|move|p1a: Ogerpon|Ivy Cudgel|p2b: Rotom|[anim] Ivy Cudgel Water\n|-damage|p2b: Rotom|31\/100\n|move|p2b: Rotom|Discharge|p1a: Ogerpon|[spread] p2a,p1a,p1b\n|-supereffective|p1b: Tornadus\n|-damage|p2a: Tyranitar|85\/100\n|-damage|p1a: Ogerpon|6\/100\n|-damage|p1b: Tornadus|0 fnt\n|faint|p1b: Tornadus\n|\n|-weather|Sandstorm|[upkeep]\n|-damage|p1a: Ogerpon|0 fnt|[from] Sandstorm\n|-damage|p2b: Rotom|25\/100|[from] Sandstorm\n|faint|p1a: Ogerpon\n|upkeep\n|\n|t:|1700442118\n|switch|p1b: Flutter Mane|Flutter Mane, L50|100\/100\n|switch|p1a: Arcanine|Arcanine-Hisui, L50, F|100\/100\n|-ability|p1a: Arcanine|Intimidate|boost\n|-unboost|p2a: Tyranitar|atk|1\n|-unboost|p2b: Rotom|atk|1\n|-enditem|p1b: Flutter Mane|Booster Energy\n|-activate|p1b: Flutter Mane|ability: Protosynthesis|[fromitem]\n|-start|p1b: Flutter Mane|protosynthesisspa\n|turn|3\n|\n|t:|1700442130\n|-terastallize|p1a: Arcanine|Fairy\n|move|p2b: Rotom|Protect|p2b: Rotom\n|-singleturn|p2b: Rotom|Protect\n|move|p1b: Flutter Mane|Dazzling Gleam|p2a: Tyranitar|[spread] p2a\n|-activate|p2b: Rotom|move: Protect\n|-supereffective|p2a: Tyranitar\n|-damage|p2a: Tyranitar|57\/100\n|move|p1a: Arcanine|Tera Blast|p2a: Tyranitar|[anim] Tera Blast Fairy\n|-supereffective|p2a: Tyranitar\n|-damage|p2a: Tyranitar|0 fnt\n|faint|p2a: Tyranitar\n|\n|-weather|Sandstorm|[upkeep]\n|-damage|p1b: Flutter Mane|95\/100|[from] Sandstorm\n|-damage|p1a: Arcanine|94\/100|[from] Sandstorm\n|-damage|p2b: Rotom|19\/100|[from] Sandstorm\n|upkeep\n|\n|t:|1700442137\n|switch|p2a: Garchomp|Garchomp, L50, M|100\/100\n|turn|4\n|\n|t:|1700442145\n|move|p2a: Garchomp|Protect|p2a: Garchomp\n|-singleturn|p2a: Garchomp|Protect\n|move|p1b: Flutter Mane|Dazzling Gleam|p2b: Rotom|[spread] p2b\n|-activate|p2a: Garchomp|move: Protect\n|-damage|p2b: Rotom|0 fnt\n|faint|p2b: Rotom\n|move|p1a: Arcanine|Tera Blast|p2a: Garchomp|[anim] Tera Blast Fairy\n|-activate|p2a: Garchomp|move: Protect\n|\n|-weather|Sandstorm|[upkeep]\n|-damage|p1b: Flutter Mane|89\/100|[from] Sandstorm\n|-damage|p1a: Arcanine|88\/100|[from] Sandstorm\n|upkeep\n|\n|t:|1700442155\n|switch|p2b: Landorus|Landorus-Therian, L50, M|35\/100\n|-ability|p2b: Landorus|Intimidate|boost\n|-unboost|p1a: Arcanine|atk|1\n|-unboost|p1b: Flutter Mane|atk|1\n|turn|5\n|\n|t:|1700442166\n|move|p1b: Flutter Mane|Dazzling Gleam|p2a: Garchomp|[spread] p2a,p2b\n|-supereffective|p2a: Garchomp\n|-damage|p2a: Garchomp|39\/100\n|-damage|p2b: Landorus|0 fnt\n|faint|p2b: Landorus\n|move|p1a: Arcanine|Tera Blast|p2a: Garchomp|[anim] Tera Blast Fairy\n|-supereffective|p2a: Garchomp\n|-crit|p2a: Garchomp\n|-damage|p2a: Garchomp|0 fnt\n|faint|p2a: Garchomp\n|\n|win|Leek_Alt\n|raw|Leek_Alt's rating: 1200 &rarr; <strong>1228<\/strong><br \/>(+28 for winning)\n|raw|ShadyDraw's rating: 1236 &rarr; <strong>1208<\/strong><br \/>(-28 for losing)\n|l|\u2606ShadyDraw\n","uploadtime":1700442188,"views":4,"p1id":"leekalt","p2id":"shadydraw","formatid":"gen9vgc2023regulatione","rating":1208,"private":0,"password":""}