{"id":"gen9vgc2023regulatione-1996193686","p1":"W_i_Pohemon","p2":"Young Ocelot","format":"[Gen 9] VGC 2023 Regulation E","log":"|j|\u2606W_i_Pohemon\n|j|\u2606Young Ocelot\n|t:|1700657531\n|gametype|doubles\n|player|p1|W_i_Pohemon|fisherman|1303\n|player|p2|Young Ocelot|pokemonranger|1389\n|teamsize|p1|6\n|teamsize|p2|6\n|gen|9\n|tier|[Gen 9] VGC 2023 Regulation E\n|rated|\n|rule|Species Clause: Limit one of each Pok\u00e9mon\n|rule|Item Clause: Limit one of each item\n|clearpoke\n|poke|p1|Urshifu-*, L50, M|\n|poke|p1|Indeedee-F, L50, F|\n|poke|p1|Armarouge, L50, F|\n|poke|p1|Tornadus, L50, M|\n|poke|p1|Amoonguss, L50, M|\n|poke|p1|Landorus-Therian, L50, M|\n|poke|p2|Dondozo, L50, M|\n|poke|p2|Tatsugiri, L50, M|\n|poke|p2|Chien-Pao, L50|\n|poke|p2|Dragonite, L50, F|\n|poke|p2|Glimmora, L50, F|\n|poke|p2|Ninetales-Alola, L50, F|\n|teampreview|4\n|\n|t:|1700657568\n|start\n|switch|p1a: Indeedee|Indeedee-F, L50, F|100\/100\n|switch|p1b: Armarouge|Armarouge, L50, F|100\/100\n|switch|p2a: Chien-Pao|Chien-Pao, L50|100\/100\n|switch|p2b: Dragonite|Dragonite, L50, F|100\/100\n|-ability|p2a: Chien-Pao|Sword of Ruin\n|-fieldstart|move: Psychic Terrain|[from] ability: Psychic Surge|[of] p1a: Indeedee\n|-enditem|p1a: Indeedee|Psychic Seed\n|-boost|p1a: Indeedee|spd|1|[from] item: Psychic Seed\n|turn|1\n|\n|t:|1700657607\n|-terastallize|p1a: Indeedee|Fairy\n|move|p2a: Chien-Pao|Lash Out|p1b: Armarouge\n|-supereffective|p1b: Armarouge\n|-damage|p1b: Armarouge|0 fnt\n|faint|p1b: Armarouge\n|move|p2b: Dragonite|Ice Spinner|p1a: Indeedee\n|-crit|p1a: Indeedee\n|-damage|p1a: Indeedee|42\/100\n|-fieldend|move: Psychic Terrain\n|move|p1a: Indeedee|Trick Room|p1a: Indeedee\n|-fieldstart|move: Trick Room|[of] p1a: Indeedee\n|\n|upkeep\n|\n|t:|1700657621\n|switch|p1b: Urshifu|Urshifu, L50, M|100\/100\n|turn|2\n|\n|t:|1700657662\n|move|p2b: Dragonite|Extreme Speed|p1a: Indeedee\n|-damage|p1a: Indeedee|6\/100\n|move|p1a: Indeedee|Dazzling Gleam|p2a: Chien-Pao|[spread] p2a,p2b\n|-supereffective|p2a: Chien-Pao\n|-supereffective|p2b: Dragonite\n|-damage|p2a: Chien-Pao|39\/100\n|-damage|p2b: Dragonite|78\/100\n|move|p1b: Urshifu|Close Combat|p2a: Chien-Pao\n|-supereffective|p2a: Chien-Pao\n|-damage|p2a: Chien-Pao|0 fnt\n|-unboost|p1b: Urshifu|def|1\n|-unboost|p1b: Urshifu|spd|1\n|faint|p2a: Chien-Pao\n|\n|upkeep\n|\n|t:|1700657674\n|switch|p2a: Dondozo|Dondozo, L50, M|100\/100\n|turn|3\n|\n|t:|1700657721\n|switch|p1a: Amoonguss|Amoonguss, L50, M|100\/100\n|move|p1b: Urshifu|Detect|p1b: Urshifu\n|-singleturn|p1b: Urshifu|Protect\n|move|p2b: Dragonite|Extreme Speed|p1b: Urshifu\n|-activate|p1b: Urshifu|move: Protect\n|move|p2a: Dondozo|Earthquake|p1a: Amoonguss|[spread] p1a\n|-activate|p1b: Urshifu|move: Protect\n|-immune|p2b: Dragonite\n|-damage|p1a: Amoonguss|85\/100\n|\n|upkeep\n|turn|4\n|\n|t:|1700657769\n|switch|p1b: Indeedee|Indeedee-F, L50, F, tera:Fairy|6\/100\n|-fieldstart|move: Psychic Terrain|[from] ability: Psychic Surge|[of] p1b: Indeedee\n|-terastallize|p2b: Dragonite|Normal\n|move|p2a: Dondozo|Protect|p2a: Dondozo\n|-singleturn|p2a: Dondozo|Protect\n|move|p2b: Dragonite|Extreme Speed|p1a: Amoonguss\n|-activate|p1a: Amoonguss|move: Psychic Terrain\n|move|p1a: Amoonguss|Spore|p2b: Dragonite\n|-status|p2b: Dragonite|slp|[from] move: Spore\n|\n|upkeep\n|turn|5\n|\n|t:|1700657800\n|switch|p2a: Tatsugiri|Tatsugiri, L50, M|100\/100\n|move|p1a: Amoonguss|Pollen Puff|p1b: Indeedee\n|-heal|p1b: Indeedee|56\/100\n|move|p1b: Indeedee|Dazzling Gleam|p2b: Dragonite|[spread] p2a,p2b\n|-supereffective|p2a: Tatsugiri\n|-damage|p2a: Tatsugiri|46\/100\n|-damage|p2b: Dragonite|67\/100 slp\n|cant|p2b: Dragonite|slp\n|\n|-fieldend|move: Trick Room\n|upkeep\n|turn|6\n|\n|t:|1700657850\n|switch|p2a: Dondozo|Dondozo, L50, M|100\/100\n|switch|p1a: Urshifu|Urshifu, L50, M|100\/100\n|cant|p2b: Dragonite|slp\n|move|p1b: Indeedee|Trick Room|p1b: Indeedee\n|-fieldstart|move: Trick Room|[of] p1b: Indeedee\n|\n|upkeep\n|turn|7\n|\n|t:|1700657877\n|switch|p1b: Amoonguss|Amoonguss, L50, M|100\/100\n|switch|p2b: Tatsugiri|Tatsugiri, L50, M|46\/100\n|-activate|p2b: Tatsugiri|ability: Commander|[of] p2a: Dondozo\n|-boost|p2a: Dondozo|atk|2\n|-boost|p2a: Dondozo|spa|2\n|-boost|p2a: Dondozo|spe|2\n|-boost|p2a: Dondozo|def|2\n|-boost|p2a: Dondozo|spd|2\n|move|p2a: Dondozo|Earthquake|p1a: Urshifu|[spread] p1a,p1b\n|-miss|p2a: Dondozo|p2b: Tatsugiri\n|-damage|p1a: Urshifu|56\/100\n|-damage|p1b: Amoonguss|66\/100\n|move|p1a: Urshifu|Close Combat|p2b: Tatsugiri|[miss]\n|-miss|p1a: Urshifu|p2b: Tatsugiri\n|\n|upkeep\n|turn|8\n|\n|t:|1700657902\n|move|p1a: Urshifu|Detect|p1a: Urshifu\n|-singleturn|p1a: Urshifu|Protect\n|move|p1b: Amoonguss|Clear Smog|p2a: Dondozo\n|-damage|p2a: Dondozo|93\/100\n|-clearboost|p2a: Dondozo\n|move|p2a: Dondozo|Earthquake|p1b: Amoonguss|[spread] p1b\n|-miss|p2a: Dondozo|p2b: Tatsugiri\n|-activate|p1a: Urshifu|move: Protect\n|-damage|p1b: Amoonguss|50\/100\n|\n|-heal|p2a: Dondozo|99\/100|[from] item: Leftovers\n|-fieldend|move: Psychic Terrain\n|upkeep\n|turn|9\n|\n|t:|1700657926\n|move|p1b: Amoonguss|Pollen Puff|p1a: Urshifu\n|-heal|p1a: Urshifu|100\/100\n|move|p2a: Dondozo|Order Up|p1a: Urshifu\n|-damage|p1a: Urshifu|77\/100\n|-boost|p2a: Dondozo|atk|1\n|move|p1a: Urshifu|Wicked Blow|p2a: Dondozo\n|-crit|p2a: Dondozo\n|-damage|p2a: Dondozo|58\/100\n|\n|-heal|p2a: Dondozo|64\/100|[from] item: Leftovers\n|upkeep\n|turn|10\n|\n|t:|1700657954\n|switch|p1b: Indeedee|Indeedee-F, L50, F, tera:Fairy|56\/100\n|-fieldstart|move: Psychic Terrain|[from] ability: Psychic Surge|[of] p1b: Indeedee\n|move|p1a: Urshifu|Detect|p1a: Urshifu\n|-singleturn|p1a: Urshifu|Protect\n|move|p2a: Dondozo|Order Up|p1b: Indeedee\n|-immune|p1b: Indeedee\n|\n|-heal|p2a: Dondozo|70\/100|[from] item: Leftovers\n|-fieldend|move: Trick Room\n|upkeep\n|turn|11\n|\n|t:|1700658001\n|move|p1b: Indeedee|Follow Me|p1b: Indeedee\n|-singleturn|p1b: Indeedee|move: Follow Me\n|move|p1a: Urshifu|Wicked Blow|p2a: Dondozo\n|-crit|p2a: Dondozo\n|-damage|p2a: Dondozo|24\/100\n|move|p2a: Dondozo|Substitute|p2a: Dondozo\n|-fail|p2a: Dondozo|move: Substitute|[weak]\n|\n|-heal|p2a: Dondozo|31\/100|[from] item: Leftovers\n|upkeep\n|turn|12\n|\n|t:|1700658036\n|move|p1a: Urshifu|Wicked Blow|p2a: Dondozo\n|-crit|p2a: Dondozo\n|-damage|p2a: Dondozo|0 fnt\n|faint|p2a: Dondozo\n|move|p1b: Indeedee|Trick Room|p1b: Indeedee\n|-fieldstart|move: Trick Room|[of] p1b: Indeedee\n|\n|upkeep\n|\n|t:|1700658039\n|switch|p2a: Dragonite|Dragonite, L50, F, tera:Normal|67\/100 slp\n|turn|13\n|\n|t:|1700658054\n|move|p1b: Indeedee|Dazzling Gleam|p2b: Tatsugiri|[spread] p2a,p2b\n|-supereffective|p2b: Tatsugiri\n|-damage|p2a: Dragonite|55\/100 slp\n|-damage|p2b: Tatsugiri|0 fnt\n|faint|p2b: Tatsugiri\n|cant|p2a: Dragonite|slp\n|move|p1a: Urshifu|Close Combat|p2a: Dragonite\n|-supereffective|p2a: Dragonite\n|-damage|p2a: Dragonite|0 fnt\n|-unboost|p1a: Urshifu|def|1\n|-unboost|p1a: Urshifu|spd|1\n|faint|p2a: Dragonite\n|\n|win|W_i_Pohemon\n|raw|W_i_Pohemon's rating: 1303 &rarr; <strong>1328<\/strong><br \/>(+25 for winning)\n|raw|Young Ocelot's rating: 1389 &rarr; <strong>1364<\/strong><br \/>(-25 for losing)\n|l|\u2606Young Ocelot\n","uploadtime":1700658076,"views":7,"p1id":"wipohemon","p2id":"youngocelot","formatid":"gen9vgc2023regulatione","rating":1328,"private":0,"password":""}