{"id":"gen9vgc2023regulatione-1988689783","p1":"RockyZ2000","p2":"DingusMcRingus","format":"[Gen 9] VGC 2023 Regulation E","log":"|j|\u2606RockyZ2000\n|j|\u2606DingusMcRingus\n|t:|1699750999\n|gametype|doubles\n|player|p1|RockyZ2000|misty|1470\n|player|p2|DingusMcRingus|ethan|1388\n|teamsize|p1|6\n|teamsize|p2|6\n|gen|9\n|tier|[Gen 9] VGC 2023 Regulation E\n|rated|\n|rule|Species Clause: Limit one of each Pok\u00e9mon\n|rule|Item Clause: Limit one of each item\n|clearpoke\n|poke|p1|Cresselia, L50, F|\n|poke|p1|Ursaluna-Bloodmoon, L50, M|\n|poke|p1|Iron Hands, L50|\n|poke|p1|Ogerpon-Wellspring, L50, F|\n|poke|p1|Arcanine-Hisui, L50, M|\n|poke|p1|Flutter Mane, L50|\n|poke|p2|Heatran, L50, M|\n|poke|p2|Landorus-Therian, L50, M|\n|poke|p2|Iron Hands, L50|\n|poke|p2|Iron Bundle, L50|\n|poke|p2|Rillaboom, L50, M|\n|poke|p2|Ogerpon-Hearthflame, L50, F|\n|teampreview|4\n|inactive|Battle timer is ON: inactive players will automatically lose when time's up. (requested by DingusMcRingus)\nDingusMcRingus has agreed to open team sheets.\n|inactive|RockyZ2000 has 60 seconds left.\n|\n|t:|1699751032\n|start\n|switch|p1a: Iron Hands|Iron Hands, L50|100\/100\n|switch|p1b: Cresselia|Cresselia, L50, F|100\/100\n|switch|p2a: Fryin' Pans|Iron Hands, L50|100\/100\n|switch|p2b: Ogerpon|Ogerpon-Hearthflame, L50, F|100\/100\n|-ability|p2b: Ogerpon|Mold Breaker\n|turn|1\n|\n|t:|1699751054\n|move|p1a: Iron Hands|Fake Out|p2a: Fryin' Pans\n|-damage|p2a: Fryin' Pans|90\/100\n|cant|p2a: Fryin' Pans|flinch\n|move|p2b: Ogerpon|Swords Dance|p2b: Ogerpon\n|-boost|p2b: Ogerpon|atk|2\n|move|p1b: Cresselia|Trick Room|p1b: Cresselia\n|-fieldstart|move: Trick Room|[of] p1b: Cresselia\n|\n|upkeep\n|turn|2\n|\n|t:|1699751072\n|-end|p2a: Fryin' Pans|Quark Drive|[silent]\n|switch|p2a: Rillaboom|Rillaboom, L50, M|100\/100\n|-fieldstart|move: Grassy Terrain|[from] ability: Grassy Surge|[of] p2a: Rillaboom\n|-terastallize|p2b: Ogerpon|Fire\n|detailschange|p2b: Ogerpon|Ogerpon-Hearthflame-Tera, L50, F, tera:Fire\n|-ability|p2b: Ogerpon|Embody Aspect (Hearthflame)|boost\n|-boost|p2b: Ogerpon|atk|1\n|move|p1a: Iron Hands|Drain Punch|p2a: Rillaboom\n|-damage|p2a: Rillaboom|58\/100\n|move|p1b: Cresselia|Psychic|p2a: Rillaboom\n|-damage|p2a: Rillaboom|32\/100\n|-enditem|p2a: Rillaboom|Sitrus Berry|[eat]\n|-heal|p2a: Rillaboom|57\/100|[from] item: Sitrus Berry\n|move|p2b: Ogerpon|Ivy Cudgel|p1a: Iron Hands\n|-crit|p1a: Iron Hands\n|-damage|p1a: Iron Hands|0 fnt\n|faint|p1a: Iron Hands\n|-end|p1a: Iron Hands|Quark Drive|[silent]\n|\n|-heal|p2a: Rillaboom|63\/100|[from] Grassy Terrain\n|upkeep\n|\n|t:|1699751089\n|switch|p1a: Ursaluna|Ursaluna-Bloodmoon, L50, M|100\/100\n|turn|3\n|\n|t:|1699751106\n|-terastallize|p1a: Ursaluna|Grass\n|move|p1b: Cresselia|Helping Hand|p1a: Ursaluna\n|-singleturn|p1a: Ursaluna|Helping Hand|[of] p1b: Cresselia\n|move|p2a: Rillaboom|Fake Out|p1a: Ursaluna\n|-damage|p1a: Ursaluna|91\/100\n|cant|p1a: Ursaluna|flinch\n|move|p2b: Ogerpon|Ivy Cudgel|p1b: Cresselia\n|-damage|p1b: Cresselia|0 fnt\n|faint|p1b: Cresselia\n|\n|-heal|p1a: Ursaluna|97\/100|[from] Grassy Terrain\n|-heal|p2a: Rillaboom|68\/100|[from] Grassy Terrain\n|upkeep\n|\n|t:|1699751112\n|switch|p1b: Ogerpon|Ogerpon-Wellspring, L50, F|100\/100\n|turn|4\n|\n|t:|1699751126\n|move|p1b: Ogerpon|Spiky Shield|p1b: Ogerpon\n|-singleturn|p1b: Ogerpon|move: Protect\n|move|p2b: Ogerpon|Spiky Shield|p2b: Ogerpon\n|-singleturn|p2b: Ogerpon|move: Protect\n|move|p1a: Ursaluna|Earth Power|p2b: Ogerpon\n|-activate|p2b: Ogerpon|move: Protect\n|move|p2a: Rillaboom|U-turn|p1b: Ogerpon\n|-activate|p1b: Ogerpon|move: Protect\n|-damage|p2a: Rillaboom|56\/100|[from] Spiky Shield|[of] p1b: Ogerpon\n|\n|-heal|p1a: Ursaluna|100\/100|[from] Grassy Terrain\n|-heal|p2a: Rillaboom|62\/100|[from] Grassy Terrain\n|upkeep\n|turn|5\n|\n|t:|1699751150\n|move|p2a: Rillaboom|Grassy Glide|p1b: Ogerpon\n|-damage|p1b: Ogerpon|65\/100\n|move|p2b: Ogerpon|Grassy Glide|p1b: Ogerpon\n|-damage|p1b: Ogerpon|0 fnt\n|faint|p1b: Ogerpon\n|move|p1a: Ursaluna|Hyper Voice|p2b: Ogerpon|[spread] p2a,p2b\n|-damage|p2a: Rillaboom|20\/100\n|-damage|p2b: Ogerpon|59\/100\n|-enditem|p1a: Ursaluna|Throat Spray\n|-boost|p1a: Ursaluna|spa|1|[from] item: Throat Spray\n|\n|-heal|p2a: Rillaboom|26\/100|[from] Grassy Terrain\n|-heal|p2b: Ogerpon|65\/100|[from] Grassy Terrain\n|-fieldend|move: Trick Room\n|upkeep\n|turn|6\n|\n|t:|1699751165\n|move|p2b: Ogerpon|Ivy Cudgel|p1a: Ursaluna\n|-supereffective|p1a: Ursaluna\n|-damage|p1a: Ursaluna|0 fnt\n|faint|p1a: Ursaluna\n|\n|win|DingusMcRingus\n|raw|RockyZ2000's rating: 1470 &rarr; <strong>1445<\/strong><br \/>(-25 for losing)\n|raw|DingusMcRingus's rating: 1388 &rarr; <strong>1413<\/strong><br \/>(+25 for winning)\n|l|\u2606RockyZ2000\n","uploadtime":1699751193,"views":32,"p1id":"rockyz2000","p2id":"dingusmcringus","formatid":"gen9vgc2023regulatione","rating":1413,"private":0,"password":""}