{"id":"gen9vgc2023regulatione-1990852514","p1":"Valiant 3.0","p2":"MysticEm","format":"[Gen 9] VGC 2023 Regulation E","log":"|j|\u2606Valiant 3.0\n|j|\u2606MysticEm\n|n|\u2606Valiant 3.0|valiant30\n|n|\u2606MysticEm|mysticem\n|html|View the match progress at <a href=\"\/game-bestof3-gen9vgc2023regulatione-1990843892\">game-bestof3-gen9vgc2023regulatione-1990843892<\/a>\n|t:|1700007686\n|gametype|doubles\n|player|p1|Valiant 3.0|flannery|\n|player|p2|MysticEm|265|\n|teamsize|p1|6\n|teamsize|p2|6\n|gen|9\n|tier|[Gen 9] VGC 2023 Regulation E\n|rule|Species Clause: Limit one of each Pok\u00e9mon\n|rule|Item Clause: Limit one of each item\n|clearpoke\n|poke|p1|Politoed, L50, M|\n|poke|p1|Thundurus-Therian, L50, M|\n|poke|p1|Tinkaton, L50, F|\n|poke|p1|Chien-Pao, L50|\n|poke|p1|Gallade, L50, M|\n|poke|p1|Ogerpon, L50, F|\n|poke|p2|Annihilape, L50, F|\n|poke|p2|Lurantis, L50, F|\n|poke|p2|Regieleki, L50|\n|poke|p2|Espathra, L50, F|\n|poke|p2|Gastrodon-East, L50, F|\n|poke|p2|Magnezone, L50|\n|teampreview|4\n|\n|t:|1700007740\n|start\n|switch|p1a: Chien-Pao|Chien-Pao, L50|100\/100\n|switch|p1b: Gallade|Gallade, L50, M, shiny|100\/100\n|switch|p2a: Gastrodon|Gastrodon-East, L50, F|100\/100\n|switch|p2b: Magnezone|Magnezone, L50, shiny|100\/100\n|-ability|p1a: Chien-Pao|Sword of Ruin\n|turn|1\n|\n|t:|1700007778\n|move|p1a: Chien-Pao|Protect|p1a: Chien-Pao\n|-singleturn|p1a: Chien-Pao|Protect\n|move|p2a: Gastrodon|Protect|p2a: Gastrodon\n|-singleturn|p2a: Gastrodon|Protect\n|move|p1b: Gallade|Leaf Blade|p2a: Gastrodon\n|-activate|p2a: Gastrodon|move: Protect\n|move|p2b: Magnezone|Flash Cannon|p1a: Chien-Pao\n|-activate|p1a: Chien-Pao|move: Protect\n|\n|upkeep\n|turn|2\n|j| Lkynmbr24\n|\n|t:|1700007808\n|switch|p1a: Thundurus|Thundurus-Therian, L50, M|100\/100\n|move|p1b: Gallade|Leaf Blade|p2a: Gastrodon\n|-supereffective|p2a: Gastrodon\n|-crit|p2a: Gastrodon\n|-damage|p2a: Gastrodon|0 fnt\n|faint|p2a: Gastrodon\n|move|p2b: Magnezone|Flash Cannon|p1a: Thundurus\n|-resisted|p1a: Thundurus\n|-damage|p1a: Thundurus|69\/100\n|\n|upkeep\n|\n|t:|1700007825\n|switch|p2a: Regieleki|Regieleki, L50, shiny|100\/100\n|turn|3\n|\n|t:|1700007838\n|-terastallize|p2a: Regieleki|Ice\n|-terastallize|p1a: Thundurus|Water\n|move|p2a: Regieleki|Tera Blast|p1a: Thundurus|[anim] Tera Blast Ice\n|-resisted|p1a: Thundurus\n|-damage|p1a: Thundurus|57\/100\n|move|p1b: Gallade|Leaf Blade|p2a: Regieleki\n|-damage|p2a: Regieleki|9\/100\n|move|p2b: Magnezone|Flash Cannon|p1b: Gallade\n|-damage|p1b: Gallade|34\/100\n|move|p1a: Thundurus|Wildbolt Storm|p2b: Magnezone|[spread] p2a,p2b\n|-resisted|p2b: Magnezone\n|-damage|p2a: Regieleki|0 fnt\n|-damage|p2b: Magnezone|72\/100\n|faint|p2a: Regieleki\n|\n|upkeep\n|\n|t:|1700007853\n|switch|p2a: Annihilape|Annihilape, L50, F|100\/100\n|turn|4\n|\n|t:|1700007892\n|switch|p1b: Ogerpon|Ogerpon, L50, F|100\/100\n|move|p2b: Magnezone|Flash Cannon|p1b: Ogerpon\n|-damage|p1b: Ogerpon|27\/100\n|move|p1a: Thundurus|Thunderbolt|p2a: Annihilape\n|-damage|p2a: Annihilape|61\/100\n|-status|p2a: Annihilape|par\n|move|p2a: Annihilape|Drain Punch|p1b: Ogerpon\n|-damage|p1b: Ogerpon|0 fnt\n|-heal|p2a: Annihilape|71\/100 par|[from] drain|[of] p1b: Ogerpon\n|faint|p1b: Ogerpon\n|\n|-heal|p2a: Annihilape|77\/100 par|[from] item: Leftovers\n|upkeep\n|\n|t:|1700007905\n|switch|p1b: Gallade|Gallade, L50, M, shiny|34\/100\n|turn|5\n|\n|t:|1700007913\n|move|p1b: Gallade|Close Combat|p2b: Magnezone\n|-supereffective|p2b: Magnezone\n|-damage|p2b: Magnezone|0 fnt\n|-unboost|p1b: Gallade|def|1\n|-unboost|p1b: Gallade|spd|1\n|faint|p2b: Magnezone\n|move|p1a: Thundurus|Thunderbolt|p2a: Annihilape\n|-damage|p2a: Annihilape|38\/100 par\n|move|p2a: Annihilape|Rage Fist|p1b: Gallade\n|-supereffective|p1b: Gallade\n|-damage|p1b: Gallade|0 fnt\n|faint|p1b: Gallade\n|\n|-heal|p2a: Annihilape|44\/100 par|[from] item: Leftovers\n|upkeep\n|\n|t:|1700007923\n|switch|p1b: Chien-Pao|Chien-Pao, L50|100\/100\n|-ability|p1b: Chien-Pao|Sword of Ruin\n|turn|6\n|\n|t:|1700007931\n|move|p1b: Chien-Pao|Crunch|p2a: Annihilape\n|-damage|p2a: Annihilape|0 fnt\n|faint|p2a: Annihilape\n|\n|win|Valiant 3.0\n|c|\u2606Valiant 3.0|GGs\n|c|\u2606MysticEm|gg\n|l| Lkynmbr24\n|j| Lkynmbr24\n|l|\u2606MysticEm\n|l| Lkynmbr24\n|l|\u2606Valiant 3.0\n|j|\u2606Valiant 3.0\n|player|p1|Valiant 3.0|flannery\n","uploadtime":1700007983,"views":15,"p1id":"valiant30","p2id":"mysticem","formatid":"gen9vgc2023regulatione","rating":0,"private":0,"password":""}