{"id":"gen9vgc2023regulatione-1991709365","p1":"kidturtle","p2":"Cdogp","format":"[Gen 9] VGC 2023 Regulation E","log":"|j|\u2606kidturtle\n|j|\u2606Cdogp\n|t:|1700105353\n|gametype|doubles\n|player|p1|kidturtle|hoopster|\n|player|p2|Cdogp|wattson|\n|teamsize|p1|6\n|teamsize|p2|6\n|gen|9\n|tier|[Gen 9] VGC 2023 Regulation E\n|rated|Tournament battle\n|rule|Species Clause: Limit one of each Pok\u00e9mon\n|rule|Item Clause: Limit one of each item\n|clearpoke\n|poke|p1|Ursaluna, L50, M|\n|poke|p1|Cresselia, L50, F|\n|poke|p1|Flutter Mane, L50|\n|poke|p1|Chi-Yu, L50|\n|poke|p1|Iron Hands, L50|\n|poke|p1|Urshifu-*, L50, M|\n|poke|p2|Amoonguss, L50, M|\n|poke|p2|Landorus-Therian, L50, M|\n|poke|p2|Urshifu-*, L50, M|\n|poke|p2|Iron Hands, L50|\n|poke|p2|Arcanine, L50, F|\n|poke|p2|Flutter Mane, L50|\n|teampreview|4\n|showteam|p1|Ursaluna||FlameOrb|Guts|Facade,Earthquake,SwordsDance,Protect|||M|||50|,,,,,Ghost]Cresselia||MentalHerb|Levitate|IceBeam,AllySwitch,LunarBlessing,TrickRoom|||F|||50|,,,,,Fairy]Flutter Mane||BoosterEnergy|Protosynthesis|IcyWind,ShadowBall,Moonblast,Protect||||||50|,,,,,Fairy]Chi-Yu||ChoiceSpecs|BeadsofRuin|BurningJealousy,DarkPulse,Overheat,Snarl||||||50|,,,,,Ghost]Iron Hands||SitrusBerry|QuarkDrive|DrainPunch,WildCharge,FakeOut,SwordsDance||||||50|,,,,,Fire]Urshifu||FocusSash|UnseenFist|Detect,WickedBlow,CloseCombat,SuckerPunch|||M|||50|,,,,,Dark\n|showteam|p2|Amoonguss||MentalHerb|Regenerator|Spore,PollenPuff,RagePowder,Protect|||M|||50|,,,,,Water]Landorus-Therian||ClearAmulet|Intimidate|TeraBlast,Uturn,StompingTantrum,Protect|||M|||50|,,,,,Flying]Urshifu-Rapid-Strike||ChoiceScarf|UnseenFist|Uturn,SurgingStrikes,AquaJet,CloseCombat|||M|||50|,,,,,Water]Iron Hands||Leftovers|QuarkDrive|WildCharge,Detect,SwordsDance,DrainPunch||||||50|,,,,,Fire]Arcanine||SafetyGoggles|Intimidate|WillOWisp,FlareBlitz,Snarl,Protect|||F|||50|,,,,,Water]Flutter Mane||ChoiceSpecs|Protosynthesis|ShadowBall,DazzlingGleam,Moonblast,EnergyBall||||||50|,,,,,Grass\n|inactive|Battle timer is ON: inactive players will automatically lose when time's up. (requested by Cdogp)\n|c|\u2606kidturtle|this team\n|c|\u2606Cdogp|Hello\n|c|\u2606kidturtle|hello\n|inactive|kidturtle has 60 seconds left.\n|\n|t:|1700105399\n|start\n|switch|p1a: Flutter Mane|Flutter Mane, L50, shiny|100\/100\n|switch|p1b: Chi-Yu|Chi-Yu, L50|100\/100\n|switch|p2a: Wellerman|Urshifu-Rapid-Strike, L50, M|100\/100\n|switch|p2b: Usopp|Amoonguss, L50, M|100\/100\n|-ability|p1b: Chi-Yu|Beads of Ruin\n|-enditem|p1a: Flutter Mane|Booster Energy\n|-activate|p1a: Flutter Mane|ability: Protosynthesis|[fromitem]\n|-start|p1a: Flutter Mane|protosynthesisspe\n|turn|1\n|inactive|kidturtle has 30 seconds left.\n|inactive|Cdogp has 30 seconds left.\n|inactive|kidturtle has 20 seconds left.\n|\n|t:|1700105435\n|-terastallize|p2b: Usopp|Water\n|move|p2b: Usopp|Rage Powder|p2b: Usopp\n|-singleturn|p2b: Usopp|move: Rage Powder\n|move|p1a: Flutter Mane|Icy Wind|p2b: Usopp|[spread] p2a,p2b\n|-resisted|p2a: Wellerman\n|-resisted|p2b: Usopp\n|-damage|p2a: Wellerman|88\/100\n|-damage|p2b: Usopp|92\/100\n|-unboost|p2a: Wellerman|spe|1\n|-unboost|p2b: Usopp|spe|1\n|move|p1b: Chi-Yu|Dark Pulse|p2b: Usopp\n|-damage|p2b: Usopp|23\/100\n|move|p2a: Wellerman|Surging Strikes|p1b: Chi-Yu\n|-supereffective|p1b: Chi-Yu\n|-crit|p1b: Chi-Yu\n|-damage|p1b: Chi-Yu|36\/100\n|-supereffective|p1b: Chi-Yu\n|-crit|p1b: Chi-Yu\n|-damage|p1b: Chi-Yu|0 fnt\n|faint|p1b: Chi-Yu\n|-hitcount|p1: Chi-Yu|2\n|\n|upkeep\n|\n|t:|1700105447\n|switch|p1b: Cresselia|Cresselia, L50, F|100\/100\n|turn|2\n|\n|t:|1700105461\n|move|p1a: Flutter Mane|Moonblast|p2a: Wellerman\n|-supereffective|p2a: Wellerman\n|-damage|p2a: Wellerman|0 fnt\n|faint|p2a: Wellerman\n|move|p2b: Usopp|Spore|p1b: Cresselia\n|-status|p1b: Cresselia|slp|[from] move: Spore\n|cant|p1b: Cresselia|slp\n|\n|upkeep\n|\n|t:|1700105464\n|switch|p2a: Chad|Iron Hands, L50|100\/100\n|turn|3\n|\n|t:|1700105476\n|switch|p1b: Ursaluna|Ursaluna, L50, M|100\/100\n|move|p1a: Flutter Mane|Protect|p1a: Flutter Mane\n|-singleturn|p1a: Flutter Mane|Protect\n|move|p2b: Usopp|Rage Powder|p2b: Usopp\n|-singleturn|p2b: Usopp|move: Rage Powder\n|move|p2a: Chad|Swords Dance|p2a: Chad\n|-boost|p2a: Chad|atk|2\n|\n|-status|p1b: Ursaluna|brn|[from] item: Flame Orb\n|upkeep\n|turn|4\n|\n|t:|1700105487\n|-end|p1a: Flutter Mane|Protosynthesis|[silent]\n|switch|p1a: Cresselia|Cresselia, L50, F|100\/100 slp\n|move|p2a: Chad|Detect|p2a: Chad\n|-singleturn|p2a: Chad|Protect\n|move|p1b: Ursaluna|Earthquake|p2a: Chad|[spread] p2b\n|-activate|p2a: Chad|move: Protect\n|-immune|p1a: Cresselia|[from] ability: Levitate\n|-damage|p2b: Usopp|0 fnt\n|faint|p2b: Usopp\n|\n|-damage|p1b: Ursaluna|95\/100 brn|[from] brn\n|upkeep\n|\n|t:|1700105491\n|switch|p2b: LeBron James|Landorus-Therian, L50, M|100\/100\n|-ability|p2b: LeBron James|Intimidate|boost\n|-unboost|p1a: Cresselia|atk|1\n|-unboost|p1b: Ursaluna|atk|1\n|turn|5\n|c|\u2606kidturtle|yo thats my lando\n|\n|t:|1700105508\n|move|p1b: Ursaluna|Protect|p1b: Ursaluna\n|-singleturn|p1b: Ursaluna|Protect\n|move|p2b: LeBron James|Stomping Tantrum|p1b: Ursaluna\n|-activate|p1b: Ursaluna|move: Protect\n|move|p2a: Chad|Drain Punch|p1b: Ursaluna\n|-activate|p1b: Ursaluna|move: Protect\n|cant|p1a: Cresselia|slp\n|\n|-damage|p1b: Ursaluna|89\/100 brn|[from] brn\n|upkeep\n|turn|6\n|\n|t:|1700105528\n|switch|p1b: Flutter Mane|Flutter Mane, L50, shiny|100\/100\n|move|p2b: LeBron James|Protect|p2b: LeBron James\n|-singleturn|p2b: LeBron James|Protect\n|move|p2a: Chad|Detect|p2a: Chad\n|-singleturn|p2a: Chad|Protect\n|-curestatus|p1a: Cresselia|slp|[msg]\n|move|p1a: Cresselia|Trick Room|p1a: Cresselia\n|-fieldstart|move: Trick Room|[of] p1a: Cresselia\n|\n|upkeep\n|turn|7\n|c|\u2606Cdogp|The celebrity\n|\n|t:|1700105552\n|move|p2a: Chad|Drain Punch|p1b: Flutter Mane\n|-immune|p1b: Flutter Mane\n|move|p1a: Cresselia|Ice Beam|p2b: LeBron James\n|-supereffective|p2b: LeBron James\n|-damage|p2b: LeBron James|23\/100\n|move|p2b: LeBron James|Stomping Tantrum|p1b: Flutter Mane\n|-damage|p1b: Flutter Mane|0 fnt\n|faint|p1b: Flutter Mane\n|-end|p1b: Flutter Mane|Protosynthesis|[silent]\n|\n|upkeep\n|\n|t:|1700105559\n|switch|p1b: Ursaluna|Ursaluna, L50, M|89\/100 brn\n|turn|8\n|\n|t:|1700105569\n|-terastallize|p1b: Ursaluna|Ghost\n|move|p1b: Ursaluna|Earthquake|p2b: LeBron James|[spread] p2a\n|-immune|p1a: Cresselia|[from] ability: Levitate\n|-immune|p2b: LeBron James\n|-supereffective|p2a: Chad\n|-damage|p2a: Chad|12\/100\n|move|p2a: Chad|Drain Punch|p1b: Ursaluna\n|-immune|p1b: Ursaluna\n|move|p1a: Cresselia|Ice Beam|p2b: LeBron James\n|-supereffective|p2b: LeBron James\n|-damage|p2b: LeBron James|0 fnt\n|faint|p2b: LeBron James\n|\n|-heal|p2a: Chad|18\/100|[from] item: Leftovers\n|-damage|p1b: Ursaluna|83\/100 brn|[from] brn\n|upkeep\n|turn|9\n|-message|Cdogp forfeited.\n|\n|win|kidturtle\n|n|\u2606kidturtle|kidturtle\n|n|\u2606Cdogp|cdogp\n|l|\u2606Cdogp\n|j|\u2606Cdogp\n|player|p2|Cdogp|wattson\n","uploadtime":1700105575,"views":30,"p1id":"kidturtle","p2id":"cdogp","formatid":"gen9vgc2023regulatione","rating":0,"private":0,"password":""}