{"id":"gen9vgc2023regulatione-1990028073","p1":"Griff Notes","p2":"Leek_Alt","format":"[Gen 9] VGC 2023 Regulation E","log":"|j|\u2606Griff Notes\n|j|\u2606Leek_Alt\n|t:|1699916876\n|gametype|doubles\n|player|p1|Griff Notes|101|1141\n|player|p2|Leek_Alt|170|1122\n|teamsize|p1|6\n|teamsize|p2|6\n|gen|9\n|tier|[Gen 9] VGC 2023 Regulation E\n|rated|\n|rule|Species Clause: Limit one of each Pok\u00e9mon\n|rule|Item Clause: Limit one of each item\n|clearpoke\n|poke|p1|Moltres-Galar, L50|\n|poke|p1|Arcanine-Hisui, L50, M|\n|poke|p1|Munkidori, L50, M|\n|poke|p1|Sinistcha, L50|\n|poke|p1|Grimmsnarl, L50, M|\n|poke|p1|Iron Hands, L50|\n|poke|p2|Iron Bundle, L50|\n|poke|p2|Gholdengo, L50|\n|poke|p2|Landorus-Therian, L50, M|\n|poke|p2|Amoonguss, L50, F|\n|poke|p2|Arcanine-Hisui, L50, M|\n|poke|p2|Sylveon, L50, M|\n|teampreview|4\nGriff Notes has agreed to open team sheets.\n|j| AtomX7VGC\nLeek_Alt has agreed to open team sheets.\n|\n|t:|1699916907\n|start\n|switch|p1a: Iron Hands|Iron Hands, L50|100\/100\n|switch|p1b: Grimmsnarl|Grimmsnarl, L50, M|100\/100\n|switch|p2a: Iron Bundle|Iron Bundle, L50|100\/100\n|switch|p2b: Gholdengo|Gholdengo, L50|100\/100\n|-enditem|p2a: Iron Bundle|Booster Energy\n|-activate|p2a: Iron Bundle|ability: Quark Drive|[fromitem]\n|-start|p2a: Iron Bundle|quarkdrivespe\n|turn|1\n|inactive|Battle timer is ON: inactive players will automatically lose when time's up. (requested by Leek_Alt)\n|inactive|Griff Notes has 60 seconds left.\n|\n|t:|1699916950\n|move|p2a: Iron Bundle|Protect|p2a: Iron Bundle\n|-singleturn|p2a: Iron Bundle|Protect\n|move|p1a: Iron Hands|Fake Out|p2a: Iron Bundle\n|-activate|p2a: Iron Bundle|move: Protect\n|move|p1b: Grimmsnarl|Light Screen|p1b: Grimmsnarl\n|-sidestart|p1: Griff Notes|move: Light Screen\n|move|p2b: Gholdengo|Nasty Plot|p2b: Gholdengo\n|-boost|p2b: Gholdengo|spa|2\n|\n|upkeep\n|turn|2\n|inactive|Griff Notes has 30 seconds left.\n|inactive|Griff Notes has 20 seconds left.\n|inactive|Griff Notes has 15 seconds left.\n|\n|t:|1699916990\n|move|p2a: Iron Bundle|Hydro Pump|p1b: Grimmsnarl\n|-damage|p1b: Grimmsnarl|65\/100\n|move|p2b: Gholdengo|Nasty Plot|p2b: Gholdengo\n|-boost|p2b: Gholdengo|spa|2\n|move|p1b: Grimmsnarl|Spirit Break|p2b: Gholdengo\n|-resisted|p2b: Gholdengo\n|-damage|p2b: Gholdengo|88\/100\n|-unboost|p2b: Gholdengo|spa|1\n|move|p1a: Iron Hands|Wild Charge|p2a: Iron Bundle\n|-supereffective|p2a: Iron Bundle\n|-damage|p2a: Iron Bundle|0 fnt\n|faint|p2a: Iron Bundle\n|-end|p2a: Iron Bundle|Quark Drive|[silent]\n|-damage|p1a: Iron Hands|88\/100|[from] Recoil\n|\n|upkeep\n|\n|t:|1699917001\n|switch|p2a: Sylveon|Sylveon, L50, M|100\/100\n|turn|3\n|\n|t:|1699917013\n|switch|p1b: Sinistcha|Sinistcha, L50|100\/100\n|-heal|p1a: Iron Hands|100\/100|[from] ability: Hospitality|[of] p1b: Sinistcha\n|move|p2b: Gholdengo|Nasty Plot|p2b: Gholdengo\n|-boost|p2b: Gholdengo|spa|2\n|move|p2a: Sylveon|Hyper Voice|p1b: Sinistcha|[spread] p1a,p1b\n|-supereffective|p1a: Iron Hands\n|-damage|p1a: Iron Hands|56\/100\n|-damage|p1b: Sinistcha|63\/100\n|move|p1a: Iron Hands|Heavy Slam|p2a: Sylveon\n|-supereffective|p2a: Sylveon\n|-damage|p2a: Sylveon|0 fnt\n|faint|p2a: Sylveon\n|\n|upkeep\n|\n|t:|1699917018\n|switch|p2a: Arcanine|Arcanine-Hisui, L50, M|100\/100\n|-ability|p2a: Arcanine|Intimidate|boost\n|-unboost|p1a: Iron Hands|atk|1\n|-unboost|p1b: Sinistcha|atk|1\n|turn|4\n|inactive|Griff Notes has 30 seconds left.\n|inactive|Griff Notes has 20 seconds left.\n|inactive|Griff Notes has 15 seconds left.\n|\n|t:|1699917058\n|move|p2a: Arcanine|Flare Blitz|p1b: Sinistcha\n|-supereffective|p1b: Sinistcha\n|-damage|p1b: Sinistcha|0 fnt\n|-damage|p2a: Arcanine|84\/100|[from] item: Rocky Helmet|[of] p1b: Sinistcha\n|faint|p1b: Sinistcha\n|-damage|p2a: Arcanine|66\/100|[from] Recoil\n|move|p2b: Gholdengo|Shadow Ball|p1a: Iron Hands\n|-damage|p1a: Iron Hands|0 fnt\n|faint|p1a: Iron Hands\n|-end|p1a: Iron Hands|Quark Drive|[silent]\n|-damage|p2b: Gholdengo|78\/100|[from] item: Life Orb\n|\n|upkeep\n|\n|t:|1699917069\n|switch|p1b: Moltres|Moltres-Galar, L50|100\/100\n|switch|p1a: Grimmsnarl|Grimmsnarl, L50, M|65\/100\n|turn|5\n|\n|t:|1699917083\n|-terastallize|p2b: Gholdengo|Water\n|move|p1b: Moltres|Protect|p1b: Moltres\n|-singleturn|p1b: Moltres|Protect\n|move|p1a: Grimmsnarl|Parting Shot|p2b: Gholdengo\n|-immune|p2b: Gholdengo|[from] ability: Good as Gold\n|move|p2a: Arcanine|Rock Slide|p1a: Grimmsnarl|[spread] p1a\n|-activate|p1b: Moltres|move: Protect\n|-damage|p1a: Grimmsnarl|44\/100\n|move|p2b: Gholdengo|Make It Rain|p1a: Grimmsnarl|[spread] p1a\n|-activate|p1b: Moltres|move: Protect\n|-supereffective|p1a: Grimmsnarl\n|-damage|p1a: Grimmsnarl|0 fnt\n|-unboost|p2b: Gholdengo|spa|1\n|faint|p1a: Grimmsnarl\n|-damage|p2b: Gholdengo|68\/100|[from] item: Life Orb\n|\n|upkeep\n|turn|6\n|\n|t:|1699917105\n|move|p2a: Arcanine|Rock Slide|p1b: Moltres\n|-supereffective|p1b: Moltres\n|-damage|p1b: Moltres|29\/100\n|-ability|p1b: Moltres|Berserk|boost\n|-boost|p1b: Moltres|spa|1\n|-enditem|p1b: Moltres|Sitrus Berry|[eat]\n|-heal|p1b: Moltres|54\/100|[from] item: Sitrus Berry\n|cant|p1b: Moltres|flinch\n|move|p2b: Gholdengo|Make It Rain|p1b: Moltres\n|-damage|p1b: Moltres|0 fnt\n|-unboost|p2b: Gholdengo|spa|1\n|faint|p1b: Moltres\n|-damage|p2b: Gholdengo|58\/100|[from] item: Life Orb\n|\n|win|Leek_Alt\n|raw|Griff Notes's rating: 1141 &rarr; <strong>1115<\/strong><br \/>(-26 for losing)\n|raw|Leek_Alt's rating: 1122 &rarr; <strong>1148<\/strong><br \/>(+26 for winning)\n|c|\u2606Griff Notes|gg\n","uploadtime":1699917115,"views":9,"p1id":"griffnotes","p2id":"leekalt","formatid":"gen9vgc2023regulatione","rating":1115,"private":0,"password":""}