{"id":"gen9vgc2023regulatione-1992681139","p1":"Iranupagoat","p2":"Cassatol","format":"[Gen 9] VGC 2023 Regulation E","log":"|j|\u2606Iranupagoat\n|j|\u2606Cassatol\n|t:|1700224561\n|gametype|doubles\n|player|p1|Iranupagoat|265|1264\n|player|p2|Cassatol|169|1356\n|teamsize|p1|6\n|teamsize|p2|6\n|gen|9\n|tier|[Gen 9] VGC 2023 Regulation E\n|rated|\n|rule|Species Clause: Limit one of each Pok\u00e9mon\n|rule|Item Clause: Limit one of each item\n|clearpoke\n|poke|p1|Brambleghast, L50, M|\n|poke|p1|Dragonite, L50, M|\n|poke|p1|Chien-Pao, L50|\n|poke|p1|Tornadus, L50, M|\n|poke|p1|Flutter Mane, L50|\n|poke|p1|Munkidori, L50, M|\n|poke|p2|Arcanine-Hisui, L50, M|\n|poke|p2|Gholdengo, L50|\n|poke|p2|Tornadus, L50, M|\n|poke|p2|Amoonguss, L50, M|\n|poke|p2|Urshifu-*, L50, M|\n|poke|p2|Iron Bundle, L50|\n|teampreview|4\n|inactive|Battle timer is ON: inactive players will automatically lose when time's up. (requested by Cassatol)\n|\n|t:|1700224585\n|start\n|switch|p1a: Tornadus|Tornadus, L50, M, shiny|100\/100\n|switch|p1b: Brambleghast|Brambleghast, L50, M, shiny|100\/100\n|switch|p2a: Tornadus|Tornadus, L50, M|100\/100\n|switch|p2b: Gholdengo|Gholdengo, L50|100\/100\n|turn|1\n|\n|t:|1700224607\n|-terastallize|p2b: Gholdengo|Dragon\n|move|p2a: Tornadus|Tailwind|p2a: Tornadus\n|-sidestart|p2: Cassatol|move: Tailwind\n|move|p1a: Tornadus|Tailwind|p1a: Tornadus\n|-sidestart|p1: Iranupagoat|move: Tailwind\n|-ability|p1b: Brambleghast|Wind Rider|boost\n|-boost|p1b: Brambleghast|atk|1\n|move|p1b: Brambleghast|Phantom Force||[still]\n|-prepare|p1b: Brambleghast|Phantom Force\n|move|p2b: Gholdengo|Shadow Ball|p1a: Tornadus\n|-damage|p1a: Tornadus|36\/100\n|-damage|p2b: Gholdengo|91\/100|[from] item: Life Orb\n|\n|upkeep\n|turn|2\n|inactive|Cassatol has 30 seconds left.\n|\n|t:|1700224637\n|switch|p1a: Chien-Pao|Chien-Pao, L50|100\/100\n|-ability|p1a: Chien-Pao|Sword of Ruin\n|switch|p2a: Urshifu|Urshifu, L50, M|100\/100\n|move|p1b: Brambleghast|Phantom Force|p2b: Gholdengo|[from]lockedmove\n|-damage|p2b: Gholdengo|14\/100\n|move|p2b: Gholdengo|Make It Rain|p1b: Brambleghast|[spread] p1a,p1b\n|-supereffective|p1a: Chien-Pao\n|-crit|p1a: Chien-Pao\n|-damage|p1a: Chien-Pao|0 fnt\n|-damage|p1b: Brambleghast|7\/100\n|-unboost|p2b: Gholdengo|spa|1\n|faint|p1a: Chien-Pao\n|-damage|p2b: Gholdengo|5\/100|[from] item: Life Orb\n|\n|upkeep\n|\n|t:|1700224654\n|switch|p1a: Dragonite|Dragonite, L50, M, shiny|100\/100\n|turn|3\n|\n|t:|1700224664\n|-terastallize|p1a: Dragonite|Normal\n|move|p1b: Brambleghast|Protect|p1b: Brambleghast\n|-singleturn|p1b: Brambleghast|Protect\n|move|p2b: Gholdengo|Protect|p2b: Gholdengo\n|-singleturn|p2b: Gholdengo|Protect\n|move|p1a: Dragonite|Extreme Speed|p2b: Gholdengo\n|-activate|p2b: Gholdengo|move: Protect\n|move|p2a: Urshifu|Wicked Blow|p1b: Brambleghast\n|-supereffective|p1b: Brambleghast\n|-crit|p1b: Brambleghast\n|-damage|p1b: Brambleghast|0 fnt\n|faint|p1b: Brambleghast\n|\n|upkeep\n|\n|t:|1700224680\n|switch|p1b: Tornadus|Tornadus, L50, M, shiny|36\/100\n|turn|4\n|\n|t:|1700224685\n|move|p1a: Dragonite|Extreme Speed|p2b: Gholdengo\n|-damage|p2b: Gholdengo|0 fnt\n|faint|p2b: Gholdengo\n|move|p1b: Tornadus|Bleakwind Storm|p2a: Urshifu|[miss]\n|-miss|p1b: Tornadus|p2a: Urshifu\n|move|p2a: Urshifu|Wicked Blow|p1b: Tornadus\n|-crit|p1b: Tornadus\n|-damage|p1b: Tornadus|0 fnt\n|faint|p1b: Tornadus\n|\n|-sideend|p2: Cassatol|move: Tailwind\n|-sideend|p1: Iranupagoat|move: Tailwind\n|upkeep\n|\n|t:|1700224695\n|switch|p2b: Tornadus|Tornadus, L50, M|100\/100\n|turn|5\n|\n|t:|1700224701\n|move|p1a: Dragonite|Extreme Speed|p2a: Urshifu\n|-damage|p2a: Urshifu|46\/100\n|move|p2b: Tornadus|Tailwind|p2b: Tornadus\n|-sidestart|p2: Cassatol|move: Tailwind\n|move|p2a: Urshifu|Wicked Blow|p1a: Dragonite\n|-crit|p1a: Dragonite\n|-damage|p1a: Dragonite|47\/100\n|\n|upkeep\n|turn|6\n|\n|t:|1700224711\n|move|p1a: Dragonite|Extreme Speed|p2a: Urshifu\n|-damage|p2a: Urshifu|0 fnt\n|faint|p2a: Urshifu\n|move|p2b: Tornadus|Bleakwind Storm|p1a: Dragonite\n|-damage|p1a: Dragonite|2\/100\n|\n|upkeep\n|\n|t:|1700224717\n|switch|p2a: Iron Bundle|Iron Bundle, L50|100\/100\n|-enditem|p2a: Iron Bundle|Booster Energy\n|-activate|p2a: Iron Bundle|ability: Quark Drive|[fromitem]\n|-start|p2a: Iron Bundle|quarkdrivespe\n|turn|7\n|\n|t:|1700224721\n|move|p1a: Dragonite|Extreme Speed|p2a: Iron Bundle\n|-damage|p2a: Iron Bundle|25\/100\n|move|p2a: Iron Bundle|Freeze-Dry|p1a: Dragonite\n|-damage|p1a: Dragonite|0 fnt\n|faint|p1a: Dragonite\n|\n|win|Cassatol\n|raw|Iranupagoat's rating: 1264 &rarr; <strong>1245<\/strong><br \/>(-19 for losing)\n|raw|Cassatol's rating: 1356 &rarr; <strong>1371<\/strong><br \/>(+15 for winning)\n|l|\u2606Iranupagoat\n","uploadtime":1700224738,"views":24,"p1id":"iranupagoat","p2id":"cassatol","formatid":"gen9vgc2023regulatione","rating":1245,"private":0,"password":""}