{"id":"gen9vgc2023regulatione-1990953753","p1":"StupidSweepers","p2":"Bulb_his_saur","format":"[Gen 9] VGC 2023 Regulation E","log":"|j|\u2606StupidSweepers\n|j|\u2606Bulb_his_saur\n|t:|1700019222\n|gametype|doubles\n|player|p1|StupidSweepers|burglar|1196\n|player|p2|Bulb_his_saur|backpacker|1153\n|teamsize|p1|6\n|teamsize|p2|6\n|gen|9\n|tier|[Gen 9] VGC 2023 Regulation E\n|rated|\n|rule|Species Clause: Limit one of each Pok\u00e9mon\n|rule|Item Clause: Limit one of each item\n|clearpoke\n|poke|p1|Tornadus, L50, M|\n|poke|p1|Ogerpon-Wellspring, L50, F|\n|poke|p1|Thundurus-Therian, L50, M|\n|poke|p1|Chien-Pao, L50|\n|poke|p1|Dragonite, L50, M|\n|poke|p1|Brambleghast, L50, F|\n|poke|p2|Rillaboom, L50, M|\n|poke|p2|Illumise, L50, F|\n|poke|p2|Lurantis, L50, M|\n|poke|p2|Ninetales-Alola, L50, F|\n|poke|p2|Brambleghast, L50, M|\n|poke|p2|Tauros-Paldea-Aqua, L50, M|\n|teampreview|4\n|inactive|Battle timer is ON: inactive players will automatically lose when time's up. (requested by Bulb_his_saur)\n|inactive|StupidSweepers has 60 seconds left.\n|\n|t:|1700019281\n|start\n|switch|p1a: Chien-Pao|Chien-Pao, L50|100\/100\n|switch|p1b: Dragonite|Dragonite, L50, M|100\/100\n|switch|p2a: A friend <3|Illumise, L50, F|100\/100\n|switch|p2b: BUG|Lurantis, L50, M|100\/100\n|-ability|p1a: Chien-Pao|Sword of Ruin\n|turn|1\n|c|\u2606Bulb_his_saur|Hfgl\n|c|\u2606StupidSweepers|U2\n|\n|t:|1700019302\n|-terastallize|p2b: BUG|Poison\n|move|p1b: Dragonite|Extreme Speed|p2a: A friend <3\n|-damage|p2a: A friend <3|15\/100\n|move|p2a: A friend <3|Charm|p1b: Dragonite\n|-unboost|p1b: Dragonite|atk|2\n|move|p1a: Chien-Pao|Icicle Crash|p2b: BUG\n|-damage|p2b: BUG|32\/100\n|move|p2b: BUG|Superpower|p1a: Chien-Pao\n|-supereffective|p1a: Chien-Pao\n|-enditem|p1a: Chien-Pao|Focus Sash\n|-damage|p1a: Chien-Pao|1\/100\n|-boost|p2b: BUG|atk|1\n|-boost|p2b: BUG|def|1\n|\n|upkeep\n|turn|2\n|inactive|Bulb_his_saur has 30 seconds left.\n|inactive|StupidSweepers has 30 seconds left.\n|inactive|Bulb_his_saur has 20 seconds left.\n|inactive|Bulb_his_saur has 15 seconds left.\n|inactive|Bulb_his_saur has 10 seconds left.\n|\n|t:|1700019349\n|switch|p2a: RootinTootin|Brambleghast, L50, M|100\/100\n|move|p1b: Dragonite|Extreme Speed|p2a: RootinTootin\n|-immune|p2a: RootinTootin\n|move|p1a: Chien-Pao|Sucker Punch|p2b: BUG\n|-damage|p2b: BUG|0 fnt\n|faint|p2b: BUG\n|\n|upkeep\n|\n|t:|1700019358\n|switch|p2b: A friend <3|Illumise, L50, F|15\/100\n|turn|3\n|\n|t:|1700019372\n|move|p1b: Dragonite|Extreme Speed|p2b: A friend <3\n|-damage|p2b: A friend <3|0 fnt\n|faint|p2b: A friend <3\n|move|p1a: Chien-Pao|Sucker Punch||[still]\n|-fail|p1a: Chien-Pao\n|move|p2a: RootinTootin|Strength Sap|p1a: Chien-Pao\n|-unboost|p1a: Chien-Pao|atk|1\n|\n|upkeep\n|\n|t:|1700019378\n|switch|p2b: Prenty|Ninetales-Alola, L50, F|100\/100\n|-weather|Snow|[from] ability: Snow Warning|[of] p2b: Prenty\n|turn|4\n|inactive|StupidSweepers has 30 seconds left.\n|inactive|StupidSweepers has 20 seconds left.\n|\n|t:|1700019417\n|switch|p1b: Tornadus|Tornadus, L50, M|100\/100\n|move|p1a: Chien-Pao|Crunch|p2a: RootinTootin\n|-supereffective|p2a: RootinTootin\n|-damage|p2a: RootinTootin|0 fnt\n|faint|p2a: RootinTootin\n|move|p2b: Prenty|Blizzard|p1a: Chien-Pao|[spread] p1a,p1b\n|-resisted|p1a: Chien-Pao\n|-supereffective|p1b: Tornadus\n|-damage|p1a: Chien-Pao|0 fnt\n|-damage|p1b: Tornadus|2\/100\n|faint|p1a: Chien-Pao\n|\n|-weather|Snow|[upkeep]\n|upkeep\n|\n|t:|1700019427\n|switch|p1a: Thundurus|Thundurus-Therian, L50, M|100\/100\n|turn|5\n|\n|t:|1700019440\n|move|p1b: Tornadus|Rain Dance|p1b: Tornadus\n|-weather|RainDance\n|move|p2b: Prenty|Blizzard|p1b: Tornadus|[spread] p1a,p1b\n|-supereffective|p1a: Thundurus\n|-supereffective|p1b: Tornadus\n|-damage|p1a: Thundurus|49\/100\n|-damage|p1b: Tornadus|0 fnt\n|faint|p1b: Tornadus\n|move|p1a: Thundurus|Wildbolt Storm|p2b: Prenty\n|-damage|p2b: Prenty|27\/100\n|\n|-weather|RainDance|[upkeep]\n|upkeep\n|\n|t:|1700019444\n|switch|p1b: Dragonite|Dragonite, L50, M|100\/100\n|turn|6\n|\n|t:|1700019449\n|move|p1b: Dragonite|Extreme Speed|p2b: Prenty\n|-damage|p2b: Prenty|0 fnt\n|faint|p2b: Prenty\n|\n|win|StupidSweepers\n|raw|StupidSweepers's rating: 1196 &rarr; <strong>1218<\/strong><br \/>(+22 for winning)\n|raw|Bulb_his_saur's rating: 1153 &rarr; <strong>1131<\/strong><br \/>(-22 for losing)\n|l|\u2606Bulb_his_saur\n|c|\u2606StupidSweepers|gg\n","uploadtime":1700019474,"views":10,"p1id":"stupidsweepers","p2id":"bulbhissaur","formatid":"gen9vgc2023regulatione","rating":1131,"private":0,"password":""}