{"id":"gen9vgc2023regulatione-1989447876","p1":"scizorcloud7","p2":"Kzjhekz","format":"[Gen 9] VGC 2023 Regulation E","log":"|j|\u2606scizorcloud7\n|j|\u2606Kzjhekz\n|t:|1699851926\n|gametype|doubles\n|player|p1|scizorcloud7|101|1101\n|player|p2|Kzjhekz|lance|1100\n|teamsize|p1|6\n|teamsize|p2|6\n|gen|9\n|tier|[Gen 9] VGC 2023 Regulation E\n|rated|\n|rule|Species Clause: Limit one of each Pok\u00e9mon\n|rule|Item Clause: Limit one of each item\n|clearpoke\n|poke|p1|Tyranitar, L50, M|\n|poke|p1|Rillaboom, L50, M|\n|poke|p1|Flutter Mane, L50|\n|poke|p1|Kommo-o, L50, M|\n|poke|p1|Iron Bundle, L50|\n|poke|p1|Arcanine-Hisui, L50, F|\n|poke|p2|Flutter Mane, L50|\n|poke|p2|Tornadus, L50, M|\n|poke|p2|Rillaboom, L50, M|\n|poke|p2|Garganacl, L50, M|\n|poke|p2|Arcanine-Hisui, L50, F|\n|poke|p2|Chien-Pao, L50|\n|teampreview|4\n|inactive|Battle timer is ON: inactive players will automatically lose when time's up. (requested by scizorcloud7)\n|\n|t:|1699851950\n|start\n|switch|p1a: Kommo-o|Kommo-o, L50, M|100\/100\n|switch|p1b: Flutter Mane|Flutter Mane, L50|100\/100\n|switch|p2a: Tornadus|Tornadus, L50, M|100\/100\n|switch|p2b: Garganacl|Garganacl, L50, M|100\/100\n|turn|1\n|\n|t:|1699851974\n|-terastallize|p2b: Garganacl|Ghost\n|move|p2a: Tornadus|Taunt|p1a: Kommo-o\n|-start|p1a: Kommo-o|move: Taunt\n|move|p1b: Flutter Mane|Dazzling Gleam|p2b: Garganacl|[spread] p2a,p2b\n|-damage|p2a: Tornadus|63\/100\n|-damage|p2b: Garganacl|68\/100\n|move|p1a: Kommo-o|Body Press|p2b: Garganacl\n|-immune|p2b: Garganacl\n|move|p2b: Garganacl|Salt Cure|p1b: Flutter Mane\n|-damage|p1b: Flutter Mane|71\/100\n|-start|p1b: Flutter Mane|Salt Cure\n|\n|-damage|p1b: Flutter Mane|59\/100|[from] Salt Cure\n|upkeep\n|turn|2\n|\n|t:|1699851992\n|switch|p1a: Tyranitar|Tyranitar, L50, M|100\/100\n|-weather|Sandstorm|[from] ability: Sand Stream|[of] p1a: Tyranitar\n|move|p2b: Garganacl|Protect|p2b: Garganacl\n|-singleturn|p2b: Garganacl|Protect\n|move|p1b: Flutter Mane|Dazzling Gleam|p2a: Tornadus|[spread] p2a\n|-activate|p2b: Garganacl|move: Protect\n|-damage|p2a: Tornadus|23\/100\n|move|p2a: Tornadus|Bleakwind Storm|p1a: Tyranitar|[spread] p1a,p1b\n|-resisted|p1a: Tyranitar\n|-damage|p1a: Tyranitar|94\/100\n|-damage|p1b: Flutter Mane|28\/100\n|-unboost|p1a: Tyranitar|spe|1\n|\n|-weather|Sandstorm|[upkeep]\n|-damage|p1b: Flutter Mane|22\/100|[from] Sandstorm\n|-damage|p2a: Tornadus|17\/100|[from] Sandstorm\n|-damage|p2b: Garganacl|62\/100|[from] Sandstorm\n|-damage|p1b: Flutter Mane|9\/100|[from] Salt Cure\n|upkeep\n|turn|3\n|\n|t:|1699852013\n|switch|p2b: Arcanine|Arcanine-Hisui, L50, F|100\/100\n|-ability|p2b: Arcanine|Intimidate|boost\n|-unboost|p1a: Tyranitar|atk|1\n|-unboost|p1b: Flutter Mane|atk|1\n|move|p2a: Tornadus|Tailwind|p2a: Tornadus\n|-sidestart|p2: Kzjhekz|move: Tailwind\n|move|p1b: Flutter Mane|Dazzling Gleam|p2b: Arcanine|[spread] p2a,p2b\n|-resisted|p2b: Arcanine\n|-damage|p2a: Tornadus|0 fnt\n|-damage|p2b: Arcanine|80\/100\n|faint|p2a: Tornadus\n|move|p1a: Tyranitar|Knock Off|p2b: Arcanine\n|-damage|p2b: Arcanine|33\/100\n|-enditem|p2b: Arcanine|Choice Band|[from] move: Knock Off|[of] p1a: Tyranitar\n|\n|-weather|Sandstorm|[upkeep]\n|-damage|p1b: Flutter Mane|3\/100|[from] Sandstorm\n|-damage|p1b: Flutter Mane|0 fnt|[from] Salt Cure\n|faint|p1b: Flutter Mane\n|-end|p1b: Flutter Mane|Protosynthesis|[silent]\n|upkeep\n|\n|t:|1699852031\n|switch|p1b: Arcanine|Arcanine-Hisui, L50, F|100\/100\n|switch|p2a: Garganacl|Garganacl, L50, M, tera:Ghost|62\/100\n|-ability|p1b: Arcanine|Intimidate|boost\n|-unboost|p2a: Garganacl|atk|1\n|-unboost|p2b: Arcanine|atk|1\n|turn|4\n|\n|t:|1699852046\n|move|p2b: Arcanine|Rock Slide|p1b: Arcanine|[spread] p1a,p1b\n|-supereffective|p1b: Arcanine\n|-damage|p1a: Tyranitar|78\/100\n|-damage|p1b: Arcanine|64\/100\n|move|p1b: Arcanine|Rock Slide|p2b: Arcanine|[spread] p2a\n|-miss|p1b: Arcanine|p2b: Arcanine\n|-damage|p2a: Garganacl|48\/100\n|-enditem|p2a: Garganacl|Sitrus Berry|[eat]\n|-heal|p2a: Garganacl|72\/100|[from] item: Sitrus Berry\n|move|p2a: Garganacl|Iron Defense|p2a: Garganacl\n|-boost|p2a: Garganacl|def|2\n|cant|p1a: Tyranitar|flinch\n|\n|-weather|Sandstorm|[upkeep]\n|-damage|p2a: Garganacl|67\/100|[from] Sandstorm\n|upkeep\n|turn|5\n|\n|t:|1699852066\n|move|p2a: Garganacl|Protect|p2a: Garganacl\n|-singleturn|p2a: Garganacl|Protect\n|move|p2b: Arcanine|Head Smash|p1b: Arcanine\n|-supereffective|p1b: Arcanine\n|-damage|p1b: Arcanine|0 fnt\n|faint|p1b: Arcanine\n|-damage|p2b: Arcanine|0 fnt|[from] Recoil\n|faint|p2b: Arcanine\n|move|p1a: Tyranitar|Knock Off|p2a: Garganacl\n|-activate|p2a: Garganacl|move: Protect\n|\n|-weather|Sandstorm|[upkeep]\n|-damage|p2a: Garganacl|61\/100|[from] Sandstorm\n|upkeep\n|\n|t:|1699852078\n|switch|p2b: Flutter Mane|Flutter Mane, L50|100\/100\n|switch|p1b: Kommo-o|Kommo-o, L50, M|100\/100\n|-enditem|p2b: Flutter Mane|Booster Energy\n|-activate|p2b: Flutter Mane|ability: Protosynthesis|[fromitem]\n|-start|p2b: Flutter Mane|protosynthesisspe\n|turn|6\n|\n|t:|1699852097\n|-terastallize|p1b: Kommo-o|Steel\n|move|p2b: Flutter Mane|Moonblast|p1a: Tyranitar\n|-supereffective|p1a: Tyranitar\n|-damage|p1a: Tyranitar|29\/100\n|-unboost|p1a: Tyranitar|spa|1\n|move|p2a: Garganacl|Salt Cure|p1b: Kommo-o\n|-resisted|p1b: Kommo-o\n|-damage|p1b: Kommo-o|97\/100\n|-start|p1b: Kommo-o|Salt Cure\n|move|p1b: Kommo-o|Iron Head|p2b: Flutter Mane\n|-supereffective|p2b: Flutter Mane\n|-damage|p2b: Flutter Mane|0 fnt\n|faint|p2b: Flutter Mane\n|-end|p2b: Flutter Mane|Protosynthesis|[silent]\n|move|p1a: Tyranitar|Knock Off|p2a: Garganacl\n|-supereffective|p2a: Garganacl\n|-damage|p2a: Garganacl|43\/100\n|\n|-weather|none\n|-heal|p1b: Kommo-o|100\/100|[from] item: Leftovers\n|-damage|p1b: Kommo-o|76\/100|[from] Salt Cure\n|-sideend|p2: Kzjhekz|move: Tailwind\n|upkeep\n|turn|7\n|inactive|scizorcloud7 has 30 seconds left.\n|\n|t:|1699852123\n|move|p1b: Kommo-o|Iron Head|p2a: Garganacl\n|-damage|p2a: Garganacl|32\/100\n|move|p1a: Tyranitar|Knock Off|p2a: Garganacl\n|-supereffective|p2a: Garganacl\n|-damage|p2a: Garganacl|14\/100\n|move|p2a: Garganacl|Recover|p2a: Garganacl\n|-heal|p2a: Garganacl|64\/100\n|\n|-heal|p1b: Kommo-o|82\/100|[from] item: Leftovers\n|-damage|p1b: Kommo-o|57\/100|[from] Salt Cure\n|upkeep\n|turn|8\n|\n|t:|1699852135\n|move|p1b: Kommo-o|Iron Head|p2a: Garganacl\n|-damage|p2a: Garganacl|54\/100\n|move|p1a: Tyranitar|Rock Slide|p2a: Garganacl\n|-damage|p2a: Garganacl|43\/100\n|cant|p2a: Garganacl|flinch\n|\n|-heal|p1b: Kommo-o|63\/100|[from] item: Leftovers\n|-damage|p1b: Kommo-o|38\/100|[from] Salt Cure\n|upkeep\n|turn|9\n|\n|t:|1699852152\n|move|p2a: Garganacl|Protect|p2a: Garganacl\n|-singleturn|p2a: Garganacl|Protect\n|move|p1b: Kommo-o|Iron Head|p2a: Garganacl\n|-activate|p2a: Garganacl|move: Protect\n|move|p1a: Tyranitar|Rock Slide|p2a: Garganacl\n|-activate|p2a: Garganacl|move: Protect\n|\n|-heal|p1b: Kommo-o|44\/100|[from] item: Leftovers\n|-damage|p1b: Kommo-o|20\/100|[from] Salt Cure\n|upkeep\n|turn|10\n|\n|t:|1699852164\n|move|p1b: Kommo-o|Iron Head|p2a: Garganacl\n|-damage|p2a: Garganacl|32\/100\n|move|p1a: Tyranitar|Rock Slide|p2a: Garganacl\n|-damage|p2a: Garganacl|21\/100\n|cant|p2a: Garganacl|flinch\n|\n|-heal|p1b: Kommo-o|26\/100|[from] item: Leftovers\n|-damage|p1b: Kommo-o|1\/100|[from] Salt Cure\n|upkeep\n|turn|11\n|\n|t:|1699852177\n|move|p2a: Garganacl|Protect|p2a: Garganacl\n|-singleturn|p2a: Garganacl|Protect\n|move|p1b: Kommo-o|Iron Head|p2a: Garganacl\n|-activate|p2a: Garganacl|move: Protect\n|move|p1a: Tyranitar|Knock Off|p2a: Garganacl\n|-activate|p2a: Garganacl|move: Protect\n|\n|-heal|p1b: Kommo-o|7\/100|[from] item: Leftovers\n|-damage|p1b: Kommo-o|0 fnt|[from] Salt Cure\n|faint|p1b: Kommo-o\n|upkeep\n|turn|12\n|\n|t:|1699852195\n|move|p1a: Tyranitar|Rock Slide|p2a: Garganacl\n|-damage|p2a: Garganacl|12\/100\n|move|p2a: Garganacl|Recover|p2a: Garganacl\n|-heal|p2a: Garganacl|62\/100\n|\n|upkeep\n|turn|13\n|\n|t:|1699852201\n|move|p2a: Garganacl|Protect|p2a: Garganacl\n|-singleturn|p2a: Garganacl|Protect\n|move|p1a: Tyranitar|Rock Slide|p2a: Garganacl\n|-activate|p2a: Garganacl|move: Protect\n|\n|upkeep\n|turn|14\n|\n|t:|1699852207\n|move|p1a: Tyranitar|Rock Slide|p2a: Garganacl\n|-damage|p2a: Garganacl|52\/100\n|cant|p2a: Garganacl|flinch\n|\n|upkeep\n|turn|15\n|\n|t:|1699852213\n|move|p2a: Garganacl|Protect|p2a: Garganacl\n|-singleturn|p2a: Garganacl|Protect\n|move|p1a: Tyranitar|Knock Off|p2a: Garganacl\n|-activate|p2a: Garganacl|move: Protect\n|\n|upkeep\n|turn|16\n|\n|t:|1699852220\n|move|p1a: Tyranitar|Knock Off|p2a: Garganacl\n|-supereffective|p2a: Garganacl\n|-damage|p2a: Garganacl|34\/100\n|move|p2a: Garganacl|Recover|p2a: Garganacl\n|-heal|p2a: Garganacl|84\/100\n|\n|upkeep\n|turn|17\n|\n|t:|1699852226\n|move|p1a: Tyranitar|Knock Off|p2a: Garganacl\n|-supereffective|p2a: Garganacl\n|-damage|p2a: Garganacl|67\/100\n|move|p2a: Garganacl|Salt Cure|p1a: Tyranitar\n|-damage|p1a: Tyranitar|21\/100\n|-start|p1a: Tyranitar|Salt Cure\n|\n|-damage|p1a: Tyranitar|8\/100|[from] Salt Cure\n|upkeep\n|turn|18\n|\n|t:|1699852236\n|move|p2a: Garganacl|Protect|p2a: Garganacl\n|-singleturn|p2a: Garganacl|Protect\n|move|p1a: Tyranitar|Knock Off|p2a: Garganacl\n|-activate|p2a: Garganacl|move: Protect\n|\n|-damage|p1a: Tyranitar|0 fnt|[from] Salt Cure\n|faint|p1a: Tyranitar\n|\n|win|Kzjhekz\n|upkeep\n|raw|scizorcloud7's rating: 1101 &rarr; <strong>1076<\/strong><br \/>(-25 for losing)\n|raw|Kzjhekz's rating: 1100 &rarr; <strong>1125<\/strong><br \/>(+25 for winning)\n","uploadtime":1699852239,"views":8,"p1id":"scizorcloud7","p2id":"kzjhekz","formatid":"gen9vgc2023regulatione","rating":1076,"private":0,"password":""}