{"id":"gen9vgc2023regulatione-2000005825","p1":"Thud124","p2":"Sketch Hero","format":"[Gen 9] VGC 2023 Regulation E","log":"|j|\u2606Thud124\n|j|\u2606Sketch Hero\n|t:|1701140252\n|gametype|doubles\n|player|p1|Thud124|juan-gen3|\n|player|p2|Sketch Hero|red|\n|teamsize|p1|6\n|teamsize|p2|6\n|gen|9\n|tier|[Gen 9] VGC 2023 Regulation E\n|rule|Species Clause: Limit one of each Pok\u00e9mon\n|rule|Item Clause: Limit one of each item\n|clearpoke\n|poke|p1|Gothitelle, L50, M|\n|poke|p1|Scream Tail, L50|\n|poke|p1|Urshifu-*, L50, F|\n|poke|p1|Politoed, L50, F|\n|poke|p1|Ludicolo, L50, F|\n|poke|p1|Kilowattrel, L50, F|\n|poke|p2|Bisharp, L50, M|\n|poke|p2|Electrode, L50|\n|poke|p2|Rillaboom, L50, F|\n|poke|p2|Garchomp, L50, M|\n|poke|p2|Quagsire, L50, F|\n|poke|p2|Gardevoir, L50, F|\n|teampreview|4\nThud124 rejected open team sheets.\n|\n|t:|1701140286\n|start\n|switch|p1a: Gothitelle|Gothitelle, L50, M|100\/100\n|switch|p1b: Urshifu|Urshifu-Rapid-Strike, L50, F|100\/100\n|switch|p2a: Blue Blur|Electrode, L50, shiny|100\/100\n|switch|p2b: Nom Nom|Garchomp, L50, M|100\/100\n|turn|1\n|\n|t:|1701140314\n|move|p1a: Gothitelle|Fake Out|p2b: Nom Nom\n|-damage|p2b: Nom Nom|94\/100\n|-damage|p1a: Gothitelle|88\/100|[from] ability: Rough Skin|[of] p2b: Nom Nom\n|move|p1b: Urshifu|Surging Strikes|p2a: Blue Blur\n|-crit|p2a: Blue Blur\n|-damage|p2a: Blue Blur|63\/100\n|-crit|p2a: Blue Blur\n|-damage|p2a: Blue Blur|26\/100\n|-crit|p2a: Blue Blur\n|-damage|p2a: Blue Blur|0 fnt\n|faint|p2a: Blue Blur\n|-hitcount|p2: Blue Blur|3\n|cant|p2b: Nom Nom|flinch\n|\n|upkeep\n|\n|t:|1701140327\n|switch|p2a: Funky Kong|Rillaboom, L50, F|100\/100\n|-fieldstart|move: Grassy Terrain|[from] ability: Grassy Surge|[of] p2a: Funky Kong\n|turn|2\n|\n|t:|1701140357\n|switch|p1b: Kilowattrel|Kilowattrel, L50, F|100\/100\n|move|p2b: Nom Nom|Thunder Fang|p1b: Kilowattrel\n|-damage|p1b: Kilowattrel|43\/100\n|-damage|p2b: Nom Nom|85\/100|[from] item: Life Orb\n|move|p2a: Funky Kong|Knock Off|p1a: Gothitelle\n|-supereffective|p1a: Gothitelle\n|-damage|p1a: Gothitelle|32\/100\n|-enditem|p1a: Gothitelle|Sitrus Berry|[from] move: Knock Off|[of] p2a: Funky Kong\n|move|p1a: Gothitelle|Hypnosis|p2b: Nom Nom|[miss]\n|-miss|p1a: Gothitelle|p2b: Nom Nom\n|\n|-heal|p2b: Nom Nom|91\/100|[from] Grassy Terrain\n|-heal|p1a: Gothitelle|38\/100|[from] Grassy Terrain\n|upkeep\n|turn|3\n|\n|t:|1701140374\n|switch|p1a: Politoed|Politoed, L50, F|100\/100\n|-weather|RainDance|[from] ability: Drizzle|[of] p1a: Politoed\n|move|p2a: Funky Kong|Grassy Glide|p1a: Politoed\n|-supereffective|p1a: Politoed\n|-damage|p1a: Politoed|43\/100\n|move|p1b: Kilowattrel|Hurricane|p2a: Funky Kong\n|-supereffective|p2a: Funky Kong\n|-damage|p2a: Funky Kong|14\/100\n|move|p2b: Nom Nom|Swords Dance|p2b: Nom Nom\n|-boost|p2b: Nom Nom|atk|2\n|\n|-weather|RainDance|[upkeep]\n|-heal|p2b: Nom Nom|97\/100|[from] Grassy Terrain\n|-heal|p2a: Funky Kong|19\/100|[from] Grassy Terrain\n|-heal|p1a: Politoed|49\/100|[from] Grassy Terrain\n|upkeep\n|turn|4\n|\n|t:|1701140405\n|-terastallize|p2b: Nom Nom|Steel\n|move|p2a: Funky Kong|Grassy Glide|p1a: Politoed\n|-supereffective|p1a: Politoed\n|-damage|p1a: Politoed|0 fnt\n|faint|p1a: Politoed\n|move|p1b: Kilowattrel|Hurricane|p2a: Funky Kong\n|-supereffective|p2a: Funky Kong\n|-damage|p2a: Funky Kong|0 fnt\n|faint|p2a: Funky Kong\n|move|p2b: Nom Nom|Rock Slide|p1b: Kilowattrel\n|-supereffective|p1b: Kilowattrel\n|-damage|p1b: Kilowattrel|0 fnt\n|faint|p1b: Kilowattrel\n|-damage|p2b: Nom Nom|87\/100|[from] item: Life Orb\n|\n|-weather|RainDance|[upkeep]\n|-heal|p2b: Nom Nom|93\/100|[from] Grassy Terrain\n|upkeep\n|\n|t:|1701140420\n|switch|p1b: Urshifu|Urshifu-Rapid-Strike, L50, F|100\/100\n|switch|p2a: Madame|Gardevoir, L50, F, shiny|100\/100\n|switch|p1a: Gothitelle|Gothitelle, L50, M|38\/100\n|-ability|p2a: Madame|Shadow Tag|[from] ability: Trace|[of] p1a: Gothitelle\n|turn|5\n|\n|t:|1701140435\n|-terastallize|p1b: Urshifu|Water\n|move|p1a: Gothitelle|Fake Out|p2b: Nom Nom\n|-resisted|p2b: Nom Nom\n|-damage|p2b: Nom Nom|90\/100\n|-damage|p1a: Gothitelle|25\/100|[from] ability: Rough Skin|[of] p2b: Nom Nom\n|move|p1b: Urshifu|Surging Strikes|p2a: Madame\n|-crit|p2a: Madame\n|-damage|p2a: Madame|22\/100\n|-crit|p2a: Madame\n|-damage|p2a: Madame|0 fnt\n|faint|p2a: Madame\n|-hitcount|p2: Madame|2\n|cant|p2b: Nom Nom|flinch\n|\n|-weather|RainDance|[upkeep]\n|-heal|p2b: Nom Nom|96\/100|[from] Grassy Terrain\n|-heal|p1a: Gothitelle|32\/100|[from] Grassy Terrain\n|upkeep\n|turn|6\n|\n|t:|1701140451\n|move|p1b: Urshifu|Surging Strikes|p2b: Nom Nom\n|-crit|p2b: Nom Nom\n|-damage|p2b: Nom Nom|51\/100\n|-damage|p1b: Urshifu|88\/100|[from] ability: Rough Skin|[of] p2b: Nom Nom\n|-crit|p2b: Nom Nom\n|-damage|p2b: Nom Nom|4\/100\n|-damage|p1b: Urshifu|76\/100|[from] ability: Rough Skin|[of] p2b: Nom Nom\n|-crit|p2b: Nom Nom\n|-damage|p2b: Nom Nom|0 fnt\n|-damage|p1b: Urshifu|64\/100|[from] ability: Rough Skin|[of] p2b: Nom Nom\n|faint|p2b: Nom Nom\n|-hitcount|p2: Nom Nom|3\n|\n|win|Thud124\n|c|\u2606Sketch Hero|gg\n|l|\u2606Thud124\n|j|\u2606Thud124\n|player|p1|Thud124|juan-gen3\n|l|\u2606Sketch Hero\n|l|\u2606Thud124\n|player|p1|\n|j|\u2606Thud124\n|player|p1|Thud124|juan-gen3\n|l|\u2606Thud124\n|player|p1|\n|j|\u2606Sketch Hero\n|player|p2|Sketch Hero|red\n","uploadtime":1701141259,"views":11,"p1id":"thud124","p2id":"sketchhero","formatid":"gen9vgc2023regulatione","rating":0,"private":0,"password":""}