{"id":"gen9vgc2023regulatione-1996524502","p1":"slimejrlegit","p2":"Mooose","format":"[Gen 9] VGC 2023 Regulation E","log":"|j|\u2606slimejrlegit\n|j|\u2606Mooose\n|t:|1700690526\n|gametype|doubles\n|player|p1|slimejrlegit|170|1285\n|player|p2|Mooose|burglar|1303\n|teamsize|p1|6\n|teamsize|p2|6\n|gen|9\n|tier|[Gen 9] VGC 2023 Regulation E\n|rated|\n|rule|Species Clause: Limit one of each Pok\u00e9mon\n|rule|Item Clause: Limit one of each item\n|clearpoke\n|poke|p1|Baxcalibur, L50, F|\n|poke|p1|Brute Bonnet, L50|\n|poke|p1|Ceruledge, L50, F|\n|poke|p1|Enamorus, L50, F|\n|poke|p1|Tatsugiri, L50, M|\n|poke|p1|Regieleki, L50|\n|poke|p2|Munkidori, L50, M|\n|poke|p2|Ogerpon, L50, F|\n|poke|p2|Tauros-Paldea-Blaze, L50, M|\n|poke|p2|Roaring Moon, L50|\n|poke|p2|Magnezone, L50|\n|poke|p2|Drifblim, L50, M|\n|teampreview|4\n|\n|t:|1700690555\n|start\n|switch|p1a: Regieleki|Regieleki, L50|100\/100\n|switch|p1b: Enamorus|Enamorus, L50, F|100\/100\n|switch|p2a: Magnezone|Magnezone, L50|100\/100\n|switch|p2b: Munkidori|Munkidori, L50, M|100\/100\n|turn|1\n|\n|t:|1700690562\n|move|p1a: Regieleki|Protect|p1a: Regieleki\n|-singleturn|p1a: Regieleki|Protect\n|move|p1b: Enamorus|Protect|p1b: Enamorus\n|-singleturn|p1b: Enamorus|Protect\n|move|p2b: Munkidori|Fake Out|p1a: Regieleki\n|-activate|p1a: Regieleki|move: Protect\n|move|p2a: Magnezone|Thunderbolt|p1b: Enamorus\n|-activate|p1b: Enamorus|move: Protect\n|\n|upkeep\n|turn|2\n|\n|t:|1700690580\n|-terastallize|p1b: Enamorus|Steel\n|move|p1a: Regieleki|Eerie Impulse|p1b: Enamorus\n|-boost|p1b: Enamorus|spa|2\n|move|p1b: Enamorus|Earth Power|p2a: Magnezone\n|-supereffective|p2a: Magnezone\n|-damage|p2a: Magnezone|0 fnt\n|faint|p2a: Magnezone\n|-damage|p1b: Enamorus|90\/100|[from] item: Life Orb\n|move|p2b: Munkidori|Sludge Wave|p1b: Enamorus|[spread] p1a\n|-immune|p1b: Enamorus\n|-damage|p1a: Regieleki|37\/100\n|\n|upkeep\n|\n|t:|1700690588\n|switch|p2a: Tauros|Tauros-Paldea-Blaze, L50, M|100\/100\n|-ability|p2a: Tauros|Intimidate|boost\n|-unboost|p1a: Regieleki|atk|1\n|-boost|p1b: Enamorus|atk|1\n|turn|3\n|\n|t:|1700690604\n|-terastallize|p2a: Tauros|Fairy\n|move|p1b: Enamorus|Protect|p1b: Enamorus\n|-singleturn|p1b: Enamorus|Protect\n|move|p1a: Regieleki|Electroweb|p2b: Munkidori|[spread] p2a,p2b\n|-damage|p2a: Tauros|63\/100\n|-damage|p2b: Munkidori|83\/100\n|-unboost|p2a: Tauros|spe|1\n|-unboost|p2b: Munkidori|spe|1\n|move|p2a: Tauros|Close Combat|p1b: Enamorus\n|-activate|p1b: Enamorus|move: Protect\n|move|p2b: Munkidori|Sludge Bomb|p1a: Regieleki\n|-damage|p1a: Regieleki|0 fnt\n|faint|p1a: Regieleki\n|\n|upkeep\n|\n|t:|1700690611\n|switch|p1a: Brute Bonnet|Brute Bonnet, L50|100\/100\n|-enditem|p1a: Brute Bonnet|Booster Energy\n|-activate|p1a: Brute Bonnet|ability: Protosynthesis|[fromitem]\n|-start|p1a: Brute Bonnet|protosynthesisspd\n|turn|4\n|\n|t:|1700690630\n|switch|p2b: Roaring Moon|Roaring Moon, L50|100\/100\n|-enditem|p2b: Roaring Moon|Booster Energy\n|-activate|p2b: Roaring Moon|ability: Protosynthesis|[fromitem]\n|-start|p2b: Roaring Moon|protosynthesisspe\n|move|p1a: Brute Bonnet|Rage Powder|p1a: Brute Bonnet\n|-singleturn|p1a: Brute Bonnet|move: Rage Powder\n|move|p1b: Enamorus|Dazzling Gleam|p2b: Roaring Moon|[spread] p2a,p2b\n|-supereffective|p2b: Roaring Moon\n|-damage|p2a: Tauros|0 fnt\n|-damage|p2b: Roaring Moon|0 fnt\n|faint|p2a: Tauros\n|faint|p2b: Roaring Moon\n|-end|p2b: Roaring Moon|Protosynthesis|[silent]\n|-damage|p1b: Enamorus|80\/100|[from] item: Life Orb\n|\n|upkeep\n|\n|t:|1700690639\n|switch|p2b: Munkidori|Munkidori, L50, M|83\/100\n|turn|5\n|c|\u2606slimejrlegit|Gg\n|c|\u2606slimejrlegit|Rip munk\n|-message|Mooose forfeited.\n|\n|win|slimejrlegit\n|raw|slimejrlegit's rating: 1285 &rarr; <strong>1311<\/strong><br \/>(+26 for winning)\n|raw|Mooose's rating: 1303 &rarr; <strong>1282<\/strong><br \/>(-21 for losing)\n|l|\u2606Mooose\n","uploadtime":1700690735,"views":9,"p1id":"slimejrlegit","p2id":"mooose","formatid":"gen9vgc2023regulatione","rating":1282,"private":0,"password":""}