{"id":"gen9vgc2023regulatione-1996503959","p1":"Yiokm","p2":"Empiricist_14","format":"[Gen 9] VGC 2023 Regulation E","log":"|j|\u2606Yiokm\n|j|\u2606Empiricist_14\n|t:|1700688434\n|gametype|doubles\n|player|p1|Yiokm|1|1097\n|player|p2|Empiricist_14|pryce|1038\n|teamsize|p1|6\n|teamsize|p2|6\n|gen|9\n|tier|[Gen 9] VGC 2023 Regulation E\n|rated|\n|rule|Species Clause: Limit one of each Pok\u00e9mon\n|rule|Item Clause: Limit one of each item\n|clearpoke\n|poke|p1|Arcanine-Hisui, L50, M|\n|poke|p1|Rillaboom, L50, M|\n|poke|p1|Flutter Mane, L50|\n|poke|p1|Kommo-o, L50, F|\n|poke|p1|Cresselia, L50, F|\n|poke|p1|Weezing, L50, M|\n|poke|p2|Heatran, L50, F|\n|poke|p2|Cyclizar, L50, M|\n|poke|p2|Amoonguss, L50, F|\n|poke|p2|Moltres-Galar, L50|\n|poke|p2|Iron Hands, L50|\n|poke|p2|Chien-Pao, L50|\n|teampreview|4\n|\n|t:|1700688464\n|start\n|switch|p1a: Cresselia|Cresselia, L50, F|100\/100\n|switch|p1b: Flutter Mane|Flutter Mane, L50|100\/100\n|switch|p2a: Chien-Pao|Chien-Pao, L50|100\/100\n|switch|p2b: Risotto|Amoonguss, L50, F|100\/100\n|-ability|p2a: Chien-Pao|Sword of Ruin\n|turn|1\n|\n|t:|1700688520\n|-terastallize|p1b: Flutter Mane|Fairy\n|-terastallize|p2a: Chien-Pao|Ghost\n|move|p2a: Chien-Pao|Sucker Punch|p1b: Flutter Mane\n|-resisted|p1b: Flutter Mane\n|-damage|p1b: Flutter Mane|41\/100\n|move|p1b: Flutter Mane|Moonblast|p2a: Chien-Pao\n|-enditem|p2a: Chien-Pao|Focus Sash\n|-damage|p2a: Chien-Pao|1\/100\n|move|p1a: Cresselia|Psychic|p2b: Risotto\n|-supereffective|p2b: Risotto\n|-damage|p2b: Risotto|62\/100\n|-unboost|p2b: Risotto|spd|1\n|move|p2b: Risotto|Spore|p1a: Cresselia\n|-status|p1a: Cresselia|slp|[from] move: Spore\n|\n|-heal|p2b: Risotto|67\/100|[from] item: Leftovers\n|upkeep\n|turn|2\n|\n|t:|1700688549\n|-end|p1b: Flutter Mane|Protosynthesis|[silent]\n|switch|p1b: Arcanine|Arcanine-Hisui, L50, M|100\/100\n|-ability|p1b: Arcanine|Intimidate|boost\n|-unboost|p2a: Chien-Pao|atk|1\n|-unboost|p2b: Risotto|atk|1\n|move|p2a: Chien-Pao|Sucker Punch||[still]\n|-fail|p2a: Chien-Pao\n|cant|p1a: Cresselia|slp\n|move|p2b: Risotto|Pollen Puff|p2a: Chien-Pao\n|-heal|p2a: Chien-Pao|51\/100\n|\n|-heal|p2b: Risotto|73\/100|[from] item: Leftovers\n|upkeep\n|turn|3\n|\n|t:|1700688573\n|move|p2a: Chien-Pao|Sacred Sword|p1b: Arcanine\n|-supereffective|p1b: Arcanine\n|-damage|p1b: Arcanine|40\/100\n|move|p1b: Arcanine|Rock Slide|p2b: Risotto|[spread] p2a,p2b\n|-damage|p2a: Chien-Pao|12\/100\n|-damage|p2b: Risotto|40\/100\n|cant|p1a: Cresselia|slp\n|move|p2b: Risotto|Spore|p1b: Arcanine\n|-status|p1b: Arcanine|slp|[from] move: Spore\n|\n|-heal|p2b: Risotto|46\/100|[from] item: Leftovers\n|upkeep\n|turn|4\n|\n|t:|1700688591\n|cant|p1b: Arcanine|slp\n|move|p2a: Chien-Pao|Sacred Sword|p1b: Arcanine\n|-supereffective|p1b: Arcanine\n|-damage|p1b: Arcanine|0 fnt\n|faint|p1b: Arcanine\n|move|p2b: Risotto|Pollen Puff|p2a: Chien-Pao\n|-heal|p2a: Chien-Pao|62\/100\n|-curestatus|p1a: Cresselia|slp|[msg]\n|move|p1a: Cresselia|Trick Room|p1a: Cresselia\n|-fieldstart|move: Trick Room|[of] p1a: Cresselia\n|\n|-heal|p2b: Risotto|52\/100|[from] item: Leftovers\n|upkeep\n|\n|t:|1700688594\n|switch|p1b: Kommo-o|Kommo-o, L50, F|100\/100\n|turn|5\n|\n|t:|1700688630\n|move|p2a: Chien-Pao|Protect|p2a: Chien-Pao\n|-singleturn|p2a: Chien-Pao|Protect\n|move|p2b: Risotto|Spore|p1b: Kommo-o\n|-immune|p1b: Kommo-o|[from] ability: Overcoat\n|move|p1a: Cresselia|Ice Beam|p2a: Chien-Pao\n|-activate|p2a: Chien-Pao|move: Protect\n|move|p1b: Kommo-o|Iron Head|p2a: Chien-Pao\n|-activate|p2a: Chien-Pao|move: Protect\n|\n|-heal|p2b: Risotto|57\/100|[from] item: Leftovers\n|upkeep\n|turn|6\n|\n|t:|1700688657\n|switch|p2a: Braun|Iron Hands, L50|100\/100\n|move|p2b: Risotto|Spore|p1a: Cresselia\n|-status|p1a: Cresselia|slp|[from] move: Spore\n|cant|p1a: Cresselia|slp\n|move|p1b: Kommo-o|Iron Defense|p1b: Kommo-o\n|-boost|p1b: Kommo-o|def|2\n|\n|-heal|p2b: Risotto|63\/100|[from] item: Leftovers\n|upkeep\n|turn|7\n|\n|t:|1700688675\n|move|p1b: Kommo-o|Protect|p1b: Kommo-o\n|-singleturn|p1b: Kommo-o|Protect\n|move|p2b: Risotto|Rage Powder|p2b: Risotto\n|-singleturn|p2b: Risotto|move: Rage Powder\n|move|p2a: Braun|Swords Dance|p2a: Braun\n|-boost|p2a: Braun|atk|2\n|-curestatus|p1a: Cresselia|slp|[msg]\n|move|p1a: Cresselia|Psychic|p2b: Risotto\n|-supereffective|p2b: Risotto\n|-crit|p2b: Risotto\n|-damage|p2b: Risotto|0 fnt\n|faint|p2b: Risotto\n|\n|upkeep\n|\n|t:|1700688690\n|switch|p2b: Chien-Pao|Chien-Pao, L50, tera:Ghost|62\/100\n|-ability|p2b: Chien-Pao|Sword of Ruin\n|turn|8\n|\n|t:|1700688711\n|move|p2a: Braun|Wild Charge|p1b: Kommo-o\n|-resisted|p1b: Kommo-o\n|-damage|p1b: Kommo-o|79\/100\n|-damage|p2a: Braun|97\/100|[from] Recoil\n|move|p1a: Cresselia|Psychic|p2a: Braun\n|-supereffective|p2a: Braun\n|-damage|p2a: Braun|66\/100\n|move|p1b: Kommo-o|Iron Defense|p1b: Kommo-o\n|-boost|p1b: Kommo-o|def|2\n|move|p2b: Chien-Pao|Ice Spinner|p1b: Kommo-o\n|-supereffective|p1b: Kommo-o\n|-damage|p1b: Kommo-o|48\/100\n|\n|-heal|p1b: Kommo-o|54\/100|[from] item: Leftovers\n|-fieldend|move: Trick Room\n|upkeep\n|turn|9\n|\n|t:|1700688737\n|move|p1b: Kommo-o|Protect|p1b: Kommo-o\n|-singleturn|p1b: Kommo-o|Protect\n|move|p2b: Chien-Pao|Ice Spinner|p1b: Kommo-o\n|-activate|p1b: Kommo-o|move: Protect\n|move|p2a: Braun|Drain Punch|p1b: Kommo-o\n|-activate|p1b: Kommo-o|move: Protect\n|move|p1a: Cresselia|Trick Room|p1a: Cresselia\n|-fieldstart|move: Trick Room|[of] p1a: Cresselia\n|\n|-heal|p1b: Kommo-o|60\/100|[from] item: Leftovers\n|upkeep\n|turn|10\n|\n|t:|1700688755\n|move|p2a: Braun|Wild Charge|p1b: Kommo-o\n|-resisted|p1b: Kommo-o\n|-damage|p1b: Kommo-o|46\/100\n|-damage|p2a: Braun|64\/100|[from] Recoil\n|move|p1b: Kommo-o|Body Press|p2a: Braun\n|-damage|p2a: Braun|0 fnt\n|faint|p2a: Braun\n|-end|p2a: Braun|Quark Drive|[silent]\n|move|p1a: Cresselia|Lunar Blessing|p1a: Cresselia|[spread] p1a,p1b\n|-heal|p1b: Kommo-o|71\/100\n|move|p2b: Chien-Pao|Ice Spinner|p1b: Kommo-o\n|-supereffective|p1b: Kommo-o\n|-crit|p1b: Kommo-o\n|-damage|p1b: Kommo-o|0 fnt\n|faint|p1b: Kommo-o\n|\n|upkeep\n|\n|t:|1700688773\n|switch|p2a: RSPB|Moltres-Galar, L50|100\/100\n|switch|p1b: Flutter Mane|Flutter Mane, L50, tera:Fairy|41\/100\n|turn|11\n|\n|t:|1700688785\n|move|p2a: RSPB|Protect|p2a: RSPB\n|-singleturn|p2a: RSPB|Protect\n|move|p2b: Chien-Pao|Sucker Punch|p1b: Flutter Mane\n|-resisted|p1b: Flutter Mane\n|-damage|p1b: Flutter Mane|0 fnt\n|faint|p1b: Flutter Mane\n|-end|p1b: Flutter Mane|Protosynthesis|[silent]\n|move|p1a: Cresselia|Lunar Blessing||[still]\n|-fail|p1a: Cresselia\n|\n|upkeep\n|turn|12\n|-message|Yiokm forfeited.\n|\n|win|Empiricist_14\n|raw|Yiokm's rating: 1097 &rarr; <strong>1068<\/strong><br \/>(-29 for losing)\n|raw|Empiricist_14's rating: 1038 &rarr; <strong>1078<\/strong><br \/>(+40 for winning)\n|l|\u2606Yiokm\n","uploadtime":1700688814,"views":17,"p1id":"yiokm","p2id":"empiricist14","formatid":"gen9vgc2023regulatione","rating":1068,"private":0,"password":""}