{"id":"gen9vgc2023regulatione-1997789803","p1":"lagartija suprema","p2":"CityD169","format":"[Gen 9] VGC 2023 Regulation E","log":"|j|\u2606lagartija suprema\n|j|\u2606CityD169\n|t:|1700852922\n|gametype|doubles\n|player|p1|lagartija suprema|swimmer|1466\n|player|p2|CityD169|rosa-pokestar|1390\n|teamsize|p1|6\n|teamsize|p2|6\n|gen|9\n|tier|[Gen 9] VGC 2023 Regulation E\n|rated|\n|rule|Species Clause: Limit one of each Pok\u00e9mon\n|rule|Item Clause: Limit one of each item\n|clearpoke\n|poke|p1|Samurott-Hisui, L50, M|\n|poke|p1|Chien-Pao, L50|\n|poke|p1|Ogerpon-Wellspring, L50, F|\n|poke|p1|Landorus-Therian, L50, M|\n|poke|p1|Zapdos-Galar, L50|\n|poke|p1|Tornadus, L50, M|\n|poke|p2|Chi-Yu, L50|\n|poke|p2|Ogerpon, L50, F|\n|poke|p2|Milotic, L50, M|\n|poke|p2|Scream Tail, L50|\n|poke|p2|Ninetales-Alola, L50, F|\n|poke|p2|Goodra-Hisui, L50, F|\n|teampreview|4\n|inactive|Battle timer is ON: inactive players will automatically lose when time's up. (requested by lagartija suprema)\nlagartija suprema has agreed to open team sheets.\nCityD169 has agreed to open team sheets.\n|inactive|CityD169 has 30 seconds left.\n|inactive|CityD169 has 20 seconds left.\n|inactive|CityD169 has 15 seconds left.\n|inactive|CityD169 has 10 seconds left.\n|inactive|CityD169 has 5 seconds left.\n|\n|t:|1700853006\n|start\n|switch|p1a: Chien-Pao|Chien-Pao, L50|100\/100\n|switch|p1b: Zapdos|Zapdos-Galar, L50|100\/100\n|switch|p2a: Ninetales|Ninetales-Alola, L50, F|100\/100\n|switch|p2b: Goodra|Goodra-Hisui, L50, F|100\/100\n|-ability|p1a: Chien-Pao|Sword of Ruin\n|-weather|Snow|[from] ability: Snow Warning|[of] p2a: Ninetales\n|turn|1\n|\n|t:|1700853025\n|-terastallize|p2b: Goodra|Fairy\n|move|p1b: Zapdos|Thunderous Kick|p2a: Ninetales\n|-damage|p2a: Ninetales|49\/100\n|move|p1a: Chien-Pao|Sacred Sword|p2a: Ninetales\n|-damage|p2a: Ninetales|18\/100\n|move|p2a: Ninetales|Aurora Veil|p2a: Ninetales\n|-sidestart|p2: CityD169|move: Aurora Veil\n|move|p2b: Goodra|Shelter|p2b: Goodra\n|-boost|p2b: Goodra|def|2\n|\n|-weather|Snow|[upkeep]\n|upkeep\n|turn|2\n|inactive|lagartija suprema has 30 seconds left.\n|\n|t:|1700853055\n|move|p2a: Ninetales|Protect|p2a: Ninetales\n|-singleturn|p2a: Ninetales|Protect\n|move|p1b: Zapdos|Thunderous Kick|p2b: Goodra\n|-resisted|p2b: Goodra\n|-damage|p2b: Goodra|92\/100\n|-unboost|p2b: Goodra|def|1\n|move|p1a: Chien-Pao|Ice Spinner|p2b: Goodra\n|-damage|p2b: Goodra|71\/100\n|move|p2b: Goodra|Shelter|p2b: Goodra\n|-boost|p2b: Goodra|def|2\n|\n|-weather|Snow|[upkeep]\n|-heal|p2b: Goodra|77\/100|[from] item: Leftovers\n|upkeep\n|turn|3\n|inactive|CityD169 has 30 seconds left.\n|inactive|lagartija suprema has 30 seconds left.\n|\n|t:|1700853086\n|move|p1b: Zapdos|Thunderous Kick|p2a: Ninetales\n|-crit|p2a: Ninetales\n|-damage|p2a: Ninetales|0 fnt\n|faint|p2a: Ninetales\n|move|p1a: Chien-Pao|Sacred Sword|p2b: Goodra\n|-resisted|p2b: Goodra\n|-damage|p2b: Goodra|66\/100\n|move|p2b: Goodra|Shelter|p2b: Goodra\n|-boost|p2b: Goodra|def|2\n|\n|-weather|Snow|[upkeep]\n|-heal|p2b: Goodra|72\/100|[from] item: Leftovers\n|upkeep\n|\n|t:|1700853098\n|switch|p2a: Milotic|Milotic, L50, M|100\/100\n|turn|4\n|\n|t:|1700853113\n|-terastallize|p1a: Chien-Pao|Ghost\n|move|p1b: Zapdos|Thunderous Kick|p2a: Milotic\n|-damage|p2a: Milotic|58\/100\n|-unboost|p2a: Milotic|def|1\n|-ability|p2a: Milotic|Competitive|boost\n|-boost|p2a: Milotic|spa|2\n|move|p1a: Chien-Pao|Sacred Sword|p2a: Milotic\n|-damage|p2a: Milotic|36\/100\n|move|p2a: Milotic|Blizzard|p1a: Chien-Pao|[spread] p1a,p1b\n|-supereffective|p1b: Zapdos\n|-damage|p1a: Chien-Pao|32\/100\n|-damage|p1b: Zapdos|0 fnt\n|faint|p1b: Zapdos\n|move|p2b: Goodra|Body Press|p1a: Chien-Pao\n|-immune|p1a: Chien-Pao\n|\n|-weather|Snow|[upkeep]\n|-heal|p2b: Goodra|78\/100|[from] item: Leftovers\n|upkeep\n|\n|t:|1700853130\n|switch|p1b: Ogerpon|Ogerpon-Wellspring, L50, F|100\/100\n|turn|5\n|inactive|CityD169 has 30 seconds left.\n|\n|t:|1700853156\n|move|p1a: Chien-Pao|Protect|p1a: Chien-Pao\n|-singleturn|p1a: Chien-Pao|Protect\n|move|p1b: Ogerpon|Horn Leech|p2a: Milotic\n|-supereffective|p2a: Milotic\n|-damage|p2a: Milotic|0 fnt\n|faint|p2a: Milotic\n|move|p2b: Goodra|Body Press|p1b: Ogerpon\n|-damage|p1b: Ogerpon|0 fnt\n|faint|p1b: Ogerpon\n|\n|-weather|none\n|-heal|p2b: Goodra|84\/100|[from] item: Leftovers\n|-sideend|p2: CityD169|move: Aurora Veil\n|upkeep\n|\n|t:|1700853165\n|switch|p1b: Samurott|Samurott-Hisui, L50, M|100\/100\n|switch|p2a: Scream Tail|Scream Tail, L50, shiny|100\/100\n|-enditem|p2a: Scream Tail|Booster Energy\n|-activate|p2a: Scream Tail|ability: Protosynthesis|[fromitem]\n|-start|p2a: Scream Tail|protosynthesisspe\n|turn|6\n|\n|t:|1700853176\n|move|p1a: Chien-Pao|Sucker Punch||[still]\n|-fail|p1a: Chien-Pao\n|move|p2a: Scream Tail|Encore|p1a: Chien-Pao\n|-start|p1a: Chien-Pao|Encore\n|move|p1b: Samurott|Aqua Cutter|p2a: Scream Tail\n|-crit|p2a: Scream Tail\n|-damage|p2a: Scream Tail|27\/100\n|move|p2b: Goodra|Body Press|p1b: Samurott\n|-supereffective|p1b: Samurott\n|-damage|p1b: Samurott|0 fnt\n|faint|p1b: Samurott\n|\n|-heal|p2b: Goodra|90\/100|[from] item: Leftovers\n|upkeep\n|turn|7\n|-message|lagartija suprema forfeited.\n|\n|win|CityD169\n|raw|lagartija suprema's rating: 1466 &rarr; <strong>1442<\/strong><br \/>(-24 for losing)\n|raw|CityD169's rating: 1390 &rarr; <strong>1414<\/strong><br \/>(+24 for winning)\n|l|\u2606lagartija suprema\n","uploadtime":1700853198,"views":7,"p1id":"lagartijasuprema","p2id":"cityd169","formatid":"gen9vgc2023regulatione","rating":1414,"private":0,"password":""}