{"id":"gen9vgc2023regulatione-1988306021","p1":"4KuserVGC","p2":"MrFlame93","format":"[Gen 9] VGC 2023 Regulation E","log":"|j|\u26064KuserVGC\n|j|\u2606MrFlame93\n|t:|1699705564\n|gametype|doubles\n|player|p1|4KuserVGC|jogger|1209\n|player|p2|MrFlame93|steven-masters|1255\n|teamsize|p1|6\n|teamsize|p2|6\n|gen|9\n|tier|[Gen 9] VGC 2023 Regulation E\n|rated|\n|rule|Species Clause: Limit one of each Pok\u00e9mon\n|rule|Item Clause: Limit one of each item\n|clearpoke\n|poke|p1|Ninetales-Alola, L50, M|\n|poke|p1|Heatran, L50, M|\n|poke|p1|Iron Hands, L50|\n|poke|p1|Ogerpon-Wellspring, L50, F|\n|poke|p1|Landorus-Therian, L50, M|\n|poke|p1|Moltres-Galar, L50|\n|poke|p2|Ursaluna-Bloodmoon, L50, M|\n|poke|p2|Sylveon, L50, F|\n|poke|p2|Rabsca, L50, M|\n|poke|p2|Sinistcha-Masterpiece, L50|\n|poke|p2|Empoleon, L50, M|\n|poke|p2|Iron Hands, L50|\n|teampreview|4\n|c|\u26064KuserVGC|glhf\n|\n|t:|1699705590\n|start\n|switch|p1a: Heatran|Heatran, L50, M|100\/100\n|switch|p1b: Iron Hands|Iron Hands, L50|100\/100\n|switch|p2a: Corpse Reviver|Rabsca, L50, M|100\/100\n|switch|p2b: French 75|Empoleon, L50, M, shiny|100\/100\n|turn|1\n|\n|t:|1699705607\n|switch|p1a: Ogerpon|Ogerpon-Wellspring, L50, F|100\/100\n|move|p1b: Iron Hands|Fake Out|p2a: Corpse Reviver\n|-damage|p2a: Corpse Reviver|83\/100\n|move|p2b: French 75|Hydro Pump|p1a: Ogerpon\n|-immune|p1a: Ogerpon|[from] ability: Water Absorb\n|cant|p2a: Corpse Reviver|flinch\n|\n|upkeep\n|turn|2\n|\n|t:|1699705626\n|move|p1a: Ogerpon|Swords Dance|p1a: Ogerpon\n|-boost|p1a: Ogerpon|atk|2\n|move|p1b: Iron Hands|Drain Punch|p2b: French 75\n|-supereffective|p2b: French 75\n|-damage|p2b: French 75|21\/100\n|move|p2b: French 75|Air Slash|p1a: Ogerpon\n|-supereffective|p1a: Ogerpon\n|-damage|p1a: Ogerpon|49\/100\n|move|p2a: Corpse Reviver|Trick Room|p2a: Corpse Reviver\n|-fieldstart|move: Trick Room|[of] p2a: Corpse Reviver\n|\n|upkeep\n|turn|3\n|\n|t:|1699705644\n|-terastallize|p1a: Ogerpon|Water\n|detailschange|p1a: Ogerpon|Ogerpon-Wellspring-Tera, L50, F, tera:Water\n|-ability|p1a: Ogerpon|Embody Aspect (Wellspring)|boost\n|-boost|p1a: Ogerpon|spd|1\n|move|p2a: Corpse Reviver|Psyshock|p1b: Iron Hands\n|-supereffective|p1b: Iron Hands\n|-damage|p1b: Iron Hands|39\/100\n|move|p2b: French 75|Air Slash|p1a: Ogerpon\n|-damage|p1a: Ogerpon|32\/100\n|move|p1b: Iron Hands|Drain Punch|p2b: French 75\n|-supereffective|p2b: French 75\n|-damage|p2b: French 75|0 fnt\n|-heal|p1b: Iron Hands|48\/100|[from] drain|[of] p2b: French 75\n|faint|p2b: French 75\n|move|p1a: Ogerpon|Horn Leech|p2a: Corpse Reviver\n|-resisted|p2a: Corpse Reviver\n|-damage|p2a: Corpse Reviver|38\/100\n|-heal|p1a: Ogerpon|50\/100|[from] drain|[of] p2a: Corpse Reviver\n|\n|upkeep\n|\n|t:|1699705662\n|switch|p2b: StrawberryDaiquiri|Sylveon, L50, F|100\/100\n|turn|4\n|\n|t:|1699705671\n|move|p2a: Corpse Reviver|Psyshock|p1a: Ogerpon\n|-damage|p1a: Ogerpon|13\/100\n|move|p2b: StrawberryDaiquiri|Hyper Voice|p1b: Iron Hands|[spread] p1a,p1b\n|-supereffective|p1b: Iron Hands\n|-damage|p1a: Ogerpon|0 fnt\n|-damage|p1b: Iron Hands|0 fnt\n|faint|p1a: Ogerpon\n|faint|p1b: Iron Hands\n|-end|p1b: Iron Hands|Quark Drive|[silent]\n|\n|upkeep\n|\n|t:|1699705680\n|switch|p1b: Heatran|Heatran, L50, M|100\/100\n|switch|p1a: Ninetales|Ninetales-Alola, L50, M|100\/100\n|-weather|Snow|[from] ability: Snow Warning|[of] p1a: Ninetales\n|turn|5\n|\n|t:|1699705696\n|move|p2b: StrawberryDaiquiri|Protect|p2b: StrawberryDaiquiri\n|-singleturn|p2b: StrawberryDaiquiri|Protect\n|move|p1a: Ninetales|Protect|p1a: Ninetales\n|-singleturn|p1a: Ninetales|Protect\n|move|p2a: Corpse Reviver|Revival Blessing|p2a: Corpse Reviver\n|\n|t:|1699705702\n|-heal|p2: French 75|50\/100|[from] move: Revival Blessing\n|move|p1b: Heatran|Heat Wave|p2a: Corpse Reviver|[spread] p2a\n|-activate|p2b: StrawberryDaiquiri|move: Protect\n|-supereffective|p2a: Corpse Reviver\n|-damage|p2a: Corpse Reviver|0 fnt\n|faint|p2a: Corpse Reviver\n|-damage|p1b: Heatran|91\/100|[from] item: Life Orb\n|\n|-weather|Snow|[upkeep]\n|upkeep\n|\n|t:|1699705710\n|switch|p2a: Bloody Mary|Ursaluna-Bloodmoon, L50, M|100\/100\n|turn|6\n|\n|t:|1699705718\n|-terastallize|p2b: StrawberryDaiquiri|Fairy\n|move|p1b: Heatran|Protect|p1b: Heatran\n|-singleturn|p1b: Heatran|Protect\n|move|p2a: Bloody Mary|Blood Moon|p1b: Heatran\n|-activate|p1b: Heatran|move: Protect\n|move|p2b: StrawberryDaiquiri|Copycat|p2b: StrawberryDaiquiri\n|move|p2b: StrawberryDaiquiri|Blood Moon|p1a: Ninetales|[from]move: Copycat\n|-damage|p1a: Ninetales|0 fnt\n|faint|p1a: Ninetales\n|\n|-weather|Snow|[upkeep]\n|-fieldend|move: Trick Room\n|upkeep\n|turn|7\n|\n|t:|1699705734\n|move|p2b: StrawberryDaiquiri|Protect|p2b: StrawberryDaiquiri\n|-singleturn|p2b: StrawberryDaiquiri|Protect\n|move|p1b: Heatran|Heat Wave|p2b: StrawberryDaiquiri|[spread] p2a\n|-activate|p2b: StrawberryDaiquiri|move: Protect\n|-damage|p2a: Bloody Mary|44\/100\n|-damage|p1b: Heatran|81\/100|[from] item: Life Orb\n|move|p2a: Bloody Mary|Earth Power|p1b: Heatran\n|-supereffective|p1b: Heatran\n|-damage|p1b: Heatran|0 fnt\n|faint|p1b: Heatran\n|\n|win|MrFlame93\n|raw|4KuserVGC's rating: 1209 &rarr; <strong>1187<\/strong><br \/>(-22 for losing)\n|raw|MrFlame93's rating: 1255 &rarr; <strong>1277<\/strong><br \/>(+22 for winning)\n|c|\u2606MrFlame93|Gg\n|c|\u26064KuserVGC|gg\n|l|\u26064KuserVGC\n","uploadtime":1699705750,"views":11,"p1id":"4kuservgc","p2id":"mrflame93","formatid":"gen9vgc2023regulatione","rating":1187,"private":0,"password":""}