{"id":"gen9vgc2023regulatione-1990175199","p1":"Bigsoccerman24","p2":"ClubSandwichBread","format":"[Gen 9] VGC 2023 Regulation E","log":"|j|\u2606Bigsoccerman24\n|j|\u2606ClubSandwichBread\n|t:|1699933037\n|gametype|doubles\n|player|p1|Bigsoccerman24|170|1396\n|player|p2|ClubSandwichBread|swimmer-gen4dp|1299\n|teamsize|p1|6\n|teamsize|p2|6\n|gen|9\n|tier|[Gen 9] VGC 2023 Regulation E\n|rated|\n|rule|Species Clause: Limit one of each Pok\u00e9mon\n|rule|Item Clause: Limit one of each item\n|clearpoke\n|poke|p1|Sableye, L50, F|\n|poke|p1|Flapple, L50, F|\n|poke|p1|Iron Bundle, L50|\n|poke|p1|Arcanine-Hisui, L50, M|\n|poke|p1|Iron Valiant, L50|\n|poke|p1|Tornadus, L50, M|\n|poke|p2|Amoonguss, L50, F|\n|poke|p2|Roaring Moon, L50|\n|poke|p2|Tornadus, L50, M|\n|poke|p2|Urshifu-*, L50, F|\n|poke|p2|Arcanine-Hisui, L50, M|\n|poke|p2|Tinkaton, L50, F|\n|teampreview|4\n|inactive|Battle timer is ON: inactive players will automatically lose when time's up. (requested by ClubSandwichBread)\nClubSandwichBread has agreed to open team sheets.\n|inactive|Bigsoccerman24 has 60 seconds left.\n|inactive|ClubSandwichBread has 60 seconds left.\n|\n|t:|1699933089\n|start\n|switch|p1a: Sableye|Sableye, L50, F|100\/100\n|switch|p1b: Tornadus|Tornadus, L50, M|100\/100\n|switch|p2a: Tornadus|Tornadus, L50, M|100\/100\n|switch|p2b: Urshifu|Urshifu-Rapid-Strike, L50, F|100\/100\n|turn|1\n|\n|t:|1699933106\n|move|p2b: Urshifu|Detect|p2b: Urshifu\n|-singleturn|p2b: Urshifu|Protect\n|move|p2a: Tornadus|Rain Dance|p2a: Tornadus\n|-weather|RainDance\n|move|p1a: Sableye|Will-O-Wisp|p2b: Urshifu\n|-activate|p2b: Urshifu|move: Protect\n|move|p1b: Tornadus|Bleakwind Storm|p2b: Urshifu|[spread] p2a\n|-activate|p2b: Urshifu|move: Protect\n|-damage|p2a: Tornadus|61\/100\n|\n|-weather|RainDance|[upkeep]\n|upkeep\n|turn|2\n|inactive|ClubSandwichBread has 30 seconds left.\n|\n|t:|1699933136\n|-terastallize|p2b: Urshifu|Water\n|move|p2b: Urshifu|Aqua Jet|p1a: Sableye\n|-damage|p1a: Sableye|37\/100\n|move|p1b: Tornadus|Tailwind|p1b: Tornadus\n|-sidestart|p1: Bigsoccerman24|move: Tailwind\n|move|p1a: Sableye|Gravity|p1a: Sableye\n|-fieldstart|move: Gravity\n|move|p2a: Tornadus|Bleakwind Storm|p1b: Tornadus|[spread] p1a,p1b\n|-damage|p1a: Sableye|2\/100\n|-damage|p1b: Tornadus|74\/100\n|\n|-weather|RainDance|[upkeep]\n|upkeep\n|turn|3\n|\n|t:|1699933165\n|move|p2a: Tornadus|Tailwind|p2a: Tornadus\n|-sidestart|p2: ClubSandwichBread|move: Tailwind\n|move|p1a: Sableye|Quash|p2b: Urshifu\n|-activate|p2b: Urshifu|move: Quash\n|move|p1b: Tornadus|Bleakwind Storm|p2a: Tornadus|[spread] p2a,p2b\n|-damage|p2a: Tornadus|22\/100\n|-damage|p2b: Urshifu|53\/100\n|move|p2b: Urshifu|Surging Strikes|p1b: Tornadus\n|-crit|p1b: Tornadus\n|-damage|p1b: Tornadus|26\/100\n|-crit|p1b: Tornadus\n|-damage|p1b: Tornadus|0 fnt\n|faint|p1b: Tornadus\n|-hitcount|p1: Tornadus|2\n|\n|-weather|RainDance|[upkeep]\n|upkeep\n|\n|t:|1699933177\n|switch|p1b: Iron Bundle|Iron Bundle, L50|100\/100\n|-enditem|p1b: Iron Bundle|Booster Energy\n|-activate|p1b: Iron Bundle|ability: Quark Drive|[fromitem]\n|-start|p1b: Iron Bundle|quarkdrivespe\n|turn|4\n|\n|t:|1699933198\n|move|p2b: Urshifu|Aqua Jet|p1a: Sableye\n|-damage|p1a: Sableye|0 fnt\n|faint|p1a: Sableye\n|move|p1b: Iron Bundle|Blizzard|p2b: Urshifu|[spread] p2a,p2b\n|-supereffective|p2a: Tornadus\n|-resisted|p2b: Urshifu\n|-damage|p2a: Tornadus|0 fnt\n|-damage|p2b: Urshifu|19\/100\n|faint|p2a: Tornadus\n|\n|-weather|RainDance|[upkeep]\n|upkeep\n|\n|t:|1699933214\n|switch|p2a: Roaring Moon|Roaring Moon, L50|100\/100\n|switch|p1a: Arcanine|Arcanine-Hisui, L50, M|100\/100\n|-ability|p1a: Arcanine|Intimidate|boost\n|-unboost|p2a: Roaring Moon|atk|1\n|-unboost|p2b: Urshifu|atk|1\n|-enditem|p2a: Roaring Moon|Booster Energy\n|-activate|p2a: Roaring Moon|ability: Protosynthesis|[fromitem]\n|-start|p2a: Roaring Moon|protosynthesisspe\n|turn|5\n|\n|t:|1699933224\n|move|p2a: Roaring Moon|Protect|p2a: Roaring Moon\n|-singleturn|p2a: Roaring Moon|Protect\n|move|p2b: Urshifu|Detect|p2b: Urshifu\n|-singleturn|p2b: Urshifu|Protect\n|move|p1a: Arcanine|Extreme Speed|p2b: Urshifu\n|-activate|p2b: Urshifu|move: Protect\n|move|p1b: Iron Bundle|Blizzard|p2a: Roaring Moon|[spread] \n|-activate|p2a: Roaring Moon|move: Protect\n|-activate|p2b: Urshifu|move: Protect\n|\n|-weather|none\n|-sideend|p1: Bigsoccerman24|move: Tailwind\n|upkeep\n|turn|6\n|inactive|ClubSandwichBread has 30 seconds left.\n|\n|t:|1699933250\n|switch|p2b: Arcanine|Arcanine-Hisui, L50, M|100\/100\n|-ability|p2b: Arcanine|Intimidate|boost\n|-unboost|p1a: Arcanine|atk|1\n|-unboost|p1b: Iron Bundle|atk|1\n|move|p1a: Arcanine|Extreme Speed|p2b: Arcanine\n|-resisted|p2b: Arcanine\n|-damage|p2b: Arcanine|85\/100\n|move|p2a: Roaring Moon|Knock Off|p1b: Iron Bundle\n|-damage|p1b: Iron Bundle|73\/100\n|move|p1b: Iron Bundle|Blizzard|p2a: Roaring Moon|[spread] p2a,p2b\n|-supereffective|p2a: Roaring Moon\n|-resisted|p2b: Arcanine\n|-damage|p2a: Roaring Moon|20\/100\n|-damage|p2b: Arcanine|63\/100\n|-status|p2b: Arcanine|frz\n|\n|-sideend|p2: ClubSandwichBread|move: Tailwind\n|-fieldend|move: Gravity\n|upkeep\n|turn|7\n|inactive|ClubSandwichBread has 30 seconds left.\n|inactive|ClubSandwichBread has 20 seconds left.\n|inactive|ClubSandwichBread has 15 seconds left.\n|\n|t:|1699933292\n|move|p2a: Roaring Moon|Protect|p2a: Roaring Moon\n|-singleturn|p2a: Roaring Moon|Protect\n|move|p1a: Arcanine|Extreme Speed|p2b: Arcanine\n|-resisted|p2b: Arcanine\n|-damage|p2b: Arcanine|49\/100 frz\n|move|p1b: Iron Bundle|Icy Wind|p2b: Arcanine|[spread] p2b\n|-activate|p2a: Roaring Moon|move: Protect\n|-resisted|p2b: Arcanine\n|-damage|p2b: Arcanine|38\/100 frz\n|-unboost|p2b: Arcanine|spe|1\n|-curestatus|p2b: Arcanine|frz|[from] move: Flare Blitz\n|move|p2b: Arcanine|Flare Blitz|p1b: Iron Bundle\n|-damage|p1b: Iron Bundle|0 fnt\n|faint|p1b: Iron Bundle\n|-end|p1b: Iron Bundle|Quark Drive|[silent]\n|-damage|p2b: Arcanine|21\/100|[from] Recoil\n|\n|upkeep\n|turn|8\n|inactive|ClubSandwichBread has 30 seconds left.\n|inactive|ClubSandwichBread has 20 seconds left.\n|inactive|ClubSandwichBread has 15 seconds left.\n|inactive|ClubSandwichBread has 10 seconds left.\n|\n|t:|1699933340\n|switch|p2b: Urshifu|Urshifu-Rapid-Strike, L50, F, tera:Water|19\/100\n|move|p2a: Roaring Moon|Protect||[still]\n|-fail|p2a: Roaring Moon\n|move|p1a: Arcanine|Extreme Speed|p2a: Roaring Moon\n|-damage|p2a: Roaring Moon|0 fnt\n|faint|p2a: Roaring Moon\n|-end|p2a: Roaring Moon|Protosynthesis|[silent]\n|\n|upkeep\n|\n|t:|1699933348\n|switch|p2a: Arcanine|Arcanine-Hisui, L50, M|21\/100\n|-ability|p2a: Arcanine|Intimidate|boost\n|-unboost|p1a: Arcanine|atk|1\n|turn|9\n|\n|t:|1699933358\n|-terastallize|p1a: Arcanine|Fairy\n|move|p2b: Urshifu|Detect|p2b: Urshifu\n|-singleturn|p2b: Urshifu|Protect\n|move|p1a: Arcanine|Extreme Speed|p2b: Urshifu\n|-activate|p2b: Urshifu|move: Protect\n|move|p2a: Arcanine|Rock Slide|p1a: Arcanine\n|-damage|p1a: Arcanine|38\/100\n|\n|upkeep\n|turn|10\n|\n|t:|1699933371\n|move|p1a: Arcanine|Extreme Speed|p2a: Arcanine\n|-resisted|p2a: Arcanine\n|-damage|p2a: Arcanine|9\/100\n|move|p2b: Urshifu|Aqua Jet|p1a: Arcanine\n|-damage|p1a: Arcanine|0 fnt\n|faint|p1a: Arcanine\n|\n|win|ClubSandwichBread\n|raw|Bigsoccerman24's rating: 1396 &rarr; <strong>1371<\/strong><br \/>(-25 for losing)\n|raw|ClubSandwichBread's rating: 1299 &rarr; <strong>1331<\/strong><br \/>(+32 for winning)\n|l|\u2606Bigsoccerman24\n","uploadtime":1699933389,"views":12,"p1id":"bigsoccerman24","p2id":"clubsandwichbread","formatid":"gen9vgc2023regulatione","rating":1331,"private":0,"password":""}