{"id":"gen9vgc2023regulatione-1990259017","p1":"mmjjz","p2":"hjgklm3k","format":"[Gen 9] VGC 2023 Regulation E","log":"|j|\u2606mmjjz\n|j|\u2606hjgklm3k\n|t:|1699946199\n|gametype|doubles\n|player|p1|mmjjz|preschooler|1213\n|player|p2|hjgklm3k|2|1226\n|teamsize|p1|6\n|teamsize|p2|6\n|gen|9\n|tier|[Gen 9] VGC 2023 Regulation E\n|rated|\n|rule|Species Clause: Limit one of each Pok\u00e9mon\n|rule|Item Clause: Limit one of each item\n|clearpoke\n|poke|p1|Gyarados, L50, M|\n|poke|p1|Volcarona, L50, F|\n|poke|p1|Iron Bundle, L50|\n|poke|p1|Sinistcha, L50|\n|poke|p1|Ninetales-Alola, L50, F|\n|poke|p1|Iron Hands, L50|\n|poke|p2|Flutter Mane, L50|\n|poke|p2|Chi-Yu, L50|\n|poke|p2|Ogerpon, L50, F|\n|poke|p2|Roaring Moon, L50|\n|poke|p2|Clefairy, L50, F|\n|poke|p2|Urshifu-*, L50, F|\n|teampreview|4\n|\n|t:|1699946239\n|start\n|switch|p1a: Ninetales|Ninetales-Alola, L50, F, shiny|100\/100\n|switch|p1b: Iron Bundle|Iron Bundle, L50|100\/100\n|switch|p2a: Flutter Mane|Flutter Mane, L50|100\/100\n|switch|p2b: Ogerpon|Ogerpon, L50, F|100\/100\n|-weather|Snow|[from] ability: Snow Warning|[of] p1a: Ninetales\n|-enditem|p1b: Iron Bundle|Booster Energy\n|-activate|p1b: Iron Bundle|ability: Quark Drive|[fromitem]\n|-start|p1b: Iron Bundle|quarkdrivespe\n|turn|1\n|inactive|Battle timer is ON: inactive players will automatically lose when time's up. (requested by mmjjz)\n|\n|t:|1699946264\n|switch|p2b: Urshifu|Urshifu-Rapid-Strike, L50, F|100\/100\n|move|p1b: Iron Bundle|Aurora Veil|p1b: Iron Bundle\n|-sidestart|p1: mmjjz|move: Aurora Veil\n|move|p2a: Flutter Mane|Moonblast|p1a: Ninetales\n|-damage|p1a: Ninetales|43\/100\n|move|p1a: Ninetales|Freeze-Dry|p2b: Urshifu\n|-supereffective|p2b: Urshifu\n|-damage|p2b: Urshifu|0 fnt\n|faint|p2b: Urshifu\n|\n|-weather|Snow|[upkeep]\n|upkeep\n|inactive|hjgklm3k has 30 seconds left.\n|inactive|hjgklm3k has 20 seconds left.\n|\n|t:|1699946303\n|switch|p2b: Roaring Moon|Roaring Moon, L50|100\/100\n|-enditem|p2b: Roaring Moon|Booster Energy\n|-activate|p2b: Roaring Moon|ability: Protosynthesis|[fromitem]\n|-start|p2b: Roaring Moon|protosynthesisspe\n|turn|2\n|\n|t:|1699946311\n|-terastallize|p2a: Flutter Mane|Fairy\n|move|p2b: Roaring Moon|Protect|p2b: Roaring Moon\n|-singleturn|p2b: Roaring Moon|Protect\n|move|p1b: Iron Bundle|Icy Wind|p2b: Roaring Moon|[spread] p2a\n|-activate|p2b: Roaring Moon|move: Protect\n|-damage|p2a: Flutter Mane|80\/100\n|-unboost|p2a: Flutter Mane|spe|1\n|move|p1a: Ninetales|Freeze-Dry|p2b: Roaring Moon\n|-activate|p2b: Roaring Moon|move: Protect\n|move|p2a: Flutter Mane|Moonblast|p1b: Iron Bundle\n|-damage|p1b: Iron Bundle|4\/100\n|\n|-weather|Snow|[upkeep]\n|upkeep\n|turn|3\n|\n|t:|1699946331\n|move|p2b: Roaring Moon|Tailwind|p2b: Roaring Moon\n|-sidestart|p2: hjgklm3k|move: Tailwind\n|move|p1b: Iron Bundle|Icy Wind|p2a: Flutter Mane|[spread] p2a,p2b\n|-supereffective|p2b: Roaring Moon\n|-damage|p2a: Flutter Mane|62\/100\n|-damage|p2b: Roaring Moon|68\/100\n|-unboost|p2a: Flutter Mane|spe|1\n|-unboost|p2b: Roaring Moon|spe|1\n|move|p2a: Flutter Mane|Moonblast|p1a: Ninetales\n|-damage|p1a: Ninetales|0 fnt\n|faint|p1a: Ninetales\n|\n|-weather|Snow|[upkeep]\n|upkeep\n|\n|t:|1699946344\n|switch|p1a: Gyarados|Gyarados, L50, M, shiny|100\/100\n|-ability|p1a: Gyarados|Intimidate|boost\n|-unboost|p2a: Flutter Mane|atk|1\n|-unboost|p2b: Roaring Moon|atk|1\n|turn|4\n|inactive|mmjjz has 30 seconds left.\n|\n|t:|1699946371\n|-end|p2a: Flutter Mane|Protosynthesis|[silent]\n|switch|p2a: Ogerpon|Ogerpon, L50, F|100\/100\n|move|p2b: Roaring Moon|Knock Off|p1b: Iron Bundle\n|-damage|p1b: Iron Bundle|0 fnt\n|faint|p1b: Iron Bundle\n|-end|p1b: Iron Bundle|Quark Drive|[silent]\n|move|p1a: Gyarados|Waterfall|p2a: Ogerpon\n|-resisted|p2a: Ogerpon\n|-damage|p2a: Ogerpon|75\/100\n|\n|-weather|Snow|[upkeep]\n|upkeep\n|\n|t:|1699946380\n|switch|p1b: Iron Hands|Iron Hands, L50|100\/100\n|turn|5\n|\n|t:|1699946399\n|move|p2a: Ogerpon|Spiky Shield|p2a: Ogerpon\n|-singleturn|p2a: Ogerpon|move: Protect\n|move|p1b: Iron Hands|Fake Out|p2a: Ogerpon\n|-activate|p2a: Ogerpon|move: Protect\n|-damage|p1b: Iron Hands|88\/100|[from] Spiky Shield|[of] p2a: Ogerpon\n|move|p2b: Roaring Moon|Breaking Swipe|p1a: Gyarados|[spread] p1a,p1b\n|-damage|p1a: Gyarados|90\/100\n|-damage|p1b: Iron Hands|82\/100\n|-unboost|p1a: Gyarados|atk|1\n|-unboost|p1b: Iron Hands|atk|1\n|move|p1a: Gyarados|Waterfall|p2b: Roaring Moon\n|-resisted|p2b: Roaring Moon\n|-damage|p2b: Roaring Moon|53\/100\n|\n|-weather|none\n|-sideend|p1: mmjjz|move: Aurora Veil\n|upkeep\n|turn|6\n|inactive|mmjjz has 30 seconds left.\n|\n|t:|1699946425\n|-terastallize|p1a: Gyarados|Fairy\n|move|p2b: Roaring Moon|Breaking Swipe|p1b: Iron Hands|[spread] p1b\n|-immune|p1a: Gyarados\n|-damage|p1b: Iron Hands|72\/100\n|-unboost|p1b: Iron Hands|atk|1\n|move|p2a: Ogerpon|Ivy Cudgel|p1a: Gyarados\n|-damage|p1a: Gyarados|3\/100\n|-enditem|p1a: Gyarados|Sitrus Berry|[eat]\n|-heal|p1a: Gyarados|27\/100|[from] item: Sitrus Berry\n|-damage|p2a: Ogerpon|66\/100|[from] item: Life Orb\n|move|p1a: Gyarados|Tera Blast|p2b: Roaring Moon|[anim] Tera Blast Fairy\n|-supereffective|p2b: Roaring Moon\n|-damage|p2b: Roaring Moon|0 fnt\n|faint|p2b: Roaring Moon\n|-end|p2b: Roaring Moon|Protosynthesis|[silent]\n|move|p1b: Iron Hands|Heavy Slam|p2a: Ogerpon\n|-damage|p2a: Ogerpon|31\/100\n|\n|-sideend|p2: hjgklm3k|move: Tailwind\n|upkeep\n|\n|t:|1699946437\n|switch|p2b: Flutter Mane|Flutter Mane, L50, tera:Fairy|62\/100\n|turn|7\n|\n|t:|1699946451\n|move|p1a: Gyarados|Protect|p1a: Gyarados\n|-singleturn|p1a: Gyarados|Protect\n|move|p2b: Flutter Mane|Dazzling Gleam|p1b: Iron Hands|[spread] p1b\n|-activate|p1a: Gyarados|move: Protect\n|-supereffective|p1b: Iron Hands\n|-damage|p1b: Iron Hands|0 fnt\n|faint|p1b: Iron Hands\n|-end|p1b: Iron Hands|Quark Drive|[silent]\n|move|p2a: Ogerpon|Ivy Cudgel|p1a: Gyarados\n|-activate|p1a: Gyarados|move: Protect\n|\n|upkeep\n|turn|8\n|-message|mmjjz forfeited.\n|\n|win|hjgklm3k\n|raw|mmjjz's rating: 1213 &rarr; <strong>1189<\/strong><br \/>(-24 for losing)\n|raw|hjgklm3k's rating: 1226 &rarr; <strong>1250<\/strong><br \/>(+24 for winning)\n|l|\u2606mmjjz\n","uploadtime":1699946464,"views":13,"p1id":"mmjjz","p2id":"hjgklm3k","formatid":"gen9vgc2023regulatione","rating":1189,"private":0,"password":""}