{"id":"gen9vgc2023regulatione-1990631830","p1":"tttttt87","p2":"pelipperislandxoo","format":"[Gen 9] VGC 2023 Regulation E","log":"|j|\u2606tttttt87\n|j|\u2606pelipperislandxoo\n|t:|1699987250\n|gametype|doubles\n|player|p1|tttttt87|shadowtriad|1114\n|player|p2|pelipperislandxoo|102|1066\n|teamsize|p1|6\n|teamsize|p2|6\n|gen|9\n|tier|[Gen 9] VGC 2023 Regulation E\n|rated|\n|rule|Species Clause: Limit one of each Pok\u00e9mon\n|rule|Item Clause: Limit one of each item\n|clearpoke\n|poke|p1|Tornadus, L50, M|\n|poke|p1|Urshifu-*, L50, M|\n|poke|p1|Chi-Yu, L50|\n|poke|p1|Corviknight, L50, M|\n|poke|p1|Basculegion, L50, M|\n|poke|p1|Jolteon, L50, M|\n|poke|p2|Urshifu-*, L50, M|\n|poke|p2|Thundurus, L50, M|\n|poke|p2|Rillaboom, L50, M|\n|poke|p2|Sneasler, L50, M|\n|poke|p2|Wyrdeer, L50, M|\n|poke|p2|Politoed, L50, M|\n|teampreview|4\n|inactive|Battle timer is ON: inactive players will automatically lose when time's up. (requested by pelipperislandxoo)\ntttttt87 rejected open team sheets.\n|inactive|tttttt87 has 60 seconds left.\n|inactive|pelipperislandxoo has 60 seconds left.\n|\n|t:|1699987292\n|start\n|switch|p1a: Tornadus|Tornadus, L50, M|100\/100\n|switch|p1b: Chi-Yu|Chi-Yu, L50|100\/100\n|switch|p2a: Rillaboom|Rillaboom, L50, M|100\/100\n|switch|p2b: Sneasler|Sneasler, L50, M|100\/100\n|-ability|p1b: Chi-Yu|Beads of Ruin\n|-fieldstart|move: Grassy Terrain|[from] ability: Grassy Surge|[of] p2a: Rillaboom\n|-enditem|p2b: Sneasler|Grassy Seed\n|-boost|p2b: Sneasler|def|1|[from] item: Grassy Seed\n|turn|1\n|inactive|tttttt87 has 30 seconds left.\n|inactive|pelipperislandxoo has 30 seconds left.\n|\n|t:|1699987328\n|-terastallize|p2b: Sneasler|Rock\n|move|p2a: Rillaboom|Fake Out|p1a: Tornadus\n|-damage|p1a: Tornadus|84\/100\n|cant|p1a: Tornadus|flinch\n|move|p2b: Sneasler|Rock Slide|p1a: Tornadus|[spread] p1a,p1b\n|-supereffective|p1a: Tornadus\n|-supereffective|p1b: Chi-Yu\n|-damage|p1a: Tornadus|9\/100\n|-damage|p1b: Chi-Yu|7\/100\n|move|p1b: Chi-Yu|Psychic|p2b: Sneasler\n|-damage|p2b: Sneasler|45\/100\n|-unboost|p2b: Sneasler|spd|1\n|\n|-heal|p2b: Sneasler|50\/100|[from] Grassy Terrain\n|-heal|p1b: Chi-Yu|13\/100|[from] Grassy Terrain\n|upkeep\n|turn|2\n|\n|t:|1699987348\n|move|p1a: Tornadus|Tailwind|p1a: Tornadus\n|-sidestart|p1: tttttt87|move: Tailwind\n|move|p2a: Rillaboom|Grassy Glide|p1a: Tornadus\n|-resisted|p1a: Tornadus\n|-damage|p1a: Tornadus|0 fnt\n|faint|p1a: Tornadus\n|move|p1b: Chi-Yu|Psychic|p2b: Sneasler\n|-damage|p2b: Sneasler|0 fnt\n|faint|p2b: Sneasler\n|\n|-heal|p1b: Chi-Yu|19\/100|[from] Grassy Terrain\n|upkeep\n|\n|t:|1699987362\n|switch|p2b: Wyrdeer|Wyrdeer, L50, M|100\/100\n|switch|p1a: Corviknight|Corviknight, L50, M|100\/100\n|-ability|p2b: Wyrdeer|Intimidate|boost\n|-ability|p1a: Corviknight|Mirror Armor\n|-unboost|p2b: Wyrdeer|atk|1\n|-unboost|p1b: Chi-Yu|atk|1\n|turn|3\n|\n|t:|1699987380\n|switch|p1b: Jolteon|Jolteon, L50, M|100\/100\n|move|p1a: Corviknight|Brave Bird|p2a: Rillaboom\n|-supereffective|p2a: Rillaboom\n|-damage|p2a: Rillaboom|27\/100\n|-damage|p1a: Corviknight|75\/100|[from] Recoil\n|move|p2a: Rillaboom|U-turn|p1b: Jolteon\n|-damage|p1b: Jolteon|49\/100\n|\n|t:|1699987388\n|switch|p2a: Urshifu|Urshifu, L50, M|100\/100|[from] U-turn\n|move|p2b: Wyrdeer|Trick Room|p2b: Wyrdeer\n|-fieldstart|move: Trick Room|[of] p2b: Wyrdeer\n|\n|-heal|p1b: Jolteon|55\/100|[from] Grassy Terrain\n|upkeep\n|turn|4\n|\n|t:|1699987410\n|move|p2a: Urshifu|Wicked Blow|p1a: Corviknight\n|-crit|p1a: Corviknight\n|-damage|p1a: Corviknight|27\/100\n|-damage|p2a: Urshifu|84\/100|[from] item: Rocky Helmet|[of] p1a: Corviknight\n|move|p2b: Wyrdeer|Earth Power|p1b: Jolteon\n|-supereffective|p1b: Jolteon\n|-damage|p1b: Jolteon|0 fnt\n|faint|p1b: Jolteon\n|move|p1a: Corviknight|Bulk Up|p1a: Corviknight\n|-boost|p1a: Corviknight|atk|1\n|-boost|p1a: Corviknight|def|1\n|\n|-heal|p2a: Urshifu|90\/100|[from] Grassy Terrain\n|upkeep\n|\n|t:|1699987418\n|switch|p1b: Chi-Yu|Chi-Yu, L50|19\/100\n|-ability|p1b: Chi-Yu|Beads of Ruin\n|turn|5\n|\n|t:|1699987439\n|move|p2a: Urshifu|Wicked Blow|p1a: Corviknight\n|-crit|p1a: Corviknight\n|-damage|p1a: Corviknight|0 fnt\n|-damage|p2a: Urshifu|73\/100|[from] item: Rocky Helmet|[of] p1a: Corviknight\n|faint|p1a: Corviknight\n|move|p2b: Wyrdeer|Earth Power|p1b: Chi-Yu\n|-supereffective|p1b: Chi-Yu\n|-damage|p1b: Chi-Yu|0 fnt\n|faint|p1b: Chi-Yu\n|\n|win|pelipperislandxoo\n|raw|tttttt87's rating: 1114 &rarr; <strong>1086<\/strong><br \/>(-28 for losing)\n|raw|pelipperislandxoo's rating: 1066 &rarr; <strong>1100<\/strong><br \/>(+34 for winning)\n|l|\u2606tttttt87\n","uploadtime":1699987449,"views":7,"p1id":"tttttt87","p2id":"pelipperislandxoo","formatid":"gen9vgc2023regulatione","rating":1086,"private":0,"password":""}