{"id":"gen9vgc2023regulatione-1994468482","p1":"Aquarsene","p2":"Gino Bhengazi","format":"[Gen 9] VGC 2023 Regulation E","log":"|j|\u2606Aquarsene\n|j|\u2606Gino Bhengazi\n|n|\u2606Aquarsene|aquarsene\n|n|\u2606Gino Bhengazi|ginobhengazi\n|html|View the match progress at <a href=\"\/game-bestof3-gen9vgc2023regulatione-1994468481\">game-bestof3-gen9vgc2023regulatione-1994468481<\/a>\n|t:|1700447428\n|gametype|doubles\n|player|p1|Aquarsene|102|\n|player|p2|Gino Bhengazi|102|\n|teamsize|p1|6\n|teamsize|p2|6\n|gen|9\n|tier|[Gen 9] VGC 2023 Regulation E\n|rule|Species Clause: Limit one of each Pok\u00e9mon\n|rule|Item Clause: Limit one of each item\n|clearpoke\n|poke|p1|Murkrow, L50, M|\n|poke|p1|Great Tusk, L50|\n|poke|p1|Slowking, L50, F|\n|poke|p1|Hydreigon, L50, F|\n|poke|p1|Gholdengo, L50|\n|poke|p1|Ninetales-Alola, L50, F|\n|poke|p2|Slither Wing, L50|\n|poke|p2|Magnezone, L50|\n|poke|p2|Clefable, L50, M|\n|poke|p2|Gothitelle, L50, M|\n|poke|p2|Sableye, L50, M|\n|poke|p2|Ursaluna, L50, M|\n|teampreview|4\nGino Bhengazi rejected open team sheets.\n|j| Daniel1018\n|j| SCRUMPTIOUSBREAD\n|\n|t:|1700447503\n|start\n|switch|p1a: Murkrow|Murkrow, L50, M|100\/100\n|switch|p1b: Hydreigon|Hydreigon, L50, F|100\/100\n|switch|p2a: Stanli|Gothitelle, L50, M|100\/100\n|switch|p2b: Vincent|Slither Wing, L50|100\/100\n|turn|1\n|\n|t:|1700447535\n|move|p1b: Hydreigon|Protect|p1b: Hydreigon\n|-singleturn|p1b: Hydreigon|Protect\n|move|p2a: Stanli|Fake Out|p1a: Murkrow\n|-damage|p1a: Murkrow|93\/100\n|cant|p1a: Murkrow|flinch\n|move|p2b: Vincent|U-turn|p1b: Hydreigon\n|-activate|p1b: Hydreigon|move: Protect\n|\n|upkeep\n|turn|2\n|\n|t:|1700447568\n|-terastallize|p1b: Hydreigon|Steel\n|move|p2a: Stanli|Protect|p2a: Stanli\n|-singleturn|p2a: Stanli|Protect\n|move|p1a: Murkrow|Tailwind|p1a: Murkrow\n|-sidestart|p1: Aquarsene|move: Tailwind\n|move|p1b: Hydreigon|Dark Pulse|p2a: Stanli\n|-activate|p2a: Stanli|move: Protect\n|move|p2b: Vincent|U-turn|p1a: Murkrow\n|-damage|p1a: Murkrow|45\/100\n|\n|t:|1700447601\n|-end|p2b: Vincent|Protosynthesis|[silent]\n|switch|p2b: Crip Mac|Ursaluna, L50, M|100\/100|[from] U-turn\n|\n|-status|p2b: Crip Mac|brn|[from] item: Flame Orb\n|upkeep\n|turn|3\n|\n|t:|1700447623\n|move|p1b: Hydreigon|Draco Meteor|p2b: Crip Mac|[miss]\n|-miss|p1b: Hydreigon|p2b: Crip Mac\n|move|p1a: Murkrow|Foul Play|p2b: Crip Mac\n|-damage|p2b: Crip Mac|50\/100 brn\n|move|p2b: Crip Mac|Fire Punch|p1b: Hydreigon\n|-supereffective|p1b: Hydreigon\n|-damage|p1b: Hydreigon|0 fnt\n|faint|p1b: Hydreigon\n|move|p2a: Stanli|Trick Room|p2a: Stanli\n|-fieldstart|move: Trick Room|[of] p2a: Stanli\n|\n|-damage|p2b: Crip Mac|45\/100 brn|[from] brn\n|upkeep\n|\n|t:|1700447639\n|switch|p1b: Great Tusk|Great Tusk, L50|100\/100\n|turn|4\n|\n|t:|1700447664\n|switch|p2a: Vincent|Slither Wing, L50|100\/100\n|-terastallize|p2b: Crip Mac|Ghost\n|move|p2b: Crip Mac|Ice Punch|p1b: Great Tusk\n|-supereffective|p1b: Great Tusk\n|-damage|p1b: Great Tusk|37\/100\n|move|p1a: Murkrow|Foul Play|p2b: Crip Mac\n|-supereffective|p2b: Crip Mac\n|-damage|p2b: Crip Mac|0 fnt\n|faint|p2b: Crip Mac\n|move|p1b: Great Tusk|Earthquake|p2a: Vincent|[spread] p2a\n|-immune|p1a: Murkrow\n|-resisted|p2a: Vincent\n|-damage|p2a: Vincent|79\/100\n|\n|upkeep\n|\n|t:|1700447679\n|switch|p2b: Hoff Twins|Magnezone, L50, shiny|100\/100\n|-enditem|p2b: Hoff Twins|Room Service\n|-unboost|p2b: Hoff Twins|spe|1|[from] item: Room Service\n|turn|5\n|\n|t:|1700447701\n|move|p2b: Hoff Twins|Flash Cannon|p1a: Murkrow\n|-damage|p1a: Murkrow|7\/100\n|move|p2a: Vincent|Dual Wingbeat|p1b: Great Tusk\n|-supereffective|p1b: Great Tusk\n|-damage|p1b: Great Tusk|15\/100\n|-supereffective|p1b: Great Tusk\n|-damage|p1b: Great Tusk|0 fnt\n|faint|p1b: Great Tusk\n|-end|p1b: Great Tusk|Protosynthesis|[silent]\n|-hitcount|p1: Great Tusk|2\n|move|p1a: Murkrow|Foul Play|p2a: Vincent\n|-resisted|p2a: Vincent\n|-damage|p2a: Vincent|45\/100\n|\n|-sideend|p1: Aquarsene|move: Tailwind\n|upkeep\n|\n|t:|1700447712\n|switch|p1b: Gholdengo|Gholdengo, L50|100\/100\n|turn|6\n|\n|t:|1700447740\n|move|p1a: Murkrow|Protect|p1a: Murkrow\n|-singleturn|p1a: Murkrow|Protect\n|move|p2b: Hoff Twins|Flash Cannon|p1a: Murkrow\n|-activate|p1a: Murkrow|move: Protect\n|move|p2a: Vincent|Flare Blitz|p1b: Gholdengo\n|-supereffective|p1b: Gholdengo\n|-damage|p1b: Gholdengo|17\/100\n|-status|p1b: Gholdengo|brn\n|-damage|p2a: Vincent|14\/100|[from] Recoil\n|move|p1b: Gholdengo|Make It Rain|p2a: Vincent|[spread] p2a,p2b\n|-resisted|p2b: Hoff Twins\n|-damage|p2a: Vincent|0 fnt\n|-damage|p2b: Hoff Twins|89\/100\n|-unboost|p1b: Gholdengo|spa|1\n|faint|p2a: Vincent\n|-end|p2a: Vincent|Protosynthesis|[silent]\n|\n|-heal|p1b: Gholdengo|23\/100 brn|[from] item: Leftovers\n|-damage|p1b: Gholdengo|17\/100 brn|[from] brn\n|upkeep\n|\n|t:|1700447758\n|switch|p2a: Stanli|Gothitelle, L50, M|100\/100\n|turn|7\n|\n|t:|1700447769\n|move|p1b: Gholdengo|Protect|p1b: Gholdengo\n|-singleturn|p1b: Gholdengo|Protect\n|move|p2a: Stanli|Fake Out|p1a: Murkrow\n|-damage|p1a: Murkrow|0 fnt\n|faint|p1a: Murkrow\n|move|p2b: Hoff Twins|Thunderbolt|p1b: Gholdengo\n|-activate|p1b: Gholdengo|move: Protect\n|\n|-heal|p1b: Gholdengo|23\/100 brn|[from] item: Leftovers\n|-damage|p1b: Gholdengo|17\/100 brn|[from] brn\n|-fieldend|move: Trick Room\n|upkeep\n|turn|8\n|\n|t:|1700447782\n|move|p1b: Gholdengo|Shadow Ball|p2a: Stanli\n|-supereffective|p2a: Stanli\n|-damage|p2a: Stanli|50\/100\n|-enditem|p2a: Stanli|Sitrus Berry|[eat]\n|-heal|p2a: Stanli|74\/100|[from] item: Sitrus Berry\n|move|p2a: Stanli|Psychic|p1b: Gholdengo\n|-resisted|p1b: Gholdengo\n|-damage|p1b: Gholdengo|0 fnt\n|faint|p1b: Gholdengo\n|\n|win|Gino Bhengazi\n|c|&|\/uhtml prompt-aquarsene,Aquarsene is ready for game 2!\n|j| Reversery\n|inactive|Gino Bhengazi has 49 seconds to confirm battle start!\n|c|&|\/uhtml prompt-ginobhengazi,Gino Bhengazi is ready for game 2!\nBoth players are ready! Starting next match!\n|j| Reversery\n|l| Daniel1018\n","uploadtime":1700447794,"views":11,"p1id":"aquarsene","p2id":"ginobhengazi","formatid":"gen9vgc2023regulatione","rating":0,"private":0,"password":""}