{"id":"gen9vgc2023regulatione-1999690804","p1":"Flying_Cookie500","p2":"Kzjrzl","format":"[Gen 9] VGC 2023 Regulation E","log":"|j|\u2606Flying_Cookie500\n|j|\u2606Kzjrzl\n|t:|1701108164\n|gametype|doubles\n|player|p1|Flying_Cookie500|101|1164\n|player|p2|Kzjrzl|lance|1180\n|teamsize|p1|6\n|teamsize|p2|6\n|gen|9\n|tier|[Gen 9] VGC 2023 Regulation E\n|rated|\n|rule|Species Clause: Limit one of each Pok\u00e9mon\n|rule|Item Clause: Limit one of each item\n|clearpoke\n|poke|p1|Ogerpon-Wellspring, L50, F|\n|poke|p1|Ursaluna-Bloodmoon, L50, M|\n|poke|p1|Azumarill, L50, F|\n|poke|p1|Cresselia, L50, F|\n|poke|p1|Sinistcha-Masterpiece, L50|\n|poke|p1|Flutter Mane, L50|\n|poke|p2|Flutter Mane, L50|\n|poke|p2|Tornadus, L50, M|\n|poke|p2|Rillaboom, L50, M|\n|poke|p2|Garganacl, L50, F|\n|poke|p2|Arcanine-Hisui, L50, M|\n|poke|p2|Chien-Pao, L50|\n|teampreview|4\nKzjrzl has agreed to open team sheets.\n|inactive|Battle timer is ON: inactive players will automatically lose when time's up. (requested by Kzjrzl)\n|\n|t:|1701108205\n|start\n|switch|p1a: Cresselia|Cresselia, L50, F|100\/100\n|switch|p1b: Ogerpon|Ogerpon-Wellspring, L50, F|100\/100\n|switch|p2a: Tornadus|Tornadus, L50, M|100\/100\n|switch|p2b: Garganacl|Garganacl, L50, F|100\/100\n|turn|1\n|inactive|Kzjrzl has 30 seconds left.\n|inactive|Kzjrzl has 20 seconds left.\n|\n|t:|1701108240\n|-terastallize|p2b: Garganacl|Ghost\n|move|p1b: Ogerpon|Ivy Cudgel|p2b: Garganacl|[anim] Ivy Cudgel Water\n|-damage|p2b: Garganacl|59\/100\n|move|p2a: Tornadus|Bleakwind Storm|p1a: Cresselia|[spread] p1a,p1b\n|-supereffective|p1b: Ogerpon\n|-damage|p1a: Cresselia|86\/100\n|-damage|p1b: Ogerpon|30\/100\n|move|p2b: Garganacl|Salt Cure|p1b: Ogerpon\n|-damage|p1b: Ogerpon|12\/100\n|-start|p1b: Ogerpon|Salt Cure\n|move|p1a: Cresselia|Trick Room|p1a: Cresselia\n|-fieldstart|move: Trick Room|[of] p1a: Cresselia\n|\n|-heal|p1a: Cresselia|92\/100|[from] item: Leftovers\n|-damage|p1b: Ogerpon|0 fnt|[from] Salt Cure\n|faint|p1b: Ogerpon\n|upkeep\n|\n|t:|1701108259\n|switch|p1b: Azumarill|Azumarill, L50, F|100\/100\n|turn|2\n|\n|t:|1701108265\n|move|p1a: Cresselia|Ally Switch|p1a: Cresselia\n|swap|p1a: Cresselia|1|[from] move: Ally Switch\n|move|p2a: Tornadus|Taunt|p1b: Cresselia\n|-start|p1b: Cresselia|move: Taunt\n|move|p1a: Azumarill|Belly Drum|p1a: Azumarill\n|-damage|p1a: Azumarill|50\/100\n|-setboost|p1a: Azumarill|atk|6|[from] move: Belly Drum\n|-enditem|p1a: Azumarill|Sitrus Berry|[eat]\n|-heal|p1a: Azumarill|75\/100|[from] item: Sitrus Berry\n|move|p2b: Garganacl|Iron Defense|p2b: Garganacl\n|-boost|p2b: Garganacl|def|2\n|\n|-heal|p1b: Cresselia|98\/100|[from] item: Leftovers\n|upkeep\n|turn|3\n|\n|t:|1701108276\n|switch|p1b: Sinistcha|Sinistcha-Masterpiece, L50|100\/100\n|-heal|p1a: Azumarill|99\/100|[from] ability: Hospitality|[of] p1b: Sinistcha\n|move|p2a: Tornadus|Sunny Day|p2a: Tornadus\n|-weather|SunnyDay\n|move|p1a: Azumarill|Liquidation|p2b: Garganacl\n|-damage|p2b: Garganacl|26\/100\n|-enditem|p2b: Garganacl|Sitrus Berry|[eat]\n|-heal|p2b: Garganacl|50\/100|[from] item: Sitrus Berry\n|move|p2b: Garganacl|Salt Cure|p1a: Azumarill\n|-damage|p1a: Azumarill|84\/100\n|-start|p1a: Azumarill|Salt Cure\n|\n|-weather|SunnyDay|[upkeep]\n|-damage|p1a: Azumarill|59\/100|[from] Salt Cure\n|upkeep\n|turn|4\n|\n|t:|1701108291\n|switch|p1b: Cresselia|Cresselia, L50, F|98\/100\n|move|p1a: Azumarill|Play Rough|p2b: Garganacl\n|-damage|p2b: Garganacl|0 fnt\n|faint|p2b: Garganacl\n|move|p2a: Tornadus|Bleakwind Storm|p1a: Azumarill|[spread] p1a\n|-miss|p2a: Tornadus|p1b: Cresselia\n|-damage|p1a: Azumarill|28\/100\n|-unboost|p1a: Azumarill|spe|1\n|\n|-weather|SunnyDay|[upkeep]\n|-heal|p1b: Cresselia|100\/100|[from] item: Leftovers\n|-damage|p1a: Azumarill|3\/100|[from] Salt Cure\n|upkeep\n|\n|t:|1701108305\n|switch|p2b: Rillaboom|Rillaboom, L50, M|100\/100\n|-fieldstart|move: Grassy Terrain|[from] ability: Grassy Surge|[of] p2b: Rillaboom\n|turn|5\n|\n|t:|1701108323\n|switch|p1b: Sinistcha|Sinistcha-Masterpiece, L50|100\/100\n|-heal|p1a: Azumarill|28\/100|[from] ability: Hospitality|[of] p1b: Sinistcha\n|move|p2b: Rillaboom|Fake Out|p1b: Sinistcha\n|-immune|p1b: Sinistcha\n|move|p1a: Azumarill|Aqua Jet|p2a: Tornadus\n|-damage|p2a: Tornadus|36\/100\n|-damage|p1a: Azumarill|11\/100|[from] item: Rocky Helmet|[of] p2a: Tornadus\n|move|p2a: Tornadus|Bleakwind Storm|p1a: Azumarill|[spread] p1a,p1b\n|-supereffective|p1b: Sinistcha\n|-crit|p1b: Sinistcha\n|-damage|p1a: Azumarill|0 fnt\n|-damage|p1b: Sinistcha|0 fnt\n|faint|p1a: Azumarill\n|faint|p1b: Sinistcha\n|\n|-weather|SunnyDay|[upkeep]\n|-fieldend|move: Trick Room\n|upkeep\n|\n|t:|1701108333\n|switch|p1b: Cresselia|Cresselia, L50, F|100\/100\n|turn|6\n|\n|t:|1701108341\n|move|p2a: Tornadus|Taunt|p1b: Cresselia\n|-start|p1b: Cresselia|move: Taunt\n|move|p2b: Rillaboom|Wood Hammer|p1b: Cresselia\n|-damage|p1b: Cresselia|32\/100\n|-damage|p2b: Rillaboom|76\/100|[from] Recoil\n|move|p1b: Cresselia|Psyshock|p2a: Tornadus\n|-damage|p2a: Tornadus|10\/100\n|\n|-weather|SunnyDay|[upkeep]\n|-heal|p2b: Rillaboom|82\/100|[from] Grassy Terrain\n|-heal|p1b: Cresselia|38\/100|[from] item: Leftovers\n|upkeep\n|turn|7\n|\n|t:|1701108349\n|move|p2a: Tornadus|Tailwind|p2a: Tornadus\n|-sidestart|p2: Kzjrzl|move: Tailwind\n|move|p2b: Rillaboom|Wood Hammer|p1b: Cresselia\n|-damage|p1b: Cresselia|0 fnt\n|faint|p1b: Cresselia\n|-damage|p2b: Rillaboom|68\/100|[from] Recoil\n|\n|win|Kzjrzl\n|raw|Flying_Cookie500's rating: 1164 &rarr; <strong>1140<\/strong><br \/>(-24 for losing)\n|raw|Kzjrzl's rating: 1180 &rarr; <strong>1204<\/strong><br \/>(+24 for winning)\n","uploadtime":1701108355,"views":1,"p1id":"flyingcookie500","p2id":"kzjrzl","formatid":"gen9vgc2023regulatione","rating":1140,"private":0,"password":""}