{"id":"gen9vgc2023regulatione-1990080410","p1":"kcazrou","p2":"Ggsed59","format":"[Gen 9] VGC 2023 Regulation E","log":"|j|\u2606kcazrou\n|j|\u2606Ggsed59\n|t:|1699922429\n|gametype|doubles\n|player|p1|kcazrou|emma|1556\n|player|p2|Ggsed59|2|1639\n|teamsize|p1|6\n|teamsize|p2|6\n|gen|9\n|tier|[Gen 9] VGC 2023 Regulation E\n|rated|\n|rule|Species Clause: Limit one of each Pok\u00e9mon\n|rule|Item Clause: Limit one of each item\n|clearpoke\n|poke|p1|Ursaluna, L50, M|\n|poke|p1|Enamorus-Therian, L50, F|\n|poke|p1|Oranguru, L50, F|\n|poke|p1|Iron Hands, L50|\n|poke|p1|Chi-Yu, L50|\n|poke|p1|Tornadus, L50, M|\n|poke|p2|Tornadus, L50, M|\n|poke|p2|Flutter Mane, L50|\n|poke|p2|Landorus-Therian, L50, M|\n|poke|p2|Heatran, L50, F|\n|poke|p2|Amoonguss, L50, F|\n|poke|p2|Ogerpon-Wellspring, L50, F|\n|teampreview|4\nkcazrou rejected open team sheets.\n|inactive|Battle timer is ON: inactive players will automatically lose when time's up. (requested by kcazrou)\n|\n|t:|1699922474\n|start\n|switch|p1a: Iron Hands|Iron Hands, L50|100\/100\n|switch|p1b: Oranguru|Oranguru, L50, F|100\/100\n|switch|p2a: Tornadus|Tornadus, L50, M|100\/100\n|switch|p2b: Flutter Mane|Flutter Mane, L50|100\/100\n|turn|1\n|inactive|Ggsed59 has 30 seconds left.\n|inactive|Ggsed59 has 20 seconds left.\n|inactive|Ggsed59 has 15 seconds left.\n|inactive|Ggsed59 has 10 seconds left.\n|inactive|Ggsed59 has 5 seconds left.\n|\n|t:|1699922525\n|-terastallize|p2b: Flutter Mane|Fairy\n|move|p2b: Flutter Mane|Moonblast|p1b: Oranguru\n|-damage|p1b: Oranguru|23\/100\n|move|p2a: Tornadus|Bleakwind Storm|p1a: Iron Hands|[spread] p1b\n|-miss|p2a: Tornadus|p1a: Iron Hands\n|-damage|p1b: Oranguru|2\/100\n|move|p1a: Iron Hands|Volt Switch|p2b: Flutter Mane\n|-damage|p2b: Flutter Mane|87\/100\n|\n|t:|1699922537\n|-end|p1a: Iron Hands|Quark Drive|[silent]\n|switch|p1a: Enamorus|Enamorus-Therian, L50, F|100\/100|[from] Volt Switch\n|move|p1b: Oranguru|Trick Room|p1b: Oranguru\n|-fieldstart|move: Trick Room|[of] p1b: Oranguru\n|\n|upkeep\n|turn|2\n|inactive|Ggsed59 has 30 seconds left.\n|\n|t:|1699922566\n|-end|p2b: Flutter Mane|Protosynthesis|[silent]\n|switch|p2b: Heatran|Heatran, L50, F|100\/100\n|-terastallize|p1a: Enamorus|Fairy\n|move|p1a: Enamorus|Dazzling Gleam|p2b: Heatran|[spread] p2a,p2b\n|-resisted|p2b: Heatran\n|-damage|p2a: Tornadus|23\/100\n|-damage|p2b: Heatran|90\/100\n|move|p1b: Oranguru|Instruct|p1a: Enamorus\n|-singleturn|p1a: Enamorus|move: Instruct|[of] p1b: Oranguru\n|move|p1a: Enamorus|Dazzling Gleam|p2a: Tornadus|[spread] p2a,p2b\n|-resisted|p2b: Heatran\n|-damage|p2a: Tornadus|0 fnt\n|-damage|p2b: Heatran|81\/100\n|faint|p2a: Tornadus\n|\n|upkeep\n|inactive|Ggsed59 has 30 seconds left.\n|\n|t:|1699922593\n|switch|p2a: Ogerpon|Ogerpon-Wellspring, L50, F|100\/100\n|turn|3\n|\n|t:|1699922607\n|move|p2a: Ogerpon|Spiky Shield|p2a: Ogerpon\n|-singleturn|p2a: Ogerpon|move: Protect\n|move|p1a: Enamorus|Dazzling Gleam|p2b: Heatran|[spread] p2b\n|-activate|p2a: Ogerpon|move: Protect\n|-resisted|p2b: Heatran\n|-damage|p2b: Heatran|72\/100\n|move|p1b: Oranguru|Instruct|p1a: Enamorus\n|-singleturn|p1a: Enamorus|move: Instruct|[of] p1b: Oranguru\n|move|p1a: Enamorus|Dazzling Gleam|p2b: Heatran|[spread] p2b\n|-activate|p2a: Ogerpon|move: Protect\n|-resisted|p2b: Heatran\n|-damage|p2b: Heatran|61\/100\n|move|p2b: Heatran|Flash Cannon|p1a: Enamorus\n|-supereffective|p1a: Enamorus\n|-damage|p1a: Enamorus|11\/100\n|-unboost|p1a: Enamorus|spd|1\n|\n|upkeep\n|turn|4\n|inactive|Ggsed59 has 30 seconds left.\n|inactive|kcazrou has 30 seconds left.\n|\n|t:|1699922639\n|move|p1a: Enamorus|Dazzling Gleam|p2b: Heatran|[spread] p2a,p2b\n|-resisted|p2b: Heatran\n|-damage|p2a: Ogerpon|32\/100\n|-damage|p2b: Heatran|51\/100\n|move|p1b: Oranguru|Instruct|p1a: Enamorus\n|-singleturn|p1a: Enamorus|move: Instruct|[of] p1b: Oranguru\n|move|p1a: Enamorus|Dazzling Gleam|p2a: Ogerpon|[spread] p2a,p2b\n|-resisted|p2b: Heatran\n|-damage|p2a: Ogerpon|0 fnt\n|-damage|p2b: Heatran|41\/100\n|faint|p2a: Ogerpon\n|move|p2b: Heatran|Heat Wave|p1a: Enamorus|[spread] p1a,p1b\n|-damage|p1a: Enamorus|0 fnt\n|-damage|p1b: Oranguru|0 fnt\n|faint|p1a: Enamorus\n|faint|p1b: Oranguru\n|\n|upkeep\n|\n|t:|1699922655\n|switch|p1a: Iron Hands|Iron Hands, L50|100\/100\n|switch|p1b: Ursaluna|Ursaluna, L50, M|100\/100\n|switch|p2a: Flutter Mane|Flutter Mane, L50, tera:Fairy|87\/100\n|turn|5\n|inactive|kcazrou has 30 seconds left.\n|\n|t:|1699922682\n|move|p1b: Ursaluna|Facade|p2a: Flutter Mane\n|-damage|p2a: Flutter Mane|0 fnt\n|faint|p2a: Flutter Mane\n|-end|p2a: Flutter Mane|Protosynthesis|[silent]\n|move|p1a: Iron Hands|Wild Charge|p2b: Heatran\n|-damage|p2b: Heatran|0 fnt\n|faint|p2b: Heatran\n|-damage|p1a: Iron Hands|93\/100|[from] Recoil\n|\n|win|kcazrou\n|raw|kcazrou's rating: 1556 &rarr; <strong>1581<\/strong><br \/>(+25 for winning)\n|raw|Ggsed59's rating: 1639 &rarr; <strong>1614<\/strong><br \/>(-25 for losing)\n","uploadtime":1699922690,"views":8,"p1id":"kcazrou","p2id":"ggsed59","formatid":"gen9vgc2023regulatione","rating":1581,"private":0,"password":""}