{"id":"gen9vgc2023regulatione-1991733213","p1":"Ryan Gooslink","p2":"Tots54","format":"[Gen 9] VGC 2023 Regulation E","log":"|j|\u2606Ryan Gooslink\n|j|\u2606Tots54\n|n|\u2606Ryan Gooslink|ryangooslink\n|n|\u2606Tots54|tots54\n|html|View the match progress at <a href=\"\/game-bestof3-gen9vgc2023regulatione-1991733212\">game-bestof3-gen9vgc2023regulatione-1991733212<\/a>\n|t:|1700108415\n|gametype|doubles\n|player|p1|Ryan Gooslink|maid|\n|player|p2|Tots54|dragontamer|\n|teamsize|p1|6\n|teamsize|p2|6\n|gen|9\n|tier|[Gen 9] VGC 2023 Regulation E\n|rule|Species Clause: Limit one of each Pok\u00e9mon\n|rule|Item Clause: Limit one of each item\n|clearpoke\n|poke|p1|Flutter Mane, L50|\n|poke|p1|Urshifu-*, L50, M|\n|poke|p1|Iron Hands, L50|\n|poke|p1|Ogerpon-Wellspring, L50, F|\n|poke|p1|Tornadus, L50, M|\n|poke|p1|Arcanine-Hisui, L50, M|\n|poke|p2|Chien-Pao, L50|\n|poke|p2|Rillaboom, L50, F|\n|poke|p2|Arcanine-Hisui, L50, M|\n|poke|p2|Urshifu-*, L50, F|\n|poke|p2|Tornadus, L50, M|\n|poke|p2|Flutter Mane, L50|\n|teampreview|4\nTots54 has agreed to open team sheets.\nRyan Gooslink has agreed to open team sheets.\n|showteam|p1|Flutter Mane||ChoiceSpecs|Protosynthesis|DazzlingGleam,ShadowBall,Moonblast,PerishSong||||||50|,,,,,Fairy]Urshifu||FocusSash|UnseenFist|WickedBlow,CloseCombat,SuckerPunch,Protect|||M|||50|,,,,,Dark]Iron Hands||AssaultVest|QuarkDrive|WildCharge,DrainPunch,HeavySlam,FakeOut||||||50|,,,,,Water]Ogerpon-Wellspring||WellspringMask|WaterAbsorb|IvyCudgel,HornLeech,FollowMe,SpikyShield|||F|||50|,,,,,Water]Tornadus||RockyHelmet|Prankster|BleakwindStorm,Tailwind,SunnyDay,Protect|||M|||50|,,,,,Ghost]Arcanine-Hisui||ChoiceBand|Intimidate|FlareBlitz,RockSlide,ExtremeSpeed,TeraBlast|||M|||50|,,,,,Fairy\n|showteam|p2|Chien-Pao||FocusSash|SwordofRuin|SuckerPunch,IcicleCrash,SacredSword,Protect||||||50|,,,,,Ghost]Rillaboom||AssaultVest|GrassySurge|WoodHammer,GrassyGlide,Uturn,FakeOut|||F|||50|,,,,,Fire]Arcanine-Hisui||ChoiceBand|Intimidate|FlareBlitz,HeadSmash,RockSlide,ExtremeSpeed|||M|||50|,,,,,Normal]Urshifu-Rapid-Strike||MysticWater|UnseenFist|SurgingStrikes,AquaJet,CloseCombat,Protect|||F|||50|,,,,,Water]Tornadus||RockyHelmet|Prankster|BleakwindStorm,Taunt,Tailwind,RainDance|||M|||50|,,,,,Ghost]Flutter Mane||BoosterEnergy|Protosynthesis|ShadowBall,Moonblast,DazzlingGleam,Protect||||||50|,,,,,Fairy\n|\n|t:|1700108505\n|start\n|switch|p1a: Arcanine|Arcanine-Hisui, L50, M|100\/100\n|switch|p1b: Tornadus|Tornadus, L50, M|100\/100\n|switch|p2a: Rillaboom|Rillaboom, L50, F|100\/100\n|switch|p2b: Arcanine|Arcanine-Hisui, L50, M|100\/100\n|-ability|p1a: Arcanine|Intimidate|boost\n|-unboost|p2a: Rillaboom|atk|1\n|-unboost|p2b: Arcanine|atk|1\n|-ability|p2b: Arcanine|Intimidate|boost\n|-unboost|p1a: Arcanine|atk|1\n|-unboost|p1b: Tornadus|atk|1\n|-fieldstart|move: Grassy Terrain|[from] ability: Grassy Surge|[of] p2a: Rillaboom\n|turn|1\n|\n|t:|1700108540\n|switch|p1a: Iron Hands|Iron Hands, L50|100\/100\n|move|p1b: Tornadus|Protect|p1b: Tornadus\n|-singleturn|p1b: Tornadus|Protect\n|move|p2a: Rillaboom|Fake Out|p1a: Iron Hands\n|-damage|p1a: Iron Hands|94\/100\n|move|p2b: Arcanine|Rock Slide|p1a: Iron Hands|[spread] p1a\n|-activate|p1b: Tornadus|move: Protect\n|-resisted|p1a: Iron Hands\n|-damage|p1a: Iron Hands|84\/100\n|\n|-heal|p1a: Iron Hands|90\/100|[from] Grassy Terrain\n|upkeep\n|turn|2\n|\n|t:|1700108553\n|move|p1b: Tornadus|Protect||[still]\n|-fail|p1b: Tornadus\n|move|p1a: Iron Hands|Fake Out|p2b: Arcanine\n|-resisted|p2b: Arcanine\n|-damage|p2b: Arcanine|92\/100\n|cant|p2b: Arcanine|flinch\n|move|p2a: Rillaboom|Wood Hammer|p1a: Iron Hands\n|-damage|p1a: Iron Hands|55\/100\n|-damage|p2a: Rillaboom|87\/100|[from] Recoil\n|\n|-heal|p2b: Arcanine|98\/100|[from] Grassy Terrain\n|-heal|p2a: Rillaboom|93\/100|[from] Grassy Terrain\n|-heal|p1a: Iron Hands|61\/100|[from] Grassy Terrain\n|upkeep\n|turn|3\n|\n|t:|1700108571\n|switch|p2b: Flutter Mane|Flutter Mane, L50|100\/100\n|-enditem|p2b: Flutter Mane|Booster Energy\n|-activate|p2b: Flutter Mane|ability: Protosynthesis|[fromitem]\n|-start|p2b: Flutter Mane|protosynthesisspa\n|move|p1b: Tornadus|Bleakwind Storm|p2b: Flutter Mane|[spread] p2b\n|-miss|p1b: Tornadus|p2a: Rillaboom\n|-damage|p2b: Flutter Mane|72\/100\n|move|p2a: Rillaboom|Wood Hammer|p1a: Iron Hands\n|-damage|p1a: Iron Hands|26\/100\n|-damage|p2a: Rillaboom|80\/100|[from] Recoil\n|move|p1a: Iron Hands|Drain Punch|p2b: Flutter Mane\n|-immune|p2b: Flutter Mane\n|\n|-heal|p2b: Flutter Mane|78\/100|[from] Grassy Terrain\n|-heal|p2a: Rillaboom|86\/100|[from] Grassy Terrain\n|-heal|p1a: Iron Hands|32\/100|[from] Grassy Terrain\n|upkeep\n|turn|4\n|\n|t:|1700108588\n|-end|p1a: Iron Hands|Quark Drive|[silent]\n|switch|p1a: Arcanine|Arcanine-Hisui, L50, M|100\/100\n|-ability|p1a: Arcanine|Intimidate|boost\n|-unboost|p2a: Rillaboom|atk|1\n|-unboost|p2b: Flutter Mane|atk|1\n|move|p2b: Flutter Mane|Dazzling Gleam|p1a: Arcanine|[spread] p1a,p1b\n|-resisted|p1a: Arcanine\n|-damage|p1a: Arcanine|80\/100\n|-damage|p1b: Tornadus|57\/100\n|move|p1b: Tornadus|Bleakwind Storm|p2a: Rillaboom|[spread] p2a\n|-miss|p1b: Tornadus|p2b: Flutter Mane\n|-supereffective|p2a: Rillaboom\n|-damage|p2a: Rillaboom|45\/100\n|move|p2a: Rillaboom|Wood Hammer|p1a: Arcanine\n|-damage|p1a: Arcanine|33\/100\n|-damage|p2a: Rillaboom|31\/100|[from] Recoil\n|\n|-heal|p2b: Flutter Mane|84\/100|[from] Grassy Terrain\n|-heal|p1a: Arcanine|39\/100|[from] Grassy Terrain\n|-heal|p2a: Rillaboom|37\/100|[from] Grassy Terrain\n|upkeep\n|turn|5\n|\n|t:|1700108613\n|switch|p2a: Arcanine|Arcanine-Hisui, L50, M|98\/100\n|-ability|p2a: Arcanine|Intimidate|boost\n|-unboost|p1a: Arcanine|atk|1\n|-unboost|p1b: Tornadus|atk|1\n|move|p2b: Flutter Mane|Protect|p2b: Flutter Mane\n|-singleturn|p2b: Flutter Mane|Protect\n|move|p1b: Tornadus|Tailwind|p1b: Tornadus\n|-sidestart|p1: Ryan Gooslink|move: Tailwind\n|move|p1a: Arcanine|Rock Slide|p2b: Flutter Mane|[spread] p2a\n|-activate|p2b: Flutter Mane|move: Protect\n|-supereffective|p2a: Arcanine\n|-damage|p2a: Arcanine|31\/100\n|\n|-heal|p1a: Arcanine|45\/100|[from] Grassy Terrain\n|-heal|p2b: Flutter Mane|91\/100|[from] Grassy Terrain\n|-heal|p2a: Arcanine|37\/100|[from] Grassy Terrain\n|-fieldend|move: Grassy Terrain\n|upkeep\n|turn|6\n|\n|t:|1700108623\n|switch|p2a: Rillaboom|Rillaboom, L50, F|37\/100\n|-fieldstart|move: Grassy Terrain|[from] ability: Grassy Surge|[of] p2a: Rillaboom\n|move|p1a: Arcanine|Rock Slide|p2b: Flutter Mane|[spread] p2a,p2b\n|-damage|p2a: Rillaboom|13\/100\n|-damage|p2b: Flutter Mane|50\/100\n|move|p1b: Tornadus|Bleakwind Storm|p2b: Flutter Mane|[spread] p2a,p2b\n|-supereffective|p2a: Rillaboom\n|-damage|p2a: Rillaboom|0 fnt\n|-damage|p2b: Flutter Mane|23\/100\n|faint|p2a: Rillaboom\n|cant|p2b: Flutter Mane|flinch\n|\n|-heal|p1a: Arcanine|51\/100|[from] Grassy Terrain\n|-heal|p2b: Flutter Mane|30\/100|[from] Grassy Terrain\n|upkeep\n|\n|t:|1700108637\n|switch|p2a: Tornadus|Tornadus, L50, M|100\/100\n|turn|7\n|\n|t:|1700108650\n|switch|p1a: Iron Hands|Iron Hands, L50|32\/100\n|move|p2a: Tornadus|Tailwind|p2a: Tornadus\n|-sidestart|p2: Tots54|move: Tailwind\n|move|p2b: Flutter Mane|Shadow Ball|p1a: Iron Hands\n|-damage|p1a: Iron Hands|5\/100\n|move|p1b: Tornadus|Bleakwind Storm|p2a: Tornadus|[spread] p2a,p2b\n|-damage|p2a: Tornadus|63\/100\n|-damage|p2b: Flutter Mane|5\/100\n|-unboost|p2a: Tornadus|spe|1\n|-unboost|p2b: Flutter Mane|spe|1\n|\n|-heal|p2b: Flutter Mane|11\/100|[from] Grassy Terrain\n|-heal|p1a: Iron Hands|11\/100|[from] Grassy Terrain\n|upkeep\n|turn|8\n|\n|t:|1700108678\n|move|p1a: Iron Hands|Fake Out|p2a: Tornadus\n|-damage|p2a: Tornadus|52\/100\n|-damage|p1a: Iron Hands|0 fnt|[from] item: Rocky Helmet|[of] p2a: Tornadus\n|faint|p1a: Iron Hands\n|-end|p1a: Iron Hands|Quark Drive|[silent]\n|move|p1b: Tornadus|Bleakwind Storm|p2a: Tornadus|[spread] p2a,p2b\n|-damage|p2a: Tornadus|16\/100\n|-damage|p2b: Flutter Mane|0 fnt\n|faint|p2b: Flutter Mane\n|-end|p2b: Flutter Mane|Protosynthesis|[silent]\n|cant|p2a: Tornadus|flinch\n|\n|-sideend|p1: Ryan Gooslink|move: Tailwind\n|upkeep\n|\n|t:|1700108686\n|switch|p2b: Arcanine|Arcanine-Hisui, L50, M|37\/100\n|switch|p1a: Arcanine|Arcanine-Hisui, L50, M|51\/100\n|-ability|p2b: Arcanine|Intimidate|boost\n|-unboost|p1a: Arcanine|atk|1\n|-unboost|p1b: Tornadus|atk|1\n|-ability|p1a: Arcanine|Intimidate|boost\n|-unboost|p2a: Tornadus|atk|1\n|-unboost|p2b: Arcanine|atk|1\n|turn|9\n|\n|t:|1700108695\n|move|p1a: Arcanine|Extreme Speed|p2a: Tornadus\n|-damage|p2a: Tornadus|0 fnt\n|-damage|p1a: Arcanine|35\/100|[from] item: Rocky Helmet|[of] p2a: Tornadus\n|faint|p2a: Tornadus\n|move|p2b: Arcanine|Rock Slide|p1a: Arcanine|[spread] p1a,p1b\n|-supereffective|p1a: Arcanine\n|-supereffective|p1b: Tornadus\n|-damage|p1a: Arcanine|0 fnt\n|-damage|p1b: Tornadus|1\/100\n|faint|p1a: Arcanine\n|move|p1b: Tornadus|Bleakwind Storm|p2b: Arcanine\n|-resisted|p2b: Arcanine\n|-damage|p2b: Arcanine|11\/100\n|\n|-heal|p2b: Arcanine|17\/100|[from] Grassy Terrain\n|upkeep\n|\n|t:|1700108698\n|switch|p1a: Ogerpon|Ogerpon-Wellspring, L50, F|100\/100\n|turn|10\n|\n|t:|1700108702\n|move|p1b: Tornadus|Tailwind|p1b: Tornadus\n|-sidestart|p1: Ryan Gooslink|move: Tailwind\n|move|p1a: Ogerpon|Ivy Cudgel|p2b: Arcanine|[anim] Ivy Cudgel Water\n|-supereffective|p2b: Arcanine\n|-damage|p2b: Arcanine|0 fnt\n|faint|p2b: Arcanine\n|\n|win|Ryan Gooslink\n|c|&|\/uhtml prompt-tots54,Tots54 is ready for game 2!\n|c|&|\/uhtml prompt-ryangooslink,Ryan Gooslink is ready for game 2!\nBoth players are ready! Starting next match!\n","uploadtime":1700108882,"views":29,"p1id":"ryangooslink","p2id":"tots54","formatid":"gen9vgc2023regulatione","rating":0,"private":0,"password":""}