{"id":"gen9vgc2023regulatione-1999608823","p1":"taco_bowl_mx","p2":"Angelo Neres","format":"[Gen 9] VGC 2023 Regulation E","log":"|j|\u2606taco_bowl_mx\n|j|\u2606Angelo Neres\n|t:|1701100818\n|gametype|doubles\n|player|p1|taco_bowl_mx|dawn-gen4pt|1351\n|player|p2|Angelo Neres|2|1402\n|teamsize|p1|6\n|teamsize|p2|6\n|gen|9\n|tier|[Gen 9] VGC 2023 Regulation E\n|rated|\n|rule|Species Clause: Limit one of each Pok\u00e9mon\n|rule|Item Clause: Limit one of each item\n|clearpoke\n|poke|p1|Flutter Mane, L50|\n|poke|p1|Chien-Pao, L50|\n|poke|p1|Iron Hands, L50|\n|poke|p1|Heatran, L50, M|\n|poke|p1|Ogerpon-Wellspring, L50, F|\n|poke|p1|Landorus-Therian, L50, M|\n|poke|p2|Amoonguss, L50, F|\n|poke|p2|Gholdengo, L50|\n|poke|p2|Scream Tail, L50|\n|poke|p2|Dondozo, L50, M|\n|poke|p2|Tauros-Paldea-Blaze, L50, M|\n|poke|p2|Chien-Pao, L50|\n|teampreview|4\ntaco_bowl_mx has agreed to open team sheets.\n|inactive|Battle timer is ON: inactive players will automatically lose when time's up. (requested by taco_bowl_mx)\nAngelo Neres has agreed to open team sheets.\n|inactive|Angelo Neres has 30 seconds left.\n|inactive|Angelo Neres has 20 seconds left.\n|\n|t:|1701100880\n|start\n|switch|p1a: Heatran|Heatran, L50, M|100\/100\n|switch|p1b: Flutter Mane|Flutter Mane, L50|100\/100\n|switch|p2a: Chien-Pao|Chien-Pao, L50|100\/100\n|switch|p2b: Scream Tail|Scream Tail, L50|100\/100\n|-ability|p2a: Chien-Pao|Sword of Ruin\n|turn|1\n|inactive|taco_bowl_mx has 30 seconds left.\n|inactive|Angelo Neres has 30 seconds left.\n|\n|t:|1701100915\n|-end|p2b: Scream Tail|Protosynthesis|[silent]\n|switch|p2b: Dondozo|Dondozo, L50, M|100\/100\n|move|p2a: Chien-Pao|Sucker Punch|p1b: Flutter Mane\n|-damage|p1b: Flutter Mane|7\/100\n|-damage|p2a: Chien-Pao|91\/100|[from] item: Life Orb\n|move|p1b: Flutter Mane|Shadow Ball|p2b: Dondozo\n|-damage|p2b: Dondozo|62\/100\n|-unboost|p2b: Dondozo|spd|1\n|move|p1a: Heatran|Heat Wave|p2a: Chien-Pao|[spread] p2a,p2b\n|-supereffective|p2a: Chien-Pao\n|-resisted|p2b: Dondozo\n|-damage|p2a: Chien-Pao|0 fnt\n|-damage|p2b: Dondozo|42\/100\n|faint|p2a: Chien-Pao\n|\n|-heal|p2b: Dondozo|48\/100|[from] item: Leftovers\n|upkeep\n|\n|t:|1701100933\n|switch|p2a: Gholdengo|Gholdengo, L50|100\/100\n|turn|2\n|\n|t:|1701100954\n|-end|p1b: Flutter Mane|Protosynthesis|[silent]\n|switch|p1b: Ogerpon|Ogerpon-Wellspring, L50, F|100\/100\n|switch|p2b: Scream Tail|Scream Tail, L50|100\/100\n|-terastallize|p1a: Heatran|Grass\n|-terastallize|p2a: Gholdengo|Dragon\n|move|p1a: Heatran|Heat Wave|p2a: Gholdengo|[spread] p2a,p2b\n|-resisted|p2a: Gholdengo\n|-damage|p2a: Gholdengo|83\/100\n|-damage|p2b: Scream Tail|74\/100\n|move|p2a: Gholdengo|Nasty Plot|p2a: Gholdengo\n|-boost|p2a: Gholdengo|spa|2\n|\n|upkeep\n|turn|3\n|inactive|taco_bowl_mx has 30 seconds left.\n|inactive|Angelo Neres has 30 seconds left.\n|inactive|Angelo Neres has 20 seconds left.\n|\n|t:|1701100994\n|switch|p1a: Chien-Pao|Chien-Pao, L50|100\/100\n|-ability|p1a: Chien-Pao|Sword of Ruin\n|move|p1b: Ogerpon|Ivy Cudgel|p2a: Gholdengo|[anim] Ivy Cudgel Water\n|-resisted|p2a: Gholdengo\n|-damage|p2a: Gholdengo|54\/100\n|move|p2a: Gholdengo|Nasty Plot|p2a: Gholdengo\n|-boost|p2a: Gholdengo|spa|2\n|move|p2b: Scream Tail|Trick Room|p2b: Scream Tail\n|-fieldstart|move: Trick Room|[of] p2b: Scream Tail\n|\n|upkeep\n|turn|4\n|inactive|taco_bowl_mx has 30 seconds left.\n|inactive|Angelo Neres has 30 seconds left.\n|inactive|Angelo Neres has 20 seconds left.\n|inactive|Angelo Neres has 15 seconds left.\n|inactive|Angelo Neres has 10 seconds left.\n|inactive|Angelo Neres has 5 seconds left.\n|\n|t:|1701101044\n|move|p1b: Ogerpon|Spiky Shield|p1b: Ogerpon\n|-singleturn|p1b: Ogerpon|move: Protect\n|move|p2a: Gholdengo|Shadow Ball|p1b: Ogerpon\n|-activate|p1b: Ogerpon|move: Protect\n|move|p2b: Scream Tail|Ice Beam|p1a: Chien-Pao\n|-resisted|p1a: Chien-Pao\n|-damage|p1a: Chien-Pao|88\/100\n|move|p1a: Chien-Pao|Haze|p1a: Chien-Pao\n|-clearallboost\n|\n|upkeep\n|turn|5\n|inactive|taco_bowl_mx has 30 seconds left.\n|inactive|taco_bowl_mx has 20 seconds left.\n|inactive|Angelo Neres has 30 seconds left.\n|\n|t:|1701101088\n|move|p2a: Gholdengo|Protect|p2a: Gholdengo\n|-singleturn|p2a: Gholdengo|Protect\n|move|p1a: Chien-Pao|Protect|p1a: Chien-Pao\n|-singleturn|p1a: Chien-Pao|Protect\n|move|p2b: Scream Tail|Encore|p1a: Chien-Pao\n|-activate|p1a: Chien-Pao|move: Protect\n|move|p1b: Ogerpon|Horn Leech|p2a: Gholdengo\n|-activate|p2a: Gholdengo|move: Protect\n|\n|upkeep\n|turn|6\n|\n|t:|1701101107\n|switch|p1a: Flutter Mane|Flutter Mane, L50|7\/100\n|move|p1b: Ogerpon|Spiky Shield|p1b: Ogerpon\n|-singleturn|p1b: Ogerpon|move: Protect\n|move|p2a: Gholdengo|Nasty Plot|p2a: Gholdengo\n|-boost|p2a: Gholdengo|spa|2\n|move|p2b: Scream Tail|Encore||[still]\n|-fail|p2b: Scream Tail\n|\n|upkeep\n|turn|7\n|\n|t:|1701101122\n|move|p1b: Ogerpon|Follow Me|p1b: Ogerpon\n|-singleturn|p1b: Ogerpon|move: Follow Me\n|move|p2a: Gholdengo|Shadow Ball|p1b: Ogerpon\n|-damage|p1b: Ogerpon|20\/100\n|-unboost|p1b: Ogerpon|spd|1\n|move|p2b: Scream Tail|Ice Beam|p1b: Ogerpon\n|-damage|p1b: Ogerpon|0 fnt\n|faint|p1b: Ogerpon\n|move|p1a: Flutter Mane|Dazzling Gleam|p2b: Scream Tail|[spread] p2a,p2b\n|-supereffective|p2a: Gholdengo\n|-damage|p2a: Gholdengo|0 fnt\n|-damage|p2b: Scream Tail|47\/100\n|faint|p2a: Gholdengo\n|\n|-fieldend|move: Trick Room\n|upkeep\n|-message|Angelo Neres forfeited.\n|\n|win|taco_bowl_mx\n|raw|taco_bowl_mx's rating: 1351 &rarr; <strong>1374<\/strong><br \/>(+23 for winning)\n|raw|Angelo Neres's rating: 1402 &rarr; <strong>1379<\/strong><br \/>(-23 for losing)\n|l|\u2606Angelo Neres\n","uploadtime":1701101148,"views":13,"p1id":"tacobowlmx","p2id":"angeloneres","formatid":"gen9vgc2023regulatione","rating":1374,"private":0,"password":""}