{"id":"gen9vgc2023regulatione-1994759377","p1":"slow blade","p2":"ZippyMonster96","format":"[Gen 9] VGC 2023 Regulation E","log":"|j|\u2606slow blade\n|j|\u2606ZippyMonster96\n|t:|1700489930\n|gametype|doubles\n|player|p1|slow blade|red|1062\n|player|p2|ZippyMonster96|dragontamer|1001\n|teamsize|p1|6\n|teamsize|p2|6\n|gen|9\n|tier|[Gen 9] VGC 2023 Regulation E\n|rated|\n|rule|Species Clause: Limit one of each Pok\u00e9mon\n|rule|Item Clause: Limit one of each item\n|clearpoke\n|poke|p1|Pawmot, L50, F|\n|poke|p1|Rabsca, L50, F|\n|poke|p1|Golem-Alola, L50, F|\n|poke|p1|Grafaiai, L50, F|\n|poke|p1|Pelipper, L50, F|\n|poke|p1|Basculegion, L50, M|\n|poke|p2|Mimikyu, L50, M|\n|poke|p2|Flamigo, L50, F|\n|poke|p2|Annihilape, L50, M|\n|poke|p2|Gholdengo, L50|\n|poke|p2|Clefairy, L50, M|\n|poke|p2|Palafin, L50, M|\n|teampreview|4\n|l|\u2606slow blade\n|player|p1|\n|inactive|Battle timer is ON: inactive players will automatically lose when time's up. (requested by ZippyMonster96)\n|j|\u2606slow blade\n|inactive|slow blade reconnected and has 90 seconds left.\n|player|p1|slow blade|red\n|inactive|slow blade also wants the timer to be on.\n|inactive|slow blade has 60 seconds left.\n|\n|t:|1700490006\n|start\n|switch|p1a: Golem|Golem-Alola, L50, F, shiny|100\/100\n|switch|p1b: Rabsca|Rabsca, L50, F, shiny|100\/100\n|switch|p2a: Mimikyu|Mimikyu, L50, M|100\/100\n|switch|p2b: Clefairy|Clefairy, L50, M|100\/100\n|turn|1\n|inactive|slow blade has 30 seconds left.\n|\n|t:|1700490038\n|move|p2b: Clefairy|Follow Me|p2b: Clefairy\n|-singleturn|p2b: Clefairy|move: Follow Me\n|move|p2a: Mimikyu|Swords Dance|p2a: Mimikyu\n|-boost|p2a: Mimikyu|atk|2\n|move|p1b: Rabsca|Psychic|p2b: Clefairy\n|-damage|p2b: Clefairy|80\/100\n|move|p1a: Golem|Explosion|p2a: Mimikyu|[spread] p2a,p2b\n|-activate|p1b: Rabsca|ability: Telepathy\n|-activate|p2a: Mimikyu|ability: Disguise\n|-damage|p2a: Mimikyu|100\/100\n|-damage|p2b: Clefairy|0 fnt\n|detailschange|p2a: Mimikyu|Mimikyu-Busted, L50, M\n|-damage|p2a: Mimikyu|88\/100|[from] pokemon: Mimikyu-Busted\n|faint|p1a: Golem\n|faint|p2b: Clefairy\n|\n|upkeep\n|\n|t:|1700490062\n|switch|p2b: Gholdengo|Gholdengo, L50|100\/100\n|switch|p1a: Pawmot|Pawmot, L50, F, shiny|100\/100\n|turn|2\n|\n|t:|1700490084\n|-terastallize|p2a: Mimikyu|Steel\n|move|p2b: Gholdengo|Psychic|p1a: Pawmot\n|-supereffective|p1a: Pawmot\n|-enditem|p1a: Pawmot|Focus Sash\n|-damage|p1a: Pawmot|1\/100\n|move|p1a: Pawmot|Revival Blessing|p1a: Pawmot\n|\n|t:|1700490090\n|-heal|p1: Golem|50\/100|[from] move: Revival Blessing\n|move|p2a: Mimikyu|Swords Dance|p2a: Mimikyu\n|-boost|p2a: Mimikyu|atk|2\n|move|p1b: Rabsca|Speed Swap|p2a: Mimikyu\n|-activate|p1b: Rabsca|move: Speed Swap|[of] p2a: Mimikyu\n|\n|upkeep\n|turn|3\n|inactive|slow blade has 30 seconds left.\n|inactive|slow blade has 20 seconds left.\n|inactive|slow blade has 15 seconds left.\n|inactive|slow blade has 10 seconds left.\n|\n|t:|1700490137\n|move|p2b: Gholdengo|Psychic|p1a: Pawmot\n|-supereffective|p1a: Pawmot\n|-damage|p1a: Pawmot|0 fnt\n|faint|p1a: Pawmot\n|move|p1b: Rabsca|Speed Swap|p2b: Gholdengo\n|-immune|p2b: Gholdengo|[from] ability: Good as Gold\n|move|p2a: Mimikyu|Tera Blast|p1b: Rabsca|[anim] Tera Blast Steel\n|-damage|p1b: Rabsca|19\/100\n|\n|upkeep\n|\n|t:|1700490148\n|switch|p1a: Golem|Golem-Alola, L50, F, shiny|50\/100\n|turn|4\n|\n|t:|1700490164\n|move|p1a: Golem|Endure|p1a: Golem\n|-singleturn|p1a: Golem|move: Endure\n|move|p2b: Gholdengo|Psychic|p1a: Golem\n|-damage|p1a: Golem|7\/100\n|-unboost|p1a: Golem|spd|1\n|move|p1b: Rabsca|Revival Blessing|p1b: Rabsca\n|\n|t:|1700490171\n|-heal|p1: Pawmot|50\/100|[from] move: Revival Blessing\n|move|p2a: Mimikyu|Play Rough|p1b: Rabsca|[miss]\n|-miss|p2a: Mimikyu|p1b: Rabsca\n|\n|upkeep\n|turn|5\n|-enditem|p1a: Golem|Custap Berry|[eat]\n|-activate|p1a: Golem|item: Custap Berry|[consumed]\n|\n|t:|1700490187\n|move|p1a: Golem|Explosion|p2b: Gholdengo|[spread] p2a,p2b\n|-activate|p1b: Rabsca|ability: Telepathy\n|-damage|p2a: Mimikyu|0 fnt\n|-damage|p2b: Gholdengo|0 fnt\n|faint|p1a: Golem\n|faint|p2a: Mimikyu\n|faint|p2b: Gholdengo\n|move|p1b: Rabsca|Psychic|p2: Mimikyu|[notarget]\n|-fail|p1b: Rabsca\n|\n|upkeep\n|\n|t:|1700490202\n|switch|p2a: Flamigo|Flamigo, L50, F|100\/100\n|switch|p1a: Pawmot|Pawmot, L50, F, shiny|50\/100\n|turn|6\n|\n|t:|1700490212\n|move|p1a: Pawmot|Double Shock|p2a: Flamigo\n|-supereffective|p2a: Flamigo\n|-damage|p2a: Flamigo|0 fnt\n|-start|p1a: Pawmot|typechange|???\/Fighting|[from] move: Double Shock\n|faint|p2a: Flamigo\n|\n|win|slow blade\n|raw|slow blade's rating: 1062 &rarr; <strong>1087<\/strong><br \/>(+25 for winning)\n|raw|ZippyMonster96's rating: 1001 &rarr; <strong>1000<\/strong><br \/>(-1 for losing)\n|l|\u2606ZippyMonster96\n","uploadtime":1700490217,"views":7,"p1id":"slowblade","p2id":"zippymonster96","formatid":"gen9vgc2023regulatione","rating":1000,"private":0,"password":""}