{"id":"gen9vgc2023regulatione-1995747786","p1":"fotbollssnaps","p2":"QueenFluffyShadow","format":"[Gen 9] VGC 2023 Regulation E","log":"|j|\u2606fotbollssnaps\n|j|\u2606QueenFluffyShadow\n|t:|1700599428\n|gametype|doubles\n|player|p1|fotbollssnaps|2|1117\n|player|p2|QueenFluffyShadow|bellelba|1064\n|teamsize|p1|6\n|teamsize|p2|6\n|gen|9\n|tier|[Gen 9] VGC 2023 Regulation E\n|rated|\n|rule|Species Clause: Limit one of each Pok\u00e9mon\n|rule|Item Clause: Limit one of each item\n|clearpoke\n|poke|p1|Torkoal, L50, M|\n|poke|p1|Maushold, L50|\n|poke|p1|Flutter Mane, L50|\n|poke|p1|Arcanine-Hisui, L50, M|\n|poke|p1|Urshifu-*, L50, M|\n|poke|p1|Roaring Moon, L50|\n|poke|p2|Zorua-Hisui, L50, M|\n|poke|p2|Ogerpon-Wellspring, L50, F|\n|poke|p2|Heatran, L50, F|\n|poke|p2|Ninetales-Alola, L50, M|\n|poke|p2|Spectrier, L50|\n|poke|p2|Iron Hands, L50|\n|teampreview|4\n|inactive|Battle timer is ON: inactive players will automatically lose when time's up. (requested by QueenFluffyShadow)\n|\n|t:|1700599495\n|start\n|switch|p1a: Urshifu|Urshifu-Rapid-Strike, L50, M|100\/100\n|switch|p1b: Arcanine|Arcanine-Hisui, L50, M|100\/100\n|switch|p2a: Ninetales|Ninetales-Alola, L50, M|100\/100\n|switch|p2b: Iron Hands|Iron Hands, L50|100\/100\n|-weather|Snow|[from] ability: Snow Warning|[of] p2a: Ninetales\n|-ability|p1b: Arcanine|Intimidate|boost\n|-unboost|p2a: Ninetales|atk|1\n|-unboost|p2b: Iron Hands|atk|1\n|turn|1\n|inactive|fotbollssnaps has 30 seconds left.\n|inactive|QueenFluffyShadow has 30 seconds left.\n|\n|t:|1700599528\n|switch|p2b: Iron Hands|Iron Hands, L50|100\/100\n|move|p2a: Ninetales|Aurora Veil|p2a: Ninetales\n|-sidestart|p2: QueenFluffyShadow|move: Aurora Veil\n|move|p1a: Urshifu|Surging Strikes|p2a: Ninetales\n|-crit|p2a: Ninetales\n|-damage|p2a: Ninetales|81\/100\n|-crit|p2a: Ninetales\n|-damage|p2a: Ninetales|64\/100\n|-crit|p2a: Ninetales\n|-damage|p2a: Ninetales|45\/100\n|-hitcount|p2a: Ninetales|3\n|move|p1b: Arcanine|Rock Slide|p2b: Iron Hands|[spread] p2a,p2b\n|-supereffective|p2a: Ninetales\n|-resisted|p2b: Iron Hands\n|-damage|p2a: Ninetales|17\/100\n|-damage|p2b: Iron Hands|94\/100\n|\n|-weather|Snow|[upkeep]\n|upkeep\n|turn|2\n|inactive|fotbollssnaps has 30 seconds left.\n|\n|t:|1700599556\n|move|p2b: Iron Hands|Fake Out|p1a: Urshifu\n|-damage|p1a: Urshifu|85\/100\n|move|p2a: Ninetales|Icy Wind|p1b: Arcanine|[spread] p1a,p1b\n|-resisted|p1a: Urshifu\n|-resisted|p1b: Arcanine\n|-damage|p1a: Urshifu|76\/100\n|-damage|p1b: Arcanine|95\/100\n|-unboost|p1a: Urshifu|spe|1\n|-unboost|p1b: Arcanine|spe|1\n|cant|p1a: Urshifu|flinch\n|move|p1b: Arcanine|Rock Slide|p2b: Iron Hands|[spread] p2b\n|-miss|p1b: Arcanine|p2a: Ninetales\n|-resisted|p2b: Iron Hands\n|-damage|p2b: Iron Hands|88\/100\n|\n|-weather|Snow|[upkeep]\n|upkeep\n|turn|3\n|inactive|QueenFluffyShadow has 30 seconds left.\n|\n|t:|1700599587\n|move|p2a: Ninetales|Moonblast|p1a: Urshifu\n|-supereffective|p1a: Urshifu\n|-damage|p1a: Urshifu|0 fnt\n|faint|p1a: Urshifu\n|move|p1b: Arcanine|Rock Slide|p2b: Iron Hands|[spread] p2a,p2b\n|-supereffective|p2a: Ninetales\n|-resisted|p2b: Iron Hands\n|-damage|p2a: Ninetales|0 fnt\n|-damage|p2b: Iron Hands|82\/100\n|faint|p2a: Ninetales\n|move|p2b: Iron Hands|Drain Punch|p1b: Arcanine\n|-supereffective|p1b: Arcanine\n|-damage|p1b: Arcanine|0 fnt\n|-heal|p2b: Iron Hands|100\/100|[from] drain|[of] p1b: Arcanine\n|faint|p1b: Arcanine\n|\n|-weather|Snow|[upkeep]\n|upkeep\n|\n|t:|1700599604\n|switch|p2a: Heatran|Heatran, L50, F|100\/100\n|switch|p1a: Flutter Mane|Flutter Mane, L50|100\/100\n|switch|p1b: Roaring Moon|Roaring Moon, L50|100\/100\n|-enditem|p1b: Roaring Moon|Booster Energy\n|-activate|p1b: Roaring Moon|ability: Protosynthesis|[fromitem]\n|-start|p1b: Roaring Moon|protosynthesisspe\n|turn|4\n|inactive|fotbollssnaps has 30 seconds left.\n|inactive|QueenFluffyShadow has 30 seconds left.\n|\n|t:|1700599636\n|-terastallize|p1a: Flutter Mane|Fairy\n|move|p1b: Roaring Moon|Knock Off|p2a: Heatran\n|-supereffective|p2a: Heatran\n|-damage|p2a: Heatran|27\/100\n|replace|p2a: Zorua|Zorua-Hisui, L50, M, shiny\n|-end|p2a: Zorua|Illusion\n|-enditem|p2a: Zorua|Eviolite|[from] move: Knock Off|[of] p1b: Roaring Moon\n|move|p1a: Flutter Mane|Dazzling Gleam|p2b: Iron Hands|[spread] p2a,p2b\n|-supereffective|p2b: Iron Hands\n|-damage|p2a: Zorua|0 fnt\n|-damage|p2b: Iron Hands|58\/100\n|faint|p2a: Zorua\n|move|p2b: Iron Hands|Wild Charge|p1b: Roaring Moon\n|-resisted|p1b: Roaring Moon\n|-damage|p1b: Roaring Moon|68\/100\n|-damage|p2b: Iron Hands|52\/100|[from] Recoil\n|\n|-weather|Snow|[upkeep]\n|upkeep\n|\n|t:|1700599652\n|switch|p2a: Heatran|Heatran, L50, F|100\/100\n|turn|5\n|inactive|QueenFluffyShadow has 30 seconds left.\n|\n|t:|1700599680\n|-terastallize|p2b: Iron Hands|Grass\n|move|p1b: Roaring Moon|Knock Off|p2a: Heatran\n|-damage|p2a: Heatran|72\/100\n|-enditem|p2a: Heatran|Leftovers|[from] move: Knock Off|[of] p1b: Roaring Moon\n|move|p1a: Flutter Mane|Dazzling Gleam|p2b: Iron Hands|[spread] p2a,p2b\n|-resisted|p2a: Heatran\n|-damage|p2a: Heatran|62\/100\n|-damage|p2b: Iron Hands|28\/100\n|move|p2a: Heatran|Heat Wave|p1b: Roaring Moon|[spread] p1a,p1b\n|-resisted|p1b: Roaring Moon\n|-damage|p1a: Flutter Mane|58\/100\n|-damage|p1b: Roaring Moon|50\/100\n|-status|p1b: Roaring Moon|brn\n|move|p2b: Iron Hands|Heavy Slam|p1a: Flutter Mane\n|-supereffective|p1a: Flutter Mane\n|-damage|p1a: Flutter Mane|0 fnt\n|faint|p1a: Flutter Mane\n|-end|p1a: Flutter Mane|Protosynthesis|[silent]\n|\n|-weather|none\n|-damage|p1b: Roaring Moon|44\/100 brn|[from] brn\n|upkeep\n|turn|6\n|inactive|QueenFluffyShadow has 30 seconds left.\n|inactive|QueenFluffyShadow has 20 seconds left.\n|inactive|QueenFluffyShadow has 15 seconds left.\n|\n|t:|1700599720\n|move|p1b: Roaring Moon|Acrobatics|p2b: Iron Hands\n|-supereffective|p2b: Iron Hands\n|-damage|p2b: Iron Hands|11\/100\n|move|p2a: Heatran|Earth Power|p1b: Roaring Moon\n|-damage|p1b: Roaring Moon|12\/100 brn\n|move|p2b: Iron Hands|Drain Punch|p1b: Roaring Moon\n|-supereffective|p1b: Roaring Moon\n|-damage|p1b: Roaring Moon|0 fnt\n|-heal|p2b: Iron Hands|15\/100|[from] drain|[of] p1b: Roaring Moon\n|faint|p1b: Roaring Moon\n|-end|p1b: Roaring Moon|Protosynthesis|[silent]\n|\n|win|QueenFluffyShadow\n|raw|fotbollssnaps's rating: 1117 &rarr; <strong>1088<\/strong><br \/>(-29 for losing)\n|raw|QueenFluffyShadow's rating: 1064 &rarr; <strong>1099<\/strong><br \/>(+35 for winning)\n|l|\u2606fotbollssnaps\n","uploadtime":1700599734,"views":9,"p1id":"fotbollssnaps","p2id":"queenfluffyshadow","formatid":"gen9vgc2023regulatione","rating":1088,"private":0,"password":""}