{"id":"gen9vgc2023regulatione-1989692024","p1":"DeAndreRicketts","p2":"tyKer100","format":"[Gen 9] VGC 2023 Regulation E","log":"|j|\u203dDeAndreRicketts\n|j|\u2606tyKer100\n|t:|1699887348\n|gametype|doubles\n|player|p1|DeAndreRicketts|2|1190\n|player|p2|tyKer100|marshal|1141\n|teamsize|p1|6\n|teamsize|p2|6\n|gen|9\n|tier|[Gen 9] VGC 2023 Regulation E\n|rated|\n|rule|Species Clause: Limit one of each Pok\u00e9mon\n|rule|Item Clause: Limit one of each item\n|clearpoke\n|poke|p1|Armarouge, L50, M|\n|poke|p1|Torkoal, L50, F|\n|poke|p1|Indeedee-F, L50, F|\n|poke|p1|Urshifu-*, L50, M|\n|poke|p1|Ursaluna, L50, M|\n|poke|p1|Hatterene, L50, F|\n|poke|p2|Toxicroak, L50, M|\n|poke|p2|Politoed, L50, F|\n|poke|p2|Empoleon, L50, F|\n|poke|p2|Shiftry, L50, M|\n|poke|p2|Sinistcha-Masterpiece, L50|\n|poke|p2|Kilowattrel, L50, M|\n|teampreview|4\n|c|\u2606tyKer100|gl and hf\n|\n|t:|1699887394\n|start\n|switch|p1a: Indeedee|Indeedee-F, L50, F|100\/100\n|switch|p1b: Torkoal|Torkoal, L50, F|100\/100\n|switch|p2a: Toxicroak|Toxicroak, L50, M|100\/100\n|switch|p2b: Empoleon|Empoleon, L50, F|100\/100\n|-fieldstart|move: Psychic Terrain|[from] ability: Psychic Surge|[of] p1a: Indeedee\n|-enditem|p1a: Indeedee|Psychic Seed\n|-boost|p1a: Indeedee|spd|1|[from] item: Psychic Seed\n|-weather|SunnyDay|[from] ability: Drought|[of] p1b: Torkoal\n|turn|1\n|\n|t:|1699887413\n|switch|p2a: Politoed|Politoed, L50, F|100\/100\n|-weather|RainDance|[from] ability: Drizzle|[of] p2a: Politoed\n|move|p1b: Torkoal|Protect|p1b: Torkoal\n|-singleturn|p1b: Torkoal|Protect\n|move|p2b: Empoleon|Surf|p1b: Torkoal|[spread] p2a,p1a\n|-activate|p1b: Torkoal|move: Protect\n|-resisted|p2a: Politoed\n|-damage|p2a: Politoed|63\/100\n|-damage|p1a: Indeedee|67\/100\n|move|p1a: Indeedee|Trick Room|p1a: Indeedee\n|-fieldstart|move: Trick Room|[of] p1a: Indeedee\n|\n|-weather|RainDance|[upkeep]\n|-heal|p2a: Politoed|70\/100|[from] item: Leftovers\n|upkeep\n|turn|2\n|\n|t:|1699887450\n|switch|p1b: Urshifu|Urshifu, L50, M|100\/100\n|switch|p2a: Toxicroak|Toxicroak, L50, M|100\/100\n|move|p2b: Empoleon|Surf|p1a: Indeedee|[spread] p1a,p1b\n|-immune|p2a: Toxicroak|[from] ability: Dry Skin\n|-crit|p1b: Urshifu\n|-damage|p1a: Indeedee|30\/100\n|-damage|p1b: Urshifu|0 fnt\n|faint|p1b: Urshifu\n|move|p1a: Indeedee|Dazzling Gleam|p2b: Empoleon|[spread] p2a,p2b\n|-resisted|p2b: Empoleon\n|-crit|p2b: Empoleon\n|-damage|p2a: Toxicroak|81\/100\n|-damage|p2b: Empoleon|92\/100\n|\n|-weather|RainDance|[upkeep]\n|-heal|p2a: Toxicroak|93\/100|[from] ability: Dry Skin\n|upkeep\n|\n|t:|1699887469\n|switch|p1b: Armarouge|Armarouge, L50, M|100\/100\n|turn|3\n|\n|t:|1699887490\n|switch|p1a: Torkoal|Torkoal, L50, F|100\/100\n|-weather|SunnyDay|[from] ability: Drought|[of] p1a: Torkoal\n|-terastallize|p1b: Armarouge|Grass\n|-terastallize|p2a: Toxicroak|Dark\n|move|p2b: Empoleon|Surf|p1b: Armarouge|[spread] p1a,p1b\n|-heal|p2a: Toxicroak|100\/100|[from] ability: Dry Skin|[of] p2b: Empoleon\n|-supereffective|p1a: Torkoal\n|-resisted|p1b: Armarouge\n|-damage|p1a: Torkoal|32\/100\n|-damage|p1b: Armarouge|88\/100\n|move|p1b: Armarouge|Expanding Force|p2b: Empoleon|[spread] p2b\n|-immune|p2a: Toxicroak\n|-resisted|p2b: Empoleon\n|-damage|p2b: Empoleon|55\/100\n|move|p2a: Toxicroak|Poison Jab|p1b: Armarouge\n|-supereffective|p1b: Armarouge\n|-damage|p1b: Armarouge|21\/100\n|-status|p1b: Armarouge|psn\n|\n|-weather|SunnyDay|[upkeep]\n|-damage|p2a: Toxicroak|88\/100|[from] ability: Dry Skin|[of] p2a: Toxicroak\n|-damage|p1b: Armarouge|9\/100 psn|[from] psn\n|upkeep\n|turn|4\n|\n|t:|1699887531\n|switch|p2a: Politoed|Politoed, L50, F|70\/100\n|-weather|RainDance|[from] ability: Drizzle|[of] p2a: Politoed\n|move|p1b: Armarouge|Wide Guard|p1b: Armarouge\n|-singleturn|p1b: Armarouge|Wide Guard\n|move|p1a: Torkoal|Earth Power|p2b: Empoleon\n|-supereffective|p2b: Empoleon\n|-damage|p2b: Empoleon|6\/100\n|move|p2b: Empoleon|Surf|p1b: Armarouge|[spread] p2a\n|-activate|p1a: Torkoal|move: Wide Guard\n|-activate|p1b: Armarouge|move: Wide Guard\n|-resisted|p2a: Politoed\n|-damage|p2a: Politoed|33\/100\n|\n|-weather|RainDance|[upkeep]\n|-heal|p2a: Politoed|39\/100|[from] item: Leftovers\n|-damage|p1b: Armarouge|0 fnt|[from] psn\n|faint|p1b: Armarouge\n|upkeep\n|\n|t:|1699887548\n|switch|p1b: Indeedee|Indeedee-F, L50, F|30\/100\n|turn|5\n|\n|t:|1699887570\n|switch|p2b: Shiftry|Shiftry, L50, M|100\/100\n|move|p1a: Torkoal|Earth Power|p2b: Shiftry\n|-resisted|p2b: Shiftry\n|-crit|p2b: Shiftry\n|-damage|p2b: Shiftry|69\/100\n|move|p2a: Politoed|Surf|p1a: Torkoal|[spread] p2b,p1a,p1b\n|-resisted|p2b: Shiftry\n|-supereffective|p1a: Torkoal\n|-crit|p1a: Torkoal\n|-damage|p2b: Shiftry|30\/100\n|-damage|p1a: Torkoal|0 fnt\n|-damage|p1b: Indeedee|0 fnt\n|faint|p1a: Torkoal\n|faint|p1b: Indeedee\n|\n|win|tyKer100\n|raw|DeAndreRicketts's rating: 1190 &rarr; <strong>1161<\/strong><br \/>(-29 for losing)\n|raw|tyKer100's rating: 1141 &rarr; <strong>1170<\/strong><br \/>(+29 for winning)\n|c|\u2606tyKer100|gg\n|l|\u2606tyKer100\n","uploadtime":1699887661,"views":25,"p1id":"deandrericketts","p2id":"tyker100","formatid":"gen9vgc2023regulatione","rating":1161,"private":0,"password":""}