{"id":"gen9vgc2023regulatione-1992978873","p1":"Daywalker13","p2":"whykeyVGC","format":"[Gen 9] VGC 2023 Regulation E","log":"|j|\u2606Daywalker13\n|j|\u2606whykeyVGC\n|t:|1700252205\n|gametype|doubles\n|player|p1|Daywalker13|ethan|1328\n|player|p2|whykeyVGC|265|1317\n|teamsize|p1|6\n|teamsize|p2|6\n|gen|9\n|tier|[Gen 9] VGC 2023 Regulation E\n|rated|\n|rule|Species Clause: Limit one of each Pok\u00e9mon\n|rule|Item Clause: Limit one of each item\n|clearpoke\n|poke|p1|Iron Hands, L50|\n|poke|p1|Sinistcha, L50|\n|poke|p1|Ursaluna-Bloodmoon, L50, M|\n|poke|p1|Empoleon, L50, M|\n|poke|p1|Chandelure, L50, F|\n|poke|p1|Tyranitar, L50, F|\n|poke|p2|Landorus-Therian, L50, M|\n|poke|p2|Ogerpon-Wellspring, L50, F|\n|poke|p2|Kingambit, L50, M|\n|poke|p2|Flutter Mane, L50|\n|poke|p2|Chien-Pao, L50|\n|poke|p2|Iron Hands, L50|\n|teampreview|4\nwhykeyVGC has agreed to open team sheets.\n|\n|t:|1700252252\n|start\n|switch|p1a: Empoleon|Empoleon, L50, M|100\/100\n|switch|p1b: Chandelure|Chandelure, L50, F|100\/100\n|switch|p2a: Ogerpon|Ogerpon-Wellspring, L50, F|100\/100\n|switch|p2b: Iron Hands|Iron Hands, L50|100\/100\n|turn|1\n|\n|t:|1700252277\n|switch|p1a: Ursaluna|Ursaluna-Bloodmoon, L50, M|100\/100\n|-terastallize|p1b: Chandelure|Grass\n|move|p2b: Iron Hands|Fake Out|p1a: Ursaluna\n|-damage|p1a: Ursaluna|90\/100\n|move|p2a: Ogerpon|Ivy Cudgel|p1b: Chandelure|[anim] Ivy Cudgel Water\n|-resisted|p1b: Chandelure\n|-damage|p1b: Chandelure|66\/100\n|move|p1b: Chandelure|Trick Room|p1b: Chandelure\n|-fieldstart|move: Trick Room|[of] p1b: Chandelure\n|-enditem|p1b: Chandelure|Room Service\n|-unboost|p1b: Chandelure|spe|1|[from] item: Room Service\n|\n|upkeep\n|turn|2\n|\n|t:|1700252300\n|move|p1b: Chandelure|Energy Ball|p2a: Ogerpon\n|-damage|p2a: Ogerpon|48\/100\n|move|p1a: Ursaluna|Earth Power|p2b: Iron Hands\n|-supereffective|p2b: Iron Hands\n|-damage|p2b: Iron Hands|43\/100\n|move|p2b: Iron Hands|Drain Punch|p1a: Ursaluna\n|-supereffective|p1a: Ursaluna\n|-damage|p1a: Ursaluna|27\/100\n|-heal|p2b: Iron Hands|73\/100|[from] drain|[of] p1a: Ursaluna\n|-enditem|p1a: Ursaluna|Weakness Policy\n|-boost|p1a: Ursaluna|atk|2|[from] item: Weakness Policy\n|-boost|p1a: Ursaluna|spa|2|[from] item: Weakness Policy\n|move|p2a: Ogerpon|Ivy Cudgel|p1a: Ursaluna|[anim] Ivy Cudgel Water\n|-supereffective|p1a: Ursaluna\n|-damage|p1a: Ursaluna|0 fnt\n|faint|p1a: Ursaluna\n|\n|upkeep\n|\n|t:|1700252318\n|switch|p1a: Iron Hands|Iron Hands, L50|100\/100\n|turn|3\n|\n|t:|1700252326\n|-end|p2b: Iron Hands|Quark Drive|[silent]\n|switch|p2b: Landorus|Landorus-Therian, L50, M|100\/100\n|-ability|p2b: Landorus|Intimidate|boost\n|-unboost|p1a: Iron Hands|atk|1\n|-unboost|p1b: Chandelure|atk|1\n|move|p2a: Ogerpon|Spiky Shield|p2a: Ogerpon\n|-singleturn|p2a: Ogerpon|move: Protect\n|move|p1b: Chandelure|Heat Wave|p2b: Landorus|[spread] p2b\n|-activate|p2a: Ogerpon|move: Protect\n|-damage|p2b: Landorus|40\/100\n|-status|p2b: Landorus|brn\n|move|p1a: Iron Hands|Swords Dance|p1a: Iron Hands\n|-boost|p1a: Iron Hands|atk|2\n|\n|-damage|p2b: Landorus|34\/100 brn|[from] brn\n|upkeep\n|turn|4\n|\n|t:|1700252349\n|move|p2a: Ogerpon|Follow Me|p2a: Ogerpon\n|-singleturn|p2a: Ogerpon|move: Follow Me\n|move|p1b: Chandelure|Heat Wave|p2b: Landorus|[spread] p2a,p2b\n|-damage|p2a: Ogerpon|3\/100\n|-damage|p2b: Landorus|0 fnt\n|-status|p2a: Ogerpon|brn\n|faint|p2b: Landorus\n|move|p1a: Iron Hands|Drain Punch|p2a: Ogerpon\n|-damage|p2a: Ogerpon|0 fnt\n|faint|p2a: Ogerpon\n|\n|upkeep\n|\n|t:|1700252355\n|switch|p2b: Iron Hands|Iron Hands, L50|73\/100\n|switch|p2a: Flutter Mane|Flutter Mane, L50|100\/100\n|turn|5\n|\n|t:|1700252375\n|-terastallize|p2a: Flutter Mane|Fairy\n|move|p2b: Iron Hands|Fake Out|p1a: Iron Hands\n|-damage|p1a: Iron Hands|89\/100\n|move|p1b: Chandelure|Shadow Ball|p2a: Flutter Mane\n|-damage|p2a: Flutter Mane|47\/100\n|cant|p1a: Iron Hands|flinch\n|move|p2a: Flutter Mane|Moonblast|p1a: Iron Hands\n|-supereffective|p1a: Iron Hands\n|-damage|p1a: Iron Hands|0 fnt\n|faint|p1a: Iron Hands\n|-end|p1a: Iron Hands|Quark Drive|[silent]\n|\n|-fieldend|move: Trick Room\n|upkeep\n|\n|t:|1700252390\n|switch|p1a: Empoleon|Empoleon, L50, M|100\/100\n|turn|6\n|\n|t:|1700252399\n|move|p2a: Flutter Mane|Moonblast|p1b: Chandelure\n|-damage|p1b: Chandelure|0 fnt\n|faint|p1b: Chandelure\n|move|p2b: Iron Hands|Drain Punch|p1a: Empoleon\n|-supereffective|p1a: Empoleon\n|-damage|p1a: Empoleon|16\/100\n|-heal|p2b: Iron Hands|100\/100|[from] drain|[of] p1a: Empoleon\n|move|p1a: Empoleon|Flash Cannon|p2a: Flutter Mane\n|-supereffective|p2a: Flutter Mane\n|-damage|p2a: Flutter Mane|0 fnt\n|faint|p2a: Flutter Mane\n|-end|p2a: Flutter Mane|Protosynthesis|[silent]\n|\n|upkeep\n|turn|7\n|-message|Daywalker13 forfeited.\n|\n|win|whykeyVGC\n|raw|Daywalker13's rating: 1328 &rarr; <strong>1307<\/strong><br \/>(-21 for losing)\n|raw|whykeyVGC's rating: 1317 &rarr; <strong>1338<\/strong><br \/>(+21 for winning)\n|l|\u2606Daywalker13\n","uploadtime":1700252422,"views":9,"p1id":"daywalker13","p2id":"whykeyvgc","formatid":"gen9vgc2023regulatione","rating":1307,"private":0,"password":""}