{"id":"gen9vgc2023regulatione-1991443633","p1":"jaibee96","p2":"kbzn_","format":"[Gen 9] VGC 2023 Regulation E","log":"|j|\u2606jaibee96\n|j|\u2606kbzn_\n|t:|1700077564\n|gametype|doubles\n|player|p1|jaibee96|170|1148\n|player|p2|kbzn_|infielder|1169\n|teamsize|p1|6\n|teamsize|p2|6\n|gen|9\n|tier|[Gen 9] VGC 2023 Regulation E\n|rated|\n|rule|Species Clause: Limit one of each Pok\u00e9mon\n|rule|Item Clause: Limit one of each item\n|clearpoke\n|poke|p1|Palafin, L50, F|\n|poke|p1|Barraskewda, L50, M|\n|poke|p1|Gastrodon, L50, F|\n|poke|p1|Slowbro, L50, F|\n|poke|p1|Politoed, L50, F|\n|poke|p1|Gyarados, L50, F|\n|poke|p2|Iron Bundle, L50|\n|poke|p2|Arcanine-Hisui, L50, M|\n|poke|p2|Kingambit, L50, M|\n|poke|p2|Gholdengo, L50|\n|poke|p2|Iron Hands, L50|\n|poke|p2|Ogerpon-Wellspring, L50, F|\n|teampreview|4\n|inactive|Battle timer is ON: inactive players will automatically lose when time's up. (requested by kbzn_)\n|inactive|kbzn_ has 60 seconds left.\n|\n|t:|1700077619\n|start\n|switch|p1a: Palafin|Palafin, L50, F|100\/100\n|switch|p1b: Barraskewda|Barraskewda, L50, M|100\/100\n|switch|p2a: Iron Hands|Iron Hands, L50|100\/100\n|switch|p2b: Arcanine|Arcanine-Hisui, L50, M|100\/100\n|-ability|p2b: Arcanine|Intimidate|boost\n|-unboost|p1a: Palafin|atk|1\n|-unboost|p1b: Barraskewda|atk|1\n|turn|1\n|\n|t:|1700077644\n|detailschange|p1a: Palafin|Palafin-Hero, L50, F\n|switch|p1a: Politoed|Politoed, L50, F|100\/100\n|-weather|RainDance|[from] ability: Drizzle|[of] p1a: Politoed\n|-terastallize|p2b: Arcanine|Fairy\n|move|p1b: Barraskewda|Close Combat|p2b: Arcanine\n|-resisted|p2b: Arcanine\n|-damage|p2b: Arcanine|80\/100\n|-unboost|p1b: Barraskewda|def|1\n|-unboost|p1b: Barraskewda|spd|1\n|move|p2b: Arcanine|Howl|p2b: Arcanine|[spread] p2a,p2b\n|-boost|p2a: Iron Hands|atk|1\n|-boost|p2b: Arcanine|atk|1\n|move|p2a: Iron Hands|Wild Charge|p1b: Barraskewda\n|-supereffective|p1b: Barraskewda\n|-damage|p1b: Barraskewda|0 fnt\n|faint|p1b: Barraskewda\n|-damage|p2a: Iron Hands|86\/100|[from] Recoil\n|\n|-weather|RainDance|[upkeep]\n|upkeep\n|\n|t:|1700077664\n|switch|p1b: Palafin|Palafin-Hero, L50, F|100\/100\n|-activate|p1b: Palafin|ability: Zero to Hero\n|turn|2\n|\n|t:|1700077672\n|move|p1b: Palafin|Protect|p1b: Palafin\n|-singleturn|p1b: Palafin|Protect\n|move|p1a: Politoed|Protect|p1a: Politoed\n|-singleturn|p1a: Politoed|Protect\n|move|p2b: Arcanine|Howl|p2b: Arcanine|[spread] p2a,p2b\n|-boost|p2a: Iron Hands|atk|1\n|-enditem|p1b: Palafin|Mirror Herb\n|-boost|p1b: Palafin|atk|1|[from] item: Mirror Herb\n|-boost|p2b: Arcanine|atk|1\n|move|p2a: Iron Hands|Wild Charge|p1b: Palafin\n|-activate|p1b: Palafin|move: Protect\n|\n|-weather|RainDance|[upkeep]\n|upkeep\n|turn|3\n|\n|t:|1700077696\n|-terastallize|p1b: Palafin|Grass\n|move|p1a: Politoed|Helping Hand|p1b: Palafin\n|-singleturn|p1b: Palafin|Helping Hand|[of] p1a: Politoed\n|move|p2b: Arcanine|Extreme Speed|p1b: Palafin\n|-damage|p1b: Palafin|59\/100\n|move|p1b: Palafin|Jet Punch|p2a: Iron Hands\n|-damage|p2a: Iron Hands|0 fnt\n|faint|p2a: Iron Hands\n|-end|p2a: Iron Hands|Quark Drive|[silent]\n|\n|-weather|RainDance|[upkeep]\n|upkeep\n|\n|t:|1700077710\n|switch|p2a: Ogerpon|Ogerpon-Wellspring, L50, F|100\/100\n|turn|4\n|\n|t:|1700077729\n|switch|p1a: Gyarados|Gyarados, L50, F, shiny|100\/100\n|move|p1b: Palafin|Protect|p1b: Palafin\n|-singleturn|p1b: Palafin|Protect\n|move|p2a: Ogerpon|Follow Me|p2a: Ogerpon\n|-singleturn|p2a: Ogerpon|move: Follow Me\n|move|p2b: Arcanine|Howl|p2b: Arcanine|[spread] p2a,p2b\n|-boost|p2a: Ogerpon|atk|1\n|-boost|p2b: Arcanine|atk|1\n|\n|-weather|RainDance|[upkeep]\n|upkeep\n|turn|5\n|inactive|jaibee96 has 30 seconds left.\n|\n|t:|1700077754\n|move|p2a: Ogerpon|Follow Me|p2a: Ogerpon\n|-singleturn|p2a: Ogerpon|move: Follow Me\n|move|p2b: Arcanine|Extreme Speed|p1b: Palafin\n|-damage|p1b: Palafin|10\/100\n|move|p1b: Palafin|Acrobatics|p2a: Ogerpon\n|-supereffective|p2a: Ogerpon\n|-damage|p2a: Ogerpon|0 fnt\n|faint|p2a: Ogerpon\n|move|p1a: Gyarados|Thunder Wave|p2b: Arcanine\n|-status|p2b: Arcanine|par\n|\n|-weather|RainDance|[upkeep]\n|upkeep\n|\n|t:|1700077766\n|switch|p2a: Iron Bundle|Iron Bundle, L50|100\/100\n|-enditem|p2a: Iron Bundle|Booster Energy\n|-activate|p2a: Iron Bundle|ability: Quark Drive|[fromitem]\n|-start|p2a: Iron Bundle|quarkdrivespe\n|turn|6\n|\n|t:|1700077780\n|move|p1b: Palafin|Protect|p1b: Palafin\n|-singleturn|p1b: Palafin|Protect\n|cant|p2b: Arcanine|par\n|move|p2a: Iron Bundle|Icy Wind|p1b: Palafin|[spread] p1a\n|-activate|p1b: Palafin|move: Protect\n|-damage|p1a: Gyarados|81\/100\n|-unboost|p1a: Gyarados|spe|1\n|move|p1a: Gyarados|Thunder Wave|p2a: Iron Bundle\n|-status|p2a: Iron Bundle|par\n|\n|-weather|RainDance|[upkeep]\n|upkeep\n|turn|7\n|inactive|jaibee96 has 30 seconds left.\n|\n|t:|1700077805\n|move|p2b: Arcanine|Extreme Speed|p1b: Palafin\n|-crit|p1b: Palafin\n|-damage|p1b: Palafin|0 fnt\n|faint|p1b: Palafin\n|cant|p2a: Iron Bundle|par\n|move|p1a: Gyarados|Waterfall|p2b: Arcanine\n|-damage|p2b: Arcanine|18\/100 par\n|-enditem|p2b: Arcanine|Aguav Berry|[eat]\n|-heal|p2b: Arcanine|52\/100 par|[from] item: Aguav Berry\n|\n|-weather|RainDance|[upkeep]\n|upkeep\n|\n|t:|1700077817\n|switch|p1b: Politoed|Politoed, L50, F|100\/100\n|turn|8\n|\n|t:|1700077838\n|move|p2b: Arcanine|Extreme Speed|p1a: Gyarados\n|-damage|p1a: Gyarados|24\/100\n|move|p2a: Iron Bundle|Freeze-Dry|p1b: Politoed\n|-supereffective|p1b: Politoed\n|-damage|p1b: Politoed|45\/100\n|move|p1b: Politoed|Weather Ball|p2b: Arcanine\n|-damage|p2b: Arcanine|5\/100 par\n|move|p1a: Gyarados|Waterfall|p2b: Arcanine\n|-damage|p2b: Arcanine|0 fnt\n|faint|p2b: Arcanine\n|-ability|p1a: Gyarados|Moxie|boost\n|-boost|p1a: Gyarados|atk|1\n|\n|-weather|none\n|upkeep\n|turn|9\n|inactive|jaibee96 has 30 seconds left.\n|inactive|kbzn_ has 30 seconds left.\n|\n|t:|1700077865\n|move|p1b: Politoed|Helping Hand|p1a: Gyarados\n|-singleturn|p1a: Gyarados|Helping Hand|[of] p1b: Politoed\n|move|p2a: Iron Bundle|Freeze-Dry|p1a: Gyarados\n|-supereffective|p1a: Gyarados\n|-damage|p1a: Gyarados|0 fnt\n|faint|p1a: Gyarados\n|\n|upkeep\n|turn|10\n|-message|jaibee96 forfeited.\n|\n|win|kbzn_\n|raw|jaibee96's rating: 1148 &rarr; <strong>1125<\/strong><br \/>(-23 for losing)\n|raw|kbzn_'s rating: 1169 &rarr; <strong>1192<\/strong><br \/>(+23 for winning)\n|l|\u2606jaibee96\n","uploadtime":1700077887,"views":10,"p1id":"jaibee96","p2id":"kbzn","formatid":"gen9vgc2023regulatione","rating":1125,"private":0,"password":""}