{"id":"gen9vgc2023regulatione-1996015620","p1":"citswoeM.exe","p2":"AediionVGC","format":"[Gen 9] VGC 2023 Regulation E","log":"|j|\u2606citswoeM.exe\n|j|\u2606AediionVGC\n|n|\u2606citswoeM.exe|citswoemexe\n|n|\u2606AediionVGC|aediionvgc\n|html|View the match progress at <a href=\"\/game-bestof3-gen9vgc2023regulatione-1996013042\">game-bestof3-gen9vgc2023regulatione-1996013042<\/a>\n|t:|1700629711\n|gametype|doubles\n|player|p1|citswoeM.exe|2|\n|player|p2|AediionVGC|gardenia|\n|teamsize|p1|6\n|teamsize|p2|6\n|gen|9\n|tier|[Gen 9] VGC 2023 Regulation E\n|rule|Species Clause: Limit one of each Pok\u00e9mon\n|rule|Item Clause: Limit one of each item\n|clearpoke\n|poke|p1|Koffing, L50, F|\n|poke|p1|Scovillain, L50, M|\n|poke|p1|Ting-Lu, L50|\n|poke|p1|Farigiraf, L50, F|\n|poke|p1|Torkoal, L50, F|\n|poke|p1|Glastrier, L50|\n|poke|p2|Mesprit, L50|\n|poke|p2|Golem, L50, F|\n|poke|p2|Pawmot, L50, M|\n|poke|p2|Gyarados, L50, F|\n|poke|p2|Arcanine, L50, M|\n|poke|p2|Murkrow, L50, M|\n|teampreview|4\ncitswoeM.exe rejected open team sheets.\n|\n|t:|1700629789\n|start\n|switch|p1a: Scovillain|Scovillain, L50, M|100\/100\n|switch|p1b: Glastrier|Glastrier, L50|100\/100\n|switch|p2a: The Chosen one|Golem, L50, F, shiny|100\/100\n|switch|p2b: Big Bertha|Gyarados, L50, F, shiny|100\/100\n|-ability|p2b: Big Bertha|Intimidate|boost\n|-unboost|p1a: Scovillain|atk|1\n|-unboost|p1b: Glastrier|atk|1\n|turn|1\n|\n|t:|1700629816\n|switch|p2a: Arcanine|Arcanine, L50, M, shiny|100\/100\n|-ability|p2a: Arcanine|Intimidate|boost\n|-unboost|p1a: Scovillain|atk|1\n|-unboost|p1b: Glastrier|atk|1\n|-terastallize|p1a: Scovillain|Grass\n|move|p2b: Big Bertha|Stone Edge|p1a: Scovillain\n|-damage|p1a: Scovillain|51\/100\n|-damage|p2b: Big Bertha|91\/100|[from] item: Life Orb\n|move|p1a: Scovillain|Leech Seed|p2b: Big Bertha\n|-start|p2b: Big Bertha|move: Leech Seed\n|move|p1b: Glastrier|Icicle Crash|p2a: Arcanine\n|-resisted|p2a: Arcanine\n|-damage|p2a: Arcanine|84\/100\n|\n|-heal|p1a: Scovillain|57\/100|[from] item: Leftovers\n|-damage|p2b: Big Bertha|78\/100|[from] Leech Seed|[of] p1a: Scovillain\n|-heal|p1a: Scovillain|72\/100|[silent]\n|-ability|p1a: Scovillain|Moody|boost\n|-boost|p1a: Scovillain|def|2\n|-unboost|p1a: Scovillain|spd|1\n|upkeep\n|turn|2\n|\n|t:|1700629848\n|switch|p2b: The Chosen one|Golem, L50, F, shiny|100\/100\n|switch|p1b: Ting-Lu|Ting-Lu, L50|100\/100\n|-ability|p1b: Ting-Lu|Vessel of Ruin\n|move|p2a: Arcanine|Flare Blitz|p1b: Ting-Lu\n|-damage|p1b: Ting-Lu|51\/100\n|-damage|p2a: Arcanine|58\/100|[from] Recoil\n|-enditem|p1b: Ting-Lu|Red Card|[of] p2a: Arcanine\n|drag|p2a: Gary|Mesprit, L50, shiny|100\/100\n|move|p1a: Scovillain|Leech Seed|p2a: Gary\n|-start|p2a: Gary|move: Leech Seed\n|\n|-heal|p1a: Scovillain|78\/100|[from] item: Leftovers\n|-damage|p2a: Gary|88\/100|[from] Leech Seed|[of] p1a: Scovillain\n|-heal|p1a: Scovillain|91\/100|[silent]\n|-ability|p1a: Scovillain|Moody|boost\n|-boost|p1a: Scovillain|def|2\n|-unboost|p1a: Scovillain|spd|1\n|upkeep\n|turn|3\n|\n|t:|1700629884\n|switch|p2a: Big Bertha|Gyarados, L50, F, shiny|78\/100\n|-ability|p2a: Big Bertha|Intimidate|boost\n|-unboost|p1a: Scovillain|atk|1\n|-unboost|p1b: Ting-Lu|atk|1\n|switch|p1b: Farigiraf|Farigiraf, L50, F|100\/100\n|move|p1a: Scovillain|Protect|p1a: Scovillain\n|-singleturn|p1a: Scovillain|Protect\n|move|p2b: The Chosen one|Roar|p1a: Scovillain\n|drag|p1a: Glastrier|Glastrier, L50|100\/100\n|\n|upkeep\n|turn|4\n|c|\u2606AediionVGC|Wait how did roar go through protect\n|\n|t:|1700629930\n|-terastallize|p2b: The Chosen one|Water\n|move|p2a: Big Bertha|Taunt|p1b: Farigiraf\n|-start|p1b: Farigiraf|move: Taunt\n|move|p1b: Farigiraf|Hyper Voice|p2a: Big Bertha|[spread] p2a,p2b\n|-damage|p2a: Big Bertha|57\/100\n|-damage|p2b: The Chosen one|68\/100\n|move|p1a: Glastrier|Icicle Crash|p2b: The Chosen one|[miss]\n|-miss|p1a: Glastrier|p2b: The Chosen one\n|move|p2b: The Chosen one|Curse|p2b: The Chosen one\n|-unboost|p2b: The Chosen one|spe|1\n|-boost|p2b: The Chosen one|atk|1\n|-boost|p2b: The Chosen one|def|1\n|\n|upkeep\n|turn|5\n|c|\u2606citswoeM.exe|It just does now I guess\n|\n|t:|1700629958\n|switch|p1a: Scovillain|Scovillain, L50, M, tera:Grass|91\/100\n|move|p2a: Big Bertha|Waterfall|p1b: Farigiraf\n|-damage|p1b: Farigiraf|62\/100\n|-damage|p2a: Big Bertha|47\/100|[from] item: Life Orb\n|move|p1b: Farigiraf|Hyper Voice|p2b: The Chosen one|[spread] p2a,p2b\n|-damage|p2a: Big Bertha|23\/100\n|-damage|p2b: The Chosen one|33\/100\n|move|p2b: The Chosen one|Earthquake|p1a: Scovillain|[spread] p1a,p1b\n|-immune|p2a: Big Bertha\n|-resisted|p1a: Scovillain\n|-damage|p1a: Scovillain|64\/100\n|-damage|p1b: Farigiraf|17\/100\n|-enditem|p1b: Farigiraf|Aguav Berry|[eat]\n|-heal|p1b: Farigiraf|50\/100|[from] item: Aguav Berry\n|\n|-heal|p1a: Scovillain|70\/100|[from] item: Leftovers\n|-ability|p1a: Scovillain|Moody|boost\n|-boost|p1a: Scovillain|spd|2\n|-unboost|p1a: Scovillain|def|1\n|upkeep\n|turn|6\n|\n|t:|1700629994\n|move|p2a: Big Bertha|Waterfall|p1b: Farigiraf\n|-crit|p1b: Farigiraf\n|-damage|p1b: Farigiraf|0 fnt\n|faint|p1b: Farigiraf\n|-damage|p2a: Big Bertha|13\/100|[from] item: Life Orb\n|move|p1a: Scovillain|Leech Seed|p2a: Big Bertha\n|-start|p2a: Big Bertha|move: Leech Seed\n|move|p2b: The Chosen one|Rock Slide|p1a: Scovillain\n|-damage|p1a: Scovillain|0 fnt\n|faint|p1a: Scovillain\n|\n|upkeep\n|\n|t:|1700630006\n|switch|p1a: Ting-Lu|Ting-Lu, L50|51\/100\n|switch|p1b: Glastrier|Glastrier, L50|100\/100\n|-ability|p1a: Ting-Lu|Vessel of Ruin\n|turn|7\n|\n|t:|1700630022\n|move|p1a: Ting-Lu|Protect|p1a: Ting-Lu\n|-singleturn|p1a: Ting-Lu|Protect\n|move|p2a: Big Bertha|Waterfall|p1a: Ting-Lu\n|-activate|p1a: Ting-Lu|move: Protect\n|move|p1b: Glastrier|High Horsepower|p2b: The Chosen one\n|-damage|p2b: The Chosen one|14\/100\n|move|p2b: The Chosen one|Rock Slide|p1a: Ting-Lu|[spread] p1b\n|-activate|p1a: Ting-Lu|move: Protect\n|-supereffective|p1b: Glastrier\n|-damage|p1b: Glastrier|37\/100\n|\n|-damage|p2a: Big Bertha|0 fnt|[from] Leech Seed|[of] p1a: Ting-Lu\n|-heal|p1a: Ting-Lu|60\/100|[silent]\n|faint|p2a: Big Bertha\n|upkeep\n|\n|t:|1700630027\n|switch|p2a: Arcanine|Arcanine, L50, M, shiny|58\/100\n|-ability|p2a: Arcanine|Intimidate|boost\n|-unboost|p1a: Ting-Lu|atk|1\n|-unboost|p1b: Glastrier|atk|1\n|turn|8\n|\n|t:|1700630049\n|switch|p2a: Gary|Mesprit, L50, shiny|88\/100\n|move|p1a: Ting-Lu|Bulldoze|p2b: The Chosen one|[spread] p1b,p2b\n|-immune|p2a: Gary|[from] ability: Levitate\n|-damage|p1b: Glastrier|28\/100\n|-damage|p2b: The Chosen one|7\/100\n|-unboost|p1b: Glastrier|spe|1\n|-unboost|p2b: The Chosen one|spe|1\n|move|p1b: Glastrier|High Horsepower|p2a: Gary\n|-immune|p2a: Gary|[from] ability: Levitate\n|move|p2b: The Chosen one|Earthquake|p1b: Glastrier|[spread] p1a,p1b\n|-immune|p2a: Gary|[from] ability: Levitate\n|-damage|p1a: Ting-Lu|28\/100\n|-damage|p1b: Glastrier|0 fnt\n|faint|p1b: Glastrier\n|\n|-heal|p2a: Gary|94\/100|[from] item: Leftovers\n|upkeep\n|turn|9\n|\n|t:|1700630068\n|move|p2a: Gary|Dazzling Gleam|p1a: Ting-Lu\n|-supereffective|p1a: Ting-Lu\n|-damage|p1a: Ting-Lu|0 fnt\n|faint|p1a: Ting-Lu\n|\n|win|AediionVGC\n|c|\u2606citswoeM.exe|Ggs\n|c|\u2606AediionVGC|ggs\n","uploadtime":1700630078,"views":12,"p1id":"citswoemexe","p2id":"aediionvgc","formatid":"gen9vgc2023regulatione","rating":0,"private":0,"password":""}