{"id":"gen9vgc2023regulatione-1992544859","p1":"Ludwigxzc","p2":"TyL8","format":"[Gen 9] VGC 2023 Regulation E","log":"|j|\u2606Ludwigxzc\n|j|\u2606TyL8\n|t:|1700203040\n|gametype|doubles\n|player|p1|Ludwigxzc|102|1441\n|player|p2|TyL8|dawn|1438\n|teamsize|p1|6\n|teamsize|p2|6\n|gen|9\n|tier|[Gen 9] VGC 2023 Regulation E\n|rated|\n|rule|Species Clause: Limit one of each Pok\u00e9mon\n|rule|Item Clause: Limit one of each item\n|clearpoke\n|poke|p1|Flutter Mane, L50|\n|poke|p1|Ogerpon-Hearthflame, L50, F|\n|poke|p1|Tornadus, L50, M|\n|poke|p1|Iron Hands, L50|\n|poke|p1|Urshifu-*, L50, M|\n|poke|p1|Rillaboom, L50, M|\n|poke|p2|Goodra-Hisui, L50, F|\n|poke|p2|Arcanine-Hisui, L50, M|\n|poke|p2|Amoonguss, L50, F|\n|poke|p2|Tyranitar, L50, M|\n|poke|p2|Dusclops, L50, F|\n|poke|p2|Dragonite, L50, M|\n|teampreview|4\n|inactive|Battle timer is ON: inactive players will automatically lose when time's up. (requested by TyL8)\n|inactive|Ludwigxzc also wants the timer to be on.\n|inactive|TyL8 has 60 seconds left.\n|inactive|Ludwigxzc has 60 seconds left.\n|\n|t:|1700203084\n|start\n|switch|p1a: Tornadus|Tornadus, L50, M|100\/100\n|switch|p1b: Flutter Mane|Flutter Mane, L50, shiny|100\/100\n|switch|p2a: Dusclops|Dusclops, L50, F, shiny|100\/100\n|switch|p2b: Big Slug|Goodra-Hisui, L50, F, shiny|100\/100\n|-item|p1a: Tornadus|Covert Cloak|[from] ability: Frisk|[of] p2a: Dusclops|[identify]\n|-item|p1b: Flutter Mane|Booster Energy|[from] ability: Frisk|[of] p2a: Dusclops|[identify]\n|-enditem|p1b: Flutter Mane|Booster Energy\n|-activate|p1b: Flutter Mane|ability: Protosynthesis|[fromitem]\n|-start|p1b: Flutter Mane|protosynthesisspa\n|turn|1\n|inactive|TyL8 has 30 seconds left.\n|\n|t:|1700203119\n|-terastallize|p2a: Dusclops|Dark\n|move|p1a: Tornadus|Taunt|p2b: Big Slug\n|-start|p2b: Big Slug|move: Taunt\n|move|p1b: Flutter Mane|Shadow Ball|p2a: Dusclops\n|-resisted|p2a: Dusclops\n|-damage|p2a: Dusclops|86\/100\n|cant|p2b: Big Slug|move: Taunt|Acid Armor\n|move|p2a: Dusclops|Trick Room|p2a: Dusclops\n|-fieldstart|move: Trick Room|[of] p2a: Dusclops\n|\n|upkeep\n|turn|2\n|inactive|TyL8 has 30 seconds left.\n|\n|t:|1700203145\n|switch|p2a: Big Godzilla|Tyranitar, L50, M, shiny|100\/100\n|-weather|Sandstorm|[from] ability: Sand Stream|[of] p2a: Big Godzilla\n|-terastallize|p1b: Flutter Mane|Water\n|move|p2b: Big Slug|Heavy Slam|p1b: Flutter Mane\n|-resisted|p1b: Flutter Mane\n|-damage|p1b: Flutter Mane|67\/100\n|move|p1a: Tornadus|Bleakwind Storm|p2b: Big Slug|[spread] p2a\n|-miss|p1a: Tornadus|p2b: Big Slug\n|-resisted|p2a: Big Godzilla\n|-damage|p2a: Big Godzilla|95\/100\n|-unboost|p2a: Big Godzilla|spe|1\n|move|p1b: Flutter Mane|Trick Room|p1b: Flutter Mane\n|-fieldend|move: Trick Room\n|\n|-weather|Sandstorm|[upkeep]\n|-damage|p1b: Flutter Mane|61\/100|[from] Sandstorm\n|-damage|p1a: Tornadus|95\/100|[from] Sandstorm\n|upkeep\n|turn|3\n|inactive|TyL8 has 30 seconds left.\n|\n|t:|1700203170\n|move|p1a: Tornadus|Sunny Day|p1a: Tornadus\n|-weather|SunnyDay\n|move|p1b: Flutter Mane|Dazzling Gleam|p2b: Big Slug|[spread] p2a,p2b\n|-supereffective|p2a: Big Godzilla\n|-damage|p2a: Big Godzilla|50\/100\n|-damage|p2b: Big Slug|75\/100\n|move|p2b: Big Slug|Body Press|p1b: Flutter Mane\n|-damage|p1b: Flutter Mane|23\/100\n|move|p2a: Big Godzilla|Rock Slide|p1a: Tornadus|[spread] p1a,p1b\n|-supereffective|p1a: Tornadus\n|-damage|p1a: Tornadus|35\/100\n|-damage|p1b: Flutter Mane|0 fnt\n|faint|p1b: Flutter Mane\n|-end|p1b: Flutter Mane|Protosynthesis|[silent]\n|\n|-weather|SunnyDay|[upkeep]\n|-heal|p2b: Big Slug|80\/100|[from] item: Leftovers\n|-end|p2b: Big Slug|move: Taunt\n|upkeep\n|\n|t:|1700203186\n|switch|p1b: Ogerpon|Ogerpon-Hearthflame, L50, F|100\/100\n|-ability|p1b: Ogerpon|Mold Breaker\n|turn|4\n|\n|t:|1700203206\n|switch|p2a: Big Dog|Arcanine-Hisui, L50, M|100\/100\n|-ability|p2a: Big Dog|Intimidate|boost\n|-unboost|p1a: Tornadus|atk|1\n|-unboost|p1b: Ogerpon|atk|1\n|move|p2b: Big Slug|Protect|p2b: Big Slug\n|-singleturn|p2b: Big Slug|Protect\n|move|p1a: Tornadus|Taunt|p2b: Big Slug\n|-activate|p2b: Big Slug|move: Protect\n|move|p1b: Ogerpon|Swords Dance|p1b: Ogerpon\n|-boost|p1b: Ogerpon|atk|2\n|\n|-weather|SunnyDay|[upkeep]\n|-heal|p2b: Big Slug|86\/100|[from] item: Leftovers\n|upkeep\n|turn|5\n|\n|t:|1700203226\n|switch|p2b: Big Godzilla|Tyranitar, L50, M, shiny|50\/100\n|-weather|Sandstorm|[from] ability: Sand Stream|[of] p2b: Big Godzilla\n|move|p1a: Tornadus|Taunt|p2b: Big Godzilla\n|-hint|Since gen 7, Dark is immune to Prankster moves.\n|-immune|p2b: Big Godzilla\n|move|p1b: Ogerpon|Swords Dance|p1b: Ogerpon\n|-boost|p1b: Ogerpon|atk|2\n|move|p2a: Big Dog|Rock Slide|p1a: Tornadus|[spread] p1a,p1b\n|-supereffective|p1a: Tornadus\n|-supereffective|p1b: Ogerpon\n|-damage|p1a: Tornadus|0 fnt\n|-damage|p1b: Ogerpon|41\/100\n|faint|p1a: Tornadus\n|\n|-weather|Sandstorm|[upkeep]\n|-damage|p1b: Ogerpon|35\/100|[from] Sandstorm\n|upkeep\n|\n|t:|1700203245\n|switch|p1a: Rillaboom|Rillaboom, L50, M|100\/100\n|-fieldstart|move: Grassy Terrain|[from] ability: Grassy Surge|[of] p1a: Rillaboom\n|turn|6\n|\n|t:|1700203259\n|move|p1b: Ogerpon|Spiky Shield|p1b: Ogerpon\n|-singleturn|p1b: Ogerpon|move: Protect\n|move|p2a: Big Dog|Protect|p2a: Big Dog\n|-singleturn|p2a: Big Dog|Protect\n|move|p1a: Rillaboom|High Horsepower|p2a: Big Dog\n|-activate|p2a: Big Dog|move: Protect\n|move|p2b: Big Godzilla|Rock Slide|p1a: Rillaboom|[spread] p1a\n|-activate|p1b: Ogerpon|move: Protect\n|-damage|p1a: Rillaboom|72\/100\n|\n|-weather|Sandstorm|[upkeep]\n|-damage|p1b: Ogerpon|30\/100|[from] Sandstorm\n|-damage|p1a: Rillaboom|66\/100|[from] Sandstorm\n|-heal|p1b: Ogerpon|35\/100|[from] Grassy Terrain\n|-heal|p1a: Rillaboom|72\/100|[from] Grassy Terrain\n|-heal|p2b: Big Godzilla|56\/100|[from] Grassy Terrain\n|upkeep\n|turn|7\n|\n|t:|1700203280\n|move|p1b: Ogerpon|Grassy Glide|p2a: Big Dog\n|-damage|p2a: Big Dog|7\/100\n|-enditem|p2a: Big Dog|Sitrus Berry|[eat]\n|-heal|p2a: Big Dog|32\/100|[from] item: Sitrus Berry\n|move|p1a: Rillaboom|Grassy Glide|p2a: Big Dog\n|-crit|p2a: Big Dog\n|-damage|p2a: Big Dog|0 fnt\n|faint|p2a: Big Dog\n|move|p2b: Big Godzilla|Rock Slide|p1b: Ogerpon|[spread] p1a,p1b\n|-supereffective|p1b: Ogerpon\n|-damage|p1a: Rillaboom|46\/100\n|-damage|p1b: Ogerpon|0 fnt\n|faint|p1b: Ogerpon\n|\n|-weather|Sandstorm|[upkeep]\n|-damage|p1a: Rillaboom|40\/100|[from] Sandstorm\n|-heal|p1a: Rillaboom|46\/100|[from] Grassy Terrain\n|-heal|p2b: Big Godzilla|62\/100|[from] Grassy Terrain\n|upkeep\n|\n|t:|1700203293\n|switch|p2a: Big Slug|Goodra-Hisui, L50, F, shiny|86\/100\n|turn|8\n|-message|Ludwigxzc forfeited.\n|\n|win|TyL8\n|raw|Ludwigxzc's rating: 1441 &rarr; <strong>1421<\/strong><br \/>(-20 for losing)\n|raw|TyL8's rating: 1438 &rarr; <strong>1458<\/strong><br \/>(+20 for winning)\n|l|\u2606Ludwigxzc\n|c|\u2606TyL8|gg\n","uploadtime":1700203308,"views":11,"p1id":"ludwigxzc","p2id":"tyl8","formatid":"gen9vgc2023regulatione","rating":1421,"private":0,"password":""}