{"id":"gen9vgc2023regulatione-1988200488","p1":"TheOrthwormJim","p2":"moonybunny","format":"[Gen 9] VGC 2023 Regulation E","log":"|j|\u2606TheOrthwormJim\n|j|\u2606moonybunny\n|t:|1699684037\n|gametype|doubles\n|player|p1|TheOrthwormJim|larry|\n|player|p2|moonybunny|sightseerf|\n|teamsize|p1|6\n|teamsize|p2|6\n|gen|9\n|tier|[Gen 9] VGC 2023 Regulation E\n|rated|Tournament battle\n|clearpoke\n|poke|p1|Goodra-Hisui, L50, M|\n|poke|p1|Goodra-Hisui, L50, M|\n|poke|p1|Goodra-Hisui, L50, F|\n|poke|p1|Goodra-Hisui, L50, M|\n|poke|p1|Goodra-Hisui, L50, M|\n|poke|p1|Regidrago, L50|\n|poke|p2|Klawf, L50, F|\n|poke|p2|Klawf, L50, M|\n|poke|p2|Klawf, L50, M|\n|poke|p2|Klawf, L50, F|\n|poke|p2|Klawf, L50, F|\n|poke|p2|Klawf, L50, F|\n|teampreview|4\n|inactive|Battle timer is ON: inactive players will automatically lose when time's up. (requested by TheOrthwormJim)\n|inactive|moonybunny also wants the timer to be on.\n|c|\u2606moonybunny|glhf\n|j| pokeveteran04\n|c|\u2606TheOrthwormJim|Run it\n|c|\u2606TheOrthwormJim|Glhf\n|j| nicolas rainier\n|j| Rayquazerd\n|c| pokeveteran04|klawf supermacy\n|c|\u2606moonybunny|this is actually such a rough matchup for me\n|inactive|TheOrthwormJim has 60 seconds left.\n|inactive|moonybunny has 60 seconds left.\n|c| nicolas rainier|no way goodra is a crap\n|j| BugCatcherJacobe\n|c|\u2606TheOrthwormJim|Nic don\u2019t question it\n|\n|t:|1699684096\n|start\n|switch|p1a: Crab|Goodra-Hisui, L50, M|100\/100\n|switch|p1b: Crab?|Goodra-Hisui, L50, M|100\/100\n|switch|p2a: Klawf|Klawf, L50, M|100\/100\n|switch|p2b: Klawf|Klawf, L50, F|100\/100\n|turn|1\n|n|!moonybunny|moonybunny\n|c|\u2606TheOrthwormJim|The more you think the less happy you\u2019ll be\n|c| nicolas rainier|ins't the shell is like the ancient squid thing\n|c|\u2606TheOrthwormJim|Man idek\n|c| BugCatcherJacobe|I thought it was just\n|l| pokeveteran04\n|j| 4KuserVGC\n|c| BugCatcherJacobe|you know\n|c| BugCatcherJacobe|snail\n|c|\u2606TheOrthwormJim|just enjoy the crab\n|inactive|TheOrthwormJim has 30 seconds left.\n|inactive|moonybunny has 30 seconds left.\n|j| Tempest brute\n|j| pokeveteran04\n|\n|t:|1699684128\n|-terastallize|p2a: Klawf|Fairy\n|move|p2b: Klawf|High Horsepower|p1a: Crab\n|-supereffective|p1a: Crab\n|-damage|p1a: Crab|43\/100\n|move|p2a: Klawf|Knock Off|p1a: Crab\n|-damage|p1a: Crab|16\/100\n|-enditem|p1a: Crab|Leftovers|[from] move: Knock Off|[of] p2a: Klawf\n|move|p1a: Crab|Acid Armor|p1a: Crab\n|-boost|p1a: Crab|def|2\n|move|p1b: Crab?|Acid Armor|p1b: Crab?\n|-boost|p1b: Crab?|def|2\n|\n|upkeep\n|turn|2\n|inactive|TheOrthwormJim has 30 seconds left.\n|c| 4KuserVGC|klawf gaming lesGOOOO\n|\n|t:|1699684161\n|move|p2b: Klawf|High Horsepower|p1a: Crab\n|-supereffective|p1a: Crab\n|-damage|p1a: Crab|0 fnt\n|faint|p1a: Crab\n|move|p2a: Klawf|Knock Off|p1b: Crab?\n|-damage|p1b: Crab?|88\/100\n|-enditem|p1b: Crab?|Leftovers|[from] move: Knock Off|[of] p2a: Klawf\n|move|p1b: Crab?|Body Press|p2b: Klawf\n|-supereffective|p2b: Klawf\n|-damage|p2b: Klawf|15\/100\n|\n|upkeep\n|\n|t:|1699684172\n|switch|p1a: Carb|Goodra-Hisui, L50, M|100\/100\n|turn|3\n|\n|t:|1699684185\n|switch|p2b: Klawf|Klawf, L50, F|100\/100\n|-terastallize|p1b: Crab?|Fairy\n|move|p2a: Klawf|Knock Off|p1a: Carb\n|-damage|p1a: Carb|75\/100\n|-enditem|p1a: Carb|Leftovers|[from] move: Knock Off|[of] p2a: Klawf\n|move|p1b: Crab?|Acid Armor|p1b: Crab?\n|-boost|p1b: Crab?|def|2\n|move|p1a: Carb|Body Press|p2b: Klawf\n|-supereffective|p2b: Klawf\n|-damage|p2b: Klawf|62\/100\n|\n|upkeep\n|turn|4\n|\n|t:|1699684201\n|move|p2b: Klawf|Swords Dance|p2b: Klawf\n|-boost|p2b: Klawf|atk|2\n|move|p2a: Klawf|Rock Slide|p1b: Crab?|[spread] p1a,p1b\n|-resisted|p1a: Carb\n|-damage|p1a: Carb|63\/100\n|-damage|p1b: Crab?|80\/100\n|cant|p1b: Crab?|flinch\n|cant|p1a: Carb|flinch\n|\n|upkeep\n|turn|5\n|c| pokeveteran04|!\n|\n|t:|1699684217\n|move|p2b: Klawf|Rock Slide|p1a: Carb|[spread] p1b\n|-miss|p2b: Klawf|p1a: Carb\n|-damage|p1b: Crab?|64\/100\n|move|p2a: Klawf|Rock Slide|p1a: Carb|[spread] p1a,p1b\n|-resisted|p1a: Carb\n|-damage|p1a: Carb|52\/100\n|-damage|p1b: Crab?|57\/100\n|move|p1a: Carb|Charm|p2a: Klawf\n|-unboost|p2a: Klawf|atk|2\n|move|p1b: Crab?|Acid Armor|p1b: Crab?\n|-boost|p1b: Crab?|def|2\n|\n|upkeep\n|turn|6\n|c|\u2606TheOrthwormJim|Fuck me dude\n|c| 4KuserVGC|lmao\n|\n|t:|1699684239\n|move|p2b: Klawf|Crabhammer|p1a: Carb\n|-resisted|p1a: Carb\n|-damage|p1a: Carb|23\/100\n|move|p2a: Klawf|Rock Slide|p1a: Carb|[spread] p1a,p1b\n|-resisted|p1a: Carb\n|-damage|p1a: Carb|18\/100\n|-damage|p1b: Crab?|55\/100\n|move|p1b: Crab?|Life Dew|p1b: Crab?|[spread] p1a,p1b\n|-heal|p1a: Carb|43\/100\n|-heal|p1b: Crab?|80\/100\n|cant|p1a: Carb|flinch\n|\n|upkeep\n|turn|7\n|\n|t:|1699684259\n|switch|p2a: Klawf|Klawf, L50, F|48\/100\n|move|p2b: Klawf|Crabhammer|p1a: Carb\n|-resisted|p1a: Carb\n|-damage|p1a: Carb|18\/100\n|move|p1b: Crab?|Body Press|p2b: Klawf\n|-supereffective|p2b: Klawf\n|-damage|p2b: Klawf|0 fnt\n|faint|p2b: Klawf\n|move|p1a: Carb|Charm|p2a: Klawf\n|-unboost|p2a: Klawf|atk|2\n|\n|upkeep\n|\n|t:|1699684274\n|switch|p2b: Klawf|Klawf, L50, M, tera:Fairy|100\/100\n|turn|8\n|\n|t:|1699684289\n|move|p2a: Klawf|High Horsepower|p1a: Carb\n|-supereffective|p1a: Carb\n|-damage|p1a: Carb|0 fnt\n|faint|p1a: Carb\n|move|p2b: Klawf|Rock Slide|p1b: Crab?\n|-damage|p1b: Crab?|72\/100\n|move|p1b: Crab?|Life Dew|p1b: Crab?\n|-heal|p1b: Crab?|97\/100\n|\n|upkeep\n|\n|t:|1699684298\n|switch|p1a: CRAB|Regidrago, L50|100\/100\n|turn|9\n|\n|t:|1699684309\n|move|p2a: Klawf|High Horsepower|p1a: CRAB\n|-damage|p1a: CRAB|83\/100\n|move|p1a: CRAB|Earth Power|p2a: Klawf\n|-supereffective|p2a: Klawf\n|-damage|p2a: Klawf|0 fnt\n|faint|p2a: Klawf\n|move|p2b: Klawf|Tera Blast|p1a: CRAB|[anim] Tera Blast Fairy\n|-supereffective|p1a: CRAB\n|-damage|p1a: CRAB|10\/100\n|move|p1b: Crab?|Body Press|p2b: Klawf\n|-resisted|p2b: Klawf\n|-damage|p2b: Klawf|66\/100\n|\n|upkeep\n|\n|t:|1699684318\n|switch|p2a: Klawf|Klawf, L50, F|100\/100\n|turn|10\n|l| 4KuserVGC\n|inactive|moonybunny has 30 seconds left.\n|inactive|moonybunny has 20 seconds left.\n|inactive|moonybunny has 15 seconds left.\n|inactive|moonybunny has 10 seconds left.\n|j| speedrunlegend\n|inactive|moonybunny has 5 seconds left.\n|\n|t:|1699684373\n|move|p2a: Klawf|Endure|p2a: Klawf\n|-singleturn|p2a: Klawf|move: Endure\n|move|p1a: CRAB|Earth Power|p2a: Klawf\n|-supereffective|p2a: Klawf\n|-activate|p2a: Klawf|move: Endure\n|-damage|p2a: Klawf|1\/100\n|-ability|p2a: Klawf|Anger Shell|boost\n|-boost|p2a: Klawf|atk|1\n|-boost|p2a: Klawf|spa|1\n|-boost|p2a: Klawf|spe|1\n|-unboost|p2a: Klawf|def|1\n|-unboost|p2a: Klawf|spd|1\n|move|p2b: Klawf|Rock Slide|p1b: Crab?|[spread] p1a,p1b\n|-damage|p1a: CRAB|0 fnt\n|-damage|p1b: Crab?|91\/100\n|faint|p1a: CRAB\n|cant|p1b: Crab?|flinch\n|\n|upkeep\n|turn|11\n|l| speedrunlegend\n|j| KnighLt\n|j| speedrunlegend\n|c|\u2606TheOrthwormJim|I had the read too\n|inactive|TheOrthwormJim has 30 seconds left.\n|-enditem|p2a: Klawf|Custap Berry|[eat]\n|-activate|p2a: Klawf|item: Custap Berry|[consumed]\n|\n|t:|1699684403\n|move|p2a: Klawf|Endeavor|p1b: Crab?\n|-damage|p1b: Crab?|1\/100\n|move|p2b: Klawf|Trailblaze|p1b: Crab?\n|-damage|p1b: Crab?|0 fnt\n|-boost|p2b: Klawf|spe|1\n|faint|p1b: Crab?\n|\n|win|moonybunny\n|n|\u2606TheOrthwormJim|theorthwormjim\n|n|!moonybunny|moonybunny\n|n| nicolas rainier|nicolasrainier\n|n| Rayquazerd|rayquazerd\n|n| BugCatcherJacobe|bugcatcherjacobe\n|n| Tempest brute|tempestbrute\n|n| pokeveteran04|pokeveteran04\n|n| KnighLt|knighlt\n|n| speedrunlegend|speedrunlegend\n","uploadtime":1699684102,"views":36,"p1id":"theorthwormjim","p2id":"moonybunny","formatid":"gen9vgc2023regulatione","rating":0,"private":0,"password":""}