{"id":"gen9vgc2023regulatione-1989510141","p1":"AnTree4","p2":"WWWWTF","format":"[Gen 9] VGC 2023 Regulation E","log":"|j|\u2606AnTree4\n|j|\u2606WWWWTF\n|t:|1699863028\n|gametype|doubles\n|player|p1|AnTree4|169|1261\n|player|p2|WWWWTF|hiker-gen4|1289\n|teamsize|p1|6\n|teamsize|p2|6\n|gen|9\n|tier|[Gen 9] VGC 2023 Regulation E\n|rated|\n|rule|Species Clause: Limit one of each Pok\u00e9mon\n|rule|Item Clause: Limit one of each item\n|clearpoke\n|poke|p1|Urshifu-*, L50, M|\n|poke|p1|Farigiraf, L50, F|\n|poke|p1|Rillaboom, L50, M|\n|poke|p1|Volcarona, L50, F|\n|poke|p1|Ogerpon-Wellspring, L50, F|\n|poke|p1|Landorus-Therian, L50, M|\n|poke|p2|Sneasler, L50, M|\n|poke|p2|Chien-Pao, L50|\n|poke|p2|Indeedee-F, L50, F|\n|poke|p2|Armarouge, L50, F|\n|poke|p2|Urshifu-*, L50, M|\n|poke|p2|Tornadus, L50, M|\n|teampreview|4\n|\n|t:|1699863058\n|start\n|switch|p1a: Urshifu|Urshifu, L50, M|100\/100\n|switch|p1b: Rillaboom|Rillaboom, L50, M|100\/100\n|switch|p2a: Chien-Pao|Chien-Pao, L50|100\/100\n|switch|p2b: Urshifu|Urshifu-Rapid-Strike, L50, M|100\/100\n|-ability|p2a: Chien-Pao|Sword of Ruin\n|-fieldstart|move: Grassy Terrain|[from] ability: Grassy Surge|[of] p1b: Rillaboom\n|turn|1\n|inactive|Battle timer is ON: inactive players will automatically lose when time's up. (requested by AnTree4)\n|inactive|WWWWTF has 60 seconds left.\n|\n|t:|1699863090\n|move|p1b: Rillaboom|Fake Out|p2a: Chien-Pao\n|-damage|p2a: Chien-Pao|82\/100\n|move|p1a: Urshifu|U-turn|p2a: Chien-Pao\n|-supereffective|p2a: Chien-Pao\n|-damage|p2a: Chien-Pao|14\/100\n|\n|t:|1699863105\n|switch|p1a: Farigiraf|Farigiraf, L50, F|100\/100|[from] U-turn\n|move|p2b: Urshifu|Close Combat|p1a: Farigiraf\n|-damage|p1a: Farigiraf|41\/100\n|-unboost|p2b: Urshifu|def|1\n|-unboost|p2b: Urshifu|spd|1\n|-damage|p2b: Urshifu|84\/100|[from] item: Rocky Helmet|[of] p1a: Farigiraf\n|cant|p2a: Chien-Pao|flinch\n|\n|-heal|p2b: Urshifu|90\/100|[from] Grassy Terrain\n|-heal|p2a: Chien-Pao|20\/100|[from] Grassy Terrain\n|-heal|p1a: Farigiraf|47\/100|[from] Grassy Terrain\n|upkeep\n|turn|2\n|inactive|WWWWTF has 30 seconds left.\n|\n|t:|1699863131\n|switch|p2b: Indeedee|Indeedee-F, L50, F|100\/100\n|-fieldstart|move: Psychic Terrain|[from] ability: Psychic Surge|[of] p2b: Indeedee\n|move|p2a: Chien-Pao|Protect|p2a: Chien-Pao\n|-singleturn|p2a: Chien-Pao|Protect\n|move|p1b: Rillaboom|Grassy Glide|p2a: Chien-Pao\n|-activate|p2a: Chien-Pao|move: Protect\n|move|p1a: Farigiraf|Calm Mind|p1a: Farigiraf\n|-boost|p1a: Farigiraf|spa|1\n|-boost|p1a: Farigiraf|spd|1\n|\n|upkeep\n|turn|3\n|inactive|AnTree4 has 30 seconds left.\n|inactive|WWWWTF has 30 seconds left.\n|\n|t:|1699863160\n|switch|p1b: Urshifu|Urshifu, L50, M|100\/100\n|move|p1a: Farigiraf|Protect|p1a: Farigiraf\n|-singleturn|p1a: Farigiraf|Protect\n|move|p2b: Indeedee|Follow Me|p2b: Indeedee\n|-singleturn|p2b: Indeedee|move: Follow Me\n|move|p2a: Chien-Pao|Crunch|p1a: Farigiraf\n|-activate|p1a: Farigiraf|move: Protect\n|\n|upkeep\n|turn|4\n|inactive|WWWWTF has 30 seconds left.\n|inactive|WWWWTF has 20 seconds left.\n|inactive|WWWWTF has 15 seconds left.\n|inactive|WWWWTF has 10 seconds left.\n|\n|t:|1699863208\n|move|p1b: Urshifu|Wicked Blow|p2b: Indeedee\n|-supereffective|p2b: Indeedee\n|-crit|p2b: Indeedee\n|-damage|p2b: Indeedee|0 fnt\n|-damage|p1b: Urshifu|84\/100|[from] item: Rocky Helmet|[of] p2b: Indeedee\n|faint|p2b: Indeedee\n|move|p2a: Chien-Pao|Icicle Crash|p1a: Farigiraf\n|-damage|p1a: Farigiraf|0 fnt\n|faint|p1a: Farigiraf\n|-damage|p2a: Chien-Pao|10\/100|[from] item: Life Orb\n|\n|upkeep\n|\n|t:|1699863222\n|switch|p2b: Sneasler|Sneasler, L50, M|100\/100\n|switch|p1a: Rillaboom|Rillaboom, L50, M|100\/100\n|-enditem|p2b: Sneasler|Psychic Seed\n|-boost|p2b: Sneasler|spd|1|[from] item: Psychic Seed\n|-fieldstart|move: Grassy Terrain|[from] ability: Grassy Surge|[of] p1a: Rillaboom\n|turn|5\n|inactive|AnTree4 has 30 seconds left.\n|\n|t:|1699863251\n|switch|p1b: Landorus|Landorus-Therian, L50, M|100\/100\n|-ability|p1b: Landorus|Intimidate|boost\n|-unboost|p2a: Chien-Pao|atk|1\n|-unboost|p2b: Sneasler|atk|1\n|move|p2b: Sneasler|Protect|p2b: Sneasler\n|-singleturn|p2b: Sneasler|Protect\n|move|p2a: Chien-Pao|Protect|p2a: Chien-Pao\n|-singleturn|p2a: Chien-Pao|Protect\n|move|p1a: Rillaboom|Fake Out|p2a: Chien-Pao\n|-activate|p2a: Chien-Pao|move: Protect\n|\n|-heal|p2a: Chien-Pao|16\/100|[from] Grassy Terrain\n|upkeep\n|turn|6\n|\n|t:|1699863270\n|move|p1b: Landorus|Protect|p1b: Landorus\n|-singleturn|p1b: Landorus|Protect\n|move|p2a: Chien-Pao|Ice Shard|p1b: Landorus\n|-activate|p1b: Landorus|move: Protect\n|move|p1a: Rillaboom|Grassy Glide|p2a: Chien-Pao\n|-damage|p2a: Chien-Pao|0 fnt\n|faint|p2a: Chien-Pao\n|move|p2b: Sneasler|Dire Claw|p1a: Rillaboom\n|-supereffective|p1a: Rillaboom\n|-damage|p1a: Rillaboom|50\/100\n|-status|p1a: Rillaboom|slp\n|\n|-heal|p1a: Rillaboom|56\/100 slp|[from] Grassy Terrain\n|upkeep\n|\n|t:|1699863286\n|switch|p2a: Urshifu|Urshifu-Rapid-Strike, L50, M|90\/100\n|turn|7\n|\n|t:|1699863306\n|-terastallize|p2a: Urshifu|Water\n|-terastallize|p1b: Landorus|Flying\n|cant|p1a: Rillaboom|slp\n|move|p2b: Sneasler|Dire Claw|p1a: Rillaboom\n|-supereffective|p1a: Rillaboom\n|-damage|p1a: Rillaboom|4\/100 slp\n|move|p2a: Urshifu|Surging Strikes|p1b: Landorus\n|-crit|p1b: Landorus\n|-damage|p1b: Landorus|68\/100\n|-crit|p1b: Landorus\n|-damage|p1b: Landorus|35\/100\n|-crit|p1b: Landorus\n|-damage|p1b: Landorus|6\/100\n|-hitcount|p1b: Landorus|3\n|move|p1b: Landorus|Tera Blast|p2a: Urshifu|[anim] Tera Blast Flying\n|-damage|p2a: Urshifu|23\/100\n|\n|-heal|p2a: Urshifu|29\/100|[from] Grassy Terrain\n|-heal|p1a: Rillaboom|10\/100 slp|[from] Grassy Terrain\n|upkeep\n|turn|8\n|inactive|WWWWTF has 30 seconds left.\n|\n|t:|1699863334\n|-curestatus|p1a: Rillaboom|slp|[msg]\n|move|p1a: Rillaboom|Grassy Glide|p2a: Urshifu\n|-supereffective|p2a: Urshifu\n|-damage|p2a: Urshifu|0 fnt\n|faint|p2a: Urshifu\n|move|p2b: Sneasler|Rock Slide|p1a: Rillaboom|[spread] p1a,p1b\n|-supereffective|p1b: Landorus\n|-damage|p1a: Rillaboom|0 fnt\n|-damage|p1b: Landorus|0 fnt\n|faint|p1a: Rillaboom\n|faint|p1b: Landorus\n|\n|upkeep\n|\n|t:|1699863349\n|switch|p1b: Urshifu|Urshifu, L50, M|84\/100\n|turn|9\n|\n|t:|1699863364\n|move|p2b: Sneasler|Close Combat|p1b: Urshifu\n|-supereffective|p1b: Urshifu\n|-damage|p1b: Urshifu|0 fnt\n|-unboost|p2b: Sneasler|def|1\n|-unboost|p2b: Sneasler|spd|1\n|faint|p1b: Urshifu\n|\n|win|WWWWTF\n|raw|AnTree4's rating: 1261 &rarr; <strong>1238<\/strong><br \/>(-23 for losing)\n|raw|WWWWTF's rating: 1289 &rarr; <strong>1312<\/strong><br \/>(+23 for winning)\n|l|\u2606AnTree4\n","uploadtime":1699863525,"views":32,"p1id":"antree4","p2id":"wwwwtf","formatid":"gen9vgc2023regulatione","rating":1238,"private":0,"password":""}