{"id":"gen9vgc2023regulatione-1989418815","p1":"BrokenFairyKing","p2":"Lbbones","format":"[Gen 9] VGC 2023 Regulation E","log":"|j|\u2606BrokenFairyKing\n|j|\u2606Lbbones\n|n|\u2606BrokenFairyKing|brokenfairyking\n|n|\u2606Lbbones|lbbones\n|html|View the match progress at <a href=\"\/game-bestof3-gen9vgc2023regulatione-1989418814\">game-bestof3-gen9vgc2023regulatione-1989418814<\/a>\n|t:|1699847770\n|gametype|doubles\n|player|p1|BrokenFairyKing|harlequin|\n|player|p2|Lbbones|169|\n|teamsize|p1|6\n|teamsize|p2|6\n|gen|9\n|tier|[Gen 9] VGC 2023 Regulation E\n|rule|Species Clause: Limit one of each Pok\u00e9mon\n|rule|Item Clause: Limit one of each item\n|clearpoke\n|poke|p1|Ursaluna-Bloodmoon, L50, M|\n|poke|p1|Oranguru, L50, M|\n|poke|p1|Dusclops, L50, M|\n|poke|p1|Ogerpon-Wellspring, L50, F|\n|poke|p1|Trevenant, L50, M|\n|poke|p1|Iron Hands, L50|\n|poke|p2|Tornadus, L50, M|\n|poke|p2|Mamoswine, L50, M|\n|poke|p2|Flutter Mane, L50|\n|poke|p2|Chi-Yu, L50|\n|poke|p2|Ogerpon-Wellspring, L50, F|\n|poke|p2|Iron Hands, L50|\n|teampreview|4\n|inactive|Battle timer is ON: inactive players will automatically lose when time's up. (requested by BrokenFairyKing)\n|inactive|BrokenFairyKing has 60 seconds left.\n|inactive|Lbbones has 60 seconds left.\n|\n|t:|1699847818\n|start\n|switch|p1a: Oranguru|Oranguru, L50, M|100\/100\n|switch|p1b: Ogerpon|Ogerpon-Wellspring, L50, F|100\/100\n|switch|p2a: Tornadus|Tornadus, L50, M|100\/100\n|switch|p2b: Chi-Yu|Chi-Yu, L50|100\/100\n|-ability|p2b: Chi-Yu|Beads of Ruin\n|turn|1\n|inactive|Lbbones has 30 seconds left.\n|\n|t:|1699847849\n|-terastallize|p2b: Chi-Yu|Ghost\n|move|p1b: Ogerpon|Follow Me|p1b: Ogerpon\n|-singleturn|p1b: Ogerpon|move: Follow Me\n|move|p2a: Tornadus|Taunt|p1b: Ogerpon\n|-start|p1b: Ogerpon|move: Taunt\n|move|p2b: Chi-Yu|Dark Pulse|p1b: Ogerpon\n|-damage|p1b: Ogerpon|35\/100\n|-damage|p2b: Chi-Yu|91\/100|[from] item: Life Orb\n|move|p1a: Oranguru|Trick Room|p1a: Oranguru\n|-fieldstart|move: Trick Room|[of] p1a: Oranguru\n|\n|upkeep\n|turn|2\n|\n|t:|1699847873\n|move|p1a: Oranguru|Taunt|p2a: Tornadus\n|-start|p2a: Tornadus|move: Taunt\n|move|p1b: Ogerpon|Ivy Cudgel|p2b: Chi-Yu\n|-damage|p2b: Chi-Yu|20\/100\n|move|p2a: Tornadus|Bleakwind Storm|p1a: Oranguru|[spread] p1a,p1b\n|-supereffective|p1b: Ogerpon\n|-damage|p1a: Oranguru|69\/100\n|-damage|p1b: Ogerpon|0 fnt\n|faint|p1b: Ogerpon\n|move|p2b: Chi-Yu|Dark Pulse|p1a: Oranguru\n|-supereffective|p1a: Oranguru\n|-damage|p1a: Oranguru|0 fnt\n|faint|p1a: Oranguru\n|-damage|p2b: Chi-Yu|11\/100|[from] item: Life Orb\n|\n|upkeep\n|\n|t:|1699847886\n|switch|p1a: Ursaluna|Ursaluna-Bloodmoon, L50, M|100\/100\n|switch|p1b: Iron Hands|Iron Hands, L50|100\/100\n|turn|3\n|\n|t:|1699847894\n|-terastallize|p1a: Ursaluna|Normal\n|move|p1a: Ursaluna|Hyper Voice|p2a: Tornadus|[spread] p2a,p2b\n|-damage|p2a: Tornadus|0 fnt\n|-damage|p2b: Chi-Yu|0 fnt\n|faint|p2a: Tornadus\n|faint|p2b: Chi-Yu\n|move|p1b: Iron Hands|Wild Charge|p2: Tornadus|[notarget]\n|-fail|p1b: Iron Hands\n|\n|upkeep\n|\n|t:|1699847904\n|switch|p2a: Ogerpon|Ogerpon-Wellspring, L50, F|100\/100\n|switch|p2b: Flutter Mane|Flutter Mane, L50|100\/100\n|turn|4\n|inactive|Lbbones has 30 seconds left.\n|\n|t:|1699847931\n|move|p1a: Ursaluna|Blood Moon|p2b: Flutter Mane\n|-damage|p2b: Flutter Mane|0 fnt\n|faint|p2b: Flutter Mane\n|-end|p2b: Flutter Mane|Protosynthesis|[silent]\n|move|p1b: Iron Hands|Wild Charge|p2a: Ogerpon\n|-damage|p2a: Ogerpon|40\/100\n|-damage|p1b: Iron Hands|89\/100|[from] Recoil\n|move|p2a: Ogerpon|Wood Hammer|p1a: Ursaluna\n|-damage|p1a: Ursaluna|48\/100\n|-damage|p2a: Ogerpon|18\/100|[from] Recoil\n|\n|upkeep\n|turn|5\n|\n|t:|1699847946\n|move|p1a: Ursaluna|Hyper Voice|p2a: Ogerpon\n|-damage|p2a: Ogerpon|0 fnt\n|faint|p2a: Ogerpon\n|\n|win|BrokenFairyKing\n|c|&|\/uhtml prompt-brokenfairyking,BrokenFairyKing is ready for game 2!\n|inactive|Lbbones has 50 seconds to confirm battle start!\n|c|&|\/uhtml prompt-brokenfairyking,BrokenFairyKing is ready for game 2!\n|inactive|Lbbones has 40 seconds to confirm battle start!\n|inactive|Lbbones has 30 seconds to confirm battle start!\n|c|&|\/uhtml prompt-lbbones,Lbbones is ready for game 2!\nBoth players are ready! Starting next match!\n","uploadtime":1699847959,"views":28,"p1id":"brokenfairyking","p2id":"lbbones","formatid":"gen9vgc2023regulatione","rating":0,"private":0,"password":""}