{"id":"gen9vgc2023regulatione-1992645925","p1":"Zonnoz","p2":"Hydragetv","format":"[Gen 9] VGC 2023 Regulation E","log":"|j|\u2606Zonnoz\n|j|\u2606Hydragetv\n|t:|1700219778\n|gametype|doubles\n|player|p1|Zonnoz|102|1214\n|player|p2|Hydragetv|steven|1224\n|teamsize|p1|6\n|teamsize|p2|6\n|gen|9\n|tier|[Gen 9] VGC 2023 Regulation E\n|rated|\n|rule|Species Clause: Limit one of each Pok\u00e9mon\n|rule|Item Clause: Limit one of each item\n|clearpoke\n|poke|p1|Urshifu-*, L50, M|\n|poke|p1|Scizor, L50, M|\n|poke|p1|Sableye, L50, F|\n|poke|p1|Iron Valiant, L50|\n|poke|p1|Arcanine, L50, F|\n|poke|p1|Tornadus, L50, M|\n|poke|p2|Amoonguss, L50, M|\n|poke|p2|Iron Hands, L50|\n|poke|p2|Arcanine-Hisui, L50, M|\n|poke|p2|Tornadus, L50, M|\n|poke|p2|Urshifu-*, L50, F|\n|poke|p2|Gholdengo, L50|\n|teampreview|4\n|inactive|Battle timer is ON: inactive players will automatically lose when time's up. (requested by Zonnoz)\n|inactive|Zonnoz has 60 seconds left.\n|inactive|Hydragetv has 60 seconds left.\n|inactive|Hydragetv has 30 seconds left.\n|\n|t:|1700219842\n|start\n|switch|p1a: Tornadus|Tornadus, L50, M|100\/100\n|switch|p1b: Urshifu|Urshifu, L50, M|100\/100\n|switch|p2a: Tornadus|Tornadus, L50, M|100\/100\n|switch|p2b: Urshifu|Urshifu-Rapid-Strike, L50, F|100\/100\n|turn|1\n|inactive|Zonnoz has 30 seconds left.\n|inactive|Hydragetv has 30 seconds left.\n|inactive|Hydragetv has 20 seconds left.\n|inactive|Hydragetv has 15 seconds left.\n|\n|t:|1700219882\n|switch|p1b: Arcanine|Arcanine, L50, F, shiny|100\/100\n|-ability|p1b: Arcanine|Intimidate|boost\n|-unboost|p2a: Tornadus|atk|1\n|-unboost|p2b: Urshifu|atk|1\n|move|p2a: Tornadus|Tailwind|p2a: Tornadus\n|-sidestart|p2: Hydragetv|move: Tailwind\n|move|p1a: Tornadus|Taunt|p2a: Tornadus\n|-start|p2a: Tornadus|move: Taunt\n|move|p2b: Urshifu|U-turn|p1b: Arcanine\n|-resisted|p1b: Arcanine\n|-damage|p1b: Arcanine|94\/100\n|\n|t:|1700219905\n|switch|p2b: Amoonguss|Amoonguss, L50, M|100\/100|[from] U-turn\n|\n|upkeep\n|turn|2\n|\n|t:|1700219926\n|switch|p2a: Arcanine|Arcanine-Hisui, L50, M|100\/100\n|-ability|p2a: Arcanine|Intimidate|boost\n|-unboost|p1a: Tornadus|atk|1\n|-unboost|p1b: Arcanine|atk|1\n|-terastallize|p2b: Amoonguss|Water\n|move|p1a: Tornadus|Taunt|p2b: Amoonguss\n|-start|p2b: Amoonguss|move: Taunt\n|move|p1b: Arcanine|Flame Charge|p2b: Amoonguss\n|-resisted|p2b: Amoonguss\n|-damage|p2b: Amoonguss|95\/100\n|-boost|p1b: Arcanine|spe|1\n|-damage|p1b: Arcanine|78\/100|[from] item: Rocky Helmet|[of] p2b: Amoonguss\n|cant|p2b: Amoonguss|move: Taunt|Spore\n|\n|upkeep\n|turn|3\n|inactive|Hydragetv has 30 seconds left.\n|\n|t:|1700219961\n|switch|p1b: Iron Valiant|Iron Valiant, L50, shiny|100\/100\n|-enditem|p1b: Iron Valiant|Booster Energy\n|-activate|p1b: Iron Valiant|ability: Quark Drive|[fromitem]\n|-start|p1b: Iron Valiant|quarkdrivespe\n|switch|p1a: Urshifu|Urshifu, L50, M|100\/100\n|switch|p2b: Tornadus|Tornadus, L50, M|100\/100\n|move|p2a: Arcanine|Rock Slide|p1a: Urshifu|[spread] p1a,p1b\n|-resisted|p1a: Urshifu\n|-resisted|p1b: Iron Valiant\n|-damage|p1a: Urshifu|78\/100\n|-damage|p1b: Iron Valiant|71\/100\n|\n|upkeep\n|turn|4\n|inactive|Zonnoz has 30 seconds left.\n|inactive|Hydragetv has 30 seconds left.\n|inactive|Hydragetv has 20 seconds left.\n|inactive|Hydragetv has 15 seconds left.\n|inactive|Hydragetv has 10 seconds left.\n|\n|t:|1700220007\n|switch|p2a: Amoonguss|Amoonguss, L50, M, tera:Water|100\/100\n|-end|p1b: Iron Valiant|Quark Drive|[silent]\n|switch|p1b: Tornadus|Tornadus, L50, M|100\/100\n|-terastallize|p1a: Urshifu|Dark\n|move|p2b: Tornadus|Bleakwind Storm|p1b: Tornadus|[spread] p1a\n|-miss|p2b: Tornadus|p1b: Tornadus\n|-damage|p1a: Urshifu|31\/100\n|move|p1a: Urshifu|Wicked Blow|p2b: Tornadus\n|-crit|p2b: Tornadus\n|-damage|p2b: Tornadus|17\/100\n|-enditem|p2b: Tornadus|Sitrus Berry|[eat]\n|-heal|p2b: Tornadus|41\/100|[from] item: Sitrus Berry\n|\n|-sideend|p2: Hydragetv|move: Tailwind\n|upkeep\n|turn|5\n|inactive|Hydragetv has 30 seconds left.\n|inactive|Hydragetv has 20 seconds left.\n|\n|t:|1700220046\n|move|p2a: Amoonguss|Rage Powder|p2a: Amoonguss\n|-singleturn|p2a: Amoonguss|move: Rage Powder\n|move|p2b: Tornadus|Tailwind|p2b: Tornadus\n|-sidestart|p2: Hydragetv|move: Tailwind\n|move|p1b: Tornadus|Taunt|p2a: Amoonguss\n|-start|p2a: Amoonguss|move: Taunt\n|move|p1a: Urshifu|Wicked Blow|p2a: Amoonguss\n|-crit|p2a: Amoonguss\n|-damage|p2a: Amoonguss|34\/100\n|-damage|p1a: Urshifu|15\/100|[from] item: Rocky Helmet|[of] p2a: Amoonguss\n|\n|upkeep\n|turn|6\n|inactive|Hydragetv has 30 seconds left.\n|inactive|Hydragetv has 20 seconds left.\n|inactive|Hydragetv has 15 seconds left.\n|\n|t:|1700220089\n|switch|p2a: Arcanine|Arcanine-Hisui, L50, M|100\/100\n|-ability|p2a: Arcanine|Intimidate|boost\n|-unboost|p1a: Urshifu|atk|1\n|-unboost|p1b: Tornadus|atk|1\n|move|p2b: Tornadus|Taunt|p1b: Tornadus\n|-start|p1b: Tornadus|move: Taunt\n|cant|p1b: Tornadus|move: Taunt|Tailwind\n|move|p1a: Urshifu|Wicked Blow|p2b: Tornadus\n|-crit|p2b: Tornadus\n|-damage|p2b: Tornadus|0 fnt\n|faint|p2b: Tornadus\n|\n|upkeep\n|\n|t:|1700220107\n|switch|p2b: Urshifu|Urshifu-Rapid-Strike, L50, F|100\/100\n|turn|7\n|\n|t:|1700220126\n|switch|p1b: Arcanine|Arcanine, L50, F, shiny|78\/100\n|-ability|p1b: Arcanine|Intimidate|boost\n|-unboost|p2a: Arcanine|atk|1\n|-unboost|p2b: Urshifu|atk|1\n|move|p2b: Urshifu|Surging Strikes|p1b: Arcanine\n|-supereffective|p1b: Arcanine\n|-crit|p1b: Arcanine\n|-damage|p1b: Arcanine|46\/100\n|-supereffective|p1b: Arcanine\n|-crit|p1b: Arcanine\n|-damage|p1b: Arcanine|15\/100\n|-supereffective|p1b: Arcanine\n|-crit|p1b: Arcanine\n|-damage|p1b: Arcanine|0 fnt\n|faint|p1b: Arcanine\n|-hitcount|p1: Arcanine|3\n|move|p2a: Arcanine|Rock Slide|p1a: Urshifu\n|-damage|p1a: Urshifu|0 fnt\n|faint|p1a: Urshifu\n|\n|upkeep\n|\n|t:|1700220144\n|switch|p1a: Iron Valiant|Iron Valiant, L50, shiny|71\/100\n|switch|p1b: Tornadus|Tornadus, L50, M|100\/100\n|turn|8\n|\n|t:|1700220162\n|move|p1b: Tornadus|Tailwind|p1b: Tornadus\n|-sidestart|p1: Zonnoz|move: Tailwind\n|move|p2b: Urshifu|Surging Strikes|p1a: Iron Valiant\n|-crit|p1a: Iron Valiant\n|-damage|p1a: Iron Valiant|45\/100\n|-crit|p1a: Iron Valiant\n|-damage|p1a: Iron Valiant|17\/100\n|-crit|p1a: Iron Valiant\n|-damage|p1a: Iron Valiant|0 fnt\n|faint|p1a: Iron Valiant\n|-end|p1a: Iron Valiant|Quark Drive|[silent]\n|-hitcount|p1: Iron Valiant|3\n|move|p2a: Arcanine|Rock Slide|p1b: Tornadus\n|-supereffective|p1b: Tornadus\n|-damage|p1b: Tornadus|19\/100\n|\n|-sideend|p2: Hydragetv|move: Tailwind\n|upkeep\n|turn|9\n|inactive|Hydragetv has 30 seconds left.\n|\n|t:|1700220191\n|switch|p2b: Amoonguss|Amoonguss, L50, M, tera:Water|67\/100\n|move|p1b: Tornadus|Taunt|p2a: Arcanine\n|-start|p2a: Arcanine|move: Taunt\n|move|p2a: Arcanine|Rock Slide|p1b: Tornadus\n|-supereffective|p1b: Tornadus\n|-damage|p1b: Tornadus|0 fnt\n|faint|p1b: Tornadus\n|\n|win|Hydragetv\n|raw|Zonnoz's rating: 1214 &rarr; <strong>1190<\/strong><br \/>(-24 for losing)\n|raw|Hydragetv's rating: 1224 &rarr; <strong>1248<\/strong><br \/>(+24 for winning)\n|l|\u2606Zonnoz\n","uploadtime":1700220208,"views":17,"p1id":"zonnoz","p2id":"hydragetv","formatid":"gen9vgc2023regulatione","rating":1190,"private":0,"password":""}