{"id":"gen9vgc2023regulatione-1992719225","p1":"Miss.Defender","p2":"Jaj1992","format":"[Gen 9] VGC 2023 Regulation E","log":"|j|\u2606Miss.Defender\n|j|\u2606Jaj1992\n|t:|1700228841\n|gametype|doubles\n|player|p1|Miss.Defender|jasmine|1131\n|player|p2|Jaj1992|170|1117\n|teamsize|p1|6\n|teamsize|p2|6\n|gen|9\n|tier|[Gen 9] VGC 2023 Regulation E\n|rated|\n|rule|Species Clause: Limit one of each Pok\u00e9mon\n|rule|Item Clause: Limit one of each item\n|clearpoke\n|poke|p1|Torterra, L50, M|\n|poke|p1|Urshifu-*, L50, M|\n|poke|p1|Farigiraf, L50, M|\n|poke|p1|Grimmsnarl, L50, M|\n|poke|p1|Heatran, L50, M|\n|poke|p1|Iron Hands, L50|\n|poke|p2|Arboliva, L50, M|\n|poke|p2|Rillaboom, L50, F|\n|poke|p2|Crabominable, L50, M|\n|poke|p2|Gyarados, L50, F|\n|poke|p2|Hatterene, L50, F|\n|poke|p2|Farigiraf, L50, F|\n|teampreview|4\n|inactive|Battle timer is ON: inactive players will automatically lose when time's up. (requested by Jaj1992)\n|\n|t:|1700228879\n|start\n|switch|p1a: Grimmsnarl|Grimmsnarl, L50, M|100\/100\n|switch|p1b: Torterra|Torterra, L50, M|100\/100\n|switch|p2a: Hatterene|Hatterene, L50, F|100\/100\n|switch|p2b: Rillaboom|Rillaboom, L50, F|100\/100\n|-fieldstart|move: Grassy Terrain|[from] ability: Grassy Surge|[of] p2b: Rillaboom\n|turn|1\n|inactive|Jaj1992 has 30 seconds left.\n|\n|t:|1700228906\n|move|p2b: Rillaboom|Fake Out|p1b: Torterra\n|-damage|p1b: Torterra|92\/100\n|move|p1a: Grimmsnarl|Reflect|p1a: Grimmsnarl\n|-sidestart|p1: Miss.Defender|Reflect\n|cant|p1b: Torterra|flinch\n|move|p2a: Hatterene|Nuzzle|p1a: Grimmsnarl\n|-damage|p1a: Grimmsnarl|98\/100\n|-status|p1a: Grimmsnarl|par\n|\n|-heal|p1b: Torterra|98\/100|[from] Grassy Terrain\n|-heal|p1b: Torterra|100\/100|[from] item: Leftovers\n|-heal|p1a: Grimmsnarl|100\/100 par|[from] Grassy Terrain\n|upkeep\n|turn|2\n|\n|t:|1700228925\n|move|p1a: Grimmsnarl|Light Screen|p1a: Grimmsnarl\n|-sidestart|p1: Miss.Defender|move: Light Screen\n|move|p2b: Rillaboom|Knock Off|p1a: Grimmsnarl\n|-resisted|p1a: Grimmsnarl\n|-damage|p1a: Grimmsnarl|96\/100 par\n|-enditem|p1a: Grimmsnarl|Light Clay|[from] move: Knock Off|[of] p2b: Rillaboom\n|move|p1b: Torterra|Amnesia|p1b: Torterra\n|-boost|p1b: Torterra|spd|2\n|move|p2a: Hatterene|Calm Mind|p2a: Hatterene\n|-boost|p2a: Hatterene|spa|1\n|-boost|p2a: Hatterene|spd|1\n|\n|-heal|p1a: Grimmsnarl|100\/100 par|[from] Grassy Terrain\n|upkeep\n|turn|3\n|inactive|Miss.Defender has 30 seconds left.\n|\n|t:|1700228959\n|cant|p1a: Grimmsnarl|par\n|move|p2b: Rillaboom|U-turn|p1b: Torterra\n|-supereffective|p1b: Torterra\n|-damage|p1b: Torterra|81\/100\n|\n|t:|1700228965\n|switch|p2b: Gyarados|Gyarados, L50, F|100\/100|[from] U-turn\n|-ability|p2b: Gyarados|Intimidate|boost\n|-unboost|p1a: Grimmsnarl|atk|1\n|-unboost|p1b: Torterra|atk|1\n|move|p1b: Torterra|Leech Seed|p2a: Hatterene\n|move|p2a: Hatterene|Leech Seed|p1b: Torterra|[from]ability: Magic Bounce\n|-immune|p1b: Torterra\n|move|p2a: Hatterene|Mystical Fire|p1b: Torterra\n|-supereffective|p1b: Torterra\n|-damage|p1b: Torterra|59\/100\n|-unboost|p1b: Torterra|spa|1\n|\n|-heal|p1b: Torterra|65\/100|[from] Grassy Terrain\n|-heal|p1b: Torterra|71\/100|[from] item: Leftovers\n|upkeep\n|turn|4\n|inactive|Miss.Defender has 30 seconds left.\n|inactive|Jaj1992 has 30 seconds left.\n|\n|t:|1700228998\n|cant|p1a: Grimmsnarl|par\n|move|p2b: Gyarados|Taunt|p1b: Torterra\n|-start|p1b: Torterra|move: Taunt\n|cant|p1b: Torterra|move: Taunt|Leech Seed\n|move|p2a: Hatterene|Calm Mind|p2a: Hatterene\n|-boost|p2a: Hatterene|spa|1\n|-boost|p2a: Hatterene|spd|1\n|\n|-heal|p1b: Torterra|77\/100|[from] Grassy Terrain\n|-heal|p1b: Torterra|83\/100|[from] item: Leftovers\n|upkeep\n|turn|5\n|inactive|Miss.Defender has 30 seconds left.\n|\n|t:|1700229026\n|switch|p1a: Heatran|Heatran, L50, M|100\/100\n|move|p2b: Gyarados|Taunt|p1a: Heatran\n|-start|p1a: Heatran|move: Taunt\n|move|p1b: Torterra|Body Press|p2b: Gyarados\n|-resisted|p2b: Gyarados\n|-damage|p2b: Gyarados|91\/100\n|move|p2a: Hatterene|Mystical Fire|p1b: Torterra\n|-supereffective|p1b: Torterra\n|-damage|p1b: Torterra|57\/100\n|-unboost|p1b: Torterra|spa|1\n|\n|-heal|p2b: Gyarados|97\/100|[from] item: Leftovers\n|-heal|p1b: Torterra|63\/100|[from] Grassy Terrain\n|-heal|p1b: Torterra|69\/100|[from] item: Leftovers\n|-fieldend|move: Grassy Terrain\n|upkeep\n|turn|6\n|inactive|Miss.Defender has 30 seconds left.\n|inactive|Jaj1992 has 30 seconds left.\n|\n|t:|1700229058\n|switch|p1a: Urshifu|Urshifu, L50, M|100\/100\n|move|p2b: Gyarados|Waterfall|p1a: Urshifu\n|-damage|p1a: Urshifu|74\/100\n|move|p1b: Torterra|Body Press|p2b: Gyarados\n|-resisted|p2b: Gyarados\n|-damage|p2b: Gyarados|87\/100\n|move|p2a: Hatterene|Mystical Fire|p1b: Torterra\n|-supereffective|p1b: Torterra\n|-damage|p1b: Torterra|43\/100\n|-unboost|p1b: Torterra|spa|1\n|\n|-heal|p2b: Gyarados|93\/100|[from] item: Leftovers\n|-heal|p1b: Torterra|49\/100|[from] item: Leftovers\n|-end|p1b: Torterra|move: Taunt\n|upkeep\n|turn|7\n|inactive|Jaj1992 has 30 seconds left.\n|\n|t:|1700229090\n|switch|p2b: Arboliva|Arboliva, L50, M|100\/100\n|move|p1a: Urshifu|Detect|p1a: Urshifu\n|-singleturn|p1a: Urshifu|Protect\n|move|p1b: Torterra|Leech Seed|p2b: Arboliva\n|-immune|p2b: Arboliva\n|move|p2a: Hatterene|Nuzzle|p1a: Urshifu\n|-activate|p1a: Urshifu|move: Protect\n|\n|-heal|p1b: Torterra|55\/100|[from] item: Leftovers\n|upkeep\n|turn|8\n|\n|t:|1700229111\n|move|p1a: Urshifu|Wicked Blow|p2a: Hatterene\n|-crit|p2a: Hatterene\n|-damage|p2a: Hatterene|34\/100\n|move|p2b: Arboliva|Leech Seed|p1a: Urshifu|[miss]\n|-miss|p2b: Arboliva|p1a: Urshifu\n|move|p1b: Torterra|Amnesia|p1b: Torterra\n|-boost|p1b: Torterra|spd|2\n|move|p2a: Hatterene|Mystical Fire|p1b: Torterra\n|-supereffective|p1b: Torterra\n|-damage|p1b: Torterra|35\/100\n|-unboost|p1b: Torterra|spa|1\n|\n|-heal|p1b: Torterra|41\/100|[from] item: Leftovers\n|-sideend|p1: Miss.Defender|Reflect\n|upkeep\n|turn|9\n|inactive|Miss.Defender has 30 seconds left.\n|inactive|Jaj1992 has 30 seconds left.\n|\n|t:|1700229139\n|switch|p2a: Gyarados|Gyarados, L50, F|93\/100\n|-ability|p2a: Gyarados|Intimidate|boost\n|-unboost|p1a: Urshifu|atk|1\n|-unboost|p1b: Torterra|atk|1\n|move|p1a: Urshifu|Wicked Blow|p2a: Gyarados\n|-crit|p2a: Gyarados\n|-damage|p2a: Gyarados|43\/100\n|move|p2b: Arboliva|Leech Seed|p1a: Urshifu\n|-start|p1a: Urshifu|move: Leech Seed\n|move|p1b: Torterra|Iron Defense|p1b: Torterra\n|-boost|p1b: Torterra|def|2\n|\n|-heal|p2a: Gyarados|49\/100|[from] item: Leftovers\n|-heal|p1b: Torterra|47\/100|[from] item: Leftovers\n|-damage|p1a: Urshifu|62\/100|[from] Leech Seed|[of] p2b: Arboliva\n|-sideend|p1: Miss.Defender|move: Light Screen\n|upkeep\n|turn|10\n|\n|t:|1700229163\n|switch|p1a: Grimmsnarl|Grimmsnarl, L50, M|100\/100 par\n|move|p2a: Gyarados|Taunt|p1b: Torterra\n|-start|p1b: Torterra|move: Taunt\n|move|p2b: Arboliva|Pollen Puff|p1a: Grimmsnarl\n|-damage|p1a: Grimmsnarl|78\/100 par\n|move|p1b: Torterra|Body Press|p2b: Arboliva\n|-supereffective|p2b: Arboliva\n|-damage|p2b: Arboliva|32\/100\n|-enditem|p2b: Arboliva|Sitrus Berry|[eat]\n|-heal|p2b: Arboliva|57\/100|[from] item: Sitrus Berry\n|\n|-heal|p2a: Gyarados|54\/100|[from] item: Leftovers\n|-heal|p1b: Torterra|53\/100|[from] item: Leftovers\n|-item|p2b: Arboliva|Sitrus Berry|[from] ability: Harvest\n|upkeep\n|turn|11\n|inactive|Miss.Defender has 30 seconds left.\n|\n|t:|1700229191\n|move|p2b: Arboliva|Protect|p2b: Arboliva\n|-singleturn|p2b: Arboliva|Protect\n|move|p1a: Grimmsnarl|Reflect|p1a: Grimmsnarl\n|-sidestart|p1: Miss.Defender|Reflect\n|move|p2a: Gyarados|Taunt|p1a: Grimmsnarl\n|-start|p1a: Grimmsnarl|move: Taunt\n|move|p1b: Torterra|Body Press|p2b: Arboliva\n|-activate|p2b: Arboliva|move: Protect\n|\n|-heal|p2a: Gyarados|60\/100|[from] item: Leftovers\n|-heal|p1b: Torterra|59\/100|[from] item: Leftovers\n|upkeep\n|turn|12\n|inactive|Jaj1992 has 30 seconds left.\n|\n|t:|1700229223\n|switch|p2a: Rillaboom|Rillaboom, L50, F|100\/100\n|-fieldstart|move: Grassy Terrain|[from] ability: Grassy Surge|[of] p2a: Rillaboom\n|switch|p2b: Hatterene|Hatterene, L50, F|34\/100\n|move|p1b: Torterra|Body Press|p2b: Hatterene\n|-resisted|p2b: Hatterene\n|-damage|p2b: Hatterene|24\/100\n|-enditem|p2b: Hatterene|Iapapa Berry|[eat]\n|-heal|p2b: Hatterene|57\/100|[from] item: Iapapa Berry\n|move|p1a: Grimmsnarl|Spirit Break|p2a: Rillaboom\n|-damage|p2a: Rillaboom|74\/100\n|-unboost|p2a: Rillaboom|spa|1\n|\n|-heal|p2a: Rillaboom|80\/100|[from] Grassy Terrain\n|-heal|p1b: Torterra|65\/100|[from] Grassy Terrain\n|-heal|p1b: Torterra|71\/100|[from] item: Leftovers\n|-heal|p2b: Hatterene|63\/100|[from] Grassy Terrain\n|-heal|p1a: Grimmsnarl|84\/100 par|[from] Grassy Terrain\n|-end|p1b: Torterra|move: Taunt\n|upkeep\n|turn|13\n|inactive|Miss.Defender has 30 seconds left.\n|inactive|Jaj1992 has 30 seconds left.\n|inactive|Jaj1992 has 20 seconds left.\n|\n|t:|1700229258\n|move|p2a: Rillaboom|Grassy Glide|p1a: Grimmsnarl\n|-crit|p1a: Grimmsnarl\n|-damage|p1a: Grimmsnarl|41\/100 par\n|move|p1b: Torterra|Amnesia|p1b: Torterra\n|-boost|p1b: Torterra|spd|2\n|move|p2b: Hatterene|Mystical Fire|p1a: Grimmsnarl\n|-damage|p1a: Grimmsnarl|18\/100 par\n|-unboost|p1a: Grimmsnarl|spa|1\n|move|p1a: Grimmsnarl|Spirit Break|p2b: Hatterene\n|-damage|p2b: Hatterene|35\/100\n|-unboost|p2b: Hatterene|spa|1\n|\n|-heal|p2a: Rillaboom|86\/100|[from] Grassy Terrain\n|-heal|p1b: Torterra|77\/100|[from] Grassy Terrain\n|-heal|p1b: Torterra|83\/100|[from] item: Leftovers\n|-heal|p2b: Hatterene|41\/100|[from] Grassy Terrain\n|-heal|p1a: Grimmsnarl|24\/100 par|[from] Grassy Terrain\n|upkeep\n|turn|14\n|inactive|Miss.Defender has 30 seconds left.\n|inactive|Jaj1992 has 30 seconds left.\n|\n|t:|1700229285\n|switch|p2b: Gyarados|Gyarados, L50, F|60\/100\n|-ability|p2b: Gyarados|Intimidate|boost\n|-unboost|p1a: Grimmsnarl|atk|1\n|-unboost|p1b: Torterra|atk|1\n|move|p2a: Rillaboom|Knock Off|p1b: Torterra\n|-damage|p1b: Torterra|75\/100\n|-enditem|p1b: Torterra|Leftovers|[from] move: Knock Off|[of] p2a: Rillaboom\n|move|p1b: Torterra|Iron Defense|p1b: Torterra\n|-boost|p1b: Torterra|def|2\n|move|p1a: Grimmsnarl|Spirit Break|p2b: Gyarados\n|-damage|p2b: Gyarados|43\/100\n|-unboost|p2b: Gyarados|spa|1\n|\n|-heal|p2b: Gyarados|49\/100|[from] item: Leftovers\n|-heal|p2a: Rillaboom|91\/100|[from] Grassy Terrain\n|-heal|p1b: Torterra|81\/100|[from] Grassy Terrain\n|-heal|p1a: Grimmsnarl|30\/100 par|[from] Grassy Terrain\n|-end|p1a: Grimmsnarl|move: Taunt\n|upkeep\n|turn|15\n|-message|Jaj1992 forfeited.\n|\n|win|Miss.Defender\n|raw|Miss.Defender's rating: 1131 &rarr; <strong>1155<\/strong><br \/>(+24 for winning)\n|raw|Jaj1992's rating: 1117 &rarr; <strong>1093<\/strong><br \/>(-24 for losing)\n|l|\u2606Jaj1992\n","uploadtime":1700229545,"views":13,"p1id":"missdefender","p2id":"jaj1992","formatid":"gen9vgc2023regulatione","rating":1093,"private":0,"password":""}