{"id":"gen9vgc2023regulatione-1995618032","p1":"ZezinPocoto","p2":"Ready1","format":"[Gen 9] VGC 2023 Regulation E","log":"|j|\u2606ZezinPocoto\n|j|\u2606Ready1\n|t:|1700587949\n|gametype|doubles\n|player|p1|ZezinPocoto|blue|1115\n|player|p2|Ready1|hugh|1124\n|teamsize|p1|6\n|teamsize|p2|6\n|gen|9\n|tier|[Gen 9] VGC 2023 Regulation E\n|rated|\n|rule|Species Clause: Limit one of each Pok\u00e9mon\n|rule|Item Clause: Limit one of each item\n|clearpoke\n|poke|p1|Ursaluna, L50, M|\n|poke|p1|Roaring Moon, L50|\n|poke|p1|Armarouge, L50, M|\n|poke|p1|Torkoal, L50, F|\n|poke|p1|Indeedee-F, L50, F|\n|poke|p1|Bronzong, L50|\n|poke|p2|Sneasler, L50, M|\n|poke|p2|Heatran, L50, F|\n|poke|p2|Iron Bundle, L50|\n|poke|p2|Chi-Yu, L50|\n|poke|p2|Tornadus, L50, M|\n|poke|p2|Rillaboom, L50, F|\n|teampreview|4\n|inactive|Battle timer is ON: inactive players will automatically lose when time's up. (requested by Ready1)\n|\n|t:|1700588017\n|start\n|switch|p1a: Ursaluna|Ursaluna, L50, M|100\/100\n|switch|p1b: Indeedee|Indeedee-F, L50, F|100\/100\n|switch|p2a: Sneasler|Sneasler, L50, M|100\/100\n|switch|p2b: Chi-Yu|Chi-Yu, L50|100\/100\n|-ability|p2b: Chi-Yu|Beads of Ruin\n|-fieldstart|move: Psychic Terrain|[from] ability: Psychic Surge|[of] p1b: Indeedee\n|turn|1\n|inactive|ZezinPocoto has 30 seconds left.\n|\n|t:|1700588046\n|switch|p2b: Rillaboom|Rillaboom, L50, F|100\/100\n|-fieldstart|move: Grassy Terrain|[from] ability: Grassy Surge|[of] p2b: Rillaboom\n|-enditem|p2a: Sneasler|Grassy Seed\n|-boost|p2a: Sneasler|def|1|[from] item: Grassy Seed\n|move|p1a: Ursaluna|Protect|p1a: Ursaluna\n|-singleturn|p1a: Ursaluna|Protect\n|move|p2a: Sneasler|Taunt|p1b: Indeedee\n|-start|p1b: Indeedee|move: Taunt\n|cant|p1b: Indeedee|move: Taunt|Trick Room\n|\n|-status|p1a: Ursaluna|brn|[from] item: Flame Orb\n|upkeep\n|turn|2\n|inactive|ZezinPocoto has 30 seconds left.\n|inactive|Ready1 has 30 seconds left.\n|inactive|ZezinPocoto has 20 seconds left.\n|inactive|Ready1 has 20 seconds left.\n|inactive|ZezinPocoto has 15 seconds left.\n|inactive|ZezinPocoto has 10 seconds left.\n|inactive|ZezinPocoto has 5 seconds left.\n|\n|t:|1700588106\n|switch|p1b: Roaring Moon|Roaring Moon, L50|100\/100\n|-enditem|p1b: Roaring Moon|Booster Energy\n|-activate|p1b: Roaring Moon|ability: Protosynthesis|[fromitem]\n|-start|p1b: Roaring Moon|protosynthesisspe\n|-terastallize|p1a: Ursaluna|Ghost\n|move|p2b: Rillaboom|Fake Out|p1a: Ursaluna\n|-immune|p1a: Ursaluna\n|move|p2a: Sneasler|Close Combat|p1a: Ursaluna\n|-immune|p1a: Ursaluna\n|move|p1a: Ursaluna|Facade|p2a: Sneasler\n|-damage|p2a: Sneasler|0 fnt\n|faint|p2a: Sneasler\n|\n|-damage|p1a: Ursaluna|95\/100 brn|[from] brn\n|upkeep\n|inactive|Ready1 has 30 seconds left.\n|\n|t:|1700588134\n|switch|p2a: Chi-Yu|Chi-Yu, L50|100\/100\n|-ability|p2a: Chi-Yu|Beads of Ruin\n|turn|3\n|\n|t:|1700588154\n|move|p1a: Ursaluna|Protect|p1a: Ursaluna\n|-singleturn|p1a: Ursaluna|Protect\n|move|p1b: Roaring Moon|Earthquake|p2a: Chi-Yu|[spread] p2a,p2b\n|-activate|p1a: Ursaluna|move: Protect\n|-supereffective|p2a: Chi-Yu\n|-resisted|p2b: Rillaboom\n|-damage|p2a: Chi-Yu|61\/100\n|-damage|p2b: Rillaboom|94\/100\n|move|p2a: Chi-Yu|Heat Wave|p1a: Ursaluna|[spread] p1b\n|-activate|p1a: Ursaluna|move: Protect\n|-resisted|p1b: Roaring Moon\n|-damage|p1b: Roaring Moon|79\/100\n|move|p2b: Rillaboom|Knock Off|p1a: Ursaluna\n|-activate|p1a: Ursaluna|move: Protect\n|\n|-heal|p1b: Roaring Moon|85\/100|[from] Grassy Terrain\n|-heal|p2a: Chi-Yu|67\/100|[from] Grassy Terrain\n|-heal|p2b: Rillaboom|99\/100|[from] Grassy Terrain\n|-heal|p1a: Ursaluna|100\/100 brn|[from] Grassy Terrain\n|-damage|p1a: Ursaluna|95\/100 brn|[from] brn\n|upkeep\n|turn|4\n|inactive|ZezinPocoto has 30 seconds left.\n|inactive|ZezinPocoto has 20 seconds left.\n|inactive|ZezinPocoto has 15 seconds left.\n|\n|t:|1700588199\n|move|p1b: Roaring Moon|U-turn|p2b: Rillaboom\n|-supereffective|p2b: Rillaboom\n|-damage|p2b: Rillaboom|48\/100\n|\n|t:|1700588203\n|-end|p1b: Roaring Moon|Protosynthesis|[silent]\n|switch|p1b: Indeedee|Indeedee-F, L50, F|100\/100|[from] U-turn\n|-fieldstart|move: Psychic Terrain|[from] ability: Psychic Surge|[of] p1b: Indeedee\n|move|p2a: Chi-Yu|Heat Wave|p1a: Ursaluna|[spread] p1a,p1b\n|-damage|p1a: Ursaluna|56\/100 brn\n|-damage|p1b: Indeedee|50\/100\n|move|p2b: Rillaboom|Knock Off|p1a: Ursaluna\n|-supereffective|p1a: Ursaluna\n|-damage|p1a: Ursaluna|8\/100 brn\n|-enditem|p1a: Ursaluna|Flame Orb|[from] move: Knock Off|[of] p2b: Rillaboom\n|move|p1a: Ursaluna|Facade|p2b: Rillaboom\n|-damage|p2b: Rillaboom|0 fnt\n|faint|p2b: Rillaboom\n|\n|-damage|p1a: Ursaluna|2\/100 brn|[from] brn\n|upkeep\n|\n|t:|1700588222\n|switch|p2b: Heatran|Heatran, L50, F|100\/100\n|turn|5\n|inactive|ZezinPocoto has 30 seconds left.\n|inactive|ZezinPocoto has 20 seconds left.\n|inactive|ZezinPocoto has 15 seconds left.\n|\n|t:|1700588265\n|-terastallize|p2b: Heatran|Grass\n|move|p2a: Chi-Yu|Heat Wave|p1b: Indeedee|[spread] p1a\n|-miss|p2a: Chi-Yu|p1b: Indeedee\n|-damage|p1a: Ursaluna|0 fnt\n|faint|p1a: Ursaluna\n|move|p2b: Heatran|Heat Wave|p1b: Indeedee\n|-damage|p1b: Indeedee|0 fnt\n|faint|p1b: Indeedee\n|\n|upkeep\n|\n|t:|1700588274\n|switch|p1b: Armarouge|Armarouge, L50, M|100\/100\n|switch|p1a: Roaring Moon|Roaring Moon, L50|85\/100\n|turn|6\n|inactive|ZezinPocoto has 30 seconds left.\n|inactive|ZezinPocoto has 20 seconds left.\n|\n|t:|1700588318\n|move|p1b: Armarouge|Endure|p1b: Armarouge\n|-singleturn|p1b: Armarouge|move: Endure\n|move|p2a: Chi-Yu|Heat Wave|p1b: Armarouge|[spread] p1a,p1b\n|-resisted|p1a: Roaring Moon\n|-resisted|p1b: Armarouge\n|-damage|p1a: Roaring Moon|61\/100\n|-damage|p1b: Armarouge|68\/100\n|move|p1a: Roaring Moon|Earthquake|p2a: Chi-Yu|[spread] p1b,p2a,p2b\n|-supereffective|p1b: Armarouge\n|-supereffective|p2a: Chi-Yu\n|-resisted|p2b: Heatran\n|-damage|p1b: Armarouge|9\/100\n|-damage|p2a: Chi-Yu|0 fnt\n|-damage|p2b: Heatran|88\/100\n|-ability|p1b: Armarouge|Weak Armor|boost\n|-unboost|p1b: Armarouge|def|1\n|-boost|p1b: Armarouge|spe|2\n|-enditem|p1b: Armarouge|Weakness Policy\n|-boost|p1b: Armarouge|atk|2|[from] item: Weakness Policy\n|-boost|p1b: Armarouge|spa|2|[from] item: Weakness Policy\n|faint|p2a: Chi-Yu\n|move|p2b: Heatran|Heat Wave|p1b: Armarouge|[spread] p1a,p1b\n|-resisted|p1a: Roaring Moon\n|-resisted|p1b: Armarouge\n|-damage|p1a: Roaring Moon|45\/100\n|-activate|p1b: Armarouge|move: Endure\n|-damage|p1b: Armarouge|1\/100\n|\n|-heal|p2b: Heatran|94\/100|[from] item: Leftovers\n|upkeep\n|turn|7\n|inactive|ZezinPocoto has 30 seconds left.\n|inactive|Ready1 has 30 seconds left.\n|\n|t:|1700588348\n|move|p1b: Armarouge|Stored Power|p2b: Heatran\n|-damage|p2b: Heatran|0 fnt\n|faint|p2b: Heatran\n|\n|win|ZezinPocoto\n|raw|ZezinPocoto's rating: 1115 &rarr; <strong>1141<\/strong><br \/>(+26 for winning)\n|raw|Ready1's rating: 1124 &rarr; <strong>1098<\/strong><br \/>(-26 for losing)\n|l|\u2606Ready1\n","uploadtime":1700588358,"views":1,"p1id":"zezinpocoto","p2id":"ready1","formatid":"gen9vgc2023regulatione","rating":1098,"private":0,"password":""}