{"id":"gen9vgc2023regulatione-1996322137","p1":"tailsBOOM1992","p2":"Luna Rdomnai","format":"[Gen 9] VGC 2023 Regulation E","log":"|j|\u2606tailsBOOM1992\n|j|\u2606Luna Rdomnai\n|t:|1700671013\n|gametype|doubles\n|player|p1|tailsBOOM1992|pokemonranger|1046\n|player|p2|Luna Rdomnai|102|1050\n|teamsize|p1|6\n|teamsize|p2|6\n|gen|9\n|tier|[Gen 9] VGC 2023 Regulation E\n|rated|\n|rule|Species Clause: Limit one of each Pok\u00e9mon\n|rule|Item Clause: Limit one of each item\n|clearpoke\n|poke|p1|Garganacl, L50, F|\n|poke|p1|Rillaboom, L50, F|\n|poke|p1|Ogerpon-Hearthflame, L50, F|\n|poke|p1|Sinistcha-Masterpiece, L50|\n|poke|p1|Arcanine-Hisui, L50, M|\n|poke|p1|Goodra-Hisui, L50, M|\n|poke|p2|Squawkabilly-White, L50, M|\n|poke|p2|Cresselia, L50, F|\n|poke|p2|Iron Hands, L50|\n|poke|p2|Heatran, L50, M|\n|poke|p2|Roaring Moon, L50|\n|poke|p2|Ursaluna-Bloodmoon, L50, M|\n|teampreview|4\n|inactive|Battle timer is ON: inactive players will automatically lose when time's up. (requested by tailsBOOM1992)\n|inactive|Luna Rdomnai has 60 seconds left.\ntailsBOOM1992 rejected open team sheets.\n|\n|t:|1700671081\n|start\n|switch|p1a: Garganacl|Garganacl, L50, F, shiny|100\/100\n|switch|p1b: Rillaboom|Rillaboom, L50, F|100\/100\n|switch|p2a: Squawkabilly|Squawkabilly-White, L50, M|100\/100\n|switch|p2b: Cresselia|Cresselia, L50, F, shiny|100\/100\n|-ability|p2a: Squawkabilly|Intimidate|boost\n|-unboost|p1a: Garganacl|atk|1\n|-unboost|p1b: Rillaboom|atk|1\n|-fieldstart|move: Grassy Terrain|[from] ability: Grassy Surge|[of] p1b: Rillaboom\n|turn|1\n|inactive|Luna Rdomnai has 30 seconds left.\n|inactive|Luna Rdomnai has 20 seconds left.\n|inactive|Luna Rdomnai has 15 seconds left.\n|inactive|Luna Rdomnai has 10 seconds left.\n|inactive|Luna Rdomnai has 5 seconds left.\n|\n|t:|1700671132\n|-terastallize|p2a: Squawkabilly|Ghost\n|move|p1b: Rillaboom|Fake Out|p2a: Squawkabilly\n|-immune|p2a: Squawkabilly\n|move|p2a: Squawkabilly|Parting Shot|p1a: Garganacl\n|-unboost|p1a: Garganacl|atk|1\n|-unboost|p1a: Garganacl|spa|1\n|\n|t:|1700671141\n|switch|p2a: Iron Hands|Iron Hands, L50|100\/100|[from] Parting Shot\n|move|p2b: Cresselia|Moonblast|p1a: Garganacl\n|-damage|p1a: Garganacl|88\/100\n|move|p1a: Garganacl|Iron Defense|p1a: Garganacl\n|-boost|p1a: Garganacl|def|2\n|\n|-heal|p1a: Garganacl|94\/100|[from] Grassy Terrain\n|-heal|p1a: Garganacl|99\/100|[from] item: Leftovers\n|upkeep\n|turn|2\n|inactive|Luna Rdomnai has 30 seconds left.\n|inactive|Luna Rdomnai has 20 seconds left.\n|inactive|Luna Rdomnai has 15 seconds left.\n|inactive|Luna Rdomnai has 10 seconds left.\n|\n|t:|1700671191\n|switch|p2b: Squawkabilly|Squawkabilly-White, L50, M, tera:Ghost|100\/100\n|-ability|p2b: Squawkabilly|Intimidate|boost\n|-unboost|p1a: Garganacl|atk|1\n|-unboost|p1b: Rillaboom|atk|1\n|-terastallize|p1a: Garganacl|Fairy\n|move|p1b: Rillaboom|Wood Hammer|p2a: Iron Hands\n|-damage|p2a: Iron Hands|74\/100\n|-damage|p1b: Rillaboom|90\/100|[from] Recoil\n|move|p2a: Iron Hands|Drain Punch|p1a: Garganacl\n|-resisted|p1a: Garganacl\n|-damage|p1a: Garganacl|92\/100\n|-heal|p2a: Iron Hands|77\/100|[from] drain|[of] p1a: Garganacl\n|move|p1a: Garganacl|Iron Defense|p1a: Garganacl\n|-boost|p1a: Garganacl|def|2\n|\n|-heal|p1b: Rillaboom|96\/100|[from] Grassy Terrain\n|-heal|p2a: Iron Hands|83\/100|[from] Grassy Terrain\n|-heal|p1a: Garganacl|98\/100|[from] Grassy Terrain\n|-heal|p1a: Garganacl|100\/100|[from] item: Leftovers\n|upkeep\n|turn|3\n|inactive|tailsBOOM1992 has 30 seconds left.\n|inactive|Luna Rdomnai has 30 seconds left.\n|\n|t:|1700671221\n|switch|p1b: Arcanine|Arcanine-Hisui, L50, M, shiny|100\/100\n|-ability|p1b: Arcanine|Intimidate|boost\n|-unboost|p2a: Iron Hands|atk|1\n|-unboost|p2b: Squawkabilly|atk|1\n|move|p2b: Squawkabilly|Final Gambit|p1a: Garganacl\n|-damage|p1a: Garganacl|9\/100\n|faint|p2b: Squawkabilly\n|move|p2a: Iron Hands|Heavy Slam|p1a: Garganacl\n|-supereffective|p1a: Garganacl\n|-damage|p1a: Garganacl|4\/100\n|move|p1a: Garganacl|Salt Cure|p2a: Iron Hands\n|-resisted|p2a: Iron Hands\n|-damage|p2a: Iron Hands|81\/100\n|-start|p2a: Iron Hands|Salt Cure\n|\n|-heal|p2a: Iron Hands|88\/100|[from] Grassy Terrain\n|-heal|p1a: Garganacl|10\/100|[from] Grassy Terrain\n|-heal|p1a: Garganacl|16\/100|[from] item: Leftovers\n|-damage|p2a: Iron Hands|75\/100|[from] Salt Cure\n|upkeep\n|\n|t:|1700671243\n|switch|p2b: Ursaluna|Ursaluna-Bloodmoon, L50, M|100\/100\n|turn|4\n|\n|t:|1700671267\n|switch|p1b: Sinistcha|Sinistcha-Masterpiece, L50, shiny|100\/100\n|-heal|p1a: Garganacl|41\/100|[from] ability: Hospitality|[of] p1b: Sinistcha\n|-end|p2a: Iron Hands|Quark Drive|[silent]\n|switch|p2a: Cresselia|Cresselia, L50, F, shiny|100\/100\n|move|p1a: Garganacl|Recover|p1a: Garganacl\n|-heal|p1a: Garganacl|91\/100\n|move|p2b: Ursaluna|Earth Power|p1a: Garganacl\n|-damage|p1a: Garganacl|43\/100\n|-damage|p2b: Ursaluna|91\/100|[from] item: Life Orb\n|\n|-heal|p1a: Garganacl|49\/100|[from] Grassy Terrain\n|-heal|p1a: Garganacl|55\/100|[from] item: Leftovers\n|-heal|p2b: Ursaluna|97\/100|[from] Grassy Terrain\n|upkeep\n|turn|5\n|inactive|Luna Rdomnai has 30 seconds left.\n|\n|t:|1700671301\n|move|p1b: Sinistcha|Rage Powder|p1b: Sinistcha\n|-singleturn|p1b: Sinistcha|move: Rage Powder\n|move|p2a: Cresselia|Moonblast|p1b: Sinistcha\n|-damage|p1b: Sinistcha|80\/100\n|move|p1a: Garganacl|Salt Cure|p2b: Ursaluna\n|-resisted|p2b: Ursaluna\n|-damage|p2b: Ursaluna|95\/100\n|-start|p2b: Ursaluna|Salt Cure\n|move|p2b: Ursaluna|Earth Power|p1b: Sinistcha\n|-resisted|p1b: Sinistcha\n|-damage|p1b: Sinistcha|34\/100\n|-damage|p2b: Ursaluna|85\/100|[from] item: Life Orb\n|\n|-heal|p1b: Sinistcha|40\/100|[from] Grassy Terrain\n|-heal|p1a: Garganacl|60\/100|[from] Grassy Terrain\n|-heal|p1a: Garganacl|66\/100|[from] item: Leftovers\n|-heal|p2b: Ursaluna|91\/100|[from] Grassy Terrain\n|-damage|p2b: Ursaluna|78\/100|[from] Salt Cure\n|-fieldend|move: Grassy Terrain\n|upkeep\n|turn|6\n|\n|t:|1700671325\n|move|p2a: Cresselia|Moonblast|p1b: Sinistcha\n|-damage|p1b: Sinistcha|18\/100\n|move|p1b: Sinistcha|Life Dew|p1b: Sinistcha|[spread] p1a,p1b\n|-heal|p1a: Garganacl|91\/100\n|-heal|p1b: Sinistcha|43\/100\n|move|p1a: Garganacl|Body Press|p2b: Ursaluna\n|-supereffective|p2b: Ursaluna\n|-damage|p2b: Ursaluna|0 fnt\n|faint|p2b: Ursaluna\n|\n|-heal|p1a: Garganacl|97\/100|[from] item: Leftovers\n|upkeep\n|\n|t:|1700671339\n|switch|p2b: Iron Hands|Iron Hands, L50|75\/100\n|turn|7\n|\n|t:|1700671362\n|move|p2b: Iron Hands|Fake Out|p1a: Garganacl\n|-damage|p1a: Garganacl|93\/100\n|move|p1b: Sinistcha|Rage Powder|p1b: Sinistcha\n|-singleturn|p1b: Sinistcha|move: Rage Powder\n|move|p2a: Cresselia|Moonblast|p1b: Sinistcha\n|-damage|p1b: Sinistcha|22\/100\n|cant|p1a: Garganacl|flinch\n|\n|-heal|p1a: Garganacl|99\/100|[from] item: Leftovers\n|upkeep\n|turn|8\n|\n|t:|1700671381\n|switch|p1b: Rillaboom|Rillaboom, L50, F|96\/100\n|-fieldstart|move: Grassy Terrain|[from] ability: Grassy Surge|[of] p1b: Rillaboom\n|move|p2a: Cresselia|Icy Wind|p1b: Rillaboom|[spread] p1a,p1b\n|-supereffective|p1b: Rillaboom\n|-damage|p1a: Garganacl|94\/100\n|-damage|p1b: Rillaboom|85\/100\n|-unboost|p1a: Garganacl|spe|1\n|-unboost|p1b: Rillaboom|spe|1\n|move|p2b: Iron Hands|Heavy Slam|p1a: Garganacl\n|-supereffective|p1a: Garganacl\n|-damage|p1a: Garganacl|86\/100\n|move|p1a: Garganacl|Salt Cure|p2b: Iron Hands\n|-resisted|p2b: Iron Hands\n|-damage|p2b: Iron Hands|73\/100\n|-start|p2b: Iron Hands|Salt Cure\n|\n|-heal|p2b: Iron Hands|79\/100|[from] Grassy Terrain\n|-heal|p1b: Rillaboom|91\/100|[from] Grassy Terrain\n|-heal|p1a: Garganacl|92\/100|[from] Grassy Terrain\n|-heal|p1a: Garganacl|98\/100|[from] item: Leftovers\n|-damage|p2b: Iron Hands|67\/100|[from] Salt Cure\n|upkeep\n|turn|9\n|inactive|tailsBOOM1992 has 30 seconds left.\n|inactive|Luna Rdomnai has 30 seconds left.\n|\n|t:|1700671410\n|move|p1b: Rillaboom|Fake Out|p2b: Iron Hands\n|-damage|p2b: Iron Hands|57\/100\n|move|p2a: Cresselia|Moonblast|p1a: Garganacl\n|-damage|p1a: Garganacl|86\/100\n|cant|p2b: Iron Hands|flinch\n|move|p1a: Garganacl|Salt Cure|p2a: Cresselia\n|-damage|p2a: Cresselia|97\/100\n|\n|-heal|p2b: Iron Hands|63\/100|[from] Grassy Terrain\n|-heal|p1b: Rillaboom|97\/100|[from] Grassy Terrain\n|-heal|p1a: Garganacl|92\/100|[from] Grassy Terrain\n|-heal|p1a: Garganacl|98\/100|[from] item: Leftovers\n|-damage|p2b: Iron Hands|51\/100|[from] Salt Cure\n|upkeep\n|turn|10\n|inactive|tailsBOOM1992 has 30 seconds left.\n|inactive|Luna Rdomnai has 30 seconds left.\n|\n|t:|1700671443\n|move|p2a: Cresselia|Lunar Blessing|p2a: Cresselia|[spread] p2a,p2b\n|-heal|p2a: Cresselia|100\/100\n|-heal|p2b: Iron Hands|76\/100\n|move|p2b: Iron Hands|Drain Punch|p1b: Rillaboom\n|-damage|p1b: Rillaboom|59\/100\n|-heal|p2b: Iron Hands|92\/100|[from] drain|[of] p1b: Rillaboom\n|move|p1b: Rillaboom|U-turn|p2a: Cresselia\n|-supereffective|p2a: Cresselia\n|-damage|p2a: Cresselia|75\/100\n|\n|t:|1700671454\n|switch|p1b: Arcanine|Arcanine-Hisui, L50, M, shiny|100\/100|[from] U-turn\n|-ability|p1b: Arcanine|Intimidate|boost\n|-unboost|p2a: Cresselia|atk|1\n|-unboost|p2b: Iron Hands|atk|1\n|move|p1a: Garganacl|Body Press|p2a: Cresselia\n|-resisted|p2a: Cresselia\n|-damage|p2a: Cresselia|55\/100\n|\n|-heal|p2b: Iron Hands|98\/100|[from] Grassy Terrain\n|-heal|p1a: Garganacl|100\/100|[from] Grassy Terrain\n|-damage|p2b: Iron Hands|86\/100|[from] Salt Cure\n|upkeep\n|turn|11\n|\n|t:|1700671475\n|move|p1b: Arcanine|Head Smash|p2a: Cresselia\n|-damage|p2a: Cresselia|0 fnt\n|faint|p2a: Cresselia\n|-damage|p1b: Arcanine|67\/100|[from] Recoil\n|move|p2b: Iron Hands|Heavy Slam|p1b: Arcanine\n|-damage|p1b: Arcanine|49\/100\n|move|p1a: Garganacl|Salt Cure|p2b: Iron Hands\n|-resisted|p2b: Iron Hands\n|-damage|p2b: Iron Hands|83\/100\n|\n|-heal|p1b: Arcanine|55\/100|[from] Grassy Terrain\n|-heal|p2b: Iron Hands|89\/100|[from] Grassy Terrain\n|-damage|p2b: Iron Hands|77\/100|[from] Salt Cure\n|upkeep\n|turn|12\n|\n|t:|1700671492\n|move|p1b: Arcanine|Head Smash|p2b: Iron Hands\n|-resisted|p2b: Iron Hands\n|-damage|p2b: Iron Hands|41\/100\n|-damage|p1b: Arcanine|29\/100|[from] Recoil\n|move|p2b: Iron Hands|Heavy Slam|p1a: Garganacl\n|-supereffective|p1a: Garganacl\n|-damage|p1a: Garganacl|96\/100\n|move|p1a: Garganacl|Body Press|p2b: Iron Hands\n|-damage|p2b: Iron Hands|0 fnt\n|faint|p2b: Iron Hands\n|-end|p2b: Iron Hands|Quark Drive|[silent]\n|\n|win|tailsBOOM1992\n|raw|tailsBOOM1992's rating: 1046 &rarr; <strong>1079<\/strong><br \/>(+33 for winning)\n|raw|Luna Rdomnai's rating: 1050 &rarr; <strong>1032<\/strong><br \/>(-18 for losing)\n|c|\u2606tailsBOOM1992|gg\n|l|\u2606Luna Rdomnai\n","uploadtime":1700671512,"views":2,"p1id":"tailsboom1992","p2id":"lunardomnai","formatid":"gen9vgc2023regulatione","rating":1032,"private":0,"password":""}