{"id":"gen9vgc2023regulatione-1989707235","p1":"Ayresbrun","p2":"CRH6","format":"[Gen 9] VGC 2023 Regulation E","log":"|j|\u2606Ayresbrun\n|j|\u2606CRH6\n|t:|1699888766\n|gametype|doubles\n|player|p1|Ayresbrun|266|1274\n|player|p2|CRH6|red|1210\n|teamsize|p1|6\n|teamsize|p2|6\n|gen|9\n|tier|[Gen 9] VGC 2023 Regulation E\n|rated|\n|rule|Species Clause: Limit one of each Pok\u00e9mon\n|rule|Item Clause: Limit one of each item\n|clearpoke\n|poke|p1|Flutter Mane, L50|\n|poke|p1|Tornadus, L50, M|\n|poke|p1|Heatran, L50, F|\n|poke|p1|Rillaboom, L50, M|\n|poke|p1|Arcanine, L50, F|\n|poke|p1|Hydreigon, L50, F|\n|poke|p2|Kommo-o, L50, M|\n|poke|p2|Urshifu-*, L50, M|\n|poke|p2|Indeedee-F, L50, F|\n|poke|p2|Armarouge, L50, F|\n|poke|p2|Regieleki, L50|\n|poke|p2|Flutter Mane, L50|\n|teampreview|4\n|inactive|Battle timer is ON: inactive players will automatically lose when time's up. (requested by CRH6)\n|inactive|Ayresbrun has 60 seconds left.\n|inactive|CRH6 has 60 seconds left.\n|inactive|Ayresbrun has 30 seconds left.\n|inactive|Ayresbrun has 20 seconds left.\n|inactive|Ayresbrun has 15 seconds left.\n|inactive|Ayresbrun has 10 seconds left.\n|\n|t:|1699888851\n|start\n|switch|p1a: Heatran|Heatran, L50, F|100\/100\n|switch|p1b: Flutter Mane|Flutter Mane, L50|100\/100\n|switch|p2a: Urshifu|Urshifu-Rapid-Strike, L50, M|100\/100\n|switch|p2b: Flutter Mane|Flutter Mane, L50|100\/100\n|-enditem|p2b: Flutter Mane|Booster Energy\n|-activate|p2b: Flutter Mane|ability: Protosynthesis|[fromitem]\n|-start|p2b: Flutter Mane|protosynthesisspa\n|turn|1\n|inactive|Ayresbrun has 30 seconds left.\n|inactive|Ayresbrun has 20 seconds left.\n|inactive|Ayresbrun has 15 seconds left.\n|inactive|Ayresbrun has 10 seconds left.\n|inactive|Ayresbrun has 5 seconds left.\n|\n|t:|1699888904\n|-end|p1b: Flutter Mane|Protosynthesis|[silent]\n|switch|p1b: Rillaboom|Rillaboom, L50, M|100\/100\n|-fieldstart|move: Grassy Terrain|[from] ability: Grassy Surge|[of] p1b: Rillaboom\n|-terastallize|p1a: Heatran|Bug\n|move|p2b: Flutter Mane|Protect|p2b: Flutter Mane\n|-singleturn|p2b: Flutter Mane|Protect\n|move|p2a: Urshifu|Close Combat|p1a: Heatran\n|-resisted|p1a: Heatran\n|-damage|p1a: Heatran|72\/100\n|-unboost|p2a: Urshifu|def|1\n|-unboost|p2a: Urshifu|spd|1\n|move|p1a: Heatran|Heat Wave|p2b: Flutter Mane|[spread] \n|-activate|p2b: Flutter Mane|move: Protect\n|-miss|p1a: Heatran|p2a: Urshifu\n|\n|-heal|p1a: Heatran|78\/100|[from] Grassy Terrain\n|upkeep\n|turn|2\n|inactive|Ayresbrun has 30 seconds left.\n|\n|t:|1699888937\n|-end|p2b: Flutter Mane|Protosynthesis|[silent]\n|switch|p2b: Indeedee|Indeedee-F, L50, F|100\/100\n|-fieldstart|move: Psychic Terrain|[from] ability: Psychic Surge|[of] p2b: Indeedee\n|-enditem|p2b: Indeedee|Psychic Seed\n|-boost|p2b: Indeedee|spd|1|[from] item: Psychic Seed\n|switch|p2a: Armarouge|Armarouge, L50, F|100\/100\n|move|p1b: Rillaboom|Fake Out|p2a: Armarouge\n|-activate|p2a: Armarouge|move: Psychic Terrain\n|move|p1a: Heatran|Flash Cannon|p2b: Indeedee\n|-damage|p2b: Indeedee|69\/100\n|-damage|p1a: Heatran|69\/100|[from] item: Life Orb\n|\n|upkeep\n|turn|3\n|inactive|CRH6 has 30 seconds left.\n|\n|t:|1699888962\n|switch|p1b: Hydreigon|Hydreigon, L50, F|100\/100\n|move|p1a: Heatran|Flash Cannon|p2b: Indeedee\n|-damage|p2b: Indeedee|40\/100\n|-damage|p1a: Heatran|59\/100|[from] item: Life Orb\n|move|p2a: Armarouge|Expanding Force|p1b: Hydreigon|[spread] p1a\n|-immune|p1b: Hydreigon\n|-damage|p1a: Heatran|9\/100\n|move|p2b: Indeedee|Trick Room|p2b: Indeedee\n|-fieldstart|move: Trick Room|[of] p2b: Indeedee\n|\n|upkeep\n|turn|4\n|\n|t:|1699888986\n|move|p1a: Heatran|Protect|p1a: Heatran\n|-singleturn|p1a: Heatran|Protect\n|move|p2b: Indeedee|Follow Me|p2b: Indeedee\n|-singleturn|p2b: Indeedee|move: Follow Me\n|move|p2a: Armarouge|Expanding Force|p1b: Hydreigon|[spread] \n|-activate|p1a: Heatran|move: Protect\n|-immune|p1b: Hydreigon\n|move|p1b: Hydreigon|Dark Pulse|p2b: Indeedee\n|-supereffective|p2b: Indeedee\n|-damage|p2b: Indeedee|0 fnt\n|faint|p2b: Indeedee\n|\n|upkeep\n|\n|t:|1699889008\n|switch|p2b: Urshifu|Urshifu-Rapid-Strike, L50, M|100\/100\n|turn|5\n|inactive|Ayresbrun has 30 seconds left.\n|inactive|Ayresbrun has 20 seconds left.\n|inactive|Ayresbrun has 15 seconds left.\n|inactive|Ayresbrun has 10 seconds left.\n|inactive|Ayresbrun has 5 seconds left.\n|\n|t:|1699889058\n|switch|p1b: Flutter Mane|Flutter Mane, L50|100\/100\n|move|p2a: Armarouge|Expanding Force|p1b: Flutter Mane|[spread] p1a,p1b\n|-damage|p1a: Heatran|0 fnt\n|-damage|p1b: Flutter Mane|43\/100\n|faint|p1a: Heatran\n|move|p2b: Urshifu|Close Combat|p1b: Flutter Mane\n|-immune|p1b: Flutter Mane\n|\n|upkeep\n|\n|t:|1699889076\n|switch|p1a: Rillaboom|Rillaboom, L50, M|100\/100\n|-fieldstart|move: Grassy Terrain|[from] ability: Grassy Surge|[of] p1a: Rillaboom\n|turn|6\n|\n|t:|1699889087\n|move|p1a: Rillaboom|Fake Out|p2a: Armarouge\n|-damage|p2a: Armarouge|86\/100\n|cant|p2a: Armarouge|flinch\n|move|p2b: Urshifu|Surging Strikes|p1b: Flutter Mane\n|-crit|p1b: Flutter Mane\n|-damage|p1b: Flutter Mane|5\/100\n|-crit|p1b: Flutter Mane\n|-damage|p1b: Flutter Mane|0 fnt\n|faint|p1b: Flutter Mane\n|-end|p1b: Flutter Mane|Protosynthesis|[silent]\n|-hitcount|p1: Flutter Mane|2\n|\n|-heal|p2a: Armarouge|92\/100|[from] Grassy Terrain\n|upkeep\n|\n|t:|1699889098\n|switch|p1b: Hydreigon|Hydreigon, L50, F|100\/100\n|turn|7\n|\n|t:|1699889118\n|-terastallize|p2a: Armarouge|Grass\n|move|p1a: Rillaboom|Grassy Glide|p2b: Urshifu\n|-supereffective|p2b: Urshifu\n|-damage|p2b: Urshifu|28\/100\n|move|p2a: Armarouge|Armor Cannon|p1a: Rillaboom\n|-supereffective|p1a: Rillaboom\n|-damage|p1a: Rillaboom|7\/100\n|-unboost|p2a: Armarouge|def|1\n|-unboost|p2a: Armarouge|spd|1\n|move|p1b: Hydreigon|Dark Pulse|p2a: Armarouge\n|-damage|p2a: Armarouge|29\/100\n|move|p2b: Urshifu|Close Combat|p1b: Hydreigon\n|-supereffective|p1b: Hydreigon\n|-damage|p1b: Hydreigon|0 fnt\n|-unboost|p2b: Urshifu|def|1\n|-unboost|p2b: Urshifu|spd|1\n|faint|p1b: Hydreigon\n|\n|-heal|p2a: Armarouge|35\/100|[from] Grassy Terrain\n|-heal|p1a: Rillaboom|13\/100|[from] Grassy Terrain\n|-heal|p2b: Urshifu|34\/100|[from] Grassy Terrain\n|-fieldend|move: Trick Room\n|upkeep\n|turn|8\n|inactive|Ayresbrun has 30 seconds left.\n|inactive|CRH6 has 30 seconds left.\n|inactive|CRH6 has 20 seconds left.\n|\n|t:|1699889155\n|move|p1a: Rillaboom|Grassy Glide|p2b: Urshifu\n|-supereffective|p2b: Urshifu\n|-damage|p2b: Urshifu|0 fnt\n|faint|p2b: Urshifu\n|move|p2a: Armarouge|Armor Cannon|p1a: Rillaboom\n|-supereffective|p1a: Rillaboom\n|-damage|p1a: Rillaboom|0 fnt\n|-unboost|p2a: Armarouge|def|1\n|-unboost|p2a: Armarouge|spd|1\n|faint|p1a: Rillaboom\n|\n|win|CRH6\n|raw|Ayresbrun's rating: 1274 &rarr; <strong>1244<\/strong><br \/>(-30 for losing)\n|raw|CRH6's rating: 1210 &rarr; <strong>1240<\/strong><br \/>(+30 for winning)\n","uploadtime":1699889181,"views":25,"p1id":"ayresbrun","p2id":"crh6","formatid":"gen9vgc2023regulatione","rating":1240,"private":0,"password":""}