{"id":"gen9vgc2023regulatione-1998472056","p1":"BlodiaMan","p2":"levisupafly","format":"[Gen 9] VGC 2023 Regulation E","log":"|j|\u2606BlodiaMan\n|j|\u2606levisupafly\n|t:|1700946136\n|gametype|doubles\n|player|p1|BlodiaMan|silver|1045\n|player|p2|levisupafly|101|1088\n|teamsize|p1|6\n|teamsize|p2|6\n|gen|9\n|tier|[Gen 9] VGC 2023 Regulation E\n|rated|\n|rule|Species Clause: Limit one of each Pok\u00e9mon\n|rule|Item Clause: Limit one of each item\n|clearpoke\n|poke|p1|Empoleon, L50, M|\n|poke|p1|Swalot, L50, M|\n|poke|p1|Hawlucha, L50, F|\n|poke|p1|Ursaluna, L50, F|\n|poke|p1|Rillaboom, L50, F|\n|poke|p1|Golduck, L50, F|\n|poke|p2|Ogerpon-Cornerstone, L50, F|\n|poke|p2|Roaring Moon, L50|\n|poke|p2|Toxapex, L50, M|\n|poke|p2|Flutter Mane, L50|\n|poke|p2|Munkidori, L50, M|\n|poke|p2|Heatran, L50, F|\n|teampreview|4\n|\n|t:|1700946157\n|start\n|switch|p1a: Empoleon|Empoleon, L50, M|100\/100\n|switch|p1b: Swalot|Swalot, L50, M|100\/100\n|switch|p2a: Roaring Moon|Roaring Moon, L50|100\/100\n|switch|p2b: Toxapex|Toxapex, L50, M|100\/100\n|turn|1\n|\n|t:|1700946184\n|move|p2a: Roaring Moon|Knock Off|p1a: Empoleon\n|-damage|p1a: Empoleon|45\/100\n|-enditem|p1a: Empoleon|Heavy-Duty Boots|[from] move: Knock Off|[of] p2a: Roaring Moon\n|move|p1a: Empoleon|Ice Beam|p2a: Roaring Moon\n|-supereffective|p2a: Roaring Moon\n|-damage|p2a: Roaring Moon|41\/100\n|move|p1b: Swalot|Acid Armor|p1b: Swalot\n|-boost|p1b: Swalot|def|2\n|move|p2b: Toxapex|Infestation|p1a: Empoleon\n|-resisted|p1a: Empoleon\n|-damage|p1a: Empoleon|43\/100\n|-activate|p1a: Empoleon|move: Infestation|[of] p2b: Toxapex\n|\n|-damage|p1a: Empoleon|31\/100|[from] move: Infestation|[partiallytrapped]\n|upkeep\n|turn|2\n|\n|t:|1700946233\n|move|p2a: Roaring Moon|Roost|p2a: Roaring Moon\n|-heal|p2a: Roaring Moon|91\/100\n|-singleturn|p2a: Roaring Moon|move: Roost\n|move|p1a: Empoleon|Roost|p1a: Empoleon\n|-heal|p1a: Empoleon|82\/100\n|-singleturn|p1a: Empoleon|move: Roost\n|move|p1b: Swalot|Knock Off|p2b: Toxapex\n|-damage|p2b: Toxapex|83\/100\n|-enditem|p2b: Toxapex|Black Sludge|[from] move: Knock Off|[of] p1b: Swalot\n|move|p2b: Toxapex|Infestation|p1b: Swalot\n|-resisted|p1b: Swalot\n|-damage|p1b: Swalot|99\/100\n|-activate|p1b: Swalot|move: Infestation|[of] p2b: Toxapex\n|\n|-heal|p1b: Swalot|100\/100|[from] item: Leftovers\n|-damage|p1a: Empoleon|70\/100|[from] move: Infestation|[partiallytrapped]\n|-damage|p1b: Swalot|88\/100|[from] move: Infestation|[partiallytrapped]\n|upkeep\n|turn|3\n|\n|t:|1700946252\n|move|p2a: Roaring Moon|Knock Off|p1b: Swalot\n|-damage|p1b: Swalot|60\/100\n|-enditem|p1b: Swalot|Leftovers|[from] move: Knock Off|[of] p2a: Roaring Moon\n|move|p1a: Empoleon|Ice Beam|p2a: Roaring Moon\n|-supereffective|p2a: Roaring Moon\n|-damage|p2a: Roaring Moon|38\/100\n|move|p1b: Swalot|Body Press|p2a: Roaring Moon\n|-supereffective|p2a: Roaring Moon\n|-damage|p2a: Roaring Moon|0 fnt\n|faint|p2a: Roaring Moon\n|-end|p2a: Roaring Moon|Protosynthesis|[silent]\n|move|p2b: Toxapex|Stockpile|p2b: Toxapex\n|-start|p2b: Toxapex|stockpile1\n|-boost|p2b: Toxapex|def|1\n|-boost|p2b: Toxapex|spd|1\n|\n|-damage|p1a: Empoleon|58\/100|[from] move: Infestation|[partiallytrapped]\n|-damage|p1b: Swalot|48\/100|[from] move: Infestation|[partiallytrapped]\n|upkeep\n|\n|t:|1700946266\n|switch|p2a: Ogerpon|Ogerpon-Cornerstone, L50, F|100\/100\n|turn|4\n|\n|t:|1700946284\n|move|p2a: Ogerpon|Spiky Shield|p2a: Ogerpon\n|-singleturn|p2a: Ogerpon|move: Protect\n|move|p1a: Empoleon|Flash Cannon|p2a: Ogerpon\n|-activate|p2a: Ogerpon|move: Protect\n|move|p1b: Swalot|Body Press|p2a: Ogerpon\n|-activate|p2a: Ogerpon|move: Protect\n|-damage|p1b: Swalot|36\/100|[from] Spiky Shield|[of] p2a: Ogerpon\n|move|p2b: Toxapex|Stockpile|p2b: Toxapex\n|-start|p2b: Toxapex|stockpile2\n|-boost|p2b: Toxapex|def|1\n|-boost|p2b: Toxapex|spd|1\n|\n|-damage|p1a: Empoleon|46\/100|[from] move: Infestation|[partiallytrapped]\n|-damage|p1b: Swalot|24\/100|[from] move: Infestation|[partiallytrapped]\n|upkeep\n|turn|5\n|\n|t:|1700946304\n|-terastallize|p2a: Ogerpon|Rock\n|detailschange|p2a: Ogerpon|Ogerpon-Cornerstone-Tera, L50, F, tera:Rock\n|-ability|p2a: Ogerpon|Embody Aspect (Cornerstone)|boost\n|-boost|p2a: Ogerpon|def|1\n|move|p2a: Ogerpon|Ivy Cudgel|p1b: Swalot|[anim] Ivy Cudgel Rock\n|-damage|p1b: Swalot|0 fnt\n|faint|p1b: Swalot\n|move|p1a: Empoleon|Roost|p1a: Empoleon\n|-heal|p1a: Empoleon|96\/100\n|-singleturn|p1a: Empoleon|move: Roost\n|move|p2b: Toxapex|Stockpile|p2b: Toxapex\n|-start|p2b: Toxapex|stockpile3\n|-boost|p2b: Toxapex|def|1\n|-boost|p2b: Toxapex|spd|1\n|\n|-end|p1a: Empoleon|Infestation|[partiallytrapped]\n|upkeep\n|\n|t:|1700946319\n|switch|p1b: Ursaluna|Ursaluna, L50, F|100\/100\n|turn|6\n|\n|t:|1700946342\n|move|p2b: Toxapex|Baneful Bunker|p2b: Toxapex\n|-singleturn|p2b: Toxapex|move: Protect\n|move|p2a: Ogerpon|Swords Dance|p2a: Ogerpon\n|-boost|p2a: Ogerpon|atk|2\n|move|p1a: Empoleon|Flash Cannon|p2a: Ogerpon\n|-supereffective|p2a: Ogerpon\n|-damage|p2a: Ogerpon|10\/100\n|-unboost|p2a: Ogerpon|spd|1\n|move|p1b: Ursaluna|High Horsepower|p2b: Toxapex\n|-activate|p2b: Toxapex|move: Protect\n|-status|p1b: Ursaluna|psn\n|\n|-damage|p1b: Ursaluna|88\/100 psn|[from] psn\n|upkeep\n|turn|7\n|\n|t:|1700946366\n|move|p2a: Ogerpon|Spiky Shield|p2a: Ogerpon\n|-singleturn|p2a: Ogerpon|move: Protect\n|move|p1a: Empoleon|Water Pledge|p2a: Ogerpon\n|-activate|p2a: Ogerpon|move: Protect\n|move|p1b: Ursaluna|High Horsepower|p2b: Toxapex\n|-supereffective|p2b: Toxapex\n|-damage|p2b: Toxapex|41\/100\n|move|p2b: Toxapex|Infestation|p1b: Ursaluna\n|-damage|p1b: Ursaluna|85\/100 psn\n|-activate|p1b: Ursaluna|move: Infestation|[of] p2b: Toxapex\n|\n|-damage|p1b: Ursaluna|73\/100 psn|[from] psn\n|-damage|p1b: Ursaluna|61\/100 psn|[from] move: Infestation|[partiallytrapped]\n|upkeep\n|turn|8\n|\n|t:|1700946387\n|move|p2a: Ogerpon|Horn Leech|p1b: Ursaluna\n|-supereffective|p1b: Ursaluna\n|-damage|p1b: Ursaluna|0 fnt\n|-heal|p2a: Ogerpon|51\/100|[from] drain|[of] p1b: Ursaluna\n|faint|p1b: Ursaluna\n|move|p1a: Empoleon|Flash Cannon|p2a: Ogerpon\n|-supereffective|p2a: Ogerpon\n|-damage|p2a: Ogerpon|0 fnt\n|faint|p2a: Ogerpon\n|move|p2b: Toxapex|Recover|p2b: Toxapex\n|-heal|p2b: Toxapex|91\/100\n|\n|upkeep\n|\n|t:|1700946397\n|switch|p2a: Heatran|Heatran, L50, F|100\/100\n|switch|p1b: Hawlucha|Hawlucha, L50, F|100\/100\n|turn|9\n|\n|t:|1700946414\n|-terastallize|p1b: Hawlucha|Rock\n|move|p2a: Heatran|Protect|p2a: Heatran\n|-singleturn|p2a: Heatran|Protect\n|move|p1b: Hawlucha|Hone Claws|p1b: Hawlucha\n|-boost|p1b: Hawlucha|atk|1\n|-boost|p1b: Hawlucha|accuracy|1\n|move|p1a: Empoleon|Water Pledge|p2a: Heatran\n|-activate|p2a: Heatran|move: Protect\n|move|p2b: Toxapex|Infestation|p1b: Hawlucha\n|-damage|p1b: Hawlucha|95\/100\n|-activate|p1b: Hawlucha|move: Infestation|[of] p2b: Toxapex\n|\n|-damage|p1b: Hawlucha|82\/100|[from] move: Infestation|[partiallytrapped]\n|upkeep\n|turn|10\n|\n|t:|1700946441\n|move|p1b: Hawlucha|Cross Chop|p2a: Heatran\n|-supereffective|p2a: Heatran\n|-crit|p2a: Heatran\n|-damage|p2a: Heatran|0 fnt\n|faint|p2a: Heatran\n|move|p1a: Empoleon|Water Pledge|p2b: Toxapex\n|-resisted|p2b: Toxapex\n|-damage|p2b: Toxapex|84\/100\n|move|p2b: Toxapex|Recover|p2b: Toxapex\n|-heal|p2b: Toxapex|100\/100\n|\n|-damage|p1b: Hawlucha|70\/100|[from] move: Infestation|[partiallytrapped]\n|upkeep\n|turn|11\n|\n|t:|1700946459\n|move|p2b: Toxapex|Baneful Bunker|p2b: Toxapex\n|-singleturn|p2b: Toxapex|move: Protect\n|move|p1b: Hawlucha|Hone Claws|p1b: Hawlucha\n|-boost|p1b: Hawlucha|atk|1\n|-boost|p1b: Hawlucha|accuracy|1\n|move|p1a: Empoleon|Flash Cannon|p2b: Toxapex\n|-activate|p2b: Toxapex|move: Protect\n|\n|-damage|p1b: Hawlucha|57\/100|[from] move: Infestation|[partiallytrapped]\n|upkeep\n|turn|12\n|\n|t:|1700946488\n|move|p1b: Hawlucha|Cross Chop|p2b: Toxapex\n|-resisted|p2b: Toxapex\n|-damage|p2b: Toxapex|89\/100\n|move|p1a: Empoleon|Flash Cannon|p2b: Toxapex\n|-resisted|p2b: Toxapex\n|-damage|p2b: Toxapex|81\/100\n|move|p2b: Toxapex|Infestation|p1b: Hawlucha\n|-damage|p1b: Hawlucha|52\/100\n|\n|-damage|p1b: Hawlucha|40\/100|[from] move: Infestation|[partiallytrapped]\n|upkeep\n|turn|13\n|\n|t:|1700946501\n|move|p2b: Toxapex|Baneful Bunker|p2b: Toxapex\n|-singleturn|p2b: Toxapex|move: Protect\n|move|p1b: Hawlucha|Hone Claws|p1b: Hawlucha\n|-boost|p1b: Hawlucha|atk|1\n|-boost|p1b: Hawlucha|accuracy|1\n|move|p1a: Empoleon|Ice Beam|p2b: Toxapex\n|-activate|p2b: Toxapex|move: Protect\n|\n|-damage|p1b: Hawlucha|27\/100|[from] move: Infestation|[partiallytrapped]\n|upkeep\n|turn|14\n|\n|t:|1700946515\n|move|p1b: Hawlucha|Stone Edge|p2b: Toxapex\n|-damage|p2b: Toxapex|52\/100\n|move|p1a: Empoleon|Ice Beam|p2b: Toxapex\n|-resisted|p2b: Toxapex\n|-damage|p2b: Toxapex|46\/100\n|move|p2b: Toxapex|Infestation|p1a: Empoleon\n|-resisted|p1a: Empoleon\n|-damage|p1a: Empoleon|94\/100\n|-activate|p1a: Empoleon|move: Infestation|[of] p2b: Toxapex\n|\n|-end|p1b: Hawlucha|Infestation|[partiallytrapped]\n|-damage|p1a: Empoleon|82\/100|[from] move: Infestation|[partiallytrapped]\n|upkeep\n|turn|15\n|\n|t:|1700946530\n|move|p1b: Hawlucha|Hone Claws|p1b: Hawlucha\n|-boost|p1b: Hawlucha|atk|1\n|-boost|p1b: Hawlucha|accuracy|1\n|move|p1a: Empoleon|Ice Beam|p2b: Toxapex\n|-resisted|p2b: Toxapex\n|-damage|p2b: Toxapex|41\/100\n|move|p2b: Toxapex|Recover|p2b: Toxapex\n|-heal|p2b: Toxapex|91\/100\n|\n|-damage|p1a: Empoleon|70\/100|[from] move: Infestation|[partiallytrapped]\n|upkeep\n|turn|16\n|\n|t:|1700946546\n|move|p2b: Toxapex|Baneful Bunker|p2b: Toxapex\n|-singleturn|p2b: Toxapex|move: Protect\n|move|p1b: Hawlucha|Hone Claws|p1b: Hawlucha\n|-boost|p1b: Hawlucha|atk|1\n|-boost|p1b: Hawlucha|accuracy|1\n|move|p1a: Empoleon|Ice Beam|p2b: Toxapex\n|-activate|p2b: Toxapex|move: Protect\n|\n|-damage|p1a: Empoleon|58\/100|[from] move: Infestation|[partiallytrapped]\n|upkeep\n|turn|17\n|\n|t:|1700946558\n|move|p1b: Hawlucha|Stone Edge|p2b: Toxapex\n|-damage|p2b: Toxapex|50\/100\n|move|p1a: Empoleon|Ice Beam|p2b: Toxapex\n|-resisted|p2b: Toxapex\n|-damage|p2b: Toxapex|44\/100\n|move|p2b: Toxapex|Infestation|p1b: Hawlucha\n|-damage|p1b: Hawlucha|22\/100\n|-activate|p1b: Hawlucha|move: Infestation|[of] p2b: Toxapex\n|-enditem|p1b: Hawlucha|Iapapa Berry|[eat]\n|-heal|p1b: Hawlucha|55\/100|[from] item: Iapapa Berry\n|\n|-damage|p1b: Hawlucha|43\/100|[from] move: Infestation|[partiallytrapped]\n|-damage|p1a: Empoleon|46\/100|[from] move: Infestation|[partiallytrapped]\n|upkeep\n|turn|18\n|\n|t:|1700946578\n|move|p1b: Hawlucha|Stone Edge|p2b: Toxapex\n|-damage|p2b: Toxapex|8\/100\n|move|p1a: Empoleon|Ice Beam|p2b: Toxapex\n|-resisted|p2b: Toxapex\n|-damage|p2b: Toxapex|2\/100\n|move|p2b: Toxapex|Recover|p2b: Toxapex\n|-heal|p2b: Toxapex|52\/100\n|\n|-damage|p1b: Hawlucha|31\/100|[from] move: Infestation|[partiallytrapped]\n|-end|p1a: Empoleon|Infestation|[partiallytrapped]\n|upkeep\n|turn|19\n|\n|t:|1700946593\n|move|p1b: Hawlucha|Hone Claws|p1b: Hawlucha\n|-boost|p1b: Hawlucha|atk|1\n|-boost|p1b: Hawlucha|accuracy|1\n|move|p1a: Empoleon|Ice Beam|p2b: Toxapex\n|-resisted|p2b: Toxapex\n|-damage|p2b: Toxapex|47\/100\n|move|p2b: Toxapex|Recover|p2b: Toxapex\n|-heal|p2b: Toxapex|97\/100\n|\n|-damage|p1b: Hawlucha|18\/100|[from] move: Infestation|[partiallytrapped]\n|upkeep\n|turn|20\n|\n|t:|1700946607\n|move|p1b: Hawlucha|Stone Edge|p2b: Toxapex\n|-damage|p2b: Toxapex|55\/100\n|move|p1a: Empoleon|Ice Beam|p2b: Toxapex\n|-resisted|p2b: Toxapex\n|-damage|p2b: Toxapex|50\/100\n|move|p2b: Toxapex|Recover|p2b: Toxapex\n|-heal|p2b: Toxapex|99\/100\n|\n|-damage|p1b: Hawlucha|6\/100|[from] move: Infestation|[partiallytrapped]\n|upkeep\n|turn|21\n|\n|t:|1700946620\n|move|p1b: Hawlucha|Stone Edge|p2b: Toxapex\n|-damage|p2b: Toxapex|58\/100\n|move|p1a: Empoleon|Ice Beam|p2b: Toxapex\n|-resisted|p2b: Toxapex\n|-damage|p2b: Toxapex|52\/100\n|move|p2b: Toxapex|Recover|p2b: Toxapex\n|-heal|p2b: Toxapex|100\/100\n|\n|-end|p1b: Hawlucha|Infestation|[partiallytrapped]\n|upkeep\n|turn|22\n|\n|t:|1700946633\n|move|p2b: Toxapex|Baneful Bunker|p2b: Toxapex\n|-singleturn|p2b: Toxapex|move: Protect\n|move|p1b: Hawlucha|Stone Edge|p2b: Toxapex\n|-activate|p2b: Toxapex|move: Protect\n|move|p1a: Empoleon|Ice Beam|p2b: Toxapex\n|-activate|p2b: Toxapex|move: Protect\n|\n|upkeep\n|turn|23\n|\n|t:|1700946651\n|move|p1b: Hawlucha|Stone Edge|p2b: Toxapex\n|-damage|p2b: Toxapex|56\/100\n|move|p1a: Empoleon|Ice Beam|p2b: Toxapex\n|-resisted|p2b: Toxapex\n|-damage|p2b: Toxapex|50\/100\n|move|p2b: Toxapex|Infestation|p1b: Hawlucha\n|-damage|p1b: Hawlucha|0 fnt\n|faint|p1b: Hawlucha\n|\n|upkeep\n|turn|24\n|\n|t:|1700946664\n|move|p1a: Empoleon|Ice Beam|p2b: Toxapex\n|-resisted|p2b: Toxapex\n|-damage|p2b: Toxapex|45\/100\n|-status|p2b: Toxapex|frz\n|cant|p2b: Toxapex|frz\n|\n|upkeep\n|turn|25\n|\n|t:|1700946674\n|move|p1a: Empoleon|Ice Beam|p2b: Toxapex\n|-resisted|p2b: Toxapex\n|-damage|p2b: Toxapex|40\/100 frz\n|cant|p2b: Toxapex|frz\n|\n|upkeep\n|turn|26\n|\n|t:|1700946681\n|move|p1a: Empoleon|Ice Beam|p2b: Toxapex\n|-resisted|p2b: Toxapex\n|-damage|p2b: Toxapex|34\/100 frz\n|-curestatus|p2b: Toxapex|frz|[msg]\n|move|p2b: Toxapex|Stockpile||[still]\n|-fail|p2b: Toxapex\n|\n|upkeep\n|turn|27\n|\n|t:|1700946694\n|move|p1a: Empoleon|Roost|p1a: Empoleon\n|-heal|p1a: Empoleon|96\/100\n|-singleturn|p1a: Empoleon|move: Roost\n|move|p2b: Toxapex|Infestation|p1a: Empoleon\n|-resisted|p1a: Empoleon\n|-damage|p1a: Empoleon|95\/100\n|-activate|p1a: Empoleon|move: Infestation|[of] p2b: Toxapex\n|\n|-damage|p1a: Empoleon|83\/100|[from] move: Infestation|[partiallytrapped]\n|upkeep\n|turn|28\n|\n|t:|1700946704\n|move|p1a: Empoleon|Flash Cannon|p2b: Toxapex\n|-resisted|p2b: Toxapex\n|-damage|p2b: Toxapex|28\/100\n|-unboost|p2b: Toxapex|spd|1\n|move|p2b: Toxapex|Stockpile||[still]\n|-fail|p2b: Toxapex\n|\n|-damage|p1a: Empoleon|71\/100|[from] move: Infestation|[partiallytrapped]\n|upkeep\n|turn|29\n|\n|t:|1700946717\n|move|p2b: Toxapex|Baneful Bunker|p2b: Toxapex\n|-singleturn|p2b: Toxapex|move: Protect\n|move|p1a: Empoleon|Flash Cannon|p2b: Toxapex\n|-activate|p2b: Toxapex|move: Protect\n|\n|-damage|p1a: Empoleon|59\/100|[from] move: Infestation|[partiallytrapped]\n|upkeep\n|turn|30\n|\n|t:|1700946726\n|move|p1a: Empoleon|Flash Cannon|p2b: Toxapex\n|-resisted|p2b: Toxapex\n|-damage|p2b: Toxapex|18\/100\n|move|p2b: Toxapex|Infestation|p1a: Empoleon\n|-resisted|p1a: Empoleon\n|-crit|p1a: Empoleon\n|-damage|p1a: Empoleon|57\/100\n|\n|-damage|p1a: Empoleon|44\/100|[from] move: Infestation|[partiallytrapped]\n|upkeep\n|turn|31\n|\n|t:|1700946734\n|move|p1a: Empoleon|Flash Cannon|p2b: Toxapex\n|-resisted|p2b: Toxapex\n|-damage|p2b: Toxapex|10\/100\n|move|p2b: Toxapex|Recover|p2b: Toxapex\n|-heal|p2b: Toxapex|60\/100\n|\n|-damage|p1a: Empoleon|32\/100|[from] move: Infestation|[partiallytrapped]\n|upkeep\n|turn|32\n|\n|t:|1700946742\n|move|p2b: Toxapex|Baneful Bunker|p2b: Toxapex\n|-singleturn|p2b: Toxapex|move: Protect\n|move|p1a: Empoleon|Flash Cannon|p2b: Toxapex\n|-activate|p2b: Toxapex|move: Protect\n|\n|-end|p1a: Empoleon|Infestation|[partiallytrapped]\n|upkeep\n|turn|33\n|\n|t:|1700946751\n|move|p1a: Empoleon|Flash Cannon|p2b: Toxapex\n|-resisted|p2b: Toxapex\n|-damage|p2b: Toxapex|52\/100\n|move|p2b: Toxapex|Infestation|p1a: Empoleon\n|-resisted|p1a: Empoleon\n|-damage|p1a: Empoleon|31\/100\n|-activate|p1a: Empoleon|move: Infestation|[of] p2b: Toxapex\n|\n|-damage|p1a: Empoleon|19\/100|[from] move: Infestation|[partiallytrapped]\n|upkeep\n|turn|34\n|\n|t:|1700946761\n|move|p1a: Empoleon|Roost|p1a: Empoleon\n|-heal|p1a: Empoleon|69\/100\n|-singleturn|p1a: Empoleon|move: Roost\n|move|p2b: Toxapex|Infestation|p1a: Empoleon\n|-resisted|p1a: Empoleon\n|-damage|p1a: Empoleon|68\/100\n|\n|-damage|p1a: Empoleon|55\/100|[from] move: Infestation|[partiallytrapped]\n|upkeep\n|turn|35\n|\n|t:|1700946770\n|move|p2b: Toxapex|Baneful Bunker|p2b: Toxapex\n|-singleturn|p2b: Toxapex|move: Protect\n|move|p1a: Empoleon|Flash Cannon|p2b: Toxapex\n|-activate|p2b: Toxapex|move: Protect\n|\n|-damage|p1a: Empoleon|43\/100|[from] move: Infestation|[partiallytrapped]\n|upkeep\n|turn|36\n|\n|t:|1700946780\n|move|p1a: Empoleon|Flash Cannon|p2b: Toxapex\n|-resisted|p2b: Toxapex\n|-damage|p2b: Toxapex|43\/100\n|move|p2b: Toxapex|Infestation|p1a: Empoleon\n|-resisted|p1a: Empoleon\n|-damage|p1a: Empoleon|42\/100\n|\n|-damage|p1a: Empoleon|30\/100|[from] move: Infestation|[partiallytrapped]\n|upkeep\n|turn|37\n|\n|t:|1700946788\n|move|p2b: Toxapex|Baneful Bunker|p2b: Toxapex\n|-singleturn|p2b: Toxapex|move: Protect\n|move|p1a: Empoleon|Flash Cannon|p2b: Toxapex\n|-activate|p2b: Toxapex|move: Protect\n|\n|-damage|p1a: Empoleon|18\/100|[from] move: Infestation|[partiallytrapped]\n|upkeep\n|turn|38\n|\n|t:|1700946795\n|move|p1a: Empoleon|Roost|p1a: Empoleon\n|-heal|p1a: Empoleon|68\/100\n|-singleturn|p1a: Empoleon|move: Roost\n|move|p2b: Toxapex|Infestation|p1a: Empoleon\n|-resisted|p1a: Empoleon\n|-damage|p1a: Empoleon|66\/100\n|\n|-end|p1a: Empoleon|Infestation|[partiallytrapped]\n|upkeep\n|turn|39\n|\n|t:|1700946805\n|move|p2b: Toxapex|Baneful Bunker|p2b: Toxapex\n|-singleturn|p2b: Toxapex|move: Protect\n|move|p1a: Empoleon|Flash Cannon|p2b: Toxapex\n|-activate|p2b: Toxapex|move: Protect\n|\n|upkeep\n|turn|40\n|\n|t:|1700946812\n|move|p1a: Empoleon|Flash Cannon|p2b: Toxapex\n|-resisted|p2b: Toxapex\n|-crit|p2b: Toxapex\n|-damage|p2b: Toxapex|18\/100\n|move|p2b: Toxapex|Infestation|p1a: Empoleon\n|-resisted|p1a: Empoleon\n|-damage|p1a: Empoleon|65\/100\n|-activate|p1a: Empoleon|move: Infestation|[of] p2b: Toxapex\n|\n|-damage|p1a: Empoleon|53\/100|[from] move: Infestation|[partiallytrapped]\n|upkeep\n|turn|41\n|\n|t:|1700946822\n|move|p2b: Toxapex|Baneful Bunker|p2b: Toxapex\n|-singleturn|p2b: Toxapex|move: Protect\n|move|p1a: Empoleon|Water Pledge|p2b: Toxapex\n|-activate|p2b: Toxapex|move: Protect\n|\n|-damage|p1a: Empoleon|41\/100|[from] move: Infestation|[partiallytrapped]\n|upkeep\n|turn|42\n|\n|t:|1700946833\n|move|p2b: Toxapex|Baneful Bunker|p2b: Toxapex\n|-singleturn|p2b: Toxapex|move: Protect\n|move|p1a: Empoleon|Water Pledge|p2b: Toxapex\n|-activate|p2b: Toxapex|move: Protect\n|\n|-damage|p1a: Empoleon|29\/100|[from] move: Infestation|[partiallytrapped]\n|upkeep\n|turn|43\n|\n|t:|1700946844\n|move|p1a: Empoleon|Roost|p1a: Empoleon\n|-heal|p1a: Empoleon|80\/100\n|-singleturn|p1a: Empoleon|move: Roost\n|move|p2b: Toxapex|Infestation|p1a: Empoleon\n|-resisted|p1a: Empoleon\n|-damage|p1a: Empoleon|78\/100\n|\n|-damage|p1a: Empoleon|66\/100|[from] move: Infestation|[partiallytrapped]\n|upkeep\n|turn|44\n|\n|t:|1700946853\n|move|p2b: Toxapex|Baneful Bunker|p2b: Toxapex\n|-singleturn|p2b: Toxapex|move: Protect\n|move|p1a: Empoleon|Water Pledge|p2b: Toxapex\n|-activate|p2b: Toxapex|move: Protect\n|\n|-damage|p1a: Empoleon|54\/100|[from] move: Infestation|[partiallytrapped]\n|upkeep\n|turn|45\n|\n|t:|1700946874\n|move|p1a: Empoleon|Water Pledge|p2b: Toxapex\n|-resisted|p2b: Toxapex\n|-damage|p2b: Toxapex|9\/100\n|move|p2b: Toxapex|Stockpile||[still]\n|-fail|p2b: Toxapex\n|\n|-end|p1a: Empoleon|Infestation|[partiallytrapped]\n|upkeep\n|turn|46\n|\n|t:|1700946882\n|move|p2b: Toxapex|Baneful Bunker|p2b: Toxapex\n|-singleturn|p2b: Toxapex|move: Protect\n|move|p1a: Empoleon|Water Pledge|p2b: Toxapex\n|-activate|p2b: Toxapex|move: Protect\n|\n|upkeep\n|turn|47\n|\n|t:|1700946890\n|move|p1a: Empoleon|Water Pledge|p2b: Toxapex\n|-resisted|p2b: Toxapex\n|-damage|p2b: Toxapex|2\/100\n|move|p2b: Toxapex|Infestation|p1a: Empoleon\n|-resisted|p1a: Empoleon\n|-damage|p1a: Empoleon|52\/100\n|-activate|p1a: Empoleon|move: Infestation|[of] p2b: Toxapex\n|\n|-damage|p1a: Empoleon|40\/100|[from] move: Infestation|[partiallytrapped]\n|upkeep\n|turn|48\n|\n|t:|1700946900\n|move|p2b: Toxapex|Baneful Bunker|p2b: Toxapex\n|-singleturn|p2b: Toxapex|move: Protect\n|move|p1a: Empoleon|Roost|p1a: Empoleon\n|-heal|p1a: Empoleon|91\/100\n|-singleturn|p1a: Empoleon|move: Roost\n|\n|-damage|p1a: Empoleon|79\/100|[from] move: Infestation|[partiallytrapped]\n|upkeep\n|turn|49\n|\n|t:|1700946907\n|move|p2b: Toxapex|Baneful Bunker||[still]\n|-fail|p2b: Toxapex\n|move|p1a: Empoleon|Water Pledge|p2b: Toxapex\n|-resisted|p2b: Toxapex\n|-damage|p2b: Toxapex|0 fnt\n|faint|p2b: Toxapex\n|\n|win|BlodiaMan\n|raw|BlodiaMan's rating: 1045 &rarr; <strong>1082<\/strong><br \/>(+37 for winning)\n|raw|levisupafly's rating: 1088 &rarr; <strong>1062<\/strong><br \/>(-26 for losing)\n|l|\u2606levisupafly\n|c|\u2606BlodiaMan|gg\n","uploadtime":1700946917,"views":9,"p1id":"blodiaman","p2id":"levisupafly","formatid":"gen9vgc2023regulatione","rating":1062,"private":0,"password":""}