{"id":"gen9vgc2023regulatione-1995188309","p1":"benjc","p2":"JayMcG1010","format":"[Gen 9] VGC 2023 Regulation E","log":"|j|\u2606benjc\n|j|\u2606JayMcG1010\n|n|\u2606benjc|benjc\n|n|\u2606JayMcG1010|jaymcg1010\n|html|View the match progress at <a href=\"\/game-bestof3-gen9vgc2023regulatione-1995184228\">game-bestof3-gen9vgc2023regulatione-1995184228<\/a>\n|t:|1700532489\n|gametype|doubles\n|player|p1|benjc|preschooler|\n|player|p2|JayMcG1010|265|\n|teamsize|p1|6\n|teamsize|p2|6\n|gen|9\n|tier|[Gen 9] VGC 2023 Regulation E\n|rule|Species Clause: Limit one of each Pok\u00e9mon\n|rule|Item Clause: Limit one of each item\n|clearpoke\n|poke|p1|Ting-Lu, L50|\n|poke|p1|Poltchageist, L50|\n|poke|p1|Eelektross, L50, M|\n|poke|p1|Salazzle, L50, F|\n|poke|p1|Scizor, L50, F|\n|poke|p1|Gyarados, L50, M|\n|poke|p2|Crocalor, L50, F|\n|poke|p2|Kommo-o, L50, M|\n|poke|p2|Gholdengo, L50|\n|poke|p2|Ogerpon-Cornerstone, L50, F|\n|poke|p2|Grimmsnarl, L50, M|\n|poke|p2|Wyrdeer, L50, F|\n|teampreview|4\n|inactive|Battle timer is ON: inactive players will automatically lose when time's up. (requested by benjc)\n|inactiveoff|Battle timer is now OFF.\nJayMcG1010 rejected open team sheets.\n|c|\u2606JayMcG1010|glhf!\n|c|\u2606benjc|gl hf x2\n|\n|t:|1700532575\n|start\n|switch|p1a: Poltchageist|Poltchageist, L50|100\/100\n|switch|p1b: Gyarados|Gyarados, L50, M|100\/100\n|switch|p2a: AxolotolBird|Kommo-o, L50, M|100\/100\n|switch|p2b: PsychicFrog|Crocalor, L50, F, shiny|100\/100\n|-ability|p1b: Gyarados|Intimidate|boost\n|-unboost|p2a: AxolotolBird|atk|1\n|-unboost|p2b: PsychicFrog|atk|1\n|turn|1\n|\n|t:|1700532602\n|switch|p2b: AWeirdDeer|Wyrdeer, L50, F, shiny|100\/100\n|-ability|p2b: AWeirdDeer|Intimidate|boost\n|-unboost|p1a: Poltchageist|atk|1\n|-unboost|p1b: Gyarados|atk|1\n|move|p1b: Gyarados|Taunt|p2b: AWeirdDeer\n|-start|p2b: AWeirdDeer|move: Taunt\n|move|p2a: AxolotolBird|Iron Defense|p2a: AxolotolBird\n|-boost|p2a: AxolotolBird|def|2\n|move|p1a: Poltchageist|Trick Room|p1a: Poltchageist\n|-fieldstart|move: Trick Room|[of] p1a: Poltchageist\n|\n|upkeep\n|turn|2\n|\n|t:|1700532628\n|switch|p1b: Scizor|Scizor, L50, F|100\/100\n|move|p1a: Poltchageist|Night Shade|p2a: AxolotolBird\n|-damage|p2a: AxolotolBird|73\/100\n|move|p2b: AWeirdDeer|Psyshield Bash|p1b: Scizor\n|-resisted|p1b: Scizor\n|-damage|p1b: Scizor|85\/100\n|-boost|p2b: AWeirdDeer|def|1\n|move|p2a: AxolotolBird|Body Press|p1b: Scizor\n|-damage|p1b: Scizor|3\/100\n|\n|-heal|p2a: AxolotolBird|79\/100|[from] item: Leftovers\n|upkeep\n|turn|3\n|\n|t:|1700532651\n|switch|p2b: PsychicFrog|Crocalor, L50, F, shiny|100\/100\n|-terastallize|p1b: Scizor|Flying\n|move|p1a: Poltchageist|Rage Powder|p1a: Poltchageist\n|-singleturn|p1a: Poltchageist|move: Rage Powder\n|move|p1b: Scizor|Dual Wingbeat|p2a: AxolotolBird|[miss]\n|-miss|p1b: Scizor|p2a: AxolotolBird\n|move|p2a: AxolotolBird|Body Press|p1a: Poltchageist\n|-immune|p1a: Poltchageist\n|\n|-heal|p2a: AxolotolBird|85\/100|[from] item: Leftovers\n|upkeep\n|turn|4\n|c|\u2606benjc|BRUH\n|c|\u2606JayMcG1010|thank you rng lol\n|c|\u2606benjc|used up all my rn hitting useless fissures lmao\n|\n|t:|1700532696\n|move|p2a: AxolotolBird|Protect|p2a: AxolotolBird\n|-singleturn|p2a: AxolotolBird|Protect\n|move|p1a: Poltchageist|Night Shade|p2b: PsychicFrog\n|-damage|p2b: PsychicFrog|72\/100\n|move|p1b: Scizor|Dual Wingbeat|p2b: PsychicFrog\n|-damage|p2b: PsychicFrog|32\/100\n|-damage|p2b: PsychicFrog|0 fnt\n|faint|p2b: PsychicFrog\n|-hitcount|p2: PsychicFrog|2\n|\n|-heal|p2a: AxolotolBird|91\/100|[from] item: Leftovers\n|upkeep\n|\n|t:|1700532707\n|switch|p2b: AWeirdDeer|Wyrdeer, L50, F, shiny|100\/100\n|-ability|p2b: AWeirdDeer|Intimidate|boost\n|-unboost|p1a: Poltchageist|atk|1\n|-unboost|p1b: Scizor|atk|1\n|turn|5\n|\n|t:|1700532746\n|move|p1a: Poltchageist|Rage Powder|p1a: Poltchageist\n|-singleturn|p1a: Poltchageist|move: Rage Powder\n|move|p1b: Scizor|Dual Wingbeat|p2a: AxolotolBird\n|-supereffective|p2a: AxolotolBird\n|-damage|p2a: AxolotolBird|67\/100\n|-supereffective|p2a: AxolotolBird\n|-damage|p2a: AxolotolBird|44\/100\n|-hitcount|p2a: AxolotolBird|2\n|move|p2b: AWeirdDeer|Psyshield Bash|p1a: Poltchageist\n|-damage|p1a: Poltchageist|59\/100\n|-boost|p2b: AWeirdDeer|def|1\n|move|p2a: AxolotolBird|Iron Defense|p2a: AxolotolBird\n|-boost|p2a: AxolotolBird|def|2\n|\n|-heal|p2a: AxolotolBird|50\/100|[from] item: Leftovers\n|-fieldend|move: Trick Room\n|upkeep\n|turn|6\n|\n|t:|1700532789\n|switch|p1b: Gyarados|Gyarados, L50, M|100\/100\n|-ability|p1b: Gyarados|Intimidate|boost\n|-unboost|p2a: AxolotolBird|atk|1\n|-unboost|p2b: AWeirdDeer|atk|1\n|-terastallize|p2a: AxolotolBird|Ghost\n|move|p1a: Poltchageist|Protect|p1a: Poltchageist\n|-singleturn|p1a: Poltchageist|Protect\n|move|p2a: AxolotolBird|Draco Meteor|p1a: Poltchageist\n|-activate|p1a: Poltchageist|move: Protect\n|move|p2b: AWeirdDeer|Psyshield Bash|p1b: Gyarados\n|-damage|p1b: Gyarados|77\/100\n|-boost|p2b: AWeirdDeer|def|1\n|\n|-heal|p2a: AxolotolBird|56\/100|[from] item: Leftovers\n|upkeep\n|turn|7\n|\n|t:|1700532834\n|switch|p1a: Ting-Lu|Ting-Lu, L50|100\/100\n|-ability|p1a: Ting-Lu|Vessel of Ruin\n|move|p2a: AxolotolBird|Protect|p2a: AxolotolBird\n|-singleturn|p2a: AxolotolBird|Protect\n|move|p1b: Gyarados|Taunt|p2a: AxolotolBird\n|-activate|p2a: AxolotolBird|move: Protect\n|move|p2b: AWeirdDeer|Psyshield Bash|p1a: Ting-Lu\n|-immune|p1a: Ting-Lu\n|\n|-heal|p2a: AxolotolBird|62\/100|[from] item: Leftovers\n|upkeep\n|turn|8\n|\n|t:|1700532861\n|switch|p1a: Poltchageist|Poltchageist, L50|59\/100\n|-heal|p1b: Gyarados|100\/100|[from] ability: Hospitality|[of] p1a: Poltchageist\n|move|p1b: Gyarados|Taunt|p2a: AxolotolBird\n|-start|p2a: AxolotolBird|move: Taunt\n|move|p2a: AxolotolBird|Body Press|p1a: Poltchageist\n|-immune|p1a: Poltchageist\n|move|p2b: AWeirdDeer|Facade|p1a: Poltchageist\n|-immune|p1a: Poltchageist\n|\n|-heal|p2a: AxolotolBird|68\/100|[from] item: Leftovers\n|upkeep\n|turn|9\n|\n|t:|1700532881\n|move|p1b: Gyarados|Crunch|p2a: AxolotolBird\n|-supereffective|p2a: AxolotolBird\n|-damage|p2a: AxolotolBird|54\/100\n|move|p2a: AxolotolBird|Body Press|p1b: Gyarados\n|-resisted|p1b: Gyarados\n|-damage|p1b: Gyarados|31\/100\n|-enditem|p1b: Gyarados|Sitrus Berry|[eat]\n|-heal|p1b: Gyarados|56\/100|[from] item: Sitrus Berry\n|move|p2b: AWeirdDeer|Psyshield Bash|p1b: Gyarados\n|-damage|p1b: Gyarados|33\/100\n|-boost|p2b: AWeirdDeer|def|1\n|move|p1a: Poltchageist|Night Shade|p2a: AxolotolBird\n|-damage|p2a: AxolotolBird|26\/100\n|\n|-heal|p2a: AxolotolBird|32\/100|[from] item: Leftovers\n|upkeep\n|turn|10\n|\n|t:|1700532919\n|move|p1b: Gyarados|Crunch|p2a: AxolotolBird\n|-supereffective|p2a: AxolotolBird\n|-damage|p2a: AxolotolBird|18\/100\n|move|p2a: AxolotolBird|Draco Meteor|p1a: Poltchageist\n|-damage|p1a: Poltchageist|18\/100\n|-unboost|p2a: AxolotolBird|spa|2\n|move|p2b: AWeirdDeer|Psyshield Bash|p1a: Poltchageist\n|-damage|p1a: Poltchageist|0 fnt\n|-boost|p2b: AWeirdDeer|def|1\n|faint|p1a: Poltchageist\n|\n|-heal|p2a: AxolotolBird|24\/100|[from] item: Leftovers\n|-end|p2a: AxolotolBird|move: Taunt\n|upkeep\n|\n|t:|1700532977\n|switch|p1a: Ting-Lu|Ting-Lu, L50|100\/100\n|-ability|p1a: Ting-Lu|Vessel of Ruin\n|turn|11\n|\n|t:|1700532994\n|move|p1a: Ting-Lu|Protect|p1a: Ting-Lu\n|-singleturn|p1a: Ting-Lu|Protect\n|move|p1b: Gyarados|Crunch|p2a: AxolotolBird\n|-supereffective|p2a: AxolotolBird\n|-damage|p2a: AxolotolBird|10\/100\n|-unboost|p2a: AxolotolBird|def|1\n|move|p2a: AxolotolBird|Body Press|p1b: Gyarados\n|-resisted|p1b: Gyarados\n|-damage|p1b: Gyarados|0 fnt\n|faint|p1b: Gyarados\n|move|p2b: AWeirdDeer|Facade|p1a: Ting-Lu\n|-activate|p1a: Ting-Lu|move: Protect\n|\n|-heal|p2a: AxolotolBird|16\/100|[from] item: Leftovers\n|upkeep\n|\n|t:|1700533007\n|switch|p1b: Scizor|Scizor, L50, F, tera:Flying|3\/100\n|turn|12\n|\n|t:|1700533016\n|move|p1b: Scizor|Bullet Punch|p2a: AxolotolBird\n|-damage|p2a: AxolotolBird|2\/100\n|move|p2a: AxolotolBird|Body Press|p1a: Ting-Lu\n|-supereffective|p1a: Ting-Lu\n|-damage|p1a: Ting-Lu|13\/100\n|move|p2b: AWeirdDeer|Facade|p1b: Scizor\n|-damage|p1b: Scizor|0 fnt\n|faint|p1b: Scizor\n|move|p1a: Ting-Lu|Fissure|p2b: AWeirdDeer|[miss]\n|-miss|p1a: Ting-Lu|p2b: AWeirdDeer\n|\n|-heal|p2a: AxolotolBird|8\/100|[from] item: Leftovers\n|-heal|p1a: Ting-Lu|19\/100|[from] item: Leftovers\n|upkeep\n|turn|13\n|c|\u2606benjc|ggs\n|c|\u2606JayMcG1010|ggs!\n|c|\u2606benjc|wow i rly needed eel leaving in on the bench was so stupid\n|\n|t:|1700533052\n|move|p2a: AxolotolBird|Body Press|p1a: Ting-Lu\n|-supereffective|p1a: Ting-Lu\n|-damage|p1a: Ting-Lu|0 fnt\n|faint|p1a: Ting-Lu\n|\n|win|JayMcG1010\n|c|\u2606JayMcG1010|eel def wouldve been very strong\n|c|\u2606JayMcG1010|really well played\n","uploadtime":1700533127,"views":28,"p1id":"benjc","p2id":"jaymcg1010","formatid":"gen9vgc2023regulatione","rating":0,"private":0,"password":""}