{"id":"gen9vgc2023regulatione-1998510529","p1":"CaipisaurusRex","p2":"hjgklm3k","format":"[Gen 9] VGC 2023 Regulation E","log":"|j|\u2606CaipisaurusRex\n|j|\u2606hjgklm3k\n|t:|1700950540\n|gametype|doubles\n|player|p1|CaipisaurusRex|170|1443\n|player|p2|hjgklm3k|101|1452\n|teamsize|p1|6\n|teamsize|p2|6\n|gen|9\n|tier|[Gen 9] VGC 2023 Regulation E\n|rated|\n|rule|Species Clause: Limit one of each Pok\u00e9mon\n|rule|Item Clause: Limit one of each item\n|clearpoke\n|poke|p1|Regidrago, L50|\n|poke|p1|Tornadus, L50, M|\n|poke|p1|Urshifu-*, L50, M|\n|poke|p1|Rillaboom, L50, F|\n|poke|p1|Sinistcha, L50|\n|poke|p1|Kingambit, L50, F|\n|poke|p2|Ninetales-Alola, L50, M|\n|poke|p2|Baxcalibur, L50, M|\n|poke|p2|Ogerpon-Hearthflame, L50, F|\n|poke|p2|Clefairy, L50, F|\n|poke|p2|Flutter Mane, L50|\n|poke|p2|Roaring Moon, L50|\n|teampreview|4\n|\n|t:|1700950581\n|start\n|switch|p1a: Regidrago|Regidrago, L50|100\/100\n|switch|p1b: Tornadus|Tornadus, L50, M|100\/100\n|switch|p2a: Ninetales|Ninetales-Alola, L50, M|100\/100\n|switch|p2b: Baxcalibur|Baxcalibur, L50, M|100\/100\n|-weather|Snow|[from] ability: Snow Warning|[of] p2a: Ninetales\n|turn|1\n|\n|t:|1700950597\n|switch|p2b: Flutter Mane|Flutter Mane, L50|100\/100\n|-terastallize|p1a: Regidrago|Steel\n|move|p1b: Tornadus|Taunt|p2a: Ninetales\n|-start|p2a: Ninetales|move: Taunt\n|cant|p2a: Ninetales|move: Taunt|Aurora Veil\n|move|p1a: Regidrago|Tera Blast|p2a: Ninetales|[anim] Tera Blast Steel\n|-supereffective|p2a: Ninetales\n|-damage|p2a: Ninetales|0 fnt\n|faint|p2a: Ninetales\n|\n|-weather|Snow|[upkeep]\n|upkeep\n|\n|t:|1700950607\n|switch|p2a: Ogerpon|Ogerpon-Hearthflame, L50, F|100\/100\n|-ability|p2a: Ogerpon|Mold Breaker\n|turn|2\n|\n|t:|1700950619\n|move|p1b: Tornadus|Tailwind|p1b: Tornadus\n|-sidestart|p1: CaipisaurusRex|move: Tailwind\n|move|p1a: Regidrago|Earth Power|p2a: Ogerpon\n|-damage|p2a: Ogerpon|70\/100\n|move|p2b: Flutter Mane|Moonblast|p1b: Tornadus\n|-damage|p1b: Tornadus|6\/100\n|move|p2a: Ogerpon|Ivy Cudgel|p1a: Regidrago|[anim] Ivy Cudgel Fire\n|-supereffective|p1a: Regidrago\n|-crit|p1a: Regidrago\n|-damage|p1a: Regidrago|0 fnt\n|faint|p1a: Regidrago\n|\n|-weather|Snow|[upkeep]\n|upkeep\n|\n|t:|1700950630\n|switch|p1a: Urshifu|Urshifu-Rapid-Strike, L50, M|100\/100\n|turn|3\n|\n|t:|1700950642\n|-end|p2b: Flutter Mane|Protosynthesis|[silent]\n|switch|p2b: Baxcalibur|Baxcalibur, L50, M|100\/100\n|move|p1a: Urshifu|Surging Strikes|p2b: Baxcalibur\n|-resisted|p2b: Baxcalibur\n|-crit|p2b: Baxcalibur\n|-damage|p2b: Baxcalibur|93\/100\n|-resisted|p2b: Baxcalibur\n|-crit|p2b: Baxcalibur\n|-damage|p2b: Baxcalibur|86\/100\n|-resisted|p2b: Baxcalibur\n|-crit|p2b: Baxcalibur\n|-damage|p2b: Baxcalibur|79\/100\n|-hitcount|p2b: Baxcalibur|3\n|move|p1b: Tornadus|Bleakwind Storm|p2a: Ogerpon|[spread] p2b\n|-miss|p1b: Tornadus|p2a: Ogerpon\n|-damage|p2b: Baxcalibur|50\/100\n|move|p2a: Ogerpon|Horn Leech|p1a: Urshifu\n|-supereffective|p1a: Urshifu\n|-damage|p1a: Urshifu|0 fnt\n|-heal|p2a: Ogerpon|100\/100|[from] drain|[of] p1a: Urshifu\n|faint|p1a: Urshifu\n|\n|-weather|Snow|[upkeep]\n|-heal|p2b: Baxcalibur|56\/100|[from] ability: Ice Body\n|upkeep\n|\n|t:|1700950647\n|switch|p1a: Kingambit|Kingambit, L50, F|100\/100\n|turn|4\n|\n|t:|1700950666\n|move|p2b: Baxcalibur|Ice Shard|p1b: Tornadus\n|-supereffective|p1b: Tornadus\n|-damage|p1b: Tornadus|0 fnt\n|faint|p1b: Tornadus\n|move|p2a: Ogerpon|Ivy Cudgel|p1a: Kingambit|[anim] Ivy Cudgel Fire\n|-supereffective|p1a: Kingambit\n|-damage|p1a: Kingambit|8\/100\n|move|p1a: Kingambit|Kowtow Cleave|p2a: Ogerpon\n|-damage|p2a: Ogerpon|26\/100\n|\n|-weather|Snow|[upkeep]\n|-heal|p2b: Baxcalibur|63\/100|[from] ability: Ice Body\n|upkeep\n|turn|5\n|-message|CaipisaurusRex forfeited.\n|\n|win|hjgklm3k\n|raw|CaipisaurusRex's rating: 1443 &rarr; <strong>1424<\/strong><br \/>(-19 for losing)\n|raw|hjgklm3k's rating: 1452 &rarr; <strong>1471<\/strong><br \/>(+19 for winning)\n|l|\u2606CaipisaurusRex\n","uploadtime":1700950682,"views":1,"p1id":"caipisaurusrex","p2id":"hjgklm3k","formatid":"gen9vgc2023regulatione","rating":1424,"private":0,"password":""}