{"id":"gen9vgc2023regulatione-1989653196","p1":"swilson14","p2":"Ayresbrun","format":"[Gen 9] VGC 2023 Regulation E","log":"|j|\u2606swilson14\n|j|\u2606Ayresbrun\n|t:|1699883516\n|gametype|doubles\n|player|p1|swilson14|266|1288\n|player|p2|Ayresbrun|266|1347\n|teamsize|p1|6\n|teamsize|p2|6\n|gen|9\n|tier|[Gen 9] VGC 2023 Regulation E\n|rated|\n|rule|Species Clause: Limit one of each Pok\u00e9mon\n|rule|Item Clause: Limit one of each item\n|clearpoke\n|poke|p1|Kommo-o, L50, M|\n|poke|p1|Tyranitar, L50, F|\n|poke|p1|Rillaboom, L50, M|\n|poke|p1|Flutter Mane, L50|\n|poke|p1|Arcanine-Hisui, L50, M|\n|poke|p1|Iron Bundle, L50|\n|poke|p2|Flutter Mane, L50|\n|poke|p2|Tornadus, L50, M|\n|poke|p2|Heatran, L50, M|\n|poke|p2|Rillaboom, L50, M|\n|poke|p2|Arcanine, L50, F|\n|poke|p2|Hydreigon, L50, M|\n|teampreview|4\nAyresbrun has agreed to open team sheets.\n|inactive|Battle timer is ON: inactive players will automatically lose when time's up. (requested by Ayresbrun)\n|\n|t:|1699883586\n|start\n|switch|p1a: Kommo-o|Kommo-o, L50, M|100\/100\n|switch|p1b: Tyranitar|Tyranitar, L50, F|100\/100\n|switch|p2a: Tornadus|Tornadus, L50, M|100\/100\n|switch|p2b: Rillaboom|Rillaboom, L50, M|100\/100\n|-weather|Sandstorm|[from] ability: Sand Stream|[of] p1b: Tyranitar\n|-fieldstart|move: Grassy Terrain|[from] ability: Grassy Surge|[of] p2b: Rillaboom\n|turn|1\n|\n|t:|1699883610\n|move|p2b: Rillaboom|Fake Out|p1a: Kommo-o\n|-damage|p1a: Kommo-o|91\/100\n|move|p2a: Tornadus|Sunny Day|p2a: Tornadus\n|-weather|SunnyDay\n|move|p1b: Tyranitar|Knock Off|p2b: Rillaboom\n|-damage|p2b: Rillaboom|47\/100\n|-enditem|p2b: Rillaboom|Assault Vest|[from] move: Knock Off|[of] p1b: Tyranitar\n|cant|p1a: Kommo-o|flinch\n|\n|-weather|SunnyDay|[upkeep]\n|-heal|p2b: Rillaboom|53\/100|[from] Grassy Terrain\n|-heal|p1a: Kommo-o|97\/100|[from] Grassy Terrain\n|-heal|p1a: Kommo-o|100\/100|[from] item: Leftovers\n|upkeep\n|turn|2\n|inactive|swilson14 has 30 seconds left.\n|inactive|Ayresbrun has 30 seconds left.\n|\n|t:|1699883639\n|move|p2a: Tornadus|Tailwind|p2a: Tornadus\n|-sidestart|p2: Ayresbrun|move: Tailwind\n|move|p2b: Rillaboom|Grassy Glide|p1b: Tyranitar\n|-supereffective|p1b: Tyranitar\n|-damage|p1b: Tyranitar|22\/100\n|move|p1b: Tyranitar|Rock Slide|p2a: Tornadus|[spread] p2a,p2b\n|-supereffective|p2a: Tornadus\n|-damage|p2a: Tornadus|38\/100\n|-damage|p2b: Rillaboom|19\/100\n|move|p1a: Kommo-o|Iron Defense|p1a: Kommo-o\n|-boost|p1a: Kommo-o|def|2\n|\n|-weather|SunnyDay|[upkeep]\n|-heal|p2b: Rillaboom|25\/100|[from] Grassy Terrain\n|-heal|p1b: Tyranitar|28\/100|[from] Grassy Terrain\n|upkeep\n|turn|3\n|inactive|swilson14 has 30 seconds left.\n|inactive|Ayresbrun has 30 seconds left.\n|inactive|swilson14 has 20 seconds left.\n|inactive|swilson14 has 15 seconds left.\n|inactive|swilson14 has 10 seconds left.\n|inactive|swilson14 has 5 seconds left.\n|\n|t:|1699883690\n|move|p2b: Rillaboom|Grassy Glide|p1b: Tyranitar\n|-supereffective|p1b: Tyranitar\n|-damage|p1b: Tyranitar|0 fnt\n|faint|p1b: Tyranitar\n|move|p2a: Tornadus|Bleakwind Storm|p1a: Kommo-o\n|-supereffective|p1a: Kommo-o\n|-damage|p1a: Kommo-o|24\/100\n|move|p1a: Kommo-o|Iron Head|p2a: Tornadus\n|-damage|p2a: Tornadus|18\/100\n|\n|-weather|SunnyDay|[upkeep]\n|-heal|p2b: Rillaboom|31\/100|[from] Grassy Terrain\n|-heal|p1a: Kommo-o|30\/100|[from] Grassy Terrain\n|-heal|p1a: Kommo-o|36\/100|[from] item: Leftovers\n|upkeep\n|\n|t:|1699883705\n|switch|p1b: Iron Bundle|Iron Bundle, L50|100\/100\n|-enditem|p1b: Iron Bundle|Booster Energy\n|-activate|p1b: Iron Bundle|ability: Quark Drive|[fromitem]\n|-start|p1b: Iron Bundle|quarkdrivespe\n|turn|4\n|\n|t:|1699883716\n|switch|p2b: Arcanine|Arcanine, L50, F|100\/100\n|-ability|p2b: Arcanine|Intimidate|boost\n|-unboost|p1a: Kommo-o|atk|1\n|-unboost|p1b: Iron Bundle|atk|1\n|move|p1a: Kommo-o|Protect|p1a: Kommo-o\n|-singleturn|p1a: Kommo-o|Protect\n|move|p1b: Iron Bundle|Icy Wind|p2b: Arcanine|[spread] p2a,p2b\n|-supereffective|p2a: Tornadus\n|-resisted|p2b: Arcanine\n|-damage|p2a: Tornadus|0 fnt\n|-damage|p2b: Arcanine|89\/100\n|-unboost|p2b: Arcanine|spe|1\n|faint|p2a: Tornadus\n|\n|-weather|SunnyDay|[upkeep]\n|-heal|p2b: Arcanine|95\/100|[from] Grassy Terrain\n|-heal|p1a: Kommo-o|42\/100|[from] Grassy Terrain\n|-heal|p1a: Kommo-o|48\/100|[from] item: Leftovers\n|upkeep\n|\n|t:|1699883734\n|switch|p2a: Flutter Mane|Flutter Mane, L50|100\/100\n|-activate|p2a: Flutter Mane|ability: Protosynthesis\n|-start|p2a: Flutter Mane|protosynthesisspa\n|turn|5\n|\n|t:|1699883757\n|switch|p2b: Rillaboom|Rillaboom, L50, M|31\/100\n|-terastallize|p1a: Kommo-o|Steel\n|move|p2a: Flutter Mane|Dazzling Gleam|p1a: Kommo-o|[spread] p1a,p1b\n|-resisted|p1a: Kommo-o\n|-damage|p1a: Kommo-o|22\/100\n|-damage|p1b: Iron Bundle|0 fnt\n|faint|p1b: Iron Bundle\n|-end|p1b: Iron Bundle|Quark Drive|[silent]\n|move|p1a: Kommo-o|Iron Head|p2a: Flutter Mane\n|-supereffective|p2a: Flutter Mane\n|-damage|p2a: Flutter Mane|29\/100\n|\n|-weather|none\n|-end|p2a: Flutter Mane|Protosynthesis\n|-heal|p2a: Flutter Mane|35\/100|[from] Grassy Terrain\n|-heal|p2b: Rillaboom|37\/100|[from] Grassy Terrain\n|-heal|p1a: Kommo-o|28\/100|[from] Grassy Terrain\n|-heal|p1a: Kommo-o|34\/100|[from] item: Leftovers\n|-sideend|p2: Ayresbrun|move: Tailwind\n|-fieldend|move: Grassy Terrain\n|upkeep\n|\n|t:|1699883774\n|switch|p1b: Flutter Mane|Flutter Mane, L50|100\/100\n|turn|6\n|inactive|Ayresbrun has 30 seconds left.\n|\n|t:|1699883803\n|switch|p2b: Arcanine|Arcanine, L50, F|95\/100\n|-ability|p2b: Arcanine|Intimidate|boost\n|-unboost|p1a: Kommo-o|atk|1\n|-unboost|p1b: Flutter Mane|atk|1\n|move|p1a: Kommo-o|Protect|p1a: Kommo-o\n|-singleturn|p1a: Kommo-o|Protect\n|move|p1b: Flutter Mane|Shadow Ball|p2a: Flutter Mane\n|-supereffective|p2a: Flutter Mane\n|-damage|p2a: Flutter Mane|0 fnt\n|faint|p2a: Flutter Mane\n|-end|p2a: Flutter Mane|Protosynthesis|[silent]\n|\n|-heal|p1a: Kommo-o|40\/100|[from] item: Leftovers\n|upkeep\n|\n|t:|1699883814\n|switch|p2a: Rillaboom|Rillaboom, L50, M|37\/100\n|-fieldstart|move: Grassy Terrain|[from] ability: Grassy Surge|[of] p2a: Rillaboom\n|turn|7\n|inactive|swilson14 has 30 seconds left.\n|\n|t:|1699883849\n|move|p2a: Rillaboom|Grassy Glide|p1b: Flutter Mane\n|-damage|p1b: Flutter Mane|32\/100\n|move|p1b: Flutter Mane|Shadow Ball|p2b: Arcanine\n|-damage|p2b: Arcanine|23\/100\n|-unboost|p2b: Arcanine|spd|1\n|-enditem|p2b: Arcanine|Sitrus Berry|[eat]\n|-heal|p2b: Arcanine|48\/100|[from] item: Sitrus Berry\n|move|p2b: Arcanine|Will-O-Wisp|p1a: Kommo-o|[miss]\n|-miss|p2b: Arcanine|p1a: Kommo-o\n|move|p1a: Kommo-o|Body Press|p2a: Rillaboom\n|-damage|p2a: Rillaboom|0 fnt\n|faint|p2a: Rillaboom\n|\n|-heal|p1b: Flutter Mane|39\/100|[from] Grassy Terrain\n|-heal|p2b: Arcanine|54\/100|[from] Grassy Terrain\n|-heal|p1a: Kommo-o|46\/100|[from] Grassy Terrain\n|-heal|p1a: Kommo-o|52\/100|[from] item: Leftovers\n|upkeep\n|turn|8\n|inactive|Ayresbrun has 30 seconds left.\n|\n|t:|1699883875\n|move|p2b: Arcanine|Protect|p2b: Arcanine\n|-singleturn|p2b: Arcanine|Protect\n|move|p1b: Flutter Mane|Shadow Ball|p2b: Arcanine\n|-activate|p2b: Arcanine|move: Protect\n|move|p1a: Kommo-o|Body Press|p2b: Arcanine\n|-activate|p2b: Arcanine|move: Protect\n|\n|-heal|p1b: Flutter Mane|45\/100|[from] Grassy Terrain\n|-heal|p2b: Arcanine|60\/100|[from] Grassy Terrain\n|-heal|p1a: Kommo-o|58\/100|[from] Grassy Terrain\n|-heal|p1a: Kommo-o|64\/100|[from] item: Leftovers\n|upkeep\n|turn|9\n|\n|t:|1699883890\n|move|p1b: Flutter Mane|Shadow Ball|p2b: Arcanine\n|-damage|p2b: Arcanine|0 fnt\n|faint|p2b: Arcanine\n|\n|win|swilson14\n|raw|swilson14's rating: 1288 &rarr; <strong>1317<\/strong><br \/>(+29 for winning)\n|raw|Ayresbrun's rating: 1347 &rarr; <strong>1324<\/strong><br \/>(-23 for losing)\n|l|\u2606swilson14\n","uploadtime":1699883899,"views":20,"p1id":"swilson14","p2id":"ayresbrun","formatid":"gen9vgc2023regulatione","rating":1317,"private":0,"password":""}