{"id":"gen9vgc2023regulatione-2000569458","p1":"Lurvas","p2":"13dobe","format":"[Gen 9] VGC 2023 Regulation E","log":"|j|\u2606Lurvas\n|j|\u260613dobe\n|t:|1701206232\n|gametype|doubles\n|player|p1|Lurvas|alder|1361\n|player|p2|13dobe|169|1404\n|teamsize|p1|6\n|teamsize|p2|6\n|gen|9\n|tier|[Gen 9] VGC 2023 Regulation E\n|rated|\n|rule|Species Clause: Limit one of each Pok\u00e9mon\n|rule|Item Clause: Limit one of each item\n|clearpoke\n|poke|p1|Urshifu-*, L50, F|\n|poke|p1|Rillaboom, L50, F|\n|poke|p1|Flutter Mane, L50|\n|poke|p1|Arcanine-Hisui, L50, M|\n|poke|p1|Chien-Pao, L50|\n|poke|p1|Tornadus, L50, M|\n|poke|p2|Armarouge, L50, M|\n|poke|p2|Indeedee-F, L50, F|\n|poke|p2|Iron Bundle, L50|\n|poke|p2|Iron Valiant, L50|\n|poke|p2|Arcanine-Hisui, L50, M|\n|poke|p2|Ursaluna-Bloodmoon, L50, M|\n|teampreview|4\nLurvas has agreed to open team sheets.\n|inactive|Battle timer is ON: inactive players will automatically lose when time's up. (requested by Lurvas)\n|\n|t:|1701206253\n|start\n|switch|p1a: Tornadus|Tornadus, L50, M|100\/100\n|switch|p1b: Flutter Mane|Flutter Mane, L50|100\/100\n|switch|p2a: Iron Valiant|Iron Valiant, L50|100\/100\n|switch|p2b: Iron Bundle|Iron Bundle, L50|100\/100\n|-enditem|p2b: Iron Bundle|Booster Energy\n|-activate|p2b: Iron Bundle|ability: Quark Drive|[fromitem]\n|-start|p2b: Iron Bundle|quarkdrivespe\n|-enditem|p1b: Flutter Mane|Booster Energy\n|-activate|p1b: Flutter Mane|ability: Protosynthesis|[fromitem]\n|-start|p1b: Flutter Mane|protosynthesisspe\n|turn|1\n|\n|t:|1701206270\n|move|p2a: Iron Valiant|Wide Guard|p2a: Iron Valiant\n|-singleturn|p2a: Iron Valiant|Wide Guard\n|move|p1a: Tornadus|Tailwind|p1a: Tornadus\n|-sidestart|p1: Lurvas|move: Tailwind\n|move|p1b: Flutter Mane|Shadow Ball|p2a: Iron Valiant\n|-damage|p2a: Iron Valiant|26\/100\n|move|p2b: Iron Bundle|Icy Wind|p1a: Tornadus|[spread] p1a,p1b\n|-supereffective|p1a: Tornadus\n|-damage|p1a: Tornadus|48\/100\n|-damage|p1b: Flutter Mane|79\/100\n|-unboost|p1b: Flutter Mane|spe|1\n|\n|upkeep\n|turn|2\n|j| Asacado\n|l| Asacado\n|c|\u260613dobe|oo nice\n|\n|t:|1701206288\n|move|p2a: Iron Valiant|Wide Guard|p2a: Iron Valiant\n|-singleturn|p2a: Iron Valiant|Wide Guard\n|move|p1b: Flutter Mane|Shadow Ball|p2a: Iron Valiant\n|-damage|p2a: Iron Valiant|0 fnt\n|faint|p2a: Iron Valiant\n|-end|p2a: Iron Valiant|Quark Drive|[silent]\n|move|p2b: Iron Bundle|Icy Wind|p1b: Flutter Mane|[spread] p1a,p1b\n|-supereffective|p1a: Tornadus\n|-damage|p1a: Tornadus|0 fnt\n|-damage|p1b: Flutter Mane|58\/100\n|-unboost|p1b: Flutter Mane|spe|1\n|faint|p1a: Tornadus\n|\n|upkeep\n|\n|t:|1701206301\n|switch|p2a: Armarouge|Armarouge, L50, M|100\/100\n|switch|p1a: Arcanine|Arcanine-Hisui, L50, M|100\/100\n|-ability|p1a: Arcanine|Intimidate|boost\n|-unboost|p2a: Armarouge|atk|1\n|-unboost|p2b: Iron Bundle|atk|1\n|turn|3\n|\n|t:|1701206316\n|-end|p2b: Iron Bundle|Quark Drive|[silent]\n|switch|p2b: Indeedee|Indeedee-F, L50, F|100\/100\n|-fieldstart|move: Psychic Terrain|[from] ability: Psychic Surge|[of] p2b: Indeedee\n|-end|p1b: Flutter Mane|Protosynthesis|[silent]\n|switch|p1b: Urshifu|Urshifu-Rapid-Strike, L50, F|100\/100\n|-terastallize|p1a: Arcanine|Fairy\n|-terastallize|p2a: Armarouge|Psychic\n|move|p1a: Arcanine|Rock Slide|p2a: Armarouge|[spread] p2b\n|-miss|p1a: Arcanine|p2a: Armarouge\n|-damage|p2b: Indeedee|55\/100\n|move|p2a: Armarouge|Expanding Force|p1a: Arcanine|[spread] p1a,p1b\n|-supereffective|p1b: Urshifu\n|-damage|p1a: Arcanine|10\/100\n|-damage|p1b: Urshifu|0 fnt\n|faint|p1b: Urshifu\n|\n|upkeep\n|\n|t:|1701206332\n|switch|p1b: Flutter Mane|Flutter Mane, L50|58\/100\n|turn|4\n|\n|t:|1701206348\n|switch|p2a: Iron Bundle|Iron Bundle, L50|100\/100\n|move|p2b: Indeedee|Follow Me|p2b: Indeedee\n|-singleturn|p2b: Indeedee|move: Follow Me\n|move|p1b: Flutter Mane|Moonblast|p2b: Indeedee\n|-damage|p2b: Indeedee|10\/100\n|move|p1a: Arcanine|Rock Slide|p2b: Indeedee|[spread] p2a,p2b\n|-supereffective|p2a: Iron Bundle\n|-crit|p2a: Iron Bundle\n|-damage|p2a: Iron Bundle|0 fnt\n|-damage|p2b: Indeedee|0 fnt\n|faint|p2a: Iron Bundle\n|-end|p2a: Iron Bundle|Quark Drive|[silent]\n|faint|p2b: Indeedee\n|\n|-sideend|p1: Lurvas|move: Tailwind\n|upkeep\n|\n|t:|1701206358\n|switch|p2b: Armarouge|Armarouge, L50, M, tera:Psychic|100\/100\n|turn|5\n|\n|t:|1701206365\n|move|p2b: Armarouge|Expanding Force|p1b: Flutter Mane|[spread] p1a,p1b\n|-damage|p1a: Arcanine|0 fnt\n|-damage|p1b: Flutter Mane|0 fnt\n|faint|p1a: Arcanine\n|faint|p1b: Flutter Mane\n|-end|p1b: Flutter Mane|Protosynthesis|[silent]\n|\n|win|13dobe\n|raw|Lurvas's rating: 1361 &rarr; <strong>1343<\/strong><br \/>(-18 for losing)\n|raw|13dobe's rating: 1404 &rarr; <strong>1422<\/strong><br \/>(+18 for winning)\n|c|\u2606Lurvas|gg\n","uploadtime":1701206372,"views":2,"p1id":"lurvas","p2id":"13dobe","formatid":"gen9vgc2023regulatione","rating":1343,"private":0,"password":""}