{"id":"gen9vgc2023regulatione-1996358712","p1":"haamgamer07","p2":"raul6248","format":"[Gen 9] VGC 2023 Regulation E","log":"|j|\u2606haamgamer07\n|j|\u2606raul6248\n|t:|1700674470\n|gametype|doubles\n|player|p1|haamgamer07|170|1255\n|player|p2|raul6248|shadowtriad|1360\n|teamsize|p1|6\n|teamsize|p2|6\n|gen|9\n|tier|[Gen 9] VGC 2023 Regulation E\n|rated|\n|rule|Species Clause: Limit one of each Pok\u00e9mon\n|rule|Item Clause: Limit one of each item\n|clearpoke\n|poke|p1|Flutter Mane, L50|\n|poke|p1|Iron Hands, L50|\n|poke|p1|Ogerpon-Hearthflame, L50, F|\n|poke|p1|Cresselia, L50, F|\n|poke|p1|Ursaluna, L50, M|\n|poke|p1|Empoleon, L50, F|\n|poke|p2|Arcanine-Hisui, L50, F|\n|poke|p2|Tornadus, L50, M|\n|poke|p2|Farigiraf, L50, F|\n|poke|p2|Brambleghast, L50, F|\n|poke|p2|Flutter Mane, L50|\n|poke|p2|Kingambit, L50, M|\n|teampreview|4\n|inactive|Battle timer is ON: inactive players will automatically lose when time's up. (requested by haamgamer07)\n|\n|t:|1700674520\n|start\n|switch|p1a: Ogerpon|Ogerpon-Hearthflame, L50, F|100\/100\n|switch|p1b: Empoleon|Empoleon, L50, F|100\/100\n|switch|p2a: Do\u00f1a I|Farigiraf, L50, F|100\/100\n|switch|p2b: Ra\u00fal Sr|Tornadus, L50, M, shiny|100\/100\n|-ability|p1a: Ogerpon|Mold Breaker\n|turn|1\n|inactive|haamgamer07 has 30 seconds left.\n|inactive|haamgamer07 has 20 seconds left.\n|\n|t:|1700674558\n|switch|p1a: Ursaluna|Ursaluna, L50, M|100\/100\n|move|p2a: Do\u00f1a I|Protect|p2a: Do\u00f1a I\n|-singleturn|p2a: Do\u00f1a I|Protect\n|move|p2b: Ra\u00fal Sr|Tailwind|p2b: Ra\u00fal Sr\n|-sidestart|p2: raul6248|move: Tailwind\n|move|p1b: Empoleon|Ice Beam|p2b: Ra\u00fal Sr\n|-supereffective|p2b: Ra\u00fal Sr\n|-damage|p2b: Ra\u00fal Sr|11\/100\n|\n|-status|p1a: Ursaluna|brn|[from] item: Flame Orb\n|upkeep\n|turn|2\n|inactive|raul6248 has 30 seconds left.\n|\n|t:|1700674586\n|move|p1a: Ursaluna|Protect|p1a: Ursaluna\n|-singleturn|p1a: Ursaluna|Protect\n|move|p2b: Ra\u00fal Sr|Bleakwind Storm|p1a: Ursaluna|[spread] p1b\n|-activate|p1a: Ursaluna|move: Protect\n|-resisted|p1b: Empoleon\n|-damage|p1b: Empoleon|85\/100\n|move|p2a: Do\u00f1a I|Psychic|p1a: Ursaluna\n|-activate|p1a: Ursaluna|move: Protect\n|move|p1b: Empoleon|Water Pledge|p2b: Ra\u00fal Sr\n|-damage|p2b: Ra\u00fal Sr|0 fnt\n|faint|p2b: Ra\u00fal Sr\n|\n|-damage|p1a: Ursaluna|94\/100 brn|[from] brn\n|upkeep\n|\n|t:|1700674594\n|switch|p2b: Aslan|Arcanine-Hisui, L50, F|100\/100\n|-ability|p2b: Aslan|Intimidate|boost\n|-unboost|p1a: Ursaluna|atk|1\n|-unboost|p1b: Empoleon|atk|1\n|-ability|p1b: Empoleon|Competitive|boost\n|-boost|p1b: Empoleon|spa|2\n|turn|3\n|inactive|haamgamer07 has 30 seconds left.\n|inactive|raul6248 has 30 seconds left.\n|\n|t:|1700674630\n|switch|p1a: Ogerpon|Ogerpon-Hearthflame, L50, F|100\/100\n|-ability|p1a: Ogerpon|Mold Breaker\n|-terastallize|p2b: Aslan|Fairy\n|move|p2b: Aslan|Tera Blast|p1a: Ogerpon|[anim] Tera Blast Fairy\n|-resisted|p1a: Ogerpon\n|-damage|p1a: Ogerpon|65\/100\n|move|p2a: Do\u00f1a I|Psychic|p1a: Ogerpon\n|-damage|p1a: Ogerpon|29\/100\n|move|p1b: Empoleon|Flash Cannon|p2b: Aslan\n|-supereffective|p2b: Aslan\n|-damage|p2b: Aslan|0 fnt\n|faint|p2b: Aslan\n|\n|upkeep\n|\n|t:|1700674632\n|switch|p2b: GhostBall|Brambleghast, L50, F|100\/100\n|-ability|p2b: GhostBall|Wind Rider|boost\n|-boost|p2b: GhostBall|atk|1\n|turn|4\n|inactive|haamgamer07 has 30 seconds left.\n|\n|t:|1700674660\n|-terastallize|p1b: Empoleon|Flying\n|move|p1a: Ogerpon|Spiky Shield|p1a: Ogerpon\n|-singleturn|p1a: Ogerpon|move: Protect\n|move|p2b: GhostBall|Seed Bomb|p1b: Empoleon\n|-resisted|p1b: Empoleon\n|-crit|p1b: Empoleon\n|-damage|p1b: Empoleon|37\/100\n|move|p2a: Do\u00f1a I|Psychic|p1a: Ogerpon\n|-activate|p1a: Ogerpon|move: Protect\n|move|p1b: Empoleon|Tera Blast|p2b: GhostBall|[anim] Tera Blast Flying\n|-supereffective|p2b: GhostBall\n|-enditem|p2b: GhostBall|Focus Sash\n|-damage|p2b: GhostBall|1\/100\n|\n|-sideend|p2: raul6248|move: Tailwind\n|upkeep\n|turn|5\n|inactive|haamgamer07 has 30 seconds left.\n|inactive|haamgamer07 has 20 seconds left.\n|inactive|haamgamer07 has 15 seconds left.\n|\n|t:|1700674701\n|move|p2b: GhostBall|Protect|p2b: GhostBall\n|-singleturn|p2b: GhostBall|Protect\n|move|p1a: Ogerpon|Follow Me|p1a: Ogerpon\n|-singleturn|p1a: Ogerpon|move: Follow Me\n|move|p2a: Do\u00f1a I|Psychic|p1a: Ogerpon\n|-damage|p1a: Ogerpon|0 fnt\n|faint|p1a: Ogerpon\n|move|p1b: Empoleon|Flash Cannon|p2a: Do\u00f1a I\n|-damage|p2a: Do\u00f1a I|14\/100\n|\n|upkeep\n|\n|t:|1700674714\n|switch|p1a: Iron Hands|Iron Hands, L50|100\/100\n|turn|6\n|\n|t:|1700674728\n|move|p2b: GhostBall|Poltergeist|p1a: Iron Hands\n|-activate|p1a: Iron Hands|move: Poltergeist|Assault Vest\n|-damage|p1a: Iron Hands|41\/100\n|move|p2a: Do\u00f1a I|Psychic|p1a: Iron Hands\n|-supereffective|p1a: Iron Hands\n|-damage|p1a: Iron Hands|0 fnt\n|faint|p1a: Iron Hands\n|-end|p1a: Iron Hands|Quark Drive|[silent]\n|move|p1b: Empoleon|Water Pledge|p2a: Do\u00f1a I\n|-damage|p2a: Do\u00f1a I|0 fnt\n|faint|p2a: Do\u00f1a I\n|\n|upkeep\n|\n|t:|1700674741\n|switch|p1a: Ursaluna|Ursaluna, L50, M|94\/100 brn\n|turn|7\n|\n|t:|1700674750\n|move|p2b: GhostBall|Seed Bomb|p1a: Ursaluna\n|-supereffective|p1a: Ursaluna\n|-damage|p1a: Ursaluna|0 fnt\n|faint|p1a: Ursaluna\n|move|p1b: Empoleon|Water Pledge|p2b: GhostBall\n|-resisted|p2b: GhostBall\n|-damage|p2b: GhostBall|0 fnt\n|faint|p2b: GhostBall\n|\n|win|haamgamer07\n|raw|haamgamer07's rating: 1255 &rarr; <strong>1287<\/strong><br \/>(+32 for winning)\n|raw|raul6248's rating: 1360 &rarr; <strong>1334<\/strong><br \/>(-26 for losing)\n|c|\u2606raul6248|gg\n|l|\u2606raul6248\n","uploadtime":1700674761,"views":13,"p1id":"haamgamer07","p2id":"raul6248","formatid":"gen9vgc2023regulatione","rating":1287,"private":0,"password":""}