{"id":"gen9vgc2023regulatione-1991017778","p1":"epic17x","p2":"comprestrict","format":"[Gen 9] VGC 2023 Regulation E","log":"|j|\u2606epic17x\n|j|\u2606comprestrict\n|t:|1700028754\n|gametype|doubles\n|player|p1|epic17x|steven|1397\n|player|p2|comprestrict|hooligans|1461\n|teamsize|p1|6\n|teamsize|p2|6\n|gen|9\n|tier|[Gen 9] VGC 2023 Regulation E\n|rated|\n|rule|Species Clause: Limit one of each Pok\u00e9mon\n|rule|Item Clause: Limit one of each item\n|clearpoke\n|poke|p1|Tornadus, L50, M|\n|poke|p1|Urshifu-*, L50, M|\n|poke|p1|Chi-Yu, L50|\n|poke|p1|Heatran, L50, F|\n|poke|p1|Regidrago, L50|\n|poke|p1|Farigiraf, L50, M|\n|poke|p2|Okidogi, L50, M|\n|poke|p2|Moltres, L50|\n|poke|p2|Grimmsnarl, L50, M|\n|poke|p2|Mamoswine, L50, F|\n|poke|p2|Gholdengo, L50|\n|poke|p2|Iron Bundle, L50|\n|teampreview|4\n|inactive|Battle timer is ON: inactive players will automatically lose when time's up. (requested by epic17x)\n|inactive|comprestrict has 60 seconds left.\n|\n|t:|1700028799\n|start\n|switch|p1a: \u30c8\u30eb\u30cd\u30ed\u30b9|Tornadus, L50, M|100\/100\n|switch|p1b: \u30ec\u30b8\u30c9\u30e9\u30b4|Regidrago, L50|100\/100\n|switch|p2a: Grimmsnarl|Grimmsnarl, L50, M|100\/100\n|switch|p2b: Moltres|Moltres, L50|100\/100\n|turn|1\n|\n|t:|1700028811\n|move|p1a: \u30c8\u30eb\u30cd\u30ed\u30b9|Tailwind|p1a: \u30c8\u30eb\u30cd\u30ed\u30b9\n|-sidestart|p1: epic17x|move: Tailwind\n|move|p2a: Grimmsnarl|Light Screen|p2a: Grimmsnarl\n|-sidestart|p2: comprestrict|move: Light Screen\n|move|p1b: \u30ec\u30b8\u30c9\u30e9\u30b4|Dragon Pulse|p2b: Moltres\n|-damage|p2b: Moltres|54\/100\n|move|p2b: Moltres|Tailwind|p2b: Moltres\n|-sidestart|p2: comprestrict|move: Tailwind\n|\n|upkeep\n|turn|2\n|\n|t:|1700028834\n|move|p1b: \u30ec\u30b8\u30c9\u30e9\u30b4|Protect|p1b: \u30ec\u30b8\u30c9\u30e9\u30b4\n|-singleturn|p1b: \u30ec\u30b8\u30c9\u30e9\u30b4|Protect\n|move|p1a: \u30c8\u30eb\u30cd\u30ed\u30b9|Rain Dance|p1a: \u30c8\u30eb\u30cd\u30ed\u30b9\n|-weather|RainDance\n|move|p2b: Moltres|Roost|p2b: Moltres\n|-heal|p2b: Moltres|100\/100\n|-singleturn|p2b: Moltres|move: Roost\n|move|p2a: Grimmsnarl|Spirit Break|p1b: \u30ec\u30b8\u30c9\u30e9\u30b4\n|-activate|p1b: \u30ec\u30b8\u30c9\u30e9\u30b4|move: Protect\n|\n|-weather|RainDance|[upkeep]\n|upkeep\n|turn|3\n|\n|t:|1700028847\n|switch|p1b: Heatran|Heatran, L50, F|100\/100\n|move|p1a: \u30c8\u30eb\u30cd\u30ed\u30b9|Bleakwind Storm|p2a: Grimmsnarl|[spread] p2a,p2b\n|-damage|p2a: Grimmsnarl|75\/100\n|-damage|p2b: Moltres|79\/100\n|-unboost|p2b: Moltres|spe|1\n|move|p2a: Grimmsnarl|Spirit Break|p1b: Heatran\n|-resisted|p1b: Heatran\n|-damage|p1b: Heatran|92\/100\n|-unboost|p1b: Heatran|spa|1\n|move|p2b: Moltres|Hurricane|p1b: Heatran\n|-resisted|p1b: Heatran\n|-damage|p1b: Heatran|68\/100\n|\n|-weather|RainDance|[upkeep]\n|-heal|p1b: Heatran|74\/100|[from] item: Leftovers\n|upkeep\n|turn|4\n|\n|t:|1700028871\n|move|p1a: \u30c8\u30eb\u30cd\u30ed\u30b9|Taunt|p2b: Moltres\n|-start|p2b: Moltres|move: Taunt\n|move|p1b: Heatran|Flash Cannon|p2a: Grimmsnarl\n|-supereffective|p2a: Grimmsnarl\n|-damage|p2a: Grimmsnarl|34\/100\n|move|p2a: Grimmsnarl|Spirit Break|p1a: \u30c8\u30eb\u30cd\u30ed\u30b9\n|-damage|p1a: \u30c8\u30eb\u30cd\u30ed\u30b9|44\/100\n|-unboost|p1a: \u30c8\u30eb\u30cd\u30ed\u30b9|spa|1\n|-enditem|p1a: \u30c8\u30eb\u30cd\u30ed\u30b9|Eject Button\n|\n|t:|1700028882\n|switch|p1a: \u30ec\u30b8\u30c9\u30e9\u30b4|Regidrago, L50|100\/100\n|move|p2b: Moltres|Hurricane|p1a: \u30ec\u30b8\u30c9\u30e9\u30b4\n|-damage|p1a: \u30ec\u30b8\u30c9\u30e9\u30b4|45\/100\n|\n|-weather|RainDance|[upkeep]\n|-heal|p1b: Heatran|80\/100|[from] item: Leftovers\n|-sideend|p2: comprestrict|move: Tailwind\n|-sideend|p1: epic17x|move: Tailwind\n|upkeep\n|turn|5\n|\n|t:|1700028897\n|switch|p2a: Okidogi|Okidogi, L50, M|100\/100\n|move|p1a: \u30ec\u30b8\u30c9\u30e9\u30b4|Dragon Pulse|p2b: Moltres\n|-damage|p2b: Moltres|37\/100\n|move|p1b: Heatran|Flash Cannon|p2a: Okidogi\n|-damage|p2a: Okidogi|79\/100\n|move|p2b: Moltres|Hurricane|p1a: \u30ec\u30b8\u30c9\u30e9\u30b4\n|-damage|p1a: \u30ec\u30b8\u30c9\u30e9\u30b4|0 fnt\n|faint|p1a: \u30ec\u30b8\u30c9\u30e9\u30b4\n|\n|-weather|RainDance|[upkeep]\n|-heal|p2a: Okidogi|85\/100|[from] item: Leftovers\n|-heal|p1b: Heatran|86\/100|[from] item: Leftovers\n|upkeep\n|\n|t:|1700028906\n|switch|p1a: \u30ea\u30ad\u30ad\u30ea\u30f3|Farigiraf, L50, M|100\/100\n|turn|6\n|\n|t:|1700028924\n|switch|p1b: \u30c8\u30eb\u30cd\u30ed\u30b9|Tornadus, L50, M|44\/100\n|-terastallize|p2a: Okidogi|Psychic\n|move|p2a: Okidogi|Bulk Up|p2a: Okidogi\n|-boost|p2a: Okidogi|atk|1\n|-boost|p2a: Okidogi|def|1\n|move|p2b: Moltres|Hurricane|p1a: \u30ea\u30ad\u30ad\u30ea\u30f3\n|-damage|p1a: \u30ea\u30ad\u30ad\u30ea\u30f3|52\/100\n|move|p1a: \u30ea\u30ad\u30ad\u30ea\u30f3|Psychic|p2a: Okidogi\n|-resisted|p2a: Okidogi\n|-damage|p2a: Okidogi|74\/100\n|-unboost|p2a: Okidogi|spd|1\n|\n|-weather|none\n|-heal|p2a: Okidogi|81\/100|[from] item: Leftovers\n|-end|p2b: Moltres|move: Taunt\n|upkeep\n|turn|7\n|inactive|comprestrict has 30 seconds left.\n|\n|t:|1700028949\n|move|p1b: \u30c8\u30eb\u30cd\u30ed\u30b9|Taunt|p2a: Okidogi\n|-start|p2a: Okidogi|move: Taunt\n|move|p2a: Okidogi|Drain Punch|p1a: \u30ea\u30ad\u30ad\u30ea\u30f3\n|-damage|p1a: \u30ea\u30ad\u30ad\u30ea\u30f3|2\/100\n|-heal|p2a: Okidogi|100\/100|[from] drain|[of] p1a: \u30ea\u30ad\u30ad\u30ea\u30f3\n|-damage|p2a: Okidogi|84\/100|[from] item: Rocky Helmet|[of] p1a: \u30ea\u30ad\u30ad\u30ea\u30f3\n|move|p2b: Moltres|Hurricane|p1b: \u30c8\u30eb\u30cd\u30ed\u30b9\n|-damage|p1b: \u30c8\u30eb\u30cd\u30ed\u30b9|0 fnt\n|faint|p1b: \u30c8\u30eb\u30cd\u30ed\u30b9\n|move|p1a: \u30ea\u30ad\u30ad\u30ea\u30f3|Psychic|p2b: Moltres\n|-damage|p2b: Moltres|14\/100\n|\n|-heal|p2a: Okidogi|90\/100|[from] item: Leftovers\n|upkeep\n|\n|t:|1700028962\n|switch|p1b: Heatran|Heatran, L50, F|86\/100\n|turn|8\n|\n|t:|1700028985\n|switch|p2b: Iron Bundle|Iron Bundle, L50|100\/100\n|-enditem|p2b: Iron Bundle|Booster Energy\n|-activate|p2b: Iron Bundle|ability: Quark Drive|[fromitem]\n|-start|p2b: Iron Bundle|quarkdrivespe\n|move|p1b: Heatran|Protect|p1b: Heatran\n|-singleturn|p1b: Heatran|Protect\n|move|p2a: Okidogi|Drain Punch|p1a: \u30ea\u30ad\u30ad\u30ea\u30f3\n|-damage|p1a: \u30ea\u30ad\u30ad\u30ea\u30f3|0 fnt\n|-heal|p2a: Okidogi|91\/100|[from] drain|[of] p1a: \u30ea\u30ad\u30ad\u30ea\u30f3\n|-damage|p2a: Okidogi|75\/100|[from] item: Rocky Helmet|[of] p1a: \u30ea\u30ad\u30ad\u30ea\u30f3\n|faint|p1a: \u30ea\u30ad\u30ad\u30ea\u30f3\n|\n|-heal|p2a: Okidogi|81\/100|[from] item: Leftovers\n|-heal|p1b: Heatran|92\/100|[from] item: Leftovers\n|-sideend|p2: comprestrict|move: Light Screen\n|upkeep\n|turn|9\n|\n|t:|1700029001\n|-terastallize|p1b: Heatran|Grass\n|move|p2b: Iron Bundle|Hydro Pump|p1b: Heatran\n|-resisted|p1b: Heatran\n|-damage|p1b: Heatran|70\/100\n|move|p2a: Okidogi|Poison Jab|p1b: Heatran\n|-supereffective|p1b: Heatran\n|-damage|p1b: Heatran|0 fnt\n|faint|p1b: Heatran\n|\n|win|comprestrict\n|raw|epic17x's rating: 1397 &rarr; <strong>1381<\/strong><br \/>(-16 for losing)\n|raw|comprestrict's rating: 1461 &rarr; <strong>1477<\/strong><br \/>(+16 for winning)\n|l|\u2606epic17x\n","uploadtime":1700029036,"views":8,"p1id":"epic17x","p2id":"comprestrict","formatid":"gen9vgc2023regulatione","rating":1381,"private":0,"password":""}