{"id":"gen9vgc2023regulatione-1988612205","p1":"Steakman5","p2":"nahim_rodrigu3z","format":"[Gen 9] VGC 2023 Regulation E","log":"|j|\u2606Steakman5\n|j|\u2606nahim_rodrigu3z\n|t:|1699741892\n|gametype|doubles\n|player|p1|Steakman5|acetrainer|1172\n|player|p2|nahim_rodrigu3z|steven|1071\n|teamsize|p1|6\n|teamsize|p2|6\n|gen|9\n|tier|[Gen 9] VGC 2023 Regulation E\n|rated|\n|rule|Species Clause: Limit one of each Pok\u00e9mon\n|rule|Item Clause: Limit one of each item\n|clearpoke\n|poke|p1|Tornadus, L50, M|\n|poke|p1|Moltres, L50|\n|poke|p1|Ogerpon-Wellspring, L50, F|\n|poke|p1|Sinistcha, L50|\n|poke|p1|Flutter Mane, L50|\n|poke|p1|Basculegion, L50, M|\n|poke|p2|Indeedee-F, L50, F|\n|poke|p2|Dragapult, L50, M|\n|poke|p2|Tornadus, L50, M|\n|poke|p2|Sylveon, L50, F|\n|poke|p2|Amoonguss, L50, F|\n|poke|p2|Urshifu-*, L50, F|\n|teampreview|4\n|inactive|Battle timer is ON: inactive players will automatically lose when time's up. (requested by nahim_rodrigu3z)\n|\n|t:|1699741928\n|start\n|switch|p1a: Tornadus|Tornadus, L50, M|100\/100\n|switch|p1b: Moltres|Moltres, L50|100\/100\n|switch|p2a: Amoonguss|Amoonguss, L50, F|100\/100\n|switch|p2b: Indeedee|Indeedee-F, L50, F|100\/100\n|-ability|p1b: Moltres|Pressure\n|-fieldstart|move: Psychic Terrain|[from] ability: Psychic Surge|[of] p2b: Indeedee\n|turn|1\n|\n|t:|1699741948\n|move|p1a: Tornadus|Tailwind|p1a: Tornadus\n|-sidestart|p1: Steakman5|move: Tailwind\n|move|p1b: Moltres|Heat Wave|p2b: Indeedee|[spread] p2a,p2b\n|-supereffective|p2a: Amoonguss\n|-damage|p2a: Amoonguss|43\/100\n|-damage|p2b: Indeedee|67\/100\n|move|p2a: Amoonguss|Spore|p1b: Moltres\n|-status|p1b: Moltres|slp|[from] move: Spore\n|move|p2b: Indeedee|Trick Room|p2b: Indeedee\n|-fieldstart|move: Trick Room|[of] p2b: Indeedee\n|\n|-heal|p2a: Amoonguss|48\/100|[from] item: Black Sludge\n|upkeep\n|turn|2\n|inactive|Steakman5 has 30 seconds left.\n|inactive|nahim_rodrigu3z has 30 seconds left.\n|\n|t:|1699741980\n|switch|p2a: Tornadus|Tornadus, L50, M|100\/100\n|cant|p1b: Moltres|slp\n|move|p2b: Indeedee|Reflect|p2b: Indeedee\n|-sidestart|p2: nahim_rodrigu3z|Reflect\n|move|p1a: Tornadus|Bleakwind Storm|p2b: Indeedee|[spread] p2a,p2b\n|-damage|p2a: Tornadus|78\/100\n|-damage|p2b: Indeedee|36\/100\n|\n|upkeep\n|turn|3\n|\n|t:|1699741998\n|move|p1a: Tornadus|Protect|p1a: Tornadus\n|-singleturn|p1a: Tornadus|Protect\n|move|p2b: Indeedee|Psychic|p1b: Moltres\n|-damage|p1b: Moltres|54\/100 slp\n|move|p2a: Tornadus|Bleakwind Storm|p1b: Moltres|[spread] p1b\n|-activate|p1a: Tornadus|move: Protect\n|-damage|p1b: Moltres|19\/100 slp\n|-enditem|p1b: Moltres|Sitrus Berry|[eat]\n|-heal|p1b: Moltres|44\/100 slp|[from] item: Sitrus Berry\n|cant|p1b: Moltres|slp\n|\n|upkeep\n|turn|4\n|inactive|Steakman5 has 30 seconds left.\n|\n|t:|1699742025\n|cant|p1b: Moltres|slp\n|move|p2b: Indeedee|Psychic|p1b: Moltres\n|-damage|p1b: Moltres|0 fnt\n|faint|p1b: Moltres\n|move|p2a: Tornadus|Bleakwind Storm|p1a: Tornadus\n|-damage|p1a: Tornadus|69\/100\n|move|p1a: Tornadus|Bleakwind Storm|p2b: Indeedee|[spread] p2a,p2b\n|-damage|p2a: Tornadus|52\/100\n|-damage|p2b: Indeedee|9\/100\n|\n|-sideend|p1: Steakman5|move: Tailwind\n|upkeep\n|\n|t:|1699742049\n|switch|p1b: Flutter Mane|Flutter Mane, L50|100\/100\n|-enditem|p1b: Flutter Mane|Booster Energy\n|-activate|p1b: Flutter Mane|ability: Protosynthesis|[fromitem]\n|-start|p1b: Flutter Mane|protosynthesisspe\n|turn|5\n|\n|t:|1699742058\n|move|p1a: Tornadus|Protect|p1a: Tornadus\n|-singleturn|p1a: Tornadus|Protect\n|move|p1b: Flutter Mane|Protect|p1b: Flutter Mane\n|-singleturn|p1b: Flutter Mane|Protect\n|move|p2b: Indeedee|Follow Me|p2b: Indeedee\n|-singleturn|p2b: Indeedee|move: Follow Me\n|move|p2a: Tornadus|Bleakwind Storm|p1b: Flutter Mane|[spread] \n|-activate|p1a: Tornadus|move: Protect\n|-activate|p1b: Flutter Mane|move: Protect\n|\n|-fieldend|move: Trick Room\n|-fieldend|move: Psychic Terrain\n|upkeep\n|turn|6\n|\n|t:|1699742081\n|-terastallize|p1b: Flutter Mane|Fairy\n|move|p2b: Indeedee|Follow Me|p2b: Indeedee\n|-singleturn|p2b: Indeedee|move: Follow Me\n|move|p1a: Tornadus|Tailwind|p1a: Tornadus\n|-sidestart|p1: Steakman5|move: Tailwind\n|move|p1b: Flutter Mane|Dazzling Gleam|p2a: Tornadus|[spread] p2a,p2b\n|-damage|p2a: Tornadus|16\/100\n|-damage|p2b: Indeedee|0 fnt\n|faint|p2b: Indeedee\n|move|p2a: Tornadus|Bleakwind Storm|p1b: Flutter Mane|[spread] \n|-miss|p2a: Tornadus|p1a: Tornadus\n|-miss|p2a: Tornadus|p1b: Flutter Mane\n|\n|-sideend|p2: nahim_rodrigu3z|Reflect\n|upkeep\n|\n|t:|1699742093\n|switch|p2b: Sylveon|Sylveon, L50, F|100\/100\n|turn|7\n|\n|t:|1699742108\n|move|p2b: Sylveon|Protect|p2b: Sylveon\n|-singleturn|p2b: Sylveon|Protect\n|move|p1a: Tornadus|Rain Dance|p1a: Tornadus\n|-weather|RainDance\n|move|p1b: Flutter Mane|Dazzling Gleam|p2b: Sylveon|[spread] p2a\n|-activate|p2b: Sylveon|move: Protect\n|-damage|p2a: Tornadus|0 fnt\n|faint|p2a: Tornadus\n|\n|-weather|RainDance|[upkeep]\n|upkeep\n|\n|t:|1699742118\n|switch|p2a: Amoonguss|Amoonguss, L50, F|81\/100\n|turn|8\n|\n|t:|1699742128\n|move|p1b: Flutter Mane|Dazzling Gleam|p2b: Sylveon|[spread] p2a,p2b\n|-resisted|p2a: Amoonguss\n|-damage|p2a: Amoonguss|66\/100\n|-damage|p2b: Sylveon|66\/100\n|move|p1a: Tornadus|Bleakwind Storm|p2b: Sylveon|[spread] p2a,p2b\n|-supereffective|p2a: Amoonguss\n|-damage|p2a: Amoonguss|17\/100\n|-damage|p2b: Sylveon|42\/100\n|move|p2b: Sylveon|Hyper Voice|p1a: Tornadus|[spread] p1a,p1b\n|-damage|p1a: Tornadus|35\/100\n|-damage|p1b: Flutter Mane|59\/100\n|-enditem|p2b: Sylveon|Throat Spray\n|-boost|p2b: Sylveon|spa|1|[from] item: Throat Spray\n|move|p2a: Amoonguss|Spore|p1b: Flutter Mane\n|-status|p1b: Flutter Mane|slp|[from] move: Spore\n|\n|-weather|RainDance|[upkeep]\n|-heal|p2a: Amoonguss|23\/100|[from] item: Black Sludge\n|upkeep\n|turn|9\n|\n|t:|1699742149\n|cant|p1b: Flutter Mane|slp\n|move|p1a: Tornadus|Bleakwind Storm|p2b: Sylveon|[spread] p2a,p2b\n|-supereffective|p2a: Amoonguss\n|-damage|p2a: Amoonguss|0 fnt\n|-damage|p2b: Sylveon|15\/100\n|faint|p2a: Amoonguss\n|move|p2b: Sylveon|Hyper Voice|p1a: Tornadus|[spread] p1a,p1b\n|-damage|p1a: Tornadus|0 fnt\n|-damage|p1b: Flutter Mane|0 fnt\n|faint|p1a: Tornadus\n|faint|p1b: Flutter Mane\n|-end|p1b: Flutter Mane|Protosynthesis|[silent]\n|\n|-weather|RainDance|[upkeep]\n|-sideend|p1: Steakman5|move: Tailwind\n|upkeep\n|\n|t:|1699742165\n|switch|p1a: Ogerpon|Ogerpon-Wellspring, L50, F|100\/100\n|turn|10\n|\n|t:|1699742170\n|move|p1a: Ogerpon|Throat Chop|p2b: Sylveon\n|-resisted|p2b: Sylveon\n|-damage|p2b: Sylveon|0 fnt\n|faint|p2b: Sylveon\n|\n|win|Steakman5\n|raw|Steakman5's rating: 1172 &rarr; <strong>1190<\/strong><br \/>(+18 for winning)\n|raw|nahim_rodrigu3z's rating: 1071 &rarr; <strong>1056<\/strong><br \/>(-15 for losing)\n","uploadtime":1699742174,"views":28,"p1id":"steakman5","p2id":"nahimrodrigu3z","formatid":"gen9vgc2023regulatione","rating":1056,"private":0,"password":""}