{"id":"gen9vgc2023regulatione-1994511836","p1":"1shing","p2":"meowmeowjoe","format":"[Gen 9] VGC 2023 Regulation E","log":"|j|\u26061shing\n|j|\u2606meowmeowjoe\n|t:|1700452738\n|gametype|doubles\n|player|p1|1shing|266|1382\n|player|p2|meowmeowjoe|guitarist|1285\n|teamsize|p1|6\n|teamsize|p2|6\n|gen|9\n|tier|[Gen 9] VGC 2023 Regulation E\n|rated|\n|rule|Species Clause: Limit one of each Pok\u00e9mon\n|rule|Item Clause: Limit one of each item\n|clearpoke\n|poke|p1|Ninetales-Alola, L50, F|\n|poke|p1|Indeedee-F, L50, F|\n|poke|p1|Roaring Moon, L50|\n|poke|p1|Milotic, L50, F|\n|poke|p1|Brambleghast, L50, M|\n|poke|p1|Articuno, L50|\n|poke|p2|Ninetales-Alola, L50, M|\n|poke|p2|Iron Bundle, L50|\n|poke|p2|Dondozo, L50, M|\n|poke|p2|Tatsugiri, L50, M|\n|poke|p2|Cresselia, L50, F|\n|poke|p2|Ursaluna, L50, M|\n|teampreview|4\n|inactive|Battle timer is ON: inactive players will automatically lose when time's up. (requested by 1shing)\n|\n|t:|1700452763\n|start\n|switch|p1a: Roaring Moon|Roaring Moon, L50|100\/100\n|switch|p1b: Brambleghast|Brambleghast, L50, M|100\/100\n|switch|p2a: \u72d0\u547c\u72d0|Ninetales-Alola, L50, M, shiny|100\/100\n|switch|p2b: \u6211\u6bd4\u7ffc\u6cd5\u9084\u5feb|Iron Bundle, L50, shiny|100\/100\n|-weather|Snow|[from] ability: Snow Warning|[of] p2a: \u72d0\u547c\u72d0\n|-enditem|p1a: Roaring Moon|Booster Energy\n|-activate|p1a: Roaring Moon|ability: Protosynthesis|[fromitem]\n|-start|p1a: Roaring Moon|protosynthesisatk\n|turn|1\n|\n|t:|1700452784\n|move|p1a: Roaring Moon|Protect|p1a: Roaring Moon\n|-singleturn|p1a: Roaring Moon|Protect\n|move|p2b: \u6211\u6bd4\u7ffc\u6cd5\u9084\u5feb|Blizzard|p1b: Brambleghast|[spread] \n|-activate|p1a: Roaring Moon|move: Protect\n|-ability|p1b: Brambleghast|Wind Rider|boost\n|-boost|p1b: Brambleghast|atk|1\n|move|p2a: \u72d0\u547c\u72d0|Aurora Veil|p2a: \u72d0\u547c\u72d0\n|-sidestart|p2: meowmeowjoe|move: Aurora Veil\n|move|p1b: Brambleghast|Power Whip|p2b: \u6211\u6bd4\u7ffc\u6cd5\u9084\u5feb|[miss]\n|-miss|p1b: Brambleghast|p2b: \u6211\u6bd4\u7ffc\u6cd5\u9084\u5feb\n|\n|-weather|Snow|[upkeep]\n|upkeep\n|turn|2\n|\n|t:|1700452804\n|-end|p2b: \u6211\u6bd4\u7ffc\u6cd5\u9084\u5feb|Quark Drive|[silent]\n|switch|p2b: \u6211\u4f86\u7d20\u8cea\u7d20\u8cea|Tatsugiri, L50, M, shiny|100\/100\n|-end|p1a: Roaring Moon|Protosynthesis|[silent]\n|switch|p1a: Articuno|Articuno, L50|100\/100\n|switch|p2a: \u4f86\u5a01\u5687\u6211\u554a|Dondozo, L50, M, shiny|100\/100\n|-activate|p2b: \u6211\u4f86\u7d20\u8cea\u7d20\u8cea|ability: Commander|[of] p2a: \u4f86\u5a01\u5687\u6211\u554a\n|-boost|p2a: \u4f86\u5a01\u5687\u6211\u554a|atk|2\n|-boost|p2a: \u4f86\u5a01\u5687\u6211\u554a|spa|2\n|-boost|p2a: \u4f86\u5a01\u5687\u6211\u554a|spe|2\n|-boost|p2a: \u4f86\u5a01\u5687\u6211\u554a|def|2\n|-boost|p2a: \u4f86\u5a01\u5687\u6211\u554a|spd|2\n|move|p1b: Brambleghast|Power Whip|p2b: \u6211\u4f86\u7d20\u8cea\u7d20\u8cea|[miss]\n|-miss|p1b: Brambleghast|p2b: \u6211\u4f86\u7d20\u8cea\u7d20\u8cea\n|\n|-weather|Snow|[upkeep]\n|upkeep\n|turn|3\n|inactive|meowmeowjoe has 30 seconds left.\n|\n|t:|1700452836\n|-terastallize|p1b: Brambleghast|Ghost\n|move|p2a: \u4f86\u5a01\u5687\u6211\u554a|Wave Crash|p1a: Articuno\n|-damage|p1a: Articuno|34\/100\n|-damage|p2a: \u4f86\u5a01\u5687\u6211\u554a|82\/100|[from] Recoil\n|move|p1a: Articuno|Tailwind|p1a: Articuno\n|-sidestart|p1: 1shing|move: Tailwind\n|-ability|p1b: Brambleghast|Wind Rider|boost\n|-boost|p1b: Brambleghast|atk|1\n|move|p1b: Brambleghast|Poltergeist|p2a: \u4f86\u5a01\u5687\u6211\u554a\n|-activate|p2a: \u4f86\u5a01\u5687\u6211\u554a|move: Poltergeist|Clear Amulet\n|-damage|p2a: \u4f86\u5a01\u5687\u6211\u554a|64\/100\n|\n|-weather|Snow|[upkeep]\n|upkeep\n|turn|4\n|inactive|1shing has 30 seconds left.\n|\n|t:|1700452871\n|move|p1a: Articuno|Roost|p1a: Articuno\n|-heal|p1a: Articuno|84\/100\n|-singleturn|p1a: Articuno|move: Roost\n|move|p1b: Brambleghast|Strength Sap||[still]\n|-fail|p2a: \u4f86\u5a01\u5687\u6211\u554a|unboost|[from] item: Clear Amulet|[of] p2a: \u4f86\u5a01\u5687\u6211\u554a\n|-fail|p1b: Brambleghast\n|move|p2a: \u4f86\u5a01\u5687\u6211\u554a|Wave Crash|p1b: Brambleghast\n|-enditem|p1b: Brambleghast|Focus Sash\n|-damage|p1b: Brambleghast|1\/100\n|-damage|p2a: \u4f86\u5a01\u5687\u6211\u554a|44\/100|[from] Recoil\n|\n|-weather|Snow|[upkeep]\n|upkeep\n|turn|5\n|inactive|meowmeowjoe has 30 seconds left.\n|\n|t:|1700452896\n|move|p1a: Articuno|Sheer Cold|p2a: \u4f86\u5a01\u5687\u6211\u554a|[miss]\n|-miss|p1a: Articuno|p2a: \u4f86\u5a01\u5687\u6211\u554a\n|move|p1b: Brambleghast|Power Whip|p2a: \u4f86\u5a01\u5687\u6211\u554a\n|-supereffective|p2a: \u4f86\u5a01\u5687\u6211\u554a\n|-damage|p2a: \u4f86\u5a01\u5687\u6211\u554a|12\/100\n|move|p2a: \u4f86\u5a01\u5687\u6211\u554a|Order Up|p1b: Brambleghast\n|-damage|p1b: Brambleghast|0 fnt\n|faint|p1b: Brambleghast\n|-boost|p2a: \u4f86\u5a01\u5687\u6211\u554a|atk|1\n|\n|-weather|none\n|upkeep\n|\n|t:|1700452913\n|switch|p1b: Roaring Moon|Roaring Moon, L50|100\/100\n|turn|6\n|\n|t:|1700452926\n|move|p2a: \u4f86\u5a01\u5687\u6211\u554a|Protect|p2a: \u4f86\u5a01\u5687\u6211\u554a\n|-singleturn|p2a: \u4f86\u5a01\u5687\u6211\u554a|Protect\n|move|p1b: Roaring Moon|Knock Off|p2a: \u4f86\u5a01\u5687\u6211\u554a\n|-activate|p2a: \u4f86\u5a01\u5687\u6211\u554a|move: Protect\n|move|p1a: Articuno|Sheer Cold|p2a: \u4f86\u5a01\u5687\u6211\u554a\n|-activate|p2a: \u4f86\u5a01\u5687\u6211\u554a|move: Protect\n|\n|-sideend|p1: 1shing|move: Tailwind\n|upkeep\n|turn|7\n|\n|t:|1700452944\n|move|p1b: Roaring Moon|Protect|p1b: Roaring Moon\n|-singleturn|p1b: Roaring Moon|Protect\n|move|p2a: \u4f86\u5a01\u5687\u6211\u554a|Order Up|p1b: Roaring Moon\n|-activate|p1b: Roaring Moon|move: Protect\n|move|p1a: Articuno|Tailwind|p1a: Articuno\n|-sidestart|p1: 1shing|move: Tailwind\n|\n|upkeep\n|turn|8\n|\n|t:|1700452960\n|move|p1b: Roaring Moon|Knock Off|p2a: \u4f86\u5a01\u5687\u6211\u554a\n|-damage|p2a: \u4f86\u5a01\u5687\u6211\u554a|0 fnt\n|-enditem|p2a: \u4f86\u5a01\u5687\u6211\u554a|Clear Amulet|[from] move: Knock Off|[of] p1b: Roaring Moon\n|faint|p2a: \u4f86\u5a01\u5687\u6211\u554a\n|move|p1a: Articuno|Sheer Cold|p2b: \u6211\u4f86\u7d20\u8cea\u7d20\u8cea|[miss]\n|-miss|p1a: Articuno|p2b: \u6211\u4f86\u7d20\u8cea\u7d20\u8cea\n|\n|-sideend|p2: meowmeowjoe|move: Aurora Veil\n|upkeep\n|\n|t:|1700452973\n|switch|p2a: \u72d0\u547c\u72d0|Ninetales-Alola, L50, M, shiny|100\/100\n|-weather|Snow|[from] ability: Snow Warning|[of] p2a: \u72d0\u547c\u72d0\n|turn|9\n|inactive|1shing has 30 seconds left.\n|inactive|meowmeowjoe has 30 seconds left.\n|\n|t:|1700453000\n|-terastallize|p2a: \u72d0\u547c\u72d0|Water\n|move|p1b: Roaring Moon|Knock Off|p2b: \u6211\u4f86\u7d20\u8cea\u7d20\u8cea\n|-damage|p2b: \u6211\u4f86\u7d20\u8cea\u7d20\u8cea|0 fnt\n|-enditem|p2b: \u6211\u4f86\u7d20\u8cea\u7d20\u8cea|Choice Scarf|[from] move: Knock Off|[of] p1b: Roaring Moon\n|faint|p2b: \u6211\u4f86\u7d20\u8cea\u7d20\u8cea\n|move|p1a: Articuno|Blizzard|p2a: \u72d0\u547c\u72d0\n|-resisted|p2a: \u72d0\u547c\u72d0\n|-damage|p2a: \u72d0\u547c\u72d0|79\/100\n|move|p2a: \u72d0\u547c\u72d0|Blizzard|p1a: Articuno|[spread] p1a,p1b\n|-supereffective|p1b: Roaring Moon\n|-damage|p1a: Articuno|65\/100\n|-damage|p1b: Roaring Moon|55\/100\n|\n|-weather|Snow|[upkeep]\n|upkeep\n|\n|t:|1700453011\n|switch|p2b: \u6211\u6bd4\u7ffc\u6cd5\u9084\u5feb|Iron Bundle, L50, shiny|100\/100\n|turn|10\n|\n|t:|1700453033\n|move|p1b: Roaring Moon|Knock Off|p2b: \u6211\u6bd4\u7ffc\u6cd5\u9084\u5feb\n|-damage|p2b: \u6211\u6bd4\u7ffc\u6cd5\u9084\u5feb|57\/100\n|-enditem|p2b: \u6211\u6bd4\u7ffc\u6cd5\u9084\u5feb|Choice Specs|[from] move: Knock Off|[of] p1b: Roaring Moon\n|move|p1a: Articuno|Blizzard|p2a: \u72d0\u547c\u72d0|[spread] p2a,p2b\n|-resisted|p2a: \u72d0\u547c\u72d0\n|-resisted|p2b: \u6211\u6bd4\u7ffc\u6cd5\u9084\u5feb\n|-damage|p2a: \u72d0\u547c\u72d0|64\/100\n|-damage|p2b: \u6211\u6bd4\u7ffc\u6cd5\u9084\u5feb|43\/100\n|move|p2b: \u6211\u6bd4\u7ffc\u6cd5\u9084\u5feb|Freeze-Dry|p1a: Articuno\n|-damage|p1a: Articuno|39\/100\n|move|p2a: \u72d0\u547c\u72d0|Blizzard|p1a: Articuno|[spread] p1a,p1b\n|-supereffective|p1b: Roaring Moon\n|-damage|p1a: Articuno|18\/100\n|-damage|p1b: Roaring Moon|6\/100\n|\n|-weather|Snow|[upkeep]\n|-sideend|p1: 1shing|move: Tailwind\n|upkeep\n|turn|11\n|\n|t:|1700453057\n|move|p1b: Roaring Moon|Protect|p1b: Roaring Moon\n|-singleturn|p1b: Roaring Moon|Protect\n|move|p2b: \u6211\u6bd4\u7ffc\u6cd5\u9084\u5feb|Freeze-Dry|p1a: Articuno\n|-damage|p1a: Articuno|0 fnt\n|faint|p1a: Articuno\n|move|p2a: \u72d0\u547c\u72d0|Blizzard|p1b: Roaring Moon\n|-activate|p1b: Roaring Moon|move: Protect\n|\n|-weather|Snow|[upkeep]\n|upkeep\n|\n|t:|1700453066\n|switch|p1a: Indeedee|Indeedee-F, L50, F|100\/100\n|-fieldstart|move: Psychic Terrain|[from] ability: Psychic Surge|[of] p1a: Indeedee\n|turn|12\n|\n|t:|1700453085\n|move|p2b: \u6211\u6bd4\u7ffc\u6cd5\u9084\u5feb|Blizzard|p1b: Roaring Moon|[spread] p1a,p1b\n|-supereffective|p1b: Roaring Moon\n|-damage|p1a: Indeedee|62\/100\n|-damage|p1b: Roaring Moon|0 fnt\n|faint|p1b: Roaring Moon\n|-end|p1b: Roaring Moon|Protosynthesis|[silent]\n|move|p2a: \u72d0\u547c\u72d0|Blizzard|p1a: Indeedee\n|-damage|p1a: Indeedee|29\/100\n|move|p1a: Indeedee|Dazzling Gleam|p2b: \u6211\u6bd4\u7ffc\u6cd5\u9084\u5feb|[spread] p2a,p2b\n|-damage|p2a: \u72d0\u547c\u72d0|52\/100\n|-damage|p2b: \u6211\u6bd4\u7ffc\u6cd5\u9084\u5feb|17\/100\n|\n|-weather|Snow|[upkeep]\n|upkeep\n|turn|13\n|\n|t:|1700453109\n|move|p2b: \u6211\u6bd4\u7ffc\u6cd5\u9084\u5feb|Freeze-Dry|p1a: Indeedee\n|-damage|p1a: Indeedee|0 fnt\n|faint|p1a: Indeedee\n|\n|win|meowmeowjoe\n|raw|1shing's rating: 1382 &rarr; <strong>1357<\/strong><br \/>(-25 for losing)\n|raw|meowmeowjoe's rating: 1285 &rarr; <strong>1317<\/strong><br \/>(+32 for winning)\n","uploadtime":1700453115,"views":8,"p1id":"1shing","p2id":"meowmeowjoe","formatid":"gen9vgc2023regulatione","rating":1317,"private":0,"password":""}