{"id":"gen9vgc2023regulatione-1987884873","p1":"zue3us","p2":"newdun","format":"[Gen 9] VGC 2023 Regulation E","log":"|j|\u2606zue3us\n|j|\u2606newdun\n|t:|1699645805\n|gametype|doubles\n|player|p1|zue3us|cynthia|\n|player|p2|newdun|1|\n|teamsize|p1|6\n|teamsize|p2|6\n|gen|9\n|tier|[Gen 9] VGC 2023 Regulation E\n|rule|Species Clause: Limit one of each Pok\u00e9mon\n|rule|Item Clause: Limit one of each item\n|clearpoke\n|poke|p1|Shiftry, L50, F|\n|poke|p1|Ogerpon-Hearthflame, L50, F|\n|poke|p1|Gholdengo, L50|\n|poke|p1|Flutter Mane, L50|\n|poke|p1|Iron Hands, L50|\n|poke|p1|Illumise, L50, F|\n|poke|p2|Grimmsnarl, L50, M|\n|poke|p2|Okidogi, L50, M|\n|poke|p2|Urshifu-*, L50, F|\n|poke|p2|Ogerpon-Hearthflame, L50, F|\n|poke|p2|Arcanine-Hisui, L50, F|\n|poke|p2|Iron Bundle, L50|\n|teampreview|4\nnewdun has agreed to open team sheets.\nzue3us has agreed to open team sheets.\n|showteam|p1|Shiftry||FocusSash|WindRider|KnockOff,FakeOut,LeafBlade,Explosion|||F|||50|,,,,,Normal]Ogerpon-Hearthflame||HearthflameMask|MoldBreaker|IvyCudgel,WoodHammer,BrickBreak,SpikyShield|||F|||50|,,,,,Fire]Gholdengo||SitrusBerry|GoodasGold|MakeItRain,NastyPlot,Protect,ShadowBall||||||50|,,,,,Steel]Flutter Mane||ChoiceSpecs|Protosynthesis|DazzlingGleam,Moonblast,ShadowBall,Thunderbolt||||||50|,,,,,Fairy]Iron Hands||AssaultVest|QuarkDrive|FakeOut,DrainPunch,WildCharge,HeavySlam||||||50|,,,,,Water]Illumise||CovertCloak|Prankster|ThunderWave,Tailwind,SunnyDay,Uturn|||F|||50|,,,,,Bug\n|showteam|p2|Grimmsnarl||LightClay|Prankster|SpiritBreak,LightScreen,Reflect,PartingShot|||M|||50|,,,,,Ghost]Okidogi||Leftovers|GuardDog|Protect,DrainPunch,KnockOff,BulkUp|||M|||50|,,,,,Flying]Urshifu-Rapid-Strike||ChoiceScarf|UnseenFist|SurgingStrikes,CloseCombat,AquaJet,Uturn|||F|||50|,,,,,Water]Ogerpon-Hearthflame||HearthflameMask|MoldBreaker|SpikyShield,IvyCudgel,HornLeech,StompingTantrum|||F|||50|,,,,,Fire]Arcanine-Hisui||AssaultVest|Intimidate|ExtremeSpeed,RockSlide,FlareBlitz,TeraBlast|||F|||50|,,,,,Fairy]Iron Bundle||BoosterEnergy|QuarkDrive|TeraBlast,FreezeDry,IcyWind,Protect||||||50|,,,,,Ghost\n|\n|t:|1699645883\n|start\n|switch|p1a: Shiftry|Shiftry, L50, F|100\/100\n|switch|p1b: Illumise|Illumise, L50, F|100\/100\n|switch|p2a: Arcanine|Arcanine-Hisui, L50, F, shiny|100\/100\n|switch|p2b: Urshifu|Urshifu-Rapid-Strike, L50, F|100\/100\n|-ability|p2a: Arcanine|Intimidate|boost\n|-unboost|p1a: Shiftry|atk|1\n|-unboost|p1b: Illumise|atk|1\n|turn|1\n|\n|t:|1699645897\n|-terastallize|p2b: Urshifu|Water\n|move|p1a: Shiftry|Fake Out|p2a: Arcanine\n|-resisted|p2a: Arcanine\n|-crit|p2a: Arcanine\n|-damage|p2a: Arcanine|89\/100\n|cant|p2a: Arcanine|flinch\n|move|p1b: Illumise|Tailwind|p1b: Illumise\n|-sidestart|p1: zue3us|move: Tailwind\n|-ability|p1a: Shiftry|Wind Rider|boost\n|-boost|p1a: Shiftry|atk|1\n|move|p2b: Urshifu|Surging Strikes|p1a: Shiftry\n|-resisted|p1a: Shiftry\n|-crit|p1a: Shiftry\n|-damage|p1a: Shiftry|78\/100\n|-resisted|p1a: Shiftry\n|-crit|p1a: Shiftry\n|-damage|p1a: Shiftry|54\/100\n|-resisted|p1a: Shiftry\n|-crit|p1a: Shiftry\n|-damage|p1a: Shiftry|32\/100\n|-hitcount|p1a: Shiftry|3\n|\n|upkeep\n|turn|2\n|\n|t:|1699645917\n|move|p2a: Arcanine|Extreme Speed|p1a: Shiftry\n|-damage|p1a: Shiftry|0 fnt\n|faint|p1a: Shiftry\n|move|p2b: Urshifu|Surging Strikes|p1b: Illumise\n|-crit|p1b: Illumise\n|-damage|p1b: Illumise|60\/100\n|-crit|p1b: Illumise\n|-damage|p1b: Illumise|20\/100\n|-crit|p1b: Illumise\n|-damage|p1b: Illumise|0 fnt\n|faint|p1b: Illumise\n|-hitcount|p1: Illumise|3\n|\n|upkeep\n|\n|t:|1699645928\n|switch|p1a: Iron Hands|Iron Hands, L50|100\/100\n|switch|p1b: Flutter Mane|Flutter Mane, L50|100\/100\n|turn|3\n|\n|t:|1699645956\n|switch|p2b: Okidogi|Okidogi, L50, M|100\/100\n|switch|p2a: Grimmsnarl|Grimmsnarl, L50, M, shiny|100\/100\n|-terastallize|p1b: Flutter Mane|Fairy\n|move|p1b: Flutter Mane|Dazzling Gleam|p2a: Grimmsnarl|[spread] p2a,p2b\n|-supereffective|p2a: Grimmsnarl\n|-damage|p2a: Grimmsnarl|0 fnt\n|-damage|p2b: Okidogi|41\/100\n|faint|p2a: Grimmsnarl\n|move|p1a: Iron Hands|Drain Punch|p2b: Okidogi\n|-resisted|p2b: Okidogi\n|-damage|p2b: Okidogi|24\/100\n|\n|-heal|p2b: Okidogi|30\/100|[from] item: Leftovers\n|upkeep\n|\n|t:|1699645969\n|switch|p2a: Arcanine|Arcanine-Hisui, L50, F, shiny|89\/100\n|-ability|p2a: Arcanine|Intimidate|boost\n|-unboost|p1a: Iron Hands|atk|1\n|-unboost|p1b: Flutter Mane|atk|1\n|turn|4\n|\n|t:|1699645977\n|move|p2b: Okidogi|Protect|p2b: Okidogi\n|-singleturn|p2b: Okidogi|Protect\n|move|p2a: Arcanine|Extreme Speed|p1b: Flutter Mane\n|-damage|p1b: Flutter Mane|38\/100\n|move|p1b: Flutter Mane|Dazzling Gleam|p2a: Arcanine|[spread] p2a\n|-activate|p2b: Okidogi|move: Protect\n|-resisted|p2a: Arcanine\n|-damage|p2a: Arcanine|64\/100\n|move|p1a: Iron Hands|Drain Punch|p2a: Arcanine\n|-supereffective|p2a: Arcanine\n|-damage|p2a: Arcanine|0 fnt\n|faint|p2a: Arcanine\n|\n|-heal|p2b: Okidogi|36\/100|[from] item: Leftovers\n|-sideend|p1: zue3us|move: Tailwind\n|upkeep\n|\n|t:|1699645985\n|switch|p2a: Urshifu|Urshifu-Rapid-Strike, L50, F, tera:Water|100\/100\n|turn|5\n|\n|t:|1699646000\n|move|p2a: Urshifu|Aqua Jet|p1b: Flutter Mane\n|-damage|p1b: Flutter Mane|0 fnt\n|faint|p1b: Flutter Mane\n|-end|p1b: Flutter Mane|Protosynthesis|[silent]\n|move|p2b: Okidogi|Drain Punch|p1a: Iron Hands\n|-damage|p1a: Iron Hands|73\/100\n|-heal|p2b: Okidogi|54\/100|[from] drain|[of] p1a: Iron Hands\n|move|p1a: Iron Hands|Wild Charge|p2a: Urshifu\n|-supereffective|p2a: Urshifu\n|-damage|p2a: Urshifu|35\/100\n|-damage|p1a: Iron Hands|60\/100|[from] Recoil\n|\n|-heal|p2b: Okidogi|60\/100|[from] item: Leftovers\n|upkeep\n|turn|6\n|\n|t:|1699646015\n|move|p2a: Urshifu|Aqua Jet|p1a: Iron Hands\n|-damage|p1a: Iron Hands|37\/100\n|move|p2b: Okidogi|Bulk Up|p2b: Okidogi\n|-boost|p2b: Okidogi|atk|1\n|-boost|p2b: Okidogi|def|1\n|move|p1a: Iron Hands|Wild Charge|p2a: Urshifu\n|-supereffective|p2a: Urshifu\n|-damage|p2a: Urshifu|0 fnt\n|faint|p2a: Urshifu\n|-damage|p1a: Iron Hands|30\/100|[from] Recoil\n|\n|-heal|p2b: Okidogi|66\/100|[from] item: Leftovers\n|upkeep\n|turn|7\n|\n|t:|1699646035\n|move|p2b: Okidogi|Drain Punch|p1a: Iron Hands\n|-crit|p1a: Iron Hands\n|-damage|p1a: Iron Hands|0 fnt\n|-heal|p2b: Okidogi|85\/100|[from] drain|[of] p1a: Iron Hands\n|faint|p1a: Iron Hands\n|-end|p1a: Iron Hands|Quark Drive|[silent]\n|\n|win|newdun\n|l|\u2606zue3us\n","uploadtime":1699646516,"views":28,"p1id":"zue3us","p2id":"newdun","formatid":"gen9vgc2023regulatione","rating":0,"private":0,"password":""}