{"id":"gen9vgc2023regulatione-1999766039","p1":"Holibrand","p2":"Bale_007","format":"[Gen 9] VGC 2023 Regulation E","log":"|j|\u2606Holibrand\n|j|\u2606Bale_007\n|t:|1701114744\n|gametype|doubles\n|player|p1|Holibrand|pokemonbreeder-gen4|1246\n|player|p2|Bale_007|265|1287\n|teamsize|p1|6\n|teamsize|p2|6\n|gen|9\n|tier|[Gen 9] VGC 2023 Regulation E\n|rated|\n|rule|Species Clause: Limit one of each Pok\u00e9mon\n|rule|Item Clause: Limit one of each item\n|clearpoke\n|poke|p1|Urshifu-*, L50, M|\n|poke|p1|Regieleki, L50|\n|poke|p1|Gholdengo, L50|\n|poke|p1|Arcanine, L50, F|\n|poke|p1|Chi-Yu, L50|\n|poke|p1|Rillaboom, L50, M|\n|poke|p2|Chi-Yu, L50|\n|poke|p2|Gholdengo, L50|\n|poke|p2|Cresselia, L50, F|\n|poke|p2|Ogerpon-Wellspring, L50, F|\n|poke|p2|Landorus-Therian, L50, M|\n|poke|p2|Iron Hands, L50|\n|teampreview|4\n|inactive|Battle timer is ON: inactive players will automatically lose when time's up. (requested by Holibrand)\n|inactive|Holibrand has 60 seconds left.\n|inactive|Bale_007 has 60 seconds left.\n|\n|t:|1701114780\n|start\n|switch|p1a: Rillaboom|Rillaboom, L50, M, shiny|100\/100\n|switch|p1b: Chi-Yu|Chi-Yu, L50|100\/100\n|switch|p2a: Chi-Yu|Chi-Yu, L50|100\/100\n|switch|p2b: Landorus|Landorus-Therian, L50, M|100\/100\n|-ability|p1b: Chi-Yu|Beads of Ruin\n|-ability|p2b: Landorus|Intimidate|boost\n|-unboost|p1a: Rillaboom|atk|1\n|-unboost|p1b: Chi-Yu|atk|1\n|-ability|p2a: Chi-Yu|Beads of Ruin\n|-fieldstart|move: Grassy Terrain|[from] ability: Grassy Surge|[of] p1a: Rillaboom\n|turn|1\n|\n|t:|1701114797\n|-terastallize|p1b: Chi-Yu|Fire\n|move|p1a: Rillaboom|Fake Out|p2a: Chi-Yu\n|-damage|p2a: Chi-Yu|91\/100\n|move|p1b: Chi-Yu|Overheat|p2b: Landorus\n|-damage|p2b: Landorus|0 fnt\n|-unboost|p1b: Chi-Yu|spa|2\n|faint|p2b: Landorus\n|move|p2a: Chi-Yu|Snarl|p1b: Chi-Yu|[spread] p1a,p1b\n|-damage|p1a: Rillaboom|83\/100\n|-damage|p1b: Chi-Yu|79\/100\n|-unboost|p1a: Rillaboom|spa|1\n|-unboost|p1b: Chi-Yu|spa|1\n|\n|-heal|p1b: Chi-Yu|85\/100|[from] Grassy Terrain\n|-heal|p2a: Chi-Yu|97\/100|[from] Grassy Terrain\n|-heal|p1a: Rillaboom|89\/100|[from] Grassy Terrain\n|upkeep\n|\n|t:|1701114821\n|switch|p2b: Ogerpon|Ogerpon-Wellspring, L50, F|100\/100\n|turn|2\n|inactive|Holibrand has 30 seconds left.\n|\n|t:|1701114848\n|switch|p1b: Regieleki|Regieleki, L50|100\/100\n|move|p2b: Ogerpon|Ivy Cudgel|p1b: Regieleki|[anim] Ivy Cudgel Water\n|-damage|p1b: Regieleki|0 fnt\n|faint|p1b: Regieleki\n|move|p2a: Chi-Yu|Will-O-Wisp|p1a: Rillaboom\n|-status|p1a: Rillaboom|brn\n|move|p1a: Rillaboom|Knock Off|p2a: Chi-Yu\n|-resisted|p2a: Chi-Yu\n|-damage|p2a: Chi-Yu|92\/100\n|-enditem|p2a: Chi-Yu|Covert Cloak|[from] move: Knock Off|[of] p1a: Rillaboom\n|\n|-heal|p2a: Chi-Yu|98\/100|[from] Grassy Terrain\n|-heal|p1a: Rillaboom|95\/100 brn|[from] Grassy Terrain\n|-damage|p1a: Rillaboom|89\/100 brn|[from] brn\n|upkeep\n|\n|t:|1701114868\n|switch|p1b: Urshifu|Urshifu-Rapid-Strike, L50, M|100\/100\n|turn|3\n|inactive|Bale_007 has 30 seconds left.\n|\n|t:|1701114897\n|switch|p1a: Chi-Yu|Chi-Yu, L50, tera:Fire|85\/100\n|-ability|p1a: Chi-Yu|Beads of Ruin\n|move|p2b: Ogerpon|Follow Me|p2b: Ogerpon\n|-singleturn|p2b: Ogerpon|move: Follow Me\n|move|p1b: Urshifu|Surging Strikes|p2b: Ogerpon\n|-immune|p2b: Ogerpon|[from] ability: Water Absorb\n|move|p2a: Chi-Yu|Will-O-Wisp|p1b: Urshifu\n|-status|p1b: Urshifu|brn\n|\n|-heal|p1a: Chi-Yu|91\/100|[from] Grassy Terrain\n|-heal|p2a: Chi-Yu|100\/100|[from] Grassy Terrain\n|-damage|p1b: Urshifu|94\/100 brn|[from] brn\n|upkeep\n|turn|4\n|inactive|Bale_007 has 30 seconds left.\n|inactive|Bale_007 has 20 seconds left.\n|\n|t:|1701114935\n|-terastallize|p2a: Chi-Yu|Water\n|move|p1b: Urshifu|Detect|p1b: Urshifu\n|-singleturn|p1b: Urshifu|Protect\n|move|p2b: Ogerpon|Follow Me|p2b: Ogerpon\n|-singleturn|p2b: Ogerpon|move: Follow Me\n|move|p1a: Chi-Yu|Overheat|p2b: Ogerpon\n|-damage|p2b: Ogerpon|0 fnt\n|-unboost|p1a: Chi-Yu|spa|2\n|faint|p2b: Ogerpon\n|move|p2a: Chi-Yu|Snarl|p1a: Chi-Yu|[spread] p1a\n|-activate|p1b: Urshifu|move: Protect\n|-damage|p1a: Chi-Yu|68\/100\n|-unboost|p1a: Chi-Yu|spa|1\n|\n|-heal|p1a: Chi-Yu|74\/100|[from] Grassy Terrain\n|-heal|p1b: Urshifu|100\/100 brn|[from] Grassy Terrain\n|-damage|p1b: Urshifu|94\/100 brn|[from] brn\n|upkeep\n|\n|t:|1701114952\n|switch|p2b: Gholdengo|Gholdengo, L50|100\/100\n|turn|5\n|\n|t:|1701114966\n|move|p1a: Chi-Yu|Overheat|p2b: Gholdengo\n|-supereffective|p2b: Gholdengo\n|-damage|p2b: Gholdengo|0 fnt\n|-unboost|p1a: Chi-Yu|spa|2\n|faint|p2b: Gholdengo\n|move|p1b: Urshifu|Surging Strikes|p2a: Chi-Yu\n|-resisted|p2a: Chi-Yu\n|-crit|p2a: Chi-Yu\n|-damage|p2a: Chi-Yu|96\/100\n|-resisted|p2a: Chi-Yu\n|-crit|p2a: Chi-Yu\n|-damage|p2a: Chi-Yu|90\/100\n|-resisted|p2a: Chi-Yu\n|-crit|p2a: Chi-Yu\n|-damage|p2a: Chi-Yu|84\/100\n|-hitcount|p2a: Chi-Yu|3\n|move|p2a: Chi-Yu|Snarl|p1a: Chi-Yu|[spread] p1a,p1b\n|-resisted|p1b: Urshifu\n|-damage|p1a: Chi-Yu|50\/100\n|-damage|p1b: Urshifu|75\/100 brn\n|-unboost|p1a: Chi-Yu|spa|1\n|-unboost|p1b: Urshifu|spa|1\n|\n|-heal|p1a: Chi-Yu|57\/100|[from] Grassy Terrain\n|-heal|p1b: Urshifu|82\/100 brn|[from] Grassy Terrain\n|-heal|p2a: Chi-Yu|91\/100|[from] Grassy Terrain\n|-damage|p1b: Urshifu|75\/100 brn|[from] brn\n|-fieldend|move: Grassy Terrain\n|upkeep\n|turn|6\n|\n|t:|1701114989\n|switch|p1a: Rillaboom|Rillaboom, L50, M, shiny|89\/100 brn\n|-fieldstart|move: Grassy Terrain|[from] ability: Grassy Surge|[of] p1a: Rillaboom\n|move|p1b: Urshifu|Close Combat|p2a: Chi-Yu\n|-damage|p2a: Chi-Yu|57\/100\n|-unboost|p1b: Urshifu|def|1\n|-unboost|p1b: Urshifu|spd|1\n|move|p2a: Chi-Yu|Snarl|p1b: Urshifu|[spread] p1a,p1b\n|-resisted|p1b: Urshifu\n|-damage|p1a: Rillaboom|71\/100 brn\n|-damage|p1b: Urshifu|48\/100 brn\n|-unboost|p1a: Rillaboom|spa|1\n|-unboost|p1b: Urshifu|spa|1\n|\n|-heal|p1b: Urshifu|54\/100 brn|[from] Grassy Terrain\n|-heal|p2a: Chi-Yu|63\/100|[from] Grassy Terrain\n|-heal|p1a: Rillaboom|77\/100 brn|[from] Grassy Terrain\n|-damage|p1b: Urshifu|48\/100 brn|[from] brn\n|-damage|p1a: Rillaboom|71\/100 brn|[from] brn\n|upkeep\n|turn|7\n|-message|Bale_007 forfeited.\n|\n|win|Holibrand\n|raw|Holibrand's rating: 1246 &rarr; <strong>1274<\/strong><br \/>(+28 for winning)\n|raw|Bale_007's rating: 1287 &rarr; <strong>1259<\/strong><br \/>(-28 for losing)\n|l|\u2606Bale_007\n|l|\u2606Holibrand\n|j|\u2606Holibrand\n|player|p1|Holibrand|pokemonbreeder-gen4\n","uploadtime":1701115107,"views":11,"p1id":"holibrand","p2id":"bale007","formatid":"gen9vgc2023regulatione","rating":1259,"private":0,"password":""}