{"id":"gen9vgc2023regulatione-1994486975","p1":"Ozwald McFly","p2":"saitamahou758","format":"[Gen 9] VGC 2023 Regulation E","log":"|j|\u2606Ozwald McFly\n|j|\u2606saitamahou758\n|t:|1700449625\n|gametype|doubles\n|player|p1|Ozwald McFly|birdkeeper-gen4dp|1388\n|player|p2|saitamahou758|169|1388\n|teamsize|p1|6\n|teamsize|p2|6\n|gen|9\n|tier|[Gen 9] VGC 2023 Regulation E\n|rated|\n|rule|Species Clause: Limit one of each Pok\u00e9mon\n|rule|Item Clause: Limit one of each item\n|clearpoke\n|poke|p1|Noctowl, L50, F|\n|poke|p1|Sandy Shocks, L50|\n|poke|p1|Espeon, L50, F|\n|poke|p1|Indeedee-F, L50, F|\n|poke|p1|Iron Hands, L50|\n|poke|p1|Decidueye-Hisui, L50, M|\n|poke|p2|Flutter Mane, L50|\n|poke|p2|Chi-Yu, L50|\n|poke|p2|Ogerpon-Wellspring, L50, F|\n|poke|p2|Iron Hands, L50|\n|poke|p2|Oranguru, L50, M|\n|poke|p2|Ursaluna-Bloodmoon, L50, M|\n|teampreview|4\n|\n|t:|1700449688\n|start\n|switch|p1a: Iron Hands|Iron Hands, L50|100\/100\n|switch|p1b: Indeedee|Indeedee-F, L50, F|100\/100\n|switch|p2a: Flutter Mane|Flutter Mane, L50, shiny|100\/100\n|switch|p2b: Chi-Yu|Chi-Yu, L50|100\/100\n|-ability|p2b: Chi-Yu|Beads of Ruin\n|-fieldstart|move: Psychic Terrain|[from] ability: Psychic Surge|[of] p1b: Indeedee\n|-enditem|p2a: Flutter Mane|Booster Energy\n|-activate|p2a: Flutter Mane|ability: Protosynthesis|[fromitem]\n|-start|p2a: Flutter Mane|protosynthesisspe\n|turn|1\n|\n|t:|1700449715\n|-terastallize|p1a: Iron Hands|Fire\n|move|p2a: Flutter Mane|Protect|p2a: Flutter Mane\n|-singleturn|p2a: Flutter Mane|Protect\n|move|p2b: Chi-Yu|Heat Wave|p1b: Indeedee|[spread] p1a,p1b\n|-resisted|p1a: Iron Hands\n|-damage|p1a: Iron Hands|85\/100\n|-damage|p1b: Indeedee|46\/100\n|-enditem|p1b: Indeedee|Sitrus Berry|[eat]\n|-heal|p1b: Indeedee|71\/100|[from] item: Sitrus Berry\n|move|p1a: Iron Hands|Heavy Slam|p2a: Flutter Mane\n|-activate|p2a: Flutter Mane|move: Protect\n|move|p1b: Indeedee|Trick Room|p1b: Indeedee\n|-fieldstart|move: Trick Room|[of] p1b: Indeedee\n|\n|upkeep\n|turn|2\n|\n|t:|1700449744\n|-end|p2a: Flutter Mane|Protosynthesis|[silent]\n|switch|p2a: Ursaluna|Ursaluna-Bloodmoon, L50, M|100\/100\n|move|p2b: Chi-Yu|Protect|p2b: Chi-Yu\n|-singleturn|p2b: Chi-Yu|Protect\n|move|p1a: Iron Hands|Heavy Slam|p2a: Ursaluna\n|-damage|p2a: Ursaluna|88\/100\n|move|p1b: Indeedee|Psyshock|p2a: Ursaluna\n|-damage|p2a: Ursaluna|61\/100\n|\n|upkeep\n|turn|3\n|\n|t:|1700449761\n|-terastallize|p2a: Ursaluna|Ghost\n|move|p1b: Indeedee|Follow Me|p1b: Indeedee\n|-singleturn|p1b: Indeedee|move: Follow Me\n|move|p1a: Iron Hands|Drain Punch|p2b: Chi-Yu\n|-supereffective|p2b: Chi-Yu\n|-enditem|p2b: Chi-Yu|Focus Sash\n|-damage|p2b: Chi-Yu|1\/100\n|-heal|p1a: Iron Hands|100\/100|[from] drain|[of] p2b: Chi-Yu\n|move|p2a: Ursaluna|Hyper Voice|p1a: Iron Hands|[spread] p1a,p1b\n|-damage|p1a: Iron Hands|75\/100\n|-damage|p1b: Indeedee|22\/100\n|-enditem|p2a: Ursaluna|Throat Spray\n|-boost|p2a: Ursaluna|spa|1|[from] item: Throat Spray\n|move|p2b: Chi-Yu|Heat Wave|p1b: Indeedee|[spread] p1a,p1b\n|-resisted|p1a: Iron Hands\n|-damage|p1a: Iron Hands|61\/100\n|-damage|p1b: Indeedee|0 fnt\n|faint|p1b: Indeedee\n|\n|upkeep\n|\n|t:|1700449776\n|switch|p1b: Decidueye|Decidueye-Hisui, L50, M, shiny|100\/100\n|turn|4\n|\n|t:|1700449800\n|switch|p2b: Ogerpon|Ogerpon-Wellspring, L50, F|100\/100\n|move|p1a: Iron Hands|Drain Punch|p2b: Ogerpon\n|-damage|p2b: Ogerpon|48\/100\n|-heal|p1a: Iron Hands|81\/100|[from] drain|[of] p2b: Ogerpon\n|move|p2a: Ursaluna|Earth Power|p1a: Iron Hands\n|-supereffective|p1a: Iron Hands\n|-damage|p1a: Iron Hands|0 fnt\n|faint|p1a: Iron Hands\n|-end|p1a: Iron Hands|Quark Drive|[silent]\n|move|p1b: Decidueye|Triple Arrows|p2a: Ursaluna\n|-crit|p2a: Ursaluna\n|-damage|p2a: Ursaluna|10\/100\n|\n|upkeep\n|\n|t:|1700449813\n|switch|p1a: Espeon|Espeon, L50, F|100\/100\n|turn|5\n|\n|t:|1700449828\n|move|p1a: Espeon|Detect|p1a: Espeon\n|-singleturn|p1a: Espeon|Protect\n|move|p2b: Ogerpon|Follow Me|p2b: Ogerpon\n|-singleturn|p2b: Ogerpon|move: Follow Me\n|move|p2a: Ursaluna|Hyper Voice|p1b: Decidueye|[spread] p1b\n|-activate|p1a: Espeon|move: Protect\n|-damage|p1b: Decidueye|49\/100\n|move|p1b: Decidueye|Triple Arrows|p2b: Ogerpon\n|-damage|p2b: Ogerpon|0 fnt\n|faint|p2b: Ogerpon\n|\n|-fieldend|move: Trick Room\n|-fieldend|move: Psychic Terrain\n|upkeep\n|\n|t:|1700449845\n|switch|p2b: Flutter Mane|Flutter Mane, L50, shiny|100\/100\n|turn|6\n|\n|t:|1700449854\n|move|p2b: Flutter Mane|Protect|p2b: Flutter Mane\n|-singleturn|p2b: Flutter Mane|Protect\n|move|p1b: Decidueye|Protect|p1b: Decidueye\n|-singleturn|p1b: Decidueye|Protect\n|move|p1a: Espeon|Dazzling Gleam|p2b: Flutter Mane|[spread] p2a\n|-activate|p2b: Flutter Mane|move: Protect\n|-damage|p2a: Ursaluna|0 fnt\n|faint|p2a: Ursaluna\n|\n|upkeep\n|\n|t:|1700449865\n|switch|p2a: Chi-Yu|Chi-Yu, L50|1\/100\n|-ability|p2a: Chi-Yu|Beads of Ruin\n|turn|7\n|\n|t:|1700449884\n|move|p2a: Chi-Yu|Protect|p2a: Chi-Yu\n|-singleturn|p2a: Chi-Yu|Protect\n|move|p2b: Flutter Mane|Moonblast|p1b: Decidueye\n|-supereffective|p1b: Decidueye\n|-damage|p1b: Decidueye|0 fnt\n|faint|p1b: Decidueye\n|move|p1a: Espeon|Dazzling Gleam|p2b: Flutter Mane|[spread] p2b\n|-activate|p2a: Chi-Yu|move: Protect\n|-damage|p2b: Flutter Mane|75\/100\n|\n|upkeep\n|turn|8\n|\n|t:|1700449899\n|move|p1a: Espeon|Detect|p1a: Espeon\n|-singleturn|p1a: Espeon|Protect\n|move|p2b: Flutter Mane|Shadow Ball|p1a: Espeon\n|-activate|p1a: Espeon|move: Protect\n|move|p2a: Chi-Yu|Dark Pulse|p1a: Espeon\n|-activate|p1a: Espeon|move: Protect\n|\n|upkeep\n|turn|9\n|\n|t:|1700449911\n|move|p2a: Chi-Yu|Protect|p2a: Chi-Yu\n|-singleturn|p2a: Chi-Yu|Protect\n|move|p2b: Flutter Mane|Shadow Ball|p1a: Espeon\n|-supereffective|p1a: Espeon\n|-enditem|p1a: Espeon|Focus Sash\n|-damage|p1a: Espeon|1\/100\n|move|p1a: Espeon|Dazzling Gleam|p2b: Flutter Mane|[spread] p2b\n|-activate|p2a: Chi-Yu|move: Protect\n|-damage|p2b: Flutter Mane|49\/100\n|\n|upkeep\n|turn|10\n|\n|t:|1700449925\n|move|p2b: Flutter Mane|Shadow Ball|p1a: Espeon\n|-supereffective|p1a: Espeon\n|-damage|p1a: Espeon|0 fnt\n|faint|p1a: Espeon\n|\n|win|saitamahou758\n|raw|Ozwald McFly's rating: 1388 &rarr; <strong>1368<\/strong><br \/>(-20 for losing)\n|raw|saitamahou758's rating: 1388 &rarr; <strong>1408<\/strong><br \/>(+20 for winning)\n","uploadtime":1700449932,"views":7,"p1id":"ozwaldmcfly","p2id":"saitamahou758","formatid":"gen9vgc2023regulatione","rating":1368,"private":0,"password":""}