{"id":"gen9vgc2023regulatione-1994316227","p1":"Kzjekz","p2":"Kung-Pow Pengu","format":"[Gen 9] VGC 2023 Regulation E","log":"|j|\u2606Kzjekz\n|j|\u2606Kung-Pow Pengu\n|t:|1700430322\n|gametype|doubles\n|player|p1|Kzjekz|lance|1044\n|player|p2|Kung-Pow Pengu|shadowtriad|1000\n|teamsize|p1|6\n|teamsize|p2|6\n|gen|9\n|tier|[Gen 9] VGC 2023 Regulation E\n|rated|\n|rule|Species Clause: Limit one of each Pok\u00e9mon\n|rule|Item Clause: Limit one of each item\n|clearpoke\n|poke|p1|Flutter Mane, L50|\n|poke|p1|Tornadus, L50, M|\n|poke|p1|Rillaboom, L50, F|\n|poke|p1|Garganacl, L50, M|\n|poke|p1|Arcanine-Hisui, L50, F|\n|poke|p1|Chien-Pao, L50|\n|poke|p2|Maushold-Four, L50|\n|poke|p2|Corviknight, L50, M|\n|poke|p2|Dragapult, L50, F|\n|poke|p2|Dondozo, L50, M|\n|poke|p2|Falinks, L50|\n|poke|p2|Hydreigon, L50, M|\n|teampreview|4\n|\n|t:|1700430349\n|start\n|switch|p1a: Tornadus|Tornadus, L50, M|100\/100\n|switch|p1b: Garganacl|Garganacl, L50, M|100\/100\n|switch|p2a: Falinks|Falinks, L50, shiny|100\/100\n|switch|p2b: Corviknight|Corviknight, L50, M, shiny|100\/100\n|turn|1\n|\n|t:|1700430369\n|-terastallize|p1b: Garganacl|Ghost\n|move|p1a: Tornadus|Taunt|p2a: Falinks\n|-start|p2a: Falinks|move: Taunt\n|move|p2b: Corviknight|Drill Peck|p1b: Garganacl\n|-damage|p1b: Garganacl|84\/100\n|move|p2a: Falinks|High Horsepower|p1b: Garganacl\n|-damage|p1b: Garganacl|66\/100\n|move|p1b: Garganacl|Salt Cure|p2b: Corviknight\n|-damage|p2b: Corviknight|89\/100\n|-start|p2b: Corviknight|Salt Cure\n|\n|-damage|p2b: Corviknight|64\/100|[from] Salt Cure\n|upkeep\n|turn|2\n|\n|t:|1700430401\n|move|p1a: Tornadus|Bleakwind Storm|p2a: Falinks|[spread] p2a,p2b\n|-supereffective|p2a: Falinks\n|-resisted|p2b: Corviknight\n|-enditem|p2a: Falinks|Focus Sash\n|-damage|p2a: Falinks|1\/100\n|-damage|p2b: Corviknight|49\/100\n|move|p2b: Corviknight|Flash Cannon|p1b: Garganacl\n|-damage|p1b: Garganacl|51\/100\n|move|p2a: Falinks|High Horsepower|p1b: Garganacl\n|-damage|p1b: Garganacl|31\/100\n|-enditem|p1b: Garganacl|Sitrus Berry|[eat]\n|-heal|p1b: Garganacl|56\/100|[from] item: Sitrus Berry\n|move|p1b: Garganacl|Iron Defense|p1b: Garganacl\n|-boost|p1b: Garganacl|def|2\n|\n|-damage|p2b: Corviknight|24\/100|[from] Salt Cure\n|upkeep\n|turn|3\n|\n|t:|1700430420\n|move|p1a: Tornadus|Tailwind|p1a: Tornadus\n|-sidestart|p1: Kzjekz|move: Tailwind\n|move|p1b: Garganacl|Recover|p1b: Garganacl\n|-heal|p1b: Garganacl|100\/100\n|move|p2b: Corviknight|Brave Bird|p1a: Tornadus\n|-damage|p1a: Tornadus|50\/100\n|-damage|p2b: Corviknight|8\/100|[from] item: Rocky Helmet|[of] p1a: Tornadus\n|-damage|p2b: Corviknight|0 fnt|[from] Recoil\n|faint|p2b: Corviknight\n|move|p2a: Falinks|Counter||[still]\n|-fail|p2a: Falinks\n|\n|-end|p2a: Falinks|move: Taunt\n|upkeep\n|\n|t:|1700430436\n|switch|p2b: Dondozo|Dondozo, L50, M|100\/100\n|turn|4\n|\n|t:|1700430443\n|move|p1a: Tornadus|Bleakwind Storm|p2b: Dondozo|[spread] p2b\n|-miss|p1a: Tornadus|p2a: Falinks\n|-damage|p2b: Dondozo|68\/100\n|-unboost|p2b: Dondozo|spe|1\n|move|p1b: Garganacl|Salt Cure|p2b: Dondozo\n|-crit|p2b: Dondozo\n|-damage|p2b: Dondozo|55\/100\n|-start|p2b: Dondozo|Salt Cure\n|move|p2b: Dondozo|Surf|p1a: Tornadus|[spread] p2a,p1a,p1b\n|-damage|p2a: Falinks|0 fnt\n|-damage|p1a: Tornadus|37\/100\n|-damage|p1b: Garganacl|87\/100\n|faint|p2a: Falinks\n|\n|-damage|p2b: Dondozo|30\/100|[from] Salt Cure\n|upkeep\n|\n|t:|1700430457\n|switch|p2a: Maushold|Maushold-Four, L50|100\/100\n|turn|5\n|\n|t:|1700430465\n|move|p1a: Tornadus|Sunny Day|p1a: Tornadus\n|-weather|SunnyDay\n|move|p2a: Maushold|Population Bomb|p1b: Garganacl\n|-immune|p1b: Garganacl\n|move|p1b: Garganacl|Iron Defense|p1b: Garganacl\n|-boost|p1b: Garganacl|def|2\n|move|p2b: Dondozo|Body Press|p1a: Tornadus\n|-resisted|p1a: Tornadus\n|-damage|p1a: Tornadus|19\/100\n|-damage|p2b: Dondozo|14\/100|[from] item: Rocky Helmet|[of] p1a: Tornadus\n|\n|-weather|SunnyDay|[upkeep]\n|-damage|p2b: Dondozo|0 fnt|[from] Salt Cure\n|faint|p2b: Dondozo\n|upkeep\n|turn|6\n|\n|t:|1700430480\n|move|p1a: Tornadus|Taunt|p2a: Maushold\n|-start|p2a: Maushold|move: Taunt\n|move|p2a: Maushold|Crunch|p1a: Tornadus\n|-damage|p1a: Tornadus|0 fnt\n|-damage|p2a: Maushold|84\/100|[from] item: Rocky Helmet|[of] p1a: Tornadus\n|faint|p1a: Tornadus\n|move|p1b: Garganacl|Salt Cure|p2a: Maushold\n|-damage|p2a: Maushold|66\/100\n|-start|p2a: Maushold|Salt Cure\n|\n|-weather|SunnyDay|[upkeep]\n|-damage|p2a: Maushold|54\/100|[from] Salt Cure\n|-sideend|p1: Kzjekz|move: Tailwind\n|upkeep\n|\n|t:|1700430490\n|switch|p1a: Rillaboom|Rillaboom, L50, F|100\/100\n|-fieldstart|move: Grassy Terrain|[from] ability: Grassy Surge|[of] p1a: Rillaboom\n|turn|7\n|\n|t:|1700430498\n|-terastallize|p2a: Maushold|Normal\n|move|p1a: Rillaboom|Fake Out|p2a: Maushold\n|-damage|p2a: Maushold|37\/100\n|cant|p2a: Maushold|flinch\n|move|p1b: Garganacl|Iron Defense|p1b: Garganacl\n|-boost|p1b: Garganacl|def|2\n|\n|-weather|SunnyDay|[upkeep]\n|-heal|p2a: Maushold|43\/100|[from] Grassy Terrain\n|-heal|p1b: Garganacl|93\/100|[from] Grassy Terrain\n|-damage|p2a: Maushold|31\/100|[from] Salt Cure\n|upkeep\n|turn|8\n|\n|t:|1700430516\n|move|p2a: Maushold|Tera Blast|p1a: Rillaboom|[anim] Tera Blast Normal\n|-damage|p1a: Rillaboom|65\/100\n|move|p1a: Rillaboom|Drain Punch|p2a: Maushold\n|-supereffective|p2a: Maushold\n|-damage|p2a: Maushold|0 fnt\n|-heal|p1a: Rillaboom|77\/100|[from] drain|[of] p2a: Maushold\n|faint|p2a: Maushold\n|\n|win|Kzjekz\n|raw|Kzjekz's rating: 1044 &rarr; <strong>1073<\/strong><br \/>(+29 for winning)\n|raw|Kung-Pow Pengu's rating: 1000 &rarr; <strong>1000<\/strong><br \/>(+0 for losing)\n","uploadtime":1700430526,"views":4,"p1id":"kzjekz","p2id":"kungpowpengu","formatid":"gen9vgc2023regulatione","rating":1000,"private":0,"password":""}