{"id":"gen9vgc2023regulatione-1999641008","p1":"LowEloGrind","p2":"Hgcrafter247","format":"[Gen 9] VGC 2023 Regulation E","log":"|j|\u2606LowEloGrind\n|j|\u2606Hgcrafter247\n|t:|1701103740\n|gametype|doubles\n|player|p1|LowEloGrind|1|1252\n|player|p2|Hgcrafter247|wikstrom|1173\n|teamsize|p1|6\n|teamsize|p2|6\n|gen|9\n|tier|[Gen 9] VGC 2023 Regulation E\n|rated|\n|rule|Species Clause: Limit one of each Pok\u00e9mon\n|rule|Item Clause: Limit one of each item\n|clearpoke\n|poke|p1|Iron Hands, L50|\n|poke|p1|Sinistcha, L50|\n|poke|p1|Arcanine-Hisui, L50, F|\n|poke|p1|Moltres-Galar, L50|\n|poke|p1|Iron Bundle, L50|\n|poke|p1|Ninetales-Alola, L50, M|\n|poke|p2|Indeedee-F, L50, F|\n|poke|p2|Armarouge, L50, F|\n|poke|p2|Hatterene, L50, F|\n|poke|p2|Ursaluna, L50, F|\n|poke|p2|Urshifu-*, L50, M|\n|poke|p2|Torkoal, L50, M|\n|teampreview|4\n|inactive|Battle timer is ON: inactive players will automatically lose when time's up. (requested by LowEloGrind)\n|\n|t:|1701103821\n|start\n|switch|p1a: Family Disaster|Moltres-Galar, L50|100\/100\n|switch|p1b: Under the Tree|Iron Bundle, L50|100\/100\n|switch|p2a: Urshifu|Urshifu, L50, M|100\/100\n|switch|p2b: Hatterene|Hatterene, L50, F|100\/100\n|-enditem|p1b: Under the Tree|Booster Energy\n|-activate|p1b: Under the Tree|ability: Quark Drive|[fromitem]\n|-start|p1b: Under the Tree|quarkdrivespe\n|turn|1\n|\n|t:|1701103837\n|move|p1b: Under the Tree|Freeze-Dry|p2a: Urshifu\n|-damage|p2a: Urshifu|49\/100\n|move|p2a: Urshifu|Close Combat|p1b: Under the Tree\n|-supereffective|p1b: Under the Tree\n|-damage|p1b: Under the Tree|0 fnt\n|-unboost|p2a: Urshifu|def|1\n|-unboost|p2a: Urshifu|spd|1\n|faint|p1b: Under the Tree\n|-end|p1b: Under the Tree|Quark Drive|[silent]\n|move|p1a: Family Disaster|Nasty Plot|p1a: Family Disaster\n|-boost|p1a: Family Disaster|spa|2\n|move|p2b: Hatterene|Trick Room|p2b: Hatterene\n|-fieldstart|move: Trick Room|[of] p2b: Hatterene\n|\n|upkeep\n|\n|t:|1701103850\n|switch|p1b: Snowing!!!!!|Ninetales-Alola, L50, M|100\/100\n|-weather|Snow|[from] ability: Snow Warning|[of] p1b: Snowing!!!!!\n|turn|2\n|\n|t:|1701103865\n|move|p2b: Hatterene|Dazzling Gleam|p1b: Snowing!!!!!|[spread] p1a,p1b\n|-supereffective|p1a: Family Disaster\n|-damage|p1a: Family Disaster|32\/100\n|-damage|p1b: Snowing!!!!!|60\/100\n|-ability|p1a: Family Disaster|Berserk|boost\n|-boost|p1a: Family Disaster|spa|1\n|-damage|p2b: Hatterene|91\/100|[from] item: Life Orb\n|-enditem|p1a: Family Disaster|Sitrus Berry|[eat]\n|-heal|p1a: Family Disaster|57\/100|[from] item: Sitrus Berry\n|move|p1a: Family Disaster|Fiery Wrath|p2b: Hatterene|[spread] p2a,p2b\n|-resisted|p2a: Urshifu\n|-crit|p2a: Urshifu\n|-damage|p2a: Urshifu|0 fnt\n|-damage|p2b: Hatterene|15\/100\n|faint|p2a: Urshifu\n|move|p1b: Snowing!!!!!|Aurora Veil|p1b: Snowing!!!!!\n|-sidestart|p1: LowEloGrind|move: Aurora Veil\n|\n|-weather|Snow|[upkeep]\n|upkeep\n|\n|t:|1701103879\n|switch|p2a: Armarouge|Armarouge, L50, F|100\/100\n|turn|3\n|\n|t:|1701103892\n|switch|p1b: Mint Hot Chocolate|Sinistcha, L50|100\/100\n|-heal|p1a: Family Disaster|82\/100|[from] ability: Hospitality|[of] p1b: Mint Hot Chocolate\n|move|p2b: Hatterene|Dazzling Gleam|p1a: Family Disaster|[spread] p1a,p1b\n|-supereffective|p1a: Family Disaster\n|-damage|p1a: Family Disaster|39\/100\n|-damage|p1b: Mint Hot Chocolate|71\/100\n|-ability|p1a: Family Disaster|Berserk|boost\n|-boost|p1a: Family Disaster|spa|1\n|-damage|p2b: Hatterene|5\/100|[from] item: Life Orb\n|move|p2a: Armarouge|Heat Wave|p1a: Family Disaster|[spread] p1a,p1b\n|-supereffective|p1b: Mint Hot Chocolate\n|-damage|p1a: Family Disaster|19\/100\n|-damage|p1b: Mint Hot Chocolate|25\/100\n|-status|p1a: Family Disaster|brn\n|move|p1a: Family Disaster|Fiery Wrath|p2b: Hatterene|[spread] p2a,p2b\n|-supereffective|p2a: Armarouge\n|-damage|p2a: Armarouge|0 fnt\n|-damage|p2b: Hatterene|0 fnt\n|faint|p2a: Armarouge\n|faint|p2b: Hatterene\n|\n|-weather|Snow|[upkeep]\n|-damage|p1a: Family Disaster|13\/100 brn|[from] brn\n|upkeep\n|\n|t:|1701103908\n|switch|p2b: Ursaluna|Ursaluna, L50, F|100\/100\n|turn|4\n|\n|t:|1701103920\n|move|p2b: Ursaluna|Facade|p1a: Family Disaster\n|-damage|p1a: Family Disaster|0 fnt\n|faint|p1a: Family Disaster\n|move|p1b: Mint Hot Chocolate|Strength Sap|p2b: Ursaluna\n|-unboost|p2b: Ursaluna|atk|1\n|-heal|p1b: Mint Hot Chocolate|100\/100\n|\n|-weather|Snow|[upkeep]\n|-status|p2b: Ursaluna|brn|[from] item: Flame Orb\n|upkeep\n|\n|t:|1701103929\n|switch|p1a: Snowing!!!!!|Ninetales-Alola, L50, M|60\/100\n|turn|5\n|\n|t:|1701103935\n|-terastallize|p2b: Ursaluna|Ghost\n|move|p1b: Mint Hot Chocolate|Protect|p1b: Mint Hot Chocolate\n|-singleturn|p1b: Mint Hot Chocolate|Protect\n|move|p1a: Snowing!!!!!|Protect|p1a: Snowing!!!!!\n|-singleturn|p1a: Snowing!!!!!|Protect\n|move|p2b: Ursaluna|Swords Dance|p2b: Ursaluna\n|-boost|p2b: Ursaluna|atk|2\n|\n|-weather|Snow|[upkeep]\n|-damage|p2b: Ursaluna|95\/100 brn|[from] brn\n|-fieldend|move: Trick Room\n|upkeep\n|turn|6\n|\n|t:|1701103958\n|move|p1a: Snowing!!!!!|Blizzard|p2b: Ursaluna\n|-damage|p2b: Ursaluna|63\/100 brn\n|move|p1b: Mint Hot Chocolate|Strength Sap|p2b: Ursaluna\n|-unboost|p2b: Ursaluna|atk|1\n|move|p2b: Ursaluna|Facade|p1a: Snowing!!!!!\n|-damage|p1a: Snowing!!!!!|0 fnt\n|faint|p1a: Snowing!!!!!\n|\n|-weather|none\n|-damage|p2b: Ursaluna|57\/100 brn|[from] brn\n|upkeep\n|turn|7\n|\n|t:|1701103973\n|move|p1b: Mint Hot Chocolate|Protect|p1b: Mint Hot Chocolate\n|-singleturn|p1b: Mint Hot Chocolate|Protect\n|move|p2b: Ursaluna|Swords Dance|p2b: Ursaluna\n|-boost|p2b: Ursaluna|atk|2\n|\n|-damage|p2b: Ursaluna|51\/100 brn|[from] brn\n|upkeep\n|turn|8\n|\n|t:|1701103981\n|move|p1b: Mint Hot Chocolate|Strength Sap|p2b: Ursaluna\n|-unboost|p2b: Ursaluna|atk|1\n|move|p2b: Ursaluna|Swords Dance|p2b: Ursaluna\n|-boost|p2b: Ursaluna|atk|2\n|\n|-damage|p2b: Ursaluna|45\/100 brn|[from] brn\n|upkeep\n|turn|9\n|\n|t:|1701103991\n|move|p1b: Mint Hot Chocolate|Matcha Gotcha|p2b: Ursaluna\n|-damage|p2b: Ursaluna|14\/100 brn\n|move|p2b: Ursaluna|Headlong Rush|p1b: Mint Hot Chocolate\n|-resisted|p1b: Mint Hot Chocolate\n|-damage|p1b: Mint Hot Chocolate|24\/100\n|-unboost|p2b: Ursaluna|def|1\n|-unboost|p2b: Ursaluna|spd|1\n|\n|-damage|p2b: Ursaluna|9\/100 brn|[from] brn\n|-sideend|p1: LowEloGrind|move: Aurora Veil\n|upkeep\n|turn|10\n|\n|t:|1701104001\n|move|p1b: Mint Hot Chocolate|Matcha Gotcha|p2b: Ursaluna\n|-damage|p2b: Ursaluna|0 fnt\n|-heal|p1b: Mint Hot Chocolate|29\/100|[from] drain|[of] p2b: Ursaluna\n|faint|p2b: Ursaluna\n|\n|win|LowEloGrind\n|raw|LowEloGrind's rating: 1252 &rarr; <strong>1271<\/strong><br \/>(+19 for winning)\n|raw|Hgcrafter247's rating: 1173 &rarr; <strong>1154<\/strong><br \/>(-19 for losing)\n|l|\u2606Hgcrafter247\n","uploadtime":1701104009,"views":6,"p1id":"lowelogrind","p2id":"hgcrafter247","formatid":"gen9vgc2023regulatione","rating":1154,"private":0,"password":""}