{"id":"gen9vgc2023regulatione-1994312871","p1":"Amey4est7343","p2":"Lbbones","format":"[Gen 9] VGC 2023 Regulation E","log":"|j|\u2606Amey4est7343\n|j|\u2606Lbbones\n|t:|1700429960\n|gametype|doubles\n|player|p1|Amey4est7343|clemont|1148\n|player|p2|Lbbones|102|1126\n|teamsize|p1|6\n|teamsize|p2|6\n|gen|9\n|tier|[Gen 9] VGC 2023 Regulation E\n|rated|\n|rule|Species Clause: Limit one of each Pok\u00e9mon\n|rule|Item Clause: Limit one of each item\n|clearpoke\n|poke|p1|Oranguru, L50, F|\n|poke|p1|Hariyama, L50, M|\n|poke|p1|Amoonguss, L50, M|\n|poke|p1|Kingambit, L50, F|\n|poke|p1|Dragonite, L50, F|\n|poke|p1|Arcanine-Hisui, L50, F|\n|poke|p2|Tornadus, L50, M|\n|poke|p2|Mamoswine, L50, M|\n|poke|p2|Flutter Mane, L50|\n|poke|p2|Chi-Yu, L50|\n|poke|p2|Ogerpon-Wellspring, L50, F|\n|poke|p2|Iron Hands, L50|\n|teampreview|4\n|\n|t:|1700429993\n|start\n|switch|p1a: Oranguru|Oranguru, L50, F|100\/100\n|switch|p1b: Hariyama|Hariyama, L50, M|100\/100\n|switch|p2a: Tornadus|Tornadus, L50, M|100\/100\n|switch|p2b: Chi-Yu|Chi-Yu, L50|100\/100\n|-ability|p2b: Chi-Yu|Beads of Ruin\n|turn|1\n|\n|t:|1700430013\n|-terastallize|p2b: Chi-Yu|Grass\n|move|p1b: Hariyama|Fake Out|p2b: Chi-Yu\n|-damage|p2b: Chi-Yu|80\/100\n|move|p2a: Tornadus|Taunt|p1a: Oranguru\n|-start|p1a: Oranguru|move: Taunt\n|cant|p2b: Chi-Yu|flinch\n|cant|p1a: Oranguru|move: Taunt|Trick Room\n|\n|-heal|p2b: Chi-Yu|85\/100|[from] item: Leftovers\n|-status|p1b: Hariyama|brn|[from] item: Flame Orb\n|upkeep\n|turn|2\n|\n|t:|1700430031\n|move|p2b: Chi-Yu|Heat Wave|p1a: Oranguru|[spread] p1a,p1b\n|-damage|p1a: Oranguru|61\/100\n|-damage|p1b: Hariyama|55\/100 brn\n|move|p2a: Tornadus|Bleakwind Storm|p1a: Oranguru|[spread] p1a,p1b\n|-supereffective|p1b: Hariyama\n|-damage|p1a: Oranguru|26\/100\n|-damage|p1b: Hariyama|0 fnt\n|faint|p1b: Hariyama\n|move|p1a: Oranguru|Psychic|p2b: Chi-Yu\n|-damage|p2b: Chi-Yu|55\/100\n|\n|-heal|p2b: Chi-Yu|61\/100|[from] item: Leftovers\n|upkeep\n|\n|t:|1700430035\n|switch|p1b: Dragonite|Dragonite, L50, F, shiny|100\/100\n|turn|3\n|\n|t:|1700430049\n|-terastallize|p1b: Dragonite|Normal\n|move|p1b: Dragonite|Extreme Speed|p2b: Chi-Yu\n|-damage|p2b: Chi-Yu|0 fnt\n|faint|p2b: Chi-Yu\n|move|p2a: Tornadus|Bleakwind Storm|p1a: Oranguru|[spread] p1a,p1b\n|-crit|p1b: Dragonite\n|-damage|p1a: Oranguru|3\/100\n|-damage|p1b: Dragonite|48\/100\n|-unboost|p1b: Dragonite|spe|1\n|move|p1a: Oranguru|Psychic|p2a: Tornadus\n|-damage|p2a: Tornadus|68\/100\n|\n|-end|p1a: Oranguru|move: Taunt\n|upkeep\n|\n|t:|1700430065\n|switch|p2b: Iron Hands|Iron Hands, L50|100\/100\n|turn|4\n|\n|t:|1700430074\n|switch|p1b: Kingambit|Kingambit, L50, F|100\/100\n|move|p2a: Tornadus|Taunt|p1a: Oranguru\n|-start|p1a: Oranguru|move: Taunt\n|move|p2b: Iron Hands|Drain Punch|p1b: Kingambit\n|-supereffective|p1b: Kingambit\n|-damage|p1b: Kingambit|0 fnt\n|faint|p1b: Kingambit\n|move|p1a: Oranguru|Psychic|p2b: Iron Hands\n|-supereffective|p2b: Iron Hands\n|-damage|p2b: Iron Hands|73\/100\n|\n|upkeep\n|\n|t:|1700430079\n|switch|p1b: Dragonite|Dragonite, L50, F, shiny, tera:Normal|48\/100\n|turn|5\n|\n|t:|1700430100\n|move|p1b: Dragonite|Extreme Speed|p2a: Tornadus\n|-crit|p2a: Tornadus\n|-damage|p2a: Tornadus|0 fnt\n|faint|p2a: Tornadus\n|move|p2b: Iron Hands|Drain Punch|p1b: Dragonite\n|-supereffective|p1b: Dragonite\n|-damage|p1b: Dragonite|0 fnt\n|-heal|p2b: Iron Hands|90\/100|[from] drain|[of] p1b: Dragonite\n|faint|p1b: Dragonite\n|move|p1a: Oranguru|Psychic|p2b: Iron Hands\n|-supereffective|p2b: Iron Hands\n|-damage|p2b: Iron Hands|62\/100\n|\n|upkeep\n|\n|t:|1700430112\n|switch|p2a: Mamoswine|Mamoswine, L50, M|100\/100\n|turn|6\n|-message|Amey4est7343 forfeited.\n|\n|win|Lbbones\n|raw|Amey4est7343's rating: 1148 &rarr; <strong>1121<\/strong><br \/>(-27 for losing)\n|raw|Lbbones's rating: 1126 &rarr; <strong>1153<\/strong><br \/>(+27 for winning)\n|l|\u2606Amey4est7343\n","uploadtime":1700430126,"views":9,"p1id":"amey4est7343","p2id":"lbbones","formatid":"gen9vgc2023regulatione","rating":1121,"private":0,"password":""}