{"id":"gen9vgc2023regulatione-1989787213","p1":"Clas5yboi","p2":"beelzebruno","format":"[Gen 9] VGC 2023 Regulation E","log":"|j|\u2606Clas5yboi\n|j|\u2606beelzebruno\n|t:|1699895710\n|gametype|doubles\n|player|p1|Clas5yboi|gambler|1124\n|player|p2|beelzebruno|170|1121\n|teamsize|p1|6\n|teamsize|p2|6\n|gen|9\n|tier|[Gen 9] VGC 2023 Regulation E\n|rated|\n|rule|Species Clause: Limit one of each Pok\u00e9mon\n|rule|Item Clause: Limit one of each item\n|clearpoke\n|poke|p1|Goodra-Hisui, L50, F|\n|poke|p1|Overqwil, L50, F|\n|poke|p1|Articuno-Galar, L50|\n|poke|p1|Flutter Mane, L50|\n|poke|p1|Urshifu-*, L50, F|\n|poke|p1|Iron Bundle, L50|\n|poke|p2|Medicham, L50, M|\n|poke|p2|Gholdengo, L50|\n|poke|p2|Flutter Mane, L50|\n|poke|p2|Iron Hands, L50|\n|poke|p2|Dragonite, L50, M|\n|poke|p2|Arcanine-Hisui, L50, M|\n|teampreview|4\n|inactive|Battle timer is ON: inactive players will automatically lose when time's up. (requested by Clas5yboi)\n|inactive|Clas5yboi has 60 seconds left.\n|\n|t:|1699895753\n|start\n|switch|p1a: Flutter Mane|Flutter Mane, L50|100\/100\n|switch|p1b: Iron Bundle|Iron Bundle, L50|100\/100\n|switch|p2a: Medicham|Medicham, L50, M|100\/100\n|switch|p2b: Magic Pot|Gholdengo, L50|100\/100\n|-enditem|p1b: Iron Bundle|Booster Energy\n|-activate|p1b: Iron Bundle|ability: Quark Drive|[fromitem]\n|-start|p1b: Iron Bundle|quarkdrivespe\n|turn|1\n|inactive|beelzebruno has 30 seconds left.\n|\n|t:|1699895781\n|move|p2a: Medicham|Fake Out|p1b: Iron Bundle\n|-damage|p1b: Iron Bundle|85\/100\n|cant|p1b: Iron Bundle|flinch\n|move|p1a: Flutter Mane|Shadow Ball|p2b: Magic Pot\n|-supereffective|p2b: Magic Pot\n|-damage|p2b: Magic Pot|0 fnt\n|faint|p2b: Magic Pot\n|-damage|p1a: Flutter Mane|90\/100|[from] item: Life Orb\n|\n|upkeep\n|\n|t:|1699895797\n|switch|p2b: Iron Maiden|Iron Hands, L50|100\/100\n|turn|2\n|inactive|beelzebruno has 30 seconds left.\n|\n|t:|1699895826\n|-terastallize|p1a: Flutter Mane|Fairy\n|move|p2b: Iron Maiden|Fake Out|p1b: Iron Bundle\n|-damage|p1b: Iron Bundle|71\/100\n|move|p2a: Medicham|Bullet Punch|p1a: Flutter Mane\n|-supereffective|p1a: Flutter Mane\n|-damage|p1a: Flutter Mane|18\/100\n|cant|p1b: Iron Bundle|flinch\n|move|p1a: Flutter Mane|Dazzling Gleam|p2b: Iron Maiden|[spread] p2a,p2b\n|-supereffective|p2a: Medicham\n|-supereffective|p2b: Iron Maiden\n|-damage|p2a: Medicham|0 fnt\n|-damage|p2b: Iron Maiden|41\/100\n|faint|p2a: Medicham\n|-damage|p1a: Flutter Mane|8\/100|[from] item: Life Orb\n|\n|upkeep\n|\n|t:|1699895839\n|switch|p2a: Angeal|Dragonite, L50, M|100\/100\n|turn|3\n|\n|t:|1699895864\n|-terastallize|p2a: Angeal|Normal\n|move|p1a: Flutter Mane|Protect|p1a: Flutter Mane\n|-singleturn|p1a: Flutter Mane|Protect\n|move|p2a: Angeal|Extreme Speed|p1a: Flutter Mane\n|-activate|p1a: Flutter Mane|move: Protect\n|move|p1b: Iron Bundle|Icy Wind|p2a: Angeal|[spread] p2a,p2b\n|-damage|p2a: Angeal|85\/100\n|-damage|p2b: Iron Maiden|32\/100\n|-unboost|p2a: Angeal|spe|1\n|-unboost|p2b: Iron Maiden|spe|1\n|move|p2b: Iron Maiden|Drain Punch|p1b: Iron Bundle\n|-supereffective|p1b: Iron Bundle\n|-damage|p1b: Iron Bundle|0 fnt\n|-heal|p2b: Iron Maiden|54\/100|[from] drain|[of] p1b: Iron Bundle\n|faint|p1b: Iron Bundle\n|-end|p1b: Iron Bundle|Quark Drive|[silent]\n|\n|upkeep\n|inactive|Clas5yboi has 30 seconds left.\n|\n|t:|1699895890\n|switch|p1b: Overqwil|Overqwil, L50, F|100\/100\n|-ability|p1b: Overqwil|Intimidate|boost\n|-fail|p2a: Angeal|unboost|Attack|[from] ability: Inner Focus|[of] p2a: Angeal\n|-unboost|p2b: Iron Maiden|atk|1\n|turn|4\n|\n|t:|1699895911\n|move|p2a: Angeal|Extreme Speed|p1a: Flutter Mane\n|-damage|p1a: Flutter Mane|0 fnt\n|faint|p1a: Flutter Mane\n|-end|p1a: Flutter Mane|Protosynthesis|[silent]\n|move|p1b: Overqwil|Barb Barrage|p2a: Angeal\n|-damage|p2a: Angeal|54\/100\n|-status|p2a: Angeal|psn\n|move|p2b: Iron Maiden|Drain Punch|p1b: Overqwil\n|-damage|p1b: Overqwil|76\/100\n|-heal|p2b: Iron Maiden|61\/100|[from] drain|[of] p1b: Overqwil\n|\n|-damage|p2a: Angeal|41\/100 psn|[from] psn\n|upkeep\n|\n|t:|1699895922\n|switch|p1a: Articuno|Articuno-Galar, L50|100\/100\n|turn|5\n|\n|t:|1699895942\n|move|p2a: Angeal|Extreme Speed|p1b: Overqwil\n|-crit|p1b: Overqwil\n|-damage|p1b: Overqwil|0 fnt\n|faint|p1b: Overqwil\n|move|p1a: Articuno|Freezing Glare|p2b: Iron Maiden\n|-supereffective|p2b: Iron Maiden\n|-damage|p2b: Iron Maiden|13\/100\n|move|p2b: Iron Maiden|Wild Charge|p1a: Articuno\n|-supereffective|p1a: Articuno\n|-damage|p1a: Articuno|45\/100\n|-damage|p2b: Iron Maiden|2\/100|[from] Recoil\n|\n|-damage|p2a: Angeal|29\/100 psn|[from] psn\n|upkeep\n|turn|6\n|\n|t:|1699895966\n|move|p2a: Angeal|Extreme Speed|p1a: Articuno\n|-damage|p1a: Articuno|0 fnt\n|faint|p1a: Articuno\n|\n|win|beelzebruno\n|raw|Clas5yboi's rating: 1124 &rarr; <strong>1099<\/strong><br \/>(-25 for losing)\n|raw|beelzebruno's rating: 1121 &rarr; <strong>1146<\/strong><br \/>(+25 for winning)\n|c|\u2606beelzebruno|gg\n|l|\u2606Clas5yboi\n","uploadtime":1699895978,"views":8,"p1id":"clas5yboi","p2id":"beelzebruno","formatid":"gen9vgc2023regulatione","rating":1099,"private":0,"password":""}