{"id":"gen9vgc2023regulatione-1989792607","p1":"Tizio20","p2":"rennui-","format":"[Gen 9] VGC 2023 Regulation E","log":"|j|\u2606Tizio20\n|j|\u2606rennui-\n|t:|1699896163\n|gametype|doubles\n|player|p1|Tizio20|grimsley|1385\n|player|p2|rennui-|erika|1429\n|teamsize|p1|6\n|teamsize|p2|6\n|gen|9\n|tier|[Gen 9] VGC 2023 Regulation E\n|rated|\n|rule|Species Clause: Limit one of each Pok\u00e9mon\n|rule|Item Clause: Limit one of each item\n|clearpoke\n|poke|p1|Indeedee-F, L50, F|\n|poke|p1|Armarouge, L50, F|\n|poke|p1|Cresselia, L50, F|\n|poke|p1|Torkoal, L50, F|\n|poke|p1|Iron Hands, L50|\n|poke|p1|Ursaluna-Bloodmoon, L50, M|\n|poke|p2|Flutter Mane, L50|\n|poke|p2|Chi-Yu, L50|\n|poke|p2|Torkoal, L50, F|\n|poke|p2|Ogerpon-Wellspring, L50, F|\n|poke|p2|Farigiraf, L50, F|\n|poke|p2|Iron Hands, L50|\n|teampreview|4\nrennui- has agreed to open team sheets.\n|inactive|Battle timer is ON: inactive players will automatically lose when time's up. (requested by Tizio20)\nTizio20 has agreed to open team sheets.\n|inactive|Tizio20 has 30 seconds left.\n|inactive|Tizio20 has 20 seconds left.\n|inactive|Tizio20 has 15 seconds left.\n|inactive|Tizio20 has 10 seconds left.\n|\n|t:|1699896239\n|start\n|switch|p1a: Silvio|Armarouge, L50, F|100\/100\n|switch|p1b: La Velina|Indeedee-F, L50, F|100\/100\n|switch|p2a: Flutter Mane|Flutter Mane, L50|100\/100\n|switch|p2b: Chi-Yu|Chi-Yu, L50|100\/100\n|-ability|p2b: Chi-Yu|Beads of Ruin\n|-fieldstart|move: Psychic Terrain|[from] ability: Psychic Surge|[of] p1b: La Velina\n|-enditem|p1b: La Velina|Psychic Seed\n|-boost|p1b: La Velina|spd|1|[from] item: Psychic Seed\n|turn|1\n|inactive|rennui- has 30 seconds left.\n|inactive|rennui- has 20 seconds left.\n|inactive|rennui- has 15 seconds left.\n|\n|t:|1699896282\n|-terastallize|p2a: Flutter Mane|Fairy\n|-terastallize|p1b: La Velina|Fairy\n|move|p1a: Silvio|Protect|p1a: Silvio\n|-singleturn|p1a: Silvio|Protect\n|move|p2a: Flutter Mane|Moonblast|p1b: La Velina\n|-damage|p1b: La Velina|16\/100\n|move|p2b: Chi-Yu|Dark Pulse|p1a: Silvio\n|-activate|p1a: Silvio|move: Protect\n|move|p1b: La Velina|Trick Room|p1b: La Velina\n|-fieldstart|move: Trick Room|[of] p1b: La Velina\n|\n|upkeep\n|turn|2\n|\n|t:|1699896299\n|move|p1a: Silvio|Expanding Force|p2a: Flutter Mane|[spread] p2a\n|-immune|p2b: Chi-Yu\n|-damage|p2a: Flutter Mane|8\/100\n|move|p1b: La Velina|Dazzling Gleam|p2a: Flutter Mane|[spread] p2a,p2b\n|-crit|p2a: Flutter Mane\n|-damage|p2a: Flutter Mane|0 fnt\n|-damage|p2b: Chi-Yu|81\/100\n|faint|p2a: Flutter Mane\n|-end|p2a: Flutter Mane|Protosynthesis|[silent]\n|move|p2b: Chi-Yu|Dark Pulse|p1a: Silvio\n|-supereffective|p1a: Silvio\n|-damage|p1a: Silvio|0 fnt\n|faint|p1a: Silvio\n|-damage|p2b: Chi-Yu|71\/100|[from] item: Life Orb\n|\n|upkeep\n|\n|t:|1699896312\n|switch|p1a: Pippo Baudi|Torkoal, L50, F|100\/100\n|switch|p2a: Torkoal|Torkoal, L50, F, shiny|100\/100\n|-weather|SunnyDay|[from] ability: Drought|[of] p1a: Pippo Baudi\n|turn|3\n|\n|t:|1699896322\n|move|p1b: La Velina|Helping Hand|p1a: Pippo Baudi\n|-singleturn|p1a: Pippo Baudi|Helping Hand|[of] p1b: La Velina\n|move|p2b: Chi-Yu|Protect|p2b: Chi-Yu\n|-singleturn|p2b: Chi-Yu|Protect\n|move|p2a: Torkoal|Earth Power|p1a: Pippo Baudi\n|-supereffective|p1a: Pippo Baudi\n|-damage|p1a: Pippo Baudi|17\/100\n|move|p1a: Pippo Baudi|Heat Wave|p2a: Torkoal|[spread] p2a\n|-activate|p2b: Chi-Yu|move: Protect\n|-resisted|p2a: Torkoal\n|-damage|p2a: Torkoal|16\/100\n|\n|-weather|SunnyDay|[upkeep]\n|upkeep\n|turn|4\n|inactive|Tizio20 has 30 seconds left.\n|inactive|Tizio20 has 20 seconds left.\n|inactive|Tizio20 has 15 seconds left.\n|\n|t:|1699896365\n|move|p2a: Torkoal|Earth Power|p1a: Pippo Baudi\n|-supereffective|p1a: Pippo Baudi\n|-damage|p1a: Pippo Baudi|0 fnt\n|faint|p1a: Pippo Baudi\n|move|p1b: La Velina|Dazzling Gleam|p2a: Torkoal|[spread] p2a,p2b\n|-resisted|p2a: Torkoal\n|-damage|p2a: Torkoal|0 fnt\n|-damage|p2b: Chi-Yu|53\/100\n|faint|p2a: Torkoal\n|move|p2b: Chi-Yu|Heat Wave|p1b: La Velina\n|-damage|p1b: La Velina|0 fnt\n|faint|p1b: La Velina\n|-damage|p2b: Chi-Yu|43\/100|[from] item: Life Orb\n|\n|-weather|SunnyDay|[upkeep]\n|upkeep\n|\n|t:|1699896373\n|switch|p2a: Iron Hands|Iron Hands, L50|100\/100\n|switch|p1b: Barbara D'urso|Ursaluna-Bloodmoon, L50, M|100\/100\n|turn|5\n|\n|t:|1699896387\n|move|p2b: Chi-Yu|Protect|p2b: Chi-Yu\n|-singleturn|p2b: Chi-Yu|Protect\n|move|p1b: Barbara D'urso|Hyper Voice|p2b: Chi-Yu|[spread] p2a\n|-activate|p2b: Chi-Yu|move: Protect\n|-crit|p2a: Iron Hands\n|-damage|p2a: Iron Hands|52\/100\n|-enditem|p1b: Barbara D'urso|Throat Spray\n|-boost|p1b: Barbara D'urso|spa|1|[from] item: Throat Spray\n|move|p2a: Iron Hands|Drain Punch|p1b: Barbara D'urso\n|-supereffective|p1b: Barbara D'urso\n|-damage|p1b: Barbara D'urso|39\/100\n|-heal|p2a: Iron Hands|79\/100|[from] drain|[of] p1b: Barbara D'urso\n|\n|-weather|SunnyDay|[upkeep]\n|-fieldend|move: Trick Room\n|-fieldend|move: Psychic Terrain\n|upkeep\n|turn|6\n|\n|t:|1699896395\n|move|p2b: Chi-Yu|Dark Pulse|p1b: Barbara D'urso\n|-damage|p1b: Barbara D'urso|0 fnt\n|faint|p1b: Barbara D'urso\n|-damage|p2b: Chi-Yu|34\/100|[from] item: Life Orb\n|\n|win|rennui-\n|raw|Tizio20's rating: 1385 &rarr; <strong>1368<\/strong><br \/>(-17 for losing)\n|raw|rennui-'s rating: 1429 &rarr; <strong>1446<\/strong><br \/>(+17 for winning)\n|c|\u2606Tizio20|Gg\n|c|\u2606rennui-|gg\n|l|\u2606Tizio20\n","uploadtime":1699896421,"views":26,"p1id":"tizio20","p2id":"rennui","formatid":"gen9vgc2023regulatione","rating":1368,"private":0,"password":""}