{"id":"gen9vgc2023regulatione-1994597801","p1":"Mischievouz","p2":"jedirabbit","format":"[Gen 9] VGC 2023 Regulation E","log":"|j|\u2606Mischievouz\n|j|\u2606jedirabbit\n|t:|1700466787\n|gametype|doubles\n|player|p1|Mischievouz|cynthia|1077\n|player|p2|jedirabbit|265|1135\n|teamsize|p1|6\n|teamsize|p2|6\n|gen|9\n|tier|[Gen 9] VGC 2023 Regulation E\n|rated|\n|rule|Species Clause: Limit one of each Pok\u00e9mon\n|rule|Item Clause: Limit one of each item\n|clearpoke\n|poke|p1|Milotic, L50, M|\n|poke|p1|Roaring Moon, L50|\n|poke|p1|Iron Hands, L50|\n|poke|p1|Flutter Mane, L50|\n|poke|p1|Fezandipiti, L50, M|\n|poke|p1|Arcanine-Hisui, L50, M|\n|poke|p2|Thundurus-Therian, L50, M|\n|poke|p2|Grimmsnarl, L50, M|\n|poke|p2|Rotom-Heat, L50|\n|poke|p2|Landorus-Therian, L50, M|\n|poke|p2|Iron Bundle, L50|\n|poke|p2|Amoonguss, L50, F|\n|teampreview|4\n|inactive|Battle timer is ON: inactive players will automatically lose when time's up. (requested by jedirabbit)\n|inactive|jedirabbit has 60 seconds left.\n|\n|t:|1700466833\n|start\n|switch|p1a: Pretty Snake|Milotic, L50, M, shiny|100\/100\n|switch|p1b: Fezandipiti|Fezandipiti, L50, M|100\/100\n|switch|p2a: Thundurus|Thundurus-Therian, L50, M|100\/100\n|switch|p2b: Amoonguss|Amoonguss, L50, F|100\/100\n|turn|1\n|\n|t:|1700466850\n|move|p1a: Pretty Snake|Protect|p1a: Pretty Snake\n|-singleturn|p1a: Pretty Snake|Protect\n|move|p2a: Thundurus|Psychic|p1b: Fezandipiti\n|-supereffective|p1b: Fezandipiti\n|-damage|p1b: Fezandipiti|31\/100\n|-enditem|p1b: Fezandipiti|Sitrus Berry|[eat]\n|-heal|p1b: Fezandipiti|56\/100|[from] item: Sitrus Berry\n|-damage|p2a: Thundurus|91\/100|[from] item: Life Orb\n|move|p1b: Fezandipiti|Icy Wind|p2b: Amoonguss|[spread] p2a,p2b\n|-supereffective|p2a: Thundurus\n|-supereffective|p2b: Amoonguss\n|-damage|p2a: Thundurus|63\/100\n|-damage|p2b: Amoonguss|84\/100\n|-unboost|p2a: Thundurus|spe|1\n|-unboost|p2b: Amoonguss|spe|1\n|move|p2b: Amoonguss|Spore|p1a: Pretty Snake\n|-activate|p1a: Pretty Snake|move: Protect\n|\n|upkeep\n|turn|2\n|inactive|Mischievouz has 30 seconds left.\n|\n|t:|1700466882\n|move|p1b: Fezandipiti|Icy Wind|p2a: Thundurus|[spread] p2a,p2b\n|-supereffective|p2a: Thundurus\n|-supereffective|p2b: Amoonguss\n|-damage|p2a: Thundurus|38\/100\n|-damage|p2b: Amoonguss|68\/100\n|-unboost|p2a: Thundurus|spe|1\n|-unboost|p2b: Amoonguss|spe|1\n|move|p1a: Pretty Snake|Hypnosis|p2b: Amoonguss\n|-status|p2b: Amoonguss|slp|[from] move: Hypnosis\n|move|p2a: Thundurus|Psychic|p1b: Fezandipiti\n|-supereffective|p1b: Fezandipiti\n|-damage|p1b: Fezandipiti|0 fnt\n|faint|p1b: Fezandipiti\n|-damage|p2a: Thundurus|28\/100|[from] item: Life Orb\n|cant|p2b: Amoonguss|slp\n|\n|upkeep\n|\n|t:|1700466895\n|switch|p1b: Roaring Moon|Roaring Moon, L50, shiny|100\/100\n|-enditem|p1b: Roaring Moon|Booster Energy\n|-activate|p1b: Roaring Moon|ability: Protosynthesis|[fromitem]\n|-start|p1b: Roaring Moon|protosynthesisspe\n|turn|3\n|\n|t:|1700466913\n|-terastallize|p1b: Roaring Moon|Flying\n|move|p1b: Roaring Moon|Acrobatics|p2a: Thundurus\n|-resisted|p2a: Thundurus\n|-damage|p2a: Thundurus|0 fnt\n|faint|p2a: Thundurus\n|move|p1a: Pretty Snake|Coil|p1a: Pretty Snake\n|-boost|p1a: Pretty Snake|atk|1\n|-boost|p1a: Pretty Snake|def|1\n|-boost|p1a: Pretty Snake|accuracy|1\n|cant|p2b: Amoonguss|slp\n|\n|upkeep\n|\n|t:|1700466928\n|switch|p2a: Iron Bundle|Iron Bundle, L50|100\/100\n|-enditem|p2a: Iron Bundle|Booster Energy\n|-activate|p2a: Iron Bundle|ability: Quark Drive|[fromitem]\n|-start|p2a: Iron Bundle|quarkdrivespe\n|turn|4\n|\n|t:|1700466947\n|-terastallize|p2b: Amoonguss|Dragon\n|move|p1b: Roaring Moon|Protect|p1b: Roaring Moon\n|-singleturn|p1b: Roaring Moon|Protect\n|-curestatus|p2b: Amoonguss|slp|[msg]\n|move|p2b: Amoonguss|Rage Powder|p2b: Amoonguss\n|-singleturn|p2b: Amoonguss|move: Rage Powder\n|move|p2a: Iron Bundle|Icy Wind|p1a: Pretty Snake|[spread] p1a\n|-activate|p1b: Roaring Moon|move: Protect\n|-resisted|p1a: Pretty Snake\n|-damage|p1a: Pretty Snake|93\/100\n|-unboost|p1a: Pretty Snake|spe|1\n|-ability|p1a: Pretty Snake|Competitive|boost\n|-boost|p1a: Pretty Snake|spa|2\n|move|p1a: Pretty Snake|Hypnosis|p2b: Amoonguss\n|-status|p2b: Amoonguss|slp|[from] move: Hypnosis\n|\n|-heal|p1a: Pretty Snake|99\/100|[from] item: Leftovers\n|upkeep\n|turn|5\n|\n|t:|1700466968\n|switch|p2b: Landorus|Landorus-Therian, L50, M|100\/100\n|-ability|p2b: Landorus|Intimidate|boost\n|-unboost|p1a: Pretty Snake|atk|1\n|-ability|p1a: Pretty Snake|Competitive|boost\n|-boost|p1a: Pretty Snake|spa|2\n|-unboost|p1b: Roaring Moon|atk|1\n|move|p2a: Iron Bundle|Freeze-Dry|p1a: Pretty Snake\n|-supereffective|p1a: Pretty Snake\n|-damage|p1a: Pretty Snake|48\/100\n|move|p1b: Roaring Moon|Tailwind|p1b: Roaring Moon\n|-sidestart|p1: Mischievouz|move: Tailwind\n|move|p1a: Pretty Snake|Hydro Pump|p2a: Iron Bundle\n|-resisted|p2a: Iron Bundle\n|-damage|p2a: Iron Bundle|0 fnt\n|faint|p2a: Iron Bundle\n|-end|p2a: Iron Bundle|Quark Drive|[silent]\n|\n|-heal|p1a: Pretty Snake|54\/100|[from] item: Leftovers\n|upkeep\n|-message|jedirabbit forfeited.\n|\n|win|Mischievouz\n|raw|Mischievouz's rating: 1077 &rarr; <strong>1110<\/strong><br \/>(+33 for winning)\n|raw|jedirabbit's rating: 1135 &rarr; <strong>1106<\/strong><br \/>(-29 for losing)\n|l|\u2606jedirabbit\n","uploadtime":1700466988,"views":5,"p1id":"mischievouz","p2id":"jedirabbit","formatid":"gen9vgc2023regulatione","rating":1106,"private":0,"password":""}