{"id":"gen9vgc2023regulatione-2000210202","p1":"Siignature","p2":"quocdep","format":"[Gen 9] VGC 2023 Regulation E","log":"|j|\u2606Siignature\n|j|\u2606quocdep\n|t:|1701172533\n|gametype|doubles\n|player|p1|Siignature|ghetsis|1150\n|player|p2|quocdep|wattson|1077\n|teamsize|p1|6\n|teamsize|p2|6\n|gen|9\n|tier|[Gen 9] VGC 2023 Regulation E\n|rated|\n|rule|Species Clause: Limit one of each Pok\u00e9mon\n|rule|Item Clause: Limit one of each item\n|clearpoke\n|poke|p1|Muk-Alola, L50, F|\n|poke|p1|Scovillain, L50, F|\n|poke|p1|Orthworm, L50, F|\n|poke|p1|Flamigo, L50, M|\n|poke|p1|Ursaluna, L50, F|\n|poke|p1|Cresselia, L50, F|\n|poke|p2|Haxorus, L50, F|\n|poke|p2|Tornadus, L50, M|\n|poke|p2|Pelipper, L50, F|\n|poke|p2|Gholdengo, L50|\n|poke|p2|Sneasler, L50, F|\n|poke|p2|Iron Hands, L50|\n|teampreview|4\n|\n|t:|1701172578\n|start\n|switch|p1a: Kum|Muk-Alola, L50, F|100\/100\n|switch|p1b: Pimiento Padr\u00f3n|Scovillain, L50, F|100\/100\n|switch|p2a: dropadraco27|Haxorus, L50, F|100\/100\n|switch|p2b: tornading|Tornadus, L50, M|100\/100\n|-ability|p2a: dropadraco27|Mold Breaker\n|turn|1\n|\n|t:|1701172604\n|move|p2b: tornading|Swagger|p2a: dropadraco27\n|-boost|p2a: dropadraco27|atk|2\n|-start|p2a: dropadraco27|confusion\n|-enditem|p2a: dropadraco27|Lum Berry|[eat]\n|-end|p2a: dropadraco27|confusion\n|move|p2a: dropadraco27|Earthquake|p1a: Kum|[spread] p1a,p1b\n|-immune|p2b: tornading\n|-supereffective|p1a: Kum\n|-damage|p1a: Kum|0 fnt\n|-damage|p1b: Pimiento Padr\u00f3n|26\/100\n|faint|p1a: Kum\n|move|p1b: Pimiento Padr\u00f3n|Leech Seed|p2a: dropadraco27\n|-start|p2a: dropadraco27|move: Leech Seed\n|\n|-heal|p1b: Pimiento Padr\u00f3n|32\/100|[from] item: Leftovers\n|-damage|p2a: dropadraco27|88\/100|[from] Leech Seed|[of] p1b: Pimiento Padr\u00f3n\n|-heal|p1b: Pimiento Padr\u00f3n|43\/100|[silent]\n|-ability|p1b: Pimiento Padr\u00f3n|Moody|boost\n|-boost|p1b: Pimiento Padr\u00f3n|def|2\n|-unboost|p1b: Pimiento Padr\u00f3n|atk|1\n|upkeep\n|\n|t:|1701172621\n|switch|p1a: Tanque|Cresselia, L50, F, shiny|100\/100\n|turn|2\n|\n|t:|1701172638\n|move|p1b: Pimiento Padr\u00f3n|Protect|p1b: Pimiento Padr\u00f3n\n|-singleturn|p1b: Pimiento Padr\u00f3n|Protect\n|move|p2a: dropadraco27|Rock Slide|p1a: Tanque|[spread] p1a\n|-activate|p1b: Pimiento Padr\u00f3n|move: Protect\n|-damage|p1a: Tanque|73\/100\n|move|p2b: tornading|Bleakwind Storm|p1b: Pimiento Padr\u00f3n|[spread] p1a\n|-activate|p1b: Pimiento Padr\u00f3n|move: Protect\n|-damage|p1a: Tanque|56\/100\n|move|p1a: Tanque|Trick Room|p1a: Tanque\n|-fieldstart|move: Trick Room|[of] p1a: Tanque\n|\n|-heal|p1b: Pimiento Padr\u00f3n|49\/100|[from] item: Leftovers\n|-damage|p2a: dropadraco27|76\/100|[from] Leech Seed|[of] p1b: Pimiento Padr\u00f3n\n|-heal|p1b: Pimiento Padr\u00f3n|60\/100|[silent]\n|-ability|p1b: Pimiento Padr\u00f3n|Moody|boost\n|-boost|p1b: Pimiento Padr\u00f3n|def|2\n|-unboost|p1b: Pimiento Padr\u00f3n|atk|1\n|upkeep\n|turn|3\n|\n|t:|1701172675\n|switch|p1a: Oso Vicioso|Ursaluna, L50, F|100\/100\n|move|p1b: Pimiento Padr\u00f3n|Leech Seed|p2b: tornading\n|-start|p2b: tornading|move: Leech Seed\n|move|p2b: tornading|U-turn|p1b: Pimiento Padr\u00f3n\n|-damage|p1b: Pimiento Padr\u00f3n|52\/100\n|\n|t:|1701172681\n|switch|p2b: The hands man|Iron Hands, L50|100\/100|[from] U-turn\n|-enditem|p2b: The hands man|Booster Energy\n|-activate|p2b: The hands man|ability: Quark Drive|[fromitem]\n|-start|p2b: The hands man|quarkdrivedef\n|move|p2a: dropadraco27|Iron Head|p1a: Oso Vicioso\n|-damage|p1a: Oso Vicioso|59\/100\n|\n|-heal|p1b: Pimiento Padr\u00f3n|58\/100|[from] item: Leftovers\n|-damage|p2a: dropadraco27|64\/100|[from] Leech Seed|[of] p1b: Pimiento Padr\u00f3n\n|-heal|p1b: Pimiento Padr\u00f3n|69\/100|[silent]\n|-status|p1a: Oso Vicioso|brn|[from] item: Flame Orb\n|-ability|p1b: Pimiento Padr\u00f3n|Moody|boost\n|-boost|p1b: Pimiento Padr\u00f3n|def|2\n|-unboost|p1b: Pimiento Padr\u00f3n|spd|1\n|upkeep\n|turn|4\n|inactive|Battle timer is ON: inactive players will automatically lose when time's up. (requested by Siignature)\n|\n|t:|1701172742\n|-terastallize|p1a: Oso Vicioso|Ghost\n|move|p2b: The hands man|Fake Out|p1a: Oso Vicioso\n|-immune|p1a: Oso Vicioso\n|move|p1a: Oso Vicioso|Facade|p2a: dropadraco27\n|-damage|p2a: dropadraco27|0 fnt\n|faint|p2a: dropadraco27\n|move|p1b: Pimiento Padr\u00f3n|Leech Seed|p2b: The hands man\n|-start|p2b: The hands man|move: Leech Seed\n|\n|-heal|p1b: Pimiento Padr\u00f3n|75\/100|[from] item: Leftovers\n|-damage|p2b: The hands man|88\/100|[from] Leech Seed|[of] p1b: Pimiento Padr\u00f3n\n|-heal|p1b: Pimiento Padr\u00f3n|94\/100|[silent]\n|-damage|p1a: Oso Vicioso|53\/100 brn|[from] brn\n|-ability|p1b: Pimiento Padr\u00f3n|Moody|boost\n|-boost|p1b: Pimiento Padr\u00f3n|spa|2\n|-unboost|p1b: Pimiento Padr\u00f3n|def|1\n|upkeep\n|\n|t:|1701172746\n|switch|p2a: pepping|Pelipper, L50, F|100\/100\n|-weather|RainDance|[from] ability: Drizzle|[of] p2a: pepping\n|turn|5\n|\n|t:|1701172765\n|move|p2b: The hands man|Wild Charge|p1a: Oso Vicioso\n|-damage|p1a: Oso Vicioso|23\/100 brn\n|-damage|p2b: The hands man|81\/100|[from] Recoil\n|move|p1a: Oso Vicioso|Facade|p2b: The hands man\n|-damage|p2b: The hands man|37\/100\n|move|p2a: pepping|Hurricane|p1b: Pimiento Padr\u00f3n\n|-supereffective|p1b: Pimiento Padr\u00f3n\n|-damage|p1b: Pimiento Padr\u00f3n|0 fnt\n|faint|p1b: Pimiento Padr\u00f3n\n|\n|-weather|RainDance|[upkeep]\n|-damage|p1a: Oso Vicioso|17\/100 brn|[from] brn\n|upkeep\n|\n|t:|1701172777\n|switch|p1b: Tanque|Cresselia, L50, F, shiny|56\/100\n|turn|6\n|\n|t:|1701172795\n|move|p1a: Oso Vicioso|Protect|p1a: Oso Vicioso\n|-singleturn|p1a: Oso Vicioso|Protect\n|move|p2b: The hands man|Wild Charge|p1b: Tanque\n|-damage|p1b: Tanque|27\/100\n|-damage|p2b: The hands man|30\/100|[from] Recoil\n|move|p2a: pepping|Hurricane|p1a: Oso Vicioso\n|-activate|p1a: Oso Vicioso|move: Protect\n|move|p1b: Tanque|Psychic|p2b: The hands man\n|-supereffective|p2b: The hands man\n|-damage|p2b: The hands man|0 fnt\n|faint|p2b: The hands man\n|-end|p2b: The hands man|Quark Drive|[silent]\n|\n|-weather|RainDance|[upkeep]\n|-damage|p1a: Oso Vicioso|11\/100 brn|[from] brn\n|-fieldend|move: Trick Room\n|upkeep\n|\n|t:|1701172801\n|switch|p2b: tornading|Tornadus, L50, M|100\/100\n|turn|7\n|\n|t:|1701172814\n|-terastallize|p2b: tornading|Flying\n|move|p2b: tornading|Bleakwind Storm|p1a: Oso Vicioso|[spread] p1a,p1b\n|-damage|p1a: Oso Vicioso|0 fnt\n|-damage|p1b: Tanque|6\/100\n|faint|p1a: Oso Vicioso\n|move|p1b: Tanque|Lunar Blessing|p1b: Tanque\n|-heal|p1b: Tanque|31\/100\n|move|p2a: pepping|Weather Ball|p1b: Tanque\n|-damage|p1b: Tanque|2\/100\n|\n|-weather|RainDance|[upkeep]\n|upkeep\n|turn|8\n|\n|t:|1701172827\n|move|p2b: tornading|U-turn|p1b: Tanque\n|-supereffective|p1b: Tanque\n|-damage|p1b: Tanque|0 fnt\n|faint|p1b: Tanque\n|\n|win|quocdep\n|raw|Siignature's rating: 1150 &rarr; <strong>1120<\/strong><br \/>(-30 for losing)\n|raw|quocdep's rating: 1077 &rarr; <strong>1111<\/strong><br \/>(+34 for winning)\n|l|\u2606Siignature\n","uploadtime":1701172874,"views":3,"p1id":"siignature","p2id":"quocdep","formatid":"gen9vgc2023regulatione","rating":1111,"private":0,"password":""}