{"id":"gen9vgc2023regulatione-1995431571","p1":"cicibi","p2":"RiasDxD","format":"[Gen 9] VGC 2023 Regulation E","log":"|j|\u2606cicibi\n|j|\u2606RiasDxD\n|t:|1700569969\n|gametype|doubles\n|player|p1|cicibi|policeman|1292\n|player|p2|RiasDxD|ghetsis-gen5bw|1291\n|teamsize|p1|6\n|teamsize|p2|6\n|gen|9\n|tier|[Gen 9] VGC 2023 Regulation E\n|rated|\n|rule|Species Clause: Limit one of each Pok\u00e9mon\n|rule|Item Clause: Limit one of each item\n|clearpoke\n|poke|p1|Cresselia, L50, F|\n|poke|p1|Dondozo, L50, F|\n|poke|p1|Iron Hands, L50|\n|poke|p1|Klefki, L50, M|\n|poke|p1|Sinistcha, L50|\n|poke|p1|Ting-Lu, L50|\n|poke|p2|Ogerpon-Hearthflame, L50, F|\n|poke|p2|Rillaboom, L50, F|\n|poke|p2|Tornadus, L50, M|\n|poke|p2|Flutter Mane, L50|\n|poke|p2|Urshifu-*, L50, F|\n|poke|p2|Gholdengo, L50|\n|teampreview|4\n|inactive|Battle timer is ON: inactive players will automatically lose when time's up. (requested by RiasDxD)\nRiasDxD has agreed to open team sheets.\n|inactive|cicibi has 60 seconds left.\n|inactive|cicibi has 30 seconds left.\n|\n|t:|1700570039\n|start\n|switch|p1a: Klefki|Klefki, L50, M|100\/100\n|switch|p1b: Iron Hands|Iron Hands, L50|100\/100\n|switch|p2a: Tornadus|Tornadus, L50, M|100\/100\n|switch|p2b: Rillaboom|Rillaboom, L50, F|100\/100\n|-fieldstart|move: Grassy Terrain|[from] ability: Grassy Surge|[of] p2b: Rillaboom\n|turn|1\n|inactive|cicibi has 30 seconds left.\n|\n|t:|1700570072\n|move|p2b: Rillaboom|Fake Out|p1b: Iron Hands\n|-damage|p1b: Iron Hands|91\/100\n|move|p2a: Tornadus|Taunt|p1a: Klefki\n|-start|p1a: Klefki|move: Taunt\n|cant|p1a: Klefki|move: Taunt|Reflect\n|cant|p1b: Iron Hands|flinch\n|\n|-heal|p1b: Iron Hands|97\/100|[from] Grassy Terrain\n|upkeep\n|turn|2\n|\n|t:|1700570096\n|move|p2a: Tornadus|Tailwind|p2a: Tornadus\n|-sidestart|p2: RiasDxD|move: Tailwind\n|move|p2b: Rillaboom|Stomping Tantrum|p1a: Klefki\n|-supereffective|p1a: Klefki\n|-damage|p1a: Klefki|44\/100\n|move|p1a: Klefki|Dazzling Gleam|p2b: Rillaboom|[spread] p2a,p2b\n|-damage|p2a: Tornadus|80\/100\n|-damage|p2b: Rillaboom|89\/100\n|move|p1b: Iron Hands|Drain Punch|p2b: Rillaboom\n|-damage|p2b: Rillaboom|49\/100\n|-heal|p1b: Iron Hands|100\/100|[from] drain|[of] p2b: Rillaboom\n|\n|-heal|p2b: Rillaboom|56\/100|[from] Grassy Terrain\n|-heal|p1a: Klefki|50\/100|[from] Grassy Terrain\n|upkeep\n|turn|3\n|\n|t:|1700570117\n|switch|p1a: Ting-Lu|Ting-Lu, L50|100\/100\n|-ability|p1a: Ting-Lu|Vessel of Ruin\n|move|p2a: Tornadus|Bleakwind Storm|p1b: Iron Hands|[spread] p1a,p1b\n|-damage|p1a: Ting-Lu|87\/100\n|-damage|p1b: Iron Hands|78\/100\n|-unboost|p1b: Iron Hands|spe|1\n|move|p2b: Rillaboom|Stomping Tantrum|p1b: Iron Hands\n|-supereffective|p1b: Iron Hands\n|-damage|p1b: Iron Hands|45\/100\n|move|p1b: Iron Hands|Swords Dance|p1b: Iron Hands\n|-boost|p1b: Iron Hands|atk|2\n|\n|-heal|p2b: Rillaboom|62\/100|[from] Grassy Terrain\n|-heal|p1a: Ting-Lu|93\/100|[from] Grassy Terrain\n|-heal|p1b: Iron Hands|51\/100|[from] Grassy Terrain\n|upkeep\n|turn|4\n|inactive|cicibi has 30 seconds left.\n|inactive|cicibi has 20 seconds left.\n|inactive|cicibi has 15 seconds left.\n|inactive|cicibi has 10 seconds left.\n|inactive|cicibi has 5 seconds left.\n|\n|t:|1700570170\n|-terastallize|p1b: Iron Hands|Water\n|move|p2a: Tornadus|Bleakwind Storm|p1b: Iron Hands|[spread] p1a,p1b\n|-damage|p1a: Ting-Lu|81\/100\n|-damage|p1b: Iron Hands|29\/100\n|-unboost|p1a: Ting-Lu|spe|1\n|move|p2b: Rillaboom|Stomping Tantrum|p1b: Iron Hands\n|-damage|p1b: Iron Hands|14\/100\n|-enditem|p1b: Iron Hands|Figy Berry|[eat]\n|-heal|p1b: Iron Hands|47\/100|[from] item: Figy Berry\n|move|p1b: Iron Hands|Drain Punch|p2b: Rillaboom\n|-damage|p2b: Rillaboom|0 fnt\n|-heal|p1b: Iron Hands|71\/100|[from] drain|[of] p2b: Rillaboom\n|faint|p2b: Rillaboom\n|move|p1a: Ting-Lu|Heavy Slam|p2a: Tornadus\n|-damage|p2a: Tornadus|48\/100\n|-damage|p1a: Ting-Lu|65\/100|[from] item: Rocky Helmet|[of] p2a: Tornadus\n|\n|-heal|p1b: Iron Hands|77\/100|[from] Grassy Terrain\n|-heal|p1a: Ting-Lu|71\/100|[from] Grassy Terrain\n|upkeep\n|inactive|RiasDxD has 30 seconds left.\n|inactive|RiasDxD has 20 seconds left.\n|\n|t:|1700570207\n|switch|p2b: Ogerpon|Ogerpon-Hearthflame, L50, F|100\/100\n|-ability|p2b: Ogerpon|Mold Breaker\n|turn|5\n|inactive|cicibi has 30 seconds left.\n|\n|t:|1700570242\n|move|p2b: Ogerpon|Grassy Glide|p1b: Iron Hands\n|-supereffective|p1b: Iron Hands\n|-damage|p1b: Iron Hands|30\/100\n|move|p2a: Tornadus|Bleakwind Storm|p1a: Ting-Lu|[spread] p1a,p1b\n|-crit|p1a: Ting-Lu\n|-damage|p1a: Ting-Lu|50\/100\n|-damage|p1b: Iron Hands|6\/100\n|-unboost|p1a: Ting-Lu|spe|1\n|move|p1b: Iron Hands|Wild Charge|p2a: Tornadus\n|-supereffective|p2a: Tornadus\n|-damage|p2a: Tornadus|0 fnt\n|-damage|p1b: Iron Hands|0 fnt|[from] item: Rocky Helmet|[of] p2a: Tornadus\n|faint|p2a: Tornadus\n|faint|p1b: Iron Hands\n|-end|p1b: Iron Hands|Quark Drive|[silent]\n|move|p1a: Ting-Lu|Sand Tomb|p2b: Ogerpon\n|-damage|p2b: Ogerpon|83\/100\n|-activate|p2b: Ogerpon|move: Sand Tomb|[of] p1a: Ting-Lu\n|\n|-heal|p2b: Ogerpon|89\/100|[from] Grassy Terrain\n|-heal|p1a: Ting-Lu|56\/100|[from] Grassy Terrain\n|-damage|p2b: Ogerpon|77\/100|[from] move: Sand Tomb|[partiallytrapped]\n|-sideend|p2: RiasDxD|move: Tailwind\n|-fieldend|move: Grassy Terrain\n|upkeep\n|inactive|cicibi has 30 seconds left.\n|\n|t:|1700570270\n|switch|p2a: Flutter Mane|Flutter Mane, L50|100\/100\n|switch|p1b: Dondozo|Dondozo, L50, F|100\/100\n|-enditem|p2a: Flutter Mane|Booster Energy\n|-activate|p2a: Flutter Mane|ability: Protosynthesis|[fromitem]\n|-start|p2a: Flutter Mane|protosynthesisspe\n|turn|6\n|\n|t:|1700570287\n|-terastallize|p2b: Ogerpon|Fire\n|detailschange|p2b: Ogerpon|Ogerpon-Hearthflame-Tera, L50, F, tera:Fire\n|-ability|p2b: Ogerpon|Embody Aspect (Hearthflame)|boost\n|-boost|p2b: Ogerpon|atk|1\n|move|p2a: Flutter Mane|Dazzling Gleam|p1b: Dondozo|[spread] p1a,p1b\n|-supereffective|p1a: Ting-Lu\n|-damage|p1a: Ting-Lu|35\/100\n|-damage|p1b: Dondozo|84\/100\n|move|p2b: Ogerpon|Grassy Glide|p1b: Dondozo\n|-supereffective|p1b: Dondozo\n|-damage|p1b: Dondozo|47\/100\n|move|p1b: Dondozo|Yawn|p2b: Ogerpon\n|-start|p2b: Ogerpon|move: Yawn|[of] p1b: Dondozo\n|move|p1a: Ting-Lu|Heavy Slam|p2a: Flutter Mane\n|-supereffective|p2a: Flutter Mane\n|-damage|p2a: Flutter Mane|0 fnt\n|faint|p2a: Flutter Mane\n|-end|p2a: Flutter Mane|Protosynthesis|[silent]\n|\n|-heal|p1b: Dondozo|53\/100|[from] item: Leftovers\n|-damage|p2b: Ogerpon|64\/100|[from] move: Sand Tomb|[partiallytrapped]\n|upkeep\n|turn|7\n|\n|t:|1700570311\n|move|p1b: Dondozo|Protect|p1b: Dondozo\n|-singleturn|p1b: Dondozo|Protect\n|move|p2b: Ogerpon|Grassy Glide|p1b: Dondozo\n|-activate|p1b: Dondozo|move: Protect\n|move|p1a: Ting-Lu|Stomping Tantrum|p2b: Ogerpon\n|-supereffective|p2b: Ogerpon\n|-damage|p2b: Ogerpon|0 fnt\n|faint|p2b: Ogerpon\n|\n|win|cicibi\n|raw|cicibi's rating: 1292 &rarr; <strong>1317<\/strong><br \/>(+25 for winning)\n|raw|RiasDxD's rating: 1291 &rarr; <strong>1266<\/strong><br \/>(-25 for losing)\n|l|\u2606RiasDxD\n","uploadtime":1700570333,"views":18,"p1id":"cicibi","p2id":"riasdxd","formatid":"gen9vgc2023regulatione","rating":1266,"private":0,"password":""}