{"id":"gen9vgc2023regulatione-1993272087","p1":"Teekin","p2":"beewatree","format":"[Gen 9] VGC 2023 Regulation E","log":"|j|\u2606Teekin\n|j|\u2606beewatree\n|n|\u2606Teekin|teekin\n|n|\u2606beewatree|beewatree\n|html|View the match progress at <a href=\"\/game-bestof3-gen9vgc2023regulatione-1993269424\">game-bestof3-gen9vgc2023regulatione-1993269424<\/a>\n|t:|1700287901\n|gametype|doubles\n|player|p1|Teekin|ingo|\n|player|p2|beewatree|170|\n|teamsize|p1|6\n|teamsize|p2|6\n|gen|9\n|tier|[Gen 9] VGC 2023 Regulation E\n|rule|Species Clause: Limit one of each Pok\u00e9mon\n|rule|Item Clause: Limit one of each item\n|clearpoke\n|poke|p1|Uxie, L50|\n|poke|p1|Wo-Chien, L50|\n|poke|p1|Tauros-Paldea-Aqua, L50, M|\n|poke|p1|Hydreigon, L50, F|\n|poke|p1|Skeledirge, L50, M|\n|poke|p1|Clefable, L50, F|\n|poke|p2|Toxtricity, L50, M|\n|poke|p2|Pincurchin, L50, F|\n|poke|p2|Noivern, L50, M|\n|poke|p2|Sableye, L50, F|\n|poke|p2|Electrode-Hisui, L50|\n|poke|p2|Enamorus, L50, F|\n|teampreview|4\n|inactive|Battle timer is ON: inactive players will automatically lose when time's up. (requested by Teekin)\nbeewatree has agreed to open team sheets.\n|inactiveoff|Battle timer is now OFF.\nTeekin has agreed to open team sheets.\n|showteam|p1|Uxie||Leftovers|Levitate|CalmMind,MysticalPower,Protect,DazzlingGleam||||||50|,,,,,Fairy]Wo-Chien||BigRoot|TabletsofRuin|LeechSeed,PollenPuff,KnockOff,Protect||||||50|,,,,,Fire]Tauros-Paldea-Aqua||SafetyGoggles|Intimidate|AquaJet,RagingBull,CloseCombat,Protect|||M|||50|,,,,,Water]Hydreigon||ChoiceSpecs|Levitate|DarkPulse,DracoMeteor,EarthPower,FlashCannon|||F|||50|,,,,,Steel]Skeledirge||ThroatSpray|Unaware|TorchSong,ShadowBall,Protect,SlackOff|||M|||50|,,,,,Fairy]Clefable||SitrusBerry|Unaware|HealPulse,FollowMe,Protect,Moonblast|||F|||50|,,,,,Grass\n|showteam|p2|Toxtricity||ThroatSpray|PunkRock|Boomburst,Overdrive,HyperVoice,Protect|||M|||50|,,,,,Ghost]Pincurchin||AssaultVest|ElectricSurge|Scald,HydroPump,Thunder,Discharge|||F|||50|,,,,,Water]Noivern||CovertCloak|Telepathy|Tailwind,Boomburst,DracoMeteor,Whirlwind|||M|||50|,,,,,Normal]Sableye||SitrusBerry|Prankster|Encore,Disable,Quash,Gravity|||F|||50|,,,,,Dark]Electrode-Hisui||FocusSash|Soundproof|Chloroblast,ThunderWave,Taunt,Thunder||||||50|,,,,,Electric]Enamorus||LifeOrb|Contrary|SpringtideStorm,FocusBlast,EarthPower,Protect|||F|||50|,,,,,Fairy\n|j| angelicism\n|\n|t:|1700287958\n|start\n|switch|p1a: The Wo|Wo-Chien, L50|100\/100\n|switch|p1b: Steve|Skeledirge, L50, M|100\/100\n|switch|p2a: Toxtricity|Toxtricity, L50, M|100\/100\n|switch|p2b: Electrode|Electrode-Hisui, L50|100\/100\n|-ability|p1a: The Wo|Tablets of Ruin\n|turn|1\n|\n|t:|1700288012\n|move|p2b: Electrode|Taunt|p1a: The Wo\n|-start|p1a: The Wo|move: Taunt\n|move|p2a: Toxtricity|Overdrive|p1a: The Wo|[spread] p1a,p1b\n|-resisted|p1a: The Wo\n|-damage|p1a: The Wo|88\/100\n|-damage|p1b: Steve|66\/100\n|-enditem|p2a: Toxtricity|Throat Spray\n|-boost|p2a: Toxtricity|spa|1|[from] item: Throat Spray\n|move|p1b: Steve|Torch Song|p2b: Electrode\n|-immune|p2b: Electrode|[from] ability: Soundproof\n|move|p1a: The Wo|Knock Off|p2a: Toxtricity\n|-damage|p2a: Toxtricity|74\/100\n|\n|upkeep\n|turn|2\n|c|\u2606Teekin|I may be stupid\n|c|\u2606beewatree|lol, its so niche, its just easy to forget\n|\n|t:|1700288079\n|move|p2b: Electrode|Taunt|p1b: Steve\n|-start|p1b: Steve|move: Taunt\n|move|p2a: Toxtricity|Overdrive|p1b: Steve|[spread] p1a,p1b\n|-resisted|p1a: The Wo\n|-damage|p1a: The Wo|66\/100\n|-damage|p1b: Steve|31\/100\n|move|p1b: Steve|Torch Song|p2a: Toxtricity\n|-damage|p2a: Toxtricity|52\/100\n|-boost|p1b: Steve|spa|1\n|-enditem|p1b: Steve|Throat Spray\n|-boost|p1b: Steve|spa|1|[from] item: Throat Spray\n|move|p1a: The Wo|Pollen Puff|p1b: Steve\n|-heal|p1b: Steve|81\/100\n|\n|upkeep\n|turn|3\n|\n|t:|1700288113\n|switch|p2b: Noivern|Noivern, L50, M|100\/100\n|move|p2a: Toxtricity|Protect|p2a: Toxtricity\n|-singleturn|p2a: Toxtricity|Protect\n|move|p1b: Steve|Torch Song|p2a: Toxtricity\n|-activate|p2a: Toxtricity|move: Protect\n|move|p1a: The Wo|Pollen Puff|p1b: Steve\n|-heal|p1b: Steve|100\/100\n|\n|-end|p1a: The Wo|move: Taunt\n|upkeep\n|turn|4\n|\n|t:|1700288136\n|move|p2a: Toxtricity|Boomburst|p1a: The Wo|[spread] p1a\n|-activate|p2b: Noivern|ability: Telepathy\n|-immune|p1b: Steve\n|-damage|p1a: The Wo|14\/100\n|move|p1b: Steve|Shadow Ball|p2b: Noivern\n|-damage|p2b: Noivern|9\/100\n|move|p1a: The Wo|Leech Seed|p2a: Toxtricity|[miss]\n|-miss|p1a: The Wo|p2a: Toxtricity\n|move|p2b: Noivern|Whirlwind|p1b: Steve\n|drag|p1b: De Blob|Clefable, L50, F|100\/100\n|\n|upkeep\n|turn|5\n|\n|t:|1700288191\n|switch|p2b: Sableye|Sableye, L50, F|100\/100\n|switch|p1a: Steve|Skeledirge, L50, M|100\/100\n|move|p2a: Toxtricity|Boomburst|p1b: De Blob|[spread] p1b\n|-immune|p2b: Sableye\n|-immune|p1a: Steve\n|-damage|p1b: De Blob|61\/100\n|move|p1b: De Blob|Moonblast|p2b: Sableye\n|-supereffective|p2b: Sableye\n|-damage|p2b: Sableye|8\/100\n|-enditem|p2b: Sableye|Sitrus Berry|[eat]\n|-heal|p2b: Sableye|32\/100|[from] item: Sitrus Berry\n|\n|upkeep\n|turn|6\n|\n|t:|1700288251\n|move|p1b: De Blob|Protect|p1b: De Blob\n|-singleturn|p1b: De Blob|Protect\n|move|p2b: Sableye|Gravity|p2b: Sableye\n|-fieldstart|move: Gravity\n|move|p2a: Toxtricity|Overdrive|p1b: De Blob|[spread] p1a\n|-activate|p1b: De Blob|move: Protect\n|-damage|p1a: Steve|65\/100\n|move|p1a: Steve|Torch Song|p2a: Toxtricity\n|-damage|p2a: Toxtricity|30\/100\n|-boost|p1a: Steve|spa|1\n|\n|upkeep\n|turn|7\n|\n|t:|1700288290\n|move|p2b: Sableye|Disable|p1a: Steve\n|-start|p1a: Steve|Disable|Torch Song\n|move|p2a: Toxtricity|Boomburst|p1b: De Blob|[spread] p1b\n|-immune|p2b: Sableye\n|-immune|p1a: Steve\n|-crit|p1b: De Blob\n|-damage|p1b: De Blob|1\/100\n|-enditem|p1b: De Blob|Sitrus Berry|[eat]\n|-heal|p1b: De Blob|26\/100|[from] item: Sitrus Berry\n|cant|p1a: Steve|Disable|Torch Song\n|move|p1b: De Blob|Heal Pulse|p1a: Steve\n|-heal|p1a: Steve|100\/100\n|\n|upkeep\n|turn|8\n|\n|t:|1700288307\n|move|p1b: De Blob|Follow Me|p1b: De Blob\n|-singleturn|p1b: De Blob|move: Follow Me\n|move|p2b: Sableye|Encore|p1b: De Blob\n|-start|p1b: De Blob|Encore\n|move|p2a: Toxtricity|Boomburst|p1a: Steve|[spread] p1b\n|-immune|p2b: Sableye\n|-immune|p1a: Steve\n|-damage|p1b: De Blob|0 fnt\n|faint|p1b: De Blob\n|move|p1a: Steve|Shadow Ball|p2a: Toxtricity\n|-damage|p2a: Toxtricity|0 fnt\n|faint|p2a: Toxtricity\n|\n|upkeep\n|\n|t:|1700288323\n|switch|p2a: Electrode|Electrode-Hisui, L50|100\/100\n|switch|p1b: Knawledge|Uxie, L50|100\/100\n|turn|9\n|\n|t:|1700288370\n|switch|p2b: Noivern|Noivern, L50, M|9\/100\n|move|p2a: Electrode|Thunder|p1a: Steve\n|-damage|p1a: Steve|68\/100\n|move|p1b: Knawledge|Dazzling Gleam|p2b: Noivern|[spread] p2a,p2b\n|-supereffective|p2b: Noivern\n|-damage|p2a: Electrode|79\/100\n|-damage|p2b: Noivern|0 fnt\n|faint|p2b: Noivern\n|move|p1a: Steve|Shadow Ball|p2a: Electrode\n|-damage|p2a: Electrode|3\/100\n|\n|upkeep\n|\n|t:|1700288382\n|switch|p2b: Sableye|Sableye, L50, F|32\/100\n|turn|10\n|\n|t:|1700288397\n|move|p2b: Sableye|Disable|p1b: Knawledge\n|-start|p1b: Knawledge|Disable|Dazzling Gleam\n|move|p2a: Electrode|Thunder|p1a: Steve\n|-damage|p1a: Steve|32\/100\n|-status|p1a: Steve|par\n|cant|p1b: Knawledge|Disable|Dazzling Gleam\n|cant|p1a: Steve|par\n|\n|-end|p1a: Steve|Disable\n|-fieldend|move: Gravity\n|upkeep\n|turn|11\n|\n|t:|1700288419\n|move|p2b: Sableye|Encore|p1b: Knawledge\n|-start|p1b: Knawledge|Encore\n|move|p2a: Electrode|Thunder|p1a: Steve|[miss]\n|-miss|p2a: Electrode|p1a: Steve\n|cant|p1b: Knawledge|Disable|Dazzling Gleam\n|move|p1a: Steve|Shadow Ball|p2b: Sableye\n|-damage|p2b: Sableye|0 fnt\n|faint|p2b: Sableye\n|\n|upkeep\n|turn|12\n|j| arrascaxeira\n|\n|t:|1700288432\n|move|p1a: Steve|Protect|p1a: Steve\n|-singleturn|p1a: Steve|Protect\n|move|p2a: Electrode|Thunder|p1a: Steve\n|-activate|p1a: Steve|move: Protect\n|-activate|p1b: Knawledge|move: Struggle\n|move|p1b: Knawledge|Struggle|p2a: Electrode\n|-damage|p2a: Electrode|0 fnt\n|faint|p2a: Electrode\n|-damage|p1b: Knawledge|75\/100|[from] recoil\n|\n|win|Teekin\n|c|\u2606Teekin|gg\n|c|\u2606beewatree|lol, ggs!\n|c|\u2606Teekin|less gooo\n|c| arrascaxeira|THE STRUGLE IS REAL\n","uploadtime":1700288493,"views":15,"p1id":"teekin","p2id":"beewatree","formatid":"gen9vgc2023regulatione","rating":0,"private":0,"password":""}