{"id":"gen9vgc2023regulatione-1990463003","p1":"RagingBulbasaur213","p2":"tomachovgc","format":"[Gen 9] VGC 2023 Regulation E","log":"|j|\u2606RagingBulbasaur213\n|j|\u2606tomachovgc\n|t:|1699973285\n|gametype|doubles\n|player|p1|RagingBulbasaur213|giovanni|1334\n|player|p2|tomachovgc|170|1334\n|teamsize|p1|6\n|teamsize|p2|6\n|gen|9\n|tier|[Gen 9] VGC 2023 Regulation E\n|rated|\n|rule|Species Clause: Limit one of each Pok\u00e9mon\n|rule|Item Clause: Limit one of each item\n|clearpoke\n|poke|p1|Ninetales-Alola, L50, F|\n|poke|p1|Iron Hands, L50|\n|poke|p1|Landorus-Therian, L50, M|\n|poke|p1|Rillaboom, L50, F|\n|poke|p1|Milotic, L50, M|\n|poke|p1|Heatran, L50, F|\n|poke|p2|Weezing, L50, M|\n|poke|p2|Arcanine, L50, M|\n|poke|p2|Chien-Pao, L50|\n|poke|p2|Sinistcha, L50|\n|poke|p2|Urshifu-*, L50, M|\n|poke|p2|Cresselia, L50, F|\n|teampreview|4\n|inactive|Battle timer is ON: inactive players will automatically lose when time's up. (requested by tomachovgc)\n|inactive|tomachovgc has 60 seconds left.\n|\n|t:|1699973319\n|start\n|switch|p1a: Milotic|Milotic, L50, M|100\/100\n|switch|p1b: Heatran|Heatran, L50, F|100\/100\n|switch|p2a: Weezing|Weezing, L50, M|100\/100\n|switch|p2b: Urshifu|Urshifu-Rapid-Strike, L50, M|100\/100\n|-ability|p2a: Weezing|Neutralizing Gas\n|turn|1\n|inactive|RagingBulbasaur213 has 30 seconds left.\n|inactive|RagingBulbasaur213 has 20 seconds left.\n|\n|t:|1699973357\n|switch|p1a: Landorus|Landorus-Therian, L50, M|100\/100\n|-end|p2a: Weezing|ability: Neutralizing Gas\n|-ability|p1a: Landorus|Intimidate|boost\n|-unboost|p2a: Weezing|atk|1\n|-unboost|p2b: Urshifu|atk|1\n|switch|p2a: Arcanine|Arcanine, L50, M|100\/100\n|-terastallize|p1b: Heatran|Fairy\n|move|p2b: Urshifu|U-turn|p1b: Heatran\n|-resisted|p1b: Heatran\n|-damage|p1b: Heatran|94\/100\n|\n|t:|1699973368\n|switch|p2b: Cresselia|Cresselia, L50, F|100\/100|[from] U-turn\n|move|p1b: Heatran|Earth Power|p2b: Cresselia\n|-immune|p2b: Cresselia|[from] ability: Levitate\n|\n|upkeep\n|turn|2\n|inactive|RagingBulbasaur213 has 30 seconds left.\n|\n|t:|1699973394\n|-terastallize|p2a: Arcanine|Grass\n|move|p1a: Landorus|U-turn|p2b: Cresselia\n|-supereffective|p2b: Cresselia\n|-damage|p2b: Cresselia|71\/100\n|\n|t:|1699973400\n|switch|p1a: Milotic|Milotic, L50, M|100\/100|[from] U-turn\n|move|p2a: Arcanine|Flare Blitz|p1a: Milotic\n|-resisted|p1a: Milotic\n|-damage|p1a: Milotic|77\/100\n|-damage|p2a: Arcanine|92\/100|[from] Recoil\n|move|p1b: Heatran|Earth Power|p2a: Arcanine\n|-resisted|p2a: Arcanine\n|-damage|p2a: Arcanine|79\/100\n|move|p2b: Cresselia|Calm Mind|p2b: Cresselia\n|-boost|p2b: Cresselia|spa|1\n|-boost|p2b: Cresselia|spd|1\n|\n|-heal|p1a: Milotic|83\/100|[from] item: Leftovers\n|upkeep\n|turn|3\n|\n|t:|1699973420\n|move|p2a: Arcanine|Wild Charge|p1a: Milotic\n|-supereffective|p1a: Milotic\n|-crit|p1a: Milotic\n|-damage|p1a: Milotic|6\/100\n|-damage|p2a: Arcanine|59\/100|[from] Recoil\n|move|p1b: Heatran|Heat Wave|p2a: Arcanine|[spread] p2b\n|-start|p2a: Arcanine|ability: Flash Fire\n|-damage|p2b: Cresselia|54\/100\n|move|p2b: Cresselia|Calm Mind|p2b: Cresselia\n|-boost|p2b: Cresselia|spa|1\n|-boost|p2b: Cresselia|spd|1\n|move|p1a: Milotic|Haze|p1a: Milotic\n|-clearallboost\n|\n|-heal|p1a: Milotic|12\/100|[from] item: Leftovers\n|upkeep\n|turn|4\n|inactive|RagingBulbasaur213 has 30 seconds left.\n|\n|t:|1699973451\n|switch|p1a: Landorus|Landorus-Therian, L50, M|100\/100\n|-ability|p1a: Landorus|Intimidate|boost\n|-unboost|p2a: Arcanine|atk|1\n|-unboost|p2b: Cresselia|atk|1\n|move|p2a: Arcanine|Flare Blitz|p1a: Landorus\n|-damage|p1a: Landorus|55\/100\n|-damage|p2a: Arcanine|44\/100|[from] Recoil\n|move|p1b: Heatran|Flash Cannon|p2a: Arcanine\n|-damage|p2a: Arcanine|7\/100\n|move|p2b: Cresselia|Calm Mind|p2b: Cresselia\n|-boost|p2b: Cresselia|spa|1\n|-boost|p2b: Cresselia|spd|1\n|\n|upkeep\n|turn|5\n|\n|t:|1699973473\n|-end|p2a: Arcanine|ability: Flash Fire|[silent]\n|switch|p2a: Urshifu|Urshifu-Rapid-Strike, L50, M|100\/100\n|move|p1a: Landorus|Rock Slide|p2b: Cresselia|[spread] p2a,p2b\n|-resisted|p2a: Urshifu\n|-damage|p2a: Urshifu|91\/100\n|-damage|p2b: Cresselia|41\/100\n|move|p1b: Heatran|Heat Wave|p2b: Cresselia|[spread] p2a,p2b\n|-resisted|p2a: Urshifu\n|-damage|p2a: Urshifu|62\/100\n|-damage|p2b: Cresselia|25\/100\n|move|p2b: Cresselia|Lunar Blessing|p2b: Cresselia|[spread] p2a,p2b\n|-heal|p2a: Urshifu|87\/100\n|-heal|p2b: Cresselia|50\/100\n|\n|upkeep\n|turn|6\n|inactive|tomachovgc has 30 seconds left.\n|inactive|tomachovgc has 20 seconds left.\n|inactive|tomachovgc has 15 seconds left.\n|\n|t:|1699973515\n|move|p2a: Urshifu|Surging Strikes|p1a: Landorus\n|-supereffective|p1a: Landorus\n|-crit|p1a: Landorus\n|-damage|p1a: Landorus|11\/100\n|-supereffective|p1a: Landorus\n|-crit|p1a: Landorus\n|-damage|p1a: Landorus|0 fnt\n|faint|p1a: Landorus\n|-hitcount|p1: Landorus|2\n|move|p1b: Heatran|Flash Cannon|p2b: Cresselia\n|-damage|p2b: Cresselia|32\/100\n|move|p2b: Cresselia|Lunar Blessing|p2b: Cresselia|[spread] p2a,p2b\n|-heal|p2a: Urshifu|100\/100\n|-heal|p2b: Cresselia|57\/100\n|\n|upkeep\n|\n|t:|1699973529\n|switch|p1a: Iron Hands|Iron Hands, L50|100\/100\n|turn|7\n|\n|t:|1699973543\n|switch|p2a: Weezing|Weezing, L50, M|100\/100\n|-ability|p2a: Weezing|Neutralizing Gas\n|move|p1b: Heatran|Flash Cannon|p2b: Cresselia\n|-damage|p2b: Cresselia|38\/100\n|move|p2b: Cresselia|Calm Mind|p2b: Cresselia\n|-boost|p2b: Cresselia|spa|1\n|-boost|p2b: Cresselia|spd|1\n|move|p1a: Iron Hands|Wild Charge|p2a: Weezing\n|-damage|p2a: Weezing|69\/100\n|-damage|p1a: Iron Hands|95\/100|[from] Recoil\n|\n|-heal|p2a: Weezing|74\/100|[from] item: Leftovers\n|upkeep\n|turn|8\n|\n|t:|1699973563\n|move|p1b: Heatran|Heat Wave|p2b: Cresselia|[spread] p2a\n|-miss|p1b: Heatran|p2b: Cresselia\n|-damage|p2a: Weezing|25\/100\n|move|p2b: Cresselia|Lunar Blessing|p2b: Cresselia|[spread] p2a,p2b\n|-heal|p2a: Weezing|50\/100\n|-heal|p2b: Cresselia|63\/100\n|move|p1a: Iron Hands|Wild Charge|p2b: Cresselia\n|-damage|p2b: Cresselia|34\/100\n|-damage|p1a: Iron Hands|87\/100|[from] Recoil\n|move|p2a: Weezing|Will-O-Wisp|p1a: Iron Hands\n|-status|p1a: Iron Hands|brn\n|\n|-heal|p2a: Weezing|56\/100|[from] item: Leftovers\n|-damage|p1a: Iron Hands|81\/100 brn|[from] brn\n|upkeep\n|turn|9\n|-message|RagingBulbasaur213 forfeited.\n|\n|win|tomachovgc\n|raw|RagingBulbasaur213's rating: 1334 &rarr; <strong>1314<\/strong><br \/>(-20 for losing)\n|raw|tomachovgc's rating: 1334 &rarr; <strong>1354<\/strong><br \/>(+20 for winning)\n|l|\u2606RagingBulbasaur213\n","uploadtime":1699973590,"views":8,"p1id":"ragingbulbasaur213","p2id":"tomachovgc","formatid":"gen9vgc2023regulatione","rating":1314,"private":0,"password":""}