{"id":"gen9vgc2023regulatione-1999805412","p1":"Welcometoearth420","p2":"st4zi","format":"[Gen 9] VGC 2023 Regulation E","log":"|j|\u2606Welcometoearth420\n|j|\u2606st4zi\n|t:|1701118330\n|gametype|doubles\n|player|p1|Welcometoearth420|102|1099\n|player|p2|st4zi|aaron|1157\n|teamsize|p1|6\n|teamsize|p2|6\n|gen|9\n|tier|[Gen 9] VGC 2023 Regulation E\n|rated|\n|rule|Species Clause: Limit one of each Pok\u00e9mon\n|rule|Item Clause: Limit one of each item\n|clearpoke\n|poke|p1|Arcanine-Hisui, L50, M|\n|poke|p1|Urshifu-*, L50, M|\n|poke|p1|Flutter Mane, L50|\n|poke|p1|Chien-Pao, L50|\n|poke|p1|Amoonguss, L50, M|\n|poke|p1|Iron Hands, L50|\n|poke|p2|Tornadus, L50, M|\n|poke|p2|Arcanine-Hisui, L50, M|\n|poke|p2|Iron Hands, L50|\n|poke|p2|Urshifu-*, L50, M|\n|poke|p2|Sinistcha, L50|\n|poke|p2|Chien-Pao, L50|\n|teampreview|4\n|\n|t:|1701118353\n|start\n|switch|p1a: Arcanine|Arcanine-Hisui, L50, M|100\/100\n|switch|p1b: Iron Hands|Iron Hands, L50|100\/100\n|switch|p2a: Tornadus|Tornadus, L50, M|100\/100\n|switch|p2b: Bill|Urshifu-Rapid-Strike, L50, M|100\/100\n|-ability|p1a: Arcanine|Intimidate|boost\n|-unboost|p2a: Tornadus|atk|1\n|-unboost|p2b: Bill|atk|1\n|turn|1\n|\n|t:|1701118384\n|-terastallize|p2a: Tornadus|Ghost\n|move|p1b: Iron Hands|Fake Out|p2b: Bill\n|-damage|p2b: Bill|85\/100\n|move|p2a: Tornadus|Leer|p1a: Arcanine|[spread] p1a,p1b\n|-unboost|p1a: Arcanine|def|1\n|-unboost|p1b: Iron Hands|def|1\n|cant|p2b: Bill|flinch\n|move|p1a: Arcanine|Rock Slide|p2a: Tornadus|[spread] p2a,p2b\n|-resisted|p2b: Bill\n|-damage|p2a: Tornadus|54\/100\n|-damage|p2b: Bill|68\/100\n|-damage|p1a: Arcanine|91\/100|[from] item: Life Orb\n|\n|upkeep\n|turn|2\n|\n|t:|1701118418\n|move|p1a: Arcanine|Extreme Speed|p2b: Bill\n|-damage|p2b: Bill|32\/100\n|-damage|p1a: Arcanine|81\/100|[from] item: Life Orb\n|move|p2a: Tornadus|Tailwind|p2a: Tornadus\n|-sidestart|p2: st4zi|move: Tailwind\n|move|p2b: Bill|Surging Strikes|p1a: Arcanine\n|-supereffective|p1a: Arcanine\n|-crit|p1a: Arcanine\n|-damage|p1a: Arcanine|0 fnt\n|faint|p1a: Arcanine\n|-hitcount|p1: Arcanine|1\n|move|p1b: Iron Hands|Wild Charge|p2b: Bill\n|-supereffective|p2b: Bill\n|-damage|p2b: Bill|0 fnt\n|faint|p2b: Bill\n|-damage|p1b: Iron Hands|95\/100|[from] Recoil\n|\n|upkeep\n|\n|t:|1701118439\n|switch|p2b: The Weasler|Chien-Pao, L50|100\/100\n|switch|p1a: Flutter Mane|Flutter Mane, L50|100\/100\n|-ability|p2b: The Weasler|Sword of Ruin\n|turn|3\n|\n|t:|1701118476\n|move|p2b: The Weasler|Ice Spinner|p1a: Flutter Mane\n|-damage|p1a: Flutter Mane|10\/100\n|move|p2a: Tornadus|Bleakwind Storm|p1b: Iron Hands|[spread] p1a,p1b\n|-crit|p1a: Flutter Mane\n|-damage|p1a: Flutter Mane|0 fnt\n|-damage|p1b: Iron Hands|71\/100\n|-unboost|p1b: Iron Hands|spe|1\n|faint|p1a: Flutter Mane\n|-end|p1a: Flutter Mane|Protosynthesis|[silent]\n|move|p1b: Iron Hands|Wild Charge|p2a: Tornadus\n|-damage|p2a: Tornadus|0 fnt\n|faint|p2a: Tornadus\n|-damage|p1b: Iron Hands|61\/100|[from] Recoil\n|\n|upkeep\n|\n|t:|1701118488\n|switch|p1a: Urshifu|Urshifu-Rapid-Strike, L50, M|100\/100\n|switch|p2a: Geiger|Arcanine-Hisui, L50, M|100\/100\n|-ability|p2a: Geiger|Intimidate|boost\n|-unboost|p1a: Urshifu|atk|1\n|-unboost|p1b: Iron Hands|atk|1\n|turn|4\n|\n|t:|1701118513\n|-terastallize|p1b: Iron Hands|Water\n|move|p2a: Geiger|Extreme Speed|p1a: Urshifu\n|-damage|p1a: Urshifu|42\/100\n|move|p1a: Urshifu|Aqua Jet|p2a: Geiger\n|-supereffective|p2a: Geiger\n|-damage|p2a: Geiger|0 fnt\n|faint|p2a: Geiger\n|move|p2b: The Weasler|Ice Spinner|p1a: Urshifu\n|-resisted|p1a: Urshifu\n|-damage|p1a: Urshifu|12\/100\n|move|p1b: Iron Hands|Drain Punch|p2b: The Weasler\n|-supereffective|p2b: The Weasler\n|-enditem|p2b: The Weasler|Focus Sash\n|-damage|p2b: The Weasler|1\/100\n|-heal|p1b: Iron Hands|93\/100|[from] drain|[of] p2b: The Weasler\n|\n|upkeep\n|turn|5\n|-message|st4zi forfeited.\n|\n|win|Welcometoearth420\n|raw|Welcometoearth420's rating: 1099 &rarr; <strong>1128<\/strong><br \/>(+29 for winning)\n|raw|st4zi's rating: 1157 &rarr; <strong>1128<\/strong><br \/>(-29 for losing)\n|l|\u2606st4zi\n","uploadtime":1701118530,"views":3,"p1id":"welcometoearth420","p2id":"st4zi","formatid":"gen9vgc2023regulatione","rating":1128,"private":0,"password":""}