{"id":"gen9vgc2023regulatione-2000038608","p1":"Josuee_29","p2":"JeanRyuPR","format":"[Gen 9] VGC 2023 Regulation E","log":"|j|\u2606Josuee_29\n|j|\u2606JeanRyuPR\n|t:|1701144503\n|gametype|doubles\n|player|p1|Josuee_29|red|\n|player|p2|JeanRyuPR|265|\n|teamsize|p1|6\n|teamsize|p2|6\n|gen|9\n|tier|[Gen 9] VGC 2023 Regulation E\n|rule|Species Clause: Limit one of each Pok\u00e9mon\n|rule|Item Clause: Limit one of each item\n|clearpoke\n|poke|p1|Landorus-Therian, L50, M|\n|poke|p1|Iron Hands, L50|\n|poke|p1|Heatran, L50, M|\n|poke|p1|Flutter Mane, L50|\n|poke|p1|Roaring Moon, L50|\n|poke|p1|Tornadus, L50, M|\n|poke|p2|Roaring Moon, L50|\n|poke|p2|Iron Hands, L50|\n|poke|p2|Ogerpon-Wellspring, L50, F|\n|poke|p2|Heatran, L50, M|\n|poke|p2|Arcanine-Hisui, L50, M|\n|poke|p2|Tornadus, L50, M|\n|teampreview|4\nJosuee_29 has agreed to open team sheets.\nJeanRyuPR has agreed to open team sheets.\n|showteam|p1|Landorus-Therian||Leftovers|Intimidate|Earthquake,Crunch,RockSlide,Protect|||M|||50|,,,,,Fairy]Iron Hands||ClearAmulet|QuarkDrive|WildCharge,DrainPunch,IcePunch,FakeOut||||||50|,,,,,Fire]Heatran||AssaultVest|FlashFire|HeatWave,FlashCannon,EarthPower,TeraBlast|||M|||50|,,,,,Grass]Flutter Mane||LifeOrb|Protosynthesis|Protect,DazzlingGleam,ShadowBall,PowerGem||||||50|,,,,,Fairy]Roaring Moon||BoosterEnergy|Protosynthesis|KnockOff,Acrobatics,Tailwind,Protect||||||50|,,,,,Fire]Tornadus||MentalHerb|Prankster|BleakwindStorm,Tailwind,SunnyDay,Taunt|||M|||50|,,,,,Steel\n|showteam|p2|Roaring Moon||BoosterEnergy|Protosynthesis|KnockOff,Protect,BreakingSwipe,TeraBlast||||||50|,,,,,Poison]Iron Hands||AssaultVest|QuarkDrive|DrainPunch,WildCharge,HeavySlam,FakeOut||||||50|,,,,,Water]Ogerpon-Wellspring||WellspringMask|WaterAbsorb|IvyCudgel,SpikyShield,WoodHammer,SwordsDance|||F|||50|,,,,,Water]Heatran||ZoomLens|FlashFire|MagmaStorm,EarthPower,FlashCannon,Protect|||M|||50|,,,,,Fairy]Arcanine-Hisui||ChoiceBand|Intimidate|RockSlide,ExtremeSpeed,FlareBlitz,TeraBlast|||M|||50|,,,,,Grass]Tornadus||CovertCloak|Prankster|BleakwindStorm,IcyWind,Taunt,Tailwind|||M|||50|,,,,,Ghost\n|\n|t:|1701144626\n|start\n|switch|p1a: Landorus|Landorus-Therian, L50, M|100\/100\n|switch|p1b: Tornadus|Tornadus, L50, M, shiny|100\/100\n|switch|p2a: Tornadus|Tornadus, L50, M|100\/100\n|switch|p2b: Heatran|Heatran, L50, M|100\/100\n|-ability|p1a: Landorus|Intimidate|boost\n|-unboost|p2a: Tornadus|atk|1\n|-unboost|p2b: Heatran|atk|1\n|turn|1\n|\n|t:|1701144654\n|-terastallize|p2b: Heatran|Fairy\n|move|p1b: Tornadus|Tailwind|p1b: Tornadus\n|-sidestart|p1: Josuee_29|move: Tailwind\n|move|p1a: Landorus|Rock Slide|p2a: Tornadus|[spread] p2a,p2b\n|-supereffective|p2a: Tornadus\n|-crit|p2b: Heatran\n|-damage|p2a: Tornadus|37\/100\n|-damage|p2b: Heatran|76\/100\n|move|p2a: Tornadus|Icy Wind|p1b: Tornadus|[spread] p1a\n|-miss|p2a: Tornadus|p1b: Tornadus\n|-supereffective|p1a: Landorus\n|-damage|p1a: Landorus|36\/100\n|-unboost|p1a: Landorus|spe|1\n|move|p2b: Heatran|Magma Storm|p1a: Landorus\n|-damage|p1a: Landorus|0 fnt\n|faint|p1a: Landorus\n|\n|upkeep\n|\n|t:|1701144677\n|switch|p1a: Roaring Moon|Roaring Moon, L50, shiny|100\/100\n|-enditem|p1a: Roaring Moon|Booster Energy\n|-activate|p1a: Roaring Moon|ability: Protosynthesis|[fromitem]\n|-start|p1a: Roaring Moon|protosynthesisspe\n|turn|2\n|\n|t:|1701144727\n|-terastallize|p1a: Roaring Moon|Fire\n|move|p1b: Tornadus|Taunt|p2a: Tornadus\n|-start|p2a: Tornadus|move: Taunt\n|move|p1a: Roaring Moon|Knock Off|p2b: Heatran\n|-resisted|p2b: Heatran\n|-damage|p2b: Heatran|57\/100\n|-enditem|p2b: Heatran|Zoom Lens|[from] move: Knock Off|[of] p1a: Roaring Moon\n|move|p2a: Tornadus|Icy Wind|p1a: Roaring Moon|[spread] p1a,p1b\n|-resisted|p1a: Roaring Moon\n|-crit|p1a: Roaring Moon\n|-supereffective|p1b: Tornadus\n|-damage|p1a: Roaring Moon|90\/100\n|-damage|p1b: Tornadus|68\/100\n|-unboost|p1a: Roaring Moon|spe|1\n|-unboost|p1b: Tornadus|spe|1\n|move|p2b: Heatran|Magma Storm|p1a: Roaring Moon\n|-resisted|p1a: Roaring Moon\n|-damage|p1a: Roaring Moon|67\/100\n|-activate|p1a: Roaring Moon|move: Magma Storm|[of] p2b: Heatran\n|\n|-damage|p1a: Roaring Moon|55\/100|[from] move: Magma Storm|[partiallytrapped]\n|upkeep\n|turn|3\n|\n|t:|1701144758\n|move|p1a: Roaring Moon|Acrobatics|p2a: Tornadus\n|-damage|p2a: Tornadus|0 fnt\n|faint|p2a: Tornadus\n|move|p1b: Tornadus|Bleakwind Storm|p2b: Heatran\n|-damage|p2b: Heatran|24\/100\n|move|p2b: Heatran|Earth Power|p1a: Roaring Moon\n|-supereffective|p1a: Roaring Moon\n|-crit|p1a: Roaring Moon\n|-damage|p1a: Roaring Moon|0 fnt\n|faint|p1a: Roaring Moon\n|-end|p1a: Roaring Moon|Protosynthesis|[silent]\n|\n|upkeep\n|\n|t:|1701144774\n|switch|p1a: Flutter Mane|Flutter Mane, L50, shiny|100\/100\n|switch|p2a: Iron Hands|Iron Hands, L50|100\/100\n|turn|4\n|\n|t:|1701144797\n|move|p1a: Flutter Mane|Dazzling Gleam|p2a: Iron Hands|[spread] p2a,p2b\n|-supereffective|p2a: Iron Hands\n|-damage|p2a: Iron Hands|60\/100\n|-damage|p2b: Heatran|0 fnt\n|faint|p2b: Heatran\n|-damage|p1a: Flutter Mane|91\/100|[from] item: Life Orb\n|move|p1b: Tornadus|Bleakwind Storm|p2a: Iron Hands\n|-damage|p2a: Iron Hands|38\/100\n|move|p2a: Iron Hands|Heavy Slam|p1a: Flutter Mane\n|-supereffective|p1a: Flutter Mane\n|-damage|p1a: Flutter Mane|0 fnt\n|faint|p1a: Flutter Mane\n|-end|p1a: Flutter Mane|Protosynthesis|[silent]\n|\n|-sideend|p1: Josuee_29|move: Tailwind\n|upkeep\n|\n|t:|1701144810\n|switch|p2b: Ogerpon|Ogerpon-Wellspring, L50, F|100\/100\n|turn|5\n|\n|t:|1701144823\n|move|p2b: Ogerpon|Ivy Cudgel|p1b: Tornadus|[anim] Ivy Cudgel Water\n|-damage|p1b: Tornadus|1\/100\n|move|p1b: Tornadus|Bleakwind Storm|p2a: Iron Hands|[spread] p2a,p2b\n|-supereffective|p2b: Ogerpon\n|-damage|p2a: Iron Hands|20\/100\n|-damage|p2b: Ogerpon|39\/100\n|move|p2a: Iron Hands|Wild Charge|p1b: Tornadus\n|-supereffective|p1b: Tornadus\n|-crit|p1b: Tornadus\n|-damage|p1b: Tornadus|0 fnt\n|faint|p1b: Tornadus\n|-damage|p2a: Iron Hands|20\/100|[from] Recoil\n|\n|win|JeanRyuPR\n","uploadtime":1701144839,"views":8,"p1id":"josuee29","p2id":"jeanryupr","formatid":"gen9vgc2023regulatione","rating":0,"private":0,"password":""}