{"id":"gen9vgc2023regulatione-1998015495","p1":"Otakuraku","p2":"bhg.guh8gyf","format":"[Gen 9] VGC 2023 Regulation E","log":"|j|\u2606Otakuraku\n|j|\u2606bhg.guh8gyf\n|t:|1700879248\n|gametype|doubles\n|player|p1|Otakuraku|266|1126\n|player|p2|bhg.guh8gyf|102|1083\n|teamsize|p1|6\n|teamsize|p2|6\n|gen|9\n|tier|[Gen 9] VGC 2023 Regulation E\n|rated|\n|rule|Species Clause: Limit one of each Pok\u00e9mon\n|rule|Item Clause: Limit one of each item\n|clearpoke\n|poke|p1|Houndstone, L50, F|\n|poke|p1|Tyranitar, L50, F|\n|poke|p1|Skeledirge, L50, M|\n|poke|p1|Gholdengo, L50|\n|poke|p1|Annihilape, L50, M|\n|poke|p1|Talonflame, L50, F|\n|poke|p2|Flutter Mane, L50|\n|poke|p2|Chi-Yu, L50|\n|poke|p2|Ogerpon-Hearthflame, L50, F|\n|poke|p2|Oranguru, L50, M|\n|poke|p2|Ursaluna-Bloodmoon, L50, M|\n|poke|p2|Urshifu-*, L50, F|\n|teampreview|4\n|inactive|Battle timer is ON: inactive players will automatically lose when time's up. (requested by bhg.guh8gyf)\n|inactive|Otakuraku has 60 seconds left.\n|\n|t:|1700879306\n|start\n|switch|p1a: Skeledirge|Skeledirge, L50, M|100\/100\n|switch|p1b: Talonflame|Talonflame, L50, F|100\/100\n|switch|p2a: Ursaluna|Ursaluna-Bloodmoon, L50, M|100\/100\n|switch|p2b: Oranguru|Oranguru, L50, M|100\/100\n|turn|1\n|inactive|bhg.guh8gyf has 30 seconds left.\n|inactive|bhg.guh8gyf has 20 seconds left.\n|inactive|bhg.guh8gyf has 15 seconds left.\n|inactive|bhg.guh8gyf has 10 seconds left.\n|inactive|bhg.guh8gyf has 5 seconds left.\n|\n|t:|1700879356\n|-terastallize|p2a: Ursaluna|Ghost\n|move|p1b: Talonflame|Tailwind|p1b: Talonflame\n|-sidestart|p1: Otakuraku|move: Tailwind\n|move|p2a: Ursaluna|Vacuum Wave|p1b: Talonflame\n|-resisted|p1b: Talonflame\n|-damage|p1b: Talonflame|88\/100\n|move|p1a: Skeledirge|Torch Song|p2b: Oranguru\n|-damage|p2b: Oranguru|65\/100\n|-boost|p1a: Skeledirge|spa|1\n|move|p2b: Oranguru|Trick Room|p2b: Oranguru\n|-fieldstart|move: Trick Room|[of] p2b: Oranguru\n|\n|upkeep\n|turn|2\n|inactive|Otakuraku has 30 seconds left.\n|\n|t:|1700879382\n|move|p1a: Skeledirge|Protect|p1a: Skeledirge\n|-singleturn|p1a: Skeledirge|Protect\n|move|p1b: Talonflame|Protect|p1b: Talonflame\n|-singleturn|p1b: Talonflame|Protect\n|move|p2a: Ursaluna|Hyper Voice|p1a: Skeledirge|[spread] \n|-activate|p1a: Skeledirge|move: Protect\n|-activate|p1b: Talonflame|move: Protect\n|move|p2b: Oranguru|Instruct|p2a: Ursaluna\n|-singleturn|p2a: Ursaluna|move: Instruct|[of] p2b: Oranguru\n|move|p2a: Ursaluna|Hyper Voice|p1b: Talonflame|[spread] \n|-activate|p1a: Skeledirge|move: Protect\n|-activate|p1b: Talonflame|move: Protect\n|\n|upkeep\n|turn|3\n|\n|t:|1700879402\n|switch|p1a: Gholdengo|Gholdengo, L50|100\/100\n|switch|p1b: Annihilape|Annihilape, L50, M|100\/100\n|move|p2a: Ursaluna|Hyper Voice|p1a: Gholdengo|[spread] p1a,p1b\n|-resisted|p1a: Gholdengo\n|-damage|p1a: Gholdengo|77\/100\n|-damage|p1b: Annihilape|64\/100\n|-enditem|p2a: Ursaluna|Throat Spray\n|-boost|p2a: Ursaluna|spa|1|[from] item: Throat Spray\n|-activate|p2b: Oranguru|ability: Symbiosis|Metronome|[of] p2a: Ursaluna\n|move|p2b: Oranguru|Instruct|p2a: Ursaluna\n|-singleturn|p2a: Ursaluna|move: Instruct|[of] p2b: Oranguru\n|move|p2a: Ursaluna|Hyper Voice|p1b: Annihilape|[spread] p1a,p1b\n|-resisted|p1a: Gholdengo\n|-damage|p1a: Gholdengo|40\/100\n|-damage|p1b: Annihilape|4\/100\n|\n|upkeep\n|turn|4\n|inactive|Otakuraku has 30 seconds left.\n|\n|t:|1700879428\n|move|p1a: Gholdengo|Protect|p1a: Gholdengo\n|-singleturn|p1a: Gholdengo|Protect\n|move|p2a: Ursaluna|Hyper Voice|p1b: Annihilape|[spread] p1b\n|-activate|p1a: Gholdengo|move: Protect\n|-damage|p1b: Annihilape|0 fnt\n|faint|p1b: Annihilape\n|move|p2b: Oranguru|Instruct|p2a: Ursaluna\n|-singleturn|p2a: Ursaluna|move: Instruct|[of] p2b: Oranguru\n|move|p2a: Ursaluna|Hyper Voice|p1a: Gholdengo\n|-activate|p1a: Gholdengo|move: Protect\n|\n|-sideend|p1: Otakuraku|move: Tailwind\n|upkeep\n|\n|t:|1700879442\n|switch|p1b: Skeledirge|Skeledirge, L50, M|100\/100\n|turn|5\n|\n|t:|1700879449\n|move|p1b: Skeledirge|Protect|p1b: Skeledirge\n|-singleturn|p1b: Skeledirge|Protect\n|move|p1a: Gholdengo|Protect|p1a: Gholdengo\n|-singleturn|p1a: Gholdengo|Protect\n|move|p2a: Ursaluna|Hyper Voice|p1b: Skeledirge|[spread] \n|-activate|p1a: Gholdengo|move: Protect\n|-activate|p1b: Skeledirge|move: Protect\n|move|p2b: Oranguru|Instruct|p2a: Ursaluna\n|-singleturn|p2a: Ursaluna|move: Instruct|[of] p2b: Oranguru\n|move|p2a: Ursaluna|Hyper Voice|p1b: Skeledirge|[spread] \n|-activate|p1a: Gholdengo|move: Protect\n|-activate|p1b: Skeledirge|move: Protect\n|\n|-fieldend|move: Trick Room\n|upkeep\n|turn|6\n|inactive|Otakuraku has 30 seconds left.\n|inactive|bhg.guh8gyf has 30 seconds left.\n|\n|t:|1700879480\n|-terastallize|p1a: Gholdengo|Water\n|move|p1a: Gholdengo|Shadow Ball|p2a: Ursaluna\n|-supereffective|p2a: Ursaluna\n|-crit|p2a: Ursaluna\n|-damage|p2a: Ursaluna|0 fnt\n|faint|p2a: Ursaluna\n|-damage|p1a: Gholdengo|31\/100|[from] item: Life Orb\n|move|p1b: Skeledirge|Shadow Ball|p2b: Oranguru\n|-immune|p2b: Oranguru\n|move|p2b: Oranguru|Instruct|p2: Ursaluna|[notarget]\n|-fail|p2b: Oranguru\n|\n|upkeep\n|\n|t:|1700879495\n|switch|p2a: Ogerpon|Ogerpon-Hearthflame, L50, F|100\/100\n|-ability|p2a: Ogerpon|Mold Breaker\n|turn|7\n|\n|t:|1700879518\n|move|p2a: Ogerpon|Ivy Cudgel|p1a: Gholdengo|[anim] Ivy Cudgel Fire\n|-resisted|p1a: Gholdengo\n|-damage|p1a: Gholdengo|0 fnt\n|faint|p1a: Gholdengo\n|move|p1b: Skeledirge|Shadow Ball|p2a: Ogerpon\n|-damage|p2a: Ogerpon|57\/100\n|move|p2b: Oranguru|Foul Play|p1b: Skeledirge\n|-supereffective|p1b: Skeledirge\n|-damage|p1b: Skeledirge|77\/100\n|\n|upkeep\n|\n|t:|1700879527\n|switch|p1a: Talonflame|Talonflame, L50, F|88\/100\n|turn|8\n|\n|t:|1700879544\n|move|p1b: Skeledirge|Protect|p1b: Skeledirge\n|-singleturn|p1b: Skeledirge|Protect\n|move|p1a: Talonflame|Tailwind|p1a: Talonflame\n|-sidestart|p1: Otakuraku|move: Tailwind\n|move|p2a: Ogerpon|Ivy Cudgel|p1a: Talonflame|[anim] Ivy Cudgel Fire\n|-resisted|p1a: Talonflame\n|-damage|p1a: Talonflame|42\/100\n|move|p2b: Oranguru|Foul Play|p1a: Talonflame\n|-damage|p1a: Talonflame|22\/100\n|\n|upkeep\n|turn|9\n|inactive|bhg.guh8gyf has 30 seconds left.\n|\n|t:|1700879572\n|move|p1a: Talonflame|Overheat|p2a: Ogerpon\n|-damage|p2a: Ogerpon|4\/100\n|-unboost|p1a: Talonflame|spa|2\n|move|p1b: Skeledirge|Torch Song|p2a: Ogerpon\n|-crit|p2a: Ogerpon\n|-damage|p2a: Ogerpon|0 fnt\n|-boost|p1b: Skeledirge|spa|1\n|faint|p2a: Ogerpon\n|move|p2b: Oranguru|Foul Play|p1b: Skeledirge\n|-supereffective|p1b: Skeledirge\n|-damage|p1b: Skeledirge|53\/100\n|\n|upkeep\n|\n|t:|1700879585\n|switch|p2a: Urshifu|Urshifu, L50, F|100\/100\n|turn|10\n|\n|t:|1700879609\n|move|p1a: Talonflame|Protect|p1a: Talonflame\n|-singleturn|p1a: Talonflame|Protect\n|move|p2a: Urshifu|Sucker Punch||[still]\n|-fail|p2a: Urshifu\n|move|p1b: Skeledirge|Shadow Ball|p2a: Urshifu\n|-resisted|p2a: Urshifu\n|-damage|p2a: Urshifu|58\/100\n|move|p2b: Oranguru|Foul Play|p1b: Skeledirge\n|-supereffective|p1b: Skeledirge\n|-damage|p1b: Skeledirge|31\/100\n|\n|upkeep\n|turn|11\n|\n|t:|1700879632\n|move|p2a: Urshifu|Detect|p2a: Urshifu\n|-singleturn|p2a: Urshifu|Protect\n|move|p1a: Talonflame|Air Slash|p2a: Urshifu\n|-activate|p2a: Urshifu|move: Protect\n|move|p1b: Skeledirge|Torch Song|p2a: Urshifu\n|-activate|p2a: Urshifu|move: Protect\n|move|p2b: Oranguru|Foul Play|p1a: Talonflame\n|-damage|p1a: Talonflame|1\/100\n|\n|-sideend|p1: Otakuraku|move: Tailwind\n|upkeep\n|turn|12\n|inactive|bhg.guh8gyf has 30 seconds left.\n|\n|t:|1700879660\n|move|p1a: Talonflame|Tailwind|p1a: Talonflame\n|-sidestart|p1: Otakuraku|move: Tailwind\n|move|p1b: Skeledirge|Torch Song|p2a: Urshifu\n|-crit|p2a: Urshifu\n|-damage|p2a: Urshifu|0 fnt\n|-boost|p1b: Skeledirge|spa|1\n|faint|p2a: Urshifu\n|move|p2b: Oranguru|Foul Play|p1b: Skeledirge\n|-supereffective|p1b: Skeledirge\n|-damage|p1b: Skeledirge|10\/100\n|\n|upkeep\n|turn|13\n|\n|t:|1700879678\n|move|p1a: Talonflame|Overheat|p2b: Oranguru\n|-damage|p2b: Oranguru|45\/100\n|-unboost|p1a: Talonflame|spa|2\n|move|p1b: Skeledirge|Torch Song|p2b: Oranguru\n|-damage|p2b: Oranguru|0 fnt\n|-boost|p1b: Skeledirge|spa|1\n|faint|p2b: Oranguru\n|\n|win|Otakuraku\n|raw|Otakuraku's rating: 1126 &rarr; <strong>1148<\/strong><br \/>(+22 for winning)\n|raw|bhg.guh8gyf's rating: 1083 &rarr; <strong>1063<\/strong><br \/>(-20 for losing)\n|l|\u2606bhg.guh8gyf\n","uploadtime":1700879691,"views":15,"p1id":"otakuraku","p2id":"bhgguh8gyf","formatid":"gen9vgc2023regulatione","rating":1063,"private":0,"password":""}