{"id":"gen9vgc2023regulatione-1988080197","p1":"Leon1das","p2":"YoraeRasante","format":"[Gen 9] VGC 2023 Regulation E","log":"|j|\u2606Leon1das\n|j|\u2606YoraeRasante\n|n|\u2606Leon1das|leon1das\n|n|\u2606YoraeRasante|yoraerasante\n|html|View the match progress at <a href=\"\/game-bestof3-gen9vgc2023regulatione-1988071261\">game-bestof3-gen9vgc2023regulatione-1988071261<\/a>\n|t:|1699667086\n|gametype|doubles\n|player|p1|Leon1das|170|\n|player|p2|YoraeRasante|red|\n|teamsize|p1|6\n|teamsize|p2|6\n|gen|9\n|tier|[Gen 9] VGC 2023 Regulation E\n|rule|Species Clause: Limit one of each Pok\u00e9mon\n|rule|Item Clause: Limit one of each item\n|clearpoke\n|poke|p1|Cresselia, L50, F|\n|poke|p1|Ursaluna-Bloodmoon, L50, M|\n|poke|p1|Iron Hands, L50|\n|poke|p1|Ogerpon-Wellspring, L50, F|\n|poke|p1|Arcanine-Hisui, L50, M|\n|poke|p1|Flutter Mane, L50|\n|poke|p2|Tyranitar, L50, F|\n|poke|p2|Flutter Mane, L50|\n|poke|p2|Urshifu-*, L50, F|\n|poke|p2|Iron Hands, L50|\n|poke|p2|Rillaboom, L50, M|\n|poke|p2|Tornadus, L50, M|\n|teampreview|4\nYoraeRasante has agreed to open team sheets.\n|j| Rebornsan93\n|j| DorititosKiller\n|j| lucasarreguy\n|j| Yuri\nLeon1das has agreed to open team sheets.\n|showteam|p1|Cresselia||MentalHerb|Levitate|Psychic,HelpingHand,LunarBlessing,TrickRoom|||F|||50|,,,,,Fire]Ursaluna-Bloodmoon||ThroatSpray|MindsEye|BloodMoon,EarthPower,HyperVoice,Protect|||M|||50|,,,,,Grass]Iron Hands||AssaultVest|QuarkDrive|FakeOut,DrainPunch,WildCharge,HeavySlam||||||50|,,,,,Fire]Ogerpon-Wellspring||WellspringMask|WaterAbsorb|IvyCudgel,FollowMe,HornLeech,SpikyShield|||F|||50|,,,,,Water]Arcanine-Hisui||SitrusBerry|Intimidate|RockSlide,FlareBlitz,ExtremeSpeed,Protect|||M|||50|,,,,,Grass]Flutter Mane||BoosterEnergy|Protosynthesis|Moonblast,ShadowBall,DazzlingGleam,Protect||||||50|,,,,,Fairy\n|showteam|p2|Tyranitar||LifeOrb|SandStream|KnockOff,RockSlide,LowKick,TeraBlast|||F|||50|,,,,,Psychic]Flutter Mane||ChoiceSpecs|Protosynthesis|ShadowBall,Moonblast,DazzlingGleam,TrickRoom||||||50|,,,,,Fairy]Urshifu-Rapid-Strike||ChoiceScarf|UnseenFist|SurgingStrikes,CloseCombat,AquaJet,Uturn|||F|||50|,,,,,Water]Iron Hands||AssaultVest|QuarkDrive|WildCharge,DrainPunch,HeavySlam,FakeOut||||||50|,,,,,Grass]Rillaboom||MiracleSeed|GrassySurge|FakeOut,WoodHammer,GrassyGlide,Taunt|||M|||50|,,,,,Grass]Tornadus||CovertCloak|Prankster|BleakwindStorm,Tailwind,Taunt,RainDance|||M|||50|,,,,,Flying\n|j| Marcostap\n|c| lucasarreguy|podem come\u00e7ar\n|\n|t:|1699667135\n|start\n|switch|p1a: Hachiko|Arcanine-Hisui, L50, M|100\/100\n|switch|p1b: Melanie|Flutter Mane, L50|100\/100\n|switch|p2a: Tyranitar|Tyranitar, L50, F|100\/100\n|switch|p2b: Iron Hands|Iron Hands, L50|100\/100\n|-ability|p1a: Hachiko|Intimidate|boost\n|-unboost|p2a: Tyranitar|atk|1\n|-unboost|p2b: Iron Hands|atk|1\n|-weather|Sandstorm|[from] ability: Sand Stream|[of] p2a: Tyranitar\n|-enditem|p1b: Melanie|Booster Energy\n|-activate|p1b: Melanie|ability: Protosynthesis|[fromitem]\n|-start|p1b: Melanie|protosynthesisspa\n|turn|1\n|j| Bard0_Gamer\n|\n|t:|1699667214\n|-terastallize|p2a: Tyranitar|Psychic\n|move|p1a: Hachiko|Protect|p1a: Hachiko\n|-singleturn|p1a: Hachiko|Protect\n|move|p1b: Melanie|Moonblast|p2a: Tyranitar\n|-damage|p2a: Tyranitar|32\/100\n|move|p2a: Tyranitar|Rock Slide|p1a: Hachiko|[spread] p1b\n|-activate|p1a: Hachiko|move: Protect\n|-damage|p1b: Melanie|59\/100\n|-damage|p2a: Tyranitar|23\/100|[from] item: Life Orb\n|move|p2b: Iron Hands|Drain Punch|p1a: Hachiko\n|-activate|p1a: Hachiko|move: Protect\n|\n|-weather|Sandstorm|[upkeep]\n|-damage|p1b: Melanie|53\/100|[from] Sandstorm\n|-damage|p2a: Tyranitar|16\/100|[from] Sandstorm\n|-damage|p2b: Iron Hands|94\/100|[from] Sandstorm\n|upkeep\n|turn|2\n|\n|t:|1699667239\n|switch|p2a: Flutter Mane|Flutter Mane, L50|100\/100\n|move|p1b: Melanie|Dazzling Gleam|p2a: Flutter Mane|[spread] p2a,p2b\n|-supereffective|p2b: Iron Hands\n|-damage|p2a: Flutter Mane|61\/100\n|-damage|p2b: Iron Hands|57\/100\n|move|p1a: Hachiko|Flare Blitz|p2b: Iron Hands\n|-damage|p2b: Iron Hands|22\/100\n|-damage|p1a: Hachiko|86\/100|[from] Recoil\n|move|p2b: Iron Hands|Drain Punch|p1a: Hachiko\n|-supereffective|p1a: Hachiko\n|-damage|p1a: Hachiko|23\/100\n|-heal|p2b: Iron Hands|48\/100|[from] drain|[of] p1a: Hachiko\n|-enditem|p1a: Hachiko|Sitrus Berry|[eat]\n|-heal|p1a: Hachiko|48\/100|[from] item: Sitrus Berry\n|\n|-weather|Sandstorm|[upkeep]\n|-damage|p2a: Flutter Mane|55\/100|[from] Sandstorm\n|-damage|p1b: Melanie|47\/100|[from] Sandstorm\n|-damage|p2b: Iron Hands|42\/100|[from] Sandstorm\n|upkeep\n|turn|3\n|\n|t:|1699667283\n|move|p1b: Melanie|Moonblast|p2b: Iron Hands\n|-supereffective|p2b: Iron Hands\n|-damage|p2b: Iron Hands|0 fnt\n|faint|p2b: Iron Hands\n|-end|p2b: Iron Hands|Quark Drive|[silent]\n|move|p1a: Hachiko|Flare Blitz|p2a: Flutter Mane\n|-damage|p2a: Flutter Mane|0 fnt\n|faint|p2a: Flutter Mane\n|-end|p2a: Flutter Mane|Protosynthesis|[silent]\n|-damage|p1a: Hachiko|35\/100|[from] Recoil\n|\n|-weather|Sandstorm|[upkeep]\n|-damage|p1b: Melanie|40\/100|[from] Sandstorm\n|upkeep\n|\n|t:|1699667294\n|switch|p2a: Tyranitar|Tyranitar, L50, F, tera:Psychic|16\/100\n|switch|p2b: Rillaboom|Rillaboom, L50, M|100\/100\n|-fieldstart|move: Grassy Terrain|[from] ability: Grassy Surge|[of] p2b: Rillaboom\n|turn|4\n|\n|t:|1699667317\n|move|p1a: Hachiko|Protect|p1a: Hachiko\n|-singleturn|p1a: Hachiko|Protect\n|move|p1b: Melanie|Dazzling Gleam|p2b: Rillaboom|[spread] p2a,p2b\n|-damage|p2a: Tyranitar|0 fnt\n|-damage|p2b: Rillaboom|57\/100\n|faint|p2a: Tyranitar\n|move|p2b: Rillaboom|Wood Hammer|p1b: Melanie\n|-damage|p1b: Melanie|0 fnt\n|faint|p1b: Melanie\n|-end|p1b: Melanie|Protosynthesis|[silent]\n|-damage|p2b: Rillaboom|48\/100|[from] Recoil\n|\n|-weather|Sandstorm|[upkeep]\n|-damage|p2b: Rillaboom|42\/100|[from] Sandstorm\n|-heal|p1a: Hachiko|41\/100|[from] Grassy Terrain\n|-heal|p2b: Rillaboom|48\/100|[from] Grassy Terrain\n|upkeep\n|\n|t:|1699667335\n|switch|p1b: La Ursa Luna|Ursaluna-Bloodmoon, L50, M|100\/100\n|turn|5\n|\n|t:|1699667362\n|-terastallize|p1b: La Ursa Luna|Grass\n|move|p1a: Hachiko|Extreme Speed|p2b: Rillaboom\n|-damage|p2b: Rillaboom|22\/100\n|move|p2b: Rillaboom|Grassy Glide|p1a: Hachiko\n|-damage|p1a: Hachiko|0 fnt\n|faint|p1a: Hachiko\n|move|p1b: La Ursa Luna|Blood Moon|p2b: Rillaboom\n|-damage|p2b: Rillaboom|0 fnt\n|faint|p2b: Rillaboom\n|\n|win|Leon1das\n","uploadtime":1699667372,"views":23,"p1id":"leon1das","p2id":"yoraerasante","formatid":"gen9vgc2023regulatione","rating":0,"private":0,"password":""}