{"id":"gen9vgc2023regulatione-1991783178","p1":"paripia","p2":"tyranitrev","format":"[Gen 9] VGC 2023 Regulation E","log":"|j|\u2606paripia\n|j|\u2606tyranitrev\n|t:|1700116497\n|gametype|doubles\n|player|p1|paripia|102|1266\n|player|p2|tyranitrev|170|1239\n|teamsize|p1|6\n|teamsize|p2|6\n|gen|9\n|tier|[Gen 9] VGC 2023 Regulation E\n|rated|\n|rule|Species Clause: Limit one of each Pok\u00e9mon\n|rule|Item Clause: Limit one of each item\n|clearpoke\n|poke|p1|Ribombee, L50, F|\n|poke|p1|Ogerpon-Hearthflame, L50, F|\n|poke|p1|Tinkaton, L50, F|\n|poke|p1|Salamence, L50, M|\n|poke|p1|Urshifu-*, L50, F|\n|poke|p1|Farigiraf, L50, M|\n|poke|p2|Gholdengo, L50|\n|poke|p2|Iron Hands, L50|\n|poke|p2|Amoonguss, L50, M|\n|poke|p2|Iron Bundle, L50|\n|poke|p2|Pelipper, L50, F|\n|poke|p2|Salamence, L50, F|\n|teampreview|4\n|inactive|Battle timer is ON: inactive players will automatically lose when time's up. (requested by paripia)\n|inactive|tyranitrev has 60 seconds left.\n|\n|t:|1700116558\n|start\n|switch|p1a: Tinkaton|Tinkaton, L50, F|100\/100\n|switch|p1b: Ribombee|Ribombee, L50, F|100\/100\n|switch|p2a: Iron Bundle|Iron Bundle, L50|100\/100\n|switch|p2b: Salamence|Salamence, L50, F|100\/100\n|-ability|p2b: Salamence|Intimidate|boost\n|-unboost|p1a: Tinkaton|atk|1\n|-unboost|p1b: Ribombee|atk|1\n|-ability|p1a: Tinkaton|Mold Breaker\n|-enditem|p2a: Iron Bundle|Booster Energy\n|-activate|p2a: Iron Bundle|ability: Quark Drive|[fromitem]\n|-start|p2a: Iron Bundle|quarkdrivespe\n|turn|1\n|inactive|paripia has 30 seconds left.\n|inactive|tyranitrev has 30 seconds left.\n|inactive|tyranitrev has 20 seconds left.\n|inactive|tyranitrev has 15 seconds left.\n|inactive|tyranitrev has 10 seconds left.\n|inactive|tyranitrev has 5 seconds left.\n|\n|t:|1700116612\n|switch|p2b: Amoonguss|Amoonguss, L50, M|100\/100\n|-terastallize|p2a: Iron Bundle|Ghost\n|move|p1a: Tinkaton|Fake Out|p2a: Iron Bundle\n|-immune|p2a: Iron Bundle\n|move|p2a: Iron Bundle|Icy Wind|p1a: Tinkaton|[spread] p1a,p1b\n|-resisted|p1a: Tinkaton\n|-damage|p1a: Tinkaton|95\/100\n|-damage|p1b: Ribombee|72\/100\n|-unboost|p1a: Tinkaton|spe|1\n|move|p1b: Ribombee|Tailwind|p1b: Ribombee\n|-sidestart|p1: paripia|move: Tailwind\n|\n|upkeep\n|turn|2\n|inactive|tyranitrev has 30 seconds left.\n|inactive|tyranitrev has 20 seconds left.\n|inactive|tyranitrev has 15 seconds left.\n|inactive|tyranitrev has 10 seconds left.\n|c|\u2606paripia|\u3044\u3061\u3044\u3061\u9045\u3044\u306a\n|\n|t:|1700116661\n|move|p1b: Ribombee|Sticky Web|p2a: Iron Bundle\n|-sidestart|p2: tyranitrev|move: Sticky Web\n|move|p2a: Iron Bundle|Freeze-Dry|p1b: Ribombee\n|-damage|p1b: Ribombee|15\/100\n|move|p1a: Tinkaton|Knock Off|p2a: Iron Bundle\n|-supereffective|p2a: Iron Bundle\n|-damage|p2a: Iron Bundle|78\/100\n|move|p2b: Amoonguss|Spore|p1a: Tinkaton\n|-status|p1a: Tinkaton|slp|[from] move: Spore\n|\n|upkeep\n|turn|3\n|inactive|tyranitrev has 30 seconds left.\n|inactive|tyranitrev has 20 seconds left.\n|inactive|tyranitrev has 15 seconds left.\n|inactive|tyranitrev has 10 seconds left.\n|\n|t:|1700116706\n|switch|p1a: Ogerpon|Ogerpon-Hearthflame, L50, F|100\/100\n|-ability|p1a: Ogerpon|Mold Breaker\n|switch|p2b: Salamence|Salamence, L50, F|100\/100\n|-ability|p2b: Salamence|Intimidate|boost\n|-unboost|p1a: Ogerpon|atk|1\n|-unboost|p1b: Ribombee|atk|1\n|move|p1b: Ribombee|Protect|p1b: Ribombee\n|-singleturn|p1b: Ribombee|Protect\n|move|p2a: Iron Bundle|Icy Wind|p1b: Ribombee|[spread] p1a\n|-activate|p1b: Ribombee|move: Protect\n|-damage|p1a: Ogerpon|81\/100\n|-unboost|p1a: Ogerpon|spe|1\n|\n|upkeep\n|turn|4\n|c|\u2606paripia|\u9045\u3044\u3088\n|inactive|paripia has 30 seconds left.\n|inactive|paripia has 20 seconds left.\n|inactive|paripia has 15 seconds left.\n|inactive|paripia has 10 seconds left.\n|\n|t:|1700116753\n|switch|p1b: Tinkaton|Tinkaton, L50, F|95\/100 slp\n|-ability|p1b: Tinkaton|Mold Breaker\n|-terastallize|p1a: Ogerpon|Fire\n|detailschange|p1a: Ogerpon|Ogerpon-Hearthflame-Tera, L50, F, tera:Fire\n|-ability|p1a: Ogerpon|Embody Aspect (Hearthflame)|boost\n|-boost|p1a: Ogerpon|atk|1\n|move|p2a: Iron Bundle|Hydro Pump|p1a: Ogerpon\n|-supereffective|p1a: Ogerpon\n|-damage|p1a: Ogerpon|0 fnt\n|faint|p1a: Ogerpon\n|move|p2b: Salamence|Tailwind|p2b: Salamence\n|-sidestart|p2: tyranitrev|move: Tailwind\n|\n|-sideend|p1: paripia|move: Tailwind\n|upkeep\n|\n|t:|1700116770\n|switch|p1a: Ribombee|Ribombee, L50, F|15\/100\n|turn|5\n|-message|paripia forfeited.\n|\n|win|tyranitrev\n|raw|paripia's rating: 1266 &rarr; <strong>1239<\/strong><br \/>(-27 for losing)\n|raw|tyranitrev's rating: 1239 &rarr; <strong>1266<\/strong><br \/>(+27 for winning)\n|l|\u2606paripia\n","uploadtime":1700116783,"views":19,"p1id":"paripia","p2id":"tyranitrev","formatid":"gen9vgc2023regulatione","rating":1239,"private":0,"password":""}