{"id":"gen9vgc2023regulatione-1989606384","p1":"LittlePotato13","p2":"nomis1","format":"[Gen 9] VGC 2023 Regulation E","log":"|j|\u2606LittlePotato13\n|j|\u2606nomis1\n|t:|1699878008\n|gametype|doubles\n|player|p1|LittlePotato13|youngster-gen4dp|1289\n|player|p2|nomis1|nate|1335\n|teamsize|p1|6\n|teamsize|p2|6\n|gen|9\n|tier|[Gen 9] VGC 2023 Regulation E\n|rated|\n|rule|Species Clause: Limit one of each Pok\u00e9mon\n|rule|Item Clause: Limit one of each item\n|clearpoke\n|poke|p1|Raichu, L50, M|\n|poke|p1|Moltres-Galar, L50|\n|poke|p1|Sinistcha-Masterpiece, L50|\n|poke|p1|Arcanine-Hisui, L50, M|\n|poke|p1|Ogerpon-Wellspring, L50, F|\n|poke|p1|Urshifu-*, L50, M|\n|poke|p2|Dondozo, L50, F|\n|poke|p2|Tatsugiri, L50, F|\n|poke|p2|Glimmora, L50, F|\n|poke|p2|Chien-Pao, L50|\n|poke|p2|Ogerpon-Wellspring, L50, F|\n|poke|p2|Roaring Moon, L50|\n|teampreview|4\nLittlePotato13 has agreed to open team sheets.\n|inactive|Battle timer is ON: inactive players will automatically lose when time's up. (requested by nomis1)\n|\n|t:|1699878042\n|start\n|switch|p1a: Raichu|Raichu, L50, M|100\/100\n|switch|p1b: Ogerpon|Ogerpon-Wellspring, L50, F|100\/100\n|switch|p2a: Glimmora|Glimmora, L50, F|100\/100\n|switch|p2b: Chien-Pao|Chien-Pao, L50|100\/100\n|-ability|p2b: Chien-Pao|Sword of Ruin\n|turn|1\n|inactive|LittlePotato13 has 30 seconds left.\n|inactive|nomis1 has 30 seconds left.\n|\n|t:|1699878070\n|move|p2b: Chien-Pao|Protect|p2b: Chien-Pao\n|-singleturn|p2b: Chien-Pao|Protect\n|move|p1a: Raichu|Fake Out|p2b: Chien-Pao\n|-activate|p2b: Chien-Pao|move: Protect\n|move|p1b: Ogerpon|Ivy Cudgel|p2a: Glimmora\n|-supereffective|p2a: Glimmora\n|-enditem|p2a: Glimmora|Focus Sash\n|-damage|p2a: Glimmora|1\/100\n|-activate|p2a: Glimmora|ability: Toxic Debris\n|-sidestart|p1: LittlePotato13|move: Toxic Spikes\n|move|p2a: Glimmora|Mortal Spin|p1a: Raichu|[spread] p1a,p1b\n|-supereffective|p1b: Ogerpon\n|-damage|p1a: Raichu|91\/100\n|-damage|p1b: Ogerpon|84\/100\n|-status|p1a: Raichu|psn\n|-status|p1b: Ogerpon|psn\n|\n|-damage|p1b: Ogerpon|71\/100 psn|[from] psn\n|-damage|p1a: Raichu|79\/100 psn|[from] psn\n|upkeep\n|turn|2\n|inactive|LittlePotato13 has 30 seconds left.\n|inactive|LittlePotato13 has 20 seconds left.\n|\n|t:|1699878109\n|move|p1b: Ogerpon|Spiky Shield|p1b: Ogerpon\n|-singleturn|p1b: Ogerpon|move: Protect\n|move|p2a: Glimmora|Spiky Shield|p2a: Glimmora\n|-singleturn|p2a: Glimmora|move: Protect\n|move|p2b: Chien-Pao|Ice Spinner|p1b: Ogerpon\n|-activate|p1b: Ogerpon|move: Protect\n|-damage|p2b: Chien-Pao|88\/100|[from] Spiky Shield|[of] p1b: Ogerpon\n|move|p1a: Raichu|Brick Break|p2b: Chien-Pao\n|-supereffective|p2b: Chien-Pao\n|-damage|p2b: Chien-Pao|0 fnt\n|faint|p2b: Chien-Pao\n|\n|-damage|p1b: Ogerpon|59\/100 psn|[from] psn\n|-damage|p1a: Raichu|67\/100 psn|[from] psn\n|upkeep\n|\n|t:|1699878125\n|switch|p2b: Dondozo|Dondozo, L50, F|100\/100\n|turn|3\n|\n|t:|1699878138\n|switch|p2a: Tatsugiri|Tatsugiri, L50, F|100\/100\n|-activate|p2a: Tatsugiri|ability: Commander|[of] p2b: Dondozo\n|-boost|p2b: Dondozo|atk|2\n|-boost|p2b: Dondozo|spa|2\n|-boost|p2b: Dondozo|spe|2\n|-boost|p2b: Dondozo|def|2\n|-boost|p2b: Dondozo|spd|2\n|-terastallize|p2b: Dondozo|Dragon\n|move|p1b: Ogerpon|Horn Leech|p2b: Dondozo\n|-resisted|p2b: Dondozo\n|-damage|p2b: Dondozo|94\/100\n|-heal|p1b: Ogerpon|65\/100 psn|[from] drain|[of] p2b: Dondozo\n|move|p1a: Raichu|Nuzzle|p2b: Dondozo\n|-resisted|p2b: Dondozo\n|-damage|p2b: Dondozo|93\/100\n|-status|p2b: Dondozo|par\n|move|p2b: Dondozo|Order Up|p1a: Raichu\n|-damage|p1a: Raichu|0 fnt\n|faint|p1a: Raichu\n|-boost|p2b: Dondozo|atk|1\n|\n|-heal|p2b: Dondozo|99\/100 par|[from] item: Leftovers\n|-damage|p1b: Ogerpon|53\/100 psn|[from] psn\n|upkeep\n|\n|t:|1699878163\n|switch|p1a: Arcanine|Arcanine-Hisui, L50, M|100\/100\n|-status|p1a: Arcanine|psn\n|-ability|p1a: Arcanine|Intimidate|boost\n|-unboost|p2a: Tatsugiri|atk|1\n|-fail|p2b: Dondozo|unboost|Attack|[from] ability: Oblivious|[of] p2b: Dondozo\n|turn|4\n|inactive|LittlePotato13 has 30 seconds left.\n|\n|t:|1699878193\n|-terastallize|p1a: Arcanine|Fairy\n|move|p1b: Ogerpon|Knock Off|p2b: Dondozo\n|-damage|p2b: Dondozo|86\/100 par\n|-enditem|p2b: Dondozo|Leftovers|[from] move: Knock Off|[of] p1b: Ogerpon\n|move|p1a: Arcanine|Tera Blast|p2b: Dondozo|[anim] Tera Blast Fairy\n|-supereffective|p2b: Dondozo\n|-damage|p2b: Dondozo|46\/100 par\n|cant|p2b: Dondozo|par\n|\n|-damage|p1b: Ogerpon|40\/100 psn|[from] psn\n|-damage|p1a: Arcanine|88\/100 psn|[from] psn\n|upkeep\n|turn|5\n|inactive|nomis1 has 30 seconds left.\n|\n|t:|1699878227\n|move|p1b: Ogerpon|Horn Leech|p2b: Dondozo\n|-resisted|p2b: Dondozo\n|-damage|p2b: Dondozo|38\/100 par\n|-heal|p1b: Ogerpon|47\/100 psn|[from] drain|[of] p2b: Dondozo\n|move|p1a: Arcanine|Tera Blast|p2b: Dondozo|[anim] Tera Blast Fairy\n|-supereffective|p2b: Dondozo\n|-damage|p2b: Dondozo|0 fnt\n|faint|p2b: Dondozo\n|\n|-damage|p1b: Ogerpon|35\/100 psn|[from] psn\n|-damage|p1a: Arcanine|76\/100 psn|[from] psn\n|upkeep\n|\n|t:|1699878238\n|switch|p2b: Glimmora|Glimmora, L50, F|1\/100\n|turn|6\n|inactive|nomis1 has 30 seconds left.\n|\n|t:|1699878268\n|move|p2a: Tatsugiri|Draco Meteor|p1b: Ogerpon\n|-damage|p1b: Ogerpon|0 fnt\n|-unboost|p2a: Tatsugiri|spa|2\n|faint|p1b: Ogerpon\n|move|p2b: Glimmora|Sludge Bomb|p1a: Arcanine\n|-supereffective|p1a: Arcanine\n|-damage|p1a: Arcanine|0 fnt\n|faint|p1a: Arcanine\n|\n|upkeep\n|\n|t:|1699878281\n|switch|p1b: Sinistcha|Sinistcha-Masterpiece, L50|100\/100\n|-status|p1b: Sinistcha|psn\n|turn|7\n|\n|t:|1699878295\n|move|p2b: Glimmora|Spiky Shield|p2b: Glimmora\n|-singleturn|p2b: Glimmora|move: Protect\n|move|p2a: Tatsugiri|Draco Meteor|p1b: Sinistcha\n|-damage|p1b: Sinistcha|67\/100 psn\n|-unboost|p2a: Tatsugiri|spa|2\n|move|p1b: Sinistcha|Matcha Gotcha|p2b: Glimmora|[spread] p2a\n|-activate|p2b: Glimmora|move: Protect\n|-damage|p2a: Tatsugiri|62\/100\n|-heal|p1b: Sinistcha|83\/100 psn|[from] drain|[of] p2a: Tatsugiri\n|\n|-damage|p1b: Sinistcha|71\/100 psn|[from] psn\n|upkeep\n|turn|8\n|\n|t:|1699878315\n|move|p2a: Tatsugiri|Draco Meteor|p1b: Sinistcha\n|-damage|p1b: Sinistcha|49\/100 psn\n|-unboost|p2a: Tatsugiri|spa|2\n|move|p2b: Glimmora|Sludge Bomb|p1b: Sinistcha\n|-damage|p1b: Sinistcha|6\/100 psn\n|move|p1b: Sinistcha|Matcha Gotcha|p2b: Glimmora|[spread] p2a,p2b\n|-crit|p2b: Glimmora\n|-damage|p2a: Tatsugiri|26\/100\n|-heal|p1b: Sinistcha|20\/100 psn|[from] drain|[of] p2a: Tatsugiri\n|-damage|p2b: Glimmora|0 fnt\n|-heal|p1b: Sinistcha|21\/100 psn|[from] drain|[of] p2b: Glimmora\n|-status|p2a: Tatsugiri|brn\n|faint|p2b: Glimmora\n|\n|-damage|p1b: Sinistcha|9\/100 psn|[from] psn\n|-damage|p2a: Tatsugiri|20\/100 brn|[from] brn\n|upkeep\n|turn|9\n|\n|t:|1699878337\n|move|p2a: Tatsugiri|Draco Meteor|p1b: Sinistcha\n|-damage|p1b: Sinistcha|0 fnt\n|faint|p1b: Sinistcha\n|\n|win|nomis1\n|raw|LittlePotato13's rating: 1289 &rarr; <strong>1267<\/strong><br \/>(-22 for losing)\n|raw|nomis1's rating: 1335 &rarr; <strong>1352<\/strong><br \/>(+17 for winning)\n|c|\u2606nomis1|gg\n|l|\u2606LittlePotato13\n","uploadtime":1699878347,"views":48,"p1id":"littlepotato13","p2id":"nomis1","formatid":"gen9vgc2023regulatione","rating":1267,"private":0,"password":""}