{"id":"gen9vgc2023regulatione-1998142681","p1":"sofiane so","p2":"Kranor","format":"[Gen 9] VGC 2023 Regulation E","log":"|j|\u2606sofiane so\n|j|\u2606Kranor\n|t:|1700899497\n|gametype|doubles\n|player|p1|sofiane so|ethan|1432\n|player|p2|Kranor|blackbelt-gen4dp|1508\n|teamsize|p1|6\n|teamsize|p2|6\n|gen|9\n|tier|[Gen 9] VGC 2023 Regulation E\n|rated|\n|rule|Species Clause: Limit one of each Pok\u00e9mon\n|rule|Item Clause: Limit one of each item\n|clearpoke\n|poke|p1|Roaring Moon, L50|\n|poke|p1|Weezing, L50, M|\n|poke|p1|Flutter Mane, L50|\n|poke|p1|Ogerpon-Hearthflame, L50, F|\n|poke|p1|Rillaboom, L50, M|\n|poke|p1|Urshifu-*, L50, F|\n|poke|p2|Iron Hands, L50|\n|poke|p2|Dusclops, L50, F|\n|poke|p2|Ogerpon-Wellspring, L50, F|\n|poke|p2|Ursaluna-Bloodmoon, L50, M|\n|poke|p2|Landorus-Therian, L50, M|\n|poke|p2|Chi-Yu, L50|\n|teampreview|4\nKranor has agreed to open team sheets.\n|inactive|Battle timer is ON: inactive players will automatically lose when time's up. (requested by Kranor)\n|\n|t:|1700899578\n|start\n|switch|p1a: Roaring Moon|Roaring Moon, L50, shiny|100\/100\n|switch|p1b: Flutter Mane|Flutter Mane, L50, shiny|100\/100\n|switch|p2a: Lando|Landorus-Therian, L50, M|100\/100\n|switch|p2b: Ops ididitagain|Dusclops, L50, F, shiny|100\/100\n|-ability|p2a: Lando|Intimidate|boost\n|-unboost|p1a: Roaring Moon|atk|1\n|-unboost|p1b: Flutter Mane|atk|1\n|-ability|p2b: Ops ididitagain|Pressure\n|-enditem|p1a: Roaring Moon|Booster Energy\n|-activate|p1a: Roaring Moon|ability: Protosynthesis|[fromitem]\n|-start|p1a: Roaring Moon|protosynthesisspe\n|turn|1\n|\n|t:|1700899602\n|-terastallize|p2b: Ops ididitagain|Dark\n|move|p1a: Roaring Moon|Protect|p1a: Roaring Moon\n|-singleturn|p1a: Roaring Moon|Protect\n|move|p2a: Lando|U-turn|p1a: Roaring Moon\n|-activate|p1a: Roaring Moon|move: Protect\n|move|p1b: Flutter Mane|Shadow Ball|p2b: Ops ididitagain\n|-resisted|p2b: Ops ididitagain\n|-damage|p2b: Ops ididitagain|84\/100\n|-unboost|p2b: Ops ididitagain|spd|1\n|move|p2b: Ops ididitagain|Trick Room|p2b: Ops ididitagain\n|-fieldstart|move: Trick Room|[of] p2b: Ops ididitagain\n|\n|upkeep\n|turn|2\n|\n|t:|1700899619\n|switch|p2b: Handsone|Iron Hands, L50|100\/100\n|-end|p1b: Flutter Mane|Protosynthesis|[silent]\n|switch|p1b: Rillaboom|Rillaboom, L50, M|100\/100\n|-fieldstart|move: Grassy Terrain|[from] ability: Grassy Surge|[of] p1b: Rillaboom\n|-end|p1a: Roaring Moon|Protosynthesis|[silent]\n|switch|p1a: Urshifu|Urshifu-Rapid-Strike, L50, F|100\/100\n|move|p2a: Lando|U-turn|p1a: Urshifu\n|-resisted|p1a: Urshifu\n|-damage|p1a: Urshifu|86\/100\n|\n|t:|1700899636\n|switch|p2a: Bloodmoon|Ursaluna-Bloodmoon, L50, M|100\/100|[from] U-turn\n|\n|-heal|p1a: Urshifu|93\/100|[from] Grassy Terrain\n|upkeep\n|turn|3\n|inactive|Kranor has 30 seconds left.\n|inactive|sofiane so has 30 seconds left.\n|inactive|Kranor has 20 seconds left.\n|\n|t:|1700899676\n|move|p1a: Urshifu|Detect|p1a: Urshifu\n|-singleturn|p1a: Urshifu|Protect\n|move|p2b: Handsone|Fake Out|p1a: Urshifu\n|-activate|p1a: Urshifu|move: Protect\n|move|p2a: Bloodmoon|Blood Moon|p1b: Rillaboom\n|-damage|p1b: Rillaboom|31\/100\n|-damage|p2a: Bloodmoon|90\/100|[from] item: Life Orb\n|move|p1b: Rillaboom|Wood Hammer|p2a: Bloodmoon\n|-supereffective|p2a: Bloodmoon\n|-damage|p2a: Bloodmoon|0 fnt\n|faint|p2a: Bloodmoon\n|-damage|p1b: Rillaboom|0 fnt|[from] Recoil\n|faint|p1b: Rillaboom\n|\n|-heal|p1a: Urshifu|99\/100|[from] Grassy Terrain\n|upkeep\n|inactive|sofiane so has 30 seconds left.\n|\n|t:|1700899707\n|switch|p2a: Ops ididitagain|Dusclops, L50, F, shiny, tera:Dark|84\/100\n|switch|p1b: Roaring Moon|Roaring Moon, L50, shiny|100\/100\n|-ability|p2a: Ops ididitagain|Pressure\n|turn|4\n|\n|t:|1700899734\n|switch|p1a: Flutter Mane|Flutter Mane, L50, shiny|100\/100\n|move|p2a: Ops ididitagain|Will-O-Wisp|p1b: Roaring Moon\n|-status|p1b: Roaring Moon|brn\n|move|p2b: Handsone|Wild Charge|p1a: Flutter Mane\n|-damage|p1a: Flutter Mane|21\/100\n|-damage|p2b: Handsone|88\/100|[from] Recoil\n|move|p1b: Roaring Moon|Breaking Swipe|p2b: Handsone|[spread] p2a,p2b\n|-damage|p2a: Ops ididitagain|78\/100\n|-damage|p2b: Handsone|81\/100\n|-unboost|p2a: Ops ididitagain|atk|1\n|-unboost|p2b: Handsone|atk|1\n|\n|-heal|p2a: Ops ididitagain|84\/100|[from] Grassy Terrain\n|-heal|p2b: Handsone|87\/100|[from] Grassy Terrain\n|-heal|p1a: Flutter Mane|27\/100|[from] Grassy Terrain\n|-damage|p1b: Roaring Moon|95\/100 brn|[from] brn\n|upkeep\n|turn|5\n|inactive|Kranor has 30 seconds left.\n|inactive|sofiane so has 30 seconds left.\n|\n|t:|1700899764\n|-end|p2b: Handsone|Quark Drive|[silent]\n|switch|p2b: Lando|Landorus-Therian, L50, M|100\/100\n|-ability|p2b: Lando|Intimidate|boost\n|-unboost|p1a: Flutter Mane|atk|1\n|-unboost|p1b: Roaring Moon|atk|1\n|move|p2a: Ops ididitagain|Night Shade|p1a: Flutter Mane\n|-damage|p1a: Flutter Mane|0 fnt\n|faint|p1a: Flutter Mane\n|-end|p1a: Flutter Mane|Protosynthesis|[silent]\n|move|p1b: Roaring Moon|Breaking Swipe|p2b: Lando|[spread] p2a,p2b\n|-damage|p2a: Ops ididitagain|80\/100\n|-damage|p2b: Lando|94\/100\n|-unboost|p2a: Ops ididitagain|atk|1\n|-unboost|p2b: Lando|atk|1\n|\n|-heal|p2a: Ops ididitagain|86\/100|[from] Grassy Terrain\n|-heal|p1b: Roaring Moon|100\/100 brn|[from] Grassy Terrain\n|-damage|p1b: Roaring Moon|95\/100 brn|[from] brn\n|-fieldend|move: Trick Room\n|upkeep\n|\n|t:|1700899771\n|switch|p1a: Urshifu|Urshifu-Rapid-Strike, L50, F|99\/100\n|turn|6\n|inactive|Kranor has 30 seconds left.\n|\n|t:|1700899802\n|move|p2b: Lando|U-turn|p1a: Urshifu\n|-resisted|p1a: Urshifu\n|-damage|p1a: Urshifu|90\/100\n|\n|t:|1700899806\n|switch|p2b: Handsone|Iron Hands, L50|87\/100|[from] U-turn\n|move|p1b: Roaring Moon|Knock Off|p2a: Ops ididitagain\n|-resisted|p2a: Ops ididitagain\n|-damage|p2a: Ops ididitagain|81\/100\n|-enditem|p2a: Ops ididitagain|Eviolite|[from] move: Knock Off|[of] p1b: Roaring Moon\n|move|p1a: Urshifu|Surging Strikes|p2b: Handsone\n|-crit|p2b: Handsone\n|-damage|p2b: Handsone|71\/100\n|-crit|p2b: Handsone\n|-damage|p2b: Handsone|54\/100\n|-crit|p2b: Handsone\n|-damage|p2b: Handsone|38\/100\n|-hitcount|p2b: Handsone|3\n|move|p2a: Ops ididitagain|Trick Room|p2a: Ops ididitagain\n|-fieldstart|move: Trick Room|[of] p2a: Ops ididitagain\n|\n|-heal|p2a: Ops ididitagain|88\/100|[from] Grassy Terrain\n|-heal|p2b: Handsone|44\/100|[from] Grassy Terrain\n|-heal|p1a: Urshifu|96\/100|[from] Grassy Terrain\n|-heal|p1b: Roaring Moon|100\/100 brn|[from] Grassy Terrain\n|-damage|p1b: Roaring Moon|95\/100 brn|[from] brn\n|-fieldend|move: Grassy Terrain\n|upkeep\n|turn|7\n|inactive|Kranor has 30 seconds left.\n|inactive|sofiane so has 30 seconds left.\n|\n|t:|1700899838\n|move|p1a: Urshifu|Detect|p1a: Urshifu\n|-singleturn|p1a: Urshifu|Protect\n|move|p2a: Ops ididitagain|Will-O-Wisp|p1a: Urshifu\n|-activate|p1a: Urshifu|move: Protect\n|move|p2b: Handsone|Drain Punch|p1b: Roaring Moon\n|-supereffective|p1b: Roaring Moon\n|-damage|p1b: Roaring Moon|18\/100 brn\n|-heal|p2b: Handsone|78\/100|[from] drain|[of] p1b: Roaring Moon\n|move|p1b: Roaring Moon|Breaking Swipe|p2b: Handsone|[spread] p2a,p2b\n|-damage|p2a: Ops ididitagain|81\/100\n|-damage|p2b: Handsone|74\/100\n|-unboost|p2a: Ops ididitagain|atk|1\n|-unboost|p2b: Handsone|atk|1\n|\n|-damage|p1b: Roaring Moon|12\/100 brn|[from] brn\n|upkeep\n|turn|8\n|\n|t:|1700899859\n|move|p1b: Roaring Moon|Protect|p1b: Roaring Moon\n|-singleturn|p1b: Roaring Moon|Protect\n|move|p2a: Ops ididitagain|Night Shade|p1a: Urshifu\n|-damage|p1a: Urshifu|70\/100\n|move|p2b: Handsone|Wild Charge|p1a: Urshifu\n|-supereffective|p1a: Urshifu\n|-crit|p1a: Urshifu\n|-damage|p1a: Urshifu|0 fnt\n|faint|p1a: Urshifu\n|-damage|p2b: Handsone|59\/100|[from] Recoil\n|\n|-damage|p1b: Roaring Moon|6\/100 brn|[from] brn\n|upkeep\n|turn|9\n|-message|sofiane so forfeited.\n|\n|win|Kranor\n|raw|sofiane so's rating: 1432 &rarr; <strong>1416<\/strong><br \/>(-16 for losing)\n|raw|Kranor's rating: 1508 &rarr; <strong>1524<\/strong><br \/>(+16 for winning)\n|l|\u2606sofiane so\n","uploadtime":1700899883,"views":3,"p1id":"sofianeso","p2id":"kranor","formatid":"gen9vgc2023regulatione","rating":1416,"private":0,"password":""}