{"id":"gen9vgc2023regulatione-1997910957","p1":"thedistortionzone","p2":"CrowTechVGC","format":"[Gen 9] VGC 2023 Regulation E","log":"|j|\u2606thedistortionzone\n|j|\u2606CrowTechVGC\n|n|\u2606thedistortionzone|thedistortionzone\n|n|\u2606CrowTechVGC|crowtechvgc\n|html|View the match progress at <a href=\"\/game-bestof3-gen9vgc2023regulatione-1997910956\">game-bestof3-gen9vgc2023regulatione-1997910956<\/a>\n|t:|1700866484\n|gametype|doubles\n|player|p1|thedistortionzone|lucas|\n|player|p2|CrowTechVGC|benga|\n|teamsize|p1|6\n|teamsize|p2|6\n|gen|9\n|tier|[Gen 9] VGC 2023 Regulation E\n|rule|Species Clause: Limit one of each Pok\u00e9mon\n|rule|Item Clause: Limit one of each item\n|clearpoke\n|poke|p1|Rillaboom, L50, M|\n|poke|p1|Volbeat, L50, M|\n|poke|p1|Spiritomb, L50, M|\n|poke|p1|Azelf, L50|\n|poke|p1|Baxcalibur, L50, F|\n|poke|p1|Lucario, L50, M|\n|poke|p2|Ogerpon-Wellspring, L50, F|\n|poke|p2|Tornadus, L50, M|\n|poke|p2|Raichu, L50, M|\n|poke|p2|Annihilape, L50, F|\n|poke|p2|Maushold, L50|\n|poke|p2|Politoed, L50, F|\n|teampreview|4\n|inactive|Battle timer is ON: inactive players will automatically lose when time's up. (requested by thedistortionzone)\n|inactiveoff|Battle timer is now OFF.\n|c|\u2606CrowTechVGC|g1\n|c|\u2606CrowTechVGC|glhf\n|c|\u2606thedistortionzone|glhf\n|\n|t:|1700866607\n|start\n|switch|p1a: Volbeat|Volbeat, L50, M|100\/100\n|switch|p1b: Rillaboom|Rillaboom, L50, M|100\/100\n|switch|p2a: Ogerpon|Ogerpon-Wellspring, L50, F|100\/100\n|switch|p2b: Tornadus|Tornadus, L50, M|100\/100\n|-fieldstart|move: Grassy Terrain|[from] ability: Grassy Surge|[of] p1b: Rillaboom\n|turn|1\n|\n|t:|1700866647\n|switch|p1b: Spiritomb|Spiritomb, L50, M|100\/100\n|-ability|p1b: Spiritomb|Pressure\n|move|p1a: Volbeat|Tailwind|p1a: Volbeat\n|-sidestart|p1: thedistortionzone|move: Tailwind\n|move|p2b: Tornadus|Rain Dance|p2b: Tornadus\n|-weather|RainDance\n|move|p2a: Ogerpon|Ivy Cudgel|p1a: Volbeat|[anim] Ivy Cudgel Water\n|-enditem|p1a: Volbeat|Focus Sash\n|-damage|p1a: Volbeat|1\/100\n|\n|-weather|RainDance|[upkeep]\n|-heal|p1a: Volbeat|7\/100|[from] Grassy Terrain\n|upkeep\n|turn|2\n|\n|t:|1700866681\n|move|p1a: Volbeat|Encore|p2b: Tornadus\n|-start|p2b: Tornadus|Encore\n|move|p2a: Ogerpon|Swords Dance|p2a: Ogerpon\n|-boost|p2a: Ogerpon|atk|2\n|move|p2b: Tornadus|Rain Dance||[still]\n|-fail|p2b: Tornadus\n|move|p1b: Spiritomb|Will-O-Wisp|p2a: Ogerpon\n|-status|p2a: Ogerpon|brn\n|\n|-weather|RainDance|[upkeep]\n|-heal|p1a: Volbeat|13\/100|[from] Grassy Terrain\n|-damage|p2a: Ogerpon|95\/100 brn|[from] brn\n|upkeep\n|turn|3\n|\n|t:|1700866700\n|switch|p2b: Raichu|Raichu, L50, M|100\/100\n|move|p1a: Volbeat|Bug Buzz|p2a: Ogerpon\n|-supereffective|p2a: Ogerpon\n|-damage|p2a: Ogerpon|55\/100 brn\n|move|p2a: Ogerpon|Swords Dance|p2a: Ogerpon\n|-boost|p2a: Ogerpon|atk|2\n|move|p1b: Spiritomb|Foul Play|p2a: Ogerpon\n|-damage|p2a: Ogerpon|0 fnt\n|faint|p2a: Ogerpon\n|\n|-weather|RainDance|[upkeep]\n|-heal|p1a: Volbeat|19\/100|[from] Grassy Terrain\n|upkeep\n|\n|t:|1700866712\n|switch|p2a: Tornadus|Tornadus, L50, M|100\/100\n|turn|4\n|\n|t:|1700866730\n|move|p1a: Volbeat|Protect|p1a: Volbeat\n|-singleturn|p1a: Volbeat|Protect\n|move|p2a: Tornadus|Tailwind|p2a: Tornadus\n|-sidestart|p2: CrowTechVGC|move: Tailwind\n|move|p2b: Raichu|Thunder|p1b: Spiritomb\n|-damage|p1b: Spiritomb|46\/100\n|-enditem|p1b: Spiritomb|Sitrus Berry|[eat]\n|-heal|p1b: Spiritomb|70\/100|[from] item: Sitrus Berry\n|move|p1b: Spiritomb|Will-O-Wisp|p2a: Tornadus\n|-status|p2a: Tornadus|brn\n|\n|-weather|RainDance|[upkeep]\n|-heal|p1a: Volbeat|24\/100|[from] Grassy Terrain\n|-heal|p1b: Spiritomb|76\/100|[from] Grassy Terrain\n|-damage|p2a: Tornadus|95\/100 brn|[from] brn\n|-sideend|p1: thedistortionzone|move: Tailwind\n|upkeep\n|turn|5\n|\n|t:|1700866757\n|switch|p1b: Baxcalibur|Baxcalibur, L50, F|100\/100\n|move|p1a: Volbeat|Encore|p2a: Tornadus\n|-start|p2a: Tornadus|Encore\n|move|p2b: Raichu|Nasty Plot|p2b: Raichu\n|-boost|p2b: Raichu|spa|2\n|move|p2a: Tornadus|Tailwind||[still]\n|-fail|p2a: Tornadus\n|\n|-weather|none\n|-heal|p1a: Volbeat|30\/100|[from] Grassy Terrain\n|-damage|p2a: Tornadus|89\/100 brn|[from] brn\n|-fieldend|move: Grassy Terrain\n|upkeep\n|turn|6\n|\n|t:|1700866780\n|switch|p2a: Annihilape|Annihilape, L50, F|100\/100\n|-terastallize|p2b: Raichu|Electric\n|move|p1a: Volbeat|Encore|p2b: Raichu\n|-start|p2b: Raichu|Encore\n|move|p2b: Raichu|Nasty Plot|p2b: Raichu\n|-boost|p2b: Raichu|spa|2\n|move|p1b: Baxcalibur|Icicle Crash|p2a: Annihilape\n|-damage|p2a: Annihilape|41\/100\n|\n|-heal|p2a: Annihilape|47\/100|[from] item: Leftovers\n|upkeep\n|turn|7\n|\n|t:|1700866798\n|move|p1a: Volbeat|Tailwind|p1a: Volbeat\n|-sidestart|p1: thedistortionzone|move: Tailwind\n|move|p2b: Raichu|Nasty Plot|p2b: Raichu\n|-boost|p2b: Raichu|spa|2\n|move|p1b: Baxcalibur|Icicle Crash|p2b: Raichu\n|-enditem|p2b: Raichu|Focus Sash\n|-damage|p2b: Raichu|1\/100\n|move|p2a: Annihilape|Drain Punch|p1b: Baxcalibur\n|-supereffective|p1b: Baxcalibur\n|-damage|p1b: Baxcalibur|42\/100\n|-heal|p2a: Annihilape|73\/100|[from] drain|[of] p1b: Baxcalibur\n|\n|-heal|p2a: Annihilape|79\/100|[from] item: Leftovers\n|-sideend|p2: CrowTechVGC|move: Tailwind\n|upkeep\n|turn|8\n|\n|t:|1700866833\n|switch|p1b: Spiritomb|Spiritomb, L50, M|76\/100\n|-ability|p1b: Spiritomb|Pressure\n|move|p1a: Volbeat|Bug Buzz|p2b: Raichu\n|-damage|p2b: Raichu|0 fnt\n|faint|p2b: Raichu\n|move|p2a: Annihilape|Rage Fist|p1a: Volbeat\n|-damage|p1a: Volbeat|0 fnt\n|faint|p1a: Volbeat\n|\n|-heal|p2a: Annihilape|85\/100|[from] item: Leftovers\n|upkeep\n|\n|t:|1700866843\n|switch|p2b: Tornadus|Tornadus, L50, M|89\/100 brn\n|switch|p1a: Rillaboom|Rillaboom, L50, M|100\/100\n|-fieldstart|move: Grassy Terrain|[from] ability: Grassy Surge|[of] p1a: Rillaboom\n|turn|9\n|\n|t:|1700866853\n|move|p2b: Tornadus|Protect|p2b: Tornadus\n|-singleturn|p2b: Tornadus|Protect\n|move|p2a: Annihilape|Protect|p2a: Annihilape\n|-singleturn|p2a: Annihilape|Protect\n|move|p1a: Rillaboom|Leech Seed|p2a: Annihilape\n|-activate|p2a: Annihilape|move: Protect\n|move|p1b: Spiritomb|Will-O-Wisp|p2a: Annihilape\n|-activate|p2a: Annihilape|move: Protect\n|\n|-heal|p2a: Annihilape|91\/100|[from] Grassy Terrain\n|-heal|p2a: Annihilape|97\/100|[from] item: Leftovers\n|-heal|p1b: Spiritomb|82\/100|[from] Grassy Terrain\n|-damage|p2b: Tornadus|83\/100 brn|[from] brn\n|upkeep\n|turn|10\n|\n|t:|1700866881\n|move|p1a: Rillaboom|Protect|p1a: Rillaboom\n|-singleturn|p1a: Rillaboom|Protect\n|move|p2b: Tornadus|Bleakwind Storm|p1b: Spiritomb|[spread] p1b\n|-activate|p1a: Rillaboom|move: Protect\n|-damage|p1b: Spiritomb|46\/100\n|-unboost|p1b: Spiritomb|spe|1\n|move|p2a: Annihilape|Rage Fist|p1a: Rillaboom\n|-activate|p1a: Rillaboom|move: Protect\n|move|p1b: Spiritomb|Will-O-Wisp|p2a: Annihilape\n|-status|p2a: Annihilape|brn\n|\n|-heal|p2a: Annihilape|100\/100 brn|[from] Grassy Terrain\n|-heal|p1b: Spiritomb|52\/100|[from] Grassy Terrain\n|-damage|p2b: Tornadus|77\/100 brn|[from] brn\n|-damage|p2a: Annihilape|95\/100 brn|[from] brn\n|-sideend|p1: thedistortionzone|move: Tailwind\n|upkeep\n|turn|11\n|\n|t:|1700866907\n|move|p2b: Tornadus|Bleakwind Storm|p1b: Spiritomb|[spread] p1a,p1b\n|-supereffective|p1a: Rillaboom\n|-damage|p1a: Rillaboom|27\/100\n|-damage|p1b: Spiritomb|17\/100\n|-unboost|p1a: Rillaboom|spe|1\n|move|p2a: Annihilape|Bulk Up|p2a: Annihilape\n|-boost|p2a: Annihilape|atk|1\n|-boost|p2a: Annihilape|def|1\n|move|p1a: Rillaboom|Leech Seed|p2a: Annihilape|[miss]\n|-miss|p1a: Rillaboom|p2a: Annihilape\n|move|p1b: Spiritomb|Foul Play|p2b: Tornadus\n|-damage|p2b: Tornadus|40\/100 brn\n|\n|-heal|p2a: Annihilape|100\/100 brn|[from] Grassy Terrain\n|-heal|p1a: Rillaboom|33\/100|[from] Grassy Terrain\n|-heal|p1b: Spiritomb|23\/100|[from] Grassy Terrain\n|-damage|p2b: Tornadus|34\/100 brn|[from] brn\n|-damage|p2a: Annihilape|95\/100 brn|[from] brn\n|upkeep\n|turn|12\n|\n|t:|1700866937\n|-terastallize|p1a: Rillaboom|Grass\n|move|p2b: Tornadus|Protect|p2b: Tornadus\n|-singleturn|p2b: Tornadus|Protect\n|move|p1a: Rillaboom|Grassy Glide|p2b: Tornadus\n|-activate|p2b: Tornadus|move: Protect\n|move|p2a: Annihilape|Rage Fist|p1a: Rillaboom\n|-damage|p1a: Rillaboom|9\/100\n|-damage|p2a: Annihilape|78\/100 brn|[from] item: Rocky Helmet|[of] p1a: Rillaboom\n|move|p1b: Spiritomb|Pain Split|p2a: Annihilape\n|-sethp|p2a: Annihilape|46\/100 brn|[from] move: Pain Split|[silent]\n|-sethp|p1b: Spiritomb|76\/100|[from] move: Pain Split\n|\n|-heal|p2a: Annihilape|52\/100 brn|[from] Grassy Terrain\n|-heal|p2a: Annihilape|58\/100 brn|[from] item: Leftovers\n|-heal|p1a: Rillaboom|15\/100|[from] Grassy Terrain\n|-heal|p1b: Spiritomb|82\/100|[from] Grassy Terrain\n|-damage|p2b: Tornadus|28\/100 brn|[from] brn\n|-damage|p2a: Annihilape|52\/100 brn|[from] brn\n|upkeep\n|turn|13\n|\n|t:|1700866960\n|move|p1a: Rillaboom|Grassy Glide|p2b: Tornadus\n|-resisted|p2b: Tornadus\n|-damage|p2b: Tornadus|0 fnt\n|faint|p2b: Tornadus\n|move|p2a: Annihilape|Rage Fist|p1a: Rillaboom\n|-damage|p1a: Rillaboom|0 fnt\n|-damage|p2a: Annihilape|36\/100 brn|[from] item: Rocky Helmet|[of] p1a: Rillaboom\n|faint|p1a: Rillaboom\n|move|p1b: Spiritomb|Foul Play|p2a: Annihilape\n|-damage|p2a: Annihilape|6\/100 brn\n|\n|-heal|p2a: Annihilape|12\/100 brn|[from] Grassy Terrain\n|-heal|p2a: Annihilape|18\/100 brn|[from] item: Leftovers\n|-heal|p1b: Spiritomb|88\/100|[from] Grassy Terrain\n|-damage|p2a: Annihilape|12\/100 brn|[from] brn\n|-fieldend|move: Grassy Terrain\n|upkeep\n|\n|t:|1700866962\n|switch|p1a: Baxcalibur|Baxcalibur, L50, F|42\/100\n|turn|14\n|\n|t:|1700866968\n|move|p1a: Baxcalibur|Glaive Rush|p2a: Annihilape\n|-damage|p2a: Annihilape|0 fnt\n|-singlemove|p1a: Baxcalibur|Glaive Rush|[silent]\n|faint|p2a: Annihilape\n|\n|win|thedistortionzone\n|c|&|\/uhtml prompt-thedistortionzone,thedistortionzone is ready for game 2!\n|c|\u2606CrowTechVGC|gg\n|c|&|\/uhtml prompt-crowtechvgc,CrowTechVGC is ready for game 2!\nBoth players are ready! Starting next match!\n|l|\u2606CrowTechVGC\n","uploadtime":1700867332,"views":10,"p1id":"thedistortionzone","p2id":"crowtechvgc","formatid":"gen9vgc2023regulatione","rating":0,"private":0,"password":""}