{"id":"gen9vgc2023regulatione-1989042870","p1":"klaus strudel","p2":"Bear Club","format":"[Gen 9] VGC 2023 Regulation E","log":"|j|\u2606klaus strudel\n|j|\u2606Bear Club\n|n|\u2606klaus strudel|klausstrudel\n|n|\u2606Bear Club|bearclub\n|html|View the match progress at <a href=\"\/game-bestof3-gen9vgc2023regulatione-1989042869\">game-bestof3-gen9vgc2023regulatione-1989042869<\/a>\n|t:|1699805753\n|gametype|doubles\n|player|p1|klaus strudel|266|\n|player|p2|Bear Club|cynthia-gen4|\n|teamsize|p1|6\n|teamsize|p2|6\n|gen|9\n|tier|[Gen 9] VGC 2023 Regulation E\n|rule|Species Clause: Limit one of each Pok\u00e9mon\n|rule|Item Clause: Limit one of each item\n|clearpoke\n|poke|p1|Tornadus, L50, M|\n|poke|p1|Urshifu-*, L50, M|\n|poke|p1|Glimmora, L50, M|\n|poke|p1|Dondozo, L50, F|\n|poke|p1|Tatsugiri, L50, F|\n|poke|p1|Flutter Mane, L50|\n|poke|p2|Tornadus, L50, M|\n|poke|p2|Heatran, L50, M|\n|poke|p2|Flutter Mane, L50|\n|poke|p2|Landorus-Therian, L50, M|\n|poke|p2|Amoonguss, L50, M|\n|poke|p2|Urshifu-*, L50, M|\n|teampreview|4\nBear Club has agreed to open team sheets.\nklaus strudel has agreed to open team sheets.\n|showteam|p1|Tornadus||CovertCloak|Prankster|Tailwind,BleakwindStorm,IcyWind,Protect|||M|||50|,,,,,Steel]Urshifu||LifeOrb|UnseenFist|WickedBlow,CloseCombat,SuckerPunch,Detect|||M|||50|,,,,,Poison]Glimmora||FocusSash|ToxicDebris|SludgeBomb,PowerGem,MortalSpin,SpikyShield|||M|||50|,,,,,Grass]Dondozo||Leftovers|Unaware|WaveCrash,Earthquake,OrderUp,Protect|||F|||50|,,,,,Dragon]Tatsugiri||RockyHelmet|Commander|DracoMeteor,MuddyWater,Taunt,Protect|||F|||50|,,,,,Steel]Flutter Mane||BoosterEnergy|Protosynthesis|Moonblast,ShadowBall,DazzlingGleam,Protect||||||50|,,,,,Fairy\n|showteam|p2|Tornadus||MentalHerb|Prankster|Tailwind,SunnyDay,BleakwindStorm,Protect|||M|||50|,,,,,Dark]Heatran||AssaultVest|FlashFire|HeatWave,FlashCannon,EarthPower,SolarBeam|||M|||50|,,,,,Fairy]Flutter Mane||ChoiceSpecs|Protosynthesis|Moonblast,DazzlingGleam,PowerGem,ShadowBall||||||50|,,,,,Fairy]Landorus-Therian||ChoiceScarf|Intimidate|StompingTantrum,Uturn,TeraBlast,RockSlide|||M|||50|,,,,,Flying]Amoonguss||SitrusBerry|Regenerator|RagePowder,Spore,Protect,PollenPuff|||M|||50|,,,,,Water]Urshifu||FocusSash|UnseenFist|WickedBlow,CloseCombat,SwordsDance,Detect|||M|||50|,,,,,Dark\n|\n|t:|1699805816\n|start\n|switch|p1a: Tornadus|Tornadus, L50, M|100\/100\n|switch|p1b: Flutter Mane|Flutter Mane, L50|100\/100\n|switch|p2a: Tornadus|Tornadus, L50, M|100\/100\n|switch|p2b: Flutter Mane|Flutter Mane, L50|100\/100\n|-enditem|p1b: Flutter Mane|Booster Energy\n|-activate|p1b: Flutter Mane|ability: Protosynthesis|[fromitem]\n|-start|p1b: Flutter Mane|protosynthesisspa\n|turn|1\n|\n|t:|1699805839\n|-terastallize|p2b: Flutter Mane|Fairy\n|move|p1b: Flutter Mane|Protect|p1b: Flutter Mane\n|-singleturn|p1b: Flutter Mane|Protect\n|move|p2a: Tornadus|Sunny Day|p2a: Tornadus\n|-weather|SunnyDay\n|-activate|p2b: Flutter Mane|ability: Protosynthesis\n|-start|p2b: Flutter Mane|protosynthesisspa\n|move|p2b: Flutter Mane|Dazzling Gleam|p1a: Tornadus|[spread] p1a\n|-activate|p1b: Flutter Mane|move: Protect\n|-damage|p1a: Tornadus|3\/100\n|move|p1a: Tornadus|Icy Wind|p2b: Flutter Mane|[spread] p2a,p2b\n|-supereffective|p2a: Tornadus\n|-damage|p2a: Tornadus|79\/100\n|-damage|p2b: Flutter Mane|89\/100\n|-unboost|p2a: Tornadus|spe|1\n|-unboost|p2b: Flutter Mane|spe|1\n|\n|-weather|SunnyDay|[upkeep]\n|upkeep\n|turn|2\n|\n|t:|1699805888\n|-end|p2b: Flutter Mane|Protosynthesis|[silent]\n|switch|p2b: Amoonguss|Amoonguss, L50, M|100\/100\n|move|p2a: Tornadus|Protect|p2a: Tornadus\n|-singleturn|p2a: Tornadus|Protect\n|move|p1a: Tornadus|Tailwind|p1a: Tornadus\n|-sidestart|p1: klaus strudel|move: Tailwind\n|move|p1b: Flutter Mane|Moonblast|p2b: Amoonguss\n|-resisted|p2b: Amoonguss\n|-damage|p2b: Amoonguss|71\/100\n|\n|-weather|SunnyDay|[upkeep]\n|upkeep\n|turn|3\n|\n|t:|1699805908\n|move|p2b: Amoonguss|Protect|p2b: Amoonguss\n|-singleturn|p2b: Amoonguss|Protect\n|move|p2a: Tornadus|Tailwind|p2a: Tornadus\n|-sidestart|p2: Bear Club|move: Tailwind\n|move|p1b: Flutter Mane|Shadow Ball|p2b: Amoonguss\n|-activate|p2b: Amoonguss|move: Protect\n|move|p1a: Tornadus|Bleakwind Storm|p2b: Amoonguss|[spread] p2a\n|-activate|p2b: Amoonguss|move: Protect\n|-damage|p2a: Tornadus|50\/100\n|\n|-weather|SunnyDay|[upkeep]\n|upkeep\n|turn|4\n|\n|t:|1699805953\n|move|p1b: Flutter Mane|Shadow Ball|p2b: Amoonguss\n|-damage|p2b: Amoonguss|24\/100\n|-enditem|p2b: Amoonguss|Sitrus Berry|[eat]\n|-heal|p2b: Amoonguss|49\/100|[from] item: Sitrus Berry\n|move|p1a: Tornadus|Bleakwind Storm|p2b: Amoonguss|[spread] p2a,p2b\n|-supereffective|p2b: Amoonguss\n|-damage|p2a: Tornadus|20\/100\n|-damage|p2b: Amoonguss|0 fnt\n|faint|p2b: Amoonguss\n|move|p2a: Tornadus|Bleakwind Storm|p1a: Tornadus|[spread] p1a,p1b\n|-damage|p1a: Tornadus|0 fnt\n|-damage|p1b: Flutter Mane|68\/100\n|faint|p1a: Tornadus\n|\n|-weather|SunnyDay|[upkeep]\n|upkeep\n|\n|t:|1699805980\n|switch|p1a: Urshifu|Urshifu, L50, M|100\/100\n|switch|p2b: Flutter Mane|Flutter Mane, L50, tera:Fairy|89\/100\n|-activate|p2b: Flutter Mane|ability: Protosynthesis\n|-start|p2b: Flutter Mane|protosynthesisspa\n|turn|5\n|\n|t:|1699806054\n|-terastallize|p1a: Urshifu|Poison\n|move|p1b: Flutter Mane|Dazzling Gleam|p2b: Flutter Mane|[spread] p2a,p2b\n|-damage|p2a: Tornadus|0 fnt\n|-damage|p2b: Flutter Mane|53\/100\n|faint|p2a: Tornadus\n|move|p2b: Flutter Mane|Shadow Ball|p1a: Urshifu\n|-damage|p1a: Urshifu|0 fnt\n|faint|p1a: Urshifu\n|\n|-weather|none\n|-end|p2b: Flutter Mane|Protosynthesis\n|-sideend|p1: klaus strudel|move: Tailwind\n|upkeep\n|\n|t:|1699806067\n|switch|p1a: Glimmora|Glimmora, L50, M|100\/100\n|switch|p2a: Urshifu|Urshifu, L50, M|100\/100\n|turn|6\n|\n|t:|1699806085\n|move|p2b: Flutter Mane|Shadow Ball|p1a: Glimmora\n|-damage|p1a: Glimmora|23\/100\n|move|p2a: Urshifu|Wicked Blow|p1b: Flutter Mane\n|-crit|p1b: Flutter Mane\n|-damage|p1b: Flutter Mane|0 fnt\n|faint|p1b: Flutter Mane\n|-end|p1b: Flutter Mane|Protosynthesis|[silent]\n|move|p1a: Glimmora|Sludge Bomb|p2b: Flutter Mane\n|-supereffective|p2b: Flutter Mane\n|-damage|p2b: Flutter Mane|0 fnt\n|faint|p2b: Flutter Mane\n|-end|p2b: Flutter Mane|Protosynthesis|[silent]\n|\n|-sideend|p2: Bear Club|move: Tailwind\n|upkeep\n|turn|7\n|-message|klaus strudel forfeited.\n|\n|win|Bear Club\n|c|&|\/uhtml prompt-klausstrudel,klaus strudel is ready for game 2!\n|c|&|\/uhtml prompt-bearclub,Bear Club is ready for game 2!\nBoth players are ready! Starting next match!\n","uploadtime":1699806468,"views":9,"p1id":"klausstrudel","p2id":"bearclub","formatid":"gen9vgc2023regulatione","rating":0,"private":0,"password":""}