{"id":"gen9vgc2023regulatione-1995243361","p1":"scarred22","p2":"That_Leek","format":"[Gen 9] VGC 2023 Regulation E","log":"|j|\u2606scarred22\n|j|\u2606That_Leek\n|t:|1700539182\n|gametype|doubles\n|player|p1|scarred22|lass-gen4dp|1354\n|player|p2|That_Leek|blue|1445\n|teamsize|p1|6\n|teamsize|p2|6\n|gen|9\n|tier|[Gen 9] VGC 2023 Regulation E\n|rated|\n|rule|Species Clause: Limit one of each Pok\u00e9mon\n|rule|Item Clause: Limit one of each item\n|clearpoke\n|poke|p1|Tornadus, L50, M|\n|poke|p1|Arcanine-Hisui, L50, M|\n|poke|p1|Iron Hands, L50|\n|poke|p1|Gholdengo, L50|\n|poke|p1|Urshifu-*, L50, M|\n|poke|p1|Farigiraf, L50, F|\n|poke|p2|Gholdengo, L50|\n|poke|p2|Ogerpon-Wellspring, L50, F|\n|poke|p2|Arcanine-Hisui, L50, M|\n|poke|p2|Chien-Pao, L50|\n|poke|p2|Scream Tail, L50|\n|poke|p2|Dragonite, L50, M|\n|teampreview|4\n|inactive|Battle timer is ON: inactive players will automatically lose when time's up. (requested by scarred22)\n|inactive|scarred22 has 60 seconds left.\n|inactive|That_Leek has 60 seconds left.\nThat_Leek has agreed to open team sheets.\nscarred22 has agreed to open team sheets.\n|\n|t:|1700539240\n|start\n|switch|p1a: Arcanine|Arcanine-Hisui, L50, M|100\/100\n|switch|p1b: Gholdengo|Gholdengo, L50|100\/100\n|switch|p2a: Arcanine|Arcanine-Hisui, L50, M|100\/100\n|switch|p2b: Scream Tail|Scream Tail, L50|100\/100\n|-ability|p2a: Arcanine|Intimidate|boost\n|-unboost|p1a: Arcanine|atk|1\n|-unboost|p1b: Gholdengo|atk|1\n|-ability|p1a: Arcanine|Intimidate|boost\n|-unboost|p2a: Arcanine|atk|1\n|-unboost|p2b: Scream Tail|atk|1\n|-enditem|p2b: Scream Tail|Booster Energy\n|-activate|p2b: Scream Tail|ability: Protosynthesis|[fromitem]\n|-start|p2b: Scream Tail|protosynthesisspe\n|turn|1\n|inactive|scarred22 has 30 seconds left.\n|\n|t:|1700539267\n|switch|p2a: Gholdengo|Gholdengo, L50|100\/100\n|move|p2b: Scream Tail|Thunder Wave|p1a: Arcanine\n|-status|p1a: Arcanine|par\n|move|p1b: Gholdengo|Shadow Ball|p2b: Scream Tail\n|-supereffective|p2b: Scream Tail\n|-damage|p2b: Scream Tail|43\/100\n|move|p1a: Arcanine|Rock Slide|p2b: Scream Tail|[spread] p2a,p2b\n|-resisted|p2a: Gholdengo\n|-damage|p2a: Gholdengo|89\/100\n|-damage|p2b: Scream Tail|23\/100\n|\n|upkeep\n|turn|2\n|inactive|scarred22 has 30 seconds left.\n|inactive|That_Leek has 30 seconds left.\n|\n|t:|1700539293\n|switch|p1b: Urshifu|Urshifu, L50, M|100\/100\n|-terastallize|p2a: Gholdengo|Water\n|move|p2b: Scream Tail|Disable|p1a: Arcanine\n|-start|p1a: Arcanine|Disable|Rock Slide\n|move|p2a: Gholdengo|Nasty Plot|p2a: Gholdengo\n|-boost|p2a: Gholdengo|spa|2\n|cant|p1a: Arcanine|Disable|Rock Slide\n|\n|upkeep\n|turn|3\n|\n|t:|1700539315\n|switch|p1a: Iron Hands|Iron Hands, L50|100\/100\n|-terastallize|p1b: Urshifu|Dark\n|move|p2b: Scream Tail|Thunder Wave|p1b: Urshifu\n|-status|p1b: Urshifu|par\n|move|p2a: Gholdengo|Make It Rain|p1b: Urshifu|[spread] p1a,p1b\n|-resisted|p1a: Iron Hands\n|-damage|p1a: Iron Hands|76\/100\n|-damage|p1b: Urshifu|0 fnt\n|-unboost|p2a: Gholdengo|spa|1\n|faint|p1b: Urshifu\n|\n|upkeep\n|\n|t:|1700539326\n|switch|p1b: Gholdengo|Gholdengo, L50|100\/100\n|turn|4\n|inactive|That_Leek has 30 seconds left.\n|inactive|That_Leek has 20 seconds left.\n|inactive|That_Leek has 15 seconds left.\n|\n|t:|1700539370\n|-end|p2b: Scream Tail|Protosynthesis|[silent]\n|switch|p2b: Arcanine|Arcanine-Hisui, L50, M|100\/100\n|-ability|p2b: Arcanine|Intimidate|boost\n|-unboost|p1a: Iron Hands|atk|1\n|-unboost|p1b: Gholdengo|atk|1\n|move|p1b: Gholdengo|Nasty Plot|p1b: Gholdengo\n|-boost|p1b: Gholdengo|spa|2\n|move|p2a: Gholdengo|Nasty Plot|p2a: Gholdengo\n|-boost|p2a: Gholdengo|spa|2\n|move|p1a: Iron Hands|Heavy Slam|p2b: Arcanine\n|-damage|p2b: Arcanine|84\/100\n|\n|upkeep\n|turn|5\n|inactive|scarred22 has 30 seconds left.\n|\n|t:|1700539397\n|move|p2b: Arcanine|Flare Blitz|p1b: Gholdengo\n|-supereffective|p1b: Gholdengo\n|-damage|p1b: Gholdengo|0 fnt\n|faint|p1b: Gholdengo\n|-damage|p2b: Arcanine|48\/100|[from] Recoil\n|move|p2a: Gholdengo|Shadow Ball|p1a: Iron Hands\n|-damage|p1a: Iron Hands|18\/100\n|move|p1a: Iron Hands|Wild Charge|p2a: Gholdengo\n|-supereffective|p2a: Gholdengo\n|-damage|p2a: Gholdengo|32\/100\n|-enditem|p2a: Gholdengo|Sitrus Berry|[eat]\n|-heal|p2a: Gholdengo|57\/100|[from] item: Sitrus Berry\n|-damage|p1a: Iron Hands|7\/100|[from] Recoil\n|\n|upkeep\n|\n|t:|1700539399\n|switch|p1b: Arcanine|Arcanine-Hisui, L50, M|100\/100 par\n|-ability|p1b: Arcanine|Intimidate|boost\n|-unboost|p2a: Gholdengo|atk|1\n|-unboost|p2b: Arcanine|atk|1\n|turn|6\n|-message|scarred22 forfeited.\n|\n|win|That_Leek\n|raw|scarred22's rating: 1372 &rarr; <strong>1358<\/strong><br \/>(-14 for losing)\n|raw|That_Leek's rating: 1472 &rarr; <strong>1486<\/strong><br \/>(+14 for winning)\n|l|\u2606scarred22\n","uploadtime":1700539405,"views":4,"p1id":"scarred22","p2id":"thatleek","formatid":"gen9vgc2023regulatione","rating":1358,"private":0,"password":""}