{"id":"gen9vgc2023regulatione-1988263345","p1":"Gi1796","p2":"qwertyslopmcflop","format":"[Gen 9] VGC 2023 Regulation E","log":"|j|\u2606Gi1796\n|j|\u2606qwertyslopmcflop\n|t:|1699697269\n|gametype|doubles\n|player|p1|Gi1796|veteran|1708\n|player|p2|qwertyslopmcflop|li|1613\n|teamsize|p1|6\n|teamsize|p2|6\n|gen|9\n|tier|[Gen 9] VGC 2023 Regulation E\n|rated|\n|rule|Species Clause: Limit one of each Pok\u00e9mon\n|rule|Item Clause: Limit one of each item\n|clearpoke\n|poke|p1|Roaring Moon, L50|\n|poke|p1|Gholdengo, L50|\n|poke|p1|Landorus, L50, M|\n|poke|p1|Urshifu-*, L50, M|\n|poke|p1|Rillaboom, L50, F|\n|poke|p1|Arcanine-Hisui, L50, F|\n|poke|p2|Tornadus, L50, M|\n|poke|p2|Urshifu-*, L50, M|\n|poke|p2|Iron Hands, L50|\n|poke|p2|Farigiraf, L50, M|\n|poke|p2|Chien-Pao, L50|\n|poke|p2|Decidueye-Hisui, L50, F|\n|teampreview|4\n|inactive|Battle timer is ON: inactive players will automatically lose when time's up. (requested by qwertyslopmcflop)\nGi1796 has agreed to open team sheets.\n|j| mighty dozo\n|j| Jackietreehorn321\n|inactive|Gi1796 has 60 seconds left.\n|\n|t:|1699697317\n|start\n|switch|p1a: Roaring Moon|Roaring Moon, L50|100\/100\n|switch|p1b: Gholdengo|Gholdengo, L50|100\/100\n|switch|p2a: Tornadus|Tornadus, L50, M|100\/100\n|switch|p2b: Urshifu|Urshifu-Rapid-Strike, L50, M|100\/100\n|-enditem|p1a: Roaring Moon|Booster Energy\n|-activate|p1a: Roaring Moon|ability: Protosynthesis|[fromitem]\n|-start|p1a: Roaring Moon|protosynthesisspe\n|turn|1\n|inactive|Gi1796 has 30 seconds left.\n|inactive|Gi1796 has 20 seconds left.\n|inactive|Gi1796 has 15 seconds left.\n|\n|t:|1699697357\n|-terastallize|p1a: Roaring Moon|Poison\n|move|p2b: Urshifu|Detect|p2b: Urshifu\n|-singleturn|p2b: Urshifu|Protect\n|move|p2a: Tornadus|Tailwind|p2a: Tornadus\n|-sidestart|p2: qwertyslopmcflop|move: Tailwind\n|move|p1a: Roaring Moon|Tailwind|p1a: Roaring Moon\n|-sidestart|p1: Gi1796|move: Tailwind\n|move|p1b: Gholdengo|Make It Rain|p2b: Urshifu|[spread] p2a\n|-activate|p2b: Urshifu|move: Protect\n|-damage|p2a: Tornadus|39\/100\n|-unboost|p1b: Gholdengo|spa|1\n|\n|upkeep\n|turn|2\n|inactive|Gi1796 has 30 seconds left.\n|\n|t:|1699697391\n|-terastallize|p2b: Urshifu|Water\n|move|p2a: Tornadus|Rain Dance|p2a: Tornadus\n|-weather|RainDance\n|move|p1a: Roaring Moon|Breaking Swipe|p2b: Urshifu|[spread] p2a,p2b\n|-damage|p2a: Tornadus|17\/100\n|-damage|p2b: Urshifu|76\/100\n|-unboost|p2a: Tornadus|atk|1\n|-unboost|p2b: Urshifu|atk|1\n|-damage|p1a: Roaring Moon|84\/100|[from] item: Rocky Helmet|[of] p2a: Tornadus\n|move|p2b: Urshifu|Surging Strikes|p1a: Roaring Moon\n|-crit|p1a: Roaring Moon\n|-damage|p1a: Roaring Moon|28\/100\n|-crit|p1a: Roaring Moon\n|-damage|p1a: Roaring Moon|0 fnt\n|faint|p1a: Roaring Moon\n|-end|p1a: Roaring Moon|Protosynthesis|[silent]\n|-hitcount|p1: Roaring Moon|2\n|move|p1b: Gholdengo|Make It Rain|p2a: Tornadus|[spread] p2a,p2b\n|-resisted|p2b: Urshifu\n|-damage|p2a: Tornadus|0 fnt\n|-damage|p2b: Urshifu|42\/100\n|-unboost|p1b: Gholdengo|spa|1\n|faint|p2a: Tornadus\n|\n|-weather|RainDance|[upkeep]\n|upkeep\n|j| nextgene\n|\n|t:|1699697412\n|switch|p1a: Rillaboom|Rillaboom, L50, F|100\/100\n|switch|p2a: Iron Hands|Iron Hands, L50|100\/100\n|-fieldstart|move: Grassy Terrain|[from] ability: Grassy Surge|[of] p1a: Rillaboom\n|turn|3\n|\n|t:|1699697433\n|move|p1a: Rillaboom|Fake Out|p2b: Urshifu\n|-damage|p2b: Urshifu|29\/100\n|move|p2a: Iron Hands|Fake Out|p1a: Rillaboom\n|-damage|p1a: Rillaboom|84\/100\n|cant|p2b: Urshifu|flinch\n|move|p1b: Gholdengo|Nasty Plot|p1b: Gholdengo\n|-boost|p1b: Gholdengo|spa|2\n|\n|-weather|RainDance|[upkeep]\n|-heal|p2b: Urshifu|34\/100|[from] Grassy Terrain\n|-heal|p1a: Rillaboom|90\/100|[from] Grassy Terrain\n|upkeep\n|turn|4\n|j| Dogedgr8\n|\n|t:|1699697457\n|move|p2b: Urshifu|Detect|p2b: Urshifu\n|-singleturn|p2b: Urshifu|Protect\n|move|p1a: Rillaboom|Grassy Glide|p2b: Urshifu\n|-activate|p2b: Urshifu|move: Protect\n|move|p1b: Gholdengo|Nasty Plot|p1b: Gholdengo\n|-boost|p1b: Gholdengo|spa|2\n|move|p2a: Iron Hands|Drain Punch|p1a: Rillaboom\n|-damage|p1a: Rillaboom|51\/100\n|\n|-weather|RainDance|[upkeep]\n|-heal|p2b: Urshifu|40\/100|[from] Grassy Terrain\n|-heal|p1a: Rillaboom|57\/100|[from] Grassy Terrain\n|-sideend|p2: qwertyslopmcflop|move: Tailwind\n|-sideend|p1: Gi1796|move: Tailwind\n|upkeep\n|turn|5\n|\n|t:|1699697476\n|move|p1a: Rillaboom|Grassy Glide|p2b: Urshifu\n|-supereffective|p2b: Urshifu\n|-damage|p2b: Urshifu|0 fnt\n|faint|p2b: Urshifu\n|move|p1b: Gholdengo|Shadow Ball|p2a: Iron Hands\n|-damage|p2a: Iron Hands|46\/100\n|-unboost|p2a: Iron Hands|spd|1\n|move|p2a: Iron Hands|Drain Punch|p1a: Rillaboom\n|-damage|p1a: Rillaboom|19\/100\n|-heal|p2a: Iron Hands|62\/100|[from] drain|[of] p1a: Rillaboom\n|\n|-weather|RainDance|[upkeep]\n|-heal|p1a: Rillaboom|25\/100|[from] Grassy Terrain\n|-heal|p2a: Iron Hands|68\/100|[from] Grassy Terrain\n|upkeep\n|\n|t:|1699697490\n|switch|p2b: Chien-Pao|Chien-Pao, L50|100\/100\n|-ability|p2b: Chien-Pao|Sword of Ruin\n|turn|6\n|inactive|Gi1796 has 30 seconds left.\n|\n|t:|1699697524\n|move|p2b: Chien-Pao|Sucker Punch|p1b: Gholdengo\n|-supereffective|p1b: Gholdengo\n|-damage|p1b: Gholdengo|10\/100\n|move|p1a: Rillaboom|Grassy Glide|p2a: Iron Hands\n|-damage|p2a: Iron Hands|31\/100\n|move|p1b: Gholdengo|Shadow Ball|p2a: Iron Hands\n|-damage|p2a: Iron Hands|0 fnt\n|faint|p2a: Iron Hands\n|-end|p2a: Iron Hands|Quark Drive|[silent]\n|\n|-weather|none\n|-heal|p1b: Gholdengo|16\/100|[from] Grassy Terrain\n|-heal|p1a: Rillaboom|30\/100|[from] Grassy Terrain\n|upkeep\n|turn|7\n|\n|t:|1699697545\n|move|p2b: Chien-Pao|Sucker Punch|p1a: Rillaboom\n|-damage|p1a: Rillaboom|0 fnt\n|faint|p1a: Rillaboom\n|move|p1b: Gholdengo|Make It Rain|p2b: Chien-Pao\n|-supereffective|p2b: Chien-Pao\n|-enditem|p2b: Chien-Pao|Focus Sash\n|-damage|p2b: Chien-Pao|1\/100\n|-unboost|p1b: Gholdengo|spa|1\n|\n|-heal|p2b: Chien-Pao|7\/100|[from] Grassy Terrain\n|-heal|p1b: Gholdengo|22\/100|[from] Grassy Terrain\n|-fieldend|move: Grassy Terrain\n|upkeep\n|\n|t:|1699697548\n|switch|p1a: Urshifu|Urshifu-Rapid-Strike, L50, M|100\/100\n|turn|8\n|\n|t:|1699697559\n|move|p1a: Urshifu|Aqua Jet|p2b: Chien-Pao\n|-damage|p2b: Chien-Pao|0 fnt\n|faint|p2b: Chien-Pao\n|\n|win|Gi1796\n|raw|Gi1796's rating: 1708 &rarr; <strong>1723<\/strong><br \/>(+15 for winning)\n|raw|qwertyslopmcflop's rating: 1613 &rarr; <strong>1598<\/strong><br \/>(-15 for losing)\n|l| mighty dozo\n|l|\u2606qwertyslopmcflop\n|j| mighty dozo\n|l| nextgene\n|l|\u2606Gi1796\n","uploadtime":1699697572,"views":21,"p1id":"gi1796","p2id":"qwertyslopmcflop","formatid":"gen9vgc2023regulatione","rating":1598,"private":0,"password":""}