{"id":"gen9vgc2023regulatione-1988530638","p1":"joshferd","p2":"Shakeyshocks","format":"[Gen 9] VGC 2023 Regulation E","log":"|j|\u2606joshferd\n|j|\u2606Shakeyshocks\n|t:|1699732875\n|gametype|doubles\n|player|p1|joshferd|265|1114\n|player|p2|Shakeyshocks|cynthia-gen4|1168\n|teamsize|p1|6\n|teamsize|p2|6\n|gen|9\n|tier|[Gen 9] VGC 2023 Regulation E\n|rated|\n|rule|Species Clause: Limit one of each Pok\u00e9mon\n|rule|Item Clause: Limit one of each item\n|clearpoke\n|poke|p1|Oranguru, L50, F|\n|poke|p1|Ninetales-Alola, L50, M|\n|poke|p1|Rillaboom, L50, F|\n|poke|p1|Milotic, L50, F|\n|poke|p1|Mienshao, L50, M|\n|poke|p1|Samurott-Hisui, L50, F|\n|poke|p2|Golem-Alola, L50, M|\n|poke|p2|Ninetales-Alola, L50, M|\n|poke|p2|Empoleon, L50, M|\n|poke|p2|Sinistcha-Masterpiece, L50|\n|poke|p2|Ursaluna, L50, F|\n|poke|p2|Cetitan, L50, M|\n|teampreview|4\n|inactive|Battle timer is ON: inactive players will automatically lose when time's up. (requested by Shakeyshocks)\n|inactive|joshferd has 60 seconds left.\n|inactive|Shakeyshocks has 60 seconds left.\njoshferd has agreed to open team sheets.\n|j| CONSTANT SUFFERING\n|inactive|joshferd has 30 seconds left.\n|inactive|joshferd has 20 seconds left.\n|inactive|joshferd has 15 seconds left.\n|inactive|joshferd has 10 seconds left.\n|\n|t:|1699732955\n|start\n|switch|p1a: Oranguru|Oranguru, L50, F|100\/100\n|switch|p1b: Mienshao|Mienshao, L50, M|100\/100\n|switch|p2a: Ninetales|Ninetales-Alola, L50, M|100\/100\n|switch|p2b: Cetitan|Cetitan, L50, M, shiny|100\/100\n|-weather|Snow|[from] ability: Snow Warning|[of] p2a: Ninetales\n|turn|1\n|c| CONSTANT SUFFERING|Remember what we went over Shakey you know how to play against this team\n|inactive|joshferd has 30 seconds left.\n|\n|t:|1699732987\n|-terastallize|p2b: Cetitan|Ghost\n|move|p1b: Mienshao|Fake Out|p2a: Ninetales\n|-damage|p2a: Ninetales|89\/100\n|cant|p2a: Ninetales|flinch\n|move|p2b: Cetitan|Belly Drum|p2b: Cetitan\n|-damage|p2b: Cetitan|50\/100\n|-setboost|p2b: Cetitan|atk|6|[from] move: Belly Drum\n|-enditem|p2b: Cetitan|Sitrus Berry|[eat]\n|-heal|p2b: Cetitan|75\/100|[from] item: Sitrus Berry\n|move|p1a: Oranguru|Trailblaze|p2a: Ninetales\n|-damage|p2a: Ninetales|80\/100\n|-boost|p1a: Oranguru|spe|1\n|-damage|p1a: Oranguru|91\/100|[from] item: Life Orb\n|\n|-weather|Snow|[upkeep]\n|upkeep\n|turn|2\n|inactive|joshferd has 30 seconds left.\n|inactive|Shakeyshocks has 30 seconds left.\n|inactive|Shakeyshocks has 20 seconds left.\n|\n|t:|1699733026\n|switch|p1b: Ninetales|Ninetales-Alola, L50, M|100\/100\n|move|p2b: Cetitan|Ice Shard|p1a: Oranguru\n|-damage|p1a: Oranguru|35\/100\n|move|p2a: Ninetales|Encore||[still]\n|-fail|p2a: Ninetales\n|move|p1a: Oranguru|Foul Play|p2b: Cetitan\n|-supereffective|p2b: Cetitan\n|-damage|p2b: Cetitan|0 fnt\n|faint|p2b: Cetitan\n|-damage|p1a: Oranguru|26\/100|[from] item: Life Orb\n|\n|-weather|Snow|[upkeep]\n|upkeep\n|c| CONSTANT SUFFERING|smh\n|\n|t:|1699733045\n|switch|p2b: Golem|Golem-Alola, L50, M|100\/100\n|turn|3\n|inactive|Shakeyshocks has 30 seconds left.\n|\n|t:|1699733073\n|switch|p1a: Mienshao|Mienshao, L50, M|100\/100\n|move|p1b: Ninetales|Aurora Veil|p1b: Ninetales\n|-sidestart|p1: joshferd|move: Aurora Veil\n|move|p2a: Ninetales|Aurora Veil|p2a: Ninetales\n|-sidestart|p2: Shakeyshocks|move: Aurora Veil\n|move|p2b: Golem|Gyro Ball|p1b: Ninetales\n|-supereffective|p1b: Ninetales\n|-damage|p1b: Ninetales|25\/100\n|\n|-weather|Snow|[upkeep]\n|upkeep\n|turn|4\n|inactive|Shakeyshocks has 30 seconds left.\n|\n|t:|1699733102\n|move|p1a: Mienshao|Fake Out|p2b: Golem\n|-resisted|p2b: Golem\n|-damage|p2b: Golem|96\/100\n|move|p1b: Ninetales|Blizzard|p2a: Ninetales|[spread] p2a,p2b\n|-resisted|p2a: Ninetales\n|-damage|p2a: Ninetales|71\/100\n|-damage|p2b: Golem|76\/100\n|move|p2a: Ninetales|Blizzard|p1a: Mienshao|[spread] p1a,p1b\n|-resisted|p1b: Ninetales\n|-damage|p1a: Mienshao|71\/100\n|-damage|p1b: Ninetales|17\/100\n|cant|p2b: Golem|flinch\n|\n|-weather|Snow|[upkeep]\n|upkeep\n|turn|5\n|inactive|Shakeyshocks has 30 seconds left.\n|\n|t:|1699733132\n|move|p1b: Ninetales|Blizzard|p2b: Golem|[spread] p2a,p2b\n|-resisted|p2a: Ninetales\n|-damage|p2a: Ninetales|62\/100\n|-damage|p2b: Golem|55\/100\n|-status|p2b: Golem|frz\n|move|p1a: Mienshao|Close Combat|p2b: Golem\n|-supereffective|p2b: Golem\n|-damage|p2b: Golem|0 fnt\n|-unboost|p1a: Mienshao|def|1\n|-unboost|p1a: Mienshao|spd|1\n|faint|p2b: Golem\n|move|p2a: Ninetales|Encore|p1a: Mienshao\n|-start|p1a: Mienshao|Encore\n|\n|-weather|none\n|upkeep\n|\n|t:|1699733148\n|switch|p2b: Sinistcha|Sinistcha-Masterpiece, L50|100\/100\n|-heal|p2a: Ninetales|87\/100|[from] ability: Hospitality|[of] p2b: Sinistcha\n|turn|6\n|\n|t:|1699733162\n|switch|p1a: Oranguru|Oranguru, L50, F|26\/100\n|move|p2b: Sinistcha|Rage Powder|p2b: Sinistcha\n|-singleturn|p2b: Sinistcha|move: Rage Powder\n|move|p1b: Ninetales|Blizzard|p2a: Ninetales|[spread] p2a,p2b\n|-resisted|p2a: Ninetales\n|-crit|p2a: Ninetales\n|-supereffective|p2b: Sinistcha\n|-damage|p2a: Ninetales|65\/100\n|-damage|p2b: Sinistcha|62\/100\n|move|p2a: Ninetales|Moonblast|p1b: Ninetales\n|-damage|p1b: Ninetales|0 fnt\n|faint|p1b: Ninetales\n|\n|upkeep\n|\n|t:|1699733178\n|switch|p1b: Mienshao|Mienshao, L50, M|71\/100\n|turn|7\n|\n|t:|1699733193\n|switch|p1b: Milotic|Milotic, L50, F|100\/100\n|move|p2b: Sinistcha|Rage Powder|p2b: Sinistcha\n|-singleturn|p2b: Sinistcha|move: Rage Powder\n|move|p2a: Ninetales|Moonblast|p1b: Milotic\n|-crit|p1b: Milotic\n|-damage|p1b: Milotic|70\/100\n|move|p1a: Oranguru|Trailblaze|p2b: Sinistcha\n|-resisted|p2b: Sinistcha\n|-damage|p2b: Sinistcha|59\/100\n|-boost|p1a: Oranguru|spe|1\n|-damage|p1a: Oranguru|9\/100|[from] item: Rocky Helmet|[of] p2b: Sinistcha\n|-damage|p1a: Oranguru|0 fnt|[from] item: Life Orb\n|faint|p1a: Oranguru\n|\n|-sideend|p2: Shakeyshocks|move: Aurora Veil\n|-sideend|p1: joshferd|move: Aurora Veil\n|upkeep\n|\n|t:|1699733207\n|switch|p1a: Mienshao|Mienshao, L50, M|71\/100\n|turn|8\n|\n|t:|1699733221\n|-terastallize|p1a: Mienshao|Ice\n|move|p1b: Milotic|Protect|p1b: Milotic\n|-singleturn|p1b: Milotic|Protect\n|move|p2b: Sinistcha|Rage Powder|p2b: Sinistcha\n|-singleturn|p2b: Sinistcha|move: Rage Powder\n|move|p1a: Mienshao|Ice Spinner|p2b: Sinistcha\n|-supereffective|p2b: Sinistcha\n|-damage|p2b: Sinistcha|0 fnt\n|-damage|p1a: Mienshao|55\/100|[from] item: Rocky Helmet|[of] p2b: Sinistcha\n|faint|p2b: Sinistcha\n|move|p2a: Ninetales|Moonblast|p1a: Mienshao\n|-damage|p1a: Mienshao|0 fnt\n|faint|p1a: Mienshao\n|\n|upkeep\n|turn|9\n|\n|t:|1699733246\n|move|p2a: Ninetales|Encore|p1b: Milotic\n|-start|p1b: Milotic|Encore\n|move|p1b: Milotic|Protect||[still]\n|-fail|p1b: Milotic\n|\n|upkeep\n|turn|10\n|\n|t:|1699733262\n|move|p1b: Milotic|Protect|p1b: Milotic\n|-singleturn|p1b: Milotic|Protect\n|move|p2a: Ninetales|Moonblast|p1b: Milotic\n|-activate|p1b: Milotic|move: Protect\n|\n|upkeep\n|turn|11\n|\n|t:|1699733268\n|move|p1b: Milotic|Protect|p1b: Milotic\n|-singleturn|p1b: Milotic|Protect\n|move|p2a: Ninetales|Moonblast|p1b: Milotic\n|-activate|p1b: Milotic|move: Protect\n|\n|-end|p1b: Milotic|Encore\n|upkeep\n|turn|12\n|\n|t:|1699733282\n|move|p2a: Ninetales|Encore|p1b: Milotic\n|-start|p1b: Milotic|Encore\n|move|p1b: Milotic|Protect||[still]\n|-fail|p1b: Milotic\n|\n|upkeep\n|turn|13\n|\n|t:|1699733292\n|move|p1b: Milotic|Protect|p1b: Milotic\n|-singleturn|p1b: Milotic|Protect\n|move|p2a: Ninetales|Moonblast|p1b: Milotic\n|-activate|p1b: Milotic|move: Protect\n|\n|upkeep\n|turn|14\n|\n|t:|1699733301\n|move|p1b: Milotic|Protect|p1b: Milotic\n|-singleturn|p1b: Milotic|Protect\n|move|p2a: Ninetales|Moonblast|p1b: Milotic\n|-activate|p1b: Milotic|move: Protect\n|\n|-end|p1b: Milotic|Encore\n|upkeep\n|turn|15\n|\n|t:|1699733312\n|move|p2a: Ninetales|Encore|p1b: Milotic\n|-start|p1b: Milotic|Encore\n|move|p1b: Milotic|Protect||[still]\n|-fail|p1b: Milotic\n|\n|upkeep\n|turn|16\n|\n|t:|1699733323\n|move|p1b: Milotic|Protect|p1b: Milotic\n|-singleturn|p1b: Milotic|Protect\n|move|p2a: Ninetales|Moonblast|p1b: Milotic\n|-activate|p1b: Milotic|move: Protect\n|\n|upkeep\n|turn|17\n|\n|t:|1699733341\n|move|p1b: Milotic|Protect||[still]\n|-fail|p1b: Milotic\n|move|p2a: Ninetales|Moonblast|p1b: Milotic\n|-damage|p1b: Milotic|50\/100\n|\n|-end|p1b: Milotic|Encore\n|upkeep\n|turn|18\n|\n|t:|1699733352\n|move|p2a: Ninetales|Encore|p1b: Milotic\n|-start|p1b: Milotic|Encore\n|move|p1b: Milotic|Protect||[still]\n|-fail|p1b: Milotic\n|\n|upkeep\n|turn|19\n|\n|t:|1699733375\n|move|p1b: Milotic|Protect|p1b: Milotic\n|-singleturn|p1b: Milotic|Protect\n|move|p2a: Ninetales|Aurora Veil||[still]\n|-fail|p2a: Ninetales\n|\n|upkeep\n|turn|20\n|\n|t:|1699733390\n|move|p1b: Milotic|Protect||[still]\n|-fail|p1b: Milotic\n|move|p2a: Ninetales|Moonblast|p1b: Milotic\n|-damage|p1b: Milotic|29\/100\n|\n|-end|p1b: Milotic|Encore\n|upkeep\n|turn|21\n|\n|t:|1699733403\n|move|p1b: Milotic|Protect|p1b: Milotic\n|-singleturn|p1b: Milotic|Protect\n|move|p2a: Ninetales|Encore|p1b: Milotic\n|-activate|p1b: Milotic|move: Protect\n|\n|upkeep\n|turn|22\n|\n|t:|1699733413\n|move|p2a: Ninetales|Encore|p1b: Milotic\n|-start|p1b: Milotic|Encore\n|move|p1b: Milotic|Protect||[still]\n|-fail|p1b: Milotic\n|\n|upkeep\n|turn|23\n|\n|t:|1699733426\n|move|p1b: Milotic|Protect|p1b: Milotic\n|-singleturn|p1b: Milotic|Protect\n|move|p2a: Ninetales|Moonblast|p1b: Milotic\n|-activate|p1b: Milotic|move: Protect\n|\n|-end|p1b: Milotic|Encore\n|upkeep\n|turn|24\n|\n|t:|1699733443\n|move|p2a: Ninetales|Moonblast|p1b: Milotic\n|-damage|p1b: Milotic|9\/100\n|move|p1b: Milotic|Recover|p1b: Milotic\n|-heal|p1b: Milotic|60\/100\n|\n|upkeep\n|turn|25\n|\n|t:|1699733453\n|move|p2a: Ninetales|Moonblast|p1b: Milotic\n|-damage|p1b: Milotic|38\/100\n|move|p1b: Milotic|Recover|p1b: Milotic\n|-heal|p1b: Milotic|88\/100\n|\n|upkeep\n|turn|26\n|\n|t:|1699733463\n|move|p2a: Ninetales|Moonblast|p1b: Milotic\n|-damage|p1b: Milotic|67\/100\n|move|p1b: Milotic|Hydro Pump|p2a: Ninetales\n|-crit|p2a: Ninetales\n|-damage|p2a: Ninetales|0 fnt\n|faint|p2a: Ninetales\n|\n|win|joshferd\n|raw|joshferd's rating: 1114 &rarr; <strong>1143<\/strong><br \/>(+29 for winning)\n|raw|Shakeyshocks's rating: 1168 &rarr; <strong>1139<\/strong><br \/>(-29 for losing)\n|c|\u2606joshferd|damn thas crazy\n|c| CONSTANT SUFFERING|LMAO\n|c| CONSTANT SUFFERING|i enjoyed that\n|c| CONSTANT SUFFERING|HE's so mad\n|c| CONSTANT SUFFERING|gg\n|c|\u2606joshferd|ggs gang\n|l| CONSTANT SUFFERING\n|j| CONSTANT SUFFERING\n|l| CONSTANT SUFFERING\n|j| CONSTANT SUFFERING\n|l| CONSTANT SUFFERING\n","uploadtime":1699733544,"views":34,"p1id":"joshferd","p2id":"shakeyshocks","formatid":"gen9vgc2023regulatione","rating":1139,"private":0,"password":""}