{"id":"gen9vgc2023regulatione-1990203384","p1":"heavenz11","p2":"BigMode_JimBob","format":"[Gen 9] VGC 2023 Regulation E","log":"|j|\u2606heavenz11\n|j|\u2606BigMode_JimBob\n|t:|1699936849\n|gametype|doubles\n|player|p1|heavenz11|volkner|1117\n|player|p2|BigMode_JimBob|101|1089\n|teamsize|p1|6\n|teamsize|p2|6\n|gen|9\n|tier|[Gen 9] VGC 2023 Regulation E\n|rated|\n|rule|Species Clause: Limit one of each Pok\u00e9mon\n|rule|Item Clause: Limit one of each item\n|clearpoke\n|poke|p1|Tornadus, L50, M|\n|poke|p1|Urshifu-*, L50, F|\n|poke|p1|Farigiraf, L50, M|\n|poke|p1|Rillaboom, L50, M|\n|poke|p1|Heatran, L50, F|\n|poke|p1|Flutter Mane, L50|\n|poke|p2|Landorus-Therian, L50, M|\n|poke|p2|Gholdengo, L50|\n|poke|p2|Regidrago, L50|\n|poke|p2|Scyther, L50, M|\n|poke|p2|Milotic, L50, F|\n|poke|p2|Chandelure, L50, M|\n|teampreview|4\n|\n|t:|1699936889\n|start\n|switch|p1a: Farigiraf|Farigiraf, L50, M|100\/100\n|switch|p1b: Flutter Mane|Flutter Mane, L50|100\/100\n|switch|p2a: Regidrago|Regidrago, L50|100\/100\n|switch|p2b: Scyther|Scyther, L50, M|100\/100\n|turn|1\n|inactive|Battle timer is ON: inactive players will automatically lose when time's up. (requested by BigMode_JimBob)\n|\n|t:|1699936928\n|-terastallize|p2a: Regidrago|Steel\n|move|p2a: Regidrago|Tera Blast|p1b: Flutter Mane|[anim] Tera Blast Steel\n|-supereffective|p1b: Flutter Mane\n|-damage|p1b: Flutter Mane|25\/100\n|move|p1b: Flutter Mane|Thunderbolt|p2b: Scyther\n|-supereffective|p2b: Scyther\n|-damage|p2b: Scyther|28\/100\n|move|p2b: Scyther|Aerial Ace|p1b: Flutter Mane\n|-damage|p1b: Flutter Mane|0 fnt\n|faint|p1b: Flutter Mane\n|-end|p1b: Flutter Mane|Protosynthesis|[silent]\n|move|p1a: Farigiraf|Dazzling Gleam|p2b: Scyther|[spread] p2a,p2b\n|-resisted|p2a: Regidrago\n|-damage|p2a: Regidrago|90\/100\n|-damage|p2b: Scyther|13\/100\n|\n|upkeep\n|\n|t:|1699936943\n|switch|p1b: Heatran|Heatran, L50, F|100\/100\n|turn|2\n|\n|t:|1699936949\n|switch|p2a: Milotic|Milotic, L50, F|100\/100\n|move|p1a: Farigiraf|Helping Hand|p1b: Heatran\n|-singleturn|p1b: Heatran|Helping Hand|[of] p1a: Farigiraf\n|move|p2b: Scyther|Tailwind|p2b: Scyther\n|-sidestart|p2: BigMode_JimBob|move: Tailwind\n|move|p1b: Heatran|Heat Wave|p2b: Scyther|[spread] \n|-miss|p1b: Heatran|p2a: Milotic\n|-miss|p1b: Heatran|p2b: Scyther\n|\n|upkeep\n|turn|3\n|\n|t:|1699936973\n|-terastallize|p1b: Heatran|Fairy\n|move|p2b: Scyther|Swords Dance|p2b: Scyther\n|-boost|p2b: Scyther|atk|2\n|move|p2a: Milotic|Scald|p1b: Heatran\n|-damage|p1b: Heatran|76\/100\n|-status|p1b: Heatran|brn\n|move|p1b: Heatran|Heat Wave|p2b: Scyther|[spread] p2a,p2b\n|-resisted|p2a: Milotic\n|-supereffective|p2b: Scyther\n|-damage|p2a: Milotic|87\/100\n|-damage|p2b: Scyther|0 fnt\n|faint|p2b: Scyther\n|move|p1a: Farigiraf|Dazzling Gleam|p2a: Milotic\n|-damage|p2a: Milotic|69\/100\n|\n|-heal|p1b: Heatran|82\/100 brn|[from] item: Leftovers\n|-damage|p1b: Heatran|76\/100 brn|[from] brn\n|upkeep\n|\n|t:|1699936992\n|switch|p2b: Gholdengo|Gholdengo, L50|100\/100\n|turn|4\n|\n|t:|1699937001\n|move|p1a: Farigiraf|Helping Hand|p1b: Heatran\n|-singleturn|p1b: Heatran|Helping Hand|[of] p1a: Farigiraf\n|move|p2b: Gholdengo|Endure|p2b: Gholdengo\n|-singleturn|p2b: Gholdengo|move: Endure\n|move|p2a: Milotic|Scald|p1a: Farigiraf\n|-damage|p1a: Farigiraf|74\/100\n|move|p1b: Heatran|Heat Wave|p2a: Milotic|[spread] \n|-miss|p1b: Heatran|p2a: Milotic\n|-miss|p1b: Heatran|p2b: Gholdengo\n|\n|-heal|p1b: Heatran|82\/100 brn|[from] item: Leftovers\n|-damage|p1b: Heatran|76\/100 brn|[from] brn\n|upkeep\n|turn|5\n|\n|t:|1699937022\n|move|p1a: Farigiraf|Helping Hand|p1b: Heatran\n|-singleturn|p1b: Heatran|Helping Hand|[of] p1a: Farigiraf\n|move|p2b: Gholdengo|Make It Rain|p1a: Farigiraf|[spread] p1a,p1b\n|-supereffective|p1b: Heatran\n|-damage|p1a: Farigiraf|25\/100\n|-damage|p1b: Heatran|0 fnt\n|-unboost|p2b: Gholdengo|spa|1\n|-enditem|p1a: Farigiraf|Sitrus Berry|[eat]\n|-heal|p1a: Farigiraf|49\/100|[from] item: Sitrus Berry\n|faint|p1b: Heatran\n|move|p2a: Milotic|Scald|p1a: Farigiraf\n|-damage|p1a: Farigiraf|20\/100\n|\n|-sideend|p2: BigMode_JimBob|move: Tailwind\n|upkeep\n|\n|t:|1699937035\n|switch|p1b: Rillaboom|Rillaboom, L50, M|100\/100\n|-fieldstart|move: Grassy Terrain|[from] ability: Grassy Surge|[of] p1b: Rillaboom\n|turn|6\n|\n|t:|1699937056\n|switch|p2b: Regidrago|Regidrago, L50, tera:Steel|90\/100\n|move|p2a: Milotic|Protect|p2a: Milotic\n|-singleturn|p2a: Milotic|Protect\n|move|p1b: Rillaboom|Wood Hammer|p2b: Regidrago\n|-resisted|p2b: Regidrago\n|-damage|p2b: Regidrago|46\/100\n|-damage|p1b: Rillaboom|81\/100|[from] Recoil\n|move|p1a: Farigiraf|Psyshock|p2b: Regidrago\n|-resisted|p2b: Regidrago\n|-damage|p2b: Regidrago|22\/100\n|\n|-heal|p2b: Regidrago|28\/100|[from] Grassy Terrain\n|-heal|p1b: Rillaboom|87\/100|[from] Grassy Terrain\n|-heal|p2a: Milotic|75\/100|[from] Grassy Terrain\n|-heal|p1a: Farigiraf|26\/100|[from] Grassy Terrain\n|upkeep\n|turn|7\n|inactive|BigMode_JimBob has 30 seconds left.\n|inactive|BigMode_JimBob has 20 seconds left.\n|inactive|BigMode_JimBob has 15 seconds left.\n|\n|t:|1699937098\n|move|p1b: Rillaboom|Grassy Glide|p2b: Regidrago\n|-resisted|p2b: Regidrago\n|-damage|p2b: Regidrago|4\/100\n|move|p2b: Regidrago|Dragon Pulse|p1b: Rillaboom\n|-damage|p1b: Rillaboom|43\/100\n|move|p2a: Milotic|Recover|p2a: Milotic\n|-heal|p2a: Milotic|100\/100\n|move|p1a: Farigiraf|Psyshock|p2b: Regidrago\n|-resisted|p2b: Regidrago\n|-damage|p2b: Regidrago|0 fnt\n|faint|p2b: Regidrago\n|\n|-heal|p1b: Rillaboom|49\/100|[from] Grassy Terrain\n|-heal|p1a: Farigiraf|33\/100|[from] Grassy Terrain\n|upkeep\n|\n|t:|1699937115\n|switch|p2b: Gholdengo|Gholdengo, L50|100\/100\n|turn|8\n|\n|t:|1699937136\n|move|p1a: Farigiraf|Helping Hand|p1b: Rillaboom\n|-singleturn|p1b: Rillaboom|Helping Hand|[of] p1a: Farigiraf\n|move|p2b: Gholdengo|Focus Blast|p1a: Farigiraf\n|-damage|p1a: Farigiraf|0 fnt\n|faint|p1a: Farigiraf\n|move|p1b: Rillaboom|Wood Hammer|p2a: Milotic\n|-supereffective|p2a: Milotic\n|-enditem|p2a: Milotic|Focus Sash\n|-damage|p2a: Milotic|1\/100\n|-damage|p1b: Rillaboom|17\/100|[from] Recoil\n|move|p2a: Milotic|Scald|p1b: Rillaboom\n|-resisted|p1b: Rillaboom\n|-damage|p1b: Rillaboom|6\/100\n|\n|-heal|p1b: Rillaboom|12\/100|[from] Grassy Terrain\n|-heal|p2a: Milotic|7\/100|[from] Grassy Terrain\n|upkeep\n|turn|9\n|\n|t:|1699937160\n|move|p2b: Gholdengo|Make It Rain|p1b: Rillaboom\n|-damage|p1b: Rillaboom|0 fnt\n|-unboost|p2b: Gholdengo|spa|1\n|faint|p1b: Rillaboom\n|\n|win|BigMode_JimBob\n|raw|heavenz11's rating: 1117 &rarr; <strong>1090<\/strong><br \/>(-27 for losing)\n|raw|BigMode_JimBob's rating: 1089 &rarr; <strong>1118<\/strong><br \/>(+29 for winning)\n","uploadtime":1699937168,"views":8,"p1id":"heavenz11","p2id":"bigmodejimbob","formatid":"gen9vgc2023regulatione","rating":1090,"private":0,"password":""}