{"id":"gen9vgc2023regulatione-1991207056","p1":"matthewssandslash","p2":"Twodie","format":"[Gen 9] VGC 2023 Regulation E","log":"|j|\u2606matthewssandslash\n|j|\u2606Twodie\n|n|\u2606matthewssandslash|matthewssandslash\n|n|\u2606Twodie|twodie\n|html|View the match progress at <a href=\"\/game-bestof3-gen9vgc2023regulatione-1991207055\">game-bestof3-gen9vgc2023regulatione-1991207055<\/a>\n|t:|1700057152\n|gametype|doubles\n|player|p1|matthewssandslash|1|\n|player|p2|Twodie|170|\n|teamsize|p1|6\n|teamsize|p2|6\n|gen|9\n|tier|[Gen 9] VGC 2023 Regulation E\n|rule|Species Clause: Limit one of each Pok\u00e9mon\n|rule|Item Clause: Limit one of each item\n|clearpoke\n|poke|p1|Piloswine, L50, F|\n|poke|p1|Toxicroak, L50, F|\n|poke|p1|Mabosstiff, L50, M|\n|poke|p1|Oricorio, L50, F|\n|poke|p1|Dudunsparce-*, L50, M|\n|poke|p1|Ribombee, L50, F|\n|poke|p2|Avalugg, L50, M|\n|poke|p2|Slowking-Galar, L50, F|\n|poke|p2|Vikavolt, L50, M|\n|poke|p2|Houndstone, L50, F|\n|poke|p2|Magnezone, L50|\n|poke|p2|Toxapex, L50, M|\n|teampreview|4\n|c|\u2606matthewssandslash|glhf!!\n|c|\u2606matthewssandslash|I'm so excited, this is the best way to start a morning lmao\n|c|\u2606Twodie|same ! Gl\n|\n|t:|1700057284\n|start\n|switch|p1a: Invisible Couple|Toxicroak, L50, F|100\/100\n|switch|p1b: Sneaky Double|Ribombee, L50, F|100\/100\n|switch|p2a: Slowking|Slowking-Galar, L50, F|100\/100\n|switch|p2b: Magnezone|Magnezone, L50, shiny|100\/100\n|turn|1\n|\n|t:|1700057359\n|-terastallize|p1b: Sneaky Double|Ground\n|-terastallize|p2a: Slowking|Fairy\n|move|p1a: Invisible Couple|Fake Out|p2a: Slowking\n|-damage|p2a: Slowking|86\/100\n|move|p1b: Sneaky Double|Tera Blast|p2b: Magnezone|[anim] Tera Blast Ground\n|-supereffective|p2b: Magnezone\n|-damage|p2b: Magnezone|0 fnt\n|faint|p2b: Magnezone\n|move|p2a: Slowking|Trick Room|p2a: Slowking\n|-fieldstart|move: Trick Room|[of] p2a: Slowking\n|\n|upkeep\n|c|\u2606matthewssandslash|wow\n|\n|t:|1700057382\n|switch|p2b: Avalugg|Avalugg, L50, M, shiny|100\/100\n|turn|2\n|c|\u2606matthewssandslash|lotta information shared both ways lmao\n|\n|t:|1700057426\n|switch|p1b: Hidden Pair|Piloswine, L50, F|100\/100\n|move|p2a: Slowking|Psychic|p1a: Invisible Couple\n|-supereffective|p1a: Invisible Couple\n|-damage|p1a: Invisible Couple|0 fnt\n|faint|p1a: Invisible Couple\n|move|p2b: Avalugg|Body Press|p1b: Hidden Pair\n|-supereffective|p1b: Hidden Pair\n|-damage|p1b: Hidden Pair|43\/100\n|\n|upkeep\n|\n|t:|1700057438\n|switch|p1a: Unseen Combo|Oricorio, L50, F|100\/100\n|turn|3\n|\n|t:|1700057460\n|move|p1b: Hidden Pair|Protect|p1b: Hidden Pair\n|-singleturn|p1b: Hidden Pair|Protect\n|move|p2a: Slowking|Psychic|p1b: Hidden Pair\n|-activate|p1b: Hidden Pair|move: Protect\n|move|p2b: Avalugg|Rock Slide|p1a: Unseen Combo|[spread] p1a\n|-activate|p1b: Hidden Pair|move: Protect\n|-supereffective|p1a: Unseen Combo\n|-damage|p1a: Unseen Combo|2\/100\n|move|p1a: Unseen Combo|Revelation Dance|p2b: Avalugg\n|-supereffective|p2b: Avalugg\n|-crit|p2b: Avalugg\n|-ability|p2b: Avalugg|Sturdy\n|-damage|p2b: Avalugg|1\/100\n|-damage|p1a: Unseen Combo|0 fnt|[from] item: Life Orb\n|faint|p1a: Unseen Combo\n|\n|-heal|p2b: Avalugg|7\/100|[from] item: Leftovers\n|upkeep\n|c|\u2606matthewssandslash|I definitely calc'd that\n|\n|t:|1700057483\n|switch|p1a: Sneaky Double|Ribombee, L50, F, tera:Ground|100\/100\n|turn|4\n|c|\u2606Twodie|LOL i was like WTF  2 % ??!?!\n|c|\u2606matthewssandslash|sorry, that was a joke\n|c|\u2606matthewssandslash|I did not calc that\n|c|\u2606Twodie|ik ik\n|c|\u2606matthewssandslash|but it's very nice to see lol\n|\n|t:|1700057551\n|move|p1b: Hidden Pair|Protect||[still]\n|-fail|p1b: Hidden Pair\n|move|p2a: Slowking|Psychic|p1b: Hidden Pair\n|-damage|p1b: Hidden Pair|6\/100\n|move|p2b: Avalugg|Body Press|p1a: Sneaky Double\n|-damage|p1a: Sneaky Double|21\/100\n|move|p1a: Sneaky Double|Energy Ball|p2b: Avalugg\n|-damage|p2b: Avalugg|0 fnt\n|faint|p2b: Avalugg\n|\n|upkeep\n|\n|t:|1700057561\n|switch|p2b: Toxapex|Toxapex, L50, M|100\/100\n|turn|5\n|\n|t:|1700057572\n|move|p2a: Slowking|Flamethrower|p1a: Sneaky Double\n|-damage|p1a: Sneaky Double|0 fnt\n|faint|p1a: Sneaky Double\n|move|p2b: Toxapex|Sludge Bomb|p1b: Hidden Pair\n|-resisted|p1b: Hidden Pair\n|-damage|p1b: Hidden Pair|0 fnt\n|faint|p1b: Hidden Pair\n|\n|win|Twodie\n|c|\u2606matthewssandslash|gg!\n|c|&|\/uhtml prompt-matthewssandslash,matthewssandslash is ready for game 2!\n|c|\u2606Twodie|gg\n|inactive|Twodie has 50 seconds to confirm battle start!\n|c|&|\/uhtml prompt-matthewssandslash,matthewssandslash is ready for game 2!\n|c|&|\/uhtml prompt-twodie,Twodie is ready for game 2!\nBoth players are ready! Starting next match!\n|j| GlennIsAFrog\n|l| GlennIsAFrog\n","uploadtime":1700057583,"views":29,"p1id":"matthewssandslash","p2id":"twodie","formatid":"gen9vgc2023regulatione","rating":0,"private":0,"password":""}