{"id":"gen9vgc2023regulatione-2000498860","p1":"TheAtlasDomain","p2":"taco_bowl_mx","format":"[Gen 9] VGC 2023 Regulation E","log":"|j|\u2606TheAtlasDomain\n|j|\u2606taco_bowl_mx\n|t:|1701199904\n|gametype|doubles\n|player|p1|TheAtlasDomain|zinzolin|1284\n|player|p2|taco_bowl_mx|dawn-gen4pt|1422\n|teamsize|p1|6\n|teamsize|p2|6\n|gen|9\n|tier|[Gen 9] VGC 2023 Regulation E\n|rated|\n|rule|Species Clause: Limit one of each Pok\u00e9mon\n|rule|Item Clause: Limit one of each item\n|clearpoke\n|poke|p1|Hatterene, L50, F|\n|poke|p1|Indeedee-F, L50, F|\n|poke|p1|Armarouge, L50, F|\n|poke|p1|Ursaluna, L50, F|\n|poke|p1|Torkoal, L50, F|\n|poke|p1|Urshifu-*, L50, F|\n|poke|p2|Flutter Mane, L50|\n|poke|p2|Chien-Pao, L50|\n|poke|p2|Iron Hands, L50|\n|poke|p2|Heatran, L50, M|\n|poke|p2|Ogerpon-Wellspring, L50, F|\n|poke|p2|Landorus-Therian, L50, M|\n|teampreview|4\n|inactive|Battle timer is ON: inactive players will automatically lose when time's up. (requested by TheAtlasDomain)\ntaco_bowl_mx has agreed to open team sheets.\n|inactive|TheAtlasDomain has 60 seconds left.\n|inactive|taco_bowl_mx has 60 seconds left.\n|\n|t:|1701199952\n|start\n|switch|p1a: Hatterene|Hatterene, L50, F|100\/100\n|switch|p1b: Ursaluna|Ursaluna, L50, F|100\/100\n|switch|p2a: Iron Hands|Iron Hands, L50, shiny|100\/100\n|switch|p2b: Chien-Pao|Chien-Pao, L50|100\/100\n|-ability|p2b: Chien-Pao|Sword of Ruin\n|turn|1\n|inactive|TheAtlasDomain has 30 seconds left.\n|inactive|TheAtlasDomain has 20 seconds left.\n|\n|t:|1701199988\n|-terastallize|p1a: Hatterene|Flying\n|move|p2b: Chien-Pao|Ice Spinner|p1a: Hatterene\n|-supereffective|p1a: Hatterene\n|-damage|p1a: Hatterene|0 fnt\n|faint|p1a: Hatterene\n|move|p2a: Iron Hands|Heavy Slam|p1b: Ursaluna\n|-damage|p1b: Ursaluna|85\/100\n|move|p1b: Ursaluna|Earthquake|p2a: Iron Hands|[spread] p2a,p2b\n|-supereffective|p2a: Iron Hands\n|-damage|p2a: Iron Hands|14\/100\n|-damage|p2b: Chien-Pao|37\/100\n|\n|-status|p1b: Ursaluna|brn|[from] item: Flame Orb\n|upkeep\n|\n|t:|1701199995\n|switch|p1a: Indeedee|Indeedee-F, L50, F|100\/100\n|-fieldstart|move: Psychic Terrain|[from] ability: Psychic Surge|[of] p1a: Indeedee\n|-enditem|p1a: Indeedee|Psychic Seed\n|-boost|p1a: Indeedee|spd|1|[from] item: Psychic Seed\n|turn|2\n|inactive|TheAtlasDomain has 30 seconds left.\n|inactive|taco_bowl_mx has 30 seconds left.\n|inactive|taco_bowl_mx has 20 seconds left.\n|\n|t:|1701200032\n|move|p2b: Chien-Pao|Ice Spinner|p1b: Ursaluna\n|-supereffective|p1b: Ursaluna\n|-damage|p1b: Ursaluna|4\/100 brn\n|-fieldend|move: Psychic Terrain\n|move|p1a: Indeedee|Dazzling Gleam|p2a: Iron Hands|[spread] p2a,p2b\n|-supereffective|p2a: Iron Hands\n|-supereffective|p2b: Chien-Pao\n|-damage|p2a: Iron Hands|0 fnt\n|-damage|p2b: Chien-Pao|0 fnt\n|faint|p2a: Iron Hands\n|-end|p2a: Iron Hands|Quark Drive|[silent]\n|faint|p2b: Chien-Pao\n|move|p1b: Ursaluna|Facade|p2: Iron Hands|[notarget]\n|-fail|p1b: Ursaluna\n|\n|-damage|p1b: Ursaluna|0 fnt|[from] brn\n|faint|p1b: Ursaluna\n|upkeep\n|\n|t:|1701200044\n|switch|p2b: Heatran|Heatran, L50, M|100\/100\n|switch|p2a: Flutter Mane|Flutter Mane, L50|100\/100\n|switch|p1b: Armarouge|Armarouge, L50, F|100\/100\n|turn|3\n|inactive|TheAtlasDomain has 30 seconds left.\n|inactive|taco_bowl_mx has 30 seconds left.\n|inactive|taco_bowl_mx has 20 seconds left.\n|\n|t:|1701200080\n|-terastallize|p2a: Flutter Mane|Fire\n|move|p1a: Indeedee|Follow Me|p1a: Indeedee\n|-singleturn|p1a: Indeedee|move: Follow Me\n|move|p2a: Flutter Mane|Moonblast|p1a: Indeedee\n|-damage|p1a: Indeedee|56\/100\n|move|p2b: Heatran|Earth Power|p1a: Indeedee\n|-damage|p1a: Indeedee|35\/100\n|move|p1b: Armarouge|Trick Room|p1b: Armarouge\n|-fieldstart|move: Trick Room|[of] p1b: Armarouge\n|\n|upkeep\n|turn|4\n|\n|t:|1701200101\n|move|p1a: Indeedee|Helping Hand|p1b: Armarouge\n|-singleturn|p1b: Armarouge|Helping Hand|[of] p1a: Indeedee\n|move|p1b: Armarouge|Expanding Force|p2a: Flutter Mane\n|-damage|p2a: Flutter Mane|29\/100\n|move|p2b: Heatran|Earth Power|p1a: Indeedee\n|-crit|p1a: Indeedee\n|-damage|p1a: Indeedee|0 fnt\n|faint|p1a: Indeedee\n|move|p2a: Flutter Mane|Moonblast|p1b: Armarouge\n|-resisted|p1b: Armarouge\n|-damage|p1b: Armarouge|61\/100\n|\n|upkeep\n|turn|5\n|\n|t:|1701200119\n|move|p1b: Armarouge|Expanding Force|p2b: Heatran\n|-resisted|p2b: Heatran\n|-damage|p2b: Heatran|77\/100\n|move|p2b: Heatran|Earth Power|p1b: Armarouge\n|-supereffective|p1b: Armarouge\n|-damage|p1b: Armarouge|0 fnt\n|faint|p1b: Armarouge\n|\n|win|taco_bowl_mx\n|raw|TheAtlasDomain's rating: 1284 &rarr; <strong>1268<\/strong><br \/>(-16 for losing)\n|raw|taco_bowl_mx's rating: 1422 &rarr; <strong>1434<\/strong><br \/>(+12 for winning)\n|l|\u2606TheAtlasDomain\n","uploadtime":1701200128,"views":5,"p1id":"theatlasdomain","p2id":"tacobowlmx","formatid":"gen9vgc2023regulatione","rating":1268,"private":0,"password":""}