{"id":"gen9vgc2023regulatione-1989923753","p1":"Kurvy\u2665","p2":"MasterofMetapods5","format":"[Gen 9] VGC 2023 Regulation E","log":"|j|\u2606Kurvy\u2665\n|j|\u2606MasterofMetapods5\n|t:|1699907119\n|gametype|doubles\n|player|p1|Kurvy\u2665|harlequin|\n|player|p2|MasterofMetapods5|lance|\n|teamsize|p1|6\n|teamsize|p2|6\n|gen|9\n|tier|[Gen 9] VGC 2023 Regulation E\n|rated|Tournament battle\n|rule|Species Clause: Limit one of each Pok\u00e9mon\n|rule|Item Clause: Limit one of each item\n|clearpoke\n|poke|p1|Baxcalibur, L50, M|\n|poke|p1|Ninetales-Alola, L50, F|\n|poke|p1|Sinistcha-Masterpiece, L50|\n|poke|p1|Roaring Moon, L50|\n|poke|p1|Dondozo, L50, M|\n|poke|p1|Heatran, L50, F|\n|poke|p2|Flutter Mane, L50|\n|poke|p2|Tyranitar, L50, M|\n|poke|p2|Landorus-Therian, L50, M|\n|poke|p2|Baxcalibur, L50, F|\n|poke|p2|Urshifu-*, L50, F|\n|poke|p2|Heatran, L50, F|\n|teampreview|4\n|showteam|p1|Baxcalibur||AssaultVest|ThermalExchange|GlaiveRush,IcicleCrash,IceShard,HighHorsepower|||M|||50|,,,,,Fire]Ninetales-Alola||LightClay|SnowWarning|AuroraVeil,IcyWind,Encore,Protect|||F|||50|,,,,,Fire]Sinistcha-Masterpiece||RockyHelmet|Hospitality|MatchaGotcha,CalmMind,Protect,StrengthSap||||||50|,,,,,Water]Roaring Moon||BoosterEnergy|Protosynthesis|KnockOff,BreakingSwipe,Acrobatics,Protect||||||50|,,,,,Flying]Dondozo||SitrusBerry|Oblivious|WaveCrash,HeavySlam,Yawn,Protect|||M|||50|,,,,,Fire]Heatran||Leftovers|FlashFire|FlashCannon,HeatWave,EarthPower,Protect|||F|||50|,,,,,Grass\n|showteam|p2|Flutter Mane||BoosterEnergy|Protosynthesis|Protect,Moonblast,ShadowBall,IcyWind||||||50|,,,,,Fairy]Tyranitar||WeaknessPolicy|SandStream|RockSlide,Taunt,Protect,KnockOff|||M|||50|,,,,,Rock]Landorus-Therian||AssaultVest|Intimidate|SandsearStorm,TeraBlast,Uturn,RockSlide|||M|||50|,,,,,Flying]Baxcalibur||LoadedDice|ThermalExchange|ScaleShot,IcicleSpear,SwordsDance,Protect|||F|||50|,,,,,Fairy]Urshifu-Rapid-Strike||SafetyGoggles|UnseenFist|SurgingStrikes,CloseCombat,AquaJet,Detect|||F|||50|,,,,,Water]Heatran||Leftovers|FlashFire|HeatWave,EarthPower,Protect,TeraBlast|||F|||50|,,,,,Grass\n|c|\u2606MasterofMetapods5|glhf\n|j| Aeiou123456\n|j| RSPA2001\n|c|\u2606Kurvy\u2665|u2\n|j| oppuntia\n|j| FunneeMonkee\n|j|#DaWoblefet\n|\n|t:|1699907156\n|start\n|switch|p1a: Dondozo|Dondozo, L50, M|100\/100\n|switch|p1b: Ninetales|Ninetales-Alola, L50, F, shiny|100\/100\n|switch|p2a: Heatran|Heatran, L50, F|100\/100\n|switch|p2b: Landorus|Landorus-Therian, L50, M|100\/100\n|-weather|Snow|[from] ability: Snow Warning|[of] p1b: Ninetales\n|-ability|p2b: Landorus|Intimidate|boost\n|-fail|p1a: Dondozo|unboost|Attack|[from] ability: Oblivious|[of] p1a: Dondozo\n|-unboost|p1b: Ninetales|atk|1\n|turn|1\n|\n|t:|1699907174\n|move|p1b: Ninetales|Aurora Veil|p1b: Ninetales\n|-sidestart|p1: Kurvy\u2665|move: Aurora Veil\n|move|p2b: Landorus|Sandsear Storm|p1b: Ninetales|[spread] p1a,p1b\n|-damage|p1a: Dondozo|79\/100\n|-damage|p1b: Ninetales|78\/100\n|-status|p1a: Dondozo|brn\n|move|p2a: Heatran|Heat Wave|p1a: Dondozo|[spread] p1a,p1b\n|-resisted|p1a: Dondozo\n|-supereffective|p1b: Ninetales\n|-damage|p1a: Dondozo|67\/100 brn\n|-damage|p1b: Ninetales|28\/100\n|move|p1a: Dondozo|Wave Crash|p2b: Landorus\n|-supereffective|p2b: Landorus\n|-damage|p2b: Landorus|54\/100\n|-damage|p1a: Dondozo|56\/100 brn|[from] Recoil\n|\n|-weather|Snow|[upkeep]\n|-damage|p1a: Dondozo|50\/100 brn|[from] brn\n|upkeep\n|-enditem|p1a: Dondozo|Sitrus Berry|[eat]\n|-heal|p1a: Dondozo|74\/100 brn|[from] item: Sitrus Berry\n|turn|2\n|\n|t:|1699907186\n|switch|p2b: Tyranitar|Tyranitar, L50, M|100\/100\n|-weather|Sandstorm|[from] ability: Sand Stream|[of] p2b: Tyranitar\n|move|p1b: Ninetales|Icy Wind|p2a: Heatran|[spread] p2a,p2b\n|-resisted|p2a: Heatran\n|-damage|p2a: Heatran|97\/100\n|-damage|p2b: Tyranitar|94\/100\n|-unboost|p2a: Heatran|spe|1\n|-unboost|p2b: Tyranitar|spe|1\n|move|p2a: Heatran|Heat Wave|p1a: Dondozo|[spread] p1b\n|-miss|p2a: Heatran|p1a: Dondozo\n|-supereffective|p1b: Ninetales\n|-damage|p1b: Ninetales|0 fnt\n|faint|p1b: Ninetales\n|move|p1a: Dondozo|Yawn|p2a: Heatran\n|-start|p2a: Heatran|move: Yawn|[of] p1a: Dondozo\n|\n|-weather|Sandstorm|[upkeep]\n|-damage|p1a: Dondozo|68\/100 brn|[from] Sandstorm\n|-heal|p2a: Heatran|100\/100|[from] item: Leftovers\n|-damage|p1a: Dondozo|62\/100 brn|[from] brn\n|upkeep\n|j| Monkeedoo\n|l| Monkeedoo\n|\n|t:|1699907204\n|switch|p1b: Sinistcha|Sinistcha-Masterpiece, L50, shiny|100\/100\n|-heal|p1a: Dondozo|87\/100 brn|[from] ability: Hospitality|[of] p1b: Sinistcha\n|turn|3\n|\n|t:|1699907222\n|switch|p2a: Landorus|Landorus-Therian, L50, M|54\/100\n|-ability|p2a: Landorus|Intimidate|boost\n|-fail|p1a: Dondozo|unboost|Attack|[from] ability: Oblivious|[of] p1a: Dondozo\n|-unboost|p1b: Sinistcha|atk|1\n|-terastallize|p1b: Sinistcha|Water\n|move|p1b: Sinistcha|Calm Mind|p1b: Sinistcha\n|-boost|p1b: Sinistcha|spa|1\n|-boost|p1b: Sinistcha|spd|1\n|move|p2b: Tyranitar|Knock Off|p1b: Sinistcha\n|-damage|p1b: Sinistcha|76\/100\n|-damage|p2b: Tyranitar|78\/100|[from] item: Rocky Helmet|[of] p1b: Sinistcha\n|-enditem|p1b: Sinistcha|Rocky Helmet|[from] move: Knock Off|[of] p2b: Tyranitar\n|move|p1a: Dondozo|Wave Crash|p2a: Landorus\n|-supereffective|p2a: Landorus\n|-damage|p2a: Landorus|13\/100\n|-damage|p1a: Dondozo|77\/100 brn|[from] Recoil\n|\n|-weather|Sandstorm|[upkeep]\n|-damage|p1b: Sinistcha|70\/100|[from] Sandstorm\n|-damage|p1a: Dondozo|71\/100 brn|[from] Sandstorm\n|-damage|p1a: Dondozo|65\/100 brn|[from] brn\n|upkeep\n|turn|4\n|\n|t:|1699907232\n|switch|p2b: Heatran|Heatran, L50, F|100\/100\n|move|p2a: Landorus|Sandsear Storm|p1a: Dondozo|[spread] p1a,p1b\n|-damage|p1a: Dondozo|43\/100 brn\n|-damage|p1b: Sinistcha|52\/100\n|-status|p1b: Sinistcha|brn\n|move|p1b: Sinistcha|Matcha Gotcha|p2a: Landorus|[spread] \n|-miss|p1b: Sinistcha|p2a: Landorus\n|-miss|p1b: Sinistcha|p2b: Heatran\n|move|p1a: Dondozo|Wave Crash|p2b: Heatran\n|-supereffective|p2b: Heatran\n|-damage|p2b: Heatran|65\/100\n|-damage|p1a: Dondozo|34\/100 brn|[from] Recoil\n|\n|-weather|Sandstorm|[upkeep]\n|-damage|p1b: Sinistcha|46\/100 brn|[from] Sandstorm\n|-damage|p1a: Dondozo|27\/100 brn|[from] Sandstorm\n|-heal|p2b: Heatran|71\/100|[from] item: Leftovers\n|-damage|p1b: Sinistcha|40\/100 brn|[from] brn\n|-damage|p1a: Dondozo|21\/100 brn|[from] brn\n|upkeep\n|turn|5\n|c|\u2606MasterofMetapods5|my b\n|\n|t:|1699907253\n|move|p1b: Sinistcha|Protect|p1b: Sinistcha\n|-singleturn|p1b: Sinistcha|Protect\n|move|p2a: Landorus|Sandsear Storm|p1b: Sinistcha|[spread] p1a\n|-activate|p1b: Sinistcha|move: Protect\n|-damage|p1a: Dondozo|0 fnt\n|faint|p1a: Dondozo\n|move|p2b: Heatran|Heat Wave|p1b: Sinistcha\n|-activate|p1b: Sinistcha|move: Protect\n|\n|-weather|Sandstorm|[upkeep]\n|-damage|p1b: Sinistcha|34\/100 brn|[from] Sandstorm\n|-heal|p2b: Heatran|77\/100|[from] item: Leftovers\n|-damage|p1b: Sinistcha|27\/100 brn|[from] brn\n|upkeep\n|c|\u2606Kurvy\u2665|great final ig\n|\n|t:|1699907261\n|switch|p1a: Heatran|Heatran, L50, F|100\/100\n|turn|6\n|\n|t:|1699907273\n|move|p2b: Heatran|Protect|p2b: Heatran\n|-singleturn|p2b: Heatran|Protect\n|move|p2a: Landorus|Sandsear Storm|p1b: Sinistcha|[spread] p1a,p1b\n|-supereffective|p1a: Heatran\n|-crit|p1a: Heatran\n|-damage|p1a: Heatran|0 fnt\n|-damage|p1b: Sinistcha|9\/100 brn\n|faint|p1a: Heatran\n|move|p1b: Sinistcha|Strength Sap|p2b: Heatran\n|-activate|p2b: Heatran|move: Protect\n|\n|-weather|none\n|-heal|p2b: Heatran|84\/100|[from] item: Leftovers\n|-damage|p1b: Sinistcha|3\/100 brn|[from] brn\n|upkeep\n|turn|7\n|-message|Kurvy\u2665 forfeited.\n|\n|win|MasterofMetapods5\n|n|\u2606Kurvy\u2665|kurvy\n|n|\u2606MasterofMetapods5|masterofmetapods5\n|n| Aeiou123456|aeiou123456\n|n| RSPA2001|rspa2001\n|n| oppuntia|oppuntia\n|n| FunneeMonkee|funneemonkee\n|n|&DaWoblefet|dawoblefet\n","uploadtime":1699907278,"views":7,"p1id":"kurvy","p2id":"masterofmetapods5","formatid":"gen9vgc2023regulatione","rating":0,"private":0,"password":""}