{"id":"gen9vgc2023regulatione-1998744063","p1":"HarshEuroBarge","p2":"Mortivere","format":"[Gen 9] VGC 2023 Regulation E","log":"|j|\u2606HarshEuroBarge\n|j|\u2606Mortivere\n|t:|1700981887\n|gametype|doubles\n|player|p1|HarshEuroBarge|266|1303\n|player|p2|Mortivere|elesa|1383\n|teamsize|p1|6\n|teamsize|p2|6\n|gen|9\n|tier|[Gen 9] VGC 2023 Regulation E\n|rated|\n|rule|Species Clause: Limit one of each Pok\u00e9mon\n|rule|Item Clause: Limit one of each item\n|clearpoke\n|poke|p1|Arcanine-Hisui, L50, F|\n|poke|p1|Tornadus, L50, M|\n|poke|p1|Heatran, L50, F|\n|poke|p1|Flutter Mane, L50|\n|poke|p1|Urshifu-*, L50, M|\n|poke|p1|Roaring Moon, L50|\n|poke|p2|Iron Jugulis, L50|\n|poke|p2|Weezing, L50, M|\n|poke|p2|Arcanine-Hisui, L50, F|\n|poke|p2|Iron Hands, L50|\n|poke|p2|Flutter Mane, L50|\n|poke|p2|Ogerpon-Wellspring, L50, F|\n|teampreview|4\n|inactive|Battle timer is ON: inactive players will automatically lose when time's up. (requested by Mortivere)\n|inactive|Mortivere has 60 seconds left.\n|\n|t:|1700981929\n|start\n|switch|p1a: Tornadus|Tornadus, L50, M|100\/100\n|switch|p1b: Heatran|Heatran, L50, F|100\/100\n|switch|p2a: Weezing|Weezing, L50, M|100\/100\n|switch|p2b: Flutter Mane|Flutter Mane, L50|100\/100\n|-ability|p2a: Weezing|Neutralizing Gas\n|turn|1\n|inactive|HarshEuroBarge has 30 seconds left.\n|inactive|Mortivere has 30 seconds left.\n|inactive|Mortivere has 20 seconds left.\n|inactive|Mortivere has 15 seconds left.\n|inactive|Mortivere has 10 seconds left.\n|inactive|Mortivere has 5 seconds left.\n|\n|t:|1700981980\n|-terastallize|p2b: Flutter Mane|Fairy\n|move|p1b: Heatran|Protect|p1b: Heatran\n|-singleturn|p1b: Heatran|Protect\n|move|p2b: Flutter Mane|Moonblast|p1a: Tornadus\n|-damage|p1a: Tornadus|31\/100\n|move|p1a: Tornadus|Taunt|p2a: Weezing\n|-start|p2a: Weezing|move: Taunt\n|move|p2a: Weezing|Sludge Bomb|p1a: Tornadus\n|-damage|p1a: Tornadus|6\/100\n|-enditem|p1a: Tornadus|Aguav Berry|[eat]\n|-heal|p1a: Tornadus|39\/100|[from] item: Aguav Berry\n|\n|upkeep\n|turn|2\n|inactive|HarshEuroBarge has 30 seconds left.\n|inactive|HarshEuroBarge has 20 seconds left.\n|inactive|HarshEuroBarge has 15 seconds left.\n|inactive|Mortivere has 30 seconds left.\n|inactive|HarshEuroBarge has 10 seconds left.\n|\n|t:|1700982027\n|-end|p2a: Weezing|ability: Neutralizing Gas\n|switch|p2a: Iron Hands|Iron Hands, L50|100\/100\n|move|p2b: Flutter Mane|Moonblast|p1a: Tornadus\n|-damage|p1a: Tornadus|0 fnt\n|faint|p1a: Tornadus\n|move|p1b: Heatran|Flash Cannon|p2b: Flutter Mane\n|-supereffective|p2b: Flutter Mane\n|-damage|p2b: Flutter Mane|26\/100\n|\n|upkeep\n|\n|t:|1700982046\n|switch|p1a: Flutter Mane|Flutter Mane, L50|100\/100\n|turn|3\n|\n|t:|1700982067\n|-end|p2b: Flutter Mane|Protosynthesis|[silent]\n|switch|p2b: Arcanine|Arcanine-Hisui, L50, F|100\/100\n|-ability|p2b: Arcanine|Intimidate|boost\n|-unboost|p1a: Flutter Mane|atk|1\n|-unboost|p1b: Heatran|atk|1\n|move|p1b: Heatran|Protect|p1b: Heatran\n|-singleturn|p1b: Heatran|Protect\n|move|p1a: Flutter Mane|Dazzling Gleam|p2a: Iron Hands|[spread] p2a,p2b\n|-supereffective|p2a: Iron Hands\n|-resisted|p2b: Arcanine\n|-damage|p2a: Iron Hands|61\/100\n|-damage|p2b: Arcanine|79\/100\n|move|p2a: Iron Hands|Heavy Slam|p1a: Flutter Mane\n|-supereffective|p1a: Flutter Mane\n|-damage|p1a: Flutter Mane|0 fnt\n|faint|p1a: Flutter Mane\n|-end|p1a: Flutter Mane|Protosynthesis|[silent]\n|\n|upkeep\n|\n|t:|1700982084\n|switch|p1a: Urshifu|Urshifu, L50, M|100\/100\n|turn|4\n|inactive|Mortivere has 30 seconds left.\n|\n|t:|1700982110\n|-terastallize|p1a: Urshifu|Poison\n|move|p2b: Arcanine|Will-O-Wisp|p1a: Urshifu\n|-status|p1a: Urshifu|brn\n|move|p1a: Urshifu|Drain Punch|p2b: Arcanine\n|-supereffective|p2b: Arcanine\n|-damage|p2b: Arcanine|33\/100\n|move|p1b: Heatran|Earth Power|p2a: Iron Hands\n|-supereffective|p2a: Iron Hands\n|-damage|p2a: Iron Hands|32\/100\n|move|p2a: Iron Hands|Drain Punch|p1a: Urshifu\n|-resisted|p1a: Urshifu\n|-crit|p1a: Urshifu\n|-damage|p1a: Urshifu|68\/100 brn\n|-heal|p2a: Iron Hands|44\/100|[from] drain|[of] p1a: Urshifu\n|\n|-damage|p1a: Urshifu|62\/100 brn|[from] brn\n|upkeep\n|turn|5\n|inactive|HarshEuroBarge has 30 seconds left.\n|\n|t:|1700982143\n|move|p2b: Arcanine|Rock Slide|p1b: Heatran|[spread] p1a,p1b\n|-crit|p1b: Heatran\n|-damage|p1a: Urshifu|41\/100 brn\n|-damage|p1b: Heatran|76\/100\n|move|p1a: Urshifu|Drain Punch|p2b: Arcanine\n|-supereffective|p2b: Arcanine\n|-damage|p2b: Arcanine|0 fnt\n|-heal|p1a: Urshifu|60\/100 brn|[from] drain|[of] p2b: Arcanine\n|faint|p2b: Arcanine\n|cant|p1b: Heatran|flinch\n|move|p2a: Iron Hands|Drain Punch|p1a: Urshifu\n|-resisted|p1a: Urshifu\n|-crit|p1a: Urshifu\n|-damage|p1a: Urshifu|27\/100 brn\n|-heal|p2a: Iron Hands|55\/100|[from] drain|[of] p1a: Urshifu\n|\n|-damage|p1a: Urshifu|20\/100 brn|[from] brn\n|upkeep\n|\n|t:|1700982159\n|switch|p2b: Flutter Mane|Flutter Mane, L50, tera:Fairy|26\/100\n|turn|6\n|\n|t:|1700982170\n|move|p1a: Urshifu|Sucker Punch|p2b: Flutter Mane\n|-resisted|p2b: Flutter Mane\n|-damage|p2b: Flutter Mane|13\/100\n|move|p2b: Flutter Mane|Dazzling Gleam|p1b: Heatran|[spread] p1a,p1b\n|-resisted|p1a: Urshifu\n|-resisted|p1b: Heatran\n|-damage|p1a: Urshifu|0 fnt\n|-damage|p1b: Heatran|66\/100\n|faint|p1a: Urshifu\n|move|p1b: Heatran|Earth Power|p2a: Iron Hands\n|-supereffective|p2a: Iron Hands\n|-damage|p2a: Iron Hands|28\/100\n|move|p2a: Iron Hands|Drain Punch|p1b: Heatran\n|-supereffective|p1b: Heatran\n|-damage|p1b: Heatran|0 fnt\n|-heal|p2a: Iron Hands|54\/100|[from] drain|[of] p1b: Heatran\n|faint|p1b: Heatran\n|\n|win|Mortivere\n|raw|HarshEuroBarge's rating: 1303 &rarr; <strong>1288<\/strong><br \/>(-15 for losing)\n|raw|Mortivere's rating: 1383 &rarr; <strong>1398<\/strong><br \/>(+15 for winning)\n|l|\u2606HarshEuroBarge\n","uploadtime":1700982187,"views":6,"p1id":"harsheurobarge","p2id":"mortivere","formatid":"gen9vgc2023regulatione","rating":1288,"private":0,"password":""}