{"id":"gen9vgc2023regulatione-1990209951","p1":"ObinWanKenobi","p2":"Beloved_AcE","format":"[Gen 9] VGC 2023 Regulation E","log":"|j|\u2606ObinWanKenobi\n|j|\u2606Beloved_AcE\n|t:|1699937826\n|gametype|doubles\n|player|p1|ObinWanKenobi|169|1378\n|player|p2|Beloved_AcE|101|1435\n|teamsize|p1|6\n|teamsize|p2|6\n|gen|9\n|tier|[Gen 9] VGC 2023 Regulation E\n|rated|\n|rule|Species Clause: Limit one of each Pok\u00e9mon\n|rule|Item Clause: Limit one of each item\n|clearpoke\n|poke|p1|Tornadus, L50, M|\n|poke|p1|Urshifu-*, L50, F|\n|poke|p1|Chien-Pao, L50|\n|poke|p1|Clefairy, L50, F|\n|poke|p1|Rillaboom, L50, F|\n|poke|p1|Arcanine-Hisui, L50, M|\n|poke|p2|Sneasler, L50, F|\n|poke|p2|Tornadus, L50, M|\n|poke|p2|Iron Hands, L50|\n|poke|p2|Landorus-Therian, L50, M|\n|poke|p2|Ogerpon-Wellspring, L50, F|\n|poke|p2|Heatran, L50, M|\n|teampreview|4\n|\n|t:|1699937845\n|start\n|switch|p1a: Cloud9 Store|Tornadus, L50, M, shiny|100\/100\n|switch|p1b: Clifford|Arcanine-Hisui, L50, M|100\/100\n|switch|p2a: Sneasler|Sneasler, L50, F|100\/100\n|switch|p2b: Tornadus|Tornadus, L50, M|100\/100\n|-ability|p1b: Clifford|Intimidate|boost\n|-unboost|p2a: Sneasler|atk|1\n|-unboost|p2b: Tornadus|atk|1\n|turn|1\n|\n|t:|1699937870\n|move|p1a: Cloud9 Store|Tailwind|p1a: Cloud9 Store\n|-sidestart|p1: ObinWanKenobi|move: Tailwind\n|move|p2b: Tornadus|Swagger|p1a: Cloud9 Store\n|-boost|p1a: Cloud9 Store|atk|2\n|-enditem|p2a: Sneasler|Mirror Herb\n|-boost|p2a: Sneasler|atk|2|[from] item: Mirror Herb\n|-start|p1a: Cloud9 Store|confusion\n|move|p2a: Sneasler|Close Combat|p1b: Clifford\n|-supereffective|p1b: Clifford\n|-damage|p1b: Clifford|0 fnt\n|-unboost|p2a: Sneasler|def|1\n|-unboost|p2a: Sneasler|spd|1\n|faint|p1b: Clifford\n|\n|upkeep\n|\n|t:|1699937887\n|switch|p1b: Rapid-Farts|Urshifu-Rapid-Strike, L50, F|100\/100\n|turn|2\n|\n|t:|1699937900\n|-terastallize|p1b: Rapid-Farts|Water\n|-activate|p1a: Cloud9 Store|confusion\n|move|p1a: Cloud9 Store|Swagger|p1b: Rapid-Farts\n|-boost|p1b: Rapid-Farts|atk|2\n|-start|p1b: Rapid-Farts|confusion\n|-enditem|p1b: Rapid-Farts|Lum Berry|[eat]\n|-end|p1b: Rapid-Farts|confusion\n|move|p1b: Rapid-Farts|Aqua Jet|p2a: Sneasler\n|-damage|p2a: Sneasler|0 fnt\n|faint|p2a: Sneasler\n|move|p2b: Tornadus|Tailwind|p2b: Tornadus\n|-sidestart|p2: Beloved_AcE|move: Tailwind\n|\n|upkeep\n|\n|t:|1699937914\n|switch|p2a: Iron Hands|Iron Hands, L50|100\/100\n|turn|3\n|c|\u2606ObinWanKenobi|Lmao\n|c|\u2606ObinWanKenobi|We both have swagger\n|\n|t:|1699937936\n|move|p1b: Rapid-Farts|Detect|p1b: Rapid-Farts\n|-singleturn|p1b: Rapid-Farts|Protect\n|move|p2a: Iron Hands|Fake Out|p1b: Rapid-Farts\n|-activate|p1b: Rapid-Farts|move: Protect\n|-activate|p1a: Cloud9 Store|confusion\n|move|p1a: Cloud9 Store|Rain Dance|p1a: Cloud9 Store\n|-weather|RainDance\n|move|p2b: Tornadus|Bleakwind Storm|p1b: Rapid-Farts|[spread] p1a\n|-activate|p1b: Rapid-Farts|move: Protect\n|-damage|p1a: Cloud9 Store|61\/100\n|\n|-weather|RainDance|[upkeep]\n|upkeep\n|turn|4\n|\n|t:|1699937959\n|switch|p1a: KittenOfRuin|Chien-Pao, L50|100\/100\n|-ability|p1a: KittenOfRuin|Sword of Ruin\n|move|p1b: Rapid-Farts|Surging Strikes|p2a: Iron Hands\n|-crit|p2a: Iron Hands\n|-damage|p2a: Iron Hands|27\/100\n|-crit|p2a: Iron Hands\n|-damage|p2a: Iron Hands|0 fnt\n|faint|p2a: Iron Hands\n|-end|p2a: Iron Hands|Quark Drive|[silent]\n|-hitcount|p2: Iron Hands|2\n|move|p2b: Tornadus|Bleakwind Storm|p1b: Rapid-Farts|[spread] p1a,p1b\n|-damage|p1a: KittenOfRuin|50\/100\n|-damage|p1b: Rapid-Farts|58\/100\n|\n|-weather|RainDance|[upkeep]\n|-sideend|p1: ObinWanKenobi|move: Tailwind\n|upkeep\n|\n|t:|1699937972\n|switch|p2a: Heatran|Heatran, L50, M|100\/100\n|turn|5\n|\n|t:|1699937994\n|move|p1a: KittenOfRuin|Protect|p1a: KittenOfRuin\n|-singleturn|p1a: KittenOfRuin|Protect\n|move|p1b: Rapid-Farts|Detect|p1b: Rapid-Farts\n|-singleturn|p1b: Rapid-Farts|Protect\n|move|p2b: Tornadus|Bleakwind Storm|p1a: KittenOfRuin|[spread] \n|-activate|p1a: KittenOfRuin|move: Protect\n|-activate|p1b: Rapid-Farts|move: Protect\n|move|p2a: Heatran|Heat Wave|p1b: Rapid-Farts|[spread] \n|-activate|p1a: KittenOfRuin|move: Protect\n|-activate|p1b: Rapid-Farts|move: Protect\n|\n|-weather|RainDance|[upkeep]\n|-sideend|p2: Beloved_AcE|move: Tailwind\n|upkeep\n|turn|6\n|\n|t:|1699938016\n|move|p1a: KittenOfRuin|Ice Shard|p2b: Tornadus\n|-supereffective|p2b: Tornadus\n|-damage|p2b: Tornadus|4\/100\n|-damage|p1a: KittenOfRuin|41\/100|[from] item: Life Orb\n|move|p2b: Tornadus|Tailwind|p2b: Tornadus\n|-sidestart|p2: Beloved_AcE|move: Tailwind\n|move|p2a: Heatran|Heat Wave|p1b: Rapid-Farts|[spread] p1a,p1b\n|-supereffective|p1a: KittenOfRuin\n|-resisted|p1b: Rapid-Farts\n|-damage|p1a: KittenOfRuin|0 fnt\n|-damage|p1b: Rapid-Farts|37\/100\n|faint|p1a: KittenOfRuin\n|move|p1b: Rapid-Farts|Drain Punch|p2a: Heatran\n|-supereffective|p2a: Heatran\n|-damage|p2a: Heatran|0 fnt\n|-heal|p1b: Rapid-Farts|90\/100|[from] drain|[of] p2a: Heatran\n|faint|p2a: Heatran\n|\n|-weather|RainDance|[upkeep]\n|upkeep\n|\n|t:|1699938019\n|switch|p1a: Cloud9 Store|Tornadus, L50, M, shiny|61\/100\n|turn|7\n|c|\u2606ObinWanKenobi|Gg\n|-message|Beloved_AcE forfeited.\n|\n|win|ObinWanKenobi\n|raw|ObinWanKenobi's rating: 1378 &rarr; <strong>1401<\/strong><br \/>(+23 for winning)\n|raw|Beloved_AcE's rating: 1435 &rarr; <strong>1412<\/strong><br \/>(-23 for losing)\n|l|\u2606Beloved_AcE\n","uploadtime":1699938045,"views":39,"p1id":"obinwankenobi","p2id":"belovedace","formatid":"gen9vgc2023regulatione","rating":1401,"private":0,"password":""}