{"id":"gen9vgc2023regulatione-1989240395","p1":"Kat Gaming (Real)","p2":"It\u2019sJustKen VGC","format":"[Gen 9] VGC 2023 Regulation E","log":"|j|\u2606Kat Gaming (Real)\n|j|\u2606It\u2019sJustKen VGC\n|t:|1699826955\n|gametype|doubles\n|player|p1|Kat Gaming (Real)|iris-gen5bw2|1343\n|player|p2|It\u2019sJustKen VGC|turo|1279\n|teamsize|p1|6\n|teamsize|p2|6\n|gen|9\n|tier|[Gen 9] VGC 2023 Regulation E\n|rated|\n|rule|Species Clause: Limit one of each Pok\u00e9mon\n|rule|Item Clause: Limit one of each item\n|clearpoke\n|poke|p1|Lilligant-Hisui, L50, F|\n|poke|p1|Torkoal, L50, F|\n|poke|p1|Chandelure, L50, F|\n|poke|p1|Goodra-Hisui, L50, F|\n|poke|p1|Iron Hands, L50|\n|poke|p1|Landorus-Therian, L50, M|\n|poke|p2|Amoonguss, L50, F|\n|poke|p2|Iron Bundle, L50|\n|poke|p2|Chi-Yu, L50|\n|poke|p2|Farigiraf, L50, F|\n|poke|p2|Landorus-Therian, L50, M|\n|poke|p2|Iron Hands, L50|\n|teampreview|4\n|inactive|Battle timer is ON: inactive players will automatically lose when time's up. (requested by It\u2019sJustKen VGC)\n|\n|t:|1699826967\n|start\n|switch|p1a: Iron Hands|Iron Hands, L50|100\/100\n|switch|p1b: Chandelure|Chandelure, L50, F|100\/100\n|switch|p2a: Iron Bundle|Iron Bundle, L50|100\/100\n|switch|p2b: Chi-Yu|Chi-Yu, L50|100\/100\n|-ability|p2b: Chi-Yu|Beads of Ruin\n|-enditem|p2a: Iron Bundle|Booster Energy\n|-activate|p2a: Iron Bundle|ability: Quark Drive|[fromitem]\n|-start|p2a: Iron Bundle|quarkdrivespe\n|turn|1\n|\n|t:|1699826990\n|-terastallize|p2a: Iron Bundle|Ghost\n|move|p1a: Iron Hands|Fake Out|p2a: Iron Bundle\n|-immune|p2a: Iron Bundle\n|move|p2a: Iron Bundle|Hydro Pump|p1b: Chandelure\n|-supereffective|p1b: Chandelure\n|-enditem|p1b: Chandelure|Focus Sash\n|-damage|p1b: Chandelure|1\/100\n|move|p2b: Chi-Yu|Dark Pulse|p1b: Chandelure\n|-supereffective|p1b: Chandelure\n|-damage|p1b: Chandelure|0 fnt\n|faint|p1b: Chandelure\n|\n|upkeep\n|\n|t:|1699827001\n|switch|p1b: Torkoal|Torkoal, L50, F|100\/100\n|-weather|SunnyDay|[from] ability: Drought|[of] p1b: Torkoal\n|turn|2\n|\n|t:|1699827011\n|move|p2b: Chi-Yu|Protect|p2b: Chi-Yu\n|-singleturn|p2b: Chi-Yu|Protect\n|move|p1b: Torkoal|Protect|p1b: Torkoal\n|-singleturn|p1b: Torkoal|Protect\n|move|p2a: Iron Bundle|Freeze-Dry|p1a: Iron Hands\n|-damage|p1a: Iron Hands|63\/100\n|move|p1a: Iron Hands|Drain Punch|p2b: Chi-Yu\n|-activate|p2b: Chi-Yu|move: Protect\n|\n|-weather|SunnyDay|[upkeep]\n|upkeep\n|turn|3\n|\n|t:|1699827026\n|move|p1b: Torkoal|Helping Hand|p1a: Iron Hands\n|-singleturn|p1a: Iron Hands|Helping Hand|[of] p1b: Torkoal\n|move|p2a: Iron Bundle|Freeze-Dry|p1a: Iron Hands\n|-damage|p1a: Iron Hands|23\/100\n|-enditem|p1a: Iron Hands|Sitrus Berry|[eat]\n|-heal|p1a: Iron Hands|48\/100|[from] item: Sitrus Berry\n|move|p2b: Chi-Yu|Heat Wave|p1a: Iron Hands|[spread] p1a,p1b\n|-resisted|p1b: Torkoal\n|-damage|p1a: Iron Hands|0 fnt\n|-damage|p1b: Torkoal|46\/100\n|faint|p1a: Iron Hands\n|-end|p1a: Iron Hands|Quark Drive|[silent]\n|\n|-weather|SunnyDay|[upkeep]\n|upkeep\n|\n|t:|1699827035\n|switch|p1a: Lilligant|Lilligant-Hisui, L50, F|100\/100\n|turn|4\n|\n|t:|1699827044\n|-terastallize|p1a: Lilligant|Grass\n|move|p2a: Iron Bundle|Protect|p2a: Iron Bundle\n|-singleturn|p2a: Iron Bundle|Protect\n|move|p1b: Torkoal|Protect|p1b: Torkoal\n|-singleturn|p1b: Torkoal|Protect\n|move|p1a: Lilligant|Sleep Powder|p2a: Iron Bundle\n|-activate|p2a: Iron Bundle|move: Protect\n|move|p2b: Chi-Yu|Heat Wave|p1b: Torkoal|[spread] p1a\n|-activate|p1b: Torkoal|move: Protect\n|-supereffective|p1a: Lilligant\n|-damage|p1a: Lilligant|0 fnt\n|faint|p1a: Lilligant\n|\n|-weather|SunnyDay|[upkeep]\n|upkeep\n|turn|5\n|c|\u2606Kat Gaming (Real)|gg\n|\n|t:|1699827054\n|move|p2a: Iron Bundle|Freeze-Dry|p1b: Torkoal\n|-resisted|p1b: Torkoal\n|-damage|p1b: Torkoal|15\/100\n|move|p2b: Chi-Yu|Dark Pulse|p1b: Torkoal\n|-damage|p1b: Torkoal|0 fnt\n|faint|p1b: Torkoal\n|\n|win|It\u2019sJustKen VGC\n|raw|Kat Gaming (Real)'s rating: 1343 &rarr; <strong>1319<\/strong><br \/>(-24 for losing)\n|raw|It\u2019sJustKen VGC's rating: 1279 &rarr; <strong>1309<\/strong><br \/>(+30 for winning)\n|c|\u2606It\u2019sJustKen VGC|gg wp\n","uploadtime":1699827062,"views":13,"p1id":"katgamingreal","p2id":"itsjustkenvgc","formatid":"gen9vgc2023regulatione","rating":1309,"private":0,"password":""}