{"id":"gen9vgc2023regulatione-1989406559","p1":"Bioniclettuce","p2":"ori11","format":"[Gen 9] VGC 2023 Regulation E","log":"|j|\u2606Bioniclettuce\n|j|\u2606ori11\n|t:|1699846195\n|gametype|doubles\n|player|p1|Bioniclettuce|alder|\n|player|p2|ori11|101|\n|teamsize|p1|6\n|teamsize|p2|6\n|gen|9\n|tier|[Gen 9] VGC 2023 Regulation E\n|rule|Species Clause: Limit one of each Pok\u00e9mon\n|rule|Item Clause: Limit one of each item\n|clearpoke\n|poke|p1|Tornadus, L50, M|\n|poke|p1|Dragapult, L50, M|\n|poke|p1|Wyrdeer, L50, F|\n|poke|p1|Okidogi, L50, M|\n|poke|p1|Ogerpon-Cornerstone, L50, F|\n|poke|p1|Moltres-Galar, L50|\n|poke|p2|Urshifu-*, L50, M|\n|poke|p2|Heatran, L50, F|\n|poke|p2|Articuno, L50|\n|poke|p2|Abomasnow, L50, M|\n|poke|p2|Jolteon, L50, M|\n|poke|p2|Annihilape, L50, F|\n|teampreview|4\nBioniclettuce rejected open team sheets.\n|\n|t:|1699846250\n|start\n|switch|p1a: biggies|Okidogi, L50, M|100\/100\n|switch|p1b: Razer Keyboard|Tornadus, L50, M|100\/100\n|switch|p2a: Abomasnow|Abomasnow, L50, M|100\/100\n|switch|p2b: Articuno|Articuno, L50|100\/100\n|-weather|Snow|[from] ability: Snow Warning|[of] p2a: Abomasnow\n|turn|1\n|\n|t:|1699846270\n|move|p1b: Razer Keyboard|Rain Dance|p1b: Razer Keyboard\n|-weather|RainDance\n|move|p1a: biggies|Drain Punch|p2a: Abomasnow\n|-supereffective|p2a: Abomasnow\n|-damage|p2a: Abomasnow|6\/100\n|move|p2b: Articuno|Substitute|p2b: Articuno\n|-start|p2b: Articuno|Substitute\n|-damage|p2b: Articuno|76\/100\n|move|p2a: Abomasnow|Blizzard|p1a: biggies|[spread] p1b\n|-miss|p2a: Abomasnow|p1a: biggies\n|-supereffective|p1b: Razer Keyboard\n|-damage|p1b: Razer Keyboard|46\/100\n|\n|-weather|RainDance|[upkeep]\n|-heal|p2b: Articuno|82\/100|[from] item: Leftovers\n|upkeep\n|turn|2\n|j| fayetssf\n|\n|t:|1699846296\n|switch|p2a: Jolteon|Jolteon, L50, M|100\/100\n|-terastallize|p2b: Articuno|Steel\n|move|p1a: biggies|Knock Off|p2b: Articuno\n|-end|p2b: Articuno|Substitute\n|move|p1b: Razer Keyboard|Bleakwind Storm|p2a: Jolteon|[spread] p2a,p2b\n|-resisted|p2a: Jolteon\n|-resisted|p2b: Articuno\n|-damage|p2a: Jolteon|78\/100\n|-damage|p2b: Articuno|73\/100\n|-unboost|p2b: Articuno|spe|1\n|move|p2b: Articuno|Blizzard|p1b: Razer Keyboard|[spread] p1a,p1b\n|-supereffective|p1b: Razer Keyboard\n|-damage|p1a: biggies|66\/100\n|-damage|p1b: Razer Keyboard|6\/100\n|-status|p1a: biggies|frz\n|\n|-weather|RainDance|[upkeep]\n|-heal|p1a: biggies|72\/100 frz|[from] item: Leftovers\n|-heal|p2b: Articuno|79\/100|[from] item: Leftovers\n|upkeep\n|turn|3\n|\n|t:|1699846320\n|switch|p2a: Abomasnow|Abomasnow, L50, M|6\/100\n|-weather|Snow|[from] ability: Snow Warning|[of] p2a: Abomasnow\n|move|p1b: Razer Keyboard|Tailwind|p1b: Razer Keyboard\n|-sidestart|p1: Bioniclettuce|move: Tailwind\n|cant|p1a: biggies|frz\n|move|p2b: Articuno|Blizzard|p1b: Razer Keyboard|[spread] p1a,p1b\n|-supereffective|p1b: Razer Keyboard\n|-damage|p1a: biggies|38\/100 frz\n|-damage|p1b: Razer Keyboard|0 fnt\n|faint|p1b: Razer Keyboard\n|\n|-weather|Snow|[upkeep]\n|-heal|p1a: biggies|44\/100 frz|[from] item: Leftovers\n|-heal|p2b: Articuno|85\/100|[from] item: Leftovers\n|upkeep\n|j| Burnerv2\n|\n|t:|1699846332\n|switch|p1b: Moltres|Moltres-Galar, L50|100\/100\n|turn|4\n|\n|t:|1699846341\n|move|p1b: Moltres|Substitute|p1b: Moltres\n|-start|p1b: Moltres|Substitute\n|-damage|p1b: Moltres|76\/100\n|cant|p1a: biggies|frz\n|move|p2a: Abomasnow|Aurora Veil|p2a: Abomasnow\n|-sidestart|p2: ori11|move: Aurora Veil\n|move|p2b: Articuno|Substitute|p2b: Articuno\n|-start|p2b: Articuno|Substitute\n|-damage|p2b: Articuno|60\/100\n|\n|-weather|Snow|[upkeep]\n|-heal|p1a: biggies|50\/100 frz|[from] item: Leftovers\n|-heal|p2b: Articuno|66\/100|[from] item: Leftovers\n|upkeep\n|turn|5\n|\n|t:|1699846353\n|move|p1b: Moltres|Nasty Plot|p1b: Moltres\n|-boost|p1b: Moltres|spa|2\n|-curestatus|p1a: biggies|frz|[msg]\n|move|p1a: biggies|Drain Punch|p2b: Articuno\n|-supereffective|p2b: Articuno\n|-crit|p2b: Articuno\n|-end|p2b: Articuno|Substitute\n|-heal|p1a: biggies|65\/100|[from] drain|[of] p2b: Articuno\n|move|p2a: Abomasnow|Blizzard|p1a: biggies|[spread] p1a,p1b\n|-supereffective|p1b: Moltres\n|-end|p1b: Moltres|Substitute\n|-damage|p1a: biggies|17\/100\n|move|p2b: Articuno|Blizzard|p1a: biggies|[spread] p1a,p1b\n|-crit|p1a: biggies\n|-supereffective|p1b: Moltres\n|-damage|p1a: biggies|0 fnt\n|-damage|p1b: Moltres|28\/100\n|faint|p1a: biggies\n|-ability|p1b: Moltres|Berserk|boost\n|-boost|p1b: Moltres|spa|1\n|\n|-weather|Snow|[upkeep]\n|-heal|p2b: Articuno|73\/100|[from] item: Leftovers\n|upkeep\n|\n|t:|1699846365\n|switch|p1a: biggies' dad|Ogerpon-Cornerstone, L50, F|100\/100\n|turn|6\n|\n|t:|1699846377\n|-terastallize|p1b: Moltres|Steel\n|move|p2a: Abomasnow|Protect|p2a: Abomasnow\n|-singleturn|p2a: Abomasnow|Protect\n|move|p1a: biggies' dad|Follow Me|p1a: biggies' dad\n|-singleturn|p1a: biggies' dad|move: Follow Me\n|move|p1b: Moltres|Fiery Wrath|p2b: Articuno|[spread] p2b\n|-activate|p2a: Abomasnow|move: Protect\n|-damage|p2b: Articuno|45\/100\n|cant|p2b: Articuno|flinch\n|\n|-weather|Snow|[upkeep]\n|-heal|p2b: Articuno|51\/100|[from] item: Leftovers\n|-sideend|p1: Bioniclettuce|move: Tailwind\n|upkeep\n|turn|7\n|j| doeg3\n|\n|t:|1699846392\n|move|p1a: biggies' dad|Ivy Cudgel|p2a: Abomasnow\n|-supereffective|p2a: Abomasnow\n|-damage|p2a: Abomasnow|0 fnt\n|faint|p2a: Abomasnow\n|move|p1b: Moltres|Fiery Wrath|p2b: Articuno\n|-damage|p2b: Articuno|14\/100\n|move|p2b: Articuno|Blizzard|p1b: Moltres|[spread] p1a,p1b\n|-supereffective|p1a: biggies' dad\n|-resisted|p1b: Moltres\n|-damage|p1a: biggies' dad|37\/100\n|-damage|p1b: Moltres|17\/100\n|-enditem|p1b: Moltres|Aguav Berry|[eat]\n|-heal|p1b: Moltres|51\/100|[from] item: Aguav Berry\n|\n|-weather|none\n|-heal|p2b: Articuno|20\/100|[from] item: Leftovers\n|upkeep\n|\n|t:|1699846402\n|switch|p2a: Jolteon|Jolteon, L50, M|78\/100\n|turn|8\n|\n|t:|1699846424\n|switch|p2b: Annihilape|Annihilape, L50, F|100\/100\n|move|p1a: biggies' dad|Follow Me|p1a: biggies' dad\n|-singleturn|p1a: biggies' dad|move: Follow Me\n|move|p2a: Jolteon|Pin Missile|p1a: biggies' dad\n|-supereffective|p1a: biggies' dad\n|-damage|p1a: biggies' dad|26\/100\n|-supereffective|p1a: biggies' dad\n|-damage|p1a: biggies' dad|14\/100\n|-supereffective|p1a: biggies' dad\n|-damage|p1a: biggies' dad|2\/100\n|-supereffective|p1a: biggies' dad\n|-damage|p1a: biggies' dad|0 fnt\n|faint|p1a: biggies' dad\n|-hitcount|p1: biggies' dad|4\n|move|p1b: Moltres|Fiery Wrath|p2a: Jolteon|[spread] p2a,p2b\n|-damage|p2a: Jolteon|8\/100\n|-damage|p2b: Annihilape|60\/100\n|\n|-sideend|p2: ori11|move: Aurora Veil\n|upkeep\n|turn|9\n|\n|t:|1699846451\n|move|p2a: Jolteon|Thunderbolt|p1b: Moltres\n|-crit|p1b: Moltres\n|-damage|p1b: Moltres|0 fnt\n|faint|p1b: Moltres\n|\n|win|ori11\n|c|\u2606Bioniclettuce|gg\n|c|\u2606ori11|ggs it was fun\n|l| Burnerv2\n|c|\u2606Bioniclettuce|i think tbolt would have proc'd berserk again\n|c|\u2606Bioniclettuce|crit mattered i fear\n|l| fayetssf\n|l|\u2606Bioniclettuce\n|l|\u2606ori11\n|j| fayetssf\n","uploadtime":1699846567,"views":23,"p1id":"bioniclettuce","p2id":"ori11","formatid":"gen9vgc2023regulatione","rating":0,"private":0,"password":""}