{"id":"gen9vgc2023regulatione-1992051539","p1":"Arven is a nerd","p2":"Thieving_Vigilante","format":"[Gen 9] VGC 2023 Regulation E","log":"|j|\u2606Arven is a nerd\n|j|\u2606Thieving_Vigilante\n|t:|1700151011\n|gametype|doubles\n|player|p1|Arven is a nerd|galacticgrunt|1253\n|player|p2|Thieving_Vigilante|ethan|1259\n|teamsize|p1|6\n|teamsize|p2|6\n|gen|9\n|tier|[Gen 9] VGC 2023 Regulation E\n|rated|\n|rule|Species Clause: Limit one of each Pok\u00e9mon\n|rule|Item Clause: Limit one of each item\n|clearpoke\n|poke|p1|Ninetales-Alola, L50, F|\n|poke|p1|Heatran, L50, F|\n|poke|p1|Baxcalibur, L50, M|\n|poke|p1|Iron Hands, L50|\n|poke|p1|Tornadus, L50, M|\n|poke|p1|Landorus-Therian, L50, M|\n|poke|p2|Gholdengo, L50|\n|poke|p2|Iron Hands, L50|\n|poke|p2|Pelipper, L50, F|\n|poke|p2|Salamence, L50, M|\n|poke|p2|Arcanine-Hisui, L50, M|\n|poke|p2|Ogerpon, L50, F|\n|teampreview|4\n|inactive|Battle timer is ON: inactive players will automatically lose when time's up. (requested by Arven is a nerd)\n|inactive|Thieving_Vigilante also wants the timer to be on.\nThieving_Vigilante rejected open team sheets.\n|inactive|Arven is a nerd has 60 seconds left.\n|inactive|Thieving_Vigilante has 60 seconds left.\n|\n|t:|1700151062\n|start\n|switch|p1a: Iron Hands|Iron Hands, L50|100\/100\n|switch|p1b: Landorus|Landorus-Therian, L50, M|100\/100\n|switch|p2a: Gholdengo|Gholdengo, L50|100\/100\n|switch|p2b: Iron Hands|Iron Hands, L50|100\/100\n|-ability|p1b: Landorus|Intimidate|boost\n|-unboost|p2a: Gholdengo|atk|1\n|-unboost|p2b: Iron Hands|atk|1\n|turn|1\n|\n|t:|1700151084\n|move|p2b: Iron Hands|Fake Out|p1b: Landorus\n|-damage|p1b: Landorus|87\/100\n|move|p1a: Iron Hands|Fake Out|p2b: Iron Hands\n|-damage|p2b: Iron Hands|88\/100\n|cant|p1b: Landorus|flinch\n|move|p2a: Gholdengo|Nasty Plot|p2a: Gholdengo\n|-boost|p2a: Gholdengo|spa|2\n|\n|upkeep\n|turn|2\n|\n|t:|1700151102\n|-end|p2b: Iron Hands|Quark Drive|[silent]\n|switch|p2b: Salamence|Salamence, L50, M|100\/100\n|-ability|p2b: Salamence|Intimidate|boost\n|-unboost|p1a: Iron Hands|atk|1\n|-unboost|p1b: Landorus|atk|1\n|move|p2a: Gholdengo|Protect|p2a: Gholdengo\n|-singleturn|p2a: Gholdengo|Protect\n|move|p1b: Landorus|Stomping Tantrum|p2a: Gholdengo\n|-activate|p2a: Gholdengo|move: Protect\n|move|p1a: Iron Hands|Swords Dance|p1a: Iron Hands\n|-boost|p1a: Iron Hands|atk|2\n|\n|upkeep\n|turn|3\n|inactive|Arven is a nerd has 30 seconds left.\n|\n|t:|1700151128\n|move|p2b: Salamence|Tailwind|p2b: Salamence\n|-sidestart|p2: Thieving_Vigilante|move: Tailwind\n|move|p2a: Gholdengo|Make It Rain|p1a: Iron Hands|[spread] p1a,p1b\n|-resisted|p1a: Iron Hands\n|-damage|p1a: Iron Hands|57\/100\n|-damage|p1b: Landorus|0 fnt\n|-unboost|p2a: Gholdengo|spa|1\n|faint|p1b: Landorus\n|move|p1a: Iron Hands|Wild Charge|p2b: Salamence\n|-damage|p2b: Salamence|3\/100\n|-damage|p1a: Iron Hands|41\/100|[from] Recoil\n|-enditem|p1a: Iron Hands|Sitrus Berry|[eat]\n|-heal|p1a: Iron Hands|66\/100|[from] item: Sitrus Berry\n|\n|upkeep\n|\n|t:|1700151140\n|switch|p1b: Ninetales|Ninetales-Alola, L50, F|100\/100\n|-weather|Snow|[from] ability: Snow Warning|[of] p1b: Ninetales\n|turn|4\n|\n|t:|1700151153\n|switch|p2b: Pelipper|Pelipper, L50, F|100\/100\n|-weather|RainDance|[from] ability: Drizzle|[of] p2b: Pelipper\n|-terastallize|p1b: Ninetales|Fire\n|move|p2a: Gholdengo|Make It Rain|p1b: Ninetales|[spread] p1a,p1b\n|-resisted|p1a: Iron Hands\n|-resisted|p1b: Ninetales\n|-damage|p1a: Iron Hands|33\/100\n|-damage|p1b: Ninetales|59\/100\n|-unboost|p2a: Gholdengo|spa|1\n|move|p1b: Ninetales|Aurora Veil||[still]\n|-fail|p1b: Ninetales\n|move|p1a: Iron Hands|Wild Charge|p2a: Gholdengo\n|-damage|p2a: Gholdengo|12\/100\n|-damage|p1a: Iron Hands|17\/100|[from] Recoil\n|\n|-weather|RainDance|[upkeep]\n|-heal|p2a: Gholdengo|18\/100|[from] item: Leftovers\n|upkeep\n|turn|5\n|\n|t:|1700151173\n|switch|p1b: Baxcalibur|Baxcalibur, L50, M|100\/100\n|move|p2a: Gholdengo|Shadow Ball|p1a: Iron Hands\n|-damage|p1a: Iron Hands|0 fnt\n|faint|p1a: Iron Hands\n|-end|p1a: Iron Hands|Quark Drive|[silent]\n|move|p2b: Pelipper|Weather Ball|p1b: Baxcalibur\n|-resisted|p1b: Baxcalibur\n|-damage|p1b: Baxcalibur|82\/100\n|\n|-weather|RainDance|[upkeep]\n|-heal|p2a: Gholdengo|24\/100|[from] item: Leftovers\n|upkeep\n|\n|t:|1700151179\n|switch|p1a: Ninetales|Ninetales-Alola, L50, F, tera:Fire|59\/100\n|-weather|Snow|[from] ability: Snow Warning|[of] p1a: Ninetales\n|turn|6\n|\n|t:|1700151199\n|switch|p2b: Iron Hands|Iron Hands, L50|88\/100\n|move|p1a: Ninetales|Protect|p1a: Ninetales\n|-singleturn|p1a: Ninetales|Protect\n|move|p2a: Gholdengo|Shadow Ball|p1a: Ninetales\n|-activate|p1a: Ninetales|move: Protect\n|move|p1b: Baxcalibur|Earthquake|p2b: Iron Hands|[spread] p2a,p2b\n|-activate|p1a: Ninetales|move: Protect\n|-supereffective|p2a: Gholdengo\n|-supereffective|p2b: Iron Hands\n|-damage|p2a: Gholdengo|0 fnt\n|-damage|p2b: Iron Hands|46\/100\n|faint|p2a: Gholdengo\n|\n|-weather|Snow|[upkeep]\n|-heal|p1b: Baxcalibur|88\/100|[from] ability: Ice Body\n|-sideend|p2: Thieving_Vigilante|move: Tailwind\n|upkeep\n|\n|t:|1700151218\n|switch|p2a: Salamence|Salamence, L50, M|3\/100\n|-ability|p2a: Salamence|Intimidate|boost\n|-unboost|p1a: Ninetales|atk|1\n|-unboost|p1b: Baxcalibur|atk|1\n|turn|7\n|\n|t:|1700151233\n|switch|p2a: Pelipper|Pelipper, L50, F|100\/100\n|-weather|RainDance|[from] ability: Drizzle|[of] p2a: Pelipper\n|move|p2b: Iron Hands|Fake Out|p1b: Baxcalibur\n|-damage|p1b: Baxcalibur|75\/100\n|cant|p1b: Baxcalibur|flinch\n|move|p1a: Ninetales|Aurora Veil||[still]\n|-fail|p1a: Ninetales\n|\n|-weather|RainDance|[upkeep]\n|upkeep\n|turn|8\n|\n|t:|1700151250\n|-end|p2b: Iron Hands|Quark Drive|[silent]\n|switch|p2b: Salamence|Salamence, L50, M|3\/100\n|-ability|p2b: Salamence|Intimidate|boost\n|-unboost|p1a: Ninetales|atk|1\n|-unboost|p1b: Baxcalibur|atk|1\n|move|p2a: Pelipper|Protect|p2a: Pelipper\n|-singleturn|p2a: Pelipper|Protect\n|move|p1a: Ninetales|Moonblast|p2b: Salamence\n|-supereffective|p2b: Salamence\n|-damage|p2b: Salamence|0 fnt\n|faint|p2b: Salamence\n|move|p1b: Baxcalibur|Icicle Crash|p2a: Pelipper\n|-activate|p2a: Pelipper|move: Protect\n|\n|-weather|RainDance|[upkeep]\n|upkeep\n|\n|t:|1700151263\n|switch|p2b: Iron Hands|Iron Hands, L50|46\/100\n|turn|9\n|\n|t:|1700151275\n|move|p2b: Iron Hands|Fake Out|p1b: Baxcalibur\n|-damage|p1b: Baxcalibur|60\/100\n|move|p1a: Ninetales|Moonblast|p2b: Iron Hands\n|-supereffective|p2b: Iron Hands\n|-damage|p2b: Iron Hands|13\/100\n|move|p2a: Pelipper|Weather Ball|p1a: Ninetales\n|-supereffective|p1a: Ninetales\n|-damage|p1a: Ninetales|0 fnt\n|faint|p1a: Ninetales\n|cant|p1b: Baxcalibur|flinch\n|\n|-weather|RainDance|[upkeep]\n|upkeep\n|turn|10\n|\n|t:|1700151293\n|move|p2a: Pelipper|Wide Guard|p2a: Pelipper\n|-singleturn|p2a: Pelipper|Wide Guard\n|move|p1b: Baxcalibur|Earthquake|p2b: Iron Hands|[spread] \n|-activate|p2a: Pelipper|move: Wide Guard\n|-activate|p2b: Iron Hands|move: Wide Guard\n|move|p2b: Iron Hands|Drain Punch|p1b: Baxcalibur\n|-supereffective|p1b: Baxcalibur\n|-damage|p1b: Baxcalibur|0 fnt\n|-heal|p2b: Iron Hands|41\/100|[from] drain|[of] p1b: Baxcalibur\n|faint|p1b: Baxcalibur\n|\n|win|Thieving_Vigilante\n|raw|Arven is a nerd's rating: 1253 &rarr; <strong>1228<\/strong><br \/>(-25 for losing)\n|raw|Thieving_Vigilante's rating: 1259 &rarr; <strong>1284<\/strong><br \/>(+25 for winning)\n|l|\u2606Arven is a nerd\n|c|\u2606Thieving_Vigilante|gg\n","uploadtime":1700151311,"views":15,"p1id":"arvenisanerd","p2id":"thievingvigilante","formatid":"gen9vgc2023regulatione","rating":1228,"private":0,"password":""}