{"id":"gen9vgc2023regulatione-1990146586","p1":"Kuskyz","p2":"ClubSandwichBread","format":"[Gen 9] VGC 2023 Regulation E","log":"|j|\u2606Kuskyz\n|j|\u2606ClubSandwichBread\n|t:|1699929642\n|gametype|doubles\n|player|p1|Kuskyz|266|1188\n|player|p2|ClubSandwichBread|swimmer-gen4dp|1265\n|teamsize|p1|6\n|teamsize|p2|6\n|gen|9\n|tier|[Gen 9] VGC 2023 Regulation E\n|rated|\n|rule|Species Clause: Limit one of each Pok\u00e9mon\n|rule|Item Clause: Limit one of each item\n|clearpoke\n|poke|p1|Gyarados, L50, M|\n|poke|p1|Charizard, L50, M|\n|poke|p1|Roaring Moon, L50|\n|poke|p1|Flutter Mane, L50|\n|poke|p1|Sableye, L50, F|\n|poke|p1|Ursaluna-Bloodmoon, L50, M|\n|poke|p2|Amoonguss, L50, F|\n|poke|p2|Roaring Moon, L50|\n|poke|p2|Tornadus, L50, M|\n|poke|p2|Urshifu-*, L50, M|\n|poke|p2|Arcanine-Hisui, L50, M|\n|poke|p2|Tinkaton, L50, F|\n|teampreview|4\n|inactive|Battle timer is ON: inactive players will automatically lose when time's up. (requested by ClubSandwichBread)\n|inactive|Kuskyz also wants the timer to be on.\nClubSandwichBread has agreed to open team sheets.\n|\n|t:|1699929661\n|start\n|switch|p1a: Roaring Moon|Roaring Moon, L50|100\/100\n|switch|p1b: Vento Aureo|Sableye, L50, F, shiny|100\/100\n|switch|p2a: Roaring Moon|Roaring Moon, L50|100\/100\n|switch|p2b: Tornadus|Tornadus, L50, M|100\/100\n|-enditem|p2a: Roaring Moon|Booster Energy\n|-activate|p2a: Roaring Moon|ability: Protosynthesis|[fromitem]\n|-start|p2a: Roaring Moon|protosynthesisatk\n|turn|1\n|inactive|Kuskyz has 30 seconds left.\n|inactive|ClubSandwichBread has 30 seconds left.\n|inactive|Kuskyz has 20 seconds left.\n|inactive|ClubSandwichBread has 20 seconds left.\n|inactive|Kuskyz has 15 seconds left.\n|inactive|Kuskyz has 10 seconds left.\n|\n|t:|1699929711\n|-terastallize|p2a: Roaring Moon|Flying\n|move|p1b: Vento Aureo|Fake Out|p2a: Roaring Moon\n|-damage|p2a: Roaring Moon|93\/100\n|move|p2b: Tornadus|Tailwind|p2b: Tornadus\n|-sidestart|p2: ClubSandwichBread|move: Tailwind\n|cant|p2a: Roaring Moon|flinch\n|move|p1a: Roaring Moon|Scale Shot|p2b: Tornadus\n|-damage|p2b: Tornadus|81\/100\n|-damage|p2b: Tornadus|62\/100\n|-damage|p2b: Tornadus|43\/100\n|-damage|p2b: Tornadus|23\/100\n|-damage|p2b: Tornadus|4\/100\n|-hitcount|p2b: Tornadus|5\n|-unboost|p1a: Roaring Moon|def|1\n|-boost|p1a: Roaring Moon|spe|1\n|\n|upkeep\n|turn|2\n|inactive|Kuskyz has 30 seconds left.\n|inactive|ClubSandwichBread has 30 seconds left.\n|inactive|Kuskyz has 20 seconds left.\n|\n|t:|1699929748\n|move|p1a: Roaring Moon|Protect|p1a: Roaring Moon\n|-singleturn|p1a: Roaring Moon|Protect\n|move|p2b: Tornadus|Rain Dance|p2b: Tornadus\n|-weather|RainDance\n|move|p1b: Vento Aureo|Sunny Day|p1b: Vento Aureo\n|-weather|SunnyDay\n|-activate|p1a: Roaring Moon|ability: Protosynthesis\n|-start|p1a: Roaring Moon|protosynthesisspe\n|move|p2a: Roaring Moon|Acrobatics|p1a: Roaring Moon\n|-activate|p1a: Roaring Moon|move: Protect\n|\n|-weather|SunnyDay|[upkeep]\n|upkeep\n|turn|3\n|inactive|Kuskyz has 30 seconds left.\n|inactive|ClubSandwichBread has 30 seconds left.\n|inactive|ClubSandwichBread has 20 seconds left.\n|inactive|Kuskyz has 20 seconds left.\n|inactive|ClubSandwichBread has 15 seconds left.\n|inactive|Kuskyz has 15 seconds left.\n|inactive|ClubSandwichBread has 10 seconds left.\n|inactive|ClubSandwichBread has 5 seconds left.\n|\n|t:|1699929801\n|switch|p2b: Amoonguss|Amoonguss, L50, F|100\/100\n|move|p1b: Vento Aureo|Disable|p2a: Roaring Moon\n|-start|p2a: Roaring Moon|Disable|Acrobatics\n|move|p1a: Roaring Moon|Dragon Dance|p1a: Roaring Moon\n|-boost|p1a: Roaring Moon|atk|1\n|-boost|p1a: Roaring Moon|spe|1\n|cant|p2a: Roaring Moon|Disable|Acrobatics\n|\n|-weather|SunnyDay|[upkeep]\n|upkeep\n|turn|4\n|inactive|ClubSandwichBread has 30 seconds left.\n|\n|t:|1699929829\n|move|p2b: Amoonguss|Protect|p2b: Amoonguss\n|-singleturn|p2b: Amoonguss|Protect\n|move|p1b: Vento Aureo|Encore|p2a: Roaring Moon\n|-start|p2a: Roaring Moon|Encore\n|move|p1a: Roaring Moon|Knock Off|p2b: Amoonguss\n|-activate|p2b: Amoonguss|move: Protect\n|cant|p2a: Roaring Moon|Disable|Acrobatics\n|\n|-weather|SunnyDay|[upkeep]\n|-sideend|p2: ClubSandwichBread|move: Tailwind\n|upkeep\n|turn|5\n|inactive|Kuskyz has 30 seconds left.\n|inactive|Kuskyz has 20 seconds left.\n|\n|t:|1699929867\n|-end|p2a: Roaring Moon|Protosynthesis|[silent]\n|switch|p2a: Urshifu|Urshifu-Rapid-Strike, L50, M|100\/100\n|switch|p2b: Tornadus|Tornadus, L50, M|4\/100\n|move|p1b: Vento Aureo|Encore||[still]\n|-fail|p1b: Vento Aureo\n|move|p1a: Roaring Moon|Scale Shot|p2a: Urshifu\n|-damage|p2a: Urshifu|78\/100\n|-damage|p2a: Urshifu|53\/100\n|-damage|p2a: Urshifu|31\/100\n|-damage|p2a: Urshifu|10\/100\n|-damage|p2a: Urshifu|0 fnt\n|faint|p2a: Urshifu\n|-hitcount|p2: Urshifu|5\n|-unboost|p1a: Roaring Moon|def|1\n|-boost|p1a: Roaring Moon|spe|1\n|\n|-weather|SunnyDay|[upkeep]\n|upkeep\n|\n|t:|1699929885\n|switch|p2a: Roaring Moon|Roaring Moon, L50, tera:Flying|93\/100\n|-activate|p2a: Roaring Moon|ability: Protosynthesis\n|-start|p2a: Roaring Moon|protosynthesisatk\n|turn|6\n|inactive|Kuskyz has 30 seconds left.\n|inactive|ClubSandwichBread has 30 seconds left.\n|inactive|Kuskyz has 20 seconds left.\n|inactive|Kuskyz has 15 seconds left.\n|\n|t:|1699929929\n|move|p1a: Roaring Moon|Protect|p1a: Roaring Moon\n|-singleturn|p1a: Roaring Moon|Protect\n|move|p1b: Vento Aureo|Disable||[still]\n|-fail|p1b: Vento Aureo\n|move|p2b: Tornadus|Bleakwind Storm|p1b: Vento Aureo|[spread] p1b\n|-activate|p1a: Roaring Moon|move: Protect\n|-damage|p1b: Vento Aureo|60\/100\n|-unboost|p1b: Vento Aureo|spe|1\n|move|p2a: Roaring Moon|Acrobatics|p1b: Vento Aureo\n|-crit|p1b: Vento Aureo\n|-damage|p1b: Vento Aureo|0 fnt\n|faint|p1b: Vento Aureo\n|\n|-weather|none\n|-end|p1a: Roaring Moon|Protosynthesis\n|-end|p2a: Roaring Moon|Protosynthesis\n|upkeep\n|inactive|Kuskyz has 30 seconds left.\n|\n|t:|1699929957\n|switch|p1b: Dracarys|Charizard, L50, M, shiny|100\/100\n|turn|7\n|\n|t:|1699929969\n|move|p2b: Tornadus|Tailwind|p2b: Tornadus\n|-sidestart|p2: ClubSandwichBread|move: Tailwind\n|move|p1a: Roaring Moon|Scale Shot|p2a: Roaring Moon\n|-damage|p2a: Roaring Moon|69\/100\n|-damage|p2a: Roaring Moon|46\/100\n|-damage|p2a: Roaring Moon|22\/100\n|-damage|p2a: Roaring Moon|0 fnt\n|faint|p2a: Roaring Moon\n|-end|p2a: Roaring Moon|Protosynthesis|[silent]\n|-hitcount|p2: Roaring Moon|4\n|-unboost|p1a: Roaring Moon|def|1\n|-boost|p1a: Roaring Moon|spe|1\n|move|p1b: Dracarys|Heat Wave|p2b: Tornadus\n|-damage|p2b: Tornadus|0 fnt\n|faint|p2b: Tornadus\n|\n|upkeep\n|\n|t:|1699929985\n|switch|p2b: Amoonguss|Amoonguss, L50, F|100\/100\n|turn|8\n|-message|ClubSandwichBread forfeited.\n|\n|win|Kuskyz\n|raw|Kuskyz's rating: 1188 &rarr; <strong>1218<\/strong><br \/>(+30 for winning)\n|raw|ClubSandwichBread's rating: 1265 &rarr; <strong>1235<\/strong><br \/>(-30 for losing)\n|l|\u2606ClubSandwichBread\n","uploadtime":1699929994,"views":23,"p1id":"kuskyz","p2id":"clubsandwichbread","formatid":"gen9vgc2023regulatione","rating":1218,"private":0,"password":""}