{"id":"gen9vgc2023regulatione-1990063931","p1":"Fennel_Strawborzoi","p2":"Beastyshadow13","format":"[Gen 9] VGC 2023 Regulation E","log":"|j|\u2606Fennel_Strawborzoi\n|j|\u2606Beastyshadow13\n|t:|1699920642\n|gametype|doubles\n|player|p1|Fennel_Strawborzoi|cynthia|1404\n|player|p2|Beastyshadow13|veteran|1455\n|teamsize|p1|6\n|teamsize|p2|6\n|gen|9\n|tier|[Gen 9] VGC 2023 Regulation E\n|rated|\n|rule|Species Clause: Limit one of each Pok\u00e9mon\n|rule|Item Clause: Limit one of each item\n|clearpoke\n|poke|p1|Kommo-o, L50, F|\n|poke|p1|Tyranitar, L50, F|\n|poke|p1|Rillaboom, L50, F|\n|poke|p1|Flutter Mane, L50|\n|poke|p1|Arcanine-Hisui, L50, F|\n|poke|p1|Iron Bundle, L50|\n|poke|p2|Carbink, L50|\n|poke|p2|Sinistcha, L50|\n|poke|p2|Farigiraf, L50, M|\n|poke|p2|Iron Hands, L50|\n|poke|p2|Salamence, L50, F|\n|poke|p2|Ursaluna-Bloodmoon, L50, M|\n|teampreview|4\n|\n|t:|1699920676\n|start\n|switch|p1a: Iron Bundle|Iron Bundle, L50|100\/100\n|switch|p1b: Rillaboom|Rillaboom, L50, F|100\/100\n|switch|p2a: Carbink|Carbink, L50|100\/100\n|switch|p2b: Iron Hands|Iron Hands, L50|100\/100\n|-fieldstart|move: Grassy Terrain|[from] ability: Grassy Surge|[of] p1b: Rillaboom\n|-enditem|p1a: Iron Bundle|Booster Energy\n|-activate|p1a: Iron Bundle|ability: Quark Drive|[fromitem]\n|-start|p1a: Iron Bundle|quarkdrivespe\n|turn|1\n|\n|t:|1699920694\n|-terastallize|p2a: Carbink|Ghost\n|move|p1a: Iron Bundle|Protect|p1a: Iron Bundle\n|-singleturn|p1a: Iron Bundle|Protect\n|move|p2b: Iron Hands|Fake Out|p1a: Iron Bundle\n|-activate|p1a: Iron Bundle|move: Protect\n|move|p1b: Rillaboom|Taunt|p2a: Carbink\n|-start|p2a: Carbink|move: Taunt\n|cant|p2a: Carbink|move: Taunt|Trick Room\n|\n|upkeep\n|turn|2\n|\n|t:|1699920719\n|switch|p1b: Tyranitar|Tyranitar, L50, F|100\/100\n|-weather|Sandstorm|[from] ability: Sand Stream|[of] p1b: Tyranitar\n|switch|p2a: Salamence|Salamence, L50, F|100\/100\n|-ability|p2a: Salamence|Intimidate|boost\n|-unboost|p1a: Iron Bundle|atk|1\n|-unboost|p1b: Tyranitar|atk|1\n|move|p1a: Iron Bundle|Encore|p2b: Iron Hands\n|-start|p2b: Iron Hands|Encore\n|move|p2b: Iron Hands|Fake Out||[still]\n|-hint|Fake Out only works on your first turn out.\n|-fail|p2b: Iron Hands\n|\n|-weather|Sandstorm|[upkeep]\n|-damage|p1a: Iron Bundle|94\/100|[from] Sandstorm\n|-damage|p2a: Salamence|95\/100|[from] Sandstorm\n|-damage|p2b: Iron Hands|94\/100|[from] Sandstorm\n|-heal|p1a: Iron Bundle|100\/100|[from] Grassy Terrain\n|-heal|p2b: Iron Hands|100\/100|[from] Grassy Terrain\n|upkeep\n|turn|3\n|\n|t:|1699920742\n|-end|p2b: Iron Hands|Quark Drive|[silent]\n|switch|p2b: Carbink|Carbink, L50, tera:Ghost|100\/100\n|move|p2a: Salamence|Protect|p2a: Salamence\n|-singleturn|p2a: Salamence|Protect\n|move|p1a: Iron Bundle|Icy Wind|p2a: Salamence|[spread] p2b\n|-activate|p2a: Salamence|move: Protect\n|-damage|p2b: Carbink|90\/100\n|-unboost|p2b: Carbink|spe|1\n|move|p1b: Tyranitar|Knock Off|p2a: Salamence\n|-activate|p2a: Salamence|move: Protect\n|\n|-weather|Sandstorm|[upkeep]\n|-damage|p1a: Iron Bundle|94\/100|[from] Sandstorm\n|-damage|p2a: Salamence|89\/100|[from] Sandstorm\n|-damage|p2b: Carbink|84\/100|[from] Sandstorm\n|-heal|p1a: Iron Bundle|100\/100|[from] Grassy Terrain\n|-heal|p2b: Carbink|90\/100|[from] Grassy Terrain\n|-heal|p2b: Carbink|96\/100|[from] item: Leftovers\n|upkeep\n|turn|4\n|\n|t:|1699920754\n|move|p1a: Iron Bundle|Icy Wind|p2b: Carbink|[spread] p2a,p2b\n|-supereffective|p2a: Salamence\n|-damage|p2a: Salamence|9\/100\n|-damage|p2b: Carbink|84\/100\n|-unboost|p2b: Carbink|spe|1\n|move|p1b: Tyranitar|Knock Off|p2b: Carbink\n|-supereffective|p2b: Carbink\n|-damage|p2b: Carbink|25\/100\n|-enditem|p2b: Carbink|Leftovers|[from] move: Knock Off|[of] p1b: Tyranitar\n|move|p2a: Salamence|Iron Head|p1a: Iron Bundle\n|-damage|p1a: Iron Bundle|69\/100\n|move|p2b: Carbink|Trick Room|p2b: Carbink\n|-fieldstart|move: Trick Room|[of] p2b: Carbink\n|\n|-weather|Sandstorm|[upkeep]\n|-damage|p2b: Carbink|20\/100|[from] Sandstorm\n|-damage|p2a: Salamence|3\/100|[from] Sandstorm\n|-damage|p1a: Iron Bundle|63\/100|[from] Sandstorm\n|-heal|p2b: Carbink|25\/100|[from] Grassy Terrain\n|-heal|p1a: Iron Bundle|69\/100|[from] Grassy Terrain\n|upkeep\n|turn|5\n|\n|t:|1699920778\n|-end|p1a: Iron Bundle|Quark Drive|[silent]\n|switch|p1a: Rillaboom|Rillaboom, L50, F|100\/100\n|move|p2b: Carbink|Body Press|p1b: Tyranitar\n|-supereffective|p1b: Tyranitar\n|-damage|p1b: Tyranitar|5\/100\n|move|p2a: Salamence|Dual Wingbeat|p1a: Rillaboom\n|-supereffective|p1a: Rillaboom\n|-damage|p1a: Rillaboom|52\/100\n|-supereffective|p1a: Rillaboom\n|-damage|p1a: Rillaboom|7\/100\n|-hitcount|p1a: Rillaboom|2\n|move|p1b: Tyranitar|Rock Slide|p2b: Carbink|[spread] p2a,p2b\n|-supereffective|p2a: Salamence\n|-damage|p2a: Salamence|0 fnt\n|-damage|p2b: Carbink|8\/100\n|faint|p2a: Salamence\n|\n|-weather|Sandstorm|[upkeep]\n|-damage|p2b: Carbink|2\/100|[from] Sandstorm\n|-damage|p1a: Rillaboom|1\/100|[from] Sandstorm\n|-heal|p2b: Carbink|8\/100|[from] Grassy Terrain\n|-heal|p1a: Rillaboom|7\/100|[from] Grassy Terrain\n|-heal|p1b: Tyranitar|11\/100|[from] Grassy Terrain\n|-fieldend|move: Grassy Terrain\n|upkeep\n|\n|t:|1699920788\n|switch|p2a: Ursaluna|Ursaluna-Bloodmoon, L50, M|100\/100\n|turn|6\n|\n|t:|1699920812\n|switch|p1b: Kommo-o|Kommo-o, L50, F|100\/100\n|move|p2b: Carbink|Iron Defense|p2b: Carbink\n|-boost|p2b: Carbink|def|2\n|move|p2a: Ursaluna|Hyper Voice|p1a: Rillaboom|[spread] p1a,p1b\n|-damage|p1a: Rillaboom|0 fnt\n|-damage|p1b: Kommo-o|58\/100\n|faint|p1a: Rillaboom\n|-damage|p2a: Ursaluna|90\/100|[from] item: Life Orb\n|\n|-weather|none\n|-heal|p1b: Kommo-o|64\/100|[from] item: Leftovers\n|upkeep\n|\n|t:|1699920819\n|switch|p1a: Iron Bundle|Iron Bundle, L50|69\/100\n|turn|7\n|\n|t:|1699920844\n|move|p2a: Ursaluna|Protect|p2a: Ursaluna\n|-singleturn|p2a: Ursaluna|Protect\n|move|p1b: Kommo-o|Protect|p1b: Kommo-o\n|-singleturn|p1b: Kommo-o|Protect\n|move|p1a: Iron Bundle|Protect|p1a: Iron Bundle\n|-singleturn|p1a: Iron Bundle|Protect\n|move|p2b: Carbink|Body Press|p1b: Kommo-o\n|-activate|p1b: Kommo-o|move: Protect\n|\n|-heal|p1b: Kommo-o|70\/100|[from] item: Leftovers\n|upkeep\n|turn|8\n|\n|t:|1699920872\n|switch|p1b: Tyranitar|Tyranitar, L50, F|11\/100\n|-weather|Sandstorm|[from] ability: Sand Stream|[of] p1b: Tyranitar\n|move|p2b: Carbink|Body Press|p1a: Iron Bundle\n|-supereffective|p1a: Iron Bundle\n|-damage|p1a: Iron Bundle|0 fnt\n|faint|p1a: Iron Bundle\n|-end|p1a: Iron Bundle|Quark Drive|[silent]\n|move|p2a: Ursaluna|Blood Moon|p1b: Tyranitar\n|-resisted|p1b: Tyranitar\n|-damage|p1b: Tyranitar|0 fnt\n|faint|p1b: Tyranitar\n|-damage|p2a: Ursaluna|80\/100|[from] item: Life Orb\n|\n|-weather|Sandstorm|[upkeep]\n|-damage|p2b: Carbink|2\/100|[from] Sandstorm\n|-fieldend|move: Trick Room\n|upkeep\n|\n|t:|1699920880\n|switch|p1b: Kommo-o|Kommo-o, L50, F|70\/100\n|turn|9\n|\n|t:|1699920888\n|move|p1b: Kommo-o|Protect|p1b: Kommo-o\n|-singleturn|p1b: Kommo-o|Protect\n|move|p2a: Ursaluna|Earth Power|p1b: Kommo-o\n|-activate|p1b: Kommo-o|move: Protect\n|move|p2b: Carbink|Trick Room|p2b: Carbink\n|-fieldstart|move: Trick Room|[of] p2b: Carbink\n|\n|-weather|Sandstorm|[upkeep]\n|-damage|p2b: Carbink|0 fnt|[from] Sandstorm\n|faint|p2b: Carbink\n|-heal|p1b: Kommo-o|76\/100|[from] item: Leftovers\n|upkeep\n|\n|t:|1699920890\n|switch|p2b: Iron Hands|Iron Hands, L50|100\/100\n|turn|10\n|\n|t:|1699920897\n|move|p2a: Ursaluna|Blood Moon|p1b: Kommo-o\n|-damage|p1b: Kommo-o|0 fnt\n|faint|p1b: Kommo-o\n|-damage|p2a: Ursaluna|70\/100|[from] item: Life Orb\n|\n|win|Beastyshadow13\n|raw|Fennel_Strawborzoi's rating: 1404 &rarr; <strong>1387<\/strong><br \/>(-17 for losing)\n|raw|Beastyshadow13's rating: 1455 &rarr; <strong>1472<\/strong><br \/>(+17 for winning)\n|l|\u2606Fennel_Strawborzoi\n","uploadtime":1699921078,"views":25,"p1id":"fennelstrawborzoi","p2id":"beastyshadow13","formatid":"gen9vgc2023regulatione","rating":1387,"private":0,"password":""}