{"id":"gen9vgc2023regulatione-2000357394","p1":"anoredhel","p2":"Lurvas","format":"[Gen 9] VGC 2023 Regulation E","log":"|j|\u2606anoredhel\n|j|\u2606Lurvas\n|t:|1701187961\n|gametype|doubles\n|player|p1|anoredhel|1|1169\n|player|p2|Lurvas|alder|1181\n|teamsize|p1|6\n|teamsize|p2|6\n|gen|9\n|tier|[Gen 9] VGC 2023 Regulation E\n|rated|\n|rule|Species Clause: Limit one of each Pok\u00e9mon\n|rule|Item Clause: Limit one of each item\n|clearpoke\n|poke|p1|Regidrago, L50|\n|poke|p1|Iron Hands, L50|\n|poke|p1|Chi-Yu, L50|\n|poke|p1|Tornadus, L50, M|\n|poke|p1|Arcanine-Hisui, L50, F|\n|poke|p1|Sinistcha, L50|\n|poke|p2|Urshifu-*, L50, F|\n|poke|p2|Rillaboom, L50, F|\n|poke|p2|Flutter Mane, L50|\n|poke|p2|Arcanine-Hisui, L50, M|\n|poke|p2|Chien-Pao, L50|\n|poke|p2|Tornadus, L50, M|\n|teampreview|4\n|inactive|Battle timer is ON: inactive players will automatically lose when time's up. (requested by Lurvas)\nLurvas has agreed to open team sheets.\n|\n|t:|1701188001\n|start\n|switch|p1a: Regidrago|Regidrago, L50, shiny|100\/100\n|switch|p1b: Tornadus|Tornadus, L50, M|100\/100\n|switch|p2a: Tornadus|Tornadus, L50, M|100\/100\n|switch|p2b: Rillaboom|Rillaboom, L50, F|100\/100\n|-fieldstart|move: Grassy Terrain|[from] ability: Grassy Surge|[of] p2b: Rillaboom\n|turn|1\n|\n|t:|1701188018\n|move|p2b: Rillaboom|Fake Out|p1a: Regidrago\n|-crit|p1a: Regidrago\n|-damage|p1a: Regidrago|77\/100\n|move|p2a: Tornadus|Taunt|p1b: Tornadus\n|-start|p1b: Tornadus|move: Taunt\n|-enditem|p1b: Tornadus|Mental Herb\n|-end|p1b: Tornadus|move: Taunt\n|move|p1b: Tornadus|Taunt|p2a: Tornadus\n|-start|p2a: Tornadus|move: Taunt\n|cant|p1a: Regidrago|flinch\n|\n|-heal|p1a: Regidrago|84\/100|[from] Grassy Terrain\n|upkeep\n|turn|2\n|\n|t:|1701188037\n|move|p1b: Tornadus|Tailwind|p1b: Tornadus\n|-sidestart|p1: anoredhel|move: Tailwind\n|move|p2b: Rillaboom|Grassy Glide|p1a: Regidrago\n|-resisted|p1a: Regidrago\n|-damage|p1a: Regidrago|65\/100\n|move|p1a: Regidrago|Dragon Energy|p2b: Rillaboom|[spread] p2a,p2b\n|-damage|p2a: Tornadus|39\/100\n|-damage|p2b: Rillaboom|60\/100\n|move|p2a: Tornadus|Bleakwind Storm|p1a: Regidrago|[spread] p1b\n|-miss|p2a: Tornadus|p1a: Regidrago\n|-damage|p1b: Tornadus|59\/100\n|-unboost|p1b: Tornadus|spe|1\n|\n|-heal|p1a: Regidrago|71\/100|[from] Grassy Terrain\n|-heal|p2b: Rillaboom|66\/100|[from] Grassy Terrain\n|upkeep\n|turn|3\n|inactive|Lurvas has 30 seconds left.\n|\n|t:|1701188064\n|switch|p2a: Flutter Mane|Flutter Mane, L50|100\/100\n|-enditem|p2a: Flutter Mane|Booster Energy\n|-activate|p2a: Flutter Mane|ability: Protosynthesis|[fromitem]\n|-start|p2a: Flutter Mane|protosynthesisspe\n|move|p1a: Regidrago|Protect|p1a: Regidrago\n|-singleturn|p1a: Regidrago|Protect\n|move|p1b: Tornadus|Bleakwind Storm|p2a: Flutter Mane|[spread] p2a,p2b\n|-supereffective|p2b: Rillaboom\n|-damage|p2a: Flutter Mane|73\/100\n|-damage|p2b: Rillaboom|20\/100\n|-unboost|p2a: Flutter Mane|spe|1\n|-unboost|p2b: Rillaboom|spe|1\n|move|p2b: Rillaboom|Drum Beating|p1a: Regidrago\n|-activate|p1a: Regidrago|move: Protect\n|\n|-heal|p1a: Regidrago|77\/100|[from] Grassy Terrain\n|-heal|p2a: Flutter Mane|79\/100|[from] Grassy Terrain\n|-heal|p2b: Rillaboom|26\/100|[from] Grassy Terrain\n|upkeep\n|turn|4\n|\n|t:|1701188086\n|-terastallize|p1a: Regidrago|Steel\n|move|p2b: Rillaboom|Grassy Glide|p1b: Tornadus\n|-resisted|p1b: Tornadus\n|-damage|p1b: Tornadus|42\/100\n|move|p1a: Regidrago|Tera Blast|p2a: Flutter Mane|[anim] Tera Blast Steel\n|-supereffective|p2a: Flutter Mane\n|-damage|p2a: Flutter Mane|9\/100\n|move|p2a: Flutter Mane|Icy Wind|p1b: Tornadus|[spread] p1a,p1b\n|-resisted|p1a: Regidrago\n|-supereffective|p1b: Tornadus\n|-damage|p1a: Regidrago|70\/100\n|-damage|p1b: Tornadus|11\/100\n|-unboost|p1a: Regidrago|spe|1\n|-unboost|p1b: Tornadus|spe|1\n|move|p1b: Tornadus|Bleakwind Storm|p2a: Flutter Mane|[spread] p2a,p2b\n|-supereffective|p2b: Rillaboom\n|-damage|p2a: Flutter Mane|0 fnt\n|-damage|p2b: Rillaboom|0 fnt\n|faint|p2a: Flutter Mane\n|-end|p2a: Flutter Mane|Protosynthesis|[silent]\n|faint|p2b: Rillaboom\n|\n|-heal|p1a: Regidrago|76\/100|[from] Grassy Terrain\n|upkeep\n|\n|t:|1701188104\n|switch|p2a: Tornadus|Tornadus, L50, M|39\/100\n|switch|p2b: Arcanine|Arcanine-Hisui, L50, M|100\/100\n|-ability|p2b: Arcanine|Intimidate|boost\n|-unboost|p1a: Regidrago|atk|1\n|-unboost|p1b: Tornadus|atk|1\n|turn|5\n|\n|t:|1701188120\n|move|p2a: Tornadus|Tailwind|p2a: Tornadus\n|-sidestart|p2: Lurvas|move: Tailwind\n|move|p1b: Tornadus|Taunt|p2a: Tornadus\n|-start|p2a: Tornadus|move: Taunt\n|move|p2b: Arcanine|Flare Blitz|p1a: Regidrago\n|-supereffective|p1a: Regidrago\n|-damage|p1a: Regidrago|0 fnt\n|faint|p1a: Regidrago\n|-damage|p2b: Arcanine|57\/100|[from] Recoil\n|\n|-heal|p2b: Arcanine|64\/100|[from] Grassy Terrain\n|-sideend|p1: anoredhel|move: Tailwind\n|-fieldend|move: Grassy Terrain\n|upkeep\n|\n|t:|1701188136\n|switch|p1a: Iron Hands|Iron Hands, L50|100\/100\n|turn|6\n|\n|t:|1701188153\n|move|p1a: Iron Hands|Fake Out|p2b: Arcanine\n|-resisted|p2b: Arcanine\n|-damage|p2b: Arcanine|53\/100\n|move|p1b: Tornadus|Tailwind|p1b: Tornadus\n|-sidestart|p1: anoredhel|move: Tailwind\n|move|p2a: Tornadus|Bleakwind Storm|p1b: Tornadus|[spread] p1a\n|-miss|p2a: Tornadus|p1b: Tornadus\n|-damage|p1a: Iron Hands|80\/100\n|cant|p2b: Arcanine|flinch\n|\n|upkeep\n|turn|7\n|\n|t:|1701188167\n|move|p2a: Tornadus|Bleakwind Storm|p1b: Tornadus|[spread] p1b\n|-miss|p2a: Tornadus|p1a: Iron Hands\n|-damage|p1b: Tornadus|0 fnt\n|faint|p1b: Tornadus\n|move|p2b: Arcanine|Flare Blitz|p1a: Iron Hands\n|-damage|p1a: Iron Hands|18\/100\n|-damage|p2b: Arcanine|26\/100|[from] Recoil\n|move|p1a: Iron Hands|Drain Punch|p2b: Arcanine\n|-supereffective|p2b: Arcanine\n|-damage|p2b: Arcanine|0 fnt\n|-heal|p1a: Iron Hands|28\/100|[from] drain|[of] p2b: Arcanine\n|faint|p2b: Arcanine\n|\n|upkeep\n|\n|t:|1701188181\n|switch|p1b: Sinistcha|Sinistcha, L50|100\/100\n|-heal|p1a: Iron Hands|52\/100|[from] ability: Hospitality|[of] p1b: Sinistcha\n|turn|8\n|\n|t:|1701188200\n|-terastallize|p2a: Tornadus|Ghost\n|move|p1b: Sinistcha|Protect|p1b: Sinistcha\n|-singleturn|p1b: Sinistcha|Protect\n|move|p2a: Tornadus|Bleakwind Storm|p1a: Iron Hands|[spread] p1a\n|-activate|p1b: Sinistcha|move: Protect\n|-damage|p1a: Iron Hands|32\/100\n|move|p1a: Iron Hands|Wild Charge|p2a: Tornadus\n|-damage|p2a: Tornadus|0 fnt\n|faint|p2a: Tornadus\n|-damage|p1a: Iron Hands|25\/100|[from] Recoil\n|\n|win|anoredhel\n|raw|anoredhel's rating: 1169 &rarr; <strong>1195<\/strong><br \/>(+26 for winning)\n|raw|Lurvas's rating: 1181 &rarr; <strong>1155<\/strong><br \/>(-26 for losing)\n|l|\u2606anoredhel\n|c|\u2606Lurvas|gg\n","uploadtime":1701188221,"views":14,"p1id":"anoredhel","p2id":"lurvas","formatid":"gen9vgc2023regulatione","rating":1155,"private":0,"password":""}