{"id":"gen9vgc2023regulatione-1993735414","p1":"huffingkoffinggas","p2":"Bell george chae","format":"[Gen 9] VGC 2023 Regulation E","log":"|j|\u2606huffingkoffinggas\n|j|\u2606Bell george chae\n|t:|1700351057\n|gametype|doubles\n|player|p1|huffingkoffinggas|medium|1150\n|player|p2|Bell george chae|266|1230\n|teamsize|p1|6\n|teamsize|p2|6\n|gen|9\n|tier|[Gen 9] VGC 2023 Regulation E\n|rated|\n|rule|Species Clause: Limit one of each Pok\u00e9mon\n|rule|Item Clause: Limit one of each item\n|clearpoke\n|poke|p1|Ursaluna-Bloodmoon, L50, M|\n|poke|p1|Iron Bundle, L50|\n|poke|p1|Ogerpon, L50, F|\n|poke|p1|Sableye, L50, F|\n|poke|p1|Landorus, L50, M|\n|poke|p1|Tyranitar, L50, F|\n|poke|p2|Dusclops, L50, F|\n|poke|p2|Glastrier, L50|\n|poke|p2|Indeedee-F, L50, F|\n|poke|p2|Ursaluna-Bloodmoon, L50, M|\n|poke|p2|Amoonguss, L50, F|\n|poke|p2|Armarouge, L50, F|\n|teampreview|4\n|inactive|Battle timer is ON: inactive players will automatically lose when time's up. (requested by huffingkoffinggas)\n|\n|t:|1700351076\n|start\n|switch|p1a: Ursaluna|Ursaluna-Bloodmoon, L50, M|100\/100\n|switch|p1b: Tyranitar|Tyranitar, L50, F|100\/100\n|switch|p2a: Dusclops|Dusclops, L50, F|100\/100\n|switch|p2b: Ursaluna|Ursaluna-Bloodmoon, L50, M|100\/100\n|-weather|Sandstorm|[from] ability: Sand Stream|[of] p1b: Tyranitar\n|-item|p1a: Ursaluna|Throat Spray|[from] ability: Frisk|[of] p2a: Dusclops|[identify]\n|-item|p1b: Tyranitar|Assault Vest|[from] ability: Frisk|[of] p2a: Dusclops|[identify]\n|turn|1\n|inactive|Bell george chae has 30 seconds left.\n|\n|t:|1700351104\n|-terastallize|p1b: Tyranitar|Psychic\n|-terastallize|p2b: Ursaluna|Normal\n|move|p1b: Tyranitar|Tera Blast|p2b: Ursaluna|[anim] Tera Blast Psychic\n|-damage|p2b: Ursaluna|71\/100\n|move|p1a: Ursaluna|Hyper Voice|p2b: Ursaluna|[spread] p2a,p2b\n|-damage|p2a: Dusclops|80\/100\n|-damage|p2b: Ursaluna|23\/100\n|-enditem|p1a: Ursaluna|Throat Spray\n|-boost|p1a: Ursaluna|spa|1|[from] item: Throat Spray\n|move|p2b: Ursaluna|Hyper Voice|p1a: Ursaluna|[spread] p1a,p1b\n|-enditem|p2b: Ursaluna|Normal Gem|[from] gem\n|-damage|p1a: Ursaluna|27\/100\n|-damage|p1b: Tyranitar|64\/100\n|move|p2a: Dusclops|Will-O-Wisp|p1a: Ursaluna\n|-status|p1a: Ursaluna|brn\n|\n|-weather|Sandstorm|[upkeep]\n|-damage|p1b: Tyranitar|58\/100|[from] Sandstorm\n|-damage|p2b: Ursaluna|17\/100|[from] Sandstorm\n|-damage|p2a: Dusclops|74\/100|[from] Sandstorm\n|-damage|p1a: Ursaluna|21\/100 brn|[from] brn\n|upkeep\n|turn|2\n|inactive|huffingkoffinggas has 30 seconds left.\n|\n|t:|1700351139\n|move|p2b: Ursaluna|Protect|p2b: Ursaluna\n|-singleturn|p2b: Ursaluna|Protect\n|move|p1b: Tyranitar|Tera Blast|p2b: Ursaluna|[anim] Tera Blast Psychic\n|-activate|p2b: Ursaluna|move: Protect\n|move|p1a: Ursaluna|Hyper Voice|p2b: Ursaluna|[spread] p2a\n|-activate|p2b: Ursaluna|move: Protect\n|-damage|p2a: Dusclops|45\/100\n|move|p2a: Dusclops|Trick Room|p2a: Dusclops\n|-fieldstart|move: Trick Room|[of] p2a: Dusclops\n|\n|-weather|Sandstorm|[upkeep]\n|-damage|p2a: Dusclops|39\/100|[from] Sandstorm\n|-damage|p2b: Ursaluna|11\/100|[from] Sandstorm\n|-damage|p1b: Tyranitar|52\/100|[from] Sandstorm\n|-damage|p1a: Ursaluna|14\/100 brn|[from] brn\n|upkeep\n|turn|3\n|\n|t:|1700351160\n|move|p2a: Dusclops|Night Shade|p1b: Tyranitar\n|-damage|p1b: Tyranitar|28\/100\n|move|p1a: Ursaluna|Hyper Voice|p2b: Ursaluna|[spread] p2a,p2b\n|-damage|p2a: Dusclops|9\/100\n|-damage|p2b: Ursaluna|0 fnt\n|faint|p2b: Ursaluna\n|move|p1b: Tyranitar|Knock Off|p2a: Dusclops\n|-supereffective|p2a: Dusclops\n|-damage|p2a: Dusclops|0 fnt\n|-enditem|p2a: Dusclops|Eviolite|[from] move: Knock Off|[of] p1b: Tyranitar\n|faint|p2a: Dusclops\n|\n|-weather|Sandstorm|[upkeep]\n|-damage|p1b: Tyranitar|22\/100|[from] Sandstorm\n|-damage|p1a: Ursaluna|8\/100 brn|[from] brn\n|upkeep\n|\n|t:|1700351174\n|switch|p2a: Armarouge|Armarouge, L50, F|100\/100\n|switch|p2b: Indeedee|Indeedee-F, L50, F|100\/100\n|-fieldstart|move: Psychic Terrain|[from] ability: Psychic Surge|[of] p2b: Indeedee\n|turn|4\n|\n|t:|1700351187\n|move|p1a: Ursaluna|Protect|p1a: Ursaluna\n|-singleturn|p1a: Ursaluna|Protect\n|move|p1b: Tyranitar|Knock Off|p2b: Indeedee\n|-supereffective|p2b: Indeedee\n|-crit|p2b: Indeedee\n|-damage|p2b: Indeedee|0 fnt\n|-enditem|p2b: Indeedee|Eject Button|[from] move: Knock Off|[of] p1b: Tyranitar\n|faint|p2b: Indeedee\n|move|p2a: Armarouge|Heat Wave|p1a: Ursaluna|[spread] \n|-activate|p1a: Ursaluna|move: Protect\n|-miss|p2a: Armarouge|p1b: Tyranitar\n|\n|-weather|Sandstorm|[upkeep]\n|-damage|p1b: Tyranitar|16\/100|[from] Sandstorm\n|-damage|p2a: Armarouge|95\/100|[from] Sandstorm\n|-damage|p1a: Ursaluna|2\/100 brn|[from] brn\n|upkeep\n|turn|5\n|-message|Bell george chae forfeited.\n|\n|win|huffingkoffinggas\n|raw|huffingkoffinggas's rating: 1150 &rarr; <strong>1181<\/strong><br \/>(+31 for winning)\n|raw|Bell george chae's rating: 1230 &rarr; <strong>1199<\/strong><br \/>(-31 for losing)\n|l|\u2606Bell george chae\n","uploadtime":1700351205,"views":24,"p1id":"huffingkoffinggas","p2id":"bellgeorgechae","formatid":"gen9vgc2023regulatione","rating":1181,"private":0,"password":""}