{"id":"gen9vgc2023regulatione-1992252762","p1":"BanoVGC","p2":"torterrnite","format":"[Gen 9] VGC 2023 Regulation E","log":"|j|\u2606BanoVGC\n|j|\u2606torterrnite\n|n|\u2606BanoVGC|banovgc\n|n|\u2606torterrnite|torterrnite\n|html|View the match progress at <a href=\"\/game-bestof3-gen9vgc2023regulatione-1992252761\">game-bestof3-gen9vgc2023regulatione-1992252761<\/a>\n|t:|1700167922\n|gametype|doubles\n|player|p1|BanoVGC|265|\n|player|p2|torterrnite|clair|\n|teamsize|p1|6\n|teamsize|p2|6\n|gen|9\n|tier|[Gen 9] VGC 2023 Regulation E\n|rule|Species Clause: Limit one of each Pok\u00e9mon\n|rule|Item Clause: Limit one of each item\n|clearpoke\n|poke|p1|Heatran, L50, F|\n|poke|p1|Urshifu-*, L50, F|\n|poke|p1|Farigiraf, L50, F|\n|poke|p1|Dragonite, L50, M|\n|poke|p1|Chien-Pao, L50|\n|poke|p1|Rillaboom, L50, F|\n|poke|p2|Farigiraf, L50, F|\n|poke|p2|Tornadus, L50, M|\n|poke|p2|Regidrago, L50|\n|poke|p2|Iron Hands, L50|\n|poke|p2|Flutter Mane, L50|\n|poke|p2|Iron Treads, L50|\n|teampreview|4\ntorterrnite has agreed to open team sheets.\nBanoVGC has agreed to open team sheets.\n|showteam|p1|Heatran||AssaultVest|FlashFire|HeatWave,TeraBlast,FlashCannon,EarthPower|||F|||50|,,,,,Fairy]Urshifu-Rapid-Strike||ChoiceScarf|UnseenFist|CloseCombat,Uturn,AquaJet,SurgingStrikes|||F|||50|,,,,,Water]Farigiraf||RockyHelmet|ArmorTail|DazzlingGleam,HelpingHand,Psychic,TrickRoom|||F|||50|,,,,,Fairy]Dragonite||ChoiceBand|InnerFocus|ExtremeSpeed,StompingTantrum,AerialAce,Outrage|||M|||50|,,,,,Normal]Chien-Pao||FocusSash|SwordofRuin|SuckerPunch,SacredSword,IceSpinner,Protect||||||50|,,,,,Ghost]Rillaboom||MiracleSeed|GrassySurge|FakeOut,Protect,GrassyGlide,WoodHammer|||F|||50|,,,,,Fire\n|showteam|p2|Farigiraf||SitrusBerry|ArmorTail|Imprison,DazzlingGleam,Psychic,TrickRoom|||F|||50|,,,,,Fairy]Tornadus||CovertCloak|Prankster|Protect,BleakwindStorm,Tailwind,Taunt|||M|||50|,,,,,Ghost]Regidrago||DragonFang|DragonsMaw|DragonEnergy,EarthPower,Protect,DracoMeteor||||||50|,,,,,Steel]Iron Hands||AssaultVest|QuarkDrive|FakeOut,HeavySlam,WildCharge,DrainPunch||||||50|,,,,,Water]Flutter Mane||BoosterEnergy|Protosynthesis|DazzlingGleam,Protect,ShadowBall,PowerGem||||||50|,,,,,Fairy]Iron Treads||LifeOrb|QuarkDrive|HighHorsepower,IronHead,IceSpinner,Protect||||||50|,,,,,Fairy\n|c|\u2606torterrnite|i just realized you have a rosa icon! love that, glhf!\n|c|\u2606BanoVGC|Oh, actually my pp resets to random every time I log\n|c|\u2606BanoVGC|But I love her too! Ahahaha\n|c|\u2606torterrnite|ohhhh\n|c|\u2606BanoVGC|On my other PC my pp is Legends Arceus Lucas\n|c|\u2606BanoVGC|glhf!\n|c|\u2606torterrnite|glhf!\n|\n|t:|1700168041\n|start\n|switch|p1a: Dragonite|Dragonite, L50, M|100\/100\n|switch|p1b: Chien-Pao|Chien-Pao, L50|100\/100\n|switch|p2a: Grump|Tornadus, L50, M|100\/100\n|switch|p2b: Melenaleteo|Flutter Mane, L50|100\/100\n|-ability|p1b: Chien-Pao|Sword of Ruin\n|-enditem|p2b: Melenaleteo|Booster Energy\n|-activate|p2b: Melenaleteo|ability: Protosynthesis|[fromitem]\n|-start|p2b: Melenaleteo|protosynthesisspa\n|turn|1\n|\n|t:|1700168069\n|-terastallize|p1a: Dragonite|Normal\n|move|p1b: Chien-Pao|Ice Spinner|p2a: Grump\n|-supereffective|p2a: Grump\n|-damage|p2a: Grump|0 fnt\n|faint|p2a: Grump\n|move|p2b: Melenaleteo|Dazzling Gleam|p1a: Dragonite|[spread] p1a,p1b\n|-supereffective|p1b: Chien-Pao\n|-damage|p1a: Dragonite|69\/100\n|-enditem|p1b: Chien-Pao|Focus Sash\n|-damage|p1b: Chien-Pao|1\/100\n|move|p1a: Dragonite|Aerial Ace|p2b: Melenaleteo\n|-damage|p2b: Melenaleteo|30\/100\n|\n|upkeep\n|\n|t:|1700168077\n|switch|p2a: wheely|Iron Treads, L50|100\/100\n|turn|2\n|\n|t:|1700168126\n|switch|p1a: Rillaboom|Rillaboom, L50, F|100\/100\n|-fieldstart|move: Grassy Terrain|[from] ability: Grassy Surge|[of] p1a: Rillaboom\n|-terastallize|p2a: wheely|Fairy\n|move|p1b: Chien-Pao|Protect|p1b: Chien-Pao\n|-singleturn|p1b: Chien-Pao|Protect\n|move|p2b: Melenaleteo|Protect|p2b: Melenaleteo\n|-singleturn|p2b: Melenaleteo|Protect\n|move|p2a: wheely|Iron Head|p1b: Chien-Pao\n|-activate|p1b: Chien-Pao|move: Protect\n|\n|-heal|p1b: Chien-Pao|7\/100|[from] Grassy Terrain\n|-heal|p2b: Melenaleteo|36\/100|[from] Grassy Terrain\n|upkeep\n|turn|3\n|\n|t:|1700168150\n|-end|p2b: Melenaleteo|Protosynthesis|[silent]\n|switch|p2b: Boom Stick|Regidrago, L50|100\/100\n|move|p1a: Rillaboom|Fake Out|p2a: wheely\n|-damage|p2a: wheely|83\/100\n|move|p1b: Chien-Pao|Ice Spinner|p2b: Boom Stick\n|-supereffective|p2b: Boom Stick\n|-damage|p2b: Boom Stick|2\/100\n|-fieldend|move: Grassy Terrain\n|cant|p2a: wheely|flinch\n|\n|upkeep\n|turn|4\n|\n|t:|1700168180\n|move|p1b: Chien-Pao|Protect|p1b: Chien-Pao\n|-singleturn|p1b: Chien-Pao|Protect\n|move|p2a: wheely|Ice Spinner|p1a: Rillaboom\n|-supereffective|p1a: Rillaboom\n|-damage|p1a: Rillaboom|22\/100\n|-damage|p2a: wheely|74\/100|[from] item: Life Orb\n|move|p1a: Rillaboom|Wood Hammer|p2b: Boom Stick\n|-resisted|p2b: Boom Stick\n|-damage|p2b: Boom Stick|0 fnt\n|faint|p2b: Boom Stick\n|-damage|p1a: Rillaboom|21\/100|[from] Recoil\n|\n|upkeep\n|\n|t:|1700168189\n|switch|p2b: Melenaleteo|Flutter Mane, L50|36\/100\n|turn|5\n|\n|t:|1700168219\n|switch|p1b: Heatran|Heatran, L50, F|100\/100\n|move|p2b: Melenaleteo|Dazzling Gleam|p1a: Rillaboom|[spread] p1a,p1b\n|-resisted|p1b: Heatran\n|-damage|p1a: Rillaboom|0 fnt\n|-damage|p1b: Heatran|97\/100\n|faint|p1a: Rillaboom\n|move|p2a: wheely|Ice Spinner|p1b: Heatran\n|-resisted|p1b: Heatran\n|-damage|p1b: Heatran|91\/100\n|-damage|p2a: wheely|64\/100|[from] item: Life Orb\n|\n|upkeep\n|\n|t:|1700168233\n|switch|p1a: Chien-Pao|Chien-Pao, L50|7\/100\n|-ability|p1a: Chien-Pao|Sword of Ruin\n|turn|6\n|\n|t:|1700168240\n|switch|p1b: Dragonite|Dragonite, L50, M, tera:Normal|69\/100\n|move|p1a: Chien-Pao|Protect|p1a: Chien-Pao\n|-singleturn|p1a: Chien-Pao|Protect\n|move|p2b: Melenaleteo|Protect|p2b: Melenaleteo\n|-singleturn|p2b: Melenaleteo|Protect\n|move|p2a: wheely|High Horsepower|p1b: Dragonite\n|-damage|p1b: Dragonite|0 fnt\n|faint|p1b: Dragonite\n|-damage|p2a: wheely|54\/100|[from] item: Life Orb\n|\n|upkeep\n|\n|t:|1700168253\n|switch|p1b: Heatran|Heatran, L50, F|91\/100\n|turn|7\n|\n|t:|1700168277\n|move|p2b: Melenaleteo|Protect||[still]\n|-fail|p2b: Melenaleteo\n|move|p1a: Chien-Pao|Ice Spinner|p2b: Melenaleteo\n|-damage|p2b: Melenaleteo|0 fnt\n|faint|p2b: Melenaleteo\n|-end|p2b: Melenaleteo|Protosynthesis|[silent]\n|move|p2a: wheely|High Horsepower|p1b: Heatran\n|-supereffective|p1b: Heatran\n|-damage|p1b: Heatran|0 fnt\n|faint|p1b: Heatran\n|-damage|p2a: wheely|44\/100|[from] item: Life Orb\n|\n|upkeep\n|turn|8\n|\n|t:|1700168304\n|move|p1a: Chien-Pao|Ice Spinner|p2a: wheely\n|-damage|p2a: wheely|1\/100\n|move|p2a: wheely|Iron Head|p1a: Chien-Pao\n|-supereffective|p1a: Chien-Pao\n|-damage|p1a: Chien-Pao|0 fnt\n|faint|p1a: Chien-Pao\n|-damage|p2a: wheely|0 fnt|[from] item: Life Orb\n|faint|p2a: wheely\n|-end|p2a: wheely|Quark Drive|[silent]\n|\n|win|torterrnite\n|c|\u2606BanoVGC|Ouch\n|c|\u2606BanoVGC|ggwp\n|inactive|BanoVGC has 50 seconds to confirm battle start!\n|inactive|torterrnite has 50 seconds to confirm battle start!\n","uploadtime":1700168314,"views":20,"p1id":"banovgc","p2id":"torterrnite","formatid":"gen9vgc2023regulatione","rating":0,"private":0,"password":""}