{"id":"gen9vgc2023regulatione-1989150335","p1":"takua1495","p2":"Ididyourfamily","format":"[Gen 9] VGC 2023 Regulation E","log":"|j|\u2606takua1495\n|j|\u2606Ididyourfamily\n|t:|1699817583\n|gametype|doubles\n|player|p1|takua1495|benga|1131\n|player|p2|Ididyourfamily|265|1059\n|teamsize|p1|6\n|teamsize|p2|6\n|gen|9\n|tier|[Gen 9] VGC 2023 Regulation E\n|rated|\n|rule|Species Clause: Limit one of each Pok\u00e9mon\n|rule|Item Clause: Limit one of each item\n|clearpoke\n|poke|p1|Chandelure, L50, F|\n|poke|p1|Clefairy, L50, F|\n|poke|p1|Rillaboom, L50, F|\n|poke|p1|Ogerpon-Wellspring, L50, F|\n|poke|p1|Landorus-Therian, L50, M|\n|poke|p1|Empoleon, L50, F|\n|poke|p2|Ogerpon-Wellspring, L50, F|\n|poke|p2|Arcanine-Hisui, L50, M|\n|poke|p2|Flutter Mane, L50|\n|poke|p2|Iron Hands, L50|\n|poke|p2|Sinistcha, L50|\n|poke|p2|Landorus-Therian, L50, M|\n|teampreview|4\n|\n|t:|1699817614\n|start\n|switch|p1a: Empoleon|Empoleon, L50, F|100\/100\n|switch|p1b: Clefairy|Clefairy, L50, F|100\/100\n|switch|p2a: Ace|Arcanine-Hisui, L50, M|100\/100\n|switch|p2b: Cherry|Landorus-Therian, L50, M|100\/100\n|-ability|p2b: Cherry|Intimidate|boost\n|-unboost|p1a: Empoleon|atk|1\n|-ability|p1a: Empoleon|Competitive|boost\n|-boost|p1a: Empoleon|spa|2\n|-unboost|p1b: Clefairy|atk|1\n|-ability|p2a: Ace|Intimidate|boost\n|-unboost|p1a: Empoleon|atk|1\n|-ability|p1a: Empoleon|Competitive|boost\n|-boost|p1a: Empoleon|spa|2\n|-unboost|p1b: Clefairy|atk|1\n|turn|1\n|c|\u2606takua1495|gl hf\n|inactive|Battle timer is ON: inactive players will automatically lose when time's up. (requested by takua1495)\n|\n|t:|1699817683\n|-terastallize|p1a: Empoleon|Water\n|move|p1b: Clefairy|Follow Me|p1b: Clefairy\n|-singleturn|p1b: Clefairy|move: Follow Me\n|move|p2b: Cherry|Earth Power|p1b: Clefairy\n|-damage|p1b: Clefairy|64\/100\n|move|p2a: Ace|Flare Blitz|p1b: Clefairy\n|-damage|p1b: Clefairy|0 fnt\n|faint|p1b: Clefairy\n|-damage|p2a: Ace|82\/100|[from] Recoil\n|move|p1a: Empoleon|Ice Beam|p2b: Cherry\n|-supereffective|p2b: Cherry\n|-damage|p2b: Cherry|0 fnt\n|faint|p2b: Cherry\n|\n|upkeep\n|\n|t:|1699817700\n|switch|p2b: Depression|Ogerpon-Wellspring, L50, F|100\/100\n|switch|p1b: Rillaboom|Rillaboom, L50, F|100\/100\n|-fieldstart|move: Grassy Terrain|[from] ability: Grassy Surge|[of] p1b: Rillaboom\n|turn|2\n|\n|t:|1699817719\n|-terastallize|p2b: Depression|Water\n|detailschange|p2b: Depression|Ogerpon-Wellspring-Tera, L50, F, tera:Water\n|-ability|p2b: Depression|Embody Aspect (Wellspring)|boost\n|-boost|p2b: Depression|spd|1\n|move|p1b: Rillaboom|Fake Out|p2a: Ace\n|-resisted|p2a: Ace\n|-damage|p2a: Ace|74\/100\n|move|p2b: Depression|Follow Me|p2b: Depression\n|-singleturn|p2b: Depression|move: Follow Me\n|cant|p2a: Ace|flinch\n|move|p1a: Empoleon|Flash Cannon|p2b: Depression\n|-resisted|p2b: Depression\n|-damage|p2b: Depression|72\/100\n|\n|-heal|p2b: Depression|77\/100|[from] Grassy Terrain\n|-heal|p2a: Ace|80\/100|[from] Grassy Terrain\n|upkeep\n|turn|3\n|inactive|takua1495 has 30 seconds left.\n|inactive|Ididyourfamily has 30 seconds left.\n|inactive|takua1495 has 20 seconds left.\n|\n|t:|1699817758\n|move|p2b: Depression|Spiky Shield|p2b: Depression\n|-singleturn|p2b: Depression|move: Protect\n|move|p1b: Rillaboom|Grassy Glide|p2b: Depression\n|-activate|p2b: Depression|move: Protect\n|-damage|p1b: Rillaboom|88\/100|[from] Spiky Shield|[of] p2b: Depression\n|move|p2a: Ace|Flare Blitz|p1b: Rillaboom\n|-supereffective|p1b: Rillaboom\n|-damage|p1b: Rillaboom|0 fnt\n|faint|p1b: Rillaboom\n|-damage|p2a: Ace|50\/100|[from] Recoil\n|move|p1a: Empoleon|Flash Cannon|p2a: Ace\n|-damage|p2a: Ace|0 fnt\n|faint|p2a: Ace\n|\n|-heal|p2b: Depression|83\/100|[from] Grassy Terrain\n|upkeep\n|\n|t:|1699817778\n|switch|p2a: Sinistcha|Sinistcha, L50|100\/100\n|switch|p1b: Chandelure|Chandelure, L50, F, shiny|100\/100\n|-heal|p2b: Depression|100\/100|[from] ability: Hospitality|[of] p2a: Sinistcha\n|turn|4\n|inactive|takua1495 has 30 seconds left.\n|\n|t:|1699817807\n|move|p2b: Depression|Follow Me|p2b: Depression\n|-singleturn|p2b: Depression|move: Follow Me\n|move|p1b: Chandelure|Heat Wave|p2a: Sinistcha|[spread] p2a,p2b\n|-supereffective|p2a: Sinistcha\n|-resisted|p2b: Depression\n|-damage|p2a: Sinistcha|0 fnt\n|-damage|p2b: Depression|88\/100\n|faint|p2a: Sinistcha\n|move|p1a: Empoleon|Ice Beam|p2b: Depression\n|-resisted|p2b: Depression\n|-damage|p2b: Depression|66\/100\n|\n|-heal|p2b: Depression|72\/100|[from] Grassy Terrain\n|upkeep\n|turn|5\n|\n|t:|1699817820\n|move|p1b: Chandelure|Protect|p1b: Chandelure\n|-singleturn|p1b: Chandelure|Protect\n|move|p2b: Depression|Ivy Cudgel|p1b: Chandelure\n|-activate|p1b: Chandelure|move: Protect\n|move|p1a: Empoleon|Flash Cannon|p2b: Depression\n|-resisted|p2b: Depression\n|-damage|p2b: Depression|44\/100\n|\n|-heal|p2b: Depression|50\/100|[from] Grassy Terrain\n|upkeep\n|turn|6\n|\n|t:|1699817834\n|move|p1b: Chandelure|Protect||[still]\n|-fail|p1b: Chandelure\n|move|p2b: Depression|Ivy Cudgel|p1b: Chandelure\n|-supereffective|p1b: Chandelure\n|-damage|p1b: Chandelure|0 fnt\n|faint|p1b: Chandelure\n|move|p1a: Empoleon|Flash Cannon|p2b: Depression\n|-resisted|p2b: Depression\n|-damage|p2b: Depression|23\/100\n|\n|-heal|p2b: Depression|29\/100|[from] Grassy Terrain\n|-fieldend|move: Grassy Terrain\n|upkeep\n|turn|7\n|\n|t:|1699817847\n|move|p2b: Depression|Wood Hammer|p1a: Empoleon\n|-supereffective|p1a: Empoleon\n|-damage|p1a: Empoleon|11\/100\n|-damage|p2b: Depression|0 fnt|[from] Recoil\n|faint|p2b: Depression\n|\n|win|takua1495\n|raw|takua1495's rating: 1131 &rarr; <strong>1151<\/strong><br \/>(+20 for winning)\n|raw|Ididyourfamily's rating: 1059 &rarr; <strong>1044<\/strong><br \/>(-15 for losing)\n|c|\u2606takua1495|gg\n|l|\u2606Ididyourfamily\n","uploadtime":1699817912,"views":13,"p1id":"takua1495","p2id":"ididyourfamily","formatid":"gen9vgc2023regulatione","rating":1044,"private":0,"password":""}