{"id":"gen9vgc2023regulatione-1999115080","p1":"PritzShow","p2":"Cosmickyle13","format":"[Gen 9] VGC 2023 Regulation E","log":"|j|\u2606PritzShow\n|j|\u2606Cosmickyle13\n|n|\u2606PritzShow|pritzshow\n|n|\u2606Cosmickyle13|cosmickyle13\n|html|View the match progress at <a href=\"\/game-bestof3-gen9vgc2023regulatione-1999115079\">game-bestof3-gen9vgc2023regulatione-1999115079<\/a>\n|t:|1701034735\n|gametype|doubles\n|player|p1|PritzShow|fisherman-gen4|\n|player|p2|Cosmickyle13|169|\n|teamsize|p1|6\n|teamsize|p2|6\n|gen|9\n|tier|[Gen 9] VGC 2023 Regulation E\n|rule|Species Clause: Limit one of each Pok\u00e9mon\n|rule|Item Clause: Limit one of each item\n|clearpoke\n|poke|p1|Arcanine, L50, F|\n|poke|p1|Ting-Lu, L50|\n|poke|p1|Zapdos, L50|\n|poke|p1|Vivillon, L50, M|\n|poke|p1|Revavroom, L50, M|\n|poke|p1|Scream Tail, L50|\n|poke|p2|Flutter Mane, L50|\n|poke|p2|Glastrier, L50|\n|poke|p2|Iron Hands, L50|\n|poke|p2|Ogerpon, L50, F|\n|poke|p2|Iron Moth, L50|\n|poke|p2|Iron Treads, L50|\n|teampreview|4\n|inactive|Battle timer is ON: inactive players will automatically lose when time's up. (requested by PritzShow)\n|inactive|Cosmickyle13 also wants the timer to be on.\n|c|\u2606Cosmickyle13|Glhf :)\n|inactive|PritzShow has 60 seconds left.\n|inactive|Cosmickyle13 has 60 seconds left.\n|\n|t:|1701034772\n|start\n|switch|p1a: Arcanine|Arcanine, L50, F|100\/100\n|switch|p1b: Ting-Lu|Ting-Lu, L50|100\/100\n|switch|p2a: Iron Hands|Iron Hands, L50|100\/100\n|switch|p2b: Ogerpon|Ogerpon, L50, F|100\/100\n|-ability|p1a: Arcanine|Intimidate|boost\n|-unboost|p2a: Iron Hands|atk|1\n|-unboost|p2b: Ogerpon|atk|1\n|-ability|p2b: Ogerpon|Defiant|boost\n|-boost|p2b: Ogerpon|atk|2\n|-ability|p1b: Ting-Lu|Vessel of Ruin\n|turn|1\n|inactive|PritzShow has 30 seconds left.\n|\n|t:|1701034805\n|switch|p1b: Vivillon|Vivillon, L50, M|100\/100\n|move|p2b: Ogerpon|Follow Me|p2b: Ogerpon\n|-singleturn|p2b: Ogerpon|move: Follow Me\n|move|p1a: Arcanine|Will-O-Wisp|p2b: Ogerpon\n|-status|p2b: Ogerpon|brn\n|move|p2a: Iron Hands|Belly Drum|p2a: Iron Hands\n|-damage|p2a: Iron Hands|51\/100\n|-setboost|p2a: Iron Hands|atk|6|[from] move: Belly Drum\n|\n|-damage|p2b: Ogerpon|95\/100 brn|[from] brn\n|upkeep\n|turn|2\n|inactive|PritzShow has 30 seconds left.\n|\n|t:|1701034835\n|move|p2b: Ogerpon|Follow Me|p2b: Ogerpon\n|-singleturn|p2b: Ogerpon|move: Follow Me\n|move|p1b: Vivillon|Rage Powder|p1b: Vivillon\n|-singleturn|p1b: Vivillon|move: Rage Powder\n|move|p1a: Arcanine|Flare Blitz|p2b: Ogerpon\n|-supereffective|p2b: Ogerpon\n|-damage|p2b: Ogerpon|0 fnt\n|faint|p2b: Ogerpon\n|-damage|p1a: Arcanine|71\/100|[from] Recoil\n|move|p2a: Iron Hands|Drain Punch|p1b: Vivillon\n|-resisted|p1b: Vivillon\n|-damage|p1b: Vivillon|29\/100\n|-heal|p2a: Iron Hands|76\/100|[from] drain|[of] p1b: Vivillon\n|\n|upkeep\n|\n|t:|1701034850\n|switch|p2b: Flutter Mane|Flutter Mane, L50|100\/100\n|turn|3\n|inactive|PritzShow has 30 seconds left.\n|inactive|PritzShow has 20 seconds left.\n|inactive|PritzShow has 15 seconds left.\n|inactive|PritzShow has 10 seconds left.\n|\n|t:|1701034895\n|move|p2a: Iron Hands|Protect|p2a: Iron Hands\n|-singleturn|p2a: Iron Hands|Protect\n|move|p1b: Vivillon|Rage Powder|p1b: Vivillon\n|-singleturn|p1b: Vivillon|move: Rage Powder\n|move|p1a: Arcanine|Flare Blitz|p2a: Iron Hands\n|-activate|p2a: Iron Hands|move: Protect\n|move|p2b: Flutter Mane|Trick Room|p2b: Flutter Mane\n|-fieldstart|move: Trick Room|[of] p2b: Flutter Mane\n|\n|upkeep\n|turn|4\n|\n|t:|1701034915\n|move|p1b: Vivillon|Rage Powder|p1b: Vivillon\n|-singleturn|p1b: Vivillon|move: Rage Powder\n|move|p2b: Flutter Mane|Power Gem|p1b: Vivillon\n|-supereffective|p1b: Vivillon\n|-damage|p1b: Vivillon|0 fnt\n|faint|p1b: Vivillon\n|move|p2a: Iron Hands|Drain Punch|p1a: Arcanine\n|-damage|p1a: Arcanine|0 fnt\n|-heal|p2a: Iron Hands|100\/100|[from] drain|[of] p1a: Arcanine\n|faint|p1a: Arcanine\n|\n|upkeep\n|\n|t:|1701034919\n|switch|p1a: Revavroom|Revavroom, L50, M|100\/100\n|switch|p1b: Ting-Lu|Ting-Lu, L50|100\/100\n|-ability|p1b: Ting-Lu|Vessel of Ruin\n|turn|5\n|inactive|PritzShow has 30 seconds left.\n|\n|t:|1701034945\n|-terastallize|p1b: Ting-Lu|Fairy\n|move|p2b: Flutter Mane|Moonblast|p1b: Ting-Lu\n|-damage|p1b: Ting-Lu|77\/100\n|move|p2a: Iron Hands|Drain Punch|p1a: Revavroom\n|-damage|p1a: Revavroom|0 fnt\n|faint|p1a: Revavroom\n|move|p1b: Ting-Lu|Ruination|p2a: Iron Hands\n|-damage|p2a: Iron Hands|51\/100\n|\n|upkeep\n|turn|6\n|\n|t:|1701034969\n|move|p2b: Flutter Mane|Power Gem|p1b: Ting-Lu\n|-damage|p1b: Ting-Lu|64\/100\n|move|p2a: Iron Hands|Drain Punch|p1b: Ting-Lu\n|-resisted|p1b: Ting-Lu\n|-damage|p1b: Ting-Lu|9\/100\n|-heal|p2a: Iron Hands|78\/100|[from] drain|[of] p1b: Ting-Lu\n|move|p1b: Ting-Lu|Earthquake|p2a: Iron Hands|[spread] p2a,p2b\n|-supereffective|p2a: Iron Hands\n|-damage|p2a: Iron Hands|30\/100\n|-damage|p2b: Flutter Mane|35\/100\n|-enditem|p2a: Iron Hands|Sitrus Berry|[eat]\n|-heal|p2a: Iron Hands|55\/100|[from] item: Sitrus Berry\n|\n|upkeep\n|turn|7\n|\n|t:|1701034985\n|move|p2b: Flutter Mane|Moonblast|p1b: Ting-Lu\n|-damage|p1b: Ting-Lu|0 fnt\n|faint|p1b: Ting-Lu\n|\n|win|Cosmickyle13\n|c|&|\/uhtml prompt-pritzshow,PritzShow is ready for game 2!\n|inactive|Cosmickyle13 has 50 seconds to confirm battle start!\n|c|&|\/uhtml prompt-cosmickyle13,Cosmickyle13 is ready for game 2!\nBoth players are ready! Starting next match!\n","uploadtime":1701035635,"views":6,"p1id":"pritzshow","p2id":"cosmickyle13","formatid":"gen9vgc2023regulatione","rating":0,"private":0,"password":""}