{"id":"gen9vgc2023regulatione-1998472656","p1":"TrendanBrendan","p2":"eugeo1234","format":"[Gen 9] VGC 2023 Regulation E","log":"|j|\u2606TrendanBrendan\n|j|\u2606eugeo1234\n|t:|1700946204\n|gametype|doubles\n|player|p1|TrendanBrendan|lucas|1212\n|player|p2|eugeo1234|cynthia|1190\n|teamsize|p1|6\n|teamsize|p2|6\n|gen|9\n|tier|[Gen 9] VGC 2023 Regulation E\n|rated|\n|rule|Species Clause: Limit one of each Pok\u00e9mon\n|rule|Item Clause: Limit one of each item\n|clearpoke\n|poke|p1|Amoonguss, L50, M|\n|poke|p1|Heatran, L50, F|\n|poke|p1|Roaring Moon, L50|\n|poke|p1|Iron Hands, L50|\n|poke|p1|Flutter Mane, L50|\n|poke|p1|Landorus-Therian, L50, M|\n|poke|p2|Regidrago, L50|\n|poke|p2|Tornadus, L50, M|\n|poke|p2|Urshifu-*, L50, F|\n|poke|p2|Flutter Mane, L50|\n|poke|p2|Sinistcha, L50|\n|poke|p2|Heatran, L50, M|\n|teampreview|4\nTrendanBrendan has agreed to open team sheets.\n|inactive|Battle timer is ON: inactive players will automatically lose when time's up. (requested by eugeo1234)\neugeo1234 rejected open team sheets.\n|c|\u2606eugeo1234|let's go\n|inactive|TrendanBrendan has 60 seconds left.\n|\n|t:|1700946252\n|start\n|switch|p1a: Roaring Moon|Roaring Moon, L50|100\/100\n|switch|p1b: Heatran|Heatran, L50, F|100\/100\n|switch|p2a: Regidrago|Regidrago, L50|100\/100\n|switch|p2b: Tornadus|Tornadus, L50, M|100\/100\n|-enditem|p1a: Roaring Moon|Booster Energy\n|-activate|p1a: Roaring Moon|ability: Protosynthesis|[fromitem]\n|-start|p1a: Roaring Moon|protosynthesisspe\n|turn|1\n|\n|t:|1700946270\n|move|p2b: Tornadus|Tailwind|p2b: Tornadus\n|-sidestart|p2: eugeo1234|move: Tailwind\n|move|p1a: Roaring Moon|Breaking Swipe|p2b: Tornadus|[spread] p2a,p2b\n|-supereffective|p2a: Regidrago\n|-damage|p2a: Regidrago|51\/100\n|-damage|p2b: Tornadus|65\/100\n|-unboost|p2a: Regidrago|atk|1\n|move|p2a: Regidrago|Dragon Energy|p1b: Heatran|[spread] p1a,p1b\n|-supereffective|p1a: Roaring Moon\n|-resisted|p1b: Heatran\n|-damage|p1a: Roaring Moon|24\/100\n|-damage|p1b: Heatran|86\/100\n|move|p1b: Heatran|Heat Wave|p2b: Tornadus|[spread] p2a,p2b\n|-resisted|p2a: Regidrago\n|-damage|p2a: Regidrago|33\/100\n|-damage|p2b: Tornadus|15\/100\n|-enditem|p2a: Regidrago|Sitrus Berry|[eat]\n|-heal|p2a: Regidrago|58\/100|[from] item: Sitrus Berry\n|\n|upkeep\n|turn|2\n|inactive|TrendanBrendan has 30 seconds left.\n|\n|t:|1700946296\n|switch|p2b: Sinistcha|Sinistcha, L50|100\/100\n|-heal|p2a: Regidrago|82\/100|[from] ability: Hospitality|[of] p2b: Sinistcha\n|move|p1a: Roaring Moon|Protect|p1a: Roaring Moon\n|-singleturn|p1a: Roaring Moon|Protect\n|move|p2a: Regidrago|Dragon Energy|p1b: Heatran|[spread] p1b\n|-activate|p1a: Roaring Moon|move: Protect\n|-resisted|p1b: Heatran\n|-damage|p1b: Heatran|61\/100\n|move|p1b: Heatran|Earth Power|p2a: Regidrago\n|-damage|p2a: Regidrago|50\/100\n|-unboost|p2a: Regidrago|spd|1\n|\n|upkeep\n|turn|3\n|\n|t:|1700946312\n|move|p1a: Roaring Moon|Knock Off|p2b: Sinistcha\n|-supereffective|p2b: Sinistcha\n|-damage|p2b: Sinistcha|30\/100\n|-enditem|p2b: Sinistcha|Leftovers|[from] move: Knock Off|[of] p1a: Roaring Moon\n|move|p2a: Regidrago|Dragon Energy|p1a: Roaring Moon|[spread] p1a,p1b\n|-supereffective|p1a: Roaring Moon\n|-resisted|p1b: Heatran\n|-damage|p1a: Roaring Moon|0 fnt\n|-damage|p1b: Heatran|48\/100\n|faint|p1a: Roaring Moon\n|-end|p1a: Roaring Moon|Protosynthesis|[silent]\n|move|p2b: Sinistcha|Life Dew|p2b: Sinistcha|[spread] p2a,p2b\n|-heal|p2a: Regidrago|75\/100\n|-heal|p2b: Sinistcha|55\/100\n|move|p1b: Heatran|Heat Wave|p2b: Sinistcha|[spread] p2a,p2b\n|-resisted|p2a: Regidrago\n|-supereffective|p2b: Sinistcha\n|-damage|p2a: Regidrago|47\/100\n|-damage|p2b: Sinistcha|0 fnt\n|faint|p2b: Sinistcha\n|\n|upkeep\n|\n|t:|1700946333\n|switch|p1a: Amoonguss|Amoonguss, L50, M|100\/100\n|switch|p2b: Tornadus|Tornadus, L50, M|15\/100\n|turn|4\n|\n|t:|1700946344\n|move|p2b: Tornadus|Bleakwind Storm|p1b: Heatran|[spread] p1a,p1b\n|-supereffective|p1a: Amoonguss\n|-resisted|p1b: Heatran\n|-damage|p1a: Amoonguss|39\/100\n|-damage|p1b: Heatran|32\/100\n|-unboost|p1a: Amoonguss|spe|1\n|move|p2a: Regidrago|Dragon Energy|p1a: Amoonguss|[spread] p1a,p1b\n|-resisted|p1b: Heatran\n|-damage|p1a: Amoonguss|5\/100\n|-damage|p1b: Heatran|18\/100\n|move|p1b: Heatran|Heat Wave|p2a: Regidrago|[spread] p2b\n|-miss|p1b: Heatran|p2a: Regidrago\n|-damage|p2b: Tornadus|0 fnt\n|faint|p2b: Tornadus\n|move|p1a: Amoonguss|Spore|p2a: Regidrago\n|-status|p2a: Regidrago|slp|[from] move: Spore\n|\n|-sideend|p2: eugeo1234|move: Tailwind\n|upkeep\n|\n|t:|1700946358\n|switch|p2b: Heatran|Heatran, L50, M|100\/100\n|turn|5\n|\n|t:|1700946370\n|move|p1a: Amoonguss|Protect|p1a: Amoonguss\n|-singleturn|p1a: Amoonguss|Protect\n|cant|p2a: Regidrago|slp\n|move|p1b: Heatran|Earth Power|p2b: Heatran\n|-supereffective|p2b: Heatran\n|-damage|p2b: Heatran|34\/100\n|move|p2b: Heatran|Heat Wave|p1b: Heatran|[spread] \n|-activate|p1a: Amoonguss|move: Protect\n|-start|p1b: Heatran|ability: Flash Fire\n|\n|upkeep\n|turn|6\n|\n|t:|1700946389\n|switch|p1a: Flutter Mane|Flutter Mane, L50|100\/100\n|cant|p2a: Regidrago|slp\n|move|p1b: Heatran|Flash Cannon|p2a: Regidrago\n|-damage|p2a: Regidrago|0 fnt\n|faint|p2a: Regidrago\n|move|p2b: Heatran|Earth Power|p1a: Flutter Mane\n|-damage|p1a: Flutter Mane|69\/100\n|\n|upkeep\n|turn|7\n|\n|t:|1700946412\n|move|p1a: Flutter Mane|Shadow Ball|p2b: Heatran\n|-damage|p2b: Heatran|0 fnt\n|faint|p2b: Heatran\n|\n|win|TrendanBrendan\n|raw|TrendanBrendan's rating: 1212 &rarr; <strong>1235<\/strong><br \/>(+23 for winning)\n|raw|eugeo1234's rating: 1190 &rarr; <strong>1167<\/strong><br \/>(-23 for losing)\n|l|\u2606eugeo1234\n","uploadtime":1700946432,"views":22,"p1id":"trendanbrendan","p2id":"eugeo1234","formatid":"gen9vgc2023regulatione","rating":1167,"private":0,"password":""}