{"id":"gen9vgc2023regulatione-1989206208","p1":"justin tang fan","p2":"Cozy Snail","format":"[Gen 9] VGC 2023 Regulation E","log":"|j|\u2606justin tang fan\n|j|\u2606Cozy Snail\n|n|\u2606justin tang fan|justintangfan\n|n|\u2606Cozy Snail|cozysnail\n|html|View the match progress at <a href=\"\/game-bestof3-gen9vgc2023regulatione-1989206207\">game-bestof3-gen9vgc2023regulatione-1989206207<\/a>\n|t:|1699823337\n|gametype|doubles\n|player|p1|justin tang fan|aromalady|\n|player|p2|Cozy Snail|fisherman-gen4|\n|teamsize|p1|6\n|teamsize|p2|6\n|gen|9\n|tier|[Gen 9] VGC 2023 Regulation E\n|rule|Species Clause: Limit one of each Pok\u00e9mon\n|rule|Item Clause: Limit one of each item\n|clearpoke\n|poke|p1|Urshifu-*, L50, F|\n|poke|p1|Rillaboom, L50, F|\n|poke|p1|Sylveon, L50, F|\n|poke|p1|Typhlosion-Hisui, L50, F|\n|poke|p1|Kleavor, L50, F|\n|poke|p1|Drifblim, L50, F|\n|poke|p2|Heatran, L50, F|\n|poke|p2|Landorus-Therian, L50, M|\n|poke|p2|Illumise, L50, F|\n|poke|p2|Vikavolt, L50, M|\n|poke|p2|Enamorus-Therian, L50, F|\n|poke|p2|Gothorita, L50, F|\n|teampreview|4\n|c|\u2606Cozy Snail|howdy\n|c|\u2606Cozy Snail|glhf :)\n|c|\u2606justin tang fan|glhf\n|c|\u2606Cozy Snail|just posted the live\nCozy Snail rejected open team sheets.\n|j| Pokemon_and_beer\n|\n|t:|1699823429\n|start\n|switch|p1a: Urshifu|Urshifu-Rapid-Strike, L50, F|100\/100\n|switch|p1b: Rillaboom|Rillaboom, L50, F|100\/100\n|switch|p2a: Heatran|Heatran, L50, F, shiny|100\/100\n|switch|p2b: Landorus|Landorus-Therian, L50, M, shiny|100\/100\n|-ability|p2b: Landorus|Intimidate|boost\n|-unboost|p1a: Urshifu|atk|1\n|-unboost|p1b: Rillaboom|atk|1\n|-fieldstart|move: Grassy Terrain|[from] ability: Grassy Surge|[of] p1b: Rillaboom\n|turn|1\n|c| Pokemon_and_beer|Glhf!\n|\n|t:|1699823446\n|-terastallize|p1a: Urshifu|Water\n|-terastallize|p2a: Heatran|Grass\n|move|p1b: Rillaboom|Fake Out|p2b: Landorus\n|-damage|p2b: Landorus|90\/100\n|move|p1a: Urshifu|Surging Strikes|p2b: Landorus\n|-supereffective|p2b: Landorus\n|-crit|p2b: Landorus\n|-damage|p2b: Landorus|22\/100\n|-supereffective|p2b: Landorus\n|-crit|p2b: Landorus\n|-damage|p2b: Landorus|0 fnt\n|faint|p2b: Landorus\n|-hitcount|p2: Landorus|2\n|move|p2a: Heatran|Tera Blast|p1a: Urshifu|[anim] Tera Blast Grass\n|-supereffective|p1a: Urshifu\n|-damage|p1a: Urshifu|0 fnt\n|faint|p1a: Urshifu\n|\n|upkeep\n|\n|t:|1699823464\n|switch|p1a: Sylveon|Sylveon, L50, F|100\/100\n|switch|p2b: Illumise|Illumise, L50, F, shiny|100\/100\n|turn|2\n|\n|t:|1699823478\n|switch|p1b: Kleavor|Kleavor, L50, F|100\/100\n|move|p2b: Illumise|Sunny Day|p2b: Illumise\n|-weather|SunnyDay\n|move|p2a: Heatran|Heat Wave|p1b: Kleavor|[spread] p1a,p1b\n|-damage|p1a: Sylveon|58\/100\n|-damage|p1b: Kleavor|0 fnt\n|faint|p1b: Kleavor\n|move|p1a: Sylveon|Hyper Voice|p2b: Illumise|[spread] p2a,p2b\n|-crit|p2a: Heatran\n|-damage|p2a: Heatran|24\/100\n|-damage|p2b: Illumise|35\/100\n|\n|-weather|SunnyDay|[upkeep]\n|-heal|p2b: Illumise|41\/100|[from] Grassy Terrain\n|-heal|p2a: Heatran|30\/100|[from] Grassy Terrain\n|-heal|p1a: Sylveon|64\/100|[from] Grassy Terrain\n|upkeep\n|\n|t:|1699823486\n|switch|p1b: Rillaboom|Rillaboom, L50, F|100\/100\n|turn|3\n|\n|t:|1699823502\n|move|p2a: Heatran|Protect|p2a: Heatran\n|-singleturn|p2a: Heatran|Protect\n|move|p2b: Illumise|Tailwind|p2b: Illumise\n|-sidestart|p2: Cozy Snail|move: Tailwind\n|move|p1b: Rillaboom|Wood Hammer|p2b: Illumise\n|-resisted|p2b: Illumise\n|-damage|p2b: Illumise|0 fnt\n|faint|p2b: Illumise\n|-damage|p1b: Rillaboom|89\/100|[from] Recoil\n|move|p1a: Sylveon|Hyper Voice|p2a: Heatran\n|-activate|p2a: Heatran|move: Protect\n|\n|-weather|SunnyDay|[upkeep]\n|-heal|p2a: Heatran|36\/100|[from] Grassy Terrain\n|-heal|p1b: Rillaboom|95\/100|[from] Grassy Terrain\n|-heal|p1a: Sylveon|70\/100|[from] Grassy Terrain\n|upkeep\n|\n|t:|1699823517\n|switch|p2b: Vikavolt|Vikavolt, L50, M, shiny|100\/100\n|turn|4\n|\n|t:|1699823533\n|move|p1b: Rillaboom|Grassy Glide|p2a: Heatran\n|-resisted|p2a: Heatran\n|-damage|p2a: Heatran|17\/100\n|-damage|p1b: Rillaboom|79\/100|[from] item: Rocky Helmet|[of] p2a: Heatran\n|move|p2a: Heatran|Heat Wave|p1a: Sylveon|[spread] p1a,p1b\n|-supereffective|p1b: Rillaboom\n|-damage|p1a: Sylveon|31\/100\n|-damage|p1b: Rillaboom|0 fnt\n|faint|p1b: Rillaboom\n|move|p2b: Vikavolt|Bug Buzz|p1a: Sylveon\n|-resisted|p1a: Sylveon\n|-damage|p1a: Sylveon|6\/100\n|-damage|p2b: Vikavolt|91\/100|[from] item: Life Orb\n|move|p1a: Sylveon|Hyper Voice|p2a: Heatran|[spread] p2a,p2b\n|-damage|p2a: Heatran|0 fnt\n|-damage|p2b: Vikavolt|4\/100\n|faint|p2a: Heatran\n|\n|-weather|SunnyDay|[upkeep]\n|-heal|p1a: Sylveon|12\/100|[from] Grassy Terrain\n|upkeep\n|turn|5\n|\n|t:|1699823553\n|move|p2b: Vikavolt|Thunderbolt|p1a: Sylveon\n|-damage|p1a: Sylveon|0 fnt\n|faint|p1a: Sylveon\n|-damage|p2b: Vikavolt|0 fnt|[from] item: Life Orb\n|faint|p2b: Vikavolt\n|\n|win|Cozy Snail\n|c|\u2606justin tang fan|gg\n|c|\u2606Cozy Snail|gg wow\n|c| Pokemon_and_beer|Wow\n|inactive|justin tang fan has 50 seconds to confirm battle start!\n|inactive|Cozy Snail has 50 seconds to confirm battle start!\n|c| Pokemon_and_beer|GGs\n|c|&|\/uhtml prompt-justintangfan,justin tang fan is ready for game 2!\n|c|&|\/uhtml prompt-cozysnail,Cozy Snail is ready for game 2!\nBoth players are ready! Starting next match!\n|l| Pokemon_and_beer\n|j| MikeTitan\n|l| MikeTitan\n","uploadtime":1699823996,"views":15,"p1id":"justintangfan","p2id":"cozysnail","formatid":"gen9vgc2023regulatione","rating":0,"private":0,"password":""}