{"id":"gen9vgc2023regulatione-1997921946","p1":"Wotan888","p2":"Tuxmux","format":"[Gen 9] VGC 2023 Regulation E","log":"|j|\u2606Wotan888\n|j|\u2606Tuxmux\n|n|\u2606Wotan888|wotan888\n|n|\u2606Tuxmux|tuxmux\n|html|View the match progress at <a href=\"\/game-bestof3-gen9vgc2023regulatione-1997914701\">game-bestof3-gen9vgc2023regulatione-1997914701<\/a>\n|t:|1700867762\n|gametype|doubles\n|player|p1|Wotan888|ethan|\n|player|p2|Tuxmux|266|\n|teamsize|p1|6\n|teamsize|p2|6\n|gen|9\n|tier|[Gen 9] VGC 2023 Regulation E\n|rule|Species Clause: Limit one of each Pok\u00e9mon\n|rule|Item Clause: Limit one of each item\n|clearpoke\n|poke|p1|Sinistcha, L50|\n|poke|p1|Basculin-White-Striped, L50, F|\n|poke|p1|Baxcalibur, L50, F|\n|poke|p1|Ninetales-Alola, L50, F|\n|poke|p1|Zapdos, L50|\n|poke|p1|Persian-Alola, L50, F|\n|poke|p2|Ogerpon, L50, F|\n|poke|p2|Thwackey, L50, F|\n|poke|p2|Pelipper, L50, M|\n|poke|p2|Salamence, L50, F|\n|poke|p2|Polteageist, L50|\n|poke|p2|Rotom-Heat, L50|\n|teampreview|4\nWotan888 rejected open team sheets.\n|j| Jstardude\n|j| Stryke Out\n|\n|t:|1700867873\n|start\n|switch|p1a: Zapdos|Zapdos, L50|100\/100\n|switch|p1b: Persian|Persian-Alola, L50, F, shiny|100\/100\n|switch|p2a: Salamence|Salamence, L50, F|100\/100\n|switch|p2b: Rotom|Rotom-Heat, L50|100\/100\n|-ability|p2a: Salamence|Intimidate|boost\n|-unboost|p1a: Zapdos|atk|1\n|-unboost|p1b: Persian|atk|1\n|turn|1\n|\n|t:|1700867928\n|move|p1b: Persian|Fake Out|p2b: Rotom\n|-damage|p2b: Rotom|94\/100\n|move|p1a: Zapdos|Volt Switch|p2a: Salamence\n|-damage|p2a: Salamence|53\/100\n|-enditem|p2a: Salamence|Eject Button\n|\n|t:|1700867961\n|switch|p2a: Thwackey|Thwackey, L50, F|100\/100\n|-fieldstart|move: Grassy Terrain|[from] ability: Grassy Surge|[of] p2a: Thwackey\n|cant|p2b: Rotom|flinch\n|\n|upkeep\n|turn|2\n|\n|t:|1700868002\n|-terastallize|p2b: Rotom|Fire\n|move|p1a: Zapdos|Protect|p1a: Zapdos\n|-singleturn|p1a: Zapdos|Protect\n|move|p2a: Thwackey|Fake Out|p1a: Zapdos\n|-activate|p1a: Zapdos|move: Protect\n|move|p1b: Persian|Knock Off|p2b: Rotom\n|-damage|p2b: Rotom|72\/100\n|-enditem|p2b: Rotom|Choice Specs|[from] move: Knock Off|[of] p1b: Persian\n|move|p2b: Rotom|Overheat|p1a: Zapdos\n|-activate|p1a: Zapdos|move: Protect\n|\n|upkeep\n|turn|3\n|\n|t:|1700868055\n|switch|p2b: Salamence|Salamence, L50, F|53\/100\n|-ability|p2b: Salamence|Intimidate|boost\n|-unboost|p1a: Zapdos|atk|1\n|-unboost|p1b: Persian|atk|1\n|move|p2a: Thwackey|Protect|p2a: Thwackey\n|-singleturn|p2a: Thwackey|Protect\n|move|p1b: Persian|Parting Shot|p2b: Salamence\n|-unboost|p2b: Salamence|atk|1\n|-unboost|p2b: Salamence|spa|1\n|\n|t:|1700868066\n|switch|p1b: Baxcalibur|Baxcalibur, L50, F|100\/100|[from] Parting Shot\n|move|p1a: Zapdos|Tailwind|p1a: Zapdos\n|-sidestart|p1: Wotan888|move: Tailwind\n|\n|upkeep\n|turn|4\n|\n|t:|1700868104\n|switch|p2a: Rotom|Rotom-Heat, L50, tera:Fire|72\/100\n|-terastallize|p1a: Zapdos|Fire\n|move|p1a: Zapdos|Tera Blast|p2a: Rotom|[anim] Tera Blast Fire\n|-resisted|p2a: Rotom\n|-damage|p2a: Rotom|42\/100\n|move|p1b: Baxcalibur|Icicle Spear|p2b: Salamence\n|-supereffective|p2b: Salamence\n|-damage|p2b: Salamence|0 fnt\n|faint|p2b: Salamence\n|-hitcount|p2: Salamence|1\n|\n|upkeep\n|\n|t:|1700868129\n|switch|p2b: Ogerpon|Ogerpon, L50, F|100\/100\n|turn|5\n|\n|t:|1700868166\n|switch|p2b: Thwackey|Thwackey, L50, F|100\/100\n|move|p1a: Zapdos|Tera Blast|p2b: Thwackey|[anim] Tera Blast Fire\n|-supereffective|p2b: Thwackey\n|-damage|p2b: Thwackey|26\/100\n|move|p1b: Baxcalibur|Scale Shot|p2a: Rotom\n|-damage|p2a: Rotom|23\/100\n|-damage|p2a: Rotom|1\/100\n|-damage|p2a: Rotom|0 fnt\n|faint|p2a: Rotom\n|-hitcount|p2: Rotom|3\n|-unboost|p1b: Baxcalibur|def|1\n|-boost|p1b: Baxcalibur|spe|1\n|\n|-heal|p2b: Thwackey|31\/100|[from] Grassy Terrain\n|-fieldend|move: Grassy Terrain\n|upkeep\n|\n|t:|1700868179\n|switch|p2a: Ogerpon|Ogerpon, L50, F|100\/100\n|turn|6\n|\n|t:|1700868199\n|move|p1a: Zapdos|Protect|p1a: Zapdos\n|-singleturn|p1a: Zapdos|Protect\n|move|p2b: Thwackey|Fake Out|p1b: Baxcalibur\n|-damage|p1b: Baxcalibur|82\/100\n|cant|p1b: Baxcalibur|flinch\n|move|p2a: Ogerpon|Brick Break|p1b: Baxcalibur\n|-supereffective|p1b: Baxcalibur\n|-crit|p1b: Baxcalibur\n|-damage|p1b: Baxcalibur|0 fnt\n|faint|p1b: Baxcalibur\n|\n|-sideend|p1: Wotan888|move: Tailwind\n|upkeep\n|\n|t:|1700868205\n|switch|p1b: Persian|Persian-Alola, L50, F, shiny|100\/100\n|turn|7\n|\n|t:|1700868246\n|move|p1b: Persian|Fake Out|p2a: Ogerpon\n|-damage|p2a: Ogerpon|91\/100\n|cant|p2a: Ogerpon|flinch\n|move|p1a: Zapdos|Tailwind|p1a: Zapdos\n|-sidestart|p1: Wotan888|move: Tailwind\n|move|p2b: Thwackey|Tera Blast|p1a: Zapdos\n|-damage|p1a: Zapdos|87\/100\n|\n|upkeep\n|turn|8\n|\n|t:|1700868273\n|move|p2a: Ogerpon|Spiky Shield|p2a: Ogerpon\n|-singleturn|p2a: Ogerpon|move: Protect\n|move|p1b: Persian|Knock Off|p2b: Thwackey\n|-damage|p2b: Thwackey|4\/100\n|-enditem|p2b: Thwackey|Eviolite|[from] move: Knock Off|[of] p1b: Persian\n|move|p1a: Zapdos|Tera Blast|p2a: Ogerpon|[anim] Tera Blast Fire\n|-activate|p2a: Ogerpon|move: Protect\n|move|p2b: Thwackey|Grassy Glide|p1b: Persian\n|-damage|p1b: Persian|80\/100\n|-damage|p2b: Thwackey|0 fnt|[from] item: Rocky Helmet|[of] p1b: Persian\n|faint|p2b: Thwackey\n|\n|upkeep\n|turn|9\n|\n|t:|1700868311\n|move|p1b: Persian|Parting Shot|p2a: Ogerpon\n|-unboost|p2a: Ogerpon|atk|1\n|-ability|p2a: Ogerpon|Defiant|boost\n|-boost|p2a: Ogerpon|atk|2\n|-unboost|p2a: Ogerpon|spa|1\n|-ability|p2a: Ogerpon|Defiant|boost\n|-boost|p2a: Ogerpon|atk|2\n|\n|t:|1700868319\n|switch|p1b: Sinistcha|Sinistcha, L50|100\/100|[from] Parting Shot\n|-heal|p1a: Zapdos|100\/100|[from] ability: Hospitality|[of] p1b: Sinistcha\n|move|p1a: Zapdos|Tera Blast|p2a: Ogerpon|[anim] Tera Blast Fire\n|-supereffective|p2a: Ogerpon\n|-damage|p2a: Ogerpon|0 fnt\n|faint|p2a: Ogerpon\n|\n|win|Wotan888\n|c|\u2606Tuxmux|ggs\n|c|\u2606Wotan888|gg\n|c| Stryke Out|great set guys\n|c|\u2606Wotan888|you got replays?\n|l| Jstardude\n","uploadtime":1700868357,"views":14,"p1id":"wotan888","p2id":"tuxmux","formatid":"gen9vgc2023regulatione","rating":0,"private":0,"password":""}