{"id":"gen9vgc2023regulatione-1994833167","p1":"CH4MEL30N","p2":"Fox Nico nii","format":"[Gen 9] VGC 2023 Regulation E","log":"|j|\u2606CH4MEL30N\n|j|\u2606Fox Nico nii\n|t:|1700496991\n|gametype|doubles\n|player|p1|CH4MEL30N|265|1226\n|player|p2|Fox Nico nii|rosa|1303\n|teamsize|p1|6\n|teamsize|p2|6\n|gen|9\n|tier|[Gen 9] VGC 2023 Regulation E\n|rated|\n|rule|Species Clause: Limit one of each Pok\u00e9mon\n|rule|Item Clause: Limit one of each item\n|clearpoke\n|poke|p1|Kingambit, L50, M|\n|poke|p1|Amoonguss, L50, F|\n|poke|p1|Landorus-Therian, L50, M|\n|poke|p1|Armarouge, L50, F|\n|poke|p1|Iron Bundle, L50|\n|poke|p1|Indeedee-F, L50, F|\n|poke|p2|Sneasler, L50, F|\n|poke|p2|Armarouge, L50, F|\n|poke|p2|Indeedee-F, L50, F|\n|poke|p2|Urshifu-*, L50, M|\n|poke|p2|Tornadus, L50, M|\n|poke|p2|Amoonguss, L50, M|\n|teampreview|4\n|inactive|Battle timer is ON: inactive players will automatically lose when time's up. (requested by CH4MEL30N)\n|\n|t:|1700497025\n|start\n|switch|p1a: Landorus|Landorus-Therian, L50, M|100\/100\n|switch|p1b: Iron Bundle|Iron Bundle, L50|100\/100\n|switch|p2a: Amoonguss|Amoonguss, L50, M|100\/100\n|switch|p2b: Sneasler|Sneasler, L50, F|100\/100\n|-ability|p1a: Landorus|Intimidate|boost\n|-unboost|p2a: Amoonguss|atk|1\n|-unboost|p2b: Sneasler|atk|1\n|-enditem|p1b: Iron Bundle|Booster Energy\n|-activate|p1b: Iron Bundle|ability: Quark Drive|[fromitem]\n|-start|p1b: Iron Bundle|quarkdrivespe\n|turn|1\n|inactive|CH4MEL30N has 30 seconds left.\n|\n|t:|1700497050\n|switch|p2b: Tornadus|Tornadus, L50, M|100\/100\n|move|p1b: Iron Bundle|Freeze-Dry|p2a: Amoonguss\n|-supereffective|p2a: Amoonguss\n|-damage|p2a: Amoonguss|41\/100\n|move|p1a: Landorus|Swords Dance|p1a: Landorus\n|-boost|p1a: Landorus|atk|2\n|move|p2a: Amoonguss|Spore|p1b: Iron Bundle\n|-status|p1b: Iron Bundle|slp|[from] move: Spore\n|\n|upkeep\n|turn|2\n|inactive|Fox Nico nii has 30 seconds left.\n|\n|t:|1700497076\n|move|p2b: Tornadus|Tailwind|p2b: Tornadus\n|-sidestart|p2: Fox Nico nii|move: Tailwind\n|cant|p1b: Iron Bundle|slp\n|move|p1a: Landorus|Stomping Tantrum|p2a: Amoonguss\n|-damage|p2a: Amoonguss|0 fnt\n|-damage|p1a: Landorus|84\/100|[from] item: Rocky Helmet|[of] p2a: Amoonguss\n|faint|p2a: Amoonguss\n|\n|upkeep\n|\n|t:|1700497081\n|switch|p2a: Urshifu|Urshifu, L50, M|100\/100\n|turn|3\n|\n|t:|1700497106\n|-terastallize|p1a: Landorus|Flying\n|move|p2a: Urshifu|Wicked Blow|p1a: Landorus\n|-crit|p1a: Landorus\n|-damage|p1a: Landorus|23\/100\n|-curestatus|p1b: Iron Bundle|slp|[msg]\n|move|p1b: Iron Bundle|Icy Wind|p2b: Tornadus|[spread] p2a,p2b\n|-supereffective|p2b: Tornadus\n|-damage|p2a: Urshifu|71\/100\n|-damage|p2b: Tornadus|62\/100\n|-unboost|p2a: Urshifu|spe|1\n|-unboost|p2b: Tornadus|spe|1\n|move|p2b: Tornadus|Air Slash|p1a: Landorus\n|-damage|p1a: Landorus|0 fnt\n|faint|p1a: Landorus\n|\n|upkeep\n|\n|t:|1700497120\n|switch|p1a: Kingambit|Kingambit, L50, M|100\/100\n|turn|4\n|\n|t:|1700497143\n|switch|p2a: Sneasler|Sneasler, L50, F|100\/100\n|move|p1a: Kingambit|Sucker Punch|p2b: Tornadus\n|-damage|p2b: Tornadus|7\/100\n|move|p1b: Iron Bundle|Icy Wind|p2b: Tornadus|[spread] p2a,p2b\n|-supereffective|p2b: Tornadus\n|-damage|p2a: Sneasler|71\/100\n|-damage|p2b: Tornadus|0 fnt\n|-unboost|p2a: Sneasler|spe|1\n|faint|p2b: Tornadus\n|\n|upkeep\n|\n|t:|1700497149\n|switch|p2b: Urshifu|Urshifu, L50, M|71\/100\n|turn|5\n|\n|t:|1700497164\n|move|p1b: Iron Bundle|Protect|p1b: Iron Bundle\n|-singleturn|p1b: Iron Bundle|Protect\n|move|p1a: Kingambit|Protect|p1a: Kingambit\n|-singleturn|p1a: Kingambit|Protect\n|move|p2b: Urshifu|Wicked Blow|p1b: Iron Bundle\n|-crit|p1b: Iron Bundle\n|-damage|p1b: Iron Bundle|0 fnt\n|faint|p1b: Iron Bundle\n|-end|p1b: Iron Bundle|Quark Drive|[silent]\n|move|p2a: Sneasler|Close Combat|p1a: Kingambit\n|-activate|p1a: Kingambit|move: Protect\n|\n|-sideend|p2: Fox Nico nii|move: Tailwind\n|upkeep\n|\n|t:|1700497167\n|switch|p1b: Amoonguss|Amoonguss, L50, F|100\/100\n|turn|6\n|\n|t:|1700497191\n|-terastallize|p2b: Urshifu|Poison\n|move|p1b: Amoonguss|Rage Powder|p1b: Amoonguss\n|-singleturn|p1b: Amoonguss|move: Rage Powder\n|move|p2b: Urshifu|Wicked Blow|p1b: Amoonguss\n|-crit|p1b: Amoonguss\n|-damage|p1b: Amoonguss|0 fnt\n|-damage|p2b: Urshifu|55\/100|[from] item: Rocky Helmet|[of] p1b: Amoonguss\n|faint|p1b: Amoonguss\n|move|p2a: Sneasler|Close Combat|p1a: Kingambit\n|-supereffective|p1a: Kingambit\n|-damage|p1a: Kingambit|0 fnt\n|-unboost|p2a: Sneasler|def|1\n|-unboost|p2a: Sneasler|spd|1\n|faint|p1a: Kingambit\n|\n|win|Fox Nico nii\n|raw|CH4MEL30N's rating: 1226 &rarr; <strong>1206<\/strong><br \/>(-20 for losing)\n|raw|Fox Nico nii's rating: 1303 &rarr; <strong>1319<\/strong><br \/>(+16 for winning)\n|l|\u2606CH4MEL30N\n|c|\u2606Fox Nico nii|gg\n","uploadtime":1700497207,"views":1,"p1id":"ch4mel30n","p2id":"foxniconii","formatid":"gen9vgc2023regulatione","rating":1206,"private":0,"password":""}