{"id":"gen9vgc2023regulatione-1999357843","p1":"Mirai_Burai","p2":"Mallow_sux","format":"[Gen 9] VGC 2023 Regulation E","log":"|j|\u2606Mirai_Burai\n|j|\u2606Mallow_sux\n|t:|1701066136\n|gametype|doubles\n|player|p1|Mirai_Burai|skyla|\n|player|p2|Mallow_sux|shauntal|\n|teamsize|p1|6\n|teamsize|p2|6\n|gen|9\n|tier|[Gen 9] VGC 2023 Regulation E\n|rule|Species Clause: Limit one of each Pok\u00e9mon\n|rule|Item Clause: Limit one of each item\n|clearpoke\n|poke|p1|Empoleon, L50, M|\n|poke|p1|Tornadus, L50, M|\n|poke|p1|Ninetales-Alola, L50, F|\n|poke|p1|Sinistcha, L50|\n|poke|p1|Okidogi, L50, M|\n|poke|p1|Urshifu-*, L50, M|\n|poke|p2|Iron Bundle, L50|\n|poke|p2|Tornadus, L50, M|\n|poke|p2|Flutter Mane, L50|\n|poke|p2|Ogerpon-Hearthflame, L50, F|\n|poke|p2|Rillaboom, L50, F|\n|poke|p2|Chi-Yu, L50|\n|teampreview|4\n|\n|t:|1701066215\n|start\n|switch|p1a: Ninetales|Ninetales-Alola, L50, F, shiny|100\/100\n|switch|p1b: Empoleon|Empoleon, L50, M|100\/100\n|switch|p2a: Tornadus|Tornadus, L50, M|100\/100\n|switch|p2b: Flutter Mane|Flutter Mane, L50|100\/100\n|-weather|Snow|[from] ability: Snow Warning|[of] p1a: Ninetales\n|turn|1\n|\n|t:|1701066251\n|move|p2b: Flutter Mane|Protect|p2b: Flutter Mane\n|-singleturn|p2b: Flutter Mane|Protect\n|move|p1a: Ninetales|Protect|p1a: Ninetales\n|-singleturn|p1a: Ninetales|Protect\n|move|p2a: Tornadus|Sunny Day|p2a: Tornadus\n|-weather|SunnyDay\n|-activate|p2b: Flutter Mane|ability: Protosynthesis\n|-start|p2b: Flutter Mane|protosynthesisspa\n|move|p1b: Empoleon|Blizzard|p2b: Flutter Mane|[spread] p2a\n|-activate|p2b: Flutter Mane|move: Protect\n|-supereffective|p2a: Tornadus\n|-damage|p2a: Tornadus|38\/100\n|\n|-weather|SunnyDay|[upkeep]\n|upkeep\n|turn|2\n|\n|t:|1701066292\n|switch|p1a: Okidogi|Okidogi, L50, M|100\/100\n|switch|p2a: Rillaboom|Rillaboom, L50, F|100\/100\n|-fieldstart|move: Grassy Terrain|[from] ability: Grassy Surge|[of] p2a: Rillaboom\n|move|p2b: Flutter Mane|Shadow Ball|p1a: Okidogi\n|-damage|p1a: Okidogi|47\/100\n|move|p1b: Empoleon|Blizzard|p2b: Flutter Mane|[spread] p2b\n|-miss|p1b: Empoleon|p2a: Rillaboom\n|-damage|p2b: Flutter Mane|68\/100\n|\n|-weather|SunnyDay|[upkeep]\n|-heal|p2b: Flutter Mane|75\/100|[from] Grassy Terrain\n|-heal|p1a: Okidogi|54\/100|[from] Grassy Terrain\n|-heal|p1a: Okidogi|60\/100|[from] item: Leftovers\n|upkeep\n|turn|3\n|\n|t:|1701066334\n|switch|p1b: Ninetales|Ninetales-Alola, L50, F, shiny|100\/100\n|-weather|Snow|[from] ability: Snow Warning|[of] p1b: Ninetales\n|-end|p2b: Flutter Mane|Protosynthesis\n|-terastallize|p1a: Okidogi|Water\n|move|p1a: Okidogi|Protect|p1a: Okidogi\n|-singleturn|p1a: Okidogi|Protect\n|move|p2b: Flutter Mane|Moonblast|p1a: Okidogi\n|-activate|p1a: Okidogi|move: Protect\n|move|p2a: Rillaboom|Wood Hammer|p1b: Ninetales\n|-damage|p1b: Ninetales|32\/100\n|-damage|p2a: Rillaboom|84\/100|[from] Recoil\n|\n|-weather|Snow|[upkeep]\n|-heal|p2b: Flutter Mane|81\/100|[from] Grassy Terrain\n|-heal|p1b: Ninetales|38\/100|[from] Grassy Terrain\n|-heal|p2a: Rillaboom|90\/100|[from] Grassy Terrain\n|-heal|p1a: Okidogi|66\/100|[from] Grassy Terrain\n|-heal|p1a: Okidogi|72\/100|[from] item: Leftovers\n|upkeep\n|turn|4\n|\n|t:|1701066366\n|move|p1b: Ninetales|Protect|p1b: Ninetales\n|-singleturn|p1b: Ninetales|Protect\n|move|p2a: Rillaboom|Grassy Glide|p1b: Ninetales\n|-activate|p1b: Ninetales|move: Protect\n|move|p2b: Flutter Mane|Dazzling Gleam|p1a: Okidogi|[spread] p1a\n|-activate|p1b: Ninetales|move: Protect\n|-damage|p1a: Okidogi|36\/100\n|move|p1a: Okidogi|Poison Jab|p2b: Flutter Mane\n|-damage|p2b: Flutter Mane|0 fnt\n|faint|p2b: Flutter Mane\n|-end|p2b: Flutter Mane|Protosynthesis|[silent]\n|\n|-weather|Snow|[upkeep]\n|-heal|p1b: Ninetales|44\/100|[from] Grassy Terrain\n|-heal|p2a: Rillaboom|96\/100|[from] Grassy Terrain\n|-heal|p1a: Okidogi|43\/100|[from] Grassy Terrain\n|-heal|p1a: Okidogi|49\/100|[from] item: Leftovers\n|upkeep\n|\n|t:|1701066390\n|switch|p2b: Iron Bundle|Iron Bundle, L50|100\/100\n|-enditem|p2b: Iron Bundle|Booster Energy\n|-activate|p2b: Iron Bundle|ability: Quark Drive|[fromitem]\n|-start|p2b: Iron Bundle|quarkdrivespe\n|turn|5\n|\n|t:|1701066409\n|move|p1a: Okidogi|Protect|p1a: Okidogi\n|-singleturn|p1a: Okidogi|Protect\n|move|p2a: Rillaboom|Grassy Glide|p1b: Ninetales\n|-damage|p1b: Ninetales|9\/100\n|move|p2b: Iron Bundle|Freeze-Dry|p1a: Okidogi\n|-activate|p1a: Okidogi|move: Protect\n|move|p1b: Ninetales|Aurora Veil|p1b: Ninetales\n|-sidestart|p1: Mirai_Burai|move: Aurora Veil\n|\n|-weather|Snow|[upkeep]\n|-heal|p1b: Ninetales|15\/100|[from] Grassy Terrain\n|-heal|p2a: Rillaboom|100\/100|[from] Grassy Terrain\n|-heal|p1a: Okidogi|55\/100|[from] Grassy Terrain\n|-heal|p1a: Okidogi|61\/100|[from] item: Leftovers\n|upkeep\n|turn|6\n|\n|t:|1701066432\n|switch|p1b: Sinistcha|Sinistcha, L50|100\/100\n|-heal|p1a: Okidogi|86\/100|[from] ability: Hospitality|[of] p1b: Sinistcha\n|move|p2a: Rillaboom|Grassy Glide|p1b: Sinistcha\n|-resisted|p1b: Sinistcha\n|-damage|p1b: Sinistcha|92\/100\n|-damage|p2a: Rillaboom|84\/100|[from] item: Rocky Helmet|[of] p1b: Sinistcha\n|move|p2b: Iron Bundle|Freeze-Dry|p1a: Okidogi\n|-supereffective|p1a: Okidogi\n|-damage|p1a: Okidogi|41\/100\n|move|p1a: Okidogi|Poison Jab|p2a: Rillaboom\n|-supereffective|p2a: Rillaboom\n|-damage|p2a: Rillaboom|0 fnt\n|faint|p2a: Rillaboom\n|\n|-weather|Snow|[upkeep]\n|-heal|p1a: Okidogi|47\/100|[from] Grassy Terrain\n|-heal|p1a: Okidogi|53\/100|[from] item: Leftovers\n|-heal|p1b: Sinistcha|98\/100|[from] Grassy Terrain\n|-fieldend|move: Grassy Terrain\n|upkeep\n|\n|t:|1701066454\n|switch|p2a: Tornadus|Tornadus, L50, M|38\/100\n|turn|7\n|\n|t:|1701066473\n|move|p1a: Okidogi|Protect|p1a: Okidogi\n|-singleturn|p1a: Okidogi|Protect\n|move|p2a: Tornadus|Taunt|p1b: Sinistcha\n|-start|p1b: Sinistcha|move: Taunt\n|move|p2b: Iron Bundle|Freeze-Dry|p1a: Okidogi\n|-activate|p1a: Okidogi|move: Protect\n|cant|p1b: Sinistcha|move: Taunt|Trick Room\n|\n|-weather|none\n|-heal|p1a: Okidogi|59\/100|[from] item: Leftovers\n|upkeep\n|turn|8\n|\n|t:|1701066495\n|switch|p1a: Ninetales|Ninetales-Alola, L50, F, shiny|15\/100\n|-weather|Snow|[from] ability: Snow Warning|[of] p1a: Ninetales\n|switch|p1b: Empoleon|Empoleon, L50, M|100\/100\n|move|p2a: Tornadus|Tailwind|p2a: Tornadus\n|-sidestart|p2: Mallow_sux|move: Tailwind\n|move|p2b: Iron Bundle|Freeze-Dry|p1a: Ninetales\n|-resisted|p1a: Ninetales\n|-damage|p1a: Ninetales|3\/100\n|\n|-weather|Snow|[upkeep]\n|upkeep\n|turn|9\n|\n|t:|1701066519\n|switch|p1b: Sinistcha|Sinistcha, L50|98\/100\n|-heal|p1a: Ninetales|27\/100|[from] ability: Hospitality|[of] p1b: Sinistcha\n|move|p1a: Ninetales|Protect|p1a: Ninetales\n|-singleturn|p1a: Ninetales|Protect\n|move|p2a: Tornadus|Sunny Day|p2a: Tornadus\n|-weather|SunnyDay\n|move|p2b: Iron Bundle|Freeze-Dry|p1b: Sinistcha\n|-supereffective|p1b: Sinistcha\n|-damage|p1b: Sinistcha|44\/100\n|\n|-weather|SunnyDay|[upkeep]\n|upkeep\n|turn|10\n|\n|t:|1701066545\n|switch|p1a: Empoleon|Empoleon, L50, M|100\/100\n|move|p2a: Tornadus|Taunt|p1b: Sinistcha\n|-start|p1b: Sinistcha|move: Taunt\n|move|p2b: Iron Bundle|Icy Wind|p1b: Sinistcha|[spread] p1a,p1b\n|-resisted|p1a: Empoleon\n|-supereffective|p1b: Sinistcha\n|-damage|p1a: Empoleon|98\/100\n|-damage|p1b: Sinistcha|10\/100\n|-unboost|p1a: Empoleon|spe|1\n|-ability|p1a: Empoleon|Competitive|boost\n|-boost|p1a: Empoleon|spa|2\n|-unboost|p1b: Sinistcha|spe|1\n|cant|p1b: Sinistcha|move: Taunt|Trick Room\n|\n|-weather|SunnyDay|[upkeep]\n|upkeep\n|turn|11\n|\n|t:|1701066577\n|switch|p1b: Okidogi|Okidogi, L50, M, tera:Water|59\/100\n|move|p2b: Iron Bundle|Freeze-Dry|p1a: Empoleon\n|-damage|p1a: Empoleon|84\/100\n|move|p2a: Tornadus|Bleakwind Storm|p1b: Okidogi|[spread] p1b\n|-miss|p2a: Tornadus|p1a: Empoleon\n|-damage|p1b: Okidogi|37\/100\n|move|p1a: Empoleon|Flash Cannon|p2b: Iron Bundle\n|-damage|p2b: Iron Bundle|0 fnt\n|faint|p2b: Iron Bundle\n|-end|p2b: Iron Bundle|Quark Drive|[silent]\n|\n|-weather|SunnyDay|[upkeep]\n|-heal|p1b: Okidogi|44\/100|[from] item: Leftovers\n|-sideend|p2: Mallow_sux|move: Tailwind\n|upkeep\n|turn|12\n|\n|t:|1701066602\n|switch|p1b: Ninetales|Ninetales-Alola, L50, F, shiny|27\/100\n|-weather|Snow|[from] ability: Snow Warning|[of] p1b: Ninetales\n|-terastallize|p2a: Tornadus|Ghost\n|move|p2a: Tornadus|Bleakwind Storm|p1a: Empoleon|[spread] p1a,p1b\n|-resisted|p1a: Empoleon\n|-damage|p1a: Empoleon|77\/100\n|-damage|p1b: Ninetales|3\/100\n|-unboost|p1a: Empoleon|spe|1\n|-ability|p1a: Empoleon|Competitive|boost\n|-boost|p1a: Empoleon|spa|2\n|move|p1a: Empoleon|Blizzard|p2a: Tornadus\n|-damage|p2a: Tornadus|0 fnt\n|faint|p2a: Tornadus\n|\n|win|Mirai_Burai\n","uploadtime":1701066618,"views":4,"p1id":"miraiburai","p2id":"mallowsux","formatid":"gen9vgc2023regulatione","rating":0,"private":0,"password":""}