{"id":"gen9vgc2023regulatione-2000443356","p1":"sirttas","p2":"miencraftLord77","format":"[Gen 9] VGC 2023 Regulation E","log":"|j|\u2606sirttas\n|j|\u2606miencraftLord77\n|t:|1701195259\n|gametype|doubles\n|player|p1|sirttas|102|1176\n|player|p2|miencraftLord77|lucas|1152\n|teamsize|p1|6\n|teamsize|p2|5\n|gen|9\n|tier|[Gen 9] VGC 2023 Regulation E\n|rated|\n|rule|Species Clause: Limit one of each Pok\u00e9mon\n|rule|Item Clause: Limit one of each item\n|clearpoke\n|poke|p1|Ninetales-Alola, L50, M|\n|poke|p1|Chien-Pao, L50|\n|poke|p1|Iron Bundle, L50|\n|poke|p1|Landorus-Therian, L50, M|\n|poke|p1|Ogerpon-Hearthflame, L50, F|\n|poke|p1|Ursaluna, L50, F|\n|poke|p2|Cetitan, L50, F|\n|poke|p2|Abomasnow, L50, M|\n|poke|p2|Amoonguss, L50, F|\n|poke|p2|Baxcalibur, L50, M|\n|poke|p2|Indeedee-F, L50, F|\n|teampreview|4\n|inactive|Battle timer is ON: inactive players will automatically lose when time's up. (requested by miencraftLord77)\n|j| YokaiSamurai\n|l| YokaiSamurai\n|inactive|sirttas has 60 seconds left.\n|inactive|miencraftLord77 has 60 seconds left.\n|inactive|miencraftLord77 has 30 seconds left.\n|\n|t:|1701195327\n|start\n|switch|p1a: Ninetales|Ninetales-Alola, L50, M|100\/100\n|switch|p1b: Landorus|Landorus-Therian, L50, M|100\/100\n|switch|p2a: Cetitan|Cetitan, L50, F|100\/100\n|switch|p2b: Abomasnow|Abomasnow, L50, M|100\/100\n|-weather|Snow|[from] ability: Snow Warning|[of] p1a: Ninetales\n|-ability|p1b: Landorus|Intimidate|boost\n|-unboost|p2a: Cetitan|atk|1\n|-unboost|p2b: Abomasnow|atk|1\n|turn|1\n|c|\u2606miencraftLord77|sorry\n|c|\u2606miencraftLord77|im in a summative rn\n|inactive|miencraftLord77 has 30 seconds left.\n|\n|t:|1701195356\n|move|p2a: Cetitan|Belly Drum|p2a: Cetitan\n|-damage|p2a: Cetitan|50\/100\n|-setboost|p2a: Cetitan|atk|6|[from] move: Belly Drum\n|-enditem|p2a: Cetitan|Sitrus Berry|[eat]\n|-heal|p2a: Cetitan|75\/100|[from] item: Sitrus Berry\n|move|p1a: Ninetales|Aurora Veil|p1a: Ninetales\n|-sidestart|p1: sirttas|move: Aurora Veil\n|move|p1b: Landorus|Rock Slide|p2b: Abomasnow|[spread] p2a,p2b\n|-supereffective|p2a: Cetitan\n|-supereffective|p2b: Abomasnow\n|-damage|p2a: Cetitan|41\/100\n|-damage|p2b: Abomasnow|72\/100\n|move|p2b: Abomasnow|Aurora Veil|p2b: Abomasnow\n|-sidestart|p2: miencraftLord77|move: Aurora Veil\n|\n|-weather|Snow|[upkeep]\n|upkeep\n|turn|2\n|inactive|sirttas has 30 seconds left.\n|inactive|miencraftLord77 has 30 seconds left.\n|inactive|sirttas has 20 seconds left.\n|inactive|sirttas has 15 seconds left.\n|\n|t:|1701195401\n|move|p2b: Abomasnow|Helping Hand|p2a: Cetitan\n|-singleturn|p2a: Cetitan|Helping Hand|[of] p2b: Abomasnow\n|move|p1a: Ninetales|Protect|p1a: Ninetales\n|-singleturn|p1a: Ninetales|Protect\n|move|p2a: Cetitan|Ice Shard|p1b: Landorus\n|-supereffective|p1b: Landorus\n|-damage|p1b: Landorus|0 fnt\n|faint|p1b: Landorus\n|\n|-weather|Snow|[upkeep]\n|upkeep\n|\n|t:|1701195417\n|switch|p1b: Ogerpon|Ogerpon-Hearthflame, L50, F|100\/100\n|-ability|p1b: Ogerpon|Mold Breaker\n|turn|3\n|inactive|miencraftLord77 has 30 seconds left.\n|inactive|miencraftLord77 has 20 seconds left.\n|\n|t:|1701195454\n|-terastallize|p1b: Ogerpon|Fire\n|detailschange|p1b: Ogerpon|Ogerpon-Hearthflame-Tera, L50, F, tera:Fire\n|-ability|p1b: Ogerpon|Embody Aspect (Hearthflame)|boost\n|-boost|p1b: Ogerpon|atk|1\n|move|p2b: Abomasnow|Helping Hand|p2a: Cetitan\n|-singleturn|p2a: Cetitan|Helping Hand|[of] p2b: Abomasnow\n|move|p2a: Cetitan|Earthquake|p1a: Ninetales|[spread] p2b,p1a,p1b\n|-resisted|p2b: Abomasnow\n|-supereffective|p1b: Ogerpon\n|-damage|p2b: Abomasnow|43\/100\n|-damage|p1a: Ninetales|24\/100\n|-damage|p1b: Ogerpon|0 fnt\n|faint|p1b: Ogerpon\n|move|p1a: Ninetales|Icy Wind|p2a: Cetitan|[spread] p2a,p2b\n|-resisted|p2a: Cetitan\n|-damage|p2a: Cetitan|37\/100\n|-damage|p2b: Abomasnow|36\/100\n|-unboost|p2a: Cetitan|spe|1\n|-unboost|p2b: Abomasnow|spe|1\n|\n|-weather|Snow|[upkeep]\n|upkeep\n|\n|t:|1701195470\n|switch|p1b: Ursaluna|Ursaluna, L50, F|100\/100\n|turn|4\n|inactive|miencraftLord77 has 30 seconds left.\n|inactive|miencraftLord77 has 20 seconds left.\n|inactive|miencraftLord77 has 15 seconds left.\n|inactive|miencraftLord77 has 10 seconds left.\n|inactive|miencraftLord77 has 5 seconds left.\n|\n|t:|1701195525\n|move|p1a: Ninetales|Protect|p1a: Ninetales\n|-singleturn|p1a: Ninetales|Protect\n|move|p2a: Cetitan|Ice Shard|p1a: Ninetales\n|-activate|p1a: Ninetales|move: Protect\n|move|p1b: Ursaluna|Headlong Rush|p2a: Cetitan\n|-damage|p2a: Cetitan|3\/100\n|-unboost|p1b: Ursaluna|def|1\n|-unboost|p1b: Ursaluna|spd|1\n|move|p2b: Abomasnow|Aurora Veil||[still]\n|-fail|p2b: Abomasnow\n|\n|-weather|Snow|[upkeep]\n|-status|p1b: Ursaluna|brn|[from] item: Flame Orb\n|upkeep\n|turn|5\n|c|\u2606miencraftLord77|i clicked wrong lmao so sad\n|\n|t:|1701195545\n|move|p1b: Ursaluna|Protect|p1b: Ursaluna\n|-singleturn|p1b: Ursaluna|Protect\n|move|p2a: Cetitan|Ice Shard|p1b: Ursaluna\n|-activate|p1b: Ursaluna|move: Protect\n|move|p1a: Ninetales|Icy Wind|p2b: Abomasnow|[spread] p2a,p2b\n|-resisted|p2a: Cetitan\n|-damage|p2a: Cetitan|0 fnt\n|-damage|p2b: Abomasnow|29\/100\n|-unboost|p2b: Abomasnow|spe|1\n|faint|p2a: Cetitan\n|move|p2b: Abomasnow|Blizzard|p1a: Ninetales|[spread] p1a\n|-activate|p1b: Ursaluna|move: Protect\n|-resisted|p1a: Ninetales\n|-damage|p1a: Ninetales|16\/100\n|\n|-weather|Snow|[upkeep]\n|-damage|p1b: Ursaluna|95\/100 brn|[from] brn\n|-sideend|p2: miencraftLord77|move: Aurora Veil\n|-sideend|p1: sirttas|move: Aurora Veil\n|upkeep\n|c|\u2606miencraftLord77|ggs\n|c|\u2606miencraftLord77|i threw\n|\n|t:|1701195561\n|switch|p2a: Baxcalibur|Baxcalibur, L50, M|100\/100\n|turn|6\n|inactive|miencraftLord77 has 30 seconds left.\n|inactive|miencraftLord77 has 20 seconds left.\n|inactive|miencraftLord77 has 15 seconds left.\n|inactive|miencraftLord77 has 10 seconds left.\n|\n|t:|1701195610\n|-terastallize|p2a: Baxcalibur|Dragon\n|move|p2b: Abomasnow|Helping Hand|p2a: Baxcalibur\n|-singleturn|p2a: Baxcalibur|Helping Hand|[of] p2b: Abomasnow\n|move|p1a: Ninetales|Icy Wind|p2a: Baxcalibur|[spread] p2a,p2b\n|-supereffective|p2a: Baxcalibur\n|-damage|p2a: Baxcalibur|75\/100\n|-damage|p2b: Abomasnow|20\/100\n|-unboost|p2a: Baxcalibur|spe|1\n|-unboost|p2b: Abomasnow|spe|1\n|move|p2a: Baxcalibur|Glaive Rush|p1b: Ursaluna\n|-damage|p1b: Ursaluna|0 fnt\n|-singlemove|p2a: Baxcalibur|Glaive Rush|[silent]\n|faint|p1b: Ursaluna\n|-damage|p2a: Baxcalibur|65\/100|[from] item: Life Orb\n|\n|-weather|Snow|[upkeep]\n|-heal|p2a: Baxcalibur|71\/100|[from] ability: Ice Body\n|upkeep\n|turn|7\n|c|\u2606miencraftLord77|ggs\n|c|\u2606miencraftLord77|totally didnt need helping hand i panicked\n|-message|sirttas forfeited.\n|\n|win|miencraftLord77\n|raw|sirttas's rating: 1176 &rarr; <strong>1149<\/strong><br \/>(-27 for losing)\n|raw|miencraftLord77's rating: 1152 &rarr; <strong>1179<\/strong><br \/>(+27 for winning)\n|l|\u2606sirttas\n|c|\u2606miencraftLord77|fun game\n","uploadtime":1701195641,"views":2,"p1id":"sirttas","p2id":"miencraftlord77","formatid":"gen9vgc2023regulatione","rating":1149,"private":0,"password":""}