{"id":"gen9vgc2023regulatione-1990839181","p1":"ThMeowMeow","p2":"TrainerDylan24","format":"[Gen 9] VGC 2023 Regulation E","log":"|j|\u2606ThMeowMeow\n|j|\u2606TrainerDylan24\n|t:|1700006205\n|gametype|doubles\n|player|p1|ThMeowMeow|101|1133\n|player|p2|TrainerDylan24|swimmerf|1213\n|teamsize|p1|6\n|teamsize|p2|6\n|gen|9\n|tier|[Gen 9] VGC 2023 Regulation E\n|rated|\n|rule|Species Clause: Limit one of each Pok\u00e9mon\n|rule|Item Clause: Limit one of each item\n|clearpoke\n|poke|p1|Landorus-Therian, L50, M|\n|poke|p1|Iron Hands, L50|\n|poke|p1|Urshifu-*, L50, M|\n|poke|p1|Chi-Yu, L50|\n|poke|p1|Sinistcha, L50|\n|poke|p1|Ogerpon-Wellspring, L50, F|\n|poke|p2|Maushold-Four, L50|\n|poke|p2|Politoed, L50, M|\n|poke|p2|Kilowattrel, L50, F|\n|poke|p2|Rillaboom, L50, F|\n|poke|p2|Forretress, L50, F|\n|poke|p2|Iron Bundle, L50|\n|teampreview|4\n|\n|t:|1700006223\n|start\n|switch|p1a: Chi-Yu|Chi-Yu, L50|100\/100\n|switch|p1b: Iron Hands|Iron Hands, L50|100\/100\n|switch|p2a: Maushold|Maushold-Four, L50|100\/100\n|switch|p2b: Iron Bundle|Iron Bundle, L50|100\/100\n|-ability|p1a: Chi-Yu|Beads of Ruin\n|-enditem|p2b: Iron Bundle|Booster Energy\n|-activate|p2b: Iron Bundle|ability: Quark Drive|[fromitem]\n|-start|p2b: Iron Bundle|quarkdrivespe\n|turn|1\n|\n|t:|1700006263\n|move|p2b: Iron Bundle|Protect|p2b: Iron Bundle\n|-singleturn|p2b: Iron Bundle|Protect\n|move|p2a: Maushold|Protect|p2a: Maushold\n|-singleturn|p2a: Maushold|Protect\n|move|p1b: Iron Hands|Fake Out|p2b: Iron Bundle\n|-activate|p2b: Iron Bundle|move: Protect\n|move|p1a: Chi-Yu|Snarl|p2a: Maushold|[spread] \n|-activate|p2a: Maushold|move: Protect\n|-activate|p2b: Iron Bundle|move: Protect\n|\n|upkeep\n|turn|2\n|\n|t:|1700006304\n|-end|p2b: Iron Bundle|Quark Drive|[silent]\n|switch|p2b: Kilowattrel|Kilowattrel, L50, F|100\/100\n|-terastallize|p1a: Chi-Yu|Water\n|move|p2a: Maushold|Population Bomb|p1a: Chi-Yu\n|-damage|p1a: Chi-Yu|81\/100\n|-damage|p1a: Chi-Yu|65\/100\n|-damage|p1a: Chi-Yu|49\/100\n|-damage|p1a: Chi-Yu|34\/100\n|-damage|p1a: Chi-Yu|16\/100\n|-crit|p1a: Chi-Yu\n|-damage|p1a: Chi-Yu|0 fnt\n|faint|p1a: Chi-Yu\n|-hitcount|p1: Chi-Yu|6\n|move|p1b: Iron Hands|Drain Punch|p2a: Maushold\n|-supereffective|p2a: Maushold\n|-damage|p2a: Maushold|0 fnt\n|faint|p2a: Maushold\n|\n|upkeep\n|inactive|Battle timer is ON: inactive players will automatically lose when time's up. (requested by ThMeowMeow)\n|\n|t:|1700006373\n|switch|p2a: Politoed|Politoed, L50, M|100\/100\n|switch|p1a: Landorus|Landorus-Therian, L50, M|100\/100\n|-ability|p1a: Landorus|Intimidate|boost\n|-unboost|p2a: Politoed|atk|1\n|-unboost|p2b: Kilowattrel|atk|1\n|-weather|RainDance|[from] ability: Drizzle|[of] p2a: Politoed\n|turn|3\n|\n|t:|1700006396\n|move|p1a: Landorus|U-turn|p2a: Politoed\n|-damage|p2a: Politoed|69\/100\n|\n|t:|1700006399\n|switch|p1a: Sinistcha|Sinistcha, L50|100\/100|[from] U-turn\n|move|p2b: Kilowattrel|Hurricane|p1b: Iron Hands\n|-damage|p1b: Iron Hands|77\/100\n|move|p2a: Politoed|Muddy Water|p1a: Sinistcha|[spread] p1a,p1b\n|-resisted|p1a: Sinistcha\n|-damage|p1a: Sinistcha|66\/100\n|-damage|p1b: Iron Hands|47\/100\n|-damage|p2a: Politoed|59\/100|[from] item: Life Orb\n|move|p1b: Iron Hands|Wild Charge|p2b: Kilowattrel\n|-immune|p2b: Kilowattrel|[from] ability: Volt Absorb\n|\n|-weather|RainDance|[upkeep]\n|upkeep\n|turn|4\n|\n|t:|1700006422\n|move|p1a: Sinistcha|Rage Powder|p1a: Sinistcha\n|-singleturn|p1a: Sinistcha|move: Rage Powder\n|move|p2b: Kilowattrel|Hurricane|p1a: Sinistcha\n|-supereffective|p1a: Sinistcha\n|-damage|p1a: Sinistcha|0 fnt\n|faint|p1a: Sinistcha\n|move|p2a: Politoed|Muddy Water|p1b: Iron Hands\n|-damage|p1b: Iron Hands|5\/100\n|-damage|p2a: Politoed|49\/100|[from] item: Life Orb\n|move|p1b: Iron Hands|Wild Charge|p2a: Politoed\n|-supereffective|p2a: Politoed\n|-damage|p2a: Politoed|0 fnt\n|faint|p2a: Politoed\n|-damage|p1b: Iron Hands|0 fnt|[from] Recoil\n|faint|p1b: Iron Hands\n|-end|p1b: Iron Hands|Quark Drive|[silent]\n|\n|-weather|RainDance|[upkeep]\n|upkeep\n|\n|t:|1700006445\n|switch|p1a: Landorus|Landorus-Therian, L50, M|100\/100\n|switch|p2a: Iron Bundle|Iron Bundle, L50|100\/100\n|-ability|p1a: Landorus|Intimidate|boost\n|-unboost|p2a: Iron Bundle|atk|1\n|-unboost|p2b: Kilowattrel|atk|1\n|turn|5\n|\n|t:|1700006453\n|-terastallize|p2a: Iron Bundle|Water\n|move|p1a: Landorus|Rock Slide|p2a: Iron Bundle|[spread] p2a,p2b\n|-crit|p2a: Iron Bundle\n|-supereffective|p2b: Kilowattrel\n|-damage|p2a: Iron Bundle|58\/100\n|-damage|p2b: Kilowattrel|18\/100\n|move|p2a: Iron Bundle|Tera Blast|p1a: Landorus|[anim] Tera Blast Water\n|-supereffective|p1a: Landorus\n|-damage|p1a: Landorus|0 fnt\n|faint|p1a: Landorus\n|\n|win|TrainerDylan24\n|raw|ThMeowMeow's rating: 1133 &rarr; <strong>1114<\/strong><br \/>(-19 for losing)\n|raw|TrainerDylan24's rating: 1213 &rarr; <strong>1232<\/strong><br \/>(+19 for winning)\n|l|\u2606ThMeowMeow\n","uploadtime":1700006465,"views":7,"p1id":"thmeowmeow","p2id":"trainerdylan24","formatid":"gen9vgc2023regulatione","rating":1114,"private":0,"password":""}