{"id":"gen9vgc2023regulatione-1998625584","p1":"Kzjrhzk","p2":"lost oblitus","format":"[Gen 9] VGC 2023 Regulation E","log":"|j|\u2606Kzjrhzk\n|j|\u2606lost oblitus\n|t:|1700964520\n|gametype|doubles\n|player|p1|Kzjrhzk|lance|1242\n|player|p2|lost oblitus|supernerd|1137\n|teamsize|p1|6\n|teamsize|p2|6\n|gen|9\n|tier|[Gen 9] VGC 2023 Regulation E\n|rated|\n|rule|Species Clause: Limit one of each Pok\u00e9mon\n|rule|Item Clause: Limit one of each item\n|clearpoke\n|poke|p1|Flutter Mane, L50|\n|poke|p1|Tornadus, L50, M|\n|poke|p1|Rillaboom, L50, F|\n|poke|p1|Garganacl, L50, F|\n|poke|p1|Arcanine-Hisui, L50, F|\n|poke|p1|Chien-Pao, L50|\n|poke|p2|Weezing-Galar, L50, F|\n|poke|p2|Tornadus, L50, M|\n|poke|p2|Tandemaus, L50|\n|poke|p2|Ludicolo, L50, F|\n|poke|p2|Iron Hands, L50|\n|poke|p2|Hypno, L50, M|\n|teampreview|4\n|inactive|Battle timer is ON: inactive players will automatically lose when time's up. (requested by Kzjrhzk)\n|\n|t:|1700964564\n|start\n|switch|p1a: Tornadus|Tornadus, L50, M|100\/100\n|switch|p1b: Garganacl|Garganacl, L50, F|100\/100\n|switch|p2a: Tornadus|Tornadus, L50, M|100\/100\n|switch|p2b: Ludicolo|Ludicolo, L50, F|100\/100\n|turn|1\n|inactive|Kzjrhzk has 30 seconds left.\n|\n|t:|1700964593\n|-terastallize|p2b: Ludicolo|Fire\n|-terastallize|p1b: Garganacl|Ghost\n|move|p2b: Ludicolo|Fake Out|p1a: Tornadus\n|-damage|p1a: Tornadus|86\/100\n|-damage|p2b: Ludicolo|84\/100|[from] item: Rocky Helmet|[of] p1a: Tornadus\n|move|p2a: Tornadus|Swagger|p2b: Ludicolo\n|-boost|p2b: Ludicolo|atk|2\n|-immune|p2b: Ludicolo|confusion|[from] ability: Own Tempo\n|cant|p1a: Tornadus|flinch\n|move|p1b: Garganacl|Salt Cure|p2a: Tornadus\n|-supereffective|p2a: Tornadus\n|-damage|p2a: Tornadus|77\/100\n|-start|p2a: Tornadus|Salt Cure\n|\n|-damage|p2a: Tornadus|64\/100|[from] Salt Cure\n|upkeep\n|turn|2\n|inactive|lost oblitus has 30 seconds left.\n|\n|t:|1700964619\n|move|p2a: Tornadus|Tailwind|p2a: Tornadus\n|-sidestart|p2: lost oblitus|move: Tailwind\n|move|p1a: Tornadus|Taunt|p2a: Tornadus\n|-start|p2a: Tornadus|move: Taunt\n|move|p2b: Ludicolo|Waterfall|p1b: Garganacl\n|-damage|p1b: Garganacl|60\/100\n|move|p1b: Garganacl|Iron Defense|p1b: Garganacl\n|-boost|p1b: Garganacl|def|2\n|\n|-damage|p2a: Tornadus|52\/100|[from] Salt Cure\n|upkeep\n|turn|3\n|\n|t:|1700964635\n|switch|p2a: Weezing|Weezing-Galar, L50, F|100\/100\n|-fieldstart|move: Misty Terrain|[from] ability: Misty Surge|[of] p2a: Weezing\n|move|p1a: Tornadus|Tailwind|p1a: Tornadus\n|-sidestart|p1: Kzjrhzk|move: Tailwind\n|move|p2b: Ludicolo|Waterfall|p1a: Tornadus\n|-damage|p1a: Tornadus|8\/100\n|-damage|p2b: Ludicolo|67\/100|[from] item: Rocky Helmet|[of] p1a: Tornadus\n|move|p1b: Garganacl|Salt Cure|p2b: Ludicolo\n|-supereffective|p2b: Ludicolo\n|-damage|p2b: Ludicolo|34\/100\n|-start|p2b: Ludicolo|Salt Cure\n|-enditem|p2b: Ludicolo|Sitrus Berry|[eat]\n|-heal|p2b: Ludicolo|59\/100|[from] item: Sitrus Berry\n|\n|-damage|p2b: Ludicolo|46\/100|[from] Salt Cure\n|upkeep\n|turn|4\n|\n|t:|1700964656\n|move|p1b: Garganacl|Protect|p1b: Garganacl\n|-singleturn|p1b: Garganacl|Protect\n|move|p1a: Tornadus|Taunt|p2a: Weezing\n|-start|p2a: Weezing|move: Taunt\n|move|p2a: Weezing|Play Rough|p1a: Tornadus\n|-damage|p1a: Tornadus|0 fnt\n|-damage|p2a: Weezing|84\/100|[from] item: Rocky Helmet|[of] p1a: Tornadus\n|faint|p1a: Tornadus\n|move|p2b: Ludicolo|Waterfall|p1b: Garganacl\n|-activate|p1b: Garganacl|move: Protect\n|\n|-damage|p2b: Ludicolo|34\/100|[from] Salt Cure\n|upkeep\n|\n|t:|1700964676\n|switch|p1a: Rillaboom|Rillaboom, L50, F|100\/100\n|-fieldstart|move: Grassy Terrain|[from] ability: Grassy Surge|[of] p1a: Rillaboom\n|turn|5\n|\n|t:|1700964683\n|switch|p2a: Hypno|Hypno, L50, M|100\/100\n|move|p1a: Rillaboom|Fake Out|p2b: Ludicolo\n|-damage|p2b: Ludicolo|14\/100\n|cant|p2b: Ludicolo|flinch\n|move|p1b: Garganacl|Salt Cure|p2a: Hypno\n|-damage|p2a: Hypno|88\/100\n|-start|p2a: Hypno|Salt Cure\n|\n|-heal|p2b: Ludicolo|20\/100|[from] Grassy Terrain\n|-heal|p2a: Hypno|94\/100|[from] Grassy Terrain\n|-heal|p1b: Garganacl|66\/100|[from] Grassy Terrain\n|-damage|p2b: Ludicolo|7\/100|[from] Salt Cure\n|-damage|p2a: Hypno|81\/100|[from] Salt Cure\n|-sideend|p2: lost oblitus|move: Tailwind\n|upkeep\n|turn|6\n|\n|t:|1700964697\n|move|p1a: Rillaboom|Grassy Glide|p2b: Ludicolo\n|-resisted|p2b: Ludicolo\n|-damage|p2b: Ludicolo|0 fnt\n|faint|p2b: Ludicolo\n|move|p1b: Garganacl|Recover|p1b: Garganacl\n|-heal|p1b: Garganacl|100\/100\n|move|p2a: Hypno|Trick Room|p2a: Hypno\n|-fieldstart|move: Trick Room|[of] p2a: Hypno\n|\n|-heal|p2a: Hypno|87\/100|[from] Grassy Terrain\n|-damage|p2a: Hypno|75\/100|[from] Salt Cure\n|-sideend|p1: Kzjrhzk|move: Tailwind\n|upkeep\n|\n|t:|1700964705\n|switch|p2b: Weezing|Weezing-Galar, L50, F|84\/100\n|-fieldstart|move: Misty Terrain|[from] ability: Misty Surge|[of] p2b: Weezing\n|-enditem|p2a: Hypno|Misty Seed\n|-boost|p2a: Hypno|spd|1|[from] item: Misty Seed\n|turn|7\n|\n|t:|1700964715\n|move|p1b: Garganacl|Salt Cure|p2b: Weezing\n|-damage|p2b: Weezing|74\/100\n|-start|p2b: Weezing|Salt Cure\n|move|p2a: Hypno|Swagger|p2b: Weezing\n|-boost|p2b: Weezing|atk|2\n|-activate|p2b: Weezing|move: Misty Terrain\n|move|p2b: Weezing|Play Rough|p1a: Rillaboom\n|-damage|p1a: Rillaboom|48\/100\n|move|p1a: Rillaboom|Grassy Glide|p2a: Hypno\n|-damage|p2a: Hypno|46\/100\n|\n|-damage|p2a: Hypno|34\/100|[from] Salt Cure\n|-damage|p2b: Weezing|62\/100|[from] Salt Cure\n|upkeep\n|turn|8\n|\n|t:|1700964742\n|move|p1b: Garganacl|Protect|p1b: Garganacl\n|-singleturn|p1b: Garganacl|Protect\n|move|p2a: Hypno|Foul Play|p1a: Rillaboom\n|-damage|p1a: Rillaboom|15\/100\n|move|p2b: Weezing|Play Rough|p1a: Rillaboom\n|-damage|p1a: Rillaboom|0 fnt\n|faint|p1a: Rillaboom\n|\n|-damage|p2a: Hypno|21\/100|[from] Salt Cure\n|-damage|p2b: Weezing|49\/100|[from] Salt Cure\n|upkeep\n|\n|t:|1700964747\n|switch|p1a: Arcanine|Arcanine-Hisui, L50, F|100\/100\n|-ability|p1a: Arcanine|Intimidate|boost\n|-unboost|p2a: Hypno|atk|1\n|-unboost|p2b: Weezing|atk|1\n|turn|9\n|\n|t:|1700964761\n|move|p1a: Arcanine|Extreme Speed|p2a: Hypno\n|-damage|p2a: Hypno|0 fnt\n|faint|p2a: Hypno\n|move|p1b: Garganacl|Iron Defense|p1b: Garganacl\n|-boost|p1b: Garganacl|def|2\n|move|p2b: Weezing|Play Rough|p1b: Garganacl\n|-damage|p1b: Garganacl|90\/100\n|\n|-damage|p2b: Weezing|37\/100|[from] Salt Cure\n|upkeep\n|\n|t:|1700964768\n|switch|p2a: Tornadus|Tornadus, L50, M|52\/100\n|turn|10\n|\n|t:|1700964774\n|move|p1b: Garganacl|Protect|p1b: Garganacl\n|-singleturn|p1b: Garganacl|Protect\n|move|p1a: Arcanine|Extreme Speed|p2a: Tornadus\n|-damage|p2a: Tornadus|22\/100\n|move|p2a: Tornadus|Nasty Plot|p2a: Tornadus\n|-boost|p2a: Tornadus|spa|2\n|move|p2b: Weezing|Play Rough|p1a: Arcanine\n|-resisted|p1a: Arcanine\n|-damage|p1a: Arcanine|73\/100\n|\n|-damage|p2b: Weezing|25\/100|[from] Salt Cure\n|-fieldend|move: Trick Room\n|upkeep\n|turn|11\n|-enditem|p2b: Weezing|Custap Berry|[eat]\n|-activate|p2b: Weezing|item: Custap Berry|[consumed]\n|\n|t:|1700964784\n|move|p1a: Arcanine|Extreme Speed|p2a: Tornadus\n|-damage|p2a: Tornadus|0 fnt\n|faint|p2a: Tornadus\n|move|p2b: Weezing|Destiny Bond|p2b: Weezing\n|-singlemove|p2b: Weezing|Destiny Bond\n|move|p1b: Garganacl|Salt Cure|p2b: Weezing\n|-damage|p2b: Weezing|13\/100\n|\n|-damage|p2b: Weezing|1\/100|[from] Salt Cure\n|-fieldend|Misty Terrain\n|upkeep\n|turn|12\n|-message|lost oblitus forfeited.\n|\n|win|Kzjrhzk\n|raw|Kzjrhzk's rating: 1242 &rarr; <strong>1260<\/strong><br \/>(+18 for winning)\n|raw|lost oblitus's rating: 1137 &rarr; <strong>1119<\/strong><br \/>(-18 for losing)\n|l|\u2606lost oblitus\n","uploadtime":1700964799,"views":1,"p1id":"kzjrhzk","p2id":"lostoblitus","formatid":"gen9vgc2023regulatione","rating":1119,"private":0,"password":""}