{"id":"gen9vgc2023regulatione-1992986467","p1":"thedistortionzone","p2":"Goblin728","format":"[Gen 9] VGC 2023 Regulation E","log":"|j|\u2606thedistortionzone\n|j|\u2606Goblin728\n|t:|1700252919\n|gametype|doubles\n|player|p1|thedistortionzone|lucas|\n|player|p2|Goblin728|bugcatcher-gen4dp|\n|teamsize|p1|6\n|teamsize|p2|6\n|gen|9\n|tier|[Gen 9] VGC 2023 Regulation E\n|rule|Species Clause: Limit one of each Pok\u00e9mon\n|rule|Item Clause: Limit one of each item\n|clearpoke\n|poke|p1|Volbeat, L50, M|\n|poke|p1|Spiritomb, L50, M|\n|poke|p1|Baxcalibur, L50, F|\n|poke|p1|Milotic, L50, M|\n|poke|p1|Arcanine, L50, F|\n|poke|p1|Lucario, L50, F|\n|poke|p2|Wigglytuff, L50, M|\n|poke|p2|Ogerpon, L50, F|\n|poke|p2|Scizor, L50, M|\n|poke|p2|Arcanine-Hisui, L50, F|\n|poke|p2|Drifblim, L50, F|\n|poke|p2|Roaring Moon, L50|\n|teampreview|4\n|c|\u2606Goblin728|glhf\n|c|\u2606thedistortionzone|sorry a about that\n|\n|t:|1700252997\n|start\n|switch|p1a: Lucario|Lucario, L50, F|100\/100\n|switch|p1b: Spiritomb|Spiritomb, L50, M|100\/100\n|switch|p2a: Roaring Moon|Roaring Moon, L50|100\/100\n|switch|p2b: Arcanine|Arcanine-Hisui, L50, F|100\/100\n|-ability|p1b: Spiritomb|Pressure\n|-enditem|p2a: Roaring Moon|Booster Energy\n|-activate|p2a: Roaring Moon|ability: Protosynthesis|[fromitem]\n|-start|p2a: Roaring Moon|protosynthesisatk\n|turn|1\n|\n|t:|1700253033\n|switch|p1a: Arcanine|Arcanine, L50, F|100\/100\n|-ability|p1a: Arcanine|Intimidate|boost\n|-unboost|p2a: Roaring Moon|atk|1\n|-unboost|p2b: Arcanine|atk|1\n|-terastallize|p2a: Roaring Moon|Flying\n|move|p2b: Arcanine|Flare Blitz|p1a: Arcanine\n|-resisted|p1a: Arcanine\n|-damage|p1a: Arcanine|69\/100\n|move|p1b: Spiritomb|Will-O-Wisp|p2a: Roaring Moon\n|-status|p2a: Roaring Moon|brn\n|move|p2a: Roaring Moon|Dragon Tail|p1b: Spiritomb\n|-damage|p1b: Spiritomb|87\/100\n|drag|p1b: Lucario|Lucario, L50, F|100\/100\n|\n|-damage|p2a: Roaring Moon|95\/100 brn|[from] brn\n|upkeep\n|turn|2\n|\n|t:|1700253095\n|switch|p2b: Drifblim|Drifblim, L50, F|100\/100\n|move|p1a: Arcanine|Extreme Speed|p2a: Roaring Moon\n|-damage|p2a: Roaring Moon|61\/100 brn\n|move|p1b: Lucario|Steel Beam|p2b: Drifblim\n|-damage|p2b: Drifblim|49\/100\n|-damage|p1b: Lucario|50\/100|[from] steelbeam\n|move|p2a: Roaring Moon|Acrobatics|p1b: Lucario\n|-damage|p1b: Lucario|7\/100\n|\n|-damage|p2a: Roaring Moon|56\/100 brn|[from] brn\n|upkeep\n|turn|3\n|\n|t:|1700253120\n|switch|p1b: Spiritomb|Spiritomb, L50, M|87\/100\n|-ability|p1b: Spiritomb|Pressure\n|move|p1a: Arcanine|Extreme Speed|p2a: Roaring Moon\n|-damage|p2a: Roaring Moon|18\/100 brn\n|move|p2a: Roaring Moon|Knock Off|p1a: Arcanine\n|-damage|p1a: Arcanine|43\/100\n|-enditem|p1a: Arcanine|Mirror Herb|[from] move: Knock Off|[of] p2a: Roaring Moon\n|move|p2b: Drifblim|Strength Sap|p1a: Arcanine\n|-unboost|p1a: Arcanine|atk|1\n|-heal|p2b: Drifblim|100\/100\n|\n|-damage|p2a: Roaring Moon|13\/100 brn|[from] brn\n|upkeep\n|turn|4\n|\n|t:|1700253161\n|move|p1a: Arcanine|Extreme Speed|p2a: Roaring Moon\n|-damage|p2a: Roaring Moon|0 fnt\n|faint|p2a: Roaring Moon\n|-end|p2a: Roaring Moon|Protosynthesis|[silent]\n|move|p1b: Spiritomb|Will-O-Wisp|p2b: Drifblim\n|-status|p2b: Drifblim|brn\n|move|p2b: Drifblim|Trick Room|p2b: Drifblim\n|-fieldstart|move: Trick Room|[of] p2b: Drifblim\n|\n|-damage|p2b: Drifblim|94\/100 brn|[from] brn\n|upkeep\n|\n|t:|1700253170\n|switch|p2a: Arcanine|Arcanine-Hisui, L50, F|100\/100\n|turn|5\n|\n|t:|1700253184\n|move|p1a: Arcanine|Protect|p1a: Arcanine\n|-singleturn|p1a: Arcanine|Protect\n|move|p1b: Spiritomb|Foul Play|p2a: Arcanine\n|-damage|p2a: Arcanine|43\/100\n|move|p2a: Arcanine|Rock Slide|p1a: Arcanine|[spread] p1b\n|-activate|p1a: Arcanine|move: Protect\n|-crit|p1b: Spiritomb\n|-damage|p1b: Spiritomb|31\/100\n|-enditem|p1b: Spiritomb|Sitrus Berry|[eat]\n|-heal|p1b: Spiritomb|56\/100|[from] item: Sitrus Berry\n|move|p2b: Drifblim|Trick Room|p2b: Drifblim\n|-fieldend|move: Trick Room\n|\n|-damage|p2b: Drifblim|88\/100 brn|[from] brn\n|upkeep\n|turn|6\n|\n|t:|1700253206\n|move|p2a: Arcanine|Rock Slide|p1b: Spiritomb|[spread] p1a,p1b\n|-supereffective|p1a: Arcanine\n|-damage|p1a: Arcanine|0 fnt\n|-damage|p1b: Spiritomb|23\/100\n|faint|p1a: Arcanine\n|move|p2b: Drifblim|Shadow Ball|p1b: Spiritomb\n|-damage|p1b: Spiritomb|0 fnt\n|faint|p1b: Spiritomb\n|\n|-damage|p2b: Drifblim|82\/100 brn|[from] brn\n|upkeep\n|\n|t:|1700253209\n|switch|p1a: Lucario|Lucario, L50, F|7\/100\n|switch|p1b: Baxcalibur|Baxcalibur, L50, F|100\/100\n|turn|7\n|\n|t:|1700253244\n|switch|p2a: Ogerpon|Ogerpon, L50, F|100\/100\n|-terastallize|p1b: Baxcalibur|Poison\n|move|p1a: Lucario|Aura Sphere|p2a: Ogerpon\n|-damage|p2a: Ogerpon|54\/100\n|move|p1b: Baxcalibur|Icicle Crash|p2b: Drifblim\n|-supereffective|p2b: Drifblim\n|-damage|p2b: Drifblim|0 fnt\n|faint|p2b: Drifblim\n|\n|upkeep\n|\n|t:|1700253252\n|switch|p2b: Arcanine|Arcanine-Hisui, L50, F|43\/100\n|turn|8\n|\n|t:|1700253264\n|move|p1a: Lucario|Aura Sphere|p2b: Arcanine\n|-supereffective|p2b: Arcanine\n|-damage|p2b: Arcanine|0 fnt\n|faint|p2b: Arcanine\n|move|p2a: Ogerpon|Stomping Tantrum|p1a: Lucario\n|-supereffective|p1a: Lucario\n|-crit|p1a: Lucario\n|-damage|p1a: Lucario|0 fnt\n|faint|p1a: Lucario\n|move|p1b: Baxcalibur|Icicle Crash|p2a: Ogerpon\n|-supereffective|p2a: Ogerpon\n|-damage|p2a: Ogerpon|0 fnt\n|faint|p2a: Ogerpon\n|\n|win|thedistortionzone\n|c|\u2606Goblin728|gg\n|c|\u2606thedistortionzone|gg\n","uploadtime":1700253278,"views":36,"p1id":"thedistortionzone","p2id":"goblin728","formatid":"gen9vgc2023regulatione","rating":0,"private":0,"password":""}