{"id":"gen9vgc2023regulatione-1989669748","p1":"SwimWithTheFishies","p2":"moai maniac","format":"[Gen 9] VGC 2023 Regulation E","log":"|j|\u2606SwimWithTheFishies\n|j|\u2606moai maniac\n|t:|1699885220\n|gametype|doubles\n|player|p1|SwimWithTheFishies|swimmer-gen4dp|1135\n|player|p2|moai maniac|sage|1178\n|teamsize|p1|6\n|teamsize|p2|6\n|gen|9\n|tier|[Gen 9] VGC 2023 Regulation E\n|rated|\n|rule|Species Clause: Limit one of each Pok\u00e9mon\n|rule|Item Clause: Limit one of each item\n|clearpoke\n|poke|p1|Iron Hands, L50|\n|poke|p1|Landorus-Therian, L50, M|\n|poke|p1|Flutter Mane, L50|\n|poke|p1|Amoonguss, L50, F|\n|poke|p1|Heatran, L50, M|\n|poke|p1|Roaring Moon, L50|\n|poke|p2|Iron Hands, L50|\n|poke|p2|Ursaluna-Bloodmoon, L50, M|\n|poke|p2|Sinistcha-Masterpiece, L50|\n|poke|p2|Chi-Yu, L50|\n|poke|p2|Landorus-Therian, L50, M|\n|poke|p2|Ogerpon-Wellspring, L50, F|\n|teampreview|4\n|inactive|Battle timer is ON: inactive players will automatically lose when time's up. (requested by SwimWithTheFishies)\nSwimWithTheFishies has agreed to open team sheets.\n|inactive|SwimWithTheFishies has 60 seconds left.\n|inactive|moai maniac has 60 seconds left.\n|\n|t:|1699885264\n|start\n|switch|p1a: Flutter Mane|Flutter Mane, L50|100\/100\n|switch|p1b: Amoonguss|Amoonguss, L50, F|100\/100\n|switch|p2a: Iron Hands|Iron Hands, L50|100\/100\n|switch|p2b: Sinistcha|Sinistcha-Masterpiece, L50|100\/100\n|turn|1\n|inactive|SwimWithTheFishies has 30 seconds left.\n|\n|t:|1699885293\n|-end|p1a: Flutter Mane|Protosynthesis|[silent]\n|switch|p1a: Heatran|Heatran, L50, M|100\/100\n|move|p2a: Iron Hands|Fake Out|p1b: Amoonguss\n|-damage|p1b: Amoonguss|90\/100\n|-damage|p2a: Iron Hands|84\/100|[from] item: Rocky Helmet|[of] p1b: Amoonguss\n|cant|p1b: Amoonguss|flinch\n|move|p2b: Sinistcha|Trick Room|p2b: Sinistcha\n|-fieldstart|move: Trick Room|[of] p2b: Sinistcha\n|\n|upkeep\n|turn|2\n|\n|t:|1699885315\n|switch|p2b: Ursaluna|Ursaluna-Bloodmoon, L50, M|100\/100\n|move|p1b: Amoonguss|Rage Powder|p1b: Amoonguss\n|-singleturn|p1b: Amoonguss|move: Rage Powder\n|move|p2a: Iron Hands|Drain Punch|p1b: Amoonguss\n|-resisted|p1b: Amoonguss\n|-damage|p1b: Amoonguss|74\/100\n|-heal|p2a: Iron Hands|91\/100|[from] drain|[of] p1b: Amoonguss\n|-damage|p2a: Iron Hands|75\/100|[from] item: Rocky Helmet|[of] p1b: Amoonguss\n|move|p1a: Heatran|Heat Wave|p2b: Ursaluna|[spread] p2a,p2b\n|-damage|p2a: Iron Hands|57\/100\n|-damage|p2b: Ursaluna|62\/100\n|\n|upkeep\n|turn|3\n|inactive|moai maniac has 30 seconds left.\n|\n|t:|1699885346\n|-end|p2a: Iron Hands|Quark Drive|[silent]\n|switch|p2a: Sinistcha|Sinistcha-Masterpiece, L50|100\/100\n|-heal|p2b: Ursaluna|87\/100|[from] ability: Hospitality|[of] p2a: Sinistcha\n|-terastallize|p2b: Ursaluna|Normal\n|move|p1a: Heatran|Protect|p1a: Heatran\n|-singleturn|p1a: Heatran|Protect\n|move|p1b: Amoonguss|Spore|p2b: Ursaluna\n|-status|p2b: Ursaluna|slp|[from] move: Spore\n|cant|p2b: Ursaluna|slp\n|\n|upkeep\n|turn|4\n|\n|t:|1699885367\n|move|p1b: Amoonguss|Pollen Puff|p2a: Sinistcha\n|-damage|p2a: Sinistcha|78\/100\n|cant|p2b: Ursaluna|slp\n|move|p2a: Sinistcha|Matcha Gotcha|p1a: Heatran|[spread] p1a,p1b\n|-resisted|p1a: Heatran\n|-resisted|p1b: Amoonguss\n|-damage|p1a: Heatran|95\/100\n|-heal|p2a: Sinistcha|81\/100|[from] drain|[of] p1a: Heatran\n|-damage|p1b: Amoonguss|68\/100\n|-heal|p2a: Sinistcha|85\/100|[from] drain|[of] p1b: Amoonguss\n|move|p1a: Heatran|Heat Wave|p2a: Sinistcha|[spread] p2a,p2b\n|-supereffective|p2a: Sinistcha\n|-damage|p2a: Sinistcha|3\/100\n|-damage|p2b: Ursaluna|47\/100 slp\n|-enditem|p2a: Sinistcha|Sitrus Berry|[eat]\n|-heal|p2a: Sinistcha|28\/100|[from] item: Sitrus Berry\n|\n|-heal|p1a: Heatran|100\/100|[from] item: Leftovers\n|upkeep\n|turn|5\n|inactive|SwimWithTheFishies has 30 seconds left.\n|inactive|moai maniac has 30 seconds left.\n|\n|t:|1699885397\n|move|p1b: Amoonguss|Protect|p1b: Amoonguss\n|-singleturn|p1b: Amoonguss|Protect\n|move|p1a: Heatran|Protect|p1a: Heatran\n|-singleturn|p1a: Heatran|Protect\n|cant|p2b: Ursaluna|slp\n|move|p2a: Sinistcha|Strength Sap|p1a: Heatran\n|-activate|p1a: Heatran|move: Protect\n|\n|-fieldend|move: Trick Room\n|upkeep\n|turn|6\n|\n|t:|1699885416\n|switch|p2a: Landorus|Landorus-Therian, L50, M|100\/100\n|-ability|p2a: Landorus|Intimidate|boost\n|-unboost|p1a: Heatran|atk|1\n|-unboost|p1b: Amoonguss|atk|1\n|switch|p1b: Roaring Moon|Roaring Moon, L50|100\/100\n|-enditem|p1b: Roaring Moon|Booster Energy\n|-activate|p1b: Roaring Moon|ability: Protosynthesis|[fromitem]\n|-start|p1b: Roaring Moon|protosynthesisatk\n|-curestatus|p2b: Ursaluna|slp|[msg]\n|move|p2b: Ursaluna|Protect|p2b: Ursaluna\n|-singleturn|p2b: Ursaluna|Protect\n|move|p1a: Heatran|Heat Wave|p2b: Ursaluna|[spread] p2a\n|-activate|p2b: Ursaluna|move: Protect\n|-damage|p2a: Landorus|54\/100\n|\n|upkeep\n|turn|7\n|inactive|SwimWithTheFishies has 30 seconds left.\n|inactive|moai maniac has 30 seconds left.\n|inactive|SwimWithTheFishies has 20 seconds left.\n|inactive|SwimWithTheFishies has 15 seconds left.\n|inactive|SwimWithTheFishies has 10 seconds left.\n|\n|t:|1699885462\n|switch|p2b: Iron Hands|Iron Hands, L50|57\/100\n|move|p1a: Heatran|Protect|p1a: Heatran\n|-singleturn|p1a: Heatran|Protect\n|move|p2a: Landorus|Rock Slide|p1b: Roaring Moon|[spread] p1b\n|-activate|p1a: Heatran|move: Protect\n|-damage|p1b: Roaring Moon|80\/100\n|move|p1b: Roaring Moon|Knock Off|p2a: Landorus\n|-damage|p2a: Landorus|0 fnt\n|-enditem|p2a: Landorus|Choice Scarf|[from] move: Knock Off|[of] p1b: Roaring Moon\n|faint|p2a: Landorus\n|\n|upkeep\n|\n|t:|1699885477\n|switch|p2a: Sinistcha|Sinistcha-Masterpiece, L50|28\/100\n|-heal|p2b: Iron Hands|81\/100|[from] ability: Hospitality|[of] p2a: Sinistcha\n|turn|8\n|\n|t:|1699885492\n|switch|p1a: Amoonguss|Amoonguss, L50, F|100\/100\n|-terastallize|p1b: Roaring Moon|Flying\n|move|p2b: Iron Hands|Fake Out|p1a: Amoonguss\n|-damage|p1a: Amoonguss|88\/100\n|-damage|p2b: Iron Hands|65\/100|[from] item: Rocky Helmet|[of] p1a: Amoonguss\n|move|p1b: Roaring Moon|Acrobatics|p2a: Sinistcha\n|-supereffective|p2a: Sinistcha\n|-damage|p2a: Sinistcha|0 fnt\n|faint|p2a: Sinistcha\n|\n|upkeep\n|\n|t:|1699885512\n|switch|p2a: Ursaluna|Ursaluna-Bloodmoon, L50, M, tera:Normal|47\/100\n|turn|9\n|-message|moai maniac forfeited.\n|\n|win|SwimWithTheFishies\n|raw|SwimWithTheFishies's rating: 1135 &rarr; <strong>1163<\/strong><br \/>(+28 for winning)\n|raw|moai maniac's rating: 1178 &rarr; <strong>1150<\/strong><br \/>(-28 for losing)\n|l|\u2606moai maniac\n","uploadtime":1699885532,"views":33,"p1id":"swimwiththefishies","p2id":"moaimaniac","formatid":"gen9vgc2023regulatione","rating":1150,"private":0,"password":""}