{"id":"gen9vgc2023regulatione-1988116424","p1":"IAmAnissue","p2":"DonFuron","format":"[Gen 9] VGC 2023 Regulation E","log":"|j|\u2606IAmAnissue\n|j|\u2606DonFuron\n|n|\u2606IAmAnissue|iamanissue\n|n|\u2606DonFuron|donfuron\n|html|View the match progress at <a href=\"\/game-bestof3-gen9vgc2023regulatione-1988116423\">game-bestof3-gen9vgc2023regulatione-1988116423<\/a>\n|t:|1699671555\n|gametype|doubles\n|player|p1|IAmAnissue|101|\n|player|p2|DonFuron|101|\n|teamsize|p1|6\n|teamsize|p2|6\n|gen|9\n|tier|[Gen 9] VGC 2023 Regulation E\n|rule|Species Clause: Limit one of each Pok\u00e9mon\n|rule|Item Clause: Limit one of each item\n|clearpoke\n|poke|p1|Flutter Mane, L50|\n|poke|p1|Kingambit, L50, F|\n|poke|p1|Gothitelle, L50, F|\n|poke|p1|Arcanine-Hisui, L50, M|\n|poke|p1|Iron Hands, L50|\n|poke|p1|Ogerpon-Wellspring, L50, F|\n|poke|p2|Enamorus-Therian, L50, F|\n|poke|p2|Snorlax, L50, M|\n|poke|p2|Ursaluna-Bloodmoon, L50, M|\n|poke|p2|Armarouge, L50, M|\n|poke|p2|Indeedee-F, L50, F|\n|poke|p2|Oranguru, L50, F|\n|teampreview|4\n|inactive|Battle timer is ON: inactive players will automatically lose when time's up. (requested by IAmAnissue)\nDonFuron has agreed to open team sheets.\nIAmAnissue has agreed to open team sheets.\n|showteam|p1|Flutter Mane||PixiePlate|Protosynthesis|ShadowBall,Moonblast,PerishSong,Protect||||||50|,,,,,Fairy]Kingambit||BlackGlasses|Defiant|KowtowCleave,SuckerPunch,SwordsDance,Protect|||F|||50|,,,,,Dark]Gothitelle||SitrusBerry|ShadowTag|Psychic,FakeOut,TrickRoom,Protect|||F|||50|,,,,,Water]Arcanine-Hisui||RockyHelmet|Intimidate|FlareBlitz,RockSlide,WillOWisp,Protect|||M|||50|,,,,,Grass]Iron Hands||Leftovers|QuarkDrive|DrainPunch,ThunderPunch,SwordsDance,Detect||||||50|,,,,,Fire]Ogerpon-Wellspring||WellspringMask|WaterAbsorb|IvyCudgel,HornLeech,FollowMe,SpikyShield|||F|||50|,,,,,Water\n|showteam|p2|Enamorus-Therian||CovertCloak|Overcoat|Moonblast,DazzlingGleam,EarthPower,CalmMind|||F|||50|,,,,,Water]Snorlax||CustapBerry|Gluttony|Facade,Earthquake,BellyDrum,Protect|||M|||50|,,,,,Ground]Ursaluna-Bloodmoon||ThroatSpray|MindsEye|HyperVoice,EarthPower,BloodMoon,Protect|||M|||50|,,,,,Normal]Armarouge||TwistedSpoon|FlashFire|ExpandingForce,ArmorCannon,ClearSmog,WideGuard|||M|||50|,,,,,Psychic]Indeedee-F||SafetyGoggles|PsychicSurge|FollowMe,HelpingHand,TrickRoom,DazzlingGleam|||F|||50|,,,,,Flying]Oranguru||PsychicSeed|Telepathy|Instruct,TrickRoom,FoulPlay,Encore|||F|||50|,,,,,Water\n|c|\u2606DonFuron|I changed my tera type on indeedee to flying\n|c|\u2606IAmAnissue|yeah was curious about that\n|c|\u2606DonFuron|it was default psychic before\n|inactive|IAmAnissue has 30 seconds left.\n|inactive|DonFuron has 30 seconds left.\n|c|\u2606DonFuron|I just forgot to change it\n|c|\u2606IAmAnissue|fair\n|inactive|IAmAnissue has 20 seconds left.\n|inactive|DonFuron has 20 seconds left.\n|inactive|IAmAnissue has 15 seconds left.\n|inactive|DonFuron has 15 seconds left.\n|inactive|IAmAnissue has 10 seconds left.\n|inactive|DonFuron has 10 seconds left.\n|inactive|DonFuron has 5 seconds left.\n|\n|t:|1699671612\n|start\n|switch|p1a: Interceptor|Kingambit, L50, F|100\/100\n|switch|p1b: That Guy|Iron Hands, L50|100\/100\n|switch|p2a: Indeedee|Indeedee-F, L50, F|100\/100\n|switch|p2b: Oranguru|Oranguru, L50, F|100\/100\n|-fieldstart|move: Psychic Terrain|[from] ability: Psychic Surge|[of] p2a: Indeedee\n|-enditem|p2b: Oranguru|Psychic Seed\n|-boost|p2b: Oranguru|spd|1|[from] item: Psychic Seed\n|turn|1\n|\n|t:|1699671629\n|switch|p2a: Ursaluna|Ursaluna-Bloodmoon, L50, M|100\/100\n|-end|p1b: That Guy|Quark Drive|[silent]\n|switch|p1b: Cheesecake|Gothitelle, L50, F|100\/100\n|move|p1a: Interceptor|Swords Dance|p1a: Interceptor\n|-boost|p1a: Interceptor|atk|2\n|move|p2b: Oranguru|Trick Room|p2b: Oranguru\n|-fieldstart|move: Trick Room|[of] p2b: Oranguru\n|\n|upkeep\n|turn|2\n|\n|t:|1699671653\n|-terastallize|p2a: Ursaluna|Normal\n|move|p1a: Interceptor|Protect|p1a: Interceptor\n|-singleturn|p1a: Interceptor|Protect\n|move|p1b: Cheesecake|Protect|p1b: Cheesecake\n|-singleturn|p1b: Cheesecake|Protect\n|move|p2a: Ursaluna|Hyper Voice|p1a: Interceptor|[spread] \n|-activate|p1a: Interceptor|move: Protect\n|-activate|p1b: Cheesecake|move: Protect\n|move|p2b: Oranguru|Instruct|p2a: Ursaluna\n|-singleturn|p2a: Ursaluna|move: Instruct|[of] p2b: Oranguru\n|move|p2a: Ursaluna|Hyper Voice|p1a: Interceptor|[spread] \n|-activate|p1a: Interceptor|move: Protect\n|-activate|p1b: Cheesecake|move: Protect\n|\n|upkeep\n|turn|3\n|\n|t:|1699671667\n|move|p1a: Interceptor|Kowtow Cleave|p2a: Ursaluna\n|-damage|p2a: Ursaluna|12\/100\n|move|p2a: Ursaluna|Earth Power|p1a: Interceptor\n|-supereffective|p1a: Interceptor\n|-damage|p1a: Interceptor|0 fnt\n|faint|p1a: Interceptor\n|move|p2b: Oranguru|Trick Room|p2b: Oranguru\n|-fieldend|move: Trick Room\n|move|p1b: Cheesecake|Trick Room|p1b: Cheesecake\n|-fieldstart|move: Trick Room|[of] p1b: Cheesecake\n|\n|upkeep\n|\n|t:|1699671673\n|switch|p1a: That Guy|Iron Hands, L50|100\/100\n|turn|4\n|\n|t:|1699671684\n|move|p1a: That Guy|Drain Punch|p2a: Ursaluna\n|-supereffective|p2a: Ursaluna\n|-damage|p2a: Ursaluna|0 fnt\n|faint|p2a: Ursaluna\n|move|p2b: Oranguru|Instruct|p2: Ursaluna|[notarget]\n|-fail|p2b: Oranguru\n|move|p1b: Cheesecake|Psychic|p2b: Oranguru\n|-resisted|p2b: Oranguru\n|-damage|p2b: Oranguru|89\/100\n|\n|upkeep\n|c|\u2606DonFuron|wait\n|c|\u2606DonFuron|hahaha\n|c|\u2606DonFuron|why are ur mons min speed\n|\n|t:|1699671698\n|switch|p2a: Enamorus|Enamorus-Therian, L50, F|100\/100\n|turn|5\n|c|\u2606IAmAnissue|don't worry about it\n|inactive|IAmAnissue has 30 seconds left.\n|inactive|IAmAnissue has 20 seconds left.\n|\n|t:|1699671735\n|-terastallize|p1a: That Guy|Fire\n|move|p2a: Enamorus|Calm Mind|p2a: Enamorus\n|-boost|p2a: Enamorus|spa|1\n|-boost|p2a: Enamorus|spd|1\n|move|p1a: That Guy|Swords Dance|p1a: That Guy\n|-boost|p1a: That Guy|atk|2\n|move|p2b: Oranguru|Instruct|p2a: Enamorus\n|-singleturn|p2a: Enamorus|move: Instruct|[of] p2b: Oranguru\n|move|p2a: Enamorus|Calm Mind|p2a: Enamorus\n|-boost|p2a: Enamorus|spa|1\n|-boost|p2a: Enamorus|spd|1\n|move|p1b: Cheesecake|Trick Room|p1b: Cheesecake\n|-fieldend|move: Trick Room\n|\n|-fieldend|move: Psychic Terrain\n|upkeep\n|turn|6\n|\n|t:|1699671759\n|move|p1b: Cheesecake|Psychic|p2a: Enamorus\n|-damage|p2a: Enamorus|86\/100\n|move|p2b: Oranguru|Encore|p1a: That Guy\n|-start|p1a: That Guy|Encore\n|move|p1a: That Guy|Swords Dance|p1a: That Guy\n|-boost|p1a: That Guy|atk|2\n|move|p2a: Enamorus|Moonblast|p1b: Cheesecake\n|-damage|p1b: Cheesecake|24\/100\n|-enditem|p1b: Cheesecake|Sitrus Berry|[eat]\n|-heal|p1b: Cheesecake|49\/100|[from] item: Sitrus Berry\n|\n|upkeep\n|turn|7\n|c|\u2606IAmAnissue|oh wait duh\n|\n|t:|1699671775\n|-end|p1a: That Guy|Quark Drive|[silent]\n|switch|p1a: No Quake Pls|Arcanine-Hisui, L50, M|100\/100\n|-ability|p1a: No Quake Pls|Intimidate|boost\n|-unboost|p2a: Enamorus|atk|1\n|-unboost|p2b: Oranguru|atk|1\n|move|p1b: Cheesecake|Protect|p1b: Cheesecake\n|-singleturn|p1b: Cheesecake|Protect\n|move|p2a: Enamorus|Moonblast|p1b: Cheesecake\n|-activate|p1b: Cheesecake|move: Protect\n|move|p2b: Oranguru|Trick Room|p2b: Oranguru\n|-fieldstart|move: Trick Room|[of] p2b: Oranguru\n|\n|upkeep\n|turn|8\n|inactive|DonFuron has 30 seconds left.\n|inactive|DonFuron has 20 seconds left.\n|\n|t:|1699671814\n|move|p2a: Enamorus|Earth Power|p1a: No Quake Pls\n|-supereffective|p1a: No Quake Pls\n|-damage|p1a: No Quake Pls|0 fnt\n|faint|p1a: No Quake Pls\n|move|p2b: Oranguru|Encore|p1b: Cheesecake\n|-start|p1b: Cheesecake|Encore\n|move|p1b: Cheesecake|Protect||[still]\n|-fail|p1b: Cheesecake\n|\n|upkeep\n|-message|IAmAnissue forfeited.\n|\n|win|DonFuron\n|c|&|\/uhtml prompt-iamanissue,IAmAnissue is ready for game 2!\n|c|&|\/uhtml prompt-donfuron,DonFuron is ready for game 2!\nBoth players are ready! Starting next match!\n","uploadtime":1699671993,"views":27,"p1id":"iamanissue","p2id":"donfuron","formatid":"gen9vgc2023regulatione","rating":0,"private":0,"password":""}