{"id":"gen9vgc2023regulatione-1994572724","p1":"Zebbygene","p2":"Zilla15","format":"[Gen 9] VGC 2023 Regulation E","log":"|j|\u2606Zebbygene\n|j|\u2606Zilla15\n|n|\u2606Zebbygene|zebbygene\n|n|\u2606Zilla15|zilla15\n|html|View the match progress at <a href=\"\/game-bestof3-gen9vgc2023regulatione-1994565721\">game-bestof3-gen9vgc2023regulatione-1994565721<\/a>\n|t:|1700462134\n|gametype|doubles\n|player|p1|Zebbygene|marlon|\n|player|p2|Zilla15|teamrocket|\n|teamsize|p1|6\n|teamsize|p2|6\n|gen|9\n|tier|[Gen 9] VGC 2023 Regulation E\n|rule|Species Clause: Limit one of each Pok\u00e9mon\n|rule|Item Clause: Limit one of each item\n|clearpoke\n|poke|p1|Dondozo, L50, M|\n|poke|p1|Tatsugiri, L50, F|\n|poke|p1|Murkrow, L50, M|\n|poke|p1|Gligar, L50, M|\n|poke|p1|Leavanny, L50, F|\n|poke|p1|Grafaiai, L50, F|\n|poke|p2|Meowscarada, L50, M|\n|poke|p2|Ditto, L50|\n|poke|p2|Avalugg, L50, F|\n|poke|p2|Appletun, L50, M|\n|poke|p2|Dragonite, L50, F|\n|poke|p2|Delphox, L50, F|\n|teampreview|4\n|j| JabsGR\n|\n|t:|1700462145\n|start\n|switch|p1a: Big Fish|Dondozo, L50, M, shiny|100\/100\n|switch|p1b: Small Fish|Tatsugiri, L50, F, shiny|100\/100\n|switch|p2a: Ditto|Ditto, L50, shiny|100\/100\n|switch|p2b: Avalugg|Avalugg, L50, F|100\/100\n|-activate|p1b: Small Fish|ability: Commander|[of] p1a: Big Fish\n|-boost|p1a: Big Fish|atk|2\n|-boost|p1a: Big Fish|spa|2\n|-boost|p1a: Big Fish|spe|2\n|-boost|p1a: Big Fish|def|2\n|-boost|p1a: Big Fish|spd|2\n|-transform|p2a: Ditto|p1b: Small Fish|[from] ability: Imposter\n|turn|1\n|j| sleepzey\n|\n|t:|1700462176\n|move|p2a: Ditto|Dragon Pulse|p1b: Small Fish|[miss]\n|-miss|p2a: Ditto|p1b: Small Fish\n|move|p1a: Big Fish|Order Up|p2a: Ditto\n|-supereffective|p2a: Ditto\n|-damage|p2a: Ditto|0 fnt\n|faint|p2a: Ditto\n|-boost|p1a: Big Fish|atk|1\n|move|p2b: Avalugg|Body Press|p1a: Big Fish\n|-damage|p1a: Big Fish|90\/100\n|\n|-heal|p1a: Big Fish|96\/100|[from] item: Leftovers\n|upkeep\n|\n|t:|1700462180\n|switch|p2a: Dragonite|Dragonite, L50, F|100\/100\n|turn|2\n|j| Lkynmbr24\n|\n|t:|1700462198\n|-terastallize|p1a: Big Fish|Steel\n|move|p2a: Dragonite|Dragon Dance|p2a: Dragonite\n|-boost|p2a: Dragonite|atk|1\n|-boost|p2a: Dragonite|spe|1\n|move|p1a: Big Fish|Tera Blast|p2b: Avalugg|[anim] Tera Blast Steel\n|-supereffective|p2b: Avalugg\n|-damage|p2b: Avalugg|0 fnt\n|faint|p2b: Avalugg\n|\n|-heal|p1a: Big Fish|100\/100|[from] item: Leftovers\n|upkeep\n|\n|t:|1700462201\n|switch|p2b: Appletun|Appletun, L50, M|100\/100\n|turn|3\n|\n|t:|1700462217\n|-terastallize|p2b: Appletun|Grass\n|move|p2a: Dragonite|Aqua Jet|p1a: Big Fish\n|-damage|p1a: Big Fish|95\/100\n|move|p1a: Big Fish|Order Up|p2a: Dragonite\n|-supereffective|p2a: Dragonite\n|-damage|p2a: Dragonite|0 fnt\n|faint|p2a: Dragonite\n|-boost|p1a: Big Fish|atk|1\n|move|p2b: Appletun|Iron Defense|p2b: Appletun\n|-boost|p2b: Appletun|def|2\n|\n|-heal|p1a: Big Fish|100\/100|[from] item: Leftovers\n|upkeep\n|turn|4\n|\n|t:|1700462230\n|move|p1a: Big Fish|Order Up|p2b: Appletun\n|-damage|p2b: Appletun|22\/100\n|-boost|p1a: Big Fish|atk|1\n|move|p2b: Appletun|Apple Acid|p1a: Big Fish\n|-resisted|p1a: Big Fish\n|-damage|p1a: Big Fish|91\/100\n|-unboost|p1a: Big Fish|spd|1\n|\n|-heal|p1a: Big Fish|97\/100|[from] item: Leftovers\n|upkeep\n|turn|5\n|\n|t:|1700462259\n|move|p1a: Big Fish|Order Up|p2b: Appletun\n|-damage|p2b: Appletun|0 fnt\n|faint|p2b: Appletun\n|\n|win|Zebbygene\n|c|\u2606Zebbygene|gg\n|l| Lkynmbr24\n|l|\u2606Zebbygene\n|c|\u2606Zilla15|Gg\n|l|\u2606Zilla15\n|j|\u2606Zebbygene\n|player|p1|Zebbygene|marlon\n","uploadtime":1700462325,"views":9,"p1id":"zebbygene","p2id":"zilla15","formatid":"gen9vgc2023regulatione","rating":0,"private":0,"password":""}