{"id":"gen9vgc2023regulatione-1998773226","p1":"SlushiW","p2":"pokeveteran04","format":"[Gen 9] VGC 2023 Regulation E","log":"|j|\u2606SlushiW\n|j|\u2606pokeveteran04\n|t:|1700987826\n|gametype|doubles\n|player|p1|SlushiW|ethan-pokeathlon|\n|player|p2|pokeveteran04|red|\n|teamsize|p1|6\n|teamsize|p2|6\n|gen|9\n|tier|[Gen 9] VGC 2023 Regulation E\n|rated|Tournament battle\n|rule|Species Clause: Limit one of each Pok\u00e9mon\n|rule|Item Clause: Limit one of each item\n|clearpoke\n|poke|p1|Chien-Pao, L50|\n|poke|p1|Dragonite, L50, M|\n|poke|p1|Rillaboom, L50, M|\n|poke|p1|Urshifu-*, L50, M|\n|poke|p1|Heatran, L50, M|\n|poke|p1|Farigiraf, L50, F|\n|poke|p2|Tornadus, L50, M|\n|poke|p2|Amoonguss, L50, F|\n|poke|p2|Thundurus-Therian, L50, M|\n|poke|p2|Urshifu-*, L50, F|\n|poke|p2|Arcanine-Hisui, L50, F|\n|poke|p2|Ogerpon-Wellspring, L50, F|\n|teampreview|4\n|showteam|p1|Chien-Pao||FocusSash|SwordofRuin|IcicleCrash,SuckerPunch,SacredSword,Protect||||||50|,,,,,Ghost]Dragonite||ChoiceBand|InnerFocus|Outrage,ExtremeSpeed,AerialAce,StompingTantrum|||M|||50|,,,,,Normal]Rillaboom||MeadowPlate|GrassySurge|FakeOut,WoodHammer,GrassyGlide,Protect|||M|||50|,,,,,Grass]Urshifu-Rapid-Strike||MysticWater|UnseenFist|SurgingStrikes,CloseCombat,AquaJet,Detect|||M|||50|,,,,,Water]Heatran||AssaultVest|FlashFire|HeatWave,FlashCannon,EarthPower,TeraBlast|||M|||50|,,,,,Grass]Farigiraf||SitrusBerry|ArmorTail|Psychic,DazzlingGleam,HelpingHand,TrickRoom|||F|||50|,,,,,Fairy\n|showteam|p2|Tornadus||FocusSash|Prankster|Tailwind,BleakwindStorm,RainDance,Protect|||M|||50|,,,,,Steel]Amoonguss||Leftovers|Regenerator|Spore,RagePowder,PollenPuff,Protect|||F|||50|,,,,,Water]Thundurus-Therian||ChoiceSpecs|VoltAbsorb|Thunder,VoltSwitch,WeatherBall,WildboltStorm|||M|||50|,,,,,Electric]Urshifu-Rapid-Strike||MysticWater|UnseenFist|SurgingStrikes,AquaJet,CloseCombat,Protect|||F|||50|,,,,,Steel]Arcanine-Hisui||SitrusBerry|Intimidate|ExtremeSpeed,RockSlide,WillOWisp,Protect|||F|||50|,,,,,Water]Ogerpon-Wellspring||WellspringMask|WaterAbsorb|IvyCudgel,HornLeech,FollowMe,SpikyShield|||F|||50|,,,,,Water\n|inactive|Battle timer is ON: inactive players will automatically lose when time's up. (requested by SlushiW)\n|j| RainyDayinTheUK\n|j| Patrykme\n|\n|t:|1700987836\n|start\n|switch|p1a: GHOST|Rillaboom, L50, M, shiny|100\/100\n|switch|p1b: Pandora|Farigiraf, L50, F, shiny|100\/100\n|switch|p2a: Tornadus|Tornadus, L50, M|100\/100\n|switch|p2b: Urshifu|Urshifu-Rapid-Strike, L50, F|100\/100\n|-fieldstart|move: Grassy Terrain|[from] ability: Grassy Surge|[of] p1a: GHOST\n|turn|1\n|\n|t:|1700987847\n|switch|p2b: Amoonguss|Amoonguss, L50, F|100\/100\n|move|p1a: GHOST|Fake Out|p2b: Amoonguss\n|-damage|p2b: Amoonguss|85\/100\n|move|p2a: Tornadus|Bleakwind Storm|p1a: GHOST|[spread] \n|-miss|p2a: Tornadus|p1a: GHOST\n|-miss|p2a: Tornadus|p1b: Pandora\n|move|p1b: Pandora|Trick Room|p1b: Pandora\n|-fieldstart|move: Trick Room|[of] p1b: Pandora\n|\n|-heal|p2b: Amoonguss|91\/100|[from] Grassy Terrain\n|-heal|p2b: Amoonguss|97\/100|[from] item: Leftovers\n|upkeep\n|turn|2\n|l| RainyDayinTheUK\n|j| eragon11145\n|\n|t:|1700987865\n|move|p1b: Pandora|Helping Hand|p1a: GHOST\n|-singleturn|p1a: GHOST|Helping Hand|[of] p1b: Pandora\n|move|p2b: Amoonguss|Spore|p1b: Pandora\n|-status|p1b: Pandora|slp|[from] move: Spore\n|move|p1a: GHOST|Wood Hammer|p2a: Tornadus\n|-resisted|p2a: Tornadus\n|-enditem|p2a: Tornadus|Focus Sash\n|-damage|p2a: Tornadus|1\/100\n|-damage|p1a: GHOST|76\/100|[from] Recoil\n|move|p2a: Tornadus|Bleakwind Storm|p1a: GHOST|[spread] p1a,p1b\n|-supereffective|p1a: GHOST\n|-damage|p1a: GHOST|0 fnt\n|-damage|p1b: Pandora|62\/100 slp\n|faint|p1a: GHOST\n|\n|-heal|p2b: Amoonguss|100\/100|[from] Grassy Terrain\n|-heal|p1b: Pandora|69\/100 slp|[from] Grassy Terrain\n|upkeep\n|\n|t:|1700987870\n|switch|p1a: Runaway|Heatran, L50, M, shiny|100\/100\n|turn|3\n|c| Patrykme|double miss thats so unlucky'\n|inactive|pokeveteran04 has 30 seconds left.\n|inactive|pokeveteran04 has 20 seconds left.\n|j|%Aldrich\n|inactive|pokeveteran04 has 15 seconds left.\n|inactive|pokeveteran04 has 10 seconds left.\n|\n|t:|1700987916\n|-terastallize|p1a: Runaway|Grass\n|move|p2a: Tornadus|Rain Dance|p2a: Tornadus\n|-weather|RainDance\n|move|p2b: Amoonguss|Pollen Puff|p2a: Tornadus\n|-heal|p2a: Tornadus|51\/100\n|cant|p1b: Pandora|slp\n|move|p1a: Runaway|Heat Wave|p2b: Amoonguss|[spread] p2a,p2b\n|-supereffective|p2b: Amoonguss\n|-damage|p2a: Tornadus|22\/100\n|-damage|p2b: Amoonguss|70\/100\n|\n|-weather|RainDance|[upkeep]\n|-heal|p2b: Amoonguss|76\/100|[from] Grassy Terrain\n|-heal|p2b: Amoonguss|82\/100|[from] item: Leftovers\n|-heal|p1b: Pandora|75\/100 slp|[from] Grassy Terrain\n|upkeep\n|turn|4\n|\n|t:|1700987934\n|move|p2b: Amoonguss|Pollen Puff|p2a: Tornadus\n|-heal|p2a: Tornadus|71\/100\n|-curestatus|p1b: Pandora|slp|[msg]\n|move|p1b: Pandora|Psychic|p2b: Amoonguss\n|-supereffective|p2b: Amoonguss\n|-damage|p2b: Amoonguss|29\/100\n|-unboost|p2b: Amoonguss|spd|1\n|move|p1a: Runaway|Heat Wave|p2a: Tornadus|[spread] p2a,p2b\n|-supereffective|p2b: Amoonguss\n|-damage|p2a: Tornadus|44\/100\n|-damage|p2b: Amoonguss|0 fnt\n|faint|p2b: Amoonguss\n|move|p2a: Tornadus|Bleakwind Storm|p1b: Pandora|[spread] p1a,p1b\n|-supereffective|p1a: Runaway\n|-damage|p1a: Runaway|54\/100\n|-damage|p1b: Pandora|35\/100\n|-unboost|p1b: Pandora|spe|1\n|-enditem|p1b: Pandora|Sitrus Berry|[eat]\n|-heal|p1b: Pandora|60\/100|[from] item: Sitrus Berry\n|\n|-weather|RainDance|[upkeep]\n|-heal|p1b: Pandora|66\/100|[from] Grassy Terrain\n|-heal|p1a: Runaway|60\/100|[from] Grassy Terrain\n|upkeep\n|\n|t:|1700987958\n|switch|p2b: Ogerpon|Ogerpon-Wellspring, L50, F|100\/100\n|turn|5\n|\n|t:|1700987970\n|move|p2a: Tornadus|Protect|p2a: Tornadus\n|-singleturn|p2a: Tornadus|Protect\n|move|p2b: Ogerpon|Spiky Shield|p2b: Ogerpon\n|-singleturn|p2b: Ogerpon|move: Protect\n|move|p1b: Pandora|Psychic|p2a: Tornadus\n|-activate|p2a: Tornadus|move: Protect\n|move|p1a: Runaway|Tera Blast|p2b: Ogerpon|[anim] Tera Blast Grass\n|-activate|p2b: Ogerpon|move: Protect\n|\n|-weather|RainDance|[upkeep]\n|-heal|p1b: Pandora|72\/100|[from] Grassy Terrain\n|-heal|p1a: Runaway|66\/100|[from] Grassy Terrain\n|-fieldend|move: Trick Room\n|-fieldend|move: Grassy Terrain\n|upkeep\n|turn|6\n|\n|t:|1700987994\n|move|p2a: Tornadus|Bleakwind Storm|p1b: Pandora|[spread] p1a,p1b\n|-supereffective|p1a: Runaway\n|-damage|p1a: Runaway|20\/100\n|-damage|p1b: Pandora|30\/100\n|-unboost|p1a: Runaway|spe|1\n|move|p2b: Ogerpon|Ivy Cudgel|p1b: Pandora|[anim] Ivy Cudgel Water\n|-crit|p1b: Pandora\n|-damage|p1b: Pandora|0 fnt\n|faint|p1b: Pandora\n|move|p1a: Runaway|Flash Cannon|p2a: Tornadus\n|-damage|p2a: Tornadus|0 fnt\n|faint|p2a: Tornadus\n|\n|-weather|RainDance|[upkeep]\n|upkeep\n|\n|t:|1700988005\n|switch|p2a: Urshifu|Urshifu-Rapid-Strike, L50, F|100\/100\n|switch|p1b: Comet|Dragonite, L50, M|100\/100\n|turn|7\n|\n|t:|1700988015\n|-terastallize|p2a: Urshifu|Steel\n|move|p2b: Ogerpon|Ivy Cudgel|p1a: Runaway|[anim] Ivy Cudgel Water\n|-resisted|p1a: Runaway\n|-damage|p1a: Runaway|0 fnt\n|faint|p1a: Runaway\n|move|p2a: Urshifu|Surging Strikes|p1b: Comet\n|-resisted|p1b: Comet\n|-crit|p1b: Comet\n|-damage|p1b: Comet|80\/100\n|-resisted|p1b: Comet\n|-crit|p1b: Comet\n|-damage|p1b: Comet|62\/100\n|-resisted|p1b: Comet\n|-crit|p1b: Comet\n|-damage|p1b: Comet|42\/100\n|-hitcount|p1b: Comet|3\n|move|p1b: Comet|Outrage|p2b: Ogerpon\n|-damage|p2b: Ogerpon|0 fnt\n|faint|p2b: Ogerpon\n|\n|-weather|none\n|upkeep\n|turn|8\n|\n|t:|1700988033\n|move|p2a: Urshifu|Surging Strikes|p1b: Comet\n|-resisted|p1b: Comet\n|-crit|p1b: Comet\n|-damage|p1b: Comet|29\/100\n|-resisted|p1b: Comet\n|-crit|p1b: Comet\n|-damage|p1b: Comet|15\/100\n|-resisted|p1b: Comet\n|-crit|p1b: Comet\n|-damage|p1b: Comet|2\/100\n|-hitcount|p1b: Comet|3\n|move|p1b: Comet|Outrage|p2a: Urshifu|[from]lockedmove\n|-resisted|p2a: Urshifu\n|-damage|p2a: Urshifu|55\/100\n|-start|p1b: Comet|confusion|[fatigue]\n|\n|upkeep\n|turn|9\n|\n|t:|1700988046\n|move|p2a: Urshifu|Surging Strikes|p1b: Comet\n|-resisted|p1b: Comet\n|-crit|p1b: Comet\n|-damage|p1b: Comet|0 fnt\n|faint|p1b: Comet\n|-hitcount|p1: Comet|1\n|\n|win|pokeveteran04\n|n|\u2606SlushiW|slushiw\n|n|\u2606pokeveteran04|pokeveteran04\n|n| Patrykme|patrykme\n|n| eragon11145|eragon11145\n|n| Aldrich|aldrich\n","uploadtime":1700988047,"views":1,"p1id":"slushiw","p2id":"pokeveteran04","formatid":"gen9vgc2023regulatione","rating":0,"private":0,"password":""}