{"id":"gen9vgc2023regulatione-1996049339","p1":"Vitalis24","p2":"Tamamonineteam","format":"[Gen 9] VGC 2023 Regulation E","log":"|j|\u2606Vitalis24\n|j|\u2606Tamamonineteam\n|t:|1700635370\n|gametype|doubles\n|player|p1|Vitalis24|ethan|1322\n|player|p2|Tamamonineteam|265|1420\n|teamsize|p1|6\n|teamsize|p2|6\n|gen|9\n|tier|[Gen 9] VGC 2023 Regulation E\n|rated|\n|rule|Species Clause: Limit one of each Pok\u00e9mon\n|rule|Item Clause: Limit one of each item\n|clearpoke\n|poke|p1|Heatran, L50, M|\n|poke|p1|Ogerpon-Wellspring, L50, F|\n|poke|p1|Indeedee-F, L50, F|\n|poke|p1|Flutter Mane, L50|\n|poke|p1|Landorus-Therian, L50, M|\n|poke|p1|Urshifu-*, L50, F|\n|poke|p2|Iron Hands, L50|\n|poke|p2|Flutter Mane, L50|\n|poke|p2|Ogerpon-Wellspring, L50, F|\n|poke|p2|Farigiraf, L50, M|\n|poke|p2|Chi-Yu, L50|\n|poke|p2|Landorus-Therian, L50, M|\n|teampreview|4\n|inactive|Battle timer is ON: inactive players will automatically lose when time's up. (requested by Tamamonineteam)\n|inactive|Vitalis24 has 60 seconds left.\n|\n|t:|1700635467\n|start\n|switch|p1a: Flutter Mane|Flutter Mane, L50|100\/100\n|switch|p1b: Indeedee|Indeedee-F, L50, F|100\/100\n|switch|p2a: Flutter Mane|Flutter Mane, L50|100\/100\n|switch|p2b: Chi-Yu|Chi-Yu, L50|100\/100\n|-ability|p2b: Chi-Yu|Beads of Ruin\n|-fieldstart|move: Psychic Terrain|[from] ability: Psychic Surge|[of] p1b: Indeedee\n|-enditem|p2a: Flutter Mane|Booster Energy\n|-activate|p2a: Flutter Mane|ability: Protosynthesis|[fromitem]\n|-start|p2a: Flutter Mane|protosynthesisspe\n|-enditem|p1a: Flutter Mane|Booster Energy\n|-activate|p1a: Flutter Mane|ability: Protosynthesis|[fromitem]\n|-start|p1a: Flutter Mane|protosynthesisspa\n|turn|1\n|inactive|Vitalis24 has 30 seconds left.\n|\n|t:|1700635497\n|-terastallize|p1a: Flutter Mane|Water\n|move|p2a: Flutter Mane|Icy Wind|p1b: Indeedee|[spread] p1a,p1b\n|-resisted|p1a: Flutter Mane\n|-damage|p1a: Flutter Mane|93\/100\n|-damage|p1b: Indeedee|84\/100\n|-unboost|p1a: Flutter Mane|spe|1\n|-unboost|p1b: Indeedee|spe|1\n|move|p2b: Chi-Yu|Snarl|p1a: Flutter Mane|[spread] p1a,p1b\n|-supereffective|p1b: Indeedee\n|-damage|p1a: Flutter Mane|57\/100\n|-damage|p1b: Indeedee|13\/100\n|-unboost|p1a: Flutter Mane|spa|1\n|-unboost|p1b: Indeedee|spa|1\n|-damage|p2b: Chi-Yu|91\/100|[from] item: Life Orb\n|move|p1a: Flutter Mane|Dazzling Gleam|p2b: Chi-Yu|[spread] p2a,p2b\n|-damage|p2a: Flutter Mane|65\/100\n|-damage|p2b: Chi-Yu|55\/100\n|move|p1b: Indeedee|Trick Room|p1b: Indeedee\n|-fieldstart|move: Trick Room|[of] p1b: Indeedee\n|\n|upkeep\n|turn|2\n|inactive|Tamamonineteam has 30 seconds left.\n|\n|t:|1700635523\n|-end|p2a: Flutter Mane|Protosynthesis|[silent]\n|switch|p2a: Ogerpon|Ogerpon-Wellspring, L50, F|100\/100\n|move|p2b: Chi-Yu|Protect|p2b: Chi-Yu\n|-singleturn|p2b: Chi-Yu|Protect\n|move|p1b: Indeedee|Psychic|p2a: Ogerpon\n|-damage|p2a: Ogerpon|66\/100\n|move|p1a: Flutter Mane|Moonblast|p2b: Chi-Yu\n|-activate|p2b: Chi-Yu|move: Protect\n|\n|upkeep\n|turn|3\n|inactive|Vitalis24 has 30 seconds left.\n|\n|t:|1700635555\n|move|p1b: Indeedee|Psychic|p2a: Ogerpon\n|-damage|p2a: Ogerpon|32\/100\n|move|p1a: Flutter Mane|Dazzling Gleam|p2a: Ogerpon|[spread] p2a,p2b\n|-crit|p2b: Chi-Yu\n|-damage|p2a: Ogerpon|0 fnt\n|-damage|p2b: Chi-Yu|0 fnt\n|faint|p2a: Ogerpon\n|faint|p2b: Chi-Yu\n|\n|upkeep\n|\n|t:|1700635568\n|switch|p2a: Flutter Mane|Flutter Mane, L50|65\/100\n|switch|p2b: Iron Hands|Iron Hands, L50, shiny|100\/100\n|turn|4\n|\n|t:|1700635583\n|move|p2a: Flutter Mane|Protect|p2a: Flutter Mane\n|-singleturn|p2a: Flutter Mane|Protect\n|move|p1b: Indeedee|Follow Me|p1b: Indeedee\n|-singleturn|p1b: Indeedee|move: Follow Me\n|move|p2b: Iron Hands|Wild Charge|p1b: Indeedee\n|-damage|p1b: Indeedee|0 fnt\n|-damage|p2b: Iron Hands|84\/100|[from] item: Rocky Helmet|[of] p1b: Indeedee\n|faint|p1b: Indeedee\n|-damage|p2b: Iron Hands|82\/100|[from] Recoil\n|move|p1a: Flutter Mane|Shadow Ball|p2a: Flutter Mane\n|-activate|p2a: Flutter Mane|move: Protect\n|\n|upkeep\n|\n|t:|1700635603\n|switch|p1b: Ogerpon|Ogerpon-Wellspring, L50, F|100\/100\n|turn|5\n|inactive|Vitalis24 has 30 seconds left.\n|\n|t:|1700635634\n|-terastallize|p2a: Flutter Mane|Fairy\n|move|p1a: Flutter Mane|Protect|p1a: Flutter Mane\n|-singleturn|p1a: Flutter Mane|Protect\n|move|p2b: Iron Hands|Wild Charge|p1a: Flutter Mane\n|-activate|p1a: Flutter Mane|move: Protect\n|move|p1b: Ogerpon|Ivy Cudgel|p2a: Flutter Mane|[anim] Ivy Cudgel Water\n|-damage|p2a: Flutter Mane|0 fnt\n|faint|p2a: Flutter Mane\n|-end|p2a: Flutter Mane|Protosynthesis|[silent]\n|\n|-fieldend|move: Trick Room\n|-fieldend|move: Psychic Terrain\n|upkeep\n|turn|6\n|\n|t:|1700635651\n|move|p1b: Ogerpon|Swords Dance|p1b: Ogerpon\n|-boost|p1b: Ogerpon|atk|2\n|move|p1a: Flutter Mane|Moonblast|p2b: Iron Hands\n|-supereffective|p2b: Iron Hands\n|-damage|p2b: Iron Hands|23\/100\n|move|p2b: Iron Hands|Drain Punch|p1a: Flutter Mane\n|-damage|p1a: Flutter Mane|0 fnt\n|-heal|p2b: Iron Hands|41\/100|[from] drain|[of] p1a: Flutter Mane\n|faint|p1a: Flutter Mane\n|-end|p1a: Flutter Mane|Protosynthesis|[silent]\n|\n|upkeep\n|\n|t:|1700635663\n|switch|p1a: Urshifu|Urshifu, L50, F|100\/100\n|turn|7\n|-message|Tamamonineteam forfeited.\n|\n|win|Vitalis24\n|raw|Vitalis24's rating: 1322 &rarr; <strong>1347<\/strong><br \/>(+25 for winning)\n|raw|Tamamonineteam's rating: 1420 &rarr; <strong>1395<\/strong><br \/>(-25 for losing)\n|l|\u2606Tamamonineteam\n","uploadtime":1700635671,"views":2,"p1id":"vitalis24","p2id":"tamamonineteam","formatid":"gen9vgc2023regulatione","rating":1347,"private":0,"password":""}