{"id":"gen9vgc2023regulatione-1995061901","p1":"Ozwald McFly","p2":"TheCrazedMimikyu","format":"[Gen 9] VGC 2023 Regulation E","log":"|j|\u2606Ozwald McFly\n|j|\u2606TheCrazedMimikyu\n|t:|1700518413\n|gametype|doubles\n|player|p1|Ozwald McFly|102|1468\n|player|p2|TheCrazedMimikyu|266|1446\n|teamsize|p1|6\n|teamsize|p2|6\n|gen|9\n|tier|[Gen 9] VGC 2023 Regulation E\n|rated|\n|rule|Species Clause: Limit one of each Pok\u00e9mon\n|rule|Item Clause: Limit one of each item\n|clearpoke\n|poke|p1|Noctowl, L50, F|\n|poke|p1|Sandy Shocks, L50|\n|poke|p1|Espeon, L50, F|\n|poke|p1|Indeedee-F, L50, F|\n|poke|p1|Iron Hands, L50|\n|poke|p1|Decidueye-Hisui, L50, M|\n|poke|p2|Urshifu-*, L50, M|\n|poke|p2|Iron Hands, L50|\n|poke|p2|Landorus-Therian, L50, M|\n|poke|p2|Roaring Moon, L50|\n|poke|p2|Gholdengo, L50|\n|poke|p2|Rillaboom, L50, F|\n|teampreview|4\n|\n|t:|1700518447\n|start\n|switch|p1a: Decidueye|Decidueye-Hisui, L50, M, shiny|100\/100\n|switch|p1b: Indeedee|Indeedee-F, L50, F|100\/100\n|switch|p2a: Roaring Moon|Roaring Moon, L50|100\/100\n|switch|p2b: Gholdengo|Gholdengo, L50|100\/100\n|-fieldstart|move: Psychic Terrain|[from] ability: Psychic Surge|[of] p1b: Indeedee\n|-enditem|p2a: Roaring Moon|Booster Energy\n|-activate|p2a: Roaring Moon|ability: Protosynthesis|[fromitem]\n|-start|p2a: Roaring Moon|protosynthesisspe\n|turn|1\n|\n|t:|1700518488\n|switch|p2b: Landorus|Landorus-Therian, L50, M|100\/100\n|-ability|p2b: Landorus|Intimidate|boost\n|-fail|p1a: Decidueye|unboost|Attack|[from] ability: Scrappy|[of] p1a: Decidueye\n|-unboost|p1b: Indeedee|atk|1\n|-terastallize|p1a: Decidueye|Fighting\n|move|p2a: Roaring Moon|Breaking Swipe|p1b: Indeedee|[spread] p1a,p1b\n|-damage|p1a: Decidueye|75\/100\n|-damage|p1b: Indeedee|75\/100\n|-unboost|p1a: Decidueye|atk|1\n|-unboost|p1b: Indeedee|atk|1\n|move|p1a: Decidueye|Triple Arrows|p2a: Roaring Moon\n|-supereffective|p2a: Roaring Moon\n|-damage|p2a: Roaring Moon|0 fnt\n|faint|p2a: Roaring Moon\n|-end|p2a: Roaring Moon|Protosynthesis|[silent]\n|move|p1b: Indeedee|Trick Room|p1b: Indeedee\n|-fieldstart|move: Trick Room|[of] p1b: Indeedee\n|\n|upkeep\n|\n|t:|1700518506\n|switch|p2a: Iron Hands|Iron Hands, L50|100\/100\n|turn|2\n|\n|t:|1700518530\n|move|p1b: Indeedee|Follow Me|p1b: Indeedee\n|-singleturn|p1b: Indeedee|move: Follow Me\n|move|p1a: Decidueye|Leaf Blade|p2b: Landorus\n|-crit|p2b: Landorus\n|-damage|p2b: Landorus|22\/100\n|move|p2a: Iron Hands|Drain Punch|p1b: Indeedee\n|-damage|p1b: Indeedee|34\/100\n|-enditem|p1b: Indeedee|Sitrus Berry|[eat]\n|-heal|p1b: Indeedee|59\/100|[from] item: Sitrus Berry\n|move|p2b: Landorus|U-turn|p1b: Indeedee\n|-supereffective|p1b: Indeedee\n|-damage|p1b: Indeedee|0 fnt\n|faint|p1b: Indeedee\n|\n|t:|1700518539\n|switch|p2b: Gholdengo|Gholdengo, L50|100\/100|[from] U-turn\n|\n|upkeep\n|\n|t:|1700518549\n|switch|p1b: Iron Hands|Iron Hands, L50|100\/100\n|turn|3\n|\n|t:|1700518560\n|move|p1b: Iron Hands|Drain Punch|p2a: Iron Hands\n|-damage|p2a: Iron Hands|72\/100\n|move|p1a: Decidueye|Triple Arrows|p2b: Gholdengo\n|-supereffective|p2b: Gholdengo\n|-damage|p2b: Gholdengo|13\/100\n|move|p2a: Iron Hands|Drain Punch|p1a: Decidueye\n|-damage|p1a: Decidueye|26\/100\n|-heal|p2a: Iron Hands|92\/100|[from] drain|[of] p1a: Decidueye\n|cant|p2b: Gholdengo|flinch\n|\n|upkeep\n|turn|4\n|\n|t:|1700518578\n|switch|p2b: Landorus|Landorus-Therian, L50, M|22\/100\n|-ability|p2b: Landorus|Intimidate|boost\n|-fail|p1a: Decidueye|unboost|Attack|[from] ability: Scrappy|[of] p1a: Decidueye\n|-unboost|p1b: Iron Hands|atk|1\n|move|p1a: Decidueye|Protect|p1a: Decidueye\n|-singleturn|p1a: Decidueye|Protect\n|move|p1b: Iron Hands|Earthquake|p2a: Iron Hands|[spread] p2a\n|-activate|p1a: Decidueye|move: Protect\n|-immune|p2b: Landorus\n|-supereffective|p2a: Iron Hands\n|-damage|p2a: Iron Hands|66\/100\n|move|p2a: Iron Hands|Drain Punch|p1a: Decidueye\n|-activate|p1a: Decidueye|move: Protect\n|\n|upkeep\n|turn|5\n|\n|t:|1700518596\n|move|p1b: Iron Hands|Heavy Slam|p2b: Landorus\n|-damage|p2b: Landorus|0 fnt\n|faint|p2b: Landorus\n|move|p1a: Decidueye|Triple Arrows|p2a: Iron Hands\n|-damage|p2a: Iron Hands|36\/100\n|move|p2a: Iron Hands|Drain Punch|p1a: Decidueye\n|-damage|p1a: Decidueye|0 fnt\n|-heal|p2a: Iron Hands|46\/100|[from] drain|[of] p1a: Decidueye\n|faint|p1a: Decidueye\n|\n|-fieldend|move: Trick Room\n|-fieldend|move: Psychic Terrain\n|upkeep\n|\n|t:|1700518609\n|switch|p2b: Gholdengo|Gholdengo, L50|13\/100\n|switch|p1a: Espeon|Espeon, L50, F|100\/100\n|turn|6\n|\n|t:|1700518626\n|-terastallize|p2b: Gholdengo|Steel\n|move|p1a: Espeon|Shadow Ball|p2b: Gholdengo\n|-damage|p2b: Gholdengo|0 fnt\n|faint|p2b: Gholdengo\n|move|p2a: Iron Hands|Drain Punch|p1b: Iron Hands\n|-crit|p1b: Iron Hands\n|-damage|p1b: Iron Hands|55\/100\n|-heal|p2a: Iron Hands|68\/100|[from] drain|[of] p1b: Iron Hands\n|move|p1b: Iron Hands|Drain Punch|p2a: Iron Hands\n|-damage|p2a: Iron Hands|46\/100\n|-heal|p1b: Iron Hands|67\/100|[from] drain|[of] p2a: Iron Hands\n|\n|upkeep\n|turn|7\n|-message|TheCrazedMimikyu forfeited.\n|\n|win|Ozwald McFly\n|raw|Ozwald McFly's rating: 1468 &rarr; <strong>1487<\/strong><br \/>(+19 for winning)\n|raw|TheCrazedMimikyu's rating: 1446 &rarr; <strong>1427<\/strong><br \/>(-19 for losing)\n|l|\u2606TheCrazedMimikyu\n","uploadtime":1700518644,"views":13,"p1id":"ozwaldmcfly","p2id":"thecrazedmimikyu","formatid":"gen9vgc2023regulatione","rating":1427,"private":0,"password":""}