{"id":"gen9vgc2023regulatione-1995116755","p1":"TheCrazedMimikyu","p2":"DNDStwo","format":"[Gen 9] VGC 2023 Regulation E","log":"|j|\u2606TheCrazedMimikyu\n|j|\u2606DNDStwo\n|t:|1700524396\n|gametype|doubles\n|player|p1|TheCrazedMimikyu|266|1356\n|player|p2|DNDStwo|265|1306\n|teamsize|p1|6\n|teamsize|p2|6\n|gen|9\n|tier|[Gen 9] VGC 2023 Regulation E\n|rated|\n|rule|Species Clause: Limit one of each Pok\u00e9mon\n|rule|Item Clause: Limit one of each item\n|clearpoke\n|poke|p1|Urshifu-*, L50, M|\n|poke|p1|Iron Hands, L50|\n|poke|p1|Landorus-Therian, L50, M|\n|poke|p1|Roaring Moon, L50|\n|poke|p1|Gholdengo, L50|\n|poke|p1|Amoonguss, L50, F|\n|poke|p2|Ninetales-Alola, L50, F|\n|poke|p2|Iron Bundle, L50|\n|poke|p2|Baxcalibur, L50, F|\n|poke|p2|Weavile, L50, F|\n|poke|p2|Arcanine-Hisui, L50, F|\n|poke|p2|Hydreigon, L50, M|\n|teampreview|4\n|\n|t:|1700524445\n|start\n|switch|p1a: Iron Hands|Iron Hands, L50|100\/100\n|switch|p1b: Gholdengo|Gholdengo, L50|100\/100\n|switch|p2a: Weavile|Weavile, L50, F|100\/100\n|switch|p2b: Hydreigon|Hydreigon, L50, M|100\/100\n|turn|1\n|\n|t:|1700524462\n|switch|p1b: Roaring Moon|Roaring Moon, L50|100\/100\n|-enditem|p1b: Roaring Moon|Booster Energy\n|-activate|p1b: Roaring Moon|ability: Protosynthesis|[fromitem]\n|-start|p1b: Roaring Moon|protosynthesisspe\n|move|p2a: Weavile|Fake Out|p1a: Iron Hands\n|-damage|p1a: Iron Hands|91\/100\n|cant|p1a: Iron Hands|flinch\n|move|p2b: Hydreigon|Snarl|p1a: Iron Hands|[spread] p1a,p1b\n|-resisted|p1a: Iron Hands\n|-resisted|p1b: Roaring Moon\n|-damage|p1a: Iron Hands|84\/100\n|-damage|p1b: Roaring Moon|86\/100\n|-unboost|p1a: Iron Hands|spa|1\n|-unboost|p1b: Roaring Moon|spa|1\n|-damage|p2b: Hydreigon|91\/100|[from] item: Life Orb\n|\n|upkeep\n|turn|2\n|\n|t:|1700524484\n|move|p1b: Roaring Moon|Protect|p1b: Roaring Moon\n|-singleturn|p1b: Roaring Moon|Protect\n|move|p2a: Weavile|Knock Off|p1a: Iron Hands\n|-resisted|p1a: Iron Hands\n|-damage|p1a: Iron Hands|66\/100\n|-enditem|p1a: Iron Hands|Assault Vest|[from] move: Knock Off|[of] p2a: Weavile\n|move|p2b: Hydreigon|Draco Meteor|p1a: Iron Hands\n|-damage|p1a: Iron Hands|0 fnt\n|-unboost|p2b: Hydreigon|spa|2\n|faint|p1a: Iron Hands\n|-end|p1a: Iron Hands|Quark Drive|[silent]\n|-damage|p2b: Hydreigon|82\/100|[from] item: Life Orb\n|\n|upkeep\n|\n|t:|1700524495\n|switch|p1a: Urshifu|Urshifu-Rapid-Strike, L50, M|100\/100\n|turn|3\n|\n|t:|1700524517\n|switch|p2b: Ninetales|Ninetales-Alola, L50, F|100\/100\n|-weather|Snow|[from] ability: Snow Warning|[of] p2b: Ninetales\n|-terastallize|p1a: Urshifu|Water\n|move|p1b: Roaring Moon|Tailwind|p1b: Roaring Moon\n|-sidestart|p1: TheCrazedMimikyu|move: Tailwind\n|move|p1a: Urshifu|Surging Strikes|p2a: Weavile\n|-crit|p2a: Weavile\n|-damage|p2a: Weavile|65\/100\n|-crit|p2a: Weavile\n|-damage|p2a: Weavile|32\/100\n|-crit|p2a: Weavile\n|-damage|p2a: Weavile|0 fnt\n|faint|p2a: Weavile\n|-hitcount|p2: Weavile|3\n|\n|-weather|Snow|[upkeep]\n|upkeep\n|\n|t:|1700524533\n|switch|p2a: Iron Bundle|Iron Bundle, L50|100\/100\n|-enditem|p2a: Iron Bundle|Booster Energy\n|-activate|p2a: Iron Bundle|ability: Quark Drive|[fromitem]\n|-start|p2a: Iron Bundle|quarkdrivespe\n|turn|4\n|\n|t:|1700524542\n|-end|p1b: Roaring Moon|Protosynthesis|[silent]\n|switch|p1b: Gholdengo|Gholdengo, L50|100\/100\n|move|p2a: Iron Bundle|Freeze-Dry|p1a: Urshifu\n|-supereffective|p1a: Urshifu\n|-enditem|p1a: Urshifu|Focus Sash\n|-damage|p1a: Urshifu|1\/100\n|move|p1a: Urshifu|Swords Dance|p1a: Urshifu\n|-boost|p1a: Urshifu|atk|2\n|move|p2b: Ninetales|Blizzard|p1b: Gholdengo|[spread] p1a,p1b\n|-resisted|p1a: Urshifu\n|-resisted|p1b: Gholdengo\n|-damage|p1a: Urshifu|0 fnt\n|-damage|p1b: Gholdengo|82\/100\n|faint|p1a: Urshifu\n|\n|-weather|Snow|[upkeep]\n|upkeep\n|\n|t:|1700524547\n|switch|p1a: Roaring Moon|Roaring Moon, L50|86\/100\n|turn|5\n|\n|t:|1700524568\n|move|p1a: Roaring Moon|Protect|p1a: Roaring Moon\n|-singleturn|p1a: Roaring Moon|Protect\n|move|p2b: Ninetales|Protect|p2b: Ninetales\n|-singleturn|p2b: Ninetales|Protect\n|move|p2a: Iron Bundle|Blizzard|p1a: Roaring Moon|[spread] p1b\n|-activate|p1a: Roaring Moon|move: Protect\n|-resisted|p1b: Gholdengo\n|-damage|p1b: Gholdengo|60\/100\n|move|p1b: Gholdengo|Make It Rain|p2a: Iron Bundle|[spread] p2a\n|-activate|p2b: Ninetales|move: Protect\n|-damage|p2a: Iron Bundle|0 fnt\n|-unboost|p1b: Gholdengo|spa|1\n|faint|p2a: Iron Bundle\n|-end|p2a: Iron Bundle|Quark Drive|[silent]\n|\n|-weather|Snow|[upkeep]\n|upkeep\n|\n|t:|1700524572\n|switch|p2a: Hydreigon|Hydreigon, L50, M|82\/100\n|turn|6\n|\n|t:|1700524585\n|-terastallize|p2b: Ninetales|Water\n|move|p2a: Hydreigon|Protect|p2a: Hydreigon\n|-singleturn|p2a: Hydreigon|Protect\n|move|p1a: Roaring Moon|Breaking Swipe|p2b: Ninetales|[spread] p2b\n|-activate|p2a: Hydreigon|move: Protect\n|-damage|p2b: Ninetales|66\/100\n|move|p1b: Gholdengo|Make It Rain|p2b: Ninetales|[spread] p2b\n|-activate|p2a: Hydreigon|move: Protect\n|-resisted|p2b: Ninetales\n|-damage|p2b: Ninetales|41\/100\n|-unboost|p1b: Gholdengo|spa|1\n|move|p2b: Ninetales|Moonblast|p1a: Roaring Moon\n|-supereffective|p1a: Roaring Moon\n|-damage|p1a: Roaring Moon|0 fnt\n|faint|p1a: Roaring Moon\n|-end|p1a: Roaring Moon|Protosynthesis|[silent]\n|\n|-weather|Snow|[upkeep]\n|-sideend|p1: TheCrazedMimikyu|move: Tailwind\n|upkeep\n|turn|7\n|-message|TheCrazedMimikyu forfeited.\n|\n|win|DNDStwo\n|raw|TheCrazedMimikyu's rating: 1356 &rarr; <strong>1333<\/strong><br \/>(-23 for losing)\n|raw|DNDStwo's rating: 1306 &rarr; <strong>1329<\/strong><br \/>(+23 for winning)\n|l|\u2606TheCrazedMimikyu\n","uploadtime":1700524624,"views":2,"p1id":"thecrazedmimikyu","p2id":"dndstwo","formatid":"gen9vgc2023regulatione","rating":1329,"private":0,"password":""}