{"id":"gen9vgc2023regulatione-1991512561","p1":"Mo mo 15","p2":"kbzn_","format":"[Gen 9] VGC 2023 Regulation E","log":"|j|\u2606Mo mo 15\n|j|\u2606kbzn_\n|t:|1700083764\n|gametype|doubles\n|player|p1|Mo mo 15|red|1236\n|player|p2|kbzn_|infielder|1242\n|teamsize|p1|6\n|teamsize|p2|6\n|gen|9\n|tier|[Gen 9] VGC 2023 Regulation E\n|rated|\n|rule|Species Clause: Limit one of each Pok\u00e9mon\n|rule|Item Clause: Limit one of each item\n|clearpoke\n|poke|p1|Iron Bundle, L50|\n|poke|p1|Talonflame, L50, F|\n|poke|p1|Flutter Mane, L50|\n|poke|p1|Sinistcha-Masterpiece, L50|\n|poke|p1|Tyranitar, L50, M|\n|poke|p1|Iron Hands, L50|\n|poke|p2|Iron Bundle, L50|\n|poke|p2|Arcanine-Hisui, L50, F|\n|poke|p2|Kingambit, L50, M|\n|poke|p2|Gholdengo, L50|\n|poke|p2|Iron Hands, L50|\n|poke|p2|Ogerpon-Wellspring, L50, F|\n|teampreview|4\n|inactive|Battle timer is ON: inactive players will automatically lose when time's up. (requested by kbzn_)\n|inactive|Mo mo 15 has 60 seconds left.\n|inactive|kbzn_ has 60 seconds left.\n|\n|t:|1700083803\n|start\n|switch|p1a: Iron Hands|Iron Hands, L50|100\/100\n|switch|p1b: Tyranitar|Tyranitar, L50, M|100\/100\n|switch|p2a: Iron Hands|Iron Hands, L50|100\/100\n|switch|p2b: Arcanine|Arcanine-Hisui, L50, F|100\/100\n|-ability|p2b: Arcanine|Intimidate|boost\n|-unboost|p1a: Iron Hands|atk|1\n|-unboost|p1b: Tyranitar|atk|1\n|-weather|Sandstorm|[from] ability: Sand Stream|[of] p1b: Tyranitar\n|turn|1\n|inactive|kbzn_ has 30 seconds left.\n|\n|t:|1700083832\n|-terastallize|p2b: Arcanine|Fairy\n|-terastallize|p1b: Tyranitar|Psychic\n|move|p2b: Arcanine|Howl|p2b: Arcanine|[spread] p2a,p2b\n|-boost|p2a: Iron Hands|atk|1\n|-boost|p2b: Arcanine|atk|1\n|move|p2a: Iron Hands|Drain Punch|p1b: Tyranitar\n|-resisted|p1b: Tyranitar\n|-damage|p1b: Tyranitar|75\/100\n|move|p1b: Tyranitar|Tera Blast|p2a: Iron Hands|[anim] Tera Blast Psychic\n|-supereffective|p2a: Iron Hands\n|-damage|p2a: Iron Hands|57\/100\n|move|p1a: Iron Hands|Drain Punch|p2a: Iron Hands\n|-damage|p2a: Iron Hands|37\/100\n|\n|-weather|Sandstorm|[upkeep]\n|-damage|p2b: Arcanine|94\/100|[from] Sandstorm\n|-damage|p2a: Iron Hands|31\/100|[from] Sandstorm\n|-damage|p1b: Tyranitar|70\/100|[from] Sandstorm\n|-damage|p1a: Iron Hands|94\/100|[from] Sandstorm\n|-heal|p1b: Tyranitar|75\/100|[from] item: Leftovers\n|upkeep\n|turn|2\n|inactive|kbzn_ has 30 seconds left.\n|inactive|Mo mo 15 has 30 seconds left.\n|\n|t:|1700083864\n|-end|p2a: Iron Hands|Quark Drive|[silent]\n|switch|p2a: Gholdengo|Gholdengo, L50|100\/100\n|move|p2b: Arcanine|Flare Blitz|p1b: Tyranitar\n|-damage|p1b: Tyranitar|17\/100\n|-damage|p2b: Arcanine|72\/100|[from] Recoil\n|move|p1b: Tyranitar|Tera Blast|p2a: Gholdengo|[anim] Tera Blast Psychic\n|-resisted|p2a: Gholdengo\n|-crit|p2a: Gholdengo\n|-damage|p2a: Gholdengo|70\/100\n|move|p1a: Iron Hands|Heavy Slam|p2b: Arcanine\n|-supereffective|p2b: Arcanine\n|-damage|p2b: Arcanine|40\/100\n|\n|-weather|Sandstorm|[upkeep]\n|-damage|p2b: Arcanine|34\/100|[from] Sandstorm\n|-damage|p1b: Tyranitar|11\/100|[from] Sandstorm\n|-damage|p1a: Iron Hands|88\/100|[from] Sandstorm\n|-heal|p2a: Gholdengo|77\/100|[from] item: Leftovers\n|-heal|p1b: Tyranitar|17\/100|[from] item: Leftovers\n|upkeep\n|turn|3\n|\n|t:|1700083889\n|move|p2b: Arcanine|Extreme Speed|p1b: Tyranitar\n|-damage|p1b: Tyranitar|0 fnt\n|faint|p1b: Tyranitar\n|move|p2a: Gholdengo|Nasty Plot|p2a: Gholdengo\n|-boost|p2a: Gholdengo|spa|2\n|move|p1a: Iron Hands|Heavy Slam|p2b: Arcanine\n|-supereffective|p2b: Arcanine\n|-damage|p2b: Arcanine|4\/100\n|-enditem|p2b: Arcanine|Aguav Berry|[eat]\n|-heal|p2b: Arcanine|37\/100|[from] item: Aguav Berry\n|\n|-weather|Sandstorm|[upkeep]\n|-damage|p2b: Arcanine|31\/100|[from] Sandstorm\n|-damage|p1a: Iron Hands|82\/100|[from] Sandstorm\n|-heal|p2a: Gholdengo|83\/100|[from] item: Leftovers\n|upkeep\n|\n|t:|1700083894\n|switch|p1b: Flutter Mane|Flutter Mane, L50|100\/100\n|turn|4\n|\n|t:|1700083911\n|move|p2b: Arcanine|Protect|p2b: Arcanine\n|-singleturn|p2b: Arcanine|Protect\n|move|p1b: Flutter Mane|Mystical Fire|p2a: Gholdengo\n|-supereffective|p2a: Gholdengo\n|-damage|p2a: Gholdengo|1\/100\n|-unboost|p2a: Gholdengo|spa|1\n|move|p2a: Gholdengo|Make It Rain|p1a: Iron Hands|[spread] p1a,p1b\n|-resisted|p1a: Iron Hands\n|-supereffective|p1b: Flutter Mane\n|-damage|p1a: Iron Hands|64\/100\n|-damage|p1b: Flutter Mane|0 fnt\n|-unboost|p2a: Gholdengo|spa|1\n|faint|p1b: Flutter Mane\n|-end|p1b: Flutter Mane|Protosynthesis|[silent]\n|move|p1a: Iron Hands|Heavy Slam|p2b: Arcanine\n|-activate|p2b: Arcanine|move: Protect\n|\n|-weather|Sandstorm|[upkeep]\n|-damage|p2b: Arcanine|25\/100|[from] Sandstorm\n|-damage|p1a: Iron Hands|57\/100|[from] Sandstorm\n|-heal|p2a: Gholdengo|7\/100|[from] item: Leftovers\n|upkeep\n|\n|t:|1700083922\n|switch|p1b: Iron Bundle|Iron Bundle, L50|100\/100\n|-enditem|p1b: Iron Bundle|Booster Energy\n|-activate|p1b: Iron Bundle|ability: Quark Drive|[fromitem]\n|-start|p1b: Iron Bundle|quarkdrivespe\n|turn|5\n|\n|t:|1700083938\n|move|p2a: Gholdengo|Protect|p2a: Gholdengo\n|-singleturn|p2a: Gholdengo|Protect\n|move|p2b: Arcanine|Extreme Speed|p1b: Iron Bundle\n|-damage|p1b: Iron Bundle|54\/100\n|move|p1b: Iron Bundle|Icy Wind|p2a: Gholdengo|[spread] p2b\n|-activate|p2a: Gholdengo|move: Protect\n|-damage|p2b: Arcanine|3\/100\n|-unboost|p2b: Arcanine|spe|1\n|move|p1a: Iron Hands|Heavy Slam|p2b: Arcanine\n|-supereffective|p2b: Arcanine\n|-damage|p2b: Arcanine|0 fnt\n|faint|p2b: Arcanine\n|\n|-weather|none\n|-heal|p2a: Gholdengo|13\/100|[from] item: Leftovers\n|upkeep\n|\n|t:|1700083957\n|switch|p2b: Iron Hands|Iron Hands, L50|31\/100\n|turn|6\n|\n|t:|1700083970\n|move|p2b: Iron Hands|Fake Out|p1b: Iron Bundle\n|-damage|p1b: Iron Bundle|34\/100\n|cant|p1b: Iron Bundle|flinch\n|move|p2a: Gholdengo|Shadow Ball|p1a: Iron Hands\n|-damage|p1a: Iron Hands|34\/100\n|-unboost|p1a: Iron Hands|spd|1\n|move|p1a: Iron Hands|Drain Punch|p2b: Iron Hands\n|-damage|p2b: Iron Hands|10\/100\n|-heal|p1a: Iron Hands|44\/100|[from] drain|[of] p2b: Iron Hands\n|\n|-heal|p2a: Gholdengo|20\/100|[from] item: Leftovers\n|upkeep\n|turn|7\n|\n|t:|1700083990\n|switch|p2a: Iron Bundle|Iron Bundle, L50|100\/100\n|-enditem|p2a: Iron Bundle|Booster Energy\n|-activate|p2a: Iron Bundle|ability: Quark Drive|[fromitem]\n|-start|p2a: Iron Bundle|quarkdrivespe\n|move|p1b: Iron Bundle|Icy Wind|p2a: Iron Bundle|[spread] p2a,p2b\n|-resisted|p2a: Iron Bundle\n|-damage|p2a: Iron Bundle|90\/100\n|-damage|p2b: Iron Hands|0 fnt\n|-unboost|p2a: Iron Bundle|spe|1\n|faint|p2b: Iron Hands\n|-end|p2b: Iron Hands|Quark Drive|[silent]\n|move|p1a: Iron Hands|Ice Punch|p2a: Iron Bundle\n|-resisted|p2a: Iron Bundle\n|-damage|p2a: Iron Bundle|84\/100\n|\n|upkeep\n|\n|t:|1700084003\n|switch|p2b: Gholdengo|Gholdengo, L50|20\/100\n|turn|8\n|\n|t:|1700084020\n|move|p1b: Iron Bundle|Freeze-Dry|p2a: Iron Bundle\n|-damage|p2a: Iron Bundle|10\/100\n|move|p2a: Iron Bundle|Icy Wind|p1b: Iron Bundle|[spread] p1a,p1b\n|-resisted|p1b: Iron Bundle\n|-damage|p1a: Iron Hands|26\/100\n|-damage|p1b: Iron Bundle|24\/100\n|-unboost|p1a: Iron Hands|spe|1\n|-unboost|p1b: Iron Bundle|spe|1\n|move|p2b: Gholdengo|Make It Rain|p1a: Iron Hands|[spread] p1a,p1b\n|-resisted|p1a: Iron Hands\n|-damage|p1a: Iron Hands|5\/100\n|-damage|p1b: Iron Bundle|0 fnt\n|-unboost|p2b: Gholdengo|spa|1\n|faint|p1b: Iron Bundle\n|-end|p1b: Iron Bundle|Quark Drive|[silent]\n|move|p1a: Iron Hands|Wild Charge|p2b: Gholdengo\n|-crit|p2b: Gholdengo\n|-damage|p2b: Gholdengo|0 fnt\n|faint|p2b: Gholdengo\n|-damage|p1a: Iron Hands|2\/100|[from] Recoil\n|\n|upkeep\n|turn|9\n|\n|t:|1700084040\n|move|p2a: Iron Bundle|Freeze-Dry|p1a: Iron Hands\n|-damage|p1a: Iron Hands|0 fnt\n|faint|p1a: Iron Hands\n|-end|p1a: Iron Hands|Quark Drive|[silent]\n|\n|win|kbzn_\n|raw|Mo mo 15's rating: 1236 &rarr; <strong>1211<\/strong><br \/>(-25 for losing)\n|raw|kbzn_'s rating: 1242 &rarr; <strong>1267<\/strong><br \/>(+25 for winning)\n|l|\u2606Mo mo 15\n|c|\u2606kbzn_|gg\n","uploadtime":1700084054,"views":9,"p1id":"momo15","p2id":"kbzn","formatid":"gen9vgc2023regulatione","rating":1211,"private":0,"password":""}