{"id":"gen9vgc2023regulatione-1988472593","p1":"Tessera","p2":"MonstaMeatball","format":"[Gen 9] VGC 2023 Regulation E","log":"|j|\u2606Tessera\n|j|\u2606MonstaMeatball\n|t:|1699726621\n|gametype|doubles\n|player|p1|Tessera|lass-gen4dp|\n|player|p2|MonstaMeatball|169|\n|teamsize|p1|6\n|teamsize|p2|6\n|gen|9\n|tier|[Gen 9] VGC 2023 Regulation E\n|rule|Species Clause: Limit one of each Pok\u00e9mon\n|rule|Item Clause: Limit one of each item\n|clearpoke\n|poke|p1|Iron Hands, L50|\n|poke|p1|Flutter Mane, L50|\n|poke|p1|Roaring Moon, L50|\n|poke|p1|Amoonguss, L50, F|\n|poke|p1|Heatran, L50, M|\n|poke|p1|Landorus-Therian, L50, M|\n|poke|p2|Urshifu-*, L50, M|\n|poke|p2|Tornadus, L50, M|\n|poke|p2|Regidrago, L50|\n|poke|p2|Rillaboom, L50, M|\n|poke|p2|Arcanine-Hisui, L50, F|\n|poke|p2|Gholdengo, L50|\n|teampreview|4\nMonstaMeatball has agreed to open team sheets.\n|\n|t:|1699726658\n|start\n|switch|p1a: Iron Hands|Iron Hands, L50|100\/100\n|switch|p1b: Roaring Moon|Roaring Moon, L50|100\/100\n|switch|p2a: Fuujin|Tornadus, L50, M|100\/100\n|switch|p2b: Chuuni|Regidrago, L50|100\/100\n|-enditem|p1b: Roaring Moon|Booster Energy\n|-activate|p1b: Roaring Moon|ability: Protosynthesis|[fromitem]\n|-start|p1b: Roaring Moon|protosynthesisatk\n|turn|1\n|\n|t:|1699726671\n|move|p1a: Iron Hands|Fake Out|p2b: Chuuni\n|-damage|p2b: Chuuni|85\/100\n|move|p2a: Fuujin|Tailwind|p2a: Fuujin\n|-sidestart|p2: MonstaMeatball|move: Tailwind\n|cant|p2b: Chuuni|flinch\n|move|p1b: Roaring Moon|Dragon Dance|p1b: Roaring Moon\n|-boost|p1b: Roaring Moon|atk|1\n|-boost|p1b: Roaring Moon|spe|1\n|\n|upkeep\n|turn|2\n|\n|t:|1699726693\n|move|p1b: Roaring Moon|Protect|p1b: Roaring Moon\n|-singleturn|p1b: Roaring Moon|Protect\n|move|p2a: Fuujin|Rain Dance|p2a: Fuujin\n|-weather|RainDance\n|move|p2b: Chuuni|Dragon Energy|p1b: Roaring Moon|[spread] p1a\n|-activate|p1b: Roaring Moon|move: Protect\n|-damage|p1a: Iron Hands|60\/100\n|move|p1a: Iron Hands|Volt Switch|p2a: Fuujin\n|-supereffective|p2a: Fuujin\n|-damage|p2a: Fuujin|80\/100\n|\n|t:|1699726703\n|-end|p1a: Iron Hands|Quark Drive|[silent]\n|switch|p1a: Heatran|Heatran, L50, M|100\/100|[from] Volt Switch\n|\n|-weather|RainDance|[upkeep]\n|upkeep\n|turn|3\n|\n|t:|1699726725\n|switch|p2b: Garou|Urshifu-Rapid-Strike, L50, M|100\/100\n|-terastallize|p1b: Roaring Moon|Flying\n|move|p2a: Fuujin|Bleakwind Storm|p1a: Heatran|[spread] p1a,p1b\n|-resisted|p1a: Heatran\n|-damage|p1a: Heatran|87\/100\n|-damage|p1b: Roaring Moon|71\/100\n|move|p1b: Roaring Moon|Dragon Dance|p1b: Roaring Moon\n|-boost|p1b: Roaring Moon|atk|1\n|-boost|p1b: Roaring Moon|spe|1\n|move|p1a: Heatran|Substitute|p1a: Heatran\n|-start|p1a: Heatran|Substitute\n|-damage|p1a: Heatran|62\/100\n|\n|-weather|RainDance|[upkeep]\n|-heal|p1a: Heatran|68\/100|[from] item: Leftovers\n|upkeep\n|turn|4\n|\n|t:|1699726739\n|move|p2b: Garou|Surging Strikes|p1b: Roaring Moon\n|-crit|p1b: Roaring Moon\n|-damage|p1b: Roaring Moon|32\/100\n|-crit|p1b: Roaring Moon\n|-damage|p1b: Roaring Moon|0 fnt\n|faint|p1b: Roaring Moon\n|-end|p1b: Roaring Moon|Protosynthesis|[silent]\n|-hitcount|p1: Roaring Moon|2\n|move|p2a: Fuujin|Bleakwind Storm|p1a: Heatran\n|-resisted|p1a: Heatran\n|-activate|p1a: Heatran|move: Substitute|[damage]\n|move|p1a: Heatran|Heat Wave|p2a: Fuujin|[spread] p2a,p2b\n|-crit|p2a: Fuujin\n|-resisted|p2b: Garou\n|-damage|p2a: Fuujin|57\/100\n|-damage|p2b: Garou|88\/100\n|\n|-weather|RainDance|[upkeep]\n|-heal|p1a: Heatran|74\/100|[from] item: Leftovers\n|-sideend|p2: MonstaMeatball|move: Tailwind\n|upkeep\n|\n|t:|1699726752\n|switch|p1b: Iron Hands|Iron Hands, L50|60\/100\n|turn|5\n|\n|t:|1699726771\n|switch|p2b: Kyogai|Rillaboom, L50, M|100\/100\n|-fieldstart|move: Grassy Terrain|[from] ability: Grassy Surge|[of] p2b: Kyogai\n|move|p2a: Fuujin|Bleakwind Storm|p1b: Iron Hands|[spread] p1a,p1b\n|-resisted|p1a: Heatran\n|-end|p1a: Heatran|Substitute\n|-crit|p1b: Iron Hands\n|-damage|p1b: Iron Hands|36\/100\n|move|p1a: Heatran|Heat Wave|p2a: Fuujin|[spread] p2a,p2b\n|-supereffective|p2b: Kyogai\n|-damage|p2a: Fuujin|41\/100\n|-damage|p2b: Kyogai|69\/100\n|move|p1b: Iron Hands|Wild Charge|p2b: Kyogai\n|-resisted|p2b: Kyogai\n|-damage|p2b: Kyogai|45\/100\n|-damage|p1b: Iron Hands|31\/100|[from] Recoil\n|\n|-weather|RainDance|[upkeep]\n|-heal|p1a: Heatran|81\/100|[from] Grassy Terrain\n|-heal|p1a: Heatran|87\/100|[from] item: Leftovers\n|-heal|p2b: Kyogai|51\/100|[from] Grassy Terrain\n|-heal|p1b: Iron Hands|37\/100|[from] Grassy Terrain\n|upkeep\n|turn|6\n|\n|t:|1699726794\n|move|p2b: Kyogai|Fake Out|p1a: Heatran\n|-resisted|p1a: Heatran\n|-damage|p1a: Heatran|80\/100\n|move|p2a: Fuujin|Bleakwind Storm|p1a: Heatran|[spread] p1a,p1b\n|-resisted|p1a: Heatran\n|-damage|p1a: Heatran|66\/100\n|-damage|p1b: Iron Hands|21\/100\n|-unboost|p1a: Heatran|spe|1\n|move|p1b: Iron Hands|Volt Switch|p2a: Fuujin\n|-supereffective|p2a: Fuujin\n|-damage|p2a: Fuujin|19\/100\n|\n|t:|1699726799\n|-end|p1b: Iron Hands|Quark Drive|[silent]\n|switch|p1b: Amoonguss|Amoonguss, L50, F|100\/100|[from] Volt Switch\n|cant|p1a: Heatran|flinch\n|\n|-weather|none\n|-heal|p2b: Kyogai|57\/100|[from] Grassy Terrain\n|-heal|p1a: Heatran|72\/100|[from] Grassy Terrain\n|-heal|p1a: Heatran|79\/100|[from] item: Leftovers\n|upkeep\n|turn|7\n|\n|t:|1699726826\n|switch|p1a: Iron Hands|Iron Hands, L50|21\/100\n|move|p2a: Fuujin|Bleakwind Storm|p1b: Amoonguss|[spread] \n|-miss|p2a: Fuujin|p1a: Iron Hands\n|-miss|p2a: Fuujin|p1b: Amoonguss\n|move|p2b: Kyogai|High Horsepower|p1a: Iron Hands\n|-supereffective|p1a: Iron Hands\n|-damage|p1a: Iron Hands|0 fnt\n|faint|p1a: Iron Hands\n|-end|p1a: Iron Hands|Quark Drive|[silent]\n|move|p1b: Amoonguss|Pollen Puff|p2b: Kyogai\n|-supereffective|p2b: Kyogai\n|-damage|p2b: Kyogai|26\/100\n|\n|-heal|p2b: Kyogai|31\/100|[from] Grassy Terrain\n|upkeep\n|\n|t:|1699726834\n|switch|p1a: Heatran|Heatran, L50, M|79\/100\n|turn|8\n|\n|t:|1699726842\n|switch|p2b: Chuuni|Regidrago, L50|85\/100\n|move|p2a: Fuujin|Rain Dance|p2a: Fuujin\n|-weather|RainDance\n|move|p1a: Heatran|Substitute|p1a: Heatran\n|-start|p1a: Heatran|Substitute\n|-damage|p1a: Heatran|54\/100\n|move|p1b: Amoonguss|Pollen Puff|p2b: Chuuni\n|-damage|p2b: Chuuni|66\/100\n|\n|-weather|RainDance|[upkeep]\n|-heal|p2b: Chuuni|72\/100|[from] Grassy Terrain\n|-heal|p1a: Heatran|60\/100|[from] Grassy Terrain\n|-heal|p1a: Heatran|66\/100|[from] item: Leftovers\n|upkeep\n|turn|9\n|\n|t:|1699726857\n|move|p1b: Amoonguss|Protect|p1b: Amoonguss\n|-singleturn|p1b: Amoonguss|Protect\n|move|p2a: Fuujin|Bleakwind Storm|p1a: Heatran|[spread] p1a\n|-activate|p1b: Amoonguss|move: Protect\n|-resisted|p1a: Heatran\n|-activate|p1a: Heatran|move: Substitute|[damage]\n|move|p2b: Chuuni|Draco Meteor|p1b: Amoonguss\n|-activate|p1b: Amoonguss|move: Protect\n|move|p1a: Heatran|Earth Power|p2b: Chuuni\n|-damage|p2b: Chuuni|40\/100\n|\n|-weather|RainDance|[upkeep]\n|-heal|p2b: Chuuni|46\/100|[from] Grassy Terrain\n|-heal|p1a: Heatran|72\/100|[from] Grassy Terrain\n|-heal|p1a: Heatran|79\/100|[from] item: Leftovers\n|-fieldend|move: Grassy Terrain\n|upkeep\n|turn|10\n|\n|t:|1699726875\n|move|p1b: Amoonguss|Protect||[still]\n|-fail|p1b: Amoonguss\n|move|p2a: Fuujin|Bleakwind Storm|p1a: Heatran|[spread] p1a,p1b\n|-resisted|p1a: Heatran\n|-end|p1a: Heatran|Substitute\n|-supereffective|p1b: Amoonguss\n|-damage|p1b: Amoonguss|45\/100\n|move|p2b: Chuuni|Draco Meteor|p1b: Amoonguss\n|-damage|p1b: Amoonguss|0 fnt\n|-unboost|p2b: Chuuni|spa|2\n|faint|p1b: Amoonguss\n|move|p1a: Heatran|Earth Power|p2b: Chuuni\n|-damage|p2b: Chuuni|11\/100\n|\n|-weather|RainDance|[upkeep]\n|-heal|p1a: Heatran|85\/100|[from] item: Leftovers\n|upkeep\n|turn|11\n|\n|t:|1699726890\n|switch|p2b: Garou|Urshifu-Rapid-Strike, L50, M|88\/100\n|move|p2a: Fuujin|Bleakwind Storm|p1a: Heatran\n|-resisted|p1a: Heatran\n|-damage|p1a: Heatran|68\/100\n|-unboost|p1a: Heatran|spe|1\n|move|p1a: Heatran|Heat Wave|p2a: Fuujin|[spread] p2a,p2b\n|-resisted|p2b: Garou\n|-damage|p2a: Fuujin|4\/100\n|-damage|p2b: Garou|73\/100\n|-status|p2b: Garou|brn\n|\n|-weather|RainDance|[upkeep]\n|-heal|p1a: Heatran|74\/100|[from] item: Leftovers\n|-damage|p2b: Garou|67\/100 brn|[from] brn\n|upkeep\n|turn|12\n|\n|t:|1699726901\n|move|p2b: Garou|Surging Strikes|p1a: Heatran\n|-supereffective|p1a: Heatran\n|-crit|p1a: Heatran\n|-damage|p1a: Heatran|44\/100\n|-supereffective|p1a: Heatran\n|-crit|p1a: Heatran\n|-damage|p1a: Heatran|15\/100\n|-supereffective|p1a: Heatran\n|-crit|p1a: Heatran\n|-damage|p1a: Heatran|0 fnt\n|faint|p1a: Heatran\n|-hitcount|p1: Heatran|3\n|\n|win|MonstaMeatball\n|l|\u2606MonstaMeatball\n|j|\u2606MonstaMeatball\n|player|p2|MonstaMeatball|169\n","uploadtime":1699727795,"views":16,"p1id":"tessera","p2id":"monstameatball","formatid":"gen9vgc2023regulatione","rating":0,"private":0,"password":""}