{"id":"gen9vgc2023regulatione-1988572405","p1":"BKDAFEARLESS1","p2":"FireTrial","format":"[Gen 9] VGC 2023 Regulation E","log":"|j|\u2606BKDAFEARLESS1\n|j|\u2606FireTrial\n|t:|1699737503\n|gametype|doubles\n|player|p1|BKDAFEARLESS1|hiker-gen4|1074\n|player|p2|FireTrial|hooligans|1000\n|teamsize|p1|6\n|teamsize|p2|6\n|gen|9\n|tier|[Gen 9] VGC 2023 Regulation E\n|rated|\n|rule|Species Clause: Limit one of each Pok\u00e9mon\n|rule|Item Clause: Limit one of each item\n|clearpoke\n|poke|p1|Okidogi, L50, M|\n|poke|p1|Ninetales-Alola, L50, M|\n|poke|p1|Rillaboom, L50, M|\n|poke|p1|Chien-Pao, L50|\n|poke|p1|Heatran, L50, F|\n|poke|p1|Landorus-Therian, L50, M|\n|poke|p2|Torterra, L50, F|\n|poke|p2|Clefairy, L50, F|\n|poke|p2|Sinistcha-Masterpiece, L50|\n|poke|p2|Annihilape, L50, M|\n|poke|p2|Breloom, L50, F|\n|poke|p2|Landorus-Therian, L50, M|\n|teampreview|4\n|inactive|Battle timer is ON: inactive players will automatically lose when time's up. (requested by BKDAFEARLESS1)\n|c|\u2606BKDAFEARLESS1|glhf\n|c|\u2606FireTrial|glhf\n|\n|t:|1699737523\n|start\n|switch|p1a: Landorus|Landorus-Therian, L50, M|100\/100\n|switch|p1b: Ninetales|Ninetales-Alola, L50, M, shiny|100\/100\n|switch|p2a: Breloom|Breloom, L50, F|100\/100\n|switch|p2b: Clefairy|Clefairy, L50, F|100\/100\n|-ability|p1a: Landorus|Intimidate|boost\n|-unboost|p2a: Breloom|atk|1\n|-unboost|p2b: Clefairy|atk|1\n|-weather|Snow|[from] ability: Snow Warning|[of] p1b: Ninetales\n|turn|1\n|\n|t:|1699737536\n|-terastallize|p1a: Landorus|Flying\n|-terastallize|p2a: Breloom|Steel\n|move|p2b: Clefairy|Protect|p2b: Clefairy\n|-singleturn|p2b: Clefairy|Protect\n|move|p1a: Landorus|Tera Blast|p2a: Breloom|[anim] Tera Blast Flying\n|-resisted|p2a: Breloom\n|-damage|p2a: Breloom|82\/100\n|move|p1b: Ninetales|Aurora Veil|p1b: Ninetales\n|-sidestart|p1: BKDAFEARLESS1|move: Aurora Veil\n|move|p2a: Breloom|Substitute|p2a: Breloom\n|-start|p2a: Breloom|Substitute\n|-damage|p2a: Breloom|57\/100\n|\n|-weather|Snow|[upkeep]\n|upkeep\n|turn|2\n|inactive|FireTrial has 30 seconds left.\n|inactive|FireTrial has 20 seconds left.\n|inactive|FireTrial has 15 seconds left.\n|\n|t:|1699737577\n|switch|p1a: Okidogi|Okidogi, L50, M|100\/100\n|move|p2b: Clefairy|Follow Me|p2b: Clefairy\n|-singleturn|p2b: Clefairy|move: Follow Me\n|move|p1b: Ninetales|Blizzard|p2b: Clefairy|[spread] p2a,p2b\n|-resisted|p2a: Breloom\n|-activate|p2a: Breloom|move: Substitute|[damage]\n|-damage|p2b: Clefairy|80\/100\n|move|p2a: Breloom|Tera Blast|p1b: Ninetales|[anim] Tera Blast Steel\n|-supereffective|p1b: Ninetales\n|-damage|p1b: Ninetales|44\/100\n|\n|-weather|Snow|[upkeep]\n|upkeep\n|turn|3\n|\n|t:|1699737601\n|switch|p1b: Rillaboom|Rillaboom, L50, M|100\/100\n|-fieldstart|move: Grassy Terrain|[from] ability: Grassy Surge|[of] p1b: Rillaboom\n|-enditem|p1b: Rillaboom|Grassy Seed\n|-boost|p1b: Rillaboom|def|1|[from] item: Grassy Seed\n|move|p2b: Clefairy|Protect|p2b: Clefairy\n|-singleturn|p2b: Clefairy|Protect\n|move|p1a: Okidogi|Bulk Up|p1a: Okidogi\n|-boost|p1a: Okidogi|atk|1\n|-boost|p1a: Okidogi|def|1\n|move|p2a: Breloom|Leech Seed|p1a: Okidogi\n|-start|p1a: Okidogi|move: Leech Seed\n|\n|-weather|Snow|[upkeep]\n|-heal|p2a: Breloom|63\/100|[from] Grassy Terrain\n|-heal|p2b: Clefairy|86\/100|[from] Grassy Terrain\n|-damage|p1a: Okidogi|88\/100|[from] Leech Seed|[of] p2a: Breloom\n|-heal|p2a: Breloom|76\/100|[silent]\n|upkeep\n|turn|4\n|inactive|FireTrial has 30 seconds left.\n|\n|t:|1699737632\n|switch|p2b: Sinistcha|Sinistcha-Masterpiece, L50|100\/100\n|-heal|p2a: Breloom|100\/100|[from] ability: Hospitality|[of] p2b: Sinistcha\n|-singleturn|p2a: Breloom|move: Focus Punch\n|move|p1b: Rillaboom|High Horsepower|p2a: Breloom\n|-supereffective|p2a: Breloom\n|-end|p2a: Breloom|Substitute\n|move|p1a: Okidogi|Poison Jab|p2b: Sinistcha\n|-damage|p2b: Sinistcha|55\/100\n|move|p2a: Breloom|Focus Punch|p1b: Rillaboom\n|-damage|p1b: Rillaboom|80\/100\n|\n|-weather|Snow|[upkeep]\n|-heal|p1b: Rillaboom|86\/100|[from] Grassy Terrain\n|-heal|p1a: Okidogi|94\/100|[from] Grassy Terrain\n|-heal|p1a: Okidogi|99\/100|[from] item: Leftovers\n|-heal|p2b: Sinistcha|61\/100|[from] Grassy Terrain\n|-damage|p1a: Okidogi|88\/100|[from] Leech Seed|[of] p2a: Breloom\n|upkeep\n|turn|5\n|inactive|BKDAFEARLESS1 has 30 seconds left.\n|\n|t:|1699737659\n|switch|p2b: Landorus|Landorus-Therian, L50, M|100\/100\n|-ability|p2b: Landorus|Intimidate|boost\n|-ability|p1a: Okidogi|Guard Dog|boost\n|-boost|p1a: Okidogi|atk|1\n|-unboost|p1b: Rillaboom|atk|1\n|move|p1b: Rillaboom|High Horsepower|p2a: Breloom\n|-supereffective|p2a: Breloom\n|-damage|p2a: Breloom|61\/100\n|move|p1a: Okidogi|Bulk Up|p1a: Okidogi\n|-boost|p1a: Okidogi|atk|1\n|-boost|p1a: Okidogi|def|1\n|move|p2a: Breloom|Substitute|p2a: Breloom\n|-start|p2a: Breloom|Substitute\n|-damage|p2a: Breloom|36\/100\n|\n|-weather|none\n|-heal|p1b: Rillaboom|92\/100|[from] Grassy Terrain\n|-heal|p1a: Okidogi|93\/100|[from] Grassy Terrain\n|-heal|p1a: Okidogi|99\/100|[from] item: Leftovers\n|-heal|p2a: Breloom|42\/100|[from] Grassy Terrain\n|-damage|p1a: Okidogi|87\/100|[from] Leech Seed|[of] p2a: Breloom\n|-heal|p2a: Breloom|55\/100|[silent]\n|upkeep\n|turn|6\n|c|\u2606BKDAFEARLESS1|who let the dog out\n|inactive|BKDAFEARLESS1 has 30 seconds left.\n|\n|t:|1699737686\n|-singleturn|p2a: Breloom|move: Focus Punch\n|move|p2b: Landorus|Stomping Tantrum|p1a: Okidogi\n|-supereffective|p1a: Okidogi\n|-damage|p1a: Okidogi|47\/100\n|move|p1b: Rillaboom|Wood Hammer|p2b: Landorus\n|-damage|p2b: Landorus|38\/100\n|-damage|p1b: Rillaboom|72\/100|[from] Recoil\n|move|p1a: Okidogi|Drain Punch|p2a: Breloom\n|-supereffective|p2a: Breloom\n|-end|p2a: Breloom|Substitute\n|-heal|p1a: Okidogi|59\/100|[from] drain|[of] p2a: Breloom\n|move|p2a: Breloom|Focus Punch|p1a: Okidogi\n|-resisted|p1a: Okidogi\n|-damage|p1a: Okidogi|53\/100\n|\n|-heal|p1b: Rillaboom|78\/100|[from] Grassy Terrain\n|-heal|p1a: Okidogi|59\/100|[from] Grassy Terrain\n|-heal|p1a: Okidogi|65\/100|[from] item: Leftovers\n|-heal|p2a: Breloom|61\/100|[from] Grassy Terrain\n|-damage|p1a: Okidogi|53\/100|[from] Leech Seed|[of] p2a: Breloom\n|-heal|p2a: Breloom|74\/100|[silent]\n|upkeep\n|turn|7\n|\n|t:|1699737710\n|move|p2b: Landorus|Stomping Tantrum|p1a: Okidogi\n|-supereffective|p1a: Okidogi\n|-damage|p1a: Okidogi|15\/100\n|move|p1b: Rillaboom|High Horsepower|p2a: Breloom\n|-supereffective|p2a: Breloom\n|-damage|p2a: Breloom|33\/100\n|move|p1a: Okidogi|Drain Punch|p2a: Breloom\n|-supereffective|p2a: Breloom\n|-crit|p2a: Breloom\n|-damage|p2a: Breloom|0 fnt\n|-heal|p1a: Okidogi|30\/100|[from] drain|[of] p2a: Breloom\n|faint|p2a: Breloom\n|\n|-heal|p1b: Rillaboom|84\/100|[from] Grassy Terrain\n|-heal|p1a: Okidogi|36\/100|[from] Grassy Terrain\n|-heal|p1a: Okidogi|42\/100|[from] item: Leftovers\n|-fieldend|move: Grassy Terrain\n|upkeep\n|\n|t:|1699737720\n|switch|p2a: Clefairy|Clefairy, L50, F|86\/100\n|turn|8\n|\n|t:|1699737730\n|move|p1a: Okidogi|Protect|p1a: Okidogi\n|-singleturn|p1a: Okidogi|Protect\n|move|p2b: Landorus|Stomping Tantrum|p1a: Okidogi\n|-activate|p1a: Okidogi|move: Protect\n|move|p1b: Rillaboom|Wood Hammer|p2b: Landorus\n|-damage|p2b: Landorus|5\/100\n|-damage|p1b: Rillaboom|74\/100|[from] Recoil\n|move|p2a: Clefairy|Heal Pulse|p2b: Landorus\n|-heal|p2b: Landorus|55\/100\n|\n|-heal|p1a: Okidogi|48\/100|[from] item: Leftovers\n|-damage|p1a: Okidogi|36\/100|[from] Leech Seed|[of] p2a: Clefairy\n|-heal|p2a: Clefairy|98\/100|[silent]\n|-sideend|p1: BKDAFEARLESS1|move: Aurora Veil\n|upkeep\n|turn|9\n|inactive|BKDAFEARLESS1 has 30 seconds left.\n|\n|t:|1699737757\n|switch|p1a: Landorus|Landorus-Therian, L50, M, tera:Flying|100\/100\n|-ability|p1a: Landorus|Intimidate|boost\n|-unboost|p2a: Clefairy|atk|1\n|-unboost|p2b: Landorus|atk|1\n|move|p2b: Landorus|Stomping Tantrum|p1a: Landorus\n|-immune|p1a: Landorus\n|move|p1b: Rillaboom|Wood Hammer|p2a: Clefairy\n|-damage|p2a: Clefairy|53\/100\n|-damage|p1b: Rillaboom|59\/100|[from] Recoil\n|move|p2a: Clefairy|Heal Pulse|p2b: Landorus\n|-heal|p2b: Landorus|100\/100\n|\n|upkeep\n|turn|10\n|\n|t:|1699737774\n|switch|p2b: Sinistcha|Sinistcha-Masterpiece, L50|61\/100\n|-heal|p2a: Clefairy|78\/100|[from] ability: Hospitality|[of] p2b: Sinistcha\n|move|p2a: Clefairy|Protect|p2a: Clefairy\n|-singleturn|p2a: Clefairy|Protect\n|move|p1a: Landorus|Tera Blast|p2b: Sinistcha|[anim] Tera Blast Flying\n|-supereffective|p2b: Sinistcha\n|-damage|p2b: Sinistcha|0 fnt\n|faint|p2b: Sinistcha\n|move|p1b: Rillaboom|Wood Hammer|p2a: Clefairy\n|-activate|p2a: Clefairy|move: Protect\n|\n|upkeep\n|-message|FireTrial forfeited.\n|\n|win|BKDAFEARLESS1\n|raw|BKDAFEARLESS1's rating: 1074 &rarr; <strong>1097<\/strong><br \/>(+23 for winning)\n|raw|FireTrial's rating: 1000 &rarr; <strong>1000<\/strong><br \/>(+0 for losing)\n|l|\u2606FireTrial\n|c|\u2606BKDAFEARLESS1|gg\n","uploadtime":1699737795,"views":21,"p1id":"bkdafearless1","p2id":"firetrial","formatid":"gen9vgc2023regulatione","rating":1000,"private":0,"password":""}