{"id":"gen9vgc2023regulatione-1991105537","p1":"Yoshi Mafia","p2":"Josuee_29","format":"[Gen 9] VGC 2023 Regulation E","log":"|j|\u2606Yoshi Mafia\n|j|\u2606Josuee_29\n|t:|1700043727\n|gametype|doubles\n|player|p1|Yoshi Mafia|265|1366\n|player|p2|Josuee_29|red|1250\n|teamsize|p1|6\n|teamsize|p2|6\n|gen|9\n|tier|[Gen 9] VGC 2023 Regulation E\n|rated|\n|rule|Species Clause: Limit one of each Pok\u00e9mon\n|rule|Item Clause: Limit one of each item\n|clearpoke\n|poke|p1|Kommo-o, L50, M|\n|poke|p1|Clefairy, L50, M|\n|poke|p1|Iron Bundle, L50|\n|poke|p1|Chi-Yu, L50|\n|poke|p1|Rillaboom, L50, F|\n|poke|p1|Landorus-Therian, L50, M|\n|poke|p2|Landorus-Therian, L50, M|\n|poke|p2|Iron Hands, L50|\n|poke|p2|Heatran, L50, F|\n|poke|p2|Flutter Mane, L50|\n|poke|p2|Roaring Moon, L50|\n|poke|p2|Tornadus, L50, M|\n|teampreview|4\n|\n|t:|1700043774\n|start\n|switch|p1a: Clefairy|Clefairy, L50, M|100\/100\n|switch|p1b: Kommo-o|Kommo-o, L50, M|100\/100\n|switch|p2a: Landorus|Landorus-Therian, L50, M|100\/100\n|switch|p2b: Tornadus|Tornadus, L50, M, shiny|100\/100\n|-ability|p2a: Landorus|Intimidate|boost\n|-unboost|p1a: Clefairy|atk|1\n|-unboost|p1b: Kommo-o|atk|1\n|turn|1\n|\n|t:|1700043791\n|-terastallize|p1b: Kommo-o|Steel\n|move|p2b: Tornadus|Tailwind|p2b: Tornadus\n|-sidestart|p2: Josuee_29|move: Tailwind\n|move|p2a: Landorus|Rock Slide|p1b: Kommo-o|[spread] p1a,p1b\n|-resisted|p1b: Kommo-o\n|-damage|p1a: Clefairy|83\/100\n|-damage|p1b: Kommo-o|94\/100\n|move|p1b: Kommo-o|Clangorous Soul|p1b: Kommo-o\n|-boost|p1b: Kommo-o|atk|1\n|-boost|p1b: Kommo-o|def|1\n|-boost|p1b: Kommo-o|spa|1\n|-boost|p1b: Kommo-o|spd|1\n|-boost|p1b: Kommo-o|spe|1\n|-damage|p1b: Kommo-o|61\/100\n|-enditem|p1b: Kommo-o|Throat Spray\n|-boost|p1b: Kommo-o|spa|1|[from] item: Throat Spray\n|move|p1a: Clefairy|Life Dew|p1a: Clefairy|[spread] p1a,p1b\n|-heal|p1a: Clefairy|100\/100\n|-heal|p1b: Kommo-o|86\/100\n|\n|upkeep\n|turn|2\n|\n|t:|1700043819\n|move|p1a: Clefairy|Follow Me|p1a: Clefairy\n|-singleturn|p1a: Clefairy|move: Follow Me\n|move|p2b: Tornadus|Taunt|p1a: Clefairy\n|-start|p1a: Clefairy|move: Taunt\n|move|p2a: Landorus|Earthquake|p1b: Kommo-o|[spread] p1a,p1b\n|-immune|p2b: Tornadus\n|-supereffective|p1b: Kommo-o\n|-damage|p1a: Clefairy|70\/100\n|-damage|p1b: Kommo-o|44\/100\n|move|p1b: Kommo-o|Clangorous Soul|p1b: Kommo-o\n|-boost|p1b: Kommo-o|atk|1\n|-boost|p1b: Kommo-o|def|1\n|-boost|p1b: Kommo-o|spa|1\n|-boost|p1b: Kommo-o|spd|1\n|-boost|p1b: Kommo-o|spe|1\n|-damage|p1b: Kommo-o|12\/100\n|\n|upkeep\n|turn|3\n|\n|t:|1700043858\n|move|p2a: Landorus|Earthquake|p1a: Clefairy|[spread] p1a,p1b\n|-immune|p2b: Tornadus\n|-supereffective|p1b: Kommo-o\n|-damage|p1a: Clefairy|40\/100\n|-damage|p1b: Kommo-o|0 fnt\n|faint|p1b: Kommo-o\n|move|p2b: Tornadus|Bleakwind Storm|p1a: Clefairy\n|-damage|p1a: Clefairy|0 fnt\n|faint|p1a: Clefairy\n|\n|upkeep\n|\n|t:|1700043863\n|switch|p1b: Chi-Yu|Chi-Yu, L50|100\/100\n|switch|p1a: Iron Bundle|Iron Bundle, L50|100\/100\n|-ability|p1b: Chi-Yu|Beads of Ruin\n|-enditem|p1a: Iron Bundle|Booster Energy\n|-activate|p1a: Iron Bundle|ability: Quark Drive|[fromitem]\n|-start|p1a: Iron Bundle|quarkdrivespe\n|turn|4\n|\n|t:|1700043890\n|move|p1a: Iron Bundle|Freeze-Dry|p2a: Landorus\n|-supereffective|p2a: Landorus\n|-damage|p2a: Landorus|0 fnt\n|faint|p2a: Landorus\n|move|p2b: Tornadus|Bleakwind Storm|p1a: Iron Bundle|[spread] p1b\n|-miss|p2b: Tornadus|p1a: Iron Bundle\n|-damage|p1b: Chi-Yu|65\/100\n|move|p1b: Chi-Yu|Heat Wave|p2b: Tornadus\n|-damage|p2b: Tornadus|0 fnt\n|faint|p2b: Tornadus\n|\n|-sideend|p2: Josuee_29|move: Tailwind\n|upkeep\n|\n|t:|1700043905\n|switch|p2a: Heatran|Heatran, L50, F|100\/100\n|switch|p2b: Flutter Mane|Flutter Mane, L50, shiny|100\/100\n|turn|5\n|\n|t:|1700043936\n|move|p1a: Iron Bundle|Protect|p1a: Iron Bundle\n|-singleturn|p1a: Iron Bundle|Protect\n|move|p2b: Flutter Mane|Power Gem|p1b: Chi-Yu\n|-supereffective|p1b: Chi-Yu\n|-damage|p1b: Chi-Yu|0 fnt\n|faint|p1b: Chi-Yu\n|-damage|p2b: Flutter Mane|90\/100|[from] item: Life Orb\n|move|p2a: Heatran|Heat Wave|p1a: Iron Bundle\n|-activate|p1a: Iron Bundle|move: Protect\n|\n|upkeep\n|turn|6\n|-message|Yoshi Mafia forfeited.\n|\n|win|Josuee_29\n|raw|Yoshi Mafia's rating: 1366 &rarr; <strong>1340<\/strong><br \/>(-26 for losing)\n|raw|Josuee_29's rating: 1250 &rarr; <strong>1283<\/strong><br \/>(+33 for winning)\n|l|\u2606Yoshi Mafia\n","uploadtime":1700043952,"views":12,"p1id":"yoshimafia","p2id":"josuee29","formatid":"gen9vgc2023regulatione","rating":1283,"private":0,"password":""}