{"id":"gen9vgc2023regulatione-1991329481","p1":"Emirnent","p2":"Multiblitz","format":"[Gen 9] VGC 2023 Regulation E","log":"|j|\u2606Emirnent\n|j|\u2606Multiblitz\n|t:|1700068090\n|gametype|doubles\n|player|p1|Emirnent|1|1680\n|player|p2|Multiblitz|caitlin|1595\n|teamsize|p1|6\n|teamsize|p2|6\n|gen|9\n|tier|[Gen 9] VGC 2023 Regulation E\n|rated|\n|rule|Species Clause: Limit one of each Pok\u00e9mon\n|rule|Item Clause: Limit one of each item\n|clearpoke\n|poke|p1|Orthworm, L50, F|\n|poke|p1|Landorus-Therian, L50, M|\n|poke|p1|Kommo-o, L50, F|\n|poke|p1|Clefairy, L50, M|\n|poke|p1|Sinistcha, L50|\n|poke|p1|Cetitan, L50, M|\n|poke|p2|Rillaboom, L50, F|\n|poke|p2|Thundurus, L50, M|\n|poke|p2|Tinkaton, L50, F|\n|poke|p2|Salamence, L50, M|\n|poke|p2|Heatran, L50, M|\n|poke|p2|Milotic, L50, F|\n|teampreview|4\n|inactive|Battle timer is ON: inactive players will automatically lose when time's up. (requested by Emirnent)\n|j| Playsterco\n|inactive|Multiblitz has 60 seconds left.\n|\n|t:|1700068148\n|start\n|switch|p1a: Clefairy|Clefairy, L50, M|100\/100\n|switch|p1b: Cetitan|Cetitan, L50, M|100\/100\n|switch|p2a: Milotic|Milotic, L50, F|100\/100\n|switch|p2b: Salamence|Salamence, L50, M|100\/100\n|-ability|p2b: Salamence|Intimidate|boost\n|-unboost|p1a: Clefairy|atk|1\n|-unboost|p1b: Cetitan|atk|1\n|turn|1\n|inactive|Multiblitz has 30 seconds left.\n|\n|t:|1700068175\n|switch|p2b: Tinkaton|Tinkaton, L50, F|100\/100\n|move|p1a: Clefairy|Follow Me|p1a: Clefairy\n|-singleturn|p1a: Clefairy|move: Follow Me\n|move|p1b: Cetitan|Belly Drum|p1b: Cetitan\n|-damage|p1b: Cetitan|50\/100\n|-setboost|p1b: Cetitan|atk|6|[from] move: Belly Drum\n|-enditem|p1b: Cetitan|Sitrus Berry|[eat]\n|-heal|p1b: Cetitan|75\/100|[from] item: Sitrus Berry\n|move|p2a: Milotic|Icy Wind|p1b: Cetitan|[spread] p1a,p1b\n|-resisted|p1b: Cetitan\n|-damage|p1a: Clefairy|91\/100\n|-damage|p1b: Cetitan|74\/100\n|-unboost|p1a: Clefairy|spe|1\n|-unboost|p1b: Cetitan|spe|1\n|\n|upkeep\n|turn|2\n|inactive|Multiblitz has 30 seconds left.\n|\n|t:|1700068204\n|switch|p1a: Sinistcha|Sinistcha, L50|100\/100\n|-heal|p1b: Cetitan|98\/100|[from] ability: Hospitality|[of] p1a: Sinistcha\n|move|p1b: Cetitan|Protect|p1b: Cetitan\n|-singleturn|p1b: Cetitan|Protect\n|move|p2b: Tinkaton|Gigaton Hammer|p1a: Sinistcha\n|-damage|p1a: Sinistcha|44\/100\n|move|p2a: Milotic|Haze|p2a: Milotic\n|-clearallboost\n|\n|upkeep\n|turn|3\n|inactive|Multiblitz has 30 seconds left.\n|\n|t:|1700068233\n|move|p1a: Sinistcha|Rage Powder|p1a: Sinistcha\n|-singleturn|p1a: Sinistcha|move: Rage Powder\n|move|p1b: Cetitan|Belly Drum|p1b: Cetitan\n|-damage|p1b: Cetitan|48\/100\n|-setboost|p1b: Cetitan|atk|6|[from] move: Belly Drum\n|move|p2b: Tinkaton|Play Rough|p1a: Sinistcha|[miss]\n|-miss|p2b: Tinkaton|p1a: Sinistcha\n|move|p2a: Milotic|Icy Wind|p1b: Cetitan|[spread] p1a,p1b\n|-supereffective|p1a: Sinistcha\n|-resisted|p1b: Cetitan\n|-damage|p1a: Sinistcha|26\/100\n|-damage|p1b: Cetitan|46\/100\n|-unboost|p1a: Sinistcha|spe|1\n|-unboost|p1b: Cetitan|spe|1\n|\n|upkeep\n|turn|4\n|\n|t:|1700068253\n|move|p1b: Cetitan|Ice Shard|p2b: Tinkaton\n|-resisted|p2b: Tinkaton\n|-damage|p2b: Tinkaton|65\/100\n|move|p2b: Tinkaton|Gigaton Hammer|p1b: Cetitan\n|-supereffective|p1b: Cetitan\n|-damage|p1b: Cetitan|0 fnt\n|faint|p1b: Cetitan\n|move|p2a: Milotic|Haze|p2a: Milotic\n|-clearallboost\n|move|p1a: Sinistcha|Matcha Gotcha|p2b: Tinkaton|[spread] p2a,p2b\n|-supereffective|p2a: Milotic\n|-resisted|p2b: Tinkaton\n|-damage|p2a: Milotic|61\/100\n|-heal|p1a: Sinistcha|49\/100|[from] drain|[of] p2a: Milotic\n|-damage|p2b: Tinkaton|52\/100\n|-heal|p1a: Sinistcha|56\/100|[from] drain|[of] p2b: Tinkaton\n|\n|upkeep\n|\n|t:|1700068264\n|switch|p1b: Clefairy|Clefairy, L50, M|91\/100\n|turn|5\n|\n|t:|1700068287\n|switch|p2b: Salamence|Salamence, L50, M|100\/100\n|-ability|p2b: Salamence|Intimidate|boost\n|-unboost|p1a: Sinistcha|atk|1\n|-unboost|p1b: Clefairy|atk|1\n|move|p2a: Milotic|Protect|p2a: Milotic\n|-singleturn|p2a: Milotic|Protect\n|move|p1a: Sinistcha|Matcha Gotcha|p2b: Salamence|[spread] p2b\n|-activate|p2a: Milotic|move: Protect\n|-resisted|p2b: Salamence\n|-damage|p2b: Salamence|92\/100\n|-heal|p1a: Sinistcha|59\/100|[from] drain|[of] p2b: Salamence\n|move|p1b: Clefairy|Heal Pulse|p1a: Sinistcha\n|-heal|p1a: Sinistcha|100\/100\n|\n|upkeep\n|turn|6\n|\n|t:|1700068308\n|-terastallize|p2b: Salamence|Flying\n|move|p2b: Salamence|Tera Blast|p1a: Sinistcha|[anim] Tera Blast Flying\n|-supereffective|p1a: Sinistcha\n|-damage|p1a: Sinistcha|3\/100\n|-enditem|p1a: Sinistcha|Aguav Berry|[eat]\n|-heal|p1a: Sinistcha|36\/100|[from] item: Aguav Berry\n|move|p2a: Milotic|Icy Wind|p1b: Clefairy|[spread] p1a,p1b\n|-supereffective|p1a: Sinistcha\n|-damage|p1a: Sinistcha|24\/100\n|-damage|p1b: Clefairy|83\/100\n|-unboost|p1a: Sinistcha|spe|1\n|-unboost|p1b: Clefairy|spe|1\n|move|p1a: Sinistcha|Matcha Gotcha|p2a: Milotic|[spread] p2a,p2b\n|-supereffective|p2a: Milotic\n|-resisted|p2b: Salamence\n|-damage|p2a: Milotic|22\/100\n|-heal|p1a: Sinistcha|45\/100|[from] drain|[of] p2a: Milotic\n|-damage|p2b: Salamence|75\/100\n|-heal|p1a: Sinistcha|54\/100|[from] drain|[of] p2b: Salamence\n|-enditem|p2a: Milotic|Sitrus Berry|[eat]\n|-heal|p2a: Milotic|47\/100|[from] item: Sitrus Berry\n|move|p1b: Clefairy|Heal Pulse|p1a: Sinistcha\n|-heal|p1a: Sinistcha|100\/100\n|\n|upkeep\n|turn|7\n|j| UnleashTheSun\n|inactive|Emirnent has 30 seconds left.\n|inactive|Multiblitz has 30 seconds left.\n|inactive|Multiblitz has 20 seconds left.\n|\n|t:|1700068343\n|move|p1b: Clefairy|Follow Me|p1b: Clefairy\n|-singleturn|p1b: Clefairy|move: Follow Me\n|move|p2b: Salamence|Tera Blast|p1b: Clefairy|[anim] Tera Blast Flying\n|-damage|p1b: Clefairy|33\/100\n|move|p2a: Milotic|Icy Wind|p1b: Clefairy|[spread] p1a,p1b\n|-supereffective|p1a: Sinistcha\n|-damage|p1a: Sinistcha|86\/100\n|-damage|p1b: Clefairy|24\/100\n|-unboost|p1a: Sinistcha|spe|1\n|-unboost|p1b: Clefairy|spe|1\n|move|p1a: Sinistcha|Matcha Gotcha|p2a: Milotic|[spread] p2a,p2b\n|-supereffective|p2a: Milotic\n|-resisted|p2b: Salamence\n|-damage|p2a: Milotic|10\/100\n|-heal|p1a: Sinistcha|100\/100|[from] drain|[of] p2a: Milotic\n|-damage|p2b: Salamence|58\/100\n|-status|p2b: Salamence|brn\n|\n|-damage|p2b: Salamence|52\/100 brn|[from] brn\n|upkeep\n|turn|8\n|\n|t:|1700068362\n|move|p1b: Clefairy|Protect|p1b: Clefairy\n|-singleturn|p1b: Clefairy|Protect\n|move|p2b: Salamence|Tera Blast|p1a: Sinistcha|[anim] Tera Blast Flying\n|-supereffective|p1a: Sinistcha\n|-crit|p1a: Sinistcha\n|-damage|p1a: Sinistcha|31\/100\n|move|p2a: Milotic|Icy Wind|p1b: Clefairy|[spread] p1a\n|-activate|p1b: Clefairy|move: Protect\n|-supereffective|p1a: Sinistcha\n|-damage|p1a: Sinistcha|17\/100\n|-unboost|p1a: Sinistcha|spe|1\n|move|p1a: Sinistcha|Matcha Gotcha|p2a: Milotic|[spread] p2a,p2b\n|-supereffective|p2a: Milotic\n|-resisted|p2b: Salamence\n|-damage|p2a: Milotic|0 fnt\n|-heal|p1a: Sinistcha|23\/100|[from] drain|[of] p2a: Milotic\n|-damage|p2b: Salamence|36\/100 brn\n|-heal|p1a: Sinistcha|31\/100|[from] drain|[of] p2b: Salamence\n|faint|p2a: Milotic\n|\n|-damage|p2b: Salamence|30\/100 brn|[from] brn\n|upkeep\n|\n|t:|1700068372\n|switch|p2a: Tinkaton|Tinkaton, L50, F|52\/100\n|turn|9\n|inactive|Emirnent has 30 seconds left.\n|\n|t:|1700068399\n|switch|p1b: Landorus|Landorus-Therian, L50, M|100\/100\n|-ability|p1b: Landorus|Intimidate|boost\n|-fail|p2a: Tinkaton|unboost|Attack|[from] ability: Own Tempo|[of] p2a: Tinkaton\n|-unboost|p2b: Salamence|atk|1\n|move|p2a: Tinkaton|Fake Out|p1b: Landorus\n|-damage|p1b: Landorus|86\/100\n|move|p2b: Salamence|Tera Blast|p1a: Sinistcha|[anim] Tera Blast Flying\n|-supereffective|p1a: Sinistcha\n|-damage|p1a: Sinistcha|0 fnt\n|faint|p1a: Sinistcha\n|\n|-damage|p2b: Salamence|24\/100 brn|[from] brn\n|upkeep\n|\n|t:|1700068402\n|switch|p1a: Clefairy|Clefairy, L50, M|24\/100\n|turn|10\n|inactive|Multiblitz has 30 seconds left.\n|inactive|Multiblitz has 20 seconds left.\n|inactive|Multiblitz has 15 seconds left.\n|\n|t:|1700068442\n|switch|p2b: Heatran|Heatran, L50, M, shiny|100\/100\n|move|p1a: Clefairy|Protect|p1a: Clefairy\n|-singleturn|p1a: Clefairy|Protect\n|move|p1b: Landorus|Stomping Tantrum|p2a: Tinkaton\n|-supereffective|p2a: Tinkaton\n|-enditem|p2a: Tinkaton|Shuca Berry|[eat]\n|-enditem|p2a: Tinkaton|Shuca Berry|[weaken]\n|-damage|p2a: Tinkaton|0 fnt\n|faint|p2a: Tinkaton\n|\n|upkeep\n|\n|t:|1700068448\n|switch|p2a: Salamence|Salamence, L50, M, tera:Flying|24\/100 brn\n|-ability|p2a: Salamence|Intimidate|boost\n|-unboost|p1a: Clefairy|atk|1\n|-unboost|p1b: Landorus|atk|1\n|turn|11\n|\n|t:|1700068465\n|move|p1a: Clefairy|Protect|p1a: Clefairy\n|-singleturn|p1a: Clefairy|Protect\n|move|p2a: Salamence|Tera Blast|p1a: Clefairy|[anim] Tera Blast Flying\n|-activate|p1a: Clefairy|move: Protect\n|move|p1b: Landorus|Stomping Tantrum|p2b: Heatran\n|-supereffective|p2b: Heatran\n|-damage|p2b: Heatran|0 fnt\n|faint|p2b: Heatran\n|\n|-damage|p2a: Salamence|18\/100 brn|[from] brn\n|upkeep\n|turn|12\n|\n|t:|1700068474\n|move|p1a: Clefairy|Protect||[still]\n|-fail|p1a: Clefairy\n|move|p2a: Salamence|Tera Blast|p1a: Clefairy|[anim] Tera Blast Flying\n|-damage|p1a: Clefairy|2\/100\n|move|p1b: Landorus|Stomping Tantrum|p2a: Salamence\n|-immune|p2a: Salamence\n|\n|-damage|p2a: Salamence|12\/100 brn|[from] brn\n|upkeep\n|turn|13\n|-message|Multiblitz forfeited.\n|\n|win|Emirnent\n|raw|Emirnent's rating: 1680 &rarr; <strong>1695<\/strong><br \/>(+15 for winning)\n|raw|Multiblitz's rating: 1595 &rarr; <strong>1580<\/strong><br \/>(-15 for losing)\n|l|\u2606Multiblitz\n|l|\u2606Emirnent\n|l| UnleashTheSun\n","uploadtime":1700068605,"views":18,"p1id":"emirnent","p2id":"multiblitz","formatid":"gen9vgc2023regulatione","rating":1580,"private":0,"password":""}