{"id":"gen9vgc2023regulatione-1996418593","p1":"Malaga Team","p2":"Thehoppa117","format":"[Gen 9] VGC 2023 Regulation E","log":"|j|\u2606Malaga Team\n|j|\u2606Thehoppa117\n|t:|1700680141\n|gametype|doubles\n|player|p1|Malaga Team|266|1244\n|player|p2|Thehoppa117|benga|1183\n|teamsize|p1|6\n|teamsize|p2|6\n|gen|9\n|tier|[Gen 9] VGC 2023 Regulation E\n|rated|\n|rule|Species Clause: Limit one of each Pok\u00e9mon\n|rule|Item Clause: Limit one of each item\n|clearpoke\n|poke|p1|Tornadus, L50, M|\n|poke|p1|Arcanine-Hisui, L50, M|\n|poke|p1|Iron Hands, L50|\n|poke|p1|Gholdengo, L50|\n|poke|p1|Urshifu-*, L50, M|\n|poke|p1|Ogerpon-Wellspring, L50, F|\n|poke|p2|Iron Jugulis, L50|\n|poke|p2|Iron Hands, L50|\n|poke|p2|Iron Moth, L50|\n|poke|p2|Ogerpon-Hearthflame, L50, F|\n|poke|p2|Flutter Mane, L50|\n|poke|p2|Sinistcha, L50|\n|teampreview|4\n|inactive|Battle timer is ON: inactive players will automatically lose when time's up. (requested by Thehoppa117)\n|\n|t:|1700680168\n|start\n|switch|p1a: Tornadus|Tornadus, L50, M|100\/100\n|switch|p1b: Ogerpon|Ogerpon-Wellspring, L50, F|100\/100\n|switch|p2a: Iron Jugulis|Iron Jugulis, L50|100\/100\n|switch|p2b: Iron Hands|Iron Hands, L50|100\/100\n|-enditem|p2a: Iron Jugulis|Booster Energy\n|-activate|p2a: Iron Jugulis|ability: Quark Drive|[fromitem]\n|-start|p2a: Iron Jugulis|quarkdrivespe\n|turn|1\n|inactive|Thehoppa117 has 30 seconds left.\n|\n|t:|1700680199\n|-terastallize|p1b: Ogerpon|Water\n|detailschange|p1b: Ogerpon|Ogerpon-Wellspring-Tera, L50, F, tera:Water\n|-ability|p1b: Ogerpon|Embody Aspect (Wellspring)|boost\n|-boost|p1b: Ogerpon|spd|1\n|move|p1a: Tornadus|Tailwind|p1a: Tornadus\n|-sidestart|p1: Malaga Team|move: Tailwind\n|move|p1b: Ogerpon|Ivy Cudgel|p2a: Iron Jugulis|[anim] Ivy Cudgel Water\n|-damage|p2a: Iron Jugulis|29\/100\n|move|p2a: Iron Jugulis|Electric Terrain|p2a: Iron Jugulis\n|-fieldstart|move: Electric Terrain\n|-activate|p2b: Iron Hands|ability: Quark Drive\n|-start|p2b: Iron Hands|quarkdriveatk\n|move|p2b: Iron Hands|Thunder Punch|p1a: Tornadus\n|-supereffective|p1a: Tornadus\n|-damage|p1a: Tornadus|0 fnt\n|faint|p1a: Tornadus\n|\n|upkeep\n|\n|t:|1700680219\n|switch|p1a: Arcanine|Arcanine-Hisui, L50, M|100\/100\n|-ability|p1a: Arcanine|Intimidate|boost\n|-unboost|p2a: Iron Jugulis|atk|1\n|-unboost|p2b: Iron Hands|atk|1\n|turn|2\n|\n|t:|1700680238\n|move|p1b: Ogerpon|Ivy Cudgel|p2b: Iron Hands|[anim] Ivy Cudgel Water\n|-damage|p2b: Iron Hands|51\/100\n|move|p1a: Arcanine|Flare Blitz|p2b: Iron Hands\n|-damage|p2b: Iron Hands|0 fnt\n|faint|p2b: Iron Hands\n|-end|p2b: Iron Hands|Quark Drive|[silent]\n|-damage|p1a: Arcanine|77\/100|[from] Recoil\n|move|p2a: Iron Jugulis|Tailwind|p2a: Iron Jugulis\n|-sidestart|p2: Thehoppa117|move: Tailwind\n|\n|upkeep\n|inactive|Thehoppa117 has 30 seconds left.\n|\n|t:|1700680263\n|switch|p2b: Sinistcha|Sinistcha, L50|100\/100\n|-heal|p2a: Iron Jugulis|54\/100|[from] ability: Hospitality|[of] p2b: Sinistcha\n|-enditem|p2b: Sinistcha|Electric Seed\n|-boost|p2b: Sinistcha|def|1|[from] item: Electric Seed\n|turn|3\n|inactive|Malaga Team has 30 seconds left.\n|\n|t:|1700680291\n|move|p2a: Iron Jugulis|Air Slash|p1b: Ogerpon\n|-damage|p1b: Ogerpon|79\/100\n|move|p1b: Ogerpon|Ivy Cudgel|p2a: Iron Jugulis|[anim] Ivy Cudgel Water\n|-damage|p2a: Iron Jugulis|0 fnt\n|faint|p2a: Iron Jugulis\n|-end|p2a: Iron Jugulis|Quark Drive|[silent]\n|move|p1a: Arcanine|Flare Blitz|p2b: Sinistcha\n|-supereffective|p2b: Sinistcha\n|-damage|p2b: Sinistcha|13\/100\n|-damage|p1a: Arcanine|50\/100|[from] Recoil\n|move|p2b: Sinistcha|Matcha Gotcha|p1a: Arcanine|[spread] p1a,p1b\n|-supereffective|p1b: Ogerpon\n|-damage|p1a: Arcanine|24\/100\n|-heal|p2b: Sinistcha|26\/100|[from] drain|[of] p1a: Arcanine\n|-damage|p1b: Ogerpon|49\/100\n|-heal|p2b: Sinistcha|42\/100|[from] drain|[of] p1b: Ogerpon\n|\n|upkeep\n|\n|t:|1700680307\n|switch|p2a: Iron Moth|Iron Moth, L50|100\/100\n|-activate|p2a: Iron Moth|ability: Quark Drive\n|-start|p2a: Iron Moth|quarkdrivespa\n|turn|4\n|inactive|Thehoppa117 has 30 seconds left.\n|\n|t:|1700680333\n|move|p2a: Iron Moth|Discharge|p1a: Arcanine|[spread] p2b,p1a,p1b\n|-resisted|p2b: Sinistcha\n|-supereffective|p1b: Ogerpon\n|-damage|p2b: Sinistcha|17\/100\n|-damage|p1a: Arcanine|0 fnt\n|-damage|p1b: Ogerpon|0 fnt\n|-status|p2b: Sinistcha|par\n|faint|p1a: Arcanine\n|faint|p1b: Ogerpon\n|cant|p2b: Sinistcha|par\n|\n|-sideend|p1: Malaga Team|move: Tailwind\n|upkeep\n|\n|t:|1700680345\n|switch|p1b: Iron Hands|Iron Hands, L50|100\/100\n|-activate|p1b: Iron Hands|ability: Quark Drive\n|-start|p1b: Iron Hands|quarkdriveatk\n|turn|5\n|inactive|Thehoppa117 has 30 seconds left.\n|\n|t:|1700680374\n|-terastallize|p2a: Iron Moth|Fairy\n|move|p2a: Iron Moth|Discharge|p1b: Iron Hands|[spread] p2b,p1b\n|-resisted|p2b: Sinistcha\n|-resisted|p1b: Iron Hands\n|-damage|p2b: Sinistcha|0 fnt\n|-damage|p1b: Iron Hands|91\/100\n|faint|p2b: Sinistcha\n|move|p1b: Iron Hands|Wild Charge|p2a: Iron Moth\n|-damage|p2a: Iron Moth|0 fnt\n|faint|p2a: Iron Moth\n|-end|p2a: Iron Moth|Quark Drive|[silent]\n|-damage|p1b: Iron Hands|75\/100|[from] Recoil\n|\n|win|Malaga Team\n|raw|Malaga Team's rating: 1244 &rarr; <strong>1265<\/strong><br \/>(+21 for winning)\n|raw|Thehoppa117's rating: 1183 &rarr; <strong>1162<\/strong><br \/>(-21 for losing)\n|l|\u2606Malaga Team\n","uploadtime":1700680391,"views":5,"p1id":"malagateam","p2id":"thehoppa117","formatid":"gen9vgc2023regulatione","rating":1162,"private":0,"password":""}