{"id":"gen9vgc2023regulatione-1990075010","p1":"Beardmannn","p2":"Saulinho_P1","format":"[Gen 9] VGC 2023 Regulation E","log":"|j|\u2606Beardmannn\n|j|\u2606Saulinho_P1\n|t:|1699921840\n|gametype|doubles\n|player|p1|Beardmannn|102|1379\n|player|p2|Saulinho_P1|will|1471\n|teamsize|p1|6\n|teamsize|p2|6\n|gen|9\n|tier|[Gen 9] VGC 2023 Regulation E\n|rated|\n|rule|Species Clause: Limit one of each Pok\u00e9mon\n|rule|Item Clause: Limit one of each item\n|clearpoke\n|poke|p1|Regidrago, L50|\n|poke|p1|Tornadus, L50, M|\n|poke|p1|Arcanine-Hisui, L50, F|\n|poke|p1|Amoonguss, L50, M|\n|poke|p1|Urshifu-*, L50, F|\n|poke|p1|Heatran, L50, M|\n|poke|p2|Roaring Moon, L50|\n|poke|p2|Arcanine-Hisui, L50, M|\n|poke|p2|Gholdengo, L50|\n|poke|p2|Iron Hands, L50|\n|poke|p2|Landorus, L50, M|\n|poke|p2|Ogerpon-Wellspring, L50, F|\n|teampreview|4\nBeardmannn rejected open team sheets.\n|inactive|Battle timer is ON: inactive players will automatically lose when time's up. (requested by Beardmannn)\n|inactive|Saulinho_P1 has 60 seconds left.\n|\n|t:|1699921931\n|start\n|switch|p1a: Tornadus|Tornadus, L50, M|100\/100\n|switch|p1b: Regidrago|Regidrago, L50|100\/100\n|switch|p2a: Ogerpon|Ogerpon-Wellspring, L50, F|100\/100\n|switch|p2b: Roaring Moon|Roaring Moon, L50|100\/100\n|-enditem|p2b: Roaring Moon|Booster Energy\n|-activate|p2b: Roaring Moon|ability: Protosynthesis|[fromitem]\n|-start|p2b: Roaring Moon|protosynthesisspe\n|turn|1\n|\n|t:|1699921955\n|-terastallize|p2b: Roaring Moon|Poison\n|-terastallize|p1b: Regidrago|Dragon\n|move|p2a: Ogerpon|Spiky Shield|p2a: Ogerpon\n|-singleturn|p2a: Ogerpon|move: Protect\n|move|p1a: Tornadus|Tailwind|p1a: Tornadus\n|-sidestart|p1: Beardmannn|move: Tailwind\n|move|p1b: Regidrago|Dragon Energy|p2b: Roaring Moon|[spread] p2b\n|-activate|p2a: Ogerpon|move: Protect\n|-damage|p2b: Roaring Moon|0 fnt\n|faint|p2b: Roaring Moon\n|-end|p2b: Roaring Moon|Protosynthesis|[silent]\n|\n|upkeep\n|\n|t:|1699921969\n|switch|p2b: Iron Hands|Iron Hands, L50|100\/100\n|turn|2\n|\n|t:|1699921993\n|switch|p1b: Arcanine|Arcanine-Hisui, L50, F|100\/100\n|-ability|p1b: Arcanine|Intimidate|boost\n|-unboost|p2a: Ogerpon|atk|1\n|-unboost|p2b: Iron Hands|atk|1\n|move|p1a: Tornadus|Tailwind||[still]\n|-fail|p1a: Tornadus\n|move|p2a: Ogerpon|Ivy Cudgel|p1a: Tornadus\n|-damage|p1a: Tornadus|55\/100\n|move|p2b: Iron Hands|Wild Charge|p1a: Tornadus\n|-supereffective|p1a: Tornadus\n|-damage|p1a: Tornadus|0 fnt\n|faint|p1a: Tornadus\n|-damage|p2b: Iron Hands|90\/100|[from] Recoil\n|\n|upkeep\n|\n|t:|1699922005\n|switch|p1a: Regidrago|Regidrago, L50, tera:Dragon|100\/100\n|turn|3\n|inactive|Saulinho_P1 has 30 seconds left.\n|\n|t:|1699922035\n|move|p2a: Ogerpon|Spiky Shield|p2a: Ogerpon\n|-singleturn|p2a: Ogerpon|move: Protect\n|move|p1a: Regidrago|Dragon Energy|p2a: Ogerpon|[spread] p2b\n|-activate|p2a: Ogerpon|move: Protect\n|-damage|p2b: Iron Hands|10\/100\n|move|p1b: Arcanine|Flare Blitz|p2b: Iron Hands\n|-damage|p2b: Iron Hands|0 fnt\n|faint|p2b: Iron Hands\n|-end|p2b: Iron Hands|Quark Drive|[silent]\n|-damage|p1b: Arcanine|97\/100|[from] Recoil\n|\n|upkeep\n|\n|t:|1699922045\n|switch|p2b: Landorus|Landorus, L50, M|100\/100\n|turn|4\n|\n|t:|1699922052\n|move|p2b: Landorus|Protect|p2b: Landorus\n|-singleturn|p2b: Landorus|Protect\n|move|p2a: Ogerpon|Spiky Shield|p2a: Ogerpon\n|-singleturn|p2a: Ogerpon|move: Protect\n|move|p1a: Regidrago|Dragon Energy|p2b: Landorus|[spread] \n|-activate|p2a: Ogerpon|move: Protect\n|-activate|p2b: Landorus|move: Protect\n|move|p1b: Arcanine|Rock Slide|p2a: Ogerpon|[spread] \n|-activate|p2a: Ogerpon|move: Protect\n|-activate|p2b: Landorus|move: Protect\n|\n|-sideend|p1: Beardmannn|move: Tailwind\n|upkeep\n|turn|5\n|\n|t:|1699922077\n|move|p2b: Landorus|Earth Power|p1a: Regidrago\n|-damage|p1a: Regidrago|27\/100\n|move|p1a: Regidrago|Dragon Energy|p2b: Landorus|[spread] p2a,p2b\n|-damage|p2a: Ogerpon|65\/100\n|-damage|p2b: Landorus|58\/100\n|move|p1b: Arcanine|Rock Slide|p2a: Ogerpon|[spread] p2b\n|-miss|p1b: Arcanine|p2a: Ogerpon\n|-damage|p2b: Landorus|26\/100\n|move|p2a: Ogerpon|Ivy Cudgel|p1b: Arcanine\n|-supereffective|p1b: Arcanine\n|-damage|p1b: Arcanine|0 fnt\n|faint|p1b: Arcanine\n|\n|upkeep\n|\n|t:|1699922089\n|switch|p1b: Urshifu|Urshifu-Rapid-Strike, L50, F|100\/100\n|turn|6\n|\n|t:|1699922099\n|move|p2a: Ogerpon|Follow Me|p2a: Ogerpon\n|-singleturn|p2a: Ogerpon|move: Follow Me\n|move|p1b: Urshifu|Close Combat|p2a: Ogerpon\n|-damage|p2a: Ogerpon|1\/100\n|-unboost|p1b: Urshifu|def|1\n|-unboost|p1b: Urshifu|spd|1\n|move|p2b: Landorus|Earth Power|p1a: Regidrago\n|-damage|p1a: Regidrago|0 fnt\n|faint|p1a: Regidrago\n|\n|upkeep\n|turn|7\n|\n|t:|1699922122\n|move|p1b: Urshifu|Close Combat|p2b: Landorus\n|-resisted|p2b: Landorus\n|-damage|p2b: Landorus|0 fnt\n|-unboost|p1b: Urshifu|def|1\n|-unboost|p1b: Urshifu|spd|1\n|faint|p2b: Landorus\n|move|p2a: Ogerpon|Horn Leech|p1b: Urshifu\n|-supereffective|p1b: Urshifu\n|-damage|p1b: Urshifu|0 fnt\n|-heal|p2a: Ogerpon|48\/100|[from] drain|[of] p1b: Urshifu\n|faint|p1b: Urshifu\n|\n|win|Saulinho_P1\n|raw|Beardmannn's rating: 1379 &rarr; <strong>1364<\/strong><br \/>(-15 for losing)\n|raw|Saulinho_P1's rating: 1471 &rarr; <strong>1486<\/strong><br \/>(+15 for winning)\n","uploadtime":1699922135,"views":22,"p1id":"beardmannn","p2id":"saulinhop1","formatid":"gen9vgc2023regulatione","rating":1364,"private":0,"password":""}