{"id":"gen9vgc2023regulatione-1995065434","p1":"RakeVGC","p2":"Doc Positive","format":"[Gen 9] VGC 2023 Regulation E","log":"|j|\u2606RakeVGC\n|j|\u2606Doc Positive\n|t:|1700518785\n|gametype|doubles\n|player|p1|RakeVGC|cynthia-gen4|1310\n|player|p2|Doc Positive|cyrus|1222\n|teamsize|p1|6\n|teamsize|p2|6\n|gen|9\n|tier|[Gen 9] VGC 2023 Regulation E\n|rated|\n|rule|Species Clause: Limit one of each Pok\u00e9mon\n|rule|Item Clause: Limit one of each item\n|clearpoke\n|poke|p1|Arcanine-Hisui, L50, F|\n|poke|p1|Urshifu-*, L50, M|\n|poke|p1|Farigiraf, L50, M|\n|poke|p1|Rillaboom, L50, F|\n|poke|p1|Flutter Mane, L50|\n|poke|p1|Tornadus, L50, M|\n|poke|p2|Cresselia, L50, F|\n|poke|p2|Ursaluna-Bloodmoon, L50, M|\n|poke|p2|Iron Hands, L50|\n|poke|p2|Ogerpon-Wellspring, L50, F|\n|poke|p2|Arcanine-Hisui, L50, F|\n|poke|p2|Flutter Mane, L50|\n|teampreview|4\n|inactive|Battle timer is ON: inactive players will automatically lose when time's up. (requested by Doc Positive)\nDoc Positive rejected open team sheets.\n|inactive|RakeVGC has 60 seconds left.\n|\n|t:|1700518860\n|start\n|switch|p1a: Arcanine|Arcanine-Hisui, L50, F|100\/100\n|switch|p1b: Rillaboom|Rillaboom, L50, F|100\/100\n|switch|p2a: Flutter Mane|Flutter Mane, L50|100\/100\n|switch|p2b: Iron Hands|Iron Hands, L50|100\/100\n|-ability|p1a: Arcanine|Intimidate|boost\n|-unboost|p2a: Flutter Mane|atk|1\n|-unboost|p2b: Iron Hands|atk|1\n|-fieldstart|move: Grassy Terrain|[from] ability: Grassy Surge|[of] p1b: Rillaboom\n|-enditem|p2a: Flutter Mane|Booster Energy\n|-activate|p2a: Flutter Mane|ability: Protosynthesis|[fromitem]\n|-start|p2a: Flutter Mane|protosynthesisspa\n|turn|1\n|inactive|RakeVGC has 30 seconds left.\n|inactive|Doc Positive has 30 seconds left.\n|inactive|Doc Positive has 20 seconds left.\n|inactive|Doc Positive has 15 seconds left.\n|inactive|Doc Positive has 10 seconds left.\n|\n|t:|1700518906\n|-end|p2a: Flutter Mane|Protosynthesis|[silent]\n|switch|p2a: Arcanine|Arcanine-Hisui, L50, F|100\/100\n|-ability|p2a: Arcanine|Intimidate|boost\n|-unboost|p1a: Arcanine|atk|1\n|-unboost|p1b: Rillaboom|atk|1\n|move|p1b: Rillaboom|Fake Out|p2b: Iron Hands\n|-damage|p2b: Iron Hands|94\/100\n|cant|p2b: Iron Hands|flinch\n|move|p1a: Arcanine|Head Smash|p2b: Iron Hands\n|-resisted|p2b: Iron Hands\n|-damage|p2b: Iron Hands|68\/100\n|-damage|p1a: Arcanine|82\/100|[from] Recoil\n|\n|-heal|p1a: Arcanine|88\/100|[from] Grassy Terrain\n|-heal|p2b: Iron Hands|74\/100|[from] Grassy Terrain\n|upkeep\n|turn|2\n|inactive|RakeVGC has 30 seconds left.\n|inactive|Doc Positive has 30 seconds left.\n|\n|t:|1700518936\n|switch|p1a: Farigiraf|Farigiraf, L50, M|100\/100\n|switch|p1b: Urshifu|Urshifu-Rapid-Strike, L50, M|100\/100\n|-end|p2b: Iron Hands|Quark Drive|[silent]\n|switch|p2b: Ogerpon|Ogerpon-Wellspring, L50, F|100\/100\n|move|p2a: Arcanine|Flare Blitz|p1b: Urshifu\n|-resisted|p1b: Urshifu\n|-damage|p1b: Urshifu|71\/100\n|-damage|p2a: Arcanine|92\/100|[from] Recoil\n|\n|-heal|p1b: Urshifu|77\/100|[from] Grassy Terrain\n|-heal|p2a: Arcanine|98\/100|[from] Grassy Terrain\n|upkeep\n|turn|3\n|j| lure shell\n|inactive|RakeVGC has 30 seconds left.\n|inactive|Doc Positive has 30 seconds left.\n|inactive|RakeVGC has 20 seconds left.\n|inactive|RakeVGC has 15 seconds left.\n|inactive|RakeVGC has 10 seconds left.\n|inactive|RakeVGC has 5 seconds left.\n|\n|t:|1700518992\n|switch|p2a: Iron Hands|Iron Hands, L50|74\/100\n|-terastallize|p1b: Urshifu|Water\n|-terastallize|p2b: Ogerpon|Water\n|detailschange|p2b: Ogerpon|Ogerpon-Wellspring-Tera, L50, F, tera:Water\n|-ability|p2b: Ogerpon|Embody Aspect (Wellspring)|boost\n|-boost|p2b: Ogerpon|spd|1\n|move|p1b: Urshifu|Surging Strikes|p2a: Iron Hands\n|-crit|p2a: Iron Hands\n|-damage|p2a: Iron Hands|49\/100\n|-crit|p2a: Iron Hands\n|-damage|p2a: Iron Hands|27\/100\n|-crit|p2a: Iron Hands\n|-damage|p2a: Iron Hands|5\/100\n|-hitcount|p2a: Iron Hands|3\n|move|p2b: Ogerpon|Horn Leech|p1b: Urshifu\n|-supereffective|p1b: Urshifu\n|-damage|p1b: Urshifu|0 fnt\n|faint|p1b: Urshifu\n|move|p1a: Farigiraf|Psychic|p2a: Iron Hands\n|-supereffective|p2a: Iron Hands\n|-damage|p2a: Iron Hands|0 fnt\n|faint|p2a: Iron Hands\n|-end|p2a: Iron Hands|Quark Drive|[silent]\n|\n|upkeep\n|inactive|Doc Positive has 30 seconds left.\n|inactive|Doc Positive has 20 seconds left.\n|\n|t:|1700519032\n|switch|p1b: Rillaboom|Rillaboom, L50, F|100\/100\n|switch|p2a: Arcanine|Arcanine-Hisui, L50, F|98\/100\n|-ability|p2a: Arcanine|Intimidate|boost\n|-unboost|p1a: Farigiraf|atk|1\n|-unboost|p1b: Rillaboom|atk|1\n|turn|4\n|\n|t:|1700519055\n|move|p2b: Ogerpon|Spiky Shield|p2b: Ogerpon\n|-singleturn|p2b: Ogerpon|move: Protect\n|move|p1b: Rillaboom|Fake Out|p2a: Arcanine\n|-resisted|p2a: Arcanine\n|-damage|p2a: Arcanine|93\/100\n|cant|p2a: Arcanine|flinch\n|move|p1a: Farigiraf|Trick Room|p1a: Farigiraf\n|-fieldstart|move: Trick Room|[of] p1a: Farigiraf\n|\n|-heal|p2a: Arcanine|99\/100|[from] Grassy Terrain\n|upkeep\n|turn|5\n|\n|t:|1700519081\n|move|p2b: Ogerpon|Spiky Shield||[still]\n|-fail|p2b: Ogerpon\n|move|p1a: Farigiraf|Psychic|p2a: Arcanine\n|-damage|p2a: Arcanine|61\/100\n|move|p1b: Rillaboom|High Horsepower|p2a: Arcanine\n|-supereffective|p2a: Arcanine\n|-damage|p2a: Arcanine|0 fnt\n|faint|p2a: Arcanine\n|\n|-fieldend|move: Grassy Terrain\n|upkeep\n|\n|t:|1700519091\n|switch|p2a: Flutter Mane|Flutter Mane, L50|100\/100\n|turn|6\n|\n|t:|1700519105\n|move|p2b: Ogerpon|Spiky Shield|p2b: Ogerpon\n|-singleturn|p2b: Ogerpon|move: Protect\n|move|p2a: Flutter Mane|Protect|p2a: Flutter Mane\n|-singleturn|p2a: Flutter Mane|Protect\n|move|p1a: Farigiraf|Psychic|p2a: Flutter Mane\n|-activate|p2a: Flutter Mane|move: Protect\n|move|p1b: Rillaboom|Wood Hammer|p2a: Flutter Mane\n|-activate|p2a: Flutter Mane|move: Protect\n|\n|upkeep\n|turn|7\n|\n|t:|1700519120\n|move|p1a: Farigiraf|Psychic|p2a: Flutter Mane\n|-damage|p2a: Flutter Mane|69\/100\n|move|p1b: Rillaboom|Wood Hammer|p2a: Flutter Mane\n|-damage|p2a: Flutter Mane|3\/100\n|-damage|p1b: Rillaboom|85\/100|[from] Recoil\n|move|p2b: Ogerpon|Ivy Cudgel|p1a: Farigiraf|[anim] Ivy Cudgel Water\n|-damage|p1a: Farigiraf|28\/100\n|move|p2a: Flutter Mane|Dazzling Gleam|p1b: Rillaboom|[spread] p1a,p1b\n|-damage|p1a: Farigiraf|3\/100\n|-damage|p1b: Rillaboom|63\/100\n|-enditem|p1a: Farigiraf|Aguav Berry|[eat]\n|-heal|p1a: Farigiraf|36\/100|[from] item: Aguav Berry\n|\n|upkeep\n|turn|8\n|\n|t:|1700519144\n|switch|p1b: Arcanine|Arcanine-Hisui, L50, F|88\/100\n|-ability|p1b: Arcanine|Intimidate|boost\n|-unboost|p2a: Flutter Mane|atk|1\n|-unboost|p2b: Ogerpon|atk|1\n|move|p2b: Ogerpon|Spiky Shield|p2b: Ogerpon\n|-singleturn|p2b: Ogerpon|move: Protect\n|move|p2a: Flutter Mane|Protect|p2a: Flutter Mane\n|-singleturn|p2a: Flutter Mane|Protect\n|move|p1a: Farigiraf|Dazzling Gleam|p2a: Flutter Mane|[spread] \n|-activate|p2a: Flutter Mane|move: Protect\n|-activate|p2b: Ogerpon|move: Protect\n|\n|-fieldend|move: Trick Room\n|upkeep\n|turn|9\n|inactive|RakeVGC has 30 seconds left.\n|inactive|Doc Positive has 30 seconds left.\n|inactive|RakeVGC has 20 seconds left.\n|inactive|RakeVGC has 15 seconds left.\n|inactive|RakeVGC has 10 seconds left.\n|inactive|RakeVGC has 5 seconds left.\n|\n|t:|1700519195\n|move|p2a: Flutter Mane|Shadow Ball|p1a: Farigiraf\n|-immune|p1a: Farigiraf\n|move|p1b: Arcanine|Flare Blitz|p2a: Flutter Mane\n|-damage|p2a: Flutter Mane|0 fnt\n|faint|p2a: Flutter Mane\n|-end|p2a: Flutter Mane|Protosynthesis|[silent]\n|-damage|p1b: Arcanine|88\/100|[from] Recoil\n|move|p2b: Ogerpon|Ivy Cudgel|p1b: Arcanine|[anim] Ivy Cudgel Water\n|-supereffective|p1b: Arcanine\n|-damage|p1b: Arcanine|0 fnt\n|faint|p1b: Arcanine\n|move|p1a: Farigiraf|Trick Room|p1a: Farigiraf\n|-fieldstart|move: Trick Room|[of] p1a: Farigiraf\n|\n|upkeep\n|-message|Doc Positive forfeited.\n|\n|win|RakeVGC\n|raw|RakeVGC's rating: 1310 &rarr; <strong>1325<\/strong><br \/>(+15 for winning)\n|raw|Doc Positive's rating: 1222 &rarr; <strong>1203<\/strong><br \/>(-19 for losing)\n|l|\u2606Doc Positive\n","uploadtime":1700519220,"views":2,"p1id":"rakevgc","p2id":"docpositive","formatid":"gen9vgc2023regulatione","rating":1203,"private":0,"password":""}