{"id":"gen9vgc2023regulatione-1999754563","p1":"s150004","p2":"Clllouuudddddd","format":"[Gen 9] VGC 2023 Regulation E","log":"|j|\u2606s150004\n|j|\u2606Clllouuudddddd\n|t:|1701113743\n|gametype|doubles\n|player|p1|s150004|102|1555\n|player|p2|Clllouuudddddd|169|1526\n|teamsize|p1|6\n|teamsize|p2|6\n|gen|9\n|tier|[Gen 9] VGC 2023 Regulation E\n|rated|\n|rule|Species Clause: Limit one of each Pok\u00e9mon\n|rule|Item Clause: Limit one of each item\n|clearpoke\n|poke|p1|Weezing, L50, M|\n|poke|p1|Flutter Mane, L50|\n|poke|p1|Roaring Moon, L50|\n|poke|p1|Empoleon, L50, M|\n|poke|p1|Landorus-Therian, L50, M|\n|poke|p1|Iron Hands, L50|\n|poke|p2|Tatsugiri, L50, M|\n|poke|p2|Arcanine-Hisui, L50, M|\n|poke|p2|Amoonguss, L50, M|\n|poke|p2|Chien-Pao, L50|\n|poke|p2|Regieleki, L50|\n|poke|p2|Mimikyu, L50, F|\n|teampreview|4\ns150004 has agreed to open team sheets.\n|inactive|Battle timer is ON: inactive players will automatically lose when time's up. (requested by Clllouuudddddd)\n|inactive|Clllouuudddddd has 60 seconds left.\n|\n|t:|1701113890\n|start\n|switch|p1a: Landorus|Landorus-Therian, L50, M|100\/100\n|switch|p1b: Iron Hands|Iron Hands, L50|100\/100\n|switch|p2a: Regieleki|Regieleki, L50|100\/100\n|switch|p2b: Chien-Pao|Chien-Pao, L50|100\/100\n|-ability|p2b: Chien-Pao|Sword of Ruin\n|-ability|p1a: Landorus|Intimidate|boost\n|-unboost|p2a: Regieleki|atk|1\n|-unboost|p2b: Chien-Pao|atk|1\n|turn|1\n|inactive|s150004 has 30 seconds left.\n|inactive|Clllouuudddddd has 30 seconds left.\n|\n|t:|1701113919\n|move|p2a: Regieleki|Protect|p2a: Regieleki\n|-singleturn|p2a: Regieleki|Protect\n|move|p2b: Chien-Pao|Protect|p2b: Chien-Pao\n|-singleturn|p2b: Chien-Pao|Protect\n|move|p1a: Landorus|Protect|p1a: Landorus\n|-singleturn|p1a: Landorus|Protect\n|move|p1b: Iron Hands|Drain Punch|p2a: Regieleki\n|-activate|p2a: Regieleki|move: Protect\n|\n|upkeep\n|turn|2\n|\n|t:|1701113940\n|switch|p2a: Arcanine|Arcanine-Hisui, L50, M|100\/100\n|-ability|p2a: Arcanine|Intimidate|boost\n|-unboost|p1a: Landorus|atk|1\n|-unboost|p1b: Iron Hands|atk|1\n|switch|p1a: Weezing|Weezing, L50, M|100\/100\n|-ability|p1a: Weezing|Neutralizing Gas\n|move|p2b: Chien-Pao|Ice Spinner|p1a: Weezing\n|-damage|p1a: Weezing|78\/100\n|move|p1b: Iron Hands|Drain Punch|p2b: Chien-Pao\n|-supereffective|p2b: Chien-Pao\n|-enditem|p2b: Chien-Pao|Focus Sash\n|-damage|p2b: Chien-Pao|1\/100\n|\n|-heal|p1a: Weezing|84\/100|[from] item: Black Sludge\n|upkeep\n|turn|3\n|inactive|Clllouuudddddd has 30 seconds left.\n|\n|t:|1701113969\n|-end|p1b: Iron Hands|Quark Drive|[silent]\n|switch|p1b: Landorus|Landorus-Therian, L50, M|100\/100\n|-ability|p1b: Landorus|Intimidate|boost\n|-unboost|p2a: Arcanine|atk|1\n|-unboost|p2b: Chien-Pao|atk|1\n|-terastallize|p2a: Arcanine|Fairy\n|move|p2b: Chien-Pao|Protect|p2b: Chien-Pao\n|-singleturn|p2b: Chien-Pao|Protect\n|move|p2a: Arcanine|Tera Blast|p1b: Landorus|[anim] Tera Blast Fairy\n|-damage|p1b: Landorus|71\/100\n|move|p1a: Weezing|Gunk Shot|p2b: Chien-Pao\n|-activate|p2b: Chien-Pao|move: Protect\n|\n|-heal|p1a: Weezing|89\/100|[from] item: Black Sludge\n|upkeep\n|turn|4\n|inactive|Clllouuudddddd has 30 seconds left.\n|\n|t:|1701113997\n|move|p1b: Landorus|Protect|p1b: Landorus\n|-singleturn|p1b: Landorus|Protect\n|move|p2b: Chien-Pao|Ice Spinner|p1b: Landorus\n|-activate|p1b: Landorus|move: Protect\n|move|p2a: Arcanine|Tera Blast|p1b: Landorus|[anim] Tera Blast Fairy\n|-activate|p1b: Landorus|move: Protect\n|move|p1a: Weezing|Will-O-Wisp|p2a: Arcanine\n|-status|p2a: Arcanine|brn\n|\n|-heal|p1a: Weezing|95\/100|[from] item: Black Sludge\n|-damage|p2a: Arcanine|94\/100 brn|[from] brn\n|upkeep\n|turn|5\n|inactive|Clllouuudddddd has 30 seconds left.\n|\n|t:|1701114031\n|switch|p2b: Regieleki|Regieleki, L50|100\/100\n|switch|p1b: Iron Hands|Iron Hands, L50|100\/100\n|move|p2a: Arcanine|Rock Slide|p1b: Iron Hands|[spread] p1a,p1b\n|-crit|p1a: Weezing\n|-resisted|p1b: Iron Hands\n|-damage|p1a: Weezing|80\/100\n|-damage|p1b: Iron Hands|97\/100\n|move|p1a: Weezing|Will-O-Wisp|p2b: Regieleki\n|-status|p2b: Regieleki|brn\n|\n|-heal|p1a: Weezing|85\/100|[from] item: Black Sludge\n|-damage|p2b: Regieleki|95\/100 brn|[from] brn\n|-damage|p2a: Arcanine|88\/100 brn|[from] brn\n|upkeep\n|turn|6\n|inactive|Clllouuudddddd has 30 seconds left.\n|\n|t:|1701114060\n|switch|p2a: Mimikyu|Mimikyu, L50, F|100\/100\n|move|p1b: Iron Hands|Fake Out|p2a: Mimikyu\n|-immune|p2a: Mimikyu\n|move|p2b: Regieleki|Thunderbolt|p1a: Weezing\n|-damage|p1a: Weezing|40\/100\n|move|p1a: Weezing|Gunk Shot|p2a: Mimikyu\n|-activate|p2a: Mimikyu|ability: Disguise\n|-damage|p2a: Mimikyu|100\/100\n|detailschange|p2a: Mimikyu|Mimikyu-Busted, L50, F\n|-damage|p2a: Mimikyu|89\/100|[from] pokemon: Mimikyu-Busted\n|\n|-heal|p1a: Weezing|46\/100|[from] item: Black Sludge\n|-damage|p2b: Regieleki|89\/100 brn|[from] brn\n|upkeep\n|turn|7\n|inactive|Clllouuudddddd has 30 seconds left.\n|\n|t:|1701114086\n|move|p1a: Weezing|Protect|p1a: Weezing\n|-singleturn|p1a: Weezing|Protect\n|move|p2b: Regieleki|Thunderbolt|p1a: Weezing\n|-activate|p1a: Weezing|move: Protect\n|move|p2a: Mimikyu|Play Rough|p1b: Iron Hands\n|-supereffective|p1b: Iron Hands\n|-damage|p1b: Iron Hands|25\/100\n|-damage|p2a: Mimikyu|79\/100|[from] item: Life Orb\n|move|p1b: Iron Hands|Heavy Slam|p2a: Mimikyu\n|-supereffective|p2a: Mimikyu\n|-damage|p2a: Mimikyu|0 fnt\n|faint|p2a: Mimikyu\n|\n|-heal|p1a: Weezing|52\/100|[from] item: Black Sludge\n|-damage|p2b: Regieleki|83\/100 brn|[from] brn\n|upkeep\n|\n|t:|1701114099\n|switch|p2a: Arcanine|Arcanine-Hisui, L50, M, tera:Fairy|88\/100 brn\n|turn|8\n|\n|t:|1701114118\n|-end|p1a: Weezing|ability: Neutralizing Gas\n|-ability|p2a: Arcanine|Intimidate|boost\n|-unboost|p1a: Weezing|atk|1\n|-unboost|p1b: Iron Hands|atk|1\n|switch|p1a: Landorus|Landorus-Therian, L50, M|71\/100\n|-ability|p1a: Landorus|Intimidate|boost\n|-unboost|p2a: Arcanine|atk|1\n|-unboost|p2b: Regieleki|atk|1\n|move|p2b: Regieleki|Tera Blast|p1a: Landorus\n|-crit|p1a: Landorus\n|-damage|p1a: Landorus|25\/100\n|move|p2a: Arcanine|Tera Blast|p1b: Iron Hands|[anim] Tera Blast Fairy\n|-supereffective|p1b: Iron Hands\n|-damage|p1b: Iron Hands|6\/100\n|move|p1b: Iron Hands|Drain Punch|p2b: Regieleki\n|-damage|p2b: Regieleki|35\/100 brn\n|-heal|p1b: Iron Hands|25\/100|[from] drain|[of] p2b: Regieleki\n|\n|-damage|p2b: Regieleki|29\/100 brn|[from] brn\n|-damage|p2a: Arcanine|82\/100 brn|[from] brn\n|upkeep\n|turn|9\n|inactive|s150004 has 30 seconds left.\n|inactive|Clllouuudddddd has 30 seconds left.\n|inactive|Clllouuudddddd has 20 seconds left.\n|inactive|Clllouuudddddd has 15 seconds left.\n|inactive|Clllouuudddddd has 10 seconds left.\n|\n|t:|1701114163\n|-end|p1b: Iron Hands|Quark Drive|[silent]\n|switch|p1b: Weezing|Weezing, L50, M|52\/100\n|-ability|p1b: Weezing|Neutralizing Gas\n|-block|p1a: Landorus|item: Ability Shield\n|move|p1a: Landorus|Protect|p1a: Landorus\n|-singleturn|p1a: Landorus|Protect\n|move|p2b: Regieleki|Tera Blast|p1b: Weezing\n|-damage|p1b: Weezing|28\/100\n|move|p2a: Arcanine|Rock Slide|p1a: Landorus|[spread] p1b\n|-activate|p1a: Landorus|move: Protect\n|-damage|p1b: Weezing|20\/100\n|\n|-heal|p1b: Weezing|25\/100|[from] item: Black Sludge\n|-damage|p2b: Regieleki|23\/100 brn|[from] brn\n|-damage|p2a: Arcanine|76\/100 brn|[from] brn\n|upkeep\n|turn|10\n|inactive|Clllouuudddddd has 30 seconds left.\n|\n|t:|1701114192\n|move|p2b: Regieleki|Tera Blast|p1a: Landorus\n|-damage|p1a: Landorus|0 fnt\n|faint|p1a: Landorus\n|move|p2a: Arcanine|Tera Blast|p1b: Weezing|[anim] Tera Blast Fairy\n|-resisted|p1b: Weezing\n|-damage|p1b: Weezing|20\/100\n|move|p1b: Weezing|Pain Split|p2a: Arcanine\n|-sethp|p2a: Arcanine|47\/100 brn|[from] move: Pain Split|[silent]\n|-sethp|p1b: Weezing|50\/100|[from] move: Pain Split\n|\n|-heal|p1b: Weezing|56\/100|[from] item: Black Sludge\n|-damage|p2b: Regieleki|17\/100 brn|[from] brn\n|-damage|p2a: Arcanine|41\/100 brn|[from] brn\n|upkeep\n|\n|t:|1701114203\n|switch|p1a: Roaring Moon|Roaring Moon, L50|100\/100\n|-enditem|p1a: Roaring Moon|Booster Energy\n|-activate|p1a: Roaring Moon|ability: Protosynthesis|[fromitem]\n|-start|p1a: Roaring Moon|protosynthesisatk\n|turn|11\n|\n|t:|1701114219\n|-end|p1b: Weezing|ability: Neutralizing Gas\n|-ability|p2a: Arcanine|Intimidate|boost\n|-unboost|p1a: Roaring Moon|atk|1\n|-unboost|p1b: Weezing|atk|1\n|switch|p1b: Iron Hands|Iron Hands, L50|25\/100\n|move|p2b: Regieleki|Protect|p2b: Regieleki\n|-singleturn|p2b: Regieleki|Protect\n|move|p1a: Roaring Moon|Protect|p1a: Roaring Moon\n|-singleturn|p1a: Roaring Moon|Protect\n|move|p2a: Arcanine|Tera Blast|p1a: Roaring Moon|[anim] Tera Blast Fairy\n|-activate|p1a: Roaring Moon|move: Protect\n|\n|-damage|p2b: Regieleki|11\/100 brn|[from] brn\n|-damage|p2a: Arcanine|35\/100 brn|[from] brn\n|upkeep\n|turn|12\n|\n|t:|1701114243\n|switch|p2b: Chien-Pao|Chien-Pao, L50|1\/100\n|-ability|p2b: Chien-Pao|Sword of Ruin\n|-terastallize|p1a: Roaring Moon|Flying\n|move|p1b: Iron Hands|Fake Out|p2b: Chien-Pao\n|-damage|p2b: Chien-Pao|0 fnt\n|faint|p2b: Chien-Pao\n|move|p1a: Roaring Moon|Dragon Dance|p1a: Roaring Moon\n|-boost|p1a: Roaring Moon|atk|1\n|-boost|p1a: Roaring Moon|spe|1\n|move|p2a: Arcanine|Tera Blast|p1b: Iron Hands|[anim] Tera Blast Fairy\n|-supereffective|p1b: Iron Hands\n|-damage|p1b: Iron Hands|5\/100\n|\n|-damage|p2a: Arcanine|29\/100 brn|[from] brn\n|upkeep\n|j| Asacado\n|\n|t:|1701114258\n|switch|p2b: Regieleki|Regieleki, L50|11\/100 brn\n|turn|13\n|\n|t:|1701114270\n|move|p1a: Roaring Moon|Protect|p1a: Roaring Moon\n|-singleturn|p1a: Roaring Moon|Protect\n|move|p2b: Regieleki|Thunderbolt|p1a: Roaring Moon\n|-activate|p1a: Roaring Moon|move: Protect\n|move|p2a: Arcanine|Rock Slide|p1b: Iron Hands|[spread] p1b\n|-activate|p1a: Roaring Moon|move: Protect\n|-resisted|p1b: Iron Hands\n|-damage|p1b: Iron Hands|2\/100\n|cant|p1b: Iron Hands|flinch\n|\n|-damage|p2b: Regieleki|5\/100 brn|[from] brn\n|-damage|p2a: Arcanine|23\/100 brn|[from] brn\n|upkeep\n|turn|14\n|inactive|Clllouuudddddd has 30 seconds left.\n|\n|t:|1701114297\n|move|p1a: Roaring Moon|Acrobatics|p2a: Arcanine\n|-damage|p2a: Arcanine|0 fnt\n|faint|p2a: Arcanine\n|move|p2b: Regieleki|Thunderbolt|p1a: Roaring Moon\n|-supereffective|p1a: Roaring Moon\n|-damage|p1a: Roaring Moon|0 fnt\n|faint|p1a: Roaring Moon\n|-end|p1a: Roaring Moon|Protosynthesis|[silent]\n|move|p1b: Iron Hands|Drain Punch|p2b: Regieleki\n|-damage|p2b: Regieleki|0 fnt\n|-heal|p1b: Iron Hands|4\/100|[from] drain|[of] p2b: Regieleki\n|faint|p2b: Regieleki\n|\n|win|s150004\n|raw|s150004's rating: 1555 &rarr; <strong>1573<\/strong><br \/>(+18 for winning)\n|raw|Clllouuudddddd's rating: 1526 &rarr; <strong>1508<\/strong><br \/>(-18 for losing)\n|l|\u2606s150004\n","uploadtime":1701114445,"views":7,"p1id":"s150004","p2id":"clllouuudddddd","formatid":"gen9vgc2023regulatione","rating":1508,"private":0,"password":""}