{"id":"gen9vgc2023regulatione-1988519963","p1":"filthytrashgoblin","p2":"FUCYOSHUCKLE","format":"[Gen 9] VGC 2023 Regulation E","log":"|j|\u2606filthytrashgoblin\n|j|\u2606FUCYOSHUCKLE\n|t:|1699731697\n|gametype|doubles\n|player|p1|filthytrashgoblin|ghetsis|1136\n|player|p2|FUCYOSHUCKLE|102|1158\n|teamsize|p1|6\n|teamsize|p2|4\n|gen|9\n|tier|[Gen 9] VGC 2023 Regulation E\n|rated|\n|rule|Species Clause: Limit one of each Pok\u00e9mon\n|rule|Item Clause: Limit one of each item\n|clearpoke\n|poke|p1|Cresselia, L50, F|\n|poke|p1|Urshifu-*, L50, M|\n|poke|p1|Ogerpon-Hearthflame, L50, F|\n|poke|p1|Flutter Mane, L50|\n|poke|p1|Landorus-Therian, L50, M|\n|poke|p1|Heatran, L50, M|\n|poke|p2|Muk-Alola, L50, M|\n|poke|p2|Vivillon-Fancy, L50, F|\n|poke|p2|Gothitelle, L50, M|\n|poke|p2|Sylveon, L50, F|\n|teampreview|4\n|inactive|Battle timer is ON: inactive players will automatically lose when time's up. (requested by FUCYOSHUCKLE)\n|inactive|filthytrashgoblin also wants the timer to be on.\nfilthytrashgoblin has agreed to open team sheets.\n|\n|t:|1699731713\n|start\n|switch|p1a: head|Heatran, L50, M|100\/100\n|switch|p1b: DOG|Landorus-Therian, L50, M|100\/100\n|switch|p2a: Muk|Muk-Alola, L50, M|100\/100\n|switch|p2b: Gothitelle|Gothitelle, L50, M|100\/100\n|-ability|p1b: DOG|Intimidate|boost\n|-unboost|p2a: Muk|atk|1\n|-unboost|p2b: Gothitelle|atk|1\n|turn|1\n|c|\u2606filthytrashgoblin|ok\n|\n|t:|1699731733\n|-terastallize|p1b: DOG|Flying\n|-terastallize|p2a: Muk|Ghost\n|move|p1b: DOG|Tera Blast|p2b: Gothitelle|[anim] Tera Blast Flying\n|-damage|p2b: Gothitelle|49\/100\n|-enditem|p2b: Gothitelle|Sitrus Berry|[eat]\n|-heal|p2b: Gothitelle|73\/100|[from] item: Sitrus Berry\n|move|p1a: head|Flash Cannon|p2a: Muk\n|-damage|p2a: Muk|54\/100\n|-damage|p1a: head|91\/100|[from] item: Life Orb\n|move|p2b: Gothitelle|Heal Pulse|p2a: Muk\n|-heal|p2a: Muk|100\/100\n|move|p2a: Muk|Minimize|p2a: Muk\n|-boost|p2a: Muk|evasion|2\n|\n|upkeep\n|turn|2\n|inactive|filthytrashgoblin has 30 seconds left.\n|inactive|FUCYOSHUCKLE has 30 seconds left.\n|\n|t:|1699731765\n|move|p1b: DOG|Tera Blast|p2b: Gothitelle|[anim] Tera Blast Flying\n|-damage|p2b: Gothitelle|19\/100\n|move|p1a: head|Earth Power|p2a: Muk\n|-damage|p2a: Muk|64\/100\n|-damage|p1a: head|81\/100|[from] item: Life Orb\n|move|p2b: Gothitelle|Heal Pulse|p2a: Muk\n|-heal|p2a: Muk|100\/100\n|move|p2a: Muk|Minimize|p2a: Muk\n|-boost|p2a: Muk|evasion|2\n|\n|upkeep\n|turn|3\n|c|\u2606filthytrashgoblin|what did shuckle do to you man\n|\n|t:|1699731783\n|move|p1b: DOG|Tera Blast|p2a: Muk|[anim] Tera Blast Flying\n|-damage|p2a: Muk|55\/100\n|move|p1a: head|Earth Power|p2b: Gothitelle\n|-damage|p2b: Gothitelle|0 fnt\n|faint|p2b: Gothitelle\n|-ability|p2a: Muk|Shadow Tag|[from] ability: Power of Alchemy|[of] p2b: Gothitelle\n|-damage|p1a: head|72\/100|[from] item: Life Orb\n|move|p2a: Muk|Minimize|p2a: Muk\n|-boost|p2a: Muk|evasion|2\n|\n|-heal|p2a: Muk|61\/100|[from] item: Leftovers\n|upkeep\n|\n|t:|1699731794\n|switch|p2b: Vivillon|Vivillon-Fancy, L50, F|100\/100\n|turn|4\n|\n|t:|1699731804\n|move|p2b: Vivillon|Protect|p2b: Vivillon\n|-singleturn|p2b: Vivillon|Protect\n|move|p1b: DOG|Tera Blast|p2b: Vivillon|[anim] Tera Blast Flying\n|-activate|p2b: Vivillon|move: Protect\n|move|p1a: head|Heat Wave|p2a: Muk|[spread] p2a\n|-activate|p2b: Vivillon|move: Protect\n|-damage|p2a: Muk|30\/100\n|-damage|p1a: head|62\/100|[from] item: Life Orb\n|move|p2a: Muk|Toxic|p1b: DOG\n|-status|p1b: DOG|tox\n|\n|-heal|p2a: Muk|36\/100|[from] item: Leftovers\n|-damage|p1b: DOG|95\/100 tox|[from] psn\n|upkeep\n|turn|5\n|\n|t:|1699731828\n|move|p2a: Muk|Protect|p2a: Muk\n|-singleturn|p2a: Muk|Protect\n|move|p1b: DOG|Tera Blast|p2b: Vivillon|[anim] Tera Blast Flying\n|-supereffective|p2b: Vivillon\n|-enditem|p2b: Vivillon|Focus Sash\n|-damage|p2b: Vivillon|1\/100\n|move|p2b: Vivillon|Sleep Powder|p1a: head\n|-status|p1a: head|slp|[from] move: Sleep Powder\n|cant|p1a: head|slp\n|\n|-heal|p2a: Muk|42\/100|[from] item: Leftovers\n|-damage|p1b: DOG|83\/100 tox|[from] psn\n|upkeep\n|turn|6\n|\n|t:|1699731852\n|move|p2b: Vivillon|Protect|p2b: Vivillon\n|-singleturn|p2b: Vivillon|Protect\n|move|p1b: DOG|Tera Blast|p2a: Muk|[anim] Tera Blast Flying\n|-damage|p2a: Muk|8\/100\n|-curestatus|p1a: head|slp|[msg]\n|move|p1a: head|Heat Wave|p2a: Muk|[spread] \n|-activate|p2b: Vivillon|move: Protect\n|-miss|p1a: head|p2a: Muk\n|move|p2a: Muk|Minimize|p2a: Muk\n|-boost|p2a: Muk|evasion|0\n|\n|-heal|p2a: Muk|14\/100|[from] item: Leftovers\n|-damage|p1b: DOG|66\/100 tox|[from] psn\n|upkeep\n|turn|7\n|\n|t:|1699731868\n|move|p2b: Vivillon|Rage Powder|p2b: Vivillon\n|-singleturn|p2b: Vivillon|move: Rage Powder\n|move|p1b: DOG|Tera Blast|p2b: Vivillon|[anim] Tera Blast Flying\n|-supereffective|p2b: Vivillon\n|-damage|p2b: Vivillon|0 fnt\n|faint|p2b: Vivillon\n|move|p1a: head|Heat Wave|p2a: Muk|[miss]\n|-miss|p1a: head|p2a: Muk\n|move|p2a: Muk|Minimize|p2a: Muk\n|-boost|p2a: Muk|evasion|0\n|\n|-heal|p2a: Muk|20\/100|[from] item: Leftovers\n|-damage|p1b: DOG|43\/100 tox|[from] psn\n|upkeep\n|\n|t:|1699731881\n|switch|p2b: Sylveon|Sylveon, L50, F|100\/100\n|turn|8\n|\n|t:|1699731893\n|move|p2a: Muk|Protect|p2a: Muk\n|-singleturn|p2a: Muk|Protect\n|move|p1b: DOG|Tera Blast|p2a: Muk|[anim] Tera Blast Flying\n|-activate|p2a: Muk|move: Protect\n|move|p1a: head|Flash Cannon|p2b: Sylveon\n|-supereffective|p2b: Sylveon\n|-damage|p2b: Sylveon|27\/100\n|-damage|p1a: head|53\/100|[from] item: Life Orb\n|move|p2b: Sylveon|Psych Up|p2a: Muk\n|-copyboost|p2b: Sylveon|p2a: Muk|[from] move: Psych Up\n|\n|-damage|p2b: Sylveon|15\/100|[from] item: Black Sludge\n|-heal|p2a: Muk|26\/100|[from] item: Leftovers\n|-damage|p1b: DOG|14\/100 tox|[from] psn\n|upkeep\n|turn|9\n|\n|t:|1699731909\n|move|p2a: Muk|Protect||[still]\n|-fail|p2a: Muk\n|move|p1b: DOG|Tera Blast|p2a: Muk|[anim] Tera Blast Flying\n|-damage|p2a: Muk|0 fnt\n|faint|p2a: Muk\n|move|p1a: head|Heat Wave|p2b: Sylveon\n|-damage|p2b: Sylveon|0 fnt\n|faint|p2b: Sylveon\n|-damage|p1a: head|43\/100|[from] item: Life Orb\n|\n|win|filthytrashgoblin\n|raw|filthytrashgoblin's rating: 1136 &rarr; <strong>1163<\/strong><br \/>(+27 for winning)\n|raw|FUCYOSHUCKLE's rating: 1158 &rarr; <strong>1131<\/strong><br \/>(-27 for losing)\n","uploadtime":1699731920,"views":19,"p1id":"filthytrashgoblin","p2id":"fucyoshuckle","formatid":"gen9vgc2023regulatione","rating":1131,"private":0,"password":""}