{"id":"gen9vgc2023regulatione-2000331466","p1":"kbzn_","p2":"mad skwovet","format":"[Gen 9] VGC 2023 Regulation E","log":"|j|\u2606kbzn_\n|j|\u2606mad skwovet\n|t:|1701185657\n|gametype|doubles\n|player|p1|kbzn_|infielder|1341\n|player|p2|mad skwovet|pokemaniac|1332\n|teamsize|p1|6\n|teamsize|p2|6\n|gen|9\n|tier|[Gen 9] VGC 2023 Regulation E\n|rated|\n|rule|Species Clause: Limit one of each Pok\u00e9mon\n|rule|Item Clause: Limit one of each item\n|clearpoke\n|poke|p1|Iron Bundle, L50|\n|poke|p1|Arcanine-Hisui, L50, M|\n|poke|p1|Kingambit, L50, F|\n|poke|p1|Gholdengo, L50|\n|poke|p1|Iron Hands, L50|\n|poke|p1|Ogerpon-Wellspring, L50, F|\n|poke|p2|Barraskewda, L50, F|\n|poke|p2|Pelipper, L50, F|\n|poke|p2|Farigiraf, L50, F|\n|poke|p2|Ogerpon, L50, F|\n|poke|p2|Iron Hands, L50|\n|poke|p2|Landorus-Therian, L50, M|\n|teampreview|4\n|inactive|Battle timer is ON: inactive players will automatically lose when time's up. (requested by kbzn_)\n|inactive|kbzn_ has 60 seconds left.\n|\n|t:|1701185689\n|start\n|switch|p1a: Ogerpon|Ogerpon-Wellspring, L50, F|100\/100\n|switch|p1b: Iron Bundle|Iron Bundle, L50|100\/100\n|switch|p2a: Barraskewda|Barraskewda, L50, F|100\/100\n|switch|p2b: Pelipper|Pelipper, L50, F|100\/100\n|-weather|RainDance|[from] ability: Drizzle|[of] p2b: Pelipper\n|-enditem|p1b: Iron Bundle|Booster Energy\n|-activate|p1b: Iron Bundle|ability: Quark Drive|[fromitem]\n|-start|p1b: Iron Bundle|quarkdrivespe\n|turn|1\n|inactive|mad skwovet has 30 seconds left.\n|inactive|mad skwovet has 20 seconds left.\n|inactive|mad skwovet has 15 seconds left.\n|inactive|mad skwovet has 10 seconds left.\n|\n|t:|1701185738\n|switch|p2b: Iron Hands|Iron Hands, L50|100\/100\n|move|p1a: Ogerpon|Spiky Shield|p1a: Ogerpon\n|-singleturn|p1a: Ogerpon|move: Protect\n|move|p2a: Barraskewda|Close Combat|p1b: Iron Bundle\n|-supereffective|p1b: Iron Bundle\n|-damage|p1b: Iron Bundle|0 fnt\n|-unboost|p2a: Barraskewda|def|1\n|-unboost|p2a: Barraskewda|spd|1\n|faint|p1b: Iron Bundle\n|-end|p1b: Iron Bundle|Quark Drive|[silent]\n|\n|-weather|RainDance|[upkeep]\n|upkeep\n|\n|t:|1701185754\n|switch|p1b: Iron Hands|Iron Hands, L50|100\/100\n|turn|2\n|inactive|kbzn_ has 30 seconds left.\n|\n|t:|1701185782\n|switch|p2a: Farigiraf|Farigiraf, L50, F|100\/100\n|-terastallize|p1a: Ogerpon|Water\n|detailschange|p1a: Ogerpon|Ogerpon-Wellspring-Tera, L50, F, tera:Water\n|-ability|p1a: Ogerpon|Embody Aspect (Wellspring)|boost\n|-boost|p1a: Ogerpon|spd|1\n|move|p1a: Ogerpon|Ivy Cudgel|p2b: Iron Hands|[anim] Ivy Cudgel Water\n|-damage|p2b: Iron Hands|16\/100\n|move|p2b: Iron Hands|Volt Switch|p1a: Ogerpon\n|-supereffective|p1a: Ogerpon\n|-damage|p1a: Ogerpon|83\/100\n|\n|t:|1701185797\n|-end|p2b: Iron Hands|Quark Drive|[silent]\n|switch|p2b: Pelipper|Pelipper, L50, F|100\/100|[from] Volt Switch\n|move|p1b: Iron Hands|Wild Charge|p2a: Farigiraf\n|-damage|p2a: Farigiraf|61\/100\n|-damage|p1b: Iron Hands|91\/100|[from] Recoil\n|\n|-weather|RainDance|[upkeep]\n|upkeep\n|turn|3\n|inactive|mad skwovet has 30 seconds left.\n|\n|t:|1701185827\n|move|p2a: Farigiraf|Helping Hand|p2b: Pelipper\n|-singleturn|p2b: Pelipper|Helping Hand|[of] p2a: Farigiraf\n|move|p1a: Ogerpon|Knock Off|p2a: Farigiraf\n|-supereffective|p2a: Farigiraf\n|-damage|p2a: Farigiraf|4\/100\n|-enditem|p2a: Farigiraf|Sitrus Berry|[from] move: Knock Off|[of] p1a: Ogerpon\n|move|p2b: Pelipper|Weather Ball|p1b: Iron Hands\n|-damage|p1b: Iron Hands|32\/100\n|move|p1b: Iron Hands|Wild Charge|p2b: Pelipper\n|-supereffective|p2b: Pelipper\n|-enditem|p2b: Pelipper|Focus Sash\n|-damage|p2b: Pelipper|1\/100\n|-damage|p1b: Iron Hands|18\/100|[from] Recoil\n|\n|-weather|RainDance|[upkeep]\n|upkeep\n|turn|4\n|inactive|kbzn_ has 30 seconds left.\n|\n|t:|1701185861\n|switch|p2b: Iron Hands|Iron Hands, L50|16\/100\n|move|p1a: Ogerpon|Spiky Shield|p1a: Ogerpon\n|-singleturn|p1a: Ogerpon|move: Protect\n|move|p2a: Farigiraf|Dazzling Gleam|p1b: Iron Hands|[spread] p1b\n|-activate|p1a: Ogerpon|move: Protect\n|-supereffective|p1b: Iron Hands\n|-damage|p1b: Iron Hands|2\/100\n|move|p1b: Iron Hands|Wild Charge|p2b: Iron Hands\n|-resisted|p2b: Iron Hands\n|-damage|p2b: Iron Hands|0 fnt\n|faint|p2b: Iron Hands\n|-end|p2b: Iron Hands|Quark Drive|[silent]\n|-damage|p1b: Iron Hands|0 fnt|[from] Recoil\n|faint|p1b: Iron Hands\n|-end|p1b: Iron Hands|Quark Drive|[silent]\n|\n|-weather|RainDance|[upkeep]\n|upkeep\n|\n|t:|1701185875\n|switch|p2b: Barraskewda|Barraskewda, L50, F|100\/100\n|switch|p1b: Gholdengo|Gholdengo, L50|100\/100\n|turn|5\n|inactive|mad skwovet has 30 seconds left.\n|\n|t:|1701185906\n|move|p2a: Farigiraf|Helping Hand|p2b: Barraskewda\n|-singleturn|p2b: Barraskewda|Helping Hand|[of] p2a: Farigiraf\n|move|p2b: Barraskewda|Liquidation|p1a: Ogerpon\n|-resisted|p1a: Ogerpon\n|-damage|p1a: Ogerpon|9\/100\n|-unboost|p1a: Ogerpon|def|1\n|move|p1a: Ogerpon|Ivy Cudgel|p2b: Barraskewda|[anim] Ivy Cudgel Water\n|-resisted|p2b: Barraskewda\n|-damage|p2b: Barraskewda|0 fnt\n|faint|p2b: Barraskewda\n|move|p1b: Gholdengo|Make It Rain|p2a: Farigiraf\n|-crit|p2a: Farigiraf\n|-damage|p2a: Farigiraf|0 fnt\n|-unboost|p1b: Gholdengo|spa|1\n|faint|p2a: Farigiraf\n|\n|-weather|none\n|upkeep\n|\n|t:|1701185920\n|switch|p2b: Pelipper|Pelipper, L50, F|1\/100\n|-weather|RainDance|[from] ability: Drizzle|[of] p2b: Pelipper\n|turn|6\n|\n|t:|1701185933\n|move|p1a: Ogerpon|Follow Me|p1a: Ogerpon\n|-singleturn|p1a: Ogerpon|move: Follow Me\n|move|p2b: Pelipper|Tailwind|p2b: Pelipper\n|-sidestart|p2: mad skwovet|move: Tailwind\n|move|p1b: Gholdengo|Make It Rain|p2b: Pelipper\n|-resisted|p2b: Pelipper\n|-damage|p2b: Pelipper|0 fnt\n|-unboost|p1b: Gholdengo|spa|1\n|faint|p2b: Pelipper\n|\n|win|kbzn_\n|raw|kbzn_'s rating: 1341 &rarr; <strong>1360<\/strong><br \/>(+19 for winning)\n|raw|mad skwovet's rating: 1332 &rarr; <strong>1313<\/strong><br \/>(-19 for losing)\n|l|\u2606mad skwovet\n","uploadtime":1701185947,"views":13,"p1id":"kbzn","p2id":"madskwovet","formatid":"gen9vgc2023regulatione","rating":1313,"private":0,"password":""}