{"id":"gen9vgc2023regulatione-1994701678","p1":"Gaboswampert","p2":"crace1345","format":"[Gen 9] VGC 2023 Regulation E","log":"|j|\u2606Gaboswampert\n|j|\u2606crace1345\n|t:|1700483119\n|gametype|doubles\n|player|p1|Gaboswampert|psychic-lgpe|\n|player|p2|crace1345|dawn|\n|teamsize|p1|6\n|teamsize|p2|6\n|gen|9\n|tier|[Gen 9] VGC 2023 Regulation E\n|rule|Species Clause: Limit one of each Pok\u00e9mon\n|rule|Item Clause: Limit one of each item\n|clearpoke\n|poke|p1|Ogerpon-Wellspring, L50, F|\n|poke|p1|Tornadus, L50, M|\n|poke|p1|Salamence, L50, F|\n|poke|p1|Flutter Mane, L50|\n|poke|p1|Iron Hands, L50|\n|poke|p1|Kingambit, L50, M|\n|poke|p2|Rillaboom, L50, M|\n|poke|p2|Ogerpon-Wellspring, L50, F|\n|poke|p2|Chien-Pao, L50|\n|poke|p2|Flutter Mane, L50|\n|poke|p2|Zapdos-Galar, L50|\n|poke|p2|Arcanine-Hisui, L50, M|\n|teampreview|4\nGaboswampert has agreed to open team sheets.\ncrace1345 has agreed to open team sheets.\n|showteam|p1|Ogerpon-Wellspring||WellspringMask|WaterAbsorb|SwordsDance,IvyCudgel,HornLeech,SpikyShield|||F|||50|,,,,,Water]Tornadus||CovertCloak|Prankster|Tailwind,Taunt,BleakwindStorm,Protect|||M|||50|,,,,,Grass]Salamence||Leftovers|Intimidate|DracoMeteor,Hurricane,Roost,Protect|||F|||50|,,,,,Poison]Flutter Mane||ChoiceScarf|Protosynthesis|DazzlingGleam,Moonblast,ShadowBall,Psyshock||||||50|,,,,,Fairy]Iron Hands||AssaultVest|QuarkDrive|WildCharge,FakeOut,HeavySlam,VoltSwitch||||||50|,,,,,Flying]Kingambit||LumBerry|Defiant|Protect,KowtowCleave,SuckerPunch,IronHead|||M|||50|,,,,,Flying\n|showteam|p2|Rillaboom||MeadowPlate|GrassySurge|GrassyGlide,FakeOut,WoodHammer,Taunt|||M|||50|,,,,,Steel]Ogerpon-Wellspring||WellspringMask|WaterAbsorb|IvyCudgel,HornLeech,FollowMe,SpikyShield|||F|||50|,,,,,Water]Chien-Pao||FocusSash|SwordofRuin|SuckerPunch,IcicleCrash,SacredSword,Protect||||||50|,,,,,Ghost]Flutter Mane||ChoiceSpecs|Protosynthesis|ShadowBall,DazzlingGleam,Moonblast,PowerGem||||||50|,,,,,Fairy]Zapdos-Galar||ChoiceScarf|Defiant|BraveBird,ThunderousKick,KnockOff,CloseCombat||||||50|,,,,,Ghost]Arcanine-Hisui||SitrusBerry|Intimidate|RockSlide,FlareBlitz,ExtremeSpeed,WillOWisp|||M|||50|,,,,,Water\n|\n|t:|1700483260\n|start\n|switch|p1a: Tornadus|Tornadus, L50, M|100\/100\n|switch|p1b: Ogerpon|Ogerpon-Wellspring, L50, F|100\/100\n|switch|p2a: Flutter Mane|Flutter Mane, L50|100\/100\n|switch|p2b: Maxichango|Rillaboom, L50, M|100\/100\n|-fieldstart|move: Grassy Terrain|[from] ability: Grassy Surge|[of] p2b: Maxichango\n|turn|1\n|\n|t:|1700483294\n|move|p1b: Ogerpon|Spiky Shield|p1b: Ogerpon\n|-singleturn|p1b: Ogerpon|move: Protect\n|move|p2b: Maxichango|Fake Out|p1b: Ogerpon\n|-activate|p1b: Ogerpon|move: Protect\n|-damage|p2b: Maxichango|88\/100|[from] Spiky Shield|[of] p1b: Ogerpon\n|move|p1a: Tornadus|Tailwind|p1a: Tornadus\n|-sidestart|p1: Gaboswampert|move: Tailwind\n|move|p2a: Flutter Mane|Power Gem|p1a: Tornadus\n|-supereffective|p1a: Tornadus\n|-damage|p1a: Tornadus|5\/100\n|\n|-heal|p2b: Maxichango|94\/100|[from] Grassy Terrain\n|upkeep\n|turn|2\n|\n|t:|1700483360\n|switch|p1a: Kingambit|Kingambit, L50, M|100\/100\n|-end|p2a: Flutter Mane|Protosynthesis|[silent]\n|switch|p2a: Water No|Ogerpon-Wellspring, L50, F|100\/100\n|move|p2b: Maxichango|Grassy Glide|p1a: Kingambit\n|-resisted|p1a: Kingambit\n|-damage|p1a: Kingambit|80\/100\n|move|p1b: Ogerpon|Swords Dance|p1b: Ogerpon\n|-boost|p1b: Ogerpon|atk|2\n|\n|-heal|p1a: Kingambit|86\/100|[from] Grassy Terrain\n|-heal|p2b: Maxichango|100\/100|[from] Grassy Terrain\n|upkeep\n|turn|3\n|\n|t:|1700483411\n|move|p2a: Water No|Spiky Shield|p2a: Water No\n|-singleturn|p2a: Water No|move: Protect\n|move|p1b: Ogerpon|Ivy Cudgel|p2b: Maxichango|[anim] Ivy Cudgel Water\n|-resisted|p2b: Maxichango\n|-damage|p2b: Maxichango|46\/100\n|move|p1a: Kingambit|Kowtow Cleave|p2a: Water No\n|-activate|p2a: Water No|move: Protect\n|-damage|p1a: Kingambit|74\/100|[from] Spiky Shield|[of] p2a: Water No\n|move|p2b: Maxichango|Wood Hammer|p1b: Ogerpon\n|-damage|p1b: Ogerpon|0 fnt\n|faint|p1b: Ogerpon\n|-damage|p2b: Maxichango|20\/100|[from] Recoil\n|\n|-heal|p1a: Kingambit|80\/100|[from] Grassy Terrain\n|-heal|p2b: Maxichango|26\/100|[from] Grassy Terrain\n|upkeep\n|\n|t:|1700483428\n|switch|p1b: Iron Hands|Iron Hands, L50|100\/100\n|turn|4\n|\n|t:|1700483467\n|move|p2a: Water No|Follow Me|p2a: Water No\n|-singleturn|p2a: Water No|move: Follow Me\n|move|p1a: Kingambit|Kowtow Cleave|p2a: Water No\n|-damage|p2a: Water No|34\/100\n|move|p1b: Iron Hands|Heavy Slam|p2a: Water No\n|-resisted|p2a: Water No\n|-damage|p2a: Water No|7\/100\n|move|p2b: Maxichango|Wood Hammer|p1b: Iron Hands\n|-damage|p1b: Iron Hands|27\/100\n|-damage|p2b: Maxichango|0 fnt|[from] Recoil\n|faint|p2b: Maxichango\n|\n|-heal|p2a: Water No|13\/100|[from] Grassy Terrain\n|-heal|p1b: Iron Hands|33\/100|[from] Grassy Terrain\n|-heal|p1a: Kingambit|86\/100|[from] Grassy Terrain\n|-sideend|p1: Gaboswampert|move: Tailwind\n|upkeep\n|\n|t:|1700483487\n|switch|p2b: Arcanine|Arcanine-Hisui, L50, M|100\/100\n|-ability|p2b: Arcanine|Intimidate|boost\n|-unboost|p1a: Kingambit|atk|1\n|-ability|p1a: Kingambit|Defiant|boost\n|-boost|p1a: Kingambit|atk|2\n|-unboost|p1b: Iron Hands|atk|1\n|turn|5\n|\n|t:|1700483565\n|-terastallize|p2b: Arcanine|Water\n|move|p2a: Water No|Spiky Shield|p2a: Water No\n|-singleturn|p2a: Water No|move: Protect\n|move|p1a: Kingambit|Sucker Punch||[still]\n|-fail|p1a: Kingambit\n|move|p2b: Arcanine|Flare Blitz|p1b: Iron Hands\n|-damage|p1b: Iron Hands|0 fnt\n|faint|p1b: Iron Hands\n|-end|p1b: Iron Hands|Quark Drive|[silent]\n|-damage|p2b: Arcanine|89\/100|[from] Recoil\n|\n|-heal|p2a: Water No|19\/100|[from] Grassy Terrain\n|-heal|p2b: Arcanine|95\/100|[from] Grassy Terrain\n|-heal|p1a: Kingambit|93\/100|[from] Grassy Terrain\n|-fieldend|move: Grassy Terrain\n|upkeep\n|\n|t:|1700483575\n|switch|p1b: Tornadus|Tornadus, L50, M|5\/100\n|turn|6\n|\n|t:|1700483652\n|-terastallize|p1a: Kingambit|Flying\n|move|p1b: Tornadus|Taunt|p2b: Arcanine\n|-start|p2b: Arcanine|move: Taunt\n|move|p2a: Water No|Ivy Cudgel|p1a: Kingambit|[anim] Ivy Cudgel Water\n|-damage|p1a: Kingambit|36\/100\n|move|p2b: Arcanine|Rock Slide|p1b: Tornadus|[spread] p1b\n|-miss|p2b: Arcanine|p1a: Kingambit\n|-supereffective|p1b: Tornadus\n|-damage|p1b: Tornadus|0 fnt\n|faint|p1b: Tornadus\n|move|p1a: Kingambit|Kowtow Cleave|p2b: Arcanine\n|-damage|p2b: Arcanine|30\/100\n|-enditem|p2b: Arcanine|Sitrus Berry|[eat]\n|-heal|p2b: Arcanine|55\/100|[from] item: Sitrus Berry\n|\n|upkeep\n|turn|7\n|\n|t:|1700483681\n|move|p1a: Kingambit|Sucker Punch|p2a: Water No\n|-damage|p2a: Water No|0 fnt\n|faint|p2a: Water No\n|move|p2b: Arcanine|Flare Blitz|p1a: Kingambit\n|-damage|p1a: Kingambit|0 fnt\n|faint|p1a: Kingambit\n|-damage|p2b: Arcanine|45\/100|[from] Recoil\n|\n|win|crace1345\n","uploadtime":1700483689,"views":13,"p1id":"gaboswampert","p2id":"crace1345","formatid":"gen9vgc2023regulatione","rating":0,"private":0,"password":""}