{"id":"gen9vgc2023regulatione-1995181715","p1":"Xanej","p2":"Jayanni","format":"[Gen 9] VGC 2023 Regulation E","log":"|j|\u2606Xanej\n|j|\u2606Jayanni\n|n|\u2606Xanej|xanej\n|n|\u2606Jayanni|jayanni\n|html|View the match progress at <a href=\"\/game-bestof3-gen9vgc2023regulatione-1995176841\">game-bestof3-gen9vgc2023regulatione-1995176841<\/a>\n|t:|1700531737\n|gametype|doubles\n|player|p1|Xanej|102|\n|player|p2|Jayanni|102|\n|teamsize|p1|6\n|teamsize|p2|6\n|gen|9\n|tier|[Gen 9] VGC 2023 Regulation E\n|rule|Species Clause: Limit one of each Pok\u00e9mon\n|rule|Item Clause: Limit one of each item\n|clearpoke\n|poke|p1|Arcanine-Hisui, L50, M|\n|poke|p1|Corviknight, L50, F|\n|poke|p1|Maushold-Four, L50|\n|poke|p1|Moltres-Galar, L50|\n|poke|p1|Ogerpon-Cornerstone, L50, F|\n|poke|p1|Vaporeon, L50, F|\n|poke|p2|Trevenant, L50, M|\n|poke|p2|Dragalge, L50, F|\n|poke|p2|Gliscor, L50, M|\n|poke|p2|Umbreon, L50, F|\n|poke|p2|Mismagius, L50, M|\n|poke|p2|Magnezone, L50|\n|teampreview|4\nXanej has agreed to open team sheets.\n|j| Loneleon\nJayanni has agreed to open team sheets.\n|showteam|p1|Arcanine-Hisui||AssaultVest|Intimidate|RockSlide,FlareBlitz,ExtremeSpeed,Snarl|||M|||50|,,,,,Normal]Corviknight||Leftovers|MirrorArmor|Roost,BulkUp,BraveBird,BodyPress|||F|||50|,,,,,Dragon]Maushold-Four||AguavBerry|FriendGuard|Protect,FollowMe,Taunt,SuperFang||||||50|,,,,,Ghost]Moltres-Galar||SitrusBerry|Berserk|FieryWrath,AirSlash,NastyPlot,Protect||||||50|,,,,,Dark]Ogerpon-Cornerstone||CornerstoneMask|Sturdy|SpikyShield,FocusEnergy,KnockOff,IvyCudgel|||F|||50|,,,,,Rock]Vaporeon||LifeOrb|WaterAbsorb|Protect,Haze,IceBeam,MuddyWater|||F|||50|,,,,,Ice\n|showteam|p2|Trevenant||SitrusBerry|Harvest|TrickRoom,HornLeech,Protect,KnockOff|||M|||50|,,,,,Normal]Dragalge||LifeOrb|Adaptability|SludgeBomb,DracoMeteor,RainDance,Protect|||F|||50|,,,,,Normal]Gliscor||ToxicOrb|PoisonHeal|SwordsDance,BrickBreak,HighHorsepower,RockSlide|||M|||50|,,,,,Fairy]Umbreon||Leftovers|InnerFocus|Crunch,Curse,Moonlight,Toxic|||F|||50|,,,,,Fire]Mismagius||SpellTag|Levitate|DarkPulse,Hex,FakeTears,MysticalFire|||M|||50|,,,,,Ghost]Magnezone||ZapPlate|Sturdy|VoltSwitch,Protect,LightScreen,Thunder||||||50|,,,,,Fire\n|j| Snowfly96\n|\n|t:|1700531791\n|start\n|switch|p1a: Yamato|Ogerpon-Cornerstone, L50, F|100\/100\n|switch|p1b: Te\u00f1oz|Maushold-Four, L50|100\/100\n|switch|p2a: Treva|Trevenant, L50, M, shiny|100\/100\n|switch|p2b: Mister|Dragalge, L50, F, shiny|100\/100\n|turn|1\n|\n|t:|1700531827\n|switch|p1a: Dogstorm|Arcanine-Hisui, L50, M|100\/100\n|-ability|p1a: Dogstorm|Intimidate|boost\n|-unboost|p2a: Treva|atk|1\n|-unboost|p2b: Mister|atk|1\n|move|p1b: Te\u00f1oz|Taunt|p2a: Treva\n|-start|p2a: Treva|move: Taunt\n|move|p2a: Treva|Knock Off|p1a: Dogstorm\n|-damage|p1a: Dogstorm|87\/100\n|-enditem|p1a: Dogstorm|Assault Vest|[from] move: Knock Off|[of] p2a: Treva\n|move|p2b: Mister|Rain Dance|p2b: Mister\n|-weather|RainDance\n|\n|-weather|RainDance|[upkeep]\n|upkeep\n|turn|2\n|\n|t:|1700531869\n|switch|p2a: Magnezone|Magnezone, L50, shiny|100\/100\n|move|p1b: Te\u00f1oz|Super Fang|p2b: Mister|[miss]\n|-miss|p1b: Te\u00f1oz|p2b: Mister\n|move|p1a: Dogstorm|Snarl|p2a: Magnezone|[spread] p2a,p2b\n|-damage|p2a: Magnezone|91\/100\n|-damage|p2b: Mister|94\/100\n|-unboost|p2a: Magnezone|spa|1\n|-unboost|p2b: Mister|spa|1\n|move|p2b: Mister|Sludge Bomb|p1b: Te\u00f1oz\n|-damage|p1b: Te\u00f1oz|39\/100\n|-damage|p2b: Mister|84\/100|[from] item: Life Orb\n|\n|-weather|RainDance|[upkeep]\n|upkeep\n|turn|3\n|\n|t:|1700531890\n|switch|p2b: Treva|Trevenant, L50, M, shiny|100\/100\n|-terastallize|p2a: Magnezone|Fire\n|move|p1b: Te\u00f1oz|Super Fang|p2a: Magnezone\n|-damage|p2a: Magnezone|46\/100\n|move|p1a: Dogstorm|Snarl|p2a: Magnezone|[spread] p2a,p2b\n|-supereffective|p2b: Treva\n|-damage|p2a: Magnezone|36\/100\n|-damage|p2b: Treva|85\/100\n|-unboost|p2a: Magnezone|spa|1\n|-unboost|p2b: Treva|spa|1\n|move|p2a: Magnezone|Thunder|p1a: Dogstorm\n|-damage|p1a: Dogstorm|55\/100\n|-status|p1a: Dogstorm|par\n|\n|-weather|RainDance|[upkeep]\n|upkeep\n|turn|4\n|\n|t:|1700531910\n|move|p2a: Magnezone|Protect|p2a: Magnezone\n|-singleturn|p2a: Magnezone|Protect\n|move|p1b: Te\u00f1oz|Taunt|p2b: Treva\n|-start|p2b: Treva|move: Taunt\n|move|p1a: Dogstorm|Rock Slide|p2a: Magnezone|[spread] p2b\n|-activate|p2a: Magnezone|move: Protect\n|-damage|p2b: Treva|58\/100\n|cant|p2b: Treva|move: Taunt|Trick Room\n|\n|-weather|RainDance|[upkeep]\n|upkeep\n|turn|5\n|\n|t:|1700531934\n|switch|p2b: Mister|Dragalge, L50, F, shiny|84\/100\n|move|p1b: Te\u00f1oz|Follow Me|p1b: Te\u00f1oz\n|-singleturn|p1b: Te\u00f1oz|move: Follow Me\n|move|p2a: Magnezone|Volt Switch|p1b: Te\u00f1oz\n|-damage|p1b: Te\u00f1oz|7\/100\n|-enditem|p1b: Te\u00f1oz|Aguav Berry|[eat]\n|-heal|p1b: Te\u00f1oz|40\/100|[from] item: Aguav Berry\n|\n|t:|1700531943\n|switch|p2a: Mismagius|Mismagius, L50, M, shiny|100\/100|[from] Volt Switch\n|move|p1a: Dogstorm|Rock Slide|p2b: Mister|[spread] p2a,p2b\n|-damage|p2a: Mismagius|50\/100\n|-damage|p2b: Mister|49\/100\n|\n|-weather|none\n|upkeep\n|turn|6\n|\n|t:|1700531964\n|move|p1b: Te\u00f1oz|Taunt|p2a: Mismagius\n|-start|p2a: Mismagius|move: Taunt\n|move|p2a: Mismagius|Hex|p1a: Dogstorm\n|-damage|p1a: Dogstorm|2\/100 par\n|cant|p1a: Dogstorm|par\n|move|p2b: Mister|Sludge Bomb|p1b: Te\u00f1oz\n|-damage|p1b: Te\u00f1oz|0 fnt\n|faint|p1b: Te\u00f1oz\n|-damage|p2b: Mister|39\/100|[from] item: Life Orb\n|\n|upkeep\n|\n|t:|1700531975\n|switch|p1b: Yamato|Ogerpon-Cornerstone, L50, F|100\/100\n|turn|7\n|\n|t:|1700531997\n|move|p1a: Dogstorm|Extreme Speed|p2b: Mister\n|-damage|p2b: Mister|7\/100\n|move|p1b: Yamato|Knock Off|p2a: Mismagius\n|-supereffective|p2a: Mismagius\n|-damage|p2a: Mismagius|0 fnt\n|-enditem|p2a: Mismagius|Spell Tag|[from] move: Knock Off|[of] p1b: Yamato\n|faint|p2a: Mismagius\n|move|p2b: Mister|Sludge Bomb|p1b: Yamato\n|-damage|p1b: Yamato|19\/100\n|-damage|p2b: Mister|0 fnt|[from] item: Life Orb\n|faint|p2b: Mister\n|\n|upkeep\n|\n|t:|1700532011\n|switch|p2a: Treva|Trevenant, L50, M, shiny|58\/100\n|switch|p2b: Magnezone|Magnezone, L50, shiny, tera:Fire|36\/100\n|turn|8\n|\n|t:|1700532029\n|move|p2b: Magnezone|Protect|p2b: Magnezone\n|-singleturn|p2b: Magnezone|Protect\n|move|p1a: Dogstorm|Extreme Speed|p2b: Magnezone\n|-activate|p2b: Magnezone|move: Protect\n|move|p1b: Yamato|Knock Off|p2a: Treva\n|-supereffective|p2a: Treva\n|-damage|p2a: Treva|0 fnt\n|-enditem|p2a: Treva|Sitrus Berry|[from] move: Knock Off|[of] p1b: Yamato\n|faint|p2a: Treva\n|\n|upkeep\n|turn|9\n|\n|t:|1700532042\n|move|p1a: Dogstorm|Extreme Speed|p2b: Magnezone\n|-damage|p2b: Magnezone|7\/100\n|move|p1b: Yamato|Ivy Cudgel|p2b: Magnezone|[anim] Ivy Cudgel Rock\n|-supereffective|p2b: Magnezone\n|-crit|p2b: Magnezone\n|-damage|p2b: Magnezone|0 fnt\n|faint|p2b: Magnezone\n|\n|win|Xanej\n|l|\u2606Xanej\n|j|\u2606Xanej\n|player|p1|Xanej|102\n","uploadtime":1700532052,"views":14,"p1id":"xanej","p2id":"jayanni","formatid":"gen9vgc2023regulatione","rating":0,"private":0,"password":""}