{"id":"gen9vgc2023regulatione-1992710821","p1":"Geist91","p2":"Fenrirshadow","format":"[Gen 9] VGC 2023 Regulation E","log":"|j|\u2606Geist91\n|j|\u2606Fenrirshadow\n|t:|1700227943\n|gametype|doubles\n|player|p1|Geist91|lucas|1198\n|player|p2|Fenrirshadow|acetrainer-gen4dp|1190\n|teamsize|p1|6\n|teamsize|p2|6\n|gen|9\n|tier|[Gen 9] VGC 2023 Regulation E\n|rated|\n|rule|Species Clause: Limit one of each Pok\u00e9mon\n|rule|Item Clause: Limit one of each item\n|clearpoke\n|poke|p1|Clefable, L50, F|\n|poke|p1|Stantler, L50, M|\n|poke|p1|Hydreigon, L50, F|\n|poke|p1|Espathra, L50, F|\n|poke|p1|Flutter Mane, L50|\n|poke|p1|Urshifu-*, L50, F|\n|poke|p2|Heatran, L50, M|\n|poke|p2|Urshifu-*, L50, M|\n|poke|p2|Kommo-o, L50, F|\n|poke|p2|Amoonguss, L50, M|\n|poke|p2|Grimmsnarl, L50, M|\n|poke|p2|Landorus-Therian, L50, M|\n|teampreview|4\nFenrirshadow rejected open team sheets.\n|inactive|Battle timer is ON: inactive players will automatically lose when time's up. (requested by Fenrirshadow)\n|\n|t:|1700227997\n|start\n|switch|p1a: Stantler|Stantler, L50, M|100\/100\n|switch|p1b: Clefable|Clefable, L50, F|100\/100\n|switch|p2a: Amoonguss|Amoonguss, L50, M, shiny|100\/100\n|switch|p2b: Kommo-o|Kommo-o, L50, F|100\/100\n|-ability|p1a: Stantler|Intimidate|boost\n|-unboost|p2a: Amoonguss|atk|1\n|-unboost|p2b: Kommo-o|atk|1\n|turn|1\n|\n|t:|1700228019\n|move|p2b: Kommo-o|Clangorous Soul|p2b: Kommo-o\n|-boost|p2b: Kommo-o|atk|1\n|-boost|p2b: Kommo-o|def|1\n|-boost|p2b: Kommo-o|spa|1\n|-boost|p2b: Kommo-o|spd|1\n|-boost|p2b: Kommo-o|spe|1\n|-damage|p2b: Kommo-o|68\/100\n|-enditem|p2b: Kommo-o|Throat Spray\n|-boost|p2b: Kommo-o|spa|1|[from] item: Throat Spray\n|move|p1a: Stantler|Gravity|p1a: Stantler\n|-fieldstart|move: Gravity\n|move|p1b: Clefable|Sing|p2a: Amoonguss\n|-status|p2a: Amoonguss|slp|[from] move: Sing\n|cant|p2a: Amoonguss|slp\n|\n|upkeep\n|turn|2\n|\n|t:|1700228046\n|move|p2b: Kommo-o|Protect|p2b: Kommo-o\n|-singleturn|p2b: Kommo-o|Protect\n|move|p1b: Clefable|Protect|p1b: Clefable\n|-singleturn|p1b: Clefable|Protect\n|move|p1a: Stantler|Hypnosis|p2b: Kommo-o\n|-activate|p2b: Kommo-o|move: Protect\n|cant|p2a: Amoonguss|slp\n|\n|upkeep\n|turn|3\n|inactive|Fenrirshadow has 30 seconds left.\n|\n|t:|1700228081\n|-terastallize|p2b: Kommo-o|Steel\n|move|p2b: Kommo-o|Flamethrower|p1a: Stantler\n|-damage|p1a: Stantler|67\/100\n|move|p1a: Stantler|Hypnosis|p2b: Kommo-o\n|-status|p2b: Kommo-o|slp|[from] move: Hypnosis\n|move|p1b: Clefable|Blizzard|p2a: Amoonguss|[spread] p2a,p2b\n|-supereffective|p2a: Amoonguss\n|-resisted|p2b: Kommo-o\n|-damage|p2a: Amoonguss|39\/100 slp\n|-damage|p2b: Kommo-o|57\/100 slp\n|cant|p2a: Amoonguss|slp\n|\n|upkeep\n|turn|4\n|\n|t:|1700228103\n|cant|p2b: Kommo-o|slp\n|move|p1b: Clefable|Blizzard|p2a: Amoonguss|[spread] p2a,p2b\n|-supereffective|p2a: Amoonguss\n|-resisted|p2b: Kommo-o\n|-damage|p2a: Amoonguss|0 fnt\n|-damage|p2b: Kommo-o|45\/100 slp\n|faint|p2a: Amoonguss\n|move|p1a: Stantler|Trick Room|p1a: Stantler\n|-fieldstart|move: Trick Room|[of] p1a: Stantler\n|\n|upkeep\n|\n|t:|1700228113\n|switch|p2a: Heatran|Heatran, L50, M|100\/100\n|turn|5\n|\n|t:|1700228131\n|move|p1b: Clefable|Moonblast|p2b: Kommo-o\n|-resisted|p2b: Kommo-o\n|-damage|p2b: Kommo-o|24\/100 slp\n|-unboost|p2b: Kommo-o|spa|1\n|move|p1a: Stantler|Hypnosis|p2a: Heatran\n|-status|p2a: Heatran|slp|[from] move: Hypnosis\n|cant|p2a: Heatran|slp\n|cant|p2b: Kommo-o|slp\n|\n|-fieldend|move: Gravity\n|upkeep\n|turn|6\n|\n|t:|1700228151\n|move|p1b: Clefable|Moonblast|p2b: Kommo-o\n|-resisted|p2b: Kommo-o\n|-damage|p2b: Kommo-o|4\/100 slp\n|-unboost|p2b: Kommo-o|spa|1\n|move|p1a: Stantler|Gravity|p1a: Stantler\n|-fieldstart|move: Gravity\n|cant|p2a: Heatran|slp\n|-curestatus|p2b: Kommo-o|slp|[msg]\n|move|p2b: Kommo-o|Flamethrower|p1b: Clefable\n|-damage|p1b: Clefable|76\/100\n|\n|upkeep\n|turn|7\n|c|\u2606Fenrirshadow|what is this for gay shit\n|inactive|Fenrirshadow has 30 seconds left.\n|\n|t:|1700228177\n|switch|p1a: Urshifu|Urshifu-Rapid-Strike, L50, F|100\/100\n|move|p2b: Kommo-o|Protect|p2b: Kommo-o\n|-singleturn|p2b: Kommo-o|Protect\n|move|p1b: Clefable|Blizzard|p2b: Kommo-o|[spread] p2a\n|-activate|p2b: Kommo-o|move: Protect\n|-resisted|p2a: Heatran\n|-damage|p2a: Heatran|93\/100 slp\n|cant|p2a: Heatran|slp\n|\n|upkeep\n|turn|8\n|\n|t:|1700228203\n|move|p1b: Clefable|Blizzard|p2a: Heatran|[spread] p2a,p2b\n|-resisted|p2a: Heatran\n|-resisted|p2b: Kommo-o\n|-damage|p2a: Heatran|87\/100 slp\n|-damage|p2b: Kommo-o|0 fnt\n|faint|p2b: Kommo-o\n|-curestatus|p2a: Heatran|slp|[msg]\n|move|p2a: Heatran|Heat Wave|p1b: Clefable|[spread] p1a,p1b\n|-resisted|p1a: Urshifu\n|-damage|p1a: Urshifu|61\/100\n|-damage|p1b: Clefable|29\/100\n|-damage|p2a: Heatran|77\/100|[from] item: Life Orb\n|move|p1a: Urshifu|Surging Strikes|p2a: Heatran\n|-supereffective|p2a: Heatran\n|-crit|p2a: Heatran\n|-damage|p2a: Heatran|35\/100\n|-supereffective|p2a: Heatran\n|-crit|p2a: Heatran\n|-damage|p2a: Heatran|0 fnt\n|faint|p2a: Heatran\n|-hitcount|p2: Heatran|2\n|\n|-fieldend|move: Trick Room\n|upkeep\n|\n|t:|1700228226\n|switch|p2b: Urshifu|Urshifu-Rapid-Strike, L50, M|100\/100\n|turn|9\n|\n|t:|1700228243\n|move|p2b: Urshifu|Surging Strikes|p1b: Clefable\n|-crit|p1b: Clefable\n|-damage|p1b: Clefable|4\/100\n|-crit|p1b: Clefable\n|-damage|p1b: Clefable|0 fnt\n|faint|p1b: Clefable\n|-hitcount|p1: Clefable|2\n|move|p1a: Urshifu|Close Combat|p2b: Urshifu\n|-damage|p2b: Urshifu|29\/100\n|-unboost|p1a: Urshifu|def|1\n|-unboost|p1a: Urshifu|spd|1\n|\n|upkeep\n|\n|t:|1700228254\n|switch|p1b: Ohboi|Hydreigon, L50, F|100\/100\n|turn|10\n|\n|t:|1700228262\n|-terastallize|p1b: Ohboi|Poison\n|move|p2b: Urshifu|Surging Strikes|p1b: Ohboi\n|-crit|p1b: Ohboi\n|-damage|p1b: Ohboi|77\/100\n|-crit|p1b: Ohboi\n|-damage|p1b: Ohboi|54\/100\n|-crit|p1b: Ohboi\n|-damage|p1b: Ohboi|28\/100\n|-hitcount|p1b: Ohboi|3\n|move|p1a: Urshifu|Close Combat|p2b: Urshifu\n|-damage|p2b: Urshifu|0 fnt\n|-unboost|p1a: Urshifu|def|1\n|-unboost|p1a: Urshifu|spd|1\n|faint|p2b: Urshifu\n|\n|win|Geist91\n|raw|Geist91's rating: 1198 &rarr; <strong>1222<\/strong><br \/>(+24 for winning)\n|raw|Fenrirshadow's rating: 1190 &rarr; <strong>1166<\/strong><br \/>(-24 for losing)\n","uploadtime":1700228170,"views":10,"p1id":"geist91","p2id":"fenrirshadow","formatid":"gen9vgc2023regulatione","rating":1166,"private":0,"password":""}