{"id":"gen9vgc2023regulatione-1988948692","p1":"Castform Gaming\u2714\ufe0f","p2":"Animod2","format":"[Gen 9] VGC 2023 Regulation E","log":"|j|\u2606Castform Gaming\u2714\ufe0f\n|j|\u2606Animod2\n|n|\u2606Castform Gaming\u2714\ufe0f|castformgaming\n|n|\u2606Animod2|animod2\n|html|View the match progress at <a href=\"\/game-bestof3-gen9vgc2023regulatione-1988947701\">game-bestof3-gen9vgc2023regulatione-1988947701<\/a>\n|t:|1699793008\n|gametype|doubles\n|player|p1|Castform Gaming\u2714\ufe0f|serena-anime|\n|player|p2|Animod2|scientist|\n|teamsize|p1|6\n|teamsize|p2|6\n|gen|9\n|tier|[Gen 9] VGC 2023 Regulation E\n|rated|Tournament battle\n|rule|Species Clause: Limit one of each Pok\u00e9mon\n|rule|Item Clause: Limit one of each item\n|clearpoke\n|poke|p1|Gholdengo, L50|\n|poke|p1|Regidrago, L50|\n|poke|p1|Urshifu-*, L50, F|\n|poke|p1|Rillaboom, L50, M|\n|poke|p1|Farigiraf, L50, F|\n|poke|p1|Tornadus, L50, M|\n|poke|p2|Okidogi, L50, M|\n|poke|p2|Moltres-Galar, L50|\n|poke|p2|Gastrodon, L50, F|\n|poke|p2|Heatran, L50, M|\n|poke|p2|Ninetales-Alola, L50, M|\n|poke|p2|Sinistcha, L50|\n|teampreview|4\n|showteam|p1|Gholdengo||ChoiceSpecs|GoodasGold|MakeItRain,ShadowBall,Thunderbolt,Trick||||||50|,,,,,Steel]Regidrago||DragonFang|DragonsMaw|DragonEnergy,DragonPulse,EarthPower,Protect||||||50|,,,,,Steel]Urshifu-Rapid-Strike||ChoiceScarf|UnseenFist|SurgingStrikes,CloseCombat,AquaJet,Uturn|||F|||50|,,,,,Water]Rillaboom||MiracleSeed|GrassySurge|FakeOut,WoodHammer,GrassyGlide,Protect|||M|||50|,,,,,Grass]Farigiraf||SitrusBerry|ArmorTail|TrickRoom,Imprison,DazzlingGleam,Psychic|||F|||50|,,,,,Grass]Tornadus||MentalHerb|Prankster|Tailwind,BleakwindStorm,RainDance,Taunt|||M|||50|,,,,,Ghost\n|showteam|p2|Okidogi||AssaultVest|GuardDog|DrainPunch,HighHorsepower,GunkShot,KnockOff|||M|||50|,,,,,Fire]Moltres-Galar||SitrusBerry|Berserk|FieryWrath,AirSlash,NastyPlot,Protect||||||50|,,,,,Steel]Gastrodon||LifeOrb|StormDrain|EarthPower,IceBeam,ClearSmog,Protect|||F|||50|,,,,,Poison]Heatran||Leftovers|FlashFire|HeatWave,FlashCannon,EarthPower,Protect|||M|||50|,,,,,Fairy]Ninetales-Alola||LightClay|SnowWarning|AuroraVeil,IcyWind,Moonblast,Encore|||M|||50|,,,,,Ghost]Sinistcha||RockyHelmet|Hospitality|MatchaGotcha,StrengthSap,RagePowder,TrickRoom||||||50|,,,,,Water\n|\n|t:|1699793028\n|start\n|switch|p1a: Urshifu|Urshifu-Rapid-Strike, L50, F|100\/100\n|switch|p1b: Tornadus|Tornadus, L50, M|100\/100\n|switch|p2a: Ninetales|Ninetales-Alola, L50, M|100\/100\n|switch|p2b: Heatran|Heatran, L50, M|100\/100\n|-weather|Snow|[from] ability: Snow Warning|[of] p2a: Ninetales\n|turn|1\n|\n|t:|1699793058\n|-terastallize|p2b: Heatran|Fairy\n|move|p1b: Tornadus|Rain Dance|p1b: Tornadus\n|-weather|RainDance\n|move|p1a: Urshifu|U-turn|p2a: Ninetales\n|-resisted|p2a: Ninetales\n|-damage|p2a: Ninetales|86\/100\n|\n|t:|1699793065\n|switch|p1a: Gholdengo|Gholdengo, L50, shiny|100\/100|[from] U-turn\n|move|p2a: Ninetales|Icy Wind|p1b: Tornadus|[spread] p1a,p1b\n|-resisted|p1a: Gholdengo\n|-supereffective|p1b: Tornadus\n|-damage|p1a: Gholdengo|94\/100\n|-damage|p1b: Tornadus|71\/100\n|-unboost|p1a: Gholdengo|spe|1\n|-unboost|p1b: Tornadus|spe|1\n|move|p2b: Heatran|Flash Cannon|p1b: Tornadus\n|-damage|p1b: Tornadus|27\/100\n|\n|-weather|RainDance|[upkeep]\n|upkeep\n|turn|2\n|\n|t:|1699793097\n|switch|p2b: Gastrodon|Gastrodon, L50, F|100\/100\n|-terastallize|p1a: Gholdengo|Steel\n|move|p1b: Tornadus|Tailwind|p1b: Tornadus\n|-sidestart|p1: Castform Gaming\u2714\ufe0f|move: Tailwind\n|move|p1a: Gholdengo|Make It Rain|p2b: Gastrodon|[spread] p2a,p2b\n|-supereffective|p2a: Ninetales\n|-resisted|p2b: Gastrodon\n|-damage|p2a: Ninetales|0 fnt\n|-damage|p2b: Gastrodon|53\/100\n|-unboost|p1a: Gholdengo|spa|1\n|faint|p2a: Ninetales\n|\n|-weather|RainDance|[upkeep]\n|upkeep\n|\n|t:|1699793123\n|switch|p2a: Moltres|Moltres-Galar, L50|100\/100\n|turn|3\n|\n|t:|1699793136\n|switch|p1a: Urshifu|Urshifu-Rapid-Strike, L50, F|100\/100\n|move|p2b: Gastrodon|Protect|p2b: Gastrodon\n|-singleturn|p2b: Gastrodon|Protect\n|move|p1b: Tornadus|Bleakwind Storm|p2a: Moltres|[spread] p2a\n|-activate|p2b: Gastrodon|move: Protect\n|-damage|p2a: Moltres|76\/100\n|move|p2a: Moltres|Fiery Wrath|p1a: Urshifu|[spread] p1a,p1b\n|-resisted|p1a: Urshifu\n|-damage|p1a: Urshifu|82\/100\n|-damage|p1b: Tornadus|0 fnt\n|faint|p1b: Tornadus\n|\n|-weather|RainDance|[upkeep]\n|upkeep\n|\n|t:|1699793149\n|switch|p1b: Gholdengo|Gholdengo, L50, shiny, tera:Steel|94\/100\n|turn|4\n|\n|t:|1699793171\n|move|p2a: Moltres|Protect|p2a: Moltres\n|-singleturn|p2a: Moltres|Protect\n|move|p1a: Urshifu|Close Combat|p2b: Gastrodon\n|-damage|p2b: Gastrodon|0 fnt\n|-unboost|p1a: Urshifu|def|1\n|-unboost|p1a: Urshifu|spd|1\n|faint|p2b: Gastrodon\n|move|p1b: Gholdengo|Make It Rain|p2a: Moltres\n|-activate|p2a: Moltres|move: Protect\n|\n|-weather|RainDance|[upkeep]\n|upkeep\n|\n|t:|1699793183\n|switch|p2b: Heatran|Heatran, L50, M, tera:Fairy|100\/100\n|turn|5\n|\n|t:|1699793192\n|move|p2b: Heatran|Protect|p2b: Heatran\n|-singleturn|p2b: Heatran|Protect\n|move|p1a: Urshifu|Close Combat|p2a: Moltres\n|-damage|p2a: Moltres|22\/100\n|-unboost|p1a: Urshifu|def|1\n|-unboost|p1a: Urshifu|spd|1\n|-ability|p2a: Moltres|Berserk|boost\n|-boost|p2a: Moltres|spa|1\n|-enditem|p2a: Moltres|Sitrus Berry|[eat]\n|-heal|p2a: Moltres|47\/100|[from] item: Sitrus Berry\n|move|p1b: Gholdengo|Make It Rain|p2a: Moltres|[spread] p2a\n|-activate|p2b: Heatran|move: Protect\n|-damage|p2a: Moltres|0 fnt\n|-unboost|p1b: Gholdengo|spa|1\n|faint|p2a: Moltres\n|\n|-weather|none\n|-sideend|p1: Castform Gaming\u2714\ufe0f|move: Tailwind\n|upkeep\n|turn|6\n|\n|t:|1699793216\n|switch|p1a: Regidrago|Regidrago, L50|100\/100\n|move|p1b: Gholdengo|Make It Rain|p2b: Heatran\n|-supereffective|p2b: Heatran\n|-damage|p2b: Heatran|0 fnt\n|-unboost|p1b: Gholdengo|spa|1\n|faint|p2b: Heatran\n|\n|win|Castform Gaming\u2714\ufe0f\n|c|&|\/uhtml prompt-castformgaming,Castform Gaming\u2714\ufe0f is ready for game 3!\n|c|&|\/uhtml prompt-animod2,Animod2 is ready for game 3!\nBoth players are ready! Starting next match!\n|l|\u2606Castform Gaming\u2714\ufe0f\n","uploadtime":1699793593,"views":12,"p1id":"castformgaming","p2id":"animod2","formatid":"gen9vgc2023regulatione","rating":0,"private":0,"password":""}