{"id":"gen9vgc2023regulatione-1993732605","p1":"qwedddd","p2":"Dudusknoir","format":"[Gen 9] VGC 2023 Regulation E","log":"|j|\u2606qwedddd\n|j|\u2606Dudusknoir\n|t:|1700350729\n|gametype|doubles\n|player|p1|qwedddd|170|1072\n|player|p2|Dudusknoir|265|1117\n|teamsize|p1|6\n|teamsize|p2|6\n|gen|9\n|tier|[Gen 9] VGC 2023 Regulation E\n|rated|\n|rule|Species Clause: Limit one of each Pok\u00e9mon\n|rule|Item Clause: Limit one of each item\n|clearpoke\n|poke|p1|Espathra, L50, M|\n|poke|p1|Ninetales, L50, F|\n|poke|p1|Sandy Shocks, L50|\n|poke|p1|Maushold-Four, L50|\n|poke|p1|Chien-Pao, L50|\n|poke|p1|Ogerpon-Wellspring, L50, F|\n|poke|p2|Heatran, L50, F|\n|poke|p2|Rillaboom, L50, M|\n|poke|p2|Tornadus, L50, M|\n|poke|p2|Flutter Mane, L50|\n|poke|p2|Landorus-Therian, L50, M|\n|poke|p2|Kingambit, L50, M|\n|teampreview|4\n|inactive|Battle timer is ON: inactive players will automatically lose when time's up. (requested by qwedddd)\n|\n|t:|1700350766\n|start\n|switch|p1a: Sandy Shocks|Sandy Shocks, L50|100\/100\n|switch|p1b: Ninetales|Ninetales, L50, F|100\/100\n|switch|p2a: Tornadus|Tornadus, L50, M|100\/100\n|switch|p2b: Flutter Mane|Flutter Mane, L50|100\/100\n|-item|p1a: Sandy Shocks|Air Balloon\n|-weather|SunnyDay|[from] ability: Drought|[of] p1b: Ninetales\n|-activate|p2b: Flutter Mane|ability: Protosynthesis\n|-start|p2b: Flutter Mane|protosynthesisspe\n|-activate|p1a: Sandy Shocks|ability: Protosynthesis\n|-start|p1a: Sandy Shocks|protosynthesisspe\n|turn|1\n|inactive|Dudusknoir has 30 seconds left.\n|inactive|Dudusknoir has 20 seconds left.\n|\n|t:|1700350805\n|switch|p2a: Landorus|Landorus-Therian, L50, M|100\/100\n|-ability|p2a: Landorus|Intimidate|boost\n|-unboost|p1a: Sandy Shocks|atk|1\n|-unboost|p1b: Ninetales|atk|1\n|move|p2b: Flutter Mane|Moonblast|p1a: Sandy Shocks\n|-damage|p1a: Sandy Shocks|20\/100\n|-enditem|p1a: Sandy Shocks|Air Balloon\n|move|p1a: Sandy Shocks|Gravity|p1a: Sandy Shocks\n|-fieldstart|move: Gravity\n|move|p1b: Ninetales|Hypnosis|p2b: Flutter Mane\n|-status|p2b: Flutter Mane|slp|[from] move: Hypnosis\n|\n|-weather|SunnyDay|[upkeep]\n|upkeep\n|turn|2\n|\n|t:|1700350829\n|-end|p2b: Flutter Mane|Protosynthesis|[silent]\n|switch|p2b: Heatran|Heatran, L50, F|100\/100\n|-terastallize|p1b: Ninetales|Grass\n|move|p1a: Sandy Shocks|Zap Cannon|p2b: Heatran|[miss]\n|-miss|p1a: Sandy Shocks|p2b: Heatran\n|move|p2a: Landorus|Rock Slide|p1a: Sandy Shocks|[spread] p1a,p1b\n|-resisted|p1a: Sandy Shocks\n|-damage|p1a: Sandy Shocks|8\/100\n|-damage|p1b: Ninetales|75\/100\n|cant|p1b: Ninetales|flinch\n|\n|-weather|SunnyDay|[upkeep]\n|upkeep\n|turn|3\n|\n|t:|1700350849\n|move|p2b: Heatran|Protect|p2b: Heatran\n|-singleturn|p2b: Heatran|Protect\n|move|p1a: Sandy Shocks|Earth Power|p2b: Heatran\n|-activate|p2b: Heatran|move: Protect\n|move|p2a: Landorus|Rock Slide|p1a: Sandy Shocks|[spread] p1a,p1b\n|-resisted|p1a: Sandy Shocks\n|-damage|p1a: Sandy Shocks|0 fnt\n|-damage|p1b: Ninetales|49\/100\n|faint|p1a: Sandy Shocks\n|-end|p1a: Sandy Shocks|Protosynthesis|[silent]\n|move|p1b: Ninetales|Hypnosis|p2a: Landorus\n|-status|p2a: Landorus|slp|[from] move: Hypnosis\n|\n|-weather|SunnyDay|[upkeep]\n|upkeep\n|\n|t:|1700350852\n|switch|p1a: Ogerpon|Ogerpon-Wellspring, L50, F|100\/100\n|turn|4\n|inactive|Dudusknoir has 30 seconds left.\n|\n|t:|1700350878\n|cant|p2a: Landorus|slp\n|move|p1b: Ninetales|Hypnosis|p2b: Heatran\n|-status|p2b: Heatran|slp|[from] move: Hypnosis\n|move|p1a: Ogerpon|Swords Dance|p1a: Ogerpon\n|-boost|p1a: Ogerpon|atk|2\n|cant|p2b: Heatran|slp\n|\n|-weather|SunnyDay|[upkeep]\n|upkeep\n|turn|5\n|\n|t:|1700350892\n|switch|p2a: Tornadus|Tornadus, L50, M|100\/100\n|move|p1b: Ninetales|Solar Beam||[still]\n|-prepare|p1b: Ninetales|Solar Beam\n|-anim|p1b: Ninetales|Solar Beam|p2a: Tornadus\n|-resisted|p2a: Tornadus\n|-damage|p2a: Tornadus|76\/100\n|move|p1a: Ogerpon|Swords Dance|p1a: Ogerpon\n|-boost|p1a: Ogerpon|atk|2\n|cant|p2b: Heatran|slp\n|\n|-weather|SunnyDay|[upkeep]\n|-fieldend|move: Gravity\n|upkeep\n|turn|6\n|inactive|Dudusknoir has 30 seconds left.\n|\n|t:|1700350922\n|move|p2a: Tornadus|Sunny Day||[still]\n|-fail|p2a: Tornadus\n|move|p1b: Ninetales|Overheat|p2a: Tornadus\n|-damage|p2a: Tornadus|6\/100\n|-unboost|p1b: Ninetales|spa|2\n|move|p1a: Ogerpon|Ivy Cudgel|p2b: Heatran|[anim] Ivy Cudgel Water\n|-supereffective|p2b: Heatran\n|-damage|p2b: Heatran|0 fnt\n|faint|p2b: Heatran\n|\n|-weather|SunnyDay|[upkeep]\n|upkeep\n|\n|t:|1700350934\n|switch|p2b: Landorus|Landorus-Therian, L50, M|100\/100 slp\n|-ability|p2b: Landorus|Intimidate|boost\n|-unboost|p1a: Ogerpon|atk|1\n|-unboost|p1b: Ninetales|atk|1\n|turn|7\n|\n|t:|1700350948\n|-terastallize|p2b: Landorus|Flying\n|move|p2a: Tornadus|Tailwind|p2a: Tornadus\n|-sidestart|p2: Dudusknoir|move: Tailwind\n|cant|p2b: Landorus|slp\n|move|p1b: Ninetales|Overheat|p2a: Tornadus\n|-damage|p2a: Tornadus|0 fnt\n|-unboost|p1b: Ninetales|spa|2\n|faint|p2a: Tornadus\n|move|p1a: Ogerpon|Ivy Cudgel|p2b: Landorus|[anim] Ivy Cudgel Water\n|-damage|p2b: Landorus|8\/100 slp\n|\n|-weather|SunnyDay|[upkeep]\n|upkeep\n|\n|t:|1700350959\n|switch|p2a: Flutter Mane|Flutter Mane, L50|100\/100 slp\n|-activate|p2a: Flutter Mane|ability: Protosynthesis\n|-start|p2a: Flutter Mane|protosynthesisspe\n|turn|8\n|\n|t:|1700350977\n|cant|p2a: Flutter Mane|slp\n|-curestatus|p2b: Landorus|slp|[msg]\n|move|p2b: Landorus|Tera Blast|p1a: Ogerpon|[anim] Tera Blast Flying\n|-supereffective|p1a: Ogerpon\n|-damage|p1a: Ogerpon|0 fnt\n|faint|p1a: Ogerpon\n|move|p1b: Ninetales|Overheat|p2b: Landorus\n|-damage|p2b: Landorus|0 fnt\n|-unboost|p1b: Ninetales|spa|2\n|faint|p2b: Landorus\n|\n|-weather|none\n|-end|p2a: Flutter Mane|Protosynthesis\n|upkeep\n|\n|t:|1700350985\n|switch|p1a: Chien-Pao|Chien-Pao, L50|100\/100\n|-ability|p1a: Chien-Pao|Sword of Ruin\n|turn|9\n|\n|t:|1700351003\n|move|p1b: Ninetales|Protect|p1b: Ninetales\n|-singleturn|p1b: Ninetales|Protect\n|cant|p2a: Flutter Mane|slp\n|move|p1a: Chien-Pao|Ice Spinner|p2a: Flutter Mane\n|-damage|p2a: Flutter Mane|0 fnt\n|faint|p2a: Flutter Mane\n|-end|p2a: Flutter Mane|Protosynthesis|[silent]\n|-damage|p1a: Chien-Pao|91\/100|[from] item: Life Orb\n|\n|win|qwedddd\n|raw|qwedddd's rating: 1072 &rarr; <strong>1105<\/strong><br \/>(+33 for winning)\n|raw|Dudusknoir's rating: 1117 &rarr; <strong>1089<\/strong><br \/>(-28 for losing)\n|c|\u2606qwedddd|gg\n","uploadtime":1700351009,"views":19,"p1id":"qwedddd","p2id":"dudusknoir","formatid":"gen9vgc2023regulatione","rating":1089,"private":0,"password":""}