{"id":"gen9vgc2023regulatione-1988314672","p1":"pleasefindaname","p2":"jungle231016","format":"[Gen 9] VGC 2023 Regulation E","log":"|j|\u2606pleasefindaname\n|j|\u2606jungle231016\n|t:|1699707040\n|gametype|doubles\n|player|p1|pleasefindaname|102|1000\n|player|p2|jungle231016|170|1000\n|teamsize|p1|6\n|teamsize|p2|6\n|gen|9\n|tier|[Gen 9] VGC 2023 Regulation E\n|rated|\n|rule|Species Clause: Limit one of each Pok\u00e9mon\n|rule|Item Clause: Limit one of each item\n|clearpoke\n|poke|p1|Annihilape, L50, F|\n|poke|p1|Glimmora, L50, M|\n|poke|p1|Amoonguss, L50, M|\n|poke|p1|Urshifu-*, L50, M|\n|poke|p1|Tyranitar, L50, F|\n|poke|p1|Cloyster, L50, M|\n|poke|p2|Sableye, L50, M|\n|poke|p2|Espathra, L50, M|\n|poke|p2|Iron Hands, L50|\n|poke|p2|Flutter Mane, L50|\n|poke|p2|Ogerpon-Wellspring, L50, F|\n|poke|p2|Chi-Yu, L50|\n|teampreview|4\n|\n|t:|1699707061\n|start\n|switch|p1a: Cloyster|Cloyster, L50, M|100\/100\n|switch|p1b: Glimmora|Glimmora, L50, M|100\/100\n|switch|p2a: Sableye|Sableye, L50, M|100\/100\n|switch|p2b: Espathra|Espathra, L50, M|100\/100\n|turn|1\n|\n|t:|1699707088\n|move|p2b: Espathra|Protect|p2b: Espathra\n|-singleturn|p2b: Espathra|Protect\n|move|p2a: Sableye|Gravity|p2a: Sableye\n|-fieldstart|move: Gravity\n|move|p1a: Cloyster|Shell Smash|p1a: Cloyster\n|-unboost|p1a: Cloyster|def|1\n|-unboost|p1a: Cloyster|spd|1\n|-boost|p1a: Cloyster|atk|2\n|-boost|p1a: Cloyster|spa|2\n|-boost|p1a: Cloyster|spe|2\n|move|p1b: Glimmora|Toxic|p2b: Espathra\n|-activate|p2b: Espathra|move: Protect\n|\n|-ability|p2b: Espathra|Speed Boost|boost\n|-boost|p2b: Espathra|spe|1\n|upkeep\n|turn|2\n|\n|t:|1699707115\n|move|p2a: Sableye|Encore|p1a: Cloyster\n|-start|p1a: Cloyster|Encore\n|move|p1a: Cloyster|Shell Smash|p1a: Cloyster\n|-unboost|p1a: Cloyster|def|1\n|-unboost|p1a: Cloyster|spd|1\n|-boost|p1a: Cloyster|atk|2\n|-boost|p1a: Cloyster|spa|2\n|-boost|p1a: Cloyster|spe|2\n|move|p2b: Espathra|Hypnosis|p1a: Cloyster\n|-status|p1a: Cloyster|slp|[from] move: Hypnosis\n|move|p1b: Glimmora|Spikes|p2a: Sableye\n|-sidestart|p2: jungle231016|Spikes\n|\n|-ability|p2b: Espathra|Speed Boost|boost\n|-boost|p2b: Espathra|spe|1\n|upkeep\n|turn|3\n|\n|t:|1699707141\n|switch|p2a: Iron Hands|Iron Hands, L50|100\/100\n|-damage|p2a: Iron Hands|88\/100|[from] Spikes\n|cant|p1a: Cloyster|slp\n|move|p2b: Espathra|Hypnosis|p1b: Glimmora\n|-status|p1b: Glimmora|slp|[from] move: Hypnosis\n|cant|p1b: Glimmora|slp\n|\n|-ability|p2b: Espathra|Speed Boost|boost\n|-boost|p2b: Espathra|spe|1\n|upkeep\n|turn|4\n|\n|t:|1699707161\n|move|p2b: Espathra|Lumina Crash|p1a: Cloyster\n|-damage|p1a: Cloyster|0 fnt\n|faint|p1a: Cloyster\n|cant|p1b: Glimmora|slp\n|move|p2a: Iron Hands|Belly Drum|p2a: Iron Hands\n|-damage|p2a: Iron Hands|38\/100\n|-setboost|p2a: Iron Hands|atk|6|[from] move: Belly Drum\n|-enditem|p2a: Iron Hands|Sitrus Berry|[eat]\n|-heal|p2a: Iron Hands|63\/100|[from] item: Sitrus Berry\n|\n|-ability|p2b: Espathra|Speed Boost|boost\n|-boost|p2b: Espathra|spe|1\n|upkeep\n|\n|t:|1699707174\n|switch|p1a: Urshifu|Urshifu-Rapid-Strike, L50, M|100\/100\n|turn|5\n|\n|t:|1699707184\n|move|p2a: Iron Hands|Protect|p2a: Iron Hands\n|-singleturn|p2a: Iron Hands|Protect\n|move|p2b: Espathra|Hypnosis|p1a: Urshifu\n|-status|p1a: Urshifu|slp|[from] move: Hypnosis\n|cant|p1a: Urshifu|slp\n|cant|p1b: Glimmora|slp\n|\n|-fieldend|move: Gravity\n|-ability|p2b: Espathra|Speed Boost|boost\n|-boost|p2b: Espathra|spe|1\n|upkeep\n|turn|6\n|-message|pleasefindaname forfeited.\n|\n|win|jungle231016\n|raw|pleasefindaname's rating: 1000 &rarr; <strong>1000<\/strong><br \/>(+0 for losing)\n|raw|jungle231016's rating: 1000 &rarr; <strong>1040<\/strong><br \/>(+40 for winning)\n|l|\u2606pleasefindaname\n","uploadtime":1699707211,"views":16,"p1id":"pleasefindaname","p2id":"jungle231016","formatid":"gen9vgc2023regulatione","rating":1000,"private":0,"password":""}