{"id":"gen9vgc2023regulatione-1997894701","p1":"DragonSniper555","p2":"JL_GAMER7","format":"[Gen 9] VGC 2023 Regulation E","log":"|j|\u2606DragonSniper555\n|j|\u2606JL_GAMER7\n|t:|1700864655\n|gametype|doubles\n|player|p1|DragonSniper555|1|\n|player|p2|JL_GAMER7|hilbert|\n|teamsize|p1|6\n|teamsize|p2|6\n|gen|9\n|tier|[Gen 9] VGC 2023 Regulation E\n|rule|Species Clause: Limit one of each Pok\u00e9mon\n|rule|Item Clause: Limit one of each item\n|clearpoke\n|poke|p1|Iron Jugulis, L50|\n|poke|p1|Great Tusk, L50|\n|poke|p1|Iron Bundle, L50|\n|poke|p1|Iron Hands, L50|\n|poke|p1|Gholdengo, L50|\n|poke|p1|Gothitelle, L50, M|\n|poke|p2|Armarouge, L50, F|\n|poke|p2|Indeedee-F, L50, F|\n|poke|p2|Torkoal, L50, M|\n|poke|p2|Kingambit, L50, F|\n|poke|p2|Lilligant, L50, F|\n|poke|p2|Iron Hands, L50|\n|teampreview|4\n|j| SlashLigue\n|j| drakig\n|c|\u2606DragonSniper555|iniciamos timer?\n|j| ramagamer107\n|j| tormentita013\n|j| efedefelipe93\n|c| drakig|si\n|c| drakig|ya\n|c| SlashLigue|iniciar\n|inactive|Battle timer is ON: inactive players will automatically lose when time's up. (requested by DragonSniper555)\n|\n|t:|1700864692\n|start\n|switch|p1a: La hidrah|Iron Jugulis, L50|100\/100\n|switch|p1b: El Papa Nueces|Iron Bundle, L50|100\/100\n|switch|p2a: Est\u00e1 que arde|Torkoal, L50, M|100\/100\n|switch|p2b: La plantica|Lilligant, L50, F|100\/100\n|-weather|SunnyDay|[from] ability: Drought|[of] p2a: Est\u00e1 que arde\n|-enditem|p1a: La hidrah|Booster Energy\n|-activate|p1a: La hidrah|ability: Quark Drive|[fromitem]\n|-start|p1a: La hidrah|quarkdrivespe\n|turn|1\n|j| MasterArios\n|c| MasterArios|Gl\n|j| Galifrey101\n|inactive|JL_GAMER7 has 30 seconds left.\n|\n|t:|1700864724\n|-terastallize|p2a: Est\u00e1 que arde|Fire\n|move|p2b: La plantica|After You|p2a: Est\u00e1 que arde\n|-activate|p2a: Est\u00e1 que arde|move: After You\n|move|p2a: Est\u00e1 que arde|Eruption|p1b: El Papa Nueces|[spread] p1a,p1b\n|-damage|p1a: La hidrah|0 fnt\n|-enditem|p1b: El Papa Nueces|Focus Sash\n|-damage|p1b: El Papa Nueces|1\/100\n|faint|p1a: La hidrah\n|-end|p1a: La hidrah|Quark Drive|[silent]\n|move|p1b: El Papa Nueces|Icy Wind|p2b: La plantica|[spread] p2a,p2b\n|-resisted|p2a: Est\u00e1 que arde\n|-supereffective|p2b: La plantica\n|-damage|p2a: Est\u00e1 que arde|85\/100\n|-damage|p2b: La plantica|48\/100\n|-unboost|p2a: Est\u00e1 que arde|spe|1\n|-unboost|p2b: La plantica|spe|1\n|\n|-weather|SunnyDay|[upkeep]\n|upkeep\n|j| NutriaToxica\n|inactive|DragonSniper555 has 30 seconds left.\n|\n|t:|1700864752\n|switch|p1a: Er Cormilloh|Great Tusk, L50|100\/100\n|-activate|p1a: Er Cormilloh|ability: Protosynthesis\n|-start|p1a: Er Cormilloh|protosynthesisatk\n|turn|2\n|l| Galifrey101\n|inactive|DragonSniper555 has 30 seconds left.\n|inactive|JL_GAMER7 has 30 seconds left.\n|\n|t:|1700864787\n|move|p1b: El Papa Nueces|Protect|p1b: El Papa Nueces\n|-singleturn|p1b: El Papa Nueces|Protect\n|move|p1a: Er Cormilloh|Protect|p1a: Er Cormilloh\n|-singleturn|p1a: Er Cormilloh|Protect\n|move|p2b: La plantica|After You|p2a: Est\u00e1 que arde\n|-activate|p2a: Est\u00e1 que arde|move: After You\n|move|p2a: Est\u00e1 que arde|Eruption|p1a: Er Cormilloh|[spread] \n|-activate|p1a: Er Cormilloh|move: Protect\n|-activate|p1b: El Papa Nueces|move: Protect\n|\n|-weather|SunnyDay|[upkeep]\n|upkeep\n|turn|3\n|\n|t:|1700864804\n|move|p2a: Est\u00e1 que arde|Protect|p2a: Est\u00e1 que arde\n|-singleturn|p2a: Est\u00e1 que arde|Protect\n|move|p2b: La plantica|Sleep Powder|p1a: Er Cormilloh\n|-status|p1a: Er Cormilloh|slp|[from] move: Sleep Powder\n|move|p1b: El Papa Nueces|Icy Wind|p2a: Est\u00e1 que arde|[spread] p2b\n|-activate|p2a: Est\u00e1 que arde|move: Protect\n|-supereffective|p2b: La plantica\n|-damage|p2b: La plantica|0 fnt\n|faint|p2b: La plantica\n|cant|p1a: Er Cormilloh|slp\n|\n|-weather|SunnyDay|[upkeep]\n|upkeep\n|\n|t:|1700864811\n|switch|p2b: las manicas relaja|Iron Hands, L50|100\/100\n|-enditem|p2b: las manicas relaja|Booster Energy\n|-activate|p2b: las manicas relaja|ability: Quark Drive|[fromitem]\n|-start|p2b: las manicas relaja|quarkdriveatk\n|turn|4\n|j| Ujan_Ujon\n|\n|t:|1700864825\n|move|p1b: El Papa Nueces|Protect|p1b: El Papa Nueces\n|-singleturn|p1b: El Papa Nueces|Protect\n|move|p2b: las manicas relaja|Fake Out|p1b: El Papa Nueces\n|-activate|p1b: El Papa Nueces|move: Protect\n|-curestatus|p1a: Er Cormilloh|slp|[msg]\n|move|p1a: Er Cormilloh|Earthquake|p2b: las manicas relaja|[spread] p2a,p2b\n|-activate|p1b: El Papa Nueces|move: Protect\n|-supereffective|p2a: Est\u00e1 que arde\n|-supereffective|p2b: las manicas relaja\n|-damage|p2a: Est\u00e1 que arde|0 fnt\n|-damage|p2b: las manicas relaja|22\/100\n|faint|p2a: Est\u00e1 que arde\n|-damage|p1a: Er Cormilloh|91\/100|[from] item: Life Orb\n|\n|-weather|SunnyDay|[upkeep]\n|upkeep\n|\n|t:|1700864834\n|switch|p2a: El fuegitos|Armarouge, L50, F|100\/100\n|turn|5\n|j| sergiovicenteg3\n|\n|t:|1700864854\n|move|p1b: El Papa Nueces|Icy Wind|p2b: las manicas relaja|[spread] p2a,p2b\n|-resisted|p2a: El fuegitos\n|-damage|p2a: El fuegitos|89\/100\n|-damage|p2b: las manicas relaja|0 fnt\n|-unboost|p2a: El fuegitos|spe|1\n|faint|p2b: las manicas relaja\n|-end|p2b: las manicas relaja|Quark Drive|[silent]\n|move|p1a: Er Cormilloh|Earthquake|p2a: El fuegitos|[spread] p1b,p2a\n|-supereffective|p2a: El fuegitos\n|-damage|p1b: El Papa Nueces|0 fnt\n|-damage|p2a: El fuegitos|0 fnt\n|faint|p1b: El Papa Nueces\n|-end|p1b: El Papa Nueces|Quark Drive|[silent]\n|faint|p2a: El fuegitos\n|-damage|p1a: Er Cormilloh|81\/100|[from] item: Life Orb\n|\n|win|DragonSniper555\n|l| MasterArios\n|c|\u2606DragonSniper555|gg\n|l| tormentita013\n","uploadtime":1700864872,"views":13,"p1id":"dragonsniper555","p2id":"jlgamer7","formatid":"gen9vgc2023regulatione","rating":0,"private":0,"password":""}