{"id":"gen9vgc2023regulatione-1992257150","p1":"CHAMPNIZER","p2":"TestJay","format":"[Gen 9] VGC 2023 Regulation E","log":"|j|\u2606CHAMPNIZER\n|j|\u2606TestJay\n|t:|1700168319\n|gametype|doubles\n|player|p1|CHAMPNIZER|swimmer|1268\n|player|p2|TestJay|pokemonranger-gen4|1362\n|teamsize|p1|6\n|teamsize|p2|6\n|gen|9\n|tier|[Gen 9] VGC 2023 Regulation E\n|rated|\n|rule|Species Clause: Limit one of each Pok\u00e9mon\n|rule|Item Clause: Limit one of each item\n|clearpoke\n|poke|p1|Tyranitar, L50, F|\n|poke|p1|Houndstone, L50, F|\n|poke|p1|Ogerpon-Wellspring, L50, F|\n|poke|p1|Cresselia, L50, F|\n|poke|p1|Goodra-Hisui, L50, F|\n|poke|p1|Toedscruel, L50, M|\n|poke|p2|Dusclops, L50, F|\n|poke|p2|Ursaluna-Bloodmoon, L50, M|\n|poke|p2|Kommo-o, L50, M|\n|poke|p2|Landorus-Therian, L50, M|\n|poke|p2|Iron Hands, L50|\n|poke|p2|Sinistcha-Masterpiece, L50|\n|teampreview|4\n|c|\u2606TestJay|gl hf\n|\n|t:|1700168352\n|start\n|switch|p1a: Tyranitar|Tyranitar, L50, F|100\/100\n|switch|p1b: Cresselia|Cresselia, L50, F|100\/100\n|switch|p2a: Landorus|Landorus-Therian, L50, M|100\/100\n|switch|p2b: Kommo-o|Kommo-o, L50, M|100\/100\n|-ability|p2a: Landorus|Intimidate|boost\n|-unboost|p1a: Tyranitar|atk|1\n|-unboost|p1b: Cresselia|atk|1\n|-weather|Sandstorm|[from] ability: Sand Stream|[of] p1a: Tyranitar\n|turn|1\n|inactive|Battle timer is ON: inactive players will automatically lose when time's up. (requested by TestJay)\n|inactive|CHAMPNIZER has 60 seconds left.\n|\n|t:|1700168388\n|switch|p1a: Toedscruel|Toedscruel, L50, M|100\/100\n|-terastallize|p2b: Kommo-o|Steel\n|move|p2a: Landorus|U-turn|p1b: Cresselia\n|-supereffective|p1b: Cresselia\n|-damage|p1b: Cresselia|66\/100\n|\n|t:|1700168396\n|switch|p2a: Iron Hands|Iron Hands, L50|100\/100|[from] U-turn\n|move|p2b: Kommo-o|Clangorous Soul|p2b: Kommo-o\n|-boost|p2b: Kommo-o|atk|1\n|-boost|p2b: Kommo-o|def|1\n|-boost|p2b: Kommo-o|spa|1\n|-boost|p2b: Kommo-o|spd|1\n|-boost|p2b: Kommo-o|spe|1\n|-damage|p2b: Kommo-o|68\/100\n|-enditem|p2b: Kommo-o|Throat Spray\n|-boost|p2b: Kommo-o|spa|1|[from] item: Throat Spray\n|move|p1b: Cresselia|Calm Mind|p1b: Cresselia\n|-boost|p1b: Cresselia|spa|1\n|-boost|p1b: Cresselia|spd|1\n|\n|-weather|Sandstorm|[upkeep]\n|-damage|p2a: Iron Hands|94\/100|[from] Sandstorm\n|upkeep\n|turn|2\n|inactive|CHAMPNIZER has 30 seconds left.\n|inactive|CHAMPNIZER has 20 seconds left.\n|inactive|CHAMPNIZER has 15 seconds left.\n|inactive|CHAMPNIZER has 10 seconds left.\n|inactive|CHAMPNIZER has 5 seconds left.\n|\n|t:|1700168451\n|move|p2a: Iron Hands|Fake Out|p1a: Toedscruel\n|-damage|p1a: Toedscruel|87\/100\n|-damage|p2a: Iron Hands|78\/100|[from] item: Rocky Helmet|[of] p1a: Toedscruel\n|move|p2b: Kommo-o|Clangorous Soul|p2b: Kommo-o\n|-boost|p2b: Kommo-o|atk|1\n|-boost|p2b: Kommo-o|def|1\n|-boost|p2b: Kommo-o|spa|1\n|-boost|p2b: Kommo-o|spd|1\n|-boost|p2b: Kommo-o|spe|1\n|-damage|p2b: Kommo-o|35\/100\n|move|p1b: Cresselia|Moonblast|p2b: Kommo-o\n|-resisted|p2b: Kommo-o\n|-damage|p2b: Kommo-o|27\/100\n|cant|p1a: Toedscruel|flinch\n|\n|-weather|Sandstorm|[upkeep]\n|-damage|p2a: Iron Hands|72\/100|[from] Sandstorm\n|upkeep\n|turn|3\n|\n|t:|1700168473\n|-end|p2a: Iron Hands|Quark Drive|[silent]\n|switch|p2a: Sinistcha|Sinistcha-Masterpiece, L50|100\/100\n|-heal|p2b: Kommo-o|52\/100|[from] ability: Hospitality|[of] p2a: Sinistcha\n|-terastallize|p1b: Cresselia|Fairy\n|move|p2b: Kommo-o|Protect|p2b: Kommo-o\n|-singleturn|p2b: Kommo-o|Protect\n|move|p1a: Toedscruel|Protect|p1a: Toedscruel\n|-singleturn|p1a: Toedscruel|Protect\n|move|p1b: Cresselia|Moonblast|p2b: Kommo-o\n|-activate|p2b: Kommo-o|move: Protect\n|\n|-weather|Sandstorm|[upkeep]\n|-damage|p2a: Sinistcha|94\/100|[from] Sandstorm\n|upkeep\n|turn|4\n|\n|t:|1700168497\n|switch|p2a: Iron Hands|Iron Hands, L50|72\/100\n|move|p2b: Kommo-o|Clanging Scales|p1a: Toedscruel|[spread] p1a\n|-immune|p1b: Cresselia\n|-damage|p1a: Toedscruel|14\/100\n|-unboost|p2b: Kommo-o|def|1\n|move|p1b: Cresselia|Moonblast|p2b: Kommo-o\n|-resisted|p2b: Kommo-o\n|-damage|p2b: Kommo-o|41\/100\n|move|p1a: Toedscruel|Spore|p2b: Kommo-o\n|-status|p2b: Kommo-o|slp|[from] move: Spore\n|\n|-weather|Sandstorm|[upkeep]\n|-damage|p2a: Iron Hands|66\/100|[from] Sandstorm\n|upkeep\n|turn|5\n|inactive|CHAMPNIZER has 30 seconds left.\n|\n|t:|1700168530\n|move|p2a: Iron Hands|Fake Out|p1a: Toedscruel\n|-damage|p1a: Toedscruel|0 fnt\n|-damage|p2a: Iron Hands|49\/100|[from] item: Rocky Helmet|[of] p1a: Toedscruel\n|faint|p1a: Toedscruel\n|cant|p2b: Kommo-o|slp\n|move|p1b: Cresselia|Lunar Blessing|p1b: Cresselia\n|-heal|p1b: Cresselia|91\/100\n|\n|-weather|none\n|upkeep\n|\n|t:|1700168538\n|switch|p1a: Tyranitar|Tyranitar, L50, F|100\/100\n|-weather|Sandstorm|[from] ability: Sand Stream|[of] p1a: Tyranitar\n|turn|6\n|\n|t:|1700168554\n|-end|p2a: Iron Hands|Quark Drive|[silent]\n|switch|p2a: Sinistcha|Sinistcha-Masterpiece, L50|94\/100\n|-heal|p2b: Kommo-o|66\/100 slp|[from] ability: Hospitality|[of] p2a: Sinistcha\n|cant|p2b: Kommo-o|slp\n|move|p1b: Cresselia|Moonblast|p2a: Sinistcha\n|-damage|p2a: Sinistcha|58\/100\n|move|p1a: Tyranitar|Rock Slide|p2b: Kommo-o|[spread] p2a,p2b\n|-resisted|p2b: Kommo-o\n|-damage|p2a: Sinistcha|31\/100\n|-damage|p2b: Kommo-o|57\/100 slp\n|\n|-weather|Sandstorm|[upkeep]\n|-damage|p2a: Sinistcha|25\/100|[from] Sandstorm\n|upkeep\n|turn|7\n|inactive|TestJay has 30 seconds left.\n|\n|t:|1700168585\n|switch|p2a: Landorus|Landorus-Therian, L50, M|100\/100\n|-ability|p2a: Landorus|Intimidate|boost\n|-unboost|p1a: Tyranitar|atk|1\n|-unboost|p1b: Cresselia|atk|1\n|-curestatus|p2b: Kommo-o|slp|[msg]\n|move|p2b: Kommo-o|Flash Cannon|p1b: Cresselia\n|-supereffective|p1b: Cresselia\n|-damage|p1b: Cresselia|12\/100\n|move|p1b: Cresselia|Calm Mind|p1b: Cresselia\n|-boost|p1b: Cresselia|spa|1\n|-boost|p1b: Cresselia|spd|1\n|move|p1a: Tyranitar|Knock Off|p2a: Landorus\n|-damage|p2a: Landorus|60\/100\n|-enditem|p2a: Landorus|Choice Scarf|[from] move: Knock Off|[of] p1a: Tyranitar\n|\n|-weather|Sandstorm|[upkeep]\n|upkeep\n|turn|8\n|\n|t:|1700168610\n|move|p2b: Kommo-o|Flash Cannon|p1a: Tyranitar\n|-supereffective|p1a: Tyranitar\n|-damage|p1a: Tyranitar|33\/100\n|move|p2a: Landorus|Rock Slide|p1b: Cresselia|[spread] p1a,p1b\n|-crit|p1a: Tyranitar\n|-damage|p1a: Tyranitar|6\/100\n|-damage|p1b: Cresselia|0 fnt\n|faint|p1b: Cresselia\n|cant|p1a: Tyranitar|flinch\n|\n|-weather|Sandstorm|[upkeep]\n|upkeep\n|\n|t:|1700168615\n|switch|p1b: Houndstone|Houndstone, L50, F|100\/100\n|turn|9\n|\n|t:|1700168629\n|move|p2b: Kommo-o|Protect|p2b: Kommo-o\n|-singleturn|p2b: Kommo-o|Protect\n|move|p1b: Houndstone|Last Respects|p2b: Kommo-o\n|-activate|p2b: Kommo-o|move: Protect\n|move|p2a: Landorus|U-turn|p1a: Tyranitar\n|-supereffective|p1a: Tyranitar\n|-damage|p1a: Tyranitar|0 fnt\n|faint|p1a: Tyranitar\n|-message|CHAMPNIZER forfeited.\n|\n|win|TestJay\n|raw|CHAMPNIZER's rating: 1268 &rarr; <strong>1250<\/strong><br \/>(-18 for losing)\n|raw|TestJay's rating: 1362 &rarr; <strong>1377<\/strong><br \/>(+15 for winning)\n|l|\u2606CHAMPNIZER\n","uploadtime":1700168641,"views":13,"p1id":"champnizer","p2id":"testjay","formatid":"gen9vgc2023regulatione","rating":1250,"private":0,"password":""}