{"id":"gen9vgc2023regulatione-1993909897","p1":"Krjzhzk","p2":"rbklmao","format":"[Gen 9] VGC 2023 Regulation E","log":"|j|\u2606Krjzhzk\n|j|\u2606rbklmao\n|t:|1700373838\n|gametype|doubles\n|player|p1|Krjzhzk|lance|1239\n|player|p2|rbklmao|169|1148\n|teamsize|p1|6\n|teamsize|p2|6\n|gen|9\n|tier|[Gen 9] VGC 2023 Regulation E\n|rated|\n|rule|Species Clause: Limit one of each Pok\u00e9mon\n|rule|Item Clause: Limit one of each item\n|clearpoke\n|poke|p1|Flutter Mane, L50|\n|poke|p1|Tornadus, L50, M|\n|poke|p1|Rillaboom, L50, M|\n|poke|p1|Garganacl, L50, F|\n|poke|p1|Arcanine-Hisui, L50, M|\n|poke|p1|Chien-Pao, L50|\n|poke|p2|Gholdengo, L50|\n|poke|p2|Tornadus, L50, M|\n|poke|p2|Arcanine-Hisui, L50, M|\n|poke|p2|Rillaboom, L50, M|\n|poke|p2|Urshifu-*, L50, F|\n|poke|p2|Clefairy, L50, F|\n|teampreview|4\n|inactive|Battle timer is ON: inactive players will automatically lose when time's up. (requested by Krjzhzk)\n|j| fiendspandaemonium\n|inactive|rbklmao has 60 seconds left.\n|\n|t:|1700373908\n|start\n|switch|p1a: Tornadus|Tornadus, L50, M|100\/100\n|switch|p1b: Garganacl|Garganacl, L50, F|100\/100\n|switch|p2a: Urshifu|Urshifu-Rapid-Strike, L50, F|100\/100\n|switch|p2b: Rillaboom|Rillaboom, L50, M|100\/100\n|-fieldstart|move: Grassy Terrain|[from] ability: Grassy Surge|[of] p2b: Rillaboom\n|turn|1\n|inactive|rbklmao has 30 seconds left.\n|\n|t:|1700373936\n|-terastallize|p1b: Garganacl|Ghost\n|move|p2b: Rillaboom|Fake Out|p1b: Garganacl\n|-immune|p1b: Garganacl\n|move|p2a: Urshifu|U-turn|p1a: Tornadus\n|-resisted|p1a: Tornadus\n|-damage|p1a: Tornadus|84\/100\n|-damage|p2a: Urshifu|84\/100|[from] item: Rocky Helmet|[of] p1a: Tornadus\n|\n|t:|1700373944\n|switch|p2a: Arcanine|Arcanine-Hisui, L50, M|100\/100|[from] U-turn\n|-ability|p2a: Arcanine|Intimidate|boost\n|-unboost|p1a: Tornadus|atk|1\n|-unboost|p1b: Garganacl|atk|1\n|move|p1a: Tornadus|Bleakwind Storm|p2b: Rillaboom|[spread] p2a,p2b\n|-resisted|p2a: Arcanine\n|-supereffective|p2b: Rillaboom\n|-damage|p2a: Arcanine|81\/100\n|-damage|p2b: Rillaboom|57\/100\n|-unboost|p2a: Arcanine|spe|1\n|move|p1b: Garganacl|Salt Cure|p2a: Arcanine\n|-supereffective|p2a: Arcanine\n|-damage|p2a: Arcanine|57\/100\n|-start|p2a: Arcanine|Salt Cure\n|\n|-heal|p2b: Rillaboom|63\/100|[from] Grassy Terrain\n|-heal|p2a: Arcanine|64\/100|[from] Grassy Terrain\n|-damage|p2a: Arcanine|51\/100|[from] Salt Cure\n|upkeep\n|turn|2\n|\n|t:|1700373969\n|switch|p1a: Arcanine|Arcanine-Hisui, L50, M|100\/100\n|-ability|p1a: Arcanine|Intimidate|boost\n|-unboost|p2a: Arcanine|atk|1\n|-unboost|p2b: Rillaboom|atk|1\n|switch|p2a: Urshifu|Urshifu-Rapid-Strike, L50, F|84\/100\n|move|p2b: Rillaboom|Knock Off|p1b: Garganacl\n|-supereffective|p1b: Garganacl\n|-damage|p1b: Garganacl|69\/100\n|-enditem|p1b: Garganacl|Sitrus Berry|[from] move: Knock Off|[of] p2b: Rillaboom\n|move|p1b: Garganacl|Salt Cure|p2b: Rillaboom\n|-damage|p2b: Rillaboom|54\/100\n|-start|p2b: Rillaboom|Salt Cure\n|\n|-heal|p2a: Urshifu|90\/100|[from] Grassy Terrain\n|-heal|p2b: Rillaboom|60\/100|[from] Grassy Terrain\n|-heal|p1b: Garganacl|74\/100|[from] Grassy Terrain\n|-damage|p2b: Rillaboom|48\/100|[from] Salt Cure\n|upkeep\n|turn|3\n|\n|t:|1700373990\n|switch|p1a: Tornadus|Tornadus, L50, M|84\/100\n|switch|p2b: Arcanine|Arcanine-Hisui, L50, M|51\/100\n|-ability|p2b: Arcanine|Intimidate|boost\n|-unboost|p1a: Tornadus|atk|1\n|-unboost|p1b: Garganacl|atk|1\n|-terastallize|p2a: Urshifu|Water\n|move|p2a: Urshifu|Aqua Jet|p1a: Tornadus\n|-damage|p1a: Tornadus|48\/100\n|-damage|p2a: Urshifu|74\/100|[from] item: Rocky Helmet|[of] p1a: Tornadus\n|move|p1b: Garganacl|Salt Cure|p2a: Urshifu\n|-damage|p2a: Urshifu|66\/100\n|-start|p2a: Urshifu|Salt Cure\n|\n|-heal|p2a: Urshifu|73\/100|[from] Grassy Terrain\n|-heal|p2b: Arcanine|57\/100|[from] Grassy Terrain\n|-heal|p1b: Garganacl|80\/100|[from] Grassy Terrain\n|-damage|p2a: Urshifu|48\/100|[from] Salt Cure\n|upkeep\n|turn|4\n|inactive|rbklmao has 30 seconds left.\n|\n|t:|1700374021\n|switch|p2a: Gholdengo|Gholdengo, L50|100\/100\n|move|p1a: Tornadus|Tailwind|p1a: Tornadus\n|-sidestart|p1: Krjzhzk|move: Tailwind\n|move|p2b: Arcanine|Rock Slide|p1a: Tornadus|[spread] p1a,p1b\n|-supereffective|p1a: Tornadus\n|-damage|p1a: Tornadus|0 fnt\n|-damage|p1b: Garganacl|47\/100\n|faint|p1a: Tornadus\n|move|p1b: Garganacl|Recover|p1b: Garganacl\n|-heal|p1b: Garganacl|97\/100\n|\n|-heal|p2b: Arcanine|64\/100|[from] Grassy Terrain\n|-heal|p1b: Garganacl|100\/100|[from] Grassy Terrain\n|upkeep\n|\n|t:|1700374026\n|switch|p1a: Arcanine|Arcanine-Hisui, L50, M|100\/100\n|-ability|p1a: Arcanine|Intimidate|boost\n|-unboost|p2a: Gholdengo|atk|1\n|-unboost|p2b: Arcanine|atk|1\n|turn|5\n|\n|t:|1700374047\n|move|p2a: Gholdengo|Protect|p2a: Gholdengo\n|-singleturn|p2a: Gholdengo|Protect\n|move|p1a: Arcanine|Flare Blitz|p2a: Gholdengo\n|-activate|p2a: Gholdengo|move: Protect\n|move|p2b: Arcanine|Rock Slide|p1b: Garganacl|[spread] p1a,p1b\n|-supereffective|p1a: Arcanine\n|-damage|p1a: Arcanine|25\/100\n|-damage|p1b: Garganacl|80\/100\n|move|p1b: Garganacl|Salt Cure|p2a: Gholdengo\n|-activate|p2a: Gholdengo|move: Protect\n|\n|-heal|p1a: Arcanine|31\/100|[from] Grassy Terrain\n|-heal|p2b: Arcanine|70\/100|[from] Grassy Terrain\n|-heal|p1b: Garganacl|86\/100|[from] Grassy Terrain\n|-fieldend|move: Grassy Terrain\n|upkeep\n|turn|6\n|\n|t:|1700374065\n|switch|p2a: Rillaboom|Rillaboom, L50, M|48\/100\n|-fieldstart|move: Grassy Terrain|[from] ability: Grassy Surge|[of] p2a: Rillaboom\n|move|p1a: Arcanine|Flare Blitz|p2a: Rillaboom\n|-supereffective|p2a: Rillaboom\n|-damage|p2a: Rillaboom|0 fnt\n|faint|p2a: Rillaboom\n|-damage|p1a: Arcanine|12\/100|[from] Recoil\n|move|p2b: Arcanine|Rock Slide|p1a: Arcanine|[spread] p1a\n|-miss|p2b: Arcanine|p1b: Garganacl\n|-supereffective|p1a: Arcanine\n|-damage|p1a: Arcanine|0 fnt\n|faint|p1a: Arcanine\n|move|p1b: Garganacl|Salt Cure|p2b: Arcanine\n|-supereffective|p2b: Arcanine\n|-damage|p2b: Arcanine|52\/100\n|-start|p2b: Arcanine|Salt Cure\n|\n|-heal|p2b: Arcanine|58\/100|[from] Grassy Terrain\n|-heal|p1b: Garganacl|92\/100|[from] Grassy Terrain\n|-damage|p2b: Arcanine|46\/100|[from] Salt Cure\n|upkeep\n|\n|t:|1700374086\n|switch|p1a: Rillaboom|Rillaboom, L50, M|100\/100\n|switch|p2a: Urshifu|Urshifu-Rapid-Strike, L50, F, tera:Water|48\/100\n|turn|7\n|\n|t:|1700374100\n|switch|p2b: Gholdengo|Gholdengo, L50|100\/100\n|move|p2a: Urshifu|U-turn|p1a: Rillaboom\n|-supereffective|p1a: Rillaboom\n|-damage|p1a: Rillaboom|53\/100\n|\n|t:|1700374106\n|switch|p2a: Arcanine|Arcanine-Hisui, L50, M|46\/100|[from] U-turn\n|-ability|p2a: Arcanine|Intimidate|boost\n|-unboost|p1a: Rillaboom|atk|1\n|-unboost|p1b: Garganacl|atk|1\n|move|p1a: Rillaboom|Wood Hammer|p2b: Gholdengo\n|-resisted|p2b: Gholdengo\n|-damage|p2b: Gholdengo|76\/100\n|-damage|p1a: Rillaboom|45\/100|[from] Recoil\n|move|p1b: Garganacl|Salt Cure|p2a: Arcanine\n|-supereffective|p2a: Arcanine\n|-damage|p2a: Arcanine|31\/100\n|-start|p2a: Arcanine|Salt Cure\n|\n|-heal|p1a: Rillaboom|51\/100|[from] Grassy Terrain\n|-heal|p2a: Arcanine|37\/100|[from] Grassy Terrain\n|-heal|p2b: Gholdengo|82\/100|[from] Grassy Terrain\n|-heal|p2b: Gholdengo|88\/100|[from] item: Leftovers\n|-heal|p1b: Garganacl|98\/100|[from] Grassy Terrain\n|-damage|p2a: Arcanine|25\/100|[from] Salt Cure\n|-sideend|p1: Krjzhzk|move: Tailwind\n|upkeep\n|turn|8\n|\n|t:|1700374121\n|move|p1a: Rillaboom|Grassy Glide|p2a: Arcanine\n|-damage|p2a: Arcanine|0 fnt\n|faint|p2a: Arcanine\n|move|p2b: Gholdengo|Nasty Plot|p2b: Gholdengo\n|-boost|p2b: Gholdengo|spa|2\n|move|p1b: Garganacl|Salt Cure|p2b: Gholdengo\n|-resisted|p2b: Gholdengo\n|-damage|p2b: Gholdengo|85\/100\n|-start|p2b: Gholdengo|Salt Cure\n|\n|-heal|p2b: Gholdengo|92\/100|[from] Grassy Terrain\n|-heal|p2b: Gholdengo|98\/100|[from] item: Leftovers\n|-heal|p1a: Rillaboom|57\/100|[from] Grassy Terrain\n|-heal|p1b: Garganacl|100\/100|[from] Grassy Terrain\n|-damage|p2b: Gholdengo|73\/100|[from] Salt Cure\n|upkeep\n|\n|t:|1700374131\n|switch|p2a: Urshifu|Urshifu-Rapid-Strike, L50, F, tera:Water|48\/100\n|turn|9\n|\n|t:|1700374148\n|move|p1b: Garganacl|Protect|p1b: Garganacl\n|-singleturn|p1b: Garganacl|Protect\n|move|p1a: Rillaboom|Grassy Glide|p2a: Urshifu\n|-supereffective|p2a: Urshifu\n|-damage|p2a: Urshifu|0 fnt\n|faint|p2a: Urshifu\n|move|p2b: Gholdengo|Make It Rain|p1a: Rillaboom|[spread] p1a\n|-activate|p1b: Garganacl|move: Protect\n|-damage|p1a: Rillaboom|0 fnt\n|-unboost|p2b: Gholdengo|spa|1\n|faint|p1a: Rillaboom\n|\n|-heal|p2b: Gholdengo|79\/100|[from] Grassy Terrain\n|-heal|p2b: Gholdengo|85\/100|[from] item: Leftovers\n|-damage|p2b: Gholdengo|61\/100|[from] Salt Cure\n|upkeep\n|turn|10\n|\n|t:|1700374164\n|move|p2b: Gholdengo|Make It Rain|p1b: Garganacl\n|-damage|p1b: Garganacl|39\/100\n|-unboost|p2b: Gholdengo|spa|1\n|move|p1b: Garganacl|Salt Cure|p2b: Gholdengo\n|-resisted|p2b: Gholdengo\n|-damage|p2b: Gholdengo|58\/100\n|\n|-heal|p2b: Gholdengo|64\/100|[from] Grassy Terrain\n|-heal|p2b: Gholdengo|70\/100|[from] item: Leftovers\n|-heal|p1b: Garganacl|45\/100|[from] Grassy Terrain\n|-damage|p2b: Gholdengo|46\/100|[from] Salt Cure\n|-fieldend|move: Grassy Terrain\n|upkeep\n|turn|11\n|\n|t:|1700374174\n|move|p2b: Gholdengo|Make It Rain|p1b: Garganacl\n|-damage|p1b: Garganacl|2\/100\n|-unboost|p2b: Gholdengo|spa|1\n|move|p1b: Garganacl|Recover|p1b: Garganacl\n|-heal|p1b: Garganacl|53\/100\n|\n|-heal|p2b: Gholdengo|52\/100|[from] item: Leftovers\n|-damage|p2b: Gholdengo|27\/100|[from] Salt Cure\n|upkeep\n|turn|12\n|\n|t:|1700374183\n|move|p2b: Gholdengo|Nasty Plot|p2b: Gholdengo\n|-boost|p2b: Gholdengo|spa|2\n|move|p1b: Garganacl|Recover|p1b: Garganacl\n|-heal|p1b: Garganacl|100\/100\n|\n|-heal|p2b: Gholdengo|33\/100|[from] item: Leftovers\n|-damage|p2b: Gholdengo|8\/100|[from] Salt Cure\n|upkeep\n|turn|13\n|\n|t:|1700374188\n|move|p1b: Garganacl|Protect|p1b: Garganacl\n|-singleturn|p1b: Garganacl|Protect\n|move|p2b: Gholdengo|Make It Rain|p1b: Garganacl\n|-activate|p1b: Garganacl|move: Protect\n|\n|-heal|p2b: Gholdengo|14\/100|[from] item: Leftovers\n|-damage|p2b: Gholdengo|0 fnt|[from] Salt Cure\n|faint|p2b: Gholdengo\n|\n|win|Krjzhzk\n|upkeep\n|raw|Krjzhzk's rating: 1239 &rarr; <strong>1258<\/strong><br \/>(+19 for winning)\n|raw|rbklmao's rating: 1148 &rarr; <strong>1129<\/strong><br \/>(-19 for losing)\n","uploadtime":1700374192,"views":8,"p1id":"krjzhzk","p2id":"rbklmao","formatid":"gen9vgc2023regulatione","rating":1129,"private":0,"password":""}