{"id":"gen9vgc2023regulatione-1990124904","p1":"DrSilv3r","p2":"Fabricio19jr","format":"[Gen 9] VGC 2023 Regulation E","log":"|j|\u2606DrSilv3r\n|j|\u2606Fabricio19jr\n|n|\u2606DrSilv3r|drsilv3r\n|n|\u2606Fabricio19jr|fabricio19jr\n|html|View the match progress at <a href=\"\/game-bestof3-gen9vgc2023regulatione-1990119955\">game-bestof3-gen9vgc2023regulatione-1990119955<\/a>\n|t:|1699927213\n|gametype|doubles\n|player|p1|DrSilv3r|steven|\n|player|p2|Fabricio19jr|265|\n|teamsize|p1|6\n|teamsize|p2|6\n|gen|9\n|tier|[Gen 9] VGC 2023 Regulation E\n|rule|Species Clause: Limit one of each Pok\u00e9mon\n|rule|Item Clause: Limit one of each item\n|clearpoke\n|poke|p1|Heatran, L50, F|\n|poke|p1|Ogerpon-Wellspring, L50, F|\n|poke|p1|Landorus-Therian, L50, M|\n|poke|p1|Gholdengo, L50|\n|poke|p1|Rillaboom, L50, M|\n|poke|p1|Iron Bundle, L50|\n|poke|p2|Gallade, L50, M|\n|poke|p2|Torkoal, L50, M|\n|poke|p2|Indeedee-F, L50, F|\n|poke|p2|Ursaluna, L50, M|\n|poke|p2|Armarouge, L50, M|\n|poke|p2|Enamorus-Therian, L50, F|\n|teampreview|4\n|\n|t:|1699927245\n|start\n|switch|p1a: Ogerpon|Ogerpon-Wellspring, L50, F|100\/100\n|switch|p1b: Gholdengo|Gholdengo, L50|100\/100\n|switch|p2a: Armarouge|Armarouge, L50, M, shiny|100\/100\n|switch|p2b: Indeedee|Indeedee-F, L50, F, shiny|100\/100\n|-fieldstart|move: Psychic Terrain|[from] ability: Psychic Surge|[of] p2b: Indeedee\n|turn|1\n|\n|t:|1699927285\n|-terastallize|p1b: Gholdengo|Dragon\n|move|p2b: Indeedee|Helping Hand|p2a: Armarouge\n|-singleturn|p2a: Armarouge|Helping Hand|[of] p2b: Indeedee\n|move|p1a: Ogerpon|Taunt|p2b: Indeedee\n|-start|p2b: Indeedee|move: Taunt\n|move|p1b: Gholdengo|Nasty Plot|p1b: Gholdengo\n|-boost|p1b: Gholdengo|spa|2\n|move|p2a: Armarouge|Heat Wave|p1b: Gholdengo|[spread] p1a,p1b\n|-resisted|p1b: Gholdengo\n|-damage|p1a: Ogerpon|22\/100\n|-damage|p1b: Gholdengo|60\/100\n|-damage|p2a: Armarouge|91\/100|[from] item: Life Orb\n|\n|upkeep\n|turn|2\n|\n|t:|1699927305\n|switch|p1a: Heatran|Heatran, L50, F, shiny|100\/100\n|move|p1b: Gholdengo|Make It Rain|p2a: Armarouge|[spread] p2a,p2b\n|-resisted|p2a: Armarouge\n|-damage|p2a: Armarouge|24\/100\n|-damage|p2b: Indeedee|0 fnt\n|-unboost|p1b: Gholdengo|spa|1\n|faint|p2b: Indeedee\n|-damage|p1b: Gholdengo|50\/100|[from] item: Life Orb\n|move|p2a: Armarouge|Trick Room|p2a: Armarouge\n|-fieldstart|move: Trick Room|[of] p2a: Armarouge\n|\n|upkeep\n|\n|t:|1699927319\n|switch|p2b: Torkoal|Torkoal, L50, M|100\/100\n|-weather|SunnyDay|[from] ability: Drought|[of] p2b: Torkoal\n|turn|3\n|\n|t:|1699927343\n|move|p1b: Gholdengo|Protect|p1b: Gholdengo\n|-singleturn|p1b: Gholdengo|Protect\n|move|p2b: Torkoal|Heat Wave|p1b: Gholdengo|[spread] \n|-activate|p1b: Gholdengo|move: Protect\n|-start|p1a: Heatran|ability: Flash Fire\n|move|p2a: Armarouge|Expanding Force|p1a: Heatran|[spread] p1a\n|-activate|p1b: Gholdengo|move: Protect\n|-resisted|p1a: Heatran\n|-damage|p1a: Heatran|68\/100\n|-damage|p2a: Armarouge|15\/100|[from] item: Life Orb\n|move|p1a: Heatran|Earth Power|p2b: Torkoal\n|-supereffective|p2b: Torkoal\n|-damage|p2b: Torkoal|25\/100\n|\n|-weather|SunnyDay|[upkeep]\n|-heal|p1a: Heatran|74\/100|[from] item: Leftovers\n|upkeep\n|turn|4\n|\n|t:|1699927399\n|move|p2b: Torkoal|Earth Power|p1a: Heatran\n|-supereffective|p1a: Heatran\n|-damage|p1a: Heatran|0 fnt\n|faint|p1a: Heatran\n|move|p2a: Armarouge|Expanding Force|p1b: Gholdengo\n|-damage|p1b: Gholdengo|0 fnt\n|faint|p1b: Gholdengo\n|-damage|p2a: Armarouge|5\/100|[from] item: Life Orb\n|\n|-weather|SunnyDay|[upkeep]\n|upkeep\n|\n|t:|1699927407\n|switch|p1a: Ogerpon|Ogerpon-Wellspring, L50, F|22\/100\n|switch|p1b: Iron Bundle|Iron Bundle, L50|100\/100\n|-enditem|p1b: Iron Bundle|Booster Energy\n|-activate|p1b: Iron Bundle|ability: Quark Drive|[fromitem]\n|-start|p1b: Iron Bundle|quarkdrivespe\n|turn|5\n|\n|t:|1699927420\n|move|p1a: Ogerpon|Spiky Shield|p1a: Ogerpon\n|-singleturn|p1a: Ogerpon|move: Protect\n|move|p1b: Iron Bundle|Protect|p1b: Iron Bundle\n|-singleturn|p1b: Iron Bundle|Protect\n|move|p2b: Torkoal|Heat Wave|p1b: Iron Bundle|[spread] \n|-activate|p1a: Ogerpon|move: Protect\n|-activate|p1b: Iron Bundle|move: Protect\n|move|p2a: Armarouge|Expanding Force|p1a: Ogerpon|[spread] \n|-activate|p1a: Ogerpon|move: Protect\n|-activate|p1b: Iron Bundle|move: Protect\n|\n|-weather|SunnyDay|[upkeep]\n|-fieldend|move: Psychic Terrain\n|upkeep\n|turn|6\n|\n|t:|1699927442\n|move|p1a: Ogerpon|Follow Me|p1a: Ogerpon\n|-singleturn|p1a: Ogerpon|move: Follow Me\n|move|p2b: Torkoal|Heat Wave|p1a: Ogerpon|[spread] p1a,p1b\n|-damage|p1a: Ogerpon|0 fnt\n|-damage|p1b: Iron Bundle|0 fnt\n|faint|p1a: Ogerpon\n|faint|p1b: Iron Bundle\n|-end|p1b: Iron Bundle|Quark Drive|[silent]\n|\n|win|Fabricio19jr\n","uploadtime":1699927452,"views":19,"p1id":"drsilv3r","p2id":"fabricio19jr","formatid":"gen9vgc2023regulatione","rating":0,"private":0,"password":""}