{"id":"gen9vgc2023regulatione-1994427266","p1":"Shinysucines94","p2":"WobbahYT","format":"[Gen 9] VGC 2023 Regulation E","log":"|j|\u2606Shinysucines94\n|j|\u2606WobbahYT\n|t:|1700442721\n|gametype|doubles\n|player|p1|Shinysucines94|brawly|1205\n|player|p2|WobbahYT|emmet|1201\n|teamsize|p1|6\n|teamsize|p2|6\n|gen|9\n|tier|[Gen 9] VGC 2023 Regulation E\n|rated|\n|rule|Species Clause: Limit one of each Pok\u00e9mon\n|rule|Item Clause: Limit one of each item\n|clearpoke\n|poke|p1|Kommo-o, L50, M|\n|poke|p1|Tyranitar, L50, M|\n|poke|p1|Rillaboom, L50, F|\n|poke|p1|Flutter Mane, L50|\n|poke|p1|Arcanine-Hisui, L50, M|\n|poke|p1|Iron Bundle, L50|\n|poke|p2|Heatran, L50, M|\n|poke|p2|Spectrier, L50|\n|poke|p2|Roaring Moon, L50|\n|poke|p2|Iron Bundle, L50|\n|poke|p2|Landorus-Therian, L50, M|\n|poke|p2|Rillaboom, L50, M|\n|teampreview|4\n|c|\u2606WobbahYT|Body press team huh\n|inactive|Battle timer is ON: inactive players will automatically lose when time's up. (requested by WobbahYT)\n|\n|t:|1700442758\n|start\n|switch|p1a: Iron Bundle|Iron Bundle, L50|100\/100\n|switch|p1b: Tyranitar|Tyranitar, L50, M|100\/100\n|switch|p2a: Spectrier|Spectrier, L50|100\/100\n|switch|p2b: Roaring Moon|Roaring Moon, L50|100\/100\n|-weather|Sandstorm|[from] ability: Sand Stream|[of] p1b: Tyranitar\n|-enditem|p1a: Iron Bundle|Booster Energy\n|-activate|p1a: Iron Bundle|ability: Quark Drive|[fromitem]\n|-start|p1a: Iron Bundle|quarkdrivespe\n|-enditem|p2b: Roaring Moon|Booster Energy\n|-activate|p2b: Roaring Moon|ability: Protosynthesis|[fromitem]\n|-start|p2b: Roaring Moon|protosynthesisspe\n|turn|1\n|\n|t:|1700442778\n|switch|p2a: Heatran|Heatran, L50, M|100\/100\n|move|p1a: Iron Bundle|Icy Wind|p2b: Roaring Moon|[spread] p2a,p2b\n|-resisted|p2a: Heatran\n|-supereffective|p2b: Roaring Moon\n|-damage|p2a: Heatran|97\/100\n|-damage|p2b: Roaring Moon|60\/100\n|-unboost|p2a: Heatran|spe|1\n|-unboost|p2b: Roaring Moon|spe|1\n|move|p2b: Roaring Moon|Tailwind|p2b: Roaring Moon\n|-sidestart|p2: WobbahYT|move: Tailwind\n|move|p1b: Tyranitar|Knock Off|p2a: Heatran\n|-damage|p2a: Heatran|48\/100\n|-enditem|p2a: Heatran|Leftovers|[from] move: Knock Off|[of] p1b: Tyranitar\n|\n|-weather|Sandstorm|[upkeep]\n|-damage|p2b: Roaring Moon|55\/100|[from] Sandstorm\n|-damage|p1a: Iron Bundle|94\/100|[from] Sandstorm\n|upkeep\n|turn|2\n|\n|t:|1700442801\n|switch|p1b: Kommo-o|Kommo-o, L50, M|100\/100\n|move|p2b: Roaring Moon|Iron Head|p1b: Kommo-o\n|-damage|p1b: Kommo-o|82\/100\n|move|p1a: Iron Bundle|Hydro Pump|p2a: Heatran\n|-supereffective|p2a: Heatran\n|-damage|p2a: Heatran|0 fnt\n|faint|p2a: Heatran\n|\n|-weather|Sandstorm|[upkeep]\n|-damage|p2b: Roaring Moon|49\/100|[from] Sandstorm\n|-damage|p1a: Iron Bundle|88\/100|[from] Sandstorm\n|-damage|p1b: Kommo-o|76\/100|[from] Sandstorm\n|-heal|p1b: Kommo-o|82\/100|[from] item: Leftovers\n|upkeep\n|\n|t:|1700442810\n|switch|p2a: Spectrier|Spectrier, L50|100\/100\n|turn|3\n|\n|t:|1700442822\n|-terastallize|p2a: Spectrier|Steel\n|move|p1a: Iron Bundle|Protect|p1a: Iron Bundle\n|-singleturn|p1a: Iron Bundle|Protect\n|move|p1b: Kommo-o|Protect|p1b: Kommo-o\n|-singleturn|p1b: Kommo-o|Protect\n|move|p2a: Spectrier|Tera Blast|p1a: Iron Bundle|[anim] Tera Blast Steel\n|-activate|p1a: Iron Bundle|move: Protect\n|move|p2b: Roaring Moon|Acrobatics|p1b: Kommo-o\n|-activate|p1b: Kommo-o|move: Protect\n|\n|-weather|Sandstorm|[upkeep]\n|-damage|p2b: Roaring Moon|43\/100|[from] Sandstorm\n|-damage|p1a: Iron Bundle|82\/100|[from] Sandstorm\n|-damage|p1b: Kommo-o|76\/100|[from] Sandstorm\n|-heal|p1b: Kommo-o|82\/100|[from] item: Leftovers\n|upkeep\n|turn|4\n|\n|t:|1700442845\n|switch|p1b: Tyranitar|Tyranitar, L50, M|100\/100\n|move|p2a: Spectrier|Tera Blast|p1a: Iron Bundle|[anim] Tera Blast Steel\n|-damage|p1a: Iron Bundle|0 fnt\n|faint|p1a: Iron Bundle\n|-end|p1a: Iron Bundle|Quark Drive|[silent]\n|-ability|p2a: Spectrier|Grim Neigh|boost\n|-boost|p2a: Spectrier|spa|1\n|move|p2b: Roaring Moon|Acrobatics|p1b: Tyranitar\n|-resisted|p1b: Tyranitar\n|-damage|p1b: Tyranitar|81\/100\n|\n|-weather|Sandstorm|[upkeep]\n|-damage|p2b: Roaring Moon|37\/100|[from] Sandstorm\n|-sideend|p2: WobbahYT|move: Tailwind\n|upkeep\n|\n|t:|1700442858\n|switch|p1a: Flutter Mane|Flutter Mane, L50|100\/100\n|turn|5\n|\n|t:|1700442871\n|move|p2a: Spectrier|Tera Blast|p1a: Flutter Mane|[anim] Tera Blast Steel\n|-supereffective|p1a: Flutter Mane\n|-damage|p1a: Flutter Mane|0 fnt\n|faint|p1a: Flutter Mane\n|-end|p1a: Flutter Mane|Protosynthesis|[silent]\n|-ability|p2a: Spectrier|Grim Neigh|boost\n|-boost|p2a: Spectrier|spa|1\n|move|p2b: Roaring Moon|Tailwind|p2b: Roaring Moon\n|-sidestart|p2: WobbahYT|move: Tailwind\n|move|p1b: Tyranitar|Low Kick|p2a: Spectrier\n|-supereffective|p2a: Spectrier\n|-crit|p2a: Spectrier\n|-damage|p2a: Spectrier|2\/100\n|\n|-weather|none\n|upkeep\n|\n|t:|1700442878\n|switch|p1a: Kommo-o|Kommo-o, L50, M|82\/100\n|turn|6\n|-message|Shinysucines94 forfeited.\n|\n|win|WobbahYT\n|raw|Shinysucines94's rating: 1205 &rarr; <strong>1180<\/strong><br \/>(-25 for losing)\n|raw|WobbahYT's rating: 1201 &rarr; <strong>1226<\/strong><br \/>(+25 for winning)\n|l|\u2606Shinysucines94\n","uploadtime":1700442895,"views":17,"p1id":"shinysucines94","p2id":"wobbahyt","formatid":"gen9vgc2023regulatione","rating":1180,"private":0,"password":""}