{"id":"gen9vgc2023regulatione-1995657319","p1":"stepgugga","p2":"haamgamer07","format":"[Gen 9] VGC 2023 Regulation E","log":"|j|\u2606stepgugga\n|j|\u2606haamgamer07\n|t:|1700591395\n|gametype|doubles\n|player|p1|stepgugga|pokemaniac|1185\n|player|p2|haamgamer07|169|1174\n|teamsize|p1|6\n|teamsize|p2|6\n|gen|9\n|tier|[Gen 9] VGC 2023 Regulation E\n|rated|\n|rule|Species Clause: Limit one of each Pok\u00e9mon\n|rule|Item Clause: Limit one of each item\n|clearpoke\n|poke|p1|Armarouge, L50, F|\n|poke|p1|Indeedee-F, L50, F|\n|poke|p1|Sinistcha, L50|\n|poke|p1|Iron Hands, L50|\n|poke|p1|Ninetales-Alola, L50, F|\n|poke|p1|Roaring Moon, L50|\n|poke|p2|Flutter Mane, L50|\n|poke|p2|Iron Hands, L50|\n|poke|p2|Ogerpon-Hearthflame, L50, F|\n|poke|p2|Cresselia, L50, F|\n|poke|p2|Ursaluna, L50, M|\n|poke|p2|Empoleon, L50, F|\n|teampreview|4\n|inactive|Battle timer is ON: inactive players will automatically lose when time's up. (requested by haamgamer07)\n|inactive|haamgamer07 has 60 seconds left.\n|inactive|haamgamer07 has 30 seconds left.\n|inactive|haamgamer07 has 20 seconds left.\n|inactive|haamgamer07 has 15 seconds left.\n|inactive|haamgamer07 has 10 seconds left.\n|inactive|haamgamer07 has 5 seconds left.\n|\n|t:|1700591489\n|start\n|switch|p1a: Armarouge|Armarouge, L50, F|100\/100\n|switch|p1b: Indeedee|Indeedee-F, L50, F|100\/100\n|switch|p2a: Ursaluna|Ursaluna, L50, M|100\/100\n|switch|p2b: Cresselia|Cresselia, L50, F|100\/100\n|-fieldstart|move: Psychic Terrain|[from] ability: Psychic Surge|[of] p1b: Indeedee\n|turn|1\n|inactive|stepgugga has 30 seconds left.\n|inactive|haamgamer07 has 30 seconds left.\n|inactive|stepgugga has 20 seconds left.\n|inactive|haamgamer07 has 20 seconds left.\n|inactive|stepgugga has 15 seconds left.\n|inactive|stepgugga has 10 seconds left.\n|\n|t:|1700591538\n|move|p2a: Ursaluna|Protect|p2a: Ursaluna\n|-singleturn|p2a: Ursaluna|Protect\n|move|p1b: Indeedee|Follow Me|p1b: Indeedee\n|-singleturn|p1b: Indeedee|move: Follow Me\n|move|p2b: Cresselia|Psychic|p1b: Indeedee\n|-resisted|p1b: Indeedee\n|-damage|p1b: Indeedee|89\/100\n|move|p1a: Armarouge|Expanding Force|p2b: Cresselia|[spread] p2b\n|-activate|p2a: Ursaluna|move: Protect\n|-resisted|p2b: Cresselia\n|-damage|p2b: Cresselia|75\/100\n|-damage|p1a: Armarouge|91\/100|[from] item: Life Orb\n|\n|-status|p2a: Ursaluna|brn|[from] item: Flame Orb\n|upkeep\n|turn|2\n|inactive|haamgamer07 has 30 seconds left.\n|\n|t:|1700591564\n|-terastallize|p1a: Armarouge|Psychic\n|-terastallize|p2a: Ursaluna|Steel\n|move|p2b: Cresselia|Helping Hand|p2a: Ursaluna\n|-singleturn|p2a: Ursaluna|Helping Hand|[of] p2b: Cresselia\n|move|p1b: Indeedee|Helping Hand|p1a: Armarouge\n|-singleturn|p1a: Armarouge|Helping Hand|[of] p1b: Indeedee\n|move|p1a: Armarouge|Expanding Force|p2a: Ursaluna|[spread] p2a,p2b\n|-resisted|p2a: Ursaluna\n|-resisted|p2b: Cresselia\n|-damage|p2a: Ursaluna|30\/100 brn\n|-damage|p2b: Cresselia|26\/100\n|-damage|p1a: Armarouge|81\/100|[from] item: Life Orb\n|move|p2a: Ursaluna|Earthquake|p1a: Armarouge|[spread] p1a,p1b\n|-immune|p2b: Cresselia|[from] ability: Levitate\n|-damage|p1a: Armarouge|0 fnt\n|-damage|p1b: Indeedee|0 fnt\n|faint|p1a: Armarouge\n|faint|p1b: Indeedee\n|\n|-damage|p2a: Ursaluna|23\/100 brn|[from] brn\n|upkeep\n|\n|t:|1700591582\n|switch|p1b: Iron Hands|Iron Hands, L50|100\/100\n|switch|p1a: Sinistcha|Sinistcha, L50|100\/100\n|turn|3\n|\n|t:|1700591599\n|switch|p2b: Flutter Mane|Flutter Mane, L50|100\/100\n|move|p2a: Ursaluna|Protect|p2a: Ursaluna\n|-singleturn|p2a: Ursaluna|Protect\n|move|p1a: Sinistcha|Matcha Gotcha|p2b: Flutter Mane|[spread] p2b\n|-activate|p2a: Ursaluna|move: Protect\n|-damage|p2b: Flutter Mane|75\/100\n|move|p1b: Iron Hands|Drain Punch|p2a: Ursaluna\n|-activate|p2a: Ursaluna|move: Protect\n|\n|-damage|p2a: Ursaluna|17\/100 brn|[from] brn\n|upkeep\n|turn|4\n|inactive|stepgugga has 30 seconds left.\n|inactive|haamgamer07 has 30 seconds left.\n|\n|t:|1700591625\n|switch|p2a: Cresselia|Cresselia, L50, F|26\/100\n|move|p2b: Flutter Mane|Protect|p2b: Flutter Mane\n|-singleturn|p2b: Flutter Mane|Protect\n|move|p1a: Sinistcha|Matcha Gotcha|p2b: Flutter Mane|[spread] p2a\n|-activate|p2b: Flutter Mane|move: Protect\n|-damage|p2a: Cresselia|10\/100\n|move|p1b: Iron Hands|Wild Charge|p2a: Cresselia\n|-damage|p2a: Cresselia|0 fnt\n|faint|p2a: Cresselia\n|-damage|p1b: Iron Hands|98\/100|[from] Recoil\n|\n|upkeep\n|\n|t:|1700591647\n|switch|p2a: Ursaluna|Ursaluna, L50, M, tera:Steel|17\/100 brn\n|turn|5\n|\n|t:|1700591665\n|move|p2a: Ursaluna|Protect|p2a: Ursaluna\n|-singleturn|p2a: Ursaluna|Protect\n|move|p2b: Flutter Mane|Dazzling Gleam|p1b: Iron Hands|[spread] p1a,p1b\n|-supereffective|p1b: Iron Hands\n|-damage|p1a: Sinistcha|63\/100\n|-damage|p1b: Iron Hands|65\/100\n|move|p1a: Sinistcha|Matcha Gotcha|p2a: Ursaluna|[spread] p2b\n|-activate|p2a: Ursaluna|move: Protect\n|-damage|p2b: Flutter Mane|46\/100\n|-heal|p1a: Sinistcha|73\/100|[from] drain|[of] p2b: Flutter Mane\n|move|p1b: Iron Hands|Heavy Slam|p2b: Flutter Mane\n|-supereffective|p2b: Flutter Mane\n|-damage|p2b: Flutter Mane|0 fnt\n|faint|p2b: Flutter Mane\n|-end|p2b: Flutter Mane|Protosynthesis|[silent]\n|\n|-damage|p2a: Ursaluna|11\/100 brn|[from] brn\n|-fieldend|move: Psychic Terrain\n|upkeep\n|\n|t:|1700591684\n|switch|p2b: Empoleon|Empoleon, L50, F|100\/100\n|turn|6\n|\n|t:|1700591707\n|move|p2a: Ursaluna|Protect||[still]\n|-fail|p2a: Ursaluna\n|move|p1a: Sinistcha|Matcha Gotcha|p2b: Empoleon|[spread] p2a\n|-miss|p1a: Sinistcha|p2b: Empoleon\n|-resisted|p2a: Ursaluna\n|-damage|p2a: Ursaluna|0 fnt\n|-heal|p1a: Sinistcha|80\/100|[from] drain|[of] p2a: Ursaluna\n|faint|p2a: Ursaluna\n|move|p1b: Iron Hands|Wild Charge|p2b: Empoleon\n|-supereffective|p2b: Empoleon\n|-damage|p2b: Empoleon|1\/100\n|-damage|p1b: Iron Hands|45\/100|[from] Recoil\n|move|p2b: Empoleon|Ice Beam|p1a: Sinistcha\n|-supereffective|p1a: Sinistcha\n|-damage|p1a: Sinistcha|2\/100\n|-status|p1a: Sinistcha|frz\n|-enditem|p1a: Sinistcha|Sitrus Berry|[eat]\n|-heal|p1a: Sinistcha|27\/100 frz|[from] item: Sitrus Berry\n|\n|upkeep\n|turn|7\n|inactive|stepgugga has 30 seconds left.\n|inactive|stepgugga has 20 seconds left.\n|\n|t:|1700591746\n|cant|p1a: Sinistcha|frz\n|move|p1b: Iron Hands|Drain Punch|p2b: Empoleon\n|-supereffective|p2b: Empoleon\n|-damage|p2b: Empoleon|0 fnt\n|-heal|p1b: Iron Hands|45\/100|[from] drain|[of] p2b: Empoleon\n|faint|p2b: Empoleon\n|\n|win|stepgugga\n|raw|stepgugga's rating: 1185 &rarr; <strong>1209<\/strong><br \/>(+24 for winning)\n|raw|haamgamer07's rating: 1174 &rarr; <strong>1150<\/strong><br \/>(-24 for losing)\n","uploadtime":1700591755,"views":2,"p1id":"stepgugga","p2id":"haamgamer07","formatid":"gen9vgc2023regulatione","rating":1150,"private":0,"password":""}