{"id":"gen9vgc2023regulatione-1988960431","p1":"lacabumba","p2":"uuuutttt","format":"[Gen 9] VGC 2023 Regulation E","log":"|j|\u2606lacabumba\n|j|\u2606uuuutttt\n|t:|1699794874\n|gametype|doubles\n|player|p1|lacabumba|fisherman-gen4|1046\n|player|p2|uuuutttt|dahlia|1123\n|teamsize|p1|6\n|teamsize|p2|6\n|gen|9\n|tier|[Gen 9] VGC 2023 Regulation E\n|rated|\n|rule|Species Clause: Limit one of each Pok\u00e9mon\n|rule|Item Clause: Limit one of each item\n|clearpoke\n|poke|p1|Gliscor, L50, M|\n|poke|p1|Arcanine, L50, F|\n|poke|p1|Gholdengo, L50|\n|poke|p1|Iron Hands, L50|\n|poke|p1|Gyarados, L50, F|\n|poke|p1|Flutter Mane, L50|\n|poke|p2|Chien-Pao, L50|\n|poke|p2|Dragonite, L50, F|\n|poke|p2|Landorus-Therian, L50, M|\n|poke|p2|Weezing, L50, F|\n|poke|p2|Flutter Mane, L50|\n|poke|p2|Iron Hands, L50|\n|teampreview|4\n|inactive|Battle timer is ON: inactive players will automatically lose when time's up. (requested by uuuutttt)\n|\n|t:|1699794899\n|start\n|switch|p1a: Gliscor|Gliscor, L50, M|100\/100\n|switch|p1b: Arcanine|Arcanine, L50, F|100\/100\n|switch|p2a: Flutter Mane|Flutter Mane, L50|100\/100\n|switch|p2b: Weezing|Weezing, L50, F|100\/100\n|-ability|p2b: Weezing|Neutralizing Gas\n|turn|1\n|\n|t:|1699794923\n|move|p2a: Flutter Mane|Dazzling Gleam|p1b: Arcanine|[spread] p1a,p1b\n|-resisted|p1b: Arcanine\n|-damage|p1a: Gliscor|56\/100\n|-damage|p1b: Arcanine|73\/100\n|move|p1b: Arcanine|Iron Head|p2a: Flutter Mane\n|-supereffective|p2a: Flutter Mane\n|-damage|p2a: Flutter Mane|24\/100\n|move|p1a: Gliscor|Tailwind|p1a: Gliscor\n|-sidestart|p1: lacabumba|move: Tailwind\n|move|p2b: Weezing|Will-O-Wisp|p1a: Gliscor\n|-status|p1a: Gliscor|brn\n|\n|-heal|p1b: Arcanine|79\/100|[from] item: Leftovers\n|-damage|p1a: Gliscor|50\/100 brn|[from] brn\n|upkeep\n|turn|2\n|\n|t:|1699794941\n|move|p1b: Arcanine|Iron Head|p2a: Flutter Mane\n|-supereffective|p2a: Flutter Mane\n|-damage|p2a: Flutter Mane|0 fnt\n|faint|p2a: Flutter Mane\n|-end|p2a: Flutter Mane|Protosynthesis|[silent]\n|move|p1a: Gliscor|Knock Off|p2b: Weezing\n|-crit|p2b: Weezing\n|-damage|p2b: Weezing|88\/100\n|-enditem|p2b: Weezing|Leftovers|[from] move: Knock Off|[of] p1a: Gliscor\n|move|p2b: Weezing|Sludge Bomb|p1b: Arcanine\n|-damage|p1b: Arcanine|40\/100\n|\n|-heal|p1b: Arcanine|46\/100|[from] item: Leftovers\n|-damage|p1a: Gliscor|44\/100 brn|[from] brn\n|upkeep\n|\n|t:|1699794957\n|switch|p2a: Iron Hands|Iron Hands, L50|100\/100\n|turn|3\n|\n|t:|1699794966\n|-end|p2b: Weezing|ability: Neutralizing Gas\n|-ability|p1b: Arcanine|Intimidate|boost\n|-unboost|p2a: Iron Hands|atk|1\n|-unboost|p2b: Weezing|atk|1\n|switch|p2b: Landorus|Landorus-Therian, L50, M|100\/100\n|-ability|p2b: Landorus|Intimidate|boost\n|-unboost|p1a: Gliscor|atk|1\n|-unboost|p1b: Arcanine|atk|1\n|move|p2a: Iron Hands|Fake Out|p1b: Arcanine\n|-damage|p1b: Arcanine|31\/100\n|cant|p1b: Arcanine|flinch\n|move|p1a: Gliscor|Knock Off|p2a: Iron Hands\n|-resisted|p2a: Iron Hands\n|-damage|p2a: Iron Hands|98\/100\n|-enditem|p2a: Iron Hands|Assault Vest|[from] move: Knock Off|[of] p1a: Gliscor\n|\n|-heal|p1b: Arcanine|37\/100|[from] item: Leftovers\n|-damage|p1a: Gliscor|38\/100 brn|[from] brn\n|upkeep\n|turn|4\n|inactive|uuuutttt has 30 seconds left.\n|\n|t:|1699794994\n|move|p1a: Gliscor|Protect|p1a: Gliscor\n|-singleturn|p1a: Gliscor|Protect\n|move|p1b: Arcanine|Will-O-Wisp|p2b: Landorus\n|-status|p2b: Landorus|brn\n|move|p2b: Landorus|Rock Slide|p1a: Gliscor|[spread] p1b\n|-activate|p1a: Gliscor|move: Protect\n|-supereffective|p1b: Arcanine\n|-damage|p1b: Arcanine|9\/100\n|move|p2a: Iron Hands|Drain Punch|p1b: Arcanine\n|-damage|p1b: Arcanine|0 fnt\n|-heal|p2a: Iron Hands|100\/100|[from] drain|[of] p1b: Arcanine\n|faint|p1b: Arcanine\n|\n|-damage|p1a: Gliscor|32\/100 brn|[from] brn\n|-damage|p2b: Landorus|94\/100 brn|[from] brn\n|-sideend|p1: lacabumba|move: Tailwind\n|upkeep\n|\n|t:|1699795012\n|switch|p1b: Iron Hands|Iron Hands, L50|100\/100\n|turn|5\n|\n|t:|1699795025\n|move|p2b: Landorus|Stomping Tantrum|p1b: Iron Hands\n|-supereffective|p1b: Iron Hands\n|-damage|p1b: Iron Hands|75\/100\n|move|p1a: Gliscor|Tailwind|p1a: Gliscor\n|-sidestart|p1: lacabumba|move: Tailwind\n|move|p1b: Iron Hands|Ice Punch|p2b: Landorus\n|-supereffective|p2b: Landorus\n|-damage|p2b: Landorus|0 fnt\n|faint|p2b: Landorus\n|move|p2a: Iron Hands|Drain Punch|p1b: Iron Hands\n|-damage|p1b: Iron Hands|56\/100\n|\n|-damage|p1a: Gliscor|26\/100 brn|[from] brn\n|upkeep\n|c|\u2606lacabumba|YOOOOO\n|c|\u2606lacabumba|XD\n|\n|t:|1699795035\n|switch|p2b: Weezing|Weezing, L50, F|88\/100\n|-ability|p2b: Weezing|Neutralizing Gas\n|turn|6\n|inactive|lacabumba has 30 seconds left.\n|\n|t:|1699795063\n|move|p1a: Gliscor|Protect|p1a: Gliscor\n|-singleturn|p1a: Gliscor|Protect\n|move|p1b: Iron Hands|Drain Punch|p2a: Iron Hands\n|-damage|p2a: Iron Hands|77\/100\n|-heal|p1b: Iron Hands|67\/100|[from] drain|[of] p2a: Iron Hands\n|move|p2b: Weezing|Will-O-Wisp|p1b: Iron Hands\n|-status|p1b: Iron Hands|brn\n|move|p2a: Iron Hands|Drain Punch|p1b: Iron Hands\n|-damage|p1b: Iron Hands|48\/100 brn\n|-heal|p2a: Iron Hands|87\/100|[from] drain|[of] p1b: Iron Hands\n|\n|-damage|p1a: Gliscor|20\/100 brn|[from] brn\n|-damage|p1b: Iron Hands|42\/100 brn|[from] brn\n|upkeep\n|turn|7\n|inactive|lacabumba has 30 seconds left.\n|inactive|lacabumba has 20 seconds left.\n|inactive|uuuutttt has 30 seconds left.\n|\n|t:|1699795107\n|move|p1a: Gliscor|Earthquake|p2a: Iron Hands|[spread] p1b,p2a,p2b\n|-supereffective|p1b: Iron Hands\n|-supereffective|p2a: Iron Hands\n|-supereffective|p2b: Weezing\n|-damage|p1b: Iron Hands|33\/100 brn\n|-damage|p2a: Iron Hands|77\/100\n|-damage|p2b: Weezing|75\/100\n|move|p1b: Iron Hands|Ice Punch|p2b: Weezing\n|-damage|p2b: Weezing|65\/100\n|-status|p2b: Weezing|frz\n|cant|p2b: Weezing|frz\n|move|p2a: Iron Hands|Drain Punch|p1b: Iron Hands\n|-damage|p1b: Iron Hands|14\/100 brn\n|-heal|p2a: Iron Hands|86\/100|[from] drain|[of] p1b: Iron Hands\n|\n|-damage|p1a: Gliscor|14\/100 brn|[from] brn\n|-damage|p1b: Iron Hands|8\/100 brn|[from] brn\n|upkeep\n|turn|8\n|c|\u2606lacabumba|xd\n|inactive|lacabumba has 30 seconds left.\n|\n|t:|1699795139\n|-end|p1b: Iron Hands|Quark Drive|[silent]\n|switch|p1b: Gholdengo|Gholdengo, L50|100\/100\n|move|p1a: Gliscor|Knock Off|p2b: Weezing\n|-damage|p2b: Weezing|62\/100 frz\n|cant|p2b: Weezing|frz\n|move|p2a: Iron Hands|Drain Punch|p1b: Gholdengo\n|-immune|p1b: Gholdengo\n|\n|-damage|p1a: Gliscor|8\/100 brn|[from] brn\n|-sideend|p1: lacabumba|move: Tailwind\n|upkeep\n|turn|9\n|c|\u2606lacabumba|xdddd\n|\n|t:|1699795161\n|move|p1a: Gliscor|Tailwind|p1a: Gliscor\n|-sidestart|p1: lacabumba|move: Tailwind\n|move|p1b: Gholdengo|Make It Rain|p2b: Weezing|[spread] p2a,p2b\n|-resisted|p2a: Iron Hands\n|-crit|p2b: Weezing\n|-damage|p2a: Iron Hands|62\/100\n|-damage|p2b: Weezing|0 fnt\n|-unboost|p1b: Gholdengo|spa|1\n|faint|p2b: Weezing\n|-end|p2b: Weezing|ability: Neutralizing Gas\n|move|p2a: Iron Hands|Thunder Punch|p1b: Gholdengo\n|-damage|p1b: Gholdengo|71\/100\n|\n|-damage|p1a: Gliscor|2\/100 brn|[from] brn\n|upkeep\n|turn|10\n|inactive|lacabumba has 30 seconds left.\n|\n|t:|1699795190\n|move|p1b: Gholdengo|Protect|p1b: Gholdengo\n|-singleturn|p1b: Gholdengo|Protect\n|move|p1a: Gliscor|Knock Off|p2a: Iron Hands\n|-resisted|p2a: Iron Hands\n|-damage|p2a: Iron Hands|60\/100\n|move|p2a: Iron Hands|Thunder Punch|p1b: Gholdengo\n|-activate|p1b: Gholdengo|move: Protect\n|\n|-damage|p1a: Gliscor|0 fnt|[from] brn\n|faint|p1a: Gliscor\n|upkeep\n|\n|t:|1699795199\n|switch|p1a: Iron Hands|Iron Hands, L50|8\/100 brn\n|turn|11\n|\n|t:|1699795208\n|move|p1a: Iron Hands|Fake Out|p2a: Iron Hands\n|-damage|p2a: Iron Hands|57\/100\n|move|p1b: Gholdengo|Make It Rain|p2a: Iron Hands\n|-resisted|p2a: Iron Hands\n|-damage|p2a: Iron Hands|37\/100\n|-unboost|p1b: Gholdengo|spa|1\n|cant|p2a: Iron Hands|flinch\n|\n|-damage|p1a: Iron Hands|2\/100 brn|[from] brn\n|upkeep\n|turn|12\n|\n|t:|1699795227\n|move|p1b: Gholdengo|Make It Rain|p2a: Iron Hands\n|-resisted|p2a: Iron Hands\n|-damage|p2a: Iron Hands|20\/100\n|-unboost|p1b: Gholdengo|spa|1\n|move|p1a: Iron Hands|Ice Punch|p2a: Iron Hands\n|-damage|p2a: Iron Hands|13\/100\n|move|p2a: Iron Hands|Thunder Punch|p1b: Gholdengo\n|-damage|p1b: Gholdengo|39\/100\n|\n|-damage|p1a: Iron Hands|0 fnt|[from] brn\n|faint|p1a: Iron Hands\n|-end|p1a: Iron Hands|Quark Drive|[silent]\n|-sideend|p1: lacabumba|move: Tailwind\n|upkeep\n|turn|13\n|c|\u2606lacabumba|epic battle\n|\n|t:|1699795242\n|-terastallize|p2a: Iron Hands|Water\n|move|p1b: Gholdengo|Make It Rain|p2a: Iron Hands\n|-resisted|p2a: Iron Hands\n|-damage|p2a: Iron Hands|0 fnt\n|-unboost|p1b: Gholdengo|spa|1\n|faint|p2a: Iron Hands\n|-end|p2a: Iron Hands|Quark Drive|[silent]\n|\n|win|lacabumba\n|raw|lacabumba's rating: 1046 &rarr; <strong>1086<\/strong><br \/>(+40 for winning)\n|raw|uuuutttt's rating: 1123 &rarr; <strong>1093<\/strong><br \/>(-30 for losing)\n|l|\u2606uuuutttt\n|c|\u2606lacabumba|gg\n","uploadtime":1699795272,"views":13,"p1id":"lacabumba","p2id":"uuuutttt","formatid":"gen9vgc2023regulatione","rating":1086,"private":0,"password":""}