{"id":"gen9vgc2023regulatione-1990533591","p1":"Kua23","p2":"Valhala Alfa","format":"[Gen 9] VGC 2023 Regulation E","log":"|j|\u2606Kua23\n|j|\u2606Valhala Alfa\n|t:|1699979307\n|gametype|doubles\n|player|p1|Kua23|cynthia|1236\n|player|p2|Valhala Alfa|silver|1277\n|teamsize|p1|6\n|teamsize|p2|6\n|gen|9\n|tier|[Gen 9] VGC 2023 Regulation E\n|rated|\n|rule|Species Clause: Limit one of each Pok\u00e9mon\n|rule|Item Clause: Limit one of each item\n|clearpoke\n|poke|p1|Sneasler, L50, F|\n|poke|p1|Indeedee-F, L50, F|\n|poke|p1|Armarouge, L50, F|\n|poke|p1|Urshifu-*, L50, F|\n|poke|p1|Chien-Pao, L50|\n|poke|p1|Tornadus, L50, M|\n|poke|p2|Gulpin, L50, F|\n|poke|p2|Wo-Chien, L50|\n|poke|p2|Garganacl, L50, F|\n|poke|p2|Hippowdon, L50, F|\n|poke|p2|Sinistcha, L50|\n|poke|p2|Gardevoir, L50, M|\n|teampreview|4\n|inactive|Battle timer is ON: inactive players will automatically lose when time's up. (requested by Valhala Alfa)\n|inactive|Valhala Alfa has 60 seconds left.\n|\n|t:|1699979347\n|start\n|switch|p1a: Urshifu|Urshifu-Rapid-Strike, L50, F|100\/100\n|switch|p1b: Armarouge|Armarouge, L50, F|100\/100\n|switch|p2a: Gulpin|Gulpin, L50, F, shiny|100\/100\n|switch|p2b: Garganacl|Garganacl, L50, F|100\/100\n|turn|1\n|\n|t:|1699979365\n|-terastallize|p2b: Garganacl|Water\n|move|p1b: Armarouge|Endure|p1b: Armarouge\n|-singleturn|p1b: Armarouge|move: Endure\n|move|p2b: Garganacl|Wide Guard|p2b: Garganacl\n|-singleturn|p2b: Garganacl|Wide Guard\n|move|p1a: Urshifu|U-turn|p1b: Armarouge\n|-crit|p1b: Armarouge\n|-damage|p1b: Armarouge|61\/100\n|-ability|p1b: Armarouge|Weak Armor|boost\n|-unboost|p1b: Armarouge|def|1\n|-boost|p1b: Armarouge|spe|2\n|\n|t:|1699979377\n|switch|p1a: Indeedee|Indeedee-F, L50, F|100\/100|[from] U-turn\n|-fieldstart|move: Psychic Terrain|[from] ability: Psychic Surge|[of] p1a: Indeedee\n|move|p2a: Gulpin|Poison Gas|p1a: Indeedee|[spread] p1a,p1b\n|-status|p1a: Indeedee|psn\n|-status|p1b: Armarouge|psn\n|\n|-damage|p1b: Armarouge|48\/100 psn|[from] psn\n|-damage|p1a: Indeedee|88\/100 psn|[from] psn\n|upkeep\n|turn|2\n|inactive|Valhala Alfa has 30 seconds left.\n|\n|t:|1699979408\n|move|p2a: Gulpin|Protect|p2a: Gulpin\n|-singleturn|p2a: Gulpin|Protect\n|move|p1a: Indeedee|Follow Me|p1a: Indeedee\n|-singleturn|p1a: Indeedee|move: Follow Me\n|move|p1b: Armarouge|Expanding Force|p2b: Garganacl|[spread] p2b\n|-activate|p2a: Gulpin|move: Protect\n|-damage|p2b: Garganacl|62\/100\n|move|p2b: Garganacl|Salt Cure|p1a: Indeedee\n|-damage|p1a: Indeedee|73\/100 psn\n|-start|p1a: Indeedee|Salt Cure\n|\n|-damage|p1b: Armarouge|36\/100 psn|[from] psn\n|-damage|p1a: Indeedee|61\/100 psn|[from] psn\n|-damage|p1a: Indeedee|49\/100 psn|[from] Salt Cure\n|upkeep\n|turn|3\n|\n|t:|1699979433\n|move|p1a: Indeedee|Helping Hand|p1b: Armarouge\n|-singleturn|p1b: Armarouge|Helping Hand|[of] p1a: Indeedee\n|move|p2b: Garganacl|Wide Guard|p2b: Garganacl\n|-singleturn|p2b: Garganacl|Wide Guard\n|move|p1b: Armarouge|Expanding Force|p2b: Garganacl|[spread] \n|-activate|p2a: Gulpin|move: Wide Guard\n|-activate|p2b: Garganacl|move: Wide Guard\n|move|p2a: Gulpin|Pain Split|p2b: Garganacl\n|-sethp|p2b: Garganacl|74\/100|[from] move: Pain Split|[silent]\n|-sethp|p2a: Gulpin|86\/100|[from] move: Pain Split\n|\n|-damage|p1b: Armarouge|23\/100 psn|[from] psn\n|-damage|p1a: Indeedee|37\/100 psn|[from] psn\n|-damage|p1a: Indeedee|25\/100 psn|[from] Salt Cure\n|upkeep\n|turn|4\n|inactive|Valhala Alfa has 30 seconds left.\n|\n|t:|1699979459\n|switch|p2a: Wo-Chien|Wo-Chien, L50|100\/100\n|-ability|p2a: Wo-Chien|Tablets of Ruin\n|move|p1a: Indeedee|Helping Hand|p1b: Armarouge\n|-singleturn|p1b: Armarouge|Helping Hand|[of] p1a: Indeedee\n|move|p1b: Armarouge|Expanding Force|p2b: Garganacl|[spread] p2b\n|-immune|p2a: Wo-Chien\n|-damage|p2b: Garganacl|12\/100\n|-enditem|p2b: Garganacl|Sitrus Berry|[eat]\n|-heal|p2b: Garganacl|36\/100|[from] item: Sitrus Berry\n|move|p2b: Garganacl|Recover|p2b: Garganacl\n|-heal|p2b: Garganacl|86\/100\n|\n|-damage|p1b: Armarouge|11\/100 psn|[from] psn\n|-damage|p1a: Indeedee|13\/100 psn|[from] psn\n|-damage|p1a: Indeedee|1\/100 psn|[from] Salt Cure\n|upkeep\n|turn|5\n|\n|t:|1699979480\n|move|p2a: Wo-Chien|Protect|p2a: Wo-Chien\n|-singleturn|p2a: Wo-Chien|Protect\n|move|p2b: Garganacl|Protect|p2b: Garganacl\n|-singleturn|p2b: Garganacl|Protect\n|move|p1a: Indeedee|Follow Me|p1a: Indeedee\n|-singleturn|p1a: Indeedee|move: Follow Me\n|move|p1b: Armarouge|Armor Cannon|p2a: Wo-Chien\n|-activate|p2a: Wo-Chien|move: Protect\n|\n|-damage|p1b: Armarouge|0 fnt|[from] psn\n|faint|p1b: Armarouge\n|-damage|p1a: Indeedee|0 fnt|[from] psn\n|faint|p1a: Indeedee\n|-fieldend|move: Psychic Terrain\n|upkeep\n|\n|t:|1699979494\n|switch|p1b: Sneasler|Sneasler, L50, F|100\/100\n|switch|p1a: Urshifu|Urshifu-Rapid-Strike, L50, F|100\/100\n|turn|6\n|\n|t:|1699979518\n|move|p1a: Urshifu|Close Combat|p2a: Wo-Chien\n|-supereffective|p2a: Wo-Chien\n|-damage|p2a: Wo-Chien|22\/100\n|-unboost|p1a: Urshifu|def|1\n|-unboost|p1a: Urshifu|spd|1\n|move|p1b: Sneasler|Dire Claw|p2b: Garganacl\n|-damage|p2b: Garganacl|64\/100\n|move|p2a: Wo-Chien|Leech Seed|p1b: Sneasler\n|-start|p1b: Sneasler|move: Leech Seed\n|move|p2b: Garganacl|Salt Cure|p1a: Urshifu\n|-resisted|p1a: Urshifu\n|-damage|p1a: Urshifu|93\/100\n|-start|p1a: Urshifu|Salt Cure\n|\n|-heal|p2a: Wo-Chien|29\/100|[from] item: Leftovers\n|-damage|p1b: Sneasler|88\/100|[from] Leech Seed|[of] p2a: Wo-Chien\n|-heal|p2a: Wo-Chien|39\/100|[silent]\n|-damage|p1a: Urshifu|68\/100|[from] Salt Cure\n|upkeep\n|turn|7\n|-message|Kua23 forfeited.\n|\n|win|Valhala Alfa\n|raw|Kua23's rating: 1236 &rarr; <strong>1214<\/strong><br \/>(-22 for losing)\n|raw|Valhala Alfa's rating: 1277 &rarr; <strong>1299<\/strong><br \/>(+22 for winning)\n|l|\u2606Kua23\n","uploadtime":1699979545,"views":30,"p1id":"kua23","p2id":"valhalaalfa","formatid":"gen9vgc2023regulatione","rating":1214,"private":0,"password":""}