{"id":"gen9vgc2023regulatione-2000401132","p1":"HemmingfordEQs","p2":"kimsai","format":"[Gen 9] VGC 2023 Regulation E","log":"|j|\u2606HemmingfordEQs\n|j|\u203dkimsai\n|t:|1701191710\n|gametype|doubles\n|player|p1|HemmingfordEQs|cynthia-gen4|1125\n|player|p2|kimsai|ethan|1183\n|teamsize|p1|6\n|teamsize|p2|6\n|gen|9\n|tier|[Gen 9] VGC 2023 Regulation E\n|rated|\n|rule|Species Clause: Limit one of each Pok\u00e9mon\n|rule|Item Clause: Limit one of each item\n|clearpoke\n|poke|p1|Arcanine-Hisui, L50, M|\n|poke|p1|Ogerpon-Wellspring, L50, F|\n|poke|p1|Iron Hands, L50|\n|poke|p1|Tornadus, L50, M|\n|poke|p1|Heatran, L50, M|\n|poke|p1|Chien-Pao, L50|\n|poke|p2|Roaring Moon, L50|\n|poke|p2|Tyranitar, L50, M|\n|poke|p2|Gholdengo, L50|\n|poke|p2|Kingambit, L50, F|\n|poke|p2|Farigiraf, L50, F|\n|poke|p2|Clefairy, L50, M|\n|teampreview|4\n|inactive|Battle timer is ON: inactive players will automatically lose when time's up. (requested by kimsai)\n|inactive|HemmingfordEQs has 60 seconds left.\n|inactive|kimsai has 60 seconds left.\n|inactive|HemmingfordEQs has 30 seconds left.\n|inactive|HemmingfordEQs has 20 seconds left.\n|inactive|HemmingfordEQs has 15 seconds left.\n|inactive|HemmingfordEQs has 10 seconds left.\n|inactive|HemmingfordEQs has 5 seconds left.\n|\n|t:|1701191800\n|start\n|switch|p1a: Arcanine|Arcanine-Hisui, L50, M|100\/100\n|switch|p1b: Ogerpon|Ogerpon-Wellspring, L50, F|100\/100\n|switch|p2a: Clefairy|Clefairy, L50, M|100\/100\n|switch|p2b: Kingambit|Kingambit, L50, F|100\/100\n|-ability|p1a: Arcanine|Intimidate|boost\n|-unboost|p2a: Clefairy|atk|1\n|-unboost|p2b: Kingambit|atk|1\n|-ability|p2b: Kingambit|Defiant|boost\n|-boost|p2b: Kingambit|atk|2\n|turn|1\n|\n|t:|1701191820\n|-terastallize|p2b: Kingambit|Dark\n|move|p2a: Clefairy|Helping Hand|p2b: Kingambit\n|-singleturn|p2b: Kingambit|Helping Hand|[of] p2a: Clefairy\n|move|p1b: Ogerpon|Ivy Cudgel|p2a: Clefairy|[anim] Ivy Cudgel Water\n|-damage|p2a: Clefairy|30\/100\n|move|p1a: Arcanine|Will-O-Wisp|p2b: Kingambit|[miss]\n|-miss|p1a: Arcanine|p2b: Kingambit\n|move|p2b: Kingambit|Kowtow Cleave|p1a: Arcanine\n|-damage|p1a: Arcanine|0 fnt\n|faint|p1a: Arcanine\n|\n|upkeep\n|\n|t:|1701191835\n|switch|p1a: Iron Hands|Iron Hands, L50|100\/100\n|turn|2\n|c|\u2606HemmingfordEQs|Fucking hell\n|\n|t:|1701191855\n|move|p2a: Clefairy|Helping Hand|p2b: Kingambit\n|-singleturn|p2b: Kingambit|Helping Hand|[of] p2a: Clefairy\n|move|p1a: Iron Hands|Fake Out|p2a: Clefairy\n|-damage|p2a: Clefairy|10\/100\n|move|p1b: Ogerpon|Ivy Cudgel|p2b: Kingambit|[anim] Ivy Cudgel Water\n|-damage|p2b: Kingambit|68\/100\n|move|p2b: Kingambit|Kowtow Cleave|p1b: Ogerpon\n|-damage|p1b: Ogerpon|0 fnt\n|faint|p1b: Ogerpon\n|\n|upkeep\n|\n|t:|1701191868\n|switch|p1b: Tornadus|Tornadus, L50, M|100\/100\n|turn|3\n|\n|t:|1701191878\n|move|p2a: Clefairy|Helping Hand|p2b: Kingambit\n|-singleturn|p2b: Kingambit|Helping Hand|[of] p2a: Clefairy\n|move|p1b: Tornadus|Bleakwind Storm|p2b: Kingambit|[spread] p2a,p2b\n|-damage|p2a: Clefairy|0 fnt\n|-damage|p2b: Kingambit|46\/100\n|faint|p2a: Clefairy\n|move|p2b: Kingambit|Kowtow Cleave|p1b: Tornadus\n|-damage|p1b: Tornadus|0 fnt\n|faint|p1b: Tornadus\n|move|p1a: Iron Hands|Drain Punch|p2b: Kingambit\n|-supereffective|p2b: Kingambit\n|-enditem|p2b: Kingambit|Chople Berry|[eat]\n|-enditem|p2b: Kingambit|Chople Berry|[weaken]\n|-damage|p2b: Kingambit|15\/100\n|\n|upkeep\n|\n|t:|1701191898\n|switch|p2a: Tyranitar|Tyranitar, L50, M|100\/100\n|-weather|Sandstorm|[from] ability: Sand Stream|[of] p2a: Tyranitar\n|turn|4\n|\n|t:|1701191910\n|-terastallize|p1a: Iron Hands|Water\n|move|p2a: Tyranitar|High Horsepower|p1a: Iron Hands\n|-damage|p1a: Iron Hands|77\/100\n|move|p1a: Iron Hands|Drain Punch|p2b: Kingambit\n|-supereffective|p2b: Kingambit\n|-crit|p2b: Kingambit\n|-damage|p2b: Kingambit|0 fnt\n|-heal|p1a: Iron Hands|83\/100|[from] drain|[of] p2b: Kingambit\n|faint|p2b: Kingambit\n|\n|-weather|Sandstorm|[upkeep]\n|-damage|p1a: Iron Hands|77\/100|[from] Sandstorm\n|upkeep\n|\n|t:|1701191916\n|switch|p2b: Roaring Moon|Roaring Moon, L50|100\/100\n|-enditem|p2b: Roaring Moon|Booster Energy\n|-activate|p2b: Roaring Moon|ability: Protosynthesis|[fromitem]\n|-start|p2b: Roaring Moon|protosynthesisatk\n|turn|5\n|\n|t:|1701191929\n|move|p2b: Roaring Moon|Acrobatics|p1a: Iron Hands\n|-damage|p1a: Iron Hands|44\/100\n|move|p2a: Tyranitar|Knock Off|p1a: Iron Hands\n|-damage|p1a: Iron Hands|7\/100\n|-enditem|p1a: Iron Hands|Assault Vest|[from] move: Knock Off|[of] p2a: Tyranitar\n|move|p1a: Iron Hands|Drain Punch|p2b: Roaring Moon\n|-supereffective|p2b: Roaring Moon\n|-damage|p2b: Roaring Moon|0 fnt\n|-heal|p1a: Iron Hands|41\/100|[from] drain|[of] p2b: Roaring Moon\n|faint|p2b: Roaring Moon\n|-end|p2b: Roaring Moon|Protosynthesis|[silent]\n|\n|-weather|Sandstorm|[upkeep]\n|-damage|p1a: Iron Hands|35\/100|[from] Sandstorm\n|upkeep\n|turn|6\n|\n|t:|1701191945\n|move|p2a: Tyranitar|Rock Slide|p1a: Iron Hands\n|-damage|p1a: Iron Hands|7\/100\n|move|p1a: Iron Hands|Drain Punch|p2a: Tyranitar\n|-supereffective|p2a: Tyranitar\n|-damage|p2a: Tyranitar|0 fnt\n|-heal|p1a: Iron Hands|47\/100|[from] drain|[of] p2a: Tyranitar\n|faint|p2a: Tyranitar\n|\n|win|HemmingfordEQs\n|raw|HemmingfordEQs's rating: 1125 &rarr; <strong>1154<\/strong><br \/>(+29 for winning)\n|raw|kimsai's rating: 1183 &rarr; <strong>1154<\/strong><br \/>(-29 for losing)\n|l|\u203dkimsai\n","uploadtime":1701191958,"views":9,"p1id":"hemmingfordeqs","p2id":"kimsai","formatid":"gen9vgc2023regulatione","rating":1154,"private":0,"password":""}