{"id":"gen9vgc2023regulatione-1991345339","p1":"XinBluQAQ","p2":"maku8319","format":"[Gen 9] VGC 2023 Regulation E","log":"|j|\u2606XinBluQAQ\n|j|\u2606maku8319\n|n|\u2606XinBluQAQ|xinbluqaq\n|n|\u2606maku8319|maku8319\n|html|View the match progress at <a href=\"\/game-bestof3-gen9vgc2023regulatione-1991345338\">game-bestof3-gen9vgc2023regulatione-1991345338<\/a>\n|t:|1700069418\n|gametype|doubles\n|player|p1|XinBluQAQ|benga|\n|player|p2|maku8319|red|\n|teamsize|p1|6\n|teamsize|p2|6\n|gen|9\n|tier|[Gen 9] VGC 2023 Regulation E\n|rule|Species Clause: Limit one of each Pok\u00e9mon\n|rule|Item Clause: Limit one of each item\n|clearpoke\n|poke|p1|Grimmsnarl, L50, M|\n|poke|p1|Iron Hands, L50|\n|poke|p1|Landorus-Therian, L50, M|\n|poke|p1|Milotic, L50, M|\n|poke|p1|Gholdengo, L50|\n|poke|p1|Ogerpon-Hearthflame, L50, F|\n|poke|p2|Chi-Yu, L50|\n|poke|p2|Iron Hands, L50|\n|poke|p2|Landorus-Therian, L50, M|\n|poke|p2|Dusclops, L50, F|\n|poke|p2|Ogerpon-Wellspring, L50, F|\n|poke|p2|Ursaluna-Bloodmoon, L50, M|\n|teampreview|4\nXinBluQAQ has agreed to open team sheets.\nmaku8319 has agreed to open team sheets.\n|showteam|p1|Grimmsnarl||RoseliBerry|Prankster|SpiritBreak,ThunderWave,PartingShot,FakeOut|||M|||50|,,,,,Steel]Iron Hands||AssaultVest|QuarkDrive|DrainPunch,ThunderPunch,HeavySlam,FakeOut||||||50|,,,,,Fire]Landorus-Therian||ChoiceScarf|Intimidate|TeraBlast,RockSlide,StompingTantrum,Uturn|||M|||50|,,,,,Flying]Milotic||Leftovers|Competitive|Scald,IceBeam,Haze,Protect|||M|||50|,,,,,Steel]Gholdengo||MetalCoat|GoodasGold|MakeItRain,ShadowBall,NastyPlot,Protect||||||50|,,,,,Water]Ogerpon-Hearthflame||HearthflameMask|MoldBreaker|IvyCudgel,HornLeech,SwordsDance,SpikyShield|||F|||50|,,,,,Fire\n|showteam|p2|Chi-Yu||ChoiceSpecs|BeadsofRuin|Overheat,DarkPulse,Snarl,HeatWave||||||50|,,,,,Ghost]Iron Hands||AssaultVest|QuarkDrive|WildCharge,DrainPunch,VoltSwitch,FakeOut||||||50|,,,,,Fire]Landorus-Therian||ChoiceScarf|Intimidate|RockSlide,StompingTantrum,Uturn,TeraBlast|||M|||50|,,,,,Flying]Dusclops||Eviolite|Frisk|WillOWisp,TrickRoom,PainSplit,BrickBreak|||F|||50|,,,,,Dark]Ogerpon-Wellspring||WellspringMask|WaterAbsorb|SpikyShield,FollowMe,HornLeech,IvyCudgel|||F|||50|,,,,,Water]Ursaluna-Bloodmoon||WeaknessPolicy|MindsEye|EarthPower,BloodMoon,HyperVoice,Protect|||M|||50|,,,,,Normal\n|\n|t:|1700069494\n|start\n|switch|p1a: Grimmsnarl|Grimmsnarl, L50, M|100\/100\n|switch|p1b: Milotic|Milotic, L50, M|100\/100\n|switch|p2a: Ogerpon|Ogerpon-Wellspring, L50, F|100\/100\n|switch|p2b: Iron Hands|Iron Hands, L50|100\/100\n|turn|1\n|j| Aries83199\n|\n|t:|1700069537\n|move|p1b: Milotic|Protect|p1b: Milotic\n|-singleturn|p1b: Milotic|Protect\n|move|p2b: Iron Hands|Fake Out|p1a: Grimmsnarl\n|-damage|p1a: Grimmsnarl|89\/100\n|cant|p1a: Grimmsnarl|flinch\n|move|p2a: Ogerpon|Ivy Cudgel|p1a: Grimmsnarl|[anim] Ivy Cudgel Water\n|-damage|p1a: Grimmsnarl|39\/100\n|\n|upkeep\n|turn|2\n|\n|t:|1700069572\n|switch|p2a: Chi-Yu|Chi-Yu, L50|100\/100\n|-ability|p2a: Chi-Yu|Beads of Ruin\n|switch|p1b: Iron Hands|Iron Hands, L50, shiny|100\/100\n|move|p1a: Grimmsnarl|Spirit Break|p2a: Chi-Yu\n|-damage|p2a: Chi-Yu|59\/100\n|-unboost|p2a: Chi-Yu|spa|1\n|move|p2b: Iron Hands|Volt Switch|p1b: Iron Hands\n|-resisted|p1b: Iron Hands\n|-damage|p1b: Iron Hands|95\/100\n|\n|t:|1700069586\n|-end|p2b: Iron Hands|Quark Drive|[silent]\n|switch|p2b: Landorus|Landorus-Therian, L50, M|100\/100|[from] Volt Switch\n|-ability|p2b: Landorus|Intimidate|boost\n|-unboost|p1a: Grimmsnarl|atk|1\n|-unboost|p1b: Iron Hands|atk|1\n|\n|upkeep\n|turn|3\n|\n|t:|1700069614\n|switch|p2a: Iron Hands|Iron Hands, L50|100\/100\n|move|p1b: Iron Hands|Fake Out|p2b: Landorus\n|-damage|p2b: Landorus|90\/100\n|cant|p2b: Landorus|flinch\n|move|p1a: Grimmsnarl|Spirit Break|p2a: Iron Hands\n|-supereffective|p2a: Iron Hands\n|-damage|p2a: Iron Hands|73\/100\n|-unboost|p2a: Iron Hands|spa|1\n|\n|upkeep\n|turn|4\n|\n|t:|1700069689\n|-end|p1b: Iron Hands|Quark Drive|[silent]\n|switch|p1b: Milotic|Milotic, L50, M|100\/100\n|move|p1a: Grimmsnarl|Parting Shot|p2b: Landorus\n|-unboost|p2b: Landorus|atk|1\n|-unboost|p2b: Landorus|spa|1\n|\n|t:|1700069698\n|switch|p1a: Iron Hands|Iron Hands, L50, shiny|95\/100|[from] Parting Shot\n|move|p2b: Landorus|Stomping Tantrum|p1b: Milotic\n|-damage|p1b: Milotic|38\/100\n|move|p2a: Iron Hands|Volt Switch|p1b: Milotic\n|-supereffective|p1b: Milotic\n|-damage|p1b: Milotic|26\/100\n|\n|t:|1700069706\n|-end|p2a: Iron Hands|Quark Drive|[silent]\n|switch|p2a: Ogerpon|Ogerpon-Wellspring, L50, F|100\/100|[from] Volt Switch\n|\n|-heal|p1b: Milotic|32\/100|[from] item: Leftovers\n|upkeep\n|turn|5\n|\n|t:|1700069727\n|switch|p2b: Iron Hands|Iron Hands, L50|73\/100\n|move|p2a: Ogerpon|Spiky Shield|p2a: Ogerpon\n|-singleturn|p2a: Ogerpon|move: Protect\n|move|p1a: Iron Hands|Fake Out|p2a: Ogerpon\n|-activate|p2a: Ogerpon|move: Protect\n|-damage|p1a: Iron Hands|83\/100|[from] Spiky Shield|[of] p2a: Ogerpon\n|move|p1b: Milotic|Ice Beam|p2b: Iron Hands\n|-damage|p2b: Iron Hands|60\/100\n|\n|-heal|p1b: Milotic|38\/100|[from] item: Leftovers\n|upkeep\n|turn|6\n|\n|t:|1700069757\n|switch|p1b: Ogerpon|Ogerpon-Hearthflame, L50, F|100\/100\n|-ability|p1b: Ogerpon|Mold Breaker\n|-end|p2b: Iron Hands|Quark Drive|[silent]\n|switch|p2b: Landorus|Landorus-Therian, L50, M|90\/100\n|-ability|p2b: Landorus|Intimidate|boost\n|-unboost|p1a: Iron Hands|atk|1\n|-unboost|p1b: Ogerpon|atk|1\n|move|p2a: Ogerpon|Horn Leech|p1b: Ogerpon\n|-resisted|p1b: Ogerpon\n|-damage|p1b: Ogerpon|88\/100\n|move|p1a: Iron Hands|Thunder Punch|p2a: Ogerpon\n|-damage|p2a: Ogerpon|73\/100\n|\n|upkeep\n|turn|7\n|\n|t:|1700069814\n|move|p1b: Ogerpon|Spiky Shield|p1b: Ogerpon\n|-singleturn|p1b: Ogerpon|move: Protect\n|move|p2b: Landorus|U-turn|p1b: Ogerpon\n|-activate|p1b: Ogerpon|move: Protect\n|-damage|p2b: Landorus|77\/100|[from] Spiky Shield|[of] p1b: Ogerpon\n|move|p2a: Ogerpon|Ivy Cudgel|p1b: Ogerpon|[anim] Ivy Cudgel Water\n|-activate|p1b: Ogerpon|move: Protect\n|move|p1a: Iron Hands|Thunder Punch|p2a: Ogerpon\n|-crit|p2a: Ogerpon\n|-damage|p2a: Ogerpon|11\/100\n|\n|upkeep\n|turn|8\n|\n|t:|1700069876\n|switch|p1b: Grimmsnarl|Grimmsnarl, L50, M|39\/100\n|switch|p2a: Iron Hands|Iron Hands, L50|60\/100\n|move|p2b: Landorus|U-turn|p1b: Grimmsnarl\n|-damage|p1b: Grimmsnarl|16\/100\n|\n|t:|1700069889\n|switch|p2b: Chi-Yu|Chi-Yu, L50|59\/100|[from] U-turn\n|-ability|p2b: Chi-Yu|Beads of Ruin\n|move|p1a: Iron Hands|Drain Punch|p2a: Iron Hands\n|-damage|p2a: Iron Hands|41\/100\n|-heal|p1a: Iron Hands|93\/100|[from] drain|[of] p2a: Iron Hands\n|\n|upkeep\n|turn|9\n|\n|t:|1700069923\n|switch|p2b: Landorus|Landorus-Therian, L50, M|77\/100\n|-ability|p2b: Landorus|Intimidate|boost\n|-unboost|p1a: Iron Hands|atk|1\n|-unboost|p1b: Grimmsnarl|atk|1\n|move|p1b: Grimmsnarl|Fake Out|p2a: Iron Hands\n|-damage|p2a: Iron Hands|36\/100\n|move|p1a: Iron Hands|Drain Punch|p2a: Iron Hands\n|-damage|p2a: Iron Hands|21\/100\n|-heal|p1a: Iron Hands|100\/100|[from] drain|[of] p2a: Iron Hands\n|cant|p2a: Iron Hands|flinch\n|\n|upkeep\n|turn|10\n|\n|t:|1700069949\n|-end|p1a: Iron Hands|Quark Drive|[silent]\n|switch|p1a: Milotic|Milotic, L50, M|38\/100\n|move|p1b: Grimmsnarl|Parting Shot|p2b: Landorus\n|-unboost|p2b: Landorus|atk|1\n|-unboost|p2b: Landorus|spa|1\n|\n|t:|1700069956\n|switch|p1b: Iron Hands|Iron Hands, L50, shiny|100\/100|[from] Parting Shot\n|move|p2b: Landorus|Stomping Tantrum|p1a: Milotic\n|-damage|p1a: Milotic|9\/100\n|move|p2a: Iron Hands|Drain Punch|p1a: Milotic\n|-damage|p1a: Milotic|0 fnt\n|-heal|p2a: Iron Hands|25\/100|[from] drain|[of] p1a: Milotic\n|faint|p1a: Milotic\n|\n|upkeep\n|\n|t:|1700069960\n|switch|p1a: Grimmsnarl|Grimmsnarl, L50, M|16\/100\n|turn|11\n|\n|t:|1700069988\n|switch|p2b: Chi-Yu|Chi-Yu, L50|59\/100\n|-ability|p2b: Chi-Yu|Beads of Ruin\n|move|p1a: Grimmsnarl|Parting Shot|p2a: Iron Hands\n|-unboost|p2a: Iron Hands|atk|1\n|-unboost|p2a: Iron Hands|spa|1\n|\n|t:|1700069995\n|switch|p1a: Ogerpon|Ogerpon-Hearthflame, L50, F|88\/100|[from] Parting Shot\n|-ability|p1a: Ogerpon|Mold Breaker\n|move|p1b: Iron Hands|Drain Punch|p2b: Chi-Yu\n|-supereffective|p2b: Chi-Yu\n|-damage|p2b: Chi-Yu|0 fnt\n|faint|p2b: Chi-Yu\n|move|p2a: Iron Hands|Drain Punch|p1b: Iron Hands\n|-damage|p1b: Iron Hands|82\/100\n|-heal|p2a: Iron Hands|33\/100|[from] drain|[of] p1b: Iron Hands\n|\n|upkeep\n|\n|t:|1700070006\n|switch|p2b: Landorus|Landorus-Therian, L50, M|77\/100\n|-ability|p2b: Landorus|Intimidate|boost\n|-unboost|p1a: Ogerpon|atk|1\n|-unboost|p1b: Iron Hands|atk|1\n|turn|12\n|\n|t:|1700070032\n|switch|p1a: Grimmsnarl|Grimmsnarl, L50, M|16\/100\n|move|p2b: Landorus|Stomping Tantrum|p1a: Grimmsnarl\n|-damage|p1a: Grimmsnarl|0 fnt\n|faint|p1a: Grimmsnarl\n|move|p1b: Iron Hands|Drain Punch|p2a: Iron Hands\n|-damage|p2a: Iron Hands|13\/100\n|-heal|p1b: Iron Hands|93\/100|[from] drain|[of] p2a: Iron Hands\n|move|p2a: Iron Hands|Drain Punch|p1b: Iron Hands\n|-damage|p1b: Iron Hands|75\/100\n|-heal|p2a: Iron Hands|22\/100|[from] drain|[of] p1b: Iron Hands\n|\n|upkeep\n|\n|t:|1700070041\n|switch|p1a: Ogerpon|Ogerpon-Hearthflame, L50, F|88\/100\n|-ability|p1a: Ogerpon|Mold Breaker\n|turn|13\n|\n|t:|1700070084\n|switch|p2b: Ogerpon|Ogerpon-Wellspring, L50, F|11\/100\n|move|p1a: Ogerpon|Horn Leech|p2b: Ogerpon\n|-damage|p2b: Ogerpon|0 fnt\n|-heal|p1a: Ogerpon|94\/100|[from] drain|[of] p2b: Ogerpon\n|faint|p2b: Ogerpon\n|move|p1b: Iron Hands|Drain Punch|p2a: Iron Hands\n|-damage|p2a: Iron Hands|2\/100\n|-heal|p1b: Iron Hands|85\/100|[from] drain|[of] p2a: Iron Hands\n|move|p2a: Iron Hands|Volt Switch|p1b: Iron Hands\n|-resisted|p1b: Iron Hands\n|-damage|p1b: Iron Hands|82\/100\n|\n|t:|1700070097\n|-end|p2a: Iron Hands|Quark Drive|[silent]\n|switch|p2a: Landorus|Landorus-Therian, L50, M|77\/100|[from] Volt Switch\n|-ability|p2a: Landorus|Intimidate|boost\n|-unboost|p1a: Ogerpon|atk|1\n|-unboost|p1b: Iron Hands|atk|1\n|\n|upkeep\n|\n|t:|1700070100\n|switch|p2b: Iron Hands|Iron Hands, L50|2\/100\n|turn|14\n|\n|t:|1700070127\n|move|p1a: Ogerpon|Spiky Shield|p1a: Ogerpon\n|-singleturn|p1a: Ogerpon|move: Protect\n|move|p2b: Iron Hands|Fake Out|p1b: Iron Hands\n|-damage|p1b: Iron Hands|70\/100\n|move|p2a: Landorus|Stomping Tantrum|p1b: Iron Hands\n|-supereffective|p1b: Iron Hands\n|-damage|p1b: Iron Hands|7\/100\n|cant|p1b: Iron Hands|flinch\n|\n|upkeep\n|turn|15\n|\n|t:|1700070156\n|-terastallize|p1a: Ogerpon|Fire\n|detailschange|p1a: Ogerpon|Ogerpon-Hearthflame-Tera, L50, F, tera:Fire\n|-ability|p1a: Ogerpon|Embody Aspect (Hearthflame)|boost\n|-boost|p1a: Ogerpon|atk|1\n|move|p2a: Landorus|Stomping Tantrum|p1b: Iron Hands\n|-supereffective|p1b: Iron Hands\n|-damage|p1b: Iron Hands|0 fnt\n|faint|p1b: Iron Hands\n|-end|p1b: Iron Hands|Quark Drive|[silent]\n|move|p1a: Ogerpon|Ivy Cudgel|p2a: Landorus|[anim] Ivy Cudgel Fire\n|-damage|p2a: Landorus|0 fnt\n|faint|p2a: Landorus\n|move|p2b: Iron Hands|Drain Punch|p1a: Ogerpon\n|-damage|p1a: Ogerpon|42\/100\n|-heal|p2b: Iron Hands|19\/100|[from] drain|[of] p1a: Ogerpon\n|\n|upkeep\n|turn|16\n|\n|t:|1700070169\n|-terastallize|p2b: Iron Hands|Fire\n|move|p1a: Ogerpon|Ivy Cudgel|p2b: Iron Hands|[anim] Ivy Cudgel Fire\n|-resisted|p2b: Iron Hands\n|-damage|p2b: Iron Hands|0 fnt\n|faint|p2b: Iron Hands\n|-end|p2b: Iron Hands|Quark Drive|[silent]\n|\n|win|XinBluQAQ\n|c|&|\/uhtml prompt-xinbluqaq,XinBluQAQ is ready for game 2!\n|inactive|maku8319 has 50 seconds to confirm battle start!\n|c|&|\/uhtml prompt-xinbluqaq,XinBluQAQ is ready for game 2!\n|c|&|\/uhtml prompt-maku8319,maku8319 is ready for game 2!\nBoth players are ready! Starting next match!\n|l| Aries83199\n","uploadtime":1700070932,"views":27,"p1id":"xinbluqaq","p2id":"maku8319","formatid":"gen9vgc2023regulatione","rating":0,"private":0,"password":""}