{"id":"gen9vgc2023regulatione-1989795838","p1":"BaeruttVGC","p2":"oRinNeGa7V1","format":"[Gen 9] VGC 2023 Regulation E","log":"|j|\u2606BaeruttVGC\n|j|\u2606oRinNeGa7V1\n|t:|1699896433\n|gametype|doubles\n|player|p1|BaeruttVGC|acetrainerf|1263\n|player|p2|oRinNeGa7V1|miriam|1270\n|teamsize|p1|6\n|teamsize|p2|6\n|gen|9\n|tier|[Gen 9] VGC 2023 Regulation E\n|rated|\n|rule|Species Clause: Limit one of each Pok\u00e9mon\n|rule|Item Clause: Limit one of each item\n|clearpoke\n|poke|p1|Electrode-Hisui, L50|\n|poke|p1|Tatsugiri, L50, F|\n|poke|p1|Chi-Yu, L50|\n|poke|p1|Flutter Mane, L50|\n|poke|p1|Great Tusk, L50|\n|poke|p1|Ninetales, L50, M|\n|poke|p2|Tornadus, L50, M|\n|poke|p2|Arcanine-Hisui, L50, F|\n|poke|p2|Iron Hands, L50|\n|poke|p2|Gholdengo, L50|\n|poke|p2|Urshifu-*, L50, M|\n|poke|p2|Ogerpon-Wellspring, L50, F|\n|teampreview|4\nBaeruttVGC has agreed to open team sheets.\n|inactive|Battle timer is ON: inactive players will automatically lose when time's up. (requested by oRinNeGa7V1)\n|inactive|BaeruttVGC has 60 seconds left.\n|\n|t:|1699896512\n|start\n|switch|p1a: Great Tusk|Great Tusk, L50|100\/100\n|switch|p1b: Ninetales|Ninetales, L50, M|100\/100\n|switch|p2a: Tornadus|Tornadus, L50, M|100\/100\n|switch|p2b: Urshifu|Urshifu-Rapid-Strike, L50, M|100\/100\n|-weather|SunnyDay|[from] ability: Drought|[of] p1b: Ninetales\n|-activate|p1a: Great Tusk|ability: Protosynthesis\n|-start|p1a: Great Tusk|protosynthesisatk\n|turn|1\n|inactive|BaeruttVGC has 30 seconds left.\n|inactive|BaeruttVGC has 20 seconds left.\n|inactive|oRinNeGa7V1 has 30 seconds left.\n|inactive|BaeruttVGC has 15 seconds left.\n|inactive|BaeruttVGC has 10 seconds left.\n|inactive|BaeruttVGC has 5 seconds left.\n|\n|t:|1699896563\n|-end|p1a: Great Tusk|Protosynthesis|[silent]\n|switch|p1a: Chi-Yu|Chi-Yu, L50|100\/100\n|-ability|p1a: Chi-Yu|Beads of Ruin\n|-terastallize|p1b: Ninetales|Water\n|move|p2a: Tornadus|Rain Dance|p2a: Tornadus\n|-weather|RainDance\n|move|p2b: Urshifu|Surging Strikes|p1a: Chi-Yu\n|-supereffective|p1a: Chi-Yu\n|-crit|p1a: Chi-Yu\n|-damage|p1a: Chi-Yu|10\/100\n|-supereffective|p1a: Chi-Yu\n|-crit|p1a: Chi-Yu\n|-damage|p1a: Chi-Yu|0 fnt\n|faint|p1a: Chi-Yu\n|-hitcount|p1: Chi-Yu|2\n|move|p1b: Ninetales|Will-O-Wisp|p2b: Urshifu\n|-status|p2b: Urshifu|brn\n|\n|-weather|RainDance|[upkeep]\n|-damage|p2b: Urshifu|94\/100 brn|[from] brn\n|upkeep\n|\n|t:|1699896581\n|switch|p1a: Flutter Mane|Flutter Mane, L50|100\/100\n|-enditem|p1a: Flutter Mane|Booster Energy\n|-activate|p1a: Flutter Mane|ability: Protosynthesis|[fromitem]\n|-start|p1a: Flutter Mane|protosynthesisspe\n|turn|2\n|\n|t:|1699896596\n|switch|p1b: Great Tusk|Great Tusk, L50|100\/100\n|move|p2a: Tornadus|Tailwind|p2a: Tornadus\n|-sidestart|p2: oRinNeGa7V1|move: Tailwind\n|move|p2b: Urshifu|Surging Strikes|p1a: Flutter Mane\n|-crit|p1a: Flutter Mane\n|-damage|p1a: Flutter Mane|76\/100\n|-crit|p1a: Flutter Mane\n|-damage|p1a: Flutter Mane|50\/100\n|-crit|p1a: Flutter Mane\n|-damage|p1a: Flutter Mane|24\/100\n|-hitcount|p1a: Flutter Mane|3\n|move|p1a: Flutter Mane|Moonblast|p2b: Urshifu\n|-supereffective|p2b: Urshifu\n|-damage|p2b: Urshifu|0 fnt\n|faint|p2b: Urshifu\n|\n|-weather|RainDance|[upkeep]\n|upkeep\n|\n|t:|1699896609\n|switch|p2b: Iron Hands|Iron Hands, L50|100\/100\n|turn|3\n|\n|t:|1699896617\n|-terastallize|p2b: Iron Hands|Grass\n|move|p1a: Flutter Mane|Moonblast|p2a: Tornadus\n|-damage|p2a: Tornadus|53\/100\n|move|p2a: Tornadus|Bleakwind Storm|p1b: Great Tusk|[spread] p1a,p1b\n|-supereffective|p1b: Great Tusk\n|-damage|p1a: Flutter Mane|0 fnt\n|-damage|p1b: Great Tusk|55\/100\n|faint|p1a: Flutter Mane\n|-end|p1a: Flutter Mane|Protosynthesis|[silent]\n|move|p2b: Iron Hands|Heavy Slam|p1b: Great Tusk\n|-damage|p1b: Great Tusk|44\/100\n|move|p1b: Great Tusk|Rock Slide|p2b: Iron Hands|[spread] p2a,p2b\n|-supereffective|p2a: Tornadus\n|-damage|p2a: Tornadus|7\/100\n|-damage|p2b: Iron Hands|87\/100\n|\n|-weather|RainDance|[upkeep]\n|upkeep\n|\n|t:|1699896630\n|switch|p1a: Ninetales|Ninetales, L50, M, tera:Water|100\/100\n|-weather|SunnyDay|[from] ability: Drought|[of] p1a: Ninetales\n|-activate|p1b: Great Tusk|ability: Protosynthesis\n|-start|p1b: Great Tusk|protosynthesisatk\n|turn|4\n|\n|t:|1699896644\n|move|p2a: Tornadus|Rain Dance|p2a: Tornadus\n|-weather|RainDance\n|-end|p1b: Great Tusk|Protosynthesis\n|move|p1a: Ninetales|Heat Wave|p2b: Iron Hands|[spread] p2a\n|-miss|p1a: Ninetales|p2b: Iron Hands\n|-damage|p2a: Tornadus|0 fnt\n|faint|p2a: Tornadus\n|move|p2b: Iron Hands|Drain Punch|p1b: Great Tusk\n|-damage|p1b: Great Tusk|16\/100\n|-heal|p2b: Iron Hands|98\/100|[from] drain|[of] p1b: Great Tusk\n|move|p1b: Great Tusk|Close Combat|p2b: Iron Hands\n|-damage|p2b: Iron Hands|57\/100\n|-unboost|p1b: Great Tusk|def|1\n|-unboost|p1b: Great Tusk|spd|1\n|\n|-weather|RainDance|[upkeep]\n|upkeep\n|\n|t:|1699896652\n|switch|p2a: Arcanine|Arcanine-Hisui, L50, F|100\/100\n|-ability|p2a: Arcanine|Intimidate|boost\n|-unboost|p1a: Ninetales|atk|1\n|-unboost|p1b: Great Tusk|atk|1\n|turn|5\n|\n|t:|1699896667\n|move|p2a: Arcanine|Extreme Speed|p1b: Great Tusk\n|-damage|p1b: Great Tusk|0 fnt\n|faint|p1b: Great Tusk\n|-end|p1b: Great Tusk|Protosynthesis|[silent]\n|move|p1a: Ninetales|Heat Wave|p2a: Arcanine|[spread] p2a,p2b\n|-resisted|p2a: Arcanine\n|-supereffective|p2b: Iron Hands\n|-damage|p2a: Arcanine|98\/100\n|-damage|p2b: Iron Hands|49\/100\n|move|p2b: Iron Hands|Drain Punch|p1a: Ninetales\n|-damage|p1a: Ninetales|53\/100\n|-heal|p2b: Iron Hands|66\/100|[from] drain|[of] p1a: Ninetales\n|-damage|p2b: Iron Hands|49\/100|[from] item: Rocky Helmet|[of] p1a: Ninetales\n|\n|-weather|RainDance|[upkeep]\n|-sideend|p2: oRinNeGa7V1|move: Tailwind\n|upkeep\n|turn|6\n|-message|BaeruttVGC forfeited.\n|\n|win|oRinNeGa7V1\n|raw|BaeruttVGC's rating: 1263 &rarr; <strong>1239<\/strong><br \/>(-24 for losing)\n|raw|oRinNeGa7V1's rating: 1270 &rarr; <strong>1294<\/strong><br \/>(+24 for winning)\n|l|\u2606BaeruttVGC\n","uploadtime":1699896689,"views":9,"p1id":"baeruttvgc","p2id":"orinnega7v1","formatid":"gen9vgc2023regulatione","rating":1239,"private":0,"password":""}