{"id":"gen9vgc2023regulatione-1991569220","p1":"jamesbouknight","p2":"beyontle","format":"[Gen 9] VGC 2023 Regulation E","log":"|j|\u2606jamesbouknight\n|j|\u2606beyontle\n|t:|1700089369\n|gametype|doubles\n|player|p1|jamesbouknight|1|1295\n|player|p2|beyontle|ingo|1319\n|teamsize|p1|6\n|teamsize|p2|6\n|gen|9\n|tier|[Gen 9] VGC 2023 Regulation E\n|rated|\n|rule|Species Clause: Limit one of each Pok\u00e9mon\n|rule|Item Clause: Limit one of each item\n|clearpoke\n|poke|p1|Tauros-Paldea-Blaze, L50, M|\n|poke|p1|Flutter Mane, L50|\n|poke|p1|Tornadus, L50, M|\n|poke|p1|Ogerpon-Wellspring, L50, F|\n|poke|p1|Landorus-Therian, L50, M|\n|poke|p1|Kingambit, L50, F|\n|poke|p2|Tatsugiri, L50, M|\n|poke|p2|Iron Hands, L50|\n|poke|p2|Ogerpon, L50, F|\n|poke|p2|Arcanine-Hisui, L50, M|\n|poke|p2|Dondozo, L50, M|\n|poke|p2|Roaring Moon, L50|\n|teampreview|4\n|inactive|Battle timer is ON: inactive players will automatically lose when time's up. (requested by jamesbouknight)\n|\n|t:|1700089384\n|start\n|switch|p1a: Tornadus|Tornadus, L50, M|100\/100\n|switch|p1b: Kingambit|Kingambit, L50, F|100\/100\n|switch|p2a: Roaring Moon|Roaring Moon, L50|100\/100\n|switch|p2b: Iron Hands|Iron Hands, L50|100\/100\n|-enditem|p2a: Roaring Moon|Booster Energy\n|-activate|p2a: Roaring Moon|ability: Protosynthesis|[fromitem]\n|-start|p2a: Roaring Moon|protosynthesisspe\n|turn|1\n|\n|t:|1700089400\n|move|p1b: Kingambit|Protect|p1b: Kingambit\n|-singleturn|p1b: Kingambit|Protect\n|move|p2b: Iron Hands|Fake Out|p1b: Kingambit\n|-activate|p1b: Kingambit|move: Protect\n|move|p1a: Tornadus|Tailwind|p1a: Tornadus\n|-sidestart|p1: jamesbouknight|move: Tailwind\n|move|p2a: Roaring Moon|Tailwind|p2a: Roaring Moon\n|-sidestart|p2: beyontle|move: Tailwind\n|\n|upkeep\n|turn|2\n|inactive|jamesbouknight has 30 seconds left.\n|inactive|beyontle has 30 seconds left.\n|\n|t:|1700089430\n|switch|p1b: Landorus|Landorus-Therian, L50, M|100\/100\n|-ability|p1b: Landorus|Intimidate|boost\n|-unboost|p2a: Roaring Moon|atk|1\n|-unboost|p2b: Iron Hands|atk|1\n|move|p2a: Roaring Moon|Acrobatics|p1b: Landorus\n|-damage|p1b: Landorus|70\/100\n|move|p1a: Tornadus|Bleakwind Storm|p2b: Iron Hands|[spread] p2a\n|-miss|p1a: Tornadus|p2b: Iron Hands\n|-damage|p2a: Roaring Moon|72\/100\n|-unboost|p2a: Roaring Moon|spe|1\n|move|p2b: Iron Hands|Drain Punch|p1b: Landorus\n|-resisted|p1b: Landorus\n|-damage|p1b: Landorus|53\/100\n|\n|upkeep\n|turn|3\n|inactive|beyontle has 30 seconds left.\n|\n|t:|1700089462\n|switch|p1a: Tauros|Tauros-Paldea-Blaze, L50, M|100\/100\n|-ability|p1a: Tauros|Intimidate|boost\n|-unboost|p2a: Roaring Moon|atk|1\n|-unboost|p2b: Iron Hands|atk|1\n|-terastallize|p2a: Roaring Moon|Flying\n|move|p1b: Landorus|Stomping Tantrum|p2b: Iron Hands\n|-supereffective|p2b: Iron Hands\n|-damage|p2b: Iron Hands|35\/100\n|move|p2a: Roaring Moon|Knock Off|p1b: Landorus\n|-damage|p1b: Landorus|27\/100\n|-enditem|p1b: Landorus|Choice Scarf|[from] move: Knock Off|[of] p2a: Roaring Moon\n|move|p2b: Iron Hands|Heavy Slam|p1b: Landorus\n|-damage|p1b: Landorus|3\/100\n|\n|upkeep\n|turn|4\n|inactive|beyontle has 30 seconds left.\n|\n|t:|1700089490\n|move|p2a: Roaring Moon|Acrobatics|p1b: Landorus\n|-damage|p1b: Landorus|0 fnt\n|faint|p1b: Landorus\n|move|p1a: Tauros|Will-O-Wisp|p2a: Roaring Moon|[miss]\n|-miss|p1a: Tauros|p2a: Roaring Moon\n|move|p2b: Iron Hands|Drain Punch|p1a: Tauros\n|-damage|p1a: Tauros|79\/100\n|-heal|p2b: Iron Hands|43\/100|[from] drain|[of] p1a: Tauros\n|\n|-sideend|p2: beyontle|move: Tailwind\n|-sideend|p1: jamesbouknight|move: Tailwind\n|upkeep\n|\n|t:|1700089499\n|switch|p1b: Tornadus|Tornadus, L50, M|100\/100\n|turn|5\n|\n|t:|1700089511\n|-end|p2a: Roaring Moon|Protosynthesis|[silent]\n|switch|p2a: Dondozo|Dondozo, L50, M|100\/100\n|-end|p2b: Iron Hands|Quark Drive|[silent]\n|switch|p2b: Tatsugiri|Tatsugiri, L50, M|100\/100\n|-activate|p2b: Tatsugiri|ability: Commander|[of] p2a: Dondozo\n|-boost|p2a: Dondozo|atk|2\n|-boost|p2a: Dondozo|spa|2\n|-boost|p2a: Dondozo|spe|2\n|-boost|p2a: Dondozo|def|2\n|-boost|p2a: Dondozo|spd|2\n|-enditem|p1a: Tauros|Mirror Herb\n|-boost|p1a: Tauros|atk|2|[from] item: Mirror Herb\n|-boost|p1a: Tauros|spa|2|[from] item: Mirror Herb\n|-boost|p1a: Tauros|spe|2|[from] item: Mirror Herb\n|-boost|p1a: Tauros|def|2|[from] item: Mirror Herb\n|-boost|p1a: Tauros|spd|2|[from] item: Mirror Herb\n|move|p1b: Tornadus|Tailwind|p1b: Tornadus\n|-sidestart|p1: jamesbouknight|move: Tailwind\n|move|p1a: Tauros|Will-O-Wisp|p2a: Dondozo|[miss]\n|-miss|p1a: Tauros|p2a: Dondozo\n|\n|upkeep\n|turn|6\n|inactive|jamesbouknight has 30 seconds left.\n|\n|t:|1700089539\n|-terastallize|p1a: Tauros|Dragon\n|move|p1a: Tauros|Raging Bull|p2a: Dondozo\n|-resisted|p2a: Dondozo\n|-damage|p2a: Dondozo|95\/100\n|move|p1b: Tornadus|Bleakwind Storm|p2a: Dondozo|[spread] \n|-miss|p1b: Tornadus|p2b: Tatsugiri\n|-miss|p1b: Tornadus|p2a: Dondozo\n|move|p2a: Dondozo|Wave Crash|p1a: Tauros\n|-resisted|p1a: Tauros\n|-damage|p1a: Tauros|36\/100\n|-damage|p2a: Dondozo|84\/100|[from] Recoil\n|\n|upkeep\n|turn|7\n|\n|t:|1700089555\n|move|p1a: Tauros|Will-O-Wisp|p2a: Dondozo\n|-status|p2a: Dondozo|brn\n|-enditem|p2a: Dondozo|Lum Berry|[eat]\n|-curestatus|p2a: Dondozo|brn|[msg]\n|move|p1b: Tornadus|Bleakwind Storm|p2b: Tatsugiri|[spread] p2a\n|-miss|p1b: Tornadus|p2b: Tatsugiri\n|-damage|p2a: Dondozo|71\/100\n|move|p2a: Dondozo|Order Up|p1a: Tauros\n|-supereffective|p1a: Tauros\n|-damage|p1a: Tauros|0 fnt\n|faint|p1a: Tauros\n|-boost|p2a: Dondozo|atk|1\n|\n|upkeep\n|\n|t:|1700089566\n|switch|p1a: Kingambit|Kingambit, L50, F|100\/100\n|turn|8\n|\n|t:|1700089575\n|move|p1b: Tornadus|Bleakwind Storm|p2b: Tatsugiri|[spread] p2a\n|-miss|p1b: Tornadus|p2b: Tatsugiri\n|-damage|p2a: Dondozo|56\/100\n|move|p2a: Dondozo|Order Up|p1b: Tornadus\n|-damage|p1b: Tornadus|53\/100\n|-boost|p2a: Dondozo|atk|1\n|move|p1a: Kingambit|Swords Dance|p1a: Kingambit\n|-boost|p1a: Kingambit|atk|2\n|\n|-sideend|p1: jamesbouknight|move: Tailwind\n|upkeep\n|turn|9\n|inactive|jamesbouknight has 30 seconds left.\n|\n|t:|1700089607\n|move|p1a: Kingambit|Sucker Punch|p2a: Dondozo\n|-damage|p2a: Dondozo|39\/100\n|move|p2a: Dondozo|Wave Crash|p1b: Tornadus\n|-damage|p1b: Tornadus|0 fnt\n|faint|p1b: Tornadus\n|-damage|p2a: Dondozo|24\/100|[from] Recoil\n|\n|upkeep\n|turn|10\n|\n|t:|1700089620\n|move|p1a: Kingambit|Sucker Punch|p2a: Dondozo\n|-damage|p2a: Dondozo|6\/100\n|move|p2a: Dondozo|Wave Crash|p1a: Kingambit\n|-damage|p1a: Kingambit|0 fnt\n|faint|p1a: Kingambit\n|-damage|p2a: Dondozo|0 fnt|[from] Recoil\n|faint|p2a: Dondozo\n|\n|win|beyontle\n|raw|jamesbouknight's rating: 1295 &rarr; <strong>1272<\/strong><br \/>(-23 for losing)\n|raw|beyontle's rating: 1319 &rarr; <strong>1338<\/strong><br \/>(+19 for winning)\n|l|\u2606jamesbouknight\n","uploadtime":1700089716,"views":7,"p1id":"jamesbouknight","p2id":"beyontle","formatid":"gen9vgc2023regulatione","rating":1272,"private":0,"password":""}