{"id":"gen9vgc2023regulatione-1990631075","p1":"slickrick002","p2":"DoggoGGO","format":"[Gen 9] VGC 2023 Regulation E","log":"|j|\u2606slickrick002\n|j|\u2606DoggoGGO\n|t:|1699987193\n|gametype|doubles\n|player|p1|slickrick002|riley|1155\n|player|p2|DoggoGGO|pokemonrangerf|1175\n|teamsize|p1|6\n|teamsize|p2|6\n|gen|9\n|tier|[Gen 9] VGC 2023 Regulation E\n|rated|\n|rule|Species Clause: Limit one of each Pok\u00e9mon\n|rule|Item Clause: Limit one of each item\n|clearpoke\n|poke|p1|Infernape, L50, M|\n|poke|p1|Greninja-*, L50, M|\n|poke|p1|Torterra, L50, M|\n|poke|p1|Gliscor, L50, M|\n|poke|p1|Urshifu-*, L50, M|\n|poke|p1|Flutter Mane, L50|\n|poke|p2|Ninetales, L50, F|\n|poke|p2|Flutter Mane, L50|\n|poke|p2|Roaring Moon, L50|\n|poke|p2|Talonflame, L50, M|\n|poke|p2|Ogerpon-Hearthflame, L50, F|\n|poke|p2|Cresselia, L50, F|\n|teampreview|4\n|inactive|Battle timer is ON: inactive players will automatically lose when time's up. (requested by slickrick002)\n|\n|t:|1699987224\n|start\n|switch|p1a: Flutter Mane|Flutter Mane, L50|100\/100\n|switch|p1b: Greninja|Greninja, L50, M|100\/100\n|switch|p2a: OU|Flutter Mane, L50|100\/100\n|switch|p2b: Rly Cool Bird|Talonflame, L50, M|100\/100\n|-enditem|p1a: Flutter Mane|Booster Energy\n|-activate|p1a: Flutter Mane|ability: Protosynthesis|[fromitem]\n|-start|p1a: Flutter Mane|protosynthesisspe\n|turn|1\n|\n|t:|1699987241\n|-terastallize|p1a: Flutter Mane|Fairy\n|move|p2b: Rly Cool Bird|Tailwind|p2b: Rly Cool Bird\n|-sidestart|p2: DoggoGGO|move: Tailwind\n|move|p2a: OU|Shadow Ball|p1a: Flutter Mane\n|-damage|p1a: Flutter Mane|30\/100\n|move|p1a: Flutter Mane|Shadow Ball|p2a: OU\n|-supereffective|p2a: OU\n|-damage|p2a: OU|0 fnt\n|faint|p2a: OU\n|-end|p2a: OU|Protosynthesis|[silent]\n|move|p1b: Greninja|Icy Wind|p2b: Rly Cool Bird|[miss]\n|-start|p1b: Greninja|typechange|Ice|[from] ability: Protean\n|-miss|p1b: Greninja|p2b: Rly Cool Bird\n|\n|upkeep\n|\n|t:|1699987265\n|switch|p2a: One Job|Ninetales, L50, F|100\/100\n|-weather|SunnyDay|[from] ability: Drought|[of] p2a: One Job\n|turn|2\n|\n|t:|1699987279\n|move|p1a: Flutter Mane|Protect|p1a: Flutter Mane\n|-singleturn|p1a: Flutter Mane|Protect\n|move|p2b: Rly Cool Bird|Brave Bird|p1a: Flutter Mane\n|-activate|p1a: Flutter Mane|move: Protect\n|move|p2a: One Job|Solar Beam||[still]\n|-prepare|p2a: One Job|Solar Beam\n|-anim|p2a: One Job|Solar Beam|p1b: Greninja\n|-damage|p1b: Greninja|62\/100\n|move|p1b: Greninja|Icy Wind|p2b: Rly Cool Bird|[spread] p2a,p2b\n|-resisted|p2a: One Job\n|-damage|p2a: One Job|94\/100\n|-damage|p2b: Rly Cool Bird|74\/100\n|-unboost|p2a: One Job|spe|1\n|-unboost|p2b: Rly Cool Bird|spe|1\n|\n|-weather|SunnyDay|[upkeep]\n|upkeep\n|turn|3\n|inactive|DoggoGGO has 30 seconds left.\n|inactive|DoggoGGO has 20 seconds left.\n|\n|t:|1699987315\n|move|p2b: Rly Cool Bird|Protect|p2b: Rly Cool Bird\n|-singleturn|p2b: Rly Cool Bird|Protect\n|move|p1a: Flutter Mane|Icy Wind|p2b: Rly Cool Bird|[spread] p2a\n|-activate|p2b: Rly Cool Bird|move: Protect\n|-resisted|p2a: One Job\n|-damage|p2a: One Job|88\/100\n|-unboost|p2a: One Job|spe|1\n|move|p1b: Greninja|Icy Wind|p2b: Rly Cool Bird|[spread] p2a\n|-activate|p2b: Rly Cool Bird|move: Protect\n|-resisted|p2a: One Job\n|-damage|p2a: One Job|82\/100\n|-unboost|p2a: One Job|spe|1\n|move|p2a: One Job|Weather Ball|p1a: Flutter Mane\n|-damage|p1a: Flutter Mane|0 fnt\n|faint|p1a: Flutter Mane\n|-end|p1a: Flutter Mane|Protosynthesis|[silent]\n|\n|-weather|SunnyDay|[upkeep]\n|upkeep\n|\n|t:|1699987337\n|switch|p1a: Urshifu|Urshifu, L50, M|100\/100\n|turn|4\n|inactive|DoggoGGO has 30 seconds left.\n|inactive|DoggoGGO has 20 seconds left.\n|\n|t:|1699987374\n|switch|p2a: Nuisance|Cresselia, L50, F|100\/100\n|move|p1b: Greninja|Helping Hand|p1a: Urshifu\n|-singleturn|p1a: Urshifu|Helping Hand|[of] p1b: Greninja\n|move|p1a: Urshifu|Sucker Punch||[still]\n|-fail|p1a: Urshifu\n|move|p2b: Rly Cool Bird|Brave Bird|p1a: Urshifu\n|-supereffective|p1a: Urshifu\n|-damage|p1a: Urshifu|1\/100\n|-damage|p2b: Rly Cool Bird|37\/100|[from] Recoil\n|\n|-weather|SunnyDay|[upkeep]\n|-sideend|p2: DoggoGGO|move: Tailwind\n|upkeep\n|turn|5\n|inactive|DoggoGGO has 30 seconds left.\n|inactive|DoggoGGO has 20 seconds left.\n|inactive|DoggoGGO has 15 seconds left.\n|inactive|DoggoGGO has 10 seconds left.\n|\n|t:|1699987423\n|switch|p2b: One Job|Ninetales, L50, F|82\/100\n|move|p2a: Nuisance|Ally Switch|p2a: Nuisance\n|swap|p2a: Nuisance|1|[from] move: Ally Switch\n|move|p1a: Urshifu|Sucker Punch||[still]\n|-fail|p1a: Urshifu\n|move|p1b: Greninja|Taunt|p2a: One Job\n|-start|p2a: One Job|move: Taunt\n|\n|-weather|SunnyDay|[upkeep]\n|upkeep\n|turn|6\n|inactive|DoggoGGO has 30 seconds left.\n|inactive|DoggoGGO has 20 seconds left.\n|\n|t:|1699987458\n|switch|p1a: Infernape|Infernape, L50, M|100\/100\n|move|p2b: Nuisance|Ally Switch||[still]\n|-fail|p2b: Nuisance\n|move|p1b: Greninja|Taunt|p2b: Nuisance\n|-start|p2b: Nuisance|move: Taunt\n|move|p2a: One Job|Weather Ball|p1b: Greninja\n|-supereffective|p1b: Greninja\n|-crit|p1b: Greninja\n|-damage|p1b: Greninja|0 fnt\n|faint|p1b: Greninja\n|\n|-weather|SunnyDay|[upkeep]\n|upkeep\n|\n|t:|1699987474\n|switch|p1b: Urshifu|Urshifu, L50, M|1\/100\n|turn|7\n|\n|t:|1699987498\n|switch|p2a: Rly Cool Bird|Talonflame, L50, M|37\/100\n|move|p1a: Infernape|Flare Blitz|p2b: Nuisance\n|-damage|p2b: Nuisance|49\/100\n|-damage|p1a: Infernape|75\/100|[from] Recoil\n|move|p1b: Urshifu|Wicked Blow|p2a: Rly Cool Bird\n|-crit|p2a: Rly Cool Bird\n|-damage|p2a: Rly Cool Bird|0 fnt\n|faint|p2a: Rly Cool Bird\n|move|p2b: Nuisance|Psychic|p1a: Infernape\n|-supereffective|p1a: Infernape\n|-damage|p1a: Infernape|0 fnt\n|faint|p1a: Infernape\n|\n|-weather|SunnyDay|[upkeep]\n|-heal|p2b: Nuisance|55\/100|[from] item: Leftovers\n|upkeep\n|-message|slickrick002 forfeited.\n|\n|win|DoggoGGO\n|raw|slickrick002's rating: 1155 &rarr; <strong>1131<\/strong><br \/>(-24 for losing)\n|raw|DoggoGGO's rating: 1175 &rarr; <strong>1199<\/strong><br \/>(+24 for winning)\n|l|\u2606slickrick002\n","uploadtime":1699987519,"views":7,"p1id":"slickrick002","p2id":"doggoggo","formatid":"gen9vgc2023regulatione","rating":1131,"private":0,"password":""}