{"id":"gen9vgc2023regulatione-1993425759","p1":"LetsGetFluffy","p2":"ruwisc","format":"[Gen 9] VGC 2023 Regulation E","log":"|j|\u2606LetsGetFluffy\n|j|\u2606ruwisc\n|n|\u2606LetsGetFluffy|letsgetfluffy\n|n|\u2606ruwisc|ruwisc\n|html|View the match progress at <a href=\"\/game-bestof3-gen9vgc2023regulatione-1993419999\">game-bestof3-gen9vgc2023regulatione-1993419999<\/a>\n|t:|1700316299\n|gametype|doubles\n|player|p1|LetsGetFluffy|169|\n|player|p2|ruwisc|ethan|\n|teamsize|p1|6\n|teamsize|p2|6\n|gen|9\n|tier|[Gen 9] VGC 2023 Regulation E\n|rule|Species Clause: Limit one of each Pok\u00e9mon\n|rule|Item Clause: Limit one of each item\n|clearpoke\n|poke|p1|Zapdos, L50|\n|poke|p1|Salazzle, L50, F|\n|poke|p1|Scream Tail, L50|\n|poke|p1|Spectrier, L50|\n|poke|p1|Garchomp, L50, M|\n|poke|p1|Orthworm, L50, F|\n|poke|p2|Farigiraf, L50, M|\n|poke|p2|Rillaboom, L50, M|\n|poke|p2|Sableye, L50, F|\n|poke|p2|Sandy Shocks, L50|\n|poke|p2|Sneasler, L50, F|\n|poke|p2|Squawkabilly-Yellow, L50, F|\n|teampreview|4\n|j| SpaceCP\n|j| tommy.jdw\n|\n|t:|1700316363\n|start\n|switch|p1a: Zapdos|Zapdos, L50|100\/100\n|switch|p1b: Orthworm|Orthworm, L50, F|100\/100\n|switch|p2a: Sableye|Sableye, L50, F|100\/100\n|switch|p2b: Squawkabilly|Squawkabilly-Yellow, L50, F|100\/100\n|-ability|p2b: Squawkabilly|Intimidate|boost\n|-unboost|p1a: Zapdos|atk|1\n|-unboost|p1b: Orthworm|atk|1\n|turn|1\n|j| Oddball_Otter\n|\n|t:|1700316422\n|move|p2a: Sableye|Light Screen|p2a: Sableye\n|-sidestart|p2: ruwisc|move: Light Screen\n|move|p2b: Squawkabilly|Tailwind|p2b: Squawkabilly\n|-sidestart|p2: ruwisc|move: Tailwind\n|move|p1a: Zapdos|Tailwind|p1a: Zapdos\n|-sidestart|p1: LetsGetFluffy|move: Tailwind\n|move|p1b: Orthworm|Shed Tail|p1b: Orthworm\n|-start|p1b: Orthworm|Substitute|[from] move: Shed Tail\n|-damage|p1b: Orthworm|50\/100\n|-enditem|p1b: Orthworm|Sitrus Berry|[eat]\n|-heal|p1b: Orthworm|75\/100|[from] item: Sitrus Berry\n|\n|t:|1700316438\n|switch|p1b: Spectrier|Spectrier, L50|100\/100|[from] Shed Tail\n|\n|upkeep\n|turn|2\n|\n|t:|1700316477\n|switch|p1a: Garchomp|Garchomp, L50, M|100\/100\n|move|p2a: Sableye|Encore||[still]\n|-fail|p2a: Sableye\n|move|p1b: Spectrier|Shadow Ball|p2a: Sableye\n|-damage|p2a: Sableye|60\/100\n|move|p2b: Squawkabilly|Parting Shot|p1b: Spectrier\n|-unboost|p1b: Spectrier|atk|1\n|-unboost|p1b: Spectrier|spa|1\n|\n|t:|1700316490\n|switch|p2b: Rillaboom|Rillaboom, L50, M|100\/100|[from] Parting Shot\n|-fieldstart|move: Grassy Terrain|[from] ability: Grassy Surge|[of] p2b: Rillaboom\n|\n|-heal|p2a: Sableye|66\/100|[from] Grassy Terrain\n|upkeep\n|turn|3\n|\n|t:|1700316530\n|move|p1b: Spectrier|Nasty Plot|p1b: Spectrier\n|-boost|p1b: Spectrier|spa|2\n|move|p2b: Rillaboom|Knock Off|p1a: Garchomp\n|-damage|p1a: Garchomp|77\/100\n|-damage|p2b: Rillaboom|88\/100|[from] ability: Rough Skin|[of] p1a: Garchomp\n|-damage|p2b: Rillaboom|72\/100|[from] item: Rocky Helmet|[of] p1a: Garchomp\n|-enditem|p1a: Garchomp|Rocky Helmet|[from] move: Knock Off|[of] p2b: Rillaboom\n|move|p1a: Garchomp|Dragon Claw|p2a: Sableye\n|-crit|p2a: Sableye\n|-damage|p2a: Sableye|6\/100\n|move|p2a: Sableye|Foul Play|p1a: Garchomp\n|-damage|p1a: Garchomp|39\/100\n|-damage|p2a: Sableye|0 fnt|[from] ability: Rough Skin|[of] p1a: Garchomp\n|faint|p2a: Sableye\n|\n|-heal|p2b: Rillaboom|78\/100|[from] Grassy Terrain\n|-heal|p1a: Garchomp|45\/100|[from] Grassy Terrain\n|upkeep\n|\n|t:|1700316559\n|switch|p2a: Squawkabilly|Squawkabilly-Yellow, L50, F|100\/100\n|-ability|p2a: Squawkabilly|Intimidate|boost\n|-unboost|p1a: Garchomp|atk|1\n|-immune|p1b: Spectrier\n|turn|4\n|c| Oddball_Otter|Rough skin rocky helmet goes so crazy\n|\n|t:|1700316598\n|switch|p1a: Zapdos|Zapdos, L50|100\/100\n|move|p1b: Spectrier|Shadow Ball|p2b: Rillaboom\n|-damage|p2b: Rillaboom|47\/100\n|move|p2a: Squawkabilly|Parting Shot|p1b: Spectrier\n|-unboost|p1b: Spectrier|atk|1\n|-unboost|p1b: Spectrier|spa|1\n|\n|t:|1700316607\n|switch|p2a: Sneasler|Sneasler, L50, F|100\/100|[from] Parting Shot\n|-enditem|p2a: Sneasler|Grassy Seed\n|-boost|p2a: Sneasler|def|1|[from] item: Grassy Seed\n|move|p2b: Rillaboom|Knock Off|p1b: Spectrier\n|-supereffective|p1b: Spectrier\n|-end|p1b: Spectrier|Substitute\n|\n|-heal|p2b: Rillaboom|52\/100|[from] Grassy Terrain\n|-sideend|p2: ruwisc|move: Tailwind\n|-sideend|p1: LetsGetFluffy|move: Tailwind\n|upkeep\n|turn|5\n|\n|t:|1700316679\n|move|p2a: Sneasler|Rock Slide|p1b: Spectrier|[spread] p1a,p1b\n|-supereffective|p1a: Zapdos\n|-damage|p1a: Zapdos|63\/100\n|-damage|p1b: Spectrier|75\/100\n|move|p1b: Spectrier|Shadow Ball|p2a: Sneasler\n|-damage|p2a: Sneasler|67\/100\n|move|p2b: Rillaboom|Knock Off|p1b: Spectrier\n|-supereffective|p1b: Spectrier\n|-enditem|p1b: Spectrier|Colbur Berry|[eat]\n|-enditem|p1b: Spectrier|Colbur Berry|[weaken]\n|-damage|p1b: Spectrier|32\/100\n|move|p1a: Zapdos|Hurricane|p2b: Rillaboom\n|-supereffective|p2b: Rillaboom\n|-damage|p2b: Rillaboom|0 fnt\n|faint|p2b: Rillaboom\n|\n|-heal|p2a: Sneasler|74\/100|[from] Grassy Terrain\n|-heal|p1b: Spectrier|38\/100|[from] Grassy Terrain\n|-sideend|p2: ruwisc|move: Light Screen\n|upkeep\n|c|\u2606ruwisc|colbur berry, damn\n|\n|t:|1700316705\n|switch|p2b: Squawkabilly|Squawkabilly-Yellow, L50, F|100\/100\n|-ability|p2b: Squawkabilly|Intimidate|boost\n|-unboost|p1a: Zapdos|atk|1\n|-unboost|p1b: Spectrier|atk|1\n|turn|6\n|\n|t:|1700316744\n|move|p2a: Sneasler|Rock Slide|p1a: Zapdos|[spread] p1a,p1b\n|-supereffective|p1a: Zapdos\n|-damage|p1a: Zapdos|25\/100\n|-damage|p1b: Spectrier|13\/100\n|move|p1b: Spectrier|Shadow Ball|p2a: Sneasler\n|-damage|p2a: Sneasler|25\/100\n|move|p2b: Squawkabilly|Dual Wingbeat|p1b: Spectrier\n|-damage|p1b: Spectrier|0 fnt\n|faint|p1b: Spectrier\n|-hitcount|p1: Spectrier|1\n|move|p1a: Zapdos|Hurricane|p2a: Sneasler|[miss]\n|-miss|p1a: Zapdos|p2a: Sneasler\n|\n|-heal|p2a: Sneasler|31\/100|[from] Grassy Terrain\n|-fieldend|move: Grassy Terrain\n|upkeep\n|\n|t:|1700316762\n|switch|p1b: Orthworm|Orthworm, L50, F|75\/100\n|turn|7\n|c| Oddball_Otter|Huge dodge\n|c| Oddball_Otter|Squawk was faster than zapdos??\n|\n|t:|1700316812\n|-terastallize|p1b: Orthworm|Fire\n|move|p1a: Zapdos|Protect|p1a: Zapdos\n|-singleturn|p1a: Zapdos|Protect\n|move|p2a: Sneasler|Dire Claw|p1a: Zapdos\n|-activate|p1a: Zapdos|move: Protect\n|move|p2b: Squawkabilly|Tailwind|p2b: Squawkabilly\n|-sidestart|p2: ruwisc|move: Tailwind\n|move|p1b: Orthworm|Iron Defense|p1b: Orthworm\n|-boost|p1b: Orthworm|def|2\n|\n|upkeep\n|turn|8\n|\n|t:|1700316847\n|move|p2a: Sneasler|Rock Slide|p1b: Orthworm|[spread] p1a,p1b\n|-supereffective|p1a: Zapdos\n|-supereffective|p1b: Orthworm\n|-damage|p1a: Zapdos|0 fnt\n|-damage|p1b: Orthworm|62\/100\n|faint|p1a: Zapdos\n|move|p2b: Squawkabilly|Dual Wingbeat|p1b: Orthworm\n|-damage|p1b: Orthworm|56\/100\n|-damage|p1b: Orthworm|51\/100\n|-hitcount|p1b: Orthworm|2\n|cant|p1b: Orthworm|flinch\n|\n|upkeep\n|\n|t:|1700316857\n|switch|p1a: Garchomp|Garchomp, L50, M|45\/100\n|turn|9\n|c| tommy.jdw|Flinch hax need to save the day here lmao\n|c|\u2606ruwisc|where there's a rock slide, there's a way\n|c| Oddball_Otter|Final gambit sqwaukabilly, go!\n|\n|t:|1700316906\n|-terastallize|p2a: Sneasler|Flying\n|move|p2a: Sneasler|Rock Slide|p1a: Garchomp|[spread] p1a,p1b\n|-resisted|p1a: Garchomp\n|-supereffective|p1b: Orthworm\n|-damage|p1a: Garchomp|37\/100\n|-damage|p1b: Orthworm|38\/100\n|move|p2b: Squawkabilly|Dual Wingbeat|p1a: Garchomp\n|-damage|p1a: Garchomp|27\/100\n|-damage|p2b: Squawkabilly|88\/100|[from] ability: Rough Skin|[of] p1a: Garchomp\n|-damage|p1a: Garchomp|16\/100\n|-damage|p2b: Squawkabilly|75\/100|[from] ability: Rough Skin|[of] p1a: Garchomp\n|-hitcount|p1a: Garchomp|2\n|move|p1a: Garchomp|Stomping Tantrum|p1b: Orthworm\n|-heal|p1b: Orthworm|63\/100|[from] ability: Earth Eater|[of] p1a: Garchomp\n|cant|p1b: Orthworm|flinch\n|\n|upkeep\n|turn|10\n|c|\u2606LetsGetFluffy|bruh\n|c| tommy.jdw|This is wild\n|c| Oddball_Otter|HUUUUUGE SNEASLER HAX\n|c| tommy.jdw|Otter feeling like a proud dad watching sneasler pop off\n|\n|t:|1700316973\n|move|p2a: Sneasler|Rock Slide|p1b: Orthworm|[spread] p1a,p1b\n|-resisted|p1a: Garchomp\n|-supereffective|p1b: Orthworm\n|-damage|p1a: Garchomp|9\/100\n|-damage|p1b: Orthworm|50\/100\n|move|p2b: Squawkabilly|Dual Wingbeat|p1a: Garchomp\n|-damage|p1a: Garchomp|0 fnt\n|-damage|p2b: Squawkabilly|63\/100|[from] ability: Rough Skin|[of] p1a: Garchomp\n|faint|p1a: Garchomp\n|-hitcount|p1: Garchomp|1\n|cant|p1b: Orthworm|flinch\n|\n|-sideend|p2: ruwisc|move: Tailwind\n|upkeep\n|turn|11\n|c| Oddball_Otter|So true\n|c|\u2606ruwisc|lmao\n|c| tommy.jdw|Omg\n|c|\u2606LetsGetFluffy|..\n|c| Oddball_Otter|Ohmagurd\n|\n|t:|1700316994\n|move|p2a: Sneasler|Dire Claw|p1b: Orthworm\n|-damage|p1b: Orthworm|36\/100\n|-status|p1b: Orthworm|par\n|move|p2b: Squawkabilly|Dual Wingbeat|p1b: Orthworm\n|-damage|p1b: Orthworm|31\/100 par\n|-damage|p1b: Orthworm|26\/100 par\n|-hitcount|p1b: Orthworm|2\n|move|p1b: Orthworm|Body Press|p2a: Sneasler\n|-resisted|p2a: Sneasler\n|-damage|p2a: Sneasler|0 fnt\n|faint|p2a: Sneasler\n|\n|upkeep\n|turn|12\n|\n|t:|1700317012\n|move|p2b: Squawkabilly|Dual Wingbeat|p1b: Orthworm\n|-damage|p1b: Orthworm|21\/100 par\n|-damage|p1b: Orthworm|16\/100 par\n|-hitcount|p1b: Orthworm|2\n|move|p1b: Orthworm|Body Press|p2b: Squawkabilly\n|-damage|p2b: Squawkabilly|0 fnt\n|faint|p2b: Squawkabilly\n|\n|win|LetsGetFluffy\n|c| Oddball_Otter|Para chances even in death\n|c|\u2606LetsGetFluffy|gg\n|c|\u2606ruwisc|ggs\n|c| Oddball_Otter|Ah nvm lmao\n|c| tommy.jdw|Sneasler almost saved him damn\n|l| Oddball_Otter\n|l| tommy.jdw\n|l| SpaceCP\n|l|\u2606ruwisc\n","uploadtime":1700318886,"views":37,"p1id":"letsgetfluffy","p2id":"ruwisc","formatid":"gen9vgc2023regulatione","rating":0,"private":0,"password":""}