{"id":"gen9vgc2023regulatione-1994356046","p1":"Pink_SSB","p2":"AC Wesley","format":"[Gen 9] VGC 2023 Regulation E","log":"|j|\u2606Pink_SSB\n|j|\u2606AC Wesley\n|n|\u2606Pink_SSB|pinkssb\n|n|\u2606AC Wesley|acwesley\n|html|View the match progress at <a href=\"\/game-bestof3-gen9vgc2023regulatione-1994356045\">game-bestof3-gen9vgc2023regulatione-1994356045<\/a>\n|t:|1700434584\n|gametype|doubles\n|player|p1|Pink_SSB|1|\n|player|p2|AC Wesley|thorton|\n|teamsize|p1|6\n|teamsize|p2|6\n|gen|9\n|tier|[Gen 9] VGC 2023 Regulation E\n|rule|Species Clause: Limit one of each Pok\u00e9mon\n|rule|Item Clause: Limit one of each item\n|clearpoke\n|poke|p1|Eiscue, L50, M|\n|poke|p1|Iron Hands, L50|\n|poke|p1|Sinistcha, L50|\n|poke|p1|Landorus-Therian, L50, M|\n|poke|p1|Heatran, L50, F|\n|poke|p1|Flutter Mane, L50|\n|poke|p2|Iron Hands, L50|\n|poke|p2|Farigiraf, L50, F|\n|poke|p2|Ursaluna-Bloodmoon, L50, M|\n|poke|p2|Flutter Mane, L50|\n|poke|p2|Heatran, L50, F|\n|poke|p2|Ogerpon-Wellspring, L50, F|\n|teampreview|4\n|inactive|Battle timer is ON: inactive players will automatically lose when time's up. (requested by AC Wesley)\nAC Wesley has agreed to open team sheets.\nPink_SSB has agreed to open team sheets.\n|showteam|p1|Eiscue||SitrusBerry|IceFace|IcicleCrash,Liquidation,BellyDrum,Protect|||M|||50|,,,,,Ghost]Iron Hands||AssaultVest|QuarkDrive|WildCharge,DrainPunch,FakeOut,HeavySlam||||||50|,,,,,Water]Sinistcha||RockyHelmet|Hospitality|MatchaGotcha,RagePowder,StrengthSap,TrickRoom||||||50|,,,,,Fire]Landorus-Therian||ChoiceScarf|Intimidate|StompingTantrum,TeraBlast,RockSlide,Uturn|||M|||50|,,,,,Flying]Heatran||Leftovers|FlashFire|FlashCannon,HeatWave,EarthPower,Protect|||F|||50|,,,,,Grass]Flutter Mane||BoosterEnergy|Protosynthesis|Moonblast,DazzlingGleam,ShadowBall,Protect||||||50|,,,,,Fairy\n|showteam|p2|Iron Hands||AssaultVest|QuarkDrive|WildCharge,DrainPunch,HeavySlam,FakeOut||||||50|,,,,,Water]Farigiraf||MentalHerb|ArmorTail|TrickRoom,Imprison,DazzlingGleam,Protect|||F|||50|,,,,,Fairy]Ursaluna-Bloodmoon||LifeOrb|MindsEye|VacuumWave,BloodMoon,EarthPower,Protect|||M|||50|,,,,,Poison]Flutter Mane||BoosterEnergy|Protosynthesis|ShadowBall,DazzlingGleam,IcyWind,Taunt||||||50|,,,,,Fairy]Heatran||Leftovers|FlashFire|MagmaStorm,FlashCannon,EarthPower,Protect|||F|||50|,,,,,Grass]Ogerpon-Wellspring||WellspringMask|WaterAbsorb|IvyCudgel,HornLeech,SpikyShield,FollowMe|||F|||50|,,,,,Water\n|inactive|Pink_SSB has 30 seconds left.\n|inactive|AC Wesley has 30 seconds left.\n|inactive|AC Wesley has 20 seconds left.\n|inactive|AC Wesley has 15 seconds left.\n|inactive|AC Wesley has 10 seconds left.\n|inactive|AC Wesley has 5 seconds left.\n|\n|t:|1700434640\n|start\n|switch|p1a: Brian Hands|Iron Hands, L50|100\/100\n|switch|p1b: Tera-Ass|Heatran, L50, F|100\/100\n|switch|p2a: Heatran|Heatran, L50, F|100\/100\n|switch|p2b: Flutter Mane|Flutter Mane, L50|100\/100\n|-enditem|p2b: Flutter Mane|Booster Energy\n|-activate|p2b: Flutter Mane|ability: Protosynthesis|[fromitem]\n|-start|p2b: Flutter Mane|protosynthesisspe\n|turn|1\n|inactive|AC Wesley has 30 seconds left.\n|inactive|AC Wesley has 20 seconds left.\n|inactive|AC Wesley has 15 seconds left.\n|inactive|AC Wesley has 10 seconds left.\n|inactive|AC Wesley has 5 seconds left.\n|\n|t:|1700434694\n|-end|p2b: Flutter Mane|Protosynthesis|[silent]\n|switch|p2b: Ursaluna|Ursaluna-Bloodmoon, L50, M|100\/100\n|-terastallize|p1a: Brian Hands|Water\n|move|p1b: Tera-Ass|Earth Power|p2a: Heatran\n|-supereffective|p2a: Heatran\n|-damage|p2a: Heatran|0 fnt\n|faint|p2a: Heatran\n|move|p1a: Brian Hands|Heavy Slam|p2b: Ursaluna\n|-damage|p2b: Ursaluna|90\/100\n|\n|upkeep\n|\n|t:|1700434710\n|switch|p2a: Farigiraf|Farigiraf, L50, F|100\/100\n|turn|2\n|inactive|AC Wesley has 30 seconds left.\n|\n|t:|1700434737\n|switch|p1b: Brian's Sippy Cup|Sinistcha, L50|100\/100\n|-terastallize|p2b: Ursaluna|Poison\n|move|p1a: Brian Hands|Heavy Slam|p2b: Ursaluna\n|-damage|p2b: Ursaluna|80\/100\n|move|p2b: Ursaluna|Blood Moon|p1a: Brian Hands\n|-damage|p1a: Brian Hands|51\/100\n|-damage|p2b: Ursaluna|70\/100|[from] item: Life Orb\n|move|p2a: Farigiraf|Trick Room|p2a: Farigiraf\n|-fieldstart|move: Trick Room|[of] p2a: Farigiraf\n|\n|upkeep\n|turn|3\n|inactive|Pink_SSB has 30 seconds left.\n|inactive|AC Wesley has 30 seconds left.\n|inactive|AC Wesley has 20 seconds left.\n|\n|t:|1700434775\n|move|p2b: Ursaluna|Protect|p2b: Ursaluna\n|-singleturn|p2b: Ursaluna|Protect\n|move|p1b: Brian's Sippy Cup|Rage Powder|p1b: Brian's Sippy Cup\n|-singleturn|p1b: Brian's Sippy Cup|move: Rage Powder\n|move|p2a: Farigiraf|Imprison|p2a: Farigiraf\n|-start|p2a: Farigiraf|move: Imprison\n|move|p1a: Brian Hands|Wild Charge|p2b: Ursaluna\n|-activate|p2b: Ursaluna|move: Protect\n|\n|upkeep\n|turn|4\n|inactive|Pink_SSB has 30 seconds left.\n|\n|t:|1700434806\n|-end|p1a: Brian Hands|Quark Drive|[silent]\n|switch|p1a: Tera-Ass|Heatran, L50, F|100\/100\n|move|p2b: Ursaluna|Blood Moon|p1a: Tera-Ass\n|-resisted|p1a: Tera-Ass\n|-damage|p1a: Tera-Ass|53\/100\n|-damage|p2b: Ursaluna|60\/100|[from] item: Life Orb\n|move|p2a: Farigiraf|Dazzling Gleam|p1a: Tera-Ass|[spread] p1a,p1b\n|-resisted|p1a: Tera-Ass\n|-damage|p1a: Tera-Ass|49\/100\n|-damage|p1b: Brian's Sippy Cup|84\/100\n|move|p1b: Brian's Sippy Cup|Strength Sap|p2b: Ursaluna\n|-unboost|p2b: Ursaluna|atk|1\n|-heal|p1b: Brian's Sippy Cup|100\/100\n|\n|-heal|p1a: Tera-Ass|56\/100|[from] item: Leftovers\n|upkeep\n|turn|5\n|inactive|AC Wesley has 30 seconds left.\n|\n|t:|1700434833\n|switch|p1a: Uncle Lando|Landorus-Therian, L50, M|100\/100\n|-ability|p1a: Uncle Lando|Intimidate|boost\n|-unboost|p2a: Farigiraf|atk|1\n|-unboost|p2b: Ursaluna|atk|1\n|move|p1b: Brian's Sippy Cup|Rage Powder|p1b: Brian's Sippy Cup\n|-singleturn|p1b: Brian's Sippy Cup|move: Rage Powder\n|move|p2b: Ursaluna|Earth Power|p1b: Brian's Sippy Cup\n|-resisted|p1b: Brian's Sippy Cup\n|-damage|p1b: Brian's Sippy Cup|63\/100\n|-damage|p2b: Ursaluna|50\/100|[from] item: Life Orb\n|move|p2a: Farigiraf|Trick Room|p2a: Farigiraf\n|-fieldend|move: Trick Room\n|\n|upkeep\n|turn|6\n|inactive|AC Wesley has 30 seconds left.\n|\n|t:|1700434870\n|move|p1a: Uncle Lando|U-turn|p2a: Farigiraf\n|-supereffective|p2a: Farigiraf\n|-damage|p2a: Farigiraf|61\/100\n|\n|t:|1700434877\n|switch|p1a: Brian Hands|Iron Hands, L50, tera:Water|51\/100|[from] U-turn\n|move|p1b: Brian's Sippy Cup|Strength Sap|p2a: Farigiraf\n|-unboost|p2a: Farigiraf|atk|1\n|-heal|p1b: Brian's Sippy Cup|99\/100\n|move|p2b: Ursaluna|Blood Moon|p1b: Brian's Sippy Cup\n|-damage|p1b: Brian's Sippy Cup|0 fnt\n|faint|p1b: Brian's Sippy Cup\n|-damage|p2b: Ursaluna|40\/100|[from] item: Life Orb\n|move|p2a: Farigiraf|Trick Room|p2a: Farigiraf\n|-fieldstart|move: Trick Room|[of] p2a: Farigiraf\n|\n|upkeep\n|\n|t:|1700434882\n|switch|p1b: Tera-Ass|Heatran, L50, F|56\/100\n|turn|7\n|inactive|AC Wesley has 30 seconds left.\n|\n|t:|1700434915\n|move|p2b: Ursaluna|Earth Power|p1b: Tera-Ass\n|-supereffective|p1b: Tera-Ass\n|-damage|p1b: Tera-Ass|0 fnt\n|faint|p1b: Tera-Ass\n|-damage|p2b: Ursaluna|30\/100|[from] item: Life Orb\n|move|p2a: Farigiraf|Dazzling Gleam|p1a: Brian Hands\n|-damage|p1a: Brian Hands|40\/100\n|move|p1a: Brian Hands|Wild Charge|p2b: Ursaluna\n|-damage|p2b: Ursaluna|0 fnt\n|faint|p2b: Ursaluna\n|-damage|p1a: Brian Hands|34\/100|[from] Recoil\n|\n|upkeep\n|\n|t:|1700434928\n|switch|p2b: Flutter Mane|Flutter Mane, L50|100\/100\n|switch|p1b: Uncle Lando|Landorus-Therian, L50, M|100\/100\n|-ability|p1b: Uncle Lando|Intimidate|boost\n|-unboost|p2a: Farigiraf|atk|1\n|-unboost|p2b: Flutter Mane|atk|1\n|turn|8\n|\n|t:|1700434943\n|move|p1a: Brian Hands|Heavy Slam|p2b: Flutter Mane\n|-supereffective|p2b: Flutter Mane\n|-damage|p2b: Flutter Mane|0 fnt\n|faint|p2b: Flutter Mane\n|-end|p2b: Flutter Mane|Protosynthesis|[silent]\n|move|p1b: Uncle Lando|Stomping Tantrum|p2a: Farigiraf\n|-damage|p2a: Farigiraf|30\/100\n|move|p2a: Farigiraf|Trick Room|p2a: Farigiraf\n|-fieldend|move: Trick Room\n|\n|upkeep\n|turn|9\n|\n|t:|1700434952\n|move|p1b: Uncle Lando|Stomping Tantrum|p2a: Farigiraf\n|-damage|p2a: Farigiraf|0 fnt\n|faint|p2a: Farigiraf\n|\n|win|Pink_SSB\n|c|&|\/uhtml prompt-acwesley,AC Wesley is ready for game 2!\n|c|&|\/uhtml prompt-pinkssb,Pink_SSB is ready for game 2!\nBoth players are ready! Starting next match!\n|l|\u2606Pink_SSB\n","uploadtime":1700435781,"views":6,"p1id":"pinkssb","p2id":"acwesley","formatid":"gen9vgc2023regulatione","rating":0,"private":0,"password":""}