{"id":"gen9vgc2023regulatione-1992979633","p1":"thedistortionzone","p2":"Goblin728","format":"[Gen 9] VGC 2023 Regulation E","log":"|j|\u2606thedistortionzone\n|j|\u2606Goblin728\n|t:|1700252275\n|gametype|doubles\n|player|p1|thedistortionzone|lucas|\n|player|p2|Goblin728|bugcatcher-gen4dp|\n|teamsize|p1|6\n|teamsize|p2|6\n|gen|9\n|tier|[Gen 9] VGC 2023 Regulation E\n|rule|Species Clause: Limit one of each Pok\u00e9mon\n|rule|Item Clause: Limit one of each item\n|clearpoke\n|poke|p1|Volbeat, L50, M|\n|poke|p1|Spiritomb, L50, F|\n|poke|p1|Baxcalibur, L50, F|\n|poke|p1|Milotic, L50, M|\n|poke|p1|Arcanine, L50, M|\n|poke|p1|Lucario, L50, M|\n|poke|p2|Wigglytuff, L50, M|\n|poke|p2|Ogerpon, L50, F|\n|poke|p2|Scizor, L50, F|\n|poke|p2|Arcanine-Hisui, L50, M|\n|poke|p2|Drifblim, L50, F|\n|poke|p2|Roaring Moon, L50|\n|teampreview|4\n|inactive|Battle timer is ON: inactive players will automatically lose when time's up. (requested by thedistortionzone)\n|c|\u2606Goblin728|GLHF\n|inactiveoff|Battle timer is now OFF.\n|c|\u2606thedistortionzone|GLHF\n|\n|t:|1700252409\n|start\n|switch|p1a: Volbeat|Volbeat, L50, M|100\/100\n|switch|p1b: Baxcalibur|Baxcalibur, L50, F|100\/100\n|switch|p2a: Ogerpon|Ogerpon, L50, F|100\/100\n|switch|p2b: Drifblim|Drifblim, L50, F|100\/100\n|turn|1\n|\n|t:|1700252428\n|switch|p2a: Arcanine|Arcanine-Hisui, L50, M|100\/100\n|-terastallize|p1b: Baxcalibur|Poison\n|move|p1a: Volbeat|Tailwind|p1a: Volbeat\n|-sidestart|p1: thedistortionzone|move: Tailwind\n|move|p1b: Baxcalibur|Icicle Crash|p2a: Arcanine\n|-resisted|p2a: Arcanine\n|-damage|p2a: Arcanine|69\/100\n|move|p2b: Drifblim|Trick Room|p2b: Drifblim\n|-fieldstart|move: Trick Room|[of] p2b: Drifblim\n|\n|upkeep\n|turn|2\n|\n|t:|1700252515\n|switch|p2b: Ogerpon|Ogerpon, L50, F|100\/100\n|-terastallize|p2a: Arcanine|Rock\n|move|p1b: Baxcalibur|Protect|p1b: Baxcalibur\n|-singleturn|p1b: Baxcalibur|Protect\n|move|p1a: Volbeat|Encore||[still]\n|-fail|p1a: Volbeat\n|move|p2a: Arcanine|Head Smash|p1b: Baxcalibur\n|-activate|p1b: Baxcalibur|move: Protect\n|\n|upkeep\n|turn|3\n|\n|t:|1700252549\n|switch|p1b: Lucario|Lucario, L50, M|100\/100\n|move|p2a: Arcanine|Head Smash|p1b: Lucario\n|-resisted|p1b: Lucario\n|-damage|p1b: Lucario|38\/100\n|move|p2b: Ogerpon|U-turn|p1a: Volbeat\n|-damage|p1a: Volbeat|59\/100\n|\n|t:|1700252558\n|switch|p2b: Wigglytuff|Wigglytuff, L50, M|100\/100|[from] U-turn\n|move|p1a: Volbeat|Acrobatics|p2b: Wigglytuff\n|-damage|p2b: Wigglytuff|84\/100\n|\n|upkeep\n|turn|4\n|\n|t:|1700252596\n|switch|p2a: Drifblim|Drifblim, L50, F|100\/100\n|move|p2b: Wigglytuff|Dazzling Gleam|p1b: Lucario|[spread] p1a,p1b\n|-damage|p1a: Volbeat|20\/100\n|-damage|p1b: Lucario|0 fnt\n|faint|p1b: Lucario\n|move|p1a: Volbeat|Acrobatics|p2b: Wigglytuff\n|-damage|p2b: Wigglytuff|65\/100\n|\n|-sideend|p1: thedistortionzone|move: Tailwind\n|upkeep\n|\n|t:|1700252603\n|switch|p1b: Milotic|Milotic, L50, M|100\/100\n|turn|5\n|\n|t:|1700252619\n|move|p2b: Wigglytuff|Energy Ball|p1b: Milotic\n|-supereffective|p1b: Milotic\n|-damage|p1b: Milotic|57\/100\n|move|p2a: Drifblim|Air Slash|p1a: Volbeat\n|-supereffective|p1a: Volbeat\n|-damage|p1a: Volbeat|0 fnt\n|faint|p1a: Volbeat\n|move|p1b: Milotic|Coil|p1b: Milotic\n|-boost|p1b: Milotic|atk|1\n|-boost|p1b: Milotic|def|1\n|-boost|p1b: Milotic|accuracy|1\n|\n|-heal|p1b: Milotic|63\/100|[from] item: Leftovers\n|-fieldend|move: Trick Room\n|upkeep\n|\n|t:|1700252624\n|switch|p1a: Baxcalibur|Baxcalibur, L50, F, tera:Poison|100\/100\n|turn|6\n|\n|t:|1700252649\n|move|p1a: Baxcalibur|High Horsepower|p2b: Wigglytuff\n|-damage|p2b: Wigglytuff|16\/100\n|-enditem|p2b: Wigglytuff|Sitrus Berry|[eat]\n|-heal|p2b: Wigglytuff|41\/100|[from] item: Sitrus Berry\n|move|p1b: Milotic|Ice Beam|p2a: Drifblim\n|-supereffective|p2a: Drifblim\n|-damage|p2a: Drifblim|62\/100\n|move|p2a: Drifblim|Strength Sap|p1a: Baxcalibur\n|-fail|p1a: Baxcalibur|unboost|[from] item: Clear Amulet|[of] p1a: Baxcalibur\n|-heal|p2a: Drifblim|100\/100\n|move|p2b: Wigglytuff|Energy Ball|p1b: Milotic\n|-supereffective|p1b: Milotic\n|-damage|p1b: Milotic|22\/100\n|\n|-heal|p1b: Milotic|28\/100|[from] item: Leftovers\n|upkeep\n|turn|7\n|\n|t:|1700252670\n|move|p2b: Wigglytuff|Helping Hand|p2a: Drifblim\n|-singleturn|p2a: Drifblim|Helping Hand|[of] p2b: Wigglytuff\n|move|p1b: Milotic|Protect|p1b: Milotic\n|-singleturn|p1b: Milotic|Protect\n|move|p1a: Baxcalibur|High Horsepower|p2b: Wigglytuff\n|-damage|p2b: Wigglytuff|0 fnt\n|faint|p2b: Wigglytuff\n|move|p2a: Drifblim|Shadow Ball|p1b: Milotic\n|-activate|p1b: Milotic|move: Protect\n|\n|-heal|p1b: Milotic|34\/100|[from] item: Leftovers\n|upkeep\n|\n|t:|1700252677\n|switch|p2b: Ogerpon|Ogerpon, L50, F|100\/100\n|turn|8\n|\n|t:|1700252764\n|move|p1b: Milotic|Protect||[still]\n|-fail|p1b: Milotic\n|move|p2b: Ogerpon|U-turn|p1a: Baxcalibur\n|-resisted|p1a: Baxcalibur\n|-damage|p1a: Baxcalibur|90\/100\n|\n|t:|1700252768\n|switch|p2b: Arcanine|Arcanine-Hisui, L50, M, tera:Rock|69\/100|[from] U-turn\n|move|p1a: Baxcalibur|Icicle Crash|p2b: Arcanine\n|-damage|p2b: Arcanine|7\/100\n|move|p2a: Drifblim|Shadow Ball|p1b: Milotic\n|-damage|p1b: Milotic|13\/100\n|\n|-heal|p1b: Milotic|19\/100|[from] item: Leftovers\n|upkeep\n|turn|9\n|\n|t:|1700252820\n|move|p1b: Milotic|Protect|p1b: Milotic\n|-singleturn|p1b: Milotic|Protect\n|move|p2b: Arcanine|Rock Slide|p1a: Baxcalibur|[spread] p1a\n|-activate|p1b: Milotic|move: Protect\n|-damage|p1a: Baxcalibur|42\/100\n|move|p1a: Baxcalibur|Icicle Crash|p2b: Arcanine\n|-damage|p2b: Arcanine|0 fnt\n|faint|p2b: Arcanine\n|move|p2a: Drifblim|Shadow Ball|p1a: Baxcalibur\n|-damage|p1a: Baxcalibur|17\/100\n|\n|-heal|p1b: Milotic|24\/100|[from] item: Leftovers\n|upkeep\n|\n|t:|1700252831\n|switch|p2b: Ogerpon|Ogerpon, L50, F|100\/100\n|turn|10\n|\n|t:|1700252843\n|move|p2b: Ogerpon|Stomping Tantrum|p1a: Baxcalibur\n|-supereffective|p1a: Baxcalibur\n|-damage|p1a: Baxcalibur|0 fnt\n|faint|p1a: Baxcalibur\n|move|p1b: Milotic|Ice Beam|p2b: Ogerpon\n|-supereffective|p2b: Ogerpon\n|-damage|p2b: Ogerpon|29\/100\n|move|p2a: Drifblim|Shadow Ball|p1b: Milotic\n|-damage|p1b: Milotic|4\/100\n|\n|-heal|p1b: Milotic|10\/100|[from] item: Leftovers\n|upkeep\n|turn|11\n|\n|t:|1700252854\n|move|p1b: Milotic|Protect|p1b: Milotic\n|-singleturn|p1b: Milotic|Protect\n|move|p2b: Ogerpon|Stomping Tantrum|p1b: Milotic\n|-activate|p1b: Milotic|move: Protect\n|move|p2a: Drifblim|Shadow Ball|p1b: Milotic\n|-activate|p1b: Milotic|move: Protect\n|\n|-heal|p1b: Milotic|15\/100|[from] item: Leftovers\n|upkeep\n|turn|12\n|c|\u2606Goblin728|gg\n|\n|t:|1700252864\n|move|p2b: Ogerpon|Stomping Tantrum|p1b: Milotic\n|-damage|p1b: Milotic|0 fnt\n|faint|p1b: Milotic\n|\n|win|Goblin728\n|c|\u2606thedistortionzone|gg\n|l|\u2606thedistortionzone\n|j|\u2606thedistortionzone\n|player|p1|thedistortionzone|lucas\n","uploadtime":1700252870,"views":21,"p1id":"thedistortionzone","p2id":"goblin728","formatid":"gen9vgc2023regulatione","rating":0,"private":0,"password":""}