{"id":"gen9vgc2023regulatione-1993700892","p1":"Topolatore","p2":"Shadow Ballers","format":"[Gen 9] VGC 2023 Regulation E","log":"|j|\u2606Topolatore\n|j|\u2606Shadow Ballers\n|t:|1700347103\n|gametype|doubles\n|player|p1|Topolatore|cyclistf|1148\n|player|p2|Shadow Ballers|roughneck|1200\n|teamsize|p1|6\n|teamsize|p2|6\n|gen|9\n|tier|[Gen 9] VGC 2023 Regulation E\n|rated|\n|rule|Species Clause: Limit one of each Pok\u00e9mon\n|rule|Item Clause: Limit one of each item\n|clearpoke\n|poke|p1|Chien-Pao, L50|\n|poke|p1|Dragonite, L50, F|\n|poke|p1|Chi-Yu, L50|\n|poke|p1|Flutter Mane, L50|\n|poke|p1|Farigiraf, L50, F|\n|poke|p1|Ursaluna-Bloodmoon, L50, M|\n|poke|p2|Rillaboom, L50, F|\n|poke|p2|Ceruledge, L50, F|\n|poke|p2|Weavile, L50, M|\n|poke|p2|Weezing-Galar, L50, M|\n|poke|p2|Heatran, L50, M|\n|poke|p2|Decidueye, L50, F|\n|teampreview|4\n|inactive|Battle timer is ON: inactive players will automatically lose when time's up. (requested by Shadow Ballers)\n|\n|t:|1700347155\n|start\n|switch|p1a: Dragonite|Dragonite, L50, F|100\/100\n|switch|p1b: Chien-Pao|Chien-Pao, L50|100\/100\n|switch|p2a: Weavile|Weavile, L50, M, shiny|100\/100\n|switch|p2b: Weezing|Weezing-Galar, L50, M, shiny|100\/100\n|-ability|p2b: Weezing|Neutralizing Gas\n|turn|1\n|inactive|Topolatore has 30 seconds left.\n|inactive|Shadow Ballers has 30 seconds left.\n|inactive|Shadow Ballers has 20 seconds left.\n|\n|t:|1700347192\n|move|p2a: Weavile|Fake Out|p1b: Chien-Pao\n|-damage|p1b: Chien-Pao|84\/100\n|cant|p1b: Chien-Pao|flinch\n|move|p1a: Dragonite|Stomping Tantrum|p2b: Weezing\n|-supereffective|p2b: Weezing\n|-damage|p2b: Weezing|26\/100\n|move|p2b: Weezing|Play Rough|p1b: Chien-Pao\n|-supereffective|p1b: Chien-Pao\n|-damage|p1b: Chien-Pao|0 fnt\n|faint|p1b: Chien-Pao\n|\n|upkeep\n|\n|t:|1700347207\n|switch|p1b: Farigiraf|Farigiraf, L50, F|100\/100\n|turn|2\n|\n|t:|1700347221\n|-end|p2b: Weezing|ability: Neutralizing Gas\n|switch|p2b: Rillaboom|Rillaboom, L50, F, shiny|100\/100\n|-fieldstart|move: Grassy Terrain|[from] ability: Grassy Surge|[of] p2b: Rillaboom\n|move|p2a: Weavile|Ice Spinner|p1a: Dragonite\n|-supereffective|p1a: Dragonite\n|-damage|p1a: Dragonite|0 fnt\n|-fieldend|move: Grassy Terrain\n|faint|p1a: Dragonite\n|move|p1b: Farigiraf|Trick Room|p1b: Farigiraf\n|-fieldstart|move: Trick Room|[of] p1b: Farigiraf\n|\n|upkeep\n|\n|t:|1700347231\n|switch|p1a: Ursaluna|Ursaluna-Bloodmoon, L50, M|100\/100\n|turn|3\n|inactive|Shadow Ballers has 30 seconds left.\n|\n|t:|1700347256\n|switch|p2b: Weezing|Weezing-Galar, L50, M, shiny|26\/100\n|-ability|p2b: Weezing|Neutralizing Gas\n|-terastallize|p1a: Ursaluna|Normal\n|-terastallize|p2a: Weavile|Ghost\n|move|p1b: Farigiraf|Helping Hand|p1a: Ursaluna\n|-singleturn|p1a: Ursaluna|Helping Hand|[of] p1b: Farigiraf\n|move|p1a: Ursaluna|Hyper Voice|p2b: Weezing|[spread] p2b\n|-immune|p2a: Weavile\n|-damage|p2b: Weezing|0 fnt\n|faint|p2b: Weezing\n|-end|p2b: Weezing|ability: Neutralizing Gas\n|-enditem|p1a: Ursaluna|Throat Spray\n|-boost|p1a: Ursaluna|spa|1|[from] item: Throat Spray\n|move|p2a: Weavile|Knock Off|p1b: Farigiraf\n|-supereffective|p1b: Farigiraf\n|-damage|p1b: Farigiraf|0 fnt\n|-enditem|p1b: Farigiraf|Safety Goggles|[from] move: Knock Off|[of] p2a: Weavile\n|faint|p1b: Farigiraf\n|\n|upkeep\n|\n|t:|1700347279\n|switch|p2b: Rillaboom|Rillaboom, L50, F, shiny|100\/100\n|-fieldstart|move: Grassy Terrain|[from] ability: Grassy Surge|[of] p2b: Rillaboom\n|turn|4\n|\n|t:|1700347286\n|move|p1a: Ursaluna|Protect|p1a: Ursaluna\n|-singleturn|p1a: Ursaluna|Protect\n|move|p2b: Rillaboom|Fake Out|p1a: Ursaluna\n|-activate|p1a: Ursaluna|move: Protect\n|move|p2a: Weavile|Knock Off|p1a: Ursaluna\n|-activate|p1a: Ursaluna|move: Protect\n|\n|upkeep\n|turn|5\n|\n|t:|1700347308\n|move|p2b: Rillaboom|Grassy Glide|p1a: Ursaluna\n|-damage|p1a: Ursaluna|70\/100\n|move|p1a: Ursaluna|Blood Moon|p2b: Rillaboom\n|-damage|p2b: Rillaboom|0 fnt\n|faint|p2b: Rillaboom\n|move|p2a: Weavile|Knock Off|p1a: Ursaluna\n|-damage|p1a: Ursaluna|47\/100\n|\n|-heal|p1a: Ursaluna|53\/100|[from] Grassy Terrain\n|upkeep\n|\n|t:|1700347320\n|switch|p2b: Ceruledge|Ceruledge, L50, F, shiny|100\/100\n|turn|6\n|\n|t:|1700347327\n|move|p2b: Ceruledge|Protect|p2b: Ceruledge\n|-singleturn|p2b: Ceruledge|Protect\n|move|p1a: Ursaluna|Hyper Voice|p2b: Ceruledge|[spread] p2a\n|-activate|p2b: Ceruledge|move: Protect\n|-enditem|p2a: Weavile|Focus Sash\n|-damage|p2a: Weavile|1\/100\n|move|p2a: Weavile|Ice Spinner|p1a: Ursaluna\n|-damage|p1a: Ursaluna|23\/100\n|-fieldend|move: Grassy Terrain\n|\n|-fieldend|move: Trick Room\n|upkeep\n|turn|7\n|\n|t:|1700347344\n|move|p2a: Weavile|Ice Spinner|p1a: Ursaluna\n|-damage|p1a: Ursaluna|0 fnt\n|faint|p1a: Ursaluna\n|\n|win|Shadow Ballers\n|raw|Topolatore's rating: 1148 &rarr; <strong>1127<\/strong><br \/>(-21 for losing)\n|raw|Shadow Ballers's rating: 1200 &rarr; <strong>1221<\/strong><br \/>(+21 for winning)\n|c|\u2606Shadow Ballers|Gg\n|l|\u2606Topolatore\n","uploadtime":1700347358,"views":10,"p1id":"topolatore","p2id":"shadowballers","formatid":"gen9vgc2023regulatione","rating":1127,"private":0,"password":""}