{"id":"gen9vgc2023regulatione-2000322159","p1":"Order a Plot-Twist","p2":"taco_bowl_mx","format":"[Gen 9] VGC 2023 Regulation E","log":"|j|\u2606Order a Plot-Twist\n|j|\u2606taco_bowl_mx\n|t:|1701184831\n|gametype|doubles\n|player|p1|Order a Plot-Twist|janine|1413\n|player|p2|taco_bowl_mx|dawn-gen4pt|1365\n|teamsize|p1|6\n|teamsize|p2|6\n|gen|9\n|tier|[Gen 9] VGC 2023 Regulation E\n|rated|\n|rule|Species Clause: Limit one of each Pok\u00e9mon\n|rule|Item Clause: Limit one of each item\n|clearpoke\n|poke|p1|Tyranitar, L50, M|\n|poke|p1|Scizor, L50, F|\n|poke|p1|Landorus, L50, M|\n|poke|p1|Mamoswine, L50, M|\n|poke|p1|Arcanine-Hisui, L50, M|\n|poke|p1|Ogerpon-Cornerstone, L50, F|\n|poke|p2|Flutter Mane, L50|\n|poke|p2|Chien-Pao, L50|\n|poke|p2|Iron Hands, L50|\n|poke|p2|Heatran, L50, F|\n|poke|p2|Ogerpon-Wellspring, L50, F|\n|poke|p2|Landorus-Therian, L50, M|\n|teampreview|4\n|inactive|Battle timer is ON: inactive players will automatically lose when time's up. (requested by Order a Plot-Twist)\ntaco_bowl_mx has agreed to open team sheets.\nOrder a Plot-Twist has agreed to open team sheets.\n|inactive|Order a Plot-Twist has 30 seconds left.\n|inactive|Order a Plot-Twist has 20 seconds left.\n|inactive|Order a Plot-Twist has 15 seconds left.\n|inactive|Order a Plot-Twist has 10 seconds left.\n|inactive|Order a Plot-Twist has 5 seconds left.\n|\n|t:|1701184903\n|start\n|switch|p1a: Kohga|Tyranitar, L50, M, shiny|100\/100\n|switch|p1b: Sooga|Scizor, L50, F|100\/100\n|switch|p2a: Iron Hands|Iron Hands, L50, shiny|100\/100\n|switch|p2b: Chien-Pao|Chien-Pao, L50|100\/100\n|-ability|p2b: Chien-Pao|Sword of Ruin\n|-weather|Sandstorm|[from] ability: Sand Stream|[of] p1a: Kohga\n|turn|1\n|inactive|taco_bowl_mx has 30 seconds left.\n|inactive|taco_bowl_mx has 20 seconds left.\n|\n|t:|1701184943\n|switch|p1a: Astor|Landorus, L50, M|100\/100\n|move|p2b: Chien-Pao|Protect|p2b: Chien-Pao\n|-singleturn|p2b: Chien-Pao|Protect\n|move|p1b: Sooga|U-turn|p2b: Chien-Pao\n|-activate|p2b: Chien-Pao|move: Protect\n|move|p2a: Iron Hands|Drain Punch|p1b: Sooga\n|-damage|p1b: Sooga|48\/100\n|\n|-weather|Sandstorm|[upkeep]\n|-damage|p2b: Chien-Pao|95\/100|[from] Sandstorm\n|-damage|p2a: Iron Hands|95\/100|[from] Sandstorm\n|upkeep\n|turn|2\n|\n|t:|1701184962\n|move|p1a: Astor|Protect|p1a: Astor\n|-singleturn|p1a: Astor|Protect\n|move|p2b: Chien-Pao|Ice Spinner|p1a: Astor\n|-activate|p1a: Astor|move: Protect\n|move|p1b: Sooga|U-turn|p2b: Chien-Pao\n|-supereffective|p2b: Chien-Pao\n|-damage|p2b: Chien-Pao|0 fnt\n|faint|p2b: Chien-Pao\n|\n|t:|1701184974\n|switch|p1b: Battle-Tested|Mamoswine, L50, M|100\/100|[from] U-turn\n|move|p2a: Iron Hands|Drain Punch|p1b: Battle-Tested\n|-supereffective|p1b: Battle-Tested\n|-damage|p1b: Battle-Tested|0 fnt\n|-heal|p2a: Iron Hands|100\/100|[from] drain|[of] p1b: Battle-Tested\n|faint|p1b: Battle-Tested\n|\n|-weather|Sandstorm|[upkeep]\n|-damage|p2a: Iron Hands|95\/100|[from] Sandstorm\n|upkeep\n|\n|t:|1701184986\n|switch|p2b: Heatran|Heatran, L50, F|100\/100\n|switch|p1b: Kohga|Tyranitar, L50, M, shiny|100\/100\n|turn|3\n|\n|t:|1701185015\n|move|p2b: Heatran|Protect|p2b: Heatran\n|-singleturn|p2b: Heatran|Protect\n|move|p1b: Kohga|High Horsepower|p2b: Heatran\n|-activate|p2b: Heatran|move: Protect\n|move|p1a: Astor|Earth Power|p2a: Iron Hands\n|-supereffective|p2a: Iron Hands\n|-damage|p2a: Iron Hands|9\/100\n|move|p2a: Iron Hands|Drain Punch|p1b: Kohga\n|-supereffective|p1b: Kohga\n|-damage|p1b: Kohga|0 fnt\n|-heal|p2a: Iron Hands|46\/100|[from] drain|[of] p1b: Kohga\n|faint|p1b: Kohga\n|\n|-weather|Sandstorm|[upkeep]\n|-damage|p2a: Iron Hands|40\/100|[from] Sandstorm\n|upkeep\n|\n|t:|1701185030\n|switch|p1b: Sooga|Scizor, L50, F|48\/100\n|turn|4\n|\n|t:|1701185047\n|switch|p2b: Ogerpon|Ogerpon-Wellspring, L50, F|100\/100\n|-terastallize|p2a: Iron Hands|Water\n|move|p1b: Sooga|Bullet Punch|p2a: Iron Hands\n|-resisted|p2a: Iron Hands\n|-damage|p2a: Iron Hands|22\/100\n|move|p1a: Astor|Earth Power|p2b: Ogerpon\n|-resisted|p2b: Ogerpon\n|-damage|p2b: Ogerpon|64\/100\n|move|p2a: Iron Hands|Drain Punch|p1b: Sooga\n|-damage|p1b: Sooga|5\/100\n|-heal|p2a: Iron Hands|38\/100|[from] drain|[of] p1b: Sooga\n|\n|-weather|Sandstorm|[upkeep]\n|-damage|p2b: Ogerpon|58\/100|[from] Sandstorm\n|-damage|p2a: Iron Hands|32\/100|[from] Sandstorm\n|upkeep\n|turn|5\n|\n|t:|1701185069\n|-end|p2a: Iron Hands|Quark Drive|[silent]\n|switch|p2a: Heatran|Heatran, L50, F|100\/100\n|move|p2b: Ogerpon|Spiky Shield|p2b: Ogerpon\n|-singleturn|p2b: Ogerpon|move: Protect\n|move|p1b: Sooga|Bullet Punch|p2b: Ogerpon\n|-activate|p2b: Ogerpon|move: Protect\n|-damage|p1b: Sooga|0 fnt|[from] Spiky Shield|[of] p2b: Ogerpon\n|faint|p1b: Sooga\n|move|p1a: Astor|Earth Power|p2a: Heatran\n|-supereffective|p2a: Heatran\n|-damage|p2a: Heatran|0 fnt\n|faint|p2a: Heatran\n|\n|-weather|none\n|upkeep\n|\n|t:|1701185082\n|switch|p2a: Iron Hands|Iron Hands, L50, shiny, tera:Water|32\/100\n|turn|6\n|\n|t:|1701185088\n|move|p1a: Astor|Protect|p1a: Astor\n|-singleturn|p1a: Astor|Protect\n|move|p2a: Iron Hands|Fake Out|p1a: Astor\n|-activate|p1a: Astor|move: Protect\n|move|p2b: Ogerpon|Ivy Cudgel|p1a: Astor|[anim] Ivy Cudgel Water\n|-activate|p1a: Astor|move: Protect\n|\n|upkeep\n|turn|7\n|\n|t:|1701185098\n|-terastallize|p1a: Astor|Water\n|move|p1a: Astor|Earth Power|p2a: Iron Hands\n|-damage|p2a: Iron Hands|0 fnt\n|faint|p2a: Iron Hands\n|-end|p2a: Iron Hands|Quark Drive|[silent]\n|move|p2b: Ogerpon|Ivy Cudgel|p1a: Astor|[anim] Ivy Cudgel Water\n|-resisted|p1a: Astor\n|-damage|p1a: Astor|68\/100\n|\n|upkeep\n|turn|8\n|\n|t:|1701185107\n|move|p1a: Astor|Psychic|p2b: Ogerpon\n|-damage|p2b: Ogerpon|7\/100\n|move|p2b: Ogerpon|Horn Leech|p1a: Astor\n|-supereffective|p1a: Astor\n|-damage|p1a: Astor|0 fnt\n|-heal|p2b: Ogerpon|37\/100|[from] drain|[of] p1a: Astor\n|faint|p1a: Astor\n|\n|win|taco_bowl_mx\n|raw|Order a Plot-Twist's rating: 1413 &rarr; <strong>1390<\/strong><br \/>(-23 for losing)\n|raw|taco_bowl_mx's rating: 1365 &rarr; <strong>1388<\/strong><br \/>(+23 for winning)\n|l|\u2606Order a Plot-Twist\n","uploadtime":1701185121,"views":4,"p1id":"orderaplottwist","p2id":"tacobowlmx","formatid":"gen9vgc2023regulatione","rating":1388,"private":0,"password":""}