{"id":"gen9vgc2023regulatione-1989148346","p1":"SuspiciousGoober76","p2":"Specs Hex Pex","format":"[Gen 9] VGC 2023 Regulation E","log":"|j|\u2606SuspiciousGoober76\n|j|\u2606Specs Hex Pex\n|n|\u2606SuspiciousGoober76|suspiciousgoober76\n|n|\u2606Specs Hex Pex|specshexpex\n|html|View the match progress at <a href=\"\/game-bestof3-gen9vgc2023regulatione-1989148345\">game-bestof3-gen9vgc2023regulatione-1989148345<\/a>\n|t:|1699817370\n|gametype|doubles\n|player|p1|SuspiciousGoober76|pokefan|\n|player|p2|Specs Hex Pex|lady|\n|teamsize|p1|6\n|teamsize|p2|6\n|gen|9\n|tier|[Gen 9] VGC 2023 Regulation E\n|rule|Species Clause: Limit one of each Pok\u00e9mon\n|rule|Item Clause: Limit one of each item\n|clearpoke\n|poke|p1|Sunkern, L50, M|\n|poke|p1|Amoonguss, L50, F|\n|poke|p1|Tornadus, L50, M|\n|poke|p1|Electrode-Hisui, L50|\n|poke|p1|Flutter Mane, L50|\n|poke|p1|Iron Hands, L50|\n|poke|p2|Iron Thorns, L50|\n|poke|p2|Blissey, L50, F|\n|poke|p2|Veluza, L50, F|\n|poke|p2|Golem-Alola, L50, M|\n|poke|p2|Spinarak, L50, M|\n|poke|p2|Chimecho, L50, F|\n|teampreview|4\n|c|\u2606Specs Hex Pex|gl hf\n|c|\u2606SuspiciousGoober76|glhf\n|\n|t:|1699817403\n|start\n|switch|p1a: Tornadus|Tornadus, L50, M|100\/100\n|switch|p1b: Electrode|Electrode-Hisui, L50|100\/100\n|switch|p2a: Blissey|Blissey, L50, F|100\/100\n|switch|p2b: Iron Thorns|Iron Thorns, L50|100\/100\n|-enditem|p2b: Iron Thorns|Booster Energy\n|-activate|p2b: Iron Thorns|ability: Quark Drive|[fromitem]\n|-start|p2b: Iron Thorns|quarkdriveatk\n|turn|1\n|j| jqueefion\n|\n|t:|1699817434\n|move|p1a: Tornadus|Taunt|p2b: Iron Thorns\n|-start|p2b: Iron Thorns|move: Taunt\n|move|p1b: Electrode|Taunt|p2a: Blissey\n|-start|p2a: Blissey|move: Taunt\n|move|p2a: Blissey|Seismic Toss|p2b: Iron Thorns\n|-damage|p2b: Iron Thorns|69\/100\n|move|p2b: Iron Thorns|Wild Charge|p2a: Blissey\n|-damage|p2a: Blissey|0 fnt\n|faint|p2a: Blissey\n|-damage|p2b: Iron Thorns|12\/100|[from] Recoil\n|\n|-damage|p2b: Iron Thorns|0 fnt|[from] item: Sticky Barb\n|faint|p2b: Iron Thorns\n|-end|p2b: Iron Thorns|Quark Drive|[silent]\n|upkeep\n|\n|t:|1699817450\n|switch|p2a: Golem|Golem-Alola, L50, M|100\/100\n|switch|p2b: Spinarak|Spinarak, L50, M|100\/100\n|turn|2\n|c| jqueefion|spinarak is so cute\n|\n|t:|1699817477\n|move|p1b: Electrode|Taunt|p2a: Golem\n|-start|p2a: Golem|move: Taunt\n|move|p1a: Tornadus|Air Slash|p1b: Electrode\n|-damage|p1b: Electrode|22\/100\n|move|p2b: Spinarak|Disable||[still]\n|-fail|p2b: Spinarak\n|move|p2a: Golem|Double-Edge|p1b: Electrode\n|-resisted|p1b: Electrode\n|-damage|p1b: Electrode|0 fnt\n|faint|p1b: Electrode\n|-damage|p2a: Golem|95\/100|[from] Recoil\n|\n|upkeep\n|\n|t:|1699817488\n|switch|p1b: Amoonguss|Amoonguss, L50, F|100\/100\n|turn|3\n|\n|t:|1699817505\n|move|p1a: Tornadus|Taunt|p2b: Spinarak\n|-start|p2b: Spinarak|move: Taunt\n|move|p1b: Amoonguss|Spore|p2a: Golem\n|-status|p2a: Golem|slp|[from] move: Spore\n|move|p2b: Spinarak|Foul Play|p2a: Golem\n|-damage|p2a: Golem|61\/100 slp\n|cant|p2a: Golem|slp\n|\n|-status|p1b: Amoonguss|brn|[from] item: Flame Orb\n|upkeep\n|turn|4\n|\n|t:|1699817522\n|move|p1a: Tornadus|Taunt||[still]\n|-fail|p1a: Tornadus\n|move|p1b: Amoonguss|Spore|p2b: Spinarak\n|-status|p2b: Spinarak|slp|[from] move: Spore\n|cant|p2b: Spinarak|slp\n|cant|p2a: Golem|slp\n|\n|-damage|p1b: Amoonguss|95\/100 brn|[from] brn\n|-end|p2a: Golem|move: Taunt\n|upkeep\n|turn|5\n|\n|t:|1699817537\n|move|p1a: Tornadus|Taunt|p2a: Golem\n|-start|p2a: Golem|move: Taunt\n|cant|p2b: Spinarak|slp\n|move|p1b: Amoonguss|Sludge Bomb|p1a: Tornadus\n|-damage|p1a: Tornadus|56\/100\n|cant|p2a: Golem|slp\n|\n|-damage|p1b: Amoonguss|89\/100 brn|[from] brn\n|-end|p2b: Spinarak|move: Taunt\n|upkeep\n|turn|6\n|\n|t:|1699817553\n|move|p1a: Tornadus|Taunt|p2b: Spinarak\n|-start|p2b: Spinarak|move: Taunt\n|move|p1b: Amoonguss|Spore|p2a: Golem\n|-fail|p2a: Golem|slp\n|cant|p2b: Spinarak|slp\n|-curestatus|p2a: Golem|slp|[msg]\n|move|p2a: Golem|Double-Edge|p2b: Spinarak\n|-damage|p2b: Spinarak|0 fnt\n|faint|p2b: Spinarak\n|-damage|p2a: Golem|40\/100|[from] Recoil\n|\n|-damage|p1b: Amoonguss|83\/100 brn|[from] brn\n|upkeep\n|turn|7\n|\n|t:|1699817570\n|switch|p1a: Sunkern|Sunkern, L50, M|100\/100\n|move|p1b: Amoonguss|Spore|p2a: Golem\n|-status|p2a: Golem|slp|[from] move: Spore\n|cant|p2a: Golem|slp\n|\n|-damage|p1b: Amoonguss|77\/100 brn|[from] brn\n|-end|p2a: Golem|move: Taunt\n|-status|p1a: Sunkern|tox|[from] item: Toxic Orb\n|upkeep\n|turn|8\n|\n|t:|1699817596\n|move|p1a: Sunkern|Leech Seed|p1b: Amoonguss\n|-immune|p1b: Amoonguss\n|move|p1b: Amoonguss|Sludge Bomb|p1a: Sunkern\n|-supereffective|p1a: Sunkern\n|-damage|p1a: Sunkern|0 fnt\n|faint|p1a: Sunkern\n|-curestatus|p2a: Golem|slp|[msg]\n|move|p2a: Golem|Double-Edge|p1b: Amoonguss\n|-resisted|p1b: Amoonguss\n|-damage|p1b: Amoonguss|10\/100 brn\n|-damage|p2a: Golem|13\/100|[from] Recoil\n|\n|-damage|p1b: Amoonguss|4\/100 brn|[from] brn\n|upkeep\n|\n|t:|1699817602\n|switch|p1a: Tornadus|Tornadus, L50, M|56\/100\n|turn|9\n|\n|t:|1699817630\n|-terastallize|p1b: Amoonguss|Grass\n|move|p1a: Tornadus|Metronome|p1a: Tornadus\n|move|p1a: Tornadus|Powder Snow|p2a: Golem|[from]move: Metronome\n|-damage|p2a: Golem|0 fnt\n|faint|p2a: Golem\n|\n|win|SuspiciousGoober76\n|l|\u2606SuspiciousGoober76\n|inactive|SuspiciousGoober76 has 50 seconds to confirm battle start!\n|inactive|Specs Hex Pex has 50 seconds to confirm battle start!\n|c|&|\/uhtml prompt-specshexpex,Specs Hex Pex is ready for game 2!\n|c|&|\/uhtml prompt-suspiciousgoober76,SuspiciousGoober76 is ready for game 2!\nBoth players are ready! Starting next match!\n|j| ryanogiggs11\n|player|p2|Specs Hex Pex|lady\n|l| ryanogiggs11\n|j| LackieLackey\n","uploadtime":1699818203,"views":11,"p1id":"suspiciousgoober76","p2id":"specshexpex","formatid":"gen9vgc2023regulatione","rating":0,"private":0,"password":""}