{"id":"gen9vgc2023regulatione-1996223649","p1":"Il Mule","p2":"huubble","format":"[Gen 9] VGC 2023 Regulation E","log":"|j|\u2606Il Mule\n|j|\u2606huubble\n|t:|1700661095\n|gametype|doubles\n|player|p1|Il Mule|salvatore|1700\n|player|p2|huubble|camper|1663\n|teamsize|p1|6\n|teamsize|p2|6\n|gen|9\n|tier|[Gen 9] VGC 2023 Regulation E\n|rated|\n|rule|Species Clause: Limit one of each Pok\u00e9mon\n|rule|Item Clause: Limit one of each item\n|clearpoke\n|poke|p1|Flutter Mane, L50|\n|poke|p1|Chi-Yu, L50|\n|poke|p1|Urshifu-*, L50, M|\n|poke|p1|Landorus-Therian, L50, M|\n|poke|p1|Rillaboom, L50, M|\n|poke|p1|Thundurus, L50, M|\n|poke|p2|Tyranitar, L50, M|\n|poke|p2|Lycanroc, L50, M|\n|poke|p2|Gholdengo, L50|\n|poke|p2|Zapdos, L50|\n|poke|p2|Ogerpon-Wellspring, L50, F|\n|poke|p2|Landorus-Therian, L50, M|\n|teampreview|4\n|inactive|Battle timer is ON: inactive players will automatically lose when time's up. (requested by huubble)\n|j| Fukivgc\nIl Mule has agreed to open team sheets.\n|inactive|huubble has 60 seconds left.\n|l| Fukivgc\n|\n|t:|1700661149\n|start\n|switch|p1a: Landorus|Landorus-Therian, L50, M|100\/100\n|switch|p1b: Chi-Yu|Chi-Yu, L50|100\/100\n|switch|p2a: Gholdengo|Gholdengo, L50|100\/100\n|switch|p2b: Zapdos|Zapdos, L50|100\/100\n|-ability|p1a: Landorus|Intimidate|boost\n|-unboost|p2a: Gholdengo|atk|1\n|-unboost|p2b: Zapdos|atk|1\n|-ability|p1b: Chi-Yu|Beads of Ruin\n|turn|1\n|\n|t:|1700661166\n|move|p2a: Gholdengo|Protect|p2a: Gholdengo\n|-singleturn|p2a: Gholdengo|Protect\n|move|p1a: Landorus|U-turn|p2b: Zapdos\n|-resisted|p2b: Zapdos\n|-damage|p2b: Zapdos|89\/100\n|\n|t:|1700661172\n|switch|p1a: Rillaboom|Rillaboom, L50, M|100\/100|[from] U-turn\n|-fieldstart|move: Grassy Terrain|[from] ability: Grassy Surge|[of] p1a: Rillaboom\n|move|p2b: Zapdos|Tailwind|p2b: Zapdos\n|-sidestart|p2: huubble|move: Tailwind\n|move|p1b: Chi-Yu|Snarl|p2b: Zapdos|[spread] p2b\n|-activate|p2a: Gholdengo|move: Protect\n|-damage|p2b: Zapdos|60\/100\n|-unboost|p2b: Zapdos|spa|1\n|\n|upkeep\n|turn|2\n|\n|t:|1700661189\n|switch|p2a: Tyranitar|Tyranitar, L50, M|100\/100\n|-weather|Sandstorm|[from] ability: Sand Stream|[of] p2a: Tyranitar\n|move|p2b: Zapdos|Detect|p2b: Zapdos\n|-singleturn|p2b: Zapdos|Protect\n|move|p1b: Chi-Yu|Snarl|p2a: Tyranitar|[spread] p2a\n|-activate|p2b: Zapdos|move: Protect\n|-resisted|p2a: Tyranitar\n|-damage|p2a: Tyranitar|95\/100\n|-unboost|p2a: Tyranitar|spa|1\n|move|p1a: Rillaboom|U-turn|p2a: Tyranitar\n|-supereffective|p2a: Tyranitar\n|-damage|p2a: Tyranitar|51\/100\n|\n|t:|1700661196\n|switch|p1a: Landorus|Landorus-Therian, L50, M|100\/100|[from] U-turn\n|-ability|p1a: Landorus|Intimidate|boost\n|-unboost|p2a: Tyranitar|atk|1\n|-unboost|p2b: Zapdos|atk|1\n|\n|-weather|Sandstorm|[upkeep]\n|-damage|p2b: Zapdos|54\/100|[from] Sandstorm\n|-damage|p1b: Chi-Yu|94\/100|[from] Sandstorm\n|-heal|p2a: Tyranitar|57\/100|[from] Grassy Terrain\n|-heal|p1b: Chi-Yu|100\/100|[from] Grassy Terrain\n|upkeep\n|turn|3\n|inactive|huubble has 30 seconds left.\n|\n|t:|1700661228\n|move|p2b: Zapdos|Hurricane|p1a: Landorus\n|-damage|p1a: Landorus|53\/100\n|move|p2a: Tyranitar|Rock Slide|p1b: Chi-Yu|[spread] p1a,p1b\n|-supereffective|p1b: Chi-Yu\n|-damage|p1a: Landorus|30\/100\n|-damage|p1b: Chi-Yu|58\/100\n|move|p1a: Landorus|U-turn|p2a: Tyranitar\n|-supereffective|p2a: Tyranitar\n|-damage|p2a: Tyranitar|13\/100\n|\n|t:|1700661237\n|switch|p1a: Rillaboom|Rillaboom, L50, M|100\/100|[from] U-turn\n|cant|p1b: Chi-Yu|flinch\n|\n|-weather|Sandstorm|[upkeep]\n|-damage|p2b: Zapdos|47\/100|[from] Sandstorm\n|-damage|p1b: Chi-Yu|52\/100|[from] Sandstorm\n|-damage|p1a: Rillaboom|95\/100|[from] Sandstorm\n|-enditem|p2b: Zapdos|Sitrus Berry|[eat]\n|-heal|p2b: Zapdos|72\/100|[from] item: Sitrus Berry\n|-heal|p2a: Tyranitar|19\/100|[from] Grassy Terrain\n|-heal|p1b: Chi-Yu|58\/100|[from] Grassy Terrain\n|-heal|p1a: Rillaboom|100\/100|[from] Grassy Terrain\n|upkeep\n|turn|4\n|inactive|huubble has 30 seconds left.\n|\n|t:|1700661269\n|move|p1a: Rillaboom|Grassy Glide|p2a: Tyranitar\n|-supereffective|p2a: Tyranitar\n|-damage|p2a: Tyranitar|0 fnt\n|faint|p2a: Tyranitar\n|move|p2b: Zapdos|Hurricane|p1a: Rillaboom\n|-supereffective|p1a: Rillaboom\n|-damage|p1a: Rillaboom|39\/100\n|move|p1b: Chi-Yu|Heat Wave|p2b: Zapdos\n|-damage|p2b: Zapdos|12\/100\n|\n|-weather|Sandstorm|[upkeep]\n|-damage|p2b: Zapdos|6\/100|[from] Sandstorm\n|-damage|p1b: Chi-Yu|52\/100|[from] Sandstorm\n|-damage|p1a: Rillaboom|33\/100|[from] Sandstorm\n|-heal|p1b: Chi-Yu|58\/100|[from] Grassy Terrain\n|-heal|p1a: Rillaboom|39\/100|[from] Grassy Terrain\n|-sideend|p2: huubble|move: Tailwind\n|upkeep\n|\n|t:|1700661285\n|switch|p2a: Ogerpon|Ogerpon-Wellspring, L50, F|100\/100\n|turn|5\n|inactive|huubble has 30 seconds left.\n|inactive|huubble has 20 seconds left.\n|inactive|huubble has 15 seconds left.\n|\n|t:|1700661330\n|move|p1b: Chi-Yu|Protect|p1b: Chi-Yu\n|-singleturn|p1b: Chi-Yu|Protect\n|move|p1a: Rillaboom|Grassy Glide|p2b: Zapdos\n|-resisted|p2b: Zapdos\n|-damage|p2b: Zapdos|0 fnt\n|faint|p2b: Zapdos\n|move|p2a: Ogerpon|Ivy Cudgel|p1b: Chi-Yu|[anim] Ivy Cudgel Water\n|-activate|p1b: Chi-Yu|move: Protect\n|\n|-weather|Sandstorm|[upkeep]\n|-damage|p2a: Ogerpon|95\/100|[from] Sandstorm\n|-damage|p1b: Chi-Yu|52\/100|[from] Sandstorm\n|-damage|p1a: Rillaboom|33\/100|[from] Sandstorm\n|-heal|p2a: Ogerpon|100\/100|[from] Grassy Terrain\n|-heal|p1b: Chi-Yu|58\/100|[from] Grassy Terrain\n|-heal|p1a: Rillaboom|39\/100|[from] Grassy Terrain\n|-fieldend|move: Grassy Terrain\n|upkeep\n|\n|t:|1700661347\n|switch|p2b: Gholdengo|Gholdengo, L50|100\/100\n|turn|6\n|\n|t:|1700661363\n|switch|p1b: Landorus|Landorus-Therian, L50, M|30\/100\n|-ability|p1b: Landorus|Intimidate|boost\n|-unboost|p2a: Ogerpon|atk|1\n|-unboost|p2b: Gholdengo|atk|1\n|move|p2a: Ogerpon|Ivy Cudgel|p1b: Landorus|[anim] Ivy Cudgel Water\n|-supereffective|p1b: Landorus\n|-damage|p1b: Landorus|0 fnt\n|faint|p1b: Landorus\n|move|p2b: Gholdengo|Shadow Ball|p1a: Rillaboom\n|-damage|p1a: Rillaboom|1\/100\n|-unboost|p1a: Rillaboom|spd|1\n|-damage|p2b: Gholdengo|91\/100|[from] item: Life Orb\n|move|p1a: Rillaboom|U-turn|p2a: Ogerpon\n|-supereffective|p2a: Ogerpon\n|-damage|p2a: Ogerpon|60\/100\n|\n|t:|1700661382\n|switch|p1a: Urshifu|Urshifu-Rapid-Strike, L50, M|100\/100|[from] U-turn\n|\n|-weather|none\n|upkeep\n|\n|t:|1700661383\n|switch|p1b: Rillaboom|Rillaboom, L50, M|1\/100\n|-fieldstart|move: Grassy Terrain|[from] ability: Grassy Surge|[of] p1b: Rillaboom\n|turn|7\n|inactive|Il Mule has 30 seconds left.\n|inactive|huubble has 30 seconds left.\n|inactive|Il Mule has 20 seconds left.\n|inactive|Il Mule has 15 seconds left.\n|\n|t:|1700661427\n|move|p2a: Ogerpon|Spiky Shield|p2a: Ogerpon\n|-singleturn|p2a: Ogerpon|move: Protect\n|move|p1b: Rillaboom|Fake Out|p2a: Ogerpon\n|-activate|p2a: Ogerpon|move: Protect\n|-damage|p1b: Rillaboom|0 fnt|[from] Spiky Shield|[of] p2a: Ogerpon\n|faint|p1b: Rillaboom\n|move|p1a: Urshifu|Close Combat|p2a: Ogerpon\n|-damage|p2a: Ogerpon|2\/100\n|-unboost|p1a: Urshifu|def|1\n|-unboost|p1a: Urshifu|spd|1\n|move|p2b: Gholdengo|Make It Rain|p1a: Urshifu\n|-resisted|p1a: Urshifu\n|-damage|p1a: Urshifu|34\/100\n|-unboost|p2b: Gholdengo|spa|1\n|-damage|p2b: Gholdengo|81\/100|[from] item: Life Orb\n|\n|-heal|p2a: Ogerpon|8\/100|[from] Grassy Terrain\n|-heal|p1a: Urshifu|40\/100|[from] Grassy Terrain\n|-heal|p2b: Gholdengo|87\/100|[from] Grassy Terrain\n|upkeep\n|\n|t:|1700661429\n|switch|p1b: Chi-Yu|Chi-Yu, L50|58\/100\n|-ability|p1b: Chi-Yu|Beads of Ruin\n|turn|8\n|inactive|huubble has 30 seconds left.\n|inactive|huubble has 20 seconds left.\n|inactive|huubble has 15 seconds left.\n|inactive|huubble has 10 seconds left.\n|\n|t:|1700661477\n|-terastallize|p1b: Chi-Yu|Ghost\n|move|p2a: Ogerpon|Horn Leech|p1a: Urshifu\n|-supereffective|p1a: Urshifu\n|-damage|p1a: Urshifu|0 fnt\n|-heal|p2a: Ogerpon|28\/100|[from] drain|[of] p1a: Urshifu\n|faint|p1a: Urshifu\n|move|p2b: Gholdengo|Make It Rain|p1b: Chi-Yu\n|-damage|p1b: Chi-Yu|4\/100\n|-unboost|p2b: Gholdengo|spa|1\n|-enditem|p1b: Chi-Yu|Sitrus Berry|[eat]\n|-heal|p1b: Chi-Yu|29\/100|[from] item: Sitrus Berry\n|-damage|p2b: Gholdengo|77\/100|[from] item: Life Orb\n|move|p1b: Chi-Yu|Snarl|p2a: Ogerpon|[spread] p2a,p2b\n|-supereffective|p2b: Gholdengo\n|-damage|p2a: Ogerpon|1\/100\n|-damage|p2b: Gholdengo|17\/100\n|-unboost|p2a: Ogerpon|spa|1\n|-unboost|p2b: Gholdengo|spa|1\n|\n|-heal|p2a: Ogerpon|7\/100|[from] Grassy Terrain\n|-heal|p2b: Gholdengo|23\/100|[from] Grassy Terrain\n|-heal|p1b: Chi-Yu|35\/100|[from] Grassy Terrain\n|upkeep\n|turn|9\n|inactive|huubble has 30 seconds left.\n|\n|t:|1700661503\n|move|p1b: Chi-Yu|Protect|p1b: Chi-Yu\n|-singleturn|p1b: Chi-Yu|Protect\n|move|p2a: Ogerpon|Ivy Cudgel|p1b: Chi-Yu|[anim] Ivy Cudgel Water\n|-activate|p1b: Chi-Yu|move: Protect\n|move|p2b: Gholdengo|Shadow Ball|p1b: Chi-Yu\n|-activate|p1b: Chi-Yu|move: Protect\n|\n|-heal|p2a: Ogerpon|13\/100|[from] Grassy Terrain\n|-heal|p2b: Gholdengo|29\/100|[from] Grassy Terrain\n|-heal|p1b: Chi-Yu|42\/100|[from] Grassy Terrain\n|upkeep\n|turn|10\n|\n|t:|1700661519\n|move|p2a: Ogerpon|Horn Leech|p1b: Chi-Yu\n|-damage|p1b: Chi-Yu|2\/100\n|-heal|p2a: Ogerpon|30\/100|[from] drain|[of] p1b: Chi-Yu\n|move|p2b: Gholdengo|Shadow Ball|p1b: Chi-Yu\n|-supereffective|p1b: Chi-Yu\n|-damage|p1b: Chi-Yu|0 fnt\n|faint|p1b: Chi-Yu\n|-damage|p2b: Gholdengo|20\/100|[from] item: Life Orb\n|\n|win|huubble\n|raw|Il Mule's rating: 1700 &rarr; <strong>1678<\/strong><br \/>(-22 for losing)\n|raw|huubble's rating: 1663 &rarr; <strong>1685<\/strong><br \/>(+22 for winning)\n|l|\u2606Il Mule\n","uploadtime":1700661543,"views":8,"p1id":"ilmule","p2id":"huubble","formatid":"gen9vgc2023regulatione","rating":1678,"private":0,"password":""}