{"id":"gen9vgc2023regulatione-1994202955","p1":"MrNiceguyVGC","p2":"FancyDiesel","format":"[Gen 9] VGC 2023 Regulation E","log":"|j|\u2606MrNiceguyVGC\n|j|\u2606FancyDiesel\n|t:|1700418476\n|gametype|doubles\n|player|p1|MrNiceguyVGC|bruno|1231\n|player|p2|FancyDiesel|bruno|1204\n|teamsize|p1|6\n|teamsize|p2|6\n|gen|9\n|tier|[Gen 9] VGC 2023 Regulation E\n|rated|\n|rule|Species Clause: Limit one of each Pok\u00e9mon\n|rule|Item Clause: Limit one of each item\n|clearpoke\n|poke|p1|Dusclops, L50, F|\n|poke|p1|Ursaluna-Bloodmoon, L50, M|\n|poke|p1|Iron Hands, L50|\n|poke|p1|Landorus-Therian, L50, M|\n|poke|p1|Iron Bundle, L50|\n|poke|p1|Cresselia, L50, F|\n|poke|p2|Regieleki, L50|\n|poke|p2|Urshifu-*, L50, M|\n|poke|p2|Flutter Mane, L50|\n|poke|p2|Chi-Yu, L50|\n|poke|p2|Rillaboom, L50, M|\n|poke|p2|Dragonite, L50, F|\n|teampreview|4\n|inactive|Battle timer is ON: inactive players will automatically lose when time's up. (requested by FancyDiesel)\n|inactive|MrNiceguyVGC has 60 seconds left.\n|inactive|FancyDiesel has 60 seconds left.\n|\n|t:|1700418515\n|start\n|switch|p1a: Landorus|Landorus-Therian, L50, M|100\/100\n|switch|p1b: Iron Hands|Iron Hands, L50, shiny|100\/100\n|switch|p2a: Dragonite|Dragonite, L50, F|100\/100\n|switch|p2b: Flutter Mane|Flutter Mane, L50|100\/100\n|-ability|p1a: Landorus|Intimidate|boost\n|-fail|p2a: Dragonite|unboost|Attack|[from] ability: Inner Focus|[of] p2a: Dragonite\n|-unboost|p2b: Flutter Mane|atk|1\n|-enditem|p2b: Flutter Mane|Booster Energy\n|-activate|p2b: Flutter Mane|ability: Protosynthesis|[fromitem]\n|-start|p2b: Flutter Mane|protosynthesisspa\n|turn|1\n|inactive|MrNiceguyVGC has 30 seconds left.\n|inactive|MrNiceguyVGC has 20 seconds left.\n|inactive|MrNiceguyVGC has 15 seconds left.\n|inactive|MrNiceguyVGC has 10 seconds left.\n|\n|t:|1700418561\n|-terastallize|p1a: Landorus|Flying\n|-terastallize|p2a: Dragonite|Normal\n|move|p1a: Landorus|Tera Blast|p2b: Flutter Mane|[anim] Tera Blast Flying\n|-damage|p2b: Flutter Mane|0 fnt\n|faint|p2b: Flutter Mane\n|-end|p2b: Flutter Mane|Protosynthesis|[silent]\n|move|p2a: Dragonite|Tailwind|p2a: Dragonite\n|-sidestart|p2: FancyDiesel|move: Tailwind\n|move|p1b: Iron Hands|Swords Dance|p1b: Iron Hands\n|-boost|p1b: Iron Hands|atk|2\n|\n|upkeep\n|\n|t:|1700418580\n|switch|p2b: Urshifu|Urshifu-Rapid-Strike, L50, M|100\/100\n|turn|2\n|\n|t:|1700418597\n|switch|p1a: Dusclops|Dusclops, L50, F, shiny|100\/100\n|-ability|p1a: Dusclops|Pressure\n|move|p2b: Urshifu|Surging Strikes|p1b: Iron Hands\n|-crit|p1b: Iron Hands\n|-damage|p1b: Iron Hands|86\/100\n|-crit|p1b: Iron Hands\n|-damage|p1b: Iron Hands|71\/100\n|-crit|p1b: Iron Hands\n|-damage|p1b: Iron Hands|57\/100\n|-hitcount|p1b: Iron Hands|3\n|move|p2a: Dragonite|Stomping Tantrum|p1b: Iron Hands\n|-supereffective|p1b: Iron Hands\n|-damage|p1b: Iron Hands|22\/100\n|-enditem|p1b: Iron Hands|Sitrus Berry|[eat]\n|-heal|p1b: Iron Hands|47\/100|[from] item: Sitrus Berry\n|move|p1b: Iron Hands|Drain Punch|p2a: Dragonite\n|-supereffective|p2a: Dragonite\n|-damage|p2a: Dragonite|0 fnt\n|-heal|p1b: Iron Hands|83\/100|[from] drain|[of] p2a: Dragonite\n|-damage|p1b: Iron Hands|67\/100|[from] item: Rocky Helmet|[of] p2a: Dragonite\n|faint|p2a: Dragonite\n|\n|upkeep\n|\n|t:|1700418610\n|switch|p2a: Chi-Yu|Chi-Yu, L50|100\/100\n|-ability|p2a: Chi-Yu|Beads of Ruin\n|turn|3\n|\n|t:|1700418631\n|move|p2b: Urshifu|Surging Strikes|p1b: Iron Hands\n|-crit|p1b: Iron Hands\n|-damage|p1b: Iron Hands|52\/100\n|-crit|p1b: Iron Hands\n|-damage|p1b: Iron Hands|36\/100\n|-crit|p1b: Iron Hands\n|-damage|p1b: Iron Hands|21\/100\n|-hitcount|p1b: Iron Hands|3\n|move|p2a: Chi-Yu|Heat Wave|p1a: Dusclops|[spread] p1a,p1b\n|-damage|p1a: Dusclops|67\/100\n|-damage|p1b: Iron Hands|0 fnt\n|faint|p1b: Iron Hands\n|-end|p1b: Iron Hands|Quark Drive|[silent]\n|move|p1a: Dusclops|Will-O-Wisp|p2b: Urshifu\n|-status|p2b: Urshifu|brn\n|\n|-damage|p2b: Urshifu|95\/100 brn|[from] brn\n|upkeep\n|\n|t:|1700418651\n|switch|p1b: Ursaluna|Ursaluna-Bloodmoon, L50, M|100\/100\n|turn|4\n|\n|t:|1700418671\n|move|p1b: Ursaluna|Protect|p1b: Ursaluna\n|-singleturn|p1b: Ursaluna|Protect\n|move|p2b: Urshifu|Surging Strikes|p1b: Ursaluna\n|-supereffective|p1b: Ursaluna\n|-crit|p1b: Ursaluna\n|-damage|p1b: Ursaluna|85\/100\n|-supereffective|p1b: Ursaluna\n|-crit|p1b: Ursaluna\n|-damage|p1b: Ursaluna|66\/100\n|-supereffective|p1b: Ursaluna\n|-crit|p1b: Ursaluna\n|-damage|p1b: Ursaluna|48\/100\n|-hitcount|p1b: Ursaluna|3\n|move|p2a: Chi-Yu|Heat Wave|p1b: Ursaluna|[spread] p1a\n|-activate|p1b: Ursaluna|move: Protect\n|-damage|p1a: Dusclops|27\/100\n|move|p1a: Dusclops|Night Shade|p2b: Urshifu\n|-damage|p2b: Urshifu|68\/100 brn\n|\n|-damage|p2b: Urshifu|62\/100 brn|[from] brn\n|-sideend|p2: FancyDiesel|move: Tailwind\n|upkeep\n|turn|5\n|inactive|MrNiceguyVGC has 30 seconds left.\n|inactive|MrNiceguyVGC has 20 seconds left.\n|\n|t:|1700418708\n|move|p1b: Ursaluna|Vacuum Wave|p2a: Chi-Yu\n|-supereffective|p2a: Chi-Yu\n|-damage|p2a: Chi-Yu|71\/100\n|move|p2b: Urshifu|Surging Strikes|p1b: Ursaluna\n|-supereffective|p1b: Ursaluna\n|-crit|p1b: Ursaluna\n|-damage|p1b: Ursaluna|30\/100\n|-supereffective|p1b: Ursaluna\n|-crit|p1b: Ursaluna\n|-damage|p1b: Ursaluna|14\/100\n|-supereffective|p1b: Ursaluna\n|-crit|p1b: Ursaluna\n|-damage|p1b: Ursaluna|0 fnt\n|faint|p1b: Ursaluna\n|-hitcount|p1: Ursaluna|3\n|move|p2a: Chi-Yu|Heat Wave|p1a: Dusclops\n|-damage|p1a: Dusclops|0 fnt\n|faint|p1a: Dusclops\n|\n|-damage|p2b: Urshifu|56\/100 brn|[from] brn\n|upkeep\n|\n|t:|1700418727\n|switch|p1a: Landorus|Landorus-Therian, L50, M, tera:Flying|100\/100\n|-ability|p1a: Landorus|Intimidate|boost\n|-unboost|p2a: Chi-Yu|atk|1\n|-unboost|p2b: Urshifu|atk|1\n|turn|6\n|\n|t:|1700418746\n|move|p1a: Landorus|Tera Blast|p2a: Chi-Yu|[anim] Tera Blast Flying\n|-damage|p2a: Chi-Yu|0 fnt\n|faint|p2a: Chi-Yu\n|move|p2b: Urshifu|Ice Spinner|p1a: Landorus\n|-supereffective|p1a: Landorus\n|-damage|p1a: Landorus|75\/100\n|\n|-damage|p2b: Urshifu|50\/100 brn|[from] brn\n|upkeep\n|turn|7\n|\n|t:|1700418757\n|move|p1a: Landorus|Tera Blast|p2b: Urshifu|[anim] Tera Blast Flying\n|-supereffective|p2b: Urshifu\n|-damage|p2b: Urshifu|0 fnt\n|faint|p2b: Urshifu\n|\n|win|MrNiceguyVGC\n|raw|MrNiceguyVGC's rating: 1231 &rarr; <strong>1254<\/strong><br \/>(+23 for winning)\n|raw|FancyDiesel's rating: 1204 &rarr; <strong>1181<\/strong><br \/>(-23 for losing)\n|l|\u2606FancyDiesel\n","uploadtime":1700418764,"views":5,"p1id":"mrniceguyvgc","p2id":"fancydiesel","formatid":"gen9vgc2023regulatione","rating":1181,"private":0,"password":""}