{"id":"gen9vgc2023regulatione-1998548918","p1":"Makimas seat","p2":"drbundy","format":"[Gen 9] VGC 2023 Regulation E","log":"|j|\u2606Makimas seat\n|j|\u2606drbundy\n|t:|1700955031\n|gametype|doubles\n|player|p1|Makimas seat|n|1313\n|player|p2|drbundy|1|1330\n|teamsize|p1|6\n|teamsize|p2|6\n|gen|9\n|tier|[Gen 9] VGC 2023 Regulation E\n|rated|\n|rule|Species Clause: Limit one of each Pok\u00e9mon\n|rule|Item Clause: Limit one of each item\n|clearpoke\n|poke|p1|Ursaluna-Bloodmoon, L50, M|\n|poke|p1|Dusclops, L50, M|\n|poke|p1|Iron Hands, L50|\n|poke|p1|Flutter Mane, L50|\n|poke|p1|Heatran, L50, F|\n|poke|p1|Ogerpon-Cornerstone, L50, F|\n|poke|p2|Ogerpon-Hearthflame, L50, F|\n|poke|p2|Gholdengo, L50|\n|poke|p2|Landorus-Therian, L50, M|\n|poke|p2|Amoonguss, L50, M|\n|poke|p2|Indeedee-F, L50, F|\n|poke|p2|Iron Bundle, L50|\n|teampreview|4\n|inactive|Battle timer is ON: inactive players will automatically lose when time's up. (requested by Makimas seat)\nMakimas seat has agreed to open team sheets.\ndrbundy rejected open team sheets.\n|\n|t:|1700955062\n|start\n|switch|p1a: ELPAJASLOCAS69|Iron Hands, L50|100\/100\n|switch|p1b: SEPRENDI\u00d3LAWE\u00c1|Heatran, L50, F|100\/100\n|switch|p2a: Amoonguss|Amoonguss, L50, M, shiny|100\/100\n|switch|p2b: Ogerpon|Ogerpon-Hearthflame, L50, F|100\/100\n|-ability|p2b: Ogerpon|Mold Breaker\n|turn|1\n|\n|t:|1700955078\n|switch|p2b: Indeedee|Indeedee-F, L50, F|100\/100\n|-fieldstart|move: Psychic Terrain|[from] ability: Psychic Surge|[of] p2b: Indeedee\n|-enditem|p2b: Indeedee|Psychic Seed\n|-boost|p2b: Indeedee|spd|1|[from] item: Psychic Seed\n|-terastallize|p2a: Amoonguss|Water\n|move|p1a: ELPAJASLOCAS69|Fake Out|p2b: Indeedee\n|-activate|p2b: Indeedee|move: Psychic Terrain\n|move|p1b: SEPRENDI\u00d3LAWE\u00c1|Heat Wave|p2a: Amoonguss|[spread] p2a,p2b\n|-resisted|p2a: Amoonguss\n|-damage|p2a: Amoonguss|75\/100\n|-damage|p2b: Indeedee|70\/100\n|-damage|p1b: SEPRENDI\u00d3LAWE\u00c1|91\/100|[from] item: Life Orb\n|move|p2a: Amoonguss|Spore|p1b: SEPRENDI\u00d3LAWE\u00c1\n|-status|p1b: SEPRENDI\u00d3LAWE\u00c1|slp|[from] move: Spore\n|\n|upkeep\n|turn|2\n|inactive|Makimas seat has 30 seconds left.\n|\n|t:|1700955111\n|switch|p2a: Ogerpon|Ogerpon-Hearthflame, L50, F|100\/100\n|-ability|p2a: Ogerpon|Mold Breaker\n|move|p2b: Indeedee|Psychic|p1a: ELPAJASLOCAS69\n|-supereffective|p1a: ELPAJASLOCAS69\n|-damage|p1a: ELPAJASLOCAS69|52\/100\n|cant|p1b: SEPRENDI\u00d3LAWE\u00c1|slp\n|move|p1a: ELPAJASLOCAS69|Wild Charge|p2a: Ogerpon\n|-resisted|p2a: Ogerpon\n|-damage|p2a: Ogerpon|70\/100\n|-damage|p1a: ELPAJASLOCAS69|47\/100|[from] Recoil\n|\n|upkeep\n|turn|3\n|\n|t:|1700955132\n|move|p2b: Indeedee|Helping Hand|p2a: Ogerpon\n|-singleturn|p2a: Ogerpon|Helping Hand|[of] p2b: Indeedee\n|move|p2a: Ogerpon|Ivy Cudgel|p1b: SEPRENDI\u00d3LAWE\u00c1|[anim] Ivy Cudgel Fire\n|-damage|p1b: SEPRENDI\u00d3LAWE\u00c1|19\/100 slp\n|cant|p1b: SEPRENDI\u00d3LAWE\u00c1|slp\n|move|p1a: ELPAJASLOCAS69|Drain Punch|p2b: Indeedee\n|-damage|p2b: Indeedee|24\/100\n|-heal|p1a: ELPAJASLOCAS69|64\/100|[from] drain|[of] p2b: Indeedee\n|\n|upkeep\n|turn|4\n|\n|t:|1700955145\n|switch|p2b: Amoonguss|Amoonguss, L50, M, shiny, tera:Water|100\/100\n|move|p2a: Ogerpon|Ivy Cudgel|p1b: SEPRENDI\u00d3LAWE\u00c1|[anim] Ivy Cudgel Fire\n|-damage|p1b: SEPRENDI\u00d3LAWE\u00c1|0 fnt\n|faint|p1b: SEPRENDI\u00d3LAWE\u00c1\n|move|p1a: ELPAJASLOCAS69|Drain Punch|p2b: Amoonguss\n|-damage|p2b: Amoonguss|69\/100\n|-heal|p1a: ELPAJASLOCAS69|79\/100|[from] drain|[of] p2b: Amoonguss\n|-damage|p1a: ELPAJASLOCAS69|62\/100|[from] item: Rocky Helmet|[of] p2b: Amoonguss\n|\n|upkeep\n|\n|t:|1700955154\n|switch|p1b: POV:T\u00daERESELPOV|Dusclops, L50, M, shiny|100\/100\n|-item|p2a: Ogerpon|Hearthflame Mask|[from] ability: Frisk|[of] p1b: POV:T\u00daERESELPOV|[identify]\n|-item|p2b: Amoonguss|Rocky Helmet|[from] ability: Frisk|[of] p1b: POV:T\u00daERESELPOV|[identify]\n|turn|5\n|\n|t:|1700955175\n|move|p2a: Ogerpon|Ivy Cudgel|p1b: POV:T\u00daERESELPOV|[anim] Ivy Cudgel Fire\n|-crit|p1b: POV:T\u00daERESELPOV\n|-damage|p1b: POV:T\u00daERESELPOV|43\/100\n|move|p1a: ELPAJASLOCAS69|Wild Charge|p2b: Amoonguss\n|-supereffective|p2b: Amoonguss\n|-damage|p2b: Amoonguss|0 fnt\n|-damage|p1a: ELPAJASLOCAS69|46\/100|[from] item: Rocky Helmet|[of] p2b: Amoonguss\n|faint|p2b: Amoonguss\n|-damage|p1a: ELPAJASLOCAS69|30\/100|[from] Recoil\n|move|p1b: POV:T\u00daERESELPOV|Trick Room|p1b: POV:T\u00daERESELPOV\n|-fieldstart|move: Trick Room|[of] p1b: POV:T\u00daERESELPOV\n|\n|-fieldend|move: Psychic Terrain\n|upkeep\n|\n|t:|1700955187\n|switch|p2b: Indeedee|Indeedee-F, L50, F|24\/100\n|-fieldstart|move: Psychic Terrain|[from] ability: Psychic Surge|[of] p2b: Indeedee\n|turn|6\n|\n|t:|1700955199\n|switch|p2b: Gholdengo|Gholdengo, L50|100\/100\n|move|p1b: POV:T\u00daERESELPOV|Pain Split|p2a: Ogerpon\n|-sethp|p2a: Ogerpon|55\/100|[from] move: Pain Split|[silent]\n|-sethp|p1b: POV:T\u00daERESELPOV|60\/100|[from] move: Pain Split\n|move|p1a: ELPAJASLOCAS69|Drain Punch|p2b: Gholdengo\n|-immune|p2b: Gholdengo\n|move|p2a: Ogerpon|Swords Dance|p2a: Ogerpon\n|-boost|p2a: Ogerpon|atk|2\n|\n|upkeep\n|turn|7\n|inactive|Makimas seat has 30 seconds left.\n|\n|t:|1700955232\n|switch|p2b: Indeedee|Indeedee-F, L50, F|24\/100\n|move|p2a: Ogerpon|Spiky Shield|p2a: Ogerpon\n|-singleturn|p2a: Ogerpon|move: Protect\n|move|p1b: POV:T\u00daERESELPOV|Brick Break|p2a: Ogerpon\n|-activate|p2a: Ogerpon|move: Protect\n|-damage|p1b: POV:T\u00daERESELPOV|47\/100|[from] Spiky Shield|[of] p2a: Ogerpon\n|move|p1a: ELPAJASLOCAS69|Wild Charge|p2b: Indeedee\n|-damage|p2b: Indeedee|0 fnt\n|faint|p2b: Indeedee\n|-damage|p1a: ELPAJASLOCAS69|26\/100|[from] Recoil\n|\n|upkeep\n|\n|t:|1700955244\n|switch|p2b: Gholdengo|Gholdengo, L50|100\/100\n|turn|8\n|\n|t:|1700955254\n|-end|p1a: ELPAJASLOCAS69|Quark Drive|[silent]\n|switch|p1a: ELTIMINGPERFECTO|Ursaluna-Bloodmoon, L50, M|100\/100\n|move|p1b: POV:T\u00daERESELPOV|Brick Break|p1a: ELTIMINGPERFECTO\n|-supereffective|p1a: ELTIMINGPERFECTO\n|-damage|p1a: ELTIMINGPERFECTO|79\/100\n|-enditem|p1a: ELTIMINGPERFECTO|Weakness Policy\n|-boost|p1a: ELTIMINGPERFECTO|atk|2|[from] item: Weakness Policy\n|-boost|p1a: ELTIMINGPERFECTO|spa|2|[from] item: Weakness Policy\n|move|p2b: Gholdengo|Shadow Ball|p1b: POV:T\u00daERESELPOV\n|-supereffective|p1b: POV:T\u00daERESELPOV\n|-damage|p1b: POV:T\u00daERESELPOV|0 fnt\n|faint|p1b: POV:T\u00daERESELPOV\n|move|p2a: Ogerpon|Horn Leech|p1a: ELTIMINGPERFECTO\n|-supereffective|p1a: ELTIMINGPERFECTO\n|-damage|p1a: ELTIMINGPERFECTO|0 fnt\n|-heal|p2a: Ogerpon|100\/100|[from] drain|[of] p1a: ELTIMINGPERFECTO\n|faint|p1a: ELTIMINGPERFECTO\n|\n|upkeep\n|\n|t:|1700955266\n|switch|p1b: ELPAJASLOCAS69|Iron Hands, L50|26\/100\n|turn|9\n|c|\u2606drbundy|ezpz\n|c|\u2606drbundy|soooo ez\n|c|\u2606drbundy|get good\n|n|!Makimas seat|makimasseat\n|inactive|Makimas seat has 30 seconds left.\n|inactive|Makimas seat has 20 seconds left.\n|inactive|Makimas seat has 15 seconds left.\n|inactive|Makimas seat has 10 seconds left.\n|inactiveoff|Battle timer is now OFF.\n|inactive|Battle timer is ON: inactive players will automatically lose when time's up. (requested by drbundy)\n|c|\u2606drbundy|dw i got u\n|c|\u2606drbundy|it can be hard to take losses sometimes\n|c|\u2606drbundy|im sure you're used to it tho with that trash team\n|inactive|Makimas seat has 30 seconds left.\n|inactive|Makimas seat has 20 seconds left.\n|inactive|Makimas seat has 15 seconds left.\n|l|!Makimas seat\n|inactive|Makimas seat disconnected and has a minute to reconnect!\n|player|p1|\n|inactive|Makimas seat has 10 seconds left.\n|inactive|Makimas seat has 5 seconds left.\n|-message|Makimas seat lost due to inactivity.\n|\n|win|drbundy\n|raw|Makimas seat's rating: 1313 &rarr; <strong>1294<\/strong><br \/>(-19 for losing)\n|raw|drbundy's rating: 1330 &rarr; <strong>1349<\/strong><br \/>(+19 for winning)\n","uploadtime":1700955284,"views":4,"p1id":"makimasseat","p2id":"drbundy","formatid":"gen9vgc2023regulatione","rating":1294,"private":0,"password":""}