{"id":"gen9vgc2023regulatione-1994279823","p1":"Mewizard113","p2":"thevoiceswontstop","format":"[Gen 9] VGC 2023 Regulation E","log":"|j|\u2606Mewizard113\n|j|\u2606thevoiceswontstop\n|n|\u2606Mewizard113|mewizard113\n|n|\u2606thevoiceswontstop|thevoiceswontstop\n|html|View the match progress at <a href=\"\/game-bestof3-gen9vgc2023regulatione-1994279822\">game-bestof3-gen9vgc2023regulatione-1994279822<\/a>\n|t:|1700426491\n|gametype|doubles\n|player|p1|Mewizard113|ethan|\n|player|p2|thevoiceswontstop|caitlin|\n|teamsize|p1|6\n|teamsize|p2|6\n|gen|9\n|tier|[Gen 9] VGC 2023 Regulation E\n|rule|Species Clause: Limit one of each Pok\u00e9mon\n|rule|Item Clause: Limit one of each item\n|clearpoke\n|poke|p1|Gholdengo, L50|\n|poke|p1|Regieleki, L50|\n|poke|p1|Gyarados, L50, F|\n|poke|p1|Zapdos, L50|\n|poke|p1|Grafaiai, L50, M|\n|poke|p1|Drednaw, L50, F|\n|poke|p2|Landorus-Therian, L50, M|\n|poke|p2|Regidrago, L50|\n|poke|p2|Murkrow, L50, F|\n|poke|p2|Jumpluff, L50, F|\n|poke|p2|Ampharos, L50, F|\n|poke|p2|Hariyama, L50, F|\n|teampreview|4\n|c|\u2606thevoiceswontstop|glhf\n|c|\u2606Mewizard113|https:\/\/pokepast.es\/ce48c9bfae4efb31\n|c|\u2606Mewizard113|Glhf\n|c|\u2606thevoiceswontstop|https:\/\/pokepast.es\/ce48c9bfae4efb31\n|\n|t:|1700426564\n|start\n|switch|p1a: Grafaiai|Grafaiai, L50, M, shiny|100\/100\n|switch|p1b: Drednaw|Drednaw, L50, F, shiny|100\/100\n|switch|p2a: Jumpluff|Jumpluff, L50, F|100\/100\n|switch|p2b: Regidrago|Regidrago, L50|100\/100\n|turn|1\n|c|\u2606Mewizard113|Could you post it as a live battle?\n|\n|t:|1700426592\n|move|p1a: Grafaiai|Rain Dance|p1a: Grafaiai\n|-weather|RainDance\n|move|p1b: Drednaw|Shell Smash|p1b: Drednaw\n|-unboost|p1b: Drednaw|def|1\n|-unboost|p1b: Drednaw|spd|1\n|-boost|p1b: Drednaw|atk|2\n|-boost|p1b: Drednaw|spa|2\n|-boost|p1b: Drednaw|spe|2\n|-enditem|p1b: Drednaw|White Herb\n|-clearnegativeboost|p1b: Drednaw|[silent]\n|move|p2a: Jumpluff|Tailwind|p2a: Jumpluff\n|-sidestart|p2: thevoiceswontstop|move: Tailwind\n|move|p2b: Regidrago|Scale Shot|p1b: Drednaw\n|-damage|p1b: Drednaw|82\/100\n|-damage|p1b: Drednaw|63\/100\n|-damage|p1b: Drednaw|46\/100\n|-damage|p1b: Drednaw|28\/100\n|-hitcount|p1b: Drednaw|4\n|-unboost|p2b: Regidrago|def|1\n|-boost|p2b: Regidrago|spe|1\n|\n|-weather|RainDance|[upkeep]\n|upkeep\n|turn|2\n|\n|t:|1700426627\n|move|p1b: Drednaw|Rock Slide|p2b: Regidrago|[spread] p2a,p2b\n|-supereffective|p2a: Jumpluff\n|-damage|p2a: Jumpluff|0 fnt\n|-damage|p2b: Regidrago|6\/100\n|faint|p2a: Jumpluff\n|move|p2b: Regidrago|Scale Shot|p1b: Drednaw\n|-damage|p1b: Drednaw|9\/100\n|-damage|p1b: Drednaw|0 fnt\n|faint|p1b: Drednaw\n|-hitcount|p1: Drednaw|2\n|-unboost|p2b: Regidrago|def|1\n|-boost|p2b: Regidrago|spe|1\n|move|p1a: Grafaiai|Knock Off|p2b: Regidrago\n|-damage|p2b: Regidrago|0 fnt\n|-enditem|p2b: Regidrago|Loaded Dice|[from] move: Knock Off|[of] p1a: Grafaiai\n|faint|p2b: Regidrago\n|\n|-weather|RainDance|[upkeep]\n|upkeep\n|\n|t:|1700426642\n|switch|p2a: Hariyama|Hariyama, L50, F|100\/100\n|switch|p1b: Zapdos|Zapdos, L50, shiny|100\/100\n|switch|p2b: Landorus|Landorus-Therian, L50, M|100\/100\n|-ability|p2b: Landorus|Intimidate|boost\n|-unboost|p1a: Grafaiai|atk|1\n|-unboost|p1b: Zapdos|atk|1\n|turn|3\n|\n|t:|1700426668\n|move|p2a: Hariyama|Fake Out|p1b: Zapdos\n|-damage|p1b: Zapdos|86\/100\n|-damage|p2a: Hariyama|84\/100|[from] item: Rocky Helmet|[of] p1b: Zapdos\n|move|p1a: Grafaiai|Taunt|p2a: Hariyama\n|-start|p2a: Hariyama|move: Taunt\n|move|p2b: Landorus|Rock Slide|p1a: Grafaiai|[spread] p1b\n|-miss|p2b: Landorus|p1a: Grafaiai\n|-supereffective|p1b: Zapdos\n|-damage|p1b: Zapdos|40\/100\n|cant|p1b: Zapdos|flinch\n|\n|-weather|RainDance|[upkeep]\n|-status|p2a: Hariyama|brn|[from] item: Flame Orb\n|upkeep\n|turn|4\n|\n|t:|1700426693\n|-terastallize|p1b: Zapdos|Flying\n|move|p1a: Grafaiai|Parting Shot|p2b: Landorus\n|-unboost|p2b: Landorus|atk|1\n|-unboost|p2b: Landorus|spa|1\n|\n|t:|1700426696\n|switch|p1a: Gyarados|Gyarados, L50, F, shiny|100\/100|[from] Parting Shot\n|-ability|p1a: Gyarados|Intimidate|boost\n|-unboost|p2a: Hariyama|atk|1\n|-unboost|p2b: Landorus|atk|1\n|move|p2b: Landorus|Rock Slide|p1a: Gyarados|[spread] p1a,p1b\n|-supereffective|p1a: Gyarados\n|-supereffective|p1b: Zapdos\n|-damage|p1a: Gyarados|80\/100\n|-damage|p1b: Zapdos|18\/100\n|move|p1b: Zapdos|Hurricane|p2a: Hariyama\n|-supereffective|p2a: Hariyama\n|-damage|p2a: Hariyama|0 fnt\n|faint|p2a: Hariyama\n|\n|-weather|RainDance|[upkeep]\n|-sideend|p2: thevoiceswontstop|move: Tailwind\n|upkeep\n|turn|5\n|\n|t:|1700426728\n|-terastallize|p2b: Landorus|Ice\n|move|p1b: Zapdos|Hurricane|p2b: Landorus\n|-damage|p2b: Landorus|61\/100\n|move|p2b: Landorus|Rock Slide|p1a: Gyarados|[spread] p1a,p1b\n|-supereffective|p1a: Gyarados\n|-supereffective|p1b: Zapdos\n|-damage|p1a: Gyarados|58\/100\n|-damage|p1b: Zapdos|0 fnt\n|faint|p1b: Zapdos\n|cant|p1a: Gyarados|flinch\n|\n|-weather|none\n|upkeep\n|l|\u2606Mewizard113\n|player|p1|\n|j|\u2606Mewizard113\n|player|p1|Mewizard113|ethan\n|\n|t:|1700426766\n|switch|p1b: Grafaiai|Grafaiai, L50, M, shiny|100\/100\n|turn|6\n|j| Raikia\n|j| Luckiest Ludicolo\n|\n|t:|1700426791\n|move|p1a: Gyarados|Protect|p1a: Gyarados\n|-singleturn|p1a: Gyarados|Protect\n|move|p1b: Grafaiai|Rain Dance|p1b: Grafaiai\n|-weather|RainDance\n|move|p2b: Landorus|Rock Slide|p1a: Gyarados|[spread] p1b\n|-activate|p1a: Gyarados|move: Protect\n|-damage|p1b: Grafaiai|86\/100\n|\n|-weather|RainDance|[upkeep]\n|upkeep\n|turn|7\n|j| Darkbadger2606\n|j| JabsGR\n|j| Huxley187\n|j| KeanuVGC\n|\n|t:|1700426805\n|move|p1b: Grafaiai|Parting Shot|p1a: Gyarados\n|-unboost|p1a: Gyarados|atk|1\n|-unboost|p1a: Gyarados|spa|1\n|move|p2b: Landorus|Tera Blast|p1a: Gyarados|[anim] Tera Blast Ice\n|-damage|p1a: Gyarados|38\/100\n|-enditem|p1a: Gyarados|Sitrus Berry|[eat]\n|-heal|p1a: Gyarados|63\/100|[from] item: Sitrus Berry\n|move|p1a: Gyarados|Waterfall|p2b: Landorus\n|-crit|p2b: Landorus\n|-damage|p2b: Landorus|0 fnt\n|faint|p2b: Landorus\n|\n|win|Mewizard113\n|l| Darkbadger2606\n|c|\u2606thevoiceswontstop|aint no way\n|c|&|\/uhtml prompt-thevoiceswontstop,thevoiceswontstop is ready for game 2!\n|inactive|Mewizard113 has 50 seconds to confirm battle start!\n|c|\u2606thevoiceswontstop|Okay gg\n|c|\u2606thevoiceswontstop|hmm\n|c|\u2606thevoiceswontstop|fuck\n|inactive|Mewizard113 has 40 seconds to confirm battle start!\n|j| Ridd1er\n|c|\u2606Mewizard113|Wait it\u2019s not allowing me\n|l| KeanuVGC\n","uploadtime":1700426831,"views":27,"p1id":"mewizard113","p2id":"thevoiceswontstop","formatid":"gen9vgc2023regulatione","rating":0,"private":0,"password":""}