{"id":"gen9vgc2023regulatione-1994765308","p1":"cheat99","p2":"BlindMagneton","format":"[Gen 9] VGC 2023 Regulation E","log":"|j|\u2606cheat99\n|j|\u2606BlindMagneton\n|t:|1700490550\n|gametype|doubles\n|player|p1|cheat99|1|1366\n|player|p2|BlindMagneton|wattson|1431\n|teamsize|p1|6\n|teamsize|p2|6\n|gen|9\n|tier|[Gen 9] VGC 2023 Regulation E\n|rated|\n|rule|Species Clause: Limit one of each Pok\u00e9mon\n|rule|Item Clause: Limit one of each item\n|clearpoke\n|poke|p1|Tornadus, L50, M|\n|poke|p1|Urshifu-*, L50, M|\n|poke|p1|Arcanine-Hisui, L50, F|\n|poke|p1|Iron Hands, L50|\n|poke|p1|Amoonguss, L50, M|\n|poke|p1|Gholdengo, L50|\n|poke|p2|Mandibuzz, L50, F|\n|poke|p2|Abomasnow, L50, M|\n|poke|p2|Roaring Moon, L50|\n|poke|p2|Brambleghast, L50, F|\n|poke|p2|Garganacl, L50, M|\n|poke|p2|Chien-Pao, L50|\n|teampreview|4\n|inactive|Battle timer is ON: inactive players will automatically lose when time's up. (requested by cheat99)\n|\n|t:|1700490609\n|start\n|switch|p1a: Tornadus|Tornadus, L50, M|100\/100\n|switch|p1b: Gholdengo|Gholdengo, L50|100\/100\n|switch|p2a: Mandibuzz|Mandibuzz, L50, F|100\/100\n|switch|p2b: Abomasnow|Abomasnow, L50, M|100\/100\n|-weather|Snow|[from] ability: Snow Warning|[of] p2b: Abomasnow\n|turn|1\n|\n|t:|1700490615\n|-terastallize|p1b: Gholdengo|Dragon\n|move|p1a: Tornadus|Rain Dance|p1a: Tornadus\n|-weather|RainDance\n|move|p2b: Abomasnow|Ice Shard|p2a: Mandibuzz\n|-supereffective|p2a: Mandibuzz\n|-damage|p2a: Mandibuzz|77\/100\n|-ability|p2a: Mandibuzz|Weak Armor|boost\n|-unboost|p2a: Mandibuzz|def|1\n|-boost|p2a: Mandibuzz|spe|2\n|-enditem|p2a: Mandibuzz|Weakness Policy\n|-boost|p2a: Mandibuzz|atk|2|[from] item: Weakness Policy\n|-boost|p2a: Mandibuzz|spa|2|[from] item: Weakness Policy\n|move|p2a: Mandibuzz|Lash Out|p1b: Gholdengo\n|-damage|p1b: Gholdengo|0 fnt\n|faint|p1b: Gholdengo\n|\n|-weather|RainDance|[upkeep]\n|upkeep\n|\n|t:|1700490628\n|switch|p1b: Arcanine|Arcanine-Hisui, L50, F|100\/100\n|-ability|p1b: Arcanine|Intimidate|boost\n|-unboost|p2a: Mandibuzz|atk|1\n|-unboost|p2b: Abomasnow|atk|1\n|turn|2\n|inactive|BlindMagneton has 30 seconds left.\n|\n|t:|1700490660\n|switch|p2b: Brambleghast|Brambleghast, L50, F|100\/100\n|move|p1a: Tornadus|Tailwind|p1a: Tornadus\n|-sidestart|p1: cheat99|move: Tailwind\n|move|p2a: Mandibuzz|Bone Rush|p1b: Arcanine|[miss]\n|-miss|p2a: Mandibuzz|p1b: Arcanine\n|move|p1b: Arcanine|Rock Slide|p2b: Brambleghast|[spread] p2a,p2b\n|-supereffective|p2a: Mandibuzz\n|-damage|p2a: Mandibuzz|0 fnt\n|-damage|p2b: Brambleghast|57\/100\n|faint|p2a: Mandibuzz\n|\n|-weather|RainDance|[upkeep]\n|upkeep\n|\n|t:|1700490681\n|switch|p2a: Garganacl|Garganacl, L50, M|100\/100\n|turn|3\n|inactive|BlindMagneton has 30 seconds left.\n|\n|t:|1700490708\n|switch|p1a: Urshifu|Urshifu-Rapid-Strike, L50, M|100\/100\n|move|p2b: Brambleghast|Protect|p2b: Brambleghast\n|-singleturn|p2b: Brambleghast|Protect\n|move|p1b: Arcanine|Rock Slide|p2b: Brambleghast|[spread] p2a\n|-activate|p2b: Brambleghast|move: Protect\n|-damage|p2a: Garganacl|72\/100\n|move|p2a: Garganacl|Salt Cure|p1b: Arcanine\n|-supereffective|p1b: Arcanine\n|-damage|p1b: Arcanine|69\/100\n|-start|p1b: Arcanine|Salt Cure\n|\n|-weather|RainDance|[upkeep]\n|-heal|p2a: Garganacl|78\/100|[from] item: Leftovers\n|-damage|p1b: Arcanine|57\/100|[from] Salt Cure\n|upkeep\n|turn|4\n|\n|t:|1700490731\n|-terastallize|p2a: Garganacl|Grass\n|move|p1a: Urshifu|Surging Strikes|p2b: Brambleghast\n|-resisted|p2b: Brambleghast\n|-crit|p2b: Brambleghast\n|-damage|p2b: Brambleghast|38\/100\n|-damage|p1a: Urshifu|84\/100|[from] item: Rocky Helmet|[of] p2b: Brambleghast\n|-resisted|p2b: Brambleghast\n|-crit|p2b: Brambleghast\n|-damage|p2b: Brambleghast|20\/100\n|-damage|p1a: Urshifu|68\/100|[from] item: Rocky Helmet|[of] p2b: Brambleghast\n|-resisted|p2b: Brambleghast\n|-crit|p2b: Brambleghast\n|-damage|p2b: Brambleghast|1\/100\n|-damage|p1a: Urshifu|51\/100|[from] item: Rocky Helmet|[of] p2b: Brambleghast\n|-hitcount|p2b: Brambleghast|3\n|move|p1b: Arcanine|Rock Slide|p2b: Brambleghast|[spread] p2a\n|-miss|p1b: Arcanine|p2b: Brambleghast\n|-damage|p2a: Garganacl|49\/100\n|move|p2b: Brambleghast|Strength Sap|p1b: Arcanine\n|-unboost|p1b: Arcanine|atk|1\n|-heal|p2b: Brambleghast|100\/100\n|move|p2a: Garganacl|Salt Cure|p1a: Urshifu\n|-resisted|p1a: Urshifu\n|-damage|p1a: Urshifu|44\/100\n|-start|p1a: Urshifu|Salt Cure\n|\n|-weather|RainDance|[upkeep]\n|-heal|p2a: Garganacl|54\/100|[from] item: Leftovers\n|-damage|p1a: Urshifu|19\/100|[from] Salt Cure\n|-damage|p1b: Arcanine|45\/100|[from] Salt Cure\n|upkeep\n|turn|5\n|inactive|BlindMagneton has 30 seconds left.\n|inactive|BlindMagneton has 20 seconds left.\n|inactive|BlindMagneton has 15 seconds left.\n|inactive|BlindMagneton has 10 seconds left.\n|\n|t:|1700490777\n|switch|p1b: Tornadus|Tornadus, L50, M|100\/100\n|move|p2b: Brambleghast|Shadow Sneak|p1a: Urshifu\n|-damage|p1a: Urshifu|4\/100\n|move|p1a: Urshifu|Surging Strikes|p2b: Brambleghast\n|-resisted|p2b: Brambleghast\n|-crit|p2b: Brambleghast\n|-damage|p2b: Brambleghast|83\/100\n|-damage|p1a: Urshifu|0 fnt|[from] item: Rocky Helmet|[of] p2b: Brambleghast\n|faint|p1a: Urshifu\n|-hitcount|p2b: Brambleghast|1\n|move|p2a: Garganacl|Salt Cure|p1b: Tornadus\n|-supereffective|p1b: Tornadus\n|-damage|p1b: Tornadus|73\/100\n|-start|p1b: Tornadus|Salt Cure\n|\n|-weather|none\n|-heal|p2a: Garganacl|60\/100|[from] item: Leftovers\n|-damage|p1b: Tornadus|61\/100|[from] Salt Cure\n|-sideend|p1: cheat99|move: Tailwind\n|upkeep\n|\n|t:|1700490785\n|switch|p1a: Arcanine|Arcanine-Hisui, L50, F|45\/100\n|-ability|p1a: Arcanine|Intimidate|boost\n|-unboost|p2a: Garganacl|atk|1\n|-unboost|p2b: Brambleghast|atk|1\n|turn|6\n|inactive|BlindMagneton has 30 seconds left.\n|inactive|BlindMagneton has 20 seconds left.\n|\n|t:|1700490822\n|move|p1b: Tornadus|Bleakwind Storm|p2b: Brambleghast|[spread] p2a\n|-ability|p2b: Brambleghast|Wind Rider|boost\n|-boost|p2b: Brambleghast|atk|1\n|-supereffective|p2a: Garganacl\n|-damage|p2a: Garganacl|16\/100\n|move|p1a: Arcanine|Flare Blitz|p2b: Brambleghast\n|-supereffective|p2b: Brambleghast\n|-damage|p2b: Brambleghast|0 fnt\n|-damage|p1a: Arcanine|28\/100|[from] item: Rocky Helmet|[of] p2b: Brambleghast\n|faint|p2b: Brambleghast\n|-damage|p1a: Arcanine|5\/100|[from] Recoil\n|move|p2a: Garganacl|Salt Cure|p1a: Arcanine\n|-supereffective|p1a: Arcanine\n|-damage|p1a: Arcanine|0 fnt\n|faint|p1a: Arcanine\n|\n|-heal|p2a: Garganacl|21\/100|[from] item: Leftovers\n|-damage|p1b: Tornadus|48\/100|[from] Salt Cure\n|upkeep\n|\n|t:|1700490835\n|switch|p2b: Abomasnow|Abomasnow, L50, M|100\/100\n|-weather|Snow|[from] ability: Snow Warning|[of] p2b: Abomasnow\n|turn|7\n|\n|t:|1700490841\n|move|p2a: Garganacl|Wide Guard|p2a: Garganacl\n|-singleturn|p2a: Garganacl|Wide Guard\n|move|p1b: Tornadus|Bleakwind Storm|p2b: Abomasnow|[spread] \n|-activate|p2a: Garganacl|move: Wide Guard\n|-activate|p2b: Abomasnow|move: Wide Guard\n|move|p2b: Abomasnow|Blizzard|p1b: Tornadus\n|-supereffective|p1b: Tornadus\n|-damage|p1b: Tornadus|0 fnt\n|faint|p1b: Tornadus\n|\n|win|BlindMagneton\n|raw|cheat99's rating: 1366 &rarr; <strong>1350<\/strong><br \/>(-16 for losing)\n|raw|BlindMagneton's rating: 1431 &rarr; <strong>1447<\/strong><br \/>(+16 for winning)\n|l|\u2606cheat99\n","uploadtime":1700490851,"views":6,"p1id":"cheat99","p2id":"blindmagneton","formatid":"gen9vgc2023regulatione","rating":1350,"private":0,"password":""}