{"id":"gen9vgc2023regulatione-1998028893","p1":"Natrox1998","p2":"porygon peo","format":"[Gen 9] VGC 2023 Regulation E","log":"|j|\u2606Natrox1998\n|j|\u2606porygon peo\n|n|\u2606Natrox1998|natrox1998\n|n|\u2606porygon peo|porygonpeo\n|html|View the match progress at <a href=\"\/game-bestof3-gen9vgc2023regulatione-1998026126\">game-bestof3-gen9vgc2023regulatione-1998026126<\/a>\n|t:|1700880953\n|gametype|doubles\n|player|p1|Natrox1998|170|\n|player|p2|porygon peo|169|\n|teamsize|p1|6\n|teamsize|p2|6\n|gen|9\n|tier|[Gen 9] VGC 2023 Regulation E\n|rule|Species Clause: Limit one of each Pok\u00e9mon\n|rule|Item Clause: Limit one of each item\n|clearpoke\n|poke|p1|Urshifu-*, L50, F|\n|poke|p1|Gholdengo, L50|\n|poke|p1|Rillaboom, L50, F|\n|poke|p1|Tornadus, L50, M|\n|poke|p1|Arcanine-Hisui, L50, F|\n|poke|p1|Flutter Mane, L50|\n|poke|p2|Landorus-Therian, L50, M|\n|poke|p2|Heatran, L50, M|\n|poke|p2|Ogerpon-Wellspring, L50, F|\n|poke|p2|Iron Hands, L50|\n|poke|p2|Farigiraf, L50, M|\n|poke|p2|Ninetales-Alola, L50, F|\n|teampreview|4\nporygon peo has agreed to open team sheets.\nNatrox1998 has agreed to open team sheets.\n|showteam|p1|Urshifu-Rapid-Strike||MysticWater|UnseenFist|SurgingStrikes,CloseCombat,AquaJet,Protect|||F|||50|,,,,,Water]Gholdengo||Leftovers|GoodasGold|MakeItRain,ShadowBall,NastyPlot,Protect||||||50|,,,,,Dragon]Rillaboom||AssaultVest|GrassySurge|FakeOut,GrassyGlide,WoodHammer,Uturn|||F|||50|,,,,,Fire]Tornadus||CovertCloak|Prankster|Tailwind,RainDance,Taunt,BleakwindStorm|||M|||50|,,,,,Ghost]Arcanine-Hisui||ChoiceBand|Intimidate|RockSlide,FlareBlitz,TeraBlast,ExtremeSpeed|||F|||50|,,,,,Fairy]Flutter Mane||ChoiceSpecs|Protosynthesis|DazzlingGleam,Moonblast,ShadowBall,TeraBlast||||||50|,,,,,Fairy\n|showteam|p2|Landorus-Therian||ChoiceScarf|Intimidate|StompingTantrum,RockSlide,Uturn,TeraBlast|||M|||50|,,,,,Flying]Heatran||Leftovers|FlashFire|MagmaStorm,EarthPower,TeraBlast,Protect|||M|||50|,,,,,Grass]Ogerpon-Wellspring||WellspringMask|WaterAbsorb|IvyCudgel,HornLeech,SwordsDance,SpikyShield|||F|||50|,,,,,Water]Iron Hands||AssaultVest|QuarkDrive|FakeOut,WildCharge,DrainPunch,HeavySlam||||||50|,,,,,Water]Farigiraf||SitrusBerry|ArmorTail|Psychic,DazzlingGleam,TrickRoom,Protect|||M|||50|,,,,,Fairy]Ninetales-Alola||LightClay|SnowWarning|Moonblast,IcyWind,AuroraVeil,Protect|||F|||50|,,,,,Water\n|inactive|Battle timer is ON: inactive players will automatically lose when time's up. (requested by porygon peo)\n|inactive|Natrox1998 has 60 seconds left.\n|inactive|Natrox1998 has 30 seconds left.\n|inactive|Natrox1998 has 20 seconds left.\n|inactive|Natrox1998 has 15 seconds left.\n|c|\u2606porygon peo|bro una pregunta, porque el flutter mande tiene tera blast?\n|c|\u2606porygon peo|._.\n|inactive|Natrox1998 has 10 seconds left.\n|inactive|Natrox1998 has 5 seconds left.\n|\n|t:|1700881052\n|start\n|switch|p1a: goldmember|Gholdengo, L50|100\/100\n|switch|p1b: Lakitus|Tornadus, L50, M|100\/100\n|switch|p2a: Farigiraf|Farigiraf, L50, M|100\/100\n|switch|p2b: Iron Hands|Iron Hands, L50|100\/100\n|turn|1\n|inactive|Natrox1998 has 30 seconds left.\n|inactive|Natrox1998 has 20 seconds left.\n|inactive|Natrox1998 has 15 seconds left.\n|inactive|Natrox1998 has 10 seconds left.\n|\n|t:|1700881100\n|switch|p1b: Arcanine|Arcanine-Hisui, L50, F|100\/100\n|-ability|p1b: Arcanine|Intimidate|boost\n|-unboost|p2a: Farigiraf|atk|1\n|-unboost|p2b: Iron Hands|atk|1\n|-end|p2b: Iron Hands|Quark Drive|[silent]\n|switch|p2b: Heatran|Heatran, L50, M|100\/100\n|move|p1a: goldmember|Nasty Plot|p1a: goldmember\n|-boost|p1a: goldmember|spa|2\n|move|p2a: Farigiraf|Trick Room|p2a: Farigiraf\n|-fieldstart|move: Trick Room|[of] p2a: Farigiraf\n|\n|upkeep\n|turn|2\n|inactive|Natrox1998 has 30 seconds left.\n|inactive|porygon peo has 30 seconds left.\n|inactive|Natrox1998 has 20 seconds left.\n|inactive|porygon peo has 20 seconds left.\n|inactive|Natrox1998 has 15 seconds left.\n|inactive|Natrox1998 has 10 seconds left.\n|inactive|Natrox1998 has 5 seconds left.\n|\n|t:|1700881152\n|switch|p2a: Iron Hands|Iron Hands, L50|100\/100\n|-terastallize|p1a: goldmember|Dragon\n|move|p2b: Heatran|Magma Storm|p1b: Arcanine\n|-resisted|p1b: Arcanine\n|-damage|p1b: Arcanine|86\/100\n|-activate|p1b: Arcanine|move: Magma Storm|[of] p2b: Heatran\n|move|p1a: goldmember|Shadow Ball|p2b: Heatran\n|-damage|p2b: Heatran|32\/100\n|move|p1b: Arcanine|Rock Slide|p2b: Heatran|[spread] p2a,p2b\n|-resisted|p2a: Iron Hands\n|-damage|p2a: Iron Hands|85\/100\n|-damage|p2b: Heatran|2\/100\n|\n|-heal|p2b: Heatran|8\/100|[from] item: Leftovers\n|-damage|p1b: Arcanine|73\/100|[from] move: Magma Storm|[partiallytrapped]\n|upkeep\n|turn|3\n|inactive|Natrox1998 has 30 seconds left.\n|inactive|porygon peo has 30 seconds left.\n|inactive|Natrox1998 has 20 seconds left.\n|inactive|porygon peo has 20 seconds left.\n|inactive|Natrox1998 has 15 seconds left.\n|inactive|porygon peo has 15 seconds left.\n|inactive|Natrox1998 has 10 seconds left.\n|inactive|porygon peo has 10 seconds left.\n|inactive|Natrox1998 has 5 seconds left.\n|\n|t:|1700881202\n|move|p2a: Iron Hands|Fake Out|p1a: goldmember\n|-damage|p1a: goldmember|86\/100\n|move|p2b: Heatran|Earth Power|p1b: Arcanine\n|-supereffective|p1b: Arcanine\n|-damage|p1b: Arcanine|0 fnt\n|faint|p1b: Arcanine\n|cant|p1a: goldmember|flinch\n|\n|-heal|p2b: Heatran|14\/100|[from] item: Leftovers\n|-heal|p1a: goldmember|92\/100|[from] item: Leftovers\n|upkeep\n|\n|t:|1700881219\n|switch|p1b: Gouken|Urshifu-Rapid-Strike, L50, F|100\/100\n|turn|4\n|inactive|Natrox1998 has 30 seconds left.\n|inactive|porygon peo has 30 seconds left.\n|\n|t:|1700881252\n|switch|p2b: Farigiraf|Farigiraf, L50, M|100\/100\n|move|p1b: Gouken|Protect|p1b: Gouken\n|-singleturn|p1b: Gouken|Protect\n|move|p2a: Iron Hands|Drain Punch|p1a: goldmember\n|-damage|p1a: goldmember|57\/100\n|-heal|p2a: Iron Hands|99\/100|[from] drain|[of] p1a: goldmember\n|move|p1a: goldmember|Make It Rain|p2b: Farigiraf|[spread] p2a,p2b\n|-resisted|p2a: Iron Hands\n|-damage|p2a: Iron Hands|76\/100\n|-damage|p2b: Farigiraf|16\/100\n|-unboost|p1a: goldmember|spa|1\n|-enditem|p2b: Farigiraf|Sitrus Berry|[eat]\n|-heal|p2b: Farigiraf|41\/100|[from] item: Sitrus Berry\n|\n|-heal|p1a: goldmember|63\/100|[from] item: Leftovers\n|upkeep\n|turn|5\n|inactive|Natrox1998 has 30 seconds left.\n|inactive|Natrox1998 has 20 seconds left.\n|inactive|porygon peo has 30 seconds left.\n|inactive|Natrox1998 has 15 seconds left.\n|inactive|Natrox1998 has 10 seconds left.\n|\n|t:|1700881301\n|switch|p1b: Lakitus|Tornadus, L50, M|100\/100\n|move|p1a: goldmember|Protect|p1a: goldmember\n|-singleturn|p1a: goldmember|Protect\n|move|p2b: Farigiraf|Dazzling Gleam|p1a: goldmember|[spread] p1b\n|-activate|p1a: goldmember|move: Protect\n|-damage|p1b: Lakitus|82\/100\n|move|p2a: Iron Hands|Wild Charge|p1b: Lakitus\n|-supereffective|p1b: Lakitus\n|-damage|p1b: Lakitus|0 fnt\n|faint|p1b: Lakitus\n|-damage|p2a: Iron Hands|59\/100|[from] Recoil\n|\n|-heal|p1a: goldmember|69\/100|[from] item: Leftovers\n|-fieldend|move: Trick Room\n|upkeep\n|\n|t:|1700881321\n|switch|p1b: Gouken|Urshifu-Rapid-Strike, L50, F|100\/100\n|turn|6\n|inactive|Natrox1998 has 30 seconds left.\n|inactive|porygon peo has 30 seconds left.\n|inactive|Natrox1998 has 20 seconds left.\n|inactive|porygon peo has 20 seconds left.\n|\n|t:|1700881366\n|-end|p2a: Iron Hands|Quark Drive|[silent]\n|switch|p2a: Ogerpon|Ogerpon-Wellspring, L50, F|100\/100\n|move|p1b: Gouken|Surging Strikes|p2b: Farigiraf\n|-crit|p2b: Farigiraf\n|-damage|p2b: Farigiraf|22\/100\n|-crit|p2b: Farigiraf\n|-damage|p2b: Farigiraf|2\/100\n|-crit|p2b: Farigiraf\n|-damage|p2b: Farigiraf|0 fnt\n|faint|p2b: Farigiraf\n|-hitcount|p2: Farigiraf|3\n|move|p1a: goldmember|Shadow Ball|p2a: Ogerpon\n|-damage|p2a: Ogerpon|50\/100\n|\n|-heal|p1a: goldmember|75\/100|[from] item: Leftovers\n|upkeep\n|\n|t:|1700881373\n|switch|p2b: Iron Hands|Iron Hands, L50|59\/100\n|turn|7\n|inactive|Natrox1998 has 30 seconds left.\n|inactive|porygon peo has 30 seconds left.\n|inactive|porygon peo has 20 seconds left.\n|inactive|porygon peo has 15 seconds left.\n|\n|t:|1700881417\n|-terastallize|p2a: Ogerpon|Water\n|detailschange|p2a: Ogerpon|Ogerpon-Wellspring-Tera, L50, F, tera:Water\n|-ability|p2a: Ogerpon|Embody Aspect (Wellspring)|boost\n|-boost|p2a: Ogerpon|spd|1\n|move|p2b: Iron Hands|Fake Out|p1b: Gouken\n|-damage|p1b: Gouken|86\/100\n|cant|p1b: Gouken|flinch\n|move|p1a: goldmember|Shadow Ball|p2a: Ogerpon\n|-damage|p2a: Ogerpon|12\/100\n|move|p2a: Ogerpon|Horn Leech|p1b: Gouken\n|-supereffective|p1b: Gouken\n|-damage|p1b: Gouken|4\/100\n|-heal|p2a: Ogerpon|50\/100|[from] drain|[of] p1b: Gouken\n|\n|-heal|p1a: goldmember|81\/100|[from] item: Leftovers\n|upkeep\n|turn|8\n|inactive|Natrox1998 has 30 seconds left.\n|inactive|porygon peo has 30 seconds left.\n|inactive|Natrox1998 has 20 seconds left.\n|inactive|porygon peo has 20 seconds left.\n|inactive|Natrox1998 has 15 seconds left.\n|inactive|porygon peo has 15 seconds left.\n|inactive|Natrox1998 has 10 seconds left.\n|inactive|porygon peo has 10 seconds left.\n|\n|t:|1700881465\n|move|p1b: Gouken|Close Combat|p2a: Ogerpon\n|-damage|p2a: Ogerpon|0 fnt\n|-unboost|p1b: Gouken|def|1\n|-unboost|p1b: Gouken|spd|1\n|faint|p2a: Ogerpon\n|move|p1a: goldmember|Shadow Ball|p2b: Iron Hands\n|-damage|p2b: Iron Hands|29\/100\n|-unboost|p2b: Iron Hands|spd|1\n|move|p2b: Iron Hands|Drain Punch|p1b: Gouken\n|-damage|p1b: Gouken|0 fnt\n|-heal|p2b: Iron Hands|31\/100|[from] drain|[of] p1b: Gouken\n|faint|p1b: Gouken\n|\n|-heal|p1a: goldmember|87\/100|[from] item: Leftovers\n|upkeep\n|\n|t:|1700881468\n|switch|p2a: Heatran|Heatran, L50, M|14\/100\n|turn|9\n|inactive|Natrox1998 has 30 seconds left.\n|inactive|Natrox1998 has 20 seconds left.\n|\n|t:|1700881503\n|move|p1a: goldmember|Shadow Ball|p2b: Iron Hands\n|-damage|p2b: Iron Hands|0 fnt\n|faint|p2b: Iron Hands\n|-end|p2b: Iron Hands|Quark Drive|[silent]\n|move|p2a: Heatran|Magma Storm|p1a: goldmember\n|-resisted|p1a: goldmember\n|-damage|p1a: goldmember|62\/100\n|-activate|p1a: goldmember|move: Magma Storm|[of] p2a: Heatran\n|\n|-heal|p1a: goldmember|68\/100|[from] item: Leftovers\n|-heal|p2a: Heatran|20\/100|[from] item: Leftovers\n|-damage|p1a: goldmember|56\/100|[from] move: Magma Storm|[partiallytrapped]\n|upkeep\n|turn|10\n|inactive|Natrox1998 has 25 seconds left this turn.\n|inactive|Natrox1998 has 20 seconds left.\n|inactive|Natrox1998 has 15 seconds left.\n|\n|t:|1700881526\n|move|p2a: Heatran|Protect|p2a: Heatran\n|-singleturn|p2a: Heatran|Protect\n|move|p1a: goldmember|Shadow Ball|p2a: Heatran\n|-activate|p2a: Heatran|move: Protect\n|\n|-heal|p1a: goldmember|62\/100|[from] item: Leftovers\n|-heal|p2a: Heatran|26\/100|[from] item: Leftovers\n|-damage|p1a: goldmember|50\/100|[from] move: Magma Storm|[partiallytrapped]\n|upkeep\n|turn|11\n|inactive|Natrox1998 has 15 seconds left this turn.\n|inactive|Natrox1998 has 10 seconds left.\n|\n|t:|1700881549\n|move|p2a: Heatran|Protect||[still]\n|-fail|p2a: Heatran\n|move|p1a: goldmember|Shadow Ball|p2a: Heatran\n|-damage|p2a: Heatran|0 fnt\n|faint|p2a: Heatran\n|\n|win|Natrox1998\n|inactive|Natrox1998 has 10 seconds left this turn.\n|c|\u2606porygon peo|ggs\n","uploadtime":1700881633,"views":4,"p1id":"natrox1998","p2id":"porygonpeo","formatid":"gen9vgc2023regulatione","rating":0,"private":0,"password":""}