{"id":"gen9vgc2023regulatione-1996240078","p1":"CXKGIAO","p2":"SiriCelebi","format":"[Gen 9] VGC 2023 Regulation E","log":"|j|\u2606CXKGIAO\n|j|\u2606SiriCelebi\n|n|\u2606CXKGIAO|cxkgiao\n|n|\u2606SiriCelebi|siricelebi\n|html|View the match progress at <a href=\"\/game-bestof3-gen9vgc2023regulatione-1996235928\">game-bestof3-gen9vgc2023regulatione-1996235928<\/a>\n|t:|1700662918\n|gametype|doubles\n|player|p1|CXKGIAO|dawn-masters3|\n|player|p2|SiriCelebi|102|\n|teamsize|p1|6\n|teamsize|p2|6\n|gen|9\n|tier|[Gen 9] VGC 2023 Regulation E\n|rule|Species Clause: Limit one of each Pok\u00e9mon\n|rule|Item Clause: Limit one of each item\n|clearpoke\n|poke|p1|Slowpoke, L50, M|\n|poke|p1|Torkoal, L50, F|\n|poke|p1|Lycanroc-Dusk, L50, F|\n|poke|p1|Indeedee-F, L50, F|\n|poke|p1|Ursaluna, L50, M|\n|poke|p1|Armarouge, L50, M|\n|poke|p2|Sinistcha-Masterpiece, L50|\n|poke|p2|Ting-Lu, L50|\n|poke|p2|Garganacl, L50, M|\n|poke|p2|Glimmora, L50, F|\n|poke|p2|Lycanroc-Dusk, L50, M|\n|poke|p2|Toxapex, L50, F|\n|teampreview|4\n|l|\u2606SiriCelebi\n|player|p2|\n|j|\u2606SiriCelebi\n|player|p2|SiriCelebi|102\n|\n|t:|1700662951\n|start\n|switch|p1a: \u60ca\u5929\u6d6a\u6d9b\u6740|Slowpoke, L50, M, shiny|100\/100\n|switch|p1b: \u540e\u5907\u9690\u85cf\u80fd\u6e90\uff08\u6307\u6587\u67da\u679c\uff09|Indeedee-F, L50, F|100\/100\n|switch|p2a: Glimmora|Glimmora, L50, F|100\/100\n|switch|p2b: Ting-Lu|Ting-Lu, L50|100\/100\n|-fieldstart|move: Psychic Terrain|[from] ability: Psychic Surge|[of] p1b: \u540e\u5907\u9690\u85cf\u80fd\u6e90\uff08\u6307\u6587\u67da\u679c\uff09\n|-ability|p2b: Ting-Lu|Vessel of Ruin\n|turn|1\n|\n|t:|1700662965\n|move|p1b: \u540e\u5907\u9690\u85cf\u80fd\u6e90\uff08\u6307\u6587\u67da\u679c\uff09|Follow Me|p1b: \u540e\u5907\u9690\u85cf\u80fd\u6e90\uff08\u6307\u6587\u67da\u679c\uff09\n|-singleturn|p1b: \u540e\u5907\u9690\u85cf\u80fd\u6e90\uff08\u6307\u6587\u67da\u679c\uff09|move: Follow Me\n|move|p2a: Glimmora|Stealth Rock|p1a: \u60ca\u5929\u6d6a\u6d9b\u6740\n|-sidestart|p1: CXKGIAO|move: Stealth Rock\n|move|p2b: Ting-Lu|Spikes|p1b: \u540e\u5907\u9690\u85cf\u80fd\u6e90\uff08\u6307\u6587\u67da\u679c\uff09\n|-sidestart|p1: CXKGIAO|Spikes\n|move|p1a: \u60ca\u5929\u6d6a\u6d9b\u6740|Trick Room|p1a: \u60ca\u5929\u6d6a\u6d9b\u6740\n|-fieldstart|move: Trick Room|[of] p1a: \u60ca\u5929\u6d6a\u6d9b\u6740\n|\n|upkeep\n|turn|2\n|\n|t:|1700662979\n|move|p1a: \u60ca\u5929\u6d6a\u6d9b\u6740|Skill Swap|p2a: Glimmora\n|-activate|p1a: \u60ca\u5929\u6d6a\u6d9b\u6740|move: Skill Swap|Toxic Debris|Oblivious|[of] p2a: Glimmora\n|move|p2b: Ting-Lu|Spikes|p1a: \u60ca\u5929\u6d6a\u6d9b\u6740\n|-sidestart|p1: CXKGIAO|Spikes\n|move|p1b: \u540e\u5907\u9690\u85cf\u80fd\u6e90\uff08\u6307\u6587\u67da\u679c\uff09|Dazzling Gleam|p2a: Glimmora|[spread] p2a,p2b\n|-resisted|p2a: Glimmora\n|-supereffective|p2b: Ting-Lu\n|-damage|p2a: Glimmora|94\/100\n|-damage|p2b: Ting-Lu|83\/100\n|move|p2a: Glimmora|Mortal Spin|p1b: \u540e\u5907\u9690\u85cf\u80fd\u6e90\uff08\u6307\u6587\u67da\u679c\uff09|[spread] p1a,p1b\n|-damage|p1a: \u60ca\u5929\u6d6a\u6d9b\u6740|97\/100\n|-damage|p1b: \u540e\u5907\u9690\u85cf\u80fd\u6e90\uff08\u6307\u6587\u67da\u679c\uff09|95\/100\n|-status|p1a: \u60ca\u5929\u6d6a\u6d9b\u6740|psn\n|-status|p1b: \u540e\u5907\u9690\u85cf\u80fd\u6e90\uff08\u6307\u6587\u67da\u679c\uff09|psn\n|-activate|p1a: \u60ca\u5929\u6d6a\u6d9b\u6740|ability: Toxic Debris\n|-sidestart|p2: SiriCelebi|move: Toxic Spikes\n|-sideend|p2: SiriCelebi|Toxic Spikes|[from] move: Mortal Spin|[of] p2a: Glimmora\n|\n|-damage|p1a: \u60ca\u5929\u6d6a\u6d9b\u6740|85\/100 psn|[from] psn\n|-damage|p1b: \u540e\u5907\u9690\u85cf\u80fd\u6e90\uff08\u6307\u6587\u67da\u679c\uff09|83\/100 psn|[from] psn\n|upkeep\n|turn|3\n|\n|t:|1700663007\n|switch|p1b: \u4e09\u661f\u8fde\u73af\u70ae|Torkoal, L50, F|100\/100\n|-damage|p1b: \u4e09\u661f\u8fde\u73af\u70ae|76\/100|[from] Stealth Rock\n|-damage|p1b: \u4e09\u661f\u8fde\u73af\u70ae|59\/100|[from] Spikes\n|-weather|SunnyDay|[from] ability: Drought|[of] p1b: \u4e09\u661f\u8fde\u73af\u70ae\n|move|p1a: \u60ca\u5929\u6d6a\u6d9b\u6740|Foul Play|p2b: Ting-Lu\n|-resisted|p2b: Ting-Lu\n|-damage|p2b: Ting-Lu|79\/100\n|move|p2a: Glimmora|Mortal Spin|p1a: \u60ca\u5929\u6d6a\u6d9b\u6740|[spread] p1a,p1b\n|-damage|p1a: \u60ca\u5929\u6d6a\u6d9b\u6740|82\/100 psn\n|-damage|p1b: \u4e09\u661f\u8fde\u73af\u70ae|55\/100\n|-status|p1b: \u4e09\u661f\u8fde\u73af\u70ae|psn\n|-activate|p1a: \u60ca\u5929\u6d6a\u6d9b\u6740|ability: Toxic Debris\n|-sidestart|p2: SiriCelebi|move: Toxic Spikes\n|-sideend|p2: SiriCelebi|Toxic Spikes|[from] move: Mortal Spin|[of] p2a: Glimmora\n|move|p2b: Ting-Lu|Whirlwind|p1b: \u4e09\u661f\u8fde\u73af\u70ae\n|drag|p1b: \u66b4\u98ce\u661f\u4e91\u88c2|Armarouge, L50, M|100\/100\n|-damage|p1b: \u66b4\u98ce\u661f\u4e91\u88c2|75\/100|[from] Stealth Rock\n|-damage|p1b: \u66b4\u98ce\u661f\u4e91\u88c2|59\/100|[from] Spikes\n|\n|-weather|SunnyDay|[upkeep]\n|-damage|p1a: \u60ca\u5929\u6d6a\u6d9b\u6740|70\/100 psn|[from] psn\n|upkeep\n|turn|4\n|\n|t:|1700663039\n|move|p1a: \u60ca\u5929\u6d6a\u6d9b\u6740|Heal Pulse|p1b: \u66b4\u98ce\u661f\u4e91\u88c2\n|-heal|p1b: \u66b4\u98ce\u661f\u4e91\u88c2|100\/100\n|move|p1b: \u66b4\u98ce\u661f\u4e91\u88c2|Expanding Force|p2b: Ting-Lu|[spread] p2a\n|-immune|p2b: Ting-Lu\n|-supereffective|p2a: Glimmora\n|-damage|p2a: Glimmora|0 fnt\n|faint|p2a: Glimmora\n|move|p2b: Ting-Lu|Whirlwind|p1b: \u66b4\u98ce\u661f\u4e91\u88c2\n|drag|p1b: \u540e\u5907\u9690\u85cf\u80fd\u6e90\uff08\u6307\u6587\u67da\u679c\uff09|Indeedee-F, L50, F|83\/100 psn\n|-damage|p1b: \u540e\u5907\u9690\u85cf\u80fd\u6e90\uff08\u6307\u6587\u67da\u679c\uff09|71\/100 psn|[from] Stealth Rock\n|-damage|p1b: \u540e\u5907\u9690\u85cf\u80fd\u6e90\uff08\u6307\u6587\u67da\u679c\uff09|54\/100 psn|[from] Spikes\n|\n|-weather|SunnyDay|[upkeep]\n|-damage|p1a: \u60ca\u5929\u6d6a\u6d9b\u6740|57\/100 psn|[from] psn\n|-damage|p1b: \u540e\u5907\u9690\u85cf\u80fd\u6e90\uff08\u6307\u6587\u67da\u679c\uff09|42\/100 psn|[from] psn\n|upkeep\n|-enditem|p1b: \u540e\u5907\u9690\u85cf\u80fd\u6e90\uff08\u6307\u6587\u67da\u679c\uff09|Sitrus Berry|[eat]\n|-heal|p1b: \u540e\u5907\u9690\u85cf\u80fd\u6e90\uff08\u6307\u6587\u67da\u679c\uff09|67\/100 psn|[from] item: Sitrus Berry\n|\n|t:|1700663050\n|switch|p2a: Sinistcha|Sinistcha-Masterpiece, L50|100\/100\n|-heal|p2b: Ting-Lu|100\/100|[from] ability: Hospitality|[of] p2a: Sinistcha\n|turn|5\n|\n|t:|1700663066\n|switch|p1b: \u66b4\u98ce\u661f\u4e91\u88c2|Armarouge, L50, M|100\/100\n|-damage|p1b: \u66b4\u98ce\u661f\u4e91\u88c2|75\/100|[from] Stealth Rock\n|-damage|p1b: \u66b4\u98ce\u661f\u4e91\u88c2|59\/100|[from] Spikes\n|move|p1a: \u60ca\u5929\u6d6a\u6d9b\u6740|Skill Swap|p2a: Sinistcha\n|-activate|p1a: \u60ca\u5929\u6d6a\u6d9b\u6740|move: Skill Swap|Hospitality|Toxic Debris|[of] p2a: Sinistcha\n|-heal|p1b: \u66b4\u98ce\u661f\u4e91\u88c2|84\/100|[from] ability: Hospitality|[of] p1a: \u60ca\u5929\u6d6a\u6d9b\u6740\n|move|p2a: Sinistcha|Matcha Gotcha|p1b: \u66b4\u98ce\u661f\u4e91\u88c2|[spread] p1a\n|-miss|p2a: Sinistcha|p1b: \u66b4\u98ce\u661f\u4e91\u88c2\n|-supereffective|p1a: \u60ca\u5929\u6d6a\u6d9b\u6740\n|-damage|p1a: \u60ca\u5929\u6d6a\u6d9b\u6740|24\/100 psn\n|move|p2b: Ting-Lu|Whirlwind|p1b: \u66b4\u98ce\u661f\u4e91\u88c2\n|drag|p1b: \u4e09\u661f\u8fde\u73af\u70ae|Torkoal, L50, F|55\/100 psn\n|-damage|p1b: \u4e09\u661f\u8fde\u73af\u70ae|30\/100 psn|[from] Stealth Rock\n|-damage|p1b: \u4e09\u661f\u8fde\u73af\u70ae|14\/100 psn|[from] Spikes\n|\n|-weather|SunnyDay|[upkeep]\n|-damage|p1a: \u60ca\u5929\u6d6a\u6d9b\u6740|12\/100 psn|[from] psn\n|-damage|p1b: \u4e09\u661f\u8fde\u73af\u70ae|2\/100 psn|[from] psn\n|-fieldend|move: Trick Room\n|-fieldend|move: Psychic Terrain\n|upkeep\n|turn|6\n|\n|t:|1700663100\n|move|p2a: Sinistcha|Matcha Gotcha|p1a: \u60ca\u5929\u6d6a\u6d9b\u6740|[spread] p1a,p1b\n|-supereffective|p1a: \u60ca\u5929\u6d6a\u6d9b\u6740\n|-resisted|p1b: \u4e09\u661f\u8fde\u73af\u70ae\n|-damage|p1a: \u60ca\u5929\u6d6a\u6d9b\u6740|0 fnt\n|-damage|p1b: \u4e09\u661f\u8fde\u73af\u70ae|0 fnt\n|faint|p1a: \u60ca\u5929\u6d6a\u6d9b\u6740\n|faint|p1b: \u4e09\u661f\u8fde\u73af\u70ae\n|move|p2b: Ting-Lu|Spikes|p1: \u60ca\u5929\u6d6a\u6d9b\u6740\n|-sidestart|p1: CXKGIAO|Spikes\n|\n|-weather|SunnyDay|[upkeep]\n|upkeep\n|\n|t:|1700663110\n|switch|p1b: \u66b4\u98ce\u661f\u4e91\u88c2|Armarouge, L50, M|84\/100\n|switch|p1a: \u540e\u5907\u9690\u85cf\u80fd\u6e90\uff08\u6307\u6587\u67da\u679c\uff09|Indeedee-F, L50, F|67\/100 psn\n|-damage|p1b: \u66b4\u98ce\u661f\u4e91\u88c2|59\/100|[from] Stealth Rock\n|-damage|p1b: \u66b4\u98ce\u661f\u4e91\u88c2|34\/100|[from] Spikes\n|-damage|p1a: \u540e\u5907\u9690\u85cf\u80fd\u6e90\uff08\u6307\u6587\u67da\u679c\uff09|54\/100 psn|[from] Stealth Rock\n|-damage|p1a: \u540e\u5907\u9690\u85cf\u80fd\u6e90\uff08\u6307\u6587\u67da\u679c\uff09|29\/100 psn|[from] Spikes\n|-fieldstart|move: Psychic Terrain|[from] ability: Psychic Surge|[of] p1a: \u540e\u5907\u9690\u85cf\u80fd\u6e90\uff08\u6307\u6587\u67da\u679c\uff09\n|turn|7\n|\n|t:|1700663129\n|-terastallize|p1a: \u540e\u5907\u9690\u85cf\u80fd\u6e90\uff08\u6307\u6587\u67da\u679c\uff09|Fairy\n|move|p1a: \u540e\u5907\u9690\u85cf\u80fd\u6e90\uff08\u6307\u6587\u67da\u679c\uff09|Helping Hand|p1b: \u66b4\u98ce\u661f\u4e91\u88c2\n|-singleturn|p1b: \u66b4\u98ce\u661f\u4e91\u88c2|Helping Hand|[of] p1a: \u540e\u5907\u9690\u85cf\u80fd\u6e90\uff08\u6307\u6587\u67da\u679c\uff09\n|move|p2a: Sinistcha|Protect|p2a: Sinistcha\n|-singleturn|p2a: Sinistcha|Protect\n|move|p1b: \u66b4\u98ce\u661f\u4e91\u88c2|Heat Wave|p2b: Ting-Lu|[spread] p2b\n|-activate|p2a: Sinistcha|move: Protect\n|-damage|p2b: Ting-Lu|50\/100\n|move|p2b: Ting-Lu|Snarl|p1b: \u66b4\u98ce\u661f\u4e91\u88c2|[spread] p1a,p1b\n|-resisted|p1a: \u540e\u5907\u9690\u85cf\u80fd\u6e90\uff08\u6307\u6587\u67da\u679c\uff09\n|-supereffective|p1b: \u66b4\u98ce\u661f\u4e91\u88c2\n|-damage|p1a: \u540e\u5907\u9690\u85cf\u80fd\u6e90\uff08\u6307\u6587\u67da\u679c\uff09|26\/100 psn\n|-damage|p1b: \u66b4\u98ce\u661f\u4e91\u88c2|12\/100\n|-unboost|p1a: \u540e\u5907\u9690\u85cf\u80fd\u6e90\uff08\u6307\u6587\u67da\u679c\uff09|spa|1\n|-unboost|p1b: \u66b4\u98ce\u661f\u4e91\u88c2|spa|1\n|-enditem|p1b: \u66b4\u98ce\u661f\u4e91\u88c2|Weakness Policy\n|-boost|p1b: \u66b4\u98ce\u661f\u4e91\u88c2|atk|2|[from] item: Weakness Policy\n|-boost|p1b: \u66b4\u98ce\u661f\u4e91\u88c2|spa|2|[from] item: Weakness Policy\n|\n|-weather|none\n|-damage|p1a: \u540e\u5907\u9690\u85cf\u80fd\u6e90\uff08\u6307\u6587\u67da\u679c\uff09|13\/100 psn|[from] psn\n|upkeep\n|turn|8\n|\n|t:|1700663150\n|move|p1a: \u540e\u5907\u9690\u85cf\u80fd\u6e90\uff08\u6307\u6587\u67da\u679c\uff09|Helping Hand|p1b: \u66b4\u98ce\u661f\u4e91\u88c2\n|-singleturn|p1b: \u66b4\u98ce\u661f\u4e91\u88c2|Helping Hand|[of] p1a: \u540e\u5907\u9690\u85cf\u80fd\u6e90\uff08\u6307\u6587\u67da\u679c\uff09\n|move|p2a: Sinistcha|Rage Powder|p2a: Sinistcha\n|-singleturn|p2a: Sinistcha|move: Rage Powder\n|move|p1b: \u66b4\u98ce\u661f\u4e91\u88c2|Heat Wave|p2b: Ting-Lu|[spread] p2a\n|-miss|p1b: \u66b4\u98ce\u661f\u4e91\u88c2|p2b: Ting-Lu\n|-supereffective|p2a: Sinistcha\n|-damage|p2a: Sinistcha|0 fnt\n|faint|p2a: Sinistcha\n|move|p2b: Ting-Lu|Snarl|p1b: \u66b4\u98ce\u661f\u4e91\u88c2|[spread] p1a,p1b\n|-resisted|p1a: \u540e\u5907\u9690\u85cf\u80fd\u6e90\uff08\u6307\u6587\u67da\u679c\uff09\n|-supereffective|p1b: \u66b4\u98ce\u661f\u4e91\u88c2\n|-damage|p1a: \u540e\u5907\u9690\u85cf\u80fd\u6e90\uff08\u6307\u6587\u67da\u679c\uff09|10\/100 psn\n|-damage|p1b: \u66b4\u98ce\u661f\u4e91\u88c2|0 fnt\n|-unboost|p1a: \u540e\u5907\u9690\u85cf\u80fd\u6e90\uff08\u6307\u6587\u67da\u679c\uff09|spa|1\n|faint|p1b: \u66b4\u98ce\u661f\u4e91\u88c2\n|\n|-damage|p1a: \u540e\u5907\u9690\u85cf\u80fd\u6e90\uff08\u6307\u6587\u67da\u679c\uff09|0 fnt|[from] psn\n|faint|p1a: \u540e\u5907\u9690\u85cf\u80fd\u6e90\uff08\u6307\u6587\u67da\u679c\uff09\n|\n|win|SiriCelebi\n|upkeep\n","uploadtime":1700663164,"views":5,"p1id":"cxkgiao","p2id":"siricelebi","formatid":"gen9vgc2023regulatione","rating":0,"private":0,"password":""}