{"id":"gen9vgc2023regulatione-1994493515","p1":"leafyarrow","p2":"draytonp","format":"[Gen 9] VGC 2023 Regulation E","log":"|j|\u2606leafyarrow\n|j|\u2606draytonp\n|t:|1700450415\n|gametype|doubles\n|player|p1|leafyarrow|selene|1262\n|player|p2|draytonp|101|1165\n|teamsize|p1|6\n|teamsize|p2|6\n|gen|9\n|tier|[Gen 9] VGC 2023 Regulation E\n|rated|\n|rule|Species Clause: Limit one of each Pok\u00e9mon\n|rule|Item Clause: Limit one of each item\n|clearpoke\n|poke|p1|Enamorus-Therian, L50, F|\n|poke|p1|Ursaluna, L50, F|\n|poke|p1|Indeedee-F, L50, F|\n|poke|p1|Armarouge, L50, M|\n|poke|p1|Roaring Moon, L50|\n|poke|p1|Ninetales-Alola, L50, M|\n|poke|p2|Indeedee-F, L50, F|\n|poke|p2|Regieleki, L50|\n|poke|p2|Chi-Yu, L50|\n|poke|p2|Flutter Mane, L50|\n|poke|p2|Tornadus, L50, M|\n|poke|p2|Ogerpon-Wellspring, L50, F|\n|teampreview|4\nleafyarrow has agreed to open team sheets.\ndraytonp has agreed to open team sheets.\n|\n|t:|1700450460\n|start\n|switch|p1a: Indeedee|Indeedee-F, L50, F|100\/100\n|switch|p1b: Armarouge|Armarouge, L50, M|100\/100\n|switch|p2a: Chi-Yu|Chi-Yu, L50|100\/100\n|switch|p2b: Flutter Mane|Flutter Mane, L50|100\/100\n|-ability|p2a: Chi-Yu|Beads of Ruin\n|-fieldstart|move: Psychic Terrain|[from] ability: Psychic Surge|[of] p1a: Indeedee\n|-enditem|p1a: Indeedee|Psychic Seed\n|-boost|p1a: Indeedee|spd|1|[from] item: Psychic Seed\n|turn|1\n|\n|t:|1700450501\n|-terastallize|p2b: Flutter Mane|Fairy\n|move|p1a: Indeedee|Follow Me|p1a: Indeedee\n|-singleturn|p1a: Indeedee|move: Follow Me\n|move|p2b: Flutter Mane|Moonblast|p1a: Indeedee\n|-damage|p1a: Indeedee|41\/100\n|move|p2a: Chi-Yu|Snarl|p1a: Indeedee|[spread] p1a,p1b\n|-supereffective|p1a: Indeedee\n|-supereffective|p1b: Armarouge\n|-damage|p1a: Indeedee|0 fnt\n|-damage|p1b: Armarouge|13\/100\n|-unboost|p1b: Armarouge|spa|1\n|faint|p1a: Indeedee\n|-damage|p2a: Chi-Yu|90\/100|[from] item: Life Orb\n|move|p1b: Armarouge|Trick Room|p1b: Armarouge\n|-fieldstart|move: Trick Room|[of] p1b: Armarouge\n|\n|upkeep\n|\n|t:|1700450523\n|switch|p1a: Ursaluna|Ursaluna, L50, F|100\/100\n|turn|2\n|\n|t:|1700450550\n|switch|p2a: Tornadus|Tornadus, L50, M|100\/100\n|move|p1a: Ursaluna|Protect|p1a: Ursaluna\n|-singleturn|p1a: Ursaluna|Protect\n|move|p1b: Armarouge|Expanding Force|p2a: Tornadus|[spread] p2a,p2b\n|-damage|p2a: Tornadus|60\/100\n|-damage|p2b: Flutter Mane|47\/100\n|move|p2b: Flutter Mane|Dazzling Gleam|p1b: Armarouge|[spread] p1b\n|-activate|p1a: Ursaluna|move: Protect\n|-resisted|p1b: Armarouge\n|-damage|p1b: Armarouge|0 fnt\n|faint|p1b: Armarouge\n|\n|-status|p1a: Ursaluna|brn|[from] item: Flame Orb\n|upkeep\n|\n|t:|1700450563\n|switch|p1b: Enamorus|Enamorus-Therian, L50, F|100\/100\n|turn|3\n|\n|t:|1700450584\n|move|p2a: Tornadus|Protect|p2a: Tornadus\n|-singleturn|p2a: Tornadus|Protect\n|move|p2b: Flutter Mane|Protect|p2b: Flutter Mane\n|-singleturn|p2b: Flutter Mane|Protect\n|move|p1b: Enamorus|Moonblast|p2a: Tornadus\n|-activate|p2a: Tornadus|move: Protect\n|move|p1a: Ursaluna|Earthquake|p2b: Flutter Mane|[spread] \n|-activate|p2a: Tornadus|move: Protect\n|-activate|p2b: Flutter Mane|move: Protect\n|-immune|p1b: Enamorus\n|\n|-damage|p1a: Ursaluna|95\/100 brn|[from] brn\n|upkeep\n|turn|4\n|\n|t:|1700450622\n|move|p1b: Enamorus|Moonblast|p2a: Tornadus\n|-damage|p2a: Tornadus|0 fnt\n|faint|p2a: Tornadus\n|move|p1a: Ursaluna|Earthquake|p2b: Flutter Mane|[spread] p2b\n|-immune|p1b: Enamorus\n|-damage|p2b: Flutter Mane|0 fnt\n|faint|p2b: Flutter Mane\n|-end|p2b: Flutter Mane|Protosynthesis|[silent]\n|\n|-damage|p1a: Ursaluna|89\/100 brn|[from] brn\n|upkeep\n|\n|t:|1700450632\n|switch|p2a: Chi-Yu|Chi-Yu, L50|90\/100\n|switch|p2b: Ogerpon|Ogerpon-Wellspring, L50, F|100\/100\n|-ability|p2a: Chi-Yu|Beads of Ruin\n|turn|5\n|\n|t:|1700450648\n|move|p2a: Chi-Yu|Protect|p2a: Chi-Yu\n|-singleturn|p2a: Chi-Yu|Protect\n|move|p2b: Ogerpon|Spiky Shield|p2b: Ogerpon\n|-singleturn|p2b: Ogerpon|move: Protect\n|move|p1b: Enamorus|Moonblast|p2a: Chi-Yu\n|-activate|p2a: Chi-Yu|move: Protect\n|move|p1a: Ursaluna|Earthquake|p2a: Chi-Yu|[spread] \n|-activate|p2a: Chi-Yu|move: Protect\n|-activate|p2b: Ogerpon|move: Protect\n|-immune|p1b: Enamorus\n|\n|-damage|p1a: Ursaluna|83\/100 brn|[from] brn\n|-fieldend|move: Trick Room\n|-fieldend|move: Psychic Terrain\n|upkeep\n|turn|6\n|\n|t:|1700450685\n|-terastallize|p1a: Ursaluna|Ghost\n|move|p2b: Ogerpon|Ivy Cudgel|p1a: Ursaluna|[anim] Ivy Cudgel Water\n|-crit|p1a: Ursaluna\n|-damage|p1a: Ursaluna|23\/100 brn\n|move|p2a: Chi-Yu|Heat Wave|p1a: Ursaluna|[spread] p1a,p1b\n|-damage|p1a: Ursaluna|0 fnt\n|-damage|p1b: Enamorus|41\/100\n|-status|p1b: Enamorus|brn\n|faint|p1a: Ursaluna\n|-damage|p2a: Chi-Yu|80\/100|[from] item: Life Orb\n|move|p1b: Enamorus|Moonblast|p2b: Ogerpon\n|-damage|p2b: Ogerpon|0 fnt\n|faint|p2b: Ogerpon\n|\n|-damage|p1b: Enamorus|35\/100 brn|[from] brn\n|upkeep\n|turn|7\n|\n|t:|1700450700\n|move|p2a: Chi-Yu|Protect|p2a: Chi-Yu\n|-singleturn|p2a: Chi-Yu|Protect\n|move|p1b: Enamorus|Moonblast|p2a: Chi-Yu\n|-activate|p2a: Chi-Yu|move: Protect\n|\n|-damage|p1b: Enamorus|29\/100 brn|[from] brn\n|upkeep\n|turn|8\n|\n|t:|1700450714\n|move|p2a: Chi-Yu|Overheat|p1b: Enamorus\n|-damage|p1b: Enamorus|0 fnt\n|-unboost|p2a: Chi-Yu|spa|2\n|faint|p1b: Enamorus\n|-damage|p2a: Chi-Yu|70\/100|[from] item: Life Orb\n|\n|win|draytonp\n|raw|leafyarrow's rating: 1262 &rarr; <strong>1230<\/strong><br \/>(-32 for losing)\n|raw|draytonp's rating: 1165 &rarr; <strong>1197<\/strong><br \/>(+32 for winning)\n|l|\u2606draytonp\n","uploadtime":1700450720,"views":7,"p1id":"leafyarrow","p2id":"draytonp","formatid":"gen9vgc2023regulatione","rating":1197,"private":0,"password":""}