{"id":"gen9vgc2023regulatione-1999324955","p1":"12qw12qw","p2":"Rooppook","format":"[Gen 9] VGC 2023 Regulation E","log":"|j|\u260612qw12qw\n|j|\u2606Rooppook\n|t:|1701060546\n|gametype|doubles\n|player|p1|12qw12qw|170|1113\n|player|p2|Rooppook|biker-gen4|1191\n|teamsize|p1|6\n|teamsize|p2|6\n|gen|9\n|tier|[Gen 9] VGC 2023 Regulation E\n|rated|\n|rule|Species Clause: Limit one of each Pok\u00e9mon\n|rule|Item Clause: Limit one of each item\n|clearpoke\n|poke|p1|Sinistcha-Masterpiece, L50|\n|poke|p1|Landorus-Therian, L50, M|\n|poke|p1|Iron Hands, L50|\n|poke|p1|Kommo-o, L50, F|\n|poke|p1|Cresselia, L50, F|\n|poke|p1|Azumarill, L50, M|\n|poke|p2|Chien-Pao, L50|\n|poke|p2|Sandy Shocks, L50|\n|poke|p2|Dragonite, L50, F|\n|poke|p2|Espathra, L50, F|\n|poke|p2|Flutter Mane, L50|\n|poke|p2|Scizor, L50, M|\n|teampreview|4\nRooppook rejected open team sheets.\n|\n|t:|1701060565\n|start\n|switch|p1a: Azumarill|Azumarill, L50, M|100\/100\n|switch|p1b: Landorus|Landorus-Therian, L50, M|100\/100\n|switch|p2a: Sandy Shocks|Sandy Shocks, L50|100\/100\n|switch|p2b: Espathra|Espathra, L50, F|100\/100\n|-ability|p1b: Landorus|Intimidate|boost\n|-unboost|p2a: Sandy Shocks|atk|1\n|-unboost|p2b: Espathra|atk|1\n|-enditem|p2a: Sandy Shocks|Booster Energy\n|-activate|p2a: Sandy Shocks|ability: Protosynthesis|[fromitem]\n|-start|p2a: Sandy Shocks|protosynthesisspe\n|turn|1\n|\n|t:|1701060590\n|move|p2a: Sandy Shocks|Gravity|p2a: Sandy Shocks\n|-fieldstart|move: Gravity\n|move|p2b: Espathra|Hypnosis|p1b: Landorus\n|-status|p1b: Landorus|slp|[from] move: Hypnosis\n|cant|p1b: Landorus|slp\n|move|p1a: Azumarill|Belly Drum|p1a: Azumarill\n|-damage|p1a: Azumarill|50\/100\n|-setboost|p1a: Azumarill|atk|6|[from] move: Belly Drum\n|-enditem|p1a: Azumarill|Sitrus Berry|[eat]\n|-heal|p1a: Azumarill|75\/100|[from] item: Sitrus Berry\n|\n|-ability|p2b: Espathra|Speed Boost|boost\n|-boost|p2b: Espathra|spe|1\n|upkeep\n|turn|2\n|\n|t:|1701060614\n|switch|p1b: Sinistcha|Sinistcha-Masterpiece, L50|100\/100\n|-heal|p1a: Azumarill|99\/100|[from] ability: Hospitality|[of] p1b: Sinistcha\n|move|p1a: Azumarill|Aqua Jet|p2b: Espathra\n|-damage|p2b: Espathra|0 fnt\n|faint|p2b: Espathra\n|move|p2a: Sandy Shocks|Thunderbolt|p1a: Azumarill\n|-supereffective|p1a: Azumarill\n|-damage|p1a: Azumarill|17\/100\n|\n|upkeep\n|\n|t:|1701060625\n|switch|p2b: Scizor|Scizor, L50, M|100\/100\n|turn|3\n|\n|t:|1701060653\n|-end|p2a: Sandy Shocks|Protosynthesis|[silent]\n|switch|p2a: Flutter Mane|Flutter Mane, L50|100\/100\n|move|p1b: Sinistcha|Rage Powder|p1b: Sinistcha\n|-singleturn|p1b: Sinistcha|move: Rage Powder\n|move|p2b: Scizor|Bullet Punch|p1b: Sinistcha\n|-damage|p1b: Sinistcha|50\/100\n|move|p1a: Azumarill|Aqua Jet|p2a: Flutter Mane\n|-damage|p2a: Flutter Mane|0 fnt\n|faint|p2a: Flutter Mane\n|-end|p2a: Flutter Mane|Protosynthesis|[silent]\n|\n|upkeep\n|\n|t:|1701060662\n|switch|p2a: Sandy Shocks|Sandy Shocks, L50|100\/100\n|turn|4\n|\n|t:|1701060669\n|move|p2a: Sandy Shocks|Protect|p2a: Sandy Shocks\n|-singleturn|p2a: Sandy Shocks|Protect\n|move|p1b: Sinistcha|Rage Powder|p1b: Sinistcha\n|-singleturn|p1b: Sinistcha|move: Rage Powder\n|move|p2b: Scizor|Bullet Punch|p1b: Sinistcha\n|-damage|p1b: Sinistcha|5\/100\n|move|p1a: Azumarill|Aqua Jet|p2a: Sandy Shocks\n|-activate|p2a: Sandy Shocks|move: Protect\n|\n|upkeep\n|turn|5\n|\n|t:|1701060683\n|move|p2a: Sandy Shocks|Protect||[still]\n|-fail|p2a: Sandy Shocks\n|move|p1b: Sinistcha|Rage Powder|p1b: Sinistcha\n|-singleturn|p1b: Sinistcha|move: Rage Powder\n|move|p2b: Scizor|Bullet Punch|p1b: Sinistcha\n|-damage|p1b: Sinistcha|0 fnt\n|faint|p1b: Sinistcha\n|move|p1a: Azumarill|Aqua Jet|p2a: Sandy Shocks\n|-supereffective|p2a: Sandy Shocks\n|-damage|p2a: Sandy Shocks|0 fnt\n|faint|p2a: Sandy Shocks\n|-end|p2a: Sandy Shocks|Protosynthesis|[silent]\n|\n|-fieldend|move: Gravity\n|upkeep\n|\n|t:|1701060696\n|switch|p1b: Iron Hands|Iron Hands, L50|100\/100\n|turn|6\n|-message|Rooppook forfeited.\n|\n|win|12qw12qw\n|raw|12qw12qw's rating: 1113 &rarr; <strong>1144<\/strong><br \/>(+31 for winning)\n|raw|Rooppook's rating: 1191 &rarr; <strong>1160<\/strong><br \/>(-31 for losing)\n|l|\u2606Rooppook\n","uploadtime":1701060711,"views":3,"p1id":"12qw12qw","p2id":"rooppook","formatid":"gen9vgc2023regulatione","rating":1144,"private":0,"password":""}