{"id":"gen9vgc2023regulatione-1996010258","p1":"gabeguy217","p2":"CharlienoB","format":"[Gen 9] VGC 2023 Regulation E","log":"|j|\u2606gabeguy217\n|j|\u2606CharlienoB\n|t:|1700628906\n|gametype|doubles\n|player|p1|gabeguy217|2|1065\n|player|p2|CharlienoB|170|1033\n|teamsize|p1|6\n|teamsize|p2|6\n|gen|9\n|tier|[Gen 9] VGC 2023 Regulation E\n|rated|\n|rule|Species Clause: Limit one of each Pok\u00e9mon\n|rule|Item Clause: Limit one of each item\n|clearpoke\n|poke|p1|Mamoswine, L50, F|\n|poke|p1|Basculegion, L50, M|\n|poke|p1|Tornadus, L50, M|\n|poke|p1|Regieleki, L50|\n|poke|p1|Iron Valiant, L50|\n|poke|p1|Urshifu-*, L50, F|\n|poke|p2|Breloom, L50, F|\n|poke|p2|Arcanine-Hisui, L50, F|\n|poke|p2|Iron Bundle, L50|\n|poke|p2|Kingambit, L50, M|\n|poke|p2|Gholdengo, L50|\n|poke|p2|Clefairy, L50, M|\n|teampreview|4\n|\n|t:|1700628941\n|start\n|switch|p1a: Tornadus|Tornadus, L50, M|100\/100\n|switch|p1b: Mamoswine|Mamoswine, L50, F|100\/100\n|switch|p2a: Breloom|Breloom, L50, F|100\/100\n|switch|p2b: Arcanine|Arcanine-Hisui, L50, F|100\/100\n|-ability|p2b: Arcanine|Intimidate|boost\n|-unboost|p1a: Tornadus|atk|1\n|-fail|p1b: Mamoswine|unboost|Attack|[from] ability: Oblivious|[of] p1b: Mamoswine\n|turn|1\n|\n|t:|1700628967\n|-terastallize|p1a: Tornadus|Dark\n|-terastallize|p2a: Breloom|Water\n|move|p2a: Breloom|Mach Punch|p1b: Mamoswine\n|-supereffective|p1b: Mamoswine\n|-damage|p1b: Mamoswine|39\/100\n|move|p1b: Mamoswine|Ice Shard|p2a: Breloom\n|-resisted|p2a: Breloom\n|-damage|p2a: Breloom|78\/100\n|-damage|p1b: Mamoswine|29\/100|[from] item: Life Orb\n|move|p1a: Tornadus|Icy Wind|p2b: Arcanine|[spread] p2a,p2b\n|-resisted|p2a: Breloom\n|-resisted|p2b: Arcanine\n|-damage|p2a: Breloom|66\/100\n|-damage|p2b: Arcanine|94\/100\n|-unboost|p2a: Breloom|spe|1\n|-unboost|p2b: Arcanine|spe|1\n|move|p2b: Arcanine|Howl|p2b: Arcanine|[spread] p2a,p2b\n|-boost|p2a: Breloom|atk|1\n|-boost|p2b: Arcanine|atk|1\n|\n|upkeep\n|turn|2\n|inactive|Battle timer is ON: inactive players will automatically lose when time's up. (requested by CharlienoB)\n|\n|t:|1700628994\n|switch|p1b: Basculegion|Basculegion, L50, M, shiny|100\/100\n|move|p2a: Breloom|Mach Punch|p1b: Basculegion\n|-immune|p1b: Basculegion\n|move|p1a: Tornadus|Bleakwind Storm|p2b: Arcanine|[spread] p2b\n|-miss|p1a: Tornadus|p2a: Breloom\n|-resisted|p2b: Arcanine\n|-damage|p2b: Arcanine|78\/100\n|move|p2b: Arcanine|Howl|p2b: Arcanine|[spread] p2a,p2b\n|-boost|p2a: Breloom|atk|1\n|-boost|p2b: Arcanine|atk|1\n|\n|upkeep\n|turn|3\n|inactive|gabeguy217 has 30 seconds left.\n|\n|t:|1700629024\n|move|p1a: Tornadus|Protect|p1a: Tornadus\n|-singleturn|p1a: Tornadus|Protect\n|move|p2b: Arcanine|Extreme Speed|p1a: Tornadus\n|-activate|p1a: Tornadus|move: Protect\n|move|p1b: Basculegion|Wave Crash|p2a: Breloom\n|-resisted|p2a: Breloom\n|-damage|p2a: Breloom|5\/100\n|-damage|p1b: Basculegion|84\/100|[from] item: Rocky Helmet|[of] p2a: Breloom\n|-damage|p1b: Basculegion|71\/100|[from] Recoil\n|move|p2a: Breloom|Spore|p1b: Basculegion\n|-status|p1b: Basculegion|slp|[from] move: Spore\n|\n|upkeep\n|turn|4\n|\n|t:|1700629045\n|cant|p1b: Basculegion|slp\n|move|p2b: Arcanine|Extreme Speed|p1a: Tornadus\n|-crit|p1a: Tornadus\n|-damage|p1a: Tornadus|0 fnt\n|faint|p1a: Tornadus\n|move|p2a: Breloom|Mach Punch|p1b: Basculegion\n|-immune|p1b: Basculegion\n|\n|upkeep\n|\n|t:|1700629058\n|switch|p1a: Iron Valiant|Iron Valiant, L50|100\/100\n|-enditem|p1a: Iron Valiant|Booster Energy\n|-activate|p1a: Iron Valiant|ability: Quark Drive|[fromitem]\n|-start|p1a: Iron Valiant|quarkdrivespa\n|turn|5\n|\n|t:|1700629072\n|move|p1a: Iron Valiant|Protect|p1a: Iron Valiant\n|-singleturn|p1a: Iron Valiant|Protect\n|move|p2a: Breloom|Protect|p2a: Breloom\n|-singleturn|p2a: Breloom|Protect\n|cant|p1b: Basculegion|slp\n|move|p2b: Arcanine|Flare Blitz|p1a: Iron Valiant\n|-activate|p1a: Iron Valiant|move: Protect\n|\n|upkeep\n|turn|6\n|\n|t:|1700629087\n|-end|p1a: Iron Valiant|Quark Drive|[silent]\n|switch|p1a: Mamoswine|Mamoswine, L50, F|29\/100\n|move|p2b: Arcanine|Extreme Speed|p1a: Mamoswine\n|-damage|p1a: Mamoswine|0 fnt\n|faint|p1a: Mamoswine\n|cant|p1b: Basculegion|slp\n|move|p2a: Breloom|Mach Punch|p1b: Basculegion\n|-immune|p1b: Basculegion\n|\n|upkeep\n|\n|t:|1700629096\n|switch|p1a: Iron Valiant|Iron Valiant, L50|100\/100\n|turn|7\n|\n|t:|1700629109\n|move|p1a: Iron Valiant|Protect|p1a: Iron Valiant\n|-singleturn|p1a: Iron Valiant|Protect\n|-curestatus|p1b: Basculegion|slp|[msg]\n|move|p1b: Basculegion|Aqua Jet|p2b: Arcanine\n|-supereffective|p2b: Arcanine\n|-damage|p2b: Arcanine|0 fnt\n|faint|p2b: Arcanine\n|move|p2a: Breloom|Seed Bomb|p1b: Basculegion\n|-supereffective|p1b: Basculegion\n|-damage|p1b: Basculegion|0 fnt\n|faint|p1b: Basculegion\n|\n|upkeep\n|\n|t:|1700629113\n|switch|p2b: Iron Bundle|Iron Bundle, L50|100\/100\n|-enditem|p2b: Iron Bundle|Booster Energy\n|-activate|p2b: Iron Bundle|ability: Quark Drive|[fromitem]\n|-start|p2b: Iron Bundle|quarkdrivespe\n|turn|8\n|\n|t:|1700629129\n|move|p2b: Iron Bundle|Icy Wind|p1a: Iron Valiant\n|-damage|p1a: Iron Valiant|60\/100\n|-unboost|p1a: Iron Valiant|spe|1\n|move|p1a: Iron Valiant|Aura Sphere|p2b: Iron Bundle\n|-supereffective|p2b: Iron Bundle\n|-damage|p2b: Iron Bundle|0 fnt\n|faint|p2b: Iron Bundle\n|-end|p2b: Iron Bundle|Quark Drive|[silent]\n|move|p2a: Breloom|Spore|p1a: Iron Valiant\n|-status|p1a: Iron Valiant|slp|[from] move: Spore\n|\n|upkeep\n|\n|t:|1700629133\n|switch|p2b: Kingambit|Kingambit, L50, M|100\/100\n|turn|9\n|\n|t:|1700629143\n|move|p2a: Breloom|Mach Punch|p1a: Iron Valiant\n|-resisted|p1a: Iron Valiant\n|-damage|p1a: Iron Valiant|19\/100 slp\n|cant|p1a: Iron Valiant|slp\n|move|p2b: Kingambit|Kowtow Cleave|p1a: Iron Valiant\n|-resisted|p1a: Iron Valiant\n|-damage|p1a: Iron Valiant|0 fnt\n|faint|p1a: Iron Valiant\n|-end|p1a: Iron Valiant|Quark Drive|[silent]\n|\n|win|CharlienoB\n|raw|gabeguy217's rating: 1065 &rarr; <strong>1043<\/strong><br \/>(-22 for losing)\n|raw|CharlienoB's rating: 1033 &rarr; <strong>1071<\/strong><br \/>(+38 for winning)\n|l|\u2606gabeguy217\n","uploadtime":1700629284,"views":11,"p1id":"gabeguy217","p2id":"charlienob","formatid":"gen9vgc2023regulatione","rating":1043,"private":0,"password":""}