{"id":"gen9vgc2023regulatione-1993571914","p1":"vtkrrishblaze","p2":"EdoEC","format":"[Gen 9] VGC 2023 Regulation E","log":"|j|\u2606vtkrrishblaze\n|j|\u2606EdoEC\n|t:|1700333070\n|gametype|doubles\n|player|p1|vtkrrishblaze|lucas|1345\n|player|p2|EdoEC|janine|1334\n|teamsize|p1|6\n|teamsize|p2|6\n|gen|9\n|tier|[Gen 9] VGC 2023 Regulation E\n|rated|\n|rule|Species Clause: Limit one of each Pok\u00e9mon\n|rule|Item Clause: Limit one of each item\n|clearpoke\n|poke|p1|Dachsbun, L50, F|\n|poke|p1|Chi-Yu, L50|\n|poke|p1|Flutter Mane, L50|\n|poke|p1|Coalossal, L50, F|\n|poke|p1|Amoonguss, L50, M|\n|poke|p1|Sableye, L50, M|\n|poke|p2|Gholdengo, L50|\n|poke|p2|Amoonguss, L50, F|\n|poke|p2|Iron Hands, L50|\n|poke|p2|Pelipper, L50, M|\n|poke|p2|Salamence, L50, F|\n|poke|p2|Iron Bundle, L50|\n|teampreview|4\n|inactive|Battle timer is ON: inactive players will automatically lose when time's up. (requested by vtkrrishblaze)\n|inactive|vtkrrishblaze has 60 seconds left.\n|inactive|EdoEC has 60 seconds left.\n|inactive|vtkrrishblaze has 30 seconds left.\n|inactive|vtkrrishblaze has 20 seconds left.\n|\n|t:|1700333142\n|start\n|switch|p1a: Sableye|Sableye, L50, M|100\/100\n|switch|p1b: Flutter Mane|Flutter Mane, L50|100\/100\n|switch|p2a: OscarSoto|Gholdengo, L50|100\/100\n|switch|p2b: Willy|Iron Hands, L50, shiny|100\/100\n|-enditem|p1b: Flutter Mane|Booster Energy\n|-activate|p1b: Flutter Mane|ability: Protosynthesis|[fromitem]\n|-start|p1b: Flutter Mane|protosynthesisspe\n|turn|1\n|inactive|vtkrrishblaze has 30 seconds left.\n|inactive|EdoEC has 30 seconds left.\n|inactive|vtkrrishblaze has 20 seconds left.\n|inactive|EdoEC has 20 seconds left.\n|inactive|EdoEC has 15 seconds left.\n|\n|t:|1700333183\n|-end|p2b: Willy|Quark Drive|[silent]\n|switch|p2b: Iron Bundle|Iron Bundle, L50|100\/100\n|-enditem|p2b: Iron Bundle|Booster Energy\n|-activate|p2b: Iron Bundle|ability: Quark Drive|[fromitem]\n|-start|p2b: Iron Bundle|quarkdrivespe\n|move|p1a: Sableye|Fake Out|p2b: Iron Bundle\n|-damage|p2b: Iron Bundle|94\/100\n|move|p1b: Flutter Mane|Calm Mind|p1b: Flutter Mane\n|-boost|p1b: Flutter Mane|spa|1\n|-boost|p1b: Flutter Mane|spd|1\n|move|p2a: OscarSoto|Make It Rain|p1a: Sableye|[spread] p1a,p1b\n|-supereffective|p1b: Flutter Mane\n|-damage|p1a: Sableye|41\/100\n|-damage|p1b: Flutter Mane|36\/100\n|-unboost|p2a: OscarSoto|spa|1\n|\n|upkeep\n|turn|2\n|inactive|vtkrrishblaze has 30 seconds left.\n|inactive|EdoEC has 30 seconds left.\n|inactive|EdoEC has 20 seconds left.\n|inactive|EdoEC has 15 seconds left.\n|inactive|EdoEC has 10 seconds left.\n|inactive|EdoEC has 5 seconds left.\n|\n|t:|1700333234\n|switch|p1a: Chi-Yu|Chi-Yu, L50|100\/100\n|-ability|p1a: Chi-Yu|Beads of Ruin\n|-terastallize|p1b: Flutter Mane|Fairy\n|move|p1b: Flutter Mane|Dazzling Gleam|p2b: Iron Bundle|[spread] p2a,p2b\n|-resisted|p2a: OscarSoto\n|-damage|p2a: OscarSoto|57\/100\n|-damage|p2b: Iron Bundle|0 fnt\n|faint|p2b: Iron Bundle\n|-end|p2b: Iron Bundle|Quark Drive|[silent]\n|move|p2a: OscarSoto|Make It Rain|p1b: Flutter Mane|[spread] p1a,p1b\n|-resisted|p1a: Chi-Yu\n|-supereffective|p1b: Flutter Mane\n|-damage|p1a: Chi-Yu|84\/100\n|-damage|p1b: Flutter Mane|0 fnt\n|-unboost|p2a: OscarSoto|spa|1\n|faint|p1b: Flutter Mane\n|-end|p1b: Flutter Mane|Protosynthesis|[silent]\n|\n|-heal|p2a: OscarSoto|63\/100|[from] item: Leftovers\n|upkeep\n|\n|t:|1700333252\n|switch|p1b: Coalossal|Coalossal, L50, F|100\/100\n|switch|p2b: Pelipper|Pelipper, L50, M|100\/100\n|-weather|RainDance|[from] ability: Drizzle|[of] p2b: Pelipper\n|turn|3\n|\n|t:|1700333271\n|switch|p2a: Willy|Iron Hands, L50, shiny|100\/100\n|move|p1a: Chi-Yu|Lava Plume|p2b: Pelipper|[spread] p1b,p2a,p2b\n|-resisted|p1b: Coalossal\n|-crit|p2a: Willy\n|-resisted|p2b: Pelipper\n|-damage|p1b: Coalossal|95\/100\n|-damage|p2a: Willy|83\/100\n|-damage|p2b: Pelipper|82\/100\n|-ability|p1b: Coalossal|Steam Engine|boost\n|-boost|p1b: Coalossal|spe|6\n|move|p1b: Coalossal|High Horsepower|p2a: Willy\n|-supereffective|p2a: Willy\n|-damage|p2a: Willy|33\/100\n|move|p2b: Pelipper|Weather Ball|p1b: Coalossal\n|-supereffective|p1b: Coalossal\n|-damage|p1b: Coalossal|0 fnt\n|faint|p1b: Coalossal\n|\n|-weather|RainDance|[upkeep]\n|upkeep\n|\n|t:|1700333288\n|switch|p1b: Sableye|Sableye, L50, M|41\/100\n|turn|4\n|\n|t:|1700333312\n|move|p2b: Pelipper|Wide Guard|p2b: Pelipper\n|-singleturn|p2b: Pelipper|Wide Guard\n|move|p1b: Sableye|Fake Out|p2b: Pelipper\n|-damage|p2b: Pelipper|74\/100\n|move|p1a: Chi-Yu|Dark Pulse|p2a: Willy\n|-resisted|p2a: Willy\n|-damage|p2a: Willy|15\/100\n|move|p2a: Willy|Heavy Slam|p1b: Sableye\n|-damage|p1b: Sableye|0 fnt\n|faint|p1b: Sableye\n|\n|-weather|RainDance|[upkeep]\n|upkeep\n|turn|5\n|\n|t:|1700333331\n|move|p1a: Chi-Yu|Snarl|p2b: Pelipper|[spread] p2a,p2b\n|-resisted|p2a: Willy\n|-damage|p2a: Willy|6\/100\n|-damage|p2b: Pelipper|26\/100\n|-unboost|p2a: Willy|spa|1\n|-unboost|p2b: Pelipper|spa|1\n|move|p2b: Pelipper|Weather Ball|p1a: Chi-Yu\n|-supereffective|p1a: Chi-Yu\n|-damage|p1a: Chi-Yu|0 fnt\n|faint|p1a: Chi-Yu\n|\n|win|EdoEC\n|raw|vtkrrishblaze's rating: 1345 &rarr; <strong>1324<\/strong><br \/>(-21 for losing)\n|raw|EdoEC's rating: 1334 &rarr; <strong>1355<\/strong><br \/>(+21 for winning)\n|l|\u2606vtkrrishblaze\n","uploadtime":1700333343,"views":7,"p1id":"vtkrrishblaze","p2id":"edoec","formatid":"gen9vgc2023regulatione","rating":1324,"private":0,"password":""}