{"id":"gen9vgc2023regulatione-1988346723","p1":"holley6969","p2":"FunnyOwl27","format":"[Gen 9] VGC 2023 Regulation E","log":"|j|\u2606holley6969\n|j|\u2606FunnyOwl27\n|t:|1699711932\n|gametype|doubles\n|player|p1|holley6969|1|1089\n|player|p2|FunnyOwl27|giovanni|1105\n|teamsize|p1|6\n|teamsize|p2|4\n|gen|9\n|tier|[Gen 9] VGC 2023 Regulation E\n|rated|\n|rule|Species Clause: Limit one of each Pok\u00e9mon\n|rule|Item Clause: Limit one of each item\n|clearpoke\n|poke|p1|Ogerpon-Hearthflame, L50, F|\n|poke|p1|Landorus-Therian, L50, M|\n|poke|p1|Sinistcha, L50|\n|poke|p1|Clefairy, L50, M|\n|poke|p1|Kommo-o, L50, F|\n|poke|p1|Snorlax, L50, F|\n|poke|p2|Munkidori, L50, M|\n|poke|p2|Chi-Yu, L50|\n|poke|p2|Rillaboom, L50, M|\n|poke|p2|Sneasler, L50, F|\n|teampreview|4\n|inactive|Battle timer is ON: inactive players will automatically lose when time's up. (requested by FunnyOwl27)\n|\n|t:|1699711973\n|start\n|switch|p1a: Snorlax|Snorlax, L50, F|100\/100\n|switch|p1b: Clefairy|Clefairy, L50, M|100\/100\n|switch|p2a: Rillaboom|Rillaboom, L50, M|100\/100\n|switch|p2b: Sneasler|Sneasler, L50, F|100\/100\n|-fieldstart|move: Grassy Terrain|[from] ability: Grassy Surge|[of] p2a: Rillaboom\n|-enditem|p2b: Sneasler|Grassy Seed\n|-boost|p2b: Sneasler|def|1|[from] item: Grassy Seed\n|turn|1\n|\n|t:|1699711996\n|move|p1a: Snorlax|Protect|p1a: Snorlax\n|-singleturn|p1a: Snorlax|Protect\n|move|p1b: Clefairy|Protect|p1b: Clefairy\n|-singleturn|p1b: Clefairy|Protect\n|move|p2a: Rillaboom|Fake Out|p1a: Snorlax\n|-activate|p1a: Snorlax|move: Protect\n|move|p2b: Sneasler|Dire Claw|p1b: Clefairy\n|-activate|p1b: Clefairy|move: Protect\n|\n|upkeep\n|turn|2\n|\n|t:|1699712013\n|-terastallize|p1b: Clefairy|Steel\n|move|p1b: Clefairy|Follow Me|p1b: Clefairy\n|-singleturn|p1b: Clefairy|move: Follow Me\n|move|p2b: Sneasler|Swords Dance|p2b: Sneasler\n|-boost|p2b: Sneasler|atk|2\n|move|p2a: Rillaboom|Knock Off|p1b: Clefairy\n|-damage|p1b: Clefairy|73\/100\n|-enditem|p1b: Clefairy|Eviolite|[from] move: Knock Off|[of] p2a: Rillaboom\n|move|p1a: Snorlax|Belly Drum|p1a: Snorlax\n|-damage|p1a: Snorlax|50\/100\n|-setboost|p1a: Snorlax|atk|6|[from] move: Belly Drum\n|-enditem|p1a: Snorlax|Sitrus Berry|[eat]\n|-heal|p1a: Snorlax|75\/100|[from] item: Sitrus Berry\n|\n|-heal|p1a: Snorlax|82\/100|[from] Grassy Terrain\n|-heal|p1b: Clefairy|79\/100|[from] Grassy Terrain\n|upkeep\n|turn|3\n|inactive|holley6969 has 30 seconds left.\n|inactive|FunnyOwl27 has 30 seconds left.\n|\n|t:|1699712047\n|switch|p2a: Chi-Yu|Chi-Yu, L50|100\/100\n|-ability|p2a: Chi-Yu|Beads of Ruin\n|move|p1b: Clefairy|Follow Me|p1b: Clefairy\n|-singleturn|p1b: Clefairy|move: Follow Me\n|move|p2b: Sneasler|Close Combat|p1b: Clefairy\n|-supereffective|p1b: Clefairy\n|-damage|p1b: Clefairy|0 fnt\n|-unboost|p2b: Sneasler|def|1\n|-unboost|p2b: Sneasler|spd|1\n|faint|p1b: Clefairy\n|move|p1a: Snorlax|Facade|p2b: Sneasler\n|-damage|p2b: Sneasler|0 fnt\n|faint|p2b: Sneasler\n|\n|-heal|p1a: Snorlax|88\/100|[from] Grassy Terrain\n|upkeep\n|\n|t:|1699712065\n|switch|p2b: Munkidori|Munkidori, L50, M|100\/100\n|switch|p1b: Sinistcha|Sinistcha, L50|100\/100\n|-heal|p1a: Snorlax|100\/100|[from] ability: Hospitality|[of] p1b: Sinistcha\n|turn|4\n|inactive|FunnyOwl27 has 30 seconds left.\n|\n|t:|1699712099\n|switch|p1b: Landorus|Landorus-Therian, L50, M|100\/100\n|-ability|p1b: Landorus|Intimidate|boost\n|-unboost|p2a: Chi-Yu|atk|1\n|-unboost|p2b: Munkidori|atk|1\n|move|p2b: Munkidori|Acid Spray|p1a: Snorlax\n|-crit|p1a: Snorlax\n|-damage|p1a: Snorlax|60\/100\n|-unboost|p1a: Snorlax|spd|2\n|-status|p1a: Snorlax|tox|[from] ability: Toxic Chain|[of] p2b: Munkidori\n|move|p2a: Chi-Yu|Heat Wave|p1b: Landorus|[spread] p1a,p1b\n|-damage|p1a: Snorlax|0 fnt\n|-damage|p1b: Landorus|22\/100\n|faint|p1a: Snorlax\n|-damage|p2a: Chi-Yu|90\/100|[from] item: Life Orb\n|\n|-heal|p2a: Chi-Yu|97\/100|[from] Grassy Terrain\n|upkeep\n|\n|t:|1699712112\n|switch|p1a: Sinistcha|Sinistcha, L50|100\/100\n|-heal|p1b: Landorus|47\/100|[from] ability: Hospitality|[of] p1a: Sinistcha\n|turn|5\n|\n|t:|1699712120\n|move|p1b: Landorus|Rock Slide|p2b: Munkidori|[spread] p2a,p2b\n|-supereffective|p2a: Chi-Yu\n|-damage|p2a: Chi-Yu|18\/100\n|-damage|p2b: Munkidori|64\/100\n|move|p2b: Munkidori|Acid Spray|p1b: Landorus\n|-resisted|p1b: Landorus\n|-crit|p1b: Landorus\n|-damage|p1b: Landorus|9\/100\n|-unboost|p1b: Landorus|spd|2\n|move|p2a: Chi-Yu|Heat Wave|p1a: Sinistcha|[spread] p1a,p1b\n|-supereffective|p1a: Sinistcha\n|-damage|p1a: Sinistcha|0 fnt\n|-damage|p1b: Landorus|0 fnt\n|faint|p1a: Sinistcha\n|faint|p1b: Landorus\n|-damage|p2a: Chi-Yu|8\/100|[from] item: Life Orb\n|\n|win|FunnyOwl27\n|raw|holley6969's rating: 1089 &rarr; <strong>1067<\/strong><br \/>(-22 for losing)\n|raw|FunnyOwl27's rating: 1105 &rarr; <strong>1129<\/strong><br \/>(+24 for winning)\n|l|\u2606holley6969\n","uploadtime":1699712138,"views":16,"p1id":"holley6969","p2id":"funnyowl27","formatid":"gen9vgc2023regulatione","rating":1067,"private":0,"password":""}