{"id":"gen9vgc2023regulatione-1998816180","p1":"Daehkcarc420","p2":"realxqt","format":"[Gen 9] VGC 2023 Regulation E","log":"|j|\u2606Daehkcarc420\n|j|\u2606realxqt\n|t:|1700996697\n|gametype|doubles\n|player|p1|Daehkcarc420|169|1086\n|player|p2|realxqt|dragontamer|1091\n|teamsize|p1|6\n|teamsize|p2|6\n|gen|9\n|tier|[Gen 9] VGC 2023 Regulation E\n|rated|\n|rule|Species Clause: Limit one of each Pok\u00e9mon\n|rule|Item Clause: Limit one of each item\n|clearpoke\n|poke|p1|Lurantis, L50, F|\n|poke|p1|Indeedee, L50, M|\n|poke|p1|Amoonguss, L50, F|\n|poke|p1|Gholdengo, L50|\n|poke|p1|Tornadus, L50, M|\n|poke|p1|Gallade, L50, M|\n|poke|p2|Armarouge, L50, M|\n|poke|p2|Indeedee-F, L50, F|\n|poke|p2|Bronzong, L50|\n|poke|p2|Torkoal, L50, M|\n|poke|p2|Roaring Moon, L50|\n|poke|p2|Ursaluna, L50, M|\n|teampreview|4\n|inactive|Battle timer is ON: inactive players will automatically lose when time's up. (requested by realxqt)\n|inactive|Daehkcarc420 also wants the timer to be on.\n|inactive|realxqt has 60 seconds left.\n|\n|t:|1700996743\n|start\n|switch|p1a: Amoonguss|Amoonguss, L50, F|100\/100\n|switch|p1b: Gallade|Gallade, L50, M|100\/100\n|switch|p2a: Roaring Moon|Roaring Moon, L50|100\/100\n|switch|p2b: Armarouge|Armarouge, L50, M|100\/100\n|-enditem|p2a: Roaring Moon|Booster Energy\n|-activate|p2a: Roaring Moon|ability: Protosynthesis|[fromitem]\n|-start|p2a: Roaring Moon|protosynthesisspe\n|turn|1\n|inactive|realxqt has 30 seconds left.\n|inactive|realxqt has 20 seconds left.\n|\n|t:|1700996778\n|move|p2b: Armarouge|Endure|p2b: Armarouge\n|-singleturn|p2b: Armarouge|move: Endure\n|move|p1a: Amoonguss|Rage Powder|p1a: Amoonguss\n|-singleturn|p1a: Amoonguss|move: Rage Powder\n|move|p2a: Roaring Moon|Earthquake|p1b: Gallade|[spread] p2b,p1a,p1b\n|-supereffective|p2b: Armarouge\n|-damage|p2b: Armarouge|42\/100\n|-damage|p1a: Amoonguss|70\/100\n|-damage|p1b: Gallade|51\/100\n|-ability|p2b: Armarouge|Weak Armor|boost\n|-unboost|p2b: Armarouge|def|1\n|-boost|p2b: Armarouge|spe|2\n|-enditem|p2b: Armarouge|Weakness Policy\n|-boost|p2b: Armarouge|atk|2|[from] item: Weakness Policy\n|-boost|p2b: Armarouge|spa|2|[from] item: Weakness Policy\n|move|p1b: Gallade|Aqua Cutter|p2b: Armarouge\n|-supereffective|p2b: Armarouge\n|-activate|p2b: Armarouge|move: Endure\n|-damage|p2b: Armarouge|1\/100\n|-ability|p2b: Armarouge|Weak Armor|boost\n|-unboost|p2b: Armarouge|def|1\n|-boost|p2b: Armarouge|spe|2\n|\n|upkeep\n|turn|2\n|inactive|Daehkcarc420 has 30 seconds left.\n|inactive|realxqt has 30 seconds left.\n|\n|t:|1700996809\n|-end|p2a: Roaring Moon|Protosynthesis|[silent]\n|switch|p2a: Indeedee|Indeedee-F, L50, F|100\/100\n|-fieldstart|move: Psychic Terrain|[from] ability: Psychic Surge|[of] p2a: Indeedee\n|-terastallize|p2b: Armarouge|Psychic\n|move|p2b: Armarouge|Expanding Force|p1b: Gallade|[spread] p1a,p1b\n|-supereffective|p1a: Amoonguss\n|-damage|p1a: Amoonguss|0 fnt\n|-damage|p1b: Gallade|0 fnt\n|faint|p1a: Amoonguss\n|faint|p1b: Gallade\n|\n|upkeep\n|\n|t:|1700996818\n|switch|p1b: Gholdengo|Gholdengo, L50|100\/100\n|switch|p1a: Lurantis|Lurantis, L50, F|100\/100\n|turn|3\n|\n|t:|1700996827\n|move|p2a: Indeedee|Helping Hand|p2b: Armarouge\n|-singleturn|p2b: Armarouge|Helping Hand|[of] p2a: Indeedee\n|move|p1b: Gholdengo|Protect|p1b: Gholdengo\n|-singleturn|p1b: Gholdengo|Protect\n|move|p2b: Armarouge|Heat Wave|p1a: Lurantis|[spread] p1a\n|-activate|p1b: Gholdengo|move: Protect\n|-supereffective|p1a: Lurantis\n|-enditem|p1a: Lurantis|Focus Sash\n|-damage|p1a: Lurantis|1\/100\n|move|p1a: Lurantis|Pollen Puff|p2b: Armarouge\n|-supereffective|p2b: Armarouge\n|-damage|p2b: Armarouge|0 fnt\n|faint|p2b: Armarouge\n|\n|upkeep\n|\n|t:|1700996847\n|switch|p2b: Bronzong|Bronzong, L50|100\/100\n|turn|4\n|\n|t:|1700996857\n|move|p2a: Indeedee|Follow Me|p2a: Indeedee\n|-singleturn|p2a: Indeedee|move: Follow Me\n|move|p1b: Gholdengo|Nasty Plot|p1b: Gholdengo\n|-boost|p1b: Gholdengo|spa|2\n|move|p1a: Lurantis|Leaf Storm|p2a: Indeedee\n|-damage|p2a: Indeedee|46\/100\n|-boost|p1a: Lurantis|spa|2\n|move|p2b: Bronzong|Trick Room|p2b: Bronzong\n|-fieldstart|move: Trick Room|[of] p2b: Bronzong\n|\n|upkeep\n|turn|5\n|\n|t:|1700996880\n|move|p2b: Bronzong|Skill Swap|p1b: Gholdengo\n|-immune|p1b: Gholdengo|[from] ability: Good as Gold\n|move|p1a: Lurantis|Leaf Storm|p2a: Indeedee\n|-damage|p2a: Indeedee|0 fnt\n|-boost|p1a: Lurantis|spa|2\n|faint|p2a: Indeedee\n|move|p1b: Gholdengo|Nasty Plot|p1b: Gholdengo\n|-boost|p1b: Gholdengo|spa|2\n|\n|upkeep\n|\n|t:|1700996889\n|switch|p2a: Roaring Moon|Roaring Moon, L50|100\/100\n|turn|6\n|inactive|realxqt has 30 seconds left.\n|\n|t:|1700996917\n|-terastallize|p1b: Gholdengo|Dragon\n|move|p2b: Bronzong|Iron Defense|p2b: Bronzong\n|-boost|p2b: Bronzong|def|2\n|move|p1a: Lurantis|Leaf Storm|p2b: Bronzong\n|-resisted|p2b: Bronzong\n|-damage|p2b: Bronzong|28\/100\n|-boost|p1a: Lurantis|spa|2\n|move|p1b: Gholdengo|Make It Rain|p2b: Bronzong|[spread] p2a,p2b\n|-resisted|p2b: Bronzong\n|-damage|p2a: Roaring Moon|0 fnt\n|-damage|p2b: Bronzong|0 fnt\n|-unboost|p1b: Gholdengo|spa|1\n|faint|p2a: Roaring Moon\n|-end|p2a: Roaring Moon|Protosynthesis|[silent]\n|faint|p2b: Bronzong\n|\n|win|Daehkcarc420\n|raw|Daehkcarc420's rating: 1086 &rarr; <strong>1113<\/strong><br \/>(+27 for winning)\n|raw|realxqt's rating: 1091 &rarr; <strong>1067<\/strong><br \/>(-24 for losing)\n|l|\u2606realxqt\n","uploadtime":1700997657,"views":9,"p1id":"daehkcarc420","p2id":"realxqt","formatid":"gen9vgc2023regulatione","rating":1067,"private":0,"password":""}