{"id":"gen9vgc2023regulatione-1998233011","p1":"crookedd_","p2":"eEmeraldl","format":"[Gen 9] VGC 2023 Regulation E","log":"|j|\u2606crookedd_\n|j|\u2606eEmeraldl\n|t:|1700917100\n|gametype|doubles\n|player|p1|crookedd_|cynthia|1285\n|player|p2|eEmeraldl|ethan|1318\n|teamsize|p1|6\n|teamsize|p2|6\n|gen|9\n|tier|[Gen 9] VGC 2023 Regulation E\n|rated|\n|rule|Species Clause: Limit one of each Pok\u00e9mon\n|rule|Item Clause: Limit one of each item\n|clearpoke\n|poke|p1|Tornadus, L50, M|\n|poke|p1|Landorus-Therian, L50, M|\n|poke|p1|Flutter Mane, L50|\n|poke|p1|Rillaboom, L50, F|\n|poke|p1|Urshifu-*, L50, F|\n|poke|p1|Gholdengo, L50|\n|poke|p2|Armarouge, L50, M|\n|poke|p2|Indeedee-F, L50, F|\n|poke|p2|Torkoal, L50, M|\n|poke|p2|Maushold-Four, L50|\n|poke|p2|Iron Hands, L50|\n|poke|p2|Lilligant-Hisui, L50, F|\n|teampreview|4\n|inactive|Battle timer is ON: inactive players will automatically lose when time's up. (requested by eEmeraldl)\n|inactive|crookedd_ has 60 seconds left.\n|\n|t:|1700917132\n|start\n|switch|p1a: Flutter Mane|Flutter Mane, L50|100\/100\n|switch|p1b: Urshifu|Urshifu-Rapid-Strike, L50, F|100\/100\n|switch|p2a: Armarouge|Armarouge, L50, M|100\/100\n|switch|p2b: Indeedee|Indeedee-F, L50, F|100\/100\n|-fieldstart|move: Psychic Terrain|[from] ability: Psychic Surge|[of] p2b: Indeedee\n|-enditem|p1a: Flutter Mane|Booster Energy\n|-activate|p1a: Flutter Mane|ability: Protosynthesis|[fromitem]\n|-start|p1a: Flutter Mane|protosynthesisspa\n|turn|1\n|\n|t:|1700917151\n|-terastallize|p2a: Armarouge|Steel\n|move|p2b: Indeedee|Follow Me|p2b: Indeedee\n|-singleturn|p2b: Indeedee|move: Follow Me\n|move|p1b: Urshifu|U-turn|p2b: Indeedee\n|-supereffective|p2b: Indeedee\n|-damage|p2b: Indeedee|52\/100\n|\n|t:|1700917157\n|switch|p1b: Rillaboom|Rillaboom, L50, F|100\/100|[from] U-turn\n|-fieldstart|move: Grassy Terrain|[from] ability: Grassy Surge|[of] p1b: Rillaboom\n|move|p1a: Flutter Mane|Substitute|p1a: Flutter Mane\n|-start|p1a: Flutter Mane|Substitute\n|-damage|p1a: Flutter Mane|76\/100\n|move|p2a: Armarouge|Trick Room|p2a: Armarouge\n|-fieldstart|move: Trick Room|[of] p2a: Armarouge\n|\n|-heal|p2b: Indeedee|58\/100|[from] Grassy Terrain\n|-heal|p1a: Flutter Mane|82\/100|[from] Grassy Terrain\n|upkeep\n|turn|2\n|inactive|crookedd_ has 30 seconds left.\n|inactive|eEmeraldl has 30 seconds left.\n|\n|t:|1700917186\n|switch|p2b: Maushold|Maushold-Four, L50|100\/100\n|move|p1b: Rillaboom|Fake Out|p2a: Armarouge\n|-resisted|p2a: Armarouge\n|-damage|p2a: Armarouge|95\/100\n|cant|p2a: Armarouge|flinch\n|move|p1a: Flutter Mane|Shadow Ball|p2b: Maushold\n|-immune|p2b: Maushold\n|\n|-heal|p2a: Armarouge|100\/100|[from] Grassy Terrain\n|-heal|p1a: Flutter Mane|88\/100|[from] Grassy Terrain\n|upkeep\n|turn|3\n|inactive|crookedd_ has 30 seconds left.\n|inactive|crookedd_ has 20 seconds left.\n|\n|t:|1700917224\n|switch|p2b: Indeedee|Indeedee-F, L50, F|58\/100\n|-fieldstart|move: Psychic Terrain|[from] ability: Psychic Surge|[of] p2b: Indeedee\n|move|p2a: Armarouge|Expanding Force|p1b: Rillaboom|[spread] p1a,p1b\n|-end|p1a: Flutter Mane|Substitute\n|-damage|p1b: Rillaboom|56\/100\n|move|p1b: Rillaboom|U-turn|p2a: Armarouge\n|-resisted|p2a: Armarouge\n|-damage|p2a: Armarouge|88\/100\n|\n|t:|1700917239\n|switch|p1b: Urshifu|Urshifu-Rapid-Strike, L50, F|100\/100|[from] U-turn\n|move|p1a: Flutter Mane|Shadow Ball|p2a: Armarouge\n|-damage|p2a: Armarouge|35\/100\n|\n|upkeep\n|turn|4\n|inactive|crookedd_ has 30 seconds left.\n|inactive|crookedd_ has 20 seconds left.\n|\n|t:|1700917279\n|switch|p2b: Maushold|Maushold-Four, L50|100\/100\n|-terastallize|p1b: Urshifu|Water\n|move|p2a: Armarouge|Armor Cannon|p1a: Flutter Mane\n|-damage|p1a: Flutter Mane|23\/100\n|-unboost|p2a: Armarouge|def|1\n|-unboost|p2a: Armarouge|spd|1\n|move|p1a: Flutter Mane|Shadow Ball|p2a: Armarouge\n|-damage|p2a: Armarouge|0 fnt\n|faint|p2a: Armarouge\n|move|p1b: Urshifu|Surging Strikes|p2b: Maushold\n|-crit|p2b: Maushold\n|-damage|p2b: Maushold|73\/100\n|-damage|p1b: Urshifu|84\/100|[from] item: Rocky Helmet|[of] p2b: Maushold\n|-crit|p2b: Maushold\n|-damage|p2b: Maushold|46\/100\n|-damage|p1b: Urshifu|67\/100|[from] item: Rocky Helmet|[of] p2b: Maushold\n|-crit|p2b: Maushold\n|-damage|p2b: Maushold|17\/100\n|-damage|p1b: Urshifu|51\/100|[from] item: Rocky Helmet|[of] p2b: Maushold\n|-hitcount|p2b: Maushold|3\n|\n|upkeep\n|inactive|eEmeraldl has 30 seconds left.\n|\n|t:|1700917305\n|switch|p2a: Torkoal|Torkoal, L50, M|100\/100\n|-weather|SunnyDay|[from] ability: Drought|[of] p2a: Torkoal\n|turn|5\n|\n|t:|1700917318\n|move|p1a: Flutter Mane|Protect|p1a: Flutter Mane\n|-singleturn|p1a: Flutter Mane|Protect\n|move|p2b: Maushold|Follow Me|p2b: Maushold\n|-singleturn|p2b: Maushold|move: Follow Me\n|move|p2a: Torkoal|Eruption|p1b: Urshifu|[spread] p1b\n|-activate|p1a: Flutter Mane|move: Protect\n|-resisted|p1b: Urshifu\n|-damage|p1b: Urshifu|0 fnt\n|faint|p1b: Urshifu\n|-damage|p2a: Torkoal|91\/100|[from] item: Life Orb\n|\n|-weather|SunnyDay|[upkeep]\n|-fieldend|move: Trick Room\n|upkeep\n|\n|t:|1700917331\n|switch|p1b: Rillaboom|Rillaboom, L50, F|56\/100\n|-fieldstart|move: Grassy Terrain|[from] ability: Grassy Surge|[of] p1b: Rillaboom\n|turn|6\n|\n|t:|1700917355\n|switch|p2b: Indeedee|Indeedee-F, L50, F|58\/100\n|-fieldstart|move: Psychic Terrain|[from] ability: Psychic Surge|[of] p2b: Indeedee\n|move|p1b: Rillaboom|Fake Out|p2a: Torkoal\n|-activate|p2a: Torkoal|move: Psychic Terrain\n|move|p1a: Flutter Mane|Dazzling Gleam|p2b: Indeedee|[spread] p2a,p2b\n|-resisted|p2a: Torkoal\n|-damage|p2a: Torkoal|64\/100\n|-damage|p2b: Indeedee|19\/100\n|move|p2a: Torkoal|Eruption|p1b: Rillaboom|[spread] p1a,p1b\n|-supereffective|p1b: Rillaboom\n|-damage|p1a: Flutter Mane|0 fnt\n|-damage|p1b: Rillaboom|0 fnt\n|faint|p1a: Flutter Mane\n|-end|p1a: Flutter Mane|Protosynthesis|[silent]\n|faint|p1b: Rillaboom\n|-damage|p2a: Torkoal|54\/100|[from] item: Life Orb\n|\n|-weather|SunnyDay|[upkeep]\n|upkeep\n|\n|t:|1700917360\n|switch|p1a: Gholdengo|Gholdengo, L50|100\/100\n|turn|7\n|l|\u2606crookedd_\n|inactive|crookedd_ disconnected and has a minute to reconnect!\n|player|p1|\n|inactive|eEmeraldl has 30 seconds left.\n|\n|t:|1700917394\n|move|p1a: Gholdengo|Protect|p1a: Gholdengo\n|-singleturn|p1a: Gholdengo|Protect\n|move|p2b: Indeedee|Follow Me|p2b: Indeedee\n|-singleturn|p2b: Indeedee|move: Follow Me\n|move|p2a: Torkoal|Flamethrower|p1a: Gholdengo\n|-activate|p1a: Gholdengo|move: Protect\n|\n|-weather|SunnyDay|[upkeep]\n|upkeep\n|turn|8\n|inactive|crookedd_ has 30 seconds left.\n|inactive|crookedd_ has 20 seconds left.\n|inactive|crookedd_ has 15 seconds left.\n|inactive|crookedd_ has 10 seconds left.\n|inactive|crookedd_ has 5 seconds left.\n|-message|crookedd_ lost due to inactivity.\n|\n|win|eEmeraldl\n|raw|crookedd_'s rating: 1285 &rarr; <strong>1262<\/strong><br \/>(-23 for losing)\n|raw|eEmeraldl's rating: 1318 &rarr; <strong>1336<\/strong><br \/>(+18 for winning)\n","uploadtime":1700917463,"views":11,"p1id":"crookedd","p2id":"eemeraldl","formatid":"gen9vgc2023regulatione","rating":1262,"private":0,"password":""}