{"id":"gen9vgc2023regulatione-1995795592","p1":"M4tty02","p2":"Zeprikan","format":"[Gen 9] VGC 2023 Regulation E","log":"|j|\u2606M4tty02\n|j|\u2606Zeprikan\n|n|\u2606M4tty02|m4tty02\n|n|\u2606Zeprikan|zeprikan\n|html|View the match progress at <a href=\"\/game-bestof3-gen9vgc2023regulatione-1995791724\">game-bestof3-gen9vgc2023regulatione-1995791724<\/a>\n|t:|1700603935\n|gametype|doubles\n|player|p1|M4tty02|emmet|\n|player|p2|Zeprikan|acetrainer-gen4dp|\n|teamsize|p1|6\n|teamsize|p2|6\n|gen|9\n|tier|[Gen 9] VGC 2023 Regulation E\n|rule|Species Clause: Limit one of each Pok\u00e9mon\n|rule|Item Clause: Limit one of each item\n|clearpoke\n|poke|p1|Dusclops, L50, M|\n|poke|p1|Ursaluna-Bloodmoon, L50, M|\n|poke|p1|Arcanine-Hisui, L50, F|\n|poke|p1|Okidogi, L50, M|\n|poke|p1|Ogerpon-Wellspring, L50, F|\n|poke|p1|Chi-Yu, L50|\n|poke|p2|Iron Hands, L50|\n|poke|p2|Flutter Mane, L50|\n|poke|p2|Tornadus, L50, M|\n|poke|p2|Heatran, L50, M|\n|poke|p2|Urshifu-*, L50, F|\n|poke|p2|Landorus-Therian, L50, M|\n|teampreview|4\nM4tty02 has agreed to open team sheets.\nZeprikan has agreed to open team sheets.\n|showteam|p1|Dusclops||Eviolite|Pressure|NightShade,PainSplit,WillOWisp,TrickRoom|||M|||50|,,,,,Dark]Ursaluna-Bloodmoon||LifeOrb|MindsEye|BloodMoon,Moonblast,EarthPower,Protect|||M|||50|,,,,,Fairy]Arcanine-Hisui||ChoiceBand|Intimidate|ExtremeSpeed,RockSlide,FlareBlitz,TeraBlast|||F|||50|,,,,,Fairy]Okidogi||AssaultVest|GuardDog|DrainPunch,PoisonJab,IcePunch,Snarl|||M|||50|,,,,,Dark]Ogerpon-Wellspring||WellspringMask|WaterAbsorb|IvyCudgel,FollowMe,SwordsDance,SpikyShield|||F|||50|,,,,,Water]Chi-Yu||FocusSash|BeadsofRuin|HeatWave,DarkPulse,Overheat,Protect||||||50|,,,,,Ghost\n|showteam|p2|Iron Hands||AssaultVest|QuarkDrive|DrainPunch,WildCharge,IronHead,FakeOut||||||50|,,,,,Fire]Flutter Mane||ChoiceSpecs|Protosynthesis|Moonblast,DazzlingGleam,ShadowBall,PerishSong||||||50|,,,,,Fairy]Tornadus||CovertCloak|Prankster|BleakwindStorm,Tailwind,Taunt,SunnyDay|||M|||50|,,,,,Steel]Heatran||LifeOrb|FlashFire|Protect,EarthPower,FlashCannon,HeatWave|||M|||50|,,,,,Grass]Urshifu||BlackGlasses|UnseenFist|WickedBlow,SuckerPunch,CloseCombat,Detect|||F|||50|,,,,,Poison]Landorus-Therian||ChoiceBand|Intimidate|Uturn,RockSlide,StompingTantrum,Earthquake|||M|||50|,,,,,Water\n|inactive|Battle timer is ON: inactive players will automatically lose when time's up. (requested by Zeprikan)\n|\n|t:|1700603957\n|start\n|switch|p1a: Dusclops|Dusclops, L50, M, shiny|100\/100\n|switch|p1b: Ogerpon|Ogerpon-Wellspring, L50, F|100\/100\n|switch|p2a: Iron Hands|Iron Hands, L50|100\/100\n|switch|p2b: Tornadus|Tornadus, L50, M|100\/100\n|-ability|p1a: Dusclops|Pressure\n|turn|1\n|j| KaosCarter\n|\n|t:|1700603974\n|move|p1b: Ogerpon|Follow Me|p1b: Ogerpon\n|-singleturn|p1b: Ogerpon|move: Follow Me\n|move|p2b: Tornadus|Bleakwind Storm|p1b: Ogerpon|[spread] p1a,p1b\n|-supereffective|p1b: Ogerpon\n|-damage|p1a: Dusclops|81\/100\n|-damage|p1b: Ogerpon|35\/100\n|move|p2a: Iron Hands|Iron Head|p1b: Ogerpon\n|-resisted|p1b: Ogerpon\n|-damage|p1b: Ogerpon|24\/100\n|move|p1a: Dusclops|Trick Room|p1a: Dusclops\n|-fieldstart|move: Trick Room|[of] p1a: Dusclops\n|\n|upkeep\n|turn|2\n|inactive|M4tty02 has 30 seconds left.\n|inactive|Zeprikan has 30 seconds left.\n|\n|t:|1700604005\n|-end|p2a: Iron Hands|Quark Drive|[silent]\n|switch|p2a: Urshifu|Urshifu, L50, F|100\/100\n|move|p2b: Tornadus|Taunt|p1a: Dusclops\n|-start|p1a: Dusclops|move: Taunt\n|cant|p1a: Dusclops|move: Taunt|Pain Split\n|move|p1b: Ogerpon|Ivy Cudgel|p2a: Urshifu|[anim] Ivy Cudgel Water\n|-damage|p2a: Urshifu|54\/100\n|\n|upkeep\n|turn|3\n|inactive|Zeprikan has 30 seconds left.\n|\n|t:|1700604032\n|move|p2a: Urshifu|Detect|p2a: Urshifu\n|-singleturn|p2a: Urshifu|Protect\n|move|p2b: Tornadus|Taunt|p1b: Ogerpon\n|-start|p1b: Ogerpon|move: Taunt\n|move|p1a: Dusclops|Night Shade|p2a: Urshifu\n|-activate|p2a: Urshifu|move: Protect\n|move|p1b: Ogerpon|Ivy Cudgel|p2a: Urshifu|[anim] Ivy Cudgel Water\n|-activate|p2a: Urshifu|move: Protect\n|\n|upkeep\n|turn|4\n|inactive|Zeprikan has 30 seconds left.\n|inactive|Zeprikan has 20 seconds left.\n|\n|t:|1700604069\n|switch|p2b: Heatran|Heatran, L50, M|100\/100\n|move|p2a: Urshifu|Sucker Punch|p1b: Ogerpon\n|-damage|p1b: Ogerpon|0 fnt\n|faint|p1b: Ogerpon\n|move|p1a: Dusclops|Night Shade|p2a: Urshifu\n|-damage|p2a: Urshifu|26\/100\n|\n|-end|p1a: Dusclops|move: Taunt\n|upkeep\n|\n|t:|1700604078\n|switch|p1b: Okidogi|Okidogi, L50, M|100\/100\n|turn|5\n|inactive|Zeprikan has 30 seconds left.\n|inactive|Zeprikan has 20 seconds left.\n|inactive|Zeprikan has 15 seconds left.\n|\n|t:|1700604120\n|switch|p2a: Tornadus|Tornadus, L50, M|100\/100\n|move|p1a: Dusclops|Night Shade|p2b: Heatran\n|-damage|p2b: Heatran|74\/100\n|move|p2b: Heatran|Earth Power|p1b: Okidogi\n|-supereffective|p1b: Okidogi\n|-damage|p1b: Okidogi|49\/100\n|-unboost|p1b: Okidogi|spd|1\n|-damage|p2b: Heatran|65\/100|[from] item: Life Orb\n|move|p1b: Okidogi|Drain Punch|p2b: Heatran\n|-supereffective|p2b: Heatran\n|-damage|p2b: Heatran|7\/100\n|-heal|p1b: Okidogi|76\/100|[from] drain|[of] p2b: Heatran\n|\n|-fieldend|move: Trick Room\n|upkeep\n|turn|6\n|inactive|Zeprikan has 30 seconds left.\n|\n|t:|1700604146\n|switch|p1b: Ursaluna|Ursaluna-Bloodmoon, L50, M|100\/100\n|switch|p2b: Iron Hands|Iron Hands, L50|100\/100\n|-terastallize|p1a: Dusclops|Dark\n|move|p2a: Tornadus|Bleakwind Storm|p1a: Dusclops|[spread] p1a,p1b\n|-damage|p1a: Dusclops|64\/100\n|-damage|p1b: Ursaluna|69\/100\n|-unboost|p1b: Ursaluna|spe|1\n|move|p1a: Dusclops|Trick Room|p1a: Dusclops\n|-fieldstart|move: Trick Room|[of] p1a: Dusclops\n|\n|upkeep\n|turn|7\n|inactive|M4tty02 has 30 seconds left.\n|inactive|Zeprikan has 30 seconds left.\n|\n|t:|1700604174\n|move|p1b: Ursaluna|Protect|p1b: Ursaluna\n|-singleturn|p1b: Ursaluna|Protect\n|move|p1a: Dusclops|Will-O-Wisp|p2b: Iron Hands\n|-status|p2b: Iron Hands|brn\n|move|p2b: Iron Hands|Drain Punch|p1a: Dusclops\n|-supereffective|p1a: Dusclops\n|-damage|p1a: Dusclops|41\/100\n|move|p2a: Tornadus|Bleakwind Storm|p1a: Dusclops|[spread] p1a\n|-activate|p1b: Ursaluna|move: Protect\n|-damage|p1a: Dusclops|24\/100\n|-unboost|p1a: Dusclops|spe|1\n|\n|-damage|p2b: Iron Hands|94\/100 brn|[from] brn\n|upkeep\n|turn|8\n|inactive|Zeprikan has 30 seconds left.\n|inactive|M4tty02 has 30 seconds left.\n|\n|t:|1700604206\n|-end|p2b: Iron Hands|Quark Drive|[silent]\n|switch|p2b: Heatran|Heatran, L50, M|7\/100\n|move|p1a: Dusclops|Pain Split|p2b: Heatran\n|-sethp|p2b: Heatran|13\/100|[from] move: Pain Split|[silent]\n|-sethp|p1a: Dusclops|17\/100|[from] move: Pain Split\n|move|p1b: Ursaluna|Blood Moon|p2a: Tornadus\n|-damage|p2a: Tornadus|0 fnt\n|faint|p2a: Tornadus\n|-damage|p1b: Ursaluna|59\/100|[from] item: Life Orb\n|\n|upkeep\n|\n|t:|1700604224\n|switch|p2a: Iron Hands|Iron Hands, L50|94\/100 brn\n|turn|9\n|inactive|Zeprikan has 30 seconds left.\n|inactive|Zeprikan has 20 seconds left.\n|inactive|Zeprikan has 15 seconds left.\n|inactive|Zeprikan has 10 seconds left.\n|\n|t:|1700604273\n|move|p2b: Heatran|Protect|p2b: Heatran\n|-singleturn|p2b: Heatran|Protect\n|move|p1a: Dusclops|Pain Split|p2a: Iron Hands\n|-sethp|p2a: Iron Hands|52\/100 brn|[from] move: Pain Split|[silent]\n|-sethp|p1a: Dusclops|83\/100|[from] move: Pain Split\n|move|p1b: Ursaluna|Earth Power|p2b: Heatran\n|-activate|p2b: Heatran|move: Protect\n|move|p2a: Iron Hands|Drain Punch|p1b: Ursaluna\n|-supereffective|p1b: Ursaluna\n|-damage|p1b: Ursaluna|30\/100\n|-heal|p2a: Iron Hands|66\/100 brn|[from] drain|[of] p1b: Ursaluna\n|\n|-damage|p2a: Iron Hands|60\/100 brn|[from] brn\n|upkeep\n|turn|10\n|inactive|Zeprikan has 30 seconds left.\n|\n|t:|1700604298\n|move|p1a: Dusclops|Night Shade|p2a: Iron Hands\n|-damage|p2a: Iron Hands|39\/100 brn\n|move|p1b: Ursaluna|Earth Power|p2b: Heatran\n|-supereffective|p2b: Heatran\n|-damage|p2b: Heatran|0 fnt\n|faint|p2b: Heatran\n|-damage|p1b: Ursaluna|20\/100|[from] item: Life Orb\n|move|p2a: Iron Hands|Drain Punch|p1b: Ursaluna\n|-supereffective|p1b: Ursaluna\n|-damage|p1b: Ursaluna|0 fnt\n|-heal|p2a: Iron Hands|48\/100 brn|[from] drain|[of] p1b: Ursaluna\n|faint|p1b: Ursaluna\n|\n|-damage|p2a: Iron Hands|42\/100 brn|[from] brn\n|-fieldend|move: Trick Room\n|upkeep\n|\n|t:|1700604313\n|switch|p2b: Urshifu|Urshifu, L50, F|26\/100\n|switch|p1b: Okidogi|Okidogi, L50, M|76\/100\n|turn|11\n|\n|t:|1700604333\n|-terastallize|p2b: Urshifu|Poison\n|move|p2b: Urshifu|Wicked Blow|p1b: Okidogi\n|-resisted|p1b: Okidogi\n|-crit|p1b: Okidogi\n|-damage|p1b: Okidogi|50\/100\n|move|p1b: Okidogi|Drain Punch|p2a: Iron Hands\n|-damage|p2a: Iron Hands|19\/100 brn\n|-heal|p1b: Okidogi|64\/100|[from] drain|[of] p2a: Iron Hands\n|move|p2a: Iron Hands|Wild Charge|p1b: Okidogi\n|-damage|p1b: Okidogi|46\/100\n|-damage|p2a: Iron Hands|15\/100 brn|[from] Recoil\n|move|p1a: Dusclops|Night Shade|p2a: Iron Hands\n|-damage|p2a: Iron Hands|0 fnt\n|faint|p2a: Iron Hands\n|-end|p2a: Iron Hands|Quark Drive|[silent]\n|\n|upkeep\n|turn|12\n|\n|t:|1700604351\n|move|p2b: Urshifu|Close Combat|p1a: Dusclops\n|-supereffective|p1a: Dusclops\n|-damage|p1a: Dusclops|9\/100\n|-unboost|p2b: Urshifu|def|1\n|-unboost|p2b: Urshifu|spd|1\n|move|p1b: Okidogi|Ice Punch|p2b: Urshifu\n|-damage|p2b: Urshifu|0 fnt\n|faint|p2b: Urshifu\n|\n|win|M4tty02\n|c|\u2606M4tty02|gg\n|c|\u2606Zeprikan|gg\n|l|\u2606Zeprikan\n|l| KaosCarter\n","uploadtime":1700604380,"views":9,"p1id":"m4tty02","p2id":"zeprikan","formatid":"gen9vgc2023regulatione","rating":0,"private":0,"password":""}