{"id":"gen9vgc2023regulatione-1991705268","p1":"remoremo","p2":"kirbyhat5","format":"[Gen 9] VGC 2023 Regulation E","log":"|j|\u2606remoremo\n|j|\u2606kirbyhat5\n|t:|1700104840\n|gametype|doubles\n|player|p1|remoremo|clown|1237\n|player|p2|kirbyhat5|ethan|1224\n|teamsize|p1|6\n|teamsize|p2|6\n|gen|9\n|tier|[Gen 9] VGC 2023 Regulation E\n|rated|\n|rule|Species Clause: Limit one of each Pok\u00e9mon\n|rule|Item Clause: Limit one of each item\n|clearpoke\n|poke|p1|Flutter Mane, L50|\n|poke|p1|Zapdos, L50|\n|poke|p1|Ogerpon-Hearthflame, L50, F|\n|poke|p1|Landorus-Therian, L50, M|\n|poke|p1|Baxcalibur, L50, M|\n|poke|p1|Ambipom, L50, M|\n|poke|p2|Gardevoir, L50, M|\n|poke|p2|Garchomp, L50, F|\n|poke|p2|Gyarados, L50, M|\n|poke|p2|Gholdengo, L50|\n|poke|p2|Rillaboom, L50, M|\n|poke|p2|Iron Moth, L50|\n|teampreview|4\nkirbyhat5 has agreed to open team sheets.\n|inactive|Battle timer is ON: inactive players will automatically lose when time's up. (requested by kirbyhat5)\n|\n|t:|1700104892\n|start\n|switch|p1a: Ambipom|Ambipom, L50, M|100\/100\n|switch|p1b: Zapdos|Zapdos, L50|100\/100\n|switch|p2a: Iron Moth|Iron Moth, L50|100\/100\n|switch|p2b: Gardevoir|Gardevoir, L50, M|100\/100\n|-enditem|p2a: Iron Moth|Booster Energy\n|-activate|p2a: Iron Moth|ability: Quark Drive|[fromitem]\n|-start|p2a: Iron Moth|quarkdrivespa\n|turn|1\n|inactive|remoremo has 30 seconds left.\n|\n|t:|1700104923\n|move|p1a: Ambipom|Fake Out|p2a: Iron Moth\n|-damage|p2a: Iron Moth|42\/100\n|-damage|p1a: Ambipom|91\/100|[from] item: Life Orb\n|move|p2b: Gardevoir|Icy Wind|p1b: Zapdos|[spread] p1a,p1b\n|-supereffective|p1b: Zapdos\n|-damage|p1a: Ambipom|69\/100\n|-damage|p1b: Zapdos|73\/100\n|-unboost|p1a: Ambipom|spe|1\n|-unboost|p1b: Zapdos|spe|1\n|cant|p2a: Iron Moth|flinch\n|move|p1b: Zapdos|Tailwind|p1b: Zapdos\n|-sidestart|p1: remoremo|move: Tailwind\n|\n|upkeep\n|turn|2\n|\n|t:|1700104947\n|move|p2a: Iron Moth|Protect|p2a: Iron Moth\n|-singleturn|p2a: Iron Moth|Protect\n|move|p1a: Ambipom|Last Resort|p2b: Gardevoir\n|-damage|p2b: Gardevoir|0 fnt\n|faint|p2b: Gardevoir\n|-damage|p1a: Ambipom|59\/100|[from] item: Life Orb\n|move|p1b: Zapdos|Volt Switch|p2a: Iron Moth\n|-activate|p2a: Iron Moth|move: Protect\n|\n|upkeep\n|\n|t:|1700104957\n|switch|p2b: Garchomp|Garchomp, L50, F|100\/100\n|turn|3\n|\n|t:|1700104971\n|move|p1a: Ambipom|Last Resort|p2a: Iron Moth\n|-damage|p2a: Iron Moth|0 fnt\n|faint|p2a: Iron Moth\n|-end|p2a: Iron Moth|Quark Drive|[silent]\n|-damage|p1a: Ambipom|50\/100|[from] item: Life Orb\n|move|p2b: Garchomp|Swords Dance|p2b: Garchomp\n|-boost|p2b: Garchomp|atk|2\n|move|p1b: Zapdos|Roost|p1b: Zapdos\n|-heal|p1b: Zapdos|100\/100\n|-singleturn|p1b: Zapdos|move: Roost\n|\n|upkeep\n|\n|t:|1700104980\n|switch|p2a: Gholdengo|Gholdengo, L50|100\/100\n|turn|4\n|\n|t:|1700104992\n|-terastallize|p1a: Ambipom|Normal\n|move|p2b: Garchomp|Protect|p2b: Garchomp\n|-singleturn|p2b: Garchomp|Protect\n|move|p2a: Gholdengo|Protect|p2a: Gholdengo\n|-singleturn|p2a: Gholdengo|Protect\n|move|p1a: Ambipom|Last Resort|p2b: Garchomp\n|-activate|p2b: Garchomp|move: Protect\n|move|p1b: Zapdos|Hurricane|p2b: Garchomp\n|-activate|p2b: Garchomp|move: Protect\n|\n|-sideend|p1: remoremo|move: Tailwind\n|upkeep\n|turn|5\n|\n|t:|1700105011\n|move|p2b: Garchomp|Dragon Claw|p1a: Ambipom\n|-crit|p1a: Ambipom\n|-damage|p1a: Ambipom|0 fnt\n|faint|p1a: Ambipom\n|move|p2a: Gholdengo|Shadow Ball|p1b: Zapdos\n|-damage|p1b: Zapdos|47\/100\n|-damage|p2a: Gholdengo|91\/100|[from] item: Life Orb\n|move|p1b: Zapdos|Hurricane|p2b: Garchomp\n|-damage|p2b: Garchomp|51\/100\n|\n|upkeep\n|\n|t:|1700105019\n|switch|p1a: Flutter Mane|Flutter Mane, L50|100\/100\n|-enditem|p1a: Flutter Mane|Booster Energy\n|-activate|p1a: Flutter Mane|ability: Protosynthesis|[fromitem]\n|-start|p1a: Flutter Mane|protosynthesisspe\n|turn|6\n|\n|t:|1700105031\n|move|p2b: Garchomp|Protect|p2b: Garchomp\n|-singleturn|p2b: Garchomp|Protect\n|move|p1a: Flutter Mane|Dazzling Gleam|p2b: Garchomp|[spread] p2a\n|-activate|p2b: Garchomp|move: Protect\n|-resisted|p2a: Gholdengo\n|-damage|p2a: Gholdengo|72\/100\n|move|p2a: Gholdengo|Make It Rain|p1b: Zapdos|[spread] p1a,p1b\n|-supereffective|p1a: Flutter Mane\n|-resisted|p1b: Zapdos\n|-damage|p1a: Flutter Mane|0 fnt\n|-damage|p1b: Zapdos|19\/100\n|-unboost|p2a: Gholdengo|spa|1\n|faint|p1a: Flutter Mane\n|-end|p1a: Flutter Mane|Protosynthesis|[silent]\n|-damage|p2a: Gholdengo|62\/100|[from] item: Life Orb\n|move|p1b: Zapdos|Tailwind|p1b: Zapdos\n|-sidestart|p1: remoremo|move: Tailwind\n|\n|upkeep\n|\n|t:|1700105042\n|switch|p1a: Ogerpon|Ogerpon-Hearthflame, L50, F|100\/100\n|-ability|p1a: Ogerpon|Mold Breaker\n|turn|7\n|\n|t:|1700105062\n|move|p2a: Gholdengo|Protect|p2a: Gholdengo\n|-singleturn|p2a: Gholdengo|Protect\n|move|p1a: Ogerpon|Play Rough|p2b: Garchomp\n|-supereffective|p2b: Garchomp\n|-damage|p2b: Garchomp|0 fnt\n|-damage|p1a: Ogerpon|88\/100|[from] ability: Rough Skin|[of] p2b: Garchomp\n|faint|p2b: Garchomp\n|move|p1b: Zapdos|Hurricane|p2a: Gholdengo\n|-activate|p2a: Gholdengo|move: Protect\n|\n|upkeep\n|turn|8\n|\n|t:|1700105075\n|move|p1a: Ogerpon|Ivy Cudgel|p2a: Gholdengo|[anim] Ivy Cudgel Fire\n|-supereffective|p2a: Gholdengo\n|-damage|p2a: Gholdengo|0 fnt\n|faint|p2a: Gholdengo\n|\n|win|remoremo\n|raw|remoremo's rating: 1237 &rarr; <strong>1261<\/strong><br \/>(+24 for winning)\n|raw|kirbyhat5's rating: 1224 &rarr; <strong>1200<\/strong><br \/>(-24 for losing)\n|l|\u2606kirbyhat5\n","uploadtime":1700105295,"views":22,"p1id":"remoremo","p2id":"kirbyhat5","formatid":"gen9vgc2023regulatione","rating":1200,"private":0,"password":""}