{"id":"gen9vgc2023regulatione-1998697685","p1":"HeffNastyy","p2":"mixey182","format":"[Gen 9] VGC 2023 Regulation E","log":"|j|\u2606HeffNastyy\n|j|\u2606mixey182\n|t:|1700974078\n|gametype|doubles\n|player|p1|HeffNastyy|lance|1413\n|player|p2|mixey182|fisherman-gen4|1381\n|teamsize|p1|6\n|teamsize|p2|6\n|gen|9\n|tier|[Gen 9] VGC 2023 Regulation E\n|rated|\n|rule|Species Clause: Limit one of each Pok\u00e9mon\n|rule|Item Clause: Limit one of each item\n|clearpoke\n|poke|p1|Mimikyu, L50, F|\n|poke|p1|Ursaluna-Bloodmoon, L50, M|\n|poke|p1|Ogerpon-Wellspring, L50, F|\n|poke|p1|Chi-Yu, L50|\n|poke|p1|Iron Hands, L50|\n|poke|p1|Landorus-Therian, L50, M|\n|poke|p2|Ninetales-Alola, L50, F|\n|poke|p2|Baxcalibur, L50, F|\n|poke|p2|Roaring Moon, L50|\n|poke|p2|Heatran, L50, M|\n|poke|p2|Zorua-Hisui, L50, M|\n|poke|p2|Ogerpon-Wellspring, L50, F|\n|teampreview|4\n|\n|t:|1700974127\n|start\n|switch|p1a: Mimikyu|Mimikyu, L50, F|100\/100\n|switch|p1b: Riley|Iron Hands, L50, shiny|100\/100\n|switch|p2a: Heatran|Heatran, L50, M|100\/100\n|switch|p2b: Ninetales|Ninetales-Alola, L50, F|100\/100\n|-weather|Snow|[from] ability: Snow Warning|[of] p2b: Ninetales\n|turn|1\n|inactive|Battle timer is ON: inactive players will automatically lose when time's up. (requested by HeffNastyy)\n|\n|t:|1700974149\n|move|p2b: Ninetales|Protect|p2b: Ninetales\n|-singleturn|p2b: Ninetales|Protect\n|move|p1b: Riley|Fake Out|p2b: Ninetales\n|-activate|p2b: Ninetales|move: Protect\n|move|p2a: Heatran|Taunt|p1a: Mimikyu\n|-start|p1a: Mimikyu|move: Taunt\n|-enditem|p1a: Mimikyu|Mental Herb\n|-end|p1a: Mimikyu|move: Taunt\n|move|p1a: Mimikyu|Trick Room|p1a: Mimikyu\n|-fieldstart|move: Trick Room|[of] p1a: Mimikyu\n|\n|-weather|Snow|[upkeep]\n|upkeep\n|turn|2\n|inactive|HeffNastyy has 30 seconds left.\n|inactive|mixey182 has 30 seconds left.\n|inactive|HeffNastyy has 20 seconds left.\n|inactive|mixey182 has 20 seconds left.\n|inactive|mixey182 has 15 seconds left.\n|\n|t:|1700974193\n|switch|p2b: Heatran|Heatran, L50, M|100\/100\n|move|p1b: Riley|Heavy Slam|p2b: Heatran\n|-resisted|p2b: Heatran\n|-damage|p2b: Heatran|97\/100\n|move|p2a: Heatran|Will-O-Wisp|p1b: Riley\n|-status|p1b: Riley|brn\n|move|p1a: Mimikyu|Play Rough|p2b: Heatran\n|-resisted|p2b: Heatran\n|-damage|p2b: Heatran|91\/100\n|\n|-weather|Snow|[upkeep]\n|-heal|p2b: Heatran|97\/100|[from] item: Leftovers\n|-damage|p1b: Riley|94\/100 brn|[from] brn\n|upkeep\n|turn|3\n|inactive|HeffNastyy has 30 seconds left.\n|inactive|mixey182 has 30 seconds left.\n|inactive|mixey182 has 20 seconds left.\n|inactive|mixey182 has 15 seconds left.\n|inactive|HeffNastyy has 20 seconds left.\n|inactive|mixey182 has 10 seconds left.\n|\n|t:|1700974242\n|-end|p1b: Riley|Quark Drive|[silent]\n|switch|p1b: Ursaluna|Ursaluna-Bloodmoon, L50, M|100\/100\n|-terastallize|p2b: Heatran|Grass\n|move|p2a: Heatran|Bitter Malice|p1a: Mimikyu\n|-activate|p1a: Mimikyu|ability: Disguise\n|-damage|p1a: Mimikyu|100\/100\n|-unboost|p1a: Mimikyu|atk|1\n|detailschange|p1a: Mimikyu|Mimikyu-Busted, L50, F\n|-damage|p1a: Mimikyu|88\/100|[from] pokemon: Mimikyu-Busted\n|move|p1a: Mimikyu|Curse|p2a: Heatran\n|-start|p2a: Heatran|Curse|[of] p1a: Mimikyu\n|-damage|p1a: Mimikyu|39\/100\n|move|p2b: Heatran|Heat Wave|p1b: Ursaluna|[spread] p1a\n|-miss|p2b: Heatran|p1b: Ursaluna\n|-damage|p1a: Mimikyu|2\/100\n|\n|-weather|Snow|[upkeep]\n|-heal|p2b: Heatran|100\/100|[from] item: Leftovers\n|-damage|p2a: Heatran|76\/100|[from] Curse\n|upkeep\n|turn|4\n|inactive|HeffNastyy has 30 seconds left.\n|inactive|mixey182 has 30 seconds left.\n|inactive|mixey182 has 20 seconds left.\n|inactive|mixey182 has 15 seconds left.\n|\n|t:|1700974287\n|switch|p1a: Chi-Yu|Chi-Yu, L50|100\/100\n|-ability|p1a: Chi-Yu|Beads of Ruin\n|-terastallize|p1b: Ursaluna|Normal\n|move|p2b: Heatran|Protect|p2b: Heatran\n|-singleturn|p2b: Heatran|Protect\n|move|p1b: Ursaluna|Hyper Voice|p2b: Heatran|[spread] p2a\n|-activate|p2b: Heatran|move: Protect\n|-damage|p2a: Heatran|0 fnt\n|replace|p2a: Zorua|Zorua-Hisui, L50, M\n|-end|p2a: Zorua|Illusion\n|faint|p2a: Zorua\n|-damage|p1b: Ursaluna|91\/100|[from] item: Life Orb\n|\n|-weather|Snow|[upkeep]\n|upkeep\n|\n|t:|1700974311\n|switch|p2a: Baxcalibur|Baxcalibur, L50, F|100\/100\n|turn|5\n|inactive|mixey182 has 30 seconds left.\n|inactive|mixey182 has 20 seconds left.\n|\n|t:|1700974350\n|move|p1b: Ursaluna|Hyper Voice|p2a: Baxcalibur|[spread] p2a,p2b\n|-damage|p2a: Baxcalibur|46\/100\n|-damage|p2b: Heatran|20\/100\n|-damage|p1b: Ursaluna|81\/100|[from] item: Life Orb\n|move|p2b: Heatran|Earth Power|p1a: Chi-Yu\n|-supereffective|p1a: Chi-Yu\n|-damage|p1a: Chi-Yu|42\/100\n|move|p2a: Baxcalibur|High Horsepower|p1a: Chi-Yu\n|-supereffective|p1a: Chi-Yu\n|-damage|p1a: Chi-Yu|0 fnt\n|faint|p1a: Chi-Yu\n|\n|-weather|none\n|-heal|p2b: Heatran|26\/100|[from] item: Leftovers\n|-fieldend|move: Trick Room\n|upkeep\n|\n|t:|1700974364\n|switch|p1a: Mimikyu|Mimikyu-Busted, L50, F|2\/100\n|turn|6\n|inactive|mixey182 has 30 seconds left.\n|\n|t:|1700974395\n|move|p2a: Baxcalibur|Glaive Rush|p1b: Ursaluna\n|-damage|p1b: Ursaluna|31\/100\n|-singlemove|p2a: Baxcalibur|Glaive Rush|[silent]\n|move|p2b: Heatran|Heat Wave|p1a: Mimikyu|[spread] p1a,p1b\n|-damage|p1a: Mimikyu|0 fnt\n|-damage|p1b: Ursaluna|0 fnt\n|faint|p1a: Mimikyu\n|faint|p1b: Ursaluna\n|\n|-heal|p2b: Heatran|32\/100|[from] item: Leftovers\n|upkeep\n|\n|t:|1700974405\n|switch|p1b: Riley|Iron Hands, L50, shiny|94\/100 brn\n|turn|7\n|\n|t:|1700974416\n|switch|p2a: Ninetales|Ninetales-Alola, L50, F|100\/100\n|-weather|Snow|[from] ability: Snow Warning|[of] p2a: Ninetales\n|move|p2b: Heatran|Protect|p2b: Heatran\n|-singleturn|p2b: Heatran|Protect\n|move|p1b: Riley|Drain Punch|p2a: Ninetales\n|-damage|p2a: Ninetales|85\/100\n|-heal|p1b: Riley|99\/100 brn|[from] drain|[of] p2a: Ninetales\n|\n|-weather|Snow|[upkeep]\n|-heal|p2b: Heatran|38\/100|[from] item: Leftovers\n|-damage|p1b: Riley|94\/100 brn|[from] brn\n|upkeep\n|turn|8\n|\n|t:|1700974439\n|move|p2a: Ninetales|Aurora Veil|p2a: Ninetales\n|-sidestart|p2: mixey182|move: Aurora Veil\n|move|p2b: Heatran|Earth Power|p1b: Riley\n|-supereffective|p1b: Riley\n|-damage|p1b: Riley|57\/100 brn\n|move|p1b: Riley|Heavy Slam|p2a: Ninetales\n|-supereffective|p2a: Ninetales\n|-damage|p2a: Ninetales|45\/100\n|\n|-weather|Snow|[upkeep]\n|-heal|p2b: Heatran|44\/100|[from] item: Leftovers\n|-damage|p1b: Riley|51\/100 brn|[from] brn\n|upkeep\n|turn|9\n|\n|t:|1700974460\n|switch|p2a: Baxcalibur|Baxcalibur, L50, F|46\/100\n|move|p2b: Heatran|Earth Power|p1b: Riley\n|-supereffective|p1b: Riley\n|-damage|p1b: Riley|12\/100 brn\n|move|p1b: Riley|Heavy Slam|p2a: Baxcalibur\n|-supereffective|p2a: Baxcalibur\n|-damage|p2a: Baxcalibur|40\/100\n|\n|-weather|Snow|[upkeep]\n|-heal|p2b: Heatran|50\/100|[from] item: Leftovers\n|-damage|p1b: Riley|6\/100 brn|[from] brn\n|upkeep\n|turn|10\n|\n|t:|1700974482\n|move|p2a: Baxcalibur|Ice Shard|p1b: Riley\n|-damage|p1b: Riley|0 fnt\n|faint|p1b: Riley\n|-end|p1b: Riley|Quark Drive|[silent]\n|\n|win|mixey182\n|raw|HeffNastyy's rating: 1413 &rarr; <strong>1391<\/strong><br \/>(-22 for losing)\n|raw|mixey182's rating: 1381 &rarr; <strong>1403<\/strong><br \/>(+22 for winning)\n","uploadtime":1700974489,"views":3,"p1id":"heffnastyy","p2id":"mixey182","formatid":"gen9vgc2023regulatione","rating":1391,"private":0,"password":""}