{"id":"gen9vgc2023regulatione-1998725249","p1":"whyismynamejeff","p2":"Test4Sum","format":"[Gen 9] VGC 2023 Regulation E","log":"|j|\u2606whyismynamejeff\n|j|\u2606Test4Sum\n|t:|1700978411\n|gametype|doubles\n|player|p1|whyismynamejeff|colress|1096\n|player|p2|Test4Sum|265|1112\n|teamsize|p1|6\n|teamsize|p2|6\n|gen|9\n|tier|[Gen 9] VGC 2023 Regulation E\n|rated|\n|rule|Species Clause: Limit one of each Pok\u00e9mon\n|rule|Item Clause: Limit one of each item\n|clearpoke\n|poke|p1|Ogerpon-Wellspring, L50, F|\n|poke|p1|Regieleki, L50|\n|poke|p1|Indeedee-F, L50, F|\n|poke|p1|Tornadus, L50, M|\n|poke|p1|Chi-Yu, L50|\n|poke|p1|Flutter Mane, L50|\n|poke|p2|Slaking, L50, F|\n|poke|p2|Weezing-Galar, L50, M|\n|poke|p2|Regieleki, L50|\n|poke|p2|Infernape, L50, M|\n|poke|p2|Roaring Moon, L50|\n|poke|p2|Ogerpon-Cornerstone, L50, F|\n|teampreview|4\n|\n|t:|1700978449\n|start\n|switch|p1a: Chi-Yu|Chi-Yu, L50|100\/100\n|switch|p1b: Flutter Mane|Flutter Mane, L50|100\/100\n|switch|p2a: Infernape|Infernape, L50, M|100\/100\n|switch|p2b: Weezing|Weezing-Galar, L50, M|100\/100\n|-ability|p2b: Weezing|Neutralizing Gas\n|turn|1\n|\n|t:|1700978470\n|move|p1a: Chi-Yu|Protect|p1a: Chi-Yu\n|-singleturn|p1a: Chi-Yu|Protect\n|move|p1b: Flutter Mane|Dazzling Gleam|p2a: Infernape|[spread] p2a,p2b\n|-resisted|p2b: Weezing\n|-damage|p2a: Infernape|54\/100\n|-damage|p2b: Weezing|78\/100\n|move|p2a: Infernape|Flare Blitz|p1b: Flutter Mane\n|-enditem|p1b: Flutter Mane|Focus Sash\n|-damage|p1b: Flutter Mane|1\/100\n|-damage|p2a: Infernape|26\/100|[from] Recoil\n|move|p2b: Weezing|Sludge Bomb|p1a: Chi-Yu\n|-activate|p1a: Chi-Yu|move: Protect\n|\n|upkeep\n|turn|2\n|\n|t:|1700978491\n|move|p2b: Weezing|Protect|p2b: Weezing\n|-singleturn|p2b: Weezing|Protect\n|move|p1b: Flutter Mane|Moonblast|p2b: Weezing\n|-activate|p2b: Weezing|move: Protect\n|move|p2a: Infernape|Close Combat|p1a: Chi-Yu\n|-supereffective|p1a: Chi-Yu\n|-damage|p1a: Chi-Yu|0 fnt\n|-unboost|p2a: Infernape|def|1\n|-unboost|p2a: Infernape|spd|1\n|faint|p1a: Chi-Yu\n|\n|upkeep\n|\n|t:|1700978501\n|switch|p1a: Ogerpon|Ogerpon-Wellspring, L50, F|100\/100\n|turn|3\n|\n|t:|1700978512\n|move|p1b: Flutter Mane|Protect|p1b: Flutter Mane\n|-singleturn|p1b: Flutter Mane|Protect\n|move|p1a: Ogerpon|Swords Dance|p1a: Ogerpon\n|-boost|p1a: Ogerpon|atk|2\n|move|p2a: Infernape|Flare Blitz|p1a: Ogerpon\n|-damage|p1a: Ogerpon|31\/100\n|-damage|p2a: Infernape|2\/100|[from] Recoil\n|move|p2b: Weezing|Sludge Bomb|p1a: Ogerpon\n|-supereffective|p1a: Ogerpon\n|-damage|p1a: Ogerpon|0 fnt\n|faint|p1a: Ogerpon\n|\n|upkeep\n|\n|t:|1700978527\n|switch|p1a: Regieleki|Regieleki, L50|100\/100\n|turn|4\n|\n|t:|1700978545\n|move|p2b: Weezing|Protect|p2b: Weezing\n|-singleturn|p2b: Weezing|Protect\n|move|p1a: Regieleki|Thunderbolt|p2b: Weezing\n|-activate|p2b: Weezing|move: Protect\n|move|p1b: Flutter Mane|Moonblast|p2a: Infernape\n|-damage|p2a: Infernape|0 fnt\n|faint|p2a: Infernape\n|\n|upkeep\n|\n|t:|1700978560\n|switch|p2a: Roaring Moon|Roaring Moon, L50|100\/100\n|-enditem|p2a: Roaring Moon|Booster Energy\n|-activate|p2a: Roaring Moon|ability: Protosynthesis|[fromitem]\n|-start|p2a: Roaring Moon|protosynthesisspe\n|turn|5\n|\n|t:|1700978572\n|-terastallize|p1a: Regieleki|Ice\n|move|p2a: Roaring Moon|Knock Off|p1a: Regieleki\n|-damage|p1a: Regieleki|16\/100\n|-enditem|p1a: Regieleki|Magnet|[from] move: Knock Off|[of] p2a: Roaring Moon\n|move|p1a: Regieleki|Tera Blast|p2b: Weezing|[anim] Tera Blast Ice\n|-damage|p2b: Weezing|36\/100\n|-enditem|p2b: Weezing|Sitrus Berry|[eat]\n|-heal|p2b: Weezing|61\/100|[from] item: Sitrus Berry\n|move|p1b: Flutter Mane|Moonblast|p2a: Roaring Moon\n|-supereffective|p2a: Roaring Moon\n|-damage|p2a: Roaring Moon|0 fnt\n|faint|p2a: Roaring Moon\n|-end|p2a: Roaring Moon|Protosynthesis|[silent]\n|move|p2b: Weezing|Sludge Bomb|p1b: Flutter Mane\n|-damage|p1b: Flutter Mane|0 fnt\n|faint|p1b: Flutter Mane\n|-end|p1b: Flutter Mane|Protosynthesis|[silent]\n|\n|upkeep\n|\n|t:|1700978590\n|switch|p2a: Regieleki|Regieleki, L50|100\/100\n|turn|6\n|\n|t:|1700978611\n|move|p1a: Regieleki|Protect|p1a: Regieleki\n|-singleturn|p1a: Regieleki|Protect\n|move|p2a: Regieleki|Thunderbolt|p1a: Regieleki\n|-activate|p1a: Regieleki|move: Protect\n|move|p2b: Weezing|Sludge Bomb|p1a: Regieleki\n|-activate|p1a: Regieleki|move: Protect\n|\n|upkeep\n|turn|7\n|\n|t:|1700978624\n|-terastallize|p2a: Regieleki|Ice\n|move|p2a: Regieleki|Thunderbolt|p1a: Regieleki\n|-damage|p1a: Regieleki|0 fnt\n|faint|p1a: Regieleki\n|\n|win|Test4Sum\n|raw|whyismynamejeff's rating: 1096 &rarr; <strong>1073<\/strong><br \/>(-23 for losing)\n|raw|Test4Sum's rating: 1112 &rarr; <strong>1136<\/strong><br \/>(+24 for winning)\n|l|\u2606Test4Sum\n","uploadtime":1700978635,"views":16,"p1id":"whyismynamejeff","p2id":"test4sum","formatid":"gen9vgc2023regulatione","rating":1073,"private":0,"password":""}