{"id":"gen9vgc2023regulatione-1992138668","p1":"namboyVGC","p2":"N0rin","format":"[Gen 9] VGC 2023 Regulation E","log":"|j|\u2606namboyVGC\n|j|\u2606N0rin\n|n|\u2606namboyVGC|namboyvgc\n|n|\u2606N0rin|n0rin\n|html|View the match progress at <a href=\"\/game-bestof3-gen9vgc2023regulatione-1992131986\">game-bestof3-gen9vgc2023regulatione-1992131986<\/a>\n|t:|1700158241\n|gametype|doubles\n|player|p1|namboyVGC|youngster-gen4dp|\n|player|p2|N0rin|psychic-gen4|\n|teamsize|p1|6\n|teamsize|p2|6\n|gen|9\n|tier|[Gen 9] VGC 2023 Regulation E\n|rule|Species Clause: Limit one of each Pok\u00e9mon\n|rule|Item Clause: Limit one of each item\n|clearpoke\n|poke|p1|Farigiraf, L50, F|\n|poke|p1|Gholdengo, L50|\n|poke|p1|Ogerpon-Wellspring, L50, F|\n|poke|p1|Iron Hands, L50|\n|poke|p1|Enamorus-Therian, L50, F|\n|poke|p1|Roaring Moon, L50|\n|poke|p2|Talonflame, L50, M|\n|poke|p2|Sinistcha, L50|\n|poke|p2|Ogerpon-Wellspring, L50, F|\n|poke|p2|Landorus-Therian, L50, M|\n|poke|p2|Gholdengo, L50|\n|poke|p2|Iron Hands, L50|\n|teampreview|4\n|inactive|Battle timer is ON: inactive players will automatically lose when time's up. (requested by namboyVGC)\nN0rin has agreed to open team sheets.\n|inactive|namboyVGC has 60 seconds left.\n|inactive|N0rin has 60 seconds left.\nnamboyVGC has agreed to open team sheets.\n|showteam|p1|Farigiraf||SitrusBerry|ArmorTail|TrickRoom,NastyPlot,Psychic,Protect|||F|||50|,,,,,Dark]Gholdengo||LifeOrb|GoodasGold|ShadowBall,MakeItRain,NastyPlot,Protect||||||50|,,,,,Dragon]Ogerpon-Wellspring||WellspringMask|WaterAbsorb|FollowMe,IvyCudgel,SpikyShield,WoodHammer|||F|||50|,,,,,Water]Iron Hands||AssaultVest|QuarkDrive|FakeOut,DrainPunch,WildCharge,HeavySlam||||||50|,,,,,Fire]Enamorus-Therian||PixiePlate|Overcoat|Moonblast,SludgeBomb,EarthPower,Protect|||F|||50|,,,,,Ground]Roaring Moon||BoosterEnergy|Protosynthesis|KnockOff,BreakingSwipe,Tailwind,Protect||||||50|,,,,,Poison\n|showteam|p2|Talonflame||SharpBeak|GaleWings|BraveBird,Tailwind,WillOWisp,Protect|||M|||50|,,,,,Ghost]Sinistcha||SitrusBerry|Hospitality|MatchaGotcha,RagePowder,TrickRoom,StrengthSap||||||50|,,,,,Fire]Ogerpon-Wellspring||WellspringMask|WaterAbsorb|IvyCudgel,HornLeech,FollowMe,SpikyShield|||F|||50|,,,,,Water]Landorus-Therian||ChoiceScarf|Intimidate|StompingTantrum,RockSlide,TeraBlast,Uturn|||M|||50|,,,,,Flying]Gholdengo||Leftovers|GoodasGold|MakeItRain,ShadowBall,NastyPlot,Protect||||||50|,,,,,Water]Iron Hands||AssaultVest|QuarkDrive|FakeOut,WildCharge,DrainPunch,HeavySlam||||||50|,,,,,Grass\n|inactive|namboyVGC has 30 seconds left.\n|inactive|N0rin has 30 seconds left.\n|\n|t:|1700158301\n|start\n|switch|p1a: Iron Hands|Iron Hands, L50|100\/100\n|switch|p1b: Farigiraf|Farigiraf, L50, F|100\/100\n|switch|p2a: Landorus|Landorus-Therian, L50, M|100\/100\n|switch|p2b: Iron Hands|Iron Hands, L50|100\/100\n|-ability|p2a: Landorus|Intimidate|boost\n|-unboost|p1a: Iron Hands|atk|1\n|-unboost|p1b: Farigiraf|atk|1\n|turn|1\n|inactive|N0rin has 30 seconds left.\n|inactive|N0rin has 20 seconds left.\n|\n|t:|1700158338\n|-end|p1a: Iron Hands|Quark Drive|[silent]\n|switch|p1a: Enamorus|Enamorus-Therian, L50, F|100\/100\n|move|p2a: Landorus|Stomping Tantrum|p1b: Farigiraf\n|-damage|p1b: Farigiraf|61\/100\n|move|p2b: Iron Hands|Drain Punch|p1b: Farigiraf\n|-damage|p1b: Farigiraf|26\/100\n|-enditem|p1b: Farigiraf|Sitrus Berry|[eat]\n|-heal|p1b: Farigiraf|51\/100|[from] item: Sitrus Berry\n|move|p1b: Farigiraf|Trick Room|p1b: Farigiraf\n|-fieldstart|move: Trick Room|[of] p1b: Farigiraf\n|\n|upkeep\n|turn|2\n|inactive|N0rin has 30 seconds left.\n|inactive|N0rin has 20 seconds left.\n|inactive|N0rin has 15 seconds left.\n|\n|t:|1700158381\n|-terastallize|p2b: Iron Hands|Grass\n|move|p1b: Farigiraf|Psychic|p2b: Iron Hands\n|-crit|p2b: Iron Hands\n|-damage|p2b: Iron Hands|67\/100\n|move|p1a: Enamorus|Moonblast|p2b: Iron Hands\n|-damage|p2b: Iron Hands|37\/100\n|move|p2b: Iron Hands|Heavy Slam|p1a: Enamorus\n|-supereffective|p1a: Enamorus\n|-damage|p1a: Enamorus|28\/100\n|move|p2a: Landorus|Stomping Tantrum|p1b: Farigiraf\n|-damage|p1b: Farigiraf|12\/100\n|\n|upkeep\n|turn|3\n|inactive|N0rin has 30 seconds left.\n|inactive|N0rin has 20 seconds left.\n|inactive|N0rin has 15 seconds left.\n|\n|t:|1700158421\n|move|p1b: Farigiraf|Psychic|p2a: Landorus\n|-damage|p2a: Landorus|44\/100\n|move|p1a: Enamorus|Sludge Bomb|p2b: Iron Hands\n|-supereffective|p2b: Iron Hands\n|-damage|p2b: Iron Hands|1\/100\n|move|p2b: Iron Hands|Drain Punch|p1b: Farigiraf\n|-damage|p1b: Farigiraf|0 fnt\n|-heal|p2b: Iron Hands|6\/100|[from] drain|[of] p1b: Farigiraf\n|faint|p1b: Farigiraf\n|move|p2a: Landorus|Stomping Tantrum|p1a: Enamorus\n|-immune|p1a: Enamorus\n|\n|upkeep\n|\n|t:|1700158433\n|switch|p1b: Iron Hands|Iron Hands, L50|100\/100\n|turn|4\n|inactive|N0rin has 30 seconds left.\n|\n|t:|1700158467\n|switch|p2a: Ogerpon|Ogerpon-Wellspring, L50, F|100\/100\n|move|p1b: Iron Hands|Fake Out|p2a: Ogerpon\n|-damage|p2a: Ogerpon|86\/100\n|move|p1a: Enamorus|Sludge Bomb|p2b: Iron Hands\n|-supereffective|p2b: Iron Hands\n|-damage|p2b: Iron Hands|0 fnt\n|faint|p2b: Iron Hands\n|-end|p2b: Iron Hands|Quark Drive|[silent]\n|\n|upkeep\n|\n|t:|1700158480\n|switch|p2b: Talonflame|Talonflame, L50, M|100\/100\n|turn|5\n|\n|t:|1700158497\n|switch|p1a: Roaring Moon|Roaring Moon, L50|100\/100\n|-enditem|p1a: Roaring Moon|Booster Energy\n|-activate|p1a: Roaring Moon|ability: Protosynthesis|[fromitem]\n|-start|p1a: Roaring Moon|protosynthesisspe\n|move|p2a: Ogerpon|Spiky Shield|p2a: Ogerpon\n|-singleturn|p2a: Ogerpon|move: Protect\n|move|p2b: Talonflame|Protect|p2b: Talonflame\n|-singleturn|p2b: Talonflame|Protect\n|move|p1b: Iron Hands|Wild Charge|p2b: Talonflame\n|-activate|p2b: Talonflame|move: Protect\n|\n|-fieldend|move: Trick Room\n|upkeep\n|turn|6\n|inactive|namboyVGC has 30 seconds left.\n|inactive|N0rin has 30 seconds left.\n|inactive|namboyVGC has 20 seconds left.\n|inactive|N0rin has 20 seconds left.\n|inactive|N0rin has 15 seconds left.\n|inactive|N0rin has 10 seconds left.\n|\n|t:|1700158543\n|switch|p2a: Landorus|Landorus-Therian, L50, M|44\/100\n|-ability|p2a: Landorus|Intimidate|boost\n|-unboost|p1a: Roaring Moon|atk|1\n|-unboost|p1b: Iron Hands|atk|1\n|move|p1a: Roaring Moon|Breaking Swipe|p2a: Landorus|[spread] p2a,p2b\n|-damage|p2a: Landorus|28\/100\n|-damage|p2b: Talonflame|79\/100\n|-unboost|p2a: Landorus|atk|1\n|-unboost|p2b: Talonflame|atk|1\n|move|p2b: Talonflame|Will-O-Wisp|p1a: Roaring Moon\n|-status|p1a: Roaring Moon|brn\n|move|p1b: Iron Hands|Wild Charge|p2b: Talonflame\n|-supereffective|p2b: Talonflame\n|-damage|p2b: Talonflame|0 fnt\n|faint|p2b: Talonflame\n|-damage|p1b: Iron Hands|89\/100|[from] Recoil\n|\n|-damage|p1a: Roaring Moon|94\/100 brn|[from] brn\n|upkeep\n|\n|t:|1700158560\n|switch|p2b: Ogerpon|Ogerpon-Wellspring, L50, F|86\/100\n|turn|7\n|inactive|N0rin has 30 seconds left.\n|inactive|N0rin has 20 seconds left.\n|\n|t:|1700158598\n|-end|p1b: Iron Hands|Quark Drive|[silent]\n|switch|p1b: Enamorus|Enamorus-Therian, L50, F|28\/100\n|move|p1a: Roaring Moon|Breaking Swipe|p2b: Ogerpon|[spread] p2a,p2b\n|-damage|p2a: Landorus|20\/100\n|-damage|p2b: Ogerpon|80\/100\n|-unboost|p2a: Landorus|atk|1\n|-unboost|p2b: Ogerpon|atk|1\n|move|p2a: Landorus|Rock Slide|p1b: Enamorus|[spread] p1a,p1b\n|-supereffective|p1b: Enamorus\n|-damage|p1a: Roaring Moon|83\/100 brn\n|-damage|p1b: Enamorus|9\/100\n|move|p2b: Ogerpon|Horn Leech|p1b: Enamorus\n|-resisted|p1b: Enamorus\n|-damage|p1b: Enamorus|0 fnt\n|-heal|p2b: Ogerpon|84\/100|[from] drain|[of] p1b: Enamorus\n|faint|p1b: Enamorus\n|\n|-damage|p1a: Roaring Moon|76\/100 brn|[from] brn\n|upkeep\n|\n|t:|1700158616\n|switch|p1b: Iron Hands|Iron Hands, L50|89\/100\n|turn|8\n|\n|t:|1700158624\n|move|p2b: Ogerpon|Spiky Shield|p2b: Ogerpon\n|-singleturn|p2b: Ogerpon|move: Protect\n|move|p1b: Iron Hands|Fake Out|p2a: Landorus\n|-damage|p2a: Landorus|3\/100\n|move|p1a: Roaring Moon|Breaking Swipe|p2a: Landorus|[spread] p2a\n|-activate|p2b: Ogerpon|move: Protect\n|-damage|p1a: Roaring Moon|64\/100 brn|[from] Spiky Shield|[of] p2b: Ogerpon\n|-damage|p2a: Landorus|0 fnt\n|faint|p2a: Landorus\n|\n|-damage|p1a: Roaring Moon|58\/100 brn|[from] brn\n|upkeep\n|turn|9\n|\n|t:|1700158644\n|move|p1a: Roaring Moon|Breaking Swipe|p2b: Ogerpon\n|-damage|p2b: Ogerpon|75\/100\n|-unboost|p2b: Ogerpon|atk|1\n|move|p2b: Ogerpon|Ivy Cudgel|p1b: Iron Hands|[anim] Ivy Cudgel Water\n|-damage|p1b: Iron Hands|70\/100\n|move|p1b: Iron Hands|Drain Punch|p2b: Ogerpon\n|-damage|p2b: Ogerpon|34\/100\n|-heal|p1b: Iron Hands|86\/100|[from] drain|[of] p2b: Ogerpon\n|\n|-damage|p1a: Roaring Moon|52\/100 brn|[from] brn\n|upkeep\n|turn|10\n|\n|t:|1700158658\n|move|p2b: Ogerpon|Spiky Shield|p2b: Ogerpon\n|-singleturn|p2b: Ogerpon|move: Protect\n|move|p1a: Roaring Moon|Breaking Swipe|p2b: Ogerpon\n|-activate|p2b: Ogerpon|move: Protect\n|-damage|p1a: Roaring Moon|40\/100 brn|[from] Spiky Shield|[of] p2b: Ogerpon\n|move|p1b: Iron Hands|Drain Punch|p2b: Ogerpon\n|-activate|p2b: Ogerpon|move: Protect\n|-damage|p1b: Iron Hands|73\/100|[from] Spiky Shield|[of] p2b: Ogerpon\n|\n|-damage|p1a: Roaring Moon|34\/100 brn|[from] brn\n|upkeep\n|turn|11\n|\n|t:|1700158681\n|move|p1a: Roaring Moon|Breaking Swipe|p2b: Ogerpon\n|-damage|p2b: Ogerpon|25\/100\n|-unboost|p2b: Ogerpon|atk|1\n|move|p2b: Ogerpon|Ivy Cudgel|p1b: Iron Hands|[anim] Ivy Cudgel Water\n|-damage|p1b: Iron Hands|59\/100\n|move|p1b: Iron Hands|Drain Punch|p2b: Ogerpon\n|-damage|p2b: Ogerpon|0 fnt\n|-heal|p1b: Iron Hands|68\/100|[from] drain|[of] p2b: Ogerpon\n|faint|p2b: Ogerpon\n|\n|win|namboyVGC\n","uploadtime":1700159233,"views":22,"p1id":"namboyvgc","p2id":"n0rin","formatid":"gen9vgc2023regulatione","rating":0,"private":0,"password":""}