{"id":"gen9vgc2023regulatione-1996513043","p1":"wokegaming","p2":"haamgamer07","format":"[Gen 9] VGC 2023 Regulation E","log":"|j|\u2606wokegaming\n|j|\u2606haamgamer07\n|t:|1700689360\n|gametype|doubles\n|player|p1|wokegaming|cyrus|1283\n|player|p2|haamgamer07|170|1246\n|teamsize|p1|6\n|teamsize|p2|6\n|gen|9\n|tier|[Gen 9] VGC 2023 Regulation E\n|rated|\n|rule|Species Clause: Limit one of each Pok\u00e9mon\n|rule|Item Clause: Limit one of each item\n|clearpoke\n|poke|p1|Iron Hands, L50|\n|poke|p1|Landorus-Therian, L50, M|\n|poke|p1|Flutter Mane, L50|\n|poke|p1|Iron Bundle, L50|\n|poke|p1|Tornadus, L50, M|\n|poke|p1|Ogerpon-Hearthflame, L50, F|\n|poke|p2|Flutter Mane, L50|\n|poke|p2|Iron Hands, L50|\n|poke|p2|Ogerpon-Hearthflame, L50, F|\n|poke|p2|Cresselia, L50, F|\n|poke|p2|Ursaluna, L50, F|\n|poke|p2|Empoleon, L50, F|\n|teampreview|4\n|\n|t:|1700689417\n|start\n|switch|p1a: Landorus|Landorus-Therian, L50, M|100\/100\n|switch|p1b: Iron Hands|Iron Hands, L50|100\/100\n|switch|p2a: Empoleon|Empoleon, L50, F|100\/100\n|switch|p2b: Flutter Mane|Flutter Mane, L50|100\/100\n|-ability|p1a: Landorus|Intimidate|boost\n|-unboost|p2a: Empoleon|atk|1\n|-ability|p2a: Empoleon|Competitive|boost\n|-boost|p2a: Empoleon|spa|2\n|-unboost|p2b: Flutter Mane|atk|1\n|turn|1\n|inactive|Battle timer is ON: inactive players will automatically lose when time's up. (requested by haamgamer07)\n|inactive|haamgamer07 has 60 seconds left.\n|\n|t:|1700689452\n|switch|p2a: Ogerpon|Ogerpon-Hearthflame, L50, F|100\/100\n|-ability|p2a: Ogerpon|Mold Breaker\n|-terastallize|p1a: Landorus|Flying\n|move|p2b: Flutter Mane|Protect|p2b: Flutter Mane\n|-singleturn|p2b: Flutter Mane|Protect\n|move|p1b: Iron Hands|Fake Out|p2a: Ogerpon\n|-damage|p2a: Ogerpon|82\/100\n|move|p1a: Landorus|Tera Blast|p2b: Flutter Mane|[anim] Tera Blast Flying\n|-activate|p2b: Flutter Mane|move: Protect\n|\n|upkeep\n|turn|2\n|inactive|haamgamer07 has 30 seconds left.\n|\n|t:|1700689485\n|-end|p2b: Flutter Mane|Protosynthesis|[silent]\n|switch|p2b: Empoleon|Empoleon, L50, F|100\/100\n|-terastallize|p2a: Ogerpon|Fire\n|detailschange|p2a: Ogerpon|Ogerpon-Hearthflame-Tera, L50, F, tera:Fire\n|-ability|p2a: Ogerpon|Embody Aspect (Hearthflame)|boost\n|-boost|p2a: Ogerpon|atk|1\n|move|p1a: Landorus|Tera Blast|p2b: Empoleon|[anim] Tera Blast Flying\n|-resisted|p2b: Empoleon\n|-damage|p2b: Empoleon|67\/100\n|move|p2a: Ogerpon|Ivy Cudgel|p1a: Landorus|[anim] Ivy Cudgel Fire\n|-damage|p1a: Landorus|0 fnt\n|faint|p1a: Landorus\n|move|p1b: Iron Hands|Close Combat|p2a: Ogerpon\n|-damage|p2a: Ogerpon|0 fnt\n|-unboost|p1b: Iron Hands|def|1\n|-unboost|p1b: Iron Hands|spd|1\n|faint|p2a: Ogerpon\n|\n|upkeep\n|\n|t:|1700689505\n|switch|p2a: Flutter Mane|Flutter Mane, L50|100\/100\n|switch|p1a: Ogerpon|Ogerpon-Hearthflame, L50, F|100\/100\n|-ability|p1a: Ogerpon|Mold Breaker\n|turn|3\n|inactive|haamgamer07 has 30 seconds left.\n|inactive|haamgamer07 has 20 seconds left.\n|inactive|haamgamer07 has 15 seconds left.\n|inactive|haamgamer07 has 10 seconds left.\n|\n|t:|1700689550\n|-end|p1b: Iron Hands|Quark Drive|[silent]\n|switch|p1b: Iron Bundle|Iron Bundle, L50|100\/100\n|-enditem|p1b: Iron Bundle|Booster Energy\n|-activate|p1b: Iron Bundle|ability: Quark Drive|[fromitem]\n|-start|p1b: Iron Bundle|quarkdrivespe\n|move|p2a: Flutter Mane|Shadow Ball|p1b: Iron Bundle\n|-damage|p1b: Iron Bundle|0 fnt\n|faint|p1b: Iron Bundle\n|-end|p1b: Iron Bundle|Quark Drive|[silent]\n|move|p1a: Ogerpon|Ivy Cudgel|p2b: Empoleon|[anim] Ivy Cudgel Fire\n|-damage|p2b: Empoleon|9\/100\n|move|p2b: Empoleon|Water Pledge|p1a: Ogerpon\n|-damage|p1a: Ogerpon|50\/100\n|\n|upkeep\n|\n|t:|1700689560\n|switch|p1b: Iron Hands|Iron Hands, L50|100\/100\n|turn|4\n|l|\u2606wokegaming\n|inactive|wokegaming disconnected and has a minute to reconnect!\n|player|p1|\n|j|\u2606wokegaming\n|inactive|wokegaming reconnected and has 40 seconds left.\n|player|p1|wokegaming|cyrus\n|inactive|wokegaming has 30 seconds left.\n|inactive|haamgamer07 has 30 seconds left.\n|\n|t:|1700689592\n|move|p1a: Ogerpon|Spiky Shield|p1a: Ogerpon\n|-singleturn|p1a: Ogerpon|move: Protect\n|move|p2a: Flutter Mane|Shadow Ball|p1a: Ogerpon\n|-activate|p1a: Ogerpon|move: Protect\n|move|p1b: Iron Hands|Wild Charge|p2a: Flutter Mane\n|-enditem|p2a: Flutter Mane|Focus Sash\n|-damage|p2a: Flutter Mane|1\/100\n|-damage|p1b: Iron Hands|87\/100|[from] Recoil\n|move|p2b: Empoleon|Water Pledge|p1b: Iron Hands\n|-damage|p1b: Iron Hands|65\/100\n|\n|upkeep\n|turn|5\n|inactive|wokegaming has 30 seconds left.\n|inactive|wokegaming has 20 seconds left.\n|inactive|wokegaming has 15 seconds left.\n|inactive|wokegaming has 10 seconds left.\n|\n|t:|1700689639\n|move|p2a: Flutter Mane|Shadow Ball|p1a: Ogerpon\n|-crit|p1a: Ogerpon\n|-damage|p1a: Ogerpon|0 fnt\n|faint|p1a: Ogerpon\n|move|p1b: Iron Hands|Drain Punch|p2b: Empoleon\n|-supereffective|p2b: Empoleon\n|-damage|p2b: Empoleon|0 fnt\n|-heal|p1b: Iron Hands|69\/100|[from] drain|[of] p2b: Empoleon\n|faint|p2b: Empoleon\n|\n|upkeep\n|\n|t:|1700689655\n|switch|p2b: Iron Hands|Iron Hands, L50|100\/100\n|turn|6\n|-message|wokegaming forfeited.\n|\n|win|haamgamer07\n|raw|wokegaming's rating: 1283 &rarr; <strong>1255<\/strong><br \/>(-28 for losing)\n|raw|haamgamer07's rating: 1246 &rarr; <strong>1274<\/strong><br \/>(+28 for winning)\n|l|\u2606wokegaming\n","uploadtime":1700689667,"views":2,"p1id":"wokegaming","p2id":"haamgamer07","formatid":"gen9vgc2023regulatione","rating":1255,"private":0,"password":""}