{"id":"gen9vgc2023regulatione-1994948867","p1":"DomsDome","p2":"shu0910","format":"[Gen 9] VGC 2023 Regulation E","log":"|j|\u2606DomsDome\n|j|\u2606shu0910\n|t:|1700507282\n|gametype|doubles\n|player|p1|DomsDome|266|\n|player|p2|shu0910|larry|\n|teamsize|p1|6\n|teamsize|p2|6\n|gen|9\n|tier|[Gen 9] VGC 2023 Regulation E\n|rule|Species Clause: Limit one of each Pok\u00e9mon\n|rule|Item Clause: Limit one of each item\n|clearpoke\n|poke|p1|Meowscarada, L50, M|\n|poke|p1|Hydreigon, L50, F|\n|poke|p1|Indeedee-F, L50, F|\n|poke|p1|Dusclops, L50, M|\n|poke|p1|Glastrier, L50|\n|poke|p1|Crawdaunt, L50, M|\n|poke|p2|Zapdos-Galar, L50|\n|poke|p2|Trevenant, L50, M|\n|poke|p2|Dragapult, L50, F|\n|poke|p2|Glimmora, L50, F|\n|poke|p2|Grimmsnarl, L50, M|\n|poke|p2|Rotom-Wash, L50|\n|teampreview|4\n|c|\u2606DomsDome|glhf\n|c|\u2606shu0910|glhf\n|\n|t:|1700507380\n|start\n|switch|p1a: Hydreigon|Hydreigon, L50, F|100\/100\n|switch|p1b: Indeedee|Indeedee-F, L50, F|100\/100\n|switch|p2a: Ghroot|Trevenant, L50, M|100\/100\n|switch|p2b: Its brittany bitch|Glimmora, L50, F|100\/100\n|-fieldstart|move: Psychic Terrain|[from] ability: Psychic Surge|[of] p1b: Indeedee\n|turn|1\n|\n|t:|1700507412\n|switch|p2b: Roadrunner|Zapdos-Galar, L50|100\/100\n|move|p1b: Indeedee|Follow Me|p1b: Indeedee\n|-singleturn|p1b: Indeedee|move: Follow Me\n|move|p1a: Hydreigon|Tailwind|p1a: Hydreigon\n|-sidestart|p1: DomsDome|move: Tailwind\n|move|p2a: Ghroot|Imprison|p2a: Ghroot\n|-start|p2a: Ghroot|move: Imprison\n|\n|upkeep\n|turn|2\n|\n|t:|1700507481\n|-terastallize|p1a: Hydreigon|Poison\n|-terastallize|p2b: Roadrunner|Dark\n|move|p1a: Hydreigon|Dark Pulse|p2a: Ghroot\n|-supereffective|p2a: Ghroot\n|-damage|p2a: Ghroot|15\/100\n|-enditem|p2a: Ghroot|Aguav Berry|[eat]\n|-heal|p2a: Ghroot|48\/100|[from] item: Aguav Berry\n|-damage|p1a: Hydreigon|91\/100|[from] item: Life Orb\n|move|p1b: Indeedee|Dazzling Gleam|p2a: Ghroot|[spread] p2a,p2b\n|-supereffective|p2b: Roadrunner\n|-damage|p2a: Ghroot|32\/100\n|-damage|p2b: Roadrunner|59\/100\n|move|p2b: Roadrunner|Knock Off|p1b: Indeedee\n|-supereffective|p1b: Indeedee\n|-enditem|p1b: Indeedee|Focus Sash\n|-damage|p1b: Indeedee|1\/100\n|move|p2a: Ghroot|Trick Room|p2a: Ghroot\n|-fieldstart|move: Trick Room|[of] p2a: Ghroot\n|\n|upkeep\n|turn|3\n|\n|t:|1700507552\n|move|p2a: Ghroot|Horn Leech|p1b: Indeedee\n|-damage|p1b: Indeedee|0 fnt\n|-heal|p2a: Ghroot|33\/100|[from] drain|[of] p1b: Indeedee\n|faint|p1b: Indeedee\n|move|p2b: Roadrunner|Knock Off|p1a: Hydreigon\n|-damage|p1a: Hydreigon|3\/100\n|-enditem|p1a: Hydreigon|Life Orb|[from] move: Knock Off|[of] p2b: Roadrunner\n|move|p1a: Hydreigon|Dark Pulse|p2a: Ghroot\n|-supereffective|p2a: Ghroot\n|-damage|p2a: Ghroot|0 fnt\n|faint|p2a: Ghroot\n|\n|upkeep\n|\n|t:|1700507592\n|switch|p2a: Its brittany bitch|Glimmora, L50, F|100\/100\n|switch|p1b: Crawdaunt|Crawdaunt, L50, M|100\/100\n|turn|4\n|\n|t:|1700507670\n|move|p1b: Crawdaunt|Crabhammer|p2b: Roadrunner\n|-damage|p2b: Roadrunner|0 fnt\n|faint|p2b: Roadrunner\n|move|p2a: Its brittany bitch|Mortal Spin|p1a: Hydreigon|[spread] p1a,p1b\n|-resisted|p1a: Hydreigon\n|-damage|p1a: Hydreigon|0 fnt\n|-damage|p1b: Crawdaunt|95\/100\n|-status|p1b: Crawdaunt|psn\n|faint|p1a: Hydreigon\n|\n|-damage|p1b: Crawdaunt|82\/100 psn|[from] psn\n|-sideend|p1: DomsDome|move: Tailwind\n|upkeep\n|\n|t:|1700507680\n|switch|p1a: Meowscarada|Meowscarada, L50, M|100\/100\n|switch|p2b: CPS|Dragapult, L50, F|100\/100\n|turn|5\n|\n|t:|1700507722\n|move|p2b: CPS|Protect|p2b: CPS\n|-singleturn|p2b: CPS|Protect\n|move|p1b: Crawdaunt|Crabhammer|p2a: Its brittany bitch\n|-supereffective|p2a: Its brittany bitch\n|-damage|p2a: Its brittany bitch|0 fnt\n|-activate|p2a: Its brittany bitch|ability: Toxic Debris\n|-sidestart|p1: DomsDome|move: Toxic Spikes\n|faint|p2a: Its brittany bitch\n|move|p1a: Meowscarada|Knock Off|p2b: CPS\n|-start|p1a: Meowscarada|typechange|Dark|[from] ability: Protean\n|-activate|p2b: CPS|move: Protect\n|\n|-damage|p1b: Crawdaunt|70\/100 psn|[from] psn\n|-fieldend|move: Psychic Terrain\n|upkeep\n|turn|6\n|\n|t:|1700507743\n|move|p1b: Crawdaunt|Crunch|p2b: CPS\n|-supereffective|p2b: CPS\n|-damage|p2b: CPS|0 fnt\n|faint|p2b: CPS\n|\n|win|DomsDome\n|c|\u2606shu0910|ggs\n|c|\u2606DomsDome|gg\n","uploadtime":1700509221,"views":3,"p1id":"domsdome","p2id":"shu0910","formatid":"gen9vgc2023regulatione","rating":0,"private":0,"password":""}