{"id":"gen9vgc2023regulatione-1994328820","p1":"Pink_SSB","p2":"Puriner","format":"[Gen 9] VGC 2023 Regulation E","log":"|j|\u2606Pink_SSB\n|j|\u2606Puriner\n|n|\u2606Pink_SSB|pinkssb\n|n|\u2606Puriner|puriner\n|html|View the match progress at <a href=\"\/game-bestof3-gen9vgc2023regulatione-1994326149\">game-bestof3-gen9vgc2023regulatione-1994326149<\/a>\n|t:|1700431662\n|gametype|doubles\n|player|p1|Pink_SSB|1|\n|player|p2|Puriner|colress|\n|teamsize|p1|6\n|teamsize|p2|6\n|gen|9\n|tier|[Gen 9] VGC 2023 Regulation E\n|rule|Species Clause: Limit one of each Pok\u00e9mon\n|rule|Item Clause: Limit one of each item\n|clearpoke\n|poke|p1|Eiscue, L50, M|\n|poke|p1|Iron Hands, L50|\n|poke|p1|Sinistcha, L50|\n|poke|p1|Landorus-Therian, L50, M|\n|poke|p1|Heatran, L50, F|\n|poke|p1|Flutter Mane, L50|\n|poke|p2|Torkoal, L50, M|\n|poke|p2|Roaring Moon, L50|\n|poke|p2|Flutter Mane, L50|\n|poke|p2|Tornadus, L50, M|\n|poke|p2|Ogerpon-Hearthflame, L50, F|\n|poke|p2|Cresselia, L50, F|\n|teampreview|4\n|inactive|Battle timer is ON: inactive players will automatically lose when time's up. (requested by Pink_SSB)\n|j| Van. Volcanucks\n|inactive|Puriner has 60 seconds left.\n|\n|t:|1700431718\n|start\n|switch|p1a: Uncle Lando|Landorus-Therian, L50, M|100\/100\n|switch|p1b: Tera-Ass|Heatran, L50, F|100\/100\n|switch|p2a: Ogerpon|Ogerpon-Hearthflame, L50, F|100\/100\n|switch|p2b: Cresselia|Cresselia, L50, F|100\/100\n|-ability|p1a: Uncle Lando|Intimidate|boost\n|-unboost|p2a: Ogerpon|atk|1\n|-unboost|p2b: Cresselia|atk|1\n|-ability|p2a: Ogerpon|Mold Breaker\n|turn|1\n|inactive|Puriner has 30 seconds left.\n|inactive|Puriner has 20 seconds left.\n|inactive|Puriner has 15 seconds left.\n|inactive|Puriner has 10 seconds left.\n|\n|t:|1700431763\n|move|p1b: Tera-Ass|Protect|p1b: Tera-Ass\n|-singleturn|p1b: Tera-Ass|Protect\n|move|p1a: Uncle Lando|U-turn|p2b: Cresselia\n|-supereffective|p2b: Cresselia\n|-damage|p2b: Cresselia|62\/100\n|\n|t:|1700431769\n|switch|p1a: Brian Hands|Iron Hands, L50|100\/100|[from] U-turn\n|move|p2a: Ogerpon|Swords Dance|p2a: Ogerpon\n|-boost|p2a: Ogerpon|atk|2\n|move|p2b: Cresselia|Ice Beam|p1a: Brian Hands\n|-damage|p1a: Brian Hands|92\/100\n|\n|-heal|p2b: Cresselia|68\/100|[from] item: Leftovers\n|upkeep\n|turn|2\n|inactive|Puriner has 30 seconds left.\n|\n|t:|1700431803\n|-end|p1a: Brian Hands|Quark Drive|[silent]\n|switch|p1a: Uncle Lando|Landorus-Therian, L50, M|100\/100\n|-ability|p1a: Uncle Lando|Intimidate|boost\n|-unboost|p2a: Ogerpon|atk|1\n|-unboost|p2b: Cresselia|atk|1\n|move|p2b: Cresselia|Helping Hand|p2a: Ogerpon\n|-singleturn|p2a: Ogerpon|Helping Hand|[of] p2b: Cresselia\n|move|p2a: Ogerpon|Ivy Cudgel|p1a: Uncle Lando|[anim] Ivy Cudgel Fire\n|-damage|p1a: Uncle Lando|15\/100\n|move|p1b: Tera-Ass|Heat Wave|p2b: Cresselia|[spread] p2a,p2b\n|-damage|p2a: Ogerpon|56\/100\n|-damage|p2b: Cresselia|49\/100\n|\n|-heal|p2b: Cresselia|55\/100|[from] item: Leftovers\n|upkeep\n|turn|3\n|inactive|Puriner has 30 seconds left.\n|\n|t:|1700431828\n|move|p2a: Ogerpon|Spiky Shield|p2a: Ogerpon\n|-singleturn|p2a: Ogerpon|move: Protect\n|move|p1a: Uncle Lando|U-turn|p2b: Cresselia\n|-supereffective|p2b: Cresselia\n|-damage|p2b: Cresselia|16\/100\n|\n|t:|1700431836\n|switch|p1a: Brian Hands|Iron Hands, L50|92\/100|[from] U-turn\n|move|p2b: Cresselia|Lunar Blessing|p2b: Cresselia|[spread] p2a,p2b\n|-heal|p2a: Ogerpon|81\/100\n|-heal|p2b: Cresselia|41\/100\n|move|p1b: Tera-Ass|Heat Wave|p2b: Cresselia|[spread] p2b\n|-activate|p2a: Ogerpon|move: Protect\n|-damage|p2b: Cresselia|21\/100\n|\n|-heal|p2b: Cresselia|27\/100|[from] item: Leftovers\n|upkeep\n|turn|4\n|inactive|Puriner has 30 seconds left.\n|\n|t:|1700431866\n|move|p2b: Cresselia|Helping Hand|p2a: Ogerpon\n|-singleturn|p2a: Ogerpon|Helping Hand|[of] p2b: Cresselia\n|move|p1a: Brian Hands|Fake Out|p2b: Cresselia\n|-damage|p2b: Cresselia|16\/100\n|move|p2a: Ogerpon|Ivy Cudgel|p1a: Brian Hands|[anim] Ivy Cudgel Fire\n|-damage|p1a: Brian Hands|34\/100\n|move|p1b: Tera-Ass|Heat Wave|p2b: Cresselia|[spread] p2b\n|-miss|p1b: Tera-Ass|p2a: Ogerpon\n|-damage|p2b: Cresselia|0 fnt\n|faint|p2b: Cresselia\n|\n|upkeep\n|\n|t:|1700431890\n|switch|p2b: Roaring Moon|Roaring Moon, L50|100\/100\n|turn|5\n|\n|t:|1700431901\n|move|p2a: Ogerpon|Spiky Shield|p2a: Ogerpon\n|-singleturn|p2a: Ogerpon|move: Protect\n|move|p1b: Tera-Ass|Protect|p1b: Tera-Ass\n|-singleturn|p1b: Tera-Ass|Protect\n|move|p2b: Roaring Moon|Earthquake|p1b: Tera-Ass|[spread] p1a\n|-activate|p2a: Ogerpon|move: Protect\n|-activate|p1b: Tera-Ass|move: Protect\n|-supereffective|p1a: Brian Hands\n|-damage|p1a: Brian Hands|0 fnt\n|faint|p1a: Brian Hands\n|-end|p1a: Brian Hands|Quark Drive|[silent]\n|\n|upkeep\n|\n|t:|1700431910\n|switch|p1a: Uncle Lando|Landorus-Therian, L50, M|15\/100\n|-ability|p1a: Uncle Lando|Intimidate|boost\n|-unboost|p2a: Ogerpon|atk|1\n|-unboost|p2b: Roaring Moon|atk|1\n|turn|6\n|\n|t:|1700431930\n|switch|p1b: Flutter Mane|Flutter Mane, L50|100\/100\n|-enditem|p1b: Flutter Mane|Booster Energy\n|-activate|p1b: Flutter Mane|ability: Protosynthesis|[fromitem]\n|-start|p1b: Flutter Mane|protosynthesisspe\n|-terastallize|p1a: Uncle Lando|Flying\n|move|p2b: Roaring Moon|Earthquake|p1a: Uncle Lando|[spread] p2a,p1b\n|-immune|p1a: Uncle Lando\n|-crit|p2a: Ogerpon\n|-crit|p1b: Flutter Mane\n|-damage|p2a: Ogerpon|19\/100\n|-damage|p1b: Flutter Mane|0 fnt\n|faint|p1b: Flutter Mane\n|-end|p1b: Flutter Mane|Protosynthesis|[silent]\n|move|p1a: Uncle Lando|Tera Blast|p2a: Ogerpon|[anim] Tera Blast Flying\n|-supereffective|p2a: Ogerpon\n|-damage|p2a: Ogerpon|0 fnt\n|faint|p2a: Ogerpon\n|\n|upkeep\n|\n|t:|1700431944\n|switch|p1b: Tera-Ass|Heatran, L50, F|100\/100\n|switch|p2a: Torkoal|Torkoal, L50, M|100\/100\n|-weather|SunnyDay|[from] ability: Drought|[of] p2a: Torkoal\n|-activate|p2b: Roaring Moon|ability: Protosynthesis\n|-start|p2b: Roaring Moon|protosynthesisspe\n|turn|7\n|inactive|Puriner has 30 seconds left.\n|\n|t:|1700431971\n|move|p1b: Tera-Ass|Protect|p1b: Tera-Ass\n|-singleturn|p1b: Tera-Ass|Protect\n|move|p2a: Torkoal|Protect|p2a: Torkoal\n|-singleturn|p2a: Torkoal|Protect\n|move|p2b: Roaring Moon|Earthquake|p1a: Uncle Lando|[spread] \n|-activate|p2a: Torkoal|move: Protect\n|-activate|p1b: Tera-Ass|move: Protect\n|-immune|p1a: Uncle Lando\n|move|p1a: Uncle Lando|Tera Blast|p2b: Roaring Moon|[anim] Tera Blast Flying\n|-damage|p2b: Roaring Moon|18\/100\n|\n|-weather|SunnyDay|[upkeep]\n|upkeep\n|turn|8\n|inactive|Puriner has 30 seconds left.\n|\n|t:|1700432003\n|-terastallize|p2a: Torkoal|Grass\n|move|p1b: Tera-Ass|Protect|p1b: Tera-Ass\n|-singleturn|p1b: Tera-Ass|Protect\n|move|p2b: Roaring Moon|Earthquake|p1a: Uncle Lando|[spread] p2a\n|-activate|p1b: Tera-Ass|move: Protect\n|-immune|p1a: Uncle Lando\n|-resisted|p2a: Torkoal\n|-crit|p2a: Torkoal\n|-damage|p2a: Torkoal|85\/100\n|move|p1a: Uncle Lando|Tera Blast|p2b: Roaring Moon|[anim] Tera Blast Flying\n|-damage|p2b: Roaring Moon|0 fnt\n|faint|p2b: Roaring Moon\n|-end|p2b: Roaring Moon|Protosynthesis|[silent]\n|move|p2a: Torkoal|Solar Beam||[still]\n|-prepare|p2a: Torkoal|Solar Beam\n|-anim|p2a: Torkoal|Solar Beam|p1a: Uncle Lando\n|-resisted|p1a: Uncle Lando\n|-damage|p1a: Uncle Lando|0 fnt\n|faint|p1a: Uncle Lando\n|\n|-weather|SunnyDay|[upkeep]\n|upkeep\n|turn|9\n|\n|t:|1700432024\n|move|p1b: Tera-Ass|Heat Wave|p2a: Torkoal\n|-supereffective|p2a: Torkoal\n|-damage|p2a: Torkoal|0 fnt\n|faint|p2a: Torkoal\n|\n|win|Pink_SSB\n|c|\u2606Puriner|not the double protect\n|c|\u2606Puriner|ggs\n|c|\u2606Pink_SSB|ggs\n|c|\u2606Pink_SSB|srry\n|l| Van. Volcanucks\n","uploadtime":1700432075,"views":5,"p1id":"pinkssb","p2id":"puriner","formatid":"gen9vgc2023regulatione","rating":0,"private":0,"password":""}