{"id":"gen9vgc2023regulatione-1999631630","p1":"slimejrlegit","p2":"norbie7","format":"[Gen 9] VGC 2023 Regulation E","log":"|j|\u2606slimejrlegit\n|j|\u2606norbie7\n|t:|1701102902\n|gametype|doubles\n|player|p1|slimejrlegit|169|1541\n|player|p2|norbie7|steven-masters|1489\n|teamsize|p1|6\n|teamsize|p2|6\n|gen|9\n|tier|[Gen 9] VGC 2023 Regulation E\n|rated|\n|rule|Species Clause: Limit one of each Pok\u00e9mon\n|rule|Item Clause: Limit one of each item\n|clearpoke\n|poke|p1|Armarouge, L50, M|\n|poke|p1|Milotic, L50, M|\n|poke|p1|Regieleki, L50|\n|poke|p1|Enamorus, L50, F|\n|poke|p1|Sneasler, L50, F|\n|poke|p1|Indeedee-F, L50, F|\n|poke|p2|Annihilape, L50, M|\n|poke|p2|Clefairy, L50, M|\n|poke|p2|Ogerpon-Wellspring, L50, F|\n|poke|p2|Iron Bundle, L50|\n|poke|p2|Ting-Lu, L50|\n|poke|p2|Arcanine-Hisui, L50, F|\n|teampreview|4\n|inactive|Battle timer is ON: inactive players will automatically lose when time's up. (requested by norbie7)\n|\n|t:|1701102932\n|start\n|switch|p1a: Indeedee|Indeedee-F, L50, F|100\/100\n|switch|p1b: Armarouge|Armarouge, L50, M|100\/100\n|switch|p2a: Kid Cudgi|Ogerpon-Wellspring, L50, F|100\/100\n|switch|p2b: Daniel|Ting-Lu, L50|100\/100\n|-fieldstart|move: Psychic Terrain|[from] ability: Psychic Surge|[of] p1a: Indeedee\n|-ability|p2b: Daniel|Vessel of Ruin\n|turn|1\n|inactive|slimejrlegit has 30 seconds left.\n|\n|t:|1701102965\n|-terastallize|p2a: Kid Cudgi|Water\n|detailschange|p2a: Kid Cudgi|Ogerpon-Wellspring-Tera, L50, F, tera:Water\n|-ability|p2a: Kid Cudgi|Embody Aspect (Wellspring)|boost\n|-boost|p2a: Kid Cudgi|spd|1\n|move|p1a: Indeedee|Follow Me|p1a: Indeedee\n|-singleturn|p1a: Indeedee|move: Follow Me\n|move|p2a: Kid Cudgi|Swords Dance|p2a: Kid Cudgi\n|-boost|p2a: Kid Cudgi|atk|2\n|move|p1b: Armarouge|Armor Cannon|p2b: Daniel\n|-damage|p2b: Daniel|74\/100\n|-unboost|p1b: Armarouge|def|1\n|-unboost|p1b: Armarouge|spd|1\n|-damage|p1b: Armarouge|91\/100|[from] item: Life Orb\n|move|p2b: Daniel|Snarl|p1b: Armarouge|[spread] p1a,p1b\n|-supereffective|p1a: Indeedee\n|-supereffective|p1b: Armarouge\n|-damage|p1a: Indeedee|89\/100\n|-damage|p1b: Armarouge|59\/100\n|-unboost|p1a: Indeedee|spa|1\n|-unboost|p1b: Armarouge|spa|1\n|\n|upkeep\n|turn|2\n|inactive|norbie7 has 30 seconds left.\n|\n|t:|1701102992\n|switch|p1b: Doja Cat|Enamorus, L50, F|100\/100\n|move|p1a: Indeedee|Follow Me|p1a: Indeedee\n|-singleturn|p1a: Indeedee|move: Follow Me\n|move|p2a: Kid Cudgi|Ivy Cudgel|p1a: Indeedee|[anim] Ivy Cudgel Water\n|-crit|p1a: Indeedee\n|-damage|p1a: Indeedee|0 fnt\n|faint|p1a: Indeedee\n|move|p2b: Daniel|Snarl|p1b: Doja Cat\n|-resisted|p1b: Doja Cat\n|-damage|p1b: Doja Cat|92\/100\n|-boost|p1b: Doja Cat|spa|1\n|\n|upkeep\n|\n|t:|1701103005\n|switch|p1a: Regieleki|Regieleki, L50|100\/100\n|turn|3\n|inactive|norbie7 has 30 seconds left.\n|inactive|norbie7 has 20 seconds left.\n|\n|t:|1701103044\n|-terastallize|p1b: Doja Cat|Fairy\n|move|p2a: Kid Cudgi|Spiky Shield|p2a: Kid Cudgi\n|-singleturn|p2a: Kid Cudgi|move: Protect\n|move|p1a: Regieleki|Eerie Impulse|p1b: Doja Cat\n|-boost|p1b: Doja Cat|spa|2\n|move|p1b: Doja Cat|Dazzling Gleam|p2b: Daniel|[spread] p2b\n|-activate|p2a: Kid Cudgi|move: Protect\n|-supereffective|p2b: Daniel\n|-damage|p2b: Daniel|0 fnt\n|faint|p2b: Daniel\n|\n|upkeep\n|\n|t:|1701103054\n|switch|p2b: Jealous GF|Clefairy, L50, M|100\/100\n|turn|4\n|\n|t:|1701103064\n|move|p2b: Jealous GF|Helping Hand|p2a: Kid Cudgi\n|-singleturn|p2a: Kid Cudgi|Helping Hand|[of] p2b: Jealous GF\n|move|p1a: Regieleki|Electroweb|p2a: Kid Cudgi|[spread] p2a,p2b\n|-supereffective|p2a: Kid Cudgi\n|-damage|p2a: Kid Cudgi|73\/100\n|-damage|p2b: Jealous GF|76\/100\n|-unboost|p2a: Kid Cudgi|spe|1\n|-unboost|p2b: Jealous GF|spe|1\n|move|p1b: Doja Cat|Dazzling Gleam|p2a: Kid Cudgi|[spread] p2a,p2b\n|-damage|p2a: Kid Cudgi|2\/100\n|-damage|p2b: Jealous GF|0 fnt\n|faint|p2b: Jealous GF\n|move|p2a: Kid Cudgi|Ivy Cudgel|p1b: Doja Cat|[anim] Ivy Cudgel Water\n|-damage|p1b: Doja Cat|0 fnt\n|faint|p1b: Doja Cat\n|\n|upkeep\n|\n|t:|1701103075\n|switch|p1b: Armarouge|Armarouge, L50, M|59\/100\n|switch|p2b: Noot|Iron Bundle, L50|100\/100\n|-enditem|p2b: Noot|Booster Energy\n|-activate|p2b: Noot|ability: Quark Drive|[fromitem]\n|-start|p2b: Noot|quarkdrivespe\n|turn|5\n|\n|t:|1701103087\n|move|p2a: Kid Cudgi|Spiky Shield|p2a: Kid Cudgi\n|-singleturn|p2a: Kid Cudgi|move: Protect\n|move|p2b: Noot|Icy Wind|p1a: Regieleki|[spread] p1a,p1b\n|-resisted|p1b: Armarouge\n|-damage|p1a: Regieleki|65\/100\n|-damage|p1b: Armarouge|50\/100\n|-unboost|p1a: Regieleki|spe|1\n|-unboost|p1b: Armarouge|spe|1\n|move|p1a: Regieleki|Electroweb|p2b: Noot|[spread] p2b\n|-activate|p2a: Kid Cudgi|move: Protect\n|-supereffective|p2b: Noot\n|-damage|p2b: Noot|0 fnt\n|faint|p2b: Noot\n|-end|p2b: Noot|Quark Drive|[silent]\n|move|p1b: Armarouge|Expanding Force|p2a: Kid Cudgi\n|-activate|p2a: Kid Cudgi|move: Protect\n|\n|-fieldend|move: Psychic Terrain\n|upkeep\n|turn|6\n|c|\u2606slimejrlegit|Gg\n|-message|norbie7 forfeited.\n|\n|win|slimejrlegit\n|raw|slimejrlegit's rating: 1541 &rarr; <strong>1558<\/strong><br \/>(+17 for winning)\n|raw|norbie7's rating: 1489 &rarr; <strong>1472<\/strong><br \/>(-17 for losing)\n|c|\u2606slimejrlegit|Kid Cudgi\n|l|\u2606norbie7\n","uploadtime":1701103123,"views":1,"p1id":"slimejrlegit","p2id":"norbie7","formatid":"gen9vgc2023regulatione","rating":1472,"private":0,"password":""}