{"id":"gen9vgc2023regulatione-1998213471","p1":"KalsonDragheart","p2":"relobotomy","format":"[Gen 9] VGC 2023 Regulation E","log":"|j|\u2606KalsonDragheart\n|j|\u2606relobotomy\n|t:|1700913806\n|gametype|doubles\n|player|p1|KalsonDragheart|backpacker|1121\n|player|p2|relobotomy|2|1052\n|teamsize|p1|6\n|teamsize|p2|6\n|gen|9\n|tier|[Gen 9] VGC 2023 Regulation E\n|rated|\n|rule|Species Clause: Limit one of each Pok\u00e9mon\n|rule|Item Clause: Limit one of each item\n|clearpoke\n|poke|p1|Infernape, L50, M|\n|poke|p1|Iron Hands, L50|\n|poke|p1|Cresselia, L50, F|\n|poke|p1|Tornadus, L50, M|\n|poke|p1|Urshifu-*, L50, M|\n|poke|p1|Brambleghast, L50, M|\n|poke|p2|Roaring Moon, L50|\n|poke|p2|Landorus-Therian, L50, M|\n|poke|p2|Milotic, L50, M|\n|poke|p2|Iron Hands, L50|\n|poke|p2|Ogerpon-Hearthflame, L50, F|\n|poke|p2|Gholdengo, L50|\n|teampreview|4\n|\n|t:|1700913851\n|start\n|switch|p1a: Infernape|Infernape, L50, M|100\/100\n|switch|p1b: Tornadus|Tornadus, L50, M|100\/100\n|switch|p2a: Landorus|Landorus-Therian, L50, M|100\/100\n|switch|p2b: Roaring Moon|Roaring Moon, L50|100\/100\n|-ability|p2a: Landorus|Intimidate|boost\n|-unboost|p1a: Infernape|atk|1\n|-unboost|p1b: Tornadus|atk|1\n|-enditem|p2b: Roaring Moon|Booster Energy\n|-activate|p2b: Roaring Moon|ability: Protosynthesis|[fromitem]\n|-start|p2b: Roaring Moon|protosynthesisspe\n|turn|1\n|\n|t:|1700913899\n|move|p2b: Roaring Moon|Protect|p2b: Roaring Moon\n|-singleturn|p2b: Roaring Moon|Protect\n|move|p1a: Infernape|Fake Out|p2a: Landorus\n|-damage|p2a: Landorus|91\/100\n|move|p1b: Tornadus|Tailwind|p1b: Tornadus\n|-sidestart|p1: KalsonDragheart|move: Tailwind\n|cant|p2a: Landorus|flinch\n|\n|upkeep\n|turn|2\n|\n|t:|1700913930\n|-end|p2b: Roaring Moon|Protosynthesis|[silent]\n|switch|p2b: Milotic|Milotic, L50, M|100\/100\n|move|p1b: Tornadus|Swagger|p1a: Infernape\n|-boost|p1a: Infernape|atk|2\n|-start|p1a: Infernape|confusion\n|-enditem|p1a: Infernape|Lum Berry|[eat]\n|-end|p1a: Infernape|confusion\n|move|p1a: Infernape|Close Combat|p2b: Milotic\n|-damage|p2b: Milotic|42\/100\n|-unboost|p1a: Infernape|def|1\n|-unboost|p1a: Infernape|spd|1\n|move|p2a: Landorus|Stomping Tantrum|p1a: Infernape\n|-supereffective|p1a: Infernape\n|-damage|p1a: Infernape|0 fnt\n|faint|p1a: Infernape\n|\n|-heal|p2b: Milotic|48\/100|[from] item: Leftovers\n|upkeep\n|\n|t:|1700913947\n|switch|p1a: Brambleghast|Brambleghast, L50, M|100\/100\n|-ability|p1a: Brambleghast|Wind Rider|boost\n|-boost|p1a: Brambleghast|atk|1\n|turn|3\n|\n|t:|1700913978\n|switch|p2a: Ogerpon|Ogerpon-Hearthflame, L50, F|100\/100\n|-ability|p2a: Ogerpon|Mold Breaker\n|move|p1a: Brambleghast|Power Whip|p2b: Milotic\n|-supereffective|p2b: Milotic\n|-damage|p2b: Milotic|0 fnt\n|faint|p2b: Milotic\n|-damage|p1a: Brambleghast|90\/100|[from] item: Life Orb\n|move|p1b: Tornadus|Bleakwind Storm|p2a: Ogerpon\n|-supereffective|p2a: Ogerpon\n|-damage|p2a: Ogerpon|0 fnt\n|faint|p2a: Ogerpon\n|\n|upkeep\n|\n|t:|1700913986\n|switch|p2a: Landorus|Landorus-Therian, L50, M|91\/100\n|switch|p2b: Roaring Moon|Roaring Moon, L50|100\/100\n|-ability|p2a: Landorus|Intimidate|boost\n|-unboost|p1a: Brambleghast|atk|1\n|-unboost|p1b: Tornadus|atk|1\n|turn|4\n|\n|t:|1700914040\n|move|p1a: Brambleghast|Strength Sap|p2b: Roaring Moon\n|-unboost|p2b: Roaring Moon|atk|1\n|-heal|p1a: Brambleghast|100\/100\n|move|p1b: Tornadus|Bleakwind Storm|p2b: Roaring Moon|[spread] p2a\n|-miss|p1b: Tornadus|p2b: Roaring Moon\n|-damage|p2a: Landorus|48\/100\n|move|p2a: Landorus|Rock Slide|p1a: Brambleghast|[spread] p1a,p1b\n|-supereffective|p1b: Tornadus\n|-damage|p1a: Brambleghast|54\/100\n|-damage|p1b: Tornadus|46\/100\n|move|p2b: Roaring Moon|Knock Off|p1a: Brambleghast\n|-supereffective|p1a: Brambleghast\n|-damage|p1a: Brambleghast|0 fnt\n|-enditem|p1a: Brambleghast|Life Orb|[from] move: Knock Off|[of] p2b: Roaring Moon\n|faint|p1a: Brambleghast\n|\n|-sideend|p1: KalsonDragheart|move: Tailwind\n|upkeep\n|\n|t:|1700914056\n|switch|p1a: Iron Hands|Iron Hands, L50|100\/100\n|turn|5\n|\n|t:|1700914089\n|-terastallize|p2b: Roaring Moon|Poison\n|move|p1a: Iron Hands|Fake Out|p2a: Landorus\n|-damage|p2a: Landorus|28\/100\n|cant|p2a: Landorus|flinch\n|move|p2b: Roaring Moon|Breaking Swipe|p1a: Iron Hands|[spread] p1a,p1b\n|-damage|p1a: Iron Hands|90\/100\n|-damage|p1b: Tornadus|24\/100\n|-unboost|p1a: Iron Hands|atk|1\n|-unboost|p1b: Tornadus|atk|1\n|move|p1b: Tornadus|Bleakwind Storm|p2a: Landorus|[spread] p2a,p2b\n|-damage|p2a: Landorus|0 fnt\n|-damage|p2b: Roaring Moon|71\/100\n|faint|p2a: Landorus\n|\n|upkeep\n|turn|6\n|\n|t:|1700914128\n|move|p2b: Roaring Moon|Breaking Swipe|p1b: Tornadus|[spread] p1a,p1b\n|-damage|p1a: Iron Hands|81\/100\n|-damage|p1b: Tornadus|5\/100\n|-unboost|p1a: Iron Hands|atk|1\n|-unboost|p1b: Tornadus|atk|1\n|move|p1b: Tornadus|Bleakwind Storm|p2b: Roaring Moon\n|-damage|p2b: Roaring Moon|31\/100\n|-unboost|p2b: Roaring Moon|spe|1\n|move|p1a: Iron Hands|Wild Charge|p2b: Roaring Moon\n|-damage|p2b: Roaring Moon|1\/100\n|-damage|p1a: Iron Hands|75\/100|[from] Recoil\n|\n|upkeep\n|turn|7\n|\n|t:|1700914148\n|move|p1b: Tornadus|Bleakwind Storm|p2b: Roaring Moon\n|-damage|p2b: Roaring Moon|0 fnt\n|faint|p2b: Roaring Moon\n|-end|p2b: Roaring Moon|Protosynthesis|[silent]\n|\n|win|KalsonDragheart\n|raw|KalsonDragheart's rating: 1121 &rarr; <strong>1141<\/strong><br \/>(+20 for winning)\n|raw|relobotomy's rating: 1052 &rarr; <strong>1038<\/strong><br \/>(-14 for losing)\n|l|\u2606relobotomy\n","uploadtime":1700914264,"views":8,"p1id":"kalsondragheart","p2id":"relobotomy","formatid":"gen9vgc2023regulatione","rating":1038,"private":0,"password":""}