{"id":"gen9vgc2023regulatione-1988398495","p1":"EmbaCade","p2":"CrushRing","format":"[Gen 9] VGC 2023 Regulation E","log":"|j|\u2606EmbaCade\n|j|\u2606CrushRing\n|t:|1699718513\n|gametype|doubles\n|player|p1|EmbaCade|penny|1111\n|player|p2|CrushRing|karen|1147\n|teamsize|p1|6\n|teamsize|p2|6\n|gen|9\n|tier|[Gen 9] VGC 2023 Regulation E\n|rated|\n|rule|Species Clause: Limit one of each Pok\u00e9mon\n|rule|Item Clause: Limit one of each item\n|clearpoke\n|poke|p1|Sylveon, L50, M|\n|poke|p1|Landorus-Therian, L50, M|\n|poke|p1|Ogerpon-Wellspring, L50, F|\n|poke|p1|Chi-Yu, L50|\n|poke|p1|Clefairy, L50, M|\n|poke|p1|Volcarona, L50, M|\n|poke|p2|Arcanine-Hisui, L50, M|\n|poke|p2|Rillaboom, L50, M|\n|poke|p2|Garchomp, L50, M|\n|poke|p2|Milotic, L50, M|\n|poke|p2|Spectrier, L50|\n|poke|p2|Mienshao, L50, F|\n|teampreview|4\n|inactive|Battle timer is ON: inactive players will automatically lose when time's up. (requested by CrushRing)\n|inactive|CrushRing has 60 seconds left.\n|inactive|CrushRing has 30 seconds left.\n|\n|t:|1699718578\n|start\n|switch|p1a: Clefairy|Clefairy, L50, M, shiny|100\/100\n|switch|p1b: Volcarona|Volcarona, L50, M, shiny|100\/100\n|switch|p2a: Milotic|Milotic, L50, M|100\/100\n|switch|p2b: Mienshao|Mienshao, L50, F|100\/100\n|turn|1\n|c|\u2606CrushRing|glhf\n|\n|t:|1699718600\n|move|p1b: Volcarona|Protect|p1b: Volcarona\n|-singleturn|p1b: Volcarona|Protect\n|move|p2b: Mienshao|Knock Off|p1a: Clefairy\n|-resisted|p1a: Clefairy\n|-damage|p1a: Clefairy|89\/100\n|-enditem|p1a: Clefairy|Eviolite|[from] move: Knock Off|[of] p2b: Mienshao\n|move|p2a: Milotic|Icy Wind|p1b: Volcarona|[spread] p1a\n|-activate|p1b: Volcarona|move: Protect\n|-damage|p1a: Clefairy|71\/100\n|-unboost|p1a: Clefairy|spe|1\n|move|p1a: Clefairy|Chilling Water|p2b: Mienshao\n|-damage|p2b: Mienshao|84\/100\n|-unboost|p2b: Mienshao|atk|1\n|\n|upkeep\n|turn|2\n|\n|t:|1699718622\n|move|p1a: Clefairy|Follow Me|p1a: Clefairy\n|-singleturn|p1a: Clefairy|move: Follow Me\n|move|p2b: Mienshao|Knock Off|p1a: Clefairy\n|-resisted|p1a: Clefairy\n|-damage|p1a: Clefairy|63\/100\n|move|p1b: Volcarona|Quiver Dance|p1b: Volcarona\n|-boost|p1b: Volcarona|spa|1\n|-boost|p1b: Volcarona|spd|1\n|-boost|p1b: Volcarona|spe|1\n|move|p2a: Milotic|Scald|p1a: Clefairy\n|-damage|p1a: Clefairy|11\/100\n|-status|p1a: Clefairy|brn\n|\n|-damage|p1a: Clefairy|4\/100 brn|[from] brn\n|upkeep\n|turn|3\n|\n|t:|1699718645\n|switch|p2b: Garchomp|Garchomp, L50, M|100\/100\n|switch|p2a: Rillaboom|Rillaboom, L50, M|100\/100\n|-fieldstart|move: Grassy Terrain|[from] ability: Grassy Surge|[of] p2a: Rillaboom\n|-terastallize|p1b: Volcarona|Dragon\n|move|p1b: Volcarona|Quiver Dance|p1b: Volcarona\n|-boost|p1b: Volcarona|spa|1\n|-boost|p1b: Volcarona|spd|1\n|-boost|p1b: Volcarona|spe|1\n|move|p1a: Clefairy|Chilling Water|p2b: Garchomp\n|-damage|p2b: Garchomp|92\/100\n|\n|-heal|p2b: Garchomp|98\/100|[from] Grassy Terrain\n|-heal|p1a: Clefairy|11\/100 brn|[from] Grassy Terrain\n|-damage|p1a: Clefairy|4\/100 brn|[from] brn\n|upkeep\n|turn|4\n|\n|t:|1699718666\n|move|p1b: Volcarona|Protect|p1b: Volcarona\n|-singleturn|p1b: Volcarona|Protect\n|move|p2a: Rillaboom|Fake Out|p1b: Volcarona\n|-activate|p1b: Volcarona|move: Protect\n|move|p2b: Garchomp|Swords Dance|p2b: Garchomp\n|-boost|p2b: Garchomp|atk|2\n|move|p1a: Clefairy|Chilling Water|p2a: Rillaboom\n|-resisted|p2a: Rillaboom\n|-damage|p2a: Rillaboom|97\/100\n|-unboost|p2a: Rillaboom|atk|1\n|\n|-heal|p2b: Garchomp|100\/100|[from] Grassy Terrain\n|-heal|p2a: Rillaboom|100\/100|[from] Grassy Terrain\n|-heal|p1a: Clefairy|11\/100 brn|[from] Grassy Terrain\n|-damage|p1a: Clefairy|4\/100 brn|[from] brn\n|upkeep\n|turn|5\n|\n|t:|1699718690\n|move|p1a: Clefairy|Follow Me|p1a: Clefairy\n|-singleturn|p1a: Clefairy|move: Follow Me\n|move|p1b: Volcarona|Heat Wave|p2b: Garchomp|[spread] p2a\n|-miss|p1b: Volcarona|p2b: Garchomp\n|-supereffective|p2a: Rillaboom\n|-damage|p2a: Rillaboom|0 fnt\n|faint|p2a: Rillaboom\n|move|p2b: Garchomp|Rock Slide|p1b: Volcarona|[spread] p1a,p1b\n|-damage|p1a: Clefairy|0 fnt\n|-damage|p1b: Volcarona|72\/100\n|faint|p1a: Clefairy\n|\n|-heal|p1b: Volcarona|78\/100|[from] Grassy Terrain\n|-heal|p1b: Volcarona|84\/100|[from] item: Leftovers\n|upkeep\n|\n|t:|1699718706\n|switch|p2a: Mienshao|Mienshao, L50, F|84\/100\n|switch|p1a: Sylveon|Sylveon, L50, M, shiny|100\/100\n|turn|6\n|\n|t:|1699718723\n|-terastallize|p2b: Garchomp|Water\n|move|p1b: Volcarona|Protect|p1b: Volcarona\n|-singleturn|p1b: Volcarona|Protect\n|move|p2a: Mienshao|Fake Out|p1b: Volcarona\n|-activate|p1b: Volcarona|move: Protect\n|move|p2b: Garchomp|Stomping Tantrum|p1b: Volcarona\n|-activate|p1b: Volcarona|move: Protect\n|move|p1a: Sylveon|Psych Up|p1b: Volcarona\n|-copyboost|p1a: Sylveon|p1b: Volcarona|[from] move: Psych Up\n|\n|-heal|p1b: Volcarona|90\/100|[from] Grassy Terrain\n|-heal|p1b: Volcarona|96\/100|[from] item: Leftovers\n|-heal|p2a: Mienshao|90\/100|[from] Grassy Terrain\n|upkeep\n|turn|7\n|inactive|EmbaCade has 30 seconds left.\n|\n|t:|1699718749\n|move|p2a: Mienshao|Protect|p2a: Mienshao\n|-singleturn|p2a: Mienshao|Protect\n|move|p1b: Volcarona|Bug Buzz|p2b: Garchomp\n|-damage|p2b: Garchomp|12\/100\n|move|p1a: Sylveon|Hyper Voice|p2b: Garchomp|[spread] p2b\n|-activate|p2a: Mienshao|move: Protect\n|-damage|p2b: Garchomp|0 fnt\n|faint|p2b: Garchomp\n|-enditem|p1a: Sylveon|Throat Spray\n|-boost|p1a: Sylveon|spa|1|[from] item: Throat Spray\n|\n|-heal|p1b: Volcarona|100\/100|[from] Grassy Terrain\n|-heal|p2a: Mienshao|96\/100|[from] Grassy Terrain\n|-fieldend|move: Grassy Terrain\n|upkeep\n|-message|CrushRing forfeited.\n|\n|win|EmbaCade\n|raw|EmbaCade's rating: 1111 &rarr; <strong>1139<\/strong><br \/>(+28 for winning)\n|raw|CrushRing's rating: 1147 &rarr; <strong>1119<\/strong><br \/>(-28 for losing)\n|l|\u2606CrushRing\n","uploadtime":1699718928,"views":42,"p1id":"embacade","p2id":"crushring","formatid":"gen9vgc2023regulatione","rating":1119,"private":0,"password":""}