{"id":"gen9vgc2023regulatione-1999906618","p1":"Koyigmsh","p2":"lvargas01","format":"[Gen 9] VGC 2023 Regulation E","log":"|j|\u2606Koyigmsh\n|j|\u2606lvargas01\n|n|\u2606Koyigmsh|koyigmsh\n|n|\u2606lvargas01|lvargas01\n|html|View the match progress at <a href=\"\/game-bestof3-gen9vgc2023regulatione-1999903772\">game-bestof3-gen9vgc2023regulatione-1999903772<\/a>\n|t:|1701128609\n|gametype|doubles\n|player|p1|Koyigmsh|cheren-gen5bw2|\n|player|p2|lvargas01|gambler|\n|teamsize|p1|6\n|teamsize|p2|6\n|gen|9\n|tier|[Gen 9] VGC 2023 Regulation E\n|rule|Species Clause: Limit one of each Pok\u00e9mon\n|rule|Item Clause: Limit one of each item\n|clearpoke\n|poke|p1|Flutter Mane, L50|\n|poke|p1|Landorus-Therian, L50, M|\n|poke|p1|Tornadus, L50, M|\n|poke|p1|Urshifu-*, L50, F|\n|poke|p1|Empoleon, L50, F|\n|poke|p1|Rillaboom, L50, F|\n|poke|p2|Kingambit, L50, F|\n|poke|p2|Ogerpon-Wellspring, L50, F|\n|poke|p2|Landorus-Therian, L50, M|\n|poke|p2|Iron Hands, L50|\n|poke|p2|Flutter Mane, L50|\n|poke|p2|Chi-Yu, L50|\n|teampreview|4\n|inactive|Battle timer is ON: inactive players will automatically lose when time's up. (requested by lvargas01)\nlvargas01 has agreed to open team sheets.\n|inactive|lvargas01 has 60 seconds left.\n|\n|t:|1701128659\n|start\n|switch|p1a: Tornadus|Tornadus, L50, M|100\/100\n|switch|p1b: Flutter Mane|Flutter Mane, L50|100\/100\n|switch|p2a: Landorus|Landorus-Therian, L50, M|100\/100\n|switch|p2b: Iron Hands|Iron Hands, L50|100\/100\n|-ability|p2a: Landorus|Intimidate|boost\n|-unboost|p1a: Tornadus|atk|1\n|-unboost|p1b: Flutter Mane|atk|1\n|turn|1\n|inactive|Koyigmsh has 30 seconds left.\n|inactive|lvargas01 has 30 seconds left.\n|inactive|lvargas01 has 20 seconds left.\n|inactive|lvargas01 has 15 seconds left.\n|\n|t:|1701128699\n|-terastallize|p2a: Landorus|Flying\n|move|p2b: Iron Hands|Fake Out|p1a: Tornadus\n|-damage|p1a: Tornadus|87\/100\n|-damage|p2b: Iron Hands|84\/100|[from] item: Rocky Helmet|[of] p1a: Tornadus\n|move|p2a: Landorus|Tera Blast|p1b: Flutter Mane|[anim] Tera Blast Flying\n|-damage|p1b: Flutter Mane|1\/100\n|move|p1b: Flutter Mane|Moonblast|p2b: Iron Hands\n|-supereffective|p2b: Iron Hands\n|-damage|p2b: Iron Hands|10\/100\n|cant|p1a: Tornadus|flinch\n|\n|upkeep\n|turn|2\n|inactive|Koyigmsh has 30 seconds left.\n|inactive|lvargas01 has 30 seconds left.\n|inactive|lvargas01 has 20 seconds left.\n|inactive|lvargas01 has 15 seconds left.\n|\n|t:|1701128742\n|-end|p1b: Flutter Mane|Protosynthesis|[silent]\n|switch|p1b: Landorus|Landorus-Therian, L50, M|100\/100\n|-ability|p1b: Landorus|Intimidate|boost\n|-unboost|p2a: Landorus|atk|1\n|-unboost|p2b: Iron Hands|atk|1\n|move|p2a: Landorus|Tera Blast|p1a: Tornadus|[anim] Tera Blast Flying\n|-damage|p1a: Tornadus|52\/100\n|move|p1a: Tornadus|Bleakwind Storm|p2b: Iron Hands|[spread] p2a,p2b\n|-crit|p2b: Iron Hands\n|-damage|p2a: Landorus|64\/100\n|-damage|p2b: Iron Hands|0 fnt\n|faint|p2b: Iron Hands\n|-end|p2b: Iron Hands|Quark Drive|[silent]\n|\n|upkeep\n|\n|t:|1701128751\n|switch|p2b: Flutter Mane|Flutter Mane, L50|100\/100\n|-enditem|p2b: Flutter Mane|Booster Energy\n|-activate|p2b: Flutter Mane|ability: Protosynthesis|[fromitem]\n|-start|p2b: Flutter Mane|protosynthesisspe\n|turn|3\n|\n|t:|1701128773\n|move|p1a: Tornadus|Tailwind|p1a: Tornadus\n|-sidestart|p1: Koyigmsh|move: Tailwind\n|move|p1b: Landorus|Rock Slide|p2b: Flutter Mane|[spread] p2a,p2b\n|-supereffective|p2a: Landorus\n|-damage|p2a: Landorus|20\/100\n|-damage|p2b: Flutter Mane|62\/100\n|cant|p2b: Flutter Mane|flinch\n|cant|p2a: Landorus|flinch\n|\n|upkeep\n|turn|4\n|\n|t:|1701128795\n|switch|p2a: Ogerpon|Ogerpon-Wellspring, L50, F|100\/100\n|move|p2b: Flutter Mane|Protect|p2b: Flutter Mane\n|-singleturn|p2b: Flutter Mane|Protect\n|move|p1a: Tornadus|Rain Dance|p1a: Tornadus\n|-weather|RainDance\n|move|p1b: Landorus|Rock Slide|p2a: Ogerpon|[spread] p2a\n|-activate|p2b: Flutter Mane|move: Protect\n|-crit|p2a: Ogerpon\n|-damage|p2a: Ogerpon|68\/100\n|\n|-weather|RainDance|[upkeep]\n|upkeep\n|turn|5\n|inactive|lvargas01 has 30 seconds left.\n|\n|t:|1701128823\n|move|p1b: Landorus|Protect|p1b: Landorus\n|-singleturn|p1b: Landorus|Protect\n|move|p2a: Ogerpon|Spiky Shield|p2a: Ogerpon\n|-singleturn|p2a: Ogerpon|move: Protect\n|move|p1a: Tornadus|Bleakwind Storm|p2a: Ogerpon|[spread] p2b\n|-activate|p2a: Ogerpon|move: Protect\n|-damage|p2b: Flutter Mane|31\/100\n|move|p2b: Flutter Mane|Moonblast|p1a: Tornadus\n|-damage|p1a: Tornadus|0 fnt\n|faint|p1a: Tornadus\n|\n|-weather|RainDance|[upkeep]\n|upkeep\n|\n|t:|1701128841\n|switch|p1a: Urshifu|Urshifu-Rapid-Strike, L50, F|100\/100\n|turn|6\n|\n|t:|1701128852\n|-terastallize|p1b: Landorus|Flying\n|move|p2a: Ogerpon|Follow Me|p2a: Ogerpon\n|-singleturn|p2a: Ogerpon|move: Follow Me\n|move|p1a: Urshifu|Aqua Jet|p2a: Ogerpon\n|-heal|p2a: Ogerpon|92\/100|[from] ability: Water Absorb|[of] p1a: Urshifu\n|move|p1b: Landorus|Tera Blast|p2a: Ogerpon|[anim] Tera Blast Flying\n|-supereffective|p2a: Ogerpon\n|-damage|p2a: Ogerpon|0 fnt\n|faint|p2a: Ogerpon\n|move|p2b: Flutter Mane|Moonblast|p1a: Urshifu\n|-supereffective|p1a: Urshifu\n|-damage|p1a: Urshifu|0 fnt\n|faint|p1a: Urshifu\n|\n|-weather|RainDance|[upkeep]\n|-sideend|p1: Koyigmsh|move: Tailwind\n|upkeep\n|\n|t:|1701128870\n|switch|p2a: Landorus|Landorus-Therian, L50, M, tera:Flying|20\/100\n|switch|p1a: Flutter Mane|Flutter Mane, L50|1\/100\n|-ability|p2a: Landorus|Intimidate|boost\n|-unboost|p1a: Flutter Mane|atk|1\n|-unboost|p1b: Landorus|atk|1\n|turn|7\n|\n|t:|1701128886\n|move|p2b: Flutter Mane|Moonblast|p1b: Landorus\n|-damage|p1b: Landorus|42\/100\n|-enditem|p1b: Landorus|Sitrus Berry|[eat]\n|-heal|p1b: Landorus|67\/100|[from] item: Sitrus Berry\n|move|p2a: Landorus|Rock Slide|p1b: Landorus|[spread] p1a,p1b\n|-supereffective|p1b: Landorus\n|-damage|p1a: Flutter Mane|0 fnt\n|-damage|p1b: Landorus|20\/100\n|faint|p1a: Flutter Mane\n|-end|p1a: Flutter Mane|Protosynthesis|[silent]\n|move|p1b: Landorus|Rock Slide|p2a: Landorus|[spread] p2a,p2b\n|-supereffective|p2a: Landorus\n|-crit|p2b: Flutter Mane\n|-damage|p2a: Landorus|0 fnt\n|-damage|p2b: Flutter Mane|0 fnt\n|faint|p2a: Landorus\n|faint|p2b: Flutter Mane\n|-end|p2b: Flutter Mane|Protosynthesis|[silent]\n|\n|win|Koyigmsh\n|inactive|Koyigmsh has 50 seconds to confirm battle start!\n|inactive|lvargas01 has 50 seconds to confirm battle start!\n|c|&|\/uhtml prompt-lvargas01,lvargas01 is ready for game 3!\n|inactive|Koyigmsh has 40 seconds to confirm battle start!\n|c|&|\/uhtml prompt-koyigmsh,Koyigmsh is ready for game 3!\nBoth players are ready! Starting next match!\n|l|\u2606Koyigmsh\n","uploadtime":1701129435,"views":3,"p1id":"koyigmsh","p2id":"lvargas01","formatid":"gen9vgc2023regulatione","rating":0,"private":0,"password":""}