{"id":"gen9vgc2023regulatione-1990375764","p1":"ammoooonn","p2":"flotandocomoespuma","format":"[Gen 9] VGC 2023 Regulation E","log":"|j|\u2606ammoooonn\n|j|\u2606flotandocomoespuma\n|t:|1699964089\n|gametype|doubles\n|player|p1|ammoooonn|hilda-wonderlauncher|1381\n|player|p2|flotandocomoespuma|clown|1556\n|teamsize|p1|6\n|teamsize|p2|6\n|gen|9\n|tier|[Gen 9] VGC 2023 Regulation E\n|rated|\n|rule|Species Clause: Limit one of each Pok\u00e9mon\n|rule|Item Clause: Limit one of each item\n|clearpoke\n|poke|p1|Dondozo, L50, F|\n|poke|p1|Tatsugiri, L50, F|\n|poke|p1|Glimmora, L50, M|\n|poke|p1|Flutter Mane, L50|\n|poke|p1|Heatran, L50, M|\n|poke|p1|Rillaboom, L50, F|\n|poke|p2|Oranguru, L50, M|\n|poke|p2|Ursaluna-Bloodmoon, L50, M|\n|poke|p2|Iron Hands, L50|\n|poke|p2|Amoonguss, L50, M|\n|poke|p2|Roaring Moon, L50|\n|poke|p2|Landorus-Therian, L50, M|\n|teampreview|4\n|\n|t:|1699964101\n|start\n|switch|p1a: Glimmora|Glimmora, L50, M|100\/100\n|switch|p1b: Flutter Mane|Flutter Mane, L50|100\/100\n|switch|p2a: Oranguru|Oranguru, L50, M|100\/100\n|switch|p2b: Ursaluna|Ursaluna-Bloodmoon, L50, M|100\/100\n|turn|1\n|\n|t:|1699964129\n|-terastallize|p2b: Ursaluna|Normal\n|move|p1a: Glimmora|Spiky Shield|p1a: Glimmora\n|-singleturn|p1a: Glimmora|move: Protect\n|move|p1b: Flutter Mane|Moonblast|p2b: Ursaluna\n|-damage|p2b: Ursaluna|24\/100\n|-unboost|p2b: Ursaluna|spa|1\n|move|p2b: Ursaluna|Hyper Voice|p1a: Glimmora|[spread] p1b\n|-activate|p1a: Glimmora|move: Protect\n|-damage|p1b: Flutter Mane|66\/100\n|-enditem|p2b: Ursaluna|Throat Spray\n|-boost|p2b: Ursaluna|spa|1|[from] item: Throat Spray\n|move|p2a: Oranguru|Trick Room|p2a: Oranguru\n|-fieldstart|move: Trick Room|[of] p2a: Oranguru\n|\n|upkeep\n|turn|2\n|\n|t:|1699964166\n|move|p2b: Ursaluna|Blood Moon|p1b: Flutter Mane\n|-damage|p1b: Flutter Mane|0 fnt\n|faint|p1b: Flutter Mane\n|-end|p1b: Flutter Mane|Protosynthesis|[silent]\n|move|p2a: Oranguru|Encore|p1a: Glimmora\n|-start|p1a: Glimmora|Encore\n|move|p1a: Glimmora|Spiky Shield||[still]\n|-fail|p1a: Glimmora\n|\n|upkeep\n|\n|t:|1699964176\n|switch|p1b: Dondozo|Dondozo, L50, F|100\/100\n|turn|3\n|\n|t:|1699964189\n|switch|p1a: Tatsugiri|Tatsugiri, L50, F|100\/100\n|-activate|p1a: Tatsugiri|ability: Commander|[of] p1b: Dondozo\n|-boost|p1b: Dondozo|atk|2\n|-boost|p1b: Dondozo|spa|2\n|-boost|p1b: Dondozo|spe|2\n|-boost|p1b: Dondozo|def|2\n|-boost|p1b: Dondozo|spd|2\n|move|p2b: Ursaluna|Protect|p2b: Ursaluna\n|-singleturn|p2b: Ursaluna|Protect\n|move|p2a: Oranguru|Yawn|p1b: Dondozo\n|-start|p1b: Dondozo|move: Yawn|[of] p2a: Oranguru\n|move|p1b: Dondozo|Earthquake|p2b: Ursaluna|[spread] p2a\n|-miss|p1b: Dondozo|p1a: Tatsugiri\n|-activate|p2b: Ursaluna|move: Protect\n|-damage|p2a: Oranguru|68\/100\n|\n|upkeep\n|turn|4\n|\n|t:|1699964211\n|move|p2b: Ursaluna|Hyper Voice|p1a: Tatsugiri|[spread] p1b\n|-miss|p2b: Ursaluna|p1a: Tatsugiri\n|-damage|p1b: Dondozo|82\/100\n|move|p2a: Oranguru|Instruct|p2b: Ursaluna\n|-singleturn|p2b: Ursaluna|move: Instruct|[of] p2a: Oranguru\n|move|p2b: Ursaluna|Hyper Voice|p1b: Dondozo|[spread] p1b\n|-miss|p2b: Ursaluna|p1a: Tatsugiri\n|-crit|p1b: Dondozo\n|-damage|p1b: Dondozo|24\/100\n|move|p1b: Dondozo|Earthquake|p2b: Ursaluna|[spread] p2a,p2b\n|-miss|p1b: Dondozo|p1a: Tatsugiri\n|-damage|p2a: Oranguru|36\/100\n|-damage|p2b: Ursaluna|0 fnt\n|faint|p2b: Ursaluna\n|\n|-heal|p1b: Dondozo|30\/100|[from] item: Leftovers\n|-end|p1b: Dondozo|move: Yawn|[silent]\n|-status|p1b: Dondozo|slp\n|upkeep\n|\n|t:|1699964224\n|switch|p2b: Iron SenZ|Iron Hands, L50, shiny|100\/100\n|turn|5\n|\n|t:|1699964231\n|move|p2b: Iron SenZ|Wild Charge|p1b: Dondozo\n|-supereffective|p1b: Dondozo\n|-damage|p1b: Dondozo|0 fnt\n|faint|p1b: Dondozo\n|-damage|p2b: Iron SenZ|93\/100|[from] Recoil\n|move|p2a: Oranguru|Instruct|p2b: Iron SenZ\n|-singleturn|p2b: Iron SenZ|move: Instruct|[of] p2a: Oranguru\n|move|p2b: Iron SenZ|Wild Charge|p1a: Tatsugiri\n|-damage|p1a: Tatsugiri|3\/100\n|-damage|p2b: Iron SenZ|79\/100|[from] Recoil\n|\n|-fieldend|move: Trick Room\n|upkeep\n|\n|t:|1699964242\n|switch|p1b: Glimmora|Glimmora, L50, M|100\/100\n|turn|6\n|\n|t:|1699964262\n|-terastallize|p1b: Glimmora|Grass\n|move|p1a: Tatsugiri|Draco Meteor|p2b: Iron SenZ\n|-damage|p2b: Iron SenZ|49\/100\n|-unboost|p1a: Tatsugiri|spa|2\n|move|p1b: Glimmora|Earth Power|p2a: Oranguru\n|-damage|p2a: Oranguru|8\/100\n|move|p2a: Oranguru|Yawn|p1b: Glimmora\n|-start|p1b: Glimmora|move: Yawn|[of] p2a: Oranguru\n|move|p2b: Iron SenZ|Drain Punch|p1a: Tatsugiri\n|-damage|p1a: Tatsugiri|0 fnt\n|-heal|p2b: Iron SenZ|49\/100|[from] drain|[of] p1a: Tatsugiri\n|faint|p1a: Tatsugiri\n|\n|upkeep\n|turn|7\n|\n|t:|1699964289\n|move|p1b: Glimmora|Earth Power|p2b: Iron SenZ\n|-supereffective|p2b: Iron SenZ\n|-crit|p2b: Iron SenZ\n|-damage|p2b: Iron SenZ|0 fnt\n|faint|p2b: Iron SenZ\n|-end|p2b: Iron SenZ|Quark Drive|[silent]\n|move|p2a: Oranguru|Trick Room|p2a: Oranguru\n|-fieldstart|move: Trick Room|[of] p2a: Oranguru\n|\n|-end|p1b: Glimmora|move: Yawn|[silent]\n|-status|p1b: Glimmora|slp\n|upkeep\n|\n|t:|1699964296\n|switch|p2b: Amoonguss|Amoonguss, L50, M|100\/100\n|turn|8\n|\n|t:|1699964309\n|move|p2b: Amoonguss|Pollen Puff|p1b: Glimmora\n|-supereffective|p1b: Glimmora\n|-damage|p1b: Glimmora|51\/100 slp\n|move|p2a: Oranguru|Instruct|p2b: Amoonguss\n|-singleturn|p2b: Amoonguss|move: Instruct|[of] p2a: Oranguru\n|move|p2b: Amoonguss|Pollen Puff|p1b: Glimmora\n|-supereffective|p1b: Glimmora\n|-damage|p1b: Glimmora|6\/100 slp\n|cant|p1b: Glimmora|slp\n|\n|upkeep\n|turn|9\n|\n|t:|1699964325\n|move|p2b: Amoonguss|Pollen Puff|p1b: Glimmora\n|-supereffective|p1b: Glimmora\n|-damage|p1b: Glimmora|0 fnt\n|faint|p1b: Glimmora\n|\n|win|flotandocomoespuma\n|raw|ammoooonn's rating: 1381 &rarr; <strong>1370<\/strong><br \/>(-11 for losing)\n|raw|flotandocomoespuma's rating: 1556 &rarr; <strong>1567<\/strong><br \/>(+11 for winning)\n","uploadtime":1699964336,"views":8,"p1id":"ammoooonn","p2id":"flotandocomoespuma","formatid":"gen9vgc2023regulatione","rating":1370,"private":0,"password":""}