{"id":"gen9vgc2023regulatione-1995680935","p1":"Mo mo 15","p2":"CrashedFile","format":"[Gen 9] VGC 2023 Regulation E","log":"|j|\u2606Mo mo 15\n|j|\u2606CrashedFile\n|t:|1700593437\n|gametype|doubles\n|player|p1|Mo mo 15|red|1146\n|player|p2|CrashedFile|waiter-gen4dp|1120\n|teamsize|p1|6\n|teamsize|p2|6\n|gen|9\n|tier|[Gen 9] VGC 2023 Regulation E\n|rated|\n|rule|Species Clause: Limit one of each Pok\u00e9mon\n|rule|Item Clause: Limit one of each item\n|clearpoke\n|poke|p1|Iron Bundle, L50|\n|poke|p1|Talonflame, L50, F|\n|poke|p1|Flutter Mane, L50|\n|poke|p1|Cresselia, L50, F|\n|poke|p1|Tyranitar, L50, M|\n|poke|p1|Iron Hands, L50|\n|poke|p2|Scizor, L50, F|\n|poke|p2|Gastrodon, L50, F|\n|poke|p2|Sneasler, L50, M|\n|poke|p2|Pincurchin, L50, F|\n|poke|p2|Raichu-Alola, L50, F|\n|poke|p2|Arcanine, L50, M|\n|teampreview|4\n|inactive|Battle timer is ON: inactive players will automatically lose when time's up. (requested by CrashedFile)\n|inactive|CrashedFile has 60 seconds left.\n|\n|t:|1700593472\n|start\n|switch|p1a: Talonflame|Talonflame, L50, F|100\/100\n|switch|p1b: Iron Bundle|Iron Bundle, L50|100\/100\n|switch|p2a: Arcanine|Arcanine, L50, M|100\/100\n|switch|p2b: Scizor|Scizor, L50, F|100\/100\n|-ability|p2a: Arcanine|Intimidate|boost\n|-unboost|p1a: Talonflame|atk|1\n|-unboost|p1b: Iron Bundle|atk|1\n|-enditem|p1b: Iron Bundle|Booster Energy\n|-activate|p1b: Iron Bundle|ability: Quark Drive|[fromitem]\n|-start|p1b: Iron Bundle|quarkdrivespe\n|turn|1\n|\n|t:|1700593483\n|-terastallize|p2b: Scizor|Fire\n|move|p2a: Arcanine|Helping Hand|p2b: Scizor\n|-singleturn|p2b: Scizor|Helping Hand|[of] p2a: Arcanine\n|move|p2b: Scizor|Bullet Punch|p1b: Iron Bundle\n|-damage|p1b: Iron Bundle|46\/100\n|move|p1b: Iron Bundle|Water Pulse|p2a: Arcanine\n|-supereffective|p2a: Arcanine\n|-damage|p2a: Arcanine|19\/100\n|-enditem|p2a: Arcanine|Aguav Berry|[eat]\n|-heal|p2a: Arcanine|53\/100|[from] item: Aguav Berry\n|move|p1a: Talonflame|Flare Blitz|p2b: Scizor\n|-resisted|p2b: Scizor\n|-damage|p2b: Scizor|81\/100\n|-damage|p1a: Talonflame|95\/100|[from] Recoil\n|\n|upkeep\n|turn|2\n|inactive|CrashedFile has 30 seconds left.\n|\n|t:|1700593511\n|move|p1b: Iron Bundle|Protect|p1b: Iron Bundle\n|-singleturn|p1b: Iron Bundle|Protect\n|move|p2a: Arcanine|Extreme Speed|p1b: Iron Bundle\n|-activate|p1b: Iron Bundle|move: Protect\n|move|p1a: Talonflame|Brave Bird|p2a: Arcanine\n|-damage|p2a: Arcanine|16\/100\n|-damage|p1a: Talonflame|82\/100|[from] Recoil\n|move|p2b: Scizor|Knock Off|p1a: Talonflame\n|-damage|p1a: Talonflame|29\/100\n|-enditem|p1a: Talonflame|Focus Sash|[from] move: Knock Off|[of] p2b: Scizor\n|\n|upkeep\n|turn|3\n|inactive|Mo mo 15 has 30 seconds left.\n|inactive|CrashedFile has 30 seconds left.\n|\n|t:|1700593541\n|move|p2a: Arcanine|Helping Hand|p2b: Scizor\n|-singleturn|p2b: Scizor|Helping Hand|[of] p2a: Arcanine\n|move|p2b: Scizor|Bullet Punch|p1b: Iron Bundle\n|-damage|p1b: Iron Bundle|0 fnt\n|faint|p1b: Iron Bundle\n|-end|p1b: Iron Bundle|Quark Drive|[silent]\n|move|p1a: Talonflame|Brave Bird|p2a: Arcanine\n|-damage|p2a: Arcanine|0 fnt\n|faint|p2a: Arcanine\n|-damage|p1a: Talonflame|23\/100|[from] Recoil\n|\n|upkeep\n|\n|t:|1700593550\n|switch|p1b: Tyranitar|Tyranitar, L50, M|100\/100\n|switch|p2a: Pincurchin|Pincurchin, L50, F|100\/100\n|-weather|Sandstorm|[from] ability: Sand Stream|[of] p1b: Tyranitar\n|-fieldstart|move: Electric Terrain|[from] ability: Electric Surge|[of] p2a: Pincurchin\n|turn|4\n|\n|t:|1700593570\n|move|p1a: Talonflame|Protect|p1a: Talonflame\n|-singleturn|p1a: Talonflame|Protect\n|move|p2b: Scizor|Trailblaze|p1b: Tyranitar\n|-supereffective|p1b: Tyranitar\n|-damage|p1b: Tyranitar|56\/100\n|-boost|p2b: Scizor|spe|1\n|-enditem|p1b: Tyranitar|Weakness Policy\n|-boost|p1b: Tyranitar|atk|2|[from] item: Weakness Policy\n|-boost|p1b: Tyranitar|spa|2|[from] item: Weakness Policy\n|move|p1b: Tyranitar|Rock Slide|p2a: Pincurchin|[spread] \n|-miss|p1b: Tyranitar|p2a: Pincurchin\n|-miss|p1b: Tyranitar|p2b: Scizor\n|move|p2a: Pincurchin|Thunderbolt|p1a: Talonflame\n|-activate|p1a: Talonflame|move: Protect\n|\n|-weather|Sandstorm|[upkeep]\n|-damage|p1a: Talonflame|17\/100|[from] Sandstorm\n|-damage|p2b: Scizor|75\/100|[from] Sandstorm\n|-damage|p2a: Pincurchin|95\/100|[from] Sandstorm\n|upkeep\n|turn|5\n|inactive|Mo mo 15 has 30 seconds left.\n|inactive|CrashedFile has 30 seconds left.\n|inactive|Mo mo 15 has 20 seconds left.\n|inactive|CrashedFile has 20 seconds left.\n|inactive|Mo mo 15 has 15 seconds left.\n|inactive|CrashedFile has 15 seconds left.\n|\n|t:|1700593613\n|-terastallize|p1b: Tyranitar|Psychic\n|move|p1a: Talonflame|Tailwind|p1a: Talonflame\n|-sidestart|p1: Mo mo 15|move: Tailwind\n|move|p2b: Scizor|U-turn|p1b: Tyranitar\n|-supereffective|p1b: Tyranitar\n|-crit|p1b: Tyranitar\n|-damage|p1b: Tyranitar|0 fnt\n|faint|p1b: Tyranitar\n|\n|t:|1700593621\n|switch|p2b: Gastrodon|Gastrodon, L50, F|100\/100|[from] U-turn\n|move|p2a: Pincurchin|Thunderbolt|p1a: Talonflame\n|-supereffective|p1a: Talonflame\n|-damage|p1a: Talonflame|0 fnt\n|faint|p1a: Talonflame\n|\n|-weather|Sandstorm|[upkeep]\n|-damage|p2a: Pincurchin|89\/100|[from] Sandstorm\n|upkeep\n|n|!Mo mo 15|momo15\n|-message|Mo mo 15 forfeited.\n|\n|win|CrashedFile\n|raw|Mo mo 15's rating: 1146 &rarr; <strong>1119<\/strong><br \/>(-27 for losing)\n|raw|CrashedFile's rating: 1120 &rarr; <strong>1147<\/strong><br \/>(+27 for winning)\n","uploadtime":1700593632,"views":0,"p1id":"momo15","p2id":"crashedfile","formatid":"gen9vgc2023regulatione","rating":1119,"private":0,"password":""}