{"id":"gen9vgc2023regulatione-1989151715","p1":"ToastedArt","p2":"Granny Pie","format":"[Gen 9] VGC 2023 Regulation E","log":"|j|\u2606ToastedArt\n|j|\u2606Granny Pie\n|n|\u2606ToastedArt|toastedart\n|n|\u2606Granny Pie|grannypie\n|html|View the match progress at <a href=\"\/game-bestof3-gen9vgc2023regulatione-1989149993\">game-bestof3-gen9vgc2023regulatione-1989149993<\/a>\n|t:|1699817725\n|gametype|doubles\n|player|p1|ToastedArt|iris|\n|player|p2|Granny Pie|zinnia|\n|teamsize|p1|6\n|teamsize|p2|6\n|gen|9\n|tier|[Gen 9] VGC 2023 Regulation E\n|rule|Species Clause: Limit one of each Pok\u00e9mon\n|rule|Item Clause: Limit one of each item\n|clearpoke\n|poke|p1|Weezing, L50, M|\n|poke|p1|Landorus-Therian, L50, M|\n|poke|p1|Ogerpon, L50, F|\n|poke|p1|Roaring Moon, L50|\n|poke|p1|Gholdengo, L50|\n|poke|p1|Iron Hands, L50|\n|poke|p2|Dondozo, L50, M|\n|poke|p2|Tatsugiri, L50, M|\n|poke|p2|Iron Bundle, L50|\n|poke|p2|Cresselia, L50, F|\n|poke|p2|Regieleki, L50|\n|poke|p2|Ogerpon-Hearthflame, L50, F|\n|teampreview|4\nToastedArt has agreed to open team sheets.\n|\n|t:|1699817746\n|start\n|switch|p1a: Gholdengo|Gholdengo, L50|100\/100\n|switch|p1b: Iron Hands|Iron Hands, L50|100\/100\n|switch|p2a: Iron Santa|Iron Bundle, L50|100\/100\n|switch|p2b: Bonk|Ogerpon-Hearthflame, L50, F|100\/100\n|-ability|p2b: Bonk|Mold Breaker\n|-enditem|p2a: Iron Santa|Booster Energy\n|-activate|p2a: Iron Santa|ability: Quark Drive|[fromitem]\n|-start|p2a: Iron Santa|quarkdrivespe\n|turn|1\n|\n|t:|1699817787\n|switch|p1a: Roaring Moon|Roaring Moon, L50|100\/100\n|-enditem|p1a: Roaring Moon|Booster Energy\n|-activate|p1a: Roaring Moon|ability: Protosynthesis|[fromitem]\n|-start|p1a: Roaring Moon|protosynthesisspe\n|-terastallize|p2b: Bonk|Fire\n|detailschange|p2b: Bonk|Ogerpon-Hearthflame-Tera, L50, F, tera:Fire\n|-ability|p2b: Bonk|Embody Aspect (Hearthflame)|boost\n|-boost|p2b: Bonk|atk|1\n|move|p2a: Iron Santa|Taunt|p1a: Roaring Moon\n|-start|p1a: Roaring Moon|move: Taunt\n|move|p2b: Bonk|Ivy Cudgel|p1a: Roaring Moon\n|-resisted|p1a: Roaring Moon\n|-damage|p1a: Roaring Moon|34\/100\n|move|p1b: Iron Hands|Drain Punch|p2a: Iron Santa\n|-supereffective|p2a: Iron Santa\n|-damage|p2a: Iron Santa|3\/100\n|\n|upkeep\n|turn|2\n|\n|t:|1699817819\n|-terastallize|p1b: Iron Hands|Fire\n|move|p2a: Iron Santa|Freeze-Dry|p1a: Roaring Moon\n|-supereffective|p1a: Roaring Moon\n|-damage|p1a: Roaring Moon|0 fnt\n|faint|p1a: Roaring Moon\n|-end|p1a: Roaring Moon|Protosynthesis|[silent]\n|move|p2b: Bonk|Swords Dance|p2b: Bonk\n|-boost|p2b: Bonk|atk|2\n|move|p1b: Iron Hands|Wild Charge|p2b: Bonk\n|-damage|p2b: Bonk|47\/100\n|-damage|p1b: Iron Hands|91\/100|[from] Recoil\n|\n|upkeep\n|\n|t:|1699817834\n|switch|p1a: Weezing|Weezing, L50, M|100\/100\n|-ability|p1a: Weezing|Neutralizing Gas\n|turn|3\n|\n|t:|1699817855\n|move|p2a: Iron Santa|Freeze-Dry|p1a: Weezing\n|-damage|p1a: Weezing|62\/100\n|move|p2b: Bonk|Ivy Cudgel|p1a: Weezing\n|-damage|p1a: Weezing|0 fnt\n|faint|p1a: Weezing\n|-end|p1a: Weezing|ability: Neutralizing Gas\n|-ability|p2b: Bonk|Embody Aspect (Hearthflame)|boost\n|-boost|p2b: Bonk|atk|1\n|move|p1b: Iron Hands|Drain Punch|p2b: Bonk\n|-damage|p2b: Bonk|1\/100\n|-heal|p1b: Iron Hands|100\/100|[from] drain|[of] p2b: Bonk\n|\n|upkeep\n|\n|t:|1699817866\n|switch|p1a: Gholdengo|Gholdengo, L50|100\/100\n|turn|4\n|c|\u2606ToastedArt|A LOW ROLL NOOO\n|\n|t:|1699817883\n|move|p2a: Iron Santa|Protect|p2a: Iron Santa\n|-singleturn|p2a: Iron Santa|Protect\n|move|p2b: Bonk|Spiky Shield|p2b: Bonk\n|-singleturn|p2b: Bonk|move: Protect\n|move|p1a: Gholdengo|Nasty Plot|p1a: Gholdengo\n|-boost|p1a: Gholdengo|spa|2\n|move|p1b: Iron Hands|Drain Punch|p2b: Bonk\n|-activate|p2b: Bonk|move: Protect\n|-damage|p1b: Iron Hands|88\/100|[from] Spiky Shield|[of] p2b: Bonk\n|\n|upkeep\n|turn|5\n|\n|t:|1699817899\n|move|p1a: Gholdengo|Protect|p1a: Gholdengo\n|-singleturn|p1a: Gholdengo|Protect\n|move|p2a: Iron Santa|Taunt|p1a: Gholdengo\n|-activate|p1a: Gholdengo|move: Protect\n|move|p2b: Bonk|Ivy Cudgel|p1a: Gholdengo\n|-activate|p1a: Gholdengo|move: Protect\n|move|p1b: Iron Hands|Drain Punch|p2b: Bonk\n|-damage|p2b: Bonk|0 fnt\n|-heal|p1b: Iron Hands|89\/100|[from] drain|[of] p2b: Bonk\n|faint|p2b: Bonk\n|\n|upkeep\n|\n|t:|1699817905\n|switch|p2b: Regiice|Regieleki, L50|100\/100\n|turn|6\n|\n|t:|1699817923\n|move|p2a: Iron Santa|Freeze-Dry|p1a: Gholdengo\n|-resisted|p1a: Gholdengo\n|-damage|p1a: Gholdengo|84\/100\n|move|p2b: Regiice|Thunderbolt|p1a: Gholdengo\n|-damage|p1a: Gholdengo|39\/100\n|move|p1a: Gholdengo|Make It Rain|p2a: Iron Santa|[spread] p2a,p2b\n|-resisted|p2b: Regiice\n|-damage|p2a: Iron Santa|0 fnt\n|-enditem|p2b: Regiice|Focus Sash\n|-damage|p2b: Regiice|1\/100\n|-unboost|p1a: Gholdengo|spa|1\n|faint|p2a: Iron Santa\n|-end|p2a: Iron Santa|Quark Drive|[silent]\n|-damage|p1a: Gholdengo|29\/100|[from] item: Life Orb\n|move|p1b: Iron Hands|Drain Punch|p2b: Regiice\n|-damage|p2b: Regiice|0 fnt\n|-heal|p1b: Iron Hands|89\/100|[from] drain|[of] p2b: Regiice\n|faint|p2b: Regiice\n|\n|upkeep\n|\n|t:|1699817929\n|switch|p2b: Moon Duck|Cresselia, L50, F|100\/100\n|turn|7\n|\n|t:|1699817946\n|move|p1a: Gholdengo|Shadow Ball|p2b: Moon Duck\n|-supereffective|p2b: Moon Duck\n|-damage|p2b: Moon Duck|3\/100\n|-damage|p1a: Gholdengo|19\/100|[from] item: Life Orb\n|move|p2b: Moon Duck|Psychic|p1a: Gholdengo\n|-resisted|p1a: Gholdengo\n|-damage|p1a: Gholdengo|9\/100\n|move|p1b: Iron Hands|Wild Charge|p2b: Moon Duck\n|-damage|p2b: Moon Duck|0 fnt\n|faint|p2b: Moon Duck\n|-damage|p1b: Iron Hands|88\/100|[from] Recoil\n|\n|win|ToastedArt\n|c|\u2606Granny Pie|Who plots there beo\n|c|\u2606Granny Pie|Bro\n|c|\u2606ToastedArt|ME\n|l|\u2606Granny Pie\n|c|\u2606ToastedArt|you wanted to bait out protect\n","uploadtime":1699817978,"views":9,"p1id":"toastedart","p2id":"grannypie","formatid":"gen9vgc2023regulatione","rating":0,"private":0,"password":""}