{"id":"gen9vgc2023regulatione-1992075705","p1":"notnamedthough123","p2":"PizzaTimeJoshua","format":"[Gen 9] VGC 2023 Regulation E","log":"|j|\u2606notnamedthough123\n|j|\u2606PizzaTimeJoshua\n|t:|1700153022\n|gametype|doubles\n|player|p1|notnamedthough123|whitney|1268\n|player|p2|PizzaTimeJoshua|scientist|1291\n|teamsize|p1|6\n|teamsize|p2|6\n|gen|9\n|tier|[Gen 9] VGC 2023 Regulation E\n|rated|\n|rule|Species Clause: Limit one of each Pok\u00e9mon\n|rule|Item Clause: Limit one of each item\n|clearpoke\n|poke|p1|Gholdengo, L50|\n|poke|p1|Iron Hands, L50|\n|poke|p1|Amoonguss, L50, F|\n|poke|p1|Iron Bundle, L50|\n|poke|p1|Pelipper, L50, F|\n|poke|p1|Salamence, L50, M|\n|poke|p2|Zoroark-Hisui, L50, F|\n|poke|p2|Munchlax, L50, M|\n|poke|p2|Pikachu, L50, M|\n|poke|p2|Rillaboom, L50, M|\n|poke|p2|Urshifu-*, L50, M|\n|poke|p2|Sinistcha, L50|\n|teampreview|4\nnotnamedthough123 has agreed to open team sheets.\n|inactive|Battle timer is ON: inactive players will automatically lose when time's up. (requested by notnamedthough123)\n|\n|t:|1700153059\n|start\n|switch|p1a: Amoonguss|Amoonguss, L50, F|100\/100\n|switch|p1b: Iron Bundle|Iron Bundle, L50|100\/100\n|switch|p2a: Pikachu|Pikachu, L50, M|100\/100\n|switch|p2b: Munchlax|Munchlax, L50, M|100\/100\n|-enditem|p1b: Iron Bundle|Booster Energy\n|-activate|p1b: Iron Bundle|ability: Quark Drive|[fromitem]\n|-start|p1b: Iron Bundle|quarkdrivespe\n|turn|1\n|\n|t:|1700153076\n|move|p1b: Iron Bundle|Protect|p1b: Iron Bundle\n|-singleturn|p1b: Iron Bundle|Protect\n|move|p2a: Pikachu|Fake Out|p1a: Amoonguss\n|-damage|p1a: Amoonguss|89\/100\n|cant|p1a: Amoonguss|flinch\n|move|p2b: Munchlax|Belly Drum|p2b: Munchlax\n|-damage|p2b: Munchlax|50\/100\n|-setboost|p2b: Munchlax|atk|6|[from] move: Belly Drum\n|\n|upkeep\n|turn|2\n|inactive|notnamedthough123 has 30 seconds left.\n|inactive|PizzaTimeJoshua has 30 seconds left.\n|\n|t:|1700153105\n|-terastallize|p1b: Iron Bundle|Ghost\n|move|p2b: Munchlax|Protect|p2b: Munchlax\n|-singleturn|p2b: Munchlax|Protect\n|move|p1b: Iron Bundle|Icy Wind|p2a: Pikachu|[spread] p2a\n|-activate|p2b: Munchlax|move: Protect\n|-damage|p2a: Pikachu|48\/100\n|-unboost|p2a: Pikachu|spe|1\n|move|p2a: Pikachu|Volt Switch|p1b: Iron Bundle\n|-damage|p1b: Iron Bundle|62\/100\n|\n|t:|1700153117\n|switch|p2a: Sinistcha|Sinistcha, L50, shiny|100\/100|[from] Volt Switch\n|-heal|p2b: Munchlax|75\/100|[from] ability: Hospitality|[of] p2a: Sinistcha\n|move|p1a: Amoonguss|Spore|p2b: Munchlax\n|-activate|p2b: Munchlax|move: Protect\n|\n|upkeep\n|turn|3\n|c|\u2606notnamedthough123|munchlax just so slow :(\n|inactive|PizzaTimeJoshua has 30 seconds left.\n|\n|t:|1700153151\n|move|p1b: Iron Bundle|Icy Wind|p2b: Munchlax|[spread] p2a,p2b\n|-supereffective|p2a: Sinistcha\n|-crit|p2b: Munchlax\n|-damage|p2a: Sinistcha|70\/100\n|-damage|p2b: Munchlax|67\/100\n|-unboost|p2a: Sinistcha|spe|1\n|-unboost|p2b: Munchlax|spe|1\n|move|p1a: Amoonguss|Spore|p2b: Munchlax\n|-status|p2b: Munchlax|slp|[from] move: Spore\n|cant|p2b: Munchlax|slp\n|move|p2a: Sinistcha|Trick Room|p2a: Sinistcha\n|-fieldstart|move: Trick Room|[of] p2a: Sinistcha\n|\n|upkeep\n|turn|4\n|inactive|notnamedthough123 has 30 seconds left.\n|\n|t:|1700153181\n|cant|p2b: Munchlax|slp\n|move|p2a: Sinistcha|Matcha Gotcha|p1b: Iron Bundle|[spread] p1a,p1b\n|-resisted|p1a: Amoonguss\n|-damage|p1a: Amoonguss|83\/100\n|-heal|p2a: Sinistcha|74\/100|[from] drain|[of] p1a: Amoonguss\n|-damage|p1b: Iron Bundle|26\/100\n|-heal|p2a: Sinistcha|90\/100|[from] drain|[of] p1b: Iron Bundle\n|move|p1a: Amoonguss|Pollen Puff|p1b: Iron Bundle\n|-heal|p1b: Iron Bundle|76\/100\n|move|p1b: Iron Bundle|Freeze-Dry|p2b: Munchlax\n|-damage|p2b: Munchlax|58\/100 slp\n|\n|upkeep\n|turn|5\n|c|\u2606notnamedthough123|9% lol\n|c|\u2606PizzaTimeJoshua|big damage lol\n|inactive|notnamedthough123 has 30 seconds left.\n|inactive|notnamedthough123 has 20 seconds left.\n|c|\u2606notnamedthough123|we need a long sleep\n|inactive|notnamedthough123 has 15 seconds left.\n|inactive|notnamedthough123 has 10 seconds left.\n|\n|t:|1700153227\n|cant|p2b: Munchlax|slp\n|move|p2a: Sinistcha|Life Dew|p2a: Sinistcha|[spread] p2a,p2b\n|-heal|p2a: Sinistcha|100\/100\n|-heal|p2b: Munchlax|83\/100 slp\n|move|p1a: Amoonguss|Pollen Puff|p2a: Sinistcha\n|-damage|p2a: Sinistcha|83\/100\n|move|p1b: Iron Bundle|Freeze-Dry|p2a: Sinistcha\n|-supereffective|p2a: Sinistcha\n|-damage|p2a: Sinistcha|24\/100\n|\n|upkeep\n|turn|6\n|inactive|notnamedthough123 has 30 seconds left.\n|inactive|PizzaTimeJoshua has 30 seconds left.\n|\n|t:|1700153260\n|-terastallize|p2b: Munchlax|Ground\n|-curestatus|p2b: Munchlax|slp|[msg]\n|move|p2b: Munchlax|Stomping Tantrum|p1b: Iron Bundle\n|-damage|p1b: Iron Bundle|0 fnt\n|faint|p1b: Iron Bundle\n|-end|p1b: Iron Bundle|Quark Drive|[silent]\n|move|p2a: Sinistcha|Life Dew|p2a: Sinistcha|[spread] p2a,p2b\n|-heal|p2a: Sinistcha|49\/100\n|-heal|p2b: Munchlax|100\/100\n|move|p1a: Amoonguss|Spore|p2b: Munchlax\n|-status|p2b: Munchlax|slp|[from] move: Spore\n|\n|upkeep\n|\n|t:|1700153278\n|switch|p1b: Salamence|Salamence, L50, M|100\/100\n|-ability|p1b: Salamence|Intimidate|boost\n|-unboost|p2a: Sinistcha|atk|1\n|-unboost|p2b: Munchlax|atk|1\n|turn|7\n|inactive|notnamedthough123 has 30 seconds left.\n|\n|t:|1700153311\n|cant|p2b: Munchlax|slp\n|move|p2a: Sinistcha|Life Dew||[still]|[spread] p2a,p2b\n|-heal|p2a: Sinistcha|74\/100\n|-fail|p2b: Munchlax|heal\n|move|p1a: Amoonguss|Pollen Puff|p2a: Sinistcha\n|-damage|p2a: Sinistcha|57\/100\n|move|p1b: Salamence|Air Slash|p2a: Sinistcha\n|-supereffective|p2a: Sinistcha\n|-damage|p2a: Sinistcha|0 fnt\n|faint|p2a: Sinistcha\n|\n|-fieldend|move: Trick Room\n|upkeep\n|\n|t:|1700153329\n|switch|p2a: Pikachu|Pikachu, L50, M|48\/100\n|turn|8\n|\n|t:|1700153339\n|switch|p1b: Gholdengo|Gholdengo, L50|100\/100\n|move|p2a: Pikachu|Fake Out|p1a: Amoonguss\n|-damage|p1a: Amoonguss|70\/100\n|cant|p1a: Amoonguss|flinch\n|cant|p2b: Munchlax|slp\n|\n|upkeep\n|turn|9\n|inactive|notnamedthough123 has 30 seconds left.\n|inactive|notnamedthough123 has 20 seconds left.\n|inactive|notnamedthough123 has 15 seconds left.\n|\n|t:|1700153382\n|switch|p1a: Salamence|Salamence, L50, M|100\/100\n|-ability|p1a: Salamence|Intimidate|boost\n|-unboost|p2a: Pikachu|atk|1\n|-unboost|p2b: Munchlax|atk|1\n|move|p2a: Pikachu|Volt Tackle|p1b: Gholdengo\n|-damage|p1b: Gholdengo|53\/100\n|-damage|p2a: Pikachu|21\/100|[from] Recoil\n|move|p1b: Gholdengo|Nasty Plot|p1b: Gholdengo\n|-boost|p1b: Gholdengo|spa|2\n|-curestatus|p2b: Munchlax|slp|[msg]\n|move|p2b: Munchlax|Last Resort|p1a: Salamence\n|-damage|p1a: Salamence|0 fnt\n|faint|p1a: Salamence\n|\n|-heal|p1b: Gholdengo|59\/100|[from] item: Leftovers\n|upkeep\n|inactive|notnamedthough123 has 30 seconds left.\n|\n|t:|1700153407\n|switch|p1a: Amoonguss|Amoonguss, L50, F|100\/100\n|turn|10\n|\n|t:|1700153421\n|switch|p2a: Pikachu|Pikachu, L50, M|100\/100\n|move|p1b: Gholdengo|Protect|p1b: Gholdengo\n|-singleturn|p1b: Gholdengo|Protect\n|move|p2b: Munchlax|Protect|p2b: Munchlax\n|-singleturn|p2b: Munchlax|Protect\n|move|p1a: Amoonguss|Spore|p2a: Pikachu\n|-status|p2a: Pikachu|slp|[from] move: Spore\n|\n|-heal|p1b: Gholdengo|65\/100|[from] item: Leftovers\n|upkeep\n|turn|11\n|inactive|notnamedthough123 has 30 seconds left.\n|inactive|notnamedthough123 has 20 seconds left.\n|inactive|notnamedthough123 has 15 seconds left.\n|inactive|notnamedthough123 has 10 seconds left.\n|\n|t:|1700153467\n|cant|p2a: Pikachu|slp\n|move|p1b: Gholdengo|Make It Rain|p2a: Pikachu|[spread] p2a,p2b\n|-damage|p2a: Pikachu|0 fnt\n|-damage|p2b: Munchlax|49\/100\n|-unboost|p1b: Gholdengo|spa|1\n|replace|p2a: Zoroark|Zoroark-Hisui, L50, F\n|-end|p2a: Zoroark|Illusion\n|faint|p2a: Zoroark\n|move|p1a: Amoonguss|Spore|p2b: Munchlax\n|-status|p2b: Munchlax|slp|[from] move: Spore\n|cant|p2b: Munchlax|slp\n|\n|-heal|p1b: Gholdengo|71\/100|[from] item: Leftovers\n|upkeep\n|\n|t:|1700153477\n|switch|p2a: Pikachu|Pikachu, L50, M|21\/100\n|turn|12\n|inactive|notnamedthough123 has 30 seconds left.\n|inactive|PizzaTimeJoshua has 30 seconds left.\n|\n|t:|1700153515\n|move|p2a: Pikachu|Volt Tackle|p1b: Gholdengo\n|-damage|p1b: Gholdengo|0 fnt\n|faint|p1b: Gholdengo\n|-damage|p2a: Pikachu|0 fnt|[from] Recoil\n|faint|p2a: Pikachu\n|move|p1a: Amoonguss|Spore|p2b: Munchlax\n|-fail|p2b: Munchlax|slp\n|-curestatus|p2b: Munchlax|slp|[msg]\n|move|p2b: Munchlax|Last Resort|p1a: Amoonguss\n|-damage|p1a: Amoonguss|10\/100\n|-enditem|p1a: Amoonguss|Sitrus Berry|[eat]\n|-heal|p1a: Amoonguss|35\/100|[from] item: Sitrus Berry\n|\n|upkeep\n|turn|13\n|c|\u2606notnamedthough123|it didnt do that much before\n|c|\u2606notnamedthough123|wtf lol\n|c|\u2606PizzaTimeJoshua|caused intimidate\n|c|\u2606PizzaTimeJoshua|fram salamence\n|c|\u2606notnamedthough123|man\n|inactive|notnamedthough123 has 30 seconds left.\n|inactive|PizzaTimeJoshua has 30 seconds left.\n|c|\u2606notnamedthough123|its such a long game\n|c|\u2606notnamedthough123|im tired\n|\n|t:|1700153549\n|move|p1a: Amoonguss|Spore|p2b: Munchlax\n|-status|p2b: Munchlax|slp|[from] move: Spore\n|cant|p2b: Munchlax|slp\n|\n|upkeep\n|turn|14\n|c|\u2606notnamedthough123|long sleep time for the fourth time\n|inactive|notnamedthough123 has 30 seconds left.\n|c|\u2606PizzaTimeJoshua|sleepy game lol\n|\n|t:|1700153563\n|move|p1a: Amoonguss|Pollen Puff|p2b: Munchlax\n|-damage|p2b: Munchlax|38\/100 slp\n|cant|p2b: Munchlax|slp\n|\n|upkeep\n|turn|15\n|inactive|notnamedthough123 has 30 seconds left this turn.\n|c|\u2606notnamedthough123|i need max sleep\n|inactive|notnamedthough123 has 20 seconds left.\n|c|\u2606notnamedthough123|sucks\n|inactive|notnamedthough123 has 15 seconds left.\n|inactive|notnamedthough123 has 10 seconds left.\n|c|\u2606notnamedthough123|protect spore on the turn gholdengo died would win\n|\n|t:|1700153587\n|move|p1a: Amoonguss|Pollen Puff|p2b: Munchlax\n|-damage|p2b: Munchlax|27\/100 slp\n|-curestatus|p2b: Munchlax|slp|[msg]\n|move|p2b: Munchlax|Last Resort|p1a: Amoonguss\n|-damage|p1a: Amoonguss|0 fnt\n|faint|p1a: Amoonguss\n|\n|win|PizzaTimeJoshua\n|inactive|notnamedthough123 has 10 seconds left this turn.\n|raw|notnamedthough123's rating: 1268 &rarr; <strong>1245<\/strong><br \/>(-23 for losing)\n|raw|PizzaTimeJoshua's rating: 1291 &rarr; <strong>1314<\/strong><br \/>(+23 for winning)\n|c|\u2606PizzaTimeJoshua|gg\n|l|\u2606notnamedthough123\n","uploadtime":1700153612,"views":39,"p1id":"notnamedthough123","p2id":"pizzatimejoshua","formatid":"gen9vgc2023regulatione","rating":1245,"private":0,"password":""}