{"id":"gen9vgc2023regulatione-1998626350","p1":"xomni","p2":"Spyro776","format":"[Gen 9] VGC 2023 Regulation E","log":"|j|\u2606xomni\n|j|\u2606Spyro776\n|t:|1700964619\n|gametype|doubles\n|player|p1|xomni|hilbert|1321\n|player|p2|Spyro776|steven|1323\n|teamsize|p1|6\n|teamsize|p2|6\n|gen|9\n|tier|[Gen 9] VGC 2023 Regulation E\n|rated|\n|rule|Species Clause: Limit one of each Pok\u00e9mon\n|rule|Item Clause: Limit one of each item\n|clearpoke\n|poke|p1|Roaring Moon, L50|\n|poke|p1|Flutter Mane, L50|\n|poke|p1|Heatran, L50, M|\n|poke|p1|Farigiraf, L50, M|\n|poke|p1|Regidrago, L50|\n|poke|p1|Urshifu-*, L50, M|\n|poke|p2|Ogerpon-Hearthflame, L50, F|\n|poke|p2|Iron Hands, L50|\n|poke|p2|Roaring Moon, L50|\n|poke|p2|Tornadus, L50, M|\n|poke|p2|Chi-Yu, L50|\n|poke|p2|Flutter Mane, L50|\n|teampreview|4\nSpyro776 has agreed to open team sheets.\nxomni has agreed to open team sheets.\n|inactive|Battle timer is ON: inactive players will automatically lose when time's up. (requested by Spyro776)\n|\n|t:|1700964711\n|start\n|switch|p1a: Roaring Moon|Roaring Moon, L50|100\/100\n|switch|p1b: Flutter Mane|Flutter Mane, L50|100\/100\n|switch|p2a: Iron Hands|Iron Hands, L50|100\/100\n|switch|p2b: Tornadus|Tornadus, L50, M|100\/100\n|-enditem|p1a: Roaring Moon|Booster Energy\n|-activate|p1a: Roaring Moon|ability: Protosynthesis|[fromitem]\n|-start|p1a: Roaring Moon|protosynthesisspe\n|turn|1\n|\n|t:|1700964726\n|-end|p1b: Flutter Mane|Protosynthesis|[silent]\n|switch|p1b: Heatran|Heatran, L50, M|100\/100\n|move|p2b: Tornadus|Tailwind|p2b: Tornadus\n|-sidestart|p2: Spyro776|move: Tailwind\n|move|p1a: Roaring Moon|Tailwind|p1a: Roaring Moon\n|-sidestart|p1: xomni|move: Tailwind\n|move|p2a: Iron Hands|Heavy Slam|p1a: Roaring Moon\n|-damage|p1a: Roaring Moon|81\/100\n|\n|upkeep\n|turn|2\n|c|\u2606Spyro776|i misclicked\n|inactive|xomni has 30 seconds left.\n|inactive|Spyro776 has 30 seconds left.\n|\n|t:|1700964756\n|-terastallize|p1b: Heatran|Fairy\n|move|p1a: Roaring Moon|Sunny Day|p1a: Roaring Moon\n|-weather|SunnyDay\n|move|p2b: Tornadus|Bleakwind Storm|p1a: Roaring Moon|[spread] \n|-miss|p2b: Tornadus|p1a: Roaring Moon\n|-miss|p2b: Tornadus|p1b: Heatran\n|move|p1b: Heatran|Heat Wave|p2b: Tornadus|[spread] p2a,p2b\n|-damage|p2a: Iron Hands|71\/100\n|-damage|p2b: Tornadus|47\/100\n|move|p2a: Iron Hands|Drain Punch|p1b: Heatran\n|-resisted|p1b: Heatran\n|-damage|p1b: Heatran|83\/100\n|-heal|p2a: Iron Hands|78\/100|[from] drain|[of] p1b: Heatran\n|\n|-weather|SunnyDay|[upkeep]\n|upkeep\n|turn|3\n|c|\u2606Spyro776|i am going to fling myself off of a cliff\n|inactive|Spyro776 has 30 seconds left.\n|\n|t:|1700964786\n|move|p1a: Roaring Moon|Knock Off|p2a: Iron Hands\n|-resisted|p2a: Iron Hands\n|-damage|p2a: Iron Hands|59\/100\n|-enditem|p2a: Iron Hands|Assault Vest|[from] move: Knock Off|[of] p1a: Roaring Moon\n|move|p2b: Tornadus|Bleakwind Storm|p1b: Heatran|[spread] p1a,p1b\n|-damage|p1a: Roaring Moon|50\/100\n|-damage|p1b: Heatran|65\/100\n|-unboost|p1a: Roaring Moon|spe|1\n|-unboost|p1b: Heatran|spe|1\n|move|p2a: Iron Hands|Heavy Slam|p1b: Heatran\n|-supereffective|p1b: Heatran\n|-damage|p1b: Heatran|37\/100\n|move|p1b: Heatran|Tera Blast|p2a: Iron Hands|[anim] Tera Blast Fairy\n|-supereffective|p2a: Iron Hands\n|-damage|p2a: Iron Hands|0 fnt\n|faint|p2a: Iron Hands\n|-end|p2a: Iron Hands|Quark Drive|[silent]\n|\n|-weather|SunnyDay|[upkeep]\n|upkeep\n|\n|t:|1700964810\n|switch|p2a: Ogerpon|Ogerpon-Hearthflame, L50, F|100\/100\n|-ability|p2a: Ogerpon|Mold Breaker\n|turn|4\n|inactive|xomni has 30 seconds left.\n|inactive|Spyro776 has 30 seconds left.\n|\n|t:|1700964838\n|switch|p1b: Regidrago|Regidrago, L50|100\/100\n|move|p1a: Roaring Moon|Breaking Swipe|p2a: Ogerpon|[spread] p2a,p2b\n|-damage|p2a: Ogerpon|70\/100\n|-damage|p2b: Tornadus|18\/100\n|-unboost|p2a: Ogerpon|atk|1\n|-unboost|p2b: Tornadus|atk|1\n|move|p2a: Ogerpon|Ivy Cudgel|p1b: Regidrago|[anim] Ivy Cudgel Fire\n|-resisted|p1b: Regidrago\n|-damage|p1b: Regidrago|71\/100\n|move|p2b: Tornadus|Bleakwind Storm|p1b: Regidrago|[spread] p1a,p1b\n|-damage|p1a: Roaring Moon|19\/100\n|-damage|p1b: Regidrago|33\/100\n|-unboost|p1b: Regidrago|spe|1\n|\n|-weather|SunnyDay|[upkeep]\n|-sideend|p2: Spyro776|move: Tailwind\n|-sideend|p1: xomni|move: Tailwind\n|upkeep\n|turn|5\n|\n|t:|1700964860\n|move|p1b: Regidrago|Protect|p1b: Regidrago\n|-singleturn|p1b: Regidrago|Protect\n|move|p2b: Tornadus|Tailwind|p2b: Tornadus\n|-sidestart|p2: Spyro776|move: Tailwind\n|move|p2a: Ogerpon|Knock Off|p1b: Regidrago\n|-activate|p1b: Regidrago|move: Protect\n|move|p1a: Roaring Moon|Tailwind|p1a: Roaring Moon\n|-sidestart|p1: xomni|move: Tailwind\n|\n|-weather|SunnyDay|[upkeep]\n|upkeep\n|turn|6\n|\n|t:|1700964884\n|switch|p1b: Heatran|Heatran, L50, M, tera:Fairy|37\/100\n|move|p1a: Roaring Moon|Breaking Swipe|p2a: Ogerpon|[spread] p2a,p2b\n|-damage|p2a: Ogerpon|35\/100\n|-damage|p2b: Tornadus|0 fnt\n|-unboost|p2a: Ogerpon|atk|1\n|faint|p2b: Tornadus\n|move|p2a: Ogerpon|Knock Off|p1b: Heatran\n|-resisted|p1b: Heatran\n|-damage|p1b: Heatran|28\/100\n|-enditem|p1b: Heatran|Assault Vest|[from] move: Knock Off|[of] p2a: Ogerpon\n|\n|-weather|none\n|upkeep\n|\n|t:|1700964895\n|switch|p2b: Flutter Mane|Flutter Mane, L50|100\/100\n|turn|7\n|inactive|xomni has 30 seconds left.\n|\n|t:|1700964929\n|switch|p1b: Regidrago|Regidrago, L50|33\/100\n|-terastallize|p2b: Flutter Mane|Fairy\n|move|p1a: Roaring Moon|Knock Off|p2a: Ogerpon\n|-damage|p2a: Ogerpon|0 fnt\n|faint|p2a: Ogerpon\n|move|p2b: Flutter Mane|Dazzling Gleam|p1a: Roaring Moon|[spread] p1a,p1b\n|-supereffective|p1a: Roaring Moon\n|-crit|p1a: Roaring Moon\n|-supereffective|p1b: Regidrago\n|-damage|p1a: Roaring Moon|0 fnt\n|-damage|p1b: Regidrago|0 fnt\n|faint|p1a: Roaring Moon\n|-end|p1a: Roaring Moon|Protosynthesis|[silent]\n|faint|p1b: Regidrago\n|\n|upkeep\n|\n|t:|1700964940\n|switch|p1a: Flutter Mane|Flutter Mane, L50|100\/100\n|switch|p1b: Heatran|Heatran, L50, M, tera:Fairy|28\/100\n|turn|8\n|\n|t:|1700964950\n|move|p1a: Flutter Mane|Moonblast|p2b: Flutter Mane\n|-damage|p2b: Flutter Mane|20\/100\n|move|p2b: Flutter Mane|Dazzling Gleam|p1b: Heatran|[spread] p1a,p1b\n|-crit|p1b: Heatran\n|-damage|p1a: Flutter Mane|39\/100\n|-damage|p1b: Heatran|0 fnt\n|faint|p1b: Heatran\n|\n|-sideend|p2: Spyro776|move: Tailwind\n|-sideend|p1: xomni|move: Tailwind\n|upkeep\n|turn|9\n|\n|t:|1700964960\n|move|p1a: Flutter Mane|Moonblast|p2b: Flutter Mane\n|-crit|p2b: Flutter Mane\n|-damage|p2b: Flutter Mane|0 fnt\n|faint|p2b: Flutter Mane\n|-end|p2b: Flutter Mane|Protosynthesis|[silent]\n|\n|win|xomni\n|raw|xomni's rating: 1321 &rarr; <strong>1341<\/strong><br \/>(+20 for winning)\n|raw|Spyro776's rating: 1323 &rarr; <strong>1303<\/strong><br \/>(-20 for losing)\n|c|\u2606xomni|gg\n|c|\u2606Spyro776|gg\n|c|\u2606Spyro776|wp\n","uploadtime":1700964972,"views":2,"p1id":"xomni","p2id":"spyro776","formatid":"gen9vgc2023regulatione","rating":1303,"private":0,"password":""}