{"id":"gen9vgc2023regulatione-1989098833","p1":"mattun","p2":"Profily","format":"[Gen 9] VGC 2023 Regulation E","log":"|j|\u2606mattun\n|j|\u2606Profily\n|t:|1699812013\n|gametype|doubles\n|player|p1|mattun|2|1519\n|player|p2|Profily|hilbert|1517\n|teamsize|p1|6\n|teamsize|p2|6\n|gen|9\n|tier|[Gen 9] VGC 2023 Regulation E\n|rated|\n|rule|Species Clause: Limit one of each Pok\u00e9mon\n|rule|Item Clause: Limit one of each item\n|clearpoke\n|poke|p1|Tornadus, L50, M|\n|poke|p1|Armarouge, L50, F|\n|poke|p1|Urshifu-*, L50, M|\n|poke|p1|Indeedee-F, L50, F|\n|poke|p1|Chien-Pao, L50|\n|poke|p1|Sneasler, L50, F|\n|poke|p2|Spinarak, L50, M|\n|poke|p2|Tatsugiri-Droopy, L50, M|\n|poke|p2|Arcanine-Hisui, L50, M|\n|poke|p2|Lurantis, L50, F|\n|poke|p2|Armarouge, L50, M|\n|poke|p2|Farigiraf, L50, M|\n|teampreview|4\n|inactive|Battle timer is ON: inactive players will automatically lose when time's up. (requested by Profily)\n|inactive|mattun has 60 seconds left.\n|inactive|Profily has 60 seconds left.\n|\n|t:|1699812071\n|start\n|switch|p1a: Chien-Pao|Chien-Pao, L50|100\/100\n|switch|p1b: Sneasler|Sneasler, L50, F|100\/100\n|switch|p2a: Farigiraf|Farigiraf, L50, M|100\/100\n|switch|p2b: Arcanine|Arcanine-Hisui, L50, M|100\/100\n|-ability|p2b: Arcanine|Intimidate|boost\n|-unboost|p1a: Chien-Pao|atk|1\n|-unboost|p1b: Sneasler|atk|1\n|-ability|p1a: Chien-Pao|Sword of Ruin\n|turn|1\n|\n|t:|1699812085\n|-terastallize|p2b: Arcanine|Ghost\n|move|p2b: Arcanine|Rock Slide|p1b: Sneasler|[spread] p1a,p1b\n|-supereffective|p1a: Chien-Pao\n|-resisted|p1b: Sneasler\n|-damage|p1a: Chien-Pao|15\/100\n|-damage|p1b: Sneasler|67\/100\n|move|p1a: Chien-Pao|Lash Out|p2a: Farigiraf\n|-supereffective|p2a: Farigiraf\n|-enditem|p2a: Farigiraf|Focus Sash\n|-damage|p2a: Farigiraf|1\/100\n|move|p1b: Sneasler|Dire Claw|p2a: Farigiraf\n|-damage|p2a: Farigiraf|0 fnt\n|faint|p2a: Farigiraf\n|\n|upkeep\n|\n|t:|1699812097\n|switch|p2a: Armarouge|Armarouge, L50, M|100\/100\n|turn|2\n|\n|t:|1699812111\n|switch|p2b: Tatsugiri|Tatsugiri-Droopy, L50, M|100\/100\n|switch|p1a: Indeedee|Indeedee-F, L50, F|100\/100\n|-fieldstart|move: Psychic Terrain|[from] ability: Psychic Surge|[of] p1a: Indeedee\n|-enditem|p1b: Sneasler|Psychic Seed\n|-boost|p1b: Sneasler|spd|1|[from] item: Psychic Seed\n|move|p1b: Sneasler|Rock Slide|p2a: Armarouge|[spread] p2a,p2b\n|-supereffective|p2a: Armarouge\n|-crit|p2b: Tatsugiri\n|-damage|p2a: Armarouge|72\/100\n|-damage|p2b: Tatsugiri|55\/100\n|move|p2a: Armarouge|Trick Room|p2a: Armarouge\n|-fieldstart|move: Trick Room|[of] p2a: Armarouge\n|\n|-heal|p2b: Tatsugiri|60\/100|[from] item: Leftovers\n|upkeep\n|turn|3\n|inactive|mattun has 30 seconds left.\n|\n|t:|1699812138\n|move|p1b: Sneasler|Protect|p1b: Sneasler\n|-singleturn|p1b: Sneasler|Protect\n|move|p2a: Armarouge|Heat Wave|p1a: Indeedee|[spread] p1a\n|-activate|p1b: Sneasler|move: Protect\n|-damage|p1a: Indeedee|60\/100\n|move|p2b: Tatsugiri|Muddy Water|p1a: Indeedee|[spread] p1a\n|-activate|p1b: Sneasler|move: Protect\n|-damage|p1a: Indeedee|26\/100\n|move|p1a: Indeedee|Trick Room|p1a: Indeedee\n|-fieldend|move: Trick Room\n|\n|-heal|p2b: Tatsugiri|66\/100|[from] item: Leftovers\n|upkeep\n|turn|4\n|\n|t:|1699812155\n|-terastallize|p1b: Sneasler|Rock\n|move|p1a: Indeedee|Helping Hand|p1b: Sneasler\n|-singleturn|p1b: Sneasler|Helping Hand|[of] p1a: Indeedee\n|move|p1b: Sneasler|Rock Slide|p2b: Tatsugiri|[spread] p2a,p2b\n|-supereffective|p2a: Armarouge\n|-damage|p2a: Armarouge|13\/100\n|-damage|p2b: Tatsugiri|14\/100\n|cant|p2b: Tatsugiri|flinch\n|move|p2a: Armarouge|Trick Room|p2a: Armarouge\n|-fieldstart|move: Trick Room|[of] p2a: Armarouge\n|\n|-heal|p2b: Tatsugiri|20\/100|[from] item: Leftovers\n|upkeep\n|turn|5\n|\n|t:|1699812175\n|move|p1b: Sneasler|Protect|p1b: Sneasler\n|-singleturn|p1b: Sneasler|Protect\n|move|p2a: Armarouge|Heat Wave|p1b: Sneasler|[spread] p1a\n|-activate|p1b: Sneasler|move: Protect\n|-damage|p1a: Indeedee|0 fnt\n|faint|p1a: Indeedee\n|move|p2b: Tatsugiri|Muddy Water|p1b: Sneasler\n|-activate|p1b: Sneasler|move: Protect\n|\n|-heal|p2b: Tatsugiri|26\/100|[from] item: Leftovers\n|upkeep\n|\n|t:|1699812194\n|switch|p1a: Chien-Pao|Chien-Pao, L50|15\/100\n|-ability|p1a: Chien-Pao|Sword of Ruin\n|turn|6\n|\n|t:|1699812211\n|switch|p1b: Urshifu|Urshifu-Rapid-Strike, L50, M|100\/100\n|move|p1a: Chien-Pao|Protect|p1a: Chien-Pao\n|-singleturn|p1a: Chien-Pao|Protect\n|move|p2a: Armarouge|Heat Wave|p1b: Urshifu|[spread] p1b\n|-activate|p1a: Chien-Pao|move: Protect\n|-resisted|p1b: Urshifu\n|-damage|p1b: Urshifu|70\/100\n|move|p2b: Tatsugiri|Muddy Water|p1a: Chien-Pao|[spread] p1b\n|-activate|p1a: Chien-Pao|move: Protect\n|-resisted|p1b: Urshifu\n|-damage|p1b: Urshifu|43\/100\n|\n|-heal|p2b: Tatsugiri|31\/100|[from] item: Leftovers\n|-fieldend|move: Psychic Terrain\n|upkeep\n|turn|7\n|inactive|mattun has 30 seconds left.\n|\n|t:|1699812241\n|move|p2a: Armarouge|Heat Wave|p1a: Chien-Pao|[spread] p1a,p1b\n|-supereffective|p1a: Chien-Pao\n|-resisted|p1b: Urshifu\n|-damage|p1a: Chien-Pao|0 fnt\n|-damage|p1b: Urshifu|15\/100\n|faint|p1a: Chien-Pao\n|move|p2b: Tatsugiri|Substitute|p2b: Tatsugiri\n|-start|p2b: Tatsugiri|Substitute\n|-damage|p2b: Tatsugiri|7\/100\n|move|p1b: Urshifu|U-turn|p2b: Tatsugiri\n|-end|p2b: Tatsugiri|Substitute\n|\n|t:|1699812244\n|switch|p1b: Sneasler|Sneasler, L50, F, tera:Rock|67\/100|[from] U-turn\n|\n|-heal|p2b: Tatsugiri|12\/100|[from] item: Leftovers\n|upkeep\n|\n|t:|1699812247\n|switch|p1a: Urshifu|Urshifu-Rapid-Strike, L50, M|15\/100\n|turn|8\n|\n|t:|1699812262\n|switch|p2a: Arcanine|Arcanine-Hisui, L50, M, tera:Ghost|100\/100\n|-ability|p2a: Arcanine|Intimidate|boost\n|-unboost|p1a: Urshifu|atk|1\n|-unboost|p1b: Sneasler|atk|1\n|move|p1b: Sneasler|Protect|p1b: Sneasler\n|-singleturn|p1b: Sneasler|Protect\n|move|p2b: Tatsugiri|Muddy Water|p1b: Sneasler|[spread] p1a\n|-activate|p1b: Sneasler|move: Protect\n|-resisted|p1a: Urshifu\n|-crit|p1a: Urshifu\n|-damage|p1a: Urshifu|0 fnt\n|faint|p1a: Urshifu\n|\n|-heal|p2b: Tatsugiri|18\/100|[from] item: Leftovers\n|-fieldend|move: Trick Room\n|upkeep\n|turn|9\n|\n|t:|1699812271\n|move|p2a: Arcanine|Close Combat|p1b: Sneasler\n|-supereffective|p1b: Sneasler\n|-damage|p1b: Sneasler|0 fnt\n|-unboost|p2a: Arcanine|def|1\n|-unboost|p2a: Arcanine|spd|1\n|faint|p1b: Sneasler\n|\n|win|Profily\n|raw|mattun's rating: 1519 &rarr; <strong>1499<\/strong><br \/>(-20 for losing)\n|raw|Profily's rating: 1517 &rarr; <strong>1537<\/strong><br \/>(+20 for winning)\n","uploadtime":1699812274,"views":13,"p1id":"mattun","p2id":"profily","formatid":"gen9vgc2023regulatione","rating":1499,"private":0,"password":""}