{"id":"gen9vgc2023regulatione-1998235464","p1":"MorganNotsoFreeman","p2":"CalmRosie","format":"[Gen 9] VGC 2023 Regulation E","log":"|j|\u2606MorganNotsoFreeman\n|j|\u2606CalmRosie\n|t:|1700917503\n|gametype|doubles\n|player|p1|MorganNotsoFreeman|lucas|1362\n|player|p2|CalmRosie|aromalady|1344\n|teamsize|p1|6\n|teamsize|p2|6\n|gen|9\n|tier|[Gen 9] VGC 2023 Regulation E\n|rated|\n|rule|Species Clause: Limit one of each Pok\u00e9mon\n|rule|Item Clause: Limit one of each item\n|clearpoke\n|poke|p1|Chien-Pao, L50|\n|poke|p1|Arcanine-Hisui, L50, M|\n|poke|p1|Urshifu-*, L50, M|\n|poke|p1|Tornadus, L50, M|\n|poke|p1|Rillaboom, L50, M|\n|poke|p1|Flutter Mane, L50|\n|poke|p2|Tornadus, L50, M|\n|poke|p2|Mamoswine, L50, F|\n|poke|p2|Flutter Mane, L50|\n|poke|p2|Ogerpon-Hearthflame, L50, F|\n|poke|p2|Chi-Yu, L50|\n|poke|p2|Iron Hands, L50|\n|teampreview|4\nMorganNotsoFreeman rejected open team sheets.\n|inactive|Battle timer is ON: inactive players will automatically lose when time's up. (requested by MorganNotsoFreeman)\n|\n|t:|1700917538\n|start\n|switch|p1a: Tailwind|Tornadus, L50, M|100\/100\n|switch|p1b: Winnie tha Pooh|Urshifu-Rapid-Strike, L50, M|100\/100\n|switch|p2a: Gale|Tornadus, L50, M|100\/100\n|switch|p2b: Mamo|Mamoswine, L50, F, shiny|100\/100\n|turn|1\n|inactive|CalmRosie has 30 seconds left.\n|\n|t:|1700917564\n|-terastallize|p1b: Winnie tha Pooh|Water\n|-terastallize|p2b: Mamo|Dragon\n|move|p1a: Tailwind|Tailwind|p1a: Tailwind\n|-sidestart|p1: MorganNotsoFreeman|move: Tailwind\n|move|p2a: Gale|Sunny Day|p2a: Gale\n|-weather|SunnyDay\n|move|p1b: Winnie tha Pooh|Surging Strikes|p2b: Mamo\n|-resisted|p2b: Mamo\n|-crit|p2b: Mamo\n|-damage|p2b: Mamo|93\/100\n|-resisted|p2b: Mamo\n|-crit|p2b: Mamo\n|-damage|p2b: Mamo|84\/100\n|-resisted|p2b: Mamo\n|-crit|p2b: Mamo\n|-damage|p2b: Mamo|76\/100\n|-hitcount|p2b: Mamo|3\n|move|p2b: Mamo|High Horsepower|p1b: Winnie tha Pooh\n|-damage|p1b: Winnie tha Pooh|48\/100\n|\n|-weather|SunnyDay|[upkeep]\n|upkeep\n|turn|2\n|\n|t:|1700917588\n|move|p1a: Tailwind|Rain Dance|p1a: Tailwind\n|-weather|RainDance\n|move|p2a: Gale|Tailwind|p2a: Gale\n|-sidestart|p2: CalmRosie|move: Tailwind\n|move|p1b: Winnie tha Pooh|Surging Strikes|p2a: Gale\n|-crit|p2a: Gale\n|-damage|p2a: Gale|41\/100\n|-crit|p2a: Gale\n|-damage|p2a: Gale|0 fnt\n|faint|p2a: Gale\n|-hitcount|p2: Gale|2\n|move|p2b: Mamo|High Horsepower|p1b: Winnie tha Pooh\n|-damage|p1b: Winnie tha Pooh|0 fnt\n|faint|p1b: Winnie tha Pooh\n|\n|-weather|RainDance|[upkeep]\n|upkeep\n|\n|t:|1700917601\n|switch|p1b: Ice Dawg|Chien-Pao, L50|100\/100\n|switch|p2a: Hands|Iron Hands, L50, shiny|100\/100\n|-ability|p1b: Ice Dawg|Sword of Ruin\n|turn|3\n|\n|t:|1700917615\n|move|p1b: Ice Dawg|Protect|p1b: Ice Dawg\n|-singleturn|p1b: Ice Dawg|Protect\n|move|p2a: Hands|Fake Out|p1b: Ice Dawg\n|-activate|p1b: Ice Dawg|move: Protect\n|move|p1a: Tailwind|Bleakwind Storm|p2a: Hands|[spread] p2a,p2b\n|-damage|p2a: Hands|84\/100\n|-damage|p2b: Mamo|38\/100\n|move|p2b: Mamo|High Horsepower|p1b: Ice Dawg\n|-activate|p1b: Ice Dawg|move: Protect\n|\n|-weather|RainDance|[upkeep]\n|upkeep\n|turn|4\n|inactive|MorganNotsoFreeman has 30 seconds left.\n|\n|t:|1700917649\n|move|p2b: Mamo|Protect|p2b: Mamo\n|-singleturn|p2b: Mamo|Protect\n|move|p1b: Ice Dawg|Icicle Crash|p2b: Mamo\n|-activate|p2b: Mamo|move: Protect\n|move|p1a: Tailwind|Bleakwind Storm|p2b: Mamo|[spread] p2a\n|-activate|p2b: Mamo|move: Protect\n|-damage|p2a: Hands|67\/100\n|move|p2a: Hands|Drain Punch|p1b: Ice Dawg\n|-supereffective|p1b: Ice Dawg\n|-enditem|p1b: Ice Dawg|Focus Sash\n|-damage|p1b: Ice Dawg|1\/100\n|-heal|p2a: Hands|99\/100|[from] drain|[of] p1b: Ice Dawg\n|\n|-weather|RainDance|[upkeep]\n|-sideend|p1: MorganNotsoFreeman|move: Tailwind\n|upkeep\n|turn|5\n|\n|t:|1700917667\n|move|p1b: Ice Dawg|Protect|p1b: Ice Dawg\n|-singleturn|p1b: Ice Dawg|Protect\n|move|p2b: Mamo|Ice Shard|p1b: Ice Dawg\n|-activate|p1b: Ice Dawg|move: Protect\n|move|p2a: Hands|Wild Charge|p1a: Tailwind\n|-supereffective|p1a: Tailwind\n|-damage|p1a: Tailwind|0 fnt\n|-damage|p2a: Hands|84\/100|[from] item: Rocky Helmet|[of] p1a: Tailwind\n|faint|p1a: Tailwind\n|-damage|p2a: Hands|63\/100|[from] Recoil\n|\n|-weather|RainDance|[upkeep]\n|-sideend|p2: CalmRosie|move: Tailwind\n|upkeep\n|\n|t:|1700917675\n|switch|p1a: Monkey D Grass|Rillaboom, L50, M|100\/100\n|-fieldstart|move: Grassy Terrain|[from] ability: Grassy Surge|[of] p1a: Monkey D Grass\n|turn|6\n|\n|t:|1700917692\n|move|p2b: Mamo|Protect|p2b: Mamo\n|-singleturn|p2b: Mamo|Protect\n|move|p1a: Monkey D Grass|Fake Out|p2a: Hands\n|-damage|p2a: Hands|50\/100\n|move|p1b: Ice Dawg|Sucker Punch||[still]\n|-fail|p1b: Ice Dawg\n|cant|p2a: Hands|flinch\n|\n|-weather|none\n|-heal|p1b: Ice Dawg|7\/100|[from] Grassy Terrain\n|-heal|p2b: Mamo|44\/100|[from] Grassy Terrain\n|-heal|p2a: Hands|56\/100|[from] Grassy Terrain\n|upkeep\n|turn|7\n|\n|t:|1700917708\n|move|p2b: Mamo|Protect||[still]\n|-fail|p2b: Mamo\n|move|p1b: Ice Dawg|Sucker Punch||[still]\n|-fail|p1b: Ice Dawg\n|move|p1a: Monkey D Grass|Wood Hammer|p2a: Hands\n|-damage|p2a: Hands|0 fnt\n|faint|p2a: Hands\n|-end|p2a: Hands|Quark Drive|[silent]\n|-damage|p1a: Monkey D Grass|80\/100|[from] Recoil\n|\n|-heal|p1b: Ice Dawg|13\/100|[from] Grassy Terrain\n|-heal|p1a: Monkey D Grass|86\/100|[from] Grassy Terrain\n|-heal|p2b: Mamo|50\/100|[from] Grassy Terrain\n|upkeep\n|c|\u2606CalmRosie|dxamnit\n|\n|t:|1700917721\n|switch|p2a: Ombra|Ogerpon-Hearthflame, L50, F|100\/100\n|-ability|p2a: Ombra|Mold Breaker\n|turn|8\n|\n|t:|1700917736\n|move|p2b: Mamo|Ice Shard|p1b: Ice Dawg\n|-resisted|p1b: Ice Dawg\n|-damage|p1b: Ice Dawg|0 fnt\n|faint|p1b: Ice Dawg\n|move|p2a: Ombra|Ivy Cudgel|p1a: Monkey D Grass|[anim] Ivy Cudgel Fire\n|-supereffective|p1a: Monkey D Grass\n|-crit|p1a: Monkey D Grass\n|-damage|p1a: Monkey D Grass|0 fnt\n|faint|p1a: Monkey D Grass\n|\n|win|CalmRosie\n|raw|MorganNotsoFreeman's rating: 1362 &rarr; <strong>1341<\/strong><br \/>(-21 for losing)\n|raw|CalmRosie's rating: 1344 &rarr; <strong>1365<\/strong><br \/>(+21 for winning)\n|l|\u2606MorganNotsoFreeman\n|l|\u2606CalmRosie\n|j|\u2606CalmRosie\n|player|p2|CalmRosie|aromalady\n","uploadtime":1700918094,"views":1,"p1id":"morgannotsofreeman","p2id":"calmrosie","formatid":"gen9vgc2023regulatione","rating":1341,"private":0,"password":""}