{"id":"gen9vgc2023regulatione-1993108353","p1":"MidnightV2","p2":"bluejellogamesV2","format":"[Gen 9] VGC 2023 Regulation E","log":"|j|\u2606MidnightV2\n|j|\u2606bluejellogamesV2\n|n|\u2606MidnightV2|midnightv2\n|n|\u2606bluejellogamesV2|bluejellogamesv2\n|html|View the match progress at <a href=\"\/game-bestof3-gen9vgc2023regulatione-1993108352\">game-bestof3-gen9vgc2023regulatione-1993108352<\/a>\n|t:|1700265716\n|gametype|doubles\n|player|p1|MidnightV2|steven|\n|player|p2|bluejellogamesV2|iris|\n|teamsize|p1|6\n|teamsize|p2|6\n|gen|9\n|tier|[Gen 9] VGC 2023 Regulation E\n|rule|Species Clause: Limit one of each Pok\u00e9mon\n|rule|Item Clause: Limit one of each item\n|clearpoke\n|poke|p1|Flutter Mane, L50|\n|poke|p1|Ursaluna-Bloodmoon, L50, M|\n|poke|p1|Glimmora, L50, F|\n|poke|p1|Cetitan, L50, F|\n|poke|p1|Barraskewda, L50, M|\n|poke|p1|Klefki, L50, M|\n|poke|p2|Oricorio-Pom-Pom, L50, F|\n|poke|p2|Lilligant, L50, F|\n|poke|p2|Roaring Moon, L50|\n|poke|p2|Volcarona, L50, F|\n|poke|p2|Torkoal, L50, F|\n|poke|p2|Iron Hands, L50|\n|teampreview|4\n|\n|t:|1700265768\n|start\n|switch|p1a: Barraskewda|Barraskewda, L50, M, shiny|100\/100\n|switch|p1b: Klefki|Klefki, L50, M|100\/100\n|switch|p2a: Footloose|Oricorio-Pom-Pom, L50, F|100\/100\n|switch|p2b: Dirty Dancing|Lilligant, L50, F|100\/100\n|turn|1\n|\n|t:|1700265827\n|move|p1b: Klefki|Light Screen|p1b: Klefki\n|-sidestart|p1: MidnightV2|move: Light Screen\n|move|p1a: Barraskewda|Liquidation|p2a: Footloose\n|-enditem|p2a: Footloose|Focus Sash\n|-damage|p2a: Footloose|1\/100\n|move|p2a: Footloose|Revelation Dance|p1a: Barraskewda\n|-supereffective|p1a: Barraskewda\n|-damage|p1a: Barraskewda|0 fnt\n|faint|p1a: Barraskewda\n|move|p2b: Dirty Dancing|Quiver Dance|p2b: Dirty Dancing\n|-boost|p2b: Dirty Dancing|spa|1\n|-boost|p2b: Dirty Dancing|spd|1\n|-boost|p2b: Dirty Dancing|spe|1\n|-activate|p2a: Footloose|ability: Dancer\n|move|p2a: Footloose|Quiver Dance|p2a: Footloose|[from]ability: Dancer\n|-boost|p2a: Footloose|spa|1\n|-boost|p2a: Footloose|spd|1\n|-boost|p2a: Footloose|spe|1\n|\n|upkeep\n|\n|t:|1700265851\n|switch|p1a: Flutter Mane|Flutter Mane, L50|100\/100\n|-enditem|p1a: Flutter Mane|Booster Energy\n|-activate|p1a: Flutter Mane|ability: Protosynthesis|[fromitem]\n|-start|p1a: Flutter Mane|protosynthesisspe\n|turn|2\n|\n|t:|1700265883\n|move|p1b: Klefki|Reflect|p1b: Klefki\n|-sidestart|p1: MidnightV2|Reflect\n|move|p1a: Flutter Mane|Dazzling Gleam|p2a: Footloose|[spread] p2a,p2b\n|-damage|p2a: Footloose|0 fnt\n|-damage|p2b: Dirty Dancing|65\/100\n|faint|p2a: Footloose\n|move|p2b: Dirty Dancing|Synthesis|p2b: Dirty Dancing\n|-heal|p2b: Dirty Dancing|100\/100\n|\n|upkeep\n|\n|t:|1700265891\n|switch|p2a: Magic Mike|Torkoal, L50, F|100\/100\n|-weather|SunnyDay|[from] ability: Drought|[of] p2a: Magic Mike\n|turn|3\n|\n|t:|1700265907\n|move|p1b: Klefki|Rain Dance|p1b: Klefki\n|-weather|RainDance\n|move|p1a: Flutter Mane|Moonblast|p2b: Dirty Dancing\n|-damage|p2b: Dirty Dancing|49\/100\n|move|p2b: Dirty Dancing|Petal Dance|p1b: Klefki\n|-resisted|p1b: Klefki\n|-damage|p1b: Klefki|66\/100\n|move|p2a: Magic Mike|Eruption|p1a: Flutter Mane|[spread] p1a,p1b\n|-supereffective|p1b: Klefki\n|-damage|p1a: Flutter Mane|83\/100\n|-damage|p1b: Klefki|30\/100\n|\n|-weather|RainDance|[upkeep]\n|upkeep\n|turn|4\n|\n|t:|1700265941\n|move|p1a: Flutter Mane|Moonblast|p2b: Dirty Dancing\n|-damage|p2b: Dirty Dancing|0 fnt\n|faint|p2b: Dirty Dancing\n|move|p1b: Klefki|Foul Play|p2a: Magic Mike\n|-damage|p2a: Magic Mike|88\/100\n|move|p2a: Magic Mike|Yawn|p1a: Flutter Mane\n|-start|p1a: Flutter Mane|move: Yawn|[of] p2a: Magic Mike\n|\n|-weather|RainDance|[upkeep]\n|upkeep\n|\n|t:|1700265950\n|switch|p2b: Joe|Volcarona, L50, F|100\/100\n|turn|5\n|\n|t:|1700265983\n|-terastallize|p2a: Magic Mike|Normal\n|move|p1a: Flutter Mane|Shadow Ball|p2a: Magic Mike\n|-immune|p2a: Magic Mike\n|move|p2b: Joe|Fiery Dance|p1b: Klefki\n|-supereffective|p1b: Klefki\n|-damage|p1b: Klefki|0 fnt\n|faint|p1b: Klefki\n|move|p2a: Magic Mike|Eruption|p1a: Flutter Mane\n|-damage|p1a: Flutter Mane|62\/100\n|\n|-weather|RainDance|[upkeep]\n|-end|p1a: Flutter Mane|move: Yawn|[silent]\n|-status|p1a: Flutter Mane|slp\n|upkeep\n|\n|t:|1700265995\n|switch|p1b: Glimmora|Glimmora, L50, F|100\/100\n|turn|6\n|\n|t:|1700266017\n|cant|p1a: Flutter Mane|slp\n|move|p2b: Joe|Fiery Dance|p1a: Flutter Mane\n|-damage|p1a: Flutter Mane|46\/100 slp\n|-boost|p2b: Joe|spa|1\n|move|p1b: Glimmora|Power Gem|p2b: Joe\n|-supereffective|p2b: Joe\n|-damage|p2b: Joe|0 fnt\n|faint|p2b: Joe\n|move|p2a: Magic Mike|Earth Power|p1b: Glimmora\n|-supereffective|p1b: Glimmora\n|-damage|p1b: Glimmora|13\/100\n|\n|-weather|RainDance|[upkeep]\n|upkeep\n|turn|7\n|\n|t:|1700266043\n|move|p1b: Glimmora|Spiky Shield|p1b: Glimmora\n|-singleturn|p1b: Glimmora|move: Protect\n|cant|p1a: Flutter Mane|slp\n|move|p2a: Magic Mike|Earth Power|p1b: Glimmora\n|-activate|p1b: Glimmora|move: Protect\n|\n|-weather|none\n|upkeep\n|turn|8\n|\n|t:|1700266066\n|cant|p1a: Flutter Mane|slp\n|move|p1b: Glimmora|Power Gem|p2a: Magic Mike\n|-damage|p2a: Magic Mike|26\/100\n|move|p2a: Magic Mike|Earth Power|p1b: Glimmora\n|-supereffective|p1b: Glimmora\n|-damage|p1b: Glimmora|0 fnt\n|faint|p1b: Glimmora\n|\n|-sideend|p1: MidnightV2|move: Light Screen\n|upkeep\n|turn|9\n|\n|t:|1700266081\n|-terastallize|p1a: Flutter Mane|Fairy\n|-curestatus|p1a: Flutter Mane|slp|[msg]\n|move|p1a: Flutter Mane|Moonblast|p2a: Magic Mike\n|-damage|p2a: Magic Mike|0 fnt\n|faint|p2a: Magic Mike\n|\n|win|MidnightV2\n","uploadtime":1700266090,"views":10,"p1id":"midnightv2","p2id":"bluejellogamesv2","formatid":"gen9vgc2023regulatione","rating":0,"private":0,"password":""}