{"id":"gen9vgc2023regulatione-1990151138","p1":"project g1","p2":"FlaminGecko","format":"[Gen 9] VGC 2023 Regulation E","log":"|j|\u2606project g1\n|j|\u2606FlaminGecko\n|t:|1699930167\n|gametype|doubles\n|player|p1|project g1|102|1135\n|player|p2|FlaminGecko|2|1113\n|teamsize|p1|6\n|teamsize|p2|6\n|gen|9\n|tier|[Gen 9] VGC 2023 Regulation E\n|rated|\n|rule|Species Clause: Limit one of each Pok\u00e9mon\n|rule|Item Clause: Limit one of each item\n|clearpoke\n|poke|p1|Farigiraf, L50, M|\n|poke|p1|Amoonguss, L50, F|\n|poke|p1|Copperajah, L50, M|\n|poke|p1|Perrserker, L50, M|\n|poke|p1|Gholdengo, L50|\n|poke|p1|Scizor, L50, F|\n|poke|p2|Tatsugiri, L50, F|\n|poke|p2|Dondozo, L50, M|\n|poke|p2|Landorus-Therian, L50, M|\n|poke|p2|Medicham, L50, F|\n|poke|p2|Raichu, L50, M|\n|poke|p2|Cramorant, L50, F|\n|teampreview|4\n|\n|t:|1699930201\n|start\n|switch|p1a: Perrserker|Perrserker, L50, M|100\/100\n|switch|p1b: Amoonguss|Amoonguss, L50, F|100\/100\n|switch|p2a: Cramorant|Cramorant, L50, F, shiny|100\/100\n|switch|p2b: Raichu|Raichu, L50, M|100\/100\n|-item|p2b: Raichu|Air Balloon\n|turn|1\n|\n|t:|1699930218\n|move|p2b: Raichu|Fake Out|p1b: Amoonguss\n|-damage|p1b: Amoonguss|93\/100\n|move|p1a: Perrserker|Fake Out|p2a: Cramorant\n|-damage|p2a: Cramorant|79\/100\n|cant|p2a: Cramorant|flinch\n|cant|p1b: Amoonguss|flinch\n|\n|upkeep\n|turn|2\n|\n|t:|1699930234\n|move|p2b: Raichu|Encore|p1a: Perrserker\n|-start|p1a: Perrserker|Encore\n|move|p2a: Cramorant|Tailwind|p2a: Cramorant\n|-sidestart|p2: FlaminGecko|move: Tailwind\n|move|p1a: Perrserker|Fake Out||[still]\n|-hint|Fake Out only works on your first turn out.\n|-fail|p1a: Perrserker\n|move|p1b: Amoonguss|Spore|p2a: Cramorant\n|-status|p2a: Cramorant|slp|[from] move: Spore\n|\n|upkeep\n|turn|3\n|\n|t:|1699930284\n|switch|p2a: Lando|Landorus-Therian, L50, M|100\/100\n|-ability|p2a: Lando|Intimidate|boost\n|-unboost|p1a: Perrserker|atk|1\n|-unboost|p1b: Amoonguss|atk|1\n|switch|p1a: Gholdengo|Gholdengo, L50|100\/100\n|move|p2b: Raichu|Volt Switch|p1a: Gholdengo\n|-damage|p1a: Gholdengo|74\/100\n|\n|t:|1699930296\n|switch|p2b: Tatsugiri|Tatsugiri, L50, F|100\/100|[from] Volt Switch\n|move|p1b: Amoonguss|Spore|p2b: Tatsugiri\n|-status|p2b: Tatsugiri|slp|[from] move: Spore\n|\n|upkeep\n|turn|4\n|\n|t:|1699930329\n|switch|p2b: Raichu|Raichu, L50, M|100\/100\n|-item|p2b: Raichu|Air Balloon\n|switch|p1b: Perrserker|Perrserker, L50, M|100\/100\n|-terastallize|p1a: Gholdengo|Steel\n|move|p2a: Lando|Earthquake|p1a: Gholdengo|[spread] p1a,p1b\n|-immune|p2b: Raichu\n|-supereffective|p1a: Gholdengo\n|-supereffective|p1b: Perrserker\n|-damage|p1a: Gholdengo|0 fnt\n|-damage|p1b: Perrserker|23\/100\n|faint|p1a: Gholdengo\n|\n|upkeep\n|\n|t:|1699930339\n|switch|p1a: Scizor|Scizor, L50, F|100\/100\n|turn|5\n|\n|t:|1699930366\n|switch|p1b: Amoonguss|Amoonguss, L50, F|93\/100\n|move|p1a: Scizor|Protect|p1a: Scizor\n|-singleturn|p1a: Scizor|Protect\n|move|p2b: Raichu|Fake Out|p1a: Scizor\n|-activate|p1a: Scizor|move: Protect\n|move|p2a: Lando|Earthquake|p1a: Scizor|[spread] p1b\n|-activate|p1a: Scizor|move: Protect\n|-immune|p2b: Raichu\n|-damage|p1b: Amoonguss|55\/100\n|\n|-sideend|p2: FlaminGecko|move: Tailwind\n|upkeep\n|turn|6\n|\n|t:|1699930393\n|move|p2b: Raichu|Protect|p2b: Raichu\n|-singleturn|p2b: Raichu|Protect\n|move|p1b: Amoonguss|Rage Powder|p1b: Amoonguss\n|-singleturn|p1b: Amoonguss|move: Rage Powder\n|move|p2a: Lando|U-turn|p1b: Amoonguss\n|-damage|p1b: Amoonguss|27\/100\n|-status|p2a: Lando|slp|[from] ability: Effect Spore|[of] p1b: Amoonguss\n|-enditem|p1b: Amoonguss|Sitrus Berry|[eat]\n|-heal|p1b: Amoonguss|52\/100|[from] item: Sitrus Berry\n|\n|t:|1699930409\n|switch|p2a: Cramorant|Cramorant, L50, F, shiny|79\/100 slp|[from] U-turn\n|move|p1a: Scizor|Swords Dance|p1a: Scizor\n|-boost|p1a: Scizor|atk|2\n|\n|upkeep\n|turn|7\n|\n|t:|1699930426\n|switch|p1b: Perrserker|Perrserker, L50, M|23\/100\n|-terastallize|p2b: Raichu|Grass\n|move|p1a: Scizor|Bullet Punch|p2b: Raichu\n|-damage|p2b: Raichu|0 fnt\n|-enditem|p2b: Raichu|Air Balloon\n|faint|p2b: Raichu\n|cant|p2a: Cramorant|slp\n|\n|upkeep\n|\n|t:|1699930433\n|switch|p2b: Tatsugiri|Tatsugiri, L50, F|100\/100 slp\n|turn|8\n|inactive|Battle timer is ON: inactive players will automatically lose when time's up. (requested by FlaminGecko)\n|\n|t:|1699930462\n|cant|p2b: Tatsugiri|slp\n|move|p1b: Perrserker|Fake Out|p2a: Cramorant\n|-damage|p2a: Cramorant|60\/100 slp\n|cant|p2a: Cramorant|slp\n|move|p1a: Scizor|Swords Dance|p1a: Scizor\n|-boost|p1a: Scizor|atk|2\n|\n|upkeep\n|turn|9\n|\n|t:|1699930475\n|move|p1a: Scizor|Bullet Punch|p2a: Cramorant\n|-resisted|p2a: Cramorant\n|-damage|p2a: Cramorant|0 fnt\n|faint|p2a: Cramorant\n|-curestatus|p2b: Tatsugiri|slp|[msg]\n|move|p2b: Tatsugiri|Draco Meteor|p1a: Scizor\n|-resisted|p1a: Scizor\n|-damage|p1a: Scizor|57\/100\n|-unboost|p2b: Tatsugiri|spa|2\n|-enditem|p2b: Tatsugiri|White Herb\n|-clearnegativeboost|p2b: Tatsugiri|[silent]\n|move|p1b: Perrserker|Knock Off|p2b: Tatsugiri\n|-damage|p2b: Tatsugiri|68\/100\n|\n|upkeep\n|\n|t:|1699930479\n|switch|p2a: Lando|Landorus-Therian, L50, M|100\/100 slp\n|-ability|p2a: Lando|Intimidate|boost\n|-fail|p1a: Scizor|unboost|[from] item: Clear Amulet|[of] p1a: Scizor\n|-unboost|p1b: Perrserker|atk|1\n|turn|10\n|\n|t:|1699930503\n|move|p1a: Scizor|Bullet Punch|p2b: Tatsugiri\n|-resisted|p2b: Tatsugiri\n|-damage|p2b: Tatsugiri|0 fnt\n|faint|p2b: Tatsugiri\n|cant|p2a: Lando|slp\n|move|p1b: Perrserker|Knock Off|p2a: Lando\n|-damage|p2a: Lando|80\/100 slp\n|-enditem|p2a: Lando|Assault Vest|[from] move: Knock Off|[of] p1b: Perrserker\n|\n|upkeep\n|turn|11\n|\n|t:|1699930515\n|move|p1a: Scizor|Bullet Punch|p2a: Lando\n|-damage|p2a: Lando|0 fnt\n|faint|p2a: Lando\n|\n|win|project g1\n|raw|project g1's rating: 1135 &rarr; <strong>1158<\/strong><br \/>(+23 for winning)\n|raw|FlaminGecko's rating: 1113 &rarr; <strong>1090<\/strong><br \/>(-23 for losing)\n","uploadtime":1699930524,"views":23,"p1id":"projectg1","p2id":"flamingecko","formatid":"gen9vgc2023regulatione","rating":1090,"private":0,"password":""}