{"id":"gen9vgc2023regulatione-1998631501","p1":"xomni","p2":"Bromby","format":"[Gen 9] VGC 2023 Regulation E","log":"|j|\u2606xomni\n|j|\u2606Bromby\n|t:|1700965266\n|gametype|doubles\n|player|p1|xomni|hilbert|1341\n|player|p2|Bromby|infielder|1374\n|teamsize|p1|6\n|teamsize|p2|6\n|gen|9\n|tier|[Gen 9] VGC 2023 Regulation E\n|rated|\n|rule|Species Clause: Limit one of each Pok\u00e9mon\n|rule|Item Clause: Limit one of each item\n|clearpoke\n|poke|p1|Roaring Moon, L50|\n|poke|p1|Flutter Mane, L50|\n|poke|p1|Heatran, L50, M|\n|poke|p1|Farigiraf, L50, M|\n|poke|p1|Regidrago, L50|\n|poke|p1|Urshifu-*, L50, M|\n|poke|p2|Flutter Mane, L50|\n|poke|p2|Tornadus, L50, M|\n|poke|p2|Regieleki, L50|\n|poke|p2|Chi-Yu, L50|\n|poke|p2|Ogerpon-Wellspring, L50, F|\n|poke|p2|Indeedee-F, L50, F|\n|teampreview|4\n|inactive|Battle timer is ON: inactive players will automatically lose when time's up. (requested by Bromby)\n|\n|t:|1700965332\n|start\n|switch|p1a: Flutter Mane|Flutter Mane, L50|100\/100\n|switch|p1b: Farigiraf|Farigiraf, L50, M|100\/100\n|switch|p2a: Tornadus|Tornadus, L50, M|100\/100\n|switch|p2b: Flutter Mane|Flutter Mane, L50|100\/100\n|turn|1\n|inactive|xomni has 30 seconds left.\n|inactive|Bromby has 30 seconds left.\n|inactive|Bromby has 20 seconds left.\n|inactive|Bromby has 15 seconds left.\n|inactive|Bromby has 10 seconds left.\n|\n|t:|1700965379\n|-terastallize|p1a: Flutter Mane|Fairy\n|move|p2a: Tornadus|Protect|p2a: Tornadus\n|-singleturn|p2a: Tornadus|Protect\n|move|p1b: Farigiraf|Helping Hand|p1a: Flutter Mane\n|-singleturn|p1a: Flutter Mane|Helping Hand|[of] p1b: Farigiraf\n|move|p1a: Flutter Mane|Moonblast|p2b: Flutter Mane\n|-enditem|p2b: Flutter Mane|Focus Sash\n|-damage|p2b: Flutter Mane|1\/100\n|move|p2b: Flutter Mane|Shadow Ball|p1a: Flutter Mane\n|-damage|p1a: Flutter Mane|57\/100\n|-unboost|p1a: Flutter Mane|spd|1\n|\n|upkeep\n|turn|2\n|\n|t:|1700965396\n|-end|p1a: Flutter Mane|Protosynthesis|[silent]\n|switch|p1a: Roaring Moon|Roaring Moon, L50|100\/100\n|-enditem|p1a: Roaring Moon|Booster Energy\n|-activate|p1a: Roaring Moon|ability: Protosynthesis|[fromitem]\n|-start|p1a: Roaring Moon|protosynthesisspe\n|move|p2b: Flutter Mane|Protect|p2b: Flutter Mane\n|-singleturn|p2b: Flutter Mane|Protect\n|move|p2a: Tornadus|Bleakwind Storm|p1b: Farigiraf|[spread] p1a\n|-miss|p2a: Tornadus|p1b: Farigiraf\n|-damage|p1a: Roaring Moon|68\/100\n|move|p1b: Farigiraf|Dazzling Gleam|p2a: Tornadus|[spread] p2a\n|-activate|p2b: Flutter Mane|move: Protect\n|-damage|p2a: Tornadus|83\/100\n|\n|upkeep\n|turn|3\n|inactive|xomni has 30 seconds left.\n|\n|t:|1700965422\n|move|p1a: Roaring Moon|Knock Off|p2b: Flutter Mane\n|-damage|p2b: Flutter Mane|0 fnt\n|faint|p2b: Flutter Mane\n|-end|p2b: Flutter Mane|Protosynthesis|[silent]\n|move|p2a: Tornadus|Bleakwind Storm|p1a: Roaring Moon|[spread] p1a\n|-miss|p2a: Tornadus|p1b: Farigiraf\n|-damage|p1a: Roaring Moon|40\/100\n|move|p1b: Farigiraf|Imprison|p1b: Farigiraf\n|-start|p1b: Farigiraf|move: Imprison\n|\n|upkeep\n|\n|t:|1700965446\n|switch|p2b: Ogerpon|Ogerpon-Wellspring, L50, F|100\/100\n|turn|4\n|\n|t:|1700965466\n|move|p2b: Ogerpon|Spiky Shield|p2b: Ogerpon\n|-singleturn|p2b: Ogerpon|move: Protect\n|move|p2a: Tornadus|Rain Dance|p2a: Tornadus\n|-weather|RainDance\n|move|p1a: Roaring Moon|Sunny Day|p1a: Roaring Moon\n|-weather|SunnyDay\n|move|p1b: Farigiraf|Trick Room|p1b: Farigiraf\n|-fieldstart|move: Trick Room|[of] p1b: Farigiraf\n|\n|-weather|SunnyDay|[upkeep]\n|upkeep\n|turn|5\n|\n|t:|1700965491\n|move|p2a: Tornadus|Rain Dance|p2a: Tornadus\n|-weather|RainDance\n|move|p1b: Farigiraf|Dazzling Gleam|p2a: Tornadus|[spread] p2a,p2b\n|-damage|p2a: Tornadus|66\/100\n|-damage|p2b: Ogerpon|85\/100\n|move|p2b: Ogerpon|Ivy Cudgel|p1b: Farigiraf|[anim] Ivy Cudgel Water\n|-damage|p1b: Farigiraf|17\/100\n|-enditem|p1b: Farigiraf|Iapapa Berry|[eat]\n|-heal|p1b: Farigiraf|50\/100|[from] item: Iapapa Berry\n|move|p1a: Roaring Moon|Breaking Swipe|p2b: Ogerpon|[spread] p2a,p2b\n|-crit|p2a: Tornadus\n|-damage|p2a: Tornadus|32\/100\n|-damage|p2b: Ogerpon|57\/100\n|-unboost|p2a: Tornadus|atk|1\n|-unboost|p2b: Ogerpon|atk|1\n|\n|-weather|RainDance|[upkeep]\n|upkeep\n|turn|6\n|inactive|xomni has 30 seconds left.\n|inactive|Bromby has 30 seconds left.\n|\n|t:|1700965519\n|move|p1b: Farigiraf|Dazzling Gleam|p2b: Ogerpon|[spread] p2a,p2b\n|-damage|p2a: Tornadus|16\/100\n|-damage|p2b: Ogerpon|42\/100\n|move|p2a: Tornadus|Bleakwind Storm|p1a: Roaring Moon|[spread] p1a,p1b\n|-damage|p1a: Roaring Moon|11\/100\n|-damage|p1b: Farigiraf|25\/100\n|move|p2b: Ogerpon|Ivy Cudgel|p1b: Farigiraf|[anim] Ivy Cudgel Water\n|-crit|p1b: Farigiraf\n|-damage|p1b: Farigiraf|0 fnt\n|faint|p1b: Farigiraf\n|move|p1a: Roaring Moon|Sunny Day|p1a: Roaring Moon\n|-weather|SunnyDay\n|\n|-weather|SunnyDay|[upkeep]\n|upkeep\n|\n|t:|1700965539\n|switch|p1b: Regidrago|Regidrago, L50|100\/100\n|turn|7\n|inactive|Bromby has 30 seconds left.\n|\n|t:|1700965564\n|move|p2b: Ogerpon|Spiky Shield|p2b: Ogerpon\n|-singleturn|p2b: Ogerpon|move: Protect\n|move|p2a: Tornadus|Tailwind|p2a: Tornadus\n|-sidestart|p2: Bromby|move: Tailwind\n|move|p1b: Regidrago|Draco Meteor|p2b: Ogerpon\n|-activate|p2b: Ogerpon|move: Protect\n|move|p1a: Roaring Moon|Breaking Swipe|p2b: Ogerpon|[spread] p2a\n|-activate|p2b: Ogerpon|move: Protect\n|-damage|p1a: Roaring Moon|0 fnt|[from] Spiky Shield|[of] p2b: Ogerpon\n|-damage|p2a: Tornadus|0 fnt\n|faint|p1a: Roaring Moon\n|-end|p1a: Roaring Moon|Protosynthesis|[silent]\n|faint|p2a: Tornadus\n|\n|-weather|SunnyDay|[upkeep]\n|upkeep\n|\n|t:|1700965580\n|switch|p2a: Chi-Yu|Chi-Yu, L50|100\/100\n|switch|p1a: Flutter Mane|Flutter Mane, L50, tera:Fairy|57\/100\n|-activate|p1a: Flutter Mane|ability: Protosynthesis\n|-start|p1a: Flutter Mane|protosynthesisspe\n|-ability|p2a: Chi-Yu|Beads of Ruin\n|turn|8\n|\n|t:|1700965599\n|-terastallize|p2a: Chi-Yu|Fire\n|move|p1b: Regidrago|Dragon Energy|p2a: Chi-Yu|[spread] p2a,p2b\n|-damage|p2a: Chi-Yu|3\/100\n|-damage|p2b: Ogerpon|0 fnt\n|faint|p2b: Ogerpon\n|move|p1a: Flutter Mane|Dazzling Gleam|p2a: Chi-Yu\n|-resisted|p2a: Chi-Yu\n|-damage|p2a: Chi-Yu|0 fnt\n|faint|p2a: Chi-Yu\n|\n|win|xomni\n|raw|xomni's rating: 1341 &rarr; <strong>1363<\/strong><br \/>(+22 for winning)\n|raw|Bromby's rating: 1374 &rarr; <strong>1352<\/strong><br \/>(-22 for losing)\n|c|\u2606Bromby|gg\n|c|\u2606xomni|gg\n|l|\u2606Bromby\n","uploadtime":1700965612,"views":21,"p1id":"xomni","p2id":"bromby","formatid":"gen9vgc2023regulatione","rating":1352,"private":0,"password":""}