{"id":"gen9vgc2023regulatione-1995888969","p1":"Geckoinc","p2":"CloudlessZeus6","format":"[Gen 9] VGC 2023 Regulation E","log":"|j|\u2606Geckoinc\n|j|\u2606CloudlessZeus6\n|t:|1700613927\n|gametype|doubles\n|player|p1|Geckoinc|2|1111\n|player|p2|CloudlessZeus6|fisherman-gen4|1029\n|teamsize|p1|6\n|teamsize|p2|6\n|gen|9\n|tier|[Gen 9] VGC 2023 Regulation E\n|rated|\n|rule|Species Clause: Limit one of each Pok\u00e9mon\n|rule|Item Clause: Limit one of each item\n|clearpoke\n|poke|p1|Iron Bundle, L50|\n|poke|p1|Foongus, L50, M|\n|poke|p1|Rotom-Wash, L50|\n|poke|p1|Landorus-Therian, L50, M|\n|poke|p1|Pelipper, L50, F|\n|poke|p1|Scizor, L50, F|\n|poke|p2|Ceruledge, L50, F|\n|poke|p2|Sinistcha, L50|\n|poke|p2|Regieleki, L50|\n|poke|p2|Ogerpon-Wellspring, L50, F|\n|poke|p2|Iron Hands, L50|\n|poke|p2|Chien-Pao, L50|\n|teampreview|4\nCloudlessZeus6 rejected open team sheets.\n|\n|t:|1700613962\n|start\n|switch|p1a: Scizor|Scizor, L50, F|100\/100\n|switch|p1b: Rotom|Rotom-Wash, L50|100\/100\n|switch|p2a: Chien-Pao|Chien-Pao, L50|100\/100\n|switch|p2b: Ceruledge|Ceruledge, L50, F|100\/100\n|-ability|p2a: Chien-Pao|Sword of Ruin\n|turn|1\n|\n|t:|1700613986\n|move|p2a: Chien-Pao|Protect|p2a: Chien-Pao\n|-singleturn|p2a: Chien-Pao|Protect\n|move|p1a: Scizor|Bullet Punch|p2a: Chien-Pao\n|-activate|p2a: Chien-Pao|move: Protect\n|move|p2b: Ceruledge|Swords Dance|p2b: Ceruledge\n|-boost|p2b: Ceruledge|atk|2\n|move|p1b: Rotom|Hydro Pump|p2b: Ceruledge\n|-supereffective|p2b: Ceruledge\n|-damage|p2b: Ceruledge|8\/100\n|\n|upkeep\n|turn|2\n|\n|t:|1700613999\n|switch|p2a: Sinistcha|Sinistcha, L50|100\/100\n|-heal|p2b: Ceruledge|32\/100|[from] ability: Hospitality|[of] p2a: Sinistcha\n|move|p2b: Ceruledge|Protect|p2b: Ceruledge\n|-singleturn|p2b: Ceruledge|Protect\n|move|p1a: Scizor|Bullet Punch|p2b: Ceruledge\n|-activate|p2b: Ceruledge|move: Protect\n|move|p1b: Rotom|Will-O-Wisp|p2a: Sinistcha\n|-status|p2a: Sinistcha|brn\n|\n|-damage|p2a: Sinistcha|95\/100 brn|[from] brn\n|upkeep\n|turn|3\n|\n|t:|1700614019\n|move|p2a: Sinistcha|Rage Powder|p2a: Sinistcha\n|-singleturn|p2a: Sinistcha|move: Rage Powder\n|move|p1a: Scizor|Bullet Punch|p2a: Sinistcha\n|-damage|p2a: Sinistcha|52\/100 brn\n|-damage|p1a: Scizor|84\/100|[from] item: Rocky Helmet|[of] p2a: Sinistcha\n|move|p2b: Ceruledge|Bitter Blade|p1a: Scizor\n|-supereffective|p1a: Scizor\n|-damage|p1a: Scizor|0 fnt\n|-heal|p2b: Ceruledge|81\/100|[from] drain|[of] p1a: Scizor\n|faint|p1a: Scizor\n|move|p1b: Rotom|Volt Switch|p2a: Sinistcha\n|-resisted|p2a: Sinistcha\n|-damage|p2a: Sinistcha|40\/100 brn\n|\n|t:|1700614025\n|switch|p1b: Iron Bundle|Iron Bundle, L50|100\/100|[from] Volt Switch\n|\n|-damage|p2a: Sinistcha|34\/100 brn|[from] brn\n|upkeep\n|\n|t:|1700614032\n|switch|p1a: Landorus|Landorus-Therian, L50, M|100\/100\n|-ability|p1a: Landorus|Intimidate|boost\n|-unboost|p2a: Sinistcha|atk|1\n|-fail|p2b: Ceruledge|unboost|[from] item: Clear Amulet|[of] p2b: Ceruledge\n|turn|4\n|\n|t:|1700614058\n|switch|p2a: Iron Hands|Iron Hands, L50|100\/100\n|move|p2b: Ceruledge|Shadow Sneak|p1a: Landorus\n|-damage|p1a: Landorus|52\/100\n|move|p1b: Iron Bundle|Freeze-Dry|p2a: Iron Hands\n|-damage|p2a: Iron Hands|46\/100\n|move|p1a: Landorus|Rock Slide|p2b: Ceruledge|[spread] p2a\n|-miss|p1a: Landorus|p2b: Ceruledge\n|-resisted|p2a: Iron Hands\n|-damage|p2a: Iron Hands|39\/100\n|\n|-heal|p2a: Iron Hands|45\/100|[from] item: Leftovers\n|upkeep\n|turn|5\n|\n|t:|1700614080\n|move|p2a: Iron Hands|Fake Out|p1b: Iron Bundle\n|-damage|p1b: Iron Bundle|82\/100\n|cant|p1b: Iron Bundle|flinch\n|move|p2b: Ceruledge|Bitter Blade|p1a: Landorus\n|-damage|p1a: Landorus|0 fnt\n|-heal|p2b: Ceruledge|100\/100|[from] drain|[of] p1a: Landorus\n|faint|p1a: Landorus\n|\n|-heal|p2a: Iron Hands|51\/100|[from] item: Leftovers\n|upkeep\n|\n|t:|1700614087\n|switch|p1a: Rotom|Rotom-Wash, L50|100\/100\n|turn|6\n|\n|t:|1700614102\n|-terastallize|p1b: Iron Bundle|Ice\n|-terastallize|p2b: Ceruledge|Grass\n|move|p2b: Ceruledge|Shadow Sneak|p1b: Iron Bundle\n|-damage|p1b: Iron Bundle|29\/100\n|move|p1b: Iron Bundle|Freeze-Dry|p2a: Iron Hands\n|-damage|p2a: Iron Hands|0 fnt\n|faint|p2a: Iron Hands\n|-end|p2a: Iron Hands|Quark Drive|[silent]\n|move|p1a: Rotom|Hydro Pump|p2b: Ceruledge\n|-resisted|p2b: Ceruledge\n|-damage|p2b: Ceruledge|75\/100\n|\n|upkeep\n|\n|t:|1700614112\n|switch|p2a: Sinistcha|Sinistcha, L50|34\/100 brn\n|-heal|p2b: Ceruledge|99\/100|[from] ability: Hospitality|[of] p2a: Sinistcha\n|turn|7\n|\n|t:|1700614129\n|move|p2a: Sinistcha|Rage Powder|p2a: Sinistcha\n|-singleturn|p2a: Sinistcha|move: Rage Powder\n|move|p1b: Iron Bundle|Freeze-Dry|p2a: Sinistcha\n|-supereffective|p2a: Sinistcha\n|-damage|p2a: Sinistcha|0 fnt\n|faint|p2a: Sinistcha\n|move|p2b: Ceruledge|Bitter Blade|p1b: Iron Bundle\n|-supereffective|p1b: Iron Bundle\n|-damage|p1b: Iron Bundle|0 fnt\n|-heal|p2b: Ceruledge|100\/100|[from] drain|[of] p1b: Iron Bundle\n|faint|p1b: Iron Bundle\n|-end|p1b: Iron Bundle|Quark Drive|[silent]\n|move|p1a: Rotom|Hydro Pump|p2b: Ceruledge\n|-resisted|p2b: Ceruledge\n|-damage|p2b: Ceruledge|75\/100\n|\n|upkeep\n|c|\u2606Geckoinc|gg\n|\n|t:|1700614142\n|switch|p2a: Chien-Pao|Chien-Pao, L50|100\/100\n|-ability|p2a: Chien-Pao|Sword of Ruin\n|turn|8\n|\n|t:|1700614160\n|move|p2b: Ceruledge|Protect|p2b: Ceruledge\n|-singleturn|p2b: Ceruledge|Protect\n|move|p1a: Rotom|Protect|p1a: Rotom\n|-singleturn|p1a: Rotom|Protect\n|move|p2a: Chien-Pao|Icicle Crash|p1a: Rotom\n|-activate|p1a: Rotom|move: Protect\n|\n|upkeep\n|turn|9\n|\n|t:|1700614178\n|move|p2b: Ceruledge|Shadow Sneak|p1a: Rotom\n|-damage|p1a: Rotom|46\/100\n|-enditem|p1a: Rotom|Sitrus Berry|[eat]\n|-heal|p1a: Rotom|71\/100|[from] item: Sitrus Berry\n|move|p2a: Chien-Pao|Icicle Crash|p1a: Rotom|[miss]\n|-miss|p2a: Chien-Pao|p1a: Rotom\n|move|p1a: Rotom|Hydro Pump|p2a: Chien-Pao\n|-damage|p2a: Chien-Pao|33\/100\n|\n|upkeep\n|turn|10\n|\n|t:|1700614197\n|move|p2a: Chien-Pao|Protect|p2a: Chien-Pao\n|-singleturn|p2a: Chien-Pao|Protect\n|move|p2b: Ceruledge|Swords Dance|p2b: Ceruledge\n|-boost|p2b: Ceruledge|atk|2\n|move|p1a: Rotom|Hydro Pump|p2a: Chien-Pao\n|-activate|p2a: Chien-Pao|move: Protect\n|\n|upkeep\n|turn|11\n|c|\u2606Geckoinc|just kill me\n|\n|t:|1700614216\n|move|p2a: Chien-Pao|Sacred Sword|p1a: Rotom\n|-damage|p1a: Rotom|26\/100\n|-damage|p2a: Chien-Pao|23\/100|[from] item: Life Orb\n|move|p2b: Ceruledge|Bitter Blade|p1a: Rotom\n|-resisted|p1a: Rotom\n|-damage|p1a: Rotom|0 fnt\n|-heal|p2b: Ceruledge|89\/100|[from] drain|[of] p1a: Rotom\n|faint|p1a: Rotom\n|\n|win|CloudlessZeus6\n|raw|Geckoinc's rating: 1111 &rarr; <strong>1080<\/strong><br \/>(-31 for losing)\n|raw|CloudlessZeus6's rating: 1029 &rarr; <strong>1073<\/strong><br \/>(+44 for winning)\n|l|\u2606Geckoinc\n","uploadtime":1700614375,"views":14,"p1id":"geckoinc","p2id":"cloudlesszeus6","formatid":"gen9vgc2023regulatione","rating":1073,"private":0,"password":""}