{"id":"gen9vgc2023regulatione-1989554078","p1":"trung2012","p2":"Jippt351","format":"[Gen 9] VGC 2023 Regulation E","log":"|j|\u2606trung2012\n|j|\u2606Jippt351\n|t:|1699870376\n|gametype|doubles\n|player|p1|trung2012|palmer|1066\n|player|p2|Jippt351|1|1041\n|teamsize|p1|6\n|teamsize|p2|6\n|gen|9\n|tier|[Gen 9] VGC 2023 Regulation E\n|rated|\n|rule|Species Clause: Limit one of each Pok\u00e9mon\n|rule|Item Clause: Limit one of each item\n|clearpoke\n|poke|p1|Roaring Moon, L50|\n|poke|p1|Kingambit, L50, F|\n|poke|p1|Rillaboom, L50, M|\n|poke|p1|Tornadus, L50, M|\n|poke|p1|Chi-Yu, L50|\n|poke|p1|Grafaiai, L50, F|\n|poke|p2|Tornadus, L50, M|\n|poke|p2|Flutter Mane, L50|\n|poke|p2|Regidrago, L50|\n|poke|p2|Heatran, L50, F|\n|poke|p2|Urshifu-*, L50, F|\n|poke|p2|Farigiraf, L50, M|\n|teampreview|4\n|inactive|Battle timer is ON: inactive players will automatically lose when time's up. (requested by Jippt351)\n|l|\u2606Jippt351\n|inactive|Jippt351 disconnected and has a minute to reconnect!\n|player|p2|\n|j|\u2606Jippt351\n|inactive|Jippt351 reconnected and has 60 seconds left.\n|player|p2|Jippt351|1\n|\n|t:|1699870424\n|start\n|switch|p1a: Roaring Moon|Roaring Moon, L50|100\/100\n|switch|p1b: Tornadus|Tornadus, L50, M|100\/100\n|switch|p2a: Tornadus|Tornadus, L50, M|100\/100\n|switch|p2b: Heatran|Heatran, L50, F|100\/100\n|-enditem|p1a: Roaring Moon|Booster Energy\n|-activate|p1a: Roaring Moon|ability: Protosynthesis|[fromitem]\n|-start|p1a: Roaring Moon|protosynthesisatk\n|turn|1\n|inactive|trung2012 has 30 seconds left.\n|inactive|trung2012 has 20 seconds left.\n|inactive|trung2012 has 15 seconds left.\n|inactive|trung2012 has 10 seconds left.\n|\n|t:|1699870471\n|move|p2a: Tornadus|Tailwind|p2a: Tornadus\n|-sidestart|p2: Jippt351|move: Tailwind\n|move|p2b: Heatran|Heat Wave|p1a: Roaring Moon|[spread] p1a,p1b\n|-resisted|p1a: Roaring Moon\n|-damage|p1a: Roaring Moon|77\/100\n|-damage|p1b: Tornadus|24\/100\n|-status|p1b: Tornadus|brn\n|-damage|p2b: Heatran|91\/100|[from] item: Life Orb\n|move|p1a: Roaring Moon|Dragon Claw|p2b: Heatran\n|-resisted|p2b: Heatran\n|-damage|p2b: Heatran|63\/100\n|move|p1b: Tornadus|Bleakwind Storm|p2b: Heatran|[spread] p2a,p2b\n|-resisted|p2b: Heatran\n|-crit|p2b: Heatran\n|-damage|p2a: Tornadus|44\/100\n|-damage|p2b: Heatran|32\/100\n|\n|-damage|p1b: Tornadus|18\/100 brn|[from] brn\n|upkeep\n|turn|2\n|\n|t:|1699870495\n|move|p2a: Tornadus|Bleakwind Storm|p1b: Tornadus|[spread] p1b\n|-miss|p2a: Tornadus|p1a: Roaring Moon\n|-damage|p1b: Tornadus|0 fnt\n|faint|p1b: Tornadus\n|move|p2b: Heatran|Heat Wave|p1a: Roaring Moon\n|-resisted|p1a: Roaring Moon\n|-damage|p1a: Roaring Moon|44\/100\n|-damage|p2b: Heatran|23\/100|[from] item: Life Orb\n|move|p1a: Roaring Moon|Throat Chop|p2b: Heatran\n|-damage|p2b: Heatran|0 fnt\n|faint|p2b: Heatran\n|\n|upkeep\n|\n|t:|1699870511\n|switch|p1b: Rillaboom|Rillaboom, L50, M|100\/100\n|switch|p2b: Flutter Mane|Flutter Mane, L50|100\/100\n|-fieldstart|move: Grassy Terrain|[from] ability: Grassy Surge|[of] p1b: Rillaboom\n|-enditem|p2b: Flutter Mane|Booster Energy\n|-activate|p2b: Flutter Mane|ability: Protosynthesis|[fromitem]\n|-start|p2b: Flutter Mane|protosynthesisspa\n|turn|3\n|inactive|trung2012 has 30 seconds left.\n|\n|t:|1699870541\n|-terastallize|p1a: Roaring Moon|Psychic\n|move|p1b: Rillaboom|Fake Out|p2a: Tornadus\n|-damage|p2a: Tornadus|22\/100\n|move|p2b: Flutter Mane|Dazzling Gleam|p1b: Rillaboom|[spread] p1a,p1b\n|-damage|p1a: Roaring Moon|3\/100\n|-damage|p1b: Rillaboom|47\/100\n|cant|p2a: Tornadus|flinch\n|move|p1a: Roaring Moon|Zen Headbutt|p2b: Flutter Mane\n|-damage|p2b: Flutter Mane|0 fnt\n|faint|p2b: Flutter Mane\n|-end|p2b: Flutter Mane|Protosynthesis|[silent]\n|\n|-heal|p1a: Roaring Moon|9\/100|[from] Grassy Terrain\n|-heal|p1b: Rillaboom|53\/100|[from] Grassy Terrain\n|upkeep\n|\n|t:|1699870548\n|switch|p2b: Regidrago|Regidrago, L50|100\/100\n|turn|4\n|\n|t:|1699870571\n|-terastallize|p2b: Regidrago|Poison\n|move|p2a: Tornadus|Bleakwind Storm|p1a: Roaring Moon|[spread] p1a,p1b\n|-supereffective|p1b: Rillaboom\n|-damage|p1a: Roaring Moon|0 fnt\n|-damage|p1b: Rillaboom|0 fnt\n|faint|p1a: Roaring Moon\n|-end|p1a: Roaring Moon|Protosynthesis|[silent]\n|faint|p1b: Rillaboom\n|move|p2b: Regidrago|Dragon Energy|p1: Roaring Moon|[notarget]\n|-fail|p2b: Regidrago\n|\n|-sideend|p2: Jippt351|move: Tailwind\n|upkeep\n|\n|t:|1699870576\n|switch|p1a: Chi-Yu|Chi-Yu, L50|100\/100\n|-ability|p1a: Chi-Yu|Beads of Ruin\n|turn|5\n|\n|t:|1699870600\n|move|p2a: Tornadus|Tailwind|p2a: Tornadus\n|-sidestart|p2: Jippt351|move: Tailwind\n|move|p2b: Regidrago|Earth Power|p1a: Chi-Yu\n|-supereffective|p1a: Chi-Yu\n|-damage|p1a: Chi-Yu|37\/100\n|move|p1a: Chi-Yu|Fire Blast|p2b: Regidrago\n|-damage|p2b: Regidrago|0 fnt\n|faint|p2b: Regidrago\n|\n|-heal|p1a: Chi-Yu|44\/100|[from] Grassy Terrain\n|upkeep\n|turn|6\n|\n|t:|1699870614\n|move|p2a: Tornadus|Bleakwind Storm|p1a: Chi-Yu\n|-damage|p1a: Chi-Yu|0 fnt\n|faint|p1a: Chi-Yu\n|\n|win|Jippt351\n|raw|trung2012's rating: 1066 &rarr; <strong>1045<\/strong><br \/>(-21 for losing)\n|raw|Jippt351's rating: 1041 &rarr; <strong>1077<\/strong><br \/>(+36 for winning)\n","uploadtime":1699870620,"views":33,"p1id":"trung2012","p2id":"jippt351","formatid":"gen9vgc2023regulatione","rating":1045,"private":0,"password":""}