{"id":"gen9vgc2023regulatione-1999291142","p1":"Cool Cod","p2":"Mazovin","format":"[Gen 9] VGC 2023 Regulation E","log":"|j|\u2606Cool Cod\n|j|\u2606Mazovin\n|t:|1701055824\n|gametype|doubles\n|player|p1|Cool Cod|riley|1209\n|player|p2|Mazovin|lance|1175\n|teamsize|p1|6\n|teamsize|p2|6\n|gen|9\n|tier|[Gen 9] VGC 2023 Regulation E\n|rated|\n|rule|Species Clause: Limit one of each Pok\u00e9mon\n|rule|Item Clause: Limit one of each item\n|clearpoke\n|poke|p1|Farigiraf, L50, F|\n|poke|p1|Ursaluna, L50, F|\n|poke|p1|Iron Hands, L50|\n|poke|p1|Golem-Alola, L50, F|\n|poke|p1|Amoonguss, L50, F|\n|poke|p1|Roaring Moon, L50|\n|poke|p2|Flutter Mane, L50|\n|poke|p2|Tornadus, L50, M|\n|poke|p2|Rillaboom, L50, M|\n|poke|p2|Garganacl, L50, F|\n|poke|p2|Arcanine-Hisui, L50, F|\n|poke|p2|Chien-Pao, L50|\n|teampreview|4\n|inactive|Battle timer is ON: inactive players will automatically lose when time's up. (requested by Cool Cod)\n|\n|t:|1701055848\n|start\n|switch|p1a: Farigiraf|Farigiraf, L50, F, shiny|100\/100\n|switch|p1b: Ursaluna|Ursaluna, L50, F, shiny|100\/100\n|switch|p2a: Tornadus|Tornadus, L50, M|100\/100\n|switch|p2b: Garganacl|Garganacl, L50, F|100\/100\n|turn|1\n|\n|t:|1701055855\n|-terastallize|p2b: Garganacl|Ghost\n|move|p1b: Ursaluna|Protect|p1b: Ursaluna\n|-singleturn|p1b: Ursaluna|Protect\n|move|p2a: Tornadus|Bleakwind Storm|p1b: Ursaluna|[spread] p1a\n|-activate|p1b: Ursaluna|move: Protect\n|-damage|p1a: Farigiraf|77\/100\n|move|p2b: Garganacl|Iron Defense|p2b: Garganacl\n|-boost|p2b: Garganacl|def|2\n|move|p1a: Farigiraf|Trick Room|p1a: Farigiraf\n|-fieldstart|move: Trick Room|[of] p1a: Farigiraf\n|\n|-status|p1b: Ursaluna|brn|[from] item: Flame Orb\n|upkeep\n|turn|2\n|\n|t:|1701055874\n|switch|p2a: Arcanine|Arcanine-Hisui, L50, F|100\/100\n|-ability|p2a: Arcanine|Intimidate|boost\n|-unboost|p1a: Farigiraf|atk|1\n|-unboost|p1b: Ursaluna|atk|1\n|move|p1a: Farigiraf|Helping Hand|p1b: Ursaluna\n|-singleturn|p1b: Ursaluna|Helping Hand|[of] p1a: Farigiraf\n|move|p2b: Garganacl|Salt Cure|p1b: Ursaluna\n|-resisted|p1b: Ursaluna\n|-damage|p1b: Ursaluna|95\/100 brn\n|-start|p1b: Ursaluna|Salt Cure\n|move|p1b: Ursaluna|High Horsepower|p2b: Garganacl\n|-damage|p2b: Garganacl|70\/100\n|\n|-damage|p1b: Ursaluna|90\/100 brn|[from] brn\n|-damage|p1b: Ursaluna|77\/100 brn|[from] Salt Cure\n|upkeep\n|turn|3\n|\n|t:|1701055892\n|switch|p1a: Golem|Golem-Alola, L50, F, shiny|100\/100\n|switch|p2a: Rillaboom|Rillaboom, L50, M|100\/100\n|-fieldstart|move: Grassy Terrain|[from] ability: Grassy Surge|[of] p2a: Rillaboom\n|move|p2b: Garganacl|Iron Defense|p2b: Garganacl\n|-boost|p2b: Garganacl|def|2\n|move|p1b: Ursaluna|High Horsepower|p2a: Rillaboom\n|-resisted|p2a: Rillaboom\n|-damage|p2a: Rillaboom|75\/100\n|\n|-heal|p2b: Garganacl|75\/100|[from] Grassy Terrain\n|-heal|p1b: Ursaluna|83\/100 brn|[from] Grassy Terrain\n|-heal|p2a: Rillaboom|81\/100|[from] Grassy Terrain\n|-damage|p1b: Ursaluna|77\/100 brn|[from] brn\n|-damage|p1b: Ursaluna|65\/100 brn|[from] Salt Cure\n|upkeep\n|turn|4\n|\n|t:|1701055905\n|move|p2a: Rillaboom|Fake Out|p1a: Golem\n|-resisted|p1a: Golem\n|-damage|p1a: Golem|95\/100\n|-damage|p2a: Rillaboom|65\/100|[from] item: Rocky Helmet|[of] p1a: Golem\n|move|p2b: Garganacl|Salt Cure|p1a: Golem\n|-damage|p1a: Golem|83\/100\n|-start|p1a: Golem|Salt Cure\n|cant|p1a: Golem|flinch\n|move|p1b: Ursaluna|Facade|p2a: Rillaboom\n|-damage|p2a: Rillaboom|0 fnt\n|faint|p2a: Rillaboom\n|\n|-heal|p2b: Garganacl|81\/100|[from] Grassy Terrain\n|-heal|p1a: Golem|89\/100|[from] Grassy Terrain\n|-heal|p1b: Ursaluna|71\/100 brn|[from] Grassy Terrain\n|-damage|p1b: Ursaluna|65\/100 brn|[from] brn\n|-damage|p1a: Golem|77\/100|[from] Salt Cure\n|-damage|p1b: Ursaluna|53\/100 brn|[from] Salt Cure\n|upkeep\n|\n|t:|1701055910\n|switch|p2a: Arcanine|Arcanine-Hisui, L50, F|100\/100\n|-ability|p2a: Arcanine|Intimidate|boost\n|-unboost|p1a: Golem|atk|1\n|-unboost|p1b: Ursaluna|atk|1\n|turn|5\n|\n|t:|1701055915\n|switch|p2a: Tornadus|Tornadus, L50, M|100\/100\n|move|p2b: Garganacl|Salt Cure|p1b: Ursaluna\n|-resisted|p1b: Ursaluna\n|-damage|p1b: Ursaluna|48\/100 brn\n|move|p1a: Golem|Explosion|p2a: Tornadus|[spread] p2a,p2b\n|-immune|p1b: Ursaluna\n|-supereffective|p2a: Tornadus\n|-damage|p2a: Tornadus|0 fnt\n|-damage|p2b: Garganacl|62\/100\n|faint|p1a: Golem\n|faint|p2a: Tornadus\n|move|p1b: Ursaluna|High Horsepower|p2b: Garganacl\n|-damage|p2b: Garganacl|53\/100\n|\n|-heal|p2b: Garganacl|58\/100|[from] Grassy Terrain\n|-heal|p1b: Ursaluna|54\/100 brn|[from] Grassy Terrain\n|-damage|p1b: Ursaluna|48\/100 brn|[from] brn\n|-damage|p1b: Ursaluna|36\/100 brn|[from] Salt Cure\n|-fieldend|move: Trick Room\n|upkeep\n|\n|t:|1701055926\n|switch|p2a: Arcanine|Arcanine-Hisui, L50, F|100\/100\n|switch|p1a: Farigiraf|Farigiraf, L50, F, shiny|77\/100\n|-ability|p2a: Arcanine|Intimidate|boost\n|-unboost|p1a: Farigiraf|atk|1\n|-unboost|p1b: Ursaluna|atk|1\n|turn|6\n|\n|t:|1701055935\n|switch|p1b: Amoonguss|Amoonguss, L50, F, shiny|100\/100\n|move|p2a: Arcanine|Rock Slide|p1a: Farigiraf|[spread] p1a,p1b\n|-damage|p1a: Farigiraf|43\/100\n|-damage|p1b: Amoonguss|53\/100\n|move|p2b: Garganacl|Salt Cure|p1a: Farigiraf\n|-damage|p1a: Farigiraf|31\/100\n|-start|p1a: Farigiraf|Salt Cure\n|cant|p1a: Farigiraf|flinch\n|\n|-heal|p1a: Farigiraf|37\/100|[from] Grassy Terrain\n|-heal|p2b: Garganacl|64\/100|[from] Grassy Terrain\n|-heal|p1b: Amoonguss|59\/100|[from] Grassy Terrain\n|-heal|p1b: Amoonguss|65\/100|[from] item: Leftovers\n|-damage|p1a: Farigiraf|25\/100|[from] Salt Cure\n|upkeep\n|-enditem|p1a: Farigiraf|Aguav Berry|[eat]\n|-heal|p1a: Farigiraf|58\/100|[from] item: Aguav Berry\n|turn|7\n|\n|t:|1701055948\n|move|p1b: Amoonguss|Rage Powder|p1b: Amoonguss\n|-singleturn|p1b: Amoonguss|move: Rage Powder\n|move|p2a: Arcanine|Rock Slide|p1a: Farigiraf|[spread] p1b\n|-miss|p2a: Arcanine|p1a: Farigiraf\n|-damage|p1b: Amoonguss|17\/100\n|move|p2b: Garganacl|Salt Cure|p1b: Amoonguss\n|-damage|p1b: Amoonguss|2\/100\n|-start|p1b: Amoonguss|Salt Cure\n|move|p1a: Farigiraf|Trick Room|p1a: Farigiraf\n|-fieldstart|move: Trick Room|[of] p1a: Farigiraf\n|\n|-heal|p1b: Amoonguss|8\/100|[from] Grassy Terrain\n|-heal|p1b: Amoonguss|14\/100|[from] item: Leftovers\n|-heal|p2b: Garganacl|70\/100|[from] Grassy Terrain\n|-heal|p1a: Farigiraf|64\/100|[from] Grassy Terrain\n|-damage|p1b: Amoonguss|2\/100|[from] Salt Cure\n|-damage|p1a: Farigiraf|51\/100|[from] Salt Cure\n|-fieldend|move: Grassy Terrain\n|upkeep\n|turn|8\n|\n|t:|1701055967\n|switch|p1a: Ursaluna|Ursaluna, L50, F, shiny|36\/100 brn\n|move|p1b: Amoonguss|Pollen Puff|p1a: Ursaluna\n|-heal|p1a: Ursaluna|85\/100 brn\n|move|p2b: Garganacl|Iron Defense|p2b: Garganacl\n|-boost|p2b: Garganacl|def|2\n|move|p2a: Arcanine|Rock Slide|p1b: Amoonguss|[spread] p1a,p1b\n|-resisted|p1a: Ursaluna\n|-damage|p1a: Ursaluna|70\/100 brn\n|-damage|p1b: Amoonguss|0 fnt\n|faint|p1b: Amoonguss\n|\n|-damage|p1a: Ursaluna|64\/100 brn|[from] brn\n|upkeep\n|\n|t:|1701055975\n|switch|p1b: Farigiraf|Farigiraf, L50, F, shiny|51\/100\n|turn|9\n|\n|t:|1701055980\n|move|p1b: Farigiraf|Helping Hand|p1a: Ursaluna\n|-singleturn|p1a: Ursaluna|Helping Hand|[of] p1b: Farigiraf\n|move|p2b: Garganacl|Salt Cure|p1a: Ursaluna\n|-resisted|p1a: Ursaluna\n|-damage|p1a: Ursaluna|59\/100 brn\n|-start|p1a: Ursaluna|Salt Cure\n|move|p1a: Ursaluna|High Horsepower|p2a: Arcanine\n|-supereffective|p2a: Arcanine\n|-damage|p2a: Arcanine|0 fnt\n|faint|p2a: Arcanine\n|\n|-damage|p1a: Ursaluna|53\/100 brn|[from] brn\n|-damage|p1a: Ursaluna|41\/100 brn|[from] Salt Cure\n|upkeep\n|turn|10\n|\n|t:|1701055995\n|-terastallize|p1b: Farigiraf|Fairy\n|move|p2b: Garganacl|Recover|p2b: Garganacl\n|-heal|p2b: Garganacl|100\/100\n|move|p1a: Ursaluna|High Horsepower|p2b: Garganacl\n|-damage|p2b: Garganacl|83\/100\n|move|p1b: Farigiraf|Dazzling Gleam|p2b: Garganacl\n|-damage|p2b: Garganacl|62\/100\n|\n|-damage|p1a: Ursaluna|35\/100 brn|[from] brn\n|-damage|p1a: Ursaluna|22\/100 brn|[from] Salt Cure\n|upkeep\n|turn|11\n|\n|t:|1701056011\n|move|p1b: Farigiraf|Helping Hand|p1a: Ursaluna\n|-singleturn|p1a: Ursaluna|Helping Hand|[of] p1b: Farigiraf\n|move|p2b: Garganacl|Recover|p2b: Garganacl\n|-heal|p2b: Garganacl|100\/100\n|move|p1a: Ursaluna|High Horsepower|p2b: Garganacl\n|-damage|p2b: Garganacl|79\/100\n|\n|-damage|p1a: Ursaluna|17\/100 brn|[from] brn\n|-damage|p1a: Ursaluna|4\/100 brn|[from] Salt Cure\n|-fieldend|move: Trick Room\n|upkeep\n|turn|12\n|\n|t:|1701056026\n|move|p1a: Ursaluna|Protect|p1a: Ursaluna\n|-singleturn|p1a: Ursaluna|Protect\n|move|p2b: Garganacl|Protect|p2b: Garganacl\n|-singleturn|p2b: Garganacl|Protect\n|move|p1b: Farigiraf|Dazzling Gleam|p2b: Garganacl\n|-activate|p2b: Garganacl|move: Protect\n|\n|-damage|p1a: Ursaluna|0 fnt|[from] brn\n|faint|p1a: Ursaluna\n|upkeep\n|turn|13\n|\n|t:|1701056032\n|move|p2b: Garganacl|Salt Cure|p1b: Farigiraf\n|-damage|p1b: Farigiraf|39\/100\n|-start|p1b: Farigiraf|Salt Cure\n|move|p1b: Farigiraf|Trick Room|p1b: Farigiraf\n|-fieldstart|move: Trick Room|[of] p1b: Farigiraf\n|\n|-damage|p1b: Farigiraf|27\/100|[from] Salt Cure\n|upkeep\n|turn|14\n|-message|Cool Cod forfeited.\n|\n|win|Mazovin\n|raw|Cool Cod's rating: 1209 &rarr; <strong>1182<\/strong><br \/>(-27 for losing)\n|raw|Mazovin's rating: 1175 &rarr; <strong>1202<\/strong><br \/>(+27 for winning)\n|l|\u2606Cool Cod\n","uploadtime":1701056041,"views":1,"p1id":"coolcod","p2id":"mazovin","formatid":"gen9vgc2023regulatione","rating":1182,"private":0,"password":""}