{"id":"gen9vgc2023regulatione-1996384458","p1":"actornadoboy","p2":"Pabgar","format":"[Gen 9] VGC 2023 Regulation E","log":"|j|\u2606actornadoboy\n|j|\u2606Pabgar\n|n|\u2606actornadoboy|actornadoboy\n|n|\u2606Pabgar|pabgar\n|html|View the match progress at <a href=\"\/game-bestof3-gen9vgc2023regulatione-1996378464\">game-bestof3-gen9vgc2023regulatione-1996378464<\/a>\n|t:|1700676926\n|gametype|doubles\n|player|p1|actornadoboy|boarder|\n|player|p2|Pabgar|169|\n|teamsize|p1|6\n|teamsize|p2|6\n|gen|9\n|tier|[Gen 9] VGC 2023 Regulation E\n|rule|Species Clause: Limit one of each Pok\u00e9mon\n|rule|Item Clause: Limit one of each item\n|clearpoke\n|poke|p1|Regidrago, L50|\n|poke|p1|Farigiraf, L50, M|\n|poke|p1|Tornadus, L50, M|\n|poke|p1|Rillaboom, L50, M|\n|poke|p1|Gholdengo, L50|\n|poke|p1|Urshifu-*, L50, M|\n|poke|p2|Iron Hands, L50|\n|poke|p2|Landorus-Therian, L50, M|\n|poke|p2|Flutter Mane, L50|\n|poke|p2|Heatran, L50, M|\n|poke|p2|Tornadus, L50, M|\n|poke|p2|Dondozo, L50, M|\n|teampreview|4\n|inactive|Battle timer is ON: inactive players will automatically lose when time's up. (requested by actornadoboy)\nactornadoboy has agreed to open team sheets.\nPabgar has agreed to open team sheets.\n|showteam|p1|Regidrago||DracoPlate|DragonsMaw|DragonEnergy,DracoMeteor,EarthPower,Protect||||||50|,,,,,Steel]Farigiraf||SitrusBerry|ArmorTail|DazzlingGleam,HelpingHand,TrickRoom,Imprison|||M|||50|,,,,,Water]Tornadus||CovertCloak|Prankster|Tailwind,BleakwindStorm,RainDance,Taunt|||M|||50|,,,,,Dragon]Rillaboom||AssaultVest|GrassySurge|FakeOut,GrassyGlide,WoodHammer,Uturn|||M|||50|,,,,,Fire]Gholdengo||Leftovers|GoodasGold|MakeItRain,ShadowBall,NastyPlot,Protect||||||50|,,,,,Dragon]Urshifu-Rapid-Strike||ChoiceScarf|UnseenFist|SurgingStrikes,AquaJet,CloseCombat,Uturn|||M|||50|,,,,,Poison\n|showteam|p2|Iron Hands||AssaultVest|QuarkDrive|FakeOut,WildCharge,DrainPunch,HeavySlam||||||50|,,,,,Water]Landorus-Therian||ChoiceScarf|Intimidate|RockSlide,TeraBlast,StompingTantrum,Uturn|||M|||50|,,,,,Flying]Flutter Mane||ChoiceSpecs|Protosynthesis|Thunderbolt,Moonblast,DazzlingGleam,ShadowBall||||||50|,,,,,Fairy]Heatran||SitrusBerry|FlashFire|Protect,EarthPower,MagmaStorm,FlashCannon|||M|||50|,,,,,Grass]Tornadus||CovertCloak|Prankster|BleakwindStorm,Tailwind,SunnyDay,Taunt|||M|||50|,,,,,Electric]Dondozo||Leftovers|Oblivious|Protect,Yawn,HeavySlam,WaveCrash|||M|||50|,,,,,Poison\n|\n|t:|1700676965\n|start\n|switch|p1a: Smokey|Urshifu-Rapid-Strike, L50, M|100\/100\n|switch|p1b: Vito|Tornadus, L50, M|100\/100\n|switch|p2a: Iron Hands|Iron Hands, L50|100\/100\n|switch|p2b: Heatran|Heatran, L50, M|100\/100\n|turn|1\n|\n|t:|1700676979\n|-terastallize|p1a: Smokey|Poison\n|-terastallize|p2b: Heatran|Grass\n|move|p1b: Vito|Rain Dance|p1b: Vito\n|-weather|RainDance\n|move|p1a: Smokey|Surging Strikes|p2a: Iron Hands\n|-crit|p2a: Iron Hands\n|-damage|p2a: Iron Hands|79\/100\n|-crit|p2a: Iron Hands\n|-damage|p2a: Iron Hands|54\/100\n|-crit|p2a: Iron Hands\n|-damage|p2a: Iron Hands|30\/100\n|-hitcount|p2a: Iron Hands|3\n|move|p2b: Heatran|Magma Storm|p1b: Vito\n|-damage|p1b: Vito|62\/100\n|-activate|p1b: Vito|move: Magma Storm|[of] p2b: Heatran\n|move|p2a: Iron Hands|Wild Charge|p1a: Smokey\n|-damage|p1a: Smokey|48\/100\n|-damage|p2a: Iron Hands|21\/100|[from] Recoil\n|\n|-weather|RainDance|[upkeep]\n|-damage|p1b: Vito|50\/100|[from] move: Magma Storm|[partiallytrapped]\n|upkeep\n|turn|2\n|\n|t:|1700677000\n|move|p1a: Smokey|Surging Strikes|p2a: Iron Hands\n|-crit|p2a: Iron Hands\n|-damage|p2a: Iron Hands|0 fnt\n|faint|p2a: Iron Hands\n|-end|p2a: Iron Hands|Quark Drive|[silent]\n|-hitcount|p2: Iron Hands|1\n|move|p1b: Vito|Bleakwind Storm|p2b: Heatran\n|-supereffective|p2b: Heatran\n|-damage|p2b: Heatran|30\/100\n|-unboost|p2b: Heatran|spe|1\n|-enditem|p2b: Heatran|Sitrus Berry|[eat]\n|-heal|p2b: Heatran|55\/100|[from] item: Sitrus Berry\n|move|p2b: Heatran|Earth Power|p1a: Smokey\n|-supereffective|p1a: Smokey\n|-damage|p1a: Smokey|0 fnt\n|faint|p1a: Smokey\n|\n|-weather|RainDance|[upkeep]\n|-damage|p1b: Vito|37\/100|[from] move: Magma Storm|[partiallytrapped]\n|upkeep\n|\n|t:|1700677018\n|switch|p1a: King Julien|Rillaboom, L50, M|100\/100\n|switch|p2a: Tornadus|Tornadus, L50, M|100\/100\n|-fieldstart|move: Grassy Terrain|[from] ability: Grassy Surge|[of] p1a: King Julien\n|turn|3\n|\n|t:|1700677036\n|move|p1b: Vito|Taunt|p2a: Tornadus\n|-start|p2a: Tornadus|move: Taunt\n|cant|p2a: Tornadus|move: Taunt|Tailwind\n|move|p1a: King Julien|Wood Hammer|p2a: Tornadus\n|-resisted|p2a: Tornadus\n|-damage|p2a: Tornadus|52\/100\n|-damage|p1a: King Julien|86\/100|[from] Recoil\n|move|p2b: Heatran|Magma Storm|p1a: King Julien\n|-supereffective|p1a: King Julien\n|-damage|p1a: King Julien|43\/100\n|-activate|p1a: King Julien|move: Magma Storm|[of] p2b: Heatran\n|\n|-weather|RainDance|[upkeep]\n|-heal|p1a: King Julien|49\/100|[from] Grassy Terrain\n|-heal|p2b: Heatran|61\/100|[from] Grassy Terrain\n|-damage|p1b: Vito|25\/100|[from] move: Magma Storm|[partiallytrapped]\n|-damage|p1a: King Julien|37\/100|[from] move: Magma Storm|[partiallytrapped]\n|upkeep\n|turn|4\n|\n|t:|1700677057\n|move|p1a: King Julien|Grassy Glide|p2a: Tornadus\n|-resisted|p2a: Tornadus\n|-damage|p2a: Tornadus|28\/100\n|move|p1b: Vito|Bleakwind Storm|p2b: Heatran|[spread] p2a,p2b\n|-supereffective|p2b: Heatran\n|-crit|p2b: Heatran\n|-damage|p2a: Tornadus|0 fnt\n|-damage|p2b: Heatran|0 fnt\n|faint|p2a: Tornadus\n|faint|p2b: Heatran\n|\n|-weather|RainDance|[upkeep]\n|-heal|p1a: King Julien|43\/100|[from] Grassy Terrain\n|-end|p1b: Vito|Magma Storm|[partiallytrapped]|[silent]\n|-end|p1a: King Julien|Magma Storm|[partiallytrapped]|[silent]\n|upkeep\n|\n|t:|1700677069\n|switch|p2b: Flutter Mane|Flutter Mane, L50|100\/100\n|turn|5\n|\n|t:|1700677077\n|move|p1b: Vito|Tailwind|p1b: Vito\n|-sidestart|p1: actornadoboy|move: Tailwind\n|move|p1a: King Julien|Wood Hammer|p2b: Flutter Mane\n|-damage|p2b: Flutter Mane|0 fnt\n|faint|p2b: Flutter Mane\n|-end|p2b: Flutter Mane|Protosynthesis|[silent]\n|-damage|p1a: King Julien|16\/100|[from] Recoil\n|\n|win|actornadoboy\n|l|\u2606actornadoboy\n|l|\u2606Pabgar\n|j|\u2606actornadoboy\n|player|p1|actornadoboy|boarder\n","uploadtime":1700677146,"views":15,"p1id":"actornadoboy","p2id":"pabgar","formatid":"gen9vgc2023regulatione","rating":0,"private":0,"password":""}