{"id":"gen9vgc2023regulatione-1991024233","p1":"allplay","p2":"TrASh_MasTER_blaze","format":"[Gen 9] VGC 2023 Regulation E","log":"|j|\u2606allplay\n|j|\u2606TrASh_MasTER_blaze\n|t:|1700029919\n|gametype|doubles\n|player|p1|allplay|102|\n|player|p2|TrASh_MasTER_blaze|2|\n|teamsize|p1|6\n|teamsize|p2|6\n|gen|9\n|tier|[Gen 9] VGC 2023 Regulation E\n|rated|Tournament battle\n|rule|Species Clause: Limit one of each Pok\u00e9mon\n|rule|Item Clause: Limit one of each item\n|clearpoke\n|poke|p1|Landorus, L50, M|\n|poke|p1|Raichu, L50, F|\n|poke|p1|Baxcalibur, L50, M|\n|poke|p1|Ogerpon-Wellspring, L50, F|\n|poke|p1|Tornadus, L50, M|\n|poke|p1|Revavroom, L50, F|\n|poke|p2|Ninetales-Alola, L50, M|\n|poke|p2|Empoleon, L50, M|\n|poke|p2|Roaring Moon, L50|\n|poke|p2|Sinistcha, L50|\n|poke|p2|Urshifu-*, L50, F|\n|poke|p2|Arcanine-Hisui, L50, M|\n|teampreview|4\n|showteam|p1|Landorus||LifeOrb|SheerForce|SandsearStorm,EarthPower,SludgeBomb,Protect|||M|||50|,,,,,Poison]Raichu||Leftovers|LightningRod|FakeOut,Thunderbolt,Nuzzle,Charm|||F|||50|,,,,,Flying]Baxcalibur||AssaultVest|ThermalExchange|GlaiveRush,IcicleSpear,BrickBreak,IceShard|||M|||50|,,,,,Ghost]Ogerpon-Wellspring||WellspringMask|WaterAbsorb|IvyCudgel,Encore,SpikyShield,HornLeech|||F|||50|,,,,,Water]Tornadus||MentalHerb|Prankster|BleakwindStorm,Tailwind,RainDance,Taunt|||M|||50|,,,,,Dark]Revavroom||SitrusBerry|Filter|SpinOut,HighHorsepower,PoisonJab,Haze|||F|||50|,,,,,Flying\n|showteam|p2|Ninetales-Alola||LightClay|SnowWarning|AuroraVeil,Blizzard,Moonblast,Protect|||M|||50|,,,,,Ghost]Empoleon||AssaultVest|Competitive|IceBeam,HydroPump,FlashCannon,VacuumWave|||M|||50|,,,,,Grass]Roaring Moon||BoosterEnergy|Protosynthesis|Protect,Acrobatics,KnockOff,DragonDance||||||50|,,,,,Flying]Sinistcha||RockyHelmet|Hospitality|MatchaGotcha,StrengthSap,TrickRoom,RagePowder||||||50|,,,,,Water]Urshifu||FocusSash|UnseenFist|CloseCombat,WickedBlow,SuckerPunch,Protect|||F|||50|,,,,,Dark]Arcanine-Hisui||SitrusBerry|Intimidate|FlareBlitz,RockSlide,ExtremeSpeed,Protect|||M|||50|,,,,,Grass\n|inactive|Battle timer is ON: inactive players will automatically lose when time's up. (requested by TrASh_MasTER_blaze)\n|c|\u2606allplay|good luck and have fun buddy\n|inactive|allplay has 60 seconds left.\n|inactive|TrASh_MasTER_blaze has 60 seconds left.\n|inactive|allplay has 30 seconds left.\n|inactive|allplay has 20 seconds left.\n|inactive|allplay has 15 seconds left.\n|inactive|allplay has 10 seconds left.\n|inactive|allplay has 5 seconds left.\n|\n|t:|1700030006\n|start\n|switch|p1a: Landorus|Landorus, L50, M|100\/100\n|switch|p1b: Raichu|Raichu, L50, F, shiny|100\/100\n|switch|p2a: Ninetales|Ninetales-Alola, L50, M|100\/100\n|switch|p2b: Arcanine|Arcanine-Hisui, L50, M|100\/100\n|-weather|Snow|[from] ability: Snow Warning|[of] p2a: Ninetales\n|-ability|p2b: Arcanine|Intimidate|boost\n|-unboost|p1a: Landorus|atk|1\n|-unboost|p1b: Raichu|atk|1\n|turn|1\n|inactive|TrASh_MasTER_blaze has 30 seconds left.\n|\n|t:|1700030039\n|-terastallize|p2b: Arcanine|Grass\n|move|p2a: Ninetales|Protect|p2a: Ninetales\n|-singleturn|p2a: Ninetales|Protect\n|move|p1b: Raichu|Fake Out|p2a: Ninetales\n|-activate|p2a: Ninetales|move: Protect\n|move|p1a: Landorus|Sandsear Storm|p2a: Ninetales|[spread] p2b\n|-activate|p2a: Ninetales|move: Protect\n|-resisted|p2b: Arcanine\n|-damage|p2b: Arcanine|76\/100\n|move|p2b: Arcanine|Rock Slide|p1a: Landorus|[spread] \n|-miss|p2b: Arcanine|p1a: Landorus\n|-miss|p2b: Arcanine|p1b: Raichu\n|\n|-weather|Snow|[upkeep]\n|upkeep\n|turn|2\n|inactive|allplay has 30 seconds left.\n|c|\u2606allplay|looks like I prayed to the poke gods first\n|\n|t:|1700030073\n|-terastallize|p1a: Landorus|Poison\n|move|p2a: Ninetales|Blizzard|p1a: Landorus|[spread] p1a,p1b\n|-crit|p1a: Landorus\n|-damage|p1a: Landorus|56\/100\n|-damage|p1b: Raichu|69\/100\n|move|p1a: Landorus|Sludge Bomb|p2b: Arcanine\n|-supereffective|p2b: Arcanine\n|-damage|p2b: Arcanine|0 fnt\n|faint|p2b: Arcanine\n|move|p1b: Raichu|Nuzzle|p2a: Ninetales\n|-damage|p2a: Ninetales|96\/100\n|-status|p2a: Ninetales|par\n|\n|-weather|Snow|[upkeep]\n|-heal|p1b: Raichu|75\/100|[from] item: Leftovers\n|upkeep\n|\n|t:|1700030081\n|switch|p2b: Urshifu|Urshifu, L50, F|100\/100\n|turn|3\n|c|\u2606TrASh_MasTER_blaze|yeah that double miss really fucked me\n|c|\u2606TrASh_MasTER_blaze|gg\n|inactive|allplay has 30 seconds left.\n|\n|t:|1700030112\n|move|p1a: Landorus|Sandsear Storm|p2a: Ninetales|[spread] p2a,p2b\n|-damage|p2a: Ninetales|30\/100 par\n|-damage|p2b: Urshifu|10\/100\n|move|p2b: Urshifu|Wicked Blow|p1a: Landorus\n|-crit|p1a: Landorus\n|-damage|p1a: Landorus|0 fnt\n|faint|p1a: Landorus\n|move|p1b: Raichu|Thunderbolt|p2b: Urshifu\n|-damage|p2b: Urshifu|0 fnt\n|faint|p2b: Urshifu\n|move|p2a: Ninetales|Aurora Veil|p2a: Ninetales\n|-sidestart|p2: TrASh_MasTER_blaze|move: Aurora Veil\n|\n|-weather|Snow|[upkeep]\n|-heal|p1b: Raichu|80\/100|[from] item: Leftovers\n|upkeep\n|\n|t:|1700030130\n|switch|p1a: Revavroom|Revavroom, L50, F|100\/100\n|switch|p2b: Sinistcha|Sinistcha, L50|100\/100\n|-heal|p2a: Ninetales|55\/100 par|[from] ability: Hospitality|[of] p2b: Sinistcha\n|turn|4\n|\n|t:|1700030145\n|move|p2a: Ninetales|Protect|p2a: Ninetales\n|-singleturn|p2a: Ninetales|Protect\n|move|p1b: Raichu|Nuzzle|p2b: Sinistcha\n|-resisted|p2b: Sinistcha\n|-damage|p2b: Sinistcha|99\/100\n|-status|p2b: Sinistcha|par\n|-damage|p1b: Raichu|64\/100|[from] item: Rocky Helmet|[of] p2b: Sinistcha\n|move|p1a: Revavroom|Spin Out|p2a: Ninetales\n|-activate|p2a: Ninetales|move: Protect\n|move|p2b: Sinistcha|Matcha Gotcha|p1a: Revavroom|[spread] p1a,p1b\n|-resisted|p1a: Revavroom\n|-damage|p1a: Revavroom|94\/100\n|-heal|p2b: Sinistcha|100\/100 par|[from] drain|[of] p1a: Revavroom\n|-damage|p1b: Raichu|23\/100\n|\n|-weather|Snow|[upkeep]\n|-heal|p1b: Raichu|28\/100|[from] item: Leftovers\n|upkeep\n|turn|5\n|inactive|allplay has 30 seconds left.\n|\n|t:|1700030176\n|move|p2b: Sinistcha|Rage Powder|p2b: Sinistcha\n|-singleturn|p2b: Sinistcha|move: Rage Powder\n|move|p1b: Raichu|Thunderbolt|p2b: Sinistcha\n|-resisted|p2b: Sinistcha\n|-damage|p2b: Sinistcha|86\/100 par\n|move|p1a: Revavroom|Poison Jab|p2b: Sinistcha\n|-crit|p2b: Sinistcha\n|-damage|p2b: Sinistcha|42\/100 par\n|-damage|p1a: Revavroom|78\/100|[from] item: Rocky Helmet|[of] p2b: Sinistcha\n|move|p2a: Ninetales|Blizzard|p1a: Revavroom|[spread] p1a,p1b\n|-resisted|p1a: Revavroom\n|-damage|p1a: Revavroom|66\/100\n|-damage|p1b: Raichu|0 fnt\n|faint|p1b: Raichu\n|\n|-weather|none\n|upkeep\n|\n|t:|1700030189\n|switch|p1b: Tornadus|Tornadus, L50, M|100\/100\n|turn|6\n|\n|t:|1700030206\n|cant|p2a: Ninetales|par\n|move|p1b: Tornadus|Bleakwind Storm|p2b: Sinistcha|[spread] p2a,p2b\n|-supereffective|p2b: Sinistcha\n|-damage|p2a: Ninetales|30\/100 par\n|-damage|p2b: Sinistcha|0 fnt\n|faint|p2b: Sinistcha\n|move|p1a: Revavroom|Poison Jab|p2a: Ninetales\n|-supereffective|p2a: Ninetales\n|-damage|p2a: Ninetales|0 fnt\n|faint|p2a: Ninetales\n|\n|win|allplay\n|n|\u2606allplay|allplay\n|n|\u2606TrASh_MasTER_blaze|trashmasterblaze\n|c|\u2606allplay|gg sorry bout rng\n|c|\u2606allplay|would have been closer for sure\n","uploadtime":1700030266,"views":16,"p1id":"allplay","p2id":"trashmasterblaze","formatid":"gen9vgc2023regulatione","rating":0,"private":0,"password":""}