{"id":"gen9vgc2023regulatione-1993255594","p1":"Sskdkfk","p2":"DeAndreRicketts","format":"[Gen 9] VGC 2023 Regulation E","log":"|j|\u2606Sskdkfk\n|j|\u2606DeAndreRicketts\n|t:|1700285103\n|gametype|doubles\n|player|p1|Sskdkfk|unknown|1250\n|player|p2|DeAndreRicketts|buck|1250\n|teamsize|p1|6\n|teamsize|p2|6\n|gen|9\n|tier|[Gen 9] VGC 2023 Regulation E\n|rated|\n|rule|Species Clause: Limit one of each Pok\u00e9mon\n|rule|Item Clause: Limit one of each item\n|clearpoke\n|poke|p1|Maushold-Four, L50|\n|poke|p1|Annihilape, L50, M|\n|poke|p1|Flamigo, L50, F|\n|poke|p1|Staraptor, L50, M|\n|poke|p1|Dondozo, L50, M|\n|poke|p1|Tatsugiri, L50, M|\n|poke|p2|Flutter Mane, L50|\n|poke|p2|Gothitelle, L50, M|\n|poke|p2|Dondozo, L50, M|\n|poke|p2|Tatsugiri-Droopy, L50, F|\n|poke|p2|Dusclops, L50, F|\n|poke|p2|Ursaluna-Bloodmoon, L50, M|\n|teampreview|4\n|inactive|Battle timer is ON: inactive players will automatically lose when time's up. (requested by Sskdkfk)\n|j| Rich vvs\n|\n|t:|1700285129\n|start\n|switch|p1a: Quad Squad|Maushold-Four, L50, shiny|100\/100\n|switch|p1b: Too Curious George|Annihilape, L50, M, shiny|100\/100\n|switch|p2a: Dusclops|Dusclops, L50, F|100\/100\n|switch|p2b: Ursaluna|Ursaluna-Bloodmoon, L50, M|100\/100\n|-ability|p2a: Dusclops|Pressure\n|turn|1\n|\n|t:|1700285146\n|move|p2b: Ursaluna|Protect|p2b: Ursaluna\n|-singleturn|p2b: Ursaluna|Protect\n|move|p1a: Quad Squad|Beat Up|p1b: Too Curious George\n|-damage|p1b: Too Curious George|95\/100\n|-damage|p1b: Too Curious George|89\/100\n|-damage|p1b: Too Curious George|81\/100\n|-damage|p1b: Too Curious George|75\/100\n|-hitcount|p1b: Too Curious George|4\n|move|p1b: Too Curious George|Rage Fist|p2a: Dusclops\n|-supereffective|p2a: Dusclops\n|-crit|p2a: Dusclops\n|-damage|p2a: Dusclops|0 fnt\n|faint|p2a: Dusclops\n|\n|upkeep\n|\n|t:|1700285160\n|switch|p2a: Juice Wrld|Dondozo, L50, M, shiny|100\/100\n|turn|2\n|\n|t:|1700285184\n|switch|p2b: Perc|Tatsugiri-Droopy, L50, F, shiny|100\/100\n|-activate|p2b: Perc|ability: Commander|[of] p2a: Juice Wrld\n|-boost|p2a: Juice Wrld|atk|2\n|-boost|p2a: Juice Wrld|spa|2\n|-boost|p2a: Juice Wrld|spe|2\n|-boost|p2a: Juice Wrld|def|2\n|-boost|p2a: Juice Wrld|spd|2\n|-terastallize|p2a: Juice Wrld|Grass\n|move|p1a: Quad Squad|Population Bomb|p2a: Juice Wrld\n|-damage|p2a: Juice Wrld|96\/100\n|-damage|p2a: Juice Wrld|91\/100\n|-damage|p2a: Juice Wrld|86\/100\n|-damage|p2a: Juice Wrld|82\/100\n|-damage|p2a: Juice Wrld|77\/100\n|-damage|p2a: Juice Wrld|73\/100\n|-damage|p2a: Juice Wrld|69\/100\n|-damage|p2a: Juice Wrld|64\/100\n|-damage|p2a: Juice Wrld|60\/100\n|-damage|p2a: Juice Wrld|56\/100\n|-hitcount|p2a: Juice Wrld|10\n|move|p2a: Juice Wrld|Rock Slide|p1b: Too Curious George|[spread] p1a,p1b\n|-resisted|p1b: Too Curious George\n|-damage|p1a: Quad Squad|46\/100\n|-damage|p1b: Too Curious George|60\/100\n|cant|p1b: Too Curious George|flinch\n|\n|-heal|p2a: Juice Wrld|62\/100|[from] item: Leftovers\n|upkeep\n|turn|3\n|inactive|DeAndreRicketts has 30 seconds left.\n|\n|t:|1700285213\n|move|p2a: Juice Wrld|Protect|p2a: Juice Wrld\n|-singleturn|p2a: Juice Wrld|Protect\n|move|p1a: Quad Squad|Population Bomb|p2a: Juice Wrld\n|-activate|p2a: Juice Wrld|move: Protect\n|move|p1b: Too Curious George|Rage Fist|p2a: Juice Wrld\n|-activate|p2a: Juice Wrld|move: Protect\n|\n|-heal|p2a: Juice Wrld|68\/100|[from] item: Leftovers\n|upkeep\n|turn|4\n|inactive|Sskdkfk has 30 seconds left.\n|c| Rich vvs|Wave crash the fuckin ape\n|\n|t:|1700285246\n|move|p1a: Quad Squad|Population Bomb|p2a: Juice Wrld\n|-damage|p2a: Juice Wrld|64\/100\n|-damage|p2a: Juice Wrld|59\/100\n|-damage|p2a: Juice Wrld|55\/100\n|-damage|p2a: Juice Wrld|50\/100\n|-damage|p2a: Juice Wrld|46\/100\n|-damage|p2a: Juice Wrld|42\/100\n|-damage|p2a: Juice Wrld|37\/100\n|-damage|p2a: Juice Wrld|33\/100\n|-damage|p2a: Juice Wrld|27\/100\n|-damage|p2a: Juice Wrld|23\/100\n|-hitcount|p2a: Juice Wrld|10\n|move|p2a: Juice Wrld|Rock Slide|p1b: Too Curious George|[spread] p1a,p1b\n|-crit|p1a: Quad Squad\n|-resisted|p1b: Too Curious George\n|-damage|p1a: Quad Squad|0 fnt\n|-damage|p1b: Too Curious George|42\/100\n|-enditem|p1b: Too Curious George|Sitrus Berry|[eat]\n|-heal|p1b: Too Curious George|67\/100|[from] item: Sitrus Berry\n|faint|p1a: Quad Squad\n|move|p1b: Too Curious George|Rage Fist|p2a: Juice Wrld\n|-damage|p2a: Juice Wrld|0 fnt\n|faint|p2a: Juice Wrld\n|\n|upkeep\n|c|\u2606DeAndreRicketts|heard\n|inactive|DeAndreRicketts has 30 seconds left.\n|c|\u2606DeAndreRicketts|oops\n|\n|t:|1700285274\n|switch|p1a: F22 Staraptor|Staraptor, L50, M|100\/100\n|switch|p2a: Ursaluna|Ursaluna-Bloodmoon, L50, M|100\/100\n|-ability|p1a: F22 Staraptor|Intimidate|boost\n|-unboost|p2a: Ursaluna|atk|1\n|-unboost|p2b: Perc|atk|1\n|turn|5\n|c| Rich vvs|you\u2019re fine\n|inactive|Sskdkfk has 30 seconds left.\n|\n|t:|1700285308\n|move|p2b: Perc|Muddy Water|p1b: Too Curious George|[spread] p1a,p1b\n|-damage|p1a: F22 Staraptor|58\/100\n|-damage|p1b: Too Curious George|35\/100\n|-unboost|p1a: F22 Staraptor|accuracy|1\n|move|p1a: F22 Staraptor|Final Gambit|p2b: Perc\n|-damage|p2b: Perc|24\/100\n|faint|p1a: F22 Staraptor\n|move|p1b: Too Curious George|Drain Punch|p2a: Ursaluna\n|-supereffective|p2a: Ursaluna\n|-damage|p2a: Ursaluna|57\/100\n|-heal|p1b: Too Curious George|58\/100|[from] drain|[of] p2a: Ursaluna\n|-enditem|p2a: Ursaluna|Weakness Policy\n|-boost|p2a: Ursaluna|atk|2|[from] item: Weakness Policy\n|-boost|p2a: Ursaluna|spa|2|[from] item: Weakness Policy\n|move|p2a: Ursaluna|Hyper Voice|p1b: Too Curious George\n|-damage|p1b: Too Curious George|0 fnt\n|faint|p1b: Too Curious George\n|\n|upkeep\n|\n|t:|1700285324\n|switch|p1b: Snooty Booty|Flamigo, L50, F, shiny|100\/100\n|turn|6\n|\n|t:|1700285330\n|move|p1b: Snooty Booty|Wide Guard|p1b: Snooty Booty\n|-singleturn|p1b: Snooty Booty|Wide Guard\n|move|p2b: Perc|Muddy Water|p1b: Snooty Booty\n|-activate|p1b: Snooty Booty|move: Wide Guard\n|move|p2a: Ursaluna|Blood Moon|p1b: Snooty Booty\n|-damage|p1b: Snooty Booty|0 fnt\n|faint|p1b: Snooty Booty\n|\n|win|DeAndreRicketts\n|raw|Sskdkfk's rating: 1300 &rarr; <strong>1271<\/strong><br \/>(-29 for losing)\n|raw|DeAndreRicketts's rating: 1250 &rarr; <strong>1279<\/strong><br \/>(+29 for winning)\n|l|\u2606Sskdkfk\n","uploadtime":1700285245,"views":28,"p1id":"sskdkfk","p2id":"deandrericketts","formatid":"gen9vgc2023regulatione","rating":1271,"private":0,"password":""}