{"id":"gen9vgc2023regulatione-1988033764","p1":"Aylona","p2":"WickedCheeseTouch","format":"[Gen 9] VGC 2023 Regulation E","log":"|j|\u2606Aylona\n|j|\u2606WickedCheeseTouch\n|n|\u2606Aylona|aylona\n|n|\u2606WickedCheeseTouch|wickedcheesetouch\n|html|View the match progress at <a href=\"\/game-bestof3-gen9vgc2023regulatione-1988033763\">game-bestof3-gen9vgc2023regulatione-1988033763<\/a>\n|t:|1699661515\n|gametype|doubles\n|player|p1|Aylona|morty|\n|player|p2|WickedCheeseTouch|lucas|\n|teamsize|p1|6\n|teamsize|p2|6\n|gen|9\n|tier|[Gen 9] VGC 2023 Regulation E\n|rated|Tournament battle\n|rule|Species Clause: Limit one of each Pok\u00e9mon\n|rule|Item Clause: Limit one of each item\n|clearpoke\n|poke|p1|Annihilape, L50, F|\n|poke|p1|Iron Hands, L50|\n|poke|p1|Arcanine-Hisui, L50, F|\n|poke|p1|Sinistcha, L50|\n|poke|p1|Armarouge, L50, M|\n|poke|p1|Indeedee-F, L50, F|\n|poke|p2|Flutter Mane, L50|\n|poke|p2|Chien-Pao, L50|\n|poke|p2|Tornadus, L50, M|\n|poke|p2|Rillaboom, L50, M|\n|poke|p2|Urshifu-*, L50, M|\n|poke|p2|Arcanine-Hisui, L50, M|\n|teampreview|4\n|showteam|p1|Annihilape||Leftovers|Defiant|RageFist,DrainPunch,BulkUp,Protect|||F|||50|,,,,,Fire]Iron Hands||AssaultVest|QuarkDrive|WildCharge,DrainPunch,HeavySlam,FakeOut||||||50|,,,,,Grass]Arcanine-Hisui||ChoiceBand|Intimidate|FlareBlitz,RockSlide,ExtremeSpeed,TeraBlast|||F|||50|,,,,,Fairy]Sinistcha||SitrusBerry|Hospitality|MatchaGotcha,StrengthSap,TrickRoom,RagePowder||||||50|,,,,,Water]Armarouge||LifeOrb|FlashFire|ExpandingForce,ArmorCannon,Protect,TrickRoom|||M|||50|,,,,,Grass]Indeedee-F||RockyHelmet|PsychicSurge|DazzlingGleam,HelpingHand,TrickRoom,FollowMe|||F|||50|,,,,,Dragon\n|showteam|p2|Flutter Mane||BoosterEnergy|Protosynthesis|Moonblast,DazzlingGleam,ShadowBall,Protect||||||50|,,,,,Fairy]Chien-Pao||FocusSash|SwordofRuin|IcicleCrash,SuckerPunch,SacredSword,Protect||||||50|,,,,,Ghost]Tornadus||RockyHelmet|Prankster|BleakwindStorm,RainDance,Tailwind,Taunt|||M|||50|,,,,,Steel]Rillaboom||AssaultVest|GrassySurge|WoodHammer,GrassyGlide,Uturn,FakeOut|||M|||50|,,,,,Fire]Urshifu-Rapid-Strike||MysticWater|UnseenFist|SurgingStrikes,AquaJet,CloseCombat,Detect|||M|||50|,,,,,Water]Arcanine-Hisui||ChoiceBand|Intimidate|ExtremeSpeed,RockSlide,FlareBlitz,HeadSmash|||M|||50|,,,,,Normal\n|\n|t:|1699661554\n|start\n|switch|p1a: Annihilape|Annihilape, L50, F|100\/100\n|switch|p1b: Iron Hands|Iron Hands, L50|100\/100\n|switch|p2a: Arcanine|Arcanine-Hisui, L50, M|100\/100\n|switch|p2b: Chien-Pao|Chien-Pao, L50|100\/100\n|-ability|p2b: Chien-Pao|Sword of Ruin\n|-ability|p2a: Arcanine|Intimidate|boost\n|-unboost|p1a: Annihilape|atk|1\n|-ability|p1a: Annihilape|Defiant|boost\n|-boost|p1a: Annihilape|atk|2\n|-unboost|p1b: Iron Hands|atk|1\n|turn|1\n|\n|t:|1699661576\n|switch|p2a: Rillaboom|Rillaboom, L50, M, shiny|100\/100\n|-fieldstart|move: Grassy Terrain|[from] ability: Grassy Surge|[of] p2a: Rillaboom\n|move|p2b: Chien-Pao|Protect|p2b: Chien-Pao\n|-singleturn|p2b: Chien-Pao|Protect\n|move|p1a: Annihilape|Protect|p1a: Annihilape\n|-singleturn|p1a: Annihilape|Protect\n|move|p1b: Iron Hands|Fake Out|p2a: Rillaboom\n|-damage|p2a: Rillaboom|87\/100\n|\n|-heal|p2a: Rillaboom|93\/100|[from] Grassy Terrain\n|upkeep\n|turn|2\n|\n|t:|1699661594\n|-end|p1b: Iron Hands|Quark Drive|[silent]\n|switch|p1b: Arcanine|Arcanine-Hisui, L50, F|100\/100\n|-ability|p1b: Arcanine|Intimidate|boost\n|-unboost|p2a: Rillaboom|atk|1\n|-unboost|p2b: Chien-Pao|atk|1\n|move|p2b: Chien-Pao|Icicle Crash|p1a: Annihilape\n|-damage|p1a: Annihilape|64\/100\n|move|p2a: Rillaboom|Wood Hammer|p1a: Annihilape\n|-damage|p1a: Annihilape|3\/100\n|-damage|p2a: Rillaboom|71\/100|[from] Recoil\n|cant|p1a: Annihilape|flinch\n|\n|-heal|p2a: Rillaboom|77\/100|[from] Grassy Terrain\n|-heal|p1a: Annihilape|9\/100|[from] Grassy Terrain\n|-heal|p1a: Annihilape|15\/100|[from] item: Leftovers\n|upkeep\n|turn|3\n|\n|t:|1699661616\n|switch|p1a: Iron Hands|Iron Hands, L50|100\/100\n|move|p2b: Chien-Pao|Protect|p2b: Chien-Pao\n|-singleturn|p2b: Chien-Pao|Protect\n|move|p1b: Arcanine|Rock Slide|p2a: Rillaboom|[spread] p2a\n|-activate|p2b: Chien-Pao|move: Protect\n|-damage|p2a: Rillaboom|20\/100\n|cant|p2a: Rillaboom|flinch\n|\n|-heal|p2a: Rillaboom|26\/100|[from] Grassy Terrain\n|upkeep\n|turn|4\n|\n|t:|1699661642\n|-terastallize|p2b: Chien-Pao|Ghost\n|move|p1a: Iron Hands|Fake Out|p2b: Chien-Pao\n|-immune|p2b: Chien-Pao\n|move|p2a: Rillaboom|Grassy Glide|p1a: Iron Hands\n|-damage|p1a: Iron Hands|75\/100\n|move|p2b: Chien-Pao|Icicle Crash|p1a: Iron Hands\n|-damage|p1a: Iron Hands|46\/100\n|move|p1b: Arcanine|Rock Slide|p2a: Rillaboom|[spread] p2a,p2b\n|-damage|p2a: Rillaboom|0 fnt\n|-damage|p2b: Chien-Pao|38\/100\n|faint|p2a: Rillaboom\n|\n|-heal|p2b: Chien-Pao|44\/100|[from] Grassy Terrain\n|-heal|p1a: Iron Hands|52\/100|[from] Grassy Terrain\n|upkeep\n|\n|t:|1699661651\n|switch|p2a: Urshifu|Urshifu-Rapid-Strike, L50, M|100\/100\n|turn|5\n|\n|t:|1699661671\n|switch|p1b: Sinistcha|Sinistcha, L50|100\/100\n|-heal|p1a: Iron Hands|77\/100|[from] ability: Hospitality|[of] p1b: Sinistcha\n|move|p2b: Chien-Pao|Protect|p2b: Chien-Pao\n|-singleturn|p2b: Chien-Pao|Protect\n|move|p2a: Urshifu|Surging Strikes|p1a: Iron Hands\n|-crit|p1a: Iron Hands\n|-damage|p1a: Iron Hands|54\/100\n|-crit|p1a: Iron Hands\n|-damage|p1a: Iron Hands|31\/100\n|-crit|p1a: Iron Hands\n|-damage|p1a: Iron Hands|6\/100\n|-hitcount|p1a: Iron Hands|3\n|move|p1a: Iron Hands|Wild Charge|p2a: Urshifu\n|-supereffective|p2a: Urshifu\n|-damage|p2a: Urshifu|0 fnt\n|faint|p2a: Urshifu\n|-damage|p1a: Iron Hands|0 fnt|[from] Recoil\n|faint|p1a: Iron Hands\n|-end|p1a: Iron Hands|Quark Drive|[silent]\n|\n|-heal|p2b: Chien-Pao|50\/100|[from] Grassy Terrain\n|-fieldend|move: Grassy Terrain\n|upkeep\n|\n|t:|1699661690\n|switch|p2a: Arcanine|Arcanine-Hisui, L50, M|100\/100\n|switch|p1a: Arcanine|Arcanine-Hisui, L50, F|100\/100\n|-ability|p2a: Arcanine|Intimidate|boost\n|-unboost|p1a: Arcanine|atk|1\n|-unboost|p1b: Sinistcha|atk|1\n|-ability|p1a: Arcanine|Intimidate|boost\n|-unboost|p2a: Arcanine|atk|1\n|-unboost|p2b: Chien-Pao|atk|1\n|turn|6\n|\n|t:|1699661709\n|-terastallize|p1b: Sinistcha|Water\n|move|p2b: Chien-Pao|Icicle Crash|p1a: Arcanine\n|-resisted|p1a: Arcanine\n|-damage|p1a: Arcanine|81\/100\n|move|p2a: Arcanine|Rock Slide|p1a: Arcanine|[spread] p1a,p1b\n|-supereffective|p1a: Arcanine\n|-damage|p1a: Arcanine|0 fnt\n|-damage|p1b: Sinistcha|65\/100\n|faint|p1a: Arcanine\n|move|p1b: Sinistcha|Strength Sap|p2a: Arcanine\n|-unboost|p2a: Arcanine|atk|1\n|-heal|p1b: Sinistcha|100\/100\n|\n|upkeep\n|\n|t:|1699661721\n|switch|p1a: Annihilape|Annihilape, L50, F|15\/100\n|turn|7\n|\n|t:|1699661724\n|move|p1a: Annihilape|Protect|p1a: Annihilape\n|-singleturn|p1a: Annihilape|Protect\n|move|p2b: Chien-Pao|Icicle Crash|p1b: Sinistcha\n|-resisted|p1b: Sinistcha\n|-damage|p1b: Sinistcha|88\/100\n|move|p2a: Arcanine|Rock Slide|p1a: Annihilape|[spread] p1b\n|-activate|p1a: Annihilape|move: Protect\n|-crit|p1b: Sinistcha\n|-damage|p1b: Sinistcha|13\/100\n|-enditem|p1b: Sinistcha|Sitrus Berry|[eat]\n|-heal|p1b: Sinistcha|38\/100|[from] item: Sitrus Berry\n|cant|p1b: Sinistcha|flinch\n|\n|-heal|p1a: Annihilape|21\/100|[from] item: Leftovers\n|upkeep\n|turn|8\n|\n|t:|1699661746\n|move|p1a: Annihilape|Protect||[still]\n|-fail|p1a: Annihilape\n|move|p2b: Chien-Pao|Sacred Sword|p1b: Sinistcha\n|-damage|p1b: Sinistcha|20\/100\n|move|p2a: Arcanine|Rock Slide|p1a: Annihilape|[spread] p1a,p1b\n|-resisted|p1a: Annihilape\n|-damage|p1a: Annihilape|7\/100\n|-damage|p1b: Sinistcha|0 fnt\n|faint|p1b: Sinistcha\n|\n|-heal|p1a: Annihilape|13\/100|[from] item: Leftovers\n|upkeep\n|turn|9\n|\n|t:|1699661759\n|move|p2b: Chien-Pao|Sucker Punch|p1a: Annihilape\n|-damage|p1a: Annihilape|0 fnt\n|faint|p1a: Annihilape\n|\n|win|WickedCheeseTouch\n|c|&|\/uhtml prompt-wickedcheesetouch,WickedCheeseTouch is ready for game 2!\n|c|&|\/uhtml prompt-aylona,Aylona is ready for game 2!\nBoth players are ready! Starting next match!\n|l|\u2606WickedCheeseTouch\n","uploadtime":1699661785,"views":36,"p1id":"aylona","p2id":"wickedcheesetouch","formatid":"gen9vgc2023regulatione","rating":0,"private":0,"password":""}