{"id":"gen9vgc2023regulatione-1992258006","p1":"anotherhito","p2":"kavonpokebros","format":"[Gen 9] VGC 2023 Regulation E","log":"|j|\u2606anotherhito\n|j|\u2606kavonpokebros\n|t:|1700168398\n|gametype|doubles\n|player|p1|anotherhito|brock|1015\n|player|p2|kavonpokebros|worker-gen4|1031\n|teamsize|p1|4\n|teamsize|p2|6\n|gen|9\n|tier|[Gen 9] VGC 2023 Regulation E\n|rated|\n|rule|Species Clause: Limit one of each Pok\u00e9mon\n|rule|Item Clause: Limit one of each item\n|clearpoke\n|poke|p1|Braviary-Hisui, L50, M|\n|poke|p1|Farigiraf, L50, M|\n|poke|p1|Azumarill, L50, M|\n|poke|p1|Jumpluff, L50, M|\n|poke|p2|Persian-Alola, L50, M|\n|poke|p2|Arcanine, L50, F|\n|poke|p2|Milotic, L50, M|\n|poke|p2|Mimikyu, L50, M|\n|poke|p2|Appletun, L50, F|\n|poke|p2|Sneasler, L50, M|\n|teampreview|4\n|\n|t:|1700168426\n|start\n|switch|p1a: Braviary|Braviary-Hisui, L50, M, shiny|100\/100\n|switch|p1b: Farigiraf|Farigiraf, L50, M|100\/100\n|switch|p2a: Persian|Persian-Alola, L50, M|100\/100\n|switch|p2b: Sneasler|Sneasler, L50, M|100\/100\n|turn|1\n|\n|t:|1700168451\n|-terastallize|p2b: Sneasler|Poison\n|move|p2a: Persian|Snarl|p1a: Braviary|[spread] p1a,p1b\n|-supereffective|p1a: Braviary\n|-supereffective|p1b: Farigiraf\n|-damage|p1a: Braviary|75\/100\n|-damage|p1b: Farigiraf|78\/100\n|-unboost|p1a: Braviary|spa|1\n|-unboost|p1b: Farigiraf|spa|1\n|move|p2b: Sneasler|Brick Break|p1b: Farigiraf\n|-damage|p1b: Farigiraf|19\/100\n|move|p1a: Braviary|Psychic|p2b: Sneasler\n|-supereffective|p2b: Sneasler\n|-damage|p2b: Sneasler|0 fnt\n|faint|p2b: Sneasler\n|move|p1b: Farigiraf|Trick Room|p1b: Farigiraf\n|-fieldstart|move: Trick Room|[of] p1b: Farigiraf\n|\n|upkeep\n|\n|t:|1700168467\n|switch|p2b: Milotic|Milotic, L50, M|100\/100\n|turn|2\n|\n|t:|1700168481\n|move|p1b: Farigiraf|Psychic|p2b: Milotic\n|-damage|p2b: Milotic|77\/100\n|move|p1a: Braviary|Psychic|p2b: Milotic\n|-damage|p2b: Milotic|33\/100\n|move|p2b: Milotic|Ice Beam|p1a: Braviary\n|-supereffective|p1a: Braviary\n|-damage|p1a: Braviary|0 fnt\n|faint|p1a: Braviary\n|move|p2a: Persian|Snarl|p1b: Farigiraf\n|-supereffective|p1b: Farigiraf\n|-damage|p1b: Farigiraf|0 fnt\n|faint|p1b: Farigiraf\n|\n|upkeep\n|\n|t:|1700168492\n|switch|p1b: Jumpluff|Jumpluff, L50, M|100\/100\n|switch|p1a: Azumarill|Azumarill, L50, M|100\/100\n|turn|3\n|\n|t:|1700168508\n|switch|p2a: Arcanine|Arcanine, L50, F|100\/100\n|-ability|p2a: Arcanine|Intimidate|boost\n|-unboost|p1a: Azumarill|atk|1\n|-unboost|p1b: Jumpluff|atk|1\n|move|p1a: Azumarill|Belly Drum|p1a: Azumarill\n|-damage|p1a: Azumarill|50\/100\n|-setboost|p1a: Azumarill|atk|6|[from] move: Belly Drum\n|-enditem|p2a: Arcanine|Mirror Herb\n|-boost|p2a: Arcanine|atk|6|[from] item: Mirror Herb\n|-enditem|p1a: Azumarill|Sitrus Berry|[eat]\n|-heal|p1a: Azumarill|75\/100|[from] item: Sitrus Berry\n|move|p2b: Milotic|Ice Beam|p1b: Jumpluff\n|-supereffective|p1b: Jumpluff\n|-enditem|p1b: Jumpluff|Yache Berry|[eat]\n|-enditem|p1b: Jumpluff|Yache Berry|[weaken]\n|-damage|p1b: Jumpluff|22\/100\n|move|p1b: Jumpluff|Giga Drain|p2b: Milotic\n|-supereffective|p2b: Milotic\n|-damage|p2b: Milotic|6\/100\n|-heal|p1b: Jumpluff|37\/100|[from] drain|[of] p2b: Milotic\n|\n|upkeep\n|turn|4\n|\n|t:|1700168569\n|switch|p2b: Persian|Persian-Alola, L50, M|100\/100\n|move|p2a: Arcanine|Protect|p2a: Arcanine\n|-singleturn|p2a: Arcanine|Protect\n|move|p1b: Jumpluff|Rage Powder|p1b: Jumpluff\n|-singleturn|p1b: Jumpluff|move: Rage Powder\n|move|p1a: Azumarill|Aqua Jet|p2a: Arcanine\n|-activate|p2a: Arcanine|move: Protect\n|\n|upkeep\n|turn|5\n|\n|t:|1700168612\n|move|p2b: Persian|Fake Out|p1b: Jumpluff\n|-damage|p1b: Jumpluff|30\/100\n|move|p2a: Arcanine|Extreme Speed|p1a: Azumarill\n|-damage|p1a: Azumarill|0 fnt\n|faint|p1a: Azumarill\n|cant|p1b: Jumpluff|flinch\n|\n|-fieldend|move: Trick Room\n|upkeep\n|turn|6\n|-message|anotherhito forfeited.\n|\n|win|kavonpokebros\n|raw|anotherhito's rating: 1015 &rarr; <strong>1003<\/strong><br \/>(-12 for losing)\n|raw|kavonpokebros's rating: 1031 &rarr; <strong>1065<\/strong><br \/>(+34 for winning)\n|l|\u2606anotherhito\n","uploadtime":1700168627,"views":12,"p1id":"anotherhito","p2id":"kavonpokebros","formatid":"gen9vgc2023regulatione","rating":1003,"private":0,"password":""}