{"id":"gen9vgc2023regulatione-1988486394","p1":"Slowlat","p2":"H2obama","format":"[Gen 9] VGC 2023 Regulation E","log":"|j|\u2606Slowlat\n|j|\u2606H2obama\n|t:|1699728112\n|gametype|doubles\n|player|p1|Slowlat|medium|1341\n|player|p2|H2obama|169|1380\n|teamsize|p1|6\n|teamsize|p2|6\n|gen|9\n|tier|[Gen 9] VGC 2023 Regulation E\n|rated|\n|rule|Species Clause: Limit one of each Pok\u00e9mon\n|rule|Item Clause: Limit one of each item\n|clearpoke\n|poke|p1|Grimmsnarl, L50, M|\n|poke|p1|Ursaluna-Bloodmoon, L50, M|\n|poke|p1|Arcanine-Hisui, L50, F|\n|poke|p1|Iron Hands, L50|\n|poke|p1|Sinistcha, L50|\n|poke|p1|Regieleki, L50|\n|poke|p2|Weezing, L50, F|\n|poke|p2|Roaring Moon, L50|\n|poke|p2|Arcanine-Hisui, L50, M|\n|poke|p2|Cresselia, L50, F|\n|poke|p2|Ogerpon-Wellspring, L50, F|\n|poke|p2|Sinistcha, L50|\n|teampreview|4\n|\n|t:|1699728146\n|start\n|switch|p1a: Grimmsnarl|Grimmsnarl, L50, M, shiny|100\/100\n|switch|p1b: Iron Hands|Iron Hands, L50|100\/100\n|switch|p2a: Weezing|Weezing, L50, F|100\/100\n|switch|p2b: Roaring Moon|Roaring Moon, L50|100\/100\n|-ability|p2a: Weezing|Neutralizing Gas\n|-enditem|p2b: Roaring Moon|Booster Energy\n|-activate|p2b: Roaring Moon|ability: Protosynthesis|[fromitem]\n|-start|p2b: Roaring Moon|protosynthesisspe\n|turn|1\n|\n|t:|1699728172\n|-end|p1b: Iron Hands|Quark Drive|[silent]\n|switch|p1b: Ursaluna|Ursaluna-Bloodmoon, L50, M|100\/100\n|-terastallize|p1a: Grimmsnarl|Poison\n|move|p2b: Roaring Moon|Protect|p2b: Roaring Moon\n|-singleturn|p2b: Roaring Moon|Protect\n|move|p2a: Weezing|Taunt|p1a: Grimmsnarl\n|-start|p1a: Grimmsnarl|move: Taunt\n|cant|p1a: Grimmsnarl|move: Taunt|Reflect\n|\n|upkeep\n|turn|2\n|\n|t:|1699728225\n|-terastallize|p2a: Weezing|Grass\n|move|p2b: Roaring Moon|Knock Off|p1b: Ursaluna\n|-damage|p1b: Ursaluna|64\/100\n|-enditem|p1b: Ursaluna|Weakness Policy|[from] move: Knock Off|[of] p2b: Roaring Moon\n|move|p2a: Weezing|Gunk Shot|p1b: Ursaluna\n|-resisted|p1b: Ursaluna\n|-damage|p1b: Ursaluna|51\/100\n|move|p1a: Grimmsnarl|Spirit Break|p2b: Roaring Moon\n|-supereffective|p2b: Roaring Moon\n|-damage|p2b: Roaring Moon|0 fnt\n|faint|p2b: Roaring Moon\n|-end|p2b: Roaring Moon|Protosynthesis|[silent]\n|move|p1b: Ursaluna|Earth Power|p2a: Weezing\n|-resisted|p2a: Weezing\n|-damage|p2a: Weezing|71\/100\n|\n|upkeep\n|\n|t:|1699728242\n|switch|p2b: Sinistcha|Sinistcha, L50|100\/100\n|turn|3\n|\n|t:|1699728266\n|switch|p1a: Sinistcha|Sinistcha, L50|100\/100\n|move|p1b: Ursaluna|Protect|p1b: Ursaluna\n|-singleturn|p1b: Ursaluna|Protect\n|move|p2a: Weezing|Gunk Shot|p1b: Ursaluna\n|-activate|p1b: Ursaluna|move: Protect\n|move|p2b: Sinistcha|Matcha Gotcha|p1b: Ursaluna|[spread] p1a\n|-activate|p1b: Ursaluna|move: Protect\n|-resisted|p1a: Sinistcha\n|-damage|p1a: Sinistcha|81\/100\n|\n|upkeep\n|turn|4\n|\n|t:|1699728284\n|switch|p1b: Iron Hands|Iron Hands, L50|100\/100\n|move|p2b: Sinistcha|Matcha Gotcha|p1b: Iron Hands|[spread] p1a,p1b\n|-resisted|p1a: Sinistcha\n|-crit|p1a: Sinistcha\n|-crit|p1b: Iron Hands\n|-damage|p1a: Sinistcha|56\/100\n|-damage|p1b: Iron Hands|71\/100\n|move|p2a: Weezing|Gunk Shot|p1a: Sinistcha\n|-damage|p1a: Sinistcha|27\/100\n|-status|p1a: Sinistcha|psn\n|move|p1a: Sinistcha|Trick Room|p1a: Sinistcha\n|-fieldstart|move: Trick Room|[of] p1a: Sinistcha\n|\n|-damage|p1a: Sinistcha|15\/100 psn|[from] psn\n|upkeep\n|turn|5\n|\n|t:|1699728307\n|switch|p1a: Ursaluna|Ursaluna-Bloodmoon, L50, M|51\/100\n|move|p2a: Weezing|Protect|p2a: Weezing\n|-singleturn|p2a: Weezing|Protect\n|move|p2b: Sinistcha|Protect|p2b: Sinistcha\n|-singleturn|p2b: Sinistcha|Protect\n|move|p1b: Iron Hands|Heavy Slam|p2b: Sinistcha\n|-activate|p2b: Sinistcha|move: Protect\n|\n|upkeep\n|turn|6\n|\n|t:|1699728323\n|-end|p2a: Weezing|ability: Neutralizing Gas\n|-heal|p2a: Weezing|96\/100|[from] ability: Hospitality|[of] p2b: Sinistcha\n|switch|p2a: Arcanine|Arcanine-Hisui, L50, M|100\/100\n|-ability|p2a: Arcanine|Intimidate|boost\n|-unboost|p1a: Ursaluna|atk|1\n|-unboost|p1b: Iron Hands|atk|1\n|move|p1b: Iron Hands|Heavy Slam|p2b: Sinistcha\n|-damage|p2b: Sinistcha|68\/100\n|move|p1a: Ursaluna|Blood Moon|p2a: Arcanine\n|-resisted|p2a: Arcanine\n|-damage|p2a: Arcanine|54\/100\n|move|p2b: Sinistcha|Trick Room|p2b: Sinistcha\n|-fieldend|move: Trick Room\n|\n|-heal|p2b: Sinistcha|74\/100|[from] item: Leftovers\n|upkeep\n|turn|7\n|\n|t:|1699728343\n|switch|p2a: Weezing|Weezing, L50, F, tera:Grass|96\/100\n|-ability|p2a: Weezing|Neutralizing Gas\n|move|p1a: Ursaluna|Protect|p1a: Ursaluna\n|-singleturn|p1a: Ursaluna|Protect\n|move|p2b: Sinistcha|Matcha Gotcha|p1b: Iron Hands|[spread] p1b\n|-activate|p1a: Ursaluna|move: Protect\n|-damage|p1b: Iron Hands|53\/100\n|-heal|p2b: Sinistcha|88\/100|[from] drain|[of] p1b: Iron Hands\n|move|p1b: Iron Hands|Drain Punch|p2a: Weezing\n|-damage|p2a: Weezing|73\/100\n|-heal|p1b: Iron Hands|61\/100|[from] drain|[of] p2a: Weezing\n|\n|-heal|p2b: Sinistcha|94\/100|[from] item: Leftovers\n|upkeep\n|turn|8\n|j| gfhtgfkhkl\n|\n|t:|1699728379\n|switch|p1a: Sinistcha|Sinistcha, L50|15\/100 psn\n|move|p2a: Weezing|Will-O-Wisp|p1b: Iron Hands|[miss]\n|-miss|p2a: Weezing|p1b: Iron Hands\n|move|p2b: Sinistcha|Matcha Gotcha|p1a: Sinistcha|[spread] p1a\n|-miss|p2b: Sinistcha|p1b: Iron Hands\n|-resisted|p1a: Sinistcha\n|-damage|p1a: Sinistcha|0 fnt\n|-heal|p2b: Sinistcha|100\/100|[from] drain|[of] p1a: Sinistcha\n|faint|p1a: Sinistcha\n|move|p1b: Iron Hands|Drain Punch|p2a: Weezing\n|-damage|p2a: Weezing|46\/100\n|-heal|p1b: Iron Hands|69\/100|[from] drain|[of] p2a: Weezing\n|-enditem|p2a: Weezing|Sitrus Berry|[eat]\n|-heal|p2a: Weezing|71\/100|[from] item: Sitrus Berry\n|\n|upkeep\n|l| gfhtgfkhkl\n|\n|t:|1699728394\n|switch|p1a: Grimmsnarl|Grimmsnarl, L50, M, shiny, tera:Poison|100\/100\n|turn|9\n|inactive|Battle timer is ON: inactive players will automatically lose when time's up. (requested by Slowlat)\n|l|\u2606H2obama\n|inactive|H2obama disconnected and has a minute to reconnect!\n|player|p2|\n|inactive|H2obama has 30 seconds to reconnect!\n|j|\u2606H2obama\n|inactive|H2obama reconnected and has 40 seconds left.\n|player|p2|H2obama|169\n|\n|t:|1699728464\n|-end|p1b: Iron Hands|Quark Drive|[silent]\n|switch|p1b: Ursaluna|Ursaluna-Bloodmoon, L50, M|51\/100\n|move|p2b: Sinistcha|Matcha Gotcha|p1a: Grimmsnarl|[spread] p1a,p1b\n|-resisted|p1a: Grimmsnarl\n|-supereffective|p1b: Ursaluna\n|-damage|p1a: Grimmsnarl|89\/100\n|-damage|p1b: Ursaluna|0 fnt\n|faint|p1b: Ursaluna\n|move|p2a: Weezing|Will-O-Wisp|p1a: Grimmsnarl\n|-status|p1a: Grimmsnarl|brn\n|move|p1a: Grimmsnarl|Spirit Break|p2b: Sinistcha\n|-damage|p2b: Sinistcha|85\/100\n|-unboost|p2b: Sinistcha|spa|1\n|\n|-heal|p2b: Sinistcha|92\/100|[from] item: Leftovers\n|-damage|p1a: Grimmsnarl|83\/100 brn|[from] brn\n|upkeep\n|inactive|Slowlat has 30 seconds left.\n|inactive|Slowlat has 20 seconds left.\n|inactive|Slowlat has 15 seconds left.\n|inactive|Slowlat has 10 seconds left.\n|inactive|Slowlat has 5 seconds left.\n|\n|t:|1699728519\n|switch|p1b: Iron Hands|Iron Hands, L50|69\/100\n|turn|10\n|inactive|Slowlat has 30 seconds left.\n|inactive|Slowlat has 20 seconds left.\n|inactive|Slowlat has 15 seconds left.\n|inactive|Slowlat has 10 seconds left.\n|inactive|Slowlat has 5 seconds left.\n|\n|t:|1699728574\n|move|p1b: Iron Hands|Fake Out|p2b: Sinistcha\n|-immune|p2b: Sinistcha\n|move|p2a: Weezing|Will-O-Wisp|p1b: Iron Hands\n|-status|p1b: Iron Hands|brn\n|move|p2b: Sinistcha|Matcha Gotcha|p1a: Grimmsnarl|[spread] p1a,p1b\n|-resisted|p1a: Grimmsnarl\n|-crit|p1a: Grimmsnarl\n|-damage|p1a: Grimmsnarl|65\/100 brn\n|-heal|p2b: Sinistcha|100\/100|[from] drain|[of] p1a: Grimmsnarl\n|-damage|p1b: Iron Hands|58\/100 brn\n|move|p1a: Grimmsnarl|Reflect|p1a: Grimmsnarl\n|-sidestart|p1: Slowlat|Reflect\n|\n|-damage|p1a: Grimmsnarl|59\/100 brn|[from] brn\n|-damage|p1b: Iron Hands|52\/100 brn|[from] brn\n|upkeep\n|turn|11\n|l|\u2606H2obama\n|inactive|H2obama disconnected and has a minute to reconnect!\n|player|p2|\n|j|\u2606H2obama\n|inactive|H2obama reconnected and has 35 seconds left.\n|player|p2|H2obama|169\n|inactive|Slowlat has 30 seconds left.\n|inactive|H2obama has 30 seconds left.\n|inactive|Slowlat has 20 seconds left.\n|inactive|Slowlat has 15 seconds left.\n|inactive|Slowlat has 10 seconds left.\n|inactive|Slowlat has 5 seconds left.\n|\n|t:|1699728629\n|switch|p2b: Arcanine|Arcanine-Hisui, L50, M|54\/100\n|move|p1b: Iron Hands|Fake Out||[still]\n|-hint|Fake Out only works on your first turn out.\n|-fail|p1b: Iron Hands\n|move|p2a: Weezing|Gunk Shot|p1b: Iron Hands|[miss]\n|-miss|p2a: Weezing|p1b: Iron Hands\n|move|p1a: Grimmsnarl|Reflect||[still]\n|-fail|p1a: Grimmsnarl\n|\n|-damage|p1a: Grimmsnarl|53\/100 brn|[from] brn\n|-damage|p1b: Iron Hands|46\/100 brn|[from] brn\n|upkeep\n|turn|12\n|j| gfhtgfkhkl\n|inactive|Slowlat has 30 seconds left.\n|inactive|Slowlat has 20 seconds left.\n|inactive|Slowlat has 15 seconds left.\n|inactive|Slowlat has 10 seconds left.\n|inactive|Slowlat has 5 seconds left.\n|\n|t:|1699728684\n|move|p1b: Iron Hands|Fake Out||[still]\n|-hint|Fake Out only works on your first turn out.\n|-fail|p1b: Iron Hands\n|move|p2b: Arcanine|Rock Slide|p1b: Iron Hands|[spread] p1a,p1b\n|-resisted|p1b: Iron Hands\n|-crit|p1b: Iron Hands\n|-damage|p1a: Grimmsnarl|19\/100 brn\n|-damage|p1b: Iron Hands|24\/100 brn\n|move|p2a: Weezing|Gunk Shot|p1b: Iron Hands\n|-damage|p1b: Iron Hands|6\/100 brn\n|move|p1a: Grimmsnarl|Reflect||[still]\n|-fail|p1a: Grimmsnarl\n|\n|-damage|p1a: Grimmsnarl|13\/100 brn|[from] brn\n|-damage|p1b: Iron Hands|0 fnt|[from] brn\n|faint|p1b: Iron Hands\n|-end|p1b: Iron Hands|Quark Drive|[silent]\n|upkeep\n|turn|13\n|inactive|Slowlat has 30 seconds left.\n|inactive|H2obama has 30 seconds left.\n|inactive|Slowlat has 20 seconds left.\n|inactive|Slowlat has 15 seconds left.\n|inactive|Slowlat has 10 seconds left.\n|inactive|Slowlat has 5 seconds left.\n|l| gfhtgfkhkl\n|\n|t:|1699728739\n|move|p2b: Arcanine|Rock Slide|p1a: Grimmsnarl\n|-damage|p1a: Grimmsnarl|0 fnt\n|faint|p1a: Grimmsnarl\n|\n|win|H2obama\n|raw|Slowlat's rating: 1341 &rarr; <strong>1323<\/strong><br \/>(-18 for losing)\n|raw|H2obama's rating: 1380 &rarr; <strong>1398<\/strong><br \/>(+18 for winning)\n","uploadtime":1699728750,"views":18,"p1id":"slowlat","p2id":"h2obama","formatid":"gen9vgc2023regulatione","rating":1323,"private":0,"password":""}