{"id":"gen9vgc2023regulatione-1987969181","p1":"sobablue","p2":"VexJ","format":"[Gen 9] VGC 2023 Regulation E","log":"|j|\u2606sobablue\n|j|\u2606VexJ\n|t:|1699654304\n|gametype|doubles\n|player|p1|sobablue|lady-gen4|1078\n|player|p2|VexJ|266|1035\n|teamsize|p1|6\n|teamsize|p2|6\n|gen|9\n|tier|[Gen 9] VGC 2023 Regulation E\n|rated|\n|rule|Species Clause: Limit one of each Pok\u00e9mon\n|rule|Item Clause: Limit one of each item\n|clearpoke\n|poke|p1|Arcanine-Hisui, L50, F|\n|poke|p1|Gholdengo, L50|\n|poke|p1|Rillaboom, L50, M|\n|poke|p1|Urshifu-*, L50, F|\n|poke|p1|Tornadus, L50, M|\n|poke|p1|Chien-Pao, L50|\n|poke|p2|Armarouge, L50, M|\n|poke|p2|Indeedee-F, L50, F|\n|poke|p2|Torkoal, L50, F|\n|poke|p2|Cresselia, L50, F|\n|poke|p2|Flutter Mane, L50|\n|poke|p2|Ursaluna, L50, F|\n|teampreview|4\n|\n|t:|1699654349\n|start\n|switch|p1a: Arcanine|Arcanine-Hisui, L50, F, shiny|100\/100\n|switch|p1b: Chien-Pao|Chien-Pao, L50|100\/100\n|switch|p2a: Armarouge|Armarouge, L50, M|100\/100\n|switch|p2b: Indeedee|Indeedee-F, L50, F|100\/100\n|-ability|p1b: Chien-Pao|Sword of Ruin\n|-ability|p1a: Arcanine|Intimidate|boost\n|-unboost|p2a: Armarouge|atk|1\n|-unboost|p2b: Indeedee|atk|1\n|-fieldstart|move: Psychic Terrain|[from] ability: Psychic Surge|[of] p2b: Indeedee\n|turn|1\n|\n|t:|1699654373\n|move|p2b: Indeedee|Follow Me|p2b: Indeedee\n|-singleturn|p2b: Indeedee|move: Follow Me\n|move|p1b: Chien-Pao|Icicle Crash|p2b: Indeedee|[miss]\n|-miss|p1b: Chien-Pao|p2b: Indeedee\n|move|p1a: Arcanine|Rock Slide|p2a: Armarouge|[spread] p2a,p2b\n|-supereffective|p2a: Armarouge\n|-damage|p2a: Armarouge|0 fnt\n|-damage|p2b: Indeedee|27\/100\n|faint|p2a: Armarouge\n|\n|upkeep\n|\n|t:|1699654401\n|switch|p2a: Flutter Mane|Flutter Mane, L50|100\/100\n|turn|2\n|\n|t:|1699654417\n|move|p1b: Chien-Pao|Protect|p1b: Chien-Pao\n|-singleturn|p1b: Chien-Pao|Protect\n|move|p2b: Indeedee|Follow Me|p2b: Indeedee\n|-singleturn|p2b: Indeedee|move: Follow Me\n|move|p1a: Arcanine|Rock Slide|p2b: Indeedee|[spread] p2a,p2b\n|-damage|p2a: Flutter Mane|5\/100\n|-damage|p2b: Indeedee|0 fnt\n|faint|p2b: Indeedee\n|move|p2a: Flutter Mane|Trick Room|p2a: Flutter Mane\n|-fieldstart|move: Trick Room|[of] p2a: Flutter Mane\n|\n|-heal|p2a: Flutter Mane|12\/100|[from] item: Leftovers\n|upkeep\n|\n|t:|1699654428\n|switch|p2b: Torkoal|Torkoal, L50, F|100\/100\n|-weather|SunnyDay|[from] ability: Drought|[of] p2b: Torkoal\n|-activate|p2a: Flutter Mane|ability: Protosynthesis\n|-start|p2a: Flutter Mane|protosynthesisspa\n|turn|3\n|\n|t:|1699654444\n|switch|p1b: Urshifu|Urshifu-Rapid-Strike, L50, F|100\/100\n|-terastallize|p2b: Torkoal|Fire\n|move|p2b: Torkoal|Eruption|p1a: Arcanine|[spread] p1a,p1b\n|-resisted|p1a: Arcanine\n|-resisted|p1b: Urshifu\n|-damage|p1a: Arcanine|63\/100\n|-damage|p1b: Urshifu|10\/100\n|move|p2a: Flutter Mane|Moonblast|p1a: Arcanine\n|-resisted|p1a: Arcanine\n|-damage|p1a: Arcanine|20\/100\n|-unboost|p1a: Arcanine|spa|1\n|move|p1a: Arcanine|Rock Slide|p2a: Flutter Mane|[spread] p2b\n|-miss|p1a: Arcanine|p2a: Flutter Mane\n|-supereffective|p2b: Torkoal\n|-damage|p2b: Torkoal|35\/100\n|\n|-weather|SunnyDay|[upkeep]\n|-heal|p2a: Flutter Mane|18\/100|[from] item: Leftovers\n|upkeep\n|turn|4\n|\n|t:|1699654480\n|switch|p1a: Chien-Pao|Chien-Pao, L50|100\/100\n|-ability|p1a: Chien-Pao|Sword of Ruin\n|move|p2b: Torkoal|Earth Power|p1a: Chien-Pao\n|-damage|p1a: Chien-Pao|59\/100\n|move|p2a: Flutter Mane|Moonblast|p1b: Urshifu\n|-supereffective|p1b: Urshifu\n|-damage|p1b: Urshifu|0 fnt\n|faint|p1b: Urshifu\n|\n|-weather|SunnyDay|[upkeep]\n|-heal|p2a: Flutter Mane|24\/100|[from] item: Leftovers\n|upkeep\n|\n|t:|1699654498\n|switch|p1b: Gholdengo|Gholdengo, L50|100\/100\n|turn|5\n|\n|t:|1699654514\n|move|p1b: Gholdengo|Protect|p1b: Gholdengo\n|-singleturn|p1b: Gholdengo|Protect\n|move|p1a: Chien-Pao|Protect|p1a: Chien-Pao\n|-singleturn|p1a: Chien-Pao|Protect\n|move|p2b: Torkoal|Heat Wave|p1b: Gholdengo|[spread] \n|-activate|p1a: Chien-Pao|move: Protect\n|-activate|p1b: Gholdengo|move: Protect\n|move|p2a: Flutter Mane|Dazzling Gleam|p1a: Chien-Pao|[spread] \n|-activate|p1a: Chien-Pao|move: Protect\n|-activate|p1b: Gholdengo|move: Protect\n|\n|-weather|SunnyDay|[upkeep]\n|-heal|p2a: Flutter Mane|30\/100|[from] item: Leftovers\n|-fieldend|move: Psychic Terrain\n|upkeep\n|turn|6\n|\n|t:|1699654536\n|switch|p1b: Arcanine|Arcanine-Hisui, L50, F, shiny|20\/100\n|-ability|p1b: Arcanine|Intimidate|boost\n|-unboost|p2a: Flutter Mane|atk|1\n|-unboost|p2b: Torkoal|atk|1\n|move|p1a: Chien-Pao|Sucker Punch|p2b: Torkoal\n|-damage|p2b: Torkoal|1\/100\n|move|p2b: Torkoal|Heat Wave|p1a: Chien-Pao|[spread] p1b\n|-miss|p2b: Torkoal|p1a: Chien-Pao\n|-resisted|p1b: Arcanine\n|-damage|p1b: Arcanine|0 fnt\n|faint|p1b: Arcanine\n|move|p2a: Flutter Mane|Dazzling Gleam|p1a: Chien-Pao\n|-supereffective|p1a: Chien-Pao\n|-damage|p1a: Chien-Pao|0 fnt\n|faint|p1a: Chien-Pao\n|\n|-weather|SunnyDay|[upkeep]\n|-heal|p2a: Flutter Mane|36\/100|[from] item: Leftovers\n|-fieldend|move: Trick Room\n|upkeep\n|\n|t:|1699654556\n|switch|p1b: Gholdengo|Gholdengo, L50|100\/100\n|turn|7\n|\n|t:|1699654577\n|-terastallize|p1b: Gholdengo|Dragon\n|move|p1b: Gholdengo|Make It Rain|p2a: Flutter Mane|[spread] p2a,p2b\n|-supereffective|p2a: Flutter Mane\n|-resisted|p2b: Torkoal\n|-damage|p2a: Flutter Mane|0 fnt\n|-damage|p2b: Torkoal|0 fnt\n|-unboost|p1b: Gholdengo|spa|1\n|faint|p2a: Flutter Mane\n|-end|p2a: Flutter Mane|Protosynthesis|[silent]\n|faint|p2b: Torkoal\n|\n|win|sobablue\n|raw|sobablue's rating: 1078 &rarr; <strong>1103<\/strong><br \/>(+25 for winning)\n|raw|VexJ's rating: 1035 &rarr; <strong>1022<\/strong><br \/>(-13 for losing)\n|l|\u2606VexJ\n","uploadtime":1699654718,"views":21,"p1id":"sobablue","p2id":"vexj","formatid":"gen9vgc2023regulatione","rating":1022,"private":0,"password":""}