{"id":"gen9vgc2023regulatione-1995720120","p1":"J_Couz","p2":"AXELLARAMENA","format":"[Gen 9] VGC 2023 Regulation E","log":"|j|\u2606J_Couz\n|j|\u2606AXELLARAMENA\n|t:|1700596886\n|gametype|doubles\n|player|p1|J_Couz|pokemonbreeder-gen4|1136\n|player|p2|AXELLARAMENA|1|1055\n|teamsize|p1|6\n|teamsize|p2|6\n|gen|9\n|tier|[Gen 9] VGC 2023 Regulation E\n|rated|\n|rule|Species Clause: Limit one of each Pok\u00e9mon\n|rule|Item Clause: Limit one of each item\n|clearpoke\n|poke|p1|Iron Hands, L50|\n|poke|p1|Tornadus, L50, M|\n|poke|p1|Ogerpon-Hearthflame, L50, F|\n|poke|p1|Landorus-Therian, L50, M|\n|poke|p1|Flutter Mane, L50|\n|poke|p1|Milotic, L50, F|\n|poke|p2|Ceruledge, L50, M|\n|poke|p2|Grumpig, L50, M|\n|poke|p2|Sinistcha-Masterpiece, L50|\n|poke|p2|Armarouge, L50, F|\n|poke|p2|Indeedee-F, L50, F|\n|poke|p2|Ursaluna-Bloodmoon, L50, M|\n|teampreview|4\n|inactive|Battle timer is ON: inactive players will automatically lose when time's up. (requested by J_Couz)\n|inactive|AXELLARAMENA has 60 seconds left.\nJ_Couz has agreed to open team sheets.\n|\n|t:|1700596932\n|start\n|switch|p1a: Landorus|Landorus-Therian, L50, M|100\/100\n|switch|p1b: Flutter Mane|Flutter Mane, L50|100\/100\n|switch|p2a: Grumpig|Grumpig, L50, M, shiny|100\/100\n|switch|p2b: Ursaluna|Ursaluna-Bloodmoon, L50, M|100\/100\n|-ability|p1a: Landorus|Intimidate|boost\n|-unboost|p2a: Grumpig|atk|1\n|-unboost|p2b: Ursaluna|atk|1\n|turn|1\n|inactive|J_Couz has 30 seconds left.\n|inactive|J_Couz has 20 seconds left.\n|\n|t:|1700596969\n|-terastallize|p1b: Flutter Mane|Steel\n|move|p1b: Flutter Mane|Imprison|p1b: Flutter Mane\n|-start|p1b: Flutter Mane|move: Imprison\n|move|p1a: Landorus|U-turn|p2a: Grumpig\n|-supereffective|p2a: Grumpig\n|-damage|p2a: Grumpig|16\/100\n|\n|t:|1700596976\n|switch|p1a: Iron Hands|Iron Hands, L50|100\/100|[from] U-turn\n|move|p2a: Grumpig|Simple Beam|p2b: Ursaluna\n|-endability|p2b: Ursaluna|Mind's Eye|[from] move: Simple Beam\n|-ability|p2b: Ursaluna|Simple|[from] move: Simple Beam\n|move|p2b: Ursaluna|Calm Mind|p2b: Ursaluna\n|-boost|p2b: Ursaluna|spa|2\n|-boost|p2b: Ursaluna|spd|2\n|\n|upkeep\n|turn|2\n|\n|t:|1700597002\n|switch|p2a: Indeedee|Indeedee-F, L50, F|100\/100\n|-fieldstart|move: Psychic Terrain|[from] ability: Psychic Surge|[of] p2a: Indeedee\n|-enditem|p2a: Indeedee|Psychic Seed\n|-boost|p2a: Indeedee|spd|1|[from] item: Psychic Seed\n|move|p1b: Flutter Mane|Moonblast|p2b: Ursaluna\n|-damage|p2b: Ursaluna|74\/100\n|move|p1a: Iron Hands|Drain Punch|p2b: Ursaluna\n|-supereffective|p2b: Ursaluna\n|-damage|p2b: Ursaluna|3\/100\n|move|p2b: Ursaluna|Hyper Voice|p1b: Flutter Mane|[spread] p1a,p1b\n|-resisted|p1b: Flutter Mane\n|-damage|p1a: Iron Hands|39\/100\n|-damage|p1b: Flutter Mane|55\/100\n|-enditem|p2b: Ursaluna|Throat Spray\n|-boost|p2b: Ursaluna|spa|2|[from] item: Throat Spray\n|\n|-heal|p1a: Iron Hands|45\/100|[from] item: Leftovers\n|upkeep\n|turn|3\n|inactive|AXELLARAMENA has 30 seconds left.\n|\n|t:|1700597032\n|move|p2a: Indeedee|Follow Me|p2a: Indeedee\n|-singleturn|p2a: Indeedee|move: Follow Me\n|move|p1b: Flutter Mane|Moonblast|p2a: Indeedee\n|-damage|p2a: Indeedee|67\/100\n|move|p1a: Iron Hands|Drain Punch|p2a: Indeedee\n|-damage|p2a: Indeedee|16\/100\n|-heal|p1a: Iron Hands|64\/100|[from] drain|[of] p2a: Indeedee\n|move|p2b: Ursaluna|Earth Power|p1b: Flutter Mane\n|-supereffective|p1b: Flutter Mane\n|-damage|p1b: Flutter Mane|0 fnt\n|faint|p1b: Flutter Mane\n|-end|p1b: Flutter Mane|Protosynthesis|[silent]\n|\n|-heal|p1a: Iron Hands|70\/100|[from] item: Leftovers\n|upkeep\n|\n|t:|1700597046\n|switch|p1b: Landorus|Landorus-Therian, L50, M|100\/100\n|-ability|p1b: Landorus|Intimidate|boost\n|-unboost|p2a: Indeedee|atk|1\n|-unboost|p2b: Ursaluna|atk|2\n|turn|4\n|inactive|AXELLARAMENA has 30 seconds left.\n|\n|t:|1700597074\n|switch|p2a: Sinistcha|Sinistcha-Masterpiece, L50, shiny|100\/100\n|-heal|p2b: Ursaluna|28\/100|[from] ability: Hospitality|[of] p2a: Sinistcha\n|-terastallize|p2b: Ursaluna|Ghost\n|move|p1a: Iron Hands|Protect|p1a: Iron Hands\n|-singleturn|p1a: Iron Hands|Protect\n|move|p1b: Landorus|Rock Slide|p2a: Sinistcha|[spread] p2a,p2b\n|-damage|p2a: Sinistcha|71\/100\n|-damage|p2b: Ursaluna|4\/100\n|move|p2b: Ursaluna|Hyper Voice|p1b: Landorus|[spread] p1b\n|-activate|p1a: Iron Hands|move: Protect\n|-damage|p1b: Landorus|0 fnt\n|faint|p1b: Landorus\n|\n|-heal|p1a: Iron Hands|76\/100|[from] item: Leftovers\n|upkeep\n|\n|t:|1700597099\n|switch|p1b: Milotic|Milotic, L50, F|100\/100\n|turn|5\n|\n|t:|1700597120\n|move|p1a: Iron Hands|Protect||[still]\n|-fail|p1a: Iron Hands\n|move|p2a: Sinistcha|Rage Powder|p2a: Sinistcha\n|-singleturn|p2a: Sinistcha|move: Rage Powder\n|move|p1b: Milotic|Scald|p2a: Sinistcha\n|-resisted|p2a: Sinistcha\n|-damage|p2a: Sinistcha|45\/100\n|-status|p2a: Sinistcha|brn\n|-damage|p1b: Milotic|91\/100|[from] item: Life Orb\n|move|p2b: Ursaluna|Earth Power|p1a: Iron Hands\n|-supereffective|p1a: Iron Hands\n|-damage|p1a: Iron Hands|0 fnt\n|faint|p1a: Iron Hands\n|-end|p1a: Iron Hands|Quark Drive|[silent]\n|\n|-damage|p2a: Sinistcha|39\/100 brn|[from] brn\n|upkeep\n|turn|6\n|inactive|AXELLARAMENA has 30 seconds left.\n|\n|t:|1700597150\n|move|p2b: Ursaluna|Protect|p2b: Ursaluna\n|-singleturn|p2b: Ursaluna|Protect\n|move|p1b: Milotic|Ice Beam|p2b: Ursaluna\n|-activate|p2b: Ursaluna|move: Protect\n|move|p2a: Sinistcha|Matcha Gotcha|p1b: Milotic\n|-supereffective|p1b: Milotic\n|-damage|p1b: Milotic|40\/100\n|-heal|p2a: Sinistcha|70\/100 brn|[from] drain|[of] p1b: Milotic\n|-status|p1b: Milotic|brn\n|\n|-damage|p1b: Milotic|34\/100 brn|[from] brn\n|-damage|p2a: Sinistcha|64\/100 brn|[from] brn\n|-fieldend|move: Psychic Terrain\n|upkeep\n|turn|7\n|-message|J_Couz forfeited.\n|\n|win|AXELLARAMENA\n|raw|J_Couz's rating: 1136 &rarr; <strong>1105<\/strong><br \/>(-31 for losing)\n|raw|AXELLARAMENA's rating: 1055 &rarr; <strong>1094<\/strong><br \/>(+39 for winning)\n|l|\u2606J_Couz\n","uploadtime":1700597176,"views":9,"p1id":"jcouz","p2id":"axellaramena","formatid":"gen9vgc2023regulatione","rating":1094,"private":0,"password":""}