{"id":"gen9vgc2023regulatione-1990827954","p1":"YuiTriggerGirl","p2":"Mimi chen","format":"[Gen 9] VGC 2023 Regulation E","log":"|j|\u2606YuiTriggerGirl\n|j|\u2606Mimi chen\n|t:|1700004996\n|gametype|doubles\n|player|p1|YuiTriggerGirl|bianca|1490\n|player|p2|Mimi chen|schoolkidf|1500\n|teamsize|p1|6\n|teamsize|p2|6\n|gen|9\n|tier|[Gen 9] VGC 2023 Regulation E\n|rated|\n|rule|Species Clause: Limit one of each Pok\u00e9mon\n|rule|Item Clause: Limit one of each item\n|clearpoke\n|poke|p1|Chi-Yu, L50|\n|poke|p1|Iron Hands, L50|\n|poke|p1|Urshifu-*, L50, F|\n|poke|p1|Tornadus, L50, M|\n|poke|p1|Landorus-Therian, L50, M|\n|poke|p1|Flutter Mane, L50|\n|poke|p2|Rillaboom, L50, M|\n|poke|p2|Espathra, L50, F|\n|poke|p2|Flutter Mane, L50|\n|poke|p2|Sylveon, L50, F|\n|poke|p2|Chi-Yu, L50|\n|poke|p2|Ogerpon-Hearthflame, L50, F|\n|teampreview|4\n|inactive|Battle timer is ON: inactive players will automatically lose when time's up. (requested by Mimi chen)\n|inactive|Mimi chen has 60 seconds left.\n|inactive|Mimi chen has 30 seconds left.\n|inactive|Mimi chen has 20 seconds left.\n|\n|t:|1700005067\n|start\n|switch|p1a: Iron Hands|Iron Hands, L50|100\/100\n|switch|p1b: Flutter Mane|Flutter Mane, L50|100\/100\n|switch|p2a: Flutter Mane|Flutter Mane, L50|100\/100\n|switch|p2b: Sylveon|Sylveon, L50, F|100\/100\n|-enditem|p1b: Flutter Mane|Booster Energy\n|-activate|p1b: Flutter Mane|ability: Protosynthesis|[fromitem]\n|-start|p1b: Flutter Mane|protosynthesisspe\n|turn|1\n|inactive|Mimi chen has 30 seconds left.\n|inactive|Mimi chen has 20 seconds left.\n|\n|t:|1700005103\n|move|p1b: Flutter Mane|Imprison|p1b: Flutter Mane\n|-start|p1b: Flutter Mane|move: Imprison\n|cant|p2a: Flutter Mane|move: Imprison|Dazzling Gleam\n|move|p2b: Sylveon|Hyper Voice|p1b: Flutter Mane|[spread] p1a,p1b\n|-supereffective|p1a: Iron Hands\n|-damage|p1a: Iron Hands|31\/100\n|-damage|p1b: Flutter Mane|38\/100\n|move|p1a: Iron Hands|Heavy Slam|p2b: Sylveon\n|-supereffective|p2b: Sylveon\n|-damage|p2b: Sylveon|0 fnt\n|faint|p2b: Sylveon\n|\n|upkeep\n|\n|t:|1700005125\n|switch|p2b: Ogerpon|Ogerpon-Hearthflame, L50, F|100\/100\n|-ability|p2b: Ogerpon|Mold Breaker\n|turn|2\n|inactive|Mimi chen has 30 seconds left.\n|\n|t:|1700005158\n|move|p2a: Flutter Mane|Protect|p2a: Flutter Mane\n|-singleturn|p2a: Flutter Mane|Protect\n|move|p1b: Flutter Mane|Icy Wind|p2b: Ogerpon|[spread] p2b\n|-activate|p2a: Flutter Mane|move: Protect\n|-damage|p2b: Ogerpon|84\/100\n|-unboost|p2b: Ogerpon|spe|1\n|move|p2b: Ogerpon|Ivy Cudgel|p1b: Flutter Mane|[anim] Ivy Cudgel Fire\n|-crit|p1b: Flutter Mane\n|-damage|p1b: Flutter Mane|0 fnt\n|faint|p1b: Flutter Mane\n|-end|p1b: Flutter Mane|Protosynthesis|[silent]\n|move|p1a: Iron Hands|Drain Punch|p2b: Ogerpon\n|-damage|p2b: Ogerpon|26\/100\n|-heal|p1a: Iron Hands|50\/100|[from] drain|[of] p2b: Ogerpon\n|\n|upkeep\n|\n|t:|1700005174\n|switch|p1b: Landorus|Landorus-Therian, L50, M|100\/100\n|-ability|p1b: Landorus|Intimidate|boost\n|-unboost|p2a: Flutter Mane|atk|1\n|-unboost|p2b: Ogerpon|atk|1\n|turn|3\n|inactive|YuiTriggerGirl has 30 seconds left.\n|inactive|YuiTriggerGirl has 20 seconds left.\n|\n|t:|1700005211\n|switch|p2b: Rillaboom|Rillaboom, L50, M|100\/100\n|-fieldstart|move: Grassy Terrain|[from] ability: Grassy Surge|[of] p2b: Rillaboom\n|-terastallize|p1a: Iron Hands|Fire\n|move|p1b: Landorus|Stomping Tantrum|p2b: Rillaboom\n|-resisted|p2b: Rillaboom\n|-damage|p2b: Rillaboom|82\/100\n|move|p2a: Flutter Mane|Icy Wind|p1b: Landorus|[spread] p1a,p1b\n|-resisted|p1a: Iron Hands\n|-supereffective|p1b: Landorus\n|-damage|p1a: Iron Hands|46\/100\n|-damage|p1b: Landorus|23\/100\n|-unboost|p1a: Iron Hands|spe|1\n|-unboost|p1b: Landorus|spe|1\n|move|p1a: Iron Hands|Heavy Slam|p2a: Flutter Mane\n|-supereffective|p2a: Flutter Mane\n|-enditem|p2a: Flutter Mane|Focus Sash\n|-damage|p2a: Flutter Mane|1\/100\n|\n|-heal|p2a: Flutter Mane|7\/100|[from] Grassy Terrain\n|-heal|p2b: Rillaboom|88\/100|[from] Grassy Terrain\n|-heal|p1a: Iron Hands|52\/100|[from] Grassy Terrain\n|upkeep\n|turn|4\n|inactive|YuiTriggerGirl has 30 seconds left.\n|inactive|Mimi chen has 30 seconds left.\n|\n|t:|1700005238\n|switch|p1b: Urshifu|Urshifu, L50, F|100\/100\n|move|p2b: Rillaboom|Fake Out|p1a: Iron Hands\n|-damage|p1a: Iron Hands|42\/100\n|move|p2a: Flutter Mane|Dazzling Gleam|p1a: Iron Hands|[spread] p1a,p1b\n|-resisted|p1a: Iron Hands\n|-supereffective|p1b: Urshifu\n|-damage|p1a: Iron Hands|33\/100\n|-damage|p1b: Urshifu|0 fnt\n|faint|p1b: Urshifu\n|cant|p1a: Iron Hands|flinch\n|\n|-heal|p2a: Flutter Mane|14\/100|[from] Grassy Terrain\n|-heal|p2b: Rillaboom|94\/100|[from] Grassy Terrain\n|-heal|p1a: Iron Hands|40\/100|[from] Grassy Terrain\n|upkeep\n|\n|t:|1700005253\n|switch|p1b: Landorus|Landorus-Therian, L50, M|23\/100\n|-ability|p1b: Landorus|Intimidate|boost\n|-unboost|p2a: Flutter Mane|atk|1\n|-unboost|p2b: Rillaboom|atk|1\n|turn|5\n|\n|t:|1700005266\n|move|p2b: Rillaboom|Grassy Glide|p1b: Landorus\n|-damage|p1b: Landorus|0 fnt\n|faint|p1b: Landorus\n|move|p2a: Flutter Mane|Shadow Ball|p1a: Iron Hands\n|-damage|p1a: Iron Hands|15\/100\n|move|p1a: Iron Hands|Drain Punch|p2b: Rillaboom\n|-damage|p2b: Rillaboom|49\/100\n|-heal|p1a: Iron Hands|33\/100|[from] drain|[of] p2b: Rillaboom\n|\n|-heal|p2a: Flutter Mane|20\/100|[from] Grassy Terrain\n|-heal|p2b: Rillaboom|55\/100|[from] Grassy Terrain\n|-heal|p1a: Iron Hands|39\/100|[from] Grassy Terrain\n|upkeep\n|turn|6\n|\n|t:|1700005284\n|move|p2a: Flutter Mane|Shadow Ball|p1a: Iron Hands\n|-damage|p1a: Iron Hands|14\/100\n|move|p2b: Rillaboom|High Horsepower|p1a: Iron Hands\n|-supereffective|p1a: Iron Hands\n|-damage|p1a: Iron Hands|0 fnt\n|faint|p1a: Iron Hands\n|-end|p1a: Iron Hands|Quark Drive|[silent]\n|\n|win|Mimi chen\n|raw|YuiTriggerGirl's rating: 1490 &rarr; <strong>1471<\/strong><br \/>(-19 for losing)\n|raw|Mimi chen's rating: 1500 &rarr; <strong>1519<\/strong><br \/>(+19 for winning)\n|l|\u2606YuiTriggerGirl\n","uploadtime":1700005302,"views":10,"p1id":"yuitriggergirl","p2id":"mimichen","formatid":"gen9vgc2023regulatione","rating":1471,"private":0,"password":""}