{"id":"gen9vgc2023regulatione-1989842251","p1":"tomachovgc","p2":"KevtroGameplays","format":"[Gen 9] VGC 2023 Regulation E","log":"|j|\u2606tomachovgc\n|j|\u2606KevtroGameplays\n|t:|1699900278\n|gametype|doubles\n|player|p1|tomachovgc|265|1318\n|player|p2|KevtroGameplays|shadowtriad|1320\n|teamsize|p1|6\n|teamsize|p2|6\n|gen|9\n|tier|[Gen 9] VGC 2023 Regulation E\n|rated|\n|rule|Species Clause: Limit one of each Pok\u00e9mon\n|rule|Item Clause: Limit one of each item\n|clearpoke\n|poke|p1|Weezing, L50, F|\n|poke|p1|Arcanine, L50, F|\n|poke|p1|Sinistcha, L50|\n|poke|p1|Urshifu-*, L50, M|\n|poke|p1|Cresselia, L50, F|\n|poke|p1|Scizor, L50, M|\n|poke|p2|Grimmsnarl, L50, M|\n|poke|p2|Urshifu-*, L50, F|\n|poke|p2|Rillaboom, L50, M|\n|poke|p2|Iron Hands, L50|\n|poke|p2|Landorus-Therian, L50, M|\n|poke|p2|Empoleon, L50, M|\n|teampreview|4\n|inactive|Battle timer is ON: inactive players will automatically lose when time's up. (requested by KevtroGameplays)\n|\n|t:|1699900314\n|start\n|switch|p1a: Weezing|Weezing, L50, F|100\/100\n|switch|p1b: Urshifu|Urshifu-Rapid-Strike, L50, M|100\/100\n|switch|p2a: Iron Hands|Iron Hands, L50|100\/100\n|switch|p2b: Empoleon|Empoleon, L50, M|100\/100\n|-ability|p1a: Weezing|Neutralizing Gas\n|turn|1\n|\n|t:|1699900326\n|switch|p1b: Sinistcha|Sinistcha, L50|100\/100\n|move|p2a: Iron Hands|Fake Out|p1b: Sinistcha\n|-immune|p1b: Sinistcha\n|move|p2b: Empoleon|Yawn|p1b: Sinistcha\n|-start|p1b: Sinistcha|move: Yawn|[of] p2b: Empoleon\n|move|p1a: Weezing|Will-O-Wisp|p2a: Iron Hands\n|-status|p2a: Iron Hands|brn\n|\n|-damage|p2a: Iron Hands|94\/100 brn|[from] brn\n|upkeep\n|turn|2\n|\n|t:|1699900344\n|switch|p1b: Cresselia|Cresselia, L50, F|100\/100\n|move|p1a: Weezing|Protect|p1a: Weezing\n|-singleturn|p1a: Weezing|Protect\n|move|p2b: Empoleon|Yawn|p1a: Weezing\n|-activate|p1a: Weezing|move: Protect\n|move|p2a: Iron Hands|Wild Charge|p1a: Weezing\n|-activate|p1a: Weezing|move: Protect\n|\n|-damage|p2a: Iron Hands|88\/100 brn|[from] brn\n|upkeep\n|turn|3\n|\n|t:|1699900367\n|-end|p1a: Weezing|ability: Neutralizing Gas\n|switch|p1a: Sinistcha|Sinistcha, L50|100\/100\n|move|p1b: Cresselia|Calm Mind|p1b: Cresselia\n|-boost|p1b: Cresselia|spa|1\n|-boost|p1b: Cresselia|spd|1\n|move|p2b: Empoleon|Yawn|p1a: Sinistcha\n|-start|p1a: Sinistcha|move: Yawn|[of] p2b: Empoleon\n|move|p2a: Iron Hands|Wild Charge|p1a: Sinistcha\n|-resisted|p1a: Sinistcha\n|-damage|p1a: Sinistcha|87\/100\n|-damage|p2a: Iron Hands|71\/100 brn|[from] item: Rocky Helmet|[of] p1a: Sinistcha\n|-damage|p2a: Iron Hands|69\/100 brn|[from] Recoil\n|\n|-damage|p2a: Iron Hands|63\/100 brn|[from] brn\n|upkeep\n|turn|4\n|\n|t:|1699900390\n|move|p1b: Cresselia|Calm Mind|p1b: Cresselia\n|-boost|p1b: Cresselia|spa|1\n|-boost|p1b: Cresselia|spd|1\n|move|p1a: Sinistcha|Matcha Gotcha|p2b: Empoleon|[spread] p2a,p2b\n|-damage|p2a: Iron Hands|46\/100 brn\n|-heal|p1a: Sinistcha|98\/100|[from] drain|[of] p2a: Iron Hands\n|-damage|p2b: Empoleon|76\/100\n|-heal|p1a: Sinistcha|100\/100|[from] drain|[of] p2b: Empoleon\n|move|p2b: Empoleon|Icy Wind|p1a: Sinistcha|[spread] p1a,p1b\n|-supereffective|p1a: Sinistcha\n|-damage|p1a: Sinistcha|76\/100\n|-damage|p1b: Cresselia|97\/100\n|-unboost|p1a: Sinistcha|spe|1\n|-unboost|p1b: Cresselia|spe|1\n|move|p2a: Iron Hands|Wild Charge|p1b: Cresselia\n|-damage|p1b: Cresselia|81\/100\n|-damage|p2a: Iron Hands|42\/100 brn|[from] Recoil\n|\n|-heal|p2b: Empoleon|82\/100|[from] item: Leftovers\n|-damage|p2a: Iron Hands|36\/100 brn|[from] brn\n|-end|p1a: Sinistcha|move: Yawn|[silent]\n|-status|p1a: Sinistcha|slp\n|upkeep\n|turn|5\n|\n|t:|1699900412\n|move|p2b: Empoleon|Icy Wind|p1a: Sinistcha|[spread] p1a,p1b\n|-supereffective|p1a: Sinistcha\n|-damage|p1a: Sinistcha|52\/100 slp\n|-damage|p1b: Cresselia|77\/100\n|-unboost|p1a: Sinistcha|spe|1\n|-unboost|p1b: Cresselia|spe|1\n|move|p2a: Iron Hands|Wild Charge|p1b: Cresselia\n|-damage|p1b: Cresselia|60\/100\n|-damage|p2a: Iron Hands|32\/100 brn|[from] Recoil\n|cant|p1a: Sinistcha|slp\n|move|p1b: Cresselia|Trick Room|p1b: Cresselia\n|-fieldstart|move: Trick Room|[of] p1b: Cresselia\n|\n|-heal|p2b: Empoleon|88\/100|[from] item: Leftovers\n|-damage|p2a: Iron Hands|26\/100 brn|[from] brn\n|upkeep\n|turn|6\n|\n|t:|1699900428\n|-curestatus|p1a: Sinistcha|slp|[msg]\n|move|p1a: Sinistcha|Matcha Gotcha|p2a: Iron Hands|[spread] p2a,p2b\n|-damage|p2a: Iron Hands|10\/100 brn\n|-heal|p1a: Sinistcha|63\/100|[from] drain|[of] p2a: Iron Hands\n|-damage|p2b: Empoleon|63\/100\n|-heal|p1a: Sinistcha|77\/100|[from] drain|[of] p2b: Empoleon\n|move|p1b: Cresselia|Lunar Blessing|p1b: Cresselia|[spread] p1a,p1b\n|-heal|p1a: Sinistcha|100\/100\n|-heal|p1b: Cresselia|86\/100\n|move|p2a: Iron Hands|Wild Charge|p1b: Cresselia\n|-damage|p1b: Cresselia|70\/100\n|-damage|p2a: Iron Hands|6\/100 brn|[from] Recoil\n|move|p2b: Empoleon|Flash Cannon|p1a: Sinistcha\n|-damage|p1a: Sinistcha|63\/100\n|\n|-heal|p2b: Empoleon|69\/100|[from] item: Leftovers\n|-damage|p2a: Iron Hands|0 fnt|[from] brn\n|faint|p2a: Iron Hands\n|-end|p2a: Iron Hands|Quark Drive|[silent]\n|upkeep\n|\n|t:|1699900450\n|switch|p2a: Landorus|Landorus-Therian, L50, M|100\/100\n|-ability|p2a: Landorus|Intimidate|boost\n|-unboost|p1a: Sinistcha|atk|1\n|-unboost|p1b: Cresselia|atk|1\n|turn|7\n|\n|t:|1699900463\n|move|p1a: Sinistcha|Matcha Gotcha|p2a: Landorus|[spread] p2a,p2b\n|-damage|p2a: Landorus|68\/100\n|-heal|p1a: Sinistcha|80\/100|[from] drain|[of] p2a: Landorus\n|-damage|p2b: Empoleon|40\/100\n|-heal|p1a: Sinistcha|95\/100|[from] drain|[of] p2b: Empoleon\n|move|p1b: Cresselia|Stored Power|p2a: Landorus\n|-damage|p2a: Landorus|2\/100\n|move|p2b: Empoleon|Flash Cannon|p1a: Sinistcha\n|-damage|p1a: Sinistcha|59\/100\n|move|p2a: Landorus|Rock Slide|p1a: Sinistcha|[spread] p1a,p1b\n|-damage|p1a: Sinistcha|42\/100\n|-damage|p1b: Cresselia|57\/100\n|\n|-heal|p2b: Empoleon|46\/100|[from] item: Leftovers\n|upkeep\n|turn|8\n|\n|t:|1699900480\n|move|p2b: Empoleon|Protect|p2b: Empoleon\n|-singleturn|p2b: Empoleon|Protect\n|move|p2a: Landorus|Protect|p2a: Landorus\n|-singleturn|p2a: Landorus|Protect\n|move|p1a: Sinistcha|Matcha Gotcha|p2a: Landorus|[spread] \n|-activate|p2a: Landorus|move: Protect\n|-activate|p2b: Empoleon|move: Protect\n|move|p1b: Cresselia|Calm Mind|p1b: Cresselia\n|-boost|p1b: Cresselia|spa|1\n|-boost|p1b: Cresselia|spd|1\n|\n|-heal|p2b: Empoleon|52\/100|[from] item: Leftovers\n|upkeep\n|turn|9\n|\n|t:|1699900495\n|move|p2a: Landorus|Protect||[still]\n|-fail|p2a: Landorus\n|move|p1a: Sinistcha|Matcha Gotcha|p2b: Empoleon|[spread] p2a,p2b\n|-damage|p2a: Landorus|0 fnt\n|-heal|p1a: Sinistcha|43\/100|[from] drain|[of] p2a: Landorus\n|-damage|p2b: Empoleon|26\/100\n|-heal|p1a: Sinistcha|57\/100|[from] drain|[of] p2b: Empoleon\n|faint|p2a: Landorus\n|move|p1b: Cresselia|Lunar Blessing|p1b: Cresselia|[spread] p1a,p1b\n|-heal|p1a: Sinistcha|81\/100\n|-heal|p1b: Cresselia|82\/100\n|move|p2b: Empoleon|Flash Cannon|p1a: Sinistcha\n|-damage|p1a: Sinistcha|43\/100\n|\n|-heal|p2b: Empoleon|32\/100|[from] item: Leftovers\n|-fieldend|move: Trick Room\n|upkeep\n|-message|KevtroGameplays forfeited.\n|\n|win|tomachovgc\n|raw|tomachovgc's rating: 1318 &rarr; <strong>1338<\/strong><br \/>(+20 for winning)\n|raw|KevtroGameplays's rating: 1320 &rarr; <strong>1300<\/strong><br \/>(-20 for losing)\n|l|\u2606KevtroGameplays\n","uploadtime":1699900525,"views":22,"p1id":"tomachovgc","p2id":"kevtrogameplays","formatid":"gen9vgc2023regulatione","rating":1300,"private":0,"password":""}