{"id":"gen9vgc2023regulatione-1999808539","p1":"MentalSyndrome","p2":"TeeJarr","format":"[Gen 9] VGC 2023 Regulation E","log":"|j|\u2606MentalSyndrome\n|j|\u2606TeeJarr\n|t:|1701118628\n|gametype|doubles\n|player|p1|MentalSyndrome|byron|1105\n|player|p2|TeeJarr|266|1189\n|teamsize|p1|6\n|teamsize|p2|6\n|gen|9\n|tier|[Gen 9] VGC 2023 Regulation E\n|rated|\n|rule|Species Clause: Limit one of each Pok\u00e9mon\n|rule|Item Clause: Limit one of each item\n|clearpoke\n|poke|p1|Tornadus, L50, M|\n|poke|p1|Zapdos, L50|\n|poke|p1|Lucario, L50, F|\n|poke|p1|Arbok, L50, M|\n|poke|p1|Breloom, L50, M|\n|poke|p1|Tinkaton, L50, F|\n|poke|p2|Flutter Mane, L50|\n|poke|p2|Tornadus, L50, M|\n|poke|p2|Rillaboom, L50, M|\n|poke|p2|Torkoal, L50, F|\n|poke|p2|Iron Hands, L50|\n|poke|p2|Ogerpon-Hearthflame, L50, F|\n|teampreview|4\n|inactive|Battle timer is ON: inactive players will automatically lose when time's up. (requested by TeeJarr)\nTeeJarr has agreed to open team sheets.\nMentalSyndrome has agreed to open team sheets.\n|\n|t:|1701118672\n|start\n|switch|p1a: Tornadus|Tornadus, L50, M|100\/100\n|switch|p1b: Tinkaton|Tinkaton, L50, F|100\/100\n|switch|p2a: Flutter Mane|Flutter Mane, L50|100\/100\n|switch|p2b: Iron Hands|Iron Hands, L50|100\/100\n|-ability|p1b: Tinkaton|Mold Breaker\n|-enditem|p2a: Flutter Mane|Booster Energy\n|-activate|p2a: Flutter Mane|ability: Protosynthesis|[fromitem]\n|-start|p2a: Flutter Mane|protosynthesisspe\n|turn|1\n|inactive|TeeJarr has 30 seconds left.\n|inactive|TeeJarr has 20 seconds left.\n|inactive|TeeJarr has 15 seconds left.\n|inactive|TeeJarr has 10 seconds left.\n|\n|t:|1701118720\n|-end|p2a: Flutter Mane|Protosynthesis|[silent]\n|switch|p2a: Ogerpon|Ogerpon-Hearthflame, L50, F|100\/100\n|-ability|p2a: Ogerpon|Mold Breaker\n|move|p1b: Tinkaton|Fake Out|p2b: Iron Hands\n|-damage|p2b: Iron Hands|96\/100\n|cant|p2b: Iron Hands|flinch\n|move|p1a: Tornadus|Tailwind|p1a: Tornadus\n|-sidestart|p1: MentalSyndrome|move: Tailwind\n|\n|upkeep\n|turn|2\n|\n|t:|1701118735\n|-end|p2b: Iron Hands|Quark Drive|[silent]\n|switch|p2b: Tornadus|Tornadus, L50, M|100\/100\n|move|p2a: Ogerpon|Spiky Shield|p2a: Ogerpon\n|-singleturn|p2a: Ogerpon|move: Protect\n|move|p1a: Tornadus|Rain Dance|p1a: Tornadus\n|-weather|RainDance\n|move|p1b: Tinkaton|Baby-Doll Eyes|p2b: Tornadus\n|-unboost|p2b: Tornadus|atk|1\n|\n|-weather|RainDance|[upkeep]\n|upkeep\n|turn|3\n|\n|t:|1701118750\n|move|p2b: Tornadus|Sunny Day|p2b: Tornadus\n|-weather|SunnyDay\n|move|p1a: Tornadus|Bleakwind Storm|p2b: Tornadus|[spread] p2a,p2b\n|-supereffective|p2a: Ogerpon\n|-damage|p2a: Ogerpon|30\/100\n|-damage|p2b: Tornadus|73\/100\n|-unboost|p2a: Ogerpon|spe|1\n|move|p1b: Tinkaton|Thunder Wave|p2a: Ogerpon\n|-status|p2a: Ogerpon|par\n|cant|p2a: Ogerpon|par\n|\n|-weather|SunnyDay|[upkeep]\n|upkeep\n|turn|4\n|\n|t:|1701118774\n|move|p1a: Tornadus|Rain Dance|p1a: Tornadus\n|-weather|RainDance\n|move|p2b: Tornadus|Tailwind|p2b: Tornadus\n|-sidestart|p2: TeeJarr|move: Tailwind\n|move|p1b: Tinkaton|Knock Off|p2b: Tornadus\n|-damage|p2b: Tornadus|52\/100\n|-enditem|p2b: Tornadus|Covert Cloak|[from] move: Knock Off|[of] p1b: Tinkaton\n|move|p2a: Ogerpon|Ivy Cudgel|p1b: Tinkaton|[anim] Ivy Cudgel Fire\n|-supereffective|p1b: Tinkaton\n|-damage|p1b: Tinkaton|34\/100\n|\n|-weather|RainDance|[upkeep]\n|-sideend|p1: MentalSyndrome|move: Tailwind\n|upkeep\n|turn|5\n|\n|t:|1701118785\n|move|p2b: Tornadus|Sunny Day|p2b: Tornadus\n|-weather|SunnyDay\n|move|p1b: Tinkaton|Baby-Doll Eyes|p2a: Ogerpon\n|-unboost|p2a: Ogerpon|atk|1\n|move|p1a: Tornadus|Bleakwind Storm|p2b: Tornadus|[spread] p2a,p2b\n|-supereffective|p2a: Ogerpon\n|-damage|p2a: Ogerpon|0 fnt\n|-damage|p2b: Tornadus|26\/100\n|faint|p2a: Ogerpon\n|\n|-weather|SunnyDay|[upkeep]\n|upkeep\n|\n|t:|1701118791\n|switch|p2a: Flutter Mane|Flutter Mane, L50|100\/100\n|-activate|p2a: Flutter Mane|ability: Protosynthesis\n|-start|p2a: Flutter Mane|protosynthesisspe\n|turn|6\n|\n|t:|1701118801\n|-terastallize|p2a: Flutter Mane|Fairy\n|move|p1a: Tornadus|Tailwind|p1a: Tornadus\n|-sidestart|p1: MentalSyndrome|move: Tailwind\n|move|p2a: Flutter Mane|Dazzling Gleam|p1b: Tinkaton|[spread] p1a,p1b\n|-resisted|p1b: Tinkaton\n|-damage|p1a: Tornadus|52\/100\n|-damage|p1b: Tinkaton|15\/100\n|move|p1b: Tinkaton|Thunder Wave|p2a: Flutter Mane\n|-status|p2a: Flutter Mane|par\n|move|p2b: Tornadus|Bleakwind Storm|p1a: Tornadus|[spread] p1a,p1b\n|-resisted|p1b: Tinkaton\n|-damage|p1a: Tornadus|13\/100\n|-damage|p1b: Tinkaton|2\/100\n|\n|-weather|SunnyDay|[upkeep]\n|upkeep\n|turn|7\n|\n|t:|1701118816\n|move|p1a: Tornadus|Rain Dance|p1a: Tornadus\n|-weather|RainDance\n|-end|p2a: Flutter Mane|Protosynthesis\n|move|p1b: Tinkaton|Thunder Wave|p2b: Tornadus\n|-status|p2b: Tornadus|par\n|move|p2a: Flutter Mane|Dazzling Gleam|p1b: Tinkaton|[spread] p1a,p1b\n|-resisted|p1b: Tinkaton\n|-damage|p1a: Tornadus|0 fnt\n|-damage|p1b: Tinkaton|0 fnt\n|faint|p1a: Tornadus\n|faint|p1b: Tinkaton\n|move|p2b: Tornadus|Bleakwind Storm|p1: Tornadus|[notarget]\n|-fail|p2b: Tornadus\n|\n|-weather|RainDance|[upkeep]\n|-sideend|p2: TeeJarr|move: Tailwind\n|upkeep\n|\n|t:|1701118822\n|switch|p1a: Zapdos|Zapdos, L50|100\/100\n|switch|p1b: Arbok|Arbok, L50, M, shiny|100\/100\n|-ability|p1b: Arbok|Intimidate|boost\n|-unboost|p2a: Flutter Mane|atk|1\n|-unboost|p2b: Tornadus|atk|1\n|turn|8\n|\n|t:|1701118838\n|-terastallize|p1a: Zapdos|Water\n|move|p2b: Tornadus|Tailwind|p2b: Tornadus\n|-sidestart|p2: TeeJarr|move: Tailwind\n|move|p1a: Zapdos|Weather Ball|p2a: Flutter Mane\n|-damage|p2a: Flutter Mane|7\/100 par\n|cant|p2a: Flutter Mane|par\n|move|p1b: Arbok|Gunk Shot|p2b: Tornadus\n|-damage|p2b: Tornadus|0 fnt\n|faint|p2b: Tornadus\n|\n|-weather|RainDance|[upkeep]\n|upkeep\n|c|\u2606MentalSyndrome|gg\n|\n|t:|1701118855\n|switch|p2b: Iron Hands|Iron Hands, L50|96\/100\n|turn|9\n|\n|t:|1701118879\n|move|p2b: Iron Hands|Fake Out|p1b: Arbok\n|-damage|p1b: Arbok|76\/100\n|cant|p1b: Arbok|flinch\n|move|p1a: Zapdos|Weather Ball|p2b: Iron Hands\n|-damage|p2b: Iron Hands|17\/100\n|move|p2a: Flutter Mane|Shadow Ball|p1b: Arbok\n|-damage|p1b: Arbok|35\/100\n|-enditem|p1b: Arbok|Sitrus Berry|[eat]\n|-heal|p1b: Arbok|59\/100|[from] item: Sitrus Berry\n|\n|-weather|RainDance|[upkeep]\n|-sideend|p1: MentalSyndrome|move: Tailwind\n|upkeep\n|turn|10\n|c|\u2606MentalSyndrome|oh, forgot hands lol\n|-message|TeeJarr forfeited.\n|\n|win|MentalSyndrome\n|raw|MentalSyndrome's rating: 1105 &rarr; <strong>1136<\/strong><br \/>(+31 for winning)\n|raw|TeeJarr's rating: 1189 &rarr; <strong>1158<\/strong><br \/>(-31 for losing)\n|l|\u2606TeeJarr\n","uploadtime":1701118899,"views":4,"p1id":"mentalsyndrome","p2id":"teejarr","formatid":"gen9vgc2023regulatione","rating":1136,"private":0,"password":""}