{"id":"gen9vgc2023regulatione-1991677975","p1":"RAW_TOAST_94","p2":"Redorian","format":"[Gen 9] VGC 2023 Regulation E","log":"|j|\u2606RAW_TOAST_94\n|j|\u2606Redorian\n|n|\u2606RAW_TOAST_94|rawtoast94\n|n|\u2606Redorian|redorian\n|html|View the match progress at <a href=\"\/game-bestof3-gen9vgc2023regulatione-1991675975\">game-bestof3-gen9vgc2023regulatione-1991675975<\/a>\n|t:|1700101622\n|gametype|doubles\n|player|p1|RAW_TOAST_94|cynthia|\n|player|p2|Redorian|proton|\n|teamsize|p1|6\n|teamsize|p2|6\n|gen|9\n|tier|[Gen 9] VGC 2023 Regulation E\n|rule|Species Clause: Limit one of each Pok\u00e9mon\n|rule|Item Clause: Limit one of each item\n|clearpoke\n|poke|p1|Landorus, L50, M|\n|poke|p1|Chien-Pao, L50|\n|poke|p1|Ogerpon-Wellspring, L50, F|\n|poke|p1|Arcanine-Hisui, L50, M|\n|poke|p1|Iron Hands, L50|\n|poke|p1|Tornadus, L50, M|\n|poke|p2|Ninetales, L50, F|\n|poke|p2|Chi-Yu, L50|\n|poke|p2|Shiftry, L50, M|\n|poke|p2|Flutter Mane, L50|\n|poke|p2|Armarouge, L50, M|\n|poke|p2|Roaring Moon, L50|\n|teampreview|4\nRAW_TOAST_94 has agreed to open team sheets.\n|\n|t:|1700101659\n|start\n|switch|p1a: Tornadus|Tornadus, L50, M|100\/100\n|switch|p1b: Lando|Landorus, L50, M|100\/100\n|switch|p2a: Kyubi|Ninetales, L50, F, shiny|100\/100\n|switch|p2b: Tengu|Shiftry, L50, M, shiny|100\/100\n|-weather|SunnyDay|[from] ability: Drought|[of] p2a: Kyubi\n|turn|1\n|\n|t:|1700101694\n|move|p1b: Lando|Protect|p1b: Lando\n|-singleturn|p1b: Lando|Protect\n|move|p2b: Tengu|Fake Out|p1b: Lando\n|-activate|p1b: Lando|move: Protect\n|move|p1a: Tornadus|Rain Dance|p1a: Tornadus\n|-weather|RainDance\n|move|p2a: Kyubi|Heat Wave|p1b: Lando|[spread] p1a\n|-activate|p1b: Lando|move: Protect\n|-damage|p1a: Tornadus|89\/100\n|\n|-weather|RainDance|[upkeep]\n|upkeep\n|turn|2\n|\n|t:|1700101716\n|switch|p2a: Mars|Roaring Moon, L50, shiny|100\/100\n|-enditem|p2a: Mars|Booster Energy\n|-activate|p2a: Mars|ability: Protosynthesis|[fromitem]\n|-start|p2a: Mars|protosynthesisspe\n|move|p1a: Tornadus|Tailwind|p1a: Tornadus\n|-sidestart|p1: RAW_TOAST_94|move: Tailwind\n|move|p1b: Lando|Sandsear Storm|p2a: Mars|[spread] p2a,p2b\n|-crit|p2a: Mars\n|-resisted|p2b: Tengu\n|-damage|p2a: Mars|12\/100\n|-damage|p2b: Tengu|54\/100\n|move|p2b: Tengu|Tailwind|p2b: Tengu\n|-sidestart|p2: Redorian|move: Tailwind\n|\n|-weather|RainDance|[upkeep]\n|upkeep\n|turn|3\n|\n|t:|1700101745\n|move|p1a: Tornadus|Rain Dance||[still]\n|-fail|p1a: Tornadus\n|move|p2a: Mars|Acrobatics|p1b: Lando\n|-damage|p1b: Lando|61\/100\n|move|p1b: Lando|Sandsear Storm|p2b: Tengu|[spread] p2a,p2b\n|-resisted|p2b: Tengu\n|-damage|p2a: Mars|0 fnt\n|-damage|p2b: Tengu|9\/100\n|faint|p2a: Mars\n|-end|p2a: Mars|Protosynthesis|[silent]\n|move|p2b: Tengu|Knock Off|p1b: Lando\n|-damage|p1b: Lando|15\/100\n|-enditem|p1b: Lando|Life Orb|[from] move: Knock Off|[of] p2b: Tengu\n|\n|-weather|RainDance|[upkeep]\n|upkeep\n|\n|t:|1700101757\n|switch|p2a: Kyubi|Ninetales, L50, F, shiny|100\/100\n|-weather|SunnyDay|[from] ability: Drought|[of] p2a: Kyubi\n|turn|4\n|\n|t:|1700101775\n|switch|p2a: Cyrus|Armarouge, L50, M, shiny|100\/100\n|move|p1a: Tornadus|Rain Dance|p1a: Tornadus\n|-weather|RainDance\n|move|p1b: Lando|Sandsear Storm|p2a: Cyrus|[spread] p2a,p2b\n|-supereffective|p2a: Cyrus\n|-resisted|p2b: Tengu\n|-damage|p2a: Cyrus|13\/100\n|-damage|p2b: Tengu|0 fnt\n|-enditem|p2a: Cyrus|Weakness Policy\n|-boost|p2a: Cyrus|atk|2|[from] item: Weakness Policy\n|-boost|p2a: Cyrus|spa|2|[from] item: Weakness Policy\n|faint|p2b: Tengu\n|\n|-weather|RainDance|[upkeep]\n|upkeep\n|\n|t:|1700101786\n|switch|p2b: Kyubi|Ninetales, L50, F, shiny|100\/100\n|-weather|SunnyDay|[from] ability: Drought|[of] p2b: Kyubi\n|turn|5\n|\n|t:|1700101797\n|-terastallize|p2a: Cyrus|Grass\n|move|p2a: Cyrus|Wide Guard|p2a: Cyrus\n|-singleturn|p2a: Cyrus|Wide Guard\n|move|p1a: Tornadus|Rain Dance|p1a: Tornadus\n|-weather|RainDance\n|move|p2b: Kyubi|Heat Wave|p1b: Lando|[spread] p1a,p1b\n|-damage|p1a: Tornadus|77\/100\n|-damage|p1b: Lando|1\/100\n|move|p1b: Lando|Sandsear Storm|p2a: Cyrus|[spread] \n|-activate|p2a: Cyrus|move: Wide Guard\n|-activate|p2b: Kyubi|move: Wide Guard\n|\n|-weather|RainDance|[upkeep]\n|-sideend|p1: RAW_TOAST_94|move: Tailwind\n|-sideend|p2: Redorian|move: Tailwind\n|upkeep\n|turn|6\n|\n|t:|1700101826\n|move|p1a: Tornadus|Taunt|p2a: Cyrus\n|-start|p2a: Cyrus|move: Taunt\n|move|p2b: Kyubi|Heat Wave|p1b: Lando|[spread] p1a,p1b\n|-damage|p1a: Tornadus|64\/100\n|-damage|p1b: Lando|0 fnt\n|faint|p1b: Lando\n|move|p2a: Cyrus|Stored Power|p1a: Tornadus\n|-damage|p1a: Tornadus|0 fnt\n|faint|p1a: Tornadus\n|\n|-weather|RainDance|[upkeep]\n|upkeep\n|\n|t:|1700101838\n|switch|p1b: Ponyo|Ogerpon-Wellspring, L50, F|100\/100\n|switch|p1a: Iron Hands|Iron Hands, L50, shiny|100\/100\n|turn|7\n|\n|t:|1700101852\n|-terastallize|p1b: Ponyo|Water\n|detailschange|p1b: Ponyo|Ogerpon-Wellspring-Tera, L50, F, tera:Water\n|-ability|p1b: Ponyo|Embody Aspect (Wellspring)|boost\n|-boost|p1b: Ponyo|spd|1\n|move|p1a: Iron Hands|Fake Out|p2a: Cyrus\n|-damage|p2a: Cyrus|0 fnt\n|faint|p2a: Cyrus\n|move|p1b: Ponyo|Ivy Cudgel|p2b: Kyubi|[anim] Ivy Cudgel Water\n|-supereffective|p2b: Kyubi\n|-crit|p2b: Kyubi\n|-damage|p2b: Kyubi|0 fnt\n|faint|p2b: Kyubi\n|\n|win|RAW_TOAST_94\n|c|\u2606Redorian|sadge\n|c|\u2606Redorian|gets hard countered by rain\n|c|\u2606RAW_TOAST_94|I mean, you need to be able to navigate weather wars better\n","uploadtime":1700101906,"views":18,"p1id":"rawtoast94","p2id":"redorian","formatid":"gen9vgc2023regulatione","rating":0,"private":0,"password":""}