{"id":"gen9vgc2023regulatione-1993119713","p1":"Froggerman225","p2":"TheblackGotenks","format":"[Gen 9] VGC 2023 Regulation E","log":"|j|\u2606Froggerman225\n|j|\u2606TheblackGotenks\n|t:|1700267075\n|gametype|doubles\n|player|p1|Froggerman225|veteran|\n|player|p2|TheblackGotenks|ghetsis-gen5bw|\n|teamsize|p1|6\n|teamsize|p2|6\n|gen|9\n|tier|[Gen 9] VGC 2023 Regulation E\n|rule|Species Clause: Limit one of each Pok\u00e9mon\n|rule|Item Clause: Limit one of each item\n|clearpoke\n|poke|p1|Goodra-Hisui, L50, F|\n|poke|p1|Conkeldurr, L50, M|\n|poke|p1|Thundurus-Therian, L50, M|\n|poke|p1|Sinistcha, L50|\n|poke|p1|Palafin, L50, M|\n|poke|p1|Clefable, L50, F|\n|poke|p2|Volcarona, L50, F|\n|poke|p2|Clefairy, L50, F|\n|poke|p2|Ting-Lu, L50|\n|poke|p2|Mienshao, L50, F|\n|poke|p2|Thundurus, L50, M|\n|poke|p2|Azumarill, L50, M|\n|teampreview|4\n|inactive|Battle timer is ON: inactive players will automatically lose when time's up. (requested by Froggerman225)\n|inactiveoff|Battle timer is now OFF.\n|l|\u2606Froggerman225\n|player|p1|\n|j|\u2606Froggerman225\n|player|p1|Froggerman225|veteran\n|inactive|Battle timer is ON: inactive players will automatically lose when time's up. (requested by Froggerman225)\n|inactiveoff|Battle timer is now OFF.\n|l|\u2606TheblackGotenks\n|player|p2|\n|j|\u2606TheblackGotenks\n|player|p2|TheblackGotenks|ghetsis-gen5bw\n|l|\u2606TheblackGotenks\n|player|p2|\n|l|\u2606Froggerman225\n|player|p1|\n|j|\u2606Froggerman225\n|player|p1|Froggerman225|veteran\nFroggerman225 rejected open team sheets.\n|j|\u2606TheblackGotenks\n|player|p2|TheblackGotenks|ghetsis-gen5bw\n|\n|t:|1700267637\n|start\n|switch|p1a: Palafin|Palafin, L50, M|100\/100\n|switch|p1b: Conkeldurr|Conkeldurr, L50, M|100\/100\n|switch|p2a: Volcarona|Volcarona, L50, F|100\/100\n|switch|p2b: Mienshao|Mienshao, L50, F|100\/100\n|turn|1\n|\n|t:|1700267658\n|move|p2b: Mienshao|Fake Out|p1a: Palafin\n|-damage|p1a: Palafin|81\/100\n|cant|p1a: Palafin|flinch\n|move|p2a: Volcarona|Quiver Dance|p2a: Volcarona\n|-boost|p2a: Volcarona|spa|1\n|-boost|p2a: Volcarona|spd|1\n|-boost|p2a: Volcarona|spe|1\n|move|p1b: Conkeldurr|Earthquake|p2b: Mienshao|[spread] p1a,p2a,p2b\n|-damage|p1a: Palafin|39\/100\n|-damage|p2a: Volcarona|59\/100\n|-damage|p2b: Mienshao|40\/100\n|\n|-heal|p2a: Volcarona|65\/100|[from] item: Leftovers\n|-status|p1b: Conkeldurr|brn|[from] item: Flame Orb\n|upkeep\n|turn|2\n|\n|t:|1700267690\n|detailschange|p1a: Palafin|Palafin-Hero, L50, M\n|switch|p1a: Clefable|Clefable, L50, F|100\/100\n|move|p1b: Conkeldurr|Mach Punch|p2b: Mienshao\n|-damage|p2b: Mienshao|0 fnt\n|faint|p2b: Mienshao\n|move|p2a: Volcarona|Heat Wave|p1b: Conkeldurr|[spread] p1a\n|-miss|p2a: Volcarona|p1b: Conkeldurr\n|-damage|p1a: Clefable|60\/100\n|\n|-heal|p2a: Volcarona|72\/100|[from] item: Leftovers\n|-damage|p1b: Conkeldurr|94\/100 brn|[from] brn\n|upkeep\n|\n|t:|1700267701\n|switch|p2b: Clefairy|Clefairy, L50, F|100\/100\n|turn|3\n|\n|t:|1700267715\n|move|p2b: Clefairy|Follow Me|p2b: Clefairy\n|-singleturn|p2b: Clefairy|move: Follow Me\n|move|p2a: Volcarona|Quiver Dance|p2a: Volcarona\n|-boost|p2a: Volcarona|spa|1\n|-boost|p2a: Volcarona|spd|1\n|-boost|p2a: Volcarona|spe|1\n|move|p1a: Clefable|Wish|p1a: Clefable\n|move|p1b: Conkeldurr|Poison Jab|p2b: Clefairy\n|-supereffective|p2b: Clefairy\n|-damage|p2b: Clefairy|26\/100\n|\n|-heal|p2a: Volcarona|78\/100|[from] item: Leftovers\n|-damage|p1b: Conkeldurr|88\/100 brn|[from] brn\n|upkeep\n|turn|4\n|j| Beauty Devon\n|\n|t:|1700267753\n|move|p2b: Clefairy|Helping Hand|p2a: Volcarona\n|-singleturn|p2a: Volcarona|Helping Hand|[of] p2b: Clefairy\n|move|p2a: Volcarona|Heat Wave|p1a: Clefable|[spread] p1b\n|-miss|p2a: Volcarona|p1a: Clefable\n|-damage|p1b: Conkeldurr|0 fnt\n|faint|p1b: Conkeldurr\n|move|p1a: Clefable|Moonblast|p2b: Clefairy\n|-damage|p2b: Clefairy|0 fnt\n|faint|p2b: Clefairy\n|\n|-heal|p1a: Clefable|100\/100|[from] move: Wish|[wisher] Clefable\n|-heal|p2a: Volcarona|84\/100|[from] item: Leftovers\n|upkeep\n|\n|t:|1700267763\n|switch|p1b: Palafin|Palafin-Hero, L50, M|39\/100\n|switch|p2b: Thundurus|Thundurus, L50, M|100\/100\n|-activate|p1b: Palafin|ability: Zero to Hero\n|turn|5\n|c|\u2606TheblackGotenks|Its free tera correct?\n|c|\u2606Froggerman225|Yes\n|\n|t:|1700267813\n|-terastallize|p2a: Volcarona|Flying\n|move|p2b: Thundurus|Taunt|p1a: Clefable\n|-start|p1a: Clefable|move: Taunt\n|move|p1b: Palafin|Aqua Jet|p2a: Volcarona\n|-damage|p2a: Volcarona|42\/100\n|move|p2a: Volcarona|Heat Wave|p1b: Palafin|[spread] p1a,p1b\n|-resisted|p1b: Palafin\n|-damage|p1a: Clefable|47\/100\n|-damage|p1b: Palafin|0 fnt\n|faint|p1b: Palafin\n|move|p1a: Clefable|Moonblast|p2a: Volcarona\n|-damage|p2a: Volcarona|25\/100\n|\n|-heal|p2a: Volcarona|31\/100|[from] item: Leftovers\n|upkeep\n|\n|t:|1700267819\n|switch|p1b: Thundurus|Thundurus-Therian, L50, M|100\/100\n|turn|6\n|\n|t:|1700267837\n|move|p2b: Thundurus|Eerie Impulse|p1b: Thundurus\n|-immune|p1b: Thundurus|[from] ability: Volt Absorb\n|move|p2a: Volcarona|Heat Wave|p1b: Thundurus|[spread] p1a,p1b\n|-damage|p1a: Clefable|0 fnt\n|-damage|p1b: Thundurus|1\/100\n|faint|p1a: Clefable\n|move|p1b: Thundurus|Volt Switch|p2b: Thundurus\n|-damage|p2b: Thundurus|48\/100\n|-enditem|p2b: Thundurus|Sitrus Berry|[eat]\n|-heal|p2b: Thundurus|73\/100|[from] item: Sitrus Berry\n|\n|-heal|p2a: Volcarona|37\/100|[from] item: Leftovers\n|upkeep\n|turn|7\n|c|\u2606Froggerman225|Yeah thats rip\n|c|\u2606Froggerman225|I suck at vgc\n|\n|t:|1700267858\n|move|p2b: Thundurus|Taunt|p1b: Thundurus\n|-start|p1b: Thundurus|move: Taunt\n|move|p2a: Volcarona|Giga Drain|p1b: Thundurus\n|-resisted|p1b: Thundurus\n|-damage|p1b: Thundurus|0 fnt\n|-heal|p2a: Volcarona|38\/100|[from] drain|[of] p1b: Thundurus\n|faint|p1b: Thundurus\n|\n|win|TheblackGotenks\n|c|\u2606TheblackGotenks|Gg\n|c|\u2606Froggerman225|Gg\n|l|\u2606Froggerman225\n","uploadtime":1700267873,"views":12,"p1id":"froggerman225","p2id":"theblackgotenks","formatid":"gen9vgc2023regulatione","rating":0,"private":0,"password":""}