{"id":"gen9vgc2023regulatione-1998391536","p1":"Luckybadday","p2":"meesterkrebs","format":"[Gen 9] VGC 2023 Regulation E","log":"|j|\u2606Luckybadday\n|j|\u2606meesterkrebs\n|t:|1700937089\n|gametype|doubles\n|player|p1|Luckybadday|265|1288\n|player|p2|meesterkrebs|steven|1200\n|teamsize|p1|6\n|teamsize|p2|6\n|gen|9\n|tier|[Gen 9] VGC 2023 Regulation E\n|rated|\n|rule|Species Clause: Limit one of each Pok\u00e9mon\n|rule|Item Clause: Limit one of each item\n|clearpoke\n|poke|p1|Sinistcha, L50|\n|poke|p1|Heatran, L50, F|\n|poke|p1|Iron Bundle, L50|\n|poke|p1|Armarouge, L50, M|\n|poke|p1|Indeedee-F, L50, F|\n|poke|p1|Sneasler, L50, M|\n|poke|p2|Urshifu-*, L50, F|\n|poke|p2|Gholdengo, L50|\n|poke|p2|Arcanine, L50, M|\n|poke|p2|Rillaboom, L50, M|\n|poke|p2|Sableye, L50, M|\n|poke|p2|Roaring Moon, L50|\n|teampreview|4\n|inactive|Battle timer is ON: inactive players will automatically lose when time's up. (requested by Luckybadday)\n|inactive|meesterkrebs has 60 seconds left.\n|inactive|meesterkrebs has 30 seconds left.\n|inactive|meesterkrebs has 20 seconds left.\n|inactive|meesterkrebs has 15 seconds left.\n|\n|t:|1700937171\n|start\n|switch|p1a: Iron Bundle|Iron Bundle, L50|100\/100\n|switch|p1b: Sneasler|Sneasler, L50, M|100\/100\n|switch|p2a: Sableye|Sableye, L50, M|100\/100\n|switch|p2b: Urshifu|Urshifu-Rapid-Strike, L50, F|100\/100\n|-enditem|p1a: Iron Bundle|Booster Energy\n|-activate|p1a: Iron Bundle|ability: Quark Drive|[fromitem]\n|-start|p1a: Iron Bundle|quarkdrivespe\n|turn|1\n|inactive|Luckybadday has 30 seconds left.\n|inactive|meesterkrebs has 30 seconds left.\n|\n|t:|1700937207\n|switch|p1b: Indeedee|Indeedee-F, L50, F|100\/100\n|-fieldstart|move: Psychic Terrain|[from] ability: Psychic Surge|[of] p1b: Indeedee\n|switch|p2a: Arcanine|Arcanine, L50, M|100\/100\n|-ability|p2a: Arcanine|Intimidate|boost\n|-unboost|p1a: Iron Bundle|atk|1\n|-unboost|p1b: Indeedee|atk|1\n|move|p2b: Urshifu|Detect|p2b: Urshifu\n|-singleturn|p2b: Urshifu|Protect\n|move|p1a: Iron Bundle|Freeze-Dry|p2b: Urshifu\n|-activate|p2b: Urshifu|move: Protect\n|\n|upkeep\n|turn|2\n|inactive|Luckybadday has 30 seconds left.\n|inactive|meesterkrebs has 30 seconds left.\n|\n|t:|1700937239\n|switch|p2b: Rillaboom|Rillaboom, L50, M|100\/100\n|-fieldstart|move: Grassy Terrain|[from] ability: Grassy Surge|[of] p2b: Rillaboom\n|move|p2a: Arcanine|Protect|p2a: Arcanine\n|-singleturn|p2a: Arcanine|Protect\n|move|p1b: Indeedee|Follow Me|p1b: Indeedee\n|-singleturn|p1b: Indeedee|move: Follow Me\n|move|p1a: Iron Bundle|Freeze-Dry|p2b: Rillaboom\n|-supereffective|p2b: Rillaboom\n|-damage|p2b: Rillaboom|50\/100\n|\n|-heal|p2b: Rillaboom|56\/100|[from] Grassy Terrain\n|upkeep\n|turn|3\n|inactive|meesterkrebs has 30 seconds left.\n|\n|t:|1700937266\n|-terastallize|p1a: Iron Bundle|Ghost\n|move|p2b: Rillaboom|Grassy Glide|p1a: Iron Bundle\n|-damage|p1a: Iron Bundle|64\/100\n|move|p1a: Iron Bundle|Icy Wind|p2a: Arcanine|[spread] p2a,p2b\n|-resisted|p2a: Arcanine\n|-crit|p2a: Arcanine\n|-supereffective|p2b: Rillaboom\n|-damage|p2a: Arcanine|87\/100\n|-damage|p2b: Rillaboom|30\/100\n|-unboost|p2a: Arcanine|spe|1\n|-unboost|p2b: Rillaboom|spe|1\n|move|p1b: Indeedee|Charm|p2a: Arcanine\n|-unboost|p2a: Arcanine|atk|2\n|move|p2a: Arcanine|Flare Blitz|p1a: Iron Bundle\n|-damage|p1a: Iron Bundle|42\/100\n|-damage|p2a: Arcanine|81\/100|[from] Recoil\n|\n|-heal|p1a: Iron Bundle|48\/100|[from] Grassy Terrain\n|-heal|p2a: Arcanine|87\/100|[from] Grassy Terrain\n|-heal|p2b: Rillaboom|36\/100|[from] Grassy Terrain\n|upkeep\n|turn|4\n|inactive|meesterkrebs has 30 seconds left.\n|inactive|meesterkrebs has 20 seconds left.\n|inactive|meesterkrebs has 15 seconds left.\n|\n|t:|1700937309\n|switch|p2b: Sableye|Sableye, L50, M|100\/100\n|move|p1a: Iron Bundle|Freeze-Dry|p2b: Sableye\n|-damage|p2b: Sableye|67\/100\n|move|p1b: Indeedee|Heal Pulse|p1a: Iron Bundle\n|-heal|p1a: Iron Bundle|98\/100\n|move|p2a: Arcanine|Snarl|p1a: Iron Bundle|[spread] p1a,p1b\n|-supereffective|p1a: Iron Bundle\n|-supereffective|p1b: Indeedee\n|-damage|p1a: Iron Bundle|74\/100\n|-damage|p1b: Indeedee|85\/100\n|-unboost|p1a: Iron Bundle|spa|1\n|-unboost|p1b: Indeedee|spa|1\n|\n|-heal|p1a: Iron Bundle|80\/100|[from] Grassy Terrain\n|-heal|p1b: Indeedee|91\/100|[from] Grassy Terrain\n|-heal|p2a: Arcanine|93\/100|[from] Grassy Terrain\n|-heal|p2b: Sableye|73\/100|[from] Grassy Terrain\n|upkeep\n|turn|5\n|\n|t:|1700937331\n|move|p2b: Sableye|Encore|p1a: Iron Bundle\n|-start|p1a: Iron Bundle|Encore\n|move|p1a: Iron Bundle|Freeze-Dry|p2a: Arcanine\n|-resisted|p2a: Arcanine\n|-damage|p2a: Arcanine|82\/100\n|move|p1b: Indeedee|Disarming Voice|p2b: Sableye|[spread] p2a,p2b\n|-resisted|p2a: Arcanine\n|-supereffective|p2b: Sableye\n|-enditem|p2b: Sableye|Roseli Berry|[eat]\n|-enditem|p2b: Sableye|Roseli Berry|[weaken]\n|-damage|p2a: Arcanine|80\/100\n|-damage|p2b: Sableye|68\/100\n|move|p2a: Arcanine|Snarl|p1b: Indeedee|[spread] p1a,p1b\n|-supereffective|p1a: Iron Bundle\n|-supereffective|p1b: Indeedee\n|-damage|p1a: Iron Bundle|58\/100\n|-damage|p1b: Indeedee|75\/100\n|-unboost|p1a: Iron Bundle|spa|1\n|-unboost|p1b: Indeedee|spa|1\n|\n|-heal|p1a: Iron Bundle|64\/100|[from] Grassy Terrain\n|-heal|p1b: Indeedee|81\/100|[from] Grassy Terrain\n|-heal|p2a: Arcanine|86\/100|[from] Grassy Terrain\n|-heal|p2b: Sableye|74\/100|[from] Grassy Terrain\n|upkeep\n|turn|6\n|inactive|Luckybadday has 30 seconds left.\n|inactive|meesterkrebs has 30 seconds left.\n|\n|t:|1700937360\n|switch|p1b: Sneasler|Sneasler, L50, M|100\/100\n|move|p2b: Sableye|Disable|p1a: Iron Bundle\n|-start|p1a: Iron Bundle|Disable|Freeze-Dry\n|cant|p1a: Iron Bundle|Disable|Freeze-Dry\n|move|p2a: Arcanine|Snarl|p1a: Iron Bundle|[spread] p1a,p1b\n|-supereffective|p1a: Iron Bundle\n|-resisted|p1b: Sneasler\n|-damage|p1a: Iron Bundle|39\/100\n|-damage|p1b: Sneasler|95\/100\n|-unboost|p1a: Iron Bundle|spa|1\n|-unboost|p1b: Sneasler|spa|1\n|\n|-heal|p1a: Iron Bundle|45\/100|[from] Grassy Terrain\n|-heal|p1b: Sneasler|100\/100|[from] Grassy Terrain\n|-heal|p2a: Arcanine|92\/100|[from] Grassy Terrain\n|-heal|p2b: Sableye|79\/100|[from] Grassy Terrain\n|-fieldend|move: Grassy Terrain\n|upkeep\n|turn|7\n|inactive|meesterkrebs has 30 seconds left.\n|inactive|meesterkrebs has 20 seconds left.\n|inactive|meesterkrebs has 15 seconds left.\n|inactive|meesterkrebs has 10 seconds left.\n|inactive|meesterkrebs has 5 seconds left.\n|\n|t:|1700937411\n|-end|p1a: Iron Bundle|Quark Drive|[silent]\n|switch|p1a: Indeedee|Indeedee-F, L50, F|81\/100\n|-fieldstart|move: Psychic Terrain|[from] ability: Psychic Surge|[of] p1a: Indeedee\n|-enditem|p1b: Sneasler|Psychic Seed\n|-boost|p1b: Sneasler|spd|1|[from] item: Psychic Seed\n|switch|p2b: Urshifu|Urshifu-Rapid-Strike, L50, F|100\/100\n|move|p1b: Sneasler|Dire Claw|p2b: Urshifu\n|-damage|p2b: Urshifu|58\/100\n|move|p2a: Arcanine|Flare Blitz|p1b: Sneasler\n|-damage|p1b: Sneasler|62\/100\n|-damage|p2a: Arcanine|82\/100|[from] Recoil\n|\n|upkeep\n|turn|8\n|inactive|meesterkrebs has 30 seconds left.\n|\n|t:|1700937440\n|switch|p1a: Iron Bundle|Iron Bundle, L50, tera:Ghost|45\/100\n|move|p2b: Urshifu|Detect|p2b: Urshifu\n|-singleturn|p2b: Urshifu|Protect\n|move|p1b: Sneasler|Acrobatics|p2b: Urshifu\n|-activate|p2b: Urshifu|move: Protect\n|move|p2a: Arcanine|Snarl|p1b: Sneasler|[spread] p1a,p1b\n|-supereffective|p1a: Iron Bundle\n|-resisted|p1b: Sneasler\n|-damage|p1a: Iron Bundle|21\/100\n|-damage|p1b: Sneasler|58\/100\n|-unboost|p1a: Iron Bundle|spa|1\n|-unboost|p1b: Sneasler|spa|1\n|\n|upkeep\n|turn|9\n|inactive|meesterkrebs has 30 seconds left.\n|\n|t:|1700937471\n|switch|p2b: Sableye|Sableye, L50, M|79\/100\n|switch|p2a: Rillaboom|Rillaboom, L50, M|36\/100\n|-fieldstart|move: Grassy Terrain|[from] ability: Grassy Surge|[of] p2a: Rillaboom\n|move|p1a: Iron Bundle|Protect|p1a: Iron Bundle\n|-singleturn|p1a: Iron Bundle|Protect\n|move|p1b: Sneasler|Acrobatics|p2b: Sableye\n|-damage|p2b: Sableye|19\/100\n|\n|-heal|p1b: Sneasler|64\/100|[from] Grassy Terrain\n|-heal|p1a: Iron Bundle|27\/100|[from] Grassy Terrain\n|-heal|p2a: Rillaboom|42\/100|[from] Grassy Terrain\n|-heal|p2b: Sableye|25\/100|[from] Grassy Terrain\n|upkeep\n|turn|10\n|inactive|meesterkrebs has 30 seconds left.\n|inactive|meesterkrebs has 20 seconds left.\n|inactive|meesterkrebs has 15 seconds left.\n|\n|t:|1700937512\n|-terastallize|p2a: Rillaboom|Fire\n|move|p2b: Sableye|Will-O-Wisp|p1b: Sneasler|[miss]\n|-miss|p2b: Sableye|p1b: Sneasler\n|move|p1b: Sneasler|Acrobatics|p2a: Rillaboom\n|-damage|p2a: Rillaboom|3\/100\n|move|p1a: Iron Bundle|Icy Wind|p2b: Sableye|[spread] p2a,p2b\n|-resisted|p2a: Rillaboom\n|-damage|p2a: Rillaboom|0 fnt\n|-damage|p2b: Sableye|13\/100\n|-unboost|p2b: Sableye|spe|1\n|faint|p2a: Rillaboom\n|\n|-heal|p1b: Sneasler|70\/100|[from] Grassy Terrain\n|-heal|p1a: Iron Bundle|33\/100|[from] Grassy Terrain\n|-heal|p2b: Sableye|19\/100|[from] Grassy Terrain\n|upkeep\n|\n|t:|1700937521\n|switch|p2a: Urshifu|Urshifu-Rapid-Strike, L50, F|58\/100\n|turn|11\n|\n|t:|1700937534\n|switch|p2b: Arcanine|Arcanine, L50, M|82\/100\n|-ability|p2b: Arcanine|Intimidate|boost\n|-unboost|p1a: Iron Bundle|atk|1\n|-unboost|p1b: Sneasler|atk|1\n|move|p1b: Sneasler|Acrobatics|p2a: Urshifu\n|-supereffective|p2a: Urshifu\n|-damage|p2a: Urshifu|7\/100\n|move|p1a: Iron Bundle|Freeze-Dry|p2a: Urshifu\n|-supereffective|p2a: Urshifu\n|-damage|p2a: Urshifu|0 fnt\n|faint|p2a: Urshifu\n|\n|-heal|p1b: Sneasler|75\/100|[from] Grassy Terrain\n|-heal|p1a: Iron Bundle|39\/100|[from] Grassy Terrain\n|-heal|p2b: Arcanine|88\/100|[from] Grassy Terrain\n|upkeep\n|\n|t:|1700937544\n|switch|p2a: Sableye|Sableye, L50, M|19\/100\n|turn|12\n|\n|t:|1700937565\n|move|p1a: Iron Bundle|Protect|p1a: Iron Bundle\n|-singleturn|p1a: Iron Bundle|Protect\n|move|p2a: Sableye|Will-O-Wisp|p1b: Sneasler\n|-status|p1b: Sneasler|brn\n|move|p1b: Sneasler|Acrobatics|p2a: Sableye\n|-damage|p2a: Sableye|0 fnt\n|faint|p2a: Sableye\n|move|p2b: Arcanine|Flare Blitz|p1b: Sneasler\n|-damage|p1b: Sneasler|3\/100 brn\n|-damage|p2b: Arcanine|69\/100|[from] Recoil\n|\n|-heal|p1b: Sneasler|9\/100 brn|[from] Grassy Terrain\n|-heal|p1a: Iron Bundle|45\/100|[from] Grassy Terrain\n|-heal|p2b: Arcanine|75\/100|[from] Grassy Terrain\n|-damage|p1b: Sneasler|3\/100 brn|[from] brn\n|upkeep\n|turn|13\n|\n|t:|1700937584\n|move|p1b: Sneasler|Dire Claw|p2b: Arcanine\n|-damage|p2b: Arcanine|60\/100\n|move|p1a: Iron Bundle|Hydro Pump|p2b: Arcanine\n|-supereffective|p2b: Arcanine\n|-damage|p2b: Arcanine|0 fnt\n|faint|p2b: Arcanine\n|\n|win|Luckybadday\n|raw|Luckybadday's rating: 1288 &rarr; <strong>1307<\/strong><br \/>(+19 for winning)\n|raw|meesterkrebs's rating: 1200 &rarr; <strong>1181<\/strong><br \/>(-19 for losing)\n","uploadtime":1700937592,"views":5,"p1id":"luckybadday","p2id":"meesterkrebs","formatid":"gen9vgc2023regulatione","rating":1181,"private":0,"password":""}