{"id":"gen9vgc2023regulatione-1993156200","p1":"onassi2","p2":"pinapplehead","format":"[Gen 9] VGC 2023 Regulation E","log":"|j|\u2606onassi2\n|j|\u2606pinapplehead\n|t:|1700271576\n|gametype|doubles\n|player|p1|onassi2|lance|\n|player|p2|pinapplehead|janitor|\n|teamsize|p1|6\n|teamsize|p2|6\n|gen|9\n|tier|[Gen 9] VGC 2023 Regulation E\n|rule|Species Clause: Limit one of each Pok\u00e9mon\n|rule|Item Clause: Limit one of each item\n|clearpoke\n|poke|p1|Thundurus, L50, M|\n|poke|p1|Enamorus, L50, F|\n|poke|p1|Ting-Lu, L50|\n|poke|p1|Tyranitar, L50, F|\n|poke|p1|Corviknight, L50, M|\n|poke|p1|Gothorita, L50, M|\n|poke|p2|Farigiraf, L50, M|\n|poke|p2|Great Tusk, L50|\n|poke|p2|Scream Tail, L50|\n|poke|p2|Iron Jugulis, L50|\n|poke|p2|Salamence, L50, M|\n|poke|p2|Bisharp, L50, F|\n|teampreview|4\n|c|\u2606onassi2|gl hf\n|j| smelio\n|c|\u2606pinapplehead|GLHF\n|c|\u2606onassi2|very different team than you brought first time around\n|c|\u2606pinapplehead|the same team for you\n|c|\u2606onassi2|indeed\n|c|\u2606onassi2|dee\n|c|\u2606onassi2|where jackson\n|c| smelio|he was on his phone\n|j| JNEWMZ\n|c|\u2606onassi2|maybe just not signed in then\n|c|\u2606onassi2|there he is\n|\n|t:|1700271833\n|start\n|switch|p1a: Wo-Pao|Thundurus, L50, M, shiny|100\/100\n|switch|p1b: Yu-Chien|Enamorus, L50, F|100\/100\n|switch|p2a: Jack Soff|Salamence, L50, M|100\/100\n|switch|p2b: wanker|Iron Jugulis, L50|100\/100\n|-ability|p2a: Jack Soff|Intimidate|boost\n|-unboost|p1a: Wo-Pao|atk|1\n|-boost|p1b: Yu-Chien|atk|1\n|-enditem|p2b: wanker|Booster Energy\n|-activate|p2b: wanker|ability: Quark Drive|[fromitem]\n|-start|p2b: wanker|quarkdrivespe\n|turn|1\n|c|\u2606onassi2|jerk off jokes and pornstars are the nicknames aidan brings against me\n|c|\u2606onassi2|so flattered\n|c|\u2606pinapplehead|no its your girlfriends\n|c|\u2606onassi2|>.>\n|\n|t:|1700271956\n|-terastallize|p2a: Jack Soff|Rock\n|move|p1b: Yu-Chien|Protect|p1b: Yu-Chien\n|-singleturn|p1b: Yu-Chien|Protect\n|move|p1a: Wo-Pao|Taunt|p2a: Jack Soff\n|-start|p2a: Jack Soff|move: Taunt\n|move|p2b: wanker|Dark Pulse|p1b: Yu-Chien\n|-activate|p1b: Yu-Chien|move: Protect\n|move|p2a: Jack Soff|Rock Slide|p1a: Wo-Pao|[spread] \n|-activate|p1b: Yu-Chien|move: Protect\n|-miss|p2a: Jack Soff|p1a: Wo-Pao\n|\n|upkeep\n|turn|2\n|c|\u2606pinapplehead|nice\n|c|\u2606pinapplehead|already missing\n|\n|t:|1700272112\n|-terastallize|p1b: Yu-Chien|Steel\n|move|p1a: Wo-Pao|Scary Face|p1b: Yu-Chien\n|-boost|p1b: Yu-Chien|spe|2\n|move|p1b: Yu-Chien|Dazzling Gleam|p2b: wanker|[spread] p2a,p2b\n|-supereffective|p2b: wanker\n|-damage|p2a: Jack Soff|64\/100\n|-damage|p2b: wanker|23\/100\n|move|p2b: wanker|Tailwind|p2b: wanker\n|-sidestart|p2: pinapplehead|move: Tailwind\n|move|p2a: Jack Soff|Rock Slide|p1a: Wo-Pao|[spread] p1a,p1b\n|-supereffective|p1a: Wo-Pao\n|-resisted|p1b: Yu-Chien\n|-damage|p1a: Wo-Pao|34\/100\n|-damage|p1b: Yu-Chien|84\/100\n|\n|upkeep\n|turn|3\n|\n|t:|1700272133\n|-end|p2b: wanker|Quark Drive|[silent]\n|switch|p2b: Jer Koff|Farigiraf, L50, M|100\/100\n|move|p1a: Wo-Pao|Scary Face|p1b: Yu-Chien\n|-boost|p1b: Yu-Chien|spe|2\n|move|p2a: Jack Soff|Rock Slide|p1b: Yu-Chien|[spread] p1a,p1b\n|-supereffective|p1a: Wo-Pao\n|-resisted|p1b: Yu-Chien\n|-damage|p1a: Wo-Pao|0 fnt\n|-damage|p1b: Yu-Chien|67\/100\n|faint|p1a: Wo-Pao\n|move|p1b: Yu-Chien|Dazzling Gleam|p2a: Jack Soff|[spread] p2a,p2b\n|-crit|p2a: Jack Soff\n|-damage|p2a: Jack Soff|8\/100\n|-damage|p2b: Jer Koff|75\/100\n|\n|-end|p2a: Jack Soff|move: Taunt\n|upkeep\n|\n|t:|1700272144\n|switch|p1a: Ting-Pao|Tyranitar, L50, F, shiny|100\/100\n|-weather|Sandstorm|[from] ability: Sand Stream|[of] p1a: Ting-Pao\n|turn|4\n|\n|t:|1700272167\n|move|p2a: Jack Soff|Rock Slide|p1a: Ting-Pao|[spread] p1a,p1b\n|-resisted|p1b: Yu-Chien\n|-damage|p1a: Ting-Pao|71\/100\n|-damage|p1b: Yu-Chien|51\/100\n|move|p1b: Yu-Chien|Draining Kiss|p2b: Jer Koff\n|-damage|p2b: Jer Koff|52\/100\n|-heal|p1b: Yu-Chien|77\/100|[from] drain|[of] p2b: Jer Koff\n|move|p2b: Jer Koff|Imprison|p2b: Jer Koff\n|-start|p2b: Jer Koff|move: Imprison\n|move|p1a: Ting-Pao|Rock Slide|p2b: Jer Koff|[spread] p2a,p2b\n|-damage|p2a: Jack Soff|0 fnt\n|-damage|p2b: Jer Koff|22\/100\n|-enditem|p2b: Jer Koff|Sitrus Berry|[eat]\n|-heal|p2b: Jer Koff|47\/100|[from] item: Sitrus Berry\n|faint|p2a: Jack Soff\n|\n|-weather|Sandstorm|[upkeep]\n|-damage|p2b: Jer Koff|41\/100|[from] Sandstorm\n|upkeep\n|\n|t:|1700272191\n|switch|p2a: Palmala handerson|Great Tusk, L50|100\/100\n|turn|5\n|\n|t:|1700272244\n|move|p1b: Yu-Chien|Dazzling Gleam|p2a: Palmala handerson|[spread] p2a,p2b\n|-supereffective|p2a: Palmala handerson\n|-damage|p2a: Palmala handerson|55\/100\n|-damage|p2b: Jer Koff|14\/100\n|move|p2a: Palmala handerson|Close Combat|p1b: Yu-Chien\n|-supereffective|p1b: Yu-Chien\n|-damage|p1b: Yu-Chien|0 fnt\n|-unboost|p2a: Palmala handerson|def|1\n|-unboost|p2a: Palmala handerson|spd|1\n|faint|p1b: Yu-Chien\n|move|p2b: Jer Koff|Shadow Ball|p1a: Ting-Pao\n|-resisted|p1a: Ting-Pao\n|-damage|p1a: Ting-Pao|66\/100\n|-unboost|p1a: Ting-Pao|spd|1\n|move|p1a: Ting-Pao|Rock Slide|p2b: Jer Koff|[spread] p2a,p2b\n|-resisted|p2a: Palmala handerson\n|-damage|p2a: Palmala handerson|47\/100\n|-damage|p2b: Jer Koff|0 fnt\n|faint|p2b: Jer Koff\n|\n|-weather|Sandstorm|[upkeep]\n|-sideend|p2: pinapplehead|move: Tailwind\n|upkeep\n|\n|t:|1700272262\n|switch|p1b: Ting-Lu|Ting-Lu, L50|100\/100\n|switch|p2b: wanker|Iron Jugulis, L50|23\/100\n|-ability|p1b: Ting-Lu|Vessel of Ruin\n|turn|6\n|\n|t:|1700272324\n|move|p2b: wanker|Hydro Pump|p1b: Ting-Lu\n|-supereffective|p1b: Ting-Lu\n|-damage|p1b: Ting-Lu|64\/100\n|move|p2a: Palmala handerson|Close Combat|p1b: Ting-Lu\n|-supereffective|p1b: Ting-Lu\n|-damage|p1b: Ting-Lu|0 fnt\n|-unboost|p2a: Palmala handerson|def|1\n|-unboost|p2a: Palmala handerson|spd|1\n|faint|p1b: Ting-Lu\n|move|p1a: Ting-Pao|Rock Slide|p2b: wanker|[spread] p2a,p2b\n|-resisted|p2a: Palmala handerson\n|-supereffective|p2b: wanker\n|-damage|p2a: Palmala handerson|35\/100\n|-damage|p2b: wanker|0 fnt\n|faint|p2b: wanker\n|-end|p2b: wanker|Quark Drive|[silent]\n|\n|-weather|Sandstorm|[upkeep]\n|upkeep\n|turn|7\n|\n|t:|1700272339\n|move|p2a: Palmala handerson|Close Combat|p1a: Ting-Pao\n|-supereffective|p1a: Ting-Pao\n|-damage|p1a: Ting-Pao|0 fnt\n|-unboost|p2a: Palmala handerson|def|1\n|-unboost|p2a: Palmala handerson|spd|1\n|faint|p1a: Ting-Pao\n|\n|win|pinapplehead\n|c|\u2606onassi2|gg\n|c|\u2606pinapplehead|gg\n","uploadtime":1700272345,"views":36,"p1id":"onassi2","p2id":"pinapplehead","formatid":"gen9vgc2023regulatione","rating":0,"private":0,"password":""}