{"id":"gen9vgc2023regulatione-1989635834","p1":"Treeman480","p2":"ikisugi810","format":"[Gen 9] VGC 2023 Regulation E","log":"|j|\u2606Treeman480\n|j|\u2606ikisugi810\n|t:|1699881612\n|gametype|doubles\n|player|p1|Treeman480|n|\n|player|p2|ikisugi810|aaron|\n|teamsize|p1|6\n|teamsize|p2|6\n|gen|9\n|tier|[Gen 9] VGC 2023 Regulation E\n|rated|Tournament battle\n|rule|Species Clause: Limit one of each Pok\u00e9mon\n|rule|Item Clause: Limit one of each item\n|clearpoke\n|poke|p1|Iron Hands, L50|\n|poke|p1|Urshifu-*, L50, M|\n|poke|p1|Heatran, L50, M|\n|poke|p1|Chien-Pao, L50|\n|poke|p1|Cresselia, L50, F|\n|poke|p1|Amoonguss, L50, M|\n|poke|p2|Roaring Moon, L50|\n|poke|p2|Dondozo, L50, F|\n|poke|p2|Iron Hands, L50|\n|poke|p2|Flutter Mane, L50|\n|poke|p2|Amoonguss, L50, M|\n|poke|p2|Arcanine-Hisui, L50, M|\n|teampreview|4\n|showteam|p1|Iron Hands||AssaultVest|QuarkDrive|DrainPunch,WildCharge,FakeOut,VoltSwitch||||||50|,,,,,Grass]Urshifu-Rapid-Strike||ChoiceScarf|UnseenFist|SurgingStrikes,CloseCombat,AquaJet,Uturn|||M|||50|,,,,,Water]Heatran||LifeOrb|FlashFire|FlashCannon,Protect,Flamethrower,TeraBlast|||M|||50|,,,,,Grass]Chien-Pao||FocusSash|SwordofRuin|IceSpinner,Protect,SacredSword,SuckerPunch||||||50|,,,,,Ghost]Cresselia||SafetyGoggles|Levitate|Psychic,IceBeam,LunarBlessing,TrickRoom|||F|||50|,,,,,Electric]Amoonguss||SitrusBerry|Regenerator|Spore,PollenPuff,GrassKnot,RagePowder|||M|||50|,,,,,Water\n|showteam|p2|Roaring Moon||BoosterEnergy|Protosynthesis|Acrobatics,KnockOff,DragonDance,Protect||||||50|,,,,,Flying]Dondozo||Leftovers|Oblivious|WaveCrash,Substitute,Yawn,Protect|||F|||50|,,,,,Grass]Iron Hands||AssaultVest|QuarkDrive|DrainPunch,WildCharge,HeavySlam,FakeOut||||||50|,,,,,Poison]Flutter Mane||ChoiceSpecs|Protosynthesis|DazzlingGleam,Moonblast,ShadowBall,PowerGem||||||50|,,,,,Fairy]Amoonguss||SitrusBerry|Regenerator|SludgeBomb,Spore,RagePowder,Protect|||M|||50|,,,,,Water]Arcanine-Hisui||ChoiceScarf|Intimidate|FlareBlitz,RockSlide,ExtremeSpeed,CloseCombat|||M|||50|,,,,,Water\n|inactive|Battle timer is ON: inactive players will automatically lose when time's up. (requested by ikisugi810)\n|j|+Corthius\n|c|\u2606Treeman480|GlHf\n|c|+Corthius|oh dozo without tatsu\n|c|+Corthius|thats interesting\n|c|\u2606Treeman480|yawn dozo\n|inactive|Treeman480 has 60 seconds left.\n|inactive|ikisugi810 has 60 seconds left.\n|c|\u2606Treeman480|normally i see fissure dozo but yawn is just as common\n|j| blindfishptsd\n|c|+Corthius|ye sub fissure is nasty\n|inactive|Treeman480 has 30 seconds left.\n|inactive|ikisugi810 has 30 seconds left.\n|\n|t:|1699881678\n|start\n|switch|p1a: Urshifu|Urshifu-Rapid-Strike, L50, M|100\/100\n|switch|p1b: Amongus|Amoonguss, L50, M|100\/100\n|switch|p2a: Arcanine|Arcanine-Hisui, L50, M|100\/100\n|switch|p2b: Dondozo|Dondozo, L50, F|100\/100\n|-ability|p2a: Arcanine|Intimidate|boost\n|-unboost|p1a: Urshifu|atk|1\n|-unboost|p1b: Amongus|atk|1\n|turn|1\n|\n|t:|1699881702\n|switch|p2a: Amoonguss|Amoonguss, L50, M|100\/100\n|move|p1a: Urshifu|Surging Strikes|p2a: Amoonguss\n|-resisted|p2a: Amoonguss\n|-crit|p2a: Amoonguss\n|-damage|p2a: Amoonguss|91\/100\n|-resisted|p2a: Amoonguss\n|-crit|p2a: Amoonguss\n|-damage|p2a: Amoonguss|81\/100\n|-resisted|p2a: Amoonguss\n|-crit|p2a: Amoonguss\n|-damage|p2a: Amoonguss|73\/100\n|-hitcount|p2a: Amoonguss|3\n|move|p2b: Dondozo|Substitute|p2b: Dondozo\n|-start|p2b: Dondozo|Substitute\n|-damage|p2b: Dondozo|75\/100\n|move|p1b: Amongus|Spore||[still]\n|-fail|p1b: Amongus\n|\n|-heal|p2b: Dondozo|82\/100|[from] item: Leftovers\n|upkeep\n|turn|2\n|\n|t:|1699881727\n|switch|p1a: Heatran|Heatran, L50, M|100\/100\n|move|p2b: Dondozo|Yawn|p1b: Amongus\n|-start|p1b: Amongus|move: Yawn|[of] p2b: Dondozo\n|move|p2a: Amoonguss|Spore|p1a: Heatran\n|-status|p1a: Heatran|slp|[from] move: Spore\n|move|p1b: Amongus|Grass Knot|p2b: Dondozo\n|-supereffective|p2b: Dondozo\n|-end|p2b: Dondozo|Substitute\n|\n|-heal|p2b: Dondozo|88\/100|[from] item: Leftovers\n|upkeep\n|turn|3\n|n| nu new era|corthius\n|l| nu new era\n|j| Lawrence_lmao\n|inactive|Treeman480 has 30 seconds left.\n|inactive|ikisugi810 has 30 seconds left.\n|l| Lawrence_lmao\n|inactive|ikisugi810 has 20 seconds left.\n|inactive|ikisugi810 has 15 seconds left.\n|inactive|ikisugi810 has 10 seconds left.\n|\n|t:|1699881776\n|switch|p2a: Roaring Moon|Roaring Moon, L50|100\/100\n|-enditem|p2a: Roaring Moon|Booster Energy\n|-activate|p2a: Roaring Moon|ability: Protosynthesis|[fromitem]\n|-start|p2a: Roaring Moon|protosynthesisatk\n|switch|p1b: Urshifu|Urshifu-Rapid-Strike, L50, M|100\/100\n|-terastallize|p1a: Heatran|Grass\n|cant|p1a: Heatran|slp\n|move|p2b: Dondozo|Substitute|p2b: Dondozo\n|-start|p2b: Dondozo|Substitute\n|-damage|p2b: Dondozo|63\/100\n|\n|-heal|p2b: Dondozo|69\/100|[from] item: Leftovers\n|upkeep\n|turn|4\n|inactive|ikisugi810 has 30 seconds left.\n|inactive|ikisugi810 has 20 seconds left.\n|inactive|ikisugi810 has 15 seconds left.\n|inactive|ikisugi810 has 10 seconds left.\n|inactive|ikisugi810 has 5 seconds left.\n|\n|t:|1699881829\n|switch|p1a: Chien-Pao|Chien-Pao, L50|100\/100\n|-ability|p1a: Chien-Pao|Sword of Ruin\n|-terastallize|p2a: Roaring Moon|Flying\n|move|p1b: Urshifu|Close Combat|p2a: Roaring Moon\n|-resisted|p2a: Roaring Moon\n|-damage|p2a: Roaring Moon|52\/100\n|-unboost|p1b: Urshifu|def|1\n|-unboost|p1b: Urshifu|spd|1\n|move|p2a: Roaring Moon|Acrobatics|p1b: Urshifu\n|-supereffective|p1b: Urshifu\n|-damage|p1b: Urshifu|0 fnt\n|faint|p1b: Urshifu\n|move|p2b: Dondozo|Yawn|p1a: Chien-Pao\n|-start|p1a: Chien-Pao|move: Yawn|[of] p2b: Dondozo\n|\n|-heal|p2b: Dondozo|75\/100|[from] item: Leftovers\n|upkeep\n|j| ChampionNBloom\n|\n|t:|1699881848\n|switch|p1b: Amongus|Amoonguss, L50, M|100\/100\n|turn|5\n|inactive|ikisugi810 has 30 seconds left.\n|\n|t:|1699881877\n|switch|p1a: Heatran|Heatran, L50, M, tera:Grass|100\/100 slp\n|move|p2a: Roaring Moon|Acrobatics|p1b: Amongus\n|-supereffective|p1b: Amongus\n|-damage|p1b: Amongus|0 fnt\n|faint|p1b: Amongus\n|move|p2b: Dondozo|Wave Crash|p1a: Heatran\n|-resisted|p1a: Heatran\n|-damage|p1a: Heatran|78\/100 slp\n|-damage|p2b: Dondozo|69\/100|[from] Recoil\n|\n|-heal|p2b: Dondozo|75\/100|[from] item: Leftovers\n|upkeep\n|\n|t:|1699881888\n|switch|p1b: Chien-Pao|Chien-Pao, L50|100\/100\n|-ability|p1b: Chien-Pao|Sword of Ruin\n|turn|6\n|\n|t:|1699881903\n|move|p2a: Roaring Moon|Protect|p2a: Roaring Moon\n|-singleturn|p2a: Roaring Moon|Protect\n|move|p1b: Chien-Pao|Ice Spinner|p2a: Roaring Moon\n|-activate|p2a: Roaring Moon|move: Protect\n|cant|p1a: Heatran|slp\n|move|p2b: Dondozo|Yawn|p1b: Chien-Pao\n|-start|p1b: Chien-Pao|move: Yawn|[of] p2b: Dondozo\n|\n|-heal|p2b: Dondozo|81\/100|[from] item: Leftovers\n|upkeep\n|turn|7\n|\n|t:|1699881923\n|-end|p2a: Roaring Moon|Protosynthesis|[silent]\n|switch|p2a: Arcanine|Arcanine-Hisui, L50, M|100\/100\n|-ability|p2a: Arcanine|Intimidate|boost\n|-unboost|p1a: Heatran|atk|1\n|-unboost|p1b: Chien-Pao|atk|1\n|move|p2b: Dondozo|Protect|p2b: Dondozo\n|-singleturn|p2b: Dondozo|Protect\n|move|p1b: Chien-Pao|Ice Spinner|p2a: Arcanine\n|-resisted|p2a: Arcanine\n|-crit|p2a: Arcanine\n|-damage|p2a: Arcanine|44\/100\n|-curestatus|p1a: Heatran|slp|[msg]\n|move|p1a: Heatran|Tera Blast|p2b: Dondozo|[anim] Tera Blast Grass\n|-activate|p2b: Dondozo|move: Protect\n|\n|-heal|p2b: Dondozo|87\/100|[from] item: Leftovers\n|-end|p1b: Chien-Pao|move: Yawn|[silent]\n|-status|p1b: Chien-Pao|slp\n|upkeep\n|turn|8\n|\n|t:|1699881946\n|move|p2a: Arcanine|Close Combat|p1b: Chien-Pao\n|-supereffective|p1b: Chien-Pao\n|-enditem|p1b: Chien-Pao|Focus Sash\n|-damage|p1b: Chien-Pao|1\/100 slp\n|-unboost|p2a: Arcanine|def|1\n|-unboost|p2a: Arcanine|spd|1\n|cant|p1b: Chien-Pao|slp\n|move|p1a: Heatran|Flash Cannon|p2a: Arcanine\n|-damage|p2a: Arcanine|0 fnt\n|faint|p2a: Arcanine\n|-damage|p1a: Heatran|68\/100|[from] item: Life Orb\n|move|p2b: Dondozo|Wave Crash|p1b: Chien-Pao\n|-damage|p1b: Chien-Pao|0 fnt\n|faint|p1b: Chien-Pao\n|-damage|p2b: Dondozo|86\/100|[from] Recoil\n|\n|-heal|p2b: Dondozo|92\/100|[from] item: Leftovers\n|upkeep\n|\n|t:|1699881955\n|switch|p2a: Roaring Moon|Roaring Moon, L50, tera:Flying|52\/100\n|turn|9\n|\n|t:|1699881973\n|move|p2a: Roaring Moon|Protect|p2a: Roaring Moon\n|-singleturn|p2a: Roaring Moon|Protect\n|move|p1a: Heatran|Protect|p1a: Heatran\n|-singleturn|p1a: Heatran|Protect\n|move|p2b: Dondozo|Yawn|p1a: Heatran\n|-activate|p1a: Heatran|move: Protect\n|\n|-heal|p2b: Dondozo|98\/100|[from] item: Leftovers\n|upkeep\n|turn|10\n|c|\u2606Treeman480|GG\n|\n|t:|1699881983\n|move|p2a: Roaring Moon|Acrobatics|p1a: Heatran\n|-supereffective|p1a: Heatran\n|-damage|p1a: Heatran|0 fnt\n|faint|p1a: Heatran\n|\n|win|ikisugi810\n|n|\u2606Treeman480|treeman480\n|n|\u2606ikisugi810|ikisugi810\n|n| blindfishptsd|blindfishptsd\n|n| ChampionNBloom|championnbloom\n|c|\u2606Treeman480|Wp\n|c|\u2606Treeman480|Best of luck\n|c|\u2606Treeman480|!\n|l| ChampionNBloom\n|l|\u2606Treeman480\n|l| blindfishptsd\n","uploadtime":1699882574,"views":22,"p1id":"treeman480","p2id":"ikisugi810","formatid":"gen9vgc2023regulatione","rating":0,"private":0,"password":""}