{"id":"gen9vgc2023regulatione-1994306765","p1":"entrenadorsito","p2":"JaredOtaku","format":"[Gen 9] VGC 2023 Regulation E","log":"|j|\u2606entrenadorsito\n|j|\u2606JaredOtaku\n|t:|1700429311\n|gametype|doubles\n|player|p1|entrenadorsito|giovanni|\n|player|p2|JaredOtaku|169|\n|teamsize|p1|6\n|teamsize|p2|6\n|gen|9\n|tier|[Gen 9] VGC 2023 Regulation E\n|rule|Species Clause: Limit one of each Pok\u00e9mon\n|rule|Item Clause: Limit one of each item\n|clearpoke\n|poke|p1|Pelipper, L50, F|\n|poke|p1|Urshifu-*, L50, F|\n|poke|p1|Iron Hands, L50|\n|poke|p1|Amoonguss, L50, F|\n|poke|p1|Gholdengo, L50|\n|poke|p1|Chien-Pao, L50|\n|poke|p2|Tornadus, L50, M|\n|poke|p2|Arcanine-Hisui, L50, F|\n|poke|p2|Iron Hands, L50|\n|poke|p2|Gholdengo, L50|\n|poke|p2|Urshifu-*, L50, M|\n|poke|p2|Ogerpon-Wellspring, L50, F|\n|teampreview|4\nentrenadorsito has agreed to open team sheets.\nJaredOtaku has agreed to open team sheets.\n|showteam|p1|Pelipper||RockyHelmet|Drizzle|HydroPump,Hurricane,WideGuard,Protect|||F|||50|,,,,,Steel]Urshifu-Rapid-Strike||ChoiceScarf|UnseenFist|SurgingStrikes,CloseCombat,TeraBlast,Uturn|||F|||50|,,,,,Grass]Iron Hands||AssaultVest|QuarkDrive|FakeOut,DrainPunch,WildCharge,HeavySlam||||||50|,,,,,Grass]Amoonguss||MentalHerb|Regenerator|Spore,RagePowder,PollenPuff,LeafStorm|||F|||50|,,,,,Water]Gholdengo||SitrusBerry|GoodasGold|MakeItRain,ShadowBall,NastyPlot,Protect||||||50|,,,,,Flying]Chien-Pao||FocusSash|SwordofRuin|IceSpinner,Crunch,SuckerPunch,Protect||||||50|,,,,,Ghost\n|showteam|p2|Tornadus||CovertCloak|Prankster|BleakwindStorm,Tailwind,Taunt,RainDance|||M|||50|,,,,,Dragon]Arcanine-Hisui||ChoiceBand|Intimidate|FlareBlitz,RockSlide,ExtremeSpeed,TeraBlast|||F|||50|,,,,,Fairy]Iron Hands||AssaultVest|QuarkDrive|WildCharge,DrainPunch,HeavySlam,FakeOut||||||50|,,,,,Grass]Gholdengo||Leftovers|GoodasGold|MakeItRain,ShadowBall,NastyPlot,Protect||||||50|,,,,,Dragon]Urshifu-Rapid-Strike||ChoiceScarf|UnseenFist|SurgingStrikes,CloseCombat,AquaJet,Uturn|||M|||50|,,,,,Water]Ogerpon-Wellspring||WellspringMask|WaterAbsorb|IvyCudgel,PowerWhip,FollowMe,SpikyShield|||F|||50|,,,,,Water\n|\n|t:|1700429464\n|start\n|switch|p1a: Impala|Iron Hands, L50, shiny|100\/100\n|switch|p1b: The End|Urshifu-Rapid-Strike, L50, F|100\/100\n|switch|p2a: Tornadus|Tornadus, L50, M|100\/100\n|switch|p2b: Iron Hands|Iron Hands, L50|100\/100\n|turn|1\n|inactive|Battle timer is ON: inactive players will automatically lose when time's up. (requested by JaredOtaku)\n|\n|t:|1700429497\n|move|p1a: Impala|Fake Out|p2a: Tornadus\n|-damage|p2a: Tornadus|85\/100\n|move|p2b: Iron Hands|Fake Out|p1a: Impala\n|-damage|p1a: Impala|91\/100\n|move|p2a: Tornadus|Tailwind|p2a: Tornadus\n|-sidestart|p2: JaredOtaku|move: Tailwind\n|move|p1b: The End|U-turn|p2b: Iron Hands\n|-resisted|p2b: Iron Hands\n|-damage|p2b: Iron Hands|93\/100\n|\n|t:|1700429508\n|switch|p1b: FE!N-PAO|Chien-Pao, L50|100\/100|[from] U-turn\n|-ability|p1b: FE!N-PAO|Sword of Ruin\n|\n|upkeep\n|turn|2\n|inactive|JaredOtaku has 30 seconds left.\n|\n|t:|1700429538\n|switch|p2a: Arcanine|Arcanine-Hisui, L50, F|100\/100\n|-ability|p2a: Arcanine|Intimidate|boost\n|-unboost|p1a: Impala|atk|1\n|-unboost|p1b: FE!N-PAO|atk|1\n|move|p1b: FE!N-PAO|Protect|p1b: FE!N-PAO\n|-singleturn|p1b: FE!N-PAO|Protect\n|move|p2b: Iron Hands|Drain Punch|p1b: FE!N-PAO\n|-activate|p1b: FE!N-PAO|move: Protect\n|move|p1a: Impala|Wild Charge|p2a: Arcanine\n|-damage|p2a: Arcanine|55\/100\n|-damage|p1a: Impala|83\/100|[from] Recoil\n|\n|upkeep\n|turn|3\n|inactive|entrenadorsito has 30 seconds left.\n|inactive|JaredOtaku has 30 seconds left.\n|\n|t:|1700429564\n|switch|p1b: The End|Urshifu-Rapid-Strike, L50, F|100\/100\n|-end|p1a: Impala|Quark Drive|[silent]\n|switch|p1a: Check|Gholdengo, L50, shiny|100\/100\n|-terastallize|p2a: Arcanine|Fairy\n|move|p2a: Arcanine|Rock Slide|p1b: The End|[spread] p1a,p1b\n|-resisted|p1a: Check\n|-resisted|p1b: The End\n|-damage|p1a: Check|80\/100\n|-damage|p1b: The End|79\/100\n|move|p2b: Iron Hands|Wild Charge|p1b: The End\n|-supereffective|p1b: The End\n|-damage|p1b: The End|0 fnt\n|faint|p1b: The End\n|-damage|p2b: Iron Hands|79\/100|[from] Recoil\n|\n|upkeep\n|\n|t:|1700429580\n|switch|p1b: Impala|Iron Hands, L50, shiny|83\/100\n|turn|4\n|inactive|JaredOtaku has 30 seconds left.\n|inactive|JaredOtaku has 20 seconds left.\n|inactive|JaredOtaku has 15 seconds left.\n|\n|t:|1700429621\n|switch|p2a: Tornadus|Tornadus, L50, M|85\/100\n|-end|p2b: Iron Hands|Quark Drive|[silent]\n|switch|p2b: Urshifu|Urshifu-Rapid-Strike, L50, M|100\/100\n|move|p1b: Impala|Fake Out|p2b: Urshifu\n|-damage|p2b: Urshifu|87\/100\n|move|p1a: Check|Make It Rain|p2a: Tornadus|[spread] p2a,p2b\n|-resisted|p2b: Urshifu\n|-damage|p2a: Tornadus|44\/100\n|-damage|p2b: Urshifu|58\/100\n|-unboost|p1a: Check|spa|1\n|\n|-sideend|p2: JaredOtaku|move: Tailwind\n|upkeep\n|turn|5\n|\n|t:|1700429643\n|move|p1a: Check|Protect|p1a: Check\n|-singleturn|p1a: Check|Protect\n|move|p2a: Tornadus|Rain Dance|p2a: Tornadus\n|-weather|RainDance\n|move|p2b: Urshifu|Surging Strikes|p1b: Impala\n|-crit|p1b: Impala\n|-damage|p1b: Impala|61\/100\n|-crit|p1b: Impala\n|-damage|p1b: Impala|39\/100\n|-crit|p1b: Impala\n|-damage|p1b: Impala|19\/100\n|-hitcount|p1b: Impala|3\n|move|p1b: Impala|Wild Charge|p2a: Tornadus\n|-supereffective|p2a: Tornadus\n|-crit|p2a: Tornadus\n|-damage|p2a: Tornadus|0 fnt\n|faint|p2a: Tornadus\n|-damage|p1b: Impala|11\/100|[from] Recoil\n|\n|-weather|RainDance|[upkeep]\n|upkeep\n|\n|t:|1700429658\n|switch|p2a: Iron Hands|Iron Hands, L50|79\/100\n|turn|6\n|\n|t:|1700429673\n|move|p2a: Iron Hands|Fake Out|p1b: Impala\n|-damage|p1b: Impala|0 fnt\n|faint|p1b: Impala\n|-end|p1b: Impala|Quark Drive|[silent]\n|move|p2b: Urshifu|Surging Strikes|p1a: Check\n|-crit|p1a: Check\n|-damage|p1a: Check|48\/100\n|-enditem|p1a: Check|Sitrus Berry|[eat]\n|-heal|p1a: Check|73\/100|[from] item: Sitrus Berry\n|-crit|p1a: Check\n|-damage|p1a: Check|42\/100\n|-crit|p1a: Check\n|-damage|p1a: Check|9\/100\n|-hitcount|p1a: Check|3\n|move|p1a: Check|Nasty Plot|p1a: Check\n|-boost|p1a: Check|spa|2\n|\n|-weather|RainDance|[upkeep]\n|upkeep\n|\n|t:|1700429678\n|switch|p1b: FE!N-PAO|Chien-Pao, L50|100\/100\n|-ability|p1b: FE!N-PAO|Sword of Ruin\n|turn|7\n|\n|t:|1700429690\n|move|p1a: Check|Protect|p1a: Check\n|-singleturn|p1a: Check|Protect\n|move|p2b: Urshifu|Surging Strikes|p1a: Check\n|-crit|p1a: Check\n|-damage|p1a: Check|0 fnt\n|faint|p1a: Check\n|-hitcount|p1: Check|1\n|move|p1b: FE!N-PAO|Ice Spinner|p2a: Iron Hands\n|-damage|p2a: Iron Hands|41\/100\n|move|p2a: Iron Hands|Drain Punch|p1b: FE!N-PAO\n|-supereffective|p1b: FE!N-PAO\n|-enditem|p1b: FE!N-PAO|Focus Sash\n|-damage|p1b: FE!N-PAO|1\/100\n|-heal|p2a: Iron Hands|74\/100|[from] drain|[of] p1b: FE!N-PAO\n|\n|-weather|RainDance|[upkeep]\n|upkeep\n|turn|8\n|\n|t:|1700429697\n|move|p2b: Urshifu|Surging Strikes|p1b: FE!N-PAO\n|-crit|p1b: FE!N-PAO\n|-damage|p1b: FE!N-PAO|0 fnt\n|faint|p1b: FE!N-PAO\n|-hitcount|p1: FE!N-PAO|1\n|\n|win|JaredOtaku\n|l|\u2606entrenadorsito\n","uploadtime":1700430923,"views":20,"p1id":"entrenadorsito","p2id":"jaredotaku","formatid":"gen9vgc2023regulatione","rating":0,"private":0,"password":""}