{"id":"gen9vgc2023regulatione-1996082179","p1":"5Sscreen","p2":"scarred22","format":"[Gen 9] VGC 2023 Regulation E","log":"|j|\u26065Sscreen\n|j|\u2606scarred22\n|t:|1700641156\n|gametype|doubles\n|player|p1|5Sscreen|pokekid|1312\n|player|p2|scarred22|lass-gen4dp|1406\n|teamsize|p1|6\n|teamsize|p2|6\n|gen|9\n|tier|[Gen 9] VGC 2023 Regulation E\n|rated|\n|rule|Species Clause: Limit one of each Pok\u00e9mon\n|rule|Item Clause: Limit one of each item\n|clearpoke\n|poke|p1|Annihilape, L50, M|\n|poke|p1|Sinistcha, L50|\n|poke|p1|Grimmsnarl, L50, M|\n|poke|p1|Landorus-Therian, L50, M|\n|poke|p1|Bellibolt, L50, M|\n|poke|p1|Corviknight, L50, M|\n|poke|p2|Armarouge, L50, F|\n|poke|p2|Indeedee-F, L50, F|\n|poke|p2|Torkoal, L50, F|\n|poke|p2|Lilligant-Hisui, L50, F|\n|poke|p2|Kingambit, L50, M|\n|poke|p2|Enamorus-Therian, L50, F|\n|teampreview|4\nscarred22 has agreed to open team sheets.\n|\n|t:|1700641190\n|start\n|switch|p1a: Grimmsnarl|Grimmsnarl, L50, M, shiny|100\/100\n|switch|p1b: Bellibolt|Bellibolt, L50, M, shiny|100\/100\n|switch|p2a: Torkoal|Torkoal, L50, F|100\/100\n|switch|p2b: Lilligant|Lilligant-Hisui, L50, F|100\/100\n|-weather|SunnyDay|[from] ability: Drought|[of] p2a: Torkoal\n|turn|1\n|\n|t:|1700641216\n|-terastallize|p1b: Bellibolt|Water\n|-terastallize|p2a: Torkoal|Fire\n|move|p1a: Grimmsnarl|Light Screen|p1a: Grimmsnarl\n|-sidestart|p1: 5Sscreen|move: Light Screen\n|move|p2b: Lilligant|After You|p2a: Torkoal\n|-activate|p2a: Torkoal|move: After You\n|move|p2a: Torkoal|Eruption|p1b: Bellibolt|[spread] p1a,p1b\n|-resisted|p1b: Bellibolt\n|-damage|p1a: Grimmsnarl|21\/100\n|-damage|p1b: Bellibolt|69\/100\n|-start|p1b: Bellibolt|Charge|Eruption|[from] ability: Electromorphosis\n|move|p1b: Bellibolt|Parabolic Charge|p2a: Torkoal|[spread] p1a,p2a,p2b\n|-resisted|p2b: Lilligant\n|-damage|p1a: Grimmsnarl|0 fnt\n|-heal|p1b: Bellibolt|79\/100|[from] drain|[of] p1a: Grimmsnarl\n|-damage|p2a: Torkoal|47\/100\n|-heal|p1b: Bellibolt|100\/100|[from] drain|[of] p2a: Torkoal\n|-damage|p2b: Lilligant|74\/100\n|faint|p1a: Grimmsnarl\n|-end|p1b: Bellibolt|Charge|[silent]\n|\n|-weather|SunnyDay|[upkeep]\n|upkeep\n|\n|t:|1700641236\n|switch|p1a: Sinistcha|Sinistcha, L50|100\/100\n|turn|2\n|\n|t:|1700641254\n|switch|p2a: Enamorus|Enamorus-Therian, L50, F|100\/100\n|move|p1a: Sinistcha|Protect|p1a: Sinistcha\n|-singleturn|p1a: Sinistcha|Protect\n|move|p2b: Lilligant|Solar Blade||[still]\n|-prepare|p2b: Lilligant|Solar Blade\n|-anim|p2b: Lilligant|Solar Blade|p1b: Bellibolt\n|-supereffective|p1b: Bellibolt\n|-damage|p1b: Bellibolt|23\/100\n|-start|p1b: Bellibolt|Charge|Solar Blade|[from] ability: Electromorphosis\n|move|p1b: Bellibolt|Parabolic Charge|p2b: Lilligant|[spread] p2a,p2b\n|-activate|p1a: Sinistcha|move: Protect\n|-supereffective|p2a: Enamorus\n|-resisted|p2b: Lilligant\n|-damage|p2a: Enamorus|21\/100\n|-heal|p1b: Bellibolt|56\/100|[from] drain|[of] p2a: Enamorus\n|-damage|p2b: Lilligant|45\/100\n|-heal|p1b: Bellibolt|66\/100|[from] drain|[of] p2b: Lilligant\n|-end|p1b: Bellibolt|Charge|[silent]\n|\n|-weather|SunnyDay|[upkeep]\n|upkeep\n|turn|3\n|\n|t:|1700641280\n|switch|p1b: Corviknight|Corviknight, L50, M, shiny|100\/100\n|move|p2b: Lilligant|Solar Blade||[still]\n|-prepare|p2b: Lilligant|Solar Blade\n|-anim|p2b: Lilligant|Solar Blade|p1b: Corviknight\n|-resisted|p1b: Corviknight\n|-damage|p1b: Corviknight|92\/100\n|-damage|p2b: Lilligant|28\/100|[from] item: Rocky Helmet|[of] p1b: Corviknight\n|move|p1a: Sinistcha|Matcha Gotcha|p2a: Enamorus|[spread] p2a,p2b\n|-resisted|p2a: Enamorus\n|-resisted|p2b: Lilligant\n|-damage|p2a: Enamorus|9\/100\n|-damage|p2b: Lilligant|9\/100\n|move|p2a: Enamorus|Moonblast|p1a: Sinistcha\n|-damage|p1a: Sinistcha|55\/100\n|-unboost|p1a: Sinistcha|spa|1\n|\n|-weather|SunnyDay|[upkeep]\n|upkeep\n|turn|4\n|\n|t:|1700641316\n|move|p1a: Sinistcha|Rage Powder|p1a: Sinistcha\n|-singleturn|p1a: Sinistcha|move: Rage Powder\n|move|p2b: Lilligant|After You|p2a: Enamorus\n|-activate|p2a: Enamorus|move: After You\n|move|p2a: Enamorus|Moonblast|p1a: Sinistcha\n|-damage|p1a: Sinistcha|5\/100\n|-unboost|p1a: Sinistcha|spa|1\n|-enditem|p1a: Sinistcha|Sitrus Berry|[eat]\n|-heal|p1a: Sinistcha|30\/100|[from] item: Sitrus Berry\n|move|p1b: Corviknight|Body Press|p2b: Lilligant\n|-damage|p2b: Lilligant|0 fnt\n|faint|p2b: Lilligant\n|\n|-weather|SunnyDay|[upkeep]\n|upkeep\n|\n|t:|1700641323\n|switch|p2b: Kingambit|Kingambit, L50, M|100\/100\n|turn|5\n|\n|t:|1700641344\n|move|p1a: Sinistcha|Protect|p1a: Sinistcha\n|-singleturn|p1a: Sinistcha|Protect\n|move|p1b: Corviknight|Body Press|p2b: Kingambit\n|-supereffective|p2b: Kingambit\n|-damage|p2b: Kingambit|27\/100\n|move|p2b: Kingambit|Kowtow Cleave|p1b: Corviknight\n|-damage|p1b: Corviknight|58\/100\n|-damage|p2b: Kingambit|11\/100|[from] item: Rocky Helmet|[of] p1b: Corviknight\n|move|p2a: Enamorus|Dazzling Gleam|p1a: Sinistcha|[spread] p1b\n|-activate|p1a: Sinistcha|move: Protect\n|-resisted|p1b: Corviknight\n|-damage|p1b: Corviknight|45\/100\n|\n|-weather|none\n|upkeep\n|turn|6\n|\n|t:|1700641361\n|switch|p1a: Bellibolt|Bellibolt, L50, M, shiny, tera:Water|66\/100\n|move|p2b: Kingambit|Sucker Punch||[still]\n|-fail|p2b: Kingambit\n|move|p1b: Corviknight|Roost|p1b: Corviknight\n|-heal|p1b: Corviknight|95\/100\n|-singleturn|p1b: Corviknight|move: Roost\n|move|p2a: Enamorus|Dazzling Gleam|p1a: Bellibolt|[spread] p1a,p1b\n|-resisted|p1b: Corviknight\n|-damage|p1a: Bellibolt|48\/100\n|-damage|p1b: Corviknight|83\/100\n|-start|p1a: Bellibolt|Charge|Dazzling Gleam|[from] ability: Electromorphosis\n|\n|upkeep\n|turn|7\n|-message|scarred22 forfeited.\n|\n|win|5Sscreen\n|raw|5Sscreen's rating: 1312 &rarr; <strong>1337<\/strong><br \/>(+25 for winning)\n|raw|scarred22's rating: 1406 &rarr; <strong>1381<\/strong><br \/>(-25 for losing)\n|l|\u2606scarred22\n|c|\u26065Sscreen|gg\n","uploadtime":1700641381,"views":8,"p1id":"5sscreen","p2id":"scarred22","formatid":"gen9vgc2023regulatione","rating":1337,"private":0,"password":""}