{"id":"gen9vgc2023regulatione-1999494638","p1":"Fire Mage 593","p2":"Fennel_Strawborzoi","format":"[Gen 9] VGC 2023 Regulation E","log":"|j|\u2606Fire Mage 593\n|j|\u2606Fennel_Strawborzoi\n|t:|1701088840\n|gametype|doubles\n|player|p1|Fire Mage 593|266|1266\n|player|p2|Fennel_Strawborzoi|cynthia|1365\n|teamsize|p1|6\n|teamsize|p2|6\n|gen|9\n|tier|[Gen 9] VGC 2023 Regulation E\n|rated|\n|rule|Species Clause: Limit one of each Pok\u00e9mon\n|rule|Item Clause: Limit one of each item\n|clearpoke\n|poke|p1|Regieleki, L50|\n|poke|p1|Farigiraf, L50, F|\n|poke|p1|Chi-Yu, L50|\n|poke|p1|Rillaboom, L50, F|\n|poke|p1|Scizor, L50, F|\n|poke|p1|Landorus-Therian, L50, M|\n|poke|p2|Kommo-o, L50, F|\n|poke|p2|Tyranitar, L50, F|\n|poke|p2|Rillaboom, L50, M|\n|poke|p2|Flutter Mane, L50|\n|poke|p2|Arcanine-Hisui, L50, M|\n|poke|p2|Iron Bundle, L50|\n|teampreview|4\n|inactive|Battle timer is ON: inactive players will automatically lose when time's up. (requested by Fennel_Strawborzoi)\n|\n|t:|1701088874\n|start\n|switch|p1a: Scizor|Scizor, L50, F|100\/100\n|switch|p1b: Farigiraf|Farigiraf, L50, F|100\/100\n|switch|p2a: Iron Bundle|Iron Bundle, L50|100\/100\n|switch|p2b: Arcanine|Arcanine-Hisui, L50, M|100\/100\n|-ability|p2b: Arcanine|Intimidate|boost\n|-unboost|p1a: Scizor|atk|1\n|-unboost|p1b: Farigiraf|atk|1\n|-enditem|p2a: Iron Bundle|Booster Energy\n|-activate|p2a: Iron Bundle|ability: Quark Drive|[fromitem]\n|-start|p2a: Iron Bundle|quarkdrivespe\n|turn|1\n|inactive|Fennel_Strawborzoi has 30 seconds left.\n|\n|t:|1701088909\n|-terastallize|p1a: Scizor|Water\n|move|p2a: Iron Bundle|Icy Wind|p1b: Farigiraf|[spread] p1a,p1b\n|-resisted|p1a: Scizor\n|-damage|p1a: Scizor|91\/100\n|-damage|p1b: Farigiraf|87\/100\n|-unboost|p1a: Scizor|spe|1\n|-unboost|p1b: Farigiraf|spe|1\n|move|p2b: Arcanine|Flare Blitz|p1a: Scizor\n|-resisted|p1a: Scizor\n|-damage|p1a: Scizor|66\/100\n|-damage|p2b: Arcanine|93\/100|[from] Recoil\n|move|p1a: Scizor|Close Combat|p2a: Iron Bundle\n|-supereffective|p2a: Iron Bundle\n|-damage|p2a: Iron Bundle|35\/100\n|-unboost|p1a: Scizor|def|1\n|-unboost|p1a: Scizor|spd|1\n|move|p1b: Farigiraf|Dazzling Gleam|p2b: Arcanine|[spread] p2a,p2b\n|-resisted|p2b: Arcanine\n|-damage|p2a: Iron Bundle|17\/100\n|-damage|p2b: Arcanine|85\/100\n|\n|upkeep\n|turn|2\n|\n|t:|1701088930\n|move|p2a: Iron Bundle|Protect|p2a: Iron Bundle\n|-singleturn|p2a: Iron Bundle|Protect\n|move|p1a: Scizor|Bullet Punch|p2a: Iron Bundle\n|-activate|p2a: Iron Bundle|move: Protect\n|move|p2b: Arcanine|Rock Slide|p1a: Scizor|[spread] p1a\n|-miss|p2b: Arcanine|p1b: Farigiraf\n|-damage|p1a: Scizor|36\/100\n|move|p1b: Farigiraf|Trick Room|p1b: Farigiraf\n|-fieldstart|move: Trick Room|[of] p1b: Farigiraf\n|\n|upkeep\n|turn|3\n|\n|t:|1701088947\n|-end|p2a: Iron Bundle|Quark Drive|[silent]\n|switch|p2a: Kommo-o|Kommo-o, L50, F|100\/100\n|move|p1b: Farigiraf|Dazzling Gleam|p2b: Arcanine|[spread] p2a,p2b\n|-supereffective|p2a: Kommo-o\n|-resisted|p2b: Arcanine\n|-damage|p2a: Kommo-o|48\/100\n|-damage|p2b: Arcanine|78\/100\n|move|p1a: Scizor|U-turn|p2a: Kommo-o\n|-resisted|p2a: Kommo-o\n|-damage|p2a: Kommo-o|39\/100\n|\n|t:|1701088955\n|switch|p1a: Landorus|Landorus-Therian, L50, M|100\/100|[from] U-turn\n|-ability|p1a: Landorus|Intimidate|boost\n|-unboost|p2a: Kommo-o|atk|1\n|-unboost|p2b: Arcanine|atk|1\n|move|p2b: Arcanine|Howl|p2b: Arcanine|[spread] p2a,p2b\n|-boost|p2a: Kommo-o|atk|1\n|-boost|p2b: Arcanine|atk|1\n|\n|-heal|p2a: Kommo-o|45\/100|[from] item: Leftovers\n|upkeep\n|turn|4\n|\n|t:|1701088977\n|switch|p2b: Iron Bundle|Iron Bundle, L50|17\/100\n|-terastallize|p2a: Kommo-o|Steel\n|move|p1b: Farigiraf|Dazzling Gleam|p2b: Iron Bundle|[spread] p2a,p2b\n|-resisted|p2a: Kommo-o\n|-damage|p2a: Kommo-o|39\/100\n|-damage|p2b: Iron Bundle|0 fnt\n|faint|p2b: Iron Bundle\n|-end|p2b: Iron Bundle|Quark Drive|[silent]\n|move|p2a: Kommo-o|Iron Defense|p2a: Kommo-o\n|-boost|p2a: Kommo-o|def|2\n|move|p1a: Landorus|Stomping Tantrum|p2a: Kommo-o\n|-supereffective|p2a: Kommo-o\n|-damage|p2a: Kommo-o|9\/100\n|\n|-heal|p2a: Kommo-o|15\/100|[from] item: Leftovers\n|upkeep\n|\n|t:|1701088982\n|switch|p2b: Tyranitar|Tyranitar, L50, F, shiny|100\/100\n|-weather|Sandstorm|[from] ability: Sand Stream|[of] p2b: Tyranitar\n|turn|5\n|\n|t:|1701089003\n|switch|p2b: Arcanine|Arcanine-Hisui, L50, M|78\/100\n|-ability|p2b: Arcanine|Intimidate|boost\n|-unboost|p1a: Landorus|atk|1\n|-unboost|p1b: Farigiraf|atk|1\n|move|p2a: Kommo-o|Protect|p2a: Kommo-o\n|-singleturn|p2a: Kommo-o|Protect\n|move|p1b: Farigiraf|Dazzling Gleam|p2a: Kommo-o|[spread] p2b\n|-activate|p2a: Kommo-o|move: Protect\n|-resisted|p2b: Arcanine\n|-damage|p2b: Arcanine|72\/100\n|move|p1a: Landorus|Stomping Tantrum|p2a: Kommo-o\n|-activate|p2a: Kommo-o|move: Protect\n|\n|-weather|Sandstorm|[upkeep]\n|-damage|p1b: Farigiraf|81\/100|[from] Sandstorm\n|-heal|p2a: Kommo-o|21\/100|[from] item: Leftovers\n|upkeep\n|turn|6\n|inactive|Fennel_Strawborzoi has 30 seconds left.\n|\n|t:|1701089032\n|switch|p2b: Tyranitar|Tyranitar, L50, F, shiny|100\/100\n|move|p1b: Farigiraf|Dazzling Gleam|p2a: Kommo-o|[spread] p2a,p2b\n|-resisted|p2a: Kommo-o\n|-supereffective|p2b: Tyranitar\n|-damage|p2a: Kommo-o|15\/100\n|-damage|p2b: Tyranitar|87\/100\n|move|p2a: Kommo-o|Iron Defense|p2a: Kommo-o\n|-boost|p2a: Kommo-o|def|2\n|move|p1a: Landorus|Stomping Tantrum|p2b: Tyranitar\n|-supereffective|p2b: Tyranitar\n|-damage|p2b: Tyranitar|36\/100\n|\n|-weather|Sandstorm|[upkeep]\n|-damage|p1b: Farigiraf|75\/100|[from] Sandstorm\n|-heal|p2a: Kommo-o|21\/100|[from] item: Leftovers\n|-fieldend|move: Trick Room\n|upkeep\n|turn|7\n|inactive|Fennel_Strawborzoi has 30 seconds left.\n|inactive|Fennel_Strawborzoi has 20 seconds left.\n|inactive|Fennel_Strawborzoi has 15 seconds left.\n|\n|t:|1701089075\n|switch|p1b: Scizor|Scizor, L50, F, tera:Water|36\/100\n|move|p1a: Landorus|Stomping Tantrum|p2b: Tyranitar\n|-supereffective|p2b: Tyranitar\n|-damage|p2b: Tyranitar|0 fnt\n|faint|p2b: Tyranitar\n|move|p2a: Kommo-o|Body Press|p1a: Landorus\n|-resisted|p1a: Landorus\n|-damage|p1a: Landorus|29\/100\n|\n|-weather|Sandstorm|[upkeep]\n|-damage|p1b: Scizor|29\/100|[from] Sandstorm\n|-heal|p2a: Kommo-o|27\/100|[from] item: Leftovers\n|upkeep\n|\n|t:|1701089082\n|switch|p2b: Arcanine|Arcanine-Hisui, L50, M|72\/100\n|-ability|p2b: Arcanine|Intimidate|boost\n|-unboost|p1a: Landorus|atk|1\n|-unboost|p1b: Scizor|atk|1\n|turn|8\n|\n|t:|1701089105\n|switch|p1a: Farigiraf|Farigiraf, L50, F|75\/100\n|move|p2a: Kommo-o|Protect|p2a: Kommo-o\n|-singleturn|p2a: Kommo-o|Protect\n|move|p2b: Arcanine|Rock Slide|p1b: Scizor|[spread] p1a\n|-miss|p2b: Arcanine|p1b: Scizor\n|-damage|p1a: Farigiraf|52\/100\n|move|p1b: Scizor|Close Combat|p2a: Kommo-o\n|-activate|p2a: Kommo-o|move: Protect\n|\n|-weather|Sandstorm|[upkeep]\n|-damage|p1b: Scizor|23\/100|[from] Sandstorm\n|-damage|p1a: Farigiraf|46\/100|[from] Sandstorm\n|-heal|p2a: Kommo-o|33\/100|[from] item: Leftovers\n|upkeep\n|turn|9\n|\n|t:|1701089125\n|move|p1a: Farigiraf|Helping Hand|p1b: Scizor\n|-singleturn|p1b: Scizor|Helping Hand|[of] p1a: Farigiraf\n|move|p1b: Scizor|Bullet Punch|p2b: Arcanine\n|-damage|p2b: Arcanine|39\/100\n|-enditem|p2b: Arcanine|Sitrus Berry|[eat]\n|-heal|p2b: Arcanine|64\/100|[from] item: Sitrus Berry\n|move|p2b: Arcanine|Rock Slide|p1a: Farigiraf|[spread] p1a,p1b\n|-damage|p1a: Farigiraf|23\/100\n|-damage|p1b: Scizor|2\/100\n|move|p2a: Kommo-o|Body Press|p1a: Farigiraf\n|-damage|p1a: Farigiraf|0 fnt\n|faint|p1a: Farigiraf\n|\n|-weather|none\n|-heal|p2a: Kommo-o|40\/100|[from] item: Leftovers\n|upkeep\n|\n|t:|1701089148\n|switch|p1a: Regieleki|Regieleki, L50|100\/100\n|turn|10\n|\n|t:|1701089159\n|move|p1b: Scizor|Protect|p1b: Scizor\n|-singleturn|p1b: Scizor|Protect\n|move|p1a: Regieleki|Electroweb|p2a: Kommo-o|[spread] p2b\n|-miss|p1a: Regieleki|p2a: Kommo-o\n|-crit|p2b: Arcanine\n|-damage|p2b: Arcanine|1\/100\n|-unboost|p2b: Arcanine|spe|1\n|move|p2a: Kommo-o|Body Press|p1a: Regieleki\n|-damage|p1a: Regieleki|0 fnt\n|faint|p1a: Regieleki\n|move|p2b: Arcanine|Rock Slide|p1b: Scizor\n|-activate|p1b: Scizor|move: Protect\n|\n|-heal|p2a: Kommo-o|46\/100|[from] item: Leftovers\n|upkeep\n|\n|t:|1701089173\n|switch|p1a: Landorus|Landorus-Therian, L50, M|29\/100\n|-ability|p1a: Landorus|Intimidate|boost\n|-unboost|p2a: Kommo-o|atk|1\n|-unboost|p2b: Arcanine|atk|1\n|turn|11\n|\n|t:|1701089180\n|move|p2a: Kommo-o|Protect|p2a: Kommo-o\n|-singleturn|p2a: Kommo-o|Protect\n|move|p1b: Scizor|Bullet Punch|p2b: Arcanine\n|-damage|p2b: Arcanine|0 fnt\n|faint|p2b: Arcanine\n|move|p1a: Landorus|Stomping Tantrum|p2a: Kommo-o\n|-activate|p2a: Kommo-o|move: Protect\n|\n|-heal|p2a: Kommo-o|52\/100|[from] item: Leftovers\n|upkeep\n|turn|12\n|\n|t:|1701089192\n|move|p1a: Landorus|Stomping Tantrum|p2a: Kommo-o\n|-supereffective|p2a: Kommo-o\n|-damage|p2a: Kommo-o|31\/100\n|move|p2a: Kommo-o|Body Press|p1b: Scizor\n|-damage|p1b: Scizor|0 fnt\n|faint|p1b: Scizor\n|\n|-heal|p2a: Kommo-o|37\/100|[from] item: Leftovers\n|upkeep\n|turn|13\n|\n|t:|1701089200\n|move|p2a: Kommo-o|Protect|p2a: Kommo-o\n|-singleturn|p2a: Kommo-o|Protect\n|move|p1a: Landorus|Stomping Tantrum|p2a: Kommo-o\n|-activate|p2a: Kommo-o|move: Protect\n|\n|-heal|p2a: Kommo-o|43\/100|[from] item: Leftovers\n|upkeep\n|turn|14\n|\n|t:|1701089207\n|move|p1a: Landorus|Stomping Tantrum|p2a: Kommo-o\n|-supereffective|p2a: Kommo-o\n|-damage|p2a: Kommo-o|22\/100\n|move|p2a: Kommo-o|Body Press|p1a: Landorus\n|-resisted|p1a: Landorus\n|-damage|p1a: Landorus|0 fnt\n|faint|p1a: Landorus\n|\n|win|Fennel_Strawborzoi\n|raw|Fire Mage 593's rating: 1266 &rarr; <strong>1248<\/strong><br \/>(-18 for losing)\n|raw|Fennel_Strawborzoi's rating: 1365 &rarr; <strong>1379<\/strong><br \/>(+14 for winning)\n","uploadtime":1701089211,"views":1,"p1id":"firemage593","p2id":"fennelstrawborzoi","formatid":"gen9vgc2023regulatione","rating":1248,"private":0,"password":""}