{"id":"gen9vgc2023regulatione-1990674184","p1":"peanutpractice","p2":"hysaaron","format":"[Gen 9] VGC 2023 Regulation E","log":"|j|\u2606peanutpractice\n|j|\u2606hysaaron\n|t:|1699990710\n|gametype|doubles\n|player|p1|peanutpractice|maid|1169\n|player|p2|hysaaron|170|1166\n|teamsize|p1|6\n|teamsize|p2|6\n|gen|9\n|tier|[Gen 9] VGC 2023 Regulation E\n|rated|\n|rule|Species Clause: Limit one of each Pok\u00e9mon\n|rule|Item Clause: Limit one of each item\n|clearpoke\n|poke|p1|Tornadus, L50, M|\n|poke|p1|Chi-Yu, L50|\n|poke|p1|Tauros-Paldea-Blaze, L50, M|\n|poke|p1|Indeedee, L50, M|\n|poke|p1|Flutter Mane, L50|\n|poke|p1|Tatsugiri, L50, F|\n|poke|p2|Pelipper, L50, F|\n|poke|p2|Gholdengo, L50|\n|poke|p2|Rillaboom, L50, M|\n|poke|p2|Iron Hands, L50|\n|poke|p2|Landorus-Therian, L50, M|\n|poke|p2|Sinistcha-Masterpiece, L50|\n|teampreview|4\n|inactive|Battle timer is ON: inactive players will automatically lose when time's up. (requested by peanutpractice)\n|inactive|peanutpractice has 60 seconds left.\n|inactive|hysaaron has 60 seconds left.\n|\n|t:|1699990765\n|start\n|switch|p1a: Tornadus|Tornadus, L50, M, shiny|100\/100\n|switch|p1b: Indeedee|Indeedee, L50, M|100\/100\n|switch|p2a: Pelipper|Pelipper, L50, F, shiny|100\/100\n|switch|p2b: Gholdengo|Gholdengo, L50|100\/100\n|-fieldstart|move: Psychic Terrain|[from] ability: Psychic Surge|[of] p1b: Indeedee\n|-weather|RainDance|[from] ability: Drizzle|[of] p2a: Pelipper\n|turn|1\n|\n|t:|1699990782\n|switch|p2a: Rillaboom|Rillaboom, L50, M, shiny|100\/100\n|-fieldstart|move: Grassy Terrain|[from] ability: Grassy Surge|[of] p2a: Rillaboom\n|move|p1a: Tornadus|Sunny Day|p1a: Tornadus\n|-weather|SunnyDay\n|move|p1b: Indeedee|Psychic|p2a: Rillaboom\n|-damage|p2a: Rillaboom|50\/100\n|move|p2b: Gholdengo|Nasty Plot|p2b: Gholdengo\n|-boost|p2b: Gholdengo|spa|2\n|\n|-weather|SunnyDay|[upkeep]\n|-heal|p2a: Rillaboom|57\/100|[from] Grassy Terrain\n|upkeep\n|turn|2\n|inactive|peanutpractice has 30 seconds left.\n|inactive|hysaaron has 30 seconds left.\n|\n|t:|1699990816\n|move|p1b: Indeedee|Protect|p1b: Indeedee\n|-singleturn|p1b: Indeedee|Protect\n|move|p2a: Rillaboom|Fake Out|p1a: Tornadus\n|-damage|p1a: Tornadus|77\/100\n|cant|p1a: Tornadus|flinch\n|move|p2b: Gholdengo|Make It Rain|p1a: Tornadus|[spread] p1a\n|-activate|p1b: Indeedee|move: Protect\n|-damage|p1a: Tornadus|0 fnt\n|-unboost|p2b: Gholdengo|spa|1\n|faint|p1a: Tornadus\n|\n|-weather|SunnyDay|[upkeep]\n|-heal|p2a: Rillaboom|63\/100|[from] Grassy Terrain\n|upkeep\n|\n|t:|1699990831\n|switch|p1a: Tatsugiri|Tatsugiri, L50, F, shiny|100\/100\n|turn|3\n|inactive|hysaaron has 30 seconds left.\n|inactive|hysaaron has 20 seconds left.\n|\n|t:|1699990868\n|move|p2b: Gholdengo|Protect|p2b: Gholdengo\n|-singleturn|p2b: Gholdengo|Protect\n|move|p1a: Tatsugiri|Icy Wind|p2a: Rillaboom|[spread] p2a\n|-activate|p2b: Gholdengo|move: Protect\n|-supereffective|p2a: Rillaboom\n|-damage|p2a: Rillaboom|35\/100\n|-unboost|p2a: Rillaboom|spe|1\n|move|p1b: Indeedee|Psychic|p2a: Rillaboom\n|-damage|p2a: Rillaboom|0 fnt\n|faint|p2a: Rillaboom\n|\n|-weather|SunnyDay|[upkeep]\n|upkeep\n|inactive|hysaaron has 30 seconds left.\n|\n|t:|1699990898\n|switch|p2a: Pelipper|Pelipper, L50, F, shiny|100\/100\n|-weather|RainDance|[from] ability: Drizzle|[of] p2a: Pelipper\n|turn|4\n|inactive|peanutpractice has 30 seconds left.\n|\n|t:|1699990924\n|switch|p1a: Chi-Yu|Chi-Yu, L50|100\/100\n|-ability|p1a: Chi-Yu|Beads of Ruin\n|move|p1b: Indeedee|Imprison|p1b: Indeedee\n|-start|p1b: Indeedee|move: Imprison\n|move|p2b: Gholdengo|Thunder|p1a: Chi-Yu\n|-damage|p1a: Chi-Yu|33\/100\n|move|p2a: Pelipper|Tailwind|p2a: Pelipper\n|-sidestart|p2: hysaaron|move: Tailwind\n|\n|-weather|RainDance|[upkeep]\n|-heal|p1a: Chi-Yu|39\/100|[from] Grassy Terrain\n|upkeep\n|turn|5\n|inactive|hysaaron has 30 seconds left.\n|\n|t:|1699990958\n|switch|p1a: Tatsugiri|Tatsugiri, L50, F, shiny|100\/100\n|move|p2b: Gholdengo|Make It Rain|p1b: Indeedee|[spread] p1a,p1b\n|-resisted|p1a: Tatsugiri\n|-damage|p1a: Tatsugiri|50\/100\n|-damage|p1b: Indeedee|0 fnt\n|-unboost|p2b: Gholdengo|spa|1\n|faint|p1b: Indeedee\n|move|p2a: Pelipper|Weather Ball|p1a: Tatsugiri\n|-ability|p1a: Tatsugiri|Storm Drain|boost\n|-boost|p1a: Tatsugiri|spa|1\n|\n|-weather|RainDance|[upkeep]\n|-heal|p1a: Tatsugiri|56\/100|[from] Grassy Terrain\n|-fieldend|move: Grassy Terrain\n|upkeep\n|\n|t:|1699990966\n|switch|p1b: Chi-Yu|Chi-Yu, L50|39\/100\n|-ability|p1b: Chi-Yu|Beads of Ruin\n|turn|6\n|\n|t:|1699990991\n|-terastallize|p1a: Tatsugiri|Water\n|move|p2b: Gholdengo|Protect|p2b: Gholdengo\n|-singleturn|p2b: Gholdengo|Protect\n|move|p2a: Pelipper|Protect|p2a: Pelipper\n|-singleturn|p2a: Pelipper|Protect\n|move|p1b: Chi-Yu|Protect|p1b: Chi-Yu\n|-singleturn|p1b: Chi-Yu|Protect\n|move|p1a: Tatsugiri|Muddy Water|p2b: Gholdengo|[spread] \n|-activate|p2a: Pelipper|move: Protect\n|-activate|p2b: Gholdengo|move: Protect\n|\n|-weather|RainDance|[upkeep]\n|upkeep\n|turn|7\n|\n|t:|1699991015\n|-terastallize|p2b: Gholdengo|Dragon\n|move|p1b: Chi-Yu|Protect||[still]\n|-fail|p1b: Chi-Yu\n|move|p2b: Gholdengo|Thunder|p1a: Tatsugiri\n|-supereffective|p1a: Tatsugiri\n|-damage|p1a: Tatsugiri|0 fnt\n|faint|p1a: Tatsugiri\n|move|p2a: Pelipper|Weather Ball|p1b: Chi-Yu\n|-supereffective|p1b: Chi-Yu\n|-damage|p1b: Chi-Yu|0 fnt\n|faint|p1b: Chi-Yu\n|\n|win|hysaaron\n|raw|peanutpractice's rating: 1169 &rarr; <strong>1144<\/strong><br \/>(-25 for losing)\n|raw|hysaaron's rating: 1166 &rarr; <strong>1191<\/strong><br \/>(+25 for winning)\n|l|\u2606peanutpractice\n","uploadtime":1699991032,"views":9,"p1id":"peanutpractice","p2id":"hysaaron","formatid":"gen9vgc2023regulatione","rating":1144,"private":0,"password":""}