{"id":"gen9vgc2023regulatione-1997691044","p1":"Drednaw N?","p2":"ChiaraVGC","format":"[Gen 9] VGC 2023 Regulation E","log":"|j|\u2606Drednaw N?\n|j|\u2606ChiaraVGC\n|n|\u2606Drednaw N?|drednawn\n|n|\u2606ChiaraVGC|chiaravgc\n|html|View the match progress at <a href=\"\/game-bestof3-gen9vgc2023regulatione-1997691043\">game-bestof3-gen9vgc2023regulatione-1997691043<\/a>\n|t:|1700842247\n|gametype|doubles\n|player|p1|Drednaw N?|266|\n|player|p2|ChiaraVGC|dawn-gen4pt|\n|teamsize|p1|6\n|teamsize|p2|6\n|gen|9\n|tier|[Gen 9] VGC 2023 Regulation E\n|rule|Species Clause: Limit one of each Pok\u00e9mon\n|rule|Item Clause: Limit one of each item\n|clearpoke\n|poke|p1|Roaring Moon, L50|\n|poke|p1|Arcanine-Hisui, L50, F|\n|poke|p1|Urshifu-*, L50, F|\n|poke|p1|Thundurus-Therian, L50, M|\n|poke|p1|Gholdengo, L50|\n|poke|p1|Sinistcha-Masterpiece, L50|\n|poke|p2|Dusclops, L50, F|\n|poke|p2|Rillaboom, L50, F|\n|poke|p2|Ursaluna-Bloodmoon, L50, M|\n|poke|p2|Ogerpon-Wellspring, L50, F|\n|poke|p2|Arcanine-Hisui, L50, M|\n|poke|p2|Flutter Mane, L50|\n|teampreview|4\nChiaraVGC has agreed to open team sheets.\nDrednaw N? has agreed to open team sheets.\n|showteam|p1|Roaring Moon||BoosterEnergy|Protosynthesis|KnockOff,BreakingSwipe,Tailwind,Protect||||||50|,,,,,Poison]Arcanine-Hisui||ChoiceBand|Intimidate|FlareBlitz,RockSlide,ExtremeSpeed,TeraBlast|||F|||50|,,,,,Fairy]Urshifu-Rapid-Strike||SplashPlate|UnseenFist|SurgingStrikes,CloseCombat,AquaJet,Detect|||F|||50|,,,,,Water]Thundurus-Therian||AssaultVest|VoltAbsorb|Thunderbolt,TeraBlast,GrassKnot,WildboltStorm|||M|||50|,,,,,Flying]Gholdengo||LifeOrb|GoodasGold|MakeItRain,ShadowBall,NastyPlot,Protect||||||50|,,,,,Steel]Sinistcha-Masterpiece||RockyHelmet|Hospitality|MatchaGotcha,TrickRoom,Imprison,RagePowder||||||50|,,,,,Fire\n|showteam|p2|Dusclops||Eviolite|Pressure|NightShade,WillOWisp,PainSplit,TrickRoom|||F|||50|,,,,,Dark]Rillaboom||AssaultVest|GrassySurge|GrassyGlide,FakeOut,WoodHammer,Uturn|||F|||50|,,,,,Fire]Ursaluna-Bloodmoon||SilkScarf|MindsEye|BloodMoon,HyperVoice,EarthPower,Protect|||M|||50|,,,,,Normal]Ogerpon-Wellspring||WellspringMask|WaterAbsorb|IvyCudgel,WoodHammer,FollowMe,SpikyShield|||F|||50|,,,,,Water]Arcanine-Hisui||ChoiceBand|Intimidate|FlareBlitz,RockSlide,ExtremeSpeed,TeraBlast|||M|||50|,,,,,Fairy]Flutter Mane||ChoiceSpecs|Protosynthesis|Moonblast,ShadowBall,DazzlingGleam,IcyWind||||||50|,,,,,Fairy\n|c|\u2606Drednaw N?|glhf\n|c|\u2606ChiaraVGC|gl hf\n|j| Dice Player\n|j| Dan_DES\n|\n|t:|1700842409\n|start\n|switch|p1a: Gholdengo|Gholdengo, L50|100\/100\n|switch|p1b: Arcanine|Arcanine-Hisui, L50, F|100\/100\n|switch|p2a: Arcanine|Arcanine-Hisui, L50, M|100\/100\n|switch|p2b: Flutter Mane|Flutter Mane, L50|100\/100\n|-ability|p1b: Arcanine|Intimidate|boost\n|-unboost|p2a: Arcanine|atk|1\n|-unboost|p2b: Flutter Mane|atk|1\n|-ability|p2a: Arcanine|Intimidate|boost\n|-unboost|p1a: Gholdengo|atk|1\n|-unboost|p1b: Arcanine|atk|1\n|turn|1\n|j| Gussmiopadre\n|\n|t:|1700842484\n|-end|p2b: Flutter Mane|Protosynthesis|[silent]\n|switch|p2b: Dusclops|Dusclops, L50, F|100\/100\n|-ability|p2b: Dusclops|Pressure\n|move|p1a: Gholdengo|Protect|p1a: Gholdengo\n|-singleturn|p1a: Gholdengo|Protect\n|move|p1b: Arcanine|Flare Blitz|p2b: Dusclops\n|-damage|p2b: Dusclops|64\/100\n|-damage|p1b: Arcanine|92\/100|[from] Recoil\n|move|p2a: Arcanine|Flare Blitz|p1a: Gholdengo\n|-activate|p1a: Gholdengo|move: Protect\n|\n|upkeep\n|turn|2\n|\n|t:|1700842551\n|switch|p1a: Urshifu|Urshifu-Rapid-Strike, L50, F|100\/100\n|move|p1b: Arcanine|Flare Blitz|p2b: Dusclops\n|-damage|p2b: Dusclops|29\/100\n|-damage|p1b: Arcanine|83\/100|[from] Recoil\n|move|p2a: Arcanine|Flare Blitz|p1a: Urshifu\n|-resisted|p1a: Urshifu\n|-damage|p1a: Urshifu|75\/100\n|-damage|p2a: Arcanine|93\/100|[from] Recoil\n|move|p2b: Dusclops|Trick Room|p2b: Dusclops\n|-fieldstart|move: Trick Room|[of] p2b: Dusclops\n|\n|upkeep\n|turn|3\n|j| Fragolinass\n|\n|t:|1700842609\n|move|p2b: Dusclops|Pain Split|p1b: Arcanine\n|-sethp|p1b: Arcanine|52\/100|[from] move: Pain Split|[silent]\n|-sethp|p2b: Dusclops|69\/100|[from] move: Pain Split\n|move|p2a: Arcanine|Flare Blitz|p1a: Urshifu\n|-resisted|p1a: Urshifu\n|-damage|p1a: Urshifu|45\/100\n|-damage|p2a: Arcanine|84\/100|[from] Recoil\n|move|p1a: Urshifu|Surging Strikes|p2b: Dusclops\n|-crit|p2b: Dusclops\n|-damage|p2b: Dusclops|54\/100\n|-crit|p2b: Dusclops\n|-damage|p2b: Dusclops|39\/100\n|-crit|p2b: Dusclops\n|-damage|p2b: Dusclops|24\/100\n|-hitcount|p2b: Dusclops|3\n|move|p1b: Arcanine|Flare Blitz|p2b: Dusclops\n|-damage|p2b: Dusclops|0 fnt\n|faint|p2b: Dusclops\n|-damage|p1b: Arcanine|46\/100|[from] Recoil\n|\n|upkeep\n|j| Frankie_VGC\n|j| Ryugami0\n|\n|t:|1700842629\n|switch|p2b: Ursaluna|Ursaluna-Bloodmoon, L50, M|100\/100\n|turn|4\n|\n|t:|1700842726\n|-terastallize|p2b: Ursaluna|Normal\n|move|p1a: Urshifu|Aqua Jet|p2a: Arcanine\n|-supereffective|p2a: Arcanine\n|-damage|p2a: Arcanine|0 fnt\n|faint|p2a: Arcanine\n|move|p2b: Ursaluna|Hyper Voice|p1b: Arcanine|[spread] p1a,p1b\n|-resisted|p1b: Arcanine\n|-damage|p1a: Urshifu|0 fnt\n|-damage|p1b: Arcanine|15\/100\n|faint|p1a: Urshifu\n|move|p1b: Arcanine|Flare Blitz|p2b: Ursaluna\n|-damage|p2b: Ursaluna|56\/100\n|-damage|p1b: Arcanine|0 fnt|[from] Recoil\n|faint|p1b: Arcanine\n|\n|upkeep\n|\n|t:|1700842739\n|switch|p2a: Flutter Mane|Flutter Mane, L50|100\/100\n|switch|p1a: Sinistcha|Sinistcha-Masterpiece, L50|100\/100\n|switch|p1b: Gholdengo|Gholdengo, L50|100\/100\n|turn|5\n|\n|t:|1700842847\n|-terastallize|p1b: Gholdengo|Steel\n|move|p1a: Sinistcha|Rage Powder|p1a: Sinistcha\n|-singleturn|p1a: Sinistcha|move: Rage Powder\n|move|p2b: Ursaluna|Earth Power|p1a: Sinistcha\n|-resisted|p1a: Sinistcha\n|-damage|p1a: Sinistcha|79\/100\n|move|p1b: Gholdengo|Make It Rain|p2b: Ursaluna|[spread] p2a,p2b\n|-supereffective|p2a: Flutter Mane\n|-crit|p2b: Ursaluna\n|-damage|p2a: Flutter Mane|0 fnt\n|-damage|p2b: Ursaluna|0 fnt\n|-unboost|p1b: Gholdengo|spa|1\n|faint|p2a: Flutter Mane\n|-end|p2a: Flutter Mane|Protosynthesis|[silent]\n|faint|p2b: Ursaluna\n|-damage|p1b: Gholdengo|91\/100|[from] item: Life Orb\n|\n|win|Drednaw N?\n|c|&|\/uhtml prompt-drednawn,Drednaw N? is ready for game 2!\n|inactive|ChiaraVGC has 50 seconds to confirm battle start!\n|inactive|ChiaraVGC has 40 seconds to confirm battle start!\n|c|&|\/uhtml prompt-chiaravgc,ChiaraVGC is ready for game 2!\nBoth players are ready! Starting next match!\n|j| glopp_97\n|l| Ryugami0\n|l| Gussmiopadre\n|l| Dice Player\n|l| Frankie_VGC\n|l| glopp_97\n|l| Fragolinass\n|l|\u2606Drednaw N?\n|j| Gussmiopadre\n|l| Gussmiopadre\n","uploadtime":1700843552,"views":12,"p1id":"drednawn","p2id":"chiaravgc","formatid":"gen9vgc2023regulatione","rating":0,"private":0,"password":""}