{"id":"gen9vgc2023regulatione-1996053008","p1":"ivoryplat","p2":"Ery17","format":"[Gen 9] VGC 2023 Regulation E","log":"|j|\u2606ivoryplat\n|j|\u2606Ery17\n|t:|1700636039\n|gametype|doubles\n|player|p1|ivoryplat|169|1080\n|player|p2|Ery17|dawn-gen4pt|1101\n|teamsize|p1|6\n|teamsize|p2|6\n|gen|9\n|tier|[Gen 9] VGC 2023 Regulation E\n|rated|\n|rule|Species Clause: Limit one of each Pok\u00e9mon\n|rule|Item Clause: Limit one of each item\n|clearpoke\n|poke|p1|Ogerpon-Wellspring, L50, F|\n|poke|p1|Arcanine-Hisui, L50, F|\n|poke|p1|Enamorus, L50, F|\n|poke|p1|Roaring Moon, L50|\n|poke|p1|Gholdengo, L50|\n|poke|p1|Zapdos, L50|\n|poke|p2|Articuno, L50|\n|poke|p2|Baxcalibur, L50, M|\n|poke|p2|Chien-Pao, L50|\n|poke|p2|Iron Bundle, L50|\n|poke|p2|Mamoswine, L50, M|\n|poke|p2|Ninetales-Alola, L50, F|\n|teampreview|4\n|\n|t:|1700636085\n|start\n|switch|p1a: Gholdengo|Gholdengo, L50|100\/100\n|switch|p1b: Zapdos|Zapdos, L50|100\/100\n|switch|p2a: Mamoswine|Mamoswine, L50, M|100\/100\n|switch|p2b: Ninetales|Ninetales-Alola, L50, F|100\/100\n|-weather|Snow|[from] ability: Snow Warning|[of] p2b: Ninetales\n|turn|1\n|\n|t:|1700636113\n|move|p1a: Gholdengo|Protect|p1a: Gholdengo\n|-singleturn|p1a: Gholdengo|Protect\n|move|p1b: Zapdos|Tailwind|p1b: Zapdos\n|-sidestart|p1: ivoryplat|move: Tailwind\n|move|p2b: Ninetales|Aurora Veil|p2b: Ninetales\n|-sidestart|p2: Ery17|move: Aurora Veil\n|move|p2a: Mamoswine|High Horsepower|p1a: Gholdengo\n|-activate|p1a: Gholdengo|move: Protect\n|\n|-weather|Snow|[upkeep]\n|upkeep\n|turn|2\n|\n|t:|1700636131\n|move|p2b: Ninetales|Protect|p2b: Ninetales\n|-singleturn|p2b: Ninetales|Protect\n|move|p1b: Zapdos|Thunderbolt|p2b: Ninetales\n|-activate|p2b: Ninetales|move: Protect\n|move|p1a: Gholdengo|Make It Rain|p2a: Mamoswine|[spread] p2a\n|-activate|p2b: Ninetales|move: Protect\n|-supereffective|p2a: Mamoswine\n|-damage|p2a: Mamoswine|12\/100\n|-unboost|p1a: Gholdengo|spa|1\n|move|p2a: Mamoswine|High Horsepower|p1a: Gholdengo\n|-supereffective|p1a: Gholdengo\n|-damage|p1a: Gholdengo|0 fnt\n|faint|p1a: Gholdengo\n|\n|-weather|Snow|[upkeep]\n|upkeep\n|\n|t:|1700636136\n|switch|p1a: Arcanine|Arcanine-Hisui, L50, F|100\/100\n|-ability|p1a: Arcanine|Intimidate|boost\n|-unboost|p2a: Mamoswine|atk|1\n|-unboost|p2b: Ninetales|atk|1\n|turn|3\n|\n|t:|1700636166\n|move|p2a: Mamoswine|Protect|p2a: Mamoswine\n|-singleturn|p2a: Mamoswine|Protect\n|move|p1a: Arcanine|Extreme Speed|p2a: Mamoswine\n|-activate|p2a: Mamoswine|move: Protect\n|move|p1b: Zapdos|Thunderbolt|p2b: Ninetales\n|-damage|p2b: Ninetales|66\/100\n|move|p2b: Ninetales|Disable|p1a: Arcanine\n|-start|p1a: Arcanine|Disable|Extreme Speed\n|\n|-weather|Snow|[upkeep]\n|upkeep\n|turn|4\n|\n|t:|1700636193\n|move|p1b: Zapdos|Thunderbolt|p2b: Ninetales\n|-damage|p2b: Ninetales|29\/100\n|move|p1a: Arcanine|Rock Slide|p2a: Mamoswine|[spread] p2a,p2b\n|-supereffective|p2b: Ninetales\n|-damage|p2a: Mamoswine|0 fnt\n|-damage|p2b: Ninetales|4\/100\n|faint|p2a: Mamoswine\n|cant|p2b: Ninetales|flinch\n|\n|-weather|Snow|[upkeep]\n|-sideend|p1: ivoryplat|move: Tailwind\n|upkeep\n|\n|t:|1700636216\n|switch|p2a: Baxcalibur|Baxcalibur, L50, M|100\/100\n|turn|5\n|\n|t:|1700636239\n|switch|p2b: Iron Bundle|Iron Bundle, L50|100\/100\n|-enditem|p2b: Iron Bundle|Booster Energy\n|-activate|p2b: Iron Bundle|ability: Quark Drive|[fromitem]\n|-start|p2b: Iron Bundle|quarkdrivespe\n|move|p1a: Arcanine|Protect|p1a: Arcanine\n|-singleturn|p1a: Arcanine|Protect\n|move|p1b: Zapdos|Tailwind|p1b: Zapdos\n|-sidestart|p1: ivoryplat|move: Tailwind\n|move|p2a: Baxcalibur|Scale Shot|p1b: Zapdos\n|-damage|p1b: Zapdos|84\/100\n|-crit|p1b: Zapdos\n|-damage|p1b: Zapdos|56\/100\n|-damage|p1b: Zapdos|38\/100\n|-damage|p1b: Zapdos|21\/100\n|-damage|p1b: Zapdos|2\/100\n|-hitcount|p1b: Zapdos|5\n|-unboost|p2a: Baxcalibur|def|1\n|-boost|p2a: Baxcalibur|spe|1\n|\n|-weather|none\n|upkeep\n|turn|6\n|\n|t:|1700636295\n|move|p1b: Zapdos|Thunderbolt|p2b: Iron Bundle\n|-supereffective|p2b: Iron Bundle\n|-damage|p2b: Iron Bundle|0 fnt\n|faint|p2b: Iron Bundle\n|-end|p2b: Iron Bundle|Quark Drive|[silent]\n|move|p1a: Arcanine|Rock Slide|p2a: Baxcalibur\n|-supereffective|p2a: Baxcalibur\n|-damage|p2a: Baxcalibur|30\/100\n|move|p2a: Baxcalibur|Snowscape|p2a: Baxcalibur\n|-weather|Snow\n|\n|-weather|Snow|[upkeep]\n|-heal|p2a: Baxcalibur|36\/100|[from] ability: Ice Body\n|upkeep\n|\n|t:|1700636305\n|switch|p2b: Ninetales|Ninetales-Alola, L50, F|4\/100\n|turn|7\n|-message|Ery17 forfeited.\n|\n|win|ivoryplat\n|raw|ivoryplat's rating: 1080 &rarr; <strong>1110<\/strong><br \/>(+30 for winning)\n|raw|Ery17's rating: 1101 &rarr; <strong>1074<\/strong><br \/>(-27 for losing)\n|l|\u2606Ery17\n","uploadtime":1700636320,"views":15,"p1id":"ivoryplat","p2id":"ery17","formatid":"gen9vgc2023regulatione","rating":1074,"private":0,"password":""}