{"id":"gen9vgc2023regulatione-1993830067","p1":"Alienatedfob1","p2":"Gear1243","format":"[Gen 9] VGC 2023 Regulation E","log":"|j|\u2606Alienatedfob1\n|j|\u2606Gear1243\n|t:|1700362532\n|gametype|doubles\n|player|p1|Alienatedfob1|riley|1061\n|player|p2|Gear1243|wallace|1027\n|teamsize|p1|6\n|teamsize|p2|6\n|gen|9\n|tier|[Gen 9] VGC 2023 Regulation E\n|rated|\n|rule|Species Clause: Limit one of each Pok\u00e9mon\n|rule|Item Clause: Limit one of each item\n|clearpoke\n|poke|p1|Flutter Mane, L50|\n|poke|p1|Ogerpon-Hearthflame, L50, F|\n|poke|p1|Iron Hands, L50|\n|poke|p1|Tornadus, L50, M|\n|poke|p1|Urshifu-*, L50, F|\n|poke|p1|Rillaboom, L50, F|\n|poke|p2|Torterra, L50, M|\n|poke|p2|Empoleon, L50, F|\n|poke|p2|Infernape, L50, M|\n|poke|p2|Garchomp, L50, M|\n|poke|p2|Spiritomb, L50, F|\n|poke|p2|Ambipom, L50, M|\n|teampreview|4\n|\n|t:|1700362574\n|start\n|switch|p1a: Ogerpon|Ogerpon-Hearthflame, L50, F|100\/100\n|switch|p1b: Iron Hands|Iron Hands, L50|100\/100\n|switch|p2a: Ambipom|Ambipom, L50, M|100\/100\n|switch|p2b: Infernape|Infernape, L50, M|100\/100\n|-ability|p1a: Ogerpon|Mold Breaker\n|turn|1\n|\n|t:|1700362595\n|move|p1a: Ogerpon|Spiky Shield|p1a: Ogerpon\n|-singleturn|p1a: Ogerpon|move: Protect\n|move|p2a: Ambipom|Fake Out|p1b: Iron Hands\n|-damage|p1b: Iron Hands|83\/100\n|cant|p1b: Iron Hands|flinch\n|move|p2b: Infernape|Drain Punch|p1a: Ogerpon\n|-activate|p1a: Ogerpon|move: Protect\n|\n|upkeep\n|turn|2\n|\n|t:|1700362610\n|switch|p1a: Urshifu|Urshifu-Rapid-Strike, L50, F|100\/100\n|move|p2a: Ambipom|Knock Off|p1b: Iron Hands\n|-resisted|p1b: Iron Hands\n|-damage|p1b: Iron Hands|75\/100\n|-enditem|p1b: Iron Hands|Assault Vest|[from] move: Knock Off|[of] p2a: Ambipom\n|move|p2b: Infernape|Drain Punch|p1a: Urshifu\n|-damage|p1a: Urshifu|51\/100\n|move|p1b: Iron Hands|Drain Punch|p2a: Ambipom\n|-supereffective|p2a: Ambipom\n|-damage|p2a: Ambipom|0 fnt\n|-heal|p1b: Iron Hands|100\/100|[from] drain|[of] p2a: Ambipom\n|faint|p2a: Ambipom\n|\n|upkeep\n|\n|t:|1700362631\n|switch|p2a: Torterra|Torterra, L50, M|100\/100\n|turn|3\n|\n|t:|1700362643\n|-end|p1b: Iron Hands|Quark Drive|[silent]\n|switch|p1b: Ogerpon|Ogerpon-Hearthflame, L50, F|100\/100\n|-ability|p1b: Ogerpon|Mold Breaker\n|move|p1a: Urshifu|Surging Strikes|p2b: Infernape\n|-supereffective|p2b: Infernape\n|-crit|p2b: Infernape\n|-damage|p2b: Infernape|36\/100\n|-supereffective|p2b: Infernape\n|-crit|p2b: Infernape\n|-damage|p2b: Infernape|0 fnt\n|faint|p2b: Infernape\n|-hitcount|p2: Infernape|2\n|move|p2a: Torterra|Shell Smash|p2a: Torterra\n|-unboost|p2a: Torterra|def|1\n|-unboost|p2a: Torterra|spd|1\n|-boost|p2a: Torterra|atk|2\n|-boost|p2a: Torterra|spa|2\n|-boost|p2a: Torterra|spe|2\n|-enditem|p2a: Torterra|White Herb\n|-clearnegativeboost|p2a: Torterra|[silent]\n|\n|upkeep\n|\n|t:|1700362658\n|switch|p2b: Spiritomb|Spiritomb, L50, F|100\/100\n|-ability|p2b: Spiritomb|Pressure\n|turn|4\n|\n|t:|1700362691\n|switch|p1a: Flutter Mane|Flutter Mane, L50|100\/100\n|-terastallize|p2a: Torterra|Water\n|-terastallize|p1b: Ogerpon|Fire\n|detailschange|p1b: Ogerpon|Ogerpon-Hearthflame-Tera, L50, F, tera:Fire\n|-ability|p1b: Ogerpon|Embody Aspect (Hearthflame)|boost\n|-boost|p1b: Ogerpon|atk|1\n|move|p2a: Torterra|Stomping Tantrum|p1b: Ogerpon\n|-supereffective|p1b: Ogerpon\n|-damage|p1b: Ogerpon|0 fnt\n|faint|p1b: Ogerpon\n|move|p2b: Spiritomb|Psychic|p1a: Flutter Mane\n|-damage|p1a: Flutter Mane|68\/100\n|\n|upkeep\n|\n|t:|1700362704\n|switch|p1b: Iron Hands|Iron Hands, L50|100\/100\n|turn|5\n|\n|t:|1700362719\n|move|p1b: Iron Hands|Fake Out|p2a: Torterra\n|-damage|p2a: Torterra|85\/100\n|cant|p2a: Torterra|flinch\n|move|p1a: Flutter Mane|Dazzling Gleam|p2b: Spiritomb|[spread] p2a,p2b\n|-supereffective|p2b: Spiritomb\n|-damage|p2a: Torterra|28\/100\n|-damage|p2b: Spiritomb|0 fnt\n|faint|p2b: Spiritomb\n|\n|upkeep\n|turn|6\n|\n|t:|1700362737\n|move|p2a: Torterra|Seed Bomb|p1a: Flutter Mane\n|-crit|p1a: Flutter Mane\n|-damage|p1a: Flutter Mane|0 fnt\n|faint|p1a: Flutter Mane\n|-end|p1a: Flutter Mane|Protosynthesis|[silent]\n|move|p1b: Iron Hands|Wild Charge|p2a: Torterra\n|-supereffective|p2a: Torterra\n|-damage|p2a: Torterra|0 fnt\n|faint|p2a: Torterra\n|-damage|p1b: Iron Hands|96\/100|[from] Recoil\n|\n|win|Alienatedfob1\n|raw|Alienatedfob1's rating: 1061 &rarr; <strong>1089<\/strong><br \/>(+28 for winning)\n|raw|Gear1243's rating: 1027 &rarr; <strong>1014<\/strong><br \/>(-13 for losing)\n|l|\u2606Gear1243\n","uploadtime":1700362747,"views":8,"p1id":"alienatedfob1","p2id":"gear1243","formatid":"gen9vgc2023regulatione","rating":1014,"private":0,"password":""}