{"id":"gen9vgc2023regulatione-1992137574","p1":"B10X","p2":"nomis1","format":"[Gen 9] VGC 2023 Regulation E","log":"|j|\u2606B10X\n|j|\u2606nomis1\n|n|\u2606B10X|b10x\n|n|\u2606nomis1|nomis1\n|html|View the match progress at <a href=\"\/game-bestof3-gen9vgc2023regulatione-1992137573\">game-bestof3-gen9vgc2023regulatione-1992137573<\/a>\n|t:|1700158152\n|gametype|doubles\n|player|p1|B10X|marlon|\n|player|p2|nomis1|nate|\n|teamsize|p1|6\n|teamsize|p2|6\n|gen|9\n|tier|[Gen 9] VGC 2023 Regulation E\n|rule|Species Clause: Limit one of each Pok\u00e9mon\n|rule|Item Clause: Limit one of each item\n|clearpoke\n|poke|p1|Landorus-Therian, L50, M|\n|poke|p1|Iron Hands, L50|\n|poke|p1|Chien-Pao, L50|\n|poke|p1|Flutter Mane, L50|\n|poke|p1|Ogerpon-Wellspring, L50, F|\n|poke|p1|Arcanine-Hisui, L50, M|\n|poke|p2|Dondozo, L50, F|\n|poke|p2|Tatsugiri, L50, M|\n|poke|p2|Glimmora, L50, F|\n|poke|p2|Chien-Pao, L50|\n|poke|p2|Ogerpon-Wellspring, L50, F|\n|poke|p2|Roaring Moon, L50|\n|teampreview|4\nB10X has agreed to open team sheets.\nnomis1 has agreed to open team sheets.\n|showteam|p1|Landorus-Therian||ChoiceScarf|Intimidate|StompingTantrum,RockSlide,Uturn,TeraBlast|||M|||50|,,,,,Flying]Iron Hands||AssaultVest|QuarkDrive|DrainPunch,WildCharge,HeavySlam,FakeOut||||||50|,,,,,Fire]Chien-Pao||FocusSash|SwordofRuin|IceSpinner,SacredSword,SuckerPunch,Protect||||||50|,,,,,Ghost]Flutter Mane||ChoiceSpecs|Protosynthesis|Moonblast,ShadowBall,DazzlingGleam,IcyWind||||||50|,,,,,Fairy]Ogerpon-Wellspring||WellspringMask|WaterAbsorb|IvyCudgel,HornLeech,SwordsDance,SpikyShield|||F|||50|,,,,,Water]Arcanine-Hisui||ChoiceBand|Intimidate|FlareBlitz,RockSlide,ExtremeSpeed,HeadSmash|||M|||50|,,,,,Normal\n|showteam|p2|Dondozo||Leftovers|Oblivious|OrderUp,WaveCrash,Protect,Substitute|||F|||50|,,,,,Dragon]Tatsugiri||ChoiceScarf|Commander|DracoMeteor,MuddyWater,IcyWind,HelpingHand|||M|||50|,,,,,Steel]Glimmora||FocusSash|ToxicDebris|MortalSpin,EarthPower,SludgeBomb,SpikyShield|||F|||50|,,,,,Water]Chien-Pao||LifeOrb|SwordofRuin|SuckerPunch,Protect,IceSpinner,Crunch||||||50|,,,,,Ghost]Ogerpon-Wellspring||WellspringMask|WaterAbsorb|IvyCudgel,HornLeech,SpikyShield,SwordsDance|||F|||50|,,,,,Water]Roaring Moon||BoosterEnergy|Protosynthesis|KnockOff,Acrobatics,Protect,Tailwind||||||50|,,,,,Flying\n|c|\u2606B10X|Gl hf\n|c|\u2606nomis1|u2\n|\n|t:|1700158194\n|start\n|switch|p1a: Iron Hands|Iron Hands, L50|100\/100\n|switch|p1b: Flutter Mane|Flutter Mane, L50|100\/100\n|switch|p2a: Glimmora|Glimmora, L50, F|100\/100\n|switch|p2b: Ogerpon|Ogerpon-Wellspring, L50, F|100\/100\n|turn|1\n|\n|t:|1700158224\n|move|p2b: Ogerpon|Spiky Shield|p2b: Ogerpon\n|-singleturn|p2b: Ogerpon|move: Protect\n|move|p1a: Iron Hands|Fake Out|p2b: Ogerpon\n|-activate|p2b: Ogerpon|move: Protect\n|-damage|p1a: Iron Hands|88\/100|[from] Spiky Shield|[of] p2b: Ogerpon\n|move|p1b: Flutter Mane|Moonblast|p2a: Glimmora\n|-resisted|p2a: Glimmora\n|-damage|p2a: Glimmora|54\/100\n|move|p2a: Glimmora|Mortal Spin|p1a: Iron Hands|[spread] p1a,p1b\n|-damage|p1a: Iron Hands|85\/100\n|-damage|p1b: Flutter Mane|93\/100\n|-status|p1a: Iron Hands|psn\n|-status|p1b: Flutter Mane|psn\n|\n|-damage|p1b: Flutter Mane|81\/100 psn|[from] psn\n|-damage|p1a: Iron Hands|73\/100 psn|[from] psn\n|upkeep\n|turn|2\n|\n|t:|1700158281\n|move|p1b: Flutter Mane|Moonblast|p2b: Ogerpon\n|-damage|p2b: Ogerpon|11\/100\n|-unboost|p2b: Ogerpon|spa|1\n|move|p2b: Ogerpon|Horn Leech|p1a: Iron Hands\n|-damage|p1a: Iron Hands|41\/100 psn\n|-heal|p2b: Ogerpon|35\/100|[from] drain|[of] p1a: Iron Hands\n|move|p2a: Glimmora|Earth Power|p1a: Iron Hands\n|-supereffective|p1a: Iron Hands\n|-damage|p1a: Iron Hands|4\/100 psn\n|move|p1a: Iron Hands|Drain Punch|p2b: Ogerpon\n|-damage|p2b: Ogerpon|0 fnt\n|-heal|p1a: Iron Hands|16\/100 psn|[from] drain|[of] p2b: Ogerpon\n|faint|p2b: Ogerpon\n|\n|-damage|p1b: Flutter Mane|68\/100 psn|[from] psn\n|-damage|p1a: Iron Hands|4\/100 psn|[from] psn\n|upkeep\n|\n|t:|1700158316\n|switch|p2b: Dondozo|Dondozo, L50, F|100\/100\n|turn|3\n|\n|t:|1700158331\n|move|p2a: Glimmora|Spiky Shield|p2a: Glimmora\n|-singleturn|p2a: Glimmora|move: Protect\n|move|p2b: Dondozo|Protect|p2b: Dondozo\n|-singleturn|p2b: Dondozo|Protect\n|move|p1b: Flutter Mane|Moonblast|p2b: Dondozo\n|-activate|p2b: Dondozo|move: Protect\n|move|p1a: Iron Hands|Wild Charge|p2b: Dondozo\n|-activate|p2b: Dondozo|move: Protect\n|\n|-damage|p1b: Flutter Mane|56\/100 psn|[from] psn\n|-damage|p1a: Iron Hands|0 fnt|[from] psn\n|faint|p1a: Iron Hands\n|-end|p1a: Iron Hands|Quark Drive|[silent]\n|upkeep\n|\n|t:|1700158340\n|switch|p1a: Chien-Pao|Chien-Pao, L50|100\/100\n|-ability|p1a: Chien-Pao|Sword of Ruin\n|turn|4\n|\n|t:|1700158380\n|switch|p2a: Tatsugiri|Tatsugiri, L50, M|100\/100\n|-activate|p2a: Tatsugiri|ability: Commander|[of] p2b: Dondozo\n|-boost|p2b: Dondozo|atk|2\n|-boost|p2b: Dondozo|spa|2\n|-boost|p2b: Dondozo|spe|2\n|-boost|p2b: Dondozo|def|2\n|-boost|p2b: Dondozo|spd|2\n|-terastallize|p1b: Flutter Mane|Fairy\n|move|p1a: Chien-Pao|Sacred Sword|p2b: Dondozo\n|-damage|p2b: Dondozo|77\/100\n|move|p1b: Flutter Mane|Moonblast|p2b: Dondozo\n|-damage|p2b: Dondozo|28\/100\n|-unboost|p2b: Dondozo|spa|1\n|move|p2b: Dondozo|Order Up|p1a: Chien-Pao\n|-damage|p1a: Chien-Pao|36\/100\n|-boost|p2b: Dondozo|atk|1\n|\n|-heal|p2b: Dondozo|34\/100|[from] item: Leftovers\n|-damage|p1b: Flutter Mane|44\/100 psn|[from] psn\n|upkeep\n|turn|5\n|inactive|Battle timer is ON: inactive players will automatically lose when time's up. (requested by B10X)\n|\n|t:|1700158427\n|move|p1a: Chien-Pao|Sacred Sword|p2b: Dondozo\n|-damage|p2b: Dondozo|10\/100\n|move|p1b: Flutter Mane|Moonblast|p2b: Dondozo\n|-damage|p2b: Dondozo|0 fnt\n|faint|p2b: Dondozo\n|\n|-damage|p1b: Flutter Mane|32\/100 psn|[from] psn\n|upkeep\n|\n|t:|1700158436\n|switch|p2b: Glimmora|Glimmora, L50, F|54\/100\n|turn|6\n|inactive|nomis1 has 30 seconds left.\n|\n|t:|1700158463\n|-terastallize|p2a: Tatsugiri|Steel\n|move|p2b: Glimmora|Spiky Shield|p2b: Glimmora\n|-singleturn|p2b: Glimmora|move: Protect\n|move|p2a: Tatsugiri|Muddy Water|p1b: Flutter Mane|[spread] p1a,p1b\n|-damage|p1a: Chien-Pao|0 fnt\n|-damage|p1b: Flutter Mane|0 fnt\n|faint|p1a: Chien-Pao\n|faint|p1b: Flutter Mane\n|-end|p1b: Flutter Mane|Protosynthesis|[silent]\n|\n|upkeep\n|\n|t:|1700158471\n|switch|p1b: Ogerpon|Ogerpon-Wellspring, L50, F|100\/100\n|turn|7\n|inactive|nomis1 has 30 seconds left.\n|\n|t:|1700158502\n|move|p2a: Tatsugiri|Muddy Water|p1b: Ogerpon\n|-immune|p1b: Ogerpon|[from] ability: Water Absorb\n|move|p1b: Ogerpon|Ivy Cudgel|p2b: Glimmora|[anim] Ivy Cudgel Water\n|-supereffective|p2b: Glimmora\n|-damage|p2b: Glimmora|0 fnt\n|-activate|p2b: Glimmora|ability: Toxic Debris\n|-sidestart|p1: B10X|move: Toxic Spikes\n|faint|p2b: Glimmora\n|\n|upkeep\n|turn|8\n|c|\u2606nomis1|gg\n|c|\u2606B10X|gg\n|inactive|B10X has 30 seconds left.\n|c|\u2606B10X|you can just ff this game and go to game 2\n|\n|t:|1700158535\n|move|p2a: Tatsugiri|Muddy Water|p1b: Ogerpon\n|-immune|p1b: Ogerpon|[from] ability: Water Absorb\n|move|p1b: Ogerpon|Ivy Cudgel|p2a: Tatsugiri|[anim] Ivy Cudgel Water\n|-crit|p2a: Tatsugiri\n|-damage|p2a: Tatsugiri|0 fnt\n|faint|p2a: Tatsugiri\n|\n|win|B10X\n|c|&|\/uhtml prompt-b10x,B10X is ready for game 2!\n|c|&|\/uhtml prompt-nomis1,nomis1 is ready for game 2!\nBoth players are ready! Starting next match!\n","uploadtime":1700158894,"views":23,"p1id":"b10x","p2id":"nomis1","formatid":"gen9vgc2023regulatione","rating":0,"private":0,"password":""}