{"id":"gen9vgc2023regulatione-1992583876","p1":"shiningliko","p2":"lewy1290","format":"[Gen 9] VGC 2023 Regulation E","log":"|j|\u2606shiningliko\n|j|\u2606lewy1290\n|t:|1700209983\n|gametype|doubles\n|player|p1|shiningliko|penny|1098\n|player|p2|lewy1290|102|1000\n|teamsize|p1|6\n|teamsize|p2|6\n|gen|9\n|tier|[Gen 9] VGC 2023 Regulation E\n|rated|\n|rule|Species Clause: Limit one of each Pok\u00e9mon\n|rule|Item Clause: Limit one of each item\n|clearpoke\n|poke|p1|Kommo-o, L50, M|\n|poke|p1|Ogerpon-Hearthflame, L50, F|\n|poke|p1|Flutter Mane, L50|\n|poke|p1|Armarouge, L50, M|\n|poke|p1|Sinistcha, L50|\n|poke|p1|Indeedee-F, L50, F|\n|poke|p2|Baxcalibur, L50, F|\n|poke|p2|Ninetales-Alola, L50, M|\n|poke|p2|Slowking, L50, M|\n|poke|p2|Cetitan, L50, M|\n|poke|p2|Hatterene, L50, F|\n|poke|p2|Zoroark-Hisui, L50, M|\n|teampreview|4\n|inactive|Battle timer is ON: inactive players will automatically lose when time's up. (requested by shiningliko)\nshiningliko has agreed to open team sheets.\n|inactive|lewy1290 has 60 seconds left.\n|\n|t:|1700210022\n|start\n|switch|p1a: text to speech|Indeedee-F, L50, F, shiny|100\/100\n|switch|p1b: sunburn|Armarouge, L50, M|100\/100\n|switch|p2a: Baxcalibur|Baxcalibur, L50, F|100\/100\n|switch|p2b: Ninetales|Ninetales-Alola, L50, M|100\/100\n|-weather|Snow|[from] ability: Snow Warning|[of] p2b: Ninetales\n|-fieldstart|move: Psychic Terrain|[from] ability: Psychic Surge|[of] p1a: text to speech\n|turn|1\n|\n|t:|1700210039\n|move|p1a: text to speech|Follow Me|p1a: text to speech\n|-singleturn|p1a: text to speech|move: Follow Me\n|move|p2b: Ninetales|Aurora Veil|p2b: Ninetales\n|-sidestart|p2: lewy1290|move: Aurora Veil\n|move|p2a: Baxcalibur|Substitute|p2a: Baxcalibur\n|-start|p2a: Baxcalibur|Substitute\n|-damage|p2a: Baxcalibur|76\/100\n|move|p1b: sunburn|Trick Room|p1b: sunburn\n|-fieldstart|move: Trick Room|[of] p1b: sunburn\n|\n|-weather|Snow|[upkeep]\n|-heal|p2a: Baxcalibur|82\/100|[from] ability: Ice Body\n|-heal|p2a: Baxcalibur|87\/100|[from] item: Leftovers\n|upkeep\n|turn|2\n|\n|t:|1700210060\n|move|p1b: sunburn|Expanding Force|p2a: Baxcalibur|[spread] p2a,p2b\n|-end|p2a: Baxcalibur|Substitute\n|-damage|p2b: Ninetales|48\/100\n|-damage|p1b: sunburn|91\/100|[from] item: Life Orb\n|move|p1a: text to speech|Dazzling Gleam|p2b: Ninetales|[spread] p2a,p2b\n|-supereffective|p2a: Baxcalibur\n|-damage|p2a: Baxcalibur|70\/100\n|-damage|p2b: Ninetales|40\/100\n|move|p2a: Baxcalibur|Earthquake|p1b: sunburn|[spread] p2b,p1a,p1b\n|-supereffective|p1b: sunburn\n|-damage|p2b: Ninetales|23\/100\n|-damage|p1a: text to speech|72\/100\n|-damage|p1b: sunburn|34\/100\n|move|p2b: Ninetales|Encore|p1b: sunburn\n|-start|p1b: sunburn|Encore\n|\n|-weather|Snow|[upkeep]\n|-heal|p2a: Baxcalibur|76\/100|[from] ability: Ice Body\n|-heal|p2a: Baxcalibur|82\/100|[from] item: Leftovers\n|upkeep\n|turn|3\n|inactive|lewy1290 has 30 seconds left.\n|inactive|lewy1290 has 20 seconds left.\n|\n|t:|1700210096\n|switch|p2b: Slowking|Slowking, L50, M|100\/100\n|move|p1b: sunburn|Expanding Force|p2b: Slowking|[spread] p2a,p2b\n|-resisted|p2b: Slowking\n|-damage|p2a: Baxcalibur|24\/100\n|-damage|p2b: Slowking|82\/100\n|-damage|p1b: sunburn|24\/100|[from] item: Life Orb\n|move|p1a: text to speech|Dazzling Gleam|p2b: Slowking|[spread] p2a,p2b\n|-supereffective|p2a: Baxcalibur\n|-damage|p2a: Baxcalibur|3\/100\n|-damage|p2b: Slowking|75\/100\n|move|p2a: Baxcalibur|Earthquake|p1a: text to speech|[spread] p2b,p1a,p1b\n|-supereffective|p1b: sunburn\n|-damage|p2b: Slowking|57\/100\n|-damage|p1a: text to speech|42\/100\n|-damage|p1b: sunburn|0 fnt\n|faint|p1b: sunburn\n|\n|-weather|Snow|[upkeep]\n|-heal|p2a: Baxcalibur|9\/100|[from] ability: Ice Body\n|-heal|p2a: Baxcalibur|15\/100|[from] item: Leftovers\n|upkeep\n|\n|t:|1700210111\n|switch|p1b: british|Sinistcha, L50, shiny|100\/100\n|-heal|p1a: text to speech|67\/100|[from] ability: Hospitality|[of] p1b: british\n|turn|4\n|inactive|lewy1290 has 30 seconds left.\n|\n|t:|1700210137\n|move|p2b: Slowking|Thunder Wave|p1a: text to speech\n|-status|p1a: text to speech|par\n|move|p1a: text to speech|Dazzling Gleam|p2a: Baxcalibur|[spread] p2a,p2b\n|-supereffective|p2a: Baxcalibur\n|-damage|p2a: Baxcalibur|0 fnt\n|-damage|p2b: Slowking|50\/100\n|faint|p2a: Baxcalibur\n|move|p1b: british|Matcha Gotcha|p2b: Slowking\n|-supereffective|p2b: Slowking\n|-damage|p2b: Slowking|16\/100\n|\n|-weather|Snow|[upkeep]\n|upkeep\n|\n|t:|1700210148\n|switch|p2a: Ninetales|Ninetales-Alola, L50, M|100\/100\n|turn|5\n|\n|t:|1700210167\n|move|p1a: text to speech|Follow Me|p1a: text to speech\n|-singleturn|p1a: text to speech|move: Follow Me\n|move|p2b: Slowking|Slack Off|p2b: Slowking\n|-heal|p2b: Slowking|66\/100\n|move|p1b: british|Matcha Gotcha|p2b: Slowking|[spread] p2a,p2b\n|-supereffective|p2b: Slowking\n|-damage|p2a: Ninetales|70\/100\n|-damage|p2b: Slowking|42\/100\n|-status|p2b: Slowking|brn\n|replace|p2a: Zoroark|Zoroark-Hisui, L50, M\n|-end|p2a: Zoroark|Illusion\n|move|p2a: Zoroark|Shadow Ball|p1a: text to speech\n|-immune|p1a: text to speech\n|\n|-weather|none\n|-damage|p2b: Slowking|36\/100 brn|[from] brn\n|-fieldend|move: Trick Room\n|-fieldend|move: Psychic Terrain\n|upkeep\n|turn|6\n|inactive|lewy1290 has 30 seconds left.\n|inactive|lewy1290 has 20 seconds left.\n|\n|t:|1700210206\n|switch|p1b: suckupon|Kommo-o, L50, M, shiny|100\/100\n|move|p1a: text to speech|Follow Me|p1a: text to speech\n|-singleturn|p1a: text to speech|move: Follow Me\n|move|p2a: Zoroark|Shadow Ball|p1a: text to speech\n|-immune|p1a: text to speech\n|move|p2b: Slowking|Chilly Reception|p2b: Slowking\n|-weather|Snow\n|\n|t:|1700210219\n|switch|p2b: Ninetales|Ninetales-Alola, L50, M|23\/100|[from] Chilly Reception\n|\n|-weather|Snow|[upkeep]\n|upkeep\n|turn|7\n|\n|t:|1700210236\n|cant|p1a: text to speech|par\n|move|p2a: Zoroark|Icy Wind|p1a: text to speech|[spread] p1a,p1b\n|-supereffective|p1b: suckupon\n|-damage|p1a: text to speech|53\/100 par\n|-damage|p1b: suckupon|70\/100\n|-unboost|p1a: text to speech|spe|1\n|-unboost|p1b: suckupon|spe|1\n|move|p2b: Ninetales|Moonblast|p1b: suckupon\n|-supereffective|p1b: suckupon\n|-damage|p1b: suckupon|0 fnt\n|faint|p1b: suckupon\n|\n|-weather|Snow|[upkeep]\n|upkeep\n|\n|t:|1700210248\n|switch|p1b: british|Sinistcha, L50, shiny|100\/100\n|-heal|p1a: text to speech|78\/100 par|[from] ability: Hospitality|[of] p1b: british\n|turn|8\n|\n|t:|1700210259\n|move|p1a: text to speech|Follow Me|p1a: text to speech\n|-singleturn|p1a: text to speech|move: Follow Me\n|move|p2a: Zoroark|Icy Wind|p1b: british|[spread] p1a\n|-miss|p2a: Zoroark|p1b: british\n|-damage|p1a: text to speech|65\/100 par\n|-unboost|p1a: text to speech|spe|1\n|move|p2b: Ninetales|Freeze-Dry|p1a: text to speech\n|-damage|p1a: text to speech|46\/100 par\n|move|p1b: british|Matcha Gotcha|p2b: Ninetales|[spread] p2a,p2b\n|-damage|p2a: Zoroark|34\/100\n|-damage|p2b: Ninetales|7\/100\n|\n|-weather|Snow|[upkeep]\n|-sideend|p2: lewy1290|move: Aurora Veil\n|upkeep\n|turn|9\n|\n|t:|1700210283\n|-terastallize|p1b: british|Fire\n|cant|p1a: text to speech|par\n|move|p2a: Zoroark|Icy Wind|p1b: british|[spread] p1a,p1b\n|-resisted|p1b: british\n|-damage|p1a: text to speech|34\/100 par\n|-damage|p1b: british|94\/100\n|-unboost|p1a: text to speech|spe|1\n|-unboost|p1b: british|spe|1\n|move|p2b: Ninetales|Freeze-Dry|p1b: british\n|-resisted|p1b: british\n|-damage|p1b: british|84\/100\n|move|p1b: british|Matcha Gotcha|p2a: Zoroark|[spread] p2a,p2b\n|-damage|p2a: Zoroark|0 fnt\n|-heal|p1b: british|97\/100|[from] drain|[of] p2a: Zoroark\n|-damage|p2b: Ninetales|0 fnt\n|-heal|p1b: british|99\/100|[from] drain|[of] p2b: Ninetales\n|faint|p2a: Zoroark\n|faint|p2b: Ninetales\n|\n|-weather|Snow|[upkeep]\n|upkeep\n|inactive|lewy1290 has 30 seconds left.\n|\n|t:|1700210309\n|switch|p2a: Slowking|Slowking, L50, M|69\/100 brn\n|turn|10\n|-message|lewy1290 forfeited.\n|\n|win|shiningliko\n|raw|shiningliko's rating: 1098 &rarr; <strong>1116<\/strong><br \/>(+18 for winning)\n|raw|lewy1290's rating: 1000 &rarr; <strong>1000<\/strong><br \/>(+0 for losing)\n|l|\u2606lewy1290\n","uploadtime":1700210329,"views":18,"p1id":"shiningliko","p2id":"lewy1290","formatid":"gen9vgc2023regulatione","rating":1000,"private":0,"password":""}