{"id":"gen9vgc2023regulatione-1992510746","p1":"j1m13o","p2":"yonkou5","format":"[Gen 9] VGC 2023 Regulation E","log":"|j|\u2606j1m13o\n|j|\u2606yonkou5\n|t:|1700197200\n|gametype|doubles\n|player|p1|j1m13o|2|1136\n|player|p2|yonkou5|102|1114\n|teamsize|p1|6\n|teamsize|p2|6\n|gen|9\n|tier|[Gen 9] VGC 2023 Regulation E\n|rated|\n|rule|Species Clause: Limit one of each Pok\u00e9mon\n|rule|Item Clause: Limit one of each item\n|clearpoke\n|poke|p1|Ursaluna-Bloodmoon, L50, M|\n|poke|p1|Torkoal, L50, M|\n|poke|p1|Dusclops, L50, M|\n|poke|p1|Clefable, L50, F|\n|poke|p1|Lucario, L50, M|\n|poke|p1|Clawitzer, L50, F|\n|poke|p2|Ursaluna-Bloodmoon, L50, M|\n|poke|p2|Volcarona, L50, M|\n|poke|p2|Okidogi, L50, M|\n|poke|p2|Roaring Moon, L50|\n|poke|p2|Urshifu-*, L50, F|\n|poke|p2|Clefairy, L50, F|\n|teampreview|4\n|inactive|Battle timer is ON: inactive players will automatically lose when time's up. (requested by yonkou5)\n|inactive|yonkou5 has 60 seconds left.\n|\n|t:|1700197280\n|start\n|switch|p1a: Lucario|Lucario, L50, M|100\/100\n|switch|p1b: Clefable|Clefable, L50, F|100\/100\n|switch|p2a: Urshifu|Urshifu-Rapid-Strike, L50, F|100\/100\n|switch|p2b: Clefairy|Clefairy, L50, F|100\/100\n|turn|1\n|\n|t:|1700197301\n|move|p1b: Clefable|Protect|p1b: Clefable\n|-singleturn|p1b: Clefable|Protect\n|move|p2b: Clefairy|Follow Me|p2b: Clefairy\n|-singleturn|p2b: Clefairy|move: Follow Me\n|move|p1a: Lucario|Flash Cannon|p2b: Clefairy\n|-supereffective|p2b: Clefairy\n|-damage|p2b: Clefairy|28\/100\n|move|p2a: Urshifu|Surging Strikes|p1a: Lucario\n|-crit|p1a: Lucario\n|-damage|p1a: Lucario|61\/100\n|-crit|p1a: Lucario\n|-damage|p1a: Lucario|21\/100\n|-crit|p1a: Lucario\n|-damage|p1a: Lucario|0 fnt\n|faint|p1a: Lucario\n|-hitcount|p1: Lucario|3\n|\n|upkeep\n|\n|t:|1700197318\n|switch|p1a: Mr. Hands|Dusclops, L50, M|100\/100\n|-item|p2a: Urshifu|Safety Goggles|[from] ability: Frisk|[of] p1a: Mr. Hands|[identify]\n|-item|p2b: Clefairy|Eviolite|[from] ability: Frisk|[of] p1a: Mr. Hands|[identify]\n|turn|2\n|\n|t:|1700197334\n|move|p1b: Clefable|Follow Me|p1b: Clefable\n|-singleturn|p1b: Clefable|move: Follow Me\n|move|p2b: Clefairy|Follow Me|p2b: Clefairy\n|-singleturn|p2b: Clefairy|move: Follow Me\n|move|p2a: Urshifu|Surging Strikes|p1b: Clefable\n|-crit|p1b: Clefable\n|-damage|p1b: Clefable|80\/100\n|-crit|p1b: Clefable\n|-damage|p1b: Clefable|58\/100\n|-crit|p1b: Clefable\n|-damage|p1b: Clefable|35\/100\n|-hitcount|p1b: Clefable|3\n|-enditem|p1b: Clefable|Eject Button\n|\n|t:|1700197343\n|switch|p1b: Ursaluna|Ursaluna-Bloodmoon, L50, M|100\/100\n|move|p1a: Mr. Hands|Trick Room|p1a: Mr. Hands\n|-fieldstart|move: Trick Room|[of] p1a: Mr. Hands\n|\n|upkeep\n|turn|3\n|\n|t:|1700197355\n|-terastallize|p1b: Ursaluna|Normal\n|move|p1a: Mr. Hands|Helping Hand|p1b: Ursaluna\n|-singleturn|p1b: Ursaluna|Helping Hand|[of] p1a: Mr. Hands\n|move|p2b: Clefairy|Follow Me|p2b: Clefairy\n|-singleturn|p2b: Clefairy|move: Follow Me\n|move|p1b: Ursaluna|Hyper Voice|p2a: Urshifu|[spread] p2a,p2b\n|-enditem|p1b: Ursaluna|Normal Gem|[from] gem\n|-damage|p2a: Urshifu|0 fnt\n|-damage|p2b: Clefairy|0 fnt\n|faint|p2a: Urshifu\n|faint|p2b: Clefairy\n|\n|upkeep\n|\n|t:|1700197369\n|switch|p2b: Roaring Moon|Roaring Moon, L50|100\/100\n|switch|p2a: Ursaluna|Ursaluna-Bloodmoon, L50, M|100\/100\n|-enditem|p2b: Roaring Moon|Booster Energy\n|-activate|p2b: Roaring Moon|ability: Protosynthesis|[fromitem]\n|-start|p2b: Roaring Moon|protosynthesisspe\n|turn|4\n|\n|t:|1700197390\n|move|p1a: Mr. Hands|Helping Hand|p1b: Ursaluna\n|-singleturn|p1b: Ursaluna|Helping Hand|[of] p1a: Mr. Hands\n|move|p1b: Ursaluna|Blood Moon|p2a: Ursaluna\n|-damage|p2a: Ursaluna|0 fnt\n|faint|p2a: Ursaluna\n|move|p2b: Roaring Moon|Knock Off|p1a: Mr. Hands\n|-supereffective|p1a: Mr. Hands\n|-damage|p1a: Mr. Hands|43\/100\n|-enditem|p1a: Mr. Hands|Eviolite|[from] move: Knock Off|[of] p2b: Roaring Moon\n|\n|upkeep\n|turn|5\n|\n|t:|1700197404\n|move|p1a: Mr. Hands|Helping Hand|p1b: Ursaluna\n|-singleturn|p1b: Ursaluna|Helping Hand|[of] p1a: Mr. Hands\n|move|p2b: Roaring Moon|Protect|p2b: Roaring Moon\n|-singleturn|p2b: Roaring Moon|Protect\n|move|p1b: Ursaluna|Hyper Voice|p2b: Roaring Moon\n|-activate|p2b: Roaring Moon|move: Protect\n|\n|upkeep\n|turn|6\n|\n|t:|1700197415\n|move|p1a: Mr. Hands|Helping Hand|p1b: Ursaluna\n|-singleturn|p1b: Ursaluna|Helping Hand|[of] p1a: Mr. Hands\n|move|p1b: Ursaluna|Blood Moon|p2b: Roaring Moon\n|-damage|p2b: Roaring Moon|0 fnt\n|faint|p2b: Roaring Moon\n|-end|p2b: Roaring Moon|Protosynthesis|[silent]\n|\n|win|j1m13o\n|raw|j1m13o's rating: 1136 &rarr; <strong>1159<\/strong><br \/>(+23 for winning)\n|raw|yonkou5's rating: 1114 &rarr; <strong>1091<\/strong><br \/>(-23 for losing)\n|c|\u2606j1m13o|wp\n|l|\u2606yonkou5\n","uploadtime":1700197425,"views":10,"p1id":"j1m13o","p2id":"yonkou5","formatid":"gen9vgc2023regulatione","rating":1091,"private":0,"password":""}