{"id":"gen9vgc2023regulatione-1989621858","p1":"gohan92","p2":"Trainer Oje","format":"[Gen 9] VGC 2023 Regulation E","log":"|j|\u2606gohan92\n|j|\u2606Trainer Oje\n|t:|1699879951\n|gametype|doubles\n|player|p1|gohan92|102|1480\n|player|p2|Trainer Oje|elesa|1609\n|teamsize|p1|6\n|teamsize|p2|6\n|gen|9\n|tier|[Gen 9] VGC 2023 Regulation E\n|rated|\n|rule|Species Clause: Limit one of each Pok\u00e9mon\n|rule|Item Clause: Limit one of each item\n|clearpoke\n|poke|p1|Farigiraf, L50, F|\n|poke|p1|Chien-Pao, L50|\n|poke|p1|Landorus-Therian, L50, M|\n|poke|p1|Heatran, L50, M|\n|poke|p1|Iron Hands, L50|\n|poke|p1|Amoonguss, L50, F|\n|poke|p2|Urshifu-*, L50, F|\n|poke|p2|Chien-Pao, L50|\n|poke|p2|Arcanine-Hisui, L50, F|\n|poke|p2|Roaring Moon, L50|\n|poke|p2|Rillaboom, L50, M|\n|poke|p2|Ogerpon-Wellspring, L50, F|\n|teampreview|4\n|\n|t:|1699880022\n|start\n|switch|p1a: Iron Hands|Iron Hands, L50|100\/100\n|switch|p1b: Farigiraf|Farigiraf, L50, F|100\/100\n|switch|p2a: Rillaboom|Rillaboom, L50, M|100\/100\n|switch|p2b: Urshifu|Urshifu, L50, F|100\/100\n|-fieldstart|move: Grassy Terrain|[from] ability: Grassy Surge|[of] p2a: Rillaboom\n|turn|1\n|j| Therazer456\n|\n|t:|1699880034\n|switch|p2b: Arcanine|Arcanine-Hisui, L50, F|100\/100\n|-ability|p2b: Arcanine|Intimidate|boost\n|-unboost|p1a: Iron Hands|atk|1\n|-unboost|p1b: Farigiraf|atk|1\n|move|p1a: Iron Hands|Fake Out|p2b: Arcanine\n|-resisted|p2b: Arcanine\n|-damage|p2b: Arcanine|95\/100\n|move|p2a: Rillaboom|U-turn|p1b: Farigiraf\n|-supereffective|p1b: Farigiraf\n|-damage|p1b: Farigiraf|62\/100\n|\n|t:|1699880044\n|switch|p2a: Ogerpon|Ogerpon-Wellspring, L50, F|100\/100|[from] U-turn\n|move|p1b: Farigiraf|Trick Room|p1b: Farigiraf\n|-fieldstart|move: Trick Room|[of] p1b: Farigiraf\n|\n|-heal|p1b: Farigiraf|68\/100|[from] Grassy Terrain\n|-heal|p2b: Arcanine|100\/100|[from] Grassy Terrain\n|upkeep\n|turn|2\n|\n|t:|1699880066\n|-terastallize|p1b: Farigiraf|Dragon\n|move|p1b: Farigiraf|Helping Hand|p1a: Iron Hands\n|-singleturn|p1a: Iron Hands|Helping Hand|[of] p1b: Farigiraf\n|move|p2a: Ogerpon|Follow Me|p2a: Ogerpon\n|-singleturn|p2a: Ogerpon|move: Follow Me\n|move|p1a: Iron Hands|Drain Punch|p2a: Ogerpon\n|-damage|p2a: Ogerpon|55\/100\n|move|p2b: Arcanine|Flare Blitz|p1b: Farigiraf\n|-resisted|p1b: Farigiraf\n|-damage|p1b: Farigiraf|39\/100\n|-status|p1b: Farigiraf|brn\n|-enditem|p1b: Farigiraf|Sitrus Berry|[eat]\n|-heal|p1b: Farigiraf|64\/100 brn|[from] item: Sitrus Berry\n|-damage|p2b: Arcanine|90\/100|[from] Recoil\n|-damage|p2b: Arcanine|80\/100|[from] item: Life Orb\n|\n|-heal|p1b: Farigiraf|70\/100 brn|[from] Grassy Terrain\n|-heal|p2b: Arcanine|85\/100|[from] Grassy Terrain\n|-heal|p2a: Ogerpon|61\/100|[from] Grassy Terrain\n|-damage|p1b: Farigiraf|64\/100 brn|[from] brn\n|upkeep\n|turn|3\n|\n|t:|1699880109\n|move|p1b: Farigiraf|Helping Hand|p1a: Iron Hands\n|-singleturn|p1a: Iron Hands|Helping Hand|[of] p1b: Farigiraf\n|move|p2b: Arcanine|Protect|p2b: Arcanine\n|-singleturn|p2b: Arcanine|Protect\n|move|p1a: Iron Hands|Drain Punch|p2b: Arcanine\n|-activate|p2b: Arcanine|move: Protect\n|move|p2a: Ogerpon|Ivy Cudgel|p1a: Iron Hands\n|-damage|p1a: Iron Hands|66\/100\n|\n|-heal|p1a: Iron Hands|73\/100|[from] Grassy Terrain\n|-heal|p1b: Farigiraf|70\/100 brn|[from] Grassy Terrain\n|-heal|p2b: Arcanine|91\/100|[from] Grassy Terrain\n|-heal|p2a: Ogerpon|67\/100|[from] Grassy Terrain\n|-damage|p1b: Farigiraf|64\/100 brn|[from] brn\n|upkeep\n|turn|4\n|\n|t:|1699880136\n|-terastallize|p2b: Arcanine|Water\n|move|p1b: Farigiraf|Helping Hand|p1a: Iron Hands\n|-singleturn|p1a: Iron Hands|Helping Hand|[of] p1b: Farigiraf\n|move|p1a: Iron Hands|Wild Charge|p2a: Ogerpon\n|-damage|p2a: Ogerpon|12\/100\n|-damage|p1a: Iron Hands|62\/100|[from] Recoil\n|move|p2b: Arcanine|Flare Blitz|p1a: Iron Hands\n|-damage|p1a: Iron Hands|11\/100\n|-status|p1a: Iron Hands|brn\n|-damage|p2b: Arcanine|70\/100|[from] Recoil\n|-damage|p2b: Arcanine|60\/100|[from] item: Life Orb\n|move|p2a: Ogerpon|Ivy Cudgel|p1a: Iron Hands\n|-damage|p1a: Iron Hands|0 fnt\n|faint|p1a: Iron Hands\n|-end|p1a: Iron Hands|Quark Drive|[silent]\n|\n|-heal|p1b: Farigiraf|70\/100 brn|[from] Grassy Terrain\n|-heal|p2b: Arcanine|66\/100|[from] Grassy Terrain\n|-heal|p2a: Ogerpon|18\/100|[from] Grassy Terrain\n|-damage|p1b: Farigiraf|64\/100 brn|[from] brn\n|upkeep\n|\n|t:|1699880157\n|switch|p1a: Heatran|Heatran, L50, M|100\/100\n|turn|5\n|\n|t:|1699880172\n|switch|p1a: Amoonguss|Amoonguss, L50, F|100\/100\n|move|p2b: Arcanine|Protect|p2b: Arcanine\n|-singleturn|p2b: Arcanine|Protect\n|move|p2a: Ogerpon|Spiky Shield|p2a: Ogerpon\n|-singleturn|p2a: Ogerpon|move: Protect\n|move|p1b: Farigiraf|Dazzling Gleam|p2b: Arcanine|[spread] \n|-activate|p2a: Ogerpon|move: Protect\n|-activate|p2b: Arcanine|move: Protect\n|\n|-heal|p1b: Farigiraf|70\/100 brn|[from] Grassy Terrain\n|-heal|p2b: Arcanine|72\/100|[from] Grassy Terrain\n|-heal|p2a: Ogerpon|24\/100|[from] Grassy Terrain\n|-damage|p1b: Farigiraf|64\/100 brn|[from] brn\n|-fieldend|move: Trick Room\n|-fieldend|move: Grassy Terrain\n|upkeep\n|turn|6\n|\n|t:|1699880195\n|move|p2a: Ogerpon|Ivy Cudgel|p1b: Farigiraf\n|-resisted|p1b: Farigiraf\n|-crit|p1b: Farigiraf\n|-damage|p1b: Farigiraf|30\/100 brn\n|move|p2b: Arcanine|Rock Slide|p1a: Amoonguss|[spread] p1b\n|-miss|p2b: Arcanine|p1a: Amoonguss\n|-damage|p1b: Farigiraf|1\/100 brn\n|-damage|p2b: Arcanine|62\/100|[from] item: Life Orb\n|move|p1a: Amoonguss|Pollen Puff|p1b: Farigiraf\n|-heal|p1b: Farigiraf|51\/100 brn\n|move|p1b: Farigiraf|Trick Room|p1b: Farigiraf\n|-fieldstart|move: Trick Room|[of] p1b: Farigiraf\n|\n|-damage|p1b: Farigiraf|45\/100 brn|[from] brn\n|upkeep\n|turn|7\n|\n|t:|1699880215\n|move|p2a: Ogerpon|Follow Me|p2a: Ogerpon\n|-singleturn|p2a: Ogerpon|move: Follow Me\n|move|p1a: Amoonguss|Spore|p2a: Ogerpon\n|-immune|p2a: Ogerpon\n|move|p1b: Farigiraf|Psychic|p2a: Ogerpon\n|-damage|p2a: Ogerpon|0 fnt\n|faint|p2a: Ogerpon\n|move|p2b: Arcanine|Rock Slide|p1b: Farigiraf|[spread] p1a\n|-miss|p2b: Arcanine|p1b: Farigiraf\n|-damage|p1a: Amoonguss|72\/100\n|-damage|p2b: Arcanine|52\/100|[from] item: Life Orb\n|\n|-damage|p1b: Farigiraf|39\/100 brn|[from] brn\n|upkeep\n|\n|t:|1699880233\n|switch|p2a: Rillaboom|Rillaboom, L50, M|100\/100\n|-fieldstart|move: Grassy Terrain|[from] ability: Grassy Surge|[of] p2a: Rillaboom\n|turn|8\n|\n|t:|1699880243\n|switch|p1b: Heatran|Heatran, L50, M|100\/100\n|move|p1a: Amoonguss|Spore|p2b: Arcanine\n|-status|p2b: Arcanine|slp|[from] move: Spore\n|cant|p2b: Arcanine|slp\n|move|p2a: Rillaboom|Wood Hammer|p1b: Heatran\n|-resisted|p1b: Heatran\n|-damage|p1b: Heatran|85\/100\n|-damage|p2a: Rillaboom|96\/100|[from] Recoil\n|\n|-heal|p1a: Amoonguss|77\/100|[from] Grassy Terrain\n|-heal|p1b: Heatran|91\/100|[from] Grassy Terrain\n|-heal|p1b: Heatran|97\/100|[from] item: Leftovers\n|-heal|p2b: Arcanine|58\/100 slp|[from] Grassy Terrain\n|-heal|p2a: Rillaboom|100\/100|[from] Grassy Terrain\n|upkeep\n|turn|9\n|\n|t:|1699880278\n|move|p1a: Amoonguss|Pollen Puff|p2a: Rillaboom\n|-supereffective|p2a: Rillaboom\n|-damage|p2a: Rillaboom|74\/100\n|move|p1b: Heatran|Heat Wave|p2b: Arcanine|[spread] p2a,p2b\n|-supereffective|p2a: Rillaboom\n|-resisted|p2b: Arcanine\n|-damage|p2a: Rillaboom|17\/100\n|-damage|p2b: Arcanine|35\/100 slp\n|cant|p2b: Arcanine|slp\n|move|p2a: Rillaboom|Wood Hammer|p1a: Amoonguss\n|-resisted|p1a: Amoonguss\n|-damage|p1a: Amoonguss|64\/100\n|-damage|p2a: Rillaboom|0 fnt|[from] item: Rocky Helmet|[of] p1a: Amoonguss\n|faint|p2a: Rillaboom\n|\n|-heal|p1a: Amoonguss|70\/100|[from] Grassy Terrain\n|-heal|p1b: Heatran|100\/100|[from] Grassy Terrain\n|-heal|p2b: Arcanine|41\/100 slp|[from] Grassy Terrain\n|upkeep\n|\n|t:|1699880293\n|switch|p2a: Urshifu|Urshifu, L50, F|100\/100\n|turn|10\n|\n|t:|1699880311\n|move|p1a: Amoonguss|Spore|p2a: Urshifu\n|-status|p2a: Urshifu|slp|[from] move: Spore\n|move|p1b: Heatran|Earth Power|p2b: Arcanine\n|-crit|p2b: Arcanine\n|-damage|p2b: Arcanine|0 fnt\n|faint|p2b: Arcanine\n|cant|p2a: Urshifu|slp\n|\n|-heal|p1a: Amoonguss|76\/100|[from] Grassy Terrain\n|-fieldend|move: Trick Room\n|upkeep\n|turn|11\n|\n|t:|1699880332\n|cant|p2a: Urshifu|slp\n|move|p1b: Heatran|Flash Cannon|p2a: Urshifu\n|-damage|p2a: Urshifu|40\/100 slp\n|move|p1a: Amoonguss|Pollen Puff|p2a: Urshifu\n|-damage|p2a: Urshifu|16\/100 slp\n|\n|-heal|p2a: Urshifu|22\/100 slp|[from] Grassy Terrain\n|-heal|p1a: Amoonguss|81\/100|[from] Grassy Terrain\n|upkeep\n|turn|12\n|\n|t:|1699880344\n|move|p1a: Amoonguss|Rage Powder|p1a: Amoonguss\n|-singleturn|p1a: Amoonguss|move: Rage Powder\n|cant|p2a: Urshifu|slp\n|move|p1b: Heatran|Flash Cannon|p2a: Urshifu\n|-damage|p2a: Urshifu|0 fnt\n|faint|p2a: Urshifu\n|\n|win|gohan92\n|raw|gohan92's rating: 1480 &rarr; <strong>1507<\/strong><br \/>(+27 for winning)\n|raw|Trainer Oje's rating: 1609 &rarr; <strong>1582<\/strong><br \/>(-27 for losing)\n|l| Therazer456\n|l|\u2606Trainer Oje\n","uploadtime":1699880356,"views":28,"p1id":"gohan92","p2id":"traineroje","formatid":"gen9vgc2023regulatione","rating":1507,"private":0,"password":""}