{"id":"gen9vgc2023regulatione-1996318581","p1":"AJB0000","p2":"LupoxVGC","format":"[Gen 9] VGC 2023 Regulation E","log":"|j|\u2606AJB0000\n|j|\u2606LupoxVGC\n|t:|1700670683\n|gametype|doubles\n|player|p1|AJB0000|1|1188\n|player|p2|LupoxVGC|gambler|1215\n|teamsize|p1|6\n|teamsize|p2|6\n|gen|9\n|tier|[Gen 9] VGC 2023 Regulation E\n|rated|\n|rule|Species Clause: Limit one of each Pok\u00e9mon\n|rule|Item Clause: Limit one of each item\n|clearpoke\n|poke|p1|Sinistcha, L50|\n|poke|p1|Indeedee-F, L50, F|\n|poke|p1|Sylveon, L50, F|\n|poke|p1|Palafin, L50, F|\n|poke|p1|Iron Hands, L50|\n|poke|p1|Heatran, L50, F|\n|poke|p2|Salamence, L50, M|\n|poke|p2|Milotic, L50, F|\n|poke|p2|Heatran, L50, M|\n|poke|p2|Urshifu-*, L50, M|\n|poke|p2|Flutter Mane, L50|\n|poke|p2|Rillaboom, L50, M|\n|teampreview|4\nAJB0000 has agreed to open team sheets.\n|inactive|Battle timer is ON: inactive players will automatically lose when time's up. (requested by AJB0000)\n|\n|t:|1700670757\n|start\n|switch|p1a: Indeedee|Indeedee-F, L50, F, shiny|100\/100\n|switch|p1b: Sylveon|Sylveon, L50, F, shiny|100\/100\n|switch|p2a: Urshifu|Urshifu, L50, M|100\/100\n|switch|p2b: Flutter Mane|Flutter Mane, L50|100\/100\n|-fieldstart|move: Psychic Terrain|[from] ability: Psychic Surge|[of] p1a: Indeedee\n|turn|1\n|inactive|LupoxVGC has 30 seconds left.\n|\n|t:|1700670789\n|-end|p2b: Flutter Mane|Protosynthesis|[silent]\n|switch|p2b: Heatran|Heatran, L50, M|100\/100\n|-terastallize|p2a: Urshifu|Steel\n|move|p1a: Indeedee|Helping Hand|p1b: Sylveon\n|-singleturn|p1b: Sylveon|Helping Hand|[of] p1a: Indeedee\n|move|p2a: Urshifu|Wicked Blow|p1a: Indeedee\n|-supereffective|p1a: Indeedee\n|-crit|p1a: Indeedee\n|-damage|p1a: Indeedee|0 fnt\n|-damage|p2a: Urshifu|84\/100|[from] item: Rocky Helmet|[of] p1a: Indeedee\n|faint|p1a: Indeedee\n|move|p1b: Sylveon|Hyper Voice|p2a: Urshifu|[spread] p2a,p2b\n|-resisted|p2a: Urshifu\n|-resisted|p2b: Heatran\n|-damage|p2a: Urshifu|30\/100\n|-damage|p2b: Heatran|86\/100\n|\n|upkeep\n|\n|t:|1700670804\n|switch|p1a: Nessie|Heatran, L50, F|100\/100\n|turn|2\n|\n|t:|1700670815\n|switch|p2a: Milotic|Milotic, L50, F, shiny|100\/100\n|-terastallize|p1a: Nessie|Flying\n|move|p2b: Heatran|Flash Cannon|p1b: Sylveon\n|-supereffective|p1b: Sylveon\n|-damage|p1b: Sylveon|14\/100\n|-damage|p2b: Heatran|76\/100|[from] item: Life Orb\n|move|p1a: Nessie|Earth Power|p2b: Heatran\n|-supereffective|p2b: Heatran\n|-damage|p2b: Heatran|0 fnt\n|faint|p2b: Heatran\n|move|p1b: Sylveon|Hyper Voice|p2a: Milotic\n|-damage|p2a: Milotic|60\/100\n|\n|upkeep\n|\n|t:|1700670828\n|switch|p2b: Urshifu|Urshifu, L50, M, tera:Steel|30\/100\n|turn|3\n|inactive|AJB0000 has 30 seconds left.\n|\n|t:|1700670862\n|move|p1b: Sylveon|Protect|p1b: Sylveon\n|-singleturn|p1b: Sylveon|Protect\n|move|p2b: Urshifu|Iron Head|p1b: Sylveon\n|-supereffective|p1b: Sylveon\n|-damage|p1b: Sylveon|0 fnt\n|faint|p1b: Sylveon\n|move|p2a: Milotic|Ice Beam|p1a: Nessie\n|-supereffective|p1a: Nessie\n|-damage|p1a: Nessie|66\/100\n|move|p1a: Nessie|Earth Power|p2b: Urshifu\n|-supereffective|p2b: Urshifu\n|-damage|p2b: Urshifu|0 fnt\n|faint|p2b: Urshifu\n|\n|upkeep\n|\n|t:|1700670874\n|switch|p2b: Flutter Mane|Flutter Mane, L50|100\/100\n|switch|p1b: Iron Hands|Iron Hands, L50|100\/100\n|turn|4\n|inactive|LupoxVGC has 30 seconds left.\n|\n|t:|1700670903\n|move|p2b: Flutter Mane|Shadow Ball|p1a: Nessie\n|-damage|p1a: Nessie|28\/100\n|-enditem|p1a: Nessie|Sitrus Berry|[eat]\n|-heal|p1a: Nessie|53\/100|[from] item: Sitrus Berry\n|move|p2a: Milotic|Ice Beam|p1a: Nessie\n|-supereffective|p1a: Nessie\n|-damage|p1a: Nessie|19\/100\n|move|p1a: Nessie|Heavy Slam|p2b: Flutter Mane\n|-supereffective|p2b: Flutter Mane\n|-enditem|p2b: Flutter Mane|Focus Sash\n|-damage|p2b: Flutter Mane|1\/100\n|move|p1b: Iron Hands|Thunder Punch|p2a: Milotic\n|-supereffective|p2a: Milotic\n|-damage|p2a: Milotic|0 fnt\n|faint|p2a: Milotic\n|\n|upkeep\n|turn|5\n|\n|t:|1700670921\n|move|p2b: Flutter Mane|Moonblast|p1b: Iron Hands\n|-supereffective|p1b: Iron Hands\n|-damage|p1b: Iron Hands|40\/100\n|move|p1a: Nessie|Heavy Slam|p2b: Flutter Mane\n|-supereffective|p2b: Flutter Mane\n|-damage|p2b: Flutter Mane|0 fnt\n|faint|p2b: Flutter Mane\n|-end|p2b: Flutter Mane|Protosynthesis|[silent]\n|\n|win|AJB0000\n|raw|AJB0000's rating: 1188 &rarr; <strong>1215<\/strong><br \/>(+27 for winning)\n|raw|LupoxVGC's rating: 1215 &rarr; <strong>1188<\/strong><br \/>(-27 for losing)\n|l|\u2606LupoxVGC\n","uploadtime":1700670935,"views":8,"p1id":"ajb0000","p2id":"lupoxvgc","formatid":"gen9vgc2023regulatione","rating":1188,"private":0,"password":""}