{"id":"gen9vgc2023regulatione-1988175034","p1":"Pro Lamer","p2":"Red0131","format":"[Gen 9] VGC 2023 Regulation E","log":"|j|\u2606Pro Lamer\n|j|\u2606Red0131\n|t:|1699679679\n|gametype|doubles\n|player|p1|Pro Lamer|clown|1087\n|player|p2|Red0131|red|1039\n|teamsize|p1|6\n|teamsize|p2|6\n|gen|9\n|tier|[Gen 9] VGC 2023 Regulation E\n|rated|\n|rule|Species Clause: Limit one of each Pok\u00e9mon\n|rule|Item Clause: Limit one of each item\n|clearpoke\n|poke|p1|Ambipom, L50, M|\n|poke|p1|Annihilape, L50, M|\n|poke|p1|Oranguru, L50, F|\n|poke|p1|Rillaboom, L50, M|\n|poke|p1|Munkidori, L50, M|\n|poke|p1|Infernape, L50, F|\n|poke|p2|Pelipper, L50, F|\n|poke|p2|Landorus, L50, M|\n|poke|p2|Scizor, L50, F|\n|poke|p2|Tatsugiri, L50, F|\n|poke|p2|Hydreigon, L50, F|\n|poke|p2|Basculegion, L50, M|\n|teampreview|4\n|inactive|Battle timer is ON: inactive players will automatically lose when time's up. (requested by Red0131)\n|inactive|Red0131 has 60 seconds left.\n|\n|t:|1699679736\n|start\n|switch|p1a: Ambipom|Ambipom, L50, M|100\/100\n|switch|p1b: Annihilape|Annihilape, L50, M|100\/100\n|switch|p2a: Pelipper|Pelipper, L50, F|100\/100\n|switch|p2b: Scizor|Scizor, L50, F|100\/100\n|-weather|RainDance|[from] ability: Drizzle|[of] p2a: Pelipper\n|turn|1\n|inactive|Pro Lamer has 30 seconds left.\n|inactive|Red0131 has 30 seconds left.\n|\n|t:|1699679768\n|move|p1a: Ambipom|Fake Out|p2a: Pelipper\n|-damage|p2a: Pelipper|64\/100\n|move|p2b: Scizor|Dual Wingbeat|p1b: Annihilape\n|-supereffective|p1b: Annihilape\n|-damage|p1b: Annihilape|49\/100\n|-supereffective|p1b: Annihilape\n|-damage|p1b: Annihilape|0 fnt\n|faint|p1b: Annihilape\n|-hitcount|p1: Annihilape|2\n|-damage|p2b: Scizor|91\/100|[from] item: Life Orb\n|cant|p2a: Pelipper|flinch\n|\n|-weather|RainDance|[upkeep]\n|upkeep\n|\n|t:|1699679783\n|switch|p1b: Infernape|Infernape, L50, F|100\/100\n|turn|2\n|inactive|Red0131 has 30 seconds left.\n|\n|t:|1699679809\n|move|p2b: Scizor|Bullet Punch|p1a: Ambipom\n|-damage|p1a: Ambipom|36\/100\n|-damage|p2b: Scizor|81\/100|[from] item: Life Orb\n|move|p1a: Ambipom|Double Hit|p2a: Pelipper\n|-damage|p2a: Pelipper|35\/100\n|-damage|p2a: Pelipper|6\/100\n|-hitcount|p2a: Pelipper|2\n|move|p1b: Infernape|Overheat|p2b: Scizor\n|-supereffective|p2b: Scizor\n|-damage|p2b: Scizor|0 fnt\n|-unboost|p1b: Infernape|spa|2\n|faint|p2b: Scizor\n|move|p2a: Pelipper|Hurricane|p1b: Infernape|[miss]\n|-miss|p2a: Pelipper|p1b: Infernape\n|\n|-weather|RainDance|[upkeep]\n|upkeep\n|\n|t:|1699679826\n|switch|p2b: Tatsugiri|Tatsugiri, L50, F|100\/100\n|turn|3\n|c|\u2606Red0131|wait\n|inactive|Red0131 has 30 seconds left.\n|c|\u2606Red0131|how did hurricane miss\n|c|\u2606Pro Lamer|Ahaha\n|c|\u2606Pro Lamer|Utility umbrella\n|inactive|Red0131 has 20 seconds left.\n|inactive|Red0131 has 15 seconds left.\n|c|\u2606Red0131|ohhh\n|inactive|Red0131 has 10 seconds left.\n|c|\u2606Red0131|interesting\n|inactive|Red0131 has 5 seconds left.\n|\n|t:|1699679881\n|move|p1a: Ambipom|Double Hit|p2b: Tatsugiri\n|-damage|p2b: Tatsugiri|60\/100\n|-damage|p2b: Tatsugiri|18\/100\n|-hitcount|p2b: Tatsugiri|2\n|move|p2b: Tatsugiri|Hydro Pump|p1b: Infernape\n|-supereffective|p1b: Infernape\n|-damage|p1b: Infernape|0 fnt\n|faint|p1b: Infernape\n|move|p2a: Pelipper|Chilling Water|p2b: Tatsugiri\n|-activate|p2b: Tatsugiri|ability: Storm Drain\n|-ability|p2b: Tatsugiri|Storm Drain|boost\n|-boost|p2b: Tatsugiri|spa|1\n|\n|-weather|RainDance|[upkeep]\n|upkeep\n|c|\u2606Pro Lamer|Was stuck for an item and figured it let me kill fire weaks under rain\n|\n|t:|1699679899\n|switch|p1b: Munkidori|Munkidori, L50, M|100\/100\n|-item|p2a: Pelipper|Damp Rock|[from] ability: Frisk|[of] p1b: Munkidori|[identify]\n|-item|p2b: Tatsugiri|Choice Scarf|[from] ability: Frisk|[of] p1b: Munkidori|[identify]\n|turn|4\n|c|\u2606Red0131|very interesting\n|\n|t:|1699679918\n|move|p2a: Pelipper|Protect|p2a: Pelipper\n|-singleturn|p2a: Pelipper|Protect\n|move|p1b: Munkidori|Fake Out|p2b: Tatsugiri\n|-damage|p2b: Tatsugiri|7\/100\n|move|p1a: Ambipom|Double Hit|p2a: Pelipper\n|-activate|p2a: Pelipper|move: Protect\n|cant|p2b: Tatsugiri|flinch\n|\n|-weather|RainDance|[upkeep]\n|upkeep\n|turn|5\n|\n|t:|1699679943\n|move|p1a: Ambipom|Double Hit|p2b: Tatsugiri\n|-damage|p2b: Tatsugiri|0 fnt\n|faint|p2b: Tatsugiri\n|-hitcount|p2: Tatsugiri|1\n|move|p1b: Munkidori|Sludge Bomb|p2a: Pelipper\n|-damage|p2a: Pelipper|0 fnt\n|faint|p2a: Pelipper\n|\n|-weather|RainDance|[upkeep]\n|upkeep\n|\n|t:|1699679959\n|switch|p2a: Hydreigon|Hydreigon, L50, F|100\/100\n|turn|6\n|\n|t:|1699679979\n|-terastallize|p1b: Munkidori|Poison\n|-terastallize|p2a: Hydreigon|Dark\n|move|p1a: Ambipom|Double Hit|p2a: Hydreigon\n|-crit|p2a: Hydreigon\n|-damage|p2a: Hydreigon|52\/100\n|-damage|p2a: Hydreigon|18\/100\n|-hitcount|p2a: Hydreigon|2\n|move|p1b: Munkidori|Sludge Bomb|p2a: Hydreigon\n|-damage|p2a: Hydreigon|0 fnt\n|faint|p2a: Hydreigon\n|\n|win|Pro Lamer\n|raw|Pro Lamer's rating: 1087 &rarr; <strong>1110<\/strong><br \/>(+23 for winning)\n|raw|Red0131's rating: 1039 &rarr; <strong>1025<\/strong><br \/>(-14 for losing)\n|l|\u2606Red0131\n|c|\u2606Pro Lamer|Gg\n","uploadtime":1699680009,"views":12,"p1id":"prolamer","p2id":"red0131","formatid":"gen9vgc2023regulatione","rating":1025,"private":0,"password":""}