{"id":"gen9vgc2023regulatione-1999441840","p1":"vivamaxben10inches","p2":"CjkB","format":"[Gen 9] VGC 2023 Regulation E","log":"|j|\u2606vivamaxben10inches\n|j|\u2606CjkB\n|t:|1701081117\n|gametype|doubles\n|player|p1|vivamaxben10inches|101|1386\n|player|p2|CjkB|scientist-gen4|1387\n|teamsize|p1|6\n|teamsize|p2|6\n|gen|9\n|tier|[Gen 9] VGC 2023 Regulation E\n|rated|\n|rule|Species Clause: Limit one of each Pok\u00e9mon\n|rule|Item Clause: Limit one of each item\n|clearpoke\n|poke|p1|Regidrago, L50|\n|poke|p1|Indeedee-F, L50, F|\n|poke|p1|Armarouge, L50, M|\n|poke|p1|Ursaluna, L50, M|\n|poke|p1|Torkoal, L50, F|\n|poke|p1|Lilligant-Hisui, L50, F|\n|poke|p2|Ogerpon-Wellspring, L50, F|\n|poke|p2|Roaring Moon, L50|\n|poke|p2|Amoonguss, L50, M|\n|poke|p2|Landorus-Therian, L50, M|\n|poke|p2|Iron Hands, L50|\n|poke|p2|Gholdengo, L50|\n|teampreview|4\n|\n|t:|1701081180\n|start\n|switch|p1a: Indeedee|Indeedee-F, L50, F|100\/100\n|switch|p1b: Armarouge|Armarouge, L50, M|100\/100\n|switch|p2a: Gholdengo|Gholdengo, L50|100\/100\n|switch|p2b: Iron Hands|Iron Hands, L50|100\/100\n|-fieldstart|move: Psychic Terrain|[from] ability: Psychic Surge|[of] p1a: Indeedee\n|turn|1\n|\n|t:|1701081208\n|-end|p2b: Iron Hands|Quark Drive|[silent]\n|switch|p2b: Roaring Moon|Roaring Moon, L50|100\/100\n|-enditem|p2b: Roaring Moon|Booster Energy\n|-activate|p2b: Roaring Moon|ability: Protosynthesis|[fromitem]\n|-start|p2b: Roaring Moon|protosynthesisspe\n|move|p1a: Indeedee|Follow Me|p1a: Indeedee\n|-singleturn|p1a: Indeedee|move: Follow Me\n|move|p2a: Gholdengo|Make It Rain|p1a: Indeedee|[spread] p1a,p1b\n|-resisted|p1b: Armarouge\n|-damage|p1a: Indeedee|61\/100\n|-damage|p1b: Armarouge|79\/100\n|-unboost|p2a: Gholdengo|spa|1\n|move|p1b: Armarouge|Trick Room|p1b: Armarouge\n|-fieldstart|move: Trick Room|[of] p1b: Armarouge\n|\n|upkeep\n|turn|2\n|\n|t:|1701081249\n|-terastallize|p2a: Gholdengo|Dragon\n|move|p1a: Indeedee|Follow Me|p1a: Indeedee\n|-singleturn|p1a: Indeedee|move: Follow Me\n|move|p1b: Armarouge|Heat Wave|p2b: Roaring Moon|[spread] p2a,p2b\n|-resisted|p2a: Gholdengo\n|-resisted|p2b: Roaring Moon\n|-damage|p2a: Gholdengo|72\/100\n|-damage|p2b: Roaring Moon|76\/100\n|-damage|p1b: Armarouge|69\/100|[from] item: Life Orb\n|move|p2a: Gholdengo|Shadow Ball|p1a: Indeedee\n|-immune|p1a: Indeedee\n|move|p2b: Roaring Moon|Knock Off|p1a: Indeedee\n|-supereffective|p1a: Indeedee\n|-damage|p1a: Indeedee|0 fnt\n|-damage|p2b: Roaring Moon|60\/100|[from] item: Rocky Helmet|[of] p1a: Indeedee\n|-enditem|p1a: Indeedee|Rocky Helmet|[from] move: Knock Off|[of] p2b: Roaring Moon\n|faint|p1a: Indeedee\n|\n|-heal|p2a: Gholdengo|78\/100|[from] item: Leftovers\n|upkeep\n|\n|t:|1701081260\n|switch|p1a: Ursaluna|Ursaluna, L50, M|100\/100\n|turn|3\n|\n|t:|1701081284\n|-terastallize|p1b: Armarouge|Psychic\n|move|p2a: Gholdengo|Protect|p2a: Gholdengo\n|-singleturn|p2a: Gholdengo|Protect\n|move|p1a: Ursaluna|Headlong Rush|p2b: Roaring Moon\n|-damage|p2b: Roaring Moon|0 fnt\n|-unboost|p1a: Ursaluna|def|1\n|-unboost|p1a: Ursaluna|spd|1\n|faint|p2b: Roaring Moon\n|-end|p2b: Roaring Moon|Protosynthesis|[silent]\n|move|p1b: Armarouge|Expanding Force|p2a: Gholdengo\n|-activate|p2a: Gholdengo|move: Protect\n|\n|-heal|p2a: Gholdengo|84\/100|[from] item: Leftovers\n|-status|p1a: Ursaluna|brn|[from] item: Flame Orb\n|upkeep\n|\n|t:|1701081297\n|switch|p2b: Landorus|Landorus-Therian, L50, M|100\/100\n|-ability|p2b: Landorus|Intimidate|boost\n|-unboost|p1a: Ursaluna|atk|1\n|-unboost|p1b: Armarouge|atk|1\n|turn|4\n|\n|t:|1701081325\n|switch|p2a: Iron Hands|Iron Hands, L50|100\/100\n|move|p1a: Ursaluna|Facade|p2b: Landorus\n|-damage|p2b: Landorus|6\/100\n|move|p1b: Armarouge|Expanding Force|p2a: Iron Hands|[spread] p2a,p2b\n|-supereffective|p2a: Iron Hands\n|-damage|p2a: Iron Hands|0 fnt\n|-damage|p2b: Landorus|0 fnt\n|faint|p2a: Iron Hands\n|-end|p2a: Iron Hands|Quark Drive|[silent]\n|faint|p2b: Landorus\n|-damage|p1b: Armarouge|59\/100|[from] item: Life Orb\n|\n|-damage|p1a: Ursaluna|95\/100 brn|[from] brn\n|upkeep\n|\n|t:|1701081339\n|switch|p2b: Gholdengo|Gholdengo, L50, tera:Dragon|84\/100\n|turn|5\n|\n|t:|1701081356\n|switch|p1a: Torkoal|Torkoal, L50, F|100\/100\n|-weather|SunnyDay|[from] ability: Drought|[of] p1a: Torkoal\n|move|p2b: Gholdengo|Protect|p2b: Gholdengo\n|-singleturn|p2b: Gholdengo|Protect\n|move|p1b: Armarouge|Expanding Force|p2b: Gholdengo\n|-activate|p2b: Gholdengo|move: Protect\n|\n|-weather|SunnyDay|[upkeep]\n|-heal|p2b: Gholdengo|90\/100|[from] item: Leftovers\n|-fieldend|move: Trick Room\n|-fieldend|move: Psychic Terrain\n|upkeep\n|turn|6\n|\n|t:|1701081375\n|move|p2b: Gholdengo|Shadow Ball|p1b: Armarouge\n|-supereffective|p1b: Armarouge\n|-damage|p1b: Armarouge|0 fnt\n|faint|p1b: Armarouge\n|move|p1a: Torkoal|Eruption|p2b: Gholdengo\n|-resisted|p2b: Gholdengo\n|-damage|p2b: Gholdengo|22\/100\n|\n|-weather|SunnyDay|[upkeep]\n|-heal|p2b: Gholdengo|28\/100|[from] item: Leftovers\n|upkeep\n|\n|t:|1701081383\n|switch|p1b: Ursaluna|Ursaluna, L50, M|95\/100 brn\n|turn|7\n|\n|t:|1701081390\n|move|p2b: Gholdengo|Protect|p2b: Gholdengo\n|-singleturn|p2b: Gholdengo|Protect\n|move|p1b: Ursaluna|Facade|p2b: Gholdengo\n|-activate|p2b: Gholdengo|move: Protect\n|move|p1a: Torkoal|Eruption|p2b: Gholdengo\n|-activate|p2b: Gholdengo|move: Protect\n|\n|-weather|SunnyDay|[upkeep]\n|-heal|p2b: Gholdengo|34\/100|[from] item: Leftovers\n|-damage|p1b: Ursaluna|89\/100 brn|[from] brn\n|upkeep\n|turn|8\n|\n|t:|1701081406\n|move|p2b: Gholdengo|Make It Rain|p1a: Torkoal|[spread] p1a,p1b\n|-resisted|p1a: Torkoal\n|-damage|p1a: Torkoal|75\/100\n|-damage|p1b: Ursaluna|51\/100 brn\n|-unboost|p2b: Gholdengo|spa|1\n|move|p1b: Ursaluna|Facade|p2b: Gholdengo\n|-damage|p2b: Gholdengo|0 fnt\n|faint|p2b: Gholdengo\n|\n|win|vivamaxben10inches\n|raw|vivamaxben10inches's rating: 1386 &rarr; <strong>1406<\/strong><br \/>(+20 for winning)\n|raw|CjkB's rating: 1387 &rarr; <strong>1367<\/strong><br \/>(-20 for losing)\n|l|\u2606CjkB\n","uploadtime":1701081419,"views":4,"p1id":"vivamaxben10inches","p2id":"cjkb","formatid":"gen9vgc2023regulatione","rating":1367,"private":0,"password":""}