{"id":"gen9vgc2023regulatione-1993017086","p1":"TrainerDylan24","p2":"Serpen_Triss","format":"[Gen 9] VGC 2023 Regulation E","log":"|j|\u2606TrainerDylan24\n|j|\u2606Serpen_Triss\n|t:|1700255849\n|gametype|doubles\n|player|p1|TrainerDylan24|swimmerf|1147\n|player|p2|Serpen_Triss|hilda-wonderlauncher|1189\n|teamsize|p1|6\n|teamsize|p2|6\n|gen|9\n|tier|[Gen 9] VGC 2023 Regulation E\n|rated|\n|rule|Species Clause: Limit one of each Pok\u00e9mon\n|rule|Item Clause: Limit one of each item\n|clearpoke\n|poke|p1|Politoed, L50, F|\n|poke|p1|Kilowattrel, L50, M|\n|poke|p1|Iron Bundle, L50|\n|poke|p1|Maushold-Four, L50|\n|poke|p1|Rillaboom, L50, F|\n|poke|p1|Forretress, L50, M|\n|poke|p2|Flutter Mane, L50|\n|poke|p2|Sneasler, L50, F|\n|poke|p2|Chien-Pao, L50|\n|poke|p2|Arcanine-Hisui, L50, F|\n|poke|p2|Goodra, L50, F|\n|poke|p2|Murkrow, L50, M|\n|teampreview|4\nSerpen_Triss has agreed to open team sheets.\n|\n|t:|1700255889\n|start\n|switch|p1a: Forretress|Forretress, L50, M|100\/100\n|switch|p1b: Iron Bundle|Iron Bundle, L50|100\/100\n|switch|p2a: Sneasler|Sneasler, L50, F|100\/100\n|switch|p2b: Chien-Pao|Chien-Pao, L50|100\/100\n|-ability|p2b: Chien-Pao|Sword of Ruin\n|-enditem|p1b: Iron Bundle|Booster Energy\n|-activate|p1b: Iron Bundle|ability: Quark Drive|[fromitem]\n|-start|p1b: Iron Bundle|quarkdrivespe\n|turn|1\n|\n|t:|1700255902\n|move|p1b: Iron Bundle|Protect|p1b: Iron Bundle\n|-singleturn|p1b: Iron Bundle|Protect\n|move|p2a: Sneasler|Fake Out|p1b: Iron Bundle\n|-activate|p1b: Iron Bundle|move: Protect\n|move|p2b: Chien-Pao|Sacred Sword|p1a: Forretress\n|-damage|p1a: Forretress|69\/100\n|move|p1a: Forretress|Iron Defense|p1a: Forretress\n|-boost|p1a: Forretress|def|2\n|\n|-heal|p1a: Forretress|75\/100|[from] item: Leftovers\n|upkeep\n|turn|2\n|\n|t:|1700255924\n|move|p2b: Chien-Pao|Sucker Punch|p1b: Iron Bundle\n|-damage|p1b: Iron Bundle|41\/100\n|move|p1b: Iron Bundle|Freeze-Dry|p2a: Sneasler\n|-damage|p2a: Sneasler|51\/100\n|move|p2a: Sneasler|Close Combat|p1b: Iron Bundle\n|-supereffective|p1b: Iron Bundle\n|-damage|p1b: Iron Bundle|0 fnt\n|-unboost|p2a: Sneasler|def|1\n|-unboost|p2a: Sneasler|spd|1\n|-enditem|p2a: Sneasler|White Herb\n|-clearnegativeboost|p2a: Sneasler|[silent]\n|faint|p1b: Iron Bundle\n|-end|p1b: Iron Bundle|Quark Drive|[silent]\n|move|p1a: Forretress|Body Press|p2b: Chien-Pao\n|-supereffective|p2b: Chien-Pao\n|-enditem|p2b: Chien-Pao|Focus Sash\n|-damage|p2b: Chien-Pao|1\/100\n|\n|-heal|p1a: Forretress|81\/100|[from] item: Leftovers\n|upkeep\n|\n|t:|1700255934\n|switch|p1b: Rillaboom|Rillaboom, L50, F|100\/100\n|-fieldstart|move: Grassy Terrain|[from] ability: Grassy Surge|[of] p1b: Rillaboom\n|turn|3\n|\n|t:|1700255946\n|move|p2b: Chien-Pao|Protect|p2b: Chien-Pao\n|-singleturn|p2b: Chien-Pao|Protect\n|move|p1b: Rillaboom|Fake Out|p2b: Chien-Pao\n|-activate|p2b: Chien-Pao|move: Protect\n|move|p2a: Sneasler|Dire Claw|p1b: Rillaboom\n|-supereffective|p1b: Rillaboom\n|-damage|p1b: Rillaboom|0 fnt\n|faint|p1b: Rillaboom\n|move|p1a: Forretress|Body Press|p2a: Sneasler\n|-resisted|p2a: Sneasler\n|-damage|p2a: Sneasler|0 fnt\n|faint|p2a: Sneasler\n|\n|-heal|p2b: Chien-Pao|7\/100|[from] Grassy Terrain\n|-heal|p1a: Forretress|87\/100|[from] Grassy Terrain\n|-heal|p1a: Forretress|93\/100|[from] item: Leftovers\n|upkeep\n|\n|t:|1700255964\n|switch|p2a: Murkrow|Murkrow, L50, M|100\/100\n|switch|p1b: Politoed|Politoed, L50, F|100\/100\n|-weather|RainDance|[from] ability: Drizzle|[of] p1b: Politoed\n|turn|4\n|\n|t:|1700255984\n|move|p2b: Chien-Pao|Sucker Punch|p1b: Politoed\n|-damage|p1b: Politoed|48\/100\n|move|p2a: Murkrow|Feather Dance|p1a: Forretress\n|-unboost|p1a: Forretress|atk|2\n|move|p1b: Politoed|Icy Wind|p2b: Chien-Pao|[spread] p2a,p2b\n|-supereffective|p2a: Murkrow\n|-resisted|p2b: Chien-Pao\n|-damage|p2a: Murkrow|60\/100\n|-damage|p2b: Chien-Pao|0 fnt\n|-unboost|p2a: Murkrow|spe|1\n|faint|p2b: Chien-Pao\n|-damage|p1b: Politoed|38\/100|[from] item: Life Orb\n|move|p1a: Forretress|Iron Defense|p1a: Forretress\n|-boost|p1a: Forretress|def|2\n|\n|-weather|RainDance|[upkeep]\n|-heal|p1b: Politoed|44\/100|[from] Grassy Terrain\n|-heal|p1a: Forretress|99\/100|[from] Grassy Terrain\n|-heal|p1a: Forretress|100\/100|[from] item: Leftovers\n|upkeep\n|\n|t:|1700256000\n|switch|p2b: Goodra|Goodra, L50, F|100\/100\n|turn|5\n|\n|t:|1700256014\n|-terastallize|p1a: Forretress|Fighting\n|move|p2a: Murkrow|Tailwind|p2a: Murkrow\n|-sidestart|p2: Serpen_Triss|move: Tailwind\n|move|p2b: Goodra|Thunderbolt|p1b: Politoed\n|-supereffective|p1b: Politoed\n|-damage|p1b: Politoed|0 fnt\n|faint|p1b: Politoed\n|move|p1a: Forretress|Body Press|p2b: Goodra\n|-damage|p2b: Goodra|0 fnt\n|faint|p2b: Goodra\n|\n|-weather|RainDance|[upkeep]\n|upkeep\n|turn|6\n|\n|t:|1700256030\n|move|p2a: Murkrow|Foul Play|p1a: Forretress\n|-resisted|p1a: Forretress\n|-damage|p1a: Forretress|99\/100\n|move|p1a: Forretress|Body Press|p2a: Murkrow\n|-damage|p2a: Murkrow|0 fnt\n|faint|p2a: Murkrow\n|\n|win|TrainerDylan24\n|raw|TrainerDylan24's rating: 1147 &rarr; <strong>1175<\/strong><br \/>(+28 for winning)\n|raw|Serpen_Triss's rating: 1189 &rarr; <strong>1161<\/strong><br \/>(-28 for losing)\n|l|\u2606Serpen_Triss\n","uploadtime":1700256040,"views":9,"p1id":"trainerdylan24","p2id":"serpentriss","formatid":"gen9vgc2023regulatione","rating":1161,"private":0,"password":""}