{"id":"gen9vgc2023regulatione-1991978392","p1":"BeckerVGC","p2":"SOM1991","format":"[Gen 9] VGC 2023 Regulation E","log":"|j|\u2606BeckerVGC\n|j|\u2606SOM1991\n|t:|1700144531\n|gametype|doubles\n|player|p1|BeckerVGC|hiker-gen4|1218\n|player|p2|SOM1991|acetrainer-gen4dp|1140\n|teamsize|p1|6\n|teamsize|p2|6\n|gen|9\n|tier|[Gen 9] VGC 2023 Regulation E\n|rated|\n|rule|Species Clause: Limit one of each Pok\u00e9mon\n|rule|Item Clause: Limit one of each item\n|clearpoke\n|poke|p1|Urshifu-*, L50, M|\n|poke|p1|Iron Hands, L50|\n|poke|p1|Heatran, L50, M|\n|poke|p1|Flutter Mane, L50|\n|poke|p1|Tornadus, L50, M|\n|poke|p1|Amoonguss, L50, F|\n|poke|p2|Farigiraf, L50, F|\n|poke|p2|Urshifu-*, L50, M|\n|poke|p2|Tornadus, L50, M|\n|poke|p2|Pawmot, L50, M|\n|poke|p2|Landorus-Therian, L50, M|\n|poke|p2|Flutter Mane, L50|\n|teampreview|4\n|inactive|Battle timer is ON: inactive players will automatically lose when time's up. (requested by SOM1991)\n|\n|t:|1700144554\n|start\n|switch|p1a: Tornadus|Tornadus, L50, M|100\/100\n|switch|p1b: Urshifu|Urshifu, L50, M|100\/100\n|switch|p2a: Urshifu|Urshifu-Rapid-Strike, L50, M|100\/100\n|switch|p2b: Tornadus|Tornadus, L50, M|100\/100\n|turn|1\n|inactive|BeckerVGC has 30 seconds left.\n|\n|t:|1700144585\n|move|p2a: Urshifu|Detect|p2a: Urshifu\n|-singleturn|p2a: Urshifu|Protect\n|move|p1a: Tornadus|Sunny Day|p1a: Tornadus\n|-weather|SunnyDay\n|move|p1b: Urshifu|Wicked Blow|p2a: Urshifu\n|-resisted|p2a: Urshifu\n|-crit|p2a: Urshifu\n|-damage|p2a: Urshifu|51\/100\n|move|p2b: Tornadus|Bleakwind Storm|p1b: Urshifu|[spread] p1a\n|-miss|p2b: Tornadus|p1b: Urshifu\n|-damage|p1a: Tornadus|68\/100\n|\n|-weather|SunnyDay|[upkeep]\n|upkeep\n|turn|2\n|\n|t:|1700144605\n|-terastallize|p1b: Urshifu|Poison\n|move|p2b: Tornadus|Rain Dance|p2b: Tornadus\n|-weather|RainDance\n|move|p2a: Urshifu|Surging Strikes|p1b: Urshifu\n|-crit|p1b: Urshifu\n|-damage|p1b: Urshifu|72\/100\n|-crit|p1b: Urshifu\n|-damage|p1b: Urshifu|44\/100\n|-crit|p1b: Urshifu\n|-damage|p1b: Urshifu|12\/100\n|-hitcount|p1b: Urshifu|3\n|move|p1a: Tornadus|Bleakwind Storm|p2b: Tornadus|[spread] p2a,p2b\n|-supereffective|p2a: Urshifu\n|-damage|p2a: Urshifu|0 fnt\n|-damage|p2b: Tornadus|73\/100\n|faint|p2a: Urshifu\n|move|p1b: Urshifu|Wicked Blow|p2b: Tornadus\n|-crit|p2b: Tornadus\n|-damage|p2b: Tornadus|0 fnt\n|faint|p2b: Tornadus\n|\n|-weather|RainDance|[upkeep]\n|upkeep\n|\n|t:|1700144614\n|switch|p2a: Flutter Mane|Flutter Mane, L50|100\/100\n|switch|p2b: Farigiraf|Farigiraf, L50, F|100\/100\n|-enditem|p2a: Flutter Mane|Booster Energy\n|-activate|p2a: Flutter Mane|ability: Protosynthesis|[fromitem]\n|-start|p2a: Flutter Mane|protosynthesisspe\n|turn|3\n|inactive|BeckerVGC has 30 seconds left.\n|\n|t:|1700144646\n|move|p2b: Farigiraf|Ally Switch|p2b: Farigiraf\n|swap|p2b: Farigiraf|0|[from] move: Ally Switch\n|move|p1a: Tornadus|Tailwind|p1a: Tornadus\n|-sidestart|p1: BeckerVGC|move: Tailwind\n|move|p2b: Flutter Mane|Dazzling Gleam|p1b: Urshifu|[spread] p1a,p1b\n|-resisted|p1b: Urshifu\n|-damage|p1a: Tornadus|28\/100\n|-damage|p1b: Urshifu|0 fnt\n|faint|p1b: Urshifu\n|\n|-weather|RainDance|[upkeep]\n|upkeep\n|\n|t:|1700144655\n|switch|p1b: Flutter Mane|Flutter Mane, L50|100\/100\n|-enditem|p1b: Flutter Mane|Booster Energy\n|-activate|p1b: Flutter Mane|ability: Protosynthesis|[fromitem]\n|-start|p1b: Flutter Mane|protosynthesisspa\n|turn|4\n|\n|t:|1700144670\n|move|p2b: Flutter Mane|Protect|p2b: Flutter Mane\n|-singleturn|p2b: Flutter Mane|Protect\n|move|p1b: Flutter Mane|Moonblast|p2a: Farigiraf\n|-damage|p2a: Farigiraf|26\/100\n|move|p1a: Tornadus|Bleakwind Storm|p2a: Farigiraf|[spread] p2a\n|-activate|p2b: Flutter Mane|move: Protect\n|-damage|p2a: Farigiraf|0 fnt\n|faint|p2a: Farigiraf\n|\n|-weather|RainDance|[upkeep]\n|upkeep\n|turn|5\n|\n|t:|1700144684\n|-terastallize|p2b: Flutter Mane|Fire\n|move|p1b: Flutter Mane|Shadow Ball|p2b: Flutter Mane\n|-damage|p2b: Flutter Mane|35\/100\n|move|p2b: Flutter Mane|Dazzling Gleam|p1b: Flutter Mane|[spread] p1a,p1b\n|-damage|p1a: Tornadus|0 fnt\n|-damage|p1b: Flutter Mane|69\/100\n|faint|p1a: Tornadus\n|\n|-weather|RainDance|[upkeep]\n|upkeep\n|\n|t:|1700144693\n|switch|p1a: Iron Hands|Iron Hands, L50|100\/100\n|turn|6\n|\n|t:|1700144704\n|move|p1b: Flutter Mane|Shadow Ball|p2b: Flutter Mane\n|-damage|p2b: Flutter Mane|0 fnt\n|faint|p2b: Flutter Mane\n|-end|p2b: Flutter Mane|Protosynthesis|[silent]\n|\n|win|BeckerVGC\n|raw|BeckerVGC's rating: 1218 &rarr; <strong>1237<\/strong><br \/>(+19 for winning)\n|raw|SOM1991's rating: 1140 &rarr; <strong>1121<\/strong><br \/>(-19 for losing)\n|l|\u2606SOM1991\n","uploadtime":1700144710,"views":26,"p1id":"beckervgc","p2id":"som1991","formatid":"gen9vgc2023regulatione","rating":1121,"private":0,"password":""}