{"id":"gen9vgc2023regulatione-1995691260","p1":"pepito135","p2":"Foolafetti","format":"[Gen 9] VGC 2023 Regulation E","log":"|j|\u2606pepito135\n|j|\u2606Foolafetti\n|t:|1700594333\n|gametype|doubles\n|player|p1|pepito135|266|1111\n|player|p2|Foolafetti|266|1057\n|teamsize|p1|6\n|teamsize|p2|6\n|gen|9\n|tier|[Gen 9] VGC 2023 Regulation E\n|rated|\n|rule|Species Clause: Limit one of each Pok\u00e9mon\n|rule|Item Clause: Limit one of each item\n|clearpoke\n|poke|p1|Iron Treads, L50|\n|poke|p1|Baxcalibur, L50, M|\n|poke|p1|Arcanine-Hisui, L50, M|\n|poke|p1|Brambleghast, L50, M|\n|poke|p1|Zapdos, L50|\n|poke|p1|Annihilape, L50, M|\n|poke|p2|Gholdengo, L50|\n|poke|p2|Iron Hands, L50|\n|poke|p2|Pincurchin, L50, M|\n|poke|p2|Pelipper, L50, M|\n|poke|p2|Sneasler, L50, F|\n|poke|p2|Sinistcha, L50|\n|teampreview|4\n|inactive|Battle timer is ON: inactive players will automatically lose when time's up. (requested by Foolafetti)\n|\n|t:|1700594381\n|start\n|switch|p1a: Iron Treads|Iron Treads, L50|100\/100\n|switch|p1b: Zapdos|Zapdos, L50|100\/100\n|switch|p2a: Gholdengo|Gholdengo, L50|100\/100\n|switch|p2b: Iron Hands|Iron Hands, L50|100\/100\n|turn|1\n|\n|t:|1700594395\n|switch|p2a: Pelipper|Pelipper, L50, M|100\/100\n|-weather|RainDance|[from] ability: Drizzle|[of] p2a: Pelipper\n|move|p1a: Iron Treads|Protect|p1a: Iron Treads\n|-singleturn|p1a: Iron Treads|Protect\n|move|p1b: Zapdos|Protect|p1b: Zapdos\n|-singleturn|p1b: Zapdos|Protect\n|move|p2b: Iron Hands|Fake Out|p1a: Iron Treads\n|-activate|p1a: Iron Treads|move: Protect\n|\n|-weather|RainDance|[upkeep]\n|upkeep\n|turn|2\n|inactive|pepito135 has 30 seconds left.\n|\n|t:|1700594428\n|-terastallize|p1a: Iron Treads|Dragon\n|move|p1a: Iron Treads|Rock Slide|p2a: Pelipper|[spread] p2a,p2b\n|-supereffective|p2a: Pelipper\n|-resisted|p2b: Iron Hands\n|-damage|p2a: Pelipper|51\/100\n|-damage|p2b: Iron Hands|94\/100\n|move|p1b: Zapdos|Thunderbolt|p2a: Pelipper\n|-supereffective|p2a: Pelipper\n|-damage|p2a: Pelipper|0 fnt\n|faint|p2a: Pelipper\n|cant|p2b: Iron Hands|flinch\n|\n|-weather|RainDance|[upkeep]\n|upkeep\n|\n|t:|1700594446\n|switch|p2a: Sinistcha|Sinistcha, L50|100\/100\n|-heal|p2b: Iron Hands|100\/100|[from] ability: Hospitality|[of] p2a: Sinistcha\n|turn|3\n|\n|t:|1700594456\n|move|p1a: Iron Treads|High Horsepower|p2b: Iron Hands\n|-supereffective|p2b: Iron Hands\n|-damage|p2b: Iron Hands|20\/100\n|move|p1b: Zapdos|Air Cutter|p2a: Sinistcha|[spread] p2a,p2b\n|-supereffective|p2a: Sinistcha\n|-crit|p2b: Iron Hands\n|-damage|p2a: Sinistcha|63\/100\n|-damage|p2b: Iron Hands|0 fnt\n|faint|p2b: Iron Hands\n|-end|p2b: Iron Hands|Quark Drive|[silent]\n|move|p2a: Sinistcha|Iron Defense|p2a: Sinistcha\n|-boost|p2a: Sinistcha|def|2\n|\n|-weather|RainDance|[upkeep]\n|upkeep\n|\n|t:|1700594465\n|switch|p2b: Gholdengo|Gholdengo, L50|100\/100\n|turn|4\n|\n|t:|1700594476\n|move|p1a: Iron Treads|High Horsepower|p2b: Gholdengo\n|-supereffective|p2b: Gholdengo\n|-damage|p2b: Gholdengo|0 fnt\n|faint|p2b: Gholdengo\n|move|p1b: Zapdos|Air Cutter|p2a: Sinistcha\n|-supereffective|p2a: Sinistcha\n|-damage|p2a: Sinistcha|13\/100\n|move|p2a: Sinistcha|Matcha Gotcha|p1a: Iron Treads|[spread] p1a,p1b\n|-resisted|p1a: Iron Treads\n|-resisted|p1b: Zapdos\n|-damage|p1a: Iron Treads|85\/100\n|-heal|p2a: Sinistcha|20\/100|[from] drain|[of] p1a: Iron Treads\n|-damage|p1b: Zapdos|88\/100\n|-heal|p2a: Sinistcha|27\/100|[from] drain|[of] p1b: Zapdos\n|\n|-weather|RainDance|[upkeep]\n|upkeep\n|turn|5\n|-message|Foolafetti forfeited.\n|\n|win|pepito135\n|raw|pepito135's rating: 1111 &rarr; <strong>1132<\/strong><br \/>(+21 for winning)\n|raw|Foolafetti's rating: 1057 &rarr; <strong>1041<\/strong><br \/>(-16 for losing)\n|l|\u2606Foolafetti\n","uploadtime":1700594547,"views":1,"p1id":"pepito135","p2id":"foolafetti","formatid":"gen9vgc2023regulatione","rating":1041,"private":0,"password":""}