{"id":"gen9vgc2023regulatione-2000511705","p1":"Guakamou","p2":"AndrewsWho","format":"[Gen 9] VGC 2023 Regulation E","log":"|j|\u2606Guakamou\n|j|\u2606AndrewsWho\n|n|\u2606Guakamou|guakamou\n|n|\u2606AndrewsWho|andrewswho\n|html|View the match progress at <a href=\"\/game-bestof3-gen9vgc2023regulatione-2000511704\">game-bestof3-gen9vgc2023regulatione-2000511704<\/a>\n|t:|1701200986\n|gametype|doubles\n|player|p1|Guakamou|palmer|\n|player|p2|AndrewsWho|lucas|\n|teamsize|p1|6\n|teamsize|p2|6\n|gen|9\n|tier|[Gen 9] VGC 2023 Regulation E\n|rule|Species Clause: Limit one of each Pok\u00e9mon\n|rule|Item Clause: Limit one of each item\n|clearpoke\n|poke|p1|Heatran, L50, F|\n|poke|p1|Landorus-Therian, L50, M|\n|poke|p1|Iron Hands, L50|\n|poke|p1|Iron Bundle, L50|\n|poke|p1|Rillaboom, L50, M|\n|poke|p1|Ogerpon-Hearthflame, L50, F|\n|poke|p2|Arcanine-Hisui, L50, M|\n|poke|p2|Urshifu-*, L50, F|\n|poke|p2|Tornadus, L50, M|\n|poke|p2|Gholdengo, L50|\n|poke|p2|Iron Hands, L50|\n|poke|p2|Amoonguss, L50, M|\n|teampreview|4\nAndrewsWho has agreed to open team sheets.\nGuakamou has agreed to open team sheets.\n|showteam|p1|Heatran||LifeOrb|FlashFire|HeatWave,EarthPower,FlashCannon,Protect|||F|||50|,,,,,Fairy]Landorus-Therian||ChoiceScarf|Intimidate|TeraBlast,Uturn,RockSlide,StompingTantrum|||M|||50|,,,,,Flying]Iron Hands||AssaultVest|QuarkDrive|FakeOut,WildCharge,DrainPunch,HeavySlam||||||50|,,,,,Water]Iron Bundle||BoosterEnergy|QuarkDrive|IcyWind,Encore,FreezeDry,Protect||||||50|,,,,,Ghost]Rillaboom||MiracleSeed|GrassySurge|FakeOut,WoodHammer,Uturn,GrassyGlide|||M|||50|,,,,,Grass]Ogerpon-Hearthflame||HearthflameMask|MoldBreaker|IvyCudgel,GrassyGlide,SwordsDance,SpikyShield|||F|||50|,,,,,Fire\n|showteam|p2|Arcanine-Hisui||ChoiceBand|Intimidate|RockSlide,FlareBlitz,ExtremeSpeed,HeadSmash|||M|||50|,,,,,Fairy]Urshifu-Rapid-Strike||MysticWater|UnseenFist|SurgingStrikes,AquaJet,CloseCombat,Detect|||F|||50|,,,,,Water]Tornadus||RockyHelmet|Prankster|BleakwindStorm,Tailwind,RainDance,Protect|||M|||50|,,,,,Steel]Gholdengo||KasibBerry|GoodasGold|MakeItRain,ShadowBall,Protect,NastyPlot||||||50|,,,,,Dragon]Iron Hands||AssaultVest|QuarkDrive|WildCharge,DrainPunch,VoltSwitch,FakeOut||||||50|,,,,,Water]Amoonguss||SitrusBerry|Regenerator|PollenPuff,Spore,RagePowder,Protect|||M|||50|,,,,,Water\n|c|\u2606AndrewsWho|glhf!\n|c|\u2606Guakamou|u too !\n|\n|t:|1701201031\n|start\n|switch|p1a: Ogerpon|Ogerpon-Hearthflame, L50, F|100\/100\n|switch|p1b: Iron Hands|Iron Hands, L50|100\/100\n|switch|p2a: Gholdengo|Gholdengo, L50|100\/100\n|switch|p2b: Iron Hands|Iron Hands, L50|100\/100\n|-ability|p1a: Ogerpon|Mold Breaker\n|turn|1\n|\n|t:|1701201044\n|-terastallize|p2a: Gholdengo|Dragon\n|move|p1b: Iron Hands|Fake Out|p2b: Iron Hands\n|-damage|p2b: Iron Hands|90\/100\n|cant|p2b: Iron Hands|flinch\n|move|p2a: Gholdengo|Nasty Plot|p2a: Gholdengo\n|-boost|p2a: Gholdengo|spa|2\n|move|p1a: Ogerpon|Swords Dance|p1a: Ogerpon\n|-boost|p1a: Ogerpon|atk|2\n|\n|upkeep\n|turn|2\n|\n|t:|1701201067\n|-end|p1b: Iron Hands|Quark Drive|[silent]\n|switch|p1b: Rillaboom|Rillaboom, L50, M|100\/100\n|-fieldstart|move: Grassy Terrain|[from] ability: Grassy Surge|[of] p1b: Rillaboom\n|-terastallize|p1a: Ogerpon|Fire\n|detailschange|p1a: Ogerpon|Ogerpon-Hearthflame-Tera, L50, F, tera:Fire\n|-ability|p1a: Ogerpon|Embody Aspect (Hearthflame)|boost\n|-boost|p1a: Ogerpon|atk|1\n|move|p2a: Gholdengo|Protect|p2a: Gholdengo\n|-singleturn|p2a: Gholdengo|Protect\n|move|p1a: Ogerpon|Ivy Cudgel|p2a: Gholdengo|[anim] Ivy Cudgel Fire\n|-activate|p2a: Gholdengo|move: Protect\n|move|p2b: Iron Hands|Drain Punch|p1a: Ogerpon\n|-damage|p1a: Ogerpon|59\/100\n|-heal|p2b: Iron Hands|100\/100|[from] drain|[of] p1a: Ogerpon\n|\n|-heal|p1a: Ogerpon|65\/100|[from] Grassy Terrain\n|upkeep\n|turn|3\n|\n|t:|1701201101\n|-end|p2b: Iron Hands|Quark Drive|[silent]\n|switch|p2b: Arcanine|Arcanine-Hisui, L50, M|100\/100\n|-ability|p2b: Arcanine|Intimidate|boost\n|-unboost|p1a: Ogerpon|atk|1\n|-unboost|p1b: Rillaboom|atk|1\n|move|p1b: Rillaboom|Fake Out|p2a: Gholdengo\n|-damage|p2a: Gholdengo|89\/100\n|cant|p2a: Gholdengo|flinch\n|move|p1a: Ogerpon|Ivy Cudgel|p2a: Gholdengo|[anim] Ivy Cudgel Fire\n|-resisted|p2a: Gholdengo\n|-damage|p2a: Gholdengo|4\/100\n|\n|-heal|p2a: Gholdengo|10\/100|[from] Grassy Terrain\n|-heal|p1a: Ogerpon|71\/100|[from] Grassy Terrain\n|upkeep\n|turn|4\n|\n|t:|1701201130\n|switch|p2b: Iron Hands|Iron Hands, L50|100\/100\n|move|p2a: Gholdengo|Protect|p2a: Gholdengo\n|-singleturn|p2a: Gholdengo|Protect\n|move|p1a: Ogerpon|Spiky Shield|p1a: Ogerpon\n|-singleturn|p1a: Ogerpon|move: Protect\n|move|p1b: Rillaboom|Grassy Glide|p2b: Iron Hands\n|-crit|p2b: Iron Hands\n|-damage|p2b: Iron Hands|56\/100\n|\n|-heal|p2a: Gholdengo|16\/100|[from] Grassy Terrain\n|-heal|p1a: Ogerpon|76\/100|[from] Grassy Terrain\n|-heal|p2b: Iron Hands|62\/100|[from] Grassy Terrain\n|upkeep\n|turn|5\n|\n|t:|1701201145\n|move|p2b: Iron Hands|Fake Out|p1b: Rillaboom\n|-damage|p1b: Rillaboom|86\/100\n|move|p1a: Ogerpon|Grassy Glide|p2a: Gholdengo\n|-resisted|p2a: Gholdengo\n|-damage|p2a: Gholdengo|0 fnt\n|faint|p2a: Gholdengo\n|cant|p1b: Rillaboom|flinch\n|\n|-heal|p1a: Ogerpon|82\/100|[from] Grassy Terrain\n|-heal|p1b: Rillaboom|92\/100|[from] Grassy Terrain\n|-heal|p2b: Iron Hands|68\/100|[from] Grassy Terrain\n|upkeep\n|\n|t:|1701201151\n|switch|p2a: Arcanine|Arcanine-Hisui, L50, M|100\/100\n|-ability|p2a: Arcanine|Intimidate|boost\n|-unboost|p1a: Ogerpon|atk|1\n|-unboost|p1b: Rillaboom|atk|1\n|turn|6\n|\n|t:|1701201162\n|switch|p1b: Iron Hands|Iron Hands, L50|100\/100\n|move|p1a: Ogerpon|Spiky Shield|p1a: Ogerpon\n|-singleturn|p1a: Ogerpon|move: Protect\n|move|p2a: Arcanine|Rock Slide|p1b: Iron Hands|[spread] p1b\n|-activate|p1a: Ogerpon|move: Protect\n|-resisted|p1b: Iron Hands\n|-damage|p1b: Iron Hands|86\/100\n|move|p2b: Iron Hands|Drain Punch|p1b: Iron Hands\n|-damage|p1b: Iron Hands|58\/100\n|-heal|p2b: Iron Hands|82\/100|[from] drain|[of] p1b: Iron Hands\n|\n|-heal|p1a: Ogerpon|88\/100|[from] Grassy Terrain\n|-heal|p1b: Iron Hands|64\/100|[from] Grassy Terrain\n|-heal|p2b: Iron Hands|88\/100|[from] Grassy Terrain\n|-fieldend|move: Grassy Terrain\n|upkeep\n|turn|7\n|\n|t:|1701201178\n|switch|p2a: Tornadus|Tornadus, L50, M|100\/100\n|move|p1b: Iron Hands|Fake Out|p2a: Tornadus\n|-damage|p2a: Tornadus|86\/100\n|-damage|p1b: Iron Hands|47\/100|[from] item: Rocky Helmet|[of] p2a: Tornadus\n|move|p1a: Ogerpon|Ivy Cudgel|p2b: Iron Hands|[anim] Ivy Cudgel Fire\n|-damage|p2b: Iron Hands|5\/100\n|move|p2b: Iron Hands|Drain Punch|p1a: Ogerpon\n|-damage|p1a: Ogerpon|44\/100\n|-heal|p2b: Iron Hands|22\/100|[from] drain|[of] p1a: Ogerpon\n|\n|upkeep\n|turn|8\n|\n|t:|1701201217\n|move|p2a: Tornadus|Tailwind|p2a: Tornadus\n|-sidestart|p2: AndrewsWho|move: Tailwind\n|move|p1a: Ogerpon|Grassy Glide|p2b: Iron Hands\n|-damage|p2b: Iron Hands|0 fnt\n|faint|p2b: Iron Hands\n|-end|p2b: Iron Hands|Quark Drive|[silent]\n|move|p1b: Iron Hands|Drain Punch|p2a: Tornadus\n|-resisted|p2a: Tornadus\n|-damage|p2a: Tornadus|67\/100\n|-heal|p1b: Iron Hands|55\/100|[from] drain|[of] p2a: Tornadus\n|-damage|p1b: Iron Hands|38\/100|[from] item: Rocky Helmet|[of] p2a: Tornadus\n|\n|upkeep\n|\n|t:|1701201224\n|switch|p2b: Arcanine|Arcanine-Hisui, L50, M|100\/100\n|-ability|p2b: Arcanine|Intimidate|boost\n|-unboost|p1a: Ogerpon|atk|1\n|-unboost|p1b: Iron Hands|atk|1\n|turn|9\n|\n|t:|1701201242\n|switch|p1a: Rillaboom|Rillaboom, L50, M|92\/100\n|-fieldstart|move: Grassy Terrain|[from] ability: Grassy Surge|[of] p1a: Rillaboom\n|-end|p1b: Iron Hands|Quark Drive|[silent]\n|switch|p1b: Iron Bundle|Iron Bundle, L50|100\/100\n|-enditem|p1b: Iron Bundle|Booster Energy\n|-activate|p1b: Iron Bundle|ability: Quark Drive|[fromitem]\n|-start|p1b: Iron Bundle|quarkdrivespe\n|move|p2b: Arcanine|Rock Slide|p1a: Rillaboom|[spread] p1a,p1b\n|-supereffective|p1b: Iron Bundle\n|-damage|p1a: Rillaboom|54\/100\n|-damage|p1b: Iron Bundle|23\/100\n|move|p2a: Tornadus|Bleakwind Storm|p1a: Rillaboom|[spread] p1a,p1b\n|-supereffective|p1a: Rillaboom\n|-crit|p1a: Rillaboom\n|-damage|p1a: Rillaboom|0 fnt\n|-damage|p1b: Iron Bundle|0 fnt\n|faint|p1a: Rillaboom\n|faint|p1b: Iron Bundle\n|-end|p1b: Iron Bundle|Quark Drive|[silent]\n|\n|upkeep\n|\n|t:|1701201245\n|switch|p1b: Ogerpon|Ogerpon-Hearthflame-Tera, L50, F, tera:Fire|44\/100\n|switch|p1a: Iron Hands|Iron Hands, L50|38\/100\n|-ability|p1b: Ogerpon|Embody Aspect (Hearthflame)|boost\n|-boost|p1b: Ogerpon|atk|1\n|turn|10\n|\n|t:|1701201265\n|move|p1a: Iron Hands|Fake Out|p2b: Arcanine\n|-resisted|p2b: Arcanine\n|-damage|p2b: Arcanine|92\/100\n|move|p1b: Ogerpon|Grassy Glide|p2b: Arcanine\n|-damage|p2b: Arcanine|15\/100\n|cant|p2b: Arcanine|flinch\n|move|p2a: Tornadus|Bleakwind Storm|p1b: Ogerpon|[spread] p1a,p1b\n|-damage|p1a: Iron Hands|23\/100\n|-damage|p1b: Ogerpon|15\/100\n|\n|-heal|p2b: Arcanine|21\/100|[from] Grassy Terrain\n|-heal|p1b: Ogerpon|21\/100|[from] Grassy Terrain\n|-heal|p1a: Iron Hands|29\/100|[from] Grassy Terrain\n|upkeep\n|turn|11\n|\n|t:|1701201272\n|move|p1b: Ogerpon|Grassy Glide|p2b: Arcanine\n|-damage|p2b: Arcanine|0 fnt\n|faint|p2b: Arcanine\n|move|p2a: Tornadus|Bleakwind Storm|p1b: Ogerpon|[spread] p1a,p1b\n|-damage|p1a: Iron Hands|13\/100\n|-damage|p1b: Ogerpon|0 fnt\n|-unboost|p1a: Iron Hands|spe|1\n|faint|p1b: Ogerpon\n|move|p1a: Iron Hands|Wild Charge|p2a: Tornadus\n|-supereffective|p2a: Tornadus\n|-damage|p2a: Tornadus|0 fnt\n|-damage|p1a: Iron Hands|0 fnt|[from] item: Rocky Helmet|[of] p2a: Tornadus\n|faint|p2a: Tornadus\n|faint|p1a: Iron Hands\n|-end|p1a: Iron Hands|Quark Drive|[silent]\n|\n|win|Guakamou\n|c|&|\/uhtml prompt-andrewswho,AndrewsWho is ready for game 2!\n|inactive|Guakamou has 50 seconds to confirm battle start!\n|c|&|\/uhtml prompt-guakamou,Guakamou is ready for game 2!\nBoth players are ready! Starting next match!\n|l|\u2606AndrewsWho\n","uploadtime":1701202403,"views":1,"p1id":"guakamou","p2id":"andrewswho","formatid":"gen9vgc2023regulatione","rating":0,"private":0,"password":""}