{"id":"gen9vgc2023regulatione-1993544278","p1":"PrezzemoNite","p2":"LUMPECTOMY","format":"[Gen 9] VGC 2023 Regulation E","log":"|j|\u2606PrezzemoNite\n|j|\u2606LUMPECTOMY\n|t:|1700330063\n|gametype|doubles\n|player|p1|PrezzemoNite|170|1254\n|player|p2|LUMPECTOMY|n-masters|1329\n|teamsize|p1|6\n|teamsize|p2|6\n|gen|9\n|tier|[Gen 9] VGC 2023 Regulation E\n|rated|\n|rule|Species Clause: Limit one of each Pok\u00e9mon\n|rule|Item Clause: Limit one of each item\n|clearpoke\n|poke|p1|Iron Bundle, L50|\n|poke|p1|Iron Hands, L50|\n|poke|p1|Kingambit, L50, F|\n|poke|p1|Landorus-Therian, L50, M|\n|poke|p1|Ogerpon-Hearthflame, L50, F|\n|poke|p1|Sinistcha, L50|\n|poke|p2|Tornadus, L50, M|\n|poke|p2|Arcanine-Hisui, L50, M|\n|poke|p2|Iron Hands, L50|\n|poke|p2|Gholdengo, L50|\n|poke|p2|Urshifu-*, L50, M|\n|poke|p2|Ogerpon-Wellspring, L50, F|\n|teampreview|4\n|inactive|Battle timer is ON: inactive players will automatically lose when time's up. (requested by LUMPECTOMY)\n|inactive|PrezzemoNite has 60 seconds left.\n|inactive|PrezzemoNite has 30 seconds left.\n|inactive|PrezzemoNite has 20 seconds left.\n|inactive|PrezzemoNite has 15 seconds left.\n|\n|t:|1700330139\n|start\n|switch|p1a: Iron Bundle|Iron Bundle, L50|100\/100\n|switch|p1b: Landorus|Landorus-Therian, L50, M|100\/100\n|switch|p2a: Tornadus|Tornadus, L50, M|100\/100\n|switch|p2b: Urshifu|Urshifu-Rapid-Strike, L50, M|100\/100\n|-ability|p1b: Landorus|Intimidate|boost\n|-unboost|p2a: Tornadus|atk|1\n|-unboost|p2b: Urshifu|atk|1\n|-enditem|p1a: Iron Bundle|Booster Energy\n|-activate|p1a: Iron Bundle|ability: Quark Drive|[fromitem]\n|-start|p1a: Iron Bundle|quarkdrivespe\n|turn|1\n|inactive|PrezzemoNite has 30 seconds left.\n|inactive|LUMPECTOMY has 30 seconds left.\n|inactive|LUMPECTOMY has 20 seconds left.\n|\n|t:|1700330179\n|-terastallize|p1b: Landorus|Flying\n|move|p2a: Tornadus|Tailwind|p2a: Tornadus\n|-sidestart|p2: LUMPECTOMY|move: Tailwind\n|move|p2b: Urshifu|Close Combat|p1a: Iron Bundle\n|-supereffective|p1a: Iron Bundle\n|-damage|p1a: Iron Bundle|16\/100\n|-unboost|p2b: Urshifu|def|1\n|-unboost|p2b: Urshifu|spd|1\n|move|p1a: Iron Bundle|Freeze-Dry|p2b: Urshifu\n|-supereffective|p2b: Urshifu\n|-damage|p2b: Urshifu|0 fnt\n|faint|p2b: Urshifu\n|move|p1b: Landorus|Tera Blast|p2a: Tornadus|[anim] Tera Blast Flying\n|-damage|p2a: Tornadus|34\/100\n|\n|upkeep\n|\n|t:|1700330187\n|switch|p2b: Arcanine|Arcanine-Hisui, L50, M|100\/100\n|-ability|p2b: Arcanine|Intimidate|boost\n|-unboost|p1a: Iron Bundle|atk|1\n|-unboost|p1b: Landorus|atk|1\n|turn|2\n|inactive|PrezzemoNite has 30 seconds left.\n|\n|t:|1700330215\n|switch|p1b: Iron Hands|Iron Hands, L50|100\/100\n|move|p1a: Iron Bundle|Protect|p1a: Iron Bundle\n|-singleturn|p1a: Iron Bundle|Protect\n|move|p2a: Tornadus|Bleakwind Storm|p1b: Iron Hands|[spread] p1b\n|-activate|p1a: Iron Bundle|move: Protect\n|-damage|p1b: Iron Hands|85\/100\n|move|p2b: Arcanine|Rock Slide|p1a: Iron Bundle|[spread] p1b\n|-activate|p1a: Iron Bundle|move: Protect\n|-resisted|p1b: Iron Hands\n|-damage|p1b: Iron Hands|71\/100\n|\n|upkeep\n|turn|3\n|inactive|PrezzemoNite has 30 seconds left.\n|inactive|LUMPECTOMY has 30 seconds left.\n|\n|t:|1700330243\n|-end|p1a: Iron Bundle|Quark Drive|[silent]\n|switch|p1a: Sinistcha|Sinistcha, L50|100\/100\n|-heal|p1b: Iron Hands|96\/100|[from] ability: Hospitality|[of] p1a: Sinistcha\n|switch|p2b: Iron Hands|Iron Hands, L50|100\/100\n|move|p1b: Iron Hands|Fake Out|p2a: Tornadus\n|-damage|p2a: Tornadus|14\/100\n|move|p2a: Tornadus|Bleakwind Storm|p1a: Sinistcha|[spread] p1a,p1b\n|-supereffective|p1a: Sinistcha\n|-damage|p1a: Sinistcha|49\/100\n|-damage|p1b: Iron Hands|78\/100\n|-unboost|p1a: Sinistcha|spe|1\n|\n|upkeep\n|turn|4\n|inactive|PrezzemoNite has 30 seconds left.\n|inactive|PrezzemoNite has 20 seconds left.\n|\n|t:|1700330280\n|switch|p2a: Arcanine|Arcanine-Hisui, L50, M|100\/100\n|-ability|p2a: Arcanine|Intimidate|boost\n|-unboost|p1a: Sinistcha|atk|1\n|-unboost|p1b: Iron Hands|atk|1\n|switch|p1a: Landorus|Landorus-Therian, L50, M, tera:Flying|100\/100\n|-ability|p1a: Landorus|Intimidate|boost\n|-unboost|p2a: Arcanine|atk|1\n|-unboost|p2b: Iron Hands|atk|1\n|move|p2b: Iron Hands|Heavy Slam|p1a: Landorus\n|-damage|p1a: Landorus|68\/100\n|move|p1b: Iron Hands|Volt Switch|p2a: Arcanine\n|-damage|p2a: Arcanine|84\/100\n|\n|t:|1700330292\n|-end|p1b: Iron Hands|Quark Drive|[silent]\n|switch|p1b: Sinistcha|Sinistcha, L50|49\/100|[from] Volt Switch\n|-heal|p1a: Landorus|93\/100|[from] ability: Hospitality|[of] p1b: Sinistcha\n|\n|-sideend|p2: LUMPECTOMY|move: Tailwind\n|upkeep\n|turn|5\n|inactive|PrezzemoNite has 30 seconds left.\n|inactive|PrezzemoNite has 20 seconds left.\n|inactive|PrezzemoNite has 15 seconds left.\n|\n|t:|1700330336\n|switch|p2a: Tornadus|Tornadus, L50, M|14\/100\n|-terastallize|p2b: Iron Hands|Grass\n|move|p1a: Landorus|Tera Blast|p2b: Iron Hands|[anim] Tera Blast Flying\n|-supereffective|p2b: Iron Hands\n|-damage|p2b: Iron Hands|27\/100\n|move|p1b: Sinistcha|Strength Sap|p2b: Iron Hands\n|-unboost|p2b: Iron Hands|atk|1\n|-heal|p1b: Sinistcha|100\/100\n|move|p2b: Iron Hands|Wild Charge|p1a: Landorus\n|-supereffective|p1a: Landorus\n|-damage|p1a: Landorus|39\/100\n|-damage|p2b: Iron Hands|17\/100|[from] Recoil\n|\n|upkeep\n|turn|6\n|inactive|PrezzemoNite has 30 seconds left.\n|inactive|LUMPECTOMY has 30 seconds left.\n|l|\u2606LUMPECTOMY\n|inactive|LUMPECTOMY disconnected and has a minute to reconnect!\n|player|p2|\n|inactive|PrezzemoNite has 20 seconds left.\n|inactive|PrezzemoNite has 15 seconds left.\n|inactive|PrezzemoNite has 10 seconds left.\n|\n|t:|1700330383\n|move|p2a: Tornadus|Tailwind|p2a: Tornadus\n|-sidestart|p2: LUMPECTOMY|move: Tailwind\n|move|p1a: Landorus|Tera Blast|p2b: Iron Hands|[anim] Tera Blast Flying\n|-supereffective|p2b: Iron Hands\n|-damage|p2b: Iron Hands|0 fnt\n|faint|p2b: Iron Hands\n|-end|p2b: Iron Hands|Quark Drive|[silent]\n|move|p1b: Sinistcha|Trick Room|p1b: Sinistcha\n|-fieldstart|move: Trick Room|[of] p1b: Sinistcha\n|\n|upkeep\n|inactive|LUMPECTOMY has 30 seconds left.\n|inactive|LUMPECTOMY has 20 seconds left.\n|inactive|LUMPECTOMY has 15 seconds left.\n|inactive|LUMPECTOMY has 10 seconds left.\n|inactive|LUMPECTOMY has 5 seconds left.\n|-message|LUMPECTOMY lost due to inactivity.\n|\n|win|PrezzemoNite\n|raw|PrezzemoNite's rating: 1254 &rarr; <strong>1284<\/strong><br \/>(+30 for winning)\n|raw|LUMPECTOMY's rating: 1329 &rarr; <strong>1305<\/strong><br \/>(-24 for losing)\n","uploadtime":1700330560,"views":8,"p1id":"prezzemonite","p2id":"lumpectomy","formatid":"gen9vgc2023regulatione","rating":1284,"private":0,"password":""}