{"id":"gen9vgc2023regulatione-1994272037","p1":"UnknownPingu","p2":"arijimo","format":"[Gen 9] VGC 2023 Regulation E","log":"|j|\u2606UnknownPingu\n|j|\u2606arijimo\n|n|\u2606UnknownPingu|unknownpingu\n|n|\u2606arijimo|arijimo\n|html|View the match progress at <a href=\"\/game-bestof3-gen9vgc2023regulatione-1994267068\">game-bestof3-gen9vgc2023regulatione-1994267068<\/a>\n|t:|1700425703\n|gametype|doubles\n|player|p1|UnknownPingu|skier|\n|player|p2|arijimo|265|\n|teamsize|p1|6\n|teamsize|p2|6\n|gen|9\n|tier|[Gen 9] VGC 2023 Regulation E\n|rule|Species Clause: Limit one of each Pok\u00e9mon\n|rule|Item Clause: Limit one of each item\n|clearpoke\n|poke|p1|Gallade, L50, M|\n|poke|p1|Arcanine-Hisui, L50, F|\n|poke|p1|Ogerpon-Wellspring, L50, F|\n|poke|p1|Flutter Mane, L50|\n|poke|p1|Iron Hands, L50|\n|poke|p1|Gholdengo, L50|\n|poke|p2|Kommo-o, L50, M|\n|poke|p2|Tyranitar, L50, M|\n|poke|p2|Rillaboom, L50, M|\n|poke|p2|Flutter Mane, L50|\n|poke|p2|Iron Bundle, L50|\n|poke|p2|Arcanine-Hisui, L50, M|\n|teampreview|4\narijimo has agreed to open team sheets.\n|j| quick222\n|l| quick222\n|\n|t:|1700425765\n|start\n|switch|p1a: Gholdengo|Gholdengo, L50|100\/100\n|switch|p1b: Iron Hands|Iron Hands, L50|100\/100\n|switch|p2a: Rillaboom|Rillaboom, L50, M|100\/100\n|switch|p2b: Arcanine|Arcanine-Hisui, L50, M|100\/100\n|-ability|p2b: Arcanine|Intimidate|boost\n|-unboost|p1a: Gholdengo|atk|1\n|-unboost|p1b: Iron Hands|atk|1\n|-fieldstart|move: Grassy Terrain|[from] ability: Grassy Surge|[of] p2a: Rillaboom\n|turn|1\n|\n|t:|1700425803\n|switch|p1a: Arcanine|Arcanine-Hisui, L50, F|100\/100\n|-ability|p1a: Arcanine|Intimidate|boost\n|-unboost|p2a: Rillaboom|atk|1\n|-unboost|p2b: Arcanine|atk|1\n|-terastallize|p2b: Arcanine|Water\n|move|p2a: Rillaboom|Fake Out|p1b: Iron Hands\n|-crit|p1b: Iron Hands\n|-damage|p1b: Iron Hands|85\/100\n|move|p2b: Arcanine|Flare Blitz|p1a: Arcanine\n|-resisted|p1a: Arcanine\n|-damage|p1a: Arcanine|90\/100\n|-damage|p2b: Arcanine|97\/100|[from] Recoil\n|cant|p1b: Iron Hands|flinch\n|\n|-heal|p2b: Arcanine|100\/100|[from] Grassy Terrain\n|-heal|p1a: Arcanine|97\/100|[from] Grassy Terrain\n|-heal|p1b: Iron Hands|91\/100|[from] Grassy Terrain\n|upkeep\n|turn|2\n|\n|t:|1700425843\n|switch|p2a: Kommo-o|Kommo-o, L50, M|100\/100\n|move|p2b: Arcanine|Will-O-Wisp|p1b: Iron Hands\n|-status|p1b: Iron Hands|brn\n|move|p1a: Arcanine|Flare Blitz|p2a: Kommo-o\n|-resisted|p2a: Kommo-o\n|-damage|p2a: Kommo-o|82\/100\n|-damage|p1a: Arcanine|90\/100|[from] Recoil\n|move|p1b: Iron Hands|Wild Charge|p2b: Arcanine\n|-supereffective|p2b: Arcanine\n|-damage|p2b: Arcanine|63\/100\n|-damage|p1b: Iron Hands|83\/100 brn|[from] Recoil\n|\n|-heal|p2b: Arcanine|69\/100|[from] Grassy Terrain\n|-heal|p1a: Arcanine|97\/100|[from] Grassy Terrain\n|-heal|p2a: Kommo-o|88\/100|[from] Grassy Terrain\n|-heal|p2a: Kommo-o|94\/100|[from] item: Leftovers\n|-heal|p1b: Iron Hands|89\/100 brn|[from] Grassy Terrain\n|-damage|p1b: Iron Hands|83\/100 brn|[from] brn\n|upkeep\n|turn|3\n|\n|t:|1700425896\n|-end|p1b: Iron Hands|Quark Drive|[silent]\n|switch|p1b: Flutter Mane|Flutter Mane, L50|100\/100\n|-enditem|p1b: Flutter Mane|Booster Energy\n|-activate|p1b: Flutter Mane|ability: Protosynthesis|[fromitem]\n|-start|p1b: Flutter Mane|protosynthesisspe\n|move|p1a: Arcanine|Protect|p1a: Arcanine\n|-singleturn|p1a: Arcanine|Protect\n|move|p2a: Kommo-o|Protect|p2a: Kommo-o\n|-singleturn|p2a: Kommo-o|Protect\n|move|p2b: Arcanine|Howl|p2b: Arcanine|[spread] p2a,p2b\n|-boost|p2a: Kommo-o|atk|1\n|-boost|p2b: Arcanine|atk|1\n|\n|-heal|p2b: Arcanine|75\/100|[from] Grassy Terrain\n|-heal|p1a: Arcanine|100\/100|[from] Grassy Terrain\n|-heal|p2a: Kommo-o|99\/100|[from] Grassy Terrain\n|-heal|p2a: Kommo-o|100\/100|[from] item: Leftovers\n|upkeep\n|turn|4\n|\n|t:|1700426000\n|switch|p1a: Iron Hands|Iron Hands, L50|83\/100 brn\n|switch|p2a: Flutter Mane|Flutter Mane, L50|100\/100\n|move|p1b: Flutter Mane|Dazzling Gleam|p2b: Arcanine|[spread] p2a,p2b\n|-damage|p2a: Flutter Mane|69\/100\n|-damage|p2b: Arcanine|39\/100\n|-enditem|p2b: Arcanine|Sitrus Berry|[eat]\n|-heal|p2b: Arcanine|64\/100|[from] item: Sitrus Berry\n|move|p2b: Arcanine|Flare Blitz|p1b: Flutter Mane\n|-damage|p1b: Flutter Mane|0 fnt\n|faint|p1b: Flutter Mane\n|-end|p1b: Flutter Mane|Protosynthesis|[silent]\n|-damage|p2b: Arcanine|42\/100|[from] Recoil\n|\n|-heal|p2a: Flutter Mane|75\/100|[from] Grassy Terrain\n|-heal|p2b: Arcanine|48\/100|[from] Grassy Terrain\n|-heal|p1a: Iron Hands|89\/100 brn|[from] Grassy Terrain\n|-damage|p1a: Iron Hands|83\/100 brn|[from] brn\n|upkeep\n|\n|t:|1700426017\n|switch|p1b: Gholdengo|Gholdengo, L50|100\/100\n|turn|5\n|\n|t:|1700426088\n|switch|p1b: Arcanine|Arcanine-Hisui, L50, F|100\/100\n|-ability|p1b: Arcanine|Intimidate|boost\n|-unboost|p2a: Flutter Mane|atk|1\n|-unboost|p2b: Arcanine|atk|1\n|move|p2a: Flutter Mane|Shadow Ball|p1b: Arcanine\n|-damage|p1b: Arcanine|31\/100\n|-enditem|p1b: Arcanine|Sitrus Berry|[eat]\n|-heal|p1b: Arcanine|56\/100|[from] item: Sitrus Berry\n|move|p2b: Arcanine|Flare Blitz|p1b: Arcanine\n|-resisted|p1b: Arcanine\n|-damage|p1b: Arcanine|46\/100\n|-damage|p2b: Arcanine|45\/100|[from] Recoil\n|move|p1a: Iron Hands|Wild Charge|p2a: Flutter Mane\n|-damage|p2a: Flutter Mane|30\/100\n|-damage|p1a: Iron Hands|76\/100 brn|[from] Recoil\n|\n|-heal|p2a: Flutter Mane|37\/100|[from] Grassy Terrain\n|-heal|p2b: Arcanine|51\/100|[from] Grassy Terrain\n|-heal|p1b: Arcanine|52\/100|[from] Grassy Terrain\n|-heal|p1a: Iron Hands|82\/100 brn|[from] Grassy Terrain\n|-damage|p1a: Iron Hands|76\/100 brn|[from] brn\n|-fieldend|move: Grassy Terrain\n|upkeep\n|turn|6\n|\n|t:|1700426121\n|move|p1b: Arcanine|Protect|p1b: Arcanine\n|-singleturn|p1b: Arcanine|Protect\n|move|p2a: Flutter Mane|Shadow Ball|p1b: Arcanine\n|-activate|p1b: Arcanine|move: Protect\n|move|p2b: Arcanine|Flare Blitz|p1a: Iron Hands\n|-damage|p1a: Iron Hands|53\/100 brn\n|-damage|p2b: Arcanine|42\/100|[from] Recoil\n|move|p1a: Iron Hands|Wild Charge|p2a: Flutter Mane\n|-damage|p2a: Flutter Mane|0 fnt\n|faint|p2a: Flutter Mane\n|-end|p2a: Flutter Mane|Protosynthesis|[silent]\n|-damage|p1a: Iron Hands|48\/100 brn|[from] Recoil\n|\n|-damage|p1a: Iron Hands|42\/100 brn|[from] brn\n|upkeep\n|\n|t:|1700426133\n|switch|p2a: Kommo-o|Kommo-o, L50, M|100\/100\n|turn|7\n|j| quick222\n|\n|t:|1700426143\n|switch|p2b: Rillaboom|Rillaboom, L50, M|100\/100\n|-fieldstart|move: Grassy Terrain|[from] ability: Grassy Surge|[of] p2b: Rillaboom\n|-terastallize|p1b: Arcanine|Fairy\n|move|p1b: Arcanine|Tera Blast|p2a: Kommo-o|[anim] Tera Blast Fairy\n|-supereffective|p2a: Kommo-o\n|-damage|p2a: Kommo-o|0 fnt\n|faint|p2a: Kommo-o\n|move|p1a: Iron Hands|Wild Charge|p2b: Rillaboom\n|-resisted|p2b: Rillaboom\n|-damage|p2b: Rillaboom|88\/100\n|-damage|p1a: Iron Hands|39\/100 brn|[from] Recoil\n|\n|-heal|p1b: Arcanine|59\/100|[from] Grassy Terrain\n|-heal|p2b: Rillaboom|94\/100|[from] Grassy Terrain\n|-heal|p1a: Iron Hands|45\/100 brn|[from] Grassy Terrain\n|-damage|p1a: Iron Hands|39\/100 brn|[from] brn\n|upkeep\n|\n|t:|1700426151\n|switch|p2a: Arcanine|Arcanine-Hisui, L50, M, tera:Water|42\/100\n|-ability|p2a: Arcanine|Intimidate|boost\n|-unboost|p1a: Iron Hands|atk|1\n|-unboost|p1b: Arcanine|atk|1\n|turn|8\n|\n|t:|1700426183\n|switch|p1b: Gholdengo|Gholdengo, L50|100\/100\n|move|p2b: Rillaboom|Grassy Glide|p1b: Gholdengo\n|-resisted|p1b: Gholdengo\n|-damage|p1b: Gholdengo|74\/100\n|move|p2a: Arcanine|Howl|p2a: Arcanine|[spread] p2a,p2b\n|-boost|p2a: Arcanine|atk|1\n|-boost|p2b: Rillaboom|atk|1\n|move|p1a: Iron Hands|Wild Charge|p2a: Arcanine\n|-supereffective|p2a: Arcanine\n|-damage|p2a: Arcanine|3\/100\n|-damage|p1a: Iron Hands|31\/100 brn|[from] Recoil\n|\n|-heal|p1b: Gholdengo|80\/100|[from] Grassy Terrain\n|-heal|p2a: Arcanine|9\/100|[from] Grassy Terrain\n|-heal|p2b: Rillaboom|99\/100|[from] Grassy Terrain\n|-heal|p1a: Iron Hands|37\/100 brn|[from] Grassy Terrain\n|-damage|p1a: Iron Hands|31\/100 brn|[from] brn\n|upkeep\n|turn|9\n|\n|t:|1700426207\n|-end|p1a: Iron Hands|Quark Drive|[silent]\n|switch|p1a: Arcanine|Arcanine-Hisui, L50, F, tera:Fairy|59\/100\n|-ability|p1a: Arcanine|Intimidate|boost\n|-unboost|p2a: Arcanine|atk|1\n|-unboost|p2b: Rillaboom|atk|1\n|move|p1b: Gholdengo|Make It Rain|p2a: Arcanine|[spread] p2a,p2b\n|-resisted|p2a: Arcanine\n|-damage|p2a: Arcanine|0 fnt\n|-damage|p2b: Rillaboom|40\/100\n|-unboost|p1b: Gholdengo|spa|1\n|faint|p2a: Arcanine\n|move|p2b: Rillaboom|Wood Hammer|p1b: Gholdengo\n|-resisted|p1b: Gholdengo\n|-damage|p1b: Gholdengo|23\/100\n|-damage|p2b: Rillaboom|25\/100|[from] Recoil\n|\n|-heal|p1b: Gholdengo|30\/100|[from] Grassy Terrain\n|-heal|p1a: Arcanine|65\/100|[from] Grassy Terrain\n|-heal|p2b: Rillaboom|31\/100|[from] Grassy Terrain\n|upkeep\n|turn|10\n|\n|t:|1700426224\n|move|p2b: Rillaboom|Grassy Glide|p1b: Gholdengo\n|-resisted|p1b: Gholdengo\n|-damage|p1b: Gholdengo|3\/100\n|move|p1b: Gholdengo|Make It Rain|p2b: Rillaboom\n|-damage|p2b: Rillaboom|0 fnt\n|-unboost|p1b: Gholdengo|spa|1\n|faint|p2b: Rillaboom\n|\n|win|UnknownPingu\n|c|\u2606arijimo|gg\n|c|&|\/uhtml prompt-arijimo,arijimo is ready for game 3!\n|c|\u2606UnknownPingu|gg\n|inactive|UnknownPingu has 50 seconds to confirm battle start!\n|c|&|\/uhtml prompt-unknownpingu,UnknownPingu is ready for game 3!\nBoth players are ready! Starting next match!\n|l| quick222\n","uploadtime":1700426608,"views":3,"p1id":"unknownpingu","p2id":"arijimo","formatid":"gen9vgc2023regulatione","rating":0,"private":0,"password":""}