{"id":"gen9vgc2023regulatione-1997939034","p1":"Iciclebutagainn","p2":"EdwinVGC","format":"[Gen 9] VGC 2023 Regulation E","log":"|j|\u2606Iciclebutagainn\n|j|\u2606EdwinVGC\n|t:|1700869793\n|gametype|doubles\n|player|p1|Iciclebutagainn|clown|1139\n|player|p2|EdwinVGC|2|1123\n|teamsize|p1|6\n|teamsize|p2|6\n|gen|9\n|tier|[Gen 9] VGC 2023 Regulation E\n|rated|\n|rule|Species Clause: Limit one of each Pok\u00e9mon\n|rule|Item Clause: Limit one of each item\n|clearpoke\n|poke|p1|Iron Hands, L50|\n|poke|p1|Arcanine-Hisui, L50, F|\n|poke|p1|Urshifu-*, L50, F|\n|poke|p1|Tornadus, L50, M|\n|poke|p1|Gholdengo, L50|\n|poke|p1|Rillaboom, L50, F|\n|poke|p2|Pelipper, L50, M|\n|poke|p2|Urshifu-*, L50, M|\n|poke|p2|Amoonguss, L50, F|\n|poke|p2|Iron Hands, L50|\n|poke|p2|Gholdengo, L50|\n|poke|p2|Farigiraf, L50, F|\n|teampreview|4\n|inactive|Battle timer is ON: inactive players will automatically lose when time's up. (requested by Iciclebutagainn)\n|inactive|Iciclebutagainn has 60 seconds left.\n|inactive|EdwinVGC has 60 seconds left.\nEdwinVGC has agreed to open team sheets.\n|\n|t:|1700869852\n|start\n|switch|p1a: Tornadus|Tornadus, L50, M|100\/100\n|switch|p1b: Urshifu|Urshifu-Rapid-Strike, L50, F|100\/100\n|switch|p2a: Pelipper|Pelipper, L50, M|100\/100\n|switch|p2b: Urshifu|Urshifu-Rapid-Strike, L50, M|100\/100\n|-weather|RainDance|[from] ability: Drizzle|[of] p2a: Pelipper\n|turn|1\n|\n|t:|1700869876\n|move|p1a: Tornadus|Tailwind|p1a: Tornadus\n|-sidestart|p1: Iciclebutagainn|move: Tailwind\n|move|p1b: Urshifu|U-turn|p2b: Urshifu\n|-resisted|p2b: Urshifu\n|-damage|p2b: Urshifu|90\/100\n|\n|t:|1700869881\n|switch|p1b: Iron Hands|Iron Hands, L50|100\/100|[from] U-turn\n|move|p2b: Urshifu|Close Combat|p1b: Iron Hands\n|-damage|p1b: Iron Hands|59\/100\n|-unboost|p2b: Urshifu|def|1\n|-unboost|p2b: Urshifu|spd|1\n|move|p2a: Pelipper|Hurricane|p1b: Iron Hands\n|-damage|p1b: Iron Hands|35\/100\n|-start|p1b: Iron Hands|confusion\n|\n|-weather|RainDance|[upkeep]\n|upkeep\n|turn|2\n|inactive|Iciclebutagainn has 30 seconds left.\n|\n|t:|1700869911\n|switch|p2a: Farigiraf|Farigiraf, L50, F|100\/100\n|move|p1a: Tornadus|Bleakwind Storm|p2a: Farigiraf|[spread] p2a,p2b\n|-supereffective|p2b: Urshifu\n|-damage|p2a: Farigiraf|74\/100\n|-damage|p2b: Urshifu|0 fnt\n|faint|p2b: Urshifu\n|-activate|p1b: Iron Hands|confusion\n|move|p1b: Iron Hands|Drain Punch|p2a: Farigiraf\n|-damage|p2a: Farigiraf|33\/100\n|-heal|p1b: Iron Hands|54\/100|[from] drain|[of] p2a: Farigiraf\n|-enditem|p2a: Farigiraf|Sitrus Berry|[eat]\n|-heal|p2a: Farigiraf|58\/100|[from] item: Sitrus Berry\n|\n|-weather|RainDance|[upkeep]\n|upkeep\n|\n|t:|1700869929\n|switch|p2b: Iron Hands|Iron Hands, L50|100\/100\n|turn|3\n|inactive|Iciclebutagainn has 30 seconds left.\n|\n|t:|1700869955\n|move|p2b: Iron Hands|Fake Out|p1b: Iron Hands\n|-damage|p1b: Iron Hands|43\/100\n|move|p1a: Tornadus|Bleakwind Storm|p2b: Iron Hands|[spread] p2a,p2b\n|-damage|p2a: Farigiraf|32\/100\n|-damage|p2b: Iron Hands|83\/100\n|-unboost|p2a: Farigiraf|spe|1\n|-unboost|p2b: Iron Hands|spe|1\n|cant|p1b: Iron Hands|flinch\n|move|p2a: Farigiraf|Nasty Plot|p2a: Farigiraf\n|-boost|p2a: Farigiraf|spa|2\n|\n|-weather|RainDance|[upkeep]\n|upkeep\n|turn|4\n|inactive|EdwinVGC has 30 seconds left.\n|\n|t:|1700869984\n|move|p1a: Tornadus|Bleakwind Storm|p2a: Farigiraf|[spread] p2a,p2b\n|-damage|p2a: Farigiraf|5\/100\n|-damage|p2b: Iron Hands|66\/100\n|-activate|p1b: Iron Hands|confusion\n|move|p1b: Iron Hands|Drain Punch|p2a: Farigiraf\n|-damage|p2a: Farigiraf|0 fnt\n|-heal|p1b: Iron Hands|45\/100|[from] drain|[of] p2a: Farigiraf\n|faint|p2a: Farigiraf\n|move|p2b: Iron Hands|Wild Charge|p1a: Tornadus\n|-supereffective|p1a: Tornadus\n|-damage|p1a: Tornadus|0 fnt\n|faint|p1a: Tornadus\n|-damage|p2b: Iron Hands|46\/100|[from] Recoil\n|\n|-weather|RainDance|[upkeep]\n|-sideend|p1: Iciclebutagainn|move: Tailwind\n|upkeep\n|\n|t:|1700869998\n|switch|p1a: Arcanine|Arcanine-Hisui, L50, F|100\/100\n|switch|p2a: Pelipper|Pelipper, L50, M|100\/100\n|-ability|p1a: Arcanine|Intimidate|boost\n|-unboost|p2a: Pelipper|atk|1\n|-unboost|p2b: Iron Hands|atk|1\n|turn|5\n|\n|t:|1700870022\n|-terastallize|p1a: Arcanine|Fairy\n|-terastallize|p2b: Iron Hands|Water\n|move|p1a: Arcanine|Tera Blast|p2b: Iron Hands|[anim] Tera Blast Fairy\n|-damage|p2b: Iron Hands|1\/100\n|move|p2a: Pelipper|Weather Ball|p1a: Arcanine\n|-damage|p1a: Arcanine|29\/100\n|-activate|p1b: Iron Hands|confusion\n|-damage|p1b: Iron Hands|33\/100|[from] confusion\n|move|p2b: Iron Hands|Drain Punch|p1b: Iron Hands\n|-damage|p1b: Iron Hands|12\/100\n|-heal|p2b: Iron Hands|12\/100|[from] drain|[of] p1b: Iron Hands\n|\n|-weather|none\n|upkeep\n|turn|6\n|inactive|EdwinVGC has 30 seconds left.\n|\n|t:|1700870051\n|move|p1a: Arcanine|Tera Blast|p2b: Iron Hands|[anim] Tera Blast Fairy\n|-damage|p2b: Iron Hands|0 fnt\n|faint|p2b: Iron Hands\n|-end|p2b: Iron Hands|Quark Drive|[silent]\n|move|p2a: Pelipper|Weather Ball|p1a: Arcanine\n|-damage|p1a: Arcanine|12\/100\n|-end|p1b: Iron Hands|confusion\n|move|p1b: Iron Hands|Wild Charge|p2a: Pelipper\n|-supereffective|p2a: Pelipper\n|-enditem|p2a: Pelipper|Focus Sash\n|-damage|p2a: Pelipper|1\/100\n|-damage|p1b: Iron Hands|0 fnt|[from] Recoil\n|faint|p1b: Iron Hands\n|-end|p1b: Iron Hands|Quark Drive|[silent]\n|\n|upkeep\n|\n|t:|1700870065\n|switch|p1b: Urshifu|Urshifu-Rapid-Strike, L50, F|100\/100\n|turn|7\n|\n|t:|1700870069\n|move|p1b: Urshifu|Aqua Jet|p2a: Pelipper\n|-resisted|p2a: Pelipper\n|-damage|p2a: Pelipper|0 fnt\n|faint|p2a: Pelipper\n|\n|win|Iciclebutagainn\n|raw|Iciclebutagainn's rating: 1139 &rarr; <strong>1163<\/strong><br \/>(+24 for winning)\n|raw|EdwinVGC's rating: 1123 &rarr; <strong>1099<\/strong><br \/>(-24 for losing)\n","uploadtime":1700870072,"views":16,"p1id":"iciclebutagainn","p2id":"edwinvgc","formatid":"gen9vgc2023regulatione","rating":1099,"private":0,"password":""}