{"id":"gen9vgc2023regulatione-1997485147","p1":"zhz2021","p2":"Kappigi","format":"[Gen 9] VGC 2023 Regulation E","log":"|j|\u2606zhz2021\n|j|\u2606Kappigi\n|t:|1700813588\n|gametype|doubles\n|player|p1|zhz2021|marley|1277\n|player|p2|Kappigi|acetrainersnow|1256\n|teamsize|p1|6\n|teamsize|p2|6\n|gen|9\n|tier|[Gen 9] VGC 2023 Regulation E\n|rated|\n|rule|Species Clause: Limit one of each Pok\u00e9mon\n|rule|Item Clause: Limit one of each item\n|clearpoke\n|poke|p1|Roaring Moon, L50|\n|poke|p1|Weezing-Galar, L50, M|\n|poke|p1|Flutter Mane, L50|\n|poke|p1|Iron Hands, L50|\n|poke|p1|Brambleghast, L50, F|\n|poke|p1|Gastrodon-East, L50, F|\n|poke|p2|Regidrago, L50|\n|poke|p2|Tornadus, L50, M|\n|poke|p2|Sinistcha-Masterpiece, L50|\n|poke|p2|Urshifu-*, L50, M|\n|poke|p2|Ursaluna, L50, M|\n|poke|p2|Orthworm, L50, M|\n|teampreview|4\n|inactive|Battle timer is ON: inactive players will automatically lose when time's up. (requested by Kappigi)\n|\n|t:|1700813636\n|start\n|switch|p1a: Gladstone&Disraeli|Weezing-Galar, L50, M|100\/100\n|switch|p1b: Roaring Moon|Roaring Moon, L50|100\/100\n|switch|p2a: Regidrago|Regidrago, L50, shiny|100\/100\n|switch|p2b: Urshifu|Urshifu-Rapid-Strike, L50, M|100\/100\n|-ability|p1a: Gladstone&Disraeli|Neutralizing Gas\n|-enditem|p1b: Roaring Moon|Booster Energy\n|-activate|p1b: Roaring Moon|ability: Protosynthesis|[fromitem]\n|-start|p1b: Roaring Moon|protosynthesisspe\n|turn|1\n|l|\u2606Kappigi\n|inactive|Kappigi disconnected and has a minute to reconnect!\n|player|p2|\n|inactive|zhz2021 has 30 seconds left.\n|inactive|Kappigi has 30 seconds left.\n|inactive|zhz2021 has 20 seconds left.\n|inactive|Kappigi has 20 seconds left.\n|j|\u2606Kappigi\n|inactive|Kappigi reconnected and has 20 seconds left.\n|player|p2|Kappigi|acetrainersnow\n|inactive|Kappigi has 15 seconds left.\n|inactive|zhz2021 has 15 seconds left.\n|inactive|Kappigi has 10 seconds left.\n|\n|t:|1700813685\n|-terastallize|p2a: Regidrago|Steel\n|move|p1b: Roaring Moon|Tailwind|p1b: Roaring Moon\n|-sidestart|p1: zhz2021|move: Tailwind\n|move|p1a: Gladstone&Disraeli|Dazzling Gleam|p2a: Regidrago|[spread] p2a,p2b\n|-resisted|p2a: Regidrago\n|-supereffective|p2b: Urshifu\n|-damage|p2a: Regidrago|91\/100\n|-damage|p2b: Urshifu|34\/100\n|move|p2b: Urshifu|Surging Strikes|p1a: Gladstone&Disraeli\n|-crit|p1a: Gladstone&Disraeli\n|-damage|p1a: Gladstone&Disraeli|75\/100\n|-crit|p1a: Gladstone&Disraeli\n|-damage|p1a: Gladstone&Disraeli|46\/100\n|-crit|p1a: Gladstone&Disraeli\n|-damage|p1a: Gladstone&Disraeli|20\/100\n|-hitcount|p1a: Gladstone&Disraeli|3\n|move|p2a: Regidrago|Dragon Energy|p1b: Roaring Moon|[spread] p1b\n|-immune|p1a: Gladstone&Disraeli\n|-supereffective|p1b: Roaring Moon\n|-damage|p1b: Roaring Moon|0 fnt\n|faint|p1b: Roaring Moon\n|-end|p1b: Roaring Moon|Protosynthesis|[silent]\n|\n|upkeep\n|\n|t:|1700813691\n|switch|p1b: Gastrodon|Gastrodon-East, L50, F|100\/100\n|turn|2\n|\n|t:|1700813708\n|-end|p1a: Gladstone&Disraeli|ability: Neutralizing Gas\n|switch|p1a: Flutter Mane|Flutter Mane, L50|100\/100\n|move|p2b: Urshifu|Surging Strikes|p1b: Gastrodon\n|-activate|p1b: Gastrodon|ability: Storm Drain\n|-ability|p1b: Gastrodon|Storm Drain|boost\n|-boost|p1b: Gastrodon|spa|1\n|move|p1b: Gastrodon|Earth Power|p2a: Regidrago\n|-supereffective|p2a: Regidrago\n|-damage|p2a: Regidrago|0 fnt\n|faint|p2a: Regidrago\n|\n|upkeep\n|\n|t:|1700813721\n|switch|p2a: Sinistcha|Sinistcha-Masterpiece, L50|100\/100\n|-heal|p2b: Urshifu|59\/100|[from] ability: Hospitality|[of] p2a: Sinistcha\n|turn|3\n|inactive|zhz2021 has 30 seconds left.\n|inactive|zhz2021 has 20 seconds left.\n|inactive|zhz2021 has 15 seconds left.\n|inactive|zhz2021 has 10 seconds left.\n|inactive|zhz2021 has 5 seconds left.\n|\n|t:|1700813773\n|switch|p2b: Orthworm|Orthworm, L50, M|100\/100\n|-terastallize|p1b: Gastrodon|Fairy\n|move|p1a: Flutter Mane|Dazzling Gleam|p2b: Orthworm|[spread] p2a,p2b\n|-resisted|p2b: Orthworm\n|-damage|p2a: Sinistcha|57\/100\n|-damage|p2b: Orthworm|74\/100\n|move|p1b: Gastrodon|Ice Beam|p2a: Sinistcha\n|-supereffective|p2a: Sinistcha\n|-damage|p2a: Sinistcha|0 fnt\n|faint|p2a: Sinistcha\n|\n|upkeep\n|inactive|Kappigi has 30 seconds left.\n|inactive|Kappigi has 20 seconds left.\n|inactive|Kappigi has 15 seconds left.\n|inactive|Kappigi has 10 seconds left.\n|\n|t:|1700813819\n|switch|p2a: Urshifu|Urshifu-Rapid-Strike, L50, M|59\/100\n|turn|4\n|\n|t:|1700813827\n|-end|p1a: Flutter Mane|Protosynthesis|[silent]\n|switch|p1a: Gladstone&Disraeli|Weezing-Galar, L50, M|20\/100\n|-ability|p1a: Gladstone&Disraeli|Neutralizing Gas\n|-block|p1b: Gastrodon|item: Ability Shield\n|move|p2a: Urshifu|Detect|p2a: Urshifu\n|-singleturn|p2a: Urshifu|Protect\n|move|p1b: Gastrodon|Earth Power|p2b: Orthworm\n|-supereffective|p2b: Orthworm\n|-crit|p2b: Orthworm\n|-damage|p2b: Orthworm|0 fnt\n|faint|p2b: Orthworm\n|\n|-sideend|p1: zhz2021|move: Tailwind\n|upkeep\n|turn|5\n|-message|Kappigi forfeited.\n|\n|win|zhz2021\n|raw|zhz2021's rating: 1277 &rarr; <strong>1300<\/strong><br \/>(+23 for winning)\n|raw|Kappigi's rating: 1256 &rarr; <strong>1233<\/strong><br \/>(-23 for losing)\n|l|\u2606Kappigi\n","uploadtime":1700813844,"views":3,"p1id":"zhz2021","p2id":"kappigi","formatid":"gen9vgc2023regulatione","rating":1233,"private":0,"password":""}