{"id":"gen9vgc2023regulatione-1994786866","p1":"Gualgo","p2":"BlindMagneton","format":"[Gen 9] VGC 2023 Regulation E","log":"|j|\u2606Gualgo\n|j|\u2606BlindMagneton\n|t:|1700492693\n|gametype|doubles\n|player|p1|Gualgo|pokemaniac|1461\n|player|p2|BlindMagneton|wattson|1494\n|teamsize|p1|6\n|teamsize|p2|6\n|gen|9\n|tier|[Gen 9] VGC 2023 Regulation E\n|rated|\n|rule|Species Clause: Limit one of each Pok\u00e9mon\n|rule|Item Clause: Limit one of each item\n|clearpoke\n|poke|p1|Chi-Yu, L50|\n|poke|p1|Flutter Mane, L50|\n|poke|p1|Sableye, L50, F|\n|poke|p1|Heatran, L50, M|\n|poke|p1|Iron Hands, L50|\n|poke|p1|Ogerpon-Wellspring, L50, F|\n|poke|p2|Mandibuzz, L50, F|\n|poke|p2|Abomasnow, L50, M|\n|poke|p2|Roaring Moon, L50|\n|poke|p2|Brambleghast, L50, F|\n|poke|p2|Garganacl, L50, F|\n|poke|p2|Empoleon, L50, F|\n|teampreview|4\n|\n|t:|1700492735\n|start\n|switch|p1a: Sableye|Sableye, L50, F|100\/100\n|switch|p1b: Iron Hands|Iron Hands, L50|100\/100\n|switch|p2a: Mandibuzz|Mandibuzz, L50, F|100\/100\n|switch|p2b: Abomasnow|Abomasnow, L50, M|100\/100\n|-weather|Snow|[from] ability: Snow Warning|[of] p2b: Abomasnow\n|turn|1\n|inactive|Battle timer is ON: inactive players will automatically lose when time's up. (requested by Gualgo)\n|inactive|Gualgo has 60 seconds left.\n|inactive|BlindMagneton has 60 seconds left.\n|\n|t:|1700492793\n|move|p2a: Mandibuzz|Protect|p2a: Mandibuzz\n|-singleturn|p2a: Mandibuzz|Protect\n|move|p2b: Abomasnow|Protect|p2b: Abomasnow\n|-singleturn|p2b: Abomasnow|Protect\n|move|p1a: Sableye|Fake Out|p2b: Abomasnow\n|-activate|p2b: Abomasnow|move: Protect\n|move|p1b: Iron Hands|Wild Charge|p2a: Mandibuzz\n|-activate|p2a: Mandibuzz|move: Protect\n|\n|-weather|Snow|[upkeep]\n|upkeep\n|turn|2\n|inactive|Gualgo has 30 seconds left.\n|inactive|Gualgo has 20 seconds left.\n|\n|t:|1700492829\n|switch|p1a: Chi-Yu|Chi-Yu, L50|100\/100\n|-ability|p1a: Chi-Yu|Beads of Ruin\n|-terastallize|p2a: Mandibuzz|Ground\n|move|p2b: Abomasnow|Ice Shard|p2a: Mandibuzz\n|-supereffective|p2a: Mandibuzz\n|-damage|p2a: Mandibuzz|78\/100\n|-ability|p2a: Mandibuzz|Weak Armor|boost\n|-unboost|p2a: Mandibuzz|def|1\n|-boost|p2a: Mandibuzz|spe|2\n|-enditem|p2a: Mandibuzz|Weakness Policy\n|-boost|p2a: Mandibuzz|atk|2|[from] item: Weakness Policy\n|-boost|p2a: Mandibuzz|spa|2|[from] item: Weakness Policy\n|move|p2a: Mandibuzz|Lash Out|p1a: Chi-Yu\n|-resisted|p1a: Chi-Yu\n|-damage|p1a: Chi-Yu|10\/100\n|move|p1b: Iron Hands|Drain Punch|p2b: Abomasnow\n|-supereffective|p2b: Abomasnow\n|-damage|p2b: Abomasnow|16\/100\n|\n|-weather|Snow|[upkeep]\n|upkeep\n|turn|3\n|inactive|Gualgo has 30 seconds left.\n|inactive|BlindMagneton has 30 seconds left.\n|inactive|Gualgo has 20 seconds left.\n|inactive|BlindMagneton has 20 seconds left.\n|inactive|Gualgo has 15 seconds left.\n|inactive|BlindMagneton has 15 seconds left.\n|inactive|BlindMagneton has 10 seconds left.\n|inactive|BlindMagneton has 5 seconds left.\n|\n|t:|1700492884\n|switch|p2b: Brambleghast|Brambleghast, L50, F|100\/100\n|move|p2a: Mandibuzz|Bone Rush|p1b: Iron Hands\n|-supereffective|p1b: Iron Hands\n|-damage|p1b: Iron Hands|73\/100\n|-supereffective|p1b: Iron Hands\n|-crit|p1b: Iron Hands\n|-damage|p1b: Iron Hands|38\/100\n|-supereffective|p1b: Iron Hands\n|-crit|p1b: Iron Hands\n|-damage|p1b: Iron Hands|0 fnt\n|faint|p1b: Iron Hands\n|-end|p1b: Iron Hands|Quark Drive|[silent]\n|-hitcount|p1: Iron Hands|3\n|move|p1a: Chi-Yu|Overheat|p2a: Mandibuzz\n|-damage|p2a: Mandibuzz|0 fnt\n|-unboost|p1a: Chi-Yu|spa|2\n|faint|p2a: Mandibuzz\n|\n|-weather|Snow|[upkeep]\n|upkeep\n|inactive|Gualgo has 30 seconds left.\n|\n|t:|1700492909\n|switch|p2a: Roaring Moon|Roaring Moon, L50|100\/100\n|switch|p1b: Sableye|Sableye, L50, F|100\/100\n|-enditem|p2a: Roaring Moon|Booster Energy\n|-activate|p2a: Roaring Moon|ability: Protosynthesis|[fromitem]\n|-start|p2a: Roaring Moon|protosynthesisspe\n|turn|4\n|\n|t:|1700492933\n|switch|p1a: Ogerpon|Ogerpon-Wellspring, L50, F|100\/100\n|move|p2b: Brambleghast|Shadow Sneak|p1a: Ogerpon\n|-damage|p1a: Ogerpon|84\/100\n|move|p1b: Sableye|Will-O-Wisp|p2b: Brambleghast\n|-status|p2b: Brambleghast|brn\n|move|p2a: Roaring Moon|Tailwind|p2a: Roaring Moon\n|-sidestart|p2: BlindMagneton|move: Tailwind\n|-ability|p2b: Brambleghast|Wind Rider|boost\n|-boost|p2b: Brambleghast|atk|1\n|\n|-weather|Snow|[upkeep]\n|-damage|p2b: Brambleghast|94\/100 brn|[from] brn\n|upkeep\n|turn|5\n|inactive|Gualgo has 30 seconds left.\n|\n|t:|1700492966\n|-terastallize|p1a: Ogerpon|Water\n|detailschange|p1a: Ogerpon|Ogerpon-Wellspring-Tera, L50, F, tera:Water\n|-ability|p1a: Ogerpon|Embody Aspect (Wellspring)|boost\n|-boost|p1a: Ogerpon|spd|1\n|move|p2a: Roaring Moon|Breaking Swipe|p1a: Ogerpon|[spread] p1a,p1b\n|-damage|p1a: Ogerpon|59\/100\n|-damage|p1b: Sableye|75\/100\n|-unboost|p1a: Ogerpon|atk|1\n|-unboost|p1b: Sableye|atk|1\n|move|p2b: Brambleghast|Power Whip|p1b: Sableye\n|-crit|p1b: Sableye\n|-damage|p1b: Sableye|19\/100\n|move|p1a: Ogerpon|Swords Dance|p1a: Ogerpon\n|-boost|p1a: Ogerpon|atk|2\n|move|p1b: Sableye|Foul Play|p2a: Roaring Moon\n|-resisted|p2a: Roaring Moon\n|-damage|p2a: Roaring Moon|68\/100\n|\n|-weather|none\n|-damage|p2b: Brambleghast|88\/100 brn|[from] brn\n|upkeep\n|turn|6\n|inactive|Gualgo has 30 seconds left.\n|\n|t:|1700492993\n|move|p1a: Ogerpon|Spiky Shield|p1a: Ogerpon\n|-singleturn|p1a: Ogerpon|move: Protect\n|move|p2a: Roaring Moon|Breaking Swipe|p1b: Sableye|[spread] p1b\n|-activate|p1a: Ogerpon|move: Protect\n|-damage|p2a: Roaring Moon|56\/100|[from] Spiky Shield|[of] p1a: Ogerpon\n|-crit|p1b: Sableye\n|-damage|p1b: Sableye|0 fnt\n|faint|p1b: Sableye\n|move|p2b: Brambleghast|Strength Sap|p1a: Ogerpon\n|-activate|p1a: Ogerpon|move: Protect\n|\n|-damage|p2b: Brambleghast|82\/100 brn|[from] brn\n|upkeep\n|\n|t:|1700493008\n|switch|p1b: Chi-Yu|Chi-Yu, L50|10\/100\n|-ability|p1b: Chi-Yu|Beads of Ruin\n|turn|7\n|inactive|Gualgo has 30 seconds left.\n|inactive|Gualgo has 20 seconds left.\n|\n|t:|1700493043\n|move|p2a: Roaring Moon|Breaking Swipe|p1a: Ogerpon|[spread] p1a,p1b\n|-damage|p1a: Ogerpon|36\/100\n|-damage|p1b: Chi-Yu|0 fnt\n|-unboost|p1a: Ogerpon|atk|1\n|faint|p1b: Chi-Yu\n|move|p2b: Brambleghast|Strength Sap|p1a: Ogerpon\n|-unboost|p1a: Ogerpon|atk|1\n|-heal|p2b: Brambleghast|100\/100 brn\n|move|p1a: Ogerpon|Horn Leech|p2a: Roaring Moon\n|-resisted|p2a: Roaring Moon\n|-damage|p2a: Roaring Moon|39\/100\n|-heal|p1a: Ogerpon|45\/100|[from] drain|[of] p2a: Roaring Moon\n|\n|-damage|p2b: Brambleghast|94\/100 brn|[from] brn\n|-sideend|p2: BlindMagneton|move: Tailwind\n|upkeep\n|turn|8\n|l|\u2606Gualgo\n|inactive|Gualgo disconnected and has a minute to reconnect!\n|player|p1|\n|inactive|Gualgo has 30 seconds left.\n|inactive|Gualgo has 20 seconds left.\n|inactive|BlindMagneton has 30 seconds left.\n|inactive|Gualgo has 15 seconds left.\n|inactive|Gualgo has 10 seconds left.\n|inactive|Gualgo has 5 seconds left.\n|-message|Gualgo lost due to inactivity.\n|\n|win|BlindMagneton\n|raw|Gualgo's rating: 1461 &rarr; <strong>1443<\/strong><br \/>(-18 for losing)\n|raw|BlindMagneton's rating: 1494 &rarr; <strong>1512<\/strong><br \/>(+18 for winning)\n","uploadtime":1700493680,"views":7,"p1id":"gualgo","p2id":"blindmagneton","formatid":"gen9vgc2023regulatione","rating":1443,"private":0,"password":""}