{"id":"gen9vgc2023regulatione-1988508850","p1":"anShi88","p2":"tom hallo","format":"[Gen 9] VGC 2023 Regulation E","log":"|j|\u2606anShi88\n|j|\u2606tom hallo\n|t:|1699730500\n|gametype|doubles\n|player|p1|anShi88|parasollady|1049\n|player|p2|tom hallo|1|1093\n|teamsize|p1|6\n|teamsize|p2|6\n|gen|9\n|tier|[Gen 9] VGC 2023 Regulation E\n|rated|\n|rule|Species Clause: Limit one of each Pok\u00e9mon\n|rule|Item Clause: Limit one of each item\n|clearpoke\n|poke|p1|Iron Bundle, L50|\n|poke|p1|Arcanine-Hisui, L50, M|\n|poke|p1|Tyranitar, L50, M|\n|poke|p1|Kommo-o, L50, F|\n|poke|p1|Rillaboom, L50, F|\n|poke|p1|Flutter Mane, L50|\n|poke|p2|Gastrodon, L50, F|\n|poke|p2|Ditto, L50|\n|poke|p2|Golem-Alola, L50, M|\n|poke|p2|Sinistcha-Masterpiece, L50|\n|poke|p2|Ogerpon-Cornerstone, L50, F|\n|poke|p2|Kingambit, L50, F|\n|teampreview|4\n|\n|t:|1699730532\n|start\n|switch|p1a: Rillaboom|Rillaboom, L50, F|100\/100\n|switch|p1b: Iron Bundle|Iron Bundle, L50|100\/100\n|switch|p2a: Ditto|Ditto, L50|100\/100\n|switch|p2b: Gastrodon|Gastrodon, L50, F|100\/100\n|-transform|p2a: Ditto|p1b: Iron Bundle|[from] ability: Imposter\n|-fieldstart|move: Grassy Terrain|[from] ability: Grassy Surge|[of] p1a: Rillaboom\n|-enditem|p1b: Iron Bundle|Booster Energy\n|-activate|p1b: Iron Bundle|ability: Quark Drive|[fromitem]\n|-start|p1b: Iron Bundle|quarkdrivespe\n|turn|1\n|\n|t:|1699730557\n|switch|p1a: Arcanine|Arcanine-Hisui, L50, M|100\/100\n|-ability|p1a: Arcanine|Intimidate|boost\n|-unboost|p2a: Ditto|atk|1\n|-unboost|p2b: Gastrodon|atk|1\n|move|p2b: Gastrodon|Protect|p2b: Gastrodon\n|-singleturn|p2b: Gastrodon|Protect\n|move|p2a: Ditto|Freeze-Dry|p1a: Arcanine\n|-resisted|p1a: Arcanine\n|-damage|p1a: Arcanine|79\/100\n|move|p1b: Iron Bundle|Freeze-Dry|p2b: Gastrodon\n|-activate|p2b: Gastrodon|move: Protect\n|\n|-heal|p1a: Arcanine|85\/100|[from] Grassy Terrain\n|upkeep\n|turn|2\n|inactive|Battle timer is ON: inactive players will automatically lose when time's up. (requested by tom hallo)\n|\n|t:|1699730610\n|-terastallize|p1a: Arcanine|Water\n|-terastallize|p2b: Gastrodon|Grass\n|move|p1b: Iron Bundle|Freeze-Dry|p2a: Ditto\n|-damage|p2a: Ditto|40\/100\n|move|p2a: Ditto|Freeze-Dry|p1b: Iron Bundle\n|-damage|p1b: Iron Bundle|25\/100\n|move|p1a: Arcanine|Howl|p1a: Arcanine|[spread] p1a,p1b\n|-boost|p1a: Arcanine|atk|1\n|-boost|p1b: Iron Bundle|atk|1\n|move|p2b: Gastrodon|Muddy Water|p1a: Arcanine|[spread] p1a,p1b\n|-resisted|p1a: Arcanine\n|-resisted|p1b: Iron Bundle\n|-damage|p1a: Arcanine|68\/100\n|-damage|p1b: Iron Bundle|0 fnt\n|faint|p1b: Iron Bundle\n|-end|p1b: Iron Bundle|Quark Drive|[silent]\n|\n|-heal|p2a: Ditto|46\/100|[from] Grassy Terrain\n|-heal|p1a: Arcanine|74\/100|[from] Grassy Terrain\n|upkeep\n|\n|t:|1699730631\n|switch|p1b: Rillaboom|Rillaboom, L50, F|100\/100\n|turn|3\n|\n|t:|1699730642\n|-end|p2a: Ditto|Quark Drive|[silent]\n|switch|p2a: Sinistcha|Sinistcha-Masterpiece, L50|100\/100\n|move|p2b: Gastrodon|Protect|p2b: Gastrodon\n|-singleturn|p2b: Gastrodon|Protect\n|move|p1b: Rillaboom|Fake Out|p2b: Gastrodon\n|-activate|p2b: Gastrodon|move: Protect\n|move|p1a: Arcanine|Rock Slide|p2b: Gastrodon|[spread] p2a\n|-activate|p2b: Gastrodon|move: Protect\n|-damage|p2a: Sinistcha|63\/100\n|\n|-heal|p1a: Arcanine|80\/100|[from] Grassy Terrain\n|-heal|p2a: Sinistcha|69\/100|[from] Grassy Terrain\n|upkeep\n|turn|4\n|inactive|tom hallo has 30 seconds left.\n|\n|t:|1699730668\n|switch|p1b: Kommo-o|Kommo-o, L50, F|100\/100\n|move|p1a: Arcanine|Flare Blitz|p2a: Sinistcha\n|-supereffective|p2a: Sinistcha\n|-damage|p2a: Sinistcha|0 fnt\n|faint|p2a: Sinistcha\n|-damage|p1a: Arcanine|56\/100|[from] Recoil\n|move|p2b: Gastrodon|Yawn|p1b: Kommo-o\n|-start|p1b: Kommo-o|move: Yawn|[of] p2b: Gastrodon\n|\n|-heal|p1a: Arcanine|62\/100|[from] Grassy Terrain\n|upkeep\n|\n|t:|1699730680\n|switch|p2a: Ditto|Ditto, L50|46\/100\n|-transform|p2a: Ditto|p1b: Kommo-o|[from] ability: Imposter\n|turn|5\n|\n|t:|1699730695\n|switch|p1b: Rillaboom|Rillaboom, L50, F|100\/100\n|move|p2a: Ditto|Iron Defense|p2a: Ditto\n|-boost|p2a: Ditto|def|2\n|move|p1a: Arcanine|Rock Slide|p2a: Ditto|[spread] p2a,p2b\n|-resisted|p2a: Ditto\n|-damage|p2a: Ditto|39\/100\n|-damage|p2b: Gastrodon|58\/100\n|move|p2b: Gastrodon|Yawn|p1a: Arcanine\n|-start|p1a: Arcanine|move: Yawn|[of] p2b: Gastrodon\n|\n|-heal|p2a: Ditto|44\/100|[from] Grassy Terrain\n|-heal|p1a: Arcanine|68\/100|[from] Grassy Terrain\n|-heal|p2b: Gastrodon|64\/100|[from] Grassy Terrain\n|-heal|p2b: Gastrodon|70\/100|[from] item: Leftovers\n|-fieldend|move: Grassy Terrain\n|upkeep\n|turn|6\n|\n|t:|1699730718\n|switch|p1a: Kommo-o|Kommo-o, L50, F|100\/100\n|switch|p2b: Kingambit|Kingambit, L50, F|100\/100\n|move|p1b: Rillaboom|Fake Out|p2a: Ditto\n|-damage|p2a: Ditto|38\/100\n|cant|p2a: Ditto|flinch\n|\n|upkeep\n|turn|7\n|inactive|anShi88 has 30 seconds left.\n|\n|t:|1699730744\n|switch|p1b: Arcanine|Arcanine-Hisui, L50, M, tera:Water|68\/100\n|-ability|p1b: Arcanine|Intimidate|boost\n|-unboost|p2a: Ditto|atk|1\n|-unboost|p2b: Kingambit|atk|1\n|-ability|p2b: Kingambit|Defiant|boost\n|-boost|p2b: Kingambit|atk|2\n|move|p2a: Ditto|Iron Defense|p2a: Ditto\n|-boost|p2a: Ditto|def|2\n|move|p1a: Kommo-o|Body Press|p2b: Kingambit\n|-supereffective|p2b: Kingambit\n|-damage|p2b: Kingambit|0 fnt\n|faint|p2b: Kingambit\n|\n|upkeep\n|\n|t:|1699730755\n|switch|p2b: Gastrodon|Gastrodon, L50, F, tera:Grass|70\/100\n|turn|8\n|-message|tom hallo forfeited.\n|\n|win|anShi88\n|raw|anShi88's rating: 1049 &rarr; <strong>1086<\/strong><br \/>(+37 for winning)\n|raw|tom hallo's rating: 1093 &rarr; <strong>1066<\/strong><br \/>(-27 for losing)\n|l|\u2606tom hallo\n","uploadtime":1699730784,"views":16,"p1id":"anshi88","p2id":"tomhallo","formatid":"gen9vgc2023regulatione","rating":1066,"private":0,"password":""}