{"id":"gen9vgc2023regulatione-1989016220","p1":"DDBoi_XD","p2":"chetoculto","format":"[Gen 9] VGC 2023 Regulation E","log":"|j|\u2606DDBoi_XD\n|j|\u2606chetoculto\n|t:|1699802548\n|gametype|doubles\n|player|p1|DDBoi_XD|skyla|1478\n|player|p2|chetoculto|2|1519\n|teamsize|p1|6\n|teamsize|p2|6\n|gen|9\n|tier|[Gen 9] VGC 2023 Regulation E\n|rated|\n|rule|Species Clause: Limit one of each Pok\u00e9mon\n|rule|Item Clause: Limit one of each item\n|clearpoke\n|poke|p1|Mienshao, L50, F|\n|poke|p1|Flutter Mane, L50|\n|poke|p1|Roaring Moon, L50|\n|poke|p1|Urshifu-*, L50, F|\n|poke|p1|Chi-Yu, L50|\n|poke|p1|Gholdengo, L50|\n|poke|p2|Goodra-Hisui, L50, F|\n|poke|p2|Grimmsnarl, L50, M|\n|poke|p2|Gyarados, L50, F|\n|poke|p2|Cresselia, L50, F|\n|poke|p2|Iron Hands, L50|\n|poke|p2|Rillaboom, L50, M|\n|teampreview|4\n|inactive|Battle timer is ON: inactive players will automatically lose when time's up. (requested by chetoculto)\nDDBoi_XD has agreed to open team sheets.\n|j| Heropontiki\n|inactive|chetoculto has 60 seconds left.\n|\n|t:|1699802583\n|start\n|switch|p1a: Flutter Mane|Flutter Mane, L50|100\/100\n|switch|p1b: Chi-Yu|Chi-Yu, L50|100\/100\n|switch|p2a: Grimmsnarl|Grimmsnarl, L50, M, shiny|100\/100\n|switch|p2b: Iron Hands|Iron Hands, L50, shiny|100\/100\n|-ability|p1b: Chi-Yu|Beads of Ruin\n|turn|1\n|\n|t:|1699802602\n|-terastallize|p1b: Chi-Yu|Ghost\n|move|p2a: Grimmsnarl|Light Screen|p2a: Grimmsnarl\n|-sidestart|p2: chetoculto|move: Light Screen\n|move|p1a: Flutter Mane|Dazzling Gleam|p2a: Grimmsnarl|[spread] p2a,p2b\n|-supereffective|p2a: Grimmsnarl\n|-supereffective|p2b: Iron Hands\n|-damage|p2a: Grimmsnarl|28\/100\n|-damage|p2b: Iron Hands|51\/100\n|move|p1b: Chi-Yu|Heat Wave|p2b: Iron Hands|[spread] p2a,p2b\n|-damage|p2a: Grimmsnarl|0 fnt\n|-damage|p2b: Iron Hands|28\/100\n|faint|p2a: Grimmsnarl\n|-damage|p1b: Chi-Yu|91\/100|[from] item: Life Orb\n|move|p2b: Iron Hands|Heavy Slam|p1a: Flutter Mane\n|-supereffective|p1a: Flutter Mane\n|-damage|p1a: Flutter Mane|0 fnt\n|faint|p1a: Flutter Mane\n|-end|p1a: Flutter Mane|Protosynthesis|[silent]\n|\n|upkeep\n|\n|t:|1699802620\n|switch|p1a: Urshifu|Urshifu-Rapid-Strike, L50, F|100\/100\n|switch|p2a: Goodra|Goodra-Hisui, L50, F, shiny|100\/100\n|turn|2\n|inactive|DDBoi_XD has 30 seconds left.\n|inactive|chetoculto has 30 seconds left.\n|\n|t:|1699802651\n|move|p1a: Urshifu|Surging Strikes|p2b: Iron Hands\n|-crit|p2b: Iron Hands\n|-damage|p2b: Iron Hands|13\/100\n|-crit|p2b: Iron Hands\n|-damage|p2b: Iron Hands|0 fnt\n|faint|p2b: Iron Hands\n|-end|p2b: Iron Hands|Quark Drive|[silent]\n|-hitcount|p2: Iron Hands|2\n|move|p1b: Chi-Yu|Heat Wave|p2a: Goodra\n|-damage|p2a: Goodra|67\/100\n|-damage|p1b: Chi-Yu|81\/100|[from] item: Life Orb\n|move|p2a: Goodra|Acid Armor|p2a: Goodra\n|-boost|p2a: Goodra|def|2\n|\n|-heal|p2a: Goodra|73\/100|[from] item: Leftovers\n|upkeep\n|\n|t:|1699802662\n|switch|p2b: Rillaboom|Rillaboom, L50, M, shiny|100\/100\n|-fieldstart|move: Grassy Terrain|[from] ability: Grassy Surge|[of] p2b: Rillaboom\n|turn|3\n|inactive|chetoculto has 30 seconds left.\n|\n|t:|1699802687\n|-terastallize|p2b: Rillaboom|Fire\n|move|p1a: Urshifu|Surging Strikes|p2b: Rillaboom\n|-supereffective|p2b: Rillaboom\n|-crit|p2b: Rillaboom\n|-damage|p2b: Rillaboom|60\/100\n|-supereffective|p2b: Rillaboom\n|-crit|p2b: Rillaboom\n|-damage|p2b: Rillaboom|20\/100\n|-enditem|p2b: Rillaboom|Aguav Berry|[eat]\n|-heal|p2b: Rillaboom|54\/100|[from] item: Aguav Berry\n|-supereffective|p2b: Rillaboom\n|-crit|p2b: Rillaboom\n|-damage|p2b: Rillaboom|16\/100\n|-hitcount|p2b: Rillaboom|3\n|move|p1b: Chi-Yu|Dark Pulse|p2b: Rillaboom\n|-damage|p2b: Rillaboom|0 fnt\n|faint|p2b: Rillaboom\n|-damage|p1b: Chi-Yu|71\/100|[from] item: Life Orb\n|move|p2a: Goodra|Heavy Slam|p1b: Chi-Yu\n|-damage|p1b: Chi-Yu|14\/100\n|\n|-heal|p1b: Chi-Yu|20\/100|[from] Grassy Terrain\n|-heal|p2a: Goodra|79\/100|[from] Grassy Terrain\n|-heal|p2a: Goodra|85\/100|[from] item: Leftovers\n|upkeep\n|turn|4\n|l| Heropontiki\n|inactive|DDBoi_XD has 30 seconds left.\n|\n|t:|1699802718\n|switch|p1a: Gholdengo|Gholdengo, L50|100\/100\n|move|p1b: Chi-Yu|Dark Pulse|p2a: Goodra\n|-damage|p2a: Goodra|56\/100\n|-damage|p1b: Chi-Yu|10\/100|[from] item: Life Orb\n|move|p2a: Goodra|Heavy Slam|p1b: Chi-Yu\n|-damage|p1b: Chi-Yu|0 fnt\n|faint|p1b: Chi-Yu\n|\n|-heal|p2a: Goodra|61\/100|[from] Grassy Terrain\n|-heal|p2a: Goodra|67\/100|[from] item: Leftovers\n|upkeep\n|\n|t:|1699802727\n|switch|p1b: Urshifu|Urshifu-Rapid-Strike, L50, F|100\/100\n|turn|5\n|\n|t:|1699802735\n|move|p1b: Urshifu|Close Combat|p2a: Goodra\n|-supereffective|p2a: Goodra\n|-damage|p2a: Goodra|18\/100\n|-unboost|p1b: Urshifu|def|1\n|-unboost|p1b: Urshifu|spd|1\n|move|p1a: Gholdengo|Nasty Plot|p1a: Gholdengo\n|-boost|p1a: Gholdengo|spa|2\n|move|p2a: Goodra|Body Press|p1b: Urshifu\n|-damage|p1b: Urshifu|27\/100\n|\n|-heal|p1b: Urshifu|33\/100|[from] Grassy Terrain\n|-heal|p2a: Goodra|24\/100|[from] Grassy Terrain\n|-heal|p2a: Goodra|30\/100|[from] item: Leftovers\n|upkeep\n|turn|6\n|-message|chetoculto forfeited.\n|\n|win|DDBoi_XD\n|raw|DDBoi_XD's rating: 1478 &rarr; <strong>1500<\/strong><br \/>(+22 for winning)\n|raw|chetoculto's rating: 1519 &rarr; <strong>1497<\/strong><br \/>(-22 for losing)\n|l|\u2606chetoculto\n|l|\u2606DDBoi_XD\n|j|\u2606DDBoi_XD\n|player|p1|DDBoi_XD|skyla\n","uploadtime":1699802871,"views":9,"p1id":"ddboixd","p2id":"chetoculto","formatid":"gen9vgc2023regulatione","rating":1497,"private":0,"password":""}