{"id":"gen9vgc2023regulatione-1994308606","p1":"tylchi","p2":"manyBirbs","format":"[Gen 9] VGC 2023 Regulation E","log":"|j|\u2606tylchi\n|j|\u2606manyBirbs\n|t:|1700429507\n|gametype|doubles\n|player|p1|tylchi|170|\n|player|p2|manyBirbs|yellow|\n|teamsize|p1|6\n|teamsize|p2|6\n|gen|9\n|tier|[Gen 9] VGC 2023 Regulation E\n|rated|Tournament battle\n|rule|Species Clause: Limit one of each Pok\u00e9mon\n|rule|Item Clause: Limit one of each item\n|clearpoke\n|poke|p1|Regieleki, L50|\n|poke|p1|Grimmsnarl, L50, M|\n|poke|p1|Goodra-Hisui, L50, F|\n|poke|p1|Urshifu-*, L50, M|\n|poke|p1|Moltres-Galar, L50|\n|poke|p1|Landorus-Therian, L50, M|\n|poke|p2|Ogerpon-Hearthflame, L50, F|\n|poke|p2|Rillaboom, L50, M|\n|poke|p2|Chien-Pao, L50|\n|poke|p2|Dragonite, L50, F|\n|poke|p2|Iron Bundle, L50|\n|poke|p2|Farigiraf, L50, M|\n|teampreview|4\n|showteam|p1|Regieleki||Magnet|Transistor|Electroweb,ThunderCage,VoltSwitch,ChargeBeam||||||50|,,,,,Electric]Grimmsnarl||LightClay|Prankster|MistyTerrain,LightScreen,Reflect,SpiritBreak|||M|||50|,,,,,Steel]Goodra-Hisui||Leftovers|SapSipper|BodyPress,Shelter,LifeDew,HeavySlam|||F|||50|,,,,,Water]Urshifu-Rapid-Strike||MysticWater|UnseenFist|SurgingStrikes,CloseCombat,Detect,AquaJet|||M|||50|,,,,,Steel]Moltres-Galar||SitrusBerry|Berserk|FieryWrath,AirSlash,NastyPlot,Protect||||||50|,,,,,Poison]Landorus-Therian||ChoiceScarf|Intimidate|StompingTantrum,Uturn,RockSlide,TeraBlast|||M|||50|,,,,,Flying\n|showteam|p2|Ogerpon-Hearthflame||HearthflameMask|MoldBreaker|GrassyGlide,IvyCudgel,SpikyShield,FocusEnergy|||F|||50|,,,,,Fire]Rillaboom||AssaultVest|GrassySurge|GrassyGlide,HighHorsepower,WoodHammer,FakeOut|||M|||50|,,,,,Fire]Chien-Pao||FocusSash|SwordofRuin|IcicleCrash,SuckerPunch,Protect,Haze||||||50|,,,,,Ghost]Dragonite||ChoiceBand|InnerFocus|ExtremeSpeed,AquaJet,Outrage,StompingTantrum|||F|||50|,,,,,Normal]Iron Bundle||BoosterEnergy|QuarkDrive|FreezeDry,HydroPump,IcyWind,Protect||||||50|,,,,,Ghost]Farigiraf||SitrusBerry|ArmorTail|TrickRoom,Protect,DazzlingGleam,Imprison|||M|||50|,,,,,Fairy\n|inactive|Battle timer is ON: inactive players will automatically lose when time's up. (requested by tylchi)\n|c|\u2606manyBirbs|gl hf\n|j| Luke111192\n|j| bluethasavior\n|j| IcicleStorm13\n|c|\u2606tylchi|glhf\n|j| Mambae2\n|inactive|manyBirbs has 60 seconds left.\n|j| TheRealMyan\n|inactive|manyBirbs has 30 seconds left.\n|inactive|manyBirbs has 20 seconds left.\n|\n|t:|1700429580\n|start\n|switch|p1a: Grimmsnarl|Grimmsnarl, L50, M|100\/100\n|switch|p1b: Landorus|Landorus-Therian, L50, M|100\/100\n|switch|p2a: Hydro Miss|Iron Bundle, L50|100\/100\n|switch|p2b: Friendpon|Ogerpon-Hearthflame, L50, F|100\/100\n|-ability|p1b: Landorus|Intimidate|boost\n|-unboost|p2a: Hydro Miss|atk|1\n|-unboost|p2b: Friendpon|atk|1\n|-ability|p2b: Friendpon|Mold Breaker\n|-enditem|p2a: Hydro Miss|Booster Energy\n|-activate|p2a: Hydro Miss|ability: Quark Drive|[fromitem]\n|-start|p2a: Hydro Miss|quarkdrivespe\n|turn|1\n|inactive|manyBirbs has 30 seconds left.\n|\n|t:|1700429606\n|switch|p1b: Goodra|Goodra-Hisui, L50, F|100\/100\n|-terastallize|p2b: Friendpon|Fire\n|detailschange|p2b: Friendpon|Ogerpon-Hearthflame-Tera, L50, F, tera:Fire\n|-ability|p2b: Friendpon|Embody Aspect (Hearthflame)|boost\n|-boost|p2b: Friendpon|atk|1\n|move|p1a: Grimmsnarl|Light Screen|p1a: Grimmsnarl\n|-sidestart|p1: tylchi|move: Light Screen\n|move|p2a: Hydro Miss|Icy Wind|p1b: Goodra|[spread] p1a,p1b\n|-damage|p1a: Grimmsnarl|88\/100\n|-damage|p1b: Goodra|92\/100\n|-unboost|p1a: Grimmsnarl|spe|1\n|-unboost|p1b: Goodra|spe|1\n|move|p2b: Friendpon|Ivy Cudgel|p1b: Goodra|[anim] Ivy Cudgel Fire\n|-damage|p1b: Goodra|36\/100\n|\n|-heal|p1b: Goodra|42\/100|[from] item: Leftovers\n|upkeep\n|turn|2\n|\n|t:|1700429626\n|-terastallize|p1b: Goodra|Water\n|move|p1a: Grimmsnarl|Reflect|p1a: Grimmsnarl\n|-sidestart|p1: tylchi|Reflect\n|move|p2a: Hydro Miss|Freeze-Dry|p1b: Goodra\n|-supereffective|p1b: Goodra\n|-damage|p1b: Goodra|12\/100\n|-status|p1b: Goodra|frz\n|move|p2b: Friendpon|Focus Energy|p2b: Friendpon\n|-start|p2b: Friendpon|move: Focus Energy\n|cant|p1b: Goodra|frz\n|\n|-heal|p1b: Goodra|18\/100 frz|[from] item: Leftovers\n|upkeep\n|turn|3\n|\n|t:|1700429641\n|move|p2a: Hydro Miss|Freeze-Dry|p1b: Goodra\n|-supereffective|p1b: Goodra\n|-damage|p1b: Goodra|0 fnt\n|faint|p1b: Goodra\n|move|p2b: Friendpon|Ivy Cudgel|p1a: Grimmsnarl|[anim] Ivy Cudgel Fire\n|-crit|p1a: Grimmsnarl\n|-damage|p1a: Grimmsnarl|0 fnt\n|faint|p1a: Grimmsnarl\n|\n|upkeep\n|\n|t:|1700429645\n|switch|p1b: Landorus|Landorus-Therian, L50, M|100\/100\n|switch|p1a: Urshifu|Urshifu-Rapid-Strike, L50, M|100\/100\n|-ability|p1b: Landorus|Intimidate|boost\n|-unboost|p2a: Hydro Miss|atk|1\n|-unboost|p2b: Friendpon|atk|1\n|turn|4\n|inactive|manyBirbs has 30 seconds left.\n|\n|t:|1700429672\n|move|p2a: Hydro Miss|Freeze-Dry|p1b: Landorus\n|-supereffective|p1b: Landorus\n|-damage|p1b: Landorus|0 fnt\n|faint|p1b: Landorus\n|move|p2b: Friendpon|Ivy Cudgel|p1a: Urshifu|[anim] Ivy Cudgel Fire\n|-resisted|p1a: Urshifu\n|-crit|p1a: Urshifu\n|-damage|p1a: Urshifu|37\/100\n|move|p1a: Urshifu|Surging Strikes|p2b: Friendpon\n|-supereffective|p2b: Friendpon\n|-crit|p2b: Friendpon\n|-damage|p2b: Friendpon|33\/100\n|-supereffective|p2b: Friendpon\n|-crit|p2b: Friendpon\n|-damage|p2b: Friendpon|0 fnt\n|faint|p2b: Friendpon\n|-hitcount|p2: Friendpon|2\n|\n|upkeep\n|\n|t:|1700429681\n|switch|p2b: Grass Hands|Rillaboom, L50, M|100\/100\n|-fieldstart|move: Grassy Terrain|[from] ability: Grassy Surge|[of] p2b: Grass Hands\n|turn|5\n|c|\u2606tylchi|gg\n|\n|t:|1700429688\n|move|p1a: Urshifu|Detect|p1a: Urshifu\n|-singleturn|p1a: Urshifu|Protect\n|move|p2b: Grass Hands|Fake Out|p1a: Urshifu\n|-activate|p1a: Urshifu|move: Protect\n|move|p2a: Hydro Miss|Freeze-Dry|p1a: Urshifu\n|-activate|p1a: Urshifu|move: Protect\n|\n|-heal|p1a: Urshifu|43\/100|[from] Grassy Terrain\n|upkeep\n|turn|6\n|\n|t:|1700429700\n|move|p2b: Grass Hands|Grassy Glide|p1a: Urshifu\n|-supereffective|p1a: Urshifu\n|-damage|p1a: Urshifu|0 fnt\n|faint|p1a: Urshifu\n|\n|win|manyBirbs\n|n|\u2606tylchi|tylchi\n|n|\u2606manyBirbs|manybirbs\n|n| Luke111192|luke111192\n|n| bluethasavior|bluethasavior\n|n| IcicleStorm13|iciclestorm13\n|n| Mambae2|mambae2\n|n| TheRealMyan|therealmyan\n","uploadtime":1700429701,"views":4,"p1id":"tylchi","p2id":"manybirbs","formatid":"gen9vgc2023regulatione","rating":0,"private":0,"password":""}