{"id":"gen9vgc2023regulatione-1997857650","p1":"GervaVGC","p2":"conigliovgc","format":"[Gen 9] VGC 2023 Regulation E","log":"|j|\u2606GervaVGC\n|j|\u2606conigliovgc\n|n|\u2606GervaVGC|gervavgc\n|n|\u2606conigliovgc|conigliovgc\n|html|View the match progress at <a href=\"\/game-bestof3-gen9vgc2023regulatione-1997857649\">game-bestof3-gen9vgc2023regulatione-1997857649<\/a>\n|t:|1700860420\n|gametype|doubles\n|player|p1|GervaVGC|clown|\n|player|p2|conigliovgc|2|\n|teamsize|p1|6\n|teamsize|p2|6\n|gen|9\n|tier|[Gen 9] VGC 2023 Regulation E\n|rule|Species Clause: Limit one of each Pok\u00e9mon\n|rule|Item Clause: Limit one of each item\n|clearpoke\n|poke|p1|Glimmora, L50, F|\n|poke|p1|Iron Hands, L50|\n|poke|p1|Tatsugiri, L50, F|\n|poke|p1|Dondozo, L50, F|\n|poke|p1|Ninetales-Alola, L50, M|\n|poke|p1|Ogerpon-Hearthflame, L50, F|\n|poke|p2|Flutter Mane, L50|\n|poke|p2|Chi-Yu, L50|\n|poke|p2|Urshifu-*, L50, M|\n|poke|p2|Landorus-Therian, L50, M|\n|poke|p2|Rillaboom, L50, M|\n|poke|p2|Thundurus, L50, M|\n|teampreview|4\nconigliovgc has agreed to open team sheets.\nGervaVGC has agreed to open team sheets.\n|showteam|p1|Glimmora||FocusSash|ToxicDebris|PowerGem,EarthPower,MortalSpin,SpikyShield|||F|||50|,,,,,Grass]Iron Hands||AssaultVest|QuarkDrive|DrainPunch,WildCharge,FakeOut,HeavySlam||||||50|,,,,,Water]Tatsugiri||ChoiceScarf|Commander|DracoMeteor,MuddyWater,IcyWind,SleepTalk|||F|||50|,,,,,Steel]Dondozo||Leftovers|Unaware|Earthquake,Protect,OrderUp,Substitute|||F|||50|,,,,,Dragon]Ninetales-Alola||LightClay|SnowWarning|FreezeDry,IcyWind,AuroraVeil,Protect|||M|||50|,,,,,Ghost]Ogerpon-Hearthflame||HearthflameMask|MoldBreaker|SpikyShield,IvyCudgel,HornLeech,SwordsDance|||F|||50|,,,,,Fire\n|showteam|p2|Flutter Mane||BoosterEnergy|Protosynthesis|Moonblast,ShadowBall,IcyWind,Protect||||||50|,,,,,Fairy]Chi-Yu||SitrusBerry|BeadsofRuin|HeatWave,Snarl,WillOWisp,Protect||||||50|,,,,,Ghost]Urshifu-Rapid-Strike||SafetyGoggles|UnseenFist|SurgingStrikes,CloseCombat,SwordsDance,Detect|||M|||50|,,,,,Poison]Landorus-Therian||ChoiceScarf|Intimidate|StompingTantrum,TeraBlast,RockSlide,Uturn|||M|||50|,,,,,Flying]Rillaboom||AssaultVest|GrassySurge|WoodHammer,GrassyGlide,Uturn,FakeOut|||M|||50|,,,,,Fire]Thundurus||CovertCloak|Prankster|WildboltStorm,RainDance,ScaryFace,EerieImpulse|||M|||50|,,,,,Water\n|\n|t:|1700860479\n|start\n|switch|p1a: Glimmora|Glimmora, L50, F, shiny|100\/100\n|switch|p1b: Iron Hands|Iron Hands, L50, shiny|100\/100\n|switch|p2a: Thundurus|Thundurus, L50, M|100\/100\n|switch|p2b: Chi-Yu|Chi-Yu, L50|100\/100\n|-ability|p2b: Chi-Yu|Beads of Ruin\n|turn|1\n|\n|t:|1700860517\n|move|p2a: Thundurus|Eerie Impulse|p1a: Glimmora\n|-unboost|p1a: Glimmora|spa|2\n|move|p1a: Glimmora|Power Gem|p2a: Thundurus\n|-supereffective|p2a: Thundurus\n|-damage|p2a: Thundurus|35\/100\n|move|p2b: Chi-Yu|Will-O-Wisp|p1b: Iron Hands\n|-status|p1b: Iron Hands|brn\n|move|p1b: Iron Hands|Wild Charge|p2a: Thundurus\n|-damage|p2a: Thundurus|12\/100\n|-damage|p1b: Iron Hands|96\/100 brn|[from] Recoil\n|\n|-damage|p1b: Iron Hands|90\/100 brn|[from] brn\n|upkeep\n|turn|2\n|\n|t:|1700860556\n|switch|p2a: Rillaboom|Rillaboom, L50, M|100\/100\n|-fieldstart|move: Grassy Terrain|[from] ability: Grassy Surge|[of] p2a: Rillaboom\n|move|p1a: Glimmora|Mortal Spin|p2a: Rillaboom|[spread] p2a,p2b\n|-supereffective|p2a: Rillaboom\n|-damage|p2a: Rillaboom|92\/100\n|-damage|p2b: Chi-Yu|95\/100\n|-status|p2a: Rillaboom|psn\n|-status|p2b: Chi-Yu|psn\n|move|p2b: Chi-Yu|Heat Wave|p1b: Iron Hands|[spread] p1b\n|-miss|p2b: Chi-Yu|p1a: Glimmora\n|-damage|p1b: Iron Hands|66\/100 brn\n|move|p1b: Iron Hands|Drain Punch|p2b: Chi-Yu\n|-supereffective|p2b: Chi-Yu\n|-damage|p2b: Chi-Yu|54\/100 psn\n|-heal|p1b: Iron Hands|79\/100 brn|[from] drain|[of] p2b: Chi-Yu\n|\n|-heal|p2b: Chi-Yu|60\/100 psn|[from] Grassy Terrain\n|-heal|p2a: Rillaboom|98\/100 psn|[from] Grassy Terrain\n|-heal|p1b: Iron Hands|86\/100 brn|[from] Grassy Terrain\n|-damage|p2b: Chi-Yu|47\/100 psn|[from] psn\n|-damage|p2a: Rillaboom|86\/100 psn|[from] psn\n|-damage|p1b: Iron Hands|79\/100 brn|[from] brn\n|upkeep\n|-enditem|p2b: Chi-Yu|Sitrus Berry|[eat]\n|-heal|p2b: Chi-Yu|72\/100 psn|[from] item: Sitrus Berry\n|turn|3\n|\n|t:|1700860584\n|move|p1a: Glimmora|Spiky Shield|p1a: Glimmora\n|-singleturn|p1a: Glimmora|move: Protect\n|move|p2b: Chi-Yu|Heat Wave|p1b: Iron Hands|[spread] p1b\n|-activate|p1a: Glimmora|move: Protect\n|-damage|p1b: Iron Hands|52\/100 brn\n|move|p2a: Rillaboom|Wood Hammer|p1a: Glimmora\n|-activate|p1a: Glimmora|move: Protect\n|-damage|p2a: Rillaboom|73\/100 psn|[from] Spiky Shield|[of] p1a: Glimmora\n|move|p1b: Iron Hands|Drain Punch|p2a: Rillaboom\n|-damage|p2a: Rillaboom|55\/100 psn\n|-heal|p1b: Iron Hands|60\/100 brn|[from] drain|[of] p2a: Rillaboom\n|\n|-heal|p2b: Chi-Yu|79\/100 psn|[from] Grassy Terrain\n|-heal|p2a: Rillaboom|60\/100 psn|[from] Grassy Terrain\n|-heal|p1b: Iron Hands|66\/100 brn|[from] Grassy Terrain\n|-damage|p2b: Chi-Yu|66\/100 psn|[from] psn\n|-damage|p2a: Rillaboom|48\/100 psn|[from] psn\n|-damage|p1b: Iron Hands|60\/100 brn|[from] brn\n|upkeep\n|turn|4\n|\n|t:|1700860616\n|move|p1a: Glimmora|Power Gem|p2b: Chi-Yu\n|-supereffective|p2b: Chi-Yu\n|-damage|p2b: Chi-Yu|29\/100 psn\n|move|p2b: Chi-Yu|Heat Wave|p1b: Iron Hands|[spread] p1a,p1b\n|-resisted|p1a: Glimmora\n|-damage|p1a: Glimmora|67\/100\n|-damage|p1b: Iron Hands|35\/100 brn\n|move|p2a: Rillaboom|Wood Hammer|p1a: Glimmora\n|-damage|p1a: Glimmora|0 fnt\n|-activate|p1a: Glimmora|ability: Toxic Debris\n|-sidestart|p2: conigliovgc|move: Toxic Spikes\n|faint|p1a: Glimmora\n|-damage|p2a: Rillaboom|31\/100 psn|[from] Recoil\n|move|p1b: Iron Hands|Drain Punch|p2b: Chi-Yu\n|-supereffective|p2b: Chi-Yu\n|-damage|p2b: Chi-Yu|0 fnt\n|-heal|p1b: Iron Hands|45\/100 brn|[from] drain|[of] p2b: Chi-Yu\n|faint|p2b: Chi-Yu\n|\n|-heal|p2a: Rillaboom|37\/100 psn|[from] Grassy Terrain\n|-heal|p1b: Iron Hands|51\/100 brn|[from] Grassy Terrain\n|-damage|p2a: Rillaboom|25\/100 psn|[from] psn\n|-damage|p1b: Iron Hands|45\/100 brn|[from] brn\n|upkeep\n|\n|t:|1700860640\n|switch|p1a: Dondozo|Dondozo, L50, F|100\/100\n|switch|p2b: Flutter Mane|Flutter Mane, L50|100\/100\n|-status|p2b: Flutter Mane|psn\n|-enditem|p2b: Flutter Mane|Booster Energy\n|-activate|p2b: Flutter Mane|ability: Protosynthesis|[fromitem]\n|-start|p2b: Flutter Mane|protosynthesisspe\n|turn|5\n|\n|t:|1700860658\n|move|p1a: Dondozo|Protect|p1a: Dondozo\n|-singleturn|p1a: Dondozo|Protect\n|move|p2b: Flutter Mane|Icy Wind|p1b: Iron Hands|[spread] p1b\n|-activate|p1a: Dondozo|move: Protect\n|-damage|p1b: Iron Hands|37\/100 brn\n|-unboost|p1b: Iron Hands|spe|1\n|move|p2a: Rillaboom|Wood Hammer|p1a: Dondozo\n|-activate|p1a: Dondozo|move: Protect\n|move|p1b: Iron Hands|Heavy Slam|p2b: Flutter Mane\n|-supereffective|p2b: Flutter Mane\n|-damage|p2b: Flutter Mane|20\/100 psn\n|\n|-heal|p2b: Flutter Mane|26\/100 psn|[from] Grassy Terrain\n|-heal|p2a: Rillaboom|31\/100 psn|[from] Grassy Terrain\n|-heal|p1b: Iron Hands|43\/100 brn|[from] Grassy Terrain\n|-damage|p2b: Flutter Mane|13\/100 psn|[from] psn\n|-damage|p2a: Rillaboom|19\/100 psn|[from] psn\n|-damage|p1b: Iron Hands|37\/100 brn|[from] brn\n|upkeep\n|turn|6\n|\n|t:|1700860683\n|-end|p1b: Iron Hands|Quark Drive|[silent]\n|switch|p1b: Tatsugiri|Tatsugiri, L50, F, shiny|100\/100\n|-activate|p1b: Tatsugiri|ability: Commander|[of] p1a: Dondozo\n|-boost|p1a: Dondozo|atk|2\n|-boost|p1a: Dondozo|spa|2\n|-boost|p1a: Dondozo|spe|2\n|-boost|p1a: Dondozo|def|2\n|-boost|p1a: Dondozo|spd|2\n|-terastallize|p1a: Dondozo|Dragon\n|move|p2b: Flutter Mane|Moonblast|p1b: Tatsugiri|[miss]\n|-miss|p2b: Flutter Mane|p1b: Tatsugiri\n|move|p1a: Dondozo|Order Up|p2a: Rillaboom\n|-damage|p2a: Rillaboom|0 fnt\n|faint|p2a: Rillaboom\n|-boost|p1a: Dondozo|atk|1\n|\n|-heal|p2b: Flutter Mane|20\/100 psn|[from] Grassy Terrain\n|-damage|p2b: Flutter Mane|7\/100 psn|[from] psn\n|-fieldend|move: Grassy Terrain\n|upkeep\n|\n|t:|1700860686\n|switch|p2a: Thundurus|Thundurus, L50, M|12\/100\n|turn|7\n|\n|t:|1700860702\n|-terastallize|p2b: Flutter Mane|Fairy\n|move|p1a: Dondozo|Protect|p1a: Dondozo\n|-singleturn|p1a: Dondozo|Protect\n|move|p2a: Thundurus|Scary Face|p1a: Dondozo\n|-activate|p1a: Dondozo|move: Protect\n|move|p2b: Flutter Mane|Moonblast|p1a: Dondozo\n|-activate|p1a: Dondozo|move: Protect\n|\n|-damage|p2b: Flutter Mane|0 fnt|[from] psn\n|faint|p2b: Flutter Mane\n|-end|p2b: Flutter Mane|Protosynthesis|[silent]\n|upkeep\n|turn|8\n|\n|t:|1700860714\n|move|p1a: Dondozo|Order Up|p2a: Thundurus\n|-damage|p2a: Thundurus|0 fnt\n|faint|p2a: Thundurus\n|\n|win|GervaVGC\n|c|&|\/uhtml prompt-conigliovgc,conigliovgc is ready for game 2!\n|c|&|\/uhtml prompt-gervavgc,GervaVGC is ready for game 2!\nBoth players are ready! Starting next match!\n|l|\u2606conigliovgc\n","uploadtime":1700860982,"views":29,"p1id":"gervavgc","p2id":"conigliovgc","formatid":"gen9vgc2023regulatione","rating":0,"private":0,"password":""}