{"id":"gen9vgc2023regulatione-1992550859","p1":"17 cats in a coat","p2":"legsyy","format":"[Gen 9] VGC 2023 Regulation E","log":"|j|\u260617 cats in a coat\n|j|\u2606legsyy\n|t:|1700204123\n|gametype|doubles\n|player|p1|17 cats in a coat|pokemonbreederf-gen4|1319\n|player|p2|legsyy|101|1333\n|teamsize|p1|6\n|teamsize|p2|6\n|gen|9\n|tier|[Gen 9] VGC 2023 Regulation E\n|rated|\n|rule|Species Clause: Limit one of each Pok\u00e9mon\n|rule|Item Clause: Limit one of each item\n|clearpoke\n|poke|p1|Armarouge, L50, M|\n|poke|p1|Ursaluna, L50, M|\n|poke|p1|Ogerpon-Cornerstone, L50, F|\n|poke|p1|Indeedee-F, L50, F|\n|poke|p1|Enamorus-Therian, L50, F|\n|poke|p1|Oranguru, L50, M|\n|poke|p2|Dondozo, L50, M|\n|poke|p2|Heatran, L50, F|\n|poke|p2|Ninetales-Alola, L50, M|\n|poke|p2|Baxcalibur, L50, M|\n|poke|p2|Roaring Moon, L50|\n|poke|p2|Sinistcha-Masterpiece, L50|\n|teampreview|4\n|\n|t:|1700204193\n|start\n|switch|p1a: Ogerpon|Ogerpon-Cornerstone, L50, F|100\/100\n|switch|p1b: Oranguru|Oranguru, L50, M|100\/100\n|switch|p2a: AWOO|Ninetales-Alola, L50, M|100\/100\n|switch|p2b: DENNY|Dondozo, L50, M|100\/100\n|-weather|Snow|[from] ability: Snow Warning|[of] p2a: AWOO\n|turn|1\n|inactive|Battle timer is ON: inactive players will automatically lose when time's up. (requested by legsyy)\n|\n|t:|1700204255\n|move|p2a: AWOO|Protect|p2a: AWOO\n|-singleturn|p2a: AWOO|Protect\n|move|p1a: Ogerpon|Ivy Cudgel|p2a: AWOO|[anim] Ivy Cudgel Rock\n|-activate|p2a: AWOO|move: Protect\n|move|p2b: DENNY|Yawn|p1a: Ogerpon\n|-start|p1a: Ogerpon|move: Yawn|[of] p2b: DENNY\n|move|p1b: Oranguru|Trick Room|p1b: Oranguru\n|-fieldstart|move: Trick Room|[of] p1b: Oranguru\n|\n|-weather|Snow|[upkeep]\n|upkeep\n|turn|2\n|inactive|17 cats in a coat has 30 seconds left.\n|inactive|legsyy has 30 seconds left.\n|j| Pikakado\n|inactive|17 cats in a coat has 20 seconds left.\n|inactive|17 cats in a coat has 15 seconds left.\n|\n|t:|1700204300\n|switch|p2a: CUPHEAD|Sinistcha-Masterpiece, L50|100\/100\n|switch|p1a: Enamorus|Enamorus-Therian, L50, F|100\/100\n|move|p2b: DENNY|Wave Crash|p1a: Enamorus\n|-damage|p1a: Enamorus|55\/100\n|-damage|p2b: DENNY|90\/100|[from] Recoil\n|move|p1b: Oranguru|Encore||[still]\n|-fail|p1b: Oranguru\n|\n|-weather|Snow|[upkeep]\n|upkeep\n|turn|3\n|inactive|legsyy has 30 seconds left.\n|inactive|17 cats in a coat has 30 seconds left.\n|inactive|17 cats in a coat has 20 seconds left.\n|inactive|17 cats in a coat has 15 seconds left.\n|\n|t:|1700204347\n|-terastallize|p1a: Enamorus|Fairy\n|move|p2a: CUPHEAD|Protect|p2a: CUPHEAD\n|-singleturn|p2a: CUPHEAD|Protect\n|move|p2b: DENNY|Yawn|p1a: Enamorus\n|-start|p1a: Enamorus|move: Yawn|[of] p2b: DENNY\n|move|p1a: Enamorus|Dazzling Gleam|p2b: DENNY|[spread] p2b\n|-activate|p2a: CUPHEAD|move: Protect\n|-damage|p2b: DENNY|42\/100\n|-enditem|p2b: DENNY|Sitrus Berry|[eat]\n|-heal|p2b: DENNY|66\/100|[from] item: Sitrus Berry\n|move|p1b: Oranguru|Instruct|p1a: Enamorus\n|-singleturn|p1a: Enamorus|move: Instruct|[of] p1b: Oranguru\n|move|p1a: Enamorus|Dazzling Gleam|p2a: CUPHEAD|[spread] p2b\n|-activate|p2a: CUPHEAD|move: Protect\n|-damage|p2b: DENNY|17\/100\n|\n|-weather|Snow|[upkeep]\n|upkeep\n|turn|4\n|inactive|17 cats in a coat has 30 seconds left.\n|inactive|legsyy has 30 seconds left.\n|inactive|17 cats in a coat has 20 seconds left.\n|inactive|legsyy has 20 seconds left.\n|inactive|17 cats in a coat has 15 seconds left.\n|inactive|legsyy has 15 seconds left.\n|inactive|17 cats in a coat has 10 seconds left.\n|inactive|legsyy has 10 seconds left.\n|\n|t:|1700204397\n|switch|p1a: Ogerpon|Ogerpon-Cornerstone, L50, F|100\/100\n|move|p2b: DENNY|Protect|p2b: DENNY\n|-singleturn|p2b: DENNY|Protect\n|move|p1b: Oranguru|Encore|p2a: CUPHEAD\n|-start|p2a: CUPHEAD|Encore\n|move|p2a: CUPHEAD|Protect||[still]\n|-fail|p2a: CUPHEAD\n|\n|-weather|Snow|[upkeep]\n|upkeep\n|turn|5\n|inactive|17 cats in a coat has 30 seconds left.\n|inactive|legsyy has 30 seconds left.\n|inactive|legsyy has 20 seconds left.\n|inactive|legsyy has 15 seconds left.\n|\n|t:|1700204440\n|switch|p2b: AWOO|Ninetales-Alola, L50, M|100\/100\n|move|p1b: Oranguru|Protect|p1b: Oranguru\n|-singleturn|p1b: Oranguru|Protect\n|move|p2a: CUPHEAD|Protect|p2a: CUPHEAD\n|-singleturn|p2a: CUPHEAD|Protect\n|move|p1a: Ogerpon|Ivy Cudgel|p2b: AWOO|[anim] Ivy Cudgel Rock\n|-supereffective|p2b: AWOO\n|-crit|p2b: AWOO\n|-damage|p2b: AWOO|0 fnt\n|faint|p2b: AWOO\n|\n|-weather|none\n|-fieldend|move: Trick Room\n|upkeep\n|\n|t:|1700204458\n|switch|p2b: DENNY|Dondozo, L50, M|17\/100\n|turn|6\n|\n|t:|1700204470\n|switch|p2a: YACHTY|Baxcalibur, L50, M|100\/100\n|move|p1a: Ogerpon|Ivy Cudgel|p2b: DENNY|[anim] Ivy Cudgel Rock\n|-damage|p2b: DENNY|0 fnt\n|faint|p2b: DENNY\n|move|p1b: Oranguru|Trick Room|p1b: Oranguru\n|-fieldstart|move: Trick Room|[of] p1b: Oranguru\n|\n|upkeep\n|\n|t:|1700204479\n|switch|p2b: CUPHEAD|Sinistcha-Masterpiece, L50|100\/100\n|turn|7\n|inactive|17 cats in a coat has 30 seconds left.\n|\n|t:|1700204504\n|-terastallize|p2a: YACHTY|Poison\n|move|p1b: Oranguru|Instruct|p1a: Ogerpon\n|-singleturn|p1a: Ogerpon|move: Instruct|[of] p1b: Oranguru\n|move|p1a: Ogerpon|Ivy Cudgel|p2b: CUPHEAD|[anim] Ivy Cudgel Rock\n|-damage|p2b: CUPHEAD|47\/100\n|move|p2b: CUPHEAD|Calm Mind|p2b: CUPHEAD\n|-boost|p2b: CUPHEAD|spa|1\n|-boost|p2b: CUPHEAD|spd|1\n|move|p2a: YACHTY|Icicle Crash|p1a: Ogerpon\n|-supereffective|p1a: Ogerpon\n|-ability|p1a: Ogerpon|Sturdy\n|-damage|p1a: Ogerpon|1\/100\n|move|p1a: Ogerpon|Ivy Cudgel|p2b: CUPHEAD|[anim] Ivy Cudgel Rock\n|-damage|p2b: CUPHEAD|0 fnt\n|faint|p2b: CUPHEAD\n|\n|upkeep\n|turn|8\n|inactive|legsyy has 30 seconds left.\n|\n|t:|1700204529\n|move|p2a: YACHTY|Ice Shard|p1a: Ogerpon\n|-supereffective|p1a: Ogerpon\n|-damage|p1a: Ogerpon|0 fnt\n|faint|p1a: Ogerpon\n|move|p1b: Oranguru|Instruct|p1: Ogerpon|[notarget]\n|-fail|p1b: Oranguru\n|\n|upkeep\n|\n|t:|1700204534\n|switch|p1a: Ursaluna|Ursaluna, L50, M|100\/100\n|turn|9\n|\n|t:|1700204543\n|move|p1a: Ursaluna|Headlong Rush|p2a: YACHTY\n|-supereffective|p2a: YACHTY\n|-damage|p2a: YACHTY|0 fnt\n|-unboost|p1a: Ursaluna|def|1\n|-unboost|p1a: Ursaluna|spd|1\n|faint|p2a: YACHTY\n|\n|win|17 cats in a coat\n|raw|17 cats in a coat's rating: 1319 &rarr; <strong>1340<\/strong><br \/>(+21 for winning)\n|raw|legsyy's rating: 1333 &rarr; <strong>1312<\/strong><br \/>(-21 for losing)\n|c|\u260617 cats in a coat|gg\n","uploadtime":1700204575,"views":15,"p1id":"17catsinacoat","p2id":"legsyy","formatid":"gen9vgc2023regulatione","rating":1312,"private":0,"password":""}