{"id":"gen9vgc2023regulatione-1997851167","p1":"Kzrjzjzk","p2":"Guest 3154731","format":"[Gen 9] VGC 2023 Regulation E","log":"|j|\u2606Kzrjzjzk\n|j|\u203dGuest 3154731\n|t:|1700859686\n|gametype|doubles\n|player|p1|Kzrjzjzk|lance|1000\n|player|p2|Guest 3154731|teamrocket|1040\n|teamsize|p1|6\n|teamsize|p2|6\n|gen|9\n|tier|[Gen 9] VGC 2023 Regulation E\n|rated|\n|rule|Species Clause: Limit one of each Pok\u00e9mon\n|rule|Item Clause: Limit one of each item\n|clearpoke\n|poke|p1|Flutter Mane, L50|\n|poke|p1|Tornadus, L50, M|\n|poke|p1|Rillaboom, L50, F|\n|poke|p1|Garganacl, L50, M|\n|poke|p1|Arcanine-Hisui, L50, M|\n|poke|p1|Chien-Pao, L50|\n|poke|p2|Indeedee-F, L50, F|\n|poke|p2|Armarouge, L50, M|\n|poke|p2|Amoonguss, L50, F|\n|poke|p2|Iron Hands, L50|\n|poke|p2|Urshifu-*, L50, M|\n|poke|p2|Flutter Mane, L50|\n|teampreview|4\n|inactive|Battle timer is ON: inactive players will automatically lose when time's up. (requested by Guest 3154731)\n|inactive|Guest 3154731 has 60 seconds left.\n|\n|t:|1700859745\n|start\n|switch|p1a: Arcanine|Arcanine-Hisui, L50, M|100\/100\n|switch|p1b: Tornadus|Tornadus, L50, M|100\/100\n|switch|p2a: Urshifu|Urshifu-Rapid-Strike, L50, M|100\/100\n|switch|p2b: Flutter Mane|Flutter Mane, L50|100\/100\n|-ability|p1a: Arcanine|Intimidate|boost\n|-unboost|p2a: Urshifu|atk|1\n|-unboost|p2b: Flutter Mane|atk|1\n|turn|1\n|\n|t:|1700859757\n|switch|p1a: Rillaboom|Rillaboom, L50, F|100\/100\n|-fieldstart|move: Grassy Terrain|[from] ability: Grassy Surge|[of] p1a: Rillaboom\n|move|p2a: Urshifu|Surging Strikes|p1a: Rillaboom\n|-resisted|p1a: Rillaboom\n|-crit|p1a: Rillaboom\n|-damage|p1a: Rillaboom|90\/100\n|-resisted|p1a: Rillaboom\n|-crit|p1a: Rillaboom\n|-damage|p1a: Rillaboom|79\/100\n|-resisted|p1a: Rillaboom\n|-crit|p1a: Rillaboom\n|-damage|p1a: Rillaboom|69\/100\n|-hitcount|p1a: Rillaboom|3\n|move|p2b: Flutter Mane|Dazzling Gleam|p1a: Rillaboom|[spread] p1a,p1b\n|-damage|p1a: Rillaboom|39\/100\n|-damage|p1b: Tornadus|66\/100\n|move|p1b: Tornadus|Bleakwind Storm|p2b: Flutter Mane|[spread] p2a\n|-miss|p1b: Tornadus|p2b: Flutter Mane\n|-supereffective|p2a: Urshifu\n|-damage|p2a: Urshifu|14\/100\n|\n|-heal|p2a: Urshifu|20\/100|[from] Grassy Terrain\n|-heal|p1a: Rillaboom|44\/100|[from] Grassy Terrain\n|upkeep\n|turn|2\n|\n|t:|1700859777\n|switch|p2a: Amoonguss|Amoonguss, L50, F|100\/100\n|-terastallize|p2b: Flutter Mane|Fairy\n|move|p1b: Tornadus|Tailwind|p1b: Tornadus\n|-sidestart|p1: Kzrjzjzk|move: Tailwind\n|move|p1a: Rillaboom|Grassy Glide|p2b: Flutter Mane\n|-damage|p2b: Flutter Mane|40\/100\n|move|p2b: Flutter Mane|Dazzling Gleam|p1a: Rillaboom|[spread] p1a,p1b\n|-crit|p1b: Tornadus\n|-damage|p1a: Rillaboom|5\/100\n|-damage|p1b: Tornadus|2\/100\n|\n|-heal|p1a: Rillaboom|11\/100|[from] Grassy Terrain\n|-heal|p2b: Flutter Mane|45\/100|[from] Grassy Terrain\n|upkeep\n|turn|3\n|\n|t:|1700859798\n|-end|p2b: Flutter Mane|Protosynthesis|[silent]\n|switch|p2b: Iron Hands|Iron Hands, L50|100\/100\n|move|p1b: Tornadus|Taunt|p2a: Amoonguss\n|-start|p2a: Amoonguss|move: Taunt\n|move|p1a: Rillaboom|Grassy Glide|p2b: Iron Hands\n|-damage|p2b: Iron Hands|72\/100\n|move|p2a: Amoonguss|Pollen Puff|p1a: Rillaboom\n|-supereffective|p1a: Rillaboom\n|-damage|p1a: Rillaboom|0 fnt\n|faint|p1a: Rillaboom\n|\n|-heal|p2b: Iron Hands|78\/100|[from] Grassy Terrain\n|upkeep\n|\n|t:|1700859809\n|switch|p1a: Garganacl|Garganacl, L50, M|100\/100\n|turn|4\n|\n|t:|1700859818\n|switch|p2a: Flutter Mane|Flutter Mane, L50, tera:Fairy|45\/100\n|-terastallize|p1a: Garganacl|Ghost\n|move|p2b: Iron Hands|Fake Out|p1b: Tornadus\n|-damage|p1b: Tornadus|0 fnt\n|-damage|p2b: Iron Hands|62\/100|[from] item: Rocky Helmet|[of] p1b: Tornadus\n|faint|p1b: Tornadus\n|move|p1a: Garganacl|Iron Defense|p1a: Garganacl\n|-boost|p1a: Garganacl|def|2\n|\n|-heal|p2a: Flutter Mane|51\/100|[from] Grassy Terrain\n|-heal|p2b: Iron Hands|68\/100|[from] Grassy Terrain\n|upkeep\n|\n|t:|1700859823\n|switch|p1b: Arcanine|Arcanine-Hisui, L50, M|100\/100\n|-ability|p1b: Arcanine|Intimidate|boost\n|-unboost|p2a: Flutter Mane|atk|1\n|-unboost|p2b: Iron Hands|atk|1\n|turn|5\n|inactive|Guest 3154731 has 30 seconds left.\n|inactive|Kzrjzjzk has 30 seconds left.\n|inactive|Guest 3154731 has 20 seconds left.\n|inactive|Guest 3154731 has 15 seconds left.\n|inactive|Guest 3154731 has 10 seconds left.\n|inactive|Guest 3154731 has 5 seconds left.\n|\n|t:|1700859878\n|move|p2b: Iron Hands|Fake Out||[still]\n|-hint|Fake Out only works on your first turn out.\n|-fail|p2b: Iron Hands\n|move|p1b: Arcanine|Rock Slide|p2b: Iron Hands|[spread] p2a,p2b\n|-resisted|p2b: Iron Hands\n|-damage|p2a: Flutter Mane|0 fnt\n|-damage|p2b: Iron Hands|55\/100\n|faint|p2a: Flutter Mane\n|-end|p2a: Flutter Mane|Protosynthesis|[silent]\n|move|p1a: Garganacl|Salt Cure|p2b: Iron Hands\n|-resisted|p2b: Iron Hands\n|-damage|p2b: Iron Hands|50\/100\n|-start|p2b: Iron Hands|Salt Cure\n|\n|-heal|p2b: Iron Hands|56\/100|[from] Grassy Terrain\n|-damage|p2b: Iron Hands|43\/100|[from] Salt Cure\n|-sideend|p1: Kzrjzjzk|move: Tailwind\n|-fieldend|move: Grassy Terrain\n|upkeep\n|\n|t:|1700859892\n|switch|p2a: Urshifu|Urshifu-Rapid-Strike, L50, M|20\/100\n|turn|6\n|\n|t:|1700859903\n|move|p2a: Urshifu|Surging Strikes|p1a: Garganacl\n|-crit|p1a: Garganacl\n|-damage|p1a: Garganacl|84\/100\n|-crit|p1a: Garganacl\n|-damage|p1a: Garganacl|70\/100\n|-crit|p1a: Garganacl\n|-damage|p1a: Garganacl|55\/100\n|-hitcount|p1a: Garganacl|3\n|move|p1b: Arcanine|Rock Slide|p2a: Urshifu|[spread] p2a,p2b\n|-resisted|p2a: Urshifu\n|-resisted|p2b: Iron Hands\n|-damage|p2a: Urshifu|0 fnt\n|-damage|p2b: Iron Hands|30\/100\n|faint|p2a: Urshifu\n|move|p2b: Iron Hands|Drain Punch|p1b: Arcanine\n|-supereffective|p1b: Arcanine\n|-damage|p1b: Arcanine|19\/100\n|-heal|p2b: Iron Hands|58\/100|[from] drain|[of] p1b: Arcanine\n|move|p1a: Garganacl|Salt Cure|p2b: Iron Hands\n|-resisted|p2b: Iron Hands\n|-damage|p2b: Iron Hands|53\/100\n|\n|-damage|p2b: Iron Hands|41\/100|[from] Salt Cure\n|upkeep\n|\n|t:|1700859918\n|switch|p2a: Amoonguss|Amoonguss, L50, F|100\/100\n|turn|7\n|inactive|Kzrjzjzk has 30 seconds left.\n|\n|t:|1700859946\n|move|p1b: Arcanine|Rock Slide|p2b: Iron Hands|[spread] p2a\n|-miss|p1b: Arcanine|p2b: Iron Hands\n|-damage|p2a: Amoonguss|67\/100\n|move|p2b: Iron Hands|Drain Punch|p1b: Arcanine\n|-supereffective|p1b: Arcanine\n|-damage|p1b: Arcanine|0 fnt\n|-heal|p2b: Iron Hands|48\/100|[from] drain|[of] p1b: Arcanine\n|faint|p1b: Arcanine\n|move|p1a: Garganacl|Iron Defense|p1a: Garganacl\n|-boost|p1a: Garganacl|def|2\n|cant|p2a: Amoonguss|flinch\n|\n|-damage|p2b: Iron Hands|35\/100|[from] Salt Cure\n|upkeep\n|turn|8\n|\n|t:|1700859968\n|move|p2b: Iron Hands|Wild Charge|p1a: Garganacl\n|-damage|p1a: Garganacl|47\/100\n|-enditem|p1a: Garganacl|Sitrus Berry|[eat]\n|-heal|p1a: Garganacl|72\/100|[from] item: Sitrus Berry\n|-damage|p2b: Iron Hands|34\/100|[from] Recoil\n|move|p1a: Garganacl|Iron Defense|p1a: Garganacl\n|-boost|p1a: Garganacl|def|2\n|move|p2a: Amoonguss|Pollen Puff|p2b: Iron Hands\n|-heal|p2b: Iron Hands|84\/100\n|\n|-damage|p2b: Iron Hands|71\/100|[from] Salt Cure\n|upkeep\n|turn|9\n|\n|t:|1700859984\n|move|p2b: Iron Hands|Wild Charge|p1a: Garganacl\n|-damage|p1a: Garganacl|64\/100\n|-damage|p2b: Iron Hands|70\/100|[from] Recoil\n|move|p1a: Garganacl|Salt Cure|p2a: Amoonguss\n|-damage|p2a: Amoonguss|55\/100\n|-start|p2a: Amoonguss|Salt Cure\n|move|p2a: Amoonguss|Clear Smog|p1a: Garganacl\n|-resisted|p1a: Garganacl\n|-damage|p1a: Garganacl|60\/100\n|-clearboost|p1a: Garganacl\n|\n|-damage|p2b: Iron Hands|57\/100|[from] Salt Cure\n|-damage|p2a: Amoonguss|43\/100|[from] Salt Cure\n|upkeep\n|turn|10\n|\n|t:|1700859997\n|move|p1a: Garganacl|Protect|p1a: Garganacl\n|-singleturn|p1a: Garganacl|Protect\n|move|p2b: Iron Hands|Wild Charge|p1a: Garganacl\n|-activate|p1a: Garganacl|move: Protect\n|move|p2a: Amoonguss|Pollen Puff|p2b: Iron Hands\n|-heal|p2b: Iron Hands|100\/100\n|\n|-damage|p2b: Iron Hands|88\/100|[from] Salt Cure\n|-damage|p2a: Amoonguss|30\/100|[from] Salt Cure\n|upkeep\n|turn|11\n|\n|t:|1700860010\n|move|p2b: Iron Hands|Wild Charge|p1a: Garganacl\n|-damage|p1a: Garganacl|34\/100\n|-damage|p2b: Iron Hands|82\/100|[from] Recoil\n|move|p1a: Garganacl|Recover|p1a: Garganacl\n|-heal|p1a: Garganacl|84\/100\n|move|p2a: Amoonguss|Clear Smog|p2b: Iron Hands\n|-damage|p2b: Iron Hands|73\/100\n|-clearboost|p2b: Iron Hands\n|\n|-damage|p2b: Iron Hands|61\/100|[from] Salt Cure\n|-damage|p2a: Amoonguss|18\/100|[from] Salt Cure\n|upkeep\n|turn|12\n|\n|t:|1700860023\n|move|p1a: Garganacl|Protect|p1a: Garganacl\n|-singleturn|p1a: Garganacl|Protect\n|move|p2b: Iron Hands|Wild Charge|p1a: Garganacl\n|-activate|p1a: Garganacl|move: Protect\n|move|p2a: Amoonguss|Pollen Puff|p2b: Iron Hands\n|-heal|p2b: Iron Hands|100\/100\n|\n|-damage|p2b: Iron Hands|88\/100|[from] Salt Cure\n|-damage|p2a: Amoonguss|6\/100|[from] Salt Cure\n|upkeep\n|turn|13\n|\n|t:|1700860031\n|move|p2b: Iron Hands|Wild Charge|p1a: Garganacl\n|-damage|p1a: Garganacl|45\/100\n|-damage|p2b: Iron Hands|80\/100|[from] Recoil\n|move|p1a: Garganacl|Recover|p1a: Garganacl\n|-heal|p1a: Garganacl|95\/100\n|move|p2a: Amoonguss|Pollen Puff|p2b: Iron Hands\n|-heal|p2b: Iron Hands|100\/100\n|\n|-damage|p2b: Iron Hands|88\/100|[from] Salt Cure\n|-damage|p2a: Amoonguss|0 fnt|[from] Salt Cure\n|faint|p2a: Amoonguss\n|upkeep\n|turn|14\n|inactive|Guest 3154731 has 30 seconds left.\n|\n|t:|1700860064\n|move|p2b: Iron Hands|Wild Charge|p1a: Garganacl\n|-damage|p1a: Garganacl|57\/100\n|-damage|p2b: Iron Hands|80\/100|[from] Recoil\n|move|p1a: Garganacl|Iron Defense|p1a: Garganacl\n|-boost|p1a: Garganacl|def|2\n|\n|-damage|p2b: Iron Hands|67\/100|[from] Salt Cure\n|upkeep\n|turn|15\n|\n|t:|1700860069\n|move|p2b: Iron Hands|Wild Charge|p1a: Garganacl\n|-damage|p1a: Garganacl|38\/100\n|-damage|p2b: Iron Hands|63\/100|[from] Recoil\n|move|p1a: Garganacl|Recover|p1a: Garganacl\n|-heal|p1a: Garganacl|88\/100\n|\n|-damage|p2b: Iron Hands|51\/100|[from] Salt Cure\n|upkeep\n|turn|16\n|-message|Guest 3154731 forfeited.\n|\n|win|Kzrjzjzk\n|raw|Kzrjzjzk's rating: 1000 &rarr; <strong>1045<\/strong><br \/>(+45 for winning)\n|raw|Guest 3154731's rating: 1040 &rarr; <strong>1022<\/strong><br \/>(-18 for losing)\n|l|\u203dGuest 3154731\n","uploadtime":1700860080,"views":3,"p1id":"kzrjzjzk","p2id":"guest3154731","formatid":"gen9vgc2023regulatione","rating":1022,"private":0,"password":""}