{"id":"gen9vgc2023regulatione-1990948440","p1":"Feverqweem","p2":"mate9987","format":"[Gen 9] VGC 2023 Regulation E","log":"|j|\u203dFeverqweem\n|j|\u2606mate9987\n|t:|1700018551\n|gametype|doubles\n|player|p1|Feverqweem|265|1408\n|player|p2|mate9987|cynthia-gen4|1378\n|teamsize|p1|6\n|teamsize|p2|6\n|gen|9\n|tier|[Gen 9] VGC 2023 Regulation E\n|rated|\n|rule|Species Clause: Limit one of each Pok\u00e9mon\n|rule|Item Clause: Limit one of each item\n|clearpoke\n|poke|p1|Roaring Moon, L50|\n|poke|p1|Gholdengo, L50|\n|poke|p1|Chien-Pao, L50|\n|poke|p1|Arcanine-Hisui, L50, M|\n|poke|p1|Urshifu-*, L50, F|\n|poke|p1|Rillaboom, L50, M|\n|poke|p2|Kommo-o, L50, F|\n|poke|p2|Tyranitar, L50, F|\n|poke|p2|Rillaboom, L50, M|\n|poke|p2|Flutter Mane, L50|\n|poke|p2|Arcanine-Hisui, L50, M|\n|poke|p2|Iron Bundle, L50|\n|teampreview|4\nmate9987 rejected open team sheets.\n|\n|t:|1700018596\n|start\n|switch|p1a: Arcanine|Arcanine-Hisui, L50, M|100\/100\n|switch|p1b: Gholdengo|Gholdengo, L50|100\/100\n|switch|p2a: Arcanine|Arcanine-Hisui, L50, M|100\/100\n|switch|p2b: Kommo-o|Kommo-o, L50, F|100\/100\n|-ability|p2a: Arcanine|Intimidate|boost\n|-unboost|p1a: Arcanine|atk|1\n|-unboost|p1b: Gholdengo|atk|1\n|-ability|p1a: Arcanine|Intimidate|boost\n|-unboost|p2a: Arcanine|atk|1\n|-unboost|p2b: Kommo-o|atk|1\n|turn|1\n|\n|t:|1700018619\n|-terastallize|p1a: Arcanine|Fairy\n|move|p1b: Gholdengo|Protect|p1b: Gholdengo\n|-singleturn|p1b: Gholdengo|Protect\n|move|p2b: Kommo-o|Protect|p2b: Kommo-o\n|-singleturn|p2b: Kommo-o|Protect\n|move|p2a: Arcanine|Flare Blitz|p1b: Gholdengo\n|-activate|p1b: Gholdengo|move: Protect\n|move|p1a: Arcanine|Tera Blast|p2b: Kommo-o|[anim] Tera Blast Fairy\n|-activate|p2b: Kommo-o|move: Protect\n|\n|upkeep\n|turn|2\n|j| 5Sscreen\n|\n|t:|1700018640\n|-terastallize|p2b: Kommo-o|Steel\n|move|p2a: Arcanine|Flare Blitz|p1b: Gholdengo\n|-supereffective|p1b: Gholdengo\n|-damage|p1b: Gholdengo|40\/100\n|-damage|p2a: Arcanine|81\/100|[from] Recoil\n|move|p1a: Arcanine|Tera Blast|p2b: Kommo-o|[anim] Tera Blast Fairy\n|-resisted|p2b: Kommo-o\n|-damage|p2b: Kommo-o|87\/100\n|move|p1b: Gholdengo|Make It Rain|p2a: Arcanine|[spread] p2a,p2b\n|-resisted|p2b: Kommo-o\n|-damage|p2a: Arcanine|33\/100\n|-damage|p2b: Kommo-o|69\/100\n|-unboost|p1b: Gholdengo|spa|1\n|-enditem|p2a: Arcanine|Sitrus Berry|[eat]\n|-heal|p2a: Arcanine|58\/100|[from] item: Sitrus Berry\n|move|p2b: Kommo-o|Iron Defense|p2b: Kommo-o\n|-boost|p2b: Kommo-o|def|2\n|\n|-heal|p1b: Gholdengo|46\/100|[from] item: Leftovers\n|-heal|p2b: Kommo-o|75\/100|[from] item: Leftovers\n|upkeep\n|turn|3\n|\n|t:|1700018663\n|switch|p1a: Rillaboom|Rillaboom, L50, M|100\/100\n|-fieldstart|move: Grassy Terrain|[from] ability: Grassy Surge|[of] p1a: Rillaboom\n|move|p1b: Gholdengo|Protect|p1b: Gholdengo\n|-singleturn|p1b: Gholdengo|Protect\n|move|p2a: Arcanine|Flare Blitz|p1b: Gholdengo\n|-activate|p1b: Gholdengo|move: Protect\n|move|p2b: Kommo-o|Iron Head|p1a: Rillaboom\n|-damage|p1a: Rillaboom|78\/100\n|\n|-heal|p2a: Arcanine|64\/100|[from] Grassy Terrain\n|-heal|p1b: Gholdengo|53\/100|[from] Grassy Terrain\n|-heal|p1b: Gholdengo|59\/100|[from] item: Leftovers\n|-heal|p1a: Rillaboom|84\/100|[from] Grassy Terrain\n|-heal|p2b: Kommo-o|81\/100|[from] Grassy Terrain\n|-heal|p2b: Kommo-o|87\/100|[from] item: Leftovers\n|upkeep\n|turn|4\n|\n|t:|1700018686\n|move|p1a: Rillaboom|Fake Out|p2a: Arcanine\n|-resisted|p2a: Arcanine\n|-damage|p2a: Arcanine|57\/100\n|cant|p2a: Arcanine|flinch\n|move|p1b: Gholdengo|Nasty Plot|p1b: Gholdengo\n|-boost|p1b: Gholdengo|spa|2\n|move|p2b: Kommo-o|Iron Defense|p2b: Kommo-o\n|-boost|p2b: Kommo-o|def|2\n|\n|-heal|p2a: Arcanine|62\/100|[from] Grassy Terrain\n|-heal|p1b: Gholdengo|65\/100|[from] Grassy Terrain\n|-heal|p1b: Gholdengo|71\/100|[from] item: Leftovers\n|-heal|p1a: Rillaboom|90\/100|[from] Grassy Terrain\n|-heal|p2b: Kommo-o|93\/100|[from] Grassy Terrain\n|-heal|p2b: Kommo-o|99\/100|[from] item: Leftovers\n|upkeep\n|turn|5\n|\n|t:|1700018712\n|switch|p1a: Arcanine|Arcanine-Hisui, L50, M, tera:Fairy|100\/100\n|-ability|p1a: Arcanine|Intimidate|boost\n|-unboost|p2a: Arcanine|atk|1\n|-unboost|p2b: Kommo-o|atk|1\n|move|p2a: Arcanine|Flare Blitz|p1b: Gholdengo\n|-supereffective|p1b: Gholdengo\n|-damage|p1b: Gholdengo|30\/100\n|-damage|p2a: Arcanine|49\/100|[from] Recoil\n|move|p1b: Gholdengo|Make It Rain|p2b: Kommo-o|[spread] p2a,p2b\n|-resisted|p2b: Kommo-o\n|-damage|p2a: Arcanine|0 fnt\n|-damage|p2b: Kommo-o|71\/100\n|-unboost|p1b: Gholdengo|spa|1\n|faint|p2a: Arcanine\n|move|p2b: Kommo-o|Body Press|p1a: Arcanine\n|-resisted|p1a: Arcanine\n|-damage|p1a: Arcanine|34\/100\n|\n|-heal|p1a: Arcanine|40\/100|[from] Grassy Terrain\n|-heal|p1b: Gholdengo|36\/100|[from] Grassy Terrain\n|-heal|p1b: Gholdengo|42\/100|[from] item: Leftovers\n|-heal|p2b: Kommo-o|77\/100|[from] Grassy Terrain\n|-heal|p2b: Kommo-o|83\/100|[from] item: Leftovers\n|upkeep\n|\n|t:|1700018719\n|switch|p2a: Flutter Mane|Flutter Mane, L50|100\/100\n|turn|6\n|\n|t:|1700018734\n|move|p1b: Gholdengo|Protect|p1b: Gholdengo\n|-singleturn|p1b: Gholdengo|Protect\n|move|p2a: Flutter Mane|Dazzling Gleam|p1b: Gholdengo|[spread] p1a\n|-activate|p1b: Gholdengo|move: Protect\n|-crit|p1a: Arcanine\n|-damage|p1a: Arcanine|0 fnt\n|faint|p1a: Arcanine\n|move|p2b: Kommo-o|Iron Head|p1b: Gholdengo\n|-activate|p1b: Gholdengo|move: Protect\n|\n|-heal|p1b: Gholdengo|48\/100|[from] Grassy Terrain\n|-heal|p1b: Gholdengo|55\/100|[from] item: Leftovers\n|-heal|p2b: Kommo-o|89\/100|[from] Grassy Terrain\n|-heal|p2b: Kommo-o|95\/100|[from] item: Leftovers\n|upkeep\n|\n|t:|1700018740\n|switch|p1a: Rillaboom|Rillaboom, L50, M|90\/100\n|turn|7\n|\n|t:|1700018766\n|move|p1a: Rillaboom|Fake Out|p2b: Kommo-o\n|-resisted|p2b: Kommo-o\n|-damage|p2b: Kommo-o|93\/100\n|move|p2a: Flutter Mane|Dazzling Gleam|p1a: Rillaboom|[spread] p1a,p1b\n|-resisted|p1b: Gholdengo\n|-damage|p1a: Rillaboom|35\/100\n|-damage|p1b: Gholdengo|29\/100\n|move|p1b: Gholdengo|Shadow Ball|p2a: Flutter Mane\n|-supereffective|p2a: Flutter Mane\n|-damage|p2a: Flutter Mane|22\/100\n|cant|p2b: Kommo-o|flinch\n|\n|-heal|p2a: Flutter Mane|28\/100|[from] Grassy Terrain\n|-heal|p1b: Gholdengo|35\/100|[from] Grassy Terrain\n|-heal|p1b: Gholdengo|41\/100|[from] item: Leftovers\n|-heal|p1a: Rillaboom|40\/100|[from] Grassy Terrain\n|-heal|p2b: Kommo-o|99\/100|[from] Grassy Terrain\n|-heal|p2b: Kommo-o|100\/100|[from] item: Leftovers\n|-fieldend|move: Grassy Terrain\n|upkeep\n|turn|8\n|\n|t:|1700018782\n|switch|p1a: Chien-Pao|Chien-Pao, L50|100\/100\n|-ability|p1a: Chien-Pao|Sword of Ruin\n|move|p1b: Gholdengo|Protect|p1b: Gholdengo\n|-singleturn|p1b: Gholdengo|Protect\n|move|p2a: Flutter Mane|Dazzling Gleam|p1b: Gholdengo|[spread] p1a\n|-activate|p1b: Gholdengo|move: Protect\n|-supereffective|p1a: Chien-Pao\n|-enditem|p1a: Chien-Pao|Focus Sash\n|-damage|p1a: Chien-Pao|1\/100\n|move|p2b: Kommo-o|Body Press|p1a: Chien-Pao\n|-supereffective|p1a: Chien-Pao\n|-damage|p1a: Chien-Pao|0 fnt\n|faint|p1a: Chien-Pao\n|\n|-heal|p1b: Gholdengo|47\/100|[from] item: Leftovers\n|upkeep\n|\n|t:|1700018791\n|switch|p1a: Rillaboom|Rillaboom, L50, M|40\/100\n|-fieldstart|move: Grassy Terrain|[from] ability: Grassy Surge|[of] p1a: Rillaboom\n|turn|9\n|\n|t:|1700018802\n|move|p2b: Kommo-o|Protect|p2b: Kommo-o\n|-singleturn|p2b: Kommo-o|Protect\n|move|p1a: Rillaboom|Grassy Glide|p2a: Flutter Mane\n|-damage|p2a: Flutter Mane|0 fnt\n|faint|p2a: Flutter Mane\n|-end|p2a: Flutter Mane|Protosynthesis|[silent]\n|move|p1b: Gholdengo|Nasty Plot|p1b: Gholdengo\n|-boost|p1b: Gholdengo|spa|2\n|\n|-heal|p1b: Gholdengo|54\/100|[from] Grassy Terrain\n|-heal|p1b: Gholdengo|60\/100|[from] item: Leftovers\n|-heal|p1a: Rillaboom|46\/100|[from] Grassy Terrain\n|upkeep\n|\n|t:|1700018807\n|switch|p2a: Iron Bundle|Iron Bundle, L50|100\/100\n|-enditem|p2a: Iron Bundle|Booster Energy\n|-activate|p2a: Iron Bundle|ability: Quark Drive|[fromitem]\n|-start|p2a: Iron Bundle|quarkdrivespe\n|turn|10\n|\n|t:|1700018836\n|move|p1b: Gholdengo|Protect|p1b: Gholdengo\n|-singleturn|p1b: Gholdengo|Protect\n|move|p1a: Rillaboom|Protect|p1a: Rillaboom\n|-singleturn|p1a: Rillaboom|Protect\n|move|p2a: Iron Bundle|Icy Wind|p1a: Rillaboom|[spread] \n|-activate|p1a: Rillaboom|move: Protect\n|-activate|p1b: Gholdengo|move: Protect\n|move|p2b: Kommo-o|Iron Head|p1b: Gholdengo\n|-activate|p1b: Gholdengo|move: Protect\n|\n|-heal|p1b: Gholdengo|66\/100|[from] Grassy Terrain\n|-heal|p1b: Gholdengo|72\/100|[from] item: Leftovers\n|-heal|p1a: Rillaboom|52\/100|[from] Grassy Terrain\n|upkeep\n|turn|11\n|\n|t:|1700018860\n|move|p1a: Rillaboom|Grassy Glide|p2a: Iron Bundle\n|-supereffective|p2a: Iron Bundle\n|-damage|p2a: Iron Bundle|0 fnt\n|faint|p2a: Iron Bundle\n|-end|p2a: Iron Bundle|Quark Drive|[silent]\n|move|p1b: Gholdengo|Nasty Plot|p1b: Gholdengo\n|-boost|p1b: Gholdengo|spa|2\n|move|p2b: Kommo-o|Iron Head|p1b: Gholdengo\n|-resisted|p1b: Gholdengo\n|-damage|p1b: Gholdengo|65\/100\n|\n|-heal|p1b: Gholdengo|71\/100|[from] Grassy Terrain\n|-heal|p1b: Gholdengo|77\/100|[from] item: Leftovers\n|-heal|p1a: Rillaboom|58\/100|[from] Grassy Terrain\n|upkeep\n|turn|12\n|\n|t:|1700018871\n|move|p1b: Gholdengo|Nasty Plot|p1b: Gholdengo\n|-boost|p1b: Gholdengo|spa|2\n|move|p1a: Rillaboom|Wood Hammer|p2b: Kommo-o\n|-resisted|p2b: Kommo-o\n|-damage|p2b: Kommo-o|89\/100\n|-damage|p1a: Rillaboom|54\/100|[from] Recoil\n|move|p2b: Kommo-o|Iron Head|p1a: Rillaboom\n|-damage|p1a: Rillaboom|35\/100\n|\n|-heal|p1b: Gholdengo|83\/100|[from] Grassy Terrain\n|-heal|p1b: Gholdengo|90\/100|[from] item: Leftovers\n|-heal|p1a: Rillaboom|40\/100|[from] Grassy Terrain\n|-heal|p2b: Kommo-o|95\/100|[from] Grassy Terrain\n|-heal|p2b: Kommo-o|100\/100|[from] item: Leftovers\n|upkeep\n|turn|13\n|\n|t:|1700018887\n|move|p1a: Rillaboom|Protect|p1a: Rillaboom\n|-singleturn|p1a: Rillaboom|Protect\n|move|p1b: Gholdengo|Shadow Ball|p2b: Kommo-o\n|-immune|p2b: Kommo-o|[from] ability: Bulletproof\n|move|p2b: Kommo-o|Body Press|p1a: Rillaboom\n|-activate|p1a: Rillaboom|move: Protect\n|\n|-heal|p1b: Gholdengo|96\/100|[from] Grassy Terrain\n|-heal|p1b: Gholdengo|100\/100|[from] item: Leftovers\n|-heal|p1a: Rillaboom|46\/100|[from] Grassy Terrain\n|-fieldend|move: Grassy Terrain\n|upkeep\n|turn|14\n|\n|t:|1700018897\n|move|p1b: Gholdengo|Make It Rain|p2b: Kommo-o\n|-resisted|p2b: Kommo-o\n|-damage|p2b: Kommo-o|4\/100\n|-unboost|p1b: Gholdengo|spa|1\n|move|p1a: Rillaboom|Wood Hammer|p2b: Kommo-o\n|-resisted|p2b: Kommo-o\n|-damage|p2b: Kommo-o|0 fnt\n|faint|p2b: Kommo-o\n|-damage|p1a: Rillaboom|45\/100|[from] Recoil\n|\n|win|Feverqweem\n|raw|Feverqweem's rating: 1408 &rarr; <strong>1426<\/strong><br \/>(+18 for winning)\n|raw|mate9987's rating: 1378 &rarr; <strong>1360<\/strong><br \/>(-18 for losing)\n|l|\u2606mate9987\n|l|\u203dFeverqweem\n|j|\u203dFeverqweem\n|player|p1|Feverqweem|265\n|n|\u203dFeverqweem|feverqweem\n","uploadtime":1700019337,"views":12,"p1id":"feverqweem","p2id":"mate9987","formatid":"gen9vgc2023regulatione","rating":1360,"private":0,"password":""}