{"id":"gen9vgc2023regulatione-1990025254","p1":"BPTRY","p2":"BlueJayX2","format":"[Gen 9] VGC 2023 Regulation E","log":"|j|\u2606BPTRY\n|j|\u2606BlueJayX2\n|t:|1699916583\n|gametype|doubles\n|player|p1|BPTRY|pokemaniac|1035\n|player|p2|BlueJayX2|marley|1122\n|teamsize|p1|6\n|teamsize|p2|6\n|gen|9\n|tier|[Gen 9] VGC 2023 Regulation E\n|rated|\n|rule|Species Clause: Limit one of each Pok\u00e9mon\n|rule|Item Clause: Limit one of each item\n|clearpoke\n|poke|p1|Rabsca, L50, F|\n|poke|p1|Golem, L50, M|\n|poke|p1|Azelf, L50|\n|poke|p1|Garganacl, L50, F|\n|poke|p1|Regidrago, L50|\n|poke|p1|Skuntank, L50, M|\n|poke|p2|Great Tusk, L50|\n|poke|p2|Iron Treads, L50|\n|poke|p2|Rotom-Heat, L50|\n|poke|p2|Indeedee-F, L50, F|\n|poke|p2|Rillaboom, L50, M|\n|poke|p2|Corviknight, L50, M|\n|teampreview|4\n|inactive|Battle timer is ON: inactive players will automatically lose when time's up. (requested by BlueJayX2)\n|\n|t:|1699916600\n|start\n|switch|p1a: Rabsca|Rabsca, L50, F|100\/100\n|switch|p1b: Golem|Golem, L50, M|100\/100\n|switch|p2a: Great Tusk|Great Tusk, L50|100\/100\n|switch|p2b: Iron Treads|Iron Treads, L50|100\/100\n|turn|1\n|\n|t:|1699916622\n|move|p2b: Iron Treads|Iron Head|p1b: Golem\n|-supereffective|p1b: Golem\n|-damage|p1b: Golem|10\/100\n|move|p2a: Great Tusk|Headlong Rush|p1b: Golem\n|-supereffective|p1b: Golem\n|-damage|p1b: Golem|0 fnt\n|-unboost|p2a: Great Tusk|def|1\n|-unboost|p2a: Great Tusk|spd|1\n|faint|p1b: Golem\n|move|p1a: Rabsca|Trick Room|p1a: Rabsca\n|-fieldstart|move: Trick Room|[of] p1a: Rabsca\n|\n|upkeep\n|\n|t:|1699916629\n|switch|p1b: Regidrago|Regidrago, L50|100\/100\n|turn|2\n|\n|t:|1699916639\n|-end|p2b: Iron Treads|Quark Drive|[silent]\n|switch|p2b: Indeedee|Indeedee-F, L50, F|100\/100\n|-fieldstart|move: Psychic Terrain|[from] ability: Psychic Surge|[of] p2b: Indeedee\n|move|p1a: Rabsca|Protect|p1a: Rabsca\n|-singleturn|p1a: Rabsca|Protect\n|move|p1b: Regidrago|Earthquake|p2a: Great Tusk|[spread] p2a,p2b\n|-activate|p1a: Rabsca|move: Protect\n|-crit|p2a: Great Tusk\n|-damage|p2a: Great Tusk|37\/100\n|-damage|p2b: Indeedee|45\/100\n|-enditem|p2b: Indeedee|Eject Button\n|\n|t:|1699916651\n|switch|p2b: Rotom|Rotom-Heat, L50|100\/100\n|move|p2a: Great Tusk|Ice Spinner|p1b: Regidrago\n|-supereffective|p1b: Regidrago\n|-damage|p1b: Regidrago|43\/100\n|-fieldend|move: Psychic Terrain\n|\n|upkeep\n|turn|3\n|\n|t:|1699916670\n|switch|p1b: Azelf|Azelf, L50|100\/100\n|move|p1a: Rabsca|Revival Blessing|p1a: Rabsca\n|-enditem|p1a: Rabsca|Leppa Berry|[eat]\n|-activate|p1a: Rabsca|item: Leppa Berry|Revival Blessing|[consumed]\n|\n|t:|1699916676\n|-heal|p1: Golem|50\/100|[from] move: Revival Blessing\n|move|p2b: Rotom|Sunny Day|p2b: Rotom\n|-weather|SunnyDay\n|-activate|p2a: Great Tusk|ability: Protosynthesis\n|-start|p2a: Great Tusk|protosynthesisatk\n|move|p2a: Great Tusk|Ice Spinner|p1b: Azelf\n|-damage|p1b: Azelf|49\/100\n|\n|-weather|SunnyDay|[upkeep]\n|upkeep\n|turn|4\n|inactive|BlueJayX2 has 30 seconds left.\n|\n|t:|1699916704\n|-end|p2a: Great Tusk|Protosynthesis|[silent]\n|switch|p2a: Indeedee|Indeedee-F, L50, F|45\/100\n|-fieldstart|move: Psychic Terrain|[from] ability: Psychic Surge|[of] p2a: Indeedee\n|move|p1a: Rabsca|Protect|p1a: Rabsca\n|-singleturn|p1a: Rabsca|Protect\n|move|p2b: Rotom|Volt Switch|p1b: Azelf\n|-damage|p1b: Azelf|16\/100\n|\n|t:|1699916714\n|switch|p2b: Iron Treads|Iron Treads, L50|100\/100|[from] Volt Switch\n|move|p1b: Azelf|Explosion|p2b: Iron Treads|[spread] p2a,p2b\n|-activate|p1a: Rabsca|move: Protect\n|-enditem|p1b: Azelf|Normal Gem|[from] gem\n|-resisted|p2b: Iron Treads\n|-damage|p2a: Indeedee|0 fnt\n|-damage|p2b: Iron Treads|55\/100\n|faint|p1b: Azelf\n|faint|p2a: Indeedee\n|\n|-weather|SunnyDay|[upkeep]\n|upkeep\n|inactive|BPTRY has 30 seconds left.\n|inactive|BPTRY has 20 seconds left.\n|inactive|BPTRY has 15 seconds left.\n|inactive|BPTRY has 10 seconds left.\n|inactive|BPTRY has 5 seconds left.\n|\n|t:|1699916769\n|switch|p1b: Golem|Golem, L50, M|50\/100\n|switch|p2a: Great Tusk|Great Tusk, L50|37\/100\n|-activate|p2a: Great Tusk|ability: Protosynthesis\n|-start|p2a: Great Tusk|protosynthesisatk\n|turn|5\n|\n|t:|1699916794\n|-end|p2a: Great Tusk|Protosynthesis|[silent]\n|switch|p2a: Rotom|Rotom-Heat, L50|100\/100\n|move|p1a: Rabsca|Revival Blessing|p1a: Rabsca\n|\n|t:|1699916798\n|-heal|p1: Azelf|50\/100|[from] move: Revival Blessing\n|move|p1b: Golem|Explosion|p2a: Rotom|[spread] p2a,p2b\n|-activate|p1a: Rabsca|ability: Telepathy\n|-resisted|p2b: Iron Treads\n|-damage|p2a: Rotom|11\/100\n|-damage|p2b: Iron Treads|16\/100\n|faint|p1b: Golem\n|move|p2b: Iron Treads|Steel Roller|p1a: Rabsca\n|-crit|p1a: Rabsca\n|-damage|p1a: Rabsca|0 fnt\n|-fieldend|move: Psychic Terrain\n|faint|p1a: Rabsca\n|\n|-weather|SunnyDay|[upkeep]\n|-heal|p2a: Rotom|17\/100|[from] item: Leftovers\n|-fieldend|move: Trick Room\n|upkeep\n|\n|t:|1699916808\n|switch|p1b: Regidrago|Regidrago, L50|43\/100\n|switch|p1a: Azelf|Azelf, L50|50\/100\n|turn|6\n|-message|BPTRY forfeited.\n|\n|win|BlueJayX2\n|raw|BPTRY's rating: 1035 &rarr; <strong>1023<\/strong><br \/>(-12 for losing)\n|raw|BlueJayX2's rating: 1122 &rarr; <strong>1141<\/strong><br \/>(+19 for winning)\n|l|\u2606BPTRY\n","uploadtime":1699916854,"views":29,"p1id":"bptry","p2id":"bluejayx2","formatid":"gen9vgc2023regulatione","rating":1023,"private":0,"password":""}