{"id":"gen9vgc2023regulatione-1988764228","p1":"LiluziHit","p2":"OMGPACHIMARI","format":"[Gen 9] VGC 2023 Regulation E","log":"|j|\u2606LiluziHit\n|j|\u2606OMGPACHIMARI\n|n|\u2606LiluziHit|liluzihit\n|n|\u2606OMGPACHIMARI|omgpachimari\n|html|View the match progress at <a href=\"\/game-bestof3-gen9vgc2023regulatione-1988764227\">game-bestof3-gen9vgc2023regulatione-1988764227<\/a>\n|t:|1699760117\n|gametype|doubles\n|player|p1|LiluziHit|blue|\n|player|p2|OMGPACHIMARI|norman|\n|teamsize|p1|6\n|teamsize|p2|6\n|gen|9\n|tier|[Gen 9] VGC 2023 Regulation E\n|rule|Species Clause: Limit one of each Pok\u00e9mon\n|rule|Item Clause: Limit one of each item\n|clearpoke\n|poke|p1|Kingambit, L50, F|\n|poke|p1|Landorus-Therian, L50, M|\n|poke|p1|Ursaluna-Bloodmoon, L50, M|\n|poke|p1|Dusknoir, L50, F|\n|poke|p1|Munkidori, L50, M|\n|poke|p1|Bruxish, L50, M|\n|poke|p2|Dragonite, L50, M|\n|poke|p2|Bombirdier, L50, M|\n|poke|p2|Volcarona, L50, F|\n|poke|p2|Tsareena, L50, F|\n|poke|p2|Grumpig, L50, F|\n|poke|p2|Primeape, L50, F|\n|teampreview|4\n|inactive|Battle timer is ON: inactive players will automatically lose when time's up. (requested by OMGPACHIMARI)\n|inactiveoff|Battle timer is now OFF.\nOMGPACHIMARI rejected open team sheets.\n|c|\u2606OMGPACHIMARI|hihi!\n|c|\u2606LiluziHit|gl gl\n|j| Tuxmux\n|c| Tuxmux|RETURN OF S1\n|c|\u2606OMGPACHIMARI|oh god dude\n|\n|t:|1699760189\n|start\n|switch|p1a: Dusknoir|Dusknoir, L50, F|100\/100\n|switch|p1b: Munkidori|Munkidori, L50, M|100\/100\n|switch|p2a: Grumpig|Grumpig, L50, F|100\/100\n|switch|p2b: Primeape|Primeape, L50, F|100\/100\n|-item|p2a: Grumpig|Iapapa Berry|[from] ability: Frisk|[of] p1a: Dusknoir|[identify]\n|-item|p2b: Primeape|Eviolite|[from] ability: Frisk|[of] p1a: Dusknoir|[identify]\n|turn|1\n|c|\u2606OMGPACHIMARI|JL is good now, I'm afraid\n|\n|t:|1699760219\n|move|p2b: Primeape|Protect|p2b: Primeape\n|-singleturn|p2b: Primeape|Protect\n|move|p1b: Munkidori|Taunt|p2a: Grumpig\n|-start|p2a: Grumpig|move: Taunt\n|move|p2a: Grumpig|Earth Power|p1b: Munkidori\n|-supereffective|p1b: Munkidori\n|-damage|p1b: Munkidori|59\/100\n|move|p1a: Dusknoir|Will-O-Wisp|p2b: Primeape\n|-activate|p2b: Primeape|move: Protect\n|\n|upkeep\n|turn|2\n|\n|t:|1699760263\n|move|p1b: Munkidori|Sludge Wave|p2a: Grumpig|[spread] p1a,p2a,p2b\n|-resisted|p1a: Dusknoir\n|-damage|p1a: Dusknoir|89\/100\n|-damage|p2a: Grumpig|74\/100\n|-damage|p2b: Primeape|75\/100\n|-status|p2b: Primeape|psn\n|move|p2b: Primeape|Ice Punch|p1b: Munkidori\n|-damage|p1b: Munkidori|29\/100\n|move|p2a: Grumpig|Earth Power|p1b: Munkidori\n|-supereffective|p1b: Munkidori\n|-crit|p1b: Munkidori\n|-damage|p1b: Munkidori|0 fnt\n|faint|p1b: Munkidori\n|move|p1a: Dusknoir|Trick Room|p1a: Dusknoir\n|-fieldstart|move: Trick Room|[of] p1a: Dusknoir\n|\n|-damage|p2b: Primeape|63\/100 psn|[from] psn\n|upkeep\n|\n|t:|1699760272\n|switch|p1b: Ursaluna|Ursaluna-Bloodmoon, L50, M|100\/100\n|turn|3\n|\n|t:|1699760290\n|-terastallize|p1b: Ursaluna|Normal\n|-terastallize|p2b: Primeape|Steel\n|move|p1a: Dusknoir|Brick Break|p1b: Ursaluna\n|-supereffective|p1b: Ursaluna\n|-damage|p1b: Ursaluna|77\/100\n|-enditem|p1b: Ursaluna|Weakness Policy\n|-boost|p1b: Ursaluna|atk|2|[from] item: Weakness Policy\n|-boost|p1b: Ursaluna|spa|2|[from] item: Weakness Policy\n|move|p1b: Ursaluna|Hyper Voice|p2a: Grumpig|[spread] p2a,p2b\n|-resisted|p2b: Primeape\n|-damage|p2a: Grumpig|0 fnt\n|-damage|p2b: Primeape|20\/100 psn\n|faint|p2a: Grumpig\n|move|p2b: Primeape|Ice Punch|p1b: Ursaluna\n|-damage|p1b: Ursaluna|62\/100\n|\n|-damage|p2b: Primeape|8\/100 psn|[from] psn\n|upkeep\n|\n|t:|1699760304\n|switch|p2a: Dragonite|Dragonite, L50, M|100\/100\n|turn|4\n|\n|t:|1699760316\n|move|p1a: Dusknoir|Helping Hand|p1b: Ursaluna\n|-singleturn|p1b: Ursaluna|Helping Hand|[of] p1a: Dusknoir\n|move|p1b: Ursaluna|Hyper Voice|p2b: Primeape|[spread] p2a,p2b\n|-resisted|p2b: Primeape\n|-damage|p2a: Dragonite|18\/100\n|-damage|p2b: Primeape|0 fnt\n|faint|p2b: Primeape\n|move|p2a: Dragonite|Earthquake|p1a: Dusknoir|[spread] p1a,p1b\n|-damage|p1a: Dusknoir|61\/100\n|-damage|p1b: Ursaluna|41\/100\n|\n|upkeep\n|\n|t:|1699760325\n|switch|p2b: Bombirdier|Bombirdier, L50, M|100\/100\n|turn|5\n|\n|t:|1699760332\n|move|p1a: Dusknoir|Helping Hand|p1b: Ursaluna\n|-singleturn|p1b: Ursaluna|Helping Hand|[of] p1a: Dusknoir\n|move|p2a: Dragonite|Extreme Speed|p1b: Ursaluna\n|-damage|p1b: Ursaluna|22\/100\n|move|p1b: Ursaluna|Hyper Voice|p2a: Dragonite|[spread] p2a,p2b\n|-damage|p2a: Dragonite|0 fnt\n|-damage|p2b: Bombirdier|0 fnt\n|faint|p2a: Dragonite\n|faint|p2b: Bombirdier\n|\n|win|LiluziHit\n|c|&|\/uhtml prompt-liluzihit,LiluziHit is ready for game 2!\n|c|&|\/uhtml prompt-omgpachimari,OMGPACHIMARI is ready for game 2!\nBoth players are ready! Starting next match!\n","uploadtime":1699761273,"views":45,"p1id":"liluzihit","p2id":"omgpachimari","formatid":"gen9vgc2023regulatione","rating":0,"private":0,"password":""}