{"id":"gen9vgc2023regulatione-1991976226","p1":"dsk12345","p2":"BeckerVGC","format":"[Gen 9] VGC 2023 Regulation E","log":"|j|\u2606dsk12345\n|j|\u2606BeckerVGC\n|t:|1700144324\n|gametype|doubles\n|player|p1|dsk12345|2|1236\n|player|p2|BeckerVGC|hiker-gen4|1244\n|teamsize|p1|6\n|teamsize|p2|6\n|gen|9\n|tier|[Gen 9] VGC 2023 Regulation E\n|rated|\n|rule|Species Clause: Limit one of each Pok\u00e9mon\n|rule|Item Clause: Limit one of each item\n|clearpoke\n|poke|p1|Ogerpon-Hearthflame, L50, F|\n|poke|p1|Urshifu-*, L50, M|\n|poke|p1|Tornadus, L50, M|\n|poke|p1|Landorus-Therian, L50, M|\n|poke|p1|Flutter Mane, L50|\n|poke|p1|Kingambit, L50, M|\n|poke|p2|Urshifu-*, L50, F|\n|poke|p2|Iron Hands, L50|\n|poke|p2|Heatran, L50, F|\n|poke|p2|Flutter Mane, L50|\n|poke|p2|Tornadus, L50, M|\n|poke|p2|Amoonguss, L50, F|\n|teampreview|4\n|inactive|Battle timer is ON: inactive players will automatically lose when time's up. (requested by dsk12345)\n|inactive|BeckerVGC has 60 seconds left.\n|\n|t:|1700144363\n|start\n|switch|p1a: Kingambit|Kingambit, L50, M, shiny|100\/100\n|switch|p1b: Flutter Mane|Flutter Mane, L50|100\/100\n|switch|p2a: Tornadus|Tornadus, L50, M|100\/100\n|switch|p2b: Urshifu|Urshifu, L50, F|100\/100\n|-enditem|p1b: Flutter Mane|Booster Energy\n|-activate|p1b: Flutter Mane|ability: Protosynthesis|[fromitem]\n|-start|p1b: Flutter Mane|protosynthesisspe\n|turn|1\n|inactive|BeckerVGC has 30 seconds left.\n|\n|t:|1700144391\n|-terastallize|p2b: Urshifu|Poison\n|-terastallize|p1a: Kingambit|Ghost\n|move|p2a: Tornadus|Tailwind|p2a: Tornadus\n|-sidestart|p2: BeckerVGC|move: Tailwind\n|move|p1b: Flutter Mane|Dazzling Gleam|p2b: Urshifu|[spread] p2a,p2b\n|-resisted|p2b: Urshifu\n|-damage|p2a: Tornadus|64\/100\n|-damage|p2b: Urshifu|83\/100\n|move|p2b: Urshifu|Poison Jab|p1a: Kingambit\n|-resisted|p1a: Kingambit\n|-crit|p1a: Kingambit\n|-damage|p1a: Kingambit|68\/100\n|move|p1a: Kingambit|Swords Dance|p1a: Kingambit\n|-boost|p1a: Kingambit|atk|2\n|\n|upkeep\n|turn|2\n|inactive|BeckerVGC has 30 seconds left.\n|\n|t:|1700144421\n|move|p1a: Kingambit|Sucker Punch|p2b: Urshifu\n|-damage|p2b: Urshifu|0 fnt\n|faint|p2b: Urshifu\n|move|p2a: Tornadus|Bleakwind Storm|p1a: Kingambit|[spread] p1a,p1b\n|-damage|p1a: Kingambit|30\/100\n|-damage|p1b: Flutter Mane|64\/100\n|move|p1b: Flutter Mane|Trick Room|p1b: Flutter Mane\n|-fieldstart|move: Trick Room|[of] p1b: Flutter Mane\n|\n|upkeep\n|\n|t:|1700144429\n|switch|p2b: Heatran|Heatran, L50, F|100\/100\n|turn|3\n|\n|t:|1700144448\n|switch|p2a: Iron Hands|Iron Hands, L50|100\/100\n|-end|p1b: Flutter Mane|Protosynthesis|[silent]\n|switch|p1b: Urshifu|Urshifu-Rapid-Strike, L50, M|100\/100\n|move|p1a: Kingambit|Kowtow Cleave|p2b: Heatran\n|-damage|p2b: Heatran|0 fnt\n|faint|p2b: Heatran\n|\n|upkeep\n|\n|t:|1700144458\n|switch|p2b: Tornadus|Tornadus, L50, M|64\/100\n|turn|4\n|\n|t:|1700144471\n|switch|p1b: Landorus|Landorus-Therian, L50, M|100\/100\n|-ability|p1b: Landorus|Intimidate|boost\n|-unboost|p2a: Iron Hands|atk|1\n|-unboost|p2b: Tornadus|atk|1\n|move|p2a: Iron Hands|Fake Out|p1a: Kingambit\n|-immune|p1a: Kingambit\n|move|p1a: Kingambit|Kowtow Cleave|p2b: Tornadus\n|-damage|p2b: Tornadus|0 fnt\n|faint|p2b: Tornadus\n|\n|-sideend|p2: BeckerVGC|move: Tailwind\n|upkeep\n|turn|5\n|\n|t:|1700144487\n|move|p1a: Kingambit|Kowtow Cleave|p2a: Iron Hands\n|-resisted|p2a: Iron Hands\n|-damage|p2a: Iron Hands|60\/100\n|move|p2a: Iron Hands|Heavy Slam|p1a: Kingambit\n|-damage|p1a: Kingambit|15\/100\n|move|p1b: Landorus|Stomping Tantrum|p2a: Iron Hands\n|-supereffective|p2a: Iron Hands\n|-damage|p2a: Iron Hands|0 fnt\n|faint|p2a: Iron Hands\n|-end|p2a: Iron Hands|Quark Drive|[silent]\n|\n|win|dsk12345\n|raw|dsk12345's rating: 1236 &rarr; <strong>1262<\/strong><br \/>(+26 for winning)\n|raw|BeckerVGC's rating: 1244 &rarr; <strong>1218<\/strong><br \/>(-26 for losing)\n|l|\u2606dsk12345\n","uploadtime":1700144500,"views":26,"p1id":"dsk12345","p2id":"beckervgc","formatid":"gen9vgc2023regulatione","rating":1218,"private":0,"password":""}