{"id":"gen9vgc2023regulatione-2000166475","p1":"Ytterby","p2":"Rogerpira","format":"[Gen 9] VGC 2023 Regulation E","log":"|j|\u2606Ytterby\n|j|\u2606Rogerpira\n|t:|1701166123\n|gametype|doubles\n|player|p1|Ytterby|brycenman|1370\n|player|p2|Rogerpira|elesa|1399\n|teamsize|p1|6\n|teamsize|p2|6\n|gen|9\n|tier|[Gen 9] VGC 2023 Regulation E\n|rated|\n|rule|Species Clause: Limit one of each Pok\u00e9mon\n|rule|Item Clause: Limit one of each item\n|clearpoke\n|poke|p1|Regieleki, L50|\n|poke|p1|Corviknight, L50, F|\n|poke|p1|Amoonguss, L50, M|\n|poke|p1|Urshifu-*, L50, F|\n|poke|p1|Dragapult, L50, F|\n|poke|p1|Ting-Lu, L50|\n|poke|p2|Kingambit, L50, M|\n|poke|p2|Ninetales-Alola, L50, F|\n|poke|p2|Gyarados, L50, M|\n|poke|p2|Ogerpon-Hearthflame, L50, F|\n|poke|p2|Sandy Shocks, L50|\n|poke|p2|Skeledirge, L50, F|\n|teampreview|4\nYtterby has agreed to open team sheets.\n|\n|t:|1701166202\n|start\n|switch|p1a: Regieleki|Regieleki, L50|100\/100\n|switch|p1b: Urshifu|Urshifu-Rapid-Strike, L50, F|100\/100\n|switch|p2a: Kingambit|Kingambit, L50, M|100\/100\n|switch|p2b: Ninetales|Ninetales-Alola, L50, F|100\/100\n|-weather|Snow|[from] ability: Snow Warning|[of] p2b: Ninetales\n|turn|1\n|\n|t:|1701166233\n|-terastallize|p2a: Kingambit|Poison\n|move|p1a: Regieleki|Thunderbolt|p2b: Ninetales\n|-damage|p2b: Ninetales|48\/100\n|move|p1b: Urshifu|Surging Strikes|p2b: Ninetales\n|-crit|p2b: Ninetales\n|-damage|p2b: Ninetales|29\/100\n|-crit|p2b: Ninetales\n|-damage|p2b: Ninetales|11\/100\n|-crit|p2b: Ninetales\n|-damage|p2b: Ninetales|0 fnt\n|faint|p2b: Ninetales\n|-hitcount|p2: Ninetales|3\n|move|p2a: Kingambit|Kowtow Cleave|p1a: Regieleki\n|-damage|p1a: Regieleki|29\/100\n|\n|-weather|Snow|[upkeep]\n|upkeep\n|\n|t:|1701166256\n|switch|p2b: Ogerpon|Ogerpon-Hearthflame, L50, F|100\/100\n|-ability|p2b: Ogerpon|Mold Breaker\n|turn|2\n|\n|t:|1701166322\n|switch|p1a: Corviknight|Corviknight, L50, F|100\/100\n|-terastallize|p1b: Urshifu|Water\n|move|p2a: Kingambit|Sucker Punch||[still]\n|-fail|p2a: Kingambit\n|move|p1b: Urshifu|Surging Strikes|p2b: Ogerpon\n|-crit|p2b: Ogerpon\n|-damage|p2b: Ogerpon|72\/100\n|-crit|p2b: Ogerpon\n|-damage|p2b: Ogerpon|42\/100\n|-crit|p2b: Ogerpon\n|-damage|p2b: Ogerpon|9\/100\n|-hitcount|p2b: Ogerpon|3\n|move|p2b: Ogerpon|Horn Leech|p1b: Urshifu\n|-supereffective|p1b: Urshifu\n|-damage|p1b: Urshifu|22\/100\n|-heal|p2b: Ogerpon|49\/100|[from] drain|[of] p1b: Urshifu\n|\n|-weather|Snow|[upkeep]\n|upkeep\n|turn|3\n|\n|t:|1701166372\n|switch|p1b: Ting-Lu|Ting-Lu, L50|100\/100\n|-ability|p1b: Ting-Lu|Vessel of Ruin\n|switch|p2b: Sandy Shocks|Sandy Shocks, L50|100\/100\n|move|p2a: Kingambit|Sucker Punch||[still]\n|-fail|p2a: Kingambit\n|move|p1a: Corviknight|Bulk Up|p1a: Corviknight\n|-boost|p1a: Corviknight|atk|1\n|-boost|p1a: Corviknight|def|1\n|\n|-weather|Snow|[upkeep]\n|upkeep\n|turn|4\n|\n|t:|1701166398\n|move|p2b: Sandy Shocks|Protect|p2b: Sandy Shocks\n|-singleturn|p2b: Sandy Shocks|Protect\n|move|p1a: Corviknight|Roost||[still]\n|-fail|p1a: Corviknight|heal\n|move|p2a: Kingambit|Swords Dance|p2a: Kingambit\n|-boost|p2a: Kingambit|atk|2\n|move|p1b: Ting-Lu|Stomping Tantrum|p2b: Sandy Shocks\n|-activate|p2b: Sandy Shocks|move: Protect\n|\n|-weather|Snow|[upkeep]\n|upkeep\n|turn|5\n|\n|t:|1701166432\n|move|p2b: Sandy Shocks|Thunderbolt|p1a: Corviknight\n|-supereffective|p1a: Corviknight\n|-damage|p1a: Corviknight|43\/100\n|-damage|p2b: Sandy Shocks|91\/100|[from] item: Life Orb\n|move|p1a: Corviknight|Roost|p1a: Corviknight\n|-heal|p1a: Corviknight|94\/100\n|-singleturn|p1a: Corviknight|move: Roost\n|move|p2a: Kingambit|Kowtow Cleave|p1b: Ting-Lu\n|-resisted|p1b: Ting-Lu\n|-damage|p1b: Ting-Lu|70\/100\n|move|p1b: Ting-Lu|Stomping Tantrum|p2a: Kingambit\n|-supereffective|p2a: Kingambit\n|-damage|p2a: Kingambit|48\/100\n|\n|-weather|none\n|-heal|p1a: Corviknight|99\/100|[from] item: Leftovers\n|upkeep\n|turn|6\n|\n|t:|1701166467\n|-end|p2b: Sandy Shocks|Protosynthesis|[silent]\n|switch|p2b: Ogerpon|Ogerpon-Hearthflame, L50, F|49\/100\n|-ability|p2b: Ogerpon|Mold Breaker\n|move|p2a: Kingambit|Protect|p2a: Kingambit\n|-singleturn|p2a: Kingambit|Protect\n|move|p1a: Corviknight|Bulk Up|p1a: Corviknight\n|-boost|p1a: Corviknight|atk|1\n|-boost|p1a: Corviknight|def|1\n|move|p1b: Ting-Lu|Stomping Tantrum|p2b: Ogerpon\n|-damage|p2b: Ogerpon|10\/100\n|\n|-heal|p1a: Corviknight|100\/100|[from] item: Leftovers\n|upkeep\n|turn|7\n|\n|t:|1701166508\n|move|p1b: Ting-Lu|Protect|p1b: Ting-Lu\n|-singleturn|p1b: Ting-Lu|Protect\n|move|p2b: Ogerpon|Horn Leech|p1b: Ting-Lu\n|-activate|p1b: Ting-Lu|move: Protect\n|move|p1a: Corviknight|Brave Bird|p2a: Kingambit\n|-damage|p2a: Kingambit|0 fnt\n|faint|p2a: Kingambit\n|-damage|p1a: Corviknight|84\/100|[from] Recoil\n|\n|-heal|p1a: Corviknight|90\/100|[from] item: Leftovers\n|upkeep\n|-message|Rogerpira forfeited.\n|\n|win|Ytterby\n|raw|Ytterby's rating: 1370 &rarr; <strong>1392<\/strong><br \/>(+22 for winning)\n|raw|Rogerpira's rating: 1399 &rarr; <strong>1377<\/strong><br \/>(-22 for losing)\n|l|\u2606Rogerpira\n","uploadtime":1701166567,"views":1,"p1id":"ytterby","p2id":"rogerpira","formatid":"gen9vgc2023regulatione","rating":1377,"private":0,"password":""}