{"id":"gen9vgc2023regulatione-1990639211","p1":"ObinWanKenobi","p2":"Syd2J","format":"[Gen 9] VGC 2023 Regulation E","log":"|j|\u2606ObinWanKenobi\n|j|\u2606Syd2J\n|t:|1699987852\n|gametype|doubles\n|player|p1|ObinWanKenobi|170|1364\n|player|p2|Syd2J|265|1374\n|teamsize|p1|6\n|teamsize|p2|6\n|gen|9\n|tier|[Gen 9] VGC 2023 Regulation E\n|rated|\n|rule|Species Clause: Limit one of each Pok\u00e9mon\n|rule|Item Clause: Limit one of each item\n|clearpoke\n|poke|p1|Tornadus, L50, M|\n|poke|p1|Urshifu-*, L50, F|\n|poke|p1|Chien-Pao, L50|\n|poke|p1|Clefairy, L50, F|\n|poke|p1|Rillaboom, L50, F|\n|poke|p1|Arcanine-Hisui, L50, F|\n|poke|p2|Flutter Mane, L50|\n|poke|p2|Gholdengo, L50|\n|poke|p2|Ogerpon-Wellspring, L50, F|\n|poke|p2|Tornadus, L50, M|\n|poke|p2|Zapdos-Galar, L50|\n|poke|p2|Arcanine-Hisui, L50, F|\n|teampreview|4\n|inactive|Battle timer is ON: inactive players will automatically lose when time's up. (requested by Syd2J)\nSyd2J has agreed to open team sheets.\n|\n|t:|1699987876\n|start\n|switch|p1a: Clifford|Arcanine-Hisui, L50, F|100\/100\n|switch|p1b: KittenOfRuin|Chien-Pao, L50|100\/100\n|switch|p2a: Tornadus|Tornadus, L50, M|100\/100\n|switch|p2b: Ogerpon|Ogerpon-Wellspring, L50, F|100\/100\n|-ability|p1b: KittenOfRuin|Sword of Ruin\n|-ability|p1a: Clifford|Intimidate|boost\n|-unboost|p2a: Tornadus|atk|1\n|-unboost|p2b: Ogerpon|atk|1\n|turn|1\n|\n|t:|1699987890\n|switch|p2b: Arcanine|Arcanine-Hisui, L50, F, shiny|100\/100\n|-ability|p2b: Arcanine|Intimidate|boost\n|-unboost|p1a: Clifford|atk|1\n|-unboost|p1b: KittenOfRuin|atk|1\n|switch|p1a: Pok\u00e9 Doll|Clefairy, L50, F, shiny|100\/100\n|move|p1b: KittenOfRuin|Ice Shard|p2a: Tornadus\n|-supereffective|p2a: Tornadus\n|-damage|p2a: Tornadus|34\/100\n|-damage|p1b: KittenOfRuin|91\/100|[from] item: Life Orb\n|move|p2a: Tornadus|Tailwind|p2a: Tornadus\n|-sidestart|p2: Syd2J|move: Tailwind\n|\n|upkeep\n|turn|2\n|\n|t:|1699987912\n|switch|p1b: Clifford|Arcanine-Hisui, L50, F|100\/100\n|-ability|p1b: Clifford|Intimidate|boost\n|-unboost|p2a: Tornadus|atk|1\n|-unboost|p2b: Arcanine|atk|1\n|move|p2a: Tornadus|Bleakwind Storm|p1b: Clifford|[spread] p1a,p1b\n|-resisted|p1b: Clifford\n|-damage|p1a: Pok\u00e9 Doll|71\/100\n|-damage|p1b: Clifford|86\/100\n|-unboost|p1b: Clifford|spe|1\n|move|p2b: Arcanine|Flare Blitz|p1b: Clifford\n|-resisted|p1b: Clifford\n|-damage|p1b: Clifford|77\/100\n|-damage|p2b: Arcanine|97\/100|[from] Recoil\n|move|p1a: Pok\u00e9 Doll|Life Dew|p1a: Pok\u00e9 Doll|[spread] p1a,p1b\n|-heal|p1a: Pok\u00e9 Doll|96\/100\n|-heal|p1b: Clifford|100\/100\n|\n|upkeep\n|turn|3\n|\n|t:|1699987928\n|switch|p2b: Ogerpon|Ogerpon-Wellspring, L50, F|100\/100\n|move|p2a: Tornadus|Focus Blast|p1b: Clifford\n|-supereffective|p1b: Clifford\n|-damage|p1b: Clifford|43\/100\n|move|p1b: Clifford|Rock Slide|p2b: Ogerpon|[spread] p2a\n|-miss|p1b: Clifford|p2b: Ogerpon\n|-supereffective|p2a: Tornadus\n|-damage|p2a: Tornadus|0 fnt\n|faint|p2a: Tornadus\n|move|p1a: Pok\u00e9 Doll|Life Dew|p1a: Pok\u00e9 Doll|[spread] p1a,p1b\n|-heal|p1a: Pok\u00e9 Doll|100\/100\n|-heal|p1b: Clifford|68\/100\n|\n|upkeep\n|\n|t:|1699987941\n|switch|p2a: Arcanine|Arcanine-Hisui, L50, F, shiny|97\/100\n|-ability|p2a: Arcanine|Intimidate|boost\n|-unboost|p1a: Pok\u00e9 Doll|atk|1\n|-unboost|p1b: Clifford|atk|1\n|turn|4\n|\n|t:|1699987957\n|move|p1b: Clifford|Protect|p1b: Clifford\n|-singleturn|p1b: Clifford|Protect\n|move|p2b: Ogerpon|Ivy Cudgel|p1b: Clifford|[anim] Ivy Cudgel Water\n|-activate|p1b: Clifford|move: Protect\n|move|p2a: Arcanine|Rock Slide|p1a: Pok\u00e9 Doll|[spread] p1a\n|-activate|p1b: Clifford|move: Protect\n|-damage|p1a: Pok\u00e9 Doll|77\/100\n|move|p1a: Pok\u00e9 Doll|Life Dew|p1a: Pok\u00e9 Doll|[spread] p1a,p1b\n|-heal|p1a: Pok\u00e9 Doll|100\/100\n|-heal|p1b: Clifford|93\/100\n|\n|-sideend|p2: Syd2J|move: Tailwind\n|upkeep\n|turn|5\n|inactive|ObinWanKenobi has 30 seconds left.\n|inactive|ObinWanKenobi has 20 seconds left.\n|\n|t:|1699987992\n|switch|p1b: Cloud9 Store|Tornadus, L50, M, shiny|100\/100\n|-terastallize|p2b: Ogerpon|Water\n|detailschange|p2b: Ogerpon|Ogerpon-Wellspring-Tera, L50, F, tera:Water\n|-ability|p2b: Ogerpon|Embody Aspect (Wellspring)|boost\n|-boost|p2b: Ogerpon|spd|1\n|move|p2b: Ogerpon|Ivy Cudgel|p1b: Cloud9 Store|[anim] Ivy Cudgel Water\n|-damage|p1b: Cloud9 Store|38\/100\n|move|p2a: Arcanine|Rock Slide|p1b: Cloud9 Store|[spread] p1a,p1b\n|-supereffective|p1b: Cloud9 Store\n|-damage|p1a: Pok\u00e9 Doll|74\/100\n|-damage|p1b: Cloud9 Store|0 fnt\n|faint|p1b: Cloud9 Store\n|move|p1a: Pok\u00e9 Doll|Life Dew|p1a: Pok\u00e9 Doll\n|-heal|p1a: Pok\u00e9 Doll|99\/100\n|\n|upkeep\n|\n|t:|1699988004\n|switch|p1b: Clifford|Arcanine-Hisui, L50, F|93\/100\n|-ability|p1b: Clifford|Intimidate|boost\n|-unboost|p2a: Arcanine|atk|1\n|-unboost|p2b: Ogerpon|atk|1\n|turn|6\n|\n|t:|1699988019\n|-terastallize|p1b: Clifford|Normal\n|move|p1a: Pok\u00e9 Doll|Helping Hand|p1b: Clifford\n|-singleturn|p1b: Clifford|Helping Hand|[of] p1a: Pok\u00e9 Doll\n|move|p2b: Ogerpon|Ivy Cudgel|p1b: Clifford|[anim] Ivy Cudgel Water\n|-damage|p1b: Clifford|54\/100\n|move|p2a: Arcanine|Rock Slide|p1a: Pok\u00e9 Doll|[spread] p1a,p1b\n|-damage|p1a: Pok\u00e9 Doll|83\/100\n|-damage|p1b: Clifford|38\/100\n|cant|p1b: Clifford|flinch\n|\n|upkeep\n|turn|7\n|-message|ObinWanKenobi forfeited.\n|\n|win|Syd2J\n|raw|ObinWanKenobi's rating: 1364 &rarr; <strong>1345<\/strong><br \/>(-19 for losing)\n|raw|Syd2J's rating: 1374 &rarr; <strong>1393<\/strong><br \/>(+19 for winning)\n|l|\u2606ObinWanKenobi\n","uploadtime":1699988033,"views":10,"p1id":"obinwankenobi","p2id":"syd2j","formatid":"gen9vgc2023regulatione","rating":1345,"private":0,"password":""}