{"id":"gen9vgc2023regulatione-1991012955","p1":"Iesihs","p2":"Ashish9","format":"[Gen 9] VGC 2023 Regulation E","log":"|j|\u2606Iesihs\n|j|\u2606Ashish9\n|t:|1700027906\n|gametype|doubles\n|player|p1|Iesihs|101|1379\n|player|p2|Ashish9|266|1490\n|teamsize|p1|6\n|teamsize|p2|6\n|gen|9\n|tier|[Gen 9] VGC 2023 Regulation E\n|rated|\n|rule|Species Clause: Limit one of each Pok\u00e9mon\n|rule|Item Clause: Limit one of each item\n|clearpoke\n|poke|p1|Roaring Moon, L50|\n|poke|p1|Flutter Mane, L50|\n|poke|p1|Landorus-Therian, L50, M|\n|poke|p1|Heatran, L50, M|\n|poke|p1|Amoonguss, L50, F|\n|poke|p1|Iron Hands, L50|\n|poke|p2|Politoed, L50, F|\n|poke|p2|Salamence, L50, F|\n|poke|p2|Gholdengo, L50|\n|poke|p2|Amoonguss, L50, M|\n|poke|p2|Iron Bundle, L50|\n|poke|p2|Iron Hands, L50|\n|teampreview|4\n|inactive|Battle timer is ON: inactive players will automatically lose when time's up. (requested by Ashish9)\n|inactive|Iesihs has 60 seconds left.\n|inactive|Iesihs has 30 seconds left.\n|inactive|Iesihs has 20 seconds left.\n|\n|t:|1700027985\n|start\n|switch|p1a: Roaring Moon|Roaring Moon, L50|100\/100\n|switch|p1b: Iron Hands|Iron Hands, L50|100\/100\n|switch|p2a: Iron Bundle|Iron Bundle, L50|100\/100\n|switch|p2b: Iron Hands|Iron Hands, L50|100\/100\n|-enditem|p2a: Iron Bundle|Booster Energy\n|-activate|p2a: Iron Bundle|ability: Quark Drive|[fromitem]\n|-start|p2a: Iron Bundle|quarkdrivespe\n|-enditem|p1a: Roaring Moon|Booster Energy\n|-activate|p1a: Roaring Moon|ability: Protosynthesis|[fromitem]\n|-start|p1a: Roaring Moon|protosynthesisatk\n|turn|1\n|inactive|Iesihs has 30 seconds left.\n|\n|t:|1700028012\n|move|p2a: Iron Bundle|Protect|p2a: Iron Bundle\n|-singleturn|p2a: Iron Bundle|Protect\n|move|p1a: Roaring Moon|Protect|p1a: Roaring Moon\n|-singleturn|p1a: Roaring Moon|Protect\n|move|p2b: Iron Hands|Fake Out|p1a: Roaring Moon\n|-activate|p1a: Roaring Moon|move: Protect\n|move|p1b: Iron Hands|Wild Charge|p2a: Iron Bundle\n|-activate|p2a: Iron Bundle|move: Protect\n|\n|upkeep\n|turn|2\n|inactive|Iesihs has 30 seconds left.\n|inactive|Iesihs has 20 seconds left.\n|inactive|Iesihs has 15 seconds left.\n|\n|t:|1700028054\n|-end|p1a: Roaring Moon|Protosynthesis|[silent]\n|switch|p1a: Flutter Mane|Flutter Mane, L50, shiny|100\/100\n|move|p2a: Iron Bundle|Freeze-Dry|p1a: Flutter Mane\n|-damage|p1a: Flutter Mane|68\/100\n|move|p1b: Iron Hands|Wild Charge|p2a: Iron Bundle\n|-supereffective|p2a: Iron Bundle\n|-damage|p2a: Iron Bundle|5\/100\n|-damage|p1b: Iron Hands|84\/100|[from] Recoil\n|move|p2b: Iron Hands|Drain Punch|p1a: Flutter Mane\n|-immune|p1a: Flutter Mane\n|\n|upkeep\n|turn|3\n|inactive|Iesihs has 30 seconds left.\n|\n|t:|1700028081\n|move|p2a: Iron Bundle|Icy Wind|p1a: Flutter Mane|[spread] p1a,p1b\n|-damage|p1a: Flutter Mane|50\/100\n|-damage|p1b: Iron Hands|75\/100\n|-unboost|p1a: Flutter Mane|spe|1\n|-unboost|p1b: Iron Hands|spe|1\n|move|p1a: Flutter Mane|Dazzling Gleam|p2a: Iron Bundle|[spread] p2a,p2b\n|-supereffective|p2b: Iron Hands\n|-damage|p2a: Iron Bundle|0 fnt\n|-damage|p2b: Iron Hands|50\/100\n|faint|p2a: Iron Bundle\n|-end|p2a: Iron Bundle|Quark Drive|[silent]\n|move|p2b: Iron Hands|Heavy Slam|p1a: Flutter Mane\n|-supereffective|p1a: Flutter Mane\n|-damage|p1a: Flutter Mane|0 fnt\n|faint|p1a: Flutter Mane\n|-end|p1a: Flutter Mane|Protosynthesis|[silent]\n|move|p1b: Iron Hands|Drain Punch|p2b: Iron Hands\n|-damage|p2b: Iron Hands|20\/100\n|-heal|p1b: Iron Hands|91\/100|[from] drain|[of] p2b: Iron Hands\n|\n|upkeep\n|\n|t:|1700028103\n|switch|p1a: Roaring Moon|Roaring Moon, L50|100\/100\n|switch|p2a: Amoonguss|Amoonguss, L50, M|100\/100\n|turn|4\n|inactive|Iesihs has 30 seconds left.\n|inactive|Iesihs has 20 seconds left.\n|\n|t:|1700028142\n|move|p1a: Roaring Moon|Protect|p1a: Roaring Moon\n|-singleturn|p1a: Roaring Moon|Protect\n|move|p2b: Iron Hands|Drain Punch|p1b: Iron Hands\n|-damage|p1b: Iron Hands|61\/100\n|-heal|p2b: Iron Hands|35\/100|[from] drain|[of] p1b: Iron Hands\n|move|p1b: Iron Hands|Drain Punch|p2b: Iron Hands\n|-damage|p2b: Iron Hands|7\/100\n|-heal|p1b: Iron Hands|75\/100|[from] drain|[of] p2b: Iron Hands\n|move|p2a: Amoonguss|Spore|p1a: Roaring Moon\n|-activate|p1a: Roaring Moon|move: Protect\n|\n|upkeep\n|turn|5\n|\n|t:|1700028166\n|-end|p1b: Iron Hands|Quark Drive|[silent]\n|switch|p1b: Landorus|Landorus-Therian, L50, M|100\/100\n|-ability|p1b: Landorus|Intimidate|boost\n|-unboost|p2a: Amoonguss|atk|1\n|-unboost|p2b: Iron Hands|atk|1\n|-terastallize|p1a: Roaring Moon|Flying\n|move|p1a: Roaring Moon|Acrobatics|p2a: Amoonguss\n|-supereffective|p2a: Amoonguss\n|-damage|p2a: Amoonguss|0 fnt\n|faint|p2a: Amoonguss\n|move|p2b: Iron Hands|Drain Punch|p1b: Landorus\n|-resisted|p1b: Landorus\n|-damage|p1b: Landorus|83\/100\n|-heal|p2b: Iron Hands|13\/100|[from] drain|[of] p1b: Landorus\n|\n|upkeep\n|\n|t:|1700028175\n|switch|p2a: Gholdengo|Gholdengo, L50|100\/100\n|turn|6\n|\n|t:|1700028195\n|-terastallize|p2a: Gholdengo|Dragon\n|move|p1b: Landorus|Stomping Tantrum|p2b: Iron Hands\n|-supereffective|p2b: Iron Hands\n|-damage|p2b: Iron Hands|0 fnt\n|faint|p2b: Iron Hands\n|-end|p2b: Iron Hands|Quark Drive|[silent]\n|move|p1a: Roaring Moon|Knock Off|p2a: Gholdengo\n|-damage|p2a: Gholdengo|46\/100\n|-enditem|p2a: Gholdengo|Leftovers|[from] move: Knock Off|[of] p1a: Roaring Moon\n|move|p2a: Gholdengo|Nasty Plot|p2a: Gholdengo\n|-boost|p2a: Gholdengo|spa|2\n|\n|upkeep\n|turn|7\n|\n|t:|1700028212\n|move|p2a: Gholdengo|Protect|p2a: Gholdengo\n|-singleturn|p2a: Gholdengo|Protect\n|move|p1b: Landorus|Stomping Tantrum|p2a: Gholdengo\n|-activate|p2a: Gholdengo|move: Protect\n|move|p1a: Roaring Moon|Acrobatics|p2a: Gholdengo\n|-activate|p2a: Gholdengo|move: Protect\n|\n|upkeep\n|turn|8\n|l|\u2606Ashish9\n|inactive|Ashish9 disconnected and has a minute to reconnect!\n|player|p2|\n|inactive|Ashish9 has 30 seconds left.\n|inactive|Ashish9 has 20 seconds left.\n|inactive|Ashish9 has 15 seconds left.\n|inactive|Ashish9 has 10 seconds left.\n|inactive|Ashish9 has 5 seconds left.\n|-message|Ashish9 lost due to inactivity.\n|\n|win|Iesihs\n|raw|Iesihs's rating: 1379 &rarr; <strong>1405<\/strong><br \/>(+26 for winning)\n|raw|Ashish9's rating: 1490 &rarr; <strong>1464<\/strong><br \/>(-26 for losing)\n|l|\u2606Iesihs\n|j|\u2606Iesihs\n|player|p1|Iesihs|101\n","uploadtime":1700028681,"views":21,"p1id":"iesihs","p2id":"ashish9","formatid":"gen9vgc2023regulatione","rating":1405,"private":0,"password":""}