{"id":"gen9vgc2023regulatione-1989396287","p1":"originalwinner","p2":"Ampao","format":"[Gen 9] VGC 2023 Regulation E","log":"|j|\u2606originalwinner\n|j|\u2606Ampao\n|t:|1699844924\n|gametype|doubles\n|player|p1|originalwinner|266|1071\n|player|p2|Ampao|cynthia-gen4|1041\n|teamsize|p1|6\n|teamsize|p2|6\n|gen|9\n|tier|[Gen 9] VGC 2023 Regulation E\n|rated|\n|rule|Species Clause: Limit one of each Pok\u00e9mon\n|rule|Item Clause: Limit one of each item\n|clearpoke\n|poke|p1|Weezing, L50, M|\n|poke|p1|Roaring Moon, L50|\n|poke|p1|Iron Hands, L50|\n|poke|p1|Flutter Mane, L50|\n|poke|p1|Ogerpon-Wellspring, L50, F|\n|poke|p1|Landorus-Therian, L50, M|\n|poke|p2|Cryogonal, L50|\n|poke|p2|Primeape, L50, M|\n|poke|p2|Flamigo, L50, M|\n|poke|p2|Klefki, L50, F|\n|poke|p2|Zangoose, L50, M|\n|poke|p2|Amoonguss, L50, F|\n|teampreview|4\n|inactive|Battle timer is ON: inactive players will automatically lose when time's up. (requested by originalwinner)\n|inactive|originalwinner has 60 seconds left.\n|\n|t:|1699844961\n|start\n|switch|p1a: Landorus|Landorus-Therian, L50, M|100\/100\n|switch|p1b: Roaring Moon|Roaring Moon, L50|100\/100\n|switch|p2a: Cryogonal|Cryogonal, L50|100\/100\n|switch|p2b: Primeape|Primeape, L50, M|100\/100\n|-ability|p1a: Landorus|Intimidate|boost\n|-unboost|p2a: Cryogonal|atk|1\n|-unboost|p2b: Primeape|atk|1\n|-enditem|p1b: Roaring Moon|Booster Energy\n|-activate|p1b: Roaring Moon|ability: Protosynthesis|[fromitem]\n|-start|p1b: Roaring Moon|protosynthesisspe\n|turn|1\n|inactive|originalwinner has 30 seconds left.\n|inactive|Ampao has 30 seconds left.\n|\n|t:|1699844989\n|-terastallize|p2b: Primeape|Water\n|move|p1b: Roaring Moon|Acrobatics|p2b: Primeape\n|-damage|p2b: Primeape|60\/100\n|move|p1a: Landorus|U-turn|p2a: Cryogonal\n|-damage|p2a: Cryogonal|56\/100\n|\n|t:|1699845000\n|switch|p1a: Flutter Mane|Flutter Mane, L50|100\/100|[from] U-turn\n|move|p2a: Cryogonal|Frost Breath|p2b: Primeape\n|-resisted|p2b: Primeape\n|-crit|p2b: Primeape\n|-damage|p2b: Primeape|49\/100\n|-setboost|p2b: Primeape|atk|6|[from] ability: Anger Point\n|move|p2b: Primeape|Drain Punch|p1b: Roaring Moon\n|-supereffective|p1b: Roaring Moon\n|-damage|p1b: Roaring Moon|0 fnt\n|-heal|p2b: Primeape|100\/100|[from] drain|[of] p1b: Roaring Moon\n|faint|p1b: Roaring Moon\n|-end|p1b: Roaring Moon|Protosynthesis|[silent]\n|\n|-heal|p2a: Cryogonal|61\/100|[from] item: Leftovers\n|upkeep\n|\n|t:|1699845013\n|switch|p1b: Landorus|Landorus-Therian, L50, M|100\/100\n|-ability|p1b: Landorus|Intimidate|boost\n|-unboost|p2a: Cryogonal|atk|1\n|-unboost|p2b: Primeape|atk|1\n|turn|2\n|\n|t:|1699845029\n|-terastallize|p1a: Flutter Mane|Fairy\n|move|p2b: Primeape|Protect|p2b: Primeape\n|-singleturn|p2b: Primeape|Protect\n|move|p1b: Landorus|Rock Slide|p2a: Cryogonal|[spread] p2a\n|-activate|p2b: Primeape|move: Protect\n|-supereffective|p2a: Cryogonal\n|-damage|p2a: Cryogonal|0 fnt\n|faint|p2a: Cryogonal\n|move|p1a: Flutter Mane|Moonblast|p2b: Primeape\n|-activate|p2b: Primeape|move: Protect\n|\n|upkeep\n|\n|t:|1699845045\n|switch|p2a: Flamigo|Flamigo, L50, M|100\/100\n|-copyboost|p2a: Flamigo|p2b: Primeape|[from] ability: Costar\n|turn|3\n|\n|t:|1699845064\n|-end|p1a: Flutter Mane|Protosynthesis|[silent]\n|switch|p1a: Weezing|Weezing, L50, M, shiny|100\/100\n|-ability|p1a: Weezing|Neutralizing Gas\n|move|p2a: Flamigo|Dual Wingbeat|p1a: Weezing\n|-damage|p1a: Weezing|51\/100\n|-damage|p1a: Weezing|4\/100\n|-enditem|p1a: Weezing|Sitrus Berry|[eat]\n|-heal|p1a: Weezing|29\/100|[from] item: Sitrus Berry\n|-hitcount|p1a: Weezing|2\n|move|p1b: Landorus|Rock Slide|p2a: Flamigo|[spread] p2a\n|-miss|p1b: Landorus|p2b: Primeape\n|-damage|p2a: Flamigo|71\/100\n|move|p2b: Primeape|Drain Punch|p1b: Landorus\n|-resisted|p1b: Landorus\n|-damage|p1b: Landorus|28\/100\n|\n|upkeep\n|turn|4\n|\n|t:|1699845087\n|move|p2a: Flamigo|Dual Wingbeat|p1b: Landorus\n|-damage|p1b: Landorus|0 fnt\n|faint|p1b: Landorus\n|-hitcount|p1: Landorus|1\n|move|p2b: Primeape|Rage Fist|p1a: Weezing\n|-damage|p1a: Weezing|0 fnt\n|faint|p1a: Weezing\n|-end|p1a: Weezing|ability: Neutralizing Gas\n|-copyboost|p2a: Flamigo|p2b: Primeape|[from] ability: Costar\n|\n|upkeep\n|\n|t:|1699845090\n|switch|p1a: Flutter Mane|Flutter Mane, L50, tera:Fairy|100\/100\n|turn|5\n|\n|t:|1699845106\n|move|p2a: Flamigo|Dual Wingbeat|p1a: Flutter Mane\n|-damage|p1a: Flutter Mane|0 fnt\n|faint|p1a: Flutter Mane\n|-end|p1a: Flutter Mane|Protosynthesis|[silent]\n|-hitcount|p1: Flutter Mane|1\n|\n|win|Ampao\n|raw|originalwinner's rating: 1071 &rarr; <strong>1049<\/strong><br \/>(-22 for losing)\n|raw|Ampao's rating: 1041 &rarr; <strong>1078<\/strong><br \/>(+37 for winning)\n|l|\u2606originalwinner\n","uploadtime":1699845114,"views":28,"p1id":"originalwinner","p2id":"ampao","formatid":"gen9vgc2023regulatione","rating":1049,"private":0,"password":""}