{"id":"gen9vgc2023regulatione-1993948510","p1":"ParticularName","p2":"Slowbro1234","format":"[Gen 9] VGC 2023 Regulation E","log":"|j|\u2606ParticularName\n|j|\u2606Slowbro1234\n|t:|1700380922\n|gametype|doubles\n|player|p1|ParticularName|2|1136\n|player|p2|Slowbro1234|1|1050\n|teamsize|p1|6\n|teamsize|p2|6\n|gen|9\n|tier|[Gen 9] VGC 2023 Regulation E\n|rated|\n|rule|Species Clause: Limit one of each Pok\u00e9mon\n|rule|Item Clause: Limit one of each item\n|clearpoke\n|poke|p1|Ogerpon, L50, F|\n|poke|p1|Ninetales, L50, F|\n|poke|p1|Talonflame, L50, M|\n|poke|p1|Weezing-Galar, L50, F|\n|poke|p1|Slither Wing, L50|\n|poke|p1|Empoleon, L50, M|\n|poke|p2|Annihilape, L50, F|\n|poke|p2|Ditto, L50|\n|poke|p2|Baxcalibur, L50, M|\n|poke|p2|Urshifu-*, L50, F|\n|poke|p2|Meowscarada, L50, F|\n|poke|p2|Gengar, L50, M|\n|teampreview|4\n|inactive|Battle timer is ON: inactive players will automatically lose when time's up. (requested by Slowbro1234)\n|\n|t:|1700380953\n|start\n|switch|p1a: Ninetales|Ninetales, L50, F|100\/100\n|switch|p1b: Talonflame|Talonflame, L50, M|100\/100\n|switch|p2a: Baxcalibur|Baxcalibur, L50, M|100\/100\n|switch|p2b: Urshifu|Urshifu, L50, F|100\/100\n|-weather|SunnyDay|[from] ability: Drought|[of] p1a: Ninetales\n|turn|1\n|\n|t:|1700380971\n|move|p2b: Urshifu|Protect|p2b: Urshifu\n|-singleturn|p2b: Urshifu|Protect\n|move|p1b: Talonflame|Tailwind|p1b: Talonflame\n|-sidestart|p1: ParticularName|move: Tailwind\n|move|p1a: Ninetales|Energy Ball|p2b: Urshifu\n|-activate|p2b: Urshifu|move: Protect\n|move|p2a: Baxcalibur|Icicle Spear|p1b: Talonflame\n|-damage|p1b: Talonflame|79\/100\n|-damage|p1b: Talonflame|59\/100\n|-damage|p1b: Talonflame|39\/100\n|-damage|p1b: Talonflame|17\/100\n|-hitcount|p1b: Talonflame|4\n|\n|-weather|SunnyDay|[upkeep]\n|upkeep\n|turn|2\n|inactive|ParticularName has 30 seconds left.\n|\n|t:|1700380998\n|switch|p1b: Weezing|Weezing-Galar, L50, F|100\/100\n|-fieldstart|move: Misty Terrain|[from] ability: Misty Surge|[of] p1b: Weezing\n|move|p2a: Baxcalibur|Ice Shard|p1b: Weezing\n|-damage|p1b: Weezing|79\/100\n|move|p1a: Ninetales|Fire Blast|p2a: Baxcalibur\n|-damage|p2a: Baxcalibur|23\/100\n|-ability|p2a: Baxcalibur|Thermal Exchange|boost\n|-boost|p2a: Baxcalibur|atk|1\n|move|p2b: Urshifu|Wicked Blow|p1a: Ninetales\n|-crit|p1a: Ninetales\n|-damage|p1a: Ninetales|17\/100\n|\n|-weather|SunnyDay|[upkeep]\n|upkeep\n|turn|3\n|\n|t:|1700381018\n|move|p2a: Baxcalibur|Protect|p2a: Baxcalibur\n|-singleturn|p2a: Baxcalibur|Protect\n|move|p1a: Ninetales|Fire Blast|p2a: Baxcalibur\n|-activate|p2a: Baxcalibur|move: Protect\n|move|p2b: Urshifu|Wicked Blow|p1a: Ninetales\n|-crit|p1a: Ninetales\n|-damage|p1a: Ninetales|0 fnt\n|faint|p1a: Ninetales\n|move|p1b: Weezing|Misty Explosion|p2a: Baxcalibur|[spread] p2b\n|-activate|p2a: Baxcalibur|move: Protect\n|-supereffective|p2b: Urshifu\n|-damage|p2b: Urshifu|0 fnt\n|faint|p1b: Weezing\n|faint|p2b: Urshifu\n|\n|-weather|SunnyDay|[upkeep]\n|upkeep\n|\n|t:|1700381040\n|switch|p2b: Gengar|Gengar, L50, M|100\/100\n|switch|p1a: Talonflame|Talonflame, L50, M|17\/100\n|switch|p1b: Ogerpon|Ogerpon, L50, F|100\/100\n|turn|4\n|\n|t:|1700381053\n|move|p2b: Gengar|Protect|p2b: Gengar\n|-singleturn|p2b: Gengar|Protect\n|move|p2a: Baxcalibur|Ice Shard|p1a: Talonflame\n|-damage|p1a: Talonflame|0 fnt\n|faint|p1a: Talonflame\n|move|p1b: Ogerpon|Knock Off|p2b: Gengar\n|-activate|p2b: Gengar|move: Protect\n|\n|-weather|SunnyDay|[upkeep]\n|-sideend|p1: ParticularName|move: Tailwind\n|upkeep\n|turn|5\n|c|\u2606ParticularName|gg\n|inactive|Slowbro1234 has 30 seconds left.\n|\n|t:|1700381078\n|-terastallize|p1b: Ogerpon|Grass\n|detailschange|p1b: Ogerpon|Ogerpon-Teal-Tera, L50, F, tera:Grass\n|-ability|p1b: Ogerpon|Embody Aspect (Teal)|boost\n|-boost|p1b: Ogerpon|spe|1\n|move|p2a: Baxcalibur|Ice Shard|p1b: Ogerpon\n|-supereffective|p1b: Ogerpon\n|-damage|p1b: Ogerpon|12\/100\n|move|p1b: Ogerpon|Knock Off|p2b: Gengar\n|-supereffective|p2b: Gengar\n|-crit|p2b: Gengar\n|-damage|p2b: Gengar|0 fnt\n|-enditem|p2b: Gengar|Power Herb|[from] move: Knock Off|[of] p1b: Ogerpon\n|faint|p2b: Gengar\n|\n|-weather|none\n|upkeep\n|\n|t:|1700381090\n|switch|p2b: Meowscarada|Meowscarada, L50, F|100\/100\n|turn|6\n|\n|t:|1700381096\n|move|p2a: Baxcalibur|Ice Shard|p1b: Ogerpon\n|-supereffective|p1b: Ogerpon\n|-damage|p1b: Ogerpon|0 fnt\n|faint|p1b: Ogerpon\n|\n|win|Slowbro1234\n|raw|ParticularName's rating: 1136 &rarr; <strong>1105<\/strong><br \/>(-31 for losing)\n|raw|Slowbro1234's rating: 1050 &rarr; <strong>1090<\/strong><br \/>(+40 for winning)\n|l|\u2606ParticularName\n","uploadtime":1700381189,"views":9,"p1id":"particularname","p2id":"slowbro1234","formatid":"gen9vgc2023regulatione","rating":1090,"private":0,"password":""}