{"id":"gen9vgc2023regulatione-1990088019","p1":"qz231113B","p2":"Valkyrie95","format":"[Gen 9] VGC 2023 Regulation E","log":"|j|\u2606qz231113B\n|j|\u2606Valkyrie95\n|t:|1699923238\n|gametype|doubles\n|player|p1|qz231113B|266|1073\n|player|p2|Valkyrie95|biker-gen4|1078\n|teamsize|p1|6\n|teamsize|p2|6\n|gen|9\n|tier|[Gen 9] VGC 2023 Regulation E\n|rated|\n|rule|Species Clause: Limit one of each Pok\u00e9mon\n|rule|Item Clause: Limit one of each item\n|clearpoke\n|poke|p1|Tornadus, L50, M|\n|poke|p1|Volcarona, L50, F|\n|poke|p1|Basculegion, L50, M|\n|poke|p1|Ludicolo, L50, M|\n|poke|p1|Scizor, L50, F|\n|poke|p1|Flutter Mane, L50|\n|poke|p2|Skeledirge, L50, M|\n|poke|p2|Gastrodon, L50, M|\n|poke|p2|Gengar, L50, F|\n|poke|p2|Dragapult, L50, M|\n|poke|p2|Grimmsnarl, L50, M|\n|poke|p2|Talonflame, L50, M|\n|teampreview|4\n|\n|t:|1699923245\n|start\n|switch|p1a: Tornadus|Tornadus, L50, M|100\/100\n|switch|p1b: Basculegion|Basculegion, L50, M|100\/100\n|switch|p2a: Skeledirge|Skeledirge, L50, M|100\/100\n|switch|p2b: Gastrodon|Gastrodon, L50, M|100\/100\n|turn|1\n|\n|t:|1699923281\n|switch|p1b: Ludicolo|Ludicolo, L50, M|100\/100\n|-terastallize|p2a: Skeledirge|Fire\n|move|p1a: Tornadus|Rain Dance|p1a: Tornadus\n|-weather|RainDance\n|move|p2a: Skeledirge|Torch Song|p1a: Tornadus\n|-damage|p1a: Tornadus|67\/100\n|-boost|p2a: Skeledirge|spa|1\n|-enditem|p2a: Skeledirge|Throat Spray\n|-boost|p2a: Skeledirge|spa|1|[from] item: Throat Spray\n|move|p2b: Gastrodon|Clear Smog|p1b: Ludicolo\n|-supereffective|p1b: Ludicolo\n|-damage|p1b: Ludicolo|83\/100\n|-clearboost|p1b: Ludicolo\n|\n|-weather|RainDance|[upkeep]\n|upkeep\n|turn|2\n|\n|t:|1699923315\n|move|p1b: Ludicolo|Fake Out|p2a: Skeledirge\n|-damage|p2a: Skeledirge|95\/100\n|move|p1a: Tornadus|Bleakwind Storm|p2b: Gastrodon|[spread] p2a,p2b\n|-damage|p2a: Skeledirge|53\/100\n|-damage|p2b: Gastrodon|71\/100\n|-unboost|p2b: Gastrodon|spe|1\n|cant|p2a: Skeledirge|flinch\n|move|p2b: Gastrodon|Chilling Water|p1a: Tornadus\n|-damage|p1a: Tornadus|38\/100\n|-unboost|p1a: Tornadus|atk|1\n|\n|-weather|RainDance|[upkeep]\n|upkeep\n|turn|3\n|\n|t:|1699923334\n|move|p1a: Tornadus|Tailwind|p1a: Tornadus\n|-sidestart|p1: qz231113B|move: Tailwind\n|move|p1b: Ludicolo|Giga Drain|p2b: Gastrodon\n|-supereffective|p2b: Gastrodon\n|-damage|p2b: Gastrodon|0 fnt\n|-heal|p1b: Ludicolo|100\/100|[from] drain|[of] p2b: Gastrodon\n|faint|p2b: Gastrodon\n|move|p2a: Skeledirge|Torch Song|p1a: Tornadus\n|-damage|p1a: Tornadus|0 fnt\n|-boost|p2a: Skeledirge|spa|1\n|faint|p1a: Tornadus\n|\n|-weather|RainDance|[upkeep]\n|upkeep\n|\n|t:|1699923346\n|switch|p1a: Basculegion|Basculegion, L50, M|100\/100\n|switch|p2b: Grimmsnarl|Grimmsnarl, L50, M|100\/100\n|turn|4\n|\n|t:|1699923355\n|-terastallize|p1a: Basculegion|Water\n|move|p2b: Grimmsnarl|Light Screen|p2b: Grimmsnarl\n|-sidestart|p2: Valkyrie95|move: Light Screen\n|move|p1a: Basculegion|Wave Crash|p2b: Grimmsnarl\n|-damage|p2b: Grimmsnarl|0 fnt\n|faint|p2b: Grimmsnarl\n|-damage|p1a: Basculegion|66\/100|[from] Recoil\n|move|p1b: Ludicolo|Weather Ball|p2a: Skeledirge\n|-supereffective|p2a: Skeledirge\n|-damage|p2a: Skeledirge|0 fnt\n|faint|p2a: Skeledirge\n|\n|-weather|RainDance|[upkeep]\n|upkeep\n|\n|t:|1699923369\n|switch|p2b: Dragapult|Dragapult, L50, M|100\/100\n|turn|5\n|\n|t:|1699923376\n|move|p1a: Basculegion|Wave Crash|p2b: Dragapult\n|-resisted|p2b: Dragapult\n|-damage|p2b: Dragapult|0 fnt\n|faint|p2b: Dragapult\n|-damage|p1a: Basculegion|39\/100|[from] Recoil\n|\n|win|qz231113B\n|raw|qz231113B's rating: 1058 &rarr; <strong>1091<\/strong><br \/>(+33 for winning)\n|raw|Valkyrie95's rating: 1078 &rarr; <strong>1055<\/strong><br \/>(-23 for losing)\n|l|\u2606Valkyrie95\n","uploadtime":1699923390,"views":19,"p1id":"qz231113b","p2id":"valkyrie95","formatid":"gen9vgc2023regulatione","rating":1055,"private":0,"password":""}