{"id":"gen9vgc2023regulatione-1989676278","p1":"Ayresbrun","p2":"Sword of ?","format":"[Gen 9] VGC 2023 Regulation E","log":"|j|\u2606Ayresbrun\n|j|\u2606Sword of ?\n|t:|1699885857\n|gametype|doubles\n|player|p1|Ayresbrun|266|1251\n|player|p2|Sword of ?|acetrainer-gen6xy|1222\n|teamsize|p1|6\n|teamsize|p2|6\n|gen|9\n|tier|[Gen 9] VGC 2023 Regulation E\n|rated|\n|rule|Species Clause: Limit one of each Pok\u00e9mon\n|rule|Item Clause: Limit one of each item\n|clearpoke\n|poke|p1|Flutter Mane, L50|\n|poke|p1|Tornadus, L50, M|\n|poke|p1|Heatran, L50, M|\n|poke|p1|Rillaboom, L50, M|\n|poke|p1|Arcanine, L50, M|\n|poke|p1|Hydreigon, L50, F|\n|poke|p2|Landorus-Therian, L50, M|\n|poke|p2|Heatran, L50, F|\n|poke|p2|Ogerpon-Wellspring, L50, F|\n|poke|p2|Kingambit, L50, F|\n|poke|p2|Flutter Mane, L50|\n|poke|p2|Rillaboom, L50, F|\n|teampreview|4\n|inactive|Battle timer is ON: inactive players will automatically lose when time's up. (requested by Sword of ?)\nAyresbrun has agreed to open team sheets.\n|inactive|Ayresbrun has 60 seconds left.\n|inactive|Sword of ? has 60 seconds left.\nSword of ? has agreed to open team sheets.\n|inactive|Ayresbrun has 30 seconds left.\n|inactive|Sword of ? has 30 seconds left.\n|inactive|Ayresbrun has 20 seconds left.\n|inactive|Ayresbrun has 15 seconds left.\n|inactive|Ayresbrun has 10 seconds left.\n|inactive|Ayresbrun has 5 seconds left.\n|\n|t:|1699885946\n|start\n|switch|p1a: Tornadus|Tornadus, L50, M|100\/100\n|switch|p1b: Arcanine|Arcanine, L50, M|100\/100\n|switch|p2a: Kingambit|Kingambit, L50, F|100\/100\n|switch|p2b: Ogerpon|Ogerpon-Wellspring, L50, F|100\/100\n|-ability|p1b: Arcanine|Intimidate|boost\n|-unboost|p2a: Kingambit|atk|1\n|-ability|p2a: Kingambit|Defiant|boost\n|-boost|p2a: Kingambit|atk|2\n|-unboost|p2b: Ogerpon|atk|1\n|turn|1\n|inactive|Sword of ? has 30 seconds left.\n|\n|t:|1699885976\n|-terastallize|p2a: Kingambit|Dark\n|move|p2b: Ogerpon|Follow Me|p2b: Ogerpon\n|-singleturn|p2b: Ogerpon|move: Follow Me\n|move|p1a: Tornadus|Sunny Day|p1a: Tornadus\n|-weather|SunnyDay\n|move|p1b: Arcanine|Will-O-Wisp|p2b: Ogerpon\n|-status|p2b: Ogerpon|brn\n|move|p2a: Kingambit|Kowtow Cleave|p1a: Tornadus\n|-damage|p1a: Tornadus|0 fnt\n|faint|p1a: Tornadus\n|\n|-weather|SunnyDay|[upkeep]\n|-damage|p2b: Ogerpon|95\/100 brn|[from] brn\n|upkeep\n|\n|t:|1699885994\n|switch|p1a: Hydreigon|Hydreigon, L50, F|100\/100\n|turn|2\n|inactive|Ayresbrun has 30 seconds left.\n|inactive|Ayresbrun has 20 seconds left.\n|\n|t:|1699886032\n|-terastallize|p1b: Arcanine|Grass\n|move|p2b: Ogerpon|Follow Me|p2b: Ogerpon\n|-singleturn|p2b: Ogerpon|move: Follow Me\n|move|p1b: Arcanine|Flare Blitz|p2b: Ogerpon\n|-damage|p2b: Ogerpon|14\/100 brn\n|-damage|p1b: Arcanine|75\/100|[from] Recoil\n|move|p1a: Hydreigon|Focus Energy|p1a: Hydreigon\n|-start|p1a: Hydreigon|move: Focus Energy\n|move|p2a: Kingambit|Kowtow Cleave|p1b: Arcanine\n|-damage|p1b: Arcanine|0 fnt\n|faint|p1b: Arcanine\n|\n|-weather|SunnyDay|[upkeep]\n|-damage|p2b: Ogerpon|8\/100 brn|[from] brn\n|upkeep\n|\n|t:|1699886045\n|switch|p1b: Rillaboom|Rillaboom, L50, M|100\/100\n|-fieldstart|move: Grassy Terrain|[from] ability: Grassy Surge|[of] p1b: Rillaboom\n|turn|3\n|\n|t:|1699886079\n|switch|p2b: Flutter Mane|Flutter Mane, L50|100\/100\n|-activate|p2b: Flutter Mane|ability: Protosynthesis\n|-start|p2b: Flutter Mane|protosynthesisspe\n|move|p2a: Kingambit|Protect|p2a: Kingambit\n|-singleturn|p2a: Kingambit|Protect\n|move|p1b: Rillaboom|Fake Out|p2a: Kingambit\n|-activate|p2a: Kingambit|move: Protect\n|move|p1a: Hydreigon|Dark Pulse|p2b: Flutter Mane\n|-damage|p2b: Flutter Mane|65\/100\n|\n|-weather|SunnyDay|[upkeep]\n|-heal|p2b: Flutter Mane|72\/100|[from] Grassy Terrain\n|upkeep\n|turn|4\n|\n|t:|1699886103\n|-end|p2b: Flutter Mane|Protosynthesis|[silent]\n|switch|p2b: Heatran|Heatran, L50, F|100\/100\n|move|p1b: Rillaboom|Grassy Glide|p2b: Heatran\n|-resisted|p2b: Heatran\n|-damage|p2b: Heatran|93\/100\n|move|p1a: Hydreigon|Draco Meteor|p2a: Kingambit\n|-crit|p2a: Kingambit\n|-damage|p2a: Kingambit|0 fnt\n|-unboost|p1a: Hydreigon|spa|2\n|faint|p2a: Kingambit\n|\n|-weather|SunnyDay|[upkeep]\n|-heal|p2b: Heatran|99\/100|[from] Grassy Terrain\n|-heal|p2b: Heatran|100\/100|[from] item: Leftovers\n|upkeep\n|\n|t:|1699886120\n|switch|p2a: Flutter Mane|Flutter Mane, L50|72\/100\n|-activate|p2a: Flutter Mane|ability: Protosynthesis\n|-start|p2a: Flutter Mane|protosynthesisspe\n|turn|5\n|\n|t:|1699886143\n|move|p1b: Rillaboom|Grassy Glide|p2a: Flutter Mane\n|-damage|p2a: Flutter Mane|14\/100\n|move|p2a: Flutter Mane|Dazzling Gleam|p1a: Hydreigon|[spread] p1a,p1b\n|-supereffective|p1a: Hydreigon\n|-damage|p1a: Hydreigon|0 fnt\n|-damage|p1b: Rillaboom|69\/100\n|faint|p1a: Hydreigon\n|move|p2b: Heatran|Heat Wave|p1b: Rillaboom\n|-supereffective|p1b: Rillaboom\n|-damage|p1b: Rillaboom|0 fnt\n|faint|p1b: Rillaboom\n|\n|win|Sword of ?\n|raw|Ayresbrun's rating: 1251 &rarr; <strong>1224<\/strong><br \/>(-27 for losing)\n|raw|Sword of ?'s rating: 1222 &rarr; <strong>1249<\/strong><br \/>(+27 for winning)\n","uploadtime":1699886156,"views":25,"p1id":"ayresbrun","p2id":"swordof","formatid":"gen9vgc2023regulatione","rating":1224,"private":0,"password":""}