{"id":"gen9vgc2023regulatione-1996422428","p1":"iPetBigfoot","p2":"Fernanch","format":"[Gen 9] VGC 2023 Regulation E","log":"|j|\u2606iPetBigfoot\n|j|\u2606Fernanch\n|n|\u2606iPetBigfoot|ipetbigfoot\n|n|\u2606Fernanch|fernanch\n|html|View the match progress at <a href=\"\/game-bestof3-gen9vgc2023regulatione-1996420676\">game-bestof3-gen9vgc2023regulatione-1996420676<\/a>\n|t:|1700680513\n|gametype|doubles\n|player|p1|iPetBigfoot|carmine-festival|\n|player|p2|Fernanch|waiter-gen4dp|\n|teamsize|p1|6\n|teamsize|p2|6\n|gen|9\n|tier|[Gen 9] VGC 2023 Regulation E\n|rule|Species Clause: Limit one of each Pok\u00e9mon\n|rule|Item Clause: Limit one of each item\n|clearpoke\n|poke|p1|Ogerpon-Cornerstone, L50, F|\n|poke|p1|Hatterene, L50, F|\n|poke|p1|Iron Hands, L50|\n|poke|p1|Murkrow, L50, M|\n|poke|p1|Ursaluna-Bloodmoon, L50, M|\n|poke|p1|Pincurchin, L50, F|\n|poke|p2|Tornadus, L50, M|\n|poke|p2|Chi-Yu, L50|\n|poke|p2|Gothitelle, L50, F|\n|poke|p2|Ogerpon-Wellspring, L50, F|\n|poke|p2|Rillaboom, L50, M|\n|poke|p2|Jigglypuff, L50, F|\n|teampreview|4\n|j| Kerthwack\niPetBigfoot has agreed to open team sheets.\n|c|\u2606iPetBigfoot|oops\n|l| Kerthwack\n|c|\u2606iPetBigfoot|deny those please\nFernanch rejected open team sheets.\n|c|\u2606iPetBigfoot|thanks\n|c|\u2606iPetBigfoot|my muscle memory kicked in\n|\n|t:|1700680578\n|start\n|switch|p1a: Ogerpon|Ogerpon-Cornerstone, L50, F|100\/100\n|switch|p1b: Hatterene|Hatterene, L50, F|100\/100\n|switch|p2a: Tornadus|Tornadus, L50, M|100\/100\n|switch|p2b: Rillaboom|Rillaboom, L50, M|100\/100\n|-fieldstart|move: Grassy Terrain|[from] ability: Grassy Surge|[of] p2b: Rillaboom\n|turn|1\n|\n|t:|1700680596\n|move|p2a: Tornadus|Protect|p2a: Tornadus\n|-singleturn|p2a: Tornadus|Protect\n|move|p1a: Ogerpon|Spiky Shield|p1a: Ogerpon\n|-singleturn|p1a: Ogerpon|move: Protect\n|move|p1b: Hatterene|Protect|p1b: Hatterene\n|-singleturn|p1b: Hatterene|Protect\n|move|p2b: Rillaboom|Wood Hammer|p1a: Ogerpon\n|-activate|p1a: Ogerpon|move: Protect\n|-damage|p2b: Rillaboom|88\/100|[from] Spiky Shield|[of] p1a: Ogerpon\n|\n|-heal|p2b: Rillaboom|94\/100|[from] Grassy Terrain\n|upkeep\n|turn|2\n|\n|t:|1700680613\n|move|p1a: Ogerpon|Follow Me|p1a: Ogerpon\n|-singleturn|p1a: Ogerpon|move: Follow Me\n|move|p2a: Tornadus|Tailwind|p2a: Tornadus\n|-sidestart|p2: Fernanch|move: Tailwind\n|move|p2b: Rillaboom|Wood Hammer|p1a: Ogerpon\n|-damage|p1a: Ogerpon|10\/100\n|-damage|p2b: Rillaboom|65\/100|[from] Recoil\n|move|p1b: Hatterene|Trick Room|p1b: Hatterene\n|-fieldstart|move: Trick Room|[of] p1b: Hatterene\n|\n|-heal|p1a: Ogerpon|16\/100|[from] Grassy Terrain\n|-heal|p2b: Rillaboom|71\/100|[from] Grassy Terrain\n|upkeep\n|turn|3\n|\n|t:|1700680626\n|switch|p2b: Ogerpon|Ogerpon-Wellspring, L50, F|100\/100\n|move|p2a: Tornadus|Protect|p2a: Tornadus\n|-singleturn|p2a: Tornadus|Protect\n|move|p1a: Ogerpon|Spiky Shield|p1a: Ogerpon\n|-singleturn|p1a: Ogerpon|move: Protect\n|move|p1b: Hatterene|Psychic|p2b: Ogerpon\n|-damage|p2b: Ogerpon|24\/100\n|-damage|p1b: Hatterene|91\/100|[from] item: Life Orb\n|\n|-heal|p1b: Hatterene|97\/100|[from] Grassy Terrain\n|-heal|p1a: Ogerpon|21\/100|[from] Grassy Terrain\n|-heal|p2b: Ogerpon|30\/100|[from] Grassy Terrain\n|upkeep\n|turn|4\n|j| Samuelthestrong\n|l| Samuelthestrong\n|\n|t:|1700680652\n|move|p2b: Ogerpon|Grassy Glide|p1a: Ogerpon\n|-damage|p1a: Ogerpon|0 fnt\n|faint|p1a: Ogerpon\n|move|p1b: Hatterene|Psychic|p2b: Ogerpon\n|-damage|p2b: Ogerpon|0 fnt\n|faint|p2b: Ogerpon\n|-damage|p1b: Hatterene|87\/100|[from] item: Life Orb\n|move|p2a: Tornadus|Bleakwind Storm|p1b: Hatterene\n|-damage|p1b: Hatterene|46\/100\n|\n|-heal|p1b: Hatterene|52\/100|[from] Grassy Terrain\n|upkeep\n|\n|t:|1700680658\n|switch|p1a: Iron Hands|Iron Hands, L50|100\/100\n|switch|p2b: Rillaboom|Rillaboom, L50, M|71\/100\n|-enditem|p1a: Iron Hands|Booster Energy\n|-activate|p1a: Iron Hands|ability: Quark Drive|[fromitem]\n|-start|p1a: Iron Hands|quarkdriveatk\n|turn|5\n|\n|t:|1700680667\n|move|p2a: Tornadus|Protect|p2a: Tornadus\n|-singleturn|p2a: Tornadus|Protect\n|move|p1a: Iron Hands|Fake Out|p2b: Rillaboom\n|-damage|p2b: Rillaboom|48\/100\n|-enditem|p2b: Rillaboom|Sitrus Berry|[eat]\n|-heal|p2b: Rillaboom|73\/100|[from] item: Sitrus Berry\n|cant|p2b: Rillaboom|flinch\n|move|p1b: Hatterene|Psychic|p2b: Rillaboom\n|-damage|p2b: Rillaboom|0 fnt\n|faint|p2b: Rillaboom\n|-damage|p1b: Hatterene|43\/100|[from] item: Life Orb\n|\n|-heal|p1b: Hatterene|49\/100|[from] Grassy Terrain\n|-sideend|p2: Fernanch|move: Tailwind\n|-fieldend|move: Grassy Terrain\n|upkeep\n|\n|t:|1700680673\n|switch|p2b: Chi-Yu|Chi-Yu, L50|100\/100\n|-ability|p2b: Chi-Yu|Beads of Ruin\n|turn|6\n|\n|t:|1700680718\n|-terastallize|p1a: Iron Hands|Fire\n|move|p2a: Tornadus|Protect||[still]\n|-fail|p2a: Tornadus\n|move|p2b: Chi-Yu|Protect|p2b: Chi-Yu\n|-singleturn|p2b: Chi-Yu|Protect\n|move|p1b: Hatterene|Dazzling Gleam|p2b: Chi-Yu|[spread] p2a\n|-activate|p2b: Chi-Yu|move: Protect\n|-damage|p2a: Tornadus|38\/100\n|-damage|p1b: Hatterene|39\/100|[from] item: Life Orb\n|move|p1a: Iron Hands|Thunder Punch|p2a: Tornadus\n|-supereffective|p2a: Tornadus\n|-damage|p2a: Tornadus|0 fnt\n|faint|p2a: Tornadus\n|\n|-fieldend|move: Trick Room\n|upkeep\n|turn|7\n|c|\u2606iPetBigfoot|gg\n|\n|t:|1700680734\n|-terastallize|p2b: Chi-Yu|Fire\n|move|p2b: Chi-Yu|Dark Pulse|p1a: Iron Hands\n|-damage|p1a: Iron Hands|47\/100\n|-damage|p2b: Chi-Yu|90\/100|[from] item: Life Orb\n|cant|p1a: Iron Hands|flinch\n|move|p1b: Hatterene|Trick Room|p1b: Hatterene\n|-fieldstart|move: Trick Room|[of] p1b: Hatterene\n|\n|upkeep\n|turn|8\n|\n|t:|1700680742\n|move|p2b: Chi-Yu|Protect|p2b: Chi-Yu\n|-singleturn|p2b: Chi-Yu|Protect\n|move|p1b: Hatterene|Psychic|p2b: Chi-Yu\n|-activate|p2b: Chi-Yu|move: Protect\n|move|p1a: Iron Hands|Drain Punch|p2b: Chi-Yu\n|-activate|p2b: Chi-Yu|move: Protect\n|\n|upkeep\n|turn|9\n|\n|t:|1700680745\n|move|p2b: Chi-Yu|Protect||[still]\n|-fail|p2b: Chi-Yu\n|move|p1b: Hatterene|Psychic|p2b: Chi-Yu\n|-damage|p2b: Chi-Yu|11\/100\n|-damage|p1b: Hatterene|29\/100|[from] item: Life Orb\n|move|p1a: Iron Hands|Drain Punch|p2b: Chi-Yu\n|-damage|p2b: Chi-Yu|0 fnt\n|-heal|p1a: Iron Hands|49\/100|[from] drain|[of] p2b: Chi-Yu\n|faint|p2b: Chi-Yu\n|\n|win|iPetBigfoot\n|c|\u2606Fernanch|Gg\n|l|\u2606Fernanch\n","uploadtime":1700680759,"views":19,"p1id":"ipetbigfoot","p2id":"fernanch","formatid":"gen9vgc2023regulatione","rating":0,"private":0,"password":""}