{"id":"gen9vgc2023regulatione-1992369073","p1":"blackoutjr","p2":"Jarlomen","format":"[Gen 9] VGC 2023 Regulation E","log":"|j|\u2606blackoutjr\n|j|\u2606Jarlomen\n|t:|1700179600\n|gametype|doubles\n|player|p1|blackoutjr|caitlin|1056\n|player|p2|Jarlomen|265|1156\n|teamsize|p1|6\n|teamsize|p2|6\n|gen|9\n|tier|[Gen 9] VGC 2023 Regulation E\n|rated|\n|rule|Species Clause: Limit one of each Pok\u00e9mon\n|rule|Item Clause: Limit one of each item\n|clearpoke\n|poke|p1|Regidrago, L50|\n|poke|p1|Tornadus, L50, M|\n|poke|p1|Gholdengo, L50|\n|poke|p1|Meowscarada, L50, F|\n|poke|p1|Urshifu-*, L50, M|\n|poke|p1|Mimikyu, L50, M|\n|poke|p2|Great Tusk, L50|\n|poke|p2|Illumise, L50, F|\n|poke|p2|Chi-Yu, L50|\n|poke|p2|Flutter Mane, L50|\n|poke|p2|Chien-Pao, L50|\n|poke|p2|Dragonite, L50, F|\n|teampreview|4\n|inactive|Battle timer is ON: inactive players will automatically lose when time's up. (requested by Jarlomen)\n|inactive|blackoutjr also wants the timer to be on.\n|inactive|Jarlomen has 60 seconds left.\n|inactive|Jarlomen has 30 seconds left.\n|inactive|Jarlomen has 20 seconds left.\n|inactive|Jarlomen has 15 seconds left.\n|\n|t:|1700179678\n|start\n|switch|p1a: Tornadus|Tornadus, L50, M|100\/100\n|switch|p1b: Urshifu|Urshifu-Rapid-Strike, L50, M|100\/100\n|switch|p2a: Great Tusk|Great Tusk, L50|100\/100\n|switch|p2b: Illumise|Illumise, L50, F|100\/100\n|turn|1\n|inactive|Jarlomen has 30 seconds left.\n|\n|t:|1700179706\n|move|p1a: Tornadus|Tailwind|p1a: Tornadus\n|-sidestart|p1: blackoutjr|move: Tailwind\n|move|p2b: Illumise|Sunny Day|p2b: Illumise\n|-weather|SunnyDay\n|-activate|p2a: Great Tusk|ability: Protosynthesis\n|-start|p2a: Great Tusk|protosynthesisatk\n|move|p1b: Urshifu|Surging Strikes|p2a: Great Tusk\n|-supereffective|p2a: Great Tusk\n|-crit|p2a: Great Tusk\n|-damage|p2a: Great Tusk|85\/100\n|-supereffective|p2a: Great Tusk\n|-crit|p2a: Great Tusk\n|-damage|p2a: Great Tusk|68\/100\n|-supereffective|p2a: Great Tusk\n|-crit|p2a: Great Tusk\n|-damage|p2a: Great Tusk|51\/100\n|-hitcount|p2a: Great Tusk|3\n|move|p2a: Great Tusk|Headlong Rush|p1b: Urshifu\n|-damage|p1b: Urshifu|10\/100\n|-unboost|p2a: Great Tusk|def|1\n|-unboost|p2a: Great Tusk|spd|1\n|\n|-weather|SunnyDay|[upkeep]\n|upkeep\n|turn|2\n|\n|t:|1700179729\n|move|p2b: Illumise|Tailwind|p2b: Illumise\n|-sidestart|p2: Jarlomen|move: Tailwind\n|move|p2a: Great Tusk|Headlong Rush|p1b: Urshifu\n|-damage|p1b: Urshifu|0 fnt\n|-unboost|p2a: Great Tusk|def|1\n|-unboost|p2a: Great Tusk|spd|1\n|faint|p1b: Urshifu\n|move|p1a: Tornadus|Bleakwind Storm|p2a: Great Tusk|[spread] p2a,p2b\n|-supereffective|p2a: Great Tusk\n|-supereffective|p2b: Illumise\n|-damage|p2a: Great Tusk|0 fnt\n|-damage|p2b: Illumise|34\/100\n|faint|p2a: Great Tusk\n|-end|p2a: Great Tusk|Protosynthesis|[silent]\n|\n|-weather|SunnyDay|[upkeep]\n|upkeep\n|\n|t:|1700179744\n|switch|p1b: Gholdengo|Gholdengo, L50|100\/100\n|switch|p2a: Dragonite|Dragonite, L50, F|100\/100\n|turn|3\n|inactive|Jarlomen has 30 seconds left.\n|\n|t:|1700179777\n|move|p2b: Illumise|Thunder Wave|p1a: Tornadus\n|-status|p1a: Tornadus|par\n|move|p2a: Dragonite|Stomping Tantrum|p1b: Gholdengo\n|-supereffective|p1b: Gholdengo\n|-damage|p1b: Gholdengo|41\/100\n|move|p1b: Gholdengo|Make It Rain|p2b: Illumise|[spread] p2a,p2b\n|-damage|p2a: Dragonite|61\/100\n|-damage|p2b: Illumise|2\/100\n|-unboost|p1b: Gholdengo|spa|1\n|cant|p1a: Tornadus|par\n|\n|-weather|SunnyDay|[upkeep]\n|-heal|p1b: Gholdengo|47\/100|[from] item: Leftovers\n|upkeep\n|turn|4\n|\n|t:|1700179799\n|switch|p1a: Regidrago|Regidrago, L50, shiny|100\/100\n|move|p2b: Illumise|Encore|p1b: Gholdengo\n|-immune|p1b: Gholdengo|[from] ability: Good as Gold\n|move|p2a: Dragonite|Stomping Tantrum|p1b: Gholdengo\n|-supereffective|p1b: Gholdengo\n|-damage|p1b: Gholdengo|0 fnt\n|faint|p1b: Gholdengo\n|\n|-weather|SunnyDay|[upkeep]\n|-sideend|p1: blackoutjr|move: Tailwind\n|upkeep\n|\n|t:|1700179808\n|switch|p1b: Tornadus|Tornadus, L50, M|100\/100 par\n|turn|5\n|\n|t:|1700179826\n|move|p2b: Illumise|Thunder Wave|p1a: Regidrago\n|-status|p1a: Regidrago|par\n|move|p1b: Tornadus|Tailwind|p1b: Tornadus\n|-sidestart|p1: blackoutjr|move: Tailwind\n|move|p2a: Dragonite|Stomping Tantrum|p1a: Regidrago\n|-damage|p1a: Regidrago|53\/100 par\n|move|p1a: Regidrago|Dragon Energy|p2b: Illumise|[spread] p2a,p2b\n|-supereffective|p2a: Dragonite\n|-damage|p2a: Dragonite|0 fnt\n|-damage|p2b: Illumise|0 fnt\n|faint|p2a: Dragonite\n|faint|p2b: Illumise\n|\n|-weather|none\n|-sideend|p2: Jarlomen|move: Tailwind\n|upkeep\n|\n|t:|1700179839\n|switch|p2a: Chien-Pao|Chien-Pao, L50|100\/100\n|-ability|p2a: Chien-Pao|Sword of Ruin\n|turn|6\n|\n|t:|1700179856\n|-terastallize|p1a: Regidrago|Steel\n|move|p1b: Tornadus|Protect|p1b: Tornadus\n|-singleturn|p1b: Tornadus|Protect\n|move|p2a: Chien-Pao|Protect|p2a: Chien-Pao\n|-singleturn|p2a: Chien-Pao|Protect\n|move|p1a: Regidrago|Earth Power|p2a: Chien-Pao\n|-activate|p2a: Chien-Pao|move: Protect\n|\n|upkeep\n|turn|7\n|\n|t:|1700179869\n|-terastallize|p2a: Chien-Pao|Dark\n|move|p2a: Chien-Pao|Sacred Sword|p1a: Regidrago\n|-supereffective|p1a: Regidrago\n|-damage|p1a: Regidrago|0 fnt\n|faint|p1a: Regidrago\n|cant|p1b: Tornadus|par\n|\n|upkeep\n|turn|8\n|\n|t:|1700179877\n|move|p2a: Chien-Pao|Ice Spinner|p1b: Tornadus\n|-supereffective|p1b: Tornadus\n|-damage|p1b: Tornadus|0 fnt\n|faint|p1b: Tornadus\n|\n|win|Jarlomen\n|raw|blackoutjr's rating: 1056 &rarr; <strong>1043<\/strong><br \/>(-13 for losing)\n|raw|Jarlomen's rating: 1156 &rarr; <strong>1174<\/strong><br \/>(+18 for winning)\n|l|\u2606blackoutjr\n|c|\u2606Jarlomen|gg\n","uploadtime":1700179923,"views":28,"p1id":"blackoutjr","p2id":"jarlomen","formatid":"gen9vgc2023regulatione","rating":1043,"private":0,"password":""}