{"id":"gen9vgc2023regulatione-1993633741","p1":"BugManiacJacobe","p2":"lamxyz","format":"[Gen 9] VGC 2023 Regulation E","log":"|j|\u2606BugManiacJacobe\n|j|\u2606lamxyz\n|t:|1700339763\n|gametype|doubles\n|player|p1|BugManiacJacobe|bugcatcher-gen4dp|1222\n|player|p2|lamxyz|101|1316\n|teamsize|p1|6\n|teamsize|p2|6\n|gen|9\n|tier|[Gen 9] VGC 2023 Regulation E\n|rated|\n|rule|Species Clause: Limit one of each Pok\u00e9mon\n|rule|Item Clause: Limit one of each item\n|clearpoke\n|poke|p1|Volcarona, L50, F|\n|poke|p1|Tyranitar, L50, M|\n|poke|p1|Ogerpon-Cornerstone, L50, F|\n|poke|p1|Gholdengo, L50|\n|poke|p1|Iron Bundle, L50|\n|poke|p1|Okidogi, L50, M|\n|poke|p2|Ogerpon, L50, F|\n|poke|p2|Chien-Pao, L50|\n|poke|p2|Urshifu-*, L50, M|\n|poke|p2|Tornadus, L50, M|\n|poke|p2|Flutter Mane, L50|\n|poke|p2|Iron Hands, L50|\n|teampreview|4\n|inactive|Battle timer is ON: inactive players will automatically lose when time's up. (requested by BugManiacJacobe)\nBugManiacJacobe has agreed to open team sheets.\nlamxyz has agreed to open team sheets.\n|inactive|BugManiacJacobe has 30 seconds left.\n|inactive|BugManiacJacobe has 20 seconds left.\n|inactive|BugManiacJacobe has 15 seconds left.\n|inactive|BugManiacJacobe has 10 seconds left.\n|inactive|BugManiacJacobe has 5 seconds left.\n|\n|t:|1700339843\n|start\n|switch|p1a: Iron Bundle|Iron Bundle, L50|100\/100\n|switch|p1b: Tyranitar|Tyranitar, L50, M|100\/100\n|switch|p2a: Tornadus|Tornadus, L50, M|100\/100\n|switch|p2b: Iron Hands|Iron Hands, L50|100\/100\n|-weather|Sandstorm|[from] ability: Sand Stream|[of] p1b: Tyranitar\n|-enditem|p1a: Iron Bundle|Booster Energy\n|-activate|p1a: Iron Bundle|ability: Quark Drive|[fromitem]\n|-start|p1a: Iron Bundle|quarkdrivespe\n|turn|1\n|inactive|BugManiacJacobe has 30 seconds left.\n|\n|t:|1700339876\n|switch|p1b: Volcarona|Volcarona, L50, F|100\/100\n|move|p2a: Tornadus|Tailwind|p2a: Tornadus\n|-sidestart|p2: lamxyz|move: Tailwind\n|move|p1a: Iron Bundle|Freeze-Dry|p2a: Tornadus\n|-supereffective|p2a: Tornadus\n|-damage|p2a: Tornadus|33\/100\n|move|p2b: Iron Hands|Wild Charge|p1a: Iron Bundle\n|-supereffective|p1a: Iron Bundle\n|-damage|p1a: Iron Bundle|0 fnt\n|faint|p1a: Iron Bundle\n|-end|p1a: Iron Bundle|Quark Drive|[silent]\n|-damage|p2b: Iron Hands|87\/100|[from] Recoil\n|\n|-weather|Sandstorm|[upkeep]\n|-damage|p2a: Tornadus|27\/100|[from] Sandstorm\n|-damage|p2b: Iron Hands|81\/100|[from] Sandstorm\n|-damage|p1b: Volcarona|95\/100|[from] Sandstorm\n|upkeep\n|\n|t:|1700339893\n|switch|p1a: Okidogi|Okidogi, L50, M|100\/100\n|turn|2\n|inactive|lamxyz has 30 seconds left.\n|\n|t:|1700339922\n|move|p1a: Okidogi|Protect|p1a: Okidogi\n|-singleturn|p1a: Okidogi|Protect\n|move|p2a: Tornadus|Rain Dance|p2a: Tornadus\n|-weather|RainDance\n|move|p2b: Iron Hands|Drain Punch|p1b: Volcarona\n|-resisted|p1b: Volcarona\n|-damage|p1b: Volcarona|71\/100\n|-heal|p2b: Iron Hands|90\/100|[from] drain|[of] p1b: Volcarona\n|-damage|p2b: Iron Hands|74\/100|[from] item: Rocky Helmet|[of] p1b: Volcarona\n|move|p1b: Volcarona|Will-O-Wisp|p2b: Iron Hands\n|-status|p2b: Iron Hands|brn\n|\n|-weather|RainDance|[upkeep]\n|-damage|p2b: Iron Hands|68\/100 brn|[from] brn\n|upkeep\n|turn|3\n|\n|t:|1700339944\n|switch|p1a: Tyranitar|Tyranitar, L50, M|100\/100\n|-weather|Sandstorm|[from] ability: Sand Stream|[of] p1a: Tyranitar\n|move|p2a: Tornadus|Bleakwind Storm|p1a: Tyranitar|[spread] p1a,p1b\n|-resisted|p1a: Tyranitar\n|-supereffective|p1b: Volcarona\n|-damage|p1a: Tyranitar|92\/100\n|-damage|p1b: Volcarona|19\/100\n|move|p2b: Iron Hands|Drain Punch|p1a: Tyranitar\n|-supereffective|p1a: Tyranitar\n|-damage|p1a: Tyranitar|24\/100\n|-heal|p2b: Iron Hands|98\/100 brn|[from] drain|[of] p1a: Tyranitar\n|-enditem|p1a: Tyranitar|Sitrus Berry|[eat]\n|-heal|p1a: Tyranitar|49\/100|[from] item: Sitrus Berry\n|move|p1b: Volcarona|Heat Wave|p2a: Tornadus|[spread] p2a\n|-miss|p1b: Volcarona|p2b: Iron Hands\n|-damage|p2a: Tornadus|0 fnt\n|faint|p2a: Tornadus\n|\n|-weather|Sandstorm|[upkeep]\n|-damage|p2b: Iron Hands|92\/100 brn|[from] Sandstorm\n|-damage|p1b: Volcarona|13\/100|[from] Sandstorm\n|-damage|p2b: Iron Hands|86\/100 brn|[from] brn\n|upkeep\n|\n|t:|1700339957\n|switch|p2a: Ogerpon|Ogerpon, L50, F|100\/100\n|turn|4\n|\n|t:|1700339981\n|-terastallize|p2a: Ogerpon|Grass\n|detailschange|p2a: Ogerpon|Ogerpon-Teal-Tera, L50, F, tera:Grass\n|-ability|p2a: Ogerpon|Embody Aspect (Teal)|boost\n|-boost|p2a: Ogerpon|spe|1\n|move|p1b: Volcarona|Protect|p1b: Volcarona\n|-singleturn|p1b: Volcarona|Protect\n|move|p1a: Tyranitar|Protect|p1a: Tyranitar\n|-singleturn|p1a: Tyranitar|Protect\n|move|p2a: Ogerpon|Swords Dance|p2a: Ogerpon\n|-boost|p2a: Ogerpon|atk|2\n|move|p2b: Iron Hands|Wild Charge|p1b: Volcarona\n|-activate|p1b: Volcarona|move: Protect\n|\n|-weather|Sandstorm|[upkeep]\n|-damage|p2a: Ogerpon|95\/100|[from] Sandstorm\n|-damage|p2b: Iron Hands|80\/100 brn|[from] Sandstorm\n|-damage|p1b: Volcarona|7\/100|[from] Sandstorm\n|-damage|p2b: Iron Hands|74\/100 brn|[from] brn\n|-sideend|p2: lamxyz|move: Tailwind\n|upkeep\n|turn|5\n|inactive|BugManiacJacobe has 30 seconds left.\n|inactive|BugManiacJacobe has 20 seconds left.\n|\n|t:|1700340021\n|switch|p1a: Okidogi|Okidogi, L50, M|100\/100\n|move|p2a: Ogerpon|Spiky Shield|p2a: Ogerpon\n|-singleturn|p2a: Ogerpon|move: Protect\n|move|p1b: Volcarona|Tailwind|p1b: Volcarona\n|-sidestart|p1: BugManiacJacobe|move: Tailwind\n|move|p2b: Iron Hands|Drain Punch|p1b: Volcarona\n|-resisted|p1b: Volcarona\n|-damage|p1b: Volcarona|0 fnt\n|-heal|p2b: Iron Hands|77\/100 brn|[from] drain|[of] p1b: Volcarona\n|-damage|p2b: Iron Hands|61\/100 brn|[from] item: Rocky Helmet|[of] p1b: Volcarona\n|faint|p1b: Volcarona\n|\n|-weather|Sandstorm|[upkeep]\n|-damage|p2a: Ogerpon|89\/100|[from] Sandstorm\n|-damage|p2b: Iron Hands|55\/100 brn|[from] Sandstorm\n|-damage|p2b: Iron Hands|49\/100 brn|[from] brn\n|upkeep\n|\n|t:|1700340033\n|switch|p1b: Tyranitar|Tyranitar, L50, M|49\/100\n|turn|6\n|inactive|BugManiacJacobe has 30 seconds left.\n|\n|t:|1700340064\n|-end|p2b: Iron Hands|Quark Drive|[silent]\n|switch|p2b: Chien-Pao|Chien-Pao, L50|100\/100\n|-ability|p2b: Chien-Pao|Sword of Ruin\n|move|p1b: Tyranitar|Protect|p1b: Tyranitar\n|-singleturn|p1b: Tyranitar|Protect\n|move|p2a: Ogerpon|Stomping Tantrum|p1a: Okidogi\n|-supereffective|p1a: Okidogi\n|-damage|p1a: Okidogi|0 fnt\n|faint|p1a: Okidogi\n|\n|-weather|Sandstorm|[upkeep]\n|-damage|p2a: Ogerpon|83\/100|[from] Sandstorm\n|-damage|p2b: Chien-Pao|95\/100|[from] Sandstorm\n|upkeep\n|turn|7\n|\n|t:|1700340080\n|-terastallize|p1b: Tyranitar|Fairy\n|move|p2a: Ogerpon|Ivy Cudgel|p1b: Tyranitar\n|-crit|p1b: Tyranitar\n|-damage|p1b: Tyranitar|0 fnt\n|faint|p1b: Tyranitar\n|\n|win|lamxyz\n|raw|BugManiacJacobe's rating: 1222 &rarr; <strong>1204<\/strong><br \/>(-18 for losing)\n|raw|lamxyz's rating: 1316 &rarr; <strong>1331<\/strong><br \/>(+15 for winning)\n|c|\u2606BugManiacJacobe|gg\n|c|\u2606lamxyz|ggs\n","uploadtime":1700340091,"views":13,"p1id":"bugmaniacjacobe","p2id":"lamxyz","formatid":"gen9vgc2023regulatione","rating":1204,"private":0,"password":""}