{"id":"gen9vgc2023regulatione-1994871194","p1":"Kierby","p2":"PizzaTimeJoshua","format":"[Gen 9] VGC 2023 Regulation E","log":"|j|\u2606Kierby\n|j|\u2606PizzaTimeJoshua\n|n|\u2606Kierby|kierby\n|n|\u2606PizzaTimeJoshua|pizzatimejoshua\n|html|View the match progress at <a href=\"\/game-bestof3-gen9vgc2023regulatione-1994866798\">game-bestof3-gen9vgc2023regulatione-1994866798<\/a>\n|t:|1700500400\n|gametype|doubles\n|player|p1|Kierby|1|\n|player|p2|PizzaTimeJoshua|scientist|\n|teamsize|p1|6\n|teamsize|p2|6\n|gen|9\n|tier|[Gen 9] VGC 2023 Regulation E\n|rated|Tournament battle\n|rule|Species Clause: Limit one of each Pok\u00e9mon\n|rule|Item Clause: Limit one of each item\n|clearpoke\n|poke|p1|Zapdos, L50|\n|poke|p1|Tornadus, L50, M|\n|poke|p1|Urshifu-*, L50, F|\n|poke|p1|Gholdengo, L50|\n|poke|p1|Ogerpon, L50, F|\n|poke|p1|Baxcalibur, L50, F|\n|poke|p2|Zoroark-Hisui, L50, F|\n|poke|p2|Munchlax, L50, M|\n|poke|p2|Pikachu, L50, M|\n|poke|p2|Rillaboom, L50, F|\n|poke|p2|Iron Hands, L50|\n|poke|p2|Sinistcha, L50|\n|teampreview|4\n|showteam|p1|Zapdos||LifeOrb|Static|Thunderbolt,Hurricane,Protect,WeatherBall||||||50|,,,,,Electric]Tornadus||CovertCloak|Prankster|Tailwind,RainDance,BleakwindStorm,ScaryFace|||M|||50|,,,,,Dark]Urshifu-Rapid-Strike||MysticWater|UnseenFist|SurgingStrikes,Protect,CloseCombat,AquaJet|||F|||50|,,,,,Water]Gholdengo||Leftovers|GoodasGold|NastyPlot,Protect,ShadowBall,MakeItRain||||||50|,,,,,Dragon]Ogerpon||RazorClaw|Defiant|FollowMe,SpikyShield,IvyCudgel,StompingTantrum|||F|||50|,,,,,Grass]Baxcalibur||LoadedDice|ThermalExchange|ScaleShot,IcicleSpear,Protect,IceShard|||F|||50|,,,,,Poison\n|showteam|p2|Zoroark-Hisui||ChoiceSpecs|Illusion|SludgeBomb,HyperVoice,TeraBlast,BitterMalice|||F|||50|,,,,,Dark]Munchlax||Eviolite|ThickFat|BellyDrum,Protect,LastResort,StompingTantrum|||M|||50|,,,,,Ground]Pikachu||LightBall|LightningRod|FakeOut,VoltSwitch,VoltTackle,TeraBlast|||M|||50|,,,,,Flying]Rillaboom||MiracleSeed|GrassySurge|FakeOut,GrassyGlide,WoodHammer,Uturn|||F|||50|,,,,,Fire]Iron Hands||AssaultVest|QuarkDrive|DrainPunch,FakeOut,WildCharge,HeavySlam||||||50|,,,,,Fire]Sinistcha||RockyHelmet|Hospitality|MatchaGotcha,RagePowder,LifeDew,TrickRoom||||||50|,,,,,Water\n|j| pokeveteran04\n|\n|t:|1700500436\n|start\n|switch|p1a: Tornadus|Tornadus, L50, M|100\/100\n|switch|p1b: Urshifu|Urshifu-Rapid-Strike, L50, F|100\/100\n|switch|p2a: Rillaboom|Rillaboom, L50, F|100\/100\n|switch|p2b: Munchlax|Munchlax, L50, M|100\/100\n|-fieldstart|move: Grassy Terrain|[from] ability: Grassy Surge|[of] p2a: Rillaboom\n|turn|1\n|\n|t:|1700500454\n|move|p1b: Urshifu|Protect|p1b: Urshifu\n|-singleturn|p1b: Urshifu|Protect\n|move|p1a: Tornadus|Rain Dance|p1a: Tornadus\n|-weather|RainDance\n|move|p2a: Rillaboom|Grassy Glide|p1b: Urshifu\n|-activate|p1b: Urshifu|move: Protect\n|move|p2b: Munchlax|Belly Drum|p2b: Munchlax\n|-damage|p2b: Munchlax|50\/100\n|-setboost|p2b: Munchlax|atk|6|[from] move: Belly Drum\n|\n|-weather|RainDance|[upkeep]\n|-heal|p2b: Munchlax|57\/100|[from] Grassy Terrain\n|upkeep\n|turn|2\n|\n|t:|1700500461\n|-terastallize|p1b: Urshifu|Water\n|move|p2b: Munchlax|Protect|p2b: Munchlax\n|-singleturn|p2b: Munchlax|Protect\n|move|p2a: Rillaboom|Grassy Glide|p1b: Urshifu\n|-supereffective|p1b: Urshifu\n|-crit|p1b: Urshifu\n|-damage|p1b: Urshifu|0 fnt\n|faint|p1b: Urshifu\n|move|p1a: Tornadus|Bleakwind Storm|p2a: Rillaboom|[spread] p2a\n|-activate|p2b: Munchlax|move: Protect\n|-supereffective|p2a: Rillaboom\n|-damage|p2a: Rillaboom|27\/100\n|\n|-weather|RainDance|[upkeep]\n|-heal|p2a: Rillaboom|33\/100|[from] Grassy Terrain\n|-heal|p2b: Munchlax|63\/100|[from] Grassy Terrain\n|upkeep\n|c|\u2606Kierby|that crit mattered\n|\n|t:|1700500472\n|switch|p1b: Zapdos|Zapdos, L50|100\/100\n|turn|3\n|j| O1OOO11O\n|\n|t:|1700500491\n|move|p1a: Tornadus|Bleakwind Storm|p2a: Rillaboom|[spread] p2a,p2b\n|-supereffective|p2a: Rillaboom\n|-crit|p2b: Munchlax\n|-damage|p2a: Rillaboom|0 fnt\n|-damage|p2b: Munchlax|33\/100\n|faint|p2a: Rillaboom\n|move|p1b: Zapdos|Hurricane|p2b: Munchlax\n|-damage|p2b: Munchlax|0 fnt\n|faint|p2b: Munchlax\n|-damage|p1b: Zapdos|90\/100|[from] item: Life Orb\n|\n|-weather|RainDance|[upkeep]\n|upkeep\n|\n|t:|1700500494\n|switch|p2a: Sinistcha|Sinistcha, L50, shiny|100\/100\n|switch|p2b: Iron Hands|Iron Hands, L50|100\/100\n|turn|4\n|\n|t:|1700500513\n|-terastallize|p2a: Sinistcha|Water\n|move|p1b: Zapdos|Protect|p1b: Zapdos\n|-singleturn|p1b: Zapdos|Protect\n|move|p2b: Iron Hands|Fake Out|p1b: Zapdos\n|-activate|p1b: Zapdos|move: Protect\n|move|p1a: Tornadus|Bleakwind Storm|p2b: Iron Hands|[spread] p2a,p2b\n|-damage|p2a: Sinistcha|64\/100\n|-damage|p2b: Iron Hands|81\/100\n|-unboost|p2a: Sinistcha|spe|1\n|-unboost|p2b: Iron Hands|spe|1\n|move|p2a: Sinistcha|Trick Room|p2a: Sinistcha\n|-fieldstart|move: Trick Room|[of] p2a: Sinistcha\n|\n|-weather|RainDance|[upkeep]\n|-heal|p2a: Sinistcha|70\/100|[from] Grassy Terrain\n|-heal|p2b: Iron Hands|87\/100|[from] Grassy Terrain\n|upkeep\n|turn|5\n|\n|t:|1700500530\n|move|p1a: Tornadus|Scary Face|p1b: Zapdos\n|-unboost|p1b: Zapdos|spe|2\n|move|p2a: Sinistcha|Life Dew|p2a: Sinistcha|[spread] p2a,p2b\n|-heal|p2a: Sinistcha|95\/100\n|-heal|p2b: Iron Hands|100\/100\n|move|p2b: Iron Hands|Wild Charge|p1b: Zapdos\n|-damage|p1b: Zapdos|29\/100\n|-damage|p2b: Iron Hands|89\/100|[from] Recoil\n|move|p1b: Zapdos|Thunderbolt|p2a: Sinistcha\n|-supereffective|p2a: Sinistcha\n|-damage|p2a: Sinistcha|0 fnt\n|faint|p2a: Sinistcha\n|-damage|p1b: Zapdos|19\/100|[from] item: Life Orb\n|\n|-weather|none\n|-heal|p2b: Iron Hands|95\/100|[from] Grassy Terrain\n|-fieldend|move: Grassy Terrain\n|upkeep\n|turn|6\n|c|\u2606PizzaTimeJoshua|I aint winning\n|c|\u2606PizzaTimeJoshua|gg\n|j|%Radio Free C-Side\n|\n|t:|1700500585\n|move|p1b: Zapdos|Protect|p1b: Zapdos\n|-singleturn|p1b: Zapdos|Protect\n|move|p1a: Tornadus|Rain Dance|p1a: Tornadus\n|-weather|RainDance\n|move|p2b: Iron Hands|Wild Charge|p1a: Tornadus\n|-supereffective|p1a: Tornadus\n|-damage|p1a: Tornadus|0 fnt\n|faint|p1a: Tornadus\n|-damage|p2b: Iron Hands|76\/100|[from] Recoil\n|\n|-weather|RainDance|[upkeep]\n|upkeep\n|\n|t:|1700500589\n|switch|p1a: Gholdengo|Gholdengo, L50|100\/100\n|turn|7\n|\n|t:|1700500622\n|move|p2b: Iron Hands|Wild Charge|p1b: Zapdos\n|-damage|p1b: Zapdos|0 fnt\n|faint|p1b: Zapdos\n|-damage|p2b: Iron Hands|73\/100|[from] Recoil\n|move|p1a: Gholdengo|Shadow Ball|p2b: Iron Hands\n|-damage|p2b: Iron Hands|52\/100\n|\n|-weather|RainDance|[upkeep]\n|upkeep\n|turn|8\n|\n|t:|1700500634\n|move|p2b: Iron Hands|Wild Charge|p1a: Gholdengo\n|-damage|p1a: Gholdengo|45\/100\n|-damage|p2b: Iron Hands|42\/100|[from] Recoil\n|move|p1a: Gholdengo|Nasty Plot|p1a: Gholdengo\n|-boost|p1a: Gholdengo|spa|2\n|\n|-weather|RainDance|[upkeep]\n|-heal|p1a: Gholdengo|51\/100|[from] item: Leftovers\n|-fieldend|move: Trick Room\n|upkeep\n|turn|9\n|c| pokeveteran04|wait\n|c|\u2606PizzaTimeJoshua|wait\n|\n|t:|1700500647\n|move|p1a: Gholdengo|Make It Rain|p2b: Iron Hands\n|-resisted|p2b: Iron Hands\n|-damage|p2b: Iron Hands|9\/100\n|-unboost|p1a: Gholdengo|spa|1\n|move|p2b: Iron Hands|Wild Charge|p1a: Gholdengo\n|-damage|p1a: Gholdengo|0 fnt\n|faint|p1a: Gholdengo\n|-damage|p2b: Iron Hands|0 fnt|[from] Recoil\n|faint|p2b: Iron Hands\n|-end|p2b: Iron Hands|Quark Drive|[silent]\n|\n|win|PizzaTimeJoshua\n|c|\u2606Kierby|wait\n|c|\u2606Kierby|:D\n|c| pokeveteran04|what why?\n|c|\u2606PizzaTimeJoshua|BRUH\n|c|\u2606PizzaTimeJoshua|gg\n","uploadtime":1700500663,"views":13,"p1id":"kierby","p2id":"pizzatimejoshua","formatid":"gen9vgc2023regulatione","rating":0,"private":0,"password":""}