{"id":"gen9vgc2023regulatione-1999872223","p1":"santi_san02","p2":"Probandoteammvp","format":"[Gen 9] VGC 2023 Regulation E","log":"|j|\u2606santi_san02\n|j|\u2606Probandoteammvp\n|t:|1701124899\n|gametype|doubles\n|player|p1|santi_san02|veteran|1434\n|player|p2|Probandoteammvp|riley|1468\n|teamsize|p1|6\n|teamsize|p2|6\n|gen|9\n|tier|[Gen 9] VGC 2023 Regulation E\n|rated|\n|rule|Species Clause: Limit one of each Pok\u00e9mon\n|rule|Item Clause: Limit one of each item\n|clearpoke\n|poke|p1|Goodra-Hisui, L50, F|\n|poke|p1|Muk-Alola, L50, F|\n|poke|p1|Medicham, L50, F|\n|poke|p1|Ogerpon-Hearthflame, L50, F|\n|poke|p1|Rillaboom, L50, F|\n|poke|p1|Iron Bundle, L50|\n|poke|p2|Dragonite, L50, M|\n|poke|p2|Flamigo, L50, M|\n|poke|p2|Flutter Mane, L50|\n|poke|p2|Tauros-Paldea-Aqua, L50, M|\n|poke|p2|Cryogonal, L50|\n|poke|p2|Salazzle, L50, F|\n|teampreview|4\n|inactive|Battle timer is ON: inactive players will automatically lose when time's up. (requested by Probandoteammvp)\n|\n|t:|1701124933\n|start\n|switch|p1a: Medicham|Medicham, L50, F|100\/100\n|switch|p1b: Iron Bundle|Iron Bundle, L50, shiny|100\/100\n|switch|p2a: Tauros|Tauros-Paldea-Aqua, L50, M, shiny|100\/100\n|switch|p2b: Cryogonal|Cryogonal, L50, shiny|100\/100\n|-enditem|p1b: Iron Bundle|Booster Energy\n|-activate|p1b: Iron Bundle|ability: Quark Drive|[fromitem]\n|-start|p1b: Iron Bundle|quarkdrivespe\n|turn|1\n|\n|t:|1701124943\n|move|p2b: Cryogonal|Protect|p2b: Cryogonal\n|-singleturn|p2b: Cryogonal|Protect\n|move|p2a: Tauros|Protect|p2a: Tauros\n|-singleturn|p2a: Tauros|Protect\n|move|p1a: Medicham|Fake Out|p2b: Cryogonal\n|-activate|p2b: Cryogonal|move: Protect\n|move|p1b: Iron Bundle|Freeze-Dry|p2a: Tauros\n|-activate|p2a: Tauros|move: Protect\n|\n|upkeep\n|turn|2\n|\n|t:|1701124958\n|-terastallize|p2a: Tauros|Steel\n|move|p1b: Iron Bundle|Encore|p2b: Cryogonal\n|-start|p2b: Cryogonal|Encore\n|move|p2b: Cryogonal|Protect||[still]\n|-fail|p2b: Cryogonal\n|move|p2a: Tauros|Rock Slide|p1b: Iron Bundle|[spread] p1b\n|-miss|p2a: Tauros|p1a: Medicham\n|-supereffective|p1b: Iron Bundle\n|-crit|p1b: Iron Bundle\n|-damage|p1b: Iron Bundle|46\/100\n|move|p1a: Medicham|Ice Punch|p2a: Tauros\n|-resisted|p2a: Tauros\n|-damage|p2a: Tauros|80\/100\n|\n|upkeep\n|turn|3\n|\n|t:|1701124973\n|move|p1b: Iron Bundle|Protect|p1b: Iron Bundle\n|-singleturn|p1b: Iron Bundle|Protect\n|move|p2b: Cryogonal|Protect|p2b: Cryogonal\n|-singleturn|p2b: Cryogonal|Protect\n|move|p2a: Tauros|Protect|p2a: Tauros\n|-singleturn|p2a: Tauros|Protect\n|move|p1a: Medicham|Close Combat|p2a: Tauros\n|-activate|p2a: Tauros|move: Protect\n|\n|upkeep\n|turn|4\n|\n|t:|1701124983\n|switch|p2a: Dragonite|Dragonite, L50, M, shiny|100\/100\n|move|p2b: Cryogonal|Protect||[still]\n|-fail|p2b: Cryogonal\n|move|p1b: Iron Bundle|Encore||[still]\n|-fail|p1b: Iron Bundle\n|move|p1a: Medicham|Close Combat|p2b: Cryogonal\n|-supereffective|p2b: Cryogonal\n|-damage|p2b: Cryogonal|0 fnt\n|-unboost|p1a: Medicham|def|1\n|-unboost|p1a: Medicham|spd|1\n|faint|p2b: Cryogonal\n|\n|upkeep\n|\n|t:|1701124987\n|switch|p2b: Tauros|Tauros-Paldea-Aqua, L50, M, shiny, tera:Steel|80\/100\n|turn|5\n|\n|t:|1701124998\n|-terastallize|p1b: Iron Bundle|Ghost\n|move|p2b: Tauros|Protect|p2b: Tauros\n|-singleturn|p2b: Tauros|Protect\n|move|p1b: Iron Bundle|Freeze-Dry|p2a: Dragonite\n|-supereffective|p2a: Dragonite\n|-damage|p2a: Dragonite|21\/100\n|-enditem|p2a: Dragonite|Weakness Policy\n|-boost|p2a: Dragonite|atk|2|[from] item: Weakness Policy\n|-boost|p2a: Dragonite|spa|2|[from] item: Weakness Policy\n|move|p2a: Dragonite|Dragon Dance|p2a: Dragonite\n|-boost|p2a: Dragonite|atk|1\n|-boost|p2a: Dragonite|spe|1\n|move|p1a: Medicham|Close Combat|p2b: Tauros\n|-activate|p2b: Tauros|move: Protect\n|\n|upkeep\n|turn|6\n|\n|t:|1701125022\n|switch|p2b: Flamigo|Flamigo, L50, M, shiny|100\/100\n|-copyboost|p2b: Flamigo|p2a: Dragonite|[from] ability: Costar\n|move|p2a: Dragonite|Extreme Speed|p1a: Medicham\n|-enditem|p1a: Medicham|Focus Sash\n|-damage|p1a: Medicham|1\/100\n|move|p1b: Iron Bundle|Encore||[still]\n|-fail|p1b: Iron Bundle\n|move|p1a: Medicham|Close Combat|p2a: Dragonite\n|-resisted|p2a: Dragonite\n|-damage|p2a: Dragonite|0 fnt\n|-unboost|p1a: Medicham|def|1\n|-unboost|p1a: Medicham|spd|1\n|faint|p2a: Dragonite\n|\n|upkeep\n|\n|t:|1701125030\n|switch|p2a: Tauros|Tauros-Paldea-Aqua, L50, M, shiny, tera:Steel|80\/100\n|turn|7\n|\n|t:|1701125040\n|move|p2b: Flamigo|Protect|p2b: Flamigo\n|-singleturn|p2b: Flamigo|Protect\n|move|p1b: Iron Bundle|Freeze-Dry|p2b: Flamigo\n|-activate|p2b: Flamigo|move: Protect\n|move|p2a: Tauros|Earthquake|p1a: Medicham|[spread] p1a,p1b\n|-activate|p2b: Flamigo|move: Protect\n|-damage|p1a: Medicham|0 fnt\n|-damage|p1b: Iron Bundle|18\/100\n|faint|p1a: Medicham\n|\n|upkeep\n|\n|t:|1701125046\n|switch|p1a: Ogerpon|Ogerpon-Hearthflame, L50, F|100\/100\n|-ability|p1a: Ogerpon|Mold Breaker\n|turn|8\n|\n|t:|1701125061\n|move|p2a: Tauros|Aqua Jet|p1b: Iron Bundle\n|-damage|p1b: Iron Bundle|0 fnt\n|faint|p1b: Iron Bundle\n|-end|p1b: Iron Bundle|Quark Drive|[silent]\n|move|p2b: Flamigo|Aerial Ace|p1a: Ogerpon\n|-supereffective|p1a: Ogerpon\n|-damage|p1a: Ogerpon|0 fnt\n|faint|p1a: Ogerpon\n|\n|upkeep\n|c|\u2606santi_san02|You love protect a lot\n|\n|t:|1701125068\n|switch|p1b: Muk|Muk-Alola, L50, F|100\/100\n|turn|9\n|-message|santi_san02 forfeited.\n|\n|win|Probandoteammvp\n|raw|santi_san02's rating: 1434 &rarr; <strong>1416<\/strong><br \/>(-18 for losing)\n|raw|Probandoteammvp's rating: 1468 &rarr; <strong>1486<\/strong><br \/>(+18 for winning)\n|l|\u2606santi_san02\n","uploadtime":1701125121,"views":2,"p1id":"santisan02","p2id":"probandoteammvp","formatid":"gen9vgc2023regulatione","rating":1416,"private":0,"password":""}