{"id":"gen9vgc2023regulatione-1988540152","p1":"ChoccyMilkMafia","p2":"pomperopompero","format":"[Gen 9] VGC 2023 Regulation E","log":"|j|\u2606ChoccyMilkMafia\n|j|\u2606pomperopompero\n|t:|1699733911\n|gametype|doubles\n|player|p1|ChoccyMilkMafia|kieran|1151\n|player|p2|pomperopompero|266|1254\n|teamsize|p1|6\n|teamsize|p2|6\n|gen|9\n|tier|[Gen 9] VGC 2023 Regulation E\n|rated|\n|rule|Species Clause: Limit one of each Pok\u00e9mon\n|rule|Item Clause: Limit one of each item\n|clearpoke\n|poke|p1|Kommo-o, L50, F|\n|poke|p1|Kingambit, L50, M|\n|poke|p1|Sinistcha, L50|\n|poke|p1|Farigiraf, L50, M|\n|poke|p1|Fezandipiti, L50, M|\n|poke|p1|Ninetales-Alola, L50, M|\n|poke|p2|Ogerpon-Hearthflame, L50, F|\n|poke|p2|Ninetales-Alola, L50, M|\n|poke|p2|Iron Bundle, L50|\n|poke|p2|Baxcalibur, L50, F|\n|poke|p2|Iron Hands, L50|\n|poke|p2|Flutter Mane, L50|\n|teampreview|4\n|\n|t:|1699733952\n|start\n|switch|p1a: Kommo-o|Kommo-o, L50, F|100\/100\n|switch|p1b: Fezandipiti|Fezandipiti, L50, M|100\/100\n|switch|p2a: Ogerpon|Ogerpon-Hearthflame, L50, F|100\/100\n|switch|p2b: Flutter Mane|Flutter Mane, L50|100\/100\n|-ability|p2a: Ogerpon|Mold Breaker\n|turn|1\n|\n|t:|1699733995\n|-terastallize|p1a: Kommo-o|Ghost\n|move|p2a: Ogerpon|Knock Off|p1a: Kommo-o\n|-supereffective|p1a: Kommo-o\n|-damage|p1a: Kommo-o|51\/100\n|-enditem|p1a: Kommo-o|Aguav Berry|[from] move: Knock Off|[of] p2a: Ogerpon\n|move|p2b: Flutter Mane|Taunt|p1b: Fezandipiti\n|-start|p1b: Fezandipiti|move: Taunt\n|move|p1b: Fezandipiti|Icy Wind|p2b: Flutter Mane|[spread] p2b\n|-miss|p1b: Fezandipiti|p2a: Ogerpon\n|-damage|p2b: Flutter Mane|94\/100\n|-unboost|p2b: Flutter Mane|spe|1\n|-status|p2b: Flutter Mane|tox|[from] ability: Toxic Chain|[of] p1b: Fezandipiti\n|move|p1a: Kommo-o|Clangorous Soul|p1a: Kommo-o\n|-boost|p1a: Kommo-o|atk|1\n|-boost|p1a: Kommo-o|def|1\n|-boost|p1a: Kommo-o|spa|1\n|-boost|p1a: Kommo-o|spd|1\n|-boost|p1a: Kommo-o|spe|1\n|-damage|p1a: Kommo-o|18\/100\n|\n|-damage|p2b: Flutter Mane|88\/100 tox|[from] psn\n|upkeep\n|turn|2\n|\n|t:|1699734034\n|move|p1a: Kommo-o|Shadow Claw|p2b: Flutter Mane\n|-supereffective|p2b: Flutter Mane\n|-damage|p2b: Flutter Mane|0 fnt\n|faint|p2b: Flutter Mane\n|-end|p2b: Flutter Mane|Protosynthesis|[silent]\n|move|p2a: Ogerpon|Knock Off|p1b: Fezandipiti\n|-resisted|p1b: Fezandipiti\n|-damage|p1b: Fezandipiti|85\/100\n|-enditem|p1b: Fezandipiti|Sitrus Berry|[from] move: Knock Off|[of] p2a: Ogerpon\n|move|p1b: Fezandipiti|Sludge Bomb|p2a: Ogerpon\n|-supereffective|p2a: Ogerpon\n|-damage|p2a: Ogerpon|55\/100\n|\n|upkeep\n|\n|t:|1699734070\n|switch|p2b: Iron Hands|Iron Hands, L50|100\/100\n|turn|3\n|inactive|Battle timer is ON: inactive players will automatically lose when time's up. (requested by pomperopompero)\n|\n|t:|1699734128\n|switch|p1b: Sinistcha|Sinistcha, L50|100\/100\n|-heal|p1a: Kommo-o|43\/100|[from] ability: Hospitality|[of] p1b: Sinistcha\n|move|p1a: Kommo-o|Protect|p1a: Kommo-o\n|-singleturn|p1a: Kommo-o|Protect\n|move|p2a: Ogerpon|Spiky Shield|p2a: Ogerpon\n|-singleturn|p2a: Ogerpon|move: Protect\n|move|p2b: Iron Hands|Wild Charge|p1a: Kommo-o\n|-activate|p1a: Kommo-o|move: Protect\n|\n|upkeep\n|turn|4\n|inactive|pomperopompero has 30 seconds left.\n|inactive|ChoccyMilkMafia has 30 seconds left.\n|inactive|pomperopompero has 20 seconds left.\n|inactive|pomperopompero has 15 seconds left.\n|inactive|pomperopompero has 10 seconds left.\n|inactive|pomperopompero has 5 seconds left.\n|\n|t:|1699734179\n|move|p1b: Sinistcha|Rage Powder|p1b: Sinistcha\n|-singleturn|p1b: Sinistcha|move: Rage Powder\n|move|p2a: Ogerpon|Knock Off|p1b: Sinistcha\n|-supereffective|p1b: Sinistcha\n|-damage|p1b: Sinistcha|54\/100\n|-enditem|p1b: Sinistcha|Occa Berry|[from] move: Knock Off|[of] p2a: Ogerpon\n|move|p1a: Kommo-o|Drain Punch|p2b: Iron Hands\n|-damage|p2b: Iron Hands|66\/100\n|-heal|p1a: Kommo-o|64\/100|[from] drain|[of] p2b: Iron Hands\n|move|p2b: Iron Hands|Wild Charge|p1b: Sinistcha\n|-resisted|p1b: Sinistcha\n|-damage|p1b: Sinistcha|38\/100\n|-damage|p2b: Iron Hands|63\/100|[from] Recoil\n|\n|upkeep\n|turn|5\n|inactive|pomperopompero has 30 seconds left.\n|\n|t:|1699734207\n|move|p1a: Kommo-o|Drain Punch|p2a: Ogerpon\n|-damage|p2a: Ogerpon|6\/100\n|-heal|p1a: Kommo-o|88\/100|[from] drain|[of] p2a: Ogerpon\n|move|p2a: Ogerpon|Ivy Cudgel|p1b: Sinistcha\n|-supereffective|p1b: Sinistcha\n|-crit|p1b: Sinistcha\n|-damage|p1b: Sinistcha|0 fnt\n|faint|p1b: Sinistcha\n|move|p2b: Iron Hands|Wild Charge|p1a: Kommo-o\n|-damage|p1a: Kommo-o|61\/100\n|-damage|p2b: Iron Hands|58\/100|[from] Recoil\n|\n|upkeep\n|\n|t:|1699734222\n|switch|p1b: Kingambit|Kingambit, L50, M|100\/100\n|turn|6\n|inactive|pomperopompero has 30 seconds left.\n|\n|t:|1699734250\n|switch|p1b: Fezandipiti|Fezandipiti, L50, M|85\/100\n|move|p2a: Ogerpon|Spiky Shield|p2a: Ogerpon\n|-singleturn|p2a: Ogerpon|move: Protect\n|move|p1a: Kommo-o|Drain Punch|p2b: Iron Hands\n|-damage|p2b: Iron Hands|18\/100\n|-heal|p1a: Kommo-o|87\/100|[from] drain|[of] p2b: Iron Hands\n|move|p2b: Iron Hands|Drain Punch|p1b: Fezandipiti\n|-resisted|p1b: Fezandipiti\n|-damage|p1b: Fezandipiti|75\/100\n|-heal|p2b: Iron Hands|22\/100|[from] drain|[of] p1b: Fezandipiti\n|\n|upkeep\n|turn|7\n|inactive|pomperopompero has 30 seconds left.\n|inactive|pomperopompero has 20 seconds left.\n|\n|t:|1699734287\n|move|p1a: Kommo-o|Clangorous Soul|p1a: Kommo-o\n|-boost|p1a: Kommo-o|atk|1\n|-boost|p1a: Kommo-o|def|1\n|-boost|p1a: Kommo-o|spa|1\n|-boost|p1a: Kommo-o|spd|1\n|-boost|p1a: Kommo-o|spe|1\n|-damage|p1a: Kommo-o|54\/100\n|move|p2a: Ogerpon|Ivy Cudgel|p1b: Fezandipiti\n|-damage|p1b: Fezandipiti|33\/100\n|move|p1b: Fezandipiti|Icy Wind|p2b: Iron Hands|[spread] p2a,p2b\n|-damage|p2a: Ogerpon|0 fnt\n|-damage|p2b: Iron Hands|18\/100\n|-unboost|p2b: Iron Hands|spe|1\n|faint|p2a: Ogerpon\n|move|p2b: Iron Hands|Wild Charge|p1a: Kommo-o\n|-damage|p1a: Kommo-o|31\/100\n|-damage|p2b: Iron Hands|14\/100|[from] Recoil\n|\n|upkeep\n|\n|t:|1699734303\n|switch|p2a: Iron Bundle|Iron Bundle, L50|100\/100\n|turn|8\n|\n|t:|1699734326\n|-terastallize|p2a: Iron Bundle|Dark\n|move|p1a: Kommo-o|Protect|p1a: Kommo-o\n|-singleturn|p1a: Kommo-o|Protect\n|move|p2a: Iron Bundle|Tera Blast|p1a: Kommo-o|[anim] Tera Blast Dark\n|-activate|p1a: Kommo-o|move: Protect\n|move|p1b: Fezandipiti|Sludge Bomb|p2a: Iron Bundle\n|-damage|p2a: Iron Bundle|53\/100\n|-status|p2a: Iron Bundle|psn\n|move|p2b: Iron Hands|Wild Charge|p1b: Fezandipiti\n|-damage|p1b: Fezandipiti|0 fnt\n|faint|p1b: Fezandipiti\n|-damage|p2b: Iron Hands|7\/100|[from] Recoil\n|\n|-damage|p2a: Iron Bundle|41\/100 psn|[from] psn\n|upkeep\n|\n|t:|1699734341\n|switch|p1b: Kingambit|Kingambit, L50, M|100\/100\n|turn|9\n|\n|t:|1699734365\n|move|p2b: Iron Hands|Fake Out||[still]\n|-hint|Fake Out only works on your first turn out.\n|-fail|p2b: Iron Hands\n|move|p1b: Kingambit|Sucker Punch|p2a: Iron Bundle\n|-resisted|p2a: Iron Bundle\n|-damage|p2a: Iron Bundle|18\/100 psn\n|move|p1a: Kommo-o|Drain Punch|p2b: Iron Hands\n|-damage|p2b: Iron Hands|0 fnt\n|-heal|p1a: Kommo-o|35\/100|[from] drain|[of] p2b: Iron Hands\n|faint|p2b: Iron Hands\n|-end|p2b: Iron Hands|Quark Drive|[silent]\n|move|p2a: Iron Bundle|Tera Blast|p1a: Kommo-o|[anim] Tera Blast Dark\n|-supereffective|p1a: Kommo-o\n|-damage|p1a: Kommo-o|0 fnt\n|faint|p1a: Kommo-o\n|\n|-damage|p2a: Iron Bundle|6\/100 psn|[from] psn\n|upkeep\n|turn|10\n|\n|t:|1699734384\n|move|p2a: Iron Bundle|Tera Blast|p1b: Kingambit|[anim] Tera Blast Dark\n|-resisted|p1b: Kingambit\n|-damage|p1b: Kingambit|80\/100\n|move|p1b: Kingambit|Iron Head|p2a: Iron Bundle\n|-damage|p2a: Iron Bundle|0 fnt\n|faint|p2a: Iron Bundle\n|-end|p2a: Iron Bundle|Quark Drive|[silent]\n|\n|win|ChoccyMilkMafia\n|raw|ChoccyMilkMafia's rating: 1151 &rarr; <strong>1183<\/strong><br \/>(+32 for winning)\n|raw|pomperopompero's rating: 1254 &rarr; <strong>1222<\/strong><br \/>(-32 for losing)\n","uploadtime":1699734391,"views":9,"p1id":"choccymilkmafia","p2id":"pomperopompero","formatid":"gen9vgc2023regulatione","rating":1183,"private":0,"password":""}