{"id":"gen9vgc2023regulatione-1993797357","p1":"Josuee_29","p2":"Txranger25","format":"[Gen 9] VGC 2023 Regulation E","log":"|j|\u2606Josuee_29\n|j|\u2606Txranger25\n|t:|1700358443\n|gametype|doubles\n|player|p1|Josuee_29|red|1181\n|player|p2|Txranger25|2|1128\n|teamsize|p1|6\n|teamsize|p2|6\n|gen|9\n|tier|[Gen 9] VGC 2023 Regulation E\n|rated|\n|rule|Species Clause: Limit one of each Pok\u00e9mon\n|rule|Item Clause: Limit one of each item\n|clearpoke\n|poke|p1|Landorus-Therian, L50, M|\n|poke|p1|Iron Hands, L50|\n|poke|p1|Heatran, L50, M|\n|poke|p1|Flutter Mane, L50|\n|poke|p1|Roaring Moon, L50|\n|poke|p1|Tornadus, L50, M|\n|poke|p2|Kleavor, L50, M|\n|poke|p2|Flutter Mane, L50|\n|poke|p2|Ogerpon-Wellspring, L50, F|\n|poke|p2|Trevenant, L50, F|\n|poke|p2|Tornadus, L50, M|\n|poke|p2|Chi-Yu, L50|\n|teampreview|4\n|inactive|Battle timer is ON: inactive players will automatically lose when time's up. (requested by Txranger25)\n|inactive|Josuee_29 has 60 seconds left.\n|inactive|Josuee_29 has 30 seconds left.\n|inactive|Josuee_29 has 20 seconds left.\n|inactive|Josuee_29 has 15 seconds left.\n|inactive|Josuee_29 has 10 seconds left.\n|inactive|Josuee_29 has 5 seconds left.\n|\n|t:|1700358533\n|start\n|switch|p1a: Landorus|Landorus-Therian, L50, M|100\/100\n|switch|p1b: Iron Hands|Iron Hands, L50|100\/100\n|switch|p2a: Ogerpon|Ogerpon-Wellspring, L50, F|100\/100\n|switch|p2b: Kleavor|Kleavor, L50, M|100\/100\n|-ability|p1a: Landorus|Intimidate|boost\n|-unboost|p2a: Ogerpon|atk|1\n|-unboost|p2b: Kleavor|atk|1\n|turn|1\n|inactive|Josuee_29 has 30 seconds left.\n|inactive|Txranger25 has 30 seconds left.\n|inactive|Josuee_29 has 20 seconds left.\n|inactive|Josuee_29 has 15 seconds left.\n|\n|t:|1700358577\n|switch|p2b: Trevenant|Trevenant, L50, F|100\/100\n|move|p2a: Ogerpon|Spiky Shield|p2a: Ogerpon\n|-singleturn|p2a: Ogerpon|move: Protect\n|move|p1b: Iron Hands|Fake Out|p2a: Ogerpon\n|-activate|p2a: Ogerpon|move: Protect\n|-damage|p1b: Iron Hands|88\/100|[from] Spiky Shield|[of] p2a: Ogerpon\n|move|p1a: Landorus|Rock Slide|p2b: Trevenant|[spread] p2b\n|-activate|p2a: Ogerpon|move: Protect\n|-damage|p2b: Trevenant|82\/100\n|\n|upkeep\n|turn|2\n|inactive|Josuee_29 has 30 seconds left.\n|inactive|Txranger25 has 30 seconds left.\n|inactive|Josuee_29 has 20 seconds left.\n|\n|t:|1700358616\n|-end|p1b: Iron Hands|Quark Drive|[silent]\n|switch|p1b: Heatran|Heatran, L50, M|100\/100\n|move|p1a: Landorus|Crunch|p2b: Trevenant\n|-supereffective|p2b: Trevenant\n|-damage|p2b: Trevenant|34\/100\n|-enditem|p2b: Trevenant|Sitrus Berry|[eat]\n|-heal|p2b: Trevenant|59\/100|[from] item: Sitrus Berry\n|move|p2a: Ogerpon|Ivy Cudgel|p1a: Landorus|[anim] Ivy Cudgel Water\n|-supereffective|p1a: Landorus\n|-damage|p1a: Landorus|11\/100\n|move|p2b: Trevenant|Will-O-Wisp|p1b: Heatran\n|-start|p1b: Heatran|ability: Flash Fire\n|\n|-heal|p1a: Landorus|17\/100|[from] item: Leftovers\n|-item|p2b: Trevenant|Sitrus Berry|[from] ability: Harvest\n|upkeep\n|turn|3\n|inactive|Josuee_29 has 30 seconds left.\n|inactive|Josuee_29 has 20 seconds left.\n|inactive|Josuee_29 has 15 seconds left.\n|\n|t:|1700358661\n|switch|p2b: Kleavor|Kleavor, L50, M|100\/100\n|-terastallize|p2a: Ogerpon|Water\n|detailschange|p2a: Ogerpon|Ogerpon-Wellspring-Tera, L50, F, tera:Water\n|-ability|p2a: Ogerpon|Embody Aspect (Wellspring)|boost\n|-boost|p2a: Ogerpon|spd|1\n|-terastallize|p1b: Heatran|Grass\n|move|p1a: Landorus|Protect|p1a: Landorus\n|-singleturn|p1a: Landorus|Protect\n|move|p2a: Ogerpon|Ivy Cudgel|p1b: Heatran|[anim] Ivy Cudgel Water\n|-resisted|p1b: Heatran\n|-damage|p1b: Heatran|78\/100\n|move|p1b: Heatran|Heat Wave|p2a: Ogerpon|[spread] p2a,p2b\n|-resisted|p2a: Ogerpon\n|-damage|p2a: Ogerpon|83\/100\n|-damage|p2b: Kleavor|0 fnt\n|faint|p2b: Kleavor\n|\n|-heal|p1a: Landorus|22\/100|[from] item: Leftovers\n|upkeep\n|inactive|Txranger25 has 30 seconds left.\n|inactive|Txranger25 has 20 seconds left.\n|inactive|Txranger25 has 15 seconds left.\n|inactive|Txranger25 has 10 seconds left.\n|\n|t:|1700358707\n|switch|p2b: Chi-Yu|Chi-Yu, L50|100\/100\n|-ability|p2b: Chi-Yu|Beads of Ruin\n|turn|4\n|\n|t:|1700358729\n|switch|p1a: Iron Hands|Iron Hands, L50|88\/100\n|move|p2b: Chi-Yu|Snarl|p1a: Iron Hands|[spread] p1a,p1b\n|-resisted|p1a: Iron Hands\n|-damage|p1a: Iron Hands|79\/100\n|-damage|p1b: Heatran|64\/100\n|-unboost|p1b: Heatran|spa|1\n|move|p2a: Ogerpon|Ivy Cudgel|p1b: Heatran|[anim] Ivy Cudgel Water\n|-resisted|p1b: Heatran\n|-damage|p1b: Heatran|41\/100\n|move|p1b: Heatran|Earth Power|p2b: Chi-Yu\n|-supereffective|p2b: Chi-Yu\n|-damage|p2b: Chi-Yu|60\/100\n|\n|-heal|p2b: Chi-Yu|66\/100|[from] item: Leftovers\n|upkeep\n|turn|5\n|inactive|Josuee_29 has 30 seconds left.\n|inactive|Josuee_29 has 20 seconds left.\n|inactive|Josuee_29 has 15 seconds left.\n|\n|t:|1700358773\n|move|p2b: Chi-Yu|Protect|p2b: Chi-Yu\n|-singleturn|p2b: Chi-Yu|Protect\n|move|p2a: Ogerpon|Spiky Shield|p2a: Ogerpon\n|-singleturn|p2a: Ogerpon|move: Protect\n|move|p1a: Iron Hands|Fake Out|p2b: Chi-Yu\n|-activate|p2b: Chi-Yu|move: Protect\n|move|p1b: Heatran|Tera Blast|p2a: Ogerpon|[anim] Tera Blast Grass\n|-activate|p2a: Ogerpon|move: Protect\n|\n|-heal|p2b: Chi-Yu|72\/100|[from] item: Leftovers\n|upkeep\n|turn|6\n|inactive|Josuee_29 has 30 seconds left.\n|inactive|Txranger25 has 30 seconds left.\n|\n|t:|1700358802\n|switch|p2a: Trevenant|Trevenant, L50, F|59\/100\n|-end|p1a: Iron Hands|Quark Drive|[silent]\n|switch|p1a: Landorus|Landorus-Therian, L50, M|22\/100\n|-ability|p1a: Landorus|Intimidate|boost\n|-unboost|p2a: Trevenant|atk|1\n|-unboost|p2b: Chi-Yu|atk|1\n|move|p2b: Chi-Yu|Flamethrower|p1a: Landorus\n|-damage|p1a: Landorus|0 fnt\n|faint|p1a: Landorus\n|move|p1b: Heatran|Tera Blast|p2a: Trevenant|[anim] Tera Blast Grass\n|-resisted|p2a: Trevenant\n|-damage|p2a: Trevenant|41\/100\n|-enditem|p2a: Trevenant|Sitrus Berry|[eat]\n|-heal|p2a: Trevenant|66\/100|[from] item: Sitrus Berry\n|\n|-heal|p2b: Chi-Yu|78\/100|[from] item: Leftovers\n|-item|p2a: Trevenant|Sitrus Berry|[from] ability: Harvest\n|upkeep\n|\n|t:|1700358826\n|switch|p1a: Iron Hands|Iron Hands, L50|79\/100\n|turn|7\n|\n|t:|1700358844\n|move|p2b: Chi-Yu|Protect|p2b: Chi-Yu\n|-singleturn|p2b: Chi-Yu|Protect\n|move|p1a: Iron Hands|Fake Out|p2b: Chi-Yu\n|-activate|p2b: Chi-Yu|move: Protect\n|move|p1b: Heatran|Heat Wave|p2a: Trevenant|[spread] p2a\n|-activate|p2b: Chi-Yu|move: Protect\n|-supereffective|p2a: Trevenant\n|-damage|p2a: Trevenant|0 fnt\n|faint|p2a: Trevenant\n|\n|-heal|p2b: Chi-Yu|84\/100|[from] item: Leftovers\n|upkeep\n|\n|t:|1700358852\n|switch|p2a: Ogerpon|Ogerpon-Wellspring-Tera, L50, F, tera:Water|83\/100\n|-ability|p2a: Ogerpon|Embody Aspect (Wellspring)|boost\n|-boost|p2a: Ogerpon|spd|1\n|turn|8\n|inactive|Josuee_29 has 30 seconds left.\n|inactive|Josuee_29 has 20 seconds left.\n|\n|t:|1700358889\n|move|p2b: Chi-Yu|Snarl|p1b: Heatran|[spread] p1a,p1b\n|-resisted|p1a: Iron Hands\n|-damage|p1a: Iron Hands|69\/100\n|-damage|p1b: Heatran|26\/100\n|-unboost|p1b: Heatran|spa|1\n|move|p2a: Ogerpon|Ivy Cudgel|p1a: Iron Hands|[anim] Ivy Cudgel Water\n|-damage|p1a: Iron Hands|9\/100\n|move|p1b: Heatran|Tera Blast|p2a: Ogerpon|[anim] Tera Blast Grass\n|-supereffective|p2a: Ogerpon\n|-damage|p2a: Ogerpon|48\/100\n|move|p1a: Iron Hands|Drain Punch|p2b: Chi-Yu\n|-supereffective|p2b: Chi-Yu\n|-damage|p2b: Chi-Yu|0 fnt\n|-heal|p1a: Iron Hands|39\/100|[from] drain|[of] p2b: Chi-Yu\n|faint|p2b: Chi-Yu\n|\n|upkeep\n|turn|9\n|\n|t:|1700358910\n|move|p2a: Ogerpon|Spiky Shield|p2a: Ogerpon\n|-singleturn|p2a: Ogerpon|move: Protect\n|move|p1b: Heatran|Tera Blast|p2a: Ogerpon|[anim] Tera Blast Grass\n|-activate|p2a: Ogerpon|move: Protect\n|move|p1a: Iron Hands|Wild Charge|p2a: Ogerpon\n|-activate|p2a: Ogerpon|move: Protect\n|-damage|p1a: Iron Hands|26\/100|[from] Spiky Shield|[of] p2a: Ogerpon\n|\n|upkeep\n|turn|10\n|\n|t:|1700358926\n|move|p2a: Ogerpon|Horn Leech|p1a: Iron Hands\n|-damage|p1a: Iron Hands|0 fnt\n|-heal|p2a: Ogerpon|64\/100|[from] drain|[of] p1a: Iron Hands\n|faint|p1a: Iron Hands\n|-end|p1a: Iron Hands|Quark Drive|[silent]\n|move|p1b: Heatran|Tera Blast|p2a: Ogerpon|[anim] Tera Blast Grass\n|-supereffective|p2a: Ogerpon\n|-damage|p2a: Ogerpon|37\/100\n|\n|upkeep\n|\n|t:|1700358936\n|switch|p1a: Flutter Mane|Flutter Mane, L50, shiny|100\/100\n|turn|11\n|\n|t:|1700358947\n|move|p1a: Flutter Mane|Protect|p1a: Flutter Mane\n|-singleturn|p1a: Flutter Mane|Protect\n|move|p2a: Ogerpon|Horn Leech|p1a: Flutter Mane\n|-activate|p1a: Flutter Mane|move: Protect\n|move|p1b: Heatran|Tera Blast|p2a: Ogerpon|[anim] Tera Blast Grass\n|-supereffective|p2a: Ogerpon\n|-damage|p2a: Ogerpon|9\/100\n|\n|upkeep\n|turn|12\n|\n|t:|1700358960\n|move|p1a: Flutter Mane|Shadow Ball|p2a: Ogerpon\n|-damage|p2a: Ogerpon|0 fnt\n|faint|p2a: Ogerpon\n|-damage|p1a: Flutter Mane|90\/100|[from] item: Life Orb\n|\n|win|Josuee_29\n|raw|Josuee_29's rating: 1181 &rarr; <strong>1202<\/strong><br \/>(+21 for winning)\n|raw|Txranger25's rating: 1128 &rarr; <strong>1107<\/strong><br \/>(-21 for losing)\n|l|\u2606Txranger25\n","uploadtime":1700358969,"views":9,"p1id":"josuee29","p2id":"txranger25","formatid":"gen9vgc2023regulatione","rating":1107,"private":0,"password":""}