{"id":"gen9vgc2023regulatione-1999612276","p1":"dsaca","p2":"Zinferno","format":"[Gen 9] VGC 2023 Regulation E","log":"|j|\u2606dsaca\n|j|\u2606Zinferno\n|t:|1701101144\n|gametype|doubles\n|player|p1|dsaca|veteran|1279\n|player|p2|Zinferno|2|1266\n|teamsize|p1|6\n|teamsize|p2|6\n|gen|9\n|tier|[Gen 9] VGC 2023 Regulation E\n|rated|\n|rule|Species Clause: Limit one of each Pok\u00e9mon\n|rule|Item Clause: Limit one of each item\n|clearpoke\n|poke|p1|Kingambit, L50, M|\n|poke|p1|Iron Hands, L50|\n|poke|p1|Urshifu-*, L50, M|\n|poke|p1|Flutter Mane, L50|\n|poke|p1|Chien-Pao, L50|\n|poke|p1|Ogerpon-Hearthflame, L50, F|\n|poke|p2|Gastrodon, L50, F|\n|poke|p2|Clefairy, L50, F|\n|poke|p2|Heatran, L50, M|\n|poke|p2|Ogerpon-Hearthflame, L50, F|\n|poke|p2|Landorus-Therian, L50, M|\n|poke|p2|Rillaboom, L50, F|\n|teampreview|4\n|inactive|Battle timer is ON: inactive players will automatically lose when time's up. (requested by Zinferno)\n|\n|t:|1701101166\n|start\n|switch|p1a: Iron Hands|Iron Hands, L50|100\/100\n|switch|p1b: Ogerpon|Ogerpon-Hearthflame, L50, F|100\/100\n|switch|p2a: Ogerpon|Ogerpon-Hearthflame, L50, F|100\/100\n|switch|p2b: Rillaboom|Rillaboom, L50, F|100\/100\n|-ability|p1b: Ogerpon|Mold Breaker\n|-ability|p2a: Ogerpon|Mold Breaker\n|-fieldstart|move: Grassy Terrain|[from] ability: Grassy Surge|[of] p2b: Rillaboom\n|turn|1\n|\n|t:|1701101174\n|move|p1b: Ogerpon|Spiky Shield|p1b: Ogerpon\n|-singleturn|p1b: Ogerpon|move: Protect\n|move|p2b: Rillaboom|Fake Out|p1a: Iron Hands\n|-damage|p1a: Iron Hands|92\/100\n|cant|p1a: Iron Hands|flinch\n|move|p2a: Ogerpon|Swords Dance|p2a: Ogerpon\n|-boost|p2a: Ogerpon|atk|2\n|\n|-heal|p1a: Iron Hands|98\/100|[from] Grassy Terrain\n|upkeep\n|turn|2\n|inactive|Zinferno has 30 seconds left.\n|inactive|Zinferno has 20 seconds left.\n|\n|t:|1701101210\n|-terastallize|p2a: Ogerpon|Fire\n|detailschange|p2a: Ogerpon|Ogerpon-Hearthflame-Tera, L50, F, tera:Fire\n|-ability|p2a: Ogerpon|Embody Aspect (Hearthflame)|boost\n|-boost|p2a: Ogerpon|atk|1\n|-terastallize|p1b: Ogerpon|Fire\n|detailschange|p1b: Ogerpon|Ogerpon-Hearthflame-Tera, L50, F, tera:Fire\n|-ability|p1b: Ogerpon|Embody Aspect (Hearthflame)|boost\n|-boost|p1b: Ogerpon|atk|1\n|move|p2a: Ogerpon|Ivy Cudgel|p1a: Iron Hands|[anim] Ivy Cudgel Fire\n|-damage|p1a: Iron Hands|0 fnt\n|faint|p1a: Iron Hands\n|-end|p1a: Iron Hands|Quark Drive|[silent]\n|move|p1b: Ogerpon|Ivy Cudgel|p2a: Ogerpon|[anim] Ivy Cudgel Fire\n|-resisted|p2a: Ogerpon\n|-damage|p2a: Ogerpon|20\/100\n|move|p2b: Rillaboom|U-turn|p1b: Ogerpon\n|-resisted|p1b: Ogerpon\n|-damage|p1b: Ogerpon|84\/100\n|\n|t:|1701101229\n|switch|p2b: Clefairy|Clefairy, L50, F|100\/100|[from] U-turn\n|\n|-heal|p2a: Ogerpon|26\/100|[from] Grassy Terrain\n|-heal|p1b: Ogerpon|90\/100|[from] Grassy Terrain\n|upkeep\n|\n|t:|1701101235\n|switch|p1a: Urshifu|Urshifu-Rapid-Strike, L50, M|100\/100\n|turn|3\n|\n|t:|1701101247\n|move|p1a: Urshifu|Detect|p1a: Urshifu\n|-singleturn|p1a: Urshifu|Protect\n|move|p2b: Clefairy|Follow Me|p2b: Clefairy\n|-singleturn|p2b: Clefairy|move: Follow Me\n|move|p2a: Ogerpon|Grassy Glide|p1a: Urshifu\n|-activate|p1a: Urshifu|move: Protect\n|move|p1b: Ogerpon|Ivy Cudgel|p2b: Clefairy|[anim] Ivy Cudgel Fire\n|-crit|p2b: Clefairy\n|-damage|p2b: Clefairy|0 fnt\n|faint|p2b: Clefairy\n|\n|-heal|p1b: Ogerpon|96\/100|[from] Grassy Terrain\n|-heal|p2a: Ogerpon|32\/100|[from] Grassy Terrain\n|upkeep\n|\n|t:|1701101264\n|switch|p2b: Rillaboom|Rillaboom, L50, F|100\/100\n|turn|4\n|\n|t:|1701101276\n|switch|p1a: Chien-Pao|Chien-Pao, L50|100\/100\n|-ability|p1a: Chien-Pao|Sword of Ruin\n|move|p1b: Ogerpon|Spiky Shield|p1b: Ogerpon\n|-singleturn|p1b: Ogerpon|move: Protect\n|move|p2b: Rillaboom|Fake Out|p1b: Ogerpon\n|-activate|p1b: Ogerpon|move: Protect\n|-damage|p2b: Rillaboom|88\/100|[from] Spiky Shield|[of] p1b: Ogerpon\n|move|p2a: Ogerpon|Grassy Glide|p1a: Chien-Pao\n|-enditem|p1a: Chien-Pao|Focus Sash\n|-damage|p1a: Chien-Pao|1\/100\n|\n|-heal|p1a: Chien-Pao|7\/100|[from] Grassy Terrain\n|-heal|p1b: Ogerpon|100\/100|[from] Grassy Terrain\n|-heal|p2a: Ogerpon|38\/100|[from] Grassy Terrain\n|-heal|p2b: Rillaboom|94\/100|[from] Grassy Terrain\n|upkeep\n|turn|5\n|\n|t:|1701101299\n|move|p1a: Chien-Pao|Sucker Punch|p2a: Ogerpon\n|-damage|p2a: Ogerpon|0 fnt\n|faint|p2a: Ogerpon\n|move|p2b: Rillaboom|Grassy Glide|p1a: Chien-Pao\n|-damage|p1a: Chien-Pao|0 fnt\n|faint|p1a: Chien-Pao\n|move|p1b: Ogerpon|Ivy Cudgel|p2b: Rillaboom|[anim] Ivy Cudgel Fire\n|-supereffective|p2b: Rillaboom\n|-damage|p2b: Rillaboom|0 fnt\n|faint|p2b: Rillaboom\n|\n|-fieldend|move: Grassy Terrain\n|upkeep\n|\n|t:|1701101309\n|switch|p1a: Urshifu|Urshifu-Rapid-Strike, L50, M|100\/100\n|switch|p2b: Gastrodon|Gastrodon, L50, F|100\/100\n|turn|6\n|\n|t:|1701101316\n|move|p1b: Ogerpon|Horn Leech|p2b: Gastrodon\n|-supereffective|p2b: Gastrodon\n|-damage|p2b: Gastrodon|0 fnt\n|faint|p2b: Gastrodon\n|\n|win|dsaca\n|raw|dsaca's rating: 1279 &rarr; <strong>1303<\/strong><br \/>(+24 for winning)\n|raw|Zinferno's rating: 1266 &rarr; <strong>1242<\/strong><br \/>(-24 for losing)\n|l|\u2606Zinferno\n","uploadtime":1701101347,"views":4,"p1id":"dsaca","p2id":"zinferno","formatid":"gen9vgc2023regulatione","rating":1242,"private":0,"password":""}