{"id":"gen9vgc2023regulatione-1990077473","p1":"cloudlime","p2":"ShinyLucarioXD","format":"[Gen 9] VGC 2023 Regulation E","log":"|j|\u2606cloudlime\n|j|\u2606ShinyLucarioXD\n|n|\u2606cloudlime|cloudlime\n|n|\u2606ShinyLucarioXD|shinylucarioxd\n|html|View the match progress at <a href=\"\/game-bestof3-gen9vgc2023regulatione-1990075692\">game-bestof3-gen9vgc2023regulatione-1990075692<\/a>\n|t:|1699922113\n|gametype|doubles\n|player|p1|cloudlime|nita|\n|player|p2|ShinyLucarioXD|riley|\n|teamsize|p1|6\n|teamsize|p2|6\n|gen|9\n|tier|[Gen 9] VGC 2023 Regulation E\n|rule|Species Clause: Limit one of each Pok\u00e9mon\n|rule|Item Clause: Limit one of each item\n|clearpoke\n|poke|p1|Munkidori, L50, M|\n|poke|p1|Kingambit, L50, M|\n|poke|p1|Hatterene, L50, F|\n|poke|p1|Torkoal, L50, M|\n|poke|p1|Ursaluna-Bloodmoon, L50, M|\n|poke|p1|Dusclops, L50, M|\n|poke|p2|Jolteon, L50, M|\n|poke|p2|Gyarados, L50, M|\n|poke|p2|Gliscor, L50, M|\n|poke|p2|Amoonguss, L50, M|\n|poke|p2|Arcanine-Hisui, L50, M|\n|poke|p2|Gholdengo, L50|\n|teampreview|4\n|inactive|Battle timer is ON: inactive players will automatically lose when time's up. (requested by ShinyLucarioXD)\n|inactiveoff|Battle timer is now OFF.\ncloudlime has agreed to open team sheets.\nShinyLucarioXD has agreed to open team sheets.\n|showteam|p1|Munkidori||FocusSash|ToxicChain|FakeOut,PartingShot,Taunt,SludgeWave|||M|||50|,,,,,Dark]Kingambit||AssaultVest|Defiant|SuckerPunch,KowtowCleave,IronHead,BrickBreak|||M|||50|,,,,,Fairy]Hatterene||LifeOrb|MagicBounce|Psychic,DazzlingGleam,TrickRoom,Protect|||F|||50|,,,,,Steel]Torkoal||ChoiceSpecs|Drought|Eruption,HeatWave,SolarBeam,EarthPower|||M|||50|,,,,,Grass]Ursaluna-Bloodmoon||ThroatSpray|MindsEye|HyperVoice,BloodMoon,EarthPower,Protect|||M|||50|,,,,,Normal]Dusclops||Eviolite|Frisk|TrickRoom,WillOWisp,NightShade,Haze|||M|||50|,,,,,Dark\n|showteam|p2|Jolteon||LifeOrb|VoltAbsorb|Protect,TeraBlast,HyperVoice,Thunderbolt|||M|||50|,,,,,Ice]Gyarados||SafetyGoggles|Intimidate|Protect,Taunt,ThunderWave,Waterfall|||M|||50|,,,,,Ground]Gliscor||ToxicOrb|PoisonHeal|Protect,SwordsDance,DualWingbeat,HighHorsepower|||M|||50|,,,,,Fairy]Amoonguss||SitrusBerry|Regenerator|Protect,Spore,RagePowder,PollenPuff|||M|||50|,,,,,Water]Arcanine-Hisui||Leftovers|Intimidate|Protect,WillOWisp,RockSlide,FlareBlitz|||M|||50|,,,,,Grass]Gholdengo||ChoiceSpecs|GoodasGold|Trick,FocusBlast,ShadowBall,MakeItRain||||||50|,,,,,Steel\n|c|\u2606ShinyLucarioXD|gl\n|c|\u2606cloudlime|gl\n|\n|t:|1699922166\n|start\n|switch|p1a: Dusclops|Dusclops, L50, M|100\/100\n|switch|p1b: Kingambit|Kingambit, L50, M|100\/100\n|switch|p2a: Haizaki Ry\u014dhei|Gyarados, L50, M, shiny|100\/100\n|switch|p2b: Kid\u014d Y\u016bto|Gholdengo, L50|100\/100\n|-ability|p2a: Haizaki Ry\u014dhei|Intimidate|boost\n|-unboost|p1a: Dusclops|atk|1\n|-unboost|p1b: Kingambit|atk|1\n|-ability|p1b: Kingambit|Defiant|boost\n|-boost|p1b: Kingambit|atk|2\n|-item|p2a: Haizaki Ry\u014dhei|Safety Goggles|[from] ability: Frisk|[of] p1a: Dusclops|[identify]\n|-item|p2b: Kid\u014d Y\u016bto|Choice Specs|[from] ability: Frisk|[of] p1a: Dusclops|[identify]\n|turn|1\n|\n|t:|1699922188\n|move|p1b: Kingambit|Sucker Punch||[still]\n|-fail|p1b: Kingambit\n|move|p2a: Haizaki Ry\u014dhei|Taunt|p1a: Dusclops\n|-start|p1a: Dusclops|move: Taunt\n|move|p2b: Kid\u014d Y\u016bto|Trick|p1b: Kingambit\n|-activate|p2b: Kid\u014d Y\u016bto|move: Trick|[of] p1b: Kingambit\n|-item|p1b: Kingambit|Choice Specs|[from] move: Trick\n|-item|p2b: Kid\u014d Y\u016bto|Assault Vest|[from] move: Trick\n|cant|p1a: Dusclops|move: Taunt|Trick Room\n|\n|upkeep\n|turn|2\n|\n|t:|1699922217\n|switch|p1a: Hatterene|Hatterene, L50, F, shiny|100\/100\n|move|p1b: Kingambit|Sucker Punch|p2b: Kid\u014d Y\u016bto\n|-supereffective|p2b: Kid\u014d Y\u016bto\n|-damage|p2b: Kid\u014d Y\u016bto|0 fnt\n|faint|p2b: Kid\u014d Y\u016bto\n|move|p2a: Haizaki Ry\u014dhei|Thunder Wave|p1b: Kingambit\n|-status|p1b: Kingambit|par\n|\n|upkeep\n|\n|t:|1699922246\n|switch|p2b: G\u014denji Sh\u016bya|Arcanine-Hisui, L50, M|100\/100\n|-ability|p2b: G\u014denji Sh\u016bya|Intimidate|boost\n|-unboost|p1a: Hatterene|atk|1\n|-unboost|p1b: Kingambit|atk|1\n|-ability|p1b: Kingambit|Defiant|boost\n|-boost|p1b: Kingambit|atk|2\n|turn|3\n|\n|t:|1699922271\n|move|p1b: Kingambit|Sucker Punch|p2b: G\u014denji Sh\u016bya\n|-damage|p2b: G\u014denji Sh\u016bya|0 fnt\n|faint|p2b: G\u014denji Sh\u016bya\n|move|p2a: Haizaki Ry\u014dhei|Waterfall|p1a: Hatterene\n|-damage|p1a: Hatterene|58\/100\n|cant|p1a: Hatterene|flinch\n|\n|upkeep\n|\n|t:|1699922276\n|switch|p2b: Kira Hiroto|Gliscor, L50, M|100\/100\n|turn|4\n|c|\u2606cloudlime|:(\n|\n|t:|1699922296\n|-terastallize|p2b: Kira Hiroto|Fairy\n|move|p1b: Kingambit|Sucker Punch|p2a: Haizaki Ry\u014dhei\n|-damage|p2a: Haizaki Ry\u014dhei|16\/100\n|move|p2a: Haizaki Ry\u014dhei|Waterfall|p1a: Hatterene\n|-damage|p1a: Hatterene|16\/100\n|move|p2b: Kira Hiroto|High Horsepower|p1a: Hatterene\n|-damage|p1a: Hatterene|0 fnt\n|faint|p1a: Hatterene\n|\n|-status|p2b: Kira Hiroto|tox|[from] item: Toxic Orb\n|upkeep\n|\n|t:|1699922314\n|switch|p1a: Dusclops|Dusclops, L50, M|100\/100\n|-item|p2a: Haizaki Ry\u014dhei|Safety Goggles|[from] ability: Frisk|[of] p1a: Dusclops|[identify]\n|-item|p2b: Kira Hiroto|Toxic Orb|[from] ability: Frisk|[of] p1a: Dusclops|[identify]\n|turn|5\n|\n|t:|1699922337\n|cant|p1b: Kingambit|par\n|move|p2a: Haizaki Ry\u014dhei|Taunt|p1a: Dusclops\n|-start|p1a: Dusclops|move: Taunt\n|move|p2b: Kira Hiroto|Swords Dance|p2b: Kira Hiroto\n|-boost|p2b: Kira Hiroto|atk|2\n|cant|p1a: Dusclops|move: Taunt|Trick Room\n|\n|upkeep\n|turn|6\n|c|\u2606cloudlime|i'm slow\n|\n|t:|1699922365\n|-terastallize|p1b: Kingambit|Fairy\n|move|p1b: Kingambit|Sucker Punch|p2b: Kira Hiroto\n|-resisted|p2b: Kira Hiroto\n|-damage|p2b: Kira Hiroto|63\/100 tox\n|move|p2a: Haizaki Ry\u014dhei|Thunder Wave|p1a: Dusclops\n|-status|p1a: Dusclops|par\n|move|p2b: Kira Hiroto|High Horsepower|p1b: Kingambit\n|-damage|p1b: Kingambit|36\/100 par\n|move|p1a: Dusclops|Night Shade|p2a: Haizaki Ry\u014dhei\n|-damage|p2a: Haizaki Ry\u014dhei|0 fnt\n|faint|p2a: Haizaki Ry\u014dhei\n|\n|-heal|p2b: Kira Hiroto|75\/100 tox|[from] ability: Poison Heal\n|upkeep\n|turn|7\n|\n|t:|1699922406\n|switch|p1a: Torkoal|Torkoal, L50, M, shiny|100\/100\n|-weather|SunnyDay|[from] ability: Drought|[of] p1a: Torkoal\n|move|p1b: Kingambit|Sucker Punch|p2b: Kira Hiroto\n|-resisted|p2b: Kira Hiroto\n|-damage|p2b: Kira Hiroto|36\/100 tox\n|move|p2b: Kira Hiroto|High Horsepower|p1b: Kingambit\n|-damage|p1b: Kingambit|0 fnt\n|faint|p1b: Kingambit\n|\n|-weather|SunnyDay|[upkeep]\n|-heal|p2b: Kira Hiroto|49\/100 tox|[from] ability: Poison Heal\n|upkeep\n|\n|t:|1699922418\n|switch|p1b: Dusclops|Dusclops, L50, M|100\/100 par\n|-item|p2b: Kira Hiroto|Toxic Orb|[from] ability: Frisk|[of] p1b: Dusclops|[identify]\n|turn|8\n|\n|t:|1699922445\n|move|p2b: Kira Hiroto|High Horsepower|p1a: Torkoal\n|-supereffective|p1a: Torkoal\n|-damage|p1a: Torkoal|0 fnt\n|faint|p1a: Torkoal\n|cant|p1b: Dusclops|par\n|\n|-weather|SunnyDay|[upkeep]\n|-heal|p2b: Kira Hiroto|61\/100 tox|[from] ability: Poison Heal\n|upkeep\n|turn|9\n|c|\u2606cloudlime|gg\n|c|\u2606ShinyLucarioXD|i think that's game\n|c|\u2606ShinyLucarioXD|gg\n|\n|t:|1699922462\n|move|p2b: Kira Hiroto|High Horsepower|p1b: Dusclops\n|-damage|p1b: Dusclops|52\/100 par\n|move|p1b: Dusclops|Night Shade|p2b: Kira Hiroto\n|-damage|p2b: Kira Hiroto|30\/100 tox\n|\n|-weather|SunnyDay|[upkeep]\n|-heal|p2b: Kira Hiroto|42\/100 tox|[from] ability: Poison Heal\n|upkeep\n|turn|10\n|c|\u2606cloudlime|uuuugghh i fumbled that one so bad\n|c|\u2606cloudlime|gg tho\n|c|\u2606ShinyLucarioXD|nah you. played well\n|\n|t:|1699922476\n|move|p2b: Kira Hiroto|High Horsepower|p1b: Dusclops\n|-damage|p1b: Dusclops|3\/100 par\n|cant|p1b: Dusclops|par\n|\n|-weather|SunnyDay|[upkeep]\n|-heal|p2b: Kira Hiroto|55\/100 tox|[from] ability: Poison Heal\n|upkeep\n|turn|11\n|c|\u2606ShinyLucarioXD|i got a tad lucky\n|c|\u2606cloudlime|yeah i think i woulda won without that flinch\n|c|\u2606cloudlime|still i played dusclops awfully\n|\n|t:|1699922503\n|move|p2b: Kira Hiroto|High Horsepower|p1b: Dusclops\n|-damage|p1b: Dusclops|0 fnt\n|faint|p1b: Dusclops\n|\n|win|ShinyLucarioXD\n|c|\u2606ShinyLucarioXD|gg\n","uploadtime":1699922511,"views":37,"p1id":"cloudlime","p2id":"shinylucarioxd","formatid":"gen9vgc2023regulatione","rating":0,"private":0,"password":""}