{"id":"gen9vgc2023regulatione-1988582432","p1":"Argentavis_Gaming","p2":"YardPodcastFan","format":"[Gen 9] VGC 2023 Regulation E","log":"|j|\u2606Argentavis_Gaming\n|j|\u2606YardPodcastFan\n|n|\u2606Argentavis_Gaming|argentavisgaming\n|n|\u2606YardPodcastFan|yardpodcastfan\n|html|View the match progress at <a href=\"\/game-bestof3-gen9vgc2023regulatione-1988582431\">game-bestof3-gen9vgc2023regulatione-1988582431<\/a>\n|t:|1699738589\n|gametype|doubles\n|player|p1|Argentavis_Gaming|unknown|\n|player|p2|YardPodcastFan|roughneck|\n|teamsize|p1|6\n|teamsize|p2|6\n|gen|9\n|tier|[Gen 9] VGC 2023 Regulation E\n|rule|Species Clause: Limit one of each Pok\u00e9mon\n|rule|Item Clause: Limit one of each item\n|clearpoke\n|poke|p1|Okidogi, L50, M|\n|poke|p1|Spiritomb, L50, M|\n|poke|p1|Tornadus, L50, M|\n|poke|p1|Landorus-Therian, L50, M|\n|poke|p1|Brambleghast, L50, M|\n|poke|p1|Skeledirge, L50, F|\n|poke|p2|Great Tusk, L50|\n|poke|p2|Clefairy, L50, F|\n|poke|p2|Munkidori, L50, M|\n|poke|p2|Vikavolt, L50, F|\n|poke|p2|Volbeat, L50, M|\n|poke|p2|Ogerpon-Hearthflame, L50, F|\n|teampreview|4\nYardPodcastFan rejected open team sheets.\n|c|\u2606Argentavis_Gaming|Water poison ghost flying steel fire\n|c|\u2606YardPodcastFan|my teras are in order: steel, poison, dark, electric, dark, fire\n|c|\u2606YardPodcastFan|glhf!\n|\n|t:|1699738693\n|start\n|switch|p1a: Fujin|Tornadus, L50, M|100\/100\n|switch|p1b: Erron Black|Brambleghast, L50, M|100\/100\n|switch|p2a: Munkidori|Munkidori, L50, M|100\/100\n|switch|p2b: Vikavolt|Vikavolt, L50, F|100\/100\n|-item|p1a: Fujin|Covert Cloak|[from] ability: Frisk|[of] p2a: Munkidori|[identify]\n|-item|p1b: Erron Black|Loaded Dice|[from] ability: Frisk|[of] p2a: Munkidori|[identify]\n|turn|1\n|\n|t:|1699738729\n|move|p2a: Munkidori|Fake Out|p1a: Fujin\n|-damage|p1a: Fujin|89\/100\n|move|p1a: Fujin|Tailwind|p1a: Fujin\n|-sidestart|p1: Argentavis_Gaming|move: Tailwind\n|-ability|p1b: Erron Black|Wind Rider|boost\n|-boost|p1b: Erron Black|atk|1\n|move|p1b: Erron Black|Poltergeist|p2a: Munkidori\n|-activate|p2a: Munkidori|move: Poltergeist|Focus Sash\n|-supereffective|p2a: Munkidori\n|-enditem|p2a: Munkidori|Focus Sash\n|-damage|p2a: Munkidori|1\/100\n|move|p2b: Vikavolt|Thunderbolt|p1a: Fujin\n|-supereffective|p1a: Fujin\n|-damage|p1a: Fujin|0 fnt\n|faint|p1a: Fujin\n|-damage|p2b: Vikavolt|91\/100|[from] item: Life Orb\n|\n|upkeep\n|\n|t:|1699738741\n|switch|p1a: Kintaro|Landorus-Therian, L50, M|100\/100\n|-ability|p1a: Kintaro|Intimidate|boost\n|-unboost|p2a: Munkidori|atk|1\n|-unboost|p2b: Vikavolt|atk|1\n|turn|2\n|\n|t:|1699738763\n|move|p2a: Munkidori|Protect|p2a: Munkidori\n|-singleturn|p2a: Munkidori|Protect\n|move|p2b: Vikavolt|Protect|p2b: Vikavolt\n|-singleturn|p2b: Vikavolt|Protect\n|move|p1b: Erron Black|Bullet Seed|p2b: Vikavolt\n|-activate|p2b: Vikavolt|move: Protect\n|move|p1a: Kintaro|Rock Slide|p2b: Vikavolt|[spread] \n|-activate|p2a: Munkidori|move: Protect\n|-activate|p2b: Vikavolt|move: Protect\n|\n|upkeep\n|turn|3\n|\n|t:|1699738799\n|move|p1b: Erron Black|Poltergeist|p2b: Vikavolt\n|-activate|p2b: Vikavolt|move: Poltergeist|Life Orb\n|-damage|p2b: Vikavolt|0 fnt\n|faint|p2b: Vikavolt\n|move|p1a: Kintaro|Rock Slide|p2a: Munkidori\n|-damage|p2a: Munkidori|0 fnt\n|faint|p2a: Munkidori\n|\n|upkeep\n|\n|t:|1699738811\n|switch|p2a: Clefairy|Clefairy, L50, F|100\/100\n|switch|p2b: Ogerpon|Ogerpon-Hearthflame, L50, F|100\/100\n|-ability|p2b: Ogerpon|Mold Breaker\n|turn|4\n|\n|t:|1699738825\n|move|p2b: Ogerpon|Spiky Shield|p2b: Ogerpon\n|-singleturn|p2b: Ogerpon|move: Protect\n|move|p2a: Clefairy|Protect|p2a: Clefairy\n|-singleturn|p2a: Clefairy|Protect\n|move|p1b: Erron Black|Poltergeist|p2b: Ogerpon\n|-activate|p2b: Ogerpon|move: Protect\n|move|p1a: Kintaro|Rock Slide|p2b: Ogerpon|[spread] \n|-activate|p2a: Clefairy|move: Protect\n|-activate|p2b: Ogerpon|move: Protect\n|\n|-sideend|p1: Argentavis_Gaming|move: Tailwind\n|upkeep\n|turn|5\n|\n|t:|1699738863\n|-terastallize|p1a: Kintaro|Flying\n|move|p2a: Clefairy|Follow Me|p2a: Clefairy\n|-singleturn|p2a: Clefairy|move: Follow Me\n|move|p2b: Ogerpon|Ivy Cudgel|p1b: Erron Black\n|-supereffective|p1b: Erron Black\n|-crit|p1b: Erron Black\n|-damage|p1b: Erron Black|0 fnt\n|faint|p1b: Erron Black\n|move|p1a: Kintaro|Tera Blast|p2a: Clefairy|[anim] Tera Blast Flying\n|-damage|p2a: Clefairy|19\/100\n|\n|upkeep\n|\n|t:|1699738868\n|switch|p1b: Bi-Han|Okidogi, L50, M|100\/100\n|turn|6\n|\n|t:|1699738919\n|-terastallize|p2b: Ogerpon|Fire\n|detailschange|p2b: Ogerpon|Ogerpon-Hearthflame-Tera, L50, F, tera:Fire\n|-ability|p2b: Ogerpon|Embody Aspect (Hearthflame)|boost\n|-boost|p2b: Ogerpon|atk|1\n|move|p2a: Clefairy|Follow Me|p2a: Clefairy\n|-singleturn|p2a: Clefairy|move: Follow Me\n|move|p2b: Ogerpon|Ivy Cudgel|p1a: Kintaro\n|-damage|p1a: Kintaro|0 fnt\n|faint|p1a: Kintaro\n|move|p1b: Bi-Han|Poison Jab|p2a: Clefairy\n|-supereffective|p2a: Clefairy\n|-damage|p2a: Clefairy|0 fnt\n|faint|p2a: Clefairy\n|\n|upkeep\n|turn|7\n|\n|t:|1699738931\n|move|p2b: Ogerpon|Ivy Cudgel|p1b: Bi-Han\n|-damage|p1b: Bi-Han|0 fnt\n|faint|p1b: Bi-Han\n|\n|win|YardPodcastFan\n|c|&|\/uhtml prompt-argentavisgaming,Argentavis_Gaming is ready for game 2!\n|c|&|\/uhtml prompt-yardpodcastfan,YardPodcastFan is ready for game 2!\nBoth players are ready! Starting next match!\n|l|\u2606Argentavis_Gaming\n","uploadtime":1699739293,"views":10,"p1id":"argentavisgaming","p2id":"yardpodcastfan","formatid":"gen9vgc2023regulatione","rating":0,"private":0,"password":""}