{"id":"gen9vgc2023regulatione-1989484952","p1":"mhybear","p2":"bryanooo_","format":"[Gen 9] VGC 2023 Regulation E","log":"|j|\u2606mhybear\n|j|\u2606bryanooo_\n|t:|1699858371\n|gametype|doubles\n|player|p1|mhybear|169|1312\n|player|p2|bryanooo_|265|1321\n|teamsize|p1|6\n|teamsize|p2|6\n|gen|9\n|tier|[Gen 9] VGC 2023 Regulation E\n|rated|\n|rule|Species Clause: Limit one of each Pok\u00e9mon\n|rule|Item Clause: Limit one of each item\n|clearpoke\n|poke|p1|Ninetales-Alola, L50, F|\n|poke|p1|Sinistcha, L50|\n|poke|p1|Heatran, L50, F|\n|poke|p1|Baxcalibur, L50, M|\n|poke|p1|Landorus-Therian, L50, M|\n|poke|p1|Iron Hands, L50|\n|poke|p2|Landorus-Therian, L50, M|\n|poke|p2|Rillaboom, L50, M|\n|poke|p2|Heatran, L50, F|\n|poke|p2|Ogerpon-Wellspring, L50, F|\n|poke|p2|Ninetales-Alola, L50, M|\n|poke|p2|Baxcalibur, L50, F|\n|teampreview|4\n|inactive|Battle timer is ON: inactive players will automatically lose when time's up. (requested by bryanooo_)\n|inactive|mhybear has 60 seconds left.\n|inactive|bryanooo_ has 60 seconds left.\n|\n|t:|1699858417\n|start\n|switch|p1a: Iron Hands|Iron Hands, L50|100\/100\n|switch|p1b: Baxcalibur|Baxcalibur, L50, M|100\/100\n|switch|p2a: Landorus|Landorus-Therian, L50, M, shiny|100\/100\n|switch|p2b: Baxcalibur|Baxcalibur, L50, F, shiny|100\/100\n|-ability|p2a: Landorus|Intimidate|boost\n|-unboost|p1a: Iron Hands|atk|1\n|-fail|p1b: Baxcalibur|unboost|[from] item: Clear Amulet|[of] p1b: Baxcalibur\n|turn|1\n|\n|t:|1699858440\n|switch|p2a: Ninetales|Ninetales-Alola, L50, M|100\/100\n|-weather|Snow|[from] ability: Snow Warning|[of] p2a: Ninetales\n|move|p1a: Iron Hands|Fake Out|p2b: Baxcalibur\n|-damage|p2b: Baxcalibur|94\/100\n|move|p1b: Baxcalibur|Dragon Dance|p1b: Baxcalibur\n|-boost|p1b: Baxcalibur|atk|1\n|-boost|p1b: Baxcalibur|spe|1\n|cant|p2b: Baxcalibur|flinch\n|\n|-weather|Snow|[upkeep]\n|upkeep\n|turn|2\n|inactive|bryanooo_ has 30 seconds left.\n|inactive|mhybear has 30 seconds left.\n|inactive|bryanooo_ has 20 seconds left.\n|\n|t:|1699858478\n|-terastallize|p1b: Baxcalibur|Fire\n|-terastallize|p2a: Ninetales|Water\n|move|p2b: Baxcalibur|Protect|p2b: Baxcalibur\n|-singleturn|p2b: Baxcalibur|Protect\n|move|p1b: Baxcalibur|Dragon Dance|p1b: Baxcalibur\n|-boost|p1b: Baxcalibur|atk|1\n|-boost|p1b: Baxcalibur|spe|1\n|move|p2a: Ninetales|Aurora Veil|p2a: Ninetales\n|-sidestart|p2: bryanooo_|move: Aurora Veil\n|move|p1a: Iron Hands|Heavy Slam|p2a: Ninetales\n|-resisted|p2a: Ninetales\n|-damage|p2a: Ninetales|86\/100\n|\n|-weather|Snow|[upkeep]\n|upkeep\n|turn|3\n|inactive|mhybear has 30 seconds left.\n|inactive|bryanooo_ has 30 seconds left.\n|inactive|bryanooo_ has 20 seconds left.\n|inactive|bryanooo_ has 15 seconds left.\n|inactive|bryanooo_ has 10 seconds left.\n|inactive|bryanooo_ has 5 seconds left.\n|\n|t:|1699858530\n|-end|p1a: Iron Hands|Quark Drive|[silent]\n|switch|p1a: Heatran|Heatran, L50, F|100\/100\n|move|p1b: Baxcalibur|High Horsepower|p2b: Baxcalibur\n|-damage|p2b: Baxcalibur|64\/100\n|move|p2a: Ninetales|Dazzling Gleam|p1b: Baxcalibur|[spread] p1a,p1b\n|-resisted|p1a: Heatran\n|-resisted|p1b: Baxcalibur\n|-damage|p1a: Heatran|96\/100\n|-damage|p1b: Baxcalibur|89\/100\n|move|p2b: Baxcalibur|Scale Shot|p1b: Baxcalibur\n|-damage|p1b: Baxcalibur|77\/100\n|-damage|p1b: Baxcalibur|66\/100\n|-damage|p1b: Baxcalibur|54\/100\n|-damage|p1b: Baxcalibur|44\/100\n|-hitcount|p1b: Baxcalibur|4\n|-unboost|p2b: Baxcalibur|def|1\n|-boost|p2b: Baxcalibur|spe|1\n|\n|-weather|Snow|[upkeep]\n|-heal|p1b: Baxcalibur|50\/100|[from] ability: Ice Body\n|-heal|p1a: Heatran|100\/100|[from] item: Leftovers\n|upkeep\n|turn|4\n|inactive|mhybear has 30 seconds left.\n|inactive|bryanooo_ has 30 seconds left.\n|\n|t:|1699858561\n|switch|p2a: Landorus|Landorus-Therian, L50, M, shiny|100\/100\n|-ability|p2a: Landorus|Intimidate|boost\n|-unboost|p1a: Heatran|atk|1\n|-fail|p1b: Baxcalibur|unboost|[from] item: Clear Amulet|[of] p1b: Baxcalibur\n|switch|p1a: Sinistcha|Sinistcha, L50|100\/100\n|-heal|p1b: Baxcalibur|74\/100|[from] ability: Hospitality|[of] p1a: Sinistcha\n|move|p2b: Baxcalibur|Protect|p2b: Baxcalibur\n|-singleturn|p2b: Baxcalibur|Protect\n|move|p1b: Baxcalibur|Icicle Crash|p2b: Baxcalibur\n|-activate|p2b: Baxcalibur|move: Protect\n|\n|-weather|Snow|[upkeep]\n|-heal|p1b: Baxcalibur|80\/100|[from] ability: Ice Body\n|upkeep\n|turn|5\n|inactive|mhybear has 30 seconds left.\n|inactive|bryanooo_ has 30 seconds left.\n|\n|t:|1699858591\n|switch|p2a: Heatran|Heatran, L50, F|100\/100\n|switch|p1a: Iron Hands|Iron Hands, L50|100\/100\n|move|p1b: Baxcalibur|Icicle Crash|p2a: Heatran\n|-resisted|p2a: Heatran\n|-damage|p2a: Heatran|88\/100\n|move|p2b: Baxcalibur|Icicle Spear|p1a: Iron Hands\n|-crit|p1a: Iron Hands\n|-damage|p1a: Iron Hands|85\/100\n|-damage|p1a: Iron Hands|74\/100\n|-damage|p1a: Iron Hands|64\/100\n|-damage|p1a: Iron Hands|54\/100\n|-damage|p1a: Iron Hands|42\/100\n|-hitcount|p1a: Iron Hands|5\n|\n|-weather|none\n|-heal|p2a: Heatran|94\/100|[from] item: Leftovers\n|upkeep\n|turn|6\n|\n|t:|1699858613\n|move|p2b: Baxcalibur|Protect|p2b: Baxcalibur\n|-singleturn|p2b: Baxcalibur|Protect\n|move|p2a: Heatran|Protect|p2a: Heatran\n|-singleturn|p2a: Heatran|Protect\n|move|p1a: Iron Hands|Fake Out|p2a: Heatran\n|-activate|p2a: Heatran|move: Protect\n|move|p1b: Baxcalibur|Icicle Crash|p2b: Baxcalibur\n|-activate|p2b: Baxcalibur|move: Protect\n|\n|-heal|p2a: Heatran|100\/100|[from] item: Leftovers\n|upkeep\n|turn|7\n|inactive|bryanooo_ has 30 seconds left.\n|\n|t:|1699858638\n|switch|p2a: Landorus|Landorus-Therian, L50, M, shiny|100\/100\n|-ability|p2a: Landorus|Intimidate|boost\n|-unboost|p1a: Iron Hands|atk|1\n|-fail|p1b: Baxcalibur|unboost|[from] item: Clear Amulet|[of] p1b: Baxcalibur\n|-end|p1a: Iron Hands|Quark Drive|[silent]\n|switch|p1a: Sinistcha|Sinistcha, L50|100\/100\n|-heal|p1b: Baxcalibur|100\/100|[from] ability: Hospitality|[of] p1a: Sinistcha\n|move|p1b: Baxcalibur|Icicle Crash|p2b: Baxcalibur\n|-damage|p2b: Baxcalibur|0 fnt\n|faint|p2b: Baxcalibur\n|\n|upkeep\n|\n|t:|1699858656\n|switch|p2b: Heatran|Heatran, L50, F|100\/100\n|turn|8\n|inactive|mhybear has 30 seconds left.\n|\n|t:|1699858689\n|switch|p1a: Heatran|Heatran, L50, F|100\/100\n|move|p1b: Baxcalibur|Icicle Crash|p2a: Landorus\n|-supereffective|p2a: Landorus\n|-damage|p2a: Landorus|0 fnt\n|faint|p2a: Landorus\n|move|p2b: Heatran|Earth Power|p1b: Baxcalibur\n|-supereffective|p1b: Baxcalibur\n|-damage|p1b: Baxcalibur|33\/100\n|\n|upkeep\n|\n|t:|1699858700\n|switch|p2a: Ninetales|Ninetales-Alola, L50, M, tera:Water|86\/100\n|-weather|Snow|[from] ability: Snow Warning|[of] p2a: Ninetales\n|turn|9\n|\n|t:|1699858714\n|switch|p1a: Sinistcha|Sinistcha, L50|100\/100\n|-heal|p1b: Baxcalibur|57\/100|[from] ability: Hospitality|[of] p1a: Sinistcha\n|move|p1b: Baxcalibur|Protect|p1b: Baxcalibur\n|-singleturn|p1b: Baxcalibur|Protect\n|move|p2a: Ninetales|Protect|p2a: Ninetales\n|-singleturn|p2a: Ninetales|Protect\n|move|p2b: Heatran|Earth Power|p1a: Sinistcha\n|-resisted|p1a: Sinistcha\n|-damage|p1a: Sinistcha|80\/100\n|\n|-weather|Snow|[upkeep]\n|-heal|p1b: Baxcalibur|64\/100|[from] ability: Ice Body\n|-sideend|p2: bryanooo_|move: Aurora Veil\n|upkeep\n|turn|10\n|\n|t:|1699858734\n|move|p1b: Baxcalibur|High Horsepower|p2a: Ninetales\n|-damage|p2a: Ninetales|0 fnt\n|faint|p2a: Ninetales\n|move|p2b: Heatran|Earth Power|p1a: Sinistcha\n|-resisted|p1a: Sinistcha\n|-damage|p1a: Sinistcha|59\/100\n|move|p1a: Sinistcha|Calm Mind|p1a: Sinistcha\n|-boost|p1a: Sinistcha|spa|1\n|-boost|p1a: Sinistcha|spd|1\n|\n|-weather|Snow|[upkeep]\n|-heal|p1b: Baxcalibur|70\/100|[from] ability: Ice Body\n|upkeep\n|turn|11\n|\n|t:|1699858755\n|move|p1b: Baxcalibur|High Horsepower|p2b: Heatran\n|-supereffective|p2b: Heatran\n|-damage|p2b: Heatran|0 fnt\n|faint|p2b: Heatran\n|\n|win|mhybear\n|raw|mhybear's rating: 1312 &rarr; <strong>1333<\/strong><br \/>(+21 for winning)\n|raw|bryanooo_'s rating: 1321 &rarr; <strong>1300<\/strong><br \/>(-21 for losing)\n|c|\u2606bryanooo_|Hey man cool team\n|c|\u2606bryanooo_|is it cool if I have the paste?\n","uploadtime":1699858782,"views":17,"p1id":"mhybear","p2id":"bryanooo","formatid":"gen9vgc2023regulatione","rating":1300,"private":0,"password":""}