{"id":"gen9vgc2023regulatione-1993510577","p1":"iadsa","p2":"Mateo8009","format":"[Gen 9] VGC 2023 Regulation E","log":"|j|\u2606iadsa\n|j|\u2606Mateo8009\n|t:|1700326395\n|gametype|doubles\n|player|p1|iadsa|169|1068\n|player|p2|Mateo8009|266|1068\n|teamsize|p1|6\n|teamsize|p2|6\n|gen|9\n|tier|[Gen 9] VGC 2023 Regulation E\n|rated|\n|rule|Species Clause: Limit one of each Pok\u00e9mon\n|rule|Item Clause: Limit one of each item\n|clearpoke\n|poke|p1|Cresselia, L50, F|\n|poke|p1|Urshifu-*, L50, F|\n|poke|p1|Ursaluna-Bloodmoon, L50, M|\n|poke|p1|Glastrier, L50|\n|poke|p1|Iron Hands, L50|\n|poke|p1|Flutter Mane, L50|\n|poke|p2|Politoed, L50, M|\n|poke|p2|Basculegion, L50, M|\n|poke|p2|Zapdos, L50|\n|poke|p2|Kommo-o, L50, M|\n|poke|p2|Sinistcha, L50|\n|poke|p2|Torkoal, L50, M|\n|teampreview|4\n|\n|t:|1700326430\n|start\n|switch|p1a: Cresselia|Cresselia, L50, F|100\/100\n|switch|p1b: Ursaluna|Ursaluna-Bloodmoon, L50, M|100\/100\n|switch|p2a: Politoed|Politoed, L50, M|100\/100\n|switch|p2b: Kommo-o|Kommo-o, L50, M|100\/100\n|-weather|RainDance|[from] ability: Drizzle|[of] p2a: Politoed\n|turn|1\n|\n|t:|1700326453\n|move|p1a: Cresselia|Ally Switch|p1a: Cresselia\n|swap|p1a: Cresselia|1|[from] move: Ally Switch\n|move|p2b: Kommo-o|Clanging Scales|p1a: Ursaluna|[spread] p1a,p1b\n|-damage|p1a: Ursaluna|60\/100\n|-damage|p1b: Cresselia|77\/100\n|-unboost|p2b: Kommo-o|def|1\n|-enditem|p2b: Kommo-o|Throat Spray\n|-boost|p2b: Kommo-o|spa|1|[from] item: Throat Spray\n|move|p2a: Politoed|Weather Ball|p1b: Cresselia\n|-damage|p1b: Cresselia|50\/100\n|move|p1a: Ursaluna|Hyper Voice|p2a: Politoed|[spread] p2a,p2b\n|-damage|p2a: Politoed|62\/100\n|-damage|p2b: Kommo-o|56\/100\n|-enditem|p2a: Politoed|Eject Button\n|-enditem|p1a: Ursaluna|Throat Spray\n|-boost|p1a: Ursaluna|spa|1|[from] item: Throat Spray\n|\n|t:|1700326467\n|switch|p2a: Sinistcha|Sinistcha, L50|100\/100\n|-heal|p2b: Kommo-o|81\/100|[from] ability: Hospitality|[of] p2a: Sinistcha\n|\n|-weather|RainDance|[upkeep]\n|upkeep\n|turn|2\n|\n|t:|1700326480\n|-terastallize|p1a: Ursaluna|Poison\n|move|p1a: Ursaluna|Protect|p1a: Ursaluna\n|-singleturn|p1a: Ursaluna|Protect\n|move|p2b: Kommo-o|Clanging Scales|p1a: Ursaluna|[spread] p1b\n|-activate|p1a: Ursaluna|move: Protect\n|-damage|p1b: Cresselia|16\/100\n|-unboost|p2b: Kommo-o|def|1\n|move|p1b: Cresselia|Lunar Blessing|p1b: Cresselia|[spread] p1a,p1b\n|-heal|p1a: Ursaluna|85\/100\n|-heal|p1b: Cresselia|41\/100\n|move|p2a: Sinistcha|Matcha Gotcha|p1a: Ursaluna|[spread] p1b\n|-activate|p1a: Ursaluna|move: Protect\n|-damage|p1b: Cresselia|26\/100\n|\n|-weather|RainDance|[upkeep]\n|upkeep\n|turn|3\n|\n|t:|1700326505\n|move|p2b: Kommo-o|Protect|p2b: Kommo-o\n|-singleturn|p2b: Kommo-o|Protect\n|move|p2a: Sinistcha|Matcha Gotcha|p1b: Cresselia|[spread] p1a,p1b\n|-resisted|p1a: Ursaluna\n|-damage|p1a: Ursaluna|70\/100\n|-damage|p1b: Cresselia|11\/100\n|move|p1a: Ursaluna|Blood Moon|p2b: Kommo-o\n|-activate|p2b: Kommo-o|move: Protect\n|move|p1b: Cresselia|Trick Room|p1b: Cresselia\n|-fieldstart|move: Trick Room|[of] p1b: Cresselia\n|\n|-weather|RainDance|[upkeep]\n|upkeep\n|turn|4\n|\n|t:|1700326535\n|move|p2a: Sinistcha|Rage Powder|p2a: Sinistcha\n|-singleturn|p2a: Sinistcha|move: Rage Powder\n|move|p1a: Ursaluna|Hyper Voice|p2a: Sinistcha|[spread] p2a,p2b\n|-damage|p2a: Sinistcha|36\/100\n|-damage|p2b: Kommo-o|14\/100\n|move|p1b: Cresselia|Lunar Blessing|p1b: Cresselia|[spread] p1a,p1b\n|-heal|p1a: Ursaluna|95\/100\n|-heal|p1b: Cresselia|36\/100\n|move|p2b: Kommo-o|Clanging Scales|p1b: Cresselia|[spread] p1a,p1b\n|-damage|p1a: Ursaluna|32\/100\n|-damage|p1b: Cresselia|4\/100\n|-unboost|p2b: Kommo-o|def|1\n|\n|-weather|RainDance|[upkeep]\n|upkeep\n|turn|5\n|\n|t:|1700326561\n|switch|p2b: Basculegion|Basculegion, L50, M|100\/100\n|move|p2a: Sinistcha|Protect|p2a: Sinistcha\n|-singleturn|p2a: Sinistcha|Protect\n|move|p1a: Ursaluna|Hyper Voice|p2a: Sinistcha|[spread] p2b\n|-activate|p2a: Sinistcha|move: Protect\n|-damage|p2b: Basculegion|39\/100\n|move|p1b: Cresselia|Lunar Blessing|p1b: Cresselia|[spread] p1a,p1b\n|-heal|p1a: Ursaluna|57\/100\n|-heal|p1b: Cresselia|30\/100\n|\n|-weather|none\n|upkeep\n|turn|6\n|\n|t:|1700326587\n|switch|p2a: Politoed|Politoed, L50, M|62\/100\n|-weather|RainDance|[from] ability: Drizzle|[of] p2a: Politoed\n|move|p2b: Basculegion|Aqua Jet|p1b: Cresselia\n|-damage|p1b: Cresselia|4\/100\n|-damage|p2b: Basculegion|29\/100|[from] item: Life Orb\n|move|p1a: Ursaluna|Hyper Voice|p2a: Politoed|[spread] p2a,p2b\n|-damage|p2a: Politoed|13\/100\n|-damage|p2b: Basculegion|0 fnt\n|faint|p2b: Basculegion\n|move|p1b: Cresselia|Lunar Blessing|p1b: Cresselia|[spread] p1a,p1b\n|-heal|p1a: Ursaluna|82\/100\n|-heal|p1b: Cresselia|29\/100\n|\n|-weather|RainDance|[upkeep]\n|upkeep\n|\n|t:|1700326602\n|switch|p2b: Sinistcha|Sinistcha, L50|36\/100\n|-heal|p2a: Politoed|38\/100|[from] ability: Hospitality|[of] p2b: Sinistcha\n|turn|7\n|c|\u2606Mateo8009|mennnnn that cresselia is annoying hahaha\n|\n|t:|1700326626\n|switch|p1b: Urshifu|Urshifu-Rapid-Strike, L50, F|100\/100\n|move|p2a: Politoed|Helping Hand|p2b: Sinistcha\n|-singleturn|p2b: Sinistcha|Helping Hand|[of] p2a: Politoed\n|move|p1a: Ursaluna|Hyper Voice|p2b: Sinistcha|[spread] p2a,p2b\n|-damage|p2a: Politoed|0 fnt\n|-damage|p2b: Sinistcha|0 fnt\n|faint|p2a: Politoed\n|faint|p2b: Sinistcha\n|\n|-weather|RainDance|[upkeep]\n|-fieldend|move: Trick Room\n|upkeep\n|-message|Mateo8009 forfeited.\n|\n|win|iadsa\n|raw|iadsa's rating: 1068 &rarr; <strong>1098<\/strong><br \/>(+30 for winning)\n|raw|Mateo8009's rating: 1068 &rarr; <strong>1048<\/strong><br \/>(-20 for losing)\n|l|\u2606Mateo8009\n","uploadtime":1700326651,"views":12,"p1id":"iadsa","p2id":"mateo8009","formatid":"gen9vgc2023regulatione","rating":1048,"private":0,"password":""}