{"id":"gen9vgc2023regulatione-1995787624","p1":"oRinNeGa7V1","p2":"i win.exe","format":"[Gen 9] VGC 2023 Regulation E","log":"|j|\u2606oRinNeGa7V1\n|j|\u2606i win.exe\n|t:|1700603160\n|gametype|doubles\n|player|p1|oRinNeGa7V1|miriam|1432\n|player|p2|i win.exe|veteran|1428\n|teamsize|p1|6\n|teamsize|p2|6\n|gen|9\n|tier|[Gen 9] VGC 2023 Regulation E\n|rated|\n|rule|Species Clause: Limit one of each Pok\u00e9mon\n|rule|Item Clause: Limit one of each item\n|clearpoke\n|poke|p1|Moltres-Galar, L50|\n|poke|p1|Arcanine-Hisui, L50, F|\n|poke|p1|Munkidori, L50, M|\n|poke|p1|Sinistcha, L50|\n|poke|p1|Grimmsnarl, L50, M|\n|poke|p1|Milotic, L50, M|\n|poke|p2|Flutter Mane, L50|\n|poke|p2|Landorus-Therian, L50, M|\n|poke|p2|Rotom-Wash, L50|\n|poke|p2|Amoonguss, L50, F|\n|poke|p2|Ogerpon-Hearthflame, L50, F|\n|poke|p2|Kingambit, L50, M|\n|teampreview|4\n|inactive|Battle timer is ON: inactive players will automatically lose when time's up. (requested by i win.exe)\n|inactive|oRinNeGa7V1 has 60 seconds left.\n|\n|t:|1700603192\n|start\n|switch|p1a: Moltres|Moltres-Galar, L50|100\/100\n|switch|p1b: Munkidori|Munkidori, L50, M|100\/100\n|switch|p2a: Landorus|Landorus-Therian, L50, M, shiny|100\/100\n|switch|p2b: Flutter Mane|Flutter Mane, L50|100\/100\n|-ability|p2a: Landorus|Intimidate|boost\n|-unboost|p1a: Moltres|atk|1\n|-unboost|p1b: Munkidori|atk|1\n|-item|p2a: Landorus|Choice Scarf|[from] ability: Frisk|[of] p1b: Munkidori|[identify]\n|-item|p2b: Flutter Mane|Booster Energy|[from] ability: Frisk|[of] p1b: Munkidori|[identify]\n|-enditem|p2b: Flutter Mane|Booster Energy\n|-activate|p2b: Flutter Mane|ability: Protosynthesis|[fromitem]\n|-start|p2b: Flutter Mane|protosynthesisspe\n|turn|1\n|inactive|oRinNeGa7V1 has 30 seconds left.\n|inactive|oRinNeGa7V1 has 20 seconds left.\n|\n|t:|1700603231\n|-terastallize|p1a: Moltres|Poison\n|move|p2b: Flutter Mane|Protect|p2b: Flutter Mane\n|-singleturn|p2b: Flutter Mane|Protect\n|move|p1b: Munkidori|Fake Out|p2a: Landorus\n|-damage|p2a: Landorus|94\/100\n|cant|p2a: Landorus|flinch\n|move|p1a: Moltres|Nasty Plot|p1a: Moltres\n|-boost|p1a: Moltres|spa|2\n|\n|upkeep\n|turn|2\n|\n|t:|1700603253\n|move|p1a: Moltres|Protect|p1a: Moltres\n|-singleturn|p1a: Moltres|Protect\n|move|p2b: Flutter Mane|Shadow Ball|p1a: Moltres\n|-activate|p1a: Moltres|move: Protect\n|move|p2a: Landorus|Stomping Tantrum|p1a: Moltres\n|-activate|p1a: Moltres|move: Protect\n|move|p1b: Munkidori|Parting Shot|p2a: Landorus\n|-unboost|p2a: Landorus|atk|1\n|-unboost|p2a: Landorus|spa|1\n|\n|t:|1700603267\n|switch|p1b: Grimmsnarl|Grimmsnarl, L50, M|100\/100|[from] Parting Shot\n|\n|upkeep\n|turn|3\n|\n|t:|1700603278\n|move|p1b: Grimmsnarl|Reflect|p1b: Grimmsnarl\n|-sidestart|p1: oRinNeGa7V1|Reflect\n|move|p2b: Flutter Mane|Shadow Ball|p1a: Moltres\n|-damage|p1a: Moltres|68\/100\n|-unboost|p1a: Moltres|spd|1\n|move|p2a: Landorus|Stomping Tantrum|p1a: Moltres\n|-supereffective|p1a: Moltres\n|-damage|p1a: Moltres|31\/100\n|-ability|p1a: Moltres|Berserk|boost\n|-boost|p1a: Moltres|spa|1\n|-enditem|p1a: Moltres|Sitrus Berry|[eat]\n|-heal|p1a: Moltres|56\/100|[from] item: Sitrus Berry\n|move|p1a: Moltres|Fiery Wrath|p2a: Landorus|[spread] p2a,p2b\n|-damage|p2a: Landorus|0 fnt\n|-damage|p2b: Flutter Mane|27\/100\n|faint|p2a: Landorus\n|\n|upkeep\n|\n|t:|1700603288\n|switch|p2a: Rotom|Rotom-Wash, L50, shiny|100\/100\n|turn|4\n|\n|t:|1700603301\n|move|p2b: Flutter Mane|Protect|p2b: Flutter Mane\n|-singleturn|p2b: Flutter Mane|Protect\n|move|p1a: Moltres|Protect|p1a: Moltres\n|-singleturn|p1a: Moltres|Protect\n|move|p1b: Grimmsnarl|Parting Shot|p2b: Flutter Mane\n|-activate|p2b: Flutter Mane|move: Protect\n|move|p2a: Rotom|Hydro Pump|p1a: Moltres\n|-activate|p1a: Moltres|move: Protect\n|\n|upkeep\n|turn|5\n|\n|t:|1700603324\n|move|p1b: Grimmsnarl|Parting Shot|p2a: Rotom\n|-unboost|p2a: Rotom|atk|1\n|-unboost|p2a: Rotom|spa|1\n|\n|t:|1700603327\n|switch|p1b: Sinistcha|Sinistcha, L50|100\/100|[from] Parting Shot\n|-heal|p1a: Moltres|81\/100|[from] ability: Hospitality|[of] p1b: Sinistcha\n|move|p2b: Flutter Mane|Shadow Ball|p1a: Moltres\n|-damage|p1a: Moltres|39\/100\n|-ability|p1a: Moltres|Berserk|boost\n|-boost|p1a: Moltres|spa|1\n|move|p1a: Moltres|Fiery Wrath|p2a: Rotom|[spread] p2a,p2b\n|-damage|p2a: Rotom|23\/100\n|-damage|p2b: Flutter Mane|0 fnt\n|faint|p2b: Flutter Mane\n|-end|p2b: Flutter Mane|Protosynthesis|[silent]\n|cant|p2a: Rotom|flinch\n|\n|-heal|p2a: Rotom|29\/100|[from] item: Leftovers\n|upkeep\n|\n|t:|1700603341\n|switch|p2b: Ogerpon|Ogerpon-Hearthflame, L50, F|100\/100\n|-ability|p2b: Ogerpon|Mold Breaker\n|turn|6\n|inactive|i win.exe has 30 seconds left.\n|\n|t:|1700603370\n|-terastallize|p2b: Ogerpon|Fire\n|detailschange|p2b: Ogerpon|Ogerpon-Hearthflame-Tera, L50, F, tera:Fire\n|-ability|p2b: Ogerpon|Embody Aspect (Hearthflame)|boost\n|-boost|p2b: Ogerpon|atk|1\n|move|p1a: Moltres|Protect|p1a: Moltres\n|-singleturn|p1a: Moltres|Protect\n|move|p2b: Ogerpon|Play Rough|p1b: Sinistcha\n|-damage|p1b: Sinistcha|71\/100\n|-damage|p2b: Ogerpon|84\/100|[from] item: Rocky Helmet|[of] p1b: Sinistcha\n|move|p2a: Rotom|Hydro Pump|p1a: Moltres\n|-activate|p1a: Moltres|move: Protect\n|move|p1b: Sinistcha|Trick Room|p1b: Sinistcha\n|-fieldstart|move: Trick Room|[of] p1b: Sinistcha\n|\n|-heal|p2a: Rotom|35\/100|[from] item: Leftovers\n|upkeep\n|turn|7\n|\n|t:|1700603392\n|switch|p1b: Munkidori|Munkidori, L50, M|100\/100\n|-item|p2a: Rotom|Leftovers|[from] ability: Frisk|[of] p1b: Munkidori|[identify]\n|-item|p2b: Ogerpon|Hearthflame Mask|[from] ability: Frisk|[of] p1b: Munkidori|[identify]\n|move|p2b: Ogerpon|Spiky Shield|p2b: Ogerpon\n|-singleturn|p2b: Ogerpon|move: Protect\n|move|p2a: Rotom|Hydro Pump|p1a: Moltres\n|-damage|p1a: Moltres|7\/100\n|move|p1a: Moltres|Fiery Wrath|p2b: Ogerpon|[spread] p2a\n|-activate|p2b: Ogerpon|move: Protect\n|-crit|p2a: Rotom\n|-damage|p2a: Rotom|0 fnt\n|faint|p2a: Rotom\n|\n|upkeep\n|turn|8\n|c|\u2606i win.exe|gg\n|\n|t:|1700603410\n|move|p1b: Munkidori|Fake Out|p2b: Ogerpon\n|-damage|p2b: Ogerpon|75\/100\n|move|p1a: Moltres|Fiery Wrath|p2b: Ogerpon\n|-damage|p2b: Ogerpon|0 fnt\n|faint|p2b: Ogerpon\n|\n|win|oRinNeGa7V1\n|raw|oRinNeGa7V1's rating: 1432 &rarr; <strong>1452<\/strong><br \/>(+20 for winning)\n|raw|i win.exe's rating: 1428 &rarr; <strong>1408<\/strong><br \/>(-20 for losing)\n|c|\u2606oRinNeGa7V1|gg\n|l|\u2606i win.exe\n","uploadtime":1700603439,"views":1,"p1id":"orinnega7v1","p2id":"iwinexe","formatid":"gen9vgc2023regulatione","rating":1408,"private":0,"password":""}