{"id":"gen9vgc2023regulatione-1993041426","p1":"Jstardude","p2":"FuratBang","format":"[Gen 9] VGC 2023 Regulation E","log":"|j|\u2606Jstardude\n|j|\u2606FuratBang\n|n|\u2606Jstardude|jstardude\n|n|\u2606FuratBang|furatbang\n|html|View the match progress at <a href=\"\/game-bestof3-gen9vgc2023regulatione-1993028485\">game-bestof3-gen9vgc2023regulatione-1993028485<\/a>\n|t:|1700258314\n|gametype|doubles\n|player|p1|Jstardude|psychic-gen4|\n|player|p2|FuratBang|n|\n|teamsize|p1|6\n|teamsize|p2|6\n|gen|9\n|tier|[Gen 9] VGC 2023 Regulation E\n|rule|Species Clause: Limit one of each Pok\u00e9mon\n|rule|Item Clause: Limit one of each item\n|clearpoke\n|poke|p1|Sandy Shocks, L50|\n|poke|p1|Ninetales-Alola, L50, F|\n|poke|p1|Articuno, L50|\n|poke|p1|Annihilape, L50, F|\n|poke|p1|Azelf, L50|\n|poke|p1|Sandslash-Alola, L50, M|\n|poke|p2|Ogerpon-Wellspring, L50, F|\n|poke|p2|Landorus-Therian, L50, M|\n|poke|p2|Typhlosion, L50, M|\n|poke|p2|Rotom-Frost, L50|\n|poke|p2|Weavile, L50, M|\n|poke|p2|Tornadus-Therian, L50, M|\n|teampreview|4\n|j| jayballester\n|j| jamesdaltonbell\n|j| Camodude27\n|inactive|Battle timer is ON: inactive players will automatically lose when time's up. (requested by Jstardude)\n|inactiveoff|Battle timer is now OFF.\n|\n|t:|1700258467\n|start\n|switch|p1a: Ninetales|Ninetales-Alola, L50, F|100\/100\n|switch|p1b: Sandy Shocks|Sandy Shocks, L50|100\/100\n|switch|p2a: Weavile|Weavile, L50, M|100\/100\n|switch|p2b: Tornadus|Tornadus-Therian, L50, M|100\/100\n|-weather|Snow|[from] ability: Snow Warning|[of] p1a: Ninetales\n|-enditem|p1b: Sandy Shocks|Booster Energy\n|-activate|p1b: Sandy Shocks|ability: Protosynthesis|[fromitem]\n|-start|p1b: Sandy Shocks|protosynthesisspe\n|turn|1\n|\n|t:|1700258560\n|move|p2a: Weavile|Fake Out|p1b: Sandy Shocks\n|-damage|p1b: Sandy Shocks|85\/100\n|cant|p1b: Sandy Shocks|flinch\n|move|p2b: Tornadus|Sunny Day|p2b: Tornadus\n|-weather|SunnyDay\n|move|p1a: Ninetales|Moonblast|p2a: Weavile\n|-supereffective|p2a: Weavile\n|-crit|p2a: Weavile\n|-enditem|p2a: Weavile|Focus Sash\n|-damage|p2a: Weavile|1\/100\n|-unboost|p2a: Weavile|spa|1\n|\n|-weather|SunnyDay|[upkeep]\n|upkeep\n|turn|2\n|j| Tuxmux\n|\n|t:|1700258631\n|move|p2a: Weavile|Protect|p2a: Weavile\n|-singleturn|p2a: Weavile|Protect\n|move|p1b: Sandy Shocks|Thunderbolt|p2b: Tornadus\n|-supereffective|p2b: Tornadus\n|-enditem|p2b: Tornadus|Wacan Berry|[eat]\n|-enditem|p2b: Tornadus|Wacan Berry|[weaken]\n|-damage|p2b: Tornadus|55\/100\n|move|p2b: Tornadus|Tailwind|p2b: Tornadus\n|-sidestart|p2: FuratBang|move: Tailwind\n|move|p1a: Ninetales|Blizzard|p2b: Tornadus|[spread] p2b\n|-activate|p2a: Weavile|move: Protect\n|-supereffective|p2b: Tornadus\n|-damage|p2b: Tornadus|0 fnt\n|faint|p2b: Tornadus\n|\n|-weather|SunnyDay|[upkeep]\n|upkeep\n|j| ryanotest1\n|\n|t:|1700258672\n|switch|p2b: Typhlosion|Typhlosion, L50, M|100\/100\n|turn|3\n|\n|t:|1700258729\n|-terastallize|p2b: Typhlosion|Fire\n|-terastallize|p1b: Sandy Shocks|Water\n|move|p1a: Ninetales|Protect|p1a: Ninetales\n|-singleturn|p1a: Ninetales|Protect\n|move|p2a: Weavile|Knock Off|p1b: Sandy Shocks\n|-damage|p1b: Sandy Shocks|47\/100\n|move|p2b: Typhlosion|Eruption|p1b: Sandy Shocks|[spread] p1b\n|-activate|p1a: Ninetales|move: Protect\n|-resisted|p1b: Sandy Shocks\n|-damage|p1b: Sandy Shocks|0 fnt\n|faint|p1b: Sandy Shocks\n|-end|p1b: Sandy Shocks|Protosynthesis|[silent]\n|\n|-weather|SunnyDay|[upkeep]\n|upkeep\n|\n|t:|1700258741\n|switch|p1b: Glacie|Articuno, L50|100\/100\n|turn|4\n|\n|t:|1700258763\n|switch|p1a: He angy|Annihilape, L50, F|100\/100\n|move|p2a: Weavile|Icicle Crash|p1a: He angy\n|-damage|p1a: He angy|60\/100\n|move|p2b: Typhlosion|Eruption|p1b: Glacie|[spread] p1a,p1b\n|-supereffective|p1b: Glacie\n|-damage|p1a: He angy|0 fnt\n|-damage|p1b: Glacie|0 fnt\n|faint|p1a: He angy\n|faint|p1b: Glacie\n|\n|-weather|SunnyDay|[upkeep]\n|upkeep\n|\n|t:|1700258769\n|switch|p1a: Ninetales|Ninetales-Alola, L50, F|100\/100\n|-weather|Snow|[from] ability: Snow Warning|[of] p1a: Ninetales\n|turn|5\n|\n|t:|1700258802\n|switch|p2a: Ogerpon|Ogerpon-Wellspring, L50, F|100\/100\n|move|p1a: Ninetales|Protect|p1a: Ninetales\n|-singleturn|p1a: Ninetales|Protect\n|move|p2b: Typhlosion|Eruption|p1a: Ninetales\n|-activate|p1a: Ninetales|move: Protect\n|\n|-weather|Snow|[upkeep]\n|-sideend|p2: FuratBang|move: Tailwind\n|upkeep\n|turn|6\n|\n|t:|1700258817\n|move|p2a: Ogerpon|Ivy Cudgel|p1a: Ninetales|[anim] Ivy Cudgel Water\n|-damage|p1a: Ninetales|50\/100\n|move|p1a: Ninetales|Aurora Veil|p1a: Ninetales\n|-sidestart|p1: Jstardude|move: Aurora Veil\n|move|p2b: Typhlosion|Eruption|p1a: Ninetales\n|-supereffective|p1a: Ninetales\n|-damage|p1a: Ninetales|0 fnt\n|faint|p1a: Ninetales\n|\n|win|FuratBang\n|c|&|\/uhtml prompt-jstardude,Jstardude is ready for game 3!\n|c|\u2606FuratBang|gg\n|inactive|FuratBang has 50 seconds to confirm battle start!\n|c|\u2606Jstardude|gg\n|c|&|\/uhtml prompt-furatbang,FuratBang is ready for game 3!\nBoth players are ready! Starting next match!\n|l| Camodude27\n|l| ryanotest1\n|l| jayballester\n|l| jamesdaltonbell\n|j| 5 min turns zzz\n|l|5minturnszzz\n","uploadtime":1700258929,"views":50,"p1id":"jstardude","p2id":"furatbang","formatid":"gen9vgc2023regulatione","rating":0,"private":0,"password":""}