{"id":"gen9vgc2023regulatione-1999623040","p1":"Remote Worker","p2":"Ozwald McFly","format":"[Gen 9] VGC 2023 Regulation E","log":"|j|\u2606Remote Worker\n|j|\u2606Ozwald McFly\n|t:|1701102122\n|gametype|doubles\n|player|p1|Remote Worker|1|1306\n|player|p2|Ozwald McFly|2|1426\n|teamsize|p1|6\n|teamsize|p2|6\n|gen|9\n|tier|[Gen 9] VGC 2023 Regulation E\n|rated|\n|rule|Species Clause: Limit one of each Pok\u00e9mon\n|rule|Item Clause: Limit one of each item\n|clearpoke\n|poke|p1|Urshifu-*, L50, F|\n|poke|p1|Tornadus, L50, M|\n|poke|p1|Arcanine-Hisui, L50, F|\n|poke|p1|Brute Bonnet, L50|\n|poke|p1|Flutter Mane, L50|\n|poke|p1|Munkidori, L50, M|\n|poke|p2|Noctowl, L50, F|\n|poke|p2|Sandy Shocks, L50|\n|poke|p2|Espeon, L50, F|\n|poke|p2|Indeedee-F, L50, F|\n|poke|p2|Iron Hands, L50|\n|poke|p2|Decidueye-Hisui, L50, M|\n|teampreview|4\n|inactive|Battle timer is ON: inactive players will automatically lose when time's up. (requested by Remote Worker)\n|inactive|Remote Worker has 60 seconds left.\n|\n|t:|1701102170\n|start\n|switch|p1a: Brute Bonnet|Brute Bonnet, L50|100\/100\n|switch|p1b: Arcanine|Arcanine-Hisui, L50, F|100\/100\n|switch|p2a: Iron Hands|Iron Hands, L50|100\/100\n|switch|p2b: Indeedee|Indeedee-F, L50, F|100\/100\n|-ability|p1b: Arcanine|Intimidate|boost\n|-unboost|p2a: Iron Hands|atk|1\n|-unboost|p2b: Indeedee|atk|1\n|-fieldstart|move: Psychic Terrain|[from] ability: Psychic Surge|[of] p2b: Indeedee\n|turn|1\n|inactive|Remote Worker has 30 seconds left.\n|inactive|Ozwald McFly has 30 seconds left.\n|inactive|Remote Worker has 20 seconds left.\n|inactive|Remote Worker has 15 seconds left.\n|\n|t:|1701102213\n|move|p1b: Arcanine|Flare Blitz|p2a: Iron Hands\n|-damage|p2a: Iron Hands|32\/100\n|-damage|p1b: Arcanine|72\/100|[from] Recoil\n|move|p1a: Brute Bonnet|Spore|p2a: Iron Hands\n|-status|p2a: Iron Hands|slp|[from] move: Spore\n|cant|p2a: Iron Hands|slp\n|move|p2b: Indeedee|Trick Room|p2b: Indeedee\n|-fieldstart|move: Trick Room|[of] p2b: Indeedee\n|\n|upkeep\n|turn|2\n|inactive|Ozwald McFly has 30 seconds left.\n|\n|t:|1701102246\n|cant|p2a: Iron Hands|slp\n|move|p2b: Indeedee|Psyshock|p1b: Arcanine\n|-damage|p1b: Arcanine|30\/100\n|move|p1a: Brute Bonnet|Spore|p2b: Indeedee\n|-status|p2b: Indeedee|slp|[from] move: Spore\n|move|p1b: Arcanine|Flare Blitz|p2a: Iron Hands\n|-damage|p2a: Iron Hands|0 fnt\n|faint|p2a: Iron Hands\n|-end|p2a: Iron Hands|Quark Drive|[silent]\n|-damage|p1b: Arcanine|17\/100|[from] Recoil\n|\n|upkeep\n|\n|t:|1701102259\n|switch|p2a: Decidueye|Decidueye-Hisui, L50, M, shiny|100\/100\n|turn|3\n|\n|t:|1701102273\n|switch|p1b: Urshifu|Urshifu-Rapid-Strike, L50, F|100\/100\n|move|p1a: Brute Bonnet|Protect|p1a: Brute Bonnet\n|-singleturn|p1a: Brute Bonnet|Protect\n|cant|p2b: Indeedee|slp\n|move|p2a: Decidueye|Triple Arrows|p1b: Urshifu\n|-crit|p1b: Urshifu\n|-damage|p1b: Urshifu|34\/100\n|-unboost|p1b: Urshifu|def|1\n|\n|upkeep\n|turn|4\n|inactive|Remote Worker has 30 seconds left.\n|\n|t:|1701102299\n|-end|p1a: Brute Bonnet|Protosynthesis|[silent]\n|switch|p1a: Tornadus|Tornadus, L50, M|100\/100\n|switch|p1b: Arcanine|Arcanine-Hisui, L50, F|17\/100\n|-ability|p1b: Arcanine|Intimidate|boost\n|-fail|p2a: Decidueye|unboost|Attack|[from] ability: Scrappy|[of] p2a: Decidueye\n|-unboost|p2b: Indeedee|atk|1\n|cant|p2b: Indeedee|slp\n|move|p2a: Decidueye|Triple Arrows|p1a: Tornadus\n|-resisted|p1a: Tornadus\n|-crit|p1a: Tornadus\n|-damage|p1a: Tornadus|54\/100\n|-unboost|p1a: Tornadus|def|1\n|\n|upkeep\n|turn|5\n|inactive|Remote Worker has 30 seconds left.\n|inactive|Remote Worker has 20 seconds left.\n|\n|t:|1701102341\n|-terastallize|p2a: Decidueye|Fighting\n|move|p1a: Tornadus|Tailwind|p1a: Tornadus\n|-sidestart|p1: Remote Worker|move: Tailwind\n|move|p2a: Decidueye|Triple Arrows|p1a: Tornadus\n|-resisted|p1a: Tornadus\n|-damage|p1a: Tornadus|0 fnt\n|faint|p1a: Tornadus\n|cant|p2b: Indeedee|slp\n|move|p1b: Arcanine|Crunch|p2a: Decidueye\n|-resisted|p2a: Decidueye\n|-damage|p2a: Decidueye|80\/100\n|\n|-fieldend|move: Trick Room\n|-fieldend|move: Psychic Terrain\n|upkeep\n|\n|t:|1701102362\n|switch|p1a: Brute Bonnet|Brute Bonnet, L50|100\/100\n|turn|6\n|\n|t:|1701102369\n|move|p2a: Decidueye|Protect|p2a: Decidueye\n|-singleturn|p2a: Decidueye|Protect\n|move|p1b: Arcanine|Crunch|p2b: Indeedee\n|-supereffective|p2b: Indeedee\n|-damage|p2b: Indeedee|10\/100 slp\n|-unboost|p2b: Indeedee|def|1\n|-enditem|p2b: Indeedee|Sitrus Berry|[eat]\n|-heal|p2b: Indeedee|35\/100 slp|[from] item: Sitrus Berry\n|move|p1a: Brute Bonnet|Spore|p2a: Decidueye\n|-activate|p2a: Decidueye|move: Protect\n|-curestatus|p2b: Indeedee|slp|[msg]\n|move|p2b: Indeedee|Trick Room|p2b: Indeedee\n|-fieldstart|move: Trick Room|[of] p2b: Indeedee\n|\n|upkeep\n|turn|7\n|\n|t:|1701102391\n|-terastallize|p1a: Brute Bonnet|Poison\n|move|p2a: Decidueye|Triple Arrows|p1a: Brute Bonnet\n|-resisted|p1a: Brute Bonnet\n|-crit|p1a: Brute Bonnet\n|-damage|p1a: Brute Bonnet|56\/100\n|move|p2b: Indeedee|Psyshock|p1b: Arcanine\n|-damage|p1b: Arcanine|0 fnt\n|faint|p1b: Arcanine\n|move|p1a: Brute Bonnet|Spore|p2a: Decidueye\n|-status|p2a: Decidueye|slp|[from] move: Spore\n|\n|upkeep\n|\n|t:|1701102399\n|switch|p1b: Urshifu|Urshifu-Rapid-Strike, L50, F|34\/100\n|turn|8\n|\n|t:|1701102419\n|cant|p2a: Decidueye|slp\n|move|p2b: Indeedee|Psyshock|p1a: Brute Bonnet\n|-supereffective|p1a: Brute Bonnet\n|-damage|p1a: Brute Bonnet|7\/100\n|-enditem|p1a: Brute Bonnet|Sitrus Berry|[eat]\n|-heal|p1a: Brute Bonnet|32\/100|[from] item: Sitrus Berry\n|move|p1a: Brute Bonnet|Spore|p2b: Indeedee\n|-status|p2b: Indeedee|slp|[from] move: Spore\n|move|p1b: Urshifu|Surging Strikes|p2a: Decidueye\n|-crit|p2a: Decidueye\n|-damage|p2a: Decidueye|50\/100 slp\n|-crit|p2a: Decidueye\n|-damage|p2a: Decidueye|18\/100 slp\n|-crit|p2a: Decidueye\n|-damage|p2a: Decidueye|0 fnt\n|faint|p2a: Decidueye\n|-hitcount|p2: Decidueye|3\n|-damage|p1b: Urshifu|24\/100|[from] item: Life Orb\n|\n|-sideend|p1: Remote Worker|move: Tailwind\n|upkeep\n|\n|t:|1701102439\n|switch|p2a: Espeon|Espeon, L50, F|100\/100\n|turn|9\n|\n|t:|1701102459\n|move|p1a: Brute Bonnet|Sucker Punch|p2a: Espeon\n|-supereffective|p2a: Espeon\n|-crit|p2a: Espeon\n|-enditem|p2a: Espeon|Focus Sash\n|-damage|p2a: Espeon|1\/100\n|cant|p2b: Indeedee|slp\n|move|p1b: Urshifu|Surging Strikes|p2b: Indeedee\n|-crit|p2b: Indeedee\n|-damage|p2b: Indeedee|0 fnt\n|faint|p2b: Indeedee\n|-hitcount|p2: Indeedee|1\n|-damage|p1b: Urshifu|14\/100|[from] item: Life Orb\n|move|p2a: Espeon|Psychic|p1b: Urshifu\n|-supereffective|p1b: Urshifu\n|-damage|p1b: Urshifu|0 fnt\n|faint|p1b: Urshifu\n|\n|upkeep\n|turn|10\n|\n|t:|1701102478\n|move|p2a: Espeon|Detect|p2a: Espeon\n|-singleturn|p2a: Espeon|Protect\n|move|p1a: Brute Bonnet|Stomping Tantrum|p2a: Espeon\n|-activate|p2a: Espeon|move: Protect\n|\n|-fieldend|move: Trick Room\n|upkeep\n|turn|11\n|\n|t:|1701102487\n|move|p1a: Brute Bonnet|Sucker Punch|p2a: Espeon\n|-supereffective|p2a: Espeon\n|-damage|p2a: Espeon|0 fnt\n|faint|p2a: Espeon\n|\n|win|Remote Worker\n|raw|Remote Worker's rating: 1306 &rarr; <strong>1333<\/strong><br \/>(+27 for winning)\n|raw|Ozwald McFly's rating: 1426 &rarr; <strong>1399<\/strong><br \/>(-27 for losing)\n","uploadtime":1701102496,"views":1,"p1id":"remoteworker","p2id":"ozwaldmcfly","formatid":"gen9vgc2023regulatione","rating":1333,"private":0,"password":""}