{"id":"gen9vgc2023regulatione-1997404444","p1":"2cake","p2":"casper6_14","format":"[Gen 9] VGC 2023 Regulation E","log":"|j|\u26062cake\n|j|\u2606casper6_14\n|t:|1700799924\n|gametype|doubles\n|player|p1|2cake|carmine-festival|\n|player|p2|casper6_14|101|\n|teamsize|p1|6\n|teamsize|p2|6\n|gen|9\n|tier|[Gen 9] VGC 2023 Regulation E\n|rated|Tournament battle\n|rule|Species Clause: Limit one of each Pok\u00e9mon\n|rule|Item Clause: Limit one of each item\n|clearpoke\n|poke|p1|Regidrago, L50|\n|poke|p1|Farigiraf, L50, F|\n|poke|p1|Tornadus, L50, M|\n|poke|p1|Gholdengo, L50|\n|poke|p1|Urshifu-*, L50, F|\n|poke|p1|Rillaboom, L50, M|\n|poke|p2|Honchkrow, L50, M|\n|poke|p2|Ninetales-Alola, L50, M|\n|poke|p2|Dragalge, L50, F|\n|poke|p2|Chien-Pao, L50|\n|poke|p2|Glaceon, L50, M|\n|poke|p2|Sinistcha-Masterpiece, L50|\n|teampreview|4\n|showteam|p1|Regidrago||DracoPlate|DragonsMaw|DragonEnergy,DracoMeteor,EarthPower,Protect||||||50|,,,,,Steel]Farigiraf||MentalHerb|ArmorTail|DazzlingGleam,Imprison,HelpingHand,TrickRoom|||F|||50|,,,,,Fairy]Tornadus||CovertCloak|Prankster|Taunt,Tailwind,BleakwindStorm,RainDance|||M|||50|,,,,,Steel]Gholdengo||Leftovers|GoodasGold|MakeItRain,ShadowBall,NastyPlot,Protect||||||50|,,,,,Dragon]Urshifu-Rapid-Strike||ChoiceScarf|UnseenFist|SurgingStrikes,Uturn,AquaJet,CloseCombat|||F|||50|,,,,,Water]Rillaboom||AssaultVest|GrassySurge|FakeOut,HighHorsepower,GrassyGlide,WoodHammer|||M|||50|,,,,,Fire\n|showteam|p2|Honchkrow||RazorClaw|SuperLuck|SuckerPunch,BraveBird,Protect,NightSlash|||M|||50|,,,,,Dark]Ninetales-Alola||LightClay|SnowWarning|Howl,Blizzard,AuroraVeil,Protect|||M|||50|,,,,,Ghost]Dragalge||LifeOrb|Adaptability|Scald,DracoMeteor,Protect,SludgeBomb|||F|||50|,,,,,Water]Chien-Pao||AssaultVest|SwordofRuin|SuckerPunch,IceShard,SacredSword,IceSpinner||||||50|,,,,,Poison]Glaceon||ChoiceSpecs|IceBody|Blizzard,FreezeDry,IcyWind,TeraBlast|||M|||50|,,,,,Fire]Sinistcha-Masterpiece||SitrusBerry|Hospitality|Scald,MatchaGotcha,ShadowBall,Protect||||||50|,,,,,Water\n|j| Flarefox_7\n|l| Flarefox_7\n|c|\u2606casper6_14|glhf\n|c|\u26062cake|glhf\n|\n|t:|1700799983\n|start\n|switch|p1a: Farigiraf|Farigiraf, L50, F|100\/100\n|switch|p1b: Gholdengo|Gholdengo, L50|100\/100\n|switch|p2a: Honchkrow|Honchkrow, L50, M|100\/100\n|switch|p2b: Ninetales|Ninetales-Alola, L50, M|100\/100\n|-weather|Snow|[from] ability: Snow Warning|[of] p2b: Ninetales\n|turn|1\n|\n|t:|1700800071\n|-terastallize|p2b: Ninetales|Ghost\n|-terastallize|p1a: Farigiraf|Fairy\n|move|p1b: Gholdengo|Protect|p1b: Gholdengo\n|-singleturn|p1b: Gholdengo|Protect\n|move|p2b: Ninetales|Aurora Veil|p2b: Ninetales\n|-sidestart|p2: casper6_14|move: Aurora Veil\n|move|p2a: Honchkrow|Night Slash|p1b: Gholdengo\n|-activate|p1b: Gholdengo|move: Protect\n|move|p1a: Farigiraf|Dazzling Gleam|p2a: Honchkrow|[spread] p2a,p2b\n|-supereffective|p2a: Honchkrow\n|-damage|p2a: Honchkrow|62\/100\n|-damage|p2b: Ninetales|86\/100\n|\n|-weather|Snow|[upkeep]\n|upkeep\n|turn|2\n|j| made of bliss\n|\n|t:|1700800114\n|switch|p1b: Urshifu|Urshifu-Rapid-Strike, L50, F|100\/100\n|move|p2a: Honchkrow|Protect|p2a: Honchkrow\n|-singleturn|p2a: Honchkrow|Protect\n|move|p2b: Ninetales|Blizzard|p1b: Urshifu|[spread] p1a,p1b\n|-resisted|p1b: Urshifu\n|-crit|p1b: Urshifu\n|-damage|p1a: Farigiraf|73\/100\n|-damage|p1b: Urshifu|67\/100\n|move|p1a: Farigiraf|Dazzling Gleam|p2a: Honchkrow|[spread] p2b\n|-activate|p2a: Honchkrow|move: Protect\n|-damage|p2b: Ninetales|70\/100\n|\n|-weather|Snow|[upkeep]\n|upkeep\n|turn|3\n|\n|t:|1700800142\n|switch|p2b: Dragalge|Dragalge, L50, F|100\/100\n|move|p1b: Urshifu|Surging Strikes|p2a: Honchkrow\n|-crit|p2a: Honchkrow\n|-damage|p2a: Honchkrow|34\/100\n|-crit|p2a: Honchkrow\n|-damage|p2a: Honchkrow|6\/100\n|-crit|p2a: Honchkrow\n|-damage|p2a: Honchkrow|0 fnt\n|faint|p2a: Honchkrow\n|-hitcount|p2: Honchkrow|3\n|move|p1a: Farigiraf|Dazzling Gleam|p2b: Dragalge\n|-crit|p2b: Dragalge\n|-damage|p2b: Dragalge|62\/100\n|\n|-weather|Snow|[upkeep]\n|upkeep\n|\n|t:|1700800152\n|switch|p2a: Chien-Pao|Chien-Pao, L50|100\/100\n|-ability|p2a: Chien-Pao|Sword of Ruin\n|turn|4\n|inactive|Battle timer is ON: inactive players will automatically lose when time's up. (requested by casper6_14)\n|\n|t:|1700800192\n|move|p1a: Farigiraf|Helping Hand|p1b: Urshifu\n|-singleturn|p1b: Urshifu|Helping Hand|[of] p1a: Farigiraf\n|move|p1b: Urshifu|Surging Strikes|p2a: Chien-Pao\n|-crit|p2a: Chien-Pao\n|-damage|p2a: Chien-Pao|80\/100\n|-crit|p2a: Chien-Pao\n|-damage|p2a: Chien-Pao|59\/100\n|-crit|p2a: Chien-Pao\n|-damage|p2a: Chien-Pao|38\/100\n|-hitcount|p2a: Chien-Pao|3\n|move|p2a: Chien-Pao|Ice Spinner|p1a: Farigiraf\n|-damage|p1a: Farigiraf|34\/100\n|move|p2b: Dragalge|Draco Meteor|p1b: Urshifu\n|-damage|p1b: Urshifu|0 fnt\n|-unboost|p2b: Dragalge|spa|2\n|faint|p1b: Urshifu\n|-damage|p2b: Dragalge|52\/100|[from] item: Life Orb\n|\n|-weather|Snow|[upkeep]\n|upkeep\n|inactive|2cake has 30 seconds left.\n|inactive|2cake has 20 seconds left.\n|inactive|2cake has 15 seconds left.\n|inactive|2cake has 10 seconds left.\n|inactive|2cake has 5 seconds left.\n|\n|t:|1700800245\n|switch|p1b: Gholdengo|Gholdengo, L50|100\/100\n|turn|5\n|inactive|2cake has 30 seconds left.\n|\n|t:|1700800276\n|switch|p2a: Ninetales|Ninetales-Alola, L50, M, tera:Ghost|70\/100\n|move|p1b: Gholdengo|Make It Rain|p2a: Ninetales|[spread] p2a,p2b\n|-damage|p2a: Ninetales|42\/100\n|-damage|p2b: Dragalge|25\/100\n|-unboost|p1b: Gholdengo|spa|1\n|move|p1a: Farigiraf|Dazzling Gleam|p2b: Dragalge|[spread] p2a,p2b\n|-damage|p2a: Ninetales|27\/100\n|-damage|p2b: Dragalge|12\/100\n|move|p2b: Dragalge|Sludge Bomb|p1a: Farigiraf\n|-supereffective|p1a: Farigiraf\n|-damage|p1a: Farigiraf|0 fnt\n|faint|p1a: Farigiraf\n|-damage|p2b: Dragalge|2\/100|[from] item: Life Orb\n|\n|-weather|none\n|upkeep\n|\n|t:|1700800284\n|switch|p1a: Regidrago|Regidrago, L50|100\/100\n|turn|6\n|\n|t:|1700800301\n|move|p2a: Ninetales|Blizzard|p1a: Regidrago|[spread] p1a\n|-miss|p2a: Ninetales|p1b: Gholdengo\n|-supereffective|p1a: Regidrago\n|-damage|p1a: Regidrago|41\/100\n|move|p1b: Gholdengo|Nasty Plot|p1b: Gholdengo\n|-boost|p1b: Gholdengo|spa|2\n|move|p1a: Regidrago|Dragon Energy|p2a: Ninetales|[spread] p2a,p2b\n|-supereffective|p2b: Dragalge\n|-damage|p2a: Ninetales|0 fnt\n|-damage|p2b: Dragalge|0 fnt\n|faint|p2a: Ninetales\n|faint|p2b: Dragalge\n|\n|upkeep\n|\n|t:|1700800313\n|switch|p2b: Chien-Pao|Chien-Pao, L50|38\/100\n|-ability|p2b: Chien-Pao|Sword of Ruin\n|turn|7\n|\n|t:|1700800326\n|move|p2b: Chien-Pao|Sucker Punch|p1b: Gholdengo\n|-supereffective|p1b: Gholdengo\n|-damage|p1b: Gholdengo|19\/100\n|move|p1b: Gholdengo|Make It Rain|p2b: Chien-Pao\n|-supereffective|p2b: Chien-Pao\n|-damage|p2b: Chien-Pao|0 fnt\n|-unboost|p1b: Gholdengo|spa|1\n|faint|p2b: Chien-Pao\n|\n|win|2cake\n|n|\u26062cake|2cake\n|n|\u2606casper6_14|casper614\n|n| made of bliss|madeofbliss\n|c|\u2606casper6_14|gg\n|c|\u26062cake|gg close one\n|l| made of bliss\n","uploadtime":1700800349,"views":6,"p1id":"2cake","p2id":"casper614","formatid":"gen9vgc2023regulatione","rating":0,"private":0,"password":""}