{"id":"gen9vgc2023regulatione-1988522594","p1":"bongkey","p2":"HatesPokemon24","format":"[Gen 9] VGC 2023 Regulation E","log":"|j|\u2606bongkey\n|j|\u203dHatesPokemon24\n|t:|1699731984\n|gametype|doubles\n|player|p1|bongkey|266|1000\n|player|p2|HatesPokemon24|officeworker-gen9|1029\n|teamsize|p1|6\n|teamsize|p2|6\n|gen|9\n|tier|[Gen 9] VGC 2023 Regulation E\n|rated|\n|rule|Species Clause: Limit one of each Pok\u00e9mon\n|rule|Item Clause: Limit one of each item\n|clearpoke\n|poke|p1|Ninetales-Alola, L50, F|\n|poke|p1|Sableye, L50, M|\n|poke|p1|Basculegion, L50, M|\n|poke|p1|Politoed, L50, F|\n|poke|p1|Flapple, L50, M|\n|poke|p1|Chandelure, L50, M|\n|poke|p2|Ditto, L50|\n|poke|p2|Foongus, L50, F|\n|poke|p2|Grimer-Alola, L50, F|\n|poke|p2|Igglybuff, L50, M|\n|poke|p2|Snom, L50, F|\n|poke|p2|Sunkern, L50, F|\n|teampreview|4\nHatesPokemon24 rejected open team sheets.\n|inactive|Battle timer is ON: inactive players will automatically lose when time's up. (requested by HatesPokemon24)\n|\n|t:|1699732001\n|start\n|switch|p1a: Sableye|Sableye, L50, M, shiny|100\/100\n|switch|p1b: Ninetales|Ninetales-Alola, L50, F, shiny|100\/100\n|switch|p2a: Ditto|Ditto, L50|100\/100\n|switch|p2b: Foongus|Foongus, L50, F|100\/100\n|-weather|Snow|[from] ability: Snow Warning|[of] p1b: Ninetales\n|-transform|p2a: Ditto|p1b: Ninetales|[from] ability: Imposter\n|turn|1\n|\n|t:|1699732026\n|move|p1a: Sableye|Gravity|p1a: Sableye\n|-fieldstart|move: Gravity\n|move|p1b: Ninetales|Hypnosis|p2a: Ditto\n|-status|p2a: Ditto|slp|[from] move: Hypnosis\n|cant|p2a: Ditto|slp\n|move|p2b: Foongus|Spore|p1a: Sableye\n|-status|p1a: Sableye|slp|[from] move: Spore\n|\n|-weather|Snow|[upkeep]\n|upkeep\n|turn|2\n|\n|t:|1699732047\n|cant|p1a: Sableye|slp\n|move|p1b: Ninetales|Blizzard|p2a: Ditto|[spread] p2a,p2b\n|-resisted|p2a: Ditto\n|-supereffective|p2b: Foongus\n|-damage|p2a: Ditto|87\/100 slp\n|-damage|p2b: Foongus|66\/100\n|cant|p2a: Ditto|slp\n|move|p2b: Foongus|Spore|p1b: Ninetales\n|-status|p1b: Ninetales|slp|[from] move: Spore\n|\n|-weather|Snow|[upkeep]\n|-heal|p2a: Ditto|93\/100 slp|[from] item: Leftovers\n|upkeep\n|turn|3\n|\n|t:|1699732071\n|cant|p1a: Sableye|slp\n|cant|p1b: Ninetales|slp\n|-curestatus|p2a: Ditto|slp|[msg]\n|move|p2a: Ditto|Aurora Veil|p2a: Ditto\n|-sidestart|p2: HatesPokemon24|move: Aurora Veil\n|move|p2b: Foongus|Sludge Bomb|p1a: Sableye\n|-resisted|p1a: Sableye\n|-damage|p1a: Sableye|83\/100 slp\n|\n|-weather|Snow|[upkeep]\n|-heal|p2a: Ditto|99\/100|[from] item: Leftovers\n|upkeep\n|turn|4\n|\n|t:|1699732096\n|cant|p1a: Sableye|slp\n|-curestatus|p1b: Ninetales|slp|[msg]\n|move|p1b: Ninetales|Hypnosis|p2b: Foongus\n|-status|p2b: Foongus|slp|[from] move: Hypnosis\n|move|p2a: Ditto|Blizzard|p1b: Ninetales|[spread] p1a,p1b\n|-resisted|p1b: Ninetales\n|-damage|p1a: Sableye|43\/100 slp\n|-damage|p1b: Ninetales|88\/100\n|cant|p2b: Foongus|slp\n|\n|-weather|Snow|[upkeep]\n|-heal|p2a: Ditto|100\/100|[from] item: Leftovers\n|upkeep\n|turn|5\n|\n|t:|1699732117\n|-curestatus|p1a: Sableye|slp|[msg]\n|move|p1a: Sableye|Taunt|p2a: Ditto\n|-start|p2a: Ditto|move: Taunt\n|move|p1b: Ninetales|Blizzard|p2b: Foongus|[spread] p2a,p2b\n|-resisted|p2a: Ditto\n|-supereffective|p2b: Foongus\n|-damage|p2a: Ditto|91\/100\n|-damage|p2b: Foongus|43\/100 slp\n|cant|p2a: Ditto|move: Taunt|Hypnosis\n|cant|p2b: Foongus|slp\n|\n|-weather|none\n|-heal|p2a: Ditto|97\/100|[from] item: Leftovers\n|-fieldend|move: Gravity\n|upkeep\n|turn|6\n|\n|t:|1699732141\n|-curestatus|p2b: Foongus|slp|[msg]\n|move|p2b: Foongus|Protect|p2b: Foongus\n|-singleturn|p2b: Foongus|Protect\n|move|p1a: Sableye|Encore|p2b: Foongus\n|-activate|p2b: Foongus|move: Protect\n|move|p1b: Ninetales|Hypnosis|p2a: Ditto|[miss]\n|-miss|p1b: Ninetales|p2a: Ditto\n|move|p2a: Ditto|Blizzard|p1b: Ninetales|[spread] p1a\n|-miss|p2a: Ditto|p1b: Ninetales\n|-damage|p1a: Sableye|0 fnt\n|faint|p1a: Sableye\n|\n|-heal|p2a: Ditto|100\/100|[from] item: Leftovers\n|upkeep\n|\n|t:|1699732159\n|switch|p1a: Flapple|Flapple, L50, M, shiny|100\/100\n|turn|7\n|\n|t:|1699732178\n|-terastallize|p1a: Flapple|Grass\n|move|p1b: Ninetales|Hypnosis|p2b: Foongus\n|-status|p2b: Foongus|slp|[from] move: Hypnosis\n|move|p2a: Ditto|Blizzard|p1a: Flapple|[spread] p1b\n|-miss|p2a: Ditto|p1a: Flapple\n|-resisted|p1b: Ninetales\n|-damage|p1b: Ninetales|75\/100\n|move|p1a: Flapple|Dual Wingbeat|p2b: Foongus|[miss]\n|-miss|p1a: Flapple|p2b: Foongus\n|cant|p2b: Foongus|slp\n|\n|-end|p2a: Ditto|move: Taunt\n|-sideend|p2: HatesPokemon24|move: Aurora Veil\n|upkeep\n|turn|8\n|\n|t:|1699732202\n|move|p2a: Ditto|Blizzard|p1b: Ninetales|[spread] p1a,p1b\n|-supereffective|p1a: Flapple\n|-resisted|p1b: Ninetales\n|-damage|p1a: Flapple|16\/100\n|-damage|p1b: Ninetales|64\/100\n|move|p1b: Ninetales|Aurora Veil||[still]\n|-fail|p1b: Ninetales\n|move|p1a: Flapple|Grav Apple|p2a: Ditto|[miss]\n|-miss|p1a: Flapple|p2a: Ditto\n|cant|p2b: Foongus|slp\n|\n|upkeep\n|turn|9\n|\n|t:|1699732219\n|switch|p1b: Chandelure|Chandelure, L50, M, shiny|100\/100\n|move|p2a: Ditto|Blizzard|p1b: Chandelure|[spread] p1a,p1b\n|-supereffective|p1a: Flapple\n|-resisted|p1b: Chandelure\n|-damage|p1a: Flapple|0 fnt\n|-damage|p1b: Chandelure|85\/100\n|faint|p1a: Flapple\n|-curestatus|p2b: Foongus|slp|[msg]\n|move|p2b: Foongus|Spore|p1b: Chandelure\n|-status|p1b: Chandelure|slp|[from] move: Spore\n|\n|upkeep\n|-message|bongkey forfeited.\n|\n|win|HatesPokemon24\n|raw|bongkey's rating: 1000 &rarr; <strong>1000<\/strong><br \/>(+0 for losing)\n|raw|HatesPokemon24's rating: 1029 &rarr; <strong>1062<\/strong><br \/>(+33 for winning)\n|l|\u2606bongkey\n","uploadtime":1699732255,"views":25,"p1id":"bongkey","p2id":"hatespokemon24","formatid":"gen9vgc2023regulatione","rating":1000,"private":0,"password":""}