{"id":"gen9vgc2023regulatione-1994028308","p1":"Conchiboar4","p2":"Edward2066","format":"[Gen 9] VGC 2023 Regulation E","log":"|j|\u2606Conchiboar4\n|j|\u2606Edward2066\n|t:|1700396272\n|gametype|doubles\n|player|p1|Conchiboar4|266|1158\n|player|p2|Edward2066|gambler|1121\n|teamsize|p1|6\n|teamsize|p2|6\n|gen|9\n|tier|[Gen 9] VGC 2023 Regulation E\n|rated|\n|rule|Species Clause: Limit one of each Pok\u00e9mon\n|rule|Item Clause: Limit one of each item\n|clearpoke\n|poke|p1|Mamoswine, L50, M|\n|poke|p1|Iron Hands, L50|\n|poke|p1|Grimmsnarl, L50, M|\n|poke|p1|Heatran, L50, F|\n|poke|p1|Sinistcha, L50|\n|poke|p1|Urshifu-*, L50, F|\n|poke|p2|Kingambit, L50, F|\n|poke|p2|Lurantis, L50, F|\n|poke|p2|Ceruledge, L50, F|\n|poke|p2|Enamorus, L50, F|\n|poke|p2|Flutter Mane, L50|\n|poke|p2|Iron Hands, L50|\n|teampreview|4\n|inactive|Battle timer is ON: inactive players will automatically lose when time's up. (requested by Edward2066)\n|\n|t:|1700396299\n|start\n|switch|p1a: Mamoswine|Mamoswine, L50, M|100\/100\n|switch|p1b: Grimmsnarl|Grimmsnarl, L50, M|100\/100\n|switch|p2a: Flutter Mane|Flutter Mane, L50|100\/100\n|switch|p2b: Enamorus|Enamorus, L50, F|100\/100\n|turn|1\n|\n|t:|1700396312\n|move|p1a: Mamoswine|Ice Shard|p2b: Enamorus\n|-supereffective|p2b: Enamorus\n|-damage|p2b: Enamorus|16\/100\n|move|p1b: Grimmsnarl|Light Screen|p1b: Grimmsnarl\n|-sidestart|p1: Conchiboar4|move: Light Screen\n|move|p2a: Flutter Mane|Moonblast|p1b: Grimmsnarl\n|-supereffective|p1b: Grimmsnarl\n|-damage|p1b: Grimmsnarl|0 fnt\n|faint|p1b: Grimmsnarl\n|move|p2b: Enamorus|Superpower|p1a: Mamoswine\n|-supereffective|p1a: Mamoswine\n|-damage|p1a: Mamoswine|17\/100\n|-boost|p2b: Enamorus|atk|1\n|-boost|p2b: Enamorus|def|1\n|\n|upkeep\n|\n|t:|1700396316\n|switch|p1b: Urshifu|Urshifu-Rapid-Strike, L50, F|100\/100\n|turn|2\n|\n|t:|1700396329\n|-terastallize|p1b: Urshifu|Water\n|move|p1a: Mamoswine|Ice Shard|p2b: Enamorus\n|-supereffective|p2b: Enamorus\n|-damage|p2b: Enamorus|0 fnt\n|faint|p2b: Enamorus\n|move|p1b: Urshifu|Surging Strikes|p2a: Flutter Mane\n|-crit|p2a: Flutter Mane\n|-damage|p2a: Flutter Mane|39\/100\n|-crit|p2a: Flutter Mane\n|-damage|p2a: Flutter Mane|0 fnt\n|faint|p2a: Flutter Mane\n|-end|p2a: Flutter Mane|Protosynthesis|[silent]\n|-hitcount|p2: Flutter Mane|2\n|\n|upkeep\n|\n|t:|1700396341\n|switch|p2a: Iron Hands|Iron Hands, L50|100\/100\n|switch|p2b: Lurantis|Lurantis, L50, F|100\/100\n|turn|3\n|\n|t:|1700396348\n|move|p1a: Mamoswine|Protect|p1a: Mamoswine\n|-singleturn|p1a: Mamoswine|Protect\n|move|p1b: Urshifu|Surging Strikes|p2a: Iron Hands\n|-crit|p2a: Iron Hands\n|-damage|p2a: Iron Hands|81\/100\n|-crit|p2a: Iron Hands\n|-damage|p2a: Iron Hands|61\/100\n|-crit|p2a: Iron Hands\n|-damage|p2a: Iron Hands|41\/100\n|-enditem|p2a: Iron Hands|Sitrus Berry|[eat]\n|-heal|p2a: Iron Hands|66\/100|[from] item: Sitrus Berry\n|-hitcount|p2a: Iron Hands|3\n|move|p2a: Iron Hands|Thunder Punch|p1b: Urshifu\n|-supereffective|p1b: Urshifu\n|-damage|p1b: Urshifu|11\/100\n|move|p2b: Lurantis|Superpower|p1a: Mamoswine\n|-activate|p1a: Mamoswine|move: Protect\n|\n|upkeep\n|turn|4\n|\n|t:|1700396369\n|move|p2a: Iron Hands|Detect|p2a: Iron Hands\n|-singleturn|p2a: Iron Hands|Protect\n|move|p1b: Urshifu|Surging Strikes|p2a: Iron Hands\n|-crit|p2a: Iron Hands\n|-damage|p2a: Iron Hands|48\/100\n|-crit|p2a: Iron Hands\n|-damage|p2a: Iron Hands|28\/100\n|-crit|p2a: Iron Hands\n|-damage|p2a: Iron Hands|10\/100\n|-hitcount|p2a: Iron Hands|3\n|move|p1a: Mamoswine|Icicle Crash|p2b: Lurantis\n|-supereffective|p2b: Lurantis\n|-damage|p2b: Lurantis|0 fnt\n|faint|p2b: Lurantis\n|\n|upkeep\n|turn|5\n|-message|Edward2066 forfeited.\n|\n|win|Conchiboar4\n|raw|Conchiboar4's rating: 1158 &rarr; <strong>1180<\/strong><br \/>(+22 for winning)\n|raw|Edward2066's rating: 1121 &rarr; <strong>1099<\/strong><br \/>(-22 for losing)\n|l|\u2606Edward2066\n","uploadtime":1700396392,"views":4,"p1id":"conchiboar4","p2id":"edward2066","formatid":"gen9vgc2023regulatione","rating":1099,"private":0,"password":""}