{"id":"gen9vgc2023regulatione-1999316370","p1":"Aquarsene","p2":"hunter16k","format":"[Gen 9] VGC 2023 Regulation E","log":"|j|\u2606Aquarsene\n|j|\u2606hunter16k\n|n|\u2606Aquarsene|aquarsene\n|n|\u2606hunter16k|hunter16k\n|html|View the match progress at <a href=\"\/game-bestof3-gen9vgc2023regulatione-1999311157\">game-bestof3-gen9vgc2023regulatione-1999311157<\/a>\n|t:|1701059265\n|gametype|doubles\n|player|p1|Aquarsene|2|\n|player|p2|hunter16k|skyla|\n|teamsize|p1|6\n|teamsize|p2|6\n|gen|9\n|tier|[Gen 9] VGC 2023 Regulation E\n|rule|Species Clause: Limit one of each Pok\u00e9mon\n|rule|Item Clause: Limit one of each item\n|clearpoke\n|poke|p1|Murkrow, L50, F|\n|poke|p1|Great Tusk, L50|\n|poke|p1|Slowking, L50, F|\n|poke|p1|Hydreigon, L50, M|\n|poke|p1|Ninetales-Alola, L50, F|\n|poke|p1|Articuno, L50|\n|poke|p2|Cinderace, L50, M|\n|poke|p2|Weavile, L50, M|\n|poke|p2|Milotic, L50, F|\n|poke|p2|Regieleki, L50|\n|poke|p2|Scizor, L50, F|\n|poke|p2|Iron Treads, L50|\n|teampreview|4\n|j| SCRUMPTIOUSBREAD\n|j| Daniel1018\n|c| Daniel1018|crazy game 2 btw\n|\n|t:|1701059309\n|start\n|switch|p1a: Hydreigon|Hydreigon, L50, M|100\/100\n|switch|p1b: Ninetales|Ninetales-Alola, L50, F|100\/100\n|switch|p2a: To|Weavile, L50, M|100\/100\n|switch|p2b: Make|Regieleki, L50|100\/100\n|-ability|p2a: To|Pressure\n|-weather|Snow|[from] ability: Snow Warning|[of] p1b: Ninetales\n|turn|1\n|\n|t:|1701059339\n|-terastallize|p2a: To|Steel\n|-terastallize|p1a: Hydreigon|Steel\n|move|p2b: Make|Volt Switch|p1b: Ninetales\n|-damage|p1b: Ninetales|42\/100\n|\n|t:|1701059357\n|switch|p2b: Forgor|Milotic, L50, F|100\/100|[from] Volt Switch\n|move|p2a: To|Icicle Crash|p1a: Hydreigon\n|-resisted|p1a: Hydreigon\n|-damage|p1a: Hydreigon|67\/100\n|-damage|p2a: To|91\/100|[from] item: Life Orb\n|cant|p1a: Hydreigon|flinch\n|move|p1b: Ninetales|Aurora Veil|p1b: Ninetales\n|-sidestart|p1: Aquarsene|move: Aurora Veil\n|\n|-weather|Snow|[upkeep]\n|upkeep\n|turn|2\n|\n|t:|1701059379\n|switch|p1b: Articuno|Articuno, L50|100\/100\n|move|p2a: To|Protect|p2a: To\n|-singleturn|p2a: To|Protect\n|move|p1a: Hydreigon|Dark Pulse|p2b: Forgor\n|-damage|p2b: Forgor|62\/100\n|-damage|p1a: Hydreigon|57\/100|[from] item: Life Orb\n|move|p2b: Forgor|Light Screen|p2b: Forgor\n|-sidestart|p2: hunter16k|move: Light Screen\n|\n|-weather|Snow|[upkeep]\n|-heal|p2b: Forgor|68\/100|[from] item: Leftovers\n|upkeep\n|turn|3\n|\n|t:|1701059422\n|move|p2a: To|Knock Off|p1a: Hydreigon\n|-damage|p1a: Hydreigon|10\/100\n|-enditem|p1a: Hydreigon|Life Orb|[from] move: Knock Off|[of] p2a: To\n|-damage|p2a: To|81\/100|[from] item: Life Orb\n|move|p1a: Hydreigon|Dark Pulse|p2b: Forgor\n|-crit|p2b: Forgor\n|-damage|p2b: Forgor|23\/100\n|move|p1b: Articuno|Blizzard|p2b: Forgor|[spread] p2a,p2b\n|-resisted|p2a: To\n|-resisted|p2b: Forgor\n|-damage|p2a: To|64\/100\n|-damage|p2b: Forgor|14\/100\n|-status|p2a: To|frz\n|move|p2b: Forgor|Icy Wind|p1a: Hydreigon|[spread] p1a,p1b\n|-resisted|p1a: Hydreigon\n|-damage|p1a: Hydreigon|6\/100\n|-damage|p1b: Articuno|95\/100\n|-unboost|p1a: Hydreigon|spe|1\n|-unboost|p1b: Articuno|spe|1\n|\n|-weather|Snow|[upkeep]\n|-heal|p2b: Forgor|20\/100|[from] item: Leftovers\n|upkeep\n|turn|4\n|\n|t:|1701059454\n|cant|p2a: To|frz\n|move|p1a: Hydreigon|Dark Pulse|p2b: Forgor\n|-damage|p2b: Forgor|1\/100\n|move|p2b: Forgor|Scald|p1a: Hydreigon\n|-damage|p1a: Hydreigon|0 fnt\n|faint|p1a: Hydreigon\n|move|p1b: Articuno|Blizzard|p2b: Forgor|[spread] p2a,p2b\n|-resisted|p2a: To\n|-resisted|p2b: Forgor\n|-damage|p2a: To|47\/100 frz\n|-damage|p2b: Forgor|0 fnt\n|faint|p2b: Forgor\n|\n|-weather|Snow|[upkeep]\n|upkeep\n|\n|t:|1701059469\n|switch|p1a: Great Tusk|Great Tusk, L50|100\/100\n|switch|p2b: Make|Regieleki, L50|100\/100\n|turn|5\n|\n|t:|1701059481\n|cant|p2a: To|frz\n|move|p2b: Make|Volt Switch|p1b: Articuno\n|-supereffective|p1b: Articuno\n|-damage|p1b: Articuno|36\/100\n|\n|t:|1701059485\n|switch|p2b: Nicknames|Scizor, L50, F, shiny|100\/100|[from] Volt Switch\n|move|p1a: Great Tusk|Earthquake|p2b: Nicknames|[spread] p2a,p2b\n|-immune|p1b: Articuno\n|-supereffective|p2a: To\n|-damage|p2a: To|0 fnt\n|-damage|p2b: Nicknames|61\/100\n|faint|p2a: To\n|move|p1b: Articuno|Icy Wind|p2b: Nicknames\n|-resisted|p2b: Nicknames\n|-damage|p2b: Nicknames|54\/100\n|-unboost|p2b: Nicknames|spe|1\n|\n|-weather|none\n|upkeep\n|\n|t:|1701059498\n|switch|p2a: Make|Regieleki, L50|100\/100\n|turn|6\n|\n|t:|1701059522\n|move|p1b: Articuno|Helping Hand|p1a: Great Tusk\n|-singleturn|p1a: Great Tusk|Helping Hand|[of] p1b: Articuno\n|move|p2a: Make|Tera Blast|p1a: Great Tusk\n|-damage|p1a: Great Tusk|74\/100\n|move|p1a: Great Tusk|Earthquake|p2a: Make|[spread] p2a,p2b\n|-immune|p1b: Articuno\n|-supereffective|p2a: Make\n|-damage|p2a: Make|0 fnt\n|-damage|p2b: Nicknames|0 fnt\n|faint|p2a: Make\n|faint|p2b: Nicknames\n|\n|win|Aquarsene\n|c|\u2606Aquarsene|ggs :)\n|c|\u2606hunter16k|ggs :(\n|c| Daniel1018|THOSE WERE INSANE\n","uploadtime":1701059673,"views":5,"p1id":"aquarsene","p2id":"hunter16k","formatid":"gen9vgc2023regulatione","rating":0,"private":0,"password":""}