{"id":"gen9vgc2023regulatione-1995804211","p1":"WickedCheeseTouch","p2":"5wamp","format":"[Gen 9] VGC 2023 Regulation E","log":"|j|\u2606WickedCheeseTouch\n|j|\u26065wamp\n|n|\u2606WickedCheeseTouch|wickedcheesetouch\n|n|\u26065wamp|5wamp\n|html|View the match progress at <a href=\"\/game-bestof3-gen9vgc2023regulatione-1995800152\">game-bestof3-gen9vgc2023regulatione-1995800152<\/a>\n|t:|1700604767\n|gametype|doubles\n|player|p1|WickedCheeseTouch|lucas|\n|player|p2|5wamp|carmine-festival|\n|teamsize|p1|6\n|teamsize|p2|6\n|gen|9\n|tier|[Gen 9] VGC 2023 Regulation E\n|rated|Tournament battle\n|rule|Species Clause: Limit one of each Pok\u00e9mon\n|rule|Item Clause: Limit one of each item\n|clearpoke\n|poke|p1|Roaring Moon, L50|\n|poke|p1|Rillaboom, L50, M|\n|poke|p1|Clefairy, L50, F|\n|poke|p1|Arcanine-Hisui, L50, M|\n|poke|p1|Urshifu-*, L50, M|\n|poke|p1|Gholdengo, L50|\n|poke|p2|Flutter Mane, L50|\n|poke|p2|Tornadus, L50, M|\n|poke|p2|Regieleki, L50|\n|poke|p2|Chi-Yu, L50|\n|poke|p2|Ogerpon-Wellspring, L50, F|\n|poke|p2|Indeedee-F, L50, F|\n|teampreview|4\n|showteam|p1|Roaring Moon||BoosterEnergy|Protosynthesis|BreakingSwipe,Tailwind,KnockOff,Protect||||||50|,,,,,Poison]Rillaboom||AssaultVest|GrassySurge|FakeOut,WoodHammer,GrassyGlide,HighHorsepower|||M|||50|,,,,,Fire]Clefairy||Eviolite|FriendGuard|FollowMe,HealPulse,Encore,Protect|||F|||50|,,,,,Grass]Arcanine-Hisui||ChoiceBand|Intimidate|FlareBlitz,RockSlide,HeadSmash,ExtremeSpeed|||M|||50|,,,,,Fairy]Urshifu-Rapid-Strike||ChoiceScarf|UnseenFist|SurgingStrikes,CloseCombat,AquaJet,Uturn|||M|||50|,,,,,Water]Gholdengo||Leftovers|GoodasGold|MakeItRain,ShadowBall,NastyPlot,Protect||||||50|,,,,,Dragon\n|showteam|p2|Flutter Mane||FocusSash|Protosynthesis|DazzlingGleam,Moonblast,ShadowBall,Protect||||||50|,,,,,Fairy]Tornadus||SafetyGoggles|Prankster|BleakwindStorm,Tailwind,RainDance,Protect|||M|||50|,,,,,Dark]Regieleki||Magnet|Transistor|Thunderbolt,Electroweb,TeraBlast,Protect||||||50|,,,,,Ice]Chi-Yu||LifeOrb|BeadsofRuin|HeatWave,Overheat,Snarl,Protect||||||50|,,,,,Fire]Ogerpon-Wellspring||WellspringMask|WaterAbsorb|IvyCudgel,HornLeech,SwordsDance,SpikyShield|||F|||50|,,,,,Water]Indeedee-F||PsychicSeed|PsychicSurge|Psychic,FollowMe,HelpingHand,Protect|||F|||50|,,,,,Dragon\n|c|\u26065wamp|hf\n|inactive|Battle timer is ON: inactive players will automatically lose when time's up. (requested by 5wamp)\n|j| Lawrence_lmao\n|j| StonerSomeone\n|\n|t:|1700604795\n|start\n|switch|p1a: Arcanine|Arcanine-Hisui, L50, M|100\/100\n|switch|p1b: Roaring Moon|Roaring Moon, L50|100\/100\n|switch|p2a: Tornadus|Tornadus, L50, M|100\/100\n|switch|p2b: Flutter Mane|Flutter Mane, L50|100\/100\n|-ability|p1a: Arcanine|Intimidate|boost\n|-unboost|p2a: Tornadus|atk|1\n|-unboost|p2b: Flutter Mane|atk|1\n|-enditem|p1b: Roaring Moon|Booster Energy\n|-activate|p1b: Roaring Moon|ability: Protosynthesis|[fromitem]\n|-start|p1b: Roaring Moon|protosynthesisspe\n|turn|1\n|inactive|WickedCheeseTouch has 30 seconds left.\n|\n|t:|1700604821\n|-terastallize|p1b: Roaring Moon|Poison\n|move|p2a: Tornadus|Protect|p2a: Tornadus\n|-singleturn|p2a: Tornadus|Protect\n|move|p2b: Flutter Mane|Protect|p2b: Flutter Mane\n|-singleturn|p2b: Flutter Mane|Protect\n|move|p1b: Roaring Moon|Knock Off|p2b: Flutter Mane\n|-activate|p2b: Flutter Mane|move: Protect\n|move|p1a: Arcanine|Rock Slide|p2a: Tornadus|[spread] \n|-activate|p2a: Tornadus|move: Protect\n|-activate|p2b: Flutter Mane|move: Protect\n|\n|upkeep\n|turn|2\n|\n|t:|1700604845\n|-end|p2b: Flutter Mane|Protosynthesis|[silent]\n|switch|p2b: Ogerpon|Ogerpon-Wellspring, L50, F|100\/100\n|move|p2a: Tornadus|Tailwind|p2a: Tornadus\n|-sidestart|p2: 5wamp|move: Tailwind\n|move|p1b: Roaring Moon|Knock Off|p2b: Ogerpon\n|-damage|p2b: Ogerpon|65\/100\n|move|p1a: Arcanine|Rock Slide|p2b: Ogerpon|[spread] p2a,p2b\n|-supereffective|p2a: Tornadus\n|-damage|p2a: Tornadus|28\/100\n|-damage|p2b: Ogerpon|17\/100\n|\n|upkeep\n|turn|3\n|\n|t:|1700604867\n|switch|p1a: Rillaboom|Rillaboom, L50, M|100\/100\n|-fieldstart|move: Grassy Terrain|[from] ability: Grassy Surge|[of] p1a: Rillaboom\n|move|p2b: Ogerpon|Spiky Shield|p2b: Ogerpon\n|-singleturn|p2b: Ogerpon|move: Protect\n|move|p2a: Tornadus|Rain Dance|p2a: Tornadus\n|-weather|RainDance\n|move|p1b: Roaring Moon|Breaking Swipe|p2a: Tornadus|[spread] p2a\n|-activate|p2b: Ogerpon|move: Protect\n|-damage|p1b: Roaring Moon|88\/100|[from] Spiky Shield|[of] p2b: Ogerpon\n|-damage|p2a: Tornadus|11\/100\n|-unboost|p2a: Tornadus|atk|1\n|\n|-weather|RainDance|[upkeep]\n|-heal|p2b: Ogerpon|23\/100|[from] Grassy Terrain\n|-heal|p1b: Roaring Moon|94\/100|[from] Grassy Terrain\n|upkeep\n|turn|4\n|\n|t:|1700604886\n|-terastallize|p2b: Ogerpon|Water\n|detailschange|p2b: Ogerpon|Ogerpon-Wellspring-Tera, L50, F, tera:Water\n|-ability|p2b: Ogerpon|Embody Aspect (Wellspring)|boost\n|-boost|p2b: Ogerpon|spd|1\n|move|p1a: Rillaboom|Fake Out|p2b: Ogerpon\n|-damage|p2b: Ogerpon|7\/100\n|cant|p2b: Ogerpon|flinch\n|move|p2a: Tornadus|Bleakwind Storm|p1a: Rillaboom|[spread] p1a,p1b\n|-supereffective|p1a: Rillaboom\n|-crit|p1a: Rillaboom\n|-damage|p1a: Rillaboom|38\/100\n|-damage|p1b: Roaring Moon|66\/100\n|-unboost|p1b: Roaring Moon|spe|1\n|move|p1b: Roaring Moon|Tailwind|p1b: Roaring Moon\n|-sidestart|p1: WickedCheeseTouch|move: Tailwind\n|\n|-weather|RainDance|[upkeep]\n|-heal|p1b: Roaring Moon|72\/100|[from] Grassy Terrain\n|-heal|p2b: Ogerpon|13\/100|[from] Grassy Terrain\n|-heal|p1a: Rillaboom|44\/100|[from] Grassy Terrain\n|upkeep\n|turn|5\n|\n|t:|1700604909\n|switch|p1a: Urshifu|Urshifu-Rapid-Strike, L50, M|100\/100\n|move|p1b: Roaring Moon|Breaking Swipe|p2a: Tornadus|[spread] p2a,p2b\n|-crit|p2b: Ogerpon\n|-damage|p2a: Tornadus|0 fnt\n|-damage|p2b: Ogerpon|0 fnt\n|faint|p2a: Tornadus\n|faint|p2b: Ogerpon\n|\n|-weather|RainDance|[upkeep]\n|-heal|p1b: Roaring Moon|78\/100|[from] Grassy Terrain\n|-sideend|p2: 5wamp|move: Tailwind\n|upkeep\n|-message|5wamp forfeited.\n|\n|win|WickedCheeseTouch\n|l|\u26065wamp\n|l| StonerSomeone\n|l| Lawrence_lmao\n","uploadtime":1700604926,"views":2,"p1id":"wickedcheesetouch","p2id":"5wamp","formatid":"gen9vgc2023regulatione","rating":0,"private":0,"password":""}