{"id":"gen9vgc2023regulatione-1992271199","p1":"Boloinabox","p2":"Mortivere","format":"[Gen 9] VGC 2023 Regulation E","log":"|j|\u2606Boloinabox\n|j|\u2606Mortivere\n|t:|1700169602\n|gametype|doubles\n|player|p1|Boloinabox|flint|1403\n|player|p2|Mortivere|elesa|1390\n|teamsize|p1|6\n|teamsize|p2|6\n|gen|9\n|tier|[Gen 9] VGC 2023 Regulation E\n|rated|\n|rule|Species Clause: Limit one of each Pok\u00e9mon\n|rule|Item Clause: Limit one of each item\n|clearpoke\n|poke|p1|Vaporeon, L50, F|\n|poke|p1|Pelipper, L50, F|\n|poke|p1|Salamence, L50, F|\n|poke|p1|Iron Hands, L50|\n|poke|p1|Amoonguss, L50, M|\n|poke|p1|Dusclops, L50, M|\n|poke|p2|Iron Jugulis, L50|\n|poke|p2|Weezing, L50, F|\n|poke|p2|Arcanine-Hisui, L50, F|\n|poke|p2|Iron Hands, L50|\n|poke|p2|Flutter Mane, L50|\n|poke|p2|Ogerpon-Wellspring, L50, F|\n|teampreview|4\n|inactive|Battle timer is ON: inactive players will automatically lose when time's up. (requested by Boloinabox)\n|inactive|Boloinabox has 60 seconds left.\n|inactive|Mortivere has 60 seconds left.\n|inactive|Mortivere has 30 seconds left.\n|inactive|Mortivere has 20 seconds left.\n|inactive|Mortivere has 15 seconds left.\n|inactive|Mortivere has 10 seconds left.\n|\n|t:|1700169687\n|start\n|switch|p1a: Salamence|Salamence, L50, F|100\/100\n|switch|p1b: Dusclops|Dusclops, L50, M|100\/100\n|switch|p2a: Weezing|Weezing, L50, F|100\/100\n|switch|p2b: Iron Hands|Iron Hands, L50|100\/100\n|-ability|p2a: Weezing|Neutralizing Gas\n|turn|1\n|inactive|Boloinabox has 30 seconds left.\n|\n|t:|1700169714\n|move|p2b: Iron Hands|Fake Out|p1a: Salamence\n|-damage|p1a: Salamence|82\/100\n|cant|p1a: Salamence|flinch\n|move|p2a: Weezing|Taunt|p1b: Dusclops\n|-start|p1b: Dusclops|move: Taunt\n|cant|p1b: Dusclops|move: Taunt|Taunt\n|\n|upkeep\n|turn|2\n|inactive|Mortivere has 30 seconds left.\n|inactive|Mortivere has 20 seconds left.\n|inactive|Mortivere has 15 seconds left.\n|\n|t:|1700169758\n|switch|p1b: Vaporeon|Vaporeon, L50, F|100\/100\n|move|p1a: Salamence|Tailwind|p1a: Salamence\n|-sidestart|p1: Boloinabox|move: Tailwind\n|move|p2a: Weezing|Will-O-Wisp|p1b: Vaporeon|[miss]\n|-miss|p2a: Weezing|p1b: Vaporeon\n|move|p2b: Iron Hands|Wild Charge|p1a: Salamence\n|-damage|p1a: Salamence|14\/100\n|-damage|p2b: Iron Hands|88\/100|[from] Recoil\n|\n|upkeep\n|turn|3\n|inactive|Boloinabox has 30 seconds left.\n|inactive|Mortivere has 30 seconds left.\n|inactive|Boloinabox has 20 seconds left.\n|\n|t:|1700169794\n|switch|p1a: Dusclops|Dusclops, L50, M|100\/100\n|move|p1b: Vaporeon|Detect|p1b: Vaporeon\n|-singleturn|p1b: Vaporeon|Protect\n|move|p2a: Weezing|Taunt|p1b: Vaporeon\n|-activate|p1b: Vaporeon|move: Protect\n|move|p2b: Iron Hands|Wild Charge|p1a: Dusclops\n|-damage|p1a: Dusclops|76\/100\n|-damage|p2b: Iron Hands|85\/100|[from] Recoil\n|\n|upkeep\n|turn|4\n|inactive|Boloinabox has 30 seconds left.\n|inactive|Boloinabox has 20 seconds left.\n|inactive|Boloinabox has 15 seconds left.\n|\n|t:|1700169834\n|-terastallize|p1b: Vaporeon|Fire\n|move|p1b: Vaporeon|Calm Mind|p1b: Vaporeon\n|-boost|p1b: Vaporeon|spa|1\n|-boost|p1b: Vaporeon|spd|1\n|move|p2a: Weezing|Taunt|p1a: Dusclops\n|-start|p1a: Dusclops|move: Taunt\n|cant|p1a: Dusclops|move: Taunt|Taunt\n|move|p2b: Iron Hands|Wild Charge|p1b: Vaporeon\n|-damage|p1b: Vaporeon|43\/100\n|-damage|p2b: Iron Hands|72\/100|[from] Recoil\n|\n|-heal|p1b: Vaporeon|48\/100|[from] item: Leftovers\n|upkeep\n|turn|5\n|inactive|Boloinabox has 30 seconds left.\n|inactive|Mortivere has 30 seconds left.\n|\n|t:|1700169869\n|move|p1b: Vaporeon|Muddy Water|p2a: Weezing|[spread] p2a,p2b\n|-damage|p2a: Weezing|46\/100\n|-damage|p2b: Iron Hands|47\/100\n|-enditem|p2a: Weezing|Sitrus Berry|[eat]\n|-heal|p2a: Weezing|71\/100|[from] item: Sitrus Berry\n|move|p1a: Dusclops|Night Shade|p2b: Iron Hands\n|-damage|p2b: Iron Hands|27\/100\n|move|p2a: Weezing|Taunt|p1b: Vaporeon\n|-start|p1b: Vaporeon|move: Taunt\n|move|p2b: Iron Hands|Wild Charge|p1b: Vaporeon\n|-damage|p1b: Vaporeon|0 fnt\n|faint|p1b: Vaporeon\n|-damage|p2b: Iron Hands|16\/100|[from] Recoil\n|\n|-sideend|p1: Boloinabox|move: Tailwind\n|upkeep\n|\n|t:|1700169887\n|switch|p1b: Salamence|Salamence, L50, F|14\/100\n|turn|6\n|\n|t:|1700169905\n|move|p1b: Salamence|Draco Meteor|p2a: Weezing\n|-damage|p2a: Weezing|5\/100\n|-unboost|p1b: Salamence|spa|2\n|move|p2a: Weezing|Sludge Bomb|p1b: Salamence\n|-damage|p1b: Salamence|0 fnt\n|faint|p1b: Salamence\n|move|p2b: Iron Hands|Wild Charge|p1a: Dusclops\n|-damage|p1a: Dusclops|52\/100\n|-damage|p2b: Iron Hands|13\/100|[from] Recoil\n|move|p1a: Dusclops|Night Shade|p2b: Iron Hands\n|-damage|p2b: Iron Hands|0 fnt\n|faint|p2b: Iron Hands\n|-end|p2b: Iron Hands|Quark Drive|[silent]\n|\n|-end|p1a: Dusclops|move: Taunt\n|upkeep\n|inactive|Mortivere has 30 seconds left.\n|\n|t:|1700169932\n|switch|p1b: Pelipper|Pelipper, L50, F|100\/100\n|switch|p2b: Iron Jugulis|Iron Jugulis, L50|100\/100\n|-enditem|p2b: Iron Jugulis|Booster Energy\n|-activate|p2b: Iron Jugulis|ability: Quark Drive|[fromitem]\n|-start|p2b: Iron Jugulis|quarkdrivespe\n|turn|7\n|\n|t:|1700169955\n|move|p2b: Iron Jugulis|Tailwind|p2b: Iron Jugulis\n|-sidestart|p2: Mortivere|move: Tailwind\n|move|p2a: Weezing|Taunt|p1a: Dusclops\n|-start|p1a: Dusclops|move: Taunt\n|move|p1b: Pelipper|Hurricane|p2b: Iron Jugulis\n|-damage|p2b: Iron Jugulis|44\/100\n|move|p1a: Dusclops|Night Shade|p2a: Weezing\n|-damage|p2a: Weezing|0 fnt\n|faint|p2a: Weezing\n|-end|p2a: Weezing|ability: Neutralizing Gas\n|-weather|RainDance|[from] ability: Drizzle|[of] p1b: Pelipper\n|-ability|p1a: Dusclops|Pressure\n|\n|-weather|RainDance|[upkeep]\n|upkeep\n|\n|t:|1700169964\n|switch|p2a: Flutter Mane|Flutter Mane, L50|100\/100\n|turn|8\n|\n|t:|1700169987\n|-terastallize|p2a: Flutter Mane|Fairy\n|move|p2b: Iron Jugulis|Snarl|p1a: Dusclops|[spread] p1a,p1b\n|-supereffective|p1a: Dusclops\n|-damage|p1a: Dusclops|34\/100\n|-damage|p1b: Pelipper|77\/100\n|-unboost|p1a: Dusclops|spa|1\n|-unboost|p1b: Pelipper|spa|1\n|move|p2a: Flutter Mane|Dazzling Gleam|p1a: Dusclops|[spread] p1a,p1b\n|-damage|p1a: Dusclops|3\/100\n|-damage|p1b: Pelipper|0 fnt\n|faint|p1b: Pelipper\n|move|p1a: Dusclops|Night Shade|p2a: Flutter Mane\n|-damage|p2a: Flutter Mane|66\/100\n|\n|-weather|RainDance|[upkeep]\n|upkeep\n|turn|9\n|inactive|Boloinabox has 30 seconds left.\n|-message|Boloinabox forfeited.\n|\n|win|Mortivere\n|raw|Boloinabox's rating: 1403 &rarr; <strong>1382<\/strong><br \/>(-21 for losing)\n|raw|Mortivere's rating: 1390 &rarr; <strong>1411<\/strong><br \/>(+21 for winning)\n|l|\u2606Boloinabox\n","uploadtime":1700170020,"views":16,"p1id":"boloinabox","p2id":"mortivere","formatid":"gen9vgc2023regulatione","rating":1382,"private":0,"password":""}