{"id":"gen9vgc2023regulatione-1988005415","p1":"Spler","p2":"QrdeJegoMac","format":"[Gen 9] VGC 2023 Regulation E","log":"|j|\u2606Spler\n|j|\u2606QrdeJegoMac\n|t:|1699658246\n|gametype|doubles\n|player|p1|Spler|2|1510\n|player|p2|QrdeJegoMac|102|1601\n|teamsize|p1|6\n|teamsize|p2|6\n|gen|9\n|tier|[Gen 9] VGC 2023 Regulation E\n|rated|\n|rule|Species Clause: Limit one of each Pok\u00e9mon\n|rule|Item Clause: Limit one of each item\n|clearpoke\n|poke|p1|Armarouge, L50, F|\n|poke|p1|Ursaluna, L50, M|\n|poke|p1|Ogerpon-Cornerstone, L50, F|\n|poke|p1|Indeedee-F, L50, F|\n|poke|p1|Enamorus-Therian, L50, F|\n|poke|p1|Oranguru, L50, M|\n|poke|p2|Chien-Pao, L50|\n|poke|p2|Arcanine-Hisui, L50, M|\n|poke|p2|Urshifu-*, L50, F|\n|poke|p2|Tornadus, L50, M|\n|poke|p2|Rillaboom, L50, F|\n|poke|p2|Flutter Mane, L50|\n|teampreview|4\n|inactive|Battle timer is ON: inactive players will automatically lose when time's up. (requested by QrdeJegoMac)\nQrdeJegoMac has agreed to open team sheets.\nSpler rejected open team sheets.\n|inactive|QrdeJegoMac has 60 seconds left.\n|\n|t:|1699658278\n|start\n|switch|p1a: Armarouge|Armarouge, L50, F|100\/100\n|switch|p1b: Indeedee|Indeedee-F, L50, F|100\/100\n|switch|p2a: Arcanine|Arcanine-Hisui, L50, M|100\/100\n|switch|p2b: Rillaboom|Rillaboom, L50, F|100\/100\n|-ability|p2a: Arcanine|Intimidate|boost\n|-unboost|p1a: Armarouge|atk|1\n|-unboost|p1b: Indeedee|atk|1\n|-fieldstart|move: Grassy Terrain|[from] ability: Grassy Surge|[of] p2b: Rillaboom\n|-fieldstart|move: Psychic Terrain|[from] ability: Psychic Surge|[of] p1b: Indeedee\n|turn|1\n|\n|t:|1699658297\n|switch|p2b: Chien-Pao|Chien-Pao, L50|100\/100\n|-ability|p2b: Chien-Pao|Sword of Ruin\n|move|p1a: Armarouge|Wide Guard|p1a: Armarouge\n|-singleturn|p1a: Armarouge|Wide Guard\n|move|p2a: Arcanine|Rock Slide|p1b: Indeedee|[spread] \n|-activate|p1a: Armarouge|move: Wide Guard\n|-activate|p1b: Indeedee|move: Wide Guard\n|move|p1b: Indeedee|Trick Room|p1b: Indeedee\n|-fieldstart|move: Trick Room|[of] p1b: Indeedee\n|\n|upkeep\n|turn|2\n|\n|t:|1699658320\n|switch|p2b: Rillaboom|Rillaboom, L50, F|100\/100\n|-fieldstart|move: Grassy Terrain|[from] ability: Grassy Surge|[of] p2b: Rillaboom\n|move|p1a: Armarouge|Expanding Force|p2a: Arcanine\n|-damage|p2a: Arcanine|33\/100\n|move|p1b: Indeedee|Dazzling Gleam|p2b: Rillaboom|[spread] p2a,p2b\n|-resisted|p2a: Arcanine\n|-damage|p2a: Arcanine|26\/100\n|-damage|p2b: Rillaboom|91\/100\n|move|p2a: Arcanine|Rock Slide|p1a: Armarouge|[spread] p1a,p1b\n|-supereffective|p1a: Armarouge\n|-damage|p1a: Armarouge|13\/100\n|-damage|p1b: Indeedee|62\/100\n|\n|-heal|p1a: Armarouge|19\/100|[from] Grassy Terrain\n|-heal|p1b: Indeedee|68\/100|[from] Grassy Terrain\n|-heal|p2b: Rillaboom|97\/100|[from] Grassy Terrain\n|-heal|p2a: Arcanine|32\/100|[from] Grassy Terrain\n|upkeep\n|turn|3\n|inactive|Spler has 30 seconds left.\n|\n|t:|1699658346\n|move|p2b: Rillaboom|Fake Out|p1a: Armarouge\n|-damage|p1a: Armarouge|5\/100\n|move|p1b: Indeedee|Follow Me|p1b: Indeedee\n|-singleturn|p1b: Indeedee|move: Follow Me\n|cant|p1a: Armarouge|flinch\n|move|p2a: Arcanine|Rock Slide|p1b: Indeedee|[spread] p1a,p1b\n|-supereffective|p1a: Armarouge\n|-damage|p1a: Armarouge|0 fnt\n|-damage|p1b: Indeedee|24\/100\n|faint|p1a: Armarouge\n|\n|-heal|p1b: Indeedee|30\/100|[from] Grassy Terrain\n|-heal|p2b: Rillaboom|100\/100|[from] Grassy Terrain\n|-heal|p2a: Arcanine|38\/100|[from] Grassy Terrain\n|upkeep\n|\n|t:|1699658364\n|switch|p1a: Enamorus|Enamorus-Therian, L50, F|100\/100\n|turn|4\n|\n|t:|1699658381\n|switch|p2a: Chien-Pao|Chien-Pao, L50|100\/100\n|-ability|p2a: Chien-Pao|Sword of Ruin\n|-terastallize|p1a: Enamorus|Fairy\n|move|p1b: Indeedee|Helping Hand|p1a: Enamorus\n|-singleturn|p1a: Enamorus|Helping Hand|[of] p1b: Indeedee\n|move|p2b: Rillaboom|Grassy Glide|p1b: Indeedee\n|-damage|p1b: Indeedee|0 fnt\n|-damage|p2b: Rillaboom|84\/100|[from] item: Rocky Helmet|[of] p1b: Indeedee\n|faint|p1b: Indeedee\n|move|p1a: Enamorus|Dazzling Gleam|p2a: Chien-Pao|[spread] p2a,p2b\n|-supereffective|p2a: Chien-Pao\n|-damage|p2a: Chien-Pao|0 fnt\n|-damage|p2b: Rillaboom|13\/100\n|faint|p2a: Chien-Pao\n|\n|-heal|p2b: Rillaboom|19\/100|[from] Grassy Terrain\n|upkeep\n|\n|t:|1699658401\n|switch|p1b: Ogerpon|Ogerpon-Cornerstone, L50, F|100\/100\n|switch|p2a: Arcanine|Arcanine-Hisui, L50, M|38\/100\n|-ability|p2a: Arcanine|Intimidate|boost\n|-unboost|p1a: Enamorus|atk|1\n|-unboost|p1b: Ogerpon|atk|1\n|turn|5\n|\n|t:|1699658416\n|move|p2a: Arcanine|Extreme Speed|p1a: Enamorus\n|-crit|p1a: Enamorus\n|-damage|p1a: Enamorus|45\/100\n|move|p1b: Ogerpon|Follow Me|p1b: Ogerpon\n|-singleturn|p1b: Ogerpon|move: Follow Me\n|move|p2b: Rillaboom|Grassy Glide|p1b: Ogerpon\n|-damage|p1b: Ogerpon|54\/100\n|move|p1a: Enamorus|Dazzling Gleam|p2a: Arcanine|[spread] p2a,p2b\n|-resisted|p2a: Arcanine\n|-damage|p2a: Arcanine|0 fnt\n|-damage|p2b: Rillaboom|0 fnt\n|faint|p2a: Arcanine\n|faint|p2b: Rillaboom\n|\n|-heal|p1a: Enamorus|51\/100|[from] Grassy Terrain\n|-heal|p1b: Ogerpon|60\/100|[from] Grassy Terrain\n|-fieldend|move: Trick Room\n|upkeep\n|\n|t:|1699658421\n|switch|p2b: Urshifu|Urshifu-Rapid-Strike, L50, F|100\/100\n|turn|6\n|inactive|Spler has 30 seconds left.\n|inactive|Spler has 20 seconds left.\n|\n|t:|1699658456\n|-terastallize|p2b: Urshifu|Water\n|move|p1b: Ogerpon|Follow Me|p1b: Ogerpon\n|-singleturn|p1b: Ogerpon|move: Follow Me\n|move|p2b: Urshifu|Surging Strikes|p1b: Ogerpon\n|-crit|p1b: Ogerpon\n|-damage|p1b: Ogerpon|13\/100\n|-crit|p1b: Ogerpon\n|-damage|p1b: Ogerpon|0 fnt\n|faint|p1b: Ogerpon\n|-hitcount|p1: Ogerpon|2\n|move|p1a: Enamorus|Dazzling Gleam|p2b: Urshifu\n|-damage|p2b: Urshifu|0 fnt\n|faint|p2b: Urshifu\n|\n|win|Spler\n|raw|Spler's rating: 1510 &rarr; <strong>1535<\/strong><br \/>(+25 for winning)\n|raw|QrdeJegoMac's rating: 1601 &rarr; <strong>1576<\/strong><br \/>(-25 for losing)\n|l|\u2606QrdeJegoMac\n","uploadtime":1699658474,"views":17,"p1id":"spler","p2id":"qrdejegomac","formatid":"gen9vgc2023regulatione","rating":1535,"private":0,"password":""}