{"id":"gen9vgc2023regulatione-1990757939","p1":"Fleone","p2":"bobforte22","format":"[Gen 9] VGC 2023 Regulation E","log":"|j|\u2606Fleone\n|j|\u2606bobforte22\n|t:|1699998033\n|gametype|doubles\n|player|p1|Fleone|hiker-gen4|1311\n|player|p2|bobforte22|pilot|1239\n|teamsize|p1|6\n|teamsize|p2|6\n|gen|9\n|tier|[Gen 9] VGC 2023 Regulation E\n|rated|\n|rule|Species Clause: Limit one of each Pok\u00e9mon\n|rule|Item Clause: Limit one of each item\n|clearpoke\n|poke|p1|Roaring Moon, L50|\n|poke|p1|Urshifu-*, L50, F|\n|poke|p1|Glimmora, L50, F|\n|poke|p1|Ogerpon-Hearthflame, L50, F|\n|poke|p1|Dondozo, L50, F|\n|poke|p1|Tatsugiri, L50, F|\n|poke|p2|Chi-Yu, L50|\n|poke|p2|Jolteon, L50, F|\n|poke|p2|Iron Hands, L50|\n|poke|p2|Iron Bundle, L50|\n|poke|p2|Arcanine, L50, M|\n|poke|p2|Garchomp, L50, F|\n|teampreview|4\n|inactive|Battle timer is ON: inactive players will automatically lose when time's up. (requested by Fleone)\n|\n|t:|1699998048\n|start\n|switch|p1a: Glimmora|Glimmora, L50, F|100\/100\n|switch|p1b: Urshifu|Urshifu-Rapid-Strike, L50, F|100\/100\n|switch|p2a: Chi-Yu|Chi-Yu, L50|100\/100\n|switch|p2b: Jolteon|Jolteon, L50, F|100\/100\n|-ability|p2a: Chi-Yu|Beads of Ruin\n|turn|1\n|\n|t:|1699998070\n|-terastallize|p2b: Jolteon|Grass\n|move|p1b: Urshifu|Aqua Jet|p2a: Chi-Yu\n|-supereffective|p2a: Chi-Yu\n|-damage|p2a: Chi-Yu|35\/100\n|move|p2b: Jolteon|Thunderbolt|p1b: Urshifu\n|-supereffective|p1b: Urshifu\n|-damage|p1b: Urshifu|0 fnt\n|faint|p1b: Urshifu\n|-damage|p2b: Jolteon|91\/100|[from] item: Life Orb\n|move|p2a: Chi-Yu|Heat Wave|p1a: Glimmora\n|-resisted|p1a: Glimmora\n|-crit|p1a: Glimmora\n|-damage|p1a: Glimmora|30\/100\n|-enditem|p1a: Glimmora|Sitrus Berry|[eat]\n|-heal|p1a: Glimmora|55\/100|[from] item: Sitrus Berry\n|move|p1a: Glimmora|Toxic Spikes|p2a: Chi-Yu\n|-sidestart|p2: bobforte22|move: Toxic Spikes\n|\n|upkeep\n|\n|t:|1699998083\n|switch|p1b: Tatsugiri|Tatsugiri, L50, F|100\/100\n|turn|2\n|\n|t:|1699998093\n|move|p1a: Glimmora|Spiky Shield|p1a: Glimmora\n|-singleturn|p1a: Glimmora|move: Protect\n|move|p2b: Jolteon|Fake Tears|p1a: Glimmora\n|-activate|p1a: Glimmora|move: Protect\n|move|p2a: Chi-Yu|Heat Wave|p1a: Glimmora|[spread] p1b\n|-activate|p1a: Glimmora|move: Protect\n|-resisted|p1b: Tatsugiri\n|-damage|p1b: Tatsugiri|78\/100\n|move|p1b: Tatsugiri|Muddy Water|p2b: Jolteon|[spread] p2a,p2b\n|-supereffective|p2a: Chi-Yu\n|-resisted|p2b: Jolteon\n|-damage|p2a: Chi-Yu|0 fnt\n|-damage|p2b: Jolteon|68\/100\n|faint|p2a: Chi-Yu\n|\n|upkeep\n|\n|t:|1699998098\n|switch|p2a: Iron Bundle|Iron Bundle, L50|100\/100\n|-status|p2a: Iron Bundle|psn\n|turn|3\n|\n|t:|1699998119\n|switch|p1a: Dondozo|Dondozo, L50, F|100\/100\n|-activate|p1b: Tatsugiri|ability: Commander|[of] p1a: Dondozo\n|-boost|p1a: Dondozo|atk|2\n|-boost|p1a: Dondozo|spa|2\n|-boost|p1a: Dondozo|spe|2\n|-boost|p1a: Dondozo|def|2\n|-boost|p1a: Dondozo|spd|2\n|move|p2a: Iron Bundle|Freeze-Dry|p1a: Dondozo\n|-supereffective|p1a: Dondozo\n|-damage|p1a: Dondozo|72\/100\n|move|p2b: Jolteon|Fake Tears|p1a: Dondozo\n|-unboost|p1a: Dondozo|spd|2\n|\n|-heal|p1a: Dondozo|79\/100|[from] item: Leftovers\n|-damage|p2a: Iron Bundle|88\/100 psn|[from] psn\n|upkeep\n|turn|4\n|\n|t:|1699998138\n|-terastallize|p1a: Dondozo|Fairy\n|move|p2a: Iron Bundle|Freeze-Dry|p1a: Dondozo\n|-damage|p1a: Dondozo|51\/100\n|move|p2b: Jolteon|Thunderbolt|p1a: Dondozo\n|-damage|p1a: Dondozo|10\/100\n|-damage|p2b: Jolteon|58\/100|[from] item: Life Orb\n|move|p1a: Dondozo|Body Press|p2b: Jolteon\n|-damage|p2b: Jolteon|0 fnt\n|faint|p2b: Jolteon\n|\n|-heal|p1a: Dondozo|17\/100|[from] item: Leftovers\n|-damage|p2a: Iron Bundle|76\/100 psn|[from] psn\n|upkeep\n|\n|t:|1699998148\n|switch|p2b: Garchomp|Garchomp, L50, F|100\/100\n|-status|p2b: Garchomp|psn\n|turn|5\n|\n|t:|1699998161\n|move|p1a: Dondozo|Protect|p1a: Dondozo\n|-singleturn|p1a: Dondozo|Protect\n|move|p2a: Iron Bundle|Freeze-Dry|p1a: Dondozo\n|-activate|p1a: Dondozo|move: Protect\n|move|p2b: Garchomp|Swords Dance|p2b: Garchomp\n|-boost|p2b: Garchomp|atk|2\n|\n|-heal|p1a: Dondozo|23\/100|[from] item: Leftovers\n|-damage|p2a: Iron Bundle|64\/100 psn|[from] psn\n|-damage|p2b: Garchomp|88\/100 psn|[from] psn\n|upkeep\n|turn|6\n|\n|t:|1699998173\n|move|p2a: Iron Bundle|Freeze-Dry|p1a: Dondozo\n|-damage|p1a: Dondozo|0 fnt\n|faint|p1a: Dondozo\n|move|p2b: Garchomp|Stomping Tantrum|p1b: Tatsugiri\n|-damage|p1b: Tatsugiri|0 fnt\n|faint|p1b: Tatsugiri\n|\n|-damage|p2a: Iron Bundle|52\/100 psn|[from] psn\n|-damage|p2b: Garchomp|76\/100 psn|[from] psn\n|upkeep\n|\n|t:|1699998181\n|switch|p1b: Glimmora|Glimmora, L50, F|55\/100\n|turn|7\n|-message|Fleone forfeited.\n|\n|win|bobforte22\n|raw|Fleone's rating: 1311 &rarr; <strong>1287<\/strong><br \/>(-24 for losing)\n|raw|bobforte22's rating: 1239 &rarr; <strong>1269<\/strong><br \/>(+30 for winning)\n|l|\u2606Fleone\n","uploadtime":1699998189,"views":8,"p1id":"fleone","p2id":"bobforte22","formatid":"gen9vgc2023regulatione","rating":1269,"private":0,"password":""}