{"id":"gen9vgc2023regulatione-1997363646","p1":"imnotokaytrustme","p2":"GordinhoVrau","format":"[Gen 9] VGC 2023 Regulation E","log":"|j|\u2606imnotokaytrustme\n|j|\u2606GordinhoVrau\n|t:|1700794465\n|gametype|doubles\n|player|p1|imnotokaytrustme|101|1138\n|player|p2|GordinhoVrau|265|1075\n|teamsize|p1|6\n|teamsize|p2|6\n|gen|9\n|tier|[Gen 9] VGC 2023 Regulation E\n|rated|\n|rule|Species Clause: Limit one of each Pok\u00e9mon\n|rule|Item Clause: Limit one of each item\n|clearpoke\n|poke|p1|Heatran, L50, M|\n|poke|p1|Rillaboom, L50, M|\n|poke|p1|Roaring Moon, L50|\n|poke|p1|Annihilape, L50, M|\n|poke|p1|Urshifu-*, L50, M|\n|poke|p1|Tornadus, L50, M|\n|poke|p2|Rillaboom, L50, M|\n|poke|p2|Kommo-o, L50, F|\n|poke|p2|Arcanine-Hisui, L50, M|\n|poke|p2|Tyranitar, L50, M|\n|poke|p2|Iron Bundle, L50|\n|poke|p2|Flutter Mane, L50|\n|teampreview|4\n|inactive|Battle timer is ON: inactive players will automatically lose when time's up. (requested by GordinhoVrau)\n|inactive|imnotokaytrustme has 60 seconds left.\n|inactive|imnotokaytrustme has 30 seconds left.\n|inactive|imnotokaytrustme has 20 seconds left.\n|inactive|imnotokaytrustme has 15 seconds left.\n|inactive|imnotokaytrustme has 10 seconds left.\n|inactive|imnotokaytrustme has 5 seconds left.\n|\n|t:|1700794639\n|start\n|switch|p1a: Heatran|Heatran, L50, M|100\/100\n|switch|p1b: Rillaboom|Rillaboom, L50, M|100\/100\n|switch|p2a: Flutter Mane|Flutter Mane, L50|100\/100\n|switch|p2b: Rillaboom|Rillaboom, L50, M|100\/100\n|-fieldstart|move: Grassy Terrain|[from] ability: Grassy Surge|[of] p1b: Rillaboom\n|turn|1\n|\n|t:|1700794663\n|-end|p2a: Flutter Mane|Protosynthesis|[silent]\n|switch|p2a: Arcanine|Arcanine-Hisui, L50, M|100\/100\n|-ability|p2a: Arcanine|Intimidate|boost\n|-unboost|p1a: Heatran|atk|1\n|-unboost|p1b: Rillaboom|atk|1\n|move|p2b: Rillaboom|Fake Out|p1a: Heatran\n|-resisted|p1a: Heatran\n|-damage|p1a: Heatran|94\/100\n|move|p1b: Rillaboom|Grassy Glide|p2a: Arcanine\n|-damage|p2a: Arcanine|68\/100\n|cant|p1a: Heatran|flinch\n|\n|-heal|p2a: Arcanine|74\/100|[from] Grassy Terrain\n|-heal|p1a: Heatran|99\/100|[from] Grassy Terrain\n|-heal|p1a: Heatran|100\/100|[from] item: Leftovers\n|upkeep\n|turn|2\n|inactive|GordinhoVrau has 30 seconds left.\n|inactive|GordinhoVrau has 20 seconds left.\n|\n|t:|1700794698\n|switch|p2b: Kommo-o|Kommo-o, L50, F|100\/100\n|-terastallize|p2a: Arcanine|Water\n|move|p1b: Rillaboom|Protect|p1b: Rillaboom\n|-singleturn|p1b: Rillaboom|Protect\n|move|p2a: Arcanine|Will-O-Wisp|p1b: Rillaboom\n|-activate|p1b: Rillaboom|move: Protect\n|move|p1a: Heatran|Will-O-Wisp|p2b: Kommo-o\n|-status|p2b: Kommo-o|brn\n|\n|-heal|p2a: Arcanine|80\/100|[from] Grassy Terrain\n|-damage|p2b: Kommo-o|94\/100 brn|[from] brn\n|upkeep\n|turn|3\n|inactive|imnotokaytrustme has 30 seconds left.\n|\n|t:|1700794731\n|move|p1b: Rillaboom|Grassy Glide|p2a: Arcanine\n|-supereffective|p2a: Arcanine\n|-damage|p2a: Arcanine|17\/100\n|-enditem|p2a: Arcanine|Sitrus Berry|[eat]\n|-heal|p2a: Arcanine|42\/100|[from] item: Sitrus Berry\n|move|p2a: Arcanine|Will-O-Wisp|p1b: Rillaboom|[miss]\n|-miss|p2a: Arcanine|p1b: Rillaboom\n|move|p1a: Heatran|Magma Storm|p2a: Arcanine|[miss]\n|-miss|p1a: Heatran|p2a: Arcanine\n|move|p2b: Kommo-o|Iron Defense|p2b: Kommo-o\n|-boost|p2b: Kommo-o|def|2\n|\n|-heal|p2a: Arcanine|48\/100|[from] Grassy Terrain\n|-heal|p2b: Kommo-o|100\/100 brn|[from] Grassy Terrain\n|-damage|p2b: Kommo-o|94\/100 brn|[from] brn\n|upkeep\n|turn|4\n|inactive|imnotokaytrustme has 30 seconds left.\n|inactive|GordinhoVrau has 30 seconds left.\n|\n|t:|1700794768\n|switch|p1b: Roaring Moon|Roaring Moon, L50|100\/100\n|-enditem|p1b: Roaring Moon|Booster Energy\n|-activate|p1b: Roaring Moon|ability: Protosynthesis|[fromitem]\n|-start|p1b: Roaring Moon|protosynthesisatk\n|-terastallize|p1a: Heatran|Fairy\n|move|p2a: Arcanine|Protect|p2a: Arcanine\n|-singleturn|p2a: Arcanine|Protect\n|move|p1a: Heatran|Magma Storm|p2b: Kommo-o\n|-resisted|p2b: Kommo-o\n|-damage|p2b: Kommo-o|69\/100 brn\n|-activate|p2b: Kommo-o|move: Magma Storm|[of] p1a: Heatran\n|move|p2b: Kommo-o|Body Press|p1a: Heatran\n|-resisted|p1a: Heatran\n|-damage|p1a: Heatran|80\/100\n|\n|-heal|p2a: Arcanine|54\/100|[from] Grassy Terrain\n|-heal|p1a: Heatran|85\/100|[from] Grassy Terrain\n|-heal|p1a: Heatran|91\/100|[from] item: Leftovers\n|-heal|p2b: Kommo-o|75\/100 brn|[from] Grassy Terrain\n|-heal|p2b: Kommo-o|81\/100 brn|[from] item: Leftovers\n|-damage|p2b: Kommo-o|75\/100 brn|[from] brn\n|-damage|p2b: Kommo-o|63\/100 brn|[from] move: Magma Storm|[partiallytrapped]\n|upkeep\n|turn|5\n|inactive|imnotokaytrustme has 30 seconds left.\n|\n|t:|1700794797\n|move|p1a: Heatran|Protect|p1a: Heatran\n|-singleturn|p1a: Heatran|Protect\n|move|p2b: Kommo-o|Protect|p2b: Kommo-o\n|-singleturn|p2b: Kommo-o|Protect\n|move|p1b: Roaring Moon|Knock Off|p2a: Arcanine\n|-damage|p2a: Arcanine|1\/100\n|move|p2a: Arcanine|Will-O-Wisp|p1b: Roaring Moon\n|-status|p1b: Roaring Moon|brn\n|\n|-heal|p2a: Arcanine|7\/100|[from] Grassy Terrain\n|-heal|p1a: Heatran|97\/100|[from] Grassy Terrain\n|-heal|p1a: Heatran|100\/100|[from] item: Leftovers\n|-heal|p2b: Kommo-o|69\/100 brn|[from] Grassy Terrain\n|-heal|p2b: Kommo-o|75\/100 brn|[from] item: Leftovers\n|-damage|p1b: Roaring Moon|95\/100 brn|[from] brn\n|-damage|p2b: Kommo-o|69\/100 brn|[from] brn\n|-damage|p2b: Kommo-o|57\/100 brn|[from] move: Magma Storm|[partiallytrapped]\n|-fieldend|move: Grassy Terrain\n|upkeep\n|turn|6\n|\n|t:|1700794821\n|move|p1b: Roaring Moon|Dragon Dance|p1b: Roaring Moon\n|-boost|p1b: Roaring Moon|atk|1\n|-boost|p1b: Roaring Moon|spe|1\n|move|p2a: Arcanine|Rock Slide|p1b: Roaring Moon|[spread] p1a,p1b\n|-damage|p1a: Heatran|80\/100\n|-damage|p1b: Roaring Moon|69\/100 brn\n|move|p1a: Heatran|Magma Storm|p2a: Arcanine\n|-resisted|p2a: Arcanine\n|-damage|p2a: Arcanine|0 fnt\n|faint|p2a: Arcanine\n|move|p2b: Kommo-o|Body Press|p1b: Roaring Moon\n|-supereffective|p1b: Roaring Moon\n|-damage|p1b: Roaring Moon|0 fnt\n|faint|p1b: Roaring Moon\n|-end|p1b: Roaring Moon|Protosynthesis|[silent]\n|\n|-heal|p1a: Heatran|85\/100|[from] item: Leftovers\n|-heal|p2b: Kommo-o|63\/100 brn|[from] item: Leftovers\n|-damage|p2b: Kommo-o|57\/100 brn|[from] brn\n|-damage|p2b: Kommo-o|45\/100 brn|[from] move: Magma Storm|[partiallytrapped]\n|upkeep\n|\n|t:|1700794841\n|switch|p1b: Annihilape|Annihilape, L50, M|100\/100\n|switch|p2a: Rillaboom|Rillaboom, L50, M|100\/100\n|-fieldstart|move: Grassy Terrain|[from] ability: Grassy Surge|[of] p2a: Rillaboom\n|turn|7\n|\n|t:|1700794861\n|move|p1a: Heatran|Protect|p1a: Heatran\n|-singleturn|p1a: Heatran|Protect\n|move|p2b: Kommo-o|Protect|p2b: Kommo-o\n|-singleturn|p2b: Kommo-o|Protect\n|move|p1b: Annihilape|U-turn|p2a: Rillaboom\n|-supereffective|p2a: Rillaboom\n|-damage|p2a: Rillaboom|58\/100\n|\n|t:|1700794868\n|switch|p1b: Rillaboom|Rillaboom, L50, M|100\/100|[from] U-turn\n|move|p2a: Rillaboom|Wood Hammer|p1b: Rillaboom\n|-resisted|p1b: Rillaboom\n|-damage|p1b: Rillaboom|58\/100\n|-damage|p2a: Rillaboom|44\/100|[from] Recoil\n|\n|-heal|p1b: Rillaboom|64\/100|[from] Grassy Terrain\n|-heal|p1a: Heatran|91\/100|[from] Grassy Terrain\n|-heal|p1a: Heatran|97\/100|[from] item: Leftovers\n|-heal|p2b: Kommo-o|51\/100 brn|[from] Grassy Terrain\n|-heal|p2a: Rillaboom|50\/100|[from] Grassy Terrain\n|-heal|p2b: Kommo-o|57\/100 brn|[from] item: Leftovers\n|-damage|p2b: Kommo-o|51\/100 brn|[from] brn\n|-damage|p2b: Kommo-o|39\/100 brn|[from] move: Magma Storm|[partiallytrapped]\n|upkeep\n|turn|8\n|\n|t:|1700794896\n|move|p1b: Rillaboom|Fake Out|p2b: Kommo-o\n|-damage|p2b: Kommo-o|35\/100 brn\n|move|p1a: Heatran|Magma Storm|p2a: Rillaboom|[miss]\n|-miss|p1a: Heatran|p2a: Rillaboom\n|move|p2a: Rillaboom|Wood Hammer|p1a: Heatran\n|-damage|p1a: Heatran|5\/100\n|-damage|p2a: Rillaboom|21\/100|[from] Recoil\n|cant|p2b: Kommo-o|flinch\n|\n|-heal|p1b: Rillaboom|70\/100|[from] Grassy Terrain\n|-heal|p1a: Heatran|11\/100|[from] Grassy Terrain\n|-heal|p1a: Heatran|17\/100|[from] item: Leftovers\n|-heal|p2b: Kommo-o|41\/100 brn|[from] Grassy Terrain\n|-heal|p2a: Rillaboom|27\/100|[from] Grassy Terrain\n|-heal|p2b: Kommo-o|47\/100 brn|[from] item: Leftovers\n|-damage|p2b: Kommo-o|41\/100 brn|[from] brn\n|-end|p2b: Kommo-o|Magma Storm|[partiallytrapped]\n|upkeep\n|turn|9\n|inactive|imnotokaytrustme has 30 seconds left.\n|\n|t:|1700794927\n|move|p1a: Heatran|Protect|p1a: Heatran\n|-singleturn|p1a: Heatran|Protect\n|move|p2a: Rillaboom|Grassy Glide|p1a: Heatran\n|-activate|p1a: Heatran|move: Protect\n|move|p1b: Rillaboom|Wood Hammer|p2a: Rillaboom\n|-resisted|p2a: Rillaboom\n|-damage|p2a: Rillaboom|0 fnt\n|faint|p2a: Rillaboom\n|-damage|p1b: Rillaboom|62\/100|[from] Recoil\n|move|p2b: Kommo-o|Body Press|p1b: Rillaboom\n|-damage|p1b: Rillaboom|23\/100\n|\n|-heal|p1b: Rillaboom|29\/100|[from] Grassy Terrain\n|-heal|p1a: Heatran|23\/100|[from] Grassy Terrain\n|-heal|p1a: Heatran|29\/100|[from] item: Leftovers\n|-heal|p2b: Kommo-o|47\/100 brn|[from] Grassy Terrain\n|-heal|p2b: Kommo-o|53\/100 brn|[from] item: Leftovers\n|-damage|p2b: Kommo-o|47\/100 brn|[from] brn\n|upkeep\n|\n|t:|1700794936\n|switch|p2a: Flutter Mane|Flutter Mane, L50|100\/100\n|turn|10\n|inactive|imnotokaytrustme has 30 seconds left.\n|\n|t:|1700794965\n|move|p1b: Rillaboom|Grassy Glide|p2a: Flutter Mane\n|-damage|p2a: Flutter Mane|5\/100\n|move|p2a: Flutter Mane|Moonblast|p1b: Rillaboom\n|-damage|p1b: Rillaboom|0 fnt\n|faint|p1b: Rillaboom\n|move|p1a: Heatran|Magma Storm|p2b: Kommo-o\n|-resisted|p2b: Kommo-o\n|-damage|p2b: Kommo-o|20\/100 brn\n|-activate|p2b: Kommo-o|move: Magma Storm|[of] p1a: Heatran\n|move|p2b: Kommo-o|Iron Head|p1a: Heatran\n|-supereffective|p1a: Heatran\n|-damage|p1a: Heatran|9\/100\n|\n|-heal|p2a: Flutter Mane|11\/100|[from] Grassy Terrain\n|-heal|p1a: Heatran|15\/100|[from] Grassy Terrain\n|-heal|p1a: Heatran|21\/100|[from] item: Leftovers\n|-heal|p2b: Kommo-o|26\/100 brn|[from] Grassy Terrain\n|-heal|p2b: Kommo-o|32\/100 brn|[from] item: Leftovers\n|-damage|p2b: Kommo-o|26\/100 brn|[from] brn\n|-damage|p2b: Kommo-o|14\/100 brn|[from] move: Magma Storm|[partiallytrapped]\n|upkeep\n|\n|t:|1700794984\n|switch|p1b: Annihilape|Annihilape, L50, M|100\/100\n|turn|11\n|\n|t:|1700794991\n|move|p1a: Heatran|Protect|p1a: Heatran\n|-singleturn|p1a: Heatran|Protect\n|move|p2a: Flutter Mane|Moonblast|p1b: Annihilape\n|-supereffective|p1b: Annihilape\n|-damage|p1b: Annihilape|8\/100\n|move|p1b: Annihilape|Rage Fist|p2a: Flutter Mane\n|-supereffective|p2a: Flutter Mane\n|-crit|p2a: Flutter Mane\n|-damage|p2a: Flutter Mane|0 fnt\n|faint|p2a: Flutter Mane\n|-end|p2a: Flutter Mane|Protosynthesis|[silent]\n|move|p2b: Kommo-o|Iron Head|p1a: Heatran\n|-activate|p1a: Heatran|move: Protect\n|\n|-heal|p1b: Annihilape|14\/100|[from] Grassy Terrain\n|-heal|p1a: Heatran|27\/100|[from] Grassy Terrain\n|-heal|p1a: Heatran|33\/100|[from] item: Leftovers\n|-heal|p2b: Kommo-o|20\/100 brn|[from] Grassy Terrain\n|-heal|p2b: Kommo-o|26\/100 brn|[from] item: Leftovers\n|-damage|p2b: Kommo-o|20\/100 brn|[from] brn\n|-damage|p2b: Kommo-o|8\/100 brn|[from] move: Magma Storm|[partiallytrapped]\n|-fieldend|move: Grassy Terrain\n|upkeep\n|turn|12\n|-message|GordinhoVrau forfeited.\n|\n|win|imnotokaytrustme\n|raw|imnotokaytrustme's rating: 1138 &rarr; <strong>1159<\/strong><br \/>(+21 for winning)\n|raw|GordinhoVrau's rating: 1075 &rarr; <strong>1058<\/strong><br \/>(-17 for losing)\n|l|\u2606GordinhoVrau\n","uploadtime":1700795440,"views":5,"p1id":"imnotokaytrustme","p2id":"gordinhovrau","formatid":"gen9vgc2023regulatione","rating":1058,"private":0,"password":""}