{"id":"gen9vgc2023regulatione-1988841858","p1":"daddychuck","p2":"Omegateck","format":"[Gen 9] VGC 2023 Regulation E","log":"|j|\u2606daddychuck\n|j|\u2606Omegateck\n|n|\u2606daddychuck|daddychuck\n|n|\u2606Omegateck|omegateck\n|html|View the match progress at <a href=\"\/game-bestof3-gen9vgc2023regulatione-1988840552\">game-bestof3-gen9vgc2023regulatione-1988840552<\/a>\n|t:|1699771733\n|gametype|doubles\n|player|p1|daddychuck|firebreather|\n|player|p2|Omegateck|pokefan-gen4|\n|teamsize|p1|6\n|teamsize|p2|6\n|gen|9\n|tier|[Gen 9] VGC 2023 Regulation E\n|rated|Tournament battle\n|rule|Species Clause: Limit one of each Pok\u00e9mon\n|rule|Item Clause: Limit one of each item\n|clearpoke\n|poke|p1|Tornadus, L50, M|\n|poke|p1|Rillaboom, L50, F|\n|poke|p1|Urshifu-*, L50, F|\n|poke|p1|Gholdengo, L50|\n|poke|p1|Arcanine-Hisui, L50, F|\n|poke|p1|Regidrago, L50|\n|poke|p2|Ogerpon, L50, F|\n|poke|p2|Roaring Moon, L50|\n|poke|p2|Urshifu-*, L50, M|\n|poke|p2|Arcanine-Hisui, L50, F|\n|poke|p2|Thundurus-Therian, L50, M|\n|poke|p2|Gholdengo, L50|\n|teampreview|4\n|showteam|p1|Tornadus||CovertCloak|Prankster|BleakwindStorm,RainDance,Tailwind,Taunt|||M|||50|,,,,,Ghost]Rillaboom||AssaultVest|GrassySurge|GrassyGlide,WoodHammer,HighHorsepower,FakeOut|||F|||50|,,,,,Fire]Urshifu-Rapid-Strike||MysticWater|UnseenFist|Detect,SurgingStrikes,CloseCombat,AquaJet|||F|||50|,,,,,Water]Gholdengo||ChoiceSpecs|GoodasGold|MakeItRain,ShadowBall,Thunderbolt,Trick||||||50|,,,,,Steel]Arcanine-Hisui||ChoiceBand|Intimidate|RockSlide,FlareBlitz,ExtremeSpeed,TeraBlast|||F|||50|,,,,,Fairy]Regidrago||DragonFang|DragonsMaw|Protect,DragonEnergy,DracoMeteor,EarthPower||||||50|,,,,,Steel\n|showteam|p2|Ogerpon||RazorClaw|Defiant|IvyCudgel,StompingTantrum,SwordsDance,SpikyShield|||F|||50|,,,,,Grass]Roaring Moon||BoosterEnergy|Protosynthesis|KnockOff,BreakingSwipe,Tailwind,Protect||||||50|,,,,,Poison]Urshifu-Rapid-Strike||MysticWater|UnseenFist|SurgingStrikes,CloseCombat,Substitute,Detect|||M|||50|,,,,,Water]Arcanine-Hisui||ChoiceBand|Intimidate|FlareBlitz,RockSlide,TeraBlast,ExtremeSpeed|||F|||50|,,,,,Fairy]Thundurus-Therian||AssaultVest|VoltAbsorb|Thunderbolt,TeraBlast,WildboltStorm,GrassKnot|||M|||50|,,,,,Flying]Gholdengo||Leftovers|GoodasGold|MakeItRain,ShadowBall,NastyPlot,Protect||||||50|,,,,,Dragon\n|inactive|Battle timer is ON: inactive players will automatically lose when time's up. (requested by daddychuck)\n|j| Fair Playz Gamer\n|\n|t:|1699771752\n|start\n|switch|p1a: Tornadus|Tornadus, L50, M|100\/100\n|switch|p1b: Gholdengo|Gholdengo, L50|100\/100\n|switch|p2a: Roaring Moon|Roaring Moon, L50|100\/100\n|switch|p2b: Ogerpon|Ogerpon, L50, F|100\/100\n|-enditem|p2a: Roaring Moon|Booster Energy\n|-activate|p2a: Roaring Moon|ability: Protosynthesis|[fromitem]\n|-start|p2a: Roaring Moon|protosynthesisspe\n|turn|1\n|\n|t:|1699771769\n|switch|p2b: Gholdengo|Gholdengo, L50|100\/100\n|-terastallize|p1b: Gholdengo|Steel\n|move|p1a: Tornadus|Tailwind|p1a: Tornadus\n|-sidestart|p1: daddychuck|move: Tailwind\n|move|p2a: Roaring Moon|Knock Off|p1b: Gholdengo\n|-damage|p1b: Gholdengo|58\/100\n|-enditem|p1b: Gholdengo|Choice Specs|[from] move: Knock Off|[of] p2a: Roaring Moon\n|move|p1b: Gholdengo|Make It Rain|p2b: Gholdengo|[spread] p2a,p2b\n|-resisted|p2b: Gholdengo\n|-damage|p2a: Roaring Moon|45\/100\n|-damage|p2b: Gholdengo|70\/100\n|-unboost|p1b: Gholdengo|spa|1\n|\n|-heal|p2b: Gholdengo|76\/100|[from] item: Leftovers\n|upkeep\n|turn|2\n|l| Fair Playz Gamer\n|inactive|Omegateck has 30 seconds left.\n|\n|t:|1699771796\n|move|p1a: Tornadus|Bleakwind Storm|p2b: Gholdengo|[spread] p2a,p2b\n|-resisted|p2b: Gholdengo\n|-damage|p2a: Roaring Moon|18\/100\n|-damage|p2b: Gholdengo|60\/100\n|-unboost|p2a: Roaring Moon|spe|1\n|move|p1b: Gholdengo|Shadow Ball|p2b: Gholdengo\n|-supereffective|p2b: Gholdengo\n|-damage|p2b: Gholdengo|7\/100\n|move|p2a: Roaring Moon|Tailwind|p2a: Roaring Moon\n|-sidestart|p2: Omegateck|move: Tailwind\n|move|p2b: Gholdengo|Nasty Plot|p2b: Gholdengo\n|-boost|p2b: Gholdengo|spa|2\n|\n|-heal|p2b: Gholdengo|13\/100|[from] item: Leftovers\n|upkeep\n|turn|3\n|\n|t:|1699771817\n|move|p2b: Gholdengo|Protect|p2b: Gholdengo\n|-singleturn|p2b: Gholdengo|Protect\n|move|p2a: Roaring Moon|Knock Off|p1a: Tornadus\n|-damage|p1a: Tornadus|50\/100\n|-enditem|p1a: Tornadus|Covert Cloak|[from] move: Knock Off|[of] p2a: Roaring Moon\n|move|p1a: Tornadus|Bleakwind Storm|p2b: Gholdengo|[spread] \n|-activate|p2b: Gholdengo|move: Protect\n|-miss|p1a: Tornadus|p2a: Roaring Moon\n|move|p1b: Gholdengo|Make It Rain|p2a: Roaring Moon|[spread] p2a\n|-activate|p2b: Gholdengo|move: Protect\n|-damage|p2a: Roaring Moon|0 fnt\n|-unboost|p1b: Gholdengo|spa|1\n|faint|p2a: Roaring Moon\n|-end|p2a: Roaring Moon|Protosynthesis|[silent]\n|\n|-heal|p2b: Gholdengo|19\/100|[from] item: Leftovers\n|upkeep\n|\n|t:|1699771834\n|switch|p2a: Arcanine|Arcanine-Hisui, L50, F|100\/100\n|-ability|p2a: Arcanine|Intimidate|boost\n|-unboost|p1a: Tornadus|atk|1\n|-unboost|p1b: Gholdengo|atk|1\n|turn|4\n|j| jsmirage\n|\n|t:|1699771858\n|move|p2a: Arcanine|Extreme Speed|p1a: Tornadus\n|-damage|p1a: Tornadus|10\/100\n|move|p1a: Tornadus|Rain Dance|p1a: Tornadus\n|-weather|RainDance\n|move|p1b: Gholdengo|Make It Rain|p2b: Gholdengo|[spread] p2a,p2b\n|-resisted|p2b: Gholdengo\n|-damage|p2a: Arcanine|65\/100\n|-damage|p2b: Gholdengo|3\/100\n|-unboost|p1b: Gholdengo|spa|1\n|move|p2b: Gholdengo|Shadow Ball|p1b: Gholdengo\n|-damage|p1b: Gholdengo|0 fnt\n|faint|p1b: Gholdengo\n|\n|-weather|RainDance|[upkeep]\n|-heal|p2b: Gholdengo|9\/100|[from] item: Leftovers\n|-sideend|p1: daddychuck|move: Tailwind\n|upkeep\n|j| Grewt\n|\n|t:|1699771870\n|switch|p1b: Urshifu|Urshifu-Rapid-Strike, L50, F|100\/100\n|turn|5\n|j| O1OOO11O\n|\n|t:|1699771888\n|move|p2a: Arcanine|Extreme Speed|p1a: Tornadus\n|-damage|p1a: Tornadus|0 fnt\n|faint|p1a: Tornadus\n|move|p2b: Gholdengo|Shadow Ball|p1b: Urshifu\n|-damage|p1b: Urshifu|0 fnt\n|faint|p1b: Urshifu\n|\n|-weather|RainDance|[upkeep]\n|-heal|p2b: Gholdengo|15\/100|[from] item: Leftovers\n|-sideend|p2: Omegateck|move: Tailwind\n|upkeep\n|l| Grewt\n|\n|t:|1699771898\n|switch|p1b: Arcanine|Arcanine-Hisui, L50, F|100\/100\n|-ability|p1b: Arcanine|Intimidate|boost\n|-unboost|p2a: Arcanine|atk|1\n|-unboost|p2b: Gholdengo|atk|1\n|turn|6\n|c|\u2606Omegateck|i thought for surew ud aquajet\n|\n|t:|1699771917\n|switch|p2a: Ogerpon|Ogerpon, L50, F|100\/100\n|move|p2b: Gholdengo|Protect|p2b: Gholdengo\n|-singleturn|p2b: Gholdengo|Protect\n|move|p1b: Arcanine|Rock Slide|p2a: Ogerpon|[spread] \n|-activate|p2b: Gholdengo|move: Protect\n|-miss|p1b: Arcanine|p2a: Ogerpon\n|\n|-weather|RainDance|[upkeep]\n|-heal|p2b: Gholdengo|22\/100|[from] item: Leftovers\n|upkeep\n|turn|7\n|c|\u2606daddychuck|I thought I had tw up\n|c|\u2606daddychuck|i threw ahaha\n|c|\u2606daddychuck|gg\n|\n|t:|1699771931\n|-terastallize|p2a: Ogerpon|Grass\n|detailschange|p2a: Ogerpon|Ogerpon-Teal-Tera, L50, F, tera:Grass\n|-ability|p2a: Ogerpon|Embody Aspect (Teal)|boost\n|-boost|p2a: Ogerpon|spe|1\n|move|p2a: Ogerpon|Stomping Tantrum|p1b: Arcanine\n|-supereffective|p1b: Arcanine\n|-damage|p1b: Arcanine|0 fnt\n|faint|p1b: Arcanine\n|\n|win|Omegateck\n|l| O1OOO11O\n","uploadtime":1699771953,"views":20,"p1id":"daddychuck","p2id":"omegateck","formatid":"gen9vgc2023regulatione","rating":0,"private":0,"password":""}