{"id":"gen9vgc2023regulatione-1988346016","p1":"Atilla Alsan","p2":"mcfoolin","format":"[Gen 9] VGC 2023 Regulation E","log":"|j|\u2606Atilla Alsan\n|j|\u2606mcfoolin\n|t:|1699711836\n|gametype|doubles\n|player|p1|Atilla Alsan|roark|1212\n|player|p2|mcfoolin|1|1233\n|teamsize|p1|6\n|teamsize|p2|6\n|gen|9\n|tier|[Gen 9] VGC 2023 Regulation E\n|rated|\n|rule|Species Clause: Limit one of each Pok\u00e9mon\n|rule|Item Clause: Limit one of each item\n|clearpoke\n|poke|p1|Tauros-Paldea-Blaze, L50, M|\n|poke|p1|Tornadus, L50, M|\n|poke|p1|Landorus-Therian, L50, M|\n|poke|p1|Flutter Mane, L50|\n|poke|p1|Kingambit, L50, F|\n|poke|p1|Ogerpon-Wellspring, L50, F|\n|poke|p2|Iron Hands, L50|\n|poke|p2|Heatran, L50, M|\n|poke|p2|Landorus-Therian, L50, M|\n|poke|p2|Ogerpon-Wellspring, L50, F|\n|poke|p2|Cresselia, L50, F|\n|poke|p2|Flutter Mane, L50|\n|teampreview|4\n|inactive|Battle timer is ON: inactive players will automatically lose when time's up. (requested by mcfoolin)\n|inactive|mcfoolin has 60 seconds left.\n|\n|t:|1699711894\n|start\n|switch|p1a: Landorus|Landorus-Therian, L50, M|100\/100\n|switch|p1b: Flutter Mane|Flutter Mane, L50|100\/100\n|switch|p2a: Heatran|Heatran, L50, M|100\/100\n|switch|p2b: Iron Hands|Iron Hands, L50|100\/100\n|-ability|p1a: Landorus|Intimidate|boost\n|-unboost|p2a: Heatran|atk|1\n|-unboost|p2b: Iron Hands|atk|1\n|-enditem|p1b: Flutter Mane|Booster Energy\n|-activate|p1b: Flutter Mane|ability: Protosynthesis|[fromitem]\n|-start|p1b: Flutter Mane|protosynthesisspa\n|turn|1\n|inactive|mcfoolin has 30 seconds left.\n|inactive|Atilla Alsan has 30 seconds left.\n|inactive|mcfoolin has 20 seconds left.\n|\n|t:|1699711930\n|move|p2b: Iron Hands|Fake Out|p1a: Landorus\n|-damage|p1a: Landorus|88\/100\n|cant|p1a: Landorus|flinch\n|move|p1b: Flutter Mane|Dazzling Gleam|p2a: Heatran|[spread] p2a,p2b\n|-resisted|p2a: Heatran\n|-supereffective|p2b: Iron Hands\n|-damage|p2a: Heatran|90\/100\n|-damage|p2b: Iron Hands|54\/100\n|move|p2a: Heatran|Flamethrower|p1a: Landorus\n|-damage|p1a: Landorus|3\/100\n|-damage|p2a: Heatran|81\/100|[from] item: Life Orb\n|\n|upkeep\n|turn|2\n|inactive|mcfoolin has 30 seconds left.\n|inactive|mcfoolin has 20 seconds left.\n|inactive|mcfoolin has 15 seconds left.\n|\n|t:|1699711977\n|-end|p2b: Iron Hands|Quark Drive|[silent]\n|switch|p2b: Landorus|Landorus-Therian, L50, M|100\/100\n|-ability|p2b: Landorus|Intimidate|boost\n|-unboost|p1a: Landorus|atk|1\n|-unboost|p1b: Flutter Mane|atk|1\n|-terastallize|p1b: Flutter Mane|Fairy\n|move|p2a: Heatran|Protect|p2a: Heatran\n|-singleturn|p2a: Heatran|Protect\n|move|p1a: Landorus|Stomping Tantrum|p2a: Heatran\n|-activate|p2a: Heatran|move: Protect\n|move|p1b: Flutter Mane|Dazzling Gleam|p2a: Heatran|[spread] p2b\n|-activate|p2a: Heatran|move: Protect\n|-crit|p2b: Landorus\n|-damage|p2b: Landorus|0 fnt\n|faint|p2b: Landorus\n|\n|upkeep\n|\n|t:|1699711996\n|switch|p2b: Iron Hands|Iron Hands, L50|54\/100\n|turn|3\n|inactive|mcfoolin has 30 seconds left.\n|inactive|mcfoolin has 20 seconds left.\n|\n|t:|1699712032\n|switch|p1a: Ogerpon|Ogerpon-Wellspring, L50, F|100\/100\n|move|p1b: Flutter Mane|Dazzling Gleam|p2b: Iron Hands|[spread] p2a,p2b\n|-resisted|p2a: Heatran\n|-supereffective|p2b: Iron Hands\n|-crit|p2b: Iron Hands\n|-damage|p2a: Heatran|66\/100\n|-damage|p2b: Iron Hands|0 fnt\n|faint|p2b: Iron Hands\n|-end|p2b: Iron Hands|Quark Drive|[silent]\n|move|p2a: Heatran|Flash Cannon|p1b: Flutter Mane\n|-supereffective|p1b: Flutter Mane\n|-damage|p1b: Flutter Mane|0 fnt\n|faint|p1b: Flutter Mane\n|-end|p1b: Flutter Mane|Protosynthesis|[silent]\n|-damage|p2a: Heatran|57\/100|[from] item: Life Orb\n|\n|upkeep\n|c|\u2606Atilla Alsan|Why am i getting so many crits\n|\n|t:|1699712048\n|switch|p1b: Landorus|Landorus-Therian, L50, M|3\/100\n|switch|p2b: Ogerpon|Ogerpon-Wellspring, L50, F|100\/100\n|-ability|p1b: Landorus|Intimidate|boost\n|-unboost|p2a: Heatran|atk|1\n|-unboost|p2b: Ogerpon|atk|1\n|turn|4\n|\n|t:|1699712067\n|move|p2b: Ogerpon|Spiky Shield|p2b: Ogerpon\n|-singleturn|p2b: Ogerpon|move: Protect\n|move|p2a: Heatran|Protect|p2a: Heatran\n|-singleturn|p2a: Heatran|Protect\n|move|p1b: Landorus|Stomping Tantrum|p2a: Heatran\n|-activate|p2a: Heatran|move: Protect\n|move|p1a: Ogerpon|Ivy Cudgel|p2a: Heatran\n|-activate|p2a: Heatran|move: Protect\n|\n|upkeep\n|turn|5\n|c|\u2606mcfoolin|idk lol\n|inactive|mcfoolin has 30 seconds left.\n|inactive|mcfoolin has 20 seconds left.\n|\n|t:|1699712108\n|-terastallize|p2a: Heatran|Grass\n|move|p1b: Landorus|Stomping Tantrum|p2a: Heatran\n|-resisted|p2a: Heatran\n|-damage|p2a: Heatran|36\/100\n|move|p1a: Ogerpon|Horn Leech|p2b: Ogerpon\n|-damage|p2b: Ogerpon|48\/100\n|move|p2b: Ogerpon|Swords Dance|p2b: Ogerpon\n|-boost|p2b: Ogerpon|atk|2\n|move|p2a: Heatran|Flamethrower|p1a: Ogerpon\n|-damage|p1a: Ogerpon|17\/100\n|-damage|p2a: Heatran|26\/100|[from] item: Life Orb\n|\n|upkeep\n|turn|6\n|inactive|Atilla Alsan has 30 seconds left.\n|inactive|mcfoolin has 30 seconds left.\n|inactive|mcfoolin has 20 seconds left.\n|inactive|mcfoolin has 15 seconds left.\n|inactive|mcfoolin has 10 seconds left.\n|inactive|mcfoolin has 5 seconds left.\n|\n|t:|1699712168\n|move|p1b: Landorus|Stomping Tantrum|p2b: Ogerpon\n|-resisted|p2b: Ogerpon\n|-damage|p2b: Ogerpon|24\/100\n|move|p1a: Ogerpon|Ivy Cudgel|p2a: Heatran\n|-resisted|p2a: Heatran\n|-damage|p2a: Heatran|0 fnt\n|faint|p2a: Heatran\n|move|p2b: Ogerpon|Horn Leech|p1b: Landorus\n|-crit|p1b: Landorus\n|-damage|p1b: Landorus|0 fnt\n|-heal|p2b: Ogerpon|25\/100|[from] drain|[of] p1b: Landorus\n|faint|p1b: Landorus\n|\n|upkeep\n|\n|t:|1699712180\n|switch|p1b: Kingambit|Kingambit, L50, F|100\/100\n|turn|7\n|\n|t:|1699712189\n|move|p2b: Ogerpon|Spiky Shield|p2b: Ogerpon\n|-singleturn|p2b: Ogerpon|move: Protect\n|move|p1b: Kingambit|Sucker Punch||[still]\n|-fail|p1b: Kingambit\n|move|p1a: Ogerpon|Ivy Cudgel|p2b: Ogerpon\n|-activate|p2b: Ogerpon|move: Protect\n|\n|upkeep\n|turn|8\n|\n|t:|1699712201\n|move|p1b: Kingambit|Sucker Punch||[still]\n|-fail|p1b: Kingambit\n|move|p1a: Ogerpon|Ivy Cudgel|p2b: Ogerpon\n|-heal|p2b: Ogerpon|50\/100|[from] ability: Water Absorb|[of] p1a: Ogerpon\n|move|p2b: Ogerpon|Swords Dance|p2b: Ogerpon\n|-boost|p2b: Ogerpon|atk|2\n|\n|upkeep\n|turn|9\n|\n|t:|1699712217\n|move|p2b: Ogerpon|Spiky Shield|p2b: Ogerpon\n|-singleturn|p2b: Ogerpon|move: Protect\n|move|p1b: Kingambit|Protect|p1b: Kingambit\n|-singleturn|p1b: Kingambit|Protect\n|move|p1a: Ogerpon|Horn Leech|p2b: Ogerpon\n|-activate|p2b: Ogerpon|move: Protect\n|-damage|p1a: Ogerpon|5\/100|[from] Spiky Shield|[of] p2b: Ogerpon\n|\n|upkeep\n|turn|10\n|c|\u2606Atilla Alsan|Im so stupid\n|inactive|mcfoolin has 30 seconds left.\n|c|\u2606mcfoolin|it can be easy to forget bro\n|inactive|mcfoolin has 20 seconds left.\n|inactive|mcfoolin has 15 seconds left.\n|\n|t:|1699712261\n|move|p2b: Ogerpon|Spiky Shield|p2b: Ogerpon\n|-singleturn|p2b: Ogerpon|move: Protect\n|move|p1a: Ogerpon|Horn Leech|p2b: Ogerpon\n|-activate|p2b: Ogerpon|move: Protect\n|-damage|p1a: Ogerpon|0 fnt|[from] Spiky Shield|[of] p2b: Ogerpon\n|faint|p1a: Ogerpon\n|move|p1b: Kingambit|Kowtow Cleave|p2b: Ogerpon\n|-activate|p2b: Ogerpon|move: Protect\n|-damage|p1b: Kingambit|88\/100|[from] Spiky Shield|[of] p2b: Ogerpon\n|\n|upkeep\n|turn|11\n|\n|t:|1699712277\n|move|p2b: Ogerpon|Ivy Cudgel|p1b: Kingambit\n|-crit|p1b: Kingambit\n|-damage|p1b: Kingambit|0 fnt\n|faint|p1b: Kingambit\n|\n|win|mcfoolin\n|raw|Atilla Alsan's rating: 1212 &rarr; <strong>1189<\/strong><br \/>(-23 for losing)\n|raw|mcfoolin's rating: 1233 &rarr; <strong>1256<\/strong><br \/>(+23 for winning)\n|c|\u2606mcfoolin|gg wp\n|l|\u2606Atilla Alsan\n|c|\u2606mcfoolin|that waas\n","uploadtime":1699712305,"views":17,"p1id":"atillaalsan","p2id":"mcfoolin","formatid":"gen9vgc2023regulatione","rating":1189,"private":0,"password":""}