{"id":"gen9vgc2023regulatione-1998568295","p1":"Drasan","p2":"MentalSyndrome","format":"[Gen 9] VGC 2023 Regulation E","log":"|j|\u2606Drasan\n|j|\u2606MentalSyndrome\n|t:|1700957399\n|gametype|doubles\n|player|p1|Drasan|riley|1088\n|player|p2|MentalSyndrome|byron|1057\n|teamsize|p1|6\n|teamsize|p2|6\n|gen|9\n|tier|[Gen 9] VGC 2023 Regulation E\n|rated|\n|rule|Species Clause: Limit one of each Pok\u00e9mon\n|rule|Item Clause: Limit one of each item\n|clearpoke\n|poke|p1|Dusclops, L50, F|\n|poke|p1|Ursaluna-Bloodmoon, L50, M|\n|poke|p1|Armarouge, L50, M|\n|poke|p1|Conkeldurr, L50, M|\n|poke|p1|Enamorus-Therian, L50, F|\n|poke|p1|Amoonguss, L50, M|\n|poke|p2|Tornadus, L50, M|\n|poke|p2|Zapdos, L50|\n|poke|p2|Lucario, L50, F|\n|poke|p2|Arbok, L50, M|\n|poke|p2|Breloom, L50, M|\n|poke|p2|Tinkaton, L50, F|\n|teampreview|4\n|\n|t:|1700957442\n|start\n|switch|p1a: Ursaluna|Ursaluna-Bloodmoon, L50, M|100\/100\n|switch|p1b: Dusclops|Dusclops, L50, F, shiny|100\/100\n|switch|p2a: Breloom|Breloom, L50, M|100\/100\n|switch|p2b: Tinkaton|Tinkaton, L50, F|100\/100\n|-ability|p2b: Tinkaton|Mold Breaker\n|-item|p2a: Breloom|Focus Sash|[from] ability: Frisk|[of] p1b: Dusclops|[identify]\n|-item|p2b: Tinkaton|Safety Goggles|[from] ability: Frisk|[of] p1b: Dusclops|[identify]\n|turn|1\n|\n|t:|1700957457\n|-terastallize|p1a: Ursaluna|Ghost\n|move|p2b: Tinkaton|Fake Out|p1a: Ursaluna\n|-immune|p1a: Ursaluna\n|move|p2a: Breloom|Spore|p1b: Dusclops\n|-status|p1b: Dusclops|slp|[from] move: Spore\n|move|p1a: Ursaluna|Hyper Voice|p2b: Tinkaton|[spread] p2a,p2b\n|-resisted|p2b: Tinkaton\n|-damage|p2a: Breloom|31\/100\n|-damage|p2b: Tinkaton|84\/100\n|-enditem|p1a: Ursaluna|Throat Spray\n|-boost|p1a: Ursaluna|spa|1|[from] item: Throat Spray\n|cant|p1b: Dusclops|slp\n|\n|upkeep\n|turn|2\n|\n|t:|1700957472\n|move|p2b: Tinkaton|Knock Off|p1b: Dusclops\n|-supereffective|p1b: Dusclops\n|-damage|p1b: Dusclops|79\/100 slp\n|-enditem|p1b: Dusclops|Eviolite|[from] move: Knock Off|[of] p2b: Tinkaton\n|move|p2a: Breloom|Spore|p1a: Ursaluna\n|-status|p1a: Ursaluna|slp|[from] move: Spore\n|cant|p1a: Ursaluna|slp\n|cant|p1b: Dusclops|slp\n|\n|upkeep\n|turn|3\n|\n|t:|1700957487\n|move|p2b: Tinkaton|Knock Off|p1a: Ursaluna\n|-supereffective|p1a: Ursaluna\n|-damage|p1a: Ursaluna|83\/100 slp\n|move|p2a: Breloom|Seed Bomb|p1a: Ursaluna\n|-damage|p1a: Ursaluna|53\/100 slp\n|cant|p1a: Ursaluna|slp\n|cant|p1b: Dusclops|slp\n|\n|upkeep\n|turn|4\n|\n|t:|1700957505\n|switch|p2a: Tornadus|Tornadus, L50, M|100\/100\n|move|p2b: Tinkaton|Knock Off|p1b: Dusclops\n|-supereffective|p1b: Dusclops\n|-damage|p1b: Dusclops|57\/100 slp\n|-curestatus|p1a: Ursaluna|slp|[msg]\n|move|p1a: Ursaluna|Hyper Voice|p2b: Tinkaton|[spread] p2a,p2b\n|-crit|p2a: Tornadus\n|-resisted|p2b: Tinkaton\n|-damage|p2a: Tornadus|4\/100\n|-damage|p2b: Tinkaton|59\/100\n|-curestatus|p1b: Dusclops|slp|[msg]\n|move|p1b: Dusclops|Trick Room|p1b: Dusclops\n|-fieldstart|move: Trick Room|[of] p1b: Dusclops\n|\n|upkeep\n|turn|5\n|c|\u2606Drasan|I always forget that reg E doesnt have sleep clause\n|\n|t:|1700957528\n|move|p2a: Tornadus|Rain Dance|p2a: Tornadus\n|-weather|RainDance\n|move|p1b: Dusclops|Will-O-Wisp|p2b: Tinkaton|[miss]\n|-miss|p1b: Dusclops|p2b: Tinkaton\n|move|p1a: Ursaluna|Hyper Voice|p2a: Tornadus|[spread] p2a,p2b\n|-crit|p2a: Tornadus\n|-resisted|p2b: Tinkaton\n|-damage|p2a: Tornadus|0 fnt\n|-damage|p2b: Tinkaton|35\/100\n|faint|p2a: Tornadus\n|move|p2b: Tinkaton|Thunder Wave|p1b: Dusclops\n|-status|p1b: Dusclops|par\n|\n|-weather|RainDance|[upkeep]\n|upkeep\n|\n|t:|1700957535\n|switch|p2a: Zapdos|Zapdos, L50|100\/100\n|turn|6\n|c|\u2606MentalSyndrome|yeah, VGC never has I think\n|c|\u2606Drasan|It may on tournaments , not sure tho\n|\n|t:|1700957570\n|cant|p1b: Dusclops|par\n|move|p1a: Ursaluna|Blood Moon|p2a: Zapdos\n|-damage|p2a: Zapdos|27\/100\n|move|p2a: Zapdos|Hurricane|p1a: Ursaluna\n|-damage|p1a: Ursaluna|0 fnt\n|faint|p1a: Ursaluna\n|move|p2b: Tinkaton|Knock Off|p1b: Dusclops\n|-supereffective|p1b: Dusclops\n|-damage|p1b: Dusclops|35\/100 par\n|\n|-weather|RainDance|[upkeep]\n|upkeep\n|\n|t:|1700957584\n|switch|p1a: Conkeldurr|Conkeldurr, L50, M|100\/100\n|turn|7\n|\n|t:|1700957596\n|switch|p2a: Breloom|Breloom, L50, M|31\/100\n|move|p1b: Dusclops|Will-O-Wisp|p2b: Tinkaton\n|-status|p2b: Tinkaton|brn\n|move|p1a: Conkeldurr|Ice Punch|p2a: Breloom\n|-supereffective|p2a: Breloom\n|-damage|p2a: Breloom|0 fnt\n|faint|p2a: Breloom\n|move|p2b: Tinkaton|Thunder Wave|p1a: Conkeldurr\n|-status|p1a: Conkeldurr|par\n|\n|-weather|RainDance|[upkeep]\n|-damage|p2b: Tinkaton|29\/100 brn|[from] brn\n|upkeep\n|\n|t:|1700957609\n|switch|p2a: Zapdos|Zapdos, L50|27\/100\n|turn|8\n|\n|t:|1700957619\n|-terastallize|p2a: Zapdos|Water\n|move|p1b: Dusclops|Hex|p2b: Tinkaton\n|-damage|p2b: Tinkaton|4\/100 brn\n|cant|p1a: Conkeldurr|par\n|move|p2a: Zapdos|Hurricane|p1a: Conkeldurr\n|-supereffective|p1a: Conkeldurr\n|-damage|p1a: Conkeldurr|0 fnt\n|faint|p1a: Conkeldurr\n|move|p2b: Tinkaton|Knock Off|p1b: Dusclops\n|-supereffective|p1b: Dusclops\n|-damage|p1b: Dusclops|24\/100 par\n|\n|-weather|RainDance|[upkeep]\n|-damage|p2b: Tinkaton|0 fnt|[from] brn\n|faint|p2b: Tinkaton\n|-fieldend|move: Trick Room\n|upkeep\n|\n|t:|1700957632\n|switch|p1a: Enamorus|Enamorus-Therian, L50, F|100\/100\n|turn|9\n|\n|t:|1700957642\n|move|p2a: Zapdos|Thunder|p1a: Enamorus\n|-supereffective|p1a: Enamorus\n|-damage|p1a: Enamorus|0 fnt\n|faint|p1a: Enamorus\n|move|p1b: Dusclops|Hex|p2a: Zapdos\n|-damage|p2a: Zapdos|16\/100\n|\n|-weather|none\n|upkeep\n|turn|10\n|\n|t:|1700957653\n|move|p2a: Zapdos|Volt Switch|p1b: Dusclops\n|-damage|p1b: Dusclops|0 fnt\n|faint|p1b: Dusclops\n|\n|win|MentalSyndrome\n|raw|Drasan's rating: 1088 &rarr; <strong>1063<\/strong><br \/>(-25 for losing)\n|raw|MentalSyndrome's rating: 1057 &rarr; <strong>1091<\/strong><br \/>(+34 for winning)\n|c|\u2606MentalSyndrome|gg\n|c|\u2606Drasan|ggs\n","uploadtime":1700957666,"views":9,"p1id":"drasan","p2id":"mentalsyndrome","formatid":"gen9vgc2023regulatione","rating":1063,"private":0,"password":""}