{"id":"gen9vgc2023regulatione-1993554250","p1":"Mr.X&Y97","p2":"VeversonJP","format":"[Gen 9] VGC 2023 Regulation E","log":"|j|\u2606Mr.X&Y97\n|j|\u2606VeversonJP\n|t:|1700331150\n|gametype|doubles\n|player|p1|Mr.X&Y97|ingo|1041\n|player|p2|VeversonJP|swimmer-gen4dp|1040\n|teamsize|p1|6\n|teamsize|p2|6\n|gen|9\n|tier|[Gen 9] VGC 2023 Regulation E\n|rated|\n|rule|Species Clause: Limit one of each Pok\u00e9mon\n|rule|Item Clause: Limit one of each item\n|clearpoke\n|poke|p1|Ogerpon-Wellspring, L50, F|\n|poke|p1|Conkeldurr, L50, M|\n|poke|p1|Heatran, L50, F|\n|poke|p1|Munkidori, L50, M|\n|poke|p1|Landorus-Therian, L50, M|\n|poke|p1|Tornadus, L50, M|\n|poke|p2|Basculegion, L50, M|\n|poke|p2|Pelipper, L50, F|\n|poke|p2|Alomomola, L50, M|\n|poke|p2|Ogerpon-Wellspring, L50, F|\n|poke|p2|Quagsire, L50, F|\n|poke|p2|Palafin, L50, M|\n|teampreview|4\n|inactive|Battle timer is ON: inactive players will automatically lose when time's up. (requested by Mr.X&Y97)\nMr.X&Y97 has agreed to open team sheets.\n|inactive|Mr.X&Y97 has 60 seconds left.\n|inactive|VeversonJP has 60 seconds left.\n|\n|t:|1700331191\n|start\n|switch|p1a: Tornadus|Tornadus, L50, M|100\/100\n|switch|p1b: Munkidori|Munkidori, L50, M|100\/100\n|switch|p2a: Felipe|Pelipper, L50, F|100\/100\n|switch|p2b: Futuropikka|Palafin, L50, M|100\/100\n|-weather|RainDance|[from] ability: Drizzle|[of] p2a: Felipe\n|turn|1\n|\n|t:|1700331213\n|detailschange|p2b: Futuropikka|Palafin-Hero, L50, M\n|switch|p2b: Piranho|Basculegion, L50, M|100\/100\n|move|p1b: Munkidori|Fake Out|p2a: Felipe\n|-damage|p2a: Felipe|92\/100\n|move|p1a: Tornadus|Tailwind|p1a: Tornadus\n|-sidestart|p1: Mr.X&Y97|move: Tailwind\n|cant|p2a: Felipe|flinch\n|\n|-weather|RainDance|[upkeep]\n|upkeep\n|turn|2\n|inactive|Mr.X&Y97 has 30 seconds left.\n|inactive|VeversonJP has 30 seconds left.\n|\n|t:|1700331246\n|move|p1a: Tornadus|Bleakwind Storm|p2a: Felipe|[spread] p2a,p2b\n|-damage|p2a: Felipe|51\/100\n|-damage|p2b: Piranho|57\/100\n|-unboost|p2a: Felipe|spe|1\n|-unboost|p2b: Piranho|spe|1\n|move|p1b: Munkidori|Sludge Bomb|p2a: Felipe\n|-damage|p2a: Felipe|0 fnt\n|faint|p2a: Felipe\n|move|p2b: Piranho|Wave Crash|p1a: Tornadus\n|-crit|p1a: Tornadus\n|-damage|p1a: Tornadus|0 fnt\n|faint|p1a: Tornadus\n|-damage|p2b: Piranho|31\/100|[from] Recoil\n|-damage|p2b: Piranho|21\/100|[from] item: Life Orb\n|\n|-weather|RainDance|[upkeep]\n|upkeep\n|\n|t:|1700331266\n|switch|p1a: Ogerpon|Ogerpon-Wellspring, L50, F|100\/100\n|switch|p2a: Aqua|Ogerpon-Wellspring, L50, F|100\/100\n|turn|3\n|\n|t:|1700331289\n|-terastallize|p1b: Munkidori|Poison\n|move|p2a: Aqua|Spiky Shield|p2a: Aqua\n|-singleturn|p2a: Aqua|move: Protect\n|move|p2b: Piranho|Aqua Jet|p1b: Munkidori\n|-damage|p1b: Munkidori|29\/100\n|-damage|p2b: Piranho|11\/100|[from] item: Life Orb\n|move|p1a: Ogerpon|Horn Leech|p2b: Piranho\n|-supereffective|p2b: Piranho\n|-damage|p2b: Piranho|0 fnt\n|faint|p2b: Piranho\n|move|p1b: Munkidori|Sludge Bomb|p2a: Aqua\n|-activate|p2a: Aqua|move: Protect\n|\n|-weather|RainDance|[upkeep]\n|upkeep\n|\n|t:|1700331305\n|switch|p2b: Futuropikka|Palafin-Hero, L50, M|100\/100\n|-activate|p2b: Futuropikka|ability: Zero to Hero\n|turn|4\n|inactive|Mr.X&Y97 has 30 seconds left.\n|\n|t:|1700331339\n|switch|p1b: Heatran|Heatran, L50, F|100\/100\n|-item|p1b: Heatran|Air Balloon\n|move|p2b: Futuropikka|Jet Punch|p1b: Heatran\n|-supereffective|p1b: Heatran\n|-damage|p1b: Heatran|0 fnt\n|-enditem|p1b: Heatran|Air Balloon\n|faint|p1b: Heatran\n|move|p1a: Ogerpon|Swords Dance|p1a: Ogerpon\n|-boost|p1a: Ogerpon|atk|2\n|move|p2a: Aqua|Swords Dance|p2a: Aqua\n|-boost|p2a: Aqua|atk|2\n|\n|-weather|RainDance|[upkeep]\n|-sideend|p1: Mr.X&Y97|move: Tailwind\n|upkeep\n|\n|t:|1700331349\n|switch|p1b: Munkidori|Munkidori, L50, M, tera:Poison|29\/100\n|turn|5\n|inactive|Mr.X&Y97 has 30 seconds left.\n|\n|t:|1700331379\n|move|p1b: Munkidori|Fake Out|p2a: Aqua\n|-damage|p2a: Aqua|92\/100\n|move|p2b: Futuropikka|Jet Punch|p1b: Munkidori\n|-damage|p1b: Munkidori|0 fnt\n|faint|p1b: Munkidori\n|move|p1a: Ogerpon|Horn Leech|p2b: Futuropikka\n|-supereffective|p2b: Futuropikka\n|-crit|p2b: Futuropikka\n|-damage|p2b: Futuropikka|0 fnt\n|faint|p2b: Futuropikka\n|cant|p2a: Aqua|flinch\n|\n|-weather|RainDance|[upkeep]\n|upkeep\n|turn|6\n|\n|t:|1700331400\n|move|p1a: Ogerpon|Horn Leech|p2a: Aqua\n|-damage|p2a: Aqua|0 fnt\n|faint|p2a: Aqua\n|\n|win|Mr.X&Y97\n|raw|Mr.X&amp;Y97's rating: 1041 &rarr; <strong>1075<\/strong><br \/>(+34 for winning)\n|raw|VeversonJP's rating: 1040 &rarr; <strong>1024<\/strong><br \/>(-16 for losing)\n","uploadtime":1700331411,"views":8,"p1id":"mrxy97","p2id":"veversonjp","formatid":"gen9vgc2023regulatione","rating":1024,"private":0,"password":""}