{"id":"gen9vgc2023regulatione-1991607320","p1":"JDPhoenix","p2":"s0urs","format":"[Gen 9] VGC 2023 Regulation E","log":"|j|\u2606JDPhoenix\n|j|\u2606s0urs\n|t:|1700093592\n|gametype|doubles\n|player|p1|JDPhoenix|266|1053\n|player|p2|s0urs|266|1088\n|teamsize|p1|6\n|teamsize|p2|6\n|gen|9\n|tier|[Gen 9] VGC 2023 Regulation E\n|rated|\n|rule|Species Clause: Limit one of each Pok\u00e9mon\n|rule|Item Clause: Limit one of each item\n|clearpoke\n|poke|p1|Dusclops, L50, F|\n|poke|p1|Sinistcha-Masterpiece, L50|\n|poke|p1|Ursaluna-Bloodmoon, L50, M|\n|poke|p1|Iron Hands, L50|\n|poke|p1|Ogerpon-Wellspring, L50, F|\n|poke|p1|Landorus-Therian, L50, M|\n|poke|p2|Ninetales-Alola, L50, M|\n|poke|p2|Empoleon, L50, M|\n|poke|p2|Roaring Moon, L50|\n|poke|p2|Sinistcha, L50|\n|poke|p2|Urshifu-*, L50, M|\n|poke|p2|Arcanine-Hisui, L50, M|\n|teampreview|4\n|inactive|Battle timer is ON: inactive players will automatically lose when time's up. (requested by JDPhoenix)\n|\n|t:|1700093640\n|start\n|switch|p1a: Sinistcha|Sinistcha-Masterpiece, L50, shiny|100\/100\n|switch|p1b: Iron Hands|Iron Hands, L50|100\/100\n|switch|p2a: Ninetales|Ninetales-Alola, L50, M|100\/100\n|switch|p2b: Roaring Moon|Roaring Moon, L50|100\/100\n|-weather|Snow|[from] ability: Snow Warning|[of] p2a: Ninetales\n|-enditem|p2b: Roaring Moon|Booster Energy\n|-activate|p2b: Roaring Moon|ability: Protosynthesis|[fromitem]\n|-start|p2b: Roaring Moon|protosynthesisspe\n|turn|1\n|inactive|s0urs has 30 seconds left.\n|inactive|s0urs has 20 seconds left.\n|inactive|s0urs has 15 seconds left.\n|inactive|s0urs has 10 seconds left.\n|inactive|s0urs has 5 seconds left.\n|\n|t:|1700093691\n|-terastallize|p1a: Sinistcha|Water\n|move|p2b: Roaring Moon|Protect|p2b: Roaring Moon\n|-singleturn|p2b: Roaring Moon|Protect\n|move|p1b: Iron Hands|Fake Out|p2a: Ninetales\n|-damage|p2a: Ninetales|86\/100\n|cant|p2a: Ninetales|flinch\n|move|p1a: Sinistcha|Trick Room|p1a: Sinistcha\n|-fieldstart|move: Trick Room|[of] p1a: Sinistcha\n|\n|-weather|Snow|[upkeep]\n|upkeep\n|turn|2\n|inactive|s0urs has 30 seconds left.\n|\n|t:|1700093724\n|switch|p1a: Ursaluna|Ursaluna-Bloodmoon, L50, M|100\/100\n|-end|p2b: Roaring Moon|Protosynthesis|[silent]\n|switch|p2b: Sinistcha|Sinistcha, L50|100\/100\n|-heal|p2a: Ninetales|100\/100|[from] ability: Hospitality|[of] p2b: Sinistcha\n|move|p1b: Iron Hands|Drain Punch|p2a: Ninetales\n|-damage|p2a: Ninetales|58\/100\n|move|p2a: Ninetales|Aurora Veil|p2a: Ninetales\n|-sidestart|p2: s0urs|move: Aurora Veil\n|\n|-weather|Snow|[upkeep]\n|upkeep\n|turn|3\n|\n|t:|1700093745\n|move|p1b: Iron Hands|Drain Punch|p2a: Ninetales\n|-damage|p2a: Ninetales|33\/100\n|move|p1a: Ursaluna|Hyper Voice|p2a: Ninetales|[spread] p2a,p2b\n|-damage|p2a: Ninetales|0 fnt\n|-damage|p2b: Sinistcha|61\/100\n|faint|p2a: Ninetales\n|-damage|p1a: Ursaluna|90\/100|[from] item: Life Orb\n|move|p2b: Sinistcha|Trick Room|p2b: Sinistcha\n|-fieldend|move: Trick Room\n|\n|-weather|Snow|[upkeep]\n|upkeep\n|inactive|s0urs has 30 seconds left.\n|\n|t:|1700093775\n|switch|p2a: Roaring Moon|Roaring Moon, L50|100\/100\n|turn|4\n|inactive|s0urs has 30 seconds left.\n|\n|t:|1700093801\n|-end|p1b: Iron Hands|Quark Drive|[silent]\n|switch|p1b: Sinistcha|Sinistcha-Masterpiece, L50, shiny, tera:Water|100\/100\n|-heal|p1a: Ursaluna|100\/100|[from] ability: Hospitality|[of] p1b: Sinistcha\n|-terastallize|p2a: Roaring Moon|Flying\n|move|p2b: Sinistcha|Rage Powder|p2b: Sinistcha\n|-singleturn|p2b: Sinistcha|move: Rage Powder\n|move|p2a: Roaring Moon|Dragon Dance|p2a: Roaring Moon\n|-boost|p2a: Roaring Moon|atk|1\n|-boost|p2a: Roaring Moon|spe|1\n|move|p1a: Ursaluna|Blood Moon|p2b: Sinistcha\n|-damage|p2b: Sinistcha|0 fnt\n|faint|p2b: Sinistcha\n|-damage|p1a: Ursaluna|90\/100|[from] item: Life Orb\n|\n|-weather|Snow|[upkeep]\n|upkeep\n|inactive|s0urs has 30 seconds left.\n|\n|t:|1700093827\n|switch|p2b: Empoleon|Empoleon, L50, M|100\/100\n|turn|5\n|inactive|s0urs has 30 seconds left.\n|\n|t:|1700093858\n|move|p2a: Roaring Moon|Acrobatics|p1b: Sinistcha\n|-damage|p1b: Sinistcha|20\/100\n|-damage|p2a: Roaring Moon|84\/100|[from] item: Rocky Helmet|[of] p1b: Sinistcha\n|move|p1b: Sinistcha|Matcha Gotcha|p2b: Empoleon|[spread] p2a,p2b\n|-resisted|p2a: Roaring Moon\n|-damage|p2a: Roaring Moon|76\/100\n|-heal|p1b: Sinistcha|24\/100|[from] drain|[of] p2a: Roaring Moon\n|-damage|p2b: Empoleon|90\/100\n|-heal|p1b: Sinistcha|31\/100|[from] drain|[of] p2b: Empoleon\n|-status|p2b: Empoleon|brn\n|move|p2b: Empoleon|Hydro Pump|p1b: Sinistcha\n|-resisted|p1b: Sinistcha\n|-damage|p1b: Sinistcha|2\/100\n|move|p1a: Ursaluna|Hyper Voice|p2a: Roaring Moon|[spread] p2a,p2b\n|-resisted|p2b: Empoleon\n|-damage|p2a: Roaring Moon|44\/100\n|-damage|p2b: Empoleon|79\/100 brn\n|-damage|p1a: Ursaluna|80\/100|[from] item: Life Orb\n|\n|-weather|none\n|-damage|p2b: Empoleon|73\/100 brn|[from] brn\n|upkeep\n|turn|6\n|\n|t:|1700093886\n|switch|p1b: Iron Hands|Iron Hands, L50|100\/100\n|move|p2b: Empoleon|Vacuum Wave|p1b: Iron Hands\n|-damage|p1b: Iron Hands|92\/100\n|move|p2a: Roaring Moon|Knock Off|p1a: Ursaluna\n|-damage|p1a: Ursaluna|21\/100\n|-enditem|p1a: Ursaluna|Life Orb|[from] move: Knock Off|[of] p2a: Roaring Moon\n|move|p1a: Ursaluna|Blood Moon|p2a: Roaring Moon\n|-damage|p2a: Roaring Moon|0 fnt\n|faint|p2a: Roaring Moon\n|-end|p2a: Roaring Moon|Protosynthesis|[silent]\n|\n|-damage|p2b: Empoleon|67\/100 brn|[from] brn\n|upkeep\n|turn|7\n|\n|t:|1700093905\n|move|p1b: Iron Hands|Fake Out|p2b: Empoleon\n|-resisted|p2b: Empoleon\n|-damage|p2b: Empoleon|61\/100 brn\n|cant|p2b: Empoleon|flinch\n|move|p1a: Ursaluna|Hyper Voice|p2b: Empoleon\n|-resisted|p2b: Empoleon\n|-damage|p2b: Empoleon|51\/100 brn\n|\n|-damage|p2b: Empoleon|45\/100 brn|[from] brn\n|upkeep\n|turn|8\n|\n|t:|1700093919\n|-end|p1b: Iron Hands|Quark Drive|[silent]\n|switch|p1b: Sinistcha|Sinistcha-Masterpiece, L50, shiny, tera:Water|2\/100\n|-heal|p1a: Ursaluna|46\/100|[from] ability: Hospitality|[of] p1b: Sinistcha\n|move|p2b: Empoleon|Vacuum Wave|p1a: Ursaluna\n|-supereffective|p1a: Ursaluna\n|-damage|p1a: Ursaluna|14\/100\n|move|p1a: Ursaluna|Blood Moon|p2b: Empoleon\n|-resisted|p2b: Empoleon\n|-damage|p2b: Empoleon|28\/100 brn\n|\n|-damage|p2b: Empoleon|22\/100 brn|[from] brn\n|upkeep\n|turn|9\n|inactive|JDPhoenix has 30 seconds left.\n|\n|t:|1700093945\n|move|p1a: Ursaluna|Protect|p1a: Ursaluna\n|-singleturn|p1a: Ursaluna|Protect\n|move|p2b: Empoleon|Vacuum Wave|p1a: Ursaluna\n|-activate|p1a: Ursaluna|move: Protect\n|move|p1b: Sinistcha|Strength Sap|p2b: Empoleon\n|-unboost|p2b: Empoleon|atk|1\n|-ability|p2b: Empoleon|Competitive|boost\n|-boost|p2b: Empoleon|spa|2\n|-heal|p1b: Sinistcha|48\/100\n|\n|-damage|p2b: Empoleon|16\/100 brn|[from] brn\n|-sideend|p2: s0urs|move: Aurora Veil\n|upkeep\n|turn|10\n|-message|s0urs forfeited.\n|\n|win|JDPhoenix\n|raw|JDPhoenix's rating: 1053 &rarr; <strong>1088<\/strong><br \/>(+35 for winning)\n|raw|s0urs's rating: 1088 &rarr; <strong>1062<\/strong><br \/>(-26 for losing)\n|l|\u2606s0urs\n","uploadtime":1700093960,"views":21,"p1id":"jdphoenix","p2id":"s0urs","formatid":"gen9vgc2023regulatione","rating":1062,"private":0,"password":""}