{"id":"gen9vgc2023regulatione-1996602836","p1":"Newguynorage","p2":"Vladsupeshu","format":"[Gen 9] VGC 2023 Regulation E","log":"|j|\u2606Newguynorage\n|j|\u2606Vladsupeshu\n|t:|1700699400\n|gametype|doubles\n|player|p1|Newguynorage|sage|1112\n|player|p2|Vladsupeshu|scientistf|1132\n|teamsize|p1|6\n|teamsize|p2|6\n|gen|9\n|tier|[Gen 9] VGC 2023 Regulation E\n|rated|\n|rule|Species Clause: Limit one of each Pok\u00e9mon\n|rule|Item Clause: Limit one of each item\n|clearpoke\n|poke|p1|Gengar, L50, M|\n|poke|p1|Iron Bundle, L50|\n|poke|p1|Indeedee-F, L50, F|\n|poke|p1|Chi-Yu, L50|\n|poke|p1|Urshifu-*, L50, M|\n|poke|p1|Tornadus, L50, M|\n|poke|p2|Pelipper, L50, M|\n|poke|p2|Urshifu-*, L50, M|\n|poke|p2|Iron Hands, L50|\n|poke|p2|Sinistcha, L50|\n|poke|p2|Glimmora, L50, M|\n|poke|p2|Corviknight, L50, F|\n|teampreview|4\n|inactive|Battle timer is ON: inactive players will automatically lose when time's up. (requested by Newguynorage)\n|\n|t:|1700699435\n|start\n|switch|p1a: Gengar|Gengar, L50, M, shiny|100\/100\n|switch|p1b: Iron Bundle|Iron Bundle, L50|100\/100\n|switch|p2a: MANI|Iron Hands, L50|100\/100\n|switch|p2b: Glimmora|Glimmora, L50, M|100\/100\n|-enditem|p1b: Iron Bundle|Booster Energy\n|-activate|p1b: Iron Bundle|ability: Quark Drive|[fromitem]\n|-start|p1b: Iron Bundle|quarkdrivespe\n|turn|1\n|inactive|Vladsupeshu has 30 seconds left.\n|\n|t:|1700699467\n|move|p1b: Iron Bundle|Protect|p1b: Iron Bundle\n|-singleturn|p1b: Iron Bundle|Protect\n|move|p2a: MANI|Fake Out|p1b: Iron Bundle\n|-activate|p1b: Iron Bundle|move: Protect\n|move|p1a: Gengar|Nasty Plot|p1a: Gengar\n|-boost|p1a: Gengar|spa|2\n|move|p2b: Glimmora|Power Gem|p1a: Gengar\n|-damage|p1a: Gengar|18\/100\n|\n|upkeep\n|turn|2\n|inactive|Vladsupeshu has 30 seconds left.\n|\n|t:|1700699498\n|move|p1a: Gengar|Protect|p1a: Gengar\n|-singleturn|p1a: Gengar|Protect\n|move|p1b: Iron Bundle|Icy Wind|p2b: Glimmora|[spread] p2a,p2b\n|-damage|p2a: MANI|90\/100\n|-damage|p2b: Glimmora|73\/100\n|-unboost|p2a: MANI|spe|1\n|-unboost|p2b: Glimmora|spe|1\n|move|p2b: Glimmora|Sludge Bomb|p1a: Gengar\n|-activate|p1a: Gengar|move: Protect\n|move|p2a: MANI|Wild Charge|p1b: Iron Bundle\n|-supereffective|p1b: Iron Bundle\n|-damage|p1b: Iron Bundle|0 fnt\n|faint|p1b: Iron Bundle\n|-end|p1b: Iron Bundle|Quark Drive|[silent]\n|-damage|p2a: MANI|77\/100|[from] Recoil\n|\n|upkeep\n|\n|t:|1700699514\n|switch|p1b: Chi-Yu|Chi-Yu, L50|100\/100\n|-ability|p1b: Chi-Yu|Beads of Ruin\n|turn|3\n|inactive|Vladsupeshu has 30 seconds left.\n|inactive|Vladsupeshu has 20 seconds left.\n|\n|t:|1700699563\n|switch|p2b: Pelipper|Pelipper, L50, M|100\/100\n|-weather|RainDance|[from] ability: Drizzle|[of] p2b: Pelipper\n|-terastallize|p1a: Gengar|Fairy\n|move|p1b: Chi-Yu|Heat Wave|p2b: Pelipper|[spread] p2a\n|-miss|p1b: Chi-Yu|p2b: Pelipper\n|-damage|p2a: MANI|65\/100\n|-status|p2a: MANI|brn\n|move|p1a: Gengar|Dazzling Gleam|p2b: Pelipper|[spread] p2a,p2b\n|-supereffective|p2a: MANI\n|-damage|p2a: MANI|0 fnt\n|-damage|p2b: Pelipper|0 fnt\n|faint|p2a: MANI\n|-end|p2a: MANI|Quark Drive|[silent]\n|faint|p2b: Pelipper\n|\n|-weather|RainDance|[upkeep]\n|upkeep\n|\n|t:|1700699576\n|switch|p2b: Sinistcha|Sinistcha, L50|100\/100\n|switch|p2a: Glimmora|Glimmora, L50, M|73\/100\n|turn|4\n|inactive|Vladsupeshu has 30 seconds left.\n|inactive|Vladsupeshu has 20 seconds left.\n|inactive|Vladsupeshu has 15 seconds left.\n|\n|t:|1700699616\n|-terastallize|p2b: Sinistcha|Steel\n|move|p1b: Chi-Yu|Heat Wave|p2b: Sinistcha|[spread] p2a,p2b\n|-resisted|p2a: Glimmora\n|-supereffective|p2b: Sinistcha\n|-damage|p2a: Glimmora|58\/100\n|-damage|p2b: Sinistcha|75\/100\n|-status|p2b: Sinistcha|brn\n|move|p1a: Gengar|Shadow Ball|p2b: Sinistcha\n|-damage|p2b: Sinistcha|0 fnt\n|faint|p2b: Sinistcha\n|move|p2a: Glimmora|Power Gem|p1b: Chi-Yu\n|-supereffective|p1b: Chi-Yu\n|-damage|p1b: Chi-Yu|2\/100\n|\n|-weather|RainDance|[upkeep]\n|upkeep\n|turn|5\n|\n|t:|1700699633\n|move|p1b: Chi-Yu|Heat Wave|p2a: Glimmora\n|-resisted|p2a: Glimmora\n|-damage|p2a: Glimmora|36\/100\n|move|p1a: Gengar|Shadow Ball|p2a: Glimmora\n|-damage|p2a: Glimmora|0 fnt\n|faint|p2a: Glimmora\n|\n|win|Newguynorage\n|raw|Newguynorage's rating: 1112 &rarr; <strong>1138<\/strong><br \/>(+26 for winning)\n|raw|Vladsupeshu's rating: 1132 &rarr; <strong>1106<\/strong><br \/>(-26 for losing)\n|l|\u2606Vladsupeshu\n|l|\u2606Newguynorage\n|j|\u2606Newguynorage\n|player|p1|Newguynorage|sage\n","uploadtime":1700699691,"views":14,"p1id":"newguynorage","p2id":"vladsupeshu","formatid":"gen9vgc2023regulatione","rating":1106,"private":0,"password":""}