{"id":"gen9vgc2023regulatione-1996453784","p1":"Mujtabx","p2":"Euphemia Britannia","format":"[Gen 9] VGC 2023 Regulation E","log":"|j|\u2606Mujtabx\n|j|\u2606Euphemia Britannia\n|t:|1700683517\n|gametype|doubles\n|player|p1|Mujtabx|ghetsis-gen5bw|1305\n|player|p2|Euphemia Britannia|fantina|1308\n|teamsize|p1|6\n|teamsize|p2|6\n|gen|9\n|tier|[Gen 9] VGC 2023 Regulation E\n|rated|\n|rule|Species Clause: Limit one of each Pok\u00e9mon\n|rule|Item Clause: Limit one of each item\n|clearpoke\n|poke|p1|Iron Bundle, L50|\n|poke|p1|Skeledirge, L50, M|\n|poke|p1|Rillaboom, L50, M|\n|poke|p1|Kommo-o, L50, M|\n|poke|p1|Clefairy, L50, F|\n|poke|p1|Regieleki, L50|\n|poke|p2|Ninetales-Alola, L50, F|\n|poke|p2|Milotic, L50, M|\n|poke|p2|Chien-Pao, L50|\n|poke|p2|Ogerpon-Hearthflame, L50, F|\n|poke|p2|Gothitelle, L50, F|\n|poke|p2|Sylveon, L50, M|\n|teampreview|4\n|\n|t:|1700683558\n|start\n|switch|p1a: Rillaboom|Rillaboom, L50, M, shiny|100\/100\n|switch|p1b: Skeledirge|Skeledirge, L50, M, shiny|100\/100\n|switch|p2a: Gothitelle|Gothitelle, L50, F|100\/100\n|switch|p2b: Sylveon|Sylveon, L50, M|100\/100\n|-fieldstart|move: Grassy Terrain|[from] ability: Grassy Surge|[of] p1a: Rillaboom\n|-enditem|p1b: Skeledirge|Grassy Seed\n|-boost|p1b: Skeledirge|def|1|[from] item: Grassy Seed\n|turn|1\n|\n|t:|1700683599\n|move|p1a: Rillaboom|Fake Out|p2a: Gothitelle\n|-damage|p2a: Gothitelle|87\/100\n|move|p1b: Skeledirge|Torch Song|p2a: Gothitelle\n|-damage|p2a: Gothitelle|58\/100\n|-boost|p1b: Skeledirge|spa|1\n|cant|p2a: Gothitelle|flinch\n|move|p2b: Sylveon|Hyper Voice|p1a: Rillaboom|[spread] p1a,p1b\n|-resisted|p1b: Skeledirge\n|-crit|p1b: Skeledirge\n|-damage|p1a: Rillaboom|73\/100\n|-damage|p1b: Skeledirge|66\/100\n|-enditem|p2b: Sylveon|Throat Spray\n|-boost|p2b: Sylveon|spa|1|[from] item: Throat Spray\n|\n|-heal|p1a: Rillaboom|79\/100|[from] Grassy Terrain\n|-heal|p1b: Skeledirge|72\/100|[from] Grassy Terrain\n|-heal|p2a: Gothitelle|65\/100|[from] Grassy Terrain\n|upkeep\n|turn|2\n|\n|t:|1700683630\n|move|p1a: Rillaboom|U-turn|p2a: Gothitelle\n|-supereffective|p2a: Gothitelle\n|-damage|p2a: Gothitelle|19\/100\n|-enditem|p2a: Gothitelle|Sitrus Berry|[eat]\n|-heal|p2a: Gothitelle|44\/100|[from] item: Sitrus Berry\n|\n|t:|1700683635\n|switch|p1a: Clefairy|Clefairy, L50, F|100\/100|[from] U-turn\n|move|p1b: Skeledirge|Shadow Ball|p2a: Gothitelle\n|-supereffective|p2a: Gothitelle\n|-damage|p2a: Gothitelle|0 fnt\n|faint|p2a: Gothitelle\n|move|p2b: Sylveon|Hyper Voice|p1a: Clefairy|[spread] p1a,p1b\n|-resisted|p1b: Skeledirge\n|-damage|p1a: Clefairy|67\/100\n|-damage|p1b: Skeledirge|55\/100\n|\n|-heal|p1b: Skeledirge|61\/100|[from] Grassy Terrain\n|-heal|p1a: Clefairy|73\/100|[from] Grassy Terrain\n|upkeep\n|\n|t:|1700683652\n|switch|p2a: Ogerpon|Ogerpon-Hearthflame, L50, F|100\/100\n|-ability|p2a: Ogerpon|Mold Breaker\n|turn|3\n|\n|t:|1700683669\n|-terastallize|p2a: Ogerpon|Fire\n|detailschange|p2a: Ogerpon|Ogerpon-Hearthflame-Tera, L50, F, tera:Fire\n|-ability|p2a: Ogerpon|Embody Aspect (Hearthflame)|boost\n|-boost|p2a: Ogerpon|atk|1\n|move|p1a: Clefairy|Follow Me|p1a: Clefairy\n|-singleturn|p1a: Clefairy|move: Follow Me\n|move|p2a: Ogerpon|Ivy Cudgel|p1a: Clefairy|[anim] Ivy Cudgel Fire\n|-damage|p1a: Clefairy|0 fnt\n|faint|p1a: Clefairy\n|move|p1b: Skeledirge|Torch Song|p2a: Ogerpon\n|-resisted|p2a: Ogerpon\n|-damage|p2a: Ogerpon|73\/100\n|-boost|p1b: Skeledirge|spa|1\n|move|p2b: Sylveon|Hyper Voice|p1b: Skeledirge\n|-resisted|p1b: Skeledirge\n|-damage|p1b: Skeledirge|34\/100\n|\n|-heal|p2a: Ogerpon|79\/100|[from] Grassy Terrain\n|-heal|p1b: Skeledirge|40\/100|[from] Grassy Terrain\n|upkeep\n|\n|t:|1700683686\n|switch|p1a: Rillaboom|Rillaboom, L50, M, shiny|79\/100\n|turn|4\n|\n|t:|1700683717\n|move|p2a: Ogerpon|Spiky Shield|p2a: Ogerpon\n|-singleturn|p2a: Ogerpon|move: Protect\n|move|p2b: Sylveon|Protect|p2b: Sylveon\n|-singleturn|p2b: Sylveon|Protect\n|move|p1a: Rillaboom|Fake Out|p2b: Sylveon\n|-activate|p2b: Sylveon|move: Protect\n|move|p1b: Skeledirge|Shadow Ball|p2a: Ogerpon\n|-activate|p2a: Ogerpon|move: Protect\n|\n|-heal|p2a: Ogerpon|85\/100|[from] Grassy Terrain\n|-heal|p1a: Rillaboom|85\/100|[from] Grassy Terrain\n|-heal|p1b: Skeledirge|46\/100|[from] Grassy Terrain\n|upkeep\n|turn|5\n|\n|t:|1700683735\n|move|p1a: Rillaboom|Grassy Glide|p2b: Sylveon\n|-damage|p2b: Sylveon|57\/100\n|move|p2a: Ogerpon|Ivy Cudgel|p1b: Skeledirge|[anim] Ivy Cudgel Fire\n|-resisted|p1b: Skeledirge\n|-damage|p1b: Skeledirge|30\/100\n|move|p1b: Skeledirge|Hyper Voice|p2b: Sylveon|[spread] p2a,p2b\n|-damage|p2a: Ogerpon|36\/100\n|-damage|p2b: Sylveon|25\/100\n|move|p2b: Sylveon|Hyper Voice|p1b: Skeledirge|[spread] p1a,p1b\n|-resisted|p1b: Skeledirge\n|-crit|p1b: Skeledirge\n|-damage|p1a: Rillaboom|44\/100\n|-damage|p1b: Skeledirge|0 fnt\n|faint|p1b: Skeledirge\n|\n|-heal|p2a: Ogerpon|42\/100|[from] Grassy Terrain\n|-heal|p1a: Rillaboom|50\/100|[from] Grassy Terrain\n|-heal|p2b: Sylveon|31\/100|[from] Grassy Terrain\n|-fieldend|move: Grassy Terrain\n|upkeep\n|\n|t:|1700683752\n|switch|p1b: Kommo-o|Kommo-o, L50, M|100\/100\n|turn|6\n|\n|t:|1700683781\n|-terastallize|p1b: Kommo-o|Steel\n|move|p2a: Ogerpon|Ivy Cudgel|p1a: Rillaboom|[anim] Ivy Cudgel Fire\n|-supereffective|p1a: Rillaboom\n|-damage|p1a: Rillaboom|0 fnt\n|faint|p1a: Rillaboom\n|move|p1b: Kommo-o|Clangorous Soul|p1b: Kommo-o\n|-boost|p1b: Kommo-o|atk|1\n|-boost|p1b: Kommo-o|def|1\n|-boost|p1b: Kommo-o|spa|1\n|-boost|p1b: Kommo-o|spd|1\n|-boost|p1b: Kommo-o|spe|1\n|-damage|p1b: Kommo-o|68\/100\n|-enditem|p1b: Kommo-o|Throat Spray\n|-boost|p1b: Kommo-o|spa|1|[from] item: Throat Spray\n|move|p2b: Sylveon|Hyper Voice|p1b: Kommo-o\n|-resisted|p1b: Kommo-o\n|-damage|p1b: Kommo-o|43\/100\n|\n|upkeep\n|turn|7\n|\n|t:|1700683804\n|move|p1b: Kommo-o|Clanging Scales|p2b: Sylveon|[spread] p2a\n|-immune|p2b: Sylveon\n|-damage|p2a: Ogerpon|0 fnt\n|faint|p2a: Ogerpon\n|-unboost|p1b: Kommo-o|def|1\n|move|p2b: Sylveon|Yawn|p1b: Kommo-o\n|-start|p1b: Kommo-o|move: Yawn|[of] p2b: Sylveon\n|\n|upkeep\n|\n|t:|1700683813\n|switch|p2a: Chien-Pao|Chien-Pao, L50|100\/100\n|-ability|p2a: Chien-Pao|Sword of Ruin\n|turn|8\n|\n|t:|1700683821\n|move|p2a: Chien-Pao|Protect|p2a: Chien-Pao\n|-singleturn|p2a: Chien-Pao|Protect\n|move|p2b: Sylveon|Protect|p2b: Sylveon\n|-singleturn|p2b: Sylveon|Protect\n|move|p1b: Kommo-o|Flash Cannon|p2a: Chien-Pao\n|-activate|p2a: Chien-Pao|move: Protect\n|\n|-end|p1b: Kommo-o|move: Yawn|[silent]\n|-status|p1b: Kommo-o|slp\n|upkeep\n|turn|9\n|\n|t:|1700683831\n|cant|p1b: Kommo-o|slp\n|move|p2a: Chien-Pao|Sacred Sword|p1b: Kommo-o\n|-supereffective|p1b: Kommo-o\n|-crit|p1b: Kommo-o\n|-damage|p1b: Kommo-o|0 fnt\n|faint|p1b: Kommo-o\n|\n|win|Euphemia Britannia\n|raw|Mujtabx's rating: 1305 &rarr; <strong>1285<\/strong><br \/>(-20 for losing)\n|raw|Euphemia Britannia's rating: 1308 &rarr; <strong>1328<\/strong><br \/>(+20 for winning)\n|l|\u2606Mujtabx\n","uploadtime":1700683890,"views":1,"p1id":"mujtabx","p2id":"euphemiabritannia","formatid":"gen9vgc2023regulatione","rating":1285,"private":0,"password":""}