{"id":"gen9vgc2023regulatione-1996553712","p1":"thrushery2","p2":"Excent","format":"[Gen 9] VGC 2023 Regulation E","log":"|j|\u2606thrushery2\n|j|\u2606Excent\n|t:|1700693639\n|gametype|doubles\n|player|p1|thrushery2|hilbert|1113\n|player|p2|Excent|102|1104\n|teamsize|p1|6\n|teamsize|p2|6\n|gen|9\n|tier|[Gen 9] VGC 2023 Regulation E\n|rated|\n|rule|Species Clause: Limit one of each Pok\u00e9mon\n|rule|Item Clause: Limit one of each item\n|clearpoke\n|poke|p1|Flutter Mane, L50|\n|poke|p1|Tornadus, L50, M|\n|poke|p1|Regieleki, L50|\n|poke|p1|Chi-Yu, L50|\n|poke|p1|Ogerpon-Wellspring, L50, F|\n|poke|p1|Indeedee-F, L50, F|\n|poke|p2|Drifblim, L50, M|\n|poke|p2|Politoed, L50, F|\n|poke|p2|Golem-Alola, L50, F|\n|poke|p2|Iron Valiant, L50|\n|poke|p2|Dugtrio-Alola, L50, F|\n|poke|p2|Overqwil, L50, F|\n|teampreview|4\nthrushery2 has agreed to open team sheets.\n|inactive|Battle timer is ON: inactive players will automatically lose when time's up. (requested by Excent)\n|\n|t:|1700693676\n|start\n|switch|p1a: Regieleki|Regieleki, L50|100\/100\n|switch|p1b: Chi-Yu|Chi-Yu, L50|100\/100\n|switch|p2a: Politoed|Politoed, L50, F, shiny|100\/100\n|switch|p2b: Overqwil|Overqwil, L50, F, shiny|100\/100\n|-ability|p1b: Chi-Yu|Beads of Ruin\n|-weather|RainDance|[from] ability: Drizzle|[of] p2a: Politoed\n|turn|1\n|inactive|Excent has 30 seconds left.\n|\n|t:|1700693701\n|switch|p2a: Golem|Golem-Alola, L50, F, shiny|100\/100\n|move|p2b: Overqwil|Swords Dance|p2b: Overqwil\n|-boost|p2b: Overqwil|atk|2\n|move|p1a: Regieleki|Electroweb|p2b: Overqwil|[spread] p2a,p2b\n|-resisted|p2a: Golem\n|-damage|p2a: Golem|81\/100\n|-damage|p2b: Overqwil|44\/100\n|-unboost|p2a: Golem|spe|1\n|-unboost|p2b: Overqwil|spe|1\n|move|p1b: Chi-Yu|Heat Wave|p2a: Golem|[spread] p2a\n|-miss|p1b: Chi-Yu|p2b: Overqwil\n|-resisted|p2a: Golem\n|-damage|p2a: Golem|64\/100\n|-damage|p1b: Chi-Yu|91\/100|[from] item: Life Orb\n|\n|-weather|RainDance|[upkeep]\n|-heal|p2a: Golem|70\/100|[from] item: Leftovers\n|upkeep\n|turn|2\n|inactive|thrushery2 has 30 seconds left.\n|inactive|Excent has 30 seconds left.\n|\n|t:|1700693730\n|move|p2b: Overqwil|Aqua Jet|p1b: Chi-Yu\n|-supereffective|p1b: Chi-Yu\n|-damage|p1b: Chi-Yu|0 fnt\n|faint|p1b: Chi-Yu\n|-damage|p2b: Overqwil|34\/100|[from] item: Life Orb\n|move|p1a: Regieleki|Thunderbolt|p2b: Overqwil\n|-damage|p2b: Overqwil|0 fnt\n|faint|p2b: Overqwil\n|move|p2a: Golem|High Horsepower|p1a: Regieleki|[miss]\n|-miss|p2a: Golem|p1a: Regieleki\n|\n|-weather|RainDance|[upkeep]\n|-heal|p2a: Golem|75\/100|[from] item: Leftovers\n|upkeep\n|c|\u2606thrushery2|!weak golem\n|c|!thrushery2|\/raw <div class=\"infobox\">Golem (ignoring abilities):<br \/><span class=\"message-effect-weak\">Weaknesses<\/span>: Fighting, <b>Grass<\/b>, Ground, Ice, Steel, <b>Water<\/b><br \/><span class=\"message-effect-resist\">Resistances<\/span>: Fire, Flying, Normal, <b>Poison<\/b>, Rock<br \/><span class=\"message-effect-immune\">Immunities<\/span>: Electric, Sandstorm damage<\/div>\n|\n|t:|1700693749\n|switch|p1b: Ogerpon|Ogerpon-Wellspring, L50, F|100\/100\n|switch|p2b: Drifblim|Drifblim, L50, M, shiny|100\/100\n|turn|3\n|c|\u2606thrushery2|!weak drifblim\n|c|!thrushery2|\/raw <div class=\"infobox\">Drifblim (ignoring abilities):<br \/><span class=\"message-effect-weak\">Weaknesses<\/span>: Dark, Electric, Ghost, Ice, Rock<br \/><span class=\"message-effect-resist\">Resistances<\/span>: <b>Bug<\/b>, Grass, Poison<br \/><span class=\"message-effect-immune\">Immunities<\/span>: Fighting, Ground, Normal, Trapping<\/div>\n|inactive|thrushery2 has 30 seconds left.\n|inactive|Excent has 30 seconds left.\n|\n|t:|1700693777\n|-terastallize|p2b: Drifblim|Electric\n|move|p1a: Regieleki|Tera Blast|p2b: Drifblim\n|-damage|p2b: Drifblim|78\/100\n|move|p1b: Ogerpon|Ivy Cudgel|p2a: Golem|[anim] Ivy Cudgel Water\n|-supereffective|p2a: Golem\n|-damage|p2a: Golem|0 fnt\n|faint|p2a: Golem\n|move|p2b: Drifblim|Trick Room|p2b: Drifblim\n|-fieldstart|move: Trick Room|[of] p2b: Drifblim\n|\n|-weather|RainDance|[upkeep]\n|-status|p2b: Drifblim|brn|[from] item: Flame Orb\n|upkeep\n|\n|t:|1700693791\n|switch|p2a: Politoed|Politoed, L50, F, shiny|100\/100\n|turn|4\n|\n|t:|1700693813\n|move|p1b: Ogerpon|Spiky Shield|p1b: Ogerpon\n|-singleturn|p1b: Ogerpon|move: Protect\n|move|p2a: Politoed|Psychic|p1a: Regieleki\n|-damage|p1a: Regieleki|60\/100\n|move|p2b: Drifblim|Thunderbolt|p1b: Ogerpon\n|-activate|p1b: Ogerpon|move: Protect\n|move|p1a: Regieleki|Electroweb|p2b: Drifblim|[spread] p2a\n|-miss|p1a: Regieleki|p2b: Drifblim\n|-supereffective|p2a: Politoed\n|-damage|p2a: Politoed|46\/100\n|-unboost|p2a: Politoed|spe|1\n|\n|-weather|RainDance|[upkeep]\n|-damage|p2b: Drifblim|72\/100 brn|[from] brn\n|upkeep\n|turn|5\n|inactive|thrushery2 has 30 seconds left.\n|inactive|Excent has 30 seconds left.\n|\n|t:|1700693847\n|move|p2a: Politoed|Weather Ball|p1a: Regieleki\n|-damage|p1a: Regieleki|0 fnt\n|faint|p1a: Regieleki\n|move|p2b: Drifblim|Thunderbolt|p1b: Ogerpon\n|-damage|p1b: Ogerpon|41\/100\n|move|p1b: Ogerpon|Ivy Cudgel|p2b: Drifblim|[anim] Ivy Cudgel Water\n|-damage|p2b: Drifblim|0 fnt\n|faint|p2b: Drifblim\n|\n|-weather|RainDance|[upkeep]\n|upkeep\n|\n|t:|1700693856\n|switch|p1a: Indeedee|Indeedee-F, L50, F|100\/100\n|-fieldstart|move: Psychic Terrain|[from] ability: Psychic Surge|[of] p1a: Indeedee\n|-enditem|p1a: Indeedee|Psychic Seed\n|-boost|p1a: Indeedee|spd|1|[from] item: Psychic Seed\n|turn|6\n|\n|t:|1700693869\n|move|p1a: Indeedee|Follow Me|p1a: Indeedee\n|-singleturn|p1a: Indeedee|move: Follow Me\n|move|p2a: Politoed|Weather Ball|p1a: Indeedee\n|-damage|p1a: Indeedee|56\/100\n|move|p1b: Ogerpon|Horn Leech|p2a: Politoed\n|-supereffective|p2a: Politoed\n|-damage|p2a: Politoed|0 fnt\n|-heal|p1b: Ogerpon|62\/100|[from] drain|[of] p2a: Politoed\n|faint|p2a: Politoed\n|\n|win|thrushery2\n|raw|thrushery2's rating: 1113 &rarr; <strong>1137<\/strong><br \/>(+24 for winning)\n|raw|Excent's rating: 1104 &rarr; <strong>1080<\/strong><br \/>(-24 for losing)\n|c|\u2606thrushery2|gg\n","uploadtime":1700693881,"views":26,"p1id":"thrushery2","p2id":"excent","formatid":"gen9vgc2023regulatione","rating":1080,"private":0,"password":""}