{"id":"gen9vgc2023regulatione-1994979127","p1":"taco_bowl_mx","p2":"Lord Bartlett","format":"[Gen 9] VGC 2023 Regulation E","log":"|j|\u2606taco_bowl_mx\n|j|\u2606Lord Bartlett\n|t:|1700510000\n|gametype|doubles\n|player|p1|taco_bowl_mx|dawn-gen4pt|1362\n|player|p2|Lord Bartlett|2|1289\n|teamsize|p1|6\n|teamsize|p2|6\n|gen|9\n|tier|[Gen 9] VGC 2023 Regulation E\n|rated|\n|rule|Species Clause: Limit one of each Pok\u00e9mon\n|rule|Item Clause: Limit one of each item\n|clearpoke\n|poke|p1|Flutter Mane, L50|\n|poke|p1|Chien-Pao, L50|\n|poke|p1|Iron Hands, L50|\n|poke|p1|Heatran, L50, M|\n|poke|p1|Ogerpon-Wellspring, L50, F|\n|poke|p1|Landorus-Therian, L50, M|\n|poke|p2|Dondozo, L50, M|\n|poke|p2|Tatsugiri-Stretchy, L50, M|\n|poke|p2|Chien-Pao, L50|\n|poke|p2|Dragonite, L50, M|\n|poke|p2|Scream Tail, L50|\n|poke|p2|Kleavor, L50, F|\n|teampreview|4\ntaco_bowl_mx has agreed to open team sheets.\n|inactive|Battle timer is ON: inactive players will automatically lose when time's up. (requested by Lord Bartlett)\n|\n|t:|1700510028\n|start\n|switch|p1a: Chien-Pao|Chien-Pao, L50|100\/100\n|switch|p1b: Flutter Mane|Flutter Mane, L50|100\/100\n|switch|p2a: Chien-Pao|Chien-Pao, L50|100\/100\n|switch|p2b: Dragonite|Dragonite, L50, M|100\/100\n|-ability|p1a: Chien-Pao|Sword of Ruin\n|-ability|p2a: Chien-Pao|Sword of Ruin\n|turn|1\n|inactive|taco_bowl_mx has 30 seconds left.\n|\n|t:|1700510061\n|-terastallize|p2b: Dragonite|Normal\n|move|p1a: Chien-Pao|Protect|p1a: Chien-Pao\n|-singleturn|p1a: Chien-Pao|Protect\n|move|p2a: Chien-Pao|Protect|p2a: Chien-Pao\n|-singleturn|p2a: Chien-Pao|Protect\n|move|p1b: Flutter Mane|Dazzling Gleam|p2a: Chien-Pao|[spread] p2b\n|-activate|p2a: Chien-Pao|move: Protect\n|-damage|p2b: Dragonite|61\/100\n|move|p2b: Dragonite|Rock Slide|p1a: Chien-Pao|[spread] p1b\n|-activate|p1a: Chien-Pao|move: Protect\n|-damage|p1b: Flutter Mane|37\/100\n|\n|upkeep\n|turn|2\n|inactive|taco_bowl_mx has 30 seconds left.\n|inactive|taco_bowl_mx has 20 seconds left.\n|inactive|taco_bowl_mx has 15 seconds left.\n|inactive|taco_bowl_mx has 10 seconds left.\n|inactive|taco_bowl_mx has 5 seconds left.\n|\n|t:|1700510116\n|switch|p1a: Iron Hands|Iron Hands, L50, shiny|100\/100\n|move|p2a: Chien-Pao|Sacred Sword|p1a: Iron Hands\n|-damage|p1a: Iron Hands|73\/100\n|move|p1b: Flutter Mane|Dazzling Gleam|p2b: Dragonite|[spread] p2a,p2b\n|-supereffective|p2a: Chien-Pao\n|-enditem|p2a: Chien-Pao|Focus Sash\n|-damage|p2a: Chien-Pao|1\/100\n|-damage|p2b: Dragonite|18\/100\n|move|p2b: Dragonite|Rock Slide|p1a: Iron Hands|[spread] p1a,p1b\n|-resisted|p1a: Iron Hands\n|-damage|p1a: Iron Hands|61\/100\n|-damage|p1b: Flutter Mane|0 fnt\n|faint|p1b: Flutter Mane\n|-end|p1b: Flutter Mane|Protosynthesis|[silent]\n|\n|upkeep\n|\n|t:|1700510132\n|switch|p1b: Ogerpon|Ogerpon-Wellspring, L50, F|100\/100\n|turn|3\n|\n|t:|1700510157\n|move|p2a: Chien-Pao|Protect|p2a: Chien-Pao\n|-singleturn|p2a: Chien-Pao|Protect\n|move|p1b: Ogerpon|Spiky Shield|p1b: Ogerpon\n|-singleturn|p1b: Ogerpon|move: Protect\n|move|p1a: Iron Hands|Fake Out|p2b: Dragonite\n|-damage|p2b: Dragonite|0 fnt\n|faint|p2b: Dragonite\n|\n|upkeep\n|\n|t:|1700510168\n|switch|p2b: Dondozo|Dondozo, L50, M|100\/100\n|turn|4\n|inactive|taco_bowl_mx has 30 seconds left.\n|\n|t:|1700510197\n|move|p2b: Dondozo|Protect|p2b: Dondozo\n|-singleturn|p2b: Dondozo|Protect\n|move|p2a: Chien-Pao|Ice Spinner|p1b: Ogerpon\n|-damage|p1b: Ogerpon|49\/100\n|move|p1b: Ogerpon|Horn Leech|p2b: Dondozo\n|-activate|p2b: Dondozo|move: Protect\n|move|p1a: Iron Hands|Wild Charge|p2b: Dondozo\n|-activate|p2b: Dondozo|move: Protect\n|\n|upkeep\n|turn|5\n|\n|t:|1700510219\n|switch|p2a: Tatsugiri|Tatsugiri-Stretchy, L50, M|100\/100\n|-activate|p2a: Tatsugiri|ability: Commander|[of] p2b: Dondozo\n|-boost|p2b: Dondozo|atk|2\n|-boost|p2b: Dondozo|spa|2\n|-boost|p2b: Dondozo|spe|2\n|-boost|p2b: Dondozo|def|2\n|-boost|p2b: Dondozo|spd|2\n|move|p1b: Ogerpon|Spiky Shield|p1b: Ogerpon\n|-singleturn|p1b: Ogerpon|move: Protect\n|move|p2b: Dondozo|Earthquake|p1b: Ogerpon|[spread] p1a\n|-miss|p2b: Dondozo|p2a: Tatsugiri\n|-activate|p1b: Ogerpon|move: Protect\n|-supereffective|p1a: Iron Hands\n|-damage|p1a: Iron Hands|0 fnt\n|faint|p1a: Iron Hands\n|-end|p1a: Iron Hands|Quark Drive|[silent]\n|\n|upkeep\n|\n|t:|1700510235\n|switch|p1a: Chien-Pao|Chien-Pao, L50|100\/100\n|-ability|p1a: Chien-Pao|Sword of Ruin\n|turn|6\n|\n|t:|1700510251\n|move|p1a: Chien-Pao|Haze|p1a: Chien-Pao\n|-clearallboost\n|move|p1b: Ogerpon|Horn Leech|p2b: Dondozo\n|-supereffective|p2b: Dondozo\n|-damage|p2b: Dondozo|26\/100\n|-heal|p1b: Ogerpon|94\/100|[from] drain|[of] p2b: Dondozo\n|move|p2b: Dondozo|Order Up|p1b: Ogerpon\n|-damage|p1b: Ogerpon|61\/100\n|-boost|p2b: Dondozo|spe|1\n|\n|-heal|p2b: Dondozo|32\/100|[from] item: Leftovers\n|upkeep\n|turn|7\n|-message|Lord Bartlett forfeited.\n|\n|win|taco_bowl_mx\n|raw|taco_bowl_mx's rating: 1362 &rarr; <strong>1378<\/strong><br \/>(+16 for winning)\n|raw|Lord Bartlett's rating: 1289 &rarr; <strong>1269<\/strong><br \/>(-20 for losing)\n|l|\u2606Lord Bartlett\n","uploadtime":1700510269,"views":6,"p1id":"tacobowlmx","p2id":"lordbartlett","formatid":"gen9vgc2023regulatione","rating":1269,"private":0,"password":""}