{"id":"gen9vgc2023regulatione-1990355758","p1":"D4nkw33b","p2":"Vandriyannon","format":"[Gen 9] VGC 2023 Regulation E","log":"|j|\u2606D4nkw33b\n|j|\u2606Vandriyannon\n|t:|1699961401\n|gametype|doubles\n|player|p1|D4nkw33b|102|1057\n|player|p2|Vandriyannon|265|1128\n|teamsize|p1|6\n|teamsize|p2|6\n|gen|9\n|tier|[Gen 9] VGC 2023 Regulation E\n|rated|\n|rule|Species Clause: Limit one of each Pok\u00e9mon\n|rule|Item Clause: Limit one of each item\n|clearpoke\n|poke|p1|Pelipper, L50, F|\n|poke|p1|Basculegion, L50, M|\n|poke|p1|Pawmot, L50, F|\n|poke|p1|Klefki, L50, M|\n|poke|p1|Kingambit, L50, F|\n|poke|p1|Overqwil, L50, M|\n|poke|p2|Mamoswine, L50, F|\n|poke|p2|Empoleon, L50, F|\n|poke|p2|Salamence, L50, M|\n|poke|p2|Shiftry, L50, F|\n|poke|p2|Gengar, L50, F|\n|poke|p2|Iron Moth, L50|\n|teampreview|4\n|inactive|Battle timer is ON: inactive players will automatically lose when time's up. (requested by D4nkw33b)\n|\n|t:|1699961424\n|start\n|switch|p1a: Pawmot|Pawmot, L50, F|100\/100\n|switch|p1b: Klefki|Klefki, L50, M|100\/100\n|switch|p2a: Salamence|Salamence, L50, M|100\/100\n|switch|p2b: Shiftry|Shiftry, L50, F|100\/100\n|-ability|p2a: Salamence|Intimidate|boost\n|-unboost|p1a: Pawmot|atk|1\n|-unboost|p1b: Klefki|atk|1\n|turn|1\n|\n|t:|1699961445\n|-terastallize|p2a: Salamence|Steel\n|move|p1a: Pawmot|Fake Out|p2a: Salamence\n|-resisted|p2a: Salamence\n|-damage|p2a: Salamence|95\/100\n|move|p2b: Shiftry|Fake Out|p1b: Klefki\n|-resisted|p1b: Klefki\n|-damage|p1b: Klefki|94\/100\n|cant|p1b: Klefki|flinch\n|cant|p2a: Salamence|flinch\n|\n|upkeep\n|turn|2\n|\n|t:|1699961466\n|switch|p2b: Mamoswine|Mamoswine, L50, F|100\/100\n|move|p1b: Klefki|Thunder Wave|p2a: Salamence\n|-status|p2a: Salamence|par\n|move|p1a: Pawmot|Ice Punch|p2b: Mamoswine\n|-damage|p2b: Mamoswine|88\/100\n|cant|p2a: Salamence|par\n|\n|upkeep\n|turn|3\n|\n|t:|1699961487\n|switch|p2a: Shiftry|Shiftry, L50, F|100\/100\n|move|p1a: Pawmot|Protect|p1a: Pawmot\n|-singleturn|p1a: Pawmot|Protect\n|move|p2b: Mamoswine|High Horsepower|p1b: Klefki\n|-supereffective|p1b: Klefki\n|-damage|p1b: Klefki|3\/100\n|move|p1b: Klefki|Dazzling Gleam|p2b: Mamoswine|[spread] p2a,p2b\n|-supereffective|p2a: Shiftry\n|-damage|p2a: Shiftry|34\/100\n|-damage|p2b: Mamoswine|73\/100\n|\n|upkeep\n|turn|4\n|inactive|D4nkw33b has 30 seconds left.\n|\n|t:|1699961513\n|move|p2a: Shiftry|Fake Out|p1b: Klefki\n|-resisted|p1b: Klefki\n|-damage|p1b: Klefki|0 fnt\n|faint|p1b: Klefki\n|move|p1a: Pawmot|Ice Punch|p2a: Shiftry\n|-supereffective|p2a: Shiftry\n|-damage|p2a: Shiftry|0 fnt\n|faint|p2a: Shiftry\n|move|p2b: Mamoswine|High Horsepower|p1a: Pawmot\n|-supereffective|p1a: Pawmot\n|-damage|p1a: Pawmot|0 fnt\n|faint|p1a: Pawmot\n|\n|upkeep\n|\n|t:|1699961526\n|switch|p1a: Basculegion|Basculegion, L50, M|100\/100\n|switch|p2a: Salamence|Salamence, L50, M, tera:Steel|95\/100 par\n|switch|p1b: Kingambit|Kingambit, L50, F|100\/100\n|-ability|p2a: Salamence|Intimidate|boost\n|-unboost|p1a: Basculegion|atk|1\n|-unboost|p1b: Kingambit|atk|1\n|-ability|p1b: Kingambit|Defiant|boost\n|-boost|p1b: Kingambit|atk|2\n|turn|5\n|\n|t:|1699961549\n|move|p2b: Mamoswine|High Horsepower|p1b: Kingambit\n|-supereffective|p1b: Kingambit\n|-damage|p1b: Kingambit|18\/100\n|move|p1a: Basculegion|Last Respects|p2b: Mamoswine\n|-damage|p2b: Mamoswine|0 fnt\n|faint|p2b: Mamoswine\n|move|p2a: Salamence|Tailwind|p2a: Salamence\n|-sidestart|p2: Vandriyannon|move: Tailwind\n|move|p1b: Kingambit|Iron Head|p2a: Salamence\n|-resisted|p2a: Salamence\n|-damage|p2a: Salamence|54\/100 par\n|\n|upkeep\n|\n|t:|1699961561\n|switch|p2b: Iron Moth|Iron Moth, L50|100\/100\n|-enditem|p2b: Iron Moth|Booster Energy\n|-activate|p2b: Iron Moth|ability: Quark Drive|[fromitem]\n|-start|p2b: Iron Moth|quarkdrivespe\n|turn|6\n|\n|t:|1699961577\n|move|p1b: Kingambit|Sucker Punch|p2b: Iron Moth\n|-damage|p2b: Iron Moth|12\/100\n|move|p2b: Iron Moth|Bug Buzz|p1b: Kingambit\n|-damage|p1b: Kingambit|0 fnt\n|faint|p1b: Kingambit\n|move|p2a: Salamence|Draco Meteor|p1a: Basculegion\n|-damage|p1a: Basculegion|23\/100\n|-unboost|p2a: Salamence|spa|2\n|-damage|p2a: Salamence|44\/100 par|[from] item: Life Orb\n|move|p1a: Basculegion|Last Respects|p2b: Iron Moth\n|-damage|p2b: Iron Moth|0 fnt\n|faint|p2b: Iron Moth\n|-end|p2b: Iron Moth|Quark Drive|[silent]\n|\n|upkeep\n|turn|7\n|\n|t:|1699961596\n|cant|p2a: Salamence|par\n|move|p1a: Basculegion|Last Respects|p2a: Salamence\n|-crit|p2a: Salamence\n|-damage|p2a: Salamence|0 fnt\n|faint|p2a: Salamence\n|\n|win|D4nkw33b\n|raw|D4nkw33b's rating: 1057 &rarr; <strong>1095<\/strong><br \/>(+38 for winning)\n|raw|Vandriyannon's rating: 1128 &rarr; <strong>1098<\/strong><br \/>(-30 for losing)\n|c|\u2606D4nkw33b|gg\n|l|\u2606Vandriyannon\n","uploadtime":1699961604,"views":10,"p1id":"d4nkw33b","p2id":"vandriyannon","formatid":"gen9vgc2023regulatione","rating":1095,"private":0,"password":""}