{"id":"gen9vgc2023regulatione-1991572081","p1":"Greed_escarlata","p2":"Angelhuberpokr","format":"[Gen 9] VGC 2023 Regulation E","log":"|j|\u2606Greed_escarlata\n|j|\u2606Angelhuberpokr\n|t:|1700089676\n|gametype|doubles\n|player|p1|Greed_escarlata|shadowtriad|1100\n|player|p2|Angelhuberpokr|nate|1076\n|teamsize|p1|6\n|teamsize|p2|6\n|gen|9\n|tier|[Gen 9] VGC 2023 Regulation E\n|rated|\n|rule|Species Clause: Limit one of each Pok\u00e9mon\n|rule|Item Clause: Limit one of each item\n|clearpoke\n|poke|p1|Dudunsparce-*, L50, M|\n|poke|p1|Flutter Mane, L50|\n|poke|p1|Zoroark-Hisui, L50, F|\n|poke|p1|Ogerpon-Hearthflame, L50, F|\n|poke|p1|Goodra-Hisui, L50, F|\n|poke|p1|Urshifu-*, L50, F|\n|poke|p2|Moltres-Galar, L50|\n|poke|p2|Flutter Mane, L50|\n|poke|p2|Landorus-Therian, L50, M|\n|poke|p2|Grimmsnarl, L50, M|\n|poke|p2|Iron Hands, L50|\n|poke|p2|Gholdengo, L50|\n|teampreview|4\n|inactive|Battle timer is ON: inactive players will automatically lose when time's up. (requested by Angelhuberpokr)\n|inactive|Greed_escarlata has 60 seconds left.\n|\n|t:|1700089744\n|start\n|switch|p1a: Dudunsparce|Dudunsparce-Three-Segment, L50, M|100\/100\n|switch|p1b: Flutter Mane|Flutter Mane, L50|100\/100\n|switch|p2a: Grimmsnarl|Grimmsnarl, L50, M|100\/100\n|switch|p2b: Gholdengo|Gholdengo, L50|100\/100\n|turn|1\n|\n|t:|1700089764\n|move|p2a: Grimmsnarl|Light Screen|p2a: Grimmsnarl\n|-sidestart|p2: Angelhuberpokr|move: Light Screen\n|move|p1b: Flutter Mane|Shadow Ball|p2b: Gholdengo\n|-supereffective|p2b: Gholdengo\n|-damage|p2b: Gholdengo|9\/100\n|move|p2b: Gholdengo|Nasty Plot|p2b: Gholdengo\n|-boost|p2b: Gholdengo|spa|2\n|move|p1a: Dudunsparce|Tailwind|p1a: Dudunsparce\n|-sidestart|p1: Greed_escarlata|move: Tailwind\n|\n|-heal|p2b: Gholdengo|15\/100|[from] item: Leftovers\n|upkeep\n|turn|2\n|\n|t:|1700089789\n|move|p2a: Grimmsnarl|Parting Shot|p1b: Flutter Mane\n|-unboost|p1b: Flutter Mane|atk|1\n|-unboost|p1b: Flutter Mane|spa|1\n|\n|t:|1700089793\n|switch|p2a: Landorus|Landorus-Therian, L50, M|100\/100|[from] Parting Shot\n|-ability|p2a: Landorus|Intimidate|boost\n|-unboost|p1a: Dudunsparce|atk|1\n|-unboost|p1b: Flutter Mane|atk|1\n|move|p1b: Flutter Mane|Shadow Ball|p2b: Gholdengo\n|-supereffective|p2b: Gholdengo\n|-damage|p2b: Gholdengo|0 fnt\n|faint|p2b: Gholdengo\n|move|p1a: Dudunsparce|Body Slam|p2a: Landorus\n|-damage|p2a: Landorus|79\/100\n|\n|upkeep\n|\n|t:|1700089797\n|switch|p2b: Grimmsnarl|Grimmsnarl, L50, M|100\/100\n|turn|3\n|\n|t:|1700089813\n|-end|p1b: Flutter Mane|Protosynthesis|[silent]\n|switch|p1b: Urshifu|Urshifu, L50, F|100\/100\n|move|p2b: Grimmsnarl|Parting Shot|p1b: Urshifu\n|-hint|Since gen 7, Dark is immune to Prankster moves.\n|-immune|p1b: Urshifu\n|move|p2a: Landorus|Rock Slide|p1b: Urshifu|[spread] p1a\n|-miss|p2a: Landorus|p1b: Urshifu\n|-damage|p1a: Dudunsparce|83\/100\n|move|p1a: Dudunsparce|Body Slam|p2a: Landorus\n|-damage|p2a: Landorus|57\/100\n|\n|upkeep\n|turn|4\n|\n|t:|1700089832\n|move|p2b: Grimmsnarl|Reflect|p2b: Grimmsnarl\n|-sidestart|p2: Angelhuberpokr|Reflect\n|move|p1b: Urshifu|Wicked Blow|p2a: Landorus\n|-crit|p2a: Landorus\n|-damage|p2a: Landorus|0 fnt\n|faint|p2a: Landorus\n|-damage|p1b: Urshifu|91\/100|[from] item: Life Orb\n|move|p1a: Dudunsparce|Body Slam|p2b: Grimmsnarl\n|-damage|p2b: Grimmsnarl|87\/100\n|-status|p2b: Grimmsnarl|par\n|\n|-sideend|p1: Greed_escarlata|move: Tailwind\n|upkeep\n|\n|t:|1700089838\n|switch|p2a: Flutter Mane|Flutter Mane, L50|100\/100\n|-enditem|p2a: Flutter Mane|Booster Energy\n|-activate|p2a: Flutter Mane|ability: Protosynthesis|[fromitem]\n|-start|p2a: Flutter Mane|protosynthesisspe\n|turn|5\n|\n|t:|1700089850\n|-terastallize|p2a: Flutter Mane|Water\n|move|p1b: Urshifu|Protect|p1b: Urshifu\n|-singleturn|p1b: Urshifu|Protect\n|cant|p2b: Grimmsnarl|par\n|move|p2a: Flutter Mane|Moonblast|p1b: Urshifu\n|-activate|p1b: Urshifu|move: Protect\n|move|p1a: Dudunsparce|Tailwind|p1a: Dudunsparce\n|-sidestart|p1: Greed_escarlata|move: Tailwind\n|\n|upkeep\n|turn|6\n|\n|t:|1700089875\n|switch|p1b: Flutter Mane|Flutter Mane, L50|100\/100\n|move|p2b: Grimmsnarl|Parting Shot|p1a: Dudunsparce\n|-unboost|p1a: Dudunsparce|atk|1\n|-unboost|p1a: Dudunsparce|spa|1\n|move|p2a: Flutter Mane|Moonblast|p1b: Flutter Mane\n|-damage|p1b: Flutter Mane|54\/100\n|move|p1a: Dudunsparce|Body Slam|p2a: Flutter Mane\n|-damage|p2a: Flutter Mane|83\/100\n|\n|upkeep\n|turn|7\n|\n|t:|1700089895\n|move|p2b: Grimmsnarl|Parting Shot|p1b: Flutter Mane\n|-unboost|p1b: Flutter Mane|atk|1\n|-unboost|p1b: Flutter Mane|spa|1\n|move|p1b: Flutter Mane|Dazzling Gleam|p2a: Flutter Mane|[spread] p2a,p2b\n|-supereffective|p2b: Grimmsnarl\n|-damage|p2a: Flutter Mane|62\/100\n|-damage|p2b: Grimmsnarl|45\/100 par\n|move|p2a: Flutter Mane|Moonblast|p1b: Flutter Mane\n|-damage|p1b: Flutter Mane|7\/100\n|-unboost|p1b: Flutter Mane|spa|1\n|move|p1a: Dudunsparce|Rock Slide|p2a: Flutter Mane|[spread] p2a\n|-miss|p1a: Dudunsparce|p2b: Grimmsnarl\n|-crit|p2a: Flutter Mane\n|-damage|p2a: Flutter Mane|28\/100\n|\n|upkeep\n|turn|8\n|inactive|Angelhuberpokr has 30 seconds left.\n|\n|t:|1700089921\n|-end|p1b: Flutter Mane|Protosynthesis|[silent]\n|switch|p1b: balance all|Ogerpon-Hearthflame, L50, F|100\/100\n|-ability|p1b: balance all|Mold Breaker\n|cant|p2b: Grimmsnarl|par\n|move|p2a: Flutter Mane|Moonblast|p1b: balance all\n|-resisted|p1b: balance all\n|-damage|p1b: balance all|75\/100\n|move|p1a: Dudunsparce|Body Slam|p2a: Flutter Mane\n|-damage|p2a: Flutter Mane|11\/100\n|-status|p2a: Flutter Mane|par\n|\n|-sideend|p2: Angelhuberpokr|move: Light Screen\n|-sideend|p1: Greed_escarlata|move: Tailwind\n|upkeep\n|turn|9\n|\n|t:|1700089936\n|move|p2b: Grimmsnarl|Parting Shot|p1b: balance all\n|-unboost|p1b: balance all|atk|1\n|-unboost|p1b: balance all|spa|1\n|move|p1b: balance all|Ivy Cudgel|p2b: Grimmsnarl|[anim] Ivy Cudgel Fire\n|-damage|p2b: Grimmsnarl|23\/100 par\n|move|p2a: Flutter Mane|Moonblast|p1b: balance all\n|-resisted|p1b: balance all\n|-damage|p1b: balance all|51\/100\n|move|p1a: Dudunsparce|Rock Slide|p2b: Grimmsnarl|[spread] p2a,p2b\n|-damage|p2a: Flutter Mane|4\/100 par\n|-damage|p2b: Grimmsnarl|19\/100 par\n|\n|upkeep\n|turn|10\n|\n|t:|1700089955\n|move|p2b: Grimmsnarl|Parting Shot|p1b: balance all\n|-unboost|p1b: balance all|atk|1\n|-unboost|p1b: balance all|spa|1\n|move|p1b: balance all|Ivy Cudgel|p2b: Grimmsnarl|[anim] Ivy Cudgel Fire\n|-damage|p2b: Grimmsnarl|2\/100 par\n|move|p2a: Flutter Mane|Mystical Fire|p1b: balance all\n|-damage|p1b: balance all|24\/100\n|-unboost|p1b: balance all|spa|1\n|move|p1a: Dudunsparce|Rock Slide|p2a: Flutter Mane|[spread] p2a,p2b\n|-damage|p2a: Flutter Mane|0 fnt\n|-damage|p2b: Grimmsnarl|0 fnt\n|faint|p2a: Flutter Mane\n|-end|p2a: Flutter Mane|Protosynthesis|[silent]\n|faint|p2b: Grimmsnarl\n|\n|win|Greed_escarlata\n|raw|Greed_escarlata's rating: 1100 &rarr; <strong>1123<\/strong><br \/>(+23 for winning)\n|raw|Angelhuberpokr's rating: 1076 &rarr; <strong>1056<\/strong><br \/>(-20 for losing)\n|l|\u2606Angelhuberpokr\n","uploadtime":1700089972,"views":16,"p1id":"greedescarlata","p2id":"angelhuberpokr","formatid":"gen9vgc2023regulatione","rating":1056,"private":0,"password":""}