{"id":"gen9vgc2023regulatione-1989430919","p1":"Boloinabox","p2":"fjll233","format":"[Gen 9] VGC 2023 Regulation E","log":"|j|\u2606Boloinabox\n|j|\u2606fjll233\n|t:|1699849422\n|gametype|doubles\n|player|p1|Boloinabox|flint|1276\n|player|p2|fjll233|roughneck-gen4|1264\n|teamsize|p1|6\n|teamsize|p2|6\n|gen|9\n|tier|[Gen 9] VGC 2023 Regulation E\n|rated|\n|rule|Species Clause: Limit one of each Pok\u00e9mon\n|rule|Item Clause: Limit one of each item\n|clearpoke\n|poke|p1|Vaporeon, L50, M|\n|poke|p1|Gholdengo, L50|\n|poke|p1|Pelipper, L50, F|\n|poke|p1|Tinkaton, L50, F|\n|poke|p1|Salamence, L50, F|\n|poke|p1|Iron Hands, L50|\n|poke|p2|Weezing, L50, M|\n|poke|p2|Iron Bundle, L50|\n|poke|p2|Urshifu-*, L50, M|\n|poke|p2|Gholdengo, L50|\n|poke|p2|Rillaboom, L50, M|\n|poke|p2|Landorus-Therian, L50, M|\n|teampreview|4\n|inactive|Battle timer is ON: inactive players will automatically lose when time's up. (requested by Boloinabox)\n|inactive|fjll233 also wants the timer to be on.\n|\n|t:|1699849450\n|start\n|switch|p1a: Pelipper|Pelipper, L50, F|100\/100\n|switch|p1b: Vaporeon|Vaporeon, L50, M|100\/100\n|switch|p2a: \u7761\u5b8c\u5de6\u8fb9|Weezing, L50, M|100\/100\n|switch|p2b: Gholdengo|Gholdengo, L50|100\/100\n|-ability|p2a: \u7761\u5b8c\u5de6\u8fb9|Neutralizing Gas\n|turn|1\n|\n|t:|1699849463\n|move|p2b: Gholdengo|Thunderbolt|p1a: Pelipper\n|-supereffective|p1a: Pelipper\n|-enditem|p1a: Pelipper|Focus Sash\n|-damage|p1a: Pelipper|1\/100\n|move|p1a: Pelipper|Tailwind|p1a: Pelipper\n|-sidestart|p1: Boloinabox|move: Tailwind\n|move|p1b: Vaporeon|Calm Mind|p1b: Vaporeon\n|-boost|p1b: Vaporeon|spa|1\n|-boost|p1b: Vaporeon|spd|1\n|move|p2a: \u7761\u5b8c\u5de6\u8fb9|Taunt|p1b: Vaporeon\n|-start|p1b: Vaporeon|move: Taunt\n|\n|upkeep\n|turn|2\n|inactive|Boloinabox has 30 seconds left.\n|inactive|fjll233 has 30 seconds left.\n|\n|t:|1699849492\n|switch|p1a: Iron Hands|Iron Hands, L50|100\/100\n|-terastallize|p1b: Vaporeon|Fire\n|move|p2b: Gholdengo|Thunderbolt|p1b: Vaporeon\n|-damage|p1b: Vaporeon|80\/100\n|-status|p1b: Vaporeon|par\n|move|p1b: Vaporeon|Muddy Water|p2a: \u7761\u5b8c\u5de6\u8fb9|[spread] p2a,p2b\n|-damage|p2a: \u7761\u5b8c\u5de6\u8fb9|57\/100\n|-damage|p2b: Gholdengo|41\/100\n|move|p2a: \u7761\u5b8c\u5de6\u8fb9|Will-O-Wisp||[still]\n|-fail|p2a: \u7761\u5b8c\u5de6\u8fb9\n|\n|-heal|p1b: Vaporeon|86\/100 par|[from] item: Leftovers\n|-heal|p2a: \u7761\u5b8c\u5de6\u8fb9|63\/100|[from] item: Leftovers\n|upkeep\n|turn|3\n|inactive|fjll233 has 30 seconds left.\n|\n|t:|1699849520\n|switch|p2b: Rillaboom|Rillaboom, L50, M|100\/100\n|move|p2a: \u7761\u5b8c\u5de6\u8fb9|Protect|p2a: \u7761\u5b8c\u5de6\u8fb9\n|-singleturn|p2a: \u7761\u5b8c\u5de6\u8fb9|Protect\n|move|p1a: Iron Hands|Fake Out|p2a: \u7761\u5b8c\u5de6\u8fb9\n|-activate|p2a: \u7761\u5b8c\u5de6\u8fb9|move: Protect\n|move|p1b: Vaporeon|Muddy Water|p2a: \u7761\u5b8c\u5de6\u8fb9|[spread] p2b\n|-activate|p2a: \u7761\u5b8c\u5de6\u8fb9|move: Protect\n|-resisted|p2b: Rillaboom\n|-damage|p2b: Rillaboom|84\/100\n|\n|-heal|p1b: Vaporeon|92\/100 par|[from] item: Leftovers\n|-heal|p2a: \u7761\u5b8c\u5de6\u8fb9|69\/100|[from] item: Leftovers\n|upkeep\n|turn|4\n|\n|t:|1699849544\n|move|p2b: Rillaboom|Fake Out|p1b: Vaporeon\n|-damage|p1b: Vaporeon|76\/100 par\n|move|p1a: Iron Hands|Drain Punch|p2b: Rillaboom\n|-damage|p2b: Rillaboom|44\/100\n|cant|p1b: Vaporeon|flinch\n|move|p2a: \u7761\u5b8c\u5de6\u8fb9|Will-O-Wisp|p1a: Iron Hands|[miss]\n|-miss|p2a: \u7761\u5b8c\u5de6\u8fb9|p1a: Iron Hands\n|\n|-heal|p1b: Vaporeon|82\/100 par|[from] item: Leftovers\n|-heal|p2a: \u7761\u5b8c\u5de6\u8fb9|74\/100|[from] item: Leftovers\n|-end|p1b: Vaporeon|move: Taunt\n|-sideend|p1: Boloinabox|move: Tailwind\n|upkeep\n|turn|5\n|\n|t:|1699849568\n|-end|p1a: Iron Hands|Quark Drive|[silent]\n|switch|p1a: Salamence|Salamence, L50, F|100\/100\n|move|p2b: Rillaboom|High Horsepower|p1b: Vaporeon\n|-supereffective|p1b: Vaporeon\n|-damage|p1b: Vaporeon|16\/100 par\n|move|p2a: \u7761\u5b8c\u5de6\u8fb9|Will-O-Wisp|p1a: Salamence\n|-status|p1a: Salamence|brn\n|move|p1b: Vaporeon|Calm Mind|p1b: Vaporeon\n|-boost|p1b: Vaporeon|spa|1\n|-boost|p1b: Vaporeon|spd|1\n|\n|-heal|p2a: \u7761\u5b8c\u5de6\u8fb9|80\/100|[from] item: Leftovers\n|-heal|p1b: Vaporeon|22\/100 par|[from] item: Leftovers\n|-damage|p1a: Salamence|95\/100 brn|[from] brn\n|upkeep\n|turn|6\n|inactive|fjll233 has 30 seconds left.\n|\n|t:|1699849597\n|-end|p2a: \u7761\u5b8c\u5de6\u8fb9|ability: Neutralizing Gas\n|-ability|p1a: Salamence|Intimidate|boost\n|-unboost|p2a: \u7761\u5b8c\u5de6\u8fb9|atk|1\n|-unboost|p2b: Rillaboom|atk|1\n|-fieldstart|move: Grassy Terrain|[from] ability: Grassy Surge|[of] p2b: Rillaboom\n|switch|p2a: Landorus|Landorus-Therian, L50, M|100\/100\n|-ability|p2a: Landorus|Intimidate|boost\n|-unboost|p1a: Salamence|atk|1\n|-unboost|p1b: Vaporeon|atk|1\n|move|p2b: Rillaboom|Grassy Glide|p1b: Vaporeon\n|-resisted|p1b: Vaporeon\n|-damage|p1b: Vaporeon|9\/100 par\n|move|p1a: Salamence|Air Slash|p2b: Rillaboom\n|-supereffective|p2b: Rillaboom\n|-damage|p2b: Rillaboom|0 fnt\n|faint|p2b: Rillaboom\n|move|p1b: Vaporeon|Muddy Water|p2a: Landorus\n|-supereffective|p2a: Landorus\n|-damage|p2a: Landorus|0 fnt\n|faint|p2a: Landorus\n|\n|-heal|p1b: Vaporeon|15\/100 par|[from] Grassy Terrain\n|-heal|p1b: Vaporeon|21\/100 par|[from] item: Leftovers\n|-damage|p1a: Salamence|89\/100 brn|[from] brn\n|upkeep\n|\n|t:|1699849619\n|switch|p2a: \u7761\u5b8c\u5de6\u8fb9|Weezing, L50, M|80\/100\n|switch|p2b: Gholdengo|Gholdengo, L50|41\/100\n|-ability|p2a: \u7761\u5b8c\u5de6\u8fb9|Neutralizing Gas\n|turn|7\n|\n|t:|1699849643\n|move|p1a: Salamence|Air Slash|p2b: Gholdengo\n|-resisted|p2b: Gholdengo\n|-damage|p2b: Gholdengo|20\/100\n|move|p2b: Gholdengo|Shadow Ball|p1b: Vaporeon\n|-damage|p1b: Vaporeon|3\/100 par\n|move|p2a: \u7761\u5b8c\u5de6\u8fb9|Sludge Bomb|p1a: Salamence\n|-damage|p1a: Salamence|55\/100 brn\n|move|p1b: Vaporeon|Muddy Water|p2b: Gholdengo|[spread] p2a,p2b\n|-damage|p2a: \u7761\u5b8c\u5de6\u8fb9|12\/100\n|-damage|p2b: Gholdengo|0 fnt\n|faint|p2b: Gholdengo\n|\n|-heal|p2a: \u7761\u5b8c\u5de6\u8fb9|17\/100|[from] Grassy Terrain\n|-heal|p2a: \u7761\u5b8c\u5de6\u8fb9|23\/100|[from] item: Leftovers\n|-heal|p1b: Vaporeon|9\/100 par|[from] Grassy Terrain\n|-heal|p1b: Vaporeon|15\/100 par|[from] item: Leftovers\n|-damage|p1a: Salamence|49\/100 brn|[from] brn\n|upkeep\n|turn|8\n|-message|fjll233 forfeited.\n|\n|win|Boloinabox\n|raw|Boloinabox's rating: 1276 &rarr; <strong>1300<\/strong><br \/>(+24 for winning)\n|raw|fjll233's rating: 1264 &rarr; <strong>1240<\/strong><br \/>(-24 for losing)\n|l|\u2606fjll233\n","uploadtime":1699849679,"views":8,"p1id":"boloinabox","p2id":"fjll233","formatid":"gen9vgc2023regulatione","rating":1240,"private":0,"password":""}