{"id":"gen9vgc2023regulatione-1999280931","p1":"J4ce","p2":"BOhm11","format":"[Gen 9] VGC 2023 Regulation E","log":"|j|\u2606J4ce\n|j|\u2606BOhm11\n|n|\u2606J4ce|j4ce\n|n|\u2606BOhm11|bohm11\n|html|View the match progress at <a href=\"\/game-bestof3-gen9vgc2023regulatione-1999276599\">game-bestof3-gen9vgc2023regulatione-1999276599<\/a>\n|t:|1701054536\n|gametype|doubles\n|player|p1|J4ce|sordward|\n|player|p2|BOhm11|169|\n|teamsize|p1|6\n|teamsize|p2|6\n|gen|9\n|tier|[Gen 9] VGC 2023 Regulation E\n|rule|Species Clause: Limit one of each Pok\u00e9mon\n|rule|Item Clause: Limit one of each item\n|clearpoke\n|poke|p1|Roaring Moon, L50|\n|poke|p1|Scizor, L50, M|\n|poke|p1|Weezing-Galar, L50, F|\n|poke|p1|Slaking, L50, M|\n|poke|p1|Delphox, L50, F|\n|poke|p1|Avalugg-Hisui, L50, F|\n|poke|p2|Fezandipiti, L50, M|\n|poke|p2|Iron Bundle, L50|\n|poke|p2|Slowking, L50, F|\n|poke|p2|Sandslash-Alola, L50, F|\n|poke|p2|Baxcalibur, L50, F|\n|poke|p2|Abomasnow, L50, M|\n|teampreview|4\n|c|\u2606BOhm11|g2\n|c|\u2606BOhm11|glhf!\n|j| JDBspectator\n|j| sucabaVGC\n|\n|t:|1701054631\n|start\n|switch|p1a: Aizawa|Weezing-Galar, L50, F|100\/100\n|switch|p1b: Iron Man|Scizor, L50, M|100\/100\n|switch|p2a: Iron Bundle|Iron Bundle, L50|100\/100\n|switch|p2b: Abomasnow|Abomasnow, L50, M|100\/100\n|-ability|p1a: Aizawa|Neutralizing Gas\n|-block|p2b: Abomasnow|item: Ability Shield\n|-weather|Snow|[from] ability: Snow Warning|[of] p2b: Abomasnow\n|-enditem|p2a: Iron Bundle|Booster Energy\n|-activate|p2a: Iron Bundle|ability: Quark Drive|[fromitem]\n|-start|p2a: Iron Bundle|quarkdrivespe\n|turn|1\n|c|\u2606J4ce|glhf!\n|\n|t:|1701054654\n|move|p2a: Iron Bundle|Hydro Pump|p1b: Iron Man\n|-damage|p1b: Iron Man|36\/100\n|move|p1b: Iron Man|Close Combat|p2a: Iron Bundle\n|-supereffective|p2a: Iron Bundle\n|-damage|p2a: Iron Bundle|0 fnt\n|-unboost|p1b: Iron Man|def|1\n|-unboost|p1b: Iron Man|spd|1\n|faint|p2a: Iron Bundle\n|-end|p2a: Iron Bundle|Quark Drive|[silent]\n|move|p1a: Aizawa|Taunt|p2b: Abomasnow\n|-start|p2b: Abomasnow|move: Taunt\n|cant|p2b: Abomasnow|move: Taunt|Aurora Veil\n|\n|-weather|Snow|[upkeep]\n|upkeep\n|j| BBRAFF\n|j| Tuxmux\n|l| BBRAFF\n|\n|t:|1701054666\n|switch|p2a: Scarf Season|Fezandipiti, L50, M|100\/100\n|turn|2\n|c|\u2606BOhm11|nicely done\n|\n|t:|1701054680\n|switch|p1b: Toothless|Roaring Moon, L50|100\/100\n|-enditem|p1b: Toothless|Booster Energy\n|-activate|p1b: Toothless|ability: Protosynthesis|[fromitem]\n|-start|p1b: Toothless|protosynthesisatk\n|-terastallize|p2a: Scarf Season|Fire\n|move|p2a: Scarf Season|Heat Wave|p1a: Aizawa|[spread] p1a\n|-miss|p2a: Scarf Season|p1b: Toothless\n|-damage|p1a: Aizawa|78\/100\n|move|p1a: Aizawa|Dazzling Gleam|p2a: Scarf Season|[spread] p2a,p2b\n|-resisted|p2a: Scarf Season\n|-damage|p2a: Scarf Season|93\/100\n|-damage|p2b: Abomasnow|81\/100\n|move|p2b: Abomasnow|Blizzard|p1a: Aizawa|[spread] p1a,p1b\n|-supereffective|p1b: Toothless\n|-damage|p1a: Aizawa|48\/100\n|-damage|p1b: Toothless|40\/100\n|-enditem|p1a: Aizawa|Sitrus Berry|[eat]\n|-heal|p1a: Aizawa|73\/100|[from] item: Sitrus Berry\n|\n|-weather|Snow|[upkeep]\n|-heal|p2a: Scarf Season|99\/100|[from] item: Leftovers\n|upkeep\n|turn|3\n|j| BBRAFF\n|l| BBRAFF\n|j| BBRAFF\n|l| BBRAFF\n|j| BBRAFF\n|\n|t:|1701054757\n|-terastallize|p1b: Toothless|Steel\n|move|p2a: Scarf Season|Protect|p2a: Scarf Season\n|-singleturn|p2a: Scarf Season|Protect\n|move|p1b: Toothless|Stone Edge|p2a: Scarf Season\n|-activate|p2a: Scarf Season|move: Protect\n|move|p1a: Aizawa|Dazzling Gleam|p2b: Abomasnow|[spread] p2b\n|-activate|p2a: Scarf Season|move: Protect\n|-damage|p2b: Abomasnow|62\/100\n|move|p2b: Abomasnow|Blizzard|p1b: Toothless|[spread] p1a,p1b\n|-resisted|p1b: Toothless\n|-damage|p1a: Aizawa|41\/100\n|-damage|p1b: Toothless|24\/100\n|-status|p1a: Aizawa|frz\n|\n|-weather|Snow|[upkeep]\n|-heal|p2a: Scarf Season|100\/100|[from] item: Leftovers\n|-end|p2b: Abomasnow|move: Taunt\n|upkeep\n|turn|4\n|j| Smsy9\n|\n|t:|1701054784\n|switch|p2a: Baxcalibur|Baxcalibur, L50, F|100\/100\n|move|p1b: Toothless|Stone Edge|p2a: Baxcalibur\n|-supereffective|p2a: Baxcalibur\n|-crit|p2a: Baxcalibur\n|-damage|p2a: Baxcalibur|13\/100\n|-curestatus|p1a: Aizawa|frz|[msg]\n|move|p1a: Aizawa|Taunt|p2b: Abomasnow\n|-start|p2b: Abomasnow|move: Taunt\n|cant|p2b: Abomasnow|move: Taunt|Aurora Veil\n|\n|-weather|Snow|[upkeep]\n|upkeep\n|turn|5\n|c|\u2606BOhm11|nooooo lol\n|c|\u2606J4ce|muahaha\n|\n|t:|1701054813\n|move|p1b: Toothless|Tailwind|p1b: Toothless\n|-sidestart|p1: J4ce|move: Tailwind\n|move|p1a: Aizawa|Dazzling Gleam|p2b: Abomasnow|[spread] p2a,p2b\n|-supereffective|p2a: Baxcalibur\n|-crit|p2a: Baxcalibur\n|-damage|p2a: Baxcalibur|0 fnt\n|-damage|p2b: Abomasnow|43\/100\n|faint|p2a: Baxcalibur\n|move|p2b: Abomasnow|Blizzard|p1a: Aizawa|[spread] p1a,p1b\n|-resisted|p1b: Toothless\n|-damage|p1a: Aizawa|6\/100\n|-damage|p1b: Toothless|8\/100\n|\n|-weather|none\n|upkeep\n|c|\u2606BOhm11|cant catch a  freeze break I guess\n|\n|t:|1701054817\n|switch|p2a: Scarf Season|Fezandipiti, L50, M, tera:Fire|100\/100\n|turn|6\n|\n|t:|1701054838\n|move|p2a: Scarf Season|Protect|p2a: Scarf Season\n|-singleturn|p2a: Scarf Season|Protect\n|move|p1b: Toothless|Knock Off|p2b: Abomasnow\n|-damage|p2b: Abomasnow|0 fnt\n|-enditem|p2b: Abomasnow|Ability Shield|[from] move: Knock Off|[of] p1b: Toothless\n|faint|p2b: Abomasnow\n|move|p1a: Aizawa|Dazzling Gleam|p2a: Scarf Season\n|-activate|p2a: Scarf Season|move: Protect\n|\n|upkeep\n|turn|7\n|c|\u2606BOhm11|gg wp!\n|\n|t:|1701054849\n|move|p1b: Toothless|Stone Edge|p2a: Scarf Season|[miss]\n|-miss|p1b: Toothless|p2a: Scarf Season\n|move|p1a: Aizawa|Dazzling Gleam|p2a: Scarf Season\n|-resisted|p2a: Scarf Season\n|-damage|p2a: Scarf Season|91\/100\n|move|p2a: Scarf Season|Heat Wave|p1b: Toothless|[spread] p1a,p1b\n|-supereffective|p1b: Toothless\n|-damage|p1a: Aizawa|0 fnt\n|-damage|p1b: Toothless|0 fnt\n|faint|p1a: Aizawa\n|-end|p1a: Aizawa|ability: Neutralizing Gas\n|faint|p1b: Toothless\n|-end|p1b: Toothless|Protosynthesis|[silent]\n|\n|-heal|p2a: Scarf Season|97\/100|[from] item: Leftovers\n|upkeep\n|c|\u2606J4ce|gg!\n|\n|t:|1701054853\n|switch|p1b: Frozone|Avalugg-Hisui, L50, F|100\/100\n|switch|p1a: Iron Man|Scizor, L50, M|36\/100\n|turn|8\n|c|\u2606BOhm11|oh wow\n|\n|t:|1701054864\n|move|p2a: Scarf Season|Protect|p2a: Scarf Season\n|-singleturn|p2a: Scarf Season|Protect\n|move|p1a: Iron Man|Close Combat|p2a: Scarf Season\n|-activate|p2a: Scarf Season|move: Protect\n|move|p1b: Frozone|Rock Blast|p2a: Scarf Season\n|-activate|p2a: Scarf Season|move: Protect\n|\n|-heal|p2a: Scarf Season|100\/100|[from] item: Leftovers\n|-sideend|p1: J4ce|move: Tailwind\n|upkeep\n|turn|9\n|\n|t:|1701054874\n|move|p2a: Scarf Season|Heat Wave|p1b: Frozone|[spread] p1a,p1b\n|-supereffective|p1a: Iron Man\n|-damage|p1a: Iron Man|0 fnt\n|-damage|p1b: Frozone|56\/100\n|-status|p1b: Frozone|brn\n|faint|p1a: Iron Man\n|move|p1b: Frozone|Rock Blast|p2a: Scarf Season\n|-supereffective|p2a: Scarf Season\n|-damage|p2a: Scarf Season|85\/100\n|-supereffective|p2a: Scarf Season\n|-damage|p2a: Scarf Season|69\/100\n|-supereffective|p2a: Scarf Season\n|-damage|p2a: Scarf Season|53\/100\n|-supereffective|p2a: Scarf Season\n|-damage|p2a: Scarf Season|39\/100\n|-hitcount|p2a: Scarf Season|4\n|\n|-heal|p2a: Scarf Season|45\/100|[from] item: Leftovers\n|-damage|p1b: Frozone|50\/100 brn|[from] brn\n|upkeep\n|turn|10\n|c|\u2606J4ce|gg lmao\n|\n|t:|1701054893\n|move|p2a: Scarf Season|Protect|p2a: Scarf Season\n|-singleturn|p2a: Scarf Season|Protect\n|move|p1b: Frozone|Rock Blast|p2a: Scarf Season\n|-activate|p2a: Scarf Season|move: Protect\n|\n|-heal|p2a: Scarf Season|51\/100|[from] item: Leftovers\n|-damage|p1b: Frozone|44\/100 brn|[from] brn\n|upkeep\n|turn|11\n|c|\u2606BOhm11|this will be close lol\n|\n|t:|1701054901\n|move|p2a: Scarf Season|Heat Wave|p1b: Frozone\n|-damage|p1b: Frozone|0 fnt\n|faint|p1b: Frozone\n|\n|win|BOhm11\n|c|\u2606J4ce|Yeesh\n|c|\u2606BOhm11|wow gg man that was lucky for me\n|l| BBRAFF\n|c|\u2606J4ce|ggs!\n|c|\u2606J4ce|Fun one\n|c|\u2606BOhm11|definitely I gotta dm you quick lmao\n|l| Smsy9\n|l| Tuxmux\n|l|\u2606J4ce\n|l| sucabaVGC\n","uploadtime":1701054926,"views":61,"p1id":"j4ce","p2id":"bohm11","formatid":"gen9vgc2023regulatione","rating":0,"private":0,"password":""}