{"id":"gen9vgc2023regulatione-1992353032","p1":"doggybears","p2":"duconjo","format":"[Gen 9] VGC 2023 Regulation E","log":"|j|\u2606doggybears\n|j|\u2606duconjo\n|t:|1700177815\n|gametype|doubles\n|player|p1|doggybears|janitor|1272\n|player|p2|duconjo|265|1372\n|teamsize|p1|6\n|teamsize|p2|6\n|gen|9\n|tier|[Gen 9] VGC 2023 Regulation E\n|rated|\n|rule|Species Clause: Limit one of each Pok\u00e9mon\n|rule|Item Clause: Limit one of each item\n|clearpoke\n|poke|p1|Chien-Pao, L50|\n|poke|p1|Rillaboom, L50, F|\n|poke|p1|Arcanine-Hisui, L50, F|\n|poke|p1|Tornadus, L50, M|\n|poke|p1|Urshifu-*, L50, F|\n|poke|p1|Flutter Mane, L50|\n|poke|p2|Armarouge, L50, F|\n|poke|p2|Ursaluna, L50, M|\n|poke|p2|Ogerpon-Cornerstone, L50, F|\n|poke|p2|Indeedee-F, L50, F|\n|poke|p2|Enamorus-Therian, L50, F|\n|poke|p2|Oranguru, L50, M|\n|teampreview|4\n|inactive|Battle timer is ON: inactive players will automatically lose when time's up. (requested by duconjo)\ndoggybears has agreed to open team sheets.\n|inactive|duconjo has 60 seconds left.\n|\n|t:|1700177852\n|start\n|switch|p1a: Tornadus|Tornadus, L50, M|100\/100\n|switch|p1b: Urshifu|Urshifu-Rapid-Strike, L50, F|100\/100\n|switch|p2a: Oranguru|Oranguru, L50, M|100\/100\n|switch|p2b: Indeedee|Indeedee-F, L50, F|100\/100\n|-fieldstart|move: Psychic Terrain|[from] ability: Psychic Surge|[of] p2b: Indeedee\n|turn|1\n|inactive|doggybears has 30 seconds left.\n|inactive|doggybears has 20 seconds left.\n|\n|t:|1700177888\n|-terastallize|p2b: Indeedee|Water\n|move|p2b: Indeedee|Follow Me|p2b: Indeedee\n|-singleturn|p2b: Indeedee|move: Follow Me\n|move|p1a: Tornadus|Rain Dance|p1a: Tornadus\n|-weather|RainDance\n|move|p1b: Urshifu|Surging Strikes|p2b: Indeedee\n|-resisted|p2b: Indeedee\n|-crit|p2b: Indeedee\n|-damage|p2b: Indeedee|81\/100\n|-damage|p1b: Urshifu|84\/100|[from] item: Rocky Helmet|[of] p2b: Indeedee\n|-resisted|p2b: Indeedee\n|-crit|p2b: Indeedee\n|-damage|p2b: Indeedee|63\/100\n|-damage|p1b: Urshifu|68\/100|[from] item: Rocky Helmet|[of] p2b: Indeedee\n|-resisted|p2b: Indeedee\n|-crit|p2b: Indeedee\n|-damage|p2b: Indeedee|43\/100\n|-damage|p1b: Urshifu|51\/100|[from] item: Rocky Helmet|[of] p2b: Indeedee\n|-hitcount|p2b: Indeedee|3\n|move|p2a: Oranguru|Trick Room|p2a: Oranguru\n|-fieldstart|move: Trick Room|[of] p2a: Oranguru\n|\n|-weather|RainDance|[upkeep]\n|upkeep\n|turn|2\n|inactive|doggybears has 30 seconds left.\n|inactive|duconjo has 30 seconds left.\n|\n|t:|1700177919\n|move|p1b: Urshifu|Protect|p1b: Urshifu\n|-singleturn|p1b: Urshifu|Protect\n|move|p2a: Oranguru|Encore|p1a: Tornadus\n|-start|p1a: Tornadus|Encore\n|move|p2b: Indeedee|Dazzling Gleam|p1a: Tornadus|[spread] p1a\n|-activate|p1b: Urshifu|move: Protect\n|-damage|p1a: Tornadus|85\/100\n|move|p1a: Tornadus|Rain Dance||[still]\n|-fail|p1a: Tornadus\n|\n|-weather|RainDance|[upkeep]\n|upkeep\n|turn|3\n|inactive|duconjo has 30 seconds left.\n|\n|t:|1700177951\n|switch|p2b: Enamorus|Enamorus-Therian, L50, F|100\/100\n|switch|p1a: Rillaboom|Rillaboom, L50, F|100\/100\n|-fieldstart|move: Grassy Terrain|[from] ability: Grassy Surge|[of] p1a: Rillaboom\n|-terastallize|p1b: Urshifu|Water\n|move|p1b: Urshifu|Aqua Jet|p2a: Oranguru\n|-damage|p2a: Oranguru|47\/100\n|move|p2a: Oranguru|Encore|p1b: Urshifu\n|-start|p1b: Urshifu|Encore\n|\n|-weather|RainDance|[upkeep]\n|-heal|p2a: Oranguru|53\/100|[from] Grassy Terrain\n|-heal|p1b: Urshifu|57\/100|[from] Grassy Terrain\n|upkeep\n|turn|4\n|inactive|duconjo has 30 seconds left.\n|\n|t:|1700177976\n|switch|p1b: Tornadus|Tornadus, L50, M|85\/100\n|move|p2b: Enamorus|Dazzling Gleam|p1b: Tornadus|[spread] p1a,p1b\n|-damage|p1a: Rillaboom|61\/100\n|-damage|p1b: Tornadus|20\/100\n|move|p2a: Oranguru|Instruct|p2b: Enamorus\n|-singleturn|p2b: Enamorus|move: Instruct|[of] p2a: Oranguru\n|move|p2b: Enamorus|Dazzling Gleam|p1b: Tornadus|[spread] p1a,p1b\n|-damage|p1a: Rillaboom|23\/100\n|-damage|p1b: Tornadus|0 fnt\n|faint|p1b: Tornadus\n|move|p1a: Rillaboom|Wood Hammer|p2a: Oranguru\n|-damage|p2a: Oranguru|0 fnt\n|faint|p2a: Oranguru\n|-damage|p1a: Rillaboom|6\/100|[from] Recoil\n|\n|-weather|RainDance|[upkeep]\n|-heal|p1a: Rillaboom|12\/100|[from] Grassy Terrain\n|upkeep\n|inactive|doggybears has 30 seconds left.\n|\n|t:|1700178010\n|switch|p2a: Ursaluna|Ursaluna, L50, M|100\/100\n|switch|p1b: Urshifu|Urshifu-Rapid-Strike, L50, F, tera:Water|57\/100\n|turn|5\n|\n|t:|1700178021\n|move|p2a: Ursaluna|Protect|p2a: Ursaluna\n|-singleturn|p2a: Ursaluna|Protect\n|move|p1b: Urshifu|Protect|p1b: Urshifu\n|-singleturn|p1b: Urshifu|Protect\n|move|p1a: Rillaboom|Grassy Glide|p2a: Ursaluna\n|-activate|p2a: Ursaluna|move: Protect\n|move|p2b: Enamorus|Dazzling Gleam|p1a: Rillaboom|[spread] p1a\n|-activate|p1b: Urshifu|move: Protect\n|-damage|p1a: Rillaboom|0 fnt\n|faint|p1a: Rillaboom\n|\n|-weather|none\n|-heal|p1b: Urshifu|64\/100|[from] Grassy Terrain\n|-fieldend|move: Trick Room\n|-status|p2a: Ursaluna|brn|[from] item: Flame Orb\n|upkeep\n|\n|t:|1700178035\n|switch|p1a: Chien-Pao|Chien-Pao, L50|100\/100\n|-ability|p1a: Chien-Pao|Sword of Ruin\n|turn|6\n|\n|t:|1700178060\n|move|p1a: Chien-Pao|Icicle Crash|p2a: Ursaluna\n|-supereffective|p2a: Ursaluna\n|-damage|p2a: Ursaluna|17\/100 brn\n|move|p1b: Urshifu|Surging Strikes|p2b: Enamorus\n|-crit|p2b: Enamorus\n|-damage|p2b: Enamorus|54\/100\n|-crit|p2b: Enamorus\n|-damage|p2b: Enamorus|9\/100\n|-crit|p2b: Enamorus\n|-damage|p2b: Enamorus|0 fnt\n|faint|p2b: Enamorus\n|-hitcount|p2: Enamorus|3\n|cant|p2a: Ursaluna|flinch\n|\n|-heal|p1b: Urshifu|70\/100|[from] Grassy Terrain\n|-heal|p2a: Ursaluna|23\/100 brn|[from] Grassy Terrain\n|-damage|p2a: Ursaluna|17\/100 brn|[from] brn\n|upkeep\n|-message|duconjo forfeited.\n|\n|win|doggybears\n|raw|doggybears's rating: 1272 &rarr; <strong>1304<\/strong><br \/>(+32 for winning)\n|raw|duconjo's rating: 1372 &rarr; <strong>1346<\/strong><br \/>(-26 for losing)\n|l|\u2606duconjo\n","uploadtime":1700178079,"views":44,"p1id":"doggybears","p2id":"duconjo","formatid":"gen9vgc2023regulatione","rating":1304,"private":0,"password":""}