{"id":"gen9vgc2023regulatione-1994524139","p1":"zhz2021","p2":"chefgiraffe","format":"[Gen 9] VGC 2023 Regulation E","log":"|j|\u2606zhz2021\n|j|\u2606chefgiraffe\n|t:|1700454398\n|gametype|doubles\n|player|p1|zhz2021|marley|1500\n|player|p2|chefgiraffe|ninjaboy|1422\n|teamsize|p1|6\n|teamsize|p2|6\n|gen|9\n|tier|[Gen 9] VGC 2023 Regulation E\n|rated|\n|rule|Species Clause: Limit one of each Pok\u00e9mon\n|rule|Item Clause: Limit one of each item\n|clearpoke\n|poke|p1|Flutter Mane, L50|\n|poke|p1|Roaring Moon, L50|\n|poke|p1|Sinistcha-Masterpiece, L50|\n|poke|p1|Iron Hands, L50|\n|poke|p1|Landorus-Therian, L50, M|\n|poke|p1|Weezing-Galar, L50, M|\n|poke|p2|Zoroark-Hisui, L50, F|\n|poke|p2|Gholdengo, L50|\n|poke|p2|Ogerpon-Wellspring, L50, F|\n|poke|p2|Dragonite, L50, M|\n|poke|p2|Talonflame, L50, F|\n|poke|p2|Urshifu-*, L50, M|\n|teampreview|4\n|j| meowmeowjoe\n|inactive|Battle timer is ON: inactive players will automatically lose when time's up. (requested by chefgiraffe)\n|inactive|zhz2021 has 60 seconds left.\n|inactive|chefgiraffe has 60 seconds left.\n|inactive|chefgiraffe has 30 seconds left.\n|\n|t:|1700454471\n|start\n|switch|p1a: Roaring Moon|Roaring Moon, L50|100\/100\n|switch|p1b: Weezing|Weezing-Galar, L50, M|100\/100\n|switch|p2a: Talonflame|Talonflame, L50, F|100\/100\n|switch|p2b: Urshifu|Urshifu, L50, M|100\/100\n|-ability|p1b: Weezing|Neutralizing Gas\n|-enditem|p1a: Roaring Moon|Booster Energy\n|-activate|p1a: Roaring Moon|ability: Protosynthesis|[fromitem]\n|-start|p1a: Roaring Moon|protosynthesisspe\n|turn|1\n|inactive|chefgiraffe has 30 seconds left.\n|\n|t:|1700454501\n|move|p2b: Urshifu|Detect|p2b: Urshifu\n|-singleturn|p2b: Urshifu|Protect\n|move|p1a: Roaring Moon|Tailwind|p1a: Roaring Moon\n|-sidestart|p1: zhz2021|move: Tailwind\n|move|p1b: Weezing|Taunt|p2a: Talonflame\n|-start|p2a: Talonflame|move: Taunt\n|cant|p2a: Talonflame|move: Taunt|Tailwind\n|\n|upkeep\n|turn|2\n|inactive|chefgiraffe has 30 seconds left.\n|inactive|chefgiraffe has 20 seconds left.\n|inactive|chefgiraffe has 15 seconds left.\n|j| amarok_avl\n|inactive|chefgiraffe has 10 seconds left.\n|inactive|chefgiraffe has 5 seconds left.\n|\n|t:|1700454555\n|switch|p2a: Gholdengo|Gholdengo, L50|100\/100\n|-terastallize|p2b: Urshifu|Poison\n|move|p1a: Roaring Moon|Knock Off|p2a: Gholdengo\n|-supereffective|p2a: Gholdengo\n|-damage|p2a: Gholdengo|0 fnt\n|-enditem|p2a: Gholdengo|Sitrus Berry|[from] move: Knock Off|[of] p1a: Roaring Moon\n|faint|p2a: Gholdengo\n|move|p1b: Weezing|Dazzling Gleam|p2b: Urshifu\n|-resisted|p2b: Urshifu\n|-damage|p2b: Urshifu|80\/100\n|move|p2b: Urshifu|Close Combat|p1a: Roaring Moon\n|-supereffective|p1a: Roaring Moon\n|-damage|p1a: Roaring Moon|0 fnt\n|-unboost|p2b: Urshifu|def|1\n|-unboost|p2b: Urshifu|spd|1\n|faint|p1a: Roaring Moon\n|-end|p1a: Roaring Moon|Protosynthesis|[silent]\n|\n|upkeep\n|\n|t:|1700454571\n|switch|p1a: Flutter Mane|Flutter Mane, L50|100\/100\n|switch|p2a: Talonflame|Talonflame, L50, F|100\/100\n|turn|3\n|inactive|zhz2021 has 30 seconds left.\n|\n|t:|1700454600\n|move|p1a: Flutter Mane|Power Gem|p2a: Talonflame\n|-supereffective|p2a: Talonflame\n|-damage|p2a: Talonflame|0 fnt\n|faint|p2a: Talonflame\n|move|p1b: Weezing|Will-O-Wisp|p2b: Urshifu\n|-status|p2b: Urshifu|brn\n|move|p2b: Urshifu|Wicked Blow|p1a: Flutter Mane\n|-crit|p1a: Flutter Mane\n|-damage|p1a: Flutter Mane|30\/100\n|\n|-damage|p2b: Urshifu|74\/100 brn|[from] brn\n|upkeep\n|\n|t:|1700454608\n|switch|p2a: Zoroark|Zoroark-Hisui, L50, F|100\/100\n|turn|4\n|\n|t:|1700454620\n|-end|p1a: Flutter Mane|Protosynthesis|[silent]\n|switch|p1a: Sinistcha|Sinistcha-Masterpiece, L50|100\/100\n|move|p2b: Urshifu|Sucker Punch||[still]\n|-fail|p2b: Urshifu\n|move|p1b: Weezing|Dazzling Gleam|p2b: Urshifu|[spread] p2a,p2b\n|-resisted|p2b: Urshifu\n|-damage|p2a: Zoroark|59\/100\n|-damage|p2b: Urshifu|49\/100 brn\n|move|p2a: Zoroark|Nasty Plot|p2a: Zoroark\n|-boost|p2a: Zoroark|spa|2\n|\n|-damage|p2b: Urshifu|43\/100 brn|[from] brn\n|-sideend|p1: zhz2021|move: Tailwind\n|upkeep\n|turn|5\n|\n|t:|1700454646\n|-terastallize|p1a: Sinistcha|Water\n|move|p2a: Zoroark|Shadow Ball|p1a: Sinistcha\n|-crit|p1a: Sinistcha\n|-damage|p1a: Sinistcha|0 fnt\n|faint|p1a: Sinistcha\n|move|p2b: Urshifu|Wicked Blow|p1b: Weezing\n|-resisted|p1b: Weezing\n|-crit|p1b: Weezing\n|-damage|p1b: Weezing|83\/100\n|move|p1b: Weezing|Dazzling Gleam|p2a: Zoroark|[spread] p2a,p2b\n|-resisted|p2b: Urshifu\n|-damage|p2a: Zoroark|15\/100\n|-damage|p2b: Urshifu|18\/100 brn\n|\n|-damage|p2b: Urshifu|12\/100 brn|[from] brn\n|upkeep\n|\n|t:|1700454657\n|switch|p1a: Flutter Mane|Flutter Mane, L50|30\/100\n|turn|6\n|inactive|chefgiraffe has 30 seconds left.\n|\n|t:|1700454688\n|move|p2b: Urshifu|Sucker Punch|p1a: Flutter Mane\n|-damage|p1a: Flutter Mane|0 fnt\n|faint|p1a: Flutter Mane\n|-end|p1a: Flutter Mane|Protosynthesis|[silent]\n|move|p2a: Zoroark|Shadow Ball|p1b: Weezing\n|-damage|p1b: Weezing|0 fnt\n|faint|p1b: Weezing\n|-end|p1b: Weezing|ability: Neutralizing Gas\n|\n|win|chefgiraffe\n|raw|zhz2021's rating: 1500 &rarr; <strong>1476<\/strong><br \/>(-24 for losing)\n|raw|chefgiraffe's rating: 1422 &rarr; <strong>1446<\/strong><br \/>(+24 for winning)\n|l|\u2606zhz2021\n|l| amarok_avl\n","uploadtime":1700454713,"views":11,"p1id":"zhz2021","p2id":"chefgiraffe","formatid":"gen9vgc2023regulatione","rating":1446,"private":0,"password":""}