{"id":"gen9vgc2023regulatione-1992285315","p1":"Wellington Kobs","p2":"Thieving_Vigilante","format":"[Gen 9] VGC 2023 Regulation E","log":"|j|\u2606Wellington Kobs\n|j|\u2606Thieving_Vigilante\n|t:|1700170928\n|gametype|doubles\n|player|p1|Wellington Kobs|blue|1398\n|player|p2|Thieving_Vigilante|ethan|1346\n|teamsize|p1|6\n|teamsize|p2|6\n|gen|9\n|tier|[Gen 9] VGC 2023 Regulation E\n|rated|\n|rule|Species Clause: Limit one of each Pok\u00e9mon\n|rule|Item Clause: Limit one of each item\n|clearpoke\n|poke|p1|Urshifu-*, L50, M|\n|poke|p1|Dragapult, L50, M|\n|poke|p1|Farigiraf, L50, M|\n|poke|p1|Tornadus, L50, M|\n|poke|p1|Heatran, L50, M|\n|poke|p1|Rillaboom, L50, M|\n|poke|p2|Sneasler, L50, M|\n|poke|p2|Rillaboom, L50, M|\n|poke|p2|Heatran, L50, F|\n|poke|p2|Landorus-Therian, L50, M|\n|poke|p2|Empoleon, L50, M|\n|poke|p2|Thundurus, L50, M|\n|teampreview|4\n|inactive|Battle timer is ON: inactive players will automatically lose when time's up. (requested by Thieving_Vigilante)\n|inactive|Wellington Kobs has 60 seconds left.\n|inactive|Thieving_Vigilante has 60 seconds left.\nWellington Kobs has agreed to open team sheets.\nThieving_Vigilante rejected open team sheets.\n|inactive|Thieving_Vigilante has 30 seconds left.\n|\n|t:|1700170994\n|start\n|switch|p1a: Tornadus|Tornadus, L50, M|100\/100\n|switch|p1b: Farigiraf|Farigiraf, L50, M|100\/100\n|switch|p2a: Heatran|Heatran, L50, F|100\/100\n|switch|p2b: Landorus|Landorus-Therian, L50, M|100\/100\n|-ability|p2b: Landorus|Intimidate|boost\n|-unboost|p1a: Tornadus|atk|1\n|-unboost|p1b: Farigiraf|atk|1\n|turn|1\n|c|\u2606Wellington Kobs|Dale cagon\n|\n|t:|1700171018\n|move|p1a: Tornadus|Rain Dance|p1a: Tornadus\n|-weather|RainDance\n|move|p2b: Landorus|U-turn|p1b: Farigiraf\n|-supereffective|p1b: Farigiraf\n|-damage|p1b: Farigiraf|35\/100\n|-damage|p2b: Landorus|84\/100|[from] item: Rocky Helmet|[of] p1b: Farigiraf\n|c|\u2606Thieving_Vigilante|what\n|\n|t:|1700171025\n|switch|p2b: Thundurus|Thundurus, L50, M|100\/100|[from] U-turn\n|move|p2a: Heatran|Flash Cannon|p1b: Farigiraf\n|-damage|p1b: Farigiraf|0 fnt\n|faint|p1b: Farigiraf\n|\n|-weather|RainDance|[upkeep]\n|upkeep\n|\n|t:|1700171039\n|switch|p1b: Dragapult|Dragapult, L50, M|100\/100\n|turn|2\n|inactive|Wellington Kobs has 30 seconds left.\n|\n|t:|1700171064\n|switch|p2a: Landorus|Landorus-Therian, L50, M|84\/100\n|-ability|p2a: Landorus|Intimidate|boost\n|-unboost|p1a: Tornadus|atk|1\n|-fail|p1b: Dragapult|unboost|[from] ability: Clear Body|[of] p1b: Dragapult\n|move|p2b: Thundurus|Thunder Wave|p1b: Dragapult\n|-status|p1b: Dragapult|par\n|move|p1a: Tornadus|Taunt|p2b: Thundurus\n|-start|p2b: Thundurus|move: Taunt\n|cant|p1b: Dragapult|par\n|\n|-weather|RainDance|[upkeep]\n|upkeep\n|turn|3\n|inactive|Wellington Kobs has 30 seconds left.\n|\n|t:|1700171091\n|move|p2a: Landorus|Rock Slide|p1a: Tornadus|[spread] p1a,p1b\n|-supereffective|p1a: Tornadus\n|-damage|p1a: Tornadus|38\/100\n|-damage|p1b: Dragapult|67\/100 par\n|move|p2b: Thundurus|Wildbolt Storm|p1a: Tornadus|[spread] p1a,p1b\n|-supereffective|p1a: Tornadus\n|-resisted|p1b: Dragapult\n|-damage|p1a: Tornadus|0 fnt\n|-damage|p1b: Dragapult|45\/100 par\n|faint|p1a: Tornadus\n|cant|p1b: Dragapult|flinch\n|\n|-weather|RainDance|[upkeep]\n|upkeep\n|\n|t:|1700171102\n|switch|p1a: Urshifu|Urshifu-Rapid-Strike, L50, M|100\/100\n|turn|4\n|\n|t:|1700171124\n|-terastallize|p1a: Urshifu|Ghost\n|move|p1a: Urshifu|Surging Strikes|p2b: Thundurus\n|-crit|p2b: Thundurus\n|-damage|p2b: Thundurus|71\/100\n|-crit|p2b: Thundurus\n|-damage|p2b: Thundurus|42\/100\n|-crit|p2b: Thundurus\n|-damage|p2b: Thundurus|13\/100\n|-hitcount|p2b: Thundurus|3\n|move|p2a: Landorus|Rock Slide|p1a: Urshifu|[spread] p1a,p1b\n|-damage|p1a: Urshifu|78\/100\n|-damage|p1b: Dragapult|12\/100 par\n|move|p2b: Thundurus|Wildbolt Storm|p1b: Dragapult|[spread] p1a,p1b\n|-resisted|p1b: Dragapult\n|-damage|p1a: Urshifu|28\/100\n|-damage|p1b: Dragapult|0 fnt\n|-status|p1a: Urshifu|par\n|faint|p1b: Dragapult\n|\n|-weather|RainDance|[upkeep]\n|upkeep\n|turn|5\n|-message|Wellington Kobs forfeited.\n|\n|win|Thieving_Vigilante\n|raw|Wellington Kobs's rating: 1398 &rarr; <strong>1375<\/strong><br \/>(-23 for losing)\n|raw|Thieving_Vigilante's rating: 1346 &rarr; <strong>1369<\/strong><br \/>(+23 for winning)\n|l|\u2606Wellington Kobs\n|c|\u2606Thieving_Vigilante|gg\n","uploadtime":1700171146,"views":31,"p1id":"wellingtonkobs","p2id":"thievingvigilante","formatid":"gen9vgc2023regulatione","rating":1369,"private":0,"password":""}