{"id":"gen9vgc2023regulatione-1994914325","p1":"blindfishptsd","p2":"fuggdafogg","format":"[Gen 9] VGC 2023 Regulation E","log":"|j|\u2606blindfishptsd\n|j|\u2606fuggdafogg\n|t:|1700504233\n|gametype|doubles\n|player|p1|blindfishptsd|medium|\n|player|p2|fuggdafogg|cress|\n|teamsize|p1|6\n|teamsize|p2|6\n|gen|9\n|tier|[Gen 9] VGC 2023 Regulation E\n|rated|Tournament battle\n|rule|Species Clause: Limit one of each Pok\u00e9mon\n|rule|Item Clause: Limit one of each item\n|clearpoke\n|poke|p1|Urshifu-*, L50, F|\n|poke|p1|Farigiraf, L50, M|\n|poke|p1|Ursaluna-Bloodmoon, L50, M|\n|poke|p1|Chi-Yu, L50|\n|poke|p1|Ogerpon-Wellspring, L50, F|\n|poke|p1|Tornadus, L50, M|\n|poke|p2|Landorus-Therian, L50, M|\n|poke|p2|Flutter Mane, L50|\n|poke|p2|Ogerpon-Wellspring, L50, F|\n|poke|p2|Heatran, L50, F|\n|poke|p2|Cresselia, L50, F|\n|poke|p2|Iron Hands, L50|\n|teampreview|4\n|showteam|p1|Urshifu||ChoiceScarf|UnseenFist|WickedBlow,CloseCombat,SuckerPunch,Uturn|||F|||50|,,,,,Dark]Farigiraf||RockyHelmet|ArmorTail|Psychic,DazzlingGleam,HelpingHand,TrickRoom|||M|||50|,,,,,Fairy]Ursaluna-Bloodmoon||LifeOrb|MindsEye|HyperVoice,BloodMoon,EarthPower,Protect|||M|||50|,,,,,Normal]Chi-Yu||ChoiceSpecs|BeadsofRuin|HeatWave,Overheat,DarkPulse,Snarl||||||50|,,,,,Ghost]Ogerpon-Wellspring||WellspringMask|WaterAbsorb|FollowMe,IvyCudgel,HornLeech,SpikyShield|||F|||50|,,,,,Water]Tornadus||MentalHerb|Prankster|SunnyDay,Tailwind,BleakwindStorm,Protect|||M|||50|,,,,,Flying\n|showteam|p2|Landorus-Therian||ChoiceScarf|Intimidate|StompingTantrum,TeraBlast,RockSlide,Uturn|||M|||50|,,,,,Flying]Flutter Mane||ChoiceSpecs|Protosynthesis|ShadowBall,Moonblast,DazzlingGleam,Thunderbolt||||||50|,,,,,Fairy]Ogerpon-Wellspring||WellspringMask|WaterAbsorb|IvyCudgel,HornLeech,FollowMe,SpikyShield|||F|||50|,,,,,Water]Heatran||ShucaBerry|FlashFire|HeatWave,FlashCannon,EarthPower,Protect|||F|||50|,,,,,Grass]Cresselia||SitrusBerry|Levitate|IceBeam,Psychic,LunarBlessing,TrickRoom|||F|||50|,,,,,Fairy]Iron Hands||AssaultVest|QuarkDrive|WildCharge,DrainPunch,HeavySlam,FakeOut||||||50|,,,,,Water\n|inactive|Battle timer is ON: inactive players will automatically lose when time's up. (requested by blindfishptsd)\n|j|%Radio Free C-Side\n|j|+Omega Gio\n|j| drounddd\n|c|\u2606blindfishptsd|Glhf\n|c|\u2606fuggdafogg|u2\n|j| Mambae2\n|inactive|fuggdafogg has 60 seconds left.\n|\n|t:|1700504268\n|start\n|switch|p1a: Urshifu|Urshifu, L50, F|100\/100\n|switch|p1b: Farigiraf|Farigiraf, L50, M|100\/100\n|switch|p2a: Freedom|Cresselia, L50, F|100\/100\n|switch|p2b: Landorus|Landorus-Therian, L50, M|100\/100\n|-ability|p2b: Landorus|Intimidate|boost\n|-unboost|p1a: Urshifu|atk|1\n|-unboost|p1b: Farigiraf|atk|1\n|turn|1\n|\n|t:|1700504293\n|-terastallize|p2b: Landorus|Flying\n|-terastallize|p1a: Urshifu|Dark\n|move|p1b: Farigiraf|Helping Hand|p1a: Urshifu\n|-singleturn|p1a: Urshifu|Helping Hand|[of] p1b: Farigiraf\n|move|p2b: Landorus|Tera Blast|p1a: Urshifu|[anim] Tera Blast Flying\n|-damage|p1a: Urshifu|44\/100\n|move|p1a: Urshifu|Wicked Blow|p2b: Landorus\n|-crit|p2b: Landorus\n|-damage|p2b: Landorus|0 fnt\n|faint|p2b: Landorus\n|move|p2a: Freedom|Trick Room|p2a: Freedom\n|-fieldstart|move: Trick Room|[of] p2a: Freedom\n|\n|upkeep\n|\n|t:|1700504307\n|switch|p2b: Ogerpon|Ogerpon-Wellspring, L50, F|100\/100\n|turn|2\n|\n|t:|1700504316\n|switch|p1a: Ogerpon|Ogerpon-Wellspring, L50, F|100\/100\n|move|p1b: Farigiraf|Psychic|p2b: Ogerpon\n|-damage|p2b: Ogerpon|66\/100\n|move|p2a: Freedom|Ice Beam|p1a: Ogerpon\n|-damage|p1a: Ogerpon|84\/100\n|-status|p1a: Ogerpon|frz\n|move|p2b: Ogerpon|Ivy Cudgel|p1a: Ogerpon|[anim] Ivy Cudgel Water\n|-heal|p1a: Ogerpon|100\/100 frz|[from] ability: Water Absorb|[of] p2b: Ogerpon\n|\n|upkeep\n|turn|3\n|j| Mr.CCCC\n|\n|t:|1700504334\n|move|p1b: Farigiraf|Psychic|p2b: Ogerpon\n|-damage|p2b: Ogerpon|30\/100\n|move|p2a: Freedom|Psychic|p1a: Ogerpon\n|-damage|p1a: Ogerpon|78\/100 frz\n|move|p2b: Ogerpon|Horn Leech|p1a: Ogerpon\n|-damage|p1a: Ogerpon|34\/100 frz\n|-heal|p2b: Ogerpon|52\/100|[from] drain|[of] p1a: Ogerpon\n|cant|p1a: Ogerpon|frz\n|\n|upkeep\n|turn|4\n|c|%Radio Free C-Side|fuggdafogg how did you give your cress serene grace\n|c|\u2606fuggdafogg|HAHAHAHAHAAHAH\n|\n|t:|1700504352\n|cant|p1a: Ogerpon|frz\n|move|p1b: Farigiraf|Psychic|p2b: Ogerpon\n|-damage|p2b: Ogerpon|15\/100\n|move|p2a: Freedom|Lunar Blessing|p2a: Freedom|[spread] p2a,p2b\n|-heal|p2b: Ogerpon|40\/100\n|move|p2b: Ogerpon|Horn Leech|p1a: Ogerpon\n|-damage|p1a: Ogerpon|0 fnt\n|-heal|p2b: Ogerpon|57\/100|[from] drain|[of] p1a: Ogerpon\n|faint|p1a: Ogerpon\n|\n|upkeep\n|\n|t:|1700504364\n|switch|p1a: Ursaluna|Ursaluna-Bloodmoon, L50, M|100\/100\n|turn|5\n|\n|t:|1700504375\n|switch|p1b: Urshifu|Urshifu, L50, F, tera:Dark|44\/100\n|switch|p2a: Heatran|Heatran, L50, F|100\/100\n|move|p2b: Ogerpon|Spiky Shield|p2b: Ogerpon\n|-singleturn|p2b: Ogerpon|move: Protect\n|move|p1a: Ursaluna|Hyper Voice|p2b: Ogerpon|[spread] p2a\n|-activate|p2b: Ogerpon|move: Protect\n|-resisted|p2a: Heatran\n|-damage|p2a: Heatran|77\/100\n|-damage|p1a: Ursaluna|90\/100|[from] item: Life Orb\n|\n|-fieldend|move: Trick Room\n|upkeep\n|turn|6\n|\n|t:|1700504393\n|move|p2b: Ogerpon|Follow Me|p2b: Ogerpon\n|-singleturn|p2b: Ogerpon|move: Follow Me\n|move|p1b: Urshifu|Wicked Blow|p2b: Ogerpon\n|-crit|p2b: Ogerpon\n|-damage|p2b: Ogerpon|0 fnt\n|faint|p2b: Ogerpon\n|move|p2a: Heatran|Heat Wave|p1a: Ursaluna|[spread] p1a,p1b\n|-damage|p1a: Ursaluna|50\/100\n|-damage|p1b: Urshifu|0 fnt\n|faint|p1b: Urshifu\n|move|p1a: Ursaluna|Earth Power|p2a: Heatran\n|-supereffective|p2a: Heatran\n|-enditem|p2a: Heatran|Shuca Berry|[eat]\n|-enditem|p2a: Heatran|Shuca Berry|[weaken]\n|-damage|p2a: Heatran|0 fnt\n|faint|p2a: Heatran\n|-damage|p1a: Ursaluna|40\/100|[from] item: Life Orb\n|\n|upkeep\n|j| oompaboompa\n|\n|t:|1700504407\n|switch|p2b: Freedom|Cresselia, L50, F|100\/100\n|switch|p1b: Farigiraf|Farigiraf, L50, M|100\/100\n|turn|7\n|\n|t:|1700504412\n|move|p1b: Farigiraf|Helping Hand|p1a: Ursaluna\n|-singleturn|p1a: Ursaluna|Helping Hand|[of] p1b: Farigiraf\n|move|p2b: Freedom|Ice Beam|p1b: Farigiraf\n|-damage|p1b: Farigiraf|82\/100\n|move|p1a: Ursaluna|Blood Moon|p2b: Freedom\n|-damage|p2b: Freedom|0 fnt\n|faint|p2b: Freedom\n|-damage|p1a: Ursaluna|30\/100|[from] item: Life Orb\n|\n|win|blindfishptsd\n|n|\u2606blindfishptsd|blindfishptsd\n|n|\u2606fuggdafogg|fuggdafogg\n|n| Radio Free C-Side|radiofreecside\n|n| Omega Gio|omegagio\n|n| drounddd|drounddd\n|n| Mambae2|mambae2\n|n| Mr.CCCC|mrcccc\n|n| oompaboompa|oompaboompa\n","uploadtime":1700504413,"views":1,"p1id":"blindfishptsd","p2id":"fuggdafogg","formatid":"gen9vgc2023regulatione","rating":0,"private":0,"password":""}