{"id":"gen9vgc2023regulatione-1990645234","p1":"TrendanBrendan","p2":"vNiles","format":"[Gen 9] VGC 2023 Regulation E","log":"|j|\u2606TrendanBrendan\n|j|\u2606vNiles\n|t:|1699988339\n|gametype|doubles\n|player|p1|TrendanBrendan|elio|1140\n|player|p2|vNiles|170|1057\n|teamsize|p1|6\n|teamsize|p2|6\n|gen|9\n|tier|[Gen 9] VGC 2023 Regulation E\n|rated|\n|rule|Species Clause: Limit one of each Pok\u00e9mon\n|rule|Item Clause: Limit one of each item\n|clearpoke\n|poke|p1|Urshifu-*, L50, M|\n|poke|p1|Ogerpon-Hearthflame, L50, F|\n|poke|p1|Okidogi, L50, M|\n|poke|p1|Flutter Mane, L50|\n|poke|p1|Chien-Pao, L50|\n|poke|p1|Landorus-Therian, L50, M|\n|poke|p2|Ogerpon-Cornerstone, L50, F|\n|poke|p2|Kingambit, L50, F|\n|poke|p2|Landorus-Therian, L50, M|\n|poke|p2|Grimmsnarl, L50, M|\n|poke|p2|Sinistcha, L50|\n|poke|p2|Urshifu-*, L50, M|\n|teampreview|4\n|inactive|Battle timer is ON: inactive players will automatically lose when time's up. (requested by vNiles)\nTrendanBrendan has agreed to open team sheets.\n|inactive|TrendanBrendan has 60 seconds left.\n|\n|t:|1699988374\n|start\n|switch|p1a: Ogerpon|Ogerpon-Hearthflame, L50, F|100\/100\n|switch|p1b: Oki|Okidogi, L50, M|100\/100\n|switch|p2a: Grimmsnarl|Grimmsnarl, L50, M|100\/100\n|switch|p2b: Urshifu|Urshifu-Rapid-Strike, L50, M|100\/100\n|-ability|p1a: Ogerpon|Mold Breaker\n|turn|1\n|\n|t:|1699988392\n|move|p2b: Urshifu|Detect|p2b: Urshifu\n|-singleturn|p2b: Urshifu|Protect\n|move|p2a: Grimmsnarl|Reflect|p2a: Grimmsnarl\n|-sidestart|p2: vNiles|Reflect\n|move|p1a: Ogerpon|Horn Leech|p2b: Urshifu\n|-activate|p2b: Urshifu|move: Protect\n|move|p1b: Oki|Poison Jab|p2b: Urshifu\n|-activate|p2b: Urshifu|move: Protect\n|\n|upkeep\n|turn|2\n|\n|t:|1699988414\n|move|p2b: Urshifu|Surging Strikes|p1a: Ogerpon\n|-crit|p1a: Ogerpon\n|-damage|p1a: Ogerpon|77\/100\n|-crit|p1a: Ogerpon\n|-damage|p1a: Ogerpon|56\/100\n|-crit|p1a: Ogerpon\n|-damage|p1a: Ogerpon|32\/100\n|-hitcount|p1a: Ogerpon|3\n|move|p1a: Ogerpon|Horn Leech|p2b: Urshifu\n|-supereffective|p2b: Urshifu\n|-damage|p2b: Urshifu|43\/100\n|-heal|p1a: Ogerpon|59\/100|[from] drain|[of] p2b: Urshifu\n|move|p1b: Oki|Poison Jab|p2b: Urshifu\n|-damage|p2b: Urshifu|14\/100\n|-status|p2b: Urshifu|psn\n|move|p2a: Grimmsnarl|Play Rough|p1b: Oki\n|-damage|p1b: Oki|63\/100\n|\n|-heal|p1b: Oki|69\/100|[from] item: Leftovers\n|-damage|p2b: Urshifu|1\/100 psn|[from] psn\n|upkeep\n|turn|3\n|inactive|vNiles has 30 seconds left.\n|\n|t:|1699988448\n|switch|p2a: Ogerpon|Ogerpon-Cornerstone, L50, F|100\/100\n|move|p1a: Ogerpon|Spiky Shield|p1a: Ogerpon\n|-singleturn|p1a: Ogerpon|move: Protect\n|move|p2b: Urshifu|Surging Strikes|p1b: Oki\n|-crit|p1b: Oki\n|-damage|p1b: Oki|46\/100\n|-crit|p1b: Oki\n|-damage|p1b: Oki|24\/100\n|-crit|p1b: Oki\n|-damage|p1b: Oki|1\/100\n|-hitcount|p1b: Oki|3\n|move|p1b: Oki|Bulk Up|p1b: Oki\n|-boost|p1b: Oki|atk|1\n|-boost|p1b: Oki|def|1\n|\n|-heal|p1b: Oki|7\/100|[from] item: Leftovers\n|-damage|p2b: Urshifu|0 fnt|[from] psn\n|faint|p2b: Urshifu\n|upkeep\n|\n|t:|1699988465\n|switch|p2b: Grimmsnarl|Grimmsnarl, L50, M|100\/100\n|turn|4\n|\n|t:|1699988475\n|move|p2a: Ogerpon|Spiky Shield|p2a: Ogerpon\n|-singleturn|p2a: Ogerpon|move: Protect\n|move|p2b: Grimmsnarl|Fake Out|p1b: Oki\n|-damage|p1b: Oki|0 fnt\n|faint|p1b: Oki\n|move|p1a: Ogerpon|Follow Me|p1a: Ogerpon\n|-singleturn|p1a: Ogerpon|move: Follow Me\n|\n|upkeep\n|\n|t:|1699988491\n|switch|p1b: Pao|Chien-Pao, L50|100\/100\n|-ability|p1b: Pao|Sword of Ruin\n|turn|5\n|\n|t:|1699988515\n|-terastallize|p2a: Ogerpon|Rock\n|detailschange|p2a: Ogerpon|Ogerpon-Cornerstone-Tera, L50, F, tera:Rock\n|-ability|p2a: Ogerpon|Embody Aspect (Cornerstone)|boost\n|-boost|p2a: Ogerpon|def|1\n|-terastallize|p1a: Ogerpon|Fire\n|detailschange|p1a: Ogerpon|Ogerpon-Hearthflame-Tera, L50, F, tera:Fire\n|-ability|p1a: Ogerpon|Embody Aspect (Hearthflame)|boost\n|-boost|p1a: Ogerpon|atk|1\n|move|p1b: Pao|Ice Spinner|p2a: Ogerpon\n|-damage|p2a: Ogerpon|67\/100\n|move|p2a: Ogerpon|Ivy Cudgel|p1a: Ogerpon|[anim] Ivy Cudgel Rock\n|-supereffective|p1a: Ogerpon\n|-crit|p1a: Ogerpon\n|-damage|p1a: Ogerpon|0 fnt\n|faint|p1a: Ogerpon\n|move|p2b: Grimmsnarl|Play Rough|p1b: Pao\n|-supereffective|p1b: Pao\n|-enditem|p1b: Pao|Focus Sash\n|-damage|p1b: Pao|1\/100\n|\n|upkeep\n|\n|t:|1699988529\n|switch|p1a: Jewel|Flutter Mane, L50|100\/100\n|-enditem|p1a: Jewel|Booster Energy\n|-activate|p1a: Jewel|ability: Protosynthesis|[fromitem]\n|-start|p1a: Jewel|protosynthesisspe\n|turn|6\n|\n|t:|1699988543\n|move|p2a: Ogerpon|Spiky Shield|p2a: Ogerpon\n|-singleturn|p2a: Ogerpon|move: Protect\n|move|p2b: Grimmsnarl|Light Screen|p2b: Grimmsnarl\n|-sidestart|p2: vNiles|move: Light Screen\n|move|p1a: Jewel|Dazzling Gleam|p2b: Grimmsnarl|[spread] p2b\n|-activate|p2a: Ogerpon|move: Protect\n|-supereffective|p2b: Grimmsnarl\n|-damage|p2b: Grimmsnarl|57\/100\n|move|p1b: Pao|Ice Spinner|p2b: Grimmsnarl\n|-damage|p2b: Grimmsnarl|16\/100\n|\n|upkeep\n|turn|7\n|\n|t:|1699988565\n|switch|p2b: Landorus|Landorus-Therian, L50, M|100\/100\n|-ability|p2b: Landorus|Intimidate|boost\n|-unboost|p1a: Jewel|atk|1\n|-unboost|p1b: Pao|atk|1\n|move|p2a: Ogerpon|Spiky Shield||[still]\n|-fail|p2a: Ogerpon\n|move|p1b: Pao|Sucker Punch||[still]\n|-fail|p1b: Pao\n|move|p1a: Jewel|Dazzling Gleam|p2a: Ogerpon|[spread] p2a,p2b\n|-damage|p2a: Ogerpon|42\/100\n|-damage|p2b: Landorus|77\/100\n|\n|upkeep\n|turn|8\n|\n|t:|1699988587\n|move|p1b: Pao|Protect|p1b: Pao\n|-singleturn|p1b: Pao|Protect\n|move|p1a: Jewel|Shadow Ball|p2a: Ogerpon\n|-damage|p2a: Ogerpon|13\/100\n|move|p2b: Landorus|U-turn|p1b: Pao\n|-activate|p1b: Pao|move: Protect\n|move|p2a: Ogerpon|Ivy Cudgel|p1a: Jewel|[anim] Ivy Cudgel Rock\n|-crit|p1a: Jewel\n|-damage|p1a: Jewel|0 fnt\n|faint|p1a: Jewel\n|-end|p1a: Jewel|Protosynthesis|[silent]\n|\n|-sideend|p2: vNiles|Reflect\n|upkeep\n|turn|9\n|\n|t:|1699988604\n|move|p2a: Ogerpon|Spiky Shield|p2a: Ogerpon\n|-singleturn|p2a: Ogerpon|move: Protect\n|move|p1b: Pao|Ice Spinner|p2b: Landorus\n|-supereffective|p2b: Landorus\n|-damage|p2b: Landorus|0 fnt\n|faint|p2b: Landorus\n|\n|upkeep\n|\n|t:|1699988610\n|switch|p2b: Grimmsnarl|Grimmsnarl, L50, M|16\/100\n|turn|10\n|\n|t:|1699988616\n|move|p1b: Pao|Protect|p1b: Pao\n|-singleturn|p1b: Pao|Protect\n|move|p2b: Grimmsnarl|Fake Out|p1b: Pao\n|-activate|p1b: Pao|move: Protect\n|move|p2a: Ogerpon|Ivy Cudgel|p1b: Pao|[anim] Ivy Cudgel Rock\n|-activate|p1b: Pao|move: Protect\n|\n|upkeep\n|turn|11\n|\n|t:|1699988630\n|move|p1b: Pao|Sucker Punch|p2a: Ogerpon\n|-damage|p2a: Ogerpon|0 fnt\n|faint|p2a: Ogerpon\n|move|p2b: Grimmsnarl|Play Rough|p1b: Pao\n|-supereffective|p1b: Pao\n|-damage|p1b: Pao|0 fnt\n|faint|p1b: Pao\n|\n|win|vNiles\n|raw|TrendanBrendan's rating: 1140 &rarr; <strong>1109<\/strong><br \/>(-31 for losing)\n|raw|vNiles's rating: 1057 &rarr; <strong>1096<\/strong><br \/>(+39 for winning)\n","uploadtime":1699988636,"views":12,"p1id":"trendanbrendan","p2id":"vniles","formatid":"gen9vgc2023regulatione","rating":1096,"private":0,"password":""}