{"id":"gen9vgc2023regulatione-1995039825","p1":"xxXRODILLAXxx","p2":"Legion1412","format":"[Gen 9] VGC 2023 Regulation E","log":"|j|\u2606xxXRODILLAXxx\n|j|\u2606Legion1412\n|t:|1700516097\n|gametype|doubles\n|player|p1|xxXRODILLAXxx|cameraman|1000\n|player|p2|Legion1412|jasmine|1044\n|teamsize|p1|6\n|teamsize|p2|6\n|gen|9\n|tier|[Gen 9] VGC 2023 Regulation E\n|rated|\n|rule|Species Clause: Limit one of each Pok\u00e9mon\n|rule|Item Clause: Limit one of each item\n|clearpoke\n|poke|p1|Tornadus, L50, M|\n|poke|p1|Chien-Pao, L50|\n|poke|p1|Iron Bundle, L50|\n|poke|p1|Iron Hands, L50|\n|poke|p1|Chi-Yu, L50|\n|poke|p1|Dragonite, L50, F|\n|poke|p2|Weezing, L50, F|\n|poke|p2|Toedscruel, L50, F|\n|poke|p2|Chi-Yu, L50|\n|poke|p2|Polteageist-Antique, L50|\n|poke|p2|Krookodile, L50, M|\n|poke|p2|Froslass, L50, F|\n|teampreview|4\n|inactive|Battle timer is ON: inactive players will automatically lose when time's up. (requested by Legion1412)\nxxXRODILLAXxx has agreed to open team sheets.\n|\n|t:|1700516120\n|start\n|switch|p1a: Iron Bundle|Iron Bundle, L50|100\/100\n|switch|p1b: Chi-Yu|Chi-Yu, L50|100\/100\n|switch|p2a: Weezing|Weezing, L50, F, shiny|100\/100\n|switch|p2b: Toedscruel|Toedscruel, L50, F|100\/100\n|-ability|p2a: Weezing|Neutralizing Gas\n|-enditem|p1a: Iron Bundle|Booster Energy\n|-activate|p1a: Iron Bundle|ability: Quark Drive|[fromitem]\n|-start|p1a: Iron Bundle|quarkdrivespe\n|turn|1\n|\n|t:|1700516142\n|move|p2a: Weezing|Protect|p2a: Weezing\n|-singleturn|p2a: Weezing|Protect\n|move|p1a: Iron Bundle|Freeze-Dry|p2b: Toedscruel\n|-supereffective|p2b: Toedscruel\n|-damage|p2b: Toedscruel|0 fnt\n|faint|p2b: Toedscruel\n|move|p1b: Chi-Yu|Heat Wave|p2a: Weezing\n|-activate|p2a: Weezing|move: Protect\n|\n|upkeep\n|\n|t:|1700516154\n|switch|p2b: Krookodile|Krookodile, L50, M, shiny|100\/100\n|turn|2\n|inactive|xxXRODILLAXxx has 30 seconds left.\n|\n|t:|1700516183\n|-terastallize|p2b: Krookodile|Fire\n|move|p1a: Iron Bundle|Freeze-Dry|p2b: Krookodile\n|-resisted|p2b: Krookodile\n|-damage|p2b: Krookodile|79\/100\n|move|p2b: Krookodile|Rock Slide|p1a: Iron Bundle|[spread] p1a,p1b\n|-supereffective|p1a: Iron Bundle\n|-crit|p1a: Iron Bundle\n|-supereffective|p1b: Chi-Yu\n|-crit|p1b: Chi-Yu\n|-damage|p1a: Iron Bundle|22\/100\n|-damage|p1b: Chi-Yu|14\/100\n|-damage|p2b: Krookodile|69\/100|[from] item: Life Orb\n|move|p1b: Chi-Yu|Heat Wave|p2a: Weezing|[spread] p2a,p2b\n|-resisted|p2b: Krookodile\n|-damage|p2a: Weezing|54\/100\n|-damage|p2b: Krookodile|42\/100\n|-damage|p1b: Chi-Yu|4\/100|[from] item: Life Orb\n|move|p2a: Weezing|Memento|p1a: Iron Bundle\n|-unboost|p1a: Iron Bundle|atk|2\n|-unboost|p1a: Iron Bundle|spa|2\n|faint|p2a: Weezing\n|-end|p2a: Weezing|ability: Neutralizing Gas\n|-ability|p1b: Chi-Yu|Beads of Ruin\n|\n|upkeep\n|\n|t:|1700516202\n|switch|p2a: Froslass|Froslass, L50, F, shiny|100\/100\n|turn|3\n|\n|t:|1700516221\n|move|p1b: Chi-Yu|Protect|p1b: Chi-Yu\n|-singleturn|p1b: Chi-Yu|Protect\n|move|p1a: Iron Bundle|Icy Wind|p2a: Froslass|[spread] p2a,p2b\n|-resisted|p2a: Froslass\n|-resisted|p2b: Krookodile\n|-damage|p2a: Froslass|92\/100\n|-damage|p2b: Krookodile|33\/100\n|-unboost|p2a: Froslass|spe|1\n|-unboost|p2b: Krookodile|spe|1\n|move|p2a: Froslass|Icy Wind|p1b: Chi-Yu|[spread] p1a\n|-activate|p1b: Chi-Yu|move: Protect\n|-resisted|p1a: Iron Bundle\n|-damage|p1a: Iron Bundle|15\/100\n|-unboost|p1a: Iron Bundle|spe|1\n|move|p2b: Krookodile|Scale Shot|p1a: Iron Bundle\n|-damage|p1a: Iron Bundle|2\/100\n|-damage|p1a: Iron Bundle|0 fnt\n|faint|p1a: Iron Bundle\n|-end|p1a: Iron Bundle|Quark Drive|[silent]\n|-hitcount|p1: Iron Bundle|2\n|-unboost|p2b: Krookodile|def|1\n|-boost|p2b: Krookodile|spe|1\n|-damage|p2b: Krookodile|23\/100|[from] item: Life Orb\n|\n|upkeep\n|\n|t:|1700516246\n|switch|p1a: Dragonite|Dragonite, L50, F|100\/100\n|turn|4\n|\n|t:|1700516263\n|switch|p1b: Chien-Pao|Chien-Pao, L50|100\/100\n|-ability|p1b: Chien-Pao|Sword of Ruin\n|-terastallize|p1a: Dragonite|Normal\n|move|p1a: Dragonite|Extreme Speed|p2b: Krookodile\n|-damage|p2b: Krookodile|0 fnt\n|faint|p2b: Krookodile\n|move|p2a: Froslass|Frost Breath|p1a: Dragonite\n|-crit|p1a: Dragonite\n|-damage|p1a: Dragonite|88\/100\n|\n|upkeep\n|turn|5\n|\n|t:|1700516282\n|switch|p1a: Chi-Yu|Chi-Yu, L50|4\/100\n|-ability|p1a: Chi-Yu|Beads of Ruin\n|move|p1b: Chien-Pao|Sucker Punch||[still]\n|-fail|p1b: Chien-Pao\n|move|p2a: Froslass|Will-O-Wisp|p1a: Chi-Yu\n|-immune|p1a: Chi-Yu\n|\n|upkeep\n|turn|6\n|\n|t:|1700516298\n|move|p1b: Chien-Pao|Sucker Punch|p2a: Froslass\n|-supereffective|p2a: Froslass\n|-damage|p2a: Froslass|0 fnt\n|-start|p1b: Chien-Pao|Disable|Sucker Punch|[from] ability: Cursed Body|[of] p2a: Froslass\n|faint|p2a: Froslass\n|\n|win|xxXRODILLAXxx\n|raw|xxXRODILLAXxx's rating: 1000 &rarr; <strong>1045<\/strong><br \/>(+45 for winning)\n|raw|Legion1412's rating: 1044 &rarr; <strong>1025<\/strong><br \/>(-19 for losing)\n|l|\u2606Legion1412\n","uploadtime":1700516310,"views":10,"p1id":"xxxrodillaxxx","p2id":"legion1412","formatid":"gen9vgc2023regulatione","rating":1025,"private":0,"password":""}