{"id":"gen9vgc2023regulatione-1989723924","p1":"QTwo","p2":"DeAndreRicketts","format":"[Gen 9] VGC 2023 Regulation E","log":"|j|\u2606QTwo\n|j|\u203dDeAndreRicketts\n|t:|1699890253\n|gametype|doubles\n|player|p1|QTwo|red|1351\n|player|p2|DeAndreRicketts|2|1259\n|teamsize|p1|6\n|teamsize|p2|6\n|gen|9\n|tier|[Gen 9] VGC 2023 Regulation E\n|rated|\n|rule|Species Clause: Limit one of each Pok\u00e9mon\n|rule|Item Clause: Limit one of each item\n|clearpoke\n|poke|p1|Chi-Yu, L50|\n|poke|p1|Iron Hands, L50|\n|poke|p1|Torkoal, L50, F|\n|poke|p1|Dusclops, L50, M|\n|poke|p1|Iron Bundle, L50|\n|poke|p1|Rillaboom, L50, F|\n|poke|p2|Armarouge, L50, M|\n|poke|p2|Torkoal, L50, F|\n|poke|p2|Indeedee-F, L50, F|\n|poke|p2|Urshifu-*, L50, F|\n|poke|p2|Ursaluna, L50, M|\n|poke|p2|Hatterene, L50, F|\n|teampreview|4\n|inactive|Battle timer is ON: inactive players will automatically lose when time's up. (requested by QTwo)\n|inactive|DeAndreRicketts has 60 seconds left.\n|\n|t:|1699890306\n|start\n|switch|p1a: Iron Hands|Iron Hands, L50|100\/100\n|switch|p1b: Chi-Yu|Chi-Yu, L50|100\/100\n|switch|p2a: Urshifu|Urshifu, L50, F|100\/100\n|switch|p2b: Armarouge|Armarouge, L50, M|100\/100\n|-ability|p1b: Chi-Yu|Beads of Ruin\n|turn|1\n|inactive|DeAndreRicketts has 30 seconds left.\n|inactive|DeAndreRicketts has 20 seconds left.\n|\n|t:|1699890344\n|-terastallize|p2b: Armarouge|Grass\n|move|p1a: Iron Hands|Fake Out|p2a: Urshifu\n|-damage|p2a: Urshifu|86\/100\n|cant|p2a: Urshifu|flinch\n|move|p1b: Chi-Yu|Snarl|p2a: Urshifu|[spread] p2a,p2b\n|-resisted|p2a: Urshifu\n|-damage|p2a: Urshifu|67\/100\n|-damage|p2b: Armarouge|52\/100\n|-unboost|p2a: Urshifu|spa|1\n|-unboost|p2b: Armarouge|spa|1\n|move|p2b: Armarouge|Trick Room|p2b: Armarouge\n|-fieldstart|move: Trick Room|[of] p2b: Armarouge\n|\n|upkeep\n|turn|2\n|inactive|DeAndreRicketts has 30 seconds left.\n|\n|t:|1699890369\n|move|p2b: Armarouge|Wide Guard|p2b: Armarouge\n|-singleturn|p2b: Armarouge|Wide Guard\n|move|p1a: Iron Hands|Drain Punch|p2a: Urshifu\n|-supereffective|p2a: Urshifu\n|-damage|p2a: Urshifu|0 fnt\n|faint|p2a: Urshifu\n|move|p1b: Chi-Yu|Snarl|p2b: Armarouge\n|-activate|p2b: Armarouge|move: Wide Guard\n|\n|upkeep\n|\n|t:|1699890385\n|switch|p2a: Torkoal|Torkoal, L50, F|100\/100\n|-weather|SunnyDay|[from] ability: Drought|[of] p2a: Torkoal\n|turn|3\n|\n|t:|1699890395\n|-terastallize|p1a: Iron Hands|Water\n|move|p2a: Torkoal|Eruption|p1a: Iron Hands|[spread] p1a,p1b\n|-resisted|p1a: Iron Hands\n|-crit|p1a: Iron Hands\n|-resisted|p1b: Chi-Yu\n|-damage|p1a: Iron Hands|55\/100\n|-damage|p1b: Chi-Yu|48\/100\n|move|p1a: Iron Hands|Drain Punch|p2a: Torkoal\n|-damage|p2a: Torkoal|68\/100\n|-heal|p1a: Iron Hands|67\/100|[from] drain|[of] p2a: Torkoal\n|move|p2b: Armarouge|Heat Wave|p1b: Chi-Yu|[spread] p1a,p1b\n|-resisted|p1a: Iron Hands\n|-resisted|p1b: Chi-Yu\n|-crit|p1b: Chi-Yu\n|-damage|p1a: Iron Hands|53\/100\n|-damage|p1b: Chi-Yu|0 fnt\n|faint|p1b: Chi-Yu\n|\n|-weather|SunnyDay|[upkeep]\n|upkeep\n|\n|t:|1699890414\n|switch|p1b: Torkoal|Torkoal, L50, F|100\/100\n|turn|4\n|\n|t:|1699890426\n|switch|p2a: Indeedee|Indeedee-F, L50, F|100\/100\n|-fieldstart|move: Psychic Terrain|[from] ability: Psychic Surge|[of] p2a: Indeedee\n|-enditem|p2a: Indeedee|Psychic Seed\n|-boost|p2a: Indeedee|spd|1|[from] item: Psychic Seed\n|move|p1b: Torkoal|Earth Power|p2b: Armarouge\n|-resisted|p2b: Armarouge\n|-damage|p2b: Armarouge|37\/100\n|move|p1a: Iron Hands|Drain Punch|p2a: Indeedee\n|-damage|p2a: Indeedee|41\/100\n|-heal|p1a: Iron Hands|75\/100|[from] drain|[of] p2a: Indeedee\n|move|p2b: Armarouge|Expanding Force|p1b: Torkoal|[spread] p1a,p1b\n|-damage|p1a: Iron Hands|49\/100\n|-damage|p1b: Torkoal|32\/100\n|\n|-weather|SunnyDay|[upkeep]\n|upkeep\n|turn|5\n|inactive|DeAndreRicketts has 30 seconds left.\n|\n|t:|1699890452\n|move|p2a: Indeedee|Follow Me|p2a: Indeedee\n|-singleturn|p2a: Indeedee|move: Follow Me\n|move|p1b: Torkoal|Heat Wave|p2a: Indeedee|[spread] p2a\n|-start|p2b: Armarouge|ability: Flash Fire\n|-damage|p2a: Indeedee|16\/100\n|move|p1a: Iron Hands|Drain Punch|p2a: Indeedee\n|-damage|p2a: Indeedee|0 fnt\n|-heal|p1a: Iron Hands|55\/100|[from] drain|[of] p2a: Indeedee\n|faint|p2a: Indeedee\n|move|p2b: Armarouge|Expanding Force|p1b: Torkoal|[spread] p1a,p1b\n|-damage|p1a: Iron Hands|31\/100\n|-damage|p1b: Torkoal|0 fnt\n|faint|p1b: Torkoal\n|\n|-weather|SunnyDay|[upkeep]\n|-fieldend|move: Trick Room\n|upkeep\n|\n|t:|1699890466\n|switch|p2a: Torkoal|Torkoal, L50, F|68\/100\n|switch|p1b: Rillaboom|Rillaboom, L50, F|100\/100\n|-fieldstart|move: Grassy Terrain|[from] ability: Grassy Surge|[of] p1b: Rillaboom\n|turn|6\n|\n|t:|1699890486\n|move|p1b: Rillaboom|Fake Out|p2a: Torkoal\n|-damage|p2a: Torkoal|56\/100\n|move|p2b: Armarouge|Heat Wave|p1a: Iron Hands|[spread] p1a,p1b\n|-resisted|p1a: Iron Hands\n|-supereffective|p1b: Rillaboom\n|-damage|p1a: Iron Hands|17\/100\n|-damage|p1b: Rillaboom|0 fnt\n|-status|p1a: Iron Hands|brn\n|faint|p1b: Rillaboom\n|move|p1a: Iron Hands|Drain Punch|p2b: Armarouge\n|-damage|p2b: Armarouge|16\/100\n|-heal|p1a: Iron Hands|25\/100 brn|[from] drain|[of] p2b: Armarouge\n|cant|p2a: Torkoal|flinch\n|\n|-weather|SunnyDay|[upkeep]\n|-heal|p2b: Armarouge|22\/100|[from] Grassy Terrain\n|-heal|p1a: Iron Hands|32\/100 brn|[from] Grassy Terrain\n|-heal|p2a: Torkoal|62\/100|[from] Grassy Terrain\n|-damage|p1a: Iron Hands|25\/100 brn|[from] brn\n|upkeep\n|turn|7\n|inactive|QTwo has 30 seconds left.\n|inactive|DeAndreRicketts has 30 seconds left.\n|inactive|QTwo has 20 seconds left.\n|c|\u2606QTwo|how did you out speed hands?\n|inactive|QTwo has 15 seconds left.\n|inactive|QTwo has 10 seconds left.\n|\n|t:|1699890532\n|move|p2b: Armarouge|Expanding Force|p1a: Iron Hands\n|-damage|p1a: Iron Hands|9\/100 brn\n|move|p1a: Iron Hands|Drain Punch|p2b: Armarouge\n|-damage|p2b: Armarouge|2\/100\n|-heal|p1a: Iron Hands|17\/100 brn|[from] drain|[of] p2b: Armarouge\n|move|p2a: Torkoal|Eruption|p1a: Iron Hands\n|-resisted|p1a: Iron Hands\n|-damage|p1a: Iron Hands|0 fnt\n|faint|p1a: Iron Hands\n|-end|p1a: Iron Hands|Quark Drive|[silent]\n|\n|win|DeAndreRicketts\n|raw|QTwo's rating: 1351 &rarr; <strong>1326<\/strong><br \/>(-25 for losing)\n|raw|DeAndreRicketts's rating: 1259 &rarr; <strong>1290<\/strong><br \/>(+31 for winning)\n|l|\u2606QTwo\n","uploadtime":1699890569,"views":6,"p1id":"qtwo","p2id":"deandrericketts","formatid":"gen9vgc2023regulatione","rating":1290,"private":0,"password":""}