{"id":"gen9vgc2023regulatione-1992450891","p1":"Zachy37","p2":"WobbahYT","format":"[Gen 9] VGC 2023 Regulation E","log":"|j|\u2606Zachy37\n|j|\u2606WobbahYT\n|t:|1700189128\n|gametype|doubles\n|player|p1|Zachy37|1|1044\n|player|p2|WobbahYT|emmet|1143\n|teamsize|p1|6\n|teamsize|p2|6\n|gen|9\n|tier|[Gen 9] VGC 2023 Regulation E\n|rated|\n|rule|Species Clause: Limit one of each Pok\u00e9mon\n|rule|Item Clause: Limit one of each item\n|clearpoke\n|poke|p1|Politoed, L50, M|\n|poke|p1|Poliwrath, L50, F|\n|poke|p1|Clodsire, L50, F|\n|poke|p1|Sinistcha, L50|\n|poke|p1|Goodra-Hisui, L50, F|\n|poke|p1|Scizor, L50, F|\n|poke|p2|Zapdos, L50|\n|poke|p2|Politoed, L50, F|\n|poke|p2|Weezing-Galar, L50, M|\n|poke|p2|Chien-Pao, L50|\n|poke|p2|Kingambit, L50, F|\n|poke|p2|Basculegion, L50, M|\n|teampreview|4\n|\n|t:|1700189181\n|start\n|switch|p1a: Politoed|Politoed, L50, M|100\/100\n|switch|p1b: Clodsire|Clodsire, L50, F|100\/100\n|switch|p2a: Basculegion|Basculegion, L50, M, shiny|100\/100\n|switch|p2b: Zapdos|Zapdos, L50|100\/100\n|-ability|p2b: Zapdos|Pressure\n|-weather|RainDance|[from] ability: Drizzle|[of] p1a: Politoed\n|turn|1\n|\n|t:|1700189209\n|switch|p1a: Sinistcha|Sinistcha, L50|100\/100\n|move|p2a: Basculegion|Zen Headbutt|p1b: Clodsire\n|-supereffective|p1b: Clodsire\n|-damage|p1b: Clodsire|34\/100\n|move|p2b: Zapdos|Thunderbolt|p1a: Sinistcha\n|-resisted|p1a: Sinistcha\n|-damage|p1a: Sinistcha|58\/100\n|cant|p1b: Clodsire|flinch\n|\n|-weather|RainDance|[upkeep]\n|upkeep\n|turn|2\n|\n|t:|1700189245\n|switch|p2b: Kingambit|Kingambit, L50, F, shiny|100\/100\n|move|p2a: Basculegion|Zen Headbutt|p1b: Clodsire\n|-supereffective|p1b: Clodsire\n|-damage|p1b: Clodsire|0 fnt\n|faint|p1b: Clodsire\n|move|p1a: Sinistcha|Strength Sap|p2a: Basculegion\n|-unboost|p2a: Basculegion|atk|1\n|-heal|p1a: Sinistcha|100\/100\n|\n|-weather|RainDance|[upkeep]\n|upkeep\n|\n|t:|1700189261\n|switch|p1b: Scizor|Scizor, L50, F|100\/100\n|turn|3\n|\n|t:|1700189296\n|switch|p2a: Zapdos|Zapdos, L50|100\/100\n|-ability|p2a: Zapdos|Pressure\n|-terastallize|p1b: Scizor|Flying\n|move|p1a: Sinistcha|Matcha Gotcha|p2b: Kingambit|[spread] p2a,p2b\n|-resisted|p2a: Zapdos\n|-resisted|p2b: Kingambit\n|-damage|p2a: Zapdos|74\/100\n|-damage|p2b: Kingambit|81\/100\n|-damage|p1a: Sinistcha|91\/100|[from] item: Life Orb\n|move|p1b: Scizor|Dual Wingbeat|p2b: Kingambit|[miss]\n|-miss|p1b: Scizor|p2b: Kingambit\n|move|p2b: Kingambit|Thunder Wave|p1b: Scizor\n|-status|p1b: Scizor|par\n|-enditem|p1b: Scizor|Lum Berry|[eat]\n|-curestatus|p1b: Scizor|par|[msg]\n|\n|-weather|RainDance|[upkeep]\n|upkeep\n|turn|4\n|\n|t:|1700189343\n|switch|p1b: Politoed|Politoed, L50, M|100\/100\n|move|p2b: Kingambit|Sucker Punch|p1a: Sinistcha\n|-supereffective|p1a: Sinistcha\n|-damage|p1a: Sinistcha|0 fnt\n|faint|p1a: Sinistcha\n|move|p2a: Zapdos|Thunderbolt|p1b: Politoed\n|-supereffective|p1b: Politoed\n|-damage|p1b: Politoed|0 fnt\n|faint|p1b: Politoed\n|\n|-weather|RainDance|[upkeep]\n|upkeep\n|inactive|Battle timer is ON: inactive players will automatically lose when time's up. (requested by WobbahYT)\n|\n|t:|1700189401\n|switch|p1b: Scizor|Scizor, L50, F, tera:Flying|100\/100\n|turn|5\n|l|\u2606WobbahYT\n|inactive|WobbahYT disconnected and has a minute to reconnect!\n|player|p2|\n|inactive|WobbahYT has 30 seconds left.\n|j|\u2606WobbahYT\n|inactive|WobbahYT reconnected and has 30 seconds left.\n|player|p2|WobbahYT|emmet\n|\n|t:|1700189432\n|move|p1b: Scizor|Bullet Punch|p2a: Zapdos\n|-resisted|p2a: Zapdos\n|-damage|p2a: Zapdos|52\/100\n|move|p2b: Kingambit|Sucker Punch||[still]\n|-fail|p2b: Kingambit\n|move|p2a: Zapdos|Thunderbolt|p1b: Scizor\n|-supereffective|p1b: Scizor\n|-damage|p1b: Scizor|0 fnt\n|faint|p1b: Scizor\n|\n|win|WobbahYT\n|raw|Zachy37's rating: 1044 &rarr; <strong>1032<\/strong><br \/>(-12 for losing)\n|raw|WobbahYT's rating: 1143 &rarr; <strong>1161<\/strong><br \/>(+18 for winning)\n|l|\u2606Zachy37\n","uploadtime":1700189448,"views":13,"p1id":"zachy37","p2id":"wobbahyt","formatid":"gen9vgc2023regulatione","rating":1032,"private":0,"password":""}