{"id":"gen9vgc2023regulatione-1992761223","p1":"Flower Gal Gerry","p2":"asdddsqaqd","format":"[Gen 9] VGC 2023 Regulation E","log":"|j|\u2606Flower Gal Gerry\n|j|\u2606asdddsqaqd\n|t:|1700233078\n|gametype|doubles\n|player|p1|Flower Gal Gerry|aromalady|1093\n|player|p2|asdddsqaqd|169|1097\n|teamsize|p1|6\n|teamsize|p2|6\n|gen|9\n|tier|[Gen 9] VGC 2023 Regulation E\n|rated|\n|rule|Species Clause: Limit one of each Pok\u00e9mon\n|rule|Item Clause: Limit one of each item\n|clearpoke\n|poke|p1|Kommo-o, L50, M|\n|poke|p1|Polteageist-Antique, L50|\n|poke|p1|Sinistcha-Masterpiece, L50|\n|poke|p1|Golduck, L50, F|\n|poke|p1|Dondozo, L50, M|\n|poke|p1|Tatsugiri, L50, F|\n|poke|p2|Cresselia, L50, F|\n|poke|p2|Urshifu-*, L50, M|\n|poke|p2|Ursaluna-Bloodmoon, L50, M|\n|poke|p2|Glastrier, L50|\n|poke|p2|Amoonguss, L50, F|\n|poke|p2|Flutter Mane, L50|\n|teampreview|4\n|\n|t:|1700233096\n|start\n|switch|p1a: Golduck|Golduck, L50, F|100\/100\n|switch|p1b: Dondozo|Dondozo, L50, M|100\/100\n|switch|p2a: Cresselia|Cresselia, L50, F|100\/100\n|switch|p2b: Ursaluna|Ursaluna-Bloodmoon, L50, M|100\/100\n|-ability|p1a: Golduck|Cloud Nine\n|turn|1\n|\n|t:|1700233141\n|-terastallize|p2b: Ursaluna|Grass\n|move|p2a: Cresselia|Ally Switch|p2a: Cresselia\n|swap|p2a: Cresselia|1|[from] move: Ally Switch\n|move|p1a: Golduck|Simple Beam|p1b: Dondozo\n|-endability|p1b: Dondozo|Unaware|[from] move: Simple Beam\n|-ability|p1b: Dondozo|Simple|[from] move: Simple Beam\n|move|p1b: Dondozo|Wave Crash|p2b: Cresselia\n|-crit|p2b: Cresselia\n|-damage|p2b: Cresselia|56\/100\n|-damage|p1b: Dondozo|87\/100|[from] Recoil\n|move|p2a: Ursaluna|Hyper Voice|p1b: Dondozo|[spread] p1a,p1b\n|-damage|p1a: Golduck|57\/100\n|-damage|p1b: Dondozo|53\/100\n|-enditem|p2a: Ursaluna|Throat Spray\n|-boost|p2a: Ursaluna|spa|1|[from] item: Throat Spray\n|\n|-heal|p1b: Dondozo|59\/100|[from] item: Leftovers\n|upkeep\n|turn|2\n|\n|t:|1700233187\n|switch|p1a: Tatsugiri|Tatsugiri, L50, F|100\/100\n|-activate|p1a: Tatsugiri|ability: Commander|[of] p1b: Dondozo\n|-boost|p1b: Dondozo|atk|4\n|-boost|p1b: Dondozo|spa|4\n|-boost|p1b: Dondozo|spe|4\n|-boost|p1b: Dondozo|def|4\n|-boost|p1b: Dondozo|spd|4\n|move|p1b: Dondozo|Protect|p1b: Dondozo\n|-singleturn|p1b: Dondozo|Protect\n|move|p2a: Ursaluna|Blood Moon|p1b: Dondozo\n|-activate|p1b: Dondozo|move: Protect\n|move|p2b: Cresselia|Trick Room|p2b: Cresselia\n|-fieldstart|move: Trick Room|[of] p2b: Cresselia\n|\n|-heal|p1b: Dondozo|65\/100|[from] item: Leftovers\n|upkeep\n|turn|3\n|\n|t:|1700233222\n|switch|p2a: Amoonguss|Amoonguss, L50, F|100\/100\n|move|p2b: Cresselia|Ally Switch|p2b: Cresselia\n|swap|p2b: Cresselia|0|[from] move: Ally Switch\n|move|p1b: Dondozo|Order Up|p2a: Cresselia\n|-damage|p2a: Cresselia|17\/100\n|-boost|p1b: Dondozo|atk|2\n|\n|-heal|p1b: Dondozo|72\/100|[from] item: Leftovers\n|upkeep\n|turn|4\n|\n|t:|1700233248\n|-terastallize|p1b: Dondozo|Grass\n|move|p2b: Amoonguss|Clear Smog|p1b: Dondozo\n|-supereffective|p1b: Dondozo\n|-damage|p1b: Dondozo|62\/100\n|-clearboost|p1b: Dondozo\n|move|p1b: Dondozo|Order Up|p2a: Cresselia\n|-damage|p2a: Cresselia|5\/100\n|-boost|p1b: Dondozo|atk|2\n|move|p2a: Cresselia|Lunar Blessing|p2a: Cresselia|[spread] p2a,p2b\n|-heal|p2a: Cresselia|30\/100\n|\n|-heal|p1b: Dondozo|69\/100|[from] item: Leftovers\n|upkeep\n|turn|5\n|\n|t:|1700233264\n|move|p2b: Amoonguss|Clear Smog|p1b: Dondozo\n|-supereffective|p1b: Dondozo\n|-damage|p1b: Dondozo|41\/100\n|-clearboost|p1b: Dondozo\n|move|p1b: Dondozo|Order Up|p2a: Cresselia\n|-damage|p2a: Cresselia|17\/100\n|-boost|p1b: Dondozo|atk|2\n|move|p2a: Cresselia|Ice Beam|p1b: Dondozo\n|-supereffective|p1b: Dondozo\n|-damage|p1b: Dondozo|11\/100\n|\n|-heal|p1b: Dondozo|17\/100|[from] item: Leftovers\n|upkeep\n|turn|6\n|\n|t:|1700233280\n|move|p1b: Dondozo|Protect|p1b: Dondozo\n|-singleturn|p1b: Dondozo|Protect\n|move|p2b: Amoonguss|Clear Smog|p1b: Dondozo\n|-activate|p1b: Dondozo|move: Protect\n|move|p2a: Cresselia|Lunar Blessing|p2a: Cresselia|[spread] p2a,p2b\n|-heal|p2a: Cresselia|42\/100\n|\n|-heal|p1b: Dondozo|23\/100|[from] item: Leftovers\n|-fieldend|move: Trick Room\n|upkeep\n|turn|7\n|\n|t:|1700233296\n|move|p1b: Dondozo|Wave Crash|p2a: Cresselia\n|-damage|p2a: Cresselia|0 fnt\n|faint|p2a: Cresselia\n|-damage|p1b: Dondozo|11\/100|[from] Recoil\n|move|p2b: Amoonguss|Spore|p1b: Dondozo\n|-immune|p1b: Dondozo\n|\n|-heal|p1b: Dondozo|18\/100|[from] item: Leftovers\n|upkeep\n|\n|t:|1700233306\n|switch|p2a: Urshifu|Urshifu-Rapid-Strike, L50, M|100\/100\n|turn|8\n|\n|t:|1700233320\n|move|p2a: Urshifu|U-turn|p1b: Dondozo\n|-supereffective|p1b: Dondozo\n|-damage|p1b: Dondozo|0 fnt\n|faint|p1b: Dondozo\n|\n|t:|1700233326\n|switch|p2a: Ursaluna|Ursaluna-Bloodmoon, L50, M, tera:Grass|100\/100|[from] U-turn\n|move|p2b: Amoonguss|Spore|p1a: Tatsugiri\n|-status|p1a: Tatsugiri|slp|[from] move: Spore\n|\n|upkeep\n|\n|t:|1700233332\n|switch|p1b: Kommo-o|Kommo-o, L50, M|100\/100\n|turn|9\n|\n|t:|1700233351\n|move|p1b: Kommo-o|Protect|p1b: Kommo-o\n|-singleturn|p1b: Kommo-o|Protect\n|move|p2b: Amoonguss|Rage Powder|p2b: Amoonguss\n|-singleturn|p2b: Amoonguss|move: Rage Powder\n|cant|p1a: Tatsugiri|slp\n|move|p2a: Ursaluna|Blood Moon|p1b: Kommo-o\n|-activate|p1b: Kommo-o|move: Protect\n|\n|upkeep\n|turn|10\n|\n|t:|1700233370\n|move|p2a: Ursaluna|Protect|p2a: Ursaluna\n|-singleturn|p2a: Ursaluna|Protect\n|move|p2b: Amoonguss|Rage Powder|p2b: Amoonguss\n|-singleturn|p2b: Amoonguss|move: Rage Powder\n|cant|p1a: Tatsugiri|slp\n|move|p1b: Kommo-o|Clangorous Soul|p1b: Kommo-o\n|-boost|p1b: Kommo-o|atk|1\n|-boost|p1b: Kommo-o|def|1\n|-boost|p1b: Kommo-o|spa|1\n|-boost|p1b: Kommo-o|spd|1\n|-boost|p1b: Kommo-o|spe|1\n|-damage|p1b: Kommo-o|68\/100\n|-enditem|p1b: Kommo-o|Throat Spray\n|-boost|p1b: Kommo-o|spa|1|[from] item: Throat Spray\n|\n|upkeep\n|turn|11\n|\n|t:|1700233403\n|cant|p1a: Tatsugiri|slp\n|move|p1b: Kommo-o|Clanging Scales|p2b: Amoonguss|[spread] p2a,p2b\n|-damage|p2a: Ursaluna|6\/100\n|-damage|p2b: Amoonguss|33\/100\n|-unboost|p1b: Kommo-o|def|1\n|move|p2a: Ursaluna|Blood Moon|p1a: Tatsugiri\n|-damage|p1a: Tatsugiri|0 fnt\n|faint|p1a: Tatsugiri\n|move|p2b: Amoonguss|Clear Smog|p1b: Kommo-o\n|-damage|p1b: Kommo-o|57\/100\n|-clearboost|p1b: Kommo-o\n|\n|upkeep\n|\n|t:|1700233417\n|switch|p1a: Golduck|Golduck, L50, F|57\/100\n|-ability|p1a: Golduck|Cloud Nine\n|turn|12\n|\n|t:|1700233437\n|move|p1a: Golduck|Hydro Pump|p2a: Ursaluna\n|-resisted|p2a: Ursaluna\n|-damage|p2a: Ursaluna|0 fnt\n|faint|p2a: Ursaluna\n|move|p1b: Kommo-o|Clanging Scales|p2b: Amoonguss\n|-damage|p2b: Amoonguss|0 fnt\n|faint|p2b: Amoonguss\n|-unboost|p1b: Kommo-o|def|1\n|\n|upkeep\n|\n|t:|1700233447\n|switch|p2a: Urshifu|Urshifu-Rapid-Strike, L50, M|100\/100\n|turn|13\n|\n|t:|1700233465\n|move|p2a: Urshifu|Close Combat|p1b: Kommo-o\n|-damage|p1b: Kommo-o|0 fnt\n|-unboost|p2a: Urshifu|def|1\n|-unboost|p2a: Urshifu|spd|1\n|faint|p1b: Kommo-o\n|move|p1a: Golduck|Hydro Pump|p2a: Urshifu|[miss]\n|-miss|p1a: Golduck|p2a: Urshifu\n|\n|upkeep\n|turn|14\n|\n|t:|1700233474\n|move|p2a: Urshifu|U-turn|p1a: Golduck\n|-damage|p1a: Golduck|30\/100\n|move|p1a: Golduck|Hydro Pump|p2a: Urshifu\n|-resisted|p2a: Urshifu\n|-damage|p2a: Urshifu|60\/100\n|\n|upkeep\n|turn|15\n|\n|t:|1700233483\n|move|p2a: Urshifu|U-turn|p1a: Golduck\n|-damage|p1a: Golduck|3\/100\n|move|p1a: Golduck|Hydro Pump|p2a: Urshifu|[miss]\n|-miss|p1a: Golduck|p2a: Urshifu\n|\n|upkeep\n|turn|16\n|\n|t:|1700233491\n|move|p2a: Urshifu|U-turn|p1a: Golduck\n|-damage|p1a: Golduck|0 fnt\n|faint|p1a: Golduck\n|\n|win|asdddsqaqd\n|raw|Flower Gal Gerry's rating: 1093 &rarr; <strong>1069<\/strong><br \/>(-24 for losing)\n|raw|asdddsqaqd's rating: 1097 &rarr; <strong>1122<\/strong><br \/>(+25 for winning)\n|l|\u2606Flower Gal Gerry\n","uploadtime":1700233510,"views":26,"p1id":"flowergalgerry","p2id":"asdddsqaqd","formatid":"gen9vgc2023regulatione","rating":1069,"private":0,"password":""}