{"id":"gen9vgc2023regulatione-1989743588","p1":"Ayresbrun","p2":"K\\jrhzk","format":"[Gen 9] VGC 2023 Regulation E","log":"|j|\u2606Ayresbrun\n|j|\u2606K\\jrhzk\n|t:|1699891993\n|gametype|doubles\n|player|p1|Ayresbrun|266|1141\n|player|p2|K\\jrhzk|lance|1090\n|teamsize|p1|6\n|teamsize|p2|6\n|gen|9\n|tier|[Gen 9] VGC 2023 Regulation E\n|rated|\n|rule|Species Clause: Limit one of each Pok\u00e9mon\n|rule|Item Clause: Limit one of each item\n|clearpoke\n|poke|p1|Flutter Mane, L50|\n|poke|p1|Tornadus, L50, M|\n|poke|p1|Heatran, L50, M|\n|poke|p1|Rillaboom, L50, M|\n|poke|p1|Arcanine, L50, M|\n|poke|p1|Hydreigon, L50, F|\n|poke|p2|Flutter Mane, L50|\n|poke|p2|Tornadus, L50, M|\n|poke|p2|Rillaboom, L50, F|\n|poke|p2|Garganacl, L50, F|\n|poke|p2|Arcanine-Hisui, L50, F|\n|poke|p2|Chien-Pao, L50|\n|teampreview|4\n|inactive|Battle timer is ON: inactive players will automatically lose when time's up. (requested by Ayresbrun)\nAyresbrun has agreed to open team sheets.\nK\\jrhzk has agreed to open team sheets.\n|inactive|Ayresbrun has 30 seconds left.\n|inactive|K\\jrhzk has 30 seconds left.\n|inactive|Ayresbrun has 20 seconds left.\n|inactive|Ayresbrun has 15 seconds left.\n|inactive|Ayresbrun has 10 seconds left.\n|inactive|Ayresbrun has 5 seconds left.\n|\n|t:|1699892059\n|start\n|switch|p1a: Rillaboom|Rillaboom, L50, M|100\/100\n|switch|p1b: Tornadus|Tornadus, L50, M|100\/100\n|switch|p2a: Tornadus|Tornadus, L50, M|100\/100\n|switch|p2b: Garganacl|Garganacl, L50, F|100\/100\n|-fieldstart|move: Grassy Terrain|[from] ability: Grassy Surge|[of] p1a: Rillaboom\n|turn|1\n|inactive|Ayresbrun has 30 seconds left.\n|inactive|Ayresbrun has 20 seconds left.\n|inactive|Ayresbrun has 15 seconds left.\n|inactive|Ayresbrun has 10 seconds left.\n|\n|t:|1699892104\n|-terastallize|p2b: Garganacl|Ghost\n|move|p1a: Rillaboom|Fake Out|p2a: Tornadus\n|-damage|p2a: Tornadus|83\/100\n|-damage|p1a: Rillaboom|84\/100|[from] item: Rocky Helmet|[of] p2a: Tornadus\n|move|p1b: Tornadus|Grass Knot|p2b: Garganacl\n|-damage|p2b: Garganacl|78\/100\n|cant|p2a: Tornadus|flinch\n|move|p2b: Garganacl|Salt Cure|p1b: Tornadus\n|-supereffective|p1b: Tornadus\n|-damage|p1b: Tornadus|71\/100\n|\n|-heal|p1a: Rillaboom|90\/100|[from] Grassy Terrain\n|-heal|p2b: Garganacl|84\/100|[from] Grassy Terrain\n|upkeep\n|turn|2\n|inactive|Ayresbrun has 30 seconds left.\n|inactive|Ayresbrun has 20 seconds left.\n|inactive|Ayresbrun has 15 seconds left.\n|inactive|Ayresbrun has 10 seconds left.\n|\n|t:|1699892152\n|move|p2b: Garganacl|Protect|p2b: Garganacl\n|-singleturn|p2b: Garganacl|Protect\n|move|p1b: Tornadus|Grass Knot|p2b: Garganacl\n|-activate|p2b: Garganacl|move: Protect\n|move|p2a: Tornadus|Bleakwind Storm|p1b: Tornadus|[spread] p1a\n|-miss|p2a: Tornadus|p1b: Tornadus\n|-supereffective|p1a: Rillaboom\n|-damage|p1a: Rillaboom|41\/100\n|move|p1a: Rillaboom|Wood Hammer|p2b: Garganacl\n|-activate|p2b: Garganacl|move: Protect\n|\n|-heal|p1a: Rillaboom|46\/100|[from] Grassy Terrain\n|-heal|p2b: Garganacl|90\/100|[from] Grassy Terrain\n|upkeep\n|turn|3\n|\n|t:|1699892169\n|move|p1b: Tornadus|Grass Knot|p2b: Garganacl\n|-damage|p2b: Garganacl|66\/100\n|move|p2a: Tornadus|Bleakwind Storm|p1b: Tornadus|[spread] p1a,p1b\n|-supereffective|p1a: Rillaboom\n|-damage|p1a: Rillaboom|0 fnt\n|-damage|p1b: Tornadus|39\/100\n|faint|p1a: Rillaboom\n|move|p2b: Garganacl|Salt Cure|p1b: Tornadus\n|-supereffective|p1b: Tornadus\n|-damage|p1b: Tornadus|13\/100\n|\n|-heal|p2b: Garganacl|72\/100|[from] Grassy Terrain\n|upkeep\n|\n|t:|1699892181\n|switch|p1a: Heatran|Heatran, L50, M|100\/100\n|turn|4\n|\n|t:|1699892194\n|move|p2b: Garganacl|Protect|p2b: Garganacl\n|-singleturn|p2b: Garganacl|Protect\n|move|p1b: Tornadus|Sunny Day|p1b: Tornadus\n|-weather|SunnyDay\n|move|p2a: Tornadus|Bleakwind Storm|p1b: Tornadus|[spread] p1a,p1b\n|-resisted|p1a: Heatran\n|-damage|p1a: Heatran|87\/100\n|-damage|p1b: Tornadus|0 fnt\n|faint|p1b: Tornadus\n|move|p1a: Heatran|Heat Wave|p2a: Tornadus|[spread] p2a\n|-activate|p2b: Garganacl|move: Protect\n|-damage|p2a: Tornadus|27\/100\n|-damage|p1a: Heatran|77\/100|[from] item: Life Orb\n|\n|-weather|SunnyDay|[upkeep]\n|-heal|p1a: Heatran|83\/100|[from] Grassy Terrain\n|-heal|p2b: Garganacl|78\/100|[from] Grassy Terrain\n|upkeep\n|\n|t:|1699892208\n|switch|p1b: Arcanine|Arcanine, L50, M|100\/100\n|-ability|p1b: Arcanine|Intimidate|boost\n|-unboost|p2a: Tornadus|atk|1\n|-unboost|p2b: Garganacl|atk|1\n|turn|5\n|\n|t:|1699892215\n|move|p2a: Tornadus|Tailwind|p2a: Tornadus\n|-sidestart|p2: K\\jrhzk|move: Tailwind\n|move|p1b: Arcanine|Flare Blitz|p2b: Garganacl\n|-damage|p2b: Garganacl|24\/100\n|-enditem|p2b: Garganacl|Sitrus Berry|[eat]\n|-heal|p2b: Garganacl|49\/100|[from] item: Sitrus Berry\n|-damage|p1b: Arcanine|82\/100|[from] Recoil\n|move|p2b: Garganacl|Salt Cure|p1a: Heatran\n|-damage|p1a: Heatran|74\/100\n|-start|p1a: Heatran|Salt Cure\n|move|p1a: Heatran|Heat Wave|p2a: Tornadus|[spread] p2a,p2b\n|-damage|p2a: Tornadus|0 fnt\n|-damage|p2b: Garganacl|5\/100\n|faint|p2a: Tornadus\n|-damage|p1a: Heatran|65\/100|[from] item: Life Orb\n|\n|-weather|SunnyDay|[upkeep]\n|-heal|p1b: Arcanine|88\/100|[from] Grassy Terrain\n|-heal|p2b: Garganacl|11\/100|[from] Grassy Terrain\n|-heal|p1a: Heatran|71\/100|[from] Grassy Terrain\n|-damage|p1a: Heatran|46\/100|[from] Salt Cure\n|-fieldend|move: Grassy Terrain\n|upkeep\n|\n|t:|1699892229\n|switch|p2a: Arcanine|Arcanine-Hisui, L50, F|100\/100\n|-ability|p2a: Arcanine|Intimidate|boost\n|-unboost|p1a: Heatran|atk|1\n|-unboost|p1b: Arcanine|atk|1\n|turn|6\n|\n|t:|1699892251\n|move|p1b: Arcanine|Protect|p1b: Arcanine\n|-singleturn|p1b: Arcanine|Protect\n|move|p1a: Heatran|Protect|p1a: Heatran\n|-singleturn|p1a: Heatran|Protect\n|move|p2a: Arcanine|Rock Slide|p1a: Heatran|[spread] \n|-activate|p1a: Heatran|move: Protect\n|-activate|p1b: Arcanine|move: Protect\n|move|p2b: Garganacl|Recover|p2b: Garganacl\n|-heal|p2b: Garganacl|61\/100\n|\n|-weather|SunnyDay|[upkeep]\n|-damage|p1a: Heatran|21\/100|[from] Salt Cure\n|upkeep\n|turn|7\n|\n|t:|1699892267\n|move|p2a: Arcanine|Rock Slide|p1a: Heatran|[spread] p1a,p1b\n|-supereffective|p1b: Arcanine\n|-damage|p1a: Heatran|0 fnt\n|-damage|p1b: Arcanine|15\/100\n|-enditem|p1b: Arcanine|Sitrus Berry|[eat]\n|-heal|p1b: Arcanine|40\/100|[from] item: Sitrus Berry\n|faint|p1a: Heatran\n|move|p1b: Arcanine|Flare Blitz|p2b: Garganacl\n|-crit|p2b: Garganacl\n|-damage|p2b: Garganacl|0 fnt\n|faint|p2b: Garganacl\n|-damage|p1b: Arcanine|18\/100|[from] Recoil\n|\n|-weather|SunnyDay|[upkeep]\n|upkeep\n|\n|t:|1699892271\n|switch|p2b: Rillaboom|Rillaboom, L50, F|100\/100\n|-fieldstart|move: Grassy Terrain|[from] ability: Grassy Surge|[of] p2b: Rillaboom\n|turn|8\n|\n|t:|1699892282\n|move|p1b: Arcanine|Protect|p1b: Arcanine\n|-singleturn|p1b: Arcanine|Protect\n|move|p2b: Rillaboom|Fake Out|p1b: Arcanine\n|-activate|p1b: Arcanine|move: Protect\n|move|p2a: Arcanine|Rock Slide|p1b: Arcanine\n|-activate|p1b: Arcanine|move: Protect\n|\n|-weather|none\n|-heal|p1b: Arcanine|24\/100|[from] Grassy Terrain\n|-sideend|p2: K\\jrhzk|move: Tailwind\n|upkeep\n|turn|9\n|\n|t:|1699892303\n|-terastallize|p1b: Arcanine|Grass\n|move|p2a: Arcanine|Rock Slide|p1b: Arcanine\n|-damage|p1b: Arcanine|0 fnt\n|faint|p1b: Arcanine\n|\n|win|K\\jrhzk\n|raw|Ayresbrun's rating: 1141 &rarr; <strong>1112<\/strong><br \/>(-29 for losing)\n|raw|K\\jrhzk's rating: 1090 &rarr; <strong>1120<\/strong><br \/>(+30 for winning)\n","uploadtime":1699892313,"views":9,"p1id":"ayresbrun","p2id":"kjrhzk","formatid":"gen9vgc2023regulatione","rating":1112,"private":0,"password":""}