{"id":"gen9vgc2023regulatione-1998235236","p1":"Sitoalcorba","p2":"BlindMagneton","format":"[Gen 9] VGC 2023 Regulation E","log":"|j|\u2606Sitoalcorba\n|j|\u2606BlindMagneton\n|t:|1700917465\n|gametype|doubles\n|player|p1|Sitoalcorba|266|1501\n|player|p2|BlindMagneton|wattson|1542\n|teamsize|p1|6\n|teamsize|p2|6\n|gen|9\n|tier|[Gen 9] VGC 2023 Regulation E\n|rated|\n|rule|Species Clause: Limit one of each Pok\u00e9mon\n|rule|Item Clause: Limit one of each item\n|clearpoke\n|poke|p1|Brambleghast, L50, F|\n|poke|p1|Tornadus, L50, M|\n|poke|p1|Urshifu-*, L50, F|\n|poke|p1|Chien-Pao, L50|\n|poke|p1|Heatran, L50, M|\n|poke|p1|Dragonite, L50, F|\n|poke|p2|Mandibuzz, L50, F|\n|poke|p2|Abomasnow, L50, M|\n|poke|p2|Roaring Moon, L50|\n|poke|p2|Brambleghast, L50, F|\n|poke|p2|Farigiraf, L50, F|\n|poke|p2|Hydreigon, L50, M|\n|teampreview|4\n|\n|t:|1700917522\n|start\n|switch|p1a: Brambleghast|Brambleghast, L50, F|100\/100\n|switch|p1b: Tornadus|Tornadus, L50, M|100\/100\n|switch|p2a: Mandibuzz|Mandibuzz, L50, F|100\/100\n|switch|p2b: Abomasnow|Abomasnow, L50, M|100\/100\n|-weather|Snow|[from] ability: Snow Warning|[of] p2b: Abomasnow\n|turn|1\n|j| gorillaz murdoch\n|l| gorillaz murdoch\n|\n|t:|1700917554\n|move|p1b: Tornadus|Tailwind|p1b: Tornadus\n|-sidestart|p1: Sitoalcorba|move: Tailwind\n|-ability|p1a: Brambleghast|Wind Rider|boost\n|-boost|p1a: Brambleghast|atk|1\n|move|p2b: Abomasnow|Ice Shard|p2a: Mandibuzz\n|-supereffective|p2a: Mandibuzz\n|-damage|p2a: Mandibuzz|77\/100\n|-ability|p2a: Mandibuzz|Weak Armor|boost\n|-unboost|p2a: Mandibuzz|def|1\n|-boost|p2a: Mandibuzz|spe|2\n|-enditem|p2a: Mandibuzz|Weakness Policy\n|-boost|p2a: Mandibuzz|atk|2|[from] item: Weakness Policy\n|-boost|p2a: Mandibuzz|spa|2|[from] item: Weakness Policy\n|move|p2a: Mandibuzz|Lash Out|p1a: Brambleghast\n|-supereffective|p1a: Brambleghast\n|-damage|p1a: Brambleghast|0 fnt\n|faint|p1a: Brambleghast\n|\n|-weather|Snow|[upkeep]\n|upkeep\n|\n|t:|1700917568\n|switch|p1a: Urshifu|Urshifu-Rapid-Strike, L50, F|100\/100\n|turn|2\n|\n|t:|1700917586\n|move|p1a: Urshifu|Protect|p1a: Urshifu\n|-singleturn|p1a: Urshifu|Protect\n|move|p2b: Abomasnow|Ice Shard|p2a: Mandibuzz\n|-supereffective|p2a: Mandibuzz\n|-damage|p2a: Mandibuzz|40\/100\n|-ability|p2a: Mandibuzz|Weak Armor|boost\n|-unboost|p2a: Mandibuzz|def|1\n|-boost|p2a: Mandibuzz|spe|2\n|move|p2a: Mandibuzz|Lash Out|p1b: Tornadus\n|-damage|p1b: Tornadus|0 fnt\n|faint|p1b: Tornadus\n|\n|-weather|Snow|[upkeep]\n|upkeep\n|\n|t:|1700917595\n|switch|p1b: Heatran|Heatran, L50, M|100\/100\n|turn|3\n|\n|t:|1700917608\n|move|p1a: Urshifu|Aqua Jet|p2a: Mandibuzz\n|-damage|p2a: Mandibuzz|0 fnt\n|faint|p2a: Mandibuzz\n|move|p1b: Heatran|Heat Wave|p2b: Abomasnow\n|-supereffective|p2b: Abomasnow\n|-enditem|p2b: Abomasnow|Focus Sash\n|-damage|p2b: Abomasnow|1\/100\n|move|p2b: Abomasnow|Energy Ball|p1a: Urshifu\n|-supereffective|p1a: Urshifu\n|-damage|p1a: Urshifu|0 fnt\n|faint|p1a: Urshifu\n|\n|-weather|Snow|[upkeep]\n|upkeep\n|\n|t:|1700917619\n|switch|p2a: Roaring Moon|Roaring Moon, L50|100\/100\n|-enditem|p2a: Roaring Moon|Booster Energy\n|-activate|p2a: Roaring Moon|ability: Protosynthesis|[fromitem]\n|-start|p2a: Roaring Moon|protosynthesisspe\n|turn|4\n|\n|t:|1700917645\n|move|p2a: Roaring Moon|Protect|p2a: Roaring Moon\n|-singleturn|p2a: Roaring Moon|Protect\n|move|p2b: Abomasnow|Protect|p2b: Abomasnow\n|-singleturn|p2b: Abomasnow|Protect\n|move|p1b: Heatran|Heat Wave|p2b: Abomasnow|[spread] \n|-activate|p2a: Roaring Moon|move: Protect\n|-activate|p2b: Abomasnow|move: Protect\n|\n|-weather|Snow|[upkeep]\n|-sideend|p1: Sitoalcorba|move: Tailwind\n|upkeep\n|turn|5\n|\n|t:|1700917653\n|switch|p2b: Brambleghast|Brambleghast, L50, F|100\/100\n|move|p2a: Roaring Moon|Jaw Lock|p1b: Heatran\n|-damage|p1b: Heatran|68\/100\n|-activate|p2a: Roaring Moon|trapped\n|-activate|p1b: Heatran|trapped\n|move|p1b: Heatran|Heat Wave|p2b: Brambleghast|[spread] p2a\n|-ability|p2b: Brambleghast|Wind Rider|boost\n|-boost|p2b: Brambleghast|atk|1\n|-resisted|p2a: Roaring Moon\n|-damage|p2a: Roaring Moon|83\/100\n|\n|-weather|none\n|-heal|p1b: Heatran|74\/100|[from] item: Leftovers\n|upkeep\n|turn|6\n|\n|t:|1700917668\n|move|p2b: Brambleghast|Protect|p2b: Brambleghast\n|-singleturn|p2b: Brambleghast|Protect\n|move|p2a: Roaring Moon|Tailwind|p2a: Roaring Moon\n|-sidestart|p2: BlindMagneton|move: Tailwind\n|-ability|p2b: Brambleghast|Wind Rider|boost\n|-boost|p2b: Brambleghast|atk|1\n|move|p1b: Heatran|Flash Cannon|p2b: Brambleghast\n|-activate|p2b: Brambleghast|move: Protect\n|\n|-heal|p1b: Heatran|80\/100|[from] item: Leftovers\n|upkeep\n|turn|7\n|-message|Sitoalcorba forfeited.\n|\n|win|BlindMagneton\n|raw|Sitoalcorba's rating: 1501 &rarr; <strong>1483<\/strong><br \/>(-18 for losing)\n|raw|BlindMagneton's rating: 1542 &rarr; <strong>1560<\/strong><br \/>(+18 for winning)\n|l|\u2606Sitoalcorba\n","uploadtime":1700917679,"views":5,"p1id":"sitoalcorba","p2id":"blindmagneton","formatid":"gen9vgc2023regulatione","rating":1483,"private":0,"password":""}