{"id":"gen9vgc2023regulatione-1996617516","p1":"Wellington Kobs","p2":"WM Sma","format":"[Gen 9] VGC 2023 Regulation E","log":"|j|\u2606Wellington Kobs\n|j|\u2606WM Sma\n|t:|1700701159\n|gametype|doubles\n|player|p1|Wellington Kobs|blue|1220\n|player|p2|WM Sma|cynthia-masters|1128\n|teamsize|p1|6\n|teamsize|p2|6\n|gen|9\n|tier|[Gen 9] VGC 2023 Regulation E\n|rated|\n|rule|Species Clause: Limit one of each Pok\u00e9mon\n|rule|Item Clause: Limit one of each item\n|clearpoke\n|poke|p1|Urshifu-*, L50, M|\n|poke|p1|Rillaboom, L50, M|\n|poke|p1|Arcanine-Hisui, L50, F|\n|poke|p1|Tornadus, L50, M|\n|poke|p1|Flutter Mane, L50|\n|poke|p1|Chien-Pao, L50|\n|poke|p2|Ogerpon-Wellspring, L50, F|\n|poke|p2|Regieleki, L50|\n|poke|p2|Landorus-Therian, L50, M|\n|poke|p2|Tornadus, L50, M|\n|poke|p2|Chi-Yu, L50|\n|poke|p2|Flutter Mane, L50|\n|teampreview|4\n|inactive|Battle timer is ON: inactive players will automatically lose when time's up. (requested by Wellington Kobs)\n|inactive|Wellington Kobs has 60 seconds left.\n|inactive|WM Sma has 60 seconds left.\nWellington Kobs has agreed to open team sheets.\n|\n|t:|1700701223\n|start\n|switch|p1a: Tornadus|Tornadus, L50, M|100\/100\n|switch|p1b: Chien-Pao|Chien-Pao, L50|100\/100\n|switch|p2a: Landorus|Landorus-Therian, L50, M|100\/100\n|switch|p2b: Regieleki|Regieleki, L50|100\/100\n|-ability|p1b: Chien-Pao|Sword of Ruin\n|-ability|p2a: Landorus|Intimidate|boost\n|-unboost|p1a: Tornadus|atk|1\n|-unboost|p1b: Chien-Pao|atk|1\n|turn|1\n|inactive|WM Sma has 30 seconds left.\n|inactive|WM Sma has 20 seconds left.\n|inactive|WM Sma has 15 seconds left.\n|\n|t:|1700701266\n|switch|p2a: Chi-Yu|Chi-Yu, L50|100\/100\n|-ability|p2a: Chi-Yu|Beads of Ruin\n|move|p1a: Tornadus|Tailwind|p1a: Tornadus\n|-sidestart|p1: Wellington Kobs|move: Tailwind\n|move|p1b: Chien-Pao|Ice Spinner|p2a: Chi-Yu\n|-resisted|p2a: Chi-Yu\n|-damage|p2a: Chi-Yu|81\/100\n|move|p2b: Regieleki|Electroweb|p1b: Chien-Pao|[spread] p1a,p1b\n|-supereffective|p1a: Tornadus\n|-damage|p1a: Tornadus|42\/100\n|-damage|p1b: Chien-Pao|38\/100\n|-unboost|p1b: Chien-Pao|spe|1\n|\n|-heal|p2a: Chi-Yu|87\/100|[from] item: Leftovers\n|upkeep\n|turn|2\n|inactive|Wellington Kobs has 30 seconds left.\n|inactive|WM Sma has 30 seconds left.\n|\n|t:|1700701297\n|switch|p1b: Rillaboom|Rillaboom, L50, M|100\/100\n|-fieldstart|move: Grassy Terrain|[from] ability: Grassy Surge|[of] p1b: Rillaboom\n|move|p2a: Chi-Yu|Protect|p2a: Chi-Yu\n|-singleturn|p2a: Chi-Yu|Protect\n|move|p1a: Tornadus|Rain Dance|p1a: Tornadus\n|-weather|RainDance\n|move|p2b: Regieleki|Electroweb|p1b: Rillaboom|[spread] p1a,p1b\n|-supereffective|p1a: Tornadus\n|-crit|p1a: Tornadus\n|-resisted|p1b: Rillaboom\n|-damage|p1a: Tornadus|0 fnt\n|-damage|p1b: Rillaboom|83\/100\n|-unboost|p1b: Rillaboom|spe|1\n|faint|p1a: Tornadus\n|\n|-weather|RainDance|[upkeep]\n|-heal|p1b: Rillaboom|88\/100|[from] Grassy Terrain\n|-heal|p2a: Chi-Yu|93\/100|[from] Grassy Terrain\n|-heal|p2a: Chi-Yu|99\/100|[from] item: Leftovers\n|upkeep\n|\n|t:|1700701307\n|switch|p1a: Urshifu|Urshifu-Rapid-Strike, L50, M|100\/100\n|turn|3\n|inactive|WM Sma has 30 seconds left.\n|inactive|Wellington Kobs has 30 seconds left.\n|inactive|WM Sma has 20 seconds left.\n|\n|t:|1700701350\n|switch|p2b: Ogerpon|Ogerpon-Wellspring, L50, F|100\/100\n|switch|p2a: Landorus|Landorus-Therian, L50, M|100\/100\n|-ability|p2a: Landorus|Intimidate|boost\n|-unboost|p1a: Urshifu|atk|1\n|-unboost|p1b: Rillaboom|atk|1\n|move|p1b: Rillaboom|Fake Out|p2b: Ogerpon\n|-damage|p2b: Ogerpon|91\/100\n|move|p1a: Urshifu|Surging Strikes|p2a: Landorus\n|-supereffective|p2a: Landorus\n|-crit|p2a: Landorus\n|-damage|p2a: Landorus|26\/100\n|-supereffective|p2a: Landorus\n|-crit|p2a: Landorus\n|-damage|p2a: Landorus|0 fnt\n|faint|p2a: Landorus\n|-hitcount|p2: Landorus|2\n|\n|-weather|RainDance|[upkeep]\n|-heal|p1b: Rillaboom|94\/100|[from] Grassy Terrain\n|-heal|p2b: Ogerpon|97\/100|[from] Grassy Terrain\n|upkeep\n|\n|t:|1700701371\n|switch|p2a: Regieleki|Regieleki, L50|100\/100\n|turn|4\n|inactive|WM Sma has 30 seconds left.\n|\n|t:|1700701399\n|switch|p1a: Chien-Pao|Chien-Pao, L50|38\/100\n|-ability|p1a: Chien-Pao|Sword of Ruin\n|move|p2b: Ogerpon|Follow Me|p2b: Ogerpon\n|-singleturn|p2b: Ogerpon|move: Follow Me\n|move|p2a: Regieleki|Thunderbolt|p1a: Chien-Pao\n|-damage|p1a: Chien-Pao|0 fnt\n|faint|p1a: Chien-Pao\n|move|p1b: Rillaboom|High Horsepower|p2b: Ogerpon\n|-resisted|p2b: Ogerpon\n|-damage|p2b: Ogerpon|86\/100\n|\n|-weather|RainDance|[upkeep]\n|-heal|p1b: Rillaboom|99\/100|[from] Grassy Terrain\n|-heal|p2b: Ogerpon|91\/100|[from] Grassy Terrain\n|-sideend|p1: Wellington Kobs|move: Tailwind\n|upkeep\n|\n|t:|1700701411\n|switch|p1a: Urshifu|Urshifu-Rapid-Strike, L50, M|100\/100\n|turn|5\n|inactive|Wellington Kobs has 30 seconds left.\n|\n|t:|1700701438\n|move|p1a: Urshifu|Detect|p1a: Urshifu\n|-singleturn|p1a: Urshifu|Protect\n|move|p2b: Ogerpon|Follow Me|p2b: Ogerpon\n|-singleturn|p2b: Ogerpon|move: Follow Me\n|move|p2a: Regieleki|Thunderbolt|p1a: Urshifu\n|-activate|p1a: Urshifu|move: Protect\n|move|p1b: Rillaboom|High Horsepower|p2b: Ogerpon\n|-resisted|p2b: Ogerpon\n|-damage|p2b: Ogerpon|81\/100\n|\n|-weather|RainDance|[upkeep]\n|-heal|p2b: Ogerpon|87\/100|[from] Grassy Terrain\n|-heal|p1b: Rillaboom|100\/100|[from] Grassy Terrain\n|upkeep\n|turn|6\n|\n|t:|1700701454\n|move|p2b: Ogerpon|Follow Me|p2b: Ogerpon\n|-singleturn|p2b: Ogerpon|move: Follow Me\n|move|p2a: Regieleki|Thunderbolt|p1a: Urshifu\n|-supereffective|p1a: Urshifu\n|-damage|p1a: Urshifu|0 fnt\n|faint|p1a: Urshifu\n|move|p1b: Rillaboom|U-turn|p2b: Ogerpon\n|-supereffective|p2b: Ogerpon\n|-damage|p2b: Ogerpon|56\/100\n|\n|-weather|none\n|-heal|p2b: Ogerpon|61\/100|[from] Grassy Terrain\n|-fieldend|move: Grassy Terrain\n|upkeep\n|turn|7\n|-message|Wellington Kobs forfeited.\n|\n|win|WM Sma\n|raw|Wellington Kobs's rating: 1220 &rarr; <strong>1189<\/strong><br \/>(-31 for losing)\n|raw|WM Sma's rating: 1128 &rarr; <strong>1159<\/strong><br \/>(+31 for winning)\n|l|\u2606Wellington Kobs\n|l|\u2606WM Sma\n|j|\u2606WM Sma\n|player|p2|WM Sma|cynthia-masters\n","uploadtime":1700701469,"views":4,"p1id":"wellingtonkobs","p2id":"wmsma","formatid":"gen9vgc2023regulatione","rating":1159,"private":0,"password":""}