{"id":"gen9vgc2023regulatione-1993850730","p1":"Kzjekzk","p2":"thienandao","format":"[Gen 9] VGC 2023 Regulation E","log":"|j|\u2606Kzjekzk\n|j|\u2606thienandao\n|t:|1700365190\n|gametype|doubles\n|player|p1|Kzjekzk|lance|1048\n|player|p2|thienandao|cynthia|1000\n|teamsize|p1|6\n|teamsize|p2|6\n|gen|9\n|tier|[Gen 9] VGC 2023 Regulation E\n|rated|\n|rule|Species Clause: Limit one of each Pok\u00e9mon\n|rule|Item Clause: Limit one of each item\n|clearpoke\n|poke|p1|Flutter Mane, L50|\n|poke|p1|Tornadus, L50, M|\n|poke|p1|Rillaboom, L50, F|\n|poke|p1|Garganacl, L50, F|\n|poke|p1|Arcanine-Hisui, L50, M|\n|poke|p1|Chien-Pao, L50|\n|poke|p2|Chien-Pao, L50|\n|poke|p2|Arcanine-Hisui, L50, M|\n|poke|p2|Flutter Mane, L50|\n|poke|p2|Rillaboom, L50, F|\n|poke|p2|Urshifu-*, L50, F|\n|poke|p2|Tornadus, L50, M|\n|teampreview|4\n|\n|t:|1700365227\n|start\n|switch|p1a: Tornadus|Tornadus, L50, M|100\/100\n|switch|p1b: Garganacl|Garganacl, L50, F|100\/100\n|switch|p2a: Tornadus|Tornadus, L50, M, shiny|100\/100\n|switch|p2b: Urshifu|Urshifu-Rapid-Strike, L50, F|100\/100\n|turn|1\n|\n|t:|1700365247\n|-terastallize|p1b: Garganacl|Ghost\n|move|p2a: Tornadus|Tailwind|p2a: Tornadus\n|-sidestart|p2: thienandao|move: Tailwind\n|move|p2b: Urshifu|Surging Strikes|p1a: Tornadus\n|-crit|p1a: Tornadus\n|-damage|p1a: Tornadus|71\/100\n|-damage|p2b: Urshifu|84\/100|[from] item: Rocky Helmet|[of] p1a: Tornadus\n|-crit|p1a: Tornadus\n|-damage|p1a: Tornadus|42\/100\n|-damage|p2b: Urshifu|68\/100|[from] item: Rocky Helmet|[of] p1a: Tornadus\n|-crit|p1a: Tornadus\n|-damage|p1a: Tornadus|12\/100\n|-damage|p2b: Urshifu|52\/100|[from] item: Rocky Helmet|[of] p1a: Tornadus\n|-hitcount|p1a: Tornadus|3\n|move|p1a: Tornadus|Bleakwind Storm|p2a: Tornadus|[spread] p2a\n|-miss|p1a: Tornadus|p2b: Urshifu\n|-damage|p2a: Tornadus|68\/100\n|move|p1b: Garganacl|Salt Cure|p2b: Urshifu\n|-resisted|p2b: Urshifu\n|-damage|p2b: Urshifu|45\/100\n|-start|p2b: Urshifu|Salt Cure\n|\n|-damage|p2b: Urshifu|21\/100|[from] Salt Cure\n|upkeep\n|turn|2\n|\n|t:|1700365276\n|move|p2b: Urshifu|Protect|p2b: Urshifu\n|-singleturn|p2b: Urshifu|Protect\n|move|p1a: Tornadus|Tailwind|p1a: Tornadus\n|-sidestart|p1: Kzjekzk|move: Tailwind\n|move|p2a: Tornadus|Bleakwind Storm|p1b: Garganacl|[spread] p1a,p1b\n|-damage|p1a: Tornadus|0 fnt\n|-damage|p1b: Garganacl|80\/100\n|faint|p1a: Tornadus\n|move|p1b: Garganacl|Salt Cure|p2a: Tornadus\n|-supereffective|p2a: Tornadus\n|-damage|p2a: Tornadus|38\/100\n|-start|p2a: Tornadus|Salt Cure\n|\n|-damage|p2b: Urshifu|0 fnt|[from] Salt Cure\n|faint|p2b: Urshifu\n|-damage|p2a: Tornadus|26\/100|[from] Salt Cure\n|upkeep\n|\n|t:|1700365292\n|switch|p2b: Chien-Pao|Chien-Pao, L50|100\/100\n|switch|p1a: Arcanine|Arcanine-Hisui, L50, M|100\/100\n|-ability|p2b: Chien-Pao|Sword of Ruin\n|-ability|p1a: Arcanine|Intimidate|boost\n|-unboost|p2a: Tornadus|atk|1\n|-unboost|p2b: Chien-Pao|atk|1\n|turn|3\n|\n|t:|1700365312\n|move|p1a: Arcanine|Extreme Speed|p2a: Tornadus\n|-damage|p2a: Tornadus|0 fnt\n|-damage|p1a: Arcanine|84\/100|[from] item: Rocky Helmet|[of] p2a: Tornadus\n|faint|p2a: Tornadus\n|move|p2b: Chien-Pao|Sucker Punch||[still]\n|-fail|p2b: Chien-Pao\n|move|p1b: Garganacl|Salt Cure|p2b: Chien-Pao\n|-supereffective|p2b: Chien-Pao\n|-damage|p2b: Chien-Pao|67\/100\n|-start|p2b: Chien-Pao|Salt Cure\n|\n|-damage|p2b: Chien-Pao|55\/100|[from] Salt Cure\n|upkeep\n|\n|t:|1700365323\n|switch|p2a: Flutter Mane|Flutter Mane, L50, shiny|100\/100\n|-enditem|p2a: Flutter Mane|Booster Energy\n|-activate|p2a: Flutter Mane|ability: Protosynthesis|[fromitem]\n|-start|p2a: Flutter Mane|protosynthesisspa\n|turn|4\n|\n|t:|1700365335\n|switch|p1a: Rillaboom|Rillaboom, L50, F|100\/100\n|-fieldstart|move: Grassy Terrain|[from] ability: Grassy Surge|[of] p1a: Rillaboom\n|-terastallize|p2b: Chien-Pao|Poison\n|move|p2b: Chien-Pao|Sacred Sword|p1a: Rillaboom\n|-damage|p1a: Rillaboom|67\/100\n|-damage|p2b: Chien-Pao|45\/100|[from] item: Life Orb\n|move|p2a: Flutter Mane|Dazzling Gleam|p1b: Garganacl|[spread] p1a,p1b\n|-damage|p1a: Rillaboom|41\/100\n|-damage|p1b: Garganacl|53\/100\n|move|p1b: Garganacl|Salt Cure|p2a: Flutter Mane\n|-damage|p2a: Flutter Mane|76\/100\n|-start|p2a: Flutter Mane|Salt Cure\n|\n|-heal|p2b: Chien-Pao|51\/100|[from] Grassy Terrain\n|-heal|p2a: Flutter Mane|83\/100|[from] Grassy Terrain\n|-heal|p1a: Rillaboom|46\/100|[from] Grassy Terrain\n|-heal|p1b: Garganacl|59\/100|[from] Grassy Terrain\n|-damage|p2b: Chien-Pao|39\/100|[from] Salt Cure\n|-damage|p2a: Flutter Mane|70\/100|[from] Salt Cure\n|-sideend|p2: thienandao|move: Tailwind\n|upkeep\n|turn|5\n|\n|t:|1700365368\n|move|p1b: Garganacl|Protect|p1b: Garganacl\n|-singleturn|p1b: Garganacl|Protect\n|move|p1a: Rillaboom|Grassy Glide|p2a: Flutter Mane\n|-damage|p2a: Flutter Mane|0 fnt\n|faint|p2a: Flutter Mane\n|-end|p2a: Flutter Mane|Protosynthesis|[silent]\n|move|p2b: Chien-Pao|Icicle Crash|p1a: Rillaboom\n|-supereffective|p1a: Rillaboom\n|-damage|p1a: Rillaboom|0 fnt\n|faint|p1a: Rillaboom\n|-damage|p2b: Chien-Pao|29\/100|[from] item: Life Orb\n|\n|-heal|p2b: Chien-Pao|35\/100|[from] Grassy Terrain\n|-heal|p1b: Garganacl|65\/100|[from] Grassy Terrain\n|-damage|p2b: Chien-Pao|23\/100|[from] Salt Cure\n|-sideend|p1: Kzjekzk|move: Tailwind\n|upkeep\n|\n|t:|1700365373\n|switch|p1a: Arcanine|Arcanine-Hisui, L50, M|84\/100\n|-ability|p1a: Arcanine|Intimidate|boost\n|-unboost|p2b: Chien-Pao|atk|1\n|turn|6\n|\n|t:|1700365392\n|move|p1a: Arcanine|Extreme Speed|p2b: Chien-Pao\n|-damage|p2b: Chien-Pao|0 fnt\n|faint|p2b: Chien-Pao\n|\n|win|Kzjekzk\n|raw|Kzjekzk's rating: 1048 &rarr; <strong>1076<\/strong><br \/>(+28 for winning)\n|raw|thienandao's rating: 1000 &rarr; <strong>1000<\/strong><br \/>(+0 for losing)\n","uploadtime":1700365399,"views":8,"p1id":"kzjekzk","p2id":"thienandao","formatid":"gen9vgc2023regulatione","rating":1000,"private":0,"password":""}