{"id":"gen9vgc2023regulatione-1991672981","p1":"qz231115","p2":"tu es tu","format":"[Gen 9] VGC 2023 Regulation E","log":"|j|\u2606qz231115\n|j|\u2606tu es tu\n|t:|1700101043\n|gametype|doubles\n|player|p1|qz231115|102|1154\n|player|p2|tu es tu|brycen|1153\n|teamsize|p1|6\n|teamsize|p2|6\n|gen|9\n|tier|[Gen 9] VGC 2023 Regulation E\n|rated|\n|rule|Species Clause: Limit one of each Pok\u00e9mon\n|rule|Item Clause: Limit one of each item\n|clearpoke\n|poke|p1|Tornadus, L50, M|\n|poke|p1|Volcarona, L50, M|\n|poke|p1|Basculegion, L50, M|\n|poke|p1|Ludicolo, L50, F|\n|poke|p1|Scizor, L50, F|\n|poke|p1|Flutter Mane, L50|\n|poke|p2|Weezing, L50, F|\n|poke|p2|Iron Hands, L50|\n|poke|p2|Flutter Mane, L50|\n|poke|p2|Urshifu-*, L50, M|\n|poke|p2|Hatterene, L50, F|\n|poke|p2|Frosmoth, L50, M|\n|teampreview|4\n|inactive|Battle timer is ON: inactive players will automatically lose when time's up. (requested by tu es tu)\nqz231115 rejected open team sheets.\n|inactive|tu es tu has 60 seconds left.\n|\n|t:|1700101074\n|start\n|switch|p1a: Tornadus|Tornadus, L50, M|100\/100\n|switch|p1b: Basculegion|Basculegion, L50, M|100\/100\n|switch|p2a: Weezing|Weezing, L50, F|100\/100\n|switch|p2b: Hatterene|Hatterene, L50, F|100\/100\n|-ability|p2a: Weezing|Neutralizing Gas\n|turn|1\n|\n|t:|1700101085\n|move|p1a: Tornadus|Rain Dance|p1a: Tornadus\n|-weather|RainDance\n|move|p1b: Basculegion|Wave Crash|p2b: Hatterene\n|-damage|p2b: Hatterene|0 fnt\n|faint|p2b: Hatterene\n|-damage|p1b: Basculegion|73\/100|[from] Recoil\n|move|p2a: Weezing|Will-O-Wisp|p1b: Basculegion|[miss]\n|-miss|p2a: Weezing|p1b: Basculegion\n|\n|-weather|RainDance|[upkeep]\n|upkeep\n|\n|t:|1700101097\n|switch|p2b: Urshifu|Urshifu, L50, M|100\/100\n|turn|2\n|\n|t:|1700101104\n|-terastallize|p2b: Urshifu|Poison\n|move|p2b: Urshifu|Sucker Punch|p1b: Basculegion\n|-supereffective|p1b: Basculegion\n|-damage|p1b: Basculegion|0 fnt\n|faint|p1b: Basculegion\n|move|p1a: Tornadus|Tailwind|p1a: Tornadus\n|-sidestart|p1: qz231115|move: Tailwind\n|move|p2a: Weezing|Sludge Bomb|p1a: Tornadus\n|-damage|p1a: Tornadus|66\/100\n|\n|-weather|RainDance|[upkeep]\n|upkeep\n|\n|t:|1700101112\n|switch|p1b: Volcarona|Volcarona, L50, M|100\/100\n|turn|3\n|\n|t:|1700101132\n|move|p1a: Tornadus|Bleakwind Storm|p2a: Weezing|[spread] p2a,p2b\n|-damage|p2a: Weezing|64\/100\n|-damage|p2b: Urshifu|54\/100\n|move|p1b: Volcarona|Hurricane|p2b: Urshifu\n|-damage|p2b: Urshifu|9\/100\n|move|p2b: Urshifu|Wicked Blow|p1b: Volcarona\n|-crit|p1b: Volcarona\n|-damage|p1b: Volcarona|48\/100\n|-damage|p2b: Urshifu|0 fnt|[from] item: Rocky Helmet|[of] p1b: Volcarona\n|faint|p2b: Urshifu\n|move|p2a: Weezing|Haze|p2a: Weezing\n|-clearallboost\n|\n|-weather|RainDance|[upkeep]\n|-heal|p2a: Weezing|70\/100|[from] item: Black Sludge\n|upkeep\n|\n|t:|1700101141\n|switch|p2b: Iron Hands|Iron Hands, L50|100\/100\n|turn|4\n|\n|t:|1700101155\n|move|p1a: Tornadus|Bleakwind Storm|p2a: Weezing|[spread] p2a,p2b\n|-damage|p2a: Weezing|35\/100\n|-damage|p2b: Iron Hands|76\/100\n|move|p1b: Volcarona|Hurricane|p2b: Iron Hands\n|-damage|p2b: Iron Hands|55\/100\n|move|p2a: Weezing|Sludge Bomb|p1a: Tornadus\n|-damage|p1a: Tornadus|31\/100\n|move|p2b: Iron Hands|Wild Charge|p1b: Volcarona\n|-damage|p1b: Volcarona|5\/100\n|-damage|p2b: Iron Hands|39\/100|[from] item: Rocky Helmet|[of] p1b: Volcarona\n|-damage|p2b: Iron Hands|31\/100|[from] Recoil\n|\n|-weather|RainDance|[upkeep]\n|-heal|p2a: Weezing|41\/100|[from] item: Black Sludge\n|upkeep\n|turn|5\n|-message|tu es tu forfeited.\n|\n|win|qz231115\n|raw|qz231115's rating: 1154 &rarr; <strong>1179<\/strong><br \/>(+25 for winning)\n|raw|tu es tu's rating: 1153 &rarr; <strong>1128<\/strong><br \/>(-25 for losing)\n|l|\u2606tu es tu\n","uploadtime":1700101170,"views":13,"p1id":"qz231115","p2id":"tuestu","formatid":"gen9vgc2023regulatione","rating":1128,"private":0,"password":""}