{"id":"gen9vgc2023regulatione-1994057116","p1":"GryffindorAle","p2":"INPS_PerLaFamiglia","format":"[Gen 9] VGC 2023 Regulation E","log":"|j|\u2606GryffindorAle\n|j|\u2606INPS_PerLaFamiglia\n|n|\u2606GryffindorAle|gryffindorale\n|n|\u2606INPS_PerLaFamiglia|inpsperlafamiglia\n|html|View the match progress at <a href=\"\/game-bestof3-gen9vgc2023regulatione-1994054906\">game-bestof3-gen9vgc2023regulatione-1994054906<\/a>\n|t:|1700400997\n|gametype|doubles\n|player|p1|GryffindorAle|steven|\n|player|p2|INPS_PerLaFamiglia|shadowtriad|\n|teamsize|p1|6\n|teamsize|p2|6\n|gen|9\n|tier|[Gen 9] VGC 2023 Regulation E\n|rule|Species Clause: Limit one of each Pok\u00e9mon\n|rule|Item Clause: Limit one of each item\n|clearpoke\n|poke|p1|Flutter Mane, L50|\n|poke|p1|Iron Hands, L50|\n|poke|p1|Tornadus, L50, M|\n|poke|p1|Landorus, L50, M|\n|poke|p1|Chi-Yu, L50|\n|poke|p1|Amoonguss, L50, M|\n|poke|p2|Urshifu-*, L50, M|\n|poke|p2|Rillaboom, L50, M|\n|poke|p2|Tornadus, L50, M|\n|poke|p2|Flutter Mane, L50|\n|poke|p2|Landorus-Therian, L50, M|\n|poke|p2|Chi-Yu, L50|\n|teampreview|4\nGryffindorAle has agreed to open team sheets.\nINPS_PerLaFamiglia has agreed to open team sheets.\n|showteam|p1|Flutter Mane||BoosterEnergy|Protosynthesis|Moonblast,DazzlingGleam,ShadowBall,Protect||||||50|,,,,,Fairy]Iron Hands||AssaultVest|QuarkDrive|WildCharge,FakeOut,DrainPunch,HeavySlam||||||50|,,,,,Fire]Tornadus||CovertCloak|Prankster|Tailwind,BleakwindStorm,Taunt,IcyWind|||M|||50|,,,,,Steel]Landorus||LifeOrb|SheerForce|EarthPower,SandsearStorm,SludgeBomb,Protect|||M|||50|,,,,,Poison]Chi-Yu||ChoiceSpecs|BeadsofRuin|DarkPulse,HeatWave,Snarl,Overheat||||||50|,,,,,Ghost]Amoonguss||RockyHelmet|Regenerator|RagePowder,Spore,PollenPuff,ClearSmog|||M|||50|,,,,,Water\n|showteam|p2|Urshifu||ChoiceBand|UnseenFist|WickedBlow,SuckerPunch,CloseCombat,Uturn|||M|||50|,,,,,Dark]Rillaboom||MiracleSeed|GrassySurge|FakeOut,WoodHammer,GrassyGlide,Protect|||M|||50|,,,,,Poison]Tornadus||CovertCloak|Prankster|BleakwindStorm,Tailwind,Taunt,SunnyDay|||M|||50|,,,,,Steel]Flutter Mane||BoosterEnergy|Protosynthesis|Moonblast,ShadowBall,DazzlingGleam,Protect||||||50|,,,,,Fairy]Landorus-Therian||ChoiceScarf|Intimidate|StompingTantrum,RockSlide,TeraBlast,Uturn|||M|||50|,,,,,Flying]Chi-Yu||ChoiceSpecs|BeadsofRuin|Overheat,HeatWave,DarkPulse,Snarl||||||50|,,,,,Ghost\n|j| zephiel97\n|j| Chuggle il chimico\n|j| dericos\n|j| Altotesino Errante\n|\n|t:|1700401036\n|start\n|switch|p1a: Tornadus|Tornadus, L50, M|100\/100\n|switch|p1b: Flutter Mane|Flutter Mane, L50|100\/100\n|switch|p2a: Tornadus|Tornadus, L50, M|100\/100\n|switch|p2b: Flutter Mane|Flutter Mane, L50|100\/100\n|-enditem|p1b: Flutter Mane|Booster Energy\n|-activate|p1b: Flutter Mane|ability: Protosynthesis|[fromitem]\n|-start|p1b: Flutter Mane|protosynthesisspa\n|-enditem|p2b: Flutter Mane|Booster Energy\n|-activate|p2b: Flutter Mane|ability: Protosynthesis|[fromitem]\n|-start|p2b: Flutter Mane|protosynthesisspa\n|turn|1\n|j| wisedyVGC\n|l| wisedyVGC\n|\n|t:|1700401103\n|move|p1b: Flutter Mane|Protect|p1b: Flutter Mane\n|-singleturn|p1b: Flutter Mane|Protect\n|move|p1a: Tornadus|Tailwind|p1a: Tornadus\n|-sidestart|p1: GryffindorAle|move: Tailwind\n|move|p2a: Tornadus|Tailwind|p2a: Tornadus\n|-sidestart|p2: INPS_PerLaFamiglia|move: Tailwind\n|move|p2b: Flutter Mane|Dazzling Gleam|p1b: Flutter Mane|[spread] p1a\n|-activate|p1b: Flutter Mane|move: Protect\n|-damage|p1a: Tornadus|52\/100\n|\n|upkeep\n|turn|2\n|\n|t:|1700401154\n|-terastallize|p1b: Flutter Mane|Fairy\n|-terastallize|p2b: Flutter Mane|Fairy\n|move|p1b: Flutter Mane|Moonblast|p2b: Flutter Mane\n|-damage|p2b: Flutter Mane|27\/100\n|-unboost|p2b: Flutter Mane|spa|1\n|move|p1a: Tornadus|Bleakwind Storm|p2b: Flutter Mane|[spread] p2a,p2b\n|-damage|p2a: Tornadus|63\/100\n|-damage|p2b: Flutter Mane|0 fnt\n|faint|p2b: Flutter Mane\n|-end|p2b: Flutter Mane|Protosynthesis|[silent]\n|move|p2a: Tornadus|Bleakwind Storm|p1b: Flutter Mane|[spread] p1a,p1b\n|-damage|p1a: Tornadus|11\/100\n|-damage|p1b: Flutter Mane|66\/100\n|-unboost|p1b: Flutter Mane|spe|1\n|\n|upkeep\n|\n|t:|1700401175\n|switch|p2b: Landorus|Landorus-Therian, L50, M|100\/100\n|-ability|p2b: Landorus|Intimidate|boost\n|-unboost|p1a: Tornadus|atk|1\n|-unboost|p1b: Flutter Mane|atk|1\n|turn|3\n|\n|t:|1700401275\n|switch|p1a: Iron Hands|Iron Hands, L50|100\/100\n|move|p1b: Flutter Mane|Protect|p1b: Flutter Mane\n|-singleturn|p1b: Flutter Mane|Protect\n|move|p2b: Landorus|Stomping Tantrum|p1b: Flutter Mane\n|-activate|p1b: Flutter Mane|move: Protect\n|move|p2a: Tornadus|Bleakwind Storm|p1b: Flutter Mane|[spread] p1a\n|-activate|p1b: Flutter Mane|move: Protect\n|-damage|p1a: Iron Hands|83\/100\n|-unboost|p1a: Iron Hands|spe|1\n|\n|upkeep\n|turn|4\n|\n|t:|1700401294\n|move|p1a: Iron Hands|Fake Out|p2b: Landorus\n|-damage|p2b: Landorus|84\/100\n|cant|p2b: Landorus|flinch\n|move|p2a: Tornadus|Bleakwind Storm|p1b: Flutter Mane|[spread] p1a\n|-miss|p2a: Tornadus|p1b: Flutter Mane\n|-damage|p1a: Iron Hands|65\/100\n|move|p1b: Flutter Mane|Moonblast|p2a: Tornadus\n|-damage|p2a: Tornadus|0 fnt\n|faint|p2a: Tornadus\n|\n|-sideend|p1: GryffindorAle|move: Tailwind\n|-sideend|p2: INPS_PerLaFamiglia|move: Tailwind\n|upkeep\n|\n|t:|1700401303\n|switch|p2a: Urshifu|Urshifu, L50, M|100\/100\n|turn|5\n|j| wisedyVGC\n|\n|t:|1700401322\n|move|p2b: Landorus|Stomping Tantrum|p1a: Iron Hands\n|-supereffective|p1a: Iron Hands\n|-damage|p1a: Iron Hands|0 fnt\n|faint|p1a: Iron Hands\n|-end|p1a: Iron Hands|Quark Drive|[silent]\n|move|p2a: Urshifu|Wicked Blow|p1b: Flutter Mane\n|-resisted|p1b: Flutter Mane\n|-crit|p1b: Flutter Mane\n|-damage|p1b: Flutter Mane|0 fnt\n|faint|p1b: Flutter Mane\n|-end|p1b: Flutter Mane|Protosynthesis|[silent]\n|\n|upkeep\n|\n|t:|1700401330\n|switch|p1b: Chi-Yu|Chi-Yu, L50|100\/100\n|switch|p1a: Tornadus|Tornadus, L50, M|11\/100\n|-ability|p1b: Chi-Yu|Beads of Ruin\n|turn|6\n|\n|t:|1700401344\n|move|p1a: Tornadus|Tailwind|p1a: Tornadus\n|-sidestart|p1: GryffindorAle|move: Tailwind\n|move|p1b: Chi-Yu|Heat Wave|p2a: Urshifu|[spread] p2a,p2b\n|-damage|p2a: Urshifu|0 fnt\n|-damage|p2b: Landorus|0 fnt\n|faint|p2a: Urshifu\n|faint|p2b: Landorus\n|\n|win|GryffindorAle\n|c|\u2606INPS_PerLaFamiglia|gg\n|c|\u2606GryffindorAle|gg!\n|l| Chuggle il chimico\n|c|\u2606GryffindorAle|scusa un po' dfi hax\n|l| Altotesino Errante\n|l| wisedyVGC\n|c|\u2606INPS_PerLaFamiglia|tranqui, \u00e8 il gioco\n|l| dericos\n|l| zephiel97\n|l|\u2606INPS_PerLaFamiglia\n","uploadtime":1700401352,"views":14,"p1id":"gryffindorale","p2id":"inpsperlafamiglia","formatid":"gen9vgc2023regulatione","rating":0,"private":0,"password":""}