{"id":"gen9vgc2023regulatione-1988798859","p1":"niubmaccioz","p2":"kricketot marx","format":"[Gen 9] VGC 2023 Regulation E","log":"|j|\u2606niubmaccioz\n|j|\u2606kricketot marx\n|t:|1699764760\n|gametype|doubles\n|player|p1|niubmaccioz|102|1296\n|player|p2|kricketot marx|lyra-masters2|1357\n|teamsize|p1|6\n|teamsize|p2|6\n|gen|9\n|tier|[Gen 9] VGC 2023 Regulation E\n|rated|\n|rule|Species Clause: Limit one of each Pok\u00e9mon\n|rule|Item Clause: Limit one of each item\n|clearpoke\n|poke|p1|Kommo-o, L50, F|\n|poke|p1|Tyranitar, L50, M|\n|poke|p1|Rillaboom, L50, F|\n|poke|p1|Flutter Mane, L50|\n|poke|p1|Arcanine-Hisui, L50, F|\n|poke|p1|Iron Bundle, L50|\n|poke|p2|Chien-Pao, L50|\n|poke|p2|Dragonite, L50, F|\n|poke|p2|Rillaboom, L50, M|\n|poke|p2|Heatran, L50, F|\n|poke|p2|Urshifu-*, L50, M|\n|poke|p2|Farigiraf, L50, M|\n|teampreview|4\nkricketot marx has agreed to open team sheets.\n|j| Weathie\n|inactive|Battle timer is ON: inactive players will automatically lose when time's up. (requested by niubmaccioz)\n|\n|t:|1699764813\n|start\n|switch|p1a: Tyranitar|Tyranitar, L50, M|100\/100\n|switch|p1b: Flutter Mane|Flutter Mane, L50|100\/100\n|switch|p2a: Rillaboom|Rillaboom, L50, M|100\/100\n|switch|p2b: Farigiraf|Farigiraf, L50, M|100\/100\n|-weather|Sandstorm|[from] ability: Sand Stream|[of] p1a: Tyranitar\n|-fieldstart|move: Grassy Terrain|[from] ability: Grassy Surge|[of] p2a: Rillaboom\n|turn|1\n|l|\u2606kricketot marx\n|inactive|kricketot marx disconnected and has a minute to reconnect!\n|player|p2|\n|j|\u2606kricketot marx\n|inactive|kricketot marx reconnected and has 45 seconds left.\n|player|p2|kricketot marx|lyra-masters2\n|inactive|niubmaccioz has 30 seconds left.\n|\n|t:|1699764841\n|switch|p1a: Arcanine|Arcanine-Hisui, L50, F|100\/100\n|-ability|p1a: Arcanine|Intimidate|boost\n|-unboost|p2a: Rillaboom|atk|1\n|-unboost|p2b: Farigiraf|atk|1\n|move|p2a: Rillaboom|Fake Out|p1a: Arcanine\n|-resisted|p1a: Arcanine\n|-damage|p1a: Arcanine|95\/100\n|move|p1b: Flutter Mane|Dazzling Gleam|p2a: Rillaboom|[spread] p2a,p2b\n|-damage|p2a: Rillaboom|46\/100\n|-damage|p2b: Farigiraf|49\/100\n|move|p2b: Farigiraf|Trick Room|p2b: Farigiraf\n|-fieldstart|move: Trick Room|[of] p2b: Farigiraf\n|\n|-weather|Sandstorm|[upkeep]\n|-damage|p2b: Farigiraf|43\/100|[from] Sandstorm\n|-damage|p2a: Rillaboom|40\/100|[from] Sandstorm\n|-damage|p1b: Flutter Mane|94\/100|[from] Sandstorm\n|-heal|p2b: Farigiraf|49\/100|[from] Grassy Terrain\n|-heal|p2a: Rillaboom|46\/100|[from] Grassy Terrain\n|-heal|p1a: Arcanine|100\/100|[from] Grassy Terrain\n|-heal|p1b: Flutter Mane|100\/100|[from] Grassy Terrain\n|upkeep\n|turn|2\n|inactive|niubmaccioz has 30 seconds left.\n|inactive|kricketot marx has 30 seconds left.\n|inactive|kricketot marx has 20 seconds left.\n|\n|t:|1699764878\n|-end|p1b: Flutter Mane|Protosynthesis|[silent]\n|switch|p1b: Rillaboom|Rillaboom, L50, F|100\/100\n|move|p2b: Farigiraf|Helping Hand|p2a: Rillaboom\n|-singleturn|p2a: Rillaboom|Helping Hand|[of] p2b: Farigiraf\n|move|p2a: Rillaboom|Wood Hammer|p1a: Arcanine\n|-damage|p1a: Arcanine|0 fnt\n|faint|p1a: Arcanine\n|-damage|p2a: Rillaboom|11\/100|[from] Recoil\n|\n|-weather|Sandstorm|[upkeep]\n|-damage|p2b: Farigiraf|43\/100|[from] Sandstorm\n|-damage|p2a: Rillaboom|5\/100|[from] Sandstorm\n|-damage|p1b: Rillaboom|95\/100|[from] Sandstorm\n|-heal|p2b: Farigiraf|49\/100|[from] Grassy Terrain\n|-heal|p2a: Rillaboom|11\/100|[from] Grassy Terrain\n|-heal|p1b: Rillaboom|100\/100|[from] Grassy Terrain\n|upkeep\n|\n|t:|1699764896\n|switch|p1a: Flutter Mane|Flutter Mane, L50|100\/100\n|turn|3\n|inactive|kricketot marx has 30 seconds left.\n|inactive|kricketot marx has 20 seconds left.\n|inactive|kricketot marx has 15 seconds left.\n|inactive|kricketot marx has 10 seconds left.\n|\n|t:|1699764945\n|move|p2b: Farigiraf|Helping Hand|p2a: Rillaboom\n|-singleturn|p2a: Rillaboom|Helping Hand|[of] p2b: Farigiraf\n|move|p2a: Rillaboom|Wood Hammer|p1a: Flutter Mane\n|-damage|p1a: Flutter Mane|0 fnt\n|faint|p1a: Flutter Mane\n|-end|p1a: Flutter Mane|Protosynthesis|[silent]\n|-damage|p2a: Rillaboom|0 fnt|[from] Recoil\n|faint|p2a: Rillaboom\n|move|p1b: Rillaboom|Wood Hammer|p2b: Farigiraf\n|-damage|p2b: Farigiraf|0 fnt\n|-damage|p1b: Rillaboom|84\/100|[from] item: Rocky Helmet|[of] p2b: Farigiraf\n|faint|p2b: Farigiraf\n|-damage|p1b: Rillaboom|66\/100|[from] Recoil\n|\n|-weather|Sandstorm|[upkeep]\n|-damage|p1b: Rillaboom|60\/100|[from] Sandstorm\n|-heal|p1b: Rillaboom|66\/100|[from] Grassy Terrain\n|upkeep\n|\n|t:|1699764962\n|switch|p2b: Heatran|Heatran, L50, F|100\/100\n|switch|p2a: Urshifu|Urshifu-Rapid-Strike, L50, M|100\/100\n|switch|p1a: Tyranitar|Tyranitar, L50, M|100\/100\n|turn|4\n|l| Weathie\n|inactive|niubmaccioz has 30 seconds left.\n|inactive|kricketot marx has 30 seconds left.\n|\n|t:|1699764993\n|-terastallize|p2b: Heatran|Fairy\n|-terastallize|p1a: Tyranitar|Psychic\n|move|p2a: Urshifu|Aqua Jet|p1b: Rillaboom\n|-resisted|p1b: Rillaboom\n|-damage|p1b: Rillaboom|55\/100\n|move|p2b: Heatran|Heat Wave|p1b: Rillaboom|[spread] p1b\n|-miss|p2b: Heatran|p1a: Tyranitar\n|-supereffective|p1b: Rillaboom\n|-damage|p1b: Rillaboom|0 fnt\n|faint|p1b: Rillaboom\n|move|p1a: Tyranitar|Rock Slide|p2b: Heatran|[spread] p2a,p2b\n|-resisted|p2a: Urshifu\n|-damage|p2a: Urshifu|84\/100\n|-damage|p2b: Heatran|74\/100\n|\n|-weather|Sandstorm|[upkeep]\n|-damage|p2b: Heatran|68\/100|[from] Sandstorm\n|-damage|p1a: Tyranitar|94\/100|[from] Sandstorm\n|-damage|p2a: Urshifu|78\/100|[from] Sandstorm\n|-heal|p2b: Heatran|74\/100|[from] Grassy Terrain\n|-heal|p1a: Tyranitar|100\/100|[from] Grassy Terrain\n|-heal|p2a: Urshifu|84\/100|[from] Grassy Terrain\n|upkeep\n|turn|5\n|inactive|kricketot marx has 30 seconds left.\n|\n|t:|1699765018\n|move|p2a: Urshifu|Aqua Jet|p1a: Tyranitar\n|-damage|p1a: Tyranitar|82\/100\n|move|p2b: Heatran|Flash Cannon|p1a: Tyranitar\n|-damage|p1a: Tyranitar|54\/100\n|move|p1a: Tyranitar|Tera Blast|p2a: Urshifu|[anim] Tera Blast Psychic\n|-supereffective|p2a: Urshifu\n|-damage|p2a: Urshifu|0 fnt\n|faint|p2a: Urshifu\n|\n|-weather|none\n|-heal|p2b: Heatran|80\/100|[from] Grassy Terrain\n|-heal|p1a: Tyranitar|61\/100|[from] Grassy Terrain\n|-fieldend|move: Trick Room\n|-fieldend|move: Grassy Terrain\n|upkeep\n|turn|6\n|\n|t:|1699765042\n|move|p1a: Tyranitar|Tera Blast|p2b: Heatran|[anim] Tera Blast Psychic\n|-damage|p2b: Heatran|40\/100\n|move|p2b: Heatran|Heat Wave|p1a: Tyranitar\n|-damage|p1a: Tyranitar|26\/100\n|\n|upkeep\n|turn|7\n|\n|t:|1699765049\n|move|p1a: Tyranitar|Tera Blast|p2b: Heatran|[anim] Tera Blast Psychic\n|-damage|p2b: Heatran|0 fnt\n|faint|p2b: Heatran\n|\n|win|niubmaccioz\n|raw|niubmaccioz's rating: 1296 &rarr; <strong>1325<\/strong><br \/>(+29 for winning)\n|raw|kricketot marx's rating: 1357 &rarr; <strong>1334<\/strong><br \/>(-23 for losing)\n|l|\u2606niubmaccioz\n","uploadtime":1699765068,"views":10,"p1id":"niubmaccioz","p2id":"kricketotmarx","formatid":"gen9vgc2023regulatione","rating":1325,"private":0,"password":""}