{"id":"gen9vgc2023regulatione-1997659011","p1":"Cyalia12","p2":"Mastrota89","format":"[Gen 9] VGC 2023 Regulation E","log":"|j|\u2606Cyalia12\n|j|\u2606Mastrota89\n|n|\u2606Cyalia12|cyalia12\n|n|\u2606Mastrota89|mastrota89\n|html|View the match progress at <a href=\"\/game-bestof3-gen9vgc2023regulatione-1997654925\">game-bestof3-gen9vgc2023regulatione-1997654925<\/a>\n|t:|1700838608\n|gametype|doubles\n|player|p1|Cyalia12|youngster-gen4dp|\n|player|p2|Mastrota89|thorton|\n|teamsize|p1|6\n|teamsize|p2|6\n|gen|9\n|tier|[Gen 9] VGC 2023 Regulation E\n|rule|Species Clause: Limit one of each Pok\u00e9mon\n|rule|Item Clause: Limit one of each item\n|clearpoke\n|poke|p1|Arcanine-Hisui, L50, F|\n|poke|p1|Chien-Pao, L50|\n|poke|p1|Rillaboom, L50, M|\n|poke|p1|Gholdengo, L50|\n|poke|p1|Tornadus, L50, M|\n|poke|p1|Urshifu-*, L50, F|\n|poke|p2|Amoonguss, L50, F|\n|poke|p2|Landorus-Therian, L50, M|\n|poke|p2|Flutter Mane, L50|\n|poke|p2|Iron Hands, L50|\n|poke|p2|Roaring Moon, L50|\n|poke|p2|Heatran, L50, M|\n|teampreview|4\nMastrota89 has agreed to open team sheets.\nCyalia12 has agreed to open team sheets.\n|showteam|p1|Arcanine-Hisui||ChoiceBand|Intimidate|ExtremeSpeed,FlareBlitz,RockSlide,TeraBlast|||F|||50|,,,,,Fairy]Chien-Pao||FocusSash|SwordofRuin|IcicleCrash,SuckerPunch,SacredSword,Protect||||||50|,,,,,Ghost]Rillaboom||AssaultVest|GrassySurge|WoodHammer,HighHorsepower,GrassyGlide,FakeOut|||M|||50|,,,,,Fire]Gholdengo||Leftovers|GoodasGold|Protect,MakeItRain,ShadowBall,NastyPlot||||||50|,,,,,Dragon]Tornadus||RockyHelmet|Prankster|Tailwind,BleakwindStorm,Taunt,RainDance|||M|||50|,,,,,Steel]Urshifu-Rapid-Strike||MysticWater|UnseenFist|SurgingStrikes,CloseCombat,AquaJet,Detect|||F|||50|,,,,,Water\n|showteam|p2|Amoonguss||RockyHelmet|Regenerator|Protect,RagePowder,Spore,PollenPuff|||F|||50|,,,,,Water]Landorus-Therian||ChoiceScarf|Intimidate|RockSlide,TeraBlast,StompingTantrum,Uturn|||M|||50|,,,,,Flying]Flutter Mane||ChoiceSpecs|Protosynthesis|DazzlingGleam,Moonblast,ShadowBall,PerishSong||||||50|,,,,,Fairy]Iron Hands||AssaultVest|QuarkDrive|WildCharge,FakeOut,VoltSwitch,DrainPunch||||||50|,,,,,Water]Roaring Moon||BoosterEnergy|Protosynthesis|Protect,Acrobatics,DragonDance,KnockOff||||||50|,,,,,Flying]Heatran||Leftovers|FlashFire|MagmaStorm,Protect,Substitute,EarthPower|||M|||50|,,,,,Fairy\n|\n|t:|1700838703\n|start\n|switch|p1a: Tornadus|Tornadus, L50, M|100\/100\n|switch|p1b: Urshifu|Urshifu-Rapid-Strike, L50, F|100\/100\n|switch|p2a: Flutter Mane|Flutter Mane, L50, shiny|100\/100\n|switch|p2b: Iron Hands|Iron Hands, L50, shiny|100\/100\n|turn|1\n|\n|t:|1700838725\n|move|p1b: Urshifu|Detect|p1b: Urshifu\n|-singleturn|p1b: Urshifu|Protect\n|move|p2b: Iron Hands|Fake Out|p1b: Urshifu\n|-activate|p1b: Urshifu|move: Protect\n|move|p1a: Tornadus|Tailwind|p1a: Tornadus\n|-sidestart|p1: Cyalia12|move: Tailwind\n|move|p2a: Flutter Mane|Moonblast|p1a: Tornadus\n|-damage|p1a: Tornadus|28\/100\n|\n|upkeep\n|turn|2\n|j| duxpond\n|\n|t:|1700838777\n|-terastallize|p1b: Urshifu|Water\n|move|p1b: Urshifu|Surging Strikes|p2b: Iron Hands\n|-crit|p2b: Iron Hands\n|-damage|p2b: Iron Hands|77\/100\n|-crit|p2b: Iron Hands\n|-damage|p2b: Iron Hands|54\/100\n|-crit|p2b: Iron Hands\n|-damage|p2b: Iron Hands|31\/100\n|-hitcount|p2b: Iron Hands|3\n|move|p1a: Tornadus|Bleakwind Storm|p2b: Iron Hands|[spread] p2a,p2b\n|-damage|p2a: Flutter Mane|74\/100\n|-damage|p2b: Iron Hands|13\/100\n|-unboost|p2a: Flutter Mane|spe|1\n|move|p2a: Flutter Mane|Moonblast|p1b: Urshifu\n|-damage|p1b: Urshifu|18\/100\n|-unboost|p1b: Urshifu|spa|1\n|move|p2b: Iron Hands|Volt Switch|p1a: Tornadus\n|-supereffective|p1a: Tornadus\n|-damage|p1a: Tornadus|0 fnt\n|faint|p1a: Tornadus\n|\n|t:|1700838816\n|-end|p2b: Iron Hands|Quark Drive|[silent]\n|switch|p2b: Amoonguss|Amoonguss, L50, F, shiny|100\/100|[from] Volt Switch\n|\n|upkeep\n|\n|t:|1700838821\n|switch|p1a: Gholdengo|Gholdengo, L50|100\/100\n|turn|3\n|l| duxpond\n|\n|t:|1700838859\n|-end|p2a: Flutter Mane|Protosynthesis|[silent]\n|switch|p2a: Iron Hands|Iron Hands, L50, shiny|13\/100\n|move|p1b: Urshifu|Detect|p1b: Urshifu\n|-singleturn|p1b: Urshifu|Protect\n|move|p1a: Gholdengo|Nasty Plot|p1a: Gholdengo\n|-boost|p1a: Gholdengo|spa|2\n|move|p2b: Amoonguss|Pollen Puff|p1b: Urshifu\n|-activate|p1b: Urshifu|move: Protect\n|\n|upkeep\n|turn|4\n|\n|t:|1700838887\n|move|p2a: Iron Hands|Fake Out|p1b: Urshifu\n|-damage|p1b: Urshifu|4\/100\n|cant|p1b: Urshifu|flinch\n|move|p1a: Gholdengo|Nasty Plot|p1a: Gholdengo\n|-boost|p1a: Gholdengo|spa|2\n|move|p2b: Amoonguss|Pollen Puff|p1b: Urshifu\n|-damage|p1b: Urshifu|0 fnt\n|faint|p1b: Urshifu\n|\n|-sideend|p1: Cyalia12|move: Tailwind\n|upkeep\n|\n|t:|1700838896\n|switch|p1b: Rillaboom|Rillaboom, L50, M|100\/100\n|-fieldstart|move: Grassy Terrain|[from] ability: Grassy Surge|[of] p1b: Rillaboom\n|turn|5\n|\n|t:|1700839049\n|move|p1b: Rillaboom|Grassy Glide|p2a: Iron Hands\n|-damage|p2a: Iron Hands|0 fnt\n|faint|p2a: Iron Hands\n|-end|p2a: Iron Hands|Quark Drive|[silent]\n|move|p1a: Gholdengo|Make It Rain|p2b: Amoonguss\n|-damage|p2b: Amoonguss|0 fnt\n|-unboost|p1a: Gholdengo|spa|1\n|faint|p2b: Amoonguss\n|\n|upkeep\n|\n|t:|1700839053\n|switch|p2a: Flutter Mane|Flutter Mane, L50, shiny|74\/100\n|switch|p2b: Roaring Moon|Roaring Moon, L50|100\/100\n|-enditem|p2b: Roaring Moon|Booster Energy\n|-activate|p2b: Roaring Moon|ability: Protosynthesis|[fromitem]\n|-start|p2b: Roaring Moon|protosynthesisatk\n|turn|6\n|\n|t:|1700839093\n|move|p1b: Rillaboom|Grassy Glide|p2a: Flutter Mane\n|-damage|p2a: Flutter Mane|21\/100\n|move|p2a: Flutter Mane|Dazzling Gleam|p1a: Gholdengo|[spread] p1a,p1b\n|-resisted|p1a: Gholdengo\n|-damage|p1a: Gholdengo|78\/100\n|-damage|p1b: Rillaboom|70\/100\n|move|p2b: Roaring Moon|Knock Off|p1a: Gholdengo\n|-supereffective|p1a: Gholdengo\n|-damage|p1a: Gholdengo|0 fnt\n|-enditem|p1a: Gholdengo|Leftovers|[from] move: Knock Off|[of] p2b: Roaring Moon\n|faint|p1a: Gholdengo\n|\n|-heal|p2a: Flutter Mane|26\/100|[from] Grassy Terrain\n|-heal|p1b: Rillaboom|76\/100|[from] Grassy Terrain\n|upkeep\n|turn|7\n|\n|t:|1700839107\n|move|p1b: Rillaboom|Grassy Glide|p2a: Flutter Mane\n|-damage|p2a: Flutter Mane|0 fnt\n|faint|p2a: Flutter Mane\n|-end|p2a: Flutter Mane|Protosynthesis|[silent]\n|move|p2b: Roaring Moon|Acrobatics|p1b: Rillaboom\n|-supereffective|p1b: Rillaboom\n|-damage|p1b: Rillaboom|0 fnt\n|faint|p1b: Rillaboom\n|\n|win|Mastrota89\n|c|\u2606Cyalia12|gg\n|c|&|\/uhtml prompt-cyalia12,Cyalia12 is ready for game 3!\n|inactive|Mastrota89 has 50 seconds to confirm battle start!\n|c|\u2606Mastrota89|gg\n","uploadtime":1700839110,"views":21,"p1id":"cyalia12","p2id":"mastrota89","formatid":"gen9vgc2023regulatione","rating":0,"private":0,"password":""}