{"id":"gen9vgc2023regulatione-1995323814","p1":"Nnight57","p2":"haamgamer07","format":"[Gen 9] VGC 2023 Regulation E","log":"|j|\u2606Nnight57\n|j|\u2606haamgamer07\n|t:|1700553734\n|gametype|doubles\n|player|p1|Nnight57|richboy-gen4|1193\n|player|p2|haamgamer07|1|1146\n|teamsize|p1|6\n|teamsize|p2|6\n|gen|9\n|tier|[Gen 9] VGC 2023 Regulation E\n|rated|\n|rule|Species Clause: Limit one of each Pok\u00e9mon\n|rule|Item Clause: Limit one of each item\n|clearpoke\n|poke|p1|Ceruledge, L50, M|\n|poke|p1|Gyarados, L50, M|\n|poke|p1|Gholdengo, L50|\n|poke|p1|Indeedee-F, L50, F|\n|poke|p1|Tornadus, L50, M|\n|poke|p1|Urshifu-*, L50, M|\n|poke|p2|Flutter Mane, L50|\n|poke|p2|Iron Hands, L50|\n|poke|p2|Ogerpon-Hearthflame, L50, F|\n|poke|p2|Cresselia, L50, F|\n|poke|p2|Ursaluna, L50, M|\n|poke|p2|Empoleon, L50, M|\n|teampreview|4\n|inactive|Battle timer is ON: inactive players will automatically lose when time's up. (requested by Nnight57)\n|\n|t:|1700553812\n|start\n|switch|p1a: Tornadus|Tornadus, L50, M|100\/100\n|switch|p1b: Indeedee|Indeedee-F, L50, F|100\/100\n|switch|p2a: Empoleon|Empoleon, L50, M|100\/100\n|switch|p2b: Iron Hands|Iron Hands, L50|100\/100\n|-fieldstart|move: Psychic Terrain|[from] ability: Psychic Surge|[of] p1b: Indeedee\n|-enditem|p1b: Indeedee|Psychic Seed\n|-boost|p1b: Indeedee|spd|1|[from] item: Psychic Seed\n|turn|1\n|inactive|Nnight57 has 30 seconds left.\n|inactive|haamgamer07 has 30 seconds left.\n|inactive|Nnight57 has 20 seconds left.\n|inactive|haamgamer07 has 20 seconds left.\n|inactive|Nnight57 has 15 seconds left.\n|\n|t:|1700553855\n|switch|p1b: Gholdengo|Gholdengo, L50|100\/100\n|move|p2b: Iron Hands|Fake Out|p1a: Tornadus\n|-hint|Psychic Terrain doesn't affect Pok\u00e9mon immune to Ground.\n|-damage|p1a: Tornadus|81\/100\n|move|p1a: Tornadus|Tailwind|p1a: Tornadus\n|-sidestart|p1: Nnight57|move: Tailwind\n|move|p2a: Empoleon|Flash Cannon|p1b: Gholdengo\n|-resisted|p1b: Gholdengo\n|-damage|p1b: Gholdengo|78\/100\n|\n|-heal|p1b: Gholdengo|84\/100|[from] item: Leftovers\n|upkeep\n|turn|2\n|\n|t:|1700553877\n|-terastallize|p1b: Gholdengo|Dragon\n|move|p1a: Tornadus|Bleakwind Storm|p2b: Iron Hands|[spread] p2a,p2b\n|-resisted|p2a: Empoleon\n|-damage|p2a: Empoleon|83\/100\n|-damage|p2b: Iron Hands|82\/100\n|move|p1b: Gholdengo|Nasty Plot|p1b: Gholdengo\n|-boost|p1b: Gholdengo|spa|2\n|move|p2b: Iron Hands|Wild Charge|p1b: Gholdengo\n|-resisted|p1b: Gholdengo\n|-damage|p1b: Gholdengo|65\/100\n|-damage|p2b: Iron Hands|78\/100|[from] Recoil\n|move|p2a: Empoleon|Water Pledge|p1b: Gholdengo\n|-resisted|p1b: Gholdengo\n|-damage|p1b: Gholdengo|44\/100\n|\n|-heal|p1b: Gholdengo|50\/100|[from] item: Leftovers\n|upkeep\n|turn|3\n|inactive|haamgamer07 has 30 seconds left.\n|\n|t:|1700553904\n|move|p1a: Tornadus|Bleakwind Storm|p2a: Empoleon|[spread] p2a,p2b\n|-resisted|p2a: Empoleon\n|-damage|p2a: Empoleon|68\/100\n|-damage|p2b: Iron Hands|62\/100\n|-unboost|p2a: Empoleon|spe|1\n|-ability|p2a: Empoleon|Competitive|boost\n|-boost|p2a: Empoleon|spa|2\n|move|p1b: Gholdengo|Make It Rain|p2b: Iron Hands|[spread] p2a,p2b\n|-resisted|p2a: Empoleon\n|-resisted|p2b: Iron Hands\n|-crit|p2b: Iron Hands\n|-damage|p2a: Empoleon|48\/100\n|-damage|p2b: Iron Hands|27\/100\n|-unboost|p1b: Gholdengo|spa|1\n|move|p2b: Iron Hands|Wild Charge|p1a: Tornadus\n|-supereffective|p1a: Tornadus\n|-damage|p1a: Tornadus|0 fnt\n|faint|p1a: Tornadus\n|-damage|p2b: Iron Hands|12\/100|[from] Recoil\n|move|p2a: Empoleon|Ice Beam|p1b: Gholdengo\n|-supereffective|p1b: Gholdengo\n|-damage|p1b: Gholdengo|0 fnt\n|faint|p1b: Gholdengo\n|\n|upkeep\n|inactive|Nnight57 has 30 seconds left.\n|\n|t:|1700553930\n|switch|p1a: Indeedee|Indeedee-F, L50, F|100\/100\n|switch|p1b: Gyarados|Gyarados, L50, M|100\/100\n|-ability|p1b: Gyarados|Intimidate|boost\n|-unboost|p2a: Empoleon|atk|1\n|-ability|p2a: Empoleon|Competitive|boost\n|-boost|p2a: Empoleon|spa|2\n|-unboost|p2b: Iron Hands|atk|1\n|turn|4\n|\n|t:|1700553953\n|-end|p2b: Iron Hands|Quark Drive|[silent]\n|switch|p2b: Cresselia|Cresselia, L50, F|100\/100\n|move|p1b: Gyarados|Earthquake|p2a: Empoleon|[spread] p1a,p2a\n|-immune|p2b: Cresselia|[from] ability: Levitate\n|-supereffective|p2a: Empoleon\n|-damage|p1a: Indeedee|76\/100\n|-damage|p2a: Empoleon|0 fnt\n|faint|p2a: Empoleon\n|move|p1a: Indeedee|Psychic|p2b: Cresselia\n|-resisted|p2b: Cresselia\n|-damage|p2b: Cresselia|88\/100\n|\n|-sideend|p1: Nnight57|move: Tailwind\n|upkeep\n|\n|t:|1700553969\n|switch|p2a: Ursaluna|Ursaluna, L50, M|100\/100\n|turn|5\n|\n|t:|1700553982\n|switch|p2b: Iron Hands|Iron Hands, L50|12\/100\n|move|p2a: Ursaluna|Protect|p2a: Ursaluna\n|-singleturn|p2a: Ursaluna|Protect\n|move|p1a: Indeedee|Follow Me|p1a: Indeedee\n|-singleturn|p1a: Indeedee|move: Follow Me\n|move|p1b: Gyarados|Waterfall|p2a: Ursaluna\n|-activate|p2a: Ursaluna|move: Protect\n|\n|-fieldend|move: Psychic Terrain\n|-status|p2a: Ursaluna|brn|[from] item: Flame Orb\n|upkeep\n|turn|6\n|inactive|haamgamer07 has 30 seconds left.\n|\n|t:|1700554008\n|-terastallize|p2a: Ursaluna|Steel\n|move|p1a: Indeedee|Helping Hand|p1b: Gyarados\n|-singleturn|p1b: Gyarados|Helping Hand|[of] p1a: Indeedee\n|move|p2b: Iron Hands|Fake Out|p1a: Indeedee\n|-damage|p1a: Indeedee|59\/100\n|move|p1b: Gyarados|Earthquake|p2b: Iron Hands|[spread] p1a,p2a,p2b\n|-supereffective|p2a: Ursaluna\n|-supereffective|p2b: Iron Hands\n|-damage|p1a: Indeedee|19\/100\n|-damage|p2a: Ursaluna|35\/100 brn\n|-damage|p2b: Iron Hands|0 fnt\n|faint|p2b: Iron Hands\n|-end|p2b: Iron Hands|Quark Drive|[silent]\n|move|p2a: Ursaluna|Facade|p1b: Gyarados\n|-damage|p1b: Gyarados|0 fnt\n|faint|p1b: Gyarados\n|\n|-damage|p2a: Ursaluna|29\/100 brn|[from] brn\n|upkeep\n|\n|t:|1700554028\n|switch|p2b: Cresselia|Cresselia, L50, F|88\/100\n|turn|7\n|\n|t:|1700554041\n|move|p2b: Cresselia|Lunar Blessing|p2b: Cresselia|[spread] p2a,p2b\n|-heal|p2a: Ursaluna|54\/100 brn\n|-curestatus|p2a: Ursaluna|brn|[msg]\n|-heal|p2b: Cresselia|100\/100\n|move|p1a: Indeedee|Psychic|p2a: Ursaluna\n|-resisted|p2a: Ursaluna\n|-damage|p2a: Ursaluna|43\/100\n|move|p2a: Ursaluna|Facade|p1a: Indeedee\n|-damage|p1a: Indeedee|0 fnt\n|faint|p1a: Indeedee\n|\n|win|haamgamer07\n|raw|Nnight57's rating: 1193 &rarr; <strong>1165<\/strong><br \/>(-28 for losing)\n|raw|haamgamer07's rating: 1146 &rarr; <strong>1174<\/strong><br \/>(+28 for winning)\n","uploadtime":1700554056,"views":2,"p1id":"nnight57","p2id":"haamgamer07","formatid":"gen9vgc2023regulatione","rating":1165,"private":0,"password":""}