{"id":"gen9vgc2023regulatione-1994176663","p1":"MrNiceguyVGC","p2":"Kzkzrjzk","format":"[Gen 9] VGC 2023 Regulation E","log":"|j|\u2606MrNiceguyVGC\n|j|\u2606Kzkzrjzk\n|t:|1700415640\n|gametype|doubles\n|player|p1|MrNiceguyVGC|bruno|1143\n|player|p2|Kzkzrjzk|lance|1131\n|teamsize|p1|6\n|teamsize|p2|6\n|gen|9\n|tier|[Gen 9] VGC 2023 Regulation E\n|rated|\n|rule|Species Clause: Limit one of each Pok\u00e9mon\n|rule|Item Clause: Limit one of each item\n|clearpoke\n|poke|p1|Dusclops, L50, M|\n|poke|p1|Ursaluna-Bloodmoon, L50, M|\n|poke|p1|Iron Hands, L50|\n|poke|p1|Landorus-Therian, L50, M|\n|poke|p1|Iron Bundle, L50|\n|poke|p1|Cresselia, L50, F|\n|poke|p2|Flutter Mane, L50|\n|poke|p2|Tornadus, L50, M|\n|poke|p2|Rillaboom, L50, M|\n|poke|p2|Garganacl, L50, F|\n|poke|p2|Arcanine-Hisui, L50, M|\n|poke|p2|Chien-Pao, L50|\n|teampreview|4\n|\n|t:|1700415703\n|start\n|switch|p1a: Dusclops|Dusclops, L50, M, shiny|100\/100\n|switch|p1b: Ursaluna|Ursaluna-Bloodmoon, L50, M|100\/100\n|switch|p2a: Tornadus|Tornadus, L50, M|100\/100\n|switch|p2b: Garganacl|Garganacl, L50, F|100\/100\n|-ability|p1a: Dusclops|Pressure\n|turn|1\n|inactive|Battle timer is ON: inactive players will automatically lose when time's up. (requested by MrNiceguyVGC)\n|\n|t:|1700415720\n|-terastallize|p2b: Garganacl|Ghost\n|move|p2a: Tornadus|Taunt|p1a: Dusclops\n|-start|p1a: Dusclops|move: Taunt\n|move|p1b: Ursaluna|Hyper Voice|p2a: Tornadus|[spread] p2a,p2b\n|-damage|p2a: Tornadus|75\/100\n|-damage|p2b: Garganacl|80\/100\n|-enditem|p1b: Ursaluna|Throat Spray\n|-boost|p1b: Ursaluna|spa|1|[from] item: Throat Spray\n|move|p2b: Garganacl|Salt Cure|p1b: Ursaluna\n|-resisted|p1b: Ursaluna\n|-damage|p1b: Ursaluna|95\/100\n|-start|p1b: Ursaluna|Salt Cure\n|cant|p1a: Dusclops|move: Taunt|Will-O-Wisp\n|\n|-damage|p1b: Ursaluna|82\/100|[from] Salt Cure\n|upkeep\n|turn|2\n|\n|t:|1700415743\n|move|p2b: Garganacl|Protect|p2b: Garganacl\n|-singleturn|p2b: Garganacl|Protect\n|move|p2a: Tornadus|Taunt|p1b: Ursaluna\n|-start|p1b: Ursaluna|move: Taunt\n|move|p1b: Ursaluna|Blood Moon|p2b: Garganacl\n|-activate|p2b: Garganacl|move: Protect\n|move|p1a: Dusclops|Night Shade|p2a: Tornadus\n|-damage|p2a: Tornadus|48\/100\n|\n|-damage|p1b: Ursaluna|70\/100|[from] Salt Cure\n|upkeep\n|turn|3\n|\n|t:|1700415762\n|move|p2a: Tornadus|Bleakwind Storm|p1b: Ursaluna|[spread] p1a,p1b\n|-damage|p1a: Dusclops|80\/100\n|-damage|p1b: Ursaluna|44\/100\n|move|p1b: Ursaluna|Hyper Voice|p2b: Garganacl|[spread] p2a,p2b\n|-damage|p2a: Tornadus|6\/100\n|-damage|p2b: Garganacl|48\/100\n|-enditem|p2b: Garganacl|Sitrus Berry|[eat]\n|-heal|p2b: Garganacl|72\/100|[from] item: Sitrus Berry\n|move|p2b: Garganacl|Recover|p2b: Garganacl\n|-heal|p2b: Garganacl|100\/100\n|move|p1a: Dusclops|Night Shade|p2a: Tornadus\n|-damage|p2a: Tornadus|0 fnt\n|faint|p2a: Tornadus\n|\n|-damage|p1b: Ursaluna|32\/100|[from] Salt Cure\n|-end|p1a: Dusclops|move: Taunt\n|upkeep\n|\n|t:|1700415768\n|switch|p2a: Rillaboom|Rillaboom, L50, M|100\/100\n|-fieldstart|move: Grassy Terrain|[from] ability: Grassy Surge|[of] p2a: Rillaboom\n|turn|4\n|inactive|MrNiceguyVGC has 30 seconds left.\n|\n|t:|1700415802\n|switch|p1b: Cresselia|Cresselia, L50, F|100\/100\n|move|p2a: Rillaboom|Grassy Glide|p1b: Cresselia\n|-damage|p1b: Cresselia|73\/100\n|move|p2b: Garganacl|Salt Cure|p1a: Dusclops\n|-damage|p1a: Dusclops|69\/100\n|-start|p1a: Dusclops|Salt Cure\n|move|p1a: Dusclops|Will-O-Wisp|p2a: Rillaboom\n|-status|p2a: Rillaboom|brn\n|\n|-heal|p1a: Dusclops|75\/100|[from] Grassy Terrain\n|-damage|p2a: Rillaboom|95\/100 brn|[from] brn\n|-damage|p1a: Dusclops|63\/100|[from] Salt Cure\n|upkeep\n|turn|5\n|\n|t:|1700415826\n|move|p1b: Cresselia|Lunar Blessing|p1b: Cresselia|[spread] p1a,p1b\n|-heal|p1a: Dusclops|88\/100\n|-heal|p1b: Cresselia|98\/100\n|move|p2a: Rillaboom|Wood Hammer|p1a: Dusclops\n|-damage|p1a: Dusclops|57\/100\n|-damage|p2a: Rillaboom|89\/100 brn|[from] Recoil\n|move|p2b: Garganacl|Salt Cure|p1a: Dusclops\n|-damage|p1a: Dusclops|46\/100\n|move|p1a: Dusclops|Will-O-Wisp|p2b: Garganacl\n|-immune|p2b: Garganacl|[from] ability: Purifying Salt\n|\n|-heal|p2a: Rillaboom|95\/100 brn|[from] Grassy Terrain\n|-heal|p1a: Dusclops|52\/100|[from] Grassy Terrain\n|-damage|p2a: Rillaboom|89\/100 brn|[from] brn\n|-damage|p1a: Dusclops|40\/100|[from] Salt Cure\n|upkeep\n|turn|6\n|inactive|MrNiceguyVGC has 30 seconds left.\n|inactive|MrNiceguyVGC has 20 seconds left.\n|\n|t:|1700415864\n|move|p1b: Cresselia|Ice Beam|p2b: Garganacl\n|-damage|p2b: Garganacl|87\/100\n|move|p2a: Rillaboom|Wood Hammer|p1b: Cresselia\n|-damage|p1b: Cresselia|66\/100\n|-damage|p2a: Rillaboom|79\/100 brn|[from] Recoil\n|move|p2b: Garganacl|Salt Cure|p1b: Cresselia\n|-damage|p1b: Cresselia|55\/100\n|-start|p1b: Cresselia|Salt Cure\n|move|p1a: Dusclops|Pain Split|p2a: Rillaboom\n|-sethp|p2a: Rillaboom|51\/100 brn|[from] move: Pain Split|[silent]\n|-sethp|p1a: Dusclops|90\/100|[from] move: Pain Split\n|\n|-heal|p2a: Rillaboom|57\/100 brn|[from] Grassy Terrain\n|-heal|p2b: Garganacl|93\/100|[from] Grassy Terrain\n|-heal|p1a: Dusclops|96\/100|[from] Grassy Terrain\n|-damage|p2a: Rillaboom|51\/100 brn|[from] brn\n|-damage|p1b: Cresselia|43\/100|[from] Salt Cure\n|-damage|p1a: Dusclops|84\/100|[from] Salt Cure\n|upkeep\n|turn|7\n|inactive|MrNiceguyVGC has 30 seconds left.\n|\n|t:|1700415891\n|switch|p2a: Arcanine|Arcanine-Hisui, L50, M|100\/100\n|-ability|p2a: Arcanine|Intimidate|boost\n|-unboost|p1a: Dusclops|atk|1\n|-unboost|p1b: Cresselia|atk|1\n|move|p1b: Cresselia|Lunar Blessing|p1b: Cresselia|[spread] p1a,p1b\n|-heal|p1a: Dusclops|100\/100\n|-heal|p1b: Cresselia|68\/100\n|move|p2b: Garganacl|Iron Defense|p2b: Garganacl\n|-boost|p2b: Garganacl|def|2\n|move|p1a: Dusclops|Night Shade|p2a: Arcanine\n|-damage|p2a: Arcanine|71\/100\n|\n|-heal|p2a: Arcanine|77\/100|[from] Grassy Terrain\n|-heal|p2b: Garganacl|99\/100|[from] Grassy Terrain\n|-damage|p1b: Cresselia|56\/100|[from] Salt Cure\n|-damage|p1a: Dusclops|88\/100|[from] Salt Cure\n|upkeep\n|turn|8\n|inactive|MrNiceguyVGC has 30 seconds left.\n|inactive|MrNiceguyVGC has 20 seconds left.\n|\n|t:|1700415929\n|move|p2a: Arcanine|Flare Blitz|p1a: Dusclops\n|-damage|p1a: Dusclops|31\/100\n|-damage|p2a: Arcanine|64\/100|[from] Recoil\n|move|p1b: Cresselia|Lunar Blessing|p1b: Cresselia|[spread] p1a,p1b\n|-heal|p1a: Dusclops|56\/100\n|-heal|p1b: Cresselia|81\/100\n|move|p2b: Garganacl|Iron Defense|p2b: Garganacl\n|-boost|p2b: Garganacl|def|2\n|move|p1a: Dusclops|Night Shade|p2b: Garganacl\n|-damage|p2b: Garganacl|75\/100\n|\n|-heal|p2a: Arcanine|70\/100|[from] Grassy Terrain\n|-heal|p2b: Garganacl|81\/100|[from] Grassy Terrain\n|-heal|p1a: Dusclops|62\/100|[from] Grassy Terrain\n|-damage|p1b: Cresselia|69\/100|[from] Salt Cure\n|-damage|p1a: Dusclops|50\/100|[from] Salt Cure\n|-fieldend|move: Grassy Terrain\n|upkeep\n|turn|9\n|inactive|MrNiceguyVGC has 30 seconds left.\n|\n|t:|1700415959\n|move|p2a: Arcanine|Flare Blitz|p1a: Dusclops\n|-damage|p1a: Dusclops|0 fnt\n|faint|p1a: Dusclops\n|-damage|p2a: Arcanine|59\/100|[from] Recoil\n|move|p1b: Cresselia|Lunar Blessing|p1b: Cresselia\n|-heal|p1b: Cresselia|94\/100\n|move|p2b: Garganacl|Salt Cure|p1b: Cresselia\n|-damage|p1b: Cresselia|85\/100\n|\n|-damage|p1b: Cresselia|72\/100|[from] Salt Cure\n|upkeep\n|\n|t:|1700415974\n|switch|p1a: Iron Hands|Iron Hands, L50, shiny|100\/100\n|turn|10\n|\n|t:|1700415989\n|switch|p2a: Rillaboom|Rillaboom, L50, M|51\/100 brn\n|-fieldstart|move: Grassy Terrain|[from] ability: Grassy Surge|[of] p2a: Rillaboom\n|move|p1b: Cresselia|Lunar Blessing|p1b: Cresselia|[spread] p1a,p1b\n|-heal|p1b: Cresselia|97\/100\n|move|p1a: Iron Hands|Drain Punch|p2a: Rillaboom\n|-damage|p2a: Rillaboom|17\/100 brn\n|move|p2b: Garganacl|Salt Cure|p1a: Iron Hands\n|-resisted|p1a: Iron Hands\n|-damage|p1a: Iron Hands|97\/100\n|-start|p1a: Iron Hands|Salt Cure\n|\n|-heal|p2a: Rillaboom|23\/100 brn|[from] Grassy Terrain\n|-heal|p1a: Iron Hands|100\/100|[from] Grassy Terrain\n|-heal|p2b: Garganacl|86\/100|[from] Grassy Terrain\n|-damage|p2a: Rillaboom|17\/100 brn|[from] brn\n|-damage|p1b: Cresselia|85\/100|[from] Salt Cure\n|-damage|p1a: Iron Hands|88\/100|[from] Salt Cure\n|upkeep\n|turn|11\n|inactive|MrNiceguyVGC has 30 seconds left.\n|\n|t:|1700416022\n|move|p2a: Rillaboom|Fake Out|p1a: Iron Hands\n|-damage|p1a: Iron Hands|84\/100\n|move|p1b: Cresselia|Ice Beam|p2b: Garganacl\n|-damage|p2b: Garganacl|73\/100\n|cant|p1a: Iron Hands|flinch\n|move|p2b: Garganacl|Iron Defense|p2b: Garganacl\n|-boost|p2b: Garganacl|def|2\n|\n|-heal|p2a: Rillaboom|23\/100 brn|[from] Grassy Terrain\n|-heal|p1a: Iron Hands|90\/100|[from] Grassy Terrain\n|-heal|p2b: Garganacl|79\/100|[from] Grassy Terrain\n|-damage|p2a: Rillaboom|17\/100 brn|[from] brn\n|-damage|p1b: Cresselia|73\/100|[from] Salt Cure\n|-damage|p1a: Iron Hands|78\/100|[from] Salt Cure\n|upkeep\n|turn|12\n|inactive|MrNiceguyVGC has 30 seconds left.\n|\n|t:|1700416049\n|move|p2b: Garganacl|Protect|p2b: Garganacl\n|-singleturn|p2b: Garganacl|Protect\n|move|p1b: Cresselia|Ice Beam|p2a: Rillaboom\n|-supereffective|p2a: Rillaboom\n|-damage|p2a: Rillaboom|0 fnt\n|faint|p2a: Rillaboom\n|move|p1a: Iron Hands|Swords Dance|p1a: Iron Hands\n|-boost|p1a: Iron Hands|atk|2\n|\n|-heal|p1a: Iron Hands|84\/100|[from] Grassy Terrain\n|-heal|p2b: Garganacl|85\/100|[from] Grassy Terrain\n|-damage|p1b: Cresselia|60\/100|[from] Salt Cure\n|-damage|p1a: Iron Hands|72\/100|[from] Salt Cure\n|upkeep\n|\n|t:|1700416053\n|switch|p2a: Arcanine|Arcanine-Hisui, L50, M|59\/100\n|-ability|p2a: Arcanine|Intimidate|boost\n|-unboost|p1a: Iron Hands|atk|1\n|-unboost|p1b: Cresselia|atk|1\n|turn|13\n|\n|t:|1700416072\n|move|p2a: Arcanine|Flare Blitz|p1a: Iron Hands\n|-damage|p1a: Iron Hands|20\/100\n|-enditem|p1a: Iron Hands|Sitrus Berry|[eat]\n|-heal|p1a: Iron Hands|44\/100|[from] item: Sitrus Berry\n|-damage|p2a: Arcanine|35\/100|[from] Recoil\n|move|p1b: Cresselia|Lunar Blessing|p1b: Cresselia|[spread] p1a,p1b\n|-heal|p1a: Iron Hands|69\/100\n|-heal|p1b: Cresselia|86\/100\n|move|p1a: Iron Hands|Drain Punch|p2a: Arcanine\n|-supereffective|p2a: Arcanine\n|-damage|p2a: Arcanine|0 fnt\n|-heal|p1a: Iron Hands|82\/100|[from] drain|[of] p2a: Arcanine\n|faint|p2a: Arcanine\n|move|p2b: Garganacl|Salt Cure|p1b: Cresselia\n|-damage|p1b: Cresselia|76\/100\n|\n|-heal|p1a: Iron Hands|88\/100|[from] Grassy Terrain\n|-heal|p2b: Garganacl|90\/100|[from] Grassy Terrain\n|-damage|p1b: Cresselia|64\/100|[from] Salt Cure\n|-damage|p1a: Iron Hands|76\/100|[from] Salt Cure\n|upkeep\n|turn|14\n|inactive|MrNiceguyVGC has 30 seconds left.\n|\n|t:|1700416101\n|move|p1b: Cresselia|Lunar Blessing|p1b: Cresselia|[spread] p1a,p1b\n|-heal|p1a: Iron Hands|100\/100\n|-heal|p1b: Cresselia|89\/100\n|move|p1a: Iron Hands|Swords Dance|p1a: Iron Hands\n|-boost|p1a: Iron Hands|atk|2\n|move|p2b: Garganacl|Salt Cure|p1a: Iron Hands\n|-resisted|p1a: Iron Hands\n|-damage|p1a: Iron Hands|97\/100\n|\n|-heal|p1a: Iron Hands|100\/100|[from] Grassy Terrain\n|-heal|p2b: Garganacl|96\/100|[from] Grassy Terrain\n|-damage|p1b: Cresselia|76\/100|[from] Salt Cure\n|-damage|p1a: Iron Hands|88\/100|[from] Salt Cure\n|-fieldend|move: Grassy Terrain\n|upkeep\n|turn|15\n|\n|t:|1700416118\n|move|p1b: Cresselia|Lunar Blessing|p1b: Cresselia|[spread] p1a,p1b\n|-heal|p1a: Iron Hands|100\/100\n|-heal|p1b: Cresselia|100\/100\n|move|p1a: Iron Hands|Swords Dance|p1a: Iron Hands\n|-boost|p1a: Iron Hands|atk|2\n|move|p2b: Garganacl|Salt Cure|p1a: Iron Hands\n|-resisted|p1a: Iron Hands\n|-damage|p1a: Iron Hands|97\/100\n|\n|-damage|p1b: Cresselia|88\/100|[from] Salt Cure\n|-damage|p1a: Iron Hands|84\/100|[from] Salt Cure\n|upkeep\n|turn|16\n|\n|t:|1700416137\n|move|p2b: Garganacl|Protect|p2b: Garganacl\n|-singleturn|p2b: Garganacl|Protect\n|move|p1b: Cresselia|Ice Beam|p2b: Garganacl\n|-activate|p2b: Garganacl|move: Protect\n|move|p1a: Iron Hands|Swords Dance|p1a: Iron Hands\n|-boost|p1a: Iron Hands|atk|1\n|\n|-damage|p1b: Cresselia|76\/100|[from] Salt Cure\n|-damage|p1a: Iron Hands|72\/100|[from] Salt Cure\n|upkeep\n|turn|17\n|\n|t:|1700416154\n|switch|p1b: Ursaluna|Ursaluna-Bloodmoon, L50, M|32\/100\n|move|p1a: Iron Hands|Thunder Punch|p2b: Garganacl\n|-damage|p2b: Garganacl|69\/100\n|move|p2b: Garganacl|Recover|p2b: Garganacl\n|-heal|p2b: Garganacl|100\/100\n|\n|-damage|p1a: Iron Hands|60\/100|[from] Salt Cure\n|upkeep\n|turn|18\n|inactive|MrNiceguyVGC has 30 seconds left.\n|inactive|MrNiceguyVGC has 20 seconds left.\n|\n|t:|1700416175\n|-end|p1a: Iron Hands|Quark Drive|[silent]\n|switch|p1a: Cresselia|Cresselia, L50, F|76\/100\n|move|p1b: Ursaluna|Protect|p1b: Ursaluna\n|-singleturn|p1b: Ursaluna|Protect\n|move|p2b: Garganacl|Salt Cure|p1b: Ursaluna\n|-activate|p1b: Ursaluna|move: Protect\n|\n|upkeep\n|turn|19\n|inactive|MrNiceguyVGC has 20 seconds left this turn.\n|inactive|MrNiceguyVGC has 15 seconds left.\n|inactive|MrNiceguyVGC has 10 seconds left.\n|\n|t:|1700416189\n|move|p1b: Ursaluna|Vacuum Wave|p2b: Garganacl\n|-damage|p2b: Garganacl|91\/100\n|move|p1a: Cresselia|Ice Beam|p2b: Garganacl\n|-damage|p2b: Garganacl|78\/100\n|move|p2b: Garganacl|Salt Cure|p1b: Ursaluna\n|-resisted|p1b: Ursaluna\n|-damage|p1b: Ursaluna|27\/100\n|-start|p1b: Ursaluna|Salt Cure\n|\n|-damage|p1b: Ursaluna|14\/100|[from] Salt Cure\n|upkeep\n|turn|20\n|inactive|MrNiceguyVGC has 10 seconds left this turn.\n|inactive|MrNiceguyVGC has 5 seconds left.\n|-message|MrNiceguyVGC lost due to inactivity.\n|\n|win|Kzkzrjzk\n|raw|MrNiceguyVGC's rating: 1143 &rarr; <strong>1117<\/strong><br \/>(-26 for losing)\n|raw|Kzkzrjzk's rating: 1131 &rarr; <strong>1157<\/strong><br \/>(+26 for winning)\n","uploadtime":1700416203,"views":5,"p1id":"mrniceguyvgc","p2id":"kzkzrjzk","formatid":"gen9vgc2023regulatione","rating":1117,"private":0,"password":""}