{"id":"gen9vgc2023regulatione-2000363275","p1":"FloridaParkingLot","p2":"RangerCiano","format":"[Gen 9] VGC 2023 Regulation E","log":"|j|\u2606FloridaParkingLot\n|j|\u2606RangerCiano\n|t:|1701188475\n|gametype|doubles\n|player|p1|FloridaParkingLot|265|1345\n|player|p2|RangerCiano|2|1401\n|teamsize|p1|6\n|teamsize|p2|6\n|gen|9\n|tier|[Gen 9] VGC 2023 Regulation E\n|rated|\n|rule|Species Clause: Limit one of each Pok\u00e9mon\n|rule|Item Clause: Limit one of each item\n|clearpoke\n|poke|p1|Iron Hands, L50|\n|poke|p1|Flutter Mane, L50|\n|poke|p1|Chi-Yu, L50|\n|poke|p1|Tornadus, L50, M|\n|poke|p1|Landorus-Therian, L50, M|\n|poke|p1|Urshifu-*, L50, M|\n|poke|p2|Staraptor, L50, M|\n|poke|p2|Goodra-Hisui, L50, F|\n|poke|p2|Farigiraf, L50, F|\n|poke|p2|Rillaboom, L50, M|\n|poke|p2|Gholdengo, L50|\n|poke|p2|Baxcalibur, L50, F|\n|teampreview|4\n|\n|t:|1701188519\n|start\n|switch|p1a: Chi-Yu|Chi-Yu, L50|100\/100\n|switch|p1b: Flutter Mane|Flutter Mane, L50|100\/100\n|switch|p2a: Beta|Staraptor, L50, M, shiny|100\/100\n|switch|p2b: Rillaboom|Rillaboom, L50, M|100\/100\n|-ability|p2a: Beta|Intimidate|boost\n|-unboost|p1a: Chi-Yu|atk|1\n|-unboost|p1b: Flutter Mane|atk|1\n|-ability|p1a: Chi-Yu|Beads of Ruin\n|-fieldstart|move: Grassy Terrain|[from] ability: Grassy Surge|[of] p2b: Rillaboom\n|turn|1\n|inactive|Battle timer is ON: inactive players will automatically lose when time's up. (requested by RangerCiano)\n|inactive|FloridaParkingLot has 60 seconds left.\n|\n|t:|1701188568\n|move|p1a: Chi-Yu|Protect|p1a: Chi-Yu\n|-singleturn|p1a: Chi-Yu|Protect\n|move|p2b: Rillaboom|Fake Out|p1a: Chi-Yu\n|-activate|p1a: Chi-Yu|move: Protect\n|move|p2a: Beta|U-turn|p1b: Flutter Mane\n|-resisted|p1b: Flutter Mane\n|-damage|p1b: Flutter Mane|90\/100\n|\n|t:|1701188580\n|switch|p2a: Alexsander|Goodra-Hisui, L50, F|100\/100|[from] U-turn\n|move|p1b: Flutter Mane|Dazzling Gleam|p2a: Alexsander|[spread] p2a,p2b\n|-damage|p2a: Alexsander|78\/100\n|-damage|p2b: Rillaboom|69\/100\n|\n|-heal|p1b: Flutter Mane|96\/100|[from] Grassy Terrain\n|-heal|p2b: Rillaboom|75\/100|[from] Grassy Terrain\n|-heal|p2a: Alexsander|83\/100|[from] Grassy Terrain\n|-heal|p2a: Alexsander|89\/100|[from] item: Leftovers\n|upkeep\n|turn|2\n|\n|t:|1701188597\n|-terastallize|p2b: Rillaboom|Fire\n|move|p1b: Flutter Mane|Dazzling Gleam|p2a: Alexsander|[spread] p2a,p2b\n|-resisted|p2b: Rillaboom\n|-damage|p2a: Alexsander|65\/100\n|-damage|p2b: Rillaboom|59\/100\n|move|p1a: Chi-Yu|Heat Wave|p2a: Alexsander|[spread] p2a,p2b\n|-resisted|p2b: Rillaboom\n|-damage|p2a: Alexsander|25\/100\n|-damage|p2b: Rillaboom|33\/100\n|-damage|p1a: Chi-Yu|90\/100|[from] item: Life Orb\n|move|p2b: Rillaboom|High Horsepower|p1a: Chi-Yu\n|-supereffective|p1a: Chi-Yu\n|-damage|p1a: Chi-Yu|0 fnt\n|faint|p1a: Chi-Yu\n|move|p2a: Alexsander|Heavy Slam|p1b: Flutter Mane\n|-supereffective|p1b: Flutter Mane\n|-damage|p1b: Flutter Mane|0 fnt\n|faint|p1b: Flutter Mane\n|-end|p1b: Flutter Mane|Protosynthesis|[silent]\n|\n|-heal|p2b: Rillaboom|39\/100|[from] Grassy Terrain\n|-heal|p2a: Alexsander|31\/100|[from] Grassy Terrain\n|-heal|p2a: Alexsander|37\/100|[from] item: Leftovers\n|upkeep\n|\n|t:|1701188613\n|switch|p1b: Urshifu|Urshifu, L50, M|100\/100\n|switch|p1a: Iron Hands|Iron Hands, L50|100\/100\n|turn|3\n|\n|t:|1701188624\n|switch|p2b: Beta|Staraptor, L50, M, shiny|100\/100\n|-ability|p2b: Beta|Intimidate|boost\n|-unboost|p1a: Iron Hands|atk|1\n|-unboost|p1b: Urshifu|atk|1\n|move|p2a: Alexsander|Protect|p2a: Alexsander\n|-singleturn|p2a: Alexsander|Protect\n|move|p1a: Iron Hands|Fake Out|p2b: Beta\n|-damage|p2b: Beta|89\/100\n|move|p1b: Urshifu|Wicked Blow|p2a: Alexsander\n|-damage|p2a: Alexsander|11\/100\n|\n|-heal|p2a: Alexsander|17\/100|[from] Grassy Terrain\n|-heal|p2a: Alexsander|23\/100|[from] item: Leftovers\n|upkeep\n|turn|4\n|inactive|RangerCiano has 30 seconds left.\n|\n|t:|1701188657\n|-terastallize|p1b: Urshifu|Dark\n|move|p1b: Urshifu|Sucker Punch|p2b: Beta\n|-damage|p2b: Beta|40\/100\n|move|p2b: Beta|Brave Bird|p1a: Iron Hands\n|-damage|p1a: Iron Hands|64\/100\n|-damage|p2b: Beta|23\/100|[from] Recoil\n|move|p2a: Alexsander|Body Press|p1b: Urshifu\n|-supereffective|p1b: Urshifu\n|-damage|p1b: Urshifu|57\/100\n|move|p1a: Iron Hands|Wild Charge|p2b: Beta\n|-supereffective|p2b: Beta\n|-damage|p2b: Beta|0 fnt\n|faint|p2b: Beta\n|-damage|p1a: Iron Hands|60\/100|[from] Recoil\n|\n|-heal|p1b: Urshifu|63\/100|[from] Grassy Terrain\n|-heal|p2a: Alexsander|29\/100|[from] Grassy Terrain\n|-heal|p2a: Alexsander|35\/100|[from] item: Leftovers\n|-heal|p1a: Iron Hands|66\/100|[from] Grassy Terrain\n|upkeep\n|\n|t:|1701188676\n|switch|p2b: Rillaboom|Rillaboom, L50, M, tera:Fire|39\/100\n|turn|5\n|\n|t:|1701188690\n|move|p2b: Rillaboom|Fake Out|p1b: Urshifu\n|-damage|p1b: Urshifu|49\/100\n|cant|p1b: Urshifu|flinch\n|move|p2a: Alexsander|Body Press|p1b: Urshifu\n|-supereffective|p1b: Urshifu\n|-damage|p1b: Urshifu|5\/100\n|move|p1a: Iron Hands|Drain Punch|p2a: Alexsander\n|-supereffective|p2a: Alexsander\n|-damage|p2a: Alexsander|0 fnt\n|-heal|p1a: Iron Hands|78\/100|[from] drain|[of] p2a: Alexsander\n|faint|p2a: Alexsander\n|\n|-heal|p1b: Urshifu|11\/100|[from] Grassy Terrain\n|-heal|p2b: Rillaboom|45\/100|[from] Grassy Terrain\n|-heal|p1a: Iron Hands|85\/100|[from] Grassy Terrain\n|-fieldend|move: Grassy Terrain\n|upkeep\n|\n|t:|1701188706\n|switch|p2a: Baxcalibur|Baxcalibur, L50, F|100\/100\n|turn|6\n|\n|t:|1701188717\n|move|p1b: Urshifu|Detect|p1b: Urshifu\n|-singleturn|p1b: Urshifu|Protect\n|move|p2a: Baxcalibur|Ice Shard|p1b: Urshifu\n|-activate|p1b: Urshifu|move: Protect\n|move|p2b: Rillaboom|High Horsepower|p1a: Iron Hands\n|-supereffective|p1a: Iron Hands\n|-damage|p1a: Iron Hands|41\/100\n|move|p1a: Iron Hands|Wild Charge|p2b: Rillaboom\n|-damage|p2b: Rillaboom|16\/100\n|-damage|p1a: Iron Hands|35\/100|[from] Recoil\n|\n|upkeep\n|turn|7\n|\n|t:|1701188734\n|move|p1b: Urshifu|Sucker Punch|p2b: Rillaboom\n|-damage|p2b: Rillaboom|0 fnt\n|faint|p2b: Rillaboom\n|move|p2a: Baxcalibur|Ice Shard|p1b: Urshifu\n|-damage|p1b: Urshifu|0 fnt\n|faint|p1b: Urshifu\n|move|p1a: Iron Hands|Drain Punch|p2a: Baxcalibur\n|-supereffective|p2a: Baxcalibur\n|-damage|p2a: Baxcalibur|56\/100\n|-heal|p1a: Iron Hands|54\/100|[from] drain|[of] p2a: Baxcalibur\n|\n|upkeep\n|turn|8\n|\n|t:|1701188750\n|move|p2a: Baxcalibur|Glaive Rush|p1a: Iron Hands\n|-damage|p1a: Iron Hands|8\/100\n|-singlemove|p2a: Baxcalibur|Glaive Rush|[silent]\n|move|p1a: Iron Hands|Drain Punch|p2a: Baxcalibur\n|-supereffective|p2a: Baxcalibur\n|-damage|p2a: Baxcalibur|0 fnt\n|-heal|p1a: Iron Hands|32\/100|[from] drain|[of] p2a: Baxcalibur\n|faint|p2a: Baxcalibur\n|\n|win|FloridaParkingLot\n|raw|FloridaParkingLot's rating: 1345 &rarr; <strong>1368<\/strong><br \/>(+23 for winning)\n|raw|RangerCiano's rating: 1401 &rarr; <strong>1378<\/strong><br \/>(-23 for losing)\n|c|\u2606RangerCiano|gg\n|c|\u2606FloridaParkingLot|gg\n","uploadtime":1701188762,"views":4,"p1id":"floridaparkinglot","p2id":"rangerciano","formatid":"gen9vgc2023regulatione","rating":1368,"private":0,"password":""}