{"id":"gen9vgc2023regulatione-1999237392","p1":"Alfred Ray Arcadia","p2":"foiledfeline","format":"[Gen 9] VGC 2023 Regulation E","log":"|j|\u2606Alfred Ray Arcadia\n|j|\u2606foiledfeline\n|t:|1701049173\n|gametype|doubles\n|player|p1|Alfred Ray Arcadia|cynthia-gen4|1579\n|player|p2|foiledfeline|170|1621\n|teamsize|p1|6\n|teamsize|p2|6\n|gen|9\n|tier|[Gen 9] VGC 2023 Regulation E\n|rated|\n|rule|Species Clause: Limit one of each Pok\u00e9mon\n|rule|Item Clause: Limit one of each item\n|clearpoke\n|poke|p1|Tornadus, L50, M|\n|poke|p1|Urshifu-*, L50, F|\n|poke|p1|Farigiraf, L50, M|\n|poke|p1|Amoonguss, L50, F|\n|poke|p1|Iron Hands, L50|\n|poke|p1|Heatran, L50, F|\n|poke|p2|Ursaluna, L50, M|\n|poke|p2|Urshifu-*, L50, M|\n|poke|p2|Iron Hands, L50|\n|poke|p2|Torkoal, L50, M|\n|poke|p2|Ogerpon-Hearthflame, L50, F|\n|poke|p2|Cresselia, L50, F|\n|teampreview|4\nfoiledfeline has agreed to open team sheets.\n|\n|t:|1701049221\n|start\n|switch|p1a: Iron Hands|Iron Hands, L50|100\/100\n|switch|p1b: Amoonguss|Amoonguss, L50, F|100\/100\n|switch|p2a: Ogerpon|Ogerpon-Hearthflame, L50, F|100\/100\n|switch|p2b: Cresselia|Cresselia, L50, F, shiny|100\/100\n|-ability|p2a: Ogerpon|Mold Breaker\n|turn|1\n|\n|t:|1701049251\n|-terastallize|p1b: Amoonguss|Water\n|move|p2a: Ogerpon|Ivy Cudgel|p1b: Amoonguss|[anim] Ivy Cudgel Fire\n|-resisted|p1b: Amoonguss\n|-damage|p1b: Amoonguss|74\/100\n|move|p1a: Iron Hands|Belly Drum|p1a: Iron Hands\n|-damage|p1a: Iron Hands|50\/100\n|-setboost|p1a: Iron Hands|atk|6|[from] move: Belly Drum\n|-enditem|p1a: Iron Hands|Sitrus Berry|[eat]\n|-heal|p1a: Iron Hands|75\/100|[from] item: Sitrus Berry\n|move|p1b: Amoonguss|Spore|p2b: Cresselia\n|-activate|p2b: Cresselia|item: Safety Goggles|Spore\n|move|p2b: Cresselia|Trick Room|p2b: Cresselia\n|-fieldstart|move: Trick Room|[of] p2b: Cresselia\n|\n|upkeep\n|turn|2\n|\n|t:|1701049283\n|move|p1b: Amoonguss|Pollen Puff|p1a: Iron Hands\n|-heal|p1a: Iron Hands|100\/100\n|move|p1a: Iron Hands|Drain Punch|p2a: Ogerpon\n|-damage|p2a: Ogerpon|0 fnt\n|faint|p2a: Ogerpon\n|move|p2b: Cresselia|Ice Beam|p1a: Iron Hands\n|-damage|p1a: Iron Hands|87\/100\n|\n|upkeep\n|\n|t:|1701049300\n|switch|p2a: Ursaluna|Ursaluna, L50, M|100\/100\n|turn|3\n|\n|t:|1701049312\n|move|p2a: Ursaluna|Protect|p2a: Ursaluna\n|-singleturn|p2a: Ursaluna|Protect\n|move|p2b: Cresselia|Ally Switch|p2b: Cresselia\n|swap|p2b: Cresselia|0|[from] move: Ally Switch\n|move|p1b: Amoonguss|Spore|p2a: Cresselia\n|-activate|p2a: Cresselia|item: Safety Goggles|Spore\n|move|p1a: Iron Hands|Ice Punch|p2b: Ursaluna\n|-activate|p2b: Ursaluna|move: Protect\n|\n|-status|p2b: Ursaluna|brn|[from] item: Flame Orb\n|upkeep\n|turn|4\n|\n|t:|1701049346\n|move|p1a: Iron Hands|Protect|p1a: Iron Hands\n|-singleturn|p1a: Iron Hands|Protect\n|move|p1b: Amoonguss|Grass Knot|p2b: Ursaluna\n|-supereffective|p2b: Ursaluna\n|-damage|p2b: Ursaluna|41\/100 brn\n|move|p2b: Ursaluna|Earthquake|p1b: Amoonguss|[spread] p1b\n|-activate|p1a: Iron Hands|move: Protect\n|-immune|p2a: Cresselia|[from] ability: Levitate\n|-damage|p1b: Amoonguss|21\/100\n|move|p2a: Cresselia|Lunar Blessing|p2a: Cresselia|[spread] p2a,p2b\n|-heal|p2b: Ursaluna|66\/100 brn\n|-curestatus|p2b: Ursaluna|brn|[msg]\n|\n|-status|p2b: Ursaluna|brn|[from] item: Flame Orb\n|upkeep\n|turn|5\n|\n|t:|1701049385\n|-terastallize|p2b: Ursaluna|Ghost\n|move|p1b: Amoonguss|Grass Knot|p2b: Ursaluna\n|-damage|p2b: Ursaluna|33\/100 brn\n|move|p2b: Ursaluna|Earthquake|p1a: Iron Hands|[spread] p1a,p1b\n|-immune|p2a: Cresselia|[from] ability: Levitate\n|-supereffective|p1a: Iron Hands\n|-damage|p1a: Iron Hands|0 fnt\n|-damage|p1b: Amoonguss|0 fnt\n|faint|p1a: Iron Hands\n|-end|p1a: Iron Hands|Quark Drive|[silent]\n|faint|p1b: Amoonguss\n|move|p2a: Cresselia|Lunar Blessing|p2a: Cresselia|[spread] p2a,p2b\n|-heal|p2b: Ursaluna|58\/100 brn\n|-curestatus|p2b: Ursaluna|brn|[msg]\n|\n|-fieldend|move: Trick Room\n|-status|p2b: Ursaluna|brn|[from] item: Flame Orb\n|upkeep\n|\n|t:|1701049404\n|switch|p1a: Urshifu|Urshifu, L50, F|100\/100\n|switch|p1b: Heatran|Heatran, L50, F|100\/100\n|turn|6\n|\n|t:|1701049427\n|switch|p2b: Iron Hands|Iron Hands, L50, shiny|100\/100\n|move|p2a: Cresselia|Ally Switch|p2a: Cresselia\n|swap|p2a: Cresselia|1|[from] move: Ally Switch\n|move|p1a: Urshifu|Wicked Blow|p2a: Iron Hands\n|-resisted|p2a: Iron Hands\n|-crit|p2a: Iron Hands\n|-damage|p2a: Iron Hands|80\/100\n|move|p1b: Heatran|Heat Wave|p2b: Cresselia|[spread] p2a,p2b\n|-damage|p2a: Iron Hands|58\/100\n|-damage|p2b: Cresselia|76\/100\n|\n|upkeep\n|turn|7\n|\n|t:|1701049478\n|move|p1a: Urshifu|Protect|p1a: Urshifu\n|-singleturn|p1a: Urshifu|Protect\n|move|p2a: Iron Hands|Fake Out|p1a: Urshifu\n|-activate|p1a: Urshifu|move: Protect\n|move|p1b: Heatran|Earth Power|p2a: Iron Hands\n|-supereffective|p2a: Iron Hands\n|-damage|p2a: Iron Hands|22\/100\n|move|p2b: Cresselia|Trick Room|p2b: Cresselia\n|-fieldstart|move: Trick Room|[of] p2b: Cresselia\n|\n|upkeep\n|turn|8\n|\n|t:|1701049499\n|move|p1a: Urshifu|Protect|p1a: Urshifu\n|-singleturn|p1a: Urshifu|Protect\n|move|p2a: Iron Hands|Drain Punch|p1a: Urshifu\n|-activate|p1a: Urshifu|move: Protect\n|move|p1b: Heatran|Earth Power|p2a: Iron Hands\n|-supereffective|p2a: Iron Hands\n|-damage|p2a: Iron Hands|0 fnt\n|faint|p2a: Iron Hands\n|-end|p2a: Iron Hands|Quark Drive|[silent]\n|move|p2b: Cresselia|Ice Beam|p1a: Urshifu\n|-activate|p1a: Urshifu|move: Protect\n|\n|upkeep\n|\n|t:|1701049512\n|switch|p2a: Ursaluna|Ursaluna, L50, M, tera:Ghost|58\/100 brn\n|turn|9\n|\n|t:|1701049526\n|move|p1b: Heatran|Protect|p1b: Heatran\n|-singleturn|p1b: Heatran|Protect\n|move|p2b: Cresselia|Ally Switch|p2b: Cresselia\n|swap|p2b: Cresselia|0|[from] move: Ally Switch\n|move|p2b: Ursaluna|Earthquake|p1a: Urshifu|[spread] p1a\n|-activate|p1b: Heatran|move: Protect\n|-immune|p2a: Cresselia|[from] ability: Levitate\n|-damage|p1a: Urshifu|34\/100\n|move|p1a: Urshifu|Wicked Blow|p2a: Cresselia\n|-supereffective|p2a: Cresselia\n|-crit|p2a: Cresselia\n|-damage|p2a: Cresselia|2\/100\n|\n|-damage|p2b: Ursaluna|52\/100 brn|[from] brn\n|upkeep\n|turn|10\n|\n|t:|1701049548\n|move|p1a: Urshifu|Sucker Punch|p2b: Ursaluna\n|-supereffective|p2b: Ursaluna\n|-damage|p2b: Ursaluna|0 fnt\n|faint|p2b: Ursaluna\n|move|p1b: Heatran|Heat Wave|p2a: Cresselia\n|-damage|p2a: Cresselia|0 fnt\n|faint|p2a: Cresselia\n|\n|win|Alfred Ray Arcadia\n|raw|Alfred Ray Arcadia's rating: 1579 &rarr; <strong>1601<\/strong><br \/>(+22 for winning)\n|raw|foiledfeline's rating: 1621 &rarr; <strong>1599<\/strong><br \/>(-22 for losing)\n|j| Receptionitis15\n","uploadtime":1701049558,"views":4,"p1id":"alfredrayarcadia","p2id":"foiledfeline","formatid":"gen9vgc2023regulatione","rating":1599,"private":0,"password":""}