{"id":"gen9vgc2023regulatione-1988359391","p1":"mathtass","p2":"TheWoofalo","format":"[Gen 9] VGC 2023 Regulation E","log":"|j|\u2606mathtass\n|j|\u2606TheWoofalo\n|t:|1699713684\n|gametype|doubles\n|player|p1|mathtass|266|\n|player|p2|TheWoofalo|hexmaniac-gen3jp|\n|teamsize|p1|6\n|teamsize|p2|6\n|gen|9\n|tier|[Gen 9] VGC 2023 Regulation E\n|rated|Tournament battle\n|rule|Species Clause: Limit one of each Pok\u00e9mon\n|rule|Item Clause: Limit one of each item\n|clearpoke\n|poke|p1|Flutter Mane, L50|\n|poke|p1|Tornadus, L50, M|\n|poke|p1|Heatran, L50, M|\n|poke|p1|Chien-Pao, L50|\n|poke|p1|Rillaboom, L50, M|\n|poke|p1|Dragonite, L50, F|\n|poke|p2|Regidrago, L50|\n|poke|p2|Sinistcha-Masterpiece, L50|\n|poke|p2|Chi-Yu, L50|\n|poke|p2|Ninetales-Alola, L50, F|\n|poke|p2|Iron Hands, L50|\n|poke|p2|Volbeat, L50, M|\n|teampreview|4\n|showteam|p1|Flutter Mane||BoosterEnergy|Protosynthesis|Moonblast,DazzlingGleam,ShadowBall,Protect||||||50|,,,,,Fairy]Tornadus||CovertCloak|Prankster|Taunt,BleakwindStorm,IcyWind,Tailwind|||M|||50|,,,,,Ghost]Heatran||LifeOrb|FlashFire|Protect,HeatWave,FlashCannon,WillOWisp|||M|||50|,,,,,Fairy]Chien-Pao||FocusSash|SwordofRuin|IceSpinner,SuckerPunch,SacredSword,Protect||||||50|,,,,,Flying]Rillaboom||AssaultVest|GrassySurge|WoodHammer,StompingTantrum,GrassyGlide,FakeOut|||M|||50|,,,,,Fire]Dragonite||SilkScarf|InnerFocus|ExtremeSpeed,Protect,DragonDance,Earthquake|||F|||50|,,,,,Normal\n|showteam|p2|Regidrago||DragonFang|DragonsMaw|DragonEnergy,DracoMeteor,Protect,TeraBlast||||||50|,,,,,Steel]Sinistcha-Masterpiece||RockyHelmet|Hospitality|MatchaGotcha,RagePowder,TrickRoom,StrengthSap||||||50|,,,,,Water]Chi-Yu||LifeOrb|BeadsofRuin|WillOWisp,Psychic,HeatWave,DarkPulse||||||50|,,,,,Fire]Ninetales-Alola||LightClay|SnowWarning|AuroraVeil,Blizzard,Moonblast,ChillingWater|||F|||50|,,,,,Ghost]Iron Hands||AssaultVest|QuarkDrive|FakeOut,DrainPunch,WildCharge,HeavySlam||||||50|,,,,,Water]Volbeat||FocusSash|Prankster|Tailwind,HelpingHand,Encore,Lunge|||M|||50|,,,,,Ghost\n|c|\u2606TheWoofalo|glhf\n|\n|t:|1699713763\n|start\n|switch|p1a: Hades|Heatran, L50, M, shiny|100\/100\n|switch|p1b: Godzila|Rillaboom, L50, M, shiny|100\/100\n|switch|p2a: Bugly|Volbeat, L50, M|100\/100\n|switch|p2b: Dairy Queen|Ninetales-Alola, L50, F|100\/100\n|-weather|Snow|[from] ability: Snow Warning|[of] p2b: Dairy Queen\n|-fieldstart|move: Grassy Terrain|[from] ability: Grassy Surge|[of] p1b: Godzila\n|turn|1\n|\n|t:|1699713787\n|switch|p2b: High Three|Iron Hands, L50|100\/100\n|move|p1b: Godzila|Fake Out|p2b: High Three\n|-damage|p2b: High Three|92\/100\n|move|p2a: Bugly|Tailwind|p2a: Bugly\n|-sidestart|p2: TheWoofalo|move: Tailwind\n|move|p1a: Hades|Flash Cannon|p2b: High Three\n|-resisted|p2b: High Three\n|-damage|p2b: High Three|75\/100\n|-damage|p1a: Hades|91\/100|[from] item: Life Orb\n|\n|-weather|Snow|[upkeep]\n|-heal|p1a: Hades|97\/100|[from] Grassy Terrain\n|-heal|p2b: High Three|81\/100|[from] Grassy Terrain\n|upkeep\n|turn|2\n|\n|t:|1699713809\n|move|p1a: Hades|Protect|p1a: Hades\n|-singleturn|p1a: Hades|Protect\n|move|p2b: High Three|Fake Out|p1a: Hades\n|-activate|p1a: Hades|move: Protect\n|move|p2a: Bugly|Encore|p1b: Godzila\n|-start|p1b: Godzila|Encore\n|move|p1b: Godzila|Fake Out||[still]\n|-hint|Fake Out only works on your first turn out.\n|-fail|p1b: Godzila\n|\n|-weather|Snow|[upkeep]\n|-heal|p1a: Hades|100\/100|[from] Grassy Terrain\n|-heal|p2b: High Three|87\/100|[from] Grassy Terrain\n|upkeep\n|turn|3\n|\n|t:|1699713838\n|switch|p1b: LadyMane|Flutter Mane, L50, shiny|100\/100\n|-enditem|p1b: LadyMane|Booster Energy\n|-activate|p1b: LadyMane|ability: Protosynthesis|[fromitem]\n|-start|p1b: LadyMane|protosynthesisspa\n|move|p2a: Bugly|Encore|p1a: Hades\n|-start|p1a: Hades|Encore\n|move|p1a: Hades|Protect||[still]\n|-fail|p1a: Hades\n|move|p2b: High Three|Drain Punch|p1a: Hades\n|-supereffective|p1a: Hades\n|-damage|p1a: Hades|26\/100\n|-heal|p2b: High Three|100\/100|[from] drain|[of] p1a: Hades\n|\n|-weather|Snow|[upkeep]\n|-heal|p1a: Hades|32\/100|[from] Grassy Terrain\n|upkeep\n|turn|4\n|\n|t:|1699713859\n|switch|p1a: Godzila|Rillaboom, L50, M, shiny|100\/100\n|move|p2a: Bugly|Lunge|p1b: LadyMane\n|-resisted|p1b: LadyMane\n|-damage|p1b: LadyMane|93\/100\n|-unboost|p1b: LadyMane|atk|1\n|move|p1b: LadyMane|Moonblast|p2b: High Three\n|-supereffective|p2b: High Three\n|-damage|p2b: High Three|20\/100\n|move|p2b: High Three|Drain Punch|p1a: Godzila\n|-damage|p1a: Godzila|60\/100\n|-heal|p2b: High Three|36\/100|[from] drain|[of] p1a: Godzila\n|\n|-weather|Snow|[upkeep]\n|-heal|p1b: LadyMane|99\/100|[from] Grassy Terrain\n|-heal|p1a: Godzila|65\/100|[from] Grassy Terrain\n|-heal|p2b: High Three|42\/100|[from] Grassy Terrain\n|-sideend|p2: TheWoofalo|move: Tailwind\n|upkeep\n|turn|5\n|\n|t:|1699713889\n|-end|p2b: High Three|Quark Drive|[silent]\n|switch|p2b: Dairy Queen|Ninetales-Alola, L50, F|100\/100\n|move|p1a: Godzila|Grassy Glide|p2b: Dairy Queen\n|-damage|p2b: Dairy Queen|67\/100\n|move|p1b: LadyMane|Dazzling Gleam|p2b: Dairy Queen|[spread] p2a,p2b\n|-damage|p2a: Bugly|53\/100\n|-damage|p2b: Dairy Queen|17\/100\n|move|p2a: Bugly|Lunge|p1a: Godzila\n|-supereffective|p1a: Godzila\n|-damage|p1a: Godzila|23\/100\n|-unboost|p1a: Godzila|atk|1\n|\n|-weather|none\n|-heal|p2b: Dairy Queen|23\/100|[from] Grassy Terrain\n|-heal|p1b: LadyMane|100\/100|[from] Grassy Terrain\n|-heal|p1a: Godzila|29\/100|[from] Grassy Terrain\n|-heal|p2a: Bugly|59\/100|[from] Grassy Terrain\n|-fieldend|move: Grassy Terrain\n|upkeep\n|turn|6\n|\n|t:|1699713922\n|switch|p1a: Hades|Heatran, L50, M, shiny|32\/100\n|-terastallize|p1b: LadyMane|Fairy\n|move|p2a: Bugly|Tailwind|p2a: Bugly\n|-sidestart|p2: TheWoofalo|move: Tailwind\n|move|p2b: Dairy Queen|Blizzard|p1b: LadyMane|[spread] p1a,p1b\n|-resisted|p1a: Hades\n|-damage|p1a: Hades|26\/100\n|-damage|p1b: LadyMane|71\/100\n|move|p1b: LadyMane|Dazzling Gleam|p2a: Bugly|[spread] p2a,p2b\n|-damage|p2a: Bugly|0 fnt\n|-damage|p2b: Dairy Queen|0 fnt\n|faint|p2a: Bugly\n|faint|p2b: Dairy Queen\n|\n|upkeep\n|\n|t:|1699713935\n|switch|p2b: Bwoop|Regidrago, L50|100\/100\n|switch|p2a: High Three|Iron Hands, L50|42\/100\n|turn|7\n|\n|t:|1699713963\n|-terastallize|p2b: Bwoop|Steel\n|move|p1b: LadyMane|Protect|p1b: LadyMane\n|-singleturn|p1b: LadyMane|Protect\n|move|p1a: Hades|Protect|p1a: Hades\n|-singleturn|p1a: Hades|Protect\n|move|p2a: High Three|Fake Out|p1a: Hades\n|-activate|p1a: Hades|move: Protect\n|move|p2b: Bwoop|Tera Blast|p1b: LadyMane|[anim] Tera Blast Steel\n|-activate|p1b: LadyMane|move: Protect\n|\n|upkeep\n|turn|8\n|\n|t:|1699713977\n|move|p2b: Bwoop|Tera Blast|p1b: LadyMane|[anim] Tera Blast Steel\n|-supereffective|p1b: LadyMane\n|-damage|p1b: LadyMane|7\/100\n|move|p1b: LadyMane|Dazzling Gleam|p2a: High Three|[spread] p2a,p2b\n|-supereffective|p2a: High Three\n|-resisted|p2b: Bwoop\n|-damage|p2a: High Three|0 fnt\n|-damage|p2b: Bwoop|67\/100\n|faint|p2a: High Three\n|-end|p2a: High Three|Quark Drive|[silent]\n|move|p1a: Hades|Heat Wave|p2b: Bwoop\n|-supereffective|p2b: Bwoop\n|-damage|p2b: Bwoop|0 fnt\n|faint|p2b: Bwoop\n|-damage|p1a: Hades|16\/100|[from] item: Life Orb\n|\n|win|mathtass\n|n|\u2606mathtass|mathtass\n|n|\u2606TheWoofalo|thewoofalo\n|c|\u2606TheWoofalo|gg\n","uploadtime":1699713988,"views":25,"p1id":"mathtass","p2id":"thewoofalo","formatid":"gen9vgc2023regulatione","rating":0,"private":0,"password":""}