{"id":"gen9vgc2023regulatione-2000090678","p1":"protonsmashers","p2":"rojasgabriel","format":"[Gen 9] VGC 2023 Regulation E","log":"|j|\u2606protonsmashers\n|j|\u2606rojasgabriel\n|t:|1701152987\n|gametype|doubles\n|player|p1|protonsmashers|cynthia|1063\n|player|p2|rojasgabriel|2|1100\n|teamsize|p1|6\n|teamsize|p2|6\n|gen|9\n|tier|[Gen 9] VGC 2023 Regulation E\n|rated|\n|rule|Species Clause: Limit one of each Pok\u00e9mon\n|rule|Item Clause: Limit one of each item\n|clearpoke\n|poke|p1|Klefki, L50, M|\n|poke|p1|Bruxish, L50, M|\n|poke|p1|Goodra-Hisui, L50, F|\n|poke|p1|Brute Bonnet, L50|\n|poke|p1|Clefable, L50, F|\n|poke|p1|Conkeldurr, L50, M|\n|poke|p2|Ninetales-Alola, L50, M|\n|poke|p2|Cetitan, L50, M|\n|poke|p2|Baxcalibur, L50, F|\n|poke|p2|Landorus-Therian, L50, M|\n|poke|p2|Heatran, L50, F|\n|poke|p2|Rillaboom, L50, M|\n|teampreview|4\n|inactive|Battle timer is ON: inactive players will automatically lose when time's up. (requested by rojasgabriel)\n|inactive|rojasgabriel has 60 seconds left.\n|\n|t:|1701153021\n|start\n|switch|p1a: Brux|Bruxish, L50, M|100\/100\n|switch|p1b: Clef|Clefable, L50, F|100\/100\n|switch|p2a: Ninetales|Ninetales-Alola, L50, M|100\/100\n|switch|p2b: Heatran|Heatran, L50, F|100\/100\n|-weather|Snow|[from] ability: Snow Warning|[of] p2a: Ninetales\n|turn|1\n|\n|t:|1701153040\n|move|p2b: Heatran|Protect|p2b: Heatran\n|-singleturn|p2b: Heatran|Protect\n|move|p1b: Clef|Follow Me|p1b: Clef\n|-singleturn|p1b: Clef|move: Follow Me\n|move|p2a: Ninetales|Icy Wind|p1a: Brux|[spread] p1a,p1b\n|-resisted|p1a: Brux\n|-damage|p1a: Brux|91\/100\n|-damage|p1b: Clef|87\/100\n|-unboost|p1a: Brux|spe|1\n|-unboost|p1b: Clef|spe|1\n|move|p1a: Brux|Trick Room|p1a: Brux\n|-fieldstart|move: Trick Room|[of] p1a: Brux\n|-enditem|p1b: Clef|Room Service\n|-unboost|p1b: Clef|spe|1|[from] item: Room Service\n|\n|-weather|Snow|[upkeep]\n|upkeep\n|turn|2\n|inactive|rojasgabriel has 30 seconds left.\n|\n|t:|1701153069\n|switch|p2b: Landorus|Landorus-Therian, L50, M|100\/100\n|-ability|p2b: Landorus|Intimidate|boost\n|-unboost|p1a: Brux|atk|1\n|-unboost|p1b: Clef|atk|1\n|-terastallize|p1b: Clef|Ground\n|move|p1b: Clef|Tera Blast|p2b: Landorus|[anim] Tera Blast Ground\n|-immune|p2b: Landorus\n|move|p1a: Brux|Ice Fang|p2b: Landorus\n|-supereffective|p2b: Landorus\n|-damage|p2b: Landorus|32\/100\n|move|p2a: Ninetales|Aurora Veil|p2a: Ninetales\n|-sidestart|p2: rojasgabriel|move: Aurora Veil\n|\n|-weather|Snow|[upkeep]\n|upkeep\n|turn|3\n|inactive|rojasgabriel has 30 seconds left.\n|inactive|rojasgabriel has 20 seconds left.\n|\n|t:|1701153107\n|move|p1b: Clef|Moonblast|p2a: Ninetales\n|-damage|p2a: Ninetales|69\/100\n|-unboost|p2a: Ninetales|spa|1\n|move|p1a: Brux|Ice Fang|p2b: Landorus\n|-supereffective|p2b: Landorus\n|-damage|p2b: Landorus|0 fnt\n|faint|p2b: Landorus\n|move|p2a: Ninetales|Blizzard|p1a: Brux|[spread] p1a,p1b\n|-resisted|p1a: Brux\n|-supereffective|p1b: Clef\n|-damage|p1a: Brux|79\/100\n|-damage|p1b: Clef|51\/100\n|-status|p1b: Clef|frz\n|\n|-weather|Snow|[upkeep]\n|upkeep\n|\n|t:|1701153117\n|switch|p2b: Baxcalibur|Baxcalibur, L50, F|100\/100\n|turn|4\n|\n|t:|1701153128\n|cant|p1b: Clef|frz\n|move|p1a: Brux|Psychic Fangs|p2a: Ninetales\n|-sideend|p2: rojasgabriel|move: Aurora Veil\n|-damage|p2a: Ninetales|48\/100\n|-enditem|p2a: Ninetales|Sitrus Berry|[eat]\n|-heal|p2a: Ninetales|73\/100|[from] item: Sitrus Berry\n|move|p2b: Baxcalibur|Swords Dance|p2b: Baxcalibur\n|-boost|p2b: Baxcalibur|atk|2\n|move|p2a: Ninetales|Blizzard|p1b: Clef|[spread] p1a,p1b\n|-resisted|p1a: Brux\n|-supereffective|p1b: Clef\n|-damage|p1a: Brux|68\/100\n|-damage|p1b: Clef|17\/100 frz\n|\n|-weather|Snow|[upkeep]\n|upkeep\n|turn|5\n|\n|t:|1701153146\n|move|p2b: Baxcalibur|Protect|p2b: Baxcalibur\n|-singleturn|p2b: Baxcalibur|Protect\n|move|p2a: Ninetales|Protect|p2a: Ninetales\n|-singleturn|p2a: Ninetales|Protect\n|cant|p1b: Clef|frz\n|move|p1a: Brux|Psychic Fangs|p2a: Ninetales\n|-activate|p2a: Ninetales|move: Protect\n|\n|-weather|none\n|-fieldend|move: Trick Room\n|upkeep\n|turn|6\n|inactive|rojasgabriel has 30 seconds left.\n|\n|t:|1701153174\n|move|p2a: Ninetales|Icy Wind|p1a: Brux|[spread] p1a,p1b\n|-resisted|p1a: Brux\n|-supereffective|p1b: Clef\n|-damage|p1a: Brux|62\/100\n|-damage|p1b: Clef|0 fnt\n|-unboost|p1a: Brux|spe|1\n|faint|p1b: Clef\n|move|p2b: Baxcalibur|Scale Shot|p1a: Brux\n|-damage|p1a: Brux|22\/100\n|-damage|p1a: Brux|0 fnt\n|faint|p1a: Brux\n|-hitcount|p1: Brux|2\n|-unboost|p2b: Baxcalibur|def|1\n|-boost|p2b: Baxcalibur|spe|1\n|\n|upkeep\n|\n|t:|1701153178\n|switch|p1a: Kei|Klefki, L50, M|100\/100\n|switch|p1b: Timber|Conkeldurr, L50, M|100\/100\n|turn|7\n|\n|t:|1701153196\n|switch|p2a: Heatran|Heatran, L50, F|100\/100\n|move|p2b: Baxcalibur|Protect|p2b: Baxcalibur\n|-singleturn|p2b: Baxcalibur|Protect\n|move|p1a: Kei|Switcheroo|p2b: Baxcalibur\n|-activate|p2b: Baxcalibur|move: Protect\n|move|p1b: Timber|Thunder Punch|p2a: Heatran\n|-damage|p2a: Heatran|69\/100\n|\n|upkeep\n|turn|8\n|\n|t:|1701153221\n|move|p1a: Kei|Switcheroo|p2b: Baxcalibur\n|-activate|p1a: Kei|move: Trick|[of] p2b: Baxcalibur\n|-item|p2b: Baxcalibur|Lagging Tail|[from] move: Switcheroo\n|-item|p1a: Kei|Loaded Dice|[from] move: Switcheroo\n|move|p2b: Baxcalibur|Scale Shot|p1b: Timber\n|-damage|p1b: Timber|75\/100\n|-damage|p1b: Timber|49\/100\n|-hitcount|p1b: Timber|2\n|-unboost|p2b: Baxcalibur|def|1\n|-boost|p2b: Baxcalibur|spe|1\n|move|p2a: Heatran|Heat Wave|p1b: Timber|[spread] p1a,p1b\n|-supereffective|p1a: Kei\n|-damage|p1a: Kei|0 fnt\n|-damage|p1b: Timber|0 fnt\n|faint|p1a: Kei\n|faint|p1b: Timber\n|-damage|p2a: Heatran|59\/100|[from] item: Life Orb\n|\n|win|rojasgabriel\n|raw|protonsmashers's rating: 1063 &rarr; <strong>1046<\/strong><br \/>(-17 for losing)\n|raw|rojasgabriel's rating: 1100 &rarr; <strong>1122<\/strong><br \/>(+22 for winning)\n|c|\u2606rojasgabriel|gg\n|l|\u2606protonsmashers\n","uploadtime":1701153241,"views":6,"p1id":"protonsmashers","p2id":"rojasgabriel","formatid":"gen9vgc2023regulatione","rating":1046,"private":0,"password":""}