{"id":"gen9vgc2023regulatione-1989327967","p1":"Ampao","p2":"MTM3000","format":"[Gen 9] VGC 2023 Regulation E","log":"|j|\u2606Ampao\n|j|\u2606MTM3000\n|t:|1699836870\n|gametype|doubles\n|player|p1|Ampao|cynthia-gen4|1144\n|player|p2|MTM3000|pokekid|1133\n|teamsize|p1|6\n|teamsize|p2|6\n|gen|9\n|tier|[Gen 9] VGC 2023 Regulation E\n|rated|\n|rule|Species Clause: Limit one of each Pok\u00e9mon\n|rule|Item Clause: Limit one of each item\n|clearpoke\n|poke|p1|Zangoose, L50, M|\n|poke|p1|Amoonguss, L50, M|\n|poke|p1|Dragonite, L50, F|\n|poke|p1|Flamigo, L50, M|\n|poke|p1|Slowking, L50, M|\n|poke|p1|Shiftry, L50, F|\n|poke|p2|Iron Bundle, L50|\n|poke|p2|Thundurus-Therian, L50, M|\n|poke|p2|Gholdengo, L50|\n|poke|p2|Pelipper, L50, M|\n|poke|p2|Ting-Lu, L50|\n|poke|p2|Volbeat, L50, M|\n|teampreview|4\n|inactive|Battle timer is ON: inactive players will automatically lose when time's up. (requested by MTM3000)\n|inactive|MTM3000 has 60 seconds left.\n|\n|t:|1699836926\n|start\n|switch|p1a: Zangoose|Zangoose, L50, M|100\/100\n|switch|p1b: Amoonguss|Amoonguss, L50, M|100\/100\n|switch|p2a: Pelipper|Pelipper, L50, M|100\/100\n|switch|p2b: Volbeat|Volbeat, L50, M|100\/100\n|-weather|RainDance|[from] ability: Drizzle|[of] p2a: Pelipper\n|turn|1\n|\n|t:|1699836941\n|move|p1b: Amoonguss|Rage Powder|p1b: Amoonguss\n|-singleturn|p1b: Amoonguss|move: Rage Powder\n|move|p2b: Volbeat|Tail Glow|p2b: Volbeat\n|-boost|p2b: Volbeat|spa|3\n|move|p1a: Zangoose|Belly Drum|p1a: Zangoose\n|-damage|p1a: Zangoose|50\/100\n|-setboost|p1a: Zangoose|atk|6|[from] move: Belly Drum\n|-enditem|p1a: Zangoose|Sitrus Berry|[eat]\n|-heal|p1a: Zangoose|75\/100|[from] item: Sitrus Berry\n|move|p2a: Pelipper|Tailwind|p2a: Pelipper\n|-sidestart|p2: MTM3000|move: Tailwind\n|\n|-weather|RainDance|[upkeep]\n|upkeep\n|turn|2\n|\n|t:|1699836959\n|move|p1b: Amoonguss|Rage Powder|p1b: Amoonguss\n|-singleturn|p1b: Amoonguss|move: Rage Powder\n|move|p2b: Volbeat|Tail Glow|p2b: Volbeat\n|-boost|p2b: Volbeat|spa|3\n|move|p2a: Pelipper|Hurricane|p1b: Amoonguss\n|-supereffective|p1b: Amoonguss\n|-damage|p1b: Amoonguss|22\/100\n|move|p1a: Zangoose|Baton Pass|p1a: Zangoose\n|\n|t:|1699836967\n|switch|p1a: Dragonite|Dragonite, L50, F|100\/100|[from] Baton Pass\n|\n|-weather|RainDance|[upkeep]\n|upkeep\n|turn|3\n|\n|t:|1699836983\n|-terastallize|p1a: Dragonite|Normal\n|move|p1a: Dragonite|Extreme Speed|p2b: Volbeat\n|-enditem|p2b: Volbeat|Focus Sash\n|-damage|p2b: Volbeat|1\/100\n|move|p1b: Amoonguss|Rage Powder|p1b: Amoonguss\n|-singleturn|p1b: Amoonguss|move: Rage Powder\n|move|p2b: Volbeat|Baton Pass|p2b: Volbeat\n|\n|t:|1699836993\n|switch|p2b: Iron Bundle|Iron Bundle, L50|100\/100|[from] Baton Pass\n|-enditem|p2b: Iron Bundle|Booster Energy\n|-activate|p2b: Iron Bundle|ability: Quark Drive|[fromitem]\n|-start|p2b: Iron Bundle|quarkdrivespa\n|move|p2a: Pelipper|Hurricane|p1b: Amoonguss\n|-supereffective|p1b: Amoonguss\n|-damage|p1b: Amoonguss|0 fnt\n|faint|p1b: Amoonguss\n|\n|-weather|RainDance|[upkeep]\n|upkeep\n|\n|t:|1699837002\n|switch|p1b: Flamigo|Flamigo, L50, M|100\/100\n|-copyboost|p1b: Flamigo|p1a: Dragonite|[from] ability: Costar\n|turn|4\n|\n|t:|1699837016\n|move|p1a: Dragonite|Extreme Speed|p2b: Iron Bundle\n|-damage|p2b: Iron Bundle|0 fnt\n|faint|p2b: Iron Bundle\n|-end|p2b: Iron Bundle|Quark Drive|[silent]\n|move|p1b: Flamigo|Dual Wingbeat|p2a: Pelipper\n|-damage|p2a: Pelipper|4\/100\n|-enditem|p2a: Pelipper|Sitrus Berry|[eat]\n|-heal|p2a: Pelipper|29\/100|[from] item: Sitrus Berry\n|-damage|p2a: Pelipper|0 fnt\n|faint|p2a: Pelipper\n|-hitcount|p2: Pelipper|2\n|\n|-weather|RainDance|[upkeep]\n|-sideend|p2: MTM3000|move: Tailwind\n|upkeep\n|\n|t:|1699837029\n|switch|p2b: Thundurus|Thundurus-Therian, L50, M|100\/100\n|switch|p2a: Volbeat|Volbeat, L50, M|1\/100\n|turn|5\n|\n|t:|1699837037\n|-terastallize|p2b: Thundurus|Steel\n|move|p1a: Dragonite|Extreme Speed|p2b: Thundurus\n|-resisted|p2b: Thundurus\n|-damage|p2b: Thundurus|0 fnt\n|faint|p2b: Thundurus\n|move|p2a: Volbeat|Tailwind|p2a: Volbeat\n|-sidestart|p2: MTM3000|move: Tailwind\n|move|p1b: Flamigo|Dual Wingbeat|p2a: Volbeat\n|-supereffective|p2a: Volbeat\n|-damage|p2a: Volbeat|0 fnt\n|faint|p2a: Volbeat\n|-hitcount|p2: Volbeat|1\n|\n|win|Ampao\n|raw|Ampao's rating: 1144 &rarr; <strong>1168<\/strong><br \/>(+24 for winning)\n|raw|MTM3000's rating: 1133 &rarr; <strong>1109<\/strong><br \/>(-24 for losing)\n|l|\u2606MTM3000\n","uploadtime":1699837050,"views":16,"p1id":"ampao","p2id":"mtm3000","formatid":"gen9vgc2023regulatione","rating":1109,"private":0,"password":""}