{"id":"gen9vgc2023regulatione-1999455143","p1":"0_bell_0","p2":"Reg E Gigas","format":"[Gen 9] VGC 2023 Regulation E","log":"|j|\u26060_bell_0\n|j|\u2606Reg E Gigas\n|t:|1701083215\n|gametype|doubles\n|player|p1|0_bell_0|caitlin|1338\n|player|p2|Reg E Gigas|1|1436\n|teamsize|p1|6\n|teamsize|p2|6\n|gen|9\n|tier|[Gen 9] VGC 2023 Regulation E\n|rated|\n|rule|Species Clause: Limit one of each Pok\u00e9mon\n|rule|Item Clause: Limit one of each item\n|clearpoke\n|poke|p1|Brute Bonnet, L50|\n|poke|p1|Flutter Mane, L50|\n|poke|p1|Ogerpon-Cornerstone, L50, F|\n|poke|p1|Farigiraf, L50, M|\n|poke|p1|Torkoal, L50, M|\n|poke|p1|Gholdengo, L50|\n|poke|p2|Landorus-Therian, L50, M|\n|poke|p2|Kingambit, L50, F|\n|poke|p2|Flutter Mane, L50|\n|poke|p2|Iron Hands, L50|\n|poke|p2|Clefairy, L50, M|\n|poke|p2|Ogerpon-Wellspring, L50, F|\n|teampreview|4\n|inactive|Battle timer is ON: inactive players will automatically lose when time's up. (requested by 0_bell_0)\n|inactive|0_bell_0 has 60 seconds left.\n|inactive|Reg E Gigas has 60 seconds left.\n|inactive|Reg E Gigas has 30 seconds left.\n|inactive|Reg E Gigas has 20 seconds left.\n|inactive|Reg E Gigas has 15 seconds left.\n|\n|t:|1701083295\n|start\n|switch|p1a: Farigiraf|Farigiraf, L50, M|100\/100\n|switch|p1b: Cabbage|Flutter Mane, L50, shiny|100\/100\n|switch|p2a: Todo|Landorus-Therian, L50, M|100\/100\n|switch|p2b: 4ter mane|Flutter Mane, L50|100\/100\n|-ability|p2a: Todo|Intimidate|boost\n|-unboost|p1a: Farigiraf|atk|1\n|-unboost|p1b: Cabbage|atk|1\n|turn|1\n|inactive|Reg E Gigas has 30 seconds left.\n|\n|t:|1701083328\n|move|p1b: Cabbage|Protect|p1b: Cabbage\n|-singleturn|p1b: Cabbage|Protect\n|move|p2a: Todo|U-turn|p1a: Farigiraf\n|-supereffective|p1a: Farigiraf\n|-damage|p1a: Farigiraf|48\/100\n|-enditem|p1a: Farigiraf|Sitrus Berry|[eat]\n|-heal|p1a: Farigiraf|73\/100|[from] item: Sitrus Berry\n|\n|t:|1701083333\n|switch|p2a: Ogerpon|Ogerpon-Wellspring, L50, F|100\/100|[from] U-turn\n|move|p2b: 4ter mane|Moonblast|p1a: Farigiraf\n|-damage|p1a: Farigiraf|9\/100\n|move|p1a: Farigiraf|Imprison|p1a: Farigiraf\n|-start|p1a: Farigiraf|move: Imprison\n|\n|upkeep\n|turn|2\n|inactive|Reg E Gigas has 30 seconds left.\n|\n|t:|1701083359\n|-terastallize|p2a: Ogerpon|Water\n|detailschange|p2a: Ogerpon|Ogerpon-Wellspring-Tera, L50, F, tera:Water\n|-ability|p2a: Ogerpon|Embody Aspect (Wellspring)|boost\n|-boost|p2a: Ogerpon|spd|1\n|move|p1a: Farigiraf|Protect|p1a: Farigiraf\n|-singleturn|p1a: Farigiraf|Protect\n|move|p1b: Cabbage|Shadow Ball|p2b: 4ter mane\n|-supereffective|p2b: 4ter mane\n|-damage|p2b: 4ter mane|0 fnt\n|faint|p2b: 4ter mane\n|-end|p2b: 4ter mane|Protosynthesis|[silent]\n|-damage|p1b: Cabbage|91\/100|[from] item: Life Orb\n|move|p2a: Ogerpon|Ivy Cudgel|p1b: Cabbage|[anim] Ivy Cudgel Water\n|-damage|p1b: Cabbage|0 fnt\n|faint|p1b: Cabbage\n|-end|p1b: Cabbage|Protosynthesis|[silent]\n|\n|upkeep\n|\n|t:|1701083374\n|switch|p1b: Brute Bonnet|Brute Bonnet, L50|100\/100\n|switch|p2b: Todo|Landorus-Therian, L50, M|100\/100\n|-ability|p2b: Todo|Intimidate|boost\n|-unboost|p1a: Farigiraf|atk|1\n|-unboost|p1b: Brute Bonnet|atk|1\n|-enditem|p1b: Brute Bonnet|Booster Energy\n|-activate|p1b: Brute Bonnet|ability: Protosynthesis|[fromitem]\n|-start|p1b: Brute Bonnet|protosynthesisdef\n|turn|3\n|inactive|Reg E Gigas has 30 seconds left.\n|\n|t:|1701083401\n|move|p1b: Brute Bonnet|Rage Powder|p1b: Brute Bonnet\n|-singleturn|p1b: Brute Bonnet|move: Rage Powder\n|move|p2b: Todo|U-turn|p1b: Brute Bonnet\n|-supereffective|p1b: Brute Bonnet\n|-damage|p1b: Brute Bonnet|47\/100\n|\n|t:|1701083405\n|switch|p2b: Metamaru|Iron Hands, L50, shiny|100\/100|[from] U-turn\n|move|p2a: Ogerpon|Ivy Cudgel|p1b: Brute Bonnet|[anim] Ivy Cudgel Water\n|-resisted|p1b: Brute Bonnet\n|-damage|p1b: Brute Bonnet|28\/100\n|move|p1a: Farigiraf|Trick Room|p1a: Farigiraf\n|-fieldstart|move: Trick Room|[of] p1a: Farigiraf\n|\n|upkeep\n|turn|4\n|inactive|Reg E Gigas has 30 seconds left.\n|\n|t:|1701083433\n|switch|p2a: Todo|Landorus-Therian, L50, M|100\/100\n|-ability|p2a: Todo|Intimidate|boost\n|-unboost|p1a: Farigiraf|atk|1\n|-unboost|p1b: Brute Bonnet|atk|1\n|move|p1b: Brute Bonnet|Spore|p2a: Todo\n|-status|p2a: Todo|slp|[from] move: Spore\n|move|p2b: Metamaru|Drain Punch|p1b: Brute Bonnet\n|-supereffective|p1b: Brute Bonnet\n|-damage|p1b: Brute Bonnet|0 fnt\n|faint|p1b: Brute Bonnet\n|-end|p1b: Brute Bonnet|Protosynthesis|[silent]\n|move|p1a: Farigiraf|Dazzling Gleam|p2a: Todo|[spread] p2a,p2b\n|-supereffective|p2b: Metamaru\n|-damage|p2a: Todo|75\/100 slp\n|-damage|p2b: Metamaru|81\/100\n|\n|upkeep\n|\n|t:|1701083442\n|switch|p1b: Torkoal|Torkoal, L50, M|100\/100\n|-weather|SunnyDay|[from] ability: Drought|[of] p1b: Torkoal\n|turn|5\n|\n|t:|1701083466\n|-terastallize|p1b: Torkoal|Fire\n|move|p1b: Torkoal|Eruption|p2a: Todo|[spread] p2a,p2b\n|-damage|p2a: Todo|0 fnt\n|-damage|p2b: Metamaru|30\/100\n|faint|p2a: Todo\n|move|p2b: Metamaru|Drain Punch|p1b: Torkoal\n|-damage|p1b: Torkoal|72\/100\n|-heal|p2b: Metamaru|41\/100|[from] drain|[of] p1b: Torkoal\n|-damage|p2b: Metamaru|24\/100|[from] item: Rocky Helmet|[of] p1b: Torkoal\n|move|p1a: Farigiraf|Dazzling Gleam|p2b: Metamaru\n|-supereffective|p2b: Metamaru\n|-damage|p2b: Metamaru|0 fnt\n|faint|p2b: Metamaru\n|-end|p2b: Metamaru|Quark Drive|[silent]\n|\n|-weather|SunnyDay|[upkeep]\n|upkeep\n|\n|t:|1701083470\n|switch|p2b: Ogerpon|Ogerpon-Wellspring-Tera, L50, F, tera:Water|100\/100\n|-ability|p2b: Ogerpon|Embody Aspect (Wellspring)|boost\n|-boost|p2b: Ogerpon|spd|1\n|turn|6\n|\n|t:|1701083487\n|move|p2b: Ogerpon|Spiky Shield|p2b: Ogerpon\n|-singleturn|p2b: Ogerpon|move: Protect\n|move|p1b: Torkoal|Eruption|p2b: Ogerpon\n|-activate|p2b: Ogerpon|move: Protect\n|move|p1a: Farigiraf|Dazzling Gleam|p2b: Ogerpon\n|-activate|p2b: Ogerpon|move: Protect\n|\n|-weather|SunnyDay|[upkeep]\n|upkeep\n|turn|7\n|\n|t:|1701083502\n|move|p1b: Torkoal|Eruption|p2b: Ogerpon\n|-resisted|p2b: Ogerpon\n|-damage|p2b: Ogerpon|70\/100\n|move|p1a: Farigiraf|Dazzling Gleam|p2b: Ogerpon\n|-damage|p2b: Ogerpon|54\/100\n|move|p2b: Ogerpon|Ivy Cudgel|p1b: Torkoal|[anim] Ivy Cudgel Water\n|-supereffective|p1b: Torkoal\n|-damage|p1b: Torkoal|13\/100\n|\n|-weather|SunnyDay|[upkeep]\n|-fieldend|move: Trick Room\n|upkeep\n|turn|8\n|\n|t:|1701083520\n|move|p2b: Ogerpon|Horn Leech|p1a: Farigiraf\n|-damage|p1a: Farigiraf|0 fnt\n|-heal|p2b: Ogerpon|59\/100|[from] drain|[of] p1a: Farigiraf\n|faint|p1a: Farigiraf\n|move|p1b: Torkoal|Heat Wave|p2b: Ogerpon\n|-resisted|p2b: Ogerpon\n|-damage|p2b: Ogerpon|30\/100\n|\n|-weather|SunnyDay|[upkeep]\n|upkeep\n|turn|9\n|\n|t:|1701083529\n|move|p2b: Ogerpon|Ivy Cudgel|p1b: Torkoal|[anim] Ivy Cudgel Water\n|-supereffective|p1b: Torkoal\n|-crit|p1b: Torkoal\n|-damage|p1b: Torkoal|0 fnt\n|faint|p1b: Torkoal\n|\n|win|Reg E Gigas\n|raw|0_bell_0's rating: 1338 &rarr; <strong>1323<\/strong><br \/>(-15 for losing)\n|raw|Reg E Gigas's rating: 1436 &rarr; <strong>1451<\/strong><br \/>(+15 for winning)\n|l|\u26060_bell_0\n","uploadtime":1701083538,"views":1,"p1id":"0bell0","p2id":"regegigas","formatid":"gen9vgc2023regulatione","rating":1323,"private":0,"password":""}