{"id":"gen9vgc2023regulatione-1988703146","p1":"Prf.Anu","p2":"Imaterriblepokeman","format":"[Gen 9] VGC 2023 Regulation E","log":"|j|\u2606Prf.Anu\n|j|\u2606Imaterriblepokeman\n|t:|1699752621\n|gametype|doubles\n|player|p1|Prf.Anu|unknown|1180\n|player|p2|Imaterriblepokeman|101|1111\n|teamsize|p1|6\n|teamsize|p2|6\n|gen|9\n|tier|[Gen 9] VGC 2023 Regulation E\n|rated|\n|rule|Species Clause: Limit one of each Pok\u00e9mon\n|rule|Item Clause: Limit one of each item\n|clearpoke\n|poke|p1|Tornadus, L50, M|\n|poke|p1|Indeedee-F, L50, F|\n|poke|p1|Chi-Yu, L50|\n|poke|p1|Flutter Mane, L50|\n|poke|p1|Iron Hands, L50|\n|poke|p1|Rillaboom, L50, M|\n|poke|p2|Kommo-o, L50, M|\n|poke|p2|Scream Tail, L50|\n|poke|p2|Amoonguss, L50, F|\n|poke|p2|Iron Hands, L50|\n|poke|p2|Grimmsnarl, L50, M|\n|poke|p2|Sinistcha, L50|\n|teampreview|4\n|inactive|Battle timer is ON: inactive players will automatically lose when time's up. (requested by Prf.Anu)\n|\n|t:|1699752634\n|start\n|switch|p1a: Tornadus|Tornadus, L50, M, shiny|100\/100\n|switch|p1b: Indeedee|Indeedee-F, L50, F, shiny|100\/100\n|switch|p2a: Kommo-o|Kommo-o, L50, M|100\/100\n|switch|p2b: Amoonguss|Amoonguss, L50, F|100\/100\n|-fieldstart|move: Psychic Terrain|[from] ability: Psychic Surge|[of] p1b: Indeedee\n|turn|1\n|inactive|Imaterriblepokeman has 30 seconds left.\n|inactive|Imaterriblepokeman has 20 seconds left.\n|\n|t:|1699752672\n|-terastallize|p2a: Kommo-o|Normal\n|move|p1a: Tornadus|Bleakwind Storm|p2b: Amoonguss|[spread] p2a,p2b\n|-supereffective|p2b: Amoonguss\n|-damage|p2a: Kommo-o|64\/100\n|-damage|p2b: Amoonguss|38\/100\n|-unboost|p2b: Amoonguss|spe|1\n|move|p2a: Kommo-o|Clangorous Soul|p2a: Kommo-o\n|-boost|p2a: Kommo-o|atk|1\n|-boost|p2a: Kommo-o|def|1\n|-boost|p2a: Kommo-o|spa|1\n|-boost|p2a: Kommo-o|spd|1\n|-boost|p2a: Kommo-o|spe|1\n|-damage|p2a: Kommo-o|31\/100\n|move|p1b: Indeedee|Psychic|p2b: Amoonguss\n|-supereffective|p2b: Amoonguss\n|-damage|p2b: Amoonguss|0 fnt\n|faint|p2b: Amoonguss\n|\n|-heal|p2a: Kommo-o|37\/100|[from] item: Leftovers\n|upkeep\n|\n|t:|1699752688\n|switch|p2b: Sinistcha|Sinistcha, L50|100\/100\n|-heal|p2a: Kommo-o|61\/100|[from] ability: Hospitality|[of] p2b: Sinistcha\n|turn|2\n|\n|t:|1699752700\n|switch|p2b: Iron Hands|Iron Hands, L50|100\/100\n|move|p1a: Tornadus|Bleakwind Storm|p2a: Kommo-o|[spread] p2b\n|-miss|p1a: Tornadus|p2a: Kommo-o\n|-crit|p2b: Iron Hands\n|-damage|p2b: Iron Hands|72\/100\n|-unboost|p2b: Iron Hands|spe|1\n|move|p2a: Kommo-o|Boomburst|p1b: Indeedee|[spread] p2b,p1a,p1b\n|-crit|p1b: Indeedee\n|-damage|p2b: Iron Hands|30\/100\n|-damage|p1a: Tornadus|12\/100\n|-damage|p1b: Indeedee|2\/100\n|move|p1b: Indeedee|Hyper Voice|p2b: Iron Hands|[spread] p2b\n|-immune|p2a: Kommo-o|[from] ability: Soundproof\n|-damage|p2b: Iron Hands|15\/100\n|\n|-heal|p2a: Kommo-o|68\/100|[from] item: Leftovers\n|-heal|p1b: Indeedee|8\/100|[from] item: Leftovers\n|upkeep\n|turn|3\n|inactive|Prf.Anu has 30 seconds left.\n|\n|t:|1699752731\n|-end|p2b: Iron Hands|Quark Drive|[silent]\n|switch|p2b: Sinistcha|Sinistcha, L50|100\/100\n|-heal|p2a: Kommo-o|92\/100|[from] ability: Hospitality|[of] p2b: Sinistcha\n|-terastallize|p1a: Tornadus|Ground\n|move|p1b: Indeedee|Protect|p1b: Indeedee\n|-singleturn|p1b: Indeedee|Protect\n|move|p1a: Tornadus|Tailwind|p1a: Tornadus\n|-sidestart|p1: Prf.Anu|move: Tailwind\n|move|p2a: Kommo-o|Boomburst|p1b: Indeedee|[spread] p1a\n|-activate|p1b: Indeedee|move: Protect\n|-immune|p2b: Sinistcha\n|-damage|p1a: Tornadus|0 fnt\n|faint|p1a: Tornadus\n|\n|-heal|p1b: Indeedee|13\/100|[from] item: Leftovers\n|-heal|p2a: Kommo-o|98\/100|[from] item: Leftovers\n|upkeep\n|\n|t:|1699752749\n|switch|p1a: Chi-Yu|Chi-Yu, L50|100\/100\n|-ability|p1a: Chi-Yu|Beads of Ruin\n|turn|4\n|\n|t:|1699752765\n|switch|p1b: Flutter Mane|Flutter Mane, L50, shiny|100\/100\n|move|p1a: Chi-Yu|Heat Wave|p2b: Sinistcha|[spread] p2a,p2b\n|-supereffective|p2b: Sinistcha\n|-damage|p2a: Kommo-o|65\/100\n|-damage|p2b: Sinistcha|0 fnt\n|faint|p2b: Sinistcha\n|move|p2a: Kommo-o|Boomburst|p1a: Chi-Yu|[spread] p1a\n|-immune|p1b: Flutter Mane\n|-damage|p1a: Chi-Yu|27\/100\n|\n|-heal|p2a: Kommo-o|71\/100|[from] item: Leftovers\n|upkeep\n|\n|t:|1699752777\n|switch|p2b: Iron Hands|Iron Hands, L50|15\/100\n|turn|5\n|\n|t:|1699752797\n|move|p1b: Flutter Mane|Helping Hand|p1a: Chi-Yu\n|-singleturn|p1a: Chi-Yu|Helping Hand|[of] p1b: Flutter Mane\n|move|p1a: Chi-Yu|Heat Wave|p2a: Kommo-o|[spread] p2a,p2b\n|-damage|p2a: Kommo-o|21\/100\n|-damage|p2b: Iron Hands|0 fnt\n|-status|p2a: Kommo-o|brn\n|faint|p2b: Iron Hands\n|-end|p2b: Iron Hands|Quark Drive|[silent]\n|move|p2a: Kommo-o|Clangorous Soul||[still]\n|-fail|p2a: Kommo-o\n|\n|-heal|p2a: Kommo-o|27\/100 brn|[from] item: Leftovers\n|-damage|p2a: Kommo-o|21\/100 brn|[from] brn\n|-fieldend|move: Psychic Terrain\n|upkeep\n|turn|6\n|-message|Imaterriblepokeman forfeited.\n|\n|win|Prf.Anu\n|raw|Prf.Anu's rating: 1180 &rarr; <strong>1200<\/strong><br \/>(+20 for winning)\n|raw|Imaterriblepokeman's rating: 1111 &rarr; <strong>1091<\/strong><br \/>(-20 for losing)\n|l|\u2606Imaterriblepokeman\n","uploadtime":1699752864,"views":11,"p1id":"prfanu","p2id":"imaterriblepokeman","formatid":"gen9vgc2023regulatione","rating":1091,"private":0,"password":""}