{"id":"gen9vgc2023regulatione-1991341445","p1":"aylart2","p2":"Multiblitz","format":"[Gen 9] VGC 2023 Regulation E","log":"|j|\u2606aylart2\n|j|\u2606Multiblitz\n|t:|1700069096\n|gametype|doubles\n|player|p1|aylart2|2|1587\n|player|p2|Multiblitz|caitlin|1627\n|teamsize|p1|6\n|teamsize|p2|6\n|gen|9\n|tier|[Gen 9] VGC 2023 Regulation E\n|rated|\n|rule|Species Clause: Limit one of each Pok\u00e9mon\n|rule|Item Clause: Limit one of each item\n|clearpoke\n|poke|p1|Roaring Moon, L50|\n|poke|p1|Rillaboom, L50, M|\n|poke|p1|Iron Hands, L50|\n|poke|p1|Flutter Mane, L50|\n|poke|p1|Heatran, L50, F|\n|poke|p1|Ogerpon-Wellspring, L50, F|\n|poke|p2|Rillaboom, L50, F|\n|poke|p2|Thundurus, L50, M|\n|poke|p2|Tinkaton, L50, F|\n|poke|p2|Salamence, L50, M|\n|poke|p2|Heatran, L50, F|\n|poke|p2|Milotic, L50, M|\n|teampreview|4\n|inactive|Battle timer is ON: inactive players will automatically lose when time's up. (requested by aylart2)\n|inactive|Multiblitz has 60 seconds left.\n|j| oMigerlonz\n|inactive|Multiblitz has 30 seconds left.\n|inactive|Multiblitz has 20 seconds left.\n|\n|t:|1700069168\n|start\n|switch|p1a: Roaring Moon|Roaring Moon, L50|100\/100\n|switch|p1b: Ogerpon|Ogerpon-Wellspring, L50, F|100\/100\n|switch|p2a: Tinkaton|Tinkaton, L50, F|100\/100\n|switch|p2b: Salamence|Salamence, L50, M|100\/100\n|-ability|p2b: Salamence|Intimidate|boost\n|-unboost|p1a: Roaring Moon|atk|1\n|-unboost|p1b: Ogerpon|atk|1\n|-enditem|p1a: Roaring Moon|Booster Energy\n|-activate|p1a: Roaring Moon|ability: Protosynthesis|[fromitem]\n|-start|p1a: Roaring Moon|protosynthesisspe\n|turn|1\n|inactive|aylart2 has 30 seconds left.\n|inactive|Multiblitz has 30 seconds left.\n|inactive|Multiblitz has 20 seconds left.\n|inactive|Multiblitz has 15 seconds left.\n|inactive|Multiblitz has 10 seconds left.\n|\n|t:|1700069217\n|-terastallize|p2b: Salamence|Flying\n|move|p1a: Roaring Moon|Protect|p1a: Roaring Moon\n|-singleturn|p1a: Roaring Moon|Protect\n|move|p1b: Ogerpon|Spiky Shield|p1b: Ogerpon\n|-singleturn|p1b: Ogerpon|move: Protect\n|move|p2b: Salamence|Tera Blast|p1b: Ogerpon|[anim] Tera Blast Flying\n|-activate|p1b: Ogerpon|move: Protect\n|move|p2a: Tinkaton|Play Rough|p1a: Roaring Moon\n|-activate|p1a: Roaring Moon|move: Protect\n|\n|upkeep\n|turn|2\n|inactive|aylart2 has 30 seconds left.\n|inactive|Multiblitz has 30 seconds left.\n|inactive|aylart2 has 20 seconds left.\n|\n|t:|1700069253\n|switch|p2b: Rillaboom|Rillaboom, L50, F|100\/100\n|-fieldstart|move: Grassy Terrain|[from] ability: Grassy Surge|[of] p2b: Rillaboom\n|-terastallize|p1b: Ogerpon|Water\n|detailschange|p1b: Ogerpon|Ogerpon-Wellspring-Tera, L50, F, tera:Water\n|-ability|p1b: Ogerpon|Embody Aspect (Wellspring)|boost\n|-boost|p1b: Ogerpon|spd|1\n|move|p1a: Roaring Moon|Tailwind|p1a: Roaring Moon\n|-sidestart|p1: aylart2|move: Tailwind\n|move|p1b: Ogerpon|Swords Dance|p1b: Ogerpon\n|-boost|p1b: Ogerpon|atk|2\n|move|p2a: Tinkaton|Gigaton Hammer|p1a: Roaring Moon\n|-damage|p1a: Roaring Moon|23\/100\n|\n|-heal|p1a: Roaring Moon|29\/100|[from] Grassy Terrain\n|upkeep\n|turn|3\n|inactive|Multiblitz has 30 seconds left.\n|\n|t:|1700069281\n|move|p1b: Ogerpon|Spiky Shield|p1b: Ogerpon\n|-singleturn|p1b: Ogerpon|move: Protect\n|move|p2b: Rillaboom|Grassy Glide|p1b: Ogerpon\n|-activate|p1b: Ogerpon|move: Protect\n|-damage|p2b: Rillaboom|88\/100|[from] Spiky Shield|[of] p1b: Ogerpon\n|move|p1a: Roaring Moon|Breaking Swipe|p2a: Tinkaton|[spread] p2b\n|-immune|p2a: Tinkaton\n|-damage|p2b: Rillaboom|71\/100\n|-unboost|p2b: Rillaboom|atk|1\n|move|p2a: Tinkaton|Play Rough|p1a: Roaring Moon\n|-supereffective|p1a: Roaring Moon\n|-damage|p1a: Roaring Moon|0 fnt\n|faint|p1a: Roaring Moon\n|-end|p1a: Roaring Moon|Protosynthesis|[silent]\n|\n|-heal|p2b: Rillaboom|76\/100|[from] Grassy Terrain\n|upkeep\n|j| pusslicking\n|\n|t:|1700069298\n|switch|p1a: Rillaboom|Rillaboom, L50, M|100\/100\n|turn|4\n|\n|t:|1700069313\n|switch|p2b: Salamence|Salamence, L50, M, tera:Flying|100\/100\n|-ability|p2b: Salamence|Intimidate|boost\n|-unboost|p1a: Rillaboom|atk|1\n|-unboost|p1b: Ogerpon|atk|1\n|move|p2a: Tinkaton|Protect|p2a: Tinkaton\n|-singleturn|p2a: Tinkaton|Protect\n|move|p1a: Rillaboom|Fake Out|p2b: Salamence\n|-damage|p2b: Salamence|87\/100\n|move|p1b: Ogerpon|Ivy Cudgel|p2a: Tinkaton|[anim] Ivy Cudgel Water\n|-activate|p2a: Tinkaton|move: Protect\n|\n|upkeep\n|turn|5\n|inactive|Multiblitz has 30 seconds left.\n|inactive|Multiblitz has 20 seconds left.\n|inactive|Multiblitz has 15 seconds left.\n|\n|t:|1700069355\n|switch|p2a: Rillaboom|Rillaboom, L50, F|76\/100\n|move|p1b: Ogerpon|Ivy Cudgel|p2b: Salamence|[anim] Ivy Cudgel Water\n|-damage|p2b: Salamence|0 fnt\n|faint|p2b: Salamence\n|move|p1a: Rillaboom|Wood Hammer|p2a: Rillaboom\n|-resisted|p2a: Rillaboom\n|-damage|p2a: Rillaboom|36\/100\n|-damage|p1a: Rillaboom|89\/100|[from] Recoil\n|\n|-heal|p1a: Rillaboom|95\/100|[from] Grassy Terrain\n|-heal|p2a: Rillaboom|42\/100|[from] Grassy Terrain\n|-sideend|p1: aylart2|move: Tailwind\n|upkeep\n|\n|t:|1700069368\n|switch|p2b: Tinkaton|Tinkaton, L50, F|100\/100\n|turn|6\n|inactive|Multiblitz has 30 seconds left.\n|\n|t:|1700069397\n|switch|p1a: Iron Hands|Iron Hands, L50|100\/100\n|move|p1b: Ogerpon|Spiky Shield|p1b: Ogerpon\n|-singleturn|p1b: Ogerpon|move: Protect\n|move|p2a: Rillaboom|Drain Punch|p1a: Iron Hands\n|-damage|p1a: Iron Hands|70\/100\n|-heal|p2a: Rillaboom|62\/100|[from] drain|[of] p1a: Iron Hands\n|move|p2b: Tinkaton|Gigaton Hammer|p1a: Iron Hands\n|-resisted|p1a: Iron Hands\n|-damage|p1a: Iron Hands|50\/100\n|\n|-heal|p2a: Rillaboom|68\/100|[from] Grassy Terrain\n|-heal|p1a: Iron Hands|56\/100|[from] Grassy Terrain\n|-fieldend|move: Grassy Terrain\n|upkeep\n|turn|7\n|inactive|Multiblitz has 30 seconds left.\n|inactive|Multiblitz has 20 seconds left.\n|inactive|Multiblitz has 15 seconds left.\n|inactive|Multiblitz has 10 seconds left.\n|\n|t:|1700069443\n|switch|p2a: Heatran|Heatran, L50, F, shiny|100\/100\n|move|p1a: Iron Hands|Fake Out|p2a: Heatran\n|-resisted|p2a: Heatran\n|-damage|p2a: Heatran|94\/100\n|move|p1b: Ogerpon|Swords Dance|p1b: Ogerpon\n|-boost|p1b: Ogerpon|atk|2\n|move|p2b: Tinkaton|Play Rough|p1a: Iron Hands\n|-supereffective|p1a: Iron Hands\n|-damage|p1a: Iron Hands|9\/100\n|\n|upkeep\n|turn|8\n|inactive|Multiblitz has 30 seconds left.\n|\n|t:|1700069473\n|move|p1b: Ogerpon|Ivy Cudgel|p2b: Tinkaton|[anim] Ivy Cudgel Water\n|-damage|p2b: Tinkaton|0 fnt\n|faint|p2b: Tinkaton\n|move|p2a: Heatran|Heat Wave|p1b: Ogerpon|[spread] p1a,p1b\n|-resisted|p1b: Ogerpon\n|-damage|p1a: Iron Hands|0 fnt\n|-damage|p1b: Ogerpon|87\/100\n|faint|p1a: Iron Hands\n|-end|p1a: Iron Hands|Quark Drive|[silent]\n|\n|upkeep\n|j| Playsterco\n|\n|t:|1700069480\n|switch|p2b: Rillaboom|Rillaboom, L50, F|68\/100\n|switch|p1a: Rillaboom|Rillaboom, L50, M|95\/100\n|-fieldstart|move: Grassy Terrain|[from] ability: Grassy Surge|[of] p2b: Rillaboom\n|turn|9\n|\n|t:|1700069494\n|move|p1a: Rillaboom|Fake Out|p2b: Rillaboom\n|-damage|p2b: Rillaboom|52\/100\n|cant|p2b: Rillaboom|flinch\n|move|p1b: Ogerpon|Ivy Cudgel|p2b: Rillaboom|[anim] Ivy Cudgel Water\n|-resisted|p2b: Rillaboom\n|-damage|p2b: Rillaboom|0 fnt\n|faint|p2b: Rillaboom\n|move|p2a: Heatran|Heat Wave|p1b: Ogerpon|[spread] p1a,p1b\n|-supereffective|p1a: Rillaboom\n|-resisted|p1b: Ogerpon\n|-damage|p1a: Rillaboom|0 fnt\n|-damage|p1b: Ogerpon|74\/100\n|faint|p1a: Rillaboom\n|\n|-heal|p1b: Ogerpon|80\/100|[from] Grassy Terrain\n|-heal|p2a: Heatran|99\/100|[from] Grassy Terrain\n|upkeep\n|turn|10\n|\n|t:|1700069505\n|move|p1b: Ogerpon|Ivy Cudgel|p2a: Heatran|[anim] Ivy Cudgel Water\n|-supereffective|p2a: Heatran\n|-damage|p2a: Heatran|0 fnt\n|faint|p2a: Heatran\n|\n|win|aylart2\n|raw|aylart2's rating: 1569 &rarr; <strong>1592<\/strong><br \/>(+23 for winning)\n|raw|Multiblitz's rating: 1627 &rarr; <strong>1604<\/strong><br \/>(-23 for losing)\n|l|\u2606Multiblitz\n|l|\u2606aylart2\n|l| oMigerlonz\n","uploadtime":1700069520,"views":9,"p1id":"aylart2","p2id":"multiblitz","formatid":"gen9vgc2023regulatione","rating":1592,"private":0,"password":""}