{"id":"gen9vgc2023regulatione-1988700287","p1":"E.Bluemage","p2":"Bardemis","format":"[Gen 9] VGC 2023 Regulation E","log":"|j|\u2606E.Bluemage\n|j|\u2606Bardemis\n|t:|1699752279\n|gametype|doubles\n|player|p1|E.Bluemage|gentleman-gen4dp|\n|player|p2|Bardemis|morty|\n|teamsize|p1|6\n|teamsize|p2|6\n|gen|9\n|tier|[Gen 9] VGC 2023 Regulation E\n|rule|Species Clause: Limit one of each Pok\u00e9mon\n|rule|Item Clause: Limit one of each item\n|clearpoke\n|poke|p1|Ninetales, L50, M|\n|poke|p1|Farigiraf, L50, M|\n|poke|p1|Typhlosion-Hisui, L50, F|\n|poke|p1|Lilligant-Hisui, L50, F|\n|poke|p1|Flutter Mane, L50|\n|poke|p1|Ursaluna, L50, F|\n|poke|p2|Torterra, L50, F|\n|poke|p2|Grimmsnarl, L50, M|\n|poke|p2|Urshifu-*, L50, F|\n|poke|p2|Heatran, L50, M|\n|poke|p2|Roaring Moon, L50|\n|poke|p2|Farigiraf, L50, F|\n|teampreview|4\n|inactive|Battle timer is ON: inactive players will automatically lose when time's up. (requested by Bardemis)\nBardemis has agreed to open team sheets.\n|j| spork2000\n|j| olmecssb\nE.Bluemage has agreed to open team sheets.\n|showteam|p1|Ninetales||HeatRock|Drought|SolarBeam,Protect,Flamethrower,NastyPlot|||M|||50|,,,,,Grass]Farigiraf||SitrusBerry|ArmorTail|Imprison,HyperVoice,HelpingHand,Psychic|||M|||50|,,,,,Fairy]Typhlosion-Hisui||Charcoal|Blaze|Eruption,InfernalParade,WillOWisp,Protect|||F|||50|,,,,,Fire]Lilligant-Hisui||ExpertBelt|Chlorophyll|SolarBlade,AxeKick,IceSpinner,SleepPowder|||F|||50|,,,,,Fighting]Flutter Mane||LifeOrb|Protosynthesis|Thunderbolt,ShadowBall,Psyshock,Moonblast||||||50|,,,,,Fairy]Ursaluna||AssaultVest|Guts|Earthquake,Facade,CloseCombat,GunkShot|||F|||50|,,,,,Ghost\n|showteam|p2|Torterra||WhiteHerb|ShellArmor|ShellSmash,WoodHammer,HighHorsepower,Protect|||F|||50|,,,,,Water]Grimmsnarl||LightClay|Prankster|Reflect,LightScreen,SpiritBreak,PartingShot|||M|||50|,,,,,Ghost]Urshifu-Rapid-Strike||MysticWater|UnseenFist|SurgingStrikes,CloseCombat,AquaJet,Protect|||F|||50|,,,,,Water]Heatran||Leftovers|FlashFire|EarthPower,Protect,FlashCannon,HeatWave|||M|||50|,,,,,Grass]Roaring Moon||BoosterEnergy|Protosynthesis|Tailwind,KnockOff,Acrobatics,Protect||||||50|,,,,,Flying]Farigiraf||SafetyGoggles|ArmorTail|Psyshock,DazzlingGleam,Imprison,TrickRoom|||F|||50|,,,,,Fairy\n|\n|t:|1699752318\n|start\n|switch|p1a: Amaterasu|Ninetales, L50, M|100\/100\n|switch|p1b: Shinki|Typhlosion-Hisui, L50, F|100\/100\n|switch|p2a: Grimmsnarl|Grimmsnarl, L50, M, shiny|100\/100\n|switch|p2b: Heatran|Heatran, L50, M|100\/100\n|-weather|SunnyDay|[from] ability: Drought|[of] p1a: Amaterasu\n|turn|1\n|inactive|Bardemis has 30 seconds left.\n|inactive|Bardemis has 20 seconds left.\n|\n|t:|1699752362\n|switch|p1a: Ford F150|Ursaluna, L50, F|100\/100\n|move|p1b: Shinki|Protect|p1b: Shinki\n|-singleturn|p1b: Shinki|Protect\n|move|p2a: Grimmsnarl|Light Screen|p2a: Grimmsnarl\n|-sidestart|p2: Bardemis|move: Light Screen\n|move|p2b: Heatran|Earth Power|p1a: Ford F150\n|-damage|p1a: Ford F150|81\/100\n|\n|-weather|SunnyDay|[upkeep]\n|upkeep\n|turn|2\n|inactive|Bardemis has 30 seconds left.\n|\n|t:|1699752388\n|move|p1b: Shinki|Protect|p1b: Shinki\n|-singleturn|p1b: Shinki|Protect\n|move|p2a: Grimmsnarl|Reflect|p2a: Grimmsnarl\n|-sidestart|p2: Bardemis|Reflect\n|move|p2b: Heatran|Earth Power|p1b: Shinki\n|-activate|p1b: Shinki|move: Protect\n|move|p1a: Ford F150|Earthquake|p2b: Heatran|[spread] p2a,p2b\n|-activate|p1b: Shinki|move: Protect\n|-supereffective|p2b: Heatran\n|-crit|p2b: Heatran\n|-damage|p2a: Grimmsnarl|68\/100\n|-damage|p2b: Heatran|0 fnt\n|faint|p2b: Heatran\n|\n|-weather|SunnyDay|[upkeep]\n|upkeep\n|\n|t:|1699752401\n|switch|p2b: Torterra|Torterra, L50, F|100\/100\n|turn|3\n|\n|t:|1699752420\n|-terastallize|p1b: Shinki|Fire\n|-terastallize|p2b: Torterra|Water\n|move|p2a: Grimmsnarl|Parting Shot|p1b: Shinki\n|-unboost|p1b: Shinki|atk|1\n|-unboost|p1b: Shinki|spa|1\n|\n|t:|1699752426\n|switch|p2a: Roaring Moon|Roaring Moon, L50|100\/100|[from] Parting Shot\n|-activate|p2a: Roaring Moon|ability: Protosynthesis\n|-start|p2a: Roaring Moon|protosynthesisspe\n|move|p1b: Shinki|Eruption|p2b: Torterra|[spread] p2a,p2b\n|-resisted|p2a: Roaring Moon\n|-resisted|p2b: Torterra\n|-damage|p2a: Roaring Moon|74\/100\n|-damage|p2b: Torterra|73\/100\n|move|p2b: Torterra|Shell Smash|p2b: Torterra\n|-unboost|p2b: Torterra|def|1\n|-unboost|p2b: Torterra|spd|1\n|-boost|p2b: Torterra|atk|2\n|-boost|p2b: Torterra|spa|2\n|-boost|p2b: Torterra|spe|2\n|-enditem|p2b: Torterra|White Herb\n|-clearnegativeboost|p2b: Torterra|[silent]\n|move|p1a: Ford F150|Gunk Shot|p2b: Torterra|[miss]\n|-miss|p1a: Ford F150|p2b: Torterra\n|\n|-weather|SunnyDay|[upkeep]\n|upkeep\n|turn|4\n|inactive|E.Bluemage has 30 seconds left.\n|inactive|Bardemis has 30 seconds left.\n|inactive|E.Bluemage has 20 seconds left.\n|inactive|Bardemis has 20 seconds left.\n|\n|t:|1699752462\n|move|p2a: Roaring Moon|Tailwind|p2a: Roaring Moon\n|-sidestart|p2: Bardemis|move: Tailwind\n|move|p2b: Torterra|Wood Hammer|p1a: Ford F150\n|-supereffective|p1a: Ford F150\n|-damage|p1a: Ford F150|0 fnt\n|faint|p1a: Ford F150\n|-damage|p2b: Torterra|42\/100|[from] Recoil\n|move|p1b: Shinki|Will-O-Wisp|p1: Ford F150|[notarget]\n|-fail|p1b: Shinki\n|\n|-weather|SunnyDay|[upkeep]\n|upkeep\n|\n|t:|1699752482\n|switch|p1a: Mima|Flutter Mane, L50|100\/100\n|-activate|p1a: Mima|ability: Protosynthesis\n|-start|p1a: Mima|protosynthesisspe\n|turn|5\n|\n|t:|1699752501\n|move|p2a: Roaring Moon|Knock Off|p1b: Shinki\n|-damage|p1b: Shinki|25\/100\n|-enditem|p1b: Shinki|Charcoal|[from] move: Knock Off|[of] p2a: Roaring Moon\n|move|p1a: Mima|Thunderbolt|p2b: Torterra\n|-supereffective|p2b: Torterra\n|-damage|p2b: Torterra|0 fnt\n|faint|p2b: Torterra\n|-damage|p1a: Mima|90\/100|[from] item: Life Orb\n|move|p1b: Shinki|Eruption|p2a: Roaring Moon\n|-resisted|p2a: Roaring Moon\n|-damage|p2a: Roaring Moon|61\/100\n|\n|-weather|SunnyDay|[upkeep]\n|upkeep\n|\n|t:|1699752512\n|switch|p2b: Grimmsnarl|Grimmsnarl, L50, M, shiny|68\/100\n|turn|6\n|\n|t:|1699752530\n|move|p2b: Grimmsnarl|Parting Shot|p1b: Shinki\n|-unboost|p1b: Shinki|atk|1\n|-unboost|p1b: Shinki|spa|1\n|move|p2a: Roaring Moon|Acrobatics|p1a: Mima\n|-damage|p1a: Mima|47\/100\n|move|p1a: Mima|Psyshock|p2b: Grimmsnarl\n|-immune|p2b: Grimmsnarl\n|move|p1b: Shinki|Will-O-Wisp|p2b: Grimmsnarl\n|-status|p2b: Grimmsnarl|brn\n|\n|-weather|SunnyDay|[upkeep]\n|-damage|p2b: Grimmsnarl|62\/100 brn|[from] brn\n|upkeep\n|turn|7\n|inactive|E.Bluemage has 30 seconds left.\n|\n|t:|1699752555\n|move|p2a: Roaring Moon|Knock Off|p1a: Mima\n|-damage|p1a: Mima|0 fnt\n|-enditem|p1a: Mima|Life Orb|[from] move: Knock Off|[of] p2a: Roaring Moon\n|faint|p1a: Mima\n|-end|p1a: Mima|Protosynthesis|[silent]\n|move|p1b: Shinki|Eruption|p2b: Grimmsnarl|[spread] p2a,p2b\n|-resisted|p2a: Roaring Moon\n|-damage|p2a: Roaring Moon|55\/100\n|-damage|p2b: Grimmsnarl|49\/100 brn\n|move|p2b: Grimmsnarl|Spirit Break|p1b: Shinki\n|-resisted|p1b: Shinki\n|-damage|p1b: Shinki|15\/100\n|-unboost|p1b: Shinki|spa|1\n|\n|-weather|SunnyDay|[upkeep]\n|-damage|p2b: Grimmsnarl|43\/100 brn|[from] brn\n|-sideend|p2: Bardemis|move: Tailwind\n|upkeep\n|\n|t:|1699752571\n|switch|p1a: Amaterasu|Ninetales, L50, M|100\/100\n|turn|8\n|inactive|E.Bluemage has 30 seconds left.\n|\n|t:|1699752604\n|move|p2b: Grimmsnarl|Parting Shot|p1a: Amaterasu\n|-unboost|p1a: Amaterasu|atk|1\n|-unboost|p1a: Amaterasu|spa|1\n|move|p2a: Roaring Moon|Knock Off|p1a: Amaterasu\n|-damage|p1a: Amaterasu|24\/100\n|-enditem|p1a: Amaterasu|Heat Rock|[from] move: Knock Off|[of] p2a: Roaring Moon\n|move|p1a: Amaterasu|Solar Beam||[still]\n|-prepare|p1a: Amaterasu|Solar Beam\n|-anim|p1a: Amaterasu|Solar Beam|p2b: Grimmsnarl\n|-damage|p2b: Grimmsnarl|31\/100 brn\n|move|p1b: Shinki|Infernal Parade|p2b: Grimmsnarl\n|-resisted|p2b: Grimmsnarl\n|-damage|p2b: Grimmsnarl|23\/100 brn\n|\n|-weather|none\n|-end|p2a: Roaring Moon|Protosynthesis\n|-damage|p2b: Grimmsnarl|17\/100 brn|[from] brn\n|-sideend|p2: Bardemis|move: Light Screen\n|upkeep\n|-enditem|p2a: Roaring Moon|Booster Energy\n|-activate|p2a: Roaring Moon|ability: Protosynthesis|[fromitem]\n|-start|p2a: Roaring Moon|protosynthesisspe\n|turn|9\n|inactive|E.Bluemage has 30 seconds left.\n|inactive|Bardemis has 30 seconds left.\n|\n|t:|1699752638\n|move|p1a: Amaterasu|Protect|p1a: Amaterasu\n|-singleturn|p1a: Amaterasu|Protect\n|move|p1b: Shinki|Protect|p1b: Shinki\n|-singleturn|p1b: Shinki|Protect\n|move|p2a: Roaring Moon|Acrobatics|p1b: Shinki\n|-activate|p1b: Shinki|move: Protect\n|move|p2b: Grimmsnarl|Spirit Break|p1a: Amaterasu\n|-activate|p1a: Amaterasu|move: Protect\n|\n|-damage|p2b: Grimmsnarl|11\/100 brn|[from] brn\n|-sideend|p2: Bardemis|Reflect\n|upkeep\n|turn|10\n|\n|t:|1699752656\n|move|p1a: Amaterasu|Protect||[still]\n|-fail|p1a: Amaterasu\n|move|p1b: Shinki|Protect||[still]\n|-fail|p1b: Shinki\n|move|p2b: Grimmsnarl|Light Screen|p2b: Grimmsnarl\n|-sidestart|p2: Bardemis|move: Light Screen\n|move|p2a: Roaring Moon|Acrobatics|p1a: Amaterasu\n|-damage|p1a: Amaterasu|0 fnt\n|faint|p1a: Amaterasu\n|\n|-damage|p2b: Grimmsnarl|5\/100 brn|[from] brn\n|upkeep\n|turn|11\n|\n|t:|1699752672\n|move|p1b: Shinki|Protect|p1b: Shinki\n|-singleturn|p1b: Shinki|Protect\n|move|p2a: Roaring Moon|Acrobatics|p1b: Shinki\n|-activate|p1b: Shinki|move: Protect\n|move|p2b: Grimmsnarl|Spirit Break|p1b: Shinki\n|-activate|p1b: Shinki|move: Protect\n|\n|-damage|p2b: Grimmsnarl|0 fnt|[from] brn\n|faint|p2b: Grimmsnarl\n|upkeep\n|turn|12\n|\n|t:|1699752686\n|move|p2a: Roaring Moon|Acrobatics|p1b: Shinki\n|-damage|p1b: Shinki|0 fnt\n|faint|p1b: Shinki\n|\n|win|Bardemis\n|l|\u2606E.Bluemage\n|l|\u2606Bardemis\n","uploadtime":1699752769,"views":19,"p1id":"ebluemage","p2id":"bardemis","formatid":"gen9vgc2023regulatione","rating":0,"private":0,"password":""}