{"id":"gen9vgc2023regulatione-1996782593","p1":"ToastNoButter","p2":"averagerandbats","format":"[Gen 9] VGC 2023 Regulation E","log":"|j|\u2606ToastNoButter\n|j|\u2606averagerandbats\n|t:|1700724497\n|gametype|doubles\n|player|p1|ToastNoButter|roxanne-gen6|\n|player|p2|averagerandbats|janitor|\n|teamsize|p1|6\n|teamsize|p2|6\n|gen|9\n|tier|[Gen 9] VGC 2023 Regulation E\n|rated|Tournament battle\n|rule|Species Clause: Limit one of each Pok\u00e9mon\n|rule|Item Clause: Limit one of each item\n|clearpoke\n|poke|p1|Ogerpon-Hearthflame, L50, F|\n|poke|p1|Urshifu-*, L50, F|\n|poke|p1|Flutter Mane, L50|\n|poke|p1|Landorus-Therian, L50, M|\n|poke|p1|Amoonguss, L50, M|\n|poke|p1|Iron Hands, L50|\n|poke|p2|Arcanine-Hisui, L50, M|\n|poke|p2|Urshifu-*, L50, M|\n|poke|p2|Rillaboom, L50, F|\n|poke|p2|Gholdengo, L50|\n|poke|p2|Ogerpon-Wellspring, L50, F|\n|poke|p2|Tornadus, L50, M|\n|teampreview|4\n|showteam|p1|Ogerpon-Hearthflame||HearthflameMask|MoldBreaker|IvyCudgel,HornLeech,SwordsDance,SpikyShield|||F|||50|,,,,,Fire]Urshifu-Rapid-Strike||MysticWater|UnseenFist|SurgingStrikes,CloseCombat,AquaJet,Detect|||F|||50|,,,,,Water]Flutter Mane||ChoiceSpecs|Protosynthesis|Moonblast,ShadowBall,DazzlingGleam,Thunderbolt||||||50|,,,,,Fairy]Landorus-Therian||ChoiceScarf|Intimidate|StompingTantrum,TeraBlast,Uturn,RockSlide|||M|||50|,,,,,Flying]Amoonguss||SitrusBerry|Regenerator|RagePowder,Spore,PollenPuff,Protect|||M|||50|,,,,,Water]Iron Hands||AssaultVest|QuarkDrive|DrainPunch,WildCharge,FakeOut,HeavySlam||||||50|,,,,,Fire\n|showteam|p2|Arcanine-Hisui||ChoiceBand|Intimidate|RockSlide,FlareBlitz,ExtremeSpeed,TeraBlast|||M|||50|,,,,,Fairy]Urshifu-Rapid-Strike||ChoiceScarf|UnseenFist|SurgingStrikes,CloseCombat,IceSpinner,Uturn|||M|||50|,,,,,Water]Rillaboom||AssaultVest|GrassySurge|FakeOut,GrassyGlide,WoodHammer,Uturn|||F|||50|,,,,,Fire]Gholdengo||Leftovers|GoodasGold|Protect,NastyPlot,MakeItRain,ShadowBall||||||50|,,,,,Dragon]Ogerpon-Wellspring||WellspringMask|WaterAbsorb|SpikyShield,FollowMe,IvyCudgel,PowerWhip|||F|||50|,,,,,Water]Tornadus||CovertCloak|Prankster|BleakwindStorm,Taunt,RainDance,Tailwind|||M|||50|,,,,,Ghost\n|\n|t:|1700724597\n|start\n|switch|p1a: Landorus|Landorus-Therian, L50, M|100\/100\n|switch|p1b: Iron Hands|Iron Hands, L50|100\/100\n|switch|p2a: Urshifu|Urshifu-Rapid-Strike, L50, M|100\/100\n|switch|p2b: Ogerpon|Ogerpon-Wellspring, L50, F|100\/100\n|-ability|p1a: Landorus|Intimidate|boost\n|-unboost|p2a: Urshifu|atk|1\n|-unboost|p2b: Ogerpon|atk|1\n|turn|1\n|j| christianfinity\n|l| christianfinity\n|\n|t:|1700724632\n|-terastallize|p2a: Urshifu|Water\n|move|p1b: Iron Hands|Fake Out|p2a: Urshifu\n|-damage|p2a: Urshifu|86\/100\n|cant|p2a: Urshifu|flinch\n|move|p1a: Landorus|U-turn|p2a: Urshifu\n|-damage|p2a: Urshifu|62\/100\n|\n|t:|1700724642\n|switch|p1a: Ogerpon|Ogerpon-Hearthflame, L50, F|100\/100|[from] U-turn\n|-ability|p1a: Ogerpon|Mold Breaker\n|move|p2b: Ogerpon|Ivy Cudgel|p1b: Iron Hands|[anim] Ivy Cudgel Water\n|-damage|p1b: Iron Hands|73\/100\n|\n|upkeep\n|turn|2\n|\n|t:|1700724670\n|switch|p2b: Arcanine|Arcanine-Hisui, L50, M|100\/100\n|-ability|p2b: Arcanine|Intimidate|boost\n|-unboost|p1a: Ogerpon|atk|1\n|-unboost|p1b: Iron Hands|atk|1\n|move|p2a: Urshifu|Surging Strikes|p1a: Ogerpon\n|-crit|p1a: Ogerpon\n|-damage|p1a: Ogerpon|69\/100\n|-crit|p1a: Ogerpon\n|-damage|p1a: Ogerpon|41\/100\n|-crit|p1a: Ogerpon\n|-damage|p1a: Ogerpon|10\/100\n|-hitcount|p1a: Ogerpon|3\n|move|p1a: Ogerpon|Swords Dance|p1a: Ogerpon\n|-boost|p1a: Ogerpon|atk|2\n|move|p1b: Iron Hands|Wild Charge|p2a: Urshifu\n|-supereffective|p2a: Urshifu\n|-damage|p2a: Urshifu|0 fnt\n|faint|p2a: Urshifu\n|-damage|p1b: Iron Hands|61\/100|[from] Recoil\n|\n|upkeep\n|\n|t:|1700724687\n|switch|p2a: Tornadus|Tornadus, L50, M|100\/100\n|turn|3\n|\n|t:|1700724705\n|move|p2a: Tornadus|Tailwind|p2a: Tornadus\n|-sidestart|p2: averagerandbats|move: Tailwind\n|move|p2b: Arcanine|Rock Slide|p1a: Ogerpon|[spread] p1a,p1b\n|-supereffective|p1a: Ogerpon\n|-resisted|p1b: Iron Hands\n|-damage|p1a: Ogerpon|0 fnt\n|-damage|p1b: Iron Hands|47\/100\n|faint|p1a: Ogerpon\n|cant|p1b: Iron Hands|flinch\n|\n|upkeep\n|\n|t:|1700724715\n|switch|p1a: Landorus|Landorus-Therian, L50, M|100\/100\n|-ability|p1a: Landorus|Intimidate|boost\n|-unboost|p2a: Tornadus|atk|1\n|-unboost|p2b: Arcanine|atk|1\n|turn|4\n|c|\u2606averagerandbats|lucky flinch\n|c|\u2606ToastNoButter|ye\n|j| Choruto\n|\n|t:|1700724753\n|move|p2a: Tornadus|Rain Dance|p2a: Tornadus\n|-weather|RainDance\n|move|p2b: Arcanine|Rock Slide|p1a: Landorus|[spread] p1a,p1b\n|-resisted|p1b: Iron Hands\n|-crit|p1b: Iron Hands\n|-damage|p1a: Landorus|72\/100\n|-damage|p1b: Iron Hands|25\/100\n|move|p1a: Landorus|U-turn|p2b: Arcanine\n|-resisted|p2b: Arcanine\n|-damage|p2b: Arcanine|87\/100\n|\n|t:|1700724757\n|switch|p1a: Flutter Mane|Flutter Mane, L50|100\/100|[from] U-turn\n|cant|p1b: Iron Hands|flinch\n|\n|-weather|RainDance|[upkeep]\n|upkeep\n|turn|5\n|\n|t:|1700724777\n|-end|p1b: Iron Hands|Quark Drive|[silent]\n|switch|p1b: Landorus|Landorus-Therian, L50, M|72\/100\n|-ability|p1b: Landorus|Intimidate|boost\n|-unboost|p2a: Tornadus|atk|1\n|-unboost|p2b: Arcanine|atk|1\n|move|p2b: Arcanine|Rock Slide|p1a: Flutter Mane|[spread] p1a,p1b\n|-crit|p1b: Landorus\n|-damage|p1a: Flutter Mane|67\/100\n|-damage|p1b: Landorus|5\/100\n|move|p2a: Tornadus|Bleakwind Storm|p1a: Flutter Mane|[spread] p1a,p1b\n|-damage|p1a: Flutter Mane|35\/100\n|-damage|p1b: Landorus|0 fnt\n|faint|p1b: Landorus\n|cant|p1a: Flutter Mane|flinch\n|\n|-weather|RainDance|[upkeep]\n|upkeep\n|j| croix-mer\n|-message|ToastNoButter forfeited.\n|\n|win|averagerandbats\n|n|\u2606ToastNoButter|toastnobutter\n|n|\u2606averagerandbats|averagerandbats\n|n| Choruto|choruto\n|n| croix-mer|croixmer\n|l| croix-mer\n|c|\u2606averagerandbats|gg\n|c|\u2606averagerandbats|luck\n|c|\u2606ToastNoButter|gg\n|l| Choruto\n","uploadtime":1700724883,"views":10,"p1id":"toastnobutter","p2id":"averagerandbats","formatid":"gen9vgc2023regulatione","rating":0,"private":0,"password":""}