{"id":"gen9vgc2023regulatione-1989171316","p1":"Sir Aaron15","p2":"me3p109","format":"[Gen 9] VGC 2023 Regulation E","log":"|j|\u2606Sir Aaron15\n|j|\u2606me3p109\n|t:|1699819749\n|gametype|doubles\n|player|p1|Sir Aaron15|ethan-masters|1080\n|player|p2|me3p109|170|1138\n|teamsize|p1|6\n|teamsize|p2|6\n|gen|9\n|tier|[Gen 9] VGC 2023 Regulation E\n|rated|\n|rule|Species Clause: Limit one of each Pok\u00e9mon\n|rule|Item Clause: Limit one of each item\n|clearpoke\n|poke|p1|Landorus, L50, M|\n|poke|p1|Tornadus, L50, M|\n|poke|p1|Ogerpon-Hearthflame, L50, F|\n|poke|p1|Iron Hands, L50|\n|poke|p1|Urshifu-*, L50, F|\n|poke|p1|Rillaboom, L50, F|\n|poke|p2|Amoonguss, L50, M|\n|poke|p2|Flutter Mane, L50|\n|poke|p2|Torkoal, L50, M|\n|poke|p2|Ogerpon-Wellspring, L50, F|\n|poke|p2|Gholdengo, L50|\n|poke|p2|Iron Hands, L50|\n|teampreview|4\n|\n|t:|1699819776\n|start\n|switch|p1a: Shamone-Strike|Urshifu-Rapid-Strike, L50, F|100\/100\n|switch|p1b: Blowin In The Wind|Tornadus, L50, M, shiny|100\/100\n|switch|p2a: Torkol|Flutter Mane, L50|100\/100\n|switch|p2b: FlutterMane|Torkoal, L50, M|100\/100\n|-weather|SunnyDay|[from] ability: Drought|[of] p2b: FlutterMane\n|-activate|p2a: Torkol|ability: Protosynthesis\n|-start|p2a: Torkol|protosynthesisspe\n|turn|1\n|\n|t:|1699819796\n|-terastallize|p1a: Shamone-Strike|Water\n|move|p2b: FlutterMane|Helping Hand|p2a: Torkol\n|-singleturn|p2a: Torkol|Helping Hand|[of] p2b: FlutterMane\n|move|p1b: Blowin In The Wind|Rain Dance|p1b: Blowin In The Wind\n|-weather|RainDance\n|-end|p2a: Torkol|Protosynthesis\n|move|p1a: Shamone-Strike|Surging Strikes|p2a: Torkol\n|-crit|p2a: Torkol\n|-damage|p2a: Torkol|0 fnt\n|faint|p2a: Torkol\n|-end|p2a: Torkol|Protosynthesis|[silent]\n|-hitcount|p2: Torkol|1\n|\n|-weather|RainDance|[upkeep]\n|upkeep\n|\n|t:|1699819808\n|switch|p2a: Ogerpon-Teal|Ogerpon-Wellspring, L50, F|100\/100\n|turn|2\n|\n|t:|1699819816\n|switch|p2b: Cheesestick|Gholdengo, L50|100\/100\n|move|p1b: Blowin In The Wind|Tailwind|p1b: Blowin In The Wind\n|-sidestart|p1: Sir Aaron15|move: Tailwind\n|move|p1a: Shamone-Strike|Surging Strikes|p2b: Cheesestick\n|-crit|p2b: Cheesestick\n|-damage|p2b: Cheesestick|52\/100\n|-crit|p2b: Cheesestick\n|-damage|p2b: Cheesestick|0 fnt\n|faint|p2b: Cheesestick\n|-hitcount|p2: Cheesestick|2\n|move|p2a: Ogerpon-Teal|Horn Leech|p1a: Shamone-Strike\n|-supereffective|p1a: Shamone-Strike\n|-damage|p1a: Shamone-Strike|11\/100\n|\n|-weather|RainDance|[upkeep]\n|upkeep\n|\n|t:|1699819829\n|switch|p2b: FlutterMane|Torkoal, L50, M|100\/100\n|-weather|SunnyDay|[from] ability: Drought|[of] p2b: FlutterMane\n|turn|3\n|\n|t:|1699819851\n|move|p1a: Shamone-Strike|Surging Strikes|p2b: FlutterMane\n|-supereffective|p2b: FlutterMane\n|-crit|p2b: FlutterMane\n|-damage|p2b: FlutterMane|80\/100\n|-supereffective|p2b: FlutterMane\n|-crit|p2b: FlutterMane\n|-damage|p2b: FlutterMane|57\/100\n|-supereffective|p2b: FlutterMane\n|-crit|p2b: FlutterMane\n|-damage|p2b: FlutterMane|39\/100\n|-hitcount|p2b: FlutterMane|3\n|move|p1b: Blowin In The Wind|Bleakwind Storm|p2a: Ogerpon-Teal|[spread] p2a,p2b\n|-supereffective|p2a: Ogerpon-Teal\n|-damage|p2a: Ogerpon-Teal|27\/100\n|-damage|p2b: FlutterMane|0 fnt\n|faint|p2b: FlutterMane\n|move|p2a: Ogerpon-Teal|Horn Leech|p1a: Shamone-Strike\n|-supereffective|p1a: Shamone-Strike\n|-damage|p1a: Shamone-Strike|0 fnt\n|-heal|p2a: Ogerpon-Teal|33\/100|[from] drain|[of] p1a: Shamone-Strike\n|faint|p1a: Shamone-Strike\n|\n|-weather|SunnyDay|[upkeep]\n|upkeep\n|\n|t:|1699819870\n|switch|p1a: Landizzle|Landorus, L50, M|100\/100\n|turn|4\n|\n|t:|1699819880\n|-terastallize|p2a: Ogerpon-Teal|Water\n|detailschange|p2a: Ogerpon-Teal|Ogerpon-Wellspring-Tera, L50, F, tera:Water\n|-ability|p2a: Ogerpon-Teal|Embody Aspect (Wellspring)|boost\n|-boost|p2a: Ogerpon-Teal|spd|1\n|move|p1a: Landizzle|Protect|p1a: Landizzle\n|-singleturn|p1a: Landizzle|Protect\n|move|p1b: Blowin In The Wind|Bleakwind Storm|p2a: Ogerpon-Teal|[miss]\n|-miss|p1b: Blowin In The Wind|p2a: Ogerpon-Teal\n|move|p2a: Ogerpon-Teal|Ivy Cudgel|p1a: Landizzle\n|-activate|p1a: Landizzle|move: Protect\n|\n|-weather|SunnyDay|[upkeep]\n|upkeep\n|turn|5\n|\n|t:|1699819902\n|move|p1b: Blowin In The Wind|Rain Dance|p1b: Blowin In The Wind\n|-weather|RainDance\n|move|p1a: Landizzle|Sandsear Storm|p2a: Ogerpon-Teal\n|-damage|p2a: Ogerpon-Teal|0 fnt\n|faint|p2a: Ogerpon-Teal\n|\n|win|Sir Aaron15\n|raw|Sir Aaron15's rating: 1080 &rarr; <strong>1113<\/strong><br \/>(+33 for winning)\n|raw|me3p109's rating: 1138 &rarr; <strong>1109<\/strong><br \/>(-29 for losing)\n|l|\u2606me3p109\n","uploadtime":1699819930,"views":7,"p1id":"siraaron15","p2id":"me3p109","formatid":"gen9vgc2023regulatione","rating":1109,"private":0,"password":""}