{"id":"gen9vgc2023regulatione-2000471532","p1":"Pumitaa","p2":"Nehehkhara666","format":"[Gen 9] VGC 2023 Regulation E","log":"|j|\u2606Pumitaa\n|j|\u2606Nehehkhara666\n|n|\u2606Pumitaa|pumitaa\n|n|\u2606Nehehkhara666|nehehkhara666\n|html|View the match progress at <a href=\"\/game-bestof3-gen9vgc2023regulatione-2000471531\">game-bestof3-gen9vgc2023regulatione-2000471531<\/a>\n|t:|1701197600\n|gametype|doubles\n|player|p1|Pumitaa|backpacker|\n|player|p2|Nehehkhara666|koga|\n|teamsize|p1|6\n|teamsize|p2|6\n|gen|9\n|tier|[Gen 9] VGC 2023 Regulation E\n|rule|Species Clause: Limit one of each Pok\u00e9mon\n|rule|Item Clause: Limit one of each item\n|clearpoke\n|poke|p1|Lilligant-Hisui, L50, F|\n|poke|p1|Torkoal, L50, M|\n|poke|p1|Indeedee-F, L50, F|\n|poke|p1|Armarouge, L50, M|\n|poke|p1|Iron Hands, L50|\n|poke|p1|Dragonite, L50, F|\n|poke|p2|Crabominable, L50, F|\n|poke|p2|Ninetales-Alola, L50, F|\n|poke|p2|Indeedee-F, L50, F|\n|poke|p2|Cetitan, L50, F|\n|poke|p2|Sinistcha-Masterpiece, L50|\n|poke|p2|Beartic, L50, F|\n|teampreview|4\nPumitaa has agreed to open team sheets.\n|c|\u2606Nehehkhara666|gl hf\nNehehkhara666 has agreed to open team sheets.\n|showteam|p1|Lilligant-Hisui||FocusSash|Chlorophyll|CloseCombat,SolarBlade,AfterYou,SleepPowder|||F|||50|,,,,,Fighting]Torkoal||ChoiceSpecs|Drought|Eruption,HeatWave,SolarBeam,EarthPower|||M|||50|,,,,,Fire]Indeedee-F||RockyHelmet|PsychicSurge|DazzlingGleam,FollowMe,HelpingHand,TrickRoom|||F|||50|,,,,,Water]Armarouge||LifeOrb|FlashFire|ExpandingForce,HeatWave,AuraSphere,TrickRoom|||M|||50|,,,,,Grass]Iron Hands||AssaultVest|QuarkDrive|DrainPunch,FakeOut,WildCharge,HeavySlam||||||50|,,,,,Fighting]Dragonite||ChoiceBand|InnerFocus|ExtremeSpeed,Outrage,StompingTantrum,AerialAce|||F|||50|,,,,,Normal\n|showteam|p2|Crabominable||CovertCloak|AngerPoint|IceHammer,DrainPunch,Protect,Crabhammer|||F|||50|,,,,,Water]Ninetales-Alola||LightClay|SnowWarning|AuroraVeil,DazzlingGleam,Protect,Blizzard|||F|||50|,,,,,Fairy]Indeedee-F||EjectButton|PsychicSurge|FollowMe,HelpingHand,Psychic,Protect|||F|||50|,,,,,Steel]Cetitan||SitrusBerry|ThickFat|IceSpinner,BellyDrum,IceShard,HighHorsepower|||F|||50|,,,,,Fighting]Sinistcha-Masterpiece||Leftovers|Hospitality|TrickRoom,MatchaGotcha,RagePowder,StrengthSap||||||50|,,,,,Fire]Beartic||FocusSash|SlushRush|CloseCombat,FrostBreath,Protect,IcicleCrash|||F|||50|,,,,,Dragon\n|c|\u2606Pumitaa|gl hf\n|\n|t:|1701197668\n|start\n|switch|p1a: TortugaNinja|Torkoal, L50, M|100\/100\n|switch|p1b: La Waifu|Lilligant-Hisui, L50, F, shiny|100\/100\n|switch|p2a: Cetitan|Cetitan, L50, F|100\/100\n|switch|p2b: Beartic|Beartic, L50, F|100\/100\n|-weather|SunnyDay|[from] ability: Drought|[of] p1a: TortugaNinja\n|turn|1\n|\n|t:|1701197687\n|switch|p2a: Ninetales|Ninetales-Alola, L50, F|100\/100\n|-weather|Snow|[from] ability: Snow Warning|[of] p2a: Ninetales\n|-terastallize|p1a: TortugaNinja|Fire\n|move|p2b: Beartic|Close Combat|p1a: TortugaNinja\n|-damage|p1a: TortugaNinja|68\/100\n|-unboost|p2b: Beartic|def|1\n|-unboost|p2b: Beartic|spd|1\n|move|p1b: La Waifu|After You|p1a: TortugaNinja\n|-activate|p1a: TortugaNinja|move: After You\n|move|p1a: TortugaNinja|Eruption|p2a: Ninetales|[spread] p2a,p2b\n|-supereffective|p2a: Ninetales\n|-supereffective|p2b: Beartic\n|-damage|p2a: Ninetales|0 fnt\n|-enditem|p2b: Beartic|Focus Sash\n|-damage|p2b: Beartic|1\/100\n|faint|p2a: Ninetales\n|\n|-weather|Snow|[upkeep]\n|upkeep\n|\n|t:|1701197706\n|switch|p2a: Crabominable|Crabominable, L50, F|100\/100\n|turn|2\n|\n|t:|1701197721\n|-terastallize|p2a: Crabominable|Water\n|move|p2b: Beartic|Frost Breath|p2a: Crabominable\n|-resisted|p2a: Crabominable\n|-crit|p2a: Crabominable\n|-damage|p2a: Crabominable|90\/100\n|-setboost|p2a: Crabominable|atk|6|[from] ability: Anger Point\n|move|p1b: La Waifu|Close Combat|p2a: Crabominable\n|-damage|p2a: Crabominable|32\/100\n|-unboost|p1b: La Waifu|def|1\n|-unboost|p1b: La Waifu|spd|1\n|move|p2a: Crabominable|Drain Punch|p1a: TortugaNinja\n|-damage|p1a: TortugaNinja|0 fnt\n|-heal|p2a: Crabominable|62\/100|[from] drain|[of] p1a: TortugaNinja\n|faint|p1a: TortugaNinja\n|\n|-weather|Snow|[upkeep]\n|upkeep\n|\n|t:|1701197736\n|switch|p1a: El Papudo|Armarouge, L50, M, shiny|100\/100\n|turn|3\n|\n|t:|1701197757\n|move|p2a: Crabominable|Protect|p2a: Crabominable\n|-singleturn|p2a: Crabominable|Protect\n|move|p2b: Beartic|Icicle Crash|p1b: La Waifu\n|-supereffective|p1b: La Waifu\n|-enditem|p1b: La Waifu|Focus Sash\n|-damage|p1b: La Waifu|1\/100\n|move|p1b: La Waifu|Close Combat|p2a: Crabominable\n|-activate|p2a: Crabominable|move: Protect\n|move|p1a: El Papudo|Heat Wave|p2b: Beartic|[spread] p2b\n|-activate|p2a: Crabominable|move: Protect\n|-supereffective|p2b: Beartic\n|-damage|p2b: Beartic|0 fnt\n|faint|p2b: Beartic\n|-damage|p1a: El Papudo|91\/100|[from] item: Life Orb\n|\n|-weather|Snow|[upkeep]\n|upkeep\n|\n|t:|1701197772\n|switch|p2b: Cetitan|Cetitan, L50, F|100\/100\n|turn|4\n|\n|t:|1701197785\n|move|p2b: Cetitan|Ice Shard|p1b: La Waifu\n|-supereffective|p1b: La Waifu\n|-damage|p1b: La Waifu|0 fnt\n|faint|p1b: La Waifu\n|move|p1a: El Papudo|Heat Wave|p2b: Cetitan|[spread] p2a,p2b\n|-resisted|p2a: Crabominable\n|-supereffective|p2b: Cetitan\n|-damage|p2a: Crabominable|37\/100\n|-damage|p2b: Cetitan|52\/100\n|-damage|p1a: El Papudo|81\/100|[from] item: Life Orb\n|move|p2a: Crabominable|Crabhammer|p1a: El Papudo\n|-supereffective|p1a: El Papudo\n|-damage|p1a: El Papudo|0 fnt\n|faint|p1a: El Papudo\n|\n|-weather|Snow|[upkeep]\n|upkeep\n|\n|t:|1701197798\n|switch|p1a: Parrigas|Iron Hands, L50|100\/100\n|turn|5\n|\n|t:|1701197813\n|move|p2b: Cetitan|High Horsepower|p1a: Parrigas\n|-supereffective|p1a: Parrigas\n|-damage|p1a: Parrigas|64\/100\n|move|p1a: Parrigas|Drain Punch|p2b: Cetitan\n|-supereffective|p2b: Cetitan\n|-damage|p2b: Cetitan|6\/100\n|-heal|p1a: Parrigas|89\/100|[from] drain|[of] p2b: Cetitan\n|-enditem|p2b: Cetitan|Sitrus Berry|[eat]\n|-heal|p2b: Cetitan|31\/100|[from] item: Sitrus Berry\n|move|p2a: Crabominable|Drain Punch|p1a: Parrigas\n|-damage|p1a: Parrigas|0 fnt\n|-heal|p2a: Crabominable|91\/100|[from] drain|[of] p1a: Parrigas\n|faint|p1a: Parrigas\n|-end|p1a: Parrigas|Quark Drive|[silent]\n|\n|win|Nehehkhara666\n|c|\u2606Nehehkhara666|gg\n|inactive|Pumitaa has 50 seconds to confirm battle start!\n|inactive|Nehehkhara666 has 50 seconds to confirm battle start!\n|c|&|\/uhtml prompt-nehehkhara666,Nehehkhara666 is ready for game 2!\n|c|&|\/uhtml prompt-pumitaa,Pumitaa is ready for game 2!\nBoth players are ready! Starting next match!\n|l|\u2606Nehehkhara666\n","uploadtime":1701198314,"views":0,"p1id":"pumitaa","p2id":"nehehkhara666","formatid":"gen9vgc2023regulatione","rating":0,"private":0,"password":""}