{"id":"gen9vgc2023regulatione-1996340343","p1":"hkjjk","p2":"PokeLucho","format":"[Gen 9] VGC 2023 Regulation E","log":"|j|\u2606hkjjk\n|j|\u2606PokeLucho\n|t:|1700672759\n|gametype|doubles\n|player|p1|hkjjk|2|1501\n|player|p2|PokeLucho|gentleman-gen4dp|1413\n|teamsize|p1|6\n|teamsize|p2|6\n|gen|9\n|tier|[Gen 9] VGC 2023 Regulation E\n|rated|\n|rule|Species Clause: Limit one of each Pok\u00e9mon\n|rule|Item Clause: Limit one of each item\n|clearpoke\n|poke|p1|Arcanine-Hisui, L50, F|\n|poke|p1|Urshifu-*, L50, F|\n|poke|p1|Rillaboom, L50, F|\n|poke|p1|Iron Hands, L50|\n|poke|p1|Tornadus, L50, M|\n|poke|p1|Flutter Mane, L50|\n|poke|p2|Ogerpon-Hearthflame, L50, F|\n|poke|p2|Tornadus, L50, M|\n|poke|p2|Flutter Mane, L50|\n|poke|p2|Chien-Pao, L50|\n|poke|p2|Dragonite, L50, F|\n|poke|p2|Rillaboom, L50, M|\n|teampreview|4\n|inactive|Battle timer is ON: inactive players will automatically lose when time's up. (requested by hkjjk)\n|\n|t:|1700672796\n|start\n|switch|p1a: Flutter Mane|Flutter Mane, L50|100\/100\n|switch|p1b: Arcanine|Arcanine-Hisui, L50, F|100\/100\n|switch|p2a: Dragonite|Dragonite, L50, F|100\/100\n|switch|p2b: Rillaboom|Rillaboom, L50, M|100\/100\n|-fieldstart|move: Grassy Terrain|[from] ability: Grassy Surge|[of] p2b: Rillaboom\n|-ability|p1b: Arcanine|Intimidate|boost\n|-fail|p2a: Dragonite|unboost|Attack|[from] ability: Inner Focus|[of] p2a: Dragonite\n|-unboost|p2b: Rillaboom|atk|1\n|turn|1\n|inactive|hkjjk has 30 seconds left.\n|inactive|PokeLucho has 30 seconds left.\n|\n|t:|1700672827\n|switch|p1b: Iron Hands|Iron Hands, L50|100\/100\n|-terastallize|p2a: Dragonite|Normal\n|move|p2b: Rillaboom|Fake Out|p1b: Iron Hands\n|-damage|p1b: Iron Hands|94\/100\n|move|p1a: Flutter Mane|Dazzling Gleam|p2a: Dragonite|[spread] p2a,p2b\n|-damage|p2a: Dragonite|62\/100\n|-damage|p2b: Rillaboom|69\/100\n|move|p2a: Dragonite|Stomping Tantrum|p1b: Iron Hands\n|-supereffective|p1b: Iron Hands\n|-damage|p1b: Iron Hands|32\/100\n|\n|-heal|p2b: Rillaboom|74\/100|[from] Grassy Terrain\n|-heal|p2a: Dragonite|68\/100|[from] Grassy Terrain\n|-heal|p1b: Iron Hands|39\/100|[from] Grassy Terrain\n|upkeep\n|turn|2\n|inactive|hkjjk has 30 seconds left.\n|inactive|PokeLucho has 30 seconds left.\n|inactive|hkjjk has 20 seconds left.\n|inactive|PokeLucho has 20 seconds left.\n|inactive|hkjjk has 15 seconds left.\n|\n|t:|1700672868\n|switch|p2b: Tornadus|Tornadus, L50, M|100\/100\n|-end|p1b: Iron Hands|Quark Drive|[silent]\n|switch|p1b: Urshifu|Urshifu-Rapid-Strike, L50, F|100\/100\n|move|p1a: Flutter Mane|Dazzling Gleam|p2b: Tornadus|[spread] p2a,p2b\n|-damage|p2a: Dragonite|28\/100\n|-damage|p2b: Tornadus|53\/100\n|move|p2a: Dragonite|Stomping Tantrum|p1b: Urshifu\n|-damage|p1b: Urshifu|60\/100\n|\n|-heal|p1b: Urshifu|66\/100|[from] Grassy Terrain\n|-heal|p2a: Dragonite|34\/100|[from] Grassy Terrain\n|upkeep\n|turn|3\n|inactive|PokeLucho has 30 seconds left.\n|\n|t:|1700672899\n|switch|p2a: Rillaboom|Rillaboom, L50, M|74\/100\n|-terastallize|p1b: Urshifu|Water\n|move|p1b: Urshifu|Surging Strikes|p2a: Rillaboom\n|-resisted|p2a: Rillaboom\n|-crit|p2a: Rillaboom\n|-damage|p2a: Rillaboom|60\/100\n|-resisted|p2a: Rillaboom\n|-crit|p2a: Rillaboom\n|-damage|p2a: Rillaboom|48\/100\n|-resisted|p2a: Rillaboom\n|-crit|p2a: Rillaboom\n|-damage|p2a: Rillaboom|34\/100\n|-hitcount|p2a: Rillaboom|3\n|move|p1a: Flutter Mane|Dazzling Gleam|p2a: Rillaboom|[spread] p2a,p2b\n|-damage|p2a: Rillaboom|6\/100\n|-damage|p2b: Tornadus|5\/100\n|move|p2b: Tornadus|Bleakwind Storm|p1b: Urshifu|[spread] p1a\n|-miss|p2b: Tornadus|p1b: Urshifu\n|-damage|p1a: Flutter Mane|71\/100\n|-unboost|p1a: Flutter Mane|spe|1\n|\n|-heal|p1b: Urshifu|72\/100|[from] Grassy Terrain\n|-heal|p2a: Rillaboom|12\/100|[from] Grassy Terrain\n|-heal|p1a: Flutter Mane|77\/100|[from] Grassy Terrain\n|upkeep\n|turn|4\n|inactive|hkjjk has 30 seconds left.\n|inactive|PokeLucho has 30 seconds left.\n|inactive|PokeLucho has 20 seconds left.\n|inactive|PokeLucho has 15 seconds left.\n|\n|t:|1700672939\n|move|p2b: Tornadus|Tailwind|p2b: Tornadus\n|-sidestart|p2: PokeLucho|move: Tailwind\n|move|p2a: Rillaboom|Grassy Glide|p1a: Flutter Mane\n|-damage|p1a: Flutter Mane|30\/100\n|move|p1b: Urshifu|Surging Strikes|p2a: Rillaboom\n|-resisted|p2a: Rillaboom\n|-crit|p2a: Rillaboom\n|-damage|p2a: Rillaboom|0 fnt\n|faint|p2a: Rillaboom\n|-hitcount|p2: Rillaboom|1\n|move|p1a: Flutter Mane|Dazzling Gleam|p2b: Tornadus\n|-damage|p2b: Tornadus|0 fnt\n|faint|p2b: Tornadus\n|\n|-heal|p1b: Urshifu|78\/100|[from] Grassy Terrain\n|-heal|p1a: Flutter Mane|36\/100|[from] Grassy Terrain\n|upkeep\n|\n|t:|1700672958\n|switch|p2b: Dragonite|Dragonite, L50, F, tera:Normal|34\/100\n|switch|p2a: Ogerpon|Ogerpon-Hearthflame, L50, F|100\/100\n|-ability|p2a: Ogerpon|Mold Breaker\n|turn|5\n|inactive|hkjjk has 30 seconds left.\n|\n|t:|1700672988\n|switch|p1b: Arcanine|Arcanine-Hisui, L50, F|100\/100\n|-ability|p1b: Arcanine|Intimidate|boost\n|-unboost|p2a: Ogerpon|atk|1\n|-fail|p2b: Dragonite|unboost|Attack|[from] ability: Inner Focus|[of] p2b: Dragonite\n|move|p2a: Ogerpon|Grassy Glide|p1b: Arcanine\n|-damage|p1b: Arcanine|65\/100\n|move|p2b: Dragonite|Stomping Tantrum|p1a: Flutter Mane\n|-damage|p1a: Flutter Mane|0 fnt\n|faint|p1a: Flutter Mane\n|-end|p1a: Flutter Mane|Protosynthesis|[silent]\n|\n|-heal|p2b: Dragonite|40\/100|[from] Grassy Terrain\n|-heal|p1b: Arcanine|71\/100|[from] Grassy Terrain\n|-fieldend|move: Grassy Terrain\n|upkeep\n|\n|t:|1700673005\n|switch|p1a: Iron Hands|Iron Hands, L50|39\/100\n|turn|6\n|\n|t:|1700673015\n|move|p2a: Ogerpon|Spiky Shield|p2a: Ogerpon\n|-singleturn|p2a: Ogerpon|move: Protect\n|move|p1a: Iron Hands|Fake Out|p2b: Dragonite\n|-damage|p2b: Dragonite|23\/100\n|move|p1b: Arcanine|Extreme Speed|p2b: Dragonite\n|-crit|p2b: Dragonite\n|-damage|p2b: Dragonite|0 fnt\n|faint|p2b: Dragonite\n|\n|upkeep\n|turn|7\n|\n|t:|1700673028\n|move|p1b: Arcanine|Extreme Speed|p2a: Ogerpon\n|-damage|p2a: Ogerpon|44\/100\n|move|p2a: Ogerpon|Ivy Cudgel|p1a: Iron Hands|[anim] Ivy Cudgel Fire\n|-damage|p1a: Iron Hands|11\/100\n|move|p1a: Iron Hands|Drain Punch|p2a: Ogerpon\n|-damage|p2a: Ogerpon|0 fnt\n|-heal|p1a: Iron Hands|25\/100|[from] drain|[of] p2a: Ogerpon\n|faint|p2a: Ogerpon\n|\n|win|hkjjk\n|raw|hkjjk's rating: 1501 &rarr; <strong>1516<\/strong><br \/>(+15 for winning)\n|raw|PokeLucho's rating: 1413 &rarr; <strong>1398<\/strong><br \/>(-15 for losing)\n","uploadtime":1700673052,"views":0,"p1id":"hkjjk","p2id":"pokelucho","formatid":"gen9vgc2023regulatione","rating":1398,"private":0,"password":""}