{"id":"gen9vgc2023regulatione-1994439598","p1":"Samax2599","p2":"Stryke Out","format":"[Gen 9] VGC 2023 Regulation E","log":"|j|\u2606Samax2599\n|j|\u2606Stryke Out\n|n|\u2606Samax2599|samax2599\n|n|\u2606Stryke Out|strykeout\n|html|View the match progress at <a href=\"\/game-bestof3-gen9vgc2023regulatione-1994435271\">game-bestof3-gen9vgc2023regulatione-1994435271<\/a>\n|t:|1700444109\n|gametype|doubles\n|player|p1|Samax2599|170|\n|player|p2|Stryke Out|cynthia-gen4|\n|teamsize|p1|6\n|teamsize|p2|6\n|gen|9\n|tier|[Gen 9] VGC 2023 Regulation E\n|rule|Species Clause: Limit one of each Pok\u00e9mon\n|rule|Item Clause: Limit one of each item\n|clearpoke\n|poke|p1|Heatran, L50, M|\n|poke|p1|Iron Bundle, L50|\n|poke|p1|Sylveon, L50, F|\n|poke|p1|Bruxish, L50, M|\n|poke|p1|Trevenant, L50, M|\n|poke|p1|Qwilfish-Hisui, L50, F|\n|poke|p2|Baxcalibur, L50, M|\n|poke|p2|Gholdengo, L50|\n|poke|p2|Abomasnow, L50, M|\n|poke|p2|Murkrow, L50, F|\n|poke|p2|Barraskewda, L50, F|\n|poke|p2|Mesprit, L50|\n|teampreview|4\nSamax2599 rejected open team sheets.\n|j| jakersmc\n|c|\u2606Samax2599|g2\n|c|\u2606Samax2599|glhf!\n|c|\u2606Stryke Out|u2!\n|j| smsy\n|\n|t:|1700444274\n|start\n|switch|p1a: All I Want|Iron Bundle, L50|100\/100\n|switch|p1b: UnderTheSea|Bruxish, L50, M|100\/100\n|switch|p2a: Golden Joe|Gholdengo, L50|100\/100\n|switch|p2b: DapR the Rapper|Murkrow, L50, F, shiny|100\/100\n|-enditem|p1a: All I Want|Booster Energy\n|-activate|p1a: All I Want|ability: Quark Drive|[fromitem]\n|-start|p1a: All I Want|quarkdrivespe\n|turn|1\n|\n|t:|1700444320\n|move|p1a: All I Want|Icy Wind|p2b: DapR the Rapper|[spread] p2a,p2b\n|-resisted|p2a: Golden Joe\n|-supereffective|p2b: DapR the Rapper\n|-damage|p2a: Golden Joe|95\/100\n|-damage|p2b: DapR the Rapper|64\/100\n|-unboost|p2a: Golden Joe|spe|1\n|-unboost|p2b: DapR the Rapper|spe|1\n|move|p1b: UnderTheSea|Icy Wind|p2b: DapR the Rapper|[spread] p2a,p2b\n|-resisted|p2a: Golden Joe\n|-supereffective|p2b: DapR the Rapper\n|-damage|p2a: Golden Joe|94\/100\n|-damage|p2b: DapR the Rapper|50\/100\n|-unboost|p2a: Golden Joe|spe|1\n|-unboost|p2b: DapR the Rapper|spe|1\n|move|p2b: DapR the Rapper|Foul Play|p1b: UnderTheSea\n|-supereffective|p1b: UnderTheSea\n|-enditem|p1b: UnderTheSea|Focus Sash\n|-damage|p1b: UnderTheSea|1\/100\n|move|p2a: Golden Joe|Shadow Ball|p1b: UnderTheSea\n|-supereffective|p1b: UnderTheSea\n|-damage|p1b: UnderTheSea|0 fnt\n|faint|p1b: UnderTheSea\n|\n|upkeep\n|\n|t:|1700444343\n|switch|p1b: Gwogobo|Heatran, L50, M|100\/100\n|turn|2\n|j| BBRAFF\n|\n|t:|1700444424\n|switch|p2a: Had a Stroke|Baxcalibur, L50, M|100\/100\n|move|p1b: Gwogobo|Protect|p1b: Gwogobo\n|-singleturn|p1b: Gwogobo|Protect\n|move|p2b: DapR the Rapper|Tailwind|p2b: DapR the Rapper\n|-sidestart|p2: Stryke Out|move: Tailwind\n|move|p1a: All I Want|Icy Wind|p2b: DapR the Rapper|[spread] p2a,p2b\n|-supereffective|p2b: DapR the Rapper\n|-damage|p2a: Had a Stroke|85\/100\n|-damage|p2b: DapR the Rapper|15\/100\n|-unboost|p2b: DapR the Rapper|spe|1\n|\n|upkeep\n|turn|3\n|\n|t:|1700444477\n|switch|p2b: Golden Joe|Gholdengo, L50|94\/100\n|-terastallize|p1b: Gwogobo|Grass\n|move|p1a: All I Want|Icy Wind|p2b: Golden Joe|[spread] p2a,p2b\n|-crit|p2a: Had a Stroke\n|-resisted|p2b: Golden Joe\n|-damage|p2a: Had a Stroke|64\/100\n|-damage|p2b: Golden Joe|88\/100\n|-unboost|p2b: Golden Joe|spe|1\n|move|p2a: Had a Stroke|Dragon Dance|p2a: Had a Stroke\n|-boost|p2a: Had a Stroke|atk|1\n|-boost|p2a: Had a Stroke|spe|1\n|move|p1b: Gwogobo|Flash Cannon|p2a: Had a Stroke\n|-supereffective|p2a: Had a Stroke\n|-damage|p2a: Had a Stroke|0 fnt\n|faint|p2a: Had a Stroke\n|\n|upkeep\n|c|\u2606Stryke Out|i'm so bad at this game lmao\n|\n|t:|1700444501\n|switch|p2a: #Prez|Abomasnow, L50, M, shiny|100\/100\n|-weather|Snow|[from] ability: Snow Warning|[of] p2a: #Prez\n|turn|4\n|\n|t:|1700444568\n|switch|p1b: Cotton Candy|Sylveon, L50, F, shiny|100\/100\n|-terastallize|p2a: #Prez|Fire\n|move|p1a: All I Want|Icy Wind|p2a: #Prez|[spread] p2a,p2b\n|-resisted|p2a: #Prez\n|-resisted|p2b: Golden Joe\n|-damage|p2a: #Prez|94\/100\n|-damage|p2b: Golden Joe|83\/100\n|-unboost|p2a: #Prez|spe|1\n|-unboost|p2b: Golden Joe|spe|1\n|move|p2a: #Prez|Blizzard|p1b: Cotton Candy|[spread] p1a,p1b\n|-resisted|p1a: All I Want\n|-crit|p1b: Cotton Candy\n|-damage|p1a: All I Want|93\/100\n|-damage|p1b: Cotton Candy|66\/100\n|move|p2b: Golden Joe|Thunderbolt|p1a: All I Want\n|-supereffective|p1a: All I Want\n|-crit|p1a: All I Want\n|-damage|p1a: All I Want|0 fnt\n|faint|p1a: All I Want\n|-end|p1a: All I Want|Quark Drive|[silent]\n|\n|-weather|Snow|[upkeep]\n|upkeep\n|\n|t:|1700444585\n|switch|p1a: Gwogobo|Heatran, L50, M, tera:Grass|100\/100\n|turn|5\n|\n|t:|1700444591\n|move|p1b: Cotton Candy|Detect|p1b: Cotton Candy\n|-singleturn|p1b: Cotton Candy|Protect\n|move|p2a: #Prez|Blizzard|p1a: Gwogobo|[spread] p1a\n|-activate|p1b: Cotton Candy|move: Protect\n|-supereffective|p1a: Gwogobo\n|-damage|p1a: Gwogobo|53\/100\n|move|p2b: Golden Joe|Make It Rain|p1b: Cotton Candy|[spread] p1a\n|-activate|p1b: Cotton Candy|move: Protect\n|-damage|p1a: Gwogobo|13\/100\n|-unboost|p2b: Golden Joe|spa|1\n|-enditem|p1a: Gwogobo|Aguav Berry|[eat]\n|-heal|p1a: Gwogobo|46\/100|[from] item: Aguav Berry\n|move|p1a: Gwogobo|Flamethrower|p2b: Golden Joe\n|-supereffective|p2b: Golden Joe\n|-damage|p2b: Golden Joe|16\/100\n|\n|-weather|Snow|[upkeep]\n|-sideend|p2: Stryke Out|move: Tailwind\n|upkeep\n|turn|6\n|\n|t:|1700444645\n|move|p1a: Gwogobo|Flamethrower|p2b: Golden Joe\n|-supereffective|p2b: Golden Joe\n|-damage|p2b: Golden Joe|0 fnt\n|faint|p2b: Golden Joe\n|move|p1b: Cotton Candy|Hyper Voice|p2a: #Prez\n|-resisted|p2a: #Prez\n|-damage|p2a: #Prez|65\/100\n|-damage|p1b: Cotton Candy|57\/100|[from] item: Life Orb\n|move|p2a: #Prez|Blizzard|p1b: Cotton Candy|[spread] p1a,p1b\n|-supereffective|p1a: Gwogobo\n|-damage|p1a: Gwogobo|0 fnt\n|-damage|p1b: Cotton Candy|32\/100\n|faint|p1a: Gwogobo\n|\n|-weather|Snow|[upkeep]\n|upkeep\n|\n|t:|1700444651\n|switch|p2b: DapR the Rapper|Murkrow, L50, F, shiny|15\/100\n|turn|7\n|\n|t:|1700444665\n|move|p2b: DapR the Rapper|Foul Play|p1b: Cotton Candy\n|-resisted|p1b: Cotton Candy\n|-damage|p1b: Cotton Candy|21\/100\n|move|p1b: Cotton Candy|Hyper Voice|p2a: #Prez|[spread] p2a,p2b\n|-resisted|p2a: #Prez\n|-supereffective|p2b: DapR the Rapper\n|-damage|p2a: #Prez|45\/100\n|-damage|p2b: DapR the Rapper|0 fnt\n|faint|p2b: DapR the Rapper\n|-damage|p1b: Cotton Candy|12\/100|[from] item: Life Orb\n|move|p2a: #Prez|Blizzard|p1b: Cotton Candy\n|-damage|p1b: Cotton Candy|0 fnt\n|faint|p1b: Cotton Candy\n|\n|win|Stryke Out\n|c|\u2606Samax2599|gg\n|c|\u2606Stryke Out|gg\n|c|&|\/uhtml prompt-strykeout,Stryke Out is ready for game 3!\n|inactive|Samax2599 has 50 seconds to confirm battle start!\n|c|&|\/uhtml prompt-samax2599,Samax2599 is ready for game 3!\nBoth players are ready! Starting next match!\n|l| BBRAFF\n","uploadtime":1700444965,"views":46,"p1id":"samax2599","p2id":"strykeout","formatid":"gen9vgc2023regulatione","rating":0,"private":0,"password":""}