{"id":"gen9vgc2023regulatione-2000663237","p1":"VeeGey","p2":"tcliff","format":"[Gen 9] VGC 2023 Regulation E","log":"|j|\u2606VeeGey\n|j|\u2606tcliff\n|t:|1701216044\n|gametype|doubles\n|player|p1|VeeGey|crasherwake|1091\n|player|p2|tcliff|1|1189\n|teamsize|p1|6\n|teamsize|p2|6\n|gen|9\n|tier|[Gen 9] VGC 2023 Regulation E\n|rated|\n|rule|Species Clause: Limit one of each Pok\u00e9mon\n|rule|Item Clause: Limit one of each item\n|clearpoke\n|poke|p1|Meowscarada, L50, M|\n|poke|p1|Tauros-Paldea-Blaze, L50, M|\n|poke|p1|Corviknight, L50, M|\n|poke|p1|Stantler, L50, F|\n|poke|p1|Urshifu-*, L50, M|\n|poke|p1|Inteleon, L50, F|\n|poke|p2|Krookodile, L50, M|\n|poke|p2|Meowscarada, L50, M|\n|poke|p2|Sableye, L50, M|\n|poke|p2|Flamigo, L50, F|\n|poke|p2|Maushold-Four, L50|\n|poke|p2|Dragonite, L50, M|\n|teampreview|4\n|inactive|Battle timer is ON: inactive players will automatically lose when time's up. (requested by VeeGey)\n|c|\u2606VeeGey|Why Krook over Tauros for anger point?\n|inactive|VeeGey has 60 seconds left.\n|\n|t:|1701216105\n|start\n|switch|p1a: Stantler|Stantler, L50, F|100\/100\n|switch|p1b: Inteleon|Inteleon, L50, F|100\/100\n|switch|p2a: Krookodile|Krookodile, L50, M|100\/100\n|switch|p2b: Meowscarada|Meowscarada, L50, M|100\/100\n|-ability|p1a: Stantler|Intimidate|boost\n|-unboost|p2a: Krookodile|atk|1\n|-unboost|p2b: Meowscarada|atk|1\n|turn|1\n|\n|t:|1701216120\n|-terastallize|p2a: Krookodile|Poison\n|move|p2b: Meowscarada|Flower Trick|p2a: Krookodile\n|-start|p2b: Meowscarada|typechange|Grass|[from] ability: Protean\n|-resisted|p2a: Krookodile\n|-crit|p2a: Krookodile\n|-damage|p2a: Krookodile|71\/100\n|-setboost|p2a: Krookodile|atk|6|[from] ability: Anger Point\n|move|p1b: Inteleon|Snipe Shot|p2a: Krookodile\n|-damage|p2a: Krookodile|14\/100\n|-enditem|p2a: Krookodile|Salac Berry|[eat]\n|-boost|p2a: Krookodile|spe|1|[from] item: Salac Berry\n|move|p2a: Krookodile|Earthquake|p1b: Inteleon|[spread] p2b,p1a,p1b\n|-resisted|p2b: Meowscarada\n|-damage|p2b: Meowscarada|0 fnt\n|-damage|p1a: Stantler|0 fnt\n|-damage|p1b: Inteleon|0 fnt\n|faint|p2b: Meowscarada\n|faint|p1a: Stantler\n|faint|p1b: Inteleon\n|\n|upkeep\n|\n|t:|1701216138\n|switch|p2b: Flamigo|Flamigo, L50, F|100\/100\n|switch|p1b: Corviknight|Corviknight, L50, M|100\/100\n|switch|p1a: Urshifu|Urshifu, L50, M|100\/100\n|-copyboost|p2b: Flamigo|p2a: Krookodile|[from] ability: Costar\n|-ability|p1b: Corviknight|Pressure\n|turn|2\n|\n|t:|1701216153\n|move|p2a: Krookodile|Protect|p2a: Krookodile\n|-singleturn|p2a: Krookodile|Protect\n|move|p1a: Urshifu|Sucker Punch||[still]\n|-fail|p1a: Urshifu\n|move|p2b: Flamigo|Tailwind|p2b: Flamigo\n|-sidestart|p2: tcliff|move: Tailwind\n|move|p1b: Corviknight|Brave Bird|p2b: Flamigo\n|-supereffective|p2b: Flamigo\n|-enditem|p2b: Flamigo|Focus Sash\n|-damage|p2b: Flamigo|1\/100\n|-damage|p1b: Corviknight|76\/100|[from] Recoil\n|\n|-heal|p1b: Corviknight|81\/100|[from] item: Leftovers\n|upkeep\n|turn|3\n|\n|t:|1701216174\n|move|p1a: Urshifu|Sucker Punch|p2b: Flamigo\n|-resisted|p2b: Flamigo\n|-damage|p2b: Flamigo|0 fnt\n|faint|p2b: Flamigo\n|move|p2a: Krookodile|Power Trip|p1b: Corviknight\n|-damage|p1b: Corviknight|0 fnt\n|faint|p1b: Corviknight\n|\n|upkeep\n|\n|t:|1701216181\n|switch|p2b: Sableye|Sableye, L50, M|100\/100\n|turn|4\n|\n|t:|1701216186\n|move|p2a: Krookodile|Protect|p2a: Krookodile\n|-singleturn|p2a: Krookodile|Protect\n|move|p1a: Urshifu|Sucker Punch||[still]\n|-fail|p1a: Urshifu\n|move|p2b: Sableye|Will-O-Wisp|p1a: Urshifu\n|-status|p1a: Urshifu|brn\n|\n|-damage|p1a: Urshifu|95\/100 brn|[from] brn\n|upkeep\n|turn|5\n|\n|t:|1701216205\n|move|p2b: Sableye|Shadow Sneak|p1a: Urshifu\n|-resisted|p1a: Urshifu\n|-damage|p1a: Urshifu|89\/100 brn\n|move|p1a: Urshifu|Sucker Punch|p2a: Krookodile\n|-damage|p2a: Krookodile|0 fnt\n|faint|p2a: Krookodile\n|\n|-damage|p1a: Urshifu|83\/100 brn|[from] brn\n|-sideend|p2: tcliff|move: Tailwind\n|upkeep\n|turn|6\n|\n|t:|1701216216\n|move|p1a: Urshifu|Wicked Blow|p2b: Sableye\n|-crit|p2b: Sableye\n|-damage|p2b: Sableye|50\/100\n|move|p2b: Sableye|Encore|p1a: Urshifu\n|-start|p1a: Urshifu|Encore\n|\n|-damage|p1a: Urshifu|77\/100 brn|[from] brn\n|upkeep\n|turn|7\n|-message|tcliff forfeited.\n|\n|win|VeeGey\n|raw|VeeGey's rating: 1091 &rarr; <strong>1125<\/strong><br \/>(+34 for winning)\n|raw|tcliff's rating: 1189 &rarr; <strong>1157<\/strong><br \/>(-32 for losing)\n|l|\u2606tcliff\n","uploadtime":1701216233,"views":0,"p1id":"veegey","p2id":"tcliff","formatid":"gen9vgc2023regulatione","rating":1125,"private":0,"password":""}