{"id":"gen9vgc2023regulatione-1988752442","p1":"JL_GAMER7","p2":"takuturtle123","format":"[Gen 9] VGC 2023 Regulation E","log":"|j|\u2606JL_GAMER7\n|j|\u2606takuturtle123\n|t:|1699758616\n|gametype|doubles\n|player|p1|JL_GAMER7|hilbert|1212\n|player|p2|takuturtle123|265|1190\n|teamsize|p1|6\n|teamsize|p2|6\n|gen|9\n|tier|[Gen 9] VGC 2023 Regulation E\n|rated|\n|rule|Species Clause: Limit one of each Pok\u00e9mon\n|rule|Item Clause: Limit one of each item\n|clearpoke\n|poke|p1|Armarouge, L50, F|\n|poke|p1|Indeedee-F, L50, F|\n|poke|p1|Torkoal, L50, M|\n|poke|p1|Kingambit, L50, M|\n|poke|p1|Lilligant, L50, F|\n|poke|p1|Iron Hands, L50|\n|poke|p2|Dragonite, L50, M|\n|poke|p2|Amoonguss, L50, M|\n|poke|p2|Chien-Pao, L50|\n|poke|p2|Flutter Mane, L50|\n|poke|p2|Dragapult, L50, M|\n|poke|p2|Landorus-Therian, L50, M|\n|teampreview|4\n|\n|t:|1699758655\n|start\n|switch|p1a: El fuegitos|Armarouge, L50, F|100\/100\n|switch|p1b: zi|Indeedee-F, L50, F|100\/100\n|switch|p2a: Dragonite|Dragonite, L50, M|100\/100\n|switch|p2b: Chien-Pao|Chien-Pao, L50|100\/100\n|-ability|p2b: Chien-Pao|Sword of Ruin\n|-fieldstart|move: Psychic Terrain|[from] ability: Psychic Surge|[of] p1b: zi\n|-enditem|p1b: zi|Psychic Seed\n|-boost|p1b: zi|spd|1|[from] item: Psychic Seed\n|turn|1\n|inactive|Battle timer is ON: inactive players will automatically lose when time's up. (requested by takuturtle123)\n|\n|t:|1699758684\n|move|p2b: Chien-Pao|Protect|p2b: Chien-Pao\n|-singleturn|p2b: Chien-Pao|Protect\n|move|p1b: zi|Follow Me|p1b: zi\n|-singleturn|p1b: zi|move: Follow Me\n|move|p2a: Dragonite|Stomping Tantrum|p1b: zi\n|-damage|p1b: zi|36\/100\n|move|p1a: El fuegitos|Trick Room|p1a: El fuegitos\n|-fieldstart|move: Trick Room|[of] p1a: El fuegitos\n|\n|upkeep\n|turn|2\n|\n|t:|1699758709\n|move|p1b: zi|Helping Hand|p1a: El fuegitos\n|-singleturn|p1a: El fuegitos|Helping Hand|[of] p1b: zi\n|move|p1a: El fuegitos|Armor Cannon|p2b: Chien-Pao\n|-supereffective|p2b: Chien-Pao\n|-enditem|p2b: Chien-Pao|Focus Sash\n|-damage|p2b: Chien-Pao|1\/100\n|-unboost|p1a: El fuegitos|def|1\n|-unboost|p1a: El fuegitos|spd|1\n|-damage|p1a: El fuegitos|91\/100|[from] item: Life Orb\n|move|p2a: Dragonite|Stomping Tantrum|p1a: El fuegitos\n|-supereffective|p1a: El fuegitos\n|-damage|p1a: El fuegitos|0 fnt\n|faint|p1a: El fuegitos\n|move|p2b: Chien-Pao|Ice Spinner|p1b: zi\n|-damage|p1b: zi|0 fnt\n|-fieldend|move: Psychic Terrain\n|faint|p1b: zi\n|\n|upkeep\n|\n|t:|1699758715\n|switch|p1a: Est\u00e1 que arde|Torkoal, L50, M|100\/100\n|switch|p1b: La plantica|Lilligant, L50, F|100\/100\n|-weather|SunnyDay|[from] ability: Drought|[of] p1a: Est\u00e1 que arde\n|turn|3\n|inactive|JL_GAMER7 has 30 seconds left.\n|inactive|takuturtle123 has 30 seconds left.\n|inactive|takuturtle123 has 20 seconds left.\n|\n|t:|1699758753\n|switch|p2a: Landorus|Landorus-Therian, L50, M|100\/100\n|-ability|p2a: Landorus|Intimidate|boost\n|-unboost|p1a: Est\u00e1 que arde|atk|1\n|-unboost|p1b: La plantica|atk|1\n|-terastallize|p1a: Est\u00e1 que arde|Fire\n|move|p1b: La plantica|Protect|p1b: La plantica\n|-singleturn|p1b: La plantica|Protect\n|move|p1a: Est\u00e1 que arde|Eruption|p2a: Landorus|[spread] p2a,p2b\n|-supereffective|p2b: Chien-Pao\n|-damage|p2a: Landorus|16\/100\n|-damage|p2b: Chien-Pao|0 fnt\n|faint|p2b: Chien-Pao\n|\n|-weather|SunnyDay|[upkeep]\n|upkeep\n|\n|t:|1699758768\n|switch|p2b: Dragonite|Dragonite, L50, M|100\/100\n|turn|4\n|inactive|takuturtle123 has 30 seconds left.\n|\n|t:|1699758799\n|move|p1a: Est\u00e1 que arde|Eruption|p2b: Dragonite|[spread] p2a,p2b\n|-resisted|p2b: Dragonite\n|-damage|p2a: Landorus|0 fnt\n|-damage|p2b: Dragonite|43\/100\n|faint|p2a: Landorus\n|move|p2b: Dragonite|Stomping Tantrum|p1a: Est\u00e1 que arde\n|-supereffective|p1a: Est\u00e1 que arde\n|-damage|p1a: Est\u00e1 que arde|32\/100\n|move|p1b: La plantica|Solar Beam||[still]\n|-prepare|p1b: La plantica|Solar Beam\n|-anim|p1b: La plantica|Solar Beam|p2b: Dragonite\n|-resisted|p2b: Dragonite\n|-damage|p2b: Dragonite|30\/100\n|\n|-weather|SunnyDay|[upkeep]\n|upkeep\n|\n|t:|1699758811\n|switch|p2a: Amoonguss|Amoonguss, L50, M|100\/100\n|turn|5\n|\n|t:|1699758826\n|move|p2a: Amoonguss|Protect|p2a: Amoonguss\n|-singleturn|p2a: Amoonguss|Protect\n|move|p1a: Est\u00e1 que arde|Heat Wave|p2b: Dragonite|[spread] p2b\n|-activate|p2a: Amoonguss|move: Protect\n|-resisted|p2b: Dragonite\n|-damage|p2b: Dragonite|0 fnt\n|faint|p2b: Dragonite\n|move|p1b: La plantica|Sleep Powder|p2a: Amoonguss\n|-activate|p2a: Amoonguss|move: Protect\n|\n|-weather|SunnyDay|[upkeep]\n|-fieldend|move: Trick Room\n|upkeep\n|turn|6\n|\n|t:|1699758844\n|-terastallize|p2a: Amoonguss|Water\n|move|p1b: La plantica|After You|p1a: Est\u00e1 que arde\n|-activate|p1a: Est\u00e1 que arde|move: After You\n|move|p1a: Est\u00e1 que arde|Eruption|p2a: Amoonguss\n|-resisted|p2a: Amoonguss\n|-crit|p2a: Amoonguss\n|-damage|p2a: Amoonguss|74\/100\n|move|p2a: Amoonguss|Spore|p1a: Est\u00e1 que arde\n|-status|p1a: Est\u00e1 que arde|slp|[from] move: Spore\n|\n|-weather|SunnyDay|[upkeep]\n|upkeep\n|turn|7\n|\n|t:|1699758858\n|cant|p1a: Est\u00e1 que arde|slp\n|move|p1b: La plantica|Solar Beam||[still]\n|-prepare|p1b: La plantica|Solar Beam\n|-anim|p1b: La plantica|Solar Beam|p2a: Amoonguss\n|-supereffective|p2a: Amoonguss\n|-damage|p2a: Amoonguss|0 fnt\n|faint|p2a: Amoonguss\n|\n|win|JL_GAMER7\n|raw|JL_GAMER7's rating: 1212 &rarr; <strong>1235<\/strong><br \/>(+23 for winning)\n|raw|takuturtle123's rating: 1190 &rarr; <strong>1167<\/strong><br \/>(-23 for losing)\n|l|\u2606takuturtle123\n","uploadtime":1699758878,"views":22,"p1id":"jlgamer7","p2id":"takuturtle123","formatid":"gen9vgc2023regulatione","rating":1167,"private":0,"password":""}