{"id":"gen9vgc2023regulatione-1994013183","p1":"acebaltasar25","p2":"gjjkjhjgg","format":"[Gen 9] VGC 2023 Regulation E","log":"|j|\u2606acebaltasar25\n|j|\u2606gjjkjhjgg\n|t:|1700393522\n|gametype|doubles\n|player|p1|acebaltasar25|266|\n|player|p2|gjjkjhjgg|hilbert|\n|teamsize|p1|6\n|teamsize|p2|6\n|gen|9\n|tier|[Gen 9] VGC 2023 Regulation E\n|rated|Tournament battle\n|rule|Species Clause: Limit one of each Pok\u00e9mon\n|rule|Item Clause: Limit one of each item\n|clearpoke\n|poke|p1|Kommo-o, L50, M|\n|poke|p1|Tyranitar, L50, F|\n|poke|p1|Rillaboom, L50, M|\n|poke|p1|Flutter Mane, L50|\n|poke|p1|Arcanine-Hisui, L50, M|\n|poke|p1|Iron Bundle, L50|\n|poke|p2|Ninetales-Alola, L50, F|\n|poke|p2|Sinistcha-Masterpiece, L50|\n|poke|p2|Iron Hands, L50|\n|poke|p2|Ursaluna-Bloodmoon, L50, M|\n|poke|p2|Cetitan, L50, M|\n|poke|p2|Heatran, L50, M|\n|teampreview|4\n|showteam|p1|Kommo-o||Leftovers|Bulletproof|BodyPress,IronDefense,IronHead,Protect|||M|||50|,,,,,Steel]Tyranitar||AssaultVest|SandStream|KnockOff,RockSlide,LowKick,TeraBlast|||F|||50|,,,,,Psychic]Rillaboom||MiracleSeed|GrassySurge|FakeOut,WoodHammer,GrassyGlide,Taunt|||M|||50|,,,,,Grass]Flutter Mane||ChoiceSpecs|Protosynthesis|DazzlingGleam,Moonblast,ShadowBall,TrickRoom||||||50|,,,,,Fairy]Arcanine-Hisui||SitrusBerry|Intimidate|FlareBlitz,RockSlide,Howl,WillOWisp|||M|||50|,,,,,Water]Iron Bundle||BoosterEnergy|QuarkDrive|FreezeDry,IcyWind,HydroPump,Protect||||||50|,,,,,Ghost\n|showteam|p2|Ninetales-Alola||LightClay|SnowWarning|Protect,AuroraVeil,Blizzard,Moonblast|||F|||50|,,,,,Steel]Sinistcha-Masterpiece||RockyHelmet|Hospitality|TrickRoom,MatchaGotcha,RagePowder,LifeDew||||||50|,,,,,Water]Iron Hands||AssaultVest|QuarkDrive|FakeOut,HeavySlam,WildCharge,DrainPunch||||||50|,,,,,Steel]Ursaluna-Bloodmoon||Leftovers|MindsEye|Protect,CalmMind,BloodMoon,EarthPower|||M|||50|,,,,,Poison]Cetitan||SitrusBerry|SlushRush|Protect,BellyDrum,IceSpinner,Liquidation|||M|||50|,,,,,Water]Heatran||SafetyGoggles|FlashFire|Protect,HeatWave,TeraBlast,EarthPower|||M|||50|,,,,,Fairy\n|inactive|Battle timer is ON: inactive players will automatically lose when time's up. (requested by gjjkjhjgg)\n|\n|t:|1700393553\n|start\n|switch|p1a: Iron Bundle|Iron Bundle, L50|100\/100\n|switch|p1b: Kommo-o|Kommo-o, L50, M|100\/100\n|switch|p2a: Sinistcha|Sinistcha-Masterpiece, L50|100\/100\n|switch|p2b: Iron Hands|Iron Hands, L50|100\/100\n|-enditem|p1a: Iron Bundle|Booster Energy\n|-activate|p1a: Iron Bundle|ability: Quark Drive|[fromitem]\n|-start|p1a: Iron Bundle|quarkdrivespe\n|turn|1\n|j| irui2005\n|inactive|acebaltasar25 has 30 seconds left.\n|\n|t:|1700393584\n|-terastallize|p1a: Iron Bundle|Ghost\n|move|p2b: Iron Hands|Fake Out|p1a: Iron Bundle\n|-immune|p1a: Iron Bundle\n|move|p1a: Iron Bundle|Freeze-Dry|p2a: Sinistcha\n|-supereffective|p2a: Sinistcha\n|-damage|p2a: Sinistcha|30\/100\n|move|p1b: Kommo-o|Iron Defense|p1b: Kommo-o\n|-boost|p1b: Kommo-o|def|2\n|move|p2a: Sinistcha|Trick Room|p2a: Sinistcha\n|-fieldstart|move: Trick Room|[of] p2a: Sinistcha\n|\n|upkeep\n|turn|2\n|inactive|gjjkjhjgg has 30 seconds left.\n|\n|t:|1700393613\n|-end|p2b: Iron Hands|Quark Drive|[silent]\n|switch|p2b: Ursaluna|Ursaluna-Bloodmoon, L50, M|100\/100\n|switch|p2a: Heatran|Heatran, L50, M|100\/100\n|move|p1b: Kommo-o|Iron Defense|p1b: Kommo-o\n|-boost|p1b: Kommo-o|def|2\n|move|p1a: Iron Bundle|Freeze-Dry|p2a: Heatran\n|-resisted|p2a: Heatran\n|-damage|p2a: Heatran|93\/100\n|\n|upkeep\n|turn|3\n|j| Kal0sunleashed\n|\n|t:|1700393638\n|-terastallize|p2b: Ursaluna|Poison\n|move|p2b: Ursaluna|Calm Mind|p2b: Ursaluna\n|-boost|p2b: Ursaluna|spa|1\n|-boost|p2b: Ursaluna|spd|1\n|move|p2a: Heatran|Heat Wave|p1b: Kommo-o|[spread] p1a,p1b\n|-resisted|p1b: Kommo-o\n|-damage|p1a: Iron Bundle|13\/100\n|-damage|p1b: Kommo-o|82\/100\n|move|p1b: Kommo-o|Body Press|p2a: Heatran\n|-supereffective|p2a: Heatran\n|-damage|p2a: Heatran|0 fnt\n|faint|p2a: Heatran\n|move|p1a: Iron Bundle|Hydro Pump|p2b: Ursaluna\n|-damage|p2b: Ursaluna|58\/100\n|\n|-heal|p2b: Ursaluna|64\/100|[from] item: Leftovers\n|-heal|p1b: Kommo-o|88\/100|[from] item: Leftovers\n|upkeep\n|\n|t:|1700393660\n|switch|p2a: Iron Hands|Iron Hands, L50|100\/100\n|turn|4\n|\n|t:|1700393678\n|move|p1b: Kommo-o|Protect|p1b: Kommo-o\n|-singleturn|p1b: Kommo-o|Protect\n|move|p1a: Iron Bundle|Protect|p1a: Iron Bundle\n|-singleturn|p1a: Iron Bundle|Protect\n|move|p2a: Iron Hands|Fake Out|p1b: Kommo-o\n|-activate|p1b: Kommo-o|move: Protect\n|move|p2b: Ursaluna|Calm Mind|p2b: Ursaluna\n|-boost|p2b: Ursaluna|spa|1\n|-boost|p2b: Ursaluna|spd|1\n|\n|-heal|p2b: Ursaluna|70\/100|[from] item: Leftovers\n|-heal|p1b: Kommo-o|94\/100|[from] item: Leftovers\n|upkeep\n|turn|5\n|\n|t:|1700393694\n|-end|p1a: Iron Bundle|Quark Drive|[silent]\n|switch|p1a: Tyranitar|Tyranitar, L50, F|100\/100\n|-weather|Sandstorm|[from] ability: Sand Stream|[of] p1a: Tyranitar\n|move|p2a: Iron Hands|Heavy Slam|p1a: Tyranitar\n|-supereffective|p1a: Tyranitar\n|-damage|p1a: Tyranitar|68\/100\n|move|p2b: Ursaluna|Blood Moon|p1b: Kommo-o\n|-damage|p1b: Kommo-o|0 fnt\n|faint|p1b: Kommo-o\n|\n|-weather|Sandstorm|[upkeep]\n|-damage|p2a: Iron Hands|94\/100|[from] Sandstorm\n|-damage|p2b: Ursaluna|64\/100|[from] Sandstorm\n|-heal|p2b: Ursaluna|70\/100|[from] item: Leftovers\n|-fieldend|move: Trick Room\n|upkeep\n|\n|t:|1700393705\n|switch|p1b: Arcanine|Arcanine-Hisui, L50, M|100\/100\n|-ability|p1b: Arcanine|Intimidate|boost\n|-unboost|p2a: Iron Hands|atk|1\n|-unboost|p2b: Ursaluna|atk|1\n|turn|6\n|inactive|gjjkjhjgg has 30 seconds left.\n|\n|t:|1700393736\n|move|p1b: Arcanine|Rock Slide|p2a: Iron Hands|[spread] p2b\n|-miss|p1b: Arcanine|p2a: Iron Hands\n|-damage|p2b: Ursaluna|54\/100\n|move|p1a: Tyranitar|Rock Slide|p2b: Ursaluna|[spread] p2a,p2b\n|-resisted|p2a: Iron Hands\n|-damage|p2a: Iron Hands|85\/100\n|-damage|p2b: Ursaluna|28\/100\n|move|p2b: Ursaluna|Earth Power|p1b: Arcanine\n|-supereffective|p1b: Arcanine\n|-damage|p1b: Arcanine|0 fnt\n|faint|p1b: Arcanine\n|move|p2a: Iron Hands|Drain Punch|p1a: Tyranitar\n|-supereffective|p1a: Tyranitar\n|-damage|p1a: Tyranitar|0 fnt\n|-heal|p2a: Iron Hands|100\/100|[from] drain|[of] p1a: Tyranitar\n|faint|p1a: Tyranitar\n|\n|-weather|Sandstorm|[upkeep]\n|-damage|p2b: Ursaluna|22\/100|[from] Sandstorm\n|-damage|p2a: Iron Hands|94\/100|[from] Sandstorm\n|-heal|p2b: Ursaluna|28\/100|[from] item: Leftovers\n|upkeep\n|\n|t:|1700393747\n|switch|p1b: Iron Bundle|Iron Bundle, L50, tera:Ghost|13\/100\n|turn|7\n|c|\u2606gjjkjhjgg|gg\n|c|\u2606acebaltasar25|gg\n|\n|t:|1700393761\n|move|p1b: Iron Bundle|Hydro Pump|p2b: Ursaluna\n|-damage|p2b: Ursaluna|0 fnt\n|faint|p2b: Ursaluna\n|move|p2a: Iron Hands|Heavy Slam|p1b: Iron Bundle\n|-damage|p1b: Iron Bundle|0 fnt\n|faint|p1b: Iron Bundle\n|-end|p1b: Iron Bundle|Quark Drive|[silent]\n|\n|win|gjjkjhjgg\n|n|\u2606acebaltasar25|acebaltasar25\n|n|\u2606gjjkjhjgg|gjjkjhjgg\n|n| irui2005|irui2005\n|n| Kal0sunleashed|kal0sunleashed\n","uploadtime":1700393762,"views":6,"p1id":"acebaltasar25","p2id":"gjjkjhjgg","formatid":"gen9vgc2023regulatione","rating":0,"private":0,"password":""}