{"id":"gen9vgc2023regulatione-1988340165","p1":"Allluckz","p2":"KiiDMarVeL","format":"[Gen 9] VGC 2023 Regulation E","log":"|j|\u2606Allluckz\n|j|\u2606KiiDMarVeL\n|t:|1699710997\n|gametype|doubles\n|player|p1|Allluckz|101|1301\n|player|p2|KiiDMarVeL|morty|1210\n|teamsize|p1|6\n|teamsize|p2|6\n|gen|9\n|tier|[Gen 9] VGC 2023 Regulation E\n|rated|\n|rule|Species Clause: Limit one of each Pok\u00e9mon\n|rule|Item Clause: Limit one of each item\n|clearpoke\n|poke|p1|Ursaluna-Bloodmoon, L50, M|\n|poke|p1|Flutter Mane, L50|\n|poke|p1|Grimmsnarl, L50, M|\n|poke|p1|Ogerpon-Hearthflame, L50, F|\n|poke|p1|Iron Hands, L50|\n|poke|p1|Goodra-Hisui, L50, F|\n|poke|p2|Weezing, L50, M|\n|poke|p2|Slaking, L50, F|\n|poke|p2|Dragonite, L50, M|\n|poke|p2|Chien-Pao, L50|\n|poke|p2|Palafin, L50, M|\n|poke|p2|Flutter Mane, L50|\n|teampreview|4\n|\n|t:|1699711053\n|start\n|switch|p1a: Flutter Mane|Flutter Mane, L50|100\/100\n|switch|p1b: Iron Hands|Iron Hands, L50|100\/100\n|switch|p2a: Slaking|Slaking, L50, F|100\/100\n|switch|p2b: Palafin|Palafin, L50, M|100\/100\n|-enditem|p1a: Flutter Mane|Booster Energy\n|-activate|p1a: Flutter Mane|ability: Protosynthesis|[fromitem]\n|-start|p1a: Flutter Mane|protosynthesisspa\n|turn|1\n|inactive|Battle timer is ON: inactive players will automatically lose when time's up. (requested by KiiDMarVeL)\n|\n|t:|1699711082\n|move|p2b: Palafin|Protect|p2b: Palafin\n|-singleturn|p2b: Palafin|Protect\n|move|p1b: Iron Hands|Fake Out|p2a: Slaking\n|-damage|p2a: Slaking|88\/100\n|cant|p2a: Slaking|flinch\n|move|p1a: Flutter Mane|Trick Room|p1a: Flutter Mane\n|-fieldstart|move: Trick Room|[of] p1a: Flutter Mane\n|\n|upkeep\n|turn|2\n|\n|t:|1699711100\n|detailschange|p2b: Palafin|Palafin-Hero, L50, M\n|switch|p2b: Weezing|Weezing, L50, M|100\/100\n|-ability|p2b: Weezing|Neutralizing Gas\n|move|p1b: Iron Hands|Drain Punch|p2a: Slaking\n|-supereffective|p2a: Slaking\n|-damage|p2a: Slaking|9\/100\n|move|p1a: Flutter Mane|Shadow Ball|p2b: Weezing\n|-damage|p2b: Weezing|37\/100\n|-enditem|p2b: Weezing|Sitrus Berry|[eat]\n|-heal|p2b: Weezing|62\/100|[from] item: Sitrus Berry\n|move|p2a: Slaking|Bulk Up|p2a: Slaking\n|-boost|p2a: Slaking|atk|1\n|-boost|p2a: Slaking|def|1\n|\n|upkeep\n|turn|3\n|inactive|Allluckz has 30 seconds left.\n|inactive|Allluckz has 20 seconds left.\n|\n|t:|1699711136\n|move|p1b: Iron Hands|Wild Charge|p2b: Weezing\n|-damage|p2b: Weezing|21\/100\n|-damage|p1b: Iron Hands|93\/100|[from] Recoil\n|move|p2b: Weezing|Will-O-Wisp|p1b: Iron Hands|[miss]\n|-miss|p2b: Weezing|p1b: Iron Hands\n|move|p1a: Flutter Mane|Dazzling Gleam|p2a: Slaking|[spread] p2a,p2b\n|-resisted|p2b: Weezing\n|-damage|p2a: Slaking|0 fnt\n|-damage|p2b: Weezing|0 fnt\n|faint|p2a: Slaking\n|faint|p2b: Weezing\n|-end|p2b: Weezing|ability: Neutralizing Gas\n|\n|upkeep\n|\n|t:|1699711152\n|switch|p2b: Palafin|Palafin-Hero, L50, M|100\/100\n|switch|p2a: Chien-Pao|Chien-Pao, L50|100\/100\n|-activate|p2b: Palafin|ability: Zero to Hero\n|-ability|p2a: Chien-Pao|Sword of Ruin\n|turn|4\n|\n|t:|1699711173\n|-terastallize|p2b: Palafin|Water\n|move|p2a: Chien-Pao|Protect|p2a: Chien-Pao\n|-singleturn|p2a: Chien-Pao|Protect\n|move|p2b: Palafin|Jet Punch|p1b: Iron Hands\n|-crit|p1b: Iron Hands\n|-damage|p1b: Iron Hands|0 fnt\n|faint|p1b: Iron Hands\n|-end|p1b: Iron Hands|Quark Drive|[silent]\n|move|p1a: Flutter Mane|Dazzling Gleam|p2a: Chien-Pao|[spread] p2b\n|-activate|p2a: Chien-Pao|move: Protect\n|-damage|p2b: Palafin|63\/100\n|\n|upkeep\n|inactive|Allluckz has 30 seconds left.\n|\n|t:|1699711202\n|switch|p1b: Ursaluna|Ursaluna-Bloodmoon, L50, M|100\/100\n|turn|5\n|inactive|Allluckz has 30 seconds left.\n|inactive|Allluckz has 20 seconds left.\n|inactive|Allluckz has 15 seconds left.\n|inactive|Allluckz has 10 seconds left.\n|inactive|Allluckz has 5 seconds left.\n|\n|t:|1699711257\n|move|p2b: Palafin|Jet Punch|p1b: Ursaluna\n|-supereffective|p1b: Ursaluna\n|-damage|p1b: Ursaluna|0 fnt\n|faint|p1b: Ursaluna\n|move|p2a: Chien-Pao|Sucker Punch|p1a: Flutter Mane\n|-damage|p1a: Flutter Mane|30\/100\n|move|p1a: Flutter Mane|Dazzling Gleam|p2a: Chien-Pao|[spread] p2a,p2b\n|-supereffective|p2a: Chien-Pao\n|-enditem|p2a: Chien-Pao|Focus Sash\n|-damage|p2a: Chien-Pao|1\/100\n|-damage|p2b: Palafin|24\/100\n|\n|-fieldend|move: Trick Room\n|upkeep\n|\n|t:|1699711271\n|switch|p1b: Goodra|Goodra-Hisui, L50, F|100\/100\n|turn|6\n|\n|t:|1699711294\n|move|p2b: Palafin|Jet Punch|p1a: Flutter Mane\n|-damage|p1a: Flutter Mane|0 fnt\n|faint|p1a: Flutter Mane\n|-end|p1a: Flutter Mane|Protosynthesis|[silent]\n|move|p2a: Chien-Pao|Sacred Sword|p1b: Goodra\n|-supereffective|p1b: Goodra\n|-damage|p1b: Goodra|32\/100\n|move|p1b: Goodra|Body Press|p2b: Palafin\n|-damage|p2b: Palafin|0 fnt\n|faint|p2b: Palafin\n|\n|-heal|p1b: Goodra|38\/100|[from] item: Leftovers\n|upkeep\n|turn|7\n|\n|t:|1699711317\n|-terastallize|p1b: Goodra|Fairy\n|move|p2a: Chien-Pao|Sacred Sword|p1b: Goodra\n|-resisted|p1b: Goodra\n|-damage|p1b: Goodra|21\/100\n|move|p1b: Goodra|Body Press|p2a: Chien-Pao\n|-supereffective|p2a: Chien-Pao\n|-damage|p2a: Chien-Pao|0 fnt\n|faint|p2a: Chien-Pao\n|\n|win|Allluckz\n|raw|Allluckz's rating: 1301 &rarr; <strong>1316<\/strong><br \/>(+15 for winning)\n|raw|KiiDMarVeL's rating: 1210 &rarr; <strong>1191<\/strong><br \/>(-19 for losing)\n|c|\u2606KiiDMarVeL|gg\n","uploadtime":1699711329,"views":10,"p1id":"allluckz","p2id":"kiidmarvel","formatid":"gen9vgc2023regulatione","rating":1191,"private":0,"password":""}