{"id":"gen9vgc2023regulatione-2000147436","p1":"Astano","p2":"Manuel005","format":"[Gen 9] VGC 2023 Regulation E","log":"|j|\u2606Astano\n|j|\u2606Manuel005\n|t:|1701163072\n|gametype|doubles\n|player|p1|Astano|102|1146\n|player|p2|Manuel005|266|1141\n|teamsize|p1|6\n|teamsize|p2|6\n|gen|9\n|tier|[Gen 9] VGC 2023 Regulation E\n|rated|\n|rule|Species Clause: Limit one of each Pok\u00e9mon\n|rule|Item Clause: Limit one of each item\n|clearpoke\n|poke|p1|Cresselia, L50, F|\n|poke|p1|Flutter Mane, L50|\n|poke|p1|Iron Hands, L50|\n|poke|p1|Ursaluna, L50, M|\n|poke|p1|Sinistcha, L50|\n|poke|p1|Heatran, L50, M|\n|poke|p2|Iron Hands, L50|\n|poke|p2|Gastrodon-East, L50, F|\n|poke|p2|Landorus, L50, M|\n|poke|p2|Tyranitar, L50, F|\n|poke|p2|Salamence, L50, F|\n|poke|p2|Goodra-Hisui, L50, M|\n|teampreview|4\nAstano has agreed to open team sheets.\n|\n|t:|1701163096\n|start\n|switch|p1a: Cognition|Iron Hands, L50|100\/100\n|switch|p1b: Freedom|Cresselia, L50, F|100\/100\n|switch|p2a: Goodra|Goodra-Hisui, L50, M|100\/100\n|switch|p2b: Gastrodon|Gastrodon-East, L50, F|100\/100\n|turn|1\n|\n|t:|1701163133\n|move|p1b: Freedom|Psychic|p2b: Gastrodon\n|-damage|p2b: Gastrodon|80\/100\n|move|p2a: Goodra|Stomping Tantrum|p1a: Cognition\n|-supereffective|p1a: Cognition\n|-damage|p1a: Cognition|79\/100\n|move|p1a: Cognition|Drain Punch|p2a: Goodra\n|-supereffective|p2a: Goodra\n|-damage|p2a: Goodra|23\/100\n|-heal|p1a: Cognition|100\/100|[from] drain|[of] p2a: Goodra\n|-ability|p2a: Goodra|Gooey\n|-unboost|p1a: Cognition|spe|1\n|move|p2b: Gastrodon|Earth Power|p1a: Cognition\n|-supereffective|p1a: Cognition\n|-damage|p1a: Cognition|72\/100\n|-unboost|p1a: Cognition|spd|1\n|\n|upkeep\n|turn|2\n|\n|t:|1701163154\n|switch|p2a: Landorus|Landorus, L50, M|100\/100\n|-end|p1a: Cognition|Quark Drive|[silent]\n|switch|p1a: Memories|Sinistcha, L50|100\/100\n|move|p1b: Freedom|Moonblast|p2a: Landorus\n|-damage|p2a: Landorus|79\/100\n|-unboost|p2a: Landorus|spa|1\n|move|p2b: Gastrodon|Earth Power|p1a: Memories\n|-resisted|p1a: Memories\n|-damage|p1a: Memories|84\/100\n|\n|upkeep\n|turn|3\n|\n|t:|1701163183\n|switch|p2b: Goodra|Goodra-Hisui, L50, M|23\/100\n|move|p2a: Landorus|Fly||[still]\n|-prepare|p2a: Landorus|Fly\n|move|p1b: Freedom|Moonblast|p2b: Goodra\n|-damage|p2b: Goodra|18\/100\n|move|p1a: Memories|Matcha Gotcha|p2b: Goodra|[spread] p2b\n|-miss|p1a: Memories|p2a: Landorus\n|-resisted|p2b: Goodra\n|-damage|p2b: Goodra|15\/100\n|-heal|p1a: Memories|85\/100|[from] drain|[of] p2b: Goodra\n|\n|upkeep\n|turn|4\n|\n|t:|1701163211\n|move|p1a: Memories|Protect|p1a: Memories\n|-singleturn|p1a: Memories|Protect\n|move|p2a: Landorus|Fly|p1a: Memories|[from]lockedmove\n|-activate|p1a: Memories|move: Protect\n|move|p1b: Freedom|Psychic|p2a: Landorus\n|-damage|p2a: Landorus|48\/100\n|move|p2b: Goodra|Stomping Tantrum|p1a: Memories\n|-activate|p1a: Memories|move: Protect\n|\n|upkeep\n|turn|5\n|\n|t:|1701163234\n|move|p2a: Landorus|Fly||[still]\n|-prepare|p2a: Landorus|Fly\n|move|p1b: Freedom|Moonblast|p2b: Goodra\n|-crit|p2b: Goodra\n|-damage|p2b: Goodra|6\/100\n|move|p1a: Memories|Matcha Gotcha|p2a: Landorus|[spread] p2b\n|-miss|p1a: Memories|p2a: Landorus\n|-resisted|p2b: Goodra\n|-damage|p2b: Goodra|4\/100\n|-heal|p1a: Memories|86\/100|[from] drain|[of] p2b: Goodra\n|move|p2b: Goodra|Ice Spinner|p1a: Memories\n|-supereffective|p1a: Memories\n|-damage|p1a: Memories|53\/100\n|-damage|p2b: Goodra|0 fnt|[from] item: Rocky Helmet|[of] p1a: Memories\n|faint|p2b: Goodra\n|\n|upkeep\n|inactive|Battle timer is ON: inactive players will automatically lose when time's up. (requested by Astano)\n|\n|t:|1701163254\n|switch|p2b: Tyranitar|Tyranitar, L50, F|100\/100\n|-weather|Sandstorm|[from] ability: Sand Stream|[of] p2b: Tyranitar\n|turn|6\n|\n|t:|1701163268\n|move|p2b: Tyranitar|Knock Off|p1b: Freedom\n|-supereffective|p1b: Freedom\n|-damage|p1b: Freedom|36\/100\n|-enditem|p1b: Freedom|Safety Goggles|[from] move: Knock Off|[of] p2b: Tyranitar\n|move|p2a: Landorus|Fly|p1b: Freedom|[from]lockedmove\n|-damage|p1b: Freedom|0 fnt\n|faint|p1b: Freedom\n|move|p1a: Memories|Matcha Gotcha|p2b: Tyranitar|[spread] p2a,p2b\n|-supereffective|p2b: Tyranitar\n|-damage|p2a: Landorus|9\/100\n|-heal|p1a: Memories|71\/100|[from] drain|[of] p2a: Landorus\n|-damage|p2b: Tyranitar|60\/100\n|-heal|p1a: Memories|91\/100|[from] drain|[of] p2b: Tyranitar\n|\n|-weather|Sandstorm|[upkeep]\n|-damage|p1a: Memories|85\/100|[from] Sandstorm\n|upkeep\n|\n|t:|1701163276\n|switch|p1b: Cognition|Iron Hands, L50|72\/100\n|turn|7\n|\n|t:|1701163290\n|-terastallize|p1a: Memories|Fairy\n|move|p1b: Cognition|Fake Out|p2a: Landorus\n|-damage|p2a: Landorus|0 fnt\n|faint|p2a: Landorus\n|move|p2b: Tyranitar|Knock Off|p1a: Memories\n|-resisted|p1a: Memories\n|-damage|p1a: Memories|60\/100\n|-damage|p2b: Tyranitar|43\/100|[from] item: Rocky Helmet|[of] p1a: Memories\n|-enditem|p1a: Memories|Rocky Helmet|[from] move: Knock Off|[of] p2b: Tyranitar\n|move|p1a: Memories|Trick Room|p1a: Memories\n|-fieldstart|move: Trick Room|[of] p1a: Memories\n|\n|-weather|Sandstorm|[upkeep]\n|-damage|p1b: Cognition|66\/100|[from] Sandstorm\n|-damage|p1a: Memories|54\/100|[from] Sandstorm\n|upkeep\n|\n|t:|1701163301\n|switch|p2a: Gastrodon|Gastrodon-East, L50, F|80\/100\n|turn|8\n|\n|t:|1701163311\n|move|p2a: Gastrodon|Muddy Water|p1a: Memories|[spread] p1b\n|-miss|p2a: Gastrodon|p1a: Memories\n|-damage|p1b: Cognition|55\/100\n|move|p1b: Cognition|Drain Punch|p2b: Tyranitar\n|-supereffective|p2b: Tyranitar\n|-damage|p2b: Tyranitar|0 fnt\n|-heal|p1b: Cognition|70\/100|[from] drain|[of] p2b: Tyranitar\n|faint|p2b: Tyranitar\n|move|p1a: Memories|Matcha Gotcha|p2a: Gastrodon\n|-supereffective|p2a: Gastrodon\n|-damage|p2a: Gastrodon|0 fnt\n|-heal|p1a: Memories|99\/100|[from] drain|[of] p2a: Gastrodon\n|faint|p2a: Gastrodon\n|\n|win|Astano\n|raw|Astano's rating: 1146 &rarr; <strong>1171<\/strong><br \/>(+25 for winning)\n|raw|Manuel005's rating: 1141 &rarr; <strong>1116<\/strong><br \/>(-25 for losing)\n","uploadtime":1701163368,"views":3,"p1id":"astano","p2id":"manuel005","formatid":"gen9vgc2023regulatione","rating":1116,"private":0,"password":""}