{"id":"gen9vgc2023regulatione-1995664836","p1":"Its andreas tbh","p2":"ChocccccyMilkMafia","format":"[Gen 9] VGC 2023 Regulation E","log":"|j|\u2606Its andreas tbh\n|j|\u2606ChocccccyMilkMafia\n|t:|1700592034\n|gametype|doubles\n|player|p1|Its andreas tbh|265|1221\n|player|p2|ChocccccyMilkMafia|kieran|1169\n|teamsize|p1|6\n|teamsize|p2|6\n|gen|9\n|tier|[Gen 9] VGC 2023 Regulation E\n|rated|\n|rule|Species Clause: Limit one of each Pok\u00e9mon\n|rule|Item Clause: Limit one of each item\n|clearpoke\n|poke|p1|Clodsire, L50, F|\n|poke|p1|Regidrago, L50|\n|poke|p1|Ursaluna-Bloodmoon, L50, M|\n|poke|p1|Arcanine-Hisui, L50, M|\n|poke|p1|Iron Hands, L50|\n|poke|p1|Gyarados, L50, M|\n|poke|p2|Farigiraf, L50, M|\n|poke|p2|Kingambit, L50, F|\n|poke|p2|Kommo-o, L50, M|\n|poke|p2|Sinistcha, L50|\n|poke|p2|Fezandipiti, L50, M|\n|poke|p2|Ninetales-Alola, L50, M|\n|teampreview|4\n|\n|t:|1700592101\n|start\n|switch|p1a: Clodsire|Clodsire, L50, F|100\/100\n|switch|p1b: Regidrago|Regidrago, L50|100\/100\n|switch|p2a: Sinistcha|Sinistcha, L50|100\/100\n|switch|p2b: Kingambit|Kingambit, L50, F|100\/100\n|turn|1\n|\n|t:|1700592124\n|switch|p2a: Ninetales|Ninetales-Alola, L50, M|100\/100\n|-weather|Snow|[from] ability: Snow Warning|[of] p2a: Ninetales\n|move|p1b: Regidrago|Dragon Energy|p2a: Ninetales|[spread] p2b\n|-immune|p2a: Ninetales\n|-resisted|p2b: Kingambit\n|-damage|p2b: Kingambit|73\/100\n|move|p2b: Kingambit|Low Kick|p1b: Regidrago\n|-damage|p1b: Regidrago|45\/100\n|move|p1a: Clodsire|Stomping Tantrum|p2b: Kingambit\n|-supereffective|p2b: Kingambit\n|-damage|p2b: Kingambit|38\/100\n|\n|-weather|Snow|[upkeep]\n|upkeep\n|turn|2\n|\n|t:|1700592155\n|switch|p1b: Iron Hands|Iron Hands, L50|100\/100\n|-terastallize|p2b: Kingambit|Water\n|move|p2a: Ninetales|Aurora Veil|p2a: Ninetales\n|-sidestart|p2: ChocccccyMilkMafia|move: Aurora Veil\n|move|p2b: Kingambit|Low Kick|p1b: Iron Hands\n|-damage|p1b: Iron Hands|74\/100\n|move|p1a: Clodsire|Toxic|p2a: Ninetales\n|-status|p2a: Ninetales|tox\n|\n|-weather|Snow|[upkeep]\n|-damage|p2a: Ninetales|94\/100 tox|[from] psn\n|upkeep\n|turn|3\n|\n|t:|1700592175\n|switch|p2b: Sinistcha|Sinistcha, L50|100\/100\n|-heal|p2a: Ninetales|100\/100 tox|[from] ability: Hospitality|[of] p2b: Sinistcha\n|move|p1b: Iron Hands|Fake Out|p2b: Sinistcha\n|-immune|p2b: Sinistcha\n|move|p2a: Ninetales|Moonblast|p1b: Iron Hands\n|-supereffective|p1b: Iron Hands\n|-damage|p1b: Iron Hands|37\/100\n|move|p1a: Clodsire|Toxic|p2b: Sinistcha\n|-status|p2b: Sinistcha|tox\n|\n|-weather|Snow|[upkeep]\n|-damage|p2a: Ninetales|88\/100 tox|[from] psn\n|-damage|p2b: Sinistcha|94\/100 tox|[from] psn\n|upkeep\n|turn|4\n|\n|t:|1700592196\n|move|p2a: Ninetales|Moonblast|p1b: Iron Hands\n|-supereffective|p1b: Iron Hands\n|-damage|p1b: Iron Hands|2\/100\n|-unboost|p1b: Iron Hands|spa|1\n|move|p1b: Iron Hands|Heavy Slam|p2a: Ninetales\n|-supereffective|p2a: Ninetales\n|-damage|p2a: Ninetales|17\/100 tox\n|move|p1a: Clodsire|Stomping Tantrum|p2a: Ninetales\n|-damage|p2a: Ninetales|6\/100 tox\n|move|p2b: Sinistcha|Trick Room|p2b: Sinistcha\n|-fieldstart|move: Trick Room|[of] p2b: Sinistcha\n|\n|-weather|Snow|[upkeep]\n|-damage|p2b: Sinistcha|82\/100 tox|[from] psn\n|-damage|p2a: Ninetales|0 fnt|[from] psn\n|faint|p2a: Ninetales\n|upkeep\n|\n|t:|1700592214\n|switch|p2a: Farigiraf|Farigiraf, L50, M|100\/100\n|turn|5\n|\n|t:|1700592227\n|move|p1a: Clodsire|Toxic|p2a: Farigiraf\n|-status|p2a: Farigiraf|tox\n|move|p2a: Farigiraf|Hyper Voice|p1b: Iron Hands|[spread] p1a,p1b\n|-damage|p1a: Clodsire|80\/100\n|-damage|p1b: Iron Hands|0 fnt\n|faint|p1b: Iron Hands\n|-end|p1b: Iron Hands|Quark Drive|[silent]\n|-enditem|p2a: Farigiraf|Throat Spray\n|-boost|p2a: Farigiraf|spa|1|[from] item: Throat Spray\n|move|p2b: Sinistcha|Matcha Gotcha|p1a: Clodsire\n|-damage|p1a: Clodsire|55\/100\n|-heal|p2b: Sinistcha|98\/100 tox|[from] drain|[of] p1a: Clodsire\n|\n|-weather|none\n|-damage|p2a: Farigiraf|95\/100 tox|[from] psn\n|-damage|p2b: Sinistcha|79\/100 tox|[from] psn\n|upkeep\n|\n|t:|1700592244\n|switch|p1b: Arcanine|Arcanine-Hisui, L50, M|100\/100\n|turn|6\n|\n|t:|1700592256\n|move|p1a: Clodsire|Protect|p1a: Clodsire\n|-singleturn|p1a: Clodsire|Protect\n|move|p2a: Farigiraf|Psyshock|p1b: Arcanine\n|-crit|p1b: Arcanine\n|-damage|p1b: Arcanine|0 fnt\n|faint|p1b: Arcanine\n|move|p2b: Sinistcha|Strength Sap|p1a: Clodsire\n|-activate|p1a: Clodsire|move: Protect\n|\n|-damage|p2a: Farigiraf|83\/100 tox|[from] psn\n|-damage|p2b: Sinistcha|54\/100 tox|[from] psn\n|-sideend|p2: ChocccccyMilkMafia|move: Aurora Veil\n|upkeep\n|\n|t:|1700592269\n|switch|p1b: Regidrago|Regidrago, L50|45\/100\n|turn|7\n|\n|t:|1700592289\n|-terastallize|p1b: Regidrago|Steel\n|move|p1a: Clodsire|Recover|p1a: Clodsire\n|-heal|p1a: Clodsire|100\/100\n|move|p2a: Farigiraf|Hyper Voice|p1a: Clodsire|[spread] p1a,p1b\n|-resisted|p1b: Regidrago\n|-damage|p1a: Clodsire|79\/100\n|-damage|p1b: Regidrago|22\/100\n|move|p2b: Sinistcha|Matcha Gotcha|p1b: Regidrago|[spread] p1a,p1b\n|-resisted|p1b: Regidrago\n|-damage|p1a: Clodsire|62\/100\n|-heal|p2b: Sinistcha|65\/100 tox|[from] drain|[of] p1a: Clodsire\n|-damage|p1b: Regidrago|10\/100\n|-heal|p2b: Sinistcha|75\/100 tox|[from] drain|[of] p1b: Regidrago\n|-status|p1b: Regidrago|brn\n|move|p1b: Regidrago|Tera Blast|p2b: Sinistcha|[anim] Tera Blast Steel\n|-damage|p2b: Sinistcha|35\/100 tox\n|\n|-damage|p2a: Farigiraf|65\/100 tox|[from] psn\n|-damage|p2b: Sinistcha|4\/100 tox|[from] psn\n|-damage|p1b: Regidrago|4\/100 brn|[from] brn\n|upkeep\n|turn|8\n|\n|t:|1700592324\n|move|p1a: Clodsire|Recover|p1a: Clodsire\n|-heal|p1a: Clodsire|100\/100\n|move|p2a: Farigiraf|Psyshock|p1a: Clodsire\n|-supereffective|p1a: Clodsire\n|-damage|p1a: Clodsire|34\/100\n|move|p2b: Sinistcha|Matcha Gotcha|p1a: Clodsire|[spread] p1a,p1b\n|-resisted|p1b: Regidrago\n|-damage|p1a: Clodsire|15\/100\n|-heal|p2b: Sinistcha|16\/100 tox|[from] drain|[of] p1a: Clodsire\n|-damage|p1b: Regidrago|0 fnt\n|-heal|p2b: Sinistcha|18\/100 tox|[from] drain|[of] p1b: Regidrago\n|faint|p1b: Regidrago\n|\n|-damage|p2a: Farigiraf|41\/100 tox|[from] psn\n|-damage|p2b: Sinistcha|0 fnt|[from] psn\n|faint|p2b: Sinistcha\n|-fieldend|move: Trick Room\n|upkeep\n|\n|t:|1700592343\n|switch|p2b: Kingambit|Kingambit, L50, F, tera:Water|38\/100\n|turn|9\n|\n|t:|1700592349\n|move|p1a: Clodsire|Protect|p1a: Clodsire\n|-singleturn|p1a: Clodsire|Protect\n|move|p2b: Kingambit|Assurance|p1a: Clodsire\n|-activate|p1a: Clodsire|move: Protect\n|move|p2a: Farigiraf|Psyshock|p1a: Clodsire\n|-activate|p1a: Clodsire|move: Protect\n|\n|-damage|p2a: Farigiraf|11\/100 tox|[from] psn\n|upkeep\n|turn|10\n|\n|t:|1700592364\n|move|p2b: Kingambit|Assurance|p1a: Clodsire\n|-damage|p1a: Clodsire|0 fnt\n|-damage|p2b: Kingambit|22\/100|[from] item: Rocky Helmet|[of] p1a: Clodsire\n|faint|p1a: Clodsire\n|\n|win|ChocccccyMilkMafia\n|raw|Its andreas tbh's rating: 1221 &rarr; <strong>1192<\/strong><br \/>(-29 for losing)\n|raw|ChocccccyMilkMafia's rating: 1169 &rarr; <strong>1198<\/strong><br \/>(+29 for winning)\n|l|\u2606Its andreas tbh\n","uploadtime":1700592372,"views":1,"p1id":"itsandreastbh","p2id":"chocccccymilkmafia","formatid":"gen9vgc2023regulatione","rating":1192,"private":0,"password":""}