{"id":"gen9vgc2023regulatione-1998061063","p1":"AC Wesley","p2":"HeffNastyy","format":"[Gen 9] VGC 2023 Regulation E","log":"|j|\u2606AC Wesley\n|j|\u2606HeffNastyy\n|t:|1700885310\n|gametype|doubles\n|player|p1|AC Wesley|thorton|1474\n|player|p2|HeffNastyy|lance|1490\n|teamsize|p1|6\n|teamsize|p2|6\n|gen|9\n|tier|[Gen 9] VGC 2023 Regulation E\n|rated|\n|rule|Species Clause: Limit one of each Pok\u00e9mon\n|rule|Item Clause: Limit one of each item\n|clearpoke\n|poke|p1|Ogerpon, L50, F|\n|poke|p1|Chien-Pao, L50|\n|poke|p1|Urshifu-*, L50, M|\n|poke|p1|Flutter Mane, L50|\n|poke|p1|Landorus-Therian, L50, M|\n|poke|p1|Tornadus, L50, M|\n|poke|p2|Tornadus, L50, M|\n|poke|p2|Arcanine-Hisui, L50, F|\n|poke|p2|Gholdengo, L50|\n|poke|p2|Urshifu-*, L50, M|\n|poke|p2|Rillaboom, L50, M|\n|poke|p2|Zapdos, L50|\n|teampreview|4\n|inactive|Battle timer is ON: inactive players will automatically lose when time's up. (requested by AC Wesley)\nHeffNastyy has agreed to open team sheets.\nAC Wesley has agreed to open team sheets.\n|inactive|AC Wesley has 30 seconds left.\n|inactive|HeffNastyy has 30 seconds left.\n|inactive|HeffNastyy has 20 seconds left.\n|inactive|HeffNastyy has 15 seconds left.\n|inactive|HeffNastyy has 10 seconds left.\n|inactive|HeffNastyy has 5 seconds left.\n|\n|t:|1700885375\n|start\n|switch|p1a: Landorus|Landorus-Therian, L50, M|100\/100\n|switch|p1b: Flutter Mane|Flutter Mane, L50|100\/100\n|switch|p2a: Tornadus|Tornadus, L50, M|100\/100\n|switch|p2b: Zapdos|Zapdos, L50|100\/100\n|-ability|p1a: Landorus|Intimidate|boost\n|-unboost|p2a: Tornadus|atk|1\n|-unboost|p2b: Zapdos|atk|1\n|turn|1\n|inactive|AC Wesley has 30 seconds left.\n|inactive|HeffNastyy has 30 seconds left.\n|inactive|AC Wesley has 20 seconds left.\n|inactive|AC Wesley has 15 seconds left.\n|inactive|AC Wesley has 10 seconds left.\n|inactive|AC Wesley has 5 seconds left.\n|\n|t:|1700885427\n|move|p2b: Zapdos|Protect|p2b: Zapdos\n|-singleturn|p2b: Zapdos|Protect\n|move|p2a: Tornadus|Tailwind|p2a: Tornadus\n|-sidestart|p2: HeffNastyy|move: Tailwind\n|move|p1a: Landorus|Rock Slide|p2a: Tornadus|[spread] \n|-activate|p2b: Zapdos|move: Protect\n|-miss|p1a: Landorus|p2a: Tornadus\n|move|p1b: Flutter Mane|Moonblast|p2a: Tornadus\n|-crit|p2a: Tornadus\n|-damage|p2a: Tornadus|2\/100\n|\n|upkeep\n|turn|2\n|\n|t:|1700885450\n|-terastallize|p2b: Zapdos|Steel\n|move|p2a: Tornadus|Rain Dance|p2a: Tornadus\n|-weather|RainDance\n|move|p2b: Zapdos|Hurricane|p1a: Landorus\n|-damage|p1a: Landorus|29\/100\n|-start|p1a: Landorus|confusion\n|-activate|p1a: Landorus|confusion\n|-damage|p1a: Landorus|8\/100|[from] confusion\n|move|p1b: Flutter Mane|Moonblast|p2b: Zapdos\n|-resisted|p2b: Zapdos\n|-damage|p2b: Zapdos|68\/100\n|\n|-weather|RainDance|[upkeep]\n|upkeep\n|turn|3\n|inactive|AC Wesley has 30 seconds left.\n|\n|t:|1700885478\n|switch|p1a: Tornadus|Tornadus, L50, M|100\/100\n|move|p2a: Tornadus|Bleakwind Storm|p1b: Flutter Mane|[spread] p1a,p1b\n|-damage|p1a: Tornadus|55\/100\n|-damage|p1b: Flutter Mane|65\/100\n|move|p2b: Zapdos|Hurricane|p1b: Flutter Mane\n|-damage|p1b: Flutter Mane|12\/100\n|move|p1b: Flutter Mane|Moonblast|p2a: Tornadus\n|-damage|p2a: Tornadus|0 fnt\n|faint|p2a: Tornadus\n|\n|-weather|RainDance|[upkeep]\n|upkeep\n|\n|t:|1700885499\n|switch|p2a: Gholdengo|Gholdengo, L50|100\/100\n|turn|4\n|inactive|AC Wesley has 30 seconds left.\n|inactive|HeffNastyy has 30 seconds left.\n|\n|t:|1700885531\n|move|p1a: Tornadus|Tailwind|p1a: Tornadus\n|-sidestart|p1: AC Wesley|move: Tailwind\n|move|p1b: Flutter Mane|Moonblast|p2a: Gholdengo\n|-resisted|p2a: Gholdengo\n|-damage|p2a: Gholdengo|64\/100\n|move|p2b: Zapdos|Hurricane|p1a: Tornadus\n|-damage|p1a: Tornadus|0 fnt\n|faint|p1a: Tornadus\n|move|p2a: Gholdengo|Make It Rain|p1b: Flutter Mane\n|-supereffective|p1b: Flutter Mane\n|-damage|p1b: Flutter Mane|0 fnt\n|-unboost|p2a: Gholdengo|spa|1\n|faint|p1b: Flutter Mane\n|-end|p1b: Flutter Mane|Protosynthesis|[silent]\n|-damage|p2a: Gholdengo|54\/100|[from] item: Life Orb\n|\n|-weather|RainDance|[upkeep]\n|-sideend|p2: HeffNastyy|move: Tailwind\n|upkeep\n|\n|t:|1700885541\n|switch|p1b: Landorus|Landorus-Therian, L50, M|8\/100\n|switch|p1a: Ogerpon|Ogerpon, L50, F|100\/100\n|-ability|p1b: Landorus|Intimidate|boost\n|-unboost|p2a: Gholdengo|atk|1\n|-unboost|p2b: Zapdos|atk|1\n|turn|5\n|inactive|HeffNastyy has 30 seconds left.\n|\n|t:|1700885568\n|move|p2b: Zapdos|Protect|p2b: Zapdos\n|-singleturn|p2b: Zapdos|Protect\n|move|p1b: Landorus|Stomping Tantrum|p2b: Zapdos\n|-activate|p2b: Zapdos|move: Protect\n|move|p1a: Ogerpon|Focus Energy|p1a: Ogerpon\n|-start|p1a: Ogerpon|move: Focus Energy\n|move|p2a: Gholdengo|Shadow Ball|p1b: Landorus\n|-damage|p1b: Landorus|0 fnt\n|faint|p1b: Landorus\n|-damage|p2a: Gholdengo|45\/100|[from] item: Life Orb\n|\n|-weather|RainDance|[upkeep]\n|upkeep\n|turn|6\n|j| mookystank\n|\n|t:|1700885589\n|-terastallize|p1a: Ogerpon|Grass\n|detailschange|p1a: Ogerpon|Ogerpon-Teal-Tera, L50, F, tera:Grass\n|-ability|p1a: Ogerpon|Embody Aspect (Teal)|boost\n|-boost|p1a: Ogerpon|spe|1\n|move|p1a: Ogerpon|Stomping Tantrum|p2b: Zapdos\n|-supereffective|p2b: Zapdos\n|-crit|p2b: Zapdos\n|-damage|p2b: Zapdos|0 fnt\n|faint|p2b: Zapdos\n|move|p2a: Gholdengo|Nasty Plot|p2a: Gholdengo\n|-boost|p2a: Gholdengo|spa|2\n|\n|-weather|none\n|upkeep\n|\n|t:|1700885601\n|switch|p2b: Urshifu|Urshifu-Rapid-Strike, L50, M|100\/100\n|turn|7\n|l| mookystank\n|inactive|AC Wesley has 30 seconds left.\n|inactive|HeffNastyy has 30 seconds left.\n|inactive|AC Wesley has 20 seconds left.\n|\n|t:|1700885636\n|move|p1a: Ogerpon|Stomping Tantrum|p2a: Gholdengo\n|-supereffective|p2a: Gholdengo\n|-crit|p2a: Gholdengo\n|-damage|p2a: Gholdengo|0 fnt\n|faint|p2a: Gholdengo\n|move|p2b: Urshifu|Close Combat|p1a: Ogerpon\n|-damage|p1a: Ogerpon|7\/100\n|-unboost|p2b: Urshifu|def|1\n|-unboost|p2b: Urshifu|spd|1\n|\n|-sideend|p1: AC Wesley|move: Tailwind\n|upkeep\n|turn|8\n|\n|t:|1700885646\n|move|p1a: Ogerpon|Ivy Cudgel|p2b: Urshifu\n|-supereffective|p2b: Urshifu\n|-crit|p2b: Urshifu\n|-damage|p2b: Urshifu|0 fnt\n|faint|p2b: Urshifu\n|\n|win|AC Wesley\n|raw|AC Wesley's rating: 1474 &rarr; <strong>1495<\/strong><br \/>(+21 for winning)\n|raw|HeffNastyy's rating: 1490 &rarr; <strong>1469<\/strong><br \/>(-21 for losing)\n","uploadtime":1700885654,"views":5,"p1id":"acwesley","p2id":"heffnastyy","formatid":"gen9vgc2023regulatione","rating":1469,"private":0,"password":""}