{"id":"gen9vgc2023regulatione-1996543410","p1":"SILVERGALARGA","p2":"Trachodi1991","format":"[Gen 9] VGC 2023 Regulation E","log":"|j|\u2606SILVERGALARGA\n|j|\u2606Trachodi1991\n|t:|1700692508\n|gametype|doubles\n|player|p1|SILVERGALARGA|101|\n|player|p2|Trachodi1991|linebacker|\n|teamsize|p1|6\n|teamsize|p2|6\n|gen|9\n|tier|[Gen 9] VGC 2023 Regulation E\n|rule|Species Clause: Limit one of each Pok\u00e9mon\n|rule|Item Clause: Limit one of each item\n|clearpoke\n|poke|p1|Amoonguss, L50, F|\n|poke|p1|Dragonite, L50, F|\n|poke|p1|Pelipper, L50, F|\n|poke|p1|Baxcalibur, L50, F|\n|poke|p1|Palafin, L50, F|\n|poke|p1|Iron Hands, L50|\n|poke|p2|Amoonguss, L50, M|\n|poke|p2|Scizor, L50, F|\n|poke|p2|Dondozo, L50, M|\n|poke|p2|Tatsugiri, L50, M|\n|poke|p2|Flutter Mane, L50|\n|poke|p2|Arcanine, L50, F|\n|teampreview|4\n|j| drakig\n|j| Fukassem\n|j| Machado-1497\n|j| gobuntu\n|j| Cheminsky953\n|c| drakig|podeis empezar\n|j| gclegoat\n|c| drakig|poned timer\n|c| drakig|empezad\n|c| drakig|os meto warn\n|c|\u2606SILVERGALARGA|te callas\n|c| drakig|xd\n|inactive|Battle timer is ON: inactive players will automatically lose when time's up. (requested by SILVERGALARGA)\n|c| drakig|silver\n|c| drakig|estas al filo\n|c|\u2606SILVERGALARGA|shh\n|c| Cheminsky953|vamos suertte\n|inactive|SILVERGALARGA has 60 seconds left.\n|c| drakig|suertte con doble t de stt\n|inactive|SILVERGALARGA has 30 seconds left.\n|inactive|SILVERGALARGA has 20 seconds left.\n|inactive|SILVERGALARGA has 15 seconds left.\n|inactive|SILVERGALARGA has 10 seconds left.\n|inactive|SILVERGALARGA has 5 seconds left.\n|\n|t:|1700692697\n|start\n|switch|p1a: PalaKING|Palafin, L50, F, shiny|100\/100\n|switch|p1b: ChemChem|Iron Hands, L50, shiny|100\/100\n|switch|p2a: Albacetator|Dondozo, L50, M|100\/100\n|switch|p2b: Traviesa|Flutter Mane, L50|100\/100\n|-enditem|p2b: Traviesa|Booster Energy\n|-activate|p2b: Traviesa|ability: Protosynthesis|[fromitem]\n|-start|p2b: Traviesa|protosynthesisspe\n|turn|1\n|inactive|SILVERGALARGA has 30 seconds left.\n|inactive|SILVERGALARGA has 20 seconds left.\n|inactive|SILVERGALARGA has 15 seconds left.\n|inactive|SILVERGALARGA has 10 seconds left.\n|\n|t:|1700692744\n|move|p2a: Albacetator|Protect|p2a: Albacetator\n|-singleturn|p2a: Albacetator|Protect\n|move|p2b: Traviesa|Dazzling Gleam|p1b: ChemChem|[spread] p1a,p1b\n|-supereffective|p1b: ChemChem\n|-damage|p1a: PalaKING|50\/100\n|-damage|p1b: ChemChem|71\/100\n|move|p1a: PalaKING|Flip Turn|p2b: Traviesa\n|-damage|p2b: Traviesa|42\/100\n|\n|t:|1700692754\n|detailschange|p1a: PalaKING|Palafin-Hero, L50, F, shiny\n|switch|p1a: Pajarraco|Pelipper, L50, F, shiny|100\/100|[from] Flip Turn\n|-weather|RainDance|[from] ability: Drizzle|[of] p1a: Pajarraco\n|move|p1b: ChemChem|Volt Switch|p2a: Albacetator\n|-activate|p2a: Albacetator|move: Protect\n|\n|-weather|RainDance|[upkeep]\n|upkeep\n|turn|2\n|inactive|SILVERGALARGA has 30 seconds left.\n|inactive|Trachodi1991 has 30 seconds left.\n|inactive|SILVERGALARGA has 20 seconds left.\n|inactive|SILVERGALARGA has 15 seconds left.\n|inactive|SILVERGALARGA has 10 seconds left.\n|\n|t:|1700692800\n|-end|p2b: Traviesa|Protosynthesis|[silent]\n|switch|p2b: Kokoro|Tatsugiri, L50, M|100\/100\n|-activate|p2b: Kokoro|ability: Commander|[of] p2a: Albacetator\n|-boost|p2a: Albacetator|atk|2\n|-boost|p2a: Albacetator|spa|2\n|-boost|p2a: Albacetator|spe|2\n|-boost|p2a: Albacetator|def|2\n|-boost|p2a: Albacetator|spd|2\n|move|p2a: Albacetator|Wave Crash|p1b: ChemChem\n|-damage|p1b: ChemChem|0 fnt\n|faint|p1b: ChemChem\n|-end|p1b: ChemChem|Quark Drive|[silent]\n|-damage|p2a: Albacetator|75\/100|[from] Recoil\n|move|p1a: Pajarraco|Tailwind|p1a: Pajarraco\n|-sidestart|p1: SILVERGALARGA|move: Tailwind\n|\n|-weather|RainDance|[upkeep]\n|-heal|p2a: Albacetator|81\/100|[from] item: Leftovers\n|upkeep\n|inactive|SILVERGALARGA has 30 seconds left.\n|inactive|SILVERGALARGA has 20 seconds left.\n|inactive|SILVERGALARGA has 15 seconds left.\n|inactive|SILVERGALARGA has 10 seconds left.\n|\n|t:|1700692847\n|switch|p1b: Tito|Dragonite, L50, F, shiny|100\/100\n|turn|3\n|\n|t:|1700692868\n|move|p1b: Tito|Protect|p1b: Tito\n|-singleturn|p1b: Tito|Protect\n|move|p2a: Albacetator|Protect|p2a: Albacetator\n|-singleturn|p2a: Albacetator|Protect\n|move|p1a: Pajarraco|Hurricane|p2a: Albacetator\n|-activate|p2a: Albacetator|move: Protect\n|\n|-weather|RainDance|[upkeep]\n|-heal|p2a: Albacetator|87\/100|[from] item: Leftovers\n|upkeep\n|turn|4\n|\n|t:|1700692885\n|-terastallize|p1b: Tito|Flying\n|move|p1b: Tito|Tera Blast|p2a: Albacetator|[anim] Tera Blast Flying\n|-damage|p2a: Albacetator|64\/100\n|move|p2a: Albacetator|Order Up|p1b: Tito\n|-damage|p1b: Tito|81\/100\n|-boost|p2a: Albacetator|atk|1\n|move|p1a: Pajarraco|Hurricane|p2a: Albacetator\n|-damage|p2a: Albacetator|47\/100\n|-start|p2a: Albacetator|confusion\n|\n|-weather|RainDance|[upkeep]\n|-heal|p2a: Albacetator|53\/100|[from] item: Leftovers\n|upkeep\n|turn|5\n|inactive|SILVERGALARGA has 30 seconds left.\n|inactive|SILVERGALARGA has 20 seconds left.\n|\n|t:|1700692920\n|switch|p1a: PalaKING|Palafin-Hero, L50, F, shiny|50\/100\n|-activate|p1a: PalaKING|ability: Zero to Hero\n|move|p1b: Tito|Protect|p1b: Tito\n|-singleturn|p1b: Tito|Protect\n|-activate|p2a: Albacetator|confusion\n|move|p2a: Albacetator|Wave Crash|p1b: Tito\n|-activate|p1b: Tito|move: Protect\n|\n|-weather|none\n|-heal|p2a: Albacetator|59\/100|[from] item: Leftovers\n|-sideend|p1: SILVERGALARGA|move: Tailwind\n|upkeep\n|turn|6\n|inactive|SILVERGALARGA has 30 seconds left.\n|inactive|SILVERGALARGA has 20 seconds left.\n|inactive|SILVERGALARGA has 15 seconds left.\n|inactive|SILVERGALARGA has 10 seconds left.\n|\n|t:|1700692966\n|-activate|p2a: Albacetator|confusion\n|-damage|p2a: Albacetator|48\/100|[from] confusion\n|move|p1a: PalaKING|Flip Turn|p2a: Albacetator\n|-resisted|p2a: Albacetator\n|-damage|p2a: Albacetator|41\/100\n|\n|t:|1700692971\n|switch|p1a: Pajarraco|Pelipper, L50, F, shiny|100\/100|[from] Flip Turn\n|-weather|RainDance|[from] ability: Drizzle|[of] p1a: Pajarraco\n|move|p1b: Tito|Tera Blast|p2a: Albacetator|[anim] Tera Blast Flying\n|-crit|p2a: Albacetator\n|-damage|p2a: Albacetator|0 fnt\n|faint|p2a: Albacetator\n|\n|-weather|RainDance|[upkeep]\n|upkeep\n|\n|t:|1700692993\n|switch|p2a: Traviesa|Flutter Mane, L50|42\/100\n|turn|7\n|inactive|SILVERGALARGA has 30 seconds left.\n|inactive|Trachodi1991 has 30 seconds left.\n|inactive|SILVERGALARGA has 20 seconds left.\n|inactive|Trachodi1991 has 20 seconds left.\n|inactive|SILVERGALARGA has 15 seconds left.\n|\n|t:|1700693037\n|move|p2a: Traviesa|Dazzling Gleam|p1b: Tito|[spread] p1a,p1b\n|-damage|p1a: Pajarraco|52\/100\n|-damage|p1b: Tito|50\/100\n|move|p2b: Kokoro|Dragon Pulse|p1a: Pajarraco\n|-damage|p1a: Pajarraco|0 fnt\n|faint|p1a: Pajarraco\n|move|p1b: Tito|Tera Blast|p2b: Kokoro|[anim] Tera Blast Flying\n|-crit|p2b: Kokoro\n|-damage|p2b: Kokoro|0 fnt\n|faint|p2b: Kokoro\n|\n|-weather|RainDance|[upkeep]\n|upkeep\n|\n|t:|1700693048\n|switch|p2b: Perrom\u00e1n|Arcanine, L50, F|100\/100\n|switch|p1a: PalaKING|Palafin-Hero, L50, F, shiny|50\/100\n|-ability|p2b: Perrom\u00e1n|Intimidate|boost\n|-unboost|p1a: PalaKING|atk|1\n|-unboost|p1b: Tito|atk|1\n|turn|8\n|inactive|SILVERGALARGA has 30 seconds left.\n|inactive|Trachodi1991 has 30 seconds left.\n|inactive|SILVERGALARGA has 20 seconds left.\n|inactive|SILVERGALARGA has 15 seconds left.\n|inactive|Trachodi1991 has 20 seconds left.\n|inactive|Trachodi1991 has 15 seconds left.\n|inactive|SILVERGALARGA has 10 seconds left.\n|inactive|Trachodi1991 has 10 seconds left.\n|inactive|Trachodi1991 has 5 seconds left.\n|\n|t:|1700693107\n|-terastallize|p2b: Perrom\u00e1n|Fairy\n|move|p2a: Traviesa|Protect|p2a: Traviesa\n|-singleturn|p2a: Traviesa|Protect\n|move|p1a: PalaKING|Protect|p1a: PalaKING\n|-singleturn|p1a: PalaKING|Protect\n|move|p2b: Perrom\u00e1n|Play Rough|p1a: PalaKING\n|-activate|p1a: PalaKING|move: Protect\n|move|p1b: Tito|Tera Blast|p2a: Traviesa|[anim] Tera Blast Flying\n|-activate|p2a: Traviesa|move: Protect\n|\n|-weather|RainDance|[upkeep]\n|upkeep\n|turn|9\n|inactive|SILVERGALARGA has 30 seconds left.\n|inactive|SILVERGALARGA has 20 seconds left.\n|\n|t:|1700693147\n|move|p2b: Perrom\u00e1n|Extreme Speed|p1a: PalaKING\n|-damage|p1a: PalaKING|21\/100\n|move|p1a: PalaKING|Jet Punch|p2a: Traviesa\n|-damage|p2a: Traviesa|0 fnt\n|faint|p2a: Traviesa\n|-end|p2a: Traviesa|Protosynthesis|[silent]\n|move|p1b: Tito|Tera Blast|p2b: Perrom\u00e1n|[anim] Tera Blast Flying\n|-damage|p2b: Perrom\u00e1n|56\/100\n|\n|-weather|RainDance|[upkeep]\n|upkeep\n|turn|10\n|inactive|SILVERGALARGA has 30 seconds left this turn.\n|inactive|SILVERGALARGA has 20 seconds left.\n|inactive|SILVERGALARGA has 15 seconds left.\n|\n|t:|1700693166\n|move|p2b: Perrom\u00e1n|Extreme Speed|p1a: PalaKING\n|-damage|p1a: PalaKING|0 fnt\n|faint|p1a: PalaKING\n|move|p1b: Tito|Tera Blast|p2b: Perrom\u00e1n|[anim] Tera Blast Flying\n|-damage|p2b: Perrom\u00e1n|11\/100\n|\n|-weather|none\n|upkeep\n|turn|11\n|inactive|SILVERGALARGA has 15 seconds left this turn.\n|inactive|SILVERGALARGA has 10 seconds left.\n|\n|t:|1700693187\n|move|p1b: Tito|Extreme Speed|p2b: Perrom\u00e1n\n|-damage|p2b: Perrom\u00e1n|0 fnt\n|faint|p2b: Perrom\u00e1n\n|\n|win|SILVERGALARGA\n|inactive|SILVERGALARGA has 10 seconds left this turn.\n","uploadtime":1700693192,"views":15,"p1id":"silvergalarga","p2id":"trachodi1991","formatid":"gen9vgc2023regulatione","rating":0,"private":0,"password":""}