{"id":"gen9vgc2023regulatione-1995931093","p1":"frogmanthegrinch","p2":"mxgicqly","format":"[Gen 9] VGC 2023 Regulation E","log":"|j|\u2606frogmanthegrinch\n|j|\u2606mxgicqly\n|t:|1700618765\n|gametype|doubles\n|player|p1|frogmanthegrinch|proton|1225\n|player|p2|mxgicqly|waiter-gen4dp|1169\n|teamsize|p1|6\n|teamsize|p2|6\n|gen|9\n|tier|[Gen 9] VGC 2023 Regulation E\n|rated|\n|rule|Species Clause: Limit one of each Pok\u00e9mon\n|rule|Item Clause: Limit one of each item\n|clearpoke\n|poke|p1|Wo-Chien, L50|\n|poke|p1|Heatran, L50, F|\n|poke|p1|Grimmsnarl, L50, M|\n|poke|p1|Arcanine-Hisui, L50, F|\n|poke|p1|Roaring Moon, L50|\n|poke|p1|Ogerpon, L50, F|\n|poke|p2|Dragapult, L50, M|\n|poke|p2|Amoonguss, L50, M|\n|poke|p2|Ogerpon-Hearthflame, L50, F|\n|poke|p2|Iron Bundle, L50|\n|poke|p2|Rillaboom, L50, M|\n|poke|p2|Chien-Pao, L50|\n|teampreview|4\n|inactive|Battle timer is ON: inactive players will automatically lose when time's up. (requested by mxgicqly)\n|\n|t:|1700618778\n|start\n|switch|p1a: Arcanine|Arcanine-Hisui, L50, F|100\/100\n|switch|p1b: Grimmsnarl|Grimmsnarl, L50, M|100\/100\n|switch|p2a: Dragapult|Dragapult, L50, M|100\/100\n|switch|p2b: Chien-Pao|Chien-Pao, L50|100\/100\n|-ability|p2b: Chien-Pao|Sword of Ruin\n|-ability|p1a: Arcanine|Intimidate|boost\n|-fail|p2a: Dragapult|unboost|[from] ability: Clear Body|[of] p2a: Dragapult\n|-unboost|p2b: Chien-Pao|atk|1\n|-item|p1a: Arcanine|Air Balloon\n|turn|1\n|\n|t:|1700618799\n|-terastallize|p2a: Dragapult|Steel\n|move|p2b: Chien-Pao|Protect|p2b: Chien-Pao\n|-singleturn|p2b: Chien-Pao|Protect\n|move|p1b: Grimmsnarl|Fake Out|p2b: Chien-Pao\n|-activate|p2b: Chien-Pao|move: Protect\n|move|p2a: Dragapult|Tera Blast|p1b: Grimmsnarl|[anim] Tera Blast Steel\n|-supereffective|p1b: Grimmsnarl\n|-damage|p1b: Grimmsnarl|0 fnt\n|faint|p1b: Grimmsnarl\n|move|p1a: Arcanine|Will-O-Wisp|p2b: Chien-Pao\n|-activate|p2b: Chien-Pao|move: Protect\n|\n|upkeep\n|\n|t:|1700618813\n|switch|p1b: Wo-Chien|Wo-Chien, L50|100\/100\n|-ability|p1b: Wo-Chien|Tablets of Ruin\n|turn|2\n|\n|t:|1700618832\n|move|p2a: Dragapult|Tera Blast|p1a: Arcanine|[anim] Tera Blast Steel\n|-damage|p1a: Arcanine|26\/100\n|-enditem|p1a: Arcanine|Air Balloon\n|move|p2b: Chien-Pao|Ice Spinner|p1b: Wo-Chien\n|-supereffective|p1b: Wo-Chien\n|-damage|p1b: Wo-Chien|54\/100\n|-damage|p2b: Chien-Pao|84\/100|[from] item: Rocky Helmet|[of] p1b: Wo-Chien\n|move|p1a: Arcanine|Will-O-Wisp|p2a: Dragapult\n|-status|p2a: Dragapult|brn\n|move|p1b: Wo-Chien|Leech Seed|p2b: Chien-Pao\n|-start|p2b: Chien-Pao|move: Leech Seed\n|\n|-damage|p2b: Chien-Pao|72\/100|[from] Leech Seed|[of] p1b: Wo-Chien\n|-heal|p1b: Wo-Chien|64\/100|[silent]\n|-damage|p2a: Dragapult|94\/100 brn|[from] brn\n|upkeep\n|turn|3\n|\n|t:|1700618855\n|switch|p2b: Rillaboom|Rillaboom, L50, M|100\/100\n|-fieldstart|move: Grassy Terrain|[from] ability: Grassy Surge|[of] p2b: Rillaboom\n|switch|p1a: Ogerpon|Ogerpon, L50, F|100\/100\n|move|p2a: Dragapult|Tera Blast|p1a: Ogerpon|[anim] Tera Blast Steel\n|-damage|p1a: Ogerpon|72\/100\n|move|p1b: Wo-Chien|Pollen Puff|p1a: Ogerpon\n|-heal|p1a: Ogerpon|100\/100\n|\n|-heal|p2a: Dragapult|100\/100 brn|[from] Grassy Terrain\n|-heal|p1b: Wo-Chien|70\/100|[from] Grassy Terrain\n|-damage|p2a: Dragapult|94\/100 brn|[from] brn\n|upkeep\n|turn|4\n|inactive|frogmanthegrinch has 30 seconds left.\n|inactive|mxgicqly has 30 seconds left.\n|inactive|frogmanthegrinch has 20 seconds left.\n|\n|t:|1700618890\n|switch|p2a: Chien-Pao|Chien-Pao, L50|72\/100\n|-ability|p2a: Chien-Pao|Sword of Ruin\n|-terastallize|p1a: Ogerpon|Grass\n|detailschange|p1a: Ogerpon|Ogerpon-Teal-Tera, L50, F, tera:Grass\n|-ability|p1a: Ogerpon|Embody Aspect (Teal)|boost\n|-boost|p1a: Ogerpon|spe|1\n|move|p2b: Rillaboom|Fake Out|p1b: Wo-Chien\n|-damage|p1b: Wo-Chien|56\/100\n|-damage|p2b: Rillaboom|84\/100|[from] item: Rocky Helmet|[of] p1b: Wo-Chien\n|move|p1a: Ogerpon|Knock Off|p2b: Rillaboom\n|-damage|p2b: Rillaboom|51\/100\n|-enditem|p2b: Rillaboom|Assault Vest|[from] move: Knock Off|[of] p1a: Ogerpon\n|cant|p1b: Wo-Chien|flinch\n|\n|-heal|p2a: Chien-Pao|78\/100|[from] Grassy Terrain\n|-heal|p2b: Rillaboom|57\/100|[from] Grassy Terrain\n|-heal|p1b: Wo-Chien|62\/100|[from] Grassy Terrain\n|upkeep\n|turn|5\n|inactive|mxgicqly has 30 seconds left.\n|inactive|mxgicqly has 20 seconds left.\n|inactive|mxgicqly has 15 seconds left.\n|inactive|mxgicqly has 10 seconds left.\n|inactive|mxgicqly has 5 seconds left.\n|\n|t:|1700618942\n|switch|p1a: Arcanine|Arcanine-Hisui, L50, F|26\/100\n|-ability|p1a: Arcanine|Intimidate|boost\n|-unboost|p2a: Chien-Pao|atk|1\n|-unboost|p2b: Rillaboom|atk|1\n|move|p1b: Wo-Chien|Protect|p1b: Wo-Chien\n|-singleturn|p1b: Wo-Chien|Protect\n|move|p2a: Chien-Pao|Sucker Punch||[still]\n|-fail|p2a: Chien-Pao\n|move|p2b: Rillaboom|Knock Off|p1a: Arcanine\n|-damage|p1a: Arcanine|6\/100\n|\n|-heal|p2a: Chien-Pao|84\/100|[from] Grassy Terrain\n|-heal|p1a: Arcanine|12\/100|[from] Grassy Terrain\n|-heal|p2b: Rillaboom|62\/100|[from] Grassy Terrain\n|-heal|p1b: Wo-Chien|69\/100|[from] Grassy Terrain\n|upkeep\n|turn|6\n|inactive|frogmanthegrinch has 30 seconds left.\n|inactive|mxgicqly has 30 seconds left.\n|\n|t:|1700618977\n|switch|p2b: Dragapult|Dragapult, L50, M, tera:Steel|94\/100 brn\n|move|p1a: Arcanine|Protect|p1a: Arcanine\n|-singleturn|p1a: Arcanine|Protect\n|move|p2a: Chien-Pao|Ice Spinner|p1a: Arcanine\n|-activate|p1a: Arcanine|move: Protect\n|move|p1b: Wo-Chien|Pollen Puff|p2a: Chien-Pao\n|-supereffective|p2a: Chien-Pao\n|-damage|p2a: Chien-Pao|23\/100\n|\n|-heal|p2b: Dragapult|100\/100 brn|[from] Grassy Terrain\n|-heal|p2a: Chien-Pao|29\/100|[from] Grassy Terrain\n|-heal|p1a: Arcanine|18\/100|[from] Grassy Terrain\n|-heal|p1b: Wo-Chien|75\/100|[from] Grassy Terrain\n|-damage|p2b: Dragapult|94\/100 brn|[from] brn\n|upkeep\n|turn|7\n|\n|t:|1700618996\n|move|p1b: Wo-Chien|Protect|p1b: Wo-Chien\n|-singleturn|p1b: Wo-Chien|Protect\n|move|p1a: Arcanine|Extreme Speed|p2a: Chien-Pao\n|-damage|p2a: Chien-Pao|2\/100\n|move|p2b: Dragapult|U-turn|p1b: Wo-Chien\n|-activate|p1b: Wo-Chien|move: Protect\n|move|p2a: Chien-Pao|Ice Spinner|p1a: Arcanine\n|-resisted|p1a: Arcanine\n|-damage|p1a: Arcanine|0 fnt\n|-fieldend|move: Grassy Terrain\n|faint|p1a: Arcanine\n|\n|-damage|p2b: Dragapult|88\/100 brn|[from] brn\n|upkeep\n|\n|t:|1700619011\n|switch|p1a: Ogerpon|Ogerpon-Teal-Tera, L50, F, tera:Grass|100\/100\n|-ability|p1a: Ogerpon|Embody Aspect (Teal)|boost\n|-boost|p1a: Ogerpon|spe|1\n|turn|8\n|\n|t:|1700619031\n|move|p1a: Ogerpon|Spiky Shield|p1a: Ogerpon\n|-singleturn|p1a: Ogerpon|move: Protect\n|move|p2a: Chien-Pao|Sucker Punch||[still]\n|-fail|p2a: Chien-Pao\n|move|p2b: Dragapult|U-turn|p1b: Wo-Chien\n|-supereffective|p1b: Wo-Chien\n|-damage|p1b: Wo-Chien|10\/100\n|-damage|p2b: Dragapult|72\/100 brn|[from] item: Rocky Helmet|[of] p1b: Wo-Chien\n|\n|t:|1700619045\n|switch|p2b: Iron Bundle|Iron Bundle, L50|100\/100|[from] U-turn\n|-enditem|p2b: Iron Bundle|Booster Energy\n|-activate|p2b: Iron Bundle|ability: Quark Drive|[fromitem]\n|-start|p2b: Iron Bundle|quarkdrivespe\n|move|p1b: Wo-Chien|Pollen Puff|p2a: Chien-Pao\n|-supereffective|p2a: Chien-Pao\n|-damage|p2a: Chien-Pao|0 fnt\n|faint|p2a: Chien-Pao\n|\n|upkeep\n|\n|t:|1700619059\n|switch|p2a: Dragapult|Dragapult, L50, M, tera:Steel|72\/100 brn\n|turn|9\n|\n|t:|1700619079\n|move|p2b: Iron Bundle|Icy Wind|p1a: Ogerpon|[spread] p1a,p1b\n|-supereffective|p1a: Ogerpon\n|-supereffective|p1b: Wo-Chien\n|-damage|p1a: Ogerpon|46\/100\n|-damage|p1b: Wo-Chien|0 fnt\n|-unboost|p1a: Ogerpon|spe|1\n|faint|p1b: Wo-Chien\n|move|p2a: Dragapult|U-turn|p1a: Ogerpon\n|-supereffective|p1a: Ogerpon\n|-damage|p1a: Ogerpon|1\/100\n|\n|t:|1700619087\n|switch|p2a: Rillaboom|Rillaboom, L50, M|62\/100|[from] U-turn\n|-fieldstart|move: Grassy Terrain|[from] ability: Grassy Surge|[of] p2a: Rillaboom\n|move|p1a: Ogerpon|Rock Tomb|p2b: Iron Bundle\n|-supereffective|p2b: Iron Bundle\n|-damage|p2b: Iron Bundle|49\/100\n|-unboost|p2b: Iron Bundle|spe|1\n|\n|-heal|p2b: Iron Bundle|55\/100|[from] Grassy Terrain\n|-heal|p1a: Ogerpon|7\/100|[from] Grassy Terrain\n|-heal|p2a: Rillaboom|68\/100|[from] Grassy Terrain\n|upkeep\n|turn|10\n|\n|t:|1700619107\n|move|p2b: Iron Bundle|Protect|p2b: Iron Bundle\n|-singleturn|p2b: Iron Bundle|Protect\n|move|p1a: Ogerpon|Spiky Shield|p1a: Ogerpon\n|-singleturn|p1a: Ogerpon|move: Protect\n|move|p2a: Rillaboom|Fake Out|p1a: Ogerpon\n|-activate|p1a: Ogerpon|move: Protect\n|-damage|p2a: Rillaboom|56\/100|[from] Spiky Shield|[of] p1a: Ogerpon\n|\n|-heal|p2b: Iron Bundle|61\/100|[from] Grassy Terrain\n|-heal|p1a: Ogerpon|13\/100|[from] Grassy Terrain\n|-heal|p2a: Rillaboom|62\/100|[from] Grassy Terrain\n|upkeep\n|turn|11\n|\n|t:|1700619131\n|move|p2b: Iron Bundle|Encore|p1a: Ogerpon\n|-start|p1a: Ogerpon|Encore\n|move|p1a: Ogerpon|Spiky Shield|p1a: Ogerpon\n|-singleturn|p1a: Ogerpon|move: Protect\n|move|p2a: Rillaboom|Knock Off|p1a: Ogerpon\n|-activate|p1a: Ogerpon|move: Protect\n|-damage|p2a: Rillaboom|50\/100|[from] Spiky Shield|[of] p1a: Ogerpon\n|\n|-heal|p2b: Iron Bundle|67\/100|[from] Grassy Terrain\n|-heal|p1a: Ogerpon|19\/100|[from] Grassy Terrain\n|-heal|p2a: Rillaboom|56\/100|[from] Grassy Terrain\n|upkeep\n|turn|12\n|inactive|frogmanthegrinch has 30 seconds left.\n|inactive|frogmanthegrinch has 20 seconds left.\n|inactive|frogmanthegrinch has 15 seconds left.\n|inactive|frogmanthegrinch has 10 seconds left.\n|inactive|frogmanthegrinch has 5 seconds left.\n|\n|t:|1700619186\n|move|p1a: Ogerpon|Spiky Shield||[still]\n|-fail|p1a: Ogerpon\n|move|p2b: Iron Bundle|Freeze-Dry|p1a: Ogerpon\n|-supereffective|p1a: Ogerpon\n|-damage|p1a: Ogerpon|0 fnt\n|faint|p1a: Ogerpon\n|\n|win|mxgicqly\n|raw|frogmanthegrinch's rating: 1225 &rarr; <strong>1196<\/strong><br \/>(-29 for losing)\n|raw|mxgicqly's rating: 1169 &rarr; <strong>1198<\/strong><br \/>(+29 for winning)\n","uploadtime":1700619195,"views":1,"p1id":"frogmanthegrinch","p2id":"mxgicqly","formatid":"gen9vgc2023regulatione","rating":1196,"private":0,"password":""}