{"id":"gen9vgc2023regulatione-1996702623","p1":"RIKASLOVER","p2":"miggiemadz","format":"[Gen 9] VGC 2023 Regulation E","log":"|j|\u2606RIKASLOVER\n|j|\u2606miggiemadz\n|t:|1700711785\n|gametype|doubles\n|player|p1|RIKASLOVER|cynthia-masters|1111\n|player|p2|miggiemadz|1|1044\n|teamsize|p1|6\n|teamsize|p2|6\n|gen|9\n|tier|[Gen 9] VGC 2023 Regulation E\n|rated|\n|rule|Species Clause: Limit one of each Pok\u00e9mon\n|rule|Item Clause: Limit one of each item\n|clearpoke\n|poke|p1|Tornadus, L50, M|\n|poke|p1|Arcanine-Hisui, L50, M|\n|poke|p1|Iron Hands, L50|\n|poke|p1|Amoonguss, L50, M|\n|poke|p1|Urshifu-*, L50, F|\n|poke|p1|Ogerpon-Wellspring, L50, F|\n|poke|p2|Haxorus, L50, M|\n|poke|p2|Gothitelle, L50, M|\n|poke|p2|Amoonguss, L50, F|\n|poke|p2|Landorus-Therian, L50, M|\n|poke|p2|Eelektross, L50, F|\n|poke|p2|Chandelure, L50, M|\n|teampreview|4\n|inactive|Battle timer is ON: inactive players will automatically lose when time's up. (requested by RIKASLOVER)\n|\n|t:|1700711818\n|start\n|switch|p1a: Tornadus|Tornadus, L50, M|100\/100\n|switch|p1b: Urshifu|Urshifu, L50, F|100\/100\n|switch|p2a: Gothitelle|Gothitelle, L50, M|100\/100\n|switch|p2b: Landorus|Landorus-Therian, L50, M|100\/100\n|-ability|p2b: Landorus|Intimidate|boost\n|-unboost|p1a: Tornadus|atk|1\n|-unboost|p1b: Urshifu|atk|1\n|turn|1\n|\n|t:|1700711843\n|move|p2a: Gothitelle|Fake Out|p1b: Urshifu\n|-damage|p1b: Urshifu|94\/100\n|move|p1a: Tornadus|Tailwind|p1a: Tornadus\n|-sidestart|p1: RIKASLOVER|move: Tailwind\n|cant|p1b: Urshifu|flinch\n|move|p2b: Landorus|Fly||[still]\n|-prepare|p2b: Landorus|Fly\n|\n|upkeep\n|turn|2\n|\n|t:|1700711854\n|move|p1b: Urshifu|Detect|p1b: Urshifu\n|-singleturn|p1b: Urshifu|Protect\n|move|p1a: Tornadus|Bleakwind Storm|p2a: Gothitelle|[spread] p2a\n|-miss|p1a: Tornadus|p2b: Landorus\n|-damage|p2a: Gothitelle|73\/100\n|-unboost|p2a: Gothitelle|spe|1\n|move|p2b: Landorus|Fly|p1b: Urshifu|[from]lockedmove\n|-activate|p1b: Urshifu|move: Protect\n|move|p2a: Gothitelle|Trick Room|p2a: Gothitelle\n|-fieldstart|move: Trick Room|[of] p2a: Gothitelle\n|\n|-heal|p2a: Gothitelle|80\/100|[from] item: Leftovers\n|upkeep\n|turn|3\n|\n|t:|1700711871\n|move|p2a: Gothitelle|Psychic|p1a: Tornadus\n|-damage|p1a: Tornadus|69\/100\n|-unboost|p1a: Tornadus|spd|1\n|move|p2b: Landorus|Fly||[still]\n|-prepare|p2b: Landorus|Fly\n|move|p1a: Tornadus|Bleakwind Storm|p2a: Gothitelle|[spread] p2a\n|-miss|p1a: Tornadus|p2b: Landorus\n|-damage|p2a: Gothitelle|54\/100\n|move|p1b: Urshifu|Wicked Blow|p2a: Gothitelle\n|-supereffective|p2a: Gothitelle\n|-crit|p2a: Gothitelle\n|-damage|p2a: Gothitelle|0 fnt\n|faint|p2a: Gothitelle\n|\n|upkeep\n|\n|t:|1700711886\n|switch|p2a: Haxorus|Haxorus, L50, M|100\/100\n|-ability|p2a: Haxorus|Unnerve\n|turn|4\n|\n|t:|1700711895\n|switch|p1b: Arcanine|Arcanine-Hisui, L50, M|100\/100\n|-ability|p1b: Arcanine|Intimidate|boost\n|-unboost|p2a: Haxorus|atk|1\n|-unboost|p2b: Landorus|atk|1\n|move|p2a: Haxorus|Dragon Claw|p1a: Tornadus\n|-damage|p1a: Tornadus|18\/100\n|-damage|p2a: Haxorus|84\/100|[from] item: Rocky Helmet|[of] p1a: Tornadus\n|move|p2b: Landorus|Fly|p1b: Arcanine|[from]lockedmove\n|-resisted|p1b: Arcanine\n|-damage|p1b: Arcanine|82\/100\n|move|p1a: Tornadus|Bleakwind Storm|p2a: Haxorus|[spread] \n|-miss|p1a: Tornadus|p2a: Haxorus\n|-miss|p1a: Tornadus|p2b: Landorus\n|\n|-sideend|p1: RIKASLOVER|move: Tailwind\n|upkeep\n|turn|5\n|inactive|miggiemadz has 30 seconds left.\n|inactive|miggiemadz has 20 seconds left.\n|inactive|miggiemadz has 15 seconds left.\n|\n|t:|1700711937\n|move|p1a: Tornadus|Bleakwind Storm|p2a: Haxorus|[spread] p2b\n|-miss|p1a: Tornadus|p2a: Haxorus\n|-damage|p2b: Landorus|40\/100\n|move|p1b: Arcanine|Head Smash|p2a: Haxorus\n|-damage|p2a: Haxorus|0 fnt\n|faint|p2a: Haxorus\n|-damage|p1b: Arcanine|48\/100|[from] Recoil\n|move|p2b: Landorus|Fly||[still]\n|-prepare|p2b: Landorus|Fly\n|\n|upkeep\n|\n|t:|1700711945\n|switch|p2a: Amoonguss|Amoonguss, L50, F|100\/100\n|turn|6\n|\n|t:|1700711956\n|switch|p1a: Amoonguss|Amoonguss, L50, M|100\/100\n|move|p2a: Amoonguss|Protect|p2a: Amoonguss\n|-singleturn|p2a: Amoonguss|Protect\n|move|p1b: Arcanine|Head Smash|p2a: Amoonguss\n|-activate|p2a: Amoonguss|move: Protect\n|move|p2b: Landorus|Fly|p1a: Amoonguss|[from]lockedmove\n|-supereffective|p1a: Amoonguss\n|-damage|p1a: Amoonguss|51\/100\n|\n|-fieldend|move: Trick Room\n|upkeep\n|turn|7\n|\n|t:|1700711975\n|switch|p1b: Tornadus|Tornadus, L50, M|18\/100\n|move|p2b: Landorus|Fly||[still]\n|-prepare|p2b: Landorus|Fly\n|move|p2a: Amoonguss|Spore|p1b: Tornadus\n|-status|p1b: Tornadus|slp|[from] move: Spore\n|move|p1a: Amoonguss|Pollen Puff|p1b: Tornadus\n|-heal|p1b: Tornadus|68\/100 slp\n|\n|upkeep\n|turn|8\n|\n|t:|1700711992\n|switch|p1a: Arcanine|Arcanine-Hisui, L50, M|48\/100\n|-ability|p1a: Arcanine|Intimidate|boost\n|-unboost|p2a: Amoonguss|atk|1\n|-unboost|p2b: Landorus|atk|1\n|move|p2b: Landorus|Fly|p1a: Arcanine|[from]lockedmove\n|-resisted|p1a: Arcanine\n|-damage|p1a: Arcanine|34\/100\n|cant|p1b: Tornadus|slp\n|move|p2a: Amoonguss|Pollen Puff|p2b: Landorus\n|-heal|p2b: Landorus|90\/100\n|\n|upkeep\n|turn|9\n|\n|t:|1700712007\n|move|p2b: Landorus|Fly||[still]\n|-prepare|p2b: Landorus|Fly\n|move|p1a: Arcanine|Flare Blitz|p2a: Amoonguss\n|-supereffective|p2a: Amoonguss\n|-damage|p2a: Amoonguss|0 fnt\n|faint|p2a: Amoonguss\n|-damage|p1a: Arcanine|0 fnt|[from] Recoil\n|faint|p1a: Arcanine\n|cant|p1b: Tornadus|slp\n|\n|upkeep\n|\n|t:|1700712016\n|switch|p1a: Amoonguss|Amoonguss, L50, M|84\/100\n|turn|10\n|\n|t:|1700712021\n|-terastallize|p1a: Amoonguss|Water\n|move|p1a: Amoonguss|Rage Powder|p1a: Amoonguss\n|-singleturn|p1a: Amoonguss|move: Rage Powder\n|-curestatus|p1b: Tornadus|slp|[msg]\n|move|p1b: Tornadus|Tailwind|p1b: Tornadus\n|-sidestart|p1: RIKASLOVER|move: Tailwind\n|move|p2b: Landorus|Fly|p1a: Amoonguss|[from]lockedmove\n|-damage|p1a: Amoonguss|65\/100\n|\n|upkeep\n|turn|11\n|-message|miggiemadz forfeited.\n|\n|win|RIKASLOVER\n|raw|RIKASLOVER's rating: 1111 &rarr; <strong>1131<\/strong><br \/>(+20 for winning)\n|raw|miggiemadz's rating: 1044 &rarr; <strong>1031<\/strong><br \/>(-13 for losing)\n|l|\u2606miggiemadz\n","uploadtime":1700712032,"views":6,"p1id":"rikaslover","p2id":"miggiemadz","formatid":"gen9vgc2023regulatione","rating":1031,"private":0,"password":""}