{"id":"gen9vgc2023regulatione-1992646930","p1":"solarized","p2":"Abused24test","format":"[Gen 9] VGC 2023 Regulation E","log":"|j|\u203dsolarized\n|j|\u2606Abused24test\n|t:|1700219922\n|gametype|doubles\n|player|p1|solarized|170|1311\n|player|p2|Abused24test|dawn|1317\n|teamsize|p1|6\n|teamsize|p2|6\n|gen|9\n|tier|[Gen 9] VGC 2023 Regulation E\n|rated|\n|rule|Species Clause: Limit one of each Pok\u00e9mon\n|rule|Item Clause: Limit one of each item\n|clearpoke\n|poke|p1|Weezing, L50, F|\n|poke|p1|Landorus-Therian, L50, M|\n|poke|p1|Iron Hands, L50|\n|poke|p1|Roaring Moon, L50|\n|poke|p1|Flutter Mane, L50|\n|poke|p1|Ogerpon-Wellspring, L50, F|\n|poke|p2|Ogerpon-Wellspring, L50, F|\n|poke|p2|Rillaboom, L50, F|\n|poke|p2|Kingambit, L50, M|\n|poke|p2|Arcanine-Hisui, L50, M|\n|poke|p2|Flutter Mane, L50|\n|poke|p2|Tornadus, L50, M|\n|teampreview|4\n|inactive|Battle timer is ON: inactive players will automatically lose when time's up. (requested by solarized)\n|inactive|Abused24test has 60 seconds left.\n|\n|t:|1700219981\n|start\n|switch|p1a: Weezing|Weezing, L50, F|100\/100\n|switch|p1b: Iron Hands|Iron Hands, L50|100\/100\n|switch|p2a: Arcanine|Arcanine-Hisui, L50, M|100\/100\n|switch|p2b: Rillaboom|Rillaboom, L50, F|100\/100\n|-ability|p1a: Weezing|Neutralizing Gas\n|turn|1\n|inactive|solarized has 30 seconds left.\n|\n|t:|1700220007\n|-end|p1b: Iron Hands|Quark Drive|[silent]\n|switch|p1b: Landorus|Landorus-Therian, L50, M|100\/100\n|-ability|p1b: Landorus|Intimidate|boost\n|-unboost|p2a: Arcanine|atk|1\n|-unboost|p2b: Rillaboom|atk|1\n|-terastallize|p2a: Arcanine|Fairy\n|move|p2b: Rillaboom|Fake Out|p1b: Landorus\n|-damage|p1b: Landorus|90\/100\n|move|p2a: Arcanine|Tera Blast|p1b: Landorus|[anim] Tera Blast Fairy\n|-damage|p1b: Landorus|40\/100\n|move|p1a: Weezing|Will-O-Wisp|p2b: Rillaboom|[miss]\n|-miss|p1a: Weezing|p2b: Rillaboom\n|\n|upkeep\n|turn|2\n|inactive|solarized has 30 seconds left.\n|inactive|Abused24test has 30 seconds left.\n|inactive|Abused24test has 20 seconds left.\n|inactive|Abused24test has 15 seconds left.\n|inactive|Abused24test has 10 seconds left.\n|\n|t:|1700220054\n|switch|p2a: Kingambit|Kingambit, L50, M|100\/100\n|switch|p2b: Flutter Mane|Flutter Mane, L50|100\/100\n|-enditem|p2b: Flutter Mane|Booster Energy\n|-activate|p2b: Flutter Mane|ability: Protosynthesis|[fromitem]\n|-start|p2b: Flutter Mane|protosynthesisspa\n|move|p1b: Landorus|Protect|p1b: Landorus\n|-singleturn|p1b: Landorus|Protect\n|move|p1a: Weezing|Will-O-Wisp|p2a: Kingambit\n|-status|p2a: Kingambit|brn\n|\n|-damage|p2a: Kingambit|95\/100 brn|[from] brn\n|upkeep\n|turn|3\n|inactive|solarized has 30 seconds left.\n|inactive|Abused24test has 30 seconds left.\n|inactive|solarized has 20 seconds left.\n|inactive|Abused24test has 20 seconds left.\n|\n|t:|1700220091\n|-terastallize|p1b: Landorus|Flying\n|move|p2b: Flutter Mane|Moonblast|p1b: Landorus\n|-damage|p1b: Landorus|0 fnt\n|faint|p1b: Landorus\n|move|p1a: Weezing|Will-O-Wisp|p2b: Flutter Mane\n|-status|p2b: Flutter Mane|brn\n|move|p2a: Kingambit|Swords Dance|p2a: Kingambit\n|-boost|p2a: Kingambit|atk|2\n|\n|-damage|p2b: Flutter Mane|94\/100 brn|[from] brn\n|-damage|p2a: Kingambit|89\/100 brn|[from] brn\n|upkeep\n|\n|t:|1700220099\n|switch|p1b: Roaring Moon|Roaring Moon, L50|100\/100\n|-enditem|p1b: Roaring Moon|Booster Energy\n|-activate|p1b: Roaring Moon|ability: Protosynthesis|[fromitem]\n|-start|p1b: Roaring Moon|protosynthesisspe\n|turn|4\n|\n|t:|1700220120\n|switch|p2a: Rillaboom|Rillaboom, L50, F|100\/100\n|move|p2b: Flutter Mane|Protect|p2b: Flutter Mane\n|-singleturn|p2b: Flutter Mane|Protect\n|move|p1b: Roaring Moon|Knock Off|p2b: Flutter Mane\n|-activate|p2b: Flutter Mane|move: Protect\n|move|p1a: Weezing|Taunt|p2a: Rillaboom\n|-start|p2a: Rillaboom|move: Taunt\n|\n|-damage|p2b: Flutter Mane|88\/100 brn|[from] brn\n|upkeep\n|turn|5\n|inactive|Abused24test has 30 seconds left.\n|inactive|Abused24test has 20 seconds left.\n|inactive|Abused24test has 15 seconds left.\n|\n|t:|1700220162\n|switch|p2a: Arcanine|Arcanine-Hisui, L50, M, tera:Fairy|100\/100\n|move|p1b: Roaring Moon|Protect|p1b: Roaring Moon\n|-singleturn|p1b: Roaring Moon|Protect\n|move|p2b: Flutter Mane|Shadow Ball|p1a: Weezing\n|-damage|p1a: Weezing|41\/100\n|-enditem|p1a: Weezing|Sitrus Berry|[eat]\n|-heal|p1a: Weezing|66\/100|[from] item: Sitrus Berry\n|move|p1a: Weezing|Will-O-Wisp|p2a: Arcanine\n|-status|p2a: Arcanine|brn\n|\n|-damage|p2b: Flutter Mane|82\/100 brn|[from] brn\n|-damage|p2a: Arcanine|94\/100 brn|[from] brn\n|upkeep\n|turn|6\n|inactive|solarized has 30 seconds left.\n|inactive|Abused24test has 30 seconds left.\n|inactive|Abused24test has 20 seconds left.\n|inactive|Abused24test has 15 seconds left.\n|\n|t:|1700220203\n|-end|p2b: Flutter Mane|Protosynthesis|[silent]\n|switch|p2b: Rillaboom|Rillaboom, L50, F|100\/100\n|move|p1b: Roaring Moon|Knock Off|p2b: Rillaboom\n|-damage|p2b: Rillaboom|54\/100\n|-enditem|p2b: Rillaboom|Assault Vest|[from] move: Knock Off|[of] p1b: Roaring Moon\n|move|p2a: Arcanine|Tera Blast|p1b: Roaring Moon|[anim] Tera Blast Fairy\n|-supereffective|p1b: Roaring Moon\n|-damage|p1b: Roaring Moon|0 fnt\n|faint|p1b: Roaring Moon\n|-end|p1b: Roaring Moon|Protosynthesis|[silent]\n|move|p1a: Weezing|Will-O-Wisp|p2b: Rillaboom|[miss]\n|-miss|p1a: Weezing|p2b: Rillaboom\n|\n|-damage|p2a: Arcanine|88\/100 brn|[from] brn\n|upkeep\n|-message|solarized forfeited.\n|\n|win|Abused24test\n|raw|solarized's rating: 1311 &rarr; <strong>1291<\/strong><br \/>(-20 for losing)\n|raw|Abused24test's rating: 1317 &rarr; <strong>1337<\/strong><br \/>(+20 for winning)\n|l|\u203dsolarized\n","uploadtime":1700220603,"views":27,"p1id":"solarized","p2id":"abused24test","formatid":"gen9vgc2023regulatione","rating":1291,"private":0,"password":""}