{"id":"gen9vgc2023regulatione-1995656316","p1":"Slowbro1234","p2":"Malstality","format":"[Gen 9] VGC 2023 Regulation E","log":"|j|\u2606Slowbro1234\n|j|\u2606Malstality\n|t:|1700591307\n|gametype|doubles\n|player|p1|Slowbro1234|101|1042\n|player|p2|Malstality|scientist-gen4|1056\n|teamsize|p1|6\n|teamsize|p2|6\n|gen|9\n|tier|[Gen 9] VGC 2023 Regulation E\n|rated|\n|rule|Species Clause: Limit one of each Pok\u00e9mon\n|rule|Item Clause: Limit one of each item\n|clearpoke\n|poke|p1|Tornadus, L50, M|\n|poke|p1|Ting-Lu, L50|\n|poke|p1|Baxcalibur, L50, M|\n|poke|p1|Urshifu-*, L50, F|\n|poke|p1|Meowscarada, L50, M|\n|poke|p1|Zapdos, L50|\n|poke|p2|Gengar, L50, M|\n|poke|p2|Dipplin, L50, M|\n|poke|p2|Landorus-Therian, L50, M|\n|poke|p2|Iron Hands, L50|\n|poke|p2|Iron Bundle, L50|\n|poke|p2|Klefki, L50, F|\n|teampreview|4\n|inactive|Battle timer is ON: inactive players will automatically lose when time's up. (requested by Malstality)\n|\n|t:|1700591334\n|start\n|switch|p1a: Tornadus|Tornadus, L50, M|100\/100\n|switch|p1b: Zapdos|Zapdos, L50|100\/100\n|switch|p2a: Gengar|Gengar, L50, M, shiny|100\/100\n|switch|p2b: Iron Bundle|Iron Bundle, L50, shiny|100\/100\n|-enditem|p2b: Iron Bundle|Booster Energy\n|-activate|p2b: Iron Bundle|ability: Quark Drive|[fromitem]\n|-start|p2b: Iron Bundle|quarkdrivespe\n|turn|1\n|\n|t:|1700591352\n|move|p1b: Zapdos|Protect|p1b: Zapdos\n|-singleturn|p1b: Zapdos|Protect\n|move|p1a: Tornadus|Tailwind|p1a: Tornadus\n|-sidestart|p1: Slowbro1234|move: Tailwind\n|move|p2b: Iron Bundle|Flip Turn|p1a: Tornadus\n|-damage|p1a: Tornadus|80\/100\n|\n|t:|1700591361\n|-end|p2b: Iron Bundle|Quark Drive|[silent]\n|switch|p2b: Dipplin|Dipplin, L50, M|100\/100|[from] Flip Turn\n|-ability|p2b: Dipplin|Supersweet Syrup\n|-ability|p2b: Dipplin|Supersweet Syrup|boost\n|-unboost|p1a: Tornadus|evasion|1\n|-unboost|p1b: Zapdos|evasion|1\n|move|p2a: Gengar|Hypnosis|p1b: Zapdos\n|-activate|p1b: Zapdos|move: Protect\n|\n|upkeep\n|turn|2\n|inactive|Slowbro1234 has 30 seconds left.\n|\n|t:|1700591395\n|move|p2a: Gengar|Protect|p2a: Gengar\n|-singleturn|p2a: Gengar|Protect\n|move|p1a: Tornadus|Rain Dance|p1a: Tornadus\n|-weather|RainDance\n|move|p1b: Zapdos|Hurricane|p2b: Dipplin\n|-supereffective|p2b: Dipplin\n|-damage|p2b: Dipplin|19\/100\n|move|p2b: Dipplin|Syrup Bomb|p1b: Zapdos\n|-resisted|p1b: Zapdos\n|-damage|p1b: Zapdos|84\/100\n|-start|p1b: Zapdos|Syrup Bomb\n|\n|-weather|RainDance|[upkeep]\n|-unboost|p1b: Zapdos|spe|1\n|upkeep\n|turn|3\n|inactive|Malstality has 30 seconds left.\n|\n|t:|1700591428\n|move|p1b: Zapdos|Protect|p1b: Zapdos\n|-singleturn|p1b: Zapdos|Protect\n|move|p1a: Tornadus|Bleakwind Storm|p2a: Gengar|[spread] p2a,p2b\n|-supereffective|p2b: Dipplin\n|-damage|p2a: Gengar|51\/100\n|-damage|p2b: Dipplin|0 fnt\n|faint|p2b: Dipplin\n|move|p2a: Gengar|Hypnosis|p1b: Zapdos\n|-activate|p1b: Zapdos|move: Protect\n|\n|-weather|RainDance|[upkeep]\n|-unboost|p1b: Zapdos|spe|1\n|upkeep\n|\n|t:|1700591434\n|switch|p2b: Iron Bundle|Iron Bundle, L50, shiny|100\/100\n|turn|4\n|inactive|Malstality has 30 seconds left.\n|\n|t:|1700591461\n|move|p1a: Tornadus|Protect|p1a: Tornadus\n|-singleturn|p1a: Tornadus|Protect\n|move|p2b: Iron Bundle|Freeze-Dry|p1a: Tornadus\n|-activate|p1a: Tornadus|move: Protect\n|move|p1b: Zapdos|Thunder|p2b: Iron Bundle\n|-supereffective|p2b: Iron Bundle\n|-damage|p2b: Iron Bundle|0 fnt\n|faint|p2b: Iron Bundle\n|-end|p2b: Iron Bundle|Quark Drive|[silent]\n|move|p2a: Gengar|Sludge Bomb|p1a: Tornadus\n|-activate|p1a: Tornadus|move: Protect\n|\n|-weather|RainDance|[upkeep]\n|-unboost|p1b: Zapdos|spe|1\n|-sideend|p1: Slowbro1234|move: Tailwind\n|upkeep\n|\n|t:|1700591464\n|switch|p2b: Landorus|Landorus-Therian, L50, M|100\/100\n|-ability|p2b: Landorus|Intimidate|boost\n|-unboost|p1a: Tornadus|atk|1\n|-unboost|p1b: Zapdos|atk|1\n|turn|5\n|\n|t:|1700591488\n|move|p1b: Zapdos|Protect|p1b: Zapdos\n|-singleturn|p1b: Zapdos|Protect\n|move|p1a: Tornadus|Tailwind|p1a: Tornadus\n|-sidestart|p1: Slowbro1234|move: Tailwind\n|move|p2b: Landorus|Rock Slide|p1a: Tornadus|[spread] p1a\n|-activate|p1b: Zapdos|move: Protect\n|-supereffective|p1a: Tornadus\n|-damage|p1a: Tornadus|23\/100\n|move|p2a: Gengar|Hypnosis|p1a: Tornadus\n|-status|p1a: Tornadus|slp|[from] move: Hypnosis\n|\n|-weather|RainDance|[upkeep]\n|-end|p1b: Zapdos|Syrup Bomb|[silent]\n|upkeep\n|turn|6\n|inactive|Slowbro1234 has 30 seconds left.\n|\n|t:|1700591520\n|-terastallize|p1b: Zapdos|Water\n|move|p2a: Gengar|Protect|p2a: Gengar\n|-singleturn|p2a: Gengar|Protect\n|cant|p1a: Tornadus|slp\n|move|p2b: Landorus|Rock Slide|p1a: Tornadus|[spread] p1a,p1b\n|-supereffective|p1a: Tornadus\n|-damage|p1a: Tornadus|0 fnt\n|-damage|p1b: Zapdos|59\/100\n|faint|p1a: Tornadus\n|cant|p1b: Zapdos|flinch\n|\n|-weather|none\n|upkeep\n|\n|t:|1700591535\n|switch|p1a: Ting-Lu|Ting-Lu, L50|100\/100\n|-ability|p1a: Ting-Lu|Vessel of Ruin\n|turn|7\n|\n|t:|1700591546\n|move|p2b: Landorus|Rock Slide|p1a: Ting-Lu|[spread] p1a,p1b\n|-resisted|p1a: Ting-Lu\n|-damage|p1a: Ting-Lu|94\/100\n|-damage|p1b: Zapdos|36\/100\n|move|p2a: Gengar|Hypnosis|p1b: Zapdos|[miss]\n|-miss|p2a: Gengar|p1b: Zapdos\n|cant|p1b: Zapdos|flinch\n|cant|p1a: Ting-Lu|flinch\n|\n|upkeep\n|turn|8\n|\n|t:|1700591558\n|move|p1b: Zapdos|Protect|p1b: Zapdos\n|-singleturn|p1b: Zapdos|Protect\n|move|p2b: Landorus|Rock Slide|p1a: Ting-Lu|[spread] p1a\n|-activate|p1b: Zapdos|move: Protect\n|-resisted|p1a: Ting-Lu\n|-damage|p1a: Ting-Lu|88\/100\n|move|p2a: Gengar|Hypnosis|p1b: Zapdos\n|-activate|p1b: Zapdos|move: Protect\n|move|p1a: Ting-Lu|Throat Chop|p2a: Gengar\n|-supereffective|p2a: Gengar\n|-damage|p2a: Gengar|0 fnt\n|-start|p1a: Ting-Lu|Disable|Throat Chop|[from] ability: Cursed Body|[of] p2a: Gengar\n|faint|p2a: Gengar\n|\n|-sideend|p1: Slowbro1234|move: Tailwind\n|upkeep\n|turn|9\n|\n|t:|1700591579\n|move|p2b: Landorus|Rock Slide|p1b: Zapdos|[spread] p1a,p1b\n|-resisted|p1a: Ting-Lu\n|-crit|p1b: Zapdos\n|-damage|p1a: Ting-Lu|82\/100\n|-damage|p1b: Zapdos|0 fnt\n|faint|p1b: Zapdos\n|move|p1a: Ting-Lu|Heavy Slam|p2b: Landorus\n|-damage|p2b: Landorus|59\/100\n|\n|upkeep\n|\n|t:|1700591587\n|switch|p1b: Baxcalibur|Baxcalibur, L50, M|100\/100\n|turn|10\n|\n|t:|1700591594\n|move|p2b: Landorus|Rock Slide|p1a: Ting-Lu|[spread] p1a,p1b\n|-resisted|p1a: Ting-Lu\n|-supereffective|p1b: Baxcalibur\n|-damage|p1a: Ting-Lu|76\/100\n|-damage|p1b: Baxcalibur|58\/100\n|move|p1b: Baxcalibur|Icicle Spear|p2b: Landorus\n|-supereffective|p2b: Landorus\n|-damage|p2b: Landorus|0 fnt\n|faint|p2b: Landorus\n|-hitcount|p2: Landorus|1\n|\n|win|Slowbro1234\n|raw|Slowbro1234's rating: 1042 &rarr; <strong>1077<\/strong><br \/>(+35 for winning)\n|raw|Malstality's rating: 1056 &rarr; <strong>1037<\/strong><br \/>(-19 for losing)\n|l|\u2606Malstality\n","uploadtime":1700591610,"views":2,"p1id":"slowbro1234","p2id":"malstality","formatid":"gen9vgc2023regulatione","rating":1037,"private":0,"password":""}