{"id":"gen9vgc2023regulatione-1993203387","p1":"LasermanZ11","p2":"don zaloog is real","format":"[Gen 9] VGC 2023 Regulation E","log":"|j|\u2606LasermanZ11\n|j|\u2606don zaloog is real\n|t:|1700277577\n|gametype|doubles\n|player|p1|LasermanZ11|ash|1471\n|player|p2|don zaloog is real|2|1569\n|teamsize|p1|6\n|teamsize|p2|6\n|gen|9\n|tier|[Gen 9] VGC 2023 Regulation E\n|rated|\n|rule|Species Clause: Limit one of each Pok\u00e9mon\n|rule|Item Clause: Limit one of each item\n|clearpoke\n|poke|p1|Mamoswine, L50, M|\n|poke|p1|Roaring Moon, L50|\n|poke|p1|Heatran, L50, M|\n|poke|p1|Flutter Mane, L50|\n|poke|p1|Ogerpon-Wellspring, L50, F|\n|poke|p1|Iron Hands, L50|\n|poke|p2|Okidogi, L50, M|\n|poke|p2|Sinistcha, L50|\n|poke|p2|Tornadus, L50, M|\n|poke|p2|Armarouge, L50, F|\n|poke|p2|Indeedee-F, L50, F|\n|poke|p2|Urshifu-*, L50, M|\n|teampreview|4\nLasermanZ11 has agreed to open team sheets.\ndon zaloog is real has agreed to open team sheets.\n|\n|t:|1700277687\n|start\n|switch|p1a: Roaring Moon|Roaring Moon, L50|100\/100\n|switch|p1b: Iron Hands|Iron Hands, L50|100\/100\n|switch|p2a: Armarouge|Armarouge, L50, F|100\/100\n|switch|p2b: Okidogi|Okidogi, L50, M|100\/100\n|-enditem|p1a: Roaring Moon|Booster Energy\n|-activate|p1a: Roaring Moon|ability: Protosynthesis|[fromitem]\n|-start|p1a: Roaring Moon|protosynthesisspe\n|turn|1\n|inactive|Battle timer is ON: inactive players will automatically lose when time's up. (requested by don zaloog is real)\n|\n|t:|1700277769\n|switch|p2a: Indeedee|Indeedee-F, L50, F|100\/100\n|-fieldstart|move: Psychic Terrain|[from] ability: Psychic Surge|[of] p2a: Indeedee\n|-enditem|p2b: Okidogi|Psychic Seed\n|-boost|p2b: Okidogi|spd|1|[from] item: Psychic Seed\n|-end|p1b: Iron Hands|Quark Drive|[silent]\n|switch|p1b: Flutter Mane|Flutter Mane, L50|100\/100\n|-terastallize|p1a: Roaring Moon|Flying\n|move|p1a: Roaring Moon|Acrobatics|p2b: Okidogi\n|-supereffective|p2b: Okidogi\n|-damage|p2b: Okidogi|5\/100\n|move|p2b: Okidogi|Drain Punch|p1b: Flutter Mane\n|-immune|p1b: Flutter Mane\n|\n|upkeep\n|turn|2\n|inactive|LasermanZ11 has 30 seconds left.\n|inactive|don zaloog is real has 30 seconds left.\n|inactive|LasermanZ11 has 20 seconds left.\n|inactive|don zaloog is real has 20 seconds left.\n|inactive|LasermanZ11 has 15 seconds left.\n|inactive|LasermanZ11 has 10 seconds left.\n|inactive|don zaloog is real has 15 seconds left.\n|\n|t:|1700277819\n|move|p2b: Okidogi|Protect|p2b: Okidogi\n|-singleturn|p2b: Okidogi|Protect\n|move|p1a: Roaring Moon|Acrobatics|p2a: Indeedee\n|-damage|p2a: Indeedee|46\/100\n|-damage|p1a: Roaring Moon|84\/100|[from] item: Rocky Helmet|[of] p2a: Indeedee\n|move|p1b: Flutter Mane|Icy Wind|p2a: Indeedee|[spread] p2a\n|-activate|p2b: Okidogi|move: Protect\n|-damage|p2a: Indeedee|33\/100\n|-unboost|p2a: Indeedee|spe|1\n|move|p2a: Indeedee|Psyshock|p1a: Roaring Moon\n|-damage|p1a: Roaring Moon|38\/100\n|\n|upkeep\n|turn|3\n|inactive|LasermanZ11 has 30 seconds left.\n|\n|t:|1700277850\n|move|p2a: Indeedee|Follow Me|p2a: Indeedee\n|-singleturn|p2a: Indeedee|move: Follow Me\n|move|p1a: Roaring Moon|Acrobatics|p2a: Indeedee\n|-damage|p2a: Indeedee|0 fnt\n|-damage|p1a: Roaring Moon|22\/100|[from] item: Rocky Helmet|[of] p2a: Indeedee\n|faint|p2a: Indeedee\n|move|p1b: Flutter Mane|Moonblast|p2b: Okidogi\n|-damage|p2b: Okidogi|0 fnt\n|faint|p2b: Okidogi\n|\n|upkeep\n|\n|t:|1700277856\n|switch|p2a: Armarouge|Armarouge, L50, F|100\/100\n|switch|p2b: Sinistcha|Sinistcha, L50|100\/100\n|turn|4\n|inactive|don zaloog is real has 30 seconds left.\n|\n|t:|1700277884\n|-terastallize|p2b: Sinistcha|Fire\n|move|p2a: Armarouge|Endure|p2a: Armarouge\n|-singleturn|p2a: Armarouge|move: Endure\n|move|p1a: Roaring Moon|Knock Off|p2b: Sinistcha\n|-damage|p2b: Sinistcha|59\/100\n|-enditem|p2b: Sinistcha|Sitrus Berry|[from] move: Knock Off|[of] p1a: Roaring Moon\n|move|p1b: Flutter Mane|Shadow Ball|p2b: Sinistcha\n|-damage|p2b: Sinistcha|6\/100\n|move|p2b: Sinistcha|Trick Room|p2b: Sinistcha\n|-fieldstart|move: Trick Room|[of] p2b: Sinistcha\n|\n|upkeep\n|turn|5\n|\n|t:|1700277906\n|move|p1b: Flutter Mane|Protect|p1b: Flutter Mane\n|-singleturn|p1b: Flutter Mane|Protect\n|move|p1a: Roaring Moon|Protect|p1a: Roaring Moon\n|-singleturn|p1a: Roaring Moon|Protect\n|move|p2b: Sinistcha|Matcha Gotcha|p1b: Flutter Mane|[spread] \n|-activate|p1a: Roaring Moon|move: Protect\n|-activate|p1b: Flutter Mane|move: Protect\n|move|p2a: Armarouge|Expanding Force|p1b: Flutter Mane|[spread] \n|-activate|p1a: Roaring Moon|move: Protect\n|-activate|p1b: Flutter Mane|move: Protect\n|\n|-fieldend|move: Psychic Terrain\n|upkeep\n|turn|6\n|inactive|LasermanZ11 has 30 seconds left.\n|\n|t:|1700277940\n|move|p2b: Sinistcha|Matcha Gotcha|p1a: Roaring Moon|[spread] p1a,p1b\n|-resisted|p1a: Roaring Moon\n|-damage|p1a: Roaring Moon|8\/100\n|-heal|p2b: Sinistcha|14\/100|[from] drain|[of] p1a: Roaring Moon\n|-damage|p1b: Flutter Mane|68\/100\n|-heal|p2b: Sinistcha|29\/100|[from] drain|[of] p1b: Flutter Mane\n|-status|p1a: Roaring Moon|brn\n|move|p2a: Armarouge|Heat Wave|p1a: Roaring Moon|[spread] p1a,p1b\n|-damage|p1a: Roaring Moon|0 fnt\n|-damage|p1b: Flutter Mane|29\/100\n|faint|p1a: Roaring Moon\n|-end|p1a: Roaring Moon|Protosynthesis|[silent]\n|move|p1b: Flutter Mane|Shadow Ball|p2a: Armarouge\n|-supereffective|p2a: Armarouge\n|-damage|p2a: Armarouge|0 fnt\n|faint|p2a: Armarouge\n|\n|upkeep\n|\n|t:|1700277960\n|switch|p1a: Iron Hands|Iron Hands, L50|100\/100\n|turn|7\n|\n|t:|1700277966\n|move|p1a: Iron Hands|Fake Out|p2b: Sinistcha\n|-damage|p2b: Sinistcha|15\/100\n|cant|p2b: Sinistcha|flinch\n|move|p1b: Flutter Mane|Shadow Ball|p2b: Sinistcha\n|-damage|p2b: Sinistcha|0 fnt\n|faint|p2b: Sinistcha\n|\n|win|LasermanZ11\n|raw|LasermanZ11's rating: 1471 &rarr; <strong>1496<\/strong><br \/>(+25 for winning)\n|raw|don zaloog is real's rating: 1569 &rarr; <strong>1544<\/strong><br \/>(-25 for losing)\n|l|\u2606don zaloog is real\n","uploadtime":1700277978,"views":14,"p1id":"lasermanz11","p2id":"donzaloogisreal","formatid":"gen9vgc2023regulatione","rating":1496,"private":0,"password":""}