{"id":"gen9vgc2023regulatione-1993656604","p1":"MonaKyubey","p2":"Jamesibell","format":"[Gen 9] VGC 2023 Regulation E","log":"|j|\u2606MonaKyubey\n|j|\u2606Jamesibell\n|t:|1700342263\n|gametype|doubles\n|player|p1|MonaKyubey|unknownf|1113\n|player|p2|Jamesibell|skyla|1212\n|teamsize|p1|6\n|teamsize|p2|6\n|gen|9\n|tier|[Gen 9] VGC 2023 Regulation E\n|rated|\n|rule|Species Clause: Limit one of each Pok\u00e9mon\n|rule|Item Clause: Limit one of each item\n|clearpoke\n|poke|p1|Rillaboom, L50, M|\n|poke|p1|Arcanine-Hisui, L50, M|\n|poke|p1|Sneasler, L50, F|\n|poke|p1|Ogerpon, L50, F|\n|poke|p1|Chi-Yu, L50|\n|poke|p1|Tornadus, L50, M|\n|poke|p2|Flutter Mane, L50|\n|poke|p2|Golem-Alola, L50, M|\n|poke|p2|Pincurchin, L50, M|\n|poke|p2|Iron Hands, L50|\n|poke|p2|Landorus-Therian, L50, M|\n|poke|p2|Iron Bundle, L50|\n|teampreview|4\n|inactive|Battle timer is ON: inactive players will automatically lose when time's up. (requested by Jamesibell)\nJamesibell has agreed to open team sheets.\n|inactive|Jamesibell has 60 seconds left.\n|\n|t:|1700342294\n|start\n|switch|p1a: Rillaboom|Rillaboom, L50, M|100\/100\n|switch|p1b: Sneasler|Sneasler, L50, F|100\/100\n|switch|p2a: Golem|Golem-Alola, L50, M|100\/100\n|switch|p2b: Landorus|Landorus-Therian, L50, M|100\/100\n|-ability|p2b: Landorus|Intimidate|boost\n|-unboost|p1a: Rillaboom|atk|1\n|-unboost|p1b: Sneasler|atk|1\n|-fieldstart|move: Grassy Terrain|[from] ability: Grassy Surge|[of] p1a: Rillaboom\n|-enditem|p1b: Sneasler|Grassy Seed\n|-boost|p1b: Sneasler|def|1|[from] item: Grassy Seed\n|turn|1\n|\n|t:|1700342318\n|switch|p1b: Arcanine|Arcanine-Hisui, L50, M|100\/100\n|-ability|p1b: Arcanine|Intimidate|boost\n|-unboost|p2a: Golem|atk|1\n|-unboost|p2b: Landorus|atk|1\n|-terastallize|p2a: Golem|Electric\n|move|p2b: Landorus|U-turn|p1a: Rillaboom\n|-supereffective|p1a: Rillaboom\n|-damage|p1a: Rillaboom|69\/100\n|\n|t:|1700342326\n|switch|p2b: Pincurchin|Pincurchin, L50, M|100\/100|[from] U-turn\n|-fieldstart|move: Electric Terrain|[from] ability: Electric Surge|[of] p2b: Pincurchin\n|move|p1a: Rillaboom|U-turn|p2a: Golem\n|-damage|p2a: Golem|87\/100\n|\n|t:|1700342334\n|switch|p1a: Sneasler|Sneasler, L50, F|100\/100|[from] U-turn\n|move|p2a: Golem|Explosion|p1a: Sneasler|[spread] p2b,p1a,p1b\n|-resisted|p2b: Pincurchin\n|-damage|p2b: Pincurchin|28\/100\n|-damage|p1a: Sneasler|0 fnt\n|-damage|p1b: Arcanine|0 fnt\n|faint|p2a: Golem\n|faint|p1a: Sneasler\n|faint|p1b: Arcanine\n|\n|upkeep\n|\n|t:|1700342345\n|switch|p1a: Rillaboom|Rillaboom, L50, M|69\/100\n|switch|p1b: Ogerpon|Ogerpon, L50, F|100\/100\n|switch|p2a: Iron Hands|Iron Hands, L50|100\/100\n|-fieldstart|move: Grassy Terrain|[from] ability: Grassy Surge|[of] p1a: Rillaboom\n|turn|2\n|\n|t:|1700342363\n|switch|p2b: Landorus|Landorus-Therian, L50, M|100\/100\n|-ability|p2b: Landorus|Intimidate|boost\n|-unboost|p1a: Rillaboom|atk|1\n|-unboost|p1b: Ogerpon|atk|1\n|-ability|p1b: Ogerpon|Defiant|boost\n|-boost|p1b: Ogerpon|atk|2\n|move|p1a: Rillaboom|Fake Out|p2a: Iron Hands\n|-damage|p2a: Iron Hands|95\/100\n|cant|p2a: Iron Hands|flinch\n|move|p1b: Ogerpon|Swords Dance|p1b: Ogerpon\n|-boost|p1b: Ogerpon|atk|2\n|\n|-heal|p1a: Rillaboom|75\/100|[from] Grassy Terrain\n|-heal|p2a: Iron Hands|100\/100|[from] Grassy Terrain\n|upkeep\n|turn|3\n|inactive|MonaKyubey has 30 seconds left.\n|inactive|MonaKyubey has 20 seconds left.\n|\n|t:|1700342400\n|switch|p2b: Pincurchin|Pincurchin, L50, M|28\/100\n|-fieldstart|move: Electric Terrain|[from] ability: Electric Surge|[of] p2b: Pincurchin\n|-activate|p2a: Iron Hands|ability: Quark Drive\n|-start|p2a: Iron Hands|quarkdriveatk\n|-terastallize|p1b: Ogerpon|Grass\n|detailschange|p1b: Ogerpon|Ogerpon-Teal-Tera, L50, F, tera:Grass\n|-ability|p1b: Ogerpon|Embody Aspect (Teal)|boost\n|-boost|p1b: Ogerpon|spe|1\n|move|p1b: Ogerpon|Ivy Cudgel|p2b: Pincurchin\n|-damage|p2b: Pincurchin|0 fnt\n|faint|p2b: Pincurchin\n|move|p1a: Rillaboom|High Horsepower|p2a: Iron Hands\n|-supereffective|p2a: Iron Hands\n|-damage|p2a: Iron Hands|72\/100\n|move|p2a: Iron Hands|Drain Punch|p1b: Ogerpon\n|-damage|p1b: Ogerpon|25\/100\n|-heal|p2a: Iron Hands|95\/100|[from] drain|[of] p1b: Ogerpon\n|\n|upkeep\n|\n|t:|1700342418\n|switch|p2b: Landorus|Landorus-Therian, L50, M|100\/100\n|-ability|p2b: Landorus|Intimidate|boost\n|-unboost|p1a: Rillaboom|atk|1\n|-unboost|p1b: Ogerpon|atk|1\n|turn|4\n|\n|t:|1700342432\n|move|p1b: Ogerpon|Ivy Cudgel|p2a: Iron Hands\n|-crit|p2a: Iron Hands\n|-damage|p2a: Iron Hands|0 fnt\n|faint|p2a: Iron Hands\n|-end|p2a: Iron Hands|Quark Drive|[silent]\n|move|p2b: Landorus|U-turn|p1b: Ogerpon\n|-supereffective|p1b: Ogerpon\n|-damage|p1b: Ogerpon|0 fnt\n|faint|p1b: Ogerpon\n|move|p1a: Rillaboom|High Horsepower|p2b: Landorus\n|-immune|p2b: Landorus\n|\n|upkeep\n|turn|5\n|\n|t:|1700342444\n|move|p2b: Landorus|U-turn|p1a: Rillaboom\n|-supereffective|p1a: Rillaboom\n|-damage|p1a: Rillaboom|26\/100\n|move|p1a: Rillaboom|Grassy Glide|p2b: Landorus\n|-damage|p2b: Landorus|82\/100\n|\n|upkeep\n|turn|6\n|\n|t:|1700342451\n|move|p2b: Landorus|U-turn|p1a: Rillaboom\n|-supereffective|p1a: Rillaboom\n|-damage|p1a: Rillaboom|0 fnt\n|faint|p1a: Rillaboom\n|\n|win|Jamesibell\n|raw|MonaKyubey's rating: 1113 &rarr; <strong>1095<\/strong><br \/>(-18 for losing)\n|raw|Jamesibell's rating: 1212 &rarr; <strong>1230<\/strong><br \/>(+18 for winning)\n|l|\u2606MonaKyubey\n","uploadtime":1700342462,"views":18,"p1id":"monakyubey","p2id":"jamesibell","formatid":"gen9vgc2023regulatione","rating":1095,"private":0,"password":""}