{"id":"gen9vgc2023regulatione-1991529667","p1":"secretstudent","p2":"f unrealsborr","format":"[Gen 9] VGC 2023 Regulation E","log":"|j|\u2606secretstudent\n|j|\u2606f unrealsborr\n|t:|1700085384\n|gametype|doubles\n|player|p1|secretstudent|beauty|1029\n|player|p2|f unrealsborr|lusamine-nihilego|1000\n|teamsize|p1|6\n|teamsize|p2|6\n|gen|9\n|tier|[Gen 9] VGC 2023 Regulation E\n|rated|\n|rule|Species Clause: Limit one of each Pok\u00e9mon\n|rule|Item Clause: Limit one of each item\n|clearpoke\n|poke|p1|Chien-Pao, L50|\n|poke|p1|Amoonguss, L50, M|\n|poke|p1|Hatterene, L50, F|\n|poke|p1|Gyarados, L50, F|\n|poke|p1|Volcarona, L50, M|\n|poke|p1|Ogerpon, L50, F|\n|poke|p2|Oranguru, L50, M|\n|poke|p2|Sinistcha, L50|\n|poke|p2|Golem-Alola, L50, F|\n|poke|p2|Gyarados, L50, F|\n|poke|p2|Carbink, L50|\n|poke|p2|Iron Thorns, L50|\n|teampreview|4\nf unrealsborr rejected open team sheets.\n|\n|t:|1700085425\n|start\n|switch|p1a: Hatterene|Hatterene, L50, F|100\/100\n|switch|p1b: Ogerpon|Ogerpon, L50, F|100\/100\n|switch|p2a: Carbink|Carbink, L50|100\/100\n|switch|p2b: Golem|Golem-Alola, L50, F|100\/100\n|turn|1\n|\n|t:|1700085446\n|move|p1b: Ogerpon|Stomping Tantrum|p2b: Golem\n|-supereffective|p2b: Golem\n|-damage|p2b: Golem|6\/100\n|-damage|p1b: Ogerpon|91\/100|[from] item: Life Orb\n|move|p2b: Golem|Explosion|p1b: Ogerpon|[spread] p2a,p1a,p1b\n|-resisted|p1b: Ogerpon\n|-damage|p2a: Carbink|2\/100\n|-damage|p1a: Hatterene|0 fnt\n|-damage|p1b: Ogerpon|6\/100\n|faint|p2b: Golem\n|faint|p1a: Hatterene\n|move|p2a: Carbink|Trick Room|p2a: Carbink\n|-fieldstart|move: Trick Room|[of] p2a: Carbink\n|\n|upkeep\n|\n|t:|1700085463\n|switch|p1a: Amoonguss|Amoonguss, L50, M|100\/100\n|switch|p2b: Iron Thorns|Iron Thorns, L50|100\/100\n|-enditem|p2b: Iron Thorns|Booster Energy\n|-activate|p2b: Iron Thorns|ability: Quark Drive|[fromitem]\n|-start|p2b: Iron Thorns|quarkdriveatk\n|turn|2\n|\n|t:|1700085481\n|move|p1b: Ogerpon|Follow Me|p1b: Ogerpon\n|-singleturn|p1b: Ogerpon|move: Follow Me\n|move|p1a: Amoonguss|Spore|p2b: Iron Thorns\n|-status|p2b: Iron Thorns|slp|[from] move: Spore\n|move|p2a: Carbink|Body Press|p1b: Ogerpon\n|-damage|p1b: Ogerpon|0 fnt\n|faint|p1b: Ogerpon\n|cant|p2b: Iron Thorns|slp\n|\n|upkeep\n|\n|t:|1700085491\n|switch|p1b: Chien-Pao|Chien-Pao, L50|100\/100\n|-ability|p1b: Chien-Pao|Sword of Ruin\n|turn|3\n|\n|t:|1700085515\n|-terastallize|p1b: Chien-Pao|Ghost\n|move|p1a: Amoonguss|Pollen Puff|p2a: Carbink\n|-resisted|p2a: Carbink\n|-damage|p2a: Carbink|0 fnt\n|faint|p2a: Carbink\n|cant|p2b: Iron Thorns|slp\n|move|p1b: Chien-Pao|Sacred Sword|p2b: Iron Thorns\n|-supereffective|p2b: Iron Thorns\n|-damage|p2b: Iron Thorns|36\/100 slp\n|\n|upkeep\n|\n|t:|1700085522\n|switch|p2a: + me :(|Oranguru, L50, M|100\/100\n|turn|4\n|\n|t:|1700085535\n|-terastallize|p2b: Iron Thorns|Ground\n|move|p1a: Amoonguss|Spore|p2a: + me :(\n|-status|p2a: + me :(|slp|[from] move: Spore\n|cant|p2a: + me :(|slp\n|-curestatus|p2b: Iron Thorns|slp|[msg]\n|move|p2b: Iron Thorns|Earthquake|p1b: Chien-Pao|[spread] p1a,p1b\n|-activate|p2a: + me :(|ability: Telepathy\n|-damage|p1a: Amoonguss|42\/100\n|-damage|p1b: Chien-Pao|25\/100\n|move|p1b: Chien-Pao|Sacred Sword|p2b: Iron Thorns\n|-damage|p2b: Iron Thorns|0 fnt\n|faint|p2b: Iron Thorns\n|-end|p2b: Iron Thorns|Quark Drive|[silent]\n|\n|upkeep\n|turn|5\n|-message|f unrealsborr forfeited.\n|\n|win|secretstudent\n|raw|secretstudent's rating: 1029 &rarr; <strong>1062<\/strong><br \/>(+33 for winning)\n|raw|f unrealsborr's rating: 1000 &rarr; <strong>1000<\/strong><br \/>(+0 for losing)\n|l|\u2606f unrealsborr\n","uploadtime":1700085555,"views":7,"p1id":"secretstudent","p2id":"funrealsborr","formatid":"gen9vgc2023regulatione","rating":1000,"private":0,"password":""}