{"id":"gen9vgc2023regulatione-1988667856","p1":"Rexluser","p2":"Rebelion31","format":"[Gen 9] VGC 2023 Regulation E","log":"|j|\u2606Rexluser\n|j|\u2606Rebelion31\n|t:|1699748322\n|gametype|doubles\n|player|p1|Rexluser|266|1102\n|player|p2|Rebelion31|265|1123\n|teamsize|p1|6\n|teamsize|p2|6\n|gen|9\n|tier|[Gen 9] VGC 2023 Regulation E\n|rated|\n|rule|Species Clause: Limit one of each Pok\u00e9mon\n|rule|Item Clause: Limit one of each item\n|clearpoke\n|poke|p1|Kommo-o, L50, M|\n|poke|p1|Clefairy, L50, F|\n|poke|p1|Iron Hands, L50|\n|poke|p1|Sinistcha-Masterpiece, L50|\n|poke|p1|Urshifu-*, L50, F|\n|poke|p1|Ursaluna-Bloodmoon, L50, M|\n|poke|p2|Urshifu-*, L50, M|\n|poke|p2|Tornadus, L50, M|\n|poke|p2|Crawdaunt, L50, M|\n|poke|p2|Indeedee-F, L50, F|\n|poke|p2|Politoed, L50, M|\n|poke|p2|Ludicolo, L50, F|\n|teampreview|4\n|inactive|Battle timer is ON: inactive players will automatically lose when time's up. (requested by Rexluser)\n|\n|t:|1699748334\n|start\n|switch|p1a: Kommo-o|Kommo-o, L50, M, shiny|100\/100\n|switch|p1b: Clefairy|Clefairy, L50, F|100\/100\n|switch|p2a: Indeedee|Indeedee-F, L50, F|100\/100\n|switch|p2b: Crawdaunt|Crawdaunt, L50, M|100\/100\n|-fieldstart|move: Psychic Terrain|[from] ability: Psychic Surge|[of] p2a: Indeedee\n|turn|1\n|\n|t:|1699748350\n|move|p2a: Indeedee|Follow Me|p2a: Indeedee\n|-singleturn|p2a: Indeedee|move: Follow Me\n|move|p1b: Clefairy|Follow Me|p1b: Clefairy\n|-singleturn|p1b: Clefairy|move: Follow Me\n|move|p1a: Kommo-o|Clangorous Soul|p1a: Kommo-o\n|-boost|p1a: Kommo-o|atk|1\n|-boost|p1a: Kommo-o|def|1\n|-boost|p1a: Kommo-o|spa|1\n|-boost|p1a: Kommo-o|spd|1\n|-boost|p1a: Kommo-o|spe|1\n|-damage|p1a: Kommo-o|68\/100\n|-enditem|p1a: Kommo-o|Throat Spray\n|-boost|p1a: Kommo-o|spa|1|[from] item: Throat Spray\n|move|p2b: Crawdaunt|Dragon Dance|p2b: Crawdaunt\n|-boost|p2b: Crawdaunt|atk|1\n|-boost|p2b: Crawdaunt|spe|1\n|\n|upkeep\n|turn|2\n|\n|t:|1699748371\n|move|p2a: Indeedee|Follow Me|p2a: Indeedee\n|-singleturn|p2a: Indeedee|move: Follow Me\n|move|p1b: Clefairy|Follow Me|p1b: Clefairy\n|-singleturn|p1b: Clefairy|move: Follow Me\n|move|p1a: Kommo-o|Clangorous Soul|p1a: Kommo-o\n|-boost|p1a: Kommo-o|atk|1\n|-boost|p1a: Kommo-o|def|1\n|-boost|p1a: Kommo-o|spa|1\n|-boost|p1a: Kommo-o|spd|1\n|-boost|p1a: Kommo-o|spe|1\n|-damage|p1a: Kommo-o|35\/100\n|move|p2b: Crawdaunt|Dragon Dance|p2b: Crawdaunt\n|-boost|p2b: Crawdaunt|atk|1\n|-boost|p2b: Crawdaunt|spe|1\n|\n|upkeep\n|turn|3\n|\n|t:|1699748393\n|switch|p1b: Sinistcha|Sinistcha-Masterpiece, L50, shiny|100\/100\n|-heal|p1a: Kommo-o|60\/100|[from] ability: Hospitality|[of] p1b: Sinistcha\n|move|p2a: Indeedee|Follow Me|p2a: Indeedee\n|-singleturn|p2a: Indeedee|move: Follow Me\n|move|p1a: Kommo-o|Clanging Scales|p2a: Indeedee|[spread] p2a,p2b\n|-damage|p2a: Indeedee|36\/100\n|-damage|p2b: Crawdaunt|0 fnt\n|-enditem|p2a: Indeedee|Sitrus Berry|[eat]\n|-heal|p2a: Indeedee|61\/100|[from] item: Sitrus Berry\n|faint|p2b: Crawdaunt\n|-unboost|p1a: Kommo-o|def|1\n|\n|upkeep\n|\n|t:|1699748411\n|switch|p2b: Urshifu|Urshifu-Rapid-Strike, L50, M|100\/100\n|turn|4\n|\n|t:|1699748427\n|switch|p1b: Clefairy|Clefairy, L50, F|100\/100\n|-terastallize|p2b: Urshifu|Water\n|move|p1a: Kommo-o|Protect|p1a: Kommo-o\n|-singleturn|p1a: Kommo-o|Protect\n|move|p2b: Urshifu|Protect|p2b: Urshifu\n|-singleturn|p2b: Urshifu|Protect\n|move|p2a: Indeedee|Draining Kiss|p1a: Kommo-o\n|-activate|p1a: Kommo-o|move: Protect\n|\n|upkeep\n|turn|5\n|\n|t:|1699748449\n|switch|p2a: Politoed|Politoed, L50, M|100\/100\n|-weather|RainDance|[from] ability: Drizzle|[of] p2a: Politoed\n|move|p1b: Clefairy|Follow Me|p1b: Clefairy\n|-singleturn|p1b: Clefairy|move: Follow Me\n|move|p1a: Kommo-o|Clangorous Soul|p1a: Kommo-o\n|-boost|p1a: Kommo-o|atk|1\n|-boost|p1a: Kommo-o|def|1\n|-boost|p1a: Kommo-o|spa|1\n|-boost|p1a: Kommo-o|spd|1\n|-boost|p1a: Kommo-o|spe|1\n|-damage|p1a: Kommo-o|28\/100\n|move|p2b: Urshifu|Surging Strikes|p1b: Clefairy\n|-crit|p1b: Clefairy\n|-damage|p1b: Clefairy|61\/100\n|-crit|p1b: Clefairy\n|-damage|p1b: Clefairy|26\/100\n|-crit|p1b: Clefairy\n|-damage|p1b: Clefairy|0 fnt\n|faint|p1b: Clefairy\n|-hitcount|p1: Clefairy|3\n|\n|-weather|RainDance|[upkeep]\n|-fieldend|move: Psychic Terrain\n|upkeep\n|\n|t:|1699748462\n|switch|p1b: Sinistcha|Sinistcha-Masterpiece, L50, shiny|100\/100\n|-heal|p1a: Kommo-o|53\/100|[from] ability: Hospitality|[of] p1b: Sinistcha\n|turn|6\n|\n|t:|1699748480\n|move|p1a: Kommo-o|Clanging Scales|p2a: Politoed|[spread] p2a,p2b\n|-damage|p2a: Politoed|0 fnt\n|-damage|p2b: Urshifu|0 fnt\n|faint|p2a: Politoed\n|faint|p2b: Urshifu\n|-unboost|p1a: Kommo-o|def|1\n|move|p1b: Sinistcha|Matcha Gotcha|p2: Politoed|[notarget]\n|-fail|p1b: Sinistcha\n|\n|-weather|RainDance|[upkeep]\n|upkeep\n|-message|Rebelion31 forfeited.\n|\n|win|Rexluser\n|raw|Rexluser's rating: 1102 &rarr; <strong>1129<\/strong><br \/>(+27 for winning)\n|raw|Rebelion31's rating: 1123 &rarr; <strong>1096<\/strong><br \/>(-27 for losing)\n|l|\u2606Rebelion31\n","uploadtime":1699748489,"views":8,"p1id":"rexluser","p2id":"rebelion31","formatid":"gen9vgc2023regulatione","rating":1096,"private":0,"password":""}