{"id":"gen9vgc2023regulatione-1991824942","p1":"AlbertoMoralo15","p2":"Vienna Vaporeons","format":"[Gen 9] VGC 2023 Regulation E","log":"|j|\u2606AlbertoMoralo15\n|j|\u2606Vienna Vaporeons\n|t:|1700124006\n|gametype|doubles\n|player|p1|AlbertoMoralo15|169|1591\n|player|p2|Vienna Vaporeons|2|1450\n|teamsize|p1|6\n|teamsize|p2|6\n|gen|9\n|tier|[Gen 9] VGC 2023 Regulation E\n|rated|\n|rule|Species Clause: Limit one of each Pok\u00e9mon\n|rule|Item Clause: Limit one of each item\n|clearpoke\n|poke|p1|Tornadus, L50, M|\n|poke|p1|Flutter Mane, L50|\n|poke|p1|Urshifu-*, L50, F|\n|poke|p1|Ogerpon-Hearthflame, L50, F|\n|poke|p1|Chien-Pao, L50|\n|poke|p1|Rillaboom, L50, M|\n|poke|p2|Tornadus, L50, M|\n|poke|p2|Heatran, L50, F|\n|poke|p2|Flutter Mane, L50|\n|poke|p2|Urshifu-*, L50, F|\n|poke|p2|Rillaboom, L50, F|\n|poke|p2|Landorus-Therian, L50, M|\n|teampreview|4\n|inactive|Battle timer is ON: inactive players will automatically lose when time's up. (requested by AlbertoMoralo15)\nVienna Vaporeons has agreed to open team sheets.\n|inactive|AlbertoMoralo15 has 60 seconds left.\n|inactive|Vienna Vaporeons has 60 seconds left.\n|j| Sending you love\n|\n|t:|1700124048\n|start\n|switch|p1a: Ventisca|Tornadus, L50, M|100\/100\n|switch|p1b: Urshifu|Urshifu-Rapid-Strike, L50, F|100\/100\n|switch|p2a: Tornadus|Tornadus, L50, M|100\/100\n|switch|p2b: Landorus|Landorus-Therian, L50, M|100\/100\n|-ability|p2b: Landorus|Intimidate|boost\n|-unboost|p1a: Ventisca|atk|1\n|-unboost|p1b: Urshifu|atk|1\n|turn|1\n|l| Sending you love\n|\n|t:|1700124066\n|-terastallize|p1b: Urshifu|Poison\n|move|p1a: Ventisca|Tailwind|p1a: Ventisca\n|-sidestart|p1: AlbertoMoralo15|move: Tailwind\n|move|p2a: Tornadus|Tailwind|p2a: Tornadus\n|-sidestart|p2: Vienna Vaporeons|move: Tailwind\n|move|p2b: Landorus|U-turn|p1b: Urshifu\n|-resisted|p1b: Urshifu\n|-damage|p1b: Urshifu|89\/100\n|\n|t:|1700124073\n|switch|p2b: Rillaboom|Rillaboom, L50, F|100\/100|[from] U-turn\n|-fieldstart|move: Grassy Terrain|[from] ability: Grassy Surge|[of] p2b: Rillaboom\n|move|p1b: Urshifu|Surging Strikes|p2b: Rillaboom\n|-resisted|p2b: Rillaboom\n|-crit|p2b: Rillaboom\n|-damage|p2b: Rillaboom|90\/100\n|-resisted|p2b: Rillaboom\n|-crit|p2b: Rillaboom\n|-damage|p2b: Rillaboom|79\/100\n|-resisted|p2b: Rillaboom\n|-crit|p2b: Rillaboom\n|-damage|p2b: Rillaboom|68\/100\n|-hitcount|p2b: Rillaboom|3\n|\n|-heal|p1b: Urshifu|95\/100|[from] Grassy Terrain\n|-heal|p2b: Rillaboom|74\/100|[from] Grassy Terrain\n|upkeep\n|turn|2\n|\n|t:|1700124095\n|move|p1b: Urshifu|Protect|p1b: Urshifu\n|-singleturn|p1b: Urshifu|Protect\n|move|p1a: Ventisca|Bleakwind Storm|p2a: Tornadus|[spread] p2a,p2b\n|-supereffective|p2b: Rillaboom\n|-damage|p2a: Tornadus|69\/100\n|-damage|p2b: Rillaboom|28\/100\n|move|p2a: Tornadus|Bleakwind Storm|p1a: Ventisca|[spread] p1a\n|-activate|p1b: Urshifu|move: Protect\n|-crit|p1a: Ventisca\n|-damage|p1a: Ventisca|32\/100\n|move|p2b: Rillaboom|U-turn|p1b: Urshifu\n|-activate|p1b: Urshifu|move: Protect\n|\n|-heal|p1b: Urshifu|100\/100|[from] Grassy Terrain\n|-heal|p2b: Rillaboom|34\/100|[from] Grassy Terrain\n|upkeep\n|turn|3\n|\n|t:|1700124116\n|switch|p2b: Heatran|Heatran, L50, F|100\/100\n|move|p1a: Ventisca|Bleakwind Storm|p2b: Heatran|[spread] p2a\n|-miss|p1a: Ventisca|p2b: Heatran\n|-damage|p2a: Tornadus|40\/100\n|move|p1b: Urshifu|Surging Strikes|p2a: Tornadus\n|-crit|p2a: Tornadus\n|-damage|p2a: Tornadus|10\/100\n|-damage|p1b: Urshifu|84\/100|[from] item: Rocky Helmet|[of] p2a: Tornadus\n|-crit|p2a: Tornadus\n|-damage|p2a: Tornadus|0 fnt\n|-damage|p1b: Urshifu|67\/100|[from] item: Rocky Helmet|[of] p2a: Tornadus\n|faint|p2a: Tornadus\n|-hitcount|p2: Tornadus|2\n|\n|-heal|p1b: Urshifu|73\/100|[from] Grassy Terrain\n|upkeep\n|\n|t:|1700124134\n|switch|p2a: Rillaboom|Rillaboom, L50, F|34\/100\n|turn|4\n|\n|t:|1700124152\n|switch|p1a: Chien-Pao|Chien-Pao, L50|100\/100\n|-ability|p1a: Chien-Pao|Sword of Ruin\n|move|p1b: Urshifu|Protect|p1b: Urshifu\n|-singleturn|p1b: Urshifu|Protect\n|move|p2a: Rillaboom|Fake Out|p1b: Urshifu\n|-activate|p1b: Urshifu|move: Protect\n|move|p2b: Heatran|Flash Cannon|p1a: Chien-Pao\n|-supereffective|p1a: Chien-Pao\n|-enditem|p1a: Chien-Pao|Focus Sash\n|-damage|p1a: Chien-Pao|1\/100\n|\n|-heal|p1a: Chien-Pao|7\/100|[from] Grassy Terrain\n|-heal|p1b: Urshifu|79\/100|[from] Grassy Terrain\n|-heal|p2a: Rillaboom|40\/100|[from] Grassy Terrain\n|-sideend|p1: AlbertoMoralo15|move: Tailwind\n|-sideend|p2: Vienna Vaporeons|move: Tailwind\n|upkeep\n|turn|5\n|inactive|AlbertoMoralo15 has 30 seconds left.\n|\n|t:|1700124178\n|-terastallize|p2b: Heatran|Fairy\n|move|p2a: Rillaboom|Grassy Glide|p1a: Chien-Pao\n|-damage|p1a: Chien-Pao|0 fnt\n|faint|p1a: Chien-Pao\n|move|p1b: Urshifu|Surging Strikes|p2b: Heatran\n|-crit|p2b: Heatran\n|-damage|p2b: Heatran|79\/100\n|-crit|p2b: Heatran\n|-damage|p2b: Heatran|57\/100\n|-crit|p2b: Heatran\n|-damage|p2b: Heatran|35\/100\n|-hitcount|p2b: Heatran|3\n|move|p2b: Heatran|Earth Power|p1b: Urshifu\n|-supereffective|p1b: Urshifu\n|-damage|p1b: Urshifu|0 fnt\n|faint|p1b: Urshifu\n|\n|-heal|p2a: Rillaboom|46\/100|[from] Grassy Terrain\n|-heal|p2b: Heatran|40\/100|[from] Grassy Terrain\n|-heal|p2b: Heatran|46\/100|[from] item: Leftovers\n|-fieldend|move: Grassy Terrain\n|upkeep\n|\n|t:|1700124191\n|switch|p1a: Ventisca|Tornadus, L50, M|32\/100\n|switch|p1b: Ogerpon|Ogerpon-Hearthflame, L50, F|100\/100\n|-ability|p1b: Ogerpon|Mold Breaker\n|turn|6\n|\n|t:|1700124206\n|switch|p2a: Landorus|Landorus-Therian, L50, M|100\/100\n|-ability|p2a: Landorus|Intimidate|boost\n|-unboost|p1a: Ventisca|atk|1\n|-unboost|p1b: Ogerpon|atk|1\n|move|p2b: Heatran|Protect|p2b: Heatran\n|-singleturn|p2b: Heatran|Protect\n|move|p1b: Ogerpon|Ivy Cudgel|p2b: Heatran|[anim] Ivy Cudgel Fire\n|-activate|p2b: Heatran|move: Protect\n|move|p1a: Ventisca|Bleakwind Storm|p2b: Heatran|[spread] p2a\n|-activate|p2b: Heatran|move: Protect\n|-damage|p2a: Landorus|64\/100\n|-unboost|p2a: Landorus|spe|1\n|\n|-heal|p2b: Heatran|52\/100|[from] item: Leftovers\n|upkeep\n|turn|7\n|\n|t:|1700124229\n|switch|p2b: Rillaboom|Rillaboom, L50, F|46\/100\n|-fieldstart|move: Grassy Terrain|[from] ability: Grassy Surge|[of] p2b: Rillaboom\n|move|p1a: Ventisca|Tailwind|p1a: Ventisca\n|-sidestart|p1: AlbertoMoralo15|move: Tailwind\n|move|p1b: Ogerpon|Wood Hammer|p2a: Landorus\n|-damage|p2a: Landorus|0 fnt\n|faint|p2a: Landorus\n|-damage|p1b: Ogerpon|75\/100|[from] Recoil\n|\n|-heal|p1b: Ogerpon|82\/100|[from] Grassy Terrain\n|-heal|p2b: Rillaboom|52\/100|[from] Grassy Terrain\n|upkeep\n|\n|t:|1700124241\n|switch|p2a: Heatran|Heatran, L50, F, tera:Fairy|52\/100\n|turn|8\n|\n|t:|1700124255\n|move|p1b: Ogerpon|Spiky Shield|p1b: Ogerpon\n|-singleturn|p1b: Ogerpon|move: Protect\n|move|p2b: Rillaboom|Fake Out|p1a: Ventisca\n|-damage|p1a: Ventisca|19\/100\n|move|p1a: Ventisca|Bleakwind Storm|p2a: Heatran|[spread] p2a\n|-miss|p1a: Ventisca|p2b: Rillaboom\n|-damage|p2a: Heatran|22\/100\n|move|p2a: Heatran|Magma Storm|p1a: Ventisca\n|-crit|p1a: Ventisca\n|-damage|p1a: Ventisca|0 fnt\n|faint|p1a: Ventisca\n|\n|-heal|p1b: Ogerpon|88\/100|[from] Grassy Terrain\n|-heal|p2a: Heatran|28\/100|[from] Grassy Terrain\n|-heal|p2b: Rillaboom|58\/100|[from] Grassy Terrain\n|-heal|p2a: Heatran|33\/100|[from] item: Leftovers\n|upkeep\n|turn|9\n|inactive|Vienna Vaporeons has 30 seconds left.\n|\n|t:|1700124283\n|move|p1b: Ogerpon|Ivy Cudgel|p2b: Rillaboom|[anim] Ivy Cudgel Fire\n|-supereffective|p2b: Rillaboom\n|-damage|p2b: Rillaboom|0 fnt\n|faint|p2b: Rillaboom\n|move|p2a: Heatran|Magma Storm|p1b: Ogerpon\n|-damage|p1b: Ogerpon|30\/100\n|-activate|p1b: Ogerpon|move: Magma Storm|[of] p2a: Heatran\n|\n|-heal|p1b: Ogerpon|36\/100|[from] Grassy Terrain\n|-heal|p2a: Heatran|39\/100|[from] Grassy Terrain\n|-heal|p2a: Heatran|45\/100|[from] item: Leftovers\n|-damage|p1b: Ogerpon|24\/100|[from] move: Magma Storm|[partiallytrapped]\n|upkeep\n|turn|10\n|\n|t:|1700124294\n|move|p2a: Heatran|Protect|p2a: Heatran\n|-singleturn|p2a: Heatran|Protect\n|move|p1b: Ogerpon|Wood Hammer|p2a: Heatran\n|-activate|p2a: Heatran|move: Protect\n|\n|-heal|p1b: Ogerpon|30\/100|[from] Grassy Terrain\n|-heal|p2a: Heatran|51\/100|[from] Grassy Terrain\n|-heal|p2a: Heatran|57\/100|[from] item: Leftovers\n|-damage|p1b: Ogerpon|17\/100|[from] move: Magma Storm|[partiallytrapped]\n|-sideend|p1: AlbertoMoralo15|move: Tailwind\n|upkeep\n|turn|11\n|\n|t:|1700124307\n|move|p1b: Ogerpon|Wood Hammer|p2a: Heatran\n|-damage|p2a: Heatran|0 fnt\n|faint|p2a: Heatran\n|-damage|p1b: Ogerpon|0 fnt|[from] Recoil\n|faint|p1b: Ogerpon\n|\n|win|AlbertoMoralo15\n|raw|AlbertoMoralo15's rating: 1591 &rarr; <strong>1603<\/strong><br \/>(+12 for winning)\n|raw|Vienna Vaporeons's rating: 1450 &rarr; <strong>1438<\/strong><br \/>(-12 for losing)\n","uploadtime":1700124316,"views":17,"p1id":"albertomoralo15","p2id":"viennavaporeons","formatid":"gen9vgc2023regulatione","rating":1438,"private":0,"password":""}