{"id":"gen9vgc2023regulatione-1990759777","p1":"RoryRemisdad14","p2":"elgymk3","format":"[Gen 9] VGC 2023 Regulation E","log":"|j|\u2606RoryRemisdad14\n|j|\u2606elgymk3\n|t:|1699998201\n|gametype|doubles\n|player|p1|RoryRemisdad14|benga|1337\n|player|p2|elgymk3|101|1348\n|teamsize|p1|6\n|teamsize|p2|6\n|gen|9\n|tier|[Gen 9] VGC 2023 Regulation E\n|rated|\n|rule|Species Clause: Limit one of each Pok\u00e9mon\n|rule|Item Clause: Limit one of each item\n|clearpoke\n|poke|p1|Sinistcha, L50|\n|poke|p1|Iron Hands, L50|\n|poke|p1|Kommo-o, L50, F|\n|poke|p1|Kingambit, L50, M|\n|poke|p1|Urshifu-*, L50, M|\n|poke|p1|Arcanine-Hisui, L50, F|\n|poke|p2|Flutter Mane, L50|\n|poke|p2|Chi-Yu, L50|\n|poke|p2|Tornadus, L50, M|\n|poke|p2|Gholdengo, L50|\n|poke|p2|Landorus-Therian, L50, M|\n|poke|p2|Ogerpon-Hearthflame, L50, F|\n|teampreview|4\n|\n|t:|1699998239\n|start\n|switch|p1a: Iron Hands|Iron Hands, L50, shiny|100\/100\n|switch|p1b: Kommo-o|Kommo-o, L50, F, shiny|100\/100\n|switch|p2a: Ogerpon|Ogerpon-Hearthflame, L50, F|100\/100\n|switch|p2b: Chi-Yu|Chi-Yu, L50|100\/100\n|-ability|p2b: Chi-Yu|Beads of Ruin\n|-ability|p2a: Ogerpon|Mold Breaker\n|turn|1\n|\n|t:|1699998269\n|-terastallize|p2b: Chi-Yu|Ghost\n|move|p1a: Iron Hands|Fake Out|p2b: Chi-Yu\n|-immune|p2b: Chi-Yu\n|move|p2b: Chi-Yu|Overheat|p1b: Kommo-o\n|-resisted|p1b: Kommo-o\n|-damage|p1b: Kommo-o|44\/100\n|-unboost|p2b: Chi-Yu|spa|2\n|move|p2a: Ogerpon|Ivy Cudgel|p1b: Kommo-o|[anim] Ivy Cudgel Fire\n|-resisted|p1b: Kommo-o\n|-damage|p1b: Kommo-o|19\/100\n|move|p1b: Kommo-o|Clangorous Soul||[still]\n|-fail|p1b: Kommo-o\n|\n|upkeep\n|turn|2\n|\n|t:|1699998286\n|switch|p2b: Landorus|Landorus-Therian, L50, M|100\/100\n|-ability|p2b: Landorus|Intimidate|boost\n|-unboost|p1a: Iron Hands|atk|1\n|-unboost|p1b: Kommo-o|atk|1\n|switch|p1b: Arcanine|Arcanine-Hisui, L50, F, shiny|100\/100\n|-ability|p1b: Arcanine|Intimidate|boost\n|-unboost|p2a: Ogerpon|atk|1\n|-fail|p2b: Landorus|unboost|[from] item: Clear Amulet|[of] p2b: Landorus\n|-terastallize|p1a: Iron Hands|Water\n|move|p2a: Ogerpon|Ivy Cudgel|p1a: Iron Hands|[anim] Ivy Cudgel Fire\n|-resisted|p1a: Iron Hands\n|-crit|p1a: Iron Hands\n|-damage|p1a: Iron Hands|68\/100\n|move|p1a: Iron Hands|Drain Punch|p2a: Ogerpon\n|-damage|p2a: Ogerpon|65\/100\n|-heal|p1a: Iron Hands|79\/100|[from] drain|[of] p2a: Ogerpon\n|\n|upkeep\n|turn|3\n|\n|t:|1699998307\n|switch|p1b: Sinistcha|Sinistcha, L50|100\/100\n|-heal|p1a: Iron Hands|100\/100|[from] ability: Hospitality|[of] p1b: Sinistcha\n|move|p2a: Ogerpon|Horn Leech|p1a: Iron Hands\n|-supereffective|p1a: Iron Hands\n|-damage|p1a: Iron Hands|58\/100\n|-heal|p2a: Ogerpon|99\/100|[from] drain|[of] p1a: Iron Hands\n|move|p2b: Landorus|Stomping Tantrum|p1b: Sinistcha\n|-resisted|p1b: Sinistcha\n|-damage|p1b: Sinistcha|80\/100\n|-damage|p2b: Landorus|84\/100|[from] item: Rocky Helmet|[of] p1b: Sinistcha\n|move|p1a: Iron Hands|Drain Punch|p2a: Ogerpon\n|-damage|p2a: Ogerpon|59\/100\n|-heal|p1a: Iron Hands|71\/100|[from] drain|[of] p2a: Ogerpon\n|\n|upkeep\n|turn|4\n|\n|t:|1699998330\n|-end|p1a: Iron Hands|Quark Drive|[silent]\n|switch|p1a: Kommo-o|Kommo-o, L50, F, shiny|19\/100\n|move|p2a: Ogerpon|Horn Leech|p1a: Kommo-o\n|-resisted|p1a: Kommo-o\n|-damage|p1a: Kommo-o|6\/100\n|-heal|p2a: Ogerpon|66\/100|[from] drain|[of] p1a: Kommo-o\n|move|p2b: Landorus|Stomping Tantrum|p1a: Kommo-o\n|-damage|p1a: Kommo-o|0 fnt\n|faint|p1a: Kommo-o\n|move|p1b: Sinistcha|Trick Room|p1b: Sinistcha\n|-fieldstart|move: Trick Room|[of] p1b: Sinistcha\n|\n|upkeep\n|\n|t:|1699998338\n|switch|p1a: Arcanine|Arcanine-Hisui, L50, F, shiny|100\/100\n|-ability|p1a: Arcanine|Intimidate|boost\n|-unboost|p2a: Ogerpon|atk|1\n|-fail|p2b: Landorus|unboost|[from] item: Clear Amulet|[of] p2b: Landorus\n|turn|5\n|\n|t:|1699998348\n|switch|p2a: Chi-Yu|Chi-Yu, L50, tera:Ghost|100\/100\n|-ability|p2a: Chi-Yu|Beads of Ruin\n|move|p1b: Sinistcha|Matcha Gotcha|p2a: Chi-Yu|[spread] p2a,p2b\n|-damage|p2a: Chi-Yu|70\/100\n|-heal|p1b: Sinistcha|92\/100|[from] drain|[of] p2a: Chi-Yu\n|-damage|p2b: Landorus|46\/100\n|-heal|p1b: Sinistcha|100\/100|[from] drain|[of] p2b: Landorus\n|move|p1a: Arcanine|Rock Slide|p2b: Landorus|[spread] p2a,p2b\n|-damage|p2a: Chi-Yu|12\/100\n|-damage|p2b: Landorus|3\/100\n|move|p2b: Landorus|Stomping Tantrum|p1a: Arcanine\n|-supereffective|p1a: Arcanine\n|-damage|p1a: Arcanine|0 fnt\n|faint|p1a: Arcanine\n|\n|upkeep\n|\n|t:|1699998360\n|switch|p1a: Iron Hands|Iron Hands, L50, shiny, tera:Water|71\/100\n|turn|6\n|\n|t:|1699998378\n|move|p2b: Landorus|Protect|p2b: Landorus\n|-singleturn|p2b: Landorus|Protect\n|move|p1a: Iron Hands|Drain Punch|p2b: Landorus\n|-activate|p2b: Landorus|move: Protect\n|move|p1b: Sinistcha|Matcha Gotcha|p2b: Landorus|[spread] p2a\n|-activate|p2b: Landorus|move: Protect\n|-damage|p2a: Chi-Yu|0 fnt\n|faint|p2a: Chi-Yu\n|\n|upkeep\n|\n|t:|1699998388\n|switch|p2a: Ogerpon|Ogerpon-Hearthflame, L50, F|66\/100\n|-ability|p2a: Ogerpon|Mold Breaker\n|turn|7\n|\n|t:|1699998400\n|move|p1a: Iron Hands|Wild Charge|p2b: Landorus\n|-immune|p2b: Landorus\n|move|p1b: Sinistcha|Matcha Gotcha|p2a: Ogerpon|[spread] p2a,p2b\n|-resisted|p2a: Ogerpon\n|-crit|p2b: Landorus\n|-damage|p2a: Ogerpon|60\/100\n|-damage|p2b: Landorus|0 fnt\n|faint|p2b: Landorus\n|move|p2a: Ogerpon|Horn Leech|p1a: Iron Hands\n|-supereffective|p1a: Iron Hands\n|-damage|p1a: Iron Hands|11\/100\n|-heal|p2a: Ogerpon|100\/100|[from] drain|[of] p1a: Iron Hands\n|\n|upkeep\n|\n|t:|1699998412\n|switch|p2b: Flutter Mane|Flutter Mane, L50|100\/100\n|turn|8\n|\n|t:|1699998425\n|move|p1a: Iron Hands|Heavy Slam|p2b: Flutter Mane\n|-supereffective|p2b: Flutter Mane\n|-damage|p2b: Flutter Mane|0 fnt\n|faint|p2b: Flutter Mane\n|-end|p2b: Flutter Mane|Protosynthesis|[silent]\n|move|p1b: Sinistcha|Strength Sap|p2a: Ogerpon\n|-unboost|p2a: Ogerpon|atk|1\n|move|p2a: Ogerpon|Horn Leech|p1a: Iron Hands\n|-supereffective|p1a: Iron Hands\n|-damage|p1a: Iron Hands|0 fnt\n|faint|p1a: Iron Hands\n|-end|p1a: Iron Hands|Quark Drive|[silent]\n|\n|-fieldend|move: Trick Room\n|upkeep\n|turn|9\n|\n|t:|1699998429\n|move|p2a: Ogerpon|Ivy Cudgel|p1b: Sinistcha|[anim] Ivy Cudgel Fire\n|-supereffective|p1b: Sinistcha\n|-damage|p1b: Sinistcha|20\/100\n|move|p1b: Sinistcha|Matcha Gotcha|p2a: Ogerpon\n|-resisted|p2a: Ogerpon\n|-damage|p2a: Ogerpon|91\/100\n|-heal|p1b: Sinistcha|24\/100|[from] drain|[of] p2a: Ogerpon\n|\n|upkeep\n|turn|10\n|\n|t:|1699998434\n|move|p2a: Ogerpon|Ivy Cudgel|p1b: Sinistcha|[anim] Ivy Cudgel Fire\n|-supereffective|p1b: Sinistcha\n|-damage|p1b: Sinistcha|0 fnt\n|faint|p1b: Sinistcha\n|\n|win|elgymk3\n|raw|RoryRemisdad14's rating: 1337 &rarr; <strong>1318<\/strong><br \/>(-19 for losing)\n|raw|elgymk3's rating: 1348 &rarr; <strong>1367<\/strong><br \/>(+19 for winning)\n","uploadtime":1699998438,"views":9,"p1id":"roryremisdad14","p2id":"elgymk3","formatid":"gen9vgc2023regulatione","rating":1318,"private":0,"password":""}