{"id":"gen9vgc2023regulatione-1987980183","p1":"finiro","p2":"legonene","format":"[Gen 9] VGC 2023 Regulation E","log":"|j|\u2606finiro\n|j|\u2606legonene\n|n|\u2606finiro|finiro\n|n|\u2606legonene|legonene\n|html|View the match progress at <a href=\"\/game-bestof3-gen9vgc2023regulatione-1987975744\">game-bestof3-gen9vgc2023regulatione-1987975744<\/a>\n|t:|1699655492\n|gametype|doubles\n|player|p1|finiro|gambler|\n|player|p2|legonene|chili|\n|teamsize|p1|6\n|teamsize|p2|6\n|gen|9\n|tier|[Gen 9] VGC 2023 Regulation E\n|rule|Species Clause: Limit one of each Pok\u00e9mon\n|rule|Item Clause: Limit one of each item\n|clearpoke\n|poke|p1|Ogerpon-Cornerstone, L50, F|\n|poke|p1|Thwackey, L50, M|\n|poke|p1|Clefairy, L50, M|\n|poke|p1|Grimmsnarl, L50, M|\n|poke|p1|Cetitan, L50, F|\n|poke|p1|Volcarona, L50, M|\n|poke|p2|Ogerpon-Wellspring, L50, F|\n|poke|p2|Kingambit, L50, M|\n|poke|p2|Fezandipiti, L50, M|\n|poke|p2|Gothitelle, L50, M|\n|poke|p2|Dragapult, L50, F|\n|poke|p2|Furret, L50, F|\n|teampreview|4\n|c|\u2606legonene|glhf\nlegonene rejected open team sheets.\n|j| Tuxmux\n|c|\u2606finiro|glhf\n|j| ryanogiggs11\n|j| Mailman22\n|j| kodiedunn\n|j| FuratBang\n|j| LackieLackey\n|\n|t:|1699655563\n|start\n|switch|p1a: Thwackey|Thwackey, L50, M|100\/100\n|switch|p1b: Ogerpon|Ogerpon-Cornerstone, L50, F|100\/100\n|switch|p2a: Dragapult|Dragapult, L50, F|100\/100\n|switch|p2b: Furret|Furret, L50, F|100\/100\n|-item|p1a: Thwackey|Grassy Seed|[from] ability: Frisk|[of] p2b: Furret|[identify]\n|-item|p1b: Ogerpon|Cornerstone Mask|[from] ability: Frisk|[of] p2b: Furret|[identify]\n|-fieldstart|move: Grassy Terrain|[from] ability: Grassy Surge|[of] p1a: Thwackey\n|-enditem|p1a: Thwackey|Grassy Seed\n|-boost|p1a: Thwackey|def|1|[from] item: Grassy Seed\n|turn|1\n|j| Jstardude\n|\n|t:|1699655590\n|move|p1b: Ogerpon|Spiky Shield|p1b: Ogerpon\n|-singleturn|p1b: Ogerpon|move: Protect\n|move|p2a: Dragapult|Reflect|p2a: Dragapult\n|-sidestart|p2: legonene|Reflect\n|move|p2b: Furret|Tidy Up|p2b: Furret\n|-boost|p2b: Furret|atk|1\n|-boost|p2b: Furret|spe|1\n|move|p1a: Thwackey|Leech Seed|p2a: Dragapult\n|-start|p2a: Dragapult|move: Leech Seed\n|\n|-damage|p2a: Dragapult|88\/100|[from] Leech Seed|[of] p1a: Thwackey\n|upkeep\n|turn|2\n|\n|t:|1699655663\n|move|p1a: Thwackey|Protect|p1a: Thwackey\n|-singleturn|p1a: Thwackey|Protect\n|move|p2b: Furret|Baton Pass|p2b: Furret\n|\n|t:|1699655667\n|switch|p2b: Ogerpon|Ogerpon-Wellspring, L50, F|100\/100|[from] Baton Pass\n|move|p2a: Dragapult|Shadow Ball|p1b: Ogerpon\n|-damage|p1b: Ogerpon|69\/100\n|move|p1b: Ogerpon|U-turn|p2b: Ogerpon\n|-supereffective|p2b: Ogerpon\n|-damage|p2b: Ogerpon|46\/100\n|\n|t:|1699655685\n|switch|p1b: Grimmsnarl|Grimmsnarl, L50, M|100\/100|[from] U-turn\n|\n|-heal|p2b: Ogerpon|52\/100|[from] Grassy Terrain\n|-heal|p2a: Dragapult|94\/100|[from] Grassy Terrain\n|-damage|p2a: Dragapult|82\/100|[from] Leech Seed|[of] p1a: Thwackey\n|upkeep\n|turn|3\n|\n|t:|1699655762\n|move|p2b: Ogerpon|Spiky Shield|p2b: Ogerpon\n|-singleturn|p2b: Ogerpon|move: Protect\n|move|p1a: Thwackey|Grassy Glide|p2b: Ogerpon\n|-activate|p2b: Ogerpon|move: Protect\n|-damage|p1a: Thwackey|88\/100|[from] Spiky Shield|[of] p2b: Ogerpon\n|move|p1b: Grimmsnarl|Reflect|p1b: Grimmsnarl\n|-sidestart|p1: finiro|Reflect\n|move|p2a: Dragapult|Flamethrower|p1a: Thwackey\n|-supereffective|p1a: Thwackey\n|-damage|p1a: Thwackey|19\/100\n|\n|-heal|p2b: Ogerpon|58\/100|[from] Grassy Terrain\n|-heal|p2a: Dragapult|88\/100|[from] Grassy Terrain\n|-heal|p1a: Thwackey|25\/100|[from] Grassy Terrain\n|-damage|p2a: Dragapult|76\/100|[from] Leech Seed|[of] p1a: Thwackey\n|-heal|p1a: Thwackey|39\/100|[silent]\n|upkeep\n|turn|4\n|l| LackieLackey\n|j| LackieLackey\n|\n|t:|1699655863\n|switch|p2b: Kingambit|Kingambit, L50, M|100\/100\n|move|p1a: Thwackey|Grassy Glide|p2b: Kingambit\n|-resisted|p2b: Kingambit\n|-damage|p2b: Kingambit|93\/100\n|move|p1b: Grimmsnarl|Parting Shot|p2b: Kingambit\n|-hint|Since gen 7, Dark is immune to Prankster moves.\n|-immune|p2b: Kingambit\n|move|p2a: Dragapult|Flamethrower|p1a: Thwackey\n|-supereffective|p1a: Thwackey\n|-damage|p1a: Thwackey|0 fnt\n|faint|p1a: Thwackey\n|\n|-heal|p2a: Dragapult|82\/100|[from] Grassy Terrain\n|-heal|p2b: Kingambit|99\/100|[from] Grassy Terrain\n|upkeep\n|\n|t:|1699655881\n|switch|p1a: Volcarona|Volcarona, L50, M|100\/100\n|turn|5\n|\n|t:|1699655914\n|move|p1b: Grimmsnarl|Thunder Wave|p2a: Dragapult\n|-status|p2a: Dragapult|par\n|move|p1a: Volcarona|Quiver Dance|p1a: Volcarona\n|-boost|p1a: Volcarona|spa|1\n|-boost|p1a: Volcarona|spd|1\n|-boost|p1a: Volcarona|spe|1\n|move|p2a: Dragapult|Light Screen|p2a: Dragapult\n|-sidestart|p2: legonene|move: Light Screen\n|move|p2b: Kingambit|Swords Dance|p2b: Kingambit\n|-boost|p2b: Kingambit|atk|2\n|\n|-heal|p2a: Dragapult|88\/100 par|[from] Grassy Terrain\n|-heal|p2b: Kingambit|100\/100|[from] Grassy Terrain\n|-damage|p2a: Dragapult|76\/100 par|[from] Leech Seed|[of] p1a: Volcarona\n|-fieldend|move: Grassy Terrain\n|upkeep\n|turn|6\n|\n|t:|1699655949\n|switch|p2a: Furret|Furret, L50, F|100\/100\n|-item|p1a: Volcarona|Passho Berry|[from] ability: Frisk|[of] p2a: Furret|[identify]\n|-item|p1b: Grimmsnarl|Babiri Berry|[from] ability: Frisk|[of] p2a: Furret|[identify]\n|move|p1a: Volcarona|Protect|p1a: Volcarona\n|-singleturn|p1a: Volcarona|Protect\n|move|p1b: Grimmsnarl|Thunder Wave|p2b: Kingambit\n|-hint|Since gen 7, Dark is immune to Prankster moves.\n|-immune|p2b: Kingambit\n|move|p2b: Kingambit|Kowtow Cleave|p1a: Volcarona\n|-activate|p1a: Volcarona|move: Protect\n|\n|upkeep\n|turn|7\n|\n|t:|1699655991\n|-terastallize|p1a: Volcarona|Fairy\n|move|p1b: Grimmsnarl|Parting Shot|p2a: Furret\n|-unboost|p2a: Furret|atk|1\n|-unboost|p2a: Furret|spa|1\n|\n|t:|1699655996\n|switch|p1b: Ogerpon|Ogerpon-Cornerstone, L50, F|69\/100|[from] Parting Shot\n|move|p1a: Volcarona|Fiery Dance|p2b: Kingambit\n|-supereffective|p2b: Kingambit\n|-crit|p2b: Kingambit\n|-damage|p2b: Kingambit|0 fnt\n|faint|p2b: Kingambit\n|-end|p2b: Kingambit|fallenundefined|[silent]\n|move|p2a: Furret|Tidy Up|p2a: Furret\n|-boost|p2a: Furret|atk|1\n|-boost|p2a: Furret|spe|1\n|\n|-sideend|p1: finiro|Reflect\n|upkeep\n|c|\u2606legonene|man.\n|\n|t:|1699656005\n|switch|p2b: Ogerpon|Ogerpon-Wellspring, L50, F|58\/100\n|turn|8\n|\n|t:|1699656072\n|-terastallize|p2b: Ogerpon|Water\n|detailschange|p2b: Ogerpon|Ogerpon-Wellspring-Tera, L50, F, tera:Water\n|-ability|p2b: Ogerpon|Embody Aspect (Wellspring)|boost\n|-boost|p2b: Ogerpon|spd|1\n|move|p1a: Volcarona|Protect|p1a: Volcarona\n|-singleturn|p1a: Volcarona|Protect\n|move|p2a: Furret|Follow Me|p2a: Furret\n|-singleturn|p2a: Furret|move: Follow Me\n|move|p2b: Ogerpon|Ivy Cudgel|p1b: Ogerpon\n|-damage|p1b: Ogerpon|0 fnt\n|faint|p1b: Ogerpon\n|\n|-sideend|p2: legonene|Reflect\n|upkeep\n|\n|t:|1699656084\n|switch|p1b: Grimmsnarl|Grimmsnarl, L50, M|100\/100\n|turn|9\n|\n|t:|1699656103\n|move|p2a: Furret|Follow Me|p2a: Furret\n|-singleturn|p2a: Furret|move: Follow Me\n|move|p1b: Grimmsnarl|Reflect|p1b: Grimmsnarl\n|-sidestart|p1: finiro|Reflect\n|move|p1a: Volcarona|Fiery Dance|p2a: Furret\n|-damage|p2a: Furret|28\/100\n|move|p2b: Ogerpon|Ivy Cudgel|p1a: Volcarona\n|-damage|p1a: Volcarona|20\/100\n|\n|upkeep\n|turn|10\n|\n|t:|1699656118\n|move|p2a: Furret|Follow Me|p2a: Furret\n|-singleturn|p2a: Furret|move: Follow Me\n|move|p1b: Grimmsnarl|Thunder Wave|p2a: Furret\n|-status|p2a: Furret|par\n|move|p1a: Volcarona|Bug Buzz|p2a: Furret\n|-damage|p2a: Furret|0 fnt\n|faint|p2a: Furret\n|move|p2b: Ogerpon|Ivy Cudgel|p1a: Volcarona\n|-damage|p1a: Volcarona|0 fnt\n|faint|p1a: Volcarona\n|\n|upkeep\n|\n|t:|1699656125\n|switch|p2a: Dragapult|Dragapult, L50, F|76\/100 par\n|turn|11\n|\n|t:|1699656134\n|move|p1b: Grimmsnarl|Thunder Wave|p2b: Ogerpon\n|-status|p2b: Ogerpon|par\n|move|p2a: Dragapult|Flamethrower|p1b: Grimmsnarl\n|-damage|p1b: Grimmsnarl|80\/100\n|move|p2b: Ogerpon|Ivy Cudgel|p1b: Grimmsnarl\n|-damage|p1b: Grimmsnarl|20\/100\n|\n|upkeep\n|turn|12\n|\n|t:|1699656145\n|cant|p2a: Dragapult|par\n|move|p2b: Ogerpon|Ivy Cudgel|p1b: Grimmsnarl\n|-damage|p1b: Grimmsnarl|0 fnt\n|faint|p1b: Grimmsnarl\n|\n|win|legonene\n|c|\u2606legonene|gg\n|c|\u2606finiro|ggs\n|l| Mailman22\n|l| ryanogiggs11\n|l| LackieLackey\n|l|\u2606finiro\n","uploadtime":1699656156,"views":34,"p1id":"finiro","p2id":"legonene","formatid":"gen9vgc2023regulatione","rating":0,"private":0,"password":""}