{"id":"gen9vgc2023regulatione-1999860689","p1":"TheblackGotenks","p2":"Lioxzas","format":"[Gen 9] VGC 2023 Regulation E","log":"|j|\u2606TheblackGotenks\n|j|\u2606Lioxzas\n|n|\u2606TheblackGotenks|theblackgotenks\n|n|\u2606Lioxzas|lioxzas\n|html|View the match progress at <a href=\"\/game-bestof3-gen9vgc2023regulatione-1999857621\">game-bestof3-gen9vgc2023regulatione-1999857621<\/a>\n|t:|1701123698\n|gametype|doubles\n|player|p1|TheblackGotenks|ghetsis-gen5bw|\n|player|p2|Lioxzas|palmer|\n|teamsize|p1|6\n|teamsize|p2|6\n|gen|9\n|tier|[Gen 9] VGC 2023 Regulation E\n|rule|Species Clause: Limit one of each Pok\u00e9mon\n|rule|Item Clause: Limit one of each item\n|clearpoke\n|poke|p1|Tornadus, L50, M|\n|poke|p1|Ogerpon-Hearthflame, L50, F|\n|poke|p1|Palafin, L50, F|\n|poke|p1|Salamence, L50, F|\n|poke|p1|Foongus, L50, M|\n|poke|p1|Persian, L50, F|\n|poke|p2|Iron Hands, L50|\n|poke|p2|Arcanine-Hisui, L50, M|\n|poke|p2|Cetitan, L50, M|\n|poke|p2|Staraptor, L50, M|\n|poke|p2|Sinistcha, L50|\n|poke|p2|Empoleon, L50, M|\n|teampreview|4\n|inactive|Battle timer is ON: inactive players will automatically lose when time's up. (requested by Lioxzas)\n|inactive|Lioxzas has 60 seconds left.\n|\n|t:|1701123735\n|start\n|switch|p1a: Palafin|Palafin, L50, F|100\/100\n|switch|p1b: Salamence|Salamence, L50, F|100\/100\n|switch|p2a: Arcanine|Arcanine-Hisui, L50, M|100\/100\n|switch|p2b: Cetitan|Cetitan, L50, M|100\/100\n|-ability|p1b: Salamence|Intimidate|boost\n|-unboost|p2a: Arcanine|atk|1\n|-unboost|p2b: Cetitan|atk|1\n|turn|1\n|inactive|Lioxzas has 30 seconds left.\n|\n|t:|1701123761\n|detailschange|p1a: Palafin|Palafin-Hero, L50, F\n|switch|p1a: Foongus|Foongus, L50, M|100\/100\n|move|p2a: Arcanine|Will-O-Wisp|p1a: Foongus\n|-status|p1a: Foongus|brn\n|move|p1b: Salamence|Earthquake|p2a: Arcanine|[spread] p1a,p2a,p2b\n|-supereffective|p2a: Arcanine\n|-damage|p1a: Foongus|78\/100 brn\n|-damage|p2a: Arcanine|0 fnt\n|-damage|p2b: Cetitan|73\/100\n|faint|p2a: Arcanine\n|move|p2b: Cetitan|Yawn|p1b: Salamence\n|-start|p1b: Salamence|move: Yawn|[of] p2b: Cetitan\n|\n|-damage|p1a: Foongus|72\/100 brn|[from] brn\n|upkeep\n|\n|t:|1701123771\n|switch|p2a: Sinistcha|Sinistcha, L50|100\/100\n|-heal|p2b: Cetitan|98\/100|[from] ability: Hospitality|[of] p2a: Sinistcha\n|turn|2\n|inactive|TheblackGotenks has 30 seconds left.\n|\n|t:|1701123802\n|move|p1a: Foongus|Protect|p1a: Foongus\n|-singleturn|p1a: Foongus|Protect\n|move|p1b: Salamence|Dual Wingbeat|p2a: Sinistcha\n|-supereffective|p2a: Sinistcha\n|-damage|p2a: Sinistcha|70\/100\n|-supereffective|p2a: Sinistcha\n|-damage|p2a: Sinistcha|35\/100\n|-hitcount|p2a: Sinistcha|2\n|move|p2b: Cetitan|Ice Spinner|p1a: Foongus\n|-activate|p1a: Foongus|move: Protect\n|move|p2a: Sinistcha|Shadow Ball|p1a: Foongus\n|-activate|p1a: Foongus|move: Protect\n|\n|-heal|p2a: Sinistcha|42\/100|[from] item: Leftovers\n|-damage|p1a: Foongus|65\/100 brn|[from] brn\n|-end|p1b: Salamence|move: Yawn|[silent]\n|-status|p1b: Salamence|slp\n|upkeep\n|turn|3\n|\n|t:|1701123825\n|cant|p1b: Salamence|slp\n|move|p2b: Cetitan|Ice Spinner|p1b: Salamence\n|-supereffective|p1b: Salamence\n|-damage|p1b: Salamence|0 fnt\n|faint|p1b: Salamence\n|move|p2a: Sinistcha|Shadow Ball|p1a: Foongus\n|-damage|p1a: Foongus|33\/100 brn\n|move|p1a: Foongus|Spore|p2b: Cetitan\n|-status|p2b: Cetitan|slp|[from] move: Spore\n|\n|-heal|p2a: Sinistcha|48\/100|[from] item: Leftovers\n|-damage|p1a: Foongus|27\/100 brn|[from] brn\n|upkeep\n|\n|t:|1701123837\n|switch|p1b: Tornadus|Tornadus, L50, M|100\/100\n|turn|4\n|\n|t:|1701123845\n|switch|p2a: Iron Hands|Iron Hands, L50|100\/100\n|switch|p1a: Palafin|Palafin-Hero, L50, F|100\/100\n|-activate|p1a: Palafin|ability: Zero to Hero\n|move|p1b: Tornadus|Bleakwind Storm|p2a: Iron Hands|[spread] p2a,p2b\n|-damage|p2a: Iron Hands|64\/100\n|-damage|p2b: Cetitan|60\/100 slp\n|cant|p2b: Cetitan|slp\n|\n|upkeep\n|turn|5\n|inactive|TheblackGotenks has 30 seconds left.\n|\n|t:|1701123874\n|move|p2a: Iron Hands|Fake Out|p1a: Palafin\n|-damage|p1a: Palafin|85\/100\n|move|p1b: Tornadus|Bleakwind Storm|p2a: Iron Hands|[spread] p2b\n|-miss|p1b: Tornadus|p2a: Iron Hands\n|-damage|p2b: Cetitan|23\/100 slp\n|-enditem|p2b: Cetitan|Sitrus Berry|[eat]\n|-heal|p2b: Cetitan|48\/100 slp|[from] item: Sitrus Berry\n|cant|p1a: Palafin|flinch\n|cant|p2b: Cetitan|slp\n|\n|upkeep\n|turn|6\n|inactive|Lioxzas has 30 seconds left.\n|\n|t:|1701123902\n|move|p1b: Tornadus|Protect|p1b: Tornadus\n|-singleturn|p1b: Tornadus|Protect\n|cant|p2b: Cetitan|slp\n|move|p1a: Palafin|Wave Crash|p2a: Iron Hands\n|-damage|p2a: Iron Hands|12\/100\n|-damage|p1a: Palafin|68\/100|[from] item: Rocky Helmet|[of] p2a: Iron Hands\n|-damage|p1a: Palafin|43\/100|[from] Recoil\n|move|p2a: Iron Hands|Ice Punch|p1b: Tornadus\n|-activate|p1b: Tornadus|move: Protect\n|\n|upkeep\n|turn|7\n|\n|t:|1701123923\n|switch|p2b: Sinistcha|Sinistcha, L50|48\/100\n|-heal|p2a: Iron Hands|37\/100|[from] ability: Hospitality|[of] p2b: Sinistcha\n|move|p2a: Iron Hands|Protect|p2a: Iron Hands\n|-singleturn|p2a: Iron Hands|Protect\n|move|p1a: Palafin|Jet Punch|p2a: Iron Hands\n|-activate|p2a: Iron Hands|move: Protect\n|move|p1b: Tornadus|Bleakwind Storm|p2a: Iron Hands|[spread] p2b\n|-activate|p2a: Iron Hands|move: Protect\n|-supereffective|p2b: Sinistcha\n|-damage|p2b: Sinistcha|0 fnt\n|faint|p2b: Sinistcha\n|\n|upkeep\n|\n|t:|1701123933\n|switch|p2b: Cetitan|Cetitan, L50, M|48\/100 slp\n|turn|8\n|\n|t:|1701123944\n|move|p2a: Iron Hands|Fake Out||[still]\n|-hint|Fake Out only works on your first turn out.\n|-fail|p2a: Iron Hands\n|move|p1b: Tornadus|Bleakwind Storm|p2b: Cetitan|[spread] p2b\n|-miss|p1b: Tornadus|p2a: Iron Hands\n|-damage|p2b: Cetitan|6\/100 slp\n|move|p1a: Palafin|Wave Crash|p2a: Iron Hands\n|-damage|p2a: Iron Hands|0 fnt\n|-damage|p1a: Palafin|26\/100|[from] item: Rocky Helmet|[of] p2a: Iron Hands\n|faint|p2a: Iron Hands\n|-end|p2a: Iron Hands|Quark Drive|[silent]\n|-damage|p1a: Palafin|8\/100|[from] Recoil\n|-curestatus|p2b: Cetitan|slp|[msg]\n|move|p2b: Cetitan|Ice Spinner|p1b: Tornadus\n|-supereffective|p1b: Tornadus\n|-damage|p1b: Tornadus|0 fnt\n|faint|p1b: Tornadus\n|\n|upkeep\n|\n|t:|1701123953\n|switch|p1b: Foongus|Foongus, L50, M|60\/100 brn\n|turn|9\n|c|\u2606Lioxzas|im so dumb\n|c|\u2606Lioxzas|i thought i switched iron hands out for some reason\n|\n|t:|1701123976\n|move|p2b: Cetitan|Protect|p2b: Cetitan\n|-singleturn|p2b: Cetitan|Protect\n|move|p1a: Palafin|Jet Punch|p2b: Cetitan\n|-activate|p2b: Cetitan|move: Protect\n|move|p1b: Foongus|Pollen Puff|p2b: Cetitan\n|-activate|p2b: Cetitan|move: Protect\n|\n|-damage|p1b: Foongus|53\/100 brn|[from] brn\n|upkeep\n|turn|10\n|\n|t:|1701123991\n|move|p1a: Palafin|Jet Punch|p2b: Cetitan\n|-damage|p2b: Cetitan|0 fnt\n|faint|p2b: Cetitan\n|\n|win|TheblackGotenks\n|c|\u2606TheblackGotenks|Gg\n|c|\u2606Lioxzas|ggs\n|l|\u2606Lioxzas\n","uploadtime":1701124054,"views":18,"p1id":"theblackgotenks","p2id":"lioxzas","formatid":"gen9vgc2023regulatione","rating":0,"private":0,"password":""}