{"id":"gen9vgc2023regulatione-1990006051","p1":"zoombeanle","p2":"DegeneraVGC","format":"[Gen 9] VGC 2023 Regulation E","log":"|j|\u2606zoombeanle\n|j|\u2606DegeneraVGC\n|t:|1699914654\n|gametype|doubles\n|player|p1|zoombeanle|102|1237\n|player|p2|DegeneraVGC|266|1198\n|teamsize|p1|6\n|teamsize|p2|6\n|gen|9\n|tier|[Gen 9] VGC 2023 Regulation E\n|rated|\n|rule|Species Clause: Limit one of each Pok\u00e9mon\n|rule|Item Clause: Limit one of each item\n|clearpoke\n|poke|p1|Landorus, L50, M|\n|poke|p1|Baxcalibur, L50, F|\n|poke|p1|Ogerpon-Wellspring, L50, F|\n|poke|p1|Glastrier, L50|\n|poke|p1|Heatran, L50, M|\n|poke|p1|Mandibuzz, L50, F|\n|poke|p2|Chien-Pao, L50|\n|poke|p2|Urshifu-*, L50, F|\n|poke|p2|Greninja-*, L50, F|\n|poke|p2|Arcanine-Hisui, L50, M|\n|poke|p2|Farigiraf, L50, M|\n|poke|p2|Decidueye, L50, M|\n|teampreview|4\n|\n|t:|1699914681\n|start\n|switch|p1a: Mandibuzz|Mandibuzz, L50, F|100\/100\n|switch|p1b: Heatran|Heatran, L50, M|100\/100\n|switch|p2a: Greninja|Greninja, L50, F|100\/100\n|switch|p2b: Decidueye|Decidueye, L50, M|100\/100\n|turn|1\n|\n|t:|1699914715\n|-terastallize|p1b: Heatran|Grass\n|move|p2a: Greninja|Water Pledge|p1a: Mandibuzz\n|-waiting|p2a: Greninja|p2b: Decidueye\n|move|p2b: Decidueye|Grass Pledge|p1a: Mandibuzz|[from]move: Water Pledge\n|-combine\n|-resisted|p1a: Mandibuzz\n|-damage|p1a: Mandibuzz|63\/100\n|-sidestart|p1: zoombeanle|Grass Pledge\n|move|p1b: Heatran|Heat Wave|p2b: Decidueye|[spread] p2a,p2b\n|-resisted|p2a: Greninja\n|-supereffective|p2b: Decidueye\n|-damage|p2a: Greninja|66\/100\n|-damage|p2b: Decidueye|9\/100\n|move|p1a: Mandibuzz|Foul Play|p2b: Decidueye\n|-supereffective|p2b: Decidueye\n|-damage|p2b: Decidueye|0 fnt\n|faint|p2b: Decidueye\n|\n|upkeep\n|\n|t:|1699914730\n|switch|p2b: Arcanine|Arcanine-Hisui, L50, M|100\/100\n|-ability|p2b: Arcanine|Intimidate|boost\n|-unboost|p1a: Mandibuzz|atk|1\n|-unboost|p1b: Heatran|atk|1\n|turn|2\n|\n|t:|1699914748\n|-terastallize|p2b: Arcanine|Fairy\n|move|p2a: Greninja|Ice Beam|p1b: Heatran\n|-start|p2a: Greninja|typechange|Ice|[from] ability: Protean\n|-supereffective|p1b: Heatran\n|-damage|p1b: Heatran|53\/100\n|-status|p1b: Heatran|frz\n|move|p2b: Arcanine|Rock Slide|p1b: Heatran|[spread] p1b\n|-miss|p2b: Arcanine|p1a: Mandibuzz\n|-crit|p1b: Heatran\n|-damage|p1b: Heatran|0 fnt\n|faint|p1b: Heatran\n|move|p1a: Mandibuzz|Roost|p1a: Mandibuzz\n|-heal|p1a: Mandibuzz|100\/100\n|-singleturn|p1a: Mandibuzz|move: Roost\n|\n|upkeep\n|\n|t:|1699914767\n|switch|p1b: Glastrier|Glastrier, L50|100\/100\n|turn|3\n|\n|t:|1699914806\n|move|p1b: Glastrier|Protect|p1b: Glastrier\n|-singleturn|p1b: Glastrier|Protect\n|move|p2a: Greninja|Ice Beam|p1a: Mandibuzz\n|-supereffective|p1a: Mandibuzz\n|-damage|p1a: Mandibuzz|47\/100\n|move|p2b: Arcanine|Rock Slide|p1a: Mandibuzz|[spread] p1a\n|-activate|p1b: Glastrier|move: Protect\n|-supereffective|p1a: Mandibuzz\n|-damage|p1a: Mandibuzz|0 fnt\n|faint|p1a: Mandibuzz\n|\n|upkeep\n|\n|t:|1699914818\n|switch|p1a: Landorus|Landorus, L50, M|100\/100\n|turn|4\n|\n|t:|1699914836\n|move|p1a: Landorus|Protect|p1a: Landorus\n|-singleturn|p1a: Landorus|Protect\n|move|p2a: Greninja|Ice Beam|p1a: Landorus\n|-activate|p1a: Landorus|move: Protect\n|move|p2b: Arcanine|Rock Slide|p1b: Glastrier|[spread] p1b\n|-activate|p1a: Landorus|move: Protect\n|-supereffective|p1b: Glastrier\n|-damage|p1b: Glastrier|40\/100\n|move|p1b: Glastrier|High Horsepower|p2a: Greninja\n|-damage|p2a: Greninja|9\/100\n|\n|-sideend|p1: zoombeanle|Grass Pledge\n|upkeep\n|turn|5\n|\n|t:|1699914855\n|move|p1a: Landorus|Protect||[still]\n|-fail|p1a: Landorus\n|move|p2a: Greninja|Ice Beam|p1a: Landorus\n|-supereffective|p1a: Landorus\n|-damage|p1a: Landorus|0 fnt\n|faint|p1a: Landorus\n|move|p2b: Arcanine|Rock Slide|p1b: Glastrier\n|-supereffective|p1b: Glastrier\n|-damage|p1b: Glastrier|0 fnt\n|faint|p1b: Glastrier\n|\n|win|DegeneraVGC\n|raw|zoombeanle's rating: 1237 &rarr; <strong>1209<\/strong><br \/>(-28 for losing)\n|raw|DegeneraVGC's rating: 1198 &rarr; <strong>1226<\/strong><br \/>(+28 for winning)\n|l|\u2606zoombeanle\n","uploadtime":1699914875,"views":18,"p1id":"zoombeanle","p2id":"degeneravgc","formatid":"gen9vgc2023regulatione","rating":1209,"private":0,"password":""}