{"id":"gen9vgc2023regulatione-1995238453","p1":"xnbry","p2":"zzLuu","format":"[Gen 9] VGC 2023 Regulation E","log":"|j|\u2606xnbry\n|j|\u2606zzLuu\n|t:|1700538515\n|gametype|doubles\n|player|p1|xnbry|backersf|1127\n|player|p2|zzLuu|265|1083\n|teamsize|p1|6\n|teamsize|p2|6\n|gen|9\n|tier|[Gen 9] VGC 2023 Regulation E\n|rated|\n|rule|Species Clause: Limit one of each Pok\u00e9mon\n|rule|Item Clause: Limit one of each item\n|clearpoke\n|poke|p1|Regieleki, L50|\n|poke|p1|Landorus-Therian, L50, M|\n|poke|p1|Farigiraf, L50, F|\n|poke|p1|Iron Hands, L50|\n|poke|p1|Dondozo, L50, M|\n|poke|p1|Tatsugiri-Droopy, L50, M|\n|poke|p2|Chien-Pao, L50|\n|poke|p2|Farigiraf, L50, F|\n|poke|p2|Dragapult, L50, F|\n|poke|p2|Urshifu-*, L50, M|\n|poke|p2|Heatran, L50, F|\n|poke|p2|Lurantis, L50, M|\n|teampreview|4\n|\n|t:|1700538542\n|start\n|switch|p1a: Regieleki|Regieleki, L50|100\/100\n|switch|p1b: Farigiraf|Farigiraf, L50, F|100\/100\n|switch|p2a: Urshifu|Urshifu-Rapid-Strike, L50, M|100\/100\n|switch|p2b: Lurantis|Lurantis, L50, M|100\/100\n|turn|1\n|\n|t:|1700538595\n|switch|p2a: Heatran|Heatran, L50, F, shiny|100\/100\n|-terastallize|p2b: Lurantis|Grass\n|move|p1a: Regieleki|Electroweb|p2b: Lurantis|[spread] p2a,p2b\n|-resisted|p2b: Lurantis\n|-damage|p2a: Heatran|79\/100\n|-damage|p2b: Lurantis|90\/100\n|-unboost|p2a: Heatran|spe|1\n|-boost|p2b: Lurantis|spe|1\n|move|p2b: Lurantis|Leaf Storm|p1a: Regieleki\n|-crit|p1a: Regieleki\n|-enditem|p1a: Regieleki|Focus Sash\n|-damage|p1a: Regieleki|1\/100\n|-boost|p2b: Lurantis|spa|2\n|move|p1b: Farigiraf|Nasty Plot|p1b: Farigiraf\n|-boost|p1b: Farigiraf|spa|2\n|\n|-heal|p2a: Heatran|85\/100|[from] item: Leftovers\n|upkeep\n|turn|2\n|\n|t:|1700538627\n|move|p1a: Regieleki|Electroweb|p2b: Lurantis|[spread] p2a,p2b\n|-resisted|p2b: Lurantis\n|-damage|p2a: Heatran|61\/100\n|-damage|p2b: Lurantis|80\/100\n|-unboost|p2a: Heatran|spe|1\n|-boost|p2b: Lurantis|spe|1\n|move|p2b: Lurantis|Leaf Storm|p1b: Farigiraf\n|-damage|p1b: Farigiraf|0 fnt\n|-boost|p2b: Lurantis|spa|2\n|faint|p1b: Farigiraf\n|move|p2a: Heatran|Heat Wave|p1a: Regieleki\n|-damage|p1a: Regieleki|0 fnt\n|faint|p1a: Regieleki\n|\n|-heal|p2a: Heatran|67\/100|[from] item: Leftovers\n|upkeep\n|\n|t:|1700538644\n|switch|p1a: Tatsugiri|Tatsugiri-Droopy, L50, M|100\/100\n|switch|p1b: Dondozo|Dondozo, L50, M|100\/100\n|-activate|p1a: Tatsugiri|ability: Commander|[of] p1b: Dondozo\n|-boost|p1b: Dondozo|atk|2\n|-boost|p1b: Dondozo|spa|2\n|-boost|p1b: Dondozo|spe|2\n|-boost|p1b: Dondozo|def|2\n|-boost|p1b: Dondozo|spd|2\n|turn|3\n|\n|t:|1700538673\n|-terastallize|p1b: Dondozo|Steel\n|move|p2a: Heatran|Protect|p2a: Heatran\n|-singleturn|p2a: Heatran|Protect\n|move|p2b: Lurantis|Leaf Storm|p1b: Dondozo\n|-resisted|p1b: Dondozo\n|-damage|p1b: Dondozo|66\/100\n|-boost|p2b: Lurantis|spa|2\n|move|p1b: Dondozo|Yawn|p2b: Lurantis\n|-start|p2b: Lurantis|move: Yawn|[of] p1b: Dondozo\n|\n|-heal|p1b: Dondozo|72\/100|[from] item: Leftovers\n|-heal|p2a: Heatran|73\/100|[from] item: Leftovers\n|upkeep\n|turn|4\n|\n|t:|1700538703\n|move|p2b: Lurantis|Leaf Storm|p1b: Dondozo\n|-resisted|p1b: Dondozo\n|-damage|p1b: Dondozo|23\/100\n|move|p1b: Dondozo|Order Up|p2b: Lurantis\n|-damage|p2b: Lurantis|24\/100\n|-boost|p1b: Dondozo|def|1\n|move|p2a: Heatran|Earth Power|p1b: Dondozo\n|-supereffective|p1b: Dondozo\n|-damage|p1b: Dondozo|0 fnt\n|faint|p1b: Dondozo\n|\n|-heal|p2a: Heatran|79\/100|[from] item: Leftovers\n|-end|p2b: Lurantis|move: Yawn|[silent]\n|-status|p2b: Lurantis|slp\n|upkeep\n|turn|5\n|-message|xnbry forfeited.\n|\n|win|zzLuu\n|raw|xnbry's rating: 1127 &rarr; <strong>1099<\/strong><br \/>(-28 for losing)\n|raw|zzLuu's rating: 1083 &rarr; <strong>1114<\/strong><br \/>(+31 for winning)\n|l|\u2606xnbry\n","uploadtime":1700538720,"views":9,"p1id":"xnbry","p2id":"zzluu","formatid":"gen9vgc2023regulatione","rating":1099,"private":0,"password":""}