{"id":"gen9vgc2023regulatione-1994890852","p1":"That_Leek","p2":"Dathluke","format":"[Gen 9] VGC 2023 Regulation E","log":"|j|\u2606That_Leek\n|j|\u2606Dathluke\n|t:|1700502134\n|gametype|doubles\n|player|p1|That_Leek|blue|1639\n|player|p2|Dathluke|veteran|1620\n|teamsize|p1|6\n|teamsize|p2|6\n|gen|9\n|tier|[Gen 9] VGC 2023 Regulation E\n|rated|\n|rule|Species Clause: Limit one of each Pok\u00e9mon\n|rule|Item Clause: Limit one of each item\n|clearpoke\n|poke|p1|Gholdengo, L50|\n|poke|p1|Ogerpon-Wellspring, L50, F|\n|poke|p1|Arcanine-Hisui, L50, M|\n|poke|p1|Chien-Pao, L50|\n|poke|p1|Scream Tail, L50|\n|poke|p1|Dragonite, L50, F|\n|poke|p2|Zapdos, L50|\n|poke|p2|Arcanine-Hisui, L50, M|\n|poke|p2|Ogerpon-Wellspring, L50, F|\n|poke|p2|Gholdengo, L50|\n|poke|p2|Chien-Pao, L50|\n|poke|p2|Iron Hands, L50|\n|teampreview|4\nThat_Leek has agreed to open team sheets.\n|inactive|Battle timer is ON: inactive players will automatically lose when time's up. (requested by Dathluke)\n|\n|t:|1700502152\n|start\n|switch|p1a: Arcanine|Arcanine-Hisui, L50, M|100\/100\n|switch|p1b: Scream Tail|Scream Tail, L50|100\/100\n|switch|p2a: Iron Hands|Iron Hands, L50|100\/100\n|switch|p2b: Ogerpon|Ogerpon-Wellspring, L50, F|100\/100\n|-ability|p1a: Arcanine|Intimidate|boost\n|-unboost|p2a: Iron Hands|atk|1\n|-unboost|p2b: Ogerpon|atk|1\n|-enditem|p1b: Scream Tail|Booster Energy\n|-activate|p1b: Scream Tail|ability: Protosynthesis|[fromitem]\n|-start|p1b: Scream Tail|protosynthesisspe\n|turn|1\n|inactive|That_Leek has 30 seconds left.\n|j| Pomagrante\n|\n|t:|1700502181\n|-terastallize|p1a: Arcanine|Fairy\n|move|p1b: Scream Tail|Howl|p1b: Scream Tail|[spread] p1a,p1b\n|-boost|p1a: Arcanine|atk|1\n|-boost|p1b: Scream Tail|atk|1\n|move|p2b: Ogerpon|Ivy Cudgel|p1b: Scream Tail|[anim] Ivy Cudgel Water\n|-damage|p1b: Scream Tail|76\/100\n|move|p1a: Arcanine|Tera Blast|p2a: Iron Hands|[anim] Tera Blast Fairy\n|-supereffective|p2a: Iron Hands\n|-damage|p2a: Iron Hands|0 fnt\n|faint|p2a: Iron Hands\n|-end|p2a: Iron Hands|Quark Drive|[silent]\n|\n|upkeep\n|\n|t:|1700502196\n|switch|p2a: Arcanine|Arcanine-Hisui, L50, M|100\/100\n|-ability|p2a: Arcanine|Intimidate|boost\n|-unboost|p1a: Arcanine|atk|1\n|-unboost|p1b: Scream Tail|atk|1\n|turn|2\n|\n|t:|1700502213\n|move|p2b: Ogerpon|Spiky Shield|p2b: Ogerpon\n|-singleturn|p2b: Ogerpon|move: Protect\n|move|p1b: Scream Tail|Thunder Wave|p2a: Arcanine\n|-status|p2a: Arcanine|par\n|move|p1a: Arcanine|Tera Blast|p2b: Ogerpon|[anim] Tera Blast Fairy\n|-activate|p2b: Ogerpon|move: Protect\n|cant|p2a: Arcanine|par\n|\n|upkeep\n|turn|3\n|\n|t:|1700502231\n|move|p1b: Scream Tail|Howl|p1b: Scream Tail|[spread] p1a,p1b\n|-boost|p1a: Arcanine|atk|1\n|-boost|p1b: Scream Tail|atk|1\n|move|p2b: Ogerpon|Horn Leech|p1a: Arcanine\n|-damage|p1a: Arcanine|70\/100\n|move|p1a: Arcanine|Tera Blast|p2b: Ogerpon|[anim] Tera Blast Fairy\n|-damage|p2b: Ogerpon|0 fnt\n|faint|p2b: Ogerpon\n|cant|p2a: Arcanine|par\n|\n|upkeep\n|\n|t:|1700502241\n|switch|p2b: Chien-Pao|Chien-Pao, L50|100\/100\n|-ability|p2b: Chien-Pao|Sword of Ruin\n|turn|4\n|inactive|That_Leek has 30 seconds left.\n|inactive|That_Leek has 20 seconds left.\n|inactive|That_Leek has 15 seconds left.\n|\n|t:|1700502284\n|move|p2b: Chien-Pao|Protect|p2b: Chien-Pao\n|-singleturn|p2b: Chien-Pao|Protect\n|move|p1b: Scream Tail|Thunder Wave|p2b: Chien-Pao\n|-activate|p2b: Chien-Pao|move: Protect\n|move|p1a: Arcanine|Tera Blast|p2a: Arcanine|[anim] Tera Blast Fairy\n|-resisted|p2a: Arcanine\n|-damage|p2a: Arcanine|23\/100 par\n|cant|p2a: Arcanine|par\n|\n|upkeep\n|turn|5\n|-message|Dathluke forfeited.\n|\n|win|That_Leek\n|raw|That_Leek's rating: 1617 &rarr; <strong>1637<\/strong><br \/>(+20 for winning)\n|raw|Dathluke's rating: 1620 &rarr; <strong>1600<\/strong><br \/>(-20 for losing)\n","uploadtime":1700502309,"views":10,"p1id":"thatleek","p2id":"dathluke","formatid":"gen9vgc2023regulatione","rating":1600,"private":0,"password":""}