{"id":"gen9vgc2023regulatione-1995794105","p1":"StonerSomeone","p2":"heypolo","format":"[Gen 9] VGC 2023 Regulation E","log":"|j|\u2606StonerSomeone\n|j|\u2606heypolo\n|n|\u2606StonerSomeone|stonersomeone\n|n|\u2606heypolo|heypolo\n|html|View the match progress at <a href=\"\/game-bestof3-gen9vgc2023regulatione-1995789566\">game-bestof3-gen9vgc2023regulatione-1995789566<\/a>\n|t:|1700603791\n|gametype|doubles\n|player|p1|StonerSomeone|anabel|\n|player|p2|heypolo|n|\n|teamsize|p1|6\n|teamsize|p2|6\n|gen|9\n|tier|[Gen 9] VGC 2023 Regulation E\n|rated|Tournament battle\n|rule|Species Clause: Limit one of each Pok\u00e9mon\n|rule|Item Clause: Limit one of each item\n|clearpoke\n|poke|p1|Moltres, L50|\n|poke|p1|Iron Hands, L50|\n|poke|p1|Urshifu-*, L50, M|\n|poke|p1|Flutter Mane, L50|\n|poke|p1|Landorus-Therian, L50, M|\n|poke|p1|Milotic, L50, F|\n|poke|p2|Iron Hands, L50|\n|poke|p2|Ogerpon-Hearthflame, L50, F|\n|poke|p2|Tornadus, L50, M|\n|poke|p2|Urshifu-*, L50, M|\n|poke|p2|Chien-Pao, L50|\n|poke|p2|Grimmsnarl, L50, M|\n|teampreview|4\n|showteam|p1|Moltres||RockyHelmet|FlameBody|HeatWave,AirSlash,Tailwind,Roost||||||50|,,,,,Dragon]Iron Hands||AssaultVest|QuarkDrive|DrainPunch,WildCharge,HeavySlam,FakeOut||||||50|,,,,,Fire]Urshifu||BlackGlasses|UnseenFist|Protect,WickedBlow,SuckerPunch,CloseCombat|||M|||50|,,,,,Poison]Flutter Mane||ChoiceSpecs|Protosynthesis|PowerGem,DazzlingGleam,Moonblast,ShadowBall||||||50|,,,,,Fairy]Landorus-Therian||ChoiceScarf|Intimidate|TeraBlast,StompingTantrum,Uturn,RockSlide|||M|||50|,,,,,Flying]Milotic||SitrusBerry|Competitive|Scald,IcyWind,Recover,Protect|||F|||50|,,,,,Grass\n|showteam|p2|Iron Hands||AssaultVest|QuarkDrive|WildCharge,DrainPunch,HeavySlam,FakeOut||||||50|,,,,,Water]Ogerpon-Hearthflame||HearthflameMask|MoldBreaker|IvyCudgel,WoodHammer,StompingTantrum,SpikyShield|||F|||50|,,,,,Fire]Tornadus||CovertCloak|Prankster|BleakwindStorm,Tailwind,RainDance,SunnyDay|||M|||50|,,,,,Ghost]Urshifu-Rapid-Strike||MysticWater|UnseenFist|SurgingStrikes,CloseCombat,AquaJet,Detect|||M|||50|,,,,,Water]Chien-Pao||FocusSash|SwordofRuin|IceSpinner,SacredSword,SuckerPunch,Protect||||||50|,,,,,Ghost]Grimmsnarl||LightClay|Prankster|LightScreen,Reflect,SpiritBreak,PartingShot|||M|||50|,,,,,Dark\n|inactive|Battle timer is ON: inactive players will automatically lose when time's up. (requested by StonerSomeone)\n|inactive|StonerSomeone has 60 seconds left.\n|\n|t:|1700603837\n|start\n|switch|p1a: Milotic|Milotic, L50, F|100\/100\n|switch|p1b: Moltres|Moltres, L50|100\/100\n|switch|p2a: Ogerpon|Ogerpon-Hearthflame, L50, F|100\/100\n|switch|p2b: Urshifu|Urshifu-Rapid-Strike, L50, M|100\/100\n|-ability|p2a: Ogerpon|Mold Breaker\n|turn|1\n|\n|t:|1700603856\n|switch|p1a: Landorus|Landorus-Therian, L50, M|100\/100\n|-ability|p1a: Landorus|Intimidate|boost\n|-unboost|p2a: Ogerpon|atk|1\n|-unboost|p2b: Urshifu|atk|1\n|-terastallize|p2b: Urshifu|Water\n|-terastallize|p1b: Moltres|Dragon\n|move|p2a: Ogerpon|Wood Hammer|p1a: Landorus\n|-damage|p1a: Landorus|48\/100\n|-damage|p2a: Ogerpon|83\/100|[from] Recoil\n|move|p2b: Urshifu|Surging Strikes|p1b: Moltres\n|-resisted|p1b: Moltres\n|-crit|p1b: Moltres\n|-damage|p1b: Moltres|85\/100\n|-damage|p2b: Urshifu|84\/100|[from] item: Rocky Helmet|[of] p1b: Moltres\n|-resisted|p1b: Moltres\n|-crit|p1b: Moltres\n|-damage|p1b: Moltres|69\/100\n|-damage|p2b: Urshifu|67\/100|[from] item: Rocky Helmet|[of] p1b: Moltres\n|-resisted|p1b: Moltres\n|-crit|p1b: Moltres\n|-damage|p1b: Moltres|54\/100\n|-damage|p2b: Urshifu|51\/100|[from] item: Rocky Helmet|[of] p1b: Moltres\n|-hitcount|p1b: Moltres|3\n|move|p1b: Moltres|Tailwind|p1b: Moltres\n|-sidestart|p1: StonerSomeone|move: Tailwind\n|\n|upkeep\n|turn|2\n|inactive|heypolo has 30 seconds left.\n|\n|t:|1700603884\n|switch|p1a: Milotic|Milotic, L50, F|100\/100\n|move|p2a: Ogerpon|Spiky Shield|p2a: Ogerpon\n|-singleturn|p2a: Ogerpon|move: Protect\n|move|p2b: Urshifu|Aqua Jet|p1a: Milotic\n|-resisted|p1a: Milotic\n|-crit|p1a: Milotic\n|-damage|p1a: Milotic|75\/100\n|move|p1b: Moltres|Roost|p1b: Moltres\n|-heal|p1b: Moltres|100\/100\n|\n|upkeep\n|turn|3\n|\n|t:|1700603898\n|move|p1b: Moltres|Air Slash|p2a: Ogerpon\n|-supereffective|p2a: Ogerpon\n|-damage|p2a: Ogerpon|0 fnt\n|faint|p2a: Ogerpon\n|move|p1a: Milotic|Scald|p2b: Urshifu\n|-resisted|p2b: Urshifu\n|-damage|p2b: Urshifu|33\/100\n|-status|p2b: Urshifu|brn\n|move|p2b: Urshifu|Close Combat|p1b: Moltres\n|-damage|p1b: Moltres|80\/100\n|-unboost|p2b: Urshifu|def|1\n|-unboost|p2b: Urshifu|spd|1\n|-damage|p2b: Urshifu|17\/100 brn|[from] item: Rocky Helmet|[of] p1b: Moltres\n|\n|-damage|p2b: Urshifu|10\/100 brn|[from] brn\n|upkeep\n|\n|t:|1700603913\n|switch|p2a: Chien-Pao|Chien-Pao, L50|100\/100\n|-ability|p2a: Chien-Pao|Sword of Ruin\n|turn|4\n|\n|t:|1700603926\n|move|p2a: Chien-Pao|Protect|p2a: Chien-Pao\n|-singleturn|p2a: Chien-Pao|Protect\n|move|p1b: Moltres|Heat Wave|p2a: Chien-Pao|[spread] \n|-activate|p2a: Chien-Pao|move: Protect\n|-miss|p1b: Moltres|p2b: Urshifu\n|move|p1a: Milotic|Icy Wind|p2b: Urshifu|[spread] p2b\n|-activate|p2a: Chien-Pao|move: Protect\n|-resisted|p2b: Urshifu\n|-damage|p2b: Urshifu|0 fnt\n|faint|p2b: Urshifu\n|\n|-sideend|p1: StonerSomeone|move: Tailwind\n|upkeep\n|\n|t:|1700603937\n|switch|p2b: Tornadus|Tornadus, L50, M|100\/100\n|turn|5\n|\n|t:|1700603949\n|switch|p1b: Landorus|Landorus-Therian, L50, M|48\/100\n|-ability|p1b: Landorus|Intimidate|boost\n|-unboost|p2a: Chien-Pao|atk|1\n|-unboost|p2b: Tornadus|atk|1\n|move|p2a: Chien-Pao|Ice Spinner|p1b: Landorus\n|-supereffective|p1b: Landorus\n|-damage|p1b: Landorus|0 fnt\n|faint|p1b: Landorus\n|move|p2b: Tornadus|Bleakwind Storm|p1a: Milotic\n|-damage|p1a: Milotic|37\/100\n|-enditem|p1a: Milotic|Sitrus Berry|[eat]\n|-heal|p1a: Milotic|62\/100|[from] item: Sitrus Berry\n|move|p1a: Milotic|Icy Wind|p2a: Chien-Pao|[spread] p2a,p2b\n|-resisted|p2a: Chien-Pao\n|-supereffective|p2b: Tornadus\n|-damage|p2a: Chien-Pao|91\/100\n|-damage|p2b: Tornadus|78\/100\n|-unboost|p2a: Chien-Pao|spe|1\n|\n|upkeep\n|\n|t:|1700603963\n|switch|p1b: Iron Hands|Iron Hands, L50|100\/100\n|turn|6\n|\n|t:|1700603984\n|move|p2b: Tornadus|Bleakwind Storm|p1b: Iron Hands|[spread] p1b\n|-miss|p2b: Tornadus|p1a: Milotic\n|-damage|p1b: Iron Hands|81\/100\n|-unboost|p1b: Iron Hands|spe|1\n|move|p2a: Chien-Pao|Sacred Sword|p1b: Iron Hands\n|-damage|p1b: Iron Hands|59\/100\n|move|p1a: Milotic|Scald|p2a: Chien-Pao\n|-damage|p2a: Chien-Pao|39\/100\n|-status|p2a: Chien-Pao|brn\n|move|p1b: Iron Hands|Wild Charge|p2b: Tornadus\n|-supereffective|p2b: Tornadus\n|-damage|p2b: Tornadus|0 fnt\n|faint|p2b: Tornadus\n|-damage|p1b: Iron Hands|44\/100|[from] Recoil\n|\n|-damage|p2a: Chien-Pao|33\/100 brn|[from] brn\n|upkeep\n|turn|7\n|c|\u2606StonerSomeone|gg\n|\n|t:|1700604002\n|move|p2a: Chien-Pao|Sacred Sword|p1b: Iron Hands\n|-damage|p1b: Iron Hands|33\/100\n|move|p1a: Milotic|Scald|p2a: Chien-Pao\n|-damage|p2a: Chien-Pao|0 fnt\n|faint|p2a: Chien-Pao\n|\n|win|StonerSomeone\n","uploadtime":1700604010,"views":0,"p1id":"stonersomeone","p2id":"heypolo","formatid":"gen9vgc2023regulatione","rating":0,"private":0,"password":""}