{"id":"gen9vgc2023regulatione-1997741918","p1":"A silly team","p2":"dozo kid","format":"[Gen 9] VGC 2023 Regulation E","log":"|j|\u2606A silly team\n|j|\u2606dozo kid\n|t:|1700847804\n|gametype|doubles\n|player|p1|A silly team|swimmer-gen4|1602\n|player|p2|dozo kid|raifort|1585\n|teamsize|p1|6\n|teamsize|p2|6\n|gen|9\n|tier|[Gen 9] VGC 2023 Regulation E\n|rated|\n|rule|Species Clause: Limit one of each Pok\u00e9mon\n|rule|Item Clause: Limit one of each item\n|clearpoke\n|poke|p1|Chesnaught, L50, M|\n|poke|p1|Rillaboom, L50, F|\n|poke|p1|Tyranitar, L50, F|\n|poke|p1|Farigiraf, L50, M|\n|poke|p1|Clefairy, L50, M|\n|poke|p1|Arcanine-Hisui, L50, F|\n|poke|p2|Dragonite, L50, F|\n|poke|p2|Chien-Pao, L50|\n|poke|p2|Iron Hands, L50|\n|poke|p2|Heatran, L50, F|\n|poke|p2|Tornadus, L50, M|\n|poke|p2|Urshifu-*, L50, M|\n|teampreview|4\n|inactive|Battle timer is ON: inactive players will automatically lose when time's up. (requested by A silly team)\n|inactive|dozo kid also wants the timer to be on.\ndozo kid has agreed to open team sheets.\n|inactive|dozo kid has 60 seconds left.\n|\n|t:|1700847862\n|start\n|switch|p1a: Arcanine|Arcanine-Hisui, L50, F|100\/100\n|switch|p1b: Farigiraf|Farigiraf, L50, M|100\/100\n|switch|p2a: Chien-Pao|Chien-Pao, L50|100\/100\n|switch|p2b: Urshifu|Urshifu-Rapid-Strike, L50, M|100\/100\n|-ability|p2a: Chien-Pao|Sword of Ruin\n|-ability|p1a: Arcanine|Intimidate|boost\n|-unboost|p2a: Chien-Pao|atk|1\n|-unboost|p2b: Urshifu|atk|1\n|turn|1\n|j| Dioxide8\n|inactive|dozo kid has 30 seconds left.\n|\n|t:|1700847896\n|switch|p1b: Rillaboom|Rillaboom, L50, F|100\/100\n|-fieldstart|move: Grassy Terrain|[from] ability: Grassy Surge|[of] p1b: Rillaboom\n|-terastallize|p2b: Urshifu|Water\n|-terastallize|p1a: Arcanine|Water\n|move|p2a: Chien-Pao|Lash Out|p1b: Rillaboom\n|-damage|p1b: Rillaboom|35\/100\n|move|p2b: Urshifu|Surging Strikes|p1b: Rillaboom\n|-resisted|p1b: Rillaboom\n|-crit|p1b: Rillaboom\n|-damage|p1b: Rillaboom|12\/100\n|-resisted|p1b: Rillaboom\n|-crit|p1b: Rillaboom\n|-damage|p1b: Rillaboom|0 fnt\n|faint|p1b: Rillaboom\n|-hitcount|p1: Rillaboom|2\n|move|p1a: Arcanine|Rock Slide|p2b: Urshifu|[spread] p2a,p2b\n|-supereffective|p2a: Chien-Pao\n|-enditem|p2a: Chien-Pao|Focus Sash\n|-damage|p2a: Chien-Pao|1\/100\n|-damage|p2b: Urshifu|42\/100\n|\n|-heal|p2a: Chien-Pao|7\/100|[from] Grassy Terrain\n|-heal|p2b: Urshifu|48\/100|[from] Grassy Terrain\n|upkeep\n|inactive|A silly team has 30 seconds left.\n|\n|t:|1700847922\n|switch|p1b: Chesnaught|Chesnaught, L50, M|100\/100\n|turn|2\n|inactive|dozo kid has 30 seconds left.\n|inactive|dozo kid has 20 seconds left.\n|inactive|dozo kid has 15 seconds left.\n|\n|t:|1700847964\n|move|p2a: Chien-Pao|Ice Spinner|p1b: Chesnaught\n|-supereffective|p1b: Chesnaught\n|-damage|p1b: Chesnaught|35\/100\n|-fieldend|move: Grassy Terrain\n|-enditem|p1b: Chesnaught|Sitrus Berry|[eat]\n|-heal|p1b: Chesnaught|59\/100|[from] item: Sitrus Berry\n|move|p2b: Urshifu|Surging Strikes|p1a: Arcanine\n|-resisted|p1a: Arcanine\n|-crit|p1a: Arcanine\n|-damage|p1a: Arcanine|74\/100\n|-resisted|p1a: Arcanine\n|-crit|p1a: Arcanine\n|-damage|p1a: Arcanine|47\/100\n|-resisted|p1a: Arcanine\n|-crit|p1a: Arcanine\n|-damage|p1a: Arcanine|22\/100\n|-hitcount|p1a: Arcanine|3\n|move|p1a: Arcanine|Rock Slide|p2a: Chien-Pao|[spread] p2a,p2b\n|-supereffective|p2a: Chien-Pao\n|-damage|p2a: Chien-Pao|0 fnt\n|-damage|p2b: Urshifu|0 fnt\n|faint|p2a: Chien-Pao\n|faint|p2b: Urshifu\n|move|p1b: Chesnaught|Belly Drum|p1b: Chesnaught\n|-damage|p1b: Chesnaught|9\/100\n|-setboost|p1b: Chesnaught|atk|6|[from] move: Belly Drum\n|\n|upkeep\n|j| Franconcino\n|\n|t:|1700847986\n|switch|p2a: Iron Hands|Iron Hands, L50|100\/100\n|switch|p2b: Tornadus|Tornadus, L50, M|100\/100\n|turn|3\n|inactive|dozo kid has 30 seconds left.\n|inactive|dozo kid has 20 seconds left.\n|j| Luigi over mario\n|inactive|dozo kid has 15 seconds left.\n|\n|t:|1700848031\n|switch|p1a: Farigiraf|Farigiraf, L50, M|100\/100\n|move|p1b: Chesnaught|Spiky Shield|p1b: Chesnaught\n|-singleturn|p1b: Chesnaught|move: Protect\n|move|p2a: Iron Hands|Fake Out||[still]\n|cant|p1a: Farigiraf|ability: Armor Tail|Fake Out|[of] p2a: Iron Hands\n|move|p2b: Tornadus|Bleakwind Storm|p1b: Chesnaught|[spread] p1a\n|-activate|p1b: Chesnaught|move: Protect\n|-damage|p1a: Farigiraf|68\/100\n|\n|upkeep\n|turn|4\n|\n|t:|1700848050\n|move|p2b: Tornadus|Bleakwind Storm|p1a: Farigiraf|[spread] p1a,p1b\n|-supereffective|p1b: Chesnaught\n|-damage|p1a: Farigiraf|34\/100\n|-damage|p1b: Chesnaught|0 fnt\n|-unboost|p1a: Farigiraf|spe|1\n|faint|p1b: Chesnaught\n|move|p2a: Iron Hands|Drain Punch|p1a: Farigiraf\n|-damage|p1a: Farigiraf|0 fnt\n|faint|p1a: Farigiraf\n|\n|upkeep\n|\n|t:|1700848061\n|switch|p1a: Arcanine|Arcanine-Hisui, L50, F, tera:Water|22\/100\n|-ability|p1a: Arcanine|Intimidate|boost\n|-unboost|p2a: Iron Hands|atk|1\n|-unboost|p2b: Tornadus|atk|1\n|turn|5\n|\n|t:|1700848068\n|move|p2b: Tornadus|Bleakwind Storm|p1a: Arcanine\n|-damage|p1a: Arcanine|0 fnt\n|faint|p1a: Arcanine\n|\n|win|dozo kid\n|raw|A silly team's rating: 1602 &rarr; <strong>1581<\/strong><br \/>(-21 for losing)\n|raw|dozo kid's rating: 1585 &rarr; <strong>1606<\/strong><br \/>(+21 for winning)\n|l|\u2606A silly team\n|l| Dioxide8\n|l| Luigi over mario\n","uploadtime":1700848115,"views":9,"p1id":"asillyteam","p2id":"dozokid","formatid":"gen9vgc2023regulatione","rating":1581,"private":0,"password":""}