{"id":"gen9vgc2023regulatione-1988661377","p1":"PSmonteiro","p2":"Rebornsan93","format":"[Gen 9] VGC 2023 Regulation E","log":"|j|\u2606PSmonteiro\n|j|\u2606Rebornsan93\n|n|\u2606PSmonteiro|psmonteiro\n|n|\u2606Rebornsan93|rebornsan93\n|html|View the match progress at <a href=\"\/game-bestof3-gen9vgc2023regulatione-1988658527\">game-bestof3-gen9vgc2023regulatione-1988658527<\/a>\n|t:|1699747546\n|gametype|doubles\n|player|p1|PSmonteiro|drayden|\n|player|p2|Rebornsan93|koga|\n|teamsize|p1|6\n|teamsize|p2|6\n|gen|9\n|tier|[Gen 9] VGC 2023 Regulation E\n|rule|Species Clause: Limit one of each Pok\u00e9mon\n|rule|Item Clause: Limit one of each item\n|clearpoke\n|poke|p1|Indeedee-F, L50, F|\n|poke|p1|Armarouge, L50, M|\n|poke|p1|Ursaluna, L50, F|\n|poke|p1|Glastrier, L50|\n|poke|p1|Kingambit, L50, M|\n|poke|p1|Sinistcha-Masterpiece, L50|\n|poke|p2|Iron Bundle, L50|\n|poke|p2|Arcanine-Hisui, L50, M|\n|poke|p2|Tyranitar, L50, F|\n|poke|p2|Kommo-o, L50, F|\n|poke|p2|Rillaboom, L50, F|\n|poke|p2|Flutter Mane, L50|\n|teampreview|4\nPSmonteiro has agreed to open team sheets.\nRebornsan93 has agreed to open team sheets.\n|showteam|p1|Indeedee-F||Leftovers|PsychicSurge|TrickRoom,Psychic,FollowMe,HealPulse|||F|||50|,,,,,Steel]Armarouge||TwistedSpoon|FlashFire|AllySwitch,ExpandingForce,ArmorCannon,WideGuard|||M|||50|,,,,,Psychic]Ursaluna||FlameOrb|Guts|Protect,Facade,HeadlongRush,ShadowClaw|||F|||50|,,,,,Ghost]Glastrier||AssaultVest|ChillingNeigh|Avalanche,TeraBlast,StompingTantrum,CloseCombat||||||50|,,,,,Water]Kingambit||LifeOrb|Defiant|Protect,KowtowCleave,IronHead,SuckerPunch|||M|||50|,,,,,Dark]Sinistcha-Masterpiece||RedCard|Hospitality|TrickRoom,Scald,MatchaGotcha,StrengthSap||||||50|,,,,,Grass\n|showteam|p2|Iron Bundle||BoosterEnergy|QuarkDrive|HydroPump,Protect,IcyWind,FreezeDry||||||50|,,,,,Ghost]Arcanine-Hisui||SitrusBerry|Intimidate|FlareBlitz,RockSlide,WillOWisp,Howl|||M|||50|,,,,,Water]Tyranitar||AssaultVest|SandStream|KnockOff,LowKick,RockSlide,TeraBlast|||F|||50|,,,,,Psychic]Kommo-o||Leftovers|Bulletproof|IronHead,IronDefense,Protect,BodyPress|||F|||50|,,,,,Steel]Rillaboom||MiracleSeed|GrassySurge|WoodHammer,FakeOut,Taunt,GrassyGlide|||F|||50|,,,,,Grass]Flutter Mane||ChoiceSpecs|Protosynthesis|DazzlingGleam,Psyshock,ShadowBall,Moonblast||||||50|,,,,,Fairy\n|j| ShimeNaruka\n|j| DorititosKiller\n|c| ShimeNaruka|pode dale\n|c| DorititosKiller|Cl\u00e1ssicoooo :O:O:O\n|j| Leon1das\n|j| lucasarreguy\n|c| lucasarreguy|podem come\u00e7ar\n|j| lainshy\n|\n|t:|1699747649\n|start\n|switch|p1a: Indeedee|Indeedee-F, L50, F|100\/100\n|switch|p1b: Armarouge|Armarouge, L50, M|100\/100\n|switch|p2a: Tyranitar|Tyranitar, L50, F|100\/100\n|switch|p2b: Kommo-o|Kommo-o, L50, F|100\/100\n|-fieldstart|move: Psychic Terrain|[from] ability: Psychic Surge|[of] p1a: Indeedee\n|-weather|Sandstorm|[from] ability: Sand Stream|[of] p2a: Tyranitar\n|turn|1\n|\n|t:|1699747687\n|move|p2b: Kommo-o|Protect|p2b: Kommo-o\n|-singleturn|p2b: Kommo-o|Protect\n|move|p1b: Armarouge|Ally Switch|p1b: Armarouge\n|swap|p1b: Armarouge|0|[from] move: Ally Switch\n|move|p2a: Tyranitar|Knock Off|p1b: Indeedee\n|-supereffective|p1b: Indeedee\n|-damage|p1b: Indeedee|0 fnt\n|-enditem|p1b: Indeedee|Leftovers|[from] move: Knock Off|[of] p2a: Tyranitar\n|faint|p1b: Indeedee\n|\n|-weather|Sandstorm|[upkeep]\n|-damage|p2b: Kommo-o|94\/100|[from] Sandstorm\n|-damage|p1a: Armarouge|95\/100|[from] Sandstorm\n|-heal|p2b: Kommo-o|100\/100|[from] item: Leftovers\n|upkeep\n|\n|t:|1699747706\n|switch|p1b: Ursaluna|Ursaluna, L50, F|100\/100\n|turn|2\n|\n|t:|1699747735\n|move|p2b: Kommo-o|Protect||[still]\n|-fail|p2b: Kommo-o\n|move|p1b: Ursaluna|Protect|p1b: Ursaluna\n|-singleturn|p1b: Ursaluna|Protect\n|move|p1a: Armarouge|Expanding Force|p2b: Kommo-o|[spread] p2b\n|-immune|p2a: Tyranitar\n|-supereffective|p2b: Kommo-o\n|-damage|p2b: Kommo-o|0 fnt\n|faint|p2b: Kommo-o\n|move|p2a: Tyranitar|Knock Off|p1b: Ursaluna\n|-activate|p1b: Ursaluna|move: Protect\n|\n|-weather|Sandstorm|[upkeep]\n|-damage|p1a: Armarouge|89\/100|[from] Sandstorm\n|-status|p1b: Ursaluna|brn|[from] item: Flame Orb\n|upkeep\n|\n|t:|1699747742\n|switch|p2b: Rillaboom|Rillaboom, L50, F|100\/100\n|-fieldstart|move: Grassy Terrain|[from] ability: Grassy Surge|[of] p2b: Rillaboom\n|turn|3\n|\n|t:|1699747792\n|move|p2b: Rillaboom|Fake Out|p1a: Armarouge\n|-damage|p1a: Armarouge|74\/100\n|cant|p1a: Armarouge|flinch\n|move|p2a: Tyranitar|Knock Off|p1b: Ursaluna\n|-damage|p1b: Ursaluna|61\/100 brn\n|-enditem|p1b: Ursaluna|Flame Orb|[from] move: Knock Off|[of] p2a: Tyranitar\n|move|p1b: Ursaluna|Headlong Rush|p2a: Tyranitar\n|-supereffective|p2a: Tyranitar\n|-damage|p2a: Tyranitar|0 fnt\n|-unboost|p1b: Ursaluna|def|1\n|-unboost|p1b: Ursaluna|spd|1\n|faint|p2a: Tyranitar\n|\n|-weather|Sandstorm|[upkeep]\n|-damage|p2b: Rillaboom|95\/100|[from] Sandstorm\n|-damage|p1a: Armarouge|69\/100|[from] Sandstorm\n|-heal|p2b: Rillaboom|100\/100|[from] Grassy Terrain\n|-heal|p1a: Armarouge|74\/100|[from] Grassy Terrain\n|-heal|p1b: Ursaluna|67\/100 brn|[from] Grassy Terrain\n|-damage|p1b: Ursaluna|61\/100 brn|[from] brn\n|upkeep\n|\n|t:|1699747803\n|switch|p2a: Flutter Mane|Flutter Mane, L50|100\/100\n|turn|4\n|\n|t:|1699747879\n|-terastallize|p2b: Rillaboom|Grass\n|move|p1b: Ursaluna|Protect|p1b: Ursaluna\n|-singleturn|p1b: Ursaluna|Protect\n|move|p2b: Rillaboom|Grassy Glide|p1b: Ursaluna\n|-activate|p1b: Ursaluna|move: Protect\n|move|p2a: Flutter Mane|Dazzling Gleam|p1a: Armarouge|[spread] p1a\n|-activate|p1b: Ursaluna|move: Protect\n|-resisted|p1a: Armarouge\n|-damage|p1a: Armarouge|43\/100\n|move|p1a: Armarouge|Armor Cannon|p2b: Rillaboom\n|-supereffective|p2b: Rillaboom\n|-damage|p2b: Rillaboom|0 fnt\n|-unboost|p1a: Armarouge|def|1\n|-unboost|p1a: Armarouge|spd|1\n|faint|p2b: Rillaboom\n|\n|-weather|Sandstorm|[upkeep]\n|-damage|p2a: Flutter Mane|94\/100|[from] Sandstorm\n|-damage|p1a: Armarouge|38\/100|[from] Sandstorm\n|-heal|p2a: Flutter Mane|100\/100|[from] Grassy Terrain\n|-heal|p1a: Armarouge|43\/100|[from] Grassy Terrain\n|-heal|p1b: Ursaluna|67\/100 brn|[from] Grassy Terrain\n|-damage|p1b: Ursaluna|61\/100 brn|[from] brn\n|upkeep\n|turn|5\n|\n|t:|1699747916\n|move|p1a: Armarouge|Wide Guard|p1a: Armarouge\n|-singleturn|p1a: Armarouge|Wide Guard\n|move|p2a: Flutter Mane|Dazzling Gleam|p1b: Ursaluna|[spread] \n|-activate|p1a: Armarouge|move: Wide Guard\n|-activate|p1b: Ursaluna|move: Wide Guard\n|move|p1b: Ursaluna|Shadow Claw|p2a: Flutter Mane\n|-supereffective|p2a: Flutter Mane\n|-damage|p2a: Flutter Mane|0 fnt\n|faint|p2a: Flutter Mane\n|-end|p2a: Flutter Mane|Protosynthesis|[silent]\n|\n|win|PSmonteiro\n|c|&|\/uhtml prompt-rebornsan93,Rebornsan93 is ready for game 3!\n|inactive|PSmonteiro has 50 seconds to confirm battle start!\n|c| DorititosKiller|jojaooooooo\n","uploadtime":1699747933,"views":8,"p1id":"psmonteiro","p2id":"rebornsan93","formatid":"gen9vgc2023regulatione","rating":0,"private":0,"password":""}