{"id":"gen9vgc2023regulatione-1995643827","p1":"sm_zem","p2":"Rocksim","format":"[Gen 9] VGC 2023 Regulation E","log":"|j|\u2606sm_zem\n|j|\u2606Rocksim\n|t:|1700590221\n|gametype|doubles\n|player|p1|sm_zem|169|1076\n|player|p2|Rocksim|1|1119\n|teamsize|p1|6\n|teamsize|p2|6\n|gen|9\n|tier|[Gen 9] VGC 2023 Regulation E\n|rated|\n|rule|Species Clause: Limit one of each Pok\u00e9mon\n|rule|Item Clause: Limit one of each item\n|clearpoke\n|poke|p1|Heatran, L50, F|\n|poke|p1|Arcanine-Hisui, L50, F|\n|poke|p1|Iron Hands, L50|\n|poke|p1|Ogerpon-Wellspring, L50, F|\n|poke|p1|Flutter Mane, L50|\n|poke|p1|Tornadus, L50, M|\n|poke|p2|Houndstone, L50, F|\n|poke|p2|Tyranitar, L50, F|\n|poke|p2|Landorus, L50, M|\n|poke|p2|Kilowattrel, L50, M|\n|poke|p2|Kingambit, L50, F|\n|poke|p2|Chien-Pao, L50|\n|teampreview|4\n|inactive|Battle timer is ON: inactive players will automatically lose when time's up. (requested by Rocksim)\n|\n|t:|1700590269\n|start\n|switch|p1a: Tornadus|Tornadus, L50, M|100\/100\n|switch|p1b: Arcanine|Arcanine-Hisui, L50, F|100\/100\n|switch|p2a: Chien-Pao|Chien-Pao, L50|100\/100\n|switch|p2b: Kingambit|Kingambit, L50, F|100\/100\n|-ability|p2a: Chien-Pao|Sword of Ruin\n|-ability|p1b: Arcanine|Intimidate|boost\n|-unboost|p2a: Chien-Pao|atk|1\n|-unboost|p2b: Kingambit|atk|1\n|-ability|p2b: Kingambit|Defiant|boost\n|-boost|p2b: Kingambit|atk|2\n|turn|1\n|inactive|sm_zem has 30 seconds left.\n|inactive|sm_zem has 20 seconds left.\n|inactive|sm_zem has 15 seconds left.\n|\n|t:|1700590309\n|-terastallize|p2b: Kingambit|Poison\n|move|p1a: Tornadus|Tailwind|p1a: Tornadus\n|-sidestart|p1: sm_zem|move: Tailwind\n|move|p1b: Arcanine|Rock Slide|p2a: Chien-Pao|[spread] p2a,p2b\n|-supereffective|p2a: Chien-Pao\n|-enditem|p2a: Chien-Pao|Focus Sash\n|-damage|p2a: Chien-Pao|1\/100\n|-damage|p2b: Kingambit|64\/100\n|move|p2a: Chien-Pao|Ice Spinner|p1a: Tornadus\n|-supereffective|p1a: Tornadus\n|-damage|p1a: Tornadus|17\/100\n|-damage|p2a: Chien-Pao|0 fnt|[from] item: Rocky Helmet|[of] p1a: Tornadus\n|faint|p2a: Chien-Pao\n|move|p2b: Kingambit|Iron Head|p1b: Arcanine\n|-damage|p1b: Arcanine|33\/100\n|\n|-heal|p2b: Kingambit|70\/100|[from] item: Leftovers\n|upkeep\n|\n|t:|1700590329\n|switch|p2a: Landorus|Landorus, L50, M|100\/100\n|turn|2\n|\n|t:|1700590345\n|move|p1a: Tornadus|Protect|p1a: Tornadus\n|-singleturn|p1a: Tornadus|Protect\n|move|p2b: Kingambit|Sucker Punch||[still]\n|-fail|p2b: Kingambit\n|move|p1b: Arcanine|Rock Slide|p2a: Landorus|[spread] p2b\n|-miss|p1b: Arcanine|p2a: Landorus\n|-damage|p2b: Kingambit|37\/100\n|move|p2a: Landorus|Sandsear Storm|p1b: Arcanine|[spread] p1b\n|-activate|p1a: Tornadus|move: Protect\n|-supereffective|p1b: Arcanine\n|-crit|p1b: Arcanine\n|-damage|p1b: Arcanine|0 fnt\n|faint|p1b: Arcanine\n|\n|-heal|p2b: Kingambit|43\/100|[from] item: Leftovers\n|upkeep\n|\n|t:|1700590369\n|switch|p1b: Iron Hands|Iron Hands, L50|100\/100\n|turn|3\n|inactive|sm_zem has 30 seconds left.\n|\n|t:|1700590395\n|move|p2a: Landorus|Protect|p2a: Landorus\n|-singleturn|p2a: Landorus|Protect\n|move|p2b: Kingambit|Protect|p2b: Kingambit\n|-singleturn|p2b: Kingambit|Protect\n|move|p1b: Iron Hands|Fake Out|p2b: Kingambit\n|-activate|p2b: Kingambit|move: Protect\n|move|p1a: Tornadus|Bleakwind Storm|p2a: Landorus|[spread] \n|-activate|p2a: Landorus|move: Protect\n|-activate|p2b: Kingambit|move: Protect\n|\n|-heal|p2b: Kingambit|49\/100|[from] item: Leftovers\n|upkeep\n|turn|4\n|inactive|sm_zem has 30 seconds left.\n|\n|t:|1700590425\n|move|p1a: Tornadus|Protect|p1a: Tornadus\n|-singleturn|p1a: Tornadus|Protect\n|move|p2b: Kingambit|Sucker Punch||[still]\n|-fail|p2b: Kingambit\n|move|p1b: Iron Hands|Volt Switch|p2b: Kingambit\n|-damage|p2b: Kingambit|39\/100\n|\n|t:|1700590433\n|-end|p1b: Iron Hands|Quark Drive|[silent]\n|switch|p1b: Heatran|Heatran, L50, F|100\/100|[from] Volt Switch\n|move|p2a: Landorus|Calm Mind|p2a: Landorus\n|-boost|p2a: Landorus|spa|1\n|-boost|p2a: Landorus|spd|1\n|\n|-heal|p2b: Kingambit|45\/100|[from] item: Leftovers\n|-sideend|p1: sm_zem|move: Tailwind\n|upkeep\n|turn|5\n|\n|t:|1700590458\n|switch|p1a: Iron Hands|Iron Hands, L50|100\/100\n|move|p1b: Heatran|Protect|p1b: Heatran\n|-singleturn|p1b: Heatran|Protect\n|move|p2a: Landorus|Sandsear Storm|p1a: Iron Hands|[spread] p1a\n|-activate|p1b: Heatran|move: Protect\n|-supereffective|p1a: Iron Hands\n|-damage|p1a: Iron Hands|55\/100\n|move|p2b: Kingambit|Kowtow Cleave|p1a: Iron Hands\n|-resisted|p1a: Iron Hands\n|-damage|p1a: Iron Hands|32\/100\n|\n|-heal|p2b: Kingambit|50\/100|[from] item: Leftovers\n|upkeep\n|turn|6\n|\n|t:|1700590476\n|move|p2a: Landorus|Protect|p2a: Landorus\n|-singleturn|p2a: Landorus|Protect\n|move|p2b: Kingambit|Protect|p2b: Kingambit\n|-singleturn|p2b: Kingambit|Protect\n|move|p1a: Iron Hands|Fake Out|p2a: Landorus\n|-activate|p2a: Landorus|move: Protect\n|move|p1b: Heatran|Heat Wave|p2b: Kingambit|[spread] \n|-activate|p2a: Landorus|move: Protect\n|-activate|p2b: Kingambit|move: Protect\n|\n|-heal|p2b: Kingambit|56\/100|[from] item: Leftovers\n|upkeep\n|turn|7\n|\n|t:|1700590496\n|move|p1b: Heatran|Protect|p1b: Heatran\n|-singleturn|p1b: Heatran|Protect\n|move|p2a: Landorus|Sandsear Storm|p1b: Heatran|[spread] p1a\n|-activate|p1b: Heatran|move: Protect\n|-supereffective|p1a: Iron Hands\n|-damage|p1a: Iron Hands|0 fnt\n|faint|p1a: Iron Hands\n|-end|p1a: Iron Hands|Quark Drive|[silent]\n|move|p2b: Kingambit|Kowtow Cleave|p1b: Heatran\n|-activate|p1b: Heatran|move: Protect\n|\n|-heal|p2b: Kingambit|62\/100|[from] item: Leftovers\n|upkeep\n|\n|t:|1700590510\n|switch|p1a: Tornadus|Tornadus, L50, M|17\/100\n|turn|8\n|\n|t:|1700590517\n|move|p1a: Tornadus|Tailwind|p1a: Tornadus\n|-sidestart|p1: sm_zem|move: Tailwind\n|move|p1b: Heatran|Heat Wave|p2a: Landorus|[spread] p2a,p2b\n|-damage|p2a: Landorus|76\/100\n|-damage|p2b: Kingambit|32\/100\n|move|p2a: Landorus|Sandsear Storm|p1b: Heatran|[spread] p1b\n|-immune|p1a: Tornadus\n|-supereffective|p1b: Heatran\n|-crit|p1b: Heatran\n|-damage|p1b: Heatran|0 fnt\n|faint|p1b: Heatran\n|move|p2b: Kingambit|Kowtow Cleave|p1a: Tornadus\n|-damage|p1a: Tornadus|0 fnt\n|-damage|p2b: Kingambit|15\/100|[from] item: Rocky Helmet|[of] p1a: Tornadus\n|faint|p1a: Tornadus\n|\n|win|Rocksim\n|raw|sm_zem's rating: 1076 &rarr; <strong>1057<\/strong><br \/>(-19 for losing)\n|raw|Rocksim's rating: 1119 &rarr; <strong>1141<\/strong><br \/>(+22 for winning)\n","uploadtime":1700590540,"views":1,"p1id":"smzem","p2id":"rocksim","formatid":"gen9vgc2023regulatione","rating":1057,"private":0,"password":""}