{"id":"gen9vgc2023regulatione-1994487315","p1":"wdytyaia","p2":"DreWilliams10","format":"[Gen 9] VGC 2023 Regulation E","log":"|j|\u2606wdytyaia\n|j|\u2606DreWilliams10\n|t:|1700449667\n|gametype|doubles\n|player|p1|wdytyaia|irida|1337\n|player|p2|DreWilliams10|dancer|1244\n|teamsize|p1|6\n|teamsize|p2|6\n|gen|9\n|tier|[Gen 9] VGC 2023 Regulation E\n|rated|\n|rule|Species Clause: Limit one of each Pok\u00e9mon\n|rule|Item Clause: Limit one of each item\n|clearpoke\n|poke|p1|Roaring Moon, L50|\n|poke|p1|Arcanine-Hisui, L50, F|\n|poke|p1|Chien-Pao, L50|\n|poke|p1|Iron Hands, L50|\n|poke|p1|Kingambit, L50, M|\n|poke|p1|Sinistcha, L50|\n|poke|p2|Roaring Moon, L50|\n|poke|p2|Chien-Pao, L50|\n|poke|p2|Ninetales-Alola, L50, M|\n|poke|p2|Iron Hands, L50|\n|poke|p2|Rillaboom, L50, M|\n|poke|p2|Urshifu-*, L50, F|\n|teampreview|4\n|inactive|Battle timer is ON: inactive players will automatically lose when time's up. (requested by DreWilliams10)\n|l|\u2606wdytyaia\n|inactive|wdytyaia disconnected and has a minute to reconnect!\n|player|p1|\n|j|\u2606wdytyaia\n|inactive|wdytyaia reconnected and has 75 seconds left.\n|player|p1|wdytyaia|irida\n|inactive|wdytyaia has 60 seconds left.\n|\n|t:|1700449714\n|start\n|switch|p1a: Iron Hands|Iron Hands, L50|100\/100\n|switch|p1b: Arcanine|Arcanine-Hisui, L50, F|100\/100\n|switch|p2a: Roaring Moon|Roaring Moon, L50|100\/100\n|switch|p2b: Ninetales|Ninetales-Alola, L50, M|100\/100\n|-weather|Snow|[from] ability: Snow Warning|[of] p2b: Ninetales\n|-ability|p1b: Arcanine|Intimidate|boost\n|-unboost|p2a: Roaring Moon|atk|1\n|-unboost|p2b: Ninetales|atk|1\n|-enditem|p2a: Roaring Moon|Booster Energy\n|-activate|p2a: Roaring Moon|ability: Protosynthesis|[fromitem]\n|-start|p2a: Roaring Moon|protosynthesisspe\n|turn|1\n|inactive|wdytyaia has 30 seconds left.\n|\n|t:|1700449748\n|switch|p1b: Kingambit|Kingambit, L50, M|100\/100\n|-terastallize|p2b: Ninetales|Ghost\n|move|p2a: Roaring Moon|Protect|p2a: Roaring Moon\n|-singleturn|p2a: Roaring Moon|Protect\n|move|p2b: Ninetales|Aurora Veil|p2b: Ninetales\n|-sidestart|p2: DreWilliams10|move: Aurora Veil\n|move|p1a: Iron Hands|Heavy Slam|p2b: Ninetales\n|-damage|p2b: Ninetales|62\/100\n|\n|-weather|Snow|[upkeep]\n|upkeep\n|turn|2\n|inactive|DreWilliams10 has 30 seconds left.\n|inactive|wdytyaia has 30 seconds left.\n|\n|t:|1700449786\n|move|p2a: Roaring Moon|Knock Off|p1b: Kingambit\n|-resisted|p1b: Kingambit\n|-damage|p1b: Kingambit|86\/100\n|-enditem|p1b: Kingambit|Black Glasses|[from] move: Knock Off|[of] p2a: Roaring Moon\n|move|p2b: Ninetales|Blizzard|p1b: Kingambit|[spread] p1a,p1b\n|-resisted|p1b: Kingambit\n|-damage|p1a: Iron Hands|87\/100\n|-damage|p1b: Kingambit|76\/100\n|move|p1a: Iron Hands|Drain Punch|p2a: Roaring Moon\n|-supereffective|p2a: Roaring Moon\n|-damage|p2a: Roaring Moon|33\/100\n|-heal|p1a: Iron Hands|100\/100|[from] drain|[of] p2a: Roaring Moon\n|move|p1b: Kingambit|Swords Dance|p1b: Kingambit\n|-boost|p1b: Kingambit|atk|2\n|\n|-weather|Snow|[upkeep]\n|upkeep\n|turn|3\n|inactive|wdytyaia has 30 seconds left.\n|inactive|wdytyaia has 20 seconds left.\n|\n|t:|1700449825\n|move|p2b: Ninetales|Helping Hand|p2a: Roaring Moon\n|-singleturn|p2a: Roaring Moon|Helping Hand|[of] p2b: Ninetales\n|move|p2a: Roaring Moon|Knock Off|p1a: Iron Hands\n|-resisted|p1a: Iron Hands\n|-damage|p1a: Iron Hands|80\/100\n|-enditem|p1a: Iron Hands|Assault Vest|[from] move: Knock Off|[of] p2a: Roaring Moon\n|move|p1a: Iron Hands|Drain Punch|p2a: Roaring Moon\n|-supereffective|p2a: Roaring Moon\n|-damage|p2a: Roaring Moon|0 fnt\n|-heal|p1a: Iron Hands|93\/100|[from] drain|[of] p2a: Roaring Moon\n|faint|p2a: Roaring Moon\n|-end|p2a: Roaring Moon|Protosynthesis|[silent]\n|move|p1b: Kingambit|Kowtow Cleave|p2b: Ninetales\n|-supereffective|p2b: Ninetales\n|-damage|p2b: Ninetales|0 fnt\n|faint|p2b: Ninetales\n|\n|-weather|Snow|[upkeep]\n|upkeep\n|\n|t:|1700449834\n|switch|p2b: Iron Hands|Iron Hands, L50|100\/100\n|switch|p2a: Rillaboom|Rillaboom, L50, M|100\/100\n|-fieldstart|move: Grassy Terrain|[from] ability: Grassy Surge|[of] p2a: Rillaboom\n|-enditem|p2a: Rillaboom|Grassy Seed\n|-boost|p2a: Rillaboom|def|1|[from] item: Grassy Seed\n|turn|4\n|\n|t:|1700449852\n|-end|p1a: Iron Hands|Quark Drive|[silent]\n|switch|p1a: Sinistcha|Sinistcha, L50|100\/100\n|-heal|p1b: Kingambit|100\/100|[from] ability: Hospitality|[of] p1a: Sinistcha\n|move|p1b: Kingambit|Protect|p1b: Kingambit\n|-singleturn|p1b: Kingambit|Protect\n|move|p2a: Rillaboom|Fake Out|p1a: Sinistcha\n|-immune|p1a: Sinistcha\n|move|p2b: Iron Hands|Drain Punch|p1b: Kingambit\n|-activate|p1b: Kingambit|move: Protect\n|\n|-weather|Snow|[upkeep]\n|upkeep\n|turn|5\n|\n|t:|1700449863\n|move|p1a: Sinistcha|Rage Powder|p1a: Sinistcha\n|-singleturn|p1a: Sinistcha|move: Rage Powder\n|move|p2a: Rillaboom|Knock Off|p1a: Sinistcha\n|-supereffective|p1a: Sinistcha\n|-damage|p1a: Sinistcha|51\/100\n|-damage|p2a: Rillaboom|84\/100|[from] item: Rocky Helmet|[of] p1a: Sinistcha\n|-enditem|p1a: Sinistcha|Rocky Helmet|[from] move: Knock Off|[of] p2a: Rillaboom\n|move|p2b: Iron Hands|Drain Punch|p1a: Sinistcha\n|-immune|p1a: Sinistcha\n|move|p1b: Kingambit|Kowtow Cleave|p2a: Rillaboom\n|-damage|p2a: Rillaboom|41\/100\n|\n|-weather|none\n|-heal|p2a: Rillaboom|47\/100|[from] Grassy Terrain\n|-heal|p1a: Sinistcha|57\/100|[from] Grassy Terrain\n|upkeep\n|turn|6\n|\n|t:|1700449880\n|move|p2a: Rillaboom|Protect|p2a: Rillaboom\n|-singleturn|p2a: Rillaboom|Protect\n|move|p1a: Sinistcha|Rage Powder|p1a: Sinistcha\n|-singleturn|p1a: Sinistcha|move: Rage Powder\n|move|p2b: Iron Hands|Drain Punch|p1a: Sinistcha\n|-immune|p1a: Sinistcha\n|move|p1b: Kingambit|Kowtow Cleave|p2a: Rillaboom\n|-activate|p2a: Rillaboom|move: Protect\n|\n|-heal|p2a: Rillaboom|53\/100|[from] Grassy Terrain\n|-heal|p1a: Sinistcha|63\/100|[from] Grassy Terrain\n|upkeep\n|turn|7\n|-message|DreWilliams10 forfeited.\n|\n|win|wdytyaia\n|raw|wdytyaia's rating: 1337 &rarr; <strong>1352<\/strong><br \/>(+15 for winning)\n|raw|DreWilliams10's rating: 1244 &rarr; <strong>1226<\/strong><br \/>(-18 for losing)\n|l|\u2606DreWilliams10\n","uploadtime":1700449913,"views":6,"p1id":"wdytyaia","p2id":"drewilliams10","formatid":"gen9vgc2023regulatione","rating":1226,"private":0,"password":""}