{"id":"gen9vgc2023regulatione-1992365890","p1":"Kzjehzk","p2":"fleeksVGC","format":"[Gen 9] VGC 2023 Regulation E","log":"|j|\u2606Kzjehzk\n|j|\u2606fleeksVGC\n|t:|1700179242\n|gametype|doubles\n|player|p1|Kzjehzk|lance|1114\n|player|p2|fleeksVGC|169|1047\n|teamsize|p1|6\n|teamsize|p2|6\n|gen|9\n|tier|[Gen 9] VGC 2023 Regulation E\n|rated|\n|rule|Species Clause: Limit one of each Pok\u00e9mon\n|rule|Item Clause: Limit one of each item\n|clearpoke\n|poke|p1|Flutter Mane, L50|\n|poke|p1|Tornadus, L50, M|\n|poke|p1|Rillaboom, L50, M|\n|poke|p1|Garganacl, L50, F|\n|poke|p1|Arcanine-Hisui, L50, F|\n|poke|p1|Chien-Pao, L50|\n|poke|p2|Urshifu-*, L50, F|\n|poke|p2|Ogerpon-Hearthflame, L50, F|\n|poke|p2|Ambipom, L50, M|\n|poke|p2|Gholdengo, L50|\n|poke|p2|Gengar, L50, M|\n|poke|p2|Tornadus, L50, M|\n|teampreview|4\n|inactive|Battle timer is ON: inactive players will automatically lose when time's up. (requested by Kzjehzk)\n|\n|t:|1700179282\n|start\n|switch|p1a: Tornadus|Tornadus, L50, M|100\/100\n|switch|p1b: Garganacl|Garganacl, L50, F|100\/100\n|switch|p2a: Tornadus|Tornadus, L50, M|100\/100\n|switch|p2b: Gholdengo|Gholdengo, L50|100\/100\n|turn|1\n|\n|t:|1700179290\n|-terastallize|p1b: Garganacl|Ghost\n|move|p2a: Tornadus|Tailwind|p2a: Tornadus\n|-sidestart|p2: fleeksVGC|move: Tailwind\n|move|p2b: Gholdengo|Nasty Plot|p2b: Gholdengo\n|-boost|p2b: Gholdengo|spa|2\n|move|p1a: Tornadus|Bleakwind Storm|p2b: Gholdengo|[spread] p2b\n|-miss|p1a: Tornadus|p2a: Tornadus\n|-resisted|p2b: Gholdengo\n|-damage|p2b: Gholdengo|85\/100\n|move|p1b: Garganacl|Salt Cure|p2b: Gholdengo\n|-resisted|p2b: Gholdengo\n|-damage|p2b: Gholdengo|79\/100\n|-start|p2b: Gholdengo|Salt Cure\n|\n|-heal|p2b: Gholdengo|85\/100|[from] item: Leftovers\n|-damage|p2b: Gholdengo|60\/100|[from] Salt Cure\n|upkeep\n|turn|2\n|\n|t:|1700179307\n|move|p1b: Garganacl|Protect|p1b: Garganacl\n|-singleturn|p1b: Garganacl|Protect\n|move|p1a: Tornadus|Tailwind|p1a: Tornadus\n|-sidestart|p1: Kzjehzk|move: Tailwind\n|move|p2a: Tornadus|Bleakwind Storm|p1b: Garganacl|[spread] p1a\n|-activate|p1b: Garganacl|move: Protect\n|-damage|p1a: Tornadus|75\/100\n|move|p2b: Gholdengo|Shadow Ball|p1b: Garganacl\n|-activate|p1b: Garganacl|move: Protect\n|\n|-heal|p2b: Gholdengo|66\/100|[from] item: Leftovers\n|-damage|p2b: Gholdengo|41\/100|[from] Salt Cure\n|upkeep\n|turn|3\n|\n|t:|1700179322\n|move|p2a: Tornadus|Bleakwind Storm|p1b: Garganacl|[spread] p1a,p1b\n|-damage|p1a: Tornadus|49\/100\n|-damage|p1b: Garganacl|80\/100\n|move|p1a: Tornadus|Bleakwind Storm|p2b: Gholdengo|[spread] p2a,p2b\n|-resisted|p2b: Gholdengo\n|-damage|p2a: Tornadus|73\/100\n|-damage|p2b: Gholdengo|26\/100\n|-unboost|p2b: Gholdengo|spe|1\n|move|p2b: Gholdengo|Make It Rain|p1b: Garganacl|[spread] p1a,p1b\n|-damage|p1a: Tornadus|0 fnt\n|-damage|p1b: Garganacl|26\/100\n|-unboost|p2b: Gholdengo|spa|1\n|-enditem|p1b: Garganacl|Sitrus Berry|[eat]\n|-heal|p1b: Garganacl|50\/100|[from] item: Sitrus Berry\n|faint|p1a: Tornadus\n|move|p1b: Garganacl|Recover|p1b: Garganacl\n|-heal|p1b: Garganacl|100\/100\n|\n|-heal|p2b: Gholdengo|33\/100|[from] item: Leftovers\n|-damage|p2b: Gholdengo|8\/100|[from] Salt Cure\n|upkeep\n|\n|t:|1700179334\n|switch|p1a: Arcanine|Arcanine-Hisui, L50, F|100\/100\n|-ability|p1a: Arcanine|Intimidate|boost\n|-unboost|p2a: Tornadus|atk|1\n|-unboost|p2b: Gholdengo|atk|1\n|turn|4\n|\n|t:|1700179341\n|move|p1a: Arcanine|Rock Slide|p2a: Tornadus|[spread] p2a,p2b\n|-supereffective|p2a: Tornadus\n|-resisted|p2b: Gholdengo\n|-damage|p2a: Tornadus|0 fnt\n|-damage|p2b: Gholdengo|0 fnt\n|faint|p2a: Tornadus\n|faint|p2b: Gholdengo\n|move|p1b: Garganacl|Salt Cure|p2: Tornadus|[notarget]\n|-fail|p1b: Garganacl\n|\n|-sideend|p2: fleeksVGC|move: Tailwind\n|upkeep\n|\n|t:|1700179345\n|switch|p2a: Ambipom|Ambipom, L50, M|100\/100\n|switch|p2b: Ogerpon|Ogerpon-Hearthflame, L50, F|100\/100\n|-ability|p2b: Ogerpon|Mold Breaker\n|turn|5\n|\n|t:|1700179353\n|switch|p1a: Rillaboom|Rillaboom, L50, M|100\/100\n|-fieldstart|move: Grassy Terrain|[from] ability: Grassy Surge|[of] p1a: Rillaboom\n|-terastallize|p2b: Ogerpon|Fire\n|detailschange|p2b: Ogerpon|Ogerpon-Hearthflame-Tera, L50, F, tera:Fire\n|-ability|p2b: Ogerpon|Embody Aspect (Hearthflame)|boost\n|-boost|p2b: Ogerpon|atk|1\n|move|p2a: Ambipom|Fake Out|p1a: Rillaboom\n|-damage|p1a: Rillaboom|76\/100\n|move|p2b: Ogerpon|Tera Blast|p1b: Garganacl|[anim] Tera Blast Fire\n|-damage|p1b: Garganacl|35\/100\n|move|p1b: Garganacl|Salt Cure|p2b: Ogerpon\n|-supereffective|p2b: Ogerpon\n|-damage|p2b: Ogerpon|58\/100\n|-start|p2b: Ogerpon|Salt Cure\n|\n|-heal|p1a: Rillaboom|82\/100|[from] Grassy Terrain\n|-heal|p2b: Ogerpon|64\/100|[from] Grassy Terrain\n|-heal|p1b: Garganacl|41\/100|[from] Grassy Terrain\n|-damage|p2b: Ogerpon|51\/100|[from] Salt Cure\n|-sideend|p1: Kzjehzk|move: Tailwind\n|upkeep\n|turn|6\n|\n|t:|1700179372\n|move|p2b: Ogerpon|Spiky Shield|p2b: Ogerpon\n|-singleturn|p2b: Ogerpon|move: Protect\n|move|p1a: Rillaboom|Fake Out|p2b: Ogerpon\n|-activate|p2b: Ogerpon|move: Protect\n|-damage|p1a: Rillaboom|70\/100|[from] Spiky Shield|[of] p2b: Ogerpon\n|move|p2a: Ambipom|Aerial Ace|p1a: Rillaboom\n|-supereffective|p1a: Rillaboom\n|-damage|p1a: Rillaboom|19\/100\n|move|p1b: Garganacl|Recover|p1b: Garganacl\n|-heal|p1b: Garganacl|91\/100\n|\n|-heal|p2b: Ogerpon|57\/100|[from] Grassy Terrain\n|-heal|p1a: Rillaboom|25\/100|[from] Grassy Terrain\n|-heal|p1b: Garganacl|97\/100|[from] Grassy Terrain\n|-damage|p2b: Ogerpon|45\/100|[from] Salt Cure\n|upkeep\n|turn|7\n|\n|t:|1700179387\n|move|p1b: Garganacl|Protect|p1b: Garganacl\n|-singleturn|p1b: Garganacl|Protect\n|move|p1a: Rillaboom|Grassy Glide|p2a: Ambipom\n|-damage|p2a: Ambipom|38\/100\n|move|p2a: Ambipom|Aerial Ace|p1a: Rillaboom\n|-supereffective|p1a: Rillaboom\n|-damage|p1a: Rillaboom|0 fnt\n|faint|p1a: Rillaboom\n|move|p2b: Ogerpon|Tera Blast|p1b: Garganacl|[anim] Tera Blast Fire\n|-activate|p1b: Garganacl|move: Protect\n|\n|-heal|p2a: Ambipom|44\/100|[from] Grassy Terrain\n|-heal|p2b: Ogerpon|51\/100|[from] Grassy Terrain\n|-heal|p1b: Garganacl|100\/100|[from] Grassy Terrain\n|-damage|p2b: Ogerpon|39\/100|[from] Salt Cure\n|upkeep\n|\n|t:|1700179395\n|switch|p1a: Arcanine|Arcanine-Hisui, L50, F|100\/100\n|-ability|p1a: Arcanine|Intimidate|boost\n|-unboost|p2a: Ambipom|atk|1\n|-unboost|p2b: Ogerpon|atk|1\n|turn|8\n|\n|t:|1700179407\n|move|p1a: Arcanine|Extreme Speed|p2b: Ogerpon\n|-damage|p2b: Ogerpon|0 fnt\n|faint|p2b: Ogerpon\n|move|p2a: Ambipom|Knock Off|p1b: Garganacl\n|-supereffective|p1b: Garganacl\n|-damage|p1b: Garganacl|81\/100\n|move|p1b: Garganacl|Iron Defense|p1b: Garganacl\n|-boost|p1b: Garganacl|def|2\n|\n|-heal|p2a: Ambipom|50\/100|[from] Grassy Terrain\n|-heal|p1b: Garganacl|87\/100|[from] Grassy Terrain\n|upkeep\n|turn|9\n|\n|t:|1700179416\n|move|p1a: Arcanine|Extreme Speed|p2a: Ambipom\n|-damage|p2a: Ambipom|0 fnt\n|faint|p2a: Ambipom\n|\n|win|Kzjehzk\n|raw|Kzjehzk's rating: 1114 &rarr; <strong>1134<\/strong><br \/>(+20 for winning)\n|raw|fleeksVGC's rating: 1047 &rarr; <strong>1033<\/strong><br \/>(-14 for losing)\n","uploadtime":1700179421,"views":14,"p1id":"kzjehzk","p2id":"fleeksvgc","formatid":"gen9vgc2023regulatione","rating":1033,"private":0,"password":""}