{"id":"gen9vgc2023regulatione-1990188999","p1":"Dalutiz","p2":"Richard Draco","format":"[Gen 9] VGC 2023 Regulation E","log":"|j|\u2606Dalutiz\n|j|\u2606Richard Draco\n|t:|1699934844\n|gametype|doubles\n|player|p1|Dalutiz|norman|1131\n|player|p2|Richard Draco|juggler|1165\n|teamsize|p1|6\n|teamsize|p2|6\n|gen|9\n|tier|[Gen 9] VGC 2023 Regulation E\n|rated|\n|rule|Species Clause: Limit one of each Pok\u00e9mon\n|rule|Item Clause: Limit one of each item\n|clearpoke\n|poke|p1|Dragonite, L50, M|\n|poke|p1|Chien-Pao, L50|\n|poke|p1|Urshifu-*, L50, F|\n|poke|p1|Rillaboom, L50, F|\n|poke|p1|Ogerpon-Hearthflame, L50, F|\n|poke|p1|Gothitelle, L50, F|\n|poke|p2|Lycanroc, L50, F|\n|poke|p2|Tyranitar, L50, F|\n|poke|p2|Ogerpon-Hearthflame, L50, F|\n|poke|p2|Farigiraf, L50, M|\n|poke|p2|Iron Hands, L50|\n|poke|p2|Amoonguss, L50, M|\n|teampreview|4\n|\n|t:|1699934871\n|start\n|switch|p1a: Rilla peg\u00f3n|Rillaboom, L50, F|100\/100\n|switch|p1b: Ogerporn|Ogerpon-Hearthflame, L50, F|100\/100\n|switch|p2a: Tyranitar|Tyranitar, L50, F|100\/100\n|switch|p2b: Lycanroc|Lycanroc, L50, F|100\/100\n|-ability|p1b: Ogerporn|Mold Breaker\n|-fieldstart|move: Grassy Terrain|[from] ability: Grassy Surge|[of] p1a: Rilla peg\u00f3n\n|-weather|Sandstorm|[from] ability: Sand Stream|[of] p2a: Tyranitar\n|turn|1\n|\n|t:|1699934902\n|switch|p2a: Farigiraf|Farigiraf, L50, M|100\/100\n|-terastallize|p2b: Lycanroc|Ghost\n|move|p1a: Rilla peg\u00f3n|Fake Out||[still]\n|cant|p2a: Farigiraf|ability: Armor Tail|Fake Out|[of] p1a: Rilla peg\u00f3n\n|move|p2b: Lycanroc|Rock Slide|p1a: Rilla peg\u00f3n|[spread] p1a,p1b\n|-supereffective|p1b: Ogerporn\n|-damage|p1a: Rilla peg\u00f3n|73\/100\n|-damage|p1b: Ogerporn|41\/100\n|move|p1b: Ogerporn|Swords Dance|p1b: Ogerporn\n|-boost|p1b: Ogerporn|atk|2\n|\n|-weather|Sandstorm|[upkeep]\n|-damage|p1b: Ogerporn|35\/100|[from] Sandstorm\n|-damage|p1a: Rilla peg\u00f3n|67\/100|[from] Sandstorm\n|-damage|p2a: Farigiraf|94\/100|[from] Sandstorm\n|-heal|p1b: Ogerporn|41\/100|[from] Grassy Terrain\n|-heal|p1a: Rilla peg\u00f3n|73\/100|[from] Grassy Terrain\n|-heal|p2a: Farigiraf|100\/100|[from] Grassy Terrain\n|upkeep\n|turn|2\n|\n|t:|1699934947\n|move|p1b: Ogerporn|Spiky Shield|p1b: Ogerporn\n|-singleturn|p1b: Ogerporn|move: Protect\n|move|p2a: Farigiraf|Protect|p2a: Farigiraf\n|-singleturn|p2a: Farigiraf|Protect\n|move|p2b: Lycanroc|Rock Slide|p1a: Rilla peg\u00f3n|[spread] \n|-activate|p1b: Ogerporn|move: Protect\n|-miss|p2b: Lycanroc|p1a: Rilla peg\u00f3n\n|move|p1a: Rilla peg\u00f3n|Wood Hammer|p2b: Lycanroc\n|-enditem|p2b: Lycanroc|Focus Sash\n|-damage|p2b: Lycanroc|1\/100\n|-damage|p1a: Rilla peg\u00f3n|51\/100|[from] Recoil\n|\n|-weather|Sandstorm|[upkeep]\n|-damage|p1b: Ogerporn|35\/100|[from] Sandstorm\n|-damage|p1a: Rilla peg\u00f3n|45\/100|[from] Sandstorm\n|-damage|p2a: Farigiraf|94\/100|[from] Sandstorm\n|-heal|p2b: Lycanroc|7\/100|[from] Grassy Terrain\n|-heal|p1b: Ogerporn|41\/100|[from] Grassy Terrain\n|-heal|p1a: Rilla peg\u00f3n|51\/100|[from] Grassy Terrain\n|-heal|p2a: Farigiraf|100\/100|[from] Grassy Terrain\n|upkeep\n|turn|3\n|\n|t:|1699934987\n|switch|p1b: Nite|Dragonite, L50, M|100\/100\n|move|p2b: Lycanroc|Endure|p2b: Lycanroc\n|-singleturn|p2b: Lycanroc|move: Endure\n|move|p1a: Rilla peg\u00f3n|U-turn|p2a: Farigiraf\n|-supereffective|p2a: Farigiraf\n|-damage|p2a: Farigiraf|45\/100\n|-enditem|p2a: Farigiraf|Sitrus Berry|[eat]\n|-heal|p2a: Farigiraf|70\/100|[from] item: Sitrus Berry\n|\n|t:|1699935003\n|switch|p1a: Pao|Chien-Pao, L50|100\/100|[from] U-turn\n|-ability|p1a: Pao|Sword of Ruin\n|move|p2a: Farigiraf|Psychic|p1b: Nite\n|-damage|p1b: Nite|70\/100\n|\n|-weather|Sandstorm|[upkeep]\n|-damage|p1a: Pao|95\/100|[from] Sandstorm\n|-damage|p1b: Nite|64\/100|[from] Sandstorm\n|-damage|p2a: Farigiraf|63\/100|[from] Sandstorm\n|-heal|p2b: Lycanroc|13\/100|[from] Grassy Terrain\n|-heal|p1a: Pao|100\/100|[from] Grassy Terrain\n|-heal|p2a: Farigiraf|70\/100|[from] Grassy Terrain\n|upkeep\n|turn|4\n|\n|t:|1699935030\n|move|p2b: Lycanroc|Endeavor|p1b: Nite\n|-damage|p1b: Nite|9\/100\n|move|p1a: Pao|Sacred Sword|p2b: Lycanroc\n|-immune|p2b: Lycanroc\n|move|p1b: Nite|Thunder Punch|p2a: Farigiraf\n|-damage|p2a: Farigiraf|28\/100\n|move|p2a: Farigiraf|Dazzling Gleam|p1b: Nite|[spread] p1a,p1b\n|-supereffective|p1a: Pao\n|-supereffective|p1b: Nite\n|-damage|p1a: Pao|30\/100\n|-damage|p1b: Nite|0 fnt\n|faint|p1b: Nite\n|\n|-weather|Sandstorm|[upkeep]\n|-damage|p1a: Pao|24\/100|[from] Sandstorm\n|-damage|p2a: Farigiraf|22\/100|[from] Sandstorm\n|-heal|p2b: Lycanroc|19\/100|[from] Grassy Terrain\n|-heal|p1a: Pao|30\/100|[from] Grassy Terrain\n|-heal|p2a: Farigiraf|28\/100|[from] Grassy Terrain\n|upkeep\n|c|\u2606Dalutiz|missclick sorry\n|\n|t:|1699935064\n|switch|p1b: Ogerporn|Ogerpon-Hearthflame, L50, F|41\/100\n|-ability|p1b: Ogerporn|Mold Breaker\n|turn|5\n|\n|t:|1699935089\n|move|p1a: Pao|Protect|p1a: Pao\n|-singleturn|p1a: Pao|Protect\n|move|p1b: Ogerporn|Spiky Shield|p1b: Ogerporn\n|-singleturn|p1b: Ogerporn|move: Protect\n|move|p2b: Lycanroc|Rock Slide|p1b: Ogerporn|[spread] \n|-activate|p1a: Pao|move: Protect\n|-activate|p1b: Ogerporn|move: Protect\n|move|p2a: Farigiraf|Dazzling Gleam|p1a: Pao|[spread] \n|-activate|p1a: Pao|move: Protect\n|-activate|p1b: Ogerporn|move: Protect\n|\n|-weather|none\n|-heal|p2b: Lycanroc|25\/100|[from] Grassy Terrain\n|-heal|p1a: Pao|36\/100|[from] Grassy Terrain\n|-heal|p1b: Ogerporn|47\/100|[from] Grassy Terrain\n|-heal|p2a: Farigiraf|34\/100|[from] Grassy Terrain\n|-fieldend|move: Grassy Terrain\n|upkeep\n|turn|6\n|\n|t:|1699935119\n|switch|p2a: Tyranitar|Tyranitar, L50, F|100\/100\n|-weather|Sandstorm|[from] ability: Sand Stream|[of] p2a: Tyranitar\n|move|p2b: Lycanroc|Rock Slide|p1a: Pao|[spread] p1a,p1b\n|-supereffective|p1a: Pao\n|-supereffective|p1b: Ogerporn\n|-crit|p1b: Ogerporn\n|-damage|p1a: Pao|0 fnt\n|-damage|p1b: Ogerporn|0 fnt\n|faint|p1a: Pao\n|faint|p1b: Ogerporn\n|\n|-weather|Sandstorm|[upkeep]\n|upkeep\n|\n|t:|1699935137\n|switch|p1b: Rilla peg\u00f3n|Rillaboom, L50, F|51\/100\n|-fieldstart|move: Grassy Terrain|[from] ability: Grassy Surge|[of] p1b: Rilla peg\u00f3n\n|turn|7\n|\n|t:|1699935156\n|switch|p2a: Farigiraf|Farigiraf, L50, M|34\/100\n|move|p2b: Lycanroc|Endeavor|p1b: Rilla peg\u00f3n\n|-damage|p1b: Rilla peg\u00f3n|17\/100\n|move|p1b: Rilla peg\u00f3n|Wood Hammer|p2b: Lycanroc\n|-damage|p2b: Lycanroc|0 fnt\n|faint|p2b: Lycanroc\n|-damage|p1b: Rilla peg\u00f3n|11\/100|[from] Recoil\n|\n|-weather|Sandstorm|[upkeep]\n|-damage|p1b: Rilla peg\u00f3n|5\/100|[from] Sandstorm\n|-damage|p2a: Farigiraf|28\/100|[from] Sandstorm\n|-heal|p1b: Rilla peg\u00f3n|11\/100|[from] Grassy Terrain\n|-heal|p2a: Farigiraf|34\/100|[from] Grassy Terrain\n|upkeep\n|\n|t:|1699935173\n|switch|p2b: Ogerpon|Ogerpon-Hearthflame, L50, F|100\/100\n|-ability|p2b: Ogerpon|Mold Breaker\n|turn|8\n|\n|t:|1699935181\n|move|p2b: Ogerpon|Ivy Cudgel|p1b: Rilla peg\u00f3n\n|-supereffective|p1b: Rilla peg\u00f3n\n|-damage|p1b: Rilla peg\u00f3n|0 fnt\n|faint|p1b: Rilla peg\u00f3n\n|\n|win|Richard Draco\n|raw|Dalutiz's rating: 1131 &rarr; <strong>1108<\/strong><br \/>(-23 for losing)\n|raw|Richard Draco's rating: 1165 &rarr; <strong>1188<\/strong><br \/>(+23 for winning)\n|l|\u2606Dalutiz\n","uploadtime":1699935191,"views":10,"p1id":"dalutiz","p2id":"richarddraco","formatid":"gen9vgc2023regulatione","rating":1108,"private":0,"password":""}