{"id":"gen9vgc2023regulatione-1994111527","p1":"NejiSensei","p2":"heypolo","format":"[Gen 9] VGC 2023 Regulation E","log":"|j|\u2606NejiSensei\n|j|\u2606heypolo\n|t:|1700408214\n|gametype|doubles\n|player|p1|NejiSensei|1|1406\n|player|p2|heypolo|n|1293\n|teamsize|p1|6\n|teamsize|p2|6\n|gen|9\n|tier|[Gen 9] VGC 2023 Regulation E\n|rated|\n|rule|Species Clause: Limit one of each Pok\u00e9mon\n|rule|Item Clause: Limit one of each item\n|clearpoke\n|poke|p1|Chi-Yu, L50|\n|poke|p1|Iron Hands, L50|\n|poke|p1|Farigiraf, L50, M|\n|poke|p1|Munkidori, L50, M|\n|poke|p1|Iron Bundle, L50|\n|poke|p1|Landorus-Therian, L50, M|\n|poke|p2|Iron Hands, L50|\n|poke|p2|Ogerpon-Hearthflame, L50, F|\n|poke|p2|Tornadus, L50, M|\n|poke|p2|Urshifu-*, L50, M|\n|poke|p2|Chien-Pao, L50|\n|poke|p2|Grimmsnarl, L50, M|\n|teampreview|4\nheypolo rejected open team sheets.\n|inactive|Battle timer is ON: inactive players will automatically lose when time's up. (requested by heypolo)\n|inactive|NejiSensei has 60 seconds left.\n|\n|t:|1700408260\n|start\n|switch|p1a: Munkidori|Munkidori, L50, M|100\/100\n|switch|p1b: Iron Bundle|Iron Bundle, L50|100\/100\n|switch|p2a: Grimmsnarl|Grimmsnarl, L50, M|100\/100\n|switch|p2b: Ogerpon|Ogerpon-Hearthflame, L50, F|100\/100\n|-ability|p2b: Ogerpon|Mold Breaker\n|-enditem|p1b: Iron Bundle|Booster Energy\n|-activate|p1b: Iron Bundle|ability: Quark Drive|[fromitem]\n|-start|p1b: Iron Bundle|quarkdrivespe\n|turn|1\n|inactive|NejiSensei has 30 seconds left.\n|\n|t:|1700408286\n|-terastallize|p2b: Ogerpon|Fire\n|detailschange|p2b: Ogerpon|Ogerpon-Hearthflame-Tera, L50, F, tera:Fire\n|-ability|p2b: Ogerpon|Embody Aspect (Hearthflame)|boost\n|-boost|p2b: Ogerpon|atk|1\n|move|p1b: Iron Bundle|Protect|p1b: Iron Bundle\n|-singleturn|p1b: Iron Bundle|Protect\n|move|p2a: Grimmsnarl|Light Screen|p2a: Grimmsnarl\n|-sidestart|p2: heypolo|move: Light Screen\n|move|p2b: Ogerpon|Ivy Cudgel|p1b: Iron Bundle|[anim] Ivy Cudgel Fire\n|-activate|p1b: Iron Bundle|move: Protect\n|move|p1a: Munkidori|Sludge Bomb|p2a: Grimmsnarl\n|-supereffective|p2a: Grimmsnarl\n|-damage|p2a: Grimmsnarl|39\/100\n|-status|p2a: Grimmsnarl|psn\n|\n|-damage|p2a: Grimmsnarl|27\/100 psn|[from] psn\n|upkeep\n|turn|2\n|inactive|NejiSensei has 30 seconds left.\n|\n|t:|1700408315\n|move|p2a: Grimmsnarl|Parting Shot|p1b: Iron Bundle\n|-unboost|p1b: Iron Bundle|atk|1\n|-unboost|p1b: Iron Bundle|spa|1\n|\n|t:|1700408319\n|switch|p2a: Iron Hands|Iron Hands, L50|100\/100|[from] Parting Shot\n|move|p1b: Iron Bundle|Hydro Pump|p2b: Ogerpon\n|-supereffective|p2b: Ogerpon\n|-damage|p2b: Ogerpon|42\/100\n|move|p2b: Ogerpon|Ivy Cudgel|p1b: Iron Bundle|[anim] Ivy Cudgel Fire\n|-damage|p1b: Iron Bundle|0 fnt\n|faint|p1b: Iron Bundle\n|-end|p1b: Iron Bundle|Quark Drive|[silent]\n|move|p1a: Munkidori|Psychic|p2b: Ogerpon\n|-damage|p2b: Ogerpon|2\/100\n|-status|p2b: Ogerpon|tox|[from] ability: Toxic Chain|[of] p1a: Munkidori\n|\n|-damage|p2b: Ogerpon|0 fnt|[from] psn\n|faint|p2b: Ogerpon\n|upkeep\n|\n|t:|1700408338\n|switch|p1b: Landorus|Landorus-Therian, L50, M|100\/100\n|switch|p2b: Grimmsnarl|Grimmsnarl, L50, M|27\/100 psn\n|-ability|p1b: Landorus|Intimidate|boost\n|-unboost|p2a: Iron Hands|atk|1\n|-unboost|p2b: Grimmsnarl|atk|1\n|turn|3\n|inactive|heypolo has 30 seconds left.\n|\n|t:|1700408368\n|switch|p1b: Iron Hands|Iron Hands, L50|100\/100\n|-end|p2a: Iron Hands|Quark Drive|[silent]\n|switch|p2a: Chien-Pao|Chien-Pao, L50|100\/100\n|-ability|p2a: Chien-Pao|Sword of Ruin\n|move|p2b: Grimmsnarl|Parting Shot|p1b: Iron Hands\n|-unboost|p1b: Iron Hands|atk|1\n|-unboost|p1b: Iron Hands|spa|1\n|\n|t:|1700408376\n|switch|p2b: Iron Hands|Iron Hands, L50|100\/100|[from] Parting Shot\n|move|p1a: Munkidori|Psychic|p2a: Chien-Pao\n|-immune|p2a: Chien-Pao\n|\n|upkeep\n|turn|4\n|\n|t:|1700408396\n|move|p2a: Chien-Pao|Protect|p2a: Chien-Pao\n|-singleturn|p2a: Chien-Pao|Protect\n|move|p1a: Munkidori|Protect|p1a: Munkidori\n|-singleturn|p1a: Munkidori|Protect\n|move|p2b: Iron Hands|Fake Out|p1a: Munkidori\n|-activate|p1a: Munkidori|move: Protect\n|move|p1b: Iron Hands|Fake Out|p2a: Chien-Pao\n|-activate|p2a: Chien-Pao|move: Protect\n|\n|upkeep\n|turn|5\n|\n|t:|1700408412\n|switch|p1a: Landorus|Landorus-Therian, L50, M|100\/100\n|-ability|p1a: Landorus|Intimidate|boost\n|-unboost|p2a: Chien-Pao|atk|1\n|-unboost|p2b: Iron Hands|atk|1\n|move|p2a: Chien-Pao|Ice Spinner|p1a: Landorus\n|-supereffective|p1a: Landorus\n|-damage|p1a: Landorus|0 fnt\n|faint|p1a: Landorus\n|move|p2b: Iron Hands|Drain Punch|p1b: Iron Hands\n|-damage|p1b: Iron Hands|75\/100\n|move|p1b: Iron Hands|Drain Punch|p2a: Chien-Pao\n|-supereffective|p2a: Chien-Pao\n|-enditem|p2a: Chien-Pao|Focus Sash\n|-damage|p2a: Chien-Pao|1\/100\n|-heal|p1b: Iron Hands|100\/100|[from] drain|[of] p2a: Chien-Pao\n|\n|upkeep\n|\n|t:|1700408429\n|switch|p1a: Munkidori|Munkidori, L50, M|100\/100\n|turn|6\n|\n|t:|1700408438\n|switch|p2a: Grimmsnarl|Grimmsnarl, L50, M|27\/100 psn\n|move|p1a: Munkidori|Fake Out|p2b: Iron Hands\n|-damage|p2b: Iron Hands|95\/100\n|cant|p2b: Iron Hands|flinch\n|move|p1b: Iron Hands|Drain Punch|p2b: Iron Hands\n|-damage|p2b: Iron Hands|73\/100\n|\n|-damage|p2a: Grimmsnarl|14\/100 psn|[from] psn\n|upkeep\n|turn|7\n|\n|t:|1700408456\n|move|p1a: Munkidori|Protect|p1a: Munkidori\n|-singleturn|p1a: Munkidori|Protect\n|move|p2b: Iron Hands|Wild Charge|p1a: Munkidori\n|-activate|p1a: Munkidori|move: Protect\n|move|p2a: Grimmsnarl|Spirit Break|p1b: Iron Hands\n|-supereffective|p1b: Iron Hands\n|-crit|p1b: Iron Hands\n|-damage|p1b: Iron Hands|27\/100\n|-unboost|p1b: Iron Hands|spa|1\n|move|p1b: Iron Hands|Drain Punch|p2a: Grimmsnarl\n|-damage|p2a: Grimmsnarl|0 fnt\n|-heal|p1b: Iron Hands|33\/100|[from] drain|[of] p2a: Grimmsnarl\n|faint|p2a: Grimmsnarl\n|\n|upkeep\n|\n|t:|1700408466\n|switch|p2a: Chien-Pao|Chien-Pao, L50|1\/100\n|-ability|p2a: Chien-Pao|Sword of Ruin\n|turn|8\n|\n|t:|1700408480\n|move|p2a: Chien-Pao|Ice Spinner|p1b: Iron Hands\n|-crit|p1b: Iron Hands\n|-damage|p1b: Iron Hands|0 fnt\n|faint|p1b: Iron Hands\n|-end|p1b: Iron Hands|Quark Drive|[silent]\n|move|p1a: Munkidori|Psychic|p2b: Iron Hands\n|-supereffective|p2b: Iron Hands\n|-damage|p2b: Iron Hands|37\/100\n|-unboost|p2b: Iron Hands|spd|1\n|move|p2b: Iron Hands|Wild Charge|p1a: Munkidori\n|-damage|p1a: Munkidori|29\/100\n|-damage|p2b: Iron Hands|25\/100|[from] Recoil\n|\n|-sideend|p2: heypolo|move: Light Screen\n|upkeep\n|turn|9\n|\n|t:|1700408499\n|-terastallize|p1a: Munkidori|Poison\n|move|p2a: Chien-Pao|Ice Spinner|p1a: Munkidori\n|-damage|p1a: Munkidori|0 fnt\n|faint|p1a: Munkidori\n|\n|win|heypolo\n|raw|NejiSensei's rating: 1406 &rarr; <strong>1380<\/strong><br \/>(-26 for losing)\n|raw|heypolo's rating: 1293 &rarr; <strong>1326<\/strong><br \/>(+33 for winning)\n","uploadtime":1700408507,"views":11,"p1id":"nejisensei","p2id":"heypolo","formatid":"gen9vgc2023regulatione","rating":1326,"private":0,"password":""}