{"id":"gen9vgc2023regulatione-1998198242","p1":"Juanber13","p2":"Mr.Penguin57","format":"[Gen 9] VGC 2023 Regulation E","log":"|j|\u2606Juanber13\n|j|\u2606Mr.Penguin57\n|t:|1700911028\n|gametype|doubles\n|player|p1|Juanber13|2|1014\n|player|p2|Mr.Penguin57|riley|1022\n|teamsize|p1|6\n|teamsize|p2|6\n|gen|9\n|tier|[Gen 9] VGC 2023 Regulation E\n|rated|\n|rule|Species Clause: Limit one of each Pok\u00e9mon\n|rule|Item Clause: Limit one of each item\n|clearpoke\n|poke|p1|Lilligant-Hisui, L50, F|\n|poke|p1|Torkoal, L50, M|\n|poke|p1|Tinkaton, L50, F|\n|poke|p1|Goodra, L50, F|\n|poke|p1|Ogerpon-Hearthflame, L50, F|\n|poke|p1|Clefable, L50, F|\n|poke|p2|Sylveon, L50, F|\n|poke|p2|Tyranitar, L50, M|\n|poke|p2|Scizor, L50, M|\n|poke|p2|Breloom, L50, M|\n|poke|p2|Charizard, L50, M|\n|poke|p2|Greninja-*, L50, M|\n|teampreview|4\n|\n|t:|1700911072\n|start\n|switch|p1a: Ogerpon|Ogerpon-Hearthflame, L50, F|100\/100\n|switch|p1b: Tinkaton|Tinkaton, L50, F|100\/100\n|switch|p2a: Tyranitar|Tyranitar, L50, M|100\/100\n|switch|p2b: Scizor|Scizor, L50, M|100\/100\n|-ability|p1a: Ogerpon|Mold Breaker\n|-weather|Sandstorm|[from] ability: Sand Stream|[of] p2a: Tyranitar\n|turn|1\n|\n|t:|1700911106\n|-terastallize|p2a: Tyranitar|Flying\n|move|p1a: Ogerpon|Spiky Shield|p1a: Ogerpon\n|-singleturn|p1a: Ogerpon|move: Protect\n|move|p2b: Scizor|Bullet Punch|p1b: Tinkaton\n|-damage|p1b: Tinkaton|26\/100\n|move|p1b: Tinkaton|Gigaton Hammer|p2b: Scizor\n|-resisted|p2b: Scizor\n|-damage|p2b: Scizor|60\/100\n|-damage|p1b: Tinkaton|16\/100|[from] item: Life Orb\n|move|p2a: Tyranitar|Rock Blast|p1a: Ogerpon\n|-activate|p1a: Ogerpon|move: Protect\n|\n|-weather|Sandstorm|[upkeep]\n|-damage|p1a: Ogerpon|95\/100|[from] Sandstorm\n|-damage|p2a: Tyranitar|94\/100|[from] Sandstorm\n|upkeep\n|turn|2\n|\n|t:|1700911138\n|switch|p1b: Torkoal|Torkoal, L50, M|100\/100\n|-weather|SunnyDay|[from] ability: Drought|[of] p1b: Torkoal\n|move|p2b: Scizor|Bullet Punch|p1b: Torkoal\n|-resisted|p1b: Torkoal\n|-damage|p1b: Torkoal|82\/100\n|move|p1a: Ogerpon|Ivy Cudgel|p2b: Scizor|[anim] Ivy Cudgel Fire\n|-supereffective|p2b: Scizor\n|-damage|p2b: Scizor|0 fnt\n|faint|p2b: Scizor\n|move|p2a: Tyranitar|Rock Blast|p1a: Ogerpon\n|-supereffective|p1a: Ogerpon\n|-damage|p1a: Ogerpon|56\/100\n|-supereffective|p1a: Ogerpon\n|-damage|p1a: Ogerpon|21\/100\n|-supereffective|p1a: Ogerpon\n|-damage|p1a: Ogerpon|0 fnt\n|faint|p1a: Ogerpon\n|-hitcount|p1: Ogerpon|3\n|\n|-weather|SunnyDay|[upkeep]\n|-heal|p1b: Torkoal|89\/100|[from] item: Leftovers\n|upkeep\n|\n|t:|1700911170\n|switch|p1a: Lilligant|Lilligant-Hisui, L50, F|100\/100\n|switch|p2b: Greninja|Greninja, L50, M|100\/100\n|turn|3\n|\n|t:|1700911185\n|-terastallize|p1b: Torkoal|Grass\n|move|p1b: Torkoal|Helping Hand|p1a: Lilligant\n|-singleturn|p1a: Lilligant|Helping Hand|[of] p1b: Torkoal\n|move|p1a: Lilligant|Ice Spinner|p2a: Tyranitar\n|-supereffective|p2a: Tyranitar\n|-damage|p2a: Tyranitar|31\/100\n|move|p2b: Greninja|Chilling Water|p1b: Torkoal\n|-start|p2b: Greninja|typechange|Water|[from] ability: Protean\n|-resisted|p1b: Torkoal\n|-damage|p1b: Torkoal|82\/100\n|-unboost|p1b: Torkoal|atk|1\n|move|p2a: Tyranitar|Tera Blast|p1a: Lilligant|[anim] Tera Blast Flying\n|-supereffective|p1a: Lilligant\n|-enditem|p1a: Lilligant|Focus Sash\n|-damage|p1a: Lilligant|1\/100\n|\n|-weather|SunnyDay|[upkeep]\n|-heal|p1b: Torkoal|88\/100|[from] item: Leftovers\n|upkeep\n|turn|4\n|\n|t:|1700911214\n|move|p1a: Lilligant|Solar Blade||[still]\n|-prepare|p1a: Lilligant|Solar Blade\n|-anim|p1a: Lilligant|Solar Blade|p2b: Greninja\n|-supereffective|p2b: Greninja\n|-damage|p2b: Greninja|0 fnt\n|faint|p2b: Greninja\n|move|p2a: Tyranitar|Tera Blast|p1b: Torkoal|[anim] Tera Blast Flying\n|-supereffective|p1b: Torkoal\n|-damage|p1b: Torkoal|19\/100\n|move|p1b: Torkoal|Eruption|p2a: Tyranitar\n|-crit|p2a: Tyranitar\n|-damage|p2a: Tyranitar|5\/100\n|\n|-weather|SunnyDay|[upkeep]\n|-heal|p1b: Torkoal|25\/100|[from] item: Leftovers\n|upkeep\n|\n|t:|1700911224\n|switch|p2b: Charizard|Charizard, L50, M|100\/100\n|turn|5\n|\n|t:|1700911270\n|move|p1b: Torkoal|Protect|p1b: Torkoal\n|-singleturn|p1b: Torkoal|Protect\n|move|p1a: Lilligant|Ice Spinner|p2a: Tyranitar\n|-supereffective|p2a: Tyranitar\n|-damage|p2a: Tyranitar|0 fnt\n|faint|p2a: Tyranitar\n|move|p2b: Charizard|Air Slash|p1b: Torkoal\n|-activate|p1b: Torkoal|move: Protect\n|\n|-weather|SunnyDay|[upkeep]\n|-heal|p1b: Torkoal|32\/100|[from] item: Leftovers\n|upkeep\n|turn|6\n|\n|t:|1700911295\n|move|p1b: Torkoal|Helping Hand|p1a: Lilligant\n|-singleturn|p1a: Lilligant|Helping Hand|[of] p1b: Torkoal\n|move|p1a: Lilligant|Ice Spinner|p2b: Charizard\n|-damage|p2b: Charizard|46\/100\n|move|p2b: Charizard|Air Slash|p1a: Lilligant\n|-supereffective|p1a: Lilligant\n|-damage|p1a: Lilligant|0 fnt\n|faint|p1a: Lilligant\n|\n|-weather|none\n|-heal|p1b: Torkoal|38\/100|[from] item: Leftovers\n|upkeep\n|\n|t:|1700911307\n|switch|p1a: Tinkaton|Tinkaton, L50, F|16\/100\n|turn|7\n|\n|t:|1700911322\n|move|p1a: Tinkaton|Fake Out|p2b: Charizard\n|-damage|p2b: Charizard|26\/100\n|-damage|p1a: Tinkaton|6\/100|[from] item: Life Orb\n|cant|p2b: Charizard|flinch\n|move|p1b: Torkoal|Eruption|p2b: Charizard\n|-resisted|p2b: Charizard\n|-crit|p2b: Charizard\n|-damage|p2b: Charizard|0 fnt\n|faint|p2b: Charizard\n|\n|win|Juanber13\n|raw|Juanber13's rating: 1014 &rarr; <strong>1053<\/strong><br \/>(+39 for winning)\n|raw|Mr.Penguin57's rating: 1022 &rarr; <strong>1008<\/strong><br \/>(-14 for losing)\n|l|\u2606Mr.Penguin57\n","uploadtime":1700911342,"views":4,"p1id":"juanber13","p2id":"mrpenguin57","formatid":"gen9vgc2023regulatione","rating":1008,"private":0,"password":""}