{"id":"gen9vgc2023regulatione-1998181387","p1":"SugaristSnake0","p2":"Fastbak20","format":"[Gen 9] VGC 2023 Regulation E","log":"|j|\u203dSugaristSnake0\n|j|\u2606Fastbak20\n|t:|1700907742\n|gametype|doubles\n|player|p1|SugaristSnake0|dawn-gen4pt|1308\n|player|p2|Fastbak20|169|1299\n|teamsize|p1|6\n|teamsize|p2|6\n|gen|9\n|tier|[Gen 9] VGC 2023 Regulation E\n|rated|\n|rule|Species Clause: Limit one of each Pok\u00e9mon\n|rule|Item Clause: Limit one of each item\n|clearpoke\n|poke|p1|Hatterene, L50, F|\n|poke|p1|Sneasler, L50, M|\n|poke|p1|Rillaboom, L50, F|\n|poke|p1|Ursaluna, L50, M|\n|poke|p1|Iron Valiant, L50|\n|poke|p1|Heatran, L50, F|\n|poke|p2|Snorlax, L50, F|\n|poke|p2|Landorus-Therian, L50, M|\n|poke|p2|Roaring Moon, L50|\n|poke|p2|Milotic, L50, F|\n|poke|p2|Sinistcha-Masterpiece, L50|\n|poke|p2|Salazzle, L50, F|\n|teampreview|4\nSugaristSnake0 has agreed to open team sheets.\n|inactive|Battle timer is ON: inactive players will automatically lose when time's up. (requested by Fastbak20)\n|inactive|SugaristSnake0 has 60 seconds left.\n|\n|t:|1700907813\n|start\n|switch|p1a: Rillaboom|Rillaboom, L50, F|100\/100\n|switch|p1b: Iron Valiant|Iron Valiant, L50|100\/100\n|switch|p2a: Salazzle|Salazzle, L50, F|100\/100\n|switch|p2b: Snorlax|Snorlax, L50, F|100\/100\n|-fieldstart|move: Grassy Terrain|[from] ability: Grassy Surge|[of] p1a: Rillaboom\n|-enditem|p1b: Iron Valiant|Booster Energy\n|-activate|p1b: Iron Valiant|ability: Quark Drive|[fromitem]\n|-start|p1b: Iron Valiant|quarkdrivespe\n|turn|1\n|inactive|SugaristSnake0 has 30 seconds left.\n|inactive|Fastbak20 has 30 seconds left.\n|inactive|Fastbak20 has 20 seconds left.\n|\n|t:|1700907851\n|move|p2a: Salazzle|Fake Out|p1b: Iron Valiant\n|-damage|p1b: Iron Valiant|92\/100\n|move|p1a: Rillaboom|Fake Out|p2b: Snorlax\n|-damage|p2b: Snorlax|87\/100\n|cant|p1b: Iron Valiant|flinch\n|cant|p2b: Snorlax|flinch\n|\n|-heal|p1b: Iron Valiant|98\/100|[from] Grassy Terrain\n|-heal|p2b: Snorlax|93\/100|[from] Grassy Terrain\n|upkeep\n|turn|2\n|\n|t:|1700907872\n|move|p2b: Snorlax|Protect|p2b: Snorlax\n|-singleturn|p2b: Snorlax|Protect\n|move|p1b: Iron Valiant|Psyshock|p2a: Salazzle\n|-supereffective|p2a: Salazzle\n|-damage|p2a: Salazzle|36\/100\n|move|p2a: Salazzle|Overheat|p1a: Rillaboom\n|-supereffective|p1a: Rillaboom\n|-crit|p1a: Rillaboom\n|-damage|p1a: Rillaboom|0 fnt\n|-unboost|p2a: Salazzle|spa|2\n|faint|p1a: Rillaboom\n|\n|-heal|p1b: Iron Valiant|100\/100|[from] Grassy Terrain\n|-heal|p2a: Salazzle|42\/100|[from] Grassy Terrain\n|-heal|p2b: Snorlax|99\/100|[from] Grassy Terrain\n|upkeep\n|\n|t:|1700907883\n|switch|p1a: Sneasler|Sneasler, L50, M|100\/100\n|-enditem|p1a: Sneasler|Grassy Seed\n|-boost|p1a: Sneasler|def|1|[from] item: Grassy Seed\n|turn|3\n|\n|t:|1700907911\n|switch|p2a: Sinistcha|Sinistcha-Masterpiece, L50|100\/100\n|-heal|p2b: Snorlax|100\/100|[from] ability: Hospitality|[of] p2a: Sinistcha\n|-terastallize|p2b: Snorlax|Ghost\n|move|p1a: Sneasler|Close Combat|p2b: Snorlax\n|-immune|p2b: Snorlax\n|move|p1b: Iron Valiant|Psyshock|p2a: Sinistcha\n|-damage|p2a: Sinistcha|78\/100\n|move|p2b: Snorlax|Belly Drum|p2b: Snorlax\n|-damage|p2b: Snorlax|51\/100\n|-setboost|p2b: Snorlax|atk|6|[from] move: Belly Drum\n|\n|-heal|p2a: Sinistcha|84\/100|[from] Grassy Terrain\n|-heal|p2b: Snorlax|57\/100|[from] Grassy Terrain\n|upkeep\n|turn|4\n|inactive|Fastbak20 has 30 seconds left.\n|\n|t:|1700907942\n|switch|p2a: Landorus|Landorus-Therian, L50, M|100\/100\n|-ability|p2a: Landorus|Intimidate|boost\n|-unboost|p1a: Sneasler|atk|1\n|-unboost|p1b: Iron Valiant|atk|1\n|-terastallize|p1a: Sneasler|Flying\n|move|p2b: Snorlax|Protect|p2b: Snorlax\n|-singleturn|p2b: Snorlax|Protect\n|move|p1a: Sneasler|Acrobatics|p2b: Snorlax\n|-activate|p2b: Snorlax|move: Protect\n|move|p1b: Iron Valiant|Moonblast|p2b: Snorlax\n|-activate|p2b: Snorlax|move: Protect\n|\n|-heal|p2b: Snorlax|63\/100|[from] Grassy Terrain\n|upkeep\n|turn|5\n|\n|t:|1700907966\n|move|p1a: Sneasler|Dire Claw|p2b: Snorlax\n|-resisted|p2b: Snorlax\n|-damage|p2b: Snorlax|49\/100\n|-status|p2b: Snorlax|par\n|-enditem|p2b: Snorlax|Figy Berry|[eat]\n|-heal|p2b: Snorlax|82\/100 par|[from] item: Figy Berry\n|move|p1b: Iron Valiant|Moonblast|p2a: Landorus\n|-damage|p2a: Landorus|39\/100\n|move|p2a: Landorus|Rock Slide|p1b: Iron Valiant|[spread] p1b\n|-miss|p2a: Landorus|p1a: Sneasler\n|-resisted|p1b: Iron Valiant\n|-damage|p1b: Iron Valiant|86\/100\n|cant|p2b: Snorlax|par\n|\n|-heal|p1b: Iron Valiant|92\/100|[from] Grassy Terrain\n|-heal|p2b: Snorlax|88\/100 par|[from] Grassy Terrain\n|-fieldend|move: Grassy Terrain\n|upkeep\n|turn|6\n|inactive|Fastbak20 has 30 seconds left.\n|inactive|Fastbak20 has 20 seconds left.\n|inactive|Fastbak20 has 15 seconds left.\n|inactive|Fastbak20 has 10 seconds left.\n|\n|t:|1700908013\n|switch|p2a: Sinistcha|Sinistcha-Masterpiece, L50|84\/100\n|-heal|p2b: Snorlax|100\/100 par|[from] ability: Hospitality|[of] p2a: Sinistcha\n|move|p1a: Sneasler|Acrobatics|p2b: Snorlax\n|-damage|p2b: Snorlax|61\/100 par\n|move|p1b: Iron Valiant|Moonblast|p2a: Sinistcha\n|-damage|p2a: Sinistcha|40\/100\n|-unboost|p2a: Sinistcha|spa|1\n|-enditem|p2a: Sinistcha|Sitrus Berry|[eat]\n|-heal|p2a: Sinistcha|65\/100|[from] item: Sitrus Berry\n|move|p2b: Snorlax|Body Slam|p1a: Sneasler\n|-damage|p1a: Sneasler|0 fnt\n|faint|p1a: Sneasler\n|\n|upkeep\n|\n|t:|1700908025\n|switch|p1a: Heatran|Heatran, L50, F|100\/100\n|turn|7\n|\n|t:|1700908048\n|switch|p2a: Salazzle|Salazzle, L50, F|42\/100\n|move|p2b: Snorlax|Protect|p2b: Snorlax\n|-singleturn|p2b: Snorlax|Protect\n|move|p1b: Iron Valiant|Moonblast|p2b: Snorlax\n|-activate|p2b: Snorlax|move: Protect\n|move|p1a: Heatran|Heat Wave|p2a: Salazzle|[spread] p2a\n|-activate|p2b: Snorlax|move: Protect\n|-resisted|p2a: Salazzle\n|-damage|p2a: Salazzle|21\/100\n|\n|upkeep\n|turn|8\n|inactive|Fastbak20 has 30 seconds left.\n|inactive|Fastbak20 has 20 seconds left.\n|inactive|Fastbak20 has 15 seconds left.\n|\n|t:|1700908092\n|move|p2a: Salazzle|Fake Out|p1b: Iron Valiant\n|-damage|p1b: Iron Valiant|84\/100\n|cant|p1b: Iron Valiant|flinch\n|move|p1a: Heatran|Heat Wave|p2b: Snorlax|[spread] p2a,p2b\n|-resisted|p2a: Salazzle\n|-damage|p2a: Salazzle|0 fnt\n|-damage|p2b: Snorlax|38\/100 par\n|faint|p2a: Salazzle\n|move|p2b: Snorlax|Crunch|p1a: Heatran\n|-damage|p1a: Heatran|15\/100\n|\n|upkeep\n|\n|t:|1700908109\n|switch|p2a: Sinistcha|Sinistcha-Masterpiece, L50|65\/100\n|-heal|p2b: Snorlax|63\/100 par|[from] ability: Hospitality|[of] p2a: Sinistcha\n|turn|9\n|inactive|SugaristSnake0 has 30 seconds left.\n|\n|t:|1700908140\n|move|p1b: Iron Valiant|Moonblast|p2b: Snorlax\n|-damage|p2b: Snorlax|37\/100 par\n|move|p1a: Heatran|Heat Wave|p2a: Sinistcha|[spread] p2a,p2b\n|-supereffective|p2a: Sinistcha\n|-damage|p2a: Sinistcha|0 fnt\n|-damage|p2b: Snorlax|15\/100 par\n|faint|p2a: Sinistcha\n|cant|p2b: Snorlax|par\n|\n|upkeep\n|\n|t:|1700908149\n|switch|p2a: Landorus|Landorus-Therian, L50, M|39\/100\n|-ability|p2a: Landorus|Intimidate|boost\n|-unboost|p1a: Heatran|atk|1\n|-unboost|p1b: Iron Valiant|atk|1\n|turn|10\n|\n|t:|1700908168\n|move|p2b: Snorlax|Protect|p2b: Snorlax\n|-singleturn|p2b: Snorlax|Protect\n|move|p1b: Iron Valiant|Moonblast|p2a: Landorus\n|-damage|p2a: Landorus|0 fnt\n|faint|p2a: Landorus\n|move|p1a: Heatran|Flash Cannon|p2b: Snorlax\n|-activate|p2b: Snorlax|move: Protect\n|\n|upkeep\n|turn|11\n|-message|Fastbak20 forfeited.\n|\n|win|SugaristSnake0\n|raw|SugaristSnake0's rating: 1308 &rarr; <strong>1327<\/strong><br \/>(+19 for winning)\n|raw|Fastbak20's rating: 1299 &rarr; <strong>1275<\/strong><br \/>(-24 for losing)\n|l|\u2606Fastbak20\n","uploadtime":1700908193,"views":7,"p1id":"sugaristsnake0","p2id":"fastbak20","formatid":"gen9vgc2023regulatione","rating":1275,"private":0,"password":""}