{"id":"gen9vgc2023regulatione-1999820032","p1":"Kzjrkz","p2":"Lino03","format":"[Gen 9] VGC 2023 Regulation E","log":"|j|\u2606Kzjrkz\n|j|\u2606Lino03\n|t:|1701119723\n|gametype|doubles\n|player|p1|Kzjrkz|lance|1168\n|player|p2|Lino03|1|1205\n|teamsize|p1|6\n|teamsize|p2|6\n|gen|9\n|tier|[Gen 9] VGC 2023 Regulation E\n|rated|\n|rule|Species Clause: Limit one of each Pok\u00e9mon\n|rule|Item Clause: Limit one of each item\n|clearpoke\n|poke|p1|Flutter Mane, L50|\n|poke|p1|Tornadus, L50, M|\n|poke|p1|Rillaboom, L50, F|\n|poke|p1|Garganacl, L50, F|\n|poke|p1|Arcanine-Hisui, L50, M|\n|poke|p1|Chien-Pao, L50|\n|poke|p2|Flutter Mane, L50|\n|poke|p2|Tornadus, L50, M|\n|poke|p2|Regieleki, L50|\n|poke|p2|Chi-Yu, L50|\n|poke|p2|Ogerpon-Wellspring, L50, F|\n|poke|p2|Indeedee-F, L50, F|\n|teampreview|4\n|inactive|Battle timer is ON: inactive players will automatically lose when time's up. (requested by Kzjrkz)\n|\n|t:|1701119741\n|start\n|switch|p1a: Tornadus|Tornadus, L50, M|100\/100\n|switch|p1b: Garganacl|Garganacl, L50, F|100\/100\n|switch|p2a: Tornadus|Tornadus, L50, M|100\/100\n|switch|p2b: Regieleki|Regieleki, L50|100\/100\n|turn|1\n|\n|t:|1701119766\n|switch|p1a: Rillaboom|Rillaboom, L50, F|100\/100\n|-fieldstart|move: Grassy Terrain|[from] ability: Grassy Surge|[of] p1a: Rillaboom\n|-terastallize|p1b: Garganacl|Ghost\n|move|p2a: Tornadus|Tailwind|p2a: Tornadus\n|-sidestart|p2: Lino03|move: Tailwind\n|move|p2b: Regieleki|Thunderbolt|p1a: Rillaboom\n|-resisted|p1a: Rillaboom\n|-damage|p1a: Rillaboom|80\/100\n|move|p1b: Garganacl|Salt Cure|p2b: Regieleki\n|-damage|p2b: Regieleki|80\/100\n|-start|p2b: Regieleki|Salt Cure\n|\n|-heal|p2b: Regieleki|85\/100|[from] Grassy Terrain\n|-heal|p1a: Rillaboom|86\/100|[from] Grassy Terrain\n|-damage|p2b: Regieleki|73\/100|[from] Salt Cure\n|upkeep\n|turn|2\n|inactive|Lino03 has 30 seconds left.\n|\n|t:|1701119793\n|switch|p2b: Chi-Yu|Chi-Yu, L50|100\/100\n|-ability|p2b: Chi-Yu|Beads of Ruin\n|move|p2a: Tornadus|Bleakwind Storm|p1b: Garganacl|[spread] p1a,p1b\n|-supereffective|p1a: Rillaboom\n|-damage|p1a: Rillaboom|24\/100\n|-damage|p1b: Garganacl|72\/100\n|move|p1a: Rillaboom|Drain Punch|p2b: Chi-Yu\n|-supereffective|p2b: Chi-Yu\n|-damage|p2b: Chi-Yu|8\/100\n|-heal|p1a: Rillaboom|55\/100|[from] drain|[of] p2b: Chi-Yu\n|move|p1b: Garganacl|Salt Cure|p2a: Tornadus\n|-supereffective|p2a: Tornadus\n|-damage|p2a: Tornadus|77\/100\n|-start|p2a: Tornadus|Salt Cure\n|\n|-heal|p2b: Chi-Yu|14\/100|[from] Grassy Terrain\n|-heal|p1a: Rillaboom|61\/100|[from] Grassy Terrain\n|-heal|p1b: Garganacl|77\/100|[from] Grassy Terrain\n|-damage|p2a: Tornadus|64\/100|[from] Salt Cure\n|upkeep\n|turn|3\n|inactive|Lino03 has 30 seconds left.\n|\n|t:|1701119822\n|switch|p2b: Flutter Mane|Flutter Mane, L50|100\/100\n|switch|p1b: Tornadus|Tornadus, L50, M|100\/100\n|move|p1a: Rillaboom|Grassy Glide|p2b: Flutter Mane\n|-damage|p2b: Flutter Mane|10\/100\n|move|p2a: Tornadus|Bleakwind Storm|p1b: Tornadus|[spread] p1a,p1b\n|-supereffective|p1a: Rillaboom\n|-damage|p1a: Rillaboom|11\/100\n|-damage|p1b: Tornadus|75\/100\n|-unboost|p1b: Tornadus|spe|1\n|\n|-heal|p2b: Flutter Mane|17\/100|[from] Grassy Terrain\n|-heal|p1a: Rillaboom|16\/100|[from] Grassy Terrain\n|-damage|p2a: Tornadus|52\/100|[from] Salt Cure\n|upkeep\n|turn|4\n|\n|t:|1701119839\n|move|p2b: Flutter Mane|Protect|p2b: Flutter Mane\n|-singleturn|p2b: Flutter Mane|Protect\n|move|p1a: Rillaboom|Grassy Glide|p2b: Flutter Mane\n|-activate|p2b: Flutter Mane|move: Protect\n|move|p1b: Tornadus|Tailwind|p1b: Tornadus\n|-sidestart|p1: Kzjrkz|move: Tailwind\n|move|p2a: Tornadus|Bleakwind Storm|p1b: Tornadus|[spread] p1b\n|-miss|p2a: Tornadus|p1a: Rillaboom\n|-damage|p1b: Tornadus|47\/100\n|\n|-heal|p2b: Flutter Mane|23\/100|[from] Grassy Terrain\n|-heal|p1a: Rillaboom|22\/100|[from] Grassy Terrain\n|-damage|p2a: Tornadus|40\/100|[from] Salt Cure\n|-sideend|p2: Lino03|move: Tailwind\n|upkeep\n|turn|5\n|\n|t:|1701119858\n|-end|p2b: Flutter Mane|Protosynthesis|[silent]\n|switch|p2b: Chi-Yu|Chi-Yu, L50|14\/100\n|-ability|p2b: Chi-Yu|Beads of Ruin\n|move|p1a: Rillaboom|Grassy Glide|p2b: Chi-Yu\n|-resisted|p2b: Chi-Yu\n|-damage|p2b: Chi-Yu|0 fnt\n|faint|p2b: Chi-Yu\n|move|p1b: Tornadus|Taunt|p2a: Tornadus\n|-start|p2a: Tornadus|move: Taunt\n|cant|p2a: Tornadus|move: Taunt|Tailwind\n|\n|-heal|p1a: Rillaboom|28\/100|[from] Grassy Terrain\n|-damage|p2a: Tornadus|27\/100|[from] Salt Cure\n|-fieldend|move: Grassy Terrain\n|upkeep\n|\n|t:|1701119868\n|switch|p2b: Regieleki|Regieleki, L50|73\/100\n|turn|6\n|\n|t:|1701119877\n|switch|p1a: Garganacl|Garganacl, L50, F, tera:Ghost|77\/100\n|move|p2b: Regieleki|Electroweb|p1a: Garganacl|[spread] p1a\n|-miss|p2b: Regieleki|p1b: Tornadus\n|-damage|p1a: Garganacl|58\/100\n|-unboost|p1a: Garganacl|spe|1\n|move|p1b: Tornadus|Bleakwind Storm|p2a: Tornadus|[spread] p2a,p2b\n|-crit|p2a: Tornadus\n|-resisted|p2b: Regieleki\n|-damage|p2a: Tornadus|0 fnt\n|-damage|p2b: Regieleki|49\/100\n|faint|p2a: Tornadus\n|\n|upkeep\n|\n|t:|1701119887\n|switch|p2a: Flutter Mane|Flutter Mane, L50|23\/100\n|turn|7\n|\n|t:|1701119898\n|-terastallize|p2a: Flutter Mane|Fairy\n|move|p2b: Regieleki|Electroweb|p1b: Tornadus|[spread] p1a,p1b\n|-supereffective|p1b: Tornadus\n|-damage|p1a: Garganacl|40\/100\n|-damage|p1b: Tornadus|5\/100\n|-unboost|p1a: Garganacl|spe|1\n|-unboost|p1b: Tornadus|spe|1\n|-enditem|p1a: Garganacl|Sitrus Berry|[eat]\n|-heal|p1a: Garganacl|65\/100|[from] item: Sitrus Berry\n|move|p2a: Flutter Mane|Dazzling Gleam|p1a: Garganacl|[spread] p1a,p1b\n|-damage|p1a: Garganacl|34\/100\n|-damage|p1b: Tornadus|0 fnt\n|faint|p1b: Tornadus\n|move|p1a: Garganacl|Salt Cure|p2b: Regieleki\n|-damage|p2b: Regieleki|26\/100\n|-start|p2b: Regieleki|Salt Cure\n|\n|-damage|p2b: Regieleki|14\/100|[from] Salt Cure\n|-sideend|p1: Kzjrkz|move: Tailwind\n|upkeep\n|\n|t:|1701119913\n|switch|p1b: Rillaboom|Rillaboom, L50, F|28\/100\n|-fieldstart|move: Grassy Terrain|[from] ability: Grassy Surge|[of] p1b: Rillaboom\n|turn|8\n|\n|t:|1701119918\n|move|p1b: Rillaboom|Grassy Glide|p2b: Regieleki\n|-damage|p2b: Regieleki|0 fnt\n|faint|p2b: Regieleki\n|move|p2a: Flutter Mane|Dazzling Gleam|p1a: Garganacl|[spread] p1a,p1b\n|-damage|p1a: Garganacl|5\/100\n|-damage|p1b: Rillaboom|0 fnt\n|faint|p1b: Rillaboom\n|move|p1a: Garganacl|Recover|p1a: Garganacl\n|-heal|p1a: Garganacl|55\/100\n|\n|-heal|p2a: Flutter Mane|29\/100|[from] Grassy Terrain\n|-heal|p1a: Garganacl|61\/100|[from] Grassy Terrain\n|upkeep\n|\n|t:|1701119927\n|switch|p1b: Arcanine|Arcanine-Hisui, L50, M|100\/100\n|-ability|p1b: Arcanine|Intimidate|boost\n|-unboost|p2a: Flutter Mane|atk|1\n|turn|9\n|-message|Lino03 forfeited.\n|\n|win|Kzjrkz\n|raw|Kzjrkz's rating: 1168 &rarr; <strong>1196<\/strong><br \/>(+28 for winning)\n|raw|Lino03's rating: 1205 &rarr; <strong>1177<\/strong><br \/>(-28 for losing)\n|l|\u2606Lino03\n","uploadtime":1701119937,"views":3,"p1id":"kzjrkz","p2id":"lino03","formatid":"gen9vgc2023regulatione","rating":1177,"private":0,"password":""}