{"id":"gen9vgc2023regulatione-1999998828","p1":"JJAXY","p2":"slimejrlegit","format":"[Gen 9] VGC 2023 Regulation E","log":"|j|\u2606JJAXY\n|j|\u2606slimejrlegit\n|t:|1701139401\n|gametype|doubles\n|player|p1|JJAXY|2|1417\n|player|p2|slimejrlegit|2|1430\n|teamsize|p1|6\n|teamsize|p2|6\n|gen|9\n|tier|[Gen 9] VGC 2023 Regulation E\n|rated|\n|rule|Species Clause: Limit one of each Pok\u00e9mon\n|rule|Item Clause: Limit one of each item\n|clearpoke\n|poke|p1|Lilligant-Hisui, L50, F|\n|poke|p1|Landorus-Therian, L50, M|\n|poke|p1|Iron Hands, L50|\n|poke|p1|Flutter Mane, L50|\n|poke|p1|Ninetales, L50, F|\n|poke|p1|Chi-Yu, L50|\n|poke|p2|Armarouge, L50, F|\n|poke|p2|Roaring Moon, L50|\n|poke|p2|Regieleki, L50|\n|poke|p2|Enamorus, L50, F|\n|poke|p2|Sneasler, L50, F|\n|poke|p2|Indeedee-F, L50, F|\n|teampreview|4\n|inactive|Battle timer is ON: inactive players will automatically lose when time's up. (requested by JJAXY)\n|\n|t:|1701139428\n|start\n|switch|p1a: Ninetales|Ninetales, L50, F|100\/100\n|switch|p1b: Lilligant|Lilligant-Hisui, L50, F|100\/100\n|switch|p2a: Indeedee|Indeedee-F, L50, F|100\/100\n|switch|p2b: Armarouge|Armarouge, L50, F|100\/100\n|-weather|SunnyDay|[from] ability: Drought|[of] p1a: Ninetales\n|-fieldstart|move: Psychic Terrain|[from] ability: Psychic Surge|[of] p2a: Indeedee\n|turn|1\n|inactive|JJAXY has 30 seconds left.\n|inactive|slimejrlegit has 30 seconds left.\n|\n|t:|1701139456\n|move|p2a: Indeedee|Follow Me|p2a: Indeedee\n|-singleturn|p2a: Indeedee|move: Follow Me\n|move|p1b: Lilligant|Sleep Powder|p2a: Indeedee\n|-status|p2a: Indeedee|slp|[from] move: Sleep Powder\n|move|p1a: Ninetales|Encore|p2a: Indeedee\n|-start|p2a: Indeedee|Encore\n|move|p2b: Armarouge|Expanding Force|p1b: Lilligant|[spread] p1a,p1b\n|-supereffective|p1b: Lilligant\n|-damage|p1a: Ninetales|22\/100\n|-damage|p1b: Lilligant|0 fnt\n|faint|p1b: Lilligant\n|-damage|p2b: Armarouge|91\/100|[from] item: Life Orb\n|\n|-weather|SunnyDay|[upkeep]\n|upkeep\n|\n|t:|1701139470\n|switch|p1b: Landorus|Landorus-Therian, L50, M|100\/100\n|-ability|p1b: Landorus|Intimidate|boost\n|-unboost|p2a: Indeedee|atk|1\n|-unboost|p2b: Armarouge|atk|1\n|turn|2\n|\n|t:|1701139482\n|-terastallize|p2b: Armarouge|Psychic\n|cant|p2a: Indeedee|slp\n|move|p1b: Landorus|U-turn|p2b: Armarouge\n|-supereffective|p2b: Armarouge\n|-damage|p2b: Armarouge|40\/100\n|\n|t:|1701139487\n|switch|p1b: Iron Hands|Iron Hands, L50|100\/100|[from] U-turn\n|move|p1a: Ninetales|Solar Beam||[still]\n|-prepare|p1a: Ninetales|Solar Beam\n|-anim|p1a: Ninetales|Solar Beam|p2b: Armarouge\n|-damage|p2b: Armarouge|13\/100\n|move|p2b: Armarouge|Expanding Force|p1b: Iron Hands|[spread] p1a,p1b\n|-supereffective|p1b: Iron Hands\n|-damage|p1a: Ninetales|0 fnt\n|-damage|p1b: Iron Hands|0 fnt\n|faint|p1a: Ninetales\n|faint|p1b: Iron Hands\n|-end|p1b: Iron Hands|Quark Drive|[silent]\n|-damage|p2b: Armarouge|3\/100|[from] item: Life Orb\n|\n|-weather|SunnyDay|[upkeep]\n|upkeep\n|\n|t:|1701139499\n|switch|p1b: Landorus|Landorus-Therian, L50, M|100\/100\n|-ability|p1b: Landorus|Intimidate|boost\n|-unboost|p2a: Indeedee|atk|1\n|-unboost|p2b: Armarouge|atk|1\n|turn|3\n|\n|t:|1701139508\n|-terastallize|p1b: Landorus|Flying\n|move|p2b: Armarouge|Wide Guard|p2b: Armarouge\n|-singleturn|p2b: Armarouge|Wide Guard\n|-curestatus|p2a: Indeedee|slp|[msg]\n|move|p2a: Indeedee|Follow Me|p2a: Indeedee\n|-singleturn|p2a: Indeedee|move: Follow Me\n|move|p1b: Landorus|Rock Slide|p2b: Armarouge|[spread] \n|-activate|p2a: Indeedee|move: Wide Guard\n|-activate|p2b: Armarouge|move: Wide Guard\n|\n|-weather|SunnyDay|[upkeep]\n|upkeep\n|turn|4\n|\n|t:|1701139527\n|switch|p2a: Agent Sneeze|Sneasler, L50, F, shiny|100\/100\n|-enditem|p2a: Agent Sneeze|Psychic Seed\n|-boost|p2a: Agent Sneeze|spd|1|[from] item: Psychic Seed\n|move|p2b: Armarouge|Wide Guard|p2b: Armarouge\n|-singleturn|p2b: Armarouge|Wide Guard\n|move|p1b: Landorus|Rock Slide|p2a: Agent Sneeze|[spread] \n|-activate|p2a: Agent Sneeze|move: Wide Guard\n|-activate|p2b: Armarouge|move: Wide Guard\n|\n|-weather|SunnyDay|[upkeep]\n|upkeep\n|turn|5\n|\n|t:|1701139537\n|move|p2b: Armarouge|Wide Guard|p2b: Armarouge\n|-singleturn|p2b: Armarouge|Wide Guard\n|move|p2a: Agent Sneeze|Swords Dance|p2a: Agent Sneeze\n|-boost|p2a: Agent Sneeze|atk|2\n|move|p1b: Landorus|Rock Slide|p2b: Armarouge|[spread] \n|-activate|p2a: Agent Sneeze|move: Wide Guard\n|-activate|p2b: Armarouge|move: Wide Guard\n|\n|-weather|SunnyDay|[upkeep]\n|-fieldend|move: Psychic Terrain\n|upkeep\n|turn|6\n|\n|t:|1701139550\n|move|p2b: Armarouge|Wide Guard|p2b: Armarouge\n|-singleturn|p2b: Armarouge|Wide Guard\n|move|p2a: Agent Sneeze|Dire Claw|p1b: Landorus\n|-damage|p1b: Landorus|5\/100\n|-status|p1b: Landorus|slp\n|cant|p1b: Landorus|slp\n|\n|-weather|SunnyDay|[upkeep]\n|upkeep\n|turn|7\n|-message|JJAXY forfeited.\n|\n|win|slimejrlegit\n|raw|JJAXY's rating: 1417 &rarr; <strong>1398<\/strong><br \/>(-19 for losing)\n|raw|slimejrlegit's rating: 1430 &rarr; <strong>1449<\/strong><br \/>(+19 for winning)\n|l|\u2606JJAXY\n","uploadtime":1701139563,"views":21,"p1id":"jjaxy","p2id":"slimejrlegit","formatid":"gen9vgc2023regulatione","rating":1398,"private":0,"password":""}