{"id":"gen9vgc2023regulatione-1996222551","p1":"KaosCarter","p2":"Eviovulpix","format":"[Gen 9] VGC 2023 Regulation E","log":"|j|\u2606KaosCarter\n|j|\u2606Eviovulpix\n|n|\u2606KaosCarter|kaoscarter\n|n|\u2606Eviovulpix|eviovulpix\n|html|View the match progress at <a href=\"\/game-bestof3-gen9vgc2023regulatione-1996219793\">game-bestof3-gen9vgc2023regulatione-1996219793<\/a>\n|t:|1700660967\n|gametype|doubles\n|player|p1|KaosCarter|acetrainer-gen4dp|\n|player|p2|Eviovulpix|dragontamer|\n|teamsize|p1|6\n|teamsize|p2|6\n|gen|9\n|tier|[Gen 9] VGC 2023 Regulation E\n|rule|Species Clause: Limit one of each Pok\u00e9mon\n|rule|Item Clause: Limit one of each item\n|clearpoke\n|poke|p1|Heatran, L50, M|\n|poke|p1|Tornadus, L50, M|\n|poke|p1|Sneasler, L50, F|\n|poke|p1|Shiftry, L50, M|\n|poke|p1|Chi-Yu, L50|\n|poke|p1|Indeedee-F, L50, F|\n|poke|p2|Dusclops, L50, M|\n|poke|p2|Ursaluna-Bloodmoon, L50, M|\n|poke|p2|Chi-Yu, L50|\n|poke|p2|Landorus-Therian, L50, M|\n|poke|p2|Iron Hands, L50|\n|poke|p2|Ogerpon-Wellspring, L50, F|\n|teampreview|4\n|inactive|Battle timer is ON: inactive players will automatically lose when time's up. (requested by KaosCarter)\nEviovulpix has agreed to open team sheets.\nKaosCarter has agreed to open team sheets.\n|showteam|p1|Heatran||SitrusBerry|FlashFire|Protect,HeatWave,EarthPower,FlashCannon|||M|||50|,,,,,Fairy]Tornadus||MentalHerb|Prankster|BleakwindStorm,Tailwind,SunnyDay,ScaryFace|||M|||50|,,,,,Ghost]Sneasler||ClearAmulet|PoisonTouch|Protect,DireClaw,CloseCombat,FakeOut|||F|||50|,,,,,Flying]Shiftry||FocusSash|WindRider|SuckerPunch,Reversal,LeafBlade,FakeOut|||M|||50|,,,,,Ghost]Chi-Yu||ChoiceSpecs|BeadsofRuin|HeatWave,Psychic,Overheat,DarkPulse||||||50|,,,,,Ghost]Indeedee-F||PsychicSeed|PsychicSurge|FollowMe,Psyshock,TrickRoom,Imprison|||F|||50|,,,,,Fairy\n|showteam|p2|Dusclops||Eviolite|Frisk|NightShade,WillOWisp,PainSplit,TrickRoom|||M|||50|,,,,,Dark]Ursaluna-Bloodmoon||LifeOrb|MindsEye|BloodMoon,HyperVoice,Protect,EarthPower|||M|||50|,,,,,Normal]Chi-Yu||FocusSash|BeadsofRuin|Snarl,DarkPulse,HeatWave,Protect||||||50|,,,,,Ghost]Landorus-Therian||ChoiceScarf|Intimidate|TeraBlast,RockTomb,StompingTantrum,Uturn|||M|||50|,,,,,Flying]Iron Hands||AssaultVest|QuarkDrive|FakeOut,HeavySlam,DrainPunch,WildCharge||||||50|,,,,,Fire]Ogerpon-Wellspring||WellspringMask|WaterAbsorb|IvyCudgel,HornLeech,FollowMe,SpikyShield|||F|||50|,,,,,Water\n|\n|t:|1700661006\n|start\n|switch|p1a: Sneasler|Sneasler, L50, F|100\/100\n|switch|p1b: Tornadus|Tornadus, L50, M|100\/100\n|switch|p2a: Iron Hands|Iron Hands, L50|100\/100\n|switch|p2b: Dusclops|Dusclops, L50, M|100\/100\n|-item|p1a: Sneasler|Clear Amulet|[from] ability: Frisk|[of] p2b: Dusclops|[identify]\n|-item|p1b: Tornadus|Mental Herb|[from] ability: Frisk|[of] p2b: Dusclops|[identify]\n|turn|1\n|\n|t:|1700661029\n|switch|p1a: Heatran|Heatran, L50, M|100\/100\n|-terastallize|p1b: Tornadus|Ghost\n|move|p1b: Tornadus|Scary Face|p1a: Heatran\n|-unboost|p1a: Heatran|spe|2\n|move|p2a: Iron Hands|Wild Charge|p1b: Tornadus\n|-damage|p1b: Tornadus|32\/100\n|-damage|p2a: Iron Hands|89\/100|[from] Recoil\n|move|p2b: Dusclops|Night Shade|p1a: Heatran\n|-damage|p1a: Heatran|74\/100\n|\n|upkeep\n|turn|2\n|\n|t:|1700661050\n|move|p1a: Heatran|Protect|p1a: Heatran\n|-singleturn|p1a: Heatran|Protect\n|move|p1b: Tornadus|Sunny Day|p1b: Tornadus\n|-weather|SunnyDay\n|move|p2a: Iron Hands|Drain Punch|p1a: Heatran\n|-activate|p1a: Heatran|move: Protect\n|move|p2b: Dusclops|Night Shade|p1b: Tornadus\n|-damage|p1b: Tornadus|2\/100\n|\n|-weather|SunnyDay|[upkeep]\n|upkeep\n|turn|3\n|\n|t:|1700661075\n|move|p1b: Tornadus|Bleakwind Storm|p2b: Dusclops|[spread] p2b\n|-miss|p1b: Tornadus|p2a: Iron Hands\n|-damage|p2b: Dusclops|80\/100\n|-unboost|p2b: Dusclops|spe|1\n|move|p2a: Iron Hands|Drain Punch|p1a: Heatran\n|-supereffective|p1a: Heatran\n|-damage|p1a: Heatran|6\/100\n|-heal|p2a: Iron Hands|100\/100|[from] drain|[of] p1a: Heatran\n|-enditem|p1a: Heatran|Sitrus Berry|[eat]\n|-heal|p1a: Heatran|31\/100|[from] item: Sitrus Berry\n|move|p1a: Heatran|Heat Wave|p2b: Dusclops|[spread] p2a,p2b\n|-damage|p2a: Iron Hands|69\/100\n|-damage|p2b: Dusclops|51\/100\n|move|p2b: Dusclops|Trick Room|p2b: Dusclops\n|-fieldstart|move: Trick Room|[of] p2b: Dusclops\n|\n|-weather|SunnyDay|[upkeep]\n|upkeep\n|turn|4\n|\n|t:|1700661098\n|move|p1b: Tornadus|Scary Face|p1a: Heatran\n|-unboost|p1a: Heatran|spe|2\n|move|p2b: Dusclops|Night Shade|p1b: Tornadus\n|-damage|p1b: Tornadus|0 fnt\n|faint|p1b: Tornadus\n|move|p1a: Heatran|Heat Wave|p2a: Iron Hands|[spread] p2a,p2b\n|-damage|p2a: Iron Hands|39\/100\n|-damage|p2b: Dusclops|18\/100\n|move|p2a: Iron Hands|Drain Punch|p1a: Heatran\n|-supereffective|p1a: Heatran\n|-damage|p1a: Heatran|0 fnt\n|-heal|p2a: Iron Hands|51\/100|[from] drain|[of] p1a: Heatran\n|faint|p1a: Heatran\n|\n|-weather|SunnyDay|[upkeep]\n|upkeep\n|\n|t:|1700661115\n|switch|p1a: Sneasler|Sneasler, L50, F|100\/100\n|switch|p1b: Chi-Yu|Chi-Yu, L50|100\/100\n|-ability|p1b: Chi-Yu|Beads of Ruin\n|turn|5\n|\n|t:|1700661130\n|move|p1a: Sneasler|Fake Out|p2a: Iron Hands\n|-damage|p2a: Iron Hands|40\/100\n|move|p2b: Dusclops|Night Shade|p1b: Chi-Yu\n|-damage|p1b: Chi-Yu|65\/100\n|cant|p2a: Iron Hands|flinch\n|move|p1b: Chi-Yu|Heat Wave|p2a: Iron Hands|[spread] p2a,p2b\n|-damage|p2a: Iron Hands|0 fnt\n|-damage|p2b: Dusclops|0 fnt\n|faint|p2a: Iron Hands\n|-end|p2a: Iron Hands|Quark Drive|[silent]\n|faint|p2b: Dusclops\n|\n|-weather|SunnyDay|[upkeep]\n|upkeep\n|\n|t:|1700661139\n|switch|p2b: Chi-Yu|Chi-Yu, L50|100\/100\n|switch|p2a: Ursaluna|Ursaluna-Bloodmoon, L50, M|100\/100\n|-ability|p2b: Chi-Yu|Beads of Ruin\n|turn|6\n|\n|t:|1700661155\n|-terastallize|p2a: Ursaluna|Normal\n|move|p2a: Ursaluna|Hyper Voice|p1a: Sneasler|[spread] p1a,p1b\n|-damage|p1a: Sneasler|0 fnt\n|-damage|p1b: Chi-Yu|0 fnt\n|faint|p1a: Sneasler\n|faint|p1b: Chi-Yu\n|-damage|p2a: Ursaluna|90\/100|[from] item: Life Orb\n|\n|win|Eviovulpix\n|c|\u2606KaosCarter|Ggs\n|l|\u2606KaosCarter\n|j|\u2606KaosCarter\n|player|p1|KaosCarter|acetrainer-gen4dp\n|l|\u2606KaosCarter\n|player|p1|\n","uploadtime":1700661452,"views":4,"p1id":"kaoscarter","p2id":"eviovulpix","formatid":"gen9vgc2023regulatione","rating":0,"private":0,"password":""}