{"id":"gen9vgc2023regulatione-1994976729","p1":"ace.bnz","p2":"superseriousboi","format":"[Gen 9] VGC 2023 Regulation E","log":"|j|\u2606ace.bnz\n|j|\u2606superseriousboi\n|t:|1700509758\n|gametype|doubles\n|player|p1|ace.bnz|plasmagrunt|1379\n|player|p2|superseriousboi|drayden|1329\n|teamsize|p1|6\n|teamsize|p2|6\n|gen|9\n|tier|[Gen 9] VGC 2023 Regulation E\n|rated|\n|rule|Species Clause: Limit one of each Pok\u00e9mon\n|rule|Item Clause: Limit one of each item\n|clearpoke\n|poke|p1|Iron Hands, L50|\n|poke|p1|Roaring Moon, L50|\n|poke|p1|Amoonguss, L50, F|\n|poke|p1|Arcanine-Hisui, L50, M|\n|poke|p1|Flutter Mane, L50|\n|poke|p1|Heatran, L50, F|\n|poke|p2|Ogerpon-Wellspring, L50, F|\n|poke|p2|Landorus-Therian, L50, M|\n|poke|p2|Heatran, L50, M|\n|poke|p2|Iron Hands, L50|\n|poke|p2|Kingambit, L50, F|\n|poke|p2|Flutter Mane, L50|\n|teampreview|4\nace.bnz has agreed to open team sheets.\n|inactive|Battle timer is ON: inactive players will automatically lose when time's up. (requested by ace.bnz)\n|\n|t:|1700509808\n|start\n|switch|p1a: Iron Hands|Iron Hands, L50|100\/100\n|switch|p1b: Flutter Mane|Flutter Mane, L50|100\/100\n|switch|p2a: Flutter Mane|Flutter Mane, L50|100\/100\n|switch|p2b: Landorus|Landorus-Therian, L50, M|100\/100\n|-ability|p2b: Landorus|Intimidate|boost\n|-unboost|p1a: Iron Hands|atk|1\n|-unboost|p1b: Flutter Mane|atk|1\n|turn|1\n|\n|t:|1700509831\n|switch|p2b: Heatran|Heatran, L50, M|100\/100\n|-terastallize|p1a: Iron Hands|Water\n|move|p2a: Flutter Mane|Protect|p2a: Flutter Mane\n|-singleturn|p2a: Flutter Mane|Protect\n|move|p1b: Flutter Mane|Moonblast|p2b: Heatran\n|-resisted|p2b: Heatran\n|-damage|p2b: Heatran|86\/100\n|move|p1a: Iron Hands|Heavy Slam|p2a: Flutter Mane\n|-activate|p2a: Flutter Mane|move: Protect\n|\n|upkeep\n|turn|2\n|inactive|superseriousboi has 30 seconds left.\n|c|\u2606ace.bnz|some mirror\n|inactive|superseriousboi has 20 seconds left.\n|inactive|superseriousboi has 15 seconds left.\n|inactive|superseriousboi has 10 seconds left.\n|inactive|superseriousboi has 5 seconds left.\n|\n|t:|1700509884\n|-end|p1b: Flutter Mane|Protosynthesis|[silent]\n|switch|p1b: Heatran|Heatran, L50, F|100\/100\n|move|p2a: Flutter Mane|Moonblast|p1a: Iron Hands\n|-damage|p1a: Iron Hands|70\/100\n|-unboost|p1a: Iron Hands|spa|1\n|move|p2b: Heatran|Flash Cannon|p1b: Heatran\n|-resisted|p1b: Heatran\n|-damage|p1b: Heatran|89\/100\n|-damage|p2b: Heatran|77\/100|[from] item: Life Orb\n|move|p1a: Iron Hands|Drain Punch|p2b: Heatran\n|-supereffective|p2b: Heatran\n|-damage|p2b: Heatran|28\/100\n|-heal|p1a: Iron Hands|90\/100|[from] drain|[of] p2b: Heatran\n|\n|upkeep\n|turn|3\n|inactive|ace.bnz has 30 seconds left.\n|inactive|superseriousboi has 30 seconds left.\n|inactive|ace.bnz has 20 seconds left.\n|\n|t:|1700509925\n|switch|p2b: Landorus|Landorus-Therian, L50, M|100\/100\n|-ability|p2b: Landorus|Intimidate|boost\n|-unboost|p1a: Iron Hands|atk|1\n|-unboost|p1b: Heatran|atk|1\n|move|p2a: Flutter Mane|Shadow Ball|p1b: Heatran\n|-damage|p1b: Heatran|47\/100\n|move|p1b: Heatran|Earth Power|p2b: Landorus\n|-immune|p2b: Landorus\n|move|p1a: Iron Hands|Drain Punch|p2b: Landorus\n|-resisted|p2b: Landorus\n|-damage|p2b: Landorus|90\/100\n|-heal|p1a: Iron Hands|95\/100|[from] drain|[of] p2b: Landorus\n|\n|upkeep\n|turn|4\n|inactive|superseriousboi has 30 seconds left.\n|\n|t:|1700509953\n|move|p1b: Heatran|Protect|p1b: Heatran\n|-singleturn|p1b: Heatran|Protect\n|move|p2b: Landorus|Stomping Tantrum|p1b: Heatran\n|-activate|p1b: Heatran|move: Protect\n|move|p2a: Flutter Mane|Shadow Ball|p1a: Iron Hands\n|-damage|p1a: Iron Hands|70\/100\n|move|p1a: Iron Hands|Heavy Slam|p2a: Flutter Mane\n|-supereffective|p2a: Flutter Mane\n|-enditem|p2a: Flutter Mane|Focus Sash\n|-damage|p2a: Flutter Mane|1\/100\n|\n|upkeep\n|turn|5\n|inactive|ace.bnz has 30 seconds left.\n|\n|t:|1700509985\n|switch|p1b: Roaring Moon|Roaring Moon, L50|100\/100\n|-enditem|p1b: Roaring Moon|Booster Energy\n|-activate|p1b: Roaring Moon|ability: Protosynthesis|[fromitem]\n|-start|p1b: Roaring Moon|protosynthesisspe\n|move|p2a: Flutter Mane|Protect|p2a: Flutter Mane\n|-singleturn|p2a: Flutter Mane|Protect\n|move|p2b: Landorus|Stomping Tantrum|p1b: Roaring Moon\n|-damage|p1b: Roaring Moon|52\/100\n|move|p1a: Iron Hands|Heavy Slam|p2a: Flutter Mane\n|-activate|p2a: Flutter Mane|move: Protect\n|\n|upkeep\n|turn|6\n|inactive|ace.bnz has 30 seconds left.\n|\n|t:|1700510013\n|switch|p2b: Heatran|Heatran, L50, M|28\/100\n|move|p1b: Roaring Moon|Tailwind|p1b: Roaring Moon\n|-sidestart|p1: ace.bnz|move: Tailwind\n|move|p2a: Flutter Mane|Moonblast|p1b: Roaring Moon\n|-supereffective|p1b: Roaring Moon\n|-damage|p1b: Roaring Moon|0 fnt\n|faint|p1b: Roaring Moon\n|-end|p1b: Roaring Moon|Protosynthesis|[silent]\n|move|p1a: Iron Hands|Heavy Slam|p2a: Flutter Mane\n|-supereffective|p2a: Flutter Mane\n|-damage|p2a: Flutter Mane|0 fnt\n|faint|p2a: Flutter Mane\n|-end|p2a: Flutter Mane|Protosynthesis|[silent]\n|\n|upkeep\n|\n|t:|1700510033\n|switch|p1b: Heatran|Heatran, L50, F|47\/100\n|switch|p2a: Ogerpon|Ogerpon-Wellspring, L50, F|100\/100\n|turn|7\n|\n|t:|1700510048\n|move|p1b: Heatran|Protect|p1b: Heatran\n|-singleturn|p1b: Heatran|Protect\n|move|p2a: Ogerpon|Spiky Shield|p2a: Ogerpon\n|-singleturn|p2a: Ogerpon|move: Protect\n|move|p2b: Heatran|Protect|p2b: Heatran\n|-singleturn|p2b: Heatran|Protect\n|move|p1a: Iron Hands|Drain Punch|p2b: Heatran\n|-activate|p2b: Heatran|move: Protect\n|\n|upkeep\n|turn|8\n|inactive|ace.bnz has 30 seconds left.\n|inactive|superseriousboi has 30 seconds left.\n|\n|t:|1700510085\n|switch|p1b: Flutter Mane|Flutter Mane, L50|100\/100\n|switch|p2b: Landorus|Landorus-Therian, L50, M|90\/100\n|-ability|p2b: Landorus|Intimidate|boost\n|-unboost|p1a: Iron Hands|atk|1\n|-unboost|p1b: Flutter Mane|atk|1\n|-terastallize|p2a: Ogerpon|Water\n|detailschange|p2a: Ogerpon|Ogerpon-Wellspring-Tera, L50, F, tera:Water\n|-ability|p2a: Ogerpon|Embody Aspect (Wellspring)|boost\n|-boost|p2a: Ogerpon|spd|1\n|move|p1a: Iron Hands|Drain Punch|p2b: Landorus\n|-resisted|p2b: Landorus\n|-damage|p2b: Landorus|82\/100\n|-heal|p1a: Iron Hands|73\/100|[from] drain|[of] p2b: Landorus\n|move|p2a: Ogerpon|Ivy Cudgel|p1b: Flutter Mane|[anim] Ivy Cudgel Water\n|-damage|p1b: Flutter Mane|0 fnt\n|faint|p1b: Flutter Mane\n|-end|p1b: Flutter Mane|Protosynthesis|[silent]\n|\n|upkeep\n|\n|t:|1700510102\n|switch|p1b: Heatran|Heatran, L50, F|47\/100\n|turn|9\n|\n|t:|1700510121\n|switch|p2b: Heatran|Heatran, L50, M|28\/100\n|move|p1b: Heatran|Heat Wave|p2a: Ogerpon|[spread] p2a\n|-start|p2b: Heatran|ability: Flash Fire\n|-resisted|p2a: Ogerpon\n|-damage|p2a: Ogerpon|84\/100\n|-status|p2a: Ogerpon|brn\n|-damage|p1b: Heatran|37\/100|[from] item: Life Orb\n|move|p1a: Iron Hands|Heavy Slam|p2b: Heatran\n|-resisted|p2b: Heatran\n|-damage|p2b: Heatran|27\/100\n|move|p2a: Ogerpon|Ivy Cudgel|p1b: Heatran|[anim] Ivy Cudgel Water\n|-supereffective|p1b: Heatran\n|-damage|p1b: Heatran|0 fnt\n|faint|p1b: Heatran\n|\n|-damage|p2a: Ogerpon|78\/100 brn|[from] brn\n|-sideend|p1: ace.bnz|move: Tailwind\n|upkeep\n|turn|10\n|c|\u2606ace.bnz|okay gg\n|\n|t:|1700510147\n|move|p2a: Ogerpon|Horn Leech|p1a: Iron Hands\n|-supereffective|p1a: Iron Hands\n|-damage|p1a: Iron Hands|50\/100\n|-heal|p2a: Ogerpon|93\/100 brn|[from] drain|[of] p1a: Iron Hands\n|move|p2b: Heatran|Heat Wave|p1a: Iron Hands\n|-resisted|p1a: Iron Hands\n|-damage|p1a: Iron Hands|27\/100\n|-damage|p2b: Heatran|18\/100|[from] item: Life Orb\n|move|p1a: Iron Hands|Wild Charge|p2a: Ogerpon\n|-supereffective|p2a: Ogerpon\n|-damage|p2a: Ogerpon|51\/100 brn\n|-damage|p1a: Iron Hands|19\/100|[from] Recoil\n|\n|-damage|p2a: Ogerpon|45\/100 brn|[from] brn\n|upkeep\n|turn|11\n|\n|t:|1700510165\n|move|p2a: Ogerpon|Horn Leech|p1a: Iron Hands\n|-supereffective|p1a: Iron Hands\n|-damage|p1a: Iron Hands|0 fnt\n|-heal|p2a: Ogerpon|57\/100 brn|[from] drain|[of] p1a: Iron Hands\n|faint|p1a: Iron Hands\n|-end|p1a: Iron Hands|Quark Drive|[silent]\n|\n|win|superseriousboi\n|raw|ace.bnz's rating: 1379 &rarr; <strong>1356<\/strong><br \/>(-23 for losing)\n|raw|superseriousboi's rating: 1329 &rarr; <strong>1352<\/strong><br \/>(+23 for winning)\n","uploadtime":1700510173,"views":3,"p1id":"acebnz","p2id":"superseriousboi","formatid":"gen9vgc2023regulatione","rating":1352,"private":0,"password":""}