{"id":"gen9vgc2023regulatione-1988528716","p1":"mtschmucker","p2":"Spearstorms","format":"[Gen 9] VGC 2023 Regulation E","log":"|j|\u2606mtschmucker\n|j|\u2606Spearstorms\n|n|\u2606mtschmucker|mtschmucker\n|n|\u2606Spearstorms|spearstorms\n|html|View the match progress at <a href=\"\/game-bestof3-gen9vgc2023regulatione-1988528715\">game-bestof3-gen9vgc2023regulatione-1988528715<\/a>\n|t:|1699732659\n|gametype|doubles\n|player|p1|mtschmucker|wallace|\n|player|p2|Spearstorms|2|\n|teamsize|p1|6\n|teamsize|p2|6\n|gen|9\n|tier|[Gen 9] VGC 2023 Regulation E\n|rule|Species Clause: Limit one of each Pok\u00e9mon\n|rule|Item Clause: Limit one of each item\n|clearpoke\n|poke|p1|Flutter Mane, L50|\n|poke|p1|Gothitelle, L50, M|\n|poke|p1|Ogerpon, L50, F|\n|poke|p1|Dondozo, L50, F|\n|poke|p1|Tatsugiri, L50, F|\n|poke|p1|Flamigo, L50, F|\n|poke|p2|Regieleki, L50|\n|poke|p2|Rillaboom, L50, M|\n|poke|p2|Urshifu-*, L50, M|\n|poke|p2|Ninetales-Alola, L50, F|\n|poke|p2|Articuno, L50|\n|poke|p2|Fezandipiti, L50, M|\n|teampreview|4\nSpearstorms has agreed to open team sheets.\nmtschmucker has agreed to open team sheets.\n|showteam|p1|Flutter Mane||BoosterEnergy|Protosynthesis|DazzlingGleam,ShadowBall,Protect,PerishSong||||||50|,,,,,Fairy]Gothitelle||SitrusBerry|ShadowTag|FakeOut,Psychic,TrickRoom,Protect|||M|||50|,,,,,Water]Ogerpon||RazorClaw|Defiant|SpikyShield,IvyCudgel,StompingTantrum,FollowMe|||F|||50|,,,,,Grass]Dondozo||Leftovers|Oblivious|WaveCrash,TeraBlast,Earthquake,Protect|||F|||50|,,,,,Flying]Tatsugiri||ChoiceScarf|Commander|DracoMeteor,MuddyWater,ChillingWater,IcyWind|||F|||50|,,,,,Steel]Flamigo||CovertCloak|Costar|Roost,Substitute,CloseCombat,BraveBird|||F|||50|,,,,,Steel\n|showteam|p2|Regieleki||ChoiceScarf|Transistor|Thunder,Thunderbolt,TeraBlast,VoltSwitch||||||50|,,,,,Ice]Rillaboom||MiracleSeed|GrassySurge|WoodHammer,FakeOut,GrassyGlide,HighHorsepower|||M|||50|,,,,,Dragon]Urshifu-Rapid-Strike||ChoiceBand|UnseenFist|SurgingStrikes,CloseCombat,AquaJet,TeraBlast|||M|||50|,,,,,Electric]Ninetales-Alola||FocusSash|SnowWarning|FreezeDry,AuroraVeil,HelpingHand,Moonblast|||F|||50|,,,,,Flying]Articuno||BrightPowder|SnowCloak|FreezeDry,Blizzard,Roost,Haze||||||50|,,,,,Dragon]Fezandipiti||AguavBerry|ToxicChain|Tailwind,SludgeBomb,IcyWind,Taunt|||M|||50|,,,,,Flying\n|\n|t:|1699732722\n|start\n|switch|p1a: Flutter Mane|Flutter Mane, L50|100\/100\n|switch|p1b: Tatsugiri|Tatsugiri, L50, F|100\/100\n|switch|p2a: Rillaboom|Rillaboom, L50, M|100\/100\n|switch|p2b: Ninetales|Ninetales-Alola, L50, F|100\/100\n|-weather|Snow|[from] ability: Snow Warning|[of] p2b: Ninetales\n|-fieldstart|move: Grassy Terrain|[from] ability: Grassy Surge|[of] p2a: Rillaboom\n|-enditem|p1a: Flutter Mane|Booster Energy\n|-activate|p1a: Flutter Mane|ability: Protosynthesis|[fromitem]\n|-start|p1a: Flutter Mane|protosynthesisspe\n|turn|1\n|\n|t:|1699732740\n|switch|p1b: Gothitelle|Gothitelle, L50, M|100\/100\n|move|p1a: Flutter Mane|Perish Song|p1a: Flutter Mane\n|-start|p1a: Flutter Mane|perish3|[silent]\n|-start|p1b: Gothitelle|perish3|[silent]\n|-start|p2a: Rillaboom|perish3|[silent]\n|-start|p2b: Ninetales|perish3|[silent]\n|-fieldactivate|move: Perish Song\n|move|p2b: Ninetales|Aurora Veil|p2b: Ninetales\n|-sidestart|p2: Spearstorms|move: Aurora Veil\n|move|p2a: Rillaboom|Wood Hammer|p1a: Flutter Mane\n|-damage|p1a: Flutter Mane|0 fnt\n|faint|p1a: Flutter Mane\n|-end|p1a: Flutter Mane|Protosynthesis|[silent]\n|-damage|p2a: Rillaboom|78\/100|[from] Recoil\n|\n|-weather|Snow|[upkeep]\n|-heal|p2a: Rillaboom|84\/100|[from] Grassy Terrain\n|-start|p2b: Ninetales|perish3\n|-start|p2a: Rillaboom|perish3\n|-start|p1b: Gothitelle|perish3\n|upkeep\n|\n|t:|1699732753\n|switch|p1a: Dondozo|Dondozo, L50, F|100\/100\n|turn|2\n|\n|t:|1699732773\n|move|p1b: Gothitelle|Fake Out|p2a: Rillaboom\n|-damage|p2a: Rillaboom|80\/100\n|move|p2b: Ninetales|Freeze-Dry|p1a: Dondozo\n|-supereffective|p1a: Dondozo\n|-damage|p1a: Dondozo|41\/100\n|cant|p2a: Rillaboom|flinch\n|move|p1a: Dondozo|Wave Crash|p2b: Ninetales\n|-damage|p2b: Ninetales|63\/100\n|-damage|p1a: Dondozo|33\/100|[from] Recoil\n|\n|-weather|Snow|[upkeep]\n|-heal|p2b: Ninetales|69\/100|[from] Grassy Terrain\n|-heal|p2a: Rillaboom|86\/100|[from] Grassy Terrain\n|-heal|p1a: Dondozo|39\/100|[from] Grassy Terrain\n|-heal|p1a: Dondozo|46\/100|[from] item: Leftovers\n|-start|p2b: Ninetales|perish2\n|-start|p2a: Rillaboom|perish2\n|-start|p1b: Gothitelle|perish2\n|upkeep\n|turn|3\n|j| Priest_of_Talos\n|\n|t:|1699732789\n|move|p1a: Dondozo|Protect|p1a: Dondozo\n|-singleturn|p1a: Dondozo|Protect\n|move|p1b: Gothitelle|Protect|p1b: Gothitelle\n|-singleturn|p1b: Gothitelle|Protect\n|move|p2b: Ninetales|Freeze-Dry|p1a: Dondozo\n|-activate|p1a: Dondozo|move: Protect\n|move|p2a: Rillaboom|Wood Hammer|p1a: Dondozo\n|-activate|p1a: Dondozo|move: Protect\n|\n|-weather|Snow|[upkeep]\n|-heal|p2b: Ninetales|75\/100|[from] Grassy Terrain\n|-heal|p2a: Rillaboom|92\/100|[from] Grassy Terrain\n|-heal|p1a: Dondozo|52\/100|[from] Grassy Terrain\n|-heal|p1a: Dondozo|58\/100|[from] item: Leftovers\n|-start|p2b: Ninetales|perish1\n|-start|p2a: Rillaboom|perish1\n|-start|p1b: Gothitelle|perish1\n|upkeep\n|turn|4\n|\n|t:|1699732820\n|switch|p1b: Tatsugiri|Tatsugiri, L50, F|100\/100\n|-activate|p1b: Tatsugiri|ability: Commander|[of] p1a: Dondozo\n|-boost|p1a: Dondozo|atk|2\n|-boost|p1a: Dondozo|spa|2\n|-boost|p1a: Dondozo|spe|2\n|-boost|p1a: Dondozo|def|2\n|-boost|p1a: Dondozo|spd|2\n|-terastallize|p1a: Dondozo|Flying\n|move|p1a: Dondozo|Protect||[still]\n|-fail|p1a: Dondozo\n|move|p2b: Ninetales|Freeze-Dry|p1a: Dondozo\n|-supereffective|p1a: Dondozo\n|-damage|p1a: Dondozo|26\/100\n|move|p2a: Rillaboom|Wood Hammer|p1a: Dondozo\n|-resisted|p1a: Dondozo\n|-damage|p1a: Dondozo|8\/100\n|-damage|p2a: Rillaboom|85\/100|[from] Recoil\n|\n|-weather|Snow|[upkeep]\n|-heal|p1a: Dondozo|14\/100|[from] item: Leftovers\n|-heal|p2b: Ninetales|81\/100|[from] Grassy Terrain\n|-heal|p2a: Rillaboom|91\/100|[from] Grassy Terrain\n|-start|p2b: Ninetales|perish0\n|-start|p2a: Rillaboom|perish0\n|faint|p2b: Ninetales\n|faint|p2a: Rillaboom\n|upkeep\n|\n|t:|1699732833\n|switch|p2b: Articuno|Articuno, L50|100\/100\n|switch|p2a: Regieleki|Regieleki, L50|100\/100\n|turn|5\n|\n|t:|1699732842\n|move|p1a: Dondozo|Protect|p1a: Dondozo\n|-singleturn|p1a: Dondozo|Protect\n|move|p2a: Regieleki|Thunderbolt|p1a: Dondozo\n|-activate|p1a: Dondozo|move: Protect\n|move|p2b: Articuno|Freeze-Dry|p1b: Tatsugiri|[miss]\n|-miss|p2b: Articuno|p1b: Tatsugiri\n|\n|-weather|none\n|-heal|p1a: Dondozo|20\/100|[from] item: Leftovers\n|-sideend|p2: Spearstorms|move: Aurora Veil\n|-fieldend|move: Grassy Terrain\n|upkeep\n|turn|6\n|\n|t:|1699732849\n|move|p2a: Regieleki|Thunderbolt|p1a: Dondozo\n|-supereffective|p1a: Dondozo\n|-damage|p1a: Dondozo|0 fnt\n|faint|p1a: Dondozo\n|move|p2b: Articuno|Freeze-Dry|p1b: Tatsugiri\n|-supereffective|p1b: Tatsugiri\n|-damage|p1b: Tatsugiri|0 fnt\n|faint|p1b: Tatsugiri\n|\n|upkeep\n|\n|t:|1699732853\n|switch|p1b: Gothitelle|Gothitelle, L50, M|100\/100\n|turn|7\n|\n|t:|1699732857\n|move|p2a: Regieleki|Thunderbolt|p1b: Gothitelle\n|-damage|p1b: Gothitelle|59\/100\n|move|p2b: Articuno|Freeze-Dry|p1b: Gothitelle\n|-damage|p1b: Gothitelle|38\/100\n|-enditem|p1b: Gothitelle|Sitrus Berry|[eat]\n|-heal|p1b: Gothitelle|63\/100|[from] item: Sitrus Berry\n|move|p1b: Gothitelle|Trick Room|p1b: Gothitelle\n|-fieldstart|move: Trick Room|[of] p1b: Gothitelle\n|\n|upkeep\n|turn|8\n|\n|t:|1699732866\n|move|p2b: Articuno|Freeze-Dry|p1b: Gothitelle\n|-damage|p1b: Gothitelle|41\/100\n|move|p2a: Regieleki|Thunderbolt|p1b: Gothitelle\n|-damage|p1b: Gothitelle|0 fnt\n|faint|p1b: Gothitelle\n|\n|win|Spearstorms\n|c|&|\/uhtml prompt-mtschmucker,mtschmucker is ready for game 2!\n|inactive|Spearstorms has 50 seconds to confirm battle start!\n|c|&|\/uhtml prompt-spearstorms,Spearstorms is ready for game 2!\nBoth players are ready! Starting next match!\n","uploadtime":1699732872,"views":26,"p1id":"mtschmucker","p2id":"spearstorms","formatid":"gen9vgc2023regulatione","rating":0,"private":0,"password":""}