{"id":"gen9vgc2023regulatione-1992973848","p1":"Drewchampp4","p2":"verylonelysole","format":"[Gen 9] VGC 2023 Regulation E","log":"|j|\u2606Drewchampp4\n|j|\u2606verylonelysole\n|t:|1700251734\n|gametype|doubles\n|player|p1|Drewchampp4|265|1213\n|player|p2|verylonelysole|bruno|1147\n|teamsize|p1|6\n|teamsize|p2|6\n|gen|9\n|tier|[Gen 9] VGC 2023 Regulation E\n|rated|\n|rule|Species Clause: Limit one of each Pok\u00e9mon\n|rule|Item Clause: Limit one of each item\n|clearpoke\n|poke|p1|Urshifu-*, L50, F|\n|poke|p1|Sinistcha, L50|\n|poke|p1|Arcanine-Hisui, L50, F|\n|poke|p1|Tornadus, L50, M|\n|poke|p1|Iron Hands, L50|\n|poke|p1|Chien-Pao, L50|\n|poke|p2|Iron Hands, L50|\n|poke|p2|Sinistcha-Masterpiece, L50|\n|poke|p2|Landorus-Therian, L50, M|\n|poke|p2|Chien-Pao, L50|\n|poke|p2|Iron Moth, L50|\n|poke|p2|Flutter Mane, L50|\n|teampreview|4\n|\n|t:|1700251799\n|start\n|switch|p1a: Tornadus|Tornadus, L50, M|100\/100\n|switch|p1b: Chien-Pao|Chien-Pao, L50|100\/100\n|switch|p2a: Flutter Mane|Flutter Mane, L50|100\/100\n|switch|p2b: Landorus|Landorus-Therian, L50, M, shiny|100\/100\n|-ability|p2b: Landorus|Intimidate|boost\n|-unboost|p1a: Tornadus|atk|1\n|-unboost|p1b: Chien-Pao|atk|1\n|-ability|p1b: Chien-Pao|Sword of Ruin\n|-enditem|p2a: Flutter Mane|Booster Energy\n|-activate|p2a: Flutter Mane|ability: Protosynthesis|[fromitem]\n|-start|p2a: Flutter Mane|protosynthesisspe\n|turn|1\n|\n|t:|1700251824\n|switch|p2b: Iron Hands|Iron Hands, L50|100\/100\n|move|p1a: Tornadus|Tailwind|p1a: Tornadus\n|-sidestart|p1: Drewchampp4|move: Tailwind\n|move|p1b: Chien-Pao|Ice Spinner|p2b: Iron Hands\n|-damage|p2b: Iron Hands|73\/100\n|move|p2a: Flutter Mane|Icy Wind|p1b: Chien-Pao|[spread] p1a,p1b\n|-supereffective|p1a: Tornadus\n|-resisted|p1b: Chien-Pao\n|-damage|p1a: Tornadus|68\/100\n|-damage|p1b: Chien-Pao|89\/100\n|-unboost|p1b: Chien-Pao|spe|1\n|\n|upkeep\n|turn|2\n|\n|t:|1700251868\n|move|p1b: Chien-Pao|Protect|p1b: Chien-Pao\n|-singleturn|p1b: Chien-Pao|Protect\n|move|p1a: Tornadus|Rain Dance|p1a: Tornadus\n|-weather|RainDance\n|move|p2a: Flutter Mane|Moonblast|p1a: Tornadus\n|-damage|p1a: Tornadus|6\/100\n|move|p2b: Iron Hands|Drain Punch|p1b: Chien-Pao\n|-activate|p1b: Chien-Pao|move: Protect\n|\n|-weather|RainDance|[upkeep]\n|upkeep\n|turn|3\n|\n|t:|1700251893\n|move|p2a: Flutter Mane|Protect|p2a: Flutter Mane\n|-singleturn|p2a: Flutter Mane|Protect\n|move|p1b: Chien-Pao|Sucker Punch||[still]\n|-fail|p1b: Chien-Pao\n|move|p1a: Tornadus|Bleakwind Storm|p2a: Flutter Mane|[spread] p2b\n|-activate|p2a: Flutter Mane|move: Protect\n|-damage|p2b: Iron Hands|51\/100\n|move|p2b: Iron Hands|Drain Punch|p1b: Chien-Pao\n|-supereffective|p1b: Chien-Pao\n|-damage|p1b: Chien-Pao|0 fnt\n|-heal|p2b: Iron Hands|80\/100|[from] drain|[of] p1b: Chien-Pao\n|faint|p1b: Chien-Pao\n|\n|-weather|RainDance|[upkeep]\n|upkeep\n|\n|t:|1700251909\n|switch|p1b: Urshifu|Urshifu-Rapid-Strike, L50, F|100\/100\n|turn|4\n|\n|t:|1700251933\n|switch|p1a: Arcanine|Arcanine-Hisui, L50, F|100\/100\n|-ability|p1a: Arcanine|Intimidate|boost\n|-unboost|p2a: Flutter Mane|atk|1\n|-unboost|p2b: Iron Hands|atk|1\n|-terastallize|p1b: Urshifu|Water\n|move|p2a: Flutter Mane|Moonblast|p1b: Urshifu\n|-damage|p1b: Urshifu|38\/100\n|-unboost|p1b: Urshifu|spa|1\n|move|p1b: Urshifu|Surging Strikes|p2b: Iron Hands\n|-crit|p2b: Iron Hands\n|-damage|p2b: Iron Hands|45\/100\n|-enditem|p2b: Iron Hands|Sitrus Berry|[eat]\n|-heal|p2b: Iron Hands|70\/100|[from] item: Sitrus Berry\n|-crit|p2b: Iron Hands\n|-damage|p2b: Iron Hands|36\/100\n|-crit|p2b: Iron Hands\n|-damage|p2b: Iron Hands|0 fnt\n|faint|p2b: Iron Hands\n|-end|p2b: Iron Hands|Quark Drive|[silent]\n|-hitcount|p2: Iron Hands|3\n|\n|-weather|RainDance|[upkeep]\n|-sideend|p1: Drewchampp4|move: Tailwind\n|upkeep\n|\n|t:|1700251955\n|switch|p2b: Landorus|Landorus-Therian, L50, M, shiny|100\/100\n|-ability|p2b: Landorus|Intimidate|boost\n|-unboost|p1a: Arcanine|atk|1\n|-unboost|p1b: Urshifu|atk|1\n|turn|5\n|\n|t:|1700251994\n|-terastallize|p2b: Landorus|Ghost\n|move|p1b: Urshifu|Aqua Jet|p2a: Flutter Mane\n|-damage|p2a: Flutter Mane|36\/100\n|move|p2a: Flutter Mane|Moonblast|p1b: Urshifu\n|-damage|p1b: Urshifu|0 fnt\n|faint|p1b: Urshifu\n|move|p2b: Landorus|Rock Slide|p1a: Arcanine\n|-supereffective|p1a: Arcanine\n|-damage|p1a: Arcanine|37\/100\n|cant|p1a: Arcanine|flinch\n|\n|-weather|RainDance|[upkeep]\n|upkeep\n|-message|Drewchampp4 forfeited.\n|\n|win|verylonelysole\n|raw|Drewchampp4's rating: 1213 &rarr; <strong>1183<\/strong><br \/>(-30 for losing)\n|raw|verylonelysole's rating: 1147 &rarr; <strong>1177<\/strong><br \/>(+30 for winning)\n|l|\u2606Drewchampp4\n","uploadtime":1700252014,"views":10,"p1id":"drewchampp4","p2id":"verylonelysole","formatid":"gen9vgc2023regulatione","rating":1177,"private":0,"password":""}