{"id":"gen9vgc2023regulatione-1998604343","p1":"zzerosss","p2":"Ozwald McFly","format":"[Gen 9] VGC 2023 Regulation E","log":"|j|\u2606zzerosss\n|j|\u2606Ozwald McFly\n|t:|1700961902\n|gametype|doubles\n|player|p1|zzerosss|265|1402\n|player|p2|Ozwald McFly|birdkeeper-gen4dp|1410\n|teamsize|p1|6\n|teamsize|p2|6\n|gen|9\n|tier|[Gen 9] VGC 2023 Regulation E\n|rated|\n|rule|Species Clause: Limit one of each Pok\u00e9mon\n|rule|Item Clause: Limit one of each item\n|clearpoke\n|poke|p1|Cresselia, L50, F|\n|poke|p1|Wo-Chien, L50|\n|poke|p1|Salamence, L50, M|\n|poke|p1|Heatran, L50, F|\n|poke|p1|Grimmsnarl, L50, M|\n|poke|p1|Toxapex, L50, F|\n|poke|p2|Noctowl, L50, F|\n|poke|p2|Sandy Shocks, L50|\n|poke|p2|Espeon, L50, F|\n|poke|p2|Indeedee-F, L50, F|\n|poke|p2|Iron Hands, L50|\n|poke|p2|Decidueye-Hisui, L50, M|\n|teampreview|4\n|\n|t:|1700961937\n|start\n|switch|p1a: Grimmsnarl|Grimmsnarl, L50, M|100\/100\n|switch|p1b: Wo-Chien|Wo-Chien, L50|100\/100\n|switch|p2a: Espeon|Espeon, L50, F|100\/100\n|switch|p2b: Indeedee|Indeedee-F, L50, F|100\/100\n|-fieldstart|move: Psychic Terrain|[from] ability: Psychic Surge|[of] p2b: Indeedee\n|-ability|p1b: Wo-Chien|Tablets of Ruin\n|turn|1\n|\n|t:|1700961959\n|-terastallize|p2a: Espeon|Fairy\n|move|p2b: Indeedee|Helping Hand|p2a: Espeon\n|-singleturn|p2a: Espeon|Helping Hand|[of] p2b: Indeedee\n|move|p1a: Grimmsnarl|Light Screen|p1a: Grimmsnarl\n|-sidestart|p1: zzerosss|move: Light Screen\n|move|p2a: Espeon|Dazzling Gleam|p1b: Wo-Chien|[spread] p1a,p1b\n|-supereffective|p1a: Grimmsnarl\n|-supereffective|p1b: Wo-Chien\n|-damage|p1a: Grimmsnarl|43\/100\n|-damage|p1b: Wo-Chien|78\/100\n|move|p1b: Wo-Chien|Snarl|p2b: Indeedee|[spread] p2a,p2b\n|-resisted|p2a: Espeon\n|-supereffective|p2b: Indeedee\n|-damage|p2a: Espeon|90\/100\n|-damage|p2b: Indeedee|77\/100\n|-unboost|p2a: Espeon|spa|1\n|-unboost|p2b: Indeedee|spa|1\n|\n|upkeep\n|turn|2\n|\n|t:|1700961986\n|switch|p1a: Heatran|Heatran, L50, F|100\/100\n|move|p2b: Indeedee|Helping Hand|p2a: Espeon\n|-singleturn|p2a: Espeon|Helping Hand|[of] p2b: Indeedee\n|move|p2a: Espeon|Dazzling Gleam|p1a: Heatran|[spread] p1a,p1b\n|-resisted|p1a: Heatran\n|-supereffective|p1b: Wo-Chien\n|-damage|p1a: Heatran|96\/100\n|-damage|p1b: Wo-Chien|61\/100\n|move|p1b: Wo-Chien|Snarl|p2a: Espeon|[spread] p2a,p2b\n|-resisted|p2a: Espeon\n|-supereffective|p2b: Indeedee\n|-damage|p2a: Espeon|82\/100\n|-damage|p2b: Indeedee|52\/100\n|-unboost|p2a: Espeon|spa|1\n|-unboost|p2b: Indeedee|spa|1\n|\n|-heal|p1a: Heatran|100\/100|[from] item: Leftovers\n|upkeep\n|turn|3\n|\n|t:|1700962007\n|switch|p2a: Decidueye|Decidueye-Hisui, L50, M, shiny|100\/100\n|move|p1a: Heatran|Flash Cannon|p2a: Decidueye\n|-damage|p2a: Decidueye|60\/100\n|move|p1b: Wo-Chien|Giga Drain|p2a: Decidueye\n|-resisted|p2a: Decidueye\n|-damage|p2a: Decidueye|49\/100\n|-heal|p1b: Wo-Chien|67\/100|[from] drain|[of] p2a: Decidueye\n|move|p2b: Indeedee|Trick Room|p2b: Indeedee\n|-fieldstart|move: Trick Room|[of] p2b: Indeedee\n|\n|upkeep\n|turn|4\n|\n|t:|1700962038\n|-terastallize|p1b: Wo-Chien|Poison\n|move|p2b: Indeedee|Helping Hand|p2a: Decidueye\n|-singleturn|p2a: Decidueye|Helping Hand|[of] p2b: Indeedee\n|move|p2a: Decidueye|Triple Arrows|p1a: Heatran\n|-supereffective|p1a: Heatran\n|-crit|p1a: Heatran\n|-damage|p1a: Heatran|0 fnt\n|faint|p1a: Heatran\n|move|p1b: Wo-Chien|Foul Play|p2a: Decidueye\n|-resisted|p2a: Decidueye\n|-damage|p2a: Decidueye|24\/100\n|\n|upkeep\n|\n|t:|1700962051\n|switch|p1a: Cresselia|Cresselia, L50, F|100\/100\n|turn|5\n|\n|t:|1700962066\n|move|p2a: Decidueye|Knock Off|p1a: Cresselia\n|-supereffective|p1a: Cresselia\n|-damage|p1a: Cresselia|71\/100\n|-enditem|p1a: Cresselia|Safety Goggles|[from] move: Knock Off|[of] p2a: Decidueye\n|move|p1b: Wo-Chien|Giga Drain|p2b: Indeedee\n|-damage|p2b: Indeedee|30\/100\n|-heal|p1b: Wo-Chien|77\/100|[from] drain|[of] p2b: Indeedee\n|-enditem|p2b: Indeedee|Sitrus Berry|[eat]\n|-heal|p2b: Indeedee|55\/100|[from] item: Sitrus Berry\n|move|p2b: Indeedee|Psyshock|p1b: Wo-Chien\n|-supereffective|p1b: Wo-Chien\n|-damage|p1b: Wo-Chien|58\/100\n|move|p1a: Cresselia|Moonblast|p2a: Decidueye\n|-supereffective|p2a: Decidueye\n|-crit|p2a: Decidueye\n|-damage|p2a: Decidueye|0 fnt\n|faint|p2a: Decidueye\n|\n|-sideend|p1: zzerosss|move: Light Screen\n|-fieldend|move: Psychic Terrain\n|upkeep\n|\n|t:|1700962085\n|switch|p2a: Iron Hands|Iron Hands, L50|100\/100\n|turn|6\n|\n|t:|1700962109\n|move|p2b: Indeedee|Helping Hand|p2a: Iron Hands\n|-singleturn|p2a: Iron Hands|Helping Hand|[of] p2b: Indeedee\n|move|p1a: Cresselia|Ally Switch|p1a: Cresselia\n|swap|p1a: Cresselia|1|[from] move: Ally Switch\n|move|p2a: Iron Hands|Wild Charge|p1a: Wo-Chien\n|-damage|p1a: Wo-Chien|3\/100\n|-damage|p2a: Iron Hands|89\/100|[from] Recoil\n|move|p1a: Wo-Chien|Foul Play|p2a: Iron Hands\n|-resisted|p2a: Iron Hands\n|-crit|p2a: Iron Hands\n|-damage|p2a: Iron Hands|55\/100\n|\n|upkeep\n|turn|7\n|\n|t:|1700962142\n|move|p2b: Indeedee|Follow Me|p2b: Indeedee\n|-singleturn|p2b: Indeedee|move: Follow Me\n|move|p2a: Iron Hands|Wild Charge|p1b: Cresselia\n|-damage|p1b: Cresselia|49\/100\n|-damage|p2a: Iron Hands|49\/100|[from] Recoil\n|move|p1a: Wo-Chien|Giga Drain|p2b: Indeedee\n|-damage|p2b: Indeedee|34\/100\n|-heal|p1a: Wo-Chien|12\/100|[from] drain|[of] p2b: Indeedee\n|move|p1b: Cresselia|Moonblast|p2b: Indeedee\n|-damage|p2b: Indeedee|19\/100\n|\n|-fieldend|move: Trick Room\n|upkeep\n|turn|8\n|\n|t:|1700962166\n|move|p1b: Cresselia|Lunar Blessing|p1b: Cresselia|[spread] p1a,p1b\n|-heal|p1a: Wo-Chien|37\/100\n|-heal|p1b: Cresselia|74\/100\n|move|p1a: Wo-Chien|Giga Drain|p2a: Iron Hands\n|-damage|p2a: Iron Hands|36\/100\n|-heal|p1a: Wo-Chien|46\/100|[from] drain|[of] p2a: Iron Hands\n|move|p2b: Indeedee|Psyshock|p1a: Wo-Chien\n|-supereffective|p1a: Wo-Chien\n|-damage|p1a: Wo-Chien|24\/100\n|move|p2a: Iron Hands|Heavy Slam|p1b: Cresselia\n|-damage|p1b: Cresselia|57\/100\n|\n|upkeep\n|turn|9\n|\n|t:|1700962186\n|move|p2b: Indeedee|Helping Hand|p2a: Iron Hands\n|-singleturn|p2a: Iron Hands|Helping Hand|[of] p2b: Indeedee\n|move|p1b: Cresselia|Lunar Blessing|p1b: Cresselia|[spread] p1a,p1b\n|-heal|p1a: Wo-Chien|49\/100\n|-heal|p1b: Cresselia|82\/100\n|move|p1a: Wo-Chien|Giga Drain|p2b: Indeedee\n|-damage|p2b: Indeedee|0 fnt\n|-heal|p1a: Wo-Chien|57\/100|[from] drain|[of] p2b: Indeedee\n|faint|p2b: Indeedee\n|move|p2a: Iron Hands|Wild Charge|p1a: Wo-Chien\n|-damage|p1a: Wo-Chien|7\/100\n|-damage|p2a: Iron Hands|25\/100|[from] Recoil\n|\n|upkeep\n|\n|t:|1700962199\n|switch|p2b: Espeon|Espeon, L50, F, tera:Fairy|82\/100\n|turn|10\n|\n|t:|1700962212\n|move|p1b: Cresselia|Ally Switch|p1b: Cresselia\n|swap|p1b: Cresselia|0|[from] move: Ally Switch\n|move|p2b: Espeon|Psychic|p1a: Cresselia\n|-resisted|p1a: Cresselia\n|-damage|p1a: Cresselia|67\/100\n|move|p1b: Wo-Chien|Snarl|p2a: Iron Hands|[spread] p2a,p2b\n|-resisted|p2a: Iron Hands\n|-resisted|p2b: Espeon\n|-damage|p2a: Iron Hands|21\/100\n|-damage|p2b: Espeon|73\/100\n|-unboost|p2a: Iron Hands|spa|1\n|-unboost|p2b: Espeon|spa|1\n|move|p2a: Iron Hands|Wild Charge|p1b: Wo-Chien\n|-damage|p1b: Wo-Chien|0 fnt\n|faint|p1b: Wo-Chien\n|-damage|p2a: Iron Hands|20\/100|[from] Recoil\n|\n|upkeep\n|\n|t:|1700962228\n|switch|p1b: Grimmsnarl|Grimmsnarl, L50, M|43\/100\n|turn|11\n|\n|t:|1700962238\n|move|p2b: Espeon|Detect|p2b: Espeon\n|-singleturn|p2b: Espeon|Protect\n|move|p1b: Grimmsnarl|Light Screen|p1b: Grimmsnarl\n|-sidestart|p1: zzerosss|move: Light Screen\n|move|p1a: Cresselia|Lunar Blessing|p1a: Cresselia|[spread] p1a,p1b\n|-heal|p1a: Cresselia|92\/100\n|-heal|p1b: Grimmsnarl|68\/100\n|move|p2a: Iron Hands|Heavy Slam|p1b: Grimmsnarl\n|-supereffective|p1b: Grimmsnarl\n|-damage|p1b: Grimmsnarl|0 fnt\n|faint|p1b: Grimmsnarl\n|\n|upkeep\n|turn|12\n|\n|t:|1700962253\n|move|p2b: Espeon|Shadow Ball|p1a: Cresselia\n|-supereffective|p1a: Cresselia\n|-damage|p1a: Cresselia|75\/100\n|move|p1a: Cresselia|Moonblast|p2a: Iron Hands\n|-supereffective|p2a: Iron Hands\n|-damage|p2a: Iron Hands|3\/100\n|move|p2a: Iron Hands|Wild Charge|p1a: Cresselia\n|-damage|p1a: Cresselia|40\/100\n|-damage|p2a: Iron Hands|0 fnt|[from] Recoil\n|faint|p2a: Iron Hands\n|-end|p2a: Iron Hands|Quark Drive|[silent]\n|\n|upkeep\n|turn|13\n|\n|t:|1700962267\n|move|p2b: Espeon|Shadow Ball|p1a: Cresselia\n|-supereffective|p1a: Cresselia\n|-damage|p1a: Cresselia|23\/100\n|move|p1a: Cresselia|Lunar Blessing|p1a: Cresselia\n|-heal|p1a: Cresselia|49\/100\n|\n|upkeep\n|turn|14\n|\n|t:|1700962276\n|move|p2b: Espeon|Shadow Ball|p1a: Cresselia\n|-supereffective|p1a: Cresselia\n|-damage|p1a: Cresselia|33\/100\n|move|p1a: Cresselia|Lunar Blessing|p1a: Cresselia\n|-heal|p1a: Cresselia|58\/100\n|\n|upkeep\n|turn|15\n|\n|t:|1700962285\n|move|p2b: Espeon|Shadow Ball|p1a: Cresselia\n|-supereffective|p1a: Cresselia\n|-damage|p1a: Cresselia|42\/100\n|move|p1a: Cresselia|Moonblast|p2b: Espeon\n|-damage|p2b: Espeon|50\/100\n|\n|-sideend|p1: zzerosss|move: Light Screen\n|upkeep\n|turn|16\n|\n|t:|1700962295\n|move|p2b: Espeon|Shadow Ball|p1a: Cresselia\n|-supereffective|p1a: Cresselia\n|-damage|p1a: Cresselia|17\/100\n|move|p1a: Cresselia|Moonblast|p2b: Espeon\n|-damage|p2b: Espeon|28\/100\n|\n|upkeep\n|turn|17\n|\n|t:|1700962304\n|move|p2b: Espeon|Shadow Ball|p1a: Cresselia\n|-supereffective|p1a: Cresselia\n|-damage|p1a: Cresselia|0 fnt\n|faint|p1a: Cresselia\n|\n|win|Ozwald McFly\n|raw|zzerosss's rating: 1402 &rarr; <strong>1382<\/strong><br \/>(-20 for losing)\n|raw|Ozwald McFly's rating: 1410 &rarr; <strong>1430<\/strong><br \/>(+20 for winning)\n|l|\u2606zzerosss\n","uploadtime":1700962313,"views":2,"p1id":"zzerosss","p2id":"ozwaldmcfly","formatid":"gen9vgc2023regulatione","rating":1382,"private":0,"password":""}