{"id":"gen9vgc2023regulatione-1990571028","p1":"RedWR10","p2":"Kzjrzhzk","format":"[Gen 9] VGC 2023 Regulation E","log":"|j|\u2606RedWR10\n|j|\u2606Kzjrzhzk\n|t:|1699982350\n|gametype|doubles\n|player|p1|RedWR10|2|1077\n|player|p2|Kzjrzhzk|lance|1176\n|teamsize|p1|6\n|teamsize|p2|6\n|gen|9\n|tier|[Gen 9] VGC 2023 Regulation E\n|rated|\n|rule|Species Clause: Limit one of each Pok\u00e9mon\n|rule|Item Clause: Limit one of each item\n|clearpoke\n|poke|p1|Weezing, L50, M|\n|poke|p1|Roaring Moon, L50|\n|poke|p1|Flutter Mane, L50|\n|poke|p1|Iron Hands, L50|\n|poke|p1|Landorus-Therian, L50, M|\n|poke|p1|Ogerpon-Wellspring, L50, F|\n|poke|p2|Flutter Mane, L50|\n|poke|p2|Tornadus, L50, M|\n|poke|p2|Rillaboom, L50, M|\n|poke|p2|Garganacl, L50, M|\n|poke|p2|Arcanine-Hisui, L50, F|\n|poke|p2|Chien-Pao, L50|\n|teampreview|4\n|inactive|Battle timer is ON: inactive players will automatically lose when time's up. (requested by Kzjrzhzk)\n|inactive|RedWR10 has 60 seconds left.\n|\n|t:|1699982447\n|start\n|switch|p1a: Weezing|Weezing, L50, M|100\/100\n|switch|p1b: Landorus|Landorus-Therian, L50, M|100\/100\n|switch|p2a: Tornadus|Tornadus, L50, M|100\/100\n|switch|p2b: Garganacl|Garganacl, L50, M|100\/100\n|-ability|p1a: Weezing|Neutralizing Gas\n|-block|p1b: Landorus|item: Ability Shield\n|-ability|p1b: Landorus|Intimidate|boost\n|-unboost|p2a: Tornadus|atk|1\n|-unboost|p2b: Garganacl|atk|1\n|turn|1\n|inactive|RedWR10 has 30 seconds left.\n|\n|t:|1699982476\n|-terastallize|p2b: Garganacl|Ghost\n|move|p1b: Landorus|U-turn|p2a: Tornadus\n|-resisted|p2a: Tornadus\n|-damage|p2a: Tornadus|84\/100\n|-damage|p1b: Landorus|84\/100|[from] item: Rocky Helmet|[of] p2a: Tornadus\n|\n|t:|1699982496\n|switch|p1b: Flutter Mane|Flutter Mane, L50|100\/100|[from] U-turn\n|move|p2a: Tornadus|Taunt|p1a: Weezing\n|-start|p1a: Weezing|move: Taunt\n|cant|p1a: Weezing|move: Taunt|Taunt\n|move|p2b: Garganacl|Iron Defense|p2b: Garganacl\n|-boost|p2b: Garganacl|def|2\n|\n|upkeep\n|turn|2\n|inactive|RedWR10 has 30 seconds left.\n|inactive|Kzjrzhzk has 30 seconds left.\n|\n|t:|1699982523\n|move|p2b: Garganacl|Protect|p2b: Garganacl\n|-singleturn|p2b: Garganacl|Protect\n|move|p1b: Flutter Mane|Dazzling Gleam|p2b: Garganacl|[spread] p2a\n|-activate|p2b: Garganacl|move: Protect\n|-damage|p2a: Tornadus|49\/100\n|move|p2a: Tornadus|Tailwind|p2a: Tornadus\n|-sidestart|p2: Kzjrzhzk|move: Tailwind\n|move|p1a: Weezing|Sludge Bomb|p2a: Tornadus\n|-damage|p2a: Tornadus|28\/100\n|-status|p2a: Tornadus|psn\n|\n|-damage|p2a: Tornadus|16\/100 psn|[from] psn\n|upkeep\n|turn|3\n|inactive|RedWR10 has 30 seconds left.\n|inactive|RedWR10 has 20 seconds left.\n|\n|t:|1699982561\n|-end|p1b: Flutter Mane|Protosynthesis|[silent]\n|switch|p1b: Ogerpon|Ogerpon-Wellspring, L50, F|100\/100\n|-end|p1a: Weezing|ability: Neutralizing Gas\n|switch|p1a: Landorus|Landorus-Therian, L50, M|84\/100\n|-ability|p1a: Landorus|Intimidate|boost\n|-unboost|p2a: Tornadus|atk|1\n|-unboost|p2b: Garganacl|atk|1\n|move|p2a: Tornadus|Bleakwind Storm|p1a: Landorus|[spread] p1a,p1b\n|-supereffective|p1b: Ogerpon\n|-damage|p1a: Landorus|48\/100\n|-damage|p1b: Ogerpon|43\/100\n|move|p2b: Garganacl|Salt Cure|p1a: Landorus\n|-damage|p1a: Landorus|40\/100\n|-start|p1a: Landorus|Salt Cure\n|\n|-damage|p2a: Tornadus|4\/100 psn|[from] psn\n|-damage|p1a: Landorus|28\/100|[from] Salt Cure\n|upkeep\n|turn|4\n|inactive|RedWR10 has 30 seconds left.\n|inactive|RedWR10 has 20 seconds left.\n|inactive|RedWR10 has 15 seconds left.\n|\n|t:|1699982605\n|-terastallize|p1b: Ogerpon|Water\n|detailschange|p1b: Ogerpon|Ogerpon-Wellspring-Tera, L50, F, tera:Water\n|-ability|p1b: Ogerpon|Embody Aspect (Wellspring)|boost\n|-boost|p1b: Ogerpon|spd|1\n|move|p2a: Tornadus|Bleakwind Storm|p1b: Ogerpon|[spread] p1a,p1b\n|-damage|p1a: Landorus|0 fnt\n|-damage|p1b: Ogerpon|22\/100\n|faint|p1a: Landorus\n|move|p1b: Ogerpon|Swords Dance|p1b: Ogerpon\n|-boost|p1b: Ogerpon|atk|2\n|move|p2b: Garganacl|Salt Cure|p1b: Ogerpon\n|-damage|p1b: Ogerpon|14\/100\n|-start|p1b: Ogerpon|Salt Cure\n|\n|-damage|p2a: Tornadus|0 fnt|[from] psn\n|faint|p2a: Tornadus\n|-damage|p1b: Ogerpon|0 fnt|[from] Salt Cure\n|faint|p1b: Ogerpon\n|upkeep\n|\n|t:|1699982622\n|switch|p1a: Weezing|Weezing, L50, M|100\/100\n|switch|p1b: Flutter Mane|Flutter Mane, L50|100\/100\n|switch|p2a: Flutter Mane|Flutter Mane, L50|100\/100\n|-ability|p1a: Weezing|Neutralizing Gas\n|-enditem|p2a: Flutter Mane|Booster Energy\n|-activate|p2a: Flutter Mane|ability: Protosynthesis|[fromitem]\n|-start|p2a: Flutter Mane|protosynthesisspe\n|turn|5\n|\n|t:|1699982639\n|move|p2a: Flutter Mane|Protect|p2a: Flutter Mane\n|-singleturn|p2a: Flutter Mane|Protect\n|move|p1b: Flutter Mane|Dazzling Gleam|p2b: Garganacl|[spread] p2b\n|-activate|p2a: Flutter Mane|move: Protect\n|-damage|p2b: Garganacl|74\/100\n|move|p2b: Garganacl|Salt Cure|p1b: Flutter Mane\n|-damage|p1b: Flutter Mane|90\/100\n|-start|p1b: Flutter Mane|Salt Cure\n|move|p1a: Weezing|Sludge Bomb|p2a: Flutter Mane\n|-activate|p2a: Flutter Mane|move: Protect\n|\n|-damage|p1b: Flutter Mane|78\/100|[from] Salt Cure\n|-sideend|p2: Kzjrzhzk|move: Tailwind\n|upkeep\n|turn|6\n|\n|t:|1699982656\n|move|p2a: Flutter Mane|Shadow Ball|p1b: Flutter Mane\n|-supereffective|p1b: Flutter Mane\n|-damage|p1b: Flutter Mane|0 fnt\n|faint|p1b: Flutter Mane\n|-end|p1b: Flutter Mane|Protosynthesis|[silent]\n|move|p1a: Weezing|Sludge Bomb|p2a: Flutter Mane\n|-damage|p2a: Flutter Mane|73\/100\n|move|p2b: Garganacl|Salt Cure|p1a: Weezing\n|-damage|p1a: Weezing|94\/100\n|-start|p1a: Weezing|Salt Cure\n|\n|-heal|p1a: Weezing|99\/100|[from] item: Leftovers\n|-damage|p1a: Weezing|87\/100|[from] Salt Cure\n|upkeep\n|turn|7\n|-message|RedWR10 forfeited.\n|\n|win|Kzjrzhzk\n|raw|RedWR10's rating: 1077 &rarr; <strong>1061<\/strong><br \/>(-16 for losing)\n|raw|Kzjrzhzk's rating: 1176 &rarr; <strong>1194<\/strong><br \/>(+18 for winning)\n|l|\u2606RedWR10\n","uploadtime":1699982670,"views":11,"p1id":"redwr10","p2id":"kzjrzhzk","formatid":"gen9vgc2023regulatione","rating":1061,"private":0,"password":""}