{"id":"gen9vgc2023regulatione-1994318118","p1":"Kilowattrel Fan","p2":"Osprey11","format":"[Gen 9] VGC 2023 Regulation E","log":"|j|\u2606Kilowattrel Fan\n|j|\u2606Osprey11\n|n|\u2606Kilowattrel Fan|kilowattrelfan\n|n|\u2606Osprey11|osprey11\n|html|View the match progress at <a href=\"\/game-bestof3-gen9vgc2023regulatione-1994313489\">game-bestof3-gen9vgc2023regulatione-1994313489<\/a>\n|t:|1700430518\n|gametype|doubles\n|player|p1|Kilowattrel Fan|riley|\n|player|p2|Osprey11|101|\n|teamsize|p1|6\n|teamsize|p2|6\n|gen|9\n|tier|[Gen 9] VGC 2023 Regulation E\n|rule|Species Clause: Limit one of each Pok\u00e9mon\n|rule|Item Clause: Limit one of each item\n|clearpoke\n|poke|p1|Torkoal, L50, M|\n|poke|p1|Lilligant-Hisui, L50, F|\n|poke|p1|Flutter Mane, L50|\n|poke|p1|Landorus-Therian, L50, M|\n|poke|p1|Kingambit, L50, M|\n|poke|p1|Iron Hands, L50|\n|poke|p2|Moltres-Galar, L50|\n|poke|p2|Sinistcha, L50|\n|poke|p2|Iron Hands, L50|\n|poke|p2|Ogerpon-Wellspring, L50, F|\n|poke|p2|Arcanine-Hisui, L50, F|\n|poke|p2|Tornadus, L50, M|\n|teampreview|4\n|\n|t:|1700430568\n|start\n|switch|p1a: Sun Supplier|Torkoal, L50, M|100\/100\n|switch|p1b: Broken Mon|Flutter Mane, L50|100\/100\n|switch|p2a: Moltres|Moltres-Galar, L50|100\/100\n|switch|p2b: Iron Hands|Iron Hands, L50|100\/100\n|-weather|SunnyDay|[from] ability: Drought|[of] p1a: Sun Supplier\n|-activate|p1b: Broken Mon|ability: Protosynthesis\n|-start|p1b: Broken Mon|protosynthesisspa\n|turn|1\n|j| Van. Volcanucks\n|\n|t:|1700430625\n|switch|p1a: Brian|Iron Hands, L50|100\/100\n|move|p2b: Iron Hands|Fake Out|p1a: Brian\n|-damage|p1a: Brian|90\/100\n|move|p1b: Broken Mon|Power Gem|p2a: Moltres\n|-supereffective|p2a: Moltres\n|-damage|p2a: Moltres|10\/100\n|-ability|p2a: Moltres|Berserk|boost\n|-boost|p2a: Moltres|spa|1\n|move|p2a: Moltres|Nasty Plot|p2a: Moltres\n|-boost|p2a: Moltres|spa|2\n|\n|-weather|SunnyDay|[upkeep]\n|-heal|p2a: Moltres|16\/100|[from] item: Leftovers\n|upkeep\n|turn|2\n|\n|t:|1700430653\n|move|p2a: Moltres|Protect|p2a: Moltres\n|-singleturn|p2a: Moltres|Protect\n|move|p1a: Brian|Fake Out|p2a: Moltres\n|-activate|p2a: Moltres|move: Protect\n|move|p1b: Broken Mon|Power Gem|p2b: Iron Hands\n|-resisted|p2b: Iron Hands\n|-damage|p2b: Iron Hands|86\/100\n|move|p2b: Iron Hands|Heavy Slam|p1b: Broken Mon\n|-supereffective|p1b: Broken Mon\n|-damage|p1b: Broken Mon|0 fnt\n|faint|p1b: Broken Mon\n|-end|p1b: Broken Mon|Protosynthesis|[silent]\n|\n|-weather|SunnyDay|[upkeep]\n|-heal|p2a: Moltres|22\/100|[from] item: Leftovers\n|upkeep\n|\n|t:|1700430663\n|switch|p1b: Supreme Overlord|Kingambit, L50, M|100\/100\n|turn|3\n|\n|t:|1700430715\n|-terastallize|p1b: Supreme Overlord|Fairy\n|move|p2a: Moltres|Protect||[still]\n|-fail|p2a: Moltres\n|move|p1b: Supreme Overlord|Sucker Punch||[still]\n|-fail|p1b: Supreme Overlord\n|move|p2b: Iron Hands|Drain Punch|p1b: Supreme Overlord\n|-resisted|p1b: Supreme Overlord\n|-damage|p1b: Supreme Overlord|86\/100\n|-heal|p2b: Iron Hands|93\/100|[from] drain|[of] p1b: Supreme Overlord\n|move|p1a: Brian|Drain Punch|p2b: Iron Hands\n|-damage|p2b: Iron Hands|65\/100\n|-heal|p1a: Brian|100\/100|[from] drain|[of] p2b: Iron Hands\n|\n|-weather|SunnyDay|[upkeep]\n|-heal|p2a: Moltres|28\/100|[from] item: Leftovers\n|upkeep\n|turn|4\n|\n|t:|1700430747\n|-end|p2b: Iron Hands|Quark Drive|[silent]\n|switch|p2b: Sinistcha|Sinistcha, L50|100\/100\n|-heal|p2a: Moltres|53\/100|[from] ability: Hospitality|[of] p2b: Sinistcha\n|move|p2a: Moltres|Protect|p2a: Moltres\n|-singleturn|p2a: Moltres|Protect\n|move|p1b: Supreme Overlord|Kowtow Cleave|p2b: Sinistcha\n|-supereffective|p2b: Sinistcha\n|-damage|p2b: Sinistcha|0 fnt\n|faint|p2b: Sinistcha\n|move|p1a: Brian|Wild Charge|p2a: Moltres\n|-activate|p2a: Moltres|move: Protect\n|\n|-weather|SunnyDay|[upkeep]\n|-heal|p2a: Moltres|59\/100|[from] item: Leftovers\n|upkeep\n|\n|t:|1700430769\n|switch|p2b: Iron Hands|Iron Hands, L50|65\/100\n|turn|5\n|\n|t:|1700430813\n|-terastallize|p2a: Moltres|Poison\n|move|p2b: Iron Hands|Fake Out|p1b: Supreme Overlord\n|-damage|p1b: Supreme Overlord|74\/100\n|move|p2a: Moltres|Air Slash|p1b: Supreme Overlord\n|-damage|p1b: Supreme Overlord|15\/100\n|cant|p1b: Supreme Overlord|flinch\n|move|p1a: Brian|Wild Charge|p2a: Moltres\n|-damage|p2a: Moltres|22\/100\n|-damage|p1a: Brian|93\/100|[from] Recoil\n|-ability|p2a: Moltres|Berserk|boost\n|-boost|p2a: Moltres|spa|1\n|\n|-weather|none\n|-heal|p2a: Moltres|28\/100|[from] item: Leftovers\n|upkeep\n|turn|6\n|\n|t:|1700430847\n|move|p2a: Moltres|Protect|p2a: Moltres\n|-singleturn|p2a: Moltres|Protect\n|move|p1b: Supreme Overlord|Sucker Punch||[still]\n|-fail|p1b: Supreme Overlord\n|move|p2b: Iron Hands|Heavy Slam|p1b: Supreme Overlord\n|-supereffective|p1b: Supreme Overlord\n|-damage|p1b: Supreme Overlord|0 fnt\n|faint|p1b: Supreme Overlord\n|move|p1a: Brian|Drain Punch|p2b: Iron Hands\n|-damage|p2b: Iron Hands|32\/100\n|-heal|p1a: Brian|100\/100|[from] drain|[of] p2b: Iron Hands\n|\n|-heal|p2a: Moltres|35\/100|[from] item: Leftovers\n|upkeep\n|\n|t:|1700430860\n|switch|p1b: Sun Supplier|Torkoal, L50, M|100\/100\n|-weather|SunnyDay|[from] ability: Drought|[of] p1b: Sun Supplier\n|turn|7\n|\n|t:|1700430895\n|move|p1b: Sun Supplier|Protect|p1b: Sun Supplier\n|-singleturn|p1b: Sun Supplier|Protect\n|move|p2a: Moltres|Fiery Wrath|p1a: Brian|[spread] p1a\n|-activate|p1b: Sun Supplier|move: Protect\n|-resisted|p1a: Brian\n|-damage|p1a: Brian|80\/100\n|move|p2b: Iron Hands|Drain Punch|p1b: Sun Supplier\n|-activate|p1b: Sun Supplier|move: Protect\n|move|p1a: Brian|Heavy Slam|p2a: Moltres\n|-damage|p2a: Moltres|0 fnt\n|faint|p2a: Moltres\n|\n|-weather|SunnyDay|[upkeep]\n|upkeep\n|\n|t:|1700430908\n|switch|p2a: Tornadus|Tornadus, L50, M|100\/100\n|turn|8\n|\n|t:|1700430936\n|move|p2a: Tornadus|Rain Dance|p2a: Tornadus\n|-weather|RainDance\n|move|p2b: Iron Hands|Drain Punch|p1b: Sun Supplier\n|-damage|p1b: Sun Supplier|68\/100\n|-heal|p2b: Iron Hands|44\/100|[from] drain|[of] p1b: Sun Supplier\n|move|p1a: Brian|Drain Punch|p2b: Iron Hands\n|-damage|p2b: Iron Hands|14\/100\n|-heal|p1a: Brian|95\/100|[from] drain|[of] p2b: Iron Hands\n|move|p1b: Sun Supplier|Eruption|p2b: Iron Hands|[spread] p2a,p2b\n|-damage|p2a: Tornadus|82\/100\n|-damage|p2b: Iron Hands|6\/100\n|\n|-weather|RainDance|[upkeep]\n|upkeep\n|turn|9\n|\n|t:|1700430964\n|move|p1b: Sun Supplier|Protect|p1b: Sun Supplier\n|-singleturn|p1b: Sun Supplier|Protect\n|move|p2a: Tornadus|Bleakwind Storm|p1b: Sun Supplier|[spread] p1a\n|-activate|p1b: Sun Supplier|move: Protect\n|-damage|p1a: Brian|77\/100\n|move|p2b: Iron Hands|Drain Punch|p1a: Brian\n|-damage|p1a: Brian|51\/100\n|-heal|p2b: Iron Hands|20\/100|[from] drain|[of] p1a: Brian\n|move|p1a: Brian|Drain Punch|p2b: Iron Hands\n|-damage|p2b: Iron Hands|0 fnt\n|-heal|p1a: Brian|60\/100|[from] drain|[of] p2b: Iron Hands\n|faint|p2b: Iron Hands\n|-end|p2b: Iron Hands|Quark Drive|[silent]\n|\n|-weather|RainDance|[upkeep]\n|upkeep\n|turn|10\n|\n|t:|1700430986\n|move|p2a: Tornadus|Bleakwind Storm|p1a: Brian|[spread] p1a,p1b\n|-damage|p1a: Brian|44\/100\n|-damage|p1b: Sun Supplier|30\/100\n|move|p1a: Brian|Wild Charge|p2a: Tornadus\n|-supereffective|p2a: Tornadus\n|-damage|p2a: Tornadus|0 fnt\n|faint|p2a: Tornadus\n|-damage|p1a: Brian|28\/100|[from] Recoil\n|\n|win|Kilowattrel Fan\n","uploadtime":1700430995,"views":13,"p1id":"kilowattrelfan","p2id":"osprey11","formatid":"gen9vgc2023regulatione","rating":0,"private":0,"password":""}