{"id":"gen9vgc2023regulatione-1990416435","p1":"skeletal man","p2":"valeron88","format":"[Gen 9] VGC 2023 Regulation E","log":"|j|\u2606skeletal man\n|j|\u2606valeron88\n|t:|1699968761\n|gametype|doubles\n|player|p1|skeletal man|101|1322\n|player|p2|valeron88|101|1297\n|teamsize|p1|6\n|teamsize|p2|6\n|gen|9\n|tier|[Gen 9] VGC 2023 Regulation E\n|rated|\n|rule|Species Clause: Limit one of each Pok\u00e9mon\n|rule|Item Clause: Limit one of each item\n|clearpoke\n|poke|p1|Urshifu-*, L50, F|\n|poke|p1|Chien-Pao, L50|\n|poke|p1|Flutter Mane, L50|\n|poke|p1|Iron Bundle, L50|\n|poke|p1|Dragonite, L50, F|\n|poke|p1|Arcanine-Hisui, L50, F|\n|poke|p2|Flutter Mane, L50|\n|poke|p2|Urshifu-*, L50, M|\n|poke|p2|Chien-Pao, L50|\n|poke|p2|Heatran, L50, F|\n|poke|p2|Iron Hands, L50|\n|poke|p2|Landorus-Therian, L50, M|\n|teampreview|4\nskeletal man rejected open team sheets.\n|\n|t:|1699968795\n|start\n|switch|p1a: Flutter Mane|Flutter Mane, L50|100\/100\n|switch|p1b: Iron Bundle|Iron Bundle, L50|100\/100\n|switch|p2a: Heatran|Heatran, L50, F|100\/100\n|switch|p2b: Urshifu|Urshifu-Rapid-Strike, L50, M|100\/100\n|-item|p2a: Heatran|Air Balloon\n|-enditem|p1b: Iron Bundle|Booster Energy\n|-activate|p1b: Iron Bundle|ability: Quark Drive|[fromitem]\n|-start|p1b: Iron Bundle|quarkdrivespe\n|turn|1\n|inactive|Battle timer is ON: inactive players will automatically lose when time's up. (requested by skeletal man)\n|\n|t:|1699968818\n|-terastallize|p2b: Urshifu|Ground\n|move|p2a: Heatran|Protect|p2a: Heatran\n|-singleturn|p2a: Heatran|Protect\n|move|p1b: Iron Bundle|Icy Wind|p2a: Heatran|[spread] p2b\n|-activate|p2a: Heatran|move: Protect\n|-supereffective|p2b: Urshifu\n|-damage|p2b: Urshifu|41\/100\n|-unboost|p2b: Urshifu|spe|1\n|move|p1a: Flutter Mane|Icy Wind|p2b: Urshifu|[spread] p2b\n|-activate|p2a: Heatran|move: Protect\n|-supereffective|p2b: Urshifu\n|-crit|p2b: Urshifu\n|-damage|p2b: Urshifu|0 fnt\n|faint|p2b: Urshifu\n|\n|upkeep\n|\n|t:|1699968836\n|switch|p2b: Iron Hands|Iron Hands, L50|100\/100\n|turn|2\n|\n|t:|1699968845\n|move|p1b: Iron Bundle|Protect|p1b: Iron Bundle\n|-singleturn|p1b: Iron Bundle|Protect\n|move|p1a: Flutter Mane|Icy Wind|p2a: Heatran|[spread] p2b\n|-miss|p1a: Flutter Mane|p2a: Heatran\n|-damage|p2b: Iron Hands|84\/100\n|-unboost|p2b: Iron Hands|spe|1\n|move|p2a: Heatran|Heat Wave|p1a: Flutter Mane|[spread] p1a\n|-activate|p1b: Iron Bundle|move: Protect\n|-damage|p1a: Flutter Mane|60\/100\n|-status|p1a: Flutter Mane|brn\n|move|p2b: Iron Hands|Heavy Slam|p1a: Flutter Mane\n|-supereffective|p1a: Flutter Mane\n|-damage|p1a: Flutter Mane|0 fnt\n|faint|p1a: Flutter Mane\n|-end|p1a: Flutter Mane|Protosynthesis|[silent]\n|\n|upkeep\n|\n|t:|1699968861\n|switch|p1a: Urshifu|Urshifu-Rapid-Strike, L50, F|100\/100\n|turn|3\n|inactive|skeletal man has 30 seconds left.\n|\n|t:|1699968888\n|move|p1b: Iron Bundle|Freeze-Dry|p2a: Heatran\n|-resisted|p2a: Heatran\n|-damage|p2a: Heatran|91\/100\n|-enditem|p2a: Heatran|Air Balloon\n|move|p1a: Urshifu|Surging Strikes|p2a: Heatran\n|-supereffective|p2a: Heatran\n|-crit|p2a: Heatran\n|-damage|p2a: Heatran|44\/100\n|-supereffective|p2a: Heatran\n|-crit|p2a: Heatran\n|-damage|p2a: Heatran|0 fnt\n|faint|p2a: Heatran\n|-hitcount|p2: Heatran|2\n|move|p2b: Iron Hands|Wild Charge|p1a: Urshifu\n|-supereffective|p1a: Urshifu\n|-damage|p1a: Urshifu|0 fnt\n|faint|p1a: Urshifu\n|-damage|p2b: Iron Hands|65\/100|[from] Recoil\n|\n|upkeep\n|\n|t:|1699968901\n|switch|p1a: Chien-Pao|Chien-Pao, L50|100\/100\n|switch|p2a: Chien-Pao|Chien-Pao, L50|100\/100\n|-ability|p2a: Chien-Pao|Sword of Ruin\n|-ability|p1a: Chien-Pao|Sword of Ruin\n|turn|4\n|\n|t:|1699968916\n|-terastallize|p1a: Chien-Pao|Ice\n|move|p1b: Iron Bundle|Freeze-Dry|p2b: Iron Hands\n|-damage|p2b: Iron Hands|37\/100\n|-status|p2b: Iron Hands|frz\n|move|p2a: Chien-Pao|Sacred Sword|p1a: Chien-Pao\n|-supereffective|p1a: Chien-Pao\n|-damage|p1a: Chien-Pao|18\/100\n|move|p1a: Chien-Pao|Ice Spinner|p2b: Iron Hands\n|-damage|p2b: Iron Hands|0 fnt\n|-damage|p1a: Chien-Pao|2\/100|[from] item: Rocky Helmet|[of] p2b: Iron Hands\n|faint|p2b: Iron Hands\n|-end|p2b: Iron Hands|Quark Drive|[silent]\n|\n|upkeep\n|turn|5\n|\n|t:|1699968940\n|move|p1a: Chien-Pao|Protect|p1a: Chien-Pao\n|-singleturn|p1a: Chien-Pao|Protect\n|move|p1b: Iron Bundle|Icy Wind|p2a: Chien-Pao\n|-resisted|p2a: Chien-Pao\n|-damage|p2a: Chien-Pao|79\/100\n|-unboost|p2a: Chien-Pao|spe|1\n|move|p2a: Chien-Pao|Sacred Sword|p1a: Chien-Pao\n|-activate|p1a: Chien-Pao|move: Protect\n|\n|upkeep\n|turn|6\n|\n|t:|1699968951\n|move|p2a: Chien-Pao|Sucker Punch|p1a: Chien-Pao\n|-damage|p1a: Chien-Pao|0 fnt\n|faint|p1a: Chien-Pao\n|move|p1b: Iron Bundle|Freeze-Dry|p2a: Chien-Pao\n|-resisted|p2a: Chien-Pao\n|-damage|p2a: Chien-Pao|52\/100\n|\n|upkeep\n|turn|7\n|\n|t:|1699968961\n|move|p1b: Iron Bundle|Encore|p2a: Chien-Pao\n|-start|p2a: Chien-Pao|Encore\n|move|p2a: Chien-Pao|Sucker Punch||[still]\n|-fail|p2a: Chien-Pao\n|\n|upkeep\n|turn|8\n|\n|t:|1699968967\n|move|p2a: Chien-Pao|Sucker Punch|p1b: Iron Bundle\n|-damage|p1b: Iron Bundle|48\/100\n|move|p1b: Iron Bundle|Freeze-Dry|p2a: Chien-Pao\n|-resisted|p2a: Chien-Pao\n|-damage|p2a: Chien-Pao|24\/100\n|\n|upkeep\n|turn|9\n|\n|t:|1699968974\n|move|p1b: Iron Bundle|Protect|p1b: Iron Bundle\n|-singleturn|p1b: Iron Bundle|Protect\n|move|p2a: Chien-Pao|Sucker Punch||[still]\n|-fail|p2a: Chien-Pao\n|\n|-end|p2a: Chien-Pao|Encore\n|upkeep\n|turn|10\n|\n|t:|1699968980\n|move|p2a: Chien-Pao|Sucker Punch||[still]\n|-fail|p2a: Chien-Pao\n|move|p1b: Iron Bundle|Encore|p2a: Chien-Pao\n|-start|p2a: Chien-Pao|Encore\n|\n|upkeep\n|turn|11\n|\n|t:|1699968985\n|move|p1b: Iron Bundle|Protect|p1b: Iron Bundle\n|-singleturn|p1b: Iron Bundle|Protect\n|move|p2a: Chien-Pao|Sucker Punch||[still]\n|-fail|p2a: Chien-Pao\n|\n|upkeep\n|turn|12\n|\n|t:|1699968990\n|move|p2a: Chien-Pao|Sucker Punch||[still]\n|-fail|p2a: Chien-Pao\n|move|p1b: Iron Bundle|Encore||[still]\n|-fail|p1b: Iron Bundle\n|\n|upkeep\n|turn|13\n|\n|t:|1699968994\n|move|p1b: Iron Bundle|Protect|p1b: Iron Bundle\n|-singleturn|p1b: Iron Bundle|Protect\n|move|p2a: Chien-Pao|Sucker Punch||[still]\n|-fail|p2a: Chien-Pao\n|\n|-end|p2a: Chien-Pao|Encore\n|upkeep\n|turn|14\n|\n|t:|1699968999\n|move|p1b: Iron Bundle|Freeze-Dry|p2a: Chien-Pao\n|-resisted|p2a: Chien-Pao\n|-damage|p2a: Chien-Pao|0 fnt\n|faint|p2a: Chien-Pao\n|\n|win|skeletal man\n|raw|skeletal man's rating: 1322 &rarr; <strong>1341<\/strong><br \/>(+19 for winning)\n|raw|valeron88's rating: 1297 &rarr; <strong>1274<\/strong><br \/>(-23 for losing)\n|l|\u2606valeron88\n","uploadtime":1699969009,"views":22,"p1id":"skeletalman","p2id":"valeron88","formatid":"gen9vgc2023regulatione","rating":1274,"private":0,"password":""}