{"id":"gen9vgc2023regulatione-1992001954","p1":"gRegIV","p2":"a wild Rez","format":"[Gen 9] VGC 2023 Regulation E","log":"|j|\u2606gRegIV\n|j|\u2606a wild Rez\n|t:|1700146713\n|gametype|doubles\n|player|p1|gRegIV|170|1265\n|player|p2|a wild Rez|rose-zerosuit|1191\n|teamsize|p1|6\n|teamsize|p2|6\n|gen|9\n|tier|[Gen 9] VGC 2023 Regulation E\n|rated|\n|rule|Species Clause: Limit one of each Pok\u00e9mon\n|rule|Item Clause: Limit one of each item\n|clearpoke\n|poke|p1|Iron Valiant, L50|\n|poke|p1|Regieleki, L50|\n|poke|p1|Salamence, L50, M|\n|poke|p1|Politoed, L50, F|\n|poke|p1|Sableye, L50, F|\n|poke|p1|Gholdengo, L50|\n|poke|p2|Crabominable, L50, M|\n|poke|p2|Farigiraf, L50, M|\n|poke|p2|Torkoal, L50, M|\n|poke|p2|Lilligant-Hisui, L50, F|\n|poke|p2|Iron Hands, L50|\n|poke|p2|Flutter Mane, L50|\n|teampreview|4\n|c|\u2606a wild Rez|glhf\n|inactive|Battle timer is ON: inactive players will automatically lose when time's up. (requested by gRegIV)\na wild Rez has agreed to open team sheets.\n|inactive|gRegIV has 60 seconds left.\n|inactive|a wild Rez has 60 seconds left.\n|\n|t:|1700146755\n|start\n|switch|p1a: Gholdengo|Gholdengo, L50|100\/100\n|switch|p1b: Sableye|Sableye, L50, F|100\/100\n|switch|p2a: Farigiraf|Farigiraf, L50, M|100\/100\n|switch|p2b: Crabominable|Crabominable, L50, M|100\/100\n|turn|1\n|inactive|a wild Rez has 30 seconds left.\n|\n|t:|1700146783\n|switch|p1b: Salamence|Salamence, L50, M|100\/100\n|-ability|p1b: Salamence|Intimidate|boost\n|-unboost|p2a: Farigiraf|atk|1\n|-unboost|p2b: Crabominable|atk|1\n|-terastallize|p2b: Crabominable|Water\n|move|p1a: Gholdengo|Nasty Plot|p1a: Gholdengo\n|-boost|p1a: Gholdengo|spa|2\n|move|p2b: Crabominable|Crabhammer|p1a: Gholdengo\n|-damage|p1a: Gholdengo|63\/100\n|move|p2a: Farigiraf|Trick Room|p2a: Farigiraf\n|-fieldstart|move: Trick Room|[of] p2a: Farigiraf\n|\n|upkeep\n|turn|2\n|inactive|gRegIV has 30 seconds left.\n|\n|t:|1700146810\n|-terastallize|p1a: Gholdengo|Dragon\n|move|p1b: Salamence|Protect|p1b: Salamence\n|-singleturn|p1b: Salamence|Protect\n|move|p2b: Crabominable|Ice Hammer|p1b: Salamence\n|-activate|p1b: Salamence|move: Protect\n|move|p2a: Farigiraf|Dazzling Gleam|p1b: Salamence|[spread] p1a\n|-activate|p1b: Salamence|move: Protect\n|-supereffective|p1a: Gholdengo\n|-damage|p1a: Gholdengo|22\/100\n|move|p1a: Gholdengo|Make It Rain|p2b: Crabominable|[spread] p2a,p2b\n|-resisted|p2b: Crabominable\n|-damage|p2a: Farigiraf|0 fnt\n|-damage|p2b: Crabominable|27\/100\n|-unboost|p1a: Gholdengo|spa|1\n|faint|p2a: Farigiraf\n|\n|upkeep\n|\n|t:|1700146825\n|switch|p2a: Torkoal|Torkoal, L50, M|100\/100\n|-weather|SunnyDay|[from] ability: Drought|[of] p2a: Torkoal\n|turn|3\n|\n|t:|1700146840\n|switch|p1b: Politoed|Politoed, L50, F|100\/100\n|-weather|RainDance|[from] ability: Drizzle|[of] p1b: Politoed\n|move|p1a: Gholdengo|Protect|p1a: Gholdengo\n|-singleturn|p1a: Gholdengo|Protect\n|move|p2a: Torkoal|Eruption|p1b: Politoed|[spread] p1b\n|-activate|p1a: Gholdengo|move: Protect\n|-resisted|p1b: Politoed\n|-damage|p1b: Politoed|88\/100\n|move|p2b: Crabominable|Ice Hammer|p1b: Politoed\n|-resisted|p1b: Politoed\n|-damage|p1b: Politoed|63\/100\n|-unboost|p2b: Crabominable|spe|1\n|\n|-weather|RainDance|[upkeep]\n|upkeep\n|turn|4\n|inactive|gRegIV has 30 seconds left.\n|inactive|a wild Rez has 30 seconds left.\n|inactive|a wild Rez has 20 seconds left.\n|\n|t:|1700146878\n|switch|p1a: Sableye|Sableye, L50, F|100\/100\n|move|p2a: Torkoal|Earth Power|p1a: Sableye\n|-damage|p1a: Sableye|66\/100\n|-unboost|p1a: Sableye|spd|1\n|move|p2b: Crabominable|Close Combat|p1b: Politoed\n|-damage|p1b: Politoed|8\/100\n|-unboost|p2b: Crabominable|def|1\n|-unboost|p2b: Crabominable|spd|1\n|move|p1b: Politoed|Perish Song|p1b: Politoed\n|-start|p1a: Sableye|perish3|[silent]\n|-start|p1b: Politoed|perish3|[silent]\n|-start|p2a: Torkoal|perish3|[silent]\n|-start|p2b: Crabominable|perish3|[silent]\n|-fieldactivate|move: Perish Song\n|\n|-weather|RainDance|[upkeep]\n|-start|p2a: Torkoal|perish3\n|-start|p2b: Crabominable|perish3\n|-start|p1a: Sableye|perish3\n|-start|p1b: Politoed|perish3\n|upkeep\n|turn|5\n|\n|t:|1700146902\n|move|p1a: Sableye|Protect|p1a: Sableye\n|-singleturn|p1a: Sableye|Protect\n|move|p1b: Politoed|Protect|p1b: Politoed\n|-singleturn|p1b: Politoed|Protect\n|move|p2a: Torkoal|Earth Power|p1b: Politoed\n|-activate|p1b: Politoed|move: Protect\n|move|p2b: Crabominable|Ice Hammer|p1a: Sableye\n|-activate|p1a: Sableye|move: Protect\n|\n|-weather|RainDance|[upkeep]\n|-start|p2a: Torkoal|perish2\n|-start|p2b: Crabominable|perish2\n|-start|p1a: Sableye|perish2\n|-start|p1b: Politoed|perish2\n|-fieldend|move: Trick Room\n|upkeep\n|turn|6\n|\n|t:|1700146923\n|switch|p2a: Flutter Mane|Flutter Mane, L50|100\/100\n|move|p1a: Sableye|Will-O-Wisp|p2b: Crabominable\n|-status|p2b: Crabominable|brn\n|move|p1b: Politoed|Muddy Water|p2a: Flutter Mane|[spread] p2a,p2b\n|-resisted|p2b: Crabominable\n|-damage|p2a: Flutter Mane|65\/100\n|-damage|p2b: Crabominable|0 fnt\n|faint|p2b: Crabominable\n|\n|-weather|RainDance|[upkeep]\n|-start|p1b: Politoed|perish1\n|-start|p1a: Sableye|perish1\n|upkeep\n|inactive|a wild Rez has 30 seconds left.\n|\n|t:|1700146949\n|switch|p2b: Torkoal|Torkoal, L50, M|100\/100\n|-weather|SunnyDay|[from] ability: Drought|[of] p2b: Torkoal\n|-activate|p2a: Flutter Mane|ability: Protosynthesis\n|-start|p2a: Flutter Mane|protosynthesisspe\n|turn|7\n|\n|t:|1700146964\n|switch|p1b: Salamence|Salamence, L50, M|100\/100\n|-ability|p1b: Salamence|Intimidate|boost\n|-unboost|p2a: Flutter Mane|atk|1\n|-unboost|p2b: Torkoal|atk|1\n|switch|p1a: Gholdengo|Gholdengo, L50, tera:Dragon|22\/100\n|move|p2a: Flutter Mane|Dazzling Gleam|p1b: Salamence|[spread] p1a,p1b\n|-supereffective|p1a: Gholdengo\n|-supereffective|p1b: Salamence\n|-damage|p1a: Gholdengo|0 fnt\n|-damage|p1b: Salamence|13\/100\n|faint|p1a: Gholdengo\n|move|p2b: Torkoal|Heat Wave|p1b: Salamence|[miss]\n|-miss|p2b: Torkoal|p1b: Salamence\n|\n|-weather|SunnyDay|[upkeep]\n|upkeep\n|\n|t:|1700146974\n|switch|p1a: Politoed|Politoed, L50, F|8\/100\n|-weather|RainDance|[from] ability: Drizzle|[of] p1a: Politoed\n|-end|p2a: Flutter Mane|Protosynthesis\n|turn|8\n|\n|t:|1700146994\n|move|p1a: Politoed|Protect|p1a: Politoed\n|-singleturn|p1a: Politoed|Protect\n|move|p2a: Flutter Mane|Dazzling Gleam|p1b: Salamence|[spread] p1b\n|-activate|p1a: Politoed|move: Protect\n|-supereffective|p1b: Salamence\n|-damage|p1b: Salamence|0 fnt\n|faint|p1b: Salamence\n|move|p2b: Torkoal|Heat Wave|p1a: Politoed\n|-activate|p1a: Politoed|move: Protect\n|\n|-weather|RainDance|[upkeep]\n|upkeep\n|\n|t:|1700146997\n|switch|p1b: Sableye|Sableye, L50, F|66\/100\n|turn|9\n|inactive|a wild Rez has 30 seconds left.\n|inactive|a wild Rez has 20 seconds left.\n|\n|t:|1700147033\n|move|p2a: Flutter Mane|Dazzling Gleam|p1b: Sableye|[spread] p1a,p1b\n|-crit|p1a: Politoed\n|-supereffective|p1b: Sableye\n|-enditem|p1b: Sableye|Roseli Berry|[eat]\n|-enditem|p1b: Sableye|Roseli Berry|[weaken]\n|-damage|p1a: Politoed|0 fnt\n|-damage|p1b: Sableye|9\/100\n|faint|p1a: Politoed\n|move|p1b: Sableye|Foul Play|p2a: Flutter Mane\n|-damage|p2a: Flutter Mane|50\/100\n|move|p2b: Torkoal|Earth Power|p1b: Sableye\n|-crit|p1b: Sableye\n|-damage|p1b: Sableye|0 fnt\n|faint|p1b: Sableye\n|\n|win|a wild Rez\n|raw|gRegIV's rating: 1265 &rarr; <strong>1235<\/strong><br \/>(-30 for losing)\n|raw|a wild Rez's rating: 1191 &rarr; <strong>1221<\/strong><br \/>(+30 for winning)\n|l|\u2606gRegIV\n|c|\u2606a wild Rez|gg\n","uploadtime":1700147040,"views":20,"p1id":"gregiv","p2id":"awildrez","formatid":"gen9vgc2023regulatione","rating":1221,"private":0,"password":""}