{"id":"gen9vgc2023regulatione-1999667851","p1":"xdeacion","p2":"CaliberChamp","format":"[Gen 9] VGC 2023 Regulation E","log":"|j|\u2606xdeacion\n|j|\u2606CaliberChamp\n|t:|1701106145\n|gametype|doubles\n|player|p1|xdeacion|swimmer|1200\n|player|p2|CaliberChamp|red-masters|1144\n|teamsize|p1|6\n|teamsize|p2|6\n|gen|9\n|tier|[Gen 9] VGC 2023 Regulation E\n|rated|\n|rule|Species Clause: Limit one of each Pok\u00e9mon\n|rule|Item Clause: Limit one of each item\n|clearpoke\n|poke|p1|Salamence, L50, F|\n|poke|p1|Urshifu-*, L50, M|\n|poke|p1|Rillaboom, L50, F|\n|poke|p1|Kingambit, L50, M|\n|poke|p1|Flutter Mane, L50|\n|poke|p1|Heatran, L50, M|\n|poke|p2|Cinderace, L50, M|\n|poke|p2|Corviknight, L50, M|\n|poke|p2|Toxtricity-Low-Key, L50, F|\n|poke|p2|Grimmsnarl, L50, M|\n|poke|p2|Quaquaval, L50, M|\n|poke|p2|Frosmoth, L50, F|\n|teampreview|4\n|inactive|Battle timer is ON: inactive players will automatically lose when time's up. (requested by CaliberChamp)\n|inactive|CaliberChamp has 60 seconds left.\n|\n|t:|1701106195\n|start\n|switch|p1a: Rillaboom|Rillaboom, L50, F|100\/100\n|switch|p1b: Urshifu|Urshifu-Rapid-Strike, L50, M|100\/100\n|switch|p2a: Hyrok|Grimmsnarl, L50, M|100\/100\n|switch|p2b: Riffit|Toxtricity-Low-Key, L50, F|100\/100\n|-fieldstart|move: Grassy Terrain|[from] ability: Grassy Surge|[of] p1a: Rillaboom\n|turn|1\n|\n|t:|1701106219\n|switch|p2b: Karasu|Corviknight, L50, M|100\/100\n|move|p2a: Hyrok|Reflect|p2a: Hyrok\n|-sidestart|p2: CaliberChamp|Reflect\n|move|p1b: Urshifu|U-turn|p2a: Hyrok\n|-crit|p2a: Hyrok\n|-damage|p2a: Hyrok|70\/100\n|\n|t:|1701106226\n|switch|p1b: Heatran|Heatran, L50, M|100\/100|[from] U-turn\n|move|p1a: Rillaboom|High Horsepower|p2b: Karasu\n|-immune|p2b: Karasu\n|\n|-heal|p2a: Hyrok|76\/100|[from] Grassy Terrain\n|upkeep\n|turn|2\n|inactive|CaliberChamp has 30 seconds left.\n|\n|t:|1701106257\n|move|p1a: Rillaboom|Grassy Glide|p2a: Hyrok\n|-damage|p2a: Hyrok|54\/100\n|move|p2a: Hyrok|Light Screen|p2a: Hyrok\n|-sidestart|p2: CaliberChamp|move: Light Screen\n|move|p1b: Heatran|Heat Wave|p2a: Hyrok|[spread] p2a,p2b\n|-crit|p2a: Hyrok\n|-supereffective|p2b: Karasu\n|-crit|p2b: Karasu\n|-damage|p2a: Hyrok|0 fnt\n|-damage|p2b: Karasu|0 fnt\n|faint|p2a: Hyrok\n|faint|p2b: Karasu\n|\n|upkeep\n|\n|t:|1701106270\n|switch|p2b: Ace|Cinderace, L50, M|100\/100\n|switch|p2a: Riffit|Toxtricity-Low-Key, L50, F|100\/100\n|turn|3\n|inactive|CaliberChamp has 30 seconds left.\n|\n|t:|1701106303\n|-terastallize|p1a: Rillaboom|Fire\n|-terastallize|p2a: Riffit|Flying\n|move|p2b: Ace|Pyro Ball|p1a: Rillaboom\n|-resisted|p1a: Rillaboom\n|-damage|p1a: Rillaboom|56\/100\n|-damage|p2b: Ace|91\/100|[from] item: Life Orb\n|move|p1a: Rillaboom|High Horsepower|p2a: Riffit\n|-immune|p2a: Riffit\n|move|p2a: Riffit|Nuzzle|p1b: Heatran\n|-damage|p1b: Heatran|94\/100\n|-status|p1b: Heatran|par\n|cant|p1b: Heatran|par\n|\n|-heal|p2b: Ace|97\/100|[from] Grassy Terrain\n|-heal|p1a: Rillaboom|62\/100|[from] Grassy Terrain\n|-heal|p1b: Heatran|100\/100 par|[from] Grassy Terrain\n|upkeep\n|turn|4\n|inactive|CaliberChamp has 30 seconds left.\n|\n|t:|1701106331\n|move|p2b: Ace|High Jump Kick|p1b: Heatran\n|-start|p2b: Ace|typechange|Fighting|[from] ability: Libero\n|-supereffective|p1b: Heatran\n|-damage|p1b: Heatran|0 fnt\n|faint|p1b: Heatran\n|-damage|p2b: Ace|87\/100|[from] item: Life Orb\n|move|p1a: Rillaboom|High Horsepower|p2b: Ace\n|-damage|p2b: Ace|55\/100\n|move|p2a: Riffit|Overdrive|p1a: Rillaboom\n|-damage|p1a: Rillaboom|13\/100\n|\n|-heal|p2b: Ace|61\/100|[from] Grassy Terrain\n|-heal|p1a: Rillaboom|19\/100|[from] Grassy Terrain\n|upkeep\n|\n|t:|1701106351\n|switch|p1b: Urshifu|Urshifu-Rapid-Strike, L50, M|100\/100\n|turn|5\n|\n|t:|1701106371\n|move|p2b: Ace|Sucker Punch|p1a: Rillaboom\n|-damage|p1a: Rillaboom|0 fnt\n|faint|p1a: Rillaboom\n|-damage|p2b: Ace|51\/100|[from] item: Life Orb\n|move|p1b: Urshifu|Surging Strikes|p2b: Ace\n|-crit|p2b: Ace\n|-damage|p2b: Ace|18\/100\n|-crit|p2b: Ace\n|-damage|p2b: Ace|0 fnt\n|faint|p2b: Ace\n|-hitcount|p2: Ace|2\n|move|p2a: Riffit|Overdrive|p1b: Urshifu\n|-supereffective|p1b: Urshifu\n|-damage|p1b: Urshifu|0 fnt\n|faint|p1b: Urshifu\n|\n|-sideend|p2: CaliberChamp|Reflect\n|-fieldend|move: Grassy Terrain\n|upkeep\n|\n|t:|1701106390\n|switch|p1b: Kingambit|Kingambit, L50, M|100\/100\n|turn|6\n|\n|t:|1701106406\n|move|p1b: Kingambit|Protect|p1b: Kingambit\n|-singleturn|p1b: Kingambit|Protect\n|move|p2a: Riffit|Nuzzle|p1b: Kingambit\n|-activate|p1b: Kingambit|move: Protect\n|\n|-sideend|p2: CaliberChamp|move: Light Screen\n|upkeep\n|turn|7\n|\n|t:|1701106416\n|move|p2a: Riffit|Nuzzle|p1b: Kingambit\n|-damage|p1b: Kingambit|95\/100\n|-status|p1b: Kingambit|par\n|cant|p1b: Kingambit|par\n|\n|upkeep\n|turn|8\n|\n|t:|1701106424\n|move|p2a: Riffit|Overdrive|p1b: Kingambit\n|-damage|p1b: Kingambit|40\/100 par\n|move|p1b: Kingambit|Kowtow Cleave|p2a: Riffit\n|-damage|p2a: Riffit|21\/100\n|\n|upkeep\n|turn|9\n|\n|t:|1701106433\n|cant|p1b: Kingambit|par\n|move|p2a: Riffit|Overdrive|p1b: Kingambit\n|-damage|p1b: Kingambit|0 fnt\n|faint|p1b: Kingambit\n|\n|win|CaliberChamp\n|raw|xdeacion's rating: 1200 &rarr; <strong>1171<\/strong><br \/>(-29 for losing)\n|raw|CaliberChamp's rating: 1144 &rarr; <strong>1173<\/strong><br \/>(+29 for winning)\n|l|\u2606xdeacion\n","uploadtime":1701106451,"views":12,"p1id":"xdeacion","p2id":"caliberchamp","formatid":"gen9vgc2023regulatione","rating":1171,"private":0,"password":""}