{"id":"gen9vgc2023regulatione-1992254641","p1":"Vengeful potato","p2":"OOOOOOOOkay","format":"[Gen 9] VGC 2023 Regulation E","log":"|j|\u2606Vengeful potato\n|j|\u2606OOOOOOOOkay\n|t:|1700168092\n|gametype|doubles\n|player|p1|Vengeful potato|swimmer|1637\n|player|p2|OOOOOOOOkay|burglar|1565\n|teamsize|p1|6\n|teamsize|p2|6\n|gen|9\n|tier|[Gen 9] VGC 2023 Regulation E\n|rated|\n|rule|Species Clause: Limit one of each Pok\u00e9mon\n|rule|Item Clause: Limit one of each item\n|clearpoke\n|poke|p1|Articuno-Galar, L50|\n|poke|p1|Maushold, L50|\n|poke|p1|Weezing-Galar, L50, M|\n|poke|p1|Urshifu-*, L50, F|\n|poke|p1|Gholdengo, L50|\n|poke|p1|Regidrago, L50|\n|poke|p2|Okidogi, L50, M|\n|poke|p2|Arcanine-Hisui, L50, M|\n|poke|p2|Ogerpon-Wellspring, L50, F|\n|poke|p2|Ninetales-Alola, L50, F|\n|poke|p2|Weezing, L50, F|\n|poke|p2|Rillaboom, L50, F|\n|teampreview|4\n|inactive|Battle timer is ON: inactive players will automatically lose when time's up. (requested by OOOOOOOOkay)\n|\n|t:|1700168133\n|start\n|switch|p1a: The Rizzler\ud83d\ude31\ud83d\udcaf\ud83d\udde3\ufe0f|Articuno-Galar, L50, shiny|100\/100\n|switch|p1b: Despereaux|Maushold, L50, shiny|100\/100\n|switch|p2a: Rillaboom|Rillaboom, L50, F|100\/100\n|switch|p2b: Ninetales|Ninetales-Alola, L50, F|100\/100\n|-weather|Snow|[from] ability: Snow Warning|[of] p2b: Ninetales\n|-fieldstart|move: Grassy Terrain|[from] ability: Grassy Surge|[of] p2a: Rillaboom\n|turn|1\n|\n|t:|1700168148\n|move|p2a: Rillaboom|Fake Out|p1b: Despereaux\n|-damage|p1b: Despereaux|87\/100\n|-damage|p2a: Rillaboom|84\/100|[from] item: Rocky Helmet|[of] p1b: Despereaux\n|move|p2b: Ninetales|Aurora Veil|p2b: Ninetales\n|-sidestart|p2: OOOOOOOOkay|move: Aurora Veil\n|cant|p1b: Despereaux|flinch\n|move|p1a: The Rizzler\ud83d\ude31\ud83d\udcaf\ud83d\udde3\ufe0f|Tailwind|p1a: The Rizzler\ud83d\ude31\ud83d\udcaf\ud83d\udde3\ufe0f\n|-sidestart|p1: Vengeful potato|move: Tailwind\n|\n|-weather|Snow|[upkeep]\n|-heal|p1b: Despereaux|93\/100|[from] Grassy Terrain\n|-heal|p2a: Rillaboom|90\/100|[from] Grassy Terrain\n|upkeep\n|turn|2\n|inactive|Vengeful potato has 30 seconds left.\n|\n|t:|1700168178\n|move|p2a: Rillaboom|Grassy Glide|p1b: Despereaux\n|-damage|p1b: Despereaux|56\/100\n|-damage|p2a: Rillaboom|74\/100|[from] item: Rocky Helmet|[of] p1b: Despereaux\n|move|p1b: Despereaux|Super Fang|p2a: Rillaboom\n|-damage|p2a: Rillaboom|37\/100\n|move|p1a: The Rizzler\ud83d\ude31\ud83d\udcaf\ud83d\udde3\ufe0f|Air Slash|p2a: Rillaboom\n|-supereffective|p2a: Rillaboom\n|-damage|p2a: Rillaboom|0 fnt\n|faint|p2a: Rillaboom\n|move|p2b: Ninetales|Blizzard|p1b: Despereaux|[spread] p1a,p1b\n|-supereffective|p1a: The Rizzler\ud83d\ude31\ud83d\udcaf\ud83d\udde3\ufe0f\n|-damage|p1a: The Rizzler\ud83d\ude31\ud83d\udcaf\ud83d\udde3\ufe0f|66\/100\n|-damage|p1b: Despereaux|25\/100\n|\n|-weather|Snow|[upkeep]\n|-heal|p1b: Despereaux|32\/100|[from] Grassy Terrain\n|upkeep\n|inactive|OOOOOOOOkay has 30 seconds left.\n|\n|t:|1700168209\n|switch|p2a: Ogerpon|Ogerpon-Wellspring, L50, F|100\/100\n|turn|3\n|\n|t:|1700168231\n|move|p2a: Ogerpon|Spiky Shield|p2a: Ogerpon\n|-singleturn|p2a: Ogerpon|move: Protect\n|move|p1b: Despereaux|Super Fang|p2b: Ninetales\n|-damage|p2b: Ninetales|50\/100\n|move|p1a: The Rizzler\ud83d\ude31\ud83d\udcaf\ud83d\udde3\ufe0f|Air Slash|p2a: Ogerpon\n|-activate|p2a: Ogerpon|move: Protect\n|move|p2b: Ninetales|Blizzard|p1b: Despereaux|[spread] p1a,p1b\n|-supereffective|p1a: The Rizzler\ud83d\ude31\ud83d\udcaf\ud83d\udde3\ufe0f\n|-damage|p1a: The Rizzler\ud83d\ude31\ud83d\udcaf\ud83d\udde3\ufe0f|29\/100\n|-damage|p1b: Despereaux|1\/100\n|\n|-weather|Snow|[upkeep]\n|-heal|p1b: Despereaux|7\/100|[from] Grassy Terrain\n|-heal|p2b: Ninetales|56\/100|[from] Grassy Terrain\n|upkeep\n|turn|4\n|\n|t:|1700168256\n|-terastallize|p2a: Ogerpon|Water\n|detailschange|p2a: Ogerpon|Ogerpon-Wellspring-Tera, L50, F, tera:Water\n|-ability|p2a: Ogerpon|Embody Aspect (Wellspring)|boost\n|-boost|p2a: Ogerpon|spd|1\n|move|p2b: Ninetales|Protect|p2b: Ninetales\n|-singleturn|p2b: Ninetales|Protect\n|move|p1b: Despereaux|Super Fang|p2a: Ogerpon\n|-damage|p2a: Ogerpon|51\/100\n|move|p1a: The Rizzler\ud83d\ude31\ud83d\udcaf\ud83d\udde3\ufe0f|Air Slash|p2a: Ogerpon\n|-damage|p2a: Ogerpon|34\/100\n|cant|p2a: Ogerpon|flinch\n|\n|-weather|Snow|[upkeep]\n|-heal|p1b: Despereaux|13\/100|[from] Grassy Terrain\n|-heal|p2b: Ninetales|62\/100|[from] Grassy Terrain\n|-heal|p2a: Ogerpon|40\/100|[from] Grassy Terrain\n|-sideend|p1: Vengeful potato|move: Tailwind\n|upkeep\n|turn|5\n|\n|t:|1700168276\n|-terastallize|p1a: The Rizzler\ud83d\ude31\ud83d\udcaf\ud83d\udde3\ufe0f|Steel\n|move|p2a: Ogerpon|Spiky Shield|p2a: Ogerpon\n|-singleturn|p2a: Ogerpon|move: Protect\n|move|p1b: Despereaux|Follow Me|p1b: Despereaux\n|-singleturn|p1b: Despereaux|move: Follow Me\n|move|p2b: Ninetales|Blizzard|p1a: The Rizzler\ud83d\ude31\ud83d\udcaf\ud83d\udde3\ufe0f|[spread] p1a,p1b\n|-resisted|p1a: The Rizzler\ud83d\ude31\ud83d\udcaf\ud83d\udde3\ufe0f\n|-damage|p1a: The Rizzler\ud83d\ude31\ud83d\udcaf\ud83d\udde3\ufe0f|21\/100\n|-damage|p1b: Despereaux|0 fnt\n|faint|p1b: Despereaux\n|move|p1a: The Rizzler\ud83d\ude31\ud83d\udcaf\ud83d\udde3\ufe0f|Tailwind|p1a: The Rizzler\ud83d\ude31\ud83d\udcaf\ud83d\udde3\ufe0f\n|-sidestart|p1: Vengeful potato|move: Tailwind\n|\n|-weather|none\n|-heal|p1a: The Rizzler\ud83d\ude31\ud83d\udcaf\ud83d\udde3\ufe0f|27\/100|[from] Grassy Terrain\n|-heal|p2b: Ninetales|68\/100|[from] Grassy Terrain\n|-heal|p2a: Ogerpon|45\/100|[from] Grassy Terrain\n|-fieldend|move: Grassy Terrain\n|upkeep\n|\n|t:|1700168291\n|switch|p1b: \ud83e\udd11\ud83d\udcb0\ud83d\udcb5|Gholdengo, L50|100\/100\n|turn|6\n|\n|t:|1700168302\n|switch|p2b: Weezing|Weezing, L50, F|100\/100\n|-ability|p2b: Weezing|Neutralizing Gas\n|move|p1a: The Rizzler\ud83d\ude31\ud83d\udcaf\ud83d\udde3\ufe0f|Freezing Glare|p2a: Ogerpon\n|-crit|p2a: Ogerpon\n|-damage|p2a: Ogerpon|0 fnt\n|faint|p2a: Ogerpon\n|move|p1b: \ud83e\udd11\ud83d\udcb0\ud83d\udcb5|Make It Rain|p2b: Weezing\n|-damage|p2b: Weezing|48\/100\n|-unboost|p1b: \ud83e\udd11\ud83d\udcb0\ud83d\udcb5|spa|1\n|-enditem|p2b: Weezing|Sitrus Berry|[eat]\n|-heal|p2b: Weezing|73\/100|[from] item: Sitrus Berry\n|\n|upkeep\n|-message|OOOOOOOOkay forfeited.\n|\n|win|Vengeful potato\n|raw|Vengeful potato's rating: 1637 &rarr; <strong>1653<\/strong><br \/>(+16 for winning)\n|raw|OOOOOOOOkay's rating: 1565 &rarr; <strong>1549<\/strong><br \/>(-16 for losing)\n|l|\u2606OOOOOOOOkay\n","uploadtime":1700168316,"views":19,"p1id":"vengefulpotato","p2id":"ooooooookay","formatid":"gen9vgc2023regulatione","rating":1549,"private":0,"password":""}