{"id":"gen9vgc2023regulatione-2000316202","p1":"whyismynamejeff","p2":"mkll02","format":"[Gen 9] VGC 2023 Regulation E","log":"|j|\u2606whyismynamejeff\n|j|\u2606mkll02\n|t:|1701184303\n|gametype|doubles\n|player|p1|whyismynamejeff|colress|1248\n|player|p2|mkll02|266|1161\n|teamsize|p1|6\n|teamsize|p2|6\n|gen|9\n|tier|[Gen 9] VGC 2023 Regulation E\n|rated|\n|rule|Species Clause: Limit one of each Pok\u00e9mon\n|rule|Item Clause: Limit one of each item\n|clearpoke\n|poke|p1|Farigiraf, L50, M|\n|poke|p1|Iron Hands, L50|\n|poke|p1|Urshifu-*, L50, M|\n|poke|p1|Chien-Pao, L50|\n|poke|p1|Tornadus, L50, M|\n|poke|p1|Flutter Mane, L50|\n|poke|p2|Cresselia, L50, F|\n|poke|p2|Torkoal, L50, M|\n|poke|p2|Chien-Pao, L50|\n|poke|p2|Iron Hands, L50|\n|poke|p2|Zangoose, L50, M|\n|poke|p2|Ogerpon-Wellspring, L50, F|\n|teampreview|4\n|\n|t:|1701184333\n|start\n|switch|p1a: Big Girafarig|Farigiraf, L50, M|100\/100\n|switch|p1b: Water Bear|Urshifu-Rapid-Strike, L50, M|100\/100\n|switch|p2a: Iron Hands|Iron Hands, L50|100\/100\n|switch|p2b: Cresselia|Cresselia, L50, F|100\/100\n|turn|1\n|\n|t:|1701184359\n|move|p2b: Cresselia|Helping Hand|p2a: Iron Hands\n|-singleturn|p2a: Iron Hands|Helping Hand|[of] p2b: Cresselia\n|move|p1b: Water Bear|U-turn|p2a: Iron Hands\n|-resisted|p2a: Iron Hands\n|-damage|p2a: Iron Hands|91\/100\n|\n|t:|1701184367\n|switch|p1b: Big Misdreavus|Flutter Mane, L50|100\/100|[from] U-turn\n|move|p1a: Big Girafarig|Imprison|p1a: Big Girafarig\n|-start|p1a: Big Girafarig|move: Imprison\n|move|p2a: Iron Hands|Drain Punch|p1a: Big Girafarig\n|-damage|p1a: Big Girafarig|54\/100\n|-heal|p2a: Iron Hands|100\/100|[from] drain|[of] p1a: Big Girafarig\n|\n|upkeep\n|turn|2\n|\n|t:|1701184387\n|move|p1b: Big Misdreavus|Moonblast|p2a: Iron Hands\n|-supereffective|p2a: Iron Hands\n|-damage|p2a: Iron Hands|29\/100\n|-unboost|p2a: Iron Hands|spa|1\n|move|p2b: Cresselia|Moonblast|p1b: Big Misdreavus\n|-damage|p1b: Big Misdreavus|83\/100\n|-unboost|p1b: Big Misdreavus|spa|1\n|move|p1a: Big Girafarig|Dazzling Gleam|p2b: Cresselia|[spread] p2a,p2b\n|-supereffective|p2a: Iron Hands\n|-crit|p2b: Cresselia\n|-damage|p2a: Iron Hands|14\/100\n|-damage|p2b: Cresselia|85\/100\n|move|p2a: Iron Hands|Wild Charge|p1b: Big Misdreavus\n|-damage|p1b: Big Misdreavus|9\/100\n|-damage|p2a: Iron Hands|3\/100|[from] Recoil\n|\n|upkeep\n|turn|3\n|\n|t:|1701184416\n|move|p1b: Big Misdreavus|Moonblast|p2a: Iron Hands\n|-supereffective|p2a: Iron Hands\n|-damage|p2a: Iron Hands|0 fnt\n|faint|p2a: Iron Hands\n|-end|p2a: Iron Hands|Quark Drive|[silent]\n|move|p2b: Cresselia|Lunar Blessing|p2b: Cresselia\n|-heal|p2b: Cresselia|100\/100\n|move|p1a: Big Girafarig|Psychic|p2b: Cresselia\n|-resisted|p2b: Cresselia\n|-damage|p2b: Cresselia|89\/100\n|-unboost|p2b: Cresselia|spd|1\n|\n|upkeep\n|\n|t:|1701184430\n|switch|p2a: Torkoal|Torkoal, L50, M|100\/100\n|-weather|SunnyDay|[from] ability: Drought|[of] p2a: Torkoal\n|-activate|p1b: Big Misdreavus|ability: Protosynthesis\n|-start|p1b: Big Misdreavus|protosynthesisspe\n|turn|4\n|inactive|Battle timer is ON: inactive players will automatically lose when time's up. (requested by mkll02)\n|\n|t:|1701184494\n|-end|p1b: Big Misdreavus|Protosynthesis|[silent]\n|switch|p1b: Sword Cat|Chien-Pao, L50|100\/100\n|-ability|p1b: Sword Cat|Sword of Ruin\n|move|p2b: Cresselia|Helping Hand|p2a: Torkoal\n|-singleturn|p2a: Torkoal|Helping Hand|[of] p2b: Cresselia\n|move|p1a: Big Girafarig|Psychic|p2a: Torkoal\n|-damage|p2a: Torkoal|54\/100\n|move|p2a: Torkoal|Eruption|p1a: Big Girafarig|[spread] p1a,p1b\n|-supereffective|p1b: Sword Cat\n|-damage|p1a: Big Girafarig|0 fnt\n|-enditem|p1b: Sword Cat|Focus Sash\n|-damage|p1b: Sword Cat|1\/100\n|faint|p1a: Big Girafarig\n|\n|-weather|SunnyDay|[upkeep]\n|upkeep\n|\n|t:|1701184510\n|switch|p1a: Big Misdreavus|Flutter Mane, L50|9\/100\n|-activate|p1a: Big Misdreavus|ability: Protosynthesis\n|-start|p1a: Big Misdreavus|protosynthesisspe\n|turn|5\n|\n|t:|1701184521\n|-terastallize|p2b: Cresselia|Fairy\n|move|p1b: Sword Cat|Protect|p1b: Sword Cat\n|-singleturn|p1b: Sword Cat|Protect\n|move|p2a: Torkoal|Protect|p2a: Torkoal\n|-singleturn|p2a: Torkoal|Protect\n|move|p1a: Big Misdreavus|Shadow Ball|p2b: Cresselia\n|-damage|p2b: Cresselia|38\/100\n|move|p2b: Cresselia|Trick Room|p2b: Cresselia\n|-fieldstart|move: Trick Room|[of] p2b: Cresselia\n|\n|-weather|SunnyDay|[upkeep]\n|upkeep\n|turn|6\n|\n|t:|1701184543\n|move|p1b: Sword Cat|Sucker Punch||[still]\n|-fail|p1b: Sword Cat\n|move|p2a: Torkoal|Eruption|p1a: Big Misdreavus|[spread] p1a,p1b\n|-crit|p1a: Big Misdreavus\n|-supereffective|p1b: Sword Cat\n|-damage|p1a: Big Misdreavus|0 fnt\n|-damage|p1b: Sword Cat|0 fnt\n|faint|p1a: Big Misdreavus\n|-end|p1a: Big Misdreavus|Protosynthesis|[silent]\n|faint|p1b: Sword Cat\n|move|p2b: Cresselia|Lunar Blessing|p2b: Cresselia|[spread] p2a,p2b\n|-heal|p2a: Torkoal|79\/100\n|-heal|p2b: Cresselia|63\/100\n|\n|-weather|SunnyDay|[upkeep]\n|upkeep\n|\n|t:|1701184551\n|switch|p1b: Water Bear|Urshifu-Rapid-Strike, L50, M|100\/100\n|turn|7\n|\n|t:|1701184561\n|-terastallize|p1b: Water Bear|Water\n|move|p1b: Water Bear|Aqua Jet|p2a: Torkoal\n|-supereffective|p2a: Torkoal\n|-damage|p2a: Torkoal|59\/100\n|move|p2a: Torkoal|Eruption|p1b: Water Bear\n|-resisted|p1b: Water Bear\n|-damage|p1b: Water Bear|54\/100\n|move|p2b: Cresselia|Moonblast|p1b: Water Bear\n|-damage|p1b: Water Bear|14\/100\n|-unboost|p1b: Water Bear|spa|1\n|\n|-weather|SunnyDay|[upkeep]\n|upkeep\n|turn|8\n|\n|t:|1701184577\n|move|p1b: Water Bear|Aqua Jet|p2a: Torkoal\n|-supereffective|p2a: Torkoal\n|-damage|p2a: Torkoal|38\/100\n|move|p2a: Torkoal|Eruption|p1b: Water Bear\n|-resisted|p1b: Water Bear\n|-damage|p1b: Water Bear|0 fnt\n|faint|p1b: Water Bear\n|\n|win|mkll02\n|raw|whyismynamejeff's rating: 1248 &rarr; <strong>1217<\/strong><br \/>(-31 for losing)\n|raw|mkll02's rating: 1161 &rarr; <strong>1192<\/strong><br \/>(+31 for winning)\n|c|\u2606whyismynamejeff|i forgot to run the calc\n|c|\u2606whyismynamejeff|im stupid\n|l|\u2606mkll02\n","uploadtime":1701184599,"views":3,"p1id":"whyismynamejeff","p2id":"mkll02","formatid":"gen9vgc2023regulatione","rating":1192,"private":0,"password":""}