{"id":"gen9vgc2023regulatione-1995542488","p1":"Venefici","p2":"lagodude","format":"[Gen 9] VGC 2023 Regulation E","log":"|j|\u2606Venefici\n|j|\u2606lagodude\n|t:|1700581357\n|gametype|doubles\n|player|p1|Venefici|hugh|1080\n|player|p2|lagodude|266|1171\n|teamsize|p1|6\n|teamsize|p2|6\n|gen|9\n|tier|[Gen 9] VGC 2023 Regulation E\n|rated|\n|rule|Species Clause: Limit one of each Pok\u00e9mon\n|rule|Item Clause: Limit one of each item\n|clearpoke\n|poke|p1|Volcarona, L50, F|\n|poke|p1|Sinistcha, L50|\n|poke|p1|Snorlax, L50, F|\n|poke|p1|Milotic, L50, F|\n|poke|p1|Indeedee-F, L50, F|\n|poke|p1|Iron Hands, L50|\n|poke|p2|Charizard, L50, M|\n|poke|p2|Sableye, L50, M|\n|poke|p2|Roaring Moon, L50|\n|poke|p2|Iron Hands, L50|\n|poke|p2|Gholdengo, L50|\n|poke|p2|Amoonguss, L50, M|\n|teampreview|4\n|inactive|Battle timer is ON: inactive players will automatically lose when time's up. (requested by lagodude)\n|inactive|Venefici also wants the timer to be on.\n|inactive|lagodude has 60 seconds left.\n|\n|t:|1700581401\n|start\n|switch|p1a: Snorlax|Snorlax, L50, F|100\/100\n|switch|p1b: Indeedee|Indeedee-F, L50, F|100\/100\n|switch|p2a: Gholdengo|Gholdengo, L50|100\/100\n|switch|p2b: Sableye|Sableye, L50, M|100\/100\n|-fieldstart|move: Psychic Terrain|[from] ability: Psychic Surge|[of] p1b: Indeedee\n|turn|1\n|inactive|Venefici has 30 seconds left.\n|inactive|lagodude has 30 seconds left.\n|inactive|Venefici has 20 seconds left.\n|\n|t:|1700581438\n|switch|p2b: Roaring Moon|Roaring Moon, L50|100\/100\n|-enditem|p2b: Roaring Moon|Booster Energy\n|-activate|p2b: Roaring Moon|ability: Protosynthesis|[fromitem]\n|-start|p2b: Roaring Moon|protosynthesisatk\n|move|p2a: Gholdengo|Make It Rain|p1a: Snorlax|[spread] p1a,p1b\n|-damage|p1a: Snorlax|55\/100\n|-damage|p1b: Indeedee|36\/100\n|-unboost|p2a: Gholdengo|spa|1\n|move|p1a: Snorlax|Belly Drum|p1a: Snorlax\n|-damage|p1a: Snorlax|5\/100\n|-setboost|p1a: Snorlax|atk|6|[from] move: Belly Drum\n|-enditem|p1a: Snorlax|Sitrus Berry|[eat]\n|-heal|p1a: Snorlax|30\/100|[from] item: Sitrus Berry\n|move|p1b: Indeedee|Trick Room|p1b: Indeedee\n|-fieldstart|move: Trick Room|[of] p1b: Indeedee\n|\n|upkeep\n|turn|2\n|inactive|Venefici has 30 seconds left.\n|inactive|Venefici has 20 seconds left.\n|\n|t:|1700581476\n|switch|p1b: Volcarona|Volcarona, L50, F|100\/100\n|move|p1a: Snorlax|Protect|p1a: Snorlax\n|-singleturn|p1a: Snorlax|Protect\n|move|p2b: Roaring Moon|Protect|p2b: Roaring Moon\n|-singleturn|p2b: Roaring Moon|Protect\n|move|p2a: Gholdengo|Make It Rain|p1b: Volcarona|[spread] p1b\n|-activate|p1a: Snorlax|move: Protect\n|-resisted|p1b: Volcarona\n|-damage|p1b: Volcarona|81\/100\n|-unboost|p2a: Gholdengo|spa|1\n|\n|-heal|p1b: Volcarona|87\/100|[from] item: Leftovers\n|upkeep\n|turn|3\n|inactive|Venefici has 30 seconds left.\n|\n|t:|1700581502\n|switch|p2a: Charizard|Charizard, L50, M|100\/100\n|-end|p2b: Roaring Moon|Protosynthesis|[silent]\n|switch|p2b: Sableye|Sableye, L50, M|100\/100\n|move|p1a: Snorlax|Ice Punch|p2b: Sableye\n|-damage|p2b: Sableye|2\/100\n|move|p1b: Volcarona|Fiery Dance|p2a: Charizard\n|-resisted|p2a: Charizard\n|-damage|p2a: Charizard|72\/100\n|\n|-heal|p1b: Volcarona|93\/100|[from] item: Leftovers\n|upkeep\n|turn|4\n|inactive|Venefici has 30 seconds left.\n|\n|t:|1700581535\n|-terastallize|p2a: Charizard|Ghost\n|move|p1a: Snorlax|Protect|p1a: Snorlax\n|-singleturn|p1a: Snorlax|Protect\n|move|p2b: Sableye|Sunny Day|p2b: Sableye\n|-weather|SunnyDay\n|move|p1b: Volcarona|Quiver Dance|p1b: Volcarona\n|-boost|p1b: Volcarona|spa|1\n|-boost|p1b: Volcarona|spd|1\n|-boost|p1b: Volcarona|spe|1\n|move|p2a: Charizard|Heat Wave|p1b: Volcarona|[spread] p1b\n|-activate|p1a: Snorlax|move: Protect\n|-crit|p1b: Volcarona\n|-damage|p1b: Volcarona|0 fnt\n|faint|p1b: Volcarona\n|\n|-weather|SunnyDay|[upkeep]\n|-damage|p2a: Charizard|59\/100|[from] ability: Solar Power|[of] p2a: Charizard\n|upkeep\n|\n|t:|1700581557\n|switch|p1b: Milotic|Milotic, L50, F|100\/100\n|turn|5\n|inactive|lagodude has 30 seconds left.\n|inactive|lagodude has 20 seconds left.\n|\n|t:|1700581592\n|switch|p2a: Roaring Moon|Roaring Moon, L50|100\/100\n|-activate|p2a: Roaring Moon|ability: Protosynthesis\n|-start|p2a: Roaring Moon|protosynthesisatk\n|move|p2b: Sableye|Quash|p1a: Snorlax\n|-activate|p1a: Snorlax|move: Psychic Terrain\n|move|p1a: Snorlax|Ice Punch|p2a: Roaring Moon\n|-supereffective|p2a: Roaring Moon\n|-damage|p2a: Roaring Moon|0 fnt\n|faint|p2a: Roaring Moon\n|-end|p2a: Roaring Moon|Protosynthesis|[silent]\n|move|p1b: Milotic|Coil|p1b: Milotic\n|-boost|p1b: Milotic|atk|1\n|-boost|p1b: Milotic|def|1\n|-boost|p1b: Milotic|accuracy|1\n|\n|-weather|SunnyDay|[upkeep]\n|-fieldend|move: Trick Room\n|-fieldend|move: Psychic Terrain\n|upkeep\n|\n|t:|1700581604\n|switch|p2a: Charizard|Charizard, L50, M, tera:Ghost|59\/100\n|turn|6\n|\n|t:|1700581617\n|move|p1a: Snorlax|Protect|p1a: Snorlax\n|-singleturn|p1a: Snorlax|Protect\n|move|p2b: Sableye|Will-O-Wisp|p1a: Snorlax\n|-activate|p1a: Snorlax|move: Protect\n|move|p2a: Charizard|Solar Beam||[still]\n|-prepare|p2a: Charizard|Solar Beam\n|-anim|p2a: Charizard|Solar Beam|p1b: Milotic\n|-supereffective|p1b: Milotic\n|-damage|p1b: Milotic|19\/100\n|move|p1b: Milotic|Hypnosis|p2a: Charizard\n|-status|p2a: Charizard|slp|[from] move: Hypnosis\n|\n|-weather|SunnyDay|[upkeep]\n|-damage|p2a: Charizard|47\/100 slp|[from] ability: Solar Power|[of] p2a: Charizard\n|upkeep\n|turn|7\n|inactive|Venefici has 30 seconds left.\n|\n|t:|1700581648\n|move|p2b: Sableye|Disable|p1b: Milotic\n|-start|p1b: Milotic|Disable|Hypnosis\n|cant|p2a: Charizard|slp\n|move|p1b: Milotic|Ice Beam|p2a: Charizard\n|-damage|p2a: Charizard|12\/100 slp\n|move|p1a: Snorlax|Ice Punch|p2b: Sableye\n|-damage|p2b: Sableye|0 fnt\n|faint|p2b: Sableye\n|\n|-weather|SunnyDay|[upkeep]\n|-damage|p2a: Charizard|0 fnt|[from] ability: Solar Power|[of] p2a: Charizard\n|faint|p2a: Charizard\n|upkeep\n|\n|t:|1700581661\n|switch|p2b: Gholdengo|Gholdengo, L50|100\/100\n|turn|8\n|\n|t:|1700581676\n|-terastallize|p1b: Milotic|Steel\n|move|p1b: Milotic|Protect|p1b: Milotic\n|-singleturn|p1b: Milotic|Protect\n|move|p1a: Snorlax|Protect|p1a: Snorlax\n|-singleturn|p1a: Snorlax|Protect\n|move|p2b: Gholdengo|Make It Rain|p1a: Snorlax|[spread] \n|-activate|p1a: Snorlax|move: Protect\n|-activate|p1b: Milotic|move: Protect\n|\n|-weather|none\n|upkeep\n|turn|9\n|inactive|Venefici has 30 seconds left.\n|inactive|Venefici has 20 seconds left.\n|\n|t:|1700581714\n|switch|p1b: Indeedee|Indeedee-F, L50, F|36\/100\n|-fieldstart|move: Psychic Terrain|[from] ability: Psychic Surge|[of] p1b: Indeedee\n|move|p2b: Gholdengo|Make It Rain|p1a: Snorlax|[spread] p1a,p1b\n|-damage|p1a: Snorlax|0 fnt\n|-damage|p1b: Indeedee|0 fnt\n|-unboost|p2b: Gholdengo|spa|1\n|faint|p1a: Snorlax\n|faint|p1b: Indeedee\n|\n|upkeep\n|\n|t:|1700581739\n|switch|p1b: Milotic|Milotic, L50, F, tera:Steel|19\/100\n|turn|10\n|\n|t:|1700581757\n|move|p2b: Gholdengo|Make It Rain|p1b: Milotic\n|-resisted|p1b: Milotic\n|-damage|p1b: Milotic|0 fnt\n|-unboost|p2b: Gholdengo|spa|1\n|faint|p1b: Milotic\n|\n|win|lagodude\n|raw|Venefici's rating: 1080 &rarr; <strong>1064<\/strong><br \/>(-16 for losing)\n|raw|lagodude's rating: 1171 &rarr; <strong>1190<\/strong><br \/>(+19 for winning)\n|c|\u2606lagodude|gg\n|l|\u2606lagodude\n","uploadtime":1700581783,"views":1,"p1id":"venefici","p2id":"lagodude","formatid":"gen9vgc2023regulatione","rating":1064,"private":0,"password":""}