{"id":"gen9vgc2023regulatione-1996069708","p1":"mellobug","p2":"IamSmb","format":"[Gen 9] VGC 2023 Regulation E","log":"|j|\u2606mellobug\n|j|\u2606IamSmb\n|t:|1700639032\n|gametype|doubles\n|player|p1|mellobug|bugsy|1089\n|player|p2|IamSmb|maid|1047\n|teamsize|p1|6\n|teamsize|p2|6\n|gen|9\n|tier|[Gen 9] VGC 2023 Regulation E\n|rated|\n|rule|Species Clause: Limit one of each Pok\u00e9mon\n|rule|Item Clause: Limit one of each item\n|clearpoke\n|poke|p1|Politoed, L50, M|\n|poke|p1|Barraskewda, L50, F|\n|poke|p1|Goodra-Hisui, L50, F|\n|poke|p1|Gholdengo, L50|\n|poke|p1|Overqwil, L50, M|\n|poke|p1|Tornadus, L50, M|\n|poke|p2|Ogerpon-Hearthflame, L50, F|\n|poke|p2|Tornadus, L50, M|\n|poke|p2|Iron Hands, L50|\n|poke|p2|Landorus-Therian, L50, M|\n|poke|p2|Gholdengo, L50|\n|poke|p2|Urshifu-*, L50, M|\n|teampreview|4\n|\n|t:|1700639056\n|start\n|switch|p1a: toad2020|Politoed, L50, M|100\/100\n|switch|p1b: Tornadus|Tornadus, L50, M, shiny|100\/100\n|switch|p2a: Tornadus|Tornadus, L50, M|100\/100\n|switch|p2b: Urshifu|Urshifu-Rapid-Strike, L50, M|100\/100\n|-weather|RainDance|[from] ability: Drizzle|[of] p1a: toad2020\n|turn|1\n|\n|t:|1700639087\n|-terastallize|p2b: Urshifu|Water\n|move|p1b: Tornadus|Tailwind|p1b: Tornadus\n|-sidestart|p1: mellobug|move: Tailwind\n|move|p2a: Tornadus|Tailwind|p2a: Tornadus\n|-sidestart|p2: IamSmb|move: Tailwind\n|move|p2b: Urshifu|Surging Strikes|p1b: Tornadus\n|-crit|p1b: Tornadus\n|-damage|p1b: Tornadus|33\/100\n|-crit|p1b: Tornadus\n|-damage|p1b: Tornadus|0 fnt\n|faint|p1b: Tornadus\n|-hitcount|p1: Tornadus|2\n|move|p1a: toad2020|Chilling Water|p2b: Urshifu\n|-resisted|p2b: Urshifu\n|-damage|p2b: Urshifu|85\/100\n|-unboost|p2b: Urshifu|atk|1\n|\n|-weather|RainDance|[upkeep]\n|upkeep\n|\n|t:|1700639107\n|switch|p1b: Gholdengo|Gholdengo, L50|100\/100\n|turn|2\n|\n|t:|1700639125\n|move|p1b: Gholdengo|Make It Rain|p2b: Urshifu|[spread] p2a,p2b\n|-resisted|p2b: Urshifu\n|-damage|p2a: Tornadus|42\/100\n|-damage|p2b: Urshifu|48\/100\n|-unboost|p1b: Gholdengo|spa|1\n|move|p2a: Tornadus|Bleakwind Storm|p1b: Gholdengo|[spread] p1a,p1b\n|-resisted|p1b: Gholdengo\n|-damage|p1a: toad2020|76\/100\n|-damage|p1b: Gholdengo|80\/100\n|-unboost|p1a: toad2020|spe|1\n|move|p2b: Urshifu|Surging Strikes|p1b: Gholdengo\n|-crit|p1b: Gholdengo\n|-damage|p1b: Gholdengo|29\/100\n|-crit|p1b: Gholdengo\n|-damage|p1b: Gholdengo|0 fnt\n|faint|p1b: Gholdengo\n|-hitcount|p1: Gholdengo|2\n|move|p1a: toad2020|Perish Song|p1a: toad2020\n|-start|p1a: toad2020|perish3|[silent]\n|-start|p2a: Tornadus|perish3|[silent]\n|-start|p2b: Urshifu|perish3|[silent]\n|-fieldactivate|move: Perish Song\n|\n|-weather|RainDance|[upkeep]\n|-start|p2a: Tornadus|perish3\n|-start|p2b: Urshifu|perish3\n|-start|p1a: toad2020|perish3\n|upkeep\n|\n|t:|1700639149\n|switch|p1b: Barraskewda|Barraskewda, L50, F|100\/100\n|turn|3\n|\n|t:|1700639157\n|move|p2a: Tornadus|Protect|p2a: Tornadus\n|-singleturn|p2a: Tornadus|Protect\n|move|p1a: toad2020|Protect|p1a: toad2020\n|-singleturn|p1a: toad2020|Protect\n|move|p1b: Barraskewda|Liquidation|p2a: Tornadus\n|-activate|p2a: Tornadus|move: Protect\n|move|p2b: Urshifu|Close Combat|p1b: Barraskewda\n|-damage|p1b: Barraskewda|14\/100\n|-unboost|p2b: Urshifu|def|1\n|-unboost|p2b: Urshifu|spd|1\n|\n|-weather|RainDance|[upkeep]\n|-start|p2a: Tornadus|perish2\n|-start|p2b: Urshifu|perish2\n|-start|p1a: toad2020|perish2\n|upkeep\n|turn|4\n|\n|t:|1700639180\n|move|p2b: Urshifu|Aqua Jet|p1b: Barraskewda\n|-resisted|p1b: Barraskewda\n|-damage|p1b: Barraskewda|0 fnt\n|faint|p1b: Barraskewda\n|move|p2a: Tornadus|Bleakwind Storm|p1a: toad2020\n|-damage|p1a: toad2020|44\/100\n|-enditem|p1a: toad2020|Sitrus Berry|[eat]\n|-heal|p1a: toad2020|69\/100|[from] item: Sitrus Berry\n|move|p1a: toad2020|Chilling Water|p2b: Urshifu\n|-resisted|p2b: Urshifu\n|-damage|p2b: Urshifu|25\/100\n|-unboost|p2b: Urshifu|atk|1\n|\n|-weather|RainDance|[upkeep]\n|-start|p2a: Tornadus|perish1\n|-start|p2b: Urshifu|perish1\n|-start|p1a: toad2020|perish1\n|-sideend|p1: mellobug|move: Tailwind\n|-sideend|p2: IamSmb|move: Tailwind\n|upkeep\n|turn|5\n|-message|mellobug forfeited.\n|\n|win|IamSmb\n|raw|mellobug's rating: 1089 &rarr; <strong>1063<\/strong><br \/>(-26 for losing)\n|raw|IamSmb's rating: 1047 &rarr; <strong>1084<\/strong><br \/>(+37 for winning)\n|l|\u2606mellobug\n","uploadtime":1700639203,"views":2,"p1id":"mellobug","p2id":"iamsmb","formatid":"gen9vgc2023regulatione","rating":1063,"private":0,"password":""}