{"id":"gen9vgc2023regulatione-2000051891","p1":"mrbean 865","p2":"alpha can elephant","format":"[Gen 9] VGC 2023 Regulation E","log":"|j|\u2606mrbean 865\n|j|\u2606alpha can elephant\n|t:|1701146439\n|gametype|doubles\n|player|p1|mrbean 865|265|1662\n|player|p2|alpha can elephant|marley|1589\n|teamsize|p1|6\n|teamsize|p2|6\n|gen|9\n|tier|[Gen 9] VGC 2023 Regulation E\n|rated|\n|rule|Species Clause: Limit one of each Pok\u00e9mon\n|rule|Item Clause: Limit one of each item\n|clearpoke\n|poke|p1|Rillaboom, L50, M|\n|poke|p1|Tornadus, L50, M|\n|poke|p1|Chien-Pao, L50|\n|poke|p1|Flutter Mane, L50|\n|poke|p1|Landorus-Therian, L50, M|\n|poke|p1|Kingambit, L50, M|\n|poke|p2|Chien-Pao, L50|\n|poke|p2|Dragonite, L50, M|\n|poke|p2|Flutter Mane, L50|\n|poke|p2|Chi-Yu, L50|\n|poke|p2|Ting-Lu, L50|\n|poke|p2|Dondozo, L50, F|\n|teampreview|4\n|\n|t:|1701146470\n|start\n|switch|p1a: Flutter Mane|Flutter Mane, L50|100\/100\n|switch|p1b: Landorus|Landorus-Therian, L50, M|100\/100\n|switch|p2a: Ting-Lu|Ting-Lu, L50|100\/100\n|switch|p2b: Dondozo|Dondozo, L50, F|100\/100\n|-ability|p1b: Landorus|Intimidate|boost\n|-unboost|p2a: Ting-Lu|atk|1\n|-fail|p2b: Dondozo|unboost|Attack|[from] ability: Oblivious|[of] p2b: Dondozo\n|-ability|p2a: Ting-Lu|Vessel of Ruin\n|-enditem|p1a: Flutter Mane|Booster Energy\n|-activate|p1a: Flutter Mane|ability: Protosynthesis|[fromitem]\n|-start|p1a: Flutter Mane|protosynthesisspe\n|turn|1\n|\n|t:|1701146487\n|-end|p1a: Flutter Mane|Protosynthesis|[silent]\n|switch|p1a: Kingambit|Kingambit, L50, M|100\/100\n|switch|p1b: Rillaboom|Rillaboom, L50, M|100\/100\n|-fieldstart|move: Grassy Terrain|[from] ability: Grassy Surge|[of] p1b: Rillaboom\n|move|p2a: Ting-Lu|Ruination|p1b: Rillaboom\n|-damage|p1b: Rillaboom|50\/100\n|move|p2b: Dondozo|Heavy Slam|p1a: Kingambit\n|-resisted|p1a: Kingambit\n|-damage|p1a: Kingambit|96\/100\n|\n|-heal|p1b: Rillaboom|56\/100|[from] Grassy Terrain\n|-heal|p1a: Kingambit|100\/100|[from] Grassy Terrain\n|upkeep\n|turn|2\n|\n|t:|1701146504\n|switch|p2b: Chi-Yu|Chi-Yu, L50|100\/100\n|-ability|p2b: Chi-Yu|Beads of Ruin\n|move|p1b: Rillaboom|Fake Out|p2a: Ting-Lu\n|-damage|p2a: Ting-Lu|92\/100\n|move|p1a: Kingambit|Swords Dance|p1a: Kingambit\n|-boost|p1a: Kingambit|atk|2\n|cant|p2a: Ting-Lu|flinch\n|\n|-heal|p1b: Rillaboom|62\/100|[from] Grassy Terrain\n|-heal|p2a: Ting-Lu|98\/100|[from] Grassy Terrain\n|-heal|p2a: Ting-Lu|100\/100|[from] item: Leftovers\n|upkeep\n|turn|3\n|\n|t:|1701146521\n|move|p1b: Rillaboom|Grassy Glide|p2b: Chi-Yu\n|-resisted|p2b: Chi-Yu\n|-damage|p2b: Chi-Yu|81\/100\n|move|p1a: Kingambit|Sucker Punch|p2b: Chi-Yu\n|-resisted|p2b: Chi-Yu\n|-crit|p2b: Chi-Yu\n|-damage|p2b: Chi-Yu|5\/100\n|move|p2b: Chi-Yu|Heat Wave|p1b: Rillaboom|[spread] p1a,p1b\n|-supereffective|p1a: Kingambit\n|-supereffective|p1b: Rillaboom\n|-damage|p1a: Kingambit|27\/100\n|-damage|p1b: Rillaboom|14\/100\n|move|p2a: Ting-Lu|Ruination|p1a: Kingambit\n|-damage|p1a: Kingambit|14\/100\n|\n|-heal|p2b: Chi-Yu|12\/100|[from] Grassy Terrain\n|-heal|p1b: Rillaboom|20\/100|[from] Grassy Terrain\n|-heal|p1a: Kingambit|20\/100|[from] Grassy Terrain\n|upkeep\n|turn|4\n|\n|t:|1701146552\n|switch|p2b: Dondozo|Dondozo, L50, F|100\/100\n|move|p1a: Kingambit|Protect|p1a: Kingambit\n|-singleturn|p1a: Kingambit|Protect\n|move|p1b: Rillaboom|Wood Hammer|p2a: Ting-Lu\n|-supereffective|p2a: Ting-Lu\n|-damage|p2a: Ting-Lu|16\/100\n|-damage|p1b: Rillaboom|0 fnt|[from] Recoil\n|faint|p1b: Rillaboom\n|move|p2a: Ting-Lu|Heavy Slam|p1a: Kingambit\n|-activate|p1a: Kingambit|move: Protect\n|\n|-heal|p1a: Kingambit|26\/100|[from] Grassy Terrain\n|-heal|p2a: Ting-Lu|22\/100|[from] Grassy Terrain\n|-heal|p2a: Ting-Lu|28\/100|[from] item: Leftovers\n|upkeep\n|\n|t:|1701146568\n|switch|p1b: Landorus|Landorus-Therian, L50, M|100\/100\n|-ability|p1b: Landorus|Intimidate|boost\n|-unboost|p2a: Ting-Lu|atk|1\n|-fail|p2b: Dondozo|unboost|Attack|[from] ability: Oblivious|[of] p2b: Dondozo\n|turn|5\n|\n|t:|1701146578\n|move|p1b: Landorus|Stomping Tantrum|p2a: Ting-Lu\n|-damage|p2a: Ting-Lu|0 fnt\n|faint|p2a: Ting-Lu\n|move|p1a: Kingambit|Kowtow Cleave|p2b: Dondozo\n|-damage|p2b: Dondozo|22\/100\n|-enditem|p2b: Dondozo|Sitrus Berry|[eat]\n|-heal|p2b: Dondozo|47\/100|[from] item: Sitrus Berry\n|move|p2b: Dondozo|Yawn|p1a: Kingambit\n|-start|p1a: Kingambit|move: Yawn|[of] p2b: Dondozo\n|\n|-heal|p1a: Kingambit|31\/100|[from] Grassy Terrain\n|-heal|p2b: Dondozo|53\/100|[from] Grassy Terrain\n|-fieldend|move: Grassy Terrain\n|upkeep\n|\n|t:|1701146585\n|switch|p2a: Chi-Yu|Chi-Yu, L50|12\/100\n|-ability|p2a: Chi-Yu|Beads of Ruin\n|turn|6\n|\n|t:|1701146598\n|switch|p1a: Flutter Mane|Flutter Mane, L50|100\/100\n|move|p2a: Chi-Yu|Protect|p2a: Chi-Yu\n|-singleturn|p2a: Chi-Yu|Protect\n|move|p1b: Landorus|Stomping Tantrum|p2a: Chi-Yu\n|-activate|p2a: Chi-Yu|move: Protect\n|move|p2b: Dondozo|Heavy Slam|p1a: Flutter Mane\n|-supereffective|p1a: Flutter Mane\n|-damage|p1a: Flutter Mane|0 fnt\n|faint|p1a: Flutter Mane\n|-end|p1a: Flutter Mane|Protosynthesis|[silent]\n|\n|upkeep\n|\n|t:|1701146608\n|switch|p1a: Kingambit|Kingambit, L50, M|31\/100\n|turn|7\n|\n|t:|1701146617\n|move|p1b: Landorus|Stomping Tantrum|p2a: Chi-Yu\n|-supereffective|p2a: Chi-Yu\n|-damage|p2a: Chi-Yu|0 fnt\n|faint|p2a: Chi-Yu\n|move|p1a: Kingambit|Kowtow Cleave|p2b: Dondozo\n|-damage|p2b: Dondozo|17\/100\n|move|p2b: Dondozo|Wave Crash|p1b: Landorus\n|-supereffective|p1b: Landorus\n|-damage|p1b: Landorus|0 fnt\n|faint|p1b: Landorus\n|-damage|p2b: Dondozo|0 fnt|[from] Recoil\n|faint|p2b: Dondozo\n|\n|upkeep\n|\n|t:|1701146623\n|switch|p2b: Flutter Mane|Flutter Mane, L50|100\/100\n|-enditem|p2b: Flutter Mane|Booster Energy\n|-activate|p2b: Flutter Mane|ability: Protosynthesis|[fromitem]\n|-start|p2b: Flutter Mane|protosynthesisspe\n|turn|8\n|inactive|Battle timer is ON: inactive players will automatically lose when time's up. (requested by alpha can elephant)\n|\n|t:|1701146639\n|-terastallize|p2b: Flutter Mane|Fairy\n|move|p1a: Kingambit|Protect|p1a: Kingambit\n|-singleturn|p1a: Kingambit|Protect\n|move|p2b: Flutter Mane|Moonblast|p1a: Kingambit\n|-activate|p1a: Kingambit|move: Protect\n|\n|upkeep\n|turn|9\n|\n|t:|1701146647\n|-terastallize|p1a: Kingambit|Fire\n|move|p2b: Flutter Mane|Moonblast|p1a: Kingambit\n|-resisted|p1a: Kingambit\n|-damage|p1a: Kingambit|0 fnt\n|faint|p1a: Kingambit\n|\n|win|alpha can elephant\n|raw|mrbean 865's rating: 1662 &rarr; <strong>1638<\/strong><br \/>(-24 for losing)\n|raw|alpha can elephant's rating: 1589 &rarr; <strong>1613<\/strong><br \/>(+24 for winning)\n","uploadtime":1701146658,"views":2,"p1id":"mrbean865","p2id":"alphacanelephant","formatid":"gen9vgc2023regulatione","rating":1613,"private":0,"password":""}