{"id":"gen9vgc2023regulatione-1996411480","p1":"ace.bnz","p2":"groudon33","format":"[Gen 9] VGC 2023 Regulation E","log":"|j|\u2606ace.bnz\n|j|\u2606groudon33\n|n|\u2606ace.bnz|acebnz\n|n|\u2606groudon33|groudon33\n|html|View the match progress at <a href=\"\/game-bestof3-gen9vgc2023regulatione-1996408408\">game-bestof3-gen9vgc2023regulatione-1996408408<\/a>\n|t:|1700679458\n|gametype|doubles\n|player|p1|ace.bnz|plasmagrunt|\n|player|p2|groudon33|preschooler|\n|teamsize|p1|6\n|teamsize|p2|6\n|gen|9\n|tier|[Gen 9] VGC 2023 Regulation E\n|rule|Species Clause: Limit one of each Pok\u00e9mon\n|rule|Item Clause: Limit one of each item\n|clearpoke\n|poke|p1|Iron Hands, L50|\n|poke|p1|Roaring Moon, L50|\n|poke|p1|Arcanine-Hisui, L50, M|\n|poke|p1|Flutter Mane, L50|\n|poke|p1|Heatran, L50, F|\n|poke|p1|Urshifu-*, L50, M|\n|poke|p2|Sylveon, L50, F|\n|poke|p2|Cresselia, L50, F|\n|poke|p2|Iron Hands, L50|\n|poke|p2|Urshifu-*, L50, M|\n|poke|p2|Heatran, L50, F|\n|poke|p2|Tornadus, L50, M|\n|teampreview|4\nace.bnz rejected open team sheets.\n|c|\u2606ace.bnz|sorry\n|c|\u2606ace.bnz|omg\n|c|\u2606ace.bnz|was my misstake\n|c|\u2606groudon33|its ok\n|\n|t:|1700679553\n|start\n|switch|p1a: Flutter Mane|Flutter Mane, L50|100\/100\n|switch|p1b: Arcanine|Arcanine-Hisui, L50, M|100\/100\n|switch|p2a: Birdcreator?!|Tornadus, L50, M|100\/100\n|switch|p2b: firefrog|Heatran, L50, F|100\/100\n|-ability|p1b: Arcanine|Intimidate|boost\n|-unboost|p2a: Birdcreator?!|atk|1\n|-unboost|p2b: firefrog|atk|1\n|turn|1\n|\n|t:|1700679588\n|-end|p1a: Flutter Mane|Protosynthesis|[silent]\n|switch|p1a: Iron Hands|Iron Hands, L50|100\/100\n|-terastallize|p1b: Arcanine|Fairy\n|move|p2a: Birdcreator?!|Tailwind|p2a: Birdcreator?!\n|-sidestart|p2: groudon33|move: Tailwind\n|move|p2b: firefrog|Flash Cannon|p1a: Iron Hands\n|-resisted|p1a: Iron Hands\n|-damage|p1a: Iron Hands|90\/100\n|move|p1b: Arcanine|Rock Slide|p2a: Birdcreator?!|[spread] p2a,p2b\n|-supereffective|p2a: Birdcreator?!\n|-damage|p2a: Birdcreator?!|10\/100\n|-damage|p2b: firefrog|67\/100\n|-enditem|p2a: Birdcreator?!|Sitrus Berry|[eat]\n|-heal|p2a: Birdcreator?!|35\/100|[from] item: Sitrus Berry\n|\n|-heal|p2b: firefrog|73\/100|[from] item: Leftovers\n|upkeep\n|turn|2\n|\n|t:|1700679613\n|switch|p2a: IHAVEBOGHAND|Iron Hands, L50|100\/100\n|move|p2b: firefrog|Protect|p2b: firefrog\n|-singleturn|p2b: firefrog|Protect\n|move|p1a: Iron Hands|Fake Out|p2b: firefrog\n|-activate|p2b: firefrog|move: Protect\n|move|p1b: Arcanine|Rock Slide|p2a: IHAVEBOGHAND|[spread] p2a\n|-activate|p2b: firefrog|move: Protect\n|-resisted|p2a: IHAVEBOGHAND\n|-damage|p2a: IHAVEBOGHAND|86\/100\n|\n|-heal|p2b: firefrog|79\/100|[from] item: Leftovers\n|upkeep\n|turn|3\n|\n|t:|1700679635\n|switch|p1b: Roaring Moon|Roaring Moon, L50|100\/100\n|-enditem|p1b: Roaring Moon|Booster Energy\n|-activate|p1b: Roaring Moon|ability: Protosynthesis|[fromitem]\n|-start|p1b: Roaring Moon|protosynthesisspe\n|move|p2b: firefrog|Flash Cannon|p1b: Roaring Moon\n|-damage|p1b: Roaring Moon|59\/100\n|-unboost|p1b: Roaring Moon|spd|1\n|move|p2a: IHAVEBOGHAND|Drain Punch|p1a: Iron Hands\n|-damage|p1a: Iron Hands|58\/100\n|-heal|p2a: IHAVEBOGHAND|100\/100|[from] drain|[of] p1a: Iron Hands\n|move|p1a: Iron Hands|Drain Punch|p2b: firefrog\n|-supereffective|p2b: firefrog\n|-damage|p2b: firefrog|6\/100\n|-heal|p1a: Iron Hands|89\/100|[from] drain|[of] p2b: firefrog\n|\n|-heal|p2b: firefrog|12\/100|[from] item: Leftovers\n|upkeep\n|turn|4\n|\n|t:|1700679662\n|switch|p2b: Birdcreator?!|Tornadus, L50, M|35\/100\n|move|p1b: Roaring Moon|Acrobatics|p2b: Birdcreator?!\n|-damage|p2b: Birdcreator?!|0 fnt\n|faint|p2b: Birdcreator?!\n|move|p2a: IHAVEBOGHAND|Drain Punch|p1b: Roaring Moon\n|-supereffective|p1b: Roaring Moon\n|-damage|p1b: Roaring Moon|0 fnt\n|faint|p1b: Roaring Moon\n|-end|p1b: Roaring Moon|Protosynthesis|[silent]\n|move|p1a: Iron Hands|Drain Punch|p2a: IHAVEBOGHAND\n|-damage|p2a: IHAVEBOGHAND|69\/100\n|-heal|p1a: Iron Hands|100\/100|[from] drain|[of] p2a: IHAVEBOGHAND\n|\n|-sideend|p2: groudon33|move: Tailwind\n|upkeep\n|\n|t:|1700679676\n|switch|p1b: Flutter Mane|Flutter Mane, L50|100\/100\n|switch|p2b: Bear|Urshifu, L50, M|100\/100\n|turn|5\n|\n|t:|1700679701\n|-end|p1a: Iron Hands|Quark Drive|[silent]\n|switch|p1a: Arcanine|Arcanine-Hisui, L50, M, tera:Fairy|100\/100\n|-ability|p1a: Arcanine|Intimidate|boost\n|-unboost|p2a: IHAVEBOGHAND|atk|1\n|-unboost|p2b: Bear|atk|1\n|-terastallize|p2b: Bear|Poison\n|move|p2b: Bear|Sucker Punch|p1b: Flutter Mane\n|-damage|p1b: Flutter Mane|24\/100\n|move|p1b: Flutter Mane|Dazzling Gleam|p2b: Bear|[spread] p2a,p2b\n|-supereffective|p2a: IHAVEBOGHAND\n|-resisted|p2b: Bear\n|-damage|p2a: IHAVEBOGHAND|22\/100\n|-damage|p2b: Bear|64\/100\n|move|p2a: IHAVEBOGHAND|Drain Punch|p1a: Arcanine\n|-resisted|p1a: Arcanine\n|-damage|p1a: Arcanine|84\/100\n|-heal|p2a: IHAVEBOGHAND|28\/100|[from] drain|[of] p1a: Arcanine\n|\n|upkeep\n|turn|6\n|\n|t:|1700679742\n|-end|p1b: Flutter Mane|Protosynthesis|[silent]\n|switch|p1b: Iron Hands|Iron Hands, L50|100\/100\n|-end|p2a: IHAVEBOGHAND|Quark Drive|[silent]\n|switch|p2a: firefrog|Heatran, L50, F|12\/100\n|move|p2b: Bear|Sucker Punch|p1a: Arcanine\n|-resisted|p1a: Arcanine\n|-damage|p1a: Arcanine|62\/100\n|move|p1a: Arcanine|Rock Slide|p2a: firefrog|[spread] p2a,p2b\n|-damage|p2a: firefrog|0 fnt\n|-damage|p2b: Bear|19\/100\n|faint|p2a: firefrog\n|\n|upkeep\n|\n|t:|1700679750\n|switch|p2a: IHAVEBOGHAND|Iron Hands, L50|28\/100\n|turn|7\n|\n|t:|1700679762\n|move|p1b: Iron Hands|Fake Out|p2b: Bear\n|-damage|p2b: Bear|3\/100\n|cant|p2b: Bear|flinch\n|move|p1a: Arcanine|Rock Slide|p2b: Bear|[spread] p2a,p2b\n|-resisted|p2a: IHAVEBOGHAND\n|-damage|p2a: IHAVEBOGHAND|12\/100\n|-damage|p2b: Bear|0 fnt\n|faint|p2b: Bear\n|move|p2a: IHAVEBOGHAND|Drain Punch|p1b: Iron Hands\n|-damage|p1b: Iron Hands|73\/100\n|-heal|p2a: IHAVEBOGHAND|26\/100|[from] drain|[of] p1b: Iron Hands\n|\n|upkeep\n|turn|8\n|\n|t:|1700679776\n|move|p1a: Arcanine|Rock Slide|p2a: IHAVEBOGHAND\n|-resisted|p2a: IHAVEBOGHAND\n|-damage|p2a: IHAVEBOGHAND|7\/100\n|move|p1b: Iron Hands|Drain Punch|p2a: IHAVEBOGHAND\n|-damage|p2a: IHAVEBOGHAND|0 fnt\n|-heal|p1b: Iron Hands|76\/100|[from] drain|[of] p2a: IHAVEBOGHAND\n|faint|p2a: IHAVEBOGHAND\n|-end|p2a: IHAVEBOGHAND|Quark Drive|[silent]\n|\n|win|ace.bnz\n|l|\u2606groudon33\n|l|\u2606ace.bnz\n|j|\u2606ace.bnz\n|player|p1|ace.bnz|plasmagrunt\n","uploadtime":1700680030,"views":6,"p1id":"acebnz","p2id":"groudon33","formatid":"gen9vgc2023regulatione","rating":0,"private":0,"password":""}