{"id":"gen9vgc2023regulatione-1987905437","p1":"ZonXJ","p2":"Umbreonclan20","format":"[Gen 9] VGC 2023 Regulation E","log":"|j|\u2606ZonXJ\n|j|\u2606Umbreonclan20\n|t:|1699647799\n|gametype|doubles\n|player|p1|ZonXJ|archie-gen6|1263\n|player|p2|Umbreonclan20|170|1280\n|teamsize|p1|6\n|teamsize|p2|6\n|gen|9\n|tier|[Gen 9] VGC 2023 Regulation E\n|rated|\n|rule|Species Clause: Limit one of each Pok\u00e9mon\n|rule|Item Clause: Limit one of each item\n|clearpoke\n|poke|p1|Politoed, L50, M|\n|poke|p1|Chien-Pao, L50|\n|poke|p1|Ogerpon-Wellspring, L50, F|\n|poke|p1|Gothitelle, L50, F|\n|poke|p1|Basculegion, L50, M|\n|poke|p1|Zapdos, L50|\n|poke|p2|Chien-Pao, L50|\n|poke|p2|Rillaboom, L50, M|\n|poke|p2|Arcanine-Hisui, L50, M|\n|poke|p2|Urshifu-*, L50, F|\n|poke|p2|Tornadus, L50, M|\n|poke|p2|Flutter Mane, L50|\n|teampreview|4\nUmbreonclan20 has agreed to open team sheets.\nZonXJ has agreed to open team sheets.\n|inactive|Battle timer is ON: inactive players will automatically lose when time's up. (requested by Umbreonclan20)\n|\n|t:|1699647872\n|start\n|switch|p1a: uwu|Ogerpon-Wellspring, L50, F|100\/100\n|switch|p1b: Rool 34 victim|Gothitelle, L50, F|100\/100\n|switch|p2a: Tornadus|Tornadus, L50, M|100\/100\n|switch|p2b: Flutter Mane|Flutter Mane, L50|100\/100\n|-enditem|p2b: Flutter Mane|Booster Energy\n|-activate|p2b: Flutter Mane|ability: Protosynthesis|[fromitem]\n|-start|p2b: Flutter Mane|protosynthesisspa\n|turn|1\n|inactive|ZonXJ has 30 seconds left.\n|inactive|Umbreonclan20 has 30 seconds left.\n|inactive|Umbreonclan20 has 20 seconds left.\n|\n|t:|1699647911\n|-terastallize|p1a: uwu|Water\n|detailschange|p1a: uwu|Ogerpon-Wellspring-Tera, L50, F, tera:Water\n|-ability|p1a: uwu|Embody Aspect (Wellspring)|boost\n|-boost|p1a: uwu|spd|1\n|-terastallize|p2a: Tornadus|Ghost\n|move|p2b: Flutter Mane|Moonblast|p1a: uwu\n|-damage|p1a: uwu|61\/100\n|move|p1a: uwu|Ivy Cudgel|p2a: Tornadus\n|-damage|p2a: Tornadus|41\/100\n|move|p2a: Tornadus|Bleakwind Storm|p1b: Rool 34 victim|[spread] p1a,p1b\n|-damage|p1a: uwu|42\/100\n|-damage|p1b: Rool 34 victim|73\/100\n|move|p1b: Rool 34 victim|Trick Room|p1b: Rool 34 victim\n|-fieldstart|move: Trick Room|[of] p1b: Rool 34 victim\n|\n|upkeep\n|turn|2\n|inactive|ZonXJ has 30 seconds left.\n|inactive|Umbreonclan20 has 30 seconds left.\n|inactive|ZonXJ has 20 seconds left.\n|inactive|ZonXJ has 15 seconds left.\n|inactive|ZonXJ has 10 seconds left.\n|\n|t:|1699647957\n|switch|p1b: Tai-Lung|Chien-Pao, L50|100\/100\n|-ability|p1b: Tai-Lung|Sword of Ruin\n|move|p2a: Tornadus|Bleakwind Storm|p1a: uwu|[spread] p1a\n|-miss|p2a: Tornadus|p1b: Tai-Lung\n|-damage|p1a: uwu|22\/100\n|move|p1a: uwu|Horn Leech|p2a: Tornadus\n|-damage|p2a: Tornadus|0 fnt\n|-heal|p1a: uwu|43\/100|[from] drain|[of] p2a: Tornadus\n|-damage|p1a: uwu|26\/100|[from] item: Rocky Helmet|[of] p2a: Tornadus\n|faint|p2a: Tornadus\n|move|p2b: Flutter Mane|Moonblast|p1a: uwu\n|-damage|p1a: uwu|0 fnt\n|faint|p1a: uwu\n|\n|upkeep\n|inactive|ZonXJ has 30 seconds left.\n|\n|t:|1699647986\n|switch|p2a: Arcanine|Arcanine-Hisui, L50, M|100\/100\n|switch|p1a: Zapdos pants off|Zapdos, L50|100\/100\n|-ability|p2a: Arcanine|Intimidate|boost\n|-unboost|p1a: Zapdos pants off|atk|1\n|-unboost|p1b: Tai-Lung|atk|1\n|turn|3\n|inactive|Umbreonclan20 has 30 seconds left.\n|c|\u2606Umbreonclan20|you need to change your goths nickname\n|c|\u2606Umbreonclan20|thats disgusting\n|inactive|Umbreonclan20 has 20 seconds left.\n|inactive|Umbreonclan20 has 15 seconds left.\n|\n|t:|1699648029\n|move|p2a: Arcanine|Extreme Speed|p1b: Tai-Lung\n|-damage|p1b: Tai-Lung|38\/100\n|move|p1a: Zapdos pants off|Thunderbolt|p2a: Arcanine\n|-damage|p2a: Arcanine|55\/100\n|move|p2b: Flutter Mane|Dazzling Gleam|p1b: Tai-Lung|[spread] p1a,p1b\n|-supereffective|p1b: Tai-Lung\n|-damage|p1a: Zapdos pants off|62\/100\n|-damage|p1b: Tai-Lung|0 fnt\n|faint|p1b: Tai-Lung\n|\n|upkeep\n|c|\u2606ZonXJ|any ideas\n|c|\u2606Umbreonclan20|not using nicknames\n|inactive|ZonXJ has 30 seconds left.\n|c|\u2606ZonXJ|ill can it if u give me a good one\n|inactive|ZonXJ has 20 seconds left.\n|inactive|ZonXJ has 15 seconds left.\n|\n|t:|1699648069\n|switch|p1b: Rool 34 victim|Gothitelle, L50, F|73\/100\n|turn|4\n|\n|t:|1699648085\n|move|p1b: Rool 34 victim|Fake Out|p2a: Arcanine\n|-resisted|p2a: Arcanine\n|-damage|p2a: Arcanine|51\/100\n|cant|p2a: Arcanine|flinch\n|move|p1a: Zapdos pants off|Thunderbolt|p2a: Arcanine\n|-damage|p2a: Arcanine|8\/100\n|move|p2b: Flutter Mane|Dazzling Gleam|p1b: Rool 34 victim|[spread] p1a,p1b\n|-damage|p1a: Zapdos pants off|23\/100\n|-damage|p1b: Rool 34 victim|44\/100\n|-enditem|p1b: Rool 34 victim|Sitrus Berry|[eat]\n|-heal|p1b: Rool 34 victim|69\/100|[from] item: Sitrus Berry\n|\n|upkeep\n|turn|5\n|\n|t:|1699648099\n|move|p1a: Zapdos pants off|Detect|p1a: Zapdos pants off\n|-singleturn|p1a: Zapdos pants off|Protect\n|move|p2a: Arcanine|Extreme Speed|p1a: Zapdos pants off\n|-activate|p1a: Zapdos pants off|move: Protect\n|move|p1b: Rool 34 victim|Psyshock|p2a: Arcanine\n|-damage|p2a: Arcanine|0 fnt\n|faint|p2a: Arcanine\n|move|p2b: Flutter Mane|Shadow Ball|p1b: Rool 34 victim\n|-supereffective|p1b: Rool 34 victim\n|-damage|p1b: Rool 34 victim|0 fnt\n|faint|p1b: Rool 34 victim\n|\n|-fieldend|move: Trick Room\n|upkeep\n|\n|t:|1699648107\n|switch|p2a: Urshifu|Urshifu-Rapid-Strike, L50, F|100\/100\n|turn|6\n|c|\u2606ZonXJ|gg\n|c|\u2606ZonXJ|nice read turn two\n|c|\u2606Umbreonclan20|hopefully they dont chat ban you\n|inactive|ZonXJ has 30 seconds left.\n|inactive|ZonXJ has 20 seconds left.\n|inactive|ZonXJ has 15 seconds left.\n|c|\u2606ZonXJ|ill change it just give me idea\n|inactive|ZonXJ has 10 seconds left.\n|inactive|ZonXJ has 5 seconds left.\n|\n|t:|1699648162\n|move|p2a: Urshifu|Aqua Jet|p1a: Zapdos pants off\n|-damage|p1a: Zapdos pants off|5\/100\n|-damage|p2a: Urshifu|84\/100|[from] item: Rocky Helmet|[of] p1a: Zapdos pants off\n|move|p2b: Flutter Mane|Shadow Ball|p1a: Zapdos pants off\n|-damage|p1a: Zapdos pants off|0 fnt\n|faint|p1a: Zapdos pants off\n|\n|win|Umbreonclan20\n|raw|ZonXJ's rating: 1263 &rarr; <strong>1239<\/strong><br \/>(-24 for losing)\n|raw|Umbreonclan20's rating: 1280 &rarr; <strong>1304<\/strong><br \/>(+24 for winning)\n|c|\u2606ZonXJ|if u dont have a idea to change it dont point it out then\n|c|\u2606ZonXJ|gg\n|c|\u2606Umbreonclan20|i did\n|c|\u2606Umbreonclan20|no nickname\n|c|\u2606ZonXJ|so sould name it no name\n|l|\u2606Umbreonclan20\n|n|\u203dZonXJ|zonxj\n","uploadtime":1699648187,"views":13,"p1id":"zonxj","p2id":"umbreonclan20","formatid":"gen9vgc2023regulatione","rating":1239,"private":0,"password":""}