{"id":"gen9vgc2023regulatione-1995051721","p1":"aegis334","p2":"Doc Positive","format":"[Gen 9] VGC 2023 Regulation E","log":"|j|\u2606aegis334\n|j|\u2606Doc Positive\n|t:|1700517343\n|gametype|doubles\n|player|p1|aegis334|169|1247\n|player|p2|Doc Positive|cyrus|1182\n|teamsize|p1|6\n|teamsize|p2|6\n|gen|9\n|tier|[Gen 9] VGC 2023 Regulation E\n|rated|\n|rule|Species Clause: Limit one of each Pok\u00e9mon\n|rule|Item Clause: Limit one of each item\n|clearpoke\n|poke|p1|Tornadus, L50, M|\n|poke|p1|Flutter Mane, L50|\n|poke|p1|Landorus-Therian, L50, M|\n|poke|p1|Heatran, L50, F|\n|poke|p1|Ogerpon-Wellspring, L50, F|\n|poke|p1|Amoonguss, L50, F|\n|poke|p2|Cresselia, L50, F|\n|poke|p2|Ursaluna-Bloodmoon, L50, M|\n|poke|p2|Iron Hands, L50|\n|poke|p2|Ogerpon-Wellspring, L50, F|\n|poke|p2|Arcanine-Hisui, L50, F|\n|poke|p2|Flutter Mane, L50|\n|teampreview|4\n|inactive|Battle timer is ON: inactive players will automatically lose when time's up. (requested by aegis334)\nDoc Positive rejected open team sheets.\n|inactive|aegis334 has 60 seconds left.\n|inactive|aegis334 has 30 seconds left.\n|c|\u2606Doc Positive|GLHF!\n|c|\u2606aegis334|you too\n|inactive|aegis334 has 20 seconds left.\n|inactive|aegis334 has 15 seconds left.\n|inactive|aegis334 has 10 seconds left.\n|inactive|aegis334 has 5 seconds left.\n|\n|t:|1700517436\n|start\n|switch|p1a: who r u|Ogerpon-Wellspring, L50, F|100\/100\n|switch|p1b: blerrrggghh|Amoonguss, L50, F|100\/100\n|switch|p2a: Ursaluna|Ursaluna-Bloodmoon, L50, M|100\/100\n|switch|p2b: Cresselia|Cresselia, L50, F|100\/100\n|turn|1\n|inactive|aegis334 has 30 seconds left.\n|\n|t:|1700517471\n|-terastallize|p1a: who r u|Water\n|detailschange|p1a: who r u|Ogerpon-Wellspring-Tera, L50, F, tera:Water\n|-ability|p1a: who r u|Embody Aspect (Wellspring)|boost\n|-boost|p1a: who r u|spd|1\n|-terastallize|p2a: Ursaluna|Grass\n|move|p1a: who r u|Ivy Cudgel|p2b: Cresselia|[anim] Ivy Cudgel Water\n|-damage|p2b: Cresselia|63\/100\n|move|p2a: Ursaluna|Hyper Voice|p1b: blerrrggghh|[spread] p1a,p1b\n|-damage|p1a: who r u|76\/100\n|-damage|p1b: blerrrggghh|65\/100\n|-enditem|p2a: Ursaluna|Throat Spray\n|-boost|p2a: Ursaluna|spa|1|[from] item: Throat Spray\n|move|p1b: blerrrggghh|Spore|p2a: Ursaluna\n|-immune|p2a: Ursaluna\n|move|p2b: Cresselia|Trick Room|p2b: Cresselia\n|-fieldstart|move: Trick Room|[of] p2b: Cresselia\n|\n|upkeep\n|turn|2\n|\n|t:|1700517495\n|move|p2b: Cresselia|Helping Hand|p2a: Ursaluna\n|-singleturn|p2a: Ursaluna|Helping Hand|[of] p2b: Cresselia\n|move|p1b: blerrrggghh|Protect|p1b: blerrrggghh\n|-singleturn|p1b: blerrrggghh|Protect\n|move|p1a: who r u|Spiky Shield|p1a: who r u\n|-singleturn|p1a: who r u|move: Protect\n|move|p2a: Ursaluna|Hyper Voice|p1a: who r u|[spread] \n|-activate|p1a: who r u|move: Protect\n|-activate|p1b: blerrrggghh|move: Protect\n|\n|upkeep\n|turn|3\n|inactive|aegis334 has 30 seconds left.\n|inactive|aegis334 has 20 seconds left.\n|inactive|aegis334 has 15 seconds left.\n|\n|t:|1700517539\n|switch|p1b: big fire lizard|Heatran, L50, F|100\/100\n|move|p2b: Cresselia|Helping Hand|p2a: Ursaluna\n|-singleturn|p2a: Ursaluna|Helping Hand|[of] p2b: Cresselia\n|move|p2a: Ursaluna|Hyper Voice|p1a: who r u|[spread] p1a,p1b\n|-resisted|p1b: big fire lizard\n|-damage|p1a: who r u|25\/100\n|-damage|p1b: big fire lizard|75\/100\n|move|p1a: who r u|Ivy Cudgel|p2b: Cresselia|[anim] Ivy Cudgel Water\n|-damage|p2b: Cresselia|20\/100\n|\n|upkeep\n|turn|4\n|inactive|aegis334 has 30 seconds left.\n|\n|t:|1700517569\n|move|p1a: who r u|Spiky Shield|p1a: who r u\n|-singleturn|p1a: who r u|move: Protect\n|move|p2a: Ursaluna|Earth Power|p1b: big fire lizard\n|-supereffective|p1b: big fire lizard\n|-damage|p1b: big fire lizard|0 fnt\n|faint|p1b: big fire lizard\n|move|p2b: Cresselia|Lunar Blessing|p2b: Cresselia|[spread] p2a,p2b\n|-heal|p2b: Cresselia|45\/100\n|\n|upkeep\n|\n|t:|1700517580\n|switch|p1b: my best friend|Flutter Mane, L50|100\/100\n|turn|5\n|\n|t:|1700517600\n|switch|p2a: Ogerpon|Ogerpon-Wellspring, L50, F|100\/100\n|move|p2b: Cresselia|Lunar Blessing|p2b: Cresselia|[spread] p2a,p2b\n|-heal|p2b: Cresselia|71\/100\n|move|p1a: who r u|Ivy Cudgel|p2a: Ogerpon|[anim] Ivy Cudgel Water\n|-immune|p2a: Ogerpon|[from] ability: Water Absorb\n|move|p1b: my best friend|Shadow Ball|p2a: Ogerpon\n|-damage|p2a: Ogerpon|41\/100\n|-unboost|p2a: Ogerpon|spd|1\n|\n|-fieldend|move: Trick Room\n|upkeep\n|turn|6\n|\n|t:|1700517620\n|move|p2a: Ogerpon|Follow Me|p2a: Ogerpon\n|-singleturn|p2a: Ogerpon|move: Follow Me\n|move|p1b: my best friend|Shadow Ball|p2a: Ogerpon\n|-damage|p2a: Ogerpon|0 fnt\n|faint|p2a: Ogerpon\n|move|p1a: who r u|Ivy Cudgel|p2b: Cresselia|[anim] Ivy Cudgel Water\n|-damage|p2b: Cresselia|32\/100\n|move|p2b: Cresselia|Trick Room|p2b: Cresselia\n|-fieldstart|move: Trick Room|[of] p2b: Cresselia\n|\n|upkeep\n|\n|t:|1700517629\n|switch|p2a: Ursaluna|Ursaluna-Bloodmoon, L50, M, tera:Grass|100\/100\n|turn|7\n|\n|t:|1700517636\n|-end|p1b: my best friend|Protosynthesis|[silent]\n|switch|p1b: blerrrggghh|Amoonguss, L50, F|98\/100\n|move|p1a: who r u|Spiky Shield|p1a: who r u\n|-singleturn|p1a: who r u|move: Protect\n|move|p2a: Ursaluna|Hyper Voice|p1a: who r u|[spread] p1b\n|-activate|p1a: who r u|move: Protect\n|-damage|p1b: blerrrggghh|63\/100\n|move|p2b: Cresselia|Lunar Blessing|p2b: Cresselia|[spread] p2a,p2b\n|-heal|p2b: Cresselia|57\/100\n|\n|upkeep\n|turn|8\n|inactive|aegis334 has 30 seconds left.\n|inactive|aegis334 has 20 seconds left.\n|inactive|aegis334 has 15 seconds left.\n|\n|t:|1700517681\n|move|p1b: blerrrggghh|Pollen Puff|p2a: Ursaluna\n|-supereffective|p2a: Ursaluna\n|-damage|p2a: Ursaluna|68\/100\n|move|p2a: Ursaluna|Blood Moon|p1b: blerrrggghh\n|-damage|p1b: blerrrggghh|0 fnt\n|faint|p1b: blerrrggghh\n|move|p2b: Cresselia|Psychic|p1a: who r u\n|-damage|p1a: who r u|9\/100\n|move|p1a: who r u|Ivy Cudgel|p2a: Ursaluna|[anim] Ivy Cudgel Water\n|-resisted|p2a: Ursaluna\n|-damage|p2a: Ursaluna|46\/100\n|\n|upkeep\n|\n|t:|1700517694\n|switch|p1b: my best friend|Flutter Mane, L50|100\/100\n|turn|9\n|inactive|aegis334 has 30 seconds left.\n|c|\u2606Doc Positive|dang dude you are making this difficult\n|inactive|aegis334 has 20 seconds left.\n|inactive|aegis334 has 15 seconds left.\n|inactive|aegis334 has 10 seconds left.\n|\n|t:|1700517740\n|move|p1a: who r u|Spiky Shield|p1a: who r u\n|-singleturn|p1a: who r u|move: Protect\n|move|p2a: Ursaluna|Hyper Voice|p1b: my best friend|[spread] p1b\n|-activate|p1a: who r u|move: Protect\n|-damage|p1b: my best friend|65\/100\n|move|p2b: Cresselia|Lunar Blessing|p2b: Cresselia|[spread] p2a,p2b\n|-heal|p2a: Ursaluna|71\/100\n|-heal|p2b: Cresselia|82\/100\n|move|p1b: my best friend|Shadow Ball|p2b: Cresselia\n|-supereffective|p2b: Cresselia\n|-crit|p2b: Cresselia\n|-damage|p2b: Cresselia|0 fnt\n|faint|p2b: Cresselia\n|\n|upkeep\n|c|\u2606Doc Positive|THE CRIT\n|c|\u2606Doc Positive|OHHHHHHHHHHHH\n|c|\u2606Doc Positive|WE GOT A GAME ON OUR HANDS\n|c|\u2606aegis334|haha\n|\n|t:|1700517760\n|switch|p2b: Arcanine|Arcanine-Hisui, L50, F|100\/100\n|-ability|p2b: Arcanine|Intimidate|boost\n|-unboost|p1a: who r u|atk|1\n|-unboost|p1b: my best friend|atk|1\n|turn|10\n|c|\u2606aegis334|this is difficult for me lol\n|c|\u2606Doc Positive|Dude you are playing great XD\n|c|\u2606aegis334|haha thanks XD\n|inactive|aegis334 has 30 seconds left.\n|inactive|Doc Positive has 30 seconds left.\n|inactive|aegis334 has 20 seconds left.\n|c|\u2606Doc Positive|going for the double protect?\n|inactive|aegis334 has 15 seconds left.\n|c|\u2606Doc Positive|I think that might be your only win con\n|inactive|aegis334 has 10 seconds left.\n|inactive|aegis334 has 5 seconds left.\n|\n|t:|1700517811\n|move|p1a: who r u|Spiky Shield|p1a: who r u\n|-singleturn|p1a: who r u|move: Protect\n|move|p2b: Arcanine|Extreme Speed|p1a: who r u\n|-activate|p1a: who r u|move: Protect\n|-damage|p2b: Arcanine|88\/100|[from] Spiky Shield|[of] p1a: who r u\n|move|p2a: Ursaluna|Hyper Voice|p1a: who r u|[spread] p1b\n|-activate|p1a: who r u|move: Protect\n|-damage|p1b: my best friend|31\/100\n|move|p1b: my best friend|Shadow Ball|p2a: Ursaluna\n|-crit|p2a: Ursaluna\n|-damage|p2a: Ursaluna|0 fnt\n|faint|p2a: Ursaluna\n|\n|-fieldend|move: Trick Room\n|upkeep\n|turn|11\n|c|\u2606Doc Positive|AHDN YOU GOT IT\n|c|\u2606Doc Positive|AHHHHHHHHHHHHHHHHHHHHHHHHHHHHHHHHHHHHHHHHHHH\n|c|\u2606aegis334|LMAOO\n|c|\u2606Doc Positive|ANOTHER CRIT\n|c|\u2606aegis334|THE CRITTT\n|c|\u2606Doc Positive|GG HOLY CRAP\n|\n|t:|1700517831\n|move|p2b: Arcanine|Extreme Speed|p1a: who r u\n|-damage|p1a: who r u|0 fnt\n|faint|p1a: who r u\n|move|p1b: my best friend|Shadow Ball|p2b: Arcanine\n|-damage|p2b: Arcanine|27\/100\n|-enditem|p2b: Arcanine|Sitrus Berry|[eat]\n|-heal|p2b: Arcanine|52\/100|[from] item: Sitrus Berry\n|\n|upkeep\n|turn|12\n|c|\u2606aegis334|WOW\n|c|\u2606aegis334|GG\n|\n|t:|1700517841\n|move|p1b: my best friend|Shadow Ball|p2b: Arcanine\n|-damage|p2b: Arcanine|0 fnt\n|faint|p2b: Arcanine\n|\n|win|aegis334\n|raw|aegis334's rating: 1247 &rarr; <strong>1267<\/strong><br \/>(+20 for winning)\n|raw|Doc Positive's rating: 1182 &rarr; <strong>1162<\/strong><br \/>(-20 for losing)\n|c|\u2606aegis334|that was crazy\n|c|\u2606Doc Positive|GG DUDE GG\n|c|\u2606Doc Positive|LOLOLOL\n|c|\u2606aegis334|ggs lmao\n|l|\u2606Doc Positive\n|l|\u2606aegis334\n|j|\u2606aegis334\n|player|p1|aegis334|169\n","uploadtime":1700518032,"views":13,"p1id":"aegis334","p2id":"docpositive","formatid":"gen9vgc2023regulatione","rating":1162,"private":0,"password":""}