{"id":"gen9vgc2023regulatione-1991475963","p1":"therealgeorge","p2":"DonFuron","format":"[Gen 9] VGC 2023 Regulation E","log":"|j|\u2606therealgeorge\n|j|\u2606DonFuron\n|t:|1700080420\n|gametype|doubles\n|player|p1|therealgeorge|169|\n|player|p2|DonFuron|ghetsis-gen5bw|\n|teamsize|p1|6\n|teamsize|p2|6\n|gen|9\n|tier|[Gen 9] VGC 2023 Regulation E\n|rule|Species Clause: Limit one of each Pok\u00e9mon\n|rule|Item Clause: Limit one of each item\n|clearpoke\n|poke|p1|Urshifu-*, L50, M|\n|poke|p1|Rillaboom, L50, M|\n|poke|p1|Tornadus, L50, M|\n|poke|p1|Gholdengo, L50|\n|poke|p1|Mimikyu, L50, F|\n|poke|p1|Regidrago, L50|\n|poke|p2|Dondozo, L50, F|\n|poke|p2|Tatsugiri, L50, F|\n|poke|p2|Flutter Mane, L50|\n|poke|p2|Dragonite, L50, F|\n|poke|p2|Chien-Pao, L50|\n|poke|p2|Chi-Yu, L50|\n|teampreview|4\n|c|\u2606DonFuron|hey !\n|c|\u2606DonFuron|so this is the team I'll play in Poland\ntherealgeorge has agreed to open team sheets.\nDonFuron has agreed to open team sheets.\n|showteam|p1|Urshifu-Rapid-Strike||ChoiceScarf|UnseenFist|SurgingStrikes,AquaJet,CloseCombat,Uturn|||M|||50|,,,,,Water]Rillaboom||AssaultVest|GrassySurge|StompingTantrum,WoodHammer,Uturn,FakeOut|||M|||50|,,,,,Fire]Tornadus||FocusSash|Prankster|BleakwindStorm,Tailwind,IcyWind,Protect|||M|||50|,,,,,Ghost]Gholdengo||LifeOrb|GoodasGold|MakeItRain,ShadowBall,Thunderbolt,Protect||||||50|,,,,,Steel]Mimikyu||RockyHelmet|Disguise|PlayRough,Taunt,ShadowSneak,TrickRoom|||F|||50|,,,,,Grass]Regidrago||DragonFang|DragonsMaw|DragonEnergy,DragonPulse,EarthPower,Protect||||||50|,,,,,Steel\n|showteam|p2|Dondozo||SafetyGoggles|Oblivious|WaveCrash,OrderUp,Earthquake,Protect|||F|||50|,,,,,Steel]Tatsugiri||ChoiceScarf|Commander|MuddyWater,TeraBlast,IcyWind,DracoMeteor|||F|||50|,,,,,Steel]Flutter Mane||BoosterEnergy|Protosynthesis|DazzlingGleam,IcyWind,TrickRoom,Imprison||||||50|,,,,,Water]Dragonite||ChoiceBand|InnerFocus|ExtremeSpeed,AquaJet,AerialAce,StompingTantrum|||F|||50|,,,,,Normal]Chien-Pao||FocusSash|SwordofRuin|SuckerPunch,IceSpinner,Haze,Protect||||||50|,,,,,Ghost]Chi-Yu||CovertCloak|BeadsofRuin|NastyPlot,HeatWave,Protect,DarkPulse||||||50|,,,,,Grass\n|n|\u2606therealgeorge|therealgeorge\n|c|\u2606therealgeorge|ah I see you've changed some things\n|c|\u2606therealgeorge|I really like goggles over cloak\n|c|\u2606DonFuron|yeah me too\n|c|\u2606DonFuron|the shroom matchup is free now\n|c|\u2606DonFuron|maybe we can do one with the shroom after this one?\n|c|\u2606therealgeorge|sure\n|c|\u2606DonFuron|glhf\n|c|\u2606therealgeorge|glhf\n|\n|t:|1700080630\n|start\n|switch|p1a: Rillaboom|Rillaboom, L50, M|100\/100\n|switch|p1b: Tornadus|Tornadus, L50, M|100\/100\n|switch|p2a: Dondozo|Dondozo, L50, F, shiny|100\/100\n|switch|p2b: Chien-POW|Dragonite, L50, F|100\/100\n|-fieldstart|move: Grassy Terrain|[from] ability: Grassy Surge|[of] p1a: Rillaboom\n|turn|1\n|\n|t:|1700080644\n|move|p2a: Dondozo|Protect|p2a: Dondozo\n|-singleturn|p2a: Dondozo|Protect\n|move|p1a: Rillaboom|Fake Out|p2a: Dondozo\n|-activate|p2a: Dondozo|move: Protect\n|move|p2b: Chien-POW|Extreme Speed|p1b: Tornadus\n|-damage|p1b: Tornadus|37\/100\n|move|p1b: Tornadus|Tailwind|p1b: Tornadus\n|-sidestart|p1: therealgeorge|move: Tailwind\n|\n|upkeep\n|turn|2\n|c|\u2606DonFuron|risky to stay in there haha\n|c|\u2606therealgeorge|I know u too well\n|\n|t:|1700080692\n|switch|p2b: Gatsutiri|Tatsugiri, L50, F, shiny|100\/100\n|-activate|p2b: Gatsutiri|ability: Commander|[of] p2a: Dondozo\n|-boost|p2a: Dondozo|atk|2\n|-boost|p2a: Dondozo|spa|2\n|-boost|p2a: Dondozo|spe|2\n|-boost|p2a: Dondozo|def|2\n|-boost|p2a: Dondozo|spd|2\n|-terastallize|p2a: Dondozo|Steel\n|move|p1b: Tornadus|Bleakwind Storm|p2b: Gatsutiri|[spread] \n|-miss|p1b: Tornadus|p2b: Gatsutiri\n|-miss|p1b: Tornadus|p2a: Dondozo\n|move|p1a: Rillaboom|Wood Hammer|p2a: Dondozo\n|-resisted|p2a: Dondozo\n|-damage|p2a: Dondozo|86\/100\n|-damage|p1a: Rillaboom|95\/100|[from] Recoil\n|move|p2a: Dondozo|Order Up|p1b: Tornadus\n|-damage|p1b: Tornadus|0 fnt\n|faint|p1b: Tornadus\n|-boost|p2a: Dondozo|atk|1\n|\n|-heal|p1a: Rillaboom|100\/100|[from] Grassy Terrain\n|-heal|p2a: Dondozo|92\/100|[from] Grassy Terrain\n|upkeep\n|\n|t:|1700080714\n|switch|p1b: Urshifu|Urshifu-Rapid-Strike, L50, M|100\/100\n|turn|3\n|\n|t:|1700080735\n|-terastallize|p1b: Urshifu|Water\n|move|p1b: Urshifu|Surging Strikes|p2a: Dondozo\n|-crit|p2a: Dondozo\n|-damage|p2a: Dondozo|72\/100\n|-crit|p2a: Dondozo\n|-damage|p2a: Dondozo|50\/100\n|-crit|p2a: Dondozo\n|-damage|p2a: Dondozo|29\/100\n|-hitcount|p2a: Dondozo|3\n|move|p1a: Rillaboom|U-turn|p2a: Dondozo\n|-resisted|p2a: Dondozo\n|-damage|p2a: Dondozo|24\/100\n|\n|t:|1700080745\n|switch|p1a: Regidrago|Regidrago, L50|100\/100|[from] U-turn\n|move|p2a: Dondozo|Order Up|p1b: Urshifu\n|-damage|p1b: Urshifu|47\/100\n|-boost|p2a: Dondozo|atk|1\n|\n|-heal|p1b: Urshifu|54\/100|[from] Grassy Terrain\n|-heal|p2a: Dondozo|31\/100|[from] Grassy Terrain\n|upkeep\n|turn|4\n|c|\u2606DonFuron|nice pinch\n|\n|t:|1700080765\n|move|p1b: Urshifu|Surging Strikes|p2a: Dondozo\n|-crit|p2a: Dondozo\n|-damage|p2a: Dondozo|11\/100\n|-crit|p2a: Dondozo\n|-damage|p2a: Dondozo|0 fnt\n|faint|p2a: Dondozo\n|-hitcount|p2: Dondozo|2\n|move|p1a: Regidrago|Earth Power|p2b: Gatsutiri\n|-crit|p2b: Gatsutiri\n|-damage|p2b: Gatsutiri|42\/100\n|\n|-heal|p1b: Urshifu|60\/100|[from] Grassy Terrain\n|-heal|p2b: Gatsutiri|48\/100|[from] Grassy Terrain\n|-sideend|p1: therealgeorge|move: Tailwind\n|upkeep\n|\n|t:|1700080773\n|switch|p2a: Chien-POW|Dragonite, L50, F|100\/100\n|turn|5\n|\n|t:|1700080794\n|switch|p1b: Rillaboom|Rillaboom, L50, M|100\/100\n|move|p1a: Regidrago|Protect|p1a: Regidrago\n|-singleturn|p1a: Regidrago|Protect\n|move|p2a: Chien-POW|Extreme Speed|p1b: Rillaboom\n|-damage|p1b: Rillaboom|60\/100\n|move|p2b: Gatsutiri|Draco Meteor|p1b: Rillaboom\n|-damage|p1b: Rillaboom|15\/100\n|-unboost|p2b: Gatsutiri|spa|2\n|\n|-heal|p2b: Gatsutiri|55\/100|[from] Grassy Terrain\n|-heal|p1b: Rillaboom|20\/100|[from] Grassy Terrain\n|-fieldend|move: Grassy Terrain\n|upkeep\n|turn|6\n|\n|t:|1700080821\n|switch|p2a: Pien-Chao|Chien-Pao, L50|100\/100\n|-ability|p2a: Pien-Chao|Sword of Ruin\n|move|p1b: Rillaboom|Fake Out|p2b: Gatsutiri\n|-damage|p2b: Gatsutiri|19\/100\n|cant|p2b: Gatsutiri|flinch\n|move|p1a: Regidrago|Dragon Pulse|p2a: Pien-Chao\n|-enditem|p2a: Pien-Chao|Focus Sash\n|-damage|p2a: Pien-Chao|1\/100\n|\n|upkeep\n|turn|7\n|\n|t:|1700080846\n|move|p2a: Pien-Chao|Protect|p2a: Pien-Chao\n|-singleturn|p2a: Pien-Chao|Protect\n|move|p2b: Gatsutiri|Draco Meteor|p1b: Rillaboom\n|-damage|p1b: Rillaboom|0 fnt\n|-unboost|p2b: Gatsutiri|spa|2\n|faint|p1b: Rillaboom\n|move|p1a: Regidrago|Dragon Energy|p2b: Gatsutiri|[spread] p2b\n|-activate|p2a: Pien-Chao|move: Protect\n|-supereffective|p2b: Gatsutiri\n|-damage|p2b: Gatsutiri|0 fnt\n|faint|p2b: Gatsutiri\n|\n|upkeep\n|\n|t:|1700080854\n|switch|p2b: Chien-POW|Dragonite, L50, F|100\/100\n|switch|p1b: Urshifu|Urshifu-Rapid-Strike, L50, M, tera:Water|60\/100\n|turn|8\n|\n|t:|1700080903\n|move|p1a: Regidrago|Protect|p1a: Regidrago\n|-singleturn|p1a: Regidrago|Protect\n|move|p2b: Chien-POW|Extreme Speed|p1b: Urshifu\n|-damage|p1b: Urshifu|2\/100\n|move|p2a: Pien-Chao|Sucker Punch|p1b: Urshifu\n|-damage|p1b: Urshifu|0 fnt\n|faint|p1b: Urshifu\n|\n|upkeep\n|turn|9\n|\n|t:|1700080908\n|move|p2b: Chien-POW|Extreme Speed|p1a: Regidrago\n|-damage|p1a: Regidrago|47\/100\n|move|p2a: Pien-Chao|Ice Spinner|p1a: Regidrago\n|-supereffective|p1a: Regidrago\n|-damage|p1a: Regidrago|0 fnt\n|faint|p1a: Regidrago\n|\n|win|DonFuron\n|c|\u2606therealgeorge|gg\n|c|\u2606DonFuron|gg\n|c|\u2606therealgeorge|so now amoongus?\n|c|\u2606DonFuron|yess please\n","uploadtime":1700080956,"views":42,"p1id":"therealgeorge","p2id":"donfuron","formatid":"gen9vgc2023regulatione","rating":0,"private":0,"password":""}