{"id":"gen9vgc2023regulatione-1990706615","p1":"heavenz11","p2":"Nodefogsgiven2","format":"[Gen 9] VGC 2023 Regulation E","log":"|j|\u2606heavenz11\n|j|\u2606Nodefogsgiven2\n|t:|1699993473\n|gametype|doubles\n|player|p1|heavenz11|170|1165\n|player|p2|Nodefogsgiven2|265|1159\n|teamsize|p1|6\n|teamsize|p2|6\n|gen|9\n|tier|[Gen 9] VGC 2023 Regulation E\n|rated|\n|rule|Species Clause: Limit one of each Pok\u00e9mon\n|rule|Item Clause: Limit one of each item\n|clearpoke\n|poke|p1|Tornadus, L50, M|\n|poke|p1|Urshifu-*, L50, M|\n|poke|p1|Farigiraf, L50, M|\n|poke|p1|Rillaboom, L50, M|\n|poke|p1|Heatran, L50, F|\n|poke|p1|Flutter Mane, L50|\n|poke|p2|Armarouge, L50, M|\n|poke|p2|Indeedee-F, L50, F|\n|poke|p2|Sylveon, L50, M|\n|poke|p2|Urshifu-*, L50, M|\n|poke|p2|Tornadus, L50, M|\n|poke|p2|Decidueye, L50, F|\n|teampreview|4\n|inactive|Battle timer is ON: inactive players will automatically lose when time's up. (requested by Nodefogsgiven2)\n|\n|t:|1699993511\n|start\n|switch|p1a: Farigiraf|Farigiraf, L50, M|100\/100\n|switch|p1b: Flutter Mane|Flutter Mane, L50|100\/100\n|switch|p2a: Armarouge|Armarouge, L50, M|100\/100\n|switch|p2b: Indeedee|Indeedee-F, L50, F|100\/100\n|-fieldstart|move: Psychic Terrain|[from] ability: Psychic Surge|[of] p2b: Indeedee\n|-enditem|p2b: Indeedee|Psychic Seed\n|-boost|p2b: Indeedee|spd|1|[from] item: Psychic Seed\n|turn|1\n|\n|t:|1699993535\n|-terastallize|p2a: Armarouge|Dark\n|move|p2b: Indeedee|Helping Hand|p2a: Armarouge\n|-singleturn|p2a: Armarouge|Helping Hand|[of] p2b: Indeedee\n|move|p1b: Flutter Mane|Shadow Ball|p2a: Armarouge\n|-resisted|p2a: Armarouge\n|-damage|p2a: Armarouge|61\/100\n|move|p2a: Armarouge|Dark Pulse|p1b: Flutter Mane\n|-damage|p1b: Flutter Mane|34\/100\n|move|p1a: Farigiraf|Trick Room|p1a: Farigiraf\n|-fieldstart|move: Trick Room|[of] p1a: Farigiraf\n|\n|upkeep\n|turn|2\n|\n|t:|1699993555\n|-end|p1b: Flutter Mane|Protosynthesis|[silent]\n|switch|p1b: Heatran|Heatran, L50, F|100\/100\n|move|p2b: Indeedee|Helping Hand|p2a: Armarouge\n|-singleturn|p2a: Armarouge|Helping Hand|[of] p2b: Indeedee\n|move|p2a: Armarouge|Heat Wave|p1b: Heatran|[spread] p1a\n|-start|p1b: Heatran|ability: Flash Fire\n|-damage|p1a: Farigiraf|41\/100\n|-enditem|p1a: Farigiraf|Sitrus Berry|[eat]\n|-heal|p1a: Farigiraf|66\/100|[from] item: Sitrus Berry\n|move|p1a: Farigiraf|Dazzling Gleam|p2b: Indeedee|[spread] p2a,p2b\n|-supereffective|p2a: Armarouge\n|-damage|p2a: Armarouge|13\/100\n|-damage|p2b: Indeedee|88\/100\n|-enditem|p2a: Armarouge|Weakness Policy\n|-boost|p2a: Armarouge|atk|2|[from] item: Weakness Policy\n|-boost|p2a: Armarouge|spa|2|[from] item: Weakness Policy\n|\n|upkeep\n|turn|3\n|\n|t:|1699993583\n|move|p2b: Indeedee|Follow Me|p2b: Indeedee\n|-singleturn|p2b: Indeedee|move: Follow Me\n|move|p2a: Armarouge|Dark Pulse|p1a: Farigiraf\n|-supereffective|p1a: Farigiraf\n|-damage|p1a: Farigiraf|0 fnt\n|faint|p1a: Farigiraf\n|move|p1b: Heatran|Earth Power|p2b: Indeedee\n|-damage|p2b: Indeedee|67\/100\n|\n|upkeep\n|\n|t:|1699993592\n|switch|p1a: Rillaboom|Rillaboom, L50, M|100\/100\n|-fieldstart|move: Grassy Terrain|[from] ability: Grassy Surge|[of] p1a: Rillaboom\n|turn|4\n|\n|t:|1699993606\n|move|p1a: Rillaboom|Fake Out|p2a: Armarouge\n|-damage|p2a: Armarouge|0 fnt\n|faint|p2a: Armarouge\n|move|p2b: Indeedee|Follow Me|p2b: Indeedee\n|-singleturn|p2b: Indeedee|move: Follow Me\n|move|p1b: Heatran|Heat Wave|p2b: Indeedee\n|-damage|p2b: Indeedee|12\/100\n|\n|-heal|p2b: Indeedee|18\/100|[from] Grassy Terrain\n|upkeep\n|\n|t:|1699993611\n|switch|p2a: Sylveon|Sylveon, L50, M|100\/100\n|turn|5\n|\n|t:|1699993624\n|move|p2b: Indeedee|Follow Me|p2b: Indeedee\n|-singleturn|p2b: Indeedee|move: Follow Me\n|move|p1a: Rillaboom|Grassy Glide|p2b: Indeedee\n|-damage|p2b: Indeedee|0 fnt\n|faint|p2b: Indeedee\n|move|p2a: Sylveon|Yawn|p1b: Heatran\n|-start|p1b: Heatran|move: Yawn|[of] p2a: Sylveon\n|move|p1b: Heatran|Heat Wave|p2a: Sylveon\n|-damage|p2a: Sylveon|47\/100\n|\n|-heal|p2a: Sylveon|52\/100|[from] Grassy Terrain\n|-fieldend|move: Trick Room\n|upkeep\n|\n|t:|1699993629\n|switch|p2b: Decidueye|Decidueye, L50, F|100\/100\n|turn|6\n|inactive|heavenz11 has 30 seconds left.\n|\n|t:|1699993656\n|move|p2b: Decidueye|Protect|p2b: Decidueye\n|-singleturn|p2b: Decidueye|Protect\n|move|p2a: Sylveon|Protect|p2a: Sylveon\n|-singleturn|p2a: Sylveon|Protect\n|move|p1a: Rillaboom|U-turn|p2b: Decidueye\n|-activate|p2b: Decidueye|move: Protect\n|move|p1b: Heatran|Heat Wave|p2b: Decidueye|[spread] \n|-activate|p2a: Sylveon|move: Protect\n|-activate|p2b: Decidueye|move: Protect\n|\n|-heal|p2a: Sylveon|58\/100|[from] Grassy Terrain\n|-end|p1b: Heatran|move: Yawn|[silent]\n|-status|p1b: Heatran|slp\n|upkeep\n|turn|7\n|inactive|heavenz11 has 30 seconds left.\n|inactive|heavenz11 has 20 seconds left.\n|inactive|heavenz11 has 15 seconds left.\n|\n|t:|1699993698\n|move|p1a: Rillaboom|Grassy Glide|p2a: Sylveon\n|-damage|p2a: Sylveon|13\/100\n|move|p2b: Decidueye|Poltergeist|p1b: Heatran\n|-activate|p1b: Heatran|move: Poltergeist|Leftovers\n|-damage|p1b: Heatran|41\/100 slp\n|cant|p1b: Heatran|slp\n|move|p2a: Sylveon|Hyper Voice|p1a: Rillaboom|[spread] p1a,p1b\n|-resisted|p1b: Heatran\n|-damage|p1a: Rillaboom|69\/100\n|-damage|p1b: Heatran|33\/100 slp\n|-enditem|p2a: Sylveon|Throat Spray\n|-boost|p2a: Sylveon|spa|1|[from] item: Throat Spray\n|\n|-heal|p1a: Rillaboom|74\/100|[from] Grassy Terrain\n|-heal|p1b: Heatran|39\/100 slp|[from] Grassy Terrain\n|-heal|p1b: Heatran|45\/100 slp|[from] item: Leftovers\n|-heal|p2a: Sylveon|19\/100|[from] Grassy Terrain\n|upkeep\n|turn|8\n|inactive|heavenz11 has 30 seconds left.\n|\n|t:|1699993723\n|move|p2a: Sylveon|Protect|p2a: Sylveon\n|-singleturn|p2a: Sylveon|Protect\n|move|p1a: Rillaboom|Grassy Glide|p2a: Sylveon\n|-activate|p2a: Sylveon|move: Protect\n|move|p2b: Decidueye|Poltergeist|p1b: Heatran\n|-activate|p1b: Heatran|move: Poltergeist|Leftovers\n|-damage|p1b: Heatran|0 fnt\n|faint|p1b: Heatran\n|\n|-heal|p1a: Rillaboom|80\/100|[from] Grassy Terrain\n|-heal|p2a: Sylveon|25\/100|[from] Grassy Terrain\n|-fieldend|move: Grassy Terrain\n|upkeep\n|\n|t:|1699993736\n|switch|p1b: Flutter Mane|Flutter Mane, L50|34\/100\n|turn|9\n|\n|t:|1699993747\n|move|p2b: Decidueye|Shadow Sneak|p1b: Flutter Mane\n|-supereffective|p1b: Flutter Mane\n|-damage|p1b: Flutter Mane|0 fnt\n|faint|p1b: Flutter Mane\n|-end|p1b: Flutter Mane|Protosynthesis|[silent]\n|move|p2a: Sylveon|Quick Attack|p1a: Rillaboom\n|-damage|p1a: Rillaboom|71\/100\n|move|p1a: Rillaboom|Grassy Glide|p2a: Sylveon\n|-damage|p2a: Sylveon|0 fnt\n|faint|p2a: Sylveon\n|\n|upkeep\n|turn|10\n|\n|t:|1699993764\n|-terastallize|p1a: Rillaboom|Fire\n|move|p2b: Decidueye|Poltergeist|p1a: Rillaboom\n|-activate|p1a: Rillaboom|move: Poltergeist|Assault Vest\n|-damage|p1a: Rillaboom|5\/100\n|move|p1a: Rillaboom|U-turn|p2b: Decidueye\n|-damage|p2b: Decidueye|65\/100\n|\n|upkeep\n|turn|11\n|c|\u2606Nodefogsgiven2|Grass starter face off!\n|\n|t:|1699993775\n|move|p2b: Decidueye|Shadow Sneak|p1a: Rillaboom\n|-damage|p1a: Rillaboom|0 fnt\n|faint|p1a: Rillaboom\n|\n|win|Nodefogsgiven2\n|raw|heavenz11's rating: 1165 &rarr; <strong>1140<\/strong><br \/>(-25 for losing)\n|raw|Nodefogsgiven2's rating: 1159 &rarr; <strong>1184<\/strong><br \/>(+25 for winning)\n|c|\u2606Nodefogsgiven2|Gg\n|l|\u2606heavenz11\n","uploadtime":1699993789,"views":23,"p1id":"heavenz11","p2id":"nodefogsgiven2","formatid":"gen9vgc2023regulatione","rating":1140,"private":0,"password":""}