{"id":"gen9vgc2023regulatione-1998511769","p1":"Gbnj","p2":"Felip_Obi","format":"[Gen 9] VGC 2023 Regulation E","log":"|j|\u2606Gbnj\n|j|\u2606Felip_Obi\n|t:|1700950680\n|gametype|doubles\n|player|p1|Gbnj|169|1298\n|player|p2|Felip_Obi|hilbert|1331\n|teamsize|p1|6\n|teamsize|p2|6\n|gen|9\n|tier|[Gen 9] VGC 2023 Regulation E\n|rated|\n|rule|Species Clause: Limit one of each Pok\u00e9mon\n|rule|Item Clause: Limit one of each item\n|clearpoke\n|poke|p1|Chien-Pao, L50|\n|poke|p1|Dragonite, L50, F|\n|poke|p1|Landorus-Therian, L50, M|\n|poke|p1|Ogerpon-Hearthflame, L50, F|\n|poke|p1|Urshifu-*, L50, M|\n|poke|p1|Palafin, L50, F|\n|poke|p2|Clefable, L50, F|\n|poke|p2|Murkrow, L50, F|\n|poke|p2|Quaquaval, L50, M|\n|poke|p2|Gholdengo, L50|\n|poke|p2|Regidrago, L50|\n|poke|p2|Arcanine-Hisui, L50, F|\n|teampreview|4\n|inactive|Battle timer is ON: inactive players will automatically lose when time's up. (requested by Felip_Obi)\n|\n|t:|1700950728\n|start\n|switch|p1a: Dragonite|Dragonite, L50, F|100\/100\n|switch|p1b: Chien-Pao|Chien-Pao, L50|100\/100\n|switch|p2a: Quaquaval|Quaquaval, L50, M|100\/100\n|switch|p2b: Clefable|Clefable, L50, F|100\/100\n|-ability|p1b: Chien-Pao|Sword of Ruin\n|turn|1\n|inactive|Gbnj has 30 seconds left.\n|\n|t:|1700950760\n|move|p1b: Chien-Pao|Protect|p1b: Chien-Pao\n|-singleturn|p1b: Chien-Pao|Protect\n|move|p2b: Clefable|Follow Me|p2b: Clefable\n|-singleturn|p2b: Clefable|move: Follow Me\n|move|p2a: Quaquaval|Aqua Step|p1b: Chien-Pao\n|-activate|p1b: Chien-Pao|move: Protect\n|move|p1a: Dragonite|Thunder Punch|p2b: Clefable\n|-damage|p2b: Clefable|53\/100\n|\n|upkeep\n|turn|2\n|\n|t:|1700950785\n|move|p2b: Clefable|Follow Me|p2b: Clefable\n|-singleturn|p2b: Clefable|move: Follow Me\n|move|p1b: Chien-Pao|Ice Spinner|p2b: Clefable\n|-damage|p2b: Clefable|11\/100\n|move|p2a: Quaquaval|Aqua Step|p1b: Chien-Pao\n|-damage|p1b: Chien-Pao|38\/100\n|-boost|p2a: Quaquaval|spe|1\n|move|p1a: Dragonite|Thunder Punch|p2b: Clefable\n|-damage|p2b: Clefable|0 fnt\n|faint|p2b: Clefable\n|\n|upkeep\n|\n|t:|1700950805\n|switch|p2b: Arcanine|Arcanine-Hisui, L50, F|100\/100\n|-ability|p2b: Arcanine|Intimidate|boost\n|-fail|p1a: Dragonite|unboost|Attack|[from] ability: Inner Focus|[of] p1a: Dragonite\n|-unboost|p1b: Chien-Pao|atk|1\n|turn|3\n|\n|t:|1700950824\n|-terastallize|p2a: Quaquaval|Fire\n|move|p1b: Chien-Pao|Protect|p1b: Chien-Pao\n|-singleturn|p1b: Chien-Pao|Protect\n|move|p2a: Quaquaval|Aqua Step|p1b: Chien-Pao\n|-activate|p1b: Chien-Pao|move: Protect\n|move|p2b: Arcanine|Rock Slide|p1b: Chien-Pao|[spread] p1a\n|-activate|p1b: Chien-Pao|move: Protect\n|-supereffective|p1a: Dragonite\n|-damage|p1a: Dragonite|0 fnt\n|faint|p1a: Dragonite\n|\n|upkeep\n|\n|t:|1700950836\n|switch|p1a: Landorus|Landorus-Therian, L50, M|100\/100\n|-ability|p1a: Landorus|Intimidate|boost\n|-fail|p2a: Quaquaval|unboost|[from] item: Clear Amulet|[of] p2a: Quaquaval\n|-unboost|p2b: Arcanine|atk|1\n|turn|4\n|inactive|Gbnj has 30 seconds left.\n|inactive|Felip_Obi has 30 seconds left.\n|inactive|Gbnj has 20 seconds left.\n|\n|t:|1700950873\n|-terastallize|p1a: Landorus|Flying\n|move|p1a: Landorus|Rock Slide|p2a: Quaquaval|[spread] p2a,p2b\n|-supereffective|p2a: Quaquaval\n|-supereffective|p2b: Arcanine\n|-damage|p2a: Quaquaval|28\/100\n|-damage|p2b: Arcanine|27\/100\n|move|p1b: Chien-Pao|Sacred Sword|p2b: Arcanine\n|-supereffective|p2b: Arcanine\n|-damage|p2b: Arcanine|0 fnt\n|faint|p2b: Arcanine\n|move|p2a: Quaquaval|Aqua Step|p1a: Landorus\n|-damage|p1a: Landorus|30\/100\n|-boost|p2a: Quaquaval|spe|1\n|\n|upkeep\n|\n|t:|1700950887\n|switch|p2b: Gholdengo|Gholdengo, L50|100\/100\n|turn|5\n|\n|t:|1700950901\n|move|p2a: Quaquaval|Aqua Jet|p1a: Landorus\n|-damage|p1a: Landorus|0 fnt\n|faint|p1a: Landorus\n|-ability|p2a: Quaquaval|Moxie|boost\n|-boost|p2a: Quaquaval|atk|1\n|move|p1b: Chien-Pao|Sucker Punch||[still]\n|-fail|p1b: Chien-Pao\n|move|p2b: Gholdengo|Make It Rain|p1b: Chien-Pao\n|-supereffective|p1b: Chien-Pao\n|-damage|p1b: Chien-Pao|0 fnt\n|-unboost|p2b: Gholdengo|spa|1\n|faint|p1b: Chien-Pao\n|\n|upkeep\n|\n|t:|1700950912\n|switch|p1b: Ogerpon|Ogerpon-Hearthflame, L50, F|100\/100\n|-ability|p1b: Ogerpon|Mold Breaker\n|turn|6\n|\n|t:|1700950933\n|move|p1b: Ogerpon|Protect|p1b: Ogerpon\n|-singleturn|p1b: Ogerpon|Protect\n|move|p2a: Quaquaval|Aqua Step|p1b: Ogerpon\n|-activate|p1b: Ogerpon|move: Protect\n|move|p2b: Gholdengo|Shadow Ball|p1b: Ogerpon\n|-activate|p1b: Ogerpon|move: Protect\n|\n|upkeep\n|turn|7\n|\n|t:|1700950958\n|move|p2a: Quaquaval|Close Combat|p1b: Ogerpon\n|-damage|p1b: Ogerpon|0 fnt\n|-unboost|p2a: Quaquaval|def|1\n|-unboost|p2a: Quaquaval|spd|1\n|faint|p1b: Ogerpon\n|\n|win|Felip_Obi\n|raw|Gbnj's rating: 1298 &rarr; <strong>1275<\/strong><br \/>(-23 for losing)\n|raw|Felip_Obi's rating: 1331 &rarr; <strong>1349<\/strong><br \/>(+18 for winning)\n|l|\u2606Gbnj\n","uploadtime":1700950966,"views":2,"p1id":"gbnj","p2id":"felipobi","formatid":"gen9vgc2023regulatione","rating":1275,"private":0,"password":""}