{"id":"gen9vgc2023regulatione-1997663440","p1":"Cyalia12","p2":"Mastrota89","format":"[Gen 9] VGC 2023 Regulation E","log":"|j|\u2606Cyalia12\n|j|\u2606Mastrota89\n|n|\u2606Cyalia12|cyalia12\n|n|\u2606Mastrota89|mastrota89\n|html|View the match progress at <a href=\"\/game-bestof3-gen9vgc2023regulatione-1997654925\">game-bestof3-gen9vgc2023regulatione-1997654925<\/a>\n|t:|1700839125\n|gametype|doubles\n|player|p1|Cyalia12|youngster-gen4dp|\n|player|p2|Mastrota89|thorton|\n|teamsize|p1|6\n|teamsize|p2|6\n|gen|9\n|tier|[Gen 9] VGC 2023 Regulation E\n|rule|Species Clause: Limit one of each Pok\u00e9mon\n|rule|Item Clause: Limit one of each item\n|clearpoke\n|poke|p1|Arcanine-Hisui, L50, F|\n|poke|p1|Chien-Pao, L50|\n|poke|p1|Rillaboom, L50, M|\n|poke|p1|Gholdengo, L50|\n|poke|p1|Tornadus, L50, M|\n|poke|p1|Urshifu-*, L50, F|\n|poke|p2|Amoonguss, L50, F|\n|poke|p2|Landorus-Therian, L50, M|\n|poke|p2|Flutter Mane, L50|\n|poke|p2|Iron Hands, L50|\n|poke|p2|Roaring Moon, L50|\n|poke|p2|Heatran, L50, M|\n|teampreview|4\nCyalia12 has agreed to open team sheets.\nMastrota89 has agreed to open team sheets.\n|showteam|p1|Arcanine-Hisui||ChoiceBand|Intimidate|ExtremeSpeed,FlareBlitz,RockSlide,TeraBlast|||F|||50|,,,,,Fairy]Chien-Pao||FocusSash|SwordofRuin|IcicleCrash,SuckerPunch,SacredSword,Protect||||||50|,,,,,Ghost]Rillaboom||AssaultVest|GrassySurge|WoodHammer,HighHorsepower,GrassyGlide,FakeOut|||M|||50|,,,,,Fire]Gholdengo||Leftovers|GoodasGold|Protect,MakeItRain,ShadowBall,NastyPlot||||||50|,,,,,Dragon]Tornadus||RockyHelmet|Prankster|Tailwind,BleakwindStorm,Taunt,RainDance|||M|||50|,,,,,Steel]Urshifu-Rapid-Strike||MysticWater|UnseenFist|SurgingStrikes,CloseCombat,AquaJet,Detect|||F|||50|,,,,,Water\n|showteam|p2|Amoonguss||RockyHelmet|Regenerator|Protect,RagePowder,Spore,PollenPuff|||F|||50|,,,,,Water]Landorus-Therian||ChoiceScarf|Intimidate|RockSlide,TeraBlast,StompingTantrum,Uturn|||M|||50|,,,,,Flying]Flutter Mane||ChoiceSpecs|Protosynthesis|DazzlingGleam,Moonblast,ShadowBall,PerishSong||||||50|,,,,,Fairy]Iron Hands||AssaultVest|QuarkDrive|WildCharge,FakeOut,VoltSwitch,DrainPunch||||||50|,,,,,Water]Roaring Moon||BoosterEnergy|Protosynthesis|Protect,Acrobatics,DragonDance,KnockOff||||||50|,,,,,Flying]Heatran||Leftovers|FlashFire|MagmaStorm,Protect,Substitute,EarthPower|||M|||50|,,,,,Fairy\n|\n|t:|1700839247\n|start\n|switch|p1a: Tornadus|Tornadus, L50, M|100\/100\n|switch|p1b: Arcanine|Arcanine-Hisui, L50, F, shiny|100\/100\n|switch|p2a: Iron Hands|Iron Hands, L50, shiny|100\/100\n|switch|p2b: Heatran|Heatran, L50, M, shiny|100\/100\n|-ability|p1b: Arcanine|Intimidate|boost\n|-unboost|p2a: Iron Hands|atk|1\n|-unboost|p2b: Heatran|atk|1\n|turn|1\n|\n|t:|1700839295\n|-terastallize|p1b: Arcanine|Fairy\n|move|p2a: Iron Hands|Fake Out|p1b: Arcanine\n|-damage|p1b: Arcanine|87\/100\n|move|p1a: Tornadus|Rain Dance|p1a: Tornadus\n|-weather|RainDance\n|cant|p1b: Arcanine|flinch\n|move|p2b: Heatran|Magma Storm|p1b: Arcanine\n|-damage|p1b: Arcanine|55\/100\n|-activate|p1b: Arcanine|move: Magma Storm|[of] p2b: Heatran\n|\n|-weather|RainDance|[upkeep]\n|-damage|p1b: Arcanine|43\/100|[from] move: Magma Storm|[partiallytrapped]\n|upkeep\n|turn|2\n|j| 2016 Hypebeast\n|\n|t:|1700839362\n|-terastallize|p2a: Iron Hands|Water\n|move|p1b: Arcanine|Rock Slide|p2a: Iron Hands|[spread] p2a,p2b\n|-damage|p2a: Iron Hands|72\/100\n|-damage|p2b: Heatran|59\/100\n|move|p1a: Tornadus|Bleakwind Storm|p2b: Heatran|[spread] p2a,p2b\n|-resisted|p2b: Heatran\n|-damage|p2a: Iron Hands|55\/100\n|-damage|p2b: Heatran|47\/100\n|-unboost|p2b: Heatran|spe|1\n|move|p2b: Heatran|Magma Storm|p1a: Tornadus|[miss]\n|-miss|p2b: Heatran|p1a: Tornadus\n|move|p2a: Iron Hands|Volt Switch|p1a: Tornadus\n|-supereffective|p1a: Tornadus\n|-damage|p1a: Tornadus|68\/100\n|\n|t:|1700839383\n|-end|p2a: Iron Hands|Quark Drive|[silent]\n|switch|p2a: Flutter Mane|Flutter Mane, L50, shiny|100\/100|[from] Volt Switch\n|\n|-weather|RainDance|[upkeep]\n|-heal|p2b: Heatran|53\/100|[from] item: Leftovers\n|-damage|p1b: Arcanine|31\/100|[from] move: Magma Storm|[partiallytrapped]\n|upkeep\n|turn|3\n|\n|t:|1700839412\n|move|p1a: Tornadus|Tailwind|p1a: Tornadus\n|-sidestart|p1: Cyalia12|move: Tailwind\n|move|p1b: Arcanine|Rock Slide|p2a: Flutter Mane|[spread] p2a,p2b\n|-damage|p2a: Flutter Mane|36\/100\n|-damage|p2b: Heatran|17\/100\n|move|p2a: Flutter Mane|Dazzling Gleam|p1a: Tornadus|[spread] p1a,p1b\n|-damage|p1a: Tornadus|24\/100\n|-damage|p1b: Arcanine|0 fnt\n|faint|p1b: Arcanine\n|cant|p2b: Heatran|flinch\n|\n|-weather|RainDance|[upkeep]\n|-heal|p2b: Heatran|23\/100|[from] item: Leftovers\n|upkeep\n|\n|t:|1700839422\n|switch|p1b: Chien-Pao|Chien-Pao, L50|100\/100\n|-ability|p1b: Chien-Pao|Sword of Ruin\n|turn|4\n|j| higashi no gab\n|\n|t:|1700839469\n|move|p1b: Chien-Pao|Sacred Sword|p2b: Heatran\n|-supereffective|p2b: Heatran\n|-damage|p2b: Heatran|0 fnt\n|faint|p2b: Heatran\n|move|p1a: Tornadus|Bleakwind Storm|p2a: Flutter Mane\n|-damage|p2a: Flutter Mane|0 fnt\n|faint|p2a: Flutter Mane\n|-end|p2a: Flutter Mane|Protosynthesis|[silent]\n|\n|-weather|RainDance|[upkeep]\n|upkeep\n|\n|t:|1700839474\n|switch|p2a: Amoonguss|Amoonguss, L50, F, shiny|100\/100\n|switch|p2b: Iron Hands|Iron Hands, L50, shiny, tera:Water|55\/100\n|turn|5\n|\n|t:|1700839499\n|switch|p1a: Rillaboom|Rillaboom, L50, M|100\/100\n|-fieldstart|move: Grassy Terrain|[from] ability: Grassy Surge|[of] p1a: Rillaboom\n|move|p1b: Chien-Pao|Protect|p1b: Chien-Pao\n|-singleturn|p1b: Chien-Pao|Protect\n|move|p2a: Amoonguss|Protect|p2a: Amoonguss\n|-singleturn|p2a: Amoonguss|Protect\n|move|p2b: Iron Hands|Drain Punch|p1b: Chien-Pao\n|-activate|p1b: Chien-Pao|move: Protect\n|\n|-weather|none\n|-heal|p2b: Iron Hands|61\/100|[from] Grassy Terrain\n|upkeep\n|turn|6\n|l| higashi no gab\n|\n|t:|1700839587\n|move|p1b: Chien-Pao|Icicle Crash|p2a: Amoonguss\n|-supereffective|p2a: Amoonguss\n|-damage|p2a: Amoonguss|10\/100\n|move|p1a: Rillaboom|Wood Hammer|p2b: Iron Hands\n|-supereffective|p2b: Iron Hands\n|-damage|p2b: Iron Hands|0 fnt\n|faint|p2b: Iron Hands\n|-end|p2b: Iron Hands|Quark Drive|[silent]\n|-damage|p1a: Rillaboom|75\/100|[from] Recoil\n|cant|p2a: Amoonguss|flinch\n|\n|-heal|p1a: Rillaboom|81\/100|[from] Grassy Terrain\n|-heal|p2a: Amoonguss|16\/100|[from] Grassy Terrain\n|-sideend|p1: Cyalia12|move: Tailwind\n|upkeep\n|turn|7\n|\n|t:|1700839612\n|move|p1a: Rillaboom|Grassy Glide|p2a: Amoonguss\n|-resisted|p2a: Amoonguss\n|-damage|p2a: Amoonguss|5\/100\n|-damage|p1a: Rillaboom|65\/100|[from] item: Rocky Helmet|[of] p2a: Amoonguss\n|move|p1b: Chien-Pao|Sacred Sword|p2a: Amoonguss\n|-resisted|p2a: Amoonguss\n|-damage|p2a: Amoonguss|0 fnt\n|-damage|p1b: Chien-Pao|84\/100|[from] item: Rocky Helmet|[of] p2a: Amoonguss\n|faint|p2a: Amoonguss\n|\n|win|Cyalia12\n|c|\u2606Mastrota89|gg\n|c|\u2606Cyalia12|gg\n|j| higashi no gab\n|l| higashi no gab\n|l|\u2606Mastrota89\n","uploadtime":1700839624,"views":11,"p1id":"cyalia12","p2id":"mastrota89","formatid":"gen9vgc2023regulatione","rating":0,"private":0,"password":""}