{"id":"gen9vgc2023regulatione-1999749162","p1":"HyruleanTubist","p2":"RegidracoMalfoy","format":"[Gen 9] VGC 2023 Regulation E","log":"|j|\u2606HyruleanTubist\n|j|\u2606RegidracoMalfoy\n|t:|1701113271\n|gametype|doubles\n|player|p1|HyruleanTubist|102|1209\n|player|p2|RegidracoMalfoy|169|1270\n|teamsize|p1|6\n|teamsize|p2|6\n|gen|9\n|tier|[Gen 9] VGC 2023 Regulation E\n|rated|\n|rule|Species Clause: Limit one of each Pok\u00e9mon\n|rule|Item Clause: Limit one of each item\n|clearpoke\n|poke|p1|Landorus-Therian, L50, M|\n|poke|p1|Kommo-o, L50, M|\n|poke|p1|Sinistcha, L50|\n|poke|p1|Regieleki, L50|\n|poke|p1|Indeedee-F, L50, F|\n|poke|p1|Kingambit, L50, F|\n|poke|p2|Dusclops, L50, M|\n|poke|p2|Iron Hands, L50|\n|poke|p2|Heatran, L50, M|\n|poke|p2|Ogerpon-Wellspring, L50, F|\n|poke|p2|Salamence, L50, M|\n|poke|p2|Urshifu-*, L50, M|\n|teampreview|4\n|inactive|Battle timer is ON: inactive players will automatically lose when time's up. (requested by RegidracoMalfoy)\n|inactive|HyruleanTubist also wants the timer to be on.\nRegidracoMalfoy has agreed to open team sheets.\n|inactive|HyruleanTubist has 60 seconds left.\n|inactive|RegidracoMalfoy has 60 seconds left.\nHyruleanTubist has agreed to open team sheets.\n|inactive|HyruleanTubist has 30 seconds left.\n|inactive|HyruleanTubist has 20 seconds left.\n|inactive|HyruleanTubist has 15 seconds left.\n|inactive|HyruleanTubist has 10 seconds left.\n|\n|t:|1701113356\n|start\n|switch|p1a: Landorus|Landorus-Therian, L50, M|100\/100\n|switch|p1b: Regieleki|Regieleki, L50|100\/100\n|switch|p2a: Dusclops|Dusclops, L50, M, shiny|100\/100\n|switch|p2b: Iron Hands|Iron Hands, L50|100\/100\n|-ability|p1a: Landorus|Intimidate|boost\n|-unboost|p2a: Dusclops|atk|1\n|-unboost|p2b: Iron Hands|atk|1\n|-item|p1a: Landorus|Choice Scarf|[from] ability: Frisk|[of] p2a: Dusclops|[identify]\n|-item|p1b: Regieleki|Magnet|[from] ability: Frisk|[of] p2a: Dusclops|[identify]\n|turn|1\n|inactive|HyruleanTubist has 30 seconds left.\n|inactive|HyruleanTubist has 20 seconds left.\n|inactive|HyruleanTubist has 15 seconds left.\n|\n|t:|1701113397\n|move|p2b: Iron Hands|Fake Out|p1a: Landorus\n|-damage|p1a: Landorus|88\/100\n|move|p1b: Regieleki|Thunderbolt|p2a: Dusclops\n|-damage|p2a: Dusclops|61\/100\n|cant|p1a: Landorus|flinch\n|move|p2a: Dusclops|Trick Room|p2a: Dusclops\n|-fieldstart|move: Trick Room|[of] p2a: Dusclops\n|\n|upkeep\n|turn|2\n|inactive|RegidracoMalfoy has 30 seconds left.\n|\n|t:|1701113429\n|move|p1b: Regieleki|Protect|p1b: Regieleki\n|-singleturn|p1b: Regieleki|Protect\n|move|p2a: Dusclops|Will-O-Wisp|p1a: Landorus\n|-status|p1a: Landorus|brn\n|move|p2b: Iron Hands|Heavy Slam|p1a: Landorus\n|-damage|p1a: Landorus|53\/100 brn\n|move|p1a: Landorus|Stomping Tantrum|p2b: Iron Hands\n|-supereffective|p2b: Iron Hands\n|-damage|p2b: Iron Hands|31\/100\n|\n|-damage|p1a: Landorus|47\/100 brn|[from] brn\n|upkeep\n|turn|3\n|inactive|RegidracoMalfoy has 30 seconds left.\n|inactive|RegidracoMalfoy has 20 seconds left.\n|\n|t:|1701113466\n|switch|p1b: Indeedee|Indeedee-F, L50, F|100\/100\n|-fieldstart|move: Psychic Terrain|[from] ability: Psychic Surge|[of] p1b: Indeedee\n|-enditem|p1b: Indeedee|Psychic Seed\n|-boost|p1b: Indeedee|spd|1|[from] item: Psychic Seed\n|move|p2a: Dusclops|Pain Split|p1b: Indeedee\n|-sethp|p1b: Indeedee|70\/100|[from] move: Pain Split|[silent]\n|-sethp|p2a: Dusclops|100\/100|[from] move: Pain Split\n|move|p2b: Iron Hands|Drain Punch|p1b: Indeedee\n|-damage|p1b: Indeedee|42\/100\n|-heal|p2b: Iron Hands|41\/100|[from] drain|[of] p1b: Indeedee\n|move|p1a: Landorus|Stomping Tantrum|p2b: Iron Hands\n|-supereffective|p2b: Iron Hands\n|-damage|p2b: Iron Hands|8\/100\n|\n|-damage|p1a: Landorus|41\/100 brn|[from] brn\n|upkeep\n|turn|4\n|inactive|RegidracoMalfoy has 30 seconds left.\n|\n|t:|1701113493\n|-end|p2b: Iron Hands|Quark Drive|[silent]\n|switch|p2b: Ogerpon|Ogerpon-Wellspring, L50, F|100\/100\n|move|p1b: Indeedee|Follow Me|p1b: Indeedee\n|-singleturn|p1b: Indeedee|move: Follow Me\n|move|p2a: Dusclops|Will-O-Wisp|p1b: Indeedee\n|-status|p1b: Indeedee|brn\n|move|p1a: Landorus|Stomping Tantrum|p2b: Ogerpon\n|-resisted|p2b: Ogerpon\n|-damage|p2b: Ogerpon|89\/100\n|\n|-damage|p1b: Indeedee|36\/100 brn|[from] brn\n|-damage|p1a: Landorus|35\/100 brn|[from] brn\n|upkeep\n|turn|5\n|inactive|HyruleanTubist has 30 seconds left.\n|inactive|RegidracoMalfoy has 30 seconds left.\n|inactive|HyruleanTubist has 20 seconds left.\n|inactive|HyruleanTubist has 15 seconds left.\n|\n|t:|1701113533\n|switch|p1b: Kingambit|Kingambit, L50, F|100\/100\n|switch|p1a: Regieleki|Regieleki, L50|100\/100\n|move|p2a: Dusclops|Night Shade|p1a: Regieleki\n|-damage|p1a: Regieleki|68\/100\n|move|p2b: Ogerpon|Horn Leech|p1a: Regieleki\n|-damage|p1a: Regieleki|0 fnt\n|-heal|p2b: Ogerpon|100\/100|[from] drain|[of] p1a: Regieleki\n|faint|p1a: Regieleki\n|\n|-fieldend|move: Trick Room\n|upkeep\n|\n|t:|1701113553\n|switch|p1a: Landorus|Landorus-Therian, L50, M|35\/100 brn\n|-ability|p1a: Landorus|Intimidate|boost\n|-unboost|p2a: Dusclops|atk|1\n|-unboost|p2b: Ogerpon|atk|1\n|turn|6\n|inactive|RegidracoMalfoy has 30 seconds left.\n|\n|t:|1701113580\n|-terastallize|p2a: Dusclops|Dark\n|move|p1a: Landorus|U-turn|p2b: Ogerpon\n|-supereffective|p2b: Ogerpon\n|-damage|p2b: Ogerpon|66\/100\n|\n|t:|1701113584\n|switch|p1a: Indeedee|Indeedee-F, L50, F|36\/100 brn|[from] U-turn\n|move|p2b: Ogerpon|Ivy Cudgel|p1b: Kingambit|[anim] Ivy Cudgel Water\n|-crit|p1b: Kingambit\n|-damage|p1b: Kingambit|29\/100\n|move|p1b: Kingambit|Kowtow Cleave|p2a: Dusclops\n|-resisted|p2a: Dusclops\n|-damage|p2a: Dusclops|83\/100\n|move|p2a: Dusclops|Trick Room|p2a: Dusclops\n|-fieldstart|move: Trick Room|[of] p2a: Dusclops\n|\n|-damage|p1a: Indeedee|30\/100 brn|[from] brn\n|upkeep\n|turn|7\n|inactive|HyruleanTubist has 30 seconds left.\n|\n|t:|1701113611\n|-terastallize|p1b: Kingambit|Dark\n|move|p1a: Indeedee|Follow Me|p1a: Indeedee\n|-singleturn|p1a: Indeedee|move: Follow Me\n|move|p2a: Dusclops|Will-O-Wisp|p1a: Indeedee\n|-fail|p1a: Indeedee|brn\n|move|p1b: Kingambit|Kowtow Cleave|p2b: Ogerpon\n|-damage|p2b: Ogerpon|0 fnt\n|faint|p2b: Ogerpon\n|\n|-damage|p1a: Indeedee|24\/100 brn|[from] brn\n|-fieldend|move: Psychic Terrain\n|upkeep\n|\n|t:|1701113626\n|switch|p2b: Iron Hands|Iron Hands, L50|8\/100\n|turn|8\n|\n|t:|1701113638\n|move|p2b: Iron Hands|Fake Out|p1a: Indeedee\n|-damage|p1a: Indeedee|10\/100 brn\n|cant|p1a: Indeedee|flinch\n|move|p1b: Kingambit|Sucker Punch||[still]\n|-fail|p1b: Kingambit\n|move|p2a: Dusclops|Will-O-Wisp|p1b: Kingambit\n|-status|p1b: Kingambit|brn\n|\n|-damage|p1b: Kingambit|23\/100 brn|[from] brn\n|-damage|p1a: Indeedee|3\/100 brn|[from] brn\n|upkeep\n|turn|9\n|\n|t:|1701113657\n|move|p1a: Indeedee|Follow Me|p1a: Indeedee\n|-singleturn|p1a: Indeedee|move: Follow Me\n|move|p2a: Dusclops|Night Shade|p1a: Indeedee\n|-immune|p1a: Indeedee\n|move|p2b: Iron Hands|Drain Punch|p1a: Indeedee\n|-damage|p1a: Indeedee|0 fnt\n|-heal|p2b: Iron Hands|10\/100|[from] drain|[of] p1a: Indeedee\n|faint|p1a: Indeedee\n|move|p1b: Kingambit|Iron Head|p2b: Iron Hands\n|-resisted|p2b: Iron Hands\n|-crit|p2b: Iron Hands\n|-damage|p2b: Iron Hands|0 fnt\n|faint|p2b: Iron Hands\n|-end|p2b: Iron Hands|Quark Drive|[silent]\n|\n|-damage|p1b: Kingambit|17\/100 brn|[from] brn\n|upkeep\n|\n|t:|1701113671\n|switch|p2b: Urshifu|Urshifu, L50, M|100\/100\n|switch|p1a: Landorus|Landorus-Therian, L50, M|35\/100 brn\n|-ability|p1a: Landorus|Intimidate|boost\n|-unboost|p2a: Dusclops|atk|1\n|-unboost|p2b: Urshifu|atk|1\n|turn|10\n|inactive|HyruleanTubist has 30 seconds left.\n|inactive|HyruleanTubist has 20 seconds left.\n|inactive|HyruleanTubist has 15 seconds left.\n|\n|t:|1701113715\n|move|p2b: Urshifu|Sucker Punch|p1a: Landorus\n|-damage|p1a: Landorus|7\/100 brn\n|move|p2a: Dusclops|Night Shade|p1a: Landorus\n|-damage|p1a: Landorus|0 fnt\n|faint|p1a: Landorus\n|move|p1b: Kingambit|Iron Head|p2b: Urshifu\n|-damage|p2b: Urshifu|79\/100\n|\n|-damage|p1b: Kingambit|12\/100 brn|[from] brn\n|-fieldend|move: Trick Room\n|upkeep\n|turn|11\n|\n|t:|1701113728\n|move|p2b: Urshifu|Sucker Punch|p1b: Kingambit\n|-resisted|p1b: Kingambit\n|-damage|p1b: Kingambit|2\/100 brn\n|move|p1b: Kingambit|Iron Head|p2a: Dusclops\n|-damage|p2a: Dusclops|68\/100\n|cant|p2a: Dusclops|flinch\n|\n|-damage|p1b: Kingambit|0 fnt|[from] brn\n|faint|p1b: Kingambit\n|\n|win|RegidracoMalfoy\n|upkeep\n|raw|HyruleanTubist's rating: 1209 &rarr; <strong>1188<\/strong><br \/>(-21 for losing)\n|raw|RegidracoMalfoy's rating: 1270 &rarr; <strong>1291<\/strong><br \/>(+21 for winning)\n|c|\u2606RegidracoMalfoy|gg\n|l|\u2606RegidracoMalfoy\n","uploadtime":1701113742,"views":5,"p1id":"hyruleantubist","p2id":"regidracomalfoy","formatid":"gen9vgc2023regulatione","rating":1188,"private":0,"password":""}