{"id":"gen9vgc2023regulatione-1996514009","p1":"previouslyunnamed","p2":"Emirnent","format":"[Gen 9] VGC 2023 Regulation E","log":"|j|\u2606previouslyunnamed\n|j|\u2606Emirnent\n|n|\u2606previouslyunnamed|previouslyunnamed\n|n|\u2606Emirnent|emirnent\n|html|View the match progress at <a href=\"\/game-bestof3-gen9vgc2023regulatione-1996510979\">game-bestof3-gen9vgc2023regulatione-1996510979<\/a>\n|t:|1700689459\n|gametype|doubles\n|player|p1|previouslyunnamed|ash|\n|player|p2|Emirnent|101|\n|teamsize|p1|6\n|teamsize|p2|6\n|gen|9\n|tier|[Gen 9] VGC 2023 Regulation E\n|rule|Species Clause: Limit one of each Pok\u00e9mon\n|rule|Item Clause: Limit one of each item\n|clearpoke\n|poke|p1|Staraptor, L50, M|\n|poke|p1|Torkoal, L50, M|\n|poke|p1|Scream Tail, L50|\n|poke|p1|Farigiraf, L50, F|\n|poke|p1|Urshifu-*, L50, F|\n|poke|p1|Ursaluna, L50, F|\n|poke|p2|Amoonguss, L50, M|\n|poke|p2|Heatran, L50, M|\n|poke|p2|Landorus-Therian, L50, M|\n|poke|p2|Iron Hands, L50|\n|poke|p2|Roaring Moon, L50|\n|poke|p2|Flutter Mane, L50|\n|teampreview|4\n|inactive|Battle timer is ON: inactive players will automatically lose when time's up. (requested by previouslyunnamed)\n|inactiveoff|Battle timer is now OFF.\n|\n|t:|1700689491\n|start\n|switch|p1a: Staraptor|Staraptor, L50, M|100\/100\n|switch|p1b: Scream Tail|Scream Tail, L50|100\/100\n|switch|p2a: Heatran|Heatran, L50, M|100\/100\n|switch|p2b: Flutter Mane|Flutter Mane, L50|100\/100\n|-ability|p1a: Staraptor|Intimidate|boost\n|-unboost|p2a: Heatran|atk|1\n|-unboost|p2b: Flutter Mane|atk|1\n|turn|1\n|\n|t:|1700689514\n|switch|p2a: Amoonguss|Amoonguss, L50, M|100\/100\n|move|p1a: Staraptor|U-turn|p2b: Flutter Mane\n|-resisted|p2b: Flutter Mane\n|-damage|p2b: Flutter Mane|94\/100\n|\n|t:|1700689520\n|switch|p1a: Ursaluna|Ursaluna, L50, F, shiny|100\/100|[from] U-turn\n|move|p2b: Flutter Mane|Shadow Ball|p1b: Scream Tail\n|-supereffective|p1b: Scream Tail\n|-damage|p1b: Scream Tail|30\/100\n|move|p1b: Scream Tail|Trick Room|p1b: Scream Tail\n|-fieldstart|move: Trick Room|[of] p1b: Scream Tail\n|\n|-status|p1a: Ursaluna|brn|[from] item: Flame Orb\n|upkeep\n|turn|2\n|\n|t:|1700689532\n|-end|p2b: Flutter Mane|Protosynthesis|[silent]\n|switch|p2b: Landorus|Landorus-Therian, L50, M|100\/100\n|-ability|p2b: Landorus|Intimidate|boost\n|-unboost|p1a: Ursaluna|atk|1\n|-unboost|p1b: Scream Tail|atk|1\n|move|p1b: Scream Tail|Helping Hand|p1a: Ursaluna\n|-singleturn|p1a: Ursaluna|Helping Hand|[of] p1b: Scream Tail\n|move|p1a: Ursaluna|Earthquake|p2a: Amoonguss|[spread] p1b,p2a\n|-immune|p2b: Landorus\n|-damage|p1b: Scream Tail|0 fnt\n|-damage|p2a: Amoonguss|51\/100\n|faint|p1b: Scream Tail\n|-end|p1b: Scream Tail|Protosynthesis|[silent]\n|move|p2a: Amoonguss|Pollen Puff|p1a: Ursaluna\n|-damage|p1a: Ursaluna|84\/100 brn\n|\n|-damage|p1a: Ursaluna|78\/100 brn|[from] brn\n|upkeep\n|\n|t:|1700689538\n|switch|p1b: Urshifu|Urshifu, L50, F|100\/100\n|turn|3\n|\n|t:|1700689572\n|switch|p2b: Flutter Mane|Flutter Mane, L50|94\/100\n|move|p1b: Urshifu|Protect|p1b: Urshifu\n|-singleturn|p1b: Urshifu|Protect\n|move|p1a: Ursaluna|Facade|p2a: Amoonguss\n|-damage|p2a: Amoonguss|0 fnt\n|-damage|p1a: Ursaluna|62\/100 brn|[from] item: Rocky Helmet|[of] p2a: Amoonguss\n|faint|p2a: Amoonguss\n|\n|-damage|p1a: Ursaluna|56\/100 brn|[from] brn\n|upkeep\n|\n|t:|1700689580\n|switch|p2a: Landorus|Landorus-Therian, L50, M|100\/100\n|-ability|p2a: Landorus|Intimidate|boost\n|-unboost|p1a: Ursaluna|atk|1\n|-unboost|p1b: Urshifu|atk|1\n|turn|4\n|\n|t:|1700689595\n|-terastallize|p1b: Urshifu|Dark\n|move|p1a: Ursaluna|Headlong Rush|p2b: Flutter Mane\n|-damage|p2b: Flutter Mane|29\/100\n|-unboost|p1a: Ursaluna|def|1\n|-unboost|p1a: Ursaluna|spd|1\n|move|p1b: Urshifu|Wicked Blow|p2a: Landorus\n|-crit|p2a: Landorus\n|-damage|p2a: Landorus|0 fnt\n|faint|p2a: Landorus\n|move|p2b: Flutter Mane|Dazzling Gleam|p1b: Urshifu|[spread] p1a,p1b\n|-supereffective|p1b: Urshifu\n|-damage|p1a: Ursaluna|0 fnt\n|-enditem|p1b: Urshifu|Focus Sash\n|-damage|p1b: Urshifu|1\/100\n|faint|p1a: Ursaluna\n|\n|upkeep\n|\n|t:|1700689607\n|switch|p1a: Staraptor|Staraptor, L50, M|100\/100\n|switch|p2a: Heatran|Heatran, L50, M|100\/100\n|-ability|p1a: Staraptor|Intimidate|boost\n|-unboost|p2a: Heatran|atk|1\n|-unboost|p2b: Flutter Mane|atk|1\n|turn|5\n|\n|t:|1700689634\n|-terastallize|p2a: Heatran|Fairy\n|move|p1b: Urshifu|Sucker Punch|p2b: Flutter Mane\n|-damage|p2b: Flutter Mane|0 fnt\n|faint|p2b: Flutter Mane\n|-end|p2b: Flutter Mane|Protosynthesis|[silent]\n|move|p2a: Heatran|Heat Wave|p1b: Urshifu|[spread] p1b\n|-miss|p2a: Heatran|p1a: Staraptor\n|-damage|p1b: Urshifu|0 fnt\n|faint|p1b: Urshifu\n|move|p1a: Staraptor|Brave Bird|p2a: Heatran\n|-damage|p2a: Heatran|57\/100\n|-damage|p1a: Staraptor|85\/100|[from] Recoil\n|\n|-heal|p2a: Heatran|63\/100|[from] item: Leftovers\n|-fieldend|move: Trick Room\n|upkeep\n|turn|6\n|\n|t:|1700689646\n|move|p2a: Heatran|Protect|p2a: Heatran\n|-singleturn|p2a: Heatran|Protect\n|move|p1a: Staraptor|Brave Bird|p2a: Heatran\n|-activate|p2a: Heatran|move: Protect\n|\n|-heal|p2a: Heatran|69\/100|[from] item: Leftovers\n|upkeep\n|turn|7\n|\n|t:|1700689652\n|move|p1a: Staraptor|Brave Bird|p2a: Heatran\n|-damage|p2a: Heatran|30\/100\n|-damage|p1a: Staraptor|72\/100|[from] Recoil\n|move|p2a: Heatran|Heat Wave|p1a: Staraptor\n|-damage|p1a: Staraptor|2\/100\n|\n|-heal|p2a: Heatran|36\/100|[from] item: Leftovers\n|upkeep\n|turn|8\n|\n|t:|1700689660\n|move|p2a: Heatran|Protect|p2a: Heatran\n|-singleturn|p2a: Heatran|Protect\n|move|p1a: Staraptor|Brave Bird|p2a: Heatran\n|-activate|p2a: Heatran|move: Protect\n|\n|-heal|p2a: Heatran|42\/100|[from] item: Leftovers\n|upkeep\n|turn|9\n|\n|t:|1700689662\n|move|p1a: Staraptor|Brave Bird|p2a: Heatran\n|-damage|p2a: Heatran|0 fnt\n|faint|p2a: Heatran\n|-damage|p1a: Staraptor|0 fnt|[from] Recoil\n|faint|p1a: Staraptor\n|\n|win|previouslyunnamed\n|c|&|\/uhtml prompt-emirnent,Emirnent is ready for game 3!\n|c|&|\/uhtml prompt-previouslyunnamed,previouslyunnamed is ready for game 3!\nBoth players are ready! Starting next match!\n","uploadtime":1700689951,"views":9,"p1id":"previouslyunnamed","p2id":"emirnent","formatid":"gen9vgc2023regulatione","rating":0,"private":0,"password":""}