{"id":"gen9vgc2023regulatione-1998514953","p1":"Cathybara","p2":"V4trena","format":"[Gen 9] VGC 2023 Regulation E","log":"|j|\u2606Cathybara\n|j|\u2606V4trena\n|n|\u2606Cathybara|cathybara\n|n|\u2606V4trena|v4trena\n|html|View the match progress at <a href=\"\/game-bestof3-gen9vgc2023regulatione-1998514952\">game-bestof3-gen9vgc2023regulatione-1998514952<\/a>\n|t:|1700951046\n|gametype|doubles\n|player|p1|Cathybara|caitlin|\n|player|p2|V4trena|170|\n|teamsize|p1|6\n|teamsize|p2|6\n|gen|9\n|tier|[Gen 9] VGC 2023 Regulation E\n|rule|Species Clause: Limit one of each Pok\u00e9mon\n|rule|Item Clause: Limit one of each item\n|clearpoke\n|poke|p1|Tauros-Paldea-Blaze, L50, M|\n|poke|p1|Volbeat, L50, M|\n|poke|p1|Samurott-Hisui, L50, F|\n|poke|p1|Gholdengo, L50|\n|poke|p1|Sylveon, L50, F|\n|poke|p1|Uxie, L50|\n|poke|p2|Chien-Pao, L50|\n|poke|p2|Arcanine-Hisui, L50, F|\n|poke|p2|Munkidori, L50, M|\n|poke|p2|Klefki, L50, F|\n|poke|p2|Basculegion-F, L50, F|\n|poke|p2|Conkeldurr, L50, F|\n|teampreview|4\n|c|\u2606V4trena|Um\n|c|\u2606V4trena|is this the right team\n|c|\u2606Cathybara|is it\n|c|\u2606Cathybara|for me or u\n|l|\u2606V4trena\n|player|p2|\n|j|\u2606V4trena\n|player|p2|V4trena|170\n|c|\u2606V4trena|Prepped for wrong person lmao\n|c|\u2606V4trena|lets Ball\n|c|\u2606Cathybara|OOP\n|c|\u2606Cathybara|u sure?\n|c|\u2606Cathybara|is it not the team for gambits game\n|c|\u2606Cathybara|or do u not have another\n|\n|t:|1700951201\n|start\n|switch|p1a: Volbeat|Volbeat, L50, M|100\/100\n|switch|p1b: Samurott|Samurott-Hisui, L50, F|100\/100\n|switch|p2a: Munkidori|Munkidori, L50, M|100\/100\n|switch|p2b: Arcanine|Arcanine-Hisui, L50, F|100\/100\n|-item|p1a: Volbeat|Covert Cloak|[from] ability: Frisk|[of] p2a: Munkidori|[identify]\n|-item|p1b: Samurott|Choice Band|[from] ability: Frisk|[of] p2a: Munkidori|[identify]\n|turn|1\n|l|\u2606V4trena\n|player|p2|\n|\n|t:|1700951271\n|move|p2a: Munkidori|Fake Out|p1b: Samurott\n|-damage|p1b: Samurott|91\/100\n|cant|p1b: Samurott|flinch\n|move|p1a: Volbeat|Tailwind|p1a: Volbeat\n|-sidestart|p1: Cathybara|move: Tailwind\n|move|p2b: Arcanine|Head Smash|p1b: Samurott\n|-damage|p1b: Samurott|3\/100\n|\n|upkeep\n|turn|2\n|j|\u2606V4trena\n|player|p2|V4trena|170\n|\n|t:|1700951321\n|switch|p2b: Basculegion|Basculegion-F, L50, F|100\/100\n|move|p1b: Samurott|Aqua Jet|p2b: Basculegion\n|-resisted|p2b: Basculegion\n|-damage|p2b: Basculegion|84\/100\n|move|p1a: Volbeat|Encore|p2a: Munkidori\n|-start|p2a: Munkidori|Encore\n|move|p2a: Munkidori|Fake Out||[still]\n|-hint|Fake Out only works on your first turn out.\n|-fail|p2a: Munkidori\n|\n|upkeep\n|turn|3\n|j| AncientFuture\n|\n|t:|1700951367\n|switch|p1b: Tauros|Tauros-Paldea-Blaze, L50, M|100\/100\n|-ability|p1b: Tauros|Intimidate|boost\n|-unboost|p2a: Munkidori|atk|1\n|-unboost|p2b: Basculegion|atk|1\n|switch|p1a: Sylveon|Sylveon, L50, F|100\/100\n|switch|p2a: Chien-Pao|Chien-Pao, L50|100\/100\n|-ability|p2a: Chien-Pao|Sword of Ruin\n|move|p2b: Basculegion|Icy Wind|p1a: Sylveon|[spread] p1a,p1b\n|-resisted|p1b: Tauros\n|-damage|p1a: Sylveon|87\/100\n|-damage|p1b: Tauros|91\/100\n|-unboost|p1a: Sylveon|spe|1\n|-unboost|p1b: Tauros|spe|1\n|\n|upkeep\n|turn|4\n|\n|t:|1700951403\n|switch|p2b: Munkidori|Munkidori, L50, M|100\/100\n|-item|p1a: Sylveon|Throat Spray|[from] ability: Frisk|[of] p2b: Munkidori|[identify]\n|-item|p1b: Tauros|Assault Vest|[from] ability: Frisk|[of] p2b: Munkidori|[identify]\n|move|p2a: Chien-Pao|Protect|p2a: Chien-Pao\n|-singleturn|p2a: Chien-Pao|Protect\n|move|p1b: Tauros|Double Kick|p2a: Chien-Pao\n|-activate|p2a: Chien-Pao|move: Protect\n|move|p1a: Sylveon|Hyper Voice|p2a: Chien-Pao|[spread] p2b\n|-activate|p2a: Chien-Pao|move: Protect\n|-resisted|p2b: Munkidori\n|-damage|p2b: Munkidori|80\/100\n|-enditem|p1a: Sylveon|Throat Spray\n|-boost|p1a: Sylveon|spa|1|[from] item: Throat Spray\n|\n|-sideend|p1: Cathybara|move: Tailwind\n|upkeep\n|turn|5\n|\n|t:|1700951421\n|switch|p1b: Samurott|Samurott-Hisui, L50, F|3\/100\n|move|p1a: Sylveon|Detect|p1a: Sylveon\n|-singleturn|p1a: Sylveon|Protect\n|move|p2a: Chien-Pao|Icicle Crash|p1a: Sylveon\n|-activate|p1a: Sylveon|move: Protect\n|move|p2b: Munkidori|Psychic|p1b: Samurott\n|-immune|p1b: Samurott\n|\n|upkeep\n|turn|6\n|\n|t:|1700951451\n|move|p2b: Munkidori|Protect|p2b: Munkidori\n|-singleturn|p2b: Munkidori|Protect\n|move|p1b: Samurott|Aqua Jet|p2a: Chien-Pao\n|-damage|p2a: Chien-Pao|58\/100\n|move|p2a: Chien-Pao|Icicle Crash|p1a: Sylveon\n|-damage|p1a: Sylveon|15\/100\n|move|p1a: Sylveon|Hyper Voice|p2a: Chien-Pao|[spread] p2a\n|-activate|p2b: Munkidori|move: Protect\n|-supereffective|p2a: Chien-Pao\n|-damage|p2a: Chien-Pao|0 fnt\n|faint|p2a: Chien-Pao\n|\n|upkeep\n|\n|t:|1700951459\n|switch|p2a: Basculegion|Basculegion-F, L50, F|84\/100\n|turn|7\n|\n|t:|1700951480\n|switch|p1b: Volbeat|Volbeat, L50, M|100\/100\n|move|p1a: Sylveon|Detect|p1a: Sylveon\n|-singleturn|p1a: Sylveon|Protect\n|move|p2b: Munkidori|Psychic|p1a: Sylveon\n|-activate|p1a: Sylveon|move: Protect\n|move|p2a: Basculegion|Icy Wind|p1b: Volbeat|[spread] \n|-activate|p1a: Sylveon|move: Protect\n|-miss|p2a: Basculegion|p1b: Volbeat\n|\n|upkeep\n|turn|8\n|\n|t:|1700951512\n|switch|p1a: Samurott|Samurott-Hisui, L50, F|3\/100\n|move|p1b: Volbeat|Tailwind|p1b: Volbeat\n|-sidestart|p1: Cathybara|move: Tailwind\n|move|p2b: Munkidori|Psychic|p1a: Samurott\n|-immune|p1a: Samurott\n|move|p2a: Basculegion|Icy Wind|p1b: Volbeat|[spread] p1a,p1b\n|-resisted|p1a: Samurott\n|-crit|p1b: Volbeat\n|-damage|p1a: Samurott|0 fnt\n|-damage|p1b: Volbeat|70\/100\n|faint|p1a: Samurott\n|\n|upkeep\n|\n|t:|1700951526\n|switch|p1a: Tauros|Tauros-Paldea-Blaze, L50, M|91\/100\n|-ability|p1a: Tauros|Intimidate|boost\n|-unboost|p2a: Basculegion|atk|1\n|-unboost|p2b: Munkidori|atk|1\n|turn|9\n|\n|t:|1700951549\n|-terastallize|p1a: Tauros|Water\n|move|p1b: Volbeat|Helping Hand|p1a: Tauros\n|-singleturn|p1a: Tauros|Helping Hand|[of] p1b: Volbeat\n|move|p2b: Munkidori|Protect|p2b: Munkidori\n|-singleturn|p2b: Munkidori|Protect\n|move|p1a: Tauros|Lash Out|p2a: Basculegion\n|-supereffective|p2a: Basculegion\n|-damage|p2a: Basculegion|0 fnt\n|faint|p2a: Basculegion\n|\n|upkeep\n|\n|t:|1700951553\n|switch|p2a: Arcanine|Arcanine-Hisui, L50, F|100\/100\n|turn|10\n|j| NoNotNobody\n|\n|t:|1700951594\n|-terastallize|p2a: Arcanine|Fire\n|move|p1b: Volbeat|Encore|p2b: Munkidori\n|-start|p2b: Munkidori|Encore\n|move|p1a: Tauros|High Horsepower|p2a: Arcanine\n|-supereffective|p2a: Arcanine\n|-damage|p2a: Arcanine|19\/100\n|move|p2a: Arcanine|Head Smash|p1a: Tauros\n|-damage|p1a: Tauros|13\/100\n|move|p2b: Munkidori|Protect||[still]\n|-fail|p2b: Munkidori\n|\n|upkeep\n|turn|11\n|c|\u2606V4trena|Gr\n|\n|t:|1700951615\n|move|p2b: Munkidori|Protect|p2b: Munkidori\n|-singleturn|p2b: Munkidori|Protect\n|move|p1b: Volbeat|Encore|p2a: Arcanine\n|-start|p2a: Arcanine|Encore\n|move|p1a: Tauros|High Horsepower|p2a: Arcanine\n|-supereffective|p2a: Arcanine\n|-crit|p2a: Arcanine\n|-damage|p2a: Arcanine|0 fnt\n|faint|p2a: Arcanine\n|\n|-sideend|p1: Cathybara|move: Tailwind\n|upkeep\n|turn|12\n|\n|t:|1700951624\n|move|p2b: Munkidori|Protect||[still]\n|-fail|p2b: Munkidori\n|move|p1b: Volbeat|Tailwind|p1b: Volbeat\n|-sidestart|p1: Cathybara|move: Tailwind\n|move|p1a: Tauros|High Horsepower|p2b: Munkidori\n|-supereffective|p2b: Munkidori\n|-damage|p2b: Munkidori|0 fnt\n|faint|p2b: Munkidori\n|\n|win|Cathybara\n|c|\u2606Cathybara|gg\n|l|\u2606V4trena\n|c|&|\/uhtml prompt-cathybara,Cathybara is ready for game 2!\n|inactive|V4trena has 50 seconds to confirm battle start!\n|c|&|\/uhtml prompt-cathybara,Cathybara is ready for game 2!\n|j|\u2606V4trena\n|player|p2|V4trena|170\n|inactive|V4trena has 40 seconds to confirm battle start!\n|c|\u2606V4trena|Ready\n|inactive|V4trena has 30 seconds to confirm battle start!\n|c|\u2606V4trena|How\n|c|\u2606Cathybara|oh go into the bo3 bit\n|c|\u2606Cathybara|and click im ready\n|inactive|V4trena has 20 seconds to confirm battle start!\n|c| NoNotNobody|Click the button\n|inactive|V4trena has 10 seconds to confirm battle start!\n|c|\u2606V4trena|There\u2019s nothing\n|c|\u2606V4trena|lol\n|l| AncientFuture\n|c|\u2606V4trena|im mobile\n|c|\u2606Cathybara|maybe its iffy if u dc?\nBoth players are ready! Starting next match!\n|c| NoNotNobody|Nah it works even if you dc\n|l| NoNotNobody\n|j| NoNotNobody\n|l| NoNotNobody\n|l|\u2606V4trena\n|player|p2|\n","uploadtime":1700951884,"views":7,"p1id":"cathybara","p2id":"v4trena","formatid":"gen9vgc2023regulatione","rating":0,"private":0,"password":""}