{"id":"gen9vgc2023regulatione-1994285267","p1":"STGHMAAV","p2":"christianfinity","format":"[Gen 9] VGC 2023 Regulation E","log":"|j|\u2606STGHMAAV\n|j|\u2606christianfinity\n|n|\u2606STGHMAAV|stghmaav\n|n|\u2606christianfinity|christianfinity\n|html|View the match progress at <a href=\"\/game-bestof3-gen9vgc2023regulatione-1994285266\">game-bestof3-gen9vgc2023regulatione-1994285266<\/a>\n|t:|1700427054\n|gametype|doubles\n|player|p1|STGHMAAV|101|\n|player|p2|christianfinity|youngathlete|\n|teamsize|p1|6\n|teamsize|p2|6\n|gen|9\n|tier|[Gen 9] VGC 2023 Regulation E\n|rated|Tournament battle\n|rule|Species Clause: Limit one of each Pok\u00e9mon\n|rule|Item Clause: Limit one of each item\n|clearpoke\n|poke|p1|Iron Hands, L50|\n|poke|p1|Rillaboom, L50, M|\n|poke|p1|Urshifu-*, L50, M|\n|poke|p1|Flutter Mane, L50|\n|poke|p1|Heatran, L50, F|\n|poke|p1|Arcanine-Hisui, L50, F|\n|poke|p2|Ninetales-Alola, L50, M|\n|poke|p2|Ogerpon-Wellspring, L50, F|\n|poke|p2|Baxcalibur, L50, M|\n|poke|p2|Arcanine-Hisui, L50, M|\n|poke|p2|Gholdengo, L50|\n|poke|p2|Rillaboom, L50, M|\n|teampreview|4\n|showteam|p1|Iron Hands||AssaultVest|QuarkDrive|FakeOut,DrainPunch,HeavySlam,WildCharge||||||50|,,,,,Grass]Rillaboom||MiracleSeed|GrassySurge|FakeOut,GrassyGlide,Uturn,Protect|||M|||50|,,,,,Fire]Urshifu-Rapid-Strike||MysticWater|UnseenFist|Detect,SurgingStrikes,CloseCombat,AquaJet|||M|||50|,,,,,Water]Flutter Mane||BoosterEnergy|Protosynthesis|ShadowBall,Moonblast,DazzlingGleam,Protect||||||50|,,,,,Fairy]Heatran||Leftovers|FlashFire|EarthPower,MagmaStorm,TeraBlast,Protect|||F|||50|,,,,,Fairy]Arcanine-Hisui||SafetyGoggles|Intimidate|Protect,WillOWisp,FlareBlitz,RockSlide|||F|||50|,,,,,Water\n|showteam|p2|Ninetales-Alola||LightClay|SnowWarning|AuroraVeil,IcyWind,Moonblast,Encore|||M|||50|,,,,,Ghost]Ogerpon-Wellspring||WellspringMask|WaterAbsorb|SwordsDance,IvyCudgel,HornLeech,SpikyShield|||F|||50|,,,,,Water]Baxcalibur||ClearAmulet|IceBody|DragonDance,IcicleCrash,HighHorsepower,Protect|||M|||50|,,,,,Poison]Arcanine-Hisui||ChoiceBand|Intimidate|FlareBlitz,RockSlide,ExtremeSpeed,TeraBlast|||M|||50|,,,,,Fairy]Gholdengo||Leftovers|GoodasGold|NastyPlot,MakeItRain,ShadowBall,Protect||||||50|,,,,,Fairy]Rillaboom||AssaultVest|GrassySurge|FakeOut,GrassyGlide,DrumBeating,HighHorsepower|||M|||50|,,,,,Fire\n|j|%Radio Free C-Side\n|c|\u2606STGHMAAV|Uuuuh snow team, nice!\n|c|\u2606STGHMAAV|Glad to see some Bax + Ninetales\n|c|\u2606STGHMAAV|glhf!\n|j| ale cog\n|\n|t:|1700427108\n|start\n|switch|p1a: Arcanine|Arcanine-Hisui, L50, F|100\/100\n|switch|p1b: Iron Hands|Iron Hands, L50|100\/100\n|switch|p2a: Serendipity|Ninetales-Alola, L50, M, shiny|100\/100\n|switch|p2b: Vacuole|Ogerpon-Wellspring, L50, F|100\/100\n|-weather|Snow|[from] ability: Snow Warning|[of] p2a: Serendipity\n|-ability|p1a: Arcanine|Intimidate|boost\n|-unboost|p2a: Serendipity|atk|1\n|-unboost|p2b: Vacuole|atk|1\n|turn|1\n|\n|t:|1700427127\n|move|p2b: Vacuole|Spiky Shield|p2b: Vacuole\n|-singleturn|p2b: Vacuole|move: Protect\n|move|p2a: Serendipity|Aurora Veil|p2a: Serendipity\n|-sidestart|p2: christianfinity|move: Aurora Veil\n|move|p1a: Arcanine|Will-O-Wisp|p2b: Vacuole\n|-activate|p2b: Vacuole|move: Protect\n|move|p1b: Iron Hands|Heavy Slam|p2a: Serendipity\n|-supereffective|p2a: Serendipity\n|-damage|p2a: Serendipity|6\/100\n|\n|-weather|Snow|[upkeep]\n|upkeep\n|turn|2\n|j| mocha_06\n|\n|t:|1700427154\n|-terastallize|p1a: Arcanine|Water\n|move|p2a: Serendipity|Moonblast|p1a: Arcanine\n|-damage|p1a: Arcanine|63\/100\n|-unboost|p1a: Arcanine|spa|1\n|move|p1a: Arcanine|Will-O-Wisp|p2b: Vacuole|[miss]\n|-miss|p1a: Arcanine|p2b: Vacuole\n|move|p2b: Vacuole|Ivy Cudgel|p1a: Arcanine|[anim] Ivy Cudgel Water\n|-resisted|p1a: Arcanine\n|-crit|p1a: Arcanine\n|-damage|p1a: Arcanine|6\/100\n|move|p1b: Iron Hands|Heavy Slam|p2a: Serendipity\n|-supereffective|p2a: Serendipity\n|-damage|p2a: Serendipity|0 fnt\n|faint|p2a: Serendipity\n|\n|-weather|Snow|[upkeep]\n|upkeep\n|\n|t:|1700427172\n|switch|p2a: Baxter|Baxcalibur, L50, M|100\/100\n|turn|3\n|\n|t:|1700427184\n|move|p1a: Arcanine|Will-O-Wisp|p2b: Vacuole\n|-status|p2b: Vacuole|brn\n|move|p2b: Vacuole|Swords Dance|p2b: Vacuole\n|-boost|p2b: Vacuole|atk|2\n|move|p2a: Baxter|Dragon Dance|p2a: Baxter\n|-boost|p2a: Baxter|atk|1\n|-boost|p2a: Baxter|spe|1\n|move|p1b: Iron Hands|Drain Punch|p2a: Baxter\n|-supereffective|p2a: Baxter\n|-damage|p2a: Baxter|64\/100\n|\n|-weather|Snow|[upkeep]\n|-heal|p2a: Baxter|70\/100|[from] ability: Ice Body\n|-damage|p2b: Vacuole|95\/100 brn|[from] brn\n|upkeep\n|turn|4\n|\n|t:|1700427198\n|move|p2a: Baxter|Protect|p2a: Baxter\n|-singleturn|p2a: Baxter|Protect\n|move|p1a: Arcanine|Rock Slide|p2b: Vacuole|[spread] p2b\n|-activate|p2a: Baxter|move: Protect\n|-damage|p2b: Vacuole|76\/100 brn\n|move|p2b: Vacuole|Horn Leech|p1a: Arcanine\n|-supereffective|p1a: Arcanine\n|-damage|p1a: Arcanine|0 fnt\n|-heal|p2b: Vacuole|79\/100 brn|[from] drain|[of] p1a: Arcanine\n|faint|p1a: Arcanine\n|move|p1b: Iron Hands|Drain Punch|p2a: Baxter\n|-activate|p2a: Baxter|move: Protect\n|\n|-weather|Snow|[upkeep]\n|-heal|p2a: Baxter|76\/100|[from] ability: Ice Body\n|-damage|p2b: Vacuole|73\/100 brn|[from] brn\n|upkeep\n|\n|t:|1700427213\n|switch|p1a: Rillaboom|Rillaboom, L50, M|100\/100\n|-fieldstart|move: Grassy Terrain|[from] ability: Grassy Surge|[of] p1a: Rillaboom\n|turn|5\n|\n|t:|1700427228\n|move|p2a: Baxter|Protect||[still]\n|-fail|p2a: Baxter\n|move|p1a: Rillaboom|Fake Out|p2a: Baxter\n|-damage|p2a: Baxter|70\/100\n|move|p2b: Vacuole|Swords Dance|p2b: Vacuole\n|-boost|p2b: Vacuole|atk|2\n|move|p1b: Iron Hands|Drain Punch|p2a: Baxter\n|-supereffective|p2a: Baxter\n|-damage|p2a: Baxter|31\/100\n|\n|-weather|none\n|-heal|p2a: Baxter|37\/100|[from] Grassy Terrain\n|-heal|p2b: Vacuole|79\/100 brn|[from] Grassy Terrain\n|-damage|p2b: Vacuole|73\/100 brn|[from] brn\n|upkeep\n|turn|6\n|\n|t:|1700427262\n|move|p2a: Baxter|Protect|p2a: Baxter\n|-singleturn|p2a: Baxter|Protect\n|move|p2b: Vacuole|Spiky Shield|p2b: Vacuole\n|-singleturn|p2b: Vacuole|move: Protect\n|move|p1a: Rillaboom|Protect|p1a: Rillaboom\n|-singleturn|p1a: Rillaboom|Protect\n|move|p1b: Iron Hands|Drain Punch|p2a: Baxter\n|-activate|p2a: Baxter|move: Protect\n|\n|-heal|p2a: Baxter|44\/100|[from] Grassy Terrain\n|-heal|p2b: Vacuole|79\/100 brn|[from] Grassy Terrain\n|-damage|p2b: Vacuole|73\/100 brn|[from] brn\n|upkeep\n|turn|7\n|\n|t:|1700427291\n|-terastallize|p2a: Baxter|Poison\n|move|p1a: Rillaboom|Grassy Glide|p2a: Baxter\n|-resisted|p2a: Baxter\n|-damage|p2a: Baxter|29\/100\n|move|p2a: Baxter|Icicle Crash|p1a: Rillaboom\n|-supereffective|p1a: Rillaboom\n|-damage|p1a: Rillaboom|0 fnt\n|faint|p1a: Rillaboom\n|move|p2b: Vacuole|Ivy Cudgel|p1b: Iron Hands|[anim] Ivy Cudgel Water\n|-damage|p1b: Iron Hands|54\/100\n|move|p1b: Iron Hands|Drain Punch|p2a: Baxter\n|-resisted|p2a: Baxter\n|-damage|p2a: Baxter|16\/100\n|-heal|p1b: Iron Hands|60\/100|[from] drain|[of] p2a: Baxter\n|\n|-heal|p2a: Baxter|23\/100|[from] Grassy Terrain\n|-heal|p2b: Vacuole|79\/100 brn|[from] Grassy Terrain\n|-heal|p1b: Iron Hands|66\/100|[from] Grassy Terrain\n|-damage|p2b: Vacuole|73\/100 brn|[from] brn\n|upkeep\n|\n|t:|1700427296\n|switch|p1a: Heatran|Heatran, L50, F|100\/100\n|turn|8\n|\n|t:|1700427308\n|move|p2a: Baxter|High Horsepower|p1b: Iron Hands\n|-supereffective|p1b: Iron Hands\n|-damage|p1b: Iron Hands|2\/100\n|move|p2b: Vacuole|Ivy Cudgel|p1b: Iron Hands|[anim] Ivy Cudgel Water\n|-damage|p1b: Iron Hands|0 fnt\n|faint|p1b: Iron Hands\n|-end|p1b: Iron Hands|Quark Drive|[silent]\n|move|p1a: Heatran|Magma Storm|p2b: Vacuole|[miss]\n|-miss|p1a: Heatran|p2b: Vacuole\n|\n|-heal|p2a: Baxter|29\/100|[from] Grassy Terrain\n|-heal|p2b: Vacuole|79\/100 brn|[from] Grassy Terrain\n|-damage|p2b: Vacuole|73\/100 brn|[from] brn\n|-sideend|p2: christianfinity|move: Aurora Veil\n|upkeep\n|turn|9\n|\n|t:|1700427314\n|move|p2a: Baxter|High Horsepower|p1a: Heatran\n|-supereffective|p1a: Heatran\n|-damage|p1a: Heatran|0 fnt\n|faint|p1a: Heatran\n|\n|win|christianfinity\n|c|&|\/uhtml prompt-stghmaav,STGHMAAV is ready for game 2!\n|c|&|\/uhtml prompt-christianfinity,christianfinity is ready for game 2!\nBoth players are ready! Starting next match!\n|l| mocha_06\n|l|%Radio Free C-Side\n|l|\u2606STGHMAAV\n|l| ale cog\n|j| speedrunlegend\n","uploadtime":1700428359,"views":5,"p1id":"stghmaav","p2id":"christianfinity","formatid":"gen9vgc2023regulatione","rating":0,"private":0,"password":""}