{"id":"gen9vgc2023regulatione-1989166144","p1":"SuspiciousGoober76","p2":"LackieLackey","format":"[Gen 9] VGC 2023 Regulation E","log":"|j|\u2606SuspiciousGoober76\n|j|\u2606LackieLackey\n|t:|1699819211\n|gametype|doubles\n|player|p1|SuspiciousGoober76|pokefan|\n|player|p2|LackieLackey|102|\n|teamsize|p1|6\n|teamsize|p2|6\n|gen|9\n|tier|[Gen 9] VGC 2023 Regulation E\n|rule|Species Clause: Limit one of each Pok\u00e9mon\n|rule|Item Clause: Limit one of each item\n|clearpoke\n|poke|p1|Amoonguss, L50, M|\n|poke|p1|Tornadus, L50, M|\n|poke|p1|Electrode-Hisui, L50|\n|poke|p1|Flutter Mane, L50|\n|poke|p1|Iron Hands, L50|\n|poke|p1|Bergmite, L50, M|\n|poke|p2|Maushold-Four, L50|\n|poke|p2|Garchomp, L50, F|\n|poke|p2|Phantump, L50, M|\n|poke|p2|Volbeat, L50, M|\n|poke|p2|Lucario, L50, F|\n|poke|p2|Zangoose, L50, M|\n|teampreview|4\n|c|\u2606SuspiciousGoober76|glhf\n|c|\u2606LackieLackey|Gl jf\n|c|\u2606LackieLackey|*hf\n|\n|t:|1699819256\n|start\n|switch|p1a: Tornadus|Tornadus, L50, M|100\/100\n|switch|p1b: Electrode|Electrode-Hisui, L50|100\/100\n|switch|p2a: Lucario|Lucario, L50, F|100\/100\n|switch|p2b: Maushold|Maushold-Four, L50|100\/100\n|turn|1\n|\n|t:|1699819282\n|move|p2b: Maushold|Follow Me|p2b: Maushold\n|-singleturn|p2b: Maushold|move: Follow Me\n|move|p1a: Tornadus|Taunt|p2b: Maushold\n|-start|p2b: Maushold|move: Taunt\n|move|p1b: Electrode|Thunder Wave|p2b: Maushold\n|-status|p2b: Maushold|par\n|move|p2a: Lucario|Heal Pulse|p1b: Electrode\n|-fail|p1b: Electrode|heal\n|\n|-damage|p2a: Lucario|88\/100|[from] item: Sticky Barb\n|upkeep\n|turn|2\n|\n|t:|1699819300\n|move|p1a: Tornadus|Taunt|p2a: Lucario\n|-start|p2a: Lucario|move: Taunt\n|move|p1b: Electrode|Thunder Wave|p2a: Lucario\n|-status|p2a: Lucario|par\n|cant|p2a: Lucario|par\n|move|p2b: Maushold|Population Bomb|p2a: Lucario\n|-resisted|p2a: Lucario\n|-damage|p2a: Lucario|79\/100 par\n|-resisted|p2a: Lucario\n|-damage|p2a: Lucario|69\/100 par\n|-resisted|p2a: Lucario\n|-damage|p2a: Lucario|61\/100 par\n|-resisted|p2a: Lucario\n|-damage|p2a: Lucario|52\/100 par\n|-resisted|p2a: Lucario\n|-damage|p2a: Lucario|42\/100 par\n|-resisted|p2a: Lucario\n|-damage|p2a: Lucario|32\/100 par\n|-resisted|p2a: Lucario\n|-damage|p2a: Lucario|23\/100 par\n|-resisted|p2a: Lucario\n|-damage|p2a: Lucario|14\/100 par\n|-resisted|p2a: Lucario\n|-damage|p2a: Lucario|6\/100 par\n|-resisted|p2a: Lucario\n|-damage|p2a: Lucario|0 fnt\n|faint|p2a: Lucario\n|-hitcount|p2: Lucario|10\n|\n|upkeep\n|\n|t:|1699819312\n|switch|p2a: Zangoose|Zangoose, L50, M|100\/100\n|turn|3\n|\n|t:|1699819342\n|switch|p1a: Flutter Mane|Flutter Mane, L50|100\/100\n|switch|p2b: Volbeat|Volbeat, L50, M|100\/100\n|move|p1b: Electrode|Thunder Wave|p2a: Zangoose\n|-status|p2a: Zangoose|par\n|move|p2a: Zangoose|Belly Drum|p2a: Zangoose\n|-damage|p2a: Zangoose|50\/100 par\n|-setboost|p2a: Zangoose|atk|6|[from] move: Belly Drum\n|\n|-damage|p2b: Volbeat|88\/100|[from] item: Black Sludge\n|upkeep\n|turn|4\n|\n|t:|1699819362\n|move|p2b: Volbeat|Confuse Ray|p2a: Zangoose\n|-start|p2a: Zangoose|confusion\n|move|p1b: Electrode|Taunt|p2b: Volbeat\n|-start|p2b: Volbeat|move: Taunt\n|move|p1a: Flutter Mane|Moonblast|p2a: Zangoose\n|-damage|p2a: Zangoose|0 fnt\n|faint|p2a: Zangoose\n|\n|-damage|p2b: Volbeat|76\/100|[from] item: Black Sludge\n|upkeep\n|\n|t:|1699819370\n|switch|p2a: Maushold|Maushold-Four, L50|100\/100 par\n|turn|5\n|\n|t:|1699819378\n|move|p1b: Electrode|Taunt|p2a: Maushold\n|-start|p2a: Maushold|move: Taunt\n|move|p1a: Flutter Mane|Moonblast|p1b: Electrode\n|-damage|p1b: Electrode|0 fnt\n|faint|p1b: Electrode\n|move|p2b: Volbeat|Infestation|p2a: Maushold\n|-damage|p2a: Maushold|94\/100 par\n|-activate|p2a: Maushold|move: Infestation|[of] p2b: Volbeat\n|cant|p2a: Maushold|move: Taunt|Switcheroo\n|\n|-damage|p2b: Volbeat|64\/100|[from] item: Black Sludge\n|-damage|p2a: Maushold|82\/100 par|[from] move: Infestation|[partiallytrapped]\n|upkeep\n|\n|t:|1699819385\n|switch|p1b: Tornadus|Tornadus, L50, M|100\/100\n|turn|6\n|\n|t:|1699819399\n|move|p1b: Tornadus|Taunt|p1a: Flutter Mane\n|-start|p1a: Flutter Mane|move: Taunt\n|move|p1a: Flutter Mane|Moonblast|p1b: Tornadus\n|-damage|p1b: Tornadus|0 fnt\n|faint|p1b: Tornadus\n|move|p2b: Volbeat|Infestation|p2a: Maushold\n|-damage|p2a: Maushold|74\/100 par\n|move|p2a: Maushold|Population Bomb|p1a: Flutter Mane\n|-immune|p1a: Flutter Mane\n|\n|-damage|p2b: Volbeat|52\/100|[from] item: Black Sludge\n|-damage|p2a: Maushold|62\/100 par|[from] move: Infestation|[partiallytrapped]\n|upkeep\n|\n|t:|1699819410\n|switch|p1b: Iron Hands|Iron Hands, L50|100\/100\n|turn|7\n|\n|t:|1699819417\n|move|p1b: Iron Hands|Fake Out|p2b: Volbeat\n|-damage|p2b: Volbeat|28\/100\n|move|p1a: Flutter Mane|Moonblast|p2a: Maushold\n|-damage|p2a: Maushold|0 fnt\n|faint|p2a: Maushold\n|cant|p2b: Volbeat|flinch\n|\n|-damage|p2b: Volbeat|16\/100|[from] item: Black Sludge\n|-end|p2b: Volbeat|move: Taunt\n|upkeep\n|turn|8\n|\n|t:|1699819434\n|move|p1b: Iron Hands|Fake Out||[still]\n|-hint|Fake Out only works on your first turn out.\n|-fail|p1b: Iron Hands\n|move|p1a: Flutter Mane|Moonblast|p2b: Volbeat\n|-damage|p2b: Volbeat|0 fnt\n|faint|p2b: Volbeat\n|\n|win|SuspiciousGoober76\n|c|\u2606SuspiciousGoober76|Shit\n|c|\u2606SuspiciousGoober76|I forgot\n|c|\u2606SuspiciousGoober76|Bro\n|c|\u2606LackieLackey|I was infesting the iron hands so it didn\u2019t matter\n|l|\u2606LackieLackey\n|j|\u2606LackieLackey\n|player|p2|LackieLackey|102\n","uploadtime":1699819502,"views":14,"p1id":"suspiciousgoober76","p2id":"lackielackey","formatid":"gen9vgc2023regulatione","rating":0,"private":0,"password":""}