{"id":"gen9vgc2023regulatione-1999883367","p1":"SonofFin","p2":"Matcha Man Savage","format":"[Gen 9] VGC 2023 Regulation E","log":"|j|\u2606SonofFin\n|j|\u2606Matcha Man Savage\n|t:|1701126061\n|gametype|doubles\n|player|p1|SonofFin|170|1281\n|player|p2|Matcha Man Savage|pokemaniac|1187\n|teamsize|p1|6\n|teamsize|p2|6\n|gen|9\n|tier|[Gen 9] VGC 2023 Regulation E\n|rated|\n|rule|Species Clause: Limit one of each Pok\u00e9mon\n|rule|Item Clause: Limit one of each item\n|clearpoke\n|poke|p1|Flutter Mane, L50|\n|poke|p1|Cresselia, L50, F|\n|poke|p1|Landorus-Therian, L50, M|\n|poke|p1|Urshifu-*, L50, F|\n|poke|p1|Heatran, L50, F|\n|poke|p1|Chien-Pao, L50|\n|poke|p2|Baxcalibur, L50, M|\n|poke|p2|Landorus-Therian, L50, M|\n|poke|p2|Goodra-Hisui, L50, F|\n|poke|p2|Scream Tail, L50|\n|poke|p2|Moltres-Galar, L50|\n|poke|p2|Ninetales-Alola, L50, F|\n|teampreview|4\n|inactive|Battle timer is ON: inactive players will automatically lose when time's up. (requested by Matcha Man Savage)\n|inactive|SonofFin has 60 seconds left.\n|inactive|Matcha Man Savage has 60 seconds left.\nSonofFin has agreed to open team sheets.\nMatcha Man Savage has agreed to open team sheets.\n|inactive|Matcha Man Savage has 30 seconds left.\n|\n|t:|1701126137\n|start\n|switch|p1a: Heatran|Heatran, L50, F|100\/100\n|switch|p1b: Cresselia|Cresselia, L50, F|100\/100\n|switch|p2a: Lando Calrissian|Landorus-Therian, L50, M, shiny|100\/100\n|switch|p2b: AWOOOO|Scream Tail, L50|100\/100\n|-ability|p2a: Lando Calrissian|Intimidate|boost\n|-unboost|p1a: Heatran|atk|1\n|-unboost|p1b: Cresselia|atk|1\n|-enditem|p2b: AWOOOO|Booster Energy\n|-activate|p2b: AWOOOO|ability: Protosynthesis|[fromitem]\n|-start|p2b: AWOOOO|protosynthesisspe\n|turn|1\n|inactive|SonofFin has 30 seconds left.\n|inactive|Matcha Man Savage has 30 seconds left.\n|inactive|Matcha Man Savage has 20 seconds left.\n|\n|t:|1701126174\n|-terastallize|p2a: Lando Calrissian|Flying\n|-terastallize|p1a: Heatran|Grass\n|move|p2b: AWOOOO|Imprison|p2b: AWOOOO\n|-start|p2b: AWOOOO|move: Imprison\n|move|p2a: Lando Calrissian|Tera Blast|p1a: Heatran|[anim] Tera Blast Flying\n|-supereffective|p1a: Heatran\n|-damage|p1a: Heatran|0 fnt\n|faint|p1a: Heatran\n|cant|p1b: Cresselia|move: Imprison|Trick Room\n|\n|upkeep\n|\n|t:|1701126185\n|switch|p1a: Chien-Pao|Chien-Pao, L50|100\/100\n|-ability|p1a: Chien-Pao|Sword of Ruin\n|turn|2\n|\n|t:|1701126205\n|move|p2b: AWOOOO|Play Rough|p1a: Chien-Pao\n|-supereffective|p1a: Chien-Pao\n|-damage|p1a: Chien-Pao|10\/100\n|move|p2a: Lando Calrissian|Tera Blast|p1a: Chien-Pao|[anim] Tera Blast Flying\n|-damage|p1a: Chien-Pao|0 fnt\n|faint|p1a: Chien-Pao\n|move|p1b: Cresselia|Calm Mind|p1b: Cresselia\n|-boost|p1b: Cresselia|spa|1\n|-boost|p1b: Cresselia|spd|1\n|\n|upkeep\n|\n|t:|1701126213\n|switch|p1a: Flutter Mane|Flutter Mane, L50|100\/100\n|-enditem|p1a: Flutter Mane|Booster Energy\n|-activate|p1a: Flutter Mane|ability: Protosynthesis|[fromitem]\n|-start|p1a: Flutter Mane|protosynthesisspe\n|turn|3\n|\n|t:|1701126229\n|move|p1a: Flutter Mane|Icy Wind|p2b: AWOOOO|[spread] p2a,p2b\n|-supereffective|p2a: Lando Calrissian\n|-damage|p2a: Lando Calrissian|63\/100\n|-damage|p2b: AWOOOO|90\/100\n|-unboost|p2a: Lando Calrissian|spe|1\n|-unboost|p2b: AWOOOO|spe|1\n|move|p2b: AWOOOO|Play Rough|p1a: Flutter Mane\n|-damage|p1a: Flutter Mane|29\/100\n|move|p2a: Lando Calrissian|Tera Blast|p1a: Flutter Mane|[anim] Tera Blast Flying\n|-damage|p1a: Flutter Mane|0 fnt\n|faint|p1a: Flutter Mane\n|-end|p1a: Flutter Mane|Protosynthesis|[silent]\n|move|p1b: Cresselia|Calm Mind|p1b: Cresselia\n|-boost|p1b: Cresselia|spa|1\n|-boost|p1b: Cresselia|spd|1\n|\n|upkeep\n|turn|4\n|\n|t:|1701126248\n|move|p2b: AWOOOO|Howl|p2b: AWOOOO|[spread] p2a,p2b\n|-boost|p2a: Lando Calrissian|atk|1\n|-boost|p2b: AWOOOO|atk|1\n|move|p2a: Lando Calrissian|Tera Blast|p1b: Cresselia|[anim] Tera Blast Flying\n|-damage|p1b: Cresselia|29\/100\n|move|p1b: Cresselia|Dazzling Gleam|p2b: AWOOOO|[spread] p2a,p2b\n|-damage|p2a: Lando Calrissian|36\/100\n|-damage|p2b: AWOOOO|70\/100\n|\n|upkeep\n|turn|5\n|-message|SonofFin forfeited.\n|\n|win|Matcha Man Savage\n|raw|SonofFin's rating: 1281 &rarr; <strong>1249<\/strong><br \/>(-32 for losing)\n|raw|Matcha Man Savage's rating: 1187 &rarr; <strong>1219<\/strong><br \/>(+32 for winning)\n|l|\u2606SonofFin\n","uploadtime":1701126261,"views":9,"p1id":"sonoffin","p2id":"matchamansavage","formatid":"gen9vgc2023regulatione","rating":1219,"private":0,"password":""}