{"id":"gen9vgc2023regulatione-1992371379","p1":"brainfulig","p2":"vgcproto","format":"[Gen 9] VGC 2023 Regulation E","log":"|j|\u2606brainfulig\n|j|\u2606vgcproto\n|t:|1700179861\n|gametype|doubles\n|player|p1|brainfulig|cynthia|1380\n|player|p2|vgcproto|lucas|1437\n|teamsize|p1|6\n|teamsize|p2|6\n|gen|9\n|tier|[Gen 9] VGC 2023 Regulation E\n|rated|\n|rule|Species Clause: Limit one of each Pok\u00e9mon\n|rule|Item Clause: Limit one of each item\n|clearpoke\n|poke|p1|Ninetales-Alola, L50, M|\n|poke|p1|Empoleon, L50, M|\n|poke|p1|Roaring Moon, L50|\n|poke|p1|Sinistcha, L50|\n|poke|p1|Urshifu-*, L50, F|\n|poke|p1|Arcanine-Hisui, L50, F|\n|poke|p2|Empoleon, L50, F|\n|poke|p2|Garchomp, L50, M|\n|poke|p2|Dondozo, L50, F|\n|poke|p2|Tatsugiri, L50, F|\n|poke|p2|Gardevoir, L50, F|\n|poke|p2|Gliscor, L50, F|\n|teampreview|4\n|inactive|Battle timer is ON: inactive players will automatically lose when time's up. (requested by brainfulig)\n|j| Slimpmega\n|inactive|brainfulig has 60 seconds left.\n|inactive|vgcproto has 60 seconds left.\n|inactive|brainfulig has 30 seconds left.\n|inactive|brainfulig has 20 seconds left.\n|inactive|brainfulig has 15 seconds left.\n|inactive|brainfulig has 10 seconds left.\n|inactive|brainfulig has 5 seconds left.\n|\n|t:|1700179951\n|start\n|switch|p1a: Ninetales|Ninetales-Alola, L50, M|100\/100\n|switch|p1b: Empoleon|Empoleon, L50, M|100\/100\n|switch|p2a: Garchomp|Garchomp, L50, M|100\/100\n|switch|p2b: Gardevoir|Gardevoir, L50, F|100\/100\n|-weather|Snow|[from] ability: Snow Warning|[of] p1a: Ninetales\n|turn|1\n|\n|t:|1700179975\n|-terastallize|p2a: Garchomp|Steel\n|move|p2b: Gardevoir|Helping Hand|p2a: Garchomp\n|-singleturn|p2a: Garchomp|Helping Hand|[of] p2b: Gardevoir\n|move|p1a: Ninetales|Aurora Veil|p1a: Ninetales\n|-sidestart|p1: brainfulig|move: Aurora Veil\n|move|p2a: Garchomp|Earthquake|p1b: Empoleon|[spread] p1a,p1b\n|-activate|p2b: Gardevoir|ability: Telepathy\n|-supereffective|p1b: Empoleon\n|-damage|p1a: Ninetales|62\/100\n|-damage|p1b: Empoleon|0 fnt\n|faint|p1b: Empoleon\n|\n|-weather|Snow|[upkeep]\n|upkeep\n|\n|t:|1700179993\n|switch|p1b: Arcanine|Arcanine-Hisui, L50, F|100\/100\n|-ability|p1b: Arcanine|Intimidate|boost\n|-unboost|p2a: Garchomp|atk|1\n|-unboost|p2b: Gardevoir|atk|1\n|turn|2\n|\n|t:|1700180007\n|-terastallize|p1b: Arcanine|Grass\n|move|p2b: Gardevoir|Helping Hand|p2a: Garchomp\n|-singleturn|p2a: Garchomp|Helping Hand|[of] p2b: Gardevoir\n|move|p1a: Ninetales|Protect|p1a: Ninetales\n|-singleturn|p1a: Ninetales|Protect\n|move|p2a: Garchomp|Earthquake|p1a: Ninetales|[spread] p1b\n|-activate|p1a: Ninetales|move: Protect\n|-activate|p2b: Gardevoir|ability: Telepathy\n|-resisted|p1b: Arcanine\n|-damage|p1b: Arcanine|86\/100\n|move|p1b: Arcanine|Flare Blitz|p2a: Garchomp\n|-supereffective|p2a: Garchomp\n|-enditem|p2a: Garchomp|Focus Sash\n|-damage|p2a: Garchomp|1\/100\n|-damage|p1b: Arcanine|73\/100|[from] ability: Rough Skin|[of] p2a: Garchomp\n|-damage|p1b: Arcanine|43\/100|[from] Recoil\n|-enditem|p1b: Arcanine|Sitrus Berry|[eat]\n|-heal|p1b: Arcanine|68\/100|[from] item: Sitrus Berry\n|\n|-weather|Snow|[upkeep]\n|upkeep\n|turn|3\n|\n|t:|1700180028\n|move|p1b: Arcanine|Extreme Speed|p2a: Garchomp\n|-resisted|p2a: Garchomp\n|-damage|p2a: Garchomp|0 fnt\n|-damage|p1b: Arcanine|56\/100|[from] ability: Rough Skin|[of] p2a: Garchomp\n|faint|p2a: Garchomp\n|move|p1a: Ninetales|Blizzard|p2b: Gardevoir\n|-damage|p2b: Gardevoir|65\/100\n|move|p2b: Gardevoir|Dazzling Gleam|p1a: Ninetales|[spread] p1a,p1b\n|-damage|p1a: Ninetales|40\/100\n|-damage|p1b: Arcanine|36\/100\n|\n|-weather|Snow|[upkeep]\n|upkeep\n|\n|t:|1700180039\n|switch|p2a: Dondozo|Dondozo, L50, F|100\/100\n|turn|4\n|\n|t:|1700180053\n|switch|p2b: Tatsugiri|Tatsugiri, L50, F|100\/100\n|-activate|p2b: Tatsugiri|ability: Commander|[of] p2a: Dondozo\n|-boost|p2a: Dondozo|atk|2\n|-boost|p2a: Dondozo|spa|2\n|-boost|p2a: Dondozo|spe|2\n|-boost|p2a: Dondozo|def|2\n|-boost|p2a: Dondozo|spd|2\n|switch|p1b: Sinistcha|Sinistcha, L50|100\/100\n|-heal|p1a: Ninetales|65\/100|[from] ability: Hospitality|[of] p1b: Sinistcha\n|move|p1a: Ninetales|Blizzard|p2b: Tatsugiri|[spread] p2a\n|-miss|p1a: Ninetales|p2b: Tatsugiri\n|-resisted|p2a: Dondozo\n|-damage|p2a: Dondozo|95\/100\n|move|p2a: Dondozo|Order Up|p1b: Sinistcha\n|-damage|p1b: Sinistcha|72\/100\n|-boost|p2a: Dondozo|atk|1\n|\n|-weather|Snow|[upkeep]\n|-heal|p2a: Dondozo|100\/100|[from] item: Leftovers\n|upkeep\n|turn|5\n|inactive|brainfulig has 30 seconds left.\n|inactive|brainfulig has 20 seconds left.\n|inactive|brainfulig has 15 seconds left.\n|inactive|brainfulig has 10 seconds left.\n|\n|t:|1700180101\n|move|p1a: Ninetales|Blizzard|p2a: Dondozo|[spread] p2a\n|-miss|p1a: Ninetales|p2b: Tatsugiri\n|-resisted|p2a: Dondozo\n|-damage|p2a: Dondozo|95\/100\n|move|p2a: Dondozo|Order Up|p1b: Sinistcha\n|-damage|p1b: Sinistcha|35\/100\n|-boost|p2a: Dondozo|atk|1\n|move|p1b: Sinistcha|Strength Sap|p2a: Dondozo\n|-unboost|p2a: Dondozo|atk|1\n|-heal|p1b: Sinistcha|100\/100\n|\n|-weather|none\n|-heal|p2a: Dondozo|100\/100|[from] item: Leftovers\n|upkeep\n|turn|6\n|\n|t:|1700180122\n|switch|p1a: Arcanine|Arcanine-Hisui, L50, F, tera:Grass|36\/100\n|-ability|p1a: Arcanine|Intimidate|boost\n|-unboost|p2a: Dondozo|atk|1\n|-unboost|p2b: Tatsugiri|atk|1\n|move|p2a: Dondozo|Earthquake|p1b: Sinistcha|[spread] p1a,p1b\n|-miss|p2a: Dondozo|p2b: Tatsugiri\n|-resisted|p1a: Arcanine\n|-resisted|p1b: Sinistcha\n|-damage|p1a: Arcanine|20\/100\n|-damage|p1b: Sinistcha|86\/100\n|move|p1b: Sinistcha|Strength Sap|p2a: Dondozo\n|-unboost|p2a: Dondozo|atk|1\n|-heal|p1b: Sinistcha|100\/100\n|\n|upkeep\n|turn|7\n|\n|t:|1700180133\n|switch|p1a: Ninetales|Ninetales-Alola, L50, M|65\/100\n|-weather|Snow|[from] ability: Snow Warning|[of] p1a: Ninetales\n|move|p2a: Dondozo|Order Up|p1a: Ninetales\n|-immune|p1a: Ninetales\n|move|p1b: Sinistcha|Strength Sap|p2a: Dondozo\n|-unboost|p2a: Dondozo|atk|1\n|\n|-weather|Snow|[upkeep]\n|upkeep\n|turn|8\n|\n|t:|1700180143\n|move|p1a: Ninetales|Blizzard|p2a: Dondozo|[spread] p2a\n|-miss|p1a: Ninetales|p2b: Tatsugiri\n|-resisted|p2a: Dondozo\n|-damage|p2a: Dondozo|95\/100\n|-status|p2a: Dondozo|frz\n|cant|p2a: Dondozo|frz\n|move|p1b: Sinistcha|Strength Sap|p2a: Dondozo\n|-unboost|p2a: Dondozo|atk|1\n|\n|-weather|Snow|[upkeep]\n|-heal|p2a: Dondozo|100\/100 frz|[from] item: Leftovers\n|-sideend|p1: brainfulig|move: Aurora Veil\n|upkeep\n|turn|9\n|\n|t:|1700180150\n|switch|p1a: Arcanine|Arcanine-Hisui, L50, F, tera:Grass|20\/100\n|-ability|p1a: Arcanine|Intimidate|boost\n|-unboost|p2a: Dondozo|atk|1\n|-unboost|p2b: Tatsugiri|atk|1\n|cant|p2a: Dondozo|frz\n|move|p1b: Sinistcha|Strength Sap|p2a: Dondozo\n|-unboost|p2a: Dondozo|atk|1\n|\n|-weather|Snow|[upkeep]\n|upkeep\n|turn|10\n|\n|t:|1700180158\n|switch|p1a: Ninetales|Ninetales-Alola, L50, M|65\/100\n|cant|p2a: Dondozo|frz\n|move|p1b: Sinistcha|Strength Sap|p2a: Dondozo\n|-unboost|p2a: Dondozo|atk|1\n|\n|-weather|Snow|[upkeep]\n|upkeep\n|turn|11\n|\n|t:|1700180166\n|move|p1a: Ninetales|Aurora Veil|p1a: Ninetales\n|-sidestart|p1: brainfulig|move: Aurora Veil\n|cant|p2a: Dondozo|frz\n|move|p1b: Sinistcha|Strength Sap|p2a: Dondozo\n|-unboost|p2a: Dondozo|atk|1\n|\n|-weather|none\n|upkeep\n|turn|12\n|\n|t:|1700180173\n|switch|p1a: Arcanine|Arcanine-Hisui, L50, F, tera:Grass|20\/100\n|-ability|p1a: Arcanine|Intimidate|boost\n|-unboost|p2a: Dondozo|atk|1\n|-unboost|p2b: Tatsugiri|atk|1\n|cant|p2a: Dondozo|frz\n|move|p1b: Sinistcha|Matcha Gotcha|p2b: Tatsugiri|[spread] p2a\n|-miss|p1b: Sinistcha|p2b: Tatsugiri\n|-supereffective|p2a: Dondozo\n|-damage|p2a: Dondozo|67\/100 frz\n|-curestatus|p2a: Dondozo|frz|[msg]\n|\n|-heal|p2a: Dondozo|73\/100|[from] item: Leftovers\n|upkeep\n|turn|13\n|\n|t:|1700180185\n|switch|p1a: Ninetales|Ninetales-Alola, L50, M|65\/100\n|-weather|Snow|[from] ability: Snow Warning|[of] p1a: Ninetales\n|move|p2a: Dondozo|Order Up|p1a: Ninetales\n|-immune|p1a: Ninetales\n|move|p1b: Sinistcha|Matcha Gotcha|p2a: Dondozo|[spread] \n|-miss|p1b: Sinistcha|p2b: Tatsugiri\n|-miss|p1b: Sinistcha|p2a: Dondozo\n|\n|-weather|Snow|[upkeep]\n|-heal|p2a: Dondozo|79\/100|[from] item: Leftovers\n|upkeep\n|turn|14\n|\n|t:|1700180193\n|move|p1a: Ninetales|Blizzard|p2a: Dondozo|[spread] p2a\n|-miss|p1a: Ninetales|p2b: Tatsugiri\n|-resisted|p2a: Dondozo\n|-damage|p2a: Dondozo|74\/100\n|-status|p2a: Dondozo|frz\n|cant|p2a: Dondozo|frz\n|move|p1b: Sinistcha|Matcha Gotcha|p2b: Tatsugiri|[spread] p2a\n|-miss|p1b: Sinistcha|p2b: Tatsugiri\n|-supereffective|p2a: Dondozo\n|-damage|p2a: Dondozo|45\/100 frz\n|-curestatus|p2a: Dondozo|frz|[msg]\n|\n|-weather|Snow|[upkeep]\n|-heal|p2a: Dondozo|51\/100|[from] item: Leftovers\n|upkeep\n|turn|15\n|\n|t:|1700180201\n|move|p1a: Ninetales|Blizzard|p2b: Tatsugiri|[spread] p2a\n|-miss|p1a: Ninetales|p2b: Tatsugiri\n|-resisted|p2a: Dondozo\n|-damage|p2a: Dondozo|46\/100\n|move|p2a: Dondozo|Earthquake|p1a: Ninetales|[spread] p1a,p1b\n|-miss|p2a: Dondozo|p2b: Tatsugiri\n|-crit|p1a: Ninetales\n|-resisted|p1b: Sinistcha\n|-damage|p1a: Ninetales|38\/100\n|-damage|p1b: Sinistcha|99\/100\n|move|p1b: Sinistcha|Matcha Gotcha|p2a: Dondozo|[spread] p2a\n|-miss|p1b: Sinistcha|p2b: Tatsugiri\n|-supereffective|p2a: Dondozo\n|-damage|p2a: Dondozo|15\/100\n|-heal|p1b: Sinistcha|100\/100|[from] drain|[of] p2a: Dondozo\n|-status|p2a: Dondozo|brn\n|\n|-weather|Snow|[upkeep]\n|-heal|p2a: Dondozo|21\/100 brn|[from] item: Leftovers\n|-damage|p2a: Dondozo|15\/100 brn|[from] brn\n|upkeep\n|turn|16\n|\n|t:|1700180211\n|move|p1a: Ninetales|Blizzard|p2b: Tatsugiri|[spread] p2a\n|-miss|p1a: Ninetales|p2b: Tatsugiri\n|-resisted|p2a: Dondozo\n|-damage|p2a: Dondozo|9\/100 brn\n|move|p2a: Dondozo|Rest|p2a: Dondozo\n|-status|p2a: Dondozo|slp|[from] move: Rest\n|-heal|p2a: Dondozo|100\/100 slp|[silent]\n|move|p1b: Sinistcha|Matcha Gotcha|p2b: Tatsugiri|[spread] p2a\n|-miss|p1b: Sinistcha|p2b: Tatsugiri\n|-supereffective|p2a: Dondozo\n|-damage|p2a: Dondozo|65\/100 slp\n|\n|-weather|Snow|[upkeep]\n|-heal|p2a: Dondozo|72\/100 slp|[from] item: Leftovers\n|upkeep\n|turn|17\n|\n|t:|1700180223\n|move|p1a: Ninetales|Moonblast|p2a: Dondozo\n|-damage|p2a: Dondozo|57\/100 slp\n|cant|p2a: Dondozo|slp\n|move|p2a: Dondozo|Sleep Talk|p2a: Dondozo\n|move|p2a: Dondozo|Order Up|p1a: Ninetales|[from]move: Sleep Talk\n|-immune|p1a: Ninetales\n|move|p1b: Sinistcha|Matcha Gotcha|p2b: Tatsugiri|[spread] p2a\n|-miss|p1b: Sinistcha|p2b: Tatsugiri\n|-supereffective|p2a: Dondozo\n|-crit|p2a: Dondozo\n|-damage|p2a: Dondozo|0 fnt\n|faint|p2a: Dondozo\n|\n|-weather|none\n|upkeep\n|\n|t:|1700180226\n|switch|p2a: Gardevoir|Gardevoir, L50, F|65\/100\n|turn|18\n|inactive|brainfulig has 30 seconds left.\n|\n|t:|1700180258\n|move|p2a: Gardevoir|Helping Hand|p2b: Tatsugiri\n|-singleturn|p2b: Tatsugiri|Helping Hand|[of] p2a: Gardevoir\n|move|p1a: Ninetales|Moonblast|p2b: Tatsugiri\n|-supereffective|p2b: Tatsugiri\n|-damage|p2b: Tatsugiri|28\/100\n|move|p2b: Tatsugiri|Muddy Water|p1b: Sinistcha|[spread] p1a,p1b\n|-resisted|p1b: Sinistcha\n|-damage|p1a: Ninetales|0 fnt\n|-damage|p1b: Sinistcha|69\/100\n|faint|p1a: Ninetales\n|move|p1b: Sinistcha|Matcha Gotcha|p2a: Gardevoir|[spread] p2a,p2b\n|-crit|p2b: Tatsugiri\n|-damage|p2a: Gardevoir|31\/100\n|-heal|p1b: Sinistcha|83\/100|[from] drain|[of] p2a: Gardevoir\n|-damage|p2b: Tatsugiri|0 fnt\n|-heal|p1b: Sinistcha|94\/100|[from] drain|[of] p2b: Tatsugiri\n|faint|p2b: Tatsugiri\n|\n|-sideend|p1: brainfulig|move: Aurora Veil\n|upkeep\n|\n|t:|1700180266\n|switch|p1a: Arcanine|Arcanine-Hisui, L50, F, tera:Grass|20\/100\n|-ability|p1a: Arcanine|Intimidate|boost\n|-unboost|p2a: Gardevoir|atk|1\n|turn|19\n|\n|t:|1700180271\n|move|p2a: Gardevoir|Protect|p2a: Gardevoir\n|-singleturn|p2a: Gardevoir|Protect\n|move|p1a: Arcanine|Extreme Speed|p2a: Gardevoir\n|-activate|p2a: Gardevoir|move: Protect\n|move|p1b: Sinistcha|Matcha Gotcha|p2a: Gardevoir\n|-activate|p2a: Gardevoir|move: Protect\n|\n|upkeep\n|turn|20\n|\n|t:|1700180276\n|move|p1a: Arcanine|Extreme Speed|p2a: Gardevoir\n|-damage|p2a: Gardevoir|0 fnt\n|faint|p2a: Gardevoir\n|\n|win|brainfulig\n|raw|brainfulig's rating: 1380 &rarr; <strong>1403<\/strong><br \/>(+23 for winning)\n|raw|vgcproto's rating: 1437 &rarr; <strong>1414<\/strong><br \/>(-23 for losing)\n|l|\u2606vgcproto\n","uploadtime":1700180278,"views":14,"p1id":"brainfulig","p2id":"vgcproto","formatid":"gen9vgc2023regulatione","rating":1403,"private":0,"password":""}