{"id":"gen9vgc2023regulatione-1991326473","p1":"kojiminori1","p2":"Therazer456","format":"[Gen 9] VGC 2023 Regulation E","log":"|j|\u2606kojiminori1\n|j|\u2606Therazer456\n|t:|1700067833\n|gametype|doubles\n|player|p1|kojiminori1|265|1511\n|player|p2|Therazer456|ghetsis|1539\n|teamsize|p1|6\n|teamsize|p2|6\n|gen|9\n|tier|[Gen 9] VGC 2023 Regulation E\n|rated|\n|rule|Species Clause: Limit one of each Pok\u00e9mon\n|rule|Item Clause: Limit one of each item\n|clearpoke\n|poke|p1|Iron Bundle, L50|\n|poke|p1|Regieleki, L50|\n|poke|p1|Urshifu-*, L50, M|\n|poke|p1|Ogerpon-Hearthflame, L50, F|\n|poke|p1|Rillaboom, L50, M|\n|poke|p1|Landorus, L50, M|\n|poke|p2|Empoleon, L50, M|\n|poke|p2|Rillaboom, L50, M|\n|poke|p2|Roaring Moon, L50|\n|poke|p2|Moltres, L50|\n|poke|p2|Grimmsnarl, L50, M|\n|poke|p2|Landorus-Therian, L50, M|\n|teampreview|4\n|inactive|Battle timer is ON: inactive players will automatically lose when time's up. (requested by kojiminori1)\n|j| Playsterco\n|inactive|kojiminori1 has 60 seconds left.\n|j| neusrel\n|inactive|kojiminori1 has 30 seconds left.\n|\n|t:|1700067899\n|start\n|switch|p1a: Ogerpon|Ogerpon-Hearthflame, L50, F|100\/100\n|switch|p1b: Regieleki|Regieleki, L50|100\/100\n|switch|p2a: Rillaboom|Rillaboom, L50, M|100\/100\n|switch|p2b: Empoleon|Empoleon, L50, M|100\/100\n|-ability|p1a: Ogerpon|Mold Breaker\n|-fieldstart|move: Grassy Terrain|[from] ability: Grassy Surge|[of] p2a: Rillaboom\n|turn|1\n|inactive|kojiminori1 has 30 seconds left.\n|\n|t:|1700067927\n|-terastallize|p2b: Empoleon|Dragon\n|move|p2a: Rillaboom|Fake Out|p1a: Ogerpon\n|-damage|p1a: Ogerpon|81\/100\n|move|p1b: Regieleki|Electroweb|p2a: Rillaboom|[spread] p2a,p2b\n|-resisted|p2a: Rillaboom\n|-resisted|p2b: Empoleon\n|-damage|p2a: Rillaboom|92\/100\n|-damage|p2b: Empoleon|90\/100\n|-unboost|p2a: Rillaboom|spe|1\n|-unboost|p2b: Empoleon|spe|1\n|-ability|p2b: Empoleon|Competitive|boost\n|-boost|p2b: Empoleon|spa|2\n|cant|p1a: Ogerpon|flinch\n|move|p2b: Empoleon|Water Pledge|p1b: Regieleki\n|-damage|p1b: Regieleki|0 fnt\n|faint|p1b: Regieleki\n|\n|-heal|p1a: Ogerpon|87\/100|[from] Grassy Terrain\n|-heal|p2a: Rillaboom|98\/100|[from] Grassy Terrain\n|-heal|p2b: Empoleon|96\/100|[from] Grassy Terrain\n|upkeep\n|inactive|kojiminori1 has 30 seconds left.\n|\n|t:|1700067956\n|switch|p1b: Iron Bundle|Iron Bundle, L50|100\/100\n|-enditem|p1b: Iron Bundle|Booster Energy\n|-activate|p1b: Iron Bundle|ability: Quark Drive|[fromitem]\n|-start|p1b: Iron Bundle|quarkdrivespe\n|turn|2\n|inactive|kojiminori1 has 30 seconds left.\n|\n|t:|1700067984\n|-terastallize|p1a: Ogerpon|Fire\n|detailschange|p1a: Ogerpon|Ogerpon-Hearthflame-Tera, L50, F, tera:Fire\n|-ability|p1a: Ogerpon|Embody Aspect (Hearthflame)|boost\n|-boost|p1a: Ogerpon|atk|1\n|move|p2a: Rillaboom|Grassy Glide|p1b: Iron Bundle\n|-supereffective|p1b: Iron Bundle\n|-damage|p1b: Iron Bundle|9\/100\n|move|p1b: Iron Bundle|Freeze-Dry|p2b: Empoleon\n|-supereffective|p2b: Empoleon\n|-damage|p2b: Empoleon|33\/100\n|move|p1a: Ogerpon|Ivy Cudgel|p2b: Empoleon|[anim] Ivy Cudgel Fire\n|-resisted|p2b: Empoleon\n|-damage|p2b: Empoleon|0 fnt\n|faint|p2b: Empoleon\n|\n|-heal|p1b: Iron Bundle|15\/100|[from] Grassy Terrain\n|-heal|p1a: Ogerpon|93\/100|[from] Grassy Terrain\n|-heal|p2a: Rillaboom|100\/100|[from] Grassy Terrain\n|upkeep\n|inactive|Therazer456 has 30 seconds left.\n|\n|t:|1700068012\n|switch|p2b: Roaring Moon|Roaring Moon, L50|100\/100\n|-enditem|p2b: Roaring Moon|Booster Energy\n|-activate|p2b: Roaring Moon|ability: Protosynthesis|[fromitem]\n|-start|p2b: Roaring Moon|protosynthesisatk\n|turn|3\n|inactive|kojiminori1 has 30 seconds left.\n|inactive|kojiminori1 has 20 seconds left.\n|\n|t:|1700068047\n|switch|p2a: Moltres|Moltres, L50|100\/100\n|move|p1b: Iron Bundle|Icy Wind|p2b: Roaring Moon|[spread] p2a,p2b\n|-supereffective|p2b: Roaring Moon\n|-damage|p2a: Moltres|79\/100\n|-damage|p2b: Roaring Moon|66\/100\n|-unboost|p2a: Moltres|spe|1\n|-unboost|p2b: Roaring Moon|spe|1\n|move|p1a: Ogerpon|Ivy Cudgel|p2a: Moltres|[anim] Ivy Cudgel Fire\n|-resisted|p2a: Moltres\n|-damage|p2a: Moltres|26\/100\n|move|p2b: Roaring Moon|Dragon Dance|p2b: Roaring Moon\n|-boost|p2b: Roaring Moon|atk|1\n|-boost|p2b: Roaring Moon|spe|1\n|\n|-heal|p1b: Iron Bundle|21\/100|[from] Grassy Terrain\n|-heal|p2b: Roaring Moon|72\/100|[from] Grassy Terrain\n|-heal|p1a: Ogerpon|99\/100|[from] Grassy Terrain\n|upkeep\n|turn|4\n|\n|t:|1700068071\n|move|p2b: Roaring Moon|Protect|p2b: Roaring Moon\n|-singleturn|p2b: Roaring Moon|Protect\n|move|p1b: Iron Bundle|Encore|p2b: Roaring Moon\n|-activate|p2b: Roaring Moon|move: Protect\n|move|p1a: Ogerpon|Ivy Cudgel|p2a: Moltres|[anim] Ivy Cudgel Fire\n|-resisted|p2a: Moltres\n|-damage|p2a: Moltres|0 fnt\n|faint|p2a: Moltres\n|\n|-heal|p1b: Iron Bundle|27\/100|[from] Grassy Terrain\n|-heal|p2b: Roaring Moon|77\/100|[from] Grassy Terrain\n|-heal|p1a: Ogerpon|100\/100|[from] Grassy Terrain\n|upkeep\n|\n|t:|1700068087\n|switch|p2a: Rillaboom|Rillaboom, L50, M|100\/100\n|turn|5\n|\n|t:|1700068095\n|move|p1b: Iron Bundle|Encore|p2b: Roaring Moon\n|-start|p2b: Roaring Moon|Encore\n|move|p2b: Roaring Moon|Protect||[still]\n|-fail|p2b: Roaring Moon\n|move|p1a: Ogerpon|Ivy Cudgel|p2a: Rillaboom|[anim] Ivy Cudgel Fire\n|-supereffective|p2a: Rillaboom\n|-damage|p2a: Rillaboom|0 fnt\n|faint|p2a: Rillaboom\n|\n|-heal|p1b: Iron Bundle|33\/100|[from] Grassy Terrain\n|-heal|p2b: Roaring Moon|83\/100|[from] Grassy Terrain\n|-fieldend|move: Grassy Terrain\n|upkeep\n|turn|6\n|-message|Therazer456 forfeited.\n|\n|win|kojiminori1\n|raw|kojiminori1's rating: 1511 &rarr; <strong>1534<\/strong><br \/>(+23 for winning)\n|raw|Therazer456's rating: 1568 &rarr; <strong>1545<\/strong><br \/>(-23 for losing)\n|l|\u2606Therazer456\n|l|\u2606kojiminori1\n","uploadtime":1700068135,"views":13,"p1id":"kojiminori1","p2id":"therazer456","formatid":"gen9vgc2023regulatione","rating":1534,"private":0,"password":""}