{"id":"gen9vgc2023regulatione-1998951882","p1":"Genericname01","p2":"5wamp","format":"[Gen 9] VGC 2023 Regulation E","log":"|j|\u2606Genericname01\n|j|\u26065wamp\n|n|\u2606Genericname01|genericname01\n|n|\u26065wamp|5wamp\n|html|View the match progress at <a href=\"\/game-bestof3-gen9vgc2023regulatione-1998947742\">game-bestof3-gen9vgc2023regulatione-1998947742<\/a>\n|t:|1701017019\n|gametype|doubles\n|player|p1|Genericname01|elesa|\n|player|p2|5wamp|carmine-festival|\n|teamsize|p1|6\n|teamsize|p2|6\n|gen|9\n|tier|[Gen 9] VGC 2023 Regulation E\n|rule|Species Clause: Limit one of each Pok\u00e9mon\n|rule|Item Clause: Limit one of each item\n|clearpoke\n|poke|p1|Annihilape, L50, M|\n|poke|p1|Sandy Shocks, L50|\n|poke|p1|Overqwil, L50, M|\n|poke|p1|Shiftry, L50, F|\n|poke|p1|Roaring Moon, L50|\n|poke|p1|Ninetales, L50, M|\n|poke|p2|Gholdengo, L50|\n|poke|p2|Iron Moth, L50|\n|poke|p2|Clefable, L50, F|\n|poke|p2|Krookodile, L50, M|\n|poke|p2|Tornadus, L50, M|\n|poke|p2|Milotic, L50, F|\n|teampreview|4\n|inactive|Battle timer is ON: inactive players will automatically lose when time's up. (requested by Genericname01)\n|j| idolhunter28273\n|c|\u26065wamp|glhf\n|c|\u2606Genericname01|glhf\n|\n|t:|1701017044\n|start\n|switch|p1a: Roaring Moon|Roaring Moon, L50|100\/100\n|switch|p1b: Annihilape|Annihilape, L50, M|100\/100\n|switch|p2a: Gholdengo|Gholdengo, L50|100\/100\n|switch|p2b: Clefable|Clefable, L50, F|100\/100\n|-enditem|p1a: Roaring Moon|Booster Energy\n|-activate|p1a: Roaring Moon|ability: Protosynthesis|[fromitem]\n|-start|p1a: Roaring Moon|protosynthesisatk\n|turn|1\n|j| pokemon_and_beer\n|inactiveoff|Battle timer is now OFF.\n|c| pokemon_and_beer|G3 HYPEEEE\n|\n|t:|1701017068\n|move|p2b: Clefable|Follow Me|p2b: Clefable\n|-singleturn|p2b: Clefable|move: Follow Me\n|move|p1b: Annihilape|Rage Fist|p2b: Clefable\n|-damage|p2b: Clefable|80\/100\n|move|p1a: Roaring Moon|Knock Off|p2b: Clefable\n|-resisted|p2b: Clefable\n|-damage|p2b: Clefable|52\/100\n|-enditem|p2b: Clefable|Sitrus Berry|[from] move: Knock Off|[of] p1a: Roaring Moon\n|move|p2a: Gholdengo|Nasty Plot|p2a: Gholdengo\n|-boost|p2a: Gholdengo|spa|2\n|\n|upkeep\n|turn|2\n|\n|t:|1701017108\n|switch|p1b: Ninetales|Ninetales, L50, M|100\/100\n|-weather|SunnyDay|[from] ability: Drought|[of] p1b: Ninetales\n|move|p2b: Clefable|Follow Me|p2b: Clefable\n|-singleturn|p2b: Clefable|move: Follow Me\n|move|p1a: Roaring Moon|Acrobatics|p2b: Clefable\n|-crit|p2b: Clefable\n|-damage|p2b: Clefable|0 fnt\n|faint|p2b: Clefable\n|move|p2a: Gholdengo|Nasty Plot|p2a: Gholdengo\n|-boost|p2a: Gholdengo|spa|2\n|\n|-weather|SunnyDay|[upkeep]\n|upkeep\n|\n|t:|1701017125\n|switch|p2b: Tornadus|Tornadus, L50, M|100\/100\n|turn|3\n|\n|t:|1701017142\n|-terastallize|p2a: Gholdengo|Dragon\n|move|p2b: Tornadus|Tailwind|p2b: Tornadus\n|-sidestart|p2: 5wamp|move: Tailwind\n|move|p2a: Gholdengo|Dazzling Gleam|p1b: Ninetales|[spread] p1a,p1b\n|-supereffective|p1a: Roaring Moon\n|-resisted|p1b: Ninetales\n|-damage|p1a: Roaring Moon|0 fnt\n|-damage|p1b: Ninetales|69\/100\n|faint|p1a: Roaring Moon\n|-end|p1a: Roaring Moon|Protosynthesis|[silent]\n|move|p1b: Ninetales|Fire Blast|p2a: Gholdengo\n|-resisted|p2a: Gholdengo\n|-damage|p2a: Gholdengo|68\/100\n|\n|-weather|SunnyDay|[upkeep]\n|upkeep\n|\n|t:|1701017169\n|switch|p1a: Sandy Shocks|Sandy Shocks, L50|100\/100\n|-activate|p1a: Sandy Shocks|ability: Protosynthesis\n|-start|p1a: Sandy Shocks|protosynthesisspa\n|turn|4\n|\n|t:|1701017181\n|-terastallize|p1a: Sandy Shocks|Ice\n|move|p2b: Tornadus|Bleakwind Storm|p1b: Ninetales|[spread] p1a\n|-miss|p2b: Tornadus|p1b: Ninetales\n|-damage|p1a: Sandy Shocks|57\/100\n|move|p2a: Gholdengo|Shadow Ball|p1a: Sandy Shocks\n|-damage|p1a: Sandy Shocks|0 fnt\n|faint|p1a: Sandy Shocks\n|-end|p1a: Sandy Shocks|Protosynthesis|[silent]\n|move|p1b: Ninetales|Fire Blast|p2b: Tornadus|[miss]\n|-miss|p1b: Ninetales|p2b: Tornadus\n|\n|-weather|SunnyDay|[upkeep]\n|upkeep\n|\n|t:|1701017190\n|switch|p1a: Annihilape|Annihilape, L50, M|100\/100\n|turn|5\n|\n|t:|1701017199\n|move|p2a: Gholdengo|Protect|p2a: Gholdengo\n|-singleturn|p2a: Gholdengo|Protect\n|move|p2b: Tornadus|Bleakwind Storm|p1b: Ninetales|[spread] p1a\n|-miss|p2b: Tornadus|p1b: Ninetales\n|-supereffective|p1a: Annihilape\n|-damage|p1a: Annihilape|29\/100\n|move|p1a: Annihilape|Rage Fist|p2a: Gholdengo\n|-activate|p2a: Gholdengo|move: Protect\n|move|p1b: Ninetales|Howl|p1b: Ninetales|[spread] p1a,p1b\n|-boost|p1a: Annihilape|atk|1\n|-boost|p1b: Ninetales|atk|1\n|\n|-weather|SunnyDay|[upkeep]\n|upkeep\n|turn|6\n|c|\u2606Genericname01|I think that's gg\n|c|\u26065wamp|yeah\n|c|\u26065wamp|ggwp\n|\n|t:|1701017218\n|switch|p2b: Krookodile|Krookodile, L50, M|100\/100\n|-ability|p2b: Krookodile|Intimidate|boost\n|-unboost|p1a: Annihilape|atk|1\n|-ability|p1a: Annihilape|Defiant|boost\n|-boost|p1a: Annihilape|atk|2\n|-unboost|p1b: Ninetales|atk|1\n|move|p2a: Gholdengo|Dazzling Gleam|p1a: Annihilape|[spread] p1a,p1b\n|-supereffective|p1a: Annihilape\n|-crit|p1a: Annihilape\n|-resisted|p1b: Ninetales\n|-damage|p1a: Annihilape|0 fnt\n|-damage|p1b: Ninetales|35\/100\n|faint|p1a: Annihilape\n|move|p1b: Ninetales|Fire Blast|p2a: Gholdengo\n|-resisted|p2a: Gholdengo\n|-damage|p2a: Gholdengo|35\/100\n|\n|-weather|SunnyDay|[upkeep]\n|-sideend|p2: 5wamp|move: Tailwind\n|upkeep\n|turn|7\n|c| idolhunter28273|howl is lit tho\n|c|\u2606Genericname01|ggs\n|c| idolhunter28273|fire blast is tough\n|\n|t:|1701017237\n|move|p2b: Krookodile|Aqua Tail|p1b: Ninetales\n|-supereffective|p1b: Ninetales\n|-damage|p1b: Ninetales|0 fnt\n|faint|p1b: Ninetales\n|\n|win|5wamp\n|c| idolhunter28273|so is bleakwind\n|c| idolhunter28273|lotta misses lol\n|c| idolhunter28273|gg to both\n|c|\u2606Genericname01|Howl ninetales is fire, I just wish I used it better\n|c|\u26065wamp|yeah missing is rough\n|c|\u2606Genericname01|GG\n|c|\u26065wamp|howl was so cool\n|l| idolhunter28273\n|c|\u26065wamp|rlly fun game\n|c|\u2606Genericname01|Does bleakwind get lowered in sun?\n|c|\u26065wamp|nah\n|l| pokemon_and_beer\n|c|\u26065wamp|only hurricane\n|c|\u2606Genericname01|Yeah, this was a great game\n|c|\u2606Genericname01|GGwp again\n","uploadtime":1701017364,"views":3,"p1id":"genericname01","p2id":"5wamp","formatid":"gen9vgc2023regulatione","rating":0,"private":0,"password":""}