{"id":"gen9vgc2023regulatione-1996705836","p1":"LaTomatia","p2":"RNGNO8","format":"[Gen 9] VGC 2023 Regulation E","log":"|j|\u2606LaTomatia\n|j|\u2606RNGNO8\n|t:|1700712227\n|gametype|doubles\n|player|p1|LaTomatia|1|1025\n|player|p2|RNGNO8|265|1023\n|teamsize|p1|6\n|teamsize|p2|6\n|gen|9\n|tier|[Gen 9] VGC 2023 Regulation E\n|rated|\n|rule|Species Clause: Limit one of each Pok\u00e9mon\n|rule|Item Clause: Limit one of each item\n|clearpoke\n|poke|p1|Scream Tail, L50|\n|poke|p1|Flutter Mane, L50|\n|poke|p1|Gothitelle, L50, M|\n|poke|p1|Amoonguss, L50, M|\n|poke|p1|Palafin, L50, M|\n|poke|p1|Arcanine, L50, F|\n|poke|p2|Amoonguss, L50, M|\n|poke|p2|Iron Bundle, L50|\n|poke|p2|Scizor, L50, F|\n|poke|p2|Pelipper, L50, M|\n|poke|p2|Ludicolo, L50, M|\n|poke|p2|Roaring Moon, L50|\n|teampreview|4\n|\n|t:|1700712265\n|start\n|switch|p1a: AAAAAAAAAAAA|Scream Tail, L50, shiny|100\/100\n|switch|p1b: INEEDAHERO|Palafin, L50, M|100\/100\n|switch|p2a: Scizor|Scizor, L50, F|100\/100\n|switch|p2b: Pelipper|Pelipper, L50, M|100\/100\n|-weather|RainDance|[from] ability: Drizzle|[of] p2b: Pelipper\n|-enditem|p1a: AAAAAAAAAAAA|Booster Energy\n|-activate|p1a: AAAAAAAAAAAA|ability: Protosynthesis|[fromitem]\n|-start|p1a: AAAAAAAAAAAA|protosynthesisspe\n|turn|1\n|\n|t:|1700712306\n|detailschange|p1b: INEEDAHERO|Palafin-Hero, L50, M\n|switch|p1b: GO BIRD|Gothitelle, L50, M|100\/100\n|move|p2a: Scizor|Bullet Punch|p1a: AAAAAAAAAAAA\n|-supereffective|p1a: AAAAAAAAAAAA\n|-damage|p1a: AAAAAAAAAAAA|52\/100\n|move|p1a: AAAAAAAAAAAA|Perish Song|p1a: AAAAAAAAAAAA\n|-start|p1a: AAAAAAAAAAAA|perish3|[silent]\n|-start|p1b: GO BIRD|perish3|[silent]\n|-start|p2a: Scizor|perish3|[silent]\n|-start|p2b: Pelipper|perish3|[silent]\n|-fieldactivate|move: Perish Song\n|move|p2b: Pelipper|U-turn|p1b: GO BIRD\n|-supereffective|p1b: GO BIRD\n|-damage|p1b: GO BIRD|81\/100\n|\n|t:|1700712320\n|switch|p2b: Iron Bundle|Iron Bundle, L50|100\/100|[from] U-turn\n|\n|-weather|RainDance|[upkeep]\n|-start|p1a: AAAAAAAAAAAA|perish3\n|-start|p2a: Scizor|perish3\n|-start|p1b: GO BIRD|perish3\n|upkeep\n|turn|2\n|\n|t:|1700712345\n|move|p1a: AAAAAAAAAAAA|Protect|p1a: AAAAAAAAAAAA\n|-singleturn|p1a: AAAAAAAAAAAA|Protect\n|move|p1b: GO BIRD|Fake Out|p2b: Iron Bundle\n|-damage|p2b: Iron Bundle|94\/100\n|cant|p2b: Iron Bundle|flinch\n|move|p2a: Scizor|Bug Bite|p1a: AAAAAAAAAAAA\n|-activate|p1a: AAAAAAAAAAAA|move: Protect\n|\n|-weather|RainDance|[upkeep]\n|-start|p1a: AAAAAAAAAAAA|perish2\n|-start|p2a: Scizor|perish2\n|-start|p1b: GO BIRD|perish2\n|upkeep\n|turn|3\n|\n|t:|1700712375\n|move|p1b: GO BIRD|Protect|p1b: GO BIRD\n|-singleturn|p1b: GO BIRD|Protect\n|move|p2b: Iron Bundle|U-turn|p1a: AAAAAAAAAAAA\n|-damage|p1a: AAAAAAAAAAAA|43\/100\n|\n|t:|1700712381\n|-end|p2b: Iron Bundle|Quark Drive|[silent]\n|switch|p2b: Amoonguss|Amoonguss, L50, M|100\/100|[from] U-turn\n|move|p1a: AAAAAAAAAAAA|Disable|p2a: Scizor\n|-start|p2a: Scizor|Disable|Bug Bite\n|cant|p2a: Scizor|Disable|Bug Bite\n|\n|-weather|RainDance|[upkeep]\n|-start|p1a: AAAAAAAAAAAA|perish1\n|-start|p1b: GO BIRD|perish1\n|-start|p2a: Scizor|perish1\n|upkeep\n|turn|4\n|\n|t:|1700712400\n|-end|p1a: AAAAAAAAAAAA|Protosynthesis|[silent]\n|switch|p1a: AWOOOOOOOOOO|Arcanine, L50, F|100\/100\n|-ability|p1a: AWOOOOOOOOOO|Intimidate|boost\n|-unboost|p2a: Scizor|atk|1\n|-unboost|p2b: Amoonguss|atk|1\n|switch|p1b: INEEDAHERO|Palafin-Hero, L50, M|100\/100\n|-activate|p1b: INEEDAHERO|ability: Zero to Hero\n|move|p2a: Scizor|Bullet Punch|p1b: INEEDAHERO\n|-resisted|p1b: INEEDAHERO\n|-damage|p1b: INEEDAHERO|90\/100\n|move|p2b: Amoonguss|Spore|p1b: INEEDAHERO\n|-status|p1b: INEEDAHERO|slp|[from] move: Spore\n|\n|-weather|RainDance|[upkeep]\n|-start|p2a: Scizor|perish0\n|upkeep\n|faint|p2a: Scizor\n|\n|t:|1700712417\n|switch|p2a: Iron Bundle|Iron Bundle, L50|94\/100\n|turn|5\n|\n|t:|1700712441\n|move|p1a: AWOOOOOOOOOO|Protect|p1a: AWOOOOOOOOOO\n|-singleturn|p1a: AWOOOOOOOOOO|Protect\n|move|p2a: Iron Bundle|Hydro Pump|p1b: INEEDAHERO\n|-resisted|p1b: INEEDAHERO\n|-damage|p1b: INEEDAHERO|49\/100 slp\n|cant|p1b: INEEDAHERO|slp\n|move|p2b: Amoonguss|Spore|p1a: AWOOOOOOOOOO\n|-activate|p1a: AWOOOOOOOOOO|move: Protect\n|\n|-weather|none\n|upkeep\n|turn|6\n|\n|t:|1700712463\n|switch|p2b: Pelipper|Pelipper, L50, M|100\/100\n|-weather|RainDance|[from] ability: Drizzle|[of] p2b: Pelipper\n|move|p2a: Iron Bundle|Hydro Pump|p1b: INEEDAHERO\n|-resisted|p1b: INEEDAHERO\n|-damage|p1b: INEEDAHERO|6\/100 slp\n|move|p1a: AWOOOOOOOOOO|Flare Blitz|p2b: Pelipper\n|-resisted|p2b: Pelipper\n|-damage|p2b: Pelipper|84\/100\n|-damage|p1a: AWOOOOOOOOOO|95\/100|[from] Recoil\n|-curestatus|p1b: INEEDAHERO|slp|[msg]\n|move|p1b: INEEDAHERO|Close Combat|p2a: Iron Bundle\n|-supereffective|p2a: Iron Bundle\n|-damage|p2a: Iron Bundle|0 fnt\n|-unboost|p1b: INEEDAHERO|def|1\n|-unboost|p1b: INEEDAHERO|spd|1\n|faint|p2a: Iron Bundle\n|-end|p2a: Iron Bundle|Quark Drive|[silent]\n|\n|-weather|RainDance|[upkeep]\n|upkeep\n|\n|t:|1700712483\n|switch|p2a: Amoonguss|Amoonguss, L50, M|100\/100\n|turn|7\n|\n|t:|1700712520\n|move|p1a: AWOOOOOOOOOO|Protect|p1a: AWOOOOOOOOOO\n|-singleturn|p1a: AWOOOOOOOOOO|Protect\n|move|p1b: INEEDAHERO|Wave Crash|p2a: Amoonguss\n|-resisted|p2a: Amoonguss\n|-damage|p2a: Amoonguss|27\/100\n|-damage|p1b: INEEDAHERO|0 fnt|[from] Recoil\n|faint|p1b: INEEDAHERO\n|move|p2b: Pelipper|Hurricane|p1a: AWOOOOOOOOOO\n|-activate|p1a: AWOOOOOOOOOO|move: Protect\n|move|p2a: Amoonguss|Spore|p1a: AWOOOOOOOOOO\n|-activate|p1a: AWOOOOOOOOOO|move: Protect\n|\n|-weather|RainDance|[upkeep]\n|upkeep\n|\n|t:|1700712538\n|switch|p1b: AAAAAAAAAAAA|Scream Tail, L50, shiny|43\/100\n|turn|8\n|\n|t:|1700712551\n|move|p1b: AAAAAAAAAAAA|Perish Song|p1b: AAAAAAAAAAAA\n|-start|p1a: AWOOOOOOOOOO|perish3|[silent]\n|-start|p1b: AAAAAAAAAAAA|perish3|[silent]\n|-start|p2a: Amoonguss|perish3|[silent]\n|-start|p2b: Pelipper|perish3|[silent]\n|-fieldactivate|move: Perish Song\n|move|p1a: AWOOOOOOOOOO|Flare Blitz|p2a: Amoonguss\n|-supereffective|p2a: Amoonguss\n|-damage|p2a: Amoonguss|0 fnt\n|faint|p2a: Amoonguss\n|-damage|p1a: AWOOOOOOOOOO|84\/100|[from] Recoil\n|move|p2b: Pelipper|Hurricane|p1b: AAAAAAAAAAAA\n|-damage|p1b: AAAAAAAAAAAA|9\/100\n|\n|-weather|RainDance|[upkeep]\n|-start|p1b: AAAAAAAAAAAA|perish3\n|-start|p1a: AWOOOOOOOOOO|perish3\n|-start|p2b: Pelipper|perish3\n|upkeep\n|turn|9\n|-message|RNGNO8 forfeited.\n|\n|win|LaTomatia\n|raw|LaTomatia's rating: 1025 &rarr; <strong>1061<\/strong><br \/>(+36 for winning)\n|raw|RNGNO8's rating: 1023 &rarr; <strong>1010<\/strong><br \/>(-13 for losing)\n|l|\u2606RNGNO8\n","uploadtime":1700712603,"views":4,"p1id":"latomatia","p2id":"rngno8","formatid":"gen9vgc2023regulatione","rating":1010,"private":0,"password":""}