{"id":"gen9vgc2023regulatione-1998517399","p1":"newusernovice","p2":"the best 73","format":"[Gen 9] VGC 2023 Regulation E","log":"|j|\u2606newusernovice\n|j|\u2606the best 73\n|t:|1700951327\n|gametype|doubles\n|player|p1|newusernovice|brawly|1371\n|player|p2|the best 73|janitor|1470\n|teamsize|p1|6\n|teamsize|p2|6\n|gen|9\n|tier|[Gen 9] VGC 2023 Regulation E\n|rated|\n|rule|Species Clause: Limit one of each Pok\u00e9mon\n|rule|Item Clause: Limit one of each item\n|clearpoke\n|poke|p1|Regieleki, L50|\n|poke|p1|Indeedee-F, L50, F|\n|poke|p1|Flutter Mane, L50|\n|poke|p1|Chi-Yu, L50|\n|poke|p1|Tornadus, L50, M|\n|poke|p1|Ogerpon-Wellspring, L50, F|\n|poke|p2|Munkidori, L50, M|\n|poke|p2|Maushold-Four, L50|\n|poke|p2|Kingambit, L50, F|\n|poke|p2|Amoonguss, L50, M|\n|poke|p2|Iron Hands, L50|\n|poke|p2|Landorus-Therian, L50, M|\n|teampreview|4\n|inactive|Battle timer is ON: inactive players will automatically lose when time's up. (requested by newusernovice)\n|inactive|newusernovice has 60 seconds left.\n|inactive|the best 73 has 60 seconds left.\n|\n|t:|1700951373\n|start\n|switch|p1a: Tornadus|Tornadus, L50, M, shiny|100\/100\n|switch|p1b: Flutter Mane|Flutter Mane, L50|100\/100\n|switch|p2a: Landorus|Landorus-Therian, L50, M|100\/100\n|switch|p2b: Munkidori|Munkidori, L50, M|100\/100\n|-ability|p2a: Landorus|Intimidate|boost\n|-unboost|p1a: Tornadus|atk|1\n|-unboost|p1b: Flutter Mane|atk|1\n|turn|1\n|inactive|newusernovice has 30 seconds left.\n|\n|t:|1700951404\n|-terastallize|p2a: Landorus|Flying\n|-terastallize|p1b: Flutter Mane|Fairy\n|move|p2b: Munkidori|Fake Out|p1a: Tornadus\n|-damage|p1a: Tornadus|91\/100\n|-status|p1a: Tornadus|tox|[from] ability: Toxic Chain|[of] p2b: Munkidori\n|cant|p1a: Tornadus|flinch\n|move|p2a: Landorus|Tera Blast|p1b: Flutter Mane|[anim] Tera Blast Flying\n|-enditem|p1b: Flutter Mane|Focus Sash\n|-damage|p1b: Flutter Mane|1\/100\n|move|p1b: Flutter Mane|Moonblast|p2a: Landorus\n|-damage|p2a: Landorus|11\/100\n|\n|-damage|p1a: Tornadus|85\/100 tox|[from] psn\n|upkeep\n|turn|2\n|\n|t:|1700951428\n|switch|p2a: Maushold|Maushold-Four, L50|100\/100\n|move|p1a: Tornadus|Tailwind|p1a: Tornadus\n|-sidestart|p1: newusernovice|move: Tailwind\n|move|p1b: Flutter Mane|Dazzling Gleam|p2b: Munkidori|[spread] p2a,p2b\n|-resisted|p2b: Munkidori\n|-damage|p2a: Maushold|40\/100\n|-damage|p2b: Munkidori|80\/100\n|move|p2b: Munkidori|U-turn|p1b: Flutter Mane\n|-resisted|p1b: Flutter Mane\n|-damage|p1b: Flutter Mane|0 fnt\n|faint|p1b: Flutter Mane\n|-end|p1b: Flutter Mane|Protosynthesis|[silent]\n|\n|t:|1700951443\n|switch|p2b: Kingambit|Kingambit, L50, F|100\/100|[from] U-turn\n|\n|-damage|p1a: Tornadus|73\/100 tox|[from] psn\n|upkeep\n|\n|t:|1700951450\n|switch|p1b: Chi-Yu|Chi-Yu, L50|100\/100\n|-ability|p1b: Chi-Yu|Beads of Ruin\n|turn|3\n|\n|t:|1700951468\n|move|p2a: Maushold|Protect|p2a: Maushold\n|-singleturn|p2a: Maushold|Protect\n|move|p1a: Tornadus|Sunny Day|p1a: Tornadus\n|-weather|SunnyDay\n|move|p1b: Chi-Yu|Heat Wave|p2a: Maushold|[spread] p2b\n|-activate|p2a: Maushold|move: Protect\n|-supereffective|p2b: Kingambit\n|-damage|p2b: Kingambit|0 fnt\n|faint|p2b: Kingambit\n|-damage|p1b: Chi-Yu|91\/100|[from] item: Life Orb\n|\n|-weather|SunnyDay|[upkeep]\n|-damage|p1a: Tornadus|55\/100 tox|[from] psn\n|upkeep\n|\n|t:|1700951479\n|switch|p2b: Munkidori|Munkidori, L50, M|80\/100\n|turn|4\n|\n|t:|1700951486\n|switch|p1a: Indeedee|Indeedee-F, L50, F|100\/100\n|-fieldstart|move: Psychic Terrain|[from] ability: Psychic Surge|[of] p1a: Indeedee\n|move|p2b: Munkidori|Fake Out|p1b: Chi-Yu\n|-activate|p1b: Chi-Yu|move: Psychic Terrain\n|move|p1b: Chi-Yu|Heat Wave|p2a: Maushold|[spread] p2a\n|-miss|p1b: Chi-Yu|p2b: Munkidori\n|-damage|p2a: Maushold|0 fnt\n|faint|p2a: Maushold\n|-damage|p1b: Chi-Yu|81\/100|[from] item: Life Orb\n|\n|-weather|SunnyDay|[upkeep]\n|upkeep\n|\n|t:|1700951494\n|switch|p2a: Landorus|Landorus-Therian, L50, M, tera:Flying|11\/100\n|-ability|p2a: Landorus|Intimidate|boost\n|-unboost|p1a: Indeedee|atk|1\n|-unboost|p1b: Chi-Yu|atk|1\n|turn|5\n|\n|t:|1700951507\n|move|p1b: Chi-Yu|Heat Wave|p2a: Landorus|[spread] p2a,p2b\n|-damage|p2a: Landorus|0 fnt\n|-damage|p2b: Munkidori|0 fnt\n|faint|p2a: Landorus\n|faint|p2b: Munkidori\n|-damage|p1b: Chi-Yu|71\/100|[from] item: Life Orb\n|\n|win|newusernovice\n|raw|newusernovice's rating: 1371 &rarr; <strong>1397<\/strong><br \/>(+26 for winning)\n|raw|the best 73's rating: 1470 &rarr; <strong>1444<\/strong><br \/>(-26 for losing)\n|l|\u2606the best 73\n","uploadtime":1700951523,"views":3,"p1id":"newusernovice","p2id":"thebest73","formatid":"gen9vgc2023regulatione","rating":1397,"private":0,"password":""}