{"id":"gen9vgc2023regulatione-1992221444","p1":"dwgermany","p2":"VillagerZz","format":"[Gen 9] VGC 2023 Regulation E","log":"|j|\u2606dwgermany\n|j|\u2606VillagerZz\n|t:|1700165120\n|gametype|doubles\n|player|p1|dwgermany|lucas|1026\n|player|p2|VillagerZz|169|1028\n|teamsize|p1|6\n|teamsize|p2|6\n|gen|9\n|tier|[Gen 9] VGC 2023 Regulation E\n|rated|\n|rule|Species Clause: Limit one of each Pok\u00e9mon\n|rule|Item Clause: Limit one of each item\n|clearpoke\n|poke|p1|Amoonguss, L50, F|\n|poke|p1|Iron Hands, L50|\n|poke|p1|Hippowdon, L50, M|\n|poke|p1|Kingambit, L50, M|\n|poke|p1|Gholdengo, L50|\n|poke|p1|Chi-Yu, L50|\n|poke|p2|Enamorus-Therian, L50, F|\n|poke|p2|Heatran, L50, M|\n|poke|p2|Illumise, L50, F|\n|poke|p2|Amoonguss, L50, F|\n|poke|p2|Mimikyu, L50, M|\n|poke|p2|Snorlax, L50, M|\n|teampreview|4\n|inactive|Battle timer is ON: inactive players will automatically lose when time's up. (requested by VillagerZz)\n|inactive|VillagerZz has 60 seconds left.\n|inactive|VillagerZz has 30 seconds left.\n|inactive|VillagerZz has 20 seconds left.\n|inactive|VillagerZz has 15 seconds left.\n|\n|t:|1700165197\n|start\n|switch|p1a: Irving|Iron Hands, L50|100\/100\n|switch|p1b: Amy|Amoonguss, L50, F|100\/100\n|switch|p2a: Mimikyu|Mimikyu, L50, M|100\/100\n|switch|p2b: Illumise|Illumise, L50, F, shiny|100\/100\n|turn|1\n|inactive|VillagerZz has 30 seconds left.\n|inactive|dwgermany has 30 seconds left.\n|\n|t:|1700165232\n|switch|p2a: Heatran|Heatran, L50, M|100\/100\n|move|p2b: Illumise|Sweet Scent|p1a: Irving|[spread] p1a,p1b\n|-unboost|p1a: Irving|evasion|2\n|-unboost|p1b: Amy|evasion|2\n|move|p1a: Irving|Play Rough|p2b: Illumise\n|-damage|p2b: Illumise|51\/100\n|-unboost|p2b: Illumise|atk|1\n|move|p1b: Amy|Clear Smog|p2a: Heatran\n|-immune|p2a: Heatran\n|\n|upkeep\n|turn|2\n|\n|t:|1700165255\n|move|p1b: Amy|Protect|p1b: Amy\n|-singleturn|p1b: Amy|Protect\n|move|p2b: Illumise|Encore|p1b: Amy\n|-activate|p1b: Amy|move: Protect\n|move|p2a: Heatran|Magma Storm|p1b: Amy\n|-activate|p1b: Amy|move: Protect\n|move|p1a: Irving|Drain Punch|p2a: Heatran\n|-supereffective|p2a: Heatran\n|-damage|p2a: Heatran|25\/100\n|\n|upkeep\n|turn|3\n|\n|t:|1700165279\n|move|p2b: Illumise|Charm|p1a: Irving\n|-unboost|p1a: Irving|atk|2\n|move|p2a: Heatran|Magma Storm|p1b: Amy\n|-supereffective|p1b: Amy\n|-damage|p1b: Amy|5\/100\n|-activate|p1b: Amy|move: Magma Storm|[of] p2a: Heatran\n|-damage|p2a: Heatran|15\/100|[from] item: Life Orb\n|move|p1a: Irving|Drain Punch|p2a: Heatran\n|-supereffective|p2a: Heatran\n|-damage|p2a: Heatran|0 fnt\n|faint|p2a: Heatran\n|move|p1b: Amy|Spore|p2b: Illumise\n|-status|p2b: Illumise|slp|[from] move: Spore\n|\n|-heal|p1b: Amy|11\/100|[from] item: Black Sludge\n|-end|p1b: Amy|Magma Storm|[partiallytrapped]|[silent]\n|upkeep\n|\n|t:|1700165297\n|switch|p2a: Enamorus|Enamorus-Therian, L50, F|100\/100\n|turn|4\n|\n|t:|1700165313\n|-end|p1a: Irving|Quark Drive|[silent]\n|switch|p1a: Kinsley|Kingambit, L50, M|100\/100\n|switch|p1b: Chet|Chi-Yu, L50|100\/100\n|-ability|p1b: Chet|Beads of Ruin\n|cant|p2b: Illumise|slp\n|move|p2a: Enamorus|Springtide Storm|p1a: Kinsley|[spread] p1a,p1b\n|-damage|p1a: Kinsley|19\/100\n|-damage|p1b: Chet|17\/100\n|\n|upkeep\n|turn|5\n|inactive|dwgermany has 30 seconds left.\n|inactive|VillagerZz has 30 seconds left.\n|\n|t:|1700165344\n|-terastallize|p2a: Enamorus|Normal\n|cant|p2b: Illumise|slp\n|move|p1b: Chet|Lava Plume|p2a: Enamorus|[spread] p1a,p2a,p2b\n|-supereffective|p1a: Kinsley\n|-crit|p2a: Enamorus\n|-supereffective|p2b: Illumise\n|-damage|p1a: Kinsley|0 fnt\n|-damage|p2a: Enamorus|34\/100\n|-damage|p2b: Illumise|0 fnt\n|-status|p2a: Enamorus|brn\n|faint|p1a: Kinsley\n|faint|p2b: Illumise\n|move|p2a: Enamorus|Springtide Storm|p1b: Chet\n|-damage|p1b: Chet|0 fnt\n|faint|p1b: Chet\n|\n|-damage|p2a: Enamorus|28\/100 brn|[from] brn\n|upkeep\n|\n|t:|1700165361\n|switch|p1b: Amy|Amoonguss, L50, F|44\/100\n|switch|p2b: Mimikyu|Mimikyu, L50, M|100\/100\n|switch|p1a: Irving|Iron Hands, L50|100\/100\n|turn|6\n|\n|t:|1700165373\n|move|p1b: Amy|Protect|p1b: Amy\n|-singleturn|p1b: Amy|Protect\n|move|p2b: Mimikyu|Substitute|p2b: Mimikyu\n|-start|p2b: Mimikyu|Substitute\n|-damage|p2b: Mimikyu|76\/100\n|move|p1a: Irving|Iron Head|p2b: Mimikyu\n|-supereffective|p2b: Mimikyu\n|-end|p2b: Mimikyu|Substitute\n|move|p2a: Enamorus|Springtide Storm|p1a: Irving|[spread] p1a\n|-activate|p1b: Amy|move: Protect\n|-supereffective|p1a: Irving\n|-damage|p1a: Irving|12\/100\n|\n|-heal|p1b: Amy|50\/100|[from] item: Black Sludge\n|-damage|p2a: Enamorus|22\/100 brn|[from] brn\n|upkeep\n|turn|7\n|\n|t:|1700165393\n|move|p2b: Mimikyu|Swords Dance|p2b: Mimikyu\n|-boost|p2b: Mimikyu|atk|2\n|move|p1a: Irving|Drain Punch|p2a: Enamorus\n|-supereffective|p2a: Enamorus\n|-damage|p2a: Enamorus|0 fnt\n|-heal|p1a: Irving|20\/100|[from] drain|[of] p2a: Enamorus\n|faint|p2a: Enamorus\n|move|p1b: Amy|Clear Smog|p2b: Mimikyu\n|-activate|p2b: Mimikyu|ability: Disguise\n|-damage|p2b: Mimikyu|76\/100\n|-clearboost|p2b: Mimikyu\n|detailschange|p2b: Mimikyu|Mimikyu-Busted, L50, M\n|-damage|p2b: Mimikyu|63\/100|[from] pokemon: Mimikyu-Busted\n|\n|-heal|p1b: Amy|56\/100|[from] item: Black Sludge\n|upkeep\n|turn|8\n|\n|t:|1700165417\n|move|p2b: Mimikyu|Shadow Claw|p1a: Irving\n|-crit|p1a: Irving\n|-damage|p1a: Irving|0 fnt\n|faint|p1a: Irving\n|-end|p1a: Irving|Quark Drive|[silent]\n|move|p1b: Amy|Clear Smog|p2b: Mimikyu\n|-damage|p2b: Mimikyu|49\/100\n|-clearboost|p2b: Mimikyu\n|\n|-heal|p1b: Amy|62\/100|[from] item: Black Sludge\n|upkeep\n|turn|9\n|\n|t:|1700165436\n|move|p2b: Mimikyu|Substitute|p2b: Mimikyu\n|-start|p2b: Mimikyu|Substitute\n|-damage|p2b: Mimikyu|24\/100\n|-enditem|p2b: Mimikyu|Figy Berry|[eat]\n|-heal|p2b: Mimikyu|57\/100|[from] item: Figy Berry\n|move|p1b: Amy|Clear Smog|p2b: Mimikyu\n|-activate|p2b: Mimikyu|move: Substitute|[damage]\n|\n|-heal|p1b: Amy|67\/100|[from] item: Black Sludge\n|upkeep\n|turn|10\n|\n|t:|1700165450\n|move|p2b: Mimikyu|Shadow Claw|p1b: Amy\n|-damage|p1b: Amy|43\/100\n|move|p1b: Amy|Clear Smog|p2b: Mimikyu\n|-end|p2b: Mimikyu|Substitute\n|\n|-heal|p1b: Amy|49\/100|[from] item: Black Sludge\n|upkeep\n|turn|11\n|\n|t:|1700165461\n|move|p2b: Mimikyu|Shadow Claw|p1b: Amy\n|-damage|p1b: Amy|20\/100\n|move|p1b: Amy|Spore|p2b: Mimikyu\n|-status|p2b: Mimikyu|slp|[from] move: Spore\n|\n|-heal|p1b: Amy|26\/100|[from] item: Black Sludge\n|upkeep\n|turn|12\n|\n|t:|1700165470\n|cant|p2b: Mimikyu|slp\n|move|p1b: Amy|Clear Smog|p2b: Mimikyu\n|-damage|p2b: Mimikyu|42\/100 slp\n|-clearboost|p2b: Mimikyu\n|\n|-heal|p1b: Amy|32\/100|[from] item: Black Sludge\n|upkeep\n|turn|13\n|\n|t:|1700165479\n|cant|p2b: Mimikyu|slp\n|move|p1b: Amy|Clear Smog|p2b: Mimikyu\n|-crit|p2b: Mimikyu\n|-damage|p2b: Mimikyu|20\/100 slp\n|-clearboost|p2b: Mimikyu\n|\n|-heal|p1b: Amy|38\/100|[from] item: Black Sludge\n|upkeep\n|turn|14\n|\n|t:|1700165488\n|-curestatus|p2b: Mimikyu|slp|[msg]\n|move|p2b: Mimikyu|Shadow Claw|p1b: Amy\n|-damage|p1b: Amy|10\/100\n|move|p1b: Amy|Clear Smog|p2b: Mimikyu\n|-damage|p2b: Mimikyu|4\/100\n|-clearboost|p2b: Mimikyu\n|\n|-heal|p1b: Amy|15\/100|[from] item: Black Sludge\n|upkeep\n|turn|15\n|\n|t:|1700165501\n|move|p1b: Amy|Protect|p1b: Amy\n|-singleturn|p1b: Amy|Protect\n|move|p2b: Mimikyu|Shadow Claw|p1b: Amy\n|-activate|p1b: Amy|move: Protect\n|\n|-heal|p1b: Amy|21\/100|[from] item: Black Sludge\n|upkeep\n|turn|16\n|\n|t:|1700165510\n|move|p2b: Mimikyu|Shadow Claw|p1b: Amy\n|-damage|p1b: Amy|0 fnt\n|faint|p1b: Amy\n|\n|win|VillagerZz\n|raw|dwgermany's rating: 1014 &rarr; <strong>1002<\/strong><br \/>(-12 for losing)\n|raw|VillagerZz's rating: 1028 &rarr; <strong>1062<\/strong><br \/>(+34 for winning)\n","uploadtime":1700165528,"views":20,"p1id":"dwgermany","p2id":"villagerzz","formatid":"gen9vgc2023regulatione","rating":1002,"private":0,"password":""}