{"id":"gen9vgc2023regulatione-1990847179","p1":"TrainerDylan24","p2":"Guakadoodle","format":"[Gen 9] VGC 2023 Regulation E","log":"|j|\u2606TrainerDylan24\n|j|\u2606Guakadoodle\n|t:|1700007101\n|gametype|doubles\n|player|p1|TrainerDylan24|swimmerf|1187\n|player|p2|Guakadoodle|supernerd|1187\n|teamsize|p1|6\n|teamsize|p2|6\n|gen|9\n|tier|[Gen 9] VGC 2023 Regulation E\n|rated|\n|rule|Species Clause: Limit one of each Pok\u00e9mon\n|rule|Item Clause: Limit one of each item\n|clearpoke\n|poke|p1|Politoed, L50, M|\n|poke|p1|Kilowattrel, L50, F|\n|poke|p1|Iron Bundle, L50|\n|poke|p1|Maushold-Four, L50|\n|poke|p1|Rillaboom, L50, M|\n|poke|p1|Forretress, L50, F|\n|poke|p2|Tornadus, L50, M|\n|poke|p2|Ogerpon-Hearthflame, L50, F|\n|poke|p2|Mamoswine, L50, M|\n|poke|p2|Iron Hands, L50|\n|poke|p2|Flutter Mane, L50|\n|poke|p2|Farigiraf, L50, F|\n|teampreview|4\n|\n|t:|1700007135\n|start\n|switch|p1a: Iron Bundle|Iron Bundle, L50|100\/100\n|switch|p1b: Politoed|Politoed, L50, M|100\/100\n|switch|p2a: Iron Hands|Iron Hands, L50|100\/100\n|switch|p2b: Farigiraf|Farigiraf, L50, F|100\/100\n|-weather|RainDance|[from] ability: Drizzle|[of] p1b: Politoed\n|-enditem|p1a: Iron Bundle|Booster Energy\n|-activate|p1a: Iron Bundle|ability: Quark Drive|[fromitem]\n|-start|p1a: Iron Bundle|quarkdrivespe\n|turn|1\n|\n|t:|1700007156\n|switch|p1b: Kilowattrel|Kilowattrel, L50, F|100\/100\n|move|p2a: Iron Hands|Fake Out|p1a: Iron Bundle\n|-damage|p1a: Iron Bundle|84\/100\n|cant|p1a: Iron Bundle|flinch\n|move|p2b: Farigiraf|Trick Room|p2b: Farigiraf\n|-fieldstart|move: Trick Room|[of] p2b: Farigiraf\n|\n|-weather|RainDance|[upkeep]\n|upkeep\n|turn|2\n|\n|t:|1700007188\n|switch|p2b: Mamoswine|Mamoswine, L50, M|100\/100\n|-terastallize|p1a: Iron Bundle|Water\n|move|p2a: Iron Hands|Swords Dance|p2a: Iron Hands\n|-boost|p2a: Iron Hands|atk|2\n|move|p1b: Kilowattrel|Hurricane|p2a: Iron Hands\n|-damage|p2a: Iron Hands|60\/100\n|move|p1a: Iron Bundle|Tera Blast|p2a: Iron Hands|[anim] Tera Blast Water\n|-damage|p2a: Iron Hands|0 fnt\n|faint|p2a: Iron Hands\n|-end|p2a: Iron Hands|Quark Drive|[silent]\n|\n|-weather|RainDance|[upkeep]\n|upkeep\n|\n|t:|1700007198\n|switch|p2a: Flutter Mane|Flutter Mane, L50|100\/100\n|-enditem|p2a: Flutter Mane|Booster Energy\n|-activate|p2a: Flutter Mane|ability: Protosynthesis|[fromitem]\n|-start|p2a: Flutter Mane|protosynthesisspa\n|turn|3\n|\n|t:|1700007229\n|-terastallize|p2b: Mamoswine|Grass\n|move|p2b: Mamoswine|Iron Head|p1a: Iron Bundle\n|-resisted|p1a: Iron Bundle\n|-damage|p1a: Iron Bundle|60\/100\n|-damage|p2b: Mamoswine|90\/100|[from] item: Life Orb\n|move|p2a: Flutter Mane|Moonblast|p1b: Kilowattrel\n|-damage|p1b: Kilowattrel|0 fnt\n|faint|p1b: Kilowattrel\n|move|p1a: Iron Bundle|Tera Blast|p2b: Mamoswine|[anim] Tera Blast Water\n|-resisted|p2b: Mamoswine\n|-damage|p2b: Mamoswine|44\/100\n|\n|-weather|RainDance|[upkeep]\n|upkeep\n|\n|t:|1700007241\n|switch|p1b: Politoed|Politoed, L50, M|100\/100\n|turn|4\n|\n|t:|1700007257\n|move|p1b: Politoed|Muddy Water|p2b: Mamoswine|[spread] p2a,p2b\n|-crit|p2a: Flutter Mane\n|-resisted|p2b: Mamoswine\n|-damage|p2a: Flutter Mane|17\/100\n|-damage|p2b: Mamoswine|11\/100\n|-damage|p1b: Politoed|91\/100|[from] item: Life Orb\n|move|p2b: Mamoswine|Iron Head|p1b: Politoed\n|-resisted|p1b: Politoed\n|-damage|p1b: Politoed|69\/100\n|-damage|p2b: Mamoswine|1\/100|[from] item: Life Orb\n|move|p2a: Flutter Mane|Dazzling Gleam|p1b: Politoed|[spread] p1a,p1b\n|-damage|p1a: Iron Bundle|0 fnt\n|-damage|p1b: Politoed|23\/100\n|faint|p1a: Iron Bundle\n|-end|p1a: Iron Bundle|Quark Drive|[silent]\n|\n|-weather|RainDance|[upkeep]\n|upkeep\n|\n|t:|1700007269\n|switch|p1a: Forretress|Forretress, L50, F|100\/100\n|turn|5\n|\n|t:|1700007285\n|-end|p2a: Flutter Mane|Protosynthesis|[silent]\n|switch|p2a: Farigiraf|Farigiraf, L50, F|100\/100\n|move|p2b: Mamoswine|Protect|p2b: Mamoswine\n|-singleturn|p2b: Mamoswine|Protect\n|move|p1a: Forretress|Iron Defense|p1a: Forretress\n|-boost|p1a: Forretress|def|2\n|move|p1b: Politoed|Muddy Water|p2b: Mamoswine|[spread] p2a\n|-activate|p2b: Mamoswine|move: Protect\n|-damage|p2a: Farigiraf|49\/100\n|-damage|p1b: Politoed|13\/100|[from] item: Life Orb\n|\n|-weather|none\n|-fieldend|move: Trick Room\n|upkeep\n|turn|6\n|\n|t:|1700007305\n|move|p2a: Farigiraf|Helping Hand|p2b: Mamoswine\n|-singleturn|p2b: Mamoswine|Helping Hand|[of] p2a: Farigiraf\n|move|p2b: Mamoswine|High Horsepower|p1a: Forretress\n|-damage|p1a: Forretress|58\/100\n|-damage|p2b: Mamoswine|0 fnt|[from] item: Life Orb\n|faint|p2b: Mamoswine\n|move|p1b: Politoed|Icy Wind|p2a: Farigiraf\n|-damage|p2a: Farigiraf|30\/100\n|-unboost|p2a: Farigiraf|spe|1\n|-damage|p1b: Politoed|3\/100|[from] item: Life Orb\n|move|p1a: Forretress|Body Press|p2a: Farigiraf\n|-damage|p2a: Farigiraf|0 fnt\n|-damage|p1a: Forretress|42\/100|[from] item: Rocky Helmet|[of] p2a: Farigiraf\n|faint|p2a: Farigiraf\n|\n|-heal|p1a: Forretress|48\/100|[from] item: Leftovers\n|upkeep\n|\n|t:|1700007312\n|switch|p2b: Flutter Mane|Flutter Mane, L50|17\/100\n|turn|7\n|\n|t:|1700007326\n|move|p2b: Flutter Mane|Dazzling Gleam|p1a: Forretress|[spread] p1a,p1b\n|-resisted|p1a: Forretress\n|-damage|p1a: Forretress|30\/100\n|-damage|p1b: Politoed|0 fnt\n|faint|p1b: Politoed\n|move|p1a: Forretress|Iron Head|p2b: Flutter Mane\n|-supereffective|p2b: Flutter Mane\n|-damage|p2b: Flutter Mane|0 fnt\n|faint|p2b: Flutter Mane\n|-end|p2b: Flutter Mane|Protosynthesis|[silent]\n|\n|win|TrainerDylan24\n|raw|TrainerDylan24's rating: 1187 &rarr; <strong>1212<\/strong><br \/>(+25 for winning)\n|raw|Guakadoodle's rating: 1187 &rarr; <strong>1162<\/strong><br \/>(-25 for losing)\n|l|\u2606Guakadoodle\n","uploadtime":1700007337,"views":7,"p1id":"trainerdylan24","p2id":"guakadoodle","formatid":"gen9vgc2023regulatione","rating":1162,"private":0,"password":""}