{"id":"gen9vgc2023regulatione-1993885500","p1":"hyeclipse","p2":"shuruko","format":"[Gen 9] VGC 2023 Regulation E","log":"|j|\u2606hyeclipse\n|j|\u2606shuruko\n|t:|1700370034\n|gametype|doubles\n|player|p1|hyeclipse|steven|1139\n|player|p2|shuruko|265|1085\n|teamsize|p1|6\n|teamsize|p2|6\n|gen|9\n|tier|[Gen 9] VGC 2023 Regulation E\n|rated|\n|rule|Species Clause: Limit one of each Pok\u00e9mon\n|rule|Item Clause: Limit one of each item\n|clearpoke\n|poke|p1|Flutter Mane, L50|\n|poke|p1|Urshifu-*, L50, M|\n|poke|p1|Ogerpon-Wellspring, L50, F|\n|poke|p1|Iron Hands, L50|\n|poke|p1|Landorus-Therian, L50, M|\n|poke|p1|Chien-Pao, L50|\n|poke|p2|Lurantis, L50, M|\n|poke|p2|Grimmsnarl, L50, M|\n|poke|p2|Sinistcha-Masterpiece, L50|\n|poke|p2|Rillaboom, L50, M|\n|poke|p2|Murkrow, L50, F|\n|poke|p2|Flamigo, L50, F|\n|teampreview|4\n|inactive|Battle timer is ON: inactive players will automatically lose when time's up. (requested by shuruko)\nshuruko rejected open team sheets.\n|\n|t:|1700370081\n|start\n|switch|p1a: Iron Hands|Iron Hands, L50|100\/100\n|switch|p1b: Flutter Mane|Flutter Mane, L50|100\/100\n|switch|p2a: Lurantis|Lurantis, L50, M|100\/100\n|switch|p2b: Grimmsnarl|Grimmsnarl, L50, M|100\/100\n|-enditem|p1b: Flutter Mane|Booster Energy\n|-activate|p1b: Flutter Mane|ability: Protosynthesis|[fromitem]\n|-start|p1b: Flutter Mane|protosynthesisspe\n|turn|1\n|\n|t:|1700370104\n|-terastallize|p1b: Flutter Mane|Fairy\n|move|p2b: Grimmsnarl|Fake Out|p1a: Iron Hands\n|-crit|p1a: Iron Hands\n|-damage|p1a: Iron Hands|89\/100\n|cant|p1a: Iron Hands|flinch\n|move|p1b: Flutter Mane|Moonblast|p2b: Grimmsnarl\n|-supereffective|p2b: Grimmsnarl\n|-damage|p2b: Grimmsnarl|9\/100\n|move|p2a: Lurantis|Superpower|p1a: Iron Hands\n|-damage|p1a: Iron Hands|65\/100\n|-boost|p2a: Lurantis|atk|1\n|-boost|p2a: Lurantis|def|1\n|\n|upkeep\n|turn|2\n|\n|t:|1700370127\n|-end|p1a: Iron Hands|Quark Drive|[silent]\n|switch|p1a: Landorus|Landorus-Therian, L50, M|100\/100\n|-ability|p1a: Landorus|Intimidate|boost\n|-boost|p2a: Lurantis|atk|1\n|-unboost|p2b: Grimmsnarl|atk|1\n|move|p2b: Grimmsnarl|Fake Tears|p2a: Lurantis\n|-boost|p2a: Lurantis|spd|2\n|move|p1b: Flutter Mane|Icy Wind|p2a: Lurantis|[spread] p2a,p2b\n|-supereffective|p2a: Lurantis\n|-damage|p2a: Lurantis|90\/100\n|-damage|p2b: Grimmsnarl|0 fnt\n|-boost|p2a: Lurantis|spe|1\n|faint|p2b: Grimmsnarl\n|move|p2a: Lurantis|Superpower|p1a: Landorus\n|-resisted|p1a: Landorus\n|-damage|p1a: Landorus|63\/100\n|-boost|p2a: Lurantis|atk|1\n|-boost|p2a: Lurantis|def|1\n|\n|upkeep\n|\n|t:|1700370146\n|switch|p2b: Sinistcha|Sinistcha-Masterpiece, L50, shiny|100\/100\n|-heal|p2a: Lurantis|100\/100|[from] ability: Hospitality|[of] p2b: Sinistcha\n|turn|3\n|\n|t:|1700370161\n|move|p1b: Flutter Mane|Protect|p1b: Flutter Mane\n|-singleturn|p1b: Flutter Mane|Protect\n|move|p1a: Landorus|U-turn|p2a: Lurantis\n|-supereffective|p2a: Lurantis\n|-damage|p2a: Lurantis|72\/100\n|\n|t:|1700370166\n|switch|p1a: Iron Hands|Iron Hands, L50|65\/100|[from] U-turn\n|move|p2b: Sinistcha|Matcha Gotcha|p1b: Flutter Mane|[spread] p1a\n|-activate|p1b: Flutter Mane|move: Protect\n|-damage|p1a: Iron Hands|52\/100\n|move|p2a: Lurantis|Superpower|p1a: Iron Hands\n|-damage|p1a: Iron Hands|0 fnt\n|-boost|p2a: Lurantis|atk|1\n|-boost|p2a: Lurantis|def|1\n|faint|p1a: Iron Hands\n|-end|p1a: Iron Hands|Quark Drive|[silent]\n|\n|upkeep\n|\n|t:|1700370178\n|switch|p1a: Landorus|Landorus-Therian, L50, M|63\/100\n|-ability|p1a: Landorus|Intimidate|boost\n|-boost|p2a: Lurantis|atk|1\n|-unboost|p2b: Sinistcha|atk|1\n|turn|4\n|\n|t:|1700370201\n|move|p2b: Sinistcha|Rage Powder|p2b: Sinistcha\n|-singleturn|p2b: Sinistcha|move: Rage Powder\n|move|p1b: Flutter Mane|Moonblast|p2b: Sinistcha\n|-damage|p2b: Sinistcha|33\/100\n|move|p1a: Landorus|Rock Slide|p2b: Sinistcha|[spread] p2a,p2b\n|-damage|p2a: Lurantis|62\/100\n|-damage|p2b: Sinistcha|20\/100\n|-enditem|p2b: Sinistcha|Aguav Berry|[eat]\n|-heal|p2b: Sinistcha|53\/100|[from] item: Aguav Berry\n|move|p2a: Lurantis|Leech Life|p1b: Flutter Mane\n|-resisted|p1b: Flutter Mane\n|-damage|p1b: Flutter Mane|40\/100\n|-heal|p2a: Lurantis|89\/100|[from] drain|[of] p1b: Flutter Mane\n|\n|upkeep\n|turn|5\n|inactive|shuruko has 30 seconds left.\n|\n|t:|1700370228\n|move|p1b: Flutter Mane|Moonblast|p2a: Lurantis\n|-damage|p2a: Lurantis|68\/100\n|move|p1a: Landorus|Rock Slide|p2b: Sinistcha|[spread] p2a,p2b\n|-damage|p2a: Lurantis|59\/100\n|-damage|p2b: Sinistcha|37\/100\n|move|p2b: Sinistcha|Matcha Gotcha|p1b: Flutter Mane|[spread] p1a\n|-miss|p2b: Sinistcha|p1b: Flutter Mane\n|-damage|p1a: Landorus|35\/100\n|-heal|p2b: Sinistcha|50\/100|[from] drain|[of] p1a: Landorus\n|move|p2a: Lurantis|Superpower|p1b: Flutter Mane\n|-resisted|p1b: Flutter Mane\n|-damage|p1b: Flutter Mane|0 fnt\n|-boost|p2a: Lurantis|atk|1\n|-boost|p2a: Lurantis|def|1\n|faint|p1b: Flutter Mane\n|-end|p1b: Flutter Mane|Protosynthesis|[silent]\n|\n|upkeep\n|\n|t:|1700370235\n|switch|p1b: Chien-Pao|Chien-Pao, L50|100\/100\n|-ability|p1b: Chien-Pao|Sword of Ruin\n|turn|6\n|inactive|shuruko has 30 seconds left.\n|\n|t:|1700370261\n|move|p2b: Sinistcha|Rage Powder|p2b: Sinistcha\n|-singleturn|p2b: Sinistcha|move: Rage Powder\n|move|p1a: Landorus|Rock Slide|p2a: Lurantis|[spread] p2a,p2b\n|-damage|p2a: Lurantis|50\/100\n|-damage|p2b: Sinistcha|33\/100\n|move|p1b: Chien-Pao|Throat Chop|p2b: Sinistcha\n|-supereffective|p2b: Sinistcha\n|-damage|p2b: Sinistcha|0 fnt\n|faint|p2b: Sinistcha\n|move|p2a: Lurantis|Leech Life|p1b: Chien-Pao\n|-supereffective|p1b: Chien-Pao\n|-enditem|p1b: Chien-Pao|Focus Sash\n|-damage|p1b: Chien-Pao|1\/100\n|-heal|p2a: Lurantis|93\/100|[from] drain|[of] p1b: Chien-Pao\n|\n|upkeep\n|\n|t:|1700370276\n|switch|p2b: Rillaboom|Rillaboom, L50, M|100\/100\n|-fieldstart|move: Grassy Terrain|[from] ability: Grassy Surge|[of] p2b: Rillaboom\n|turn|7\n|\n|t:|1700370293\n|move|p2b: Rillaboom|Fake Out|p1b: Chien-Pao\n|-damage|p1b: Chien-Pao|0 fnt\n|faint|p1b: Chien-Pao\n|move|p1a: Landorus|Rock Slide|p2b: Rillaboom|[spread] p2a,p2b\n|-damage|p2a: Lurantis|85\/100\n|-damage|p2b: Rillaboom|79\/100\n|move|p2a: Lurantis|Superpower|p1a: Landorus\n|-resisted|p1a: Landorus\n|-damage|p1a: Landorus|0 fnt\n|-boost|p2a: Lurantis|def|1\n|faint|p1a: Landorus\n|\n|win|shuruko\n|raw|hyeclipse's rating: 1139 &rarr; <strong>1110<\/strong><br \/>(-29 for losing)\n|raw|shuruko's rating: 1085 &rarr; <strong>1116<\/strong><br \/>(+31 for winning)\n|l|\u2606hyeclipse\n","uploadtime":1700370322,"views":7,"p1id":"hyeclipse","p2id":"shuruko","formatid":"gen9vgc2023regulatione","rating":1110,"private":0,"password":""}