{"id":"gen9vgc2023regulatione-1990884841","p1":"kick4life42","p2":"bigg.mac210","format":"[Gen 9] VGC 2023 Regulation E","log":"|j|\u2606kick4life42\n|j|\u2606bigg.mac210\n|t:|1700011267\n|gametype|doubles\n|player|p1|kick4life42|266|\n|player|p2|bigg.mac210|102|\n|teamsize|p1|6\n|teamsize|p2|6\n|gen|9\n|tier|[Gen 9] VGC 2023 Regulation E\n|rule|Species Clause: Limit one of each Pok\u00e9mon\n|rule|Item Clause: Limit one of each item\n|clearpoke\n|poke|p1|Flutter Mane, L50|\n|poke|p1|Tornadus, L50, M|\n|poke|p1|Mamoswine, L50, M|\n|poke|p1|Gholdengo, L50|\n|poke|p1|Grimmsnarl, L50, M|\n|poke|p1|Tauros-Paldea-Aqua, L50, M|\n|poke|p2|Jumpluff, L50, M|\n|poke|p2|Charizard, L50, F|\n|poke|p2|Ninetales, L50, M|\n|poke|p2|Orthworm, L50, F|\n|poke|p2|Mudsdale, L50, F|\n|poke|p2|Ambipom, L50, F|\n|teampreview|4\n|\n|t:|1700011318\n|start\n|switch|p1a: Tornadus|Tornadus, L50, M|100\/100\n|switch|p1b: Tauros|Tauros-Paldea-Aqua, L50, M|100\/100\n|switch|p2a: Jumpluff|Jumpluff, L50, M|100\/100\n|switch|p2b: Ninetales|Ninetales, L50, M|100\/100\n|-weather|SunnyDay|[from] ability: Drought|[of] p2b: Ninetales\n|-ability|p1b: Tauros|Intimidate|boost\n|-unboost|p2a: Jumpluff|atk|1\n|-unboost|p2b: Ninetales|atk|1\n|-enditem|p2b: Ninetales|Eject Pack\n|\n|t:|1700011332\n|switch|p2b: Ambipom|Ambipom, L50, F|100\/100\n|turn|1\n|\n|t:|1700011381\n|move|p2b: Ambipom|Fake Out|p1b: Tauros\n|-crit|p1b: Tauros\n|-damage|p1b: Tauros|48\/100\n|move|p1a: Tornadus|Tailwind|p1a: Tornadus\n|-sidestart|p1: kick4life42|move: Tailwind\n|move|p2a: Jumpluff|Tailwind|p2a: Jumpluff\n|-sidestart|p2: bigg.mac210|move: Tailwind\n|cant|p1b: Tauros|flinch\n|\n|-weather|SunnyDay|[upkeep]\n|-heal|p1b: Tauros|54\/100|[from] item: Leftovers\n|upkeep\n|turn|2\n|\n|t:|1700011439\n|move|p2a: Jumpluff|Sleep Powder|p1b: Tauros\n|-status|p1b: Tauros|slp|[from] move: Sleep Powder\n|move|p2b: Ambipom|Double Hit|p1a: Tornadus\n|-damage|p1a: Tornadus|55\/100\n|-damage|p1a: Tornadus|10\/100\n|-hitcount|p1a: Tornadus|2\n|move|p1a: Tornadus|Bleakwind Storm|p2a: Jumpluff|[spread] p2a\n|-miss|p1a: Tornadus|p2b: Ambipom\n|-supereffective|p2a: Jumpluff\n|-damage|p2a: Jumpluff|27\/100\n|cant|p1b: Tauros|slp\n|\n|-weather|SunnyDay|[upkeep]\n|-heal|p1b: Tauros|60\/100 slp|[from] item: Leftovers\n|upkeep\n|turn|3\n|\n|t:|1700011467\n|move|p1a: Tornadus|Rain Dance|p1a: Tornadus\n|-weather|RainDance\n|move|p2b: Ambipom|Double Hit|p1a: Tornadus\n|-damage|p1a: Tornadus|0 fnt\n|faint|p1a: Tornadus\n|-hitcount|p1: Tornadus|1\n|move|p2a: Jumpluff|Solar Beam||[still]\n|-prepare|p2a: Jumpluff|Solar Beam\n|-curestatus|p1b: Tauros|slp|[msg]\n|move|p1b: Tauros|Close Combat|p2b: Ambipom\n|-supereffective|p2b: Ambipom\n|-damage|p2b: Ambipom|0 fnt\n|-unboost|p1b: Tauros|def|1\n|-unboost|p1b: Tauros|spd|1\n|faint|p2b: Ambipom\n|\n|-weather|RainDance|[upkeep]\n|-heal|p1b: Tauros|66\/100|[from] item: Leftovers\n|upkeep\n|\n|t:|1700011491\n|switch|p2b: Ninetales|Ninetales, L50, M|100\/100\n|switch|p1a: Mamoswine|Mamoswine, L50, M|100\/100\n|-weather|SunnyDay|[from] ability: Drought|[of] p2b: Ninetales\n|turn|4\n|\n|t:|1700011513\n|-terastallize|p1b: Tauros|Water\n|move|p2a: Jumpluff|Solar Beam|p1b: Tauros|[from]lockedmove\n|-supereffective|p1b: Tauros\n|-damage|p1b: Tauros|0 fnt\n|faint|p1b: Tauros\n|move|p2b: Ninetales|Solar Beam||[still]\n|-prepare|p2b: Ninetales|Solar Beam\n|-anim|p2b: Ninetales|Solar Beam|p1a: Mamoswine\n|-supereffective|p1a: Mamoswine\n|-crit|p1a: Mamoswine\n|-damage|p1a: Mamoswine|7\/100\n|move|p1a: Mamoswine|Stone Edge|p2b: Ninetales\n|-supereffective|p2b: Ninetales\n|-damage|p2b: Ninetales|0 fnt\n|faint|p2b: Ninetales\n|\n|-weather|SunnyDay|[upkeep]\n|-sideend|p1: kick4life42|move: Tailwind\n|-sideend|p2: bigg.mac210|move: Tailwind\n|upkeep\n|\n|t:|1700011528\n|switch|p2b: Charizard|Charizard, L50, F|100\/100\n|switch|p1b: Flutter Mane|Flutter Mane, L50|100\/100\n|-activate|p1b: Flutter Mane|ability: Protosynthesis\n|-start|p1b: Flutter Mane|protosynthesisspe\n|turn|5\n|\n|t:|1700011539\n|-terastallize|p2b: Charizard|Fire\n|move|p1a: Mamoswine|Ice Shard|p2a: Jumpluff\n|-supereffective|p2a: Jumpluff\n|-damage|p2a: Jumpluff|0 fnt\n|faint|p2a: Jumpluff\n|move|p1b: Flutter Mane|Shadow Ball|p2b: Charizard\n|-damage|p2b: Charizard|41\/100\n|-unboost|p2b: Charizard|spd|1\n|move|p2b: Charizard|Heat Wave|p1b: Flutter Mane|[spread] p1a,p1b\n|-supereffective|p1a: Mamoswine\n|-damage|p1a: Mamoswine|0 fnt\n|-damage|p1b: Flutter Mane|2\/100\n|faint|p1a: Mamoswine\n|\n|-weather|SunnyDay|[upkeep]\n|-damage|p2b: Charizard|29\/100|[from] ability: Solar Power|[of] p2b: Charizard\n|upkeep\n|turn|6\n|\n|t:|1700011555\n|move|p1b: Flutter Mane|Shadow Ball|p2b: Charizard\n|-damage|p2b: Charizard|0 fnt\n|faint|p2b: Charizard\n|\n|win|kick4life42\n|l|\u2606bigg.mac210\n","uploadtime":1700011563,"views":13,"p1id":"kick4life42","p2id":"biggmac210","formatid":"gen9vgc2023regulatione","rating":0,"private":0,"password":""}