{"id":"gen9vgc2023regulatione-1995935946","p1":"Tampico11","p2":"Tenken11","format":"[Gen 9] VGC 2023 Regulation E","log":"|j|\u2606Tampico11\n|j|\u2606Tenken11\n|n|\u2606Tampico11|tampico11\n|n|\u2606Tenken11|tenken11\n|html|View the match progress at <a href=\"\/game-bestof3-gen9vgc2023regulatione-1995933650\">game-bestof3-gen9vgc2023regulatione-1995933650<\/a>\n|t:|1700619343\n|gametype|doubles\n|player|p1|Tampico11|ethan|\n|player|p2|Tenken11|266|\n|teamsize|p1|6\n|teamsize|p2|6\n|gen|9\n|tier|[Gen 9] VGC 2023 Regulation E\n|rule|Species Clause: Limit one of each Pok\u00e9mon\n|rule|Item Clause: Limit one of each item\n|clearpoke\n|poke|p1|Iron Hands, L50|\n|poke|p1|Amoonguss, L50, M|\n|poke|p1|Grimmsnarl, L50, M|\n|poke|p1|Ursaluna-Bloodmoon, L50, M|\n|poke|p1|Annihilape, L50, M|\n|poke|p1|Cresselia, L50, F|\n|poke|p2|Clefairy, L50, F|\n|poke|p2|Cetitan, L50, M|\n|poke|p2|Kommo-o, L50, F|\n|poke|p2|Sinistcha-Masterpiece, L50|\n|poke|p2|Landorus-Therian, L50, M|\n|poke|p2|Rillaboom, L50, M|\n|teampreview|4\nTenken11 has agreed to open team sheets.\nTampico11 has agreed to open team sheets.\n|showteam|p1|Iron Hands||AssaultVest|QuarkDrive|FakeOut,DrainPunch,WildCharge,HeavySlam||||||50|,,,,,Water]Amoonguss||MentalHerb|Regenerator|PollenPuff,ClearSmog,RagePowder,Spore|||M|||50|,,,,,Fire]Grimmsnarl||CovertCloak|Prankster|SpiritBreak,PartingShot,Reflect,LightScreen|||M|||50|,,,,,Water]Ursaluna-Bloodmoon||SilkScarf|MindsEye|HyperVoice,BloodMoon,EarthPower,Protect|||M|||50|,,,,,Grass]Annihilape||SitrusBerry|Defiant|DrainPunch,RageFist,BulkUp,Protect|||M|||50|,,,,,Fire]Cresselia||SafetyGoggles|Levitate|IceBeam,LunarBlessing,HelpingHand,TrickRoom|||F|||50|,,,,,Fire\n|showteam|p2|Clefairy||Eviolite|FriendGuard|FollowMe,HealPulse,HelpingHand,Protect|||F|||50|,,,,,Dark]Cetitan||SitrusBerry|ThickFat|Liquidation,IceShard,BellyDrum,Protect|||M|||50|,,,,,Water]Kommo-o||ThroatSpray|Overcoat|ClangingScales,FlashCannon,ClangorousSoul,Protect|||F|||50|,,,,,Steel]Sinistcha-Masterpiece||WideLens|Hospitality|MatchaGotcha,StrengthSap,RagePowder,TrickRoom||||||50|,,,,,Fire]Landorus-Therian||ChoiceScarf|Intimidate|StompingTantrum,TeraBlast,RockSlide,Uturn|||M|||50|,,,,,Flying]Rillaboom||AssaultVest|GrassySurge|WoodHammer,GrassyGlide,Uturn,FakeOut|||M|||50|,,,,,Fire\n|inactive|Battle timer is ON: inactive players will automatically lose when time's up. (requested by Tampico11)\n|\n|t:|1700619357\n|start\n|switch|p1a: Anestesia|Amoonguss, L50, M, shiny|100\/100\n|switch|p1b: Cresselia|Cresselia, L50, F|100\/100\n|switch|p2a: Clefairy|Clefairy, L50, F|100\/100\n|switch|p2b: Cetitan|Cetitan, L50, M|100\/100\n|turn|1\n|\n|t:|1700619372\n|move|p2a: Clefairy|Helping Hand|p2b: Cetitan\n|-singleturn|p2b: Cetitan|Helping Hand|[of] p2a: Clefairy\n|move|p2b: Cetitan|Ice Shard|p1a: Anestesia\n|-supereffective|p1a: Anestesia\n|-damage|p1a: Anestesia|46\/100\n|move|p1a: Anestesia|Spore|p2b: Cetitan\n|-status|p2b: Cetitan|slp|[from] move: Spore\n|move|p1b: Cresselia|Trick Room|p1b: Cresselia\n|-fieldstart|move: Trick Room|[of] p1b: Cresselia\n|\n|upkeep\n|turn|2\n|\n|t:|1700619384\n|switch|p1a: Ursaluna|Ursaluna-Bloodmoon, L50, M|100\/100\n|move|p2a: Clefairy|Protect|p2a: Clefairy\n|-singleturn|p2a: Clefairy|Protect\n|move|p1b: Cresselia|Ice Beam|p2a: Clefairy\n|-activate|p2a: Clefairy|move: Protect\n|cant|p2b: Cetitan|slp\n|\n|upkeep\n|turn|3\n|\n|t:|1700619396\n|move|p1b: Cresselia|Helping Hand|p1a: Ursaluna\n|-singleturn|p1a: Ursaluna|Helping Hand|[of] p1b: Cresselia\n|move|p2a: Clefairy|Follow Me|p2a: Clefairy\n|-singleturn|p2a: Clefairy|move: Follow Me\n|move|p1a: Ursaluna|Hyper Voice|p2b: Cetitan|[spread] p2a,p2b\n|-damage|p2a: Clefairy|37\/100\n|-damage|p2b: Cetitan|54\/100 slp\n|cant|p2b: Cetitan|slp\n|\n|upkeep\n|turn|4\n|\n|t:|1700619418\n|move|p1b: Cresselia|Helping Hand|p1a: Ursaluna\n|-singleturn|p1a: Ursaluna|Helping Hand|[of] p1b: Cresselia\n|move|p2a: Clefairy|Protect|p2a: Clefairy\n|-singleturn|p2a: Clefairy|Protect\n|-curestatus|p2b: Cetitan|slp|[msg]\n|move|p2b: Cetitan|Protect|p2b: Cetitan\n|-singleturn|p2b: Cetitan|Protect\n|move|p1a: Ursaluna|Hyper Voice|p2b: Cetitan|[spread] \n|-activate|p2a: Clefairy|move: Protect\n|-activate|p2b: Cetitan|move: Protect\n|\n|upkeep\n|turn|5\n|\n|t:|1700619438\n|move|p1b: Cresselia|Helping Hand|p1a: Ursaluna\n|-singleturn|p1a: Ursaluna|Helping Hand|[of] p1b: Cresselia\n|move|p1a: Ursaluna|Hyper Voice|p2b: Cetitan|[spread] p2a,p2b\n|-damage|p2a: Clefairy|0 fnt\n|-damage|p2b: Cetitan|10\/100\n|-enditem|p2b: Cetitan|Sitrus Berry|[eat]\n|-heal|p2b: Cetitan|35\/100|[from] item: Sitrus Berry\n|faint|p2a: Clefairy\n|move|p2b: Cetitan|Belly Drum||[still]\n|-fail|p2b: Cetitan\n|\n|-fieldend|move: Trick Room\n|upkeep\n|\n|t:|1700619446\n|switch|p2a: Rillaboom|Rillaboom, L50, M|100\/100\n|-fieldstart|move: Grassy Terrain|[from] ability: Grassy Surge|[of] p2a: Rillaboom\n|turn|6\n|\n|t:|1700619468\n|switch|p1a: Anestesia|Amoonguss, L50, M, shiny|79\/100\n|-terastallize|p2b: Cetitan|Water\n|move|p2a: Rillaboom|Fake Out|p1b: Cresselia\n|-damage|p1b: Cresselia|90\/100\n|move|p2b: Cetitan|Liquidation|p1a: Anestesia\n|-resisted|p1a: Anestesia\n|-damage|p1a: Anestesia|60\/100\n|cant|p1b: Cresselia|flinch\n|\n|-heal|p2b: Cetitan|41\/100|[from] Grassy Terrain\n|-heal|p1a: Anestesia|66\/100|[from] Grassy Terrain\n|upkeep\n|turn|7\n|inactive|Tenken11 has 30 seconds left.\n|\n|t:|1700619501\n|switch|p2a: Sinistcha|Sinistcha-Masterpiece, L50|100\/100\n|-heal|p2b: Cetitan|66\/100|[from] ability: Hospitality|[of] p2a: Sinistcha\n|move|p2b: Cetitan|Liquidation|p1b: Cresselia\n|-damage|p1b: Cresselia|67\/100\n|move|p1a: Anestesia|Spore|p2b: Cetitan\n|-status|p2b: Cetitan|slp|[from] move: Spore\n|move|p1b: Cresselia|Trick Room|p1b: Cresselia\n|-fieldstart|move: Trick Room|[of] p1b: Cresselia\n|\n|-heal|p1a: Anestesia|72\/100|[from] Grassy Terrain\n|-heal|p2b: Cetitan|72\/100 slp|[from] Grassy Terrain\n|upkeep\n|turn|8\n|\n|t:|1700619522\n|switch|p1a: Ursaluna|Ursaluna-Bloodmoon, L50, M|100\/100\n|switch|p2a: Rillaboom|Rillaboom, L50, M|100\/100\n|cant|p2b: Cetitan|slp\n|move|p1b: Cresselia|Ice Beam|p2a: Rillaboom\n|-supereffective|p2a: Rillaboom\n|-damage|p2a: Rillaboom|73\/100\n|-status|p2a: Rillaboom|frz\n|\n|-heal|p2b: Cetitan|78\/100 slp|[from] Grassy Terrain\n|-heal|p2a: Rillaboom|80\/100 frz|[from] Grassy Terrain\n|upkeep\n|turn|9\n|\n|t:|1700619548\n|switch|p2a: Sinistcha|Sinistcha-Masterpiece, L50|100\/100\n|-heal|p2b: Cetitan|100\/100 slp|[from] ability: Hospitality|[of] p2a: Sinistcha\n|-terastallize|p1a: Ursaluna|Grass\n|cant|p2b: Cetitan|slp\n|move|p1a: Ursaluna|Blood Moon|p2b: Cetitan\n|-damage|p2b: Cetitan|19\/100 slp\n|move|p1b: Cresselia|Lunar Blessing|p1b: Cresselia|[spread] p1a,p1b\n|-heal|p1b: Cresselia|92\/100\n|\n|-heal|p2b: Cetitan|25\/100 slp|[from] Grassy Terrain\n|upkeep\n|turn|10\n|\n|t:|1700619564\n|switch|p2a: Rillaboom|Rillaboom, L50, M|80\/100 frz\n|move|p1b: Cresselia|Helping Hand|p1a: Ursaluna\n|-singleturn|p1a: Ursaluna|Helping Hand|[of] p1b: Cresselia\n|cant|p2b: Cetitan|slp\n|move|p1a: Ursaluna|Hyper Voice|p2a: Rillaboom|[spread] p2a,p2b\n|-damage|p2a: Rillaboom|19\/100 frz\n|-damage|p2b: Cetitan|0 fnt\n|faint|p2b: Cetitan\n|\n|-heal|p2a: Rillaboom|25\/100 frz|[from] Grassy Terrain\n|-fieldend|move: Grassy Terrain\n|upkeep\n|-message|Tenken11 forfeited.\n|\n|win|Tampico11\n|c|&|\/uhtml prompt-tenken11,Tenken11 is ready for game 3!\n|c|&|\/uhtml prompt-tampico11,Tampico11 is ready for game 3!\nBoth players are ready! Starting next match!\n|l|\u2606Tampico11\n","uploadtime":1700620089,"views":6,"p1id":"tampico11","p2id":"tenken11","formatid":"gen9vgc2023regulatione","rating":0,"private":0,"password":""}