{"id":"gen9vgc2023regulatione-1994820808","p1":"atanasoff x","p2":"JCandJC","format":"[Gen 9] VGC 2023 Regulation E","log":"|j|\u2606atanasoff x\n|j|\u203dJCandJC\n|n|\u2606atanasoff x|atanasoffx\n|n|\u203dJCandJC|jcandjc\n|html|View the match progress at <a href=\"\/game-bestof3-gen9vgc2023regulatione-1994820807\">game-bestof3-gen9vgc2023regulatione-1994820807<\/a>\n|t:|1700495869\n|gametype|doubles\n|player|p1|atanasoff x|lance|\n|player|p2|JCandJC|red|\n|teamsize|p1|6\n|teamsize|p2|6\n|gen|9\n|tier|[Gen 9] VGC 2023 Regulation E\n|rule|Species Clause: Limit one of each Pok\u00e9mon\n|rule|Item Clause: Limit one of each item\n|clearpoke\n|poke|p1|Regidrago, L50|\n|poke|p1|Scizor, L50, M|\n|poke|p1|Flutter Mane, L50|\n|poke|p1|Tornadus, L50, M|\n|poke|p1|Iron Hands, L50|\n|poke|p1|Gholdengo, L50|\n|poke|p2|Arcanine-Hisui, L50, F|\n|poke|p2|Tornadus, L50, M|\n|poke|p2|Roaring Moon, L50|\n|poke|p2|Gastrodon, L50, M|\n|poke|p2|Sinistcha, L50|\n|poke|p2|Glimmora, L50, M|\n|teampreview|4\n|inactive|Battle timer is ON: inactive players will automatically lose when time's up. (requested by JCandJC)\nJCandJC has agreed to open team sheets.\n|\n|t:|1700495908\n|start\n|switch|p1a: Regidrago|Regidrago, L50|100\/100\n|switch|p1b: Tornadus|Tornadus, L50, M|100\/100\n|switch|p2a: Tornadus|Tornadus, L50, M|100\/100\n|switch|p2b: Arcanine|Arcanine-Hisui, L50, F|100\/100\n|-ability|p2b: Arcanine|Intimidate|boost\n|-unboost|p1a: Regidrago|atk|1\n|-unboost|p1b: Tornadus|atk|1\n|turn|1\n|\n|t:|1700495926\n|-terastallize|p1a: Regidrago|Dragon\n|-terastallize|p2b: Arcanine|Fairy\n|move|p1b: Tornadus|Tailwind|p1b: Tornadus\n|-sidestart|p1: atanasoff x|move: Tailwind\n|move|p2a: Tornadus|Tailwind|p2a: Tornadus\n|-sidestart|p2: JCandJC|move: Tailwind\n|move|p1a: Regidrago|Dragon Energy|p2b: Arcanine|[spread] p2a\n|-immune|p2b: Arcanine\n|-damage|p2a: Tornadus|2\/100\n|move|p2b: Arcanine|Tera Blast|p1a: Regidrago|[anim] Tera Blast Fairy\n|-supereffective|p1a: Regidrago\n|-damage|p1a: Regidrago|7\/100\n|\n|upkeep\n|turn|2\n|inactive|atanasoff x has 30 seconds left.\n|inactive|JCandJC has 30 seconds left.\n|\n|t:|1700495954\n|move|p1a: Regidrago|Dragon Energy|p2a: Tornadus|[spread] p2a\n|-immune|p2b: Arcanine\n|-crit|p2a: Tornadus\n|-damage|p2a: Tornadus|0 fnt\n|faint|p2a: Tornadus\n|move|p1b: Tornadus|Bleakwind Storm|p2b: Arcanine|[miss]\n|-miss|p1b: Tornadus|p2b: Arcanine\n|move|p2b: Arcanine|Rock Slide|p1a: Regidrago|[spread] p1a,p1b\n|-supereffective|p1b: Tornadus\n|-damage|p1a: Regidrago|0 fnt\n|-damage|p1b: Tornadus|18\/100\n|faint|p1a: Regidrago\n|\n|upkeep\n|\n|t:|1700495966\n|switch|p1a: Gholdengo|Gholdengo, L50|100\/100\n|switch|p2a: Glimmora|Glimmora, L50, M|100\/100\n|turn|3\n|\n|t:|1700495985\n|switch|p2b: Roaring Moon|Roaring Moon, L50|100\/100\n|-enditem|p2b: Roaring Moon|Booster Energy\n|-activate|p2b: Roaring Moon|ability: Protosynthesis|[fromitem]\n|-start|p2b: Roaring Moon|protosynthesisspe\n|move|p1b: Tornadus|Protect|p1b: Tornadus\n|-singleturn|p1b: Tornadus|Protect\n|move|p1a: Gholdengo|Make It Rain|p2a: Glimmora|[spread] p2a,p2b\n|-supereffective|p2a: Glimmora\n|-crit|p2b: Roaring Moon\n|-damage|p2a: Glimmora|0 fnt\n|-damage|p2b: Roaring Moon|5\/100\n|-unboost|p1a: Gholdengo|spa|1\n|faint|p2a: Glimmora\n|\n|upkeep\n|\n|t:|1700495999\n|switch|p2a: Arcanine|Arcanine-Hisui, L50, F, tera:Fairy|100\/100\n|-ability|p2a: Arcanine|Intimidate|boost\n|-unboost|p1a: Gholdengo|atk|1\n|-unboost|p1b: Tornadus|atk|1\n|turn|4\n|\n|t:|1700496016\n|move|p2a: Arcanine|Extreme Speed|p1b: Tornadus\n|-crit|p1b: Tornadus\n|-damage|p1b: Tornadus|0 fnt\n|faint|p1b: Tornadus\n|move|p2b: Roaring Moon|Knock Off|p1a: Gholdengo\n|-supereffective|p1a: Gholdengo\n|-damage|p1a: Gholdengo|0 fnt\n|-enditem|p1a: Gholdengo|Choice Specs|[from] move: Knock Off|[of] p2b: Roaring Moon\n|faint|p1a: Gholdengo\n|\n|-sideend|p2: JCandJC|move: Tailwind\n|-sideend|p1: atanasoff x|move: Tailwind\n|upkeep\n|\n|t:|1700496025\n|switch|p1a: Flutter Mane|Flutter Mane, L50|100\/100\n|turn|5\n|\n|t:|1700496040\n|move|p1a: Flutter Mane|Protect|p1a: Flutter Mane\n|-singleturn|p1a: Flutter Mane|Protect\n|move|p2b: Roaring Moon|Knock Off|p1a: Flutter Mane\n|-activate|p1a: Flutter Mane|move: Protect\n|move|p2a: Arcanine|Tera Blast|p1a: Flutter Mane|[anim] Tera Blast Fairy\n|-activate|p1a: Flutter Mane|move: Protect\n|\n|upkeep\n|turn|6\n|\n|t:|1700496054\n|move|p2b: Roaring Moon|Knock Off|p1a: Flutter Mane\n|-damage|p1a: Flutter Mane|0 fnt\n|-enditem|p1a: Flutter Mane|Life Orb|[from] move: Knock Off|[of] p2b: Roaring Moon\n|faint|p1a: Flutter Mane\n|-end|p1a: Flutter Mane|Protosynthesis|[silent]\n|\n|win|JCandJC\n","uploadtime":1700496062,"views":3,"p1id":"atanasoffx","p2id":"jcandjc","formatid":"gen9vgc2023regulatione","rating":0,"private":0,"password":""}