{"id":"gen9vgc2023regulatione-1999254065","p1":"joshferd","p2":"Bulb_his_saur","format":"[Gen 9] VGC 2023 Regulation E","log":"|j|\u2606joshferd\n|j|\u2606Bulb_his_saur\n|t:|1701051189\n|gametype|doubles\n|player|p1|joshferd|102|1137\n|player|p2|Bulb_his_saur|backpacker|1154\n|teamsize|p1|6\n|teamsize|p2|6\n|gen|9\n|tier|[Gen 9] VGC 2023 Regulation E\n|rated|\n|rule|Species Clause: Limit one of each Pok\u00e9mon\n|rule|Item Clause: Limit one of each item\n|clearpoke\n|poke|p1|Tornadus, L50, M|\n|poke|p1|Urshifu-*, L50, F|\n|poke|p1|Maushold, L50|\n|poke|p1|Oricorio-Sensu, L50, M|\n|poke|p1|Volcarona, L50, F|\n|poke|p1|Chien-Pao, L50|\n|poke|p2|Rillaboom, L50, M|\n|poke|p2|Illumise, L50, F|\n|poke|p2|Lurantis, L50, F|\n|poke|p2|Goodra-Hisui, L50, M|\n|poke|p2|Brambleghast, L50, F|\n|poke|p2|Heatran, L50, M|\n|teampreview|4\njoshferd has agreed to open team sheets.\n|c|\u2606Bulb_his_saur|You\u2019re going down man!\n|inactive|Battle timer is ON: inactive players will automatically lose when time's up. (requested by joshferd)\n|inactive|Bulb_his_saur has 60 seconds left.\n|\n|t:|1701051251\n|start\n|switch|p1a: Oricorio|Oricorio-Sensu, L50, M|100\/100\n|switch|p1b: Volcarona|Volcarona, L50, F|100\/100\n|switch|p2a: A friend <3|Illumise, L50, F|100\/100\n|switch|p2b: BUG|Lurantis, L50, F|100\/100\n|turn|1\n|inactive|joshferd has 30 seconds left.\n|\n|t:|1701051282\n|-terastallize|p2b: BUG|Poison\n|move|p2a: A friend <3|Fake Tears|p2b: BUG\n|-boost|p2b: BUG|spd|2\n|move|p1a: Oricorio|Air Slash|p2b: BUG\n|-damage|p2b: BUG|89\/100\n|move|p1b: Volcarona|Fiery Dance|p2b: BUG\n|-damage|p2b: BUG|74\/100\n|-activate|p1a: Oricorio|ability: Dancer\n|move|p1a: Oricorio|Fiery Dance|p2b: BUG|[from]ability: Dancer\n|-damage|p2b: BUG|65\/100\n|-boost|p1a: Oricorio|spa|1\n|move|p2b: BUG|Knock Off|p1b: Volcarona\n|-damage|p1b: Volcarona|67\/100\n|-damage|p2b: BUG|48\/100|[from] item: Rocky Helmet|[of] p1b: Volcarona\n|-status|p2b: BUG|brn|[from] ability: Flame Body|[of] p1b: Volcarona\n|-enditem|p1b: Volcarona|Rocky Helmet|[from] move: Knock Off|[of] p2b: BUG\n|\n|-damage|p2b: BUG|42\/100 brn|[from] brn\n|upkeep\n|turn|2\n|inactive|joshferd has 30 seconds left.\n|\n|t:|1701051313\n|move|p1a: Oricorio|Protect|p1a: Oricorio\n|-singleturn|p1a: Oricorio|Protect\n|move|p2a: A friend <3|Fake Tears|p2b: BUG\n|-boost|p2b: BUG|spd|2\n|move|p1b: Volcarona|Quiver Dance|p1b: Volcarona\n|-boost|p1b: Volcarona|spa|1\n|-boost|p1b: Volcarona|spd|1\n|-boost|p1b: Volcarona|spe|1\n|-activate|p1a: Oricorio|ability: Dancer\n|move|p1a: Oricorio|Quiver Dance|p1a: Oricorio|[from]ability: Dancer\n|-boost|p1a: Oricorio|spa|1\n|-boost|p1a: Oricorio|spd|1\n|-boost|p1a: Oricorio|spe|1\n|move|p2b: BUG|Knock Off|p1a: Oricorio\n|-activate|p1a: Oricorio|move: Protect\n|\n|-damage|p2b: BUG|36\/100 brn|[from] brn\n|upkeep\n|turn|3\n|\n|t:|1701051338\n|move|p1a: Oricorio|Air Slash|p2b: BUG\n|-damage|p2b: BUG|19\/100 brn\n|move|p1b: Volcarona|Fiery Dance|p2b: BUG\n|-damage|p2b: BUG|5\/100 brn\n|-boost|p1b: Volcarona|spa|1\n|-activate|p1a: Oricorio|ability: Dancer\n|move|p1a: Oricorio|Fiery Dance|p2b: BUG|[from]ability: Dancer\n|-damage|p2b: BUG|0 fnt\n|-boost|p1a: Oricorio|spa|1\n|faint|p2b: BUG\n|move|p2a: A friend <3|Struggle Bug|p1a: Oricorio|[spread] p1a,p1b\n|-resisted|p1a: Oricorio\n|-resisted|p1b: Volcarona\n|-damage|p1a: Oricorio|98\/100\n|-damage|p1b: Volcarona|63\/100\n|-unboost|p1a: Oricorio|spa|1\n|-unboost|p1b: Volcarona|spa|1\n|\n|upkeep\n|\n|t:|1701051344\n|switch|p2b: Overbite|Heatran, L50, M|100\/100\n|turn|4\n|\n|t:|1701051361\n|-terastallize|p1b: Volcarona|Water\n|move|p1a: Oricorio|Protect|p1a: Oricorio\n|-singleturn|p1a: Oricorio|Protect\n|move|p1b: Volcarona|Fiery Dance|p2a: A friend <3\n|-supereffective|p2a: A friend <3\n|-damage|p2a: A friend <3|0 fnt\n|faint|p2a: A friend <3\n|-activate|p1a: Oricorio|ability: Dancer\n|move|p1a: Oricorio|Fiery Dance|p2b: Overbite|[from]ability: Dancer\n|-start|p2b: Overbite|ability: Flash Fire\n|move|p2b: Overbite|Heat Wave|p1b: Volcarona|[spread] p1b\n|-activate|p1a: Oricorio|move: Protect\n|-resisted|p1b: Volcarona\n|-damage|p1b: Volcarona|45\/100\n|\n|upkeep\n|\n|t:|1701051368\n|switch|p2a: RootinTootin|Brambleghast, L50, F|100\/100\n|turn|5\n|\n|t:|1701051384\n|move|p2a: RootinTootin|Shadow Sneak|p1a: Oricorio\n|-supereffective|p1a: Oricorio\n|-damage|p1a: Oricorio|30\/100\n|move|p1a: Oricorio|Air Slash|p2a: RootinTootin\n|-supereffective|p2a: RootinTootin\n|-damage|p2a: RootinTootin|0 fnt\n|faint|p2a: RootinTootin\n|move|p1b: Volcarona|Quiver Dance|p1b: Volcarona\n|-boost|p1b: Volcarona|spa|1\n|-boost|p1b: Volcarona|spd|1\n|-boost|p1b: Volcarona|spe|1\n|-activate|p1a: Oricorio|ability: Dancer\n|move|p1a: Oricorio|Quiver Dance|p1a: Oricorio|[from]ability: Dancer\n|-boost|p1a: Oricorio|spa|1\n|-boost|p1a: Oricorio|spd|1\n|-boost|p1a: Oricorio|spe|1\n|move|p2b: Overbite|Heat Wave|p1b: Volcarona|[spread] p1a,p1b\n|-resisted|p1b: Volcarona\n|-damage|p1a: Oricorio|0 fnt\n|-damage|p1b: Volcarona|31\/100\n|faint|p1a: Oricorio\n|\n|upkeep\n|\n|t:|1701051404\n|switch|p1a: Chien-Pao|Chien-Pao, L50|100\/100\n|-ability|p1a: Chien-Pao|Sword of Ruin\n|turn|6\n|\n|t:|1701051412\n|move|p1a: Chien-Pao|Protect|p1a: Chien-Pao\n|-singleturn|p1a: Chien-Pao|Protect\n|move|p2b: Overbite|Protect|p2b: Overbite\n|-singleturn|p2b: Overbite|Protect\n|move|p1b: Volcarona|Tera Blast|p2b: Overbite|[anim] Tera Blast Water\n|-activate|p2b: Overbite|move: Protect\n|\n|upkeep\n|turn|7\n|\n|t:|1701051424\n|move|p1a: Chien-Pao|Sucker Punch|p2b: Overbite\n|-damage|p2b: Overbite|62\/100\n|move|p1b: Volcarona|Tera Blast|p2b: Overbite|[anim] Tera Blast Water\n|-supereffective|p2b: Overbite\n|-damage|p2b: Overbite|0 fnt\n|faint|p2b: Overbite\n|\n|win|joshferd\n|raw|joshferd's rating: 1137 &rarr; <strong>1163<\/strong><br \/>(+26 for winning)\n|raw|Bulb_his_saur's rating: 1154 &rarr; <strong>1128<\/strong><br \/>(-26 for losing)\n|l|\u2606Bulb_his_saur\n","uploadtime":1701051436,"views":29,"p1id":"joshferd","p2id":"bulbhissaur","formatid":"gen9vgc2023regulatione","rating":1128,"private":0,"password":""}