{"id":"gen9vgc2023regulatione-1990877594","p1":"Spottedwoot","p2":"Jgare1213","format":"[Gen 9] VGC 2023 Regulation E","log":"|j|\u2606Spottedwoot\n|j|\u2606Jgare1213\n|t:|1700010457\n|gametype|doubles\n|player|p1|Spottedwoot|1|1620\n|player|p2|Jgare1213|169|1595\n|teamsize|p1|6\n|teamsize|p2|6\n|gen|9\n|tier|[Gen 9] VGC 2023 Regulation E\n|rated|\n|rule|Species Clause: Limit one of each Pok\u00e9mon\n|rule|Item Clause: Limit one of each item\n|clearpoke\n|poke|p1|Ogerpon-Wellspring, L50, F|\n|poke|p1|Iron Hands, L50|\n|poke|p1|Kingambit, L50, F|\n|poke|p1|Chi-Yu, L50|\n|poke|p1|Flutter Mane, L50|\n|poke|p1|Landorus-Therian, L50, M|\n|poke|p2|Rillaboom, L50, M|\n|poke|p2|Sneasler, L50, M|\n|poke|p2|Pelipper, L50, M|\n|poke|p2|Gholdengo, L50|\n|poke|p2|Empoleon, L50, M|\n|poke|p2|Landorus-Therian, L50, M|\n|teampreview|4\n|inactive|Battle timer is ON: inactive players will automatically lose when time's up. (requested by Jgare1213)\n|j| mookystank\n|inactive|Spottedwoot has 60 seconds left.\n|inactive|Jgare1213 has 60 seconds left.\n|inactive|Spottedwoot has 30 seconds left.\n|\n|t:|1700010519\n|start\n|switch|p1a: Kingambit|Kingambit, L50, F|100\/100\n|switch|p1b: Iron Hands|Iron Hands, L50|100\/100\n|switch|p2a: Rillaboom|Rillaboom, L50, M|100\/100\n|switch|p2b: Empoleon|Empoleon, L50, M|100\/100\n|-fieldstart|move: Grassy Terrain|[from] ability: Grassy Surge|[of] p2a: Rillaboom\n|turn|1\n|j| 5Sscreen\n|\n|t:|1700010532\n|switch|p2b: Sneasler|Sneasler, L50, M|100\/100\n|-enditem|p2b: Sneasler|Grassy Seed\n|-boost|p2b: Sneasler|def|1|[from] item: Grassy Seed\n|move|p2a: Rillaboom|Fake Out|p1b: Iron Hands\n|-damage|p1b: Iron Hands|92\/100\n|cant|p1b: Iron Hands|flinch\n|move|p1a: Kingambit|Swords Dance|p1a: Kingambit\n|-boost|p1a: Kingambit|atk|2\n|\n|-heal|p1b: Iron Hands|98\/100|[from] Grassy Terrain\n|upkeep\n|turn|2\n|\n|t:|1700010553\n|-end|p1b: Iron Hands|Quark Drive|[silent]\n|switch|p1b: Landorus|Landorus-Therian, L50, M|100\/100\n|-ability|p1b: Landorus|Intimidate|boost\n|-unboost|p2a: Rillaboom|atk|1\n|-unboost|p2b: Sneasler|atk|1\n|move|p1a: Kingambit|Protect|p1a: Kingambit\n|-singleturn|p1a: Kingambit|Protect\n|move|p2b: Sneasler|Dire Claw|p1a: Kingambit\n|-activate|p1a: Kingambit|move: Protect\n|move|p2a: Rillaboom|Wood Hammer|p1b: Landorus\n|-damage|p1b: Landorus|33\/100\n|-damage|p2a: Rillaboom|82\/100|[from] Recoil\n|\n|-heal|p2a: Rillaboom|88\/100|[from] Grassy Terrain\n|upkeep\n|turn|3\n|\n|t:|1700010572\n|switch|p2a: Pelipper|Pelipper, L50, M|100\/100\n|-weather|RainDance|[from] ability: Drizzle|[of] p2a: Pelipper\n|-terastallize|p1a: Kingambit|Fairy\n|move|p2b: Sneasler|Protect|p2b: Sneasler\n|-singleturn|p2b: Sneasler|Protect\n|move|p1a: Kingambit|Sucker Punch||[still]\n|-fail|p1a: Kingambit\n|move|p1b: Landorus|Stomping Tantrum|p2b: Sneasler\n|-activate|p2b: Sneasler|move: Protect\n|\n|-weather|RainDance|[upkeep]\n|upkeep\n|turn|4\n|inactive|Jgare1213 has 30 seconds left.\n|\n|t:|1700010603\n|switch|p2b: Rillaboom|Rillaboom, L50, M|88\/100\n|move|p1a: Kingambit|Protect|p1a: Kingambit\n|-singleturn|p1a: Kingambit|Protect\n|move|p1b: Landorus|Stomping Tantrum|p2b: Rillaboom\n|-resisted|p2b: Rillaboom\n|-damage|p2b: Rillaboom|66\/100\n|move|p2a: Pelipper|Hurricane|p1b: Landorus\n|-damage|p1b: Landorus|0 fnt\n|faint|p1b: Landorus\n|\n|-weather|RainDance|[upkeep]\n|-heal|p2b: Rillaboom|73\/100|[from] Grassy Terrain\n|upkeep\n|\n|t:|1700010609\n|switch|p1b: Iron Hands|Iron Hands, L50|98\/100\n|turn|5\n|\n|t:|1700010623\n|move|p2b: Rillaboom|Fake Out|p1b: Iron Hands\n|-damage|p1b: Iron Hands|89\/100\n|cant|p1b: Iron Hands|flinch\n|move|p2a: Pelipper|Hydro Pump|p1a: Kingambit\n|-damage|p1a: Kingambit|30\/100\n|move|p1a: Kingambit|Kowtow Cleave|p2b: Rillaboom\n|-damage|p2b: Rillaboom|0 fnt\n|faint|p2b: Rillaboom\n|\n|-weather|RainDance|[upkeep]\n|-heal|p1a: Kingambit|36\/100|[from] Grassy Terrain\n|-heal|p1b: Iron Hands|95\/100|[from] Grassy Terrain\n|-fieldend|move: Grassy Terrain\n|upkeep\n|\n|t:|1700010643\n|switch|p2b: Empoleon|Empoleon, L50, M|100\/100\n|turn|6\n|inactive|Spottedwoot has 30 seconds left.\n|inactive|Jgare1213 has 30 seconds left.\n|inactive|Spottedwoot has 20 seconds left.\n|inactive|Jgare1213 has 20 seconds left.\n|inactive|Jgare1213 has 15 seconds left.\n|l| mookystank\n|\n|t:|1700010686\n|-terastallize|p2b: Empoleon|Fairy\n|move|p1a: Kingambit|Sucker Punch|p2a: Pelipper\n|-damage|p2a: Pelipper|0 fnt\n|faint|p2a: Pelipper\n|move|p2b: Empoleon|Flash Cannon|p1a: Kingambit\n|-supereffective|p1a: Kingambit\n|-damage|p1a: Kingambit|0 fnt\n|faint|p1a: Kingambit\n|move|p1b: Iron Hands|Drain Punch|p2b: Empoleon\n|-resisted|p2b: Empoleon\n|-damage|p2b: Empoleon|73\/100\n|-heal|p1b: Iron Hands|100\/100|[from] drain|[of] p2b: Empoleon\n|\n|-weather|RainDance|[upkeep]\n|upkeep\n|\n|t:|1700010698\n|switch|p2a: Sneasler|Sneasler, L50, M|100\/100\n|switch|p1a: Flutter Mane|Flutter Mane, L50|100\/100\n|-enditem|p1a: Flutter Mane|Booster Energy\n|-activate|p1a: Flutter Mane|ability: Protosynthesis|[fromitem]\n|-start|p1a: Flutter Mane|protosynthesisspe\n|turn|7\n|inactive|Jgare1213 has 30 seconds left.\n|inactive|Jgare1213 has 20 seconds left.\n|inactive|Jgare1213 has 15 seconds left.\n|inactive|Jgare1213 has 10 seconds left.\n|\n|t:|1700010745\n|move|p1a: Flutter Mane|Moonblast|p2a: Sneasler\n|-damage|p2a: Sneasler|31\/100\n|move|p2a: Sneasler|Shadow Claw|p1a: Flutter Mane\n|-supereffective|p1a: Flutter Mane\n|-damage|p1a: Flutter Mane|0 fnt\n|faint|p1a: Flutter Mane\n|-end|p1a: Flutter Mane|Protosynthesis|[silent]\n|move|p2b: Empoleon|Hydro Pump|p1b: Iron Hands\n|-damage|p1b: Iron Hands|53\/100\n|move|p1b: Iron Hands|Wild Charge|p2a: Sneasler\n|-damage|p2a: Sneasler|0 fnt\n|faint|p2a: Sneasler\n|-damage|p1b: Iron Hands|49\/100|[from] Recoil\n|\n|-weather|none\n|upkeep\n|turn|8\n|\n|t:|1700010768\n|move|p2b: Empoleon|Hydro Pump|p1b: Iron Hands\n|-damage|p1b: Iron Hands|19\/100\n|move|p1b: Iron Hands|Heavy Slam|p2b: Empoleon\n|-supereffective|p2b: Empoleon\n|-damage|p2b: Empoleon|0 fnt\n|faint|p2b: Empoleon\n|\n|win|Spottedwoot\n|raw|Spottedwoot's rating: 1620 &rarr; <strong>1639<\/strong><br \/>(+19 for winning)\n|raw|Jgare1213's rating: 1595 &rarr; <strong>1576<\/strong><br \/>(-19 for losing)\n|l|\u2606Spottedwoot\n|l|\u2606Jgare1213\n","uploadtime":1700011143,"views":17,"p1id":"spottedwoot","p2id":"jgare1213","formatid":"gen9vgc2023regulatione","rating":1576,"private":0,"password":""}