{"id":"gen9vgc2023regulatione-1997957519","p1":"Ciq108","p2":"hauntedskittydoll","format":"[Gen 9] VGC 2023 Regulation E","log":"|j|\u2606Ciq108\n|j|\u2606hauntedskittydoll\n|n|\u2606Ciq108|ciq108\n|n|\u2606hauntedskittydoll|hauntedskittydoll\n|html|View the match progress at <a href=\"\/game-bestof3-gen9vgc2023regulatione-1997957518\">game-bestof3-gen9vgc2023regulatione-1997957518<\/a>\n|t:|1700872075\n|gametype|doubles\n|player|p1|Ciq108|101|\n|player|p2|hauntedskittydoll|bellelba|\n|teamsize|p1|6\n|teamsize|p2|6\n|gen|9\n|tier|[Gen 9] VGC 2023 Regulation E\n|rule|Species Clause: Limit one of each Pok\u00e9mon\n|rule|Item Clause: Limit one of each item\n|clearpoke\n|poke|p1|Dondozo, L50, F|\n|poke|p1|Tatsugiri, L50, M|\n|poke|p1|Mandibuzz, L50, F|\n|poke|p1|Glimmora, L50, M|\n|poke|p1|Espathra, L50, M|\n|poke|p1|Iron Hands, L50|\n|poke|p2|Indeedee-F, L50, F|\n|poke|p2|Armarouge, L50, F|\n|poke|p2|Decidueye, L50, F|\n|poke|p2|Sneasler, L50, M|\n|poke|p2|Gardevoir, L50, F|\n|poke|p2|Hippowdon, L50, F|\n|teampreview|4\n|inactive|Battle timer is ON: inactive players will automatically lose when time's up. (requested by Ciq108)\nhauntedskittydoll rejected open team sheets.\n|c|\u2606hauntedskittydoll|glhf!\n|inactiveoff|Battle timer is now OFF.\n|c|\u2606Ciq108|Glhf\n|c|\u2606Ciq108|Btw sry I'm on phone is there any chance I could do replays rather than links\n|c|\u2606hauntedskittydoll|oh yeah thats cool\n|c|\u2606Ciq108|Ty\n|\n|t:|1700872193\n|start\n|switch|p1a: Glimmora|Glimmora, L50, M|100\/100\n|switch|p1b: Mandibuzz|Mandibuzz, L50, F|100\/100\n|switch|p2a: Barbie Barbie|Gardevoir, L50, F, shiny|100\/100\n|switch|p2b: Psy Barbie|Indeedee-F, L50, F, shiny|100\/100\n|-ability|p2a: Barbie Barbie|Toxic Debris|[from] ability: Trace|[of] p1a: Glimmora\n|-fieldstart|move: Psychic Terrain|[from] ability: Psychic Surge|[of] p2b: Psy Barbie\n|turn|1\n|\n|t:|1700872259\n|move|p2b: Psy Barbie|Follow Me|p2b: Psy Barbie\n|-singleturn|p2b: Psy Barbie|move: Follow Me\n|move|p1a: Glimmora|Sludge Bomb|p2b: Psy Barbie\n|-damage|p2b: Psy Barbie|58\/100\n|-status|p2b: Psy Barbie|psn\n|move|p2a: Barbie Barbie|Psychic|p1a: Glimmora\n|-supereffective|p1a: Glimmora\n|-enditem|p1a: Glimmora|Focus Sash\n|-damage|p1a: Glimmora|1\/100\n|-damage|p2a: Barbie Barbie|91\/100|[from] item: Life Orb\n|move|p1b: Mandibuzz|Snarl|p2a: Barbie Barbie|[spread] p2a,p2b\n|-supereffective|p2b: Psy Barbie\n|-damage|p2a: Barbie Barbie|83\/100\n|-damage|p2b: Psy Barbie|41\/100 psn\n|-unboost|p2a: Barbie Barbie|spa|1\n|-unboost|p2b: Psy Barbie|spa|1\n|\n|-damage|p2b: Psy Barbie|28\/100 psn|[from] psn\n|upkeep\n|turn|2\n|\n|t:|1700872296\n|move|p2b: Psy Barbie|Follow Me|p2b: Psy Barbie\n|-singleturn|p2b: Psy Barbie|move: Follow Me\n|move|p1a: Glimmora|Sludge Bomb|p2b: Psy Barbie\n|-damage|p2b: Psy Barbie|0 fnt\n|faint|p2b: Psy Barbie\n|move|p2a: Barbie Barbie|Psychic|p1a: Glimmora\n|-supereffective|p1a: Glimmora\n|-damage|p1a: Glimmora|0 fnt\n|faint|p1a: Glimmora\n|-damage|p2a: Barbie Barbie|74\/100|[from] item: Life Orb\n|move|p1b: Mandibuzz|Taunt|p2a: Barbie Barbie\n|-start|p2a: Barbie Barbie|move: Taunt\n|\n|upkeep\n|\n|t:|1700872330\n|switch|p1a: Dondozo|Dondozo, L50, F|100\/100\n|switch|p2b: Sand Barbie|Hippowdon, L50, F|100\/100\n|-weather|Sandstorm|[from] ability: Sand Stream|[of] p2b: Sand Barbie\n|turn|3\n|\n|t:|1700872365\n|switch|p2a: Bird Barbie|Decidueye, L50, F, shiny|100\/100\n|move|p1b: Mandibuzz|Taunt|p2b: Sand Barbie\n|-start|p2b: Sand Barbie|move: Taunt\n|cant|p2b: Sand Barbie|move: Taunt|Yawn\n|move|p1a: Dondozo|Wave Crash|p2a: Bird Barbie\n|-resisted|p2a: Bird Barbie\n|-damage|p2a: Bird Barbie|68\/100\n|-damage|p1a: Dondozo|92\/100|[from] Recoil\n|\n|-weather|Sandstorm|[upkeep]\n|-damage|p2a: Bird Barbie|62\/100|[from] Sandstorm\n|-damage|p1a: Dondozo|86\/100|[from] Sandstorm\n|-heal|p1a: Dondozo|92\/100|[from] item: Leftovers\n|upkeep\n|turn|4\n|\n|t:|1700872412\n|-terastallize|p2b: Sand Barbie|Dragon\n|move|p1a: Dondozo|Protect|p1a: Dondozo\n|-singleturn|p1a: Dondozo|Protect\n|move|p2a: Bird Barbie|Leaf Blade|p1a: Dondozo\n|-activate|p1a: Dondozo|move: Protect\n|move|p1b: Mandibuzz|Brave Bird|p2a: Bird Barbie\n|-supereffective|p2a: Bird Barbie\n|-damage|p2a: Bird Barbie|0 fnt\n|faint|p2a: Bird Barbie\n|-damage|p1b: Mandibuzz|83\/100|[from] Recoil\n|move|p2b: Sand Barbie|High Horsepower|p1a: Dondozo\n|-activate|p1a: Dondozo|move: Protect\n|\n|-weather|Sandstorm|[upkeep]\n|-damage|p2b: Sand Barbie|94\/100|[from] Sandstorm\n|-damage|p1a: Dondozo|86\/100|[from] Sandstorm\n|-heal|p1a: Dondozo|92\/100|[from] item: Leftovers\n|upkeep\n|\n|t:|1700872428\n|switch|p2a: Barbie Barbie|Gardevoir, L50, F, shiny|74\/100\n|-ability|p2a: Barbie Barbie|Overcoat|[from] ability: Trace|[of] p1b: Mandibuzz\n|turn|5\n|\n|t:|1700872448\n|switch|p1b: Tatsugiri|Tatsugiri, L50, M|100\/100\n|-activate|p1b: Tatsugiri|ability: Commander|[of] p1a: Dondozo\n|-boost|p1a: Dondozo|atk|2\n|-boost|p1a: Dondozo|spa|2\n|-boost|p1a: Dondozo|spe|2\n|-boost|p1a: Dondozo|def|2\n|-boost|p1a: Dondozo|spd|2\n|move|p1a: Dondozo|Wave Crash|p2a: Barbie Barbie\n|-damage|p2a: Barbie Barbie|0 fnt\n|faint|p2a: Barbie Barbie\n|-damage|p1a: Dondozo|75\/100|[from] Recoil\n|move|p2b: Sand Barbie|Ice Fang|p1b: Tatsugiri|[miss]\n|-miss|p2b: Sand Barbie|p1b: Tatsugiri\n|\n|-weather|Sandstorm|[upkeep]\n|-damage|p1b: Tatsugiri|95\/100|[from] Sandstorm\n|-damage|p1a: Dondozo|69\/100|[from] Sandstorm\n|-damage|p2b: Sand Barbie|88\/100|[from] Sandstorm\n|-heal|p1a: Dondozo|75\/100|[from] item: Leftovers\n|-end|p2b: Sand Barbie|move: Taunt\n|-fieldend|move: Psychic Terrain\n|upkeep\n|turn|6\n|\n|t:|1700872467\n|move|p1a: Dondozo|Earthquake|p2b: Sand Barbie|[spread] p2b\n|-miss|p1a: Dondozo|p1b: Tatsugiri\n|-damage|p2b: Sand Barbie|54\/100\n|move|p2b: Sand Barbie|Yawn|p1a: Dondozo\n|-start|p1a: Dondozo|move: Yawn|[of] p2b: Sand Barbie\n|\n|-weather|Sandstorm|[upkeep]\n|-damage|p1b: Tatsugiri|89\/100|[from] Sandstorm\n|-damage|p1a: Dondozo|69\/100|[from] Sandstorm\n|-damage|p2b: Sand Barbie|48\/100|[from] Sandstorm\n|-enditem|p2b: Sand Barbie|Sitrus Berry|[eat]\n|-heal|p2b: Sand Barbie|73\/100|[from] item: Sitrus Berry\n|-heal|p1a: Dondozo|75\/100|[from] item: Leftovers\n|upkeep\n|turn|7\n|\n|t:|1700872480\n|move|p2b: Sand Barbie|Protect|p2b: Sand Barbie\n|-singleturn|p2b: Sand Barbie|Protect\n|move|p1a: Dondozo|Earthquake|p2b: Sand Barbie|[spread] \n|-miss|p1a: Dondozo|p1b: Tatsugiri\n|-activate|p2b: Sand Barbie|move: Protect\n|\n|-weather|none\n|-heal|p1a: Dondozo|81\/100|[from] item: Leftovers\n|-end|p1a: Dondozo|move: Yawn|[silent]\n|-status|p1a: Dondozo|slp\n|upkeep\n|turn|8\n|\n|t:|1700872493\n|cant|p1a: Dondozo|slp\n|move|p2b: Sand Barbie|High Horsepower|p1a: Dondozo|[miss]\n|-miss|p2b: Sand Barbie|p1a: Dondozo\n|\n|-heal|p1a: Dondozo|88\/100 slp|[from] item: Leftovers\n|upkeep\n|turn|9\n|\n|t:|1700872501\n|cant|p1a: Dondozo|slp\n|move|p2b: Sand Barbie|High Horsepower|p1a: Dondozo\n|-crit|p1a: Dondozo\n|-damage|p1a: Dondozo|40\/100 slp\n|\n|-heal|p1a: Dondozo|46\/100 slp|[from] item: Leftovers\n|upkeep\n|turn|10\n|\n|t:|1700872509\n|-curestatus|p1a: Dondozo|slp|[msg]\n|move|p1a: Dondozo|Earthquake|p2b: Sand Barbie|[spread] p2b\n|-miss|p1a: Dondozo|p1b: Tatsugiri\n|-damage|p2b: Sand Barbie|40\/100\n|move|p2b: Sand Barbie|High Horsepower|p1a: Dondozo\n|-crit|p1a: Dondozo\n|-damage|p1a: Dondozo|0 fnt\n|faint|p1a: Dondozo\n|\n|upkeep\n|c|\u2606Ciq108|Dayum\n|\n|t:|1700872532\n|switch|p1a: Mandibuzz|Mandibuzz, L50, F|83\/100\n|turn|11\n|c|\u2606hauntedskittydoll|i dont think it matters lol\n|\n|t:|1700872539\n|move|p1b: Tatsugiri|Draco Meteor|p2b: Sand Barbie\n|-supereffective|p2b: Sand Barbie\n|-damage|p2b: Sand Barbie|0 fnt\n|-unboost|p1b: Tatsugiri|spa|2\n|faint|p2b: Sand Barbie\n|\n|win|Ciq108\n|c|\u2606hauntedskittydoll|ggs\n|c|&|\/uhtml prompt-hauntedskittydoll,hauntedskittydoll is ready for game 2!\n|c|\u2606Ciq108|Gg\n|inactive|Ciq108 has 50 seconds to confirm battle start!\n|c|&|\/uhtml prompt-ciq108,Ciq108 is ready for game 2!\nBoth players are ready! Starting next match!\n|j| amlodude\n","uploadtime":1700872833,"views":9,"p1id":"ciq108","p2id":"hauntedskittydoll","formatid":"gen9vgc2023regulatione","rating":0,"private":0,"password":""}