{"id":"gen9vgc2023regulatione-1991224042","p1":"Izzywooperstan","p2":"bosoxrock727","format":"[Gen 9] VGC 2023 Regulation E","log":"|j|\u2606Izzywooperstan\n|j|\u2606bosoxrock727\n|t:|1700058835\n|gametype|doubles\n|player|p1|Izzywooperstan|lady|1386\n|player|p2|bosoxrock727|101|1323\n|teamsize|p1|6\n|teamsize|p2|6\n|gen|9\n|tier|[Gen 9] VGC 2023 Regulation E\n|rated|\n|rule|Species Clause: Limit one of each Pok\u00e9mon\n|rule|Item Clause: Limit one of each item\n|clearpoke\n|poke|p1|Chi-Yu, L50|\n|poke|p1|Flutter Mane, L50|\n|poke|p1|Landorus-Therian, L50, M|\n|poke|p1|Urshifu-*, L50, F|\n|poke|p1|Rillaboom, L50, M|\n|poke|p1|Ogerpon-Wellspring, L50, F|\n|poke|p2|Ceruledge, L50, M|\n|poke|p2|Ninetales-Alola, L50, M|\n|poke|p2|Arcanine-Hisui, L50, F|\n|poke|p2|Farigiraf, L50, F|\n|poke|p2|Sinistcha, L50|\n|poke|p2|Iron Hands, L50|\n|teampreview|4\nIzzywooperstan has agreed to open team sheets.\n|inactive|Battle timer is ON: inactive players will automatically lose when time's up. (requested by bosoxrock727)\n|\n|t:|1700058874\n|start\n|switch|p1a: Landorus|Landorus-Therian, L50, M|100\/100\n|switch|p1b: Rillaboom|Rillaboom, L50, M|100\/100\n|switch|p2a: Iron Hands|Iron Hands, L50|100\/100\n|switch|p2b: Ninetales|Ninetales-Alola, L50, M|100\/100\n|-ability|p1a: Landorus|Intimidate|boost\n|-unboost|p2a: Iron Hands|atk|1\n|-unboost|p2b: Ninetales|atk|1\n|-weather|Snow|[from] ability: Snow Warning|[of] p2b: Ninetales\n|-fieldstart|move: Grassy Terrain|[from] ability: Grassy Surge|[of] p1b: Rillaboom\n|turn|1\n|inactive|bosoxrock727 has 30 seconds left.\n|\n|t:|1700058905\n|-end|p2a: Iron Hands|Quark Drive|[silent]\n|switch|p2a: Farigiraf|Farigiraf, L50, F|100\/100\n|move|p1b: Rillaboom|Fake Out|p2b: Ninetales\n|-damage|p2b: Ninetales|87\/100\n|move|p1a: Landorus|Stomping Tantrum|p2a: Farigiraf\n|-damage|p2a: Farigiraf|63\/100\n|cant|p2b: Ninetales|flinch\n|\n|-weather|Snow|[upkeep]\n|-heal|p2b: Ninetales|93\/100|[from] Grassy Terrain\n|-heal|p2a: Farigiraf|69\/100|[from] Grassy Terrain\n|upkeep\n|turn|2\n|\n|t:|1700058924\n|switch|p1a: Chi-Yu|Chi-Yu, L50|100\/100\n|-ability|p1a: Chi-Yu|Beads of Ruin\n|move|p2b: Ninetales|Aurora Veil|p2b: Ninetales\n|-sidestart|p2: bosoxrock727|move: Aurora Veil\n|move|p1b: Rillaboom|U-turn|p2a: Farigiraf\n|-supereffective|p2a: Farigiraf\n|-damage|p2a: Farigiraf|44\/100\n|\n|t:|1700058932\n|switch|p1b: Landorus|Landorus-Therian, L50, M|100\/100|[from] U-turn\n|-ability|p1b: Landorus|Intimidate|boost\n|-unboost|p2a: Farigiraf|atk|1\n|-unboost|p2b: Ninetales|atk|1\n|move|p2a: Farigiraf|Trick Room|p2a: Farigiraf\n|-fieldstart|move: Trick Room|[of] p2a: Farigiraf\n|\n|-weather|Snow|[upkeep]\n|-heal|p2a: Farigiraf|50\/100|[from] Grassy Terrain\n|-heal|p2b: Ninetales|99\/100|[from] Grassy Terrain\n|upkeep\n|turn|3\n|\n|t:|1700058960\n|-terastallize|p2a: Farigiraf|Dark\n|move|p2a: Farigiraf|Hyper Voice|p1a: Chi-Yu|[spread] p1a,p1b\n|-damage|p1a: Chi-Yu|72\/100\n|-damage|p1b: Landorus|55\/100\n|-enditem|p2a: Farigiraf|Throat Spray\n|-boost|p2a: Farigiraf|spa|1|[from] item: Throat Spray\n|move|p1a: Chi-Yu|Nasty Plot|p1a: Chi-Yu\n|-boost|p1a: Chi-Yu|spa|2\n|move|p2b: Ninetales|Blizzard|p1b: Landorus|[spread] p1a,p1b\n|-resisted|p1a: Chi-Yu\n|-supereffective|p1b: Landorus\n|-damage|p1a: Chi-Yu|58\/100\n|-damage|p1b: Landorus|0 fnt\n|faint|p1b: Landorus\n|\n|-weather|Snow|[upkeep]\n|-heal|p2a: Farigiraf|56\/100|[from] Grassy Terrain\n|-heal|p1a: Chi-Yu|64\/100|[from] Grassy Terrain\n|-heal|p1a: Chi-Yu|70\/100|[from] item: Leftovers\n|-heal|p2b: Ninetales|100\/100|[from] Grassy Terrain\n|upkeep\n|\n|t:|1700058970\n|switch|p1b: Rillaboom|Rillaboom, L50, M|100\/100\n|turn|4\n|\n|t:|1700058987\n|switch|p2b: Sinistcha|Sinistcha, L50|100\/100\n|-heal|p2a: Farigiraf|81\/100|[from] ability: Hospitality|[of] p2b: Sinistcha\n|move|p2a: Farigiraf|Protect|p2a: Farigiraf\n|-singleturn|p2a: Farigiraf|Protect\n|move|p1b: Rillaboom|Fake Out|p2a: Farigiraf\n|-activate|p2a: Farigiraf|move: Protect\n|move|p1a: Chi-Yu|Flamethrower|p2b: Sinistcha\n|-supereffective|p2b: Sinistcha\n|-damage|p2b: Sinistcha|0 fnt\n|faint|p2b: Sinistcha\n|\n|-weather|Snow|[upkeep]\n|-heal|p2a: Farigiraf|88\/100|[from] Grassy Terrain\n|-heal|p1a: Chi-Yu|76\/100|[from] Grassy Terrain\n|-heal|p1a: Chi-Yu|83\/100|[from] item: Leftovers\n|upkeep\n|\n|t:|1700059002\n|switch|p2b: Iron Hands|Iron Hands, L50|100\/100\n|turn|5\n|\n|t:|1700059014\n|-singleturn|p2b: Iron Hands|move: Focus Punch\n|move|p1a: Chi-Yu|Protect|p1a: Chi-Yu\n|-singleturn|p1a: Chi-Yu|Protect\n|move|p2a: Farigiraf|Hyper Voice|p1b: Rillaboom|[spread] p1b\n|-activate|p1a: Chi-Yu|move: Protect\n|-damage|p1b: Rillaboom|56\/100\n|move|p1b: Rillaboom|U-turn|p2a: Farigiraf\n|-supereffective|p2a: Farigiraf\n|-crit|p2a: Farigiraf\n|-damage|p2a: Farigiraf|28\/100\n|\n|t:|1700059025\n|switch|p1b: Urshifu|Urshifu-Rapid-Strike, L50, F|100\/100|[from] U-turn\n|move|p2b: Iron Hands|Focus Punch|p1b: Urshifu\n|-damage|p1b: Urshifu|4\/100\n|\n|-weather|none\n|-heal|p2a: Farigiraf|34\/100|[from] Grassy Terrain\n|-heal|p1a: Chi-Yu|89\/100|[from] Grassy Terrain\n|-heal|p1a: Chi-Yu|95\/100|[from] item: Leftovers\n|-heal|p1b: Urshifu|10\/100|[from] Grassy Terrain\n|-fieldend|move: Grassy Terrain\n|upkeep\n|turn|6\n|\n|t:|1700059040\n|-terastallize|p1a: Chi-Yu|Ghost\n|move|p1b: Urshifu|Protect|p1b: Urshifu\n|-singleturn|p1b: Urshifu|Protect\n|move|p2b: Iron Hands|Drain Punch|p1a: Chi-Yu\n|-immune|p1a: Chi-Yu\n|move|p2a: Farigiraf|Hyper Voice|p1b: Urshifu|[spread] \n|-activate|p1b: Urshifu|move: Protect\n|-immune|p1a: Chi-Yu\n|move|p1a: Chi-Yu|Snarl|p2a: Farigiraf|[spread] p2a,p2b\n|-resisted|p2a: Farigiraf\n|-resisted|p2b: Iron Hands\n|-damage|p2a: Farigiraf|17\/100\n|-damage|p2b: Iron Hands|92\/100\n|-unboost|p2a: Farigiraf|spa|1\n|-unboost|p2b: Iron Hands|spa|1\n|\n|-heal|p1a: Chi-Yu|100\/100|[from] item: Leftovers\n|-sideend|p2: bosoxrock727|move: Aurora Veil\n|-fieldend|move: Trick Room\n|upkeep\n|turn|7\n|inactive|bosoxrock727 has 30 seconds left.\n|\n|t:|1700059068\n|move|p1b: Urshifu|Surging Strikes|p2b: Iron Hands\n|-crit|p2b: Iron Hands\n|-damage|p2b: Iron Hands|79\/100\n|-crit|p2b: Iron Hands\n|-damage|p2b: Iron Hands|65\/100\n|-crit|p2b: Iron Hands\n|-damage|p2b: Iron Hands|51\/100\n|-hitcount|p2b: Iron Hands|3\n|move|p1a: Chi-Yu|Flamethrower|p2b: Iron Hands\n|-damage|p2b: Iron Hands|0 fnt\n|faint|p2b: Iron Hands\n|-end|p2b: Iron Hands|Quark Drive|[silent]\n|move|p2a: Farigiraf|Trick Room|p2a: Farigiraf\n|-fieldstart|move: Trick Room|[of] p2a: Farigiraf\n|\n|upkeep\n|\n|t:|1700059080\n|switch|p2b: Ninetales|Ninetales-Alola, L50, M|100\/100\n|-weather|Snow|[from] ability: Snow Warning|[of] p2b: Ninetales\n|turn|8\n|\n|t:|1700059090\n|move|p2a: Farigiraf|Protect|p2a: Farigiraf\n|-singleturn|p2a: Farigiraf|Protect\n|move|p1b: Urshifu|Aqua Jet|p2a: Farigiraf\n|-damage|p2a: Farigiraf|0 fnt\n|faint|p2a: Farigiraf\n|move|p1a: Chi-Yu|Flamethrower|p2b: Ninetales\n|-supereffective|p2b: Ninetales\n|-enditem|p2b: Ninetales|Occa Berry|[eat]\n|-enditem|p2b: Ninetales|Occa Berry|[weaken]\n|-damage|p2b: Ninetales|0 fnt\n|faint|p2b: Ninetales\n|\n|win|Izzywooperstan\n|raw|Izzywooperstan's rating: 1386 &rarr; <strong>1402<\/strong><br \/>(+16 for winning)\n|raw|bosoxrock727's rating: 1323 &rarr; <strong>1307<\/strong><br \/>(-16 for losing)\n|l|\u2606bosoxrock727\n","uploadtime":1700059106,"views":23,"p1id":"izzywooperstan","p2id":"bosoxrock727","formatid":"gen9vgc2023regulatione","rating":1307,"private":0,"password":""}