{"id":"gen9vgc2023regulatione-1996020975","p1":"paradoxarena","p2":"bkmboy","format":"[Gen 9] VGC 2023 Regulation E","log":"|j|\u2606paradoxarena\n|j|\u2606bkmboy\n|t:|1700630538\n|gametype|doubles\n|player|p1|paradoxarena|red|1340\n|player|p2|bkmboy|gambler|1360\n|teamsize|p1|6\n|teamsize|p2|6\n|gen|9\n|tier|[Gen 9] VGC 2023 Regulation E\n|rated|\n|rule|Species Clause: Limit one of each Pok\u00e9mon\n|rule|Item Clause: Limit one of each item\n|clearpoke\n|poke|p1|Brute Bonnet, L50|\n|poke|p1|Ogerpon-Cornerstone, L50, F|\n|poke|p1|Torkoal, L50, F|\n|poke|p1|Chien-Pao, L50|\n|poke|p1|Chi-Yu, L50|\n|poke|p1|Flutter Mane, L50|\n|poke|p2|Indeedee-F, L50, F|\n|poke|p2|Regidrago, L50|\n|poke|p2|Tornadus, L50, M|\n|poke|p2|Urshifu-*, L50, M|\n|poke|p2|Ogerpon-Hearthflame, L50, F|\n|poke|p2|Ting-Lu, L50|\n|teampreview|4\n|\n|t:|1700630582\n|start\n|switch|p1a: Flutter Mane|Flutter Mane, L50|100\/100\n|switch|p1b: Chien-Pao|Chien-Pao, L50|100\/100\n|switch|p2a: Indeedee|Indeedee-F, L50, F, shiny|100\/100\n|switch|p2b: Tornadus|Tornadus, L50, M, shiny|100\/100\n|-ability|p1b: Chien-Pao|Sword of Ruin\n|-fieldstart|move: Psychic Terrain|[from] ability: Psychic Surge|[of] p2a: Indeedee\n|turn|1\n|\n|t:|1700630604\n|move|p2b: Tornadus|Tailwind|p2b: Tornadus\n|-sidestart|p2: bkmboy|move: Tailwind\n|move|p2a: Indeedee|Imprison|p2a: Indeedee\n|-start|p2a: Indeedee|move: Imprison\n|move|p1b: Chien-Pao|Icicle Crash|p2b: Tornadus|[miss]\n|-miss|p1b: Chien-Pao|p2b: Tornadus\n|cant|p1a: Flutter Mane|move: Imprison|Trick Room\n|\n|upkeep\n|turn|2\n|\n|t:|1700630641\n|move|p2b: Tornadus|Protect|p2b: Tornadus\n|-singleturn|p2b: Tornadus|Protect\n|move|p2a: Indeedee|Skill Swap|p1b: Chien-Pao\n|-activate|p2a: Indeedee|move: Skill Swap|Sword of Ruin|Psychic Surge|[of] p1b: Chien-Pao\n|-ability|p2a: Indeedee|Sword of Ruin\n|move|p1b: Chien-Pao|Icicle Crash|p2b: Tornadus\n|-activate|p2b: Tornadus|move: Protect\n|move|p1a: Flutter Mane|Moonblast|p2a: Indeedee\n|-damage|p2a: Indeedee|41\/100\n|\n|upkeep\n|turn|3\n|\n|t:|1700630675\n|move|p2a: Indeedee|Follow Me|p2a: Indeedee\n|-singleturn|p2a: Indeedee|move: Follow Me\n|move|p2b: Tornadus|Bleakwind Storm|p1b: Chien-Pao|[spread] p1a\n|-miss|p2b: Tornadus|p1b: Chien-Pao\n|-damage|p1a: Flutter Mane|67\/100\n|-unboost|p1a: Flutter Mane|spe|1\n|move|p1b: Chien-Pao|Icicle Crash|p2a: Indeedee\n|-crit|p2a: Indeedee\n|-damage|p2a: Indeedee|0 fnt\n|faint|p2a: Indeedee\n|move|p1a: Flutter Mane|Moonblast|p2b: Tornadus\n|-crit|p2b: Tornadus\n|-damage|p2b: Tornadus|0 fnt\n|faint|p2b: Tornadus\n|\n|upkeep\n|\n|t:|1700630693\n|switch|p2b: Ogerpon|Ogerpon-Hearthflame, L50, F|100\/100\n|switch|p2a: Regidrago|Regidrago, L50, shiny|100\/100\n|-ability|p2b: Ogerpon|Mold Breaker\n|turn|4\n|\n|t:|1700630706\n|-terastallize|p2a: Regidrago|Dragon\n|move|p1b: Chien-Pao|Protect|p1b: Chien-Pao\n|-singleturn|p1b: Chien-Pao|Protect\n|move|p2a: Regidrago|Dragon Energy|p1b: Chien-Pao|[spread] \n|-activate|p1b: Chien-Pao|move: Protect\n|-immune|p1a: Flutter Mane\n|move|p2b: Ogerpon|Ivy Cudgel|p1a: Flutter Mane|[anim] Ivy Cudgel Fire\n|-crit|p1a: Flutter Mane\n|-damage|p1a: Flutter Mane|0 fnt\n|faint|p1a: Flutter Mane\n|-end|p1a: Flutter Mane|Protosynthesis|[silent]\n|\n|-sideend|p2: bkmboy|move: Tailwind\n|upkeep\n|\n|t:|1700630723\n|switch|p1a: Torkoal|Torkoal, L50, F|100\/100\n|-weather|SunnyDay|[from] ability: Drought|[of] p1a: Torkoal\n|turn|5\n|\n|t:|1700630745\n|move|p2a: Regidrago|Dragon Energy|p1a: Torkoal|[spread] p1a,p1b\n|-damage|p1a: Torkoal|0 fnt\n|-damage|p1b: Chien-Pao|0 fnt\n|faint|p1a: Torkoal\n|faint|p1b: Chien-Pao\n|move|p2b: Ogerpon|Superpower|p1: Torkoal|[notarget]\n|-fail|p2b: Ogerpon\n|\n|-weather|SunnyDay|[upkeep]\n|upkeep\n|\n|t:|1700630753\n|switch|p1b: Brute Bonnet|Brute Bonnet, L50, shiny|100\/100\n|-activate|p1b: Brute Bonnet|ability: Protosynthesis\n|-start|p1b: Brute Bonnet|protosynthesisatk\n|turn|6\n|\n|t:|1700630762\n|-terastallize|p1b: Brute Bonnet|Fire\n|move|p1b: Brute Bonnet|Sucker Punch|p2a: Regidrago\n|-activate|p2a: Regidrago|move: Psychic Terrain\n|move|p2a: Regidrago|Dragon Energy|p1b: Brute Bonnet\n|-damage|p1b: Brute Bonnet|0 fnt\n|faint|p1b: Brute Bonnet\n|-end|p1b: Brute Bonnet|Protosynthesis|[silent]\n|\n|win|bkmboy\n|raw|paradoxarena's rating: 1340 &rarr; <strong>1321<\/strong><br \/>(-19 for losing)\n|raw|bkmboy's rating: 1360 &rarr; <strong>1379<\/strong><br \/>(+19 for winning)\n|l|\u2606paradoxarena\n","uploadtime":1700630776,"views":14,"p1id":"paradoxarena","p2id":"bkmboy","formatid":"gen9vgc2023regulatione","rating":1321,"private":0,"password":""}