{"id":"gen9vgc2023regulatione-1993501183","p1":"verylonelysole","p2":"RESZ97","format":"[Gen 9] VGC 2023 Regulation E","log":"|j|\u2606verylonelysole\n|j|\u2606RESZ97\n|t:|1700325347\n|gametype|doubles\n|player|p1|verylonelysole|bruno|1171\n|player|p2|RESZ97|169|1282\n|teamsize|p1|6\n|teamsize|p2|6\n|gen|9\n|tier|[Gen 9] VGC 2023 Regulation E\n|rated|\n|rule|Species Clause: Limit one of each Pok\u00e9mon\n|rule|Item Clause: Limit one of each item\n|clearpoke\n|poke|p1|Dusclops, L50, F|\n|poke|p1|Ursaluna-Bloodmoon, L50, M|\n|poke|p1|Iron Hands, L50|\n|poke|p1|Landorus-Therian, L50, M|\n|poke|p1|Iron Bundle, L50|\n|poke|p1|Cresselia, L50, F|\n|poke|p2|Sinistcha, L50|\n|poke|p2|Iron Bundle, L50|\n|poke|p2|Volcarona, L50, F|\n|poke|p2|Ninetales-Alola, L50, F|\n|poke|p2|Iron Hands, L50|\n|poke|p2|Gyarados, L50, M|\n|teampreview|4\n|\n|t:|1700325411\n|start\n|switch|p1a: Ursaluna|Ursaluna-Bloodmoon, L50, M|100\/100\n|switch|p1b: Cresselia|Cresselia, L50, F|100\/100\n|switch|p2a: Iron Bundle|Iron Bundle, L50|100\/100\n|switch|p2b: Ninetales|Ninetales-Alola, L50, F|100\/100\n|-weather|Snow|[from] ability: Snow Warning|[of] p2b: Ninetales\n|-enditem|p2a: Iron Bundle|Booster Energy\n|-activate|p2a: Iron Bundle|ability: Quark Drive|[fromitem]\n|-start|p2a: Iron Bundle|quarkdrivespe\n|turn|1\n|\n|t:|1700325439\n|-terastallize|p1a: Ursaluna|Normal\n|move|p2a: Iron Bundle|Aurora Veil|p2a: Iron Bundle\n|-sidestart|p2: RESZ97|move: Aurora Veil\n|move|p2b: Ninetales|Blizzard|p1a: Ursaluna|[spread] p1a,p1b\n|-damage|p1a: Ursaluna|54\/100\n|-damage|p1b: Cresselia|65\/100\n|move|p1a: Ursaluna|Hyper Voice|p2b: Ninetales|[spread] p2a,p2b\n|-damage|p2a: Iron Bundle|56\/100\n|-damage|p2b: Ninetales|64\/100\n|-enditem|p1a: Ursaluna|Throat Spray\n|-boost|p1a: Ursaluna|spa|1|[from] item: Throat Spray\n|move|p1b: Cresselia|Trick Room|p1b: Cresselia\n|-fieldstart|move: Trick Room|[of] p1b: Cresselia\n|\n|-weather|Snow|[upkeep]\n|upkeep\n|turn|2\n|\n|t:|1700325478\n|move|p1a: Ursaluna|Hyper Voice|p2b: Ninetales|[spread] p2a,p2b\n|-damage|p2a: Iron Bundle|0 fnt\n|-damage|p2b: Ninetales|5\/100\n|faint|p2a: Iron Bundle\n|-end|p2a: Iron Bundle|Quark Drive|[silent]\n|move|p1b: Cresselia|Lunar Blessing|p1b: Cresselia|[spread] p1a,p1b\n|-heal|p1a: Ursaluna|79\/100\n|-heal|p1b: Cresselia|90\/100\n|move|p2b: Ninetales|Blizzard|p1a: Ursaluna|[spread] p1a,p1b\n|-damage|p1a: Ursaluna|35\/100\n|-damage|p1b: Cresselia|56\/100\n|\n|-weather|Snow|[upkeep]\n|upkeep\n|\n|t:|1700325485\n|switch|p2a: Sinistcha|Sinistcha, L50|100\/100\n|-heal|p2b: Ninetales|30\/100|[from] ability: Hospitality|[of] p2a: Sinistcha\n|turn|3\n|\n|t:|1700325501\n|move|p1a: Ursaluna|Hyper Voice|p2a: Sinistcha|[spread] p2a,p2b\n|-damage|p2a: Sinistcha|59\/100\n|-damage|p2b: Ninetales|0 fnt\n|faint|p2b: Ninetales\n|move|p2a: Sinistcha|Matcha Gotcha|p1a: Ursaluna|[spread] p1a\n|-miss|p2a: Sinistcha|p1b: Cresselia\n|-damage|p1a: Ursaluna|13\/100\n|-heal|p2a: Sinistcha|70\/100|[from] drain|[of] p1a: Ursaluna\n|-status|p1a: Ursaluna|brn\n|move|p1b: Cresselia|Lunar Blessing|p1b: Cresselia|[spread] p1a,p1b\n|-heal|p1a: Ursaluna|38\/100 brn\n|-curestatus|p1a: Ursaluna|brn|[msg]\n|-heal|p1b: Cresselia|81\/100\n|\n|-weather|Snow|[upkeep]\n|upkeep\n|\n|t:|1700325503\n|switch|p2b: Volcarona|Volcarona, L50, F|100\/100\n|turn|4\n|\n|t:|1700325526\n|move|p2b: Volcarona|Protect|p2b: Volcarona\n|-singleturn|p2b: Volcarona|Protect\n|move|p1a: Ursaluna|Blood Moon|p2a: Sinistcha\n|-damage|p2a: Sinistcha|0 fnt\n|faint|p2a: Sinistcha\n|move|p1b: Cresselia|Lunar Blessing|p1b: Cresselia|[spread] p1a,p1b\n|-heal|p1a: Ursaluna|63\/100\n|-heal|p1b: Cresselia|100\/100\n|\n|-weather|Snow|[upkeep]\n|upkeep\n|turn|5\n|\n|t:|1700325542\n|move|p1a: Ursaluna|Hyper Voice|p2b: Volcarona\n|-damage|p2b: Volcarona|44\/100\n|move|p1b: Cresselia|Lunar Blessing|p1b: Cresselia|[spread] p1a,p1b\n|-heal|p1a: Ursaluna|88\/100\n|move|p2b: Volcarona|Quiver Dance|p2b: Volcarona\n|-boost|p2b: Volcarona|spa|1\n|-boost|p2b: Volcarona|spd|1\n|-boost|p2b: Volcarona|spe|1\n|\n|-weather|none\n|-heal|p2b: Volcarona|50\/100|[from] item: Leftovers\n|-sideend|p2: RESZ97|move: Aurora Veil\n|-fieldend|move: Trick Room\n|upkeep\n|turn|6\n|\n|t:|1700325564\n|move|p1a: Ursaluna|Protect|p1a: Ursaluna\n|-singleturn|p1a: Ursaluna|Protect\n|move|p2b: Volcarona|Heat Wave|p1a: Ursaluna|[spread] p1b\n|-activate|p1a: Ursaluna|move: Protect\n|-damage|p1b: Cresselia|62\/100\n|move|p1b: Cresselia|Trick Room|p1b: Cresselia\n|-fieldstart|move: Trick Room|[of] p1b: Cresselia\n|\n|-heal|p2b: Volcarona|56\/100|[from] item: Leftovers\n|upkeep\n|turn|7\n|\n|t:|1700325577\n|move|p1a: Ursaluna|Blood Moon|p2b: Volcarona\n|-damage|p2b: Volcarona|0 fnt\n|faint|p2b: Volcarona\n|\n|win|verylonelysole\n|raw|verylonelysole's rating: 1171 &rarr; <strong>1204<\/strong><br \/>(+33 for winning)\n|raw|RESZ97's rating: 1282 &rarr; <strong>1249<\/strong><br \/>(-33 for losing)\n","uploadtime":1700325585,"views":7,"p1id":"verylonelysole","p2id":"resz97","formatid":"gen9vgc2023regulatione","rating":1204,"private":0,"password":""}