{"id":"gen9vgc2023regulatione-1990319277","p1":"IKill4Cookies95","p2":"amelia24","format":"[Gen 9] VGC 2023 Regulation E","log":"|j|\u2606IKill4Cookies95\n|j|\u2606amelia24\n|t:|1699956101\n|gametype|doubles\n|player|p1|IKill4Cookies95|riley|1118\n|player|p2|amelia24|266|1058\n|teamsize|p1|6\n|teamsize|p2|6\n|gen|9\n|tier|[Gen 9] VGC 2023 Regulation E\n|rated|\n|rule|Species Clause: Limit one of each Pok\u00e9mon\n|rule|Item Clause: Limit one of each item\n|clearpoke\n|poke|p1|Ninetales-Alola, L50, F|\n|poke|p1|Dragonite, L50, M|\n|poke|p1|Chien-Pao, L50|\n|poke|p1|Frosmoth, L50, M|\n|poke|p1|Arcanine-Hisui, L50, F|\n|poke|p1|Heatran, L50, F|\n|poke|p2|Ogerpon-Wellspring, L50, F|\n|poke|p2|Urshifu-*, L50, M|\n|poke|p2|Flutter Mane, L50|\n|poke|p2|Iron Hands, L50|\n|poke|p2|Tornadus, L50, M|\n|poke|p2|Landorus-Therian, L50, M|\n|teampreview|4\n|inactive|Battle timer is ON: inactive players will automatically lose when time's up. (requested by IKill4Cookies95)\n|\n|t:|1699956129\n|start\n|switch|p1a: Chien-Pao|Chien-Pao, L50|100\/100\n|switch|p1b: Dragonite|Dragonite, L50, M, shiny|100\/100\n|switch|p2a: Ogerpon|Ogerpon-Wellspring, L50, F|100\/100\n|switch|p2b: Landorus|Landorus-Therian, L50, M|100\/100\n|-ability|p2b: Landorus|Intimidate|boost\n|-unboost|p1a: Chien-Pao|atk|1\n|-fail|p1b: Dragonite|unboost|Attack|[from] ability: Inner Focus|[of] p1b: Dragonite\n|-ability|p1a: Chien-Pao|Sword of Ruin\n|turn|1\n|\n|t:|1699956147\n|switch|p2a: Flutter Mane|Flutter Mane, L50|100\/100\n|-enditem|p2a: Flutter Mane|Booster Energy\n|-activate|p2a: Flutter Mane|ability: Protosynthesis|[fromitem]\n|-start|p2a: Flutter Mane|protosynthesisspe\n|-terastallize|p1b: Dragonite|Normal\n|move|p1b: Dragonite|Extreme Speed|p2a: Flutter Mane\n|-immune|p2a: Flutter Mane\n|move|p2b: Landorus|Rock Slide|p1a: Chien-Pao|[spread] p1a,p1b\n|-supereffective|p1a: Chien-Pao\n|-damage|p1a: Chien-Pao|39\/100\n|-damage|p1b: Dragonite|66\/100\n|move|p1a: Chien-Pao|Ice Spinner|p2b: Landorus\n|-supereffective|p2b: Landorus\n|-damage|p2b: Landorus|0 fnt\n|faint|p2b: Landorus\n|\n|upkeep\n|\n|t:|1699956158\n|switch|p2b: Iron Hands|Iron Hands, L50|100\/100\n|turn|2\n|inactive|amelia24 has 30 seconds left.\n|\n|t:|1699956184\n|move|p1a: Chien-Pao|Protect|p1a: Chien-Pao\n|-singleturn|p1a: Chien-Pao|Protect\n|move|p1b: Dragonite|Extreme Speed|p2b: Iron Hands\n|-damage|p2b: Iron Hands|35\/100\n|move|p2a: Flutter Mane|Dazzling Gleam|p1a: Chien-Pao|[spread] p1b\n|-activate|p1a: Chien-Pao|move: Protect\n|-damage|p1b: Dragonite|32\/100\n|move|p2b: Iron Hands|Wild Charge|p1b: Dragonite\n|-damage|p1b: Dragonite|0 fnt\n|faint|p1b: Dragonite\n|-damage|p2b: Iron Hands|29\/100|[from] Recoil\n|\n|upkeep\n|\n|t:|1699956201\n|switch|p1b: Ninetales|Ninetales-Alola, L50, F|100\/100\n|-weather|Snow|[from] ability: Snow Warning|[of] p1b: Ninetales\n|turn|3\n|\n|t:|1699956218\n|move|p1a: Chien-Pao|Sucker Punch||[still]\n|-fail|p1a: Chien-Pao\n|move|p1b: Ninetales|Dazzling Gleam|p2a: Flutter Mane|[spread] p2a,p2b\n|-supereffective|p2b: Iron Hands\n|-damage|p2a: Flutter Mane|76\/100\n|-damage|p2b: Iron Hands|3\/100\n|move|p2b: Iron Hands|Drain Punch|p1a: Chien-Pao\n|-supereffective|p1a: Chien-Pao\n|-damage|p1a: Chien-Pao|0 fnt\n|-heal|p2b: Iron Hands|16\/100|[from] drain|[of] p1a: Chien-Pao\n|faint|p1a: Chien-Pao\n|move|p2a: Flutter Mane|Trick Room|p2a: Flutter Mane\n|-fieldstart|move: Trick Room|[of] p2a: Flutter Mane\n|\n|-weather|Snow|[upkeep]\n|upkeep\n|\n|t:|1699956232\n|switch|p1a: Heatran|Heatran, L50, F|100\/100\n|turn|4\n|\n|t:|1699956250\n|-end|p2a: Flutter Mane|Protosynthesis|[silent]\n|switch|p2a: Ogerpon|Ogerpon-Wellspring, L50, F|100\/100\n|move|p2b: Iron Hands|Heavy Slam|p1b: Ninetales\n|-supereffective|p1b: Ninetales\n|-crit|p1b: Ninetales\n|-damage|p1b: Ninetales|0 fnt\n|faint|p1b: Ninetales\n|move|p1a: Heatran|Flash Cannon|p2a: Ogerpon\n|-resisted|p2a: Ogerpon\n|-damage|p2a: Ogerpon|73\/100\n|\n|-weather|Snow|[upkeep]\n|upkeep\n|turn|5\n|-message|IKill4Cookies95 forfeited.\n|\n|win|amelia24\n|raw|IKill4Cookies95's rating: 1118 &rarr; <strong>1089<\/strong><br \/>(-29 for losing)\n|raw|amelia24's rating: 1058 &rarr; <strong>1095<\/strong><br \/>(+37 for winning)\n|l|\u2606IKill4Cookies95\n","uploadtime":1699956274,"views":10,"p1id":"ikill4cookies95","p2id":"amelia24","formatid":"gen9vgc2023regulatione","rating":1089,"private":0,"password":""}