{"id":"gen9vgc2023regulatione-1998501121","p1":"JKAngelz","p2":"newusernovice","format":"[Gen 9] VGC 2023 Regulation E","log":"|j|\u2606JKAngelz\n|j|\u2606newusernovice\n|t:|1700949458\n|gametype|doubles\n|player|p1|JKAngelz|265|1327\n|player|p2|newusernovice|brawly|1444\n|teamsize|p1|6\n|teamsize|p2|6\n|gen|9\n|tier|[Gen 9] VGC 2023 Regulation E\n|rated|\n|rule|Species Clause: Limit one of each Pok\u00e9mon\n|rule|Item Clause: Limit one of each item\n|clearpoke\n|poke|p1|Torkoal, L50, F|\n|poke|p1|Cresselia, L50, F|\n|poke|p1|Landorus-Therian, L50, M|\n|poke|p1|Lilligant-Hisui, L50, F|\n|poke|p1|Flutter Mane, L50|\n|poke|p1|Ursaluna-Bloodmoon, L50, M|\n|poke|p2|Regieleki, L50|\n|poke|p2|Indeedee-F, L50, F|\n|poke|p2|Flutter Mane, L50|\n|poke|p2|Chi-Yu, L50|\n|poke|p2|Tornadus, L50, M|\n|poke|p2|Ogerpon-Wellspring, L50, F|\n|teampreview|4\n|inactive|Battle timer is ON: inactive players will automatically lose when time's up. (requested by newusernovice)\n|inactive|JKAngelz has 60 seconds left.\n|\n|t:|1700949514\n|start\n|switch|p1a: Cresselia|Cresselia, L50, F|100\/100\n|switch|p1b: Landorus|Landorus-Therian, L50, M|100\/100\n|switch|p2a: Flutter Mane|Flutter Mane, L50|100\/100\n|switch|p2b: Chi-Yu|Chi-Yu, L50|100\/100\n|-ability|p1b: Landorus|Intimidate|boost\n|-unboost|p2a: Flutter Mane|atk|1\n|-unboost|p2b: Chi-Yu|atk|1\n|-ability|p2b: Chi-Yu|Beads of Ruin\n|turn|1\n|inactive|newusernovice has 30 seconds left.\n|inactive|newusernovice has 20 seconds left.\n|inactive|newusernovice has 15 seconds left.\n|\n|t:|1700949555\n|-terastallize|p2a: Flutter Mane|Fairy\n|-terastallize|p1a: Cresselia|Fairy\n|move|p2b: Chi-Yu|Protect|p2b: Chi-Yu\n|-singleturn|p2b: Chi-Yu|Protect\n|move|p1b: Landorus|Rock Slide|p2a: Flutter Mane|[spread] \n|-activate|p2b: Chi-Yu|move: Protect\n|-miss|p1b: Landorus|p2a: Flutter Mane\n|move|p2a: Flutter Mane|Moonblast|p1b: Landorus\n|-damage|p1b: Landorus|0 fnt\n|faint|p1b: Landorus\n|move|p1a: Cresselia|Trick Room|p1a: Cresselia\n|-fieldstart|move: Trick Room|[of] p1a: Cresselia\n|\n|upkeep\n|\n|t:|1700949566\n|switch|p1b: Ursaluna|Ursaluna-Bloodmoon, L50, M|100\/100\n|turn|2\n|\n|t:|1700949584\n|switch|p2b: Tornadus|Tornadus, L50, M, shiny|100\/100\n|move|p2a: Flutter Mane|Protect|p2a: Flutter Mane\n|-singleturn|p2a: Flutter Mane|Protect\n|move|p1b: Ursaluna|Earth Power|p2b: Tornadus\n|-immune|p2b: Tornadus\n|move|p1a: Cresselia|Ice Beam|p2b: Tornadus\n|-supereffective|p2b: Tornadus\n|-damage|p2b: Tornadus|50\/100\n|-status|p2b: Tornadus|frz\n|\n|upkeep\n|turn|3\n|inactive|newusernovice has 30 seconds left.\n|\n|t:|1700949614\n|cant|p2b: Tornadus|frz\n|move|p1b: Ursaluna|Calm Mind|p1b: Ursaluna\n|-boost|p1b: Ursaluna|spa|1\n|-boost|p1b: Ursaluna|spd|1\n|move|p1a: Cresselia|Psychic|p2a: Flutter Mane\n|-damage|p2a: Flutter Mane|71\/100\n|move|p2a: Flutter Mane|Moonblast|p1b: Ursaluna\n|-damage|p1b: Ursaluna|54\/100\n|\n|-heal|p1b: Ursaluna|60\/100|[from] item: Leftovers\n|upkeep\n|turn|4\n|\n|t:|1700949633\n|cant|p2b: Tornadus|frz\n|move|p1b: Ursaluna|Blood Moon|p2a: Flutter Mane\n|-crit|p2a: Flutter Mane\n|-damage|p2a: Flutter Mane|0 fnt\n|faint|p2a: Flutter Mane\n|-end|p2a: Flutter Mane|Protosynthesis|[silent]\n|move|p1a: Cresselia|Lunar Blessing|p1a: Cresselia|[spread] p1a,p1b\n|-heal|p1b: Ursaluna|85\/100\n|\n|-heal|p1b: Ursaluna|91\/100|[from] item: Leftovers\n|upkeep\n|\n|t:|1700949653\n|switch|p2a: Chi-Yu|Chi-Yu, L50|100\/100\n|-ability|p2a: Chi-Yu|Beads of Ruin\n|turn|5\n|\n|t:|1700949665\n|move|p2a: Chi-Yu|Protect|p2a: Chi-Yu\n|-singleturn|p2a: Chi-Yu|Protect\n|cant|p2b: Tornadus|frz\n|move|p1b: Ursaluna|Earth Power|p2a: Chi-Yu\n|-activate|p2a: Chi-Yu|move: Protect\n|move|p1a: Cresselia|Ice Beam|p2a: Chi-Yu\n|-activate|p2a: Chi-Yu|move: Protect\n|\n|-heal|p1b: Ursaluna|97\/100|[from] item: Leftovers\n|-fieldend|move: Trick Room\n|upkeep\n|turn|6\n|\n|t:|1700949688\n|move|p1b: Ursaluna|Protect|p1b: Ursaluna\n|-singleturn|p1b: Ursaluna|Protect\n|cant|p2b: Tornadus|frz\n|move|p2a: Chi-Yu|Overheat|p1a: Cresselia\n|-crit|p1a: Cresselia\n|-damage|p1a: Cresselia|0 fnt\n|-unboost|p2a: Chi-Yu|spa|2\n|faint|p1a: Cresselia\n|-damage|p2a: Chi-Yu|91\/100|[from] item: Life Orb\n|\n|-heal|p1b: Ursaluna|100\/100|[from] item: Leftovers\n|upkeep\n|\n|t:|1700949695\n|switch|p1a: Torkoal|Torkoal, L50, F|100\/100\n|-weather|SunnyDay|[from] ability: Drought|[of] p1a: Torkoal\n|turn|7\n|\n|t:|1700949707\n|move|p2a: Chi-Yu|Overheat|p1b: Ursaluna|[miss]\n|-miss|p2a: Chi-Yu|p1b: Ursaluna\n|-curestatus|p2b: Tornadus|frz|[msg]\n|move|p2b: Tornadus|Bleakwind Storm|p1a: Torkoal|[spread] p1a\n|-miss|p2b: Tornadus|p1b: Ursaluna\n|-damage|p1a: Torkoal|34\/100\n|-enditem|p1a: Torkoal|Sitrus Berry|[eat]\n|-heal|p1a: Torkoal|59\/100|[from] item: Sitrus Berry\n|move|p1b: Ursaluna|Earth Power|p2a: Chi-Yu\n|-supereffective|p2a: Chi-Yu\n|-damage|p2a: Chi-Yu|0 fnt\n|faint|p2a: Chi-Yu\n|move|p1a: Torkoal|Earth Power|p2b: Tornadus\n|-immune|p2b: Tornadus\n|\n|-weather|SunnyDay|[upkeep]\n|upkeep\n|\n|t:|1700949725\n|switch|p2a: Ogerpon|Ogerpon-Wellspring, L50, F|100\/100\n|turn|8\n|\n|t:|1700949749\n|move|p2b: Tornadus|Rain Dance|p2b: Tornadus\n|-weather|RainDance\n|move|p2a: Ogerpon|Ivy Cudgel|p1b: Ursaluna|[anim] Ivy Cudgel Water\n|-supereffective|p1b: Ursaluna\n|-damage|p1b: Ursaluna|0 fnt\n|faint|p1b: Ursaluna\n|move|p1a: Torkoal|Heat Wave|p2b: Tornadus|[spread] p2a,p2b\n|-damage|p2a: Ogerpon|86\/100\n|-damage|p2b: Tornadus|34\/100\n|\n|-weather|RainDance|[upkeep]\n|upkeep\n|turn|9\n|\n|t:|1700949756\n|move|p2b: Tornadus|Tailwind|p2b: Tornadus\n|-sidestart|p2: newusernovice|move: Tailwind\n|move|p2a: Ogerpon|Ivy Cudgel|p1a: Torkoal|[anim] Ivy Cudgel Water\n|-supereffective|p1a: Torkoal\n|-damage|p1a: Torkoal|0 fnt\n|faint|p1a: Torkoal\n|\n|win|newusernovice\n|raw|JKAngelz's rating: 1327 &rarr; <strong>1313<\/strong><br \/>(-14 for losing)\n|raw|newusernovice's rating: 1444 &rarr; <strong>1458<\/strong><br \/>(+14 for winning)\n|l|\u2606JKAngelz\n","uploadtime":1700949783,"views":5,"p1id":"jkangelz","p2id":"newusernovice","formatid":"gen9vgc2023regulatione","rating":1313,"private":0,"password":""}