{"id":"gen9vgc2023regulatione-1992885004","p1":"bragacanti","p2":"xay_fresh1","format":"[Gen 9] VGC 2023 Regulation E","log":"|j|\u2606bragacanti\n|j|\u2606xay_fresh1\n|t:|1700243824\n|gametype|doubles\n|player|p1|bragacanti|101|1137\n|player|p2|xay_fresh1|zinzolin|1091\n|teamsize|p1|6\n|teamsize|p2|6\n|gen|9\n|tier|[Gen 9] VGC 2023 Regulation E\n|rated|\n|rule|Species Clause: Limit one of each Pok\u00e9mon\n|rule|Item Clause: Limit one of each item\n|clearpoke\n|poke|p1|Iron Hands, L50|\n|poke|p1|Landorus-Therian, L50, M|\n|poke|p1|Flutter Mane, L50|\n|poke|p1|Amoonguss, L50, F|\n|poke|p1|Urshifu-*, L50, M|\n|poke|p1|Heatran, L50, F|\n|poke|p2|Weezing, L50, M|\n|poke|p2|Flutter Mane, L50|\n|poke|p2|Iron Hands, L50|\n|poke|p2|Roaring Moon, L50|\n|poke|p2|Ogerpon-Wellspring, L50, F|\n|poke|p2|Landorus-Therian, L50, M|\n|teampreview|4\n|j| DeAndreRicketts\n|\n|t:|1700243885\n|start\n|switch|p1a: Heatran|Heatran, L50, F|100\/100\n|switch|p1b: Iron Hands|Iron Hands, L50|100\/100\n|switch|p2a: Weezing|Weezing, L50, M, shiny|100\/100\n|switch|p2b: Roaring Moon|Roaring Moon, L50, shiny|100\/100\n|-ability|p2a: Weezing|Neutralizing Gas\n|-enditem|p2b: Roaring Moon|Booster Energy\n|-activate|p2b: Roaring Moon|ability: Protosynthesis|[fromitem]\n|-start|p2b: Roaring Moon|protosynthesisspe\n|turn|1\n|\n|t:|1700243922\n|move|p1b: Iron Hands|Fake Out|p2b: Roaring Moon\n|-damage|p2b: Roaring Moon|86\/100\n|cant|p2b: Roaring Moon|flinch\n|move|p1a: Heatran|Earth Power|p2a: Weezing\n|-supereffective|p2a: Weezing\n|-damage|p2a: Weezing|0 fnt\n|faint|p2a: Weezing\n|-end|p2a: Weezing|ability: Neutralizing Gas\n|\n|upkeep\n|\n|t:|1700243945\n|switch|p2a: Flutter Mane|Flutter Mane, L50|100\/100\n|turn|2\n|\n|t:|1700243967\n|move|p2b: Roaring Moon|Knock Off|p1a: Heatran\n|-damage|p1a: Heatran|57\/100\n|-enditem|p1a: Heatran|Expert Belt|[from] move: Knock Off|[of] p2b: Roaring Moon\n|move|p2a: Flutter Mane|Dazzling Gleam|p1a: Heatran|[spread] p1a,p1b\n|-resisted|p1a: Heatran\n|-supereffective|p1b: Iron Hands\n|-damage|p1a: Heatran|50\/100\n|-damage|p1b: Iron Hands|57\/100\n|move|p1a: Heatran|Flash Cannon|p2a: Flutter Mane\n|-supereffective|p2a: Flutter Mane\n|-damage|p2a: Flutter Mane|11\/100\n|-unboost|p2a: Flutter Mane|spd|1\n|move|p1b: Iron Hands|Heavy Slam|p2a: Flutter Mane\n|-supereffective|p2a: Flutter Mane\n|-damage|p2a: Flutter Mane|0 fnt\n|faint|p2a: Flutter Mane\n|-end|p2a: Flutter Mane|Protosynthesis|[silent]\n|\n|upkeep\n|\n|t:|1700243981\n|switch|p2a: Iron Hands|Iron Hands, L50, shiny|100\/100\n|turn|3\n|c| DeAndreRicketts|bruh\n|\n|t:|1700243991\n|move|p1a: Heatran|Protect|p1a: Heatran\n|-singleturn|p1a: Heatran|Protect\n|move|p2a: Iron Hands|Fake Out|p1a: Heatran\n|-activate|p1a: Heatran|move: Protect\n|move|p2b: Roaring Moon|Breaking Swipe|p1b: Iron Hands|[spread] p1b\n|-activate|p1a: Heatran|move: Protect\n|-damage|p1b: Iron Hands|45\/100\n|-unboost|p1b: Iron Hands|atk|1\n|move|p1b: Iron Hands|Drain Punch|p2b: Roaring Moon\n|-supereffective|p2b: Roaring Moon\n|-damage|p2b: Roaring Moon|34\/100\n|-heal|p1b: Iron Hands|68\/100|[from] drain|[of] p2b: Roaring Moon\n|\n|upkeep\n|turn|4\n|c| DeAndreRicketts|how it survive the flash cannon\n|\n|t:|1700244014\n|move|p2b: Roaring Moon|Protect|p2b: Roaring Moon\n|-singleturn|p2b: Roaring Moon|Protect\n|move|p1a: Heatran|Earth Power|p2a: Iron Hands\n|-supereffective|p2a: Iron Hands\n|-damage|p2a: Iron Hands|66\/100\n|move|p2a: Iron Hands|Drain Punch|p1a: Heatran\n|-supereffective|p1a: Heatran\n|-crit|p1a: Heatran\n|-damage|p1a: Heatran|0 fnt\n|-heal|p2a: Iron Hands|87\/100|[from] drain|[of] p1a: Heatran\n|faint|p1a: Heatran\n|move|p1b: Iron Hands|Drain Punch|p2b: Roaring Moon\n|-activate|p2b: Roaring Moon|move: Protect\n|\n|upkeep\n|\n|t:|1700244033\n|switch|p1a: Flutter Mane|Flutter Mane, L50|100\/100\n|-enditem|p1a: Flutter Mane|Booster Energy\n|-activate|p1a: Flutter Mane|ability: Protosynthesis|[fromitem]\n|-start|p1a: Flutter Mane|protosynthesisspe\n|turn|5\n|\n|t:|1700244053\n|-terastallize|p1a: Flutter Mane|Fairy\n|-terastallize|p2b: Roaring Moon|Poison\n|move|p1a: Flutter Mane|Moonblast|p2a: Iron Hands\n|-supereffective|p2a: Iron Hands\n|-damage|p2a: Iron Hands|16\/100\n|-unboost|p2a: Iron Hands|spa|1\n|move|p2b: Roaring Moon|Tailwind|p2b: Roaring Moon\n|-sidestart|p2: xay_fresh1|move: Tailwind\n|move|p2a: Iron Hands|Heavy Slam|p1a: Flutter Mane\n|-supereffective|p1a: Flutter Mane\n|-damage|p1a: Flutter Mane|0 fnt\n|faint|p1a: Flutter Mane\n|-end|p1a: Flutter Mane|Protosynthesis|[silent]\n|move|p1b: Iron Hands|Drain Punch|p2b: Roaring Moon\n|-resisted|p2b: Roaring Moon\n|-damage|p2b: Roaring Moon|21\/100\n|-heal|p1b: Iron Hands|74\/100|[from] drain|[of] p2b: Roaring Moon\n|\n|upkeep\n|\n|t:|1700244070\n|switch|p1a: Urshifu|Urshifu-Rapid-Strike, L50, M|100\/100\n|turn|6\n|c| DeAndreRicketts|great play\n|\n|t:|1700244085\n|move|p2b: Roaring Moon|Protect|p2b: Roaring Moon\n|-singleturn|p2b: Roaring Moon|Protect\n|move|p1a: Urshifu|Protect|p1a: Urshifu\n|-singleturn|p1a: Urshifu|Protect\n|move|p2a: Iron Hands|Drain Punch|p1b: Iron Hands\n|-damage|p1b: Iron Hands|53\/100\n|-heal|p2a: Iron Hands|26\/100|[from] drain|[of] p1b: Iron Hands\n|move|p1b: Iron Hands|Drain Punch|p2a: Iron Hands\n|-damage|p2a: Iron Hands|7\/100\n|-heal|p1b: Iron Hands|63\/100|[from] drain|[of] p2a: Iron Hands\n|\n|upkeep\n|turn|7\n|\n|t:|1700244109\n|move|p1a: Urshifu|Aqua Jet|p2a: Iron Hands\n|-damage|p2a: Iron Hands|0 fnt\n|faint|p2a: Iron Hands\n|-end|p2a: Iron Hands|Quark Drive|[silent]\n|-damage|p1a: Urshifu|91\/100|[from] item: Life Orb\n|move|p2b: Roaring Moon|Knock Off|p1b: Iron Hands\n|-resisted|p1b: Iron Hands\n|-damage|p1b: Iron Hands|50\/100\n|-enditem|p1b: Iron Hands|Assault Vest|[from] move: Knock Off|[of] p2b: Roaring Moon\n|move|p1b: Iron Hands|Wild Charge|p2b: Roaring Moon\n|-damage|p2b: Roaring Moon|0 fnt\n|faint|p2b: Roaring Moon\n|-end|p2b: Roaring Moon|Protosynthesis|[silent]\n|-damage|p1b: Iron Hands|46\/100|[from] Recoil\n|\n|win|bragacanti\n|raw|bragacanti's rating: 1137 &rarr; <strong>1159<\/strong><br \/>(+22 for winning)\n|raw|xay_fresh1's rating: 1091 &rarr; <strong>1070<\/strong><br \/>(-21 for losing)\n|l|\u2606bragacanti\n","uploadtime":1700244304,"views":11,"p1id":"bragacanti","p2id":"xayfresh1","formatid":"gen9vgc2023regulatione","rating":1070,"private":0,"password":""}