{"id":"gen9vgc2023regulatione-1988499212","p1":"Specs Hex Pex","p2":"Frost0627","format":"[Gen 9] VGC 2023 Regulation E","log":"|j|\u2606Specs Hex Pex\n|j|\u2606Frost0627\n|t:|1699729483\n|gametype|doubles\n|player|p1|Specs Hex Pex|lady|\n|player|p2|Frost0627|ingo|\n|teamsize|p1|6\n|teamsize|p2|6\n|gen|9\n|tier|[Gen 9] VGC 2023 Regulation E\n|rule|Species Clause: Limit one of each Pok\u00e9mon\n|rule|Item Clause: Limit one of each item\n|clearpoke\n|poke|p1|Indeedee-F, L50, F|\n|poke|p1|Kommo-o, L50, M|\n|poke|p1|Azumarill, L50, M|\n|poke|p1|Armarouge, L50, F|\n|poke|p1|Qwilfish-Hisui, L50, M|\n|poke|p1|Sneasel, L50, M|\n|poke|p2|Dipplin, L50, F|\n|poke|p2|Farigiraf, L50, F|\n|poke|p2|Ogerpon-Hearthflame, L50, F|\n|poke|p2|Samurott-Hisui, L50, F|\n|poke|p2|Garchomp, L50, F|\n|poke|p2|Scizor, L50, M|\n|teampreview|4\n|\n|t:|1699729508\n|start\n|switch|p1a: Sneasel|Sneasel, L50, M|100\/100\n|switch|p1b: Kommo-o|Kommo-o, L50, M|100\/100\n|switch|p2a: Ogerpon|Ogerpon-Hearthflame, L50, F|100\/100\n|switch|p2b: Farigiraf|Farigiraf, L50, F, shiny|100\/100\n|-ability|p2a: Ogerpon|Mold Breaker\n|turn|1\n|\n|t:|1699729531\n|switch|p1a: Indeedee|Indeedee-F, L50, F|100\/100\n|-fieldstart|move: Psychic Terrain|[from] ability: Psychic Surge|[of] p1a: Indeedee\n|-terastallize|p1b: Kommo-o|Steel\n|move|p2a: Ogerpon|Ivy Cudgel|p1a: Indeedee\n|-damage|p1a: Indeedee|39\/100\n|move|p1b: Kommo-o|Clangorous Soul|p1b: Kommo-o\n|-boost|p1b: Kommo-o|atk|1\n|-boost|p1b: Kommo-o|def|1\n|-boost|p1b: Kommo-o|spa|1\n|-boost|p1b: Kommo-o|spd|1\n|-boost|p1b: Kommo-o|spe|1\n|-damage|p1b: Kommo-o|68\/100\n|move|p2b: Farigiraf|Dazzling Gleam|p1a: Indeedee|[spread] p1a,p1b\n|-resisted|p1b: Kommo-o\n|-damage|p1a: Indeedee|20\/100\n|-damage|p1b: Kommo-o|61\/100\n|\n|-heal|p1a: Indeedee|27\/100|[from] item: Leftovers\n|upkeep\n|turn|2\n|\n|t:|1699729559\n|move|p1b: Kommo-o|Protect|p1b: Kommo-o\n|-singleturn|p1b: Kommo-o|Protect\n|move|p2a: Ogerpon|Spiky Shield|p2a: Ogerpon\n|-singleturn|p2a: Ogerpon|move: Protect\n|move|p1a: Indeedee|Psych Up|p1b: Kommo-o\n|-copyboost|p1a: Indeedee|p1b: Kommo-o|[from] move: Psych Up\n|move|p2b: Farigiraf|Imprison|p2b: Farigiraf\n|-start|p2b: Farigiraf|move: Imprison\n|\n|-heal|p1a: Indeedee|33\/100|[from] item: Leftovers\n|upkeep\n|turn|3\n|\n|t:|1699729577\n|move|p1b: Kommo-o|Drain Punch|p2b: Farigiraf\n|-damage|p2b: Farigiraf|39\/100\n|-heal|p1b: Kommo-o|100\/100|[from] drain|[of] p2b: Farigiraf\n|-enditem|p2b: Farigiraf|Sitrus Berry|[eat]\n|-heal|p2b: Farigiraf|64\/100|[from] item: Sitrus Berry\n|move|p1a: Indeedee|Stored Power|p2a: Ogerpon\n|-damage|p2a: Ogerpon|0 fnt\n|faint|p2a: Ogerpon\n|move|p2b: Farigiraf|Dazzling Gleam|p1a: Indeedee|[spread] p1a,p1b\n|-resisted|p1b: Kommo-o\n|-damage|p1a: Indeedee|20\/100\n|-damage|p1b: Kommo-o|94\/100\n|\n|-heal|p1a: Indeedee|27\/100|[from] item: Leftovers\n|upkeep\n|\n|t:|1699729594\n|switch|p2a: Garchomp|Garchomp, L50, F|100\/100\n|turn|4\n|\n|t:|1699729603\n|switch|p2b: Dipplin|Dipplin, L50, F|100\/100\n|-ability|p2b: Dipplin|Supersweet Syrup\n|-ability|p2b: Dipplin|Supersweet Syrup|boost\n|-unboost|p1a: Indeedee|evasion|1\n|-unboost|p1b: Kommo-o|evasion|1\n|move|p1b: Kommo-o|Protect|p1b: Kommo-o\n|-singleturn|p1b: Kommo-o|Protect\n|move|p1a: Indeedee|Draining Kiss|p2a: Garchomp\n|-supereffective|p2a: Garchomp\n|-damage|p2a: Garchomp|58\/100\n|-heal|p1a: Indeedee|66\/100|[from] drain|[of] p2a: Garchomp\n|-damage|p1a: Indeedee|53\/100|[from] ability: Rough Skin|[of] p2a: Garchomp\n|move|p2a: Garchomp|Earthquake|p1b: Kommo-o|[spread] p2b,p1a\n|-activate|p1b: Kommo-o|move: Protect\n|-resisted|p2b: Dipplin\n|-damage|p2b: Dipplin|73\/100\n|-damage|p1a: Indeedee|9\/100\n|\n|-heal|p1a: Indeedee|15\/100|[from] item: Leftovers\n|-heal|p2b: Dipplin|79\/100|[from] item: Leftovers\n|upkeep\n|turn|5\n|\n|t:|1699729633\n|-terastallize|p2a: Garchomp|Water\n|move|p1b: Kommo-o|Dragon Claw|p2b: Dipplin\n|-supereffective|p2b: Dipplin\n|-damage|p2b: Dipplin|0 fnt\n|faint|p2b: Dipplin\n|move|p1a: Indeedee|Draining Kiss|p2a: Garchomp\n|-damage|p2a: Garchomp|40\/100\n|-heal|p1a: Indeedee|32\/100|[from] drain|[of] p2a: Garchomp\n|-damage|p1a: Indeedee|19\/100|[from] ability: Rough Skin|[of] p2a: Garchomp\n|move|p2a: Garchomp|Earthquake|p1a: Indeedee|[spread] p1a,p1b\n|-supereffective|p1b: Kommo-o\n|-damage|p1a: Indeedee|0 fnt\n|-damage|p1b: Kommo-o|26\/100\n|faint|p1a: Indeedee\n|\n|-fieldend|move: Psychic Terrain\n|upkeep\n|\n|t:|1699729650\n|switch|p1a: Sneasel|Sneasel, L50, M|100\/100\n|switch|p2b: Farigiraf|Farigiraf, L50, F, shiny|64\/100\n|turn|6\n|\n|t:|1699729661\n|move|p1b: Kommo-o|Dragon Claw|p2a: Garchomp\n|-damage|p2a: Garchomp|0 fnt\n|-damage|p1b: Kommo-o|14\/100|[from] ability: Rough Skin|[of] p2a: Garchomp\n|faint|p2a: Garchomp\n|move|p1a: Sneasel|Knock Off|p2b: Farigiraf\n|-supereffective|p2b: Farigiraf\n|-damage|p2b: Farigiraf|8\/100\n|move|p2b: Farigiraf|Dazzling Gleam|p1b: Kommo-o|[spread] p1a,p1b\n|-supereffective|p1a: Sneasel\n|-resisted|p1b: Kommo-o\n|-damage|p1a: Sneasel|33\/100\n|-damage|p1b: Kommo-o|7\/100\n|\n|upkeep\n|turn|7\n|\n|t:|1699729678\n|move|p1b: Kommo-o|Drain Punch|p2b: Farigiraf\n|-damage|p2b: Farigiraf|0 fnt\n|-heal|p1b: Kommo-o|13\/100|[from] drain|[of] p2b: Farigiraf\n|faint|p2b: Farigiraf\n|\n|win|Specs Hex Pex\n|c|\u2606Frost0627|gg\n|c|\u2606Specs Hex Pex|gg\n|l|\u2606Frost0627\n","uploadtime":1699729692,"views":43,"p1id":"specshexpex","p2id":"frost0627","formatid":"gen9vgc2023regulatione","rating":0,"private":0,"password":""}