{"id":"gen9vgc2023regulatione-1988188434","p1":"Knoleo","p2":"BigBOOFY69","format":"[Gen 9] VGC 2023 Regulation E","log":"|j|\u2606Knoleo\n|j|\u2606BigBOOFY69\n|t:|1699681861\n|gametype|doubles\n|player|p1|Knoleo|170|1000\n|player|p2|BigBOOFY69|n|1096\n|teamsize|p1|6\n|teamsize|p2|6\n|gen|9\n|tier|[Gen 9] VGC 2023 Regulation E\n|rated|\n|rule|Species Clause: Limit one of each Pok\u00e9mon\n|rule|Item Clause: Limit one of each item\n|clearpoke\n|poke|p1|Hatterene, L50, F|\n|poke|p1|Urshifu-*, L50, F|\n|poke|p1|Wo-Chien, L50|\n|poke|p1|Zapdos, L50|\n|poke|p1|Gastrodon, L50, F|\n|poke|p1|Skeledirge, L50, M|\n|poke|p2|Iron Thorns, L50|\n|poke|p2|Chien-Pao, L50|\n|poke|p2|Rillaboom, L50, M|\n|poke|p2|Flutter Mane, L50|\n|poke|p2|Sableye, L50, F|\n|poke|p2|Ursaluna-Bloodmoon, L50, M|\n|teampreview|4\n|inactive|Battle timer is ON: inactive players will automatically lose when time's up. (requested by Knoleo)\nBigBOOFY69 has agreed to open team sheets.\nKnoleo rejected open team sheets.\n|inactive|Knoleo has 60 seconds left.\n|inactive|BigBOOFY69 has 60 seconds left.\n|\n|t:|1699681910\n|start\n|switch|p1a: Hatterene|Hatterene, L50, F|100\/100\n|switch|p1b: Urshifu|Urshifu, L50, F|100\/100\n|switch|p2a: Iron Thorns|Iron Thorns, L50|100\/100\n|switch|p2b: Chien-Pao|Chien-Pao, L50|100\/100\n|-ability|p2b: Chien-Pao|Sword of Ruin\n|turn|1\n|inactive|BigBOOFY69 has 30 seconds left.\n|\n|t:|1699681937\n|-terastallize|p2a: Iron Thorns|Bug\n|-terastallize|p1a: Hatterene|Poison\n|move|p1b: Urshifu|U-turn|p2b: Chien-Pao\n|-supereffective|p2b: Chien-Pao\n|-damage|p2b: Chien-Pao|27\/100\n|\n|t:|1699681949\n|switch|p1b: Skeledirge|Skeledirge, L50, M, shiny|100\/100|[from] U-turn\n|move|p2b: Chien-Pao|Throat Chop|p1a: Hatterene\n|-damage|p1a: Hatterene|31\/100\n|move|p2a: Iron Thorns|Pin Missile|p1b: Skeledirge\n|-resisted|p1b: Skeledirge\n|-damage|p1b: Skeledirge|96\/100\n|-resisted|p1b: Skeledirge\n|-damage|p1b: Skeledirge|92\/100\n|-resisted|p1b: Skeledirge\n|-damage|p1b: Skeledirge|87\/100\n|-resisted|p1b: Skeledirge\n|-damage|p1b: Skeledirge|83\/100\n|-resisted|p1b: Skeledirge\n|-damage|p1b: Skeledirge|78\/100\n|-hitcount|p1b: Skeledirge|5\n|move|p1a: Hatterene|Trick Room|p1a: Hatterene\n|-fieldstart|move: Trick Room|[of] p1a: Hatterene\n|\n|upkeep\n|turn|2\n|inactive|Knoleo has 30 seconds left.\n|inactive|BigBOOFY69 has 30 seconds left.\n|\n|t:|1699681977\n|switch|p1a: Gastrodon|Gastrodon, L50, F|100\/100\n|move|p2b: Chien-Pao|Protect|p2b: Chien-Pao\n|-singleturn|p2b: Chien-Pao|Protect\n|move|p1b: Skeledirge|Torch Song|p2a: Iron Thorns\n|-supereffective|p2a: Iron Thorns\n|-damage|p2a: Iron Thorns|17\/100\n|-boost|p1b: Skeledirge|spa|1\n|move|p2a: Iron Thorns|Rock Blast|p1b: Skeledirge\n|-supereffective|p1b: Skeledirge\n|-damage|p1b: Skeledirge|45\/100\n|-supereffective|p1b: Skeledirge\n|-damage|p1b: Skeledirge|11\/100\n|-supereffective|p1b: Skeledirge\n|-damage|p1b: Skeledirge|0 fnt\n|faint|p1b: Skeledirge\n|-hitcount|p1: Skeledirge|3\n|\n|upkeep\n|\n|t:|1699681992\n|switch|p1b: Hatterene|Hatterene, L50, F, tera:Poison|31\/100\n|turn|3\n|inactive|BigBOOFY69 has 30 seconds left.\n|inactive|BigBOOFY69 has 20 seconds left.\n|\n|t:|1699682028\n|move|p2a: Iron Thorns|Protect|p2a: Iron Thorns\n|-singleturn|p2a: Iron Thorns|Protect\n|move|p1b: Hatterene|Dazzling Gleam|p2a: Iron Thorns|[spread] p2b\n|-activate|p2a: Iron Thorns|move: Protect\n|-supereffective|p2b: Chien-Pao\n|-damage|p2b: Chien-Pao|0 fnt\n|faint|p2b: Chien-Pao\n|move|p1a: Gastrodon|Muddy Water|p2a: Iron Thorns\n|-activate|p2a: Iron Thorns|move: Protect\n|\n|upkeep\n|\n|t:|1699682047\n|switch|p2b: Ursaluna|Ursaluna-Bloodmoon, L50, M|100\/100\n|turn|4\n|\n|t:|1699682062\n|move|p1b: Hatterene|Mystical Fire|p2a: Iron Thorns\n|-supereffective|p2a: Iron Thorns\n|-damage|p2a: Iron Thorns|0 fnt\n|faint|p2a: Iron Thorns\n|-end|p2a: Iron Thorns|Quark Drive|[silent]\n|move|p1a: Gastrodon|Yawn|p2b: Ursaluna\n|-start|p2b: Ursaluna|move: Yawn|[of] p1a: Gastrodon\n|move|p2b: Ursaluna|Hyper Voice|p1b: Hatterene|[spread] p1a,p1b\n|-damage|p1a: Gastrodon|60\/100\n|-damage|p1b: Hatterene|0 fnt\n|faint|p1b: Hatterene\n|\n|upkeep\n|\n|t:|1699682073\n|switch|p1b: Urshifu|Urshifu, L50, F|100\/100\n|switch|p2a: Flutter Mane|Flutter Mane, L50|100\/100\n|-enditem|p2a: Flutter Mane|Booster Energy\n|-activate|p2a: Flutter Mane|ability: Protosynthesis|[fromitem]\n|-start|p2a: Flutter Mane|protosynthesisspa\n|turn|5\n|\n|t:|1699682088\n|move|p1a: Gastrodon|Earth Power|p2a: Flutter Mane\n|-damage|p2a: Flutter Mane|57\/100\n|move|p2b: Ursaluna|Hyper Voice|p1b: Urshifu|[spread] p1a,p1b\n|-damage|p1a: Gastrodon|18\/100\n|-damage|p1b: Urshifu|44\/100\n|move|p2a: Flutter Mane|Dazzling Gleam|p1b: Urshifu|[spread] p1a,p1b\n|-supereffective|p1b: Urshifu\n|-damage|p1a: Gastrodon|0 fnt\n|-damage|p1b: Urshifu|0 fnt\n|faint|p1a: Gastrodon\n|faint|p1b: Urshifu\n|\n|win|BigBOOFY69\n|raw|Knoleo's rating: 1000 &rarr; <strong>1000<\/strong><br \/>(+0 for losing)\n|raw|BigBOOFY69's rating: 1096 &rarr; <strong>1115<\/strong><br \/>(+19 for winning)\n|c|\u2606BigBOOFY69|gg\n","uploadtime":1699682131,"views":11,"p1id":"knoleo","p2id":"bigboofy69","formatid":"gen9vgc2023regulatione","rating":1000,"private":0,"password":""}