{"id":"gen9vgc2023regulatione-1988844234","p1":"GucciSoup","p2":"Cheeseless","format":"[Gen 9] VGC 2023 Regulation E","log":"|j|\u2606GucciSoup\n|j|\u203dCheeseless\n|t:|1699772244\n|gametype|doubles\n|player|p1|GucciSoup|wallace|1455\n|player|p2|Cheeseless|acetrainerf-gen4dp|1476\n|teamsize|p1|6\n|teamsize|p2|6\n|gen|9\n|tier|[Gen 9] VGC 2023 Regulation E\n|rated|\n|rule|Species Clause: Limit one of each Pok\u00e9mon\n|rule|Item Clause: Limit one of each item\n|clearpoke\n|poke|p1|Arcanine-Hisui, L50, M|\n|poke|p1|Amoonguss, L50, M|\n|poke|p1|Enamorus, L50, F|\n|poke|p1|Thundurus, L50, M|\n|poke|p1|Ogerpon-Wellspring, L50, F|\n|poke|p1|Kingambit, L50, F|\n|poke|p2|Indeedee-F, L50, F|\n|poke|p2|Armarouge, L50, M|\n|poke|p2|Sylveon, L50, M|\n|poke|p2|Ursaluna, L50, F|\n|poke|p2|Urshifu-*, L50, M|\n|poke|p2|Torkoal, L50, M|\n|teampreview|4\n|inactive|Battle timer is ON: inactive players will automatically lose when time's up. (requested by Cheeseless)\n|j| buttp00p\n|\n|t:|1699772265\n|start\n|switch|p1a: Arcanine|Arcanine-Hisui, L50, M|100\/100\n|switch|p1b: Amoonguss|Amoonguss, L50, M|100\/100\n|switch|p2a: Indeedee|Indeedee-F, L50, F|100\/100\n|switch|p2b: Armarouge|Armarouge, L50, M|100\/100\n|-ability|p1a: Arcanine|Intimidate|boost\n|-unboost|p2a: Indeedee|atk|1\n|-unboost|p2b: Armarouge|atk|1\n|-fieldstart|move: Psychic Terrain|[from] ability: Psychic Surge|[of] p2a: Indeedee\n|-enditem|p2a: Indeedee|Psychic Seed\n|-boost|p2a: Indeedee|spd|1|[from] item: Psychic Seed\n|turn|1\n|inactive|GucciSoup has 30 seconds left.\n|inactive|GucciSoup has 20 seconds left.\n|\n|t:|1699772301\n|-terastallize|p2b: Armarouge|Grass\n|-terastallize|p1b: Amoonguss|Water\n|move|p2a: Indeedee|Helping Hand|p2b: Armarouge\n|-singleturn|p2b: Armarouge|Helping Hand|[of] p2a: Indeedee\n|move|p1a: Arcanine|Rock Slide|p2a: Indeedee|[spread] p2a,p2b\n|-damage|p2a: Indeedee|63\/100\n|-damage|p2b: Armarouge|60\/100\n|move|p2b: Armarouge|Expanding Force|p1b: Amoonguss|[spread] p1a,p1b\n|-damage|p1a: Arcanine|0 fnt\n|-damage|p1b: Amoonguss|0 fnt\n|faint|p1a: Arcanine\n|faint|p1b: Amoonguss\n|\n|upkeep\n|\n|t:|1699772314\n|switch|p1a: Ogerpon|Ogerpon-Wellspring, L50, F|100\/100\n|switch|p1b: Kingambit|Kingambit, L50, F|100\/100\n|turn|2\n|\n|t:|1699772327\n|move|p2a: Indeedee|Follow Me|p2a: Indeedee\n|-singleturn|p2a: Indeedee|move: Follow Me\n|move|p1a: Ogerpon|Ivy Cudgel|p2a: Indeedee\n|-damage|p2a: Indeedee|3\/100\n|move|p1b: Kingambit|Swords Dance|p1b: Kingambit\n|-boost|p1b: Kingambit|atk|2\n|move|p2b: Armarouge|Trick Room|p2b: Armarouge\n|-fieldstart|move: Trick Room|[of] p2b: Armarouge\n|\n|upkeep\n|turn|3\n|inactive|GucciSoup has 30 seconds left.\n|\n|t:|1699772355\n|move|p2a: Indeedee|Helping Hand|p2b: Armarouge\n|-singleturn|p2b: Armarouge|Helping Hand|[of] p2a: Indeedee\n|move|p1a: Ogerpon|Follow Me|p1a: Ogerpon\n|-singleturn|p1a: Ogerpon|move: Follow Me\n|move|p1b: Kingambit|Kowtow Cleave|p2b: Armarouge\n|-damage|p2b: Armarouge|0 fnt\n|faint|p2b: Armarouge\n|\n|upkeep\n|\n|t:|1699772373\n|switch|p2b: Ursaluna|Ursaluna, L50, F|100\/100\n|turn|4\n|inactive|GucciSoup has 30 seconds left.\n|\n|t:|1699772399\n|move|p2a: Indeedee|Follow Me|p2a: Indeedee\n|-singleturn|p2a: Indeedee|move: Follow Me\n|move|p2b: Ursaluna|Headlong Rush|p1b: Kingambit\n|-supereffective|p1b: Kingambit\n|-damage|p1b: Kingambit|0 fnt\n|-unboost|p2b: Ursaluna|def|1\n|-unboost|p2b: Ursaluna|spd|1\n|faint|p1b: Kingambit\n|move|p1a: Ogerpon|Ivy Cudgel|p2a: Indeedee\n|-damage|p2a: Indeedee|0 fnt\n|faint|p2a: Indeedee\n|\n|-status|p2b: Ursaluna|brn|[from] item: Flame Orb\n|upkeep\n|\n|t:|1699772409\n|switch|p2a: Sylveon|Sylveon, L50, M|100\/100\n|turn|5\n|\n|t:|1699772416\n|move|p1a: Ogerpon|Spiky Shield|p1a: Ogerpon\n|-singleturn|p1a: Ogerpon|move: Protect\n|move|p2b: Ursaluna|Facade|p1a: Ogerpon\n|-activate|p1a: Ogerpon|move: Protect\n|-damage|p2b: Ursaluna|88\/100 brn|[from] Spiky Shield|[of] p1a: Ogerpon\n|move|p2a: Sylveon|Hyper Voice|p1a: Ogerpon\n|-activate|p1a: Ogerpon|move: Protect\n|\n|-damage|p2b: Ursaluna|82\/100 brn|[from] brn\n|-fieldend|move: Psychic Terrain\n|upkeep\n|turn|6\n|\n|t:|1699772421\n|move|p1a: Ogerpon|Spiky Shield|p1a: Ogerpon\n|-singleturn|p1a: Ogerpon|move: Protect\n|move|p2b: Ursaluna|Facade|p1a: Ogerpon\n|-activate|p1a: Ogerpon|move: Protect\n|-damage|p2b: Ursaluna|70\/100 brn|[from] Spiky Shield|[of] p1a: Ogerpon\n|move|p2a: Sylveon|Hyper Voice|p1a: Ogerpon\n|-activate|p1a: Ogerpon|move: Protect\n|\n|-damage|p2b: Ursaluna|64\/100 brn|[from] brn\n|-fieldend|move: Trick Room\n|upkeep\n|turn|7\n|\n|t:|1699772430\n|move|p2b: Ursaluna|Protect|p2b: Ursaluna\n|-singleturn|p2b: Ursaluna|Protect\n|move|p1a: Ogerpon|Ivy Cudgel|p2a: Sylveon\n|-damage|p2a: Sylveon|13\/100\n|move|p2a: Sylveon|Hyper Voice|p1a: Ogerpon\n|-damage|p1a: Ogerpon|39\/100\n|-enditem|p2a: Sylveon|Throat Spray\n|-boost|p2a: Sylveon|spa|1|[from] item: Throat Spray\n|\n|-damage|p2b: Ursaluna|58\/100 brn|[from] brn\n|upkeep\n|turn|8\n|\n|t:|1699772445\n|move|p1a: Ogerpon|Horn Leech|p2b: Ursaluna\n|-supereffective|p2b: Ursaluna\n|-damage|p2b: Ursaluna|0 fnt\n|-heal|p1a: Ogerpon|79\/100|[from] drain|[of] p2b: Ursaluna\n|faint|p2b: Ursaluna\n|move|p2a: Sylveon|Hyper Voice|p1a: Ogerpon\n|-damage|p1a: Ogerpon|0 fnt\n|faint|p1a: Ogerpon\n|\n|win|Cheeseless\n|raw|GucciSoup's rating: 1455 &rarr; <strong>1436<\/strong><br \/>(-19 for losing)\n|raw|Cheeseless's rating: 1476 &rarr; <strong>1495<\/strong><br \/>(+19 for winning)\n|l|\u2606GucciSoup\n","uploadtime":1699772466,"views":25,"p1id":"guccisoup","p2id":"cheeseless","formatid":"gen9vgc2023regulatione","rating":1436,"private":0,"password":""}