{"id":"gen9vgc2023regulatione-2000117348","p1":"CharlienoB","p2":"onehundredgorillas","format":"[Gen 9] VGC 2023 Regulation E","log":"|j|\u2606CharlienoB\n|j|\u2606onehundredgorillas\n|t:|1701157940\n|gametype|doubles\n|player|p1|CharlienoB|1|1166\n|player|p2|onehundredgorillas|rancher|1182\n|teamsize|p1|6\n|teamsize|p2|6\n|gen|9\n|tier|[Gen 9] VGC 2023 Regulation E\n|rated|\n|rule|Species Clause: Limit one of each Pok\u00e9mon\n|rule|Item Clause: Limit one of each item\n|clearpoke\n|poke|p1|Indeedee-F, L50, F|\n|poke|p1|Armarouge, L50, F|\n|poke|p1|Rillaboom, L50, F|\n|poke|p1|Hippowdon, L50, F|\n|poke|p1|Glimmora, L50, M|\n|poke|p1|Dondozo, L50, M|\n|poke|p2|Sableye, L50, F|\n|poke|p2|Ninetales-Alola, L50, F|\n|poke|p2|Iron Bundle, L50|\n|poke|p2|Chi-Yu, L50|\n|poke|p2|Tornadus, L50, M|\n|poke|p2|Ogerpon, L50, F|\n|teampreview|4\n|inactive|Battle timer is ON: inactive players will automatically lose when time's up. (requested by CharlienoB)\n|\n|t:|1701158012\n|start\n|switch|p1a: Indeedee|Indeedee-F, L50, F|100\/100\n|switch|p1b: Glimmora|Glimmora, L50, M|100\/100\n|switch|p2a: Sableye|Sableye, L50, F|100\/100\n|switch|p2b: Ninetales|Ninetales-Alola, L50, F|100\/100\n|-weather|Snow|[from] ability: Snow Warning|[of] p2b: Ninetales\n|-fieldstart|move: Psychic Terrain|[from] ability: Psychic Surge|[of] p1a: Indeedee\n|turn|1\n|\n|t:|1701158032\n|-terastallize|p2b: Ninetales|Water\n|-terastallize|p1a: Indeedee|Fairy\n|move|p2a: Sableye|Gravity|p2a: Sableye\n|-fieldstart|move: Gravity\n|move|p2b: Ninetales|Hypnosis|p1a: Indeedee\n|-status|p1a: Indeedee|slp|[from] move: Hypnosis\n|move|p1b: Glimmora|Sludge Bomb|p2b: Ninetales\n|-damage|p2b: Ninetales|50\/100\n|cant|p1a: Indeedee|slp\n|\n|-weather|Snow|[upkeep]\n|upkeep\n|turn|2\n|\n|t:|1701158052\n|switch|p1a: Hippowdon|Hippowdon, L50, F|100\/100\n|-weather|Sandstorm|[from] ability: Sand Stream|[of] p1a: Hippowdon\n|switch|p2a: Iron Bundle|Iron Bundle, L50|100\/100\n|-enditem|p2a: Iron Bundle|Booster Energy\n|-activate|p2a: Iron Bundle|ability: Quark Drive|[fromitem]\n|-start|p2a: Iron Bundle|quarkdrivespe\n|move|p1b: Glimmora|Spiky Shield|p1b: Glimmora\n|-singleturn|p1b: Glimmora|move: Protect\n|move|p2b: Ninetales|Hypnosis|p1b: Glimmora\n|-activate|p1b: Glimmora|move: Protect\n|\n|-weather|Sandstorm|[upkeep]\n|-damage|p2a: Iron Bundle|94\/100|[from] Sandstorm\n|-damage|p2b: Ninetales|45\/100|[from] Sandstorm\n|upkeep\n|turn|3\n|\n|t:|1701158076\n|switch|p1a: Indeedee|Indeedee-F, L50, F, tera:Fairy|100\/100 slp\n|move|p2a: Iron Bundle|Hydro Pump|p1b: Glimmora\n|-supereffective|p1b: Glimmora\n|-damage|p1b: Glimmora|9\/100\n|move|p2b: Ninetales|Hypnosis|p1a: Indeedee\n|-fail|p1a: Indeedee|slp\n|move|p1b: Glimmora|Sludge Bomb|p2b: Ninetales\n|-damage|p2b: Ninetales|0 fnt\n|faint|p2b: Ninetales\n|\n|-weather|Sandstorm|[upkeep]\n|-damage|p2a: Iron Bundle|88\/100|[from] Sandstorm\n|upkeep\n|\n|t:|1701158085\n|switch|p2b: Chi-Yu|Chi-Yu, L50|100\/100\n|-ability|p2b: Chi-Yu|Beads of Ruin\n|turn|4\n|\n|t:|1701158096\n|switch|p1a: Armarouge|Armarouge, L50, F|100\/100\n|move|p1b: Glimmora|Spiky Shield|p1b: Glimmora\n|-singleturn|p1b: Glimmora|move: Protect\n|move|p2a: Iron Bundle|Blizzard|p1a: Armarouge|[spread] p1a\n|-activate|p1b: Glimmora|move: Protect\n|-resisted|p1a: Armarouge\n|-damage|p1a: Armarouge|72\/100\n|move|p2b: Chi-Yu|Heat Wave|p1a: Armarouge|[spread] \n|-activate|p1b: Glimmora|move: Protect\n|-start|p1a: Armarouge|ability: Flash Fire\n|\n|-weather|Sandstorm|[upkeep]\n|-damage|p2a: Iron Bundle|82\/100|[from] Sandstorm\n|-damage|p2b: Chi-Yu|94\/100|[from] Sandstorm\n|-damage|p1a: Armarouge|66\/100|[from] Sandstorm\n|upkeep\n|turn|5\n|\n|t:|1701158114\n|switch|p2b: Sableye|Sableye, L50, F|100\/100\n|move|p1a: Armarouge|Protect|p1a: Armarouge\n|-singleturn|p1a: Armarouge|Protect\n|move|p2a: Iron Bundle|Blizzard|p1b: Glimmora|[spread] p1b\n|-activate|p1a: Armarouge|move: Protect\n|-damage|p1b: Glimmora|0 fnt\n|faint|p1b: Glimmora\n|\n|-weather|Sandstorm|[upkeep]\n|-damage|p2a: Iron Bundle|76\/100|[from] Sandstorm\n|-damage|p1a: Armarouge|60\/100|[from] Sandstorm\n|-damage|p2b: Sableye|95\/100|[from] Sandstorm\n|-fieldend|move: Gravity\n|-fieldend|move: Psychic Terrain\n|upkeep\n|\n|t:|1701158118\n|switch|p1b: Indeedee|Indeedee-F, L50, F, tera:Fairy|100\/100 slp\n|-fieldstart|move: Psychic Terrain|[from] ability: Psychic Surge|[of] p1b: Indeedee\n|turn|6\n|\n|t:|1701158125\n|-curestatus|p1b: Indeedee|slp|[msg]\n|move|p1b: Indeedee|Follow Me|p1b: Indeedee\n|-singleturn|p1b: Indeedee|move: Follow Me\n|move|p2b: Sableye|Gravity|p2b: Sableye\n|-fieldstart|move: Gravity\n|move|p2a: Iron Bundle|Hydro Pump|p1b: Indeedee\n|-damage|p1b: Indeedee|56\/100\n|move|p1a: Armarouge|Armor Cannon|p2b: Sableye\n|-damage|p2b: Sableye|0 fnt\n|-unboost|p1a: Armarouge|def|1\n|-unboost|p1a: Armarouge|spd|1\n|faint|p2b: Sableye\n|\n|-weather|none\n|upkeep\n|\n|t:|1701158136\n|switch|p2b: Chi-Yu|Chi-Yu, L50|94\/100\n|-ability|p2b: Chi-Yu|Beads of Ruin\n|turn|7\n|\n|t:|1701158148\n|move|p1b: Indeedee|Follow Me|p1b: Indeedee\n|-singleturn|p1b: Indeedee|move: Follow Me\n|move|p2a: Iron Bundle|Blizzard|p1a: Armarouge|[spread] p1a,p1b\n|-resisted|p1a: Armarouge\n|-damage|p1a: Armarouge|17\/100\n|-damage|p1b: Indeedee|8\/100\n|move|p2b: Chi-Yu|Dark Pulse|p1b: Indeedee\n|-resisted|p1b: Indeedee\n|-damage|p1b: Indeedee|0 fnt\n|faint|p1b: Indeedee\n|move|p1a: Armarouge|Trick Room|p1a: Armarouge\n|-fieldstart|move: Trick Room|[of] p1a: Armarouge\n|\n|upkeep\n|\n|t:|1701158153\n|switch|p1b: Hippowdon|Hippowdon, L50, F|100\/100\n|-weather|Sandstorm|[from] ability: Sand Stream|[of] p1b: Hippowdon\n|turn|8\n|\n|t:|1701158170\n|move|p1b: Hippowdon|High Horsepower|p2b: Chi-Yu\n|-supereffective|p2b: Chi-Yu\n|-damage|p2b: Chi-Yu|0 fnt\n|faint|p2b: Chi-Yu\n|move|p1a: Armarouge|Armor Cannon|p2a: Iron Bundle\n|-damage|p2a: Iron Bundle|0 fnt\n|-unboost|p1a: Armarouge|def|1\n|-unboost|p1a: Armarouge|spd|1\n|faint|p2a: Iron Bundle\n|-end|p2a: Iron Bundle|Quark Drive|[silent]\n|\n|win|CharlienoB\n|raw|CharlienoB's rating: 1166 &rarr; <strong>1192<\/strong><br \/>(+26 for winning)\n|raw|onehundredgorillas's rating: 1182 &rarr; <strong>1156<\/strong><br \/>(-26 for losing)\n|l|\u2606onehundredgorillas\n","uploadtime":1701158182,"views":11,"p1id":"charlienob","p2id":"onehundredgorillas","formatid":"gen9vgc2023regulatione","rating":1156,"private":0,"password":""}