{"id":"gen9vgc2023regulatione-1995024233","p1":"Draxolotl","p2":"infernape339","format":"[Gen 9] VGC 2023 Regulation E","log":"|j|\u2606Draxolotl\n|j|\u2606infernape339\n|t:|1700514499\n|gametype|doubles\n|player|p1|Draxolotl|cynthia|\n|player|p2|infernape339|2|\n|teamsize|p1|6\n|teamsize|p2|6\n|gen|9\n|tier|[Gen 9] VGC 2023 Regulation E\n|rated|Tournament battle\n|rule|Species Clause: Limit one of each Pok\u00e9mon\n|rule|Item Clause: Limit one of each item\n|clearpoke\n|poke|p1|Chien-Pao, L50|\n|poke|p1|Landorus-Therian, L50, M|\n|poke|p1|Flutter Mane, L50|\n|poke|p1|Iron Hands, L50|\n|poke|p1|Amoonguss, L50, F|\n|poke|p1|Heatran, L50, M|\n|poke|p2|Dusclops, L50, M|\n|poke|p2|Ursaluna-Bloodmoon, L50, M|\n|poke|p2|Iron Hands, L50|\n|poke|p2|Flutter Mane, L50|\n|poke|p2|Chi-Yu, L50|\n|poke|p2|Landorus-Therian, L50, M|\n|teampreview|4\n|showteam|p1|Chien-Pao||FocusSash|SwordofRuin|IcicleCrash,SacredSword,SuckerPunch,Protect||||||50|,,,,,Ghost]Landorus-Therian||ChoiceScarf|Intimidate|StompingTantrum,TeraBlast,Uturn,RockSlide|||M|||50|,,,,,Flying]Flutter Mane||BoosterEnergy|Protosynthesis|Moonblast,ShadowBall,DazzlingGleam,Protect||||||50|,,,,,Fairy]Iron Hands||AssaultVest|QuarkDrive|WildCharge,DrainPunch,FakeOut,HeavySlam||||||50|,,,,,Fire]Amoonguss||SitrusBerry|Regenerator|PollenPuff,Spore,RagePowder,Protect|||F|||50|,,,,,Water]Heatran||Leftovers|FlashFire|MagmaStorm,FlashCannon,EarthPower,Protect|||M|||50|,,,,,Grass\n|showteam|p2|Dusclops||Eviolite|Pressure|PainSplit,WillOWisp,TrickRoom,Protect|||M|||50|,,,,,Dark]Ursaluna-Bloodmoon||LifeOrb|MindsEye|HyperVoice,Protect,BloodMoon,EarthPower|||M|||50|,,,,,Normal]Iron Hands||AssaultVest|QuarkDrive|FakeOut,WildCharge,HeavySlam,DrainPunch||||||50|,,,,,Grass]Flutter Mane||BoosterEnergy|Protosynthesis|IcyWind,Moonblast,ShadowBall,Protect||||||50|,,,,,Fairy]Chi-Yu||FocusSash|BeadsofRuin|Snarl,DarkPulse,Overheat,Protect||||||50|,,,,,Ghost]Landorus-Therian||ChoiceScarf|Intimidate|Uturn,StompingTantrum,RockSlide,TeraBlast|||M|||50|,,,,,Flying\n|inactive|Battle timer is ON: inactive players will automatically lose when time's up. (requested by infernape339)\n|c|\u2606Draxolotl|Glhf\n|j| Flarefox_7\n|j|%Radio Free C-Side\n|inactive|Draxolotl has 60 seconds left.\n|inactive|infernape339 has 60 seconds left.\n|inactive|Draxolotl has 30 seconds left.\n|inactive|Draxolotl has 20 seconds left.\n|inactive|Draxolotl has 15 seconds left.\n|\n|t:|1700514582\n|start\n|switch|p1a: Heatran|Heatran, L50, M|100\/100\n|switch|p1b: Iron Hands|Iron Hands, L50|100\/100\n|switch|p2a: Ursaluna|Ursaluna-Bloodmoon, L50, M|100\/100\n|switch|p2b: Flutter Mane|Flutter Mane, L50|100\/100\n|-enditem|p2b: Flutter Mane|Booster Energy\n|-activate|p2b: Flutter Mane|ability: Protosynthesis|[fromitem]\n|-start|p2b: Flutter Mane|protosynthesisspa\n|turn|1\n|inactive|Draxolotl has 30 seconds left.\n|\n|t:|1700514616\n|move|p2b: Flutter Mane|Protect|p2b: Flutter Mane\n|-singleturn|p2b: Flutter Mane|Protect\n|move|p2a: Ursaluna|Protect|p2a: Ursaluna\n|-singleturn|p2a: Ursaluna|Protect\n|move|p1a: Heatran|Magma Storm|p2a: Ursaluna\n|-activate|p2a: Ursaluna|move: Protect\n|move|p1b: Iron Hands|Drain Punch|p2a: Ursaluna\n|-activate|p2a: Ursaluna|move: Protect\n|\n|upkeep\n|turn|2\n|inactive|Draxolotl has 30 seconds left.\n|inactive|infernape339 has 30 seconds left.\n|inactive|infernape339 has 20 seconds left.\n|inactive|Draxolotl has 20 seconds left.\n|inactive|Draxolotl has 15 seconds left.\n|inactive|Draxolotl has 10 seconds left.\n|inactive|Draxolotl has 5 seconds left.\n|\n|t:|1700514672\n|-end|p1b: Iron Hands|Quark Drive|[silent]\n|switch|p1b: Landorus|Landorus-Therian, L50, M|100\/100\n|-ability|p1b: Landorus|Intimidate|boost\n|-unboost|p2a: Ursaluna|atk|1\n|-unboost|p2b: Flutter Mane|atk|1\n|move|p1a: Heatran|Protect|p1a: Heatran\n|-singleturn|p1a: Heatran|Protect\n|move|p2b: Flutter Mane|Icy Wind|p1b: Landorus|[spread] p1b\n|-activate|p1a: Heatran|move: Protect\n|-supereffective|p1b: Landorus\n|-damage|p1b: Landorus|4\/100\n|-unboost|p1b: Landorus|spe|1\n|move|p2a: Ursaluna|Earth Power|p1a: Heatran\n|-activate|p1a: Heatran|move: Protect\n|\n|upkeep\n|turn|3\n|l|%Radio Free C-Side\n|inactive|Draxolotl has 30 seconds left.\n|\n|t:|1700514703\n|-terastallize|p1a: Heatran|Grass\n|move|p2b: Flutter Mane|Icy Wind|p1a: Heatran|[spread] p1a,p1b\n|-supereffective|p1a: Heatran\n|-supereffective|p1b: Landorus\n|-damage|p1a: Heatran|64\/100\n|-damage|p1b: Landorus|0 fnt\n|-unboost|p1a: Heatran|spe|1\n|faint|p1b: Landorus\n|move|p1a: Heatran|Magma Storm|p2a: Ursaluna\n|-damage|p2a: Ursaluna|41\/100\n|-activate|p2a: Ursaluna|move: Magma Storm|[of] p1a: Heatran\n|move|p2a: Ursaluna|Earth Power|p1a: Heatran\n|-resisted|p1a: Heatran\n|-damage|p1a: Heatran|32\/100\n|-damage|p2a: Ursaluna|31\/100|[from] item: Life Orb\n|\n|-heal|p1a: Heatran|38\/100|[from] item: Leftovers\n|-damage|p2a: Ursaluna|19\/100|[from] move: Magma Storm|[partiallytrapped]\n|upkeep\n|\n|t:|1700514714\n|switch|p1b: Amoonguss|Amoonguss, L50, F|100\/100\n|turn|4\n|\n|t:|1700514725\n|-terastallize|p2a: Ursaluna|Normal\n|move|p1a: Heatran|Protect|p1a: Heatran\n|-singleturn|p1a: Heatran|Protect\n|move|p2b: Flutter Mane|Moonblast|p1a: Heatran\n|-activate|p1a: Heatran|move: Protect\n|move|p1b: Amoonguss|Spore|p2b: Flutter Mane\n|-status|p2b: Flutter Mane|slp|[from] move: Spore\n|move|p2a: Ursaluna|Blood Moon|p1b: Amoonguss\n|-damage|p1b: Amoonguss|0 fnt\n|faint|p1b: Amoonguss\n|-damage|p2a: Ursaluna|9\/100|[from] item: Life Orb\n|\n|-heal|p1a: Heatran|44\/100|[from] item: Leftovers\n|-damage|p2a: Ursaluna|0 fnt|[from] move: Magma Storm|[partiallytrapped]\n|faint|p2a: Ursaluna\n|upkeep\n|c|\u2606Draxolotl|Wtf thats crazy\n|\n|t:|1700514741\n|switch|p1b: Iron Hands|Iron Hands, L50|100\/100\n|switch|p2a: Iron Hands|Iron Hands, L50|100\/100\n|turn|5\n|\n|t:|1700514751\n|move|p2a: Iron Hands|Fake Out|p1b: Iron Hands\n|-damage|p1b: Iron Hands|88\/100\n|cant|p2b: Flutter Mane|slp\n|cant|p1b: Iron Hands|flinch\n|move|p1a: Heatran|Magma Storm|p2a: Iron Hands|[miss]\n|-miss|p1a: Heatran|p2a: Iron Hands\n|\n|-heal|p1a: Heatran|50\/100|[from] item: Leftovers\n|upkeep\n|turn|6\n|\n|t:|1700514763\n|-curestatus|p2b: Flutter Mane|slp|[msg]\n|move|p2b: Flutter Mane|Moonblast|p1b: Iron Hands\n|-supereffective|p1b: Iron Hands\n|-damage|p1b: Iron Hands|4\/100\n|-unboost|p1b: Iron Hands|spa|1\n|move|p1b: Iron Hands|Heavy Slam|p2b: Flutter Mane\n|-supereffective|p2b: Flutter Mane\n|-damage|p2b: Flutter Mane|0 fnt\n|faint|p2b: Flutter Mane\n|-end|p2b: Flutter Mane|Protosynthesis|[silent]\n|move|p2a: Iron Hands|Drain Punch|p1a: Heatran\n|-damage|p1a: Heatran|10\/100\n|move|p1a: Heatran|Magma Storm|p2a: Iron Hands\n|-damage|p2a: Iron Hands|64\/100\n|-activate|p2a: Iron Hands|move: Magma Storm|[of] p1a: Heatran\n|\n|-heal|p1a: Heatran|16\/100|[from] item: Leftovers\n|-damage|p2a: Iron Hands|51\/100|[from] move: Magma Storm|[partiallytrapped]\n|upkeep\n|\n|t:|1700514770\n|switch|p2b: Chi-Yu|Chi-Yu, L50|100\/100\n|-ability|p2b: Chi-Yu|Beads of Ruin\n|turn|7\n|c|\u2606Draxolotl|The 1 turn wake up screws me lmfao\n|\n|t:|1700514788\n|move|p1a: Heatran|Protect|p1a: Heatran\n|-singleturn|p1a: Heatran|Protect\n|move|p2b: Chi-Yu|Snarl|p1b: Iron Hands|[spread] p1b\n|-activate|p1a: Heatran|move: Protect\n|-resisted|p1b: Iron Hands\n|-damage|p1b: Iron Hands|0 fnt\n|faint|p1b: Iron Hands\n|-end|p1b: Iron Hands|Quark Drive|[silent]\n|move|p2a: Iron Hands|Drain Punch|p1a: Heatran\n|-activate|p1a: Heatran|move: Protect\n|\n|-heal|p1a: Heatran|22\/100|[from] item: Leftovers\n|-damage|p2a: Iron Hands|39\/100|[from] move: Magma Storm|[partiallytrapped]\n|upkeep\n|turn|8\n|c|\u2606infernape339|yeah\n|\n|t:|1700514807\n|move|p2b: Chi-Yu|Dark Pulse|p1a: Heatran\n|-damage|p1a: Heatran|0 fnt\n|faint|p1a: Heatran\n|\n|win|infernape339\n|n|\u2606Draxolotl|draxolotl\n|n|\u2606infernape339|infernape339\n|n| Flarefox_7|flarefox7\n","uploadtime":1700514808,"views":6,"p1id":"draxolotl","p2id":"infernape339","formatid":"gen9vgc2023regulatione","rating":0,"private":0,"password":""}