{"id":"gen9vgc2023regulatione-2000281253","p1":"Dcgfbyhnnb","p2":"zombieaussie","format":"[Gen 9] VGC 2023 Regulation E","log":"|j|\u2606Dcgfbyhnnb\n|j|\u2606zombieaussie\n|t:|1701180929\n|gametype|doubles\n|player|p1|Dcgfbyhnnb|169|1000\n|player|p2|zombieaussie|266|1010\n|teamsize|p1|6\n|teamsize|p2|6\n|gen|9\n|tier|[Gen 9] VGC 2023 Regulation E\n|rated|\n|rule|Species Clause: Limit one of each Pok\u00e9mon\n|rule|Item Clause: Limit one of each item\n|clearpoke\n|poke|p1|Flutter Mane, L50|\n|poke|p1|Sinistcha, L50|\n|poke|p1|Kingambit, L50, M|\n|poke|p1|Landorus-Therian, L50, M|\n|poke|p1|Roaring Moon, L50|\n|poke|p1|Iron Hands, L50|\n|poke|p2|Farigiraf, L50, F|\n|poke|p2|Scyther, L50, M|\n|poke|p2|Hatterene, L50, F|\n|poke|p2|Dragapult, L50, F|\n|poke|p2|Tornadus, L50, M|\n|poke|p2|Corviknight, L50, F|\n|teampreview|4\n|inactive|Battle timer is ON: inactive players will automatically lose when time's up. (requested by Dcgfbyhnnb)\n|\n|t:|1701180996\n|start\n|switch|p1a: Landorus|Landorus-Therian, L50, M|100\/100\n|switch|p1b: Iron Hands|Iron Hands, L50|100\/100\n|switch|p2a: Tornadus|Tornadus, L50, M|100\/100\n|switch|p2b: Dragapult|Dragapult, L50, F|100\/100\n|-ability|p1a: Landorus|Intimidate|boost\n|-fail|p2a: Tornadus|unboost|[from] item: Clear Amulet|[of] p2a: Tornadus\n|-unboost|p2b: Dragapult|atk|1\n|turn|1\n|inactive|zombieaussie has 30 seconds left.\n|inactive|zombieaussie has 20 seconds left.\n|\n|t:|1701181033\n|move|p2b: Dragapult|Phantom Force||[still]\n|-prepare|p2b: Dragapult|Phantom Force\n|move|p2a: Tornadus|Icy Wind|p1a: Landorus|[spread] p1a,p1b\n|-supereffective|p1a: Landorus\n|-damage|p1a: Landorus|32\/100\n|-damage|p1b: Iron Hands|92\/100\n|-unboost|p1a: Landorus|spe|1\n|-unboost|p1b: Iron Hands|spe|1\n|move|p1a: Landorus|U-turn|p2b: Dragapult|[miss]\n|-miss|p1a: Landorus|p2b: Dragapult\n|move|p1b: Iron Hands|Wild Charge|p2a: Tornadus\n|-supereffective|p2a: Tornadus\n|-damage|p2a: Tornadus|0 fnt\n|faint|p2a: Tornadus\n|-damage|p1b: Iron Hands|76\/100|[from] Recoil\n|\n|upkeep\n|\n|t:|1701181049\n|switch|p2a: Hatterene|Hatterene, L50, F|100\/100\n|turn|2\n|\n|t:|1701181071\n|-end|p1b: Iron Hands|Quark Drive|[silent]\n|switch|p1b: Flutter Mane|Flutter Mane, L50|100\/100\n|-terastallize|p2a: Hatterene|Fire\n|move|p2b: Dragapult|Phantom Force|p1b: Flutter Mane|[from]lockedmove\n|-supereffective|p1b: Flutter Mane\n|-enditem|p1b: Flutter Mane|Focus Sash\n|-damage|p1b: Flutter Mane|1\/100\n|move|p1a: Landorus|U-turn|p2a: Hatterene\n|-resisted|p2a: Hatterene\n|-damage|p2a: Hatterene|79\/100\n|\n|t:|1701181086\n|switch|p1a: Iron Hands|Iron Hands, L50|76\/100|[from] U-turn\n|move|p2a: Hatterene|Dazzling Gleam|p1b: Flutter Mane|[spread] p1a,p1b\n|-supereffective|p1a: Iron Hands\n|-damage|p1a: Iron Hands|31\/100\n|-damage|p1b: Flutter Mane|0 fnt\n|faint|p1b: Flutter Mane\n|-end|p1b: Flutter Mane|Protosynthesis|[silent]\n|\n|upkeep\n|\n|t:|1701181097\n|switch|p1b: Landorus|Landorus-Therian, L50, M|32\/100\n|-ability|p1b: Landorus|Intimidate|boost\n|-unboost|p2a: Hatterene|atk|1\n|-unboost|p2b: Dragapult|atk|1\n|turn|3\n|\n|t:|1701181118\n|move|p1a: Iron Hands|Fake Out|p2a: Hatterene\n|-damage|p2a: Hatterene|60\/100\n|move|p2b: Dragapult|Flamethrower|p1a: Iron Hands\n|-damage|p1a: Iron Hands|18\/100\n|move|p1b: Landorus|Stomping Tantrum|p2a: Hatterene\n|-supereffective|p2a: Hatterene\n|-damage|p2a: Hatterene|0 fnt\n|faint|p2a: Hatterene\n|\n|upkeep\n|\n|t:|1701181123\n|switch|p2a: Scyther|Scyther, L50, M|100\/100\n|turn|4\n|\n|t:|1701181138\n|move|p2b: Dragapult|Flamethrower|p1a: Iron Hands\n|-damage|p1a: Iron Hands|5\/100\n|move|p2a: Scyther|Dual Wingbeat|p1a: Iron Hands\n|-damage|p1a: Iron Hands|0 fnt\n|faint|p1a: Iron Hands\n|-end|p1a: Iron Hands|Quark Drive|[silent]\n|-hitcount|p1: Iron Hands|1\n|move|p1b: Landorus|Stomping Tantrum|p2a: Scyther\n|-immune|p2a: Scyther\n|\n|upkeep\n|\n|t:|1701181148\n|switch|p1a: Sinistcha|Sinistcha, L50|100\/100\n|-heal|p1b: Landorus|57\/100|[from] ability: Hospitality|[of] p1a: Sinistcha\n|turn|5\n|\n|t:|1701181160\n|-terastallize|p1a: Sinistcha|Fire\n|move|p2b: Dragapult|Phantom Force||[still]\n|-prepare|p2b: Dragapult|Phantom Force\n|move|p2a: Scyther|Dual Wingbeat|p1a: Sinistcha\n|-damage|p1a: Sinistcha|76\/100\n|-damage|p1a: Sinistcha|49\/100\n|-enditem|p1a: Sinistcha|Sitrus Berry|[eat]\n|-heal|p1a: Sinistcha|74\/100|[from] item: Sitrus Berry\n|-hitcount|p1a: Sinistcha|2\n|move|p1b: Landorus|Stomping Tantrum|p2b: Dragapult|[miss]\n|-miss|p1b: Landorus|p2b: Dragapult\n|move|p1a: Sinistcha|Strength Sap|p2b: Dragapult|[miss]\n|-miss|p1a: Sinistcha|p2b: Dragapult\n|\n|upkeep\n|turn|6\n|\n|t:|1701181181\n|move|p1a: Sinistcha|Protect|p1a: Sinistcha\n|-singleturn|p1a: Sinistcha|Protect\n|move|p2b: Dragapult|Phantom Force|p1a: Sinistcha|[from]lockedmove\n|-activate|p1a: Sinistcha|move: Phantom Force|[broken]\n|-damage|p1a: Sinistcha|52\/100\n|move|p2a: Scyther|Dual Wingbeat|p1a: Sinistcha\n|-damage|p1a: Sinistcha|24\/100\n|-damage|p1a: Sinistcha|0 fnt\n|faint|p1a: Sinistcha\n|-hitcount|p1: Sinistcha|2\n|move|p1b: Landorus|Stomping Tantrum|p2b: Dragapult\n|-damage|p2b: Dragapult|0 fnt\n|faint|p2b: Dragapult\n|\n|upkeep\n|turn|7\n|\n|t:|1701181199\n|move|p2a: Scyther|Dual Wingbeat|p1b: Landorus\n|-damage|p1b: Landorus|30\/100\n|-crit|p1b: Landorus\n|-damage|p1b: Landorus|0 fnt\n|faint|p1b: Landorus\n|-hitcount|p1: Landorus|2\n|\n|win|zombieaussie\n|raw|Dcgfbyhnnb's rating: 1000 &rarr; <strong>1000<\/strong><br \/>(+0 for losing)\n|raw|zombieaussie's rating: 1010 &rarr; <strong>1047<\/strong><br \/>(+37 for winning)\n","uploadtime":1701181213,"views":3,"p1id":"dcgfbyhnnb","p2id":"zombieaussie","formatid":"gen9vgc2023regulatione","rating":1000,"private":0,"password":""}