{"id":"gen9vgc2023regulatione-1999087981","p1":"Henristormer99","p2":"qmantra","format":"[Gen 9] VGC 2023 Regulation E","log":"|j|\u2606Henristormer99\n|j|\u2606qmantra\n|t:|1701031846\n|gametype|doubles\n|player|p1|Henristormer99|acetrainer-gen4dp|1269\n|player|p2|qmantra|266|1184\n|teamsize|p1|6\n|teamsize|p2|6\n|gen|9\n|tier|[Gen 9] VGC 2023 Regulation E\n|rated|\n|rule|Species Clause: Limit one of each Pok\u00e9mon\n|rule|Item Clause: Limit one of each item\n|clearpoke\n|poke|p1|Rillaboom, L50, F|\n|poke|p1|Empoleon, L50, F|\n|poke|p1|Tornadus, L50, M|\n|poke|p1|Landorus-Therian, L50, M|\n|poke|p1|Heatran, L50, M|\n|poke|p1|Zapdos, L50|\n|poke|p2|Weezing, L50, F|\n|poke|p2|Ogerpon-Wellspring, L50, F|\n|poke|p2|Flutter Mane, L50|\n|poke|p2|Slaking, L50, M|\n|poke|p2|Scream Tail, L50|\n|poke|p2|Arcanine-Hisui, L50, F|\n|teampreview|4\n|inactive|Battle timer is ON: inactive players will automatically lose when time's up. (requested by qmantra)\n|inactive|Henristormer99 has 60 seconds left.\n|\n|t:|1701031886\n|start\n|switch|p1a: Tornadus|Tornadus, L50, M|100\/100\n|switch|p1b: Landorus|Landorus-Therian, L50, M|100\/100\n|switch|p2a: Weezing|Weezing, L50, F|100\/100\n|switch|p2b: Arcanine|Arcanine-Hisui, L50, F|100\/100\n|-ability|p2a: Weezing|Neutralizing Gas\n|-block|p2b: Arcanine|item: Ability Shield\n|-ability|p2b: Arcanine|Intimidate|boost\n|-unboost|p1a: Tornadus|atk|1\n|-fail|p1b: Landorus|unboost|[from] item: Clear Amulet|[of] p1b: Landorus\n|turn|1\n|\n|t:|1701031900\n|-terastallize|p2a: Weezing|Grass\n|move|p1b: Landorus|Protect|p1b: Landorus\n|-singleturn|p1b: Landorus|Protect\n|move|p1a: Tornadus|Taunt|p2a: Weezing\n|-start|p2a: Weezing|move: Taunt\n|move|p2b: Arcanine|Rock Slide|p1b: Landorus|[spread] p1a\n|-activate|p1b: Landorus|move: Protect\n|-supereffective|p1a: Tornadus\n|-damage|p1a: Tornadus|29\/100\n|cant|p2a: Weezing|move: Taunt|Will-O-Wisp\n|\n|upkeep\n|turn|2\n|\n|t:|1701031920\n|move|p2b: Arcanine|Protect|p2b: Arcanine\n|-singleturn|p2b: Arcanine|Protect\n|move|p1a: Tornadus|Tailwind|p1a: Tornadus\n|-sidestart|p1: Henristormer99|move: Tailwind\n|move|p1b: Landorus|Stomping Tantrum|p2b: Arcanine\n|-activate|p2b: Arcanine|move: Protect\n|move|p2a: Weezing|Sludge Bomb|p1a: Tornadus\n|-damage|p1a: Tornadus|0 fnt\n|faint|p1a: Tornadus\n|\n|upkeep\n|\n|t:|1701031927\n|switch|p1a: Heatran|Heatran, L50, M|100\/100\n|turn|3\n|\n|t:|1701031946\n|-end|p2a: Weezing|ability: Neutralizing Gas\n|-ability|p1b: Landorus|Intimidate|boost\n|-unboost|p2a: Weezing|atk|1\n|-unboost|p2b: Arcanine|atk|1\n|switch|p2a: Slaking|Slaking, L50, M|100\/100\n|move|p1b: Landorus|Stomping Tantrum|p2b: Arcanine\n|-supereffective|p2b: Arcanine\n|-crit|p2b: Arcanine\n|-damage|p2b: Arcanine|0 fnt\n|faint|p2b: Arcanine\n|move|p1a: Heatran|Magma Storm|p2a: Slaking|[miss]\n|-miss|p1a: Heatran|p2a: Slaking\n|\n|upkeep\n|\n|t:|1701031955\n|switch|p2b: Weezing|Weezing, L50, F, tera:Grass|100\/100\n|-ability|p2b: Weezing|Neutralizing Gas\n|-block|p1a: Heatran|item: Ability Shield\n|turn|4\n|\n|t:|1701031973\n|-terastallize|p1b: Landorus|Flying\n|move|p2b: Weezing|Protect|p2b: Weezing\n|-singleturn|p2b: Weezing|Protect\n|move|p1b: Landorus|Tera Blast|p2b: Weezing|[anim] Tera Blast Flying\n|-activate|p2b: Weezing|move: Protect\n|move|p1a: Heatran|Will-O-Wisp|p2a: Slaking\n|-status|p2a: Slaking|brn\n|move|p2a: Slaking|Drain Punch|p1a: Heatran\n|-supereffective|p1a: Heatran\n|-damage|p1a: Heatran|79\/100\n|\n|-damage|p2a: Slaking|94\/100 brn|[from] brn\n|upkeep\n|turn|5\n|\n|t:|1701031996\n|move|p1b: Landorus|Tera Blast|p2b: Weezing|[anim] Tera Blast Flying\n|-supereffective|p2b: Weezing\n|-damage|p2b: Weezing|10\/100\n|-enditem|p2b: Weezing|Sitrus Berry|[eat]\n|-heal|p2b: Weezing|35\/100|[from] item: Sitrus Berry\n|move|p1a: Heatran|Magma Storm|p2a: Slaking|[miss]\n|-miss|p1a: Heatran|p2a: Slaking\n|move|p2a: Slaking|Facade|p1b: Landorus\n|-damage|p1b: Landorus|33\/100\n|move|p2b: Weezing|Will-O-Wisp|p1b: Landorus\n|-status|p1b: Landorus|brn\n|\n|-damage|p1b: Landorus|27\/100 brn|[from] brn\n|-damage|p2a: Slaking|88\/100 brn|[from] brn\n|-sideend|p1: Henristormer99|move: Tailwind\n|upkeep\n|turn|6\n|\n|t:|1701032020\n|move|p1b: Landorus|Protect|p1b: Landorus\n|-singleturn|p1b: Landorus|Protect\n|move|p2b: Weezing|Protect|p2b: Weezing\n|-singleturn|p2b: Weezing|Protect\n|move|p2a: Slaking|Drain Punch|p1a: Heatran\n|-supereffective|p1a: Heatran\n|-damage|p1a: Heatran|58\/100\n|-heal|p2a: Slaking|98\/100 brn|[from] drain|[of] p1a: Heatran\n|move|p1a: Heatran|Magma Storm|p2a: Slaking\n|-damage|p2a: Slaking|48\/100 brn\n|-activate|p2a: Slaking|move: Magma Storm|[of] p1a: Heatran\n|\n|-damage|p2a: Slaking|42\/100 brn|[from] brn\n|-damage|p1b: Landorus|20\/100 brn|[from] brn\n|-damage|p2a: Slaking|29\/100 brn|[from] move: Magma Storm|[partiallytrapped]\n|upkeep\n|turn|7\n|\n|t:|1701032043\n|move|p2a: Slaking|Facade|p1b: Landorus\n|-damage|p1b: Landorus|0 fnt\n|faint|p1b: Landorus\n|move|p1a: Heatran|Flash Cannon|p2a: Slaking\n|-damage|p2a: Slaking|0 fnt\n|faint|p2a: Slaking\n|move|p2b: Weezing|Sludge Bomb|p1a: Heatran\n|-immune|p1a: Heatran\n|\n|upkeep\n|\n|t:|1701032050\n|switch|p2a: Ogerpon|Ogerpon-Wellspring, L50, F|100\/100\n|switch|p1b: Empoleon|Empoleon, L50, F|100\/100\n|turn|8\n|\n|t:|1701032061\n|move|p1a: Heatran|Protect|p1a: Heatran\n|-singleturn|p1a: Heatran|Protect\n|move|p2a: Ogerpon|Ivy Cudgel|p1a: Heatran|[anim] Ivy Cudgel Water\n|-activate|p1a: Heatran|move: Protect\n|move|p2b: Weezing|Will-O-Wisp|p1b: Empoleon\n|-status|p1b: Empoleon|brn\n|move|p1b: Empoleon|Icy Wind|p2a: Ogerpon|[spread] p2a,p2b\n|-supereffective|p2b: Weezing\n|-damage|p2a: Ogerpon|87\/100\n|-damage|p2b: Weezing|3\/100\n|-unboost|p2a: Ogerpon|spe|1\n|-unboost|p2b: Weezing|spe|1\n|\n|-damage|p1b: Empoleon|95\/100 brn|[from] brn\n|upkeep\n|turn|9\n|\n|t:|1701032085\n|move|p2b: Weezing|Protect|p2b: Weezing\n|-singleturn|p2b: Weezing|Protect\n|move|p1a: Heatran|Will-O-Wisp|p2a: Ogerpon\n|-status|p2a: Ogerpon|brn\n|move|p2a: Ogerpon|Ivy Cudgel|p1a: Heatran|[anim] Ivy Cudgel Water\n|-supereffective|p1a: Heatran\n|-damage|p1a: Heatran|9\/100\n|move|p1b: Empoleon|Icy Wind|p2a: Ogerpon|[spread] p2a\n|-activate|p2b: Weezing|move: Protect\n|-damage|p2a: Ogerpon|74\/100 brn\n|-unboost|p2a: Ogerpon|spe|1\n|\n|-damage|p1b: Empoleon|89\/100 brn|[from] brn\n|-damage|p2a: Ogerpon|68\/100 brn|[from] brn\n|upkeep\n|turn|10\n|inactive|Henristormer99 has 30 seconds left.\n|\n|t:|1701032111\n|move|p1a: Heatran|Magma Storm|p2a: Ogerpon|[miss]\n|-miss|p1a: Heatran|p2a: Ogerpon\n|move|p1b: Empoleon|Icy Wind|p2a: Ogerpon|[spread] p2a,p2b\n|-supereffective|p2b: Weezing\n|-damage|p2a: Ogerpon|54\/100 brn\n|-damage|p2b: Weezing|0 fnt\n|-unboost|p2a: Ogerpon|spe|1\n|faint|p2b: Weezing\n|-end|p2b: Weezing|ability: Neutralizing Gas\n|move|p2a: Ogerpon|Horn Leech|p1b: Empoleon\n|-damage|p1b: Empoleon|66\/100 brn\n|-heal|p2a: Ogerpon|66\/100 brn|[from] drain|[of] p1b: Empoleon\n|\n|-damage|p1b: Empoleon|61\/100 brn|[from] brn\n|-damage|p2a: Ogerpon|60\/100 brn|[from] brn\n|upkeep\n|turn|11\n|\n|t:|1701032125\n|move|p1a: Heatran|Magma Storm|p2a: Ogerpon|[miss]\n|-miss|p1a: Heatran|p2a: Ogerpon\n|move|p1b: Empoleon|Tera Blast|p2a: Ogerpon\n|-damage|p2a: Ogerpon|34\/100 brn\n|move|p2a: Ogerpon|Horn Leech|p1b: Empoleon\n|-damage|p1b: Empoleon|40\/100 brn\n|-heal|p2a: Ogerpon|45\/100 brn|[from] drain|[of] p1b: Empoleon\n|\n|-damage|p1b: Empoleon|35\/100 brn|[from] brn\n|-damage|p2a: Ogerpon|39\/100 brn|[from] brn\n|upkeep\n|turn|12\n|\n|t:|1701032138\n|move|p1a: Heatran|Magma Storm|p2a: Ogerpon\n|-damage|p2a: Ogerpon|0 fnt\n|faint|p2a: Ogerpon\n|\n|win|Henristormer99\n|raw|Henristormer99's rating: 1269 &rarr; <strong>1288<\/strong><br \/>(+19 for winning)\n|raw|qmantra's rating: 1184 &rarr; <strong>1165<\/strong><br \/>(-19 for losing)\n|l|\u2606qmantra\n|c|\u2606Henristormer99|gg\n","uploadtime":1701032146,"views":8,"p1id":"henristormer99","p2id":"qmantra","formatid":"gen9vgc2023regulatione","rating":1165,"private":0,"password":""}