{"id":"gen9vgc2023regulatione-1988819907","p1":"cardojtv","p2":"xomni","format":"[Gen 9] VGC 2023 Regulation E","log":"|j|\u2606cardojtv\n|j|\u2606xomni\n|t:|1699767979\n|gametype|doubles\n|player|p1|cardojtv|acetrainersnow|1300\n|player|p2|xomni|170|1386\n|teamsize|p1|6\n|teamsize|p2|6\n|gen|9\n|tier|[Gen 9] VGC 2023 Regulation E\n|rated|\n|rule|Species Clause: Limit one of each Pok\u00e9mon\n|rule|Item Clause: Limit one of each item\n|clearpoke\n|poke|p1|Arcanine-Hisui, L50, F|\n|poke|p1|Gyarados, L50, M|\n|poke|p1|Ogerpon-Hearthflame, L50, F|\n|poke|p1|Tornadus, L50, M|\n|poke|p1|Sinistcha-Masterpiece, L50|\n|poke|p1|Kommo-o, L50, M|\n|poke|p2|Tornadus, L50, M|\n|poke|p2|Flutter Mane, L50|\n|poke|p2|Urshifu-*, L50, M|\n|poke|p2|Heatran, L50, F|\n|poke|p2|Farigiraf, L50, F|\n|poke|p2|Regidrago, L50|\n|teampreview|4\n|\n|t:|1699768053\n|start\n|switch|p1a: Tornadus|Tornadus, L50, M|100\/100\n|switch|p1b: Arcanine|Arcanine-Hisui, L50, F, shiny|100\/100\n|switch|p2a: Tornadus|Tornadus, L50, M|100\/100\n|switch|p2b: Urshifu|Urshifu, L50, M|100\/100\n|-ability|p1b: Arcanine|Intimidate|boost\n|-unboost|p2a: Tornadus|atk|1\n|-unboost|p2b: Urshifu|atk|1\n|turn|1\n|\n|t:|1699768079\n|move|p2a: Tornadus|Taunt|p1a: Tornadus\n|-start|p1a: Tornadus|move: Taunt\n|-enditem|p1a: Tornadus|Mental Herb\n|-end|p1a: Tornadus|move: Taunt\n|move|p1a: Tornadus|Taunt|p2a: Tornadus\n|-start|p2a: Tornadus|move: Taunt\n|move|p2b: Urshifu|Wicked Blow|p1b: Arcanine\n|-crit|p1b: Arcanine\n|-damage|p1b: Arcanine|27\/100\n|move|p1b: Arcanine|Rock Slide|p2b: Urshifu|[spread] p2a\n|-miss|p1b: Arcanine|p2b: Urshifu\n|-supereffective|p2a: Tornadus\n|-enditem|p2a: Tornadus|Focus Sash\n|-damage|p2a: Tornadus|1\/100\n|\n|upkeep\n|turn|2\n|\n|t:|1699768105\n|switch|p2a: Flutter Mane|Flutter Mane, L50|100\/100\n|move|p1a: Tornadus|Tailwind|p1a: Tornadus\n|-sidestart|p1: cardojtv|move: Tailwind\n|move|p1b: Arcanine|Rock Slide|p2b: Urshifu|[spread] p2a,p2b\n|-resisted|p2b: Urshifu\n|-damage|p2a: Flutter Mane|1\/100\n|-damage|p2b: Urshifu|78\/100\n|move|p2b: Urshifu|Wicked Blow|p1a: Tornadus\n|-crit|p1a: Tornadus\n|-damage|p1a: Tornadus|33\/100\n|\n|upkeep\n|turn|3\n|\n|t:|1699768142\n|move|p1b: Arcanine|Rock Slide|p2a: Flutter Mane|[spread] p2a,p2b\n|-resisted|p2b: Urshifu\n|-damage|p2a: Flutter Mane|0 fnt\n|-damage|p2b: Urshifu|56\/100\n|faint|p2a: Flutter Mane\n|-end|p2a: Flutter Mane|Protosynthesis|[silent]\n|move|p1a: Tornadus|Bleakwind Storm|p2b: Urshifu|[miss]\n|-miss|p1a: Tornadus|p2b: Urshifu\n|move|p2b: Urshifu|Wicked Blow|p1b: Arcanine\n|-crit|p1b: Arcanine\n|-damage|p1b: Arcanine|0 fnt\n|faint|p1b: Arcanine\n|\n|upkeep\n|\n|t:|1699768157\n|switch|p2a: Tornadus|Tornadus, L50, M|1\/100\n|switch|p1b: Gyarados|Gyarados, L50, M|100\/100\n|-ability|p1b: Gyarados|Intimidate|boost\n|-unboost|p2a: Tornadus|atk|1\n|-unboost|p2b: Urshifu|atk|1\n|turn|4\n|\n|t:|1699768174\n|move|p1a: Tornadus|Taunt|p2a: Tornadus\n|-start|p2a: Tornadus|move: Taunt\n|cant|p2a: Tornadus|move: Taunt|Tailwind\n|move|p1b: Gyarados|Waterfall|p2b: Urshifu\n|-damage|p2b: Urshifu|15\/100\n|move|p2b: Urshifu|Wicked Blow|p1a: Tornadus\n|-crit|p1a: Tornadus\n|-damage|p1a: Tornadus|0 fnt\n|faint|p1a: Tornadus\n|\n|upkeep\n|\n|t:|1699768185\n|switch|p1a: Kommo-o|Kommo-o, L50, M|100\/100\n|turn|5\n|\n|t:|1699768198\n|switch|p2a: Regidrago|Regidrago, L50|100\/100\n|-terastallize|p1a: Kommo-o|Steel\n|move|p1b: Gyarados|Waterfall|p2b: Urshifu\n|-damage|p2b: Urshifu|0 fnt\n|faint|p2b: Urshifu\n|move|p1a: Kommo-o|Iron Defense|p1a: Kommo-o\n|-boost|p1a: Kommo-o|def|2\n|\n|-sideend|p1: cardojtv|move: Tailwind\n|upkeep\n|\n|t:|1699768208\n|switch|p2b: Tornadus|Tornadus, L50, M|1\/100\n|turn|6\n|\n|t:|1699768227\n|move|p2b: Tornadus|Tailwind|p2b: Tornadus\n|-sidestart|p2: xomni|move: Tailwind\n|move|p2a: Regidrago|Dragon Energy|p1b: Gyarados|[spread] p1a,p1b\n|-resisted|p1a: Kommo-o\n|-damage|p1a: Kommo-o|60\/100\n|-damage|p1b: Gyarados|0 fnt\n|faint|p1b: Gyarados\n|move|p1a: Kommo-o|Body Press|p2a: Regidrago\n|-damage|p2a: Regidrago|34\/100\n|\n|upkeep\n|turn|7\n|\n|t:|1699768242\n|move|p2b: Tornadus|Bleakwind Storm|p1a: Kommo-o|[miss]\n|-miss|p2b: Tornadus|p1a: Kommo-o\n|move|p2a: Regidrago|Earth Power|p1a: Kommo-o\n|-supereffective|p1a: Kommo-o\n|-damage|p1a: Kommo-o|7\/100\n|move|p1a: Kommo-o|Body Press|p2a: Regidrago\n|-damage|p2a: Regidrago|0 fnt\n|faint|p2a: Regidrago\n|\n|upkeep\n|turn|8\n|\n|t:|1699768260\n|move|p2b: Tornadus|Bleakwind Storm|p1a: Kommo-o\n|-resisted|p1a: Kommo-o\n|-damage|p1a: Kommo-o|0 fnt\n|faint|p1a: Kommo-o\n|\n|win|xomni\n|raw|cardojtv's rating: 1300 &rarr; <strong>1281<\/strong><br \/>(-19 for losing)\n|raw|xomni's rating: 1386 &rarr; <strong>1401<\/strong><br \/>(+15 for winning)\n|l|\u2606cardojtv\n","uploadtime":1699768272,"views":19,"p1id":"cardojtv","p2id":"xomni","formatid":"gen9vgc2023regulatione","rating":1281,"private":0,"password":""}