{"id":"gen9vgc2023regulatione-1988539100","p1":"YEAAAAAH","p2":"MrNiceguyVGC","format":"[Gen 9] VGC 2023 Regulation E","log":"|j|\u2606YEAAAAAH\n|j|\u2606MrNiceguyVGC\n|t:|1699733793\n|gametype|doubles\n|player|p1|YEAAAAAH|ghetsis|1003\n|player|p2|MrNiceguyVGC|bruno|1097\n|teamsize|p1|6\n|teamsize|p2|6\n|gen|9\n|tier|[Gen 9] VGC 2023 Regulation E\n|rated|\n|rule|Species Clause: Limit one of each Pok\u00e9mon\n|rule|Item Clause: Limit one of each item\n|clearpoke\n|poke|p1|Uxie, L50|\n|poke|p1|Clodsire, L50, F|\n|poke|p1|Milotic, L50, F|\n|poke|p1|Arboliva, L50, M|\n|poke|p1|Torkoal, L50, F|\n|poke|p1|Iron Hands, L50|\n|poke|p2|Indeedee, L50, M|\n|poke|p2|Armarouge, L50, M|\n|poke|p2|Amoonguss, L50, M|\n|poke|p2|Iron Hands, L50|\n|poke|p2|Tornadus, L50, M|\n|poke|p2|Urshifu-*, L50, M|\n|teampreview|4\n|inactive|Battle timer is ON: inactive players will automatically lose when time's up. (requested by YEAAAAAH)\n|\n|t:|1699733854\n|start\n|switch|p1a: Uxie|Uxie, L50, shiny|100\/100\n|switch|p1b: Clodsire|Clodsire, L50, F, shiny|100\/100\n|switch|p2a: Indeedee|Indeedee, L50, M|100\/100\n|switch|p2b: Armarouge|Armarouge, L50, M, shiny|100\/100\n|-fieldstart|move: Psychic Terrain|[from] ability: Psychic Surge|[of] p2a: Indeedee\n|turn|1\n|inactive|YEAAAAAH has 30 seconds left.\n|\n|t:|1699733883\n|move|p2a: Indeedee|Helping Hand|p2b: Armarouge\n|-singleturn|p2b: Armarouge|Helping Hand|[of] p2a: Indeedee\n|move|p2b: Armarouge|Expanding Force|p1a: Uxie|[spread] p1a,p1b\n|-resisted|p1a: Uxie\n|-supereffective|p1b: Clodsire\n|-damage|p1a: Uxie|52\/100\n|-damage|p1b: Clodsire|0 fnt\n|faint|p1b: Clodsire\n|-damage|p2b: Armarouge|91\/100|[from] item: Life Orb\n|move|p1a: Uxie|Yawn|p2b: Armarouge\n|-start|p2b: Armarouge|move: Yawn|[of] p1a: Uxie\n|\n|upkeep\n|\n|t:|1699733900\n|switch|p1b: Milotic|Milotic, L50, F, shiny|100\/100\n|turn|2\n|inactive|MrNiceguyVGC has 30 seconds left.\n|\n|t:|1699733931\n|switch|p2b: Amoonguss|Amoonguss, L50, M, shiny|100\/100\n|move|p2a: Indeedee|Helping Hand|p2b: Amoonguss\n|-singleturn|p2b: Amoonguss|Helping Hand|[of] p2a: Indeedee\n|move|p1a: Uxie|Stealth Rock|p2a: Indeedee\n|-sidestart|p2: MrNiceguyVGC|move: Stealth Rock\n|move|p1b: Milotic|Scald|p2b: Amoonguss\n|-resisted|p2b: Amoonguss\n|-damage|p2b: Amoonguss|85\/100\n|\n|upkeep\n|turn|3\n|inactive|MrNiceguyVGC has 30 seconds left.\n|inactive|MrNiceguyVGC has 20 seconds left.\n|\n|t:|1699733967\n|switch|p2a: Iron Hands|Iron Hands, L50, shiny|100\/100\n|-damage|p2a: Iron Hands|94\/100|[from] Stealth Rock\n|-terastallize|p1b: Milotic|Poison\n|-terastallize|p2b: Amoonguss|Fire\n|move|p1a: Uxie|Mystical Power|p2b: Amoonguss\n|-damage|p2b: Amoonguss|67\/100\n|-boost|p1a: Uxie|spa|1\n|move|p1b: Milotic|Coil|p1b: Milotic\n|-boost|p1b: Milotic|atk|1\n|-boost|p1b: Milotic|def|1\n|-boost|p1b: Milotic|accuracy|1\n|move|p2b: Amoonguss|Spore|p1b: Milotic\n|-status|p1b: Milotic|slp|[from] move: Spore\n|\n|upkeep\n|turn|4\n|\n|t:|1699733991\n|move|p2a: Iron Hands|Detect|p2a: Iron Hands\n|-singleturn|p2a: Iron Hands|Protect\n|move|p1a: Uxie|Mystical Power|p2a: Iron Hands\n|-activate|p2a: Iron Hands|move: Protect\n|cant|p1b: Milotic|slp\n|move|p2b: Amoonguss|Spore|p1a: Uxie\n|-status|p1a: Uxie|slp|[from] move: Spore\n|\n|upkeep\n|turn|5\n|\n|t:|1699734014\n|cant|p1a: Uxie|slp\n|cant|p1b: Milotic|slp\n|move|p2a: Iron Hands|Swords Dance|p2a: Iron Hands\n|-boost|p2a: Iron Hands|atk|2\n|move|p2b: Amoonguss|Sludge Bomb|p1a: Uxie\n|-damage|p1a: Uxie|29\/100 slp\n|\n|-fieldend|move: Psychic Terrain\n|upkeep\n|turn|6\n|\n|t:|1699734037\n|switch|p2b: Indeedee|Indeedee, L50, M|100\/100\n|-damage|p2b: Indeedee|89\/100|[from] Stealth Rock\n|-fieldstart|move: Psychic Terrain|[from] ability: Psychic Surge|[of] p2b: Indeedee\n|cant|p1a: Uxie|slp\n|-curestatus|p1b: Milotic|slp|[msg]\n|move|p1b: Milotic|Hypnosis|p2b: Indeedee\n|-status|p2b: Indeedee|slp|[from] move: Hypnosis\n|move|p2a: Iron Hands|Drain Punch|p1a: Uxie\n|-resisted|p1a: Uxie\n|-damage|p1a: Uxie|1\/100 slp\n|-heal|p2a: Iron Hands|100\/100|[from] drain|[of] p1a: Uxie\n|\n|upkeep\n|turn|7\n|inactive|MrNiceguyVGC has 30 seconds left.\n|\n|t:|1699734063\n|move|p2a: Iron Hands|Detect|p2a: Iron Hands\n|-singleturn|p2a: Iron Hands|Protect\n|cant|p2b: Indeedee|slp\n|-curestatus|p1a: Uxie|slp|[msg]\n|move|p1a: Uxie|Mystical Power|p2a: Iron Hands\n|-activate|p2a: Iron Hands|move: Protect\n|move|p1b: Milotic|Hypnosis|p2a: Iron Hands\n|-activate|p2a: Iron Hands|move: Protect\n|\n|upkeep\n|turn|8\n|\n|t:|1699734084\n|-curestatus|p2b: Indeedee|slp|[msg]\n|move|p2b: Indeedee|After You|p2a: Iron Hands\n|-activate|p2a: Iron Hands|move: After You\n|move|p2a: Iron Hands|Drain Punch|p1a: Uxie\n|-resisted|p1a: Uxie\n|-damage|p1a: Uxie|0 fnt\n|faint|p1a: Uxie\n|move|p1b: Milotic|Hypnosis|p2a: Iron Hands\n|-status|p2a: Iron Hands|slp|[from] move: Hypnosis\n|\n|upkeep\n|\n|t:|1699734094\n|switch|p1a: Iron Hands|Iron Hands, L50, shiny|100\/100\n|turn|9\n|\n|t:|1699734118\n|cant|p2a: Iron Hands|slp\n|move|p1a: Iron Hands|Fake Out|p2b: Indeedee\n|-activate|p2b: Indeedee|move: Psychic Terrain\n|move|p2b: Indeedee|After You||[still]\n|-fail|p2b: Indeedee\n|move|p1b: Milotic|Draining Kiss|p2a: Iron Hands\n|-supereffective|p2a: Iron Hands\n|-damage|p2a: Iron Hands|78\/100 slp\n|\n|upkeep\n|turn|10\n|\n|t:|1699734137\n|move|p2b: Indeedee|After You|p2a: Iron Hands\n|-activate|p2a: Iron Hands|move: After You\n|-curestatus|p2a: Iron Hands|slp|[msg]\n|move|p2a: Iron Hands|Drain Punch|p1b: Milotic\n|-resisted|p1b: Milotic\n|-damage|p1b: Milotic|75\/100\n|-heal|p2a: Iron Hands|89\/100|[from] drain|[of] p1b: Milotic\n|move|p1b: Milotic|Hypnosis|p2b: Indeedee\n|-status|p2b: Indeedee|slp|[from] move: Hypnosis\n|move|p1a: Iron Hands|Heavy Slam|p2b: Indeedee\n|-damage|p2b: Indeedee|0 fnt\n|faint|p2b: Indeedee\n|\n|-fieldend|move: Psychic Terrain\n|upkeep\n|\n|t:|1699734157\n|switch|p2b: Amoonguss|Amoonguss, L50, M, shiny, tera:Fire|100\/100\n|-damage|p2b: Amoonguss|76\/100|[from] Stealth Rock\n|turn|11\n|inactive|MrNiceguyVGC has 30 seconds left.\n|\n|t:|1699734186\n|move|p2b: Amoonguss|Rage Powder|p2b: Amoonguss\n|-singleturn|p2b: Amoonguss|move: Rage Powder\n|move|p1b: Milotic|Hypnosis|p2b: Amoonguss\n|-status|p2b: Amoonguss|slp|[from] move: Hypnosis\n|move|p2a: Iron Hands|Drain Punch|p1b: Milotic\n|-resisted|p1b: Milotic\n|-damage|p1b: Milotic|51\/100\n|-heal|p2a: Iron Hands|99\/100|[from] drain|[of] p1b: Milotic\n|move|p1a: Iron Hands|Heavy Slam|p2b: Amoonguss\n|-resisted|p2b: Amoonguss\n|-damage|p2b: Amoonguss|56\/100 slp\n|\n|upkeep\n|turn|12\n|inactive|YEAAAAAH has 30 seconds left.\n|inactive|YEAAAAAH has 20 seconds left.\n|\n|t:|1699734221\n|move|p2a: Iron Hands|Detect|p2a: Iron Hands\n|-singleturn|p2a: Iron Hands|Protect\n|cant|p2b: Amoonguss|slp\n|move|p1b: Milotic|Hypnosis|p2a: Iron Hands\n|-activate|p2a: Iron Hands|move: Protect\n|move|p1a: Iron Hands|Drain Punch|p2b: Amoonguss\n|-damage|p2b: Amoonguss|18\/100 slp\n|\n|upkeep\n|turn|13\n|\n|t:|1699734241\n|move|p1b: Milotic|Hypnosis|p2a: Iron Hands\n|-status|p2a: Iron Hands|slp|[from] move: Hypnosis\n|cant|p2a: Iron Hands|slp\n|cant|p2b: Amoonguss|slp\n|move|p1a: Iron Hands|Drain Punch|p2b: Amoonguss\n|-damage|p2b: Amoonguss|0 fnt\n|faint|p2b: Amoonguss\n|\n|upkeep\n|\n|t:|1699734252\n|switch|p2b: Armarouge|Armarouge, L50, M, shiny|91\/100\n|-damage|p2b: Armarouge|66\/100|[from] Stealth Rock\n|turn|14\n|\n|t:|1699734269\n|move|p2b: Armarouge|Expanding Force|p1b: Milotic\n|-supereffective|p1b: Milotic\n|-damage|p1b: Milotic|0 fnt\n|faint|p1b: Milotic\n|-damage|p2b: Armarouge|56\/100|[from] item: Life Orb\n|cant|p2a: Iron Hands|slp\n|move|p1a: Iron Hands|Heavy Slam|p2b: Armarouge\n|-resisted|p2b: Armarouge\n|-damage|p2b: Armarouge|37\/100\n|-ability|p2b: Armarouge|Weak Armor|boost\n|-unboost|p2b: Armarouge|def|1\n|-boost|p2b: Armarouge|spe|2\n|\n|upkeep\n|turn|15\n|\n|t:|1699734287\n|move|p2b: Armarouge|Expanding Force|p1a: Iron Hands\n|-supereffective|p1a: Iron Hands\n|-damage|p1a: Iron Hands|28\/100\n|-damage|p2b: Armarouge|27\/100|[from] item: Life Orb\n|-curestatus|p2a: Iron Hands|slp|[msg]\n|move|p2a: Iron Hands|Drain Punch|p1a: Iron Hands\n|-damage|p1a: Iron Hands|0 fnt\n|-heal|p2a: Iron Hands|100\/100|[from] drain|[of] p1a: Iron Hands\n|faint|p1a: Iron Hands\n|-end|p1a: Iron Hands|Quark Drive|[silent]\n|\n|win|MrNiceguyVGC\n|raw|YEAAAAAH's rating: 1003 &rarr; <strong>1000<\/strong><br \/>(-3 for losing)\n|raw|MrNiceguyVGC's rating: 1097 &rarr; <strong>1116<\/strong><br \/>(+19 for winning)\n","uploadtime":1699734296,"views":9,"p1id":"yeaaaaah","p2id":"mrniceguyvgc","formatid":"gen9vgc2023regulatione","rating":1000,"private":0,"password":""}