{"id":"gen9vgc2023regulatione-1993341633","p1":"123scbio","p2":"SoapierMage5794","format":"[Gen 9] VGC 2023 Regulation E","log":"|j|\u2606123scbio\n|j|\u2606SoapierMage5794\n|t:|1700302062\n|gametype|doubles\n|player|p1|123scbio|hilbert-wonderlauncher|1184\n|player|p2|SoapierMage5794|2|1276\n|teamsize|p1|6\n|teamsize|p2|6\n|gen|9\n|tier|[Gen 9] VGC 2023 Regulation E\n|rated|\n|rule|Species Clause: Limit one of each Pok\u00e9mon\n|rule|Item Clause: Limit one of each item\n|clearpoke\n|poke|p1|Tornadus, L50, M|\n|poke|p1|Okidogi, L50, M|\n|poke|p1|Sinistcha, L50|\n|poke|p1|Flutter Mane, L50|\n|poke|p1|Arcanine-Hisui, L50, M|\n|poke|p1|Urshifu-*, L50, F|\n|poke|p2|Chien-Pao, L50|\n|poke|p2|Dragonite, L50, F|\n|poke|p2|Rillaboom, L50, F|\n|poke|p2|Tornadus, L50, M|\n|poke|p2|Landorus-Therian, L50, M|\n|poke|p2|Heatran, L50, M|\n|teampreview|4\n|inactive|Battle timer is ON: inactive players will automatically lose when time's up. (requested by SoapierMage5794)\n|\n|t:|1700302089\n|start\n|switch|p1a: Tornadus|Tornadus, L50, M|100\/100\n|switch|p1b: Okidogi|Okidogi, L50, M|100\/100\n|switch|p2a: Landorus|Landorus-Therian, L50, M|100\/100\n|switch|p2b: Tornadus|Tornadus, L50, M|100\/100\n|-ability|p2a: Landorus|Intimidate|boost\n|-unboost|p1a: Tornadus|atk|1\n|-ability|p1b: Okidogi|Guard Dog|boost\n|-boost|p1b: Okidogi|atk|1\n|turn|1\n|\n|t:|1700302105\n|-terastallize|p1b: Okidogi|Dark\n|move|p2b: Tornadus|Taunt|p1a: Tornadus\n|-start|p1a: Tornadus|move: Taunt\n|cant|p1a: Tornadus|move: Taunt|Tailwind\n|move|p2a: Landorus|Stomping Tantrum|p1b: Okidogi\n|-damage|p1b: Okidogi|66\/100\n|move|p1b: Okidogi|Knock Off|p2a: Landorus\n|-damage|p2a: Landorus|5\/100\n|-enditem|p2a: Landorus|Choice Scarf|[from] move: Knock Off|[of] p1b: Okidogi\n|\n|-heal|p1b: Okidogi|72\/100|[from] item: Leftovers\n|upkeep\n|turn|2\n|\n|t:|1700302120\n|move|p2b: Tornadus|Tailwind|p2b: Tornadus\n|-sidestart|p2: SoapierMage5794|move: Tailwind\n|move|p2a: Landorus|U-turn|p1b: Okidogi\n|-supereffective|p1b: Okidogi\n|-damage|p1b: Okidogi|25\/100\n|\n|t:|1700302124\n|switch|p2a: Heatran|Heatran, L50, M|100\/100|[from] U-turn\n|move|p1a: Tornadus|Bleakwind Storm|p2a: Heatran|[spread] p2a,p2b\n|-resisted|p2a: Heatran\n|-damage|p2a: Heatran|91\/100\n|-damage|p2b: Tornadus|54\/100\n|move|p1b: Okidogi|Knock Off|p2b: Tornadus\n|-damage|p2b: Tornadus|0 fnt\n|-enditem|p2b: Tornadus|Covert Cloak|[from] move: Knock Off|[of] p1b: Okidogi\n|faint|p2b: Tornadus\n|\n|-heal|p1b: Okidogi|31\/100|[from] item: Leftovers\n|upkeep\n|\n|t:|1700302134\n|switch|p2b: Landorus|Landorus-Therian, L50, M|5\/100\n|-ability|p2b: Landorus|Intimidate|boost\n|-unboost|p1a: Tornadus|atk|1\n|-ability|p1b: Okidogi|Guard Dog|boost\n|-boost|p1b: Okidogi|atk|1\n|turn|3\n|\n|t:|1700302148\n|move|p2b: Landorus|Rock Slide|p1a: Tornadus|[spread] p1a,p1b\n|-supereffective|p1a: Tornadus\n|-crit|p1b: Okidogi\n|-damage|p1a: Tornadus|57\/100\n|-damage|p1b: Okidogi|6\/100\n|move|p2a: Heatran|Heat Wave|p1b: Okidogi|[spread] p1a\n|-miss|p2a: Heatran|p1b: Okidogi\n|-damage|p1a: Tornadus|16\/100\n|move|p1a: Tornadus|Bleakwind Storm|p2a: Heatran|[spread] p2a,p2b\n|-resisted|p2a: Heatran\n|-damage|p2a: Heatran|82\/100\n|-damage|p2b: Landorus|0 fnt\n|faint|p2b: Landorus\n|move|p1b: Okidogi|Drain Punch|p2a: Heatran\n|-supereffective|p2a: Heatran\n|-damage|p2a: Heatran|0 fnt\n|-heal|p1b: Okidogi|52\/100|[from] drain|[of] p2a: Heatran\n|faint|p2a: Heatran\n|\n|-heal|p1b: Okidogi|58\/100|[from] item: Leftovers\n|-end|p1a: Tornadus|move: Taunt\n|upkeep\n|\n|t:|1700302159\n|switch|p2b: Rillaboom|Rillaboom, L50, F|100\/100\n|-fieldstart|move: Grassy Terrain|[from] ability: Grassy Surge|[of] p2b: Rillaboom\n|turn|4\n|\n|t:|1700302176\n|-terastallize|p2b: Rillaboom|Fire\n|move|p1a: Tornadus|Tailwind|p1a: Tornadus\n|-sidestart|p1: 123scbio|move: Tailwind\n|move|p2b: Rillaboom|Wood Hammer|p1b: Okidogi\n|-damage|p1b: Okidogi|0 fnt\n|faint|p1b: Okidogi\n|-damage|p2b: Rillaboom|84\/100|[from] Recoil\n|\n|-heal|p2b: Rillaboom|90\/100|[from] Grassy Terrain\n|upkeep\n|\n|t:|1700302186\n|switch|p1b: Arcanine|Arcanine-Hisui, L50, M|100\/100\n|turn|5\n|\n|t:|1700302193\n|move|p1a: Tornadus|Bleakwind Storm|p2b: Rillaboom\n|-damage|p2b: Rillaboom|44\/100\n|-unboost|p2b: Rillaboom|spe|1\n|move|p1b: Arcanine|Head Smash|p2b: Rillaboom\n|-supereffective|p2b: Rillaboom\n|-damage|p2b: Rillaboom|0 fnt\n|faint|p2b: Rillaboom\n|\n|win|123scbio\n|raw|123scbio's rating: 1184 &rarr; <strong>1215<\/strong><br \/>(+31 for winning)\n|raw|SoapierMage5794's rating: 1276 &rarr; <strong>1245<\/strong><br \/>(-31 for losing)\n","uploadtime":1700302202,"views":6,"p1id":"123scbio","p2id":"soapiermage5794","formatid":"gen9vgc2023regulatione","rating":1215,"private":0,"password":""}