{"id":"gen9vgc2023regulatione-1998538723","p1":"NEhrnsberger30","p2":"BruhnterOeh","format":"[Gen 9] VGC 2023 Regulation E","log":"|j|\u2606NEhrnsberger30\n|j|\u2606BruhnterOeh\n|t:|1700953828\n|gametype|doubles\n|player|p1|NEhrnsberger30|hugh|1101\n|player|p2|BruhnterOeh|crasherwake|1034\n|teamsize|p1|6\n|teamsize|p2|6\n|gen|9\n|tier|[Gen 9] VGC 2023 Regulation E\n|rated|\n|rule|Species Clause: Limit one of each Pok\u00e9mon\n|rule|Item Clause: Limit one of each item\n|clearpoke\n|poke|p1|Arcanine-Hisui, L50, F|\n|poke|p1|Landorus-Therian, L50, M|\n|poke|p1|Ogerpon-Wellspring, L50, F|\n|poke|p1|Flutter Mane, L50|\n|poke|p1|Tornadus, L50, M|\n|poke|p1|Kingambit, L50, F|\n|poke|p2|Roaring Moon, L50|\n|poke|p2|Milotic, L50, M|\n|poke|p2|Landorus-Therian, L50, M|\n|poke|p2|Flutter Mane, L50|\n|poke|p2|Iron Hands, L50|\n|poke|p2|Ogerpon-Hearthflame, L50, F|\n|teampreview|4\n|inactive|Battle timer is ON: inactive players will automatically lose when time's up. (requested by NEhrnsberger30)\n|\n|t:|1700953856\n|start\n|switch|p1a: Arcanine|Arcanine-Hisui, L50, F|100\/100\n|switch|p1b: Landorus|Landorus-Therian, L50, M|100\/100\n|switch|p2a: Milotic|Milotic, L50, M|100\/100\n|switch|p2b: Roaring Moon|Roaring Moon, L50|100\/100\n|-ability|p1b: Landorus|Intimidate|boost\n|-unboost|p2a: Milotic|atk|1\n|-ability|p2a: Milotic|Competitive|boost\n|-boost|p2a: Milotic|spa|2\n|-unboost|p2b: Roaring Moon|atk|1\n|-ability|p1a: Arcanine|Intimidate|boost\n|-unboost|p2a: Milotic|atk|1\n|-ability|p2a: Milotic|Competitive|boost\n|-boost|p2a: Milotic|spa|2\n|-unboost|p2b: Roaring Moon|atk|1\n|-enditem|p2b: Roaring Moon|Booster Energy\n|-activate|p2b: Roaring Moon|ability: Protosynthesis|[fromitem]\n|-start|p2b: Roaring Moon|protosynthesisspe\n|turn|1\n|c|\u2606BruhnterOeh|Yummy intimidate\n|inactive|NEhrnsberger30 has 30 seconds left.\n|inactive|BruhnterOeh has 30 seconds left.\n|inactive|BruhnterOeh has 20 seconds left.\n|\n|t:|1700953892\n|-terastallize|p1a: Arcanine|Grass\n|move|p2b: Roaring Moon|Tailwind|p2b: Roaring Moon\n|-sidestart|p2: BruhnterOeh|move: Tailwind\n|move|p1b: Landorus|U-turn|p2b: Roaring Moon\n|-supereffective|p2b: Roaring Moon\n|-damage|p2b: Roaring Moon|35\/100\n|\n|t:|1700953903\n|switch|p1b: Tornadus|Tornadus, L50, M|100\/100|[from] U-turn\n|move|p2a: Milotic|Scald|p1a: Arcanine\n|-resisted|p1a: Arcanine\n|-damage|p1a: Arcanine|46\/100\n|move|p1a: Arcanine|Tera Blast|p2a: Milotic|[anim] Tera Blast Grass\n|-supereffective|p2a: Milotic\n|-damage|p2a: Milotic|0 fnt\n|faint|p2a: Milotic\n|\n|upkeep\n|\n|t:|1700953914\n|switch|p2a: Iron Hands|Iron Hands, L50|100\/100\n|turn|2\n|\n|t:|1700953936\n|switch|p1a: Landorus|Landorus-Therian, L50, M|100\/100\n|-ability|p1a: Landorus|Intimidate|boost\n|-unboost|p2a: Iron Hands|atk|1\n|-unboost|p2b: Roaring Moon|atk|1\n|move|p2a: Iron Hands|Fake Out|p1b: Tornadus\n|-damage|p1b: Tornadus|84\/100\n|move|p2b: Roaring Moon|Acrobatics|p1a: Landorus\n|-damage|p1a: Landorus|80\/100\n|cant|p1b: Tornadus|flinch\n|\n|upkeep\n|turn|3\n|\n|t:|1700953953\n|switch|p1b: Arcanine|Arcanine-Hisui, L50, F, tera:Grass|46\/100\n|-ability|p1b: Arcanine|Intimidate|boost\n|-unboost|p2a: Iron Hands|atk|1\n|-unboost|p2b: Roaring Moon|atk|1\n|move|p2b: Roaring Moon|Knock Off|p1a: Landorus\n|-damage|p1a: Landorus|59\/100\n|-enditem|p1a: Landorus|Choice Scarf|[from] move: Knock Off|[of] p2b: Roaring Moon\n|move|p2a: Iron Hands|Wild Charge|p1b: Arcanine\n|-resisted|p1b: Arcanine\n|-damage|p1b: Arcanine|30\/100\n|-damage|p2a: Iron Hands|98\/100|[from] Recoil\n|move|p1a: Landorus|U-turn|p2b: Roaring Moon\n|-supereffective|p2b: Roaring Moon\n|-damage|p2b: Roaring Moon|0 fnt\n|faint|p2b: Roaring Moon\n|-end|p2b: Roaring Moon|Protosynthesis|[silent]\n|\n|t:|1700953966\n|switch|p1a: Tornadus|Tornadus, L50, M|84\/100|[from] U-turn\n|\n|upkeep\n|\n|t:|1700953969\n|switch|p2b: Ogerpon|Ogerpon-Hearthflame, L50, F|100\/100\n|-ability|p2b: Ogerpon|Mold Breaker\n|turn|4\n|inactive|BruhnterOeh has 30 seconds left.\n|\n|t:|1700953999\n|switch|p1a: Landorus|Landorus-Therian, L50, M|59\/100\n|-ability|p1a: Landorus|Intimidate|boost\n|-unboost|p2a: Iron Hands|atk|1\n|-unboost|p2b: Ogerpon|atk|1\n|switch|p1b: Ogerpon|Ogerpon-Wellspring, L50, F|100\/100\n|-terastallize|p2a: Iron Hands|Water\n|move|p2b: Ogerpon|Spiky Shield|p2b: Ogerpon\n|-singleturn|p2b: Ogerpon|move: Protect\n|move|p2a: Iron Hands|Wild Charge|p1a: Landorus\n|-immune|p1a: Landorus\n|\n|-sideend|p2: BruhnterOeh|move: Tailwind\n|upkeep\n|turn|5\n|inactive|NEhrnsberger30 has 30 seconds left.\n|inactive|BruhnterOeh has 30 seconds left.\n|inactive|NEhrnsberger30 has 20 seconds left.\n|\n|t:|1700954034\n|switch|p1b: Arcanine|Arcanine-Hisui, L50, F, tera:Grass|30\/100\n|-ability|p1b: Arcanine|Intimidate|boost\n|-unboost|p2a: Iron Hands|atk|1\n|-unboost|p2b: Ogerpon|atk|1\n|move|p2b: Ogerpon|Wood Hammer|p1b: Arcanine\n|-resisted|p1b: Arcanine\n|-damage|p1b: Arcanine|9\/100\n|-damage|p2b: Ogerpon|94\/100|[from] Recoil\n|move|p1a: Landorus|Stomping Tantrum|p2b: Ogerpon\n|-damage|p2b: Ogerpon|35\/100\n|move|p2a: Iron Hands|Drain Punch|p1a: Landorus\n|-resisted|p1a: Landorus\n|-damage|p1a: Landorus|51\/100\n|-heal|p2a: Iron Hands|100\/100|[from] drain|[of] p1a: Landorus\n|\n|upkeep\n|turn|6\n|\n|t:|1700954058\n|move|p1b: Arcanine|Extreme Speed|p2b: Ogerpon\n|-damage|p2b: Ogerpon|0 fnt\n|faint|p2b: Ogerpon\n|move|p1a: Landorus|U-turn|p2a: Iron Hands\n|-damage|p2a: Iron Hands|81\/100\n|\n|t:|1700954064\n|switch|p1a: Tornadus|Tornadus, L50, M|84\/100|[from] U-turn\n|move|p2a: Iron Hands|Drain Punch|p1b: Arcanine\n|-damage|p1b: Arcanine|0 fnt\n|-heal|p2a: Iron Hands|84\/100|[from] drain|[of] p1b: Arcanine\n|faint|p1b: Arcanine\n|\n|upkeep\n|\n|t:|1700954071\n|switch|p1b: Landorus|Landorus-Therian, L50, M|51\/100\n|-ability|p1b: Landorus|Intimidate|boost\n|-unboost|p2a: Iron Hands|atk|1\n|turn|7\n|\n|t:|1700954089\n|move|p1a: Tornadus|Tailwind|p1a: Tornadus\n|-sidestart|p1: NEhrnsberger30|move: Tailwind\n|move|p1b: Landorus|U-turn|p2a: Iron Hands\n|-damage|p2a: Iron Hands|65\/100\n|\n|t:|1700954093\n|switch|p1b: Ogerpon|Ogerpon-Wellspring, L50, F|100\/100|[from] U-turn\n|move|p2a: Iron Hands|Wild Charge|p1a: Tornadus\n|-supereffective|p1a: Tornadus\n|-damage|p1a: Tornadus|38\/100\n|-damage|p2a: Iron Hands|58\/100|[from] Recoil\n|\n|upkeep\n|turn|8\n|\n|t:|1700954114\n|move|p1a: Tornadus|Rain Dance|p1a: Tornadus\n|-weather|RainDance\n|move|p1b: Ogerpon|Horn Leech|p2a: Iron Hands\n|-supereffective|p2a: Iron Hands\n|-damage|p2a: Iron Hands|0 fnt\n|faint|p2a: Iron Hands\n|-end|p2a: Iron Hands|Quark Drive|[silent]\n|\n|win|NEhrnsberger30\n|raw|NEhrnsberger30's rating: 1101 &rarr; <strong>1121<\/strong><br \/>(+20 for winning)\n|raw|BruhnterOeh's rating: 1034 &rarr; <strong>1022<\/strong><br \/>(-12 for losing)\n|l|\u2606BruhnterOeh\n","uploadtime":1700954127,"views":2,"p1id":"nehrnsberger30","p2id":"bruhnteroeh","formatid":"gen9vgc2023regulatione","rating":1022,"private":0,"password":""}