{"id":"gen9vgc2023regulatione-1988275227","p1":"cleardaydreaming","p2":"Alanine Scanner","format":"[Gen 9] VGC 2023 Regulation E","log":"|j|\u2606cleardaydreaming\n|j|\u2606Alanine Scanner\n|t:|1699699705\n|gametype|doubles\n|player|p1|cleardaydreaming|winona|1205\n|player|p2|Alanine Scanner|101|1180\n|teamsize|p1|6\n|teamsize|p2|6\n|gen|9\n|tier|[Gen 9] VGC 2023 Regulation E\n|rated|\n|rule|Species Clause: Limit one of each Pok\u00e9mon\n|rule|Item Clause: Limit one of each item\n|clearpoke\n|poke|p1|Grimmsnarl, L50, M|\n|poke|p1|Sinistcha, L50|\n|poke|p1|Arcanine-Hisui, L50, F|\n|poke|p1|Iron Hands, L50|\n|poke|p1|Ogerpon-Wellspring, L50, F|\n|poke|p1|Moltres-Galar, L50|\n|poke|p2|Roaring Moon, L50|\n|poke|p2|Milotic, L50, M|\n|poke|p2|Landorus-Therian, L50, M|\n|poke|p2|Flutter Mane, L50|\n|poke|p2|Iron Hands, L50|\n|poke|p2|Ogerpon-Hearthflame, L50, F|\n|teampreview|4\n|inactive|Battle timer is ON: inactive players will automatically lose when time's up. (requested by Alanine Scanner)\n|\n|t:|1699699751\n|start\n|switch|p1a: Grimmsnarl|Grimmsnarl, L50, M|100\/100\n|switch|p1b: Sinistcha|Sinistcha, L50|100\/100\n|switch|p2a: Milotic|Milotic, L50, M|100\/100\n|switch|p2b: Roaring Moon|Roaring Moon, L50|100\/100\n|-enditem|p2b: Roaring Moon|Booster Energy\n|-activate|p2b: Roaring Moon|ability: Protosynthesis|[fromitem]\n|-start|p2b: Roaring Moon|protosynthesisatk\n|turn|1\n|inactive|cleardaydreaming has 30 seconds left.\n|\n|t:|1699699778\n|-terastallize|p2b: Roaring Moon|Flying\n|-terastallize|p1b: Sinistcha|Dragon\n|move|p1a: Grimmsnarl|Reflect|p1a: Grimmsnarl\n|-sidestart|p1: cleardaydreaming|Reflect\n|move|p2b: Roaring Moon|Acrobatics|p1b: Sinistcha\n|-damage|p1b: Sinistcha|54\/100\n|move|p2a: Milotic|Scald|p1b: Sinistcha\n|-resisted|p1b: Sinistcha\n|-damage|p1b: Sinistcha|39\/100\n|move|p1b: Sinistcha|Calm Mind|p1b: Sinistcha\n|-boost|p1b: Sinistcha|spa|1\n|-boost|p1b: Sinistcha|spd|1\n|\n|-heal|p1b: Sinistcha|45\/100|[from] item: Leftovers\n|upkeep\n|turn|2\n|\n|t:|1699699801\n|move|p1a: Grimmsnarl|Parting Shot|p2b: Roaring Moon\n|-unboost|p2b: Roaring Moon|atk|1\n|-unboost|p2b: Roaring Moon|spa|1\n|\n|t:|1699699804\n|switch|p1a: Arcanine|Arcanine-Hisui, L50, F|100\/100|[from] Parting Shot\n|-ability|p1a: Arcanine|Intimidate|boost\n|-unboost|p2a: Milotic|atk|1\n|-ability|p2a: Milotic|Competitive|boost\n|-boost|p2a: Milotic|spa|2\n|-unboost|p2b: Roaring Moon|atk|1\n|move|p2b: Roaring Moon|Knock Off|p1a: Arcanine\n|-damage|p1a: Arcanine|75\/100\n|-enditem|p1a: Arcanine|Choice Band|[from] move: Knock Off|[of] p2b: Roaring Moon\n|move|p2a: Milotic|Haze|p2a: Milotic\n|-clearallboost\n|move|p1b: Sinistcha|Strength Sap|p2b: Roaring Moon\n|-unboost|p2b: Roaring Moon|atk|1\n|-heal|p1b: Sinistcha|100\/100\n|\n|upkeep\n|turn|3\n|inactive|cleardaydreaming has 30 seconds left.\n|inactive|Alanine Scanner has 30 seconds left.\n|\n|t:|1699699834\n|move|p2b: Roaring Moon|Knock Off|p1b: Sinistcha\n|-damage|p1b: Sinistcha|74\/100\n|-enditem|p1b: Sinistcha|Leftovers|[from] move: Knock Off|[of] p2b: Roaring Moon\n|move|p1a: Arcanine|Rock Slide|p2b: Roaring Moon|[spread] p2a,p2b\n|-supereffective|p2b: Roaring Moon\n|-damage|p2a: Milotic|76\/100\n|-damage|p2b: Roaring Moon|44\/100\n|cant|p2a: Milotic|flinch\n|move|p1b: Sinistcha|Matcha Gotcha|p2a: Milotic|[spread] p2a,p2b\n|-supereffective|p2a: Milotic\n|-resisted|p2b: Roaring Moon\n|-damage|p2a: Milotic|40\/100\n|-heal|p1b: Sinistcha|94\/100|[from] drain|[of] p2a: Milotic\n|-damage|p2b: Roaring Moon|34\/100\n|-heal|p1b: Sinistcha|100\/100|[from] drain|[of] p2b: Roaring Moon\n|-status|p2b: Roaring Moon|brn\n|\n|-heal|p2a: Milotic|46\/100|[from] item: Leftovers\n|-damage|p2b: Roaring Moon|29\/100 brn|[from] brn\n|upkeep\n|turn|4\n|inactive|cleardaydreaming has 30 seconds left.\n|\n|t:|1699699865\n|move|p2b: Roaring Moon|Tailwind|p2b: Roaring Moon\n|-sidestart|p2: Alanine Scanner|move: Tailwind\n|move|p2a: Milotic|Scald|p1a: Arcanine\n|-supereffective|p1a: Arcanine\n|-damage|p1a: Arcanine|0 fnt\n|faint|p1a: Arcanine\n|move|p1b: Sinistcha|Matcha Gotcha|p2b: Roaring Moon|[spread] p2a,p2b\n|-supereffective|p2a: Milotic\n|-crit|p2a: Milotic\n|-resisted|p2b: Roaring Moon\n|-damage|p2a: Milotic|0 fnt\n|-damage|p2b: Roaring Moon|19\/100 brn\n|faint|p2a: Milotic\n|\n|-damage|p2b: Roaring Moon|14\/100 brn|[from] brn\n|upkeep\n|\n|t:|1699699881\n|switch|p1a: Grimmsnarl|Grimmsnarl, L50, M|100\/100\n|switch|p2a: Iron Hands|Iron Hands, L50|100\/100\n|turn|5\n|\n|t:|1699699905\n|move|p1a: Grimmsnarl|Parting Shot|p2a: Iron Hands\n|-unboost|p2a: Iron Hands|atk|1\n|-unboost|p2a: Iron Hands|spa|1\n|\n|t:|1699699909\n|switch|p1a: Ogerpon|Ogerpon-Wellspring, L50, F|100\/100|[from] Parting Shot\n|move|p2b: Roaring Moon|Acrobatics|p1b: Sinistcha\n|-damage|p1b: Sinistcha|85\/100\n|move|p2a: Iron Hands|Heavy Slam|p1a: Ogerpon\n|-resisted|p1a: Ogerpon\n|-damage|p1a: Ogerpon|89\/100\n|move|p1b: Sinistcha|Strength Sap|p2a: Iron Hands\n|-unboost|p2a: Iron Hands|atk|1\n|-heal|p1b: Sinistcha|100\/100\n|\n|-damage|p2b: Roaring Moon|8\/100 brn|[from] brn\n|upkeep\n|turn|6\n|-message|Alanine Scanner forfeited.\n|\n|win|cleardaydreaming\n|raw|cleardaydreaming's rating: 1205 &rarr; <strong>1228<\/strong><br \/>(+23 for winning)\n|raw|Alanine Scanner's rating: 1180 &rarr; <strong>1157<\/strong><br \/>(-23 for losing)\n|l|\u2606Alanine Scanner\n","uploadtime":1699699923,"views":22,"p1id":"cleardaydreaming","p2id":"alaninescanner","formatid":"gen9vgc2023regulatione","rating":1157,"private":0,"password":""}