{"id":"gen9vgc2023regulatione-1996512418","p1":"secretstudent","p2":"javichu110","format":"[Gen 9] VGC 2023 Regulation E","log":"|j|\u2606secretstudent\n|j|\u2606javichu110\n|t:|1700689295\n|gametype|doubles\n|player|p1|secretstudent|beauty|1186\n|player|p2|javichu110|dawn|1127\n|teamsize|p1|6\n|teamsize|p2|6\n|gen|9\n|tier|[Gen 9] VGC 2023 Regulation E\n|rated|\n|rule|Species Clause: Limit one of each Pok\u00e9mon\n|rule|Item Clause: Limit one of each item\n|clearpoke\n|poke|p1|Chien-Pao, L50|\n|poke|p1|Amoonguss, L50, M|\n|poke|p1|Hatterene, L50, F|\n|poke|p1|Gyarados, L50, F|\n|poke|p1|Volcarona, L50, M|\n|poke|p1|Ogerpon, L50, F|\n|poke|p2|Cresselia, L50, F|\n|poke|p2|Ursaluna-Bloodmoon, L50, M|\n|poke|p2|Iron Hands, L50|\n|poke|p2|Ogerpon-Wellspring, L50, F|\n|poke|p2|Arcanine-Hisui, L50, M|\n|poke|p2|Flutter Mane, L50|\n|teampreview|4\n|\n|t:|1700689336\n|start\n|switch|p1a: Amoonguss|Amoonguss, L50, M|100\/100\n|switch|p1b: Ogerpon|Ogerpon, L50, F|100\/100\n|switch|p2a: Iron Hands|Iron Hands, L50|100\/100\n|switch|p2b: Arcanine|Arcanine-Hisui, L50, M|100\/100\n|-ability|p2b: Arcanine|Intimidate|boost\n|-unboost|p1a: Amoonguss|atk|1\n|-unboost|p1b: Ogerpon|atk|1\n|-ability|p1b: Ogerpon|Defiant|boost\n|-boost|p1b: Ogerpon|atk|2\n|turn|1\n|inactive|Battle timer is ON: inactive players will automatically lose when time's up. (requested by javichu110)\n|\n|t:|1700689366\n|-terastallize|p1a: Amoonguss|Water\n|move|p2a: Iron Hands|Fake Out|p1b: Ogerpon\n|-damage|p1b: Ogerpon|79\/100\n|move|p1a: Amoonguss|Rage Powder|p1a: Amoonguss\n|-singleturn|p1a: Amoonguss|move: Rage Powder\n|cant|p1b: Ogerpon|flinch\n|move|p2b: Arcanine|Flare Blitz|p1a: Amoonguss\n|-resisted|p1a: Amoonguss\n|-damage|p1a: Amoonguss|77\/100\n|-damage|p2b: Arcanine|92\/100|[from] Recoil\n|\n|upkeep\n|turn|2\n|inactive|secretstudent has 30 seconds left.\n|\n|t:|1700689394\n|move|p1a: Amoonguss|Rage Powder|p1a: Amoonguss\n|-singleturn|p1a: Amoonguss|move: Rage Powder\n|move|p1b: Ogerpon|Stomping Tantrum|p2b: Arcanine\n|-supereffective|p2b: Arcanine\n|-damage|p2b: Arcanine|0 fnt\n|faint|p2b: Arcanine\n|-damage|p1b: Ogerpon|69\/100|[from] item: Life Orb\n|move|p2a: Iron Hands|Wild Charge|p1a: Amoonguss\n|-supereffective|p1a: Amoonguss\n|-damage|p1a: Amoonguss|0 fnt\n|faint|p1a: Amoonguss\n|-damage|p2a: Iron Hands|83\/100|[from] Recoil\n|\n|upkeep\n|\n|t:|1700689410\n|switch|p2b: Cresselia|Cresselia, L50, F|100\/100\n|switch|p1a: Gyarados|Gyarados, L50, F|100\/100\n|-ability|p1a: Gyarados|Intimidate|boost\n|-unboost|p2a: Iron Hands|atk|1\n|-unboost|p2b: Cresselia|atk|1\n|turn|3\n|inactive|secretstudent has 30 seconds left.\n|inactive|secretstudent has 20 seconds left.\n|inactive|secretstudent has 15 seconds left.\n|inactive|secretstudent has 10 seconds left.\n|inactive|secretstudent has 5 seconds left.\n|\n|t:|1700689462\n|move|p1b: Ogerpon|Follow Me|p1b: Ogerpon\n|-singleturn|p1b: Ogerpon|move: Follow Me\n|move|p1a: Gyarados|Thunder Wave|p2b: Cresselia\n|-status|p2b: Cresselia|par\n|move|p2a: Iron Hands|Wild Charge|p1b: Ogerpon\n|-resisted|p1b: Ogerpon\n|-damage|p1b: Ogerpon|46\/100\n|-damage|p2a: Iron Hands|79\/100|[from] Recoil\n|move|p2b: Cresselia|Trick Room|p2b: Cresselia\n|-fieldstart|move: Trick Room|[of] p2b: Cresselia\n|\n|upkeep\n|turn|4\n|inactive|secretstudent has 30 seconds left.\n|inactive|secretstudent has 20 seconds left.\n|inactive|secretstudent has 15 seconds left.\n|inactive|secretstudent has 10 seconds left.\n|inactive|secretstudent has 5 seconds left.\n|\n|t:|1700689517\n|move|p2b: Cresselia|Lunar Blessing|p2b: Cresselia|[spread] p2a,p2b\n|-heal|p2a: Iron Hands|100\/100\n|-curestatus|p2b: Cresselia|par|[msg]\n|move|p2a: Iron Hands|Wild Charge|p1a: Gyarados\n|-supereffective|p1a: Gyarados\n|-damage|p1a: Gyarados|0 fnt\n|faint|p1a: Gyarados\n|-damage|p2a: Iron Hands|83\/100|[from] Recoil\n|move|p1b: Ogerpon|Ivy Cudgel|p2a: Iron Hands\n|-damage|p2a: Iron Hands|14\/100\n|-damage|p1b: Ogerpon|36\/100|[from] item: Life Orb\n|\n|upkeep\n|inactive|secretstudent has 30 seconds left.\n|inactive|secretstudent has 20 seconds left.\n|inactive|secretstudent has 15 seconds left.\n|\n|t:|1700689558\n|switch|p1a: Chien-Pao|Chien-Pao, L50|100\/100\n|-ability|p1a: Chien-Pao|Sword of Ruin\n|turn|5\n|\n|t:|1700689568\n|move|p1a: Chien-Pao|Sucker Punch|p2a: Iron Hands\n|-resisted|p2a: Iron Hands\n|-damage|p2a: Iron Hands|0 fnt\n|faint|p2a: Iron Hands\n|-end|p2a: Iron Hands|Quark Drive|[silent]\n|move|p2b: Cresselia|Psychic|p1b: Ogerpon\n|-damage|p1b: Ogerpon|8\/100\n|move|p1b: Ogerpon|Ivy Cudgel|p2b: Cresselia\n|-damage|p2b: Cresselia|25\/100\n|-damage|p1b: Ogerpon|0 fnt|[from] item: Life Orb\n|faint|p1b: Ogerpon\n|\n|upkeep\n|\n|t:|1700689576\n|switch|p2a: Ogerpon|Ogerpon-Wellspring, L50, F|100\/100\n|turn|6\n|\n|t:|1700689589\n|-terastallize|p2a: Ogerpon|Water\n|detailschange|p2a: Ogerpon|Ogerpon-Wellspring-Tera, L50, F, tera:Water\n|-ability|p2a: Ogerpon|Embody Aspect (Wellspring)|boost\n|-boost|p2a: Ogerpon|spd|1\n|move|p2b: Cresselia|Helping Hand|p2a: Ogerpon\n|-singleturn|p2a: Ogerpon|Helping Hand|[of] p2b: Cresselia\n|move|p2a: Ogerpon|Ivy Cudgel|p1a: Chien-Pao|[anim] Ivy Cudgel Water\n|-crit|p1a: Chien-Pao\n|-enditem|p1a: Chien-Pao|Focus Sash\n|-damage|p1a: Chien-Pao|1\/100\n|move|p1a: Chien-Pao|Sacred Sword|p2a: Ogerpon\n|-damage|p2a: Ogerpon|50\/100\n|\n|upkeep\n|turn|7\n|\n|t:|1700689606\n|move|p2a: Ogerpon|Spiky Shield|p2a: Ogerpon\n|-singleturn|p2a: Ogerpon|move: Protect\n|move|p1a: Chien-Pao|Sucker Punch||[still]\n|-fail|p1a: Chien-Pao\n|move|p2b: Cresselia|Lunar Blessing|p2b: Cresselia|[spread] p2a,p2b\n|-heal|p2a: Ogerpon|75\/100\n|-heal|p2b: Cresselia|50\/100\n|\n|-fieldend|move: Trick Room\n|upkeep\n|turn|8\n|\n|t:|1700689620\n|move|p1a: Chien-Pao|Sucker Punch|p2a: Ogerpon\n|-damage|p2a: Ogerpon|18\/100\n|move|p2a: Ogerpon|Ivy Cudgel|p1a: Chien-Pao|[anim] Ivy Cudgel Water\n|-damage|p1a: Chien-Pao|0 fnt\n|faint|p1a: Chien-Pao\n|\n|win|javichu110\n|raw|secretstudent's rating: 1186 &rarr; <strong>1157<\/strong><br \/>(-29 for losing)\n|raw|javichu110's rating: 1127 &rarr; <strong>1156<\/strong><br \/>(+29 for winning)\n","uploadtime":1700689624,"views":2,"p1id":"secretstudent","p2id":"javichu110","formatid":"gen9vgc2023regulatione","rating":1156,"private":0,"password":""}