{"id":"gen9vgc2023regulatione-1991498469","p1":"CovetousWheat15","p2":"Yabarta","format":"[Gen 9] VGC 2023 Regulation E","log":"|j|\u2606CovetousWheat15\n|j|\u2606Yabarta\n|t:|1700082458\n|gametype|doubles\n|player|p1|CovetousWheat15|101|1332\n|player|p2|Yabarta|cynthia|1407\n|teamsize|p1|6\n|teamsize|p2|6\n|gen|9\n|tier|[Gen 9] VGC 2023 Regulation E\n|rated|\n|rule|Species Clause: Limit one of each Pok\u00e9mon\n|rule|Item Clause: Limit one of each item\n|clearpoke\n|poke|p1|Annihilape, L50, F|\n|poke|p1|Dusclops, L50, F|\n|poke|p1|Azumarill, L50, F|\n|poke|p1|Arcanine, L50, F|\n|poke|p1|Cresselia, L50, F|\n|poke|p1|Ursaluna, L50, M|\n|poke|p2|Sylveon, L50, M|\n|poke|p2|Espeon, L50, F|\n|poke|p2|Flareon, L50, F|\n|poke|p2|Vaporeon, L50, F|\n|poke|p2|Leafeon, L50, F|\n|poke|p2|Umbreon, L50, F|\n|teampreview|4\n|inactive|Battle timer is ON: inactive players will automatically lose when time's up. (requested by CovetousWheat15)\n|inactive|Yabarta also wants the timer to be on.\n|inactive|Yabarta has 60 seconds left.\nCovetousWheat15 has agreed to open team sheets.\n|inactive|Yabarta has 30 seconds left.\n|inactive|Yabarta has 20 seconds left.\n|inactive|Yabarta has 15 seconds left.\n|inactive|Yabarta has 10 seconds left.\n|\n|t:|1700082543\n|start\n|switch|p1a: Cresselia|Cresselia, L50, F|100\/100\n|switch|p1b: Azumarill|Azumarill, L50, F|100\/100\n|switch|p2a: Espeon|Espeon, L50, F|100\/100\n|switch|p2b: Sylveon|Sylveon, L50, M|100\/100\n|turn|1\n|inactive|Yabarta has 30 seconds left.\n|\n|t:|1700082573\n|move|p2a: Espeon|Protect|p2a: Espeon\n|-singleturn|p2a: Espeon|Protect\n|move|p2b: Sylveon|Hyper Voice|p1a: Cresselia|[spread] p1a,p1b\n|-damage|p1a: Cresselia|74\/100\n|-damage|p1b: Azumarill|51\/100\n|move|p1b: Azumarill|Belly Drum|p1b: Azumarill\n|-damage|p1b: Azumarill|1\/100\n|-setboost|p1b: Azumarill|atk|6|[from] move: Belly Drum\n|-enditem|p1b: Azumarill|Sitrus Berry|[eat]\n|-heal|p1b: Azumarill|26\/100|[from] item: Sitrus Berry\n|move|p1a: Cresselia|Trick Room|p1a: Cresselia\n|-fieldstart|move: Trick Room|[of] p1a: Cresselia\n|\n|upkeep\n|turn|2\n|\n|t:|1700082591\n|move|p2b: Sylveon|Protect|p2b: Sylveon\n|-singleturn|p2b: Sylveon|Protect\n|move|p1b: Azumarill|Aqua Jet|p2b: Sylveon\n|-activate|p2b: Sylveon|move: Protect\n|move|p1a: Cresselia|Lunar Blessing|p1a: Cresselia|[spread] p1a,p1b\n|-heal|p1a: Cresselia|99\/100\n|-heal|p1b: Azumarill|50\/100\n|move|p2a: Espeon|Trick Room|p2a: Espeon\n|-fieldend|move: Trick Room\n|\n|upkeep\n|turn|3\n|\n|t:|1700082609\n|switch|p2a: Umbreon|Umbreon, L50, F|100\/100\n|move|p1b: Azumarill|Aqua Jet|p2b: Sylveon\n|-damage|p2b: Sylveon|0 fnt\n|faint|p2b: Sylveon\n|move|p1a: Cresselia|Lunar Blessing|p1a: Cresselia|[spread] p1a,p1b\n|-heal|p1a: Cresselia|100\/100\n|-heal|p1b: Azumarill|75\/100\n|\n|upkeep\n|\n|t:|1700082621\n|switch|p2b: Espeon|Espeon, L50, F|100\/100\n|turn|4\n|\n|t:|1700082631\n|switch|p1a: Annihilape|Annihilape, L50, F|100\/100\n|move|p1b: Azumarill|Aqua Jet|p2a: Umbreon\n|-damage|p2a: Umbreon|28\/100\n|move|p2b: Espeon|Psychic|p1b: Azumarill\n|-damage|p1b: Azumarill|30\/100\n|move|p2a: Umbreon|Foul Play|p1b: Azumarill\n|-resisted|p1b: Azumarill\n|-damage|p1b: Azumarill|0 fnt\n|faint|p1b: Azumarill\n|\n|-heal|p2a: Umbreon|34\/100|[from] item: Leftovers\n|upkeep\n|\n|t:|1700082646\n|switch|p1b: Ursaluna|Ursaluna, L50, M|100\/100\n|turn|5\n|\n|t:|1700082669\n|switch|p2a: Leafeon|Leafeon, L50, F|100\/100\n|move|p2b: Espeon|Psychic|p1b: Ursaluna\n|-damage|p1b: Ursaluna|56\/100\n|-unboost|p1b: Ursaluna|spd|1\n|move|p1a: Annihilape|Bulk Up|p1a: Annihilape\n|-boost|p1a: Annihilape|atk|1\n|-boost|p1a: Annihilape|def|1\n|move|p1b: Ursaluna|Play Rough|p2a: Leafeon\n|-damage|p2a: Leafeon|69\/100\n|-unboost|p2a: Leafeon|atk|1\n|\n|-status|p1b: Ursaluna|brn|[from] item: Flame Orb\n|upkeep\n|turn|6\n|inactive|CovetousWheat15 has 30 seconds left.\n|inactive|Yabarta has 30 seconds left.\n|\n|t:|1700082702\n|switch|p1b: Cresselia|Cresselia, L50, F|100\/100\n|move|p2b: Espeon|Psychic|p1b: Cresselia\n|-resisted|p1b: Cresselia\n|-damage|p1b: Cresselia|89\/100\n|move|p2a: Leafeon|Swords Dance|p2a: Leafeon\n|-boost|p2a: Leafeon|atk|2\n|move|p1a: Annihilape|Rage Fist|p2b: Espeon\n|-supereffective|p2b: Espeon\n|-enditem|p2b: Espeon|Focus Sash\n|-damage|p2b: Espeon|1\/100\n|\n|upkeep\n|turn|7\n|\n|t:|1700082727\n|move|p2b: Espeon|Psychic|p1a: Annihilape\n|-supereffective|p1a: Annihilape\n|-damage|p1a: Annihilape|26\/100\n|-unboost|p1a: Annihilape|spd|1\n|-ability|p1a: Annihilape|Defiant|boost\n|-boost|p1a: Annihilape|atk|2\n|move|p2a: Leafeon|Leaf Blade|p1a: Annihilape\n|-damage|p1a: Annihilape|0 fnt\n|faint|p1a: Annihilape\n|move|p1b: Cresselia|Psyshock|p2b: Espeon\n|-resisted|p2b: Espeon\n|-damage|p2b: Espeon|0 fnt\n|faint|p2b: Espeon\n|\n|upkeep\n|\n|t:|1700082741\n|switch|p2b: Umbreon|Umbreon, L50, F|34\/100\n|switch|p1a: Ursaluna|Ursaluna, L50, M|56\/100 brn\n|turn|8\n|\n|t:|1700082756\n|-terastallize|p1a: Ursaluna|Steel\n|move|p2a: Leafeon|Leaf Blade|p1a: Ursaluna\n|-resisted|p1a: Ursaluna\n|-damage|p1a: Ursaluna|33\/100 brn\n|move|p2b: Umbreon|Thunder Wave|p1b: Cresselia\n|-status|p1b: Cresselia|par\n|move|p1a: Ursaluna|Facade|p2b: Umbreon\n|-damage|p2b: Umbreon|0 fnt\n|faint|p2b: Umbreon\n|cant|p1b: Cresselia|par\n|\n|-damage|p1a: Ursaluna|27\/100 brn|[from] brn\n|upkeep\n|turn|9\n|\n|t:|1700082774\n|-terastallize|p2a: Leafeon|Fire\n|move|p1a: Ursaluna|Protect|p1a: Ursaluna\n|-singleturn|p1a: Ursaluna|Protect\n|move|p2a: Leafeon|Tera Blast|p1a: Ursaluna|[anim] Tera Blast Fire\n|-activate|p1a: Ursaluna|move: Protect\n|move|p1b: Cresselia|Lunar Blessing|p1b: Cresselia|[spread] p1a,p1b\n|-heal|p1a: Ursaluna|52\/100 brn\n|-curestatus|p1a: Ursaluna|brn|[msg]\n|-heal|p1b: Cresselia|100\/100 par\n|-curestatus|p1b: Cresselia|par|[msg]\n|\n|-status|p1a: Ursaluna|brn|[from] item: Flame Orb\n|upkeep\n|turn|10\n|inactive|CovetousWheat15 has 30 seconds left.\n|\n|t:|1700082806\n|move|p1a: Ursaluna|Protect||[still]\n|-fail|p1a: Ursaluna\n|move|p2a: Leafeon|Tera Blast|p1a: Ursaluna|[anim] Tera Blast Fire\n|-supereffective|p1a: Ursaluna\n|-damage|p1a: Ursaluna|0 fnt\n|faint|p1a: Ursaluna\n|move|p1b: Cresselia|Trick Room|p1b: Cresselia\n|-fieldstart|move: Trick Room|[of] p1b: Cresselia\n|\n|upkeep\n|turn|11\n|\n|t:|1700082819\n|move|p2a: Leafeon|Protect|p2a: Leafeon\n|-singleturn|p2a: Leafeon|Protect\n|move|p1b: Cresselia|Psyshock|p2a: Leafeon\n|-activate|p2a: Leafeon|move: Protect\n|\n|upkeep\n|turn|12\n|\n|t:|1700082828\n|move|p1b: Cresselia|Psyshock|p2a: Leafeon\n|-damage|p2a: Leafeon|50\/100\n|move|p2a: Leafeon|Leaf Blade|p1b: Cresselia\n|-damage|p1b: Cresselia|47\/100\n|\n|upkeep\n|turn|13\n|\n|t:|1700082835\n|move|p1b: Cresselia|Lunar Blessing|p1b: Cresselia\n|-heal|p1b: Cresselia|72\/100\n|move|p2a: Leafeon|Leaf Blade|p1b: Cresselia\n|-damage|p1b: Cresselia|26\/100\n|\n|upkeep\n|turn|14\n|\n|t:|1700082844\n|move|p2a: Leafeon|Protect|p2a: Leafeon\n|-singleturn|p2a: Leafeon|Protect\n|move|p1b: Cresselia|Psyshock|p2a: Leafeon\n|-activate|p2a: Leafeon|move: Protect\n|\n|-fieldend|move: Trick Room\n|upkeep\n|turn|15\n|\n|t:|1700082852\n|move|p2a: Leafeon|Leaf Blade|p1b: Cresselia\n|-damage|p1b: Cresselia|0 fnt\n|faint|p1b: Cresselia\n|\n|win|Yabarta\n|raw|CovetousWheat15's rating: 1332 &rarr; <strong>1316<\/strong><br \/>(-16 for losing)\n|raw|Yabarta's rating: 1407 &rarr; <strong>1423<\/strong><br \/>(+16 for winning)\n|c|\u2606Yabarta|gg\n|l|\u2606CovetousWheat15\n","uploadtime":1700082862,"views":18,"p1id":"covetouswheat15","p2id":"yabarta","formatid":"gen9vgc2023regulatione","rating":1316,"private":0,"password":""}