{"id":"gen9vgc2023regulatione-1989391064","p1":"sabre332","p2":"BreadyTorus","format":"[Gen 9] VGC 2023 Regulation E","log":"|j|\u203dsabre332\n|j|\u2606BreadyTorus\n|t:|1699844272\n|gametype|doubles\n|player|p1|sabre332|1|1175\n|player|p2|BreadyTorus|unknown|1109\n|teamsize|p1|6\n|teamsize|p2|6\n|gen|9\n|tier|[Gen 9] VGC 2023 Regulation E\n|rated|\n|rule|Species Clause: Limit one of each Pok\u00e9mon\n|rule|Item Clause: Limit one of each item\n|clearpoke\n|poke|p1|Chimecho, L50, F|\n|poke|p1|Ursaluna-Bloodmoon, L50, M|\n|poke|p1|Heatran, L50, M|\n|poke|p1|Sinistcha-Masterpiece, L50|\n|poke|p1|Iron Hands, L50|\n|poke|p1|Ogerpon-Wellspring, L50, F|\n|poke|p2|Gallade, L50, M|\n|poke|p2|Drifblim, L50, M|\n|poke|p2|Ogerpon-Cornerstone, L50, F|\n|poke|p2|Scream Tail, L50|\n|poke|p2|Chi-Yu, L50|\n|poke|p2|Tornadus, L50, M|\n|teampreview|4\n|\n|t:|1699844334\n|start\n|switch|p1a: Chimecho|Chimecho, L50, F|100\/100\n|switch|p1b: Iron Hands|Iron Hands, L50|100\/100\n|switch|p2a: Blimpie|Drifblim, L50, M|100\/100\n|switch|p2b: Wham-Bam Rock|Ogerpon-Cornerstone, L50, F|100\/100\n|turn|1\n|\n|t:|1699844353\n|-terastallize|p2a: Blimpie|Ground\n|move|p1b: Iron Hands|Fake Out|p2b: Wham-Bam Rock\n|-resisted|p2b: Wham-Bam Rock\n|-damage|p2b: Wham-Bam Rock|90\/100\n|cant|p2b: Wham-Bam Rock|flinch\n|move|p2a: Blimpie|Will-O-Wisp|p1b: Iron Hands|[miss]\n|-miss|p2a: Blimpie|p1b: Iron Hands\n|move|p1a: Chimecho|Trick Room|p1a: Chimecho\n|-fieldstart|move: Trick Room|[of] p1a: Chimecho\n|\n|upkeep\n|turn|2\n|\n|t:|1699844384\n|switch|p1a: Ogerpon|Ogerpon-Wellspring, L50, F|100\/100\n|move|p2b: Wham-Bam Rock|Spiky Shield|p2b: Wham-Bam Rock\n|-singleturn|p2b: Wham-Bam Rock|move: Protect\n|move|p1b: Iron Hands|Drain Punch|p2b: Wham-Bam Rock\n|-activate|p2b: Wham-Bam Rock|move: Protect\n|-damage|p1b: Iron Hands|88\/100|[from] Spiky Shield|[of] p2b: Wham-Bam Rock\n|move|p2a: Blimpie|Shadow Ball|p1a: Ogerpon\n|-damage|p1a: Ogerpon|78\/100\n|\n|upkeep\n|turn|3\n|\n|t:|1699844407\n|move|p1b: Iron Hands|Drain Punch|p2b: Wham-Bam Rock\n|-supereffective|p2b: Wham-Bam Rock\n|-damage|p2b: Wham-Bam Rock|0 fnt\n|-heal|p1b: Iron Hands|100\/100|[from] drain|[of] p2b: Wham-Bam Rock\n|faint|p2b: Wham-Bam Rock\n|move|p2a: Blimpie|Will-O-Wisp|p1b: Iron Hands\n|-status|p1b: Iron Hands|brn\n|move|p1a: Ogerpon|Swords Dance|p1a: Ogerpon\n|-boost|p1a: Ogerpon|atk|2\n|\n|-damage|p1b: Iron Hands|94\/100 brn|[from] brn\n|upkeep\n|\n|t:|1699844428\n|switch|p2b: Helium|Gallade, L50, M|100\/100\n|turn|4\n|\n|t:|1699844443\n|move|p1b: Iron Hands|Wild Charge|p2b: Helium\n|-damage|p2b: Helium|59\/100\n|-damage|p1b: Iron Hands|88\/100 brn|[from] Recoil\n|move|p2b: Helium|Sacred Sword|p1a: Ogerpon\n|-damage|p1a: Ogerpon|0 fnt\n|faint|p1a: Ogerpon\n|move|p2a: Blimpie|Will-O-Wisp|p1b: Iron Hands|[miss]\n|-miss|p2a: Blimpie|p1b: Iron Hands\n|\n|-damage|p1b: Iron Hands|82\/100 brn|[from] brn\n|upkeep\n|\n|t:|1699844453\n|switch|p1a: Ursaluna|Ursaluna-Bloodmoon, L50, M|100\/100\n|turn|5\n|\n|t:|1699844475\n|-terastallize|p1a: Ursaluna|Normal\n|move|p1a: Ursaluna|Hyper Voice|p2a: Blimpie|[spread] p2a,p2b\n|-damage|p2a: Blimpie|37\/100\n|-damage|p2b: Helium|0 fnt\n|faint|p2b: Helium\n|-damage|p1a: Ursaluna|90\/100|[from] item: Life Orb\n|move|p1b: Iron Hands|Wild Charge|p2a: Blimpie\n|-immune|p2a: Blimpie\n|move|p2a: Blimpie|Will-O-Wisp|p1a: Ursaluna|[miss]\n|-miss|p2a: Blimpie|p1a: Ursaluna\n|\n|-damage|p1b: Iron Hands|76\/100 brn|[from] brn\n|-fieldend|move: Trick Room\n|upkeep\n|\n|t:|1699844487\n|switch|p2b: My Fish|Chi-Yu, L50|100\/100\n|-ability|p2b: My Fish|Beads of Ruin\n|turn|6\n|\n|t:|1699844503\n|-end|p1b: Iron Hands|Quark Drive|[silent]\n|switch|p1b: Chimecho|Chimecho, L50, F|100\/100\n|move|p1a: Ursaluna|Protect|p1a: Ursaluna\n|-singleturn|p1a: Ursaluna|Protect\n|move|p2b: My Fish|Heat Wave|p1a: Ursaluna|[spread] \n|-activate|p1a: Ursaluna|move: Protect\n|-miss|p2b: My Fish|p1b: Chimecho\n|move|p2a: Blimpie|Icy Wind|p1a: Ursaluna|[spread] p1b\n|-activate|p1a: Ursaluna|move: Protect\n|-damage|p1b: Chimecho|90\/100\n|-unboost|p1b: Chimecho|spe|1\n|\n|upkeep\n|turn|7\n|\n|t:|1699844523\n|move|p2b: My Fish|Heat Wave|p1b: Chimecho|[spread] p1a,p1b\n|-damage|p1a: Ursaluna|20\/100\n|-damage|p1b: Chimecho|31\/100\n|-damage|p2b: My Fish|91\/100|[from] item: Life Orb\n|move|p2a: Blimpie|Will-O-Wisp|p1a: Ursaluna\n|-status|p1a: Ursaluna|brn\n|move|p1a: Ursaluna|Hyper Voice|p2b: My Fish|[spread] p2a,p2b\n|-damage|p2a: Blimpie|0 fnt\n|-damage|p2b: My Fish|17\/100\n|faint|p2a: Blimpie\n|-damage|p1a: Ursaluna|10\/100 brn|[from] item: Life Orb\n|move|p1b: Chimecho|Trick Room|p1b: Chimecho\n|-fieldstart|move: Trick Room|[of] p1b: Chimecho\n|\n|-damage|p1a: Ursaluna|4\/100 brn|[from] brn\n|upkeep\n|turn|8\n|\n|t:|1699844541\n|move|p1b: Chimecho|Snarl|p2b: My Fish\n|-resisted|p2b: My Fish\n|-damage|p2b: My Fish|11\/100\n|-unboost|p2b: My Fish|spa|1\n|move|p1a: Ursaluna|Hyper Voice|p2b: My Fish\n|-damage|p2b: My Fish|0 fnt\n|faint|p2b: My Fish\n|-damage|p1a: Ursaluna|0 fnt|[from] item: Life Orb\n|faint|p1a: Ursaluna\n|\n|win|sabre332\n|raw|sabre332's rating: 1175 &rarr; <strong>1195<\/strong><br \/>(+20 for winning)\n|raw|BreadyTorus's rating: 1109 &rarr; <strong>1089<\/strong><br \/>(-20 for losing)\n","uploadtime":1699844553,"views":13,"p1id":"sabre332","p2id":"breadytorus","formatid":"gen9vgc2023regulatione","rating":1089,"private":0,"password":""}