{"id":"gen9vgc2023regulatione-2000103503","p1":"Mentalsyndrome","p2":"DJWelzer","format":"[Gen 9] VGC 2023 Regulation E","log":"|j|\u2606Mentalsyndrome\n|j|\u2606DJWelzer\n|t:|1701155405\n|gametype|doubles\n|player|p1|Mentalsyndrome|byron|1038\n|player|p2|DJWelzer|giovanni|1105\n|teamsize|p1|6\n|teamsize|p2|6\n|gen|9\n|tier|[Gen 9] VGC 2023 Regulation E\n|rated|\n|rule|Species Clause: Limit one of each Pok\u00e9mon\n|rule|Item Clause: Limit one of each item\n|clearpoke\n|poke|p1|Tornadus, L50, M|\n|poke|p1|Zapdos, L50|\n|poke|p1|Tinkaton, L50, F|\n|poke|p1|Arbok, L50, F|\n|poke|p1|Breloom, L50, F|\n|poke|p1|Lucario, L50, M|\n|poke|p2|Iron Valiant, L50|\n|poke|p2|Empoleon, L50, F|\n|poke|p2|Dragonite, L50, M|\n|poke|p2|Arcanine-Hisui, L50, F|\n|poke|p2|Cetitan, L50, M|\n|poke|p2|Kingambit, L50, F|\n|teampreview|4\n|\n|t:|1701155422\n|start\n|switch|p1a: Tornadus|Tornadus, L50, M|100\/100\n|switch|p1b: Breloom|Breloom, L50, F|100\/100\n|switch|p2a: Empoleon|Empoleon, L50, F, shiny|100\/100\n|switch|p2b: Arcanine|Arcanine-Hisui, L50, F, shiny|100\/100\n|-ability|p2b: Arcanine|Intimidate|boost\n|-unboost|p1a: Tornadus|atk|1\n|-unboost|p1b: Breloom|atk|1\n|turn|1\n|\n|t:|1701155433\n|move|p1a: Tornadus|Tailwind|p1a: Tornadus\n|-sidestart|p1: Mentalsyndrome|move: Tailwind\n|move|p1b: Breloom|Spore|p2b: Arcanine\n|-status|p2b: Arcanine|slp|[from] move: Spore\n|move|p2a: Empoleon|Ice Beam|p1b: Breloom\n|-supereffective|p1b: Breloom\n|-enditem|p1b: Breloom|Focus Sash\n|-damage|p1b: Breloom|1\/100\n|-status|p1b: Breloom|frz\n|cant|p2b: Arcanine|slp\n|\n|upkeep\n|turn|2\n|\n|t:|1701155443\n|move|p1a: Tornadus|Protect|p1a: Tornadus\n|-singleturn|p1a: Tornadus|Protect\n|cant|p1b: Breloom|frz\n|move|p2a: Empoleon|Ice Beam|p1a: Tornadus\n|-activate|p1a: Tornadus|move: Protect\n|cant|p2b: Arcanine|slp\n|\n|upkeep\n|turn|3\n|c|\u2606Mentalsyndrome|:<\n|c|\u2606DJWelzer|yea\n|\n|t:|1701155464\n|move|p1a: Tornadus|Bleakwind Storm|p2b: Arcanine|[spread] p2a,p2b\n|-resisted|p2a: Empoleon\n|-resisted|p2b: Arcanine\n|-damage|p2a: Empoleon|82\/100\n|-damage|p2b: Arcanine|80\/100 slp\n|-unboost|p2b: Arcanine|spe|1\n|cant|p1b: Breloom|frz\n|move|p2a: Empoleon|Ice Beam|p1a: Tornadus\n|-supereffective|p1a: Tornadus\n|-damage|p1a: Tornadus|34\/100\n|cant|p2b: Arcanine|slp\n|\n|upkeep\n|turn|4\n|\n|t:|1701155486\n|move|p1a: Tornadus|Protect|p1a: Tornadus\n|-singleturn|p1a: Tornadus|Protect\n|cant|p1b: Breloom|frz\n|move|p2a: Empoleon|Ice Beam|p1b: Breloom\n|-supereffective|p1b: Breloom\n|-damage|p1b: Breloom|0 fnt\n|faint|p1b: Breloom\n|-curestatus|p2b: Arcanine|slp|[msg]\n|move|p2b: Arcanine|Rock Slide|p1a: Tornadus\n|-activate|p1a: Tornadus|move: Protect\n|\n|-sideend|p1: Mentalsyndrome|move: Tailwind\n|upkeep\n|c|\u2606Mentalsyndrome|Unfortunate lol\n|c|\u2606DJWelzer|:)\n|c|\u2606DJWelzer|lol\n|\n|t:|1701155507\n|switch|p1b: Lucario|Lucario, L50, M|100\/100\n|turn|5\n|\n|t:|1701155516\n|move|p1a: Tornadus|Tailwind|p1a: Tornadus\n|-sidestart|p1: Mentalsyndrome|move: Tailwind\n|move|p1b: Lucario|Earthquake|p2a: Empoleon|[spread] p2a,p2b\n|-immune|p1a: Tornadus\n|-supereffective|p2a: Empoleon\n|-supereffective|p2b: Arcanine\n|-damage|p2a: Empoleon|4\/100\n|-damage|p2b: Arcanine|0 fnt\n|faint|p2b: Arcanine\n|-damage|p1b: Lucario|91\/100|[from] item: Life Orb\n|move|p2a: Empoleon|Ice Beam|p1a: Tornadus\n|-supereffective|p1a: Tornadus\n|-damage|p1a: Tornadus|0 fnt\n|faint|p1a: Tornadus\n|\n|upkeep\n|\n|t:|1701155525\n|switch|p1a: Arbok|Arbok, L50, F|100\/100\n|switch|p2b: Cetitan|Cetitan, L50, M|100\/100\n|-ability|p1a: Arbok|Intimidate|boost\n|-unboost|p2a: Empoleon|atk|1\n|-ability|p2a: Empoleon|Competitive|boost\n|-boost|p2a: Empoleon|spa|2\n|-unboost|p2b: Cetitan|atk|1\n|turn|6\n|\n|t:|1701155539\n|move|p1a: Arbok|Sucker Punch|p2a: Empoleon\n|-damage|p2a: Empoleon|0 fnt\n|faint|p2a: Empoleon\n|move|p1b: Lucario|Bulk Up|p1b: Lucario\n|-boost|p1b: Lucario|atk|1\n|-boost|p1b: Lucario|def|1\n|move|p2b: Cetitan|Stomping Tantrum|p1b: Lucario\n|-supereffective|p1b: Lucario\n|-damage|p1b: Lucario|58\/100\n|\n|upkeep\n|\n|t:|1701155542\n|switch|p2a: Iron Valiant|Iron Valiant, L50, shiny|100\/100\n|-enditem|p2a: Iron Valiant|Booster Energy\n|-activate|p2a: Iron Valiant|ability: Quark Drive|[fromitem]\n|-start|p2a: Iron Valiant|quarkdrivespe\n|turn|7\n|\n|t:|1701155563\n|-terastallize|p2a: Iron Valiant|Steel\n|move|p2a: Iron Valiant|Spirit Break|p1b: Lucario\n|-damage|p1b: Lucario|17\/100\n|-unboost|p1b: Lucario|spa|1\n|move|p1b: Lucario|Drain Punch|p2b: Cetitan\n|-supereffective|p2b: Cetitan\n|-damage|p2b: Cetitan|0 fnt\n|-heal|p1b: Lucario|100\/100|[from] drain|[of] p2b: Cetitan\n|faint|p2b: Cetitan\n|-damage|p1b: Lucario|91\/100|[from] item: Life Orb\n|move|p1a: Arbok|Glare|p2a: Iron Valiant\n|-status|p2a: Iron Valiant|par\n|\n|upkeep\n|turn|8\n|c|\u2606DJWelzer|darn\n|c|\u2606DJWelzer|gg\n|\n|t:|1701155584\n|move|p1a: Arbok|Sucker Punch|p2a: Iron Valiant\n|-damage|p2a: Iron Valiant|77\/100 par\n|move|p1b: Lucario|Drain Punch|p2a: Iron Valiant\n|-supereffective|p2a: Iron Valiant\n|-damage|p2a: Iron Valiant|0 fnt\n|-heal|p1b: Lucario|100\/100|[from] drain|[of] p2a: Iron Valiant\n|faint|p2a: Iron Valiant\n|-end|p2a: Iron Valiant|Quark Drive|[silent]\n|-damage|p1b: Lucario|91\/100|[from] item: Life Orb\n|\n|win|Mentalsyndrome\n|raw|Mentalsyndrome's rating: 1038 &rarr; <strong>1079<\/strong><br \/>(+41 for winning)\n|raw|DJWelzer's rating: 1105 &rarr; <strong>1075<\/strong><br \/>(-30 for losing)\n|l|\u2606DJWelzer\n|c|\u2606Mentalsyndrome|Gg\n","uploadtime":1701155614,"views":3,"p1id":"mentalsyndrome","p2id":"djwelzer","formatid":"gen9vgc2023regulatione","rating":1075,"private":0,"password":""}