{"id":"gen9vgc2023regulatione-1993880272","p1":"DCTChampion","p2":"SJSU Esports","format":"[Gen 9] VGC 2023 Regulation E","log":"|j|\u2606DCTChampion\n|j|\u2606SJSU Esports\n|n|\u2606DCTChampion|dctchampion\n|n|\u2606SJSU Esports|sjsuesports\n|html|View the match progress at <a href=\"\/game-bestof3-gen9vgc2023regulatione-1993880271\">game-bestof3-gen9vgc2023regulatione-1993880271<\/a>\n|t:|1700369274\n|gametype|doubles\n|player|p1|DCTChampion|2|\n|player|p2|SJSU Esports|266|\n|teamsize|p1|6\n|teamsize|p2|6\n|gen|9\n|tier|[Gen 9] VGC 2023 Regulation E\n|rule|Species Clause: Limit one of each Pok\u00e9mon\n|rule|Item Clause: Limit one of each item\n|clearpoke\n|poke|p1|Ogerpon-Wellspring, L50, F|\n|poke|p1|Zapdos, L50|\n|poke|p1|Roaring Moon, L50|\n|poke|p1|Cresselia, L50, F|\n|poke|p1|Weezing-Galar, L50, F|\n|poke|p1|Dragapult, L50, F|\n|poke|p2|Landorus, L50, M|\n|poke|p2|Palafin, L50, F|\n|poke|p2|Skeledirge, L50, M|\n|poke|p2|Regieleki, L50|\n|poke|p2|Brute Bonnet, L50|\n|poke|p2|Illumise, L50, F|\n|teampreview|4\nDCTChampion has agreed to open team sheets.\nSJSU Esports has agreed to open team sheets.\n|showteam|p1|Ogerpon-Wellspring||WellspringMask|WaterAbsorb|IvyCudgel,HornLeech,Uturn,SpikyShield|||F|||50|,,,,,Water]Zapdos||SitrusBerry|Static|Thunder,Hurricane,WeatherBall,Roost||||||50|,,,,,Water]Roaring Moon||BoosterEnergy|Protosynthesis|DragonDance,Acrobatics,DragonClaw,BrickBreak||||||50|,,,,,Flying]Cresselia||Leftovers|Levitate|Thunderbolt,IceBeam,CalmMind,Moonlight|||F|||50|,,,,,Electric]Weezing-Galar||BlackSludge|Levitate|WillOWisp,Taunt,SludgeBomb,Thunderbolt|||F|||50|,,,,,Poison]Dragapult||LightClay|Infiltrator|LightScreen,Reflect,DragonDarts,Uturn|||F|||50|,,,,,Dragon\n|showteam|p2|Landorus||ChoiceScarf|SheerForce|SandsearStorm,EarthPower,Psychic,SludgeBomb|||M|||50|,,,,,Psychic]Palafin||EjectPack|ZerotoHero|JetPunch,CloseCombat,WaveCrash,Protect|||F|||50|,,,,,Water]Skeledirge||AssaultVest|Unaware|TorchSong,ShadowBall,FireBlast,EarthPower|||M|||50|,,,,,Fairy]Regieleki||LifeOrb|Transistor|ThunderCage,TeraBlast,Thunder,Protect||||||50|,,,,,Ice]Brute Bonnet||LoadedDice|Protosynthesis|BulletSeed,Spore,SuckerPunch,RagePowder||||||50|,,,,,Poison]Illumise||FocusSash|Prankster|Charm,ThunderWave,LightScreen,Tailwind|||F|||50|,,,,,Bug\n|j| VPFlounder\n|l| VPFlounder\n|j| SilentHubba\n|\n|t:|1700369468\n|start\n|switch|p1a: Zapdos|Zapdos, L50|100\/100\n|switch|p1b: Dragapult|Dragapult, L50, F|100\/100\n|switch|p2a: Palafin|Palafin, L50, F|100\/100\n|switch|p2b: Illumise|Illumise, L50, F|100\/100\n|turn|1\n|\n|t:|1700369493\n|move|p2b: Illumise|Tailwind|p2b: Illumise\n|-sidestart|p2: SJSU Esports|move: Tailwind\n|move|p2a: Palafin|Close Combat|p1a: Zapdos\n|-resisted|p1a: Zapdos\n|-damage|p1a: Zapdos|82\/100\n|-unboost|p2a: Palafin|def|1\n|-unboost|p2a: Palafin|spd|1\n|-enditem|p2a: Palafin|Eject Pack\n|\n|t:|1700369501\n|detailschange|p2a: Palafin|Palafin-Hero, L50, F\n|switch|p2a: Landorus|Landorus, L50, M|100\/100\n|move|p1b: Dragapult|Reflect|p1b: Dragapult\n|-sidestart|p1: DCTChampion|Reflect\n|move|p1a: Zapdos|Thunder|p2a: Landorus\n|-immune|p2a: Landorus\n|\n|upkeep\n|turn|2\n|\n|t:|1700369536\n|move|p2b: Illumise|Thunder Wave|p1b: Dragapult\n|-status|p1b: Dragapult|par\n|move|p2a: Landorus|Sandsear Storm|p1b: Dragapult|[spread] p1b\n|-immune|p1a: Zapdos\n|-damage|p1b: Dragapult|43\/100 par\n|move|p1a: Zapdos|Hurricane|p2b: Illumise\n|-supereffective|p2b: Illumise\n|-enditem|p2b: Illumise|Focus Sash\n|-damage|p2b: Illumise|1\/100\n|move|p1b: Dragapult|Light Screen|p1b: Dragapult\n|-sidestart|p1: DCTChampion|move: Light Screen\n|\n|upkeep\n|turn|3\n|\n|t:|1700369560\n|move|p2b: Illumise|Light Screen|p2b: Illumise\n|-sidestart|p2: SJSU Esports|move: Light Screen\n|move|p2a: Landorus|Sandsear Storm|p1b: Dragapult|[spread] p1b\n|-immune|p1a: Zapdos\n|-damage|p1b: Dragapult|4\/100 par\n|move|p1a: Zapdos|Weather Ball|p2b: Illumise\n|-damage|p2b: Illumise|0 fnt\n|faint|p2b: Illumise\n|move|p1b: Dragapult|U-turn|p2a: Landorus\n|-resisted|p2a: Landorus\n|-damage|p2a: Landorus|86\/100\n|\n|t:|1700369585\n|switch|p1b: Cresselia|Cresselia, L50, F|100\/100|[from] U-turn\n|\n|upkeep\n|\n|t:|1700369595\n|switch|p2b: Brute Bonnet|Brute Bonnet, L50|100\/100\n|turn|4\n|\n|t:|1700369638\n|switch|p2a: Palafin|Palafin-Hero, L50, F|100\/100\n|-activate|p2a: Palafin|ability: Zero to Hero\n|-terastallize|p1b: Cresselia|Electric\n|move|p1a: Zapdos|Hurricane|p2b: Brute Bonnet\n|-supereffective|p2b: Brute Bonnet\n|-damage|p2b: Brute Bonnet|49\/100\n|move|p2b: Brute Bonnet|Spore|p1a: Zapdos\n|-status|p1a: Zapdos|slp|[from] move: Spore\n|move|p1b: Cresselia|Calm Mind|p1b: Cresselia\n|-boost|p1b: Cresselia|spa|1\n|-boost|p1b: Cresselia|spd|1\n|\n|-sideend|p2: SJSU Esports|move: Tailwind\n|upkeep\n|turn|5\n|\n|t:|1700369701\n|switch|p1a: Dragapult|Dragapult, L50, F|4\/100 par\n|switch|p2a: Landorus|Landorus, L50, M|86\/100\n|move|p1b: Cresselia|Ice Beam|p2b: Brute Bonnet\n|-supereffective|p2b: Brute Bonnet\n|-damage|p2b: Brute Bonnet|23\/100\n|move|p2b: Brute Bonnet|Bullet Seed|p1b: Cresselia\n|-damage|p1b: Cresselia|96\/100\n|-damage|p1b: Cresselia|91\/100\n|-damage|p1b: Cresselia|87\/100\n|-crit|p1b: Cresselia\n|-damage|p1b: Cresselia|76\/100\n|-damage|p1b: Cresselia|71\/100\n|-hitcount|p1b: Cresselia|5\n|\n|-heal|p1b: Cresselia|78\/100|[from] item: Leftovers\n|upkeep\n|turn|6\n|\n|t:|1700369749\n|-terastallize|p2a: Landorus|Psychic\n|move|p2b: Brute Bonnet|Sucker Punch|p1a: Dragapult\n|-supereffective|p1a: Dragapult\n|-damage|p1a: Dragapult|0 fnt\n|faint|p1a: Dragapult\n|move|p2a: Landorus|Psychic|p1b: Cresselia\n|-damage|p1b: Cresselia|57\/100\n|move|p1b: Cresselia|Ice Beam|p2a: Landorus\n|-damage|p2a: Landorus|68\/100\n|-status|p2a: Landorus|frz\n|\n|-heal|p1b: Cresselia|63\/100|[from] item: Leftovers\n|upkeep\n|\n|t:|1700369771\n|switch|p1a: Ogerpon|Ogerpon-Wellspring, L50, F|100\/100\n|turn|7\n|\n|t:|1700369800\n|move|p2b: Brute Bonnet|Sucker Punch|p1a: Ogerpon\n|-damage|p1a: Ogerpon|68\/100\n|cant|p2a: Landorus|frz\n|move|p1a: Ogerpon|U-turn|p2b: Brute Bonnet\n|-supereffective|p2b: Brute Bonnet\n|-damage|p2b: Brute Bonnet|0 fnt\n|faint|p2b: Brute Bonnet\n|-end|p2b: Brute Bonnet|Protosynthesis|[silent]\n|\n|t:|1700369808\n|switch|p1a: Zapdos|Zapdos, L50|82\/100 slp|[from] U-turn\n|move|p1b: Cresselia|Moonlight|p1b: Cresselia\n|-heal|p1b: Cresselia|100\/100\n|\n|-sideend|p2: SJSU Esports|move: Light Screen\n|upkeep\n|\n|t:|1700369814\n|switch|p2b: Palafin|Palafin-Hero, L50, F|100\/100\n|turn|8\n|\n|t:|1700369843\n|-curestatus|p2a: Landorus|frz|[msg]\n|move|p2a: Landorus|Psychic|p1b: Cresselia\n|-damage|p1b: Cresselia|82\/100\n|cant|p1a: Zapdos|slp\n|move|p2b: Palafin|Wave Crash|p1b: Cresselia\n|-damage|p1b: Cresselia|54\/100\n|-damage|p2b: Palafin|88\/100|[from] Recoil\n|move|p1b: Cresselia|Thunderbolt|p2b: Palafin\n|-supereffective|p2b: Palafin\n|-damage|p2b: Palafin|10\/100\n|\n|-heal|p1b: Cresselia|60\/100|[from] item: Leftovers\n|-sideend|p1: DCTChampion|Reflect\n|upkeep\n|turn|9\n|\n|t:|1700369880\n|move|p2a: Landorus|Psychic|p1a: Zapdos\n|-damage|p1a: Zapdos|29\/100 slp\n|-enditem|p1a: Zapdos|Sitrus Berry|[eat]\n|-heal|p1a: Zapdos|54\/100 slp|[from] item: Sitrus Berry\n|-curestatus|p1a: Zapdos|slp|[msg]\n|move|p1a: Zapdos|Weather Ball|p2b: Palafin\n|-damage|p2b: Palafin|0 fnt\n|faint|p2b: Palafin\n|move|p1b: Cresselia|Thunderbolt|p2a: Landorus\n|-damage|p2a: Landorus|22\/100\n|\n|-heal|p1b: Cresselia|67\/100|[from] item: Leftovers\n|-sideend|p1: DCTChampion|move: Light Screen\n|upkeep\n|turn|10\n|\n|t:|1700369899\n|move|p2a: Landorus|Psychic|p1a: Zapdos\n|-damage|p1a: Zapdos|0 fnt\n|faint|p1a: Zapdos\n|move|p1b: Cresselia|Thunderbolt|p2a: Landorus\n|-damage|p2a: Landorus|0 fnt\n|faint|p2a: Landorus\n|\n|win|DCTChampion\n|c|&|\/uhtml prompt-sjsuesports,SJSU Esports is ready for game 2!\n|inactive|DCTChampion has 50 seconds to confirm battle start!\n","uploadtime":1700369907,"views":30,"p1id":"dctchampion","p2id":"sjsuesports","formatid":"gen9vgc2023regulatione","rating":0,"private":0,"password":""}