{"id":"gen9vgc2023regulatione-1989556382","p1":"Ewesoak","p2":"Yhdessa","format":"[Gen 9] VGC 2023 Regulation E","log":"|j|\u2606Ewesoak\n|j|\u2606Yhdessa\n|t:|1699870739\n|gametype|doubles\n|player|p1|Ewesoak|101|1130\n|player|p2|Yhdessa|lance|1106\n|teamsize|p1|6\n|teamsize|p2|6\n|gen|9\n|tier|[Gen 9] VGC 2023 Regulation E\n|rated|\n|rule|Species Clause: Limit one of each Pok\u00e9mon\n|rule|Item Clause: Limit one of each item\n|clearpoke\n|poke|p1|Rillaboom, L50, F|\n|poke|p1|Arcanine-Hisui, L50, M|\n|poke|p1|Urshifu-*, L50, F|\n|poke|p1|Amoonguss, L50, M|\n|poke|p1|Iron Bundle, L50|\n|poke|p1|Chi-Yu, L50|\n|poke|p2|Politoed, L50, F|\n|poke|p2|Hariyama, L50, M|\n|poke|p2|Dusclops, L50, M|\n|poke|p2|Vikavolt, L50, M|\n|poke|p2|Amoonguss, L50, F|\n|poke|p2|Cresselia, L50, F|\n|teampreview|4\n|\n|t:|1699870765\n|start\n|switch|p1a: Iron Bundle|Iron Bundle, L50|100\/100\n|switch|p1b: Amoonguss|Amoonguss, L50, M|100\/100\n|switch|p2a: Dusclops|Dusclops, L50, M|100\/100\n|switch|p2b: Master Ball?!?!|Amoonguss, L50, F, shiny|100\/100\n|-ability|p2a: Dusclops|Pressure\n|-enditem|p1a: Iron Bundle|Booster Energy\n|-activate|p1a: Iron Bundle|ability: Quark Drive|[fromitem]\n|-start|p1a: Iron Bundle|quarkdrivespe\n|turn|1\n|\n|t:|1699870784\n|switch|p2b: Cresselia|Cresselia, L50, F, shiny|100\/100\n|move|p1a: Iron Bundle|Protect|p1a: Iron Bundle\n|-singleturn|p1a: Iron Bundle|Protect\n|move|p1b: Amoonguss|Spore|p2a: Dusclops\n|-status|p2a: Dusclops|slp|[from] move: Spore\n|cant|p2a: Dusclops|slp\n|\n|upkeep\n|turn|2\n|\n|t:|1699870800\n|move|p1a: Iron Bundle|Freeze-Dry|p2a: Dusclops\n|-damage|p2a: Dusclops|75\/100 slp\n|move|p2b: Cresselia|Lunar Blessing|p2b: Cresselia|[spread] p2a,p2b\n|-heal|p2a: Dusclops|99\/100 slp\n|-curestatus|p2a: Dusclops|slp|[msg]\n|move|p1b: Amoonguss|Spore|p2b: Cresselia\n|-status|p2b: Cresselia|slp|[from] move: Spore\n|move|p2a: Dusclops|Trick Room|p2a: Dusclops\n|-fieldstart|move: Trick Room|[of] p2a: Dusclops\n|\n|upkeep\n|turn|3\n|\n|t:|1699870821\n|move|p2a: Dusclops|Will-O-Wisp|p1b: Amoonguss\n|-status|p1b: Amoonguss|brn\n|move|p1b: Amoonguss|Spore|p2a: Dusclops\n|-status|p2a: Dusclops|slp|[from] move: Spore\n|cant|p2b: Cresselia|slp\n|move|p1a: Iron Bundle|Encore|p2a: Dusclops\n|-start|p2a: Dusclops|Encore\n|\n|-damage|p1b: Amoonguss|95\/100 brn|[from] brn\n|upkeep\n|turn|4\n|\n|t:|1699870847\n|switch|p2a: Tubbz|Hariyama, L50, M|100\/100\n|switch|p1b: Urshifu|Urshifu-Rapid-Strike, L50, F|100\/100\n|switch|p2b: Master Ball?!?!|Amoonguss, L50, F, shiny|100\/100\n|move|p1a: Iron Bundle|Freeze-Dry|p2a: Tubbz\n|-damage|p2a: Tubbz|69\/100\n|\n|upkeep\n|turn|5\n|\n|t:|1699870862\n|move|p1b: Urshifu|Detect|p1b: Urshifu\n|-singleturn|p1b: Urshifu|Protect\n|move|p1a: Iron Bundle|Protect|p1a: Iron Bundle\n|-singleturn|p1a: Iron Bundle|Protect\n|move|p2b: Master Ball?!?!|Rage Powder|p2b: Master Ball?!?!\n|-singleturn|p2b: Master Ball?!?!|move: Rage Powder\n|move|p2a: Tubbz|Belly Drum|p2a: Tubbz\n|-damage|p2a: Tubbz|19\/100\n|-setboost|p2a: Tubbz|atk|6|[from] move: Belly Drum\n|-enditem|p2a: Tubbz|Sitrus Berry|[eat]\n|-heal|p2a: Tubbz|44\/100|[from] item: Sitrus Berry\n|\n|upkeep\n|turn|6\n|\n|t:|1699870894\n|switch|p1b: Rillaboom|Rillaboom, L50, F|100\/100\n|-fieldstart|move: Grassy Terrain|[from] ability: Grassy Surge|[of] p1b: Rillaboom\n|-end|p1a: Iron Bundle|Quark Drive|[silent]\n|switch|p1a: Amoonguss|Amoonguss, L50, M|100\/100 brn\n|move|p2b: Master Ball?!?!|Pollen Puff|p2a: Tubbz\n|-heal|p2a: Tubbz|94\/100\n|move|p2a: Tubbz|Knock Off|p1b: Rillaboom\n|-damage|p1b: Rillaboom|0 fnt\n|-enditem|p1b: Rillaboom|Assault Vest|[from] move: Knock Off|[of] p2a: Tubbz\n|faint|p1b: Rillaboom\n|\n|-heal|p2a: Tubbz|99\/100|[from] Grassy Terrain\n|-damage|p1a: Amoonguss|95\/100 brn|[from] brn\n|-fieldend|move: Trick Room\n|upkeep\n|\n|t:|1699870917\n|switch|p1b: Iron Bundle|Iron Bundle, L50|100\/100\n|turn|7\n|\n|t:|1699870932\n|move|p2b: Master Ball?!?!|Rage Powder|p2b: Master Ball?!?!\n|-singleturn|p2b: Master Ball?!?!|move: Rage Powder\n|move|p1b: Iron Bundle|Encore|p2b: Master Ball?!?!\n|-start|p2b: Master Ball?!?!|Encore\n|move|p1a: Amoonguss|Spore|p2a: Tubbz\n|-status|p2a: Tubbz|slp|[from] move: Spore\n|cant|p2a: Tubbz|slp\n|\n|-heal|p1a: Amoonguss|100\/100 brn|[from] Grassy Terrain\n|-heal|p2a: Tubbz|100\/100 slp|[from] Grassy Terrain\n|-damage|p1a: Amoonguss|95\/100 brn|[from] brn\n|upkeep\n|turn|8\n|\n|t:|1699870950\n|switch|p1a: Urshifu|Urshifu-Rapid-Strike, L50, F|100\/100\n|switch|p2b: Cresselia|Cresselia, L50, F, shiny|100\/100 slp\n|move|p1b: Iron Bundle|Chilling Water|p2a: Tubbz\n|-damage|p2a: Tubbz|77\/100 slp\n|-unboost|p2a: Tubbz|atk|1\n|-curestatus|p2a: Tubbz|slp|[msg]\n|move|p2a: Tubbz|Knock Off|p1a: Urshifu\n|-resisted|p1a: Urshifu\n|-damage|p1a: Urshifu|35\/100\n|-enditem|p1a: Urshifu|Life Orb|[from] move: Knock Off|[of] p2a: Tubbz\n|\n|-heal|p1a: Urshifu|41\/100|[from] Grassy Terrain\n|-heal|p2a: Tubbz|83\/100|[from] Grassy Terrain\n|upkeep\n|turn|9\n|\n|t:|1699870973\n|-terastallize|p1a: Urshifu|Water\n|move|p2a: Tubbz|Bullet Punch|p1a: Urshifu\n|-resisted|p1a: Urshifu\n|-damage|p1a: Urshifu|16\/100\n|move|p1b: Iron Bundle|Freeze-Dry|p2a: Tubbz\n|-damage|p2a: Tubbz|52\/100\n|move|p1a: Urshifu|Surging Strikes|p2a: Tubbz\n|-crit|p2a: Tubbz\n|-damage|p2a: Tubbz|18\/100\n|-crit|p2a: Tubbz\n|-damage|p2a: Tubbz|0 fnt\n|faint|p2a: Tubbz\n|-hitcount|p2: Tubbz|2\n|cant|p2b: Cresselia|slp\n|\n|-heal|p1a: Urshifu|22\/100|[from] Grassy Terrain\n|upkeep\n|\n|t:|1699870989\n|switch|p2a: Dusclops|Dusclops, L50, M|99\/100 slp\n|-ability|p2a: Dusclops|Pressure\n|turn|10\n|\n|t:|1699870999\n|move|p1b: Iron Bundle|Freeze-Dry|p2a: Dusclops\n|-damage|p2a: Dusclops|76\/100 slp\n|move|p1a: Urshifu|Surging Strikes|p2a: Dusclops\n|-crit|p2a: Dusclops\n|-damage|p2a: Dusclops|57\/100 slp\n|-crit|p2a: Dusclops\n|-damage|p2a: Dusclops|38\/100 slp\n|-crit|p2a: Dusclops\n|-damage|p2a: Dusclops|19\/100 slp\n|-hitcount|p2a: Dusclops|3\n|-curestatus|p2b: Cresselia|slp|[msg]\n|move|p2b: Cresselia|Lunar Blessing|p2b: Cresselia|[spread] p2a,p2b\n|-heal|p2a: Dusclops|44\/100 slp\n|-curestatus|p2a: Dusclops|slp|[msg]\n|move|p2a: Dusclops|Night Shade|p1a: Urshifu\n|-damage|p1a: Urshifu|0 fnt\n|faint|p1a: Urshifu\n|\n|-heal|p2a: Dusclops|50\/100|[from] Grassy Terrain\n|-fieldend|move: Grassy Terrain\n|upkeep\n|\n|t:|1699871019\n|switch|p1a: Amoonguss|Amoonguss, L50, M|100\/100 brn\n|turn|11\n|\n|t:|1699871030\n|move|p2a: Dusclops|Helping Hand|p2b: Cresselia\n|-singleturn|p2b: Cresselia|Helping Hand|[of] p2a: Dusclops\n|move|p1b: Iron Bundle|Encore|p2b: Cresselia\n|-start|p2b: Cresselia|Encore\n|move|p2b: Cresselia|Lunar Blessing|p2b: Cresselia|[spread] p2a,p2b\n|-heal|p2a: Dusclops|75\/100\n|move|p1a: Amoonguss|Spore|p2a: Dusclops\n|-status|p2a: Dusclops|slp|[from] move: Spore\n|\n|-damage|p1a: Amoonguss|95\/100 brn|[from] brn\n|upkeep\n|turn|12\n|\n|t:|1699871052\n|move|p1b: Iron Bundle|Freeze-Dry|p2a: Dusclops\n|-damage|p2a: Dusclops|50\/100 slp\n|move|p2b: Cresselia|Lunar Blessing|p2b: Cresselia|[spread] p2a,p2b\n|-heal|p2a: Dusclops|75\/100 slp\n|-curestatus|p2a: Dusclops|slp|[msg]\n|move|p1a: Amoonguss|Pollen Puff|p2a: Dusclops\n|-resisted|p2a: Dusclops\n|-damage|p2a: Dusclops|68\/100\n|move|p2a: Dusclops|Night Shade|p1a: Amoonguss\n|-damage|p1a: Amoonguss|72\/100 brn\n|\n|-damage|p1a: Amoonguss|66\/100 brn|[from] brn\n|upkeep\n|turn|13\n|\n|t:|1699871086\n|move|p1b: Iron Bundle|Freeze-Dry|p2a: Dusclops\n|-damage|p2a: Dusclops|44\/100\n|move|p2b: Cresselia|Lunar Blessing|p2b: Cresselia|[spread] p2a,p2b\n|-heal|p2a: Dusclops|69\/100\n|move|p1a: Amoonguss|Spore|p2b: Cresselia\n|-status|p2b: Cresselia|slp|[from] move: Spore\n|move|p2a: Dusclops|Trick Room|p2a: Dusclops\n|-fieldstart|move: Trick Room|[of] p2a: Dusclops\n|\n|-damage|p1a: Amoonguss|60\/100 brn|[from] brn\n|-end|p2b: Cresselia|Encore\n|upkeep\n|turn|14\n|\n|t:|1699871103\n|switch|p2b: Master Ball?!?!|Amoonguss, L50, F, shiny|100\/100\n|move|p2a: Dusclops|Night Shade|p1a: Amoonguss\n|-damage|p1a: Amoonguss|38\/100 brn\n|move|p1a: Amoonguss|Spore|p2a: Dusclops\n|-status|p2a: Dusclops|slp|[from] move: Spore\n|move|p1b: Iron Bundle|Freeze-Dry|p2a: Dusclops\n|-crit|p2a: Dusclops\n|-damage|p2a: Dusclops|29\/100 slp\n|\n|-damage|p1a: Amoonguss|32\/100 brn|[from] brn\n|upkeep\n|turn|15\n|\n|t:|1699871123\n|cant|p2a: Dusclops|slp\n|move|p2b: Master Ball?!?!|Pollen Puff|p1a: Amoonguss\n|-damage|p1a: Amoonguss|14\/100 brn\n|move|p1a: Amoonguss|Pollen Puff|p1b: Iron Bundle\n|-immune|p1b: Iron Bundle\n|move|p1b: Iron Bundle|Freeze-Dry|p2b: Master Ball?!?!\n|-supereffective|p2b: Master Ball?!?!\n|-damage|p2b: Master Ball?!?!|37\/100\n|\n|-heal|p2b: Master Ball?!?!|43\/100|[from] item: Leftovers\n|-damage|p1a: Amoonguss|8\/100 brn|[from] brn\n|upkeep\n|turn|16\n|\n|t:|1699871151\n|move|p2b: Master Ball?!?!|Protect|p2b: Master Ball?!?!\n|-singleturn|p2b: Master Ball?!?!|Protect\n|cant|p2a: Dusclops|slp\n|move|p1a: Amoonguss|Pollen Puff|p2b: Master Ball?!?!\n|-activate|p2b: Master Ball?!?!|move: Protect\n|move|p1b: Iron Bundle|Freeze-Dry|p2b: Master Ball?!?!\n|-activate|p2b: Master Ball?!?!|move: Protect\n|\n|-heal|p2b: Master Ball?!?!|49\/100|[from] item: Leftovers\n|-damage|p1a: Amoonguss|2\/100 brn|[from] brn\n|upkeep\n|turn|17\n|\n|t:|1699871193\n|move|p1b: Iron Bundle|Protect|p1b: Iron Bundle\n|-singleturn|p1b: Iron Bundle|Protect\n|-curestatus|p2a: Dusclops|slp|[msg]\n|move|p2a: Dusclops|Night Shade|p1a: Amoonguss\n|-damage|p1a: Amoonguss|0 fnt\n|faint|p1a: Amoonguss\n|move|p2b: Master Ball?!?!|Spore|p1b: Iron Bundle\n|-activate|p1b: Iron Bundle|move: Protect\n|\n|-heal|p2b: Master Ball?!?!|55\/100|[from] item: Leftovers\n|-fieldend|move: Trick Room\n|upkeep\n|turn|18\n|\n|t:|1699871219\n|move|p1b: Iron Bundle|Freeze-Dry|p2b: Master Ball?!?!\n|-supereffective|p2b: Master Ball?!?!\n|-damage|p2b: Master Ball?!?!|0 fnt\n|faint|p2b: Master Ball?!?!\n|move|p2a: Dusclops|Trick Room|p2a: Dusclops\n|-fieldstart|move: Trick Room|[of] p2a: Dusclops\n|\n|upkeep\n|\n|t:|1699871224\n|switch|p2b: Cresselia|Cresselia, L50, F, shiny|100\/100 slp\n|turn|19\n|\n|t:|1699871236\n|move|p2a: Dusclops|Night Shade|p1b: Iron Bundle\n|-damage|p1b: Iron Bundle|62\/100\n|cant|p2b: Cresselia|slp\n|move|p1b: Iron Bundle|Freeze-Dry|p2a: Dusclops\n|-damage|p2a: Dusclops|6\/100\n|\n|upkeep\n|turn|20\n|\n|t:|1699871254\n|move|p2a: Dusclops|Night Shade|p1b: Iron Bundle\n|-damage|p1b: Iron Bundle|24\/100\n|cant|p2b: Cresselia|slp\n|move|p1b: Iron Bundle|Freeze-Dry|p2a: Dusclops\n|-damage|p2a: Dusclops|0 fnt\n|faint|p2a: Dusclops\n|\n|upkeep\n|turn|21\n|\n|t:|1699871265\n|-curestatus|p2b: Cresselia|slp|[msg]\n|move|p2b: Cresselia|Dazzling Gleam|p1b: Iron Bundle\n|-damage|p1b: Iron Bundle|0 fnt\n|faint|p1b: Iron Bundle\n|-end|p1b: Iron Bundle|Quark Drive|[silent]\n|\n|win|Yhdessa\n|raw|Ewesoak's rating: 1130 &rarr; <strong>1103<\/strong><br \/>(-27 for losing)\n|raw|Yhdessa's rating: 1106 &rarr; <strong>1133<\/strong><br \/>(+27 for winning)\n|c|\u2606Yhdessa|gg\n|l|\u2606Ewesoak\n","uploadtime":1699871315,"views":40,"p1id":"ewesoak","p2id":"yhdessa","formatid":"gen9vgc2023regulatione","rating":1103,"private":0,"password":""}