{"id":"gen9vgc2023regulatione-1991897665","p1":"Cbutty","p2":"samo00001","format":"[Gen 9] VGC 2023 Regulation E","log":"|j|\u2606Cbutty\n|j|\u2606samo00001\n|t:|1700135267\n|gametype|doubles\n|player|p1|Cbutty|acetrainer|1179\n|player|p2|samo00001|169|1151\n|teamsize|p1|6\n|teamsize|p2|6\n|gen|9\n|tier|[Gen 9] VGC 2023 Regulation E\n|rated|\n|rule|Species Clause: Limit one of each Pok\u00e9mon\n|rule|Item Clause: Limit one of each item\n|clearpoke\n|poke|p1|Iron Valiant, L50|\n|poke|p1|Gholdengo, L50|\n|poke|p1|Ogerpon-Wellspring, L50, F|\n|poke|p1|Rillaboom, L50, M|\n|poke|p1|Heatran, L50, F|\n|poke|p1|Ninetales-Alola, L50, F|\n|poke|p2|Ursaluna, L50, F|\n|poke|p2|Cresselia, L50, F|\n|poke|p2|Arcanine, L50, M|\n|poke|p2|Tinkaton, L50, F|\n|poke|p2|Urshifu-*, L50, M|\n|poke|p2|Thundurus, L50, M|\n|teampreview|4\n|inactive|Battle timer is ON: inactive players will automatically lose when time's up. (requested by Cbutty)\nCbutty has agreed to open team sheets.\n|inactive|Cbutty has 60 seconds left.\n|\n|t:|1700135309\n|start\n|switch|p1a: Rillaboom|Rillaboom, L50, M|100\/100\n|switch|p1b: Gholdengo|Gholdengo, L50|100\/100\n|switch|p2a: Tinkaton|Tinkaton, L50, F|100\/100\n|switch|p2b: Thundurus|Thundurus, L50, M|100\/100\n|-fieldstart|move: Grassy Terrain|[from] ability: Grassy Surge|[of] p1a: Rillaboom\n|turn|1\n|c|\u2606Cbutty|Ooo I know this strat\n|c|\u2606Cbutty|Swagger the Tinkaton\n|inactive|Cbutty has 30 seconds left.\n|inactive|samo00001 has 30 seconds left.\n|inactive|samo00001 has 20 seconds left.\n|inactive|samo00001 has 15 seconds left.\n|inactive|samo00001 has 10 seconds left.\n|inactive|samo00001 has 5 seconds left.\n|\n|t:|1700135364\n|move|p2a: Tinkaton|Fake Out|p1a: Rillaboom\n|-damage|p1a: Rillaboom|94\/100\n|cant|p1a: Rillaboom|flinch\n|move|p2b: Thundurus|Volt Switch|p1b: Gholdengo\n|-damage|p1b: Gholdengo|55\/100\n|\n|t:|1700135371\n|switch|p2b: Arcanine|Arcanine, L50, M|100\/100|[from] Volt Switch\n|-ability|p2b: Arcanine|Intimidate|boost\n|-unboost|p1a: Rillaboom|atk|1\n|-unboost|p1b: Gholdengo|atk|1\n|move|p1b: Gholdengo|Nasty Plot|p1b: Gholdengo\n|-boost|p1b: Gholdengo|spa|2\n|\n|-heal|p1b: Gholdengo|61\/100|[from] Grassy Terrain\n|-heal|p1b: Gholdengo|67\/100|[from] item: Leftovers\n|-heal|p1a: Rillaboom|99\/100|[from] Grassy Terrain\n|upkeep\n|turn|2\n|\n|t:|1700135385\n|switch|p1b: Heatran|Heatran, L50, F|100\/100\n|move|p2a: Tinkaton|Knock Off|p1b: Heatran\n|-damage|p1b: Heatran|86\/100\n|-enditem|p1b: Heatran|Life Orb|[from] move: Knock Off|[of] p2a: Tinkaton\n|move|p2b: Arcanine|Snarl|p1b: Heatran|[spread] p1a,p1b\n|-crit|p1b: Heatran\n|-damage|p1a: Rillaboom|93\/100\n|-damage|p1b: Heatran|72\/100\n|-unboost|p1a: Rillaboom|spa|1\n|-unboost|p1b: Heatran|spa|1\n|move|p1a: Rillaboom|U-turn|p2a: Tinkaton\n|-resisted|p2a: Tinkaton\n|-damage|p2a: Tinkaton|97\/100\n|\n|t:|1700135394\n|switch|p1a: Ogerpon|Ogerpon-Wellspring, L50, F|100\/100|[from] U-turn\n|\n|-heal|p2a: Tinkaton|100\/100|[from] Grassy Terrain\n|-heal|p1b: Heatran|78\/100|[from] Grassy Terrain\n|upkeep\n|turn|3\n|inactive|samo00001 has 30 seconds left.\n|inactive|samo00001 has 20 seconds left.\n|\n|t:|1700135430\n|switch|p2a: Thundurus|Thundurus, L50, M|100\/100\n|-terastallize|p1a: Ogerpon|Water\n|detailschange|p1a: Ogerpon|Ogerpon-Wellspring-Tera, L50, F, tera:Water\n|-ability|p1a: Ogerpon|Embody Aspect (Wellspring)|boost\n|-boost|p1a: Ogerpon|spd|1\n|move|p1a: Ogerpon|Ivy Cudgel|p2b: Arcanine|[anim] Ivy Cudgel Water\n|-supereffective|p2b: Arcanine\n|-damage|p2b: Arcanine|0 fnt\n|faint|p2b: Arcanine\n|move|p1b: Heatran|Heat Wave|p2a: Thundurus\n|-damage|p2a: Thundurus|56\/100\n|\n|-heal|p1b: Heatran|84\/100|[from] Grassy Terrain\n|upkeep\n|\n|t:|1700135454\n|switch|p2b: Tinkaton|Tinkaton, L50, F|100\/100\n|turn|4\n|\n|t:|1700135476\n|switch|p1b: Rillaboom|Rillaboom, L50, M|93\/100\n|move|p1a: Ogerpon|Spiky Shield|p1a: Ogerpon\n|-singleturn|p1a: Ogerpon|move: Protect\n|move|p2b: Tinkaton|Fake Out|p1a: Ogerpon\n|-activate|p1a: Ogerpon|move: Protect\n|-damage|p2b: Tinkaton|88\/100|[from] Spiky Shield|[of] p1a: Ogerpon\n|move|p2a: Thundurus|Wildbolt Storm|p1b: Rillaboom|[spread] p1b\n|-activate|p1a: Ogerpon|move: Protect\n|-resisted|p1b: Rillaboom\n|-damage|p1b: Rillaboom|76\/100\n|-status|p1b: Rillaboom|par\n|\n|-heal|p2b: Tinkaton|94\/100|[from] Grassy Terrain\n|-heal|p1b: Rillaboom|82\/100 par|[from] Grassy Terrain\n|upkeep\n|turn|5\n|inactive|samo00001 has 30 seconds left.\n|\n|t:|1700135506\n|move|p2a: Thundurus|Protect|p2a: Thundurus\n|-singleturn|p2a: Thundurus|Protect\n|move|p1b: Rillaboom|Fake Out|p2a: Thundurus\n|-activate|p2a: Thundurus|move: Protect\n|move|p1a: Ogerpon|Ivy Cudgel|p2b: Tinkaton|[anim] Ivy Cudgel Water\n|-damage|p2b: Tinkaton|22\/100\n|move|p2b: Tinkaton|Gigaton Hammer|p1a: Ogerpon\n|-resisted|p1a: Ogerpon\n|-damage|p1a: Ogerpon|78\/100\n|\n|-heal|p1a: Ogerpon|84\/100|[from] Grassy Terrain\n|-heal|p2b: Tinkaton|29\/100|[from] Grassy Terrain\n|-heal|p1b: Rillaboom|88\/100 par|[from] Grassy Terrain\n|-fieldend|move: Grassy Terrain\n|upkeep\n|turn|6\n|\n|t:|1700135530\n|switch|p1b: Heatran|Heatran, L50, F|84\/100\n|move|p2a: Thundurus|Volt Switch|p1b: Heatran\n|-damage|p1b: Heatran|42\/100\n|\n|t:|1700135536\n|switch|p2a: Urshifu|Urshifu-Rapid-Strike, L50, M|100\/100|[from] Volt Switch\n|move|p1a: Ogerpon|Ivy Cudgel|p2a: Urshifu|[anim] Ivy Cudgel Water\n|-resisted|p2a: Urshifu\n|-damage|p2a: Urshifu|64\/100\n|move|p2b: Tinkaton|Knock Off|p1b: Heatran\n|-damage|p1b: Heatran|32\/100\n|\n|upkeep\n|turn|7\n|inactive|samo00001 has 30 seconds left.\n|\n|t:|1700135565\n|-terastallize|p2a: Urshifu|Fighting\n|move|p2a: Urshifu|Close Combat|p1a: Ogerpon\n|-damage|p1a: Ogerpon|0 fnt\n|-unboost|p2a: Urshifu|def|1\n|-unboost|p2a: Urshifu|spd|1\n|faint|p1a: Ogerpon\n|move|p2b: Tinkaton|Gigaton Hammer|p1b: Heatran\n|-resisted|p1b: Heatran\n|-damage|p1b: Heatran|22\/100\n|move|p1b: Heatran|Heat Wave|p2b: Tinkaton|[spread] p2a,p2b\n|-crit|p2a: Urshifu\n|-supereffective|p2b: Tinkaton\n|-damage|p2a: Urshifu|0 fnt\n|-damage|p2b: Tinkaton|0 fnt\n|faint|p2a: Urshifu\n|faint|p2b: Tinkaton\n|\n|upkeep\n|\n|t:|1700135576\n|switch|p2a: Thundurus|Thundurus, L50, M|56\/100\n|switch|p1a: Gholdengo|Gholdengo, L50|67\/100\n|turn|8\n|\n|t:|1700135584\n|move|p2a: Thundurus|Wildbolt Storm|p1b: Heatran|[spread] p1a\n|-miss|p2a: Thundurus|p1b: Heatran\n|-damage|p1a: Gholdengo|18\/100\n|move|p1a: Gholdengo|Shadow Ball|p2a: Thundurus\n|-damage|p2a: Thundurus|0 fnt\n|faint|p2a: Thundurus\n|\n|win|Cbutty\n|raw|Cbutty's rating: 1179 &rarr; <strong>1202<\/strong><br \/>(+23 for winning)\n|raw|samo00001's rating: 1151 &rarr; <strong>1128<\/strong><br \/>(-23 for losing)\n|l|\u2606samo00001\n","uploadtime":1700135593,"views":32,"p1id":"cbutty","p2id":"samo00001","formatid":"gen9vgc2023regulatione","rating":1128,"private":0,"password":""}