{"id":"gen9vgc2023regulatione-1989395126","p1":"eppendorf1.5","p2":"elninotatem","format":"[Gen 9] VGC 2023 Regulation E","log":"|j|\u2606eppendorf1.5\n|j|\u2606elninotatem\n|t:|1699844777\n|gametype|doubles\n|player|p1|eppendorf1.5|jupiter|\n|player|p2|elninotatem|skyla|\n|teamsize|p1|6\n|teamsize|p2|6\n|gen|9\n|tier|[Gen 9] VGC 2023 Regulation E\n|rated|Tournament battle\n|rule|Species Clause: Limit one of each Pok\u00e9mon\n|rule|Item Clause: Limit one of each item\n|clearpoke\n|poke|p1|Gholdengo, L50|\n|poke|p1|Urshifu-*, L50, F|\n|poke|p1|Amoonguss, L50, F|\n|poke|p1|Chien-Pao, L50|\n|poke|p1|Tornadus, L50, M|\n|poke|p1|Landorus-Therian, L50, M|\n|poke|p2|Iron Hands, L50|\n|poke|p2|Flutter Mane, L50|\n|poke|p2|Chien-Pao, L50|\n|poke|p2|Dragonite, L50, F|\n|poke|p2|Thundurus, L50, M|\n|poke|p2|Goodra-Hisui, L50, F|\n|teampreview|4\n|showteam|p1|Gholdengo||Leftovers|GoodasGold|MakeItRain,ShadowBall,NastyPlot,Protect||||||50|,,,,,Dragon]Urshifu-Rapid-Strike||LifeOrb|UnseenFist|SurgingStrikes,CloseCombat,AquaJet,Detect|||F|||50|,,,,,Poison]Amoonguss||RockyHelmet|Regenerator|ClearSmog,PollenPuff,Spore,RagePowder|||F|||50|,,,,,Water]Chien-Pao||FocusSash|SwordofRuin|IceSpinner,SacredSword,SuckerPunch,Protect||||||50|,,,,,Ghost]Tornadus||SitrusBerry|Prankster|BleakwindStorm,Taunt,RainDance,Tailwind|||M|||50|,,,,,Ghost]Landorus-Therian||ChoiceBand|Intimidate|StompingTantrum,RockSlide,Earthquake,Uturn|||M|||50|,,,,,Water\n|showteam|p2|Iron Hands||AssaultVest|QuarkDrive|FakeOut,IcePunch,ThunderPunch,DrainPunch||||||50|,,,,,Fire]Flutter Mane||ChoiceSpecs|Protosynthesis|PowerGem,DazzlingGleam,ShadowBall,Moonblast||||||50|,,,,,Fairy]Chien-Pao||LifeOrb|SwordofRuin|IceSpinner,SacredSword,SuckerPunch,Protect||||||50|,,,,,Ghost]Dragonite||ChoiceBand|InnerFocus|ExtremeSpeed,Outrage,IceSpinner,StompingTantrum|||F|||50|,,,,,Normal]Thundurus||CovertCloak|Prankster|EerieImpulse,Taunt,Thunderbolt,SludgeBomb|||M|||50|,,,,,Ghost]Goodra-Hisui||Leftovers|ShellArmor|Shelter,Protect,BodyPress,HeavySlam|||F|||50|,,,,,Fairy\n|j| Casper614\n|j|%Radio Free C-Side\n|inactive|Battle timer is ON: inactive players will automatically lose when time's up. (requested by eppendorf1.5)\n|inactive|elninotatem has 60 seconds left.\n|\n|t:|1699844884\n|start\n|switch|p1a: Tornadus|Tornadus, L50, M|100\/100\n|switch|p1b: Landorus|Landorus-Therian, L50, M|100\/100\n|switch|p2a: Thundurus|Thundurus, L50, M|100\/100\n|switch|p2b: GOOOOOEEEYYYY|Goodra-Hisui, L50, F|100\/100\n|-ability|p1b: Landorus|Intimidate|boost\n|-unboost|p2a: Thundurus|atk|1\n|-unboost|p2b: GOOOOOEEEYYYY|atk|1\n|turn|1\n|inactive|elninotatem has 30 seconds left.\n|j| L0ST IN PARADISE\n|l| L0ST IN PARADISE\n|inactive|elninotatem has 20 seconds left.\n|j| L0ST IN PARADISE\n|\n|t:|1699844922\n|switch|p1a: Gholdengo|Gholdengo, L50|100\/100\n|-terastallize|p2b: GOOOOOEEEYYYY|Fairy\n|move|p2a: Thundurus|Thunderbolt|p1a: Gholdengo\n|-damage|p1a: Gholdengo|61\/100\n|move|p1b: Landorus|Rock Slide|p2b: GOOOOOEEEYYYY|[spread] p2a,p2b\n|-supereffective|p2a: Thundurus\n|-damage|p2a: Thundurus|24\/100\n|-damage|p2b: GOOOOOEEEYYYY|78\/100\n|move|p2b: GOOOOOEEEYYYY|Shelter|p2b: GOOOOOEEEYYYY\n|-boost|p2b: GOOOOOEEEYYYY|def|2\n|\n|-heal|p1a: Gholdengo|67\/100|[from] item: Leftovers\n|-heal|p2b: GOOOOOEEEYYYY|84\/100|[from] item: Leftovers\n|upkeep\n|turn|2\n|\n|t:|1699844949\n|switch|p1b: Amoonguss|Amoonguss, L50, F|100\/100\n|move|p2b: GOOOOOEEEYYYY|Protect|p2b: GOOOOOEEEYYYY\n|-singleturn|p2b: GOOOOOEEEYYYY|Protect\n|move|p2a: Thundurus|Thunderbolt|p1a: Gholdengo\n|-damage|p1a: Gholdengo|29\/100\n|-status|p1a: Gholdengo|par\n|move|p1a: Gholdengo|Shadow Ball|p2a: Thundurus\n|-damage|p2a: Thundurus|0 fnt\n|faint|p2a: Thundurus\n|\n|-heal|p2b: GOOOOOEEEYYYY|90\/100|[from] item: Leftovers\n|-heal|p1a: Gholdengo|35\/100 par|[from] item: Leftovers\n|upkeep\n|\n|t:|1699844966\n|switch|p2a: Mane Minaj|Flutter Mane, L50|100\/100\n|turn|3\n|l| Casper614\n|j| Casper614\n|inactive|elninotatem has 30 seconds left.\n|inactive|elninotatem has 20 seconds left.\n|inactive|elninotatem has 15 seconds left.\n|inactive|elninotatem has 10 seconds left.\n|j| Mambae2\n|\n|t:|1699845015\n|move|p1a: Gholdengo|Protect|p1a: Gholdengo\n|-singleturn|p1a: Gholdengo|Protect\n|move|p2a: Mane Minaj|Shadow Ball|p1a: Gholdengo\n|-activate|p1a: Gholdengo|move: Protect\n|move|p2b: GOOOOOEEEYYYY|Heavy Slam|p1b: Amoonguss\n|-damage|p1b: Amoonguss|77\/100\n|-damage|p2b: GOOOOOEEEYYYY|74\/100|[from] item: Rocky Helmet|[of] p1b: Amoonguss\n|move|p1b: Amoonguss|Spore|p2a: Mane Minaj\n|-status|p2a: Mane Minaj|slp|[from] move: Spore\n|\n|-heal|p2b: GOOOOOEEEYYYY|80\/100|[from] item: Leftovers\n|-heal|p1a: Gholdengo|42\/100 par|[from] item: Leftovers\n|upkeep\n|turn|4\n|\n|t:|1699845031\n|-end|p2a: Mane Minaj|Protosynthesis|[silent]\n|switch|p2a: BIG HANDS|Iron Hands, L50|100\/100\n|move|p2b: GOOOOOEEEYYYY|Protect|p2b: GOOOOOEEEYYYY\n|-singleturn|p2b: GOOOOOEEEYYYY|Protect\n|cant|p1a: Gholdengo|par\n|move|p1b: Amoonguss|Pollen Puff|p1a: Gholdengo\n|-heal|p1a: Gholdengo|92\/100 par\n|\n|-heal|p2b: GOOOOOEEEYYYY|86\/100|[from] item: Leftovers\n|-heal|p1a: Gholdengo|98\/100 par|[from] item: Leftovers\n|upkeep\n|turn|5\n|j| LanternComic\n|\n|t:|1699845049\n|switch|p1a: Landorus|Landorus-Therian, L50, M|100\/100\n|-ability|p1a: Landorus|Intimidate|boost\n|-unboost|p2a: BIG HANDS|atk|1\n|-unboost|p2b: GOOOOOEEEYYYY|atk|1\n|move|p2b: GOOOOOEEEYYYY|Body Press|p1b: Amoonguss\n|-resisted|p1b: Amoonguss\n|-damage|p1b: Amoonguss|57\/100\n|-damage|p2b: GOOOOOEEEYYYY|70\/100|[from] item: Rocky Helmet|[of] p1b: Amoonguss\n|move|p2a: BIG HANDS|Ice Punch|p1b: Amoonguss\n|-supereffective|p1b: Amoonguss\n|-damage|p1b: Amoonguss|25\/100\n|-damage|p2a: BIG HANDS|84\/100|[from] item: Rocky Helmet|[of] p1b: Amoonguss\n|move|p1b: Amoonguss|Spore|p2b: GOOOOOEEEYYYY\n|-status|p2b: GOOOOOEEEYYYY|slp|[from] move: Spore\n|\n|-heal|p2b: GOOOOOEEEYYYY|76\/100 slp|[from] item: Leftovers\n|upkeep\n|turn|6\n|inactive|elninotatem has 30 seconds left.\n|\n|t:|1699845083\n|switch|p1b: Gholdengo|Gholdengo, L50|98\/100 par\n|move|p1a: Landorus|Stomping Tantrum|p2a: BIG HANDS\n|-supereffective|p2a: BIG HANDS\n|-damage|p2a: BIG HANDS|11\/100\n|cant|p2b: GOOOOOEEEYYYY|slp\n|move|p2a: BIG HANDS|Ice Punch|p1a: Landorus\n|-supereffective|p1a: Landorus\n|-damage|p1a: Landorus|20\/100\n|\n|-heal|p2b: GOOOOOEEEYYYY|82\/100 slp|[from] item: Leftovers\n|-heal|p1b: Gholdengo|100\/100 par|[from] item: Leftovers\n|upkeep\n|turn|7\n|inactive|elninotatem has 30 seconds left.\n|\n|t:|1699845112\n|cant|p2b: GOOOOOEEEYYYY|slp\n|move|p1a: Landorus|Stomping Tantrum|p2a: BIG HANDS\n|-supereffective|p2a: BIG HANDS\n|-damage|p2a: BIG HANDS|0 fnt\n|faint|p2a: BIG HANDS\n|-end|p2a: BIG HANDS|Quark Drive|[silent]\n|cant|p1b: Gholdengo|par\n|\n|-heal|p2b: GOOOOOEEEYYYY|88\/100 slp|[from] item: Leftovers\n|upkeep\n|\n|t:|1699845118\n|switch|p2a: Mane Minaj|Flutter Mane, L50|100\/100 slp\n|turn|8\n|inactive|elninotatem has 30 seconds left.\n|\n|t:|1699845151\n|cant|p2a: Mane Minaj|slp\n|move|p1a: Landorus|Stomping Tantrum|p2a: Mane Minaj\n|-damage|p2a: Mane Minaj|3\/100 slp\n|cant|p2b: GOOOOOEEEYYYY|slp\n|cant|p1b: Gholdengo|par\n|\n|-heal|p2b: GOOOOOEEEYYYY|93\/100 slp|[from] item: Leftovers\n|upkeep\n|turn|9\n|j| Cdogp\n|c| Casper614|goodra taking a fat nap\n|l| Cdogp\n|inactive|elninotatem has 30 seconds left.\n|\n|t:|1699845176\n|switch|p1b: Tornadus|Tornadus, L50, M|100\/100\n|cant|p2a: Mane Minaj|slp\n|move|p1a: Landorus|Stomping Tantrum|p2a: Mane Minaj\n|-damage|p2a: Mane Minaj|0 fnt\n|faint|p2a: Mane Minaj\n|-end|p2a: Mane Minaj|Protosynthesis|[silent]\n|-curestatus|p2b: GOOOOOEEEYYYY|slp|[msg]\n|move|p2b: GOOOOOEEEYYYY|Body Press|p1a: Landorus\n|-resisted|p1a: Landorus\n|-damage|p1a: Landorus|0 fnt\n|faint|p1a: Landorus\n|\n|-heal|p2b: GOOOOOEEEYYYY|99\/100|[from] item: Leftovers\n|upkeep\n|\n|t:|1699845182\n|switch|p1a: Amoonguss|Amoonguss, L50, F|58\/100\n|turn|10\n|j|+Omega Gio\n|j| wondercloud\n|j| tomcheung22\n|inactive|elninotatem has 30 seconds left.\n|\n|t:|1699845214\n|switch|p1b: Gholdengo|Gholdengo, L50|100\/100 par\n|move|p2b: GOOOOOEEEYYYY|Shelter|p2b: GOOOOOEEEYYYY\n|-boost|p2b: GOOOOOEEEYYYY|def|2\n|move|p1a: Amoonguss|Spore|p2b: GOOOOOEEEYYYY\n|-status|p2b: GOOOOOEEEYYYY|slp|[from] move: Spore\n|\n|-heal|p2b: GOOOOOEEEYYYY|100\/100 slp|[from] item: Leftovers\n|upkeep\n|turn|11\n|c| wondercloud|damn\n|\n|t:|1699845221\n|cant|p2b: GOOOOOEEEYYYY|slp\n|move|p1b: Gholdengo|Make It Rain|p2b: GOOOOOEEEYYYY\n|-supereffective|p2b: GOOOOOEEEYYYY\n|-damage|p2b: GOOOOOEEEYYYY|18\/100 slp\n|-unboost|p1b: Gholdengo|spa|1\n|move|p1a: Amoonguss|Clear Smog|p2b: GOOOOOEEEYYYY\n|-supereffective|p2b: GOOOOOEEEYYYY\n|-damage|p2b: GOOOOOEEEYYYY|0 fnt\n|-clearboost|p2b: GOOOOOEEEYYYY\n|faint|p2b: GOOOOOEEEYYYY\n|\n|win|eppendorf1.5\n|n|\u2606eppendorf1.5|eppendorf15\n|n|\u2606elninotatem|elninotatem\n|n| Radio Free C-Side|radiofreecside\n|n| L0ST IN PARADISE|l0stinparadise\n|n| Casper614|casper614\n|n| Mambae2|mambae2\n|n| LanternComic|lanterncomic\n|n| Omega Gio|omegagio\n|n| wondercloud|wondercloud\n|n| tomcheung22|tomcheung22\n","uploadtime":1699845223,"views":13,"p1id":"eppendorf15","p2id":"elninotatem","formatid":"gen9vgc2023regulatione","rating":0,"private":0,"password":""}