{"id":"gen9vgc2023regulatione-1992872630","p1":"Kid Kommy","p2":"Blacklag","format":"[Gen 9] VGC 2023 Regulation E","log":"|j|\u2606Kid Kommy\n|j|\u2606Blacklag\n|t:|1700242771\n|gametype|doubles\n|player|p1|Kid Kommy|101|1509\n|player|p2|Blacklag|101|1536\n|teamsize|p1|6\n|teamsize|p2|6\n|gen|9\n|tier|[Gen 9] VGC 2023 Regulation E\n|rated|\n|rule|Species Clause: Limit one of each Pok\u00e9mon\n|rule|Item Clause: Limit one of each item\n|clearpoke\n|poke|p1|Cresselia, L50, F|\n|poke|p1|Maushold, L50|\n|poke|p1|Annihilape, L50, M|\n|poke|p1|Iron Hands, L50|\n|poke|p1|Enamorus-Therian, L50, F|\n|poke|p1|Chi-Yu, L50|\n|poke|p2|Flutter Mane, L50|\n|poke|p2|Heatran, L50, M|\n|poke|p2|Iron Hands, L50|\n|poke|p2|Landorus-Therian, L50, M|\n|poke|p2|Tornadus, L50, M|\n|poke|p2|Urshifu-*, L50, F|\n|teampreview|4\n|inactive|Battle timer is ON: inactive players will automatically lose when time's up. (requested by Kid Kommy)\n|inactive|Kid Kommy has 60 seconds left.\n|inactive|Kid Kommy has 30 seconds left.\n|inactive|Kid Kommy has 20 seconds left.\n|inactive|Kid Kommy has 15 seconds left.\n|inactive|Kid Kommy has 10 seconds left.\n|inactive|Kid Kommy has 5 seconds left.\n|\n|t:|1700242858\n|start\n|switch|p1a: Cresselia|Cresselia, L50, F|100\/100\n|switch|p1b: Maushold|Maushold, L50|100\/100\n|switch|p2a: Flutter Mane|Flutter Mane, L50|100\/100\n|switch|p2b: Urshifu|Urshifu, L50, F|100\/100\n|turn|1\n|inactive|Kid Kommy has 30 seconds left.\n|\n|t:|1700242888\n|move|p1a: Cresselia|Icy Wind|p2a: Flutter Mane|[spread] p2a,p2b\n|-crit|p2b: Urshifu\n|-damage|p2a: Flutter Mane|91\/100\n|-damage|p2b: Urshifu|79\/100\n|-unboost|p2a: Flutter Mane|spe|1\n|-unboost|p2b: Urshifu|spe|1\n|move|p1b: Maushold|Population Bomb|p2b: Urshifu\n|-damage|p2b: Urshifu|68\/100\n|-hitcount|p2b: Urshifu|1\n|move|p2b: Urshifu|Wicked Blow|p1a: Cresselia\n|-supereffective|p1a: Cresselia\n|-crit|p1a: Cresselia\n|-damage|p1a: Cresselia|1\/100\n|move|p2a: Flutter Mane|Trick Room|p2a: Flutter Mane\n|-fieldstart|move: Trick Room|[of] p2a: Flutter Mane\n|\n|upkeep\n|turn|2\n|inactive|Blacklag has 30 seconds left.\n|\n|t:|1700242918\n|-end|p2a: Flutter Mane|Protosynthesis|[silent]\n|switch|p2a: Heatran|Heatran, L50, M|100\/100\n|move|p2b: Urshifu|Protect|p2b: Urshifu\n|-singleturn|p2b: Urshifu|Protect\n|move|p1b: Maushold|Encore||[still]\n|-fail|p1b: Maushold\n|move|p1a: Cresselia|Icy Wind|p2a: Heatran|[spread] p2a\n|-activate|p2b: Urshifu|move: Protect\n|-resisted|p2a: Heatran\n|-damage|p2a: Heatran|98\/100\n|-unboost|p2a: Heatran|spe|1\n|\n|-heal|p2a: Heatran|100\/100|[from] item: Leftovers\n|upkeep\n|turn|3\n|inactive|Kid Kommy has 30 seconds left.\n|\n|t:|1700242949\n|move|p2a: Heatran|Substitute|p2a: Heatran\n|-start|p2a: Heatran|Substitute\n|-damage|p2a: Heatran|76\/100\n|move|p2b: Urshifu|Wicked Blow|p1b: Maushold\n|-crit|p1b: Maushold\n|-damage|p1b: Maushold|14\/100\n|move|p1b: Maushold|Encore|p2b: Urshifu\n|-start|p2b: Urshifu|Encore\n|move|p1a: Cresselia|Icy Wind|p2b: Urshifu|[spread] \n|-miss|p1a: Cresselia|p2a: Heatran\n|-miss|p1a: Cresselia|p2b: Urshifu\n|\n|-heal|p2a: Heatran|81\/100|[from] item: Leftovers\n|upkeep\n|turn|4\n|\n|t:|1700242972\n|move|p2a: Heatran|Heat Wave|p1a: Cresselia|[spread] p1a,p1b\n|-damage|p1a: Cresselia|0 fnt\n|-damage|p1b: Maushold|0 fnt\n|faint|p1a: Cresselia\n|faint|p1b: Maushold\n|move|p2b: Urshifu|Wicked Blow|p1: Cresselia|[notarget]\n|-fail|p2b: Urshifu\n|\n|-heal|p2a: Heatran|87\/100|[from] item: Leftovers\n|upkeep\n|\n|t:|1700242981\n|switch|p1a: Annihilape|Annihilape, L50, M|100\/100\n|switch|p1b: Iron Hands|Iron Hands, L50|100\/100\n|turn|5\n|inactive|Blacklag has 30 seconds left.\n|inactive|Blacklag has 20 seconds left.\n|\n|t:|1700243021\n|-terastallize|p2a: Heatran|Grass\n|move|p1b: Iron Hands|Fake Out|p2b: Urshifu\n|-damage|p2b: Urshifu|51\/100\n|move|p2a: Heatran|Heat Wave|p1b: Iron Hands|[spread] p1a,p1b\n|-damage|p1a: Annihilape|68\/100\n|-damage|p1b: Iron Hands|82\/100\n|cant|p2b: Urshifu|flinch\n|move|p1a: Annihilape|Bulk Up|p1a: Annihilape\n|-boost|p1a: Annihilape|atk|1\n|-boost|p1a: Annihilape|def|1\n|\n|-heal|p2a: Heatran|93\/100|[from] item: Leftovers\n|-heal|p1a: Annihilape|74\/100|[from] item: Leftovers\n|-fieldend|move: Trick Room\n|upkeep\n|turn|6\n|inactive|Kid Kommy has 30 seconds left.\n|\n|t:|1700243051\n|-terastallize|p1a: Annihilape|Fire\n|move|p1a: Annihilape|Drain Punch|p2b: Urshifu\n|-supereffective|p2b: Urshifu\n|-damage|p2b: Urshifu|0 fnt\n|-heal|p1a: Annihilape|98\/100|[from] drain|[of] p2b: Urshifu\n|faint|p2b: Urshifu\n|move|p2a: Heatran|Heat Wave|p1a: Annihilape|[spread] p1a,p1b\n|-resisted|p1a: Annihilape\n|-damage|p1a: Annihilape|83\/100\n|-damage|p1b: Iron Hands|63\/100\n|move|p1b: Iron Hands|Drain Punch|p2a: Heatran\n|-end|p2a: Heatran|Substitute\n|-heal|p1b: Iron Hands|74\/100|[from] drain|[of] p2a: Heatran\n|\n|-heal|p1a: Annihilape|89\/100|[from] item: Leftovers\n|-heal|p2a: Heatran|99\/100|[from] item: Leftovers\n|upkeep\n|\n|t:|1700243061\n|switch|p2b: Flutter Mane|Flutter Mane, L50|91\/100\n|turn|7\n|\n|t:|1700243076\n|move|p2b: Flutter Mane|Moonblast|p1b: Iron Hands\n|-supereffective|p1b: Iron Hands\n|-damage|p1b: Iron Hands|0 fnt\n|faint|p1b: Iron Hands\n|-end|p1b: Iron Hands|Quark Drive|[silent]\n|move|p1a: Annihilape|Bulk Up|p1a: Annihilape\n|-boost|p1a: Annihilape|atk|1\n|-boost|p1a: Annihilape|def|1\n|move|p2a: Heatran|Heat Wave|p1a: Annihilape\n|-resisted|p1a: Annihilape\n|-crit|p1a: Annihilape\n|-damage|p1a: Annihilape|58\/100\n|\n|-heal|p1a: Annihilape|64\/100|[from] item: Leftovers\n|-heal|p2a: Heatran|100\/100|[from] item: Leftovers\n|upkeep\n|turn|8\n|inactive|Kid Kommy has 30 seconds left.\n|inactive|Kid Kommy has 20 seconds left.\n|\n|t:|1700243115\n|move|p2b: Flutter Mane|Moonblast|p1a: Annihilape\n|-resisted|p1a: Annihilape\n|-damage|p1a: Annihilape|35\/100\n|-unboost|p1a: Annihilape|spa|1\n|-ability|p1a: Annihilape|Defiant|boost\n|-boost|p1a: Annihilape|atk|2\n|move|p1a: Annihilape|Drain Punch|p2a: Heatran\n|-damage|p2a: Heatran|11\/100\n|-heal|p1a: Annihilape|80\/100|[from] drain|[of] p2a: Heatran\n|move|p2a: Heatran|Heat Wave|p1a: Annihilape\n|-resisted|p1a: Annihilape\n|-damage|p1a: Annihilape|58\/100\n|\n|-heal|p1a: Annihilape|64\/100|[from] item: Leftovers\n|-heal|p2a: Heatran|17\/100|[from] item: Leftovers\n|upkeep\n|turn|9\n|inactive|Blacklag has 30 seconds left.\n|\n|t:|1700243149\n|move|p1a: Annihilape|Protect|p1a: Annihilape\n|-singleturn|p1a: Annihilape|Protect\n|move|p2b: Flutter Mane|Moonblast|p1a: Annihilape\n|-activate|p1a: Annihilape|move: Protect\n|move|p2a: Heatran|Heat Wave|p1a: Annihilape\n|-activate|p1a: Annihilape|move: Protect\n|\n|-heal|p1a: Annihilape|70\/100|[from] item: Leftovers\n|-heal|p2a: Heatran|23\/100|[from] item: Leftovers\n|upkeep\n|turn|10\n|\n|t:|1700243162\n|move|p2b: Flutter Mane|Moonblast|p1a: Annihilape\n|-resisted|p1a: Annihilape\n|-damage|p1a: Annihilape|43\/100\n|move|p1a: Annihilape|Rage Fist|p2b: Flutter Mane\n|-supereffective|p2b: Flutter Mane\n|-damage|p2b: Flutter Mane|0 fnt\n|faint|p2b: Flutter Mane\n|-end|p2b: Flutter Mane|Protosynthesis|[silent]\n|move|p2a: Heatran|Heat Wave|p1a: Annihilape\n|-resisted|p1a: Annihilape\n|-damage|p1a: Annihilape|23\/100\n|\n|-heal|p1a: Annihilape|29\/100|[from] item: Leftovers\n|-heal|p2a: Heatran|29\/100|[from] item: Leftovers\n|upkeep\n|\n|t:|1700243166\n|switch|p2b: Iron Hands|Iron Hands, L50|100\/100\n|turn|11\n|\n|t:|1700243178\n|move|p1a: Annihilape|Protect|p1a: Annihilape\n|-singleturn|p1a: Annihilape|Protect\n|move|p2b: Iron Hands|Fake Out|p1a: Annihilape\n|-activate|p1a: Annihilape|move: Protect\n|move|p2a: Heatran|Substitute|p2a: Heatran\n|-start|p2a: Heatran|Substitute\n|-damage|p2a: Heatran|4\/100\n|\n|-heal|p1a: Annihilape|35\/100|[from] item: Leftovers\n|-heal|p2a: Heatran|9\/100|[from] item: Leftovers\n|upkeep\n|turn|12\n|inactive|Blacklag has 30 seconds left.\n|inactive|Blacklag has 20 seconds left.\n|\n|t:|1700243215\n|move|p1a: Annihilape|Drain Punch|p2b: Iron Hands\n|-damage|p2b: Iron Hands|21\/100\n|-heal|p1a: Annihilape|86\/100|[from] drain|[of] p2b: Iron Hands\n|move|p2b: Iron Hands|Wild Charge|p1a: Annihilape\n|-damage|p1a: Annihilape|59\/100\n|-damage|p2b: Iron Hands|16\/100|[from] Recoil\n|move|p2a: Heatran|Heat Wave|p1a: Annihilape\n|-resisted|p1a: Annihilape\n|-damage|p1a: Annihilape|37\/100\n|\n|-heal|p1a: Annihilape|43\/100|[from] item: Leftovers\n|-heal|p2a: Heatran|15\/100|[from] item: Leftovers\n|upkeep\n|turn|13\n|\n|t:|1700243230\n|move|p1a: Annihilape|Drain Punch|p2b: Iron Hands\n|-damage|p2b: Iron Hands|0 fnt\n|-heal|p1a: Annihilape|53\/100|[from] drain|[of] p2b: Iron Hands\n|faint|p2b: Iron Hands\n|-end|p2b: Iron Hands|Quark Drive|[silent]\n|move|p2a: Heatran|Heat Wave|p1a: Annihilape\n|-resisted|p1a: Annihilape\n|-damage|p1a: Annihilape|33\/100\n|\n|-heal|p1a: Annihilape|39\/100|[from] item: Leftovers\n|-heal|p2a: Heatran|21\/100|[from] item: Leftovers\n|upkeep\n|turn|14\n|\n|t:|1700243243\n|move|p1a: Annihilape|Drain Punch|p2a: Heatran\n|-crit|p2a: Heatran\n|-end|p2a: Heatran|Substitute\n|-heal|p1a: Annihilape|52\/100|[from] drain|[of] p2a: Heatran\n|move|p2a: Heatran|Heat Wave|p1a: Annihilape\n|-resisted|p1a: Annihilape\n|-damage|p1a: Annihilape|30\/100\n|\n|-heal|p1a: Annihilape|36\/100|[from] item: Leftovers\n|-heal|p2a: Heatran|27\/100|[from] item: Leftovers\n|upkeep\n|turn|15\n|\n|t:|1700243255\n|move|p1a: Annihilape|Drain Punch|p2a: Heatran\n|-damage|p2a: Heatran|0 fnt\n|-heal|p1a: Annihilape|50\/100|[from] drain|[of] p2a: Heatran\n|faint|p2a: Heatran\n|\n|win|Kid Kommy\n|raw|Kid Kommy's rating: 1509 &rarr; <strong>1529<\/strong><br \/>(+20 for winning)\n|raw|Blacklag's rating: 1514 &rarr; <strong>1494<\/strong><br \/>(-20 for losing)\n|l|\u2606Blacklag\n","uploadtime":1700243263,"views":14,"p1id":"kidkommy","p2id":"blacklag","formatid":"gen9vgc2023regulatione","rating":1494,"private":0,"password":""}