{"id":"gen9vgc2023regulatione-1999623461","p1":"MVLLOW","p2":"ayuera","format":"[Gen 9] VGC 2023 Regulation E","log":"|j|\u2606MVLLOW\n|j|\u2606ayuera\n|t:|1701102159\n|gametype|doubles\n|player|p1|MVLLOW|2|1152\n|player|p2|ayuera|266|1196\n|teamsize|p1|6\n|teamsize|p2|6\n|gen|9\n|tier|[Gen 9] VGC 2023 Regulation E\n|rated|\n|rule|Species Clause: Limit one of each Pok\u00e9mon\n|rule|Item Clause: Limit one of each item\n|clearpoke\n|poke|p1|Tornadus, L50, M|\n|poke|p1|Arcanine-Hisui, L50, M|\n|poke|p1|Urshifu-*, L50, F|\n|poke|p1|Iron Hands, L50|\n|poke|p1|Amoonguss, L50, F|\n|poke|p1|Gholdengo, L50|\n|poke|p2|Brambleghast, L50, M|\n|poke|p2|Indeedee-F, L50, F|\n|poke|p2|Armarouge, L50, F|\n|poke|p2|Urshifu-*, L50, M|\n|poke|p2|Chien-Pao, L50|\n|poke|p2|Tornadus, L50, M|\n|teampreview|4\n|inactive|Battle timer is ON: inactive players will automatically lose when time's up. (requested by ayuera)\n|inactive|MVLLOW has 60 seconds left.\n|inactive|ayuera has 60 seconds left.\n|\n|t:|1701102208\n|start\n|switch|p1a: Urshifu|Urshifu-Rapid-Strike, L50, F|100\/100\n|switch|p1b: Arcanine|Arcanine-Hisui, L50, M|100\/100\n|switch|p2a: Indeedee|Indeedee-F, L50, F|100\/100\n|switch|p2b: Armarouge|Armarouge, L50, F|100\/100\n|-ability|p1b: Arcanine|Intimidate|boost\n|-unboost|p2a: Indeedee|atk|1\n|-unboost|p2b: Armarouge|atk|1\n|-fieldstart|move: Psychic Terrain|[from] ability: Psychic Surge|[of] p2a: Indeedee\n|turn|1\n|inactive|MVLLOW has 30 seconds left.\n|inactive|ayuera has 30 seconds left.\n|inactive|MVLLOW has 20 seconds left.\n|\n|t:|1701102247\n|move|p2a: Indeedee|Follow Me|p2a: Indeedee\n|-singleturn|p2a: Indeedee|move: Follow Me\n|move|p1b: Arcanine|Rock Slide|p2a: Indeedee|[spread] p2b\n|-miss|p1b: Arcanine|p2a: Indeedee\n|-supereffective|p2b: Armarouge\n|-damage|p2b: Armarouge|14\/100\n|-ability|p2b: Armarouge|Weak Armor|boost\n|-unboost|p2b: Armarouge|def|1\n|-boost|p2b: Armarouge|spe|2\n|move|p2b: Armarouge|Expanding Force|p1a: Urshifu|[spread] p1a,p1b\n|-supereffective|p1a: Urshifu\n|-damage|p1a: Urshifu|0 fnt\n|-damage|p1b: Arcanine|30\/100\n|faint|p1a: Urshifu\n|\n|upkeep\n|\n|t:|1701102259\n|switch|p1a: Gholdengo|Gholdengo, L50|100\/100\n|turn|2\n|\n|t:|1701102278\n|-terastallize|p1a: Gholdengo|Dragon\n|move|p2a: Indeedee|Helping Hand|p2b: Armarouge\n|-singleturn|p2b: Armarouge|Helping Hand|[of] p2a: Indeedee\n|move|p2b: Armarouge|Heat Wave|p1a: Gholdengo|[spread] p1a,p1b\n|-resisted|p1a: Gholdengo\n|-resisted|p1b: Arcanine\n|-damage|p1a: Gholdengo|78\/100\n|-damage|p1b: Arcanine|15\/100\n|move|p1b: Arcanine|Rock Slide|p2a: Indeedee|[spread] p2a,p2b\n|-supereffective|p2b: Armarouge\n|-damage|p2a: Indeedee|54\/100\n|-damage|p2b: Armarouge|0 fnt\n|faint|p2b: Armarouge\n|move|p1a: Gholdengo|Make It Rain|p2a: Indeedee\n|-damage|p2a: Indeedee|0 fnt\n|-unboost|p1a: Gholdengo|spa|1\n|faint|p2a: Indeedee\n|\n|-heal|p1a: Gholdengo|84\/100|[from] item: Leftovers\n|upkeep\n|\n|t:|1701102288\n|switch|p2b: Brambleghast|Brambleghast, L50, M|100\/100\n|switch|p2a: Tornadus|Tornadus, L50, M|100\/100\n|turn|3\n|\n|t:|1701102309\n|switch|p1b: Iron Hands|Iron Hands, L50|100\/100\n|-terastallize|p2b: Brambleghast|Water\n|move|p2a: Tornadus|Tailwind|p2a: Tornadus\n|-sidestart|p2: ayuera|move: Tailwind\n|-ability|p2b: Brambleghast|Wind Rider|boost\n|-boost|p2b: Brambleghast|atk|1\n|move|p2b: Brambleghast|Shadow Sneak|p1b: Iron Hands\n|-activate|p1b: Iron Hands|move: Psychic Terrain\n|move|p1a: Gholdengo|Shadow Ball|p2b: Brambleghast\n|-damage|p2b: Brambleghast|50\/100\n|-unboost|p2b: Brambleghast|spd|1\n|\n|-heal|p1a: Gholdengo|90\/100|[from] item: Leftovers\n|upkeep\n|turn|4\n|\n|t:|1701102331\n|move|p2a: Tornadus|Bleakwind Storm|p1b: Iron Hands|[spread] p1a,p1b\n|-damage|p1a: Gholdengo|48\/100\n|-damage|p1b: Iron Hands|77\/100\n|move|p2b: Brambleghast|Poltergeist|p1a: Gholdengo\n|-activate|p1a: Gholdengo|move: Poltergeist|Leftovers\n|-damage|p1a: Gholdengo|0 fnt\n|faint|p1a: Gholdengo\n|move|p1b: Iron Hands|Wild Charge|p2a: Tornadus\n|-supereffective|p2a: Tornadus\n|-damage|p2a: Tornadus|0 fnt\n|faint|p2a: Tornadus\n|-damage|p1b: Iron Hands|61\/100|[from] Recoil\n|\n|upkeep\n|\n|t:|1701102345\n|switch|p1a: Arcanine|Arcanine-Hisui, L50, M|15\/100\n|-ability|p1a: Arcanine|Intimidate|boost\n|-unboost|p2b: Brambleghast|atk|1\n|turn|5\n|\n|t:|1701102369\n|move|p2b: Brambleghast|Protect|p2b: Brambleghast\n|-singleturn|p2b: Brambleghast|Protect\n|move|p1a: Arcanine|Rock Slide|p2b: Brambleghast\n|-activate|p2b: Brambleghast|move: Protect\n|move|p1b: Iron Hands|Wild Charge|p2b: Brambleghast\n|-activate|p2b: Brambleghast|move: Protect\n|\n|-fieldend|move: Psychic Terrain\n|upkeep\n|turn|6\n|\n|t:|1701102385\n|move|p2b: Brambleghast|Shadow Sneak|p1a: Arcanine\n|-damage|p1a: Arcanine|0 fnt\n|faint|p1a: Arcanine\n|move|p1b: Iron Hands|Wild Charge|p2b: Brambleghast\n|-supereffective|p2b: Brambleghast\n|-damage|p2b: Brambleghast|0 fnt\n|faint|p2b: Brambleghast\n|-damage|p1b: Iron Hands|54\/100|[from] Recoil\n|\n|win|MVLLOW\n|raw|MVLLOW's rating: 1152 &rarr; <strong>1180<\/strong><br \/>(+28 for winning)\n|raw|ayuera's rating: 1196 &rarr; <strong>1168<\/strong><br \/>(-28 for losing)\n|l|\u2606ayuera\n","uploadtime":1701102550,"views":5,"p1id":"mvllow","p2id":"ayuera","formatid":"gen9vgc2023regulatione","rating":1168,"private":0,"password":""}