{"id":"gen9vgc2023regulatione-1991144784","p1":"CasualPizza","p2":"Ants at a picnic","format":"[Gen 9] VGC 2023 Regulation E","log":"|j|\u2606CasualPizza\n|j|\u2606Ants at a picnic\n|n|\u2606CasualPizza|casualpizza\n|n|\u2606Ants at a picnic|antsatapicnic\n|html|View the match progress at <a href=\"\/game-bestof3-gen9vgc2023regulatione-1991144783\">game-bestof3-gen9vgc2023regulatione-1991144783<\/a>\n|t:|1700049677\n|gametype|doubles\n|player|p1|CasualPizza|elesa-masters|\n|player|p2|Ants at a picnic|2|\n|teamsize|p1|6\n|teamsize|p2|6\n|gen|9\n|tier|[Gen 9] VGC 2023 Regulation E\n|rule|Species Clause: Limit one of each Pok\u00e9mon\n|rule|Item Clause: Limit one of each item\n|clearpoke\n|poke|p1|Iron Hands, L50|\n|poke|p1|Ogerpon-Wellspring, L50, F|\n|poke|p1|Typhlosion-Hisui, L50, F|\n|poke|p1|Morgrem, L50, M|\n|poke|p1|Jumpluff, L50, M|\n|poke|p1|Arcanine, L50, M|\n|poke|p2|Bruxish, L50, F|\n|poke|p2|Dragapult, L50, M|\n|poke|p2|Zapdos, L50|\n|poke|p2|Chi-Yu, L50|\n|poke|p2|Clodsire, L50, M|\n|poke|p2|Clefable, L50, M|\n|teampreview|4\nAnts at a picnic rejected open team sheets.\n|c|\u2606Ants at a picnic|https:\/\/pokepast.es\/55691d1599875c0b\n|c|\u2606CasualPizza|https:\/\/pokepast.es\/f76366b71be57ea0\n|c|\u2606Ants at a picnic|GLHF\n|c|\u2606CasualPizza|u2\n|j| JabsGR\n|\n|t:|1700049844\n|start\n|switch|p1a: splash!!!|Ogerpon-Wellspring, L50, F|100\/100\n|switch|p1b: clap!!!|Iron Hands, L50|100\/100\n|switch|p2a: Dragapult|Dragapult, L50, M|100\/100\n|switch|p2b: Bruxish|Bruxish, L50, F|100\/100\n|turn|1\n|\n|t:|1700049874\n|move|p2a: Dragapult|Will-O-Wisp|p1b: clap!!!\n|-status|p1b: clap!!!|brn\n|move|p1a: splash!!!|Knock Off|p2a: Dragapult\n|-supereffective|p2a: Dragapult\n|-damage|p2a: Dragapult|9\/100\n|-enditem|p2a: Dragapult|Choice Scarf|[from] move: Knock Off|[of] p1a: splash!!!\n|move|p2b: Bruxish|Reflect|p2b: Bruxish\n|-sidestart|p2: Ants at a picnic|Reflect\n|move|p1b: clap!!!|Wild Charge|p2b: Bruxish\n|-supereffective|p2b: Bruxish\n|-damage|p2b: Bruxish|41\/100\n|-damage|p1b: clap!!!|91\/100 brn|[from] Recoil\n|\n|-damage|p1b: clap!!!|85\/100 brn|[from] brn\n|upkeep\n|turn|2\n|\n|t:|1700049907\n|switch|p2a: Zapdos|Zapdos, L50|100\/100\n|move|p1a: splash!!!|Spiky Shield|p1a: splash!!!\n|-singleturn|p1a: splash!!!|move: Protect\n|move|p2b: Bruxish|Psychic Fangs|p1b: clap!!!\n|-supereffective|p1b: clap!!!\n|-damage|p1b: clap!!!|34\/100 brn\n|move|p1b: clap!!!|Wild Charge|p2b: Bruxish\n|-supereffective|p2b: Bruxish\n|-damage|p2b: Bruxish|0 fnt\n|faint|p2b: Bruxish\n|-damage|p1b: clap!!!|28\/100 brn|[from] Recoil\n|\n|-damage|p1b: clap!!!|22\/100 brn|[from] brn\n|upkeep\n|\n|t:|1700049931\n|switch|p2b: Dragapult|Dragapult, L50, M|9\/100\n|turn|3\n|\n|t:|1700049996\n|-terastallize|p2a: Zapdos|Electric\n|move|p2b: Dragapult|Dragon Darts|p1b: clap!!!\n|-damage|p1b: clap!!!|3\/100 brn\n|-anim|p2b: Dragapult|Dragon Darts|p1a: splash!!!\n|-damage|p1a: splash!!!|66\/100\n|move|p1a: splash!!!|Ivy Cudgel|p2a: Zapdos|[anim] Ivy Cudgel Water\n|-damage|p2a: Zapdos|56\/100\n|move|p2a: Zapdos|Thunderbolt|p1a: splash!!!\n|-damage|p1a: splash!!!|6\/100\n|move|p1b: clap!!!|Heavy Slam|p2b: Dragapult\n|-damage|p2b: Dragapult|0 fnt\n|faint|p2b: Dragapult\n|\n|-damage|p1b: clap!!!|0 fnt|[from] brn\n|faint|p1b: clap!!!\n|-end|p1b: clap!!!|Quark Drive|[silent]\n|upkeep\n|\n|t:|1700050030\n|switch|p2b: Clodsire|Clodsire, L50, M|100\/100\n|switch|p1b: doge!!!|Arcanine, L50, M, shiny|100\/100\n|-item|p2b: Clodsire|Air Balloon\n|turn|4\n|\n|t:|1700050103\n|-terastallize|p1b: doge!!!|Grass\n|move|p1a: splash!!!|Spiky Shield|p1a: splash!!!\n|-singleturn|p1a: splash!!!|move: Protect\n|move|p2a: Zapdos|Protect|p2a: Zapdos\n|-singleturn|p2a: Zapdos|Protect\n|move|p1b: doge!!!|Flare Blitz|p2a: Zapdos\n|-activate|p2a: Zapdos|move: Protect\n|move|p2b: Clodsire|Earth Power|p1b: doge!!!\n|-resisted|p1b: doge!!!\n|-damage|p1b: doge!!!|88\/100\n|\n|upkeep\n|turn|5\n|\n|t:|1700050138\n|move|p1a: splash!!!|Ivy Cudgel|p2a: Zapdos|[anim] Ivy Cudgel Water\n|-damage|p2a: Zapdos|19\/100\n|move|p2a: Zapdos|Thunderbolt|p1a: splash!!!\n|-damage|p1a: splash!!!|0 fnt\n|faint|p1a: splash!!!\n|move|p1b: doge!!!|Flare Blitz|p2a: Zapdos\n|-damage|p2a: Zapdos|0 fnt\n|faint|p2a: Zapdos\n|-damage|p1b: doge!!!|82\/100|[from] Recoil\n|move|p2b: Clodsire|Sludge Bomb|p1b: doge!!!\n|-supereffective|p1b: doge!!!\n|-damage|p1b: doge!!!|22\/100\n|-enditem|p1b: doge!!!|Sitrus Berry|[eat]\n|-heal|p1b: doge!!!|47\/100|[from] item: Sitrus Berry\n|\n|-sideend|p2: Ants at a picnic|Reflect\n|upkeep\n|\n|t:|1700050143\n|switch|p1a: weasel???|Typhlosion-Hisui, L50, F, shiny|100\/100\n|-item|p2b: Clodsire|Air Balloon|[from] ability: Frisk|[of] p1a: weasel???|[identify]\n|turn|6\n|\n|t:|1700050161\n|move|p1a: weasel???|Eruption|p2b: Clodsire\n|-damage|p2b: Clodsire|38\/100\n|-enditem|p2b: Clodsire|Air Balloon\n|move|p1b: doge!!!|Flare Blitz|p2b: Clodsire\n|-damage|p2b: Clodsire|0 fnt\n|faint|p2b: Clodsire\n|-damage|p1b: doge!!!|34\/100|[from] Recoil\n|\n|win|CasualPizza\n|c|&|\/uhtml prompt-casualpizza,CasualPizza is ready for game 2!\n|inactive|Ants at a picnic has 50 seconds to confirm battle start!\n|j| Luckiest Ludicolo\n|c|\u2606CasualPizza|gg\n|c|&|\/uhtml prompt-antsatapicnic,Ants at a picnic is ready for game 2!\nBoth players are ready! Starting next match!\n|l| Luckiest Ludicolo\n|c|\u2606CasualPizza|https:\/\/play.pokemonshowdown.com\/battle-gen9vgc2023regulatione-1991148167\n|c|\u2606CasualPizza|next game\n|j| dragonboy2100\n|l| dragonboy2100\n|l| JabsGR\n|l|\u2606Ants at a picnic\n","uploadtime":1700050171,"views":13,"p1id":"casualpizza","p2id":"antsatapicnic","formatid":"gen9vgc2023regulatione","rating":0,"private":0,"password":""}