{"id":"gen9vgc2023regulatione-1994401649","p1":"Best dozo player","p2":"MidianVGC","format":"[Gen 9] VGC 2023 Regulation E","log":"|j|\u2606Best dozo player\n|j|\u2606MidianVGC\n|t:|1700439772\n|gametype|doubles\n|player|p1|Best dozo player|giovanni|1436\n|player|p2|MidianVGC|266|1350\n|teamsize|p1|6\n|teamsize|p2|6\n|gen|9\n|tier|[Gen 9] VGC 2023 Regulation E\n|rated|\n|rule|Species Clause: Limit one of each Pok\u00e9mon\n|rule|Item Clause: Limit one of each item\n|clearpoke\n|poke|p1|Zapdos-Galar, L50|\n|poke|p1|Chien-Pao, L50|\n|poke|p1|Rillaboom, L50, F|\n|poke|p1|Heatran, L50, F|\n|poke|p1|Dondozo, L50, F|\n|poke|p1|Dragonite, L50, F|\n|poke|p2|Landorus-Therian, L50, M|\n|poke|p2|Iron Hands, L50|\n|poke|p2|Tornadus, L50, M|\n|poke|p2|Urshifu-*, L50, M|\n|poke|p2|Annihilape, L50, M|\n|poke|p2|Ogerpon-Wellspring, L50, F|\n|teampreview|4\n|inactive|Battle timer is ON: inactive players will automatically lose when time's up. (requested by Best dozo player)\n|inactive|MidianVGC has 60 seconds left.\n|inactive|MidianVGC has 30 seconds left.\n|\n|t:|1700439866\n|start\n|switch|p1a: Zapdos|Zapdos-Galar, L50|100\/100\n|switch|p1b: Rillaboom|Rillaboom, L50, F|100\/100\n|switch|p2a: Tornadus|Tornadus, L50, M, shiny|100\/100\n|switch|p2b: Landorus|Landorus-Therian, L50, M, shiny|100\/100\n|-ability|p2b: Landorus|Intimidate|boost\n|-unboost|p1a: Zapdos|atk|1\n|-ability|p1a: Zapdos|Defiant|boost\n|-boost|p1a: Zapdos|atk|2\n|-unboost|p1b: Rillaboom|atk|1\n|-fieldstart|move: Grassy Terrain|[from] ability: Grassy Surge|[of] p1b: Rillaboom\n|turn|1\n|inactive|Best dozo player has 30 seconds left.\n|inactive|MidianVGC has 30 seconds left.\n|inactive|Best dozo player has 20 seconds left.\n|inactive|MidianVGC has 20 seconds left.\n|inactive|Best dozo player has 15 seconds left.\n|inactive|MidianVGC has 15 seconds left.\n|inactive|Best dozo player has 10 seconds left.\n|inactive|Best dozo player has 5 seconds left.\n|\n|t:|1700439918\n|-terastallize|p2b: Landorus|Flying\n|move|p2a: Tornadus|Protect|p2a: Tornadus\n|-singleturn|p2a: Tornadus|Protect\n|move|p1b: Rillaboom|Fake Out|p2a: Tornadus\n|-activate|p2a: Tornadus|move: Protect\n|move|p1a: Zapdos|Brave Bird|p2a: Tornadus\n|-activate|p2a: Tornadus|move: Protect\n|move|p2b: Landorus|Tera Blast|p1b: Rillaboom|[anim] Tera Blast Flying\n|-supereffective|p1b: Rillaboom\n|-damage|p1b: Rillaboom|0 fnt\n|faint|p1b: Rillaboom\n|\n|upkeep\n|\n|t:|1700439927\n|switch|p1b: Dragonite|Dragonite, L50, F, shiny|100\/100\n|turn|2\n|inactive|Best dozo player has 30 seconds left.\n|inactive|Best dozo player has 20 seconds left.\n|\n|t:|1700439965\n|-terastallize|p1a: Zapdos|Ghost\n|move|p1b: Dragonite|Extreme Speed|p2b: Landorus\n|-crit|p2b: Landorus\n|-damage|p2b: Landorus|11\/100\n|move|p2a: Tornadus|Tailwind|p2a: Tornadus\n|-sidestart|p2: MidianVGC|move: Tailwind\n|move|p2b: Landorus|Tera Blast|p1a: Zapdos|[anim] Tera Blast Flying\n|-damage|p1a: Zapdos|0 fnt\n|faint|p1a: Zapdos\n|\n|upkeep\n|\n|t:|1700439974\n|switch|p1a: Dondozo|Dondozo, L50, F|100\/100\n|turn|3\n|\n|t:|1700439987\n|switch|p2b: Annihilape|Annihilape, L50, M, shiny|100\/100\n|move|p1b: Dragonite|Extreme Speed|p2a: Tornadus\n|-damage|p2a: Tornadus|57\/100\n|-damage|p1b: Dragonite|84\/100|[from] item: Rocky Helmet|[of] p2a: Tornadus\n|move|p2a: Tornadus|Taunt|p1a: Dondozo\n|-start|p1a: Dondozo|move: Taunt\n|move|p1a: Dondozo|Wave Crash|p2b: Annihilape\n|-damage|p2b: Annihilape|56\/100\n|-damage|p1a: Dondozo|89\/100|[from] Recoil\n|\n|-heal|p2b: Annihilape|62\/100|[from] Grassy Terrain\n|-heal|p1a: Dondozo|95\/100|[from] Grassy Terrain\n|upkeep\n|turn|4\n|inactive|MidianVGC has 30 seconds left.\n|\n|t:|1700440019\n|switch|p2a: Landorus|Landorus-Therian, L50, M, shiny, tera:Flying|11\/100\n|-ability|p2a: Landorus|Intimidate|boost\n|-unboost|p1a: Dondozo|atk|1\n|-fail|p1b: Dragonite|unboost|Attack|[from] ability: Inner Focus|[of] p1b: Dragonite\n|move|p1b: Dragonite|Extreme Speed|p2a: Landorus\n|-damage|p2a: Landorus|0 fnt\n|faint|p2a: Landorus\n|move|p2b: Annihilape|Bulk Up|p2b: Annihilape\n|-boost|p2b: Annihilape|atk|1\n|-boost|p2b: Annihilape|def|1\n|move|p1a: Dondozo|Fissure|p2b: Annihilape|[miss]\n|-miss|p1a: Dondozo|p2b: Annihilape\n|\n|-heal|p2b: Annihilape|68\/100|[from] Grassy Terrain\n|-heal|p1a: Dondozo|100\/100|[from] Grassy Terrain\n|upkeep\n|\n|t:|1700440036\n|switch|p2a: Iron Hands|Iron Hands, L50, shiny|100\/100\n|turn|5\n|inactive|MidianVGC has 30 seconds left.\n|\n|t:|1700440068\n|move|p1b: Dragonite|Extreme Speed|p2a: Iron Hands\n|-damage|p2a: Iron Hands|70\/100\n|move|p2b: Annihilape|Drain Punch|p1a: Dondozo\n|-damage|p1a: Dondozo|78\/100\n|-heal|p2b: Annihilape|82\/100|[from] drain|[of] p1a: Dondozo\n|-damage|p2b: Annihilape|66\/100|[from] item: Rocky Helmet|[of] p1a: Dondozo\n|move|p2a: Iron Hands|Ice Punch|p1b: Dragonite\n|-supereffective|p1b: Dragonite\n|-damage|p1b: Dragonite|0 fnt\n|faint|p1b: Dragonite\n|move|p1a: Dondozo|Fissure|p2b: Annihilape\n|-damage|p2b: Annihilape|0 fnt\n|faint|p2b: Annihilape\n|-ohko\n|\n|-heal|p2a: Iron Hands|76\/100|[from] Grassy Terrain\n|-heal|p1a: Dondozo|84\/100|[from] Grassy Terrain\n|-end|p1a: Dondozo|move: Taunt\n|-sideend|p2: MidianVGC|move: Tailwind\n|-fieldend|move: Grassy Terrain\n|upkeep\n|\n|t:|1700440075\n|switch|p2b: Tornadus|Tornadus, L50, M, shiny|57\/100\n|turn|6\n|\n|t:|1700440092\n|move|p2b: Tornadus|Tailwind|p2b: Tornadus\n|-sidestart|p2: MidianVGC|move: Tailwind\n|move|p2a: Iron Hands|Wild Charge|p1a: Dondozo\n|-supereffective|p1a: Dondozo\n|-damage|p1a: Dondozo|18\/100\n|-damage|p2a: Iron Hands|59\/100|[from] item: Rocky Helmet|[of] p1a: Dondozo\n|-damage|p2a: Iron Hands|41\/100|[from] Recoil\n|move|p1a: Dondozo|Fissure|p2a: Iron Hands|[miss]\n|-miss|p1a: Dondozo|p2a: Iron Hands\n|\n|upkeep\n|turn|7\n|\n|t:|1700440100\n|move|p2b: Tornadus|Bleakwind Storm|p1a: Dondozo\n|-damage|p1a: Dondozo|0 fnt\n|faint|p1a: Dondozo\n|\n|win|MidianVGC\n|raw|Best dozo player's rating: 1436 &rarr; <strong>1411<\/strong><br \/>(-25 for losing)\n|raw|MidianVGC's rating: 1350 &rarr; <strong>1375<\/strong><br \/>(+25 for winning)\n|l|\u2606Best dozo player\n","uploadtime":1700440120,"views":17,"p1id":"bestdozoplayer","p2id":"midianvgc","formatid":"gen9vgc2023regulatione","rating":1375,"private":0,"password":""}