{"id":"gen9vgc2023regulatione-1998140217","p1":"jimmyjemima","p2":"cocoistrans","format":"[Gen 9] VGC 2023 Regulation E","log":"|j|\u2606jimmyjemima\n|j|\u2606cocoistrans\n|t:|1700898978\n|gametype|doubles\n|player|p1|jimmyjemima|265|1153\n|player|p2|cocoistrans|flannery|1137\n|teamsize|p1|6\n|teamsize|p2|6\n|gen|9\n|tier|[Gen 9] VGC 2023 Regulation E\n|rated|\n|rule|Species Clause: Limit one of each Pok\u00e9mon\n|rule|Item Clause: Limit one of each item\n|clearpoke\n|poke|p1|Torkoal, L50, M|\n|poke|p1|Rillaboom, L50, F|\n|poke|p1|Leafeon, L50, F|\n|poke|p1|Heatran, L50, M|\n|poke|p1|Sandy Shocks, L50|\n|poke|p1|Flutter Mane, L50|\n|poke|p2|Kommo-o, L50, M|\n|poke|p2|Tyranitar, L50, M|\n|poke|p2|Rillaboom, L50, F|\n|poke|p2|Flutter Mane, L50|\n|poke|p2|Arcanine-Hisui, L50, M|\n|poke|p2|Iron Bundle, L50|\n|teampreview|4\ncocoistrans has agreed to open team sheets.\n|\n|t:|1700899028\n|start\n|switch|p1a: Torkoal|Torkoal, L50, M|100\/100\n|switch|p1b: Flutter Mane|Flutter Mane, L50|100\/100\n|switch|p2a: Iron Bundle|Iron Bundle, L50|100\/100\n|switch|p2b: Flutter Mane|Flutter Mane, L50|100\/100\n|-weather|SunnyDay|[from] ability: Drought|[of] p1a: Torkoal\n|-activate|p1b: Flutter Mane|ability: Protosynthesis\n|-start|p1b: Flutter Mane|protosynthesisspe\n|-activate|p2b: Flutter Mane|ability: Protosynthesis\n|-start|p2b: Flutter Mane|protosynthesisspe\n|-enditem|p2a: Iron Bundle|Booster Energy\n|-activate|p2a: Iron Bundle|ability: Quark Drive|[fromitem]\n|-start|p2a: Iron Bundle|quarkdrivespe\n|turn|1\n|\n|t:|1700899059\n|switch|p1a: Rillaboom|Rillaboom, L50, F|100\/100\n|-fieldstart|move: Grassy Terrain|[from] ability: Grassy Surge|[of] p1a: Rillaboom\n|move|p2a: Iron Bundle|Hydro Pump|p1a: Rillaboom|[miss]\n|-miss|p2a: Iron Bundle|p1a: Rillaboom\n|move|p1b: Flutter Mane|Calm Mind|p1b: Flutter Mane\n|-boost|p1b: Flutter Mane|spa|1\n|-boost|p1b: Flutter Mane|spd|1\n|move|p2b: Flutter Mane|Moonblast|p1b: Flutter Mane\n|-damage|p1b: Flutter Mane|43\/100\n|-enditem|p1b: Flutter Mane|Red Card|[of] p2b: Flutter Mane\n|-end|p2b: Flutter Mane|Protosynthesis|[silent]\n|drag|p2b: Kommo-o|Kommo-o, L50, M, shiny|100\/100\n|\n|-weather|SunnyDay|[upkeep]\n|-heal|p1b: Flutter Mane|49\/100|[from] Grassy Terrain\n|upkeep\n|turn|2\n|\n|t:|1700899085\n|switch|p2b: Flutter Mane|Flutter Mane, L50|100\/100\n|-activate|p2b: Flutter Mane|ability: Protosynthesis\n|-start|p2b: Flutter Mane|protosynthesisspe\n|move|p1a: Rillaboom|Grassy Glide|p2a: Iron Bundle\n|-supereffective|p2a: Iron Bundle\n|-damage|p2a: Iron Bundle|3\/100\n|move|p2a: Iron Bundle|Freeze-Dry|p1b: Flutter Mane\n|-damage|p1b: Flutter Mane|23\/100\n|move|p1b: Flutter Mane|Dazzling Gleam|p2a: Iron Bundle|[spread] p2a,p2b\n|-damage|p2a: Iron Bundle|0 fnt\n|-damage|p2b: Flutter Mane|64\/100\n|faint|p2a: Iron Bundle\n|-end|p2a: Iron Bundle|Quark Drive|[silent]\n|\n|-weather|SunnyDay|[upkeep]\n|-heal|p1b: Flutter Mane|29\/100|[from] Grassy Terrain\n|-heal|p2b: Flutter Mane|70\/100|[from] Grassy Terrain\n|upkeep\n|\n|t:|1700899102\n|switch|p2a: Kommo-o|Kommo-o, L50, M, shiny|100\/100\n|turn|3\n|\n|t:|1700899125\n|-terastallize|p2a: Kommo-o|Steel\n|move|p1a: Rillaboom|Grassy Glide|p2b: Flutter Mane\n|-damage|p2b: Flutter Mane|0 fnt\n|faint|p2b: Flutter Mane\n|-end|p2b: Flutter Mane|Protosynthesis|[silent]\n|move|p1b: Flutter Mane|Dazzling Gleam|p2a: Kommo-o\n|-resisted|p2a: Kommo-o\n|-damage|p2a: Kommo-o|76\/100\n|move|p2a: Kommo-o|Iron Head|p1a: Rillaboom\n|-damage|p1a: Rillaboom|74\/100\n|\n|-weather|SunnyDay|[upkeep]\n|-heal|p1b: Flutter Mane|35\/100|[from] Grassy Terrain\n|-heal|p2a: Kommo-o|82\/100|[from] Grassy Terrain\n|-heal|p2a: Kommo-o|88\/100|[from] item: Leftovers\n|-heal|p1a: Rillaboom|80\/100|[from] Grassy Terrain\n|upkeep\n|\n|t:|1700899143\n|switch|p2b: Tyranitar|Tyranitar, L50, M|100\/100\n|-weather|Sandstorm|[from] ability: Sand Stream|[of] p2b: Tyranitar\n|-end|p1b: Flutter Mane|Protosynthesis\n|turn|4\n|\n|t:|1700899158\n|move|p1b: Flutter Mane|Dazzling Gleam|p2b: Tyranitar|[spread] p2a,p2b\n|-resisted|p2a: Kommo-o\n|-supereffective|p2b: Tyranitar\n|-damage|p2a: Kommo-o|69\/100\n|-damage|p2b: Tyranitar|60\/100\n|move|p2b: Tyranitar|Low Kick|p1a: Rillaboom\n|-damage|p1a: Rillaboom|50\/100\n|move|p2a: Kommo-o|Body Press|p1a: Rillaboom\n|-damage|p1a: Rillaboom|12\/100\n|move|p1a: Rillaboom|High Horsepower|p2a: Kommo-o\n|-supereffective|p2a: Kommo-o\n|-damage|p2a: Kommo-o|25\/100\n|\n|-weather|Sandstorm|[upkeep]\n|-damage|p1b: Flutter Mane|29\/100|[from] Sandstorm\n|-damage|p1a: Rillaboom|6\/100|[from] Sandstorm\n|-heal|p1b: Flutter Mane|35\/100|[from] Grassy Terrain\n|-heal|p2b: Tyranitar|66\/100|[from] Grassy Terrain\n|-heal|p2a: Kommo-o|31\/100|[from] Grassy Terrain\n|-heal|p2a: Kommo-o|37\/100|[from] item: Leftovers\n|-heal|p1a: Rillaboom|12\/100|[from] Grassy Terrain\n|upkeep\n|turn|5\n|\n|t:|1700899185\n|move|p2a: Kommo-o|Protect|p2a: Kommo-o\n|-singleturn|p2a: Kommo-o|Protect\n|move|p1a: Rillaboom|Grassy Glide|p2b: Tyranitar\n|-supereffective|p2b: Tyranitar\n|-damage|p2b: Tyranitar|0 fnt\n|faint|p2b: Tyranitar\n|move|p1b: Flutter Mane|Calm Mind|p1b: Flutter Mane\n|-boost|p1b: Flutter Mane|spa|1\n|-boost|p1b: Flutter Mane|spd|1\n|\n|-weather|Sandstorm|[upkeep]\n|-damage|p1b: Flutter Mane|29\/100|[from] Sandstorm\n|-damage|p1a: Rillaboom|6\/100|[from] Sandstorm\n|-heal|p1b: Flutter Mane|35\/100|[from] Grassy Terrain\n|-heal|p2a: Kommo-o|43\/100|[from] Grassy Terrain\n|-heal|p2a: Kommo-o|49\/100|[from] item: Leftovers\n|-heal|p1a: Rillaboom|12\/100|[from] Grassy Terrain\n|upkeep\n|turn|6\n|\n|t:|1700899204\n|move|p1a: Rillaboom|Grassy Glide|p2a: Kommo-o\n|-resisted|p2a: Kommo-o\n|-damage|p2a: Kommo-o|36\/100\n|move|p1b: Flutter Mane|Stored Power|p2a: Kommo-o\n|-resisted|p2a: Kommo-o\n|-damage|p2a: Kommo-o|10\/100\n|move|p2a: Kommo-o|Body Press|p1a: Rillaboom\n|-damage|p1a: Rillaboom|0 fnt\n|faint|p1a: Rillaboom\n|\n|-weather|Sandstorm|[upkeep]\n|-damage|p1b: Flutter Mane|29\/100|[from] Sandstorm\n|-heal|p1b: Flutter Mane|35\/100|[from] Grassy Terrain\n|-heal|p2a: Kommo-o|16\/100|[from] Grassy Terrain\n|-heal|p2a: Kommo-o|22\/100|[from] item: Leftovers\n|upkeep\n|\n|t:|1700899214\n|switch|p1a: Sandy Shocks|Sandy Shocks, L50|100\/100\n|turn|7\n|\n|t:|1700899224\n|move|p1b: Flutter Mane|Stored Power|p2a: Kommo-o\n|-resisted|p2a: Kommo-o\n|-damage|p2a: Kommo-o|0 fnt\n|faint|p2a: Kommo-o\n|\n|win|jimmyjemima\n|raw|jimmyjemima's rating: 1135 &rarr; <strong>1160<\/strong><br \/>(+25 for winning)\n|raw|cocoistrans's rating: 1137 &rarr; <strong>1112<\/strong><br \/>(-25 for losing)\n|l|\u2606cocoistrans\n","uploadtime":1700899237,"views":3,"p1id":"jimmyjemima","p2id":"cocoistrans","formatid":"gen9vgc2023regulatione","rating":1112,"private":0,"password":""}