{"id":"gen9vgc2023regulatione-1989124075","p1":"bigg.mac210","p2":"WilfredVGC","format":"[Gen 9] VGC 2023 Regulation E","log":"|j|\u2606bigg.mac210\n|j|\u2606WilfredVGC\n|t:|1699814814\n|gametype|doubles\n|player|p1|bigg.mac210|170|\n|player|p2|WilfredVGC|sabrina-masters|\n|teamsize|p1|6\n|teamsize|p2|6\n|gen|9\n|tier|[Gen 9] VGC 2023 Regulation E\n|rule|Species Clause: Limit one of each Pok\u00e9mon\n|rule|Item Clause: Limit one of each item\n|clearpoke\n|poke|p1|Jumpluff, L50, M|\n|poke|p1|Charizard, L50, F|\n|poke|p1|Ninetales, L50, F|\n|poke|p1|Orthworm, L50, M|\n|poke|p1|Mudsdale, L50, M|\n|poke|p1|Ambipom, L50, F|\n|poke|p2|Abomasnow, L50, M|\n|poke|p2|Gastrodon, L50, F|\n|poke|p2|Mimikyu, L50, F|\n|poke|p2|Urshifu-*, L50, M|\n|poke|p2|Brute Bonnet, L50|\n|poke|p2|Ting-Lu, L50|\n|teampreview|4\nWilfredVGC has agreed to open team sheets.\n|c|\u2606WilfredVGC|gl hf!\n|c|\u2606bigg.mac210|you too\nbigg.mac210 has agreed to open team sheets.\n|showteam|p1|Jumpluff||MentalHerb|Chlorophyll|RagePowder,SleepPowder,Tailwind,SolarBeam|||M|||50|,,,,,Grass]Charizard||ChoiceScarf|SolarPower|AirSlash,HeatWave,SolarBeam,FocusBlast|||F|||50|,,,,,Fire]Ninetales||EjectPack|Drought|Overheat,WillOWisp,HelpingHand,SolarBeam|||F|||50|,,,,,Fire]Orthworm||SitrusBerry|EarthEater|BodyPress,HeavySlam,RockSlide,Coil|||M|||50|,,,,,Steel]Mudsdale||AssaultVest|Stamina|Earthquake,RockSlide,BodyPress,HeavySlam|||M|||50|,,,,,Grass]Ambipom||SilkScarf|Technician|DoubleHit,Protect,FakeOut,Trailblaze|||F|||50|,,,,,Normal\n|showteam|p2|Abomasnow||LightClay|SnowWarning|AuroraVeil,GigaDrain,Blizzard,Protect|||M|||50|,,,,,Fire]Gastrodon||Leftovers|StickyHold|Yawn,EarthPower,IceBeam,Protect|||F|||50|,,,,,Fairy]Mimikyu||MentalHerb|Disguise|ShadowSneak,PlayRough,TrickRoom,Protect|||F|||50|,,,,,Grass]Urshifu||BlackGlasses|UnseenFist|WickedBlow,SuckerPunch,CloseCombat,Taunt|||M|||50|,,,,,Dark]Brute Bonnet||SitrusBerry|Protosynthesis|Spore,SeedBomb,Crunch,Protect||||||50|,,,,,Fairy]Ting-Lu||AssaultVest|VesselofRuin|Fissure,Ruination,ThroatChop,StoneEdge||||||50|,,,,,Dragon\n|\n|t:|1699814847\n|start\n|switch|p1a: Jumpluff|Jumpluff, L50, M|100\/100\n|switch|p1b: Ninetales|Ninetales, L50, F|100\/100\n|switch|p2a: Ting-Lu|Ting-Lu, L50|100\/100\n|switch|p2b: Wilfredasnow|Abomasnow, L50, M|100\/100\n|-weather|SunnyDay|[from] ability: Drought|[of] p1b: Ninetales\n|-weather|Snow|[from] ability: Snow Warning|[of] p2b: Wilfredasnow\n|-ability|p2a: Ting-Lu|Vessel of Ruin\n|turn|1\n|\n|t:|1699814871\n|switch|p2a: Brutefred|Brute Bonnet, L50|100\/100\n|-terastallize|p2b: Wilfredasnow|Fire\n|move|p1a: Jumpluff|Tailwind|p1a: Jumpluff\n|-sidestart|p1: bigg.mac210|move: Tailwind\n|move|p1b: Ninetales|Overheat|p2b: Wilfredasnow\n|-resisted|p2b: Wilfredasnow\n|-damage|p2b: Wilfredasnow|74\/100\n|-unboost|p1b: Ninetales|spa|2\n|-enditem|p1b: Ninetales|Eject Pack\n|\n|t:|1699814883\n|switch|p1b: Ambipom|Ambipom, L50, F|100\/100\n|move|p2b: Wilfredasnow|Blizzard|p1a: Jumpluff|[spread] p1a,p1b\n|-supereffective|p1a: Jumpluff\n|-damage|p1a: Jumpluff|0 fnt\n|-damage|p1b: Ambipom|44\/100\n|faint|p1a: Jumpluff\n|\n|-weather|Snow|[upkeep]\n|upkeep\n|\n|t:|1699814892\n|switch|p1a: Ninetales|Ninetales, L50, F|100\/100\n|-weather|SunnyDay|[from] ability: Drought|[of] p1a: Ninetales\n|-activate|p2a: Brutefred|ability: Protosynthesis\n|-start|p2a: Brutefred|protosynthesisatk\n|turn|2\n|\n|t:|1699814909\n|switch|p2b: Ting-Lu|Ting-Lu, L50|100\/100\n|-ability|p2b: Ting-Lu|Vessel of Ruin\n|move|p2a: Brutefred|Protect|p2a: Brutefred\n|-singleturn|p2a: Brutefred|Protect\n|move|p1b: Ambipom|Fake Out|p2a: Brutefred\n|-activate|p2a: Brutefred|move: Protect\n|move|p1a: Ninetales|Overheat|p2a: Brutefred\n|-activate|p2a: Brutefred|move: Protect\n|\n|-weather|SunnyDay|[upkeep]\n|upkeep\n|turn|3\n|\n|t:|1699814931\n|switch|p1a: Charizard|Charizard, L50, F|100\/100\n|-end|p2a: Brutefred|Protosynthesis|[silent]\n|switch|p2a: Wilfredasnow|Abomasnow, L50, M, tera:Fire|74\/100\n|-weather|Snow|[from] ability: Snow Warning|[of] p2a: Wilfredasnow\n|move|p1b: Ambipom|Double Hit|p2b: Ting-Lu\n|-damage|p2b: Ting-Lu|85\/100\n|-damage|p2b: Ting-Lu|70\/100\n|-hitcount|p2b: Ting-Lu|2\n|move|p2b: Ting-Lu|Stone Edge|p1a: Charizard\n|-supereffective|p1a: Charizard\n|-damage|p1a: Charizard|0 fnt\n|faint|p1a: Charizard\n|\n|-weather|Snow|[upkeep]\n|upkeep\n|\n|t:|1699814945\n|switch|p1a: Ninetales|Ninetales, L50, F|100\/100\n|-weather|SunnyDay|[from] ability: Drought|[of] p1a: Ninetales\n|turn|4\n|\n|t:|1699814955\n|move|p1a: Ninetales|Helping Hand|p1b: Ambipom\n|-singleturn|p1b: Ambipom|Helping Hand|[of] p1a: Ninetales\n|move|p1b: Ambipom|Double Hit|p2b: Ting-Lu\n|-damage|p2b: Ting-Lu|47\/100\n|-damage|p2b: Ting-Lu|24\/100\n|-hitcount|p2b: Ting-Lu|2\n|move|p2a: Wilfredasnow|Giga Drain|p1b: Ambipom\n|-damage|p1b: Ambipom|2\/100\n|-heal|p2a: Wilfredasnow|90\/100|[from] drain|[of] p1b: Ambipom\n|move|p2b: Ting-Lu|Stone Edge|p1a: Ninetales|[miss]\n|-miss|p2b: Ting-Lu|p1a: Ninetales\n|\n|-weather|SunnyDay|[upkeep]\n|-sideend|p1: bigg.mac210|move: Tailwind\n|upkeep\n|turn|5\n|\n|t:|1699814975\n|switch|p2b: Brutefred|Brute Bonnet, L50|100\/100\n|-activate|p2b: Brutefred|ability: Protosynthesis\n|-start|p2b: Brutefred|protosynthesisatk\n|move|p1b: Ambipom|Trailblaze|p2b: Brutefred\n|-resisted|p2b: Brutefred\n|-damage|p2b: Brutefred|93\/100\n|-boost|p1b: Ambipom|spe|1\n|move|p1a: Ninetales|Overheat|p1b: Ambipom\n|-damage|p1b: Ambipom|0 fnt\n|-unboost|p1a: Ninetales|spa|2\n|faint|p1b: Ambipom\n|move|p2a: Wilfredasnow|Giga Drain|p1a: Ninetales\n|-resisted|p1a: Ninetales\n|-damage|p1a: Ninetales|81\/100\n|-heal|p2a: Wilfredasnow|98\/100|[from] drain|[of] p1a: Ninetales\n|\n|-weather|SunnyDay|[upkeep]\n|upkeep\n|turn|6\n|\n|t:|1699814997\n|switch|p2a: Wilfredfu|Urshifu, L50, M|100\/100\n|move|p1a: Ninetales|Solar Beam||[still]\n|-prepare|p1a: Ninetales|Solar Beam\n|-anim|p1a: Ninetales|Solar Beam|p2a: Wilfredfu\n|-damage|p2a: Wilfredfu|84\/100\n|move|p2b: Brutefred|Spore|p1a: Ninetales\n|-status|p1a: Ninetales|slp|[from] move: Spore\n|\n|-weather|SunnyDay|[upkeep]\n|upkeep\n|turn|7\n|\n|t:|1699815008\n|-end|p2b: Brutefred|Protosynthesis|[silent]\n|switch|p2b: Wilfredasnow|Abomasnow, L50, M, tera:Fire|98\/100\n|-weather|Snow|[from] ability: Snow Warning|[of] p2b: Wilfredasnow\n|cant|p1a: Ninetales|slp\n|move|p2a: Wilfredfu|Wicked Blow|p1a: Ninetales\n|-crit|p1a: Ninetales\n|-damage|p1a: Ninetales|0 fnt\n|faint|p1a: Ninetales\n|\n|win|WilfredVGC\n","uploadtime":1699815016,"views":20,"p1id":"biggmac210","p2id":"wilfredvgc","formatid":"gen9vgc2023regulatione","rating":0,"private":0,"password":""}