{"id":"gen9vgc2023regulatione-1991236527","p1":"Rhyfinn 05","p2":"f bruxxelia","format":"[Gen 9] VGC 2023 Regulation E","log":"|j|\u2606Rhyfinn 05\n|j|\u2606f bruxxelia\n|t:|1700060004\n|gametype|doubles\n|player|p1|Rhyfinn 05|alder|1000\n|player|p2|f bruxxelia|lusamine-nihilego|1026\n|teamsize|p1|6\n|teamsize|p2|5\n|gen|9\n|tier|[Gen 9] VGC 2023 Regulation E\n|rated|\n|rule|Species Clause: Limit one of each Pok\u00e9mon\n|rule|Item Clause: Limit one of each item\n|clearpoke\n|poke|p1|Iron Hands, L50|\n|poke|p1|Iron Bundle, L50|\n|poke|p1|Chi-Yu, L50|\n|poke|p1|Flutter Mane, L50|\n|poke|p1|Tornadus, L50, M|\n|poke|p1|Amoonguss, L50, F|\n|poke|p2|Oranguru, L50, F|\n|poke|p2|Sinistcha, L50|\n|poke|p2|Golem-Alola, L50, M|\n|poke|p2|Gyarados, L50, M|\n|poke|p2|Carbink, L50|\n|teampreview|4\n|inactive|Battle timer is ON: inactive players will automatically lose when time's up. (requested by Rhyfinn 05)\n|inactive|Rhyfinn 05 has 60 seconds left.\n|\n|t:|1700060054\n|start\n|switch|p1a: Iron Bundle|Iron Bundle, L50|100\/100\n|switch|p1b: Chi-Yu|Chi-Yu, L50|100\/100\n|switch|p2a: Golem|Golem-Alola, L50, M|100\/100\n|switch|p2b: Carbink|Carbink, L50|100\/100\n|-ability|p1b: Chi-Yu|Beads of Ruin\n|-enditem|p1a: Iron Bundle|Booster Energy\n|-activate|p1a: Iron Bundle|ability: Quark Drive|[fromitem]\n|-start|p1a: Iron Bundle|quarkdrivespe\n|turn|1\n|\n|t:|1700060073\n|move|p2a: Golem|Endure|p2a: Golem\n|-singleturn|p2a: Golem|move: Endure\n|move|p1a: Iron Bundle|Hydro Pump|p2b: Carbink|[miss]\n|-miss|p1a: Iron Bundle|p2b: Carbink\n|move|p1b: Chi-Yu|Dark Pulse|p2a: Golem\n|-activate|p2a: Golem|move: Endure\n|-damage|p2a: Golem|1\/100\n|move|p2b: Carbink|Trick Room|p2b: Carbink\n|-fieldstart|move: Trick Room|[of] p2b: Carbink\n|\n|upkeep\n|turn|2\n|-enditem|p2a: Golem|Custap Berry|[eat]\n|-activate|p2a: Golem|item: Custap Berry|[consumed]\n|\n|t:|1700060087\n|switch|p1b: Iron Hands|Iron Hands, L50|100\/100\n|move|p1a: Iron Bundle|Protect|p1a: Iron Bundle\n|-singleturn|p1a: Iron Bundle|Protect\n|move|p2a: Golem|Explosion|p1b: Iron Hands|[spread] p2b,p1b\n|-activate|p1a: Iron Bundle|move: Protect\n|-resisted|p1b: Iron Hands\n|-ability|p2b: Carbink|Sturdy\n|-damage|p2b: Carbink|1\/100\n|-damage|p1b: Iron Hands|71\/100\n|faint|p2a: Golem\n|move|p2b: Carbink|Misty Explosion|p1b: Iron Hands|[spread] p1b\n|-activate|p1a: Iron Bundle|move: Protect\n|-supereffective|p1b: Iron Hands\n|-damage|p1b: Iron Hands|51\/100\n|faint|p2b: Carbink\n|\n|upkeep\n|\n|t:|1700060109\n|switch|p2a: Gyarados|Gyarados, L50, M|100\/100\n|switch|p2b: + me :(|Oranguru, L50, F|100\/100\n|turn|3\n|\n|t:|1700060129\n|-terastallize|p2a: Gyarados|Ground\n|move|p1b: Iron Hands|Fake Out|p2b: + me :(\n|-damage|p2b: + me :(|88\/100\n|move|p2a: Gyarados|Earthquake|p1b: Iron Hands|[spread] p1a,p1b\n|-activate|p2b: + me :(|ability: Telepathy\n|-supereffective|p1b: Iron Hands\n|-damage|p1a: Iron Bundle|34\/100\n|-damage|p1b: Iron Hands|0 fnt\n|faint|p1b: Iron Hands\n|-end|p1b: Iron Hands|Quark Drive|[silent]\n|-ability|p2a: Gyarados|Moxie|boost\n|-boost|p2a: Gyarados|atk|1\n|cant|p2b: + me :(|flinch\n|move|p1a: Iron Bundle|Freeze-Dry|p2a: Gyarados\n|-supereffective|p2a: Gyarados\n|-damage|p2a: Gyarados|41\/100\n|\n|upkeep\n|\n|t:|1700060144\n|switch|p1b: Flutter Mane|Flutter Mane, L50|100\/100\n|turn|4\n|\n|t:|1700060152\n|move|p1b: Flutter Mane|Protect|p1b: Flutter Mane\n|-singleturn|p1b: Flutter Mane|Protect\n|move|p1a: Iron Bundle|Protect|p1a: Iron Bundle\n|-singleturn|p1a: Iron Bundle|Protect\n|move|p2a: Gyarados|Earthquake|p1b: Flutter Mane|[spread] \n|-activate|p1a: Iron Bundle|move: Protect\n|-activate|p1b: Flutter Mane|move: Protect\n|-activate|p2b: + me :(|ability: Telepathy\n|move|p2b: + me :(|Instruct|p2a: Gyarados\n|-singleturn|p2a: Gyarados|move: Instruct|[of] p2b: + me :(\n|move|p2a: Gyarados|Earthquake|p1a: Iron Bundle|[spread] \n|-activate|p1a: Iron Bundle|move: Protect\n|-activate|p1b: Flutter Mane|move: Protect\n|-activate|p2b: + me :(|ability: Telepathy\n|\n|upkeep\n|turn|5\n|\n|t:|1700060168\n|move|p1b: Flutter Mane|Protect||[still]\n|-fail|p1b: Flutter Mane\n|move|p1a: Iron Bundle|Protect||[still]\n|-fail|p1a: Iron Bundle\n|move|p2a: Gyarados|Earthquake|p1b: Flutter Mane|[spread] p1a,p1b\n|-activate|p2b: + me :(|ability: Telepathy\n|-damage|p1a: Iron Bundle|0 fnt\n|-damage|p1b: Flutter Mane|0 fnt\n|faint|p1a: Iron Bundle\n|-end|p1a: Iron Bundle|Quark Drive|[silent]\n|faint|p1b: Flutter Mane\n|-end|p1b: Flutter Mane|Protosynthesis|[silent]\n|-ability|p2a: Gyarados|Moxie|boost\n|-boost|p2a: Gyarados|atk|2\n|move|p2b: + me :(|Instruct|p2a: Gyarados\n|-singleturn|p2a: Gyarados|move: Instruct|[of] p2b: + me :(\n|move|p2a: Gyarados|Earthquake|p2b: + me :(\n|-activate|p2b: + me :(|ability: Telepathy\n|\n|-fieldend|move: Trick Room\n|upkeep\n|\n|t:|1700060175\n|switch|p1a: Chi-Yu|Chi-Yu, L50|100\/100\n|-ability|p1a: Chi-Yu|Beads of Ruin\n|turn|6\n|\n|t:|1700060199\n|-terastallize|p1a: Chi-Yu|Fire\n|move|p2b: + me :(|Protect|p2b: + me :(\n|-singleturn|p2b: + me :(|Protect\n|move|p1a: Chi-Yu|Heat Wave|p2a: Gyarados|[spread] p2a\n|-activate|p2b: + me :(|move: Protect\n|-damage|p2a: Gyarados|0 fnt\n|faint|p2a: Gyarados\n|\n|upkeep\n|turn|7\n|l|\u2606f bruxxelia\n|inactive|f bruxxelia disconnected and has a minute to reconnect!\n|player|p2|\n|inactive|Rhyfinn 05 has 30 seconds left.\n|inactive|f bruxxelia has 30 seconds left.\n|inactive|f bruxxelia has 20 seconds left.\n|inactive|f bruxxelia has 15 seconds left.\n|inactive|f bruxxelia has 10 seconds left.\n|inactive|f bruxxelia has 5 seconds left.\n|-message|f bruxxelia lost due to inactivity.\n|\n|win|Rhyfinn 05\n|raw|Rhyfinn 05's rating: 1000 &rarr; <strong>1043<\/strong><br \/>(+43 for winning)\n|raw|f bruxxelia's rating: 1026 &rarr; <strong>1011<\/strong><br \/>(-15 for losing)\n","uploadtime":1700060279,"views":9,"p1id":"rhyfinn05","p2id":"fbruxxelia","formatid":"gen9vgc2023regulatione","rating":1011,"private":0,"password":""}