{"id":"gen9vgc2023regulatione-1996881488","p1":"iMatCia","p2":"bububibjb","format":"[Gen 9] VGC 2023 Regulation E","log":"|j|\u2606iMatCia\n|j|\u2606bububibjb\n|t:|1700739703\n|gametype|doubles\n|player|p1|iMatCia|170|1169\n|player|p2|bububibjb|dawn-gen4pt|1233\n|teamsize|p1|6\n|teamsize|p2|6\n|gen|9\n|tier|[Gen 9] VGC 2023 Regulation E\n|rated|\n|rule|Species Clause: Limit one of each Pok\u00e9mon\n|rule|Item Clause: Limit one of each item\n|clearpoke\n|poke|p1|Ogerpon-Hearthflame, L50, F|\n|poke|p1|Iron Hands, L50|\n|poke|p1|Chien-Pao, L50|\n|poke|p1|Roaring Moon, L50|\n|poke|p1|Flutter Mane, L50|\n|poke|p1|Rillaboom, L50, F|\n|poke|p2|Flutter Mane, L50|\n|poke|p2|Tornadus, L50, M|\n|poke|p2|Zapdos-Galar, L50|\n|poke|p2|Chi-Yu, L50|\n|poke|p2|Kingambit, L50, M|\n|poke|p2|Torkoal, L50, F|\n|teampreview|4\n|inactive|Battle timer is ON: inactive players will automatically lose when time's up. (requested by iMatCia)\n|inactive|iMatCia has 60 seconds left.\niMatCia rejected open team sheets.\n|inactive|iMatCia has 30 seconds left.\n|inactive|iMatCia has 20 seconds left.\n|inactive|iMatCia has 15 seconds left.\n|inactive|iMatCia has 10 seconds left.\n|\n|t:|1700739785\n|start\n|switch|p1a: Iron Hands|Iron Hands, L50|100\/100\n|switch|p1b: Flutter Mane|Flutter Mane, L50|100\/100\n|switch|p2a: Roschelle's Bae|Zapdos-Galar, L50|100\/100\n|switch|p2b: Mazda \u0644\u0639\u0646\u062a\u06cc \u062c\u0646|Tornadus, L50, M|100\/100\n|turn|1\n|\n|t:|1700739802\n|move|p1b: Flutter Mane|Protect|p1b: Flutter Mane\n|-singleturn|p1b: Flutter Mane|Protect\n|move|p2a: Roschelle's Bae|Protect|p2a: Roschelle's Bae\n|-singleturn|p2a: Roschelle's Bae|Protect\n|move|p2b: Mazda \u0644\u0639\u0646\u062a\u06cc \u062c\u0646|Leer|p1b: Flutter Mane|[spread] p1a\n|-activate|p1b: Flutter Mane|move: Protect\n|-unboost|p1a: Iron Hands|def|1\n|move|p1a: Iron Hands|Wild Charge|p2b: Mazda \u0644\u0639\u0646\u062a\u06cc \u062c\u0646\n|-supereffective|p2b: Mazda \u0644\u0639\u0646\u062a\u06cc \u062c\u0646\n|-damage|p2b: Mazda \u0644\u0639\u0646\u062a\u06cc \u062c\u0646|0 fnt\n|faint|p2b: Mazda \u0644\u0639\u0646\u062a\u06cc \u062c\u0646\n|-damage|p1a: Iron Hands|82\/100|[from] Recoil\n|\n|upkeep\n|\n|t:|1700739819\n|switch|p2b: Matsya|Chi-Yu, L50|100\/100\n|-ability|p2b: Matsya|Beads of Ruin\n|turn|2\n|inactive|iMatCia has 30 seconds left.\n|\n|t:|1700739845\n|-terastallize|p2a: Roschelle's Bae|Steel\n|move|p2b: Matsya|Dark Pulse|p1b: Flutter Mane\n|-damage|p1b: Flutter Mane|36\/100\n|cant|p1b: Flutter Mane|flinch\n|move|p2a: Roschelle's Bae|Brave Bird|p1a: Iron Hands\n|-damage|p1a: Iron Hands|0 fnt\n|faint|p1a: Iron Hands\n|-end|p1a: Iron Hands|Quark Drive|[silent]\n|-damage|p2a: Roschelle's Bae|64\/100|[from] Recoil\n|-damage|p2a: Roschelle's Bae|55\/100|[from] item: Life Orb\n|\n|upkeep\n|\n|t:|1700739858\n|switch|p1a: Ogerpon|Ogerpon-Hearthflame, L50, F|100\/100\n|-ability|p1a: Ogerpon|Mold Breaker\n|turn|3\n|\n|t:|1700739880\n|move|p1b: Flutter Mane|Protect|p1b: Flutter Mane\n|-singleturn|p1b: Flutter Mane|Protect\n|move|p1a: Ogerpon|Spiky Shield|p1a: Ogerpon\n|-singleturn|p1a: Ogerpon|move: Protect\n|move|p2a: Roschelle's Bae|Protect|p2a: Roschelle's Bae\n|-singleturn|p2a: Roschelle's Bae|Protect\n|move|p2b: Matsya|Dark Pulse|p1b: Flutter Mane\n|-activate|p1b: Flutter Mane|move: Protect\n|\n|upkeep\n|turn|4\n|\n|t:|1700739892\n|switch|p2a: Larissa|Flutter Mane, L50|100\/100\n|-terastallize|p1a: Ogerpon|Fire\n|detailschange|p1a: Ogerpon|Ogerpon-Hearthflame-Tera, L50, F, tera:Fire\n|-ability|p1a: Ogerpon|Embody Aspect (Hearthflame)|boost\n|-boost|p1a: Ogerpon|atk|1\n|move|p2b: Matsya|Dark Pulse|p1b: Flutter Mane\n|-damage|p1b: Flutter Mane|0 fnt\n|faint|p1b: Flutter Mane\n|-end|p1b: Flutter Mane|Protosynthesis|[silent]\n|move|p1a: Ogerpon|Stomping Tantrum|p2b: Matsya\n|-supereffective|p2b: Matsya\n|-damage|p2b: Matsya|0 fnt\n|faint|p2b: Matsya\n|\n|upkeep\n|inactive|bububibjb has 30 seconds left.\n|inactive|bububibjb has 20 seconds left.\n|\n|t:|1700739929\n|switch|p1b: Roaring Moon|Roaring Moon, L50, shiny|100\/100\n|switch|p2b: Roschelle's Bae|Zapdos-Galar, L50, tera:Steel|55\/100\n|-enditem|p1b: Roaring Moon|Booster Energy\n|-activate|p1b: Roaring Moon|ability: Protosynthesis|[fromitem]\n|-start|p1b: Roaring Moon|protosynthesisatk\n|turn|5\n|\n|t:|1700739944\n|move|p1b: Roaring Moon|Protect|p1b: Roaring Moon\n|-singleturn|p1b: Roaring Moon|Protect\n|move|p2b: Roschelle's Bae|Protect|p2b: Roschelle's Bae\n|-singleturn|p2b: Roschelle's Bae|Protect\n|move|p2a: Larissa|Thunderbolt|p1a: Ogerpon\n|-damage|p1a: Ogerpon|42\/100\n|move|p1a: Ogerpon|Ivy Cudgel|p2a: Larissa|[anim] Ivy Cudgel Fire\n|-crit|p2a: Larissa\n|-damage|p2a: Larissa|0 fnt\n|faint|p2a: Larissa\n|-end|p2a: Larissa|Protosynthesis|[silent]\n|\n|upkeep\n|turn|6\n|inactive|bububibjb has 30 seconds left.\n|inactive|bububibjb has 20 seconds left.\n|\n|t:|1700739980\n|move|p1b: Roaring Moon|Breaking Swipe|p2b: Roschelle's Bae\n|-resisted|p2b: Roschelle's Bae\n|-damage|p2b: Roschelle's Bae|33\/100\n|-unboost|p2b: Roschelle's Bae|atk|1\n|-ability|p2b: Roschelle's Bae|Defiant|boost\n|-boost|p2b: Roschelle's Bae|atk|2\n|move|p1a: Ogerpon|Ivy Cudgel|p2b: Roschelle's Bae|[anim] Ivy Cudgel Fire\n|-supereffective|p2b: Roschelle's Bae\n|-damage|p2b: Roschelle's Bae|0 fnt\n|faint|p2b: Roschelle's Bae\n|\n|win|iMatCia\n|raw|iMatCia's rating: 1169 &rarr; <strong>1199<\/strong><br \/>(+30 for winning)\n|raw|bububibjb's rating: 1233 &rarr; <strong>1203<\/strong><br \/>(-30 for losing)\n|l|\u2606bububibjb\n|c|\u2606iMatCia|gg\n","uploadtime":1700739995,"views":14,"p1id":"imatcia","p2id":"bububibjb","formatid":"gen9vgc2023regulatione","rating":1199,"private":0,"password":""}