{"id":"gen9vgc2023regulatione-1995168474","p1":"Sinlesscloud","p2":"drmsang","format":"[Gen 9] VGC 2023 Regulation E","log":"|j|\u2606Sinlesscloud\n|j|\u2606drmsang\n|t:|1700530241\n|gametype|doubles\n|player|p1|Sinlesscloud|1|1091\n|player|p2|drmsang|169|1131\n|teamsize|p1|6\n|teamsize|p2|6\n|gen|9\n|tier|[Gen 9] VGC 2023 Regulation E\n|rated|\n|rule|Species Clause: Limit one of each Pok\u00e9mon\n|rule|Item Clause: Limit one of each item\n|clearpoke\n|poke|p1|Arcanine-Hisui, L50, F|\n|poke|p1|Chien-Pao, L50|\n|poke|p1|Dedenne, L50, M|\n|poke|p1|Ursaluna, L50, F|\n|poke|p1|Gastrodon, L50, M|\n|poke|p1|Rillaboom, L50, M|\n|poke|p2|Kilowattrel, L50, M|\n|poke|p2|Garganacl, L50, F|\n|poke|p2|Brambleghast, L50, M|\n|poke|p2|Ceruledge, L50, F|\n|poke|p2|Rabsca, L50, F|\n|poke|p2|Iron Valiant, L50|\n|teampreview|4\n|\n|t:|1700530277\n|start\n|switch|p1a: Dedenne|Dedenne, L50, M|100\/100\n|switch|p1b: Rillaboom|Rillaboom, L50, M|100\/100\n|switch|p2a: Brambleghast|Brambleghast, L50, M|100\/100\n|switch|p2b: Garganacl|Garganacl, L50, F|100\/100\n|-fieldstart|move: Grassy Terrain|[from] ability: Grassy Surge|[of] p1b: Rillaboom\n|turn|1\n|\n|t:|1700530331\n|move|p2a: Brambleghast|Strength Sap|p1b: Rillaboom\n|-unboost|p1b: Rillaboom|atk|1\n|move|p1a: Dedenne|Charm|p2b: Garganacl\n|-unboost|p2b: Garganacl|atk|2\n|move|p1b: Rillaboom|U-turn|p2a: Brambleghast\n|-damage|p2a: Brambleghast|75\/100\n|\n|t:|1700530340\n|switch|p1b: Ursaluna|Ursaluna, L50, F|100\/100|[from] U-turn\n|move|p2b: Garganacl|Salt Cure|p1b: Ursaluna\n|-resisted|p1b: Ursaluna\n|-damage|p1b: Ursaluna|98\/100\n|-start|p1b: Ursaluna|Salt Cure\n|\n|-heal|p2a: Brambleghast|81\/100|[from] Grassy Terrain\n|-heal|p1b: Ursaluna|100\/100|[from] Grassy Terrain\n|-damage|p1b: Ursaluna|88\/100|[from] Salt Cure\n|-status|p1b: Ursaluna|brn|[from] item: Flame Orb\n|upkeep\n|turn|2\n|inactive|Battle timer is ON: inactive players will automatically lose when time's up. (requested by drmsang)\n|\n|t:|1700530374\n|-terastallize|p2b: Garganacl|Ghost\n|move|p2a: Brambleghast|Seed Bomb|p1b: Ursaluna\n|-supereffective|p1b: Ursaluna\n|-damage|p1b: Ursaluna|28\/100 brn\n|move|p1a: Dedenne|Super Fang|p2b: Garganacl\n|-immune|p2b: Garganacl\n|move|p1b: Ursaluna|Headlong Rush|p2a: Brambleghast\n|-resisted|p2a: Brambleghast\n|-damage|p2a: Brambleghast|0 fnt\n|-unboost|p1b: Ursaluna|def|1\n|-unboost|p1b: Ursaluna|spd|1\n|faint|p2a: Brambleghast\n|move|p2b: Garganacl|Stomping Tantrum|p1a: Dedenne\n|-supereffective|p1a: Dedenne\n|-damage|p1a: Dedenne|79\/100\n|\n|-heal|p1a: Dedenne|84\/100|[from] Grassy Terrain\n|-heal|p1b: Ursaluna|33\/100 brn|[from] Grassy Terrain\n|-damage|p1b: Ursaluna|28\/100 brn|[from] brn\n|-damage|p1b: Ursaluna|15\/100 brn|[from] Salt Cure\n|upkeep\n|\n|t:|1700530396\n|switch|p2a: Iron Valiant|Iron Valiant, L50|100\/100\n|-enditem|p2a: Iron Valiant|Booster Energy\n|-activate|p2a: Iron Valiant|ability: Quark Drive|[fromitem]\n|-start|p2a: Iron Valiant|quarkdrivespa\n|turn|3\n|\n|t:|1700530417\n|move|p1b: Ursaluna|Protect|p1b: Ursaluna\n|-singleturn|p1b: Ursaluna|Protect\n|move|p2a: Iron Valiant|Dazzling Gleam|p1a: Dedenne|[spread] p1a\n|-activate|p1b: Ursaluna|move: Protect\n|-damage|p1a: Dedenne|36\/100\n|-enditem|p1a: Dedenne|Sitrus Berry|[eat]\n|-heal|p1a: Dedenne|60\/100|[from] item: Sitrus Berry\n|-heal|p1a: Dedenne|94\/100|[from] ability: Cheek Pouch\n|move|p1a: Dedenne|Parabolic Charge|p2b: Garganacl|[spread] p2a,p2b\n|-activate|p1b: Ursaluna|move: Protect\n|-damage|p2a: Iron Valiant|70\/100\n|-heal|p1a: Dedenne|100\/100|[from] drain|[of] p2a: Iron Valiant\n|-damage|p2b: Garganacl|87\/100\n|move|p2b: Garganacl|Stomping Tantrum|p1b: Ursaluna\n|-activate|p1b: Ursaluna|move: Protect\n|\n|-heal|p2a: Iron Valiant|76\/100|[from] Grassy Terrain\n|-heal|p1b: Ursaluna|21\/100 brn|[from] Grassy Terrain\n|-heal|p2b: Garganacl|93\/100|[from] Grassy Terrain\n|-heal|p2b: Garganacl|99\/100|[from] item: Leftovers\n|-damage|p1b: Ursaluna|15\/100 brn|[from] brn\n|-damage|p1b: Ursaluna|3\/100 brn|[from] Salt Cure\n|upkeep\n|turn|4\n|inactive|Sinlesscloud has 30 seconds left.\n|inactive|drmsang has 30 seconds left.\n|\n|t:|1700530448\n|move|p2a: Iron Valiant|Dazzling Gleam|p1a: Dedenne|[spread] p1a,p1b\n|-damage|p1a: Dedenne|47\/100\n|-damage|p1b: Ursaluna|0 fnt\n|faint|p1b: Ursaluna\n|move|p1a: Dedenne|Nuzzle|p2a: Iron Valiant\n|-damage|p2a: Iron Valiant|70\/100\n|-status|p2a: Iron Valiant|par\n|move|p2b: Garganacl|Stomping Tantrum|p1a: Dedenne\n|-supereffective|p1a: Dedenne\n|-crit|p1a: Dedenne\n|-damage|p1a: Dedenne|0 fnt\n|faint|p1a: Dedenne\n|\n|-heal|p2a: Iron Valiant|76\/100 par|[from] Grassy Terrain\n|-heal|p2b: Garganacl|100\/100|[from] Grassy Terrain\n|upkeep\n|\n|t:|1700530464\n|switch|p1a: Rillaboom|Rillaboom, L50, M|100\/100\n|switch|p1b: Gastrodon|Gastrodon, L50, M|100\/100\n|turn|5\n|\n|t:|1700530488\n|move|p1a: Rillaboom|Fake Out|p2a: Iron Valiant\n|-damage|p2a: Iron Valiant|60\/100 par\n|cant|p2a: Iron Valiant|flinch\n|move|p1b: Gastrodon|Muddy Water|p2a: Iron Valiant|[spread] p2a,p2b\n|-damage|p2a: Iron Valiant|15\/100 par\n|-damage|p2b: Garganacl|78\/100\n|move|p2b: Garganacl|Salt Cure|p1b: Gastrodon\n|-resisted|p1b: Gastrodon\n|-damage|p1b: Gastrodon|98\/100\n|-start|p1b: Gastrodon|Salt Cure\n|\n|-heal|p2a: Iron Valiant|21\/100 par|[from] Grassy Terrain\n|-heal|p1b: Gastrodon|100\/100|[from] Grassy Terrain\n|-heal|p2b: Garganacl|84\/100|[from] Grassy Terrain\n|-heal|p2b: Garganacl|90\/100|[from] item: Leftovers\n|-damage|p1b: Gastrodon|76\/100|[from] Salt Cure\n|-fieldend|move: Grassy Terrain\n|upkeep\n|turn|6\n|inactive|Sinlesscloud has 30 seconds left.\n|inactive|drmsang has 30 seconds left.\n|\n|t:|1700530524\n|move|p2b: Garganacl|Protect|p2b: Garganacl\n|-singleturn|p2b: Garganacl|Protect\n|move|p1a: Rillaboom|Drum Beating|p2a: Iron Valiant\n|-damage|p2a: Iron Valiant|0 fnt\n|faint|p2a: Iron Valiant\n|-end|p2a: Iron Valiant|Quark Drive|[silent]\n|move|p1b: Gastrodon|Muddy Water|p2b: Garganacl\n|-activate|p2b: Garganacl|move: Protect\n|\n|-heal|p1b: Gastrodon|82\/100|[from] item: Leftovers\n|-heal|p2b: Garganacl|96\/100|[from] item: Leftovers\n|-damage|p1b: Gastrodon|57\/100|[from] Salt Cure\n|upkeep\n|\n|t:|1700530538\n|switch|p2a: Rabsca|Rabsca, L50, F|100\/100\n|turn|7\n|\n|t:|1700530560\n|move|p1a: Rillaboom|Drum Beating|p2b: Garganacl\n|-damage|p2b: Garganacl|78\/100\n|-unboost|p2b: Garganacl|spe|1\n|move|p2a: Rabsca|Struggle Bug|p1b: Gastrodon|[spread] p1a,p1b\n|-supereffective|p1a: Rillaboom\n|-damage|p1a: Rillaboom|85\/100\n|-damage|p1b: Gastrodon|45\/100\n|-unboost|p1a: Rillaboom|spa|1\n|-unboost|p1b: Gastrodon|spa|1\n|move|p1b: Gastrodon|Muddy Water|p2a: Rabsca|[spread] p2a,p2b\n|-damage|p2a: Rabsca|90\/100\n|-damage|p2b: Garganacl|63\/100\n|move|p2b: Garganacl|Salt Cure|p1a: Rillaboom\n|-damage|p1a: Rillaboom|78\/100\n|-start|p1a: Rillaboom|Salt Cure\n|\n|-heal|p1b: Gastrodon|51\/100|[from] item: Leftovers\n|-heal|p2b: Garganacl|69\/100|[from] item: Leftovers\n|-damage|p1a: Rillaboom|66\/100|[from] Salt Cure\n|-damage|p1b: Gastrodon|27\/100|[from] Salt Cure\n|upkeep\n|turn|8\n|inactive|Sinlesscloud has 30 seconds left.\n|\n|t:|1700530588\n|-terastallize|p1a: Rillaboom|Grass\n|move|p1a: Rillaboom|Drum Beating|p2b: Garganacl\n|-damage|p2b: Garganacl|44\/100\n|-unboost|p2b: Garganacl|spe|1\n|move|p2a: Rabsca|Reflect|p2a: Rabsca\n|-sidestart|p2: drmsang|Reflect\n|move|p1b: Gastrodon|Recover|p1b: Gastrodon\n|-heal|p1b: Gastrodon|77\/100\n|move|p2b: Garganacl|Salt Cure|p1a: Rillaboom\n|-damage|p1a: Rillaboom|58\/100\n|\n|-heal|p1b: Gastrodon|83\/100|[from] item: Leftovers\n|-heal|p2b: Garganacl|50\/100|[from] item: Leftovers\n|-damage|p1a: Rillaboom|46\/100|[from] Salt Cure\n|-damage|p1b: Gastrodon|58\/100|[from] Salt Cure\n|upkeep\n|turn|9\n|inactive|Sinlesscloud has 30 seconds left.\n|\n|t:|1700530618\n|move|p1a: Rillaboom|Knock Off|p2b: Garganacl\n|-supereffective|p2b: Garganacl\n|-damage|p2b: Garganacl|30\/100\n|-enditem|p2b: Garganacl|Leftovers|[from] move: Knock Off|[of] p1a: Rillaboom\n|move|p2a: Rabsca|Struggle Bug|p1a: Rillaboom|[spread] p1a,p1b\n|-supereffective|p1a: Rillaboom\n|-damage|p1a: Rillaboom|31\/100\n|-damage|p1b: Gastrodon|45\/100\n|-unboost|p1a: Rillaboom|spa|1\n|-unboost|p1b: Gastrodon|spa|1\n|move|p1b: Gastrodon|Muddy Water|p2a: Rabsca|[spread] p2a,p2b\n|-damage|p2a: Rabsca|82\/100\n|-damage|p2b: Garganacl|19\/100\n|move|p2b: Garganacl|Salt Cure|p1b: Gastrodon\n|-resisted|p1b: Gastrodon\n|-damage|p1b: Gastrodon|42\/100\n|\n|-heal|p1b: Gastrodon|48\/100|[from] item: Leftovers\n|-damage|p1a: Rillaboom|19\/100|[from] Salt Cure\n|-damage|p1b: Gastrodon|23\/100|[from] Salt Cure\n|upkeep\n|turn|10\n|-message|Sinlesscloud forfeited.\n|\n|win|drmsang\n|raw|Sinlesscloud's rating: 1091 &rarr; <strong>1070<\/strong><br \/>(-21 for losing)\n|raw|drmsang's rating: 1131 &rarr; <strong>1153<\/strong><br \/>(+22 for winning)\n|l|\u2606Sinlesscloud\n","uploadtime":1700530650,"views":3,"p1id":"sinlesscloud","p2id":"drmsang","formatid":"gen9vgc2023regulatione","rating":1070,"private":0,"password":""}