{"id":"gen9vgc2023regulatione-1999454789","p1":"DouWu","p2":"kid_the_phantom","format":"[Gen 9] VGC 2023 Regulation E","log":"|j|\u2606DouWu\n|j|\u2606kid_the_phantom\n|t:|1701083160\n|gametype|doubles\n|player|p1|DouWu|larry|1393\n|player|p2|kid_the_phantom|102|1387\n|teamsize|p1|6\n|teamsize|p2|6\n|gen|9\n|tier|[Gen 9] VGC 2023 Regulation E\n|rated|\n|rule|Species Clause: Limit one of each Pok\u00e9mon\n|rule|Item Clause: Limit one of each item\n|clearpoke\n|poke|p1|Roaring Moon, L50|\n|poke|p1|Weezing, L50, F|\n|poke|p1|Flutter Mane, L50|\n|poke|p1|Iron Hands, L50|\n|poke|p1|Landorus-Therian, L50, M|\n|poke|p1|Ogerpon-Hearthflame, L50, F|\n|poke|p2|Cresselia, L50, F|\n|poke|p2|Urshifu-*, L50, F|\n|poke|p2|Chien-Pao, L50|\n|poke|p2|Arcanine, L50, F|\n|poke|p2|Sylveon, L50, F|\n|poke|p2|Tornadus, L50, M|\n|teampreview|4\n|inactive|Battle timer is ON: inactive players will automatically lose when time's up. (requested by kid_the_phantom)\n|\n|t:|1701083202\n|start\n|switch|p1a: Weezing|Weezing, L50, F|100\/100\n|switch|p1b: Roaring Moon|Roaring Moon, L50|100\/100\n|switch|p2a: Arcanine|Arcanine, L50, F|100\/100\n|switch|p2b: Chien-Pao|Chien-Pao, L50|100\/100\n|-ability|p1a: Weezing|Neutralizing Gas\n|-enditem|p1b: Roaring Moon|Booster Energy\n|-activate|p1b: Roaring Moon|ability: Protosynthesis|[fromitem]\n|-start|p1b: Roaring Moon|protosynthesisspe\n|turn|1\n|inactive|DouWu has 30 seconds left.\n|\n|t:|1701083228\n|-terastallize|p2a: Arcanine|Normal\n|move|p2a: Arcanine|Extreme Speed|p1b: Roaring Moon\n|-damage|p1b: Roaring Moon|20\/100\n|move|p2b: Chien-Pao|Sucker Punch||[still]\n|-fail|p2b: Chien-Pao\n|move|p1b: Roaring Moon|Tailwind|p1b: Roaring Moon\n|-sidestart|p1: DouWu|move: Tailwind\n|move|p1a: Weezing|Will-O-Wisp|p2b: Chien-Pao\n|-status|p2b: Chien-Pao|brn\n|\n|-damage|p2b: Chien-Pao|95\/100 brn|[from] brn\n|upkeep\n|turn|2\n|inactive|DouWu has 30 seconds left.\n|inactive|kid_the_phantom has 30 seconds left.\n|\n|t:|1701083256\n|-end|p1b: Roaring Moon|Protosynthesis|[silent]\n|switch|p1b: Flutter Mane|Flutter Mane, L50|100\/100\n|switch|p2a: Cresselia|Cresselia, L50, F|100\/100\n|move|p2b: Chien-Pao|Ice Spinner|p1b: Flutter Mane\n|-damage|p1b: Flutter Mane|72\/100\n|move|p1a: Weezing|Gunk Shot|p2b: Chien-Pao\n|-crit|p2b: Chien-Pao\n|-damage|p2b: Chien-Pao|11\/100 brn\n|\n|-damage|p2b: Chien-Pao|6\/100 brn|[from] brn\n|upkeep\n|turn|3\n|inactive|DouWu has 30 seconds left.\n|\n|t:|1701083282\n|-terastallize|p1a: Weezing|Ghost\n|move|p2b: Chien-Pao|Sucker Punch|p1b: Flutter Mane\n|-crit|p1b: Flutter Mane\n|-damage|p1b: Flutter Mane|35\/100\n|move|p1b: Flutter Mane|Dazzling Gleam|p2b: Chien-Pao|[spread] p2a,p2b\n|-supereffective|p2b: Chien-Pao\n|-damage|p2a: Cresselia|74\/100\n|-damage|p2b: Chien-Pao|0 fnt\n|faint|p2b: Chien-Pao\n|move|p1a: Weezing|Taunt|p2a: Cresselia\n|-start|p2a: Cresselia|move: Taunt\n|move|p2a: Cresselia|Icy Wind|p1b: Flutter Mane|[spread] p1a,p1b\n|-damage|p1a: Weezing|89\/100\n|-damage|p1b: Flutter Mane|26\/100\n|-unboost|p1a: Weezing|spe|1\n|-unboost|p1b: Flutter Mane|spe|1\n|\n|-heal|p1a: Weezing|95\/100|[from] item: Leftovers\n|upkeep\n|\n|t:|1701083303\n|switch|p2b: Sylveon|Sylveon, L50, F|100\/100\n|turn|4\n|\n|t:|1701083320\n|switch|p2b: Arcanine|Arcanine, L50, F, tera:Normal|100\/100\n|move|p1b: Flutter Mane|Dazzling Gleam|p2b: Arcanine|[spread] p2a,p2b\n|-damage|p2a: Cresselia|46\/100\n|-damage|p2b: Arcanine|49\/100\n|-enditem|p2a: Cresselia|Sitrus Berry|[eat]\n|-heal|p2a: Cresselia|71\/100|[from] item: Sitrus Berry\n|move|p1a: Weezing|Gunk Shot|p2b: Arcanine\n|-damage|p2b: Arcanine|0 fnt\n|faint|p2b: Arcanine\n|move|p2a: Cresselia|Moonblast|p1b: Flutter Mane\n|-damage|p1b: Flutter Mane|4\/100\n|\n|-heal|p1a: Weezing|100\/100|[from] item: Leftovers\n|-sideend|p1: DouWu|move: Tailwind\n|upkeep\n|\n|t:|1701083336\n|switch|p2b: Sylveon|Sylveon, L50, F|100\/100\n|turn|5\n|\n|t:|1701083348\n|move|p1b: Flutter Mane|Dazzling Gleam|p2b: Sylveon|[spread] p2a,p2b\n|-damage|p2a: Cresselia|41\/100\n|-damage|p2b: Sylveon|63\/100\n|move|p2a: Cresselia|Icy Wind|p1b: Flutter Mane|[spread] p1b\n|-miss|p2a: Cresselia|p1a: Weezing\n|-damage|p1b: Flutter Mane|0 fnt\n|faint|p1b: Flutter Mane\n|-end|p1b: Flutter Mane|Protosynthesis|[silent]\n|move|p2b: Sylveon|Hyper Voice|p1a: Weezing\n|-immune|p1a: Weezing\n|move|p1a: Weezing|Gunk Shot|p2b: Sylveon\n|-supereffective|p2b: Sylveon\n|-damage|p2b: Sylveon|0 fnt\n|faint|p2b: Sylveon\n|\n|-end|p2a: Cresselia|move: Taunt\n|upkeep\n|-message|kid_the_phantom forfeited.\n|\n|win|DouWu\n|raw|DouWu's rating: 1393 &rarr; <strong>1413<\/strong><br \/>(+20 for winning)\n|raw|kid_the_phantom's rating: 1387 &rarr; <strong>1367<\/strong><br \/>(-20 for losing)\n|l|\u2606kid_the_phantom\n","uploadtime":1701083384,"views":20,"p1id":"douwu","p2id":"kidthephantom","formatid":"gen9vgc2023regulatione","rating":1367,"private":0,"password":""}