{"id":"gen9vgc2023regulatione-1990801901","p1":"Onassi2","p2":"zg9064","format":"[Gen 9] VGC 2023 Regulation E","log":"|j|\u2606Onassi2\n|j|\u2606zg9064\n|t:|1700002273\n|gametype|doubles\n|player|p1|Onassi2|lance|1489\n|player|p2|zg9064|dawn|1532\n|teamsize|p1|6\n|teamsize|p2|6\n|gen|9\n|tier|[Gen 9] VGC 2023 Regulation E\n|rated|\n|rule|Species Clause: Limit one of each Pok\u00e9mon\n|rule|Item Clause: Limit one of each item\n|clearpoke\n|poke|p1|Zoroark-Hisui, L50, M|\n|poke|p1|Tornadus, L50, M|\n|poke|p1|Urshifu-*, L50, F|\n|poke|p1|Gholdengo, L50|\n|poke|p1|Ogerpon-Wellspring, L50, F|\n|poke|p1|Kingambit, L50, F|\n|poke|p2|Iron Hands, L50|\n|poke|p2|Cresselia, L50, F|\n|poke|p2|Landorus-Therian, L50, M|\n|poke|p2|Heatran, L50, F|\n|poke|p2|Urshifu-*, L50, M|\n|poke|p2|Rillaboom, L50, M|\n|teampreview|4\n|inactive|Battle timer is ON: inactive players will automatically lose when time's up. (requested by zg9064)\n|inactive|Onassi2 has 60 seconds left.\n|inactive|zg9064 has 60 seconds left.\n|\n|t:|1700002316\n|start\n|switch|p1a: Kingambit|Kingambit, L50, F|100\/100\n|switch|p1b: Gholdengo|Gholdengo, L50|100\/100\n|switch|p2a: Rillaboom|Rillaboom, L50, M|100\/100\n|switch|p2b: Iron Hands|Iron Hands, L50|100\/100\n|-fieldstart|move: Grassy Terrain|[from] ability: Grassy Surge|[of] p2a: Rillaboom\n|turn|1\n|\n|t:|1700002337\n|move|p1a: Kingambit|Will-O-Wisp|p2b: Iron Hands\n|-status|p2b: Iron Hands|brn\n|move|p1b: Gholdengo|Nasty Plot|p1b: Gholdengo\n|-boost|p1b: Gholdengo|spa|2\n|move|p2a: Rillaboom|Knock Off|p1a: Kingambit\n|-supereffective|p1a: Kingambit\n|-enditem|p1a: Kingambit|Focus Sash\n|-damage|p1a: Kingambit|1\/100\n|replace|p1a: Zoroark|Zoroark-Hisui, L50, M, shiny\n|-end|p1a: Zoroark|Illusion\n|move|p2b: Iron Hands|Wild Charge|p1b: Gholdengo\n|-damage|p1b: Gholdengo|77\/100\n|-damage|p2b: Iron Hands|96\/100 brn|[from] Recoil\n|\n|-heal|p1a: Zoroark|7\/100|[from] Grassy Terrain\n|-heal|p1b: Gholdengo|83\/100|[from] Grassy Terrain\n|-heal|p2b: Iron Hands|100\/100 brn|[from] Grassy Terrain\n|-damage|p2b: Iron Hands|95\/100 brn|[from] brn\n|upkeep\n|turn|2\n|\n|t:|1700002362\n|switch|p1a: Kingambit|Kingambit, L50, F|100\/100\n|move|p1b: Gholdengo|Dazzling Gleam|p2a: Rillaboom|[spread] p2a,p2b\n|-supereffective|p2b: Iron Hands\n|-damage|p2a: Rillaboom|51\/100\n|-damage|p2b: Iron Hands|45\/100 brn\n|move|p2a: Rillaboom|Knock Off|p1b: Gholdengo\n|-supereffective|p1b: Gholdengo\n|-damage|p1b: Gholdengo|16\/100\n|-enditem|p1b: Gholdengo|Metal Coat|[from] move: Knock Off|[of] p2a: Rillaboom\n|move|p2b: Iron Hands|Wild Charge|p1a: Kingambit\n|-damage|p1a: Kingambit|81\/100\n|-damage|p2b: Iron Hands|41\/100 brn|[from] Recoil\n|\n|-heal|p1b: Gholdengo|22\/100|[from] Grassy Terrain\n|-heal|p2a: Rillaboom|57\/100|[from] Grassy Terrain\n|-heal|p2b: Iron Hands|47\/100 brn|[from] Grassy Terrain\n|-heal|p1a: Kingambit|87\/100|[from] Grassy Terrain\n|-damage|p2b: Iron Hands|41\/100 brn|[from] brn\n|upkeep\n|turn|3\n|\n|t:|1700002380\n|switch|p1a: Kingambit|Kingambit, L50, F|7\/100\n|move|p1b: Gholdengo|Protect|p1b: Gholdengo\n|-singleturn|p1b: Gholdengo|Protect\n|move|p2a: Rillaboom|Grassy Glide|p1b: Gholdengo\n|-activate|p1b: Gholdengo|move: Protect\n|move|p2b: Iron Hands|Drain Punch|p1a: Kingambit\n|-immune|p1a: Kingambit\n|\n|-heal|p1a: Kingambit|14\/100|[from] Grassy Terrain\n|-heal|p1b: Gholdengo|28\/100|[from] Grassy Terrain\n|-heal|p2a: Rillaboom|63\/100|[from] Grassy Terrain\n|-heal|p2b: Iron Hands|47\/100 brn|[from] Grassy Terrain\n|-damage|p2b: Iron Hands|41\/100 brn|[from] brn\n|upkeep\n|turn|4\n|\n|t:|1700002402\n|switch|p1b: Kingambit|Kingambit, L50, F|87\/100\n|move|p2a: Rillaboom|Grassy Glide|p1a: Kingambit\n|-damage|p1a: Kingambit|0 fnt\n|replace|p1a: Zoroark|Zoroark-Hisui, L50, M, shiny\n|-end|p1a: Zoroark|Illusion\n|faint|p1a: Zoroark\n|move|p2b: Iron Hands|Wild Charge|p1b: Kingambit\n|-damage|p1b: Kingambit|68\/100\n|-damage|p2b: Iron Hands|37\/100 brn|[from] Recoil\n|\n|-heal|p2a: Rillaboom|69\/100|[from] Grassy Terrain\n|-heal|p2b: Iron Hands|43\/100 brn|[from] Grassy Terrain\n|-heal|p1b: Kingambit|74\/100|[from] Grassy Terrain\n|-damage|p2b: Iron Hands|37\/100 brn|[from] brn\n|upkeep\n|\n|t:|1700002410\n|switch|p1a: Ogerpon|Ogerpon-Wellspring, L50, F|100\/100\n|turn|5\n|\n|t:|1700002420\n|move|p1a: Ogerpon|Follow Me|p1a: Ogerpon\n|-singleturn|p1a: Ogerpon|move: Follow Me\n|move|p2a: Rillaboom|Grassy Glide|p1a: Ogerpon\n|-damage|p1a: Ogerpon|60\/100\n|move|p2b: Iron Hands|Drain Punch|p1a: Ogerpon\n|-damage|p1a: Ogerpon|43\/100\n|-heal|p2b: Iron Hands|44\/100 brn|[from] drain|[of] p1a: Ogerpon\n|move|p1b: Kingambit|Swords Dance|p1b: Kingambit\n|-boost|p1b: Kingambit|atk|2\n|\n|-heal|p1a: Ogerpon|49\/100|[from] Grassy Terrain\n|-heal|p2a: Rillaboom|76\/100|[from] Grassy Terrain\n|-heal|p2b: Iron Hands|50\/100 brn|[from] Grassy Terrain\n|-heal|p1b: Kingambit|80\/100|[from] Grassy Terrain\n|-damage|p2b: Iron Hands|44\/100 brn|[from] brn\n|-fieldend|move: Grassy Terrain\n|upkeep\n|turn|6\n|inactive|zg9064 has 30 seconds left.\n|\n|t:|1700002448\n|move|p2a: Rillaboom|Protect|p2a: Rillaboom\n|-singleturn|p2a: Rillaboom|Protect\n|move|p1b: Kingambit|Sucker Punch|p2b: Iron Hands\n|-resisted|p2b: Iron Hands\n|-damage|p2b: Iron Hands|13\/100 brn\n|move|p1a: Ogerpon|Horn Leech|p2b: Iron Hands\n|-damage|p2b: Iron Hands|0 fnt\n|-heal|p1a: Ogerpon|57\/100|[from] drain|[of] p2b: Iron Hands\n|faint|p2b: Iron Hands\n|-end|p2b: Iron Hands|Quark Drive|[silent]\n|\n|upkeep\n|\n|t:|1700002456\n|switch|p2b: Landorus|Landorus-Therian, L50, M|100\/100\n|-ability|p2b: Landorus|Intimidate|boost\n|-unboost|p1a: Ogerpon|atk|1\n|-unboost|p1b: Kingambit|atk|1\n|-ability|p1b: Kingambit|Defiant|boost\n|-boost|p1b: Kingambit|atk|2\n|turn|7\n|\n|t:|1700002471\n|switch|p2b: Urshifu|Urshifu-Rapid-Strike, L50, M|100\/100\n|-terastallize|p1b: Kingambit|Dark\n|move|p1a: Ogerpon|Follow Me|p1a: Ogerpon\n|-singleturn|p1a: Ogerpon|move: Follow Me\n|move|p1b: Kingambit|Sucker Punch||[still]\n|-fail|p1b: Kingambit\n|move|p2a: Rillaboom|Grassy Glide|p1a: Ogerpon\n|-damage|p1a: Ogerpon|30\/100\n|\n|upkeep\n|turn|8\n|\n|t:|1700002491\n|switch|p2a: Landorus|Landorus-Therian, L50, M|100\/100\n|-ability|p2a: Landorus|Intimidate|boost\n|-unboost|p1a: Ogerpon|atk|1\n|-unboost|p1b: Kingambit|atk|1\n|-ability|p1b: Kingambit|Defiant|boost\n|-boost|p1b: Kingambit|atk|2\n|move|p2b: Urshifu|Detect|p2b: Urshifu\n|-singleturn|p2b: Urshifu|Protect\n|move|p1b: Kingambit|Sucker Punch||[still]\n|-fail|p1b: Kingambit\n|move|p1a: Ogerpon|Horn Leech|p2b: Urshifu\n|-activate|p2b: Urshifu|move: Protect\n|\n|upkeep\n|turn|9\n|inactive|Onassi2 has 30 seconds left.\n|\n|t:|1700002517\n|switch|p2b: Rillaboom|Rillaboom, L50, M|76\/100\n|-fieldstart|move: Grassy Terrain|[from] ability: Grassy Surge|[of] p2b: Rillaboom\n|move|p1a: Ogerpon|Follow Me|p1a: Ogerpon\n|-singleturn|p1a: Ogerpon|move: Follow Me\n|move|p1b: Kingambit|Sucker Punch||[still]\n|-fail|p1b: Kingambit\n|move|p2a: Landorus|U-turn|p1a: Ogerpon\n|-supereffective|p1a: Ogerpon\n|-damage|p1a: Ogerpon|0 fnt\n|faint|p1a: Ogerpon\n|\n|t:|1700002525\n|switch|p2a: Urshifu|Urshifu-Rapid-Strike, L50, M|100\/100|[from] U-turn\n|\n|-heal|p2b: Rillaboom|82\/100|[from] Grassy Terrain\n|-heal|p1b: Kingambit|86\/100|[from] Grassy Terrain\n|upkeep\n|\n|t:|1700002528\n|switch|p1a: Gholdengo|Gholdengo, L50|28\/100\n|turn|10\n|\n|t:|1700002538\n|-terastallize|p2a: Urshifu|Water\n|move|p1a: Gholdengo|Protect|p1a: Gholdengo\n|-singleturn|p1a: Gholdengo|Protect\n|move|p2a: Urshifu|Aqua Jet|p1b: Kingambit\n|-damage|p1b: Kingambit|56\/100\n|move|p2b: Rillaboom|Grassy Glide|p1b: Kingambit\n|-damage|p1b: Kingambit|24\/100\n|move|p1b: Kingambit|Sucker Punch||[still]\n|-fail|p1b: Kingambit\n|\n|-heal|p1a: Gholdengo|33\/100|[from] Grassy Terrain\n|-heal|p2b: Rillaboom|88\/100|[from] Grassy Terrain\n|-heal|p1b: Kingambit|29\/100|[from] Grassy Terrain\n|upkeep\n|turn|11\n|-message|Onassi2 forfeited.\n|\n|win|zg9064\n|raw|Onassi2's rating: 1489 &rarr; <strong>1471<\/strong><br \/>(-18 for losing)\n|raw|zg9064's rating: 1532 &rarr; <strong>1550<\/strong><br \/>(+18 for winning)\n|l|\u2606Onassi2\n","uploadtime":1700002561,"views":24,"p1id":"onassi2","p2id":"zg9064","formatid":"gen9vgc2023regulatione","rating":1471,"private":0,"password":""}