{"id":"gen9vgc2023regulatione-1989406291","p1":"Tutkan","p2":"kurocoyi","format":"[Gen 9] VGC 2023 Regulation E","log":"|j|\u2606Tutkan\n|j|\u2606kurocoyi\n|t:|1699846160\n|gametype|doubles\n|player|p1|Tutkan|170|1291\n|player|p2|kurocoyi|clerkf|1197\n|teamsize|p1|6\n|teamsize|p2|6\n|gen|9\n|tier|[Gen 9] VGC 2023 Regulation E\n|rated|\n|rule|Species Clause: Limit one of each Pok\u00e9mon\n|rule|Item Clause: Limit one of each item\n|clearpoke\n|poke|p1|Heatran, L50, M|\n|poke|p1|Chien-Pao, L50|\n|poke|p1|Dragonite, L50, M|\n|poke|p1|Urshifu-*, L50, F|\n|poke|p1|Flutter Mane, L50|\n|poke|p1|Tornadus, L50, M|\n|poke|p2|Tornadus, L50, M|\n|poke|p2|Flutter Mane, L50|\n|poke|p2|Dragonite, L50, M|\n|poke|p2|Thundurus-Therian, L50, M|\n|poke|p2|Chi-Yu, L50|\n|poke|p2|Roaring Moon, L50|\n|teampreview|4\n|\n|t:|1699846206\n|start\n|switch|p1a: Tornadus|Tornadus, L50, M|100\/100\n|switch|p1b: Flutter Mane|Flutter Mane, L50|100\/100\n|switch|p2a: Tornadus|Tornadus, L50, M|100\/100\n|switch|p2b: Flutter Mane|Flutter Mane, L50|100\/100\n|-enditem|p1b: Flutter Mane|Booster Energy\n|-activate|p1b: Flutter Mane|ability: Protosynthesis|[fromitem]\n|-start|p1b: Flutter Mane|protosynthesisspa\n|turn|1\n|\n|t:|1699846240\n|-terastallize|p1b: Flutter Mane|Fairy\n|move|p1a: Tornadus|Taunt|p2a: Tornadus\n|-start|p2a: Tornadus|move: Taunt\n|-enditem|p2a: Tornadus|Mental Herb\n|-end|p2a: Tornadus|move: Taunt\n|move|p2a: Tornadus|Tailwind|p2a: Tornadus\n|-sidestart|p2: kurocoyi|move: Tailwind\n|move|p2b: Flutter Mane|Icy Wind|p1b: Flutter Mane|[spread] p1b\n|-miss|p2b: Flutter Mane|p1a: Tornadus\n|-damage|p1b: Flutter Mane|85\/100\n|-unboost|p1b: Flutter Mane|spe|1\n|move|p1b: Flutter Mane|Shadow Ball|p2b: Flutter Mane\n|-supereffective|p2b: Flutter Mane\n|-damage|p2b: Flutter Mane|0 fnt\n|faint|p2b: Flutter Mane\n|-end|p2b: Flutter Mane|Protosynthesis|[silent]\n|\n|upkeep\n|\n|t:|1699846274\n|switch|p2b: Chi-Yu|Chi-Yu, L50|100\/100\n|-ability|p2b: Chi-Yu|Beads of Ruin\n|turn|2\n|\n|t:|1699846295\n|move|p2a: Tornadus|Sunny Day|p2a: Tornadus\n|-weather|SunnyDay\n|move|p1a: Tornadus|Tailwind|p1a: Tornadus\n|-sidestart|p1: Tutkan|move: Tailwind\n|move|p2b: Chi-Yu|Heat Wave|p1a: Tornadus|[spread] p1b\n|-miss|p2b: Chi-Yu|p1a: Tornadus\n|-damage|p1b: Flutter Mane|16\/100\n|move|p1b: Flutter Mane|Dazzling Gleam|p2a: Tornadus|[spread] p2a,p2b\n|-damage|p2a: Tornadus|15\/100\n|-damage|p2b: Chi-Yu|41\/100\n|\n|-weather|SunnyDay|[upkeep]\n|upkeep\n|turn|3\n|\n|t:|1699846326\n|-end|p1b: Flutter Mane|Protosynthesis|[silent]\n|switch|p1b: Heatran|Heatran, L50, M|100\/100\n|move|p1a: Tornadus|Rain Dance|p1a: Tornadus\n|-weather|RainDance\n|move|p2a: Tornadus|Tailwind||[still]\n|-fail|p2a: Tornadus\n|move|p2b: Chi-Yu|Heat Wave|p1b: Heatran|[spread] p1a\n|-start|p1b: Heatran|ability: Flash Fire\n|-damage|p1a: Tornadus|64\/100\n|\n|-weather|RainDance|[upkeep]\n|upkeep\n|turn|4\n|\n|t:|1699846367\n|move|p2a: Tornadus|Sunny Day|p2a: Tornadus\n|-weather|SunnyDay\n|move|p1a: Tornadus|Bleakwind Storm|p2b: Chi-Yu|[spread] p2a,p2b\n|-damage|p2a: Tornadus|0 fnt\n|-damage|p2b: Chi-Yu|0 fnt\n|faint|p2a: Tornadus\n|faint|p2b: Chi-Yu\n|move|p1b: Heatran|Earth Power|p2: Tornadus|[notarget]\n|-fail|p1b: Heatran\n|\n|-weather|SunnyDay|[upkeep]\n|-sideend|p2: kurocoyi|move: Tailwind\n|upkeep\n|\n|t:|1699846384\n|switch|p2a: Dragonite|Dragonite, L50, M, shiny|100\/100\n|turn|5\n|l|\u2606kurocoyi\n|player|p2|\n|inactive|Battle timer is ON: inactive players will automatically lose when time's up. (requested by Tutkan)\n|inactive|kurocoyi has 30 seconds to reconnect!\n|inactive|kurocoyi has 20 seconds to reconnect!\n|inactive|kurocoyi has 15 seconds to reconnect!\n|inactive|kurocoyi has 10 seconds to reconnect!\n|inactive|kurocoyi has 5 seconds to reconnect!\n|-message|kurocoyi lost due to inactivity.\n|\n|win|Tutkan\n|raw|Tutkan's rating: 1291 &rarr; <strong>1309<\/strong><br \/>(+18 for winning)\n|raw|kurocoyi's rating: 1197 &rarr; <strong>1179<\/strong><br \/>(-18 for losing)\n","uploadtime":1699846497,"views":12,"p1id":"tutkan","p2id":"kurocoyi","formatid":"gen9vgc2023regulatione","rating":1179,"private":0,"password":""}