{"id":"gen9vgc2023regulatione-1989194104","p1":"Determewnation","p2":"gaelthevapemaster","format":"[Gen 9] VGC 2023 Regulation E","log":"|j|\u2606Determewnation\n|j|\u2606gaelthevapemaster\n|t:|1699822085\n|gametype|doubles\n|player|p1|Determewnation|akari-isekai|1335\n|player|p2|gaelthevapemaster|101|1334\n|teamsize|p1|6\n|teamsize|p2|6\n|gen|9\n|tier|[Gen 9] VGC 2023 Regulation E\n|rated|\n|rule|Species Clause: Limit one of each Pok\u00e9mon\n|rule|Item Clause: Limit one of each item\n|clearpoke\n|poke|p1|Indeedee-F, L50, F|\n|poke|p1|Iron Hands, L50|\n|poke|p1|Goodra, L50, F|\n|poke|p1|Chi-Yu, L50|\n|poke|p1|Tornadus, L50, M|\n|poke|p1|Hatterene, L50, F|\n|poke|p2|Arcanine, L50, F|\n|poke|p2|Breloom, L50, M|\n|poke|p2|Iron Bundle, L50|\n|poke|p2|Salamence, L50, F|\n|poke|p2|Ogerpon-Cornerstone, L50, F|\n|poke|p2|Slowbro, L50, M|\n|teampreview|4\n|inactive|Battle timer is ON: inactive players will automatically lose when time's up. (requested by gaelthevapemaster)\n|inactive|Determewnation has 60 seconds left.\n|inactive|gaelthevapemaster has 60 seconds left.\n|\n|t:|1699822144\n|start\n|switch|p1a: Indeedee|Indeedee-F, L50, F|100\/100\n|switch|p1b: Hatterene|Hatterene, L50, F|100\/100\n|switch|p2a: Slowbro|Slowbro, L50, M|100\/100\n|switch|p2b: Salamence|Salamence, L50, F|100\/100\n|-ability|p2b: Salamence|Intimidate|boost\n|-unboost|p1a: Indeedee|atk|1\n|-unboost|p1b: Hatterene|atk|1\n|-fieldstart|move: Psychic Terrain|[from] ability: Psychic Surge|[of] p1a: Indeedee\n|-enditem|p1a: Indeedee|Psychic Seed\n|-boost|p1a: Indeedee|spd|1|[from] item: Psychic Seed\n|turn|1\n|inactive|gaelthevapemaster has 30 seconds left.\n|\n|t:|1699822172\n|move|p1a: Indeedee|Follow Me|p1a: Indeedee\n|-singleturn|p1a: Indeedee|move: Follow Me\n|move|p2b: Salamence|Dual Wingbeat|p1a: Indeedee|[miss]\n|-miss|p2b: Salamence|p1a: Indeedee\n|move|p2a: Slowbro|Yawn|p1a: Indeedee\n|-start|p1a: Indeedee|move: Yawn|[of] p2a: Slowbro\n|move|p1b: Hatterene|Dazzling Gleam|p2a: Slowbro|[spread] p2a,p2b\n|-supereffective|p2b: Salamence\n|-damage|p2a: Slowbro|53\/100\n|-damage|p2b: Salamence|0 fnt\n|faint|p2b: Salamence\n|-damage|p1b: Hatterene|91\/100|[from] item: Life Orb\n|\n|upkeep\n|\n|t:|1699822184\n|switch|p2b: Breloom|Breloom, L50, M|100\/100\n|turn|2\n|\n|t:|1699822205\n|switch|p1b: Goodra|Goodra, L50, F, shiny|100\/100\n|move|p2b: Breloom|Spore|p1b: Goodra\n|-ability|p1b: Goodra|Sap Sipper|boost\n|-boost|p1b: Goodra|atk|1\n|move|p1a: Indeedee|Psychic|p2b: Breloom\n|-supereffective|p2b: Breloom\n|-enditem|p2b: Breloom|Focus Sash\n|-damage|p2b: Breloom|1\/100\n|move|p2a: Slowbro|Yawn||[still]\n|-fail|p2a: Slowbro\n|\n|-end|p1a: Indeedee|move: Yawn|[silent]\n|-status|p1a: Indeedee|slp\n|upkeep\n|turn|3\n|inactive|Determewnation has 30 seconds left.\n|\n|t:|1699822238\n|move|p2b: Breloom|Bullet Seed|p1a: Indeedee\n|-damage|p1a: Indeedee|82\/100 slp\n|-damage|p1a: Indeedee|62\/100 slp\n|-damage|p1a: Indeedee|44\/100 slp\n|-hitcount|p1a: Indeedee|3\n|move|p1b: Goodra|Thunderbolt|p2b: Breloom\n|-resisted|p2b: Breloom\n|-damage|p2b: Breloom|0 fnt\n|faint|p2b: Breloom\n|cant|p1a: Indeedee|slp\n|move|p2a: Slowbro|Psyshock|p1b: Goodra\n|-damage|p1b: Goodra|62\/100\n|\n|upkeep\n|\n|t:|1699822247\n|switch|p2b: Arcanine|Arcanine, L50, F|100\/100\n|-ability|p2b: Arcanine|Intimidate|boost\n|-unboost|p1a: Indeedee|atk|1\n|-unboost|p1b: Goodra|atk|1\n|turn|4\n|\n|t:|1699822259\n|move|p2b: Arcanine|Snarl|p1a: Indeedee|[spread] p1a,p1b\n|-supereffective|p1a: Indeedee\n|-damage|p1a: Indeedee|33\/100 slp\n|-damage|p1b: Goodra|58\/100\n|-unboost|p1a: Indeedee|spa|1\n|-unboost|p1b: Goodra|spa|1\n|move|p1b: Goodra|Thunderbolt|p2a: Slowbro\n|-supereffective|p2a: Slowbro\n|-damage|p2a: Slowbro|15\/100\n|-enditem|p2a: Slowbro|Sitrus Berry|[eat]\n|-heal|p2a: Slowbro|40\/100|[from] item: Sitrus Berry\n|move|p2a: Slowbro|Scald|p1b: Goodra\n|-resisted|p1b: Goodra\n|-damage|p1b: Goodra|52\/100\n|-curestatus|p1a: Indeedee|slp|[msg]\n|move|p1a: Indeedee|Trick Room|p1a: Indeedee\n|-fieldstart|move: Trick Room|[of] p1a: Indeedee\n|\n|upkeep\n|turn|5\n|\n|t:|1699822274\n|switch|p1b: Iron Hands|Iron Hands, L50|100\/100\n|move|p1a: Indeedee|Follow Me|p1a: Indeedee\n|-singleturn|p1a: Indeedee|move: Follow Me\n|move|p2b: Arcanine|Snarl|p1b: Iron Hands|[spread] p1a,p1b\n|-supereffective|p1a: Indeedee\n|-resisted|p1b: Iron Hands\n|-damage|p1a: Indeedee|21\/100\n|-damage|p1b: Iron Hands|97\/100\n|-unboost|p1a: Indeedee|spa|1\n|-unboost|p1b: Iron Hands|spa|1\n|move|p2a: Slowbro|Trick Room|p2a: Slowbro\n|-fieldend|move: Trick Room\n|\n|-heal|p1b: Iron Hands|100\/100|[from] item: Leftovers\n|-fieldend|move: Psychic Terrain\n|upkeep\n|turn|6\n|\n|t:|1699822295\n|move|p1a: Indeedee|Follow Me|p1a: Indeedee\n|-singleturn|p1a: Indeedee|move: Follow Me\n|move|p2b: Arcanine|Psychic Fangs|p1a: Indeedee\n|-resisted|p1a: Indeedee\n|-damage|p1a: Indeedee|11\/100\n|move|p1b: Iron Hands|Swords Dance|p1b: Iron Hands\n|-boost|p1b: Iron Hands|atk|2\n|move|p2a: Slowbro|Psyshock|p1a: Indeedee\n|-resisted|p1a: Indeedee\n|-damage|p1a: Indeedee|0 fnt\n|faint|p1a: Indeedee\n|\n|upkeep\n|\n|t:|1699822302\n|switch|p1a: Goodra|Goodra, L50, F, shiny|52\/100\n|turn|7\n|\n|t:|1699822315\n|move|p2b: Arcanine|Psychic Fangs|p1b: Iron Hands\n|-supereffective|p1b: Iron Hands\n|-damage|p1b: Iron Hands|69\/100\n|move|p1a: Goodra|Thunderbolt|p2a: Slowbro\n|-supereffective|p2a: Slowbro\n|-damage|p2a: Slowbro|0 fnt\n|faint|p2a: Slowbro\n|move|p1b: Iron Hands|Thunder Punch|p2b: Arcanine\n|-damage|p2b: Arcanine|18\/100\n|\n|-heal|p1b: Iron Hands|75\/100|[from] item: Leftovers\n|upkeep\n|turn|8\n|\n|t:|1699822324\n|move|p2b: Arcanine|Psychic Fangs|p1b: Iron Hands\n|-supereffective|p1b: Iron Hands\n|-damage|p1b: Iron Hands|45\/100\n|move|p1a: Goodra|Sludge Bomb|p2b: Arcanine\n|-damage|p2b: Arcanine|0 fnt\n|faint|p2b: Arcanine\n|\n|win|Determewnation\n|raw|Determewnation's rating: 1335 &rarr; <strong>1355<\/strong><br \/>(+20 for winning)\n|raw|gaelthevapemaster's rating: 1334 &rarr; <strong>1314<\/strong><br \/>(-20 for losing)\n|c|\u2606gaelthevapemaster|Cringe iron hands exploiter\n|l|\u2606gaelthevapemaster\n","uploadtime":1699822404,"views":13,"p1id":"determewnation","p2id":"gaelthevapemaster","formatid":"gen9vgc2023regulatione","rating":1314,"private":0,"password":""}