{"id":"gen9vgc2023regulatione-1998768953","p1":"grafaiaionnaperc","p2":"diamondmon551","format":"[Gen 9] VGC 2023 Regulation E","log":"|j|\u2606grafaiaionnaperc\n|j|\u2606diamondmon551\n|t:|1700986918\n|gametype|doubles\n|player|p1|grafaiaionnaperc|burglar|1583\n|player|p2|diamondmon551|penny|1723\n|teamsize|p1|6\n|teamsize|p2|6\n|gen|9\n|tier|[Gen 9] VGC 2023 Regulation E\n|rated|\n|rule|Species Clause: Limit one of each Pok\u00e9mon\n|rule|Item Clause: Limit one of each item\n|clearpoke\n|poke|p1|Basculegion, L50, M|\n|poke|p1|Urshifu-*, L50, M|\n|poke|p1|Gholdengo, L50|\n|poke|p1|Tornadus, L50, M|\n|poke|p1|Armarouge, L50, M|\n|poke|p1|Indeedee-F, L50, F|\n|poke|p2|Ogerpon-Hearthflame, L50, F|\n|poke|p2|Landorus-Therian, L50, M|\n|poke|p2|Iron Hands, L50|\n|poke|p2|Flutter Mane, L50|\n|poke|p2|Roaring Moon, L50|\n|poke|p2|Gholdengo, L50|\n|teampreview|4\n|inactive|Battle timer is ON: inactive players will automatically lose when time's up. (requested by grafaiaionnaperc)\n|c|\u2606diamondmon551|oh hello again\n|inactive|diamondmon551 has 60 seconds left.\n|c|\u2606grafaiaionnaperc|hi\n|\n|t:|1700986973\n|start\n|switch|p1a: Indeedee|Indeedee-F, L50, F|100\/100\n|switch|p1b: Robert Downey Jr.|Gholdengo, L50, shiny|100\/100\n|switch|p2a: Ogerpon|Ogerpon-Hearthflame, L50, F|100\/100\n|switch|p2b: Gholdengo|Gholdengo, L50|100\/100\n|-ability|p2a: Ogerpon|Mold Breaker\n|-fieldstart|move: Psychic Terrain|[from] ability: Psychic Surge|[of] p1a: Indeedee\n|turn|1\n|inactive|diamondmon551 has 30 seconds left.\n|inactive|diamondmon551 has 20 seconds left.\n|inactive|grafaiaionnaperc has 30 seconds left.\n|inactive|diamondmon551 has 15 seconds left.\n|inactive|diamondmon551 has 10 seconds left.\n|inactive|grafaiaionnaperc has 20 seconds left.\n|inactive|diamondmon551 has 5 seconds left.\n|inactive|grafaiaionnaperc has 15 seconds left.\n|\n|t:|1700987029\n|-terastallize|p2b: Gholdengo|Water\n|-terastallize|p1b: Robert Downey Jr.|Steel\n|move|p1a: Indeedee|Follow Me|p1a: Indeedee\n|-singleturn|p1a: Indeedee|move: Follow Me\n|move|p2a: Ogerpon|Ivy Cudgel|p1a: Indeedee|[anim] Ivy Cudgel Fire\n|-damage|p1a: Indeedee|47\/100\n|move|p2b: Gholdengo|Make It Rain|p1a: Indeedee|[spread] p1a,p1b\n|-resisted|p1b: Robert Downey Jr.\n|-damage|p1a: Indeedee|0 fnt\n|-damage|p1b: Robert Downey Jr.|75\/100\n|-unboost|p2b: Gholdengo|spa|1\n|faint|p1a: Indeedee\n|move|p1b: Robert Downey Jr.|Nasty Plot|p1b: Robert Downey Jr.\n|-boost|p1b: Robert Downey Jr.|spa|2\n|\n|upkeep\n|inactive|grafaiaionnaperc has 30 seconds left.\n|\n|t:|1700987054\n|switch|p1a: Tornadus|Tornadus, L50, M|100\/100\n|turn|2\n|\n|t:|1700987066\n|move|p2a: Ogerpon|Spiky Shield|p2a: Ogerpon\n|-singleturn|p2a: Ogerpon|move: Protect\n|move|p1a: Tornadus|Tailwind|p1a: Tornadus\n|-sidestart|p1: grafaiaionnaperc|move: Tailwind\n|move|p1b: Robert Downey Jr.|Shadow Ball|p2a: Ogerpon\n|-activate|p2a: Ogerpon|move: Protect\n|move|p2b: Gholdengo|Shadow Ball|p1b: Robert Downey Jr.\n|-damage|p1b: Robert Downey Jr.|45\/100\n|-unboost|p1b: Robert Downey Jr.|spd|1\n|\n|upkeep\n|turn|3\n|inactive|grafaiaionnaperc has 30 seconds left.\n|\n|t:|1700987096\n|switch|p2a: Roaring Moon|Roaring Moon, L50|100\/100\n|-enditem|p2a: Roaring Moon|Booster Energy\n|-activate|p2a: Roaring Moon|ability: Protosynthesis|[fromitem]\n|-start|p2a: Roaring Moon|protosynthesisspe\n|move|p1a: Tornadus|Bleakwind Storm|p2b: Gholdengo|[spread] \n|-miss|p1a: Tornadus|p2a: Roaring Moon\n|-miss|p1a: Tornadus|p2b: Gholdengo\n|move|p1b: Robert Downey Jr.|Shadow Ball|p2a: Roaring Moon\n|-resisted|p2a: Roaring Moon\n|-damage|p2a: Roaring Moon|48\/100\n|-damage|p1b: Robert Downey Jr.|35\/100|[from] item: Life Orb\n|move|p2b: Gholdengo|Shadow Ball|p1b: Robert Downey Jr.\n|-damage|p1b: Robert Downey Jr.|0 fnt\n|faint|p1b: Robert Downey Jr.\n|\n|upkeep\n|\n|t:|1700987098\n|switch|p1b: Urshifu|Urshifu, L50, M|100\/100\n|turn|4\n|\n|t:|1700987120\n|move|p1a: Tornadus|Icy Wind|p2a: Roaring Moon|[spread] p2a,p2b\n|-supereffective|p2a: Roaring Moon\n|-resisted|p2b: Gholdengo\n|-damage|p2a: Roaring Moon|21\/100\n|-damage|p2b: Gholdengo|93\/100\n|-unboost|p2a: Roaring Moon|spe|1\n|-unboost|p2b: Gholdengo|spe|1\n|move|p1b: Urshifu|Wicked Blow|p2b: Gholdengo\n|-crit|p2b: Gholdengo\n|-damage|p2b: Gholdengo|0 fnt\n|faint|p2b: Gholdengo\n|move|p2a: Roaring Moon|Tailwind|p2a: Roaring Moon\n|-sidestart|p2: diamondmon551|move: Tailwind\n|\n|upkeep\n|\n|t:|1700987135\n|switch|p2b: Iron Hands|Iron Hands, L50|100\/100\n|turn|5\n|\n|t:|1700987156\n|move|p2a: Roaring Moon|Acrobatics|p1b: Urshifu\n|-supereffective|p1b: Urshifu\n|-crit|p1b: Urshifu\n|-damage|p1b: Urshifu|0 fnt\n|faint|p1b: Urshifu\n|move|p1a: Tornadus|Bleakwind Storm|p2a: Roaring Moon|[spread] p2a,p2b\n|-damage|p2a: Roaring Moon|0 fnt\n|-damage|p2b: Iron Hands|67\/100\n|faint|p2a: Roaring Moon\n|-end|p2a: Roaring Moon|Protosynthesis|[silent]\n|move|p2b: Iron Hands|Wild Charge|p1a: Tornadus\n|-supereffective|p1a: Tornadus\n|-enditem|p1a: Tornadus|Focus Sash\n|-damage|p1a: Tornadus|1\/100\n|-damage|p2b: Iron Hands|52\/100|[from] Recoil\n|\n|-sideend|p1: grafaiaionnaperc|move: Tailwind\n|-fieldend|move: Psychic Terrain\n|upkeep\n|\n|t:|1700987161\n|switch|p2a: Ogerpon|Ogerpon-Hearthflame, L50, F|100\/100\n|-ability|p2a: Ogerpon|Mold Breaker\n|turn|6\n|-message|grafaiaionnaperc forfeited.\n|\n|win|diamondmon551\n|raw|grafaiaionnaperc's rating: 1583 &rarr; <strong>1571<\/strong><br \/>(-12 for losing)\n|raw|diamondmon551's rating: 1723 &rarr; <strong>1735<\/strong><br \/>(+12 for winning)\n|c|\u2606diamondmon551|gg\n|l|\u2606grafaiaionnaperc\n","uploadtime":1700987219,"views":4,"p1id":"grafaiaionnaperc","p2id":"diamondmon551","formatid":"gen9vgc2023regulatione","rating":1571,"private":0,"password":""}