{"id":"gen9vgc2023regulatione-1991429125","p1":"Hi its joe","p2":"previouslyunnamed","format":"[Gen 9] VGC 2023 Regulation E","log":"|j|\u2606Hi its joe\n|j|\u2606previouslyunnamed\n|t:|1700076361\n|gametype|doubles\n|player|p1|Hi its joe|palmer|1597\n|player|p2|previouslyunnamed|ryuki|1694\n|teamsize|p1|6\n|teamsize|p2|6\n|gen|9\n|tier|[Gen 9] VGC 2023 Regulation E\n|rated|\n|rule|Species Clause: Limit one of each Pok\u00e9mon\n|rule|Item Clause: Limit one of each item\n|clearpoke\n|poke|p1|Tatsugiri, L50, M|\n|poke|p1|Ogerpon-Hearthflame, L50, F|\n|poke|p1|Dondozo, L50, F|\n|poke|p1|Rillaboom, L50, M|\n|poke|p1|Ursaluna-Bloodmoon, L50, M|\n|poke|p1|Farigiraf, L50, M|\n|poke|p2|Iron Hands, L50|\n|poke|p2|Landorus-Therian, L50, M|\n|poke|p2|Chi-Yu, L50|\n|poke|p2|Flutter Mane, L50|\n|poke|p2|Cresselia, L50, F|\n|poke|p2|Amoonguss, L50, M|\n|teampreview|4\n|inactive|Battle timer is ON: inactive players will automatically lose when time's up. (requested by previouslyunnamed)\n|inactive|Hi its joe has 60 seconds left.\n|inactive|previouslyunnamed has 60 seconds left.\n|\n|t:|1700076403\n|start\n|switch|p1a: Ursaluna|Ursaluna-Bloodmoon, L50, M|100\/100\n|switch|p1b: Farigiraf|Farigiraf, L50, M|100\/100\n|switch|p2a: Iron Hands|Iron Hands, L50|100\/100\n|switch|p2b: Chi-Yu|Chi-Yu, L50|100\/100\n|-ability|p2b: Chi-Yu|Beads of Ruin\n|turn|1\n|\n|t:|1700076421\n|move|p1b: Farigiraf|Helping Hand|p1a: Ursaluna\n|-singleturn|p1a: Ursaluna|Helping Hand|[of] p1b: Farigiraf\n|move|p2b: Chi-Yu|Snarl|p1a: Ursaluna|[spread] p1a,p1b\n|-supereffective|p1b: Farigiraf\n|-damage|p1a: Ursaluna|62\/100\n|-damage|p1b: Farigiraf|26\/100\n|-unboost|p1a: Ursaluna|spa|1\n|-unboost|p1b: Farigiraf|spa|1\n|move|p2a: Iron Hands|Wild Charge|p1b: Farigiraf\n|-damage|p1b: Farigiraf|0 fnt\n|-damage|p2a: Iron Hands|84\/100|[from] item: Rocky Helmet|[of] p1b: Farigiraf\n|faint|p1b: Farigiraf\n|-damage|p2a: Iron Hands|79\/100|[from] Recoil\n|move|p1a: Ursaluna|Hyper Voice|p2a: Iron Hands|[spread] p2a,p2b\n|-damage|p2a: Iron Hands|46\/100\n|-damage|p2b: Chi-Yu|53\/100\n|-damage|p1a: Ursaluna|52\/100|[from] item: Life Orb\n|\n|upkeep\n|\n|t:|1700076436\n|switch|p1b: Dondozo|Dondozo, L50, F|100\/100\n|turn|2\n|\n|t:|1700076456\n|-end|p2a: Iron Hands|Quark Drive|[silent]\n|switch|p2a: Landorus|Landorus-Therian, L50, M|100\/100\n|-ability|p2a: Landorus|Intimidate|boost\n|-unboost|p1a: Ursaluna|atk|1\n|-unboost|p1b: Dondozo|atk|1\n|switch|p1a: Tatsugiri|Tatsugiri, L50, M|100\/100\n|-activate|p1a: Tatsugiri|ability: Commander|[of] p1b: Dondozo\n|-boost|p1b: Dondozo|atk|2\n|-boost|p1b: Dondozo|spa|2\n|-boost|p1b: Dondozo|spe|2\n|-boost|p1b: Dondozo|def|2\n|-boost|p1b: Dondozo|spd|2\n|move|p1b: Dondozo|Wave Crash|p2a: Landorus\n|-supereffective|p2a: Landorus\n|-damage|p2a: Landorus|0 fnt\n|faint|p2a: Landorus\n|-damage|p1b: Dondozo|75\/100|[from] Recoil\n|move|p2b: Chi-Yu|Snarl|p1b: Dondozo|[spread] p1b\n|-miss|p2b: Chi-Yu|p1a: Tatsugiri\n|-damage|p1b: Dondozo|56\/100\n|-unboost|p1b: Dondozo|spa|1\n|\n|-heal|p1b: Dondozo|62\/100|[from] item: Leftovers\n|upkeep\n|\n|t:|1700076473\n|switch|p2a: Amoonguss|Amoonguss, L50, M, shiny|100\/100\n|turn|3\n|\n|t:|1700076482\n|switch|p2b: Iron Hands|Iron Hands, L50|46\/100\n|-terastallize|p1b: Dondozo|Dragon\n|move|p1b: Dondozo|Substitute|p1b: Dondozo\n|-start|p1b: Dondozo|Substitute\n|-damage|p1b: Dondozo|38\/100\n|move|p2a: Amoonguss|Spore||[still]\n|-fail|p2a: Amoonguss\n|\n|-heal|p1b: Dondozo|43\/100|[from] item: Leftovers\n|upkeep\n|turn|4\n|\n|t:|1700076495\n|switch|p2a: Chi-Yu|Chi-Yu, L50|53\/100\n|-ability|p2a: Chi-Yu|Beads of Ruin\n|move|p1b: Dondozo|Order Up|p2b: Iron Hands\n|-damage|p2b: Iron Hands|8\/100\n|-boost|p1b: Dondozo|atk|1\n|move|p2b: Iron Hands|Drain Punch|p1b: Dondozo\n|-activate|p1b: Dondozo|move: Substitute|[damage]\n|-heal|p2b: Iron Hands|16\/100|[from] drain|[of] p1b: Dondozo\n|\n|-heal|p1b: Dondozo|49\/100|[from] item: Leftovers\n|upkeep\n|turn|5\n|\n|t:|1700076511\n|move|p1b: Dondozo|Order Up|p2a: Chi-Yu\n|-damage|p2a: Chi-Yu|0 fnt\n|faint|p2a: Chi-Yu\n|-boost|p1b: Dondozo|atk|1\n|move|p2b: Iron Hands|Drain Punch|p1b: Dondozo\n|-end|p1b: Dondozo|Substitute\n|-heal|p2b: Iron Hands|21\/100|[from] drain|[of] p1b: Dondozo\n|\n|-heal|p1b: Dondozo|55\/100|[from] item: Leftovers\n|upkeep\n|\n|t:|1700076514\n|switch|p2a: Amoonguss|Amoonguss, L50, M, shiny|100\/100\n|turn|6\n|\n|t:|1700076524\n|move|p1b: Dondozo|Substitute|p1b: Dondozo\n|-start|p1b: Dondozo|Substitute\n|-damage|p1b: Dondozo|31\/100\n|move|p2b: Iron Hands|Drain Punch|p1b: Dondozo\n|-activate|p1b: Dondozo|move: Substitute|[damage]\n|-heal|p2b: Iron Hands|28\/100|[from] drain|[of] p1b: Dondozo\n|move|p2a: Amoonguss|Pollen Puff|p2b: Iron Hands\n|-heal|p2b: Iron Hands|78\/100\n|\n|-heal|p1b: Dondozo|37\/100|[from] item: Leftovers\n|upkeep\n|turn|7\n|\n|t:|1700076536\n|move|p1b: Dondozo|Order Up|p2b: Iron Hands\n|-damage|p2b: Iron Hands|23\/100\n|-boost|p1b: Dondozo|atk|1\n|move|p2b: Iron Hands|Drain Punch|p1b: Dondozo\n|-end|p1b: Dondozo|Substitute\n|-heal|p2b: Iron Hands|28\/100|[from] drain|[of] p1b: Dondozo\n|move|p2a: Amoonguss|Spore|p1b: Dondozo\n|-status|p1b: Dondozo|slp|[from] move: Spore\n|\n|-heal|p1b: Dondozo|43\/100 slp|[from] item: Leftovers\n|upkeep\n|turn|8\n|j| Nightwind Husky\n|\n|t:|1700076547\n|cant|p1b: Dondozo|slp\n|move|p2b: Iron Hands|Drain Punch|p1b: Dondozo\n|-damage|p1b: Dondozo|26\/100 slp\n|-heal|p2b: Iron Hands|36\/100|[from] drain|[of] p1b: Dondozo\n|move|p2a: Amoonguss|Pollen Puff|p2b: Iron Hands\n|-heal|p2b: Iron Hands|86\/100\n|\n|-heal|p1b: Dondozo|32\/100 slp|[from] item: Leftovers\n|upkeep\n|turn|9\n|j| Asacado\n|\n|t:|1700076561\n|cant|p1b: Dondozo|slp\n|move|p2b: Iron Hands|Drain Punch|p1b: Dondozo\n|-damage|p1b: Dondozo|18\/100 slp\n|-heal|p2b: Iron Hands|93\/100|[from] drain|[of] p1b: Dondozo\n|move|p2a: Amoonguss|Pollen Puff|p1b: Dondozo\n|-damage|p1b: Dondozo|9\/100 slp\n|\n|-heal|p1b: Dondozo|15\/100 slp|[from] item: Leftovers\n|upkeep\n|turn|10\n|\n|t:|1700076572\n|cant|p1b: Dondozo|slp\n|move|p2b: Iron Hands|Drain Punch|p1b: Dondozo\n|-crit|p1b: Dondozo\n|-damage|p1b: Dondozo|0 fnt\n|-heal|p2b: Iron Hands|100\/100|[from] drain|[of] p1b: Dondozo\n|faint|p1b: Dondozo\n|move|p2a: Amoonguss|Pollen Puff|p1a: Tatsugiri\n|-damage|p1a: Tatsugiri|77\/100\n|\n|upkeep\n|\n|t:|1700076581\n|switch|p1b: Ursaluna|Ursaluna-Bloodmoon, L50, M|52\/100\n|turn|11\n|inactive|Hi its joe has 30 seconds left.\n|\n|t:|1700076610\n|move|p1b: Ursaluna|Protect|p1b: Ursaluna\n|-singleturn|p1b: Ursaluna|Protect\n|move|p1a: Tatsugiri|Draco Meteor|p2b: Iron Hands\n|-damage|p2b: Iron Hands|70\/100\n|-unboost|p1a: Tatsugiri|spa|2\n|move|p2b: Iron Hands|Drain Punch|p1b: Ursaluna\n|-activate|p1b: Ursaluna|move: Protect\n|move|p2a: Amoonguss|Spore|p1a: Tatsugiri\n|-status|p1a: Tatsugiri|slp|[from] move: Spore\n|\n|upkeep\n|turn|12\n|\n|t:|1700076632\n|cant|p1a: Tatsugiri|slp\n|move|p2b: Iron Hands|Drain Punch|p1b: Ursaluna\n|-supereffective|p1b: Ursaluna\n|-damage|p1b: Ursaluna|0 fnt\n|-heal|p2b: Iron Hands|91\/100|[from] drain|[of] p1b: Ursaluna\n|faint|p1b: Ursaluna\n|move|p2a: Amoonguss|Pollen Puff|p2b: Iron Hands\n|-heal|p2b: Iron Hands|100\/100\n|\n|upkeep\n|turn|13\n|-message|Hi its joe forfeited.\n|\n|win|previouslyunnamed\n|raw|Hi its joe's rating: 1597 &rarr; <strong>1582<\/strong><br \/>(-15 for losing)\n|raw|previouslyunnamed's rating: 1694 &rarr; <strong>1709<\/strong><br \/>(+15 for winning)\n|l|\u2606Hi its joe\n","uploadtime":1700076642,"views":14,"p1id":"hiitsjoe","p2id":"previouslyunnamed","formatid":"gen9vgc2023regulatione","rating":1582,"private":0,"password":""}