{"id":"gen9vgc2023regulatione-1994882050","p1":"PunkRockObstagoon","p2":"taco_bowl_mx","format":"[Gen 9] VGC 2023 Regulation E","log":"|j|\u2606PunkRockObstagoon\n|j|\u2606taco_bowl_mx\n|t:|1700501351\n|gametype|doubles\n|player|p1|PunkRockObstagoon|hilbert|1484\n|player|p2|taco_bowl_mx|dawn-gen4pt|1397\n|teamsize|p1|6\n|teamsize|p2|6\n|gen|9\n|tier|[Gen 9] VGC 2023 Regulation E\n|rated|\n|rule|Species Clause: Limit one of each Pok\u00e9mon\n|rule|Item Clause: Limit one of each item\n|clearpoke\n|poke|p1|Spinarak, L50, M|\n|poke|p1|Tatsugiri-Droopy, L50, M|\n|poke|p1|Lurantis, L50, F|\n|poke|p1|Farigiraf, L50, F|\n|poke|p1|Houndstone, L50, M|\n|poke|p1|Roaring Moon, L50|\n|poke|p2|Flutter Mane, L50|\n|poke|p2|Chien-Pao, L50|\n|poke|p2|Iron Hands, L50|\n|poke|p2|Heatran, L50, F|\n|poke|p2|Ogerpon-Wellspring, L50, F|\n|poke|p2|Landorus-Therian, L50, M|\n|teampreview|4\n|inactive|Battle timer is ON: inactive players will automatically lose when time's up. (requested by PunkRockObstagoon)\ntaco_bowl_mx has agreed to open team sheets.\n|inactive|PunkRockObstagoon has 60 seconds left.\n|\n|t:|1700501390\n|start\n|switch|p1a: Farigiraf|Farigiraf, L50, F|100\/100\n|switch|p1b: Lurantis|Lurantis, L50, F|100\/100\n|switch|p2a: Iron Hands|Iron Hands, L50, shiny|100\/100\n|switch|p2b: Chien-Pao|Chien-Pao, L50|100\/100\n|-ability|p2b: Chien-Pao|Sword of Ruin\n|turn|1\n|\n|t:|1700501411\n|-terastallize|p1a: Farigiraf|Fairy\n|move|p2b: Chien-Pao|Ice Spinner|p1b: Lurantis\n|-supereffective|p1b: Lurantis\n|-damage|p1b: Lurantis|0 fnt\n|faint|p1b: Lurantis\n|move|p2a: Iron Hands|Drain Punch|p1a: Farigiraf\n|-resisted|p1a: Farigiraf\n|-damage|p1a: Farigiraf|73\/100\n|move|p1a: Farigiraf|Trick Room|p1a: Farigiraf\n|-fieldstart|move: Trick Room|[of] p1a: Farigiraf\n|\n|upkeep\n|\n|t:|1700501416\n|switch|p1b: Tatsugiri|Tatsugiri-Droopy, L50, M|100\/100\n|turn|2\n|\n|t:|1700501432\n|move|p2b: Chien-Pao|Protect|p2b: Chien-Pao\n|-singleturn|p2b: Chien-Pao|Protect\n|move|p1a: Farigiraf|Psychic|p2a: Iron Hands\n|-supereffective|p2a: Iron Hands\n|-damage|p2a: Iron Hands|49\/100\n|-unboost|p2a: Iron Hands|spd|1\n|move|p2a: Iron Hands|Wild Charge|p1b: Tatsugiri\n|-damage|p1b: Tatsugiri|3\/100\n|-damage|p2a: Iron Hands|31\/100|[from] Recoil\n|move|p1b: Tatsugiri|Muddy Water|p2a: Iron Hands|[spread] p2a\n|-activate|p2b: Chien-Pao|move: Protect\n|-damage|p2a: Iron Hands|1\/100\n|\n|-heal|p1b: Tatsugiri|8\/100|[from] item: Leftovers\n|upkeep\n|turn|3\n|inactive|taco_bowl_mx has 30 seconds left.\n|\n|t:|1700501461\n|move|p1a: Farigiraf|Hyper Voice|p2a: Iron Hands|[spread] p2a,p2b\n|-damage|p2a: Iron Hands|0 fnt\n|-damage|p2b: Chien-Pao|46\/100\n|faint|p2a: Iron Hands\n|-end|p2a: Iron Hands|Quark Drive|[silent]\n|move|p1b: Tatsugiri|Muddy Water|p2b: Chien-Pao\n|-damage|p2b: Chien-Pao|0 fnt\n|faint|p2b: Chien-Pao\n|\n|-heal|p1b: Tatsugiri|14\/100|[from] item: Leftovers\n|upkeep\n|\n|t:|1700501470\n|switch|p2a: Flutter Mane|Flutter Mane, L50|100\/100\n|switch|p2b: Heatran|Heatran, L50, F|100\/100\n|turn|4\n|\n|t:|1700501490\n|-terastallize|p2b: Heatran|Grass\n|move|p1a: Farigiraf|Psychic|p2a: Flutter Mane\n|-damage|p2a: Flutter Mane|56\/100\n|-unboost|p2a: Flutter Mane|spd|1\n|move|p1b: Tatsugiri|Muddy Water|p2b: Heatran|[spread] p2a\n|-miss|p1b: Tatsugiri|p2b: Heatran\n|-damage|p2a: Flutter Mane|6\/100\n|move|p2b: Heatran|Flash Cannon|p1a: Farigiraf\n|-supereffective|p1a: Farigiraf\n|-damage|p1a: Farigiraf|0 fnt\n|faint|p1a: Farigiraf\n|move|p2a: Flutter Mane|Dazzling Gleam|p1b: Tatsugiri\n|-supereffective|p1b: Tatsugiri\n|-damage|p1b: Tatsugiri|0 fnt\n|faint|p1b: Tatsugiri\n|\n|upkeep\n|\n|t:|1700501494\n|switch|p1a: Houndstone|Houndstone, L50, M|100\/100\n|turn|5\n|inactive|taco_bowl_mx has 30 seconds left.\n|\n|t:|1700501520\n|move|p2b: Heatran|Protect|p2b: Heatran\n|-singleturn|p2b: Heatran|Protect\n|move|p1a: Houndstone|Last Respects|p2b: Heatran\n|-activate|p2b: Heatran|move: Protect\n|move|p2a: Flutter Mane|Dazzling Gleam|p1a: Houndstone\n|-damage|p1a: Houndstone|40\/100\n|\n|-fieldend|move: Trick Room\n|upkeep\n|turn|6\n|\n|t:|1700501530\n|move|p1a: Houndstone|Shadow Sneak|p2a: Flutter Mane\n|-supereffective|p2a: Flutter Mane\n|-damage|p2a: Flutter Mane|0 fnt\n|faint|p2a: Flutter Mane\n|-end|p2a: Flutter Mane|Protosynthesis|[silent]\n|move|p2b: Heatran|Flash Cannon|p1a: Houndstone\n|-damage|p1a: Houndstone|0 fnt\n|faint|p1a: Houndstone\n|\n|win|taco_bowl_mx\n|raw|PunkRockObstagoon's rating: 1484 &rarr; <strong>1459<\/strong><br \/>(-25 for losing)\n|raw|taco_bowl_mx's rating: 1397 &rarr; <strong>1422<\/strong><br \/>(+25 for winning)\n|l|\u2606PunkRockObstagoon\n","uploadtime":1700501542,"views":13,"p1id":"punkrockobstagoon","p2id":"tacobowlmx","formatid":"gen9vgc2023regulatione","rating":1422,"private":0,"password":""}