{"id":"gen9vgc2023regulatione-1994320471","p1":"Splebel","p2":"Sweasler","format":"[Gen 9] VGC 2023 Regulation E","log":"|j|\u2606Splebel\n|j|\u2606Sweasler\n|t:|1700430775\n|gametype|doubles\n|player|p1|Splebel|hexmaniac-gen3|1056\n|player|p2|Sweasler|101|1000\n|teamsize|p1|6\n|teamsize|p2|6\n|gen|9\n|tier|[Gen 9] VGC 2023 Regulation E\n|rated|\n|rule|Species Clause: Limit one of each Pok\u00e9mon\n|rule|Item Clause: Limit one of each item\n|clearpoke\n|poke|p1|Klefki, L50, M|\n|poke|p1|Lokix, L50, F|\n|poke|p1|Scovillain, L50, M|\n|poke|p1|Espathra, L50, M|\n|poke|p1|Glimmora, L50, M|\n|poke|p1|Garganacl, L50, M|\n|poke|p2|Tornadus, L50, M|\n|poke|p2|Tinkaton, L50, F|\n|poke|p2|Sneasler, L50, M|\n|poke|p2|Flutter Mane, L50|\n|poke|p2|Urshifu-*, L50, F|\n|poke|p2|Clefairy, L50, F|\n|teampreview|4\n|inactive|Battle timer is ON: inactive players will automatically lose when time's up. (requested by Sweasler)\n|\n|t:|1700430809\n|start\n|switch|p1a: Espathra|Espathra, L50, M|100\/100\n|switch|p1b: Lokix|Lokix, L50, F|100\/100\n|switch|p2a: Tornadus|Tornadus, L50, M|100\/100\n|switch|p2b: Sneasler|Sneasler, L50, M|100\/100\n|turn|1\n|\n|t:|1700430823\n|-terastallize|p2b: Sneasler|Flying\n|move|p1b: Lokix|First Impression|p2a: Tornadus\n|-resisted|p2a: Tornadus\n|-damage|p2a: Tornadus|27\/100\n|move|p2a: Tornadus|Swagger|p1a: Espathra\n|-boost|p1a: Espathra|atk|2\n|-enditem|p2b: Sneasler|Mirror Herb\n|-boost|p2b: Sneasler|atk|2|[from] item: Mirror Herb\n|-start|p1a: Espathra|confusion\n|move|p2b: Sneasler|Acrobatics|p1b: Lokix\n|-supereffective|p1b: Lokix\n|-damage|p1b: Lokix|0 fnt\n|faint|p1b: Lokix\n|-activate|p1a: Espathra|confusion\n|move|p1a: Espathra|Agility|p1a: Espathra\n|-boost|p1a: Espathra|spe|2\n|\n|upkeep\n|\n|t:|1700430840\n|switch|p1b: Klefki|Klefki, L50, M|100\/100\n|turn|2\n|\n|t:|1700430854\n|move|p1b: Klefki|Switcheroo|p2a: Tornadus\n|-activate|p1b: Klefki|move: Trick|[of] p2a: Tornadus\n|-item|p2a: Tornadus|Choice Scarf|[from] move: Switcheroo\n|-item|p1b: Klefki|Wide Lens|[from] move: Switcheroo\n|move|p2a: Tornadus|Swagger|p1b: Klefki\n|-boost|p1b: Klefki|atk|2\n|-start|p1b: Klefki|confusion\n|move|p2b: Sneasler|Acrobatics|p1a: Espathra\n|-damage|p1a: Espathra|0 fnt\n|faint|p1a: Espathra\n|\n|upkeep\n|\n|t:|1700430864\n|switch|p1a: Glimmora|Glimmora, L50, M|100\/100\n|turn|3\n|\n|t:|1700430877\n|move|p1a: Glimmora|Spiky Shield|p1a: Glimmora\n|-singleturn|p1a: Glimmora|move: Protect\n|move|p2a: Tornadus|Swagger|p1a: Glimmora\n|-activate|p1a: Glimmora|move: Protect\n|move|p2b: Sneasler|Close Combat|p1a: Glimmora\n|-activate|p1a: Glimmora|move: Protect\n|-damage|p2b: Sneasler|88\/100|[from] Spiky Shield|[of] p1a: Glimmora\n|-activate|p1b: Klefki|confusion\n|move|p1b: Klefki|Foul Play|p2b: Sneasler\n|-damage|p2b: Sneasler|0 fnt\n|faint|p2b: Sneasler\n|\n|upkeep\n|\n|t:|1700430880\n|switch|p2b: Tinkaton|Tinkaton, L50, F|100\/100\n|turn|4\n|\n|t:|1700430904\n|move|p2b: Tinkaton|Fake Out|p1a: Glimmora\n|-resisted|p1a: Glimmora\n|-damage|p1a: Glimmora|94\/100\n|-activate|p1a: Glimmora|ability: Toxic Debris\n|-sidestart|p2: Sweasler|move: Toxic Spikes\n|-damage|p2b: Tinkaton|91\/100|[from] item: Life Orb\n|move|p2a: Tornadus|Swagger|p2b: Tinkaton\n|-boost|p2b: Tinkaton|atk|2\n|-immune|p2b: Tinkaton|confusion|[from] ability: Own Tempo\n|cant|p1a: Glimmora|flinch\n|-activate|p1b: Klefki|confusion\n|move|p1b: Klefki|Foul Play|p2b: Tinkaton\n|-resisted|p2b: Tinkaton\n|-damage|p2b: Tinkaton|61\/100\n|\n|upkeep\n|turn|5\n|\n|t:|1700430925\n|move|p2a: Tornadus|Swagger|p1a: Glimmora\n|-boost|p1a: Glimmora|atk|2\n|-start|p1a: Glimmora|confusion\n|move|p2b: Tinkaton|Gigaton Hammer|p1a: Glimmora\n|-supereffective|p1a: Glimmora\n|-damage|p1a: Glimmora|0 fnt\n|-activate|p1a: Glimmora|ability: Toxic Debris\n|-sidestart|p2: Sweasler|move: Toxic Spikes\n|faint|p1a: Glimmora\n|-damage|p2b: Tinkaton|51\/100|[from] item: Life Orb\n|-activate|p1b: Klefki|confusion\n|move|p1b: Klefki|Foul Play|p2b: Tinkaton\n|-resisted|p2b: Tinkaton\n|-damage|p2b: Tinkaton|18\/100\n|\n|upkeep\n|turn|6\n|\n|t:|1700430942\n|move|p2b: Tinkaton|Protect|p2b: Tinkaton\n|-singleturn|p2b: Tinkaton|Protect\n|move|p2a: Tornadus|Swagger|p2b: Tinkaton\n|-activate|p2b: Tinkaton|move: Protect\n|-end|p1b: Klefki|confusion\n|move|p1b: Klefki|Foul Play|p2b: Tinkaton\n|-activate|p2b: Tinkaton|move: Protect\n|\n|upkeep\n|turn|7\n|\n|t:|1700430952\n|move|p2a: Tornadus|Swagger|p2b: Tinkaton\n|-boost|p2b: Tinkaton|atk|2\n|-immune|p2b: Tinkaton|confusion|[from] ability: Own Tempo\n|move|p2b: Tinkaton|Gigaton Hammer|p1b: Klefki\n|-damage|p1b: Klefki|0 fnt\n|faint|p1b: Klefki\n|-damage|p2b: Tinkaton|8\/100|[from] item: Life Orb\n|\n|win|Sweasler\n|raw|Splebel's rating: 1056 &rarr; <strong>1035<\/strong><br \/>(-21 for losing)\n|raw|Sweasler's rating: 1000 &rarr; <strong>1046<\/strong><br \/>(+46 for winning)\n|l|\u2606Splebel\n","uploadtime":1700430966,"views":5,"p1id":"splebel","p2id":"sweasler","formatid":"gen9vgc2023regulatione","rating":1035,"private":0,"password":""}