{"id":"gen9vgc2023regulatione-1999374195","p1":"gabtesting","p2":"Cjkk3p1","format":"[Gen 9] VGC 2023 Regulation E","log":"|j|\u2606gabtesting\n|j|\u2606Cjkk3p1\n|t:|1701069273\n|gametype|doubles\n|player|p1|gabtesting|169|1125\n|player|p2|Cjkk3p1|byron|1115\n|teamsize|p1|6\n|teamsize|p2|6\n|gen|9\n|tier|[Gen 9] VGC 2023 Regulation E\n|rated|\n|rule|Species Clause: Limit one of each Pok\u00e9mon\n|rule|Item Clause: Limit one of each item\n|clearpoke\n|poke|p1|Ninetales-Alola, L50, F|\n|poke|p1|Cetitan, L50, M|\n|poke|p1|Baxcalibur, L50, F|\n|poke|p1|Landorus-Therian, L50, M|\n|poke|p1|Heatran, L50, M|\n|poke|p1|Iron Hands, L50|\n|poke|p2|Zapdos, L50|\n|poke|p2|Great Tusk, L50|\n|poke|p2|Drifblim, L50, M|\n|poke|p2|Volcarona, L50, F|\n|poke|p2|Dragonite, L50, M|\n|poke|p2|Tinkaton, L50, F|\n|teampreview|4\n|inactive|Battle timer is ON: inactive players will automatically lose when time's up. (requested by gabtesting)\ngabtesting has agreed to open team sheets.\n|c|\u2606gabtesting|oooh interesting\n|inactive|Cjkk3p1 has 60 seconds left.\n|\n|t:|1701069314\n|start\n|switch|p1a: Ninetales|Ninetales-Alola, L50, F|100\/100\n|switch|p1b: Cetitan|Cetitan, L50, M|100\/100\n|switch|p2a: Tinkaton|Tinkaton, L50, F|100\/100\n|switch|p2b: Drifblim|Drifblim, L50, M|100\/100\n|-weather|Snow|[from] ability: Snow Warning|[of] p1a: Ninetales\n|turn|1\n|inactive|gabtesting has 30 seconds left.\n|inactive|Cjkk3p1 has 30 seconds left.\n|\n|t:|1701069340\n|move|p1a: Ninetales|Protect|p1a: Ninetales\n|-singleturn|p1a: Ninetales|Protect\n|move|p2a: Tinkaton|Fake Out|p1a: Ninetales\n|-activate|p1a: Ninetales|move: Protect\n|move|p1b: Cetitan|Icicle Crash|p2b: Drifblim\n|-supereffective|p2b: Drifblim\n|-damage|p2b: Drifblim|16\/100\n|-enditem|p2b: Drifblim|Aguav Berry|[eat]\n|-heal|p2b: Drifblim|49\/100|[from] item: Aguav Berry\n|move|p2b: Drifblim|Shadow Ball|p1b: Cetitan\n|-damage|p1b: Cetitan|82\/100\n|\n|-weather|Snow|[upkeep]\n|upkeep\n|turn|2\n|inactive|gabtesting has 30 seconds left.\n|\n|t:|1701069372\n|-terastallize|p1a: Ninetales|Water\n|move|p2b: Drifblim|Strength Sap|p1b: Cetitan\n|-unboost|p1b: Cetitan|atk|1\n|-heal|p2b: Drifblim|100\/100\n|move|p1b: Cetitan|Liquidation|p2a: Tinkaton\n|-damage|p2a: Tinkaton|80\/100\n|move|p1a: Ninetales|Blizzard|p2a: Tinkaton|[spread] p2a,p2b\n|-resisted|p2a: Tinkaton\n|-supereffective|p2b: Drifblim\n|-damage|p2a: Tinkaton|69\/100\n|-damage|p2b: Drifblim|55\/100\n|move|p2a: Tinkaton|Gigaton Hammer|p1a: Ninetales\n|-resisted|p1a: Ninetales\n|-damage|p1a: Ninetales|67\/100\n|\n|-weather|Snow|[upkeep]\n|-heal|p2a: Tinkaton|75\/100|[from] item: Leftovers\n|upkeep\n|turn|3\n|inactive|gabtesting has 30 seconds left.\n|inactive|Cjkk3p1 has 30 seconds left.\n|\n|t:|1701069401\n|move|p2a: Tinkaton|Protect|p2a: Tinkaton\n|-singleturn|p2a: Tinkaton|Protect\n|move|p2b: Drifblim|Strength Sap|p1b: Cetitan\n|-unboost|p1b: Cetitan|atk|1\n|-heal|p2b: Drifblim|100\/100\n|move|p1b: Cetitan|Icicle Crash|p2b: Drifblim\n|-supereffective|p2b: Drifblim\n|-damage|p2b: Drifblim|55\/100\n|move|p1a: Ninetales|Icy Wind|p2b: Drifblim|[spread] p2b\n|-activate|p2a: Tinkaton|move: Protect\n|-supereffective|p2b: Drifblim\n|-damage|p2b: Drifblim|31\/100\n|-unboost|p2b: Drifblim|spe|1\n|\n|-weather|Snow|[upkeep]\n|-heal|p2a: Tinkaton|81\/100|[from] item: Leftovers\n|upkeep\n|turn|4\n|inactive|Cjkk3p1 has 30 seconds left.\n|\n|t:|1701069435\n|move|p1b: Cetitan|Icicle Crash|p2b: Drifblim\n|-supereffective|p2b: Drifblim\n|-damage|p2b: Drifblim|0 fnt\n|faint|p2b: Drifblim\n|move|p1a: Ninetales|Blizzard|p2a: Tinkaton\n|-resisted|p2a: Tinkaton\n|-damage|p2a: Tinkaton|67\/100\n|move|p2a: Tinkaton|Gigaton Hammer|p1b: Cetitan\n|-supereffective|p1b: Cetitan\n|-damage|p1b: Cetitan|8\/100\n|\n|-weather|Snow|[upkeep]\n|-heal|p2a: Tinkaton|73\/100|[from] item: Leftovers\n|upkeep\n|\n|t:|1701069450\n|switch|p2b: Dragonite|Dragonite, L50, M|100\/100\n|turn|5\n|\n|t:|1701069464\n|-terastallize|p2b: Dragonite|Normal\n|move|p2b: Dragonite|Extreme Speed|p1b: Cetitan\n|-damage|p1b: Cetitan|0 fnt\n|faint|p1b: Cetitan\n|move|p1a: Ninetales|Icy Wind|p2b: Dragonite|[spread] p2b\n|-miss|p1a: Ninetales|p2a: Tinkaton\n|-damage|p2b: Dragonite|88\/100\n|-unboost|p2b: Dragonite|spe|1\n|move|p2a: Tinkaton|Play Rough|p1a: Ninetales\n|-damage|p1a: Ninetales|30\/100\n|-enditem|p1a: Ninetales|Sitrus Berry|[eat]\n|-heal|p1a: Ninetales|55\/100|[from] item: Sitrus Berry\n|\n|-weather|none\n|-heal|p2a: Tinkaton|79\/100|[from] item: Leftovers\n|upkeep\n|\n|t:|1701069475\n|switch|p1b: Landorus|Landorus-Therian, L50, M|100\/100\n|-ability|p1b: Landorus|Intimidate|boost\n|-unboost|p2a: Tinkaton|atk|1\n|-fail|p2b: Dragonite|unboost|Attack|[from] ability: Inner Focus|[of] p2b: Dragonite\n|turn|6\n|\n|t:|1701069491\n|switch|p1a: Baxcalibur|Baxcalibur, L50, F|100\/100\n|move|p2b: Dragonite|Extreme Speed|p1a: Baxcalibur\n|-damage|p1a: Baxcalibur|54\/100\n|move|p1b: Landorus|Stomping Tantrum|p2a: Tinkaton\n|-supereffective|p2a: Tinkaton\n|-damage|p2a: Tinkaton|0 fnt\n|faint|p2a: Tinkaton\n|\n|upkeep\n|\n|t:|1701069502\n|switch|p2a: Great Tusk|Great Tusk, L50|100\/100\n|turn|7\n|\n|t:|1701069514\n|switch|p1b: Ninetales|Ninetales-Alola, L50, F, tera:Water|55\/100\n|-weather|Snow|[from] ability: Snow Warning|[of] p1b: Ninetales\n|move|p1a: Baxcalibur|Protect|p1a: Baxcalibur\n|-singleturn|p1a: Baxcalibur|Protect\n|move|p2a: Great Tusk|Brick Break|p1a: Baxcalibur\n|-activate|p1a: Baxcalibur|move: Protect\n|move|p2b: Dragonite|Ice Spinner|p1b: Ninetales\n|-resisted|p1b: Ninetales\n|-damage|p1b: Ninetales|38\/100\n|\n|-weather|Snow|[upkeep]\n|-heal|p1a: Baxcalibur|61\/100|[from] ability: Ice Body\n|upkeep\n|turn|8\n|inactive|Cjkk3p1 has 30 seconds left.\n|inactive|gabtesting has 30 seconds left.\n|\n|t:|1701069547\n|move|p2b: Dragonite|Extreme Speed|p1b: Ninetales\n|-damage|p1b: Ninetales|0 fnt\n|faint|p1b: Ninetales\n|move|p1a: Baxcalibur|Icicle Spear|p2a: Great Tusk\n|-supereffective|p2a: Great Tusk\n|-damage|p2a: Great Tusk|81\/100\n|-supereffective|p2a: Great Tusk\n|-damage|p2a: Great Tusk|61\/100\n|-supereffective|p2a: Great Tusk\n|-damage|p2a: Great Tusk|42\/100\n|-supereffective|p2a: Great Tusk\n|-damage|p2a: Great Tusk|23\/100\n|-hitcount|p2a: Great Tusk|4\n|move|p2a: Great Tusk|Earthquake|p1a: Baxcalibur|[spread] p2b,p1a\n|-damage|p2b: Dragonite|37\/100\n|-damage|p1a: Baxcalibur|30\/100\n|-damage|p2a: Great Tusk|13\/100|[from] item: Life Orb\n|\n|-weather|Snow|[upkeep]\n|-heal|p1a: Baxcalibur|36\/100|[from] ability: Ice Body\n|upkeep\n|\n|t:|1701069560\n|switch|p1b: Landorus|Landorus-Therian, L50, M|100\/100\n|-ability|p1b: Landorus|Intimidate|boost\n|-unboost|p2a: Great Tusk|atk|1\n|-fail|p2b: Dragonite|unboost|Attack|[from] ability: Inner Focus|[of] p2b: Dragonite\n|turn|9\n|inactive|gabtesting has 30 seconds left.\n|\n|t:|1701069591\n|move|p1a: Baxcalibur|Protect|p1a: Baxcalibur\n|-singleturn|p1a: Baxcalibur|Protect\n|move|p1b: Landorus|Stomping Tantrum|p2b: Dragonite\n|-damage|p2b: Dragonite|0 fnt\n|faint|p2b: Dragonite\n|move|p2a: Great Tusk|Brick Break|p1a: Baxcalibur\n|-activate|p1a: Baxcalibur|move: Protect\n|\n|-weather|Snow|[upkeep]\n|-heal|p1a: Baxcalibur|42\/100|[from] ability: Ice Body\n|upkeep\n|turn|10\n|c|\u2606gabtesting|gg\n|\n|t:|1701069604\n|move|p1b: Landorus|Stomping Tantrum|p2a: Great Tusk\n|-damage|p2a: Great Tusk|0 fnt\n|faint|p2a: Great Tusk\n|-end|p2a: Great Tusk|Protosynthesis|[silent]\n|\n|win|gabtesting\n|raw|gabtesting's rating: 1125 &rarr; <strong>1149<\/strong><br \/>(+24 for winning)\n|raw|Cjkk3p1's rating: 1115 &rarr; <strong>1091<\/strong><br \/>(-24 for losing)\n","uploadtime":1701069614,"views":7,"p1id":"gabtesting","p2id":"cjkk3p1","formatid":"gen9vgc2023regulatione","rating":1091,"private":0,"password":""}