{"id":"gen9vgc2023regulatione-1995875931","p1":"Piouspoppy41355","p2":"JonoPlayzYT","format":"[Gen 9] VGC 2023 Regulation E","log":"|j|\u2606Piouspoppy41355\n|j|\u2606JonoPlayzYT\n|t:|1700612430\n|gametype|doubles\n|player|p1|Piouspoppy41355|steven|1024\n|player|p2|JonoPlayzYT|169|1044\n|teamsize|p1|6\n|teamsize|p2|6\n|gen|9\n|tier|[Gen 9] VGC 2023 Regulation E\n|rated|\n|rule|Species Clause: Limit one of each Pok\u00e9mon\n|rule|Item Clause: Limit one of each item\n|clearpoke\n|poke|p1|Milotic, L50, M|\n|poke|p1|Articuno-Galar, L50|\n|poke|p1|Rillaboom, L50, M|\n|poke|p1|Ogerpon-Hearthflame, L50, F|\n|poke|p1|Dragapult, L50, M|\n|poke|p1|Regieleki, L50|\n|poke|p2|Amoonguss, L50, M|\n|poke|p2|Flutter Mane, L50|\n|poke|p2|Iron Hands, L50|\n|poke|p2|Landorus-Therian, L50, M|\n|poke|p2|Farigiraf, L50, F|\n|poke|p2|Chien-Pao, L50|\n|teampreview|4\n|\n|t:|1700612479\n|start\n|switch|p1a: Milotic|Milotic, L50, M, shiny|100\/100\n|switch|p1b: Ogerpon|Ogerpon-Hearthflame, L50, F|100\/100\n|switch|p2a: Iron Hands|Iron Hands, L50|100\/100\n|switch|p2b: Chien-Pao|Chien-Pao, L50|100\/100\n|-ability|p2b: Chien-Pao|Sword of Ruin\n|-ability|p1b: Ogerpon|Mold Breaker\n|turn|1\n|\n|t:|1700612515\n|-terastallize|p1a: Milotic|Steel\n|move|p2b: Chien-Pao|Protect|p2b: Chien-Pao\n|-singleturn|p2b: Chien-Pao|Protect\n|move|p2a: Iron Hands|Fake Out|p1b: Ogerpon\n|-damage|p1b: Ogerpon|76\/100\n|cant|p1b: Ogerpon|flinch\n|move|p1a: Milotic|Hypnosis|p2a: Iron Hands\n|-status|p2a: Iron Hands|slp|[from] move: Hypnosis\n|\n|upkeep\n|turn|2\n|\n|t:|1700612541\n|switch|p2b: Amoonguss|Amoonguss, L50, M|100\/100\n|move|p1b: Ogerpon|Ivy Cudgel|p2b: Amoonguss|[anim] Ivy Cudgel Fire\n|-supereffective|p2b: Amoonguss\n|-damage|p2b: Amoonguss|0 fnt\n|faint|p2b: Amoonguss\n|move|p1a: Milotic|Coil|p1a: Milotic\n|-boost|p1a: Milotic|atk|1\n|-boost|p1a: Milotic|def|1\n|-boost|p1a: Milotic|accuracy|1\n|cant|p2a: Iron Hands|slp\n|\n|upkeep\n|\n|t:|1700612549\n|switch|p2b: Flutter Mane|Flutter Mane, L50|100\/100\n|turn|3\n|\n|t:|1700612569\n|move|p2b: Flutter Mane|Shadow Ball|p1a: Milotic\n|-damage|p1a: Milotic|60\/100\n|move|p1b: Ogerpon|Ivy Cudgel|p2a: Iron Hands|[anim] Ivy Cudgel Fire\n|-damage|p2a: Iron Hands|56\/100 slp\n|move|p1a: Milotic|Hypnosis|p2b: Flutter Mane\n|-status|p2b: Flutter Mane|slp|[from] move: Hypnosis\n|cant|p2a: Iron Hands|slp\n|\n|upkeep\n|turn|4\n|\n|t:|1700612583\n|cant|p2b: Flutter Mane|slp\n|move|p1b: Ogerpon|Ivy Cudgel|p2a: Iron Hands|[anim] Ivy Cudgel Fire\n|-damage|p2a: Iron Hands|10\/100 slp\n|move|p1a: Milotic|Recover|p1a: Milotic\n|-heal|p1a: Milotic|100\/100\n|cant|p2a: Iron Hands|slp\n|\n|upkeep\n|turn|5\n|-message|JonoPlayzYT forfeited.\n|\n|win|Piouspoppy41355\n|raw|Piouspoppy41355's rating: 1024 &rarr; <strong>1062<\/strong><br \/>(+38 for winning)\n|raw|JonoPlayzYT's rating: 1044 &rarr; <strong>1026<\/strong><br \/>(-18 for losing)\n|l|\u2606JonoPlayzYT\n","uploadtime":1700612634,"views":11,"p1id":"piouspoppy41355","p2id":"jonoplayzyt","formatid":"gen9vgc2023regulatione","rating":1026,"private":0,"password":""}