{"id":"gen9vgc2023regulatione-1996280309","p1":"MaChmp","p2":"secretstudent","format":"[Gen 9] VGC 2023 Regulation E","log":"|j|\u2606MaChmp\n|j|\u2606secretstudent\n|t:|1700667031\n|gametype|doubles\n|player|p1|MaChmp|170|1232\n|player|p2|secretstudent|beauty|1190\n|teamsize|p1|6\n|teamsize|p2|6\n|gen|9\n|tier|[Gen 9] VGC 2023 Regulation E\n|rated|\n|rule|Species Clause: Limit one of each Pok\u00e9mon\n|rule|Item Clause: Limit one of each item\n|clearpoke\n|poke|p1|Moltres-Galar, L50|\n|poke|p1|Sinistcha-Masterpiece, L50|\n|poke|p1|Ninetales-Alola, L50, M|\n|poke|p1|Landorus-Therian, L50, M|\n|poke|p1|Iron Hands, L50|\n|poke|p1|Heatran, L50, F|\n|poke|p2|Chien-Pao, L50|\n|poke|p2|Amoonguss, L50, M|\n|poke|p2|Hatterene, L50, F|\n|poke|p2|Gyarados, L50, F|\n|poke|p2|Volcarona, L50, M|\n|poke|p2|Ogerpon, L50, F|\n|teampreview|4\n|\n|t:|1700667075\n|start\n|switch|p1a: Iron Hands|Iron Hands, L50|100\/100\n|switch|p1b: Ninetales|Ninetales-Alola, L50, M|100\/100\n|switch|p2a: Amoonguss|Amoonguss, L50, M|100\/100\n|switch|p2b: Volcarona|Volcarona, L50, M|100\/100\n|-weather|Snow|[from] ability: Snow Warning|[of] p1b: Ninetales\n|turn|1\n|\n|t:|1700667093\n|move|p1a: Iron Hands|Fake Out|p2b: Volcarona\n|-damage|p2b: Volcarona|79\/100\n|move|p1b: Ninetales|Aurora Veil|p1b: Ninetales\n|-sidestart|p1: MaChmp|move: Aurora Veil\n|cant|p2b: Volcarona|flinch\n|move|p2a: Amoonguss|Spore|p1b: Ninetales\n|-status|p1b: Ninetales|slp|[from] move: Spore\n|\n|-weather|Snow|[upkeep]\n|-heal|p2b: Volcarona|85\/100|[from] item: Leftovers\n|upkeep\n|turn|2\n|\n|t:|1700667110\n|switch|p1b: Moltres|Moltres-Galar, L50|100\/100\n|move|p2b: Volcarona|Quiver Dance|p2b: Volcarona\n|-boost|p2b: Volcarona|spa|1\n|-boost|p2b: Volcarona|spd|1\n|-boost|p2b: Volcarona|spe|1\n|move|p1a: Iron Hands|Wild Charge|p2b: Volcarona\n|-damage|p2b: Volcarona|24\/100\n|-damage|p1a: Iron Hands|88\/100|[from] Recoil\n|move|p2a: Amoonguss|Spore|p1a: Iron Hands\n|-status|p1a: Iron Hands|slp|[from] move: Spore\n|\n|-weather|Snow|[upkeep]\n|-heal|p2b: Volcarona|30\/100|[from] item: Leftovers\n|upkeep\n|turn|3\n|\n|t:|1700667137\n|-terastallize|p2a: Amoonguss|Water\n|move|p2b: Volcarona|Heat Wave|p1b: Moltres|[spread] p1a,p1b\n|-damage|p1a: Iron Hands|69\/100 slp\n|-damage|p1b: Moltres|72\/100\n|move|p1b: Moltres|Fiery Wrath|p2a: Amoonguss|[spread] p2a,p2b\n|-damage|p2a: Amoonguss|77\/100\n|-damage|p2b: Volcarona|15\/100\n|cant|p1a: Iron Hands|slp\n|cant|p2a: Amoonguss|flinch\n|\n|-weather|Snow|[upkeep]\n|-heal|p2b: Volcarona|21\/100|[from] item: Leftovers\n|upkeep\n|turn|4\n|\n|t:|1700667155\n|move|p2b: Volcarona|Giga Drain|p1a: Iron Hands\n|-damage|p1a: Iron Hands|55\/100 slp\n|-heal|p2b: Volcarona|30\/100|[from] drain|[of] p1a: Iron Hands\n|move|p1b: Moltres|Fiery Wrath|p2a: Amoonguss|[spread] p2a,p2b\n|-damage|p2a: Amoonguss|54\/100\n|-damage|p2b: Volcarona|12\/100\n|cant|p1a: Iron Hands|slp\n|move|p2a: Amoonguss|Spore|p1b: Moltres\n|-status|p1b: Moltres|slp|[from] move: Spore\n|\n|-weather|Snow|[upkeep]\n|-heal|p2b: Volcarona|18\/100|[from] item: Leftovers\n|upkeep\n|turn|5\n|\n|t:|1700667169\n|switch|p2a: Gyarados|Gyarados, L50, F|100\/100\n|-ability|p2a: Gyarados|Intimidate|boost\n|-unboost|p1a: Iron Hands|atk|1\n|-unboost|p1b: Moltres|atk|1\n|move|p2b: Volcarona|Quiver Dance|p2b: Volcarona\n|-boost|p2b: Volcarona|spa|1\n|-boost|p2b: Volcarona|spd|1\n|-boost|p2b: Volcarona|spe|1\n|cant|p1b: Moltres|slp\n|-curestatus|p1a: Iron Hands|slp|[msg]\n|move|p1a: Iron Hands|Wild Charge|p2b: Volcarona\n|-crit|p2b: Volcarona\n|-damage|p2b: Volcarona|0 fnt\n|-status|p1a: Iron Hands|brn|[from] ability: Flame Body|[of] p2b: Volcarona\n|faint|p2b: Volcarona\n|-damage|p1a: Iron Hands|51\/100 brn|[from] Recoil\n|\n|-weather|none\n|-damage|p1a: Iron Hands|45\/100 brn|[from] brn\n|upkeep\n|\n|t:|1700667192\n|switch|p2b: Chien-Pao|Chien-Pao, L50|100\/100\n|-ability|p2b: Chien-Pao|Sword of Ruin\n|turn|6\n|\n|t:|1700667213\n|-terastallize|p1b: Moltres|Poison\n|move|p2b: Chien-Pao|Icicle Crash|p1b: Moltres\n|-damage|p1b: Moltres|32\/100 slp\n|-ability|p1b: Moltres|Berserk|boost\n|-boost|p1b: Moltres|spa|1\n|-enditem|p1b: Moltres|Sitrus Berry|[eat]\n|-heal|p1b: Moltres|57\/100 slp|[from] item: Sitrus Berry\n|move|p2a: Gyarados|Waterfall|p1a: Iron Hands\n|-damage|p1a: Iron Hands|20\/100 brn\n|-curestatus|p1b: Moltres|slp|[msg]\n|move|p1b: Moltres|Nasty Plot|p1b: Moltres\n|-boost|p1b: Moltres|spa|2\n|cant|p1a: Iron Hands|flinch\n|\n|-damage|p1a: Iron Hands|14\/100 brn|[from] brn\n|upkeep\n|turn|7\n|\n|t:|1700667257\n|-end|p1a: Iron Hands|Quark Drive|[silent]\n|switch|p1a: Sinistcha|Sinistcha-Masterpiece, L50|100\/100\n|-heal|p1b: Moltres|82\/100|[from] ability: Hospitality|[of] p1a: Sinistcha\n|move|p2b: Chien-Pao|Protect|p2b: Chien-Pao\n|-singleturn|p2b: Chien-Pao|Protect\n|move|p2a: Gyarados|Thunder Wave|p1b: Moltres\n|-status|p1b: Moltres|par\n|move|p1b: Moltres|Fiery Wrath|p2a: Gyarados|[spread] p2a\n|-activate|p2b: Chien-Pao|move: Protect\n|-damage|p2a: Gyarados|28\/100\n|-enditem|p2a: Gyarados|Sitrus Berry|[eat]\n|-heal|p2a: Gyarados|53\/100|[from] item: Sitrus Berry\n|\n|upkeep\n|turn|8\n|\n|t:|1700667280\n|move|p2b: Chien-Pao|Icicle Crash|p1b: Moltres\n|-damage|p1b: Moltres|48\/100 par\n|-ability|p1b: Moltres|Berserk|boost\n|-boost|p1b: Moltres|spa|1\n|move|p2a: Gyarados|Waterfall|p1b: Moltres\n|-damage|p1b: Moltres|18\/100 par\n|move|p1a: Sinistcha|Strength Sap|p2b: Chien-Pao\n|-unboost|p2b: Chien-Pao|atk|1\n|move|p1b: Moltres|Fiery Wrath|p2b: Chien-Pao|[spread] p2a,p2b\n|-resisted|p2b: Chien-Pao\n|-damage|p2a: Gyarados|0 fnt\n|-damage|p2b: Chien-Pao|30\/100\n|faint|p2a: Gyarados\n|\n|-sideend|p1: MaChmp|move: Aurora Veil\n|upkeep\n|\n|t:|1700667288\n|switch|p2a: Amoonguss|Amoonguss, L50, M, tera:Water|87\/100\n|turn|9\n|\n|t:|1700667323\n|move|p1b: Moltres|Protect|p1b: Moltres\n|-singleturn|p1b: Moltres|Protect\n|move|p2a: Amoonguss|Rage Powder|p2a: Amoonguss\n|-singleturn|p2a: Amoonguss|move: Rage Powder\n|move|p2b: Chien-Pao|Icicle Crash|p1a: Sinistcha\n|-supereffective|p1a: Sinistcha\n|-damage|p1a: Sinistcha|23\/100\n|move|p1a: Sinistcha|Matcha Gotcha|p2a: Amoonguss|[spread] p2a,p2b\n|-supereffective|p2a: Amoonguss\n|-crit|p2b: Chien-Pao\n|-damage|p2a: Amoonguss|37\/100\n|-heal|p1a: Sinistcha|54\/100|[from] drain|[of] p2a: Amoonguss\n|-damage|p2b: Chien-Pao|0 fnt\n|-heal|p1a: Sinistcha|67\/100|[from] drain|[of] p2b: Chien-Pao\n|-status|p2a: Amoonguss|brn\n|faint|p2b: Chien-Pao\n|\n|-damage|p2a: Amoonguss|31\/100 brn|[from] brn\n|upkeep\n|turn|10\n|c|\u2606secretstudent|gg wp\n|-message|secretstudent forfeited.\n|\n|win|MaChmp\n|raw|MaChmp's rating: 1232 &rarr; <strong>1254<\/strong><br \/>(+22 for winning)\n|raw|secretstudent's rating: 1190 &rarr; <strong>1168<\/strong><br \/>(-22 for losing)\n|c|\u2606MaChmp|gg\n","uploadtime":1700667341,"views":3,"p1id":"machmp","p2id":"secretstudent","formatid":"gen9vgc2023regulatione","rating":1168,"private":0,"password":""}