{"id":"gen9vgc2023regulatione-1996699575","p1":"pieminster","p2":"kick4life42","format":"[Gen 9] VGC 2023 Regulation E","log":"|j|\u2606pieminster\n|j|\u2606kick4life42\n|t:|1700711375\n|gametype|doubles\n|player|p1|pieminster|acetrainer-gen4dp|\n|player|p2|kick4life42|102|\n|teamsize|p1|6\n|teamsize|p2|6\n|gen|9\n|tier|[Gen 9] VGC 2023 Regulation E\n|rule|Species Clause: Limit one of each Pok\u00e9mon\n|rule|Item Clause: Limit one of each item\n|clearpoke\n|poke|p1|Espeon, L50, M|\n|poke|p1|Armarouge, L50, M|\n|poke|p1|Indeedee-F, L50, F|\n|poke|p1|Ursaluna, L50, M|\n|poke|p1|Goodra-Hisui, L50, F|\n|poke|p1|Dragalge, L50, M|\n|poke|p2|Flutter Mane, L50|\n|poke|p2|Gholdengo, L50|\n|poke|p2|Tauros-Paldea-Aqua, L50, M|\n|poke|p2|Tornadus, L50, M|\n|poke|p2|Mamoswine, L50, F|\n|poke|p2|Oranguru, L50, F|\n|teampreview|4\npieminster has agreed to open team sheets.\n|\n|t:|1700711410\n|start\n|switch|p1a: She stays here|Armarouge, L50, M|100\/100\n|switch|p1b: I'm Staying here|Indeedee-F, L50, F|100\/100\n|switch|p2a: Oranguru|Oranguru, L50, F|100\/100\n|switch|p2b: Mamoswine|Mamoswine, L50, F|100\/100\n|-fieldstart|move: Psychic Terrain|[from] ability: Psychic Surge|[of] p1b: I'm Staying here\n|-enditem|p1b: I'm Staying here|Psychic Seed\n|-boost|p1b: I'm Staying here|spd|1|[from] item: Psychic Seed\n|turn|1\n|\n|t:|1700711448\n|move|p1b: I'm Staying here|Helping Hand|p1a: She stays here\n|-singleturn|p1a: She stays here|Helping Hand|[of] p1b: I'm Staying here\n|move|p2b: Mamoswine|Icicle Crash|p1a: She stays here\n|-resisted|p1a: She stays here\n|-damage|p1a: She stays here|78\/100\n|cant|p1a: She stays here|flinch\n|move|p2a: Oranguru|Imprison|p2a: Oranguru\n|-start|p2a: Oranguru|move: Imprison\n|\n|upkeep\n|turn|2\n|\n|t:|1700711483\n|-terastallize|p2b: Mamoswine|Ground\n|move|p1b: I'm Staying here|Helping Hand|p1a: She stays here\n|-singleturn|p1a: She stays here|Helping Hand|[of] p1b: I'm Staying here\n|move|p2b: Mamoswine|Earthquake|p1a: She stays here|[spread] p2a,p1a,p1b\n|-supereffective|p1a: She stays here\n|-damage|p2a: Oranguru|59\/100\n|-damage|p1a: She stays here|0 fnt\n|-damage|p1b: I'm Staying here|43\/100\n|faint|p1a: She stays here\n|move|p2a: Oranguru|Taunt|p1b: I'm Staying here\n|-start|p1b: I'm Staying here|move: Taunt\n|\n|upkeep\n|\n|t:|1700711493\n|switch|p1a: Yogi bear|Ursaluna, L50, M|100\/100\n|turn|3\n|\n|t:|1700711505\n|move|p1a: Yogi bear|Protect|p1a: Yogi bear\n|-singleturn|p1a: Yogi bear|Protect\n|move|p2b: Mamoswine|Icicle Crash|p1a: Yogi bear\n|-activate|p1a: Yogi bear|move: Protect\n|move|p1b: I'm Staying here|Dazzling Gleam|p2b: Mamoswine|[spread] p2a,p2b\n|-damage|p2a: Oranguru|48\/100\n|-damage|p2b: Mamoswine|87\/100\n|move|p2a: Oranguru|Knock Off|p1a: Yogi bear\n|-activate|p1a: Yogi bear|move: Protect\n|\n|-status|p1a: Yogi bear|brn|[from] item: Flame Orb\n|upkeep\n|turn|4\n|\n|t:|1700711532\n|move|p2b: Mamoswine|Icicle Crash|p1a: Yogi bear\n|-supereffective|p1a: Yogi bear\n|-damage|p1a: Yogi bear|26\/100 brn\n|move|p1b: I'm Staying here|Dazzling Gleam|p2b: Mamoswine|[spread] p2a,p2b\n|-damage|p2a: Oranguru|36\/100\n|-damage|p2b: Mamoswine|74\/100\n|move|p2a: Oranguru|Knock Off|p1a: Yogi bear\n|-damage|p1a: Yogi bear|15\/100 brn\n|-enditem|p1a: Yogi bear|Flame Orb|[from] move: Knock Off|[of] p2a: Oranguru\n|move|p1a: Yogi bear|Facade|p2b: Mamoswine\n|-damage|p2b: Mamoswine|0 fnt\n|faint|p2b: Mamoswine\n|\n|-damage|p1a: Yogi bear|9\/100 brn|[from] brn\n|upkeep\n|\n|t:|1700711546\n|switch|p2b: Tauros|Tauros-Paldea-Aqua, L50, M|100\/100\n|-ability|p2b: Tauros|Intimidate|boost\n|-unboost|p1a: Yogi bear|atk|1\n|-unboost|p1b: I'm Staying here|atk|1\n|turn|5\n|\n|t:|1700711562\n|switch|p1a: Mascot|Espeon, L50, M|100\/100\n|move|p2b: Tauros|Wave Crash|p1a: Mascot\n|-damage|p1a: Mascot|35\/100\n|-damage|p2b: Tauros|76\/100|[from] Recoil\n|move|p1b: I'm Staying here|Dazzling Gleam|p2a: Oranguru|[spread] p2a,p2b\n|-supereffective|p2b: Tauros\n|-damage|p2a: Oranguru|25\/100\n|-damage|p2b: Tauros|38\/100\n|move|p2a: Oranguru|Knock Off|p1a: Mascot\n|-supereffective|p1a: Mascot\n|-damage|p1a: Mascot|1\/100\n|-enditem|p1a: Mascot|Covert Cloak|[from] move: Knock Off|[of] p2a: Oranguru\n|\n|-heal|p2b: Tauros|44\/100|[from] item: Leftovers\n|-end|p1b: I'm Staying here|move: Taunt\n|-fieldend|move: Psychic Terrain\n|upkeep\n|turn|6\n|\n|t:|1700711630\n|move|p2b: Tauros|Wave Crash|p1b: I'm Staying here\n|-damage|p1b: I'm Staying here|0 fnt\n|faint|p1b: I'm Staying here\n|-damage|p2b: Tauros|27\/100|[from] Recoil\n|move|p1a: Mascot|Psychic|p2b: Tauros\n|-supereffective|p2b: Tauros\n|-damage|p2b: Tauros|0 fnt\n|faint|p2b: Tauros\n|move|p2a: Oranguru|Knock Off|p1a: Mascot\n|-supereffective|p1a: Mascot\n|-damage|p1a: Mascot|0 fnt\n|faint|p1a: Mascot\n|\n|upkeep\n|\n|t:|1700711654\n|switch|p2b: Flutter Mane|Flutter Mane, L50|100\/100\n|switch|p1b: Yogi bear|Ursaluna, L50, M|9\/100 brn\n|-enditem|p2b: Flutter Mane|Booster Energy\n|-activate|p2b: Flutter Mane|ability: Protosynthesis|[fromitem]\n|-start|p2b: Flutter Mane|protosynthesisspe\n|turn|7\n|\n|t:|1700711668\n|-terastallize|p1b: Yogi bear|Normal\n|move|p2b: Flutter Mane|Dazzling Gleam|p1b: Yogi bear\n|-damage|p1b: Yogi bear|0 fnt\n|faint|p1b: Yogi bear\n|\n|win|kick4life42\n","uploadtime":1700711675,"views":5,"p1id":"pieminster","p2id":"kick4life42","formatid":"gen9vgc2023regulatione","rating":0,"private":0,"password":""}