{"id":"gen9vgc2023regulatione-1988852701","p1":"IhateCTandmiss","p2":"Jippt351","format":"[Gen 9] VGC 2023 Regulation E","log":"|j|\u2606IhateCTandmiss\n|j|\u2606Jippt351\n|t:|1699774070\n|gametype|doubles\n|player|p1|IhateCTandmiss|101|1173\n|player|p2|Jippt351|170|1228\n|teamsize|p1|6\n|teamsize|p2|6\n|gen|9\n|tier|[Gen 9] VGC 2023 Regulation E\n|rated|\n|rule|Species Clause: Limit one of each Pok\u00e9mon\n|rule|Item Clause: Limit one of each item\n|clearpoke\n|poke|p1|Slaking, L50, M|\n|poke|p1|Weezing, L50, F|\n|poke|p1|Flutter Mane, L50|\n|poke|p1|Chi-Yu, L50|\n|poke|p1|Landorus-Therian, L50, M|\n|poke|p1|Empoleon, L50, F|\n|poke|p2|Tornadus, L50, M|\n|poke|p2|Flutter Mane, L50|\n|poke|p2|Regidrago, L50|\n|poke|p2|Heatran, L50, M|\n|poke|p2|Urshifu-*, L50, M|\n|poke|p2|Farigiraf, L50, M|\n|teampreview|4\n|inactive|Battle timer is ON: inactive players will automatically lose when time's up. (requested by Jippt351)\n|j| Beastyshadow13\n|l|\u2606Jippt351\n|inactive|Jippt351 disconnected and has a minute to reconnect!\n|player|p2|\n|j|\u2606Jippt351\n|inactive|Jippt351 reconnected and has 65 seconds left.\n|player|p2|Jippt351|170\n|inactive|Jippt351 has 60 seconds left.\n|inactive|IhateCTandmiss has 60 seconds left.\n|\n|t:|1699774114\n|start\n|switch|p1a: Slaking|Slaking, L50, M|100\/100\n|switch|p1b: Landorus|Landorus-Therian, L50, M|100\/100\n|switch|p2a: Urshifu|Urshifu, L50, M|100\/100\n|switch|p2b: Tornadus|Tornadus, L50, M|100\/100\n|-ability|p1b: Landorus|Intimidate|boost\n|-unboost|p2a: Urshifu|atk|1\n|-unboost|p2b: Tornadus|atk|1\n|turn|1\n|\n|t:|1699774135\n|switch|p1b: Weezing|Weezing, L50, F|100\/100\n|-ability|p1b: Weezing|Neutralizing Gas\n|move|p2a: Urshifu|Close Combat|p1a: Slaking\n|-supereffective|p1a: Slaking\n|-damage|p1a: Slaking|39\/100\n|-unboost|p2a: Urshifu|def|1\n|-unboost|p2a: Urshifu|spd|1\n|move|p2b: Tornadus|Tailwind|p2b: Tornadus\n|-sidestart|p2: Jippt351|move: Tailwind\n|move|p1a: Slaking|Knock Off|p2b: Tornadus\n|-damage|p2b: Tornadus|39\/100\n|-enditem|p2b: Tornadus|Focus Sash|[from] move: Knock Off|[of] p1a: Slaking\n|\n|upkeep\n|turn|2\n|\n|t:|1699774157\n|move|p2a: Urshifu|Close Combat|p1a: Slaking\n|-supereffective|p1a: Slaking\n|-damage|p1a: Slaking|0 fnt\n|-unboost|p2a: Urshifu|def|1\n|-unboost|p2a: Urshifu|spd|1\n|faint|p1a: Slaking\n|move|p2b: Tornadus|Bleakwind Storm|p1b: Weezing|[miss]\n|-miss|p2b: Tornadus|p1b: Weezing\n|move|p1b: Weezing|Sludge Bomb|p2b: Tornadus\n|-damage|p2b: Tornadus|2\/100\n|-status|p2b: Tornadus|psn\n|\n|-damage|p2b: Tornadus|0 fnt|[from] psn\n|faint|p2b: Tornadus\n|upkeep\n|\n|t:|1699774170\n|switch|p2b: Heatran|Heatran, L50, M|100\/100\n|switch|p1a: Flutter Mane|Flutter Mane, L50|100\/100\n|-enditem|p1a: Flutter Mane|Booster Energy\n|-activate|p1a: Flutter Mane|ability: Protosynthesis|[fromitem]\n|-start|p1a: Flutter Mane|protosynthesisspe\n|turn|3\n|\n|t:|1699774188\n|-terastallize|p2b: Heatran|Fairy\n|move|p1a: Flutter Mane|Protect|p1a: Flutter Mane\n|-singleturn|p1a: Flutter Mane|Protect\n|move|p2a: Urshifu|Close Combat|p1b: Weezing\n|-resisted|p1b: Weezing\n|-damage|p1b: Weezing|80\/100\n|-unboost|p2a: Urshifu|def|1\n|-unboost|p2a: Urshifu|spd|1\n|move|p2b: Heatran|Flash Cannon|p1a: Flutter Mane\n|-activate|p1a: Flutter Mane|move: Protect\n|move|p1b: Weezing|Sludge Bomb|p2a: Urshifu\n|-damage|p2a: Urshifu|0 fnt\n|faint|p2a: Urshifu\n|\n|-heal|p1b: Weezing|86\/100|[from] item: Black Sludge\n|upkeep\n|\n|t:|1699774196\n|switch|p2a: Flutter Mane|Flutter Mane, L50|100\/100\n|-enditem|p2a: Flutter Mane|Booster Energy\n|-activate|p2a: Flutter Mane|ability: Protosynthesis|[fromitem]\n|-start|p2a: Flutter Mane|protosynthesisspa\n|turn|4\n|l|\u2606Jippt351\n|inactive|Jippt351 disconnected and has a minute to reconnect!\n|player|p2|\n|\n|t:|1699774220\n|-terastallize|p1a: Flutter Mane|Fairy\n|move|p2a: Flutter Mane|Protect|p2a: Flutter Mane\n|-singleturn|p2a: Flutter Mane|Protect\n|move|p1a: Flutter Mane|Dazzling Gleam|p2a: Flutter Mane|[spread] p2b\n|-activate|p2a: Flutter Mane|move: Protect\n|-damage|p2b: Heatran|56\/100\n|move|p2b: Heatran|Flash Cannon|p1a: Flutter Mane\n|-supereffective|p1a: Flutter Mane\n|-damage|p1a: Flutter Mane|0 fnt\n|faint|p1a: Flutter Mane\n|-end|p1a: Flutter Mane|Protosynthesis|[silent]\n|-damage|p2b: Heatran|46\/100|[from] item: Life Orb\n|move|p1b: Weezing|Sludge Bomb|p2b: Heatran\n|-supereffective|p2b: Heatran\n|-damage|p2b: Heatran|0 fnt\n|faint|p2b: Heatran\n|\n|-heal|p1b: Weezing|92\/100|[from] item: Black Sludge\n|-sideend|p2: Jippt351|move: Tailwind\n|upkeep\n|j|\u2606Jippt351\n|inactive|Jippt351 reconnected.\n|player|p2|Jippt351|170\n|\n|t:|1699774236\n|switch|p1a: Landorus|Landorus-Therian, L50, M|100\/100\n|turn|5\n|\n|t:|1699774241\n|move|p1a: Landorus|Stomping Tantrum|p2a: Flutter Mane\n|-damage|p2a: Flutter Mane|11\/100\n|move|p2a: Flutter Mane|Dazzling Gleam|p1a: Landorus|[spread] p1a,p1b\n|-resisted|p1b: Weezing\n|-damage|p1a: Landorus|50\/100\n|-damage|p1b: Weezing|70\/100\n|move|p1b: Weezing|Sludge Bomb|p2a: Flutter Mane\n|-damage|p2a: Flutter Mane|0 fnt\n|faint|p2a: Flutter Mane\n|-end|p2a: Flutter Mane|Protosynthesis|[silent]\n|\n|win|IhateCTandmiss\n|raw|IhateCTandmiss's rating: 1173 &rarr; <strong>1202<\/strong><br \/>(+29 for winning)\n|raw|Jippt351's rating: 1228 &rarr; <strong>1199<\/strong><br \/>(-29 for losing)\n","uploadtime":1699774247,"views":51,"p1id":"ihatectandmiss","p2id":"jippt351","formatid":"gen9vgc2023regulatione","rating":1199,"private":0,"password":""}