{"id":"gen9vgc2023regulatione-1992424116","p1":"FallingRoses1","p2":"brashoesmith","format":"[Gen 9] VGC 2023 Regulation E","log":"|j|\u2606FallingRoses1\n|j|\u2606brashoesmith\n|t:|1700185915\n|gametype|doubles\n|player|p1|FallingRoses1|acetrainersnowf|1159\n|player|p2|brashoesmith|102|1112\n|teamsize|p1|6\n|teamsize|p2|6\n|gen|9\n|tier|[Gen 9] VGC 2023 Regulation E\n|rated|\n|rule|Species Clause: Limit one of each Pok\u00e9mon\n|rule|Item Clause: Limit one of each item\n|clearpoke\n|poke|p1|Scizor, L50, M|\n|poke|p1|Cresselia, L50, F|\n|poke|p1|Arcanine-Hisui, L50, F|\n|poke|p1|Flutter Mane, L50|\n|poke|p1|Iron Hands, L50|\n|poke|p1|Thundurus, L50, M|\n|poke|p2|Dusknoir, L50, F|\n|poke|p2|Tornadus, L50, M|\n|poke|p2|Flutter Mane, L50|\n|poke|p2|Iron Hands, L50|\n|poke|p2|Shiftry, L50, F|\n|poke|p2|Sinistcha-Masterpiece, L50|\n|teampreview|4\nFallingRoses1 has agreed to open team sheets.\n|\n|t:|1700185948\n|start\n|switch|p1a: Tricked|Cresselia, L50, F, shiny|100\/100\n|switch|p1b: Bullet.|Scizor, L50, M|100\/100\n|switch|p2a: Tornadus|Tornadus, L50, M|100\/100\n|switch|p2b: Shiftry|Shiftry, L50, F|100\/100\n|turn|1\n|\n|t:|1700185967\n|move|p2b: Shiftry|Fake Out|p1b: Bullet.\n|-resisted|p1b: Bullet.\n|-damage|p1b: Bullet.|95\/100\n|move|p2a: Tornadus|Taunt|p1a: Tricked\n|-start|p1a: Tricked|move: Taunt\n|cant|p1b: Bullet.|flinch\n|cant|p1a: Tricked|move: Taunt|Trick Room\n|\n|upkeep\n|turn|2\n|\n|t:|1700185981\n|move|p2a: Tornadus|Tailwind|p2a: Tornadus\n|-sidestart|p2: brashoesmith|move: Tailwind\n|-ability|p2b: Shiftry|Wind Rider|boost\n|-boost|p2b: Shiftry|atk|1\n|move|p2b: Shiftry|Knock Off|p1b: Bullet.\n|-crit|p1b: Bullet.\n|-damage|p1b: Bullet.|4\/100\n|-enditem|p1b: Bullet.|Life Orb|[from] move: Knock Off|[of] p2b: Shiftry\n|move|p1a: Tricked|Moonblast|p2b: Shiftry\n|-supereffective|p2b: Shiftry\n|-damage|p2b: Shiftry|44\/100\n|-unboost|p2b: Shiftry|spa|1\n|move|p1b: Bullet.|Close Combat|p2b: Shiftry\n|-supereffective|p2b: Shiftry\n|-damage|p2b: Shiftry|0 fnt\n|-unboost|p1b: Bullet.|def|1\n|-unboost|p1b: Bullet.|spd|1\n|faint|p2b: Shiftry\n|\n|upkeep\n|\n|t:|1700185995\n|switch|p2b: Flutter Mane|Flutter Mane, L50|100\/100\n|turn|3\n|\n|t:|1700186007\n|move|p1b: Bullet.|Protect|p1b: Bullet.\n|-singleturn|p1b: Bullet.|Protect\n|move|p2b: Flutter Mane|Shadow Ball|p1a: Tricked\n|-supereffective|p1a: Tricked\n|-damage|p1a: Tricked|45\/100\n|-damage|p2b: Flutter Mane|91\/100|[from] item: Life Orb\n|move|p2a: Tornadus|Bleakwind Storm|p1a: Tricked|[spread] p1a\n|-activate|p1b: Bullet.|move: Protect\n|-damage|p1a: Tricked|24\/100\n|move|p1a: Tricked|Moonblast|p2b: Flutter Mane\n|-damage|p2b: Flutter Mane|73\/100\n|\n|-heal|p1a: Tricked|30\/100|[from] item: Leftovers\n|-end|p1a: Tricked|move: Taunt\n|upkeep\n|turn|4\n|\n|t:|1700186029\n|move|p1b: Bullet.|Bullet Punch|p2b: Flutter Mane\n|-supereffective|p2b: Flutter Mane\n|-damage|p2b: Flutter Mane|0 fnt\n|faint|p2b: Flutter Mane\n|-end|p2b: Flutter Mane|Protosynthesis|[silent]\n|move|p2a: Tornadus|Bleakwind Storm|p1b: Bullet.|[spread] p1a,p1b\n|-damage|p1a: Tricked|9\/100\n|-damage|p1b: Bullet.|0 fnt\n|faint|p1b: Bullet.\n|move|p1a: Tricked|Lunar Blessing|p1a: Tricked\n|-heal|p1a: Tricked|34\/100\n|\n|-heal|p1a: Tricked|40\/100|[from] item: Leftovers\n|upkeep\n|\n|t:|1700186044\n|switch|p2b: Iron Hands|Iron Hands, L50|100\/100\n|switch|p1b: What|Arcanine-Hisui, L50, F, shiny|100\/100\n|-ability|p1b: What|Intimidate|boost\n|-unboost|p2a: Tornadus|atk|1\n|-unboost|p2b: Iron Hands|atk|1\n|turn|5\n|\n|t:|1700186082\n|-terastallize|p2a: Tornadus|Ground\n|move|p2b: Iron Hands|Fake Out|p1b: What\n|-resisted|p1b: What\n|-damage|p1b: What|94\/100\n|move|p2a: Tornadus|Bleakwind Storm|p1a: Tricked|[spread] p1a\n|-miss|p2a: Tornadus|p1b: What\n|-damage|p1a: Tricked|20\/100\n|-unboost|p1a: Tricked|spe|1\n|cant|p1b: What|flinch\n|move|p1a: Tricked|Lunar Blessing|p1a: Tricked|[spread] p1a,p1b\n|-heal|p1a: Tricked|45\/100\n|-heal|p1b: What|100\/100\n|\n|-heal|p1a: Tricked|51\/100|[from] item: Leftovers\n|-sideend|p2: brashoesmith|move: Tailwind\n|upkeep\n|turn|6\n|\n|t:|1700186107\n|move|p2a: Tornadus|Taunt|p1a: Tricked\n|-start|p1a: Tricked|move: Taunt\n|move|p1b: What|Will-O-Wisp|p2b: Iron Hands\n|-status|p2b: Iron Hands|brn\n|move|p2b: Iron Hands|Drain Punch|p1b: What\n|-supereffective|p1b: What\n|-crit|p1b: What\n|-damage|p1b: What|17\/100\n|cant|p1a: Tricked|move: Taunt|Lunar Blessing\n|\n|-heal|p1a: Tricked|57\/100|[from] item: Leftovers\n|-damage|p2b: Iron Hands|94\/100 brn|[from] brn\n|upkeep\n|turn|7\n|\n|t:|1700186129\n|move|p2a: Tornadus|Tailwind|p2a: Tornadus\n|-sidestart|p2: brashoesmith|move: Tailwind\n|move|p1b: What|Head Smash|p2a: Tornadus|[miss]\n|-miss|p1b: What|p2a: Tornadus\n|move|p2b: Iron Hands|Drain Punch|p1b: What\n|-supereffective|p1b: What\n|-damage|p1b: What|0 fnt\n|-heal|p2b: Iron Hands|99\/100 brn|[from] drain|[of] p1b: What\n|faint|p1b: What\n|move|p1a: Tricked|Moonblast|p2b: Iron Hands\n|-supereffective|p2b: Iron Hands\n|-damage|p2b: Iron Hands|77\/100 brn\n|\n|-heal|p1a: Tricked|63\/100|[from] item: Leftovers\n|-damage|p2b: Iron Hands|71\/100 brn|[from] brn\n|upkeep\n|\n|t:|1700186145\n|switch|p1b: Brain Hands|Iron Hands, L50|100\/100\n|turn|8\n|\n|t:|1700186158\n|-terastallize|p1b: Brain Hands|Grass\n|move|p1b: Brain Hands|Fake Out|p2a: Tornadus\n|-damage|p2a: Tornadus|75\/100\n|cant|p2a: Tornadus|flinch\n|move|p2b: Iron Hands|Heavy Slam|p1a: Tricked\n|-damage|p1a: Tricked|54\/100\n|move|p1a: Tricked|Moonblast|p2b: Iron Hands\n|-supereffective|p2b: Iron Hands\n|-damage|p2b: Iron Hands|50\/100 brn\n|-unboost|p2b: Iron Hands|spa|1\n|\n|-heal|p1a: Tricked|60\/100|[from] item: Leftovers\n|-damage|p2b: Iron Hands|44\/100 brn|[from] brn\n|-end|p1a: Tricked|move: Taunt\n|upkeep\n|turn|9\n|\n|t:|1700186184\n|move|p1a: Tricked|Helping Hand|p1b: Brain Hands\n|-singleturn|p1b: Brain Hands|Helping Hand|[of] p1a: Tricked\n|move|p2a: Tornadus|Bleakwind Storm|p1b: Brain Hands|[spread] p1a\n|-miss|p2a: Tornadus|p1b: Brain Hands\n|-damage|p1a: Tricked|39\/100\n|move|p2b: Iron Hands|Heavy Slam|p1a: Tricked\n|-damage|p1a: Tricked|30\/100\n|move|p1b: Brain Hands|Drain Punch|p2b: Iron Hands\n|-damage|p2b: Iron Hands|0 fnt\n|faint|p2b: Iron Hands\n|-end|p2b: Iron Hands|Quark Drive|[silent]\n|\n|-heal|p1a: Tricked|36\/100|[from] item: Leftovers\n|upkeep\n|turn|10\n|\n|t:|1700186205\n|move|p1a: Tricked|Helping Hand|p1b: Brain Hands\n|-singleturn|p1b: Brain Hands|Helping Hand|[of] p1a: Tricked\n|move|p2a: Tornadus|Bleakwind Storm|p1b: Brain Hands|[spread] p1a\n|-miss|p2a: Tornadus|p1b: Brain Hands\n|-damage|p1a: Tricked|14\/100\n|-unboost|p1a: Tricked|spe|1\n|move|p1b: Brain Hands|Drain Punch|p2a: Tornadus\n|-damage|p2a: Tornadus|0 fnt\n|faint|p2a: Tornadus\n|\n|win|FallingRoses1\n|raw|FallingRoses1's rating: 1159 &rarr; <strong>1181<\/strong><br \/>(+22 for winning)\n|raw|brashoesmith's rating: 1112 &rarr; <strong>1090<\/strong><br \/>(-22 for losing)\n|l|\u2606brashoesmith\n|l|\u2606FallingRoses1\n|j|\u2606FallingRoses1\n|player|p1|FallingRoses1|acetrainersnowf\n","uploadtime":1700186355,"views":17,"p1id":"fallingroses1","p2id":"brashoesmith","formatid":"gen9vgc2023regulatione","rating":1090,"private":0,"password":""}