{"id":"gen9vgc2023regulatione-1996807146","p1":"tyl8","p2":"igarettka","format":"[Gen 9] VGC 2023 Regulation E","log":"|j|\u2606tyl8\n|j|\u2606igarettka\n|t:|1700728519\n|gametype|doubles\n|player|p1|tyl8|dawn|1578\n|player|p2|igarettka|2|1588\n|teamsize|p1|6\n|teamsize|p2|6\n|gen|9\n|tier|[Gen 9] VGC 2023 Regulation E\n|rated|\n|rule|Species Clause: Limit one of each Pok\u00e9mon\n|rule|Item Clause: Limit one of each item\n|clearpoke\n|poke|p1|Ninetales-Alola, L50, M|\n|poke|p1|Glastrier, L50|\n|poke|p1|Farigiraf, L50, F|\n|poke|p1|Rillaboom, L50, M|\n|poke|p1|Ting-Lu, L50|\n|poke|p1|Arcanine-Hisui, L50, F|\n|poke|p2|Ninetales-Alola, L50, M|\n|poke|p2|Iron Hands, L50|\n|poke|p2|Landorus-Therian, L50, M|\n|poke|p2|Amoonguss, L50, F|\n|poke|p2|Heatran, L50, F|\n|poke|p2|Roaring Moon, L50|\n|teampreview|4\n|inactive|Battle timer is ON: inactive players will automatically lose when time's up. (requested by tyl8)\n|inactive|tyl8 has 60 seconds left.\n|inactive|igarettka has 60 seconds left.\n|\n|t:|1700728571\n|start\n|switch|p1a: Glastrier|Glastrier, L50|100\/100\n|switch|p1b: Rillaboom|Rillaboom, L50, M, shiny|100\/100\n|switch|p2a: Iron Hands|Iron Hands, L50|100\/100\n|switch|p2b: Heatran|Heatran, L50, F|100\/100\n|-fieldstart|move: Grassy Terrain|[from] ability: Grassy Surge|[of] p1b: Rillaboom\n|turn|1\n|\n|t:|1700728586\n|-end|p2a: Iron Hands|Quark Drive|[silent]\n|switch|p2a: Landorus|Landorus-Therian, L50, M|100\/100\n|-ability|p2a: Landorus|Intimidate|boost\n|-unboost|p1a: Glastrier|atk|1\n|-unboost|p1b: Rillaboom|atk|1\n|-terastallize|p1a: Glastrier|Dragon\n|move|p1b: Rillaboom|Fake Out|p2a: Landorus\n|-damage|p2a: Landorus|92\/100\n|move|p2b: Heatran|Heat Wave|p1a: Glastrier|[spread] p1a\n|-miss|p2b: Heatran|p1b: Rillaboom\n|-resisted|p1a: Glastrier\n|-damage|p1a: Glastrier|88\/100\n|move|p1a: Glastrier|Iron Defense|p1a: Glastrier\n|-boost|p1a: Glastrier|def|2\n|\n|-heal|p1a: Glastrier|94\/100|[from] Grassy Terrain\n|-heal|p1a: Glastrier|100\/100|[from] item: Leftovers\n|upkeep\n|turn|2\n|\n|t:|1700728607\n|switch|p2a: Iron Hands|Iron Hands, L50|100\/100\n|switch|p1b: Ting-Lu|Ting-Lu, L50|100\/100\n|-ability|p1b: Ting-Lu|Vessel of Ruin\n|move|p2b: Heatran|Heat Wave|p1b: Ting-Lu|[spread] p1a,p1b\n|-resisted|p1a: Glastrier\n|-crit|p1a: Glastrier\n|-crit|p1b: Ting-Lu\n|-damage|p1a: Glastrier|85\/100\n|-damage|p1b: Ting-Lu|80\/100\n|move|p1a: Glastrier|Iron Defense|p1a: Glastrier\n|-boost|p1a: Glastrier|def|2\n|\n|-heal|p1b: Ting-Lu|86\/100|[from] Grassy Terrain\n|-heal|p1a: Glastrier|92\/100|[from] Grassy Terrain\n|-heal|p1a: Glastrier|98\/100|[from] item: Leftovers\n|upkeep\n|turn|3\n|inactive|igarettka has 30 seconds left.\n|inactive|igarettka has 20 seconds left.\n|\n|t:|1700728647\n|switch|p2b: Landorus|Landorus-Therian, L50, M|92\/100\n|-ability|p2b: Landorus|Intimidate|boost\n|-unboost|p1a: Glastrier|atk|1\n|-unboost|p1b: Ting-Lu|atk|1\n|move|p2a: Iron Hands|Drain Punch|p1b: Ting-Lu\n|-supereffective|p1b: Ting-Lu\n|-damage|p1b: Ting-Lu|35\/100\n|move|p1b: Ting-Lu|Stomping Tantrum|p2a: Iron Hands\n|-supereffective|p2a: Iron Hands\n|-damage|p2a: Iron Hands|73\/100\n|move|p1a: Glastrier|Body Press|p2b: Landorus\n|-resisted|p2b: Landorus\n|-damage|p2b: Landorus|57\/100\n|\n|-heal|p2a: Iron Hands|79\/100|[from] Grassy Terrain\n|-heal|p1b: Ting-Lu|42\/100|[from] Grassy Terrain\n|-heal|p1a: Glastrier|100\/100|[from] Grassy Terrain\n|upkeep\n|turn|4\n|\n|t:|1700728669\n|switch|p2b: Heatran|Heatran, L50, F|100\/100\n|move|p2a: Iron Hands|Drain Punch|p1b: Ting-Lu\n|-supereffective|p1b: Ting-Lu\n|-damage|p1b: Ting-Lu|0 fnt\n|-heal|p2a: Iron Hands|99\/100|[from] drain|[of] p1b: Ting-Lu\n|faint|p1b: Ting-Lu\n|move|p1a: Glastrier|Body Press|p2a: Iron Hands\n|-damage|p2a: Iron Hands|52\/100\n|\n|-heal|p2a: Iron Hands|58\/100|[from] Grassy Terrain\n|upkeep\n|\n|t:|1700728686\n|switch|p1b: Arcanine|Arcanine-Hisui, L50, F|100\/100\n|-ability|p1b: Arcanine|Intimidate|boost\n|-unboost|p2a: Iron Hands|atk|1\n|-unboost|p2b: Heatran|atk|1\n|turn|5\n|\n|t:|1700728698\n|-end|p2a: Iron Hands|Quark Drive|[silent]\n|switch|p2a: Landorus|Landorus-Therian, L50, M|57\/100\n|-ability|p2a: Landorus|Intimidate|boost\n|-unboost|p1a: Glastrier|atk|1\n|-unboost|p1b: Arcanine|atk|1\n|move|p1b: Arcanine|Flare Blitz|p2a: Landorus\n|-damage|p2a: Landorus|0 fnt\n|faint|p2a: Landorus\n|-damage|p1b: Arcanine|80\/100|[from] Recoil\n|move|p2b: Heatran|Earth Power|p1b: Arcanine\n|-supereffective|p1b: Arcanine\n|-damage|p1b: Arcanine|0 fnt\n|faint|p1b: Arcanine\n|move|p1a: Glastrier|Body Press|p2b: Heatran\n|-supereffective|p2b: Heatran\n|-damage|p2b: Heatran|0 fnt\n|faint|p2b: Heatran\n|-ability|p1a: Glastrier|Chilling Neigh|boost\n|-boost|p1a: Glastrier|atk|1\n|\n|-fieldend|move: Grassy Terrain\n|upkeep\n|\n|t:|1700728719\n|switch|p1b: Rillaboom|Rillaboom, L50, M, shiny|100\/100\n|switch|p2a: Iron Hands|Iron Hands, L50|58\/100\n|switch|p2b: Amoonguss|Amoonguss, L50, F|100\/100\n|-fieldstart|move: Grassy Terrain|[from] ability: Grassy Surge|[of] p1b: Rillaboom\n|turn|6\n|\n|t:|1700728734\n|move|p1b: Rillaboom|Fake Out|p2a: Iron Hands\n|-damage|p2a: Iron Hands|50\/100\n|cant|p2a: Iron Hands|flinch\n|move|p2b: Amoonguss|Spore|p1a: Glastrier\n|-status|p1a: Glastrier|slp|[from] move: Spore\n|cant|p1a: Glastrier|slp\n|\n|-heal|p2a: Iron Hands|56\/100|[from] Grassy Terrain\n|upkeep\n|turn|7\n|\n|t:|1700728749\n|move|p1b: Rillaboom|Protect|p1b: Rillaboom\n|-singleturn|p1b: Rillaboom|Protect\n|move|p2a: Iron Hands|Drain Punch|p1b: Rillaboom\n|-activate|p1b: Rillaboom|move: Protect\n|move|p2b: Amoonguss|Sludge Bomb|p1b: Rillaboom\n|-activate|p1b: Rillaboom|move: Protect\n|-curestatus|p1a: Glastrier|slp|[msg]\n|move|p1a: Glastrier|Body Press|p2a: Iron Hands\n|-damage|p2a: Iron Hands|13\/100\n|\n|-heal|p2a: Iron Hands|19\/100|[from] Grassy Terrain\n|upkeep\n|turn|8\n|-message|igarettka forfeited.\n|\n|win|tyl8\n|raw|tyl8's rating: 1578 &rarr; <strong>1599<\/strong><br \/>(+21 for winning)\n|raw|igarettka's rating: 1588 &rarr; <strong>1567<\/strong><br \/>(-21 for losing)\n|l|\u2606igarettka\n|c|\u2606tyl8|Gg\n","uploadtime":1700728774,"views":6,"p1id":"tyl8","p2id":"igarettka","formatid":"gen9vgc2023regulatione","rating":1567,"private":0,"password":""}