{"id":"gen9vgc2023regulatione-1987952226","p1":"Gmax Xerneas","p2":"Robbie35646","format":"[Gen 9] VGC 2023 Regulation E","log":"|j|\u2606Gmax Xerneas\n|j|\u2606Robbie35646\n|t:|1699652505\n|gametype|doubles\n|player|p1|Gmax Xerneas|red|\n|player|p2|Robbie35646|allister-masters|\n|teamsize|p1|6\n|teamsize|p2|6\n|gen|9\n|tier|[Gen 9] VGC 2023 Regulation E\n|rated|Tournament battle\n|rule|Species Clause: Limit one of each Pok\u00e9mon\n|rule|Item Clause: Limit one of each item\n|clearpoke\n|poke|p1|Heatran, L50, M|\n|poke|p1|Farigiraf, L50, M|\n|poke|p1|Clefairy, L50, M|\n|poke|p1|Ogerpon-Wellspring, L50, F|\n|poke|p1|Ursaluna-Bloodmoon, L50, M|\n|poke|p1|Okidogi, L50, M|\n|poke|p2|Iron Bundle, L50|\n|poke|p2|Chi-Yu, L50|\n|poke|p2|Landorus-Therian, L50, M|\n|poke|p2|Flutter Mane, L50|\n|poke|p2|Amoonguss, L50, M|\n|poke|p2|Iron Hands, L50|\n|teampreview|4\n|showteam|p1|Heatran||SafetyGoggles|FlashFire|FlashCannon,HeatWave,EarthPower,Protect|||M|||50|,,,,,Fairy]Farigiraf||SitrusBerry|ArmorTail|Psychic,DazzlingGleam,NastyPlot,TrickRoom|||M|||50|,,,,,Fire]Clefairy||Eviolite|FriendGuard|Protect,HelpingHand,FollowMe,HealPulse|||M|||50|,,,,,Grass]Ogerpon-Wellspring||WellspringMask|WaterAbsorb|HornLeech,IvyCudgel,FollowMe,SpikyShield|||F|||50|,,,,,Water]Ursaluna-Bloodmoon||LifeOrb|MindsEye|HyperVoice,BloodMoon,EarthPower,Protect|||M|||50|,,,,,Grass]Okidogi||AssaultVest|GuardDog|PoisonJab,BrickBreak,Snarl,IcePunch|||M|||50|,,,,,Water\n|showteam|p2|Iron Bundle||BoosterEnergy|QuarkDrive|HydroPump,FreezeDry,IcyWind,Protect||||||50|,,,,,Ghost]Chi-Yu||LifeOrb|BeadsofRuin|HeatWave,DarkPulse,FireBlast,Protect||||||50|,,,,,Ghost]Landorus-Therian||ChoiceScarf|Intimidate|StompingTantrum,RockTomb,Uturn,TeraBlast|||M|||50|,,,,,Flying]Flutter Mane||ChoiceSpecs|Protosynthesis|Moonblast,ShadowBall,DazzlingGleam,TrickRoom||||||50|,,,,,Fairy]Amoonguss||SitrusBerry|Regenerator|PollenPuff,Spore,RagePowder,Protect|||M|||50|,,,,,Water]Iron Hands||AssaultVest|QuarkDrive|WildCharge,DrainPunch,HeavySlam,FakeOut||||||50|,,,,,Water\n|inactive|Battle timer is ON: inactive players will automatically lose when time's up. (requested by Robbie35646)\n|j|%Radio Free C-Side\n|inactive|Gmax Xerneas has 60 seconds left.\n|inactive|Robbie35646 has 60 seconds left.\n|j| HardFreaQ\n|inactive|Gmax Xerneas has 30 seconds left.\n|inactive|Robbie35646 has 30 seconds left.\n|j| Draxolotl\n|inactive|Robbie35646 has 20 seconds left.\n|inactive|Robbie35646 has 15 seconds left.\n|c| Draxolotl|both teams are cooking\n|inactive|Robbie35646 has 10 seconds left.\n|\n|t:|1699652587\n|start\n|switch|p1a: Ogerpon|Ogerpon-Wellspring, L50, F|100\/100\n|switch|p1b: Farigiraf|Farigiraf, L50, M|100\/100\n|switch|p2a: Amoonguss|Amoonguss, L50, M|100\/100\n|switch|p2b: Flutter Mane|Flutter Mane, L50|100\/100\n|turn|1\n|\n|t:|1699652601\n|move|p1a: Ogerpon|Follow Me|p1a: Ogerpon\n|-singleturn|p1a: Ogerpon|move: Follow Me\n|move|p2b: Flutter Mane|Moonblast|p1a: Ogerpon\n|-damage|p1a: Ogerpon|33\/100\n|move|p2a: Amoonguss|Spore|p1a: Ogerpon\n|-immune|p1a: Ogerpon\n|move|p1b: Farigiraf|Trick Room|p1b: Farigiraf\n|-fieldstart|move: Trick Room|[of] p1b: Farigiraf\n|\n|upkeep\n|turn|2\n|inactive|Robbie35646 has 30 seconds left.\n|inactive|Robbie35646 has 20 seconds left.\n|inactive|Robbie35646 has 15 seconds left.\n|\n|t:|1699652642\n|switch|p1b: Heatran|Heatran, L50, M|100\/100\n|move|p2a: Amoonguss|Pollen Puff|p1a: Ogerpon\n|-supereffective|p1a: Ogerpon\n|-damage|p1a: Ogerpon|0 fnt\n|faint|p1a: Ogerpon\n|move|p2b: Flutter Mane|Moonblast|p1b: Heatran\n|-resisted|p1b: Heatran\n|-damage|p1b: Heatran|85\/100\n|-unboost|p1b: Heatran|spa|1\n|\n|upkeep\n|\n|t:|1699652649\n|switch|p1a: Ursaluna|Ursaluna-Bloodmoon, L50, M|100\/100\n|turn|3\n|j| Flarefox_7\n|inactive|Gmax Xerneas has 30 seconds left.\n|\n|t:|1699652678\n|-end|p2b: Flutter Mane|Protosynthesis|[silent]\n|switch|p2b: Iron Hands|Iron Hands, L50|100\/100\n|-terastallize|p1a: Ursaluna|Grass\n|move|p2a: Amoonguss|Spore|p1a: Ursaluna\n|-immune|p1a: Ursaluna\n|move|p1a: Ursaluna|Blood Moon|p2b: Iron Hands\n|-damage|p2b: Iron Hands|44\/100\n|-damage|p1a: Ursaluna|91\/100|[from] item: Life Orb\n|move|p1b: Heatran|Heat Wave|p2a: Amoonguss|[spread] p2a,p2b\n|-supereffective|p2a: Amoonguss\n|-damage|p2a: Amoonguss|56\/100\n|-damage|p2b: Iron Hands|29\/100\n|\n|upkeep\n|turn|4\n|inactive|Gmax Xerneas has 30 seconds left.\n|inactive|Robbie35646 has 30 seconds left.\n|l| Draxolotl\n|inactive|Robbie35646 has 20 seconds left.\n|\n|t:|1699652717\n|switch|p1b: Farigiraf|Farigiraf, L50, M|100\/100\n|-terastallize|p2b: Iron Hands|Water\n|move|p2a: Amoonguss|Pollen Puff|p2b: Iron Hands\n|-heal|p2b: Iron Hands|79\/100\n|move|p1a: Ursaluna|Earth Power|p2b: Iron Hands\n|-damage|p2b: Iron Hands|45\/100\n|-damage|p1a: Ursaluna|81\/100|[from] item: Life Orb\n|move|p2b: Iron Hands|Drain Punch|p1b: Farigiraf\n|-damage|p1b: Farigiraf|66\/100\n|-heal|p2b: Iron Hands|61\/100|[from] drain|[of] p1b: Farigiraf\n|\n|upkeep\n|turn|5\n|inactive|Gmax Xerneas has 30 seconds left.\n|\n|t:|1699652751\n|switch|p1b: Heatran|Heatran, L50, M|85\/100\n|move|p2a: Amoonguss|Spore|p1b: Heatran\n|-activate|p1b: Heatran|item: Safety Goggles|Spore\n|move|p1a: Ursaluna|Blood Moon|p2b: Iron Hands\n|-damage|p2b: Iron Hands|7\/100\n|-damage|p1a: Ursaluna|72\/100|[from] item: Life Orb\n|move|p2b: Iron Hands|Drain Punch|p1b: Heatran\n|-supereffective|p1b: Heatran\n|-damage|p1b: Heatran|18\/100\n|-heal|p2b: Iron Hands|35\/100|[from] drain|[of] p1b: Heatran\n|\n|-fieldend|move: Trick Room\n|upkeep\n|turn|6\n|\n|t:|1699652770\n|move|p1b: Heatran|Protect|p1b: Heatran\n|-singleturn|p1b: Heatran|Protect\n|move|p2a: Amoonguss|Protect|p2a: Amoonguss\n|-singleturn|p2a: Amoonguss|Protect\n|move|p2b: Iron Hands|Drain Punch|p1b: Heatran\n|-activate|p1b: Heatran|move: Protect\n|move|p1a: Ursaluna|Hyper Voice|p2b: Iron Hands|[spread] p2b\n|-activate|p2a: Amoonguss|move: Protect\n|-damage|p2b: Iron Hands|11\/100\n|-damage|p1a: Ursaluna|62\/100|[from] item: Life Orb\n|\n|upkeep\n|turn|7\n|inactive|Gmax Xerneas has 30 seconds left.\n|\n|t:|1699652796\n|move|p1b: Heatran|Earth Power|p2b: Iron Hands\n|-damage|p2b: Iron Hands|0 fnt\n|faint|p2b: Iron Hands\n|-end|p2b: Iron Hands|Quark Drive|[silent]\n|move|p1a: Ursaluna|Blood Moon|p2a: Amoonguss\n|-damage|p2a: Amoonguss|0 fnt\n|faint|p2a: Amoonguss\n|-damage|p1a: Ursaluna|53\/100|[from] item: Life Orb\n|\n|upkeep\n|l| Flarefox_7\n|\n|t:|1699652803\n|switch|p2b: Landorus|Landorus-Therian, L50, M|100\/100\n|switch|p2a: Flutter Mane|Flutter Mane, L50|100\/100\n|-ability|p2b: Landorus|Intimidate|boost\n|-unboost|p1a: Ursaluna|atk|1\n|-unboost|p1b: Heatran|atk|1\n|turn|8\n|\n|t:|1699652823\n|move|p1a: Ursaluna|Protect|p1a: Ursaluna\n|-singleturn|p1a: Ursaluna|Protect\n|move|p2b: Landorus|Stomping Tantrum|p1b: Heatran\n|-supereffective|p1b: Heatran\n|-damage|p1b: Heatran|0 fnt\n|faint|p1b: Heatran\n|move|p2a: Flutter Mane|Moonblast|p1a: Ursaluna\n|-activate|p1a: Ursaluna|move: Protect\n|\n|upkeep\n|\n|t:|1699652826\n|switch|p1b: Farigiraf|Farigiraf, L50, M|66\/100\n|turn|9\n|j| Red Fang X\n|\n|t:|1699652834\n|move|p1a: Ursaluna|Protect||[still]\n|-fail|p1a: Ursaluna\n|move|p2b: Landorus|Stomping Tantrum|p1b: Farigiraf\n|-damage|p1b: Farigiraf|31\/100\n|-enditem|p1b: Farigiraf|Sitrus Berry|[eat]\n|-heal|p1b: Farigiraf|56\/100|[from] item: Sitrus Berry\n|move|p2a: Flutter Mane|Moonblast|p1a: Ursaluna\n|-damage|p1a: Ursaluna|0 fnt\n|faint|p1a: Ursaluna\n|move|p1b: Farigiraf|Trick Room|p1b: Farigiraf\n|-fieldstart|move: Trick Room|[of] p1b: Farigiraf\n|\n|upkeep\n|turn|10\n|\n|t:|1699652839\n|move|p1b: Farigiraf|Psychic|p2a: Flutter Mane\n|-damage|p2a: Flutter Mane|60\/100\n|move|p2a: Flutter Mane|Moonblast|p1b: Farigiraf\n|-damage|p1b: Farigiraf|0 fnt\n|faint|p1b: Farigiraf\n|\n|win|Robbie35646\n|n|\u2606Gmax Xerneas|gmaxxerneas\n|n|\u2606Robbie35646|robbie35646\n|n| Radio Free C-Side|radiofreecside\n|n| HardFreaQ|hardfreaq\n|n| Red Fang X|redfangx\n|c|\u2606Robbie35646|gg\n|c|\u2606Gmax Xerneas|gg\n|l| Radio Free C-Side\n|l| HardFreaQ\n|l| Red Fang X\n|l|\u2606Robbie35646\n","uploadtime":1699653772,"views":22,"p1id":"gmaxxerneas","p2id":"robbie35646","formatid":"gen9vgc2023regulatione","rating":0,"private":0,"password":""}