{"id":"gen9vgc2023regulatione-1990343891","p1":"violinperfumer","p2":"Yenabi","format":"[Gen 9] VGC 2023 Regulation E","log":"|j|\u2606violinperfumer\n|j|\u2606Yenabi\n|t:|1699959739\n|gametype|doubles\n|player|p1|violinperfumer|102|1520\n|player|p2|Yenabi|266|1542\n|teamsize|p1|6\n|teamsize|p2|6\n|gen|9\n|tier|[Gen 9] VGC 2023 Regulation E\n|rated|\n|rule|Species Clause: Limit one of each Pok\u00e9mon\n|rule|Item Clause: Limit one of each item\n|clearpoke\n|poke|p1|Armarouge, L50, F|\n|poke|p1|Indeedee-F, L50, F|\n|poke|p1|Sinistcha-Masterpiece, L50|\n|poke|p1|Furret, L50, M|\n|poke|p1|Ursaluna-Bloodmoon, L50, M|\n|poke|p1|Iron Bundle, L50|\n|poke|p2|Urshifu-*, L50, M|\n|poke|p2|Iron Hands, L50|\n|poke|p2|Flutter Mane, L50|\n|poke|p2|Chi-Yu, L50|\n|poke|p2|Tornadus, L50, M|\n|poke|p2|Landorus-Therian, L50, M|\n|teampreview|4\nYenabi has agreed to open team sheets.\n|\n|t:|1699959783\n|start\n|switch|p1a: Armarouge|Armarouge, L50, F|100\/100\n|switch|p1b: Iron Bundle|Iron Bundle, L50|100\/100\n|switch|p2a: Chi-Yu|Chi-Yu, L50|100\/100\n|switch|p2b: Flutter Mane|Flutter Mane, L50|100\/100\n|-ability|p2a: Chi-Yu|Beads of Ruin\n|turn|1\n|inactive|Battle timer is ON: inactive players will automatically lose when time's up. (requested by violinperfumer)\n|j| shanehuang99\n|inactive|Yenabi has 60 seconds left.\n|\n|t:|1699959825\n|-terastallize|p2a: Chi-Yu|Ghost\n|move|p1b: Iron Bundle|Icy Wind|p2a: Chi-Yu|[spread] p2a,p2b\n|-damage|p2a: Chi-Yu|77\/100\n|-damage|p2b: Flutter Mane|75\/100\n|-unboost|p2a: Chi-Yu|spe|1\n|-unboost|p2b: Flutter Mane|spe|1\n|move|p1a: Armarouge|Aura Sphere|p2a: Chi-Yu\n|-immune|p2a: Chi-Yu\n|move|p2b: Flutter Mane|Dazzling Gleam|p1a: Armarouge|[spread] p1a,p1b\n|-resisted|p1a: Armarouge\n|-damage|p1a: Armarouge|70\/100\n|-damage|p1b: Iron Bundle|6\/100\n|move|p2a: Chi-Yu|Dark Pulse|p1b: Iron Bundle\n|-damage|p1b: Iron Bundle|0 fnt\n|faint|p1b: Iron Bundle\n|-end|p1b: Iron Bundle|Quark Drive|[silent]\n|\n|upkeep\n|\n|t:|1699959842\n|switch|p1b: Indeedee|Indeedee-F, L50, F|100\/100\n|-fieldstart|move: Psychic Terrain|[from] ability: Psychic Surge|[of] p1b: Indeedee\n|turn|2\n|\n|t:|1699959852\n|-terastallize|p1b: Indeedee|Fairy\n|move|p1b: Indeedee|Follow Me|p1b: Indeedee\n|-singleturn|p1b: Indeedee|move: Follow Me\n|move|p1a: Armarouge|Expanding Force|p2a: Chi-Yu|[spread] p2a,p2b\n|-damage|p2a: Chi-Yu|9\/100\n|-damage|p2b: Flutter Mane|0 fnt\n|faint|p2b: Flutter Mane\n|-end|p2b: Flutter Mane|Protosynthesis|[silent]\n|move|p2a: Chi-Yu|Dark Pulse|p1b: Indeedee\n|-resisted|p1b: Indeedee\n|-damage|p1b: Indeedee|57\/100\n|\n|upkeep\n|\n|t:|1699959862\n|switch|p2b: Urshifu|Urshifu-Rapid-Strike, L50, M|100\/100\n|turn|3\n|\n|t:|1699959876\n|move|p1a: Armarouge|Endure|p1a: Armarouge\n|-singleturn|p1a: Armarouge|move: Endure\n|move|p2b: Urshifu|Detect|p2b: Urshifu\n|-singleturn|p2b: Urshifu|Protect\n|move|p2a: Chi-Yu|Dark Pulse|p1b: Indeedee\n|-resisted|p1b: Indeedee\n|-damage|p1b: Indeedee|8\/100\n|move|p1b: Indeedee|Psyshock|p2a: Chi-Yu\n|-damage|p2a: Chi-Yu|0 fnt\n|faint|p2a: Chi-Yu\n|\n|upkeep\n|\n|t:|1699959886\n|switch|p2a: Iron Hands|Iron Hands, L50|100\/100\n|turn|4\n|\n|t:|1699959899\n|move|p1b: Indeedee|Follow Me|p1b: Indeedee\n|-singleturn|p1b: Indeedee|move: Follow Me\n|move|p1a: Armarouge|Expanding Force|p2a: Iron Hands|[spread] p2a,p2b\n|-supereffective|p2a: Iron Hands\n|-supereffective|p2b: Urshifu\n|-damage|p2a: Iron Hands|31\/100\n|-damage|p2b: Urshifu|0 fnt\n|faint|p2b: Urshifu\n|move|p2a: Iron Hands|Heavy Slam|p1b: Indeedee\n|-supereffective|p1b: Indeedee\n|-damage|p1b: Indeedee|0 fnt\n|faint|p1b: Indeedee\n|\n|upkeep\n|\n|t:|1699959908\n|switch|p1b: Ursaluna|Ursaluna-Bloodmoon, L50, M|100\/100\n|turn|5\n|\n|t:|1699959914\n|move|p1a: Armarouge|Expanding Force|p2a: Iron Hands\n|-supereffective|p2a: Iron Hands\n|-damage|p2a: Iron Hands|0 fnt\n|faint|p2a: Iron Hands\n|-end|p2a: Iron Hands|Quark Drive|[silent]\n|\n|win|violinperfumer\n|raw|violinperfumer's rating: 1520 &rarr; <strong>1541<\/strong><br \/>(+21 for winning)\n|raw|Yenabi's rating: 1542 &rarr; <strong>1521<\/strong><br \/>(-21 for losing)\n|l| shanehuang99\n","uploadtime":1699959923,"views":7,"p1id":"violinperfumer","p2id":"yenabi","formatid":"gen9vgc2023regulatione","rating":1521,"private":0,"password":""}