{"id":"gen9vgc2023regulatione-1993313038","p1":"BlindMagneton","p2":"BlvckTheGamer","format":"[Gen 9] VGC 2023 Regulation E","log":"|j|\u2606BlindMagneton\n|j|\u2606BlvckTheGamer\n|t:|1700296078\n|gametype|doubles\n|player|p1|BlindMagneton|wattson|1446\n|player|p2|BlvckTheGamer|2|1505\n|teamsize|p1|6\n|teamsize|p2|6\n|gen|9\n|tier|[Gen 9] VGC 2023 Regulation E\n|rated|\n|rule|Species Clause: Limit one of each Pok\u00e9mon\n|rule|Item Clause: Limit one of each item\n|clearpoke\n|poke|p1|Mandibuzz, L50, F|\n|poke|p1|Ninetales-Alola, L50, M|\n|poke|p1|Magnezone, L50|\n|poke|p1|Flamigo, L50, M|\n|poke|p1|Farigiraf, L50, M|\n|poke|p1|Annihilape, L50, M|\n|poke|p2|Tornadus, L50, M|\n|poke|p2|Gholdengo, L50|\n|poke|p2|Urshifu-*, L50, F|\n|poke|p2|Dusclops, L50, M|\n|poke|p2|Rillaboom, L50, F|\n|poke|p2|Iron Hands, L50|\n|teampreview|4\n|inactive|Battle timer is ON: inactive players will automatically lose when time's up. (requested by BlvckTheGamer)\n|\n|t:|1700296149\n|start\n|switch|p1a: Mandibuzz|Mandibuzz, L50, F|100\/100\n|switch|p1b: Ninetales|Ninetales-Alola, L50, M|100\/100\n|switch|p2a: Tornadus|Tornadus, L50, M, shiny|100\/100\n|switch|p2b: Gholdengo|Gholdengo, L50|100\/100\n|-weather|Snow|[from] ability: Snow Warning|[of] p1b: Ninetales\n|turn|1\n|\n|t:|1700296171\n|-terastallize|p2b: Gholdengo|Steel\n|move|p1b: Ninetales|Ice Shard|p1a: Mandibuzz\n|-supereffective|p1a: Mandibuzz\n|-damage|p1a: Mandibuzz|83\/100\n|-ability|p1a: Mandibuzz|Weak Armor|boost\n|-unboost|p1a: Mandibuzz|def|1\n|-boost|p1a: Mandibuzz|spe|2\n|-enditem|p1a: Mandibuzz|Weakness Policy\n|-boost|p1a: Mandibuzz|atk|2|[from] item: Weakness Policy\n|-boost|p1a: Mandibuzz|spa|2|[from] item: Weakness Policy\n|move|p2a: Tornadus|Rain Dance|p2a: Tornadus\n|-weather|RainDance\n|move|p1a: Mandibuzz|Lash Out|p2b: Gholdengo\n|-damage|p2b: Gholdengo|0 fnt\n|faint|p2b: Gholdengo\n|\n|-weather|RainDance|[upkeep]\n|upkeep\n|\n|t:|1700296190\n|switch|p2b: Iron Hands|Iron Hands, L50, shiny|100\/100\n|turn|2\n|inactive|BlindMagneton has 30 seconds left.\n|inactive|BlindMagneton has 20 seconds left.\n|inactive|BlindMagneton has 15 seconds left.\n|\n|t:|1700296233\n|switch|p1b: Farigiraf|Farigiraf, L50, M|100\/100\n|move|p1a: Mandibuzz|Protect|p1a: Mandibuzz\n|-singleturn|p1a: Mandibuzz|Protect\n|move|p2b: Iron Hands|Detect|p2b: Iron Hands\n|-singleturn|p2b: Iron Hands|Protect\n|move|p2a: Tornadus|Bleakwind Storm|p1b: Farigiraf|[spread] p1b\n|-activate|p1a: Mandibuzz|move: Protect\n|-damage|p1b: Farigiraf|67\/100\n|-unboost|p1b: Farigiraf|spe|1\n|\n|-weather|RainDance|[upkeep]\n|upkeep\n|turn|3\n|inactive|BlindMagneton has 30 seconds left.\n|inactive|BlindMagneton has 20 seconds left.\n|inactive|BlindMagneton has 15 seconds left.\n|inactive|BlindMagneton has 10 seconds left.\n|inactive|BlindMagneton has 5 seconds left.\n|\n|t:|1700296283\n|switch|p1b: Ninetales|Ninetales-Alola, L50, M|100\/100\n|-weather|Snow|[from] ability: Snow Warning|[of] p1b: Ninetales\n|-terastallize|p1a: Mandibuzz|Ground\n|move|p1a: Mandibuzz|Bone Rush|p2b: Iron Hands\n|-supereffective|p2b: Iron Hands\n|-damage|p2b: Iron Hands|75\/100\n|-supereffective|p2b: Iron Hands\n|-damage|p2b: Iron Hands|51\/100\n|-supereffective|p2b: Iron Hands\n|-damage|p2b: Iron Hands|23\/100\n|-enditem|p2b: Iron Hands|Sitrus Berry|[eat]\n|-heal|p2b: Iron Hands|48\/100|[from] item: Sitrus Berry\n|-supereffective|p2b: Iron Hands\n|-damage|p2b: Iron Hands|20\/100\n|-hitcount|p2b: Iron Hands|4\n|move|p2a: Tornadus|Bleakwind Storm|p1b: Ninetales|[spread] p1a,p1b\n|-crit|p1b: Ninetales\n|-damage|p1a: Mandibuzz|47\/100\n|-damage|p1b: Ninetales|34\/100\n|move|p2b: Iron Hands|Swords Dance|p2b: Iron Hands\n|-boost|p2b: Iron Hands|atk|2\n|\n|-weather|Snow|[upkeep]\n|upkeep\n|turn|4\n|inactive|BlindMagneton has 30 seconds left.\n|inactive|BlvckTheGamer has 30 seconds left.\n|inactive|BlindMagneton has 20 seconds left.\n|inactive|BlvckTheGamer has 20 seconds left.\n|inactive|BlindMagneton has 15 seconds left.\n|inactive|BlvckTheGamer has 15 seconds left.\n|inactive|BlindMagneton has 10 seconds left.\n|inactive|BlvckTheGamer has 10 seconds left.\n|inactive|BlindMagneton has 5 seconds left.\n|\n|t:|1700296338\n|move|p2b: Iron Hands|Detect|p2b: Iron Hands\n|-singleturn|p2b: Iron Hands|Protect\n|move|p1a: Mandibuzz|Lash Out|p2a: Tornadus\n|-damage|p2a: Tornadus|34\/100\n|move|p1b: Ninetales|Blizzard|p2b: Iron Hands|[spread] p2a\n|-activate|p2b: Iron Hands|move: Protect\n|-supereffective|p2a: Tornadus\n|-damage|p2a: Tornadus|0 fnt\n|faint|p2a: Tornadus\n|\n|-weather|Snow|[upkeep]\n|upkeep\n|\n|t:|1700296351\n|switch|p2a: Dusclops|Dusclops, L50, M, shiny|100\/100\n|-item|p1b: Ninetales|Focus Sash|[from] ability: Frisk|[of] p2a: Dusclops|[identify]\n|turn|5\n|\n|t:|1700296374\n|move|p2b: Iron Hands|Detect||[still]\n|-fail|p2b: Iron Hands\n|move|p1b: Ninetales|Ice Shard|p1a: Mandibuzz\n|-supereffective|p1a: Mandibuzz\n|-damage|p1a: Mandibuzz|21\/100\n|-ability|p1a: Mandibuzz|Weak Armor|boost\n|-unboost|p1a: Mandibuzz|def|1\n|-boost|p1a: Mandibuzz|spe|2\n|move|p1a: Mandibuzz|Lash Out|p2a: Dusclops\n|-supereffective|p2a: Dusclops\n|-damage|p2a: Dusclops|0 fnt\n|faint|p2a: Dusclops\n|\n|-weather|Snow|[upkeep]\n|upkeep\n|turn|6\n|-message|BlvckTheGamer forfeited.\n|\n|win|BlindMagneton\n|raw|BlindMagneton's rating: 1446 &rarr; <strong>1469<\/strong><br \/>(+23 for winning)\n|raw|BlvckTheGamer's rating: 1505 &rarr; <strong>1482<\/strong><br \/>(-23 for losing)\n|l|\u2606BlvckTheGamer\n","uploadtime":1700296395,"views":17,"p1id":"blindmagneton","p2id":"blvckthegamer","formatid":"gen9vgc2023regulatione","rating":1469,"private":0,"password":""}