{"id":"gen9vgc2023regulatione-1992332162","p1":"celeme","p2":"Wukonged","format":"[Gen 9] VGC 2023 Regulation E","log":"|j|\u2606celeme\n|j|\u2606Wukonged\n|t:|1700175574\n|gametype|doubles\n|player|p1|celeme|170|1175\n|player|p2|Wukonged|unknown|1127\n|teamsize|p1|6\n|teamsize|p2|6\n|gen|9\n|tier|[Gen 9] VGC 2023 Regulation E\n|rated|\n|rule|Species Clause: Limit one of each Pok\u00e9mon\n|rule|Item Clause: Limit one of each item\n|clearpoke\n|poke|p1|Ogerpon-Wellspring, L50, F|\n|poke|p1|Rillaboom, L50, F|\n|poke|p1|Glastrier, L50|\n|poke|p1|Ting-Lu, L50|\n|poke|p1|Enamorus-Therian, L50, F|\n|poke|p1|Wyrdeer, L50, F|\n|poke|p2|Goodra-Hisui, L50, F|\n|poke|p2|Sinistcha-Masterpiece, L50|\n|poke|p2|Iron Hands, L50|\n|poke|p2|Tornadus, L50, M|\n|poke|p2|Fezandipiti, L50, M|\n|poke|p2|Milotic, L50, F|\n|teampreview|4\n|inactive|Battle timer is ON: inactive players will automatically lose when time's up. (requested by Wukonged)\n|\n|t:|1700175636\n|start\n|switch|p1a: Rillaboom|Rillaboom, L50, F|100\/100\n|switch|p1b: Wyrdeer|Wyrdeer, L50, F|100\/100\n|switch|p2a: Fezandipiti|Fezandipiti, L50, M|100\/100\n|switch|p2b: Iron Hands|Iron Hands, L50, shiny|100\/100\n|-fieldstart|move: Grassy Terrain|[from] ability: Grassy Surge|[of] p1a: Rillaboom\n|-ability|p1b: Wyrdeer|Intimidate|boost\n|-unboost|p2a: Fezandipiti|atk|1\n|-unboost|p2b: Iron Hands|atk|1\n|turn|1\n|\n|t:|1700175660\n|move|p1a: Rillaboom|Fake Out|p2b: Iron Hands\n|-damage|p2b: Iron Hands|91\/100\n|cant|p2b: Iron Hands|flinch\n|move|p2a: Fezandipiti|Tailwind|p2a: Fezandipiti\n|-sidestart|p2: Wukonged|move: Tailwind\n|move|p1b: Wyrdeer|Trick Room|p1b: Wyrdeer\n|-fieldstart|move: Trick Room|[of] p1b: Wyrdeer\n|\n|-heal|p2b: Iron Hands|97\/100|[from] Grassy Terrain\n|upkeep\n|turn|2\n|inactive|celeme has 30 seconds left.\n|\n|t:|1700175694\n|-end|p2b: Iron Hands|Quark Drive|[silent]\n|switch|p2b: Sinistcha|Sinistcha-Masterpiece, L50, shiny|100\/100\n|move|p1b: Wyrdeer|Helping Hand|p1a: Rillaboom\n|-singleturn|p1a: Rillaboom|Helping Hand|[of] p1b: Wyrdeer\n|move|p1a: Rillaboom|Wood Hammer|p2b: Sinistcha\n|-resisted|p2b: Sinistcha\n|-damage|p2b: Sinistcha|43\/100\n|-damage|p1a: Rillaboom|83\/100|[from] Recoil\n|move|p2a: Fezandipiti|Icy Wind|p1a: Rillaboom|[spread] p1a,p1b\n|-supereffective|p1a: Rillaboom\n|-damage|p1a: Rillaboom|69\/100\n|-damage|p1b: Wyrdeer|92\/100\n|-unboost|p1a: Rillaboom|spe|1\n|\n|-heal|p1b: Wyrdeer|99\/100|[from] Grassy Terrain\n|-heal|p1a: Rillaboom|75\/100|[from] Grassy Terrain\n|-heal|p2b: Sinistcha|49\/100|[from] Grassy Terrain\n|upkeep\n|turn|3\n|inactive|Wukonged has 30 seconds left.\n|\n|t:|1700175722\n|move|p1b: Wyrdeer|Helping Hand|p1a: Rillaboom\n|-singleturn|p1a: Rillaboom|Helping Hand|[of] p1b: Wyrdeer\n|move|p2b: Sinistcha|Protect|p2b: Sinistcha\n|-singleturn|p2b: Sinistcha|Protect\n|move|p2a: Fezandipiti|Protect|p2a: Fezandipiti\n|-singleturn|p2a: Fezandipiti|Protect\n|move|p1a: Rillaboom|Wood Hammer|p2b: Sinistcha\n|-activate|p2b: Sinistcha|move: Protect\n|\n|-heal|p1b: Wyrdeer|100\/100|[from] Grassy Terrain\n|-heal|p1a: Rillaboom|82\/100|[from] Grassy Terrain\n|-heal|p2b: Sinistcha|56\/100|[from] Grassy Terrain\n|upkeep\n|turn|4\n|inactive|Wukonged has 30 seconds left.\n|\n|t:|1700175756\n|move|p1b: Wyrdeer|Helping Hand|p1a: Rillaboom\n|-singleturn|p1a: Rillaboom|Helping Hand|[of] p1b: Wyrdeer\n|move|p1a: Rillaboom|Wood Hammer|p2b: Sinistcha\n|-resisted|p2b: Sinistcha\n|-damage|p2b: Sinistcha|0 fnt\n|faint|p2b: Sinistcha\n|-damage|p1a: Rillaboom|65\/100|[from] Recoil\n|move|p2a: Fezandipiti|Icy Wind|p1b: Wyrdeer|[spread] p1a,p1b\n|-supereffective|p1a: Rillaboom\n|-damage|p1a: Rillaboom|49\/100\n|-damage|p1b: Wyrdeer|92\/100\n|-unboost|p1a: Rillaboom|spe|1\n|\n|-heal|p1a: Rillaboom|56\/100|[from] Grassy Terrain\n|-heal|p1b: Wyrdeer|99\/100|[from] Grassy Terrain\n|-sideend|p2: Wukonged|move: Tailwind\n|upkeep\n|\n|t:|1700175770\n|switch|p2b: Iron Hands|Iron Hands, L50, shiny|97\/100\n|turn|5\n|\n|t:|1700175790\n|switch|p1a: Glastrier|Glastrier, L50|100\/100\n|move|p2b: Iron Hands|Fake Out|p1a: Glastrier\n|-damage|p1a: Glastrier|90\/100\n|move|p1b: Wyrdeer|Skill Swap|p1a: Glastrier\n|-activate|p1b: Wyrdeer|move: Skill Swap|||[of] p1a: Glastrier\n|-ability|p1a: Glastrier|Intimidate|boost\n|-unboost|p2a: Fezandipiti|atk|1\n|-unboost|p2b: Iron Hands|atk|1\n|move|p2a: Fezandipiti|Icy Wind|p1a: Glastrier|[spread] p1a,p1b\n|-resisted|p1a: Glastrier\n|-damage|p1a: Glastrier|86\/100\n|-damage|p1b: Wyrdeer|90\/100\n|-unboost|p1a: Glastrier|spe|1\n|\n|-heal|p1a: Glastrier|92\/100|[from] Grassy Terrain\n|-heal|p1b: Wyrdeer|97\/100|[from] Grassy Terrain\n|-heal|p2b: Iron Hands|100\/100|[from] Grassy Terrain\n|-fieldend|move: Trick Room\n|-fieldend|move: Grassy Terrain\n|upkeep\n|turn|6\n|inactive|Wukonged has 30 seconds left.\n|inactive|Wukonged has 20 seconds left.\n|inactive|Wukonged has 15 seconds left.\n|\n|t:|1700175831\n|move|p1a: Glastrier|Protect|p1a: Glastrier\n|-singleturn|p1a: Glastrier|Protect\n|move|p2a: Fezandipiti|Dazzling Gleam|p1a: Glastrier|[spread] p1b\n|-activate|p1a: Glastrier|move: Protect\n|-damage|p1b: Wyrdeer|77\/100\n|move|p2b: Iron Hands|Wild Charge|p1b: Wyrdeer\n|-damage|p1b: Wyrdeer|43\/100\n|-damage|p2b: Iron Hands|94\/100|[from] Recoil\n|move|p1b: Wyrdeer|Trick Room|p1b: Wyrdeer\n|-fieldstart|move: Trick Room|[of] p1b: Wyrdeer\n|\n|upkeep\n|turn|7\n|inactive|celeme has 30 seconds left.\n|inactive|Wukonged has 30 seconds left.\n|inactive|celeme has 20 seconds left.\n|inactive|celeme has 15 seconds left.\n|\n|t:|1700175871\n|move|p1a: Glastrier|Heavy Slam|p2a: Fezandipiti\n|-supereffective|p2a: Fezandipiti\n|-damage|p2a: Fezandipiti|0 fnt\n|faint|p2a: Fezandipiti\n|-damage|p1a: Glastrier|83\/100|[from] item: Life Orb\n|move|p1b: Wyrdeer|Skill Swap|p1a: Glastrier\n|-activate|p1b: Wyrdeer|move: Skill Swap|||[of] p1a: Glastrier\n|-ability|p1b: Wyrdeer|Intimidate|boost\n|-unboost|p2b: Iron Hands|atk|1\n|move|p2b: Iron Hands|Drain Punch|p1a: Glastrier\n|-supereffective|p1a: Glastrier\n|-damage|p1a: Glastrier|54\/100\n|-heal|p2b: Iron Hands|100\/100|[from] drain|[of] p1a: Glastrier\n|\n|upkeep\n|\n|t:|1700175892\n|switch|p2a: Goodra|Goodra-Hisui, L50, F, shiny|100\/100\n|turn|8\n|\n|t:|1700175904\n|move|p1b: Wyrdeer|Helping Hand|p1a: Glastrier\n|-singleturn|p1a: Glastrier|Helping Hand|[of] p1b: Wyrdeer\n|move|p1a: Glastrier|Close Combat|p2a: Goodra\n|-supereffective|p2a: Goodra\n|-damage|p2a: Goodra|0 fnt\n|-unboost|p1a: Glastrier|def|1\n|-unboost|p1a: Glastrier|spd|1\n|faint|p2a: Goodra\n|-ability|p1a: Glastrier|Chilling Neigh|boost\n|-boost|p1a: Glastrier|atk|1\n|-damage|p1a: Glastrier|44\/100|[from] item: Life Orb\n|move|p2b: Iron Hands|Drain Punch|p1a: Glastrier\n|-supereffective|p1a: Glastrier\n|-damage|p1a: Glastrier|0 fnt\n|faint|p1a: Glastrier\n|\n|upkeep\n|\n|t:|1700175921\n|switch|p1a: Enamorus|Enamorus-Therian, L50, F|100\/100\n|turn|9\n|\n|t:|1700175932\n|-terastallize|p1a: Enamorus|Fairy\n|move|p1b: Wyrdeer|Helping Hand|p1a: Enamorus\n|-singleturn|p1a: Enamorus|Helping Hand|[of] p1b: Wyrdeer\n|move|p1a: Enamorus|Moonblast|p2b: Iron Hands\n|-supereffective|p2b: Iron Hands\n|-damage|p2b: Iron Hands|0 fnt\n|faint|p2b: Iron Hands\n|-end|p2b: Iron Hands|Quark Drive|[silent]\n|\n|win|celeme\n|raw|celeme's rating: 1175 &rarr; <strong>1197<\/strong><br \/>(+22 for winning)\n|raw|Wukonged's rating: 1127 &rarr; <strong>1105<\/strong><br \/>(-22 for losing)\n|l|\u2606Wukonged\n","uploadtime":1700175948,"views":9,"p1id":"celeme","p2id":"wukonged","formatid":"gen9vgc2023regulatione","rating":1105,"private":0,"password":""}