{"id":"gen9vgc2023regulatione-1990266882","p1":"17 cats in a coat","p2":"Th3D3b","format":"[Gen 9] VGC 2023 Regulation E","log":"|j|\u260617 cats in a coat\n|j|\u2606Th3D3b\n|t:|1699947603\n|gametype|doubles\n|player|p1|17 cats in a coat|pokemonbreederf-gen4|1284\n|player|p2|Th3D3b|170|1238\n|teamsize|p1|6\n|teamsize|p2|6\n|gen|9\n|tier|[Gen 9] VGC 2023 Regulation E\n|rated|\n|rule|Species Clause: Limit one of each Pok\u00e9mon\n|rule|Item Clause: Limit one of each item\n|clearpoke\n|poke|p1|Baxcalibur, L50, M|\n|poke|p1|Ninetales-Alola, L50, F|\n|poke|p1|Heatran, L50, M|\n|poke|p1|Ogerpon-Wellspring, L50, F|\n|poke|p1|Landorus-Therian, L50, M|\n|poke|p1|Rillaboom, L50, F|\n|poke|p2|Illumise, L50, F|\n|poke|p2|Farigiraf, L50, M|\n|poke|p2|Chi-Yu, L50|\n|poke|p2|Rillaboom, L50, M|\n|poke|p2|Flutter Mane, L50|\n|poke|p2|Kleavor, L50, M|\n|teampreview|4\n|\n|t:|1699947649\n|start\n|switch|p1a: Heatran|Heatran, L50, M|100\/100\n|switch|p1b: Rillaboom|Rillaboom, L50, F|100\/100\n|switch|p2a: Farigiraf|Farigiraf, L50, M|100\/100\n|switch|p2b: Flutter Mane|Flutter Mane, L50|100\/100\n|-fieldstart|move: Grassy Terrain|[from] ability: Grassy Surge|[of] p1b: Rillaboom\n|turn|1\n|inactive|Battle timer is ON: inactive players will automatically lose when time's up. (requested by Th3D3b)\n|\n|t:|1699947670\n|move|p2b: Flutter Mane|Shadow Ball|p1a: Heatran\n|-damage|p1a: Heatran|37\/100\n|move|p1a: Heatran|Flash Cannon|p2b: Flutter Mane\n|-supereffective|p2b: Flutter Mane\n|-damage|p2b: Flutter Mane|0 fnt\n|faint|p2b: Flutter Mane\n|-end|p2b: Flutter Mane|Protosynthesis|[silent]\n|-damage|p1a: Heatran|27\/100|[from] item: Life Orb\n|move|p1b: Rillaboom|Wood Hammer|p2a: Farigiraf\n|-damage|p2a: Farigiraf|27\/100\n|-enditem|p2a: Farigiraf|Sitrus Berry|[eat]\n|-heal|p2a: Farigiraf|52\/100|[from] item: Sitrus Berry\n|-damage|p1b: Rillaboom|72\/100|[from] Recoil\n|move|p2a: Farigiraf|Trick Room|p2a: Farigiraf\n|-fieldstart|move: Trick Room|[of] p2a: Farigiraf\n|\n|-heal|p2a: Farigiraf|58\/100|[from] Grassy Terrain\n|-heal|p1b: Rillaboom|78\/100|[from] Grassy Terrain\n|-heal|p1a: Heatran|33\/100|[from] Grassy Terrain\n|upkeep\n|\n|t:|1699947684\n|switch|p2b: Kleavor|Kleavor, L50, M|100\/100\n|turn|2\n|inactive|Th3D3b has 30 seconds left.\n|\n|t:|1699947714\n|switch|p1a: Landorus|Landorus-Therian, L50, M|100\/100\n|-ability|p1a: Landorus|Intimidate|boost\n|-unboost|p2a: Farigiraf|atk|1\n|-fail|p2b: Kleavor|unboost|[from] item: Clear Amulet|[of] p2b: Kleavor\n|move|p2a: Farigiraf|Psychic|p1a: Landorus\n|-damage|p1a: Landorus|52\/100\n|move|p2b: Kleavor|Stone Axe|p1a: Landorus\n|-damage|p1a: Landorus|0 fnt\n|-sidestart|p1: 17 cats in a coat|move: Stealth Rock\n|faint|p1a: Landorus\n|move|p1b: Rillaboom|Wood Hammer|p2b: Kleavor\n|-damage|p2b: Kleavor|18\/100\n|-damage|p1b: Rillaboom|54\/100|[from] Recoil\n|\n|-heal|p2a: Farigiraf|64\/100|[from] Grassy Terrain\n|-heal|p2b: Kleavor|24\/100|[from] Grassy Terrain\n|-heal|p1b: Rillaboom|60\/100|[from] Grassy Terrain\n|upkeep\n|\n|t:|1699947732\n|switch|p1a: Ogerpon|Ogerpon-Wellspring, L50, F|100\/100\n|-damage|p1a: Ogerpon|88\/100|[from] Stealth Rock\n|turn|3\n|\n|t:|1699947746\n|-terastallize|p1a: Ogerpon|Water\n|detailschange|p1a: Ogerpon|Ogerpon-Wellspring-Tera, L50, F, tera:Water\n|-ability|p1a: Ogerpon|Embody Aspect (Wellspring)|boost\n|-boost|p1a: Ogerpon|spd|1\n|move|p2a: Farigiraf|Psychic|p1b: Rillaboom\n|-damage|p1b: Rillaboom|31\/100\n|move|p2b: Kleavor|X-Scissor|p1b: Rillaboom\n|-supereffective|p1b: Rillaboom\n|-damage|p1b: Rillaboom|0 fnt\n|faint|p1b: Rillaboom\n|move|p1a: Ogerpon|Ivy Cudgel|p2a: Farigiraf\n|-damage|p2a: Farigiraf|10\/100\n|\n|-heal|p2a: Farigiraf|16\/100|[from] Grassy Terrain\n|-heal|p2b: Kleavor|30\/100|[from] Grassy Terrain\n|-heal|p1a: Ogerpon|94\/100|[from] Grassy Terrain\n|upkeep\n|\n|t:|1699947756\n|switch|p1b: Heatran|Heatran, L50, M|33\/100\n|-damage|p1b: Heatran|21\/100|[from] Stealth Rock\n|turn|4\n|\n|t:|1699947773\n|move|p1b: Heatran|Protect|p1b: Heatran\n|-singleturn|p1b: Heatran|Protect\n|move|p1a: Ogerpon|Spiky Shield|p1a: Ogerpon\n|-singleturn|p1a: Ogerpon|move: Protect\n|move|p2a: Farigiraf|Dazzling Gleam|p1b: Heatran|[spread] \n|-activate|p1a: Ogerpon|move: Protect\n|-activate|p1b: Heatran|move: Protect\n|move|p2b: Kleavor|Stone Axe|p1b: Heatran\n|-activate|p1b: Heatran|move: Protect\n|\n|-heal|p2a: Farigiraf|22\/100|[from] Grassy Terrain\n|-heal|p2b: Kleavor|36\/100|[from] Grassy Terrain\n|-heal|p1b: Heatran|27\/100|[from] Grassy Terrain\n|-heal|p1a: Ogerpon|99\/100|[from] Grassy Terrain\n|upkeep\n|turn|5\n|\n|t:|1699947792\n|move|p1b: Heatran|Protect||[still]\n|-fail|p1b: Heatran\n|move|p2a: Farigiraf|Dazzling Gleam|p1b: Heatran|[spread] p1a,p1b\n|-resisted|p1b: Heatran\n|-damage|p1a: Ogerpon|90\/100\n|-damage|p1b: Heatran|23\/100\n|move|p2b: Kleavor|X-Scissor|p1a: Ogerpon\n|-damage|p1a: Ogerpon|26\/100\n|move|p1a: Ogerpon|Ivy Cudgel|p2b: Kleavor\n|-supereffective|p2b: Kleavor\n|-damage|p2b: Kleavor|0 fnt\n|faint|p2b: Kleavor\n|\n|-heal|p2a: Farigiraf|28\/100|[from] Grassy Terrain\n|-heal|p1b: Heatran|30\/100|[from] Grassy Terrain\n|-heal|p1a: Ogerpon|32\/100|[from] Grassy Terrain\n|-fieldend|move: Trick Room\n|-fieldend|move: Grassy Terrain\n|upkeep\n|\n|t:|1699947803\n|switch|p2b: Chi-Yu|Chi-Yu, L50|100\/100\n|-ability|p2b: Chi-Yu|Beads of Ruin\n|turn|6\n|\n|t:|1699947826\n|-terastallize|p2b: Chi-Yu|Grass\n|move|p2b: Chi-Yu|Dark Pulse|p1a: Ogerpon\n|-damage|p1a: Ogerpon|0 fnt\n|faint|p1a: Ogerpon\n|move|p1b: Heatran|Flash Cannon|p2a: Farigiraf\n|-damage|p2a: Farigiraf|0 fnt\n|faint|p2a: Farigiraf\n|-damage|p1b: Heatran|20\/100|[from] item: Life Orb\n|\n|upkeep\n|turn|7\n|\n|t:|1699947836\n|move|p2b: Chi-Yu|Dark Pulse|p1b: Heatran\n|-damage|p1b: Heatran|0 fnt\n|faint|p1b: Heatran\n|\n|win|Th3D3b\n|raw|17 cats in a coat's rating: 1284 &rarr; <strong>1256<\/strong><br \/>(-28 for losing)\n|raw|Th3D3b's rating: 1238 &rarr; <strong>1266<\/strong><br \/>(+28 for winning)\n|l|\u260617 cats in a coat\n","uploadtime":1699947855,"views":21,"p1id":"17catsinacoat","p2id":"th3d3b","formatid":"gen9vgc2023regulatione","rating":1256,"private":0,"password":""}