{"id":"gen9vgc2023regulatione-1999660874","p1":"Kzjrzl","p2":"Crystal Canyon","format":"[Gen 9] VGC 2023 Regulation E","log":"|j|\u2606Kzjrzl\n|j|\u2606Crystal Canyon\n|t:|1701105526\n|gametype|doubles\n|player|p1|Kzjrzl|lance|1000\n|player|p2|Crystal Canyon|bugcatcher-gen4dp|1051\n|teamsize|p1|6\n|teamsize|p2|6\n|gen|9\n|tier|[Gen 9] VGC 2023 Regulation E\n|rated|\n|rule|Species Clause: Limit one of each Pok\u00e9mon\n|rule|Item Clause: Limit one of each item\n|clearpoke\n|poke|p1|Flutter Mane, L50|\n|poke|p1|Tornadus, L50, M|\n|poke|p1|Rillaboom, L50, M|\n|poke|p1|Garganacl, L50, M|\n|poke|p1|Arcanine-Hisui, L50, M|\n|poke|p1|Chien-Pao, L50|\n|poke|p2|Landorus-Therian, L50, M|\n|poke|p2|Cresselia, L50, F|\n|poke|p2|Heatran, L50, M|\n|poke|p2|Rotom-Wash, L50|\n|poke|p2|Amoonguss, L50, F|\n|poke|p2|Iron Hands, L50|\n|teampreview|4\n|inactive|Battle timer is ON: inactive players will automatically lose when time's up. (requested by Crystal Canyon)\nCrystal Canyon rejected open team sheets.\n|\n|t:|1701105593\n|start\n|switch|p1a: Tornadus|Tornadus, L50, M|100\/100\n|switch|p1b: Garganacl|Garganacl, L50, M|100\/100\n|switch|p2a: Iron Hands|Iron Hands, L50|100\/100\n|switch|p2b: Heatran|Heatran, L50, M|100\/100\n|-enditem|p2a: Iron Hands|Booster Energy\n|-activate|p2a: Iron Hands|ability: Quark Drive|[fromitem]\n|-start|p2a: Iron Hands|quarkdrivedef\n|turn|1\n|inactive|Crystal Canyon has 30 seconds left.\n|\n|t:|1701105618\n|switch|p1a: Arcanine|Arcanine-Hisui, L50, M|100\/100\n|-ability|p1a: Arcanine|Intimidate|boost\n|-unboost|p2a: Iron Hands|atk|1\n|-unboost|p2b: Heatran|atk|1\n|-terastallize|p1b: Garganacl|Ghost\n|move|p2a: Iron Hands|Fake Out|p1b: Garganacl\n|-immune|p1b: Garganacl\n|move|p2b: Heatran|Flash Cannon|p1b: Garganacl\n|-crit|p1b: Garganacl\n|-damage|p1b: Garganacl|47\/100\n|-enditem|p1b: Garganacl|Sitrus Berry|[eat]\n|-heal|p1b: Garganacl|72\/100|[from] item: Sitrus Berry\n|move|p1b: Garganacl|Salt Cure|p2b: Heatran\n|-damage|p2b: Heatran|91\/100\n|-start|p2b: Heatran|Salt Cure\n|\n|-damage|p2b: Heatran|66\/100|[from] Salt Cure\n|upkeep\n|turn|2\n|\n|t:|1701105643\n|switch|p1a: Tornadus|Tornadus, L50, M|100\/100\n|switch|p2b: Amoonguss|Amoonguss, L50, F|100\/100\n|move|p2a: Iron Hands|Protect|p2a: Iron Hands\n|-singleturn|p2a: Iron Hands|Protect\n|move|p1b: Garganacl|Iron Defense|p1b: Garganacl\n|-boost|p1b: Garganacl|def|2\n|\n|upkeep\n|turn|3\n|\n|t:|1701105657\n|move|p1a: Tornadus|Bleakwind Storm|p2b: Amoonguss|[spread] p2a,p2b\n|-supereffective|p2b: Amoonguss\n|-damage|p2a: Iron Hands|69\/100\n|-damage|p2b: Amoonguss|56\/100\n|move|p2a: Iron Hands|Wild Charge|p1a: Tornadus\n|-supereffective|p1a: Tornadus\n|-damage|p1a: Tornadus|20\/100\n|-damage|p2a: Iron Hands|53\/100|[from] item: Rocky Helmet|[of] p1a: Tornadus\n|-damage|p2a: Iron Hands|37\/100|[from] Recoil\n|move|p1b: Garganacl|Salt Cure|p2b: Amoonguss\n|-damage|p2b: Amoonguss|42\/100\n|-start|p2b: Amoonguss|Salt Cure\n|move|p2b: Amoonguss|Spore|p1b: Garganacl\n|-immune|p1b: Garganacl|[from] ability: Purifying Salt\n|\n|-damage|p2b: Amoonguss|30\/100|[from] Salt Cure\n|upkeep\n|turn|4\n|\n|t:|1701105680\n|move|p1a: Tornadus|Bleakwind Storm|p2a: Iron Hands|[spread] p2a,p2b\n|-crit|p2a: Iron Hands\n|-supereffective|p2b: Amoonguss\n|-damage|p2a: Iron Hands|0 fnt\n|-damage|p2b: Amoonguss|0 fnt\n|faint|p2a: Iron Hands\n|-end|p2a: Iron Hands|Quark Drive|[silent]\n|faint|p2b: Amoonguss\n|move|p1b: Garganacl|Salt Cure|p2: Iron Hands|[notarget]\n|-fail|p1b: Garganacl\n|\n|upkeep\n|\n|t:|1701105685\n|switch|p2a: Landorus|Landorus-Therian, L50, M|100\/100\n|switch|p2b: Heatran|Heatran, L50, M|66\/100\n|-ability|p2a: Landorus|Intimidate|boost\n|-unboost|p1a: Tornadus|atk|1\n|-unboost|p1b: Garganacl|atk|1\n|turn|5\n|\n|t:|1701105697\n|move|p1b: Garganacl|Protect|p1b: Garganacl\n|-singleturn|p1b: Garganacl|Protect\n|move|p1a: Tornadus|Tailwind|p1a: Tornadus\n|-sidestart|p1: Kzjrzl|move: Tailwind\n|move|p2a: Landorus|Swords Dance|p2a: Landorus\n|-boost|p2a: Landorus|atk|2\n|move|p2b: Heatran|Heat Wave|p1a: Tornadus|[spread] p1a\n|-activate|p1b: Garganacl|move: Protect\n|-damage|p1a: Tornadus|0 fnt\n|faint|p1a: Tornadus\n|\n|upkeep\n|\n|t:|1701105705\n|switch|p1a: Arcanine|Arcanine-Hisui, L50, M|100\/100\n|-ability|p1a: Arcanine|Intimidate|boost\n|-fail|p2a: Landorus|unboost|[from] item: Clear Amulet|[of] p2a: Landorus\n|-unboost|p2b: Heatran|atk|1\n|turn|6\n|\n|t:|1701105712\n|-terastallize|p2b: Heatran|Flying\n|move|p1a: Arcanine|Rock Slide|p2a: Landorus|[spread] p2a,p2b\n|-supereffective|p2b: Heatran\n|-damage|p2a: Landorus|56\/100\n|-damage|p2b: Heatran|9\/100\n|cant|p2a: Landorus|flinch\n|move|p1b: Garganacl|Salt Cure|p2a: Landorus\n|-damage|p2a: Landorus|46\/100\n|-start|p2a: Landorus|Salt Cure\n|move|p2b: Heatran|Heat Wave|p1a: Arcanine|[spread] p1a,p1b\n|-resisted|p1a: Arcanine\n|-crit|p1a: Arcanine\n|-damage|p1a: Arcanine|80\/100\n|-damage|p1b: Garganacl|42\/100\n|\n|-damage|p2a: Landorus|33\/100|[from] Salt Cure\n|upkeep\n|turn|7\n|-message|Crystal Canyon forfeited.\n|\n|win|Kzjrzl\n|raw|Kzjrzl's rating: 1000 &rarr; <strong>1046<\/strong><br \/>(+46 for winning)\n|raw|Crystal Canyon's rating: 1051 &rarr; <strong>1031<\/strong><br \/>(-20 for losing)\n|l|\u2606Crystal Canyon\n","uploadtime":1701105727,"views":1,"p1id":"kzjrzl","p2id":"crystalcanyon","formatid":"gen9vgc2023regulatione","rating":1031,"private":0,"password":""}