{"id":"gen9vgc2023regulatione-1992807468","p1":"siimonfernaandez","p2":"whyismynamejeff","format":"[Gen 9] VGC 2023 Regulation E","log":"|j|\u2606siimonfernaandez\n|j|\u2606whyismynamejeff\n|t:|1700237184\n|gametype|doubles\n|player|p1|siimonfernaandez|101|1117\n|player|p2|whyismynamejeff|colress|1102\n|teamsize|p1|6\n|teamsize|p2|6\n|gen|9\n|tier|[Gen 9] VGC 2023 Regulation E\n|rated|\n|rule|Species Clause: Limit one of each Pok\u00e9mon\n|rule|Item Clause: Limit one of each item\n|clearpoke\n|poke|p1|Dragonite, L50, M|\n|poke|p1|Chien-Pao, L50|\n|poke|p1|Zapdos-Galar, L50|\n|poke|p1|Rillaboom, L50, F|\n|poke|p1|Heatran, L50, M|\n|poke|p1|Gastrodon, L50, F|\n|poke|p2|Empoleon, L50, F|\n|poke|p2|Ogerpon-Hearthflame, L50, F|\n|poke|p2|Flutter Mane, L50|\n|poke|p2|Iron Hands, L50|\n|poke|p2|Baxcalibur, L50, F|\n|poke|p2|Landorus-Therian, L50, M|\n|teampreview|4\n|\n|t:|1700237220\n|start\n|switch|p1a: Zapdos|Zapdos-Galar, L50|100\/100\n|switch|p1b: Chien-Pao|Chien-Pao, L50|100\/100\n|switch|p2a: Landorus|Landorus-Therian, L50, M|100\/100\n|switch|p2b: Flutter Mane|Flutter Mane, L50|100\/100\n|-ability|p2a: Landorus|Intimidate|boost\n|-unboost|p1a: Zapdos|atk|1\n|-ability|p1a: Zapdos|Defiant|boost\n|-boost|p1a: Zapdos|atk|2\n|-unboost|p1b: Chien-Pao|atk|1\n|-ability|p1b: Chien-Pao|Sword of Ruin\n|-enditem|p2b: Flutter Mane|Booster Energy\n|-activate|p2b: Flutter Mane|ability: Protosynthesis|[fromitem]\n|-start|p2b: Flutter Mane|protosynthesisspe\n|turn|1\n|\n|t:|1700237258\n|-terastallize|p1a: Zapdos|Ghost\n|move|p1b: Chien-Pao|Protect|p1b: Chien-Pao\n|-singleturn|p1b: Chien-Pao|Protect\n|move|p2b: Flutter Mane|Moonblast|p1b: Chien-Pao\n|-activate|p1b: Chien-Pao|move: Protect\n|move|p2a: Landorus|U-turn|p1b: Chien-Pao\n|-activate|p1b: Chien-Pao|move: Protect\n|move|p1a: Zapdos|Brave Bird|p2b: Flutter Mane\n|-crit|p2b: Flutter Mane\n|-damage|p2b: Flutter Mane|0 fnt\n|faint|p2b: Flutter Mane\n|-end|p2b: Flutter Mane|Protosynthesis|[silent]\n|-damage|p1a: Zapdos|75\/100|[from] Recoil\n|\n|upkeep\n|\n|t:|1700237275\n|switch|p2b: Baxcalibur|Baxcalibur, L50, F|100\/100\n|turn|2\n|\n|t:|1700237302\n|switch|p1b: Heatran|Heatran, L50, M|100\/100\n|move|p2a: Landorus|U-turn|p1b: Heatran\n|-resisted|p1b: Heatran\n|-damage|p1b: Heatran|96\/100\n|\n|t:|1700237310\n|switch|p2a: Ogerpon|Ogerpon-Hearthflame, L50, F|100\/100|[from] U-turn\n|-ability|p2a: Ogerpon|Mold Breaker\n|move|p1a: Zapdos|Brave Bird|p2a: Ogerpon\n|-supereffective|p2a: Ogerpon\n|-damage|p2a: Ogerpon|0 fnt\n|faint|p2a: Ogerpon\n|-damage|p1a: Zapdos|44\/100|[from] Recoil\n|move|p2b: Baxcalibur|Icicle Spear|p1a: Zapdos\n|-damage|p1a: Zapdos|28\/100\n|-damage|p1a: Zapdos|12\/100\n|-damage|p1a: Zapdos|0 fnt\n|faint|p1a: Zapdos\n|-hitcount|p1: Zapdos|3\n|\n|-heal|p1b: Heatran|100\/100|[from] item: Leftovers\n|upkeep\n|\n|t:|1700237329\n|switch|p2a: Landorus|Landorus-Therian, L50, M|100\/100\n|switch|p1a: Rillaboom|Rillaboom, L50, F|100\/100\n|-ability|p2a: Landorus|Intimidate|boost\n|-unboost|p1a: Rillaboom|atk|1\n|-unboost|p1b: Heatran|atk|1\n|-fieldstart|move: Grassy Terrain|[from] ability: Grassy Surge|[of] p1a: Rillaboom\n|turn|3\n|\n|t:|1700237340\n|-terastallize|p2a: Landorus|Flying\n|move|p1a: Rillaboom|Fake Out|p2a: Landorus\n|-damage|p2a: Landorus|89\/100\n|cant|p2a: Landorus|flinch\n|move|p2b: Baxcalibur|Scale Shot|p1b: Heatran\n|-resisted|p1b: Heatran\n|-damage|p1b: Heatran|95\/100\n|-resisted|p1b: Heatran\n|-damage|p1b: Heatran|89\/100\n|-resisted|p1b: Heatran\n|-damage|p1b: Heatran|83\/100\n|-resisted|p1b: Heatran\n|-crit|p1b: Heatran\n|-damage|p1b: Heatran|73\/100\n|-hitcount|p1b: Heatran|4\n|-unboost|p2b: Baxcalibur|def|1\n|-boost|p2b: Baxcalibur|spe|1\n|move|p1b: Heatran|Magma Storm|p2a: Landorus\n|-damage|p2a: Landorus|5\/100\n|-activate|p2a: Landorus|move: Magma Storm|[of] p1b: Heatran\n|\n|-heal|p1b: Heatran|80\/100|[from] Grassy Terrain\n|-heal|p1b: Heatran|86\/100|[from] item: Leftovers\n|-damage|p2a: Landorus|0 fnt|[from] move: Magma Storm|[partiallytrapped]\n|faint|p2a: Landorus\n|upkeep\n|turn|4\n|\n|t:|1700237367\n|move|p1a: Rillaboom|Grassy Glide|p2b: Baxcalibur\n|-resisted|p2b: Baxcalibur\n|-damage|p2b: Baxcalibur|82\/100\n|move|p2b: Baxcalibur|Scale Shot|p1a: Rillaboom\n|-damage|p1a: Rillaboom|86\/100\n|-damage|p1a: Rillaboom|74\/100\n|-damage|p1a: Rillaboom|61\/100\n|-damage|p1a: Rillaboom|47\/100\n|-hitcount|p1a: Rillaboom|4\n|-unboost|p2b: Baxcalibur|def|1\n|-boost|p2b: Baxcalibur|spe|1\n|move|p1b: Heatran|Earth Power|p2b: Baxcalibur\n|-damage|p2b: Baxcalibur|46\/100\n|-unboost|p2b: Baxcalibur|spd|1\n|\n|-heal|p2b: Baxcalibur|52\/100|[from] Grassy Terrain\n|-heal|p1a: Rillaboom|53\/100|[from] Grassy Terrain\n|-heal|p1b: Heatran|92\/100|[from] Grassy Terrain\n|-heal|p1b: Heatran|98\/100|[from] item: Leftovers\n|upkeep\n|turn|5\n|\n|t:|1700237391\n|move|p1a: Rillaboom|Grassy Glide|p2b: Baxcalibur\n|-resisted|p2b: Baxcalibur\n|-damage|p2b: Baxcalibur|26\/100\n|move|p2b: Baxcalibur|Icicle Spear|p1a: Rillaboom\n|-supereffective|p1a: Rillaboom\n|-damage|p1a: Rillaboom|24\/100\n|-supereffective|p1a: Rillaboom\n|-damage|p1a: Rillaboom|0 fnt\n|faint|p1a: Rillaboom\n|-hitcount|p1: Rillaboom|2\n|move|p1b: Heatran|Earth Power|p2b: Baxcalibur\n|-damage|p2b: Baxcalibur|0 fnt\n|faint|p2b: Baxcalibur\n|\n|win|siimonfernaandez\n|raw|siimonfernaandez's rating: 1117 &rarr; <strong>1141<\/strong><br \/>(+24 for winning)\n|raw|whyismynamejeff's rating: 1102 &rarr; <strong>1078<\/strong><br \/>(-24 for losing)\n|c|\u2606whyismynamejeff|rip\n|l|\u2606siimonfernaandez\n","uploadtime":1700237409,"views":12,"p1id":"siimonfernaandez","p2id":"whyismynamejeff","formatid":"gen9vgc2023regulatione","rating":1078,"private":0,"password":""}