{"id":"gen9vgc2023regulatione-2000330209","p1":"FuniPlagueMan","p2":"ludza","format":"[Gen 9] VGC 2023 Regulation E","log":"|j|\u2606FuniPlagueMan\n|j|\u2606ludza\n|t:|1701185546\n|gametype|doubles\n|player|p1|FuniPlagueMan|roxie|1165\n|player|p2|ludza|265|1122\n|teamsize|p1|6\n|teamsize|p2|6\n|gen|9\n|tier|[Gen 9] VGC 2023 Regulation E\n|rated|\n|rule|Species Clause: Limit one of each Pok\u00e9mon\n|rule|Item Clause: Limit one of each item\n|clearpoke\n|poke|p1|Gothitelle, L50, F|\n|poke|p1|Flutter Mane, L50|\n|poke|p1|Scream Tail, L50|\n|poke|p1|Arcanine-Hisui, L50, M|\n|poke|p1|Amoonguss, L50, M|\n|poke|p1|Palafin, L50, M|\n|poke|p2|Drifblim, L50, F|\n|poke|p2|Indeedee-F, L50, F|\n|poke|p2|Armarouge, L50, M|\n|poke|p2|Kingambit, L50, M|\n|poke|p2|Ogerpon-Wellspring, L50, F|\n|poke|p2|Garchomp, L50, M|\n|teampreview|4\n|inactive|Battle timer is ON: inactive players will automatically lose when time's up. (requested by FuniPlagueMan)\n|inactive|FuniPlagueMan has 60 seconds left.\n|inactive|ludza has 60 seconds left.\n|\n|t:|1701185582\n|start\n|switch|p1a: Gothitelle|Gothitelle, L50, F|100\/100\n|switch|p1b: Scream Tail|Scream Tail, L50|100\/100\n|switch|p2a: Drifblim|Drifblim, L50, F|100\/100\n|switch|p2b: Indeedee|Indeedee-F, L50, F|100\/100\n|-fieldstart|move: Psychic Terrain|[from] ability: Psychic Surge|[of] p2b: Indeedee\n|-enditem|p2a: Drifblim|Psychic Seed\n|-boost|p2a: Drifblim|spd|1|[from] item: Psychic Seed\n|-enditem|p1b: Scream Tail|Booster Energy\n|-activate|p1b: Scream Tail|ability: Protosynthesis|[fromitem]\n|-start|p1b: Scream Tail|protosynthesisspe\n|turn|1\n|inactive|ludza has 30 seconds left.\n|inactive|ludza has 20 seconds left.\n|\n|t:|1701185617\n|move|p2b: Indeedee|Helping Hand|p2a: Drifblim\n|-singleturn|p2a: Drifblim|Helping Hand|[of] p2b: Indeedee\n|move|p1a: Gothitelle|Fake Out|p2b: Indeedee\n|-activate|p2b: Indeedee|move: Psychic Terrain\n|move|p2a: Drifblim|Shadow Ball|p1b: Scream Tail\n|-supereffective|p1b: Scream Tail\n|-damage|p1b: Scream Tail|22\/100\n|move|p1b: Scream Tail|Perish Song|p1b: Scream Tail\n|-start|p1a: Gothitelle|perish3|[silent]\n|-start|p1b: Scream Tail|perish3|[silent]\n|-start|p2a: Drifblim|perish3|[silent]\n|-start|p2b: Indeedee|perish3|[silent]\n|-fieldactivate|move: Perish Song\n|\n|-start|p2a: Drifblim|perish3\n|-start|p1b: Scream Tail|perish3\n|-start|p2b: Indeedee|perish3\n|-start|p1a: Gothitelle|perish3\n|upkeep\n|turn|2\n|inactive|ludza has 30 seconds left.\n|\n|t:|1701185643\n|move|p1b: Scream Tail|Protect|p1b: Scream Tail\n|-singleturn|p1b: Scream Tail|Protect\n|move|p1a: Gothitelle|Protect|p1a: Gothitelle\n|-singleturn|p1a: Gothitelle|Protect\n|move|p2a: Drifblim|Shadow Ball|p1a: Gothitelle\n|-activate|p1a: Gothitelle|move: Protect\n|move|p2b: Indeedee|Psychic|p1b: Scream Tail\n|-activate|p1b: Scream Tail|move: Protect\n|\n|-start|p2a: Drifblim|perish2\n|-start|p1b: Scream Tail|perish2\n|-start|p2b: Indeedee|perish2\n|-start|p1a: Gothitelle|perish2\n|upkeep\n|turn|3\n|\n|t:|1701185664\n|-end|p1b: Scream Tail|Protosynthesis|[silent]\n|switch|p1b: Arcanine|Arcanine-Hisui, L50, M|100\/100\n|-ability|p1b: Arcanine|Intimidate|boost\n|-unboost|p2a: Drifblim|atk|1\n|-unboost|p2b: Indeedee|atk|1\n|move|p2b: Indeedee|Helping Hand|p2a: Drifblim\n|-singleturn|p2a: Drifblim|Helping Hand|[of] p2b: Indeedee\n|move|p2a: Drifblim|Shadow Ball|p1a: Gothitelle\n|-supereffective|p1a: Gothitelle\n|-damage|p1a: Gothitelle|21\/100\n|-enditem|p1a: Gothitelle|Sitrus Berry|[eat]\n|-heal|p1a: Gothitelle|46\/100|[from] item: Sitrus Berry\n|move|p1a: Gothitelle|Heal Pulse|p1b: Arcanine\n|-fail|p1b: Arcanine|heal\n|\n|-start|p2a: Drifblim|perish1\n|-start|p2b: Indeedee|perish1\n|-start|p1a: Gothitelle|perish1\n|upkeep\n|turn|4\n|\n|t:|1701185686\n|switch|p2a: Armarouge|Armarouge, L50, M|100\/100\n|switch|p1a: Amoonguss|Amoonguss, L50, M|100\/100\n|move|p1b: Arcanine|Protect|p1b: Arcanine\n|-singleturn|p1b: Arcanine|Protect\n|move|p2b: Indeedee|Healing Wish|p2b: Indeedee\n|faint|p2b: Indeedee\n|\n|upkeep\n|\n|t:|1701185704\n|switch|p2b: Drifblim|Drifblim, L50, F|100\/100\n|turn|5\n|inactive|FuniPlagueMan has 30 seconds left.\n|inactive|ludza has 30 seconds left.\n|\n|t:|1701185736\n|-terastallize|p1a: Amoonguss|Dark\n|move|p1b: Arcanine|Flare Blitz|p2b: Drifblim\n|-damage|p2b: Drifblim|0 fnt\n|faint|p2b: Drifblim\n|-damage|p1b: Arcanine|59\/100|[from] Recoil\n|move|p2a: Armarouge|Expanding Force|p1a: Amoonguss|[spread] p1b\n|-immune|p1a: Amoonguss\n|-crit|p1b: Arcanine\n|-damage|p1b: Arcanine|0 fnt\n|faint|p1b: Arcanine\n|move|p1a: Amoonguss|Spore|p2a: Armarouge\n|-status|p2a: Armarouge|slp|[from] move: Spore\n|\n|-fieldend|move: Psychic Terrain\n|upkeep\n|inactive|FuniPlagueMan has 30 seconds left.\n|inactive|ludza has 30 seconds left.\n|inactive|FuniPlagueMan has 20 seconds left.\n|\n|t:|1701185772\n|switch|p1b: Scream Tail|Scream Tail, L50|22\/100\n|switch|p2b: Kingambit|Kingambit, L50, M|100\/100\n|turn|6\n|inactive|ludza has 30 seconds left.\n|\n|t:|1701185807\n|-terastallize|p2b: Kingambit|Dark\n|move|p1a: Amoonguss|Rage Powder|p1a: Amoonguss\n|-singleturn|p1a: Amoonguss|move: Rage Powder\n|move|p1b: Scream Tail|Perish Song|p1b: Scream Tail\n|-start|p1a: Amoonguss|perish3|[silent]\n|-start|p1b: Scream Tail|perish3|[silent]\n|-start|p2a: Armarouge|perish3|[silent]\n|-start|p2b: Kingambit|perish3|[silent]\n|-fieldactivate|move: Perish Song\n|cant|p2a: Armarouge|slp\n|move|p2b: Kingambit|Kowtow Cleave|p1a: Amoonguss\n|-resisted|p1a: Amoonguss\n|-damage|p1a: Amoonguss|65\/100\n|\n|-start|p1b: Scream Tail|perish3\n|-start|p2a: Armarouge|perish3\n|-start|p2b: Kingambit|perish3\n|-start|p1a: Amoonguss|perish3\n|upkeep\n|turn|7\n|inactive|FuniPlagueMan has 30 seconds left.\n|inactive|FuniPlagueMan has 20 seconds left.\n|inactive|FuniPlagueMan has 15 seconds left.\n|\n|t:|1701185848\n|move|p1a: Amoonguss|Rage Powder|p1a: Amoonguss\n|-singleturn|p1a: Amoonguss|move: Rage Powder\n|move|p1b: Scream Tail|Disable|p2b: Kingambit\n|-start|p2b: Kingambit|Disable|Kowtow Cleave\n|cant|p2a: Armarouge|slp\n|move|p2b: Kingambit|Iron Head|p1a: Amoonguss\n|-damage|p1a: Amoonguss|16\/100\n|\n|-start|p1b: Scream Tail|perish2\n|-start|p2a: Armarouge|perish2\n|-start|p2b: Kingambit|perish2\n|-start|p1a: Amoonguss|perish2\n|upkeep\n|turn|8\n|\n|t:|1701185865\n|move|p1b: Scream Tail|Protect|p1b: Scream Tail\n|-singleturn|p1b: Scream Tail|Protect\n|move|p1a: Amoonguss|Protect|p1a: Amoonguss\n|-singleturn|p1a: Amoonguss|Protect\n|-curestatus|p2a: Armarouge|slp|[msg]\n|move|p2a: Armarouge|Heat Wave|p1b: Scream Tail|[spread] \n|-activate|p1a: Amoonguss|move: Protect\n|-activate|p1b: Scream Tail|move: Protect\n|move|p2b: Kingambit|Iron Head|p1b: Scream Tail\n|-activate|p1b: Scream Tail|move: Protect\n|\n|-start|p1b: Scream Tail|perish1\n|-start|p2a: Armarouge|perish1\n|-start|p2b: Kingambit|perish1\n|-start|p1a: Amoonguss|perish1\n|upkeep\n|turn|9\n|c|\u2606ludza|cringe\n|-message|ludza forfeited.\n|\n|win|FuniPlagueMan\n|raw|FuniPlagueMan's rating: 1165 &rarr; <strong>1187<\/strong><br \/>(+22 for winning)\n|raw|ludza's rating: 1122 &rarr; <strong>1100<\/strong><br \/>(-22 for losing)\n|l|\u2606ludza\n|c|\u2606FuniPlagueMan|CRINGE!?\n","uploadtime":1701185908,"views":9,"p1id":"funiplagueman","p2id":"ludza","formatid":"gen9vgc2023regulatione","rating":1100,"private":0,"password":""}