{"id":"gen9vgc2023regulatione-1991258687","p1":"Champ.Braeden","p2":"speedyturtle87","format":"[Gen 9] VGC 2023 Regulation E","log":"|j|\u2606Champ.Braeden\n|j|\u2606speedyturtle87\n|t:|1700062010\n|gametype|doubles\n|player|p1|Champ.Braeden|hoopster|1418\n|player|p2|speedyturtle87|carmine|1368\n|teamsize|p1|6\n|teamsize|p2|6\n|gen|9\n|tier|[Gen 9] VGC 2023 Regulation E\n|rated|\n|rule|Species Clause: Limit one of each Pok\u00e9mon\n|rule|Item Clause: Limit one of each item\n|clearpoke\n|poke|p1|Gyarados, L50, M|\n|poke|p1|Sinistcha, L50|\n|poke|p1|Ninetales-Alola, L50, M|\n|poke|p1|Arcanine-Hisui, L50, M|\n|poke|p1|Chimecho, L50, M|\n|poke|p1|Cresselia, L50, F|\n|poke|p2|Delibird, L50, F|\n|poke|p2|Iron Hands, L50|\n|poke|p2|Chien-Pao, L50|\n|poke|p2|Ogerpon-Cornerstone, L50, F|\n|poke|p2|Flutter Mane, L50|\n|poke|p2|Heatran, L50, F|\n|teampreview|4\n|inactive|Battle timer is ON: inactive players will automatically lose when time's up. (requested by speedyturtle87)\n|inactive|speedyturtle87 has 60 seconds left.\n|\n|t:|1700062056\n|start\n|switch|p1a: Chimecho|Chimecho, L50, M|100\/100\n|switch|p1b: Ninetales|Ninetales-Alola, L50, M|100\/100\n|switch|p2a: Delibird|Delibird, L50, F, shiny|100\/100\n|switch|p2b: Flutter Mane|Flutter Mane, L50, shiny|100\/100\n|-weather|Snow|[from] ability: Snow Warning|[of] p1b: Ninetales\n|turn|1\n|\n|t:|1700062079\n|-terastallize|p1a: Chimecho|Electric\n|move|p2a: Delibird|Fake Out|p1a: Chimecho\n|-damage|p1a: Chimecho|90\/100\n|move|p2b: Flutter Mane|Power Gem|p1b: Ninetales\n|-supereffective|p1b: Ninetales\n|-damage|p1b: Ninetales|6\/100\n|move|p1b: Ninetales|Aurora Veil|p1b: Ninetales\n|-sidestart|p1: Champ.Braeden|move: Aurora Veil\n|cant|p1a: Chimecho|flinch\n|\n|-weather|Snow|[upkeep]\n|-heal|p1a: Chimecho|96\/100|[from] item: Leftovers\n|upkeep\n|turn|2\n|\n|t:|1700062099\n|switch|p1b: Arcanine|Arcanine-Hisui, L50, M|100\/100\n|-ability|p1b: Arcanine|Intimidate|boost\n|-unboost|p2a: Delibird|atk|1\n|-unboost|p2b: Flutter Mane|atk|1\n|move|p2b: Flutter Mane|Power Gem|p1a: Chimecho\n|-damage|p1a: Chimecho|76\/100\n|move|p2a: Delibird|Drill Run|p1a: Chimecho\n|-immune|p1a: Chimecho|[from] ability: Levitate\n|move|p1a: Chimecho|Cosmic Power|p1a: Chimecho\n|-boost|p1a: Chimecho|def|1\n|-boost|p1a: Chimecho|spd|1\n|\n|-weather|Snow|[upkeep]\n|-heal|p1a: Chimecho|82\/100|[from] item: Leftovers\n|upkeep\n|turn|3\n|\n|t:|1700062120\n|-end|p2b: Flutter Mane|Protosynthesis|[silent]\n|switch|p2b: Heatran|Heatran, L50, F, shiny|100\/100\n|move|p2a: Delibird|Drill Run|p1b: Arcanine\n|-supereffective|p1b: Arcanine\n|-damage|p1b: Arcanine|71\/100\n|move|p1b: Arcanine|Rock Slide|p2b: Heatran|[spread] p2a,p2b\n|-supereffective|p2a: Delibird\n|-crit|p2b: Heatran\n|-enditem|p2a: Delibird|Focus Sash\n|-damage|p2a: Delibird|1\/100\n|-damage|p2b: Heatran|70\/100\n|move|p1a: Chimecho|Cosmic Power|p1a: Chimecho\n|-boost|p1a: Chimecho|def|1\n|-boost|p1a: Chimecho|spd|1\n|\n|-weather|Snow|[upkeep]\n|-heal|p1a: Chimecho|88\/100|[from] item: Leftovers\n|upkeep\n|turn|4\n|\n|t:|1700062142\n|move|p2a: Delibird|Drill Run|p1b: Arcanine\n|-supereffective|p1b: Arcanine\n|-damage|p1b: Arcanine|45\/100\n|move|p1b: Arcanine|Rock Slide|p2b: Heatran|[spread] p2a,p2b\n|-supereffective|p2a: Delibird\n|-damage|p2a: Delibird|0 fnt\n|-damage|p2b: Heatran|52\/100\n|faint|p2a: Delibird\n|cant|p2b: Heatran|flinch\n|move|p1a: Chimecho|Cosmic Power|p1a: Chimecho\n|-boost|p1a: Chimecho|def|1\n|-boost|p1a: Chimecho|spd|1\n|\n|-weather|Snow|[upkeep]\n|-heal|p1a: Chimecho|94\/100|[from] item: Leftovers\n|upkeep\n|\n|t:|1700062153\n|switch|p2a: Chien-Pao|Chien-Pao, L50|100\/100\n|-ability|p2a: Chien-Pao|Sword of Ruin\n|turn|5\n|\n|t:|1700062165\n|switch|p1b: Ninetales|Ninetales-Alola, L50, M|6\/100\n|move|p2a: Chien-Pao|Lash Out|p1b: Ninetales\n|-resisted|p1b: Ninetales\n|-damage|p1b: Ninetales|0 fnt\n|faint|p1b: Ninetales\n|-damage|p2a: Chien-Pao|91\/100|[from] item: Life Orb\n|move|p2b: Heatran|Heat Wave|p1a: Chimecho\n|-damage|p1a: Chimecho|82\/100\n|-status|p1a: Chimecho|brn\n|move|p1a: Chimecho|Charge Beam|p2a: Chien-Pao\n|-damage|p2a: Chien-Pao|57\/100\n|-boost|p1a: Chimecho|spa|1\n|\n|-weather|none\n|-heal|p1a: Chimecho|88\/100 brn|[from] item: Leftovers\n|-damage|p1a: Chimecho|82\/100 brn|[from] brn\n|upkeep\n|\n|t:|1700062181\n|switch|p1b: Arcanine|Arcanine-Hisui, L50, M|45\/100\n|-ability|p1b: Arcanine|Intimidate|boost\n|-unboost|p2a: Chien-Pao|atk|1\n|-unboost|p2b: Heatran|atk|1\n|turn|6\n|\n|t:|1700062194\n|-terastallize|p2a: Chien-Pao|Ghost\n|move|p2a: Chien-Pao|Lash Out|p1b: Arcanine\n|-damage|p1b: Arcanine|17\/100\n|-damage|p2a: Chien-Pao|48\/100|[from] item: Life Orb\n|move|p1b: Arcanine|Rock Slide|p2b: Heatran|[spread] p2a,p2b\n|-damage|p2a: Chien-Pao|19\/100\n|-damage|p2b: Heatran|27\/100\n|move|p2b: Heatran|Heat Wave|p1b: Arcanine|[spread] \n|-miss|p2b: Heatran|p1a: Chimecho\n|-miss|p2b: Heatran|p1b: Arcanine\n|move|p1a: Chimecho|Charge Beam|p2b: Heatran\n|-damage|p2b: Heatran|9\/100\n|-boost|p1a: Chimecho|spa|1\n|\n|-heal|p1a: Chimecho|88\/100 brn|[from] item: Leftovers\n|-damage|p1a: Chimecho|82\/100 brn|[from] brn\n|upkeep\n|turn|7\n|\n|t:|1700062216\n|move|p1b: Arcanine|Extreme Speed|p2b: Heatran\n|-resisted|p2b: Heatran\n|-damage|p2b: Heatran|0 fnt\n|faint|p2b: Heatran\n|move|p2a: Chien-Pao|Sucker Punch||[still]\n|-fail|p2a: Chien-Pao\n|move|p1a: Chimecho|Charge Beam|p2a: Chien-Pao\n|-damage|p2a: Chien-Pao|0 fnt\n|faint|p2a: Chien-Pao\n|\n|-heal|p1a: Chimecho|88\/100 brn|[from] item: Leftovers\n|-damage|p1a: Chimecho|82\/100 brn|[from] brn\n|upkeep\n|\n|t:|1700062222\n|switch|p2b: Flutter Mane|Flutter Mane, L50, shiny|100\/100\n|turn|8\n|\n|t:|1700062231\n|switch|p1b: Cresselia|Cresselia, L50, F|100\/100\n|move|p2b: Flutter Mane|Dazzling Gleam|p1b: Cresselia|[spread] p1a,p1b\n|-damage|p1a: Chimecho|73\/100 brn\n|-damage|p1b: Cresselia|79\/100\n|move|p1a: Chimecho|Stored Power|p2b: Flutter Mane\n|-damage|p2b: Flutter Mane|0 fnt\n|faint|p2b: Flutter Mane\n|-end|p2b: Flutter Mane|Protosynthesis|[silent]\n|\n|win|Champ.Braeden\n|raw|Champ.Braeden's rating: 1418 &rarr; <strong>1435<\/strong><br \/>(+17 for winning)\n|raw|speedyturtle87's rating: 1368 &rarr; <strong>1351<\/strong><br \/>(-17 for losing)\n|l|\u2606speedyturtle87\n","uploadtime":1700062243,"views":28,"p1id":"champbraeden","p2id":"speedyturtle87","formatid":"gen9vgc2023regulatione","rating":1351,"private":0,"password":""}