{"id":"gen9vgc2023regulatione-1987899798","p1":"That_Leek","p2":"Kaneoji","format":"[Gen 9] VGC 2023 Regulation E","log":"|j|\u2606That_Leek\n|j|\u2606Kaneoji\n|n|\u2606That_Leek|thatleek\n|n|\u2606Kaneoji|kaneoji\n|html|View the match progress at <a href=\"\/game-bestof3-gen9vgc2023regulatione-1987899797\">game-bestof3-gen9vgc2023regulatione-1987899797<\/a>\n|t:|1699647247\n|gametype|doubles\n|player|p1|That_Leek|blue-masters|\n|player|p2|Kaneoji|maid|\n|teamsize|p1|6\n|teamsize|p2|6\n|gen|9\n|tier|[Gen 9] VGC 2023 Regulation E\n|rule|Species Clause: Limit one of each Pok\u00e9mon\n|rule|Item Clause: Limit one of each item\n|clearpoke\n|poke|p1|Gholdengo, L50|\n|poke|p1|Ogerpon-Wellspring, L50, F|\n|poke|p1|Arcanine-Hisui, L50, M|\n|poke|p1|Chien-Pao, L50|\n|poke|p1|Scream Tail, L50|\n|poke|p1|Dragonite, L50, F|\n|poke|p2|Chien-Pao, L50|\n|poke|p2|Landorus-Therian, L50, M|\n|poke|p2|Flutter Mane, L50|\n|poke|p2|Iron Hands, L50|\n|poke|p2|Amoonguss, L50, F|\n|poke|p2|Ogerpon-Wellspring, L50, F|\n|teampreview|4\nKaneoji has agreed to open team sheets.\nThat_Leek has agreed to open team sheets.\n|showteam|p1|Gholdengo||SitrusBerry|GoodasGold|MakeItRain,ShadowBall,NastyPlot,Protect||||||50|,,,,,Water]Ogerpon-Wellspring||WellspringMask|WaterAbsorb|IvyCudgel,SpikyShield,FollowMe,HornLeech|||F|||50|,,,,,Water]Arcanine-Hisui||ChoiceBand|Intimidate|RockSlide,ExtremeSpeed,FlareBlitz,TeraBlast|||M|||50|,,,,,Fairy]Chien-Pao||FocusSash|SwordofRuin|SuckerPunch,IceSpinner,Protect,SacredSword||||||50|,,,,,Ghost]Scream Tail||BoosterEnergy|Protosynthesis|Howl,ThunderWave,Disable,PlayRough||||||50|,,,,,Steel]Dragonite||AssaultVest|InnerFocus|ExtremeSpeed,AerialAce,DragonClaw,StompingTantrum|||F|||50|,,,,,Poison\n|showteam|p2|Chien-Pao||FocusSash|SwordofRuin|IceSpinner,SacredSword,SuckerPunch,Protect||||||50|,,,,,Ghost]Landorus-Therian||ChoiceScarf|Intimidate|RockSlide,StompingTantrum,Uturn,TeraBlast|||M|||50|,,,,,Flying]Flutter Mane||BoosterEnergy|Protosynthesis|ShadowBall,DazzlingGleam,Moonblast,Protect||||||50|,,,,,Fairy]Iron Hands||AssaultVest|QuarkDrive|WildCharge,DrainPunch,HeavySlam,FakeOut||||||50|,,,,,Fire]Amoonguss||SitrusBerry|Regenerator|PollenPuff,Spore,RagePowder,Protect|||F|||50|,,,,,Water]Ogerpon-Wellspring||WellspringMask|WaterAbsorb|IvyCudgel,HornLeech,FollowMe,SpikyShield|||F|||50|,,,,,Water\n|j| Wilfredkin\n|j| Natnat_24\n|j| Draxolotl\n|c| Draxolotl|BRO WHAT WERE YOU COOKING\n|c| Natnat_24|Scream Tail is crazy\n|\n|t:|1699647357\n|start\n|switch|p1a: Scream Tail|Scream Tail, L50|100\/100\n|switch|p1b: Gholdengo|Gholdengo, L50|100\/100\n|switch|p2a: Landorus|Landorus-Therian, L50, M|100\/100\n|switch|p2b: Iron Hands|Iron Hands, L50|100\/100\n|-ability|p2a: Landorus|Intimidate|boost\n|-unboost|p1a: Scream Tail|atk|1\n|-unboost|p1b: Gholdengo|atk|1\n|-enditem|p1a: Scream Tail|Booster Energy\n|-activate|p1a: Scream Tail|ability: Protosynthesis|[fromitem]\n|-start|p1a: Scream Tail|protosynthesisspe\n|turn|1\n|c| Wilfredkin|Dragon claw is also crazy\n|\n|t:|1699647404\n|move|p1b: Gholdengo|Protect|p1b: Gholdengo\n|-singleturn|p1b: Gholdengo|Protect\n|move|p1a: Scream Tail|Howl|p1a: Scream Tail|[spread] p1a\n|-immune|p1b: Gholdengo|[from] ability: Good as Gold\n|-boost|p1a: Scream Tail|atk|1\n|move|p2a: Landorus|U-turn|p1a: Scream Tail\n|-damage|p1a: Scream Tail|82\/100\n|c| Draxolotl|Justin istg if you lose this\n|\n|t:|1699647412\n|switch|p2a: Estarossa|Chien-Pao, L50|100\/100|[from] U-turn\n|-ability|p2a: Estarossa|Sword of Ruin\n|move|p2b: Iron Hands|Heavy Slam|p1a: Scream Tail\n|-supereffective|p1a: Scream Tail\n|-damage|p1a: Scream Tail|0 fnt\n|faint|p1a: Scream Tail\n|-end|p1a: Scream Tail|Protosynthesis|[silent]\n|\n|upkeep\n|c| Natnat_24|cooking\n|\n|t:|1699647419\n|switch|p1a: Arcanine|Arcanine-Hisui, L50, M|100\/100\n|-ability|p1a: Arcanine|Intimidate|boost\n|-unboost|p2a: Estarossa|atk|1\n|-unboost|p2b: Iron Hands|atk|1\n|turn|2\n|c| Wilfredkin|Scream tail down\n|\n|t:|1699647434\n|switch|p2a: Landorus|Landorus-Therian, L50, M|100\/100\n|-ability|p2a: Landorus|Intimidate|boost\n|-unboost|p1a: Arcanine|atk|1\n|-unboost|p1b: Gholdengo|atk|1\n|-terastallize|p1a: Arcanine|Fairy\n|move|p1a: Arcanine|Tera Blast|p2b: Iron Hands|[anim] Tera Blast Fairy\n|-supereffective|p2b: Iron Hands\n|-damage|p2b: Iron Hands|42\/100\n|move|p1b: Gholdengo|Nasty Plot|p1b: Gholdengo\n|-boost|p1b: Gholdengo|spa|2\n|move|p2b: Iron Hands|Wild Charge|p1b: Gholdengo\n|-damage|p1b: Gholdengo|70\/100\n|-damage|p2b: Iron Hands|36\/100|[from] Recoil\n|\n|upkeep\n|turn|3\n|c| Natnat_24|W project and\n|c| Natnat_24|ho\n|c| Natnat_24|wl\n|l| Natnat_24\n|j| Natnat_24\n|\n|t:|1699647465\n|switch|p1a: Chien-Pao|Chien-Pao, L50|100\/100\n|-ability|p1a: Chien-Pao|Sword of Ruin\n|move|p1b: Gholdengo|Protect|p1b: Gholdengo\n|-singleturn|p1b: Gholdengo|Protect\n|move|p2a: Landorus|Stomping Tantrum|p1b: Gholdengo\n|-activate|p1b: Gholdengo|move: Protect\n|move|p2b: Iron Hands|Wild Charge|p1a: Chien-Pao\n|-crit|p1a: Chien-Pao\n|-damage|p1a: Chien-Pao|5\/100\n|-damage|p2b: Iron Hands|21\/100|[from] Recoil\n|\n|upkeep\n|turn|4\n|j| Plopy14\n|\n|t:|1699647490\n|move|p1a: Chien-Pao|Sucker Punch|p2b: Iron Hands\n|-resisted|p2b: Iron Hands\n|-damage|p2b: Iron Hands|4\/100\n|move|p2a: Landorus|Stomping Tantrum|p1b: Gholdengo\n|-supereffective|p1b: Gholdengo\n|-damage|p1b: Gholdengo|0 fnt\n|faint|p1b: Gholdengo\n|move|p2b: Iron Hands|Drain Punch|p1a: Chien-Pao\n|-supereffective|p1a: Chien-Pao\n|-damage|p1a: Chien-Pao|0 fnt\n|-heal|p2b: Iron Hands|6\/100|[from] drain|[of] p1a: Chien-Pao\n|faint|p1a: Chien-Pao\n|\n|upkeep\n|\n|t:|1699647496\n|switch|p1b: Arcanine|Arcanine-Hisui, L50, M, tera:Fairy|100\/100\n|-ability|p1b: Arcanine|Intimidate|boost\n|-unboost|p2a: Landorus|atk|1\n|-unboost|p2b: Iron Hands|atk|1\n|turn|5\n|\n|t:|1699647503\n|-end|p2b: Iron Hands|Quark Drive|[silent]\n|switch|p2b: Estarossa|Chien-Pao, L50|100\/100\n|-ability|p2b: Estarossa|Sword of Ruin\n|move|p2a: Landorus|Stomping Tantrum|p1b: Arcanine\n|-damage|p1b: Arcanine|59\/100\n|move|p1b: Arcanine|Rock Slide|p2a: Landorus|[spread] p2a,p2b\n|-supereffective|p2b: Estarossa\n|-damage|p2a: Landorus|41\/100\n|-enditem|p2b: Estarossa|Focus Sash\n|-damage|p2b: Estarossa|1\/100\n|\n|upkeep\n|turn|6\n|c| Draxolotl|Wasnt the play to double protect plus crash into landi\n|\n|t:|1699647511\n|move|p2a: Landorus|Stomping Tantrum|p1b: Arcanine\n|-damage|p1b: Arcanine|15\/100\n|move|p2b: Estarossa|Ice Spinner|p1b: Arcanine\n|-damage|p1b: Arcanine|0 fnt\n|faint|p1b: Arcanine\n|\n|win|Kaneoji\n|c|&|\/uhtml prompt-thatleek,That_Leek is ready for game 2!\n|c|\u2606Kaneoji|gg\n|c|\u2606That_Leek|gg\n|c|&|\/uhtml prompt-kaneoji,Kaneoji is ready for game 2!\nBoth players are ready! Starting next match!\n","uploadtime":1699647799,"views":19,"p1id":"thatleek","p2id":"kaneoji","formatid":"gen9vgc2023regulatione","rating":0,"private":0,"password":""}