{"id":"gen9vgc2023regulatione-1995814084","p1":"Soulkuro22","p2":"Mr.A1","format":"[Gen 9] VGC 2023 Regulation E","log":"|j|\u2606Soulkuro22\n|j|\u203dMr.A1\n|t:|1700605728\n|gametype|doubles\n|player|p1|Soulkuro22|n|\n|player|p2|Mr.A1|acetrainer-gen4|\n|teamsize|p1|5\n|teamsize|p2|6\n|gen|9\n|tier|[Gen 9] VGC 2023 Regulation E\n|rule|Species Clause: Limit one of each Pok\u00e9mon\n|rule|Item Clause: Limit one of each item\n|clearpoke\n|poke|p1|Roaring Moon, L50|\n|poke|p1|Amoonguss, L50, M|\n|poke|p1|Heatran, L50, M|\n|poke|p1|Torkoal, L50, F|\n|poke|p1|Clefairy, L50, F|\n|poke|p2|Flutter Mane, L50|\n|poke|p2|Tornadus, L50, M|\n|poke|p2|Urshifu-*, L50, M|\n|poke|p2|Arcanine-Hisui, L50, F|\n|poke|p2|Chien-Pao, L50|\n|poke|p2|Rillaboom, L50, F|\n|teampreview|4\n|\n|t:|1700605750\n|start\n|switch|p1a: Torkoal|Torkoal, L50, F|100\/100\n|switch|p1b: Clefairy|Clefairy, L50, F|100\/100\n|switch|p2a: Tornadus|Tornadus, L50, M|100\/100\n|switch|p2b: Chien-Pao|Chien-Pao, L50|100\/100\n|-ability|p2b: Chien-Pao|Sword of Ruin\n|-weather|SunnyDay|[from] ability: Drought|[of] p1a: Torkoal\n|turn|1\n|\n|t:|1700605776\n|switch|p2b: Urshifu|Urshifu-Rapid-Strike, L50, M|100\/100\n|move|p2a: Tornadus|Taunt|p1b: Clefairy\n|-start|p1b: Clefairy|move: Taunt\n|cant|p1b: Clefairy|move: Taunt|Calm Mind\n|move|p1a: Torkoal|Stealth Rock|p2b: Urshifu\n|-sidestart|p2: Mr.A1|move: Stealth Rock\n|\n|-weather|SunnyDay|[upkeep]\n|upkeep\n|turn|2\n|\n|t:|1700605797\n|switch|p1a: Amoonguss|Amoonguss, L50, M|100\/100\n|-terastallize|p2b: Urshifu|Water\n|move|p2a: Tornadus|Rain Dance|p2a: Tornadus\n|-weather|RainDance\n|move|p2b: Urshifu|Surging Strikes|p1a: Amoonguss\n|-resisted|p1a: Amoonguss\n|-crit|p1a: Amoonguss\n|-damage|p1a: Amoonguss|84\/100\n|-resisted|p1a: Amoonguss\n|-crit|p1a: Amoonguss\n|-damage|p1a: Amoonguss|67\/100\n|-resisted|p1a: Amoonguss\n|-crit|p1a: Amoonguss\n|-damage|p1a: Amoonguss|50\/100\n|-hitcount|p1a: Amoonguss|3\n|move|p1b: Clefairy|Dazzling Gleam|p2a: Tornadus|[spread] p2a,p2b\n|-damage|p2a: Tornadus|84\/100\n|-damage|p2b: Urshifu|84\/100\n|\n|-weather|RainDance|[upkeep]\n|-heal|p1a: Amoonguss|56\/100|[from] item: Black Sludge\n|upkeep\n|turn|3\n|\n|t:|1700605822\n|move|p2a: Tornadus|Bleakwind Storm|p1b: Clefairy|[spread] p1a,p1b\n|-supereffective|p1a: Amoonguss\n|-damage|p1a: Amoonguss|15\/100\n|-damage|p1b: Clefairy|76\/100\n|move|p2b: Urshifu|Surging Strikes|p1a: Amoonguss\n|-resisted|p1a: Amoonguss\n|-crit|p1a: Amoonguss\n|-damage|p1a: Amoonguss|0 fnt\n|faint|p1a: Amoonguss\n|-hitcount|p1: Amoonguss|1\n|move|p1b: Clefairy|Dazzling Gleam|p2a: Tornadus|[spread] p2a,p2b\n|-damage|p2a: Tornadus|68\/100\n|-damage|p2b: Urshifu|68\/100\n|\n|-weather|RainDance|[upkeep]\n|-end|p1b: Clefairy|move: Taunt\n|upkeep\n|\n|t:|1700605838\n|switch|p1a: Torkoal|Torkoal, L50, F|100\/100\n|-weather|SunnyDay|[from] ability: Drought|[of] p1a: Torkoal\n|turn|4\n|\n|t:|1700605853\n|switch|p1b: Heatran|Heatran, L50, M|100\/100\n|move|p2a: Tornadus|Rain Dance|p2a: Tornadus\n|-weather|RainDance\n|move|p2b: Urshifu|Surging Strikes|p1b: Heatran\n|-supereffective|p1b: Heatran\n|-crit|p1b: Heatran\n|-damage|p1b: Heatran|0 fnt\n|faint|p1b: Heatran\n|-hitcount|p1: Heatran|1\n|move|p1a: Torkoal|Heat Wave|p2b: Urshifu|[spread] p2a,p2b\n|-resisted|p2b: Urshifu\n|-damage|p2a: Tornadus|55\/100\n|-damage|p2b: Urshifu|62\/100\n|\n|-weather|RainDance|[upkeep]\n|upkeep\n|\n|t:|1700605868\n|switch|p1b: Clefairy|Clefairy, L50, F|76\/100\n|turn|5\n|\n|t:|1700605883\n|move|p2a: Tornadus|Bleakwind Storm|p1b: Clefairy|[spread] p1a,p1b\n|-damage|p1a: Torkoal|78\/100\n|-damage|p1b: Clefairy|46\/100\n|-unboost|p1b: Clefairy|spe|1\n|move|p2b: Urshifu|Surging Strikes|p1a: Torkoal\n|-supereffective|p1a: Torkoal\n|-crit|p1a: Torkoal\n|-damage|p1a: Torkoal|24\/100\n|-supereffective|p1a: Torkoal\n|-crit|p1a: Torkoal\n|-damage|p1a: Torkoal|0 fnt\n|faint|p1a: Torkoal\n|-hitcount|p1: Torkoal|2\n|move|p1b: Clefairy|Reflect|p1b: Clefairy\n|-sidestart|p1: Soulkuro22|Reflect\n|\n|-weather|RainDance|[upkeep]\n|upkeep\n|turn|6\n|\n|t:|1700605902\n|move|p2a: Tornadus|Bleakwind Storm|p1b: Clefairy\n|-damage|p1b: Clefairy|10\/100\n|move|p2b: Urshifu|Surging Strikes|p1b: Clefairy\n|-crit|p1b: Clefairy\n|-damage|p1b: Clefairy|0 fnt\n|faint|p1b: Clefairy\n|-hitcount|p1: Clefairy|1\n|\n|win|Mr.A1\n","uploadtime":1700605915,"views":19,"p1id":"soulkuro22","p2id":"mra1","formatid":"gen9vgc2023regulatione","rating":0,"private":0,"password":""}