{"id":"gen9vgc2023regulatione-1995604044","p1":"Raruto111","p2":"secretstudent","format":"[Gen 9] VGC 2023 Regulation E","log":"|j|\u2606Raruto111\n|j|\u2606secretstudent\n|t:|1700586735\n|gametype|doubles\n|player|p1|Raruto111|265|1194\n|player|p2|secretstudent|beauty|1110\n|teamsize|p1|6\n|teamsize|p2|6\n|gen|9\n|tier|[Gen 9] VGC 2023 Regulation E\n|rated|\n|rule|Species Clause: Limit one of each Pok\u00e9mon\n|rule|Item Clause: Limit one of each item\n|clearpoke\n|poke|p1|Ogerpon, L50, F|\n|poke|p1|Arcanine-Hisui, L50, F|\n|poke|p1|Roaring Moon, L50|\n|poke|p1|Gholdengo, L50|\n|poke|p1|Thundurus-Therian, L50, M|\n|poke|p1|Urshifu-*, L50, M|\n|poke|p2|Chien-Pao, L50|\n|poke|p2|Amoonguss, L50, M|\n|poke|p2|Hatterene, L50, F|\n|poke|p2|Gyarados, L50, F|\n|poke|p2|Volcarona, L50, M|\n|poke|p2|Ogerpon, L50, F|\n|teampreview|4\n|inactive|Battle timer is ON: inactive players will automatically lose when time's up. (requested by Raruto111)\nRaruto111 has agreed to open team sheets.\nsecretstudent has agreed to open team sheets.\n|inactive|secretstudent has 30 seconds left.\n|inactive|secretstudent has 20 seconds left.\n|inactive|secretstudent has 15 seconds left.\n|inactive|secretstudent has 10 seconds left.\n|inactive|secretstudent has 5 seconds left.\n|\n|t:|1700586798\n|start\n|switch|p1a: Roaring Moon|Roaring Moon, L50|100\/100\n|switch|p1b: Thundurus|Thundurus-Therian, L50, M|100\/100\n|switch|p2a: Gyarados|Gyarados, L50, F|100\/100\n|switch|p2b: Hatterene|Hatterene, L50, F|100\/100\n|-ability|p2a: Gyarados|Intimidate|boost\n|-unboost|p1a: Roaring Moon|atk|1\n|-unboost|p1b: Thundurus|atk|1\n|-enditem|p1a: Roaring Moon|Booster Energy\n|-activate|p1a: Roaring Moon|ability: Protosynthesis|[fromitem]\n|-start|p1a: Roaring Moon|protosynthesisspe\n|turn|1\n|\n|t:|1700586822\n|switch|p2a: Amoonguss|Amoonguss, L50, M|100\/100\n|move|p1a: Roaring Moon|Knock Off|p2b: Hatterene\n|-crit|p2b: Hatterene\n|-damage|p2b: Hatterene|16\/100\n|-enditem|p2b: Hatterene|Covert Cloak|[from] move: Knock Off|[of] p1a: Roaring Moon\n|move|p1b: Thundurus|Wildbolt Storm|p2a: Amoonguss|[spread] p2b\n|-miss|p1b: Thundurus|p2a: Amoonguss\n|-damage|p2b: Hatterene|0 fnt\n|faint|p2b: Hatterene\n|\n|upkeep\n|\n|t:|1700586837\n|switch|p2b: Chien-Pao|Chien-Pao, L50|100\/100\n|-ability|p2b: Chien-Pao|Sword of Ruin\n|turn|2\n|\n|t:|1700586845\n|switch|p2b: Gyarados|Gyarados, L50, F|100\/100\n|-ability|p2b: Gyarados|Intimidate|boost\n|-unboost|p1a: Roaring Moon|atk|1\n|-unboost|p1b: Thundurus|atk|1\n|move|p1a: Roaring Moon|Breaking Swipe|p2b: Gyarados|[spread] p2a,p2b\n|-damage|p2a: Amoonguss|90\/100\n|-damage|p2b: Gyarados|85\/100\n|-unboost|p2a: Amoonguss|atk|1\n|-unboost|p2b: Gyarados|atk|1\n|move|p1b: Thundurus|Wildbolt Storm|p2b: Gyarados|[spread] p2a\n|-miss|p1b: Thundurus|p2b: Gyarados\n|-resisted|p2a: Amoonguss\n|-damage|p2a: Amoonguss|72\/100\n|move|p2a: Amoonguss|Spore|p1b: Thundurus\n|-status|p1b: Thundurus|slp|[from] move: Spore\n|\n|upkeep\n|turn|3\n|\n|t:|1700586864\n|move|p1a: Roaring Moon|Breaking Swipe|p2b: Gyarados|[spread] p2a,p2b\n|-damage|p2a: Amoonguss|62\/100\n|-damage|p2b: Gyarados|70\/100\n|-unboost|p2a: Amoonguss|atk|1\n|-unboost|p2b: Gyarados|atk|1\n|cant|p1b: Thundurus|slp\n|move|p2b: Gyarados|Waterfall|p1b: Thundurus\n|-damage|p1b: Thundurus|69\/100 slp\n|move|p2a: Amoonguss|Spore|p1a: Roaring Moon\n|-status|p1a: Roaring Moon|slp|[from] move: Spore\n|\n|upkeep\n|turn|4\n|\n|t:|1700586886\n|switch|p2a: Chien-Pao|Chien-Pao, L50|100\/100\n|-ability|p2a: Chien-Pao|Sword of Ruin\n|cant|p1a: Roaring Moon|slp\n|-curestatus|p1b: Thundurus|slp|[msg]\n|move|p1b: Thundurus|Wildbolt Storm|p2a: Chien-Pao|[spread] p2b\n|-miss|p1b: Thundurus|p2a: Chien-Pao\n|-supereffective|p2b: Gyarados\n|-damage|p2b: Gyarados|0 fnt\n|faint|p2b: Gyarados\n|\n|upkeep\n|\n|t:|1700586896\n|switch|p2b: Amoonguss|Amoonguss, L50, M|95\/100\n|turn|5\n|\n|t:|1700586909\n|move|p2b: Amoonguss|Protect|p2b: Amoonguss\n|-singleturn|p2b: Amoonguss|Protect\n|move|p2a: Chien-Pao|Sucker Punch|p1b: Thundurus\n|-damage|p1b: Thundurus|0 fnt\n|faint|p1b: Thundurus\n|cant|p1a: Roaring Moon|slp\n|\n|upkeep\n|\n|t:|1700586917\n|switch|p1b: Ogerpon|Ogerpon, L50, F|100\/100\n|turn|6\n|\n|t:|1700586941\n|move|p2b: Amoonguss|Rage Powder|p2b: Amoonguss\n|-singleturn|p2b: Amoonguss|move: Rage Powder\n|-curestatus|p1a: Roaring Moon|slp|[msg]\n|move|p1a: Roaring Moon|Breaking Swipe|p2b: Amoonguss|[spread] p2a,p2b\n|-damage|p2a: Chien-Pao|84\/100\n|-damage|p2b: Amoonguss|83\/100\n|-unboost|p2a: Chien-Pao|atk|1\n|-unboost|p2b: Amoonguss|atk|1\n|move|p2a: Chien-Pao|Icicle Crash|p1b: Ogerpon\n|-supereffective|p1b: Ogerpon\n|-damage|p1b: Ogerpon|0 fnt\n|faint|p1b: Ogerpon\n|\n|upkeep\n|\n|t:|1700586951\n|switch|p1b: Gholdengo|Gholdengo, L50|100\/100\n|turn|7\n|\n|t:|1700586976\n|move|p2a: Chien-Pao|Sucker Punch|p1b: Gholdengo\n|-supereffective|p1b: Gholdengo\n|-damage|p1b: Gholdengo|19\/100\n|move|p1a: Roaring Moon|Tailwind|p1a: Roaring Moon\n|-sidestart|p1: Raruto111|move: Tailwind\n|move|p1b: Gholdengo|Make It Rain|p2a: Chien-Pao|[spread] p2a,p2b\n|-supereffective|p2a: Chien-Pao\n|-crit|p2b: Amoonguss\n|-damage|p2a: Chien-Pao|0 fnt\n|-damage|p2b: Amoonguss|0 fnt\n|-unboost|p1b: Gholdengo|spa|1\n|faint|p2a: Chien-Pao\n|faint|p2b: Amoonguss\n|-damage|p1b: Gholdengo|9\/100|[from] item: Life Orb\n|\n|win|Raruto111\n|raw|Raruto111's rating: 1194 &rarr; <strong>1213<\/strong><br \/>(+19 for winning)\n|raw|secretstudent's rating: 1110 &rarr; <strong>1091<\/strong><br \/>(-19 for losing)\n|l|\u2606Raruto111\n","uploadtime":1700586986,"views":0,"p1id":"raruto111","p2id":"secretstudent","formatid":"gen9vgc2023regulatione","rating":1091,"private":0,"password":""}