{"id":"gen9vgc2023regulatione-1992052091","p1":"bigbfps","p2":"Square K","format":"[Gen 9] VGC 2023 Regulation E","log":"|j|\u2606bigbfps\n|j|\u2606Square K\n|t:|1700151057\n|gametype|doubles\n|player|p1|bigbfps|1|1046\n|player|p2|Square K|chuck|1033\n|teamsize|p1|6\n|teamsize|p2|6\n|gen|9\n|tier|[Gen 9] VGC 2023 Regulation E\n|rated|\n|rule|Species Clause: Limit one of each Pok\u00e9mon\n|rule|Item Clause: Limit one of each item\n|clearpoke\n|poke|p1|Charizard, L50, M|\n|poke|p1|Torkoal, L50, F|\n|poke|p1|Urshifu-*, L50, M|\n|poke|p1|Ogerpon-Wellspring, L50, F|\n|poke|p1|Ursaluna, L50, F|\n|poke|p1|Farigiraf, L50, M|\n|poke|p2|Ursaluna-Bloodmoon, L50, M|\n|poke|p2|Dusclops, L50, M|\n|poke|p2|Enamorus-Therian, L50, F|\n|poke|p2|Oranguru, L50, F|\n|poke|p2|Amoonguss, L50, F|\n|poke|p2|Dragonite, L50, F|\n|teampreview|4\n|inactive|Battle timer is ON: inactive players will automatically lose when time's up. (requested by bigbfps)\n|\n|t:|1700151074\n|start\n|switch|p1a: Farigiraf|Farigiraf, L50, M, shiny|100\/100\n|switch|p1b: Urshifu|Urshifu, L50, M|100\/100\n|switch|p2a: \u5e9e\u7edf|Dusclops, L50, M|100\/100\n|switch|p2b: \u5f20\u7ffc\u5fb7|Ursaluna-Bloodmoon, L50, M|100\/100\n|-item|p1a: Farigiraf|Sitrus Berry|[from] ability: Frisk|[of] p2a: \u5e9e\u7edf|[identify]\n|-item|p1b: Urshifu|Focus Sash|[from] ability: Frisk|[of] p2a: \u5e9e\u7edf|[identify]\n|turn|1\n|\n|t:|1700151091\n|-terastallize|p2a: \u5e9e\u7edf|Fairy\n|move|p1b: Urshifu|Swords Dance|p1b: Urshifu\n|-boost|p1b: Urshifu|atk|2\n|move|p1a: Farigiraf|Imprison|p1a: Farigiraf\n|-start|p1a: Farigiraf|move: Imprison\n|move|p2b: \u5f20\u7ffc\u5fb7|Hyper Voice|p1b: Urshifu|[spread] p1a,p1b\n|-damage|p1a: Farigiraf|62\/100\n|-damage|p1b: Urshifu|46\/100\n|-enditem|p2b: \u5f20\u7ffc\u5fb7|Throat Spray\n|-boost|p2b: \u5f20\u7ffc\u5fb7|spa|1|[from] item: Throat Spray\n|move|p2a: \u5e9e\u7edf|Will-O-Wisp|p1b: Urshifu\n|-status|p1b: Urshifu|brn\n|\n|-damage|p1b: Urshifu|40\/100 brn|[from] brn\n|upkeep\n|turn|2\n|inactive|bigbfps has 30 seconds left.\n|inactive|Square K has 30 seconds left.\n|inactive|bigbfps has 20 seconds left.\n|inactive|bigbfps has 15 seconds left.\n|inactive|bigbfps has 10 seconds left.\n|\n|t:|1700151140\n|move|p2a: \u5e9e\u7edf|Helping Hand|p2b: \u5f20\u7ffc\u5fb7\n|-singleturn|p2b: \u5f20\u7ffc\u5fb7|Helping Hand|[of] p2a: \u5e9e\u7edf\n|move|p1b: Urshifu|Wicked Blow|p2b: \u5f20\u7ffc\u5fb7\n|-crit|p2b: \u5f20\u7ffc\u5fb7\n|-damage|p2b: \u5f20\u7ffc\u5fb7|59\/100\n|move|p1a: Farigiraf|Psychic|p2b: \u5f20\u7ffc\u5fb7\n|-damage|p2b: \u5f20\u7ffc\u5fb7|20\/100\n|move|p2b: \u5f20\u7ffc\u5fb7|Hyper Voice|p1b: Urshifu|[spread] p1a,p1b\n|-damage|p1a: Farigiraf|0 fnt\n|-damage|p1b: Urshifu|0 fnt\n|faint|p1a: Farigiraf\n|faint|p1b: Urshifu\n|\n|upkeep\n|\n|t:|1700151149\n|switch|p1b: Torkoal|Torkoal, L50, F, shiny|100\/100\n|switch|p1a: Ogerpon|Ogerpon-Wellspring, L50, F|100\/100\n|-weather|SunnyDay|[from] ability: Drought|[of] p1b: Torkoal\n|turn|3\n|inactive|Square K has 30 seconds left.\n|\n|t:|1700151179\n|move|p2b: \u5f20\u7ffc\u5fb7|Vacuum Wave|p1b: Torkoal\n|-damage|p1b: Torkoal|70\/100\n|move|p1a: Ogerpon|Horn Leech|p2b: \u5f20\u7ffc\u5fb7\n|-supereffective|p2b: \u5f20\u7ffc\u5fb7\n|-damage|p2b: \u5f20\u7ffc\u5fb7|0 fnt\n|faint|p2b: \u5f20\u7ffc\u5fb7\n|move|p2a: \u5e9e\u7edf|Will-O-Wisp|p1a: Ogerpon\n|-status|p1a: Ogerpon|brn\n|move|p1b: Torkoal|Eruption|p2a: \u5e9e\u7edf\n|-damage|p2a: \u5e9e\u7edf|68\/100\n|\n|-weather|SunnyDay|[upkeep]\n|-damage|p1a: Ogerpon|95\/100 brn|[from] brn\n|upkeep\n|\n|t:|1700151189\n|switch|p2b: \u5173\u4e91\u957f|Enamorus-Therian, L50, F|100\/100\n|turn|4\n|\n|t:|1700151207\n|move|p1a: Ogerpon|Horn Leech|p2a: \u5e9e\u7edf\n|-damage|p2a: \u5e9e\u7edf|54\/100\n|-heal|p1a: Ogerpon|99\/100 brn|[from] drain|[of] p2a: \u5e9e\u7edf\n|move|p2b: \u5173\u4e91\u957f|Psychic|p1b: Torkoal\n|-damage|p1b: Torkoal|13\/100\n|-damage|p2b: \u5173\u4e91\u957f|91\/100|[from] item: Life Orb\n|move|p2a: \u5e9e\u7edf|Pain Split|p1a: Ogerpon\n|-sethp|p1a: Ogerpon|71\/100 brn|[from] move: Pain Split|[silent]\n|-sethp|p2a: \u5e9e\u7edf|90\/100|[from] move: Pain Split\n|move|p1b: Torkoal|Flamethrower|p2a: \u5e9e\u7edf\n|-damage|p2a: \u5e9e\u7edf|63\/100\n|\n|-weather|SunnyDay|[upkeep]\n|-damage|p1a: Ogerpon|65\/100 brn|[from] brn\n|upkeep\n|turn|5\n|\n|t:|1700151231\n|-terastallize|p1a: Ogerpon|Water\n|detailschange|p1a: Ogerpon|Ogerpon-Wellspring-Tera, L50, F, tera:Water\n|-ability|p1a: Ogerpon|Embody Aspect (Wellspring)|boost\n|-boost|p1a: Ogerpon|spd|1\n|move|p1b: Torkoal|Protect|p1b: Torkoal\n|-singleturn|p1b: Torkoal|Protect\n|move|p1a: Ogerpon|Ivy Cudgel|p2b: \u5173\u4e91\u957f|[anim] Ivy Cudgel Water\n|-damage|p2b: \u5173\u4e91\u957f|75\/100\n|move|p2b: \u5173\u4e91\u957f|Dazzling Gleam|p1b: Torkoal|[spread] p1a\n|-activate|p1b: Torkoal|move: Protect\n|-damage|p1a: Ogerpon|38\/100 brn\n|-damage|p2b: \u5173\u4e91\u957f|65\/100|[from] item: Life Orb\n|move|p2a: \u5e9e\u7edf|Pain Split|p1a: Ogerpon\n|-sethp|p1a: Ogerpon|44\/100 brn|[from] move: Pain Split|[silent]\n|-sethp|p2a: \u5e9e\u7edf|56\/100|[from] move: Pain Split\n|\n|-weather|SunnyDay|[upkeep]\n|-damage|p1a: Ogerpon|38\/100 brn|[from] brn\n|upkeep\n|turn|6\n|-message|bigbfps forfeited.\n|\n|win|Square K\n|raw|bigbfps's rating: 1046 &rarr; <strong>1028<\/strong><br \/>(-18 for losing)\n|raw|Square K's rating: 1033 &rarr; <strong>1069<\/strong><br \/>(+36 for winning)\n|l|\u2606bigbfps\n","uploadtime":1700151246,"views":8,"p1id":"bigbfps","p2id":"squarek","formatid":"gen9vgc2023regulatione","rating":1028,"private":0,"password":""}