{"id":"gen9vgc2023regulatione-1992156571","p1":"mad skwovet","p2":"wuivy","format":"[Gen 9] VGC 2023 Regulation E","log":"|j|\u2606mad skwovet\n|j|\u2606wuivy\n|t:|1700159716\n|gametype|doubles\n|player|p1|mad skwovet|pokemaniac|1494\n|player|p2|wuivy|gardenia|1684\n|teamsize|p1|6\n|teamsize|p2|6\n|gen|9\n|tier|[Gen 9] VGC 2023 Regulation E\n|rated|\n|rule|Species Clause: Limit one of each Pok\u00e9mon\n|rule|Item Clause: Limit one of each item\n|clearpoke\n|poke|p1|Gyarados, L50, F|\n|poke|p1|Cinderace, L50, M|\n|poke|p1|Rillaboom, L50, M|\n|poke|p1|Flutter Mane, L50|\n|poke|p1|Scizor, L50, M|\n|poke|p1|Urshifu-*, L50, F|\n|poke|p2|Ogerpon, L50, F|\n|poke|p2|Indeedee-F, L50, F|\n|poke|p2|Tornadus, L50, M|\n|poke|p2|Urshifu-*, L50, F|\n|poke|p2|Amoonguss, L50, F|\n|poke|p2|Heatran, L50, F|\n|teampreview|4\n|inactive|Battle timer is ON: inactive players will automatically lose when time's up. (requested by wuivy)\nwuivy has agreed to open team sheets.\nmad skwovet has agreed to open team sheets.\n|inactive|mad skwovet has 30 seconds left.\n|inactive|wuivy has 30 seconds left.\n|inactive|mad skwovet has 20 seconds left.\n|inactive|wuivy has 20 seconds left.\n|inactive|wuivy has 15 seconds left.\n|\n|t:|1700159766\n|start\n|switch|p1a: Flutter Mane|Flutter Mane, L50|100\/100\n|switch|p1b: Cinderace|Cinderace, L50, M|100\/100\n|switch|p2a: Indeedee|Indeedee-F, L50, F|100\/100\n|switch|p2b: Ogerpon|Ogerpon, L50, F|100\/100\n|-fieldstart|move: Psychic Terrain|[from] ability: Psychic Surge|[of] p2a: Indeedee\n|-enditem|p2a: Indeedee|Psychic Seed\n|-boost|p2a: Indeedee|spd|1|[from] item: Psychic Seed\n|-enditem|p1a: Flutter Mane|Booster Energy\n|-activate|p1a: Flutter Mane|ability: Protosynthesis|[fromitem]\n|-start|p1a: Flutter Mane|protosynthesisspe\n|turn|1\n|inactive|mad skwovet has 30 seconds left.\n|inactive|mad skwovet has 20 seconds left.\n|\n|t:|1700159802\n|-end|p1a: Flutter Mane|Protosynthesis|[silent]\n|switch|p1a: Rillaboom|Rillaboom, L50, M|100\/100\n|-fieldstart|move: Grassy Terrain|[from] ability: Grassy Surge|[of] p1a: Rillaboom\n|switch|p2b: Heatran|Heatran, L50, F|100\/100\n|move|p1b: Cinderace|Protect|p1b: Cinderace\n|-singleturn|p1b: Cinderace|Protect\n|move|p2a: Indeedee|Trick Room|p2a: Indeedee\n|-fieldstart|move: Trick Room|[of] p2a: Indeedee\n|\n|upkeep\n|turn|2\n|\n|t:|1700159824\n|-terastallize|p1a: Rillaboom|Fire\n|move|p2b: Heatran|Protect|p2b: Heatran\n|-singleturn|p2b: Heatran|Protect\n|move|p2a: Indeedee|Psyshock|p1b: Cinderace\n|-damage|p1b: Cinderace|64\/100\n|move|p1a: Rillaboom|High Horsepower|p2b: Heatran\n|-activate|p2b: Heatran|move: Protect\n|move|p1b: Cinderace|Pyro Ball|p2a: Indeedee\n|-damage|p2a: Indeedee|51\/100\n|\n|-heal|p2a: Indeedee|57\/100|[from] Grassy Terrain\n|-heal|p1b: Cinderace|70\/100|[from] Grassy Terrain\n|upkeep\n|turn|3\n|\n|t:|1700159848\n|move|p1b: Cinderace|Protect|p1b: Cinderace\n|-singleturn|p1b: Cinderace|Protect\n|move|p2a: Indeedee|Follow Me|p2a: Indeedee\n|-singleturn|p2a: Indeedee|move: Follow Me\n|move|p2b: Heatran|Earth Power|p1a: Rillaboom\n|-supereffective|p1a: Rillaboom\n|-damage|p1a: Rillaboom|40\/100\n|-unboost|p1a: Rillaboom|spd|1\n|-damage|p2b: Heatran|91\/100|[from] item: Life Orb\n|move|p1a: Rillaboom|U-turn|p2a: Indeedee\n|-supereffective|p2a: Indeedee\n|-damage|p2a: Indeedee|12\/100\n|\n|t:|1700159865\n|switch|p1a: Urshifu|Urshifu, L50, F|100\/100|[from] U-turn\n|\n|-heal|p2b: Heatran|97\/100|[from] Grassy Terrain\n|-heal|p2a: Indeedee|18\/100|[from] Grassy Terrain\n|-heal|p1b: Cinderace|76\/100|[from] Grassy Terrain\n|upkeep\n|turn|4\n|\n|t:|1700159885\n|switch|p2a: Amoonguss|Amoonguss, L50, F|100\/100\n|switch|p1b: Flutter Mane|Flutter Mane, L50|100\/100\n|-terastallize|p2b: Heatran|Fairy\n|move|p2b: Heatran|Earth Power|p1b: Flutter Mane\n|-damage|p1b: Flutter Mane|53\/100\n|-unboost|p1b: Flutter Mane|spd|1\n|-damage|p2b: Heatran|88\/100|[from] item: Life Orb\n|move|p1a: Urshifu|Wicked Blow|p2b: Heatran\n|-resisted|p2b: Heatran\n|-crit|p2b: Heatran\n|-damage|p2b: Heatran|64\/100\n|\n|-heal|p2b: Heatran|70\/100|[from] Grassy Terrain\n|-heal|p1b: Flutter Mane|59\/100|[from] Grassy Terrain\n|upkeep\n|turn|5\n|\n|t:|1700159909\n|move|p1a: Urshifu|Detect|p1a: Urshifu\n|-singleturn|p1a: Urshifu|Protect\n|move|p1b: Flutter Mane|Protect|p1b: Flutter Mane\n|-singleturn|p1b: Flutter Mane|Protect\n|move|p2a: Amoonguss|Rage Powder|p2a: Amoonguss\n|-singleturn|p2a: Amoonguss|move: Rage Powder\n|move|p2b: Heatran|Heat Wave|p1a: Urshifu|[spread] \n|-activate|p1a: Urshifu|move: Protect\n|-activate|p1b: Flutter Mane|move: Protect\n|\n|-heal|p2b: Heatran|76\/100|[from] Grassy Terrain\n|-heal|p1b: Flutter Mane|65\/100|[from] Grassy Terrain\n|-fieldend|move: Trick Room\n|-fieldend|move: Grassy Terrain\n|upkeep\n|turn|6\n|\n|t:|1700159935\n|move|p2a: Amoonguss|Rage Powder|p2a: Amoonguss\n|-singleturn|p2a: Amoonguss|move: Rage Powder\n|move|p1b: Flutter Mane|Shadow Ball|p2a: Amoonguss\n|-damage|p2a: Amoonguss|69\/100\n|move|p1a: Urshifu|Wicked Blow|p2a: Amoonguss\n|-crit|p2a: Amoonguss\n|-damage|p2a: Amoonguss|15\/100\n|-damage|p1a: Urshifu|84\/100|[from] item: Rocky Helmet|[of] p2a: Amoonguss\n|move|p2b: Heatran|Heat Wave|p1b: Flutter Mane|[spread] p1a,p1b\n|-damage|p1a: Urshifu|1\/100\n|-damage|p1b: Flutter Mane|0 fnt\n|faint|p1b: Flutter Mane\n|-end|p1b: Flutter Mane|Protosynthesis|[silent]\n|-damage|p2b: Heatran|66\/100|[from] item: Life Orb\n|\n|upkeep\n|\n|t:|1700159948\n|switch|p1b: Cinderace|Cinderace, L50, M|76\/100\n|turn|7\n|inactive|mad skwovet has 30 seconds left.\n|\n|t:|1700159975\n|move|p1a: Urshifu|Detect|p1a: Urshifu\n|-singleturn|p1a: Urshifu|Protect\n|move|p1b: Cinderace|Pyro Ball|p2a: Amoonguss\n|-supereffective|p2a: Amoonguss\n|-damage|p2a: Amoonguss|0 fnt\n|faint|p2a: Amoonguss\n|move|p2b: Heatran|Heat Wave|p1a: Urshifu|[spread] p1b\n|-activate|p1a: Urshifu|move: Protect\n|-resisted|p1b: Cinderace\n|-damage|p1b: Cinderace|41\/100\n|-damage|p2b: Heatran|57\/100|[from] item: Life Orb\n|\n|upkeep\n|\n|t:|1700159979\n|switch|p2a: Indeedee|Indeedee-F, L50, F|18\/100\n|-fieldstart|move: Psychic Terrain|[from] ability: Psychic Surge|[of] p2a: Indeedee\n|turn|8\n|\n|t:|1700160002\n|move|p1b: Cinderace|Protect|p1b: Cinderace\n|-singleturn|p1b: Cinderace|Protect\n|move|p2a: Indeedee|Follow Me|p2a: Indeedee\n|-singleturn|p2a: Indeedee|move: Follow Me\n|move|p1a: Urshifu|Wicked Blow|p2a: Indeedee\n|-supereffective|p2a: Indeedee\n|-crit|p2a: Indeedee\n|-damage|p2a: Indeedee|0 fnt\n|faint|p2a: Indeedee\n|move|p2b: Heatran|Heat Wave|p1a: Urshifu|[spread] p1a\n|-activate|p1b: Cinderace|move: Protect\n|-damage|p1a: Urshifu|0 fnt\n|faint|p1a: Urshifu\n|-damage|p2b: Heatran|47\/100|[from] item: Life Orb\n|\n|upkeep\n|\n|t:|1700160010\n|switch|p1a: Rillaboom|Rillaboom, L50, M, tera:Fire|40\/100\n|switch|p2a: Ogerpon|Ogerpon, L50, F|100\/100\n|-fieldstart|move: Grassy Terrain|[from] ability: Grassy Surge|[of] p1a: Rillaboom\n|turn|9\n|\n|t:|1700160021\n|move|p1a: Rillaboom|Fake Out|p2b: Heatran\n|-damage|p2b: Heatran|36\/100\n|move|p1b: Cinderace|Pyro Ball|p2a: Ogerpon\n|-supereffective|p2a: Ogerpon\n|-damage|p2a: Ogerpon|0 fnt\n|faint|p2a: Ogerpon\n|cant|p2b: Heatran|flinch\n|\n|-heal|p1b: Cinderace|47\/100|[from] Grassy Terrain\n|-heal|p1a: Rillaboom|46\/100|[from] Grassy Terrain\n|-heal|p2b: Heatran|42\/100|[from] Grassy Terrain\n|upkeep\n|turn|10\n|\n|t:|1700160040\n|move|p1b: Cinderace|High Jump Kick|p2b: Heatran\n|-resisted|p2b: Heatran\n|-damage|p2b: Heatran|26\/100\n|move|p1a: Rillaboom|Wood Hammer|p2b: Heatran\n|-damage|p2b: Heatran|0 fnt\n|faint|p2b: Heatran\n|-damage|p1a: Rillaboom|39\/100|[from] Recoil\n|\n|win|mad skwovet\n|raw|mad skwovet's rating: 1494 &rarr; <strong>1524<\/strong><br \/>(+30 for winning)\n|raw|wuivy's rating: 1684 &rarr; <strong>1654<\/strong><br \/>(-30 for losing)\n|l|\u2606wuivy\n","uploadtime":1700160095,"views":10,"p1id":"madskwovet","p2id":"wuivy","formatid":"gen9vgc2023regulatione","rating":1524,"private":0,"password":""}