{"id":"gen9vgc2023regulatione-2000128305","p1":"6VYRY","p2":"FinalL0Y","format":"[Gen 9] VGC 2023 Regulation E","log":"|j|\u26066VYRY\n|j|\u2606FinalL0Y\n|t:|1701159896\n|gametype|doubles\n|player|p1|6VYRY|hilda-wonderlauncher|1357\n|player|p2|FinalL0Y|265|1295\n|teamsize|p1|6\n|teamsize|p2|6\n|gen|9\n|tier|[Gen 9] VGC 2023 Regulation E\n|rated|\n|rule|Species Clause: Limit one of each Pok\u00e9mon\n|rule|Item Clause: Limit one of each item\n|clearpoke\n|poke|p1|Dondozo, L50, F|\n|poke|p1|Tatsugiri, L50, F|\n|poke|p1|Flamigo, L50, F|\n|poke|p1|Arcanine-Hisui, L50, M|\n|poke|p1|Garganacl, L50, F|\n|poke|p1|Baxcalibur, L50, M|\n|poke|p2|Chandelure, L50, F|\n|poke|p2|Tornadus, L50, M|\n|poke|p2|Gastrodon, L50, F|\n|poke|p2|Chi-Yu, L50|\n|poke|p2|Landorus-Therian, L50, M|\n|poke|p2|Ogerpon-Wellspring, L50, F|\n|teampreview|4\n|inactive|Battle timer is ON: inactive players will automatically lose when time's up. (requested by FinalL0Y)\n|\n|t:|1701159930\n|start\n|switch|p1a: Tatsugiri|Tatsugiri, L50, F|100\/100\n|switch|p1b: Garganacl|Garganacl, L50, F|100\/100\n|switch|p2a: Tornadus|Tornadus, L50, M|100\/100\n|switch|p2b: Chandelure|Chandelure, L50, F|100\/100\n|turn|1\n|\n|t:|1701159953\n|move|p1a: Tatsugiri|Endure|p1a: Tatsugiri\n|-singleturn|p1a: Tatsugiri|move: Endure\n|move|p2b: Chandelure|Protect|p2b: Chandelure\n|-singleturn|p2b: Chandelure|Protect\n|move|p2a: Tornadus|Sunny Day|p2a: Tornadus\n|-weather|SunnyDay\n|move|p1b: Garganacl|Explosion|p2a: Tornadus|[spread] p1a,p2a\n|-activate|p2b: Chandelure|move: Protect\n|-activate|p1a: Tatsugiri|move: Endure\n|-damage|p1a: Tatsugiri|1\/100\n|-damage|p2a: Tornadus|39\/100\n|faint|p1b: Garganacl\n|\n|-weather|SunnyDay|[upkeep]\n|-status|p1a: Tatsugiri|tox|[from] item: Toxic Orb\n|upkeep\n|\n|t:|1701159971\n|switch|p1b: Dondozo|Dondozo, L50, F|100\/100\n|-activate|p1a: Tatsugiri|ability: Commander|[of] p1b: Dondozo\n|-boost|p1b: Dondozo|atk|2\n|-boost|p1b: Dondozo|spa|2\n|-boost|p1b: Dondozo|spe|2\n|-boost|p1b: Dondozo|def|2\n|-boost|p1b: Dondozo|spd|2\n|turn|2\n|inactive|FinalL0Y has 30 seconds left.\n|\n|t:|1701160000\n|switch|p2b: Landorus|Landorus-Therian, L50, M|100\/100\n|-ability|p2b: Landorus|Intimidate|boost\n|-unboost|p1a: Tatsugiri|atk|1\n|-unboost|p1b: Dondozo|atk|1\n|move|p2a: Tornadus|Bleakwind Storm|p1b: Dondozo|[spread] p1b\n|-miss|p2a: Tornadus|p1a: Tatsugiri\n|-damage|p1b: Dondozo|84\/100\n|-unboost|p1b: Dondozo|spe|1\n|move|p1b: Dondozo|Order Up|p2b: Landorus\n|-damage|p2b: Landorus|59\/100\n|-boost|p1b: Dondozo|atk|1\n|\n|-weather|SunnyDay|[upkeep]\n|-heal|p1b: Dondozo|90\/100|[from] item: Leftovers\n|-damage|p1a: Tatsugiri|0 fnt|[from] psn\n|faint|p1a: Tatsugiri\n|upkeep\n|\n|t:|1701160012\n|switch|p1a: Flamigo|Flamigo, L50, F|100\/100\n|-copyboost|p1a: Flamigo|p1b: Dondozo|[from] ability: Costar\n|turn|3\n|\n|t:|1701160023\n|-terastallize|p1a: Flamigo|Steel\n|move|p2a: Tornadus|Tailwind|p2a: Tornadus\n|-sidestart|p2: FinalL0Y|move: Tailwind\n|move|p2b: Landorus|Rock Slide|p1b: Dondozo|[spread] p1b\n|-miss|p2b: Landorus|p1a: Flamigo\n|-damage|p1b: Dondozo|83\/100\n|move|p1a: Flamigo|Liquidation|p2b: Landorus\n|-supereffective|p2b: Landorus\n|-damage|p2b: Landorus|0 fnt\n|faint|p2b: Landorus\n|move|p1b: Dondozo|Order Up|p2a: Tornadus\n|-damage|p2a: Tornadus|0 fnt\n|faint|p2a: Tornadus\n|-boost|p1b: Dondozo|atk|1\n|\n|-weather|SunnyDay|[upkeep]\n|-heal|p1b: Dondozo|90\/100|[from] item: Leftovers\n|upkeep\n|\n|t:|1701160032\n|switch|p2b: Chandelure|Chandelure, L50, F|100\/100\n|switch|p2a: Chi-Yu|Chi-Yu, L50|100\/100\n|-ability|p2a: Chi-Yu|Beads of Ruin\n|turn|4\n|\n|t:|1701160050\n|-terastallize|p2a: Chi-Yu|Water\n|move|p2b: Chandelure|Protect|p2b: Chandelure\n|-singleturn|p2b: Chandelure|Protect\n|move|p2a: Chi-Yu|Heat Wave|p1b: Dondozo|[spread] p1a,p1b\n|-supereffective|p1a: Flamigo\n|-crit|p1a: Flamigo\n|-resisted|p1b: Dondozo\n|-damage|p1a: Flamigo|0 fnt\n|-damage|p1b: Dondozo|63\/100\n|faint|p1a: Flamigo\n|move|p1b: Dondozo|Order Up|p2b: Chandelure\n|-activate|p2b: Chandelure|move: Protect\n|\n|-weather|SunnyDay|[upkeep]\n|-heal|p1b: Dondozo|69\/100|[from] item: Leftovers\n|upkeep\n|turn|5\n|inactive|FinalL0Y has 30 seconds left.\n|\n|t:|1701160083\n|move|p2b: Chandelure|Overheat|p1b: Dondozo\n|-resisted|p1b: Dondozo\n|-damage|p1b: Dondozo|20\/100\n|-unboost|p2b: Chandelure|spa|2\n|-damage|p2b: Chandelure|91\/100|[from] item: Life Orb\n|move|p2a: Chi-Yu|Heat Wave|p1b: Dondozo\n|-resisted|p1b: Dondozo\n|-damage|p1b: Dondozo|0 fnt\n|faint|p1b: Dondozo\n|\n|win|FinalL0Y\n|raw|6VYRY's rating: 1357 &rarr; <strong>1333<\/strong><br \/>(-24 for losing)\n|raw|FinalL0Y's rating: 1295 &rarr; <strong>1324<\/strong><br \/>(+29 for winning)\n","uploadtime":1701160094,"views":4,"p1id":"6vyry","p2id":"finall0y","formatid":"gen9vgc2023regulatione","rating":1324,"private":0,"password":""}