{"id":"gen9vgc2023regulatione-1988023832","p1":"Josuee_29","p2":"CutieMinior","format":"[Gen 9] VGC 2023 Regulation E","log":"|j|\u2606Josuee_29\n|j|\u2606CutieMinior\n|t:|1699660355\n|gametype|doubles\n|player|p1|Josuee_29|lucas|1133\n|player|p2|CutieMinior|nurseryaide|1093\n|teamsize|p1|6\n|teamsize|p2|6\n|gen|9\n|tier|[Gen 9] VGC 2023 Regulation E\n|rated|\n|rule|Species Clause: Limit one of each Pok\u00e9mon\n|rule|Item Clause: Limit one of each item\n|clearpoke\n|poke|p1|Tornadus, L50, M|\n|poke|p1|Iron Hands, L50|\n|poke|p1|Rillaboom, L50, M|\n|poke|p1|Flutter Mane, L50|\n|poke|p1|Ogerpon-Hearthflame, L50, F|\n|poke|p1|Heatran, L50, F|\n|poke|p2|Murkrow, L50, M|\n|poke|p2|Clawitzer, L50, M|\n|poke|p2|Ambipom, L50, M|\n|poke|p2|Typhlosion-Hisui, L50, M|\n|poke|p2|Dudunsparce-*, L50, F|\n|poke|p2|Hawlucha, L50, M|\n|teampreview|4\nCutieMinior rejected open team sheets.\n|inactive|Battle timer is ON: inactive players will automatically lose when time's up. (requested by CutieMinior)\n|\n|t:|1699660425\n|start\n|switch|p1a: Iron Hands|Iron Hands, L50|100\/100\n|switch|p1b: Ogerpon|Ogerpon-Hearthflame, L50, F|100\/100\n|switch|p2a: Ambipom|Ambipom, L50, M|100\/100\n|switch|p2b: Clawitzer|Clawitzer, L50, M|100\/100\n|-ability|p1b: Ogerpon|Mold Breaker\n|turn|1\n|inactive|Josuee_29 has 30 seconds left.\n|inactive|Josuee_29 has 20 seconds left.\n|\n|t:|1699660461\n|-terastallize|p2b: Clawitzer|Dragon\n|move|p2a: Ambipom|Fake Out|p1a: Iron Hands\n|-enditem|p2a: Ambipom|Normal Gem|[from] gem\n|-damage|p1a: Iron Hands|78\/100\n|cant|p1a: Iron Hands|flinch\n|move|p1b: Ogerpon|Horn Leech|p2b: Clawitzer\n|-resisted|p2b: Clawitzer\n|-damage|p2b: Clawitzer|68\/100\n|move|p2b: Clawitzer|Dragon Pulse|p1b: Ogerpon\n|-damage|p1b: Ogerpon|0 fnt\n|faint|p1b: Ogerpon\n|\n|-heal|p1a: Iron Hands|84\/100|[from] item: Leftovers\n|upkeep\n|\n|t:|1699660479\n|switch|p1b: Flutter Mane|Flutter Mane, L50, shiny|100\/100\n|turn|2\n|\n|t:|1699660495\n|-terastallize|p1b: Flutter Mane|Fairy\n|move|p2a: Ambipom|Covet|p1a: Iron Hands\n|-damage|p1a: Iron Hands|55\/100\n|-item|p2a: Ambipom|Leftovers|[from] move: Covet|[of] p1a: Iron Hands\n|move|p1b: Flutter Mane|Dazzling Gleam|p2a: Ambipom|[spread] p2a,p2b\n|-supereffective|p2b: Clawitzer\n|-damage|p2a: Ambipom|12\/100\n|-damage|p2b: Clawitzer|0 fnt\n|faint|p2b: Clawitzer\n|-damage|p1b: Flutter Mane|90\/100|[from] item: Life Orb\n|move|p1a: Iron Hands|Drain Punch|p2a: Ambipom\n|-supereffective|p2a: Ambipom\n|-damage|p2a: Ambipom|0 fnt\n|-heal|p1a: Iron Hands|59\/100|[from] drain|[of] p2a: Ambipom\n|faint|p2a: Ambipom\n|\n|upkeep\n|\n|t:|1699660506\n|switch|p2a: Dudunsparce|Dudunsparce, L50, F|100\/100\n|switch|p2b: Typhlosion|Typhlosion-Hisui, L50, M|100\/100\n|-item|p1b: Flutter Mane|Life Orb|[from] ability: Frisk|[of] p2b: Typhlosion|[identify]\n|turn|3\n|\n|t:|1699660526\n|move|p1b: Flutter Mane|Shadow Ball|p2b: Typhlosion\n|-supereffective|p2b: Typhlosion\n|-damage|p2b: Typhlosion|0 fnt\n|faint|p2b: Typhlosion\n|-damage|p1b: Flutter Mane|80\/100|[from] item: Life Orb\n|move|p2a: Dudunsparce|Tailwind|p2a: Dudunsparce\n|-sidestart|p2: CutieMinior|move: Tailwind\n|move|p1a: Iron Hands|Drain Punch|p2a: Dudunsparce\n|-supereffective|p2a: Dudunsparce\n|-damage|p2a: Dudunsparce|8\/100\n|-heal|p1a: Iron Hands|99\/100|[from] drain|[of] p2a: Dudunsparce\n|\n|-heal|p2a: Dudunsparce|13\/100|[from] item: Leftovers\n|upkeep\n|turn|4\n|\n|t:|1699660543\n|move|p2a: Dudunsparce|Rock Slide|p1a: Iron Hands|[spread] p1a,p1b\n|-resisted|p1a: Iron Hands\n|-damage|p1a: Iron Hands|95\/100\n|-damage|p1b: Flutter Mane|57\/100\n|cant|p1b: Flutter Mane|flinch\n|move|p1a: Iron Hands|Drain Punch|p1b: Flutter Mane\n|-resisted|p1b: Flutter Mane\n|-damage|p1b: Flutter Mane|19\/100\n|-heal|p1a: Iron Hands|100\/100|[from] drain|[of] p1b: Flutter Mane\n|\n|-heal|p2a: Dudunsparce|19\/100|[from] item: Leftovers\n|upkeep\n|turn|5\n|\n|t:|1699660561\n|move|p1b: Flutter Mane|Protect|p1b: Flutter Mane\n|-singleturn|p1b: Flutter Mane|Protect\n|move|p2a: Dudunsparce|Rock Slide|p1b: Flutter Mane|[spread] p1a\n|-activate|p1b: Flutter Mane|move: Protect\n|-resisted|p1a: Iron Hands\n|-damage|p1a: Iron Hands|96\/100\n|move|p1a: Iron Hands|Drain Punch|p2a: Dudunsparce\n|-supereffective|p2a: Dudunsparce\n|-damage|p2a: Dudunsparce|0 fnt\n|-heal|p1a: Iron Hands|100\/100|[from] drain|[of] p2a: Dudunsparce\n|faint|p2a: Dudunsparce\n|\n|win|Josuee_29\n|raw|Josuee_29's rating: 1133 &rarr; <strong>1155<\/strong><br \/>(+22 for winning)\n|raw|CutieMinior's rating: 1093 &rarr; <strong>1072<\/strong><br \/>(-21 for losing)\n|l|\u2606CutieMinior\n","uploadtime":1699660585,"views":22,"p1id":"josuee29","p2id":"cutieminior","formatid":"gen9vgc2023regulatione","rating":1072,"private":0,"password":""}