{"id":"gen9vgc2023regulatione-1994822681","p1":"WhereAreTheTurtles","p2":"casper6_14","format":"[Gen 9] VGC 2023 Regulation E","log":"|j|\u2606WhereAreTheTurtles\n|j|\u2606casper6_14\n|t:|1700496044\n|gametype|doubles\n|player|p1|WhereAreTheTurtles|102|1032\n|player|p2|casper6_14|102|1065\n|teamsize|p1|6\n|teamsize|p2|6\n|gen|9\n|tier|[Gen 9] VGC 2023 Regulation E\n|rated|\n|rule|Species Clause: Limit one of each Pok\u00e9mon\n|rule|Item Clause: Limit one of each item\n|clearpoke\n|poke|p1|Iron Hands, L50|\n|poke|p1|Ninetales-Alola, L50, F|\n|poke|p1|Landorus-Therian, L50, M|\n|poke|p1|Heatran, L50, F|\n|poke|p1|Baxcalibur, L50, F|\n|poke|p1|Sinistcha, L50|\n|poke|p2|Kommo-o, L50, F|\n|poke|p2|Oricorio-Sensu, L50, M|\n|poke|p2|Sinistcha-Masterpiece, L50|\n|poke|p2|Flutter Mane, L50|\n|poke|p2|Iron Hands, L50|\n|poke|p2|Salamence, L50, F|\n|teampreview|4\n|\n|t:|1700496115\n|start\n|switch|p1a: Ninetales|Ninetales-Alola, L50, F|100\/100\n|switch|p1b: Landorus|Landorus-Therian, L50, M|100\/100\n|switch|p2a: Salamence|Salamence, L50, F|100\/100\n|switch|p2b: Kommo-o|Kommo-o, L50, F|100\/100\n|-ability|p1b: Landorus|Intimidate|boost\n|-unboost|p2a: Salamence|atk|1\n|-unboost|p2b: Kommo-o|atk|1\n|-ability|p2a: Salamence|Intimidate|boost\n|-unboost|p1a: Ninetales|atk|1\n|-unboost|p1b: Landorus|atk|1\n|-weather|Snow|[from] ability: Snow Warning|[of] p1a: Ninetales\n|turn|1\n|\n|t:|1700496148\n|switch|p2a: Oricorio|Oricorio-Sensu, L50, M|100\/100\n|move|p1b: Landorus|U-turn|p2b: Kommo-o\n|-resisted|p2b: Kommo-o\n|-damage|p2b: Kommo-o|93\/100\n|\n|t:|1700496154\n|switch|p1b: Baxcalibur|Baxcalibur, L50, F|100\/100|[from] U-turn\n|move|p1a: Ninetales|Aurora Veil|p1a: Ninetales\n|-sidestart|p1: WhereAreTheTurtles|move: Aurora Veil\n|move|p2b: Kommo-o|Clangorous Soul|p2b: Kommo-o\n|-boost|p2b: Kommo-o|atk|1\n|-boost|p2b: Kommo-o|def|1\n|-boost|p2b: Kommo-o|spa|1\n|-boost|p2b: Kommo-o|spd|1\n|-boost|p2b: Kommo-o|spe|1\n|-damage|p2b: Kommo-o|60\/100\n|-activate|p2a: Oricorio|ability: Dancer\n|move|p2a: Oricorio|Clangorous Soul|p2a: Oricorio|[from]ability: Dancer\n|-boost|p2a: Oricorio|atk|1\n|-boost|p2a: Oricorio|def|1\n|-boost|p2a: Oricorio|spa|1\n|-boost|p2a: Oricorio|spd|1\n|-boost|p2a: Oricorio|spe|1\n|-damage|p2a: Oricorio|68\/100\n|-enditem|p2a: Oricorio|Throat Spray\n|-boost|p2a: Oricorio|spa|1|[from] item: Throat Spray\n|\n|-weather|Snow|[upkeep]\n|upkeep\n|turn|2\n|\n|t:|1700496215\n|switch|p1b: Landorus|Landorus-Therian, L50, M|100\/100\n|-ability|p1b: Landorus|Intimidate|boost\n|-unboost|p2a: Oricorio|atk|1\n|-unboost|p2b: Kommo-o|atk|1\n|-terastallize|p2b: Kommo-o|Poison\n|move|p2a: Oricorio|Revelation Dance|p1b: Landorus\n|-damage|p1b: Landorus|30\/100\n|move|p1a: Ninetales|Icy Wind|p2a: Oricorio|[spread] p2a,p2b\n|-supereffective|p2a: Oricorio\n|-damage|p2a: Oricorio|43\/100\n|-damage|p2b: Kommo-o|52\/100\n|-unboost|p2a: Oricorio|spe|1\n|-unboost|p2b: Kommo-o|spe|1\n|move|p2b: Kommo-o|Boomburst|p1a: Ninetales|[spread] p1a,p1b\n|-immune|p2a: Oricorio\n|-damage|p1a: Ninetales|63\/100\n|-damage|p1b: Landorus|0 fnt\n|faint|p1b: Landorus\n|\n|-weather|Snow|[upkeep]\n|upkeep\n|\n|t:|1700496242\n|switch|p1b: Baxcalibur|Baxcalibur, L50, F|100\/100\n|turn|3\n|\n|t:|1700496270\n|move|p1b: Baxcalibur|Ice Shard|p2b: Kommo-o\n|-damage|p2b: Kommo-o|38\/100\n|-enditem|p2b: Kommo-o|Sitrus Berry|[eat]\n|-heal|p2b: Kommo-o|63\/100|[from] item: Sitrus Berry\n|move|p1a: Ninetales|Icy Wind|p2a: Oricorio|[spread] p2a,p2b\n|-supereffective|p2a: Oricorio\n|-damage|p2a: Oricorio|17\/100\n|-damage|p2b: Kommo-o|53\/100\n|-unboost|p2a: Oricorio|spe|1\n|-unboost|p2b: Kommo-o|spe|1\n|move|p2a: Oricorio|Revelation Dance|p1b: Baxcalibur\n|-damage|p1b: Baxcalibur|50\/100\n|move|p2b: Kommo-o|Boomburst|p1b: Baxcalibur|[spread] p1a,p1b\n|-immune|p2a: Oricorio\n|-damage|p1a: Ninetales|29\/100\n|-damage|p1b: Baxcalibur|22\/100\n|\n|-weather|Snow|[upkeep]\n|upkeep\n|turn|4\n|\n|t:|1700496298\n|move|p2a: Oricorio|Protect|p2a: Oricorio\n|-singleturn|p2a: Oricorio|Protect\n|move|p1a: Ninetales|Icy Wind|p2a: Oricorio|[spread] p2b\n|-activate|p2a: Oricorio|move: Protect\n|-damage|p2b: Kommo-o|43\/100\n|-unboost|p2b: Kommo-o|spe|1\n|move|p1b: Baxcalibur|Glaive Rush|p2b: Kommo-o\n|-damage|p2b: Kommo-o|7\/100\n|-singlemove|p1b: Baxcalibur|Glaive Rush|[silent]\n|move|p2b: Kommo-o|Boomburst|p1a: Ninetales|[spread] p1a,p1b\n|-activate|p2a: Oricorio|move: Protect\n|-damage|p1a: Ninetales|0 fnt\n|-damage|p1b: Baxcalibur|0 fnt\n|faint|p1a: Ninetales\n|faint|p1b: Baxcalibur\n|\n|-weather|Snow|[upkeep]\n|upkeep\n|\n|t:|1700496318\n|switch|p1a: Iron Hands|Iron Hands, L50|100\/100\n|turn|5\n|\n|t:|1700496329\n|-terastallize|p1a: Iron Hands|Fire\n|move|p1a: Iron Hands|Fake Out|p2a: Oricorio\n|-immune|p2a: Oricorio\n|move|p2a: Oricorio|Revelation Dance|p1a: Iron Hands\n|-damage|p1a: Iron Hands|70\/100\n|move|p2b: Kommo-o|Dragon Pulse|p1a: Iron Hands\n|-damage|p1a: Iron Hands|47\/100\n|\n|-weather|none\n|upkeep\n|turn|6\n|\n|t:|1700496353\n|move|p2a: Oricorio|Revelation Dance|p1a: Iron Hands\n|-damage|p1a: Iron Hands|15\/100\n|move|p1a: Iron Hands|Heavy Slam|p2a: Oricorio\n|-damage|p2a: Oricorio|0 fnt\n|faint|p2a: Oricorio\n|move|p2b: Kommo-o|Dragon Pulse|p1a: Iron Hands\n|-damage|p1a: Iron Hands|0 fnt\n|faint|p1a: Iron Hands\n|-end|p1a: Iron Hands|Quark Drive|[silent]\n|\n|win|casper6_14\n|raw|WhereAreTheTurtles's rating: 1032 &rarr; <strong>1019<\/strong><br \/>(-13 for losing)\n|raw|casper6_14's rating: 1065 &rarr; <strong>1092<\/strong><br \/>(+27 for winning)\n|l|\u2606WhereAreTheTurtles\n","uploadtime":1700496365,"views":2,"p1id":"wherearetheturtles","p2id":"casper614","formatid":"gen9vgc2023regulatione","rating":1019,"private":0,"password":""}