{"id":"gen9vgc2023regulatione-1996591215","p1":"RillaUrshiRoar","p2":"kiddy123","format":"[Gen 9] VGC 2023 Regulation E","log":"|j|\u2606RillaUrshiRoar\n|j|\u2606kiddy123\n|t:|1700697974\n|gametype|doubles\n|player|p1|RillaUrshiRoar|turo|1099\n|player|p2|kiddy123|unknown|1048\n|teamsize|p1|6\n|teamsize|p2|6\n|gen|9\n|tier|[Gen 9] VGC 2023 Regulation E\n|rated|\n|rule|Species Clause: Limit one of each Pok\u00e9mon\n|rule|Item Clause: Limit one of each item\n|clearpoke\n|poke|p1|Rillaboom, L50, M|\n|poke|p1|Arcanine-Hisui, L50, M|\n|poke|p1|Landorus, L50, M|\n|poke|p1|Urshifu-*, L50, M|\n|poke|p1|Chien-Pao, L50|\n|poke|p1|Roaring Moon, L50|\n|poke|p2|Dondozo, L50, M|\n|poke|p2|Tatsugiri, L50, F|\n|poke|p2|Flamigo, L50, M|\n|poke|p2|Scream Tail, L50|\n|poke|p2|Gothitelle, L50, M|\n|poke|p2|Ting-Lu, L50|\n|teampreview|4\n|inactive|Battle timer is ON: inactive players will automatically lose when time's up. (requested by RillaUrshiRoar)\n|inactive|kiddy123 also wants the timer to be on.\n|inactive|RillaUrshiRoar has 60 seconds left.\n|\n|t:|1700698007\n|start\n|switch|p1a: Balanced?|Urshifu-Rapid-Strike, L50, M|100\/100\n|switch|p1b: Rillaboom|Rillaboom, L50, M, shiny|100\/100\n|switch|p2a: Scream Tail|Scream Tail, L50|100\/100\n|switch|p2b: Tatsugiri|Tatsugiri, L50, F|100\/100\n|-fieldstart|move: Grassy Terrain|[from] ability: Grassy Surge|[of] p1b: Rillaboom\n|-enditem|p2a: Scream Tail|Booster Energy\n|-activate|p2a: Scream Tail|ability: Protosynthesis|[fromitem]\n|-start|p2a: Scream Tail|protosynthesisspe\n|turn|1\n|\n|t:|1700698018\n|-terastallize|p1a: Balanced?|Water\n|move|p2b: Tatsugiri|Protect|p2b: Tatsugiri\n|-singleturn|p2b: Tatsugiri|Protect\n|move|p1b: Rillaboom|Fake Out|p2a: Scream Tail\n|-damage|p2a: Scream Tail|90\/100\n|cant|p2a: Scream Tail|flinch\n|move|p1a: Balanced?|Surging Strikes|p2a: Scream Tail\n|-crit|p2a: Scream Tail\n|-damage|p2a: Scream Tail|67\/100\n|-crit|p2a: Scream Tail\n|-damage|p2a: Scream Tail|44\/100\n|-crit|p2a: Scream Tail\n|-damage|p2a: Scream Tail|20\/100\n|-hitcount|p2a: Scream Tail|3\n|\n|-heal|p2a: Scream Tail|26\/100|[from] Grassy Terrain\n|upkeep\n|turn|2\n|\n|t:|1700698029\n|move|p1a: Balanced?|Aqua Jet|p2a: Scream Tail\n|-damage|p2a: Scream Tail|2\/100\n|move|p1b: Rillaboom|Grassy Glide|p2a: Scream Tail\n|-damage|p2a: Scream Tail|0 fnt\n|faint|p2a: Scream Tail\n|-end|p2a: Scream Tail|Protosynthesis|[silent]\n|move|p2b: Tatsugiri|Draco Meteor|p1a: Balanced?\n|-damage|p1a: Balanced?|34\/100\n|-unboost|p2b: Tatsugiri|spa|2\n|\n|-heal|p1a: Balanced?|40\/100|[from] Grassy Terrain\n|upkeep\n|\n|t:|1700698035\n|switch|p2a: Dondozo|Dondozo, L50, M|100\/100\n|-activate|p2b: Tatsugiri|ability: Commander|[of] p2a: Dondozo\n|-boost|p2a: Dondozo|atk|2\n|-boost|p2a: Dondozo|spa|2\n|-boost|p2a: Dondozo|spe|2\n|-boost|p2a: Dondozo|def|2\n|-boost|p2a: Dondozo|spd|2\n|turn|3\n|\n|t:|1700698041\n|-terastallize|p2a: Dondozo|Dragon\n|move|p2a: Dondozo|Order Up|p1a: Balanced?\n|-damage|p1a: Balanced?|0 fnt\n|faint|p1a: Balanced?\n|-boost|p2a: Dondozo|atk|1\n|move|p1b: Rillaboom|U-turn|p2a: Dondozo\n|-damage|p2a: Dondozo|93\/100\n|\n|t:|1700698044\n|switch|p1b: Chien-Pao|Chien-Pao, L50|100\/100|[from] U-turn\n|-ability|p1b: Chien-Pao|Sword of Ruin\n|\n|-heal|p2a: Dondozo|99\/100|[from] Grassy Terrain\n|-heal|p2a: Dondozo|100\/100|[from] item: Leftovers\n|upkeep\n|\n|t:|1700698046\n|switch|p1a: AI Salamence|Roaring Moon, L50, shiny|100\/100\n|-enditem|p1a: AI Salamence|Booster Energy\n|-activate|p1a: AI Salamence|ability: Protosynthesis|[fromitem]\n|-start|p1a: AI Salamence|protosynthesisspe\n|turn|4\n|\n|t:|1700698056\n|move|p1a: AI Salamence|Protect|p1a: AI Salamence\n|-singleturn|p1a: AI Salamence|Protect\n|move|p1b: Chien-Pao|Haze|p1b: Chien-Pao\n|-clearallboost\n|move|p2a: Dondozo|Yawn|p1b: Chien-Pao\n|-start|p1b: Chien-Pao|move: Yawn|[of] p2a: Dondozo\n|\n|upkeep\n|turn|5\n|\n|t:|1700698065\n|switch|p1b: Rillaboom|Rillaboom, L50, M, shiny|100\/100\n|move|p2a: Dondozo|Protect|p2a: Dondozo\n|-singleturn|p2a: Dondozo|Protect\n|move|p1a: AI Salamence|Breaking Swipe|p2a: Dondozo|[spread] \n|-miss|p1a: AI Salamence|p2b: Tatsugiri\n|-activate|p2a: Dondozo|move: Protect\n|\n|-fieldend|move: Grassy Terrain\n|upkeep\n|turn|6\n|\n|t:|1700698073\n|move|p1b: Rillaboom|Fake Out|p2a: Dondozo\n|-damage|p2a: Dondozo|91\/100\n|move|p1a: AI Salamence|Breaking Swipe|p2a: Dondozo|[spread] p2a\n|-miss|p1a: AI Salamence|p2b: Tatsugiri\n|-supereffective|p2a: Dondozo\n|-damage|p2a: Dondozo|59\/100\n|-unboost|p2a: Dondozo|atk|1\n|cant|p2a: Dondozo|flinch\n|\n|-heal|p2a: Dondozo|65\/100|[from] item: Leftovers\n|upkeep\n|turn|7\n|\n|t:|1700698084\n|move|p1a: AI Salamence|Breaking Swipe|p2b: Tatsugiri|[spread] p2a\n|-miss|p1a: AI Salamence|p2b: Tatsugiri\n|-supereffective|p2a: Dondozo\n|-damage|p2a: Dondozo|38\/100\n|-unboost|p2a: Dondozo|atk|1\n|move|p1b: Rillaboom|U-turn|p2a: Dondozo\n|-damage|p2a: Dondozo|22\/100\n|\n|t:|1700698092\n|switch|p1b: Chien-Pao|Chien-Pao, L50|100\/100|[from] U-turn\n|-ability|p1b: Chien-Pao|Sword of Ruin\n|move|p2a: Dondozo|Order Up|p1a: AI Salamence\n|-supereffective|p1a: AI Salamence\n|-damage|p1a: AI Salamence|48\/100\n|-boost|p2a: Dondozo|atk|1\n|\n|-heal|p2a: Dondozo|28\/100|[from] item: Leftovers\n|upkeep\n|turn|8\n|\n|t:|1700698101\n|move|p1a: AI Salamence|Breaking Swipe|p2b: Tatsugiri|[spread] p2a\n|-miss|p1a: AI Salamence|p2b: Tatsugiri\n|-supereffective|p2a: Dondozo\n|-damage|p2a: Dondozo|0 fnt\n|faint|p2a: Dondozo\n|move|p1b: Chien-Pao|Icicle Crash|p2b: Tatsugiri\n|-damage|p2b: Tatsugiri|10\/100\n|\n|upkeep\n|\n|t:|1700698106\n|switch|p2a: Flamigo|Flamigo, L50, M|100\/100\n|-copyboost|p2a: Flamigo|p2b: Tatsugiri|[from] ability: Costar\n|turn|9\n|\n|t:|1700698114\n|move|p1a: AI Salamence|Breaking Swipe|p2b: Tatsugiri|[spread] p2a,p2b\n|-supereffective|p2b: Tatsugiri\n|-damage|p2a: Flamigo|62\/100\n|-damage|p2b: Tatsugiri|0 fnt\n|-unboost|p2a: Flamigo|atk|1\n|faint|p2b: Tatsugiri\n|move|p1b: Chien-Pao|Icicle Crash|p2a: Flamigo\n|-supereffective|p2a: Flamigo\n|-damage|p2a: Flamigo|0 fnt\n|faint|p2a: Flamigo\n|\n|win|RillaUrshiRoar\n|raw|RillaUrshiRoar's rating: 1099 &rarr; <strong>1120<\/strong><br \/>(+21 for winning)\n|raw|kiddy123's rating: 1048 &rarr; <strong>1033<\/strong><br \/>(-15 for losing)\n","uploadtime":1700698118,"views":15,"p1id":"rillaurshiroar","p2id":"kiddy123","formatid":"gen9vgc2023regulatione","rating":1033,"private":0,"password":""}