{"id":"gen9vgc2023regulatione-1991263035","p1":"Lightoz VIII","p2":"celeme","format":"[Gen 9] VGC 2023 Regulation E","log":"|j|\u2606Lightoz VIII\n|j|\u2606celeme\n|t:|1700062389\n|gametype|doubles\n|player|p1|Lightoz VIII|blue-gen2|1472\n|player|p2|celeme|1|1411\n|teamsize|p1|6\n|teamsize|p2|6\n|gen|9\n|tier|[Gen 9] VGC 2023 Regulation E\n|rated|\n|rule|Species Clause: Limit one of each Pok\u00e9mon\n|rule|Item Clause: Limit one of each item\n|clearpoke\n|poke|p1|Landorus-Therian, L50, M|\n|poke|p1|Flutter Mane, L50|\n|poke|p1|Roaring Moon, L50|\n|poke|p1|Amoonguss, L50, F|\n|poke|p1|Heatran, L50, M|\n|poke|p1|Iron Hands, L50|\n|poke|p2|Flutter Mane, L50|\n|poke|p2|Ogerpon-Wellspring, L50, F|\n|poke|p2|Rillaboom, L50, M|\n|poke|p2|Farigiraf, L50, F|\n|poke|p2|Landorus-Therian, L50, M|\n|poke|p2|Heatran, L50, F|\n|teampreview|4\n|inactive|Battle timer is ON: inactive players will automatically lose when time's up. (requested by celeme)\n|inactive|Lightoz VIII has 60 seconds left.\n|inactive|celeme has 60 seconds left.\n|\n|t:|1700062437\n|start\n|switch|p1a: Heatran|Heatran, L50, M|100\/100\n|switch|p1b: Landorus|Landorus-Therian, L50, M|100\/100\n|switch|p2a: Rillaboom|Rillaboom, L50, M|100\/100\n|switch|p2b: Landorus|Landorus-Therian, L50, M|100\/100\n|-ability|p2b: Landorus|Intimidate|boost\n|-unboost|p1a: Heatran|atk|1\n|-unboost|p1b: Landorus|atk|1\n|-ability|p1b: Landorus|Intimidate|boost\n|-unboost|p2a: Rillaboom|atk|1\n|-unboost|p2b: Landorus|atk|1\n|-fieldstart|move: Grassy Terrain|[from] ability: Grassy Surge|[of] p2a: Rillaboom\n|turn|1\n|\n|t:|1700062455\n|switch|p1a: Amoonguss|Amoonguss, L50, F, shiny|100\/100\n|move|p2a: Rillaboom|Fake Out|p1b: Landorus\n|-damage|p1b: Landorus|89\/100\n|move|p2b: Landorus|Stomping Tantrum|p1a: Amoonguss\n|-damage|p1a: Amoonguss|76\/100\n|-damage|p2b: Landorus|84\/100|[from] item: Rocky Helmet|[of] p1a: Amoonguss\n|cant|p1b: Landorus|flinch\n|\n|-heal|p1a: Amoonguss|82\/100|[from] Grassy Terrain\n|upkeep\n|turn|2\n|\n|t:|1700062478\n|switch|p2b: Ogerpon|Ogerpon-Wellspring, L50, F|100\/100\n|move|p1b: Landorus|U-turn|p2a: Rillaboom\n|-supereffective|p2a: Rillaboom\n|-damage|p2a: Rillaboom|65\/100\n|\n|t:|1700062484\n|switch|p1b: Roaring Moon|Roaring Moon, L50|100\/100|[from] U-turn\n|-enditem|p1b: Roaring Moon|Booster Energy\n|-activate|p1b: Roaring Moon|ability: Protosynthesis|[fromitem]\n|-start|p1b: Roaring Moon|protosynthesisatk\n|move|p2a: Rillaboom|Taunt|p1a: Amoonguss\n|-start|p1a: Amoonguss|move: Taunt\n|cant|p1a: Amoonguss|move: Taunt|Spore\n|\n|-heal|p2a: Rillaboom|71\/100|[from] Grassy Terrain\n|-heal|p1a: Amoonguss|88\/100|[from] Grassy Terrain\n|upkeep\n|turn|3\n|inactive|Lightoz VIII has 30 seconds left.\n|\n|t:|1700062517\n|switch|p2a: Landorus|Landorus-Therian, L50, M|84\/100\n|-ability|p2a: Landorus|Intimidate|boost\n|-unboost|p1a: Amoonguss|atk|1\n|-unboost|p1b: Roaring Moon|atk|1\n|switch|p1a: Landorus|Landorus-Therian, L50, M|89\/100\n|-ability|p1a: Landorus|Intimidate|boost\n|-unboost|p2a: Landorus|atk|1\n|-unboost|p2b: Ogerpon|atk|1\n|-terastallize|p2b: Ogerpon|Water\n|detailschange|p2b: Ogerpon|Ogerpon-Wellspring-Tera, L50, F, tera:Water\n|-ability|p2b: Ogerpon|Embody Aspect (Wellspring)|boost\n|-boost|p2b: Ogerpon|spd|1\n|move|p1b: Roaring Moon|Knock Off|p2a: Landorus\n|-damage|p2a: Landorus|22\/100\n|-enditem|p2a: Landorus|Choice Scarf|[from] move: Knock Off|[of] p1b: Roaring Moon\n|move|p2b: Ogerpon|Swords Dance|p2b: Ogerpon\n|-boost|p2b: Ogerpon|atk|2\n|\n|upkeep\n|turn|4\n|inactive|Lightoz VIII has 30 seconds left.\n|inactive|celeme has 30 seconds left.\n|inactive|celeme has 20 seconds left.\n|\n|t:|1700062553\n|move|p1a: Landorus|U-turn|p2a: Landorus\n|-resisted|p2a: Landorus\n|-crit|p2a: Landorus\n|-damage|p2a: Landorus|0 fnt\n|faint|p2a: Landorus\n|\n|t:|1700062557\n|switch|p1a: Amoonguss|Amoonguss, L50, F, shiny|100\/100|[from] U-turn\n|move|p1b: Roaring Moon|Acrobatics|p2b: Ogerpon\n|-damage|p2b: Ogerpon|68\/100\n|move|p2b: Ogerpon|Ivy Cudgel|p1a: Amoonguss|[anim] Ivy Cudgel Water\n|-resisted|p1a: Amoonguss\n|-damage|p1a: Amoonguss|61\/100\n|\n|-heal|p2b: Ogerpon|74\/100|[from] Grassy Terrain\n|-heal|p1a: Amoonguss|67\/100|[from] Grassy Terrain\n|upkeep\n|\n|t:|1700062570\n|switch|p2a: Rillaboom|Rillaboom, L50, M|71\/100\n|turn|5\n|\n|t:|1700062585\n|move|p2a: Rillaboom|Fake Out|p1a: Amoonguss\n|-damage|p1a: Amoonguss|55\/100\n|-damage|p2a: Rillaboom|55\/100|[from] item: Rocky Helmet|[of] p1a: Amoonguss\n|move|p1b: Roaring Moon|Acrobatics|p2a: Rillaboom\n|-supereffective|p2a: Rillaboom\n|-damage|p2a: Rillaboom|0 fnt\n|faint|p2a: Rillaboom\n|move|p2b: Ogerpon|Swords Dance|p2b: Ogerpon\n|-boost|p2b: Ogerpon|atk|2\n|cant|p1a: Amoonguss|flinch\n|\n|-heal|p2b: Ogerpon|80\/100|[from] Grassy Terrain\n|-heal|p1a: Amoonguss|61\/100|[from] Grassy Terrain\n|-fieldend|move: Grassy Terrain\n|upkeep\n|\n|t:|1700062601\n|switch|p2a: Flutter Mane|Flutter Mane, L50|100\/100\n|-enditem|p2a: Flutter Mane|Booster Energy\n|-activate|p2a: Flutter Mane|ability: Protosynthesis|[fromitem]\n|-start|p2a: Flutter Mane|protosynthesisspe\n|turn|6\n|inactive|Lightoz VIII has 30 seconds left.\n|inactive|Lightoz VIII has 20 seconds left.\n|inactive|Lightoz VIII has 15 seconds left.\n|\n|t:|1700062643\n|switch|p1a: Heatran|Heatran, L50, M|100\/100\n|move|p1b: Roaring Moon|Protect|p1b: Roaring Moon\n|-singleturn|p1b: Roaring Moon|Protect\n|move|p2a: Flutter Mane|Icy Wind|p1a: Heatran|[spread] p1a\n|-activate|p1b: Roaring Moon|move: Protect\n|-resisted|p1a: Heatran\n|-damage|p1a: Heatran|97\/100\n|-unboost|p1a: Heatran|spe|1\n|move|p2b: Ogerpon|Ivy Cudgel|p1a: Heatran|[anim] Ivy Cudgel Water\n|-supereffective|p1a: Heatran\n|-damage|p1a: Heatran|0 fnt\n|faint|p1a: Heatran\n|\n|upkeep\n|\n|t:|1700062650\n|switch|p1a: Amoonguss|Amoonguss, L50, F, shiny|94\/100\n|turn|7\n|inactive|celeme has 30 seconds left.\n|\n|t:|1700062676\n|-end|p1b: Roaring Moon|Protosynthesis|[silent]\n|switch|p1b: Landorus|Landorus-Therian, L50, M|89\/100\n|-ability|p1b: Landorus|Intimidate|boost\n|-unboost|p2a: Flutter Mane|atk|1\n|-unboost|p2b: Ogerpon|atk|1\n|move|p2a: Flutter Mane|Shadow Ball|p1a: Amoonguss\n|-damage|p1a: Amoonguss|56\/100\n|-unboost|p1a: Amoonguss|spd|1\n|move|p2b: Ogerpon|Ivy Cudgel|p1a: Amoonguss|[anim] Ivy Cudgel Water\n|-resisted|p1a: Amoonguss\n|-damage|p1a: Amoonguss|0 fnt\n|faint|p1a: Amoonguss\n|\n|upkeep\n|\n|t:|1700062686\n|switch|p1a: Roaring Moon|Roaring Moon, L50|100\/100\n|turn|8\n|\n|t:|1700062709\n|-terastallize|p1a: Roaring Moon|Flying\n|move|p2a: Flutter Mane|Icy Wind|p1b: Landorus|[spread] p1a,p1b\n|-supereffective|p1a: Roaring Moon\n|-supereffective|p1b: Landorus\n|-damage|p1a: Roaring Moon|77\/100\n|-damage|p1b: Landorus|10\/100\n|-unboost|p1a: Roaring Moon|spe|1\n|-unboost|p1b: Landorus|spe|1\n|move|p2b: Ogerpon|Ivy Cudgel|p1b: Landorus|[anim] Ivy Cudgel Water\n|-supereffective|p1b: Landorus\n|-damage|p1b: Landorus|0 fnt\n|faint|p1b: Landorus\n|move|p1a: Roaring Moon|Acrobatics|p2a: Flutter Mane\n|-damage|p2a: Flutter Mane|0 fnt\n|faint|p2a: Flutter Mane\n|-end|p2a: Flutter Mane|Protosynthesis|[silent]\n|\n|upkeep\n|turn|9\n|\n|t:|1700062726\n|move|p2b: Ogerpon|Ivy Cudgel|p1a: Roaring Moon|[anim] Ivy Cudgel Water\n|-damage|p1a: Roaring Moon|0 fnt\n|faint|p1a: Roaring Moon\n|-end|p1a: Roaring Moon|Protosynthesis|[silent]\n|\n|win|celeme\n|raw|Lightoz VIII's rating: 1472 &rarr; <strong>1449<\/strong><br \/>(-23 for losing)\n|raw|celeme's rating: 1411 &rarr; <strong>1434<\/strong><br \/>(+23 for winning)\n|l|\u2606Lightoz VIII\n","uploadtime":1700062893,"views":8,"p1id":"lightozviii","p2id":"celeme","formatid":"gen9vgc2023regulatione","rating":1434,"private":0,"password":""}