{"id":"gen9vgc2023regulatione-1990138112","p1":"Fluffyboi_Games","p2":"Jimothy1","format":"[Gen 9] VGC 2023 Regulation E","log":"|j|\u2606Fluffyboi_Games\n|j|\u2606Jimothy1\n|t:|1699928680\n|gametype|doubles\n|player|p1|Fluffyboi_Games|colress|1065\n|player|p2|Jimothy1|dragontamer|1138\n|teamsize|p1|6\n|teamsize|p2|6\n|gen|9\n|tier|[Gen 9] VGC 2023 Regulation E\n|rated|\n|rule|Species Clause: Limit one of each Pok\u00e9mon\n|rule|Item Clause: Limit one of each item\n|clearpoke\n|poke|p1|Sunflora, L50, F|\n|poke|p1|Torkoal, L50, M|\n|poke|p1|Farigiraf, L50, M|\n|poke|p1|Sneasler, L50, M|\n|poke|p1|Arcanine-Hisui, L50, F|\n|poke|p1|Ursaluna, L50, M|\n|poke|p2|Iron Jugulis, L50|\n|poke|p2|Ogerpon-Wellspring, L50, F|\n|poke|p2|Tinkaton, L50, F|\n|poke|p2|Great Tusk, L50|\n|poke|p2|Tornadus, L50, M|\n|poke|p2|Dragapult, L50, F|\n|teampreview|4\n|\n|t:|1699928731\n|start\n|switch|p1a: Farigiraf|Farigiraf, L50, M|100\/100\n|switch|p1b: Torkoal|Torkoal, L50, M|100\/100\n|switch|p2a: Great Tusk|Great Tusk, L50|100\/100\n|switch|p2b: Iron Jugulis|Iron Jugulis, L50|100\/100\n|-weather|SunnyDay|[from] ability: Drought|[of] p1b: Torkoal\n|-activate|p2a: Great Tusk|ability: Protosynthesis\n|-start|p2a: Great Tusk|protosynthesisspe\n|turn|1\n|inactive|Battle timer is ON: inactive players will automatically lose when time's up. (requested by Jimothy1)\n|\n|t:|1699928756\n|-terastallize|p2a: Great Tusk|Poison\n|move|p2a: Great Tusk|Headlong Rush|p1b: Torkoal\n|-supereffective|p1b: Torkoal\n|-damage|p1b: Torkoal|25\/100\n|-unboost|p2a: Great Tusk|def|1\n|-unboost|p2a: Great Tusk|spd|1\n|move|p2b: Iron Jugulis|Knock Off|p1a: Farigiraf\n|-supereffective|p1a: Farigiraf\n|-damage|p1a: Farigiraf|27\/100\n|-enditem|p1a: Farigiraf|Aguav Berry|[from] move: Knock Off|[of] p2b: Iron Jugulis\n|-damage|p2b: Iron Jugulis|91\/100|[from] item: Life Orb\n|move|p1b: Torkoal|Will-O-Wisp|p2a: Great Tusk\n|-status|p2a: Great Tusk|brn\n|move|p1a: Farigiraf|Trick Room|p1a: Farigiraf\n|-fieldstart|move: Trick Room|[of] p1a: Farigiraf\n|\n|-weather|SunnyDay|[upkeep]\n|-damage|p2a: Great Tusk|95\/100 brn|[from] brn\n|upkeep\n|turn|2\n|inactive|Fluffyboi_Games has 30 seconds left.\n|inactive|Jimothy1 has 30 seconds left.\n|inactive|Fluffyboi_Games has 20 seconds left.\n|inactive|Fluffyboi_Games has 15 seconds left.\n|inactive|Fluffyboi_Games has 10 seconds left.\n|\n|t:|1699928803\n|-end|p2a: Great Tusk|Protosynthesis|[silent]\n|switch|p2a: Ogerpon|Ogerpon-Wellspring, L50, F|100\/100\n|move|p1b: Torkoal|Will-O-Wisp|p2b: Iron Jugulis\n|-status|p2b: Iron Jugulis|brn\n|move|p1a: Farigiraf|Calm Mind|p1a: Farigiraf\n|-boost|p1a: Farigiraf|spa|1\n|-boost|p1a: Farigiraf|spd|1\n|move|p2b: Iron Jugulis|Earth Power|p1b: Torkoal\n|-supereffective|p1b: Torkoal\n|-damage|p1b: Torkoal|0 fnt\n|faint|p1b: Torkoal\n|-damage|p2b: Iron Jugulis|82\/100 brn|[from] item: Life Orb\n|\n|-weather|SunnyDay|[upkeep]\n|-damage|p2b: Iron Jugulis|76\/100 brn|[from] brn\n|upkeep\n|\n|t:|1699928816\n|switch|p1b: Sunflora|Sunflora, L50, F|100\/100\n|turn|3\n|inactive|Fluffyboi_Games has 30 seconds left.\n|inactive|Fluffyboi_Games has 20 seconds left.\n|\n|t:|1699928853\n|-terastallize|p1b: Sunflora|Fire\n|move|p2a: Ogerpon|Follow Me|p2a: Ogerpon\n|-singleturn|p2a: Ogerpon|move: Follow Me\n|move|p1b: Sunflora|Weather Ball|p2a: Ogerpon\n|-damage|p2a: Ogerpon|0 fnt\n|faint|p2a: Ogerpon\n|move|p1a: Farigiraf|Calm Mind|p1a: Farigiraf\n|-boost|p1a: Farigiraf|spa|1\n|-boost|p1a: Farigiraf|spd|1\n|move|p2b: Iron Jugulis|Knock Off|p1a: Farigiraf\n|-supereffective|p1a: Farigiraf\n|-damage|p1a: Farigiraf|0 fnt\n|faint|p1a: Farigiraf\n|-damage|p2b: Iron Jugulis|66\/100 brn|[from] item: Life Orb\n|\n|-weather|SunnyDay|[upkeep]\n|-damage|p1b: Sunflora|88\/100|[from] ability: Solar Power|[of] p1b: Sunflora\n|-damage|p2b: Iron Jugulis|60\/100 brn|[from] brn\n|upkeep\n|\n|t:|1699928880\n|switch|p1a: Arcanine|Arcanine-Hisui, L50, F|100\/100\n|switch|p2a: Great Tusk|Great Tusk, L50, tera:Poison|95\/100 brn\n|-activate|p2a: Great Tusk|ability: Protosynthesis\n|-start|p2a: Great Tusk|protosynthesisspe\n|turn|4\n|inactive|Fluffyboi_Games has 30 seconds left.\n|\n|t:|1699928906\n|move|p1b: Sunflora|Weather Ball|p2a: Great Tusk\n|-damage|p2a: Great Tusk|0 fnt\n|faint|p2a: Great Tusk\n|-end|p2a: Great Tusk|Protosynthesis|[silent]\n|move|p1a: Arcanine|Head Smash|p2b: Iron Jugulis\n|-supereffective|p2b: Iron Jugulis\n|-damage|p2b: Iron Jugulis|0 fnt\n|faint|p2b: Iron Jugulis\n|-end|p2b: Iron Jugulis|Quark Drive|[silent]\n|\n|-weather|SunnyDay|[upkeep]\n|-damage|p1b: Sunflora|76\/100|[from] ability: Solar Power|[of] p1b: Sunflora\n|upkeep\n|\n|t:|1699928912\n|switch|p2b: Dragapult|Dragapult, L50, F|100\/100\n|turn|5\n|inactive|Fluffyboi_Games has 30 seconds left.\n|\n|t:|1699928944\n|move|p1b: Sunflora|Weather Ball|p2b: Dragapult\n|-resisted|p2b: Dragapult\n|-damage|p2b: Dragapult|16\/100\n|move|p1a: Arcanine|Head Smash|p2b: Dragapult\n|-damage|p2b: Dragapult|0 fnt\n|faint|p2b: Dragapult\n|\n|win|Fluffyboi_Games\n|raw|Fluffyboi_Games's rating: 1065 &rarr; <strong>1102<\/strong><br \/>(+37 for winning)\n|raw|Jimothy1's rating: 1138 &rarr; <strong>1108<\/strong><br \/>(-30 for losing)\n|c|\u2606Jimothy1|gg\n","uploadtime":1699928958,"views":26,"p1id":"fluffyboigames","p2id":"jimothy1","formatid":"gen9vgc2023regulatione","rating":1102,"private":0,"password":""}