{"id":"gen9vgc2023regulatione-1996429575","p1":"TobiVGC","p2":"Tractie","format":"[Gen 9] VGC 2023 Regulation E","log":"|j|\u2606TobiVGC\n|j|\u2606Tractie\n|n|\u2606TobiVGC|tobivgc\n|n|\u2606Tractie|tractie\n|html|View the match progress at <a href=\"\/game-bestof3-gen9vgc2023regulatione-1996429574\">game-bestof3-gen9vgc2023regulatione-1996429574<\/a>\n|t:|1700681193\n|gametype|doubles\n|player|p1|TobiVGC|170|\n|player|p2|Tractie|265|\n|teamsize|p1|6\n|teamsize|p2|6\n|gen|9\n|tier|[Gen 9] VGC 2023 Regulation E\n|rule|Species Clause: Limit one of each Pok\u00e9mon\n|rule|Item Clause: Limit one of each item\n|clearpoke\n|poke|p1|Iron Hands, L50|\n|poke|p1|Dusclops, L50, M|\n|poke|p1|Ogerpon-Wellspring, L50, F|\n|poke|p1|Ursaluna-Bloodmoon, L50, M|\n|poke|p1|Heatran, L50, F|\n|poke|p1|Urshifu-*, L50, M|\n|poke|p2|Flutter Mane, L50|\n|poke|p2|Brambleghast, L50, M|\n|poke|p2|Chi-Yu, L50|\n|poke|p2|Tornadus, L50, M|\n|poke|p2|Gholdengo, L50|\n|poke|p2|Urshifu-*, L50, M|\n|teampreview|4\nTractie has agreed to open team sheets.\nTobiVGC has agreed to open team sheets.\n|showteam|p1|Iron Hands||AssaultVest|QuarkDrive|FakeOut,WildCharge,VoltSwitch,DrainPunch||||||50|,,,,,Fire]Dusclops||Eviolite|Pressure|WillOWisp,TrickRoom,NightShade,HelpingHand|||M|||50|,,,,,Dark]Ogerpon-Wellspring||WellspringMask|WaterAbsorb|SpikyShield,FollowMe,HornLeech,IvyCudgel|||F|||50|,,,,,Water]Ursaluna-Bloodmoon||SilkScarf|MindsEye|EarthPower,Protect,HyperVoice,BloodMoon|||M|||50|,,,,,Normal]Heatran||LifeOrb|FlashFire|HeatWave,FlashCannon,EarthPower,Protect|||F|||50|,,,,,Fairy]Urshifu||FocusSash|UnseenFist|CloseCombat,WickedBlow,SuckerPunch,Protect|||M|||50|,,,,,Dark\n|showteam|p2|Flutter Mane||BoosterEnergy|Protosynthesis|ShadowBall,Moonblast,IcyWind,Protect||||||50|,,,,,Fairy]Brambleghast||FocusSash|WindRider|PowerWhip,Poltergeist,ShadowSneak,StrengthSap|||M|||50|,,,,,Ghost]Chi-Yu||LifeOrb|BeadsofRuin|HeatWave,DarkPulse,Overheat,Protect||||||50|,,,,,Ghost]Tornadus||CovertCloak|Prankster|BleakwindStorm,Tailwind,Taunt,Protect|||M|||50|,,,,,Steel]Gholdengo||ChoiceSpecs|GoodasGold|MakeItRain,ShadowBall,Thunderbolt,SteelBeam||||||50|,,,,,Steel]Urshifu-Rapid-Strike||MysticWater|UnseenFist|AquaJet,SurgingStrikes,CloseCombat,Detect|||M|||50|,,,,,Water\n|\n|t:|1700681270\n|start\n|switch|p1a: Dusclops|Dusclops, L50, M|100\/100\n|switch|p1b: Ogerpon|Ogerpon-Wellspring, L50, F|100\/100\n|switch|p2a: Chi-Yu|Chi-Yu, L50|100\/100\n|switch|p2b: Gholdengo|Gholdengo, L50|100\/100\n|-ability|p2a: Chi-Yu|Beads of Ruin\n|-ability|p1a: Dusclops|Pressure\n|turn|1\n|\n|t:|1700681319\n|-terastallize|p2b: Gholdengo|Steel\n|move|p1b: Ogerpon|Follow Me|p1b: Ogerpon\n|-singleturn|p1b: Ogerpon|move: Follow Me\n|move|p2a: Chi-Yu|Dark Pulse|p1b: Ogerpon\n|-damage|p1b: Ogerpon|25\/100\n|-damage|p2a: Chi-Yu|91\/100|[from] item: Life Orb\n|move|p2b: Gholdengo|Make It Rain|p1b: Ogerpon|[spread] p1a,p1b\n|-resisted|p1b: Ogerpon\n|-damage|p1a: Dusclops|18\/100\n|-damage|p1b: Ogerpon|0 fnt\n|-unboost|p2b: Gholdengo|spa|1\n|faint|p1b: Ogerpon\n|move|p1a: Dusclops|Trick Room|p1a: Dusclops\n|-fieldstart|move: Trick Room|[of] p1a: Dusclops\n|\n|upkeep\n|\n|t:|1700681337\n|switch|p1b: Ursaluna|Ursaluna-Bloodmoon, L50, M|100\/100\n|turn|2\n|\n|t:|1700681353\n|-terastallize|p1b: Ursaluna|Normal\n|move|p1a: Dusclops|Helping Hand|p1b: Ursaluna\n|-singleturn|p1b: Ursaluna|Helping Hand|[of] p1a: Dusclops\n|move|p1b: Ursaluna|Hyper Voice|p2a: Chi-Yu|[spread] p2a,p2b\n|-resisted|p2b: Gholdengo\n|-damage|p2a: Chi-Yu|1\/100\n|-damage|p2b: Gholdengo|30\/100\n|move|p2b: Gholdengo|Make It Rain|p1b: Ursaluna|[spread] p1a,p1b\n|-damage|p1a: Dusclops|0 fnt\n|-damage|p1b: Ursaluna|1\/100\n|-unboost|p2b: Gholdengo|spa|1\n|faint|p1a: Dusclops\n|move|p2a: Chi-Yu|Heat Wave|p1b: Ursaluna\n|-damage|p1b: Ursaluna|0 fnt\n|faint|p1b: Ursaluna\n|-damage|p2a: Chi-Yu|0 fnt|[from] item: Life Orb\n|faint|p2a: Chi-Yu\n|\n|upkeep\n|\n|t:|1700681379\n|switch|p1b: Iron Hands|Iron Hands, L50|100\/100\n|switch|p2a: Urshifu|Urshifu-Rapid-Strike, L50, M|100\/100\n|turn|3\n|\n|t:|1700681430\n|switch|p2b: Tornadus|Tornadus, L50, M|100\/100\n|move|p2a: Urshifu|Detect|p2a: Urshifu\n|-singleturn|p2a: Urshifu|Protect\n|move|p1b: Iron Hands|Drain Punch|p2a: Urshifu\n|-activate|p2a: Urshifu|move: Protect\n|\n|upkeep\n|turn|4\n|\n|t:|1700681450\n|move|p1b: Iron Hands|Drain Punch|p2a: Urshifu\n|-crit|p2a: Urshifu\n|-damage|p2a: Urshifu|40\/100\n|move|p2a: Urshifu|Surging Strikes|p1b: Iron Hands\n|-crit|p1b: Iron Hands\n|-damage|p1b: Iron Hands|85\/100\n|-crit|p1b: Iron Hands\n|-damage|p1b: Iron Hands|67\/100\n|-crit|p1b: Iron Hands\n|-damage|p1b: Iron Hands|50\/100\n|-hitcount|p1b: Iron Hands|3\n|move|p2b: Tornadus|Bleakwind Storm|p1b: Iron Hands\n|-damage|p1b: Iron Hands|27\/100\n|\n|upkeep\n|turn|5\n|\n|t:|1700681462\n|move|p2b: Tornadus|Protect|p2b: Tornadus\n|-singleturn|p2b: Tornadus|Protect\n|move|p2a: Urshifu|Detect|p2a: Urshifu\n|-singleturn|p2a: Urshifu|Protect\n|move|p1b: Iron Hands|Wild Charge|p2b: Tornadus\n|-activate|p2b: Tornadus|move: Protect\n|\n|-fieldend|move: Trick Room\n|upkeep\n|turn|6\n|\n|t:|1700681471\n|move|p2b: Tornadus|Bleakwind Storm|p1b: Iron Hands\n|-damage|p1b: Iron Hands|5\/100\n|-unboost|p1b: Iron Hands|spe|1\n|move|p2a: Urshifu|Surging Strikes|p1b: Iron Hands\n|-crit|p1b: Iron Hands\n|-damage|p1b: Iron Hands|0 fnt\n|faint|p1b: Iron Hands\n|-end|p1b: Iron Hands|Quark Drive|[silent]\n|-hitcount|p1: Iron Hands|1\n|\n|win|Tractie\n|c|&|\/uhtml prompt-tobivgc,TobiVGC is ready for game 2!\n|inactive|Tractie has 50 seconds to confirm battle start!\n","uploadtime":1700681485,"views":5,"p1id":"tobivgc","p2id":"tractie","formatid":"gen9vgc2023regulatione","rating":0,"private":0,"password":""}