{"id":"gen9vgc2023regulatione-1994552453","p1":"XL1234","p2":"Sxo910","format":"[Gen 9] VGC 2023 Regulation E","log":"|j|\u2606XL1234\n|j|\u2606Sxo910\n|t:|1700458648\n|gametype|doubles\n|player|p1|XL1234|skyla|1181\n|player|p2|Sxo910|170|1171\n|teamsize|p1|6\n|teamsize|p2|6\n|gen|9\n|tier|[Gen 9] VGC 2023 Regulation E\n|rated|\n|rule|Species Clause: Limit one of each Pok\u00e9mon\n|rule|Item Clause: Limit one of each item\n|clearpoke\n|poke|p1|Ogerpon-Wellspring, L50, F|\n|poke|p1|Tornadus, L50, M|\n|poke|p1|Arcanine-Hisui, L50, M|\n|poke|p1|Iron Hands, L50|\n|poke|p1|Gholdengo, L50|\n|poke|p1|Urshifu-*, L50, M|\n|poke|p2|Clefairy, L50, M|\n|poke|p2|Iron Hands, L50|\n|poke|p2|Sinistcha-Masterpiece, L50|\n|poke|p2|Urshifu-*, L50, M|\n|poke|p2|Ursaluna-Bloodmoon, L50, M|\n|poke|p2|Heatran, L50, F|\n|teampreview|4\n|inactive|Battle timer is ON: inactive players will automatically lose when time's up. (requested by XL1234)\n|inactive|XL1234 has 60 seconds left.\n|inactive|Sxo910 has 60 seconds left.\n|\n|t:|1700458707\n|start\n|switch|p1a: Tornadus|Tornadus, L50, M|100\/100\n|switch|p1b: Iron Hands|Iron Hands, L50|100\/100\n|switch|p2a: Urshifu|Urshifu-Rapid-Strike, L50, M|100\/100\n|switch|p2b: Ursaluna|Ursaluna-Bloodmoon, L50, M|100\/100\n|turn|1\n|inactive|XL1234 has 30 seconds left.\n|\n|t:|1700458733\n|move|p1a: Tornadus|Tailwind|p1a: Tornadus\n|-sidestart|p1: XL1234|move: Tailwind\n|move|p2a: Urshifu|Surging Strikes|p1a: Tornadus\n|-crit|p1a: Tornadus\n|-damage|p1a: Tornadus|76\/100\n|-crit|p1a: Tornadus\n|-damage|p1a: Tornadus|48\/100\n|-crit|p1a: Tornadus\n|-damage|p1a: Tornadus|21\/100\n|-hitcount|p1a: Tornadus|3\n|move|p1b: Iron Hands|Wild Charge|p2a: Urshifu\n|-supereffective|p2a: Urshifu\n|-damage|p2a: Urshifu|12\/100\n|-damage|p1b: Iron Hands|83\/100|[from] Recoil\n|move|p2b: Ursaluna|Blood Moon|p1b: Iron Hands\n|-damage|p1b: Iron Hands|48\/100\n|\n|upkeep\n|turn|2\n|inactive|XL1234 has 30 seconds left.\n|inactive|Sxo910 has 30 seconds left.\n|inactive|XL1234 has 20 seconds left.\n|inactive|XL1234 has 15 seconds left.\n|inactive|XL1234 has 10 seconds left.\n|\n|t:|1700458778\n|switch|p1a: Arcanine|Arcanine-Hisui, L50, M|100\/100\n|-ability|p1a: Arcanine|Intimidate|boost\n|-unboost|p2a: Urshifu|atk|1\n|-unboost|p2b: Ursaluna|atk|1\n|-end|p1b: Iron Hands|Quark Drive|[silent]\n|switch|p1b: Urshifu|Urshifu-Rapid-Strike, L50, M|100\/100\n|move|p2b: Ursaluna|Protect|p2b: Ursaluna\n|-singleturn|p2b: Ursaluna|Protect\n|move|p2a: Urshifu|Surging Strikes|p1a: Arcanine\n|-supereffective|p1a: Arcanine\n|-crit|p1a: Arcanine\n|-damage|p1a: Arcanine|8\/100\n|-supereffective|p1a: Arcanine\n|-crit|p1a: Arcanine\n|-damage|p1a: Arcanine|0 fnt\n|faint|p1a: Arcanine\n|-hitcount|p1: Arcanine|2\n|\n|upkeep\n|inactive|XL1234 has 30 seconds left.\n|\n|t:|1700458813\n|switch|p1a: Tornadus|Tornadus, L50, M|21\/100\n|turn|3\n|\n|t:|1700458829\n|move|p1b: Urshifu|Surging Strikes|p2b: Ursaluna\n|-supereffective|p2b: Ursaluna\n|-crit|p2b: Ursaluna\n|-damage|p2b: Ursaluna|70\/100\n|-supereffective|p2b: Ursaluna\n|-crit|p2b: Ursaluna\n|-damage|p2b: Ursaluna|39\/100\n|-supereffective|p2b: Ursaluna\n|-crit|p2b: Ursaluna\n|-damage|p2b: Ursaluna|7\/100\n|-hitcount|p2b: Ursaluna|3\n|move|p1a: Tornadus|Bleakwind Storm|p2b: Ursaluna|[spread] \n|-miss|p1a: Tornadus|p2a: Urshifu\n|-miss|p1a: Tornadus|p2b: Ursaluna\n|move|p2a: Urshifu|Surging Strikes|p1a: Tornadus\n|-crit|p1a: Tornadus\n|-damage|p1a: Tornadus|0 fnt\n|faint|p1a: Tornadus\n|-hitcount|p1: Tornadus|1\n|move|p2b: Ursaluna|Blood Moon|p1b: Urshifu\n|-damage|p1b: Urshifu|0 fnt\n|faint|p1b: Urshifu\n|\n|-heal|p2b: Ursaluna|14\/100|[from] item: Leftovers\n|upkeep\n|inactive|XL1234 has 30 seconds left.\n|\n|t:|1700458856\n|switch|p1a: Iron Hands|Iron Hands, L50|48\/100\n|turn|4\n|\n|t:|1700458861\n|move|p2b: Ursaluna|Protect|p2b: Ursaluna\n|-singleturn|p2b: Ursaluna|Protect\n|move|p2a: Urshifu|Surging Strikes|p1a: Iron Hands\n|-crit|p1a: Iron Hands\n|-damage|p1a: Iron Hands|35\/100\n|-crit|p1a: Iron Hands\n|-damage|p1a: Iron Hands|19\/100\n|-crit|p1a: Iron Hands\n|-damage|p1a: Iron Hands|4\/100\n|-hitcount|p1a: Iron Hands|3\n|move|p1a: Iron Hands|Drain Punch|p2b: Ursaluna\n|-activate|p2b: Ursaluna|move: Protect\n|\n|-heal|p2b: Ursaluna|20\/100|[from] item: Leftovers\n|-sideend|p1: XL1234|move: Tailwind\n|upkeep\n|turn|5\n|\n|t:|1700458873\n|move|p2b: Ursaluna|Protect|p2b: Ursaluna\n|-singleturn|p2b: Ursaluna|Protect\n|move|p2a: Urshifu|Surging Strikes|p1a: Iron Hands\n|-crit|p1a: Iron Hands\n|-damage|p1a: Iron Hands|0 fnt\n|faint|p1a: Iron Hands\n|-end|p1a: Iron Hands|Quark Drive|[silent]\n|-hitcount|p1: Iron Hands|1\n|\n|win|Sxo910\n|raw|XL1234's rating: 1181 &rarr; <strong>1155<\/strong><br \/>(-26 for losing)\n|raw|Sxo910's rating: 1171 &rarr; <strong>1197<\/strong><br \/>(+26 for winning)\n|l|\u2606XL1234\n","uploadtime":1700458883,"views":6,"p1id":"xl1234","p2id":"sxo910","formatid":"gen9vgc2023regulatione","rating":1155,"private":0,"password":""}