{"id":"gen9vgc2023regulatione-1999362788","p1":"Yaga31","p2":"Tempest brute","format":"[Gen 9] VGC 2023 Regulation E","log":"|j|\u2606Yaga31\n|j|\u2606Tempest brute\n|t:|1701067063\n|gametype|doubles\n|player|p1|Yaga31|101|1494\n|player|p2|Tempest brute|veteran|1596\n|teamsize|p1|6\n|teamsize|p2|6\n|gen|9\n|tier|[Gen 9] VGC 2023 Regulation E\n|rated|\n|rule|Species Clause: Limit one of each Pok\u00e9mon\n|rule|Item Clause: Limit one of each item\n|clearpoke\n|poke|p1|Iron Hands, L50|\n|poke|p1|Amoonguss, L50, M|\n|poke|p1|Volcarona, L50, M|\n|poke|p1|Landorus-Therian, L50, M|\n|poke|p1|Urshifu-*, L50, M|\n|poke|p1|Tornadus, L50, M|\n|poke|p2|Iron Valiant, L50|\n|poke|p2|Ting-Lu, L50|\n|poke|p2|Ogerpon-Hearthflame, L50, F|\n|poke|p2|Rotom-Wash, L50|\n|poke|p2|Gholdengo, L50|\n|poke|p2|Dragonite, L50, F|\n|teampreview|4\n|\n|t:|1701067102\n|start\n|switch|p1a: Volcarona|Volcarona, L50, M|100\/100\n|switch|p1b: Iron Hands|Iron Hands, L50|100\/100\n|switch|p2a: Ogerpon|Ogerpon-Hearthflame, L50, F|100\/100\n|switch|p2b: Mimi \"Incen\" Rotom|Rotom-Wash, L50|100\/100\n|-ability|p2a: Ogerpon|Mold Breaker\n|turn|1\n|\n|t:|1701067142\n|move|p1b: Iron Hands|Fake Out|p2b: Mimi \"Incen\" Rotom\n|-damage|p2b: Mimi \"Incen\" Rotom|88\/100\n|move|p1a: Volcarona|Quiver Dance|p1a: Volcarona\n|-boost|p1a: Volcarona|spa|1\n|-boost|p1a: Volcarona|spd|1\n|-boost|p1a: Volcarona|spe|1\n|move|p2a: Ogerpon|Leech Seed|p1a: Volcarona\n|-start|p1a: Volcarona|move: Leech Seed\n|cant|p2b: Mimi \"Incen\" Rotom|flinch\n|\n|-damage|p1a: Volcarona|88\/100|[from] Leech Seed|[of] p2a: Ogerpon\n|upkeep\n|turn|2\n|\n|t:|1701067164\n|switch|p2b: Dynapult|Dragonite, L50, F|100\/100\n|-end|p1b: Iron Hands|Quark Drive|[silent]\n|switch|p1b: Landorus|Landorus-Therian, L50, M|100\/100\n|-ability|p1b: Landorus|Intimidate|boost\n|-unboost|p2a: Ogerpon|atk|1\n|-unboost|p2b: Dynapult|atk|1\n|move|p1a: Volcarona|Giga Drain|p2b: Dynapult\n|-resisted|p2b: Dynapult\n|-crit|p2b: Dynapult\n|-damage|p2b: Dynapult|97\/100\n|-heal|p1a: Volcarona|90\/100|[from] drain|[of] p2b: Dynapult\n|move|p2a: Ogerpon|Ivy Cudgel|p1a: Volcarona|[anim] Ivy Cudgel Fire\n|-damage|p1a: Volcarona|52\/100\n|\n|-heal|p1a: Volcarona|58\/100|[from] item: Leftovers\n|-damage|p1a: Volcarona|46\/100|[from] Leech Seed|[of] p2a: Ogerpon\n|upkeep\n|turn|3\n|\n|t:|1701067197\n|switch|p2b: Mimi \"Incen\" Rotom|Rotom-Wash, L50|88\/100\n|move|p2a: Ogerpon|Spiky Shield|p2a: Ogerpon\n|-singleturn|p2a: Ogerpon|move: Protect\n|move|p1b: Landorus|Rock Slide|p2a: Ogerpon|[spread] p2b\n|-activate|p2a: Ogerpon|move: Protect\n|-damage|p2b: Mimi \"Incen\" Rotom|69\/100\n|move|p1a: Volcarona|Heat Wave|p2b: Mimi \"Incen\" Rotom|[spread] p2b\n|-activate|p2a: Ogerpon|move: Protect\n|-resisted|p2b: Mimi \"Incen\" Rotom\n|-damage|p2b: Mimi \"Incen\" Rotom|43\/100\n|-enditem|p2b: Mimi \"Incen\" Rotom|Sitrus Berry|[eat]\n|-heal|p2b: Mimi \"Incen\" Rotom|68\/100|[from] item: Sitrus Berry\n|\n|-heal|p1a: Volcarona|52\/100|[from] item: Leftovers\n|-damage|p1a: Volcarona|40\/100|[from] Leech Seed|[of] p2a: Ogerpon\n|upkeep\n|turn|4\n|\n|t:|1701067216\n|switch|p1a: Iron Hands|Iron Hands, L50|100\/100\n|switch|p2a: Dynapult|Dragonite, L50, F|97\/100\n|move|p2b: Mimi \"Incen\" Rotom|Protect|p2b: Mimi \"Incen\" Rotom\n|-singleturn|p2b: Mimi \"Incen\" Rotom|Protect\n|move|p1b: Landorus|Rock Slide|p2b: Mimi \"Incen\" Rotom|[spread] p2a\n|-activate|p2b: Mimi \"Incen\" Rotom|move: Protect\n|-supereffective|p2a: Dynapult\n|-damage|p2a: Dynapult|63\/100\n|\n|upkeep\n|turn|5\n|\n|t:|1701067230\n|switch|p2a: Gholdengo|Gholdengo, L50|100\/100\n|move|p1a: Iron Hands|Fake Out|p2b: Mimi \"Incen\" Rotom\n|-damage|p2b: Mimi \"Incen\" Rotom|55\/100\n|move|p1b: Landorus|Rock Slide|p2a: Gholdengo|[spread] p2a,p2b\n|-resisted|p2a: Gholdengo\n|-damage|p2a: Gholdengo|90\/100\n|-damage|p2b: Mimi \"Incen\" Rotom|36\/100\n|cant|p2b: Mimi \"Incen\" Rotom|flinch\n|\n|upkeep\n|turn|6\n|\n|t:|1701067266\n|switch|p1b: Amoonguss|Amoonguss, L50, M|100\/100\n|move|p2b: Mimi \"Incen\" Rotom|Will-O-Wisp|p1a: Iron Hands\n|-status|p1a: Iron Hands|brn\n|move|p2a: Gholdengo|Shadow Ball|p1b: Amoonguss\n|-damage|p1b: Amoonguss|69\/100\n|move|p1a: Iron Hands|Volt Switch|p2a: Gholdengo\n|-damage|p2a: Gholdengo|79\/100\n|\n|t:|1701067284\n|-end|p1a: Iron Hands|Quark Drive|[silent]\n|switch|p1a: Landorus|Landorus-Therian, L50, M|100\/100|[from] Volt Switch\n|-ability|p1a: Landorus|Intimidate|boost\n|-unboost|p2a: Gholdengo|atk|1\n|-unboost|p2b: Mimi \"Incen\" Rotom|atk|1\n|\n|upkeep\n|turn|7\n|\n|t:|1701067292\n|move|p2b: Mimi \"Incen\" Rotom|Protect|p2b: Mimi \"Incen\" Rotom\n|-singleturn|p2b: Mimi \"Incen\" Rotom|Protect\n|move|p2a: Gholdengo|Protect|p2a: Gholdengo\n|-singleturn|p2a: Gholdengo|Protect\n|move|p1a: Landorus|Stomping Tantrum|p2a: Gholdengo\n|-activate|p2a: Gholdengo|move: Protect\n|move|p1b: Amoonguss|Spore|p2b: Mimi \"Incen\" Rotom\n|-activate|p2b: Mimi \"Incen\" Rotom|move: Protect\n|\n|upkeep\n|turn|8\n|\n|t:|1701067309\n|switch|p1a: Volcarona|Volcarona, L50, M|40\/100\n|switch|p2a: Dynapult|Dragonite, L50, F|63\/100\n|move|p2b: Mimi \"Incen\" Rotom|Hydro Pump|p1a: Volcarona\n|-supereffective|p1a: Volcarona\n|-damage|p1a: Volcarona|0 fnt\n|faint|p1a: Volcarona\n|move|p1b: Amoonguss|Spore|p2b: Mimi \"Incen\" Rotom\n|-status|p2b: Mimi \"Incen\" Rotom|slp|[from] move: Spore\n|\n|upkeep\n|\n|t:|1701067320\n|switch|p1a: Landorus|Landorus-Therian, L50, M|100\/100\n|-ability|p1a: Landorus|Intimidate|boost\n|-unboost|p2a: Dynapult|atk|1\n|-unboost|p2b: Mimi \"Incen\" Rotom|atk|1\n|turn|9\n|\n|t:|1701067346\n|-terastallize|p1a: Landorus|Flying\n|-terastallize|p2a: Dynapult|Grass\n|cant|p2b: Mimi \"Incen\" Rotom|slp\n|move|p1a: Landorus|Tera Blast|p2a: Dynapult|[anim] Tera Blast Flying\n|-supereffective|p2a: Dynapult\n|-damage|p2a: Dynapult|0 fnt\n|faint|p2a: Dynapult\n|move|p1b: Amoonguss|Spore|p2b: Mimi \"Incen\" Rotom\n|-fail|p2b: Mimi \"Incen\" Rotom|slp\n|\n|upkeep\n|\n|t:|1701067353\n|switch|p2a: Gholdengo|Gholdengo, L50|79\/100\n|turn|10\n|inactive|Battle timer is ON: inactive players will automatically lose when time's up. (requested by Tempest brute)\n|\n|t:|1701067387\n|switch|p1a: Iron Hands|Iron Hands, L50|100\/100 brn\n|cant|p2b: Mimi \"Incen\" Rotom|slp\n|move|p2a: Gholdengo|Shadow Ball|p1b: Amoonguss\n|-damage|p1b: Amoonguss|36\/100\n|move|p1b: Amoonguss|Pollen Puff|p2b: Mimi \"Incen\" Rotom\n|-damage|p2b: Mimi \"Incen\" Rotom|19\/100 slp\n|\n|-damage|p1a: Iron Hands|94\/100 brn|[from] brn\n|upkeep\n|turn|11\n|\n|t:|1701067407\n|switch|p1b: Landorus|Landorus-Therian, L50, M, tera:Flying|100\/100\n|-ability|p1b: Landorus|Intimidate|boost\n|-unboost|p2a: Gholdengo|atk|1\n|-unboost|p2b: Mimi \"Incen\" Rotom|atk|1\n|cant|p2b: Mimi \"Incen\" Rotom|slp\n|move|p2a: Gholdengo|Recover|p2a: Gholdengo\n|-heal|p2a: Gholdengo|100\/100\n|move|p1a: Iron Hands|Wild Charge|p2b: Mimi \"Incen\" Rotom\n|-damage|p2b: Mimi \"Incen\" Rotom|0 fnt\n|faint|p2b: Mimi \"Incen\" Rotom\n|-damage|p1a: Iron Hands|91\/100 brn|[from] Recoil\n|\n|-damage|p1a: Iron Hands|85\/100 brn|[from] brn\n|upkeep\n|\n|t:|1701067414\n|switch|p2b: Ogerpon|Ogerpon-Hearthflame, L50, F|100\/100\n|-ability|p2b: Ogerpon|Mold Breaker\n|turn|12\n|inactive|Yaga31 has 30 seconds left.\n|\n|t:|1701067446\n|move|p2b: Ogerpon|Spiky Shield|p2b: Ogerpon\n|-singleturn|p2b: Ogerpon|move: Protect\n|move|p1b: Landorus|Tera Blast|p2b: Ogerpon|[anim] Tera Blast Flying\n|-activate|p2b: Ogerpon|move: Protect\n|move|p2a: Gholdengo|Shadow Ball|p1b: Landorus\n|-damage|p1b: Landorus|55\/100\n|move|p1a: Iron Hands|Wild Charge|p2a: Gholdengo\n|-damage|p2a: Gholdengo|80\/100\n|-damage|p1a: Iron Hands|69\/100 brn|[from] item: Rocky Helmet|[of] p2a: Gholdengo\n|-damage|p1a: Iron Hands|64\/100 brn|[from] Recoil\n|\n|-damage|p1a: Iron Hands|58\/100 brn|[from] brn\n|upkeep\n|turn|13\n|\n|t:|1701067469\n|move|p2b: Ogerpon|Spiky Shield||[still]\n|-fail|p2b: Ogerpon\n|move|p1b: Landorus|Tera Blast|p2b: Ogerpon|[anim] Tera Blast Flying\n|-supereffective|p2b: Ogerpon\n|-damage|p2b: Ogerpon|0 fnt\n|faint|p2b: Ogerpon\n|move|p2a: Gholdengo|Make It Rain|p1a: Iron Hands|[spread] p1a,p1b\n|-resisted|p1a: Iron Hands\n|-damage|p1a: Iron Hands|49\/100 brn\n|-damage|p1b: Landorus|4\/100\n|-unboost|p2a: Gholdengo|spa|1\n|move|p1a: Iron Hands|Volt Switch|p2a: Gholdengo\n|-damage|p2a: Gholdengo|68\/100\n|j| DrogonVCG\n|\n|t:|1701067483\n|-end|p1a: Iron Hands|Quark Drive|[silent]\n|switch|p1a: Amoonguss|Amoonguss, L50, M|69\/100|[from] Volt Switch\n|\n|upkeep\n|turn|14\n|l| DrogonVCG\n|\n|t:|1701067491\n|switch|p1b: Iron Hands|Iron Hands, L50|49\/100 brn\n|move|p2a: Gholdengo|Make It Rain|p1a: Amoonguss|[spread] p1a,p1b\n|-resisted|p1b: Iron Hands\n|-damage|p1a: Amoonguss|45\/100\n|-damage|p1b: Iron Hands|42\/100 brn\n|-unboost|p2a: Gholdengo|spa|1\n|move|p1a: Amoonguss|Pollen Puff|p1b: Iron Hands\n|-heal|p1b: Iron Hands|92\/100 brn\n|\n|-damage|p1b: Iron Hands|86\/100 brn|[from] brn\n|upkeep\n|turn|15\n|\n|t:|1701067504\n|move|p2a: Gholdengo|Make It Rain|p1b: Iron Hands|[spread] p1a,p1b\n|-resisted|p1b: Iron Hands\n|-damage|p1a: Amoonguss|29\/100\n|-damage|p1b: Iron Hands|81\/100 brn\n|-unboost|p2a: Gholdengo|spa|1\n|move|p1b: Iron Hands|Volt Switch|p2a: Gholdengo\n|-damage|p2a: Gholdengo|57\/100\n|\n|t:|1701067511\n|-end|p1b: Iron Hands|Quark Drive|[silent]\n|switch|p1b: Landorus|Landorus-Therian, L50, M, tera:Flying|4\/100|[from] Volt Switch\n|-ability|p1b: Landorus|Intimidate|boost\n|-unboost|p2a: Gholdengo|atk|1\n|move|p1a: Amoonguss|Pollen Puff|p1b: Landorus\n|-heal|p1b: Landorus|54\/100\n|\n|upkeep\n|turn|16\n|-message|Tempest brute forfeited.\n|\n|win|Yaga31\n|raw|Yaga31's rating: 1494 &rarr; <strong>1520<\/strong><br \/>(+26 for winning)\n|raw|Tempest brute's rating: 1596 &rarr; <strong>1570<\/strong><br \/>(-26 for losing)\n|l|\u2606Tempest brute\n","uploadtime":1701067891,"views":25,"p1id":"yaga31","p2id":"tempestbrute","formatid":"gen9vgc2023regulatione","rating":1520,"private":0,"password":""}