{"id":"gen9vgc2023regulatione-1995466111","p1":"Devlisted","p2":"Sauer_Rayan","format":"[Gen 9] VGC 2023 Regulation E","log":"|j|\u2606Devlisted\n|j|\u2606Sauer_Rayan\n|t:|1700573966\n|gametype|doubles\n|player|p1|Devlisted|266|\n|player|p2|Sauer_Rayan|1|\n|teamsize|p1|6\n|teamsize|p2|6\n|gen|9\n|tier|[Gen 9] VGC 2023 Regulation E\n|rule|Species Clause: Limit one of each Pok\u00e9mon\n|rule|Item Clause: Limit one of each item\n|clearpoke\n|poke|p1|Torterra, L50, M|\n|poke|p1|Ogerpon-Wellspring, L50, F|\n|poke|p1|Grimmsnarl, L50, M|\n|poke|p1|Flutter Mane, L50|\n|poke|p1|Urshifu-*, L50, F|\n|poke|p1|Cresselia, L50, F|\n|poke|p2|Clawitzer, L50, M|\n|poke|p2|Drednaw, L50, M|\n|poke|p2|Ogerpon-Wellspring, L50, F|\n|poke|p2|Pelipper, L50, M|\n|poke|p2|Azumarill, L50, F|\n|poke|p2|Basculegion, L50, M|\n|teampreview|4\n|\n|t:|1700574010\n|start\n|switch|p1a: Flutter Mane|Flutter Mane, L50|100\/100\n|switch|p1b: Ogerpon|Ogerpon-Wellspring, L50, F|100\/100\n|switch|p2a: Pelipper|Pelipper, L50, M|100\/100\n|switch|p2b: Clawitzer|Clawitzer, L50, M|100\/100\n|-weather|RainDance|[from] ability: Drizzle|[of] p2a: Pelipper\n|turn|1\n|\n|t:|1700574053\n|move|p1b: Ogerpon|Follow Me|p1b: Ogerpon\n|-singleturn|p1b: Ogerpon|move: Follow Me\n|move|p1a: Flutter Mane|Thunderbolt|p2b: Clawitzer\n|-supereffective|p2b: Clawitzer\n|-damage|p2b: Clawitzer|0 fnt\n|faint|p2b: Clawitzer\n|move|p2a: Pelipper|Hurricane|p1b: Ogerpon\n|-supereffective|p1b: Ogerpon\n|-damage|p1b: Ogerpon|26\/100\n|\n|-weather|RainDance|[upkeep]\n|upkeep\n|\n|t:|1700574063\n|switch|p2b: Ogerpon|Ogerpon-Wellspring, L50, F|100\/100\n|turn|2\n|\n|t:|1700574090\n|move|p1b: Ogerpon|Helping Hand|p1a: Flutter Mane\n|-singleturn|p1a: Flutter Mane|Helping Hand|[of] p1b: Ogerpon\n|move|p1a: Flutter Mane|Thunderbolt|p2b: Ogerpon\n|-damage|p2b: Ogerpon|36\/100\n|move|p2b: Ogerpon|Leech Seed|p1a: Flutter Mane\n|-start|p1a: Flutter Mane|move: Leech Seed\n|move|p2a: Pelipper|Hurricane|p1a: Flutter Mane\n|-damage|p1a: Flutter Mane|64\/100\n|\n|-weather|RainDance|[upkeep]\n|-damage|p1a: Flutter Mane|51\/100|[from] Leech Seed|[of] p2b: Ogerpon\n|-heal|p2b: Ogerpon|44\/100|[silent]\n|upkeep\n|turn|3\n|\n|t:|1700574112\n|move|p1b: Ogerpon|Helping Hand|p1a: Flutter Mane\n|-singleturn|p1a: Flutter Mane|Helping Hand|[of] p1b: Ogerpon\n|move|p2b: Ogerpon|Protect|p2b: Ogerpon\n|-singleturn|p2b: Ogerpon|Protect\n|move|p1a: Flutter Mane|Thunderbolt|p2b: Ogerpon\n|-activate|p2b: Ogerpon|move: Protect\n|move|p2a: Pelipper|Hurricane|p1b: Ogerpon\n|-supereffective|p1b: Ogerpon\n|-damage|p1b: Ogerpon|0 fnt\n|faint|p1b: Ogerpon\n|\n|-weather|RainDance|[upkeep]\n|-damage|p1a: Flutter Mane|39\/100|[from] Leech Seed|[of] p2b: Ogerpon\n|-heal|p2b: Ogerpon|53\/100|[silent]\n|upkeep\n|\n|t:|1700574122\n|switch|p1b: Urshifu|Urshifu, L50, F|100\/100\n|turn|4\n|\n|t:|1700574154\n|move|p1a: Flutter Mane|Thunderbolt|p2a: Pelipper\n|-supereffective|p2a: Pelipper\n|-enditem|p2a: Pelipper|Focus Sash\n|-damage|p2a: Pelipper|1\/100\n|move|p1b: Urshifu|Close Combat|p2b: Ogerpon\n|-damage|p2b: Ogerpon|0 fnt\n|-unboost|p1b: Urshifu|def|1\n|-unboost|p1b: Urshifu|spd|1\n|faint|p2b: Ogerpon\n|move|p2a: Pelipper|Hurricane|p1b: Urshifu\n|-supereffective|p1b: Urshifu\n|-enditem|p1b: Urshifu|Focus Sash\n|-damage|p1b: Urshifu|1\/100\n|\n|-weather|RainDance|[upkeep]\n|upkeep\n|\n|t:|1700574170\n|switch|p2b: Basculegion|Basculegion, L50, M|100\/100\n|turn|5\n|\n|t:|1700574223\n|move|p2b: Basculegion|Aqua Jet|p1a: Flutter Mane\n|-damage|p1a: Flutter Mane|0 fnt\n|faint|p1a: Flutter Mane\n|-end|p1a: Flutter Mane|Protosynthesis|[silent]\n|-damage|p2b: Basculegion|91\/100|[from] item: Life Orb\n|move|p1b: Urshifu|Wicked Blow|p2b: Basculegion\n|-supereffective|p2b: Basculegion\n|-crit|p2b: Basculegion\n|-damage|p2b: Basculegion|0 fnt\n|faint|p2b: Basculegion\n|move|p2a: Pelipper|Hurricane|p1b: Urshifu\n|-supereffective|p1b: Urshifu\n|-damage|p1b: Urshifu|0 fnt\n|faint|p1b: Urshifu\n|\n|-weather|none\n|upkeep\n|\n|t:|1700574227\n|switch|p1a: Torterra|Torterra, L50, M|100\/100\n|turn|6\n|\n|t:|1700574249\n|-terastallize|p1a: Torterra|Fairy\n|move|p2a: Pelipper|Hurricane|p1a: Torterra\n|-damage|p1a: Torterra|71\/100\n|move|p1a: Torterra|Body Press|p2a: Pelipper\n|-resisted|p2a: Pelipper\n|-damage|p2a: Pelipper|0 fnt\n|faint|p2a: Pelipper\n|\n|win|Devlisted\n","uploadtime":1700574265,"views":1,"p1id":"devlisted","p2id":"sauerrayan","formatid":"gen9vgc2023regulatione","rating":0,"private":0,"password":""}