{"id":"gen9vgc2023regulatione-1989698532","p1":"JayoticNL","p2":"Mellowthepokemoon","format":"[Gen 9] VGC 2023 Regulation E","log":"|j|\u2606JayoticNL\n|j|\u2606Mellowthepokemoon\n|t:|1699887968\n|gametype|doubles\n|player|p1|JayoticNL|emmet|\n|player|p2|Mellowthepokemoon|pokemonbreederf-gen4|\n|teamsize|p1|6\n|teamsize|p2|6\n|gen|9\n|tier|[Gen 9] VGC 2023 Regulation E\n|rule|Species Clause: Limit one of each Pok\u00e9mon\n|rule|Item Clause: Limit one of each item\n|clearpoke\n|poke|p1|Cresselia, L50, F|\n|poke|p1|Iron Hands, L50|\n|poke|p1|Flutter Mane, L50|\n|poke|p1|Chi-Yu, L50|\n|poke|p1|Amoonguss, L50, M|\n|poke|p1|Ursaluna-Bloodmoon, L50, M|\n|poke|p2|Ogerpon, L50, F|\n|poke|p2|Thundurus, L50, M|\n|poke|p2|Chi-Yu, L50|\n|poke|p2|Flutter Mane, L50|\n|poke|p2|Dondozo, L50, F|\n|poke|p2|Tatsugiri, L50, F|\n|teampreview|4\n|\n|t:|1699888003\n|start\n|switch|p1a: Amoonguss|Amoonguss, L50, M|100\/100\n|switch|p1b: Iron Hands|Iron Hands, L50|100\/100\n|switch|p2a: Chi-Yu|Chi-Yu, L50|100\/100\n|switch|p2b: Dondozo|Dondozo, L50, F|100\/100\n|-ability|p2a: Chi-Yu|Beads of Ruin\n|turn|1\n|\n|t:|1699888036\n|-terastallize|p1a: Amoonguss|Water\n|move|p1b: Iron Hands|Fake Out|p2b: Dondozo\n|-damage|p2b: Dondozo|91\/100\n|move|p2a: Chi-Yu|Overheat|p1a: Amoonguss\n|-resisted|p1a: Amoonguss\n|-damage|p1a: Amoonguss|38\/100\n|-unboost|p2a: Chi-Yu|spa|2\n|-enditem|p1a: Amoonguss|Sitrus Berry|[eat]\n|-heal|p1a: Amoonguss|63\/100|[from] item: Sitrus Berry\n|cant|p2b: Dondozo|flinch\n|move|p1a: Amoonguss|Spore|p2a: Chi-Yu\n|-status|p2a: Chi-Yu|slp|[from] move: Spore\n|\n|-heal|p2b: Dondozo|97\/100|[from] item: Leftovers\n|upkeep\n|turn|2\n|\n|t:|1699888058\n|switch|p2a: Ogerpon|Ogerpon, L50, F|100\/100\n|move|p2b: Dondozo|Earthquake|p1b: Iron Hands|[spread] p2a,p1a,p1b\n|-resisted|p2a: Ogerpon\n|-supereffective|p1b: Iron Hands\n|-damage|p2a: Ogerpon|90\/100\n|-damage|p1a: Amoonguss|49\/100\n|-damage|p1b: Iron Hands|78\/100\n|move|p1b: Iron Hands|Drain Punch|p2a: Ogerpon\n|-damage|p2a: Ogerpon|37\/100\n|-heal|p1b: Iron Hands|95\/100|[from] drain|[of] p2a: Ogerpon\n|move|p1a: Amoonguss|Spore|p2b: Dondozo\n|-status|p2b: Dondozo|slp|[from] move: Spore\n|\n|-heal|p2b: Dondozo|100\/100 slp|[from] item: Leftovers\n|upkeep\n|turn|3\n|\n|t:|1699888091\n|switch|p1a: Cresselia|Cresselia, L50, F|100\/100\n|move|p2a: Ogerpon|Ivy Cudgel|p1a: Cresselia\n|-crit|p1a: Cresselia\n|-damage|p1a: Cresselia|56\/100\n|cant|p2b: Dondozo|slp\n|move|p1b: Iron Hands|Drain Punch|p2a: Ogerpon\n|-damage|p2a: Ogerpon|0 fnt\n|-heal|p1b: Iron Hands|100\/100|[from] drain|[of] p2a: Ogerpon\n|faint|p2a: Ogerpon\n|\n|upkeep\n|\n|t:|1699888109\n|switch|p2a: Chi-Yu|Chi-Yu, L50|100\/100 slp\n|-ability|p2a: Chi-Yu|Beads of Ruin\n|turn|4\n|\n|t:|1699888132\n|-terastallize|p2a: Chi-Yu|Ghost\n|cant|p2a: Chi-Yu|slp\n|cant|p2b: Dondozo|slp\n|move|p1b: Iron Hands|Drain Punch|p2a: Chi-Yu\n|-immune|p2a: Chi-Yu\n|move|p1a: Cresselia|Trick Room|p1a: Cresselia\n|-fieldstart|move: Trick Room|[of] p1a: Cresselia\n|\n|upkeep\n|turn|5\n|\n|t:|1699888174\n|move|p1a: Cresselia|Helping Hand|p1b: Iron Hands\n|-singleturn|p1b: Iron Hands|Helping Hand|[of] p1a: Cresselia\n|move|p1b: Iron Hands|Wild Charge|p2b: Dondozo\n|-supereffective|p2b: Dondozo\n|-damage|p2b: Dondozo|17\/100 slp\n|-damage|p1b: Iron Hands|79\/100|[from] Recoil\n|cant|p2b: Dondozo|slp\n|-curestatus|p2a: Chi-Yu|slp|[msg]\n|move|p2a: Chi-Yu|Dark Pulse|p1a: Cresselia\n|-supereffective|p1a: Cresselia\n|-damage|p1a: Cresselia|0 fnt\n|faint|p1a: Cresselia\n|\n|-heal|p2b: Dondozo|23\/100 slp|[from] item: Leftovers\n|upkeep\n|\n|t:|1699888179\n|switch|p1a: Amoonguss|Amoonguss, L50, M, tera:Water|82\/100\n|turn|6\n|\n|t:|1699888196\n|switch|p2a: Tatsugiri|Tatsugiri, L50, F|100\/100\n|-activate|p2a: Tatsugiri|ability: Commander|[of] p2b: Dondozo\n|-boost|p2b: Dondozo|atk|2\n|-boost|p2b: Dondozo|spa|2\n|-boost|p2b: Dondozo|spe|2\n|-boost|p2b: Dondozo|def|2\n|-boost|p2b: Dondozo|spd|2\n|-curestatus|p2b: Dondozo|slp|[msg]\n|move|p2b: Dondozo|Protect|p2b: Dondozo\n|-singleturn|p2b: Dondozo|Protect\n|move|p1a: Amoonguss|Spore|p2a: Tatsugiri|[miss]\n|-miss|p1a: Amoonguss|p2a: Tatsugiri\n|move|p1b: Iron Hands|Wild Charge|p2b: Dondozo\n|-activate|p2b: Dondozo|move: Protect\n|\n|-heal|p2b: Dondozo|30\/100|[from] item: Leftovers\n|upkeep\n|turn|7\n|\n|t:|1699888216\n|move|p1a: Amoonguss|Spore|p2b: Dondozo\n|-status|p2b: Dondozo|slp|[from] move: Spore\n|move|p1b: Iron Hands|Wild Charge|p2b: Dondozo\n|-supereffective|p2b: Dondozo\n|-damage|p2b: Dondozo|0 fnt\n|faint|p2b: Dondozo\n|-damage|p1b: Iron Hands|72\/100|[from] Recoil\n|\n|upkeep\n|\n|t:|1699888224\n|switch|p2b: Chi-Yu|Chi-Yu, L50, tera:Ghost|100\/100\n|-ability|p2b: Chi-Yu|Beads of Ruin\n|turn|8\n|\n|t:|1699888233\n|move|p1a: Amoonguss|Spore|p2b: Chi-Yu\n|-status|p2b: Chi-Yu|slp|[from] move: Spore\n|move|p1b: Iron Hands|Wild Charge|p2a: Tatsugiri\n|-damage|p2a: Tatsugiri|17\/100\n|-damage|p1b: Iron Hands|59\/100|[from] Recoil\n|cant|p2b: Chi-Yu|slp\n|move|p2a: Tatsugiri|Icy Wind|p1b: Iron Hands|[spread] p1a\n|-miss|p2a: Tatsugiri|p1b: Iron Hands\n|-resisted|p1a: Amoonguss\n|-damage|p1a: Amoonguss|75\/100\n|-unboost|p1a: Amoonguss|spe|1\n|\n|-fieldend|move: Trick Room\n|upkeep\n|turn|9\n|\n|t:|1699888256\n|move|p2a: Tatsugiri|Icy Wind|p1a: Amoonguss|[spread] p1a,p1b\n|-resisted|p1a: Amoonguss\n|-damage|p1a: Amoonguss|67\/100\n|-damage|p1b: Iron Hands|51\/100\n|-unboost|p1a: Amoonguss|spe|1\n|-unboost|p1b: Iron Hands|spe|1\n|cant|p2b: Chi-Yu|slp\n|move|p1b: Iron Hands|Wild Charge|p2b: Chi-Yu\n|-damage|p2b: Chi-Yu|13\/100 slp\n|-damage|p1b: Iron Hands|39\/100|[from] Recoil\n|move|p1a: Amoonguss|Pollen Puff|p1b: Iron Hands\n|-heal|p1b: Iron Hands|89\/100\n|\n|upkeep\n|turn|10\n|\n|t:|1699888276\n|move|p1a: Amoonguss|Rage Powder|p1a: Amoonguss\n|-singleturn|p1a: Amoonguss|move: Rage Powder\n|move|p2a: Tatsugiri|Icy Wind|p1b: Iron Hands|[spread] p1a,p1b\n|-resisted|p1a: Amoonguss\n|-damage|p1a: Amoonguss|59\/100\n|-damage|p1b: Iron Hands|79\/100\n|-unboost|p1a: Amoonguss|spe|1\n|-unboost|p1b: Iron Hands|spe|1\n|-curestatus|p2b: Chi-Yu|slp|[msg]\n|move|p2b: Chi-Yu|Dark Pulse|p1a: Amoonguss\n|-damage|p1a: Amoonguss|0 fnt\n|faint|p1a: Amoonguss\n|move|p1b: Iron Hands|Wild Charge|p2b: Chi-Yu\n|-damage|p2b: Chi-Yu|0 fnt\n|faint|p2b: Chi-Yu\n|-damage|p1b: Iron Hands|77\/100|[from] Recoil\n|\n|upkeep\n|\n|t:|1699888285\n|switch|p1a: Ursaluna|Ursaluna-Bloodmoon, L50, M|100\/100\n|turn|11\n|\n|t:|1699888293\n|move|p2a: Tatsugiri|Icy Wind|p1a: Ursaluna|[spread] p1a,p1b\n|-supereffective|p1a: Ursaluna\n|-damage|p1a: Ursaluna|70\/100\n|-damage|p1b: Iron Hands|70\/100\n|-unboost|p1a: Ursaluna|spe|1\n|-unboost|p1b: Iron Hands|spe|1\n|move|p1a: Ursaluna|Blood Moon|p2a: Tatsugiri\n|-damage|p2a: Tatsugiri|0 fnt\n|faint|p2a: Tatsugiri\n|\n|win|JayoticNL\n|l|\u2606Mellowthepokemoon\n","uploadtime":1699888520,"views":31,"p1id":"jayoticnl","p2id":"mellowthepokemoon","formatid":"gen9vgc2023regulatione","rating":0,"private":0,"password":""}