{"id":"gen9vgc2023regulatione-1987908398","p1":"SlowHomie","p2":"belac121","format":"[Gen 9] VGC 2023 Regulation E","log":"|j|\u2606SlowHomie\n|j|\u2606belac121\n|t:|1699648085\n|gametype|doubles\n|player|p1|SlowHomie|unknown|\n|player|p2|belac121|clemont|\n|teamsize|p1|6\n|teamsize|p2|6\n|gen|9\n|tier|[Gen 9] VGC 2023 Regulation E\n|rated|Tournament battle\n|rule|Species Clause: Limit one of each Pok\u00e9mon\n|rule|Item Clause: Limit one of each item\n|clearpoke\n|poke|p1|Torkoal, L50, M|\n|poke|p1|Rillaboom, L50, F|\n|poke|p1|Ogerpon-Cornerstone, L50, F|\n|poke|p1|Flutter Mane, L50|\n|poke|p1|Zapdos-Galar, L50|\n|poke|p1|Farigiraf, L50, F|\n|poke|p2|Tornadus, L50, M|\n|poke|p2|Regidrago, L50|\n|poke|p2|Rotom-Heat, L50|\n|poke|p2|Rillaboom, L50, M|\n|poke|p2|Urshifu-*, L50, F|\n|poke|p2|Gholdengo, L50|\n|teampreview|4\n|showteam|p1|Torkoal||Charcoal|Drought|Eruption,HeatWave,EarthPower,Protect|||M|||50|,,,,,Fire]Rillaboom||MiracleSeed|GrassySurge|GrassyGlide,WoodHammer,HighHorsepower,FakeOut|||F|||50|,,,,,Grass]Ogerpon-Cornerstone||CornerstoneMask|Sturdy|IvyCudgel,PowerWhip,FollowMe,SpikyShield|||F|||50|,,,,,Rock]Flutter Mane||ChoiceSpecs|Protosynthesis|DazzlingGleam,Moonblast,ShadowBall,TrickRoom||||||50|,,,,,Fairy]Zapdos-Galar||ChoiceScarf|Defiant|BraveBird,CloseCombat,Uturn,KnockOff||||||50|,,,,,Flying]Farigiraf||SitrusBerry|ArmorTail|DazzlingGleam,Psychic,NastyPlot,TrickRoom|||F|||50|,,,,,Fairy\n|showteam|p2|Tornadus||RockyHelmet|Prankster|BleakwindStorm,Tailwind,RainDance,Protect|||M|||50|,,,,,Ghost]Regidrago||DragonFang|DragonsMaw|DragonEnergy,DracoMeteor,EarthPower,Protect||||||50|,,,,,Steel]Rotom-Heat||SitrusBerry|Levitate|Overheat,VoltSwitch,WillOWisp,Thunderbolt||||||50|,,,,,Grass]Rillaboom||AssaultVest|GrassySurge|FakeOut,GrassyGlide,HighHorsepower,WoodHammer|||M|||50|,,,,,Fire]Urshifu-Rapid-Strike||ChoiceScarf|UnseenFist|SurgingStrikes,CloseCombat,AquaJet,Uturn|||F|||50|,,,,,Water]Gholdengo||MetalCoat|GoodasGold|MakeItRain,ShadowBall,NastyPlot,Protect||||||50|,,,,,Dragon\n|j| lamxyz\n|j| ale cog\n|c|\u2606SlowHomie|Glhf!\n|c|\u2606belac121|u2\n|c| ale cog|rotom heat\n|c| ale cog|been a while since ive seen that mon\n|j| christianfinity2\n|\n|t:|1699648157\n|start\n|switch|p1a: G-$tackdo$|Zapdos-Galar, L50|100\/100\n|switch|p1b: Fig|Farigiraf, L50, F, shiny|100\/100\n|switch|p2a: Tornadus|Tornadus, L50, M, shiny|100\/100\n|switch|p2b: Rotom|Rotom-Heat, L50|100\/100\n|turn|1\n|\n|t:|1699648217\n|move|p1a: G-$tackdo$|Knock Off|p2b: Rotom\n|-damage|p2b: Rotom|48\/100\n|-enditem|p2b: Rotom|Sitrus Berry|[from] move: Knock Off|[of] p1a: G-$tackdo$\n|move|p2a: Tornadus|Bleakwind Storm|p1b: Fig|[spread] p1a\n|-miss|p2a: Tornadus|p1b: Fig\n|-supereffective|p1a: G-$tackdo$\n|-damage|p1a: G-$tackdo$|31\/100\n|move|p2b: Rotom|Overheat|p1b: Fig\n|-damage|p1b: Fig|51\/100\n|-unboost|p2b: Rotom|spa|2\n|move|p1b: Fig|Trick Room|p1b: Fig\n|-fieldstart|move: Trick Room|[of] p1b: Fig\n|\n|upkeep\n|turn|2\n|\n|t:|1699648235\n|switch|p2b: Gholdengo|Gholdengo, L50|100\/100\n|switch|p1a: Yurtle the Turtle|Torkoal, L50, M, shiny|100\/100\n|-weather|SunnyDay|[from] ability: Drought|[of] p1a: Yurtle the Turtle\n|move|p1b: Fig|Nasty Plot|p1b: Fig\n|-boost|p1b: Fig|spa|2\n|move|p2a: Tornadus|Bleakwind Storm|p1b: Fig|[spread] p1a,p1b\n|-damage|p1a: Yurtle the Turtle|57\/100\n|-damage|p1b: Fig|25\/100\n|-enditem|p1b: Fig|Sitrus Berry|[eat]\n|-heal|p1b: Fig|50\/100|[from] item: Sitrus Berry\n|\n|-weather|SunnyDay|[upkeep]\n|upkeep\n|turn|3\n|\n|t:|1699648266\n|switch|p1a: Willa Gorilla|Rillaboom, L50, F, shiny|100\/100\n|-fieldstart|move: Grassy Terrain|[from] ability: Grassy Surge|[of] p1a: Willa Gorilla\n|move|p2a: Tornadus|Rain Dance|p2a: Tornadus\n|-weather|RainDance\n|move|p1b: Fig|Psychic|p2a: Tornadus\n|-damage|p2a: Tornadus|3\/100\n|-unboost|p2a: Tornadus|spd|1\n|move|p2b: Gholdengo|Make It Rain|p1b: Fig|[spread] p1a,p1b\n|-damage|p1a: Willa Gorilla|35\/100\n|-damage|p1b: Fig|0 fnt\n|-unboost|p2b: Gholdengo|spa|1\n|faint|p1b: Fig\n|\n|-weather|RainDance|[upkeep]\n|-heal|p1a: Willa Gorilla|41\/100|[from] Grassy Terrain\n|upkeep\n|\n|t:|1699648277\n|switch|p1b: Yurtle the Turtle|Torkoal, L50, M, shiny|57\/100\n|-weather|SunnyDay|[from] ability: Drought|[of] p1b: Yurtle the Turtle\n|turn|4\n|\n|t:|1699648297\n|-terastallize|p1b: Yurtle the Turtle|Fire\n|move|p2a: Tornadus|Protect|p2a: Tornadus\n|-singleturn|p2a: Tornadus|Protect\n|move|p2b: Gholdengo|Protect|p2b: Gholdengo\n|-singleturn|p2b: Gholdengo|Protect\n|move|p1a: Willa Gorilla|Grassy Glide|p2a: Tornadus\n|-activate|p2a: Tornadus|move: Protect\n|move|p1b: Yurtle the Turtle|Eruption|p2a: Tornadus|[spread] \n|-activate|p2a: Tornadus|move: Protect\n|-activate|p2b: Gholdengo|move: Protect\n|\n|-weather|SunnyDay|[upkeep]\n|-heal|p1b: Yurtle the Turtle|64\/100|[from] Grassy Terrain\n|-heal|p1a: Willa Gorilla|47\/100|[from] Grassy Terrain\n|upkeep\n|turn|5\n|j| AtomX7VGC\n|\n|t:|1699648314\n|switch|p2a: Rotom|Rotom-Heat, L50|48\/100\n|-terastallize|p2b: Gholdengo|Dragon\n|move|p1a: Willa Gorilla|Grassy Glide|p2a: Rotom\n|-resisted|p2a: Rotom\n|-damage|p2a: Rotom|15\/100\n|move|p1b: Yurtle the Turtle|Eruption|p2b: Gholdengo|[spread] p2a,p2b\n|-resisted|p2a: Rotom\n|-resisted|p2b: Gholdengo\n|-damage|p2a: Rotom|0 fnt\n|-damage|p2b: Gholdengo|67\/100\n|faint|p2a: Rotom\n|move|p2b: Gholdengo|Shadow Ball|p1b: Yurtle the Turtle\n|-damage|p1b: Yurtle the Turtle|25\/100\n|-unboost|p1b: Yurtle the Turtle|spd|1\n|\n|-weather|SunnyDay|[upkeep]\n|-heal|p1b: Yurtle the Turtle|32\/100|[from] Grassy Terrain\n|-heal|p1a: Willa Gorilla|52\/100|[from] Grassy Terrain\n|-heal|p2b: Gholdengo|73\/100|[from] Grassy Terrain\n|-fieldend|move: Trick Room\n|upkeep\n|\n|t:|1699648331\n|switch|p2a: Tornadus|Tornadus, L50, M, shiny|3\/100\n|turn|6\n|\n|t:|1699648338\n|move|p2a: Tornadus|Tailwind|p2a: Tornadus\n|-sidestart|p2: belac121|move: Tailwind\n|move|p1a: Willa Gorilla|Grassy Glide|p2a: Tornadus\n|-resisted|p2a: Tornadus\n|-damage|p2a: Tornadus|0 fnt\n|-damage|p1a: Willa Gorilla|36\/100|[from] item: Rocky Helmet|[of] p2a: Tornadus\n|faint|p2a: Tornadus\n|move|p2b: Gholdengo|Nasty Plot|p2b: Gholdengo\n|-boost|p2b: Gholdengo|spa|2\n|move|p1b: Yurtle the Turtle|Earth Power|p2b: Gholdengo\n|-damage|p2b: Gholdengo|47\/100\n|-unboost|p2b: Gholdengo|spd|1\n|\n|-weather|SunnyDay|[upkeep]\n|-heal|p2b: Gholdengo|54\/100|[from] Grassy Terrain\n|-heal|p1a: Willa Gorilla|42\/100|[from] Grassy Terrain\n|-heal|p1b: Yurtle the Turtle|38\/100|[from] Grassy Terrain\n|upkeep\n|\n|t:|1699648343\n|switch|p2a: Rillaboom|Rillaboom, L50, M, shiny|100\/100\n|turn|7\n|\n|t:|1699648356\n|move|p1a: Willa Gorilla|Grassy Glide|p2b: Gholdengo\n|-resisted|p2b: Gholdengo\n|-damage|p2b: Gholdengo|34\/100\n|move|p2b: Gholdengo|Shadow Ball|p1a: Willa Gorilla\n|-damage|p1a: Willa Gorilla|0 fnt\n|faint|p1a: Willa Gorilla\n|move|p2a: Rillaboom|High Horsepower|p1b: Yurtle the Turtle\n|-supereffective|p1b: Yurtle the Turtle\n|-damage|p1b: Yurtle the Turtle|0 fnt\n|faint|p1b: Yurtle the Turtle\n|\n|-weather|SunnyDay|[upkeep]\n|-heal|p2b: Gholdengo|40\/100|[from] Grassy Terrain\n|-fieldend|move: Grassy Terrain\n|upkeep\n|\n|t:|1699648364\n|switch|p1b: G-$tackdo$|Zapdos-Galar, L50|31\/100\n|turn|8\n|\n|t:|1699648369\n|move|p1b: G-$tackdo$|Brave Bird|p2b: Gholdengo\n|-damage|p2b: Gholdengo|0 fnt\n|faint|p2b: Gholdengo\n|-damage|p1b: G-$tackdo$|16\/100|[from] Recoil\n|move|p2a: Rillaboom|Wood Hammer|p1b: G-$tackdo$\n|-resisted|p1b: G-$tackdo$\n|-damage|p1b: G-$tackdo$|0 fnt\n|faint|p1b: G-$tackdo$\n|-damage|p2a: Rillaboom|96\/100|[from] Recoil\n|\n|win|belac121\n|n|\u2606SlowHomie|slowhomie\n|n|\u2606belac121|belac121\n|n| lamxyz|lamxyz\n|n| ale cog|alecog\n|n| christianfinity2|christianfinity2\n|n| AtomX7VGC|atomx7vgc\n","uploadtime":1699648370,"views":21,"p1id":"slowhomie","p2id":"belac121","formatid":"gen9vgc2023regulatione","rating":0,"private":0,"password":""}