{"id":"gen9vgc2023regulatione-1988174093","p1":"ChosenPig32","p2":"feralorocher","format":"[Gen 9] VGC 2023 Regulation E","log":"|j|\u2606ChosenPig32\n|j|\u2606feralorocher\n|t:|1699679529\n|gametype|doubles\n|player|p1|ChosenPig32|aaron|1425\n|player|p2|feralorocher|bugcatcher-gen4dp|1483\n|teamsize|p1|6\n|teamsize|p2|6\n|gen|9\n|tier|[Gen 9] VGC 2023 Regulation E\n|rated|\n|rule|Species Clause: Limit one of each Pok\u00e9mon\n|rule|Item Clause: Limit one of each item\n|clearpoke\n|poke|p1|Rillaboom, L50, F|\n|poke|p1|Tornadus, L50, M|\n|poke|p1|Flutter Mane, L50|\n|poke|p1|Urshifu-*, L50, F|\n|poke|p1|Chien-Pao, L50|\n|poke|p1|Ogerpon-Hearthflame, L50, F|\n|poke|p2|Iron Bundle, L50|\n|poke|p2|Wyrdeer, L50, F|\n|poke|p2|Heatran, L50, M|\n|poke|p2|Tornadus, L50, M|\n|poke|p2|Landorus-Therian, L50, M|\n|poke|p2|Ogerpon, L50, F|\n|teampreview|4\n|\n|t:|1699679578\n|start\n|switch|p1a: Tornadus|Tornadus, L50, M|100\/100\n|switch|p1b: Ogerpon|Ogerpon-Hearthflame, L50, F|100\/100\n|switch|p2a: Wyrdeer|Wyrdeer, L50, F|100\/100\n|switch|p2b: Ogerpon|Ogerpon, L50, F|100\/100\n|-ability|p1b: Ogerpon|Mold Breaker\n|-ability|p2a: Wyrdeer|Intimidate|boost\n|-unboost|p1a: Tornadus|atk|1\n|-unboost|p1b: Ogerpon|atk|1\n|turn|1\n|\n|t:|1699679599\n|switch|p2b: Heatran|Heatran, L50, M|100\/100\n|-terastallize|p1b: Ogerpon|Fire\n|detailschange|p1b: Ogerpon|Ogerpon-Hearthflame-Tera, L50, F, tera:Fire\n|-ability|p1b: Ogerpon|Embody Aspect (Hearthflame)|boost\n|-boost|p1b: Ogerpon|atk|1\n|move|p1a: Tornadus|Tailwind|p1a: Tornadus\n|-sidestart|p1: ChosenPig32|move: Tailwind\n|move|p1b: Ogerpon|Ivy Cudgel|p2b: Heatran\n|-start|p2b: Heatran|ability: Flash Fire\n|move|p2a: Wyrdeer|Gravity|p2a: Wyrdeer\n|-fieldstart|move: Gravity\n|\n|upkeep\n|turn|2\n|\n|t:|1699679625\n|switch|p2a: Landorus|Landorus-Therian, L50, M|100\/100\n|-ability|p2a: Landorus|Intimidate|boost\n|-unboost|p1a: Tornadus|atk|1\n|-unboost|p1b: Ogerpon|atk|1\n|-terastallize|p2b: Heatran|Fairy\n|move|p1a: Tornadus|Taunt|p2a: Landorus\n|-start|p2a: Landorus|move: Taunt\n|move|p1b: Ogerpon|Stomping Tantrum|p2b: Heatran\n|-damage|p2b: Heatran|63\/100\n|move|p2b: Heatran|Magma Storm|p1a: Tornadus\n|-crit|p1a: Tornadus\n|-damage|p1a: Tornadus|0 fnt\n|faint|p1a: Tornadus\n|\n|-heal|p2b: Heatran|69\/100|[from] item: Leftovers\n|upkeep\n|\n|t:|1699679645\n|switch|p1a: Chien-Pao|Chien-Pao, L50|100\/100\n|-ability|p1a: Chien-Pao|Sword of Ruin\n|turn|3\n|j| Neutralist\n|\n|t:|1699679664\n|switch|p2a: Wyrdeer|Wyrdeer, L50, F|100\/100\n|-ability|p2a: Wyrdeer|Intimidate|boost\n|-unboost|p1a: Chien-Pao|atk|1\n|-unboost|p1b: Ogerpon|atk|1\n|move|p2b: Heatran|Protect|p2b: Heatran\n|-singleturn|p2b: Heatran|Protect\n|move|p1a: Chien-Pao|Ice Spinner|p2a: Wyrdeer\n|-damage|p2a: Wyrdeer|67\/100\n|move|p1b: Ogerpon|Horn Leech|p2b: Heatran\n|-activate|p2b: Heatran|move: Protect\n|\n|-heal|p2b: Heatran|74\/100|[from] item: Leftovers\n|upkeep\n|turn|4\n|\n|t:|1699679690\n|switch|p1b: Rillaboom|Rillaboom, L50, F|100\/100\n|-fieldstart|move: Grassy Terrain|[from] ability: Grassy Surge|[of] p1b: Rillaboom\n|move|p1a: Chien-Pao|Protect|p1a: Chien-Pao\n|-singleturn|p1a: Chien-Pao|Protect\n|move|p2b: Heatran|Magma Storm|p1a: Chien-Pao\n|-activate|p1a: Chien-Pao|move: Protect\n|move|p2a: Wyrdeer|Hypnosis|p1b: Rillaboom\n|-status|p1b: Rillaboom|slp|[from] move: Hypnosis\n|\n|-heal|p2b: Heatran|80\/100|[from] Grassy Terrain\n|-heal|p2b: Heatran|86\/100|[from] item: Leftovers\n|-heal|p2a: Wyrdeer|73\/100|[from] Grassy Terrain\n|-sideend|p1: ChosenPig32|move: Tailwind\n|upkeep\n|turn|5\n|\n|t:|1699679710\n|switch|p1a: Ogerpon|Ogerpon-Hearthflame-Tera, L50, F, tera:Fire|100\/100\n|-ability|p1a: Ogerpon|Embody Aspect (Hearthflame)|boost\n|-boost|p1a: Ogerpon|atk|1\n|cant|p1b: Rillaboom|slp\n|move|p2b: Heatran|Magma Storm|p1b: Rillaboom\n|-supereffective|p1b: Rillaboom\n|-damage|p1b: Rillaboom|0 fnt\n|faint|p1b: Rillaboom\n|move|p2a: Wyrdeer|Hypnosis|p1a: Ogerpon\n|-status|p1a: Ogerpon|slp|[from] move: Hypnosis\n|\n|-heal|p2b: Heatran|92\/100|[from] Grassy Terrain\n|-heal|p2b: Heatran|97\/100|[from] item: Leftovers\n|-heal|p2a: Wyrdeer|80\/100|[from] Grassy Terrain\n|-fieldend|move: Gravity\n|upkeep\n|\n|t:|1699679719\n|switch|p1b: Chien-Pao|Chien-Pao, L50|100\/100\n|-ability|p1b: Chien-Pao|Sword of Ruin\n|turn|6\n|\n|t:|1699679732\n|move|p1b: Chien-Pao|Protect|p1b: Chien-Pao\n|-singleturn|p1b: Chien-Pao|Protect\n|cant|p1a: Ogerpon|slp\n|move|p2b: Heatran|Magma Storm|p1b: Chien-Pao\n|-activate|p1b: Chien-Pao|move: Protect\n|move|p2a: Wyrdeer|Gravity|p2a: Wyrdeer\n|-fieldstart|move: Gravity\n|\n|-heal|p2b: Heatran|100\/100|[from] Grassy Terrain\n|-heal|p2a: Wyrdeer|86\/100|[from] Grassy Terrain\n|upkeep\n|turn|7\n|\n|t:|1699679752\n|switch|p2a: Landorus|Landorus-Therian, L50, M|100\/100\n|-ability|p2a: Landorus|Intimidate|boost\n|-unboost|p1a: Ogerpon|atk|1\n|-unboost|p1b: Chien-Pao|atk|1\n|move|p1b: Chien-Pao|Ice Spinner|p2b: Heatran\n|-damage|p2b: Heatran|71\/100\n|-fieldend|move: Grassy Terrain\n|cant|p1a: Ogerpon|slp\n|move|p2b: Heatran|Magma Storm|p1b: Chien-Pao\n|-supereffective|p1b: Chien-Pao\n|-enditem|p1b: Chien-Pao|Focus Sash\n|-damage|p1b: Chien-Pao|1\/100\n|-activate|p1b: Chien-Pao|move: Magma Storm|[of] p2b: Heatran\n|\n|-heal|p2b: Heatran|76\/100|[from] item: Leftovers\n|-damage|p1b: Chien-Pao|0 fnt|[from] move: Magma Storm|[partiallytrapped]\n|faint|p1b: Chien-Pao\n|upkeep\n|turn|8\n|\n|t:|1699679771\n|cant|p1a: Ogerpon|slp\n|move|p2a: Landorus|Stomping Tantrum|p1a: Ogerpon\n|-supereffective|p1a: Ogerpon\n|-damage|p1a: Ogerpon|0 fnt\n|faint|p1a: Ogerpon\n|\n|win|feralorocher\n|raw|ChosenPig32's rating: 1425 &rarr; <strong>1408<\/strong><br \/>(-17 for losing)\n|raw|feralorocher's rating: 1483 &rarr; <strong>1500<\/strong><br \/>(+17 for winning)\n|l|\u2606ChosenPig32\n","uploadtime":1699679788,"views":28,"p1id":"chosenpig32","p2id":"feralorocher","formatid":"gen9vgc2023regulatione","rating":1408,"private":0,"password":""}