{"id":"gen9vgc2023regulatione-2000666226","p1":"grinegy","p2":"Steel_jugulis","format":"[Gen 9] VGC 2023 Regulation E","log":"|j|\u2606grinegy\n|j|\u2606Steel_jugulis\n|t:|1701216403\n|gametype|doubles\n|player|p1|grinegy|170|1512\n|player|p2|Steel_jugulis|101|1513\n|teamsize|p1|6\n|teamsize|p2|6\n|gen|9\n|tier|[Gen 9] VGC 2023 Regulation E\n|rated|\n|rule|Species Clause: Limit one of each Pok\u00e9mon\n|rule|Item Clause: Limit one of each item\n|clearpoke\n|poke|p1|Goodra-Hisui, L50, M|\n|poke|p1|Sinistcha, L50|\n|poke|p1|Snorlax, L50, M|\n|poke|p1|Landorus-Therian, L50, M|\n|poke|p1|Annihilape, L50, M|\n|poke|p1|Ninetales-Alola, L50, M|\n|poke|p2|Ogerpon-Wellspring, L50, F|\n|poke|p2|Tornadus, L50, M|\n|poke|p2|Urshifu-*, L50, F|\n|poke|p2|Chi-Yu, L50|\n|poke|p2|Regieleki, L50|\n|poke|p2|Flutter Mane, L50|\n|teampreview|4\n|inactive|Battle timer is ON: inactive players will automatically lose when time's up. (requested by grinegy)\n|\n|t:|1701216431\n|start\n|switch|p1a: Goodra|Goodra-Hisui, L50, M|100\/100\n|switch|p1b: Landorus|Landorus-Therian, L50, M|100\/100\n|switch|p2a: Tornadus|Tornadus, L50, M|100\/100\n|switch|p2b: Chi-Yu|Chi-Yu, L50|100\/100\n|-ability|p1b: Landorus|Intimidate|boost\n|-unboost|p2a: Tornadus|atk|1\n|-unboost|p2b: Chi-Yu|atk|1\n|-ability|p2b: Chi-Yu|Beads of Ruin\n|turn|1\n|\n|t:|1701216445\n|switch|p1b: Snorlax|Snorlax, L50, M|100\/100\n|-terastallize|p2b: Chi-Yu|Grass\n|move|p2a: Tornadus|Sunny Day|p2a: Tornadus\n|-weather|SunnyDay\n|move|p2b: Chi-Yu|Heat Wave|p1a: Goodra|[spread] p1a,p1b\n|-damage|p1a: Goodra|49\/100\n|-damage|p1b: Snorlax|69\/100\n|move|p1a: Goodra|Draco Meteor|p2b: Chi-Yu\n|-damage|p2b: Chi-Yu|41\/100\n|-unboost|p1a: Goodra|spa|2\n|\n|-weather|SunnyDay|[upkeep]\n|upkeep\n|turn|2\n|inactive|grinegy has 30 seconds left.\n|inactive|Steel_jugulis has 30 seconds left.\n|j| thomas shelby 1\n|\n|t:|1701216479\n|switch|p2a: Flutter Mane|Flutter Mane, L50|100\/100\n|-activate|p2a: Flutter Mane|ability: Protosynthesis\n|-start|p2a: Flutter Mane|protosynthesisspa\n|-terastallize|p1a: Goodra|Water\n|move|p2b: Chi-Yu|Heat Wave|p1a: Goodra|[spread] p1a,p1b\n|-resisted|p1a: Goodra\n|-crit|p1a: Goodra\n|-damage|p1a: Goodra|14\/100\n|-damage|p1b: Snorlax|41\/100\n|-enditem|p1b: Snorlax|Sitrus Berry|[eat]\n|-heal|p1b: Snorlax|66\/100|[from] item: Sitrus Berry\n|move|p1a: Goodra|Flamethrower|p2b: Chi-Yu\n|-supereffective|p2b: Chi-Yu\n|-damage|p2b: Chi-Yu|3\/100\n|move|p1b: Snorlax|Belly Drum|p1b: Snorlax\n|-damage|p1b: Snorlax|16\/100\n|-setboost|p1b: Snorlax|atk|6|[from] move: Belly Drum\n|\n|-weather|SunnyDay|[upkeep]\n|upkeep\n|turn|3\n|inactive|Steel_jugulis has 30 seconds left.\n|inactive|Steel_jugulis has 20 seconds left.\n|\n|t:|1701216514\n|switch|p2b: Tornadus|Tornadus, L50, M|100\/100\n|switch|p1a: Sinistcha|Sinistcha, L50|100\/100\n|-heal|p1b: Snorlax|41\/100|[from] ability: Hospitality|[of] p1a: Sinistcha\n|move|p1b: Snorlax|Protect|p1b: Snorlax\n|-singleturn|p1b: Snorlax|Protect\n|move|p2a: Flutter Mane|Dazzling Gleam|p1a: Sinistcha|[spread] p1a\n|-activate|p1b: Snorlax|move: Protect\n|-crit|p1a: Sinistcha\n|-damage|p1a: Sinistcha|39\/100\n|\n|-weather|SunnyDay|[upkeep]\n|upkeep\n|turn|4\n|inactive|Steel_jugulis has 30 seconds left.\n|inactive|Steel_jugulis has 20 seconds left.\n|\n|t:|1701216550\n|move|p2b: Tornadus|Taunt|p1b: Snorlax\n|-start|p1b: Snorlax|move: Taunt\n|move|p2a: Flutter Mane|Dazzling Gleam|p1a: Sinistcha|[spread] p1a,p1b\n|-damage|p1a: Sinistcha|0 fnt\n|-damage|p1b: Snorlax|17\/100\n|faint|p1a: Sinistcha\n|move|p1b: Snorlax|Facade|p2b: Tornadus\n|-damage|p2b: Tornadus|0 fnt\n|-damage|p1b: Snorlax|1\/100|[from] item: Rocky Helmet|[of] p2b: Tornadus\n|faint|p2b: Tornadus\n|\n|-weather|SunnyDay|[upkeep]\n|upkeep\n|\n|t:|1701216570\n|switch|p2b: Chi-Yu|Chi-Yu, L50, tera:Grass|3\/100\n|switch|p1a: Landorus|Landorus-Therian, L50, M|100\/100\n|-ability|p1a: Landorus|Intimidate|boost\n|-unboost|p2a: Flutter Mane|atk|1\n|-unboost|p2b: Chi-Yu|atk|1\n|-ability|p2b: Chi-Yu|Beads of Ruin\n|turn|5\n|inactive|Steel_jugulis has 30 seconds left.\n|\n|t:|1701216600\n|move|p1a: Landorus|Rock Slide|p2a: Flutter Mane|[spread] p2a\n|-miss|p1a: Landorus|p2b: Chi-Yu\n|-damage|p2a: Flutter Mane|65\/100\n|move|p2a: Flutter Mane|Icy Wind|p1a: Landorus|[spread] p1a,p1b\n|-supereffective|p1a: Landorus\n|-damage|p1a: Landorus|0 fnt\n|-damage|p1b: Snorlax|0 fnt\n|faint|p1a: Landorus\n|faint|p1b: Snorlax\n|move|p2b: Chi-Yu|Tera Blast|p1: Landorus|[notarget]\n|-fail|p2b: Chi-Yu\n|\n|-weather|none\n|-end|p2a: Flutter Mane|Protosynthesis\n|-heal|p2a: Flutter Mane|71\/100|[from] item: Leftovers\n|upkeep\n|j| lilbitybaby\n|\n|t:|1701216608\n|switch|p1b: Goodra|Goodra-Hisui, L50, M, tera:Water|14\/100\n|turn|6\n|-message|grinegy forfeited.\n|\n|win|Steel_jugulis\n|raw|grinegy's rating: 1512 &rarr; <strong>1492<\/strong><br \/>(-20 for losing)\n|raw|Steel_jugulis's rating: 1513 &rarr; <strong>1533<\/strong><br \/>(+20 for winning)\n|l|\u2606grinegy\n","uploadtime":1701216615,"views":1,"p1id":"grinegy","p2id":"steeljugulis","formatid":"gen9vgc2023regulatione","rating":1492,"private":0,"password":""}