{"id":"gen9vgc2023regulatione-1993971793","p1":"drgnt95!","p2":"E.E.E Guzma","format":"[Gen 9] VGC 2023 Regulation E","log":"|j|\u2606drgnt95!\n|j|\u2606E.E.E Guzma\n|t:|1700385679\n|gametype|doubles\n|player|p1|drgnt95!|lucas|1238\n|player|p2|E.E.E Guzma|guzma|1335\n|teamsize|p1|6\n|teamsize|p2|6\n|gen|9\n|tier|[Gen 9] VGC 2023 Regulation E\n|rated|\n|rule|Species Clause: Limit one of each Pok\u00e9mon\n|rule|Item Clause: Limit one of each item\n|clearpoke\n|poke|p1|Annihilape, L50, F|\n|poke|p1|Urshifu-*, L50, F|\n|poke|p1|Ogerpon, L50, F|\n|poke|p1|Chien-Pao, L50|\n|poke|p1|Arcanine-Hisui, L50, M|\n|poke|p1|Cresselia, L50, F|\n|poke|p2|Great Tusk, L50|\n|poke|p2|Flutter Mane, L50|\n|poke|p2|Iron Hands, L50|\n|poke|p2|Chi-Yu, L50|\n|poke|p2|Tornadus, L50, M|\n|poke|p2|Iron Bundle, L50|\n|teampreview|4\n|inactive|Battle timer is ON: inactive players will automatically lose when time's up. (requested by E.E.E Guzma)\n|inactive|drgnt95! has 60 seconds left.\n|inactive|drgnt95! has 30 seconds left.\n|\n|t:|1700385757\n|start\n|switch|p1a: Arcanine|Arcanine-Hisui, L50, M|100\/100\n|switch|p1b: Annihilape|Annihilape, L50, F|100\/100\n|switch|p2a: Chi-Yu|Chi-Yu, L50|100\/100\n|switch|p2b: Iron Bundle|Iron Bundle, L50|100\/100\n|-ability|p2a: Chi-Yu|Beads of Ruin\n|-ability|p1a: Arcanine|Intimidate|boost\n|-unboost|p2a: Chi-Yu|atk|1\n|-unboost|p2b: Iron Bundle|atk|1\n|-enditem|p2b: Iron Bundle|Booster Energy\n|-activate|p2b: Iron Bundle|ability: Quark Drive|[fromitem]\n|-start|p2b: Iron Bundle|quarkdrivespe\n|turn|1\n|inactive|drgnt95! has 30 seconds left.\n|inactive|E.E.E Guzma has 30 seconds left.\n|inactive|drgnt95! has 20 seconds left.\n|inactive|E.E.E Guzma has 20 seconds left.\n|inactive|drgnt95! has 15 seconds left.\n|inactive|drgnt95! has 10 seconds left.\n|\n|t:|1700385803\n|-end|p2b: Iron Bundle|Quark Drive|[silent]\n|switch|p2b: Iron Hands|Iron Hands, L50|100\/100\n|switch|p1a: Urshifu|Urshifu-Rapid-Strike, L50, F|100\/100\n|-terastallize|p2a: Chi-Yu|Fire\n|move|p2a: Chi-Yu|Overheat|p1a: Urshifu\n|-resisted|p1a: Urshifu\n|-damage|p1a: Urshifu|0 fnt\n|-unboost|p2a: Chi-Yu|spa|2\n|faint|p1a: Urshifu\n|move|p1b: Annihilape|Drain Punch|p2b: Iron Hands\n|-damage|p2b: Iron Hands|81\/100\n|\n|upkeep\n|\n|t:|1700385820\n|switch|p1a: Arcanine|Arcanine-Hisui, L50, M|100\/100\n|-ability|p1a: Arcanine|Intimidate|boost\n|-unboost|p2a: Chi-Yu|atk|1\n|-unboost|p2b: Iron Hands|atk|1\n|turn|2\n|\n|t:|1700385844\n|switch|p2a: Iron Bundle|Iron Bundle, L50|100\/100\n|-terastallize|p1a: Arcanine|Water\n|move|p2b: Iron Hands|Fake Out|p1a: Arcanine\n|-damage|p1a: Arcanine|90\/100\n|move|p1b: Annihilape|Bulk Up|p1b: Annihilape\n|-boost|p1b: Annihilape|atk|1\n|-boost|p1b: Annihilape|def|1\n|cant|p1a: Arcanine|flinch\n|\n|-heal|p1a: Arcanine|96\/100|[from] item: Leftovers\n|upkeep\n|turn|3\n|inactive|drgnt95! has 30 seconds left.\n|\n|t:|1700385870\n|move|p2a: Iron Bundle|Encore|p1b: Annihilape\n|-start|p1b: Annihilape|Encore\n|move|p1b: Annihilape|Bulk Up|p1b: Annihilape\n|-boost|p1b: Annihilape|atk|1\n|-boost|p1b: Annihilape|def|1\n|move|p1a: Arcanine|Rock Slide|p2a: Iron Bundle|[spread] p2a,p2b\n|-supereffective|p2a: Iron Bundle\n|-resisted|p2b: Iron Hands\n|-damage|p2a: Iron Bundle|46\/100\n|-damage|p2b: Iron Hands|71\/100\n|move|p2b: Iron Hands|Wild Charge|p1a: Arcanine\n|-supereffective|p1a: Arcanine\n|-damage|p1a: Arcanine|25\/100\n|-damage|p2b: Iron Hands|57\/100|[from] Recoil\n|\n|-heal|p1a: Arcanine|31\/100|[from] item: Leftovers\n|upkeep\n|turn|4\n|\n|t:|1700385892\n|move|p2a: Iron Bundle|Hydro Pump|p1b: Annihilape|[miss]\n|-miss|p2a: Iron Bundle|p1b: Annihilape\n|move|p1b: Annihilape|Bulk Up|p1b: Annihilape\n|-boost|p1b: Annihilape|atk|1\n|-boost|p1b: Annihilape|def|1\n|move|p1a: Arcanine|Rock Slide|p2b: Iron Hands|[spread] p2a\n|-miss|p1a: Arcanine|p2b: Iron Hands\n|-supereffective|p2a: Iron Bundle\n|-damage|p2a: Iron Bundle|0 fnt\n|faint|p2a: Iron Bundle\n|-end|p2a: Iron Bundle|Quark Drive|[silent]\n|move|p2b: Iron Hands|Drain Punch|p1a: Arcanine\n|-damage|p1a: Arcanine|1\/100\n|-heal|p2b: Iron Hands|69\/100|[from] drain|[of] p1a: Arcanine\n|\n|-heal|p1a: Arcanine|7\/100|[from] item: Leftovers\n|upkeep\n|\n|t:|1700385902\n|switch|p2a: Chi-Yu|Chi-Yu, L50, tera:Fire|100\/100\n|-ability|p2a: Chi-Yu|Beads of Ruin\n|turn|5\n|\n|t:|1700385915\n|move|p2a: Chi-Yu|Overheat|p1b: Annihilape\n|-damage|p1b: Annihilape|0 fnt\n|-unboost|p2a: Chi-Yu|spa|2\n|faint|p1b: Annihilape\n|move|p1a: Arcanine|Rock Slide|p2b: Iron Hands|[spread] p2a,p2b\n|-supereffective|p2a: Chi-Yu\n|-resisted|p2b: Iron Hands\n|-damage|p2a: Chi-Yu|4\/100\n|-damage|p2b: Iron Hands|59\/100\n|cant|p2b: Iron Hands|flinch\n|\n|-heal|p1a: Arcanine|13\/100|[from] item: Leftovers\n|upkeep\n|\n|t:|1700385928\n|switch|p1b: Ogerpon|Ogerpon, L50, F|100\/100\n|turn|6\n|\n|t:|1700385944\n|move|p2a: Chi-Yu|Overheat|p1b: Ogerpon\n|-supereffective|p1b: Ogerpon\n|-damage|p1b: Ogerpon|0 fnt\n|-unboost|p2a: Chi-Yu|spa|2\n|faint|p1b: Ogerpon\n|move|p1a: Arcanine|Rock Slide|p2a: Chi-Yu|[spread] p2a,p2b\n|-supereffective|p2a: Chi-Yu\n|-resisted|p2b: Iron Hands\n|-damage|p2a: Chi-Yu|0 fnt\n|-damage|p2b: Iron Hands|48\/100\n|faint|p2a: Chi-Yu\n|move|p2b: Iron Hands|Drain Punch|p1a: Arcanine\n|-damage|p1a: Arcanine|0 fnt\n|-heal|p2b: Iron Hands|53\/100|[from] drain|[of] p1a: Arcanine\n|faint|p1a: Arcanine\n|\n|win|E.E.E Guzma\n|raw|drgnt95!'s rating: 1238 &rarr; <strong>1220<\/strong><br \/>(-18 for losing)\n|raw|E.E.E Guzma's rating: 1335 &rarr; <strong>1350<\/strong><br \/>(+15 for winning)\n|l|\u2606drgnt95!\n","uploadtime":1700385966,"views":11,"p1id":"drgnt95","p2id":"eeeguzma","formatid":"gen9vgc2023regulatione","rating":1220,"private":0,"password":""}