{"id":"gen9vgc2023regulatione-1989469618","p1":"Kkzjckz","p2":"tuanxinhgai","format":"[Gen 9] VGC 2023 Regulation E","log":"|j|\u2606Kkzjckz\n|j|\u2606tuanxinhgai\n|t:|1699855512\n|gametype|doubles\n|player|p1|Kkzjckz|lance|1040\n|player|p2|tuanxinhgai|266|1046\n|teamsize|p1|6\n|teamsize|p2|6\n|gen|9\n|tier|[Gen 9] VGC 2023 Regulation E\n|rated|\n|rule|Species Clause: Limit one of each Pok\u00e9mon\n|rule|Item Clause: Limit one of each item\n|clearpoke\n|poke|p1|Flutter Mane, L50|\n|poke|p1|Tornadus, L50, M|\n|poke|p1|Rillaboom, L50, F|\n|poke|p1|Garganacl, L50, F|\n|poke|p1|Arcanine-Hisui, L50, M|\n|poke|p1|Chien-Pao, L50|\n|poke|p2|Urshifu-*, L50, F|\n|poke|p2|Tornadus, L50, M|\n|poke|p2|Torkoal, L50, F|\n|poke|p2|Ogerpon-Wellspring, L50, F|\n|poke|p2|Arcanine-Hisui, L50, F|\n|poke|p2|Indeedee-F, L50, F|\n|teampreview|4\n|\n|t:|1699855532\n|start\n|switch|p1a: Tornadus|Tornadus, L50, M|100\/100\n|switch|p1b: Garganacl|Garganacl, L50, F|100\/100\n|switch|p2a: Indeedee|Indeedee-F, L50, F|100\/100\n|switch|p2b: Arcanine|Arcanine-Hisui, L50, F|100\/100\n|-ability|p2b: Arcanine|Intimidate|boost\n|-unboost|p1a: Tornadus|atk|1\n|-unboost|p1b: Garganacl|atk|1\n|-fieldstart|move: Psychic Terrain|[from] ability: Psychic Surge|[of] p2a: Indeedee\n|turn|1\n|inactive|Battle timer is ON: inactive players will automatically lose when time's up. (requested by tuanxinhgai)\n|inactive|Kkzjckz has 60 seconds left.\n|\n|t:|1699855571\n|switch|p1a: Rillaboom|Rillaboom, L50, F|100\/100\n|-fieldstart|move: Grassy Terrain|[from] ability: Grassy Surge|[of] p1a: Rillaboom\n|move|p2b: Arcanine|Flare Blitz|p1b: Garganacl\n|-resisted|p1b: Garganacl\n|-damage|p1b: Garganacl|77\/100\n|-damage|p2b: Arcanine|93\/100|[from] Recoil\n|move|p1b: Garganacl|Salt Cure|p2b: Arcanine\n|-supereffective|p2b: Arcanine\n|-damage|p2b: Arcanine|72\/100\n|-start|p2b: Arcanine|Salt Cure\n|move|p2a: Indeedee|Trick Room|p2a: Indeedee\n|-fieldstart|move: Trick Room|[of] p2a: Indeedee\n|\n|-heal|p1b: Garganacl|83\/100|[from] Grassy Terrain\n|-heal|p2b: Arcanine|78\/100|[from] Grassy Terrain\n|-damage|p2b: Arcanine|65\/100|[from] Salt Cure\n|upkeep\n|turn|2\n|inactive|tuanxinhgai has 30 seconds left.\n|\n|t:|1699855596\n|move|p2a: Indeedee|Protect|p2a: Indeedee\n|-singleturn|p2a: Indeedee|Protect\n|move|p1a: Rillaboom|Fake Out|p2b: Arcanine\n|-resisted|p2b: Arcanine\n|-damage|p2b: Arcanine|58\/100\n|cant|p2b: Arcanine|flinch\n|move|p1b: Garganacl|Salt Cure|p2a: Indeedee\n|-activate|p2a: Indeedee|move: Protect\n|\n|-heal|p1b: Garganacl|89\/100|[from] Grassy Terrain\n|-heal|p2b: Arcanine|64\/100|[from] Grassy Terrain\n|-damage|p2b: Arcanine|51\/100|[from] Salt Cure\n|upkeep\n|turn|3\n|inactive|tuanxinhgai has 30 seconds left.\n|\n|t:|1699855623\n|switch|p1a: Arcanine|Arcanine-Hisui, L50, M|100\/100\n|-ability|p1a: Arcanine|Intimidate|boost\n|-unboost|p2a: Indeedee|atk|1\n|-unboost|p2b: Arcanine|atk|1\n|move|p2a: Indeedee|Helping Hand|p2b: Arcanine\n|-singleturn|p2b: Arcanine|Helping Hand|[of] p2a: Indeedee\n|move|p1b: Garganacl|Salt Cure|p2b: Arcanine\n|-supereffective|p2b: Arcanine\n|-damage|p2b: Arcanine|30\/100\n|move|p2b: Arcanine|Flare Blitz|p2a: Indeedee\n|-crit|p2a: Indeedee\n|-enditem|p2a: Indeedee|Focus Sash\n|-damage|p2a: Indeedee|1\/100\n|-damage|p2b: Arcanine|2\/100|[from] Recoil\n|-enditem|p2b: Arcanine|Aguav Berry|[eat]\n|-heal|p2b: Arcanine|35\/100|[from] item: Aguav Berry\n|\n|-heal|p1b: Garganacl|95\/100|[from] Grassy Terrain\n|-heal|p2a: Indeedee|7\/100|[from] Grassy Terrain\n|-heal|p2b: Arcanine|41\/100|[from] Grassy Terrain\n|-damage|p2b: Arcanine|29\/100|[from] Salt Cure\n|upkeep\n|turn|4\n|inactive|Kkzjckz has 30 seconds left.\n|inactive|tuanxinhgai has 30 seconds left.\n|inactive|tuanxinhgai has 20 seconds left.\n|inactive|tuanxinhgai has 15 seconds left.\n|inactive|tuanxinhgai has 10 seconds left.\n|inactive|tuanxinhgai has 5 seconds left.\n|\n|t:|1699855678\n|move|p2b: Arcanine|Protect|p2b: Arcanine\n|-singleturn|p2b: Arcanine|Protect\n|move|p2a: Indeedee|Follow Me|p2a: Indeedee\n|-singleturn|p2a: Indeedee|move: Follow Me\n|move|p1a: Arcanine|Extreme Speed|p2a: Indeedee\n|-damage|p2a: Indeedee|0 fnt\n|faint|p2a: Indeedee\n|move|p1b: Garganacl|Salt Cure|p2b: Arcanine\n|-activate|p2b: Arcanine|move: Protect\n|\n|-heal|p1b: Garganacl|100\/100|[from] Grassy Terrain\n|-heal|p2b: Arcanine|35\/100|[from] Grassy Terrain\n|-damage|p2b: Arcanine|22\/100|[from] Salt Cure\n|upkeep\n|inactive|tuanxinhgai has 30 seconds left.\n|inactive|tuanxinhgai has 20 seconds left.\n|inactive|tuanxinhgai has 15 seconds left.\n|inactive|tuanxinhgai has 10 seconds left.\n|inactive|tuanxinhgai has 5 seconds left.\n|\n|t:|1699855733\n|switch|p2a: Torkoal|Torkoal, L50, F|100\/100\n|-weather|SunnyDay|[from] ability: Drought|[of] p2a: Torkoal\n|turn|5\n|inactive|tuanxinhgai has 30 seconds left.\n|inactive|tuanxinhgai has 20 seconds left.\n|inactive|tuanxinhgai has 15 seconds left.\n|inactive|tuanxinhgai has 10 seconds left.\n|inactive|tuanxinhgai has 5 seconds left.\n|\n|t:|1699855788\n|move|p1b: Garganacl|Protect|p1b: Garganacl\n|-singleturn|p1b: Garganacl|Protect\n|move|p2b: Arcanine|Protect|p2b: Arcanine\n|-singleturn|p2b: Arcanine|Protect\n|move|p1a: Arcanine|Extreme Speed|p2a: Torkoal\n|-damage|p2a: Torkoal|72\/100\n|move|p2a: Torkoal|Earth Power|p1a: Arcanine\n|-supereffective|p1a: Arcanine\n|-damage|p1a: Arcanine|0 fnt\n|faint|p1a: Arcanine\n|\n|-weather|SunnyDay|[upkeep]\n|-heal|p2a: Torkoal|78\/100|[from] Grassy Terrain\n|-heal|p2b: Arcanine|28\/100|[from] Grassy Terrain\n|-damage|p2b: Arcanine|16\/100|[from] Salt Cure\n|-fieldend|move: Trick Room\n|-fieldend|move: Grassy Terrain\n|upkeep\n|inactive|Kkzjckz has 30 seconds left.\n|\n|t:|1699855816\n|switch|p1a: Tornadus|Tornadus, L50, M|100\/100\n|turn|6\n|inactive|tuanxinhgai has 30 seconds left.\n|inactive|tuanxinhgai has 20 seconds left.\n|inactive|tuanxinhgai has 15 seconds left.\n|inactive|tuanxinhgai has 10 seconds left.\n|inactive|tuanxinhgai has 5 seconds left.\n|\n|t:|1699855871\n|-terastallize|p1b: Garganacl|Ghost\n|move|p2b: Arcanine|Protect||[still]\n|-fail|p2b: Arcanine\n|move|p1a: Tornadus|Bleakwind Storm|p2b: Arcanine|[spread] p2b\n|-miss|p1a: Tornadus|p2a: Torkoal\n|-resisted|p2b: Arcanine\n|-damage|p2b: Arcanine|0 fnt\n|faint|p2b: Arcanine\n|move|p1b: Garganacl|Salt Cure|p2a: Torkoal\n|-supereffective|p2a: Torkoal\n|-damage|p2a: Torkoal|64\/100\n|-start|p2a: Torkoal|Salt Cure\n|move|p2a: Torkoal|Earth Power|p1a: Tornadus\n|-immune|p1a: Tornadus\n|\n|-weather|SunnyDay|[upkeep]\n|-damage|p2a: Torkoal|51\/100|[from] Salt Cure\n|upkeep\n|l|\u2606tuanxinhgai\n|inactive|tuanxinhgai disconnected and has a minute to reconnect!\n|player|p2|\n|inactive|tuanxinhgai has 30 seconds left.\n|inactive|tuanxinhgai has 20 seconds left.\n|inactive|tuanxinhgai has 15 seconds left.\n|inactive|tuanxinhgai has 10 seconds left.\n|inactive|tuanxinhgai has 5 seconds left.\n|-message|tuanxinhgai lost due to inactivity.\n|\n|win|Kkzjckz\n|raw|Kkzjckz's rating: 1040 &rarr; <strong>1075<\/strong><br \/>(+35 for winning)\n|raw|tuanxinhgai's rating: 1046 &rarr; <strong>1029<\/strong><br \/>(-17 for losing)\n","uploadtime":1699855958,"views":8,"p1id":"kkzjckz","p2id":"tuanxinhgai","formatid":"gen9vgc2023regulatione","rating":1029,"private":0,"password":""}