{"id":"gen9vgc2023regulatione-1992149562","p1":"Pauliet123","p2":"Glitzky","format":"[Gen 9] VGC 2023 Regulation E","log":"|j|\u2606Pauliet123\n|j|\u2606Glitzky\n|t:|1700159131\n|gametype|doubles\n|player|p1|Pauliet123|266|1555\n|player|p2|Glitzky|fisherman-gen4|1457\n|teamsize|p1|6\n|teamsize|p2|6\n|gen|9\n|tier|[Gen 9] VGC 2023 Regulation E\n|rated|\n|rule|Species Clause: Limit one of each Pok\u00e9mon\n|rule|Item Clause: Limit one of each item\n|clearpoke\n|poke|p1|Dondozo, L50, F|\n|poke|p1|Tatsugiri, L50, M|\n|poke|p1|Ninetales-Alola, L50, M|\n|poke|p1|Glimmora, L50, M|\n|poke|p1|Ogerpon-Hearthflame, L50, F|\n|poke|p1|Iron Hands, L50|\n|poke|p2|Arcanine-Hisui, L50, M|\n|poke|p2|Tornadus, L50, M|\n|poke|p2|Urshifu-*, L50, M|\n|poke|p2|Iron Hands, L50|\n|poke|p2|Flutter Mane, L50|\n|poke|p2|Chien-Pao, L50|\n|teampreview|4\n|inactive|Battle timer is ON: inactive players will automatically lose when time's up. (requested by Glitzky)\n|inactive|Glitzky has 60 seconds left.\n|inactive|Glitzky has 30 seconds left.\n|inactive|Glitzky has 20 seconds left.\n|\n|t:|1700159206\n|start\n|switch|p1a: Iron Hands|Iron Hands, L50|100\/100\n|switch|p1b: Glimmora|Glimmora, L50, M|100\/100\n|switch|p2a: Tornadus|Tornadus, L50, M|100\/100\n|switch|p2b: Iron Hands|Iron Hands, L50|100\/100\n|turn|1\n|inactive|Glitzky has 30 seconds left.\n|\n|t:|1700159233\n|move|p2b: Iron Hands|Fake Out|p1a: Iron Hands\n|-damage|p1a: Iron Hands|91\/100\n|move|p2a: Tornadus|Bleakwind Storm|p1b: Glimmora|[spread] p1a\n|-miss|p2a: Tornadus|p1b: Glimmora\n|-damage|p1a: Iron Hands|76\/100\n|-unboost|p1a: Iron Hands|spe|1\n|move|p1b: Glimmora|Mortal Spin|p2b: Iron Hands|[spread] p2a,p2b\n|-damage|p2a: Tornadus|95\/100\n|-damage|p2b: Iron Hands|97\/100\n|-status|p2a: Tornadus|psn\n|-status|p2b: Iron Hands|psn\n|cant|p1a: Iron Hands|flinch\n|\n|-damage|p2a: Tornadus|83\/100 psn|[from] psn\n|-damage|p2b: Iron Hands|85\/100 psn|[from] psn\n|upkeep\n|turn|2\n|\n|t:|1700159257\n|move|p2a: Tornadus|Bleakwind Storm|p1a: Iron Hands|[spread] p1b\n|-miss|p2a: Tornadus|p1a: Iron Hands\n|-resisted|p1b: Glimmora\n|-damage|p1b: Glimmora|83\/100\n|move|p1b: Glimmora|Power Gem|p2a: Tornadus\n|-supereffective|p2a: Tornadus\n|-damage|p2a: Tornadus|12\/100 psn\n|move|p2b: Iron Hands|Drain Punch|p1b: Glimmora\n|-damage|p1b: Glimmora|40\/100\n|-heal|p2b: Iron Hands|100\/100 psn|[from] drain|[of] p1b: Glimmora\n|-activate|p1b: Glimmora|ability: Toxic Debris\n|-sidestart|p2: Glitzky|move: Toxic Spikes\n|-enditem|p1b: Glimmora|Sitrus Berry|[eat]\n|-heal|p1b: Glimmora|65\/100|[from] item: Sitrus Berry\n|move|p1a: Iron Hands|Wild Charge|p2a: Tornadus\n|-supereffective|p2a: Tornadus\n|-damage|p2a: Tornadus|0 fnt\n|faint|p2a: Tornadus\n|-damage|p1a: Iron Hands|74\/100|[from] Recoil\n|\n|-damage|p2b: Iron Hands|88\/100 psn|[from] psn\n|upkeep\n|inactive|Glitzky has 30 seconds left.\n|\n|t:|1700159287\n|switch|p2a: Arcanine|Arcanine-Hisui, L50, M|100\/100\n|-status|p2a: Arcanine|psn\n|-ability|p2a: Arcanine|Intimidate|boost\n|-unboost|p1a: Iron Hands|atk|1\n|-unboost|p1b: Glimmora|atk|1\n|turn|3\n|\n|t:|1700159307\n|-terastallize|p2a: Arcanine|Fairy\n|move|p1b: Glimmora|Spiky Shield|p1b: Glimmora\n|-singleturn|p1b: Glimmora|move: Protect\n|move|p2a: Arcanine|Tera Blast|p1a: Iron Hands|[anim] Tera Blast Fairy\n|-supereffective|p1a: Iron Hands\n|-damage|p1a: Iron Hands|0 fnt\n|faint|p1a: Iron Hands\n|-end|p1a: Iron Hands|Quark Drive|[silent]\n|move|p2b: Iron Hands|Heavy Slam|p1b: Glimmora\n|-activate|p1b: Glimmora|move: Protect\n|-damage|p2b: Iron Hands|76\/100 psn|[from] Spiky Shield|[of] p1b: Glimmora\n|\n|-damage|p2a: Arcanine|88\/100 psn|[from] psn\n|-damage|p2b: Iron Hands|64\/100 psn|[from] psn\n|upkeep\n|\n|t:|1700159310\n|switch|p1a: Dondozo|Dondozo, L50, F|100\/100\n|turn|4\n|\n|t:|1700159329\n|move|p1a: Dondozo|Protect|p1a: Dondozo\n|-singleturn|p1a: Dondozo|Protect\n|move|p2a: Arcanine|Tera Blast|p1a: Dondozo|[anim] Tera Blast Fairy\n|-activate|p1a: Dondozo|move: Protect\n|move|p1b: Glimmora|Sludge Bomb|p2a: Arcanine\n|-supereffective|p2a: Arcanine\n|-damage|p2a: Arcanine|0 fnt\n|faint|p2a: Arcanine\n|move|p2b: Iron Hands|Wild Charge|p1a: Dondozo\n|-activate|p1a: Dondozo|move: Protect\n|\n|-damage|p2b: Iron Hands|52\/100 psn|[from] psn\n|upkeep\n|\n|t:|1700159334\n|switch|p2a: Urshifu|Urshifu-Rapid-Strike, L50, M|100\/100\n|-status|p2a: Urshifu|psn\n|turn|5\n|\n|t:|1700159351\n|switch|p1b: Tatsugiri|Tatsugiri, L50, M|100\/100\n|-activate|p1b: Tatsugiri|ability: Commander|[of] p1a: Dondozo\n|-boost|p1a: Dondozo|atk|2\n|-boost|p1a: Dondozo|spa|2\n|-boost|p1a: Dondozo|spe|2\n|-boost|p1a: Dondozo|def|2\n|-boost|p1a: Dondozo|spd|2\n|-terastallize|p1a: Dondozo|Dragon\n|move|p2a: Urshifu|Close Combat|p1a: Dondozo\n|-damage|p1a: Dondozo|77\/100\n|-unboost|p2a: Urshifu|def|1\n|-unboost|p2a: Urshifu|spd|1\n|move|p1a: Dondozo|Order Up|p2a: Urshifu\n|-damage|p2a: Urshifu|28\/100 psn\n|-boost|p1a: Dondozo|atk|1\n|move|p2b: Iron Hands|Wild Charge|p1a: Dondozo\n|-resisted|p1a: Dondozo\n|-damage|p1a: Dondozo|68\/100\n|-damage|p2b: Iron Hands|50\/100 psn|[from] Recoil\n|\n|-heal|p1a: Dondozo|74\/100|[from] item: Leftovers\n|-damage|p2a: Urshifu|16\/100 psn|[from] psn\n|-damage|p2b: Iron Hands|37\/100 psn|[from] psn\n|upkeep\n|turn|6\n|\n|t:|1700159375\n|move|p2a: Urshifu|Close Combat|p1a: Dondozo\n|-damage|p1a: Dondozo|50\/100\n|-unboost|p2a: Urshifu|def|1\n|-unboost|p2a: Urshifu|spd|1\n|move|p1a: Dondozo|Earthquake|p2a: Urshifu|[spread] p2a,p2b\n|-miss|p1a: Dondozo|p1b: Tatsugiri\n|-supereffective|p2b: Iron Hands\n|-damage|p2a: Urshifu|0 fnt\n|-damage|p2b: Iron Hands|0 fnt\n|faint|p2a: Urshifu\n|faint|p2b: Iron Hands\n|-end|p2b: Iron Hands|Quark Drive|[silent]\n|\n|win|Pauliet123\n|raw|Pauliet123's rating: 1555 &rarr; <strong>1570<\/strong><br \/>(+15 for winning)\n|raw|Glitzky's rating: 1457 &rarr; <strong>1442<\/strong><br \/>(-15 for losing)\n|l|\u2606Pauliet123\n","uploadtime":1700159385,"views":17,"p1id":"pauliet123","p2id":"glitzky","formatid":"gen9vgc2023regulatione","rating":1442,"private":0,"password":""}