{"id":"gen9vgc2023regulatione-1995281886","p1":"bkmboy","p2":"Bulb_his_saur","format":"[Gen 9] VGC 2023 Regulation E","log":"|j|\u2606bkmboy\n|j|\u2606Bulb_his_saur\n|t:|1700546279\n|gametype|doubles\n|player|p1|bkmboy|gambler|1107\n|player|p2|Bulb_his_saur|backpacker|1173\n|teamsize|p1|6\n|teamsize|p2|6\n|gen|9\n|tier|[Gen 9] VGC 2023 Regulation E\n|rated|\n|rule|Species Clause: Limit one of each Pok\u00e9mon\n|rule|Item Clause: Limit one of each item\n|clearpoke\n|poke|p1|Torkoal, L50, F|\n|poke|p1|Oranguru, L50, M|\n|poke|p1|Ursaluna-Bloodmoon, L50, M|\n|poke|p1|Bruxish, L50, F|\n|poke|p1|Urshifu-*, L50, M|\n|poke|p1|Maushold-Four, L50|\n|poke|p2|Rillaboom, L50, M|\n|poke|p2|Illumise, L50, F|\n|poke|p2|Lurantis, L50, M|\n|poke|p2|Ninetales-Alola, L50, M|\n|poke|p2|Brambleghast, L50, M|\n|poke|p2|Milotic, L50, F|\n|teampreview|4\n|inactive|Battle timer is ON: inactive players will automatically lose when time's up. (requested by Bulb_his_saur)\n|c|\u2606Bulb_his_saur|Hfgl\n|\n|t:|1700546304\n|start\n|switch|p1a: Bruxish|Bruxish, L50, F|100\/100\n|switch|p1b: Urshifu|Urshifu, L50, M|100\/100\n|switch|p2a: A friend <3|Illumise, L50, F|100\/100\n|switch|p2b: BUG|Lurantis, L50, M|100\/100\n|turn|1\n|\n|t:|1700546328\n|move|p1a: Bruxish|Protect|p1a: Bruxish\n|-singleturn|p1a: Bruxish|Protect\n|move|p2a: A friend <3|Charm||[still]\n|cant|p1a: Bruxish|ability: Dazzling|Charm|[of] p2a: A friend <3\n|move|p1b: Urshifu|Wicked Blow|p2b: BUG\n|-crit|p2b: BUG\n|-damage|p2b: BUG|19\/100\n|move|p2b: BUG|Superpower|p1b: Urshifu\n|-supereffective|p1b: Urshifu\n|-damage|p1b: Urshifu|18\/100\n|-boost|p2b: BUG|atk|1\n|-boost|p2b: BUG|def|1\n|\n|upkeep\n|turn|2\n|inactive|bkmboy has 30 seconds left.\n|inactive|bkmboy has 20 seconds left.\n|inactive|bkmboy has 15 seconds left.\n|\n|t:|1700546369\n|-terastallize|p1a: Bruxish|Fairy\n|move|p2a: A friend <3|Tailwind|p2a: A friend <3\n|-sidestart|p2: Bulb_his_saur|move: Tailwind\n|move|p1b: Urshifu|Close Combat|p2b: BUG\n|-damage|p2b: BUG|0 fnt\n|-unboost|p1b: Urshifu|def|1\n|-unboost|p1b: Urshifu|spd|1\n|faint|p2b: BUG\n|move|p1a: Bruxish|Trick Room|p1a: Bruxish\n|-fieldstart|move: Trick Room|[of] p1a: Bruxish\n|\n|upkeep\n|\n|t:|1700546383\n|switch|p2b: Funky Kong|Rillaboom, L50, M|100\/100\n|-fieldstart|move: Grassy Terrain|[from] ability: Grassy Surge|[of] p2b: Funky Kong\n|turn|3\n|\n|t:|1700546401\n|move|p2b: Funky Kong|Fake Out||[still]\n|cant|p1a: Bruxish|ability: Dazzling|Fake Out|[of] p2b: Funky Kong\n|move|p1b: Urshifu|Sucker Punch||[still]\n|-fail|p1b: Urshifu\n|move|p1a: Bruxish|Super Fang|p2b: Funky Kong\n|-damage|p2b: Funky Kong|51\/100\n|move|p2a: A friend <3|Struggle Bug|p1b: Urshifu|[spread] p1a,p1b\n|-resisted|p1a: Bruxish\n|-damage|p1a: Bruxish|95\/100\n|-damage|p1b: Urshifu|0 fnt\n|-unboost|p1a: Bruxish|spa|1\n|faint|p1b: Urshifu\n|\n|-heal|p1a: Bruxish|100\/100|[from] Grassy Terrain\n|-heal|p2b: Funky Kong|57\/100|[from] Grassy Terrain\n|upkeep\n|\n|t:|1700546418\n|switch|p1b: Torkoal|Torkoal, L50, F, shiny|100\/100\n|-weather|SunnyDay|[from] ability: Drought|[of] p1b: Torkoal\n|turn|4\n|\n|t:|1700546434\n|move|p1b: Torkoal|Eruption|p2a: A friend <3|[spread] p2a,p2b\n|-supereffective|p2a: A friend <3\n|-supereffective|p2b: Funky Kong\n|-enditem|p2a: A friend <3|Focus Sash\n|-damage|p2a: A friend <3|1\/100\n|-damage|p2b: Funky Kong|0 fnt\n|faint|p2b: Funky Kong\n|move|p1a: Bruxish|Super Fang|p2a: A friend <3\n|-damage|p2a: A friend <3|0 fnt\n|faint|p2a: A friend <3\n|\n|-weather|SunnyDay|[upkeep]\n|upkeep\n|\n|t:|1700546440\n|switch|p2a: RootinTootin|Brambleghast, L50, M|100\/100\n|-ability|p2a: RootinTootin|Wind Rider|boost\n|-boost|p2a: RootinTootin|atk|1\n|turn|5\n|\n|t:|1700546454\n|move|p1b: Torkoal|Eruption|p2a: RootinTootin\n|-supereffective|p2a: RootinTootin\n|-damage|p2a: RootinTootin|0 fnt\n|faint|p2a: RootinTootin\n|\n|win|bkmboy\n|raw|bkmboy's rating: 1107 &rarr; <strong>1137<\/strong><br \/>(+30 for winning)\n|raw|Bulb_his_saur's rating: 1173 &rarr; <strong>1143<\/strong><br \/>(-30 for losing)\n|l|\u2606Bulb_his_saur\n","uploadtime":1700546469,"views":6,"p1id":"bkmboy","p2id":"bulbhissaur","formatid":"gen9vgc2023regulatione","rating":1137,"private":0,"password":""}