{"id":"gen9vgc2023regulatione-1995047668","p1":"orudbeck","p2":"MurphyTheMut","format":"[Gen 9] VGC 2023 Regulation E","log":"|j|\u2606orudbeck\n|j|\u2606MurphyTheMut\n|t:|1700516911\n|gametype|doubles\n|player|p1|orudbeck|102|1309\n|player|p2|MurphyTheMut|roughneck-gen4|1323\n|teamsize|p1|6\n|teamsize|p2|6\n|gen|9\n|tier|[Gen 9] VGC 2023 Regulation E\n|rated|\n|rule|Species Clause: Limit one of each Pok\u00e9mon\n|rule|Item Clause: Limit one of each item\n|clearpoke\n|poke|p1|Greedent, L50, F|\n|poke|p1|Indeedee-F, L50, F|\n|poke|p1|Sinistcha, L50|\n|poke|p1|Ninetales-Alola, L50, F|\n|poke|p1|Iron Hands, L50|\n|poke|p1|Kingambit, L50, M|\n|poke|p2|Hippowdon, L50, F|\n|poke|p2|Tyranitar, L50, M|\n|poke|p2|Flutter Mane, L50|\n|poke|p2|Indeedee-F, L50, F|\n|poke|p2|Armarouge, L50, M|\n|poke|p2|Kommo-o, L50, F|\n|teampreview|4\n|inactive|Battle timer is ON: inactive players will automatically lose when time's up. (requested by MurphyTheMut)\n|inactive|MurphyTheMut has 60 seconds left.\n|\n|t:|1700516988\n|start\n|switch|p1a: Sinistcha|Sinistcha, L50|100\/100\n|switch|p1b: Greedent|Greedent, L50, F|100\/100\n|switch|p2a: Indeedee|Indeedee-F, L50, F|100\/100\n|switch|p2b: Kommo-o|Kommo-o, L50, F|100\/100\n|-fieldstart|move: Psychic Terrain|[from] ability: Psychic Surge|[of] p2a: Indeedee\n|turn|1\n|inactive|orudbeck has 30 seconds left.\n|inactive|MurphyTheMut has 30 seconds left.\n|\n|t:|1700517018\n|move|p2a: Indeedee|Follow Me|p2a: Indeedee\n|-singleturn|p2a: Indeedee|move: Follow Me\n|move|p1a: Sinistcha|Rage Powder|p1a: Sinistcha\n|-singleturn|p1a: Sinistcha|move: Rage Powder\n|move|p2b: Kommo-o|Iron Defense|p2b: Kommo-o\n|-boost|p2b: Kommo-o|def|2\n|move|p1b: Greedent|Belly Drum|p1b: Greedent\n|-damage|p1b: Greedent|51\/100\n|-setboost|p1b: Greedent|atk|6|[from] move: Belly Drum\n|\n|upkeep\n|turn|2\n|inactive|orudbeck has 30 seconds left.\n|\n|t:|1700517044\n|switch|p1a: Ninetales|Ninetales-Alola, L50, F|100\/100\n|-weather|Snow|[from] ability: Snow Warning|[of] p1a: Ninetales\n|-terastallize|p1b: Greedent|Ghost\n|move|p2a: Indeedee|Follow Me|p2a: Indeedee\n|-singleturn|p2a: Indeedee|move: Follow Me\n|move|p2b: Kommo-o|Iron Defense|p2b: Kommo-o\n|-boost|p2b: Kommo-o|def|2\n|move|p1b: Greedent|Body Slam|p2a: Indeedee\n|-damage|p2a: Indeedee|0 fnt\n|-damage|p1b: Greedent|34\/100|[from] item: Rocky Helmet|[of] p2a: Indeedee\n|-enditem|p1b: Greedent|Sitrus Berry|[eat]\n|-heal|p1b: Greedent|59\/100|[from] item: Sitrus Berry\n|-heal|p1b: Greedent|92\/100|[from] ability: Cheek Pouch\n|faint|p2a: Indeedee\n|\n|-weather|Snow|[upkeep]\n|upkeep\n|\n|t:|1700517063\n|switch|p2a: Tyranitar|Tyranitar, L50, M|100\/100\n|-weather|Sandstorm|[from] ability: Sand Stream|[of] p2a: Tyranitar\n|-enditem|p2a: Tyranitar|Psychic Seed\n|-boost|p2a: Tyranitar|spd|1|[from] item: Psychic Seed\n|turn|3\n|\n|t:|1700517084\n|switch|p1a: Sinistcha|Sinistcha, L50|100\/100\n|-heal|p1b: Greedent|100\/100|[from] ability: Hospitality|[of] p1a: Sinistcha\n|-terastallize|p2b: Kommo-o|Steel\n|move|p1b: Greedent|Protect|p1b: Greedent\n|-singleturn|p1b: Greedent|Protect\n|move|p2b: Kommo-o|Body Press|p1a: Sinistcha\n|-immune|p1a: Sinistcha\n|move|p2a: Tyranitar|Knock Off|p1b: Greedent\n|-activate|p1b: Greedent|move: Protect\n|\n|-weather|Sandstorm|[upkeep]\n|-damage|p1a: Sinistcha|94\/100|[from] Sandstorm\n|-damage|p1b: Greedent|94\/100|[from] Sandstorm\n|upkeep\n|turn|4\n|inactive|orudbeck has 30 seconds left.\n|\n|t:|1700517116\n|move|p1a: Sinistcha|Rage Powder|p1a: Sinistcha\n|-singleturn|p1a: Sinistcha|move: Rage Powder\n|move|p2b: Kommo-o|Iron Defense|p2b: Kommo-o\n|-boost|p2b: Kommo-o|def|2\n|move|p2a: Tyranitar|Knock Off|p1a: Sinistcha\n|-supereffective|p1a: Sinistcha\n|-damage|p1a: Sinistcha|0 fnt\n|-enditem|p1a: Sinistcha|Wiki Berry|[from] move: Knock Off|[of] p2a: Tyranitar\n|faint|p1a: Sinistcha\n|move|p1b: Greedent|Stomping Tantrum|p2b: Kommo-o\n|-supereffective|p2b: Kommo-o\n|-damage|p2b: Kommo-o|73\/100\n|\n|-weather|Sandstorm|[upkeep]\n|-damage|p1b: Greedent|88\/100|[from] Sandstorm\n|-heal|p2b: Kommo-o|79\/100|[from] item: Leftovers\n|upkeep\n|\n|t:|1700517134\n|switch|p1a: Ninetales|Ninetales-Alola, L50, F|100\/100\n|-weather|Snow|[from] ability: Snow Warning|[of] p1a: Ninetales\n|turn|5\n|\n|t:|1700517159\n|move|p1a: Ninetales|Aurora Veil|p1a: Ninetales\n|-sidestart|p1: orudbeck|move: Aurora Veil\n|move|p2b: Kommo-o|Body Press|p1a: Ninetales\n|-damage|p1a: Ninetales|0 fnt\n|faint|p1a: Ninetales\n|move|p2a: Tyranitar|Knock Off|p1b: Greedent\n|-supereffective|p1b: Greedent\n|-damage|p1b: Greedent|55\/100\n|move|p1b: Greedent|Stomping Tantrum|p2a: Tyranitar\n|-supereffective|p2a: Tyranitar\n|-damage|p2a: Tyranitar|0 fnt\n|faint|p2a: Tyranitar\n|\n|-weather|Snow|[upkeep]\n|-heal|p2b: Kommo-o|85\/100|[from] item: Leftovers\n|-fieldend|move: Psychic Terrain\n|upkeep\n|\n|t:|1700517172\n|switch|p1a: Kingambit|Kingambit, L50, M|100\/100\n|switch|p2a: Hippowdon|Hippowdon, L50, F|100\/100\n|turn|6\n|\n|t:|1700517193\n|move|p2a: Hippowdon|Protect|p2a: Hippowdon\n|-singleturn|p2a: Hippowdon|Protect\n|move|p1a: Kingambit|Sucker Punch||[still]\n|-fail|p1a: Kingambit\n|move|p2b: Kommo-o|Body Press|p1a: Kingambit\n|-supereffective|p1a: Kingambit\n|-damage|p1a: Kingambit|0 fnt\n|faint|p1a: Kingambit\n|move|p1b: Greedent|Body Slam|p2a: Hippowdon\n|-activate|p2a: Hippowdon|move: Protect\n|\n|-weather|Snow|[upkeep]\n|-heal|p2b: Kommo-o|91\/100|[from] item: Leftovers\n|upkeep\n|turn|7\n|\n|t:|1700517220\n|move|p2b: Kommo-o|Protect|p2b: Kommo-o\n|-singleturn|p2b: Kommo-o|Protect\n|move|p2a: Hippowdon|Earthquake|p1b: Greedent|[spread] p1b\n|-activate|p2b: Kommo-o|move: Protect\n|-damage|p1b: Greedent|30\/100\n|-damage|p2a: Hippowdon|91\/100|[from] item: Life Orb\n|move|p1b: Greedent|Body Slam|p2a: Hippowdon\n|-damage|p2a: Hippowdon|1\/100\n|\n|-weather|Snow|[upkeep]\n|-heal|p2b: Kommo-o|97\/100|[from] item: Leftovers\n|upkeep\n|turn|8\n|\n|t:|1700517245\n|move|p2b: Kommo-o|Iron Head|p1b: Greedent\n|-damage|p1b: Greedent|15\/100\n|move|p2a: Hippowdon|Heavy Slam|p1b: Greedent\n|-damage|p1b: Greedent|0 fnt\n|faint|p1b: Greedent\n|-damage|p2a: Hippowdon|0 fnt|[from] item: Life Orb\n|faint|p2a: Hippowdon\n|\n|win|MurphyTheMut\n|raw|orudbeck's rating: 1309 &rarr; <strong>1290<\/strong><br \/>(-19 for losing)\n|raw|MurphyTheMut's rating: 1323 &rarr; <strong>1342<\/strong><br \/>(+19 for winning)\n|l|\u2606orudbeck\n|c|\u2606MurphyTheMut|gg\n","uploadtime":1700517642,"views":8,"p1id":"orudbeck","p2id":"murphythemut","formatid":"gen9vgc2023regulatione","rating":1290,"private":0,"password":""}