{"id":"gen9vgc2023regulatione-1998478386","p1":"fangeddragon96","p2":"WaffleMoo","format":"[Gen 9] VGC 2023 Regulation E","log":"|j|\u2606fangeddragon96\n|j|\u2606WaffleMoo\n|n|\u2606fangeddragon96|fangeddragon96\n|n|\u2606WaffleMoo|wafflemoo\n|html|View the match progress at <a href=\"\/game-bestof3-gen9vgc2023regulatione-1998478385\">game-bestof3-gen9vgc2023regulatione-1998478385<\/a>\n|t:|1700946866\n|gametype|doubles\n|player|p1|fangeddragon96|hilbert|\n|player|p2|WaffleMoo|169|\n|teamsize|p1|6\n|teamsize|p2|6\n|gen|9\n|tier|[Gen 9] VGC 2023 Regulation E\n|rule|Species Clause: Limit one of each Pok\u00e9mon\n|rule|Item Clause: Limit one of each item\n|clearpoke\n|poke|p1|Ursaluna-Bloodmoon, L50, M|\n|poke|p1|Grimmsnarl, L50, M|\n|poke|p1|Golem-Alola, L50, F|\n|poke|p1|Cloyster, L50, F|\n|poke|p1|Tauros-Paldea-Blaze, L50, M|\n|poke|p1|Noivern, L50, M|\n|poke|p2|Meowscarada, L50, M|\n|poke|p2|Volbeat, L50, M|\n|poke|p2|Indeedee-F, L50, F|\n|poke|p2|Armarouge, L50, F|\n|poke|p2|Milotic, L50, M|\n|poke|p2|Magcargo, L50, F|\n|teampreview|4\nWaffleMoo rejected open team sheets.\n|j| IlVentodOricorio\n|c|\u2606WaffleMoo|Links have been sent and glhf homie\n|j| thedistortionzone\n|\n|t:|1700946983\n|start\n|switch|p1a: Golem|Golem-Alola, L50, F, shiny|100\/100\n|switch|p1b: Noivern|Noivern, L50, M, shiny|100\/100\n|switch|p2a: Meowscarada|Meowscarada, L50, M|100\/100\n|switch|p2b: Volbeat|Volbeat, L50, M|100\/100\n|turn|1\n|\n|t:|1700947048\n|move|p2a: Meowscarada|Sucker Punch|p1a: Golem\n|-start|p2a: Meowscarada|typechange|Dark|[from] ability: Protean\n|-damage|p1a: Golem|74\/100\n|move|p2b: Volbeat|Swagger|p2a: Meowscarada\n|-boost|p2a: Meowscarada|atk|2\n|-start|p2a: Meowscarada|confusion\n|-enditem|p2a: Meowscarada|Lum Berry|[eat]\n|-end|p2a: Meowscarada|confusion\n|move|p1b: Noivern|Tailwind|p1b: Noivern\n|-sidestart|p1: fangeddragon96|move: Tailwind\n|move|p1a: Golem|Body Slam|p2b: Volbeat\n|-damage|p2b: Volbeat|33\/100\n|\n|upkeep\n|turn|2\n|\n|t:|1700947101\n|move|p2b: Volbeat|Tailwind|p2b: Volbeat\n|-sidestart|p2: WaffleMoo|move: Tailwind\n|move|p1b: Noivern|U-turn|p2b: Volbeat\n|-damage|p2b: Volbeat|10\/100\n|-damage|p1b: Noivern|90\/100|[from] item: Life Orb\n|\n|t:|1700947113\n|switch|p1b: Grimmsnarl|Grimmsnarl, L50, M, shiny|100\/100|[from] U-turn\n|move|p2a: Meowscarada|Flower Trick|p1a: Golem\n|-supereffective|p1a: Golem\n|-crit|p1a: Golem\n|-damage|p1a: Golem|0 fnt\n|faint|p1a: Golem\n|\n|upkeep\n|\n|t:|1700947123\n|switch|p1a: Noivern|Noivern, L50, M, shiny|90\/100\n|turn|3\n|\n|t:|1700947143\n|switch|p2b: Indeedee|Indeedee-F, L50, F|100\/100\n|-fieldstart|move: Psychic Terrain|[from] ability: Psychic Surge|[of] p2b: Indeedee\n|move|p2a: Meowscarada|Protect|p2a: Meowscarada\n|-singleturn|p2a: Meowscarada|Protect\n|move|p1b: Grimmsnarl|Reflect|p1b: Grimmsnarl\n|-sidestart|p1: fangeddragon96|Reflect\n|move|p1a: Noivern|U-turn|p2a: Meowscarada\n|-activate|p2a: Meowscarada|move: Protect\n|\n|upkeep\n|turn|4\n|\n|t:|1700947231\n|-terastallize|p1a: Noivern|Dark\n|-terastallize|p2a: Meowscarada|Water\n|move|p1b: Grimmsnarl|Light Screen|p1b: Grimmsnarl\n|-sidestart|p1: fangeddragon96|move: Light Screen\n|move|p1a: Noivern|Dark Pulse|p2b: Indeedee\n|-supereffective|p2b: Indeedee\n|-damage|p2b: Indeedee|30\/100\n|-damage|p1a: Noivern|80\/100|[from] item: Life Orb\n|move|p2a: Meowscarada|Flower Trick|p1b: Grimmsnarl\n|-crit|p1b: Grimmsnarl\n|-damage|p1b: Grimmsnarl|14\/100\n|move|p2b: Indeedee|Dazzling Gleam|p1a: Noivern|[spread] p1a,p1b\n|-supereffective|p1a: Noivern\n|-supereffective|p1b: Grimmsnarl\n|-damage|p1a: Noivern|55\/100\n|-damage|p1b: Grimmsnarl|0 fnt\n|faint|p1b: Grimmsnarl\n|\n|-sideend|p1: fangeddragon96|move: Tailwind\n|upkeep\n|\n|t:|1700947251\n|switch|p1b: Ursaluna|Ursaluna-Bloodmoon, L50, M|100\/100\n|turn|5\n|l|\u2606WaffleMoo\n|player|p2|\n|\n|t:|1700947282\n|move|p2b: Indeedee|Helping Hand|p2a: Meowscarada\n|-singleturn|p2a: Meowscarada|Helping Hand|[of] p2b: Indeedee\n|move|p2a: Meowscarada|Flower Trick|p1b: Ursaluna\n|-supereffective|p1b: Ursaluna\n|-crit|p1b: Ursaluna\n|-damage|p1b: Ursaluna|0 fnt\n|faint|p1b: Ursaluna\n|move|p1a: Noivern|Dark Pulse|p2a: Meowscarada\n|-damage|p2a: Meowscarada|26\/100\n|-damage|p1a: Noivern|45\/100|[from] item: Life Orb\n|\n|-sideend|p2: WaffleMoo|move: Tailwind\n|upkeep\n|turn|6\n|j|\u2606WaffleMoo\n|player|p2|WaffleMoo|169\n|\n|t:|1700947300\n|move|p2b: Indeedee|Follow Me|p2b: Indeedee\n|-singleturn|p2b: Indeedee|move: Follow Me\n|move|p1a: Noivern|Dark Pulse|p2b: Indeedee\n|-supereffective|p2b: Indeedee\n|-damage|p2b: Indeedee|0 fnt\n|faint|p2b: Indeedee\n|-damage|p1a: Noivern|35\/100|[from] item: Life Orb\n|move|p2a: Meowscarada|Flower Trick|p1a: Noivern\n|-crit|p1a: Noivern\n|-damage|p1a: Noivern|0 fnt\n|faint|p1a: Noivern\n|\n|win|WaffleMoo\n|inactive|fangeddragon96 has 50 seconds to confirm battle start!\n|inactive|WaffleMoo has 50 seconds to confirm battle start!\n|c|\u2606fangeddragon96|Ggs\n|inactive|fangeddragon96 has 40 seconds to confirm battle start!\n|inactive|WaffleMoo has 40 seconds to confirm battle start!\n|c|\u2606WaffleMoo|Ggs\n|inactive|fangeddragon96 has 30 seconds to confirm battle start!\n|inactive|WaffleMoo has 30 seconds to confirm battle start!\n|c|&|\/uhtml prompt-fangeddragon96,fangeddragon96 is ready for game 2!\n|player|p2|WaffleMoo|169\n|inactive|WaffleMoo has 20 seconds to confirm battle start!\n|l| IlVentodOricorio\n|c| thedistortionzone|hi we lnks\n|inactive|WaffleMoo has 10 seconds to confirm battle start!\nBoth players are ready! Starting next match!\n|j| 5ilver_F0x\n|l| 5ilver_F0x\n|j| Jay Jingles\n|j| 5ilver_F0x\n|l| 5ilver_F0x\n|l| Jay Jingles\n|j| Bambichild\n|l| Bambichild\n|j| Jay Jingles\n|l|\u2606WaffleMoo\n|player|p2|\n","uploadtime":1700947366,"views":24,"p1id":"fangeddragon96","p2id":"wafflemoo","formatid":"gen9vgc2023regulatione","rating":0,"private":0,"password":""}