{"id":"gen9vgc2023regulatione-1990373389","p1":"pmal0919","p2":"wanderinginspace","format":"[Gen 9] VGC 2023 Regulation E","log":"|j|\u2606pmal0919\n|j|\u2606wanderinginspace\n|t:|1699963785\n|gametype|doubles\n|player|p1|pmal0919|acetrainer-gen4dp|1156\n|player|p2|wanderinginspace|1|1226\n|teamsize|p1|6\n|teamsize|p2|6\n|gen|9\n|tier|[Gen 9] VGC 2023 Regulation E\n|rated|\n|rule|Species Clause: Limit one of each Pok\u00e9mon\n|rule|Item Clause: Limit one of each item\n|clearpoke\n|poke|p1|Weezing, L50, F|\n|poke|p1|Ogerpon-Wellspring, L50, F|\n|poke|p1|Flutter Mane, L50|\n|poke|p1|Iron Hands, L50|\n|poke|p1|Landorus-Therian, L50, M|\n|poke|p1|Roaring Moon, L50|\n|poke|p2|Milotic, L50, F|\n|poke|p2|Grimmsnarl, L50, M|\n|poke|p2|Iron Hands, L50|\n|poke|p2|Ogerpon-Hearthflame, L50, F|\n|poke|p2|Sinistcha, L50|\n|poke|p2|Landorus-Therian, L50, M|\n|teampreview|4\n|\n|t:|1699963819\n|start\n|switch|p1a: Weezing|Weezing, L50, F, shiny|100\/100\n|switch|p1b: Ogerpon|Ogerpon-Wellspring, L50, F|100\/100\n|switch|p2a: Landorus|Landorus-Therian, L50, M|100\/100\n|switch|p2b: Iron Hands|Iron Hands, L50|100\/100\n|-ability|p1a: Weezing|Neutralizing Gas\n|-enditem|p2b: Iron Hands|Booster Energy\n|-activate|p2b: Iron Hands|ability: Quark Drive|[fromitem]\n|-start|p2b: Iron Hands|quarkdriveatk\n|turn|1\n|\n|t:|1699963848\n|move|p1b: Ogerpon|Spiky Shield|p1b: Ogerpon\n|-singleturn|p1b: Ogerpon|move: Protect\n|move|p1a: Weezing|Protect|p1a: Weezing\n|-singleturn|p1a: Weezing|Protect\n|move|p2b: Iron Hands|Fake Out|p1b: Ogerpon\n|-activate|p1b: Ogerpon|move: Protect\n|-damage|p2b: Iron Hands|88\/100|[from] Spiky Shield|[of] p1b: Ogerpon\n|move|p2a: Landorus|Stomping Tantrum|p1a: Weezing\n|-activate|p1a: Weezing|move: Protect\n|\n|upkeep\n|turn|2\n|\n|t:|1699963885\n|switch|p2a: Sinistcha|Sinistcha, L50|100\/100\n|switch|p1b: Iron Hands|Iron Hands, L50|100\/100\n|-end|p1a: Weezing|ability: Neutralizing Gas\n|-heal|p2b: Iron Hands|100\/100|[from] ability: Hospitality|[of] p2a: Sinistcha\n|switch|p1a: Landorus|Landorus-Therian, L50, M|100\/100\n|-ability|p1a: Landorus|Intimidate|boost\n|-unboost|p2a: Sinistcha|atk|1\n|-unboost|p2b: Iron Hands|atk|1\n|move|p2b: Iron Hands|Wild Charge|p1b: Iron Hands\n|-resisted|p1b: Iron Hands\n|-damage|p1b: Iron Hands|85\/100\n|-damage|p2b: Iron Hands|97\/100|[from] Recoil\n|\n|upkeep\n|turn|3\n|\n|t:|1699963927\n|switch|p1a: Weezing|Weezing, L50, F, shiny|100\/100\n|-ability|p1a: Weezing|Neutralizing Gas\n|-end|p2b: Iron Hands|Quark Drive|[silent]\n|switch|p2b: Landorus|Landorus-Therian, L50, M|100\/100\n|move|p1b: Iron Hands|Fake Out|p2b: Landorus\n|-damage|p2b: Landorus|83\/100\n|move|p2a: Sinistcha|Strength Sap|p1b: Iron Hands\n|-unboost|p1b: Iron Hands|atk|1\n|\n|upkeep\n|turn|4\n|\n|t:|1699963974\n|-end|p1b: Iron Hands|Quark Drive|[silent]\n|switch|p1b: Landorus|Landorus-Therian, L50, M|100\/100\n|move|p2b: Landorus|Stomping Tantrum|p1a: Weezing\n|-supereffective|p1a: Weezing\n|-damage|p1a: Weezing|40\/100\n|-enditem|p1a: Weezing|Sitrus Berry|[eat]\n|-heal|p1a: Weezing|64\/100|[from] item: Sitrus Berry\n|move|p2a: Sinistcha|Matcha Gotcha|p1a: Weezing|[spread] p1b\n|-miss|p2a: Sinistcha|p1a: Weezing\n|-damage|p1b: Landorus|68\/100\n|-status|p1b: Landorus|brn\n|move|p1a: Weezing|Will-O-Wisp|p2b: Landorus|[miss]\n|-miss|p1a: Weezing|p2b: Landorus\n|\n|-damage|p1b: Landorus|62\/100 brn|[from] brn\n|upkeep\n|turn|5\n|\n|t:|1699964009\n|-terastallize|p1a: Weezing|Ghost\n|move|p2a: Sinistcha|Rage Powder|p2a: Sinistcha\n|-singleturn|p2a: Sinistcha|move: Rage Powder\n|move|p2b: Landorus|Stomping Tantrum|p1a: Weezing\n|-damage|p1a: Weezing|31\/100\n|move|p1b: Landorus|U-turn|p2a: Sinistcha\n|-damage|p2a: Sinistcha|91\/100\n|-damage|p1b: Landorus|45\/100 brn|[from] item: Rocky Helmet|[of] p2a: Sinistcha\n|\n|t:|1699964024\n|switch|p1b: Iron Hands|Iron Hands, L50|85\/100|[from] U-turn\n|move|p1a: Weezing|Will-O-Wisp|p2a: Sinistcha\n|-status|p2a: Sinistcha|brn\n|\n|-damage|p2a: Sinistcha|85\/100 brn|[from] brn\n|upkeep\n|turn|6\n|\n|t:|1699964054\n|switch|p2b: Ogerpon|Ogerpon-Hearthflame, L50, F|100\/100\n|move|p1b: Iron Hands|Fake Out|p2b: Ogerpon\n|-damage|p2b: Ogerpon|82\/100\n|move|p2a: Sinistcha|Strength Sap|p1b: Iron Hands\n|-unboost|p1b: Iron Hands|atk|1\n|-heal|p2a: Sinistcha|100\/100 brn\n|move|p1a: Weezing|Sludge Bomb|p2a: Sinistcha\n|-damage|p2a: Sinistcha|66\/100 brn\n|\n|-damage|p2a: Sinistcha|60\/100 brn|[from] brn\n|upkeep\n|turn|7\n|\n|t:|1699964098\n|-end|p1a: Weezing|ability: Neutralizing Gas\n|-ability|p2b: Ogerpon|Mold Breaker\n|-heal|p2b: Ogerpon|100\/100|[from] ability: Hospitality|[of] p2a: Sinistcha\n|switch|p1a: Landorus|Landorus-Therian, L50, M|45\/100 brn\n|-ability|p1a: Landorus|Intimidate|boost\n|-unboost|p2a: Sinistcha|atk|1\n|-unboost|p2b: Ogerpon|atk|1\n|-terastallize|p2b: Ogerpon|Fire\n|detailschange|p2b: Ogerpon|Ogerpon-Hearthflame-Tera, L50, F, tera:Fire\n|-ability|p2b: Ogerpon|Embody Aspect (Hearthflame)|boost\n|-boost|p2b: Ogerpon|atk|1\n|move|p2b: Ogerpon|Swords Dance|p2b: Ogerpon\n|-boost|p2b: Ogerpon|atk|2\n|move|p2a: Sinistcha|Matcha Gotcha|p1b: Iron Hands|[spread] p1a,p1b\n|-damage|p1a: Landorus|16\/100 brn\n|-heal|p2a: Sinistcha|74\/100 brn|[from] drain|[of] p1a: Landorus\n|-damage|p1b: Iron Hands|73\/100\n|-heal|p2a: Sinistcha|82\/100 brn|[from] drain|[of] p1b: Iron Hands\n|move|p1b: Iron Hands|Wild Charge|p2b: Ogerpon\n|-damage|p2b: Ogerpon|63\/100\n|-damage|p1b: Iron Hands|66\/100|[from] Recoil\n|\n|-damage|p1a: Landorus|10\/100 brn|[from] brn\n|-damage|p2a: Sinistcha|76\/100 brn|[from] brn\n|upkeep\n|turn|8\n|\n|t:|1699964153\n|move|p2b: Ogerpon|Spiky Shield|p2b: Ogerpon\n|-singleturn|p2b: Ogerpon|move: Protect\n|move|p2a: Sinistcha|Rage Powder|p2a: Sinistcha\n|-singleturn|p2a: Sinistcha|move: Rage Powder\n|move|p1a: Landorus|Rock Slide|p2a: Sinistcha|[spread] p2a\n|-activate|p2b: Ogerpon|move: Protect\n|-damage|p2a: Sinistcha|67\/100 brn\n|move|p1b: Iron Hands|Wild Charge|p2a: Sinistcha\n|-resisted|p2a: Sinistcha\n|-damage|p2a: Sinistcha|57\/100 brn\n|-damage|p1b: Iron Hands|49\/100|[from] item: Rocky Helmet|[of] p2a: Sinistcha\n|-damage|p1b: Iron Hands|47\/100|[from] Recoil\n|\n|-damage|p1a: Landorus|4\/100 brn|[from] brn\n|-damage|p2a: Sinistcha|50\/100 brn|[from] brn\n|upkeep\n|turn|9\n|\n|t:|1699964189\n|move|p1a: Landorus|Rock Slide|p2a: Sinistcha|[spread] p2a,p2b\n|-supereffective|p2b: Ogerpon\n|-damage|p2a: Sinistcha|43\/100 brn\n|-damage|p2b: Ogerpon|35\/100\n|cant|p2b: Ogerpon|flinch\n|move|p2a: Sinistcha|Matcha Gotcha|p1a: Landorus|[spread] p1a,p1b\n|-crit|p1b: Iron Hands\n|-damage|p1a: Landorus|0 fnt\n|-heal|p2a: Sinistcha|44\/100 brn|[from] drain|[of] p1a: Landorus\n|-damage|p1b: Iron Hands|28\/100\n|-heal|p2a: Sinistcha|57\/100 brn|[from] drain|[of] p1b: Iron Hands\n|faint|p1a: Landorus\n|move|p1b: Iron Hands|Wild Charge|p2b: Ogerpon\n|-damage|p2b: Ogerpon|0 fnt\n|faint|p2b: Ogerpon\n|-damage|p1b: Iron Hands|21\/100|[from] Recoil\n|\n|-damage|p2a: Sinistcha|50\/100 brn|[from] brn\n|upkeep\n|\n|t:|1699964215\n|switch|p2b: Landorus|Landorus-Therian, L50, M|83\/100\n|switch|p1a: Weezing|Weezing, L50, F, shiny, tera:Ghost|31\/100\n|-ability|p1a: Weezing|Neutralizing Gas\n|turn|10\n|\n|t:|1699964242\n|move|p2b: Landorus|Stomping Tantrum|p1a: Weezing\n|-damage|p1a: Weezing|1\/100\n|move|p2a: Sinistcha|Strength Sap|p1b: Iron Hands\n|-unboost|p1b: Iron Hands|atk|1\n|-heal|p2a: Sinistcha|100\/100 brn\n|move|p1b: Iron Hands|Heavy Slam|p2b: Landorus\n|-damage|p2b: Landorus|55\/100\n|move|p1a: Weezing|Will-O-Wisp|p2b: Landorus\n|-status|p2b: Landorus|brn\n|\n|-damage|p2b: Landorus|49\/100 brn|[from] brn\n|-damage|p2a: Sinistcha|94\/100 brn|[from] brn\n|upkeep\n|turn|11\n|\n|t:|1699964270\n|-end|p1b: Iron Hands|Quark Drive|[silent]\n|switch|p1b: Ogerpon|Ogerpon-Wellspring, L50, F|100\/100\n|move|p1a: Weezing|Protect|p1a: Weezing\n|-singleturn|p1a: Weezing|Protect\n|move|p2b: Landorus|Stomping Tantrum|p1b: Ogerpon\n|-resisted|p1b: Ogerpon\n|-damage|p1b: Ogerpon|87\/100\n|move|p2a: Sinistcha|Matcha Gotcha|p1a: Weezing|[spread] p1b\n|-activate|p1a: Weezing|move: Protect\n|-damage|p1b: Ogerpon|61\/100\n|-heal|p2a: Sinistcha|100\/100 brn|[from] drain|[of] p1b: Ogerpon\n|\n|-damage|p2b: Landorus|43\/100 brn|[from] brn\n|-damage|p2a: Sinistcha|94\/100 brn|[from] brn\n|upkeep\n|turn|12\n|\n|t:|1699964301\n|move|p2b: Landorus|Stomping Tantrum|p1a: Weezing\n|-damage|p1a: Weezing|0 fnt\n|faint|p1a: Weezing\n|-end|p1a: Weezing|ability: Neutralizing Gas\n|-ability|p2b: Landorus|Intimidate|boost\n|-unboost|p1b: Ogerpon|atk|1\n|-heal|p2b: Landorus|68\/100 brn|[from] ability: Hospitality|[of] p2a: Sinistcha\n|move|p1b: Ogerpon|Swords Dance|p1b: Ogerpon\n|-boost|p1b: Ogerpon|atk|2\n|move|p2a: Sinistcha|Trick Room|p2a: Sinistcha\n|-fieldstart|move: Trick Room|[of] p2a: Sinistcha\n|\n|-damage|p2a: Sinistcha|88\/100 brn|[from] brn\n|-damage|p2b: Landorus|61\/100 brn|[from] brn\n|upkeep\n|\n|t:|1699964315\n|switch|p1a: Iron Hands|Iron Hands, L50|21\/100\n|turn|13\n|\n|t:|1699964328\n|move|p1a: Iron Hands|Fake Out|p2b: Landorus\n|-damage|p2b: Landorus|43\/100 brn\n|move|p2a: Sinistcha|Rage Powder|p2a: Sinistcha\n|-singleturn|p2a: Sinistcha|move: Rage Powder\n|move|p1b: Ogerpon|Swords Dance|p1b: Ogerpon\n|-boost|p1b: Ogerpon|atk|2\n|cant|p2b: Landorus|flinch\n|\n|-damage|p2a: Sinistcha|82\/100 brn|[from] brn\n|-damage|p2b: Landorus|36\/100 brn|[from] brn\n|upkeep\n|turn|14\n|\n|t:|1699964354\n|move|p2a: Sinistcha|Rage Powder|p2a: Sinistcha\n|-singleturn|p2a: Sinistcha|move: Rage Powder\n|move|p1a: Iron Hands|Heavy Slam|p2a: Sinistcha\n|-damage|p2a: Sinistcha|52\/100 brn\n|-damage|p1a: Iron Hands|5\/100|[from] item: Rocky Helmet|[of] p2a: Sinistcha\n|move|p1b: Ogerpon|Ivy Cudgel|p2b: Landorus|[anim] Ivy Cudgel Water\n|-supereffective|p2b: Landorus\n|-damage|p2b: Landorus|0 fnt\n|faint|p2b: Landorus\n|\n|-damage|p2a: Sinistcha|46\/100 brn|[from] brn\n|upkeep\n|\n|t:|1699964365\n|switch|p2b: Iron Hands|Iron Hands, L50|97\/100\n|turn|15\n|\n|t:|1699964399\n|move|p2b: Iron Hands|Fake Out|p1b: Ogerpon\n|-damage|p1b: Ogerpon|44\/100\n|move|p1a: Iron Hands|Drain Punch|p2b: Iron Hands\n|-damage|p2b: Iron Hands|68\/100\n|-heal|p1a: Iron Hands|21\/100|[from] drain|[of] p2b: Iron Hands\n|move|p2a: Sinistcha|Matcha Gotcha|p1a: Iron Hands|[spread] p1a,p1b\n|-damage|p1a: Iron Hands|8\/100\n|-heal|p2a: Sinistcha|54\/100 brn|[from] drain|[of] p1a: Iron Hands\n|-damage|p1b: Ogerpon|18\/100\n|-heal|p2a: Sinistcha|67\/100 brn|[from] drain|[of] p1b: Ogerpon\n|cant|p1b: Ogerpon|flinch\n|\n|-damage|p2a: Sinistcha|61\/100 brn|[from] brn\n|upkeep\n|turn|16\n|\n|t:|1699964440\n|move|p1b: Ogerpon|Spiky Shield|p1b: Ogerpon\n|-singleturn|p1b: Ogerpon|move: Protect\n|move|p2b: Iron Hands|Wild Charge|p1b: Ogerpon\n|-activate|p1b: Ogerpon|move: Protect\n|-damage|p2b: Iron Hands|56\/100|[from] Spiky Shield|[of] p1b: Ogerpon\n|move|p1a: Iron Hands|Heavy Slam|p2a: Sinistcha\n|-damage|p2a: Sinistcha|28\/100 brn\n|-damage|p1a: Iron Hands|0 fnt|[from] item: Rocky Helmet|[of] p2a: Sinistcha\n|faint|p1a: Iron Hands\n|-end|p1a: Iron Hands|Quark Drive|[silent]\n|move|p2a: Sinistcha|Matcha Gotcha|p1b: Ogerpon\n|-activate|p1b: Ogerpon|move: Protect\n|\n|-damage|p2a: Sinistcha|22\/100 brn|[from] brn\n|-fieldend|move: Trick Room\n|upkeep\n|turn|17\n|\n|t:|1699964465\n|move|p2a: Sinistcha|Rage Powder|p2a: Sinistcha\n|-singleturn|p2a: Sinistcha|move: Rage Powder\n|move|p1b: Ogerpon|Horn Leech|p2b: Iron Hands\n|-damage|p2b: Iron Hands|0 fnt\n|-heal|p1b: Ogerpon|60\/100|[from] drain|[of] p2b: Iron Hands\n|faint|p2b: Iron Hands\n|-end|p2b: Iron Hands|Quark Drive|[silent]\n|\n|-damage|p2a: Sinistcha|16\/100 brn|[from] brn\n|upkeep\n|turn|18\n|c|\u2606wanderinginspace|i forgor\n|-message|wanderinginspace forfeited.\n|\n|win|pmal0919\n|raw|pmal0919's rating: 1156 &rarr; <strong>1186<\/strong><br \/>(+30 for winning)\n|raw|wanderinginspace's rating: 1226 &rarr; <strong>1196<\/strong><br \/>(-30 for losing)\n|l|\u2606wanderinginspace\n","uploadtime":1699964493,"views":13,"p1id":"pmal0919","p2id":"wanderinginspace","formatid":"gen9vgc2023regulatione","rating":1186,"private":0,"password":""}