{"id":"gen9vgc2023regulatione-1994478990","p1":"Kzjrjzk","p2":"Mentalsyndrome","format":"[Gen 9] VGC 2023 Regulation E","log":"|j|\u2606Kzjrjzk\n|j|\u2606Mentalsyndrome\n|t:|1700448661\n|gametype|doubles\n|player|p1|Kzjrjzk|lance|1141\n|player|p2|Mentalsyndrome|byron|1199\n|teamsize|p1|6\n|teamsize|p2|6\n|gen|9\n|tier|[Gen 9] VGC 2023 Regulation E\n|rated|\n|rule|Species Clause: Limit one of each Pok\u00e9mon\n|rule|Item Clause: Limit one of each item\n|clearpoke\n|poke|p1|Flutter Mane, L50|\n|poke|p1|Tornadus, L50, M|\n|poke|p1|Rillaboom, L50, F|\n|poke|p1|Garganacl, L50, M|\n|poke|p1|Arcanine-Hisui, L50, M|\n|poke|p1|Chien-Pao, L50|\n|poke|p2|Tornadus, L50, M|\n|poke|p2|Zapdos, L50|\n|poke|p2|Tinkaton, L50, F|\n|poke|p2|Arbok, L50, F|\n|poke|p2|Breloom, L50, F|\n|poke|p2|Ninetales-Alola, L50, F|\n|teampreview|4\n|c|\u2606Mentalsyndrome|Glhf :)\n|n|\u2606Kzjrjzk|kzjrjzk\n|c|\u2606Kzjrjzk|glhf\n|\n|t:|1700448706\n|start\n|switch|p1a: Tornadus|Tornadus, L50, M|100\/100\n|switch|p1b: Garganacl|Garganacl, L50, M|100\/100\n|switch|p2a: Tornadus|Tornadus, L50, M|100\/100\n|switch|p2b: Arbok|Arbok, L50, F|100\/100\n|-ability|p2b: Arbok|Intimidate|boost\n|-unboost|p1a: Tornadus|atk|1\n|-unboost|p1b: Garganacl|atk|1\n|turn|1\n|\n|t:|1700448725\n|switch|p2b: Zapdos|Zapdos, L50|100\/100\n|-terastallize|p1b: Garganacl|Ghost\n|move|p2a: Tornadus|Tailwind|p2a: Tornadus\n|-sidestart|p2: Mentalsyndrome|move: Tailwind\n|move|p1a: Tornadus|Taunt|p2b: Zapdos\n|-start|p2b: Zapdos|move: Taunt\n|move|p1b: Garganacl|Iron Defense|p1b: Garganacl\n|-boost|p1b: Garganacl|def|2\n|\n|upkeep\n|turn|2\n|\n|t:|1700448755\n|move|p2a: Tornadus|Rain Dance|p2a: Tornadus\n|-weather|RainDance\n|move|p1a: Tornadus|Tailwind|p1a: Tornadus\n|-sidestart|p1: Kzjrjzk|move: Tailwind\n|move|p2b: Zapdos|Thunder|p1b: Garganacl\n|-damage|p1b: Garganacl|61\/100\n|move|p1b: Garganacl|Salt Cure|p2b: Zapdos\n|-supereffective|p2b: Zapdos\n|-damage|p2b: Zapdos|79\/100\n|-start|p2b: Zapdos|Salt Cure\n|\n|-weather|RainDance|[upkeep]\n|-damage|p2b: Zapdos|67\/100|[from] Salt Cure\n|upkeep\n|turn|3\n|\n|t:|1700448774\n|move|p1b: Garganacl|Protect|p1b: Garganacl\n|-singleturn|p1b: Garganacl|Protect\n|move|p2a: Tornadus|Bleakwind Storm|p1b: Garganacl|[spread] p1a\n|-activate|p1b: Garganacl|move: Protect\n|-damage|p1a: Tornadus|78\/100\n|-unboost|p1a: Tornadus|spe|1\n|move|p2b: Zapdos|Volt Switch|p1a: Tornadus\n|-supereffective|p1a: Tornadus\n|-damage|p1a: Tornadus|13\/100\n|\n|t:|1700448786\n|switch|p2b: Arbok|Arbok, L50, F|100\/100|[from] Volt Switch\n|-ability|p2b: Arbok|Intimidate|boost\n|-unboost|p1a: Tornadus|atk|1\n|-unboost|p1b: Garganacl|atk|1\n|move|p1a: Tornadus|Bleakwind Storm|p2a: Tornadus|[spread] p2a,p2b\n|-damage|p2a: Tornadus|66\/100\n|-damage|p2b: Arbok|71\/100\n|\n|-weather|RainDance|[upkeep]\n|-heal|p2b: Arbok|77\/100|[from] item: Leftovers\n|upkeep\n|turn|4\n|\n|t:|1700448800\n|move|p2b: Arbok|Protect|p2b: Arbok\n|-singleturn|p2b: Arbok|Protect\n|move|p1a: Tornadus|Sunny Day|p1a: Tornadus\n|-weather|SunnyDay\n|move|p2a: Tornadus|Bleakwind Storm|p1b: Garganacl|[spread] p1a\n|-miss|p2a: Tornadus|p1b: Garganacl\n|-damage|p1a: Tornadus|0 fnt\n|faint|p1a: Tornadus\n|move|p1b: Garganacl|Salt Cure|p2b: Arbok\n|-activate|p2b: Arbok|move: Protect\n|\n|-weather|SunnyDay|[upkeep]\n|-heal|p2b: Arbok|83\/100|[from] item: Leftovers\n|-sideend|p2: Mentalsyndrome|move: Tailwind\n|upkeep\n|\n|t:|1700448807\n|switch|p1a: Arcanine|Arcanine-Hisui, L50, M|100\/100\n|-ability|p1a: Arcanine|Intimidate|boost\n|-unboost|p2a: Tornadus|atk|1\n|-unboost|p2b: Arbok|atk|1\n|turn|5\n|\n|t:|1700448821\n|switch|p2b: Breloom|Breloom, L50, F|100\/100\n|move|p2a: Tornadus|Tailwind|p2a: Tornadus\n|-sidestart|p2: Mentalsyndrome|move: Tailwind\n|move|p1a: Arcanine|Rock Slide|p2a: Tornadus|[spread] p2a,p2b\n|-supereffective|p2a: Tornadus\n|-resisted|p2b: Breloom\n|-damage|p2a: Tornadus|0 fnt\n|-damage|p2b: Breloom|71\/100\n|faint|p2a: Tornadus\n|move|p1b: Garganacl|Salt Cure|p2b: Breloom\n|-resisted|p2b: Breloom\n|-damage|p2b: Breloom|65\/100\n|-start|p2b: Breloom|Salt Cure\n|\n|-weather|SunnyDay|[upkeep]\n|-damage|p2b: Breloom|53\/100|[from] Salt Cure\n|-sideend|p1: Kzjrjzk|move: Tailwind\n|upkeep\n|\n|t:|1700448824\n|switch|p2a: Arbok|Arbok, L50, F|83\/100\n|-ability|p2a: Arbok|Intimidate|boost\n|-unboost|p1a: Arcanine|atk|1\n|-unboost|p1b: Garganacl|atk|1\n|turn|6\n|\n|t:|1700448839\n|move|p2b: Breloom|Spore|p1a: Arcanine\n|-status|p1a: Arcanine|slp|[from] move: Spore\n|move|p2a: Arbok|Toxic|p1b: Garganacl\n|-immune|p1b: Garganacl|[from] ability: Purifying Salt\n|cant|p1a: Arcanine|slp\n|move|p1b: Garganacl|Salt Cure|p2a: Arbok\n|-damage|p2a: Arbok|74\/100\n|-start|p2a: Arbok|Salt Cure\n|\n|-weather|SunnyDay|[upkeep]\n|-heal|p2a: Arbok|80\/100|[from] item: Leftovers\n|-damage|p2b: Breloom|41\/100|[from] Salt Cure\n|-damage|p2a: Arbok|68\/100|[from] Salt Cure\n|upkeep\n|turn|7\n|\n|t:|1700448850\n|switch|p2b: Zapdos|Zapdos, L50|67\/100\n|move|p2a: Arbok|Bulldoze|p1b: Garganacl|[spread] p1a,p1b\n|-immune|p2b: Zapdos\n|-supereffective|p1a: Arcanine\n|-damage|p1a: Arcanine|49\/100 slp\n|-damage|p1b: Garganacl|57\/100\n|-unboost|p1a: Arcanine|spe|1\n|-unboost|p1b: Garganacl|spe|1\n|cant|p1a: Arcanine|slp\n|move|p1b: Garganacl|Iron Defense|p1b: Garganacl\n|-boost|p1b: Garganacl|def|2\n|\n|-weather|SunnyDay|[upkeep]\n|-heal|p2a: Arbok|74\/100|[from] item: Leftovers\n|-damage|p2a: Arbok|62\/100|[from] Salt Cure\n|upkeep\n|turn|8\n|\n|t:|1700448868\n|switch|p1a: Rillaboom|Rillaboom, L50, F|100\/100\n|-fieldstart|move: Grassy Terrain|[from] ability: Grassy Surge|[of] p1a: Rillaboom\n|-terastallize|p2b: Zapdos|Steel\n|move|p2b: Zapdos|Thunder|p1b: Garganacl|[miss]\n|-miss|p2b: Zapdos|p1b: Garganacl\n|move|p2a: Arbok|Bulldoze|p1b: Garganacl|[spread] p2b,p1a,p1b\n|-supereffective|p2b: Zapdos\n|-resisted|p1a: Rillaboom\n|-damage|p2b: Zapdos|56\/100\n|-damage|p1a: Rillaboom|98\/100\n|-damage|p1b: Garganacl|55\/100\n|-unboost|p2b: Zapdos|spe|1\n|-unboost|p1a: Rillaboom|spe|1\n|-unboost|p1b: Garganacl|spe|1\n|move|p1b: Garganacl|Recover|p1b: Garganacl\n|-heal|p1b: Garganacl|100\/100\n|\n|-weather|none\n|-heal|p2a: Arbok|68\/100|[from] Grassy Terrain\n|-heal|p2a: Arbok|74\/100|[from] item: Leftovers\n|-heal|p2b: Zapdos|62\/100|[from] Grassy Terrain\n|-heal|p1a: Rillaboom|100\/100|[from] Grassy Terrain\n|-damage|p2a: Arbok|62\/100|[from] Salt Cure\n|-sideend|p2: Mentalsyndrome|move: Tailwind\n|upkeep\n|turn|9\n|\n|t:|1700448889\n|move|p2a: Arbok|Protect|p2a: Arbok\n|-singleturn|p2a: Arbok|Protect\n|move|p1a: Rillaboom|Fake Out|p2a: Arbok\n|-activate|p2a: Arbok|move: Protect\n|move|p2b: Zapdos|Hurricane|p1a: Rillaboom\n|-supereffective|p1a: Rillaboom\n|-damage|p1a: Rillaboom|7\/100\n|move|p1b: Garganacl|Salt Cure|p2b: Zapdos\n|-resisted|p2b: Zapdos\n|-damage|p2b: Zapdos|59\/100\n|-start|p2b: Zapdos|Salt Cure\n|\n|-heal|p2a: Arbok|68\/100|[from] Grassy Terrain\n|-heal|p2a: Arbok|74\/100|[from] item: Leftovers\n|-heal|p2b: Zapdos|65\/100|[from] Grassy Terrain\n|-heal|p1a: Rillaboom|13\/100|[from] Grassy Terrain\n|-damage|p2a: Arbok|62\/100|[from] Salt Cure\n|-damage|p2b: Zapdos|40\/100|[from] Salt Cure\n|upkeep\n|turn|10\n|\n|t:|1700448911\n|move|p1a: Rillaboom|Grassy Glide|p2b: Zapdos\n|-resisted|p2b: Zapdos\n|-damage|p2b: Zapdos|17\/100\n|move|p2a: Arbok|Gunk Shot|p1a: Rillaboom\n|-supereffective|p1a: Rillaboom\n|-damage|p1a: Rillaboom|0 fnt\n|faint|p1a: Rillaboom\n|move|p2b: Zapdos|Volt Switch|p1b: Garganacl\n|-damage|p1b: Garganacl|73\/100\n|\n|t:|1700448914\n|switch|p2b: Breloom|Breloom, L50, F|41\/100|[from] Volt Switch\n|move|p1b: Garganacl|Iron Defense|p1b: Garganacl\n|-boost|p1b: Garganacl|def|2\n|\n|-heal|p2b: Breloom|47\/100|[from] Grassy Terrain\n|-heal|p2a: Arbok|68\/100|[from] Grassy Terrain\n|-heal|p2a: Arbok|74\/100|[from] item: Leftovers\n|-heal|p1b: Garganacl|79\/100|[from] Grassy Terrain\n|-damage|p2a: Arbok|62\/100|[from] Salt Cure\n|upkeep\n|\n|t:|1700448925\n|switch|p1a: Arcanine|Arcanine-Hisui, L50, M|49\/100 slp\n|-ability|p1a: Arcanine|Intimidate|boost\n|-unboost|p2a: Arbok|atk|1\n|-unboost|p2b: Breloom|atk|1\n|turn|11\n|\n|t:|1700448935\n|-curestatus|p1a: Arcanine|slp|[msg]\n|move|p1a: Arcanine|Extreme Speed|p2b: Breloom\n|-damage|p2b: Breloom|0 fnt\n|faint|p2b: Breloom\n|move|p2a: Arbok|Gunk Shot|p1b: Garganacl\n|-resisted|p1b: Garganacl\n|-damage|p1b: Garganacl|76\/100\n|move|p1b: Garganacl|Salt Cure|p2a: Arbok\n|-damage|p2a: Arbok|54\/100\n|\n|-heal|p1a: Arcanine|55\/100|[from] Grassy Terrain\n|-heal|p2a: Arbok|60\/100|[from] Grassy Terrain\n|-heal|p2a: Arbok|66\/100|[from] item: Leftovers\n|-heal|p1b: Garganacl|82\/100|[from] Grassy Terrain\n|-damage|p2a: Arbok|54\/100|[from] Salt Cure\n|upkeep\n|\n|t:|1700448941\n|switch|p2b: Zapdos|Zapdos, L50, tera:Steel|17\/100\n|turn|12\n|\n|t:|1700448957\n|move|p2a: Arbok|Protect|p2a: Arbok\n|-singleturn|p2a: Arbok|Protect\n|move|p1b: Garganacl|Protect|p1b: Garganacl\n|-singleturn|p1b: Garganacl|Protect\n|move|p1a: Arcanine|Extreme Speed|p2b: Zapdos\n|-resisted|p2b: Zapdos\n|-damage|p2b: Zapdos|0 fnt\n|faint|p2b: Zapdos\n|\n|-heal|p1a: Arcanine|60\/100|[from] Grassy Terrain\n|-heal|p2a: Arbok|60\/100|[from] Grassy Terrain\n|-heal|p2a: Arbok|66\/100|[from] item: Leftovers\n|-heal|p1b: Garganacl|87\/100|[from] Grassy Terrain\n|-damage|p2a: Arbok|54\/100|[from] Salt Cure\n|-fieldend|move: Grassy Terrain\n|upkeep\n|turn|13\n|c|\u2606Mentalsyndrome|Gg\n|\n|t:|1700448970\n|move|p1a: Arcanine|Extreme Speed|p2a: Arbok\n|-damage|p2a: Arbok|0 fnt\n|faint|p2a: Arbok\n|\n|win|Kzjrjzk\n|raw|Kzjrjzk's rating: 1141 &rarr; <strong>1170<\/strong><br \/>(+29 for winning)\n|raw|Mentalsyndrome's rating: 1199 &rarr; <strong>1170<\/strong><br \/>(-29 for losing)\n|c|\u2606Kzjrjzk|gg\n","uploadtime":1700448976,"views":8,"p1id":"kzjrjzk","p2id":"mentalsyndrome","formatid":"gen9vgc2023regulatione","rating":1170,"private":0,"password":""}