{"id":"gen9vgc2023regulatione-1996441827","p1":"secretstudent","p2":"pixieLOVEyou","format":"[Gen 9] VGC 2023 Regulation E","log":"|j|\u2606secretstudent\n|j|\u2606pixieLOVEyou\n|t:|1700682363\n|gametype|doubles\n|player|p1|secretstudent|beauty|1195\n|player|p2|pixieLOVEyou|elesa|1253\n|teamsize|p1|6\n|teamsize|p2|6\n|gen|9\n|tier|[Gen 9] VGC 2023 Regulation E\n|rated|\n|rule|Species Clause: Limit one of each Pok\u00e9mon\n|rule|Item Clause: Limit one of each item\n|clearpoke\n|poke|p1|Chien-Pao, L50|\n|poke|p1|Amoonguss, L50, M|\n|poke|p1|Hatterene, L50, F|\n|poke|p1|Gyarados, L50, M|\n|poke|p1|Volcarona, L50, F|\n|poke|p1|Ogerpon, L50, F|\n|poke|p2|Flutter Mane, L50|\n|poke|p2|Dragapult, L50, M|\n|poke|p2|Urshifu-*, L50, M|\n|poke|p2|Heatran, L50, F|\n|poke|p2|Iron Hands, L50|\n|poke|p2|Landorus-Therian, L50, M|\n|teampreview|4\n|inactive|Battle timer is ON: inactive players will automatically lose when time's up. (requested by pixieLOVEyou)\n|\n|t:|1700682407\n|start\n|switch|p1a: Gyarados|Gyarados, L50, M|100\/100\n|switch|p1b: Ogerpon|Ogerpon, L50, F|100\/100\n|switch|p2a: Flutter Mane|Flutter Mane, L50|100\/100\n|switch|p2b: Dragapult|Dragapult, L50, M|100\/100\n|-ability|p1a: Gyarados|Intimidate|boost\n|-unboost|p2a: Flutter Mane|atk|1\n|-fail|p2b: Dragapult|unboost|[from] ability: Clear Body|[of] p2b: Dragapult\n|turn|1\n|inactive|pixieLOVEyou has 30 seconds left.\n|inactive|pixieLOVEyou has 20 seconds left.\n|\n|t:|1700682444\n|-terastallize|p2a: Flutter Mane|Fairy\n|-terastallize|p1b: Ogerpon|Grass\n|detailschange|p1b: Ogerpon|Ogerpon-Teal-Tera, L50, F, tera:Grass\n|-ability|p1b: Ogerpon|Embody Aspect (Teal)|boost\n|-boost|p1b: Ogerpon|spe|1\n|move|p1b: Ogerpon|Ivy Cudgel|p2a: Flutter Mane\n|-damage|p2a: Flutter Mane|0 fnt\n|faint|p2a: Flutter Mane\n|-end|p2a: Flutter Mane|Protosynthesis|[silent]\n|-damage|p1b: Ogerpon|91\/100|[from] item: Life Orb\n|move|p2b: Dragapult|U-turn|p1b: Ogerpon\n|-supereffective|p1b: Ogerpon\n|-damage|p1b: Ogerpon|0 fnt\n|faint|p1b: Ogerpon\n|\n|t:|1700682457\n|switch|p2b: Landorus|Landorus-Therian, L50, M|100\/100|[from] U-turn\n|-ability|p2b: Landorus|Intimidate|boost\n|-unboost|p1a: Gyarados|atk|1\n|move|p1a: Gyarados|Thunder Wave|p2b: Landorus\n|-immune|p2b: Landorus\n|\n|upkeep\n|\n|t:|1700682467\n|switch|p2a: Dragapult|Dragapult, L50, M|100\/100\n|switch|p1b: Chien-Pao|Chien-Pao, L50|100\/100\n|-ability|p1b: Chien-Pao|Sword of Ruin\n|turn|2\n|inactive|secretstudent has 30 seconds left.\n|\n|t:|1700682497\n|switch|p2a: Iron Hands|Iron Hands, L50, shiny|100\/100\n|switch|p1a: Volcarona|Volcarona, L50, F|100\/100\n|move|p2b: Landorus|U-turn|p1b: Chien-Pao\n|-supereffective|p1b: Chien-Pao\n|-damage|p1b: Chien-Pao|32\/100\n|\n|t:|1700682503\n|switch|p2b: Dragapult|Dragapult, L50, M|100\/100|[from] U-turn\n|move|p1b: Chien-Pao|Icicle Crash|p2b: Dragapult\n|-supereffective|p2b: Dragapult\n|-damage|p2b: Dragapult|0 fnt\n|faint|p2b: Dragapult\n|\n|upkeep\n|\n|t:|1700682510\n|switch|p2b: Landorus|Landorus-Therian, L50, M|100\/100\n|-ability|p2b: Landorus|Intimidate|boost\n|-unboost|p1a: Volcarona|atk|1\n|-unboost|p1b: Chien-Pao|atk|1\n|turn|3\n|\n|t:|1700682520\n|switch|p1b: Gyarados|Gyarados, L50, M|100\/100\n|-ability|p1b: Gyarados|Intimidate|boost\n|-unboost|p2a: Iron Hands|atk|1\n|-unboost|p2b: Landorus|atk|1\n|move|p1a: Volcarona|Protect|p1a: Volcarona\n|-singleturn|p1a: Volcarona|Protect\n|move|p2b: Landorus|Rock Slide|p1b: Gyarados|[spread] p1b\n|-activate|p1a: Volcarona|move: Protect\n|-supereffective|p1b: Gyarados\n|-damage|p1b: Gyarados|61\/100\n|move|p2a: Iron Hands|Heavy Slam|p1a: Volcarona\n|-activate|p1a: Volcarona|move: Protect\n|\n|upkeep\n|turn|4\n|inactive|secretstudent has 30 seconds left.\n|\n|t:|1700682548\n|move|p1b: Gyarados|Protect|p1b: Gyarados\n|-singleturn|p1b: Gyarados|Protect\n|move|p2b: Landorus|Rock Slide|p1a: Volcarona|[spread] p1a\n|-activate|p1b: Gyarados|move: Protect\n|-supereffective|p1a: Volcarona\n|-damage|p1a: Volcarona|23\/100\n|move|p1a: Volcarona|Quiver Dance|p1a: Volcarona\n|-boost|p1a: Volcarona|spa|1\n|-boost|p1a: Volcarona|spd|1\n|-boost|p1a: Volcarona|spe|1\n|move|p2a: Iron Hands|Wild Charge|p1b: Gyarados\n|-activate|p1b: Gyarados|move: Protect\n|\n|-heal|p1a: Volcarona|30\/100|[from] item: Leftovers\n|upkeep\n|turn|5\n|\n|t:|1700682564\n|move|p1a: Volcarona|Giga Drain|p2b: Landorus\n|-damage|p2b: Landorus|60\/100\n|-heal|p1a: Volcarona|49\/100|[from] drain|[of] p2b: Landorus\n|move|p2b: Landorus|Rock Slide|p1a: Volcarona|[spread] p1a,p1b\n|-supereffective|p1a: Volcarona\n|-supereffective|p1b: Gyarados\n|-damage|p1a: Volcarona|0 fnt\n|-damage|p1b: Gyarados|24\/100\n|-enditem|p1b: Gyarados|Sitrus Berry|[eat]\n|-heal|p1b: Gyarados|49\/100|[from] item: Sitrus Berry\n|faint|p1a: Volcarona\n|cant|p1b: Gyarados|flinch\n|move|p2a: Iron Hands|Wild Charge|p1b: Gyarados\n|-supereffective|p1b: Gyarados\n|-damage|p1b: Gyarados|0 fnt\n|faint|p1b: Gyarados\n|-damage|p2a: Iron Hands|92\/100|[from] Recoil\n|\n|upkeep\n|c|\u2606secretstudent|gg wp\n|-message|secretstudent forfeited.\n|\n|win|pixieLOVEyou\n|raw|secretstudent's rating: 1195 &rarr; <strong>1174<\/strong><br \/>(-21 for losing)\n|raw|pixieLOVEyou's rating: 1253 &rarr; <strong>1274<\/strong><br \/>(+21 for winning)\n|l|\u2606pixieLOVEyou\n","uploadtime":1700682637,"views":0,"p1id":"secretstudent","p2id":"pixieloveyou","formatid":"gen9vgc2023regulatione","rating":1174,"private":0,"password":""}