{"id":"gen9vgc2023regulatione-1998537048","p1":"XaviMx","p2":"zbsch","format":"[Gen 9] VGC 2023 Regulation E","log":"|j|\u2606XaviMx\n|j|\u2606zbsch\n|t:|1700953626\n|gametype|doubles\n|player|p1|XaviMx|265|1301\n|player|p2|zbsch|1|1291\n|teamsize|p1|6\n|teamsize|p2|6\n|gen|9\n|tier|[Gen 9] VGC 2023 Regulation E\n|rated|\n|rule|Species Clause: Limit one of each Pok\u00e9mon\n|rule|Item Clause: Limit one of each item\n|clearpoke\n|poke|p1|Weezing-Galar, L50, M|\n|poke|p1|Palafin, L50, M|\n|poke|p1|Tornadus, L50, M|\n|poke|p1|Iron Hands, L50|\n|poke|p1|Flutter Mane, L50|\n|poke|p1|Roaring Moon, L50|\n|poke|p2|Ninetales-Alola, L50, M|\n|poke|p2|Kommo-o, L50, M|\n|poke|p2|Farigiraf, L50, M|\n|poke|p2|Sinistcha, L50|\n|poke|p2|Ursaluna, L50, M|\n|poke|p2|Heatran, L50, M|\n|teampreview|4\n|inactive|Battle timer is ON: inactive players will automatically lose when time's up. (requested by zbsch)\n|inactive|XaviMx has 60 seconds left.\n|inactive|zbsch has 60 seconds left.\n|\n|t:|1700953667\n|start\n|switch|p1a: Palafin|Palafin, L50, M|100\/100\n|switch|p1b: Tornadus|Tornadus, L50, M|100\/100\n|switch|p2a: Kommo-o|Kommo-o, L50, M|100\/100\n|switch|p2b: Sinistcha|Sinistcha, L50|100\/100\n|turn|1\n|inactive|XaviMx has 30 seconds left.\n|inactive|zbsch has 30 seconds left.\n|inactive|XaviMx has 20 seconds left.\n|\n|t:|1700953705\n|-terastallize|p2a: Kommo-o|Ghost\n|-terastallize|p1a: Palafin|Water\n|move|p1b: Tornadus|Rain Dance|p1b: Tornadus\n|-weather|RainDance\n|move|p2a: Kommo-o|Clangorous Soul|p2a: Kommo-o\n|-boost|p2a: Kommo-o|atk|1\n|-boost|p2a: Kommo-o|def|1\n|-boost|p2a: Kommo-o|spa|1\n|-boost|p2a: Kommo-o|spd|1\n|-boost|p2a: Kommo-o|spe|1\n|-damage|p2a: Kommo-o|68\/100\n|-enditem|p2a: Kommo-o|Throat Spray\n|-boost|p2a: Kommo-o|spa|1|[from] item: Throat Spray\n|move|p1a: Palafin|Flip Turn|p2b: Sinistcha\n|-resisted|p2b: Sinistcha\n|-damage|p2b: Sinistcha|68\/100\n|\n|t:|1700953723\n|detailschange|p1a: Palafin|Palafin-Hero, L50, M, tera:Water\n|switch|p1a: Weezing|Weezing-Galar, L50, M|100\/100|[from] Flip Turn\n|-ability|p1a: Weezing|Neutralizing Gas\n|-block|p1b: Tornadus|item: Ability Shield\n|move|p2b: Sinistcha|Life Dew|p2b: Sinistcha|[spread] p2a,p2b\n|-heal|p2a: Kommo-o|93\/100\n|-heal|p2b: Sinistcha|94\/100\n|\n|-weather|RainDance|[upkeep]\n|-heal|p2b: Sinistcha|99\/100|[from] item: Leftovers\n|upkeep\n|turn|2\n|inactive|zbsch has 30 seconds left.\n|\n|t:|1700953756\n|move|p2b: Sinistcha|Rage Powder|p2b: Sinistcha\n|-singleturn|p2b: Sinistcha|move: Rage Powder\n|move|p1b: Tornadus|Tailwind|p1b: Tornadus\n|-sidestart|p1: XaviMx|move: Tailwind\n|move|p1a: Weezing|Will-O-Wisp|p2b: Sinistcha\n|-status|p2b: Sinistcha|brn\n|move|p2a: Kommo-o|Clangorous Soul|p2a: Kommo-o\n|-boost|p2a: Kommo-o|atk|1\n|-boost|p2a: Kommo-o|def|1\n|-boost|p2a: Kommo-o|spa|1\n|-boost|p2a: Kommo-o|spd|1\n|-boost|p2a: Kommo-o|spe|1\n|-damage|p2a: Kommo-o|60\/100\n|\n|-weather|RainDance|[upkeep]\n|-heal|p2b: Sinistcha|100\/100 brn|[from] item: Leftovers\n|-damage|p2b: Sinistcha|94\/100 brn|[from] brn\n|upkeep\n|turn|3\n|\n|t:|1700953777\n|move|p2b: Sinistcha|Rage Powder|p2b: Sinistcha\n|-singleturn|p2b: Sinistcha|move: Rage Powder\n|move|p2a: Kommo-o|Clangorous Soul|p2a: Kommo-o\n|-boost|p2a: Kommo-o|atk|1\n|-boost|p2a: Kommo-o|def|1\n|-boost|p2a: Kommo-o|spa|1\n|-boost|p2a: Kommo-o|spd|1\n|-boost|p2a: Kommo-o|spe|1\n|-damage|p2a: Kommo-o|28\/100\n|move|p1a: Weezing|Gunk Shot|p2b: Sinistcha\n|-damage|p2b: Sinistcha|65\/100 brn\n|move|p1b: Tornadus|Bleakwind Storm|p2b: Sinistcha|[spread] p2a,p2b\n|-supereffective|p2b: Sinistcha\n|-damage|p2a: Kommo-o|11\/100\n|-damage|p2b: Sinistcha|0 fnt\n|faint|p2b: Sinistcha\n|\n|-weather|RainDance|[upkeep]\n|upkeep\n|inactive|zbsch has 30 seconds left.\n|\n|t:|1700953806\n|switch|p2b: Farigiraf|Farigiraf, L50, M|100\/100\n|turn|4\n|\n|t:|1700953829\n|move|p2a: Kommo-o|Protect|p2a: Kommo-o\n|-singleturn|p2a: Kommo-o|Protect\n|move|p1a: Weezing|Substitute|p1a: Weezing\n|-start|p1a: Weezing|Substitute\n|-damage|p1a: Weezing|75\/100\n|move|p1b: Tornadus|Bleakwind Storm|p2a: Kommo-o|[spread] p2b\n|-activate|p2a: Kommo-o|move: Protect\n|-damage|p2b: Farigiraf|64\/100\n|move|p2b: Farigiraf|Hyper Voice|p1b: Tornadus|[spread] p1a,p1b\n|-damage|p1a: Weezing|32\/100\n|-damage|p1b: Tornadus|60\/100\n|\n|-weather|RainDance|[upkeep]\n|upkeep\n|turn|5\n|inactive|XaviMx has 30 seconds left.\n|inactive|zbsch has 30 seconds left.\n|inactive|zbsch has 20 seconds left.\n|inactive|zbsch has 15 seconds left.\n|\n|t:|1700953869\n|move|p2a: Kommo-o|Clanging Scales|p1a: Weezing|[spread] p1b\n|-immune|p1a: Weezing\n|-damage|p1b: Tornadus|0 fnt\n|faint|p1b: Tornadus\n|-unboost|p2a: Kommo-o|def|1\n|move|p1a: Weezing|Gunk Shot|p2a: Kommo-o\n|-resisted|p2a: Kommo-o\n|-damage|p2a: Kommo-o|1\/100\n|-status|p2a: Kommo-o|psn\n|move|p2b: Farigiraf|Hyper Voice|p1a: Weezing\n|-crit|p1a: Weezing\n|-damage|p1a: Weezing|0 fnt\n|faint|p1a: Weezing\n|-end|p1a: Weezing|ability: Neutralizing Gas\n|\n|-weather|none\n|-damage|p2a: Kommo-o|0 fnt|[from] psn\n|faint|p2a: Kommo-o\n|-sideend|p1: XaviMx|move: Tailwind\n|upkeep\n|\n|t:|1700953882\n|switch|p2a: Ursaluna|Ursaluna, L50, M|100\/100\n|switch|p1a: Iron Hands|Iron Hands, L50|100\/100\n|switch|p1b: Palafin|Palafin-Hero, L50, M, tera:Water|100\/100\n|-activate|p1b: Palafin|ability: Zero to Hero\n|turn|6\n|\n|t:|1700953891\n|move|p2a: Ursaluna|Protect|p2a: Ursaluna\n|-singleturn|p2a: Ursaluna|Protect\n|move|p1b: Palafin|Wave Crash|p2b: Farigiraf\n|-damage|p2b: Farigiraf|0 fnt\n|faint|p2b: Farigiraf\n|-damage|p1b: Palafin|77\/100|[from] Recoil\n|move|p1a: Iron Hands|Drain Punch|p2a: Ursaluna\n|-activate|p2a: Ursaluna|move: Protect\n|\n|-status|p2a: Ursaluna|brn|[from] item: Flame Orb\n|upkeep\n|turn|7\n|\n|t:|1700953900\n|move|p1b: Palafin|Wave Crash|p2a: Ursaluna\n|-supereffective|p2a: Ursaluna\n|-damage|p2a: Ursaluna|0 fnt\n|faint|p2a: Ursaluna\n|-damage|p1b: Palafin|41\/100|[from] Recoil\n|\n|win|XaviMx\n|raw|XaviMx's rating: 1301 &rarr; <strong>1320<\/strong><br \/>(+19 for winning)\n|raw|zbsch's rating: 1291 &rarr; <strong>1267<\/strong><br \/>(-24 for losing)\n","uploadtime":1700953904,"views":1,"p1id":"xavimx","p2id":"zbsch","formatid":"gen9vgc2023regulatione","rating":1267,"private":0,"password":""}