{"id":"gen9vgc2023regulatione-1995774461","p1":"Ipeximus","p2":"Aghostdf","format":"[Gen 9] VGC 2023 Regulation E","log":"|j|\u2606Ipeximus\n|j|\u2606Aghostdf\n|t:|1700601908\n|gametype|doubles\n|player|p1|Ipeximus|169|1071\n|player|p2|Aghostdf|1|1066\n|teamsize|p1|6\n|teamsize|p2|6\n|gen|9\n|tier|[Gen 9] VGC 2023 Regulation E\n|rated|\n|rule|Species Clause: Limit one of each Pok\u00e9mon\n|rule|Item Clause: Limit one of each item\n|clearpoke\n|poke|p1|Tornadus, L50, M|\n|poke|p1|Empoleon, L50, M|\n|poke|p1|Flutter Mane, L50|\n|poke|p1|Ogerpon-Hearthflame, L50, F|\n|poke|p1|Chien-Pao, L50|\n|poke|p1|Farigiraf, L50, M|\n|poke|p2|Sinistcha, L50|\n|poke|p2|Munkidori, L50, M|\n|poke|p2|Rillaboom, L50, F|\n|poke|p2|Clefairy, L50, F|\n|poke|p2|Dondozo, L50, M|\n|poke|p2|Arbok, L50, M|\n|teampreview|4\n|\n|t:|1700601925\n|start\n|switch|p1a: Farigiraf|Farigiraf, L50, M|100\/100\n|switch|p1b: Tornadus|Tornadus, L50, M|100\/100\n|switch|p2a: Munkidori|Munkidori, L50, M|100\/100\n|switch|p2b: Sinistcha|Sinistcha, L50, shiny|100\/100\n|turn|1\n|\n|t:|1700601958\n|-terastallize|p1a: Farigiraf|Fire\n|move|p1b: Tornadus|Tailwind|p1b: Tornadus\n|-sidestart|p1: Ipeximus|move: Tailwind\n|move|p1a: Farigiraf|Dazzling Gleam|p2a: Munkidori|[spread] p2a,p2b\n|-resisted|p2a: Munkidori\n|-crit|p2a: Munkidori\n|-damage|p2a: Munkidori|90\/100\n|-damage|p2b: Sinistcha|86\/100\n|move|p2a: Munkidori|Parting Shot|p1a: Farigiraf\n|-unboost|p1a: Farigiraf|atk|1\n|-unboost|p1a: Farigiraf|spa|1\n|\n|t:|1700601971\n|switch|p2a: Rillaboom|Rillaboom, L50, F, shiny|100\/100|[from] Parting Shot\n|-fieldstart|move: Grassy Terrain|[from] ability: Grassy Surge|[of] p2a: Rillaboom\n|-enditem|p2a: Rillaboom|Grassy Seed\n|-boost|p2a: Rillaboom|def|1|[from] item: Grassy Seed\n|move|p2b: Sinistcha|Nasty Plot|p2b: Sinistcha\n|-boost|p2b: Sinistcha|spa|2\n|\n|-heal|p2b: Sinistcha|92\/100|[from] Grassy Terrain\n|upkeep\n|turn|2\n|\n|t:|1700601992\n|move|p1a: Farigiraf|Helping Hand|p1b: Tornadus\n|-singleturn|p1b: Tornadus|Helping Hand|[of] p1a: Farigiraf\n|move|p1b: Tornadus|Bleakwind Storm|p2b: Sinistcha|[spread] p2a\n|-miss|p1b: Tornadus|p2b: Sinistcha\n|-supereffective|p2a: Rillaboom\n|-damage|p2a: Rillaboom|7\/100\n|move|p2a: Rillaboom|U-turn|p1b: Tornadus\n|-resisted|p1b: Tornadus\n|-damage|p1b: Tornadus|87\/100\n|-damage|p2a: Rillaboom|0 fnt|[from] item: Rocky Helmet|[of] p1b: Tornadus\n|faint|p2a: Rillaboom\n|move|p2b: Sinistcha|Matcha Gotcha|p1b: Tornadus|[spread] p1a,p1b\n|-resisted|p1a: Farigiraf\n|-resisted|p1b: Tornadus\n|-damage|p1a: Farigiraf|52\/100\n|-heal|p2b: Sinistcha|100\/100|[from] drain|[of] p1a: Farigiraf\n|-damage|p1b: Tornadus|46\/100\n|\n|-heal|p1a: Farigiraf|58\/100|[from] Grassy Terrain\n|upkeep\n|\n|t:|1700602014\n|switch|p2a: Arbok|Arbok, L50, M|100\/100\n|-ability|p2a: Arbok|Intimidate|boost\n|-unboost|p1a: Farigiraf|atk|1\n|-unboost|p1b: Tornadus|atk|1\n|turn|3\n|\n|t:|1700602035\n|-terastallize|p2b: Sinistcha|Grass\n|move|p1a: Farigiraf|Helping Hand|p1b: Tornadus\n|-singleturn|p1b: Tornadus|Helping Hand|[of] p1a: Farigiraf\n|move|p1b: Tornadus|Bleakwind Storm|p2b: Sinistcha|[spread] p2a,p2b\n|-supereffective|p2b: Sinistcha\n|-crit|p2b: Sinistcha\n|-damage|p2a: Arbok|31\/100\n|-damage|p2b: Sinistcha|0 fnt\n|-unboost|p2a: Arbok|spe|1\n|faint|p2b: Sinistcha\n|move|p2a: Arbok|Coil|p2a: Arbok\n|-boost|p2a: Arbok|atk|1\n|-boost|p2a: Arbok|def|1\n|-boost|p2a: Arbok|accuracy|1\n|\n|-heal|p1a: Farigiraf|64\/100|[from] Grassy Terrain\n|-heal|p2a: Arbok|37\/100|[from] Grassy Terrain\n|upkeep\n|\n|t:|1700602043\n|switch|p2b: Munkidori|Munkidori, L50, M|90\/100\n|turn|4\n|\n|t:|1700602062\n|move|p1a: Farigiraf|Helping Hand|p1b: Tornadus\n|-singleturn|p1b: Tornadus|Helping Hand|[of] p1a: Farigiraf\n|move|p2a: Arbok|Protect|p2a: Arbok\n|-singleturn|p2a: Arbok|Protect\n|move|p1b: Tornadus|Bleakwind Storm|p2b: Munkidori|[spread] p2b\n|-activate|p2a: Arbok|move: Protect\n|-damage|p2b: Munkidori|51\/100\n|-unboost|p2b: Munkidori|spe|1\n|move|p2b: Munkidori|Parting Shot|p1b: Tornadus\n|-unboost|p1b: Tornadus|atk|1\n|-unboost|p1b: Tornadus|spa|1\n|\n|-heal|p1a: Farigiraf|70\/100|[from] Grassy Terrain\n|-heal|p2b: Munkidori|58\/100|[from] Grassy Terrain\n|-heal|p2b: Munkidori|64\/100|[from] item: Black Sludge\n|-heal|p2a: Arbok|43\/100|[from] Grassy Terrain\n|-sideend|p1: Ipeximus|move: Tailwind\n|upkeep\n|turn|5\n|\n|t:|1700602089\n|switch|p1a: Empoleon|Empoleon, L50, M|100\/100\n|move|p1b: Tornadus|Tailwind|p1b: Tornadus\n|-sidestart|p1: Ipeximus|move: Tailwind\n|move|p2b: Munkidori|Sludge Bomb|p1a: Empoleon\n|-immune|p1a: Empoleon\n|move|p2a: Arbok|Coil|p2a: Arbok\n|-boost|p2a: Arbok|atk|1\n|-boost|p2a: Arbok|def|1\n|-boost|p2a: Arbok|accuracy|1\n|\n|-heal|p2b: Munkidori|70\/100|[from] Grassy Terrain\n|-heal|p2b: Munkidori|76\/100|[from] item: Black Sludge\n|-heal|p2a: Arbok|49\/100|[from] Grassy Terrain\n|-fieldend|move: Grassy Terrain\n|upkeep\n|turn|6\n|\n|t:|1700602111\n|move|p1b: Tornadus|Rain Dance|p1b: Tornadus\n|-weather|RainDance\n|move|p1a: Empoleon|Hydro Pump|p2a: Arbok\n|-damage|p2a: Arbok|0 fnt\n|faint|p2a: Arbok\n|move|p2b: Munkidori|Parting Shot|p1a: Empoleon\n|-unboost|p1a: Empoleon|atk|1\n|-ability|p1a: Empoleon|Competitive|boost\n|-boost|p1a: Empoleon|spa|2\n|-unboost|p1a: Empoleon|spa|1\n|-ability|p1a: Empoleon|Competitive|boost\n|-boost|p1a: Empoleon|spa|2\n|\n|-weather|RainDance|[upkeep]\n|-heal|p2b: Munkidori|82\/100|[from] item: Black Sludge\n|upkeep\n|turn|7\n|-message|Aghostdf forfeited.\n|\n|win|Ipeximus\n|raw|Ipeximus's rating: 1071 &rarr; <strong>1100<\/strong><br \/>(+29 for winning)\n|raw|Aghostdf's rating: 1066 &rarr; <strong>1046<\/strong><br \/>(-20 for losing)\n|l|\u2606Aghostdf\n","uploadtime":1700602142,"views":8,"p1id":"ipeximus","p2id":"aghostdf","formatid":"gen9vgc2023regulatione","rating":1046,"private":0,"password":""}