{"id":"gen9vgc2023regulatione-1989395029","p1":"Valhala Alfa","p2":"Jomina","format":"[Gen 9] VGC 2023 Regulation E","log":"|j|\u2606Valhala Alfa\n|j|\u2606Jomina\n|t:|1699844764\n|gametype|doubles\n|player|p1|Valhala Alfa|silver|1301\n|player|p2|Jomina|preschoolerf|1258\n|teamsize|p1|6\n|teamsize|p2|6\n|gen|9\n|tier|[Gen 9] VGC 2023 Regulation E\n|rated|\n|rule|Species Clause: Limit one of each Pok\u00e9mon\n|rule|Item Clause: Limit one of each item\n|clearpoke\n|poke|p1|Gulpin, L50, F|\n|poke|p1|Wo-Chien, L50|\n|poke|p1|Garganacl, L50, F|\n|poke|p1|Hippowdon, L50, F|\n|poke|p1|Sinistcha, L50|\n|poke|p1|Gardevoir, L50, M|\n|poke|p2|Chi-Yu, L50|\n|poke|p2|Urshifu-*, L50, F|\n|poke|p2|Sylveon, L50, M|\n|poke|p2|Amoonguss, L50, M|\n|poke|p2|Iron Hands, L50|\n|poke|p2|Landorus-Therian, L50, M|\n|teampreview|4\n|inactive|Battle timer is ON: inactive players will automatically lose when time's up. (requested by Valhala Alfa)\n|inactive|Valhala Alfa has 60 seconds left.\n|inactive|Jomina has 60 seconds left.\n|\n|t:|1699844809\n|start\n|switch|p1a: Gulpin|Gulpin, L50, F, shiny|100\/100\n|switch|p1b: Garganacl|Garganacl, L50, F|100\/100\n|switch|p2a: Chi-Yu|Chi-Yu, L50|100\/100\n|switch|p2b: Sylveon|Sylveon, L50, M|100\/100\n|-ability|p2a: Chi-Yu|Beads of Ruin\n|turn|1\n|\n|t:|1699844823\n|move|p2a: Chi-Yu|Protect|p2a: Chi-Yu\n|-singleturn|p2a: Chi-Yu|Protect\n|move|p1b: Garganacl|Wide Guard|p1b: Garganacl\n|-singleturn|p1b: Garganacl|Wide Guard\n|move|p2b: Sylveon|Hyper Voice|p1a: Gulpin|[spread] \n|-activate|p1a: Gulpin|move: Wide Guard\n|-activate|p1b: Garganacl|move: Wide Guard\n|move|p1a: Gulpin|Poison Gas|p2a: Chi-Yu|[spread] p2b\n|-activate|p2a: Chi-Yu|move: Protect\n|-status|p2b: Sylveon|psn\n|\n|-damage|p2b: Sylveon|88\/100 psn|[from] psn\n|upkeep\n|turn|2\n|\n|t:|1699844847\n|move|p2a: Chi-Yu|Dark Pulse|p1b: Garganacl\n|-damage|p1b: Garganacl|64\/100\n|move|p2b: Sylveon|Psychic|p1a: Gulpin\n|-supereffective|p1a: Gulpin\n|-damage|p1a: Gulpin|21\/100\n|move|p1a: Gulpin|Poison Gas|p2b: Sylveon|[spread] p2a,p2b\n|-status|p2a: Chi-Yu|psn\n|-fail|p2b: Sylveon|psn\n|move|p1b: Garganacl|Salt Cure|p2b: Sylveon\n|-damage|p2b: Sylveon|71\/100 psn\n|-start|p2b: Sylveon|Salt Cure\n|\n|-damage|p2a: Chi-Yu|88\/100 psn|[from] psn\n|-damage|p2b: Sylveon|59\/100 psn|[from] psn\n|-damage|p2b: Sylveon|47\/100 psn|[from] Salt Cure\n|upkeep\n|turn|3\n|\n|t:|1699844866\n|move|p1a: Gulpin|Protect|p1a: Gulpin\n|-singleturn|p1a: Gulpin|Protect\n|move|p2a: Chi-Yu|Dark Pulse|p1b: Garganacl\n|-damage|p1b: Garganacl|26\/100\n|-enditem|p1b: Garganacl|Sitrus Berry|[eat]\n|-heal|p1b: Garganacl|50\/100|[from] item: Sitrus Berry\n|move|p2b: Sylveon|Psychic|p1a: Gulpin\n|-activate|p1a: Gulpin|move: Protect\n|move|p1b: Garganacl|Recover|p1b: Garganacl\n|-heal|p1b: Garganacl|100\/100\n|\n|-damage|p2a: Chi-Yu|76\/100 psn|[from] psn\n|-damage|p2b: Sylveon|35\/100 psn|[from] psn\n|-damage|p2b: Sylveon|23\/100 psn|[from] Salt Cure\n|upkeep\n|turn|4\n|inactive|Valhala Alfa has 30 seconds left.\n|\n|t:|1699844891\n|switch|p1a: Hippowdon|Hippowdon, L50, F, shiny|100\/100\n|-weather|Sandstorm|[from] ability: Sand Stream|[of] p1a: Hippowdon\n|move|p2a: Chi-Yu|Dark Pulse|p1b: Garganacl\n|-damage|p1b: Garganacl|74\/100\n|move|p2b: Sylveon|Psychic|p1b: Garganacl\n|-damage|p1b: Garganacl|55\/100\n|move|p1b: Garganacl|Salt Cure|p2a: Chi-Yu\n|-supereffective|p2a: Chi-Yu\n|-damage|p2a: Chi-Yu|26\/100 psn\n|-start|p2a: Chi-Yu|Salt Cure\n|\n|-weather|Sandstorm|[upkeep]\n|-damage|p2a: Chi-Yu|20\/100 psn|[from] Sandstorm\n|-damage|p2b: Sylveon|17\/100 psn|[from] Sandstorm\n|-damage|p2a: Chi-Yu|7\/100 psn|[from] psn\n|-damage|p2b: Sylveon|5\/100 psn|[from] psn\n|-damage|p2a: Chi-Yu|0 fnt|[from] Salt Cure\n|faint|p2a: Chi-Yu\n|-damage|p2b: Sylveon|0 fnt|[from] Salt Cure\n|faint|p2b: Sylveon\n|upkeep\n|\n|t:|1699844904\n|switch|p2a: Iron Hands|Iron Hands, L50|100\/100\n|switch|p2b: Amoonguss|Amoonguss, L50, M|100\/100\n|turn|5\n|\n|t:|1699844925\n|switch|p1a: Sinistcha|Sinistcha, L50|100\/100\n|-heal|p1b: Garganacl|79\/100|[from] ability: Hospitality|[of] p1a: Sinistcha\n|move|p2a: Iron Hands|Fake Out|p1a: Sinistcha\n|-immune|p1a: Sinistcha\n|move|p1b: Garganacl|Salt Cure|p2a: Iron Hands\n|-resisted|p2a: Iron Hands\n|-damage|p2a: Iron Hands|95\/100\n|-start|p2a: Iron Hands|Salt Cure\n|move|p2b: Amoonguss|Spore|p1b: Garganacl\n|-immune|p1b: Garganacl|[from] ability: Purifying Salt\n|\n|-weather|Sandstorm|[upkeep]\n|-damage|p1a: Sinistcha|94\/100|[from] Sandstorm\n|-damage|p2a: Iron Hands|89\/100|[from] Sandstorm\n|-damage|p2b: Amoonguss|95\/100|[from] Sandstorm\n|-damage|p2a: Iron Hands|77\/100|[from] Salt Cure\n|upkeep\n|turn|6\n|\n|t:|1699844947\n|move|p1a: Sinistcha|Matcha Gotcha|p2a: Iron Hands|[spread] p2a,p2b\n|-resisted|p2b: Amoonguss\n|-damage|p2a: Iron Hands|64\/100\n|-heal|p1a: Sinistcha|100\/100|[from] drain|[of] p2a: Iron Hands\n|-damage|p2b: Amoonguss|90\/100\n|move|p2a: Iron Hands|Drain Punch|p1b: Garganacl\n|-supereffective|p1b: Garganacl\n|-damage|p1b: Garganacl|18\/100\n|-heal|p2a: Iron Hands|91\/100|[from] drain|[of] p1b: Garganacl\n|move|p1b: Garganacl|Salt Cure|p2b: Amoonguss\n|-damage|p2b: Amoonguss|79\/100\n|-start|p2b: Amoonguss|Salt Cure\n|move|p2b: Amoonguss|Pollen Puff|p1a: Sinistcha\n|-damage|p1a: Sinistcha|79\/100\n|\n|-weather|Sandstorm|[upkeep]\n|-damage|p1a: Sinistcha|72\/100|[from] Sandstorm\n|-damage|p2a: Iron Hands|85\/100|[from] Sandstorm\n|-damage|p2b: Amoonguss|73\/100|[from] Sandstorm\n|-damage|p2a: Iron Hands|73\/100|[from] Salt Cure\n|-damage|p2b: Amoonguss|60\/100|[from] Salt Cure\n|upkeep\n|turn|7\n|\n|t:|1699844968\n|switch|p1a: Gulpin|Gulpin, L50, F, shiny|21\/100\n|move|p2a: Iron Hands|Drain Punch|p1b: Garganacl\n|-supereffective|p1b: Garganacl\n|-damage|p1b: Garganacl|0 fnt\n|-heal|p2a: Iron Hands|81\/100|[from] drain|[of] p1b: Garganacl\n|faint|p1b: Garganacl\n|move|p2b: Amoonguss|Pollen Puff|p1a: Gulpin\n|-resisted|p1a: Gulpin\n|-damage|p1a: Gulpin|13\/100\n|\n|-weather|Sandstorm|[upkeep]\n|-damage|p2a: Iron Hands|75\/100|[from] Sandstorm\n|-damage|p1a: Gulpin|7\/100|[from] Sandstorm\n|-damage|p2b: Amoonguss|55\/100|[from] Sandstorm\n|-damage|p2a: Iron Hands|63\/100|[from] Salt Cure\n|-damage|p2b: Amoonguss|42\/100|[from] Salt Cure\n|upkeep\n|-enditem|p2b: Amoonguss|Sitrus Berry|[eat]\n|-heal|p2b: Amoonguss|67\/100|[from] item: Sitrus Berry\n|\n|t:|1699844979\n|switch|p1b: Sinistcha|Sinistcha, L50|72\/100\n|-heal|p1a: Gulpin|32\/100|[from] ability: Hospitality|[of] p1b: Sinistcha\n|turn|8\n|\n|t:|1699844992\n|move|p1b: Sinistcha|Matcha Gotcha|p2a: Iron Hands|[spread] p2a,p2b\n|-resisted|p2b: Amoonguss\n|-damage|p2a: Iron Hands|49\/100\n|-heal|p1b: Sinistcha|82\/100|[from] drain|[of] p2a: Iron Hands\n|-damage|p2b: Amoonguss|63\/100\n|-heal|p1b: Sinistcha|85\/100|[from] drain|[of] p2b: Amoonguss\n|-status|p2a: Iron Hands|brn\n|move|p2a: Iron Hands|Heavy Slam|p1b: Sinistcha\n|-damage|p1b: Sinistcha|67\/100\n|-damage|p2a: Iron Hands|32\/100 brn|[from] item: Rocky Helmet|[of] p1b: Sinistcha\n|move|p1a: Gulpin|Poison Gas||[still]|[spread] \n|-fail|p1a: Gulpin\n|-immune|p2b: Amoonguss\n|move|p2b: Amoonguss|Spore|p1a: Gulpin\n|-status|p1a: Gulpin|slp|[from] move: Spore\n|\n|-weather|none\n|-damage|p2a: Iron Hands|26\/100 brn|[from] brn\n|-damage|p2a: Iron Hands|14\/100 brn|[from] Salt Cure\n|-damage|p2b: Amoonguss|50\/100|[from] Salt Cure\n|upkeep\n|turn|9\n|\n|t:|1699845015\n|switch|p1b: Hippowdon|Hippowdon, L50, F, shiny|100\/100\n|-weather|Sandstorm|[from] ability: Sand Stream|[of] p1b: Hippowdon\n|cant|p1a: Gulpin|slp\n|move|p2a: Iron Hands|Drain Punch|p1a: Gulpin\n|-resisted|p1a: Gulpin\n|-damage|p1a: Gulpin|22\/100 slp\n|-heal|p2a: Iron Hands|18\/100 brn|[from] drain|[of] p1a: Gulpin\n|move|p2b: Amoonguss|Pollen Puff|p2a: Iron Hands\n|-heal|p2a: Iron Hands|67\/100 brn\n|\n|-weather|Sandstorm|[upkeep]\n|-damage|p2a: Iron Hands|61\/100 brn|[from] Sandstorm\n|-damage|p1a: Gulpin|16\/100 slp|[from] Sandstorm\n|-damage|p2b: Amoonguss|45\/100|[from] Sandstorm\n|-damage|p2a: Iron Hands|55\/100 brn|[from] brn\n|-damage|p2a: Iron Hands|43\/100 brn|[from] Salt Cure\n|-damage|p2b: Amoonguss|32\/100|[from] Salt Cure\n|upkeep\n|turn|10\n|inactive|Valhala Alfa has 30 seconds left.\n|inactive|Jomina has 30 seconds left.\n|inactive|Valhala Alfa has 20 seconds left.\n|inactive|Valhala Alfa has 15 seconds left.\n|inactive|Valhala Alfa has 10 seconds left.\n|\n|t:|1699845061\n|-terastallize|p2a: Iron Hands|Grass\n|cant|p1a: Gulpin|slp\n|move|p2a: Iron Hands|Heavy Slam|p1a: Gulpin\n|-damage|p1a: Gulpin|0 fnt\n|faint|p1a: Gulpin\n|move|p1b: Hippowdon|Sand Tomb|p2a: Iron Hands|[miss]\n|-miss|p1b: Hippowdon|p2a: Iron Hands\n|move|p2b: Amoonguss|Pollen Puff|p2a: Iron Hands\n|-heal|p2a: Iron Hands|93\/100 brn\n|\n|-weather|Sandstorm|[upkeep]\n|-damage|p2a: Iron Hands|87\/100 brn|[from] Sandstorm\n|-damage|p2b: Amoonguss|26\/100|[from] Sandstorm\n|-damage|p2a: Iron Hands|81\/100 brn|[from] brn\n|-damage|p2a: Iron Hands|69\/100 brn|[from] Salt Cure\n|-damage|p2b: Amoonguss|14\/100|[from] Salt Cure\n|upkeep\n|\n|t:|1699845075\n|switch|p1a: Sinistcha|Sinistcha, L50|67\/100\n|turn|11\n|\n|t:|1699845086\n|move|p1a: Sinistcha|Protect|p1a: Sinistcha\n|-singleturn|p1a: Sinistcha|Protect\n|move|p2a: Iron Hands|Drain Punch|p1b: Hippowdon\n|-damage|p1b: Hippowdon|83\/100\n|-heal|p2a: Iron Hands|77\/100 brn|[from] drain|[of] p1b: Hippowdon\n|move|p1b: Hippowdon|Sand Tomb|p2a: Iron Hands|[miss]\n|-miss|p1b: Hippowdon|p2a: Iron Hands\n|move|p2b: Amoonguss|Pollen Puff|p1a: Sinistcha\n|-activate|p1a: Sinistcha|move: Protect\n|\n|-weather|Sandstorm|[upkeep]\n|-damage|p1a: Sinistcha|61\/100|[from] Sandstorm\n|-damage|p2a: Iron Hands|71\/100 brn|[from] Sandstorm\n|-damage|p2b: Amoonguss|8\/100|[from] Sandstorm\n|-damage|p2a: Iron Hands|65\/100 brn|[from] brn\n|-damage|p2a: Iron Hands|52\/100 brn|[from] Salt Cure\n|-damage|p2b: Amoonguss|0 fnt|[from] Salt Cure\n|faint|p2b: Amoonguss\n|upkeep\n|turn|12\n|\n|t:|1699845102\n|move|p1a: Sinistcha|Matcha Gotcha|p2a: Iron Hands\n|-resisted|p2a: Iron Hands\n|-damage|p2a: Iron Hands|44\/100 brn\n|-heal|p1a: Sinistcha|67\/100|[from] drain|[of] p2a: Iron Hands\n|move|p2a: Iron Hands|Drain Punch|p1b: Hippowdon\n|-damage|p1b: Hippowdon|68\/100\n|-heal|p2a: Iron Hands|51\/100 brn|[from] drain|[of] p1b: Hippowdon\n|move|p1b: Hippowdon|Sand Tomb|p2a: Iron Hands\n|-resisted|p2a: Iron Hands\n|-damage|p2a: Iron Hands|46\/100 brn\n|-activate|p2a: Iron Hands|move: Sand Tomb|[of] p1b: Hippowdon\n|\n|-weather|Sandstorm|[upkeep]\n|-damage|p1a: Sinistcha|61\/100|[from] Sandstorm\n|-damage|p2a: Iron Hands|40\/100 brn|[from] Sandstorm\n|-damage|p2a: Iron Hands|34\/100 brn|[from] brn\n|-damage|p2a: Iron Hands|22\/100 brn|[from] move: Sand Tomb|[partiallytrapped]\n|-damage|p2a: Iron Hands|9\/100 brn|[from] Salt Cure\n|upkeep\n|turn|13\n|\n|t:|1699845125\n|move|p1a: Sinistcha|Protect|p1a: Sinistcha\n|-singleturn|p1a: Sinistcha|Protect\n|move|p2a: Iron Hands|Drain Punch|p1b: Hippowdon\n|-damage|p1b: Hippowdon|50\/100\n|-heal|p2a: Iron Hands|18\/100 brn|[from] drain|[of] p1b: Hippowdon\n|move|p1b: Hippowdon|Thunder Fang|p1a: Sinistcha\n|-activate|p1a: Sinistcha|move: Protect\n|\n|-weather|none\n|-damage|p2a: Iron Hands|12\/100 brn|[from] brn\n|-damage|p2a: Iron Hands|0 fnt|[from] move: Sand Tomb|[partiallytrapped]\n|faint|p2a: Iron Hands\n|-end|p2a: Iron Hands|Quark Drive|[silent]\n|\n|win|Valhala Alfa\n|upkeep\n|raw|Valhala Alfa's rating: 1301 &rarr; <strong>1319<\/strong><br \/>(+18 for winning)\n|raw|Jomina's rating: 1258 &rarr; <strong>1236<\/strong><br \/>(-22 for losing)\n|l|\u2606Jomina\n","uploadtime":1699845138,"views":31,"p1id":"valhalaalfa","p2id":"jomina","formatid":"gen9vgc2023regulatione","rating":1236,"private":0,"password":""}