{"id":"gen9vgc2023regulatione-1999666358","p1":"kpld","p2":"taco_bowl_mx","format":"[Gen 9] VGC 2023 Regulation E","log":"|j|\u203dkpld\n|j|\u2606taco_bowl_mx\n|t:|1701106009\n|gametype|doubles\n|player|p1|kpld|veteran|1334\n|player|p2|taco_bowl_mx|dawn-gen4pt|1374\n|teamsize|p1|6\n|teamsize|p2|6\n|gen|9\n|tier|[Gen 9] VGC 2023 Regulation E\n|rated|\n|rule|Species Clause: Limit one of each Pok\u00e9mon\n|rule|Item Clause: Limit one of each item\n|clearpoke\n|poke|p1|Indeedee-F, L50, F|\n|poke|p1|Armarouge, L50, F|\n|poke|p1|Torkoal, L50, F|\n|poke|p1|Arcanine-Hisui, L50, M|\n|poke|p1|Lilligant-Hisui, L50, F|\n|poke|p1|Dragonite, L50, M|\n|poke|p2|Flutter Mane, L50|\n|poke|p2|Chien-Pao, L50|\n|poke|p2|Iron Hands, L50|\n|poke|p2|Heatran, L50, F|\n|poke|p2|Ogerpon-Wellspring, L50, F|\n|poke|p2|Landorus-Therian, L50, M|\n|teampreview|4\n|inactive|Battle timer is ON: inactive players will automatically lose when time's up. (requested by kpld)\ntaco_bowl_mx has agreed to open team sheets.\nkpld has agreed to open team sheets.\n|inactive|kpld has 30 seconds left.\n|\n|t:|1701106047\n|start\n|switch|p1a: Indeedee|Indeedee-F, L50, F|100\/100\n|switch|p1b: Armarouge|Armarouge, L50, F|100\/100\n|switch|p2a: Flutter Mane|Flutter Mane, L50|100\/100\n|switch|p2b: Chien-Pao|Chien-Pao, L50|100\/100\n|-ability|p2b: Chien-Pao|Sword of Ruin\n|-fieldstart|move: Psychic Terrain|[from] ability: Psychic Surge|[of] p1a: Indeedee\n|turn|1\n|inactive|taco_bowl_mx has 30 seconds left.\n|\n|t:|1701106080\n|-end|p2a: Flutter Mane|Protosynthesis|[silent]\n|switch|p2a: Heatran|Heatran, L50, F|100\/100\n|-terastallize|p1a: Indeedee|Fairy\n|move|p1a: Indeedee|Follow Me|p1a: Indeedee\n|-singleturn|p1a: Indeedee|move: Follow Me\n|move|p2b: Chien-Pao|Ice Spinner|p1a: Indeedee\n|-crit|p1a: Indeedee\n|-damage|p1a: Indeedee|32\/100\n|-damage|p2b: Chien-Pao|84\/100|[from] item: Rocky Helmet|[of] p1a: Indeedee\n|-fieldend|move: Psychic Terrain\n|move|p1b: Armarouge|Trick Room|p1b: Armarouge\n|-fieldstart|move: Trick Room|[of] p1b: Armarouge\n|\n|upkeep\n|turn|2\n|inactive|kpld has 30 seconds left.\n|inactive|taco_bowl_mx has 30 seconds left.\n|\n|t:|1701106112\n|move|p2b: Chien-Pao|Protect|p2b: Chien-Pao\n|-singleturn|p2b: Chien-Pao|Protect\n|move|p1a: Indeedee|Follow Me|p1a: Indeedee\n|-singleturn|p1a: Indeedee|move: Follow Me\n|move|p1b: Armarouge|Aura Sphere|p2b: Chien-Pao\n|-activate|p2b: Chien-Pao|move: Protect\n|move|p2a: Heatran|Earth Power|p1a: Indeedee\n|-damage|p1a: Indeedee|0 fnt\n|faint|p1a: Indeedee\n|\n|upkeep\n|\n|t:|1701106115\n|switch|p1a: Torkoal|Torkoal, L50, F|100\/100\n|-weather|SunnyDay|[from] ability: Drought|[of] p1a: Torkoal\n|turn|3\n|\n|t:|1701106139\n|switch|p2b: Iron Hands|Iron Hands, L50, shiny|100\/100\n|move|p1a: Torkoal|Earth Power|p2a: Heatran\n|-supereffective|p2a: Heatran\n|-damage|p2a: Heatran|0 fnt\n|faint|p2a: Heatran\n|-damage|p1a: Torkoal|91\/100|[from] item: Life Orb\n|move|p1b: Armarouge|Aura Sphere|p2b: Iron Hands\n|-damage|p2b: Iron Hands|85\/100\n|\n|-weather|SunnyDay|[upkeep]\n|upkeep\n|\n|t:|1701106150\n|switch|p2a: Chien-Pao|Chien-Pao, L50|84\/100\n|-ability|p2a: Chien-Pao|Sword of Ruin\n|turn|4\n|\n|t:|1701106167\n|-terastallize|p2a: Chien-Pao|Ghost\n|move|p2a: Chien-Pao|Sucker Punch|p1b: Armarouge\n|-supereffective|p1b: Armarouge\n|-damage|p1b: Armarouge|21\/100\n|move|p1a: Torkoal|Eruption|p2b: Iron Hands|[spread] p2a,p2b\n|-damage|p2a: Chien-Pao|0 fnt\n|-damage|p2b: Iron Hands|36\/100\n|faint|p2a: Chien-Pao\n|-damage|p1a: Torkoal|81\/100|[from] item: Life Orb\n|move|p2b: Iron Hands|Drain Punch|p1b: Armarouge\n|-resisted|p1b: Armarouge\n|-damage|p1b: Armarouge|0 fnt\n|-heal|p2b: Iron Hands|44\/100|[from] drain|[of] p1b: Armarouge\n|faint|p1b: Armarouge\n|\n|-weather|SunnyDay|[upkeep]\n|upkeep\n|\n|t:|1701106182\n|switch|p1b: Dragonite|Dragonite, L50, M|100\/100\n|switch|p2a: Flutter Mane|Flutter Mane, L50|100\/100\n|-activate|p2a: Flutter Mane|ability: Protosynthesis\n|-start|p2a: Flutter Mane|protosynthesisspe\n|turn|5\n|inactive|taco_bowl_mx has 30 seconds left.\n|\n|t:|1701106210\n|move|p1b: Dragonite|Extreme Speed|p2b: Iron Hands\n|-damage|p2b: Iron Hands|15\/100\n|move|p1a: Torkoal|Eruption|p2a: Flutter Mane|[spread] p2a,p2b\n|-damage|p2a: Flutter Mane|28\/100\n|-damage|p2b: Iron Hands|0 fnt\n|faint|p2b: Iron Hands\n|-end|p2b: Iron Hands|Quark Drive|[silent]\n|-damage|p1a: Torkoal|72\/100|[from] item: Life Orb\n|move|p2a: Flutter Mane|Dazzling Gleam|p1b: Dragonite|[spread] p1a,p1b\n|-resisted|p1a: Torkoal\n|-supereffective|p1b: Dragonite\n|-damage|p1a: Torkoal|43\/100\n|-damage|p1b: Dragonite|65\/100\n|\n|-weather|SunnyDay|[upkeep]\n|-fieldend|move: Trick Room\n|upkeep\n|turn|6\n|inactive|kpld has 30 seconds left.\n|\n|t:|1701106242\n|move|p1b: Dragonite|Extreme Speed|p2a: Flutter Mane\n|-immune|p2a: Flutter Mane\n|move|p2a: Flutter Mane|Dazzling Gleam|p1a: Torkoal|[spread] p1a,p1b\n|-resisted|p1a: Torkoal\n|-supereffective|p1b: Dragonite\n|-damage|p1a: Torkoal|13\/100\n|-damage|p1b: Dragonite|0 fnt\n|faint|p1b: Dragonite\n|move|p1a: Torkoal|Heat Wave|p2a: Flutter Mane\n|-damage|p2a: Flutter Mane|0 fnt\n|faint|p2a: Flutter Mane\n|-end|p2a: Flutter Mane|Protosynthesis|[silent]\n|-damage|p1a: Torkoal|3\/100|[from] item: Life Orb\n|\n|win|kpld\n|raw|kpld's rating: 1334 &rarr; <strong>1356<\/strong><br \/>(+22 for winning)\n|raw|taco_bowl_mx's rating: 1374 &rarr; <strong>1352<\/strong><br \/>(-22 for losing)\n","uploadtime":1701106254,"views":9,"p1id":"kpld","p2id":"tacobowlmx","formatid":"gen9vgc2023regulatione","rating":1352,"private":0,"password":""}