{"id":"gen9vgc2023regulatione-1998482771","p1":"fangeddragon96","p2":"WaffleMoo","format":"[Gen 9] VGC 2023 Regulation E","log":"|j|\u2606fangeddragon96\n|j|\u2606WaffleMoo\n|n|\u2606fangeddragon96|fangeddragon96\n|n|\u2606WaffleMoo|wafflemoo\n|html|View the match progress at <a href=\"\/game-bestof3-gen9vgc2023regulatione-1998478385\">game-bestof3-gen9vgc2023regulatione-1998478385<\/a>\n|t:|1700947360\n|gametype|doubles\n|player|p1|fangeddragon96|hilbert|\n|player|p2|WaffleMoo|169|\n|teamsize|p1|6\n|teamsize|p2|6\n|gen|9\n|tier|[Gen 9] VGC 2023 Regulation E\n|rule|Species Clause: Limit one of each Pok\u00e9mon\n|rule|Item Clause: Limit one of each item\n|clearpoke\n|poke|p1|Ursaluna-Bloodmoon, L50, M|\n|poke|p1|Grimmsnarl, L50, M|\n|poke|p1|Golem-Alola, L50, F|\n|poke|p1|Cloyster, L50, F|\n|poke|p1|Tauros-Paldea-Blaze, L50, M|\n|poke|p1|Noivern, L50, M|\n|poke|p2|Meowscarada, L50, M|\n|poke|p2|Volbeat, L50, M|\n|poke|p2|Indeedee-F, L50, F|\n|poke|p2|Armarouge, L50, F|\n|poke|p2|Milotic, L50, M|\n|poke|p2|Magcargo, L50, F|\n|teampreview|4\n|j| IlVentodOricorio\nWaffleMoo rejected open team sheets.\n|\n|t:|1700947467\n|start\n|switch|p1a: Ursaluna|Ursaluna-Bloodmoon, L50, M|100\/100\n|switch|p1b: Grimmsnarl|Grimmsnarl, L50, M, shiny|100\/100\n|switch|p2a: Volbeat|Volbeat, L50, M|100\/100\n|switch|p2b: Meowscarada|Meowscarada, L50, M|100\/100\n|turn|1\n|\n|t:|1700947492\n|-terastallize|p2b: Meowscarada|Water\n|-terastallize|p1a: Ursaluna|Normal\n|move|p2a: Volbeat|Swagger|p2b: Meowscarada\n|-boost|p2b: Meowscarada|atk|2\n|-start|p2b: Meowscarada|confusion\n|-enditem|p2b: Meowscarada|Lum Berry|[eat]\n|-end|p2b: Meowscarada|confusion\n|move|p1b: Grimmsnarl|Reflect|p1b: Grimmsnarl\n|-sidestart|p1: fangeddragon96|Reflect\n|move|p2b: Meowscarada|Flower Trick|p1a: Ursaluna\n|-crit|p1a: Ursaluna\n|-damage|p1a: Ursaluna|19\/100\n|move|p1a: Ursaluna|Blood Moon|p2b: Meowscarada\n|-damage|p2b: Meowscarada|0 fnt\n|faint|p2b: Meowscarada\n|\n|upkeep\n|\n|t:|1700947507\n|switch|p2b: Indeedee|Indeedee-F, L50, F|100\/100\n|-fieldstart|move: Psychic Terrain|[from] ability: Psychic Surge|[of] p2b: Indeedee\n|turn|2\n|\n|t:|1700947530\n|move|p2a: Volbeat|Protect|p2a: Volbeat\n|-singleturn|p2a: Volbeat|Protect\n|move|p1b: Grimmsnarl|Light Screen|p1b: Grimmsnarl\n|-sidestart|p1: fangeddragon96|move: Light Screen\n|move|p2b: Indeedee|Dazzling Gleam|p1a: Ursaluna|[spread] p1a,p1b\n|-supereffective|p1b: Grimmsnarl\n|-damage|p1a: Ursaluna|13\/100\n|-damage|p1b: Grimmsnarl|85\/100\n|move|p1a: Ursaluna|Hyper Voice|p2a: Volbeat|[spread] p2b\n|-activate|p2a: Volbeat|move: Protect\n|-damage|p2b: Indeedee|64\/100\n|\n|upkeep\n|turn|3\n|\n|t:|1700947550\n|move|p1b: Grimmsnarl|Parting Shot|p2b: Indeedee\n|-activate|p2b: Indeedee|move: Psychic Terrain\n|move|p2a: Volbeat|Bug Buzz|p1a: Ursaluna\n|-damage|p1a: Ursaluna|5\/100\n|move|p2b: Indeedee|Dazzling Gleam|p1a: Ursaluna|[spread] p1a,p1b\n|-supereffective|p1b: Grimmsnarl\n|-damage|p1a: Ursaluna|0 fnt\n|-damage|p1b: Grimmsnarl|70\/100\n|faint|p1a: Ursaluna\n|\n|upkeep\n|\n|t:|1700947562\n|switch|p1a: Tauros|Tauros-Paldea-Blaze, L50, M, shiny|100\/100\n|-ability|p1a: Tauros|Intimidate|boost\n|-unboost|p2a: Volbeat|atk|1\n|-unboost|p2b: Indeedee|atk|1\n|turn|4\n|\n|t:|1700947654\n|move|p2a: Volbeat|Tailwind|p2a: Volbeat\n|-sidestart|p2: WaffleMoo|move: Tailwind\n|move|p2b: Indeedee|Dazzling Gleam|p1a: Tauros|[spread] p1a,p1b\n|-supereffective|p1b: Grimmsnarl\n|-damage|p1a: Tauros|91\/100\n|-damage|p1b: Grimmsnarl|54\/100\n|move|p1a: Tauros|Flare Blitz|p2b: Indeedee\n|-damage|p2b: Indeedee|0 fnt\n|-damage|p1a: Tauros|74\/100|[from] item: Rocky Helmet|[of] p2b: Indeedee\n|faint|p2b: Indeedee\n|-damage|p1a: Tauros|54\/100|[from] Recoil\n|move|p1b: Grimmsnarl|Crunch|p2a: Volbeat\n|-damage|p2a: Volbeat|57\/100\n|\n|-heal|p1a: Tauros|60\/100|[from] item: Leftovers\n|upkeep\n|\n|t:|1700947664\n|switch|p2b: Armarouge|Armarouge, L50, F|100\/100\n|turn|5\n|\n|t:|1700947742\n|move|p2a: Volbeat|Bug Buzz|p1b: Grimmsnarl\n|-damage|p1b: Grimmsnarl|46\/100\n|move|p2b: Armarouge|Expanding Force|p1a: Tauros|[spread] p1a\n|-immune|p1b: Grimmsnarl\n|-supereffective|p1a: Tauros\n|-damage|p1a: Tauros|0 fnt\n|faint|p1a: Tauros\n|move|p1b: Grimmsnarl|Crunch|p2b: Armarouge\n|-supereffective|p2b: Armarouge\n|-damage|p2b: Armarouge|35\/100\n|-ability|p2b: Armarouge|Weak Armor|boost\n|-unboost|p2b: Armarouge|def|1\n|-boost|p2b: Armarouge|spe|2\n|-enditem|p2b: Armarouge|Weakness Policy\n|-boost|p2b: Armarouge|atk|2|[from] item: Weakness Policy\n|-boost|p2b: Armarouge|spa|2|[from] item: Weakness Policy\n|\n|upkeep\n|\n|t:|1700947757\n|switch|p1a: Golem|Golem-Alola, L50, F, shiny|100\/100\n|turn|6\n|\n|t:|1700947779\n|move|p2b: Armarouge|Protect|p2b: Armarouge\n|-singleturn|p2b: Armarouge|Protect\n|move|p2a: Volbeat|Swagger|p1a: Golem\n|-activate|p1a: Golem|move: Psychic Terrain\n|move|p1b: Grimmsnarl|Crunch|p2b: Armarouge\n|-activate|p2b: Armarouge|move: Protect\n|move|p1a: Golem|Body Slam|p2b: Armarouge\n|-activate|p2b: Armarouge|move: Protect\n|\n|-fieldend|move: Psychic Terrain\n|upkeep\n|turn|7\n|\n|t:|1700947800\n|move|p2a: Volbeat|Tailwind||[still]\n|-fail|p2a: Volbeat\n|move|p2b: Armarouge|Heat Wave|p1a: Golem|[spread] p1a,p1b\n|-resisted|p1a: Golem\n|-damage|p1a: Golem|65\/100\n|-damage|p1b: Grimmsnarl|2\/100\n|move|p1b: Grimmsnarl|Crunch|p2b: Armarouge\n|-supereffective|p2b: Armarouge\n|-damage|p2b: Armarouge|0 fnt\n|faint|p2b: Armarouge\n|move|p1a: Golem|Body Slam|p2a: Volbeat\n|-damage|p2a: Volbeat|0 fnt\n|faint|p2a: Volbeat\n|\n|win|fangeddragon96\n|inactive|fangeddragon96 has 50 seconds to confirm battle start!\n|inactive|WaffleMoo has 50 seconds to confirm battle start!\n|c|\u2606WaffleMoo|Ggs\n|c|\u2606fangeddragon96|Ggs\n|inactive|fangeddragon96 has 40 seconds to confirm battle start!\n|inactive|WaffleMoo has 40 seconds to confirm battle start!\n|c|&|\/uhtml prompt-fangeddragon96,fangeddragon96 is ready for game 3!\n|inactive|WaffleMoo has 30 seconds to confirm battle start!\n|inactive|WaffleMoo has 20 seconds to confirm battle start!\n|inactive|WaffleMoo has 10 seconds to confirm battle start!\nBoth players are ready! Starting next match!\n|l| IlVentodOricorio\n|j| thedistortionzone\n|j| Jay Jingles\n|l| Jay Jingles\n|j| Jay Jingles\n|l| Jay Jingles\n|player|p2|WaffleMoo|169\n|l|\u2606WaffleMoo\n|player|p2|\n","uploadtime":1700948214,"views":13,"p1id":"fangeddragon96","p2id":"wafflemoo","formatid":"gen9vgc2023regulatione","rating":0,"private":0,"password":""}