{"id":"gen9vgc2023regulatione-2000509169","p1":"scopaciro","p2":"Tagiruz","format":"[Gen 9] VGC 2023 Regulation E","log":"|j|\u2606scopaciro\n|j|\u2606Tagiruz\n|t:|1701200770\n|gametype|doubles\n|player|p1|scopaciro|bellepa|1046\n|player|p2|Tagiruz|hugh|1130\n|teamsize|p1|6\n|teamsize|p2|6\n|gen|9\n|tier|[Gen 9] VGC 2023 Regulation E\n|rated|\n|rule|Species Clause: Limit one of each Pok\u00e9mon\n|rule|Item Clause: Limit one of each item\n|clearpoke\n|poke|p1|Ursaluna-Bloodmoon, L50, M|\n|poke|p1|Flutter Mane, L50|\n|poke|p1|Indeedee-F, L50, F|\n|poke|p1|Urshifu-*, L50, M|\n|poke|p1|Armarouge, L50, M|\n|poke|p1|Tornadus, L50, M|\n|poke|p2|Tyranitar, L50, F|\n|poke|p2|Arcanine-Hisui, L50, M|\n|poke|p2|Gothitelle, L50, F|\n|poke|p2|Flutter Mane, L50|\n|poke|p2|Ogerpon-Wellspring, L50, F|\n|poke|p2|Kommo-o, L50, M|\n|teampreview|4\nTagiruz has agreed to open team sheets.\nscopaciro rejected open team sheets.\n|inactive|Battle timer is ON: inactive players will automatically lose when time's up. (requested by scopaciro)\n|c|\u2606Tagiruz|ofc\n|c|\u2606scopaciro|?\n|c|\u2606scopaciro|play or skip\n|c|\u2606Tagiruz|typical psyspam\n|c|\u2606scopaciro|what s ur problem??\n|inactive|Tagiruz has 60 seconds left.\n|c|\u2606scopaciro|u play the chalk\n|\n|t:|1701200843\n|start\n|switch|p1a: Indeedee|Indeedee-F, L50, F|100\/100\n|switch|p1b: Armarouge|Armarouge, L50, M|100\/100\n|switch|p2a: Goth Mommy|Gothitelle, L50, F|100\/100\n|switch|p2b: Incin|Arcanine-Hisui, L50, M|100\/100\n|-ability|p2b: Incin|Intimidate|boost\n|-unboost|p1a: Indeedee|atk|1\n|-unboost|p1b: Armarouge|atk|1\n|-fieldstart|move: Psychic Terrain|[from] ability: Psychic Surge|[of] p1a: Indeedee\n|turn|1\n|\n|t:|1701200862\n|-terastallize|p2b: Incin|Fairy\n|move|p1a: Indeedee|Follow Me|p1a: Indeedee\n|-singleturn|p1a: Indeedee|move: Follow Me\n|move|p2b: Incin|Flare Blitz|p1a: Indeedee\n|-damage|p1a: Indeedee|0 fnt\n|faint|p1a: Indeedee\n|-damage|p2b: Incin|69\/100|[from] Recoil\n|move|p2a: Goth Mommy|Taunt|p1b: Armarouge\n|-start|p1b: Armarouge|move: Taunt\n|cant|p1b: Armarouge|move: Taunt|Trick Room\n|\n|upkeep\n|\n|t:|1701200873\n|switch|p1a: Flutter Mane|Flutter Mane, L50|100\/100\n|-enditem|p1a: Flutter Mane|Booster Energy\n|-activate|p1a: Flutter Mane|ability: Protosynthesis|[fromitem]\n|-start|p1a: Flutter Mane|protosynthesisspa\n|turn|2\n|\n|t:|1701200890\n|move|p1a: Flutter Mane|Dazzling Gleam|p2a: Goth Mommy|[spread] p2a,p2b\n|-damage|p2a: Goth Mommy|62\/100\n|-damage|p2b: Incin|18\/100\n|move|p2b: Incin|Flare Blitz|p1a: Flutter Mane\n|-damage|p1a: Flutter Mane|0 fnt\n|faint|p1a: Flutter Mane\n|-end|p1a: Flutter Mane|Protosynthesis|[silent]\n|-damage|p2b: Incin|0 fnt|[from] Recoil\n|faint|p2b: Incin\n|move|p2a: Goth Mommy|Psychic|p1b: Armarouge\n|-resisted|p1b: Armarouge\n|-damage|p1b: Armarouge|81\/100\n|move|p1b: Armarouge|Expanding Force|p2a: Goth Mommy\n|-resisted|p2a: Goth Mommy\n|-damage|p2a: Goth Mommy|11\/100\n|-enditem|p2a: Goth Mommy|Sitrus Berry|[eat]\n|-heal|p2a: Goth Mommy|36\/100|[from] item: Sitrus Berry\n|-damage|p1b: Armarouge|71\/100|[from] item: Life Orb\n|\n|upkeep\n|\n|t:|1701200907\n|switch|p1a: Ursaluna|Ursaluna-Bloodmoon, L50, M|100\/100\n|switch|p2b: Zamazenta.exe|Kommo-o, L50, M|100\/100\n|turn|3\n|\n|t:|1701200928\n|move|p2b: Zamazenta.exe|Protect|p2b: Zamazenta.exe\n|-singleturn|p2b: Zamazenta.exe|Protect\n|move|p2a: Goth Mommy|Psychic|p1b: Armarouge\n|-resisted|p1b: Armarouge\n|-damage|p1b: Armarouge|48\/100\n|move|p1b: Armarouge|Expanding Force|p2b: Zamazenta.exe|[spread] p2a\n|-activate|p2b: Zamazenta.exe|move: Protect\n|-resisted|p2a: Goth Mommy\n|-damage|p2a: Goth Mommy|3\/100\n|-damage|p1b: Armarouge|38\/100|[from] item: Life Orb\n|move|p1a: Ursaluna|Blood Moon|p2b: Zamazenta.exe\n|-activate|p2b: Zamazenta.exe|move: Protect\n|\n|-end|p1b: Armarouge|move: Taunt\n|upkeep\n|turn|4\n|inactive|scopaciro has 30 seconds left.\n|\n|t:|1701200963\n|-terastallize|p1a: Ursaluna|Normal\n|move|p2b: Zamazenta.exe|Body Press|p1a: Ursaluna\n|-supereffective|p1a: Ursaluna\n|-damage|p1a: Ursaluna|37\/100\n|-enditem|p1a: Ursaluna|Sitrus Berry|[eat]\n|-heal|p1a: Ursaluna|62\/100|[from] item: Sitrus Berry\n|move|p2a: Goth Mommy|Taunt|p1b: Armarouge\n|-start|p1b: Armarouge|move: Taunt\n|move|p1a: Ursaluna|Hyper Voice|p2b: Zamazenta.exe|[spread] p2a,p2b\n|-damage|p2a: Goth Mommy|0 fnt\n|-damage|p2b: Zamazenta.exe|51\/100\n|faint|p2a: Goth Mommy\n|cant|p1b: Armarouge|move: Taunt|Trick Room\n|\n|-heal|p2b: Zamazenta.exe|57\/100|[from] item: Leftovers\n|upkeep\n|\n|t:|1701200981\n|switch|p2a: Zilla|Tyranitar, L50, F|100\/100\n|-weather|Sandstorm|[from] ability: Sand Stream|[of] p2a: Zilla\n|turn|5\n|\n|t:|1701200993\n|move|p2b: Zamazenta.exe|Protect|p2b: Zamazenta.exe\n|-singleturn|p2b: Zamazenta.exe|Protect\n|move|p1b: Armarouge|Expanding Force|p2b: Zamazenta.exe|[spread] \n|-activate|p2b: Zamazenta.exe|move: Protect\n|-immune|p2a: Zilla\n|move|p2a: Zilla|Low Kick|p1a: Ursaluna\n|-supereffective|p1a: Ursaluna\n|-damage|p1a: Ursaluna|8\/100\n|move|p1a: Ursaluna|Hyper Voice|p2b: Zamazenta.exe|[spread] p2a\n|-activate|p2b: Zamazenta.exe|move: Protect\n|-resisted|p2a: Zilla\n|-damage|p2a: Zilla|91\/100\n|\n|-weather|Sandstorm|[upkeep]\n|-damage|p2b: Zamazenta.exe|51\/100|[from] Sandstorm\n|-damage|p1b: Armarouge|32\/100|[from] Sandstorm\n|-damage|p1a: Ursaluna|2\/100|[from] Sandstorm\n|-heal|p2b: Zamazenta.exe|57\/100|[from] item: Leftovers\n|-fieldend|move: Psychic Terrain\n|upkeep\n|turn|6\n|\n|t:|1701201013\n|move|p2b: Zamazenta.exe|Body Press|p1a: Ursaluna\n|-supereffective|p1a: Ursaluna\n|-damage|p1a: Ursaluna|0 fnt\n|faint|p1a: Ursaluna\n|move|p1b: Armarouge|Heat Wave|p2a: Zilla|[spread] p2a,p2b\n|-resisted|p2a: Zilla\n|-resisted|p2b: Zamazenta.exe\n|-damage|p2a: Zilla|82\/100\n|-damage|p2b: Zamazenta.exe|36\/100\n|-damage|p1b: Armarouge|22\/100|[from] item: Life Orb\n|move|p2a: Zilla|Knock Off|p1b: Armarouge\n|-supereffective|p1b: Armarouge\n|-damage|p1b: Armarouge|0 fnt\n|-enditem|p1b: Armarouge|Life Orb|[from] move: Knock Off|[of] p2a: Zilla\n|faint|p1b: Armarouge\n|\n|win|Tagiruz\n|raw|scopaciro's rating: 1046 &rarr; <strong>1033<\/strong><br \/>(-13 for losing)\n|raw|Tagiruz's rating: 1130 &rarr; <strong>1149<\/strong><br \/>(+19 for winning)\n|l|\u2606scopaciro\n","uploadtime":1701201039,"views":0,"p1id":"scopaciro","p2id":"tagiruz","formatid":"gen9vgc2023regulatione","rating":1033,"private":0,"password":""}