{"id":"gen9vgc2023regulatione-1998857507","p1":"arieon","p2":"Calogre","format":"[Gen 9] VGC 2023 Regulation E","log":"|j|\u2606arieon\n|j|\u2606Calogre\n|t:|1701004166\n|gametype|doubles\n|player|p1|arieon|266|1512\n|player|p2|Calogre|101|1601\n|teamsize|p1|6\n|teamsize|p2|6\n|gen|9\n|tier|[Gen 9] VGC 2023 Regulation E\n|rated|\n|rule|Species Clause: Limit one of each Pok\u00e9mon\n|rule|Item Clause: Limit one of each item\n|clearpoke\n|poke|p1|Goodra-Hisui, L50, M|\n|poke|p1|Cresselia, L50, F|\n|poke|p1|Amoonguss, L50, M|\n|poke|p1|Chi-Yu, L50|\n|poke|p1|Ninetales-Alola, L50, M|\n|poke|p1|Iron Bundle, L50|\n|poke|p2|Ursaluna, L50, M|\n|poke|p2|Cresselia, L50, F|\n|poke|p2|Abomasnow, L50, M|\n|poke|p2|Iron Bundle, L50|\n|poke|p2|Urshifu-*, L50, M|\n|poke|p2|Iron Hands, L50|\n|teampreview|4\n|inactive|Battle timer is ON: inactive players will automatically lose when time's up. (requested by Calogre)\n|inactive|Calogre has 60 seconds left.\n|\n|t:|1701004218\n|start\n|switch|p1a: Chi-Yu|Chi-Yu, L50|100\/100\n|switch|p1b: Ninetales|Ninetales-Alola, L50, M|100\/100\n|switch|p2a: Iron Hands|Iron Hands, L50|100\/100\n|switch|p2b: Urshifu|Urshifu-Rapid-Strike, L50, M|100\/100\n|-weather|Snow|[from] ability: Snow Warning|[of] p1b: Ninetales\n|-ability|p1a: Chi-Yu|Beads of Ruin\n|turn|1\n|\n|t:|1701004238\n|switch|p1a: Cresselia|Cresselia, L50, F|100\/100\n|move|p1b: Ninetales|Aurora Veil|p1b: Ninetales\n|-sidestart|p1: arieon|move: Aurora Veil\n|move|p2b: Urshifu|Surging Strikes|p1a: Cresselia\n|-crit|p1a: Cresselia\n|-damage|p1a: Cresselia|81\/100\n|-crit|p1a: Cresselia\n|-damage|p1a: Cresselia|61\/100\n|-crit|p1a: Cresselia\n|-damage|p1a: Cresselia|41\/100\n|-hitcount|p1a: Cresselia|3\n|move|p2a: Iron Hands|Belly Drum|p2a: Iron Hands\n|-damage|p2a: Iron Hands|50\/100\n|-setboost|p2a: Iron Hands|atk|6|[from] move: Belly Drum\n|-enditem|p2a: Iron Hands|Sitrus Berry|[eat]\n|-heal|p2a: Iron Hands|75\/100|[from] item: Sitrus Berry\n|\n|-weather|Snow|[upkeep]\n|upkeep\n|turn|2\n|\n|t:|1701004259\n|move|p2a: Iron Hands|Protect|p2a: Iron Hands\n|-singleturn|p2a: Iron Hands|Protect\n|move|p1b: Ninetales|Moonblast|p2b: Urshifu\n|-supereffective|p2b: Urshifu\n|-damage|p2b: Urshifu|0 fnt\n|faint|p2b: Urshifu\n|move|p1a: Cresselia|Psychic|p2a: Iron Hands\n|-activate|p2a: Iron Hands|move: Protect\n|\n|-weather|Snow|[upkeep]\n|upkeep\n|\n|t:|1701004271\n|switch|p2b: Cresselia|Cresselia, L50, F|100\/100\n|turn|3\n|\n|t:|1701004287\n|-terastallize|p2a: Iron Hands|Grass\n|move|p1b: Ninetales|Moonblast|p2a: Iron Hands\n|-damage|p2a: Iron Hands|50\/100\n|-unboost|p2a: Iron Hands|spa|1\n|move|p2a: Iron Hands|Drain Punch|p1b: Ninetales\n|-damage|p1b: Ninetales|3\/100\n|-heal|p2a: Iron Hands|78\/100|[from] drain|[of] p1b: Ninetales\n|move|p1a: Cresselia|Trick Room|p1a: Cresselia\n|-fieldstart|move: Trick Room|[of] p1a: Cresselia\n|move|p2b: Cresselia|Trick Room|p2b: Cresselia\n|-fieldend|move: Trick Room\n|\n|-weather|Snow|[upkeep]\n|upkeep\n|turn|4\n|inactive|arieon has 30 seconds left.\n|inactive|Calogre has 30 seconds left.\n|inactive|Calogre has 20 seconds left.\n|\n|t:|1701004322\n|move|p2a: Iron Hands|Protect|p2a: Iron Hands\n|-singleturn|p2a: Iron Hands|Protect\n|move|p1b: Ninetales|Blizzard|p2a: Iron Hands|[spread] p2b\n|-activate|p2a: Iron Hands|move: Protect\n|-damage|p2b: Cresselia|83\/100\n|-status|p2b: Cresselia|frz\n|move|p1a: Cresselia|Psychic|p2a: Iron Hands\n|-activate|p2a: Iron Hands|move: Protect\n|cant|p2b: Cresselia|frz\n|\n|-weather|Snow|[upkeep]\n|upkeep\n|turn|5\n|\n|t:|1701004345\n|move|p1b: Ninetales|Blizzard|p2b: Cresselia|[spread] p2a,p2b\n|-supereffective|p2a: Iron Hands\n|-damage|p2a: Iron Hands|29\/100\n|-damage|p2b: Cresselia|67\/100 frz\n|move|p1a: Cresselia|Psychic|p2a: Iron Hands\n|-damage|p2a: Iron Hands|11\/100\n|move|p2a: Iron Hands|Drain Punch|p1b: Ninetales\n|-damage|p1b: Ninetales|0 fnt\n|-heal|p2a: Iron Hands|12\/100|[from] drain|[of] p1b: Ninetales\n|faint|p1b: Ninetales\n|cant|p2b: Cresselia|frz\n|\n|-weather|none\n|upkeep\n|\n|t:|1701004351\n|switch|p1b: Chi-Yu|Chi-Yu, L50|100\/100\n|-ability|p1b: Chi-Yu|Beads of Ruin\n|turn|6\n|\n|t:|1701004365\n|move|p2a: Iron Hands|Protect|p2a: Iron Hands\n|-singleturn|p2a: Iron Hands|Protect\n|move|p1b: Chi-Yu|Dark Pulse|p2b: Cresselia\n|-supereffective|p2b: Cresselia\n|-damage|p2b: Cresselia|0 fnt\n|faint|p2b: Cresselia\n|move|p1a: Cresselia|Psychic|p2a: Iron Hands\n|-activate|p2a: Iron Hands|move: Protect\n|\n|upkeep\n|\n|t:|1701004375\n|switch|p2b: Ursaluna|Ursaluna, L50, M|100\/100\n|turn|7\n|\n|t:|1701004380\n|move|p1a: Cresselia|Ally Switch|p1a: Cresselia\n|swap|p1a: Cresselia|1|[from] move: Ally Switch\n|move|p1a: Chi-Yu|Dark Pulse|p2a: Iron Hands\n|-damage|p2a: Iron Hands|0 fnt\n|faint|p2a: Iron Hands\n|-end|p2a: Iron Hands|Quark Drive|[silent]\n|move|p2b: Ursaluna|Earthquake|p1b: Cresselia|[spread] p1a\n|-immune|p1b: Cresselia|[from] ability: Levitate\n|-supereffective|p1a: Chi-Yu\n|-damage|p1a: Chi-Yu|8\/100\n|\n|-status|p2b: Ursaluna|brn|[from] item: Flame Orb\n|upkeep\n|turn|8\n|\n|t:|1701004397\n|move|p1a: Chi-Yu|Dark Pulse|p2b: Ursaluna\n|-damage|p2b: Ursaluna|22\/100 brn\n|move|p1b: Cresselia|Lunar Blessing|p1b: Cresselia|[spread] p1a,p1b\n|-heal|p1a: Chi-Yu|33\/100\n|-heal|p1b: Cresselia|66\/100\n|move|p2b: Ursaluna|Rock Slide|p1b: Cresselia|[spread] p1a,p1b\n|-supereffective|p1a: Chi-Yu\n|-damage|p1a: Chi-Yu|0 fnt\n|-damage|p1b: Cresselia|53\/100\n|faint|p1a: Chi-Yu\n|\n|-damage|p2b: Ursaluna|16\/100 brn|[from] brn\n|-sideend|p1: arieon|move: Aurora Veil\n|upkeep\n|\n|t:|1701004402\n|switch|p1a: Goodra|Goodra-Hisui, L50, M|100\/100\n|turn|9\n|-message|Calogre forfeited.\n|\n|win|arieon\n|raw|arieon's rating: 1512 &rarr; <strong>1537<\/strong><br \/>(+25 for winning)\n|raw|Calogre's rating: 1601 &rarr; <strong>1576<\/strong><br \/>(-25 for losing)\n|l|\u2606Calogre\n","uploadtime":1701004410,"views":9,"p1id":"arieon","p2id":"calogre","formatid":"gen9vgc2023regulatione","rating":1537,"private":0,"password":""}