{"id":"gen9vgc2023regulatione-1999722105","p1":"TrendanBrendan","p2":"Ryski51","format":"[Gen 9] VGC 2023 Regulation E","log":"|j|\u2606TrendanBrendan\n|j|\u2606Ryski51\n|t:|1701110907\n|gametype|doubles\n|player|p1|TrendanBrendan|elio|1261\n|player|p2|Ryski51|lance|1351\n|teamsize|p1|6\n|teamsize|p2|6\n|gen|9\n|tier|[Gen 9] VGC 2023 Regulation E\n|rated|\n|rule|Species Clause: Limit one of each Pok\u00e9mon\n|rule|Item Clause: Limit one of each item\n|clearpoke\n|poke|p1|Amoonguss, L50, M|\n|poke|p1|Heatran, L50, M|\n|poke|p1|Roaring Moon, L50|\n|poke|p1|Iron Hands, L50|\n|poke|p1|Flutter Mane, L50|\n|poke|p1|Landorus-Therian, L50, M|\n|poke|p2|Iron Hands, L50|\n|poke|p2|Roaring Moon, L50|\n|poke|p2|Sinistcha, L50|\n|poke|p2|Arcanine-Hisui, L50, F|\n|poke|p2|Palafin, L50, M|\n|poke|p2|Weezing, L50, F|\n|teampreview|4\nTrendanBrendan has agreed to open team sheets.\n|c|\u2606TrendanBrendan|glhf\nRyski51 has agreed to open team sheets.\n|c|\u2606TrendanBrendan|Does Ngas affect Palafin?\n|c|\u2606Ryski51|No\n|c|\u2606Ryski51|At least I don't think\n|c|\u2606Ryski51|I could be wrong\n|c|\u2606TrendanBrendan|I didn't think it did because it leaves the field\n|c|\u2606TrendanBrendan|I know Protosynthesis is still active lol\n|c|\u2606Ryski51|That's what I felt as well but perhaps I haven't actually attempted\n|c|\u2606Ryski51|correct\n|\n|t:|1701111056\n|start\n|switch|p1a: Roaring Moon|Roaring Moon, L50|100\/100\n|switch|p1b: Amoonguss|Amoonguss, L50, M|100\/100\n|switch|p2a: Arcanine|Arcanine-Hisui, L50, F, shiny|100\/100\n|switch|p2b: Palafin|Palafin, L50, M|100\/100\n|-ability|p2a: Arcanine|Intimidate|boost\n|-unboost|p1a: Roaring Moon|atk|1\n|-unboost|p1b: Amoonguss|atk|1\n|-enditem|p1a: Roaring Moon|Booster Energy\n|-activate|p1a: Roaring Moon|ability: Protosynthesis|[fromitem]\n|-start|p1a: Roaring Moon|protosynthesisspe\n|turn|1\n|\n|t:|1701111101\n|detailschange|p2b: Palafin|Palafin-Hero, L50, M\n|switch|p2b: Weezing|Weezing, L50, F, shiny|100\/100\n|-ability|p2b: Weezing|Neutralizing Gas\n|move|p1a: Roaring Moon|Knock Off|p2b: Weezing\n|-damage|p2b: Weezing|70\/100\n|-enditem|p2b: Weezing|Sitrus Berry|[from] move: Knock Off|[of] p1a: Roaring Moon\n|move|p2a: Arcanine|Rock Slide|p1a: Roaring Moon|[spread] p1b\n|-miss|p2a: Arcanine|p1a: Roaring Moon\n|-damage|p1b: Amoonguss|69\/100\n|move|p1b: Amoonguss|Spore|p2a: Arcanine\n|-status|p2a: Arcanine|slp|[from] move: Spore\n|\n|upkeep\n|turn|2\n|\n|t:|1701111157\n|-end|p2b: Weezing|ability: Neutralizing Gas\n|-ability|p2a: Arcanine|Intimidate|boost\n|-unboost|p1a: Roaring Moon|atk|1\n|-unboost|p1b: Amoonguss|atk|1\n|switch|p2b: Iron Hands|Iron Hands, L50|100\/100\n|switch|p1b: Landorus|Landorus-Therian, L50, M|100\/100\n|-ability|p1b: Landorus|Intimidate|boost\n|-unboost|p2a: Arcanine|atk|1\n|-unboost|p2b: Iron Hands|atk|1\n|move|p1a: Roaring Moon|Knock Off|p2a: Arcanine\n|-damage|p2a: Arcanine|66\/100 slp\n|-enditem|p2a: Arcanine|Choice Band|[from] move: Knock Off|[of] p1a: Roaring Moon\n|cant|p2a: Arcanine|slp\n|\n|upkeep\n|turn|3\n|\n|t:|1701111192\n|-end|p1a: Roaring Moon|Protosynthesis|[silent]\n|switch|p1a: Amoonguss|Amoonguss, L50, M|100\/100\n|-terastallize|p2a: Arcanine|Normal\n|move|p2b: Iron Hands|Fake Out|p1a: Amoonguss\n|-damage|p1a: Amoonguss|93\/100\n|-damage|p2b: Iron Hands|84\/100|[from] item: Rocky Helmet|[of] p1a: Amoonguss\n|cant|p2a: Arcanine|slp\n|move|p1b: Landorus|Stomping Tantrum|p2b: Iron Hands\n|-supereffective|p2b: Iron Hands\n|-damage|p2b: Iron Hands|38\/100\n|\n|upkeep\n|turn|4\n|\n|t:|1701111217\n|switch|p1b: Roaring Moon|Roaring Moon, L50|100\/100\n|-end|p2b: Iron Hands|Quark Drive|[silent]\n|switch|p2b: Weezing|Weezing, L50, F, shiny|70\/100\n|-ability|p2b: Weezing|Neutralizing Gas\n|move|p1a: Amoonguss|Rage Powder|p1a: Amoonguss\n|-singleturn|p1a: Amoonguss|move: Rage Powder\n|cant|p2a: Arcanine|slp\n|\n|upkeep\n|turn|5\n|\n|t:|1701111235\n|move|p1b: Roaring Moon|Breaking Swipe|p2a: Arcanine|[spread] p2a,p2b\n|-damage|p2a: Arcanine|35\/100 slp\n|-damage|p2b: Weezing|48\/100\n|-unboost|p2a: Arcanine|atk|1\n|-unboost|p2b: Weezing|atk|1\n|-curestatus|p2a: Arcanine|slp|[msg]\n|move|p2a: Arcanine|Flare Blitz|p1a: Amoonguss\n|-supereffective|p1a: Amoonguss\n|-damage|p1a: Amoonguss|46\/100\n|-damage|p2a: Arcanine|18\/100|[from] item: Rocky Helmet|[of] p1a: Amoonguss\n|-damage|p2a: Arcanine|0 fnt|[from] Recoil\n|faint|p2a: Arcanine\n|move|p2b: Weezing|Will-O-Wisp|p1b: Roaring Moon\n|-status|p1b: Roaring Moon|brn\n|move|p1a: Amoonguss|Spore|p2b: Weezing\n|-status|p2b: Weezing|slp|[from] move: Spore\n|\n|-damage|p1b: Roaring Moon|95\/100 brn|[from] brn\n|upkeep\n|\n|t:|1701111260\n|switch|p2a: Iron Hands|Iron Hands, L50|38\/100\n|turn|6\n|\n|t:|1701111279\n|switch|p1a: Landorus|Landorus-Therian, L50, M|100\/100\n|move|p1b: Roaring Moon|Knock Off|p2a: Iron Hands\n|-resisted|p2a: Iron Hands\n|-damage|p2a: Iron Hands|30\/100\n|-enditem|p2a: Iron Hands|Assault Vest|[from] move: Knock Off|[of] p1b: Roaring Moon\n|cant|p2b: Weezing|slp\n|move|p2a: Iron Hands|Drain Punch|p1b: Roaring Moon\n|-supereffective|p1b: Roaring Moon\n|-damage|p1b: Roaring Moon|0 fnt\n|-heal|p2a: Iron Hands|63\/100|[from] drain|[of] p1b: Roaring Moon\n|faint|p1b: Roaring Moon\n|-end|p1b: Roaring Moon|Protosynthesis|[silent]\n|\n|upkeep\n|\n|t:|1701111290\n|switch|p1b: Flutter Mane|Flutter Mane, L50|100\/100\n|turn|7\n|\n|t:|1701111306\n|-terastallize|p1b: Flutter Mane|Fairy\n|move|p1a: Landorus|Stomping Tantrum|p2a: Iron Hands\n|-supereffective|p2a: Iron Hands\n|-damage|p2a: Iron Hands|10\/100\n|move|p1b: Flutter Mane|Moonblast|p2a: Iron Hands\n|-supereffective|p2a: Iron Hands\n|-damage|p2a: Iron Hands|0 fnt\n|faint|p2a: Iron Hands\n|-end|p2a: Iron Hands|Quark Drive|[silent]\n|-curestatus|p2b: Weezing|slp|[msg]\n|move|p2b: Weezing|Will-O-Wisp|p1a: Landorus\n|-status|p1a: Landorus|brn\n|\n|-damage|p1a: Landorus|94\/100 brn|[from] brn\n|upkeep\n|\n|t:|1701111320\n|switch|p2a: Palafin|Palafin-Hero, L50, M|100\/100\n|-activate|p2a: Palafin|ability: Zero to Hero\n|turn|8\n|\n|t:|1701111336\n|move|p2b: Weezing|Protect|p2b: Weezing\n|-singleturn|p2b: Weezing|Protect\n|move|p1a: Landorus|Stomping Tantrum|p2a: Palafin\n|-damage|p2a: Palafin|81\/100\n|move|p1b: Flutter Mane|Moonblast|p2a: Palafin\n|-damage|p2a: Palafin|0 fnt\n|faint|p2a: Palafin\n|\n|-damage|p1a: Landorus|88\/100 brn|[from] brn\n|upkeep\n|turn|9\n|\n|t:|1701111347\n|move|p1a: Landorus|Stomping Tantrum|p2b: Weezing\n|-supereffective|p2b: Weezing\n|-damage|p2b: Weezing|13\/100\n|move|p1b: Flutter Mane|Moonblast|p2b: Weezing\n|-resisted|p2b: Weezing\n|-damage|p2b: Weezing|0 fnt\n|faint|p2b: Weezing\n|-end|p2b: Weezing|ability: Neutralizing Gas\n|\n|win|TrendanBrendan\n|raw|TrendanBrendan's rating: 1261 &rarr; <strong>1292<\/strong><br \/>(+31 for winning)\n|raw|Ryski51's rating: 1351 &rarr; <strong>1326<\/strong><br \/>(-25 for losing)\n|c|\u2606TrendanBrendan|gg\n|l|\u2606Ryski51\n","uploadtime":1701111358,"views":10,"p1id":"trendanbrendan","p2id":"ryski51","formatid":"gen9vgc2023regulatione","rating":1292,"private":0,"password":""}