{"id":"gen9vgc2023regulatione-1992100164","p1":"Aizen94","p2":"Mocha_04","format":"[Gen 9] VGC 2023 Regulation E","log":"|j|\u2606Aizen94\n|j|\u2606Mocha_04\n|t:|1700155094\n|gametype|doubles\n|player|p1|Aizen94|lucas|1417\n|player|p2|Mocha_04|1|1429\n|teamsize|p1|6\n|teamsize|p2|6\n|gen|9\n|tier|[Gen 9] VGC 2023 Regulation E\n|rated|\n|rule|Species Clause: Limit one of each Pok\u00e9mon\n|rule|Item Clause: Limit one of each item\n|clearpoke\n|poke|p1|Flutter Mane, L50|\n|poke|p1|Tornadus, L50, M|\n|poke|p1|Arcanine-Hisui, L50, M|\n|poke|p1|Ogerpon-Hearthflame, L50, F|\n|poke|p1|Iron Hands, L50|\n|poke|p1|Urshifu-*, L50, M|\n|poke|p2|Dondozo, L50, M|\n|poke|p2|Tatsugiri, L50, F|\n|poke|p2|Landorus-Therian, L50, M|\n|poke|p2|Glimmora, L50, F|\n|poke|p2|Zoroark-Hisui, L50, M|\n|poke|p2|Ogerpon-Hearthflame, L50, F|\n|teampreview|4\n|inactive|Battle timer is ON: inactive players will automatically lose when time's up. (requested by Aizen94)\n|inactive|Mocha_04 has 60 seconds left.\n|\n|t:|1700155131\n|start\n|switch|p1a: Tornadus|Tornadus, L50, M|100\/100\n|switch|p1b: Flutter Mane|Flutter Mane, L50|100\/100\n|switch|p2a: Tatsugiri|Tatsugiri, L50, F|100\/100\n|switch|p2b: Landorus|Landorus-Therian, L50, M|100\/100\n|-ability|p2b: Landorus|Intimidate|boost\n|-unboost|p1a: Tornadus|atk|1\n|-unboost|p1b: Flutter Mane|atk|1\n|-enditem|p1b: Flutter Mane|Booster Energy\n|-activate|p1b: Flutter Mane|ability: Protosynthesis|[fromitem]\n|-start|p1b: Flutter Mane|protosynthesisspa\n|turn|1\n|inactive|Aizen94 has 30 seconds left.\n|inactive|Mocha_04 has 30 seconds left.\n|\n|t:|1700155165\n|move|p2b: Landorus|Stomping Tantrum|p1b: Flutter Mane\n|-damage|p1b: Flutter Mane|19\/100\n|move|p1b: Flutter Mane|Dazzling Gleam|p2b: Landorus|[spread] p2a,p2b\n|-supereffective|p2a: Tatsugiri\n|-damage|p2a: Tatsugiri|0 fnt\n|-damage|p2b: Landorus|46\/100\n|faint|p2a: Tatsugiri\n|move|p1a: Tornadus|Icy Wind|p2b: Landorus\n|-supereffective|p2b: Landorus\n|-crit|p2b: Landorus\n|-damage|p2b: Landorus|0 fnt\n|faint|p2b: Landorus\n|\n|upkeep\n|\n|t:|1700155175\n|switch|p2a: Dondozo|Dondozo, L50, M|100\/100\n|switch|p2b: Ogerpon|Ogerpon-Hearthflame, L50, F|100\/100\n|-ability|p2b: Ogerpon|Mold Breaker\n|turn|2\n|\n|t:|1700155188\n|move|p2a: Dondozo|Protect|p2a: Dondozo\n|-singleturn|p2a: Dondozo|Protect\n|move|p1b: Flutter Mane|Moonblast|p2a: Dondozo\n|-activate|p2a: Dondozo|move: Protect\n|move|p2b: Ogerpon|Ivy Cudgel|p1b: Flutter Mane|[anim] Ivy Cudgel Fire\n|-damage|p1b: Flutter Mane|0 fnt\n|faint|p1b: Flutter Mane\n|-end|p1b: Flutter Mane|Protosynthesis|[silent]\n|move|p1a: Tornadus|Bleakwind Storm|p2a: Dondozo|[spread] p2b\n|-activate|p2a: Dondozo|move: Protect\n|-supereffective|p2b: Ogerpon\n|-damage|p2b: Ogerpon|11\/100\n|\n|upkeep\n|\n|t:|1700155203\n|switch|p1b: Arcanine|Arcanine-Hisui, L50, M|100\/100\n|-ability|p1b: Arcanine|Intimidate|boost\n|-unboost|p2a: Dondozo|atk|1\n|-unboost|p2b: Ogerpon|atk|1\n|turn|3\n|\n|t:|1700155226\n|-terastallize|p1b: Arcanine|Fairy\n|move|p2b: Ogerpon|Spiky Shield|p2b: Ogerpon\n|-singleturn|p2b: Ogerpon|move: Protect\n|move|p1b: Arcanine|Extreme Speed|p2b: Ogerpon\n|-activate|p2b: Ogerpon|move: Protect\n|-damage|p1b: Arcanine|88\/100|[from] Spiky Shield|[of] p2b: Ogerpon\n|move|p1a: Tornadus|Bleakwind Storm|p2b: Ogerpon|[spread] p2a\n|-activate|p2b: Ogerpon|move: Protect\n|-damage|p2a: Dondozo|65\/100\n|move|p2a: Dondozo|Earthquake|p1a: Tornadus|[spread] p1b\n|-activate|p2b: Ogerpon|move: Protect\n|-immune|p1a: Tornadus\n|-damage|p1b: Arcanine|73\/100\n|\n|-heal|p2a: Dondozo|71\/100|[from] item: Leftovers\n|upkeep\n|turn|4\n|\n|t:|1700155248\n|move|p2b: Ogerpon|Spiky Shield|p2b: Ogerpon\n|-singleturn|p2b: Ogerpon|move: Protect\n|move|p1b: Arcanine|Extreme Speed|p2b: Ogerpon\n|-activate|p2b: Ogerpon|move: Protect\n|-damage|p1b: Arcanine|60\/100|[from] Spiky Shield|[of] p2b: Ogerpon\n|move|p1a: Tornadus|Bleakwind Storm|p2a: Dondozo|[spread] p2a\n|-activate|p2b: Ogerpon|move: Protect\n|-damage|p2a: Dondozo|36\/100\n|move|p2a: Dondozo|Wave Crash|p1b: Arcanine\n|-damage|p1b: Arcanine|22\/100\n|-damage|p2a: Dondozo|27\/100|[from] Recoil\n|\n|-heal|p2a: Dondozo|33\/100|[from] item: Leftovers\n|upkeep\n|turn|5\n|inactive|Aizen94 has 30 seconds left.\n|c|\u2606Aizen94|Try triple protect \ud83d\ude02\n|c|\u2606Aizen94|Gg\n|\n|t:|1700155281\n|move|p2b: Ogerpon|Spiky Shield|p2b: Ogerpon\n|-singleturn|p2b: Ogerpon|move: Protect\n|move|p2a: Dondozo|Protect|p2a: Dondozo\n|-singleturn|p2a: Dondozo|Protect\n|move|p1b: Arcanine|Extreme Speed|p2b: Ogerpon\n|-activate|p2b: Ogerpon|move: Protect\n|-damage|p1b: Arcanine|9\/100|[from] Spiky Shield|[of] p2b: Ogerpon\n|move|p1a: Tornadus|Bleakwind Storm|p2b: Ogerpon|[spread] \n|-activate|p2a: Dondozo|move: Protect\n|-activate|p2b: Ogerpon|move: Protect\n|\n|-heal|p2a: Dondozo|39\/100|[from] item: Leftovers\n|upkeep\n|turn|6\n|\n|t:|1700155302\n|move|p2b: Ogerpon|Spiky Shield||[still]\n|-fail|p2b: Ogerpon\n|move|p1b: Arcanine|Extreme Speed|p2a: Dondozo\n|-damage|p2a: Dondozo|16\/100\n|move|p1a: Tornadus|Bleakwind Storm|p2a: Dondozo|[spread] p2a,p2b\n|-supereffective|p2b: Ogerpon\n|-damage|p2a: Dondozo|0 fnt\n|-damage|p2b: Ogerpon|0 fnt\n|faint|p2a: Dondozo\n|faint|p2b: Ogerpon\n|\n|win|Aizen94\n|raw|Aizen94's rating: 1417 &rarr; <strong>1438<\/strong><br \/>(+21 for winning)\n|raw|Mocha_04's rating: 1429 &rarr; <strong>1408<\/strong><br \/>(-21 for losing)\n|l|\u2606Mocha_04\n","uploadtime":1700155323,"views":11,"p1id":"aizen94","p2id":"mocha04","formatid":"gen9vgc2023regulatione","rating":1408,"private":0,"password":""}