{"id":"gen9vgc2023regulatione-1991351670","p1":"DSmith3GOD","p2":"Minimugs","format":"[Gen 9] VGC 2023 Regulation E","log":"|j|\u2606DSmith3GOD\n|j|\u2606Minimugs\n|t:|1700069933\n|gametype|doubles\n|player|p1|DSmith3GOD|cynthia-gen4|1138\n|player|p2|Minimugs|steven|1059\n|teamsize|p1|6\n|teamsize|p2|6\n|gen|9\n|tier|[Gen 9] VGC 2023 Regulation E\n|rated|\n|rule|Species Clause: Limit one of each Pok\u00e9mon\n|rule|Item Clause: Limit one of each item\n|clearpoke\n|poke|p1|Gholdengo, L50|\n|poke|p1|Salamence, L50, F|\n|poke|p1|Pelipper, L50, F|\n|poke|p1|Amoonguss, L50, F|\n|poke|p1|Iron Hands, L50|\n|poke|p1|Iron Bundle, L50|\n|poke|p2|Grimmsnarl, L50, M|\n|poke|p2|Iron Hands, L50|\n|poke|p2|Rillaboom, L50, F|\n|poke|p2|Munkidori, L50, M|\n|poke|p2|Gothitelle, L50, F|\n|poke|p2|Heatran, L50, M|\n|teampreview|4\n|inactive|Battle timer is ON: inactive players will automatically lose when time's up. (requested by Minimugs)\n|inactive|DSmith3GOD has 60 seconds left.\n|\n|t:|1700069988\n|start\n|switch|p1a: Iron Hands|Iron Hands, L50|100\/100\n|switch|p1b: Gholdengo|Gholdengo, L50|100\/100\n|switch|p2a: Iron Hands|Iron Hands, L50|100\/100\n|switch|p2b: Grimmsnarl|Grimmsnarl, L50, M|100\/100\n|turn|1\n|inactive|Minimugs has 30 seconds left.\n|\n|t:|1700070014\n|switch|p2b: Rillaboom|Rillaboom, L50, F|100\/100\n|move|p1a: Iron Hands|Fake Out|p2a: Iron Hands\n|-damage|p2a: Iron Hands|88\/100\n|cant|p2a: Iron Hands|flinch\n|move|p1b: Gholdengo|Nasty Plot|p1b: Gholdengo\n|-boost|p1b: Gholdengo|spa|2\n|\n|upkeep\n|turn|2\n|\n|t:|1700070029\n|-end|p1a: Iron Hands|Quark Drive|[silent]\n|switch|p1a: Amoonguss|Amoonguss, L50, F|100\/100\n|move|p1b: Gholdengo|Protect|p1b: Gholdengo\n|-singleturn|p1b: Gholdengo|Protect\n|move|p2b: Rillaboom|Fake Out|p1a: Amoonguss\n|-damage|p1a: Amoonguss|90\/100\n|move|p2a: Iron Hands|Volt Switch|p1b: Gholdengo\n|-activate|p1b: Gholdengo|move: Protect\n|\n|upkeep\n|turn|3\n|inactive|Minimugs has 30 seconds left.\n|inactive|Minimugs has 20 seconds left.\n|inactive|Minimugs has 15 seconds left.\n|\n|t:|1700070069\n|-terastallize|p2b: Rillaboom|Grass\n|move|p1b: Gholdengo|Nasty Plot|p1b: Gholdengo\n|-boost|p1b: Gholdengo|spa|2\n|move|p2b: Rillaboom|Drum Beating|p1b: Gholdengo\n|-resisted|p1b: Gholdengo\n|-damage|p1b: Gholdengo|70\/100\n|-unboost|p1b: Gholdengo|spe|1\n|move|p2a: Iron Hands|Wild Charge|p1b: Gholdengo\n|-damage|p1b: Gholdengo|13\/100\n|-damage|p2a: Iron Hands|77\/100|[from] Recoil\n|move|p1a: Amoonguss|Spore|p2a: Iron Hands\n|-status|p2a: Iron Hands|slp|[from] move: Spore\n|\n|-heal|p1b: Gholdengo|19\/100|[from] item: Leftovers\n|upkeep\n|turn|4\n|inactive|DSmith3GOD has 30 seconds left.\n|inactive|Minimugs has 30 seconds left.\n|\n|t:|1700070097\n|move|p1a: Amoonguss|Rage Powder|p1a: Amoonguss\n|-singleturn|p1a: Amoonguss|move: Rage Powder\n|move|p2b: Rillaboom|Drum Beating|p1b: Gholdengo\n|-resisted|p1b: Gholdengo\n|-damage|p1b: Gholdengo|0 fnt\n|faint|p1b: Gholdengo\n|cant|p2a: Iron Hands|slp\n|\n|upkeep\n|\n|t:|1700070108\n|switch|p1b: Salamence|Salamence, L50, F|100\/100\n|-ability|p1b: Salamence|Intimidate|boost\n|-unboost|p2a: Iron Hands|atk|1\n|-unboost|p2b: Rillaboom|atk|1\n|turn|5\n|\n|t:|1700070128\n|switch|p2b: Munkidori|Munkidori, L50, M|100\/100\n|-end|p2a: Iron Hands|Quark Drive|[silent]\n|switch|p2a: Grimmsnarl|Grimmsnarl, L50, M|100\/100\n|move|p1b: Salamence|Air Slash|p2b: Munkidori\n|-damage|p2b: Munkidori|56\/100\n|move|p1a: Amoonguss|Pollen Puff|p2b: Munkidori\n|-damage|p2b: Munkidori|35\/100\n|\n|-heal|p2b: Munkidori|42\/100|[from] item: Leftovers\n|upkeep\n|turn|6\n|inactive|Minimugs has 30 seconds left.\n|\n|t:|1700070154\n|move|p2b: Munkidori|Fake Out|p1a: Amoonguss\n|-damage|p1a: Amoonguss|85\/100\n|move|p2a: Grimmsnarl|Fake Out|p1b: Salamence\n|-damage|p1b: Salamence|85\/100\n|cant|p1b: Salamence|flinch\n|cant|p1a: Amoonguss|flinch\n|\n|-heal|p2b: Munkidori|48\/100|[from] item: Leftovers\n|upkeep\n|turn|7\n|\n|t:|1700070169\n|move|p2a: Grimmsnarl|Reflect|p2a: Grimmsnarl\n|-sidestart|p2: Minimugs|Reflect\n|move|p1b: Salamence|Air Slash|p2b: Munkidori\n|-damage|p2b: Munkidori|4\/100\n|move|p2b: Munkidori|Psychic|p1a: Amoonguss\n|-supereffective|p1a: Amoonguss\n|-damage|p1a: Amoonguss|0 fnt\n|faint|p1a: Amoonguss\n|\n|-heal|p2b: Munkidori|10\/100|[from] item: Leftovers\n|upkeep\n|\n|t:|1700070177\n|switch|p1a: Iron Hands|Iron Hands, L50|100\/100\n|turn|8\n|\n|t:|1700070187\n|move|p1a: Iron Hands|Fake Out|p2b: Munkidori\n|-damage|p2b: Munkidori|0 fnt\n|faint|p2b: Munkidori\n|move|p1b: Salamence|Air Slash|p2a: Grimmsnarl\n|-damage|p2a: Grimmsnarl|66\/100\n|move|p2a: Grimmsnarl|Spirit Break|p1b: Salamence\n|-supereffective|p1b: Salamence\n|-damage|p1b: Salamence|3\/100\n|-unboost|p1b: Salamence|spa|1\n|\n|upkeep\n|\n|t:|1700070198\n|switch|p2b: Rillaboom|Rillaboom, L50, F, tera:Grass|100\/100\n|turn|9\n|\n|t:|1700070207\n|move|p2b: Rillaboom|Fake Out|p1a: Iron Hands\n|-damage|p1a: Iron Hands|91\/100\n|move|p1b: Salamence|Air Slash|p2b: Rillaboom\n|-supereffective|p2b: Rillaboom\n|-damage|p2b: Rillaboom|50\/100\n|-enditem|p2b: Rillaboom|Sitrus Berry|[eat]\n|-heal|p2b: Rillaboom|75\/100|[from] item: Sitrus Berry\n|move|p2a: Grimmsnarl|Spirit Break|p1a: Iron Hands\n|-supereffective|p1a: Iron Hands\n|-damage|p1a: Iron Hands|46\/100\n|-unboost|p1a: Iron Hands|spa|1\n|cant|p1a: Iron Hands|flinch\n|\n|upkeep\n|turn|10\n|inactive|DSmith3GOD has 30 seconds left.\n|\n|t:|1700070237\n|switch|p2a: Iron Hands|Iron Hands, L50|77\/100 slp\n|-terastallize|p1b: Salamence|Flying\n|move|p1b: Salamence|Air Slash|p2b: Rillaboom\n|-supereffective|p2b: Rillaboom\n|-damage|p2b: Rillaboom|9\/100\n|cant|p2b: Rillaboom|flinch\n|move|p1a: Iron Hands|Heavy Slam|p2a: Iron Hands\n|-resisted|p2a: Iron Hands\n|-damage|p2a: Iron Hands|73\/100 slp\n|\n|upkeep\n|turn|11\n|\n|t:|1700070262\n|move|p2b: Rillaboom|Protect|p2b: Rillaboom\n|-singleturn|p2b: Rillaboom|Protect\n|cant|p2a: Iron Hands|slp\n|move|p1b: Salamence|Air Slash|p2b: Rillaboom\n|-activate|p2b: Rillaboom|move: Protect\n|move|p1a: Iron Hands|Drain Punch|p2a: Iron Hands\n|-damage|p2a: Iron Hands|52\/100 slp\n|-heal|p1a: Iron Hands|56\/100|[from] drain|[of] p2a: Iron Hands\n|\n|upkeep\n|turn|12\n|\n|t:|1700070279\n|move|p1b: Salamence|Air Slash|p2b: Rillaboom\n|-supereffective|p2b: Rillaboom\n|-damage|p2b: Rillaboom|0 fnt\n|faint|p2b: Rillaboom\n|move|p1a: Iron Hands|Drain Punch|p2a: Iron Hands\n|-damage|p2a: Iron Hands|30\/100 slp\n|-heal|p1a: Iron Hands|66\/100|[from] drain|[of] p2a: Iron Hands\n|-curestatus|p2a: Iron Hands|slp|[msg]\n|move|p2a: Iron Hands|Volt Switch|p1b: Salamence\n|-supereffective|p1b: Salamence\n|-damage|p1b: Salamence|0 fnt\n|faint|p1b: Salamence\n|\n|t:|1700070290\n|-end|p2a: Iron Hands|Quark Drive|[silent]\n|switch|p2a: Grimmsnarl|Grimmsnarl, L50, M|66\/100|[from] Volt Switch\n|\n|upkeep\n|\n|t:|1700070295\n|switch|p2b: Iron Hands|Iron Hands, L50|30\/100\n|turn|13\n|\n|t:|1700070305\n|move|p2b: Iron Hands|Fake Out|p1a: Iron Hands\n|-damage|p1a: Iron Hands|55\/100\n|move|p2a: Grimmsnarl|Spirit Break|p1a: Iron Hands\n|-supereffective|p1a: Iron Hands\n|-damage|p1a: Iron Hands|7\/100\n|-unboost|p1a: Iron Hands|spa|1\n|cant|p1a: Iron Hands|flinch\n|\n|upkeep\n|turn|14\n|\n|t:|1700070324\n|move|p2a: Grimmsnarl|Spirit Break|p1a: Iron Hands\n|-supereffective|p1a: Iron Hands\n|-damage|p1a: Iron Hands|0 fnt\n|faint|p1a: Iron Hands\n|-end|p1a: Iron Hands|Quark Drive|[silent]\n|\n|win|Minimugs\n|raw|DSmith3GOD's rating: 1138 &rarr; <strong>1107<\/strong><br \/>(-31 for losing)\n|raw|Minimugs's rating: 1059 &rarr; <strong>1097<\/strong><br \/>(+38 for winning)\n|l|\u2606DSmith3GOD\n","uploadtime":1700070331,"views":16,"p1id":"dsmith3god","p2id":"minimugs","formatid":"gen9vgc2023regulatione","rating":1097,"private":0,"password":""}