{"id":"gen9vgc2023regulatione-1988047352","p1":"DrSilv3r","p2":"YEAAAAAH","format":"[Gen 9] VGC 2023 Regulation E","log":"|j|\u2606DrSilv3r\n|j|\u2606YEAAAAAH\n|t:|1699663098\n|gametype|doubles\n|player|p1|DrSilv3r|steven|1163\n|player|p2|YEAAAAAH|ghetsis|1086\n|teamsize|p1|6\n|teamsize|p2|6\n|gen|9\n|tier|[Gen 9] VGC 2023 Regulation E\n|rated|\n|rule|Species Clause: Limit one of each Pok\u00e9mon\n|rule|Item Clause: Limit one of each item\n|clearpoke\n|poke|p1|Ursaluna, L50, M|\n|poke|p1|Maushold, L50|\n|poke|p1|Urshifu-*, L50, M|\n|poke|p1|Bruxish, L50, M|\n|poke|p1|Torkoal, L50, M|\n|poke|p1|Cresselia, L50, F|\n|poke|p2|Uxie, L50|\n|poke|p2|Clodsire, L50, F|\n|poke|p2|Milotic, L50, F|\n|poke|p2|Arboliva, L50, M|\n|poke|p2|Torkoal, L50, F|\n|poke|p2|Iron Hands, L50|\n|teampreview|4\n|\n|t:|1699663111\n|start\n|switch|p1a: Maushold|Maushold, L50|100\/100\n|switch|p1b: Bruxish|Bruxish, L50, M|100\/100\n|switch|p2a: Uxie|Uxie, L50, shiny|100\/100\n|switch|p2b: Iron Hands|Iron Hands, L50, shiny|100\/100\n|turn|1\n|\n|t:|1699663130\n|move|p2b: Iron Hands|Fake Out||[still]\n|cant|p1b: Bruxish|ability: Dazzling|Fake Out|[of] p2b: Iron Hands\n|move|p1a: Maushold|U-turn|p2b: Iron Hands\n|-resisted|p2b: Iron Hands\n|-damage|p2b: Iron Hands|96\/100\n|\n|t:|1699663135\n|switch|p1a: Torkoal|Torkoal, L50, M|100\/100|[from] U-turn\n|-weather|SunnyDay|[from] ability: Drought|[of] p1a: Torkoal\n|move|p1b: Bruxish|Trick Room|p1b: Bruxish\n|-fieldstart|move: Trick Room|[of] p1b: Bruxish\n|move|p2a: Uxie|Trick Room|p2a: Uxie\n|-fieldend|move: Trick Room\n|\n|-weather|SunnyDay|[upkeep]\n|upkeep\n|turn|2\n|\n|t:|1699663165\n|-terastallize|p1a: Torkoal|Fire\n|move|p1b: Bruxish|Aqua Jet|p1a: Torkoal\n|-supereffective|p1a: Torkoal\n|-damage|p1a: Torkoal|87\/100\n|-enditem|p1a: Torkoal|Weakness Policy\n|-boost|p1a: Torkoal|atk|2|[from] item: Weakness Policy\n|-boost|p1a: Torkoal|spa|2|[from] item: Weakness Policy\n|move|p2a: Uxie|Stealth Rock|p1a: Torkoal\n|-sidestart|p1: DrSilv3r|move: Stealth Rock\n|move|p2b: Iron Hands|Earthquake|p1a: Torkoal|[spread] p1a,p1b\n|-immune|p2a: Uxie|[from] ability: Levitate\n|-supereffective|p1a: Torkoal\n|-damage|p1a: Torkoal|42\/100\n|-damage|p1b: Bruxish|57\/100\n|move|p1a: Torkoal|Eruption|p2b: Iron Hands|[spread] p2a,p2b\n|-damage|p2a: Uxie|43\/100\n|-damage|p2b: Iron Hands|44\/100\n|\n|-weather|SunnyDay|[upkeep]\n|upkeep\n|turn|3\n|\n|t:|1699663203\n|move|p1b: Bruxish|Psychic Fangs|p2b: Iron Hands\n|-supereffective|p2b: Iron Hands\n|-damage|p2b: Iron Hands|0 fnt\n|faint|p2b: Iron Hands\n|-end|p2b: Iron Hands|Quark Drive|[silent]\n|move|p2a: Uxie|Mystical Power|p1b: Bruxish|[miss]\n|-miss|p2a: Uxie|p1b: Bruxish\n|move|p1a: Torkoal|Eruption|p2a: Uxie\n|-damage|p2a: Uxie|0 fnt\n|faint|p2a: Uxie\n|\n|-weather|SunnyDay|[upkeep]\n|upkeep\n|\n|t:|1699663216\n|switch|p2a: Arboliva|Arboliva, L50, M, shiny|100\/100\n|switch|p2b: Torkoal|Torkoal, L50, F, shiny|100\/100\n|turn|4\n|\n|t:|1699663230\n|-terastallize|p2a: Arboliva|Water\n|move|p1b: Bruxish|Psychic Fangs|p2a: Arboliva\n|-damage|p2a: Arboliva|63\/100\n|move|p2a: Arboliva|Leech Seed|p1b: Bruxish\n|-start|p1b: Bruxish|move: Leech Seed\n|move|p1a: Torkoal|Eruption|p2a: Arboliva|[spread] p2a,p2b\n|-resisted|p2a: Arboliva\n|-resisted|p2b: Torkoal\n|-damage|p2a: Arboliva|27\/100\n|-damage|p2b: Torkoal|46\/100\n|-enditem|p2a: Arboliva|Sitrus Berry|[eat]\n|-heal|p2a: Arboliva|52\/100|[from] item: Sitrus Berry\n|move|p2b: Torkoal|Earth Power|p1a: Torkoal\n|-supereffective|p1a: Torkoal\n|-damage|p1a: Torkoal|0 fnt\n|faint|p1a: Torkoal\n|\n|-weather|SunnyDay|[upkeep]\n|-damage|p1b: Bruxish|45\/100|[from] Leech Seed|[of] p2a: Arboliva\n|-heal|p2a: Arboliva|63\/100|[silent]\n|-item|p2a: Arboliva|Sitrus Berry|[from] ability: Harvest\n|upkeep\n|\n|t:|1699663251\n|switch|p1a: Maushold|Maushold, L50|100\/100\n|-damage|p1a: Maushold|88\/100|[from] Stealth Rock\n|turn|5\n|\n|t:|1699663269\n|move|p2a: Arboliva|Protect|p2a: Arboliva\n|-singleturn|p2a: Arboliva|Protect\n|move|p1a: Maushold|Population Bomb|p2a: Arboliva\n|-activate|p2a: Arboliva|move: Protect\n|move|p1b: Bruxish|Wave Crash|p2b: Torkoal\n|-supereffective|p2b: Torkoal\n|-damage|p2b: Torkoal|4\/100\n|-damage|p1b: Bruxish|29\/100|[from] item: Rocky Helmet|[of] p2b: Torkoal\n|-damage|p1b: Bruxish|15\/100|[from] Recoil\n|move|p2b: Torkoal|Solar Beam||[still]\n|-prepare|p2b: Torkoal|Solar Beam\n|-anim|p2b: Torkoal|Solar Beam|p1a: Maushold\n|-crit|p1a: Maushold\n|-damage|p1a: Maushold|8\/100\n|\n|-weather|none\n|-damage|p1b: Bruxish|3\/100|[from] Leech Seed|[of] p2a: Arboliva\n|-heal|p2a: Arboliva|75\/100|[silent]\n|upkeep\n|turn|6\n|\n|t:|1699663291\n|move|p2b: Torkoal|Protect|p2b: Torkoal\n|-singleturn|p2b: Torkoal|Protect\n|move|p1b: Bruxish|Aqua Jet|p2b: Torkoal\n|-activate|p2b: Torkoal|move: Protect\n|move|p1a: Maushold|Population Bomb|p2a: Arboliva\n|-damage|p2a: Arboliva|66\/100\n|-damage|p2a: Arboliva|58\/100\n|-damage|p2a: Arboliva|50\/100\n|-enditem|p2a: Arboliva|Sitrus Berry|[eat]\n|-heal|p2a: Arboliva|75\/100|[from] item: Sitrus Berry\n|-crit|p2a: Arboliva\n|-damage|p2a: Arboliva|60\/100\n|-damage|p2a: Arboliva|51\/100\n|-crit|p2a: Arboliva\n|-damage|p2a: Arboliva|38\/100\n|-damage|p2a: Arboliva|30\/100\n|-damage|p2a: Arboliva|20\/100\n|-damage|p2a: Arboliva|11\/100\n|-damage|p2a: Arboliva|3\/100\n|-hitcount|p2a: Arboliva|10\n|move|p2a: Arboliva|Pollen Puff|p2b: Torkoal\n|-activate|p2b: Torkoal|move: Protect\n|\n|-damage|p1b: Bruxish|0 fnt|[from] Leech Seed|[of] p2a: Arboliva\n|-heal|p2a: Arboliva|5\/100|[silent]\n|faint|p1b: Bruxish\n|-item|p2a: Arboliva|Sitrus Berry|[from] ability: Harvest\n|upkeep\n|-enditem|p2a: Arboliva|Sitrus Berry|[eat]\n|-heal|p2a: Arboliva|30\/100|[from] item: Sitrus Berry\n|\n|t:|1699663320\n|switch|p1b: Ursaluna|Ursaluna, L50, M|100\/100\n|-damage|p1b: Ursaluna|95\/100|[from] Stealth Rock\n|turn|7\n|\n|t:|1699663335\n|move|p2a: Arboliva|Protect|p2a: Arboliva\n|-singleturn|p2a: Arboliva|Protect\n|move|p1a: Maushold|Population Bomb|p2a: Arboliva\n|-activate|p2a: Arboliva|move: Protect\n|move|p1b: Ursaluna|Earthquake|p2a: Arboliva|[spread] p1a,p2b\n|-activate|p2a: Arboliva|move: Protect\n|-supereffective|p2b: Torkoal\n|-damage|p1a: Maushold|0 fnt\n|-damage|p2b: Torkoal|0 fnt\n|faint|p1a: Maushold\n|faint|p2b: Torkoal\n|\n|-status|p1b: Ursaluna|brn|[from] item: Flame Orb\n|upkeep\n|turn|8\n|\n|t:|1699663352\n|move|p1b: Ursaluna|Facade|p2a: Arboliva\n|-damage|p2a: Arboliva|0 fnt\n|faint|p2a: Arboliva\n|\n|win|DrSilv3r\n|raw|DrSilv3r's rating: 1163 &rarr; <strong>1183<\/strong><br \/>(+20 for winning)\n|raw|YEAAAAAH's rating: 1086 &rarr; <strong>1068<\/strong><br \/>(-18 for losing)\n|l|\u2606YEAAAAAH\n","uploadtime":1699663366,"views":14,"p1id":"drsilv3r","p2id":"yeaaaaah","formatid":"gen9vgc2023regulatione","rating":1068,"private":0,"password":""}