{"id":"gen9vgc2023regulatione-1991785501","p1":"Goodron","p2":"tyranitrev","format":"[Gen 9] VGC 2023 Regulation E","log":"|j|\u2606Goodron\n|j|\u2606tyranitrev\n|t:|1700116925\n|gametype|doubles\n|player|p1|Goodron|alder|1233\n|player|p2|tyranitrev|170|1266\n|teamsize|p1|6\n|teamsize|p2|6\n|gen|9\n|tier|[Gen 9] VGC 2023 Regulation E\n|rated|\n|rule|Species Clause: Limit one of each Pok\u00e9mon\n|rule|Item Clause: Limit one of each item\n|clearpoke\n|poke|p1|Sinistcha-Masterpiece, L50|\n|poke|p1|Rotom-Wash, L50|\n|poke|p1|Tyranitar, L50, M|\n|poke|p1|Tornadus, L50, M|\n|poke|p1|Scizor, L50, F|\n|poke|p1|Gliscor, L50, F|\n|poke|p2|Gholdengo, L50|\n|poke|p2|Iron Hands, L50|\n|poke|p2|Amoonguss, L50, F|\n|poke|p2|Iron Bundle, L50|\n|poke|p2|Pelipper, L50, M|\n|poke|p2|Salamence, L50, M|\n|teampreview|4\n|inactive|Battle timer is ON: inactive players will automatically lose when time's up. (requested by Goodron)\n|inactive|tyranitrev has 60 seconds left.\n|inactive|tyranitrev has 30 seconds left.\n|inactive|tyranitrev has 20 seconds left.\n|inactive|tyranitrev has 15 seconds left.\n|\n|t:|1700117007\n|start\n|switch|p1a: Tornadus|Tornadus, L50, M, shiny|100\/100\n|switch|p1b: Rotom|Rotom-Wash, L50, shiny|100\/100\n|switch|p2a: Salamence|Salamence, L50, M|100\/100\n|switch|p2b: Iron Bundle|Iron Bundle, L50|100\/100\n|-ability|p2a: Salamence|Intimidate|boost\n|-unboost|p1a: Tornadus|atk|1\n|-unboost|p1b: Rotom|atk|1\n|-enditem|p2b: Iron Bundle|Booster Energy\n|-activate|p2b: Iron Bundle|ability: Quark Drive|[fromitem]\n|-start|p2b: Iron Bundle|quarkdrivespe\n|turn|1\n|inactive|Goodron has 30 seconds left.\n|inactive|tyranitrev has 30 seconds left.\n|inactive|Goodron has 20 seconds left.\n|inactive|tyranitrev has 20 seconds left.\n|inactive|Goodron has 15 seconds left.\n|inactive|tyranitrev has 15 seconds left.\n|inactive|Goodron has 10 seconds left.\n|inactive|Goodron has 5 seconds left.\n|\n|t:|1700117061\n|switch|p1b: Sinistcha|Sinistcha-Masterpiece, L50, shiny|100\/100\n|move|p2b: Iron Bundle|Protect|p2b: Iron Bundle\n|-singleturn|p2b: Iron Bundle|Protect\n|move|p2a: Salamence|Draco Meteor|p1b: Sinistcha|[miss]\n|-miss|p2a: Salamence|p1b: Sinistcha\n|move|p1a: Tornadus|Bleakwind Storm|p2a: Salamence|[spread] p2a\n|-activate|p2b: Iron Bundle|move: Protect\n|-damage|p2a: Salamence|56\/100\n|\n|upkeep\n|turn|2\n|inactive|Goodron has 30 seconds left.\n|inactive|tyranitrev has 30 seconds left.\n|\n|t:|1700117094\n|switch|p2a: Gholdengo|Gholdengo, L50|100\/100\n|switch|p1b: Rotom|Rotom-Wash, L50, shiny|100\/100\n|move|p2b: Iron Bundle|Icy Wind|p1b: Rotom|[spread] p1a,p1b\n|-supereffective|p1a: Tornadus\n|-crit|p1a: Tornadus\n|-resisted|p1b: Rotom\n|-crit|p1b: Rotom\n|-damage|p1a: Tornadus|26\/100\n|-damage|p1b: Rotom|84\/100\n|-unboost|p1b: Rotom|spe|1\n|move|p1a: Tornadus|Bleakwind Storm|p2a: Gholdengo|[spread] p2a,p2b\n|-resisted|p2a: Gholdengo\n|-damage|p2a: Gholdengo|80\/100\n|-damage|p2b: Iron Bundle|51\/100\n|\n|-heal|p2a: Gholdengo|86\/100|[from] item: Leftovers\n|upkeep\n|turn|3\n|inactive|Goodron has 30 seconds left.\n|inactive|tyranitrev has 30 seconds left.\n|inactive|tyranitrev has 20 seconds left.\n|inactive|tyranitrev has 15 seconds left.\n|inactive|tyranitrev has 10 seconds left.\n|\n|t:|1700117144\n|move|p2b: Iron Bundle|Freeze-Dry|p1b: Rotom\n|-supereffective|p1b: Rotom\n|-damage|p1b: Rotom|6\/100\n|-enditem|p1b: Rotom|Aguav Berry|[eat]\n|-heal|p1b: Rotom|39\/100|[from] item: Aguav Berry\n|move|p1a: Tornadus|Bleakwind Storm|p2b: Iron Bundle|[spread] p2a,p2b\n|-resisted|p2a: Gholdengo\n|-damage|p2a: Gholdengo|68\/100\n|-damage|p2b: Iron Bundle|0 fnt\n|faint|p2b: Iron Bundle\n|-end|p2b: Iron Bundle|Quark Drive|[silent]\n|move|p2a: Gholdengo|Nasty Plot|p2a: Gholdengo\n|-boost|p2a: Gholdengo|spa|2\n|move|p1b: Rotom|Discharge|p2a: Gholdengo|[spread] p1a,p2a\n|-supereffective|p1a: Tornadus\n|-damage|p1a: Tornadus|0 fnt\n|-damage|p2a: Gholdengo|41\/100\n|-status|p2a: Gholdengo|par\n|faint|p1a: Tornadus\n|\n|-heal|p2a: Gholdengo|47\/100 par|[from] item: Leftovers\n|upkeep\n|inactive|tyranitrev has 30 seconds left.\n|\n|t:|1700117179\n|switch|p1a: Sinistcha|Sinistcha-Masterpiece, L50, shiny|100\/100\n|switch|p2b: Salamence|Salamence, L50, M|56\/100\n|-ability|p2b: Salamence|Intimidate|boost\n|-unboost|p1a: Sinistcha|atk|1\n|-unboost|p1b: Rotom|atk|1\n|-heal|p1b: Rotom|64\/100|[from] ability: Hospitality|[of] p1a: Sinistcha\n|turn|4\n|inactive|Goodron has 30 seconds left.\n|inactive|tyranitrev has 30 seconds left.\n|\n|t:|1700117213\n|move|p2a: Gholdengo|Protect|p2a: Gholdengo\n|-singleturn|p2a: Gholdengo|Protect\n|move|p2b: Salamence|Air Slash|p1a: Sinistcha\n|-supereffective|p1a: Sinistcha\n|-damage|p1a: Sinistcha|40\/100\n|move|p1b: Rotom|Discharge|p2a: Gholdengo|[spread] p1a,p2b\n|-activate|p2a: Gholdengo|move: Protect\n|-resisted|p1a: Sinistcha\n|-damage|p1a: Sinistcha|29\/100\n|-damage|p2b: Salamence|23\/100\n|-status|p1a: Sinistcha|par\n|move|p1a: Sinistcha|Trick Room|p1a: Sinistcha\n|-fieldstart|move: Trick Room|[of] p1a: Sinistcha\n|\n|-heal|p2a: Gholdengo|53\/100 par|[from] item: Leftovers\n|upkeep\n|turn|5\n|inactive|Goodron has 30 seconds left.\n|inactive|tyranitrev has 30 seconds left.\n|inactive|tyranitrev has 20 seconds left.\n|inactive|tyranitrev has 15 seconds left.\n|inactive|tyranitrev has 10 seconds left.\n|\n|t:|1700117259\n|switch|p2b: Amoonguss|Amoonguss, L50, F|100\/100\n|cant|p1a: Sinistcha|par\n|move|p2a: Gholdengo|Make It Rain|p1a: Sinistcha|[spread] p1a,p1b\n|-resisted|p1b: Rotom\n|-damage|p1a: Sinistcha|0 fnt\n|-damage|p1b: Rotom|32\/100\n|-unboost|p2a: Gholdengo|spa|1\n|faint|p1a: Sinistcha\n|move|p1b: Rotom|Hydro Pump|p2a: Gholdengo\n|-damage|p2a: Gholdengo|5\/100 par\n|\n|-heal|p2a: Gholdengo|11\/100 par|[from] item: Leftovers\n|upkeep\n|\n|t:|1700117273\n|switch|p1a: Gliscor|Gliscor, L50, F, shiny|100\/100\n|-enditem|p1a: Gliscor|Room Service\n|-unboost|p1a: Gliscor|spe|1|[from] item: Room Service\n|turn|6\n|inactive|tyranitrev has 30 seconds left.\n|inactive|tyranitrev has 20 seconds left.\n|inactive|tyranitrev has 15 seconds left.\n|inactive|tyranitrev has 10 seconds left.\n|\n|t:|1700117318\n|move|p2b: Amoonguss|Pollen Puff|p2a: Gholdengo\n|-heal|p2a: Gholdengo|61\/100 par\n|cant|p2a: Gholdengo|par\n|move|p1a: Gliscor|Acrobatics|p2b: Amoonguss\n|-supereffective|p2b: Amoonguss\n|-damage|p2b: Amoonguss|27\/100\n|-enditem|p2b: Amoonguss|Sitrus Berry|[eat]\n|-heal|p2b: Amoonguss|52\/100|[from] item: Sitrus Berry\n|move|p1b: Rotom|Discharge|p2a: Gholdengo|[spread] p2a,p2b\n|-immune|p1a: Gliscor\n|-resisted|p2b: Amoonguss\n|-damage|p2a: Gholdengo|33\/100 par\n|-damage|p2b: Amoonguss|40\/100\n|\n|-heal|p2a: Gholdengo|39\/100 par|[from] item: Leftovers\n|upkeep\n|turn|7\n|inactive|Goodron has 30 seconds left.\n|inactive|tyranitrev has 30 seconds left.\n|inactive|tyranitrev has 20 seconds left.\n|inactive|tyranitrev has 15 seconds left.\n|\n|t:|1700117361\n|move|p1b: Rotom|Protect|p1b: Rotom\n|-singleturn|p1b: Rotom|Protect\n|move|p2b: Amoonguss|Spore|p1a: Gliscor\n|-status|p1a: Gliscor|slp|[from] move: Spore\n|move|p2a: Gholdengo|Make It Rain|p1b: Rotom|[spread] p1a\n|-activate|p1b: Rotom|move: Protect\n|-damage|p1a: Gliscor|16\/100 slp\n|-unboost|p2a: Gholdengo|spa|1\n|cant|p1a: Gliscor|slp\n|\n|-heal|p2a: Gholdengo|45\/100 par|[from] item: Leftovers\n|upkeep\n|turn|8\n|\n|t:|1700117381\n|move|p2b: Amoonguss|Pollen Puff|p2a: Gholdengo\n|-heal|p2a: Gholdengo|95\/100 par\n|move|p2a: Gholdengo|Make It Rain|p1b: Rotom|[spread] p1a,p1b\n|-resisted|p1b: Rotom\n|-damage|p1a: Gliscor|0 fnt\n|-damage|p1b: Rotom|17\/100\n|-unboost|p2a: Gholdengo|spa|1\n|faint|p1a: Gliscor\n|move|p1b: Rotom|Discharge|p2b: Amoonguss|[spread] p2a,p2b\n|-resisted|p2b: Amoonguss\n|-damage|p2a: Gholdengo|67\/100 par\n|-damage|p2b: Amoonguss|27\/100\n|-status|p2b: Amoonguss|par\n|\n|-heal|p2a: Gholdengo|73\/100 par|[from] item: Leftovers\n|-fieldend|move: Trick Room\n|upkeep\n|turn|9\n|-message|Goodron forfeited.\n|\n|win|tyranitrev\n|raw|Goodron's rating: 1233 &rarr; <strong>1210<\/strong><br \/>(-23 for losing)\n|raw|tyranitrev's rating: 1266 &rarr; <strong>1289<\/strong><br \/>(+23 for winning)\n|l|\u2606Goodron\n","uploadtime":1700117404,"views":18,"p1id":"goodron","p2id":"tyranitrev","formatid":"gen9vgc2023regulatione","rating":1210,"private":0,"password":""}