{"id":"gen9vgc2023regulatione-1995261608","p1":"FallenEmperor6","p2":"Cinderlace","format":"[Gen 9] VGC 2023 Regulation E","log":"|j|\u2606FallenEmperor6\n|j|\u2606Cinderlace\n|t:|1700542988\n|gametype|doubles\n|player|p1|FallenEmperor6|ghetsis|\n|player|p2|Cinderlace|ingo|\n|teamsize|p1|6\n|teamsize|p2|6\n|gen|9\n|tier|[Gen 9] VGC 2023 Regulation E\n|rule|Species Clause: Limit one of each Pok\u00e9mon\n|rule|Item Clause: Limit one of each item\n|clearpoke\n|poke|p1|Ogerpon-Hearthflame, L50, F|\n|poke|p1|Iron Hands, L50|\n|poke|p1|Flutter Mane, L50|\n|poke|p1|Chi-Yu, L50|\n|poke|p1|Amoonguss, L50, M|\n|poke|p1|Tornadus, L50, M|\n|poke|p2|Roaring Moon, L50|\n|poke|p2|Flutter Mane, L50|\n|poke|p2|Armarouge, L50, M|\n|poke|p2|Great Tusk, L50|\n|poke|p2|Ogerpon, L50, F|\n|poke|p2|Indeedee-F, L50, F|\n|teampreview|4\n|c|\u2606Cinderlace|glhf\n|\n|t:|1700543034\n|start\n|switch|p1a: Chi-Yu|Chi-Yu, L50|100\/100\n|switch|p1b: Iron Hands|Iron Hands, L50|100\/100\n|switch|p2a: Armarouge|Armarouge, L50, M, shiny|100\/100\n|switch|p2b: Great Tusk|Great Tusk, L50, shiny|100\/100\n|-ability|p1a: Chi-Yu|Beads of Ruin\n|turn|1\n|inactive|Battle timer is ON: inactive players will automatically lose when time's up. (requested by Cinderlace)\n|inactive|Cinderlace has 60 seconds left.\n|\n|t:|1700543084\n|move|p2a: Armarouge|Protect|p2a: Armarouge\n|-singleturn|p2a: Armarouge|Protect\n|move|p1b: Iron Hands|Fake Out|p2b: Great Tusk\n|-damage|p2b: Great Tusk|88\/100\n|move|p1a: Chi-Yu|Dark Pulse|p2a: Armarouge\n|-activate|p2a: Armarouge|move: Protect\n|cant|p2b: Great Tusk|flinch\n|\n|upkeep\n|turn|2\n|inactive|FallenEmperor6 has 30 seconds left.\n|inactive|FallenEmperor6 has 20 seconds left.\n|\n|t:|1700543122\n|switch|p1a: Tornadus|Tornadus, L50, M, shiny|100\/100\n|switch|p2a: Ogerpon|Ogerpon, L50, F|100\/100\n|move|p2b: Great Tusk|Earthquake|p1a: Tornadus|[spread] p2a,p1b\n|-immune|p1a: Tornadus\n|-resisted|p2a: Ogerpon\n|-supereffective|p1b: Iron Hands\n|-damage|p2a: Ogerpon|78\/100\n|-damage|p1b: Iron Hands|47\/100\n|move|p1b: Iron Hands|Drain Punch|p2b: Great Tusk\n|-damage|p2b: Great Tusk|55\/100\n|-heal|p1b: Iron Hands|60\/100|[from] drain|[of] p2b: Great Tusk\n|\n|upkeep\n|turn|3\n|inactive|FallenEmperor6 has 30 seconds left.\n|inactive|Cinderlace has 30 seconds left.\n|\n|t:|1700543154\n|move|p1a: Tornadus|Bleakwind Storm|p2a: Ogerpon|[spread] p2a,p2b\n|-supereffective|p2a: Ogerpon\n|-supereffective|p2b: Great Tusk\n|-damage|p2a: Ogerpon|17\/100\n|-damage|p2b: Great Tusk|6\/100\n|-unboost|p2b: Great Tusk|spe|1\n|move|p2a: Ogerpon|Ivy Cudgel|p1b: Iron Hands\n|-damage|p1b: Iron Hands|28\/100\n|move|p2b: Great Tusk|Rock Slide|p1a: Tornadus|[spread] p1a,p1b\n|-supereffective|p1a: Tornadus\n|-resisted|p1b: Iron Hands\n|-damage|p1a: Tornadus|48\/100\n|-damage|p1b: Iron Hands|20\/100\n|cant|p1b: Iron Hands|flinch\n|\n|upkeep\n|turn|4\n|inactive|FallenEmperor6 has 30 seconds left.\n|\n|t:|1700543183\n|move|p1a: Tornadus|Tailwind|p1a: Tornadus\n|-sidestart|p1: FallenEmperor6|move: Tailwind\n|move|p2a: Ogerpon|Knock Off|p1a: Tornadus\n|-damage|p1a: Tornadus|3\/100\n|-enditem|p1a: Tornadus|Covert Cloak|[from] move: Knock Off|[of] p2a: Ogerpon\n|move|p1b: Iron Hands|Drain Punch|p2a: Ogerpon\n|-damage|p2a: Ogerpon|0 fnt\n|-heal|p1b: Iron Hands|26\/100|[from] drain|[of] p2a: Ogerpon\n|faint|p2a: Ogerpon\n|move|p2b: Great Tusk|Rock Slide|p1b: Iron Hands|[spread] p1b\n|-miss|p2b: Great Tusk|p1a: Tornadus\n|-resisted|p1b: Iron Hands\n|-crit|p1b: Iron Hands\n|-damage|p1b: Iron Hands|16\/100\n|\n|upkeep\n|\n|t:|1700543192\n|switch|p2a: Indeedee|Indeedee-F, L50, F, shiny|100\/100\n|-fieldstart|move: Psychic Terrain|[from] ability: Psychic Surge|[of] p2a: Indeedee\n|-enditem|p2a: Indeedee|Psychic Seed\n|-boost|p2a: Indeedee|spd|1|[from] item: Psychic Seed\n|turn|5\n|inactive|FallenEmperor6 has 30 seconds left.\n|\n|t:|1700543226\n|move|p1a: Tornadus|Taunt|p2a: Indeedee\n|-activate|p2a: Indeedee|move: Psychic Terrain\n|move|p1b: Iron Hands|Heavy Slam|p2a: Indeedee\n|-damage|p2a: Indeedee|53\/100\n|move|p2a: Indeedee|Dazzling Gleam|p1b: Iron Hands|[spread] p1a,p1b\n|-supereffective|p1b: Iron Hands\n|-damage|p1a: Tornadus|0 fnt\n|-damage|p1b: Iron Hands|0 fnt\n|faint|p1a: Tornadus\n|faint|p1b: Iron Hands\n|-end|p1b: Iron Hands|Quark Drive|[silent]\n|move|p2b: Great Tusk|Rock Slide|p1: Tornadus|[notarget]\n|-fail|p2b: Great Tusk\n|\n|upkeep\n|\n|t:|1700543240\n|switch|p1a: Flutter Mane|Flutter Mane, L50|100\/100\n|switch|p1b: Chi-Yu|Chi-Yu, L50|100\/100\n|-ability|p1b: Chi-Yu|Beads of Ruin\n|turn|6\n|inactive|Cinderlace has 30 seconds left.\n|\n|t:|1700543273\n|-terastallize|p1a: Flutter Mane|Fairy\n|move|p1a: Flutter Mane|Dazzling Gleam|p2b: Great Tusk|[spread] p2a,p2b\n|-supereffective|p2b: Great Tusk\n|-damage|p2a: Indeedee|10\/100\n|-damage|p2b: Great Tusk|0 fnt\n|faint|p2b: Great Tusk\n|-end|p2b: Great Tusk|Protosynthesis|[silent]\n|move|p1b: Chi-Yu|Nasty Plot|p1b: Chi-Yu\n|-boost|p1b: Chi-Yu|spa|2\n|move|p2a: Indeedee|Dazzling Gleam|p1b: Chi-Yu|[spread] p1a,p1b\n|-damage|p1a: Flutter Mane|83\/100\n|-damage|p1b: Chi-Yu|84\/100\n|\n|upkeep\n|\n|t:|1700543284\n|switch|p2b: Armarouge|Armarouge, L50, M, shiny|100\/100\n|turn|7\n|\n|t:|1700543297\n|move|p2b: Armarouge|Endure|p2b: Armarouge\n|-singleturn|p2b: Armarouge|move: Endure\n|move|p1a: Flutter Mane|Dazzling Gleam|p2b: Armarouge|[spread] p2a,p2b\n|-resisted|p2b: Armarouge\n|-damage|p2a: Indeedee|0 fnt\n|-damage|p2b: Armarouge|59\/100\n|faint|p2a: Indeedee\n|move|p1b: Chi-Yu|Dark Pulse|p2b: Armarouge\n|-supereffective|p2b: Armarouge\n|-activate|p2b: Armarouge|move: Endure\n|-damage|p2b: Armarouge|1\/100\n|-enditem|p2b: Armarouge|Weakness Policy\n|-boost|p2b: Armarouge|atk|2|[from] item: Weakness Policy\n|-boost|p2b: Armarouge|spa|2|[from] item: Weakness Policy\n|-damage|p1b: Chi-Yu|74\/100|[from] item: Life Orb\n|\n|-sideend|p1: FallenEmperor6|move: Tailwind\n|upkeep\n|turn|8\n|inactive|Cinderlace has 30 seconds left.\n|\n|t:|1700543326\n|move|p1a: Flutter Mane|Dazzling Gleam|p2b: Armarouge\n|-resisted|p2b: Armarouge\n|-damage|p2b: Armarouge|0 fnt\n|faint|p2b: Armarouge\n|\n|win|FallenEmperor6\n|c|\u2606FallenEmperor6|gg\n|c|\u2606Cinderlace|gg\n","uploadtime":1700543340,"views":19,"p1id":"fallenemperor6","p2id":"cinderlace","formatid":"gen9vgc2023regulatione","rating":0,"private":0,"password":""}