{"id":"gen9vgc2023regulatione-1992051972","p1":"ScarsonaVGC","p2":"NikyuAlex","format":"[Gen 9] VGC 2023 Regulation E","log":"|j|\u2606ScarsonaVGC\n|j|\u2606NikyuAlex\n|n|\u2606ScarsonaVGC|scarsonavgc\n|n|\u2606NikyuAlex|nikyualex\n|html|View the match progress at <a href=\"\/game-bestof3-gen9vgc2023regulatione-1992045475\">game-bestof3-gen9vgc2023regulatione-1992045475<\/a>\n|t:|1700151047\n|gametype|doubles\n|player|p1|ScarsonaVGC|swimmerf-gen4|\n|player|p2|NikyuAlex|steven|\n|teamsize|p1|6\n|teamsize|p2|6\n|gen|9\n|tier|[Gen 9] VGC 2023 Regulation E\n|rule|Species Clause: Limit one of each Pok\u00e9mon\n|rule|Item Clause: Limit one of each item\n|clearpoke\n|poke|p1|Roaring Moon, L50|\n|poke|p1|Ninetales-Alola, L50, F|\n|poke|p1|Milotic, L50, F|\n|poke|p1|Iron Hands, L50|\n|poke|p1|Landorus-Therian, L50, M|\n|poke|p1|Sinistcha-Masterpiece, L50|\n|poke|p2|Landorus-Therian, L50, M|\n|poke|p2|Flutter Mane, L50|\n|poke|p2|Heatran, L50, F|\n|poke|p2|Iron Hands, L50|\n|poke|p2|Amoonguss, L50, M|\n|poke|p2|Chien-Pao, L50|\n|teampreview|4\n|c|\u2606NikyuAlex|gl hf\nNikyuAlex has agreed to open team sheets.\nScarsonaVGC has agreed to open team sheets.\n|showteam|p1|Roaring Moon||BoosterEnergy|Protosynthesis|Protect,Acrobatics,ThroatChop,Tailwind||||||50|,,,,,Flying]Ninetales-Alola||LightClay|SnowWarning|FreezeDry,Moonblast,AuroraVeil,Protect|||F|||50|,,,,,Ghost]Milotic||Leftovers|Competitive|Scald,Haze,IceBeam,Protect|||F|||50|,,,,,Grass]Iron Hands||AssaultVest|QuarkDrive|FakeOut,DrainPunch,WildCharge,HeavySlam||||||50|,,,,,Dragon]Landorus-Therian||ChoiceScarf|Intimidate|TeraBlast,StompingTantrum,RockSlide,Uturn|||M|||50|,,,,,Flying]Sinistcha-Masterpiece||RockyHelmet|Hospitality|RagePowder,MatchaGotcha,TrickRoom,StrengthSap||||||50|,,,,,Grass\n|showteam|p2|Landorus-Therian||ChoiceScarf|Intimidate|StompingTantrum,TeraBlast,Uturn,RockSlide|||M|||50|,,,,,Flying]Flutter Mane||ChoiceSpecs|Protosynthesis|Moonblast,PowerGem,ShadowBall,DazzlingGleam||||||50|,,,,,Fairy]Heatran||Leftovers|FlashFire|HeatWave,WillOWisp,EarthPower,Protect|||F|||50|,,,,,Grass]Iron Hands||AssaultVest|QuarkDrive|DrainPunch,WildCharge,HeavySlam,FakeOut||||||50|,,,,,Poison]Amoonguss||RockyHelmet|Regenerator|PollenPuff,RagePowder,Spore,ClearSmog|||M|||50|,,,,,Water]Chien-Pao||FocusSash|SwordofRuin|IceSpinner,SuckerPunch,SacredSword,Protect||||||50|,,,,,Fire\n|c|\u2606ScarsonaVGC|cuoricino di nuovo\n|c|\u2606NikyuAlex|<3\n|\n|t:|1700151101\n|start\n|switch|p1a: Ninetales|Ninetales-Alola, L50, F|100\/100\n|switch|p1b: Landorus|Landorus-Therian, L50, M|100\/100\n|switch|p2a: Iron Hands|Iron Hands, L50|100\/100\n|switch|p2b: Heatran|Heatran, L50, F|100\/100\n|-ability|p1b: Landorus|Intimidate|boost\n|-unboost|p2a: Iron Hands|atk|1\n|-unboost|p2b: Heatran|atk|1\n|-weather|Snow|[from] ability: Snow Warning|[of] p1a: Ninetales\n|turn|1\n|\n|t:|1700151132\n|switch|p1b: Sinistcha|Sinistcha-Masterpiece, L50|100\/100\n|move|p2a: Iron Hands|Fake Out|p1b: Sinistcha\n|-immune|p1b: Sinistcha\n|move|p1a: Ninetales|Aurora Veil|p1a: Ninetales\n|-sidestart|p1: ScarsonaVGC|move: Aurora Veil\n|move|p2b: Heatran|Will-O-Wisp|p1b: Sinistcha\n|-status|p1b: Sinistcha|brn\n|\n|-weather|Snow|[upkeep]\n|-damage|p1b: Sinistcha|95\/100 brn|[from] brn\n|upkeep\n|turn|2\n|\n|t:|1700151171\n|switch|p1a: Landorus|Landorus-Therian, L50, M|100\/100\n|-ability|p1a: Landorus|Intimidate|boost\n|-unboost|p2a: Iron Hands|atk|1\n|-unboost|p2b: Heatran|atk|1\n|move|p2b: Heatran|Heat Wave|p1a: Landorus|[spread] p1a,p1b\n|-supereffective|p1b: Sinistcha\n|-damage|p1a: Landorus|69\/100\n|-damage|p1b: Sinistcha|47\/100 brn\n|-status|p1a: Landorus|brn\n|move|p1b: Sinistcha|Strength Sap|p2a: Iron Hands\n|-unboost|p2a: Iron Hands|atk|1\n|-heal|p1b: Sinistcha|100\/100 brn\n|move|p2a: Iron Hands|Heavy Slam|p1a: Landorus\n|-damage|p1a: Landorus|57\/100 brn\n|\n|-weather|Snow|[upkeep]\n|-damage|p1a: Landorus|51\/100 brn|[from] brn\n|-damage|p1b: Sinistcha|95\/100 brn|[from] brn\n|upkeep\n|turn|3\n|c|\u2606ScarsonaVGC|gnooo\n|c|\u2606NikyuAlex|chiedo venia\n|c|\u2606ScarsonaVGC|momento piantino\n|\n|t:|1700151234\n|-end|p2a: Iron Hands|Quark Drive|[silent]\n|switch|p2a: Landorus|Landorus-Therian, L50, M|100\/100\n|-ability|p2a: Landorus|Intimidate|boost\n|-unboost|p1a: Landorus|atk|1\n|-unboost|p1b: Sinistcha|atk|1\n|move|p2b: Heatran|Protect|p2b: Heatran\n|-singleturn|p2b: Heatran|Protect\n|move|p1a: Landorus|U-turn|p2b: Heatran\n|-activate|p2b: Heatran|move: Protect\n|move|p1b: Sinistcha|Strength Sap|p2a: Landorus\n|-unboost|p2a: Landorus|atk|1\n|-heal|p1b: Sinistcha|100\/100 brn\n|\n|-weather|Snow|[upkeep]\n|-damage|p1a: Landorus|45\/100 brn|[from] brn\n|-damage|p1b: Sinistcha|95\/100 brn|[from] brn\n|upkeep\n|turn|4\n|\n|t:|1700151252\n|move|p2a: Landorus|U-turn|p1a: Landorus\n|-resisted|p1a: Landorus\n|-damage|p1a: Landorus|39\/100 brn\n|\n|t:|1700151255\n|switch|p2a: Iron Hands|Iron Hands, L50|100\/100|[from] U-turn\n|move|p1a: Landorus|U-turn|p2a: Iron Hands\n|-resisted|p2a: Iron Hands\n|-damage|p2a: Iron Hands|97\/100\n|\n|t:|1700151279\n|switch|p1a: Ninetales|Ninetales-Alola, L50, F|100\/100|[from] U-turn\n|move|p2b: Heatran|Heat Wave|p1b: Sinistcha|[spread] p1a,p1b\n|-supereffective|p1a: Ninetales\n|-supereffective|p1b: Sinistcha\n|-damage|p1a: Ninetales|45\/100\n|-damage|p1b: Sinistcha|51\/100 brn\n|move|p1b: Sinistcha|Strength Sap|p2a: Iron Hands\n|-unboost|p2a: Iron Hands|atk|1\n|-heal|p1b: Sinistcha|100\/100 brn\n|\n|-weather|Snow|[upkeep]\n|-damage|p1b: Sinistcha|95\/100 brn|[from] brn\n|upkeep\n|turn|5\n|\n|t:|1700151302\n|-end|p2a: Iron Hands|Quark Drive|[silent]\n|switch|p2a: Flutter Mane|Flutter Mane, L50|100\/100\n|-terastallize|p1a: Ninetales|Ghost\n|move|p1a: Ninetales|Moonblast|p2a: Flutter Mane\n|-damage|p2a: Flutter Mane|76\/100\n|-unboost|p2a: Flutter Mane|spa|1\n|move|p2b: Heatran|Heat Wave|p1b: Sinistcha|[spread] p1b\n|-miss|p2b: Heatran|p1a: Ninetales\n|-supereffective|p1b: Sinistcha\n|-damage|p1b: Sinistcha|46\/100 brn\n|move|p1b: Sinistcha|Matcha Gotcha|p2b: Heatran|[spread] p2a,p2b\n|-resisted|p2b: Heatran\n|-damage|p2a: Flutter Mane|52\/100\n|-heal|p1b: Sinistcha|56\/100 brn|[from] drain|[of] p2a: Flutter Mane\n|-damage|p2b: Heatran|95\/100\n|-heal|p1b: Sinistcha|59\/100 brn|[from] drain|[of] p2b: Heatran\n|\n|-weather|none\n|-heal|p2b: Heatran|100\/100|[from] item: Leftovers\n|-damage|p1b: Sinistcha|53\/100 brn|[from] brn\n|upkeep\n|turn|6\n|\n|t:|1700151337\n|move|p1b: Sinistcha|Rage Powder|p1b: Sinistcha\n|-singleturn|p1b: Sinistcha|move: Rage Powder\n|move|p2a: Flutter Mane|Shadow Ball|p1b: Sinistcha\n|-supereffective|p1b: Sinistcha\n|-damage|p1b: Sinistcha|0 fnt\n|faint|p1b: Sinistcha\n|move|p1a: Ninetales|Moonblast|p2a: Flutter Mane\n|-damage|p2a: Flutter Mane|25\/100\n|move|p2b: Heatran|Heat Wave|p1a: Ninetales\n|-damage|p1a: Ninetales|8\/100\n|\n|upkeep\n|\n|t:|1700151344\n|switch|p1b: Landorus|Landorus-Therian, L50, M|39\/100 brn\n|-ability|p1b: Landorus|Intimidate|boost\n|-unboost|p2a: Flutter Mane|atk|1\n|-unboost|p2b: Heatran|atk|1\n|turn|7\n|\n|t:|1700151359\n|-end|p2a: Flutter Mane|Protosynthesis|[silent]\n|switch|p2a: Iron Hands|Iron Hands, L50|97\/100\n|move|p1a: Ninetales|Protect|p1a: Ninetales\n|-singleturn|p1a: Ninetales|Protect\n|move|p2b: Heatran|Protect|p2b: Heatran\n|-singleturn|p2b: Heatran|Protect\n|move|p1b: Landorus|Rock Slide|p2a: Iron Hands|[spread] p2a\n|-activate|p2b: Heatran|move: Protect\n|-resisted|p2a: Iron Hands\n|-damage|p2a: Iron Hands|93\/100\n|\n|-damage|p1b: Landorus|33\/100 brn|[from] brn\n|upkeep\n|turn|8\n|c|\u2606ScarsonaVGC|vabbe non ne sto azzeccando una ahahahaha\n|\n|t:|1700151390\n|move|p1b: Landorus|Rock Slide|p2b: Heatran|[spread] p2a,p2b\n|-resisted|p2a: Iron Hands\n|-crit|p2b: Heatran\n|-damage|p2a: Iron Hands|89\/100\n|-damage|p2b: Heatran|87\/100\n|move|p1a: Ninetales|Moonblast|p2a: Iron Hands\n|-supereffective|p2a: Iron Hands\n|-damage|p2a: Iron Hands|62\/100\n|-unboost|p2a: Iron Hands|spa|1\n|cant|p2b: Heatran|flinch\n|move|p2a: Iron Hands|Drain Punch|p1a: Ninetales\n|-immune|p1a: Ninetales\n|\n|-heal|p2b: Heatran|94\/100|[from] item: Leftovers\n|-damage|p1b: Landorus|27\/100 brn|[from] brn\n|-sideend|p1: ScarsonaVGC|move: Aurora Veil\n|upkeep\n|turn|9\n|\n|t:|1700151410\n|-end|p2a: Iron Hands|Quark Drive|[silent]\n|switch|p2a: Landorus|Landorus-Therian, L50, M|100\/100\n|-ability|p2a: Landorus|Intimidate|boost\n|-unboost|p1a: Ninetales|atk|1\n|-unboost|p1b: Landorus|atk|1\n|move|p1b: Landorus|Rock Slide|p2b: Heatran|[spread] p2a,p2b\n|-crit|p2a: Landorus\n|-damage|p2a: Landorus|83\/100\n|-damage|p2b: Heatran|87\/100\n|move|p1a: Ninetales|Moonblast|p2a: Landorus\n|-damage|p2a: Landorus|48\/100\n|cant|p2b: Heatran|flinch\n|\n|-heal|p2b: Heatran|93\/100|[from] item: Leftovers\n|-damage|p1b: Landorus|22\/100 brn|[from] brn\n|upkeep\n|turn|10\n|\n|t:|1700151437\n|move|p1a: Ninetales|Protect|p1a: Ninetales\n|-singleturn|p1a: Ninetales|Protect\n|move|p2a: Landorus|U-turn|p1a: Ninetales\n|-activate|p1a: Ninetales|move: Protect\n|move|p1b: Landorus|Rock Slide|p2a: Landorus|[spread] p2a,p2b\n|-damage|p2a: Landorus|40\/100\n|-damage|p2b: Heatran|87\/100\n|cant|p2b: Heatran|flinch\n|\n|-heal|p2b: Heatran|93\/100|[from] item: Leftovers\n|-damage|p1b: Landorus|16\/100 brn|[from] brn\n|upkeep\n|turn|11\n|\n|t:|1700151461\n|move|p2a: Landorus|U-turn|p1b: Landorus\n|-resisted|p1b: Landorus\n|-damage|p1b: Landorus|1\/100 brn\n|\n|t:|1700151469\n|switch|p2a: Iron Hands|Iron Hands, L50|62\/100|[from] U-turn\n|move|p1b: Landorus|Rock Slide|p2b: Heatran|[spread] p2a,p2b\n|-resisted|p2a: Iron Hands\n|-damage|p2a: Iron Hands|60\/100\n|-damage|p2b: Heatran|87\/100\n|move|p1a: Ninetales|Moonblast|p2a: Iron Hands\n|-supereffective|p2a: Iron Hands\n|-damage|p2a: Iron Hands|33\/100\n|-unboost|p2a: Iron Hands|spa|1\n|move|p2b: Heatran|Heat Wave|p1b: Landorus|[spread] p1a,p1b\n|-damage|p1a: Ninetales|0 fnt\n|-damage|p1b: Landorus|0 fnt\n|faint|p1a: Ninetales\n|faint|p1b: Landorus\n|\n|-heal|p2b: Heatran|94\/100|[from] item: Leftovers\n|upkeep\n|\n|t:|1700151483\n|switch|p1b: Milotic|Milotic, L50, F|100\/100\n|turn|12\n|\n|t:|1700151490\n|switch|p2b: Flutter Mane|Flutter Mane, L50|25\/100\n|move|p2a: Iron Hands|Fake Out|p1b: Milotic\n|-damage|p1b: Milotic|86\/100\n|cant|p1b: Milotic|flinch\n|\n|-heal|p1b: Milotic|92\/100|[from] item: Leftovers\n|upkeep\n|turn|13\n|\n|t:|1700151501\n|-terastallize|p2b: Flutter Mane|Fairy\n|move|p2b: Flutter Mane|Moonblast|p1b: Milotic\n|-damage|p1b: Milotic|21\/100\n|move|p1b: Milotic|Scald|p2a: Iron Hands\n|-damage|p2a: Iron Hands|16\/100\n|move|p2a: Iron Hands|Wild Charge|p1b: Milotic\n|-supereffective|p1b: Milotic\n|-damage|p1b: Milotic|0 fnt\n|faint|p1b: Milotic\n|-damage|p2a: Iron Hands|12\/100|[from] Recoil\n|\n|win|NikyuAlex\n|c|\u2606NikyuAlex|gg\n|c|\u2606ScarsonaVGC|gg maestro\n|c|\u2606ScarsonaVGC|posti te i replay?\n","uploadtime":1700151621,"views":10,"p1id":"scarsonavgc","p2id":"nikyualex","formatid":"gen9vgc2023regulatione","rating":0,"private":0,"password":""}