{"id":"gen9vgc2023regulatione-2000055110","p1":"GobranTester","p2":"Tilzy","format":"[Gen 9] VGC 2023 Regulation E","log":"|j|\u2606GobranTester\n|j|\u2606Tilzy\n|t:|1701146921\n|gametype|doubles\n|player|p1|GobranTester|101|1541\n|player|p2|Tilzy|2|1608\n|teamsize|p1|6\n|teamsize|p2|6\n|gen|9\n|tier|[Gen 9] VGC 2023 Regulation E\n|rated|\n|rule|Species Clause: Limit one of each Pok\u00e9mon\n|rule|Item Clause: Limit one of each item\n|clearpoke\n|poke|p1|Urshifu-*, L50, F|\n|poke|p1|Ninetales, L50, M|\n|poke|p1|Flutter Mane, L50|\n|poke|p1|Murkrow, L50, F|\n|poke|p1|Rillaboom, L50, F|\n|poke|p1|Ogerpon-Hearthflame, L50, F|\n|poke|p2|Tornadus, L50, M|\n|poke|p2|Urshifu-*, L50, F|\n|poke|p2|Rillaboom, L50, M|\n|poke|p2|Gholdengo, L50|\n|poke|p2|Arcanine-Hisui, L50, F|\n|poke|p2|Regidrago, L50|\n|teampreview|4\nTilzy has agreed to open team sheets.\nGobranTester has agreed to open team sheets.\n|\n|t:|1701146985\n|start\n|switch|p1a: Murkrow|Murkrow, L50, F|100\/100\n|switch|p1b: Urshifu|Urshifu, L50, F|100\/100\n|switch|p2a: Tornadus|Tornadus, L50, M, shiny|100\/100\n|switch|p2b: Urshifu|Urshifu-Rapid-Strike, L50, F|100\/100\n|turn|1\n|\n|t:|1701147012\n|move|p2a: Tornadus|Tailwind|p2a: Tornadus\n|-sidestart|p2: Tilzy|move: Tailwind\n|move|p1a: Murkrow|Quash|p2b: Urshifu\n|-activate|p2b: Urshifu|move: Quash\n|move|p1b: Urshifu|Close Combat|p2b: Urshifu\n|-crit|p2b: Urshifu\n|-damage|p2b: Urshifu|0 fnt\n|-unboost|p1b: Urshifu|def|1\n|-unboost|p1b: Urshifu|spd|1\n|faint|p2b: Urshifu\n|\n|upkeep\n|\n|t:|1701147036\n|switch|p2b: Arcanine|Arcanine-Hisui, L50, F|100\/100\n|-ability|p2b: Arcanine|Intimidate|boost\n|-unboost|p1a: Murkrow|atk|1\n|-unboost|p1b: Urshifu|atk|1\n|turn|2\n|\n|t:|1701147052\n|switch|p1b: Ninetales|Ninetales, L50, M|100\/100\n|-weather|SunnyDay|[from] ability: Drought|[of] p1b: Ninetales\n|-terastallize|p2b: Arcanine|Fairy\n|move|p1a: Murkrow|Tailwind|p1a: Murkrow\n|-sidestart|p1: GobranTester|move: Tailwind\n|move|p2a: Tornadus|Bleakwind Storm|p1a: Murkrow|[spread] p1a,p1b\n|-damage|p1a: Murkrow|12\/100\n|-damage|p1b: Ninetales|59\/100\n|-unboost|p1a: Murkrow|spe|1\n|move|p2b: Arcanine|Rock Slide|p1a: Murkrow|[spread] p1a\n|-miss|p2b: Arcanine|p1b: Ninetales\n|-supereffective|p1a: Murkrow\n|-crit|p1a: Murkrow\n|-damage|p1a: Murkrow|0 fnt\n|faint|p1a: Murkrow\n|\n|-weather|SunnyDay|[upkeep]\n|upkeep\n|\n|t:|1701147072\n|switch|p1a: Flutter Mane|Flutter Mane, L50|100\/100\n|-activate|p1a: Flutter Mane|ability: Protosynthesis\n|-start|p1a: Flutter Mane|protosynthesisspa\n|turn|3\n|\n|t:|1701147078\n|-terastallize|p1a: Flutter Mane|Fairy\n|move|p1b: Ninetales|Helping Hand|p1a: Flutter Mane\n|-singleturn|p1a: Flutter Mane|Helping Hand|[of] p1b: Ninetales\n|move|p1a: Flutter Mane|Dazzling Gleam|p2b: Arcanine|[spread] p2a,p2b\n|-enditem|p2a: Tornadus|Focus Sash\n|-damage|p2a: Tornadus|1\/100\n|-damage|p2b: Arcanine|0 fnt\n|faint|p2b: Arcanine\n|move|p2a: Tornadus|Bleakwind Storm|p1a: Flutter Mane|[spread] p1a,p1b\n|-crit|p1a: Flutter Mane\n|-crit|p1b: Ninetales\n|-damage|p1a: Flutter Mane|35\/100\n|-damage|p1b: Ninetales|0 fnt\n|faint|p1b: Ninetales\n|\n|-weather|SunnyDay|[upkeep]\n|upkeep\n|\n|t:|1701147093\n|switch|p1b: Urshifu|Urshifu, L50, F|100\/100\n|switch|p2b: Gholdengo|Gholdengo, L50|100\/100\n|turn|4\n|\n|t:|1701147109\n|move|p2a: Tornadus|Rain Dance|p2a: Tornadus\n|-weather|RainDance\n|-end|p1a: Flutter Mane|Protosynthesis\n|move|p1a: Flutter Mane|Dazzling Gleam|p2b: Gholdengo|[spread] p2a,p2b\n|-resisted|p2b: Gholdengo\n|-damage|p2a: Tornadus|0 fnt\n|-damage|p2b: Gholdengo|60\/100\n|faint|p2a: Tornadus\n|move|p2b: Gholdengo|Dazzling Gleam|p1a: Flutter Mane|[spread] p1a,p1b\n|-supereffective|p1b: Urshifu\n|-damage|p1a: Flutter Mane|4\/100\n|-damage|p1b: Urshifu|0 fnt\n|faint|p1b: Urshifu\n|\n|-weather|RainDance|[upkeep]\n|-sideend|p2: Tilzy|move: Tailwind\n|upkeep\n|turn|5\n|\n|t:|1701147128\n|move|p1a: Flutter Mane|Dazzling Gleam|p2b: Gholdengo\n|-resisted|p2b: Gholdengo\n|-damage|p2b: Gholdengo|7\/100\n|move|p2b: Gholdengo|Dazzling Gleam|p1a: Flutter Mane\n|-damage|p1a: Flutter Mane|0 fnt\n|faint|p1a: Flutter Mane\n|-end|p1a: Flutter Mane|Protosynthesis|[silent]\n|\n|win|Tilzy\n|raw|GobranTester's rating: 1541 &rarr; <strong>1525<\/strong><br \/>(-16 for losing)\n|raw|Tilzy's rating: 1608 &rarr; <strong>1624<\/strong><br \/>(+16 for winning)\n|l|\u2606GobranTester\n","uploadtime":1701147144,"views":23,"p1id":"gobrantester","p2id":"tilzy","formatid":"gen9vgc2023regulatione","rating":1525,"private":0,"password":""}