{"id":"gen9vgc2023regulatione-1993860559","p1":"number86","p2":"PunkRockObstagoon","format":"[Gen 9] VGC 2023 Regulation E","log":"|j|\u2606number86\n|j|\u2606PunkRockObstagoon\n|t:|1700366502\n|gametype|doubles\n|player|p1|number86|266|1476\n|player|p2|PunkRockObstagoon|hilbert|1411\n|teamsize|p1|6\n|teamsize|p2|6\n|gen|9\n|tier|[Gen 9] VGC 2023 Regulation E\n|rated|\n|rule|Species Clause: Limit one of each Pok\u00e9mon\n|rule|Item Clause: Limit one of each item\n|clearpoke\n|poke|p1|Milotic, L50, F|\n|poke|p1|Ninetales-Alola, L50, F|\n|poke|p1|Heatran, L50, M|\n|poke|p1|Landorus-Therian, L50, M|\n|poke|p1|Iron Hands, L50|\n|poke|p1|Amoonguss, L50, F|\n|poke|p2|Spinarak, L50, M|\n|poke|p2|Tatsugiri-Droopy, L50, M|\n|poke|p2|Urshifu-*, L50, M|\n|poke|p2|Lurantis, L50, F|\n|poke|p2|Armarouge, L50, M|\n|poke|p2|Farigiraf, L50, F|\n|teampreview|4\n|inactive|Battle timer is ON: inactive players will automatically lose when time's up. (requested by PunkRockObstagoon)\n|\n|t:|1700366527\n|start\n|switch|p1a: Amoonguss|Amoonguss, L50, F|100\/100\n|switch|p1b: Heatran|Heatran, L50, M|100\/100\n|switch|p2a: Lurantis|Lurantis, L50, F|100\/100\n|switch|p2b: Armarouge|Armarouge, L50, M|100\/100\n|turn|1\n|\n|t:|1700366541\n|-terastallize|p1a: Amoonguss|Dark\n|move|p1b: Heatran|Protect|p1b: Heatran\n|-singleturn|p1b: Heatran|Protect\n|move|p2b: Armarouge|Wide Guard|p2b: Armarouge\n|-singleturn|p2b: Armarouge|Wide Guard\n|move|p1a: Amoonguss|Spore|p2b: Armarouge\n|-activate|p2b: Armarouge|item: Safety Goggles|Spore\n|move|p2a: Lurantis|Superpower|p1b: Heatran\n|-activate|p1b: Heatran|move: Protect\n|\n|upkeep\n|turn|2\n|inactive|PunkRockObstagoon has 30 seconds left.\n|\n|t:|1700366568\n|switch|p1b: Iron Hands|Iron Hands, L50|100\/100\n|move|p2a: Lurantis|Superpower|p1b: Iron Hands\n|-damage|p1b: Iron Hands|75\/100\n|-boost|p2a: Lurantis|atk|1\n|-boost|p2a: Lurantis|def|1\n|move|p1a: Amoonguss|Pollen Puff|p2a: Lurantis\n|-supereffective|p2a: Lurantis\n|-damage|p2a: Lurantis|73\/100\n|move|p2b: Armarouge|Trick Room|p2b: Armarouge\n|-fieldstart|move: Trick Room|[of] p2b: Armarouge\n|\n|upkeep\n|turn|3\n|\n|t:|1700366587\n|move|p1a: Amoonguss|Pollen Puff|p2a: Lurantis\n|-supereffective|p2a: Lurantis\n|-damage|p2a: Lurantis|46\/100\n|move|p2a: Lurantis|Superpower|p1a: Amoonguss\n|-supereffective|p1a: Amoonguss\n|-damage|p1a: Amoonguss|6\/100\n|-boost|p2a: Lurantis|atk|1\n|-boost|p2a: Lurantis|def|1\n|-damage|p2a: Lurantis|30\/100|[from] item: Rocky Helmet|[of] p1a: Amoonguss\n|move|p2b: Armarouge|Heat Wave|p1b: Iron Hands|[spread] p1a,p1b\n|-damage|p1a: Amoonguss|0 fnt\n|-damage|p1b: Iron Hands|56\/100\n|faint|p1a: Amoonguss\n|move|p1b: Iron Hands|Drain Punch|p2a: Lurantis\n|-damage|p2a: Lurantis|9\/100\n|-heal|p1b: Iron Hands|64\/100|[from] drain|[of] p2a: Lurantis\n|\n|upkeep\n|\n|t:|1700366606\n|switch|p1a: Heatran|Heatran, L50, M|100\/100\n|turn|4\n|\n|t:|1700366618\n|move|p1a: Heatran|Protect|p1a: Heatran\n|-singleturn|p1a: Heatran|Protect\n|move|p2a: Lurantis|Leaf Blade|p1b: Iron Hands\n|-damage|p1b: Iron Hands|11\/100\n|move|p2b: Armarouge|Tera Blast|p1b: Iron Hands\n|-damage|p1b: Iron Hands|0 fnt\n|faint|p1b: Iron Hands\n|-end|p1b: Iron Hands|Quark Drive|[silent]\n|\n|upkeep\n|\n|t:|1700366632\n|switch|p1b: Landorus|Landorus-Therian, L50, M|100\/100\n|-ability|p1b: Landorus|Intimidate|boost\n|-boost|p2a: Lurantis|atk|1\n|-unboost|p2b: Armarouge|atk|1\n|turn|5\n|\n|t:|1700366647\n|move|p2a: Lurantis|Superpower|p1a: Heatran\n|-supereffective|p1a: Heatran\n|-damage|p1a: Heatran|0 fnt\n|-boost|p2a: Lurantis|atk|1\n|-boost|p2a: Lurantis|def|1\n|faint|p1a: Heatran\n|move|p2b: Armarouge|Heat Wave|p1b: Landorus\n|-damage|p1b: Landorus|43\/100\n|move|p1b: Landorus|U-turn|p2a: Lurantis\n|-supereffective|p2a: Lurantis\n|-damage|p2a: Lurantis|0 fnt\n|faint|p2a: Lurantis\n|\n|upkeep\n|\n|t:|1700366650\n|switch|p2a: Farigiraf|Farigiraf, L50, F|100\/100\n|turn|6\n|\n|t:|1700366663\n|-terastallize|p2b: Armarouge|Fairy\n|move|p2a: Farigiraf|Low Kick|p1b: Landorus\n|-resisted|p1b: Landorus\n|-damage|p1b: Landorus|31\/100\n|move|p2b: Armarouge|Tera Blast|p1b: Landorus|[anim] Tera Blast Fairy\n|-damage|p1b: Landorus|0 fnt\n|faint|p1b: Landorus\n|\n|win|PunkRockObstagoon\n|raw|number86's rating: 1476 &rarr; <strong>1451<\/strong><br \/>(-25 for losing)\n|raw|PunkRockObstagoon's rating: 1389 &rarr; <strong>1414<\/strong><br \/>(+25 for winning)\n","uploadtime":1700366669,"views":8,"p1id":"number86","p2id":"punkrockobstagoon","formatid":"gen9vgc2023regulatione","rating":1414,"private":0,"password":""}