{"id":"gen9vgc2023regulatione-1988514751","p1":"Doctor Determinism","p2":"Jippt351","format":"[Gen 9] VGC 2023 Regulation E","log":"|j|\u2606Doctor Determinism\n|j|\u2606Jippt351\n|t:|1699731131\n|gametype|doubles\n|player|p1|Doctor Determinism|zinnia|1345\n|player|p2|Jippt351|1|1245\n|teamsize|p1|6\n|teamsize|p2|6\n|gen|9\n|tier|[Gen 9] VGC 2023 Regulation E\n|rated|\n|rule|Species Clause: Limit one of each Pok\u00e9mon\n|rule|Item Clause: Limit one of each item\n|clearpoke\n|poke|p1|Cresselia, L50, F|\n|poke|p1|Flutter Mane, L50|\n|poke|p1|Iron Hands, L50|\n|poke|p1|Ursaluna, L50, M|\n|poke|p1|Sinistcha, L50|\n|poke|p1|Heatran, L50, M|\n|poke|p2|Tornadus, L50, M|\n|poke|p2|Flutter Mane, L50|\n|poke|p2|Regidrago, L50|\n|poke|p2|Heatran, L50, F|\n|poke|p2|Urshifu-*, L50, M|\n|poke|p2|Farigiraf, L50, F|\n|teampreview|4\n|inactive|Battle timer is ON: inactive players will automatically lose when time's up. (requested by Jippt351)\n|c|\u2606Doctor Determinism|glhf\nDoctor Determinism has agreed to open team sheets.\n|inactive|Doctor Determinism has 60 seconds left.\n|c|\u2606Jippt351|Glhf\n|l|\u2606Jippt351\n|inactive|Jippt351 disconnected and has a minute to reconnect!\n|player|p2|\n|inactive|Doctor Determinism has 30 seconds left.\n|j|\u2606Jippt351\n|inactive|Jippt351 reconnected.\n|player|p2|Jippt351|1\n|\n|t:|1699731200\n|start\n|switch|p1a: Iron Hands|Iron Hands, L50|100\/100\n|switch|p1b: Ursaluna|Ursaluna, L50, M|100\/100\n|switch|p2a: Farigiraf|Farigiraf, L50, F|100\/100\n|switch|p2b: Urshifu|Urshifu, L50, M|100\/100\n|turn|1\n|l|\u2606Jippt351\n|inactive|Jippt351 disconnected and has a minute to reconnect!\n|player|p2|\n|inactive|Jippt351 has 30 seconds left.\n|j|\u2606Jippt351\n|inactive|Jippt351 reconnected and has 30 seconds left.\n|player|p2|Jippt351|1\n|inactive|Jippt351 has 20 seconds left.\n|inactive|Jippt351 has 15 seconds left.\n|inactive|Jippt351 has 10 seconds left.\n|\n|t:|1699731248\n|switch|p1b: Flutter Mane|Flutter Mane, L50|100\/100\n|-enditem|p1b: Flutter Mane|Booster Energy\n|-activate|p1b: Flutter Mane|ability: Protosynthesis|[fromitem]\n|-start|p1b: Flutter Mane|protosynthesisspa\n|move|p2b: Urshifu|Close Combat|p1b: Flutter Mane\n|-immune|p1b: Flutter Mane\n|move|p2a: Farigiraf|Dazzling Gleam|p1a: Iron Hands|[spread] p1a,p1b\n|-supereffective|p1a: Iron Hands\n|-crit|p1b: Flutter Mane\n|-damage|p1a: Iron Hands|83\/100\n|-damage|p1b: Flutter Mane|77\/100\n|move|p1a: Iron Hands|Drain Punch|p2b: Urshifu\n|-supereffective|p2b: Urshifu\n|-damage|p2b: Urshifu|12\/100\n|-heal|p1a: Iron Hands|100\/100|[from] drain|[of] p2b: Urshifu\n|\n|upkeep\n|turn|2\n|\n|t:|1699731271\n|switch|p2b: Heatran|Heatran, L50, F|100\/100\n|move|p1b: Flutter Mane|Dazzling Gleam|p2a: Farigiraf|[spread] p2a,p2b\n|-resisted|p2b: Heatran\n|-damage|p2a: Farigiraf|56\/100\n|-damage|p2b: Heatran|90\/100\n|move|p2a: Farigiraf|Dazzling Gleam|p1b: Flutter Mane|[spread] p1a,p1b\n|-supereffective|p1a: Iron Hands\n|-damage|p1a: Iron Hands|84\/100\n|-damage|p1b: Flutter Mane|63\/100\n|move|p1a: Iron Hands|Drain Punch|p2a: Farigiraf\n|-damage|p2a: Farigiraf|17\/100\n|-heal|p1a: Iron Hands|100\/100|[from] drain|[of] p2a: Farigiraf\n|-damage|p1a: Iron Hands|84\/100|[from] item: Rocky Helmet|[of] p2a: Farigiraf\n|\n|upkeep\n|turn|3\n|\n|t:|1699731291\n|-terastallize|p2b: Heatran|Fairy\n|move|p1b: Flutter Mane|Protect|p1b: Flutter Mane\n|-singleturn|p1b: Flutter Mane|Protect\n|move|p2b: Heatran|Flash Cannon|p1b: Flutter Mane\n|-activate|p1b: Flutter Mane|move: Protect\n|move|p2a: Farigiraf|Dazzling Gleam|p1a: Iron Hands|[spread] p1a\n|-activate|p1b: Flutter Mane|move: Protect\n|-supereffective|p1a: Iron Hands\n|-damage|p1a: Iron Hands|68\/100\n|move|p1a: Iron Hands|Drain Punch|p2b: Heatran\n|-resisted|p2b: Heatran\n|-damage|p2b: Heatran|69\/100\n|-heal|p1a: Iron Hands|76\/100|[from] drain|[of] p2b: Heatran\n|\n|upkeep\n|turn|4\n|inactive|Doctor Determinism has 30 seconds left.\n|\n|t:|1699731320\n|-end|p1b: Flutter Mane|Protosynthesis|[silent]\n|switch|p1b: Sinistcha|Sinistcha, L50|100\/100\n|-heal|p1a: Iron Hands|100\/100|[from] ability: Hospitality|[of] p1b: Sinistcha\n|move|p2b: Heatran|Flash Cannon|p1b: Sinistcha\n|-damage|p1b: Sinistcha|33\/100\n|-damage|p2b: Heatran|59\/100|[from] item: Life Orb\n|move|p2a: Farigiraf|Dazzling Gleam|p1b: Sinistcha|[spread] p1a,p1b\n|-supereffective|p1a: Iron Hands\n|-damage|p1a: Iron Hands|85\/100\n|-damage|p1b: Sinistcha|15\/100\n|move|p1a: Iron Hands|Wild Charge|p2b: Heatran\n|-damage|p2b: Heatran|12\/100\n|-damage|p1a: Iron Hands|77\/100|[from] Recoil\n|\n|upkeep\n|turn|5\n|\n|t:|1699731343\n|move|p1b: Sinistcha|Protect|p1b: Sinistcha\n|-singleturn|p1b: Sinistcha|Protect\n|move|p2b: Heatran|Heat Wave|p1b: Sinistcha|[spread] p1a\n|-activate|p1b: Sinistcha|move: Protect\n|-damage|p1a: Iron Hands|49\/100\n|-damage|p2b: Heatran|3\/100|[from] item: Life Orb\n|move|p2a: Farigiraf|Dazzling Gleam|p1a: Iron Hands|[spread] p1a\n|-activate|p1b: Sinistcha|move: Protect\n|-supereffective|p1a: Iron Hands\n|-damage|p1a: Iron Hands|31\/100\n|move|p1a: Iron Hands|Wild Charge|p2b: Heatran\n|-damage|p2b: Heatran|0 fnt\n|faint|p2b: Heatran\n|-damage|p1a: Iron Hands|31\/100|[from] Recoil\n|\n|upkeep\n|\n|t:|1699731350\n|switch|p2b: Flutter Mane|Flutter Mane, L50|100\/100\n|-enditem|p2b: Flutter Mane|Booster Energy\n|-activate|p2b: Flutter Mane|ability: Protosynthesis|[fromitem]\n|-start|p2b: Flutter Mane|protosynthesisspa\n|turn|6\n|\n|t:|1699731371\n|move|p2b: Flutter Mane|Shadow Ball|p1b: Sinistcha\n|-supereffective|p1b: Sinistcha\n|-damage|p1b: Sinistcha|0 fnt\n|faint|p1b: Sinistcha\n|move|p2a: Farigiraf|Dazzling Gleam|p1a: Iron Hands\n|-supereffective|p1a: Iron Hands\n|-damage|p1a: Iron Hands|10\/100\n|move|p1a: Iron Hands|Heavy Slam|p2b: Flutter Mane\n|-supereffective|p2b: Flutter Mane\n|-damage|p2b: Flutter Mane|0 fnt\n|faint|p2b: Flutter Mane\n|-end|p2b: Flutter Mane|Protosynthesis|[silent]\n|\n|upkeep\n|\n|t:|1699731392\n|switch|p2b: Urshifu|Urshifu, L50, M|12\/100\n|switch|p1b: Ursaluna|Ursaluna, L50, M|100\/100\n|turn|7\n|\n|t:|1699731407\n|move|p2b: Urshifu|Iron Head|p1b: Ursaluna\n|-damage|p1b: Ursaluna|78\/100\n|move|p2a: Farigiraf|Dazzling Gleam|p1a: Iron Hands|[spread] p1a,p1b\n|-supereffective|p1a: Iron Hands\n|-damage|p1a: Iron Hands|0 fnt\n|-damage|p1b: Ursaluna|63\/100\n|faint|p1a: Iron Hands\n|-end|p1a: Iron Hands|Quark Drive|[silent]\n|cant|p1b: Ursaluna|flinch\n|\n|-status|p1b: Ursaluna|brn|[from] item: Flame Orb\n|upkeep\n|\n|t:|1699731417\n|switch|p1a: Flutter Mane|Flutter Mane, L50|63\/100\n|turn|8\n|\n|t:|1699731426\n|move|p2b: Urshifu|Iron Head|p1a: Flutter Mane\n|-supereffective|p1a: Flutter Mane\n|-damage|p1a: Flutter Mane|0 fnt\n|faint|p1a: Flutter Mane\n|-end|p1a: Flutter Mane|Protosynthesis|[silent]\n|move|p2a: Farigiraf|Dazzling Gleam|p1b: Ursaluna\n|-damage|p1b: Ursaluna|44\/100 brn\n|move|p1b: Ursaluna|Earthquake|p2a: Farigiraf|[spread] p2a,p2b\n|-damage|p2a: Farigiraf|0 fnt\n|-damage|p2b: Urshifu|0 fnt\n|faint|p2a: Farigiraf\n|faint|p2b: Urshifu\n|\n|win|Doctor Determinism\n|raw|Doctor Determinism's rating: 1345 &rarr; <strong>1359<\/strong><br \/>(+14 for winning)\n|raw|Jippt351's rating: 1245 &rarr; <strong>1227<\/strong><br \/>(-18 for losing)\n|l|\u2606Doctor Determinism\n","uploadtime":1699731449,"views":42,"p1id":"doctordeterminism","p2id":"jippt351","formatid":"gen9vgc2023regulatione","rating":1227,"private":0,"password":""}