{"id":"gen9vgc2023regulatione-1992613101","p1":"ObscureLink","p2":"The Hang Dude","format":"[Gen 9] VGC 2023 Regulation E","log":"|j|\u2606ObscureLink\n|j|\u2606The Hang Dude\n|t:|1700214759\n|gametype|doubles\n|player|p1|ObscureLink|wallace|1000\n|player|p2|The Hang Dude|170|1023\n|teamsize|p1|6\n|teamsize|p2|6\n|gen|9\n|tier|[Gen 9] VGC 2023 Regulation E\n|rated|\n|rule|Species Clause: Limit one of each Pok\u00e9mon\n|rule|Item Clause: Limit one of each item\n|clearpoke\n|poke|p1|Tornadus, L50, M|\n|poke|p1|Arcanine-Hisui, L50, F|\n|poke|p1|Iron Hands, L50|\n|poke|p1|Gholdengo, L50|\n|poke|p1|Urshifu-*, L50, M|\n|poke|p1|Ogerpon-Wellspring, L50, F|\n|poke|p2|Ursaluna-Bloodmoon, L50, M|\n|poke|p2|Sinistcha, L50|\n|poke|p2|Flutter Mane, L50|\n|poke|p2|Iron Hands, L50|\n|poke|p2|Urshifu-*, L50, M|\n|poke|p2|Heatran, L50, F|\n|teampreview|4\nThe Hang Dude rejected open team sheets.\n|inactive|Battle timer is ON: inactive players will automatically lose when time's up. (requested by ObscureLink)\n|\n|t:|1700214795\n|start\n|switch|p1a: Tornadus|Tornadus, L50, M|100\/100\n|switch|p1b: Urshifu|Urshifu-Rapid-Strike, L50, M|100\/100\n|switch|p2a: Ursaluna|Ursaluna-Bloodmoon, L50, M|100\/100\n|switch|p2b: Sinistcha|Sinistcha, L50|100\/100\n|turn|1\n|\n|t:|1700214820\n|switch|p2a: Flutter Mane|Flutter Mane, L50|100\/100\n|-enditem|p2a: Flutter Mane|Booster Energy\n|-activate|p2a: Flutter Mane|ability: Protosynthesis|[fromitem]\n|-start|p2a: Flutter Mane|protosynthesisspa\n|move|p1a: Tornadus|Tailwind|p1a: Tornadus\n|-sidestart|p1: ObscureLink|move: Tailwind\n|move|p1b: Urshifu|U-turn|p2b: Sinistcha\n|-damage|p2b: Sinistcha|82\/100\n|\n|t:|1700214832\n|switch|p1b: Gholdengo|Gholdengo, L50|100\/100|[from] U-turn\n|move|p2b: Sinistcha|Matcha Gotcha|p1a: Tornadus|[spread] p1a,p1b\n|-resisted|p1a: Tornadus\n|-resisted|p1b: Gholdengo\n|-damage|p1a: Tornadus|89\/100\n|-heal|p2b: Sinistcha|88\/100|[from] drain|[of] p1a: Tornadus\n|-damage|p1b: Gholdengo|90\/100\n|-heal|p2b: Sinistcha|94\/100|[from] drain|[of] p1b: Gholdengo\n|-status|p1b: Gholdengo|brn\n|\n|-heal|p1b: Gholdengo|96\/100 brn|[from] item: Leftovers\n|-damage|p1b: Gholdengo|90\/100 brn|[from] brn\n|upkeep\n|turn|2\n|inactive|The Hang Dude has 30 seconds left.\n|\n|t:|1700214858\n|-end|p2a: Flutter Mane|Protosynthesis|[silent]\n|switch|p2a: Iron Hands|Iron Hands, L50|100\/100\n|move|p1b: Gholdengo|Protect|p1b: Gholdengo\n|-singleturn|p1b: Gholdengo|Protect\n|move|p1a: Tornadus|Rain Dance|p1a: Tornadus\n|-weather|RainDance\n|move|p2b: Sinistcha|Trick Room|p2b: Sinistcha\n|-fieldstart|move: Trick Room|[of] p2b: Sinistcha\n|\n|-weather|RainDance|[upkeep]\n|-heal|p1b: Gholdengo|96\/100 brn|[from] item: Leftovers\n|-damage|p1b: Gholdengo|90\/100 brn|[from] brn\n|upkeep\n|turn|3\n|inactive|The Hang Dude has 30 seconds left.\n|inactive|ObscureLink has 30 seconds left.\n|inactive|The Hang Dude has 20 seconds left.\n|inactive|The Hang Dude has 15 seconds left.\n|inactive|ObscureLink has 20 seconds left.\n|inactive|The Hang Dude has 10 seconds left.\n|inactive|The Hang Dude has 5 seconds left.\n|inactive|ObscureLink has 15 seconds left.\n|\n|t:|1700214917\n|move|p2a: Iron Hands|Wild Charge|p1a: Tornadus\n|-supereffective|p1a: Tornadus\n|-damage|p1a: Tornadus|0 fnt\n|faint|p1a: Tornadus\n|-damage|p2a: Iron Hands|83\/100|[from] Recoil\n|move|p2b: Sinistcha|Matcha Gotcha|p1b: Gholdengo\n|-resisted|p1b: Gholdengo\n|-damage|p1b: Gholdengo|74\/100 brn\n|-heal|p2b: Sinistcha|100\/100|[from] drain|[of] p1b: Gholdengo\n|move|p1b: Gholdengo|Shadow Ball|p2b: Sinistcha\n|-supereffective|p2b: Sinistcha\n|-damage|p2b: Sinistcha|15\/100\n|-enditem|p2b: Sinistcha|Sitrus Berry|[eat]\n|-heal|p2b: Sinistcha|39\/100|[from] item: Sitrus Berry\n|\n|-weather|RainDance|[upkeep]\n|-heal|p1b: Gholdengo|80\/100 brn|[from] item: Leftovers\n|-damage|p1b: Gholdengo|74\/100 brn|[from] brn\n|upkeep\n|\n|t:|1700214937\n|switch|p1a: Iron Hands|Iron Hands, L50|100\/100\n|turn|4\n|\n|t:|1700214949\n|switch|p2b: Ursaluna|Ursaluna-Bloodmoon, L50, M|100\/100\n|move|p1a: Iron Hands|Fake Out|p2a: Iron Hands\n|-damage|p2a: Iron Hands|75\/100\n|cant|p2a: Iron Hands|flinch\n|move|p1b: Gholdengo|Nasty Plot|p1b: Gholdengo\n|-boost|p1b: Gholdengo|spa|2\n|\n|-weather|RainDance|[upkeep]\n|-heal|p1b: Gholdengo|80\/100 brn|[from] item: Leftovers\n|-damage|p1b: Gholdengo|74\/100 brn|[from] brn\n|-sideend|p1: ObscureLink|move: Tailwind\n|upkeep\n|turn|5\n|\n|t:|1700214969\n|-terastallize|p1a: Iron Hands|Grass\n|-terastallize|p2b: Ursaluna|Normal\n|move|p1b: Gholdengo|Protect|p1b: Gholdengo\n|-singleturn|p1b: Gholdengo|Protect\n|move|p2a: Iron Hands|Wild Charge|p1b: Gholdengo\n|-activate|p1b: Gholdengo|move: Protect\n|move|p1a: Iron Hands|Drain Punch|p2b: Ursaluna\n|-supereffective|p2b: Ursaluna\n|-damage|p2b: Ursaluna|46\/100\n|move|p2b: Ursaluna|Hyper Voice|p1b: Gholdengo|[spread] p1a\n|-activate|p1b: Gholdengo|move: Protect\n|-damage|p1a: Iron Hands|77\/100\n|-enditem|p2b: Ursaluna|Throat Spray\n|-boost|p2b: Ursaluna|spa|1|[from] item: Throat Spray\n|\n|-weather|RainDance|[upkeep]\n|-heal|p1b: Gholdengo|80\/100 brn|[from] item: Leftovers\n|-damage|p1b: Gholdengo|74\/100 brn|[from] brn\n|upkeep\n|turn|6\n|inactive|ObscureLink has 30 seconds left.\n|inactive|The Hang Dude has 30 seconds left.\n|\n|t:|1700214998\n|move|p2b: Ursaluna|Protect|p2b: Ursaluna\n|-singleturn|p2b: Ursaluna|Protect\n|move|p1b: Gholdengo|Protect||[still]\n|-fail|p1b: Gholdengo\n|move|p2a: Iron Hands|Wild Charge|p1b: Gholdengo\n|-damage|p1b: Gholdengo|30\/100 brn\n|-damage|p2a: Iron Hands|66\/100|[from] Recoil\n|move|p1a: Iron Hands|Drain Punch|p2b: Ursaluna\n|-activate|p2b: Ursaluna|move: Protect\n|\n|-weather|none\n|-heal|p1b: Gholdengo|36\/100 brn|[from] item: Leftovers\n|-damage|p1b: Gholdengo|30\/100 brn|[from] brn\n|-fieldend|move: Trick Room\n|upkeep\n|turn|7\n|\n|t:|1700215017\n|move|p1b: Gholdengo|Shadow Ball|p2a: Iron Hands\n|-damage|p2a: Iron Hands|23\/100\n|move|p2b: Ursaluna|Blood Moon|p1a: Iron Hands\n|-damage|p1a: Iron Hands|3\/100\n|move|p1a: Iron Hands|Drain Punch|p2b: Ursaluna\n|-supereffective|p2b: Ursaluna\n|-damage|p2b: Ursaluna|0 fnt\n|-heal|p1a: Iron Hands|23\/100|[from] drain|[of] p2b: Ursaluna\n|faint|p2b: Ursaluna\n|move|p2a: Iron Hands|Drain Punch|p1a: Iron Hands\n|-damage|p1a: Iron Hands|0 fnt\n|-heal|p2a: Iron Hands|34\/100|[from] drain|[of] p1a: Iron Hands\n|faint|p1a: Iron Hands\n|-end|p1a: Iron Hands|Quark Drive|[silent]\n|\n|-heal|p1b: Gholdengo|36\/100 brn|[from] item: Leftovers\n|-damage|p1b: Gholdengo|30\/100 brn|[from] brn\n|upkeep\n|\n|t:|1700215030\n|switch|p2b: Flutter Mane|Flutter Mane, L50|100\/100\n|switch|p1a: Urshifu|Urshifu-Rapid-Strike, L50, M|100\/100\n|turn|8\n|\n|t:|1700215047\n|-end|p2b: Flutter Mane|Protosynthesis|[silent]\n|switch|p2b: Sinistcha|Sinistcha, L50|39\/100\n|-heal|p2a: Iron Hands|59\/100|[from] ability: Hospitality|[of] p2b: Sinistcha\n|move|p1a: Urshifu|Surging Strikes|p2b: Sinistcha\n|-resisted|p2b: Sinistcha\n|-crit|p2b: Sinistcha\n|-damage|p2b: Sinistcha|31\/100\n|-resisted|p2b: Sinistcha\n|-crit|p2b: Sinistcha\n|-damage|p2b: Sinistcha|24\/100\n|-resisted|p2b: Sinistcha\n|-crit|p2b: Sinistcha\n|-damage|p2b: Sinistcha|15\/100\n|-hitcount|p2b: Sinistcha|3\n|move|p1b: Gholdengo|Make It Rain|p2a: Iron Hands|[spread] p2a,p2b\n|-resisted|p2a: Iron Hands\n|-damage|p2a: Iron Hands|37\/100\n|-damage|p2b: Sinistcha|0 fnt\n|-unboost|p1b: Gholdengo|spa|1\n|faint|p2b: Sinistcha\n|move|p2a: Iron Hands|Wild Charge|p1a: Urshifu\n|-supereffective|p1a: Urshifu\n|-damage|p1a: Urshifu|4\/100\n|-damage|p2a: Iron Hands|18\/100|[from] Recoil\n|\n|-heal|p1b: Gholdengo|36\/100 brn|[from] item: Leftovers\n|-damage|p1b: Gholdengo|30\/100 brn|[from] brn\n|upkeep\n|\n|t:|1700215056\n|switch|p2b: Flutter Mane|Flutter Mane, L50|100\/100\n|turn|9\n|\n|t:|1700215076\n|move|p1a: Urshifu|Surging Strikes|p2b: Flutter Mane\n|-crit|p2b: Flutter Mane\n|-damage|p2b: Flutter Mane|67\/100\n|-crit|p2b: Flutter Mane\n|-damage|p2b: Flutter Mane|33\/100\n|-crit|p2b: Flutter Mane\n|-damage|p2b: Flutter Mane|0 fnt\n|faint|p2b: Flutter Mane\n|-end|p2b: Flutter Mane|Protosynthesis|[silent]\n|-hitcount|p2: Flutter Mane|3\n|move|p1b: Gholdengo|Nasty Plot|p1b: Gholdengo\n|-boost|p1b: Gholdengo|spa|2\n|move|p2a: Iron Hands|Drain Punch|p1a: Urshifu\n|-damage|p1a: Urshifu|0 fnt\n|-heal|p2a: Iron Hands|20\/100|[from] drain|[of] p1a: Urshifu\n|faint|p1a: Urshifu\n|\n|-heal|p1b: Gholdengo|36\/100 brn|[from] item: Leftovers\n|-damage|p1b: Gholdengo|30\/100 brn|[from] brn\n|upkeep\n|turn|10\n|-message|The Hang Dude forfeited.\n|\n|win|ObscureLink\n|raw|ObscureLink's rating: 1000 &rarr; <strong>1043<\/strong><br \/>(+43 for winning)\n|raw|The Hang Dude's rating: 1023 &rarr; <strong>1009<\/strong><br \/>(-14 for losing)\n|l|\u2606The Hang Dude\n","uploadtime":1700215102,"views":9,"p1id":"obscurelink","p2id":"thehangdude","formatid":"gen9vgc2023regulatione","rating":1009,"private":0,"password":""}