{"id":"gen9vgc2023regulatione-1993751557","p1":"hanzuro","p2":"Buff FlutterMane","format":"[Gen 9] VGC 2023 Regulation E","log":"|j|\u2606hanzuro\n|j|\u2606Buff FlutterMane\n|t:|1700352958\n|gametype|doubles\n|player|p1|hanzuro|170|1399\n|player|p2|Buff FlutterMane|turo|1385\n|teamsize|p1|6\n|teamsize|p2|6\n|gen|9\n|tier|[Gen 9] VGC 2023 Regulation E\n|rated|\n|rule|Species Clause: Limit one of each Pok\u00e9mon\n|rule|Item Clause: Limit one of each item\n|clearpoke\n|poke|p1|Iron Hands, L50|\n|poke|p1|Roaring Moon, L50|\n|poke|p1|Amoonguss, L50, M|\n|poke|p1|Landorus-Therian, L50, M|\n|poke|p1|Volcarona, L50, M|\n|poke|p1|Azumarill, L50, F|\n|poke|p2|Dragapult, L50, M|\n|poke|p2|Chien-Pao, L50|\n|poke|p2|Ogerpon-Wellspring, L50, F|\n|poke|p2|Arcanine-Hisui, L50, M|\n|poke|p2|Farigiraf, L50, F|\n|poke|p2|Enamorus, L50, F|\n|teampreview|4\n|inactive|Battle timer is ON: inactive players will automatically lose when time's up. (requested by Buff FlutterMane)\n|\n|t:|1700352988\n|start\n|switch|p1a: Roaring Moon|Roaring Moon, L50|100\/100\n|switch|p1b: Amoonguss|Amoonguss, L50, M|100\/100\n|switch|p2a: Enamorus|Enamorus, L50, F|100\/100\n|switch|p2b: \ud83d\ude39|Chien-Pao, L50|100\/100\n|-ability|p2b: \ud83d\ude39|Sword of Ruin\n|-enditem|p1a: Roaring Moon|Booster Energy\n|-activate|p1a: Roaring Moon|ability: Protosynthesis|[fromitem]\n|-start|p1a: Roaring Moon|protosynthesisspe\n|turn|1\n|\n|t:|1700353008\n|move|p1a: Roaring Moon|Protect|p1a: Roaring Moon\n|-singleturn|p1a: Roaring Moon|Protect\n|move|p2a: Enamorus|Play Rough|p1b: Amoonguss\n|-resisted|p1b: Amoonguss\n|-damage|p1b: Amoonguss|80\/100\n|-damage|p2a: Enamorus|84\/100|[from] item: Rocky Helmet|[of] p1b: Amoonguss\n|move|p2b: \ud83d\ude39|Icicle Crash|p1b: Amoonguss\n|-supereffective|p1b: Amoonguss\n|-damage|p1b: Amoonguss|0 fnt\n|faint|p1b: Amoonguss\n|\n|upkeep\n|\n|t:|1700353017\n|switch|p1b: Landorus|Landorus-Therian, L50, M|100\/100\n|-ability|p1b: Landorus|Intimidate|boost\n|-boost|p2a: Enamorus|atk|1\n|-unboost|p2b: \ud83d\ude39|atk|1\n|turn|2\n|\n|t:|1700353026\n|-terastallize|p2a: Enamorus|Fairy\n|move|p1a: Roaring Moon|Tailwind|p1a: Roaring Moon\n|-sidestart|p1: hanzuro|move: Tailwind\n|move|p2a: Enamorus|Play Rough|p1b: Landorus\n|-damage|p1b: Landorus|0 fnt\n|faint|p1b: Landorus\n|move|p2b: \ud83d\ude39|Icicle Crash|p1a: Roaring Moon\n|-supereffective|p1a: Roaring Moon\n|-damage|p1a: Roaring Moon|0 fnt\n|faint|p1a: Roaring Moon\n|-end|p1a: Roaring Moon|Protosynthesis|[silent]\n|\n|upkeep\n|c|\u2606hanzuro|why\n|c|\u2606Buff FlutterMane|Bored\n|\n|t:|1700353046\n|switch|p1b: Volcarona|Volcarona, L50, M|100\/100\n|turn|3\n|c|\u2606hanzuro|scarf???\n|\n|t:|1700353059\n|move|p1b: Volcarona|Heat Wave|p2a: Enamorus|[spread] p2a,p2b\n|-supereffective|p2b: \ud83d\ude39\n|-damage|p2a: Enamorus|0 fnt\n|-enditem|p2b: \ud83d\ude39|Focus Sash\n|-damage|p2b: \ud83d\ude39|1\/100\n|faint|p2a: Enamorus\n|move|p2b: \ud83d\ude39|Icicle Crash|p1b: Volcarona\n|-resisted|p1b: Volcarona\n|-damage|p1b: Volcarona|75\/100\n|\n|upkeep\n|\n|t:|1700353063\n|switch|p2a: \ud83d\udc15\u200d\ud83e\uddba|Arcanine-Hisui, L50, M, shiny|100\/100\n|-ability|p2a: \ud83d\udc15\u200d\ud83e\uddba|Intimidate|boost\n|-unboost|p1b: Volcarona|atk|1\n|turn|4\n|\n|t:|1700353069\n|switch|p2b: \ud83e\udddd\ud83c\udffc\u200d\u2640\ufe0f|Ogerpon-Wellspring, L50, F|100\/100\n|-terastallize|p1b: Volcarona|Water\n|move|p1b: Volcarona|Heat Wave|p2a: \ud83d\udc15\u200d\ud83e\uddba|[spread] p2a,p2b\n|-resisted|p2a: \ud83d\udc15\u200d\ud83e\uddba\n|-damage|p2a: \ud83d\udc15\u200d\ud83e\uddba|92\/100\n|-damage|p2b: \ud83e\udddd\ud83c\udffc\u200d\u2640\ufe0f|32\/100\n|move|p2a: \ud83d\udc15\u200d\ud83e\uddba|Rock Slide|p1b: Volcarona\n|-damage|p1b: Volcarona|33\/100\n|\n|upkeep\n|turn|5\n|\n|t:|1700353078\n|switch|p2b: \ud83d\ude39|Chien-Pao, L50|1\/100\n|-ability|p2b: \ud83d\ude39|Sword of Ruin\n|move|p2a: \ud83d\udc15\u200d\ud83e\uddba|Extreme Speed|p1b: Volcarona\n|-damage|p1b: Volcarona|0 fnt\n|faint|p1b: Volcarona\n|\n|win|Buff FlutterMane\n|raw|hanzuro's rating: 1399 &rarr; <strong>1378<\/strong><br \/>(-21 for losing)\n|raw|Buff FlutterMane's rating: 1385 &rarr; <strong>1406<\/strong><br \/>(+21 for winning)\n|l|\u2606hanzuro\n|c|\u2606Buff FlutterMane|Gg\n","uploadtime":1700353095,"views":23,"p1id":"hanzuro","p2id":"bufffluttermane","formatid":"gen9vgc2023regulatione","rating":1378,"private":0,"password":""}