{"id":"gen9vgc2023regulatione-1988173098","p1":"testforthebiggame","p2":"bunearyboicherry","format":"[Gen 9] VGC 2023 Regulation E","log":"|j|\u2606testforthebiggame\n|j|\u2606bunearyboicherry\n|t:|1699679377\n|gametype|doubles\n|player|p1|testforthebiggame|170|1049\n|player|p2|bunearyboicherry|hapu|1105\n|teamsize|p1|6\n|teamsize|p2|6\n|gen|9\n|tier|[Gen 9] VGC 2023 Regulation E\n|rated|\n|rule|Species Clause: Limit one of each Pok\u00e9mon\n|rule|Item Clause: Limit one of each item\n|clearpoke\n|poke|p1|Toxicroak, L50, F|\n|poke|p1|Beartic, L50, F|\n|poke|p1|Politoed, L50, F|\n|poke|p1|Ludicolo, L50, F|\n|poke|p1|Pincurchin, L50, M|\n|poke|p1|Goodra, L50, F|\n|poke|p2|Gliscor, L50, M|\n|poke|p2|Houndstone, L50, M|\n|poke|p2|Dudunsparce-*, L50, M|\n|poke|p2|Hypno, L50, M|\n|poke|p2|Girafarig, L50, F|\n|poke|p2|Scream Tail, L50|\n|teampreview|4\n|inactive|Battle timer is ON: inactive players will automatically lose when time's up. (requested by bunearyboicherry)\n|\n|t:|1699679395\n|start\n|switch|p1a: Politoed|Politoed, L50, F|100\/100\n|switch|p1b: Beartic|Beartic, L50, F|100\/100\n|switch|p2a: Scream Tail|Scream Tail, L50, shiny|100\/100\n|switch|p2b: Hypno|Hypno, L50, M, shiny|100\/100\n|-weather|RainDance|[from] ability: Drizzle|[of] p1a: Politoed\n|-enditem|p2a: Scream Tail|Booster Energy\n|-activate|p2a: Scream Tail|ability: Protosynthesis|[fromitem]\n|-start|p2a: Scream Tail|protosynthesisspe\n|turn|1\n|c|\u2606testforthebiggame|Cool team!\n|\n|t:|1699679412\n|move|p2a: Scream Tail|Howl|p2a: Scream Tail|[spread] p2a,p2b\n|-boost|p2a: Scream Tail|atk|1\n|-boost|p2b: Hypno|atk|1\n|move|p1b: Beartic|Swords Dance|p1b: Beartic\n|-boost|p1b: Beartic|atk|2\n|move|p1a: Politoed|Muddy Water|p2a: Scream Tail|[spread] p2a\n|-miss|p1a: Politoed|p2b: Hypno\n|-damage|p2a: Scream Tail|74\/100\n|move|p2b: Hypno|Drain Punch|p1b: Beartic\n|-supereffective|p1b: Beartic\n|-damage|p1b: Beartic|2\/100\n|\n|-weather|RainDance|[upkeep]\n|upkeep\n|turn|2\n|c|\u2606bunearyboicherry|You too swift swim bear\n|\n|t:|1699679434\n|move|p1b: Beartic|Liquidation|p2b: Hypno\n|-damage|p2b: Hypno|0 fnt\n|faint|p2b: Hypno\n|-damage|p1b: Beartic|0 fnt|[from] item: Life Orb\n|faint|p1b: Beartic\n|move|p2a: Scream Tail|Drain Punch|p1a: Politoed\n|-damage|p1a: Politoed|71\/100\n|-heal|p2a: Scream Tail|89\/100|[from] drain|[of] p1a: Politoed\n|move|p1a: Politoed|Muddy Water|p2a: Scream Tail\n|-crit|p2a: Scream Tail\n|-damage|p2a: Scream Tail|34\/100\n|\n|-weather|RainDance|[upkeep]\n|upkeep\n|\n|t:|1699679450\n|switch|p1b: Ludicolo|Ludicolo, L50, F|100\/100\n|switch|p2b: Dudunsparce|Dudunsparce-Three-Segment, L50, M|100\/100\n|turn|3\n|\n|t:|1699679469\n|-terastallize|p2b: Dudunsparce|Electric\n|move|p1a: Politoed|Protect|p1a: Politoed\n|-singleturn|p1a: Politoed|Protect\n|move|p2a: Scream Tail|Drain Punch|p1a: Politoed\n|-activate|p1a: Politoed|move: Protect\n|move|p1b: Ludicolo|Leech Seed|p2a: Scream Tail\n|-start|p2a: Scream Tail|move: Leech Seed\n|move|p2b: Dudunsparce|Thunder|p1b: Ludicolo\n|-damage|p1b: Ludicolo|68\/100\n|-status|p1b: Ludicolo|par\n|\n|-weather|RainDance|[upkeep]\n|-heal|p1b: Ludicolo|74\/100 par|[from] ability: Rain Dish\n|-heal|p1b: Ludicolo|80\/100 par|[from] item: Leftovers\n|-damage|p2a: Scream Tail|21\/100|[from] Leech Seed|[of] p1b: Ludicolo\n|-heal|p1b: Ludicolo|93\/100 par|[silent]\n|upkeep\n|turn|4\n|inactive|testforthebiggame has 30 seconds left.\n|\n|t:|1699679494\n|switch|p1a: Goodra|Goodra, L50, F|100\/100\n|move|p2a: Scream Tail|Play Rough|p1a: Goodra\n|-supereffective|p1a: Goodra\n|-damage|p1a: Goodra|0 fnt\n|faint|p1a: Goodra\n|move|p2b: Dudunsparce|Hurricane|p1b: Ludicolo\n|-supereffective|p1b: Ludicolo\n|-damage|p1b: Ludicolo|50\/100 par\n|move|p1b: Ludicolo|Substitute|p1b: Ludicolo\n|-start|p1b: Ludicolo|Substitute\n|-damage|p1b: Ludicolo|26\/100 par\n|\n|-weather|RainDance|[upkeep]\n|-heal|p1b: Ludicolo|32\/100 par|[from] ability: Rain Dish\n|-heal|p1b: Ludicolo|37\/100 par|[from] item: Leftovers\n|-damage|p2a: Scream Tail|9\/100|[from] Leech Seed|[of] p1b: Ludicolo\n|-heal|p1b: Ludicolo|51\/100 par|[silent]\n|upkeep\n|c|\u2606bunearyboicherry|OOF\n|\n|t:|1699679512\n|switch|p1a: Politoed|Politoed, L50, F|71\/100\n|turn|5\n|\n|t:|1699679529\n|move|p1a: Politoed|Protect|p1a: Politoed\n|-singleturn|p1a: Politoed|Protect\n|move|p2a: Scream Tail|Play Rough|p1a: Politoed\n|-activate|p1a: Politoed|move: Protect\n|move|p2b: Dudunsparce|Hurricane|p1b: Ludicolo\n|-supereffective|p1b: Ludicolo\n|-end|p1b: Ludicolo|Substitute\n|move|p1b: Ludicolo|Leech Seed|p2b: Dudunsparce\n|-start|p2b: Dudunsparce|move: Leech Seed\n|\n|-weather|RainDance|[upkeep]\n|-heal|p1b: Ludicolo|57\/100 par|[from] ability: Rain Dish\n|-heal|p1b: Ludicolo|63\/100 par|[from] item: Leftovers\n|-damage|p2a: Scream Tail|0 fnt|[from] Leech Seed|[of] p1b: Ludicolo\n|-heal|p1b: Ludicolo|72\/100 par|[silent]\n|faint|p2a: Scream Tail\n|-end|p2a: Scream Tail|Protosynthesis|[silent]\n|-damage|p2b: Dudunsparce|88\/100|[from] Leech Seed|[of] p1b: Ludicolo\n|-heal|p1b: Ludicolo|87\/100 par|[silent]\n|upkeep\n|\n|t:|1699679532\n|switch|p2a: Houndstone|Houndstone, L50, M|100\/100\n|turn|6\n|inactive|testforthebiggame has 30 seconds left.\n|\n|t:|1699679560\n|move|p2a: Houndstone|Shadow Sneak|p1a: Politoed\n|-damage|p1a: Politoed|49\/100\n|move|p1a: Politoed|Muddy Water|p2a: Houndstone|[spread] p2a,p2b\n|-damage|p2a: Houndstone|61\/100\n|-damage|p2b: Dudunsparce|55\/100\n|-unboost|p2b: Dudunsparce|accuracy|1\n|move|p2b: Dudunsparce|Thunder|p1a: Politoed\n|-supereffective|p1a: Politoed\n|-damage|p1a: Politoed|0 fnt\n|faint|p1a: Politoed\n|move|p1b: Ludicolo|Leech Seed|p2a: Houndstone\n|-start|p2a: Houndstone|move: Leech Seed\n|\n|-weather|RainDance|[upkeep]\n|-heal|p1b: Ludicolo|93\/100 par|[from] ability: Rain Dish\n|-heal|p1b: Ludicolo|99\/100 par|[from] item: Leftovers\n|-damage|p2a: Houndstone|49\/100|[from] Leech Seed|[of] p1b: Ludicolo\n|-heal|p1b: Ludicolo|100\/100 par|[silent]\n|-damage|p2b: Dudunsparce|43\/100|[from] Leech Seed|[of] p1b: Ludicolo\n|upkeep\n|-enditem|p2a: Houndstone|Sitrus Berry|[eat]\n|-heal|p2a: Houndstone|74\/100|[from] item: Sitrus Berry\n|turn|7\n|\n|t:|1699679583\n|move|p2a: Houndstone|Howl|p2a: Houndstone|[spread] p2a,p2b\n|-boost|p2a: Houndstone|atk|1\n|-boost|p2b: Dudunsparce|atk|1\n|move|p2b: Dudunsparce|Hurricane|p1b: Ludicolo\n|-supereffective|p1b: Ludicolo\n|-damage|p1b: Ludicolo|60\/100 par\n|move|p1b: Ludicolo|Substitute|p1b: Ludicolo\n|-start|p1b: Ludicolo|Substitute\n|-damage|p1b: Ludicolo|35\/100 par\n|\n|-weather|RainDance|[upkeep]\n|-heal|p1b: Ludicolo|41\/100 par|[from] ability: Rain Dish\n|-heal|p1b: Ludicolo|47\/100 par|[from] item: Leftovers\n|-damage|p2a: Houndstone|61\/100|[from] Leech Seed|[of] p1b: Ludicolo\n|-heal|p1b: Ludicolo|58\/100 par|[silent]\n|-damage|p2b: Dudunsparce|30\/100|[from] Leech Seed|[of] p1b: Ludicolo\n|-heal|p1b: Ludicolo|73\/100 par|[silent]\n|upkeep\n|turn|8\n|\n|t:|1699679603\n|move|p2a: Houndstone|Howl|p2a: Houndstone|[spread] p2a,p2b\n|-boost|p2a: Houndstone|atk|1\n|-boost|p2b: Dudunsparce|atk|1\n|move|p2b: Dudunsparce|Hurricane|p1b: Ludicolo\n|-supereffective|p1b: Ludicolo\n|-end|p1b: Ludicolo|Substitute\n|move|p1b: Ludicolo|Seed Bomb|p2a: Houndstone\n|-crit|p2a: Houndstone\n|-damage|p2a: Houndstone|28\/100\n|\n|-weather|none\n|-heal|p1b: Ludicolo|79\/100 par|[from] item: Leftovers\n|-damage|p2a: Houndstone|15\/100|[from] Leech Seed|[of] p1b: Ludicolo\n|-heal|p1b: Ludicolo|90\/100 par|[silent]\n|-damage|p2b: Dudunsparce|18\/100|[from] Leech Seed|[of] p1b: Ludicolo\n|-heal|p1b: Ludicolo|100\/100 par|[silent]\n|upkeep\n|turn|9\n|\n|t:|1699679622\n|move|p2a: Houndstone|Shadow Sneak|p1b: Ludicolo\n|-damage|p1b: Ludicolo|58\/100 par\n|move|p2b: Dudunsparce|Hurricane|p1b: Ludicolo\n|-supereffective|p1b: Ludicolo\n|-damage|p1b: Ludicolo|10\/100 par\n|-start|p1b: Ludicolo|confusion\n|-activate|p1b: Ludicolo|confusion\n|-damage|p1b: Ludicolo|2\/100 par|[from] confusion\n|\n|-heal|p1b: Ludicolo|7\/100 par|[from] item: Leftovers\n|-damage|p2a: Houndstone|3\/100|[from] Leech Seed|[of] p1b: Ludicolo\n|-heal|p1b: Ludicolo|18\/100 par|[silent]\n|-damage|p2b: Dudunsparce|5\/100|[from] Leech Seed|[of] p1b: Ludicolo\n|-heal|p1b: Ludicolo|34\/100 par|[silent]\n|upkeep\n|turn|10\n|\n|t:|1699679634\n|move|p2a: Houndstone|Shadow Sneak|p1b: Ludicolo\n|-damage|p1b: Ludicolo|0 fnt\n|faint|p1b: Ludicolo\n|\n|win|bunearyboicherry\n|raw|testforthebiggame's rating: 1049 &rarr; <strong>1034<\/strong><br \/>(-15 for losing)\n|raw|bunearyboicherry's rating: 1105 &rarr; <strong>1126<\/strong><br \/>(+21 for winning)\n|c|\u2606bunearyboicherry|GG\n|c|\u2606testforthebiggame|GG!\n|c|\u2606testforthebiggame|Close game\n|c|\u2606bunearyboicherry|Yep very close\n","uploadtime":1699679656,"views":28,"p1id":"testforthebiggame","p2id":"bunearyboicherry","formatid":"gen9vgc2023regulatione","rating":1034,"private":0,"password":""}