{"id":"gen9vgc2023regulatione-1989363065","p1":"kcazrou","p2":"Mik91","format":"[Gen 9] VGC 2023 Regulation E","log":"|j|\u2606kcazrou\n|j|\u2606Mik91\n|t:|1699840946\n|gametype|doubles\n|player|p1|kcazrou|emma|1454\n|player|p2|Mik91|giovanni|1364\n|teamsize|p1|6\n|teamsize|p2|6\n|gen|9\n|tier|[Gen 9] VGC 2023 Regulation E\n|rated|\n|rule|Species Clause: Limit one of each Pok\u00e9mon\n|rule|Item Clause: Limit one of each item\n|clearpoke\n|poke|p1|Ursaluna, L50, F|\n|poke|p1|Enamorus-Therian, L50, F|\n|poke|p1|Oranguru, L50, M|\n|poke|p1|Iron Hands, L50|\n|poke|p1|Chi-Yu, L50|\n|poke|p1|Tornadus, L50, M|\n|poke|p2|Dusclops, L50, M|\n|poke|p2|Munkidori, L50, M|\n|poke|p2|Azumarill, L50, F|\n|poke|p2|Ursaluna, L50, F|\n|poke|p2|Heatran, L50, M|\n|poke|p2|Rillaboom, L50, M|\n|teampreview|4\n|inactive|Battle timer is ON: inactive players will automatically lose when time's up. (requested by Mik91)\n|inactive|kcazrou has 60 seconds left.\n|inactive|Mik91 has 60 seconds left.\n|\n|t:|1699840999\n|start\n|switch|p1a: Iron Hands|Iron Hands, L50|100\/100\n|switch|p1b: Chi-Yu|Chi-Yu, L50|100\/100\n|switch|p2a: Munkidori|Munkidori, L50, M|100\/100\n|switch|p2b: Heatran|Heatran, L50, M|100\/100\n|-ability|p1b: Chi-Yu|Beads of Ruin\n|turn|1\n|\n|t:|1699841020\n|-terastallize|p2b: Heatran|Fairy\n|move|p2a: Munkidori|Fake Out|p1a: Iron Hands\n|-damage|p1a: Iron Hands|96\/100\n|cant|p1a: Iron Hands|flinch\n|move|p1b: Chi-Yu|Dark Pulse|p2b: Heatran\n|-resisted|p2b: Heatran\n|-damage|p2b: Heatran|70\/100\n|-damage|p1b: Chi-Yu|90\/100|[from] item: Life Orb\n|move|p2b: Heatran|Earth Power|p1b: Chi-Yu\n|-supereffective|p1b: Chi-Yu\n|-damage|p1b: Chi-Yu|10\/100\n|\n|upkeep\n|turn|2\n|inactive|kcazrou has 30 seconds left.\n|inactive|Mik91 has 30 seconds left.\n|inactive|kcazrou has 20 seconds left.\n|inactive|Mik91 has 20 seconds left.\n|inactive|Mik91 has 15 seconds left.\n|\n|t:|1699841068\n|-terastallize|p1a: Iron Hands|Water\n|move|p1b: Chi-Yu|Protect|p1b: Chi-Yu\n|-singleturn|p1b: Chi-Yu|Protect\n|move|p2a: Munkidori|Psychic|p1a: Iron Hands\n|-damage|p1a: Iron Hands|58\/100\n|move|p2b: Heatran|Flamethrower|p1b: Chi-Yu\n|-activate|p1b: Chi-Yu|move: Protect\n|move|p1a: Iron Hands|Volt Switch|p2a: Munkidori\n|-damage|p2a: Munkidori|82\/100\n|\n|t:|1699841083\n|-end|p1a: Iron Hands|Quark Drive|[silent]\n|switch|p1a: Ursaluna|Ursaluna, L50, F|100\/100|[from] Volt Switch\n|\n|-status|p1a: Ursaluna|brn|[from] item: Flame Orb\n|upkeep\n|turn|3\n|inactive|kcazrou has 30 seconds left.\n|inactive|Mik91 has 30 seconds left.\n|inactive|kcazrou has 20 seconds left.\n|inactive|Mik91 has 20 seconds left.\n|inactive|kcazrou has 15 seconds left.\n|inactive|Mik91 has 15 seconds left.\n|inactive|kcazrou has 10 seconds left.\n|\n|t:|1699841135\n|switch|p1b: Enamorus|Enamorus-Therian, L50, F|100\/100\n|switch|p2b: Rillaboom|Rillaboom, L50, M|100\/100\n|-fieldstart|move: Grassy Terrain|[from] ability: Grassy Surge|[of] p2b: Rillaboom\n|move|p2a: Munkidori|Sludge Bomb|p1b: Enamorus\n|-supereffective|p1b: Enamorus\n|-damage|p1b: Enamorus|7\/100\n|move|p1a: Ursaluna|Earthquake|p2a: Munkidori|[spread] p2a,p2b\n|-immune|p1b: Enamorus\n|-supereffective|p2a: Munkidori\n|-resisted|p2b: Rillaboom\n|-damage|p2a: Munkidori|0 fnt\n|-damage|p2b: Rillaboom|85\/100\n|faint|p2a: Munkidori\n|\n|-heal|p2b: Rillaboom|91\/100|[from] Grassy Terrain\n|-damage|p1a: Ursaluna|95\/100 brn|[from] brn\n|upkeep\n|\n|t:|1699841158\n|switch|p2a: Heatran|Heatran, L50, M, tera:Fairy|70\/100\n|turn|4\n|\n|t:|1699841173\n|switch|p1b: Iron Hands|Iron Hands, L50, tera:Water|58\/100\n|move|p1a: Ursaluna|Protect|p1a: Ursaluna\n|-singleturn|p1a: Ursaluna|Protect\n|move|p2b: Rillaboom|Wood Hammer|p1a: Ursaluna\n|-activate|p1a: Ursaluna|move: Protect\n|move|p2a: Heatran|Flamethrower|p1b: Iron Hands\n|-resisted|p1b: Iron Hands\n|-damage|p1b: Iron Hands|44\/100\n|\n|-heal|p2b: Rillaboom|97\/100|[from] Grassy Terrain\n|-heal|p2a: Heatran|76\/100|[from] Grassy Terrain\n|-heal|p1b: Iron Hands|50\/100|[from] Grassy Terrain\n|-heal|p1a: Ursaluna|100\/100 brn|[from] Grassy Terrain\n|-damage|p1a: Ursaluna|95\/100 brn|[from] brn\n|upkeep\n|turn|5\n|inactive|Mik91 has 30 seconds left.\n|inactive|Mik91 has 20 seconds left.\n|inactive|Mik91 has 15 seconds left.\n|inactive|Mik91 has 10 seconds left.\n|inactive|Mik91 has 5 seconds left.\n|\n|t:|1699841226\n|switch|p2b: Azumarill|Azumarill, L50, F|100\/100\n|move|p1b: Iron Hands|Fake Out|p2b: Azumarill\n|-damage|p2b: Azumarill|87\/100\n|move|p2a: Heatran|Flamethrower|p1a: Ursaluna\n|-damage|p1a: Ursaluna|51\/100 brn\n|move|p1a: Ursaluna|Facade|p2b: Azumarill\n|-damage|p2b: Azumarill|0 fnt\n|faint|p2b: Azumarill\n|\n|-heal|p2a: Heatran|81\/100|[from] Grassy Terrain\n|-heal|p1b: Iron Hands|56\/100|[from] Grassy Terrain\n|-heal|p1a: Ursaluna|57\/100 brn|[from] Grassy Terrain\n|-damage|p1a: Ursaluna|51\/100 brn|[from] brn\n|upkeep\n|\n|t:|1699841237\n|switch|p2b: Rillaboom|Rillaboom, L50, M|97\/100\n|turn|6\n|\n|t:|1699841260\n|-end|p1b: Iron Hands|Quark Drive|[silent]\n|switch|p1b: Enamorus|Enamorus-Therian, L50, F|7\/100\n|move|p1a: Ursaluna|Protect|p1a: Ursaluna\n|-singleturn|p1a: Ursaluna|Protect\n|move|p2b: Rillaboom|Wood Hammer|p1a: Ursaluna\n|-activate|p1a: Ursaluna|move: Protect\n|move|p2a: Heatran|Flamethrower|p1b: Enamorus\n|-damage|p1b: Enamorus|0 fnt\n|faint|p1b: Enamorus\n|\n|-heal|p2b: Rillaboom|100\/100|[from] Grassy Terrain\n|-heal|p2a: Heatran|87\/100|[from] Grassy Terrain\n|-heal|p1a: Ursaluna|57\/100 brn|[from] Grassy Terrain\n|-damage|p1a: Ursaluna|51\/100 brn|[from] brn\n|upkeep\n|\n|t:|1699841273\n|switch|p1b: Iron Hands|Iron Hands, L50, tera:Water|56\/100\n|turn|7\n|\n|t:|1699841280\n|move|p1b: Iron Hands|Fake Out|p2b: Rillaboom\n|-damage|p2b: Rillaboom|86\/100\n|cant|p2b: Rillaboom|flinch\n|move|p2a: Heatran|Flamethrower|p1a: Ursaluna\n|-damage|p1a: Ursaluna|4\/100 brn\n|move|p1a: Ursaluna|Facade|p2b: Rillaboom\n|-damage|p2b: Rillaboom|0 fnt\n|faint|p2b: Rillaboom\n|\n|-heal|p2a: Heatran|93\/100|[from] Grassy Terrain\n|-heal|p1b: Iron Hands|62\/100|[from] Grassy Terrain\n|-heal|p1a: Ursaluna|10\/100 brn|[from] Grassy Terrain\n|-damage|p1a: Ursaluna|4\/100 brn|[from] brn\n|-fieldend|move: Grassy Terrain\n|upkeep\n|turn|8\n|inactive|Mik91 has 30 seconds left.\n|\n|t:|1699841318\n|move|p2a: Heatran|Protect|p2a: Heatran\n|-singleturn|p2a: Heatran|Protect\n|move|p1b: Iron Hands|Wild Charge|p2a: Heatran\n|-activate|p2a: Heatran|move: Protect\n|move|p1a: Ursaluna|Facade|p2a: Heatran\n|-activate|p2a: Heatran|move: Protect\n|\n|-damage|p1a: Ursaluna|0 fnt|[from] brn\n|faint|p1a: Ursaluna\n|upkeep\n|\n|t:|1699841322\n|switch|p1a: Chi-Yu|Chi-Yu, L50|10\/100\n|-ability|p1a: Chi-Yu|Beads of Ruin\n|turn|9\n|\n|t:|1699841344\n|move|p1a: Chi-Yu|Protect|p1a: Chi-Yu\n|-singleturn|p1a: Chi-Yu|Protect\n|move|p2a: Heatran|Earth Power|p1a: Chi-Yu\n|-activate|p1a: Chi-Yu|move: Protect\n|move|p1b: Iron Hands|Wild Charge|p2a: Heatran\n|-damage|p2a: Heatran|45\/100\n|-damage|p1b: Iron Hands|53\/100|[from] Recoil\n|\n|upkeep\n|turn|10\n|-message|Mik91 forfeited.\n|\n|win|kcazrou\n|raw|kcazrou's rating: 1454 &rarr; <strong>1469<\/strong><br \/>(+15 for winning)\n|raw|Mik91's rating: 1364 &rarr; <strong>1349<\/strong><br \/>(-15 for losing)\n|l|\u2606Mik91\n","uploadtime":1699841356,"views":13,"p1id":"kcazrou","p2id":"mik91","formatid":"gen9vgc2023regulatione","rating":1349,"private":0,"password":""}