{"id":"gen9vgc2023regulatione-1998534416","p1":"ivanpexa","p2":"Pepelu99","format":"[Gen 9] VGC 2023 Regulation E","log":"|j|\u2606ivanpexa\n|j|\u2606Pepelu99\n|t:|1700953313\n|gametype|doubles\n|player|p1|ivanpexa|169|\n|player|p2|Pepelu99|266|\n|teamsize|p1|6\n|teamsize|p2|6\n|gen|9\n|tier|[Gen 9] VGC 2023 Regulation E\n|rule|Species Clause: Limit one of each Pok\u00e9mon\n|rule|Item Clause: Limit one of each item\n|clearpoke\n|poke|p1|Heatran, L50, M|\n|poke|p1|Iron Hands, L50|\n|poke|p1|Roaring Moon, L50|\n|poke|p1|Amoonguss, L50, F|\n|poke|p1|Flutter Mane, L50|\n|poke|p1|Landorus-Therian, L50, M|\n|poke|p2|Chien-Pao, L50|\n|poke|p2|Rillaboom, L50, F|\n|poke|p2|Arcanine-Hisui, L50, F|\n|poke|p2|Urshifu-*, L50, M|\n|poke|p2|Tornadus, L50, M|\n|poke|p2|Flutter Mane, L50|\n|teampreview|4\n|\n|t:|1700953330\n|start\n|switch|p1a: Heatran|Heatran, L50, M|100\/100\n|switch|p1b: Landorus|Landorus-Therian, L50, M|100\/100\n|switch|p2a: Tornadus|Tornadus, L50, M|100\/100\n|switch|p2b: Arcanine|Arcanine-Hisui, L50, F|100\/100\n|-ability|p1b: Landorus|Intimidate|boost\n|-unboost|p2a: Tornadus|atk|1\n|-unboost|p2b: Arcanine|atk|1\n|-ability|p2b: Arcanine|Intimidate|boost\n|-unboost|p1a: Heatran|atk|1\n|-unboost|p1b: Landorus|atk|1\n|turn|1\n|\n|t:|1700953356\n|switch|p2b: Urshifu|Urshifu-Rapid-Strike, L50, M|100\/100\n|move|p2a: Tornadus|Rain Dance|p2a: Tornadus\n|-weather|RainDance\n|move|p1b: Landorus|Stomping Tantrum|p2b: Urshifu\n|-damage|p2b: Urshifu|75\/100\n|move|p1a: Heatran|Heat Wave|p2b: Urshifu|[spread] p2a,p2b\n|-resisted|p2b: Urshifu\n|-damage|p2a: Tornadus|76\/100\n|-damage|p2b: Urshifu|64\/100\n|\n|-weather|RainDance|[upkeep]\n|upkeep\n|turn|2\n|\n|t:|1700953385\n|switch|p1b: Amoonguss|Amoonguss, L50, F|100\/100\n|switch|p1a: Iron Hands|Iron Hands, L50|100\/100\n|-terastallize|p2b: Urshifu|Water\n|move|p2a: Tornadus|Tailwind|p2a: Tornadus\n|-sidestart|p2: Pepelu99|move: Tailwind\n|move|p2b: Urshifu|Surging Strikes|p1a: Iron Hands\n|-crit|p1a: Iron Hands\n|-damage|p1a: Iron Hands|67\/100\n|-crit|p1a: Iron Hands\n|-damage|p1a: Iron Hands|29\/100\n|-crit|p1a: Iron Hands\n|-damage|p1a: Iron Hands|0 fnt\n|faint|p1a: Iron Hands\n|-end|p1a: Iron Hands|Quark Drive|[silent]\n|-hitcount|p1: Iron Hands|3\n|\n|-weather|RainDance|[upkeep]\n|upkeep\n|\n|t:|1700953421\n|switch|p1a: Landorus|Landorus-Therian, L50, M|100\/100\n|-ability|p1a: Landorus|Intimidate|boost\n|-unboost|p2a: Tornadus|atk|1\n|-unboost|p2b: Urshifu|atk|1\n|turn|3\n|\n|t:|1700953559\n|-terastallize|p1a: Landorus|Flying\n|move|p2b: Urshifu|Detect|p2b: Urshifu\n|-singleturn|p2b: Urshifu|Protect\n|move|p1b: Amoonguss|Protect|p1b: Amoonguss\n|-singleturn|p1b: Amoonguss|Protect\n|move|p2a: Tornadus|Taunt|p1b: Amoonguss\n|-activate|p1b: Amoonguss|move: Protect\n|move|p1a: Landorus|Tera Blast|p2a: Tornadus|[anim] Tera Blast Flying\n|-damage|p2a: Tornadus|19\/100\n|\n|-weather|RainDance|[upkeep]\n|upkeep\n|turn|4\n|j| 3ChrisTresTigres\n|\n|t:|1700953605\n|switch|p2b: Arcanine|Arcanine-Hisui, L50, F|100\/100\n|-ability|p2b: Arcanine|Intimidate|boost\n|-unboost|p1a: Landorus|atk|1\n|-unboost|p1b: Amoonguss|atk|1\n|move|p1b: Amoonguss|Rage Powder|p1b: Amoonguss\n|-singleturn|p1b: Amoonguss|move: Rage Powder\n|move|p2a: Tornadus|Taunt|p1b: Amoonguss\n|-start|p1b: Amoonguss|move: Taunt\n|move|p1a: Landorus|Tera Blast|p2b: Arcanine|[anim] Tera Blast Flying\n|-resisted|p2b: Arcanine\n|-damage|p2b: Arcanine|78\/100\n|\n|-weather|RainDance|[upkeep]\n|upkeep\n|turn|5\n|\n|t:|1700953652\n|switch|p1b: Heatran|Heatran, L50, M|100\/100\n|move|p2a: Tornadus|Bleakwind Storm|p1a: Landorus|[spread] p1a,p1b\n|-resisted|p1b: Heatran\n|-damage|p1a: Landorus|63\/100\n|-damage|p1b: Heatran|87\/100\n|move|p2b: Arcanine|Rock Slide|p1a: Landorus|[spread] p1a\n|-miss|p2b: Arcanine|p1b: Heatran\n|-supereffective|p1a: Landorus\n|-damage|p1a: Landorus|0 fnt\n|faint|p1a: Landorus\n|\n|-weather|none\n|-sideend|p2: Pepelu99|move: Tailwind\n|upkeep\n|\n|t:|1700953667\n|switch|p1a: Amoonguss|Amoonguss, L50, F|100\/100\n|turn|6\n|\n|t:|1700953724\n|move|p1a: Amoonguss|Protect|p1a: Amoonguss\n|-singleturn|p1a: Amoonguss|Protect\n|move|p2a: Tornadus|Taunt|p1a: Amoonguss\n|-activate|p1a: Amoonguss|move: Protect\n|move|p2b: Arcanine|Rock Slide|p1a: Amoonguss|[spread] p1b\n|-activate|p1a: Amoonguss|move: Protect\n|-damage|p1b: Heatran|55\/100\n|move|p1b: Heatran|Heat Wave|p2a: Tornadus|[spread] p2a\n|-miss|p1b: Heatran|p2b: Arcanine\n|-damage|p2a: Tornadus|0 fnt\n|faint|p2a: Tornadus\n|\n|upkeep\n|\n|t:|1700953750\n|switch|p2a: Rillaboom|Rillaboom, L50, F|100\/100\n|-fieldstart|move: Grassy Terrain|[from] ability: Grassy Surge|[of] p2a: Rillaboom\n|turn|7\n|\n|t:|1700953823\n|move|p1b: Heatran|Protect|p1b: Heatran\n|-singleturn|p1b: Heatran|Protect\n|move|p2b: Arcanine|Rock Slide|p1a: Amoonguss|[spread] p1a\n|-activate|p1b: Heatran|move: Protect\n|-damage|p1a: Amoonguss|74\/100\n|move|p2a: Rillaboom|Wood Hammer|p1b: Heatran\n|-activate|p1b: Heatran|move: Protect\n|move|p1a: Amoonguss|Spore|p2b: Arcanine\n|-status|p2b: Arcanine|slp|[from] move: Spore\n|\n|-heal|p2b: Arcanine|84\/100 slp|[from] Grassy Terrain\n|-heal|p1b: Heatran|61\/100|[from] Grassy Terrain\n|-heal|p1a: Amoonguss|80\/100|[from] Grassy Terrain\n|upkeep\n|turn|8\n|\n|t:|1700953902\n|cant|p2b: Arcanine|slp\n|move|p2a: Rillaboom|Wood Hammer|p1a: Amoonguss\n|-resisted|p1a: Amoonguss\n|-damage|p1a: Amoonguss|65\/100\n|-damage|p2a: Rillaboom|84\/100|[from] item: Rocky Helmet|[of] p1a: Amoonguss\n|-damage|p2a: Rillaboom|79\/100|[from] Recoil\n|move|p1b: Heatran|Substitute|p1b: Heatran\n|-start|p1b: Heatran|Substitute\n|-damage|p1b: Heatran|36\/100\n|move|p1a: Amoonguss|Pollen Puff|p1b: Heatran\n|-heal|p1b: Heatran|86\/100\n|\n|-heal|p2b: Arcanine|91\/100 slp|[from] Grassy Terrain\n|-heal|p2a: Rillaboom|85\/100|[from] Grassy Terrain\n|-heal|p1b: Heatran|92\/100|[from] Grassy Terrain\n|-heal|p1a: Amoonguss|71\/100|[from] Grassy Terrain\n|upkeep\n|turn|9\n|\n|t:|1700953940\n|cant|p2b: Arcanine|slp\n|move|p2a: Rillaboom|Wood Hammer|p1a: Amoonguss\n|-resisted|p1a: Amoonguss\n|-damage|p1a: Amoonguss|55\/100\n|-damage|p2a: Rillaboom|68\/100|[from] item: Rocky Helmet|[of] p1a: Amoonguss\n|-damage|p2a: Rillaboom|62\/100|[from] Recoil\n|move|p1b: Heatran|Earth Power|p2b: Arcanine\n|-supereffective|p2b: Arcanine\n|-damage|p2b: Arcanine|0 fnt\n|faint|p2b: Arcanine\n|move|p1a: Amoonguss|Spore|p2a: Rillaboom\n|-immune|p2a: Rillaboom\n|\n|-heal|p2a: Rillaboom|68\/100|[from] Grassy Terrain\n|-heal|p1b: Heatran|98\/100|[from] Grassy Terrain\n|-heal|p1a: Amoonguss|61\/100|[from] Grassy Terrain\n|upkeep\n|\n|t:|1700953959\n|switch|p2b: Urshifu|Urshifu-Rapid-Strike, L50, M, tera:Water|64\/100\n|turn|10\n|\n|t:|1700953978\n|move|p1a: Amoonguss|Rage Powder|p1a: Amoonguss\n|-singleturn|p1a: Amoonguss|move: Rage Powder\n|move|p2b: Urshifu|Surging Strikes|p1a: Amoonguss\n|-resisted|p1a: Amoonguss\n|-crit|p1a: Amoonguss\n|-damage|p1a: Amoonguss|50\/100\n|-damage|p2b: Urshifu|48\/100|[from] item: Rocky Helmet|[of] p1a: Amoonguss\n|-resisted|p1a: Amoonguss\n|-crit|p1a: Amoonguss\n|-damage|p1a: Amoonguss|38\/100\n|-damage|p2b: Urshifu|31\/100|[from] item: Rocky Helmet|[of] p1a: Amoonguss\n|-resisted|p1a: Amoonguss\n|-crit|p1a: Amoonguss\n|-damage|p1a: Amoonguss|27\/100\n|-damage|p2b: Urshifu|15\/100|[from] item: Rocky Helmet|[of] p1a: Amoonguss\n|-hitcount|p1a: Amoonguss|3\n|move|p2a: Rillaboom|Wood Hammer|p1a: Amoonguss\n|-resisted|p1a: Amoonguss\n|-damage|p1a: Amoonguss|13\/100\n|-damage|p2a: Rillaboom|52\/100|[from] item: Rocky Helmet|[of] p1a: Amoonguss\n|-damage|p2a: Rillaboom|46\/100|[from] Recoil\n|move|p1b: Heatran|Earth Power|p2b: Urshifu\n|-damage|p2b: Urshifu|0 fnt\n|faint|p2b: Urshifu\n|\n|-heal|p2a: Rillaboom|52\/100|[from] Grassy Terrain\n|-heal|p1b: Heatran|100\/100|[from] Grassy Terrain\n|-heal|p1a: Amoonguss|19\/100|[from] Grassy Terrain\n|upkeep\n|turn|11\n|\n|t:|1700954058\n|move|p2a: Rillaboom|Wood Hammer|p1a: Amoonguss\n|-resisted|p1a: Amoonguss\n|-damage|p1a: Amoonguss|3\/100\n|-damage|p2a: Rillaboom|36\/100|[from] item: Rocky Helmet|[of] p1a: Amoonguss\n|-damage|p2a: Rillaboom|30\/100|[from] Recoil\n|move|p1b: Heatran|Heat Wave|p2a: Rillaboom\n|-supereffective|p2a: Rillaboom\n|-damage|p2a: Rillaboom|0 fnt\n|faint|p2a: Rillaboom\n|\n|win|ivanpexa\n","uploadtime":1700954068,"views":3,"p1id":"ivanpexa","p2id":"pepelu99","formatid":"gen9vgc2023regulatione","rating":0,"private":0,"password":""}