{"id":"gen9vgc2023regulatione-2000552884","p1":"JosephVang","p2":"hratime","format":"[Gen 9] VGC 2023 Regulation E","log":"|j|\u2606JosephVang\n|j|\u2606hratime\n|t:|1701204707\n|gametype|doubles\n|player|p1|JosephVang|101|1153\n|player|p2|hratime|bertha|1230\n|teamsize|p1|6\n|teamsize|p2|6\n|gen|9\n|tier|[Gen 9] VGC 2023 Regulation E\n|rated|\n|rule|Species Clause: Limit one of each Pok\u00e9mon\n|rule|Item Clause: Limit one of each item\n|clearpoke\n|poke|p1|Dragapult, L50, M|\n|poke|p1|Gastrodon-East, L50, F|\n|poke|p1|Tyranitar, L50, M|\n|poke|p1|Toedscruel, L50, M|\n|poke|p1|Skeledirge, L50, M|\n|poke|p1|Talonflame, L50, M|\n|poke|p2|Golem-Alola, L50, F|\n|poke|p2|Sinistcha, L50|\n|poke|p2|Dondozo, L50, F|\n|poke|p2|Iron Hands, L50|\n|poke|p2|Maushold, L50|\n|poke|p2|Rabsca, L50, F|\n|teampreview|4\n|inactive|Battle timer is ON: inactive players will automatically lose when time's up. (requested by hratime)\n|inactive|JosephVang has 60 seconds left.\n|inactive|hratime has 60 seconds left.\n|inactive|JosephVang has 30 seconds left.\n|\n|t:|1701204776\n|start\n|switch|p1a: Talonflame|Talonflame, L50, M|100\/100\n|switch|p1b: Toedscruel|Toedscruel, L50, M|100\/100\n|switch|p2a: Sinistcha|Sinistcha, L50|100\/100\n|switch|p2b: Rabsca|Rabsca, L50, F|100\/100\n|turn|1\n|inactive|hratime has 30 seconds left.\n|\n|t:|1701204802\n|move|p1a: Talonflame|Taunt|p2a: Sinistcha\n|-start|p2a: Sinistcha|move: Taunt\n|-enditem|p2a: Sinistcha|Mental Herb\n|-end|p2a: Sinistcha|move: Taunt\n|move|p2a: Sinistcha|Matcha Gotcha|p1b: Toedscruel|[spread] p1a,p1b\n|-resisted|p1a: Talonflame\n|-damage|p1a: Talonflame|93\/100\n|-damage|p1b: Toedscruel|84\/100\n|-status|p1b: Toedscruel|brn\n|move|p2b: Rabsca|Psychic|p1a: Talonflame\n|-damage|p1a: Talonflame|48\/100\n|-unboost|p1a: Talonflame|spd|1\n|move|p1b: Toedscruel|Spore|p2b: Rabsca\n|-status|p2b: Rabsca|slp|[from] move: Spore\n|\n|-damage|p1b: Toedscruel|79\/100 brn|[from] brn\n|upkeep\n|turn|2\n|inactive|hratime has 30 seconds left.\n|\n|t:|1701204829\n|move|p2a: Sinistcha|Protect|p2a: Sinistcha\n|-singleturn|p2a: Sinistcha|Protect\n|cant|p2b: Rabsca|slp\n|move|p1a: Talonflame|Brave Bird|p2a: Sinistcha\n|-activate|p2a: Sinistcha|move: Protect\n|move|p1b: Toedscruel|Giga Drain|p2a: Sinistcha\n|-activate|p2a: Sinistcha|move: Protect\n|\n|-damage|p1b: Toedscruel|73\/100 brn|[from] brn\n|upkeep\n|turn|3\n|\n|t:|1701204848\n|switch|p1b: Skeledirge|Skeledirge, L50, M|100\/100\n|switch|p2a: Iron Hands|Iron Hands, L50|100\/100\n|move|p1a: Talonflame|Brave Bird|p2b: Rabsca\n|-supereffective|p2b: Rabsca\n|-damage|p2b: Rabsca|33\/100 slp\n|-damage|p1a: Talonflame|26\/100|[from] Recoil\n|cant|p2b: Rabsca|slp\n|\n|upkeep\n|turn|4\n|inactive|JosephVang has 30 seconds left.\n|inactive|hratime has 30 seconds left.\n|inactive|hratime has 20 seconds left.\n|\n|t:|1701204884\n|switch|p2b: Golem|Golem-Alola, L50, F|100\/100\n|move|p2a: Iron Hands|Fake Out|p1a: Talonflame\n|-damage|p1a: Talonflame|8\/100\n|cant|p1a: Talonflame|flinch\n|move|p1b: Skeledirge|Torch Song|p2a: Iron Hands\n|-damage|p2a: Iron Hands|71\/100\n|-boost|p1b: Skeledirge|spa|1\n|-enditem|p1b: Skeledirge|Throat Spray\n|-boost|p1b: Skeledirge|spa|1|[from] item: Throat Spray\n|\n|upkeep\n|turn|5\n|\n|t:|1701204903\n|-end|p2a: Iron Hands|Quark Drive|[silent]\n|switch|p2a: Rabsca|Rabsca, L50, F|33\/100 slp\n|-terastallize|p1b: Skeledirge|Fairy\n|move|p1a: Talonflame|Taunt|p2b: Golem\n|-start|p2b: Golem|move: Taunt\n|move|p1b: Skeledirge|Tera Blast|p2a: Rabsca|[anim] Tera Blast Fairy\n|-damage|p2a: Rabsca|0 fnt\n|faint|p2a: Rabsca\n|move|p2b: Golem|Explosion|p1a: Talonflame|[spread] p1a,p1b\n|-supereffective|p1a: Talonflame\n|-damage|p1a: Talonflame|0 fnt\n|-damage|p1b: Skeledirge|0 fnt\n|faint|p2b: Golem\n|faint|p1a: Talonflame\n|faint|p1b: Skeledirge\n|\n|upkeep\n|inactive|hratime has 30 seconds left.\n|\n|t:|1701204930\n|switch|p1a: Dragapult|Dragapult, L50, M|100\/100\n|switch|p1b: Toedscruel|Toedscruel, L50, M|73\/100 brn\n|switch|p2a: Sinistcha|Sinistcha, L50|100\/100\n|switch|p2b: Iron Hands|Iron Hands, L50|71\/100\n|-heal|p2b: Iron Hands|96\/100|[from] ability: Hospitality|[of] p2a: Sinistcha\n|turn|6\n|\n|t:|1701204949\n|move|p1a: Dragapult|Phantom Force||[still]\n|-prepare|p1a: Dragapult|Phantom Force\n|move|p2a: Sinistcha|Nasty Plot|p2a: Sinistcha\n|-boost|p2a: Sinistcha|spa|2\n|move|p2b: Iron Hands|Electric Terrain|p2b: Iron Hands\n|-fieldstart|move: Electric Terrain\n|-activate|p2b: Iron Hands|ability: Quark Drive\n|-start|p2b: Iron Hands|quarkdriveatk\n|move|p1b: Toedscruel|Spore|p2b: Iron Hands\n|-activate|p2b: Iron Hands|move: Electric Terrain\n|\n|-damage|p1b: Toedscruel|67\/100 brn|[from] brn\n|upkeep\n|turn|7\n|\n|t:|1701204970\n|-terastallize|p2a: Sinistcha|Fire\n|move|p1b: Toedscruel|Protect|p1b: Toedscruel\n|-singleturn|p1b: Toedscruel|Protect\n|move|p1a: Dragapult|Phantom Force|p2a: Sinistcha|[from]lockedmove\n|-crit|p2a: Sinistcha\n|-damage|p2a: Sinistcha|46\/100\n|move|p2a: Sinistcha|Matcha Gotcha|p1b: Toedscruel|[spread] p1a\n|-activate|p1b: Toedscruel|move: Protect\n|-resisted|p1a: Dragapult\n|-damage|p1a: Dragapult|67\/100\n|-heal|p2a: Sinistcha|61\/100|[from] drain|[of] p1a: Dragapult\n|move|p2b: Iron Hands|Wild Charge|p1a: Dragapult\n|-resisted|p1a: Dragapult\n|-damage|p1a: Dragapult|10\/100\n|-damage|p2b: Iron Hands|86\/100|[from] Recoil\n|\n|-damage|p1b: Toedscruel|61\/100 brn|[from] brn\n|upkeep\n|turn|8\n|inactive|hratime has 30 seconds left.\n|inactive|hratime has 20 seconds left.\n|inactive|hratime has 15 seconds left.\n|\n|t:|1701205011\n|move|p1a: Dragapult|Dragon Darts|p2a: Sinistcha\n|-damage|p2a: Sinistcha|39\/100\n|-anim|p1a: Dragapult|Dragon Darts|p2b: Iron Hands\n|-damage|p2b: Iron Hands|68\/100\n|move|p1b: Toedscruel|Giga Drain|p2b: Iron Hands\n|-damage|p2b: Iron Hands|51\/100\n|-heal|p1b: Toedscruel|73\/100 brn|[from] drain|[of] p2b: Iron Hands\n|move|p2a: Sinistcha|Matcha Gotcha|p1a: Dragapult|[spread] p1a,p1b\n|-resisted|p1a: Dragapult\n|-crit|p1b: Toedscruel\n|-damage|p1a: Dragapult|0 fnt\n|-heal|p2a: Sinistcha|43\/100|[from] drain|[of] p1a: Dragapult\n|-damage|p1b: Toedscruel|27\/100 brn\n|-heal|p2a: Sinistcha|68\/100|[from] drain|[of] p1b: Toedscruel\n|faint|p1a: Dragapult\n|move|p2b: Iron Hands|Drain Punch|p1b: Toedscruel\n|-damage|p1b: Toedscruel|0 fnt\n|-heal|p2b: Iron Hands|61\/100|[from] drain|[of] p1b: Toedscruel\n|-damage|p2b: Iron Hands|45\/100|[from] item: Rocky Helmet|[of] p1b: Toedscruel\n|-enditem|p2b: Iron Hands|Sitrus Berry|[eat]\n|-heal|p2b: Iron Hands|69\/100|[from] item: Sitrus Berry\n|faint|p1b: Toedscruel\n|\n|win|hratime\n|raw|JosephVang's rating: 1153 &rarr; <strong>1133<\/strong><br \/>(-20 for losing)\n|raw|hratime's rating: 1230 &rarr; <strong>1250<\/strong><br \/>(+20 for winning)\n|c|\u2606JosephVang|gg\n","uploadtime":1701205031,"views":0,"p1id":"josephvang","p2id":"hratime","formatid":"gen9vgc2023regulatione","rating":1133,"private":0,"password":""}