{"id":"gen9vgc2023regulatione-1995241343","p1":"mjclay","p2":"That_Leek","format":"[Gen 9] VGC 2023 Regulation E","log":"|j|\u2606mjclay\n|j|\u2606That_Leek\n|t:|1700538905\n|gametype|doubles\n|player|p1|mjclay|265|1424\n|player|p2|That_Leek|blue|1481\n|teamsize|p1|6\n|teamsize|p2|6\n|gen|9\n|tier|[Gen 9] VGC 2023 Regulation E\n|rated|\n|rule|Species Clause: Limit one of each Pok\u00e9mon\n|rule|Item Clause: Limit one of each item\n|clearpoke\n|poke|p1|Grimmsnarl, L50, M|\n|poke|p1|Hatterene, L50, F|\n|poke|p1|Scovillain, L50, F|\n|poke|p1|Baxcalibur, L50, M|\n|poke|p1|Torkoal, L50, F|\n|poke|p1|Ursaluna, L50, M|\n|poke|p2|Gholdengo, L50|\n|poke|p2|Ogerpon-Wellspring, L50, F|\n|poke|p2|Arcanine-Hisui, L50, F|\n|poke|p2|Chien-Pao, L50|\n|poke|p2|Scream Tail, L50|\n|poke|p2|Dragonite, L50, M|\n|teampreview|4\n|inactive|Battle timer is ON: inactive players will automatically lose when time's up. (requested by mjclay)\nThat_Leek has agreed to open team sheets.\n|\n|t:|1700538925\n|start\n|switch|p1a: Grimmsnarl|Grimmsnarl, L50, M|100\/100\n|switch|p1b: Hatterene|Hatterene, L50, F|100\/100\n|switch|p2a: Gholdengo|Gholdengo, L50|100\/100\n|switch|p2b: Ogerpon|Ogerpon-Wellspring, L50, F|100\/100\n|turn|1\n|\n|t:|1700538942\n|-terastallize|p1b: Hatterene|Steel\n|move|p1a: Grimmsnarl|Fake Out|p2b: Ogerpon\n|-damage|p2b: Ogerpon|84\/100\n|-damage|p1a: Grimmsnarl|91\/100|[from] item: Life Orb\n|cant|p2b: Ogerpon|flinch\n|move|p2a: Gholdengo|Nasty Plot|p2a: Gholdengo\n|-boost|p2a: Gholdengo|spa|2\n|move|p1b: Hatterene|Trick Room|p1b: Hatterene\n|-fieldstart|move: Trick Room|[of] p1b: Hatterene\n|\n|upkeep\n|turn|2\n|inactive|That_Leek has 30 seconds left.\n|inactive|That_Leek has 20 seconds left.\n|inactive|That_Leek has 15 seconds left.\n|\n|t:|1700538985\n|move|p1b: Hatterene|Psyshock|p2b: Ogerpon\n|-damage|p2b: Ogerpon|38\/100\n|move|p1a: Grimmsnarl|Spirit Break|p2a: Gholdengo\n|-resisted|p2a: Gholdengo\n|-damage|p2a: Gholdengo|77\/100\n|-unboost|p2a: Gholdengo|spa|1\n|-damage|p1a: Grimmsnarl|81\/100|[from] item: Life Orb\n|move|p2a: Gholdengo|Nasty Plot|p2a: Gholdengo\n|-boost|p2a: Gholdengo|spa|2\n|move|p2b: Ogerpon|Ivy Cudgel|p1b: Hatterene|[anim] Ivy Cudgel Water\n|-crit|p1b: Hatterene\n|-damage|p1b: Hatterene|12\/100\n|\n|upkeep\n|turn|3\n|\n|t:|1700539002\n|move|p2b: Ogerpon|Spiky Shield|p2b: Ogerpon\n|-singleturn|p2b: Ogerpon|move: Protect\n|move|p1b: Hatterene|Dazzling Gleam|p2a: Gholdengo|[spread] p2a\n|-activate|p2b: Ogerpon|move: Protect\n|-resisted|p2a: Gholdengo\n|-damage|p2a: Gholdengo|58\/100\n|move|p1a: Grimmsnarl|Spirit Break|p2a: Gholdengo\n|-resisted|p2a: Gholdengo\n|-crit|p2a: Gholdengo\n|-damage|p2a: Gholdengo|22\/100\n|-unboost|p2a: Gholdengo|spa|1\n|-enditem|p2a: Gholdengo|Sitrus Berry|[eat]\n|-heal|p2a: Gholdengo|46\/100|[from] item: Sitrus Berry\n|-damage|p1a: Grimmsnarl|71\/100|[from] item: Life Orb\n|move|p2a: Gholdengo|Nasty Plot|p2a: Gholdengo\n|-boost|p2a: Gholdengo|spa|2\n|\n|upkeep\n|turn|4\n|inactive|mjclay has 30 seconds left.\n|j| thomas shelby 1\n|\n|t:|1700539032\n|move|p2a: Gholdengo|Protect|p2a: Gholdengo\n|-singleturn|p2a: Gholdengo|Protect\n|move|p1b: Hatterene|Dazzling Gleam|p2a: Gholdengo|[spread] p2b\n|-activate|p2a: Gholdengo|move: Protect\n|-damage|p2b: Ogerpon|3\/100\n|move|p1a: Grimmsnarl|Spirit Break|p2b: Ogerpon\n|-damage|p2b: Ogerpon|0 fnt\n|faint|p2b: Ogerpon\n|-damage|p1a: Grimmsnarl|61\/100|[from] item: Life Orb\n|\n|upkeep\n|\n|t:|1700539049\n|switch|p2b: Arcanine|Arcanine-Hisui, L50, F|100\/100\n|-ability|p2b: Arcanine|Intimidate|boost\n|-unboost|p1a: Grimmsnarl|atk|1\n|-unboost|p1b: Hatterene|atk|1\n|turn|5\n|\n|t:|1700539058\n|move|p2b: Arcanine|Extreme Speed|p1b: Hatterene\n|-resisted|p1b: Hatterene\n|-damage|p1b: Hatterene|0 fnt\n|faint|p1b: Hatterene\n|move|p1a: Grimmsnarl|Spirit Break|p2a: Gholdengo\n|-resisted|p2a: Gholdengo\n|-damage|p2a: Gholdengo|32\/100\n|-unboost|p2a: Gholdengo|spa|1\n|-damage|p1a: Grimmsnarl|51\/100|[from] item: Life Orb\n|move|p2a: Gholdengo|Make It Rain|p1a: Grimmsnarl\n|-supereffective|p1a: Grimmsnarl\n|-crit|p1a: Grimmsnarl\n|-damage|p1a: Grimmsnarl|0 fnt\n|-unboost|p2a: Gholdengo|spa|1\n|faint|p1a: Grimmsnarl\n|\n|-fieldend|move: Trick Room\n|upkeep\n|\n|t:|1700539061\n|switch|p1a: Baxcalibur|Baxcalibur, L50, M|100\/100\n|switch|p1b: Ursaluna|Ursaluna, L50, M|100\/100\n|turn|6\n|\n|t:|1700539072\n|move|p2a: Gholdengo|Protect|p2a: Gholdengo\n|-singleturn|p2a: Gholdengo|Protect\n|move|p1b: Ursaluna|Protect|p1b: Ursaluna\n|-singleturn|p1b: Ursaluna|Protect\n|move|p2b: Arcanine|Extreme Speed|p1a: Baxcalibur\n|-damage|p1a: Baxcalibur|61\/100\n|move|p1a: Baxcalibur|High Horsepower|p2a: Gholdengo\n|-activate|p2a: Gholdengo|move: Protect\n|\n|-status|p1b: Ursaluna|brn|[from] item: Flame Orb\n|upkeep\n|turn|7\n|\n|t:|1700539084\n|-terastallize|p2a: Gholdengo|Water\n|move|p2b: Arcanine|Extreme Speed|p1a: Baxcalibur\n|-damage|p1a: Baxcalibur|26\/100\n|move|p1a: Baxcalibur|High Horsepower|p2a: Gholdengo\n|-damage|p2a: Gholdengo|0 fnt\n|faint|p2a: Gholdengo\n|move|p1b: Ursaluna|Headlong Rush|p2b: Arcanine\n|-supereffective|p2b: Arcanine\n|-damage|p2b: Arcanine|0 fnt\n|-unboost|p1b: Ursaluna|def|1\n|-unboost|p1b: Ursaluna|spd|1\n|faint|p2b: Arcanine\n|\n|-damage|p1b: Ursaluna|95\/100 brn|[from] brn\n|upkeep\n|\n|t:|1700539087\n|switch|p2b: Chien-Pao|Chien-Pao, L50|100\/100\n|-ability|p2b: Chien-Pao|Sword of Ruin\n|turn|8\n|inactive|mjclay has 30 seconds left.\n|inactive|mjclay has 20 seconds left.\n|\n|t:|1700539124\n|move|p2b: Chien-Pao|Protect|p2b: Chien-Pao\n|-singleturn|p2b: Chien-Pao|Protect\n|move|p1a: Baxcalibur|Glaive Rush|p2b: Chien-Pao\n|-activate|p2b: Chien-Pao|move: Protect\n|move|p1b: Ursaluna|Facade|p2b: Chien-Pao\n|-activate|p2b: Chien-Pao|move: Protect\n|\n|-damage|p1b: Ursaluna|89\/100 brn|[from] brn\n|upkeep\n|turn|9\n|\n|t:|1700539140\n|move|p1a: Baxcalibur|Ice Shard|p2b: Chien-Pao\n|-resisted|p2b: Chien-Pao\n|-damage|p2b: Chien-Pao|81\/100\n|move|p2b: Chien-Pao|Sacred Sword|p1a: Baxcalibur\n|-supereffective|p1a: Baxcalibur\n|-damage|p1a: Baxcalibur|0 fnt\n|faint|p1a: Baxcalibur\n|move|p1b: Ursaluna|Facade|p2b: Chien-Pao\n|-damage|p2b: Chien-Pao|0 fnt\n|faint|p2b: Chien-Pao\n|\n|win|mjclay\n|raw|mjclay's rating: 1424 &rarr; <strong>1447<\/strong><br \/>(+23 for winning)\n|raw|That_Leek's rating: 1468 &rarr; <strong>1445<\/strong><br \/>(-23 for losing)\n|l|\u2606mjclay\n","uploadtime":1700539166,"views":5,"p1id":"mjclay","p2id":"thatleek","formatid":"gen9vgc2023regulatione","rating":1445,"private":0,"password":""}