{"id":"gen9vgc2023regulatione-1989221379","p1":"sanik_heghog","p2":"Tutkan","format":"[Gen 9] VGC 2023 Regulation E","log":"|j|\u2606sanik_heghog\n|j|\u2606Tutkan\n|t:|1699824934\n|gametype|doubles\n|player|p1|sanik_heghog|dawn|1241\n|player|p2|Tutkan|170|1389\n|teamsize|p1|6\n|teamsize|p2|6\n|gen|9\n|tier|[Gen 9] VGC 2023 Regulation E\n|rated|\n|rule|Species Clause: Limit one of each Pok\u00e9mon\n|rule|Item Clause: Limit one of each item\n|clearpoke\n|poke|p1|Urshifu-*, L50, F|\n|poke|p1|Tornadus, L50, M|\n|poke|p1|Flutter Mane, L50|\n|poke|p1|Iron Hands, L50|\n|poke|p1|Sinistcha, L50|\n|poke|p1|Arcanine-Hisui, L50, M|\n|poke|p2|Heatran, L50, F|\n|poke|p2|Chien-Pao, L50|\n|poke|p2|Dragonite, L50, F|\n|poke|p2|Urshifu-*, L50, M|\n|poke|p2|Flutter Mane, L50|\n|poke|p2|Tornadus, L50, M|\n|teampreview|4\nsanik_heghog has agreed to open team sheets.\nTutkan has agreed to open team sheets.\n|\n|t:|1699825020\n|start\n|switch|p1a: Urshifu|Urshifu-Rapid-Strike, L50, F|100\/100\n|switch|p1b: Tornadus|Tornadus, L50, M|100\/100\n|switch|p2a: Tornadus|Tornadus, L50, M|100\/100\n|switch|p2b: Dragonite|Dragonite, L50, F|100\/100\n|turn|1\n|\n|t:|1699825085\n|-terastallize|p1a: Urshifu|Steel\n|move|p1b: Tornadus|Rain Dance|p1b: Tornadus\n|-weather|RainDance\n|move|p2a: Tornadus|Tailwind|p2a: Tornadus\n|-sidestart|p2: Tutkan|move: Tailwind\n|move|p1a: Urshifu|Surging Strikes|p2a: Tornadus\n|-crit|p2a: Tornadus\n|-damage|p2a: Tornadus|60\/100\n|-crit|p2a: Tornadus\n|-damage|p2a: Tornadus|18\/100\n|-crit|p2a: Tornadus\n|-damage|p2a: Tornadus|0 fnt\n|faint|p2a: Tornadus\n|-hitcount|p2: Tornadus|3\n|move|p2b: Dragonite|Stomping Tantrum|p1a: Urshifu\n|-supereffective|p1a: Urshifu\n|-crit|p1a: Urshifu\n|-damage|p1a: Urshifu|0 fnt\n|faint|p1a: Urshifu\n|\n|-weather|RainDance|[upkeep]\n|upkeep\n|\n|t:|1699825115\n|switch|p2a: Flutter Mane|Flutter Mane, L50|100\/100\n|switch|p1a: Flutter Mane|Flutter Mane, L50|100\/100\n|-enditem|p2a: Flutter Mane|Booster Energy\n|-activate|p2a: Flutter Mane|ability: Protosynthesis|[fromitem]\n|-start|p2a: Flutter Mane|protosynthesisspa\n|-enditem|p1a: Flutter Mane|Booster Energy\n|-activate|p1a: Flutter Mane|ability: Protosynthesis|[fromitem]\n|-start|p1a: Flutter Mane|protosynthesisspe\n|turn|2\n|\n|t:|1699825158\n|switch|p2b: Heatran|Heatran, L50, F|100\/100\n|-terastallize|p2a: Flutter Mane|Water\n|move|p1b: Tornadus|Tailwind|p1b: Tornadus\n|-sidestart|p1: sanik_heghog|move: Tailwind\n|move|p1a: Flutter Mane|Shadow Ball|p2a: Flutter Mane\n|-damage|p2a: Flutter Mane|58\/100\n|move|p2a: Flutter Mane|Shadow Ball|p1a: Flutter Mane\n|-supereffective|p1a: Flutter Mane\n|-crit|p1a: Flutter Mane\n|-damage|p1a: Flutter Mane|0 fnt\n|faint|p1a: Flutter Mane\n|-end|p1a: Flutter Mane|Protosynthesis|[silent]\n|\n|-weather|RainDance|[upkeep]\n|upkeep\n|\n|t:|1699825171\n|switch|p1a: Iron Hands|Iron Hands, L50|100\/100\n|turn|3\n|\n|t:|1699825202\n|switch|p2b: Dragonite|Dragonite, L50, F|100\/100\n|move|p1a: Iron Hands|Fake Out|p2a: Flutter Mane\n|-damage|p2a: Flutter Mane|32\/100\n|cant|p2a: Flutter Mane|flinch\n|move|p1b: Tornadus|Bleakwind Storm|p2b: Dragonite|[spread] p2a,p2b\n|-damage|p2a: Flutter Mane|0 fnt\n|-damage|p2b: Dragonite|63\/100\n|faint|p2a: Flutter Mane\n|-end|p2a: Flutter Mane|Protosynthesis|[silent]\n|\n|-weather|RainDance|[upkeep]\n|upkeep\n|\n|t:|1699825212\n|switch|p2a: Heatran|Heatran, L50, F|100\/100\n|turn|4\n|\n|t:|1699825224\n|move|p1b: Tornadus|Bleakwind Storm|p2a: Heatran|[spread] p2a,p2b\n|-resisted|p2a: Heatran\n|-damage|p2a: Heatran|89\/100\n|-damage|p2b: Dragonite|25\/100\n|-unboost|p2b: Dragonite|spe|1\n|move|p2a: Heatran|Earth Power|p1a: Iron Hands\n|-supereffective|p1a: Iron Hands\n|-damage|p1a: Iron Hands|58\/100\n|move|p2b: Dragonite|Stomping Tantrum|p1a: Iron Hands\n|-supereffective|p1a: Iron Hands\n|-damage|p1a: Iron Hands|3\/100\n|move|p1a: Iron Hands|Drain Punch|p2a: Heatran\n|-supereffective|p2a: Heatran\n|-damage|p2a: Heatran|13\/100\n|-heal|p1a: Iron Hands|31\/100|[from] drain|[of] p2a: Heatran\n|\n|-weather|RainDance|[upkeep]\n|-sideend|p2: Tutkan|move: Tailwind\n|upkeep\n|turn|5\n|\n|t:|1699825252\n|move|p1b: Tornadus|Bleakwind Storm|p2a: Heatran|[spread] p2a,p2b\n|-resisted|p2a: Heatran\n|-damage|p2a: Heatran|2\/100\n|-damage|p2b: Dragonite|0 fnt\n|-unboost|p2a: Heatran|spe|1\n|faint|p2b: Dragonite\n|move|p1a: Iron Hands|Wild Charge|p2a: Heatran\n|-damage|p2a: Heatran|0 fnt\n|faint|p2a: Heatran\n|-damage|p1a: Iron Hands|30\/100|[from] Recoil\n|\n|win|sanik_heghog\n|raw|sanik_heghog's rating: 1258 &rarr; <strong>1292<\/strong><br \/>(+34 for winning)\n|raw|Tutkan's rating: 1389 &rarr; <strong>1362<\/strong><br \/>(-27 for losing)\n","uploadtime":1699825265,"views":15,"p1id":"sanikheghog","p2id":"tutkan","formatid":"gen9vgc2023regulatione","rating":1292,"private":0,"password":""}