{"id":"gen9vgc2023regulatione-1993913158","p1":"MJ_VGC_0","p2":"Krjzhzk","format":"[Gen 9] VGC 2023 Regulation E","log":"|j|\u2606MJ_VGC_0\n|j|\u2606Krjzhzk\n|t:|1700374393\n|gametype|doubles\n|player|p1|MJ_VGC_0|102|1155\n|player|p2|Krjzhzk|lance|1235\n|teamsize|p1|6\n|teamsize|p2|6\n|gen|9\n|tier|[Gen 9] VGC 2023 Regulation E\n|rated|\n|rule|Species Clause: Limit one of each Pok\u00e9mon\n|rule|Item Clause: Limit one of each item\n|clearpoke\n|poke|p1|Kommo-o, L50, F|\n|poke|p1|Tyranitar, L50, M|\n|poke|p1|Rillaboom, L50, F|\n|poke|p1|Flutter Mane, L50|\n|poke|p1|Arcanine-Hisui, L50, F|\n|poke|p1|Iron Bundle, L50|\n|poke|p2|Flutter Mane, L50|\n|poke|p2|Tornadus, L50, M|\n|poke|p2|Rillaboom, L50, M|\n|poke|p2|Garganacl, L50, M|\n|poke|p2|Arcanine-Hisui, L50, F|\n|poke|p2|Chien-Pao, L50|\n|teampreview|4\n|inactive|Battle timer is ON: inactive players will automatically lose when time's up. (requested by Krjzhzk)\n|\n|t:|1700374428\n|start\n|switch|p1a: Iron Bundle|Iron Bundle, L50|100\/100\n|switch|p1b: Kommo-o|Kommo-o, L50, F|100\/100\n|switch|p2a: Tornadus|Tornadus, L50, M|100\/100\n|switch|p2b: Garganacl|Garganacl, L50, M|100\/100\n|-enditem|p1a: Iron Bundle|Booster Energy\n|-activate|p1a: Iron Bundle|ability: Quark Drive|[fromitem]\n|-start|p1a: Iron Bundle|quarkdrivespe\n|turn|1\n|\n|t:|1700374443\n|-terastallize|p2b: Garganacl|Ghost\n|move|p2a: Tornadus|Taunt|p1b: Kommo-o\n|-start|p1b: Kommo-o|move: Taunt\n|move|p1a: Iron Bundle|Freeze-Dry|p2b: Garganacl\n|-damage|p2b: Garganacl|77\/100\n|move|p1b: Kommo-o|Body Press|p2b: Garganacl\n|-immune|p2b: Garganacl\n|move|p2b: Garganacl|Salt Cure|p1a: Iron Bundle\n|-supereffective|p1a: Iron Bundle\n|-damage|p1a: Iron Bundle|68\/100\n|-start|p1a: Iron Bundle|Salt Cure\n|\n|-damage|p1a: Iron Bundle|44\/100|[from] Salt Cure\n|upkeep\n|turn|2\n|inactive|MJ_VGC_0 has 30 seconds left.\n|\n|t:|1700374468\n|move|p2a: Tornadus|Tailwind|p2a: Tornadus\n|-sidestart|p2: Krjzhzk|move: Tailwind\n|move|p1a: Iron Bundle|Icy Wind|p2b: Garganacl|[spread] p2a,p2b\n|-supereffective|p2a: Tornadus\n|-damage|p2a: Tornadus|70\/100\n|-damage|p2b: Garganacl|63\/100\n|-unboost|p2a: Tornadus|spe|1\n|-unboost|p2b: Garganacl|spe|1\n|move|p1b: Kommo-o|Iron Head|p2b: Garganacl\n|-damage|p2b: Garganacl|49\/100\n|-enditem|p2b: Garganacl|Sitrus Berry|[eat]\n|-heal|p2b: Garganacl|73\/100|[from] item: Sitrus Berry\n|cant|p2b: Garganacl|flinch\n|\n|-damage|p1a: Iron Bundle|20\/100|[from] Salt Cure\n|upkeep\n|turn|3\n|\n|t:|1700374492\n|switch|p1b: Arcanine|Arcanine-Hisui, L50, F|100\/100\n|-ability|p1b: Arcanine|Intimidate|boost\n|-unboost|p2a: Tornadus|atk|1\n|-unboost|p2b: Garganacl|atk|1\n|move|p1a: Iron Bundle|Icy Wind|p2b: Garganacl|[spread] p2a,p2b\n|-supereffective|p2a: Tornadus\n|-damage|p2a: Tornadus|38\/100\n|-damage|p2b: Garganacl|60\/100\n|-unboost|p2a: Tornadus|spe|1\n|-unboost|p2b: Garganacl|spe|1\n|move|p2a: Tornadus|Bleakwind Storm|p1a: Iron Bundle|[spread] p1a,p1b\n|-resisted|p1b: Arcanine\n|-damage|p1a: Iron Bundle|0 fnt\n|-damage|p1b: Arcanine|84\/100\n|faint|p1a: Iron Bundle\n|-end|p1a: Iron Bundle|Quark Drive|[silent]\n|move|p2b: Garganacl|Salt Cure|p1b: Arcanine\n|-supereffective|p1b: Arcanine\n|-damage|p1b: Arcanine|63\/100\n|-start|p1b: Arcanine|Salt Cure\n|\n|-damage|p1b: Arcanine|51\/100|[from] Salt Cure\n|upkeep\n|\n|t:|1700374512\n|switch|p1a: Tyranitar|Tyranitar, L50, M|100\/100\n|-weather|Sandstorm|[from] ability: Sand Stream|[of] p1a: Tyranitar\n|turn|4\n|\n|t:|1700374523\n|switch|p2a: Arcanine|Arcanine-Hisui, L50, F|100\/100\n|-ability|p2a: Arcanine|Intimidate|boost\n|-unboost|p1a: Tyranitar|atk|1\n|-unboost|p1b: Arcanine|atk|1\n|move|p1b: Arcanine|Rock Slide|p2b: Garganacl|[spread] p2a\n|-miss|p1b: Arcanine|p2b: Garganacl\n|-supereffective|p2a: Arcanine\n|-damage|p2a: Arcanine|65\/100\n|move|p1a: Tyranitar|Knock Off|p2b: Garganacl\n|-supereffective|p2b: Garganacl\n|-damage|p2b: Garganacl|28\/100\n|move|p2b: Garganacl|Iron Defense|p2b: Garganacl\n|-boost|p2b: Garganacl|def|2\n|\n|-weather|Sandstorm|[upkeep]\n|-damage|p2b: Garganacl|22\/100|[from] Sandstorm\n|-damage|p1b: Arcanine|38\/100|[from] Salt Cure\n|upkeep\n|-enditem|p1b: Arcanine|Sitrus Berry|[eat]\n|-heal|p1b: Arcanine|63\/100|[from] item: Sitrus Berry\n|turn|5\n|\n|t:|1700374548\n|switch|p1b: Kommo-o|Kommo-o, L50, F|100\/100\n|move|p2b: Garganacl|Protect|p2b: Garganacl\n|-singleturn|p2b: Garganacl|Protect\n|move|p2a: Arcanine|Rock Slide|p1a: Tyranitar|[spread] p1a,p1b\n|-resisted|p1b: Kommo-o\n|-damage|p1a: Tyranitar|66\/100\n|-damage|p1b: Kommo-o|88\/100\n|move|p1a: Tyranitar|Knock Off|p2b: Garganacl\n|-activate|p2b: Garganacl|move: Protect\n|\n|-weather|Sandstorm|[upkeep]\n|-damage|p1b: Kommo-o|82\/100|[from] Sandstorm\n|-damage|p2b: Garganacl|16\/100|[from] Sandstorm\n|-heal|p1b: Kommo-o|88\/100|[from] item: Leftovers\n|-sideend|p2: Krjzhzk|move: Tailwind\n|upkeep\n|turn|6\n|\n|t:|1700374574\n|switch|p2a: Rillaboom|Rillaboom, L50, M|100\/100\n|-fieldstart|move: Grassy Terrain|[from] ability: Grassy Surge|[of] p2a: Rillaboom\n|switch|p1a: Arcanine|Arcanine-Hisui, L50, F|63\/100\n|-ability|p1a: Arcanine|Intimidate|boost\n|-unboost|p2a: Rillaboom|atk|1\n|-unboost|p2b: Garganacl|atk|1\n|move|p1b: Kommo-o|Body Press|p2a: Rillaboom\n|-crit|p2a: Rillaboom\n|-damage|p2a: Rillaboom|43\/100\n|move|p2b: Garganacl|Recover|p2b: Garganacl\n|-heal|p2b: Garganacl|67\/100\n|\n|-weather|Sandstorm|[upkeep]\n|-damage|p1b: Kommo-o|82\/100|[from] Sandstorm\n|-damage|p2a: Rillaboom|38\/100|[from] Sandstorm\n|-damage|p2b: Garganacl|61\/100|[from] Sandstorm\n|-heal|p1a: Arcanine|69\/100|[from] Grassy Terrain\n|-heal|p1b: Kommo-o|88\/100|[from] Grassy Terrain\n|-heal|p1b: Kommo-o|94\/100|[from] item: Leftovers\n|-heal|p2a: Rillaboom|43\/100|[from] Grassy Terrain\n|-heal|p2b: Garganacl|67\/100|[from] Grassy Terrain\n|upkeep\n|turn|7\n|inactive|MJ_VGC_0 has 30 seconds left.\n|\n|t:|1700374601\n|switch|p2a: Arcanine|Arcanine-Hisui, L50, F|65\/100\n|-ability|p2a: Arcanine|Intimidate|boost\n|-unboost|p1a: Arcanine|atk|1\n|-unboost|p1b: Kommo-o|atk|1\n|move|p1a: Arcanine|Howl|p1a: Arcanine|[spread] p1a,p1b\n|-boost|p1a: Arcanine|atk|1\n|-boost|p1b: Kommo-o|atk|1\n|move|p1b: Kommo-o|Iron Head|p2b: Garganacl\n|-damage|p2b: Garganacl|59\/100\n|cant|p2b: Garganacl|flinch\n|\n|-weather|Sandstorm|[upkeep]\n|-damage|p1b: Kommo-o|88\/100|[from] Sandstorm\n|-damage|p2b: Garganacl|53\/100|[from] Sandstorm\n|-heal|p1a: Arcanine|75\/100|[from] Grassy Terrain\n|-heal|p2a: Arcanine|71\/100|[from] Grassy Terrain\n|-heal|p1b: Kommo-o|94\/100|[from] Grassy Terrain\n|-heal|p1b: Kommo-o|100\/100|[from] item: Leftovers\n|-heal|p2b: Garganacl|59\/100|[from] Grassy Terrain\n|upkeep\n|turn|8\n|inactive|MJ_VGC_0 has 30 seconds left.\n|\n|t:|1700374626\n|move|p1a: Arcanine|Howl|p1a: Arcanine|[spread] p1a,p1b\n|-boost|p1a: Arcanine|atk|1\n|-boost|p1b: Kommo-o|atk|1\n|move|p2a: Arcanine|Rock Slide|p1a: Arcanine|[spread] p1a,p1b\n|-supereffective|p1a: Arcanine\n|-resisted|p1b: Kommo-o\n|-damage|p1a: Arcanine|0 fnt\n|-damage|p1b: Kommo-o|88\/100\n|faint|p1a: Arcanine\n|move|p1b: Kommo-o|Body Press|p2a: Arcanine\n|-supereffective|p2a: Arcanine\n|-damage|p2a: Arcanine|0 fnt\n|faint|p2a: Arcanine\n|move|p2b: Garganacl|Salt Cure|p1b: Kommo-o\n|-resisted|p1b: Kommo-o\n|-damage|p1b: Kommo-o|86\/100\n|-start|p1b: Kommo-o|Salt Cure\n|\n|-weather|none\n|-heal|p1b: Kommo-o|92\/100|[from] Grassy Terrain\n|-heal|p1b: Kommo-o|98\/100|[from] item: Leftovers\n|-heal|p2b: Garganacl|65\/100|[from] Grassy Terrain\n|-damage|p1b: Kommo-o|86\/100|[from] Salt Cure\n|upkeep\n|\n|t:|1700374647\n|switch|p1a: Tyranitar|Tyranitar, L50, M|66\/100\n|switch|p2a: Tornadus|Tornadus, L50, M|38\/100\n|-weather|Sandstorm|[from] ability: Sand Stream|[of] p1a: Tyranitar\n|turn|9\n|\n|t:|1700374667\n|move|p2a: Tornadus|Sunny Day|p2a: Tornadus\n|-weather|SunnyDay\n|move|p1a: Tyranitar|Knock Off|p2b: Garganacl\n|-supereffective|p2b: Garganacl\n|-damage|p2b: Garganacl|39\/100\n|move|p1b: Kommo-o|Iron Defense|p1b: Kommo-o\n|-boost|p1b: Kommo-o|def|2\n|move|p2b: Garganacl|Iron Defense|p2b: Garganacl\n|-boost|p2b: Garganacl|def|2\n|\n|-weather|SunnyDay|[upkeep]\n|-heal|p1a: Tyranitar|72\/100|[from] Grassy Terrain\n|-heal|p1b: Kommo-o|92\/100|[from] Grassy Terrain\n|-heal|p1b: Kommo-o|98\/100|[from] item: Leftovers\n|-heal|p2b: Garganacl|44\/100|[from] Grassy Terrain\n|-damage|p1b: Kommo-o|86\/100|[from] Salt Cure\n|upkeep\n|turn|10\n|\n|t:|1700374690\n|move|p2a: Tornadus|Bleakwind Storm|p1b: Kommo-o|[spread] p1a\n|-miss|p2a: Tornadus|p1b: Kommo-o\n|-resisted|p1a: Tyranitar\n|-crit|p1a: Tyranitar\n|-damage|p1a: Tyranitar|55\/100\n|move|p1a: Tyranitar|Knock Off|p2b: Garganacl\n|-supereffective|p2b: Garganacl\n|-damage|p2b: Garganacl|29\/100\n|move|p1b: Kommo-o|Iron Head|p2b: Garganacl\n|-damage|p2b: Garganacl|21\/100\n|cant|p2b: Garganacl|flinch\n|\n|-weather|SunnyDay|[upkeep]\n|-heal|p1a: Tyranitar|61\/100|[from] Grassy Terrain\n|-heal|p1b: Kommo-o|92\/100|[from] Grassy Terrain\n|-heal|p1b: Kommo-o|98\/100|[from] item: Leftovers\n|-heal|p2b: Garganacl|27\/100|[from] Grassy Terrain\n|-damage|p1b: Kommo-o|86\/100|[from] Salt Cure\n|-fieldend|move: Grassy Terrain\n|upkeep\n|turn|11\n|\n|t:|1700374715\n|move|p2b: Garganacl|Protect|p2b: Garganacl\n|-singleturn|p2b: Garganacl|Protect\n|move|p2a: Tornadus|Bleakwind Storm|p1b: Kommo-o|[spread] p1b\n|-miss|p2a: Tornadus|p1a: Tyranitar\n|-supereffective|p1b: Kommo-o\n|-damage|p1b: Kommo-o|37\/100\n|move|p1a: Tyranitar|Rock Slide|p2b: Garganacl|[spread] p2a\n|-activate|p2b: Garganacl|move: Protect\n|-supereffective|p2a: Tornadus\n|-damage|p2a: Tornadus|0 fnt\n|faint|p2a: Tornadus\n|move|p1b: Kommo-o|Iron Head|p2b: Garganacl\n|-activate|p2b: Garganacl|move: Protect\n|\n|-weather|SunnyDay|[upkeep]\n|-heal|p1b: Kommo-o|43\/100|[from] item: Leftovers\n|-damage|p1b: Kommo-o|31\/100|[from] Salt Cure\n|upkeep\n|\n|t:|1700374721\n|switch|p2a: Rillaboom|Rillaboom, L50, M|43\/100\n|-fieldstart|move: Grassy Terrain|[from] ability: Grassy Surge|[of] p2a: Rillaboom\n|turn|12\n|inactive|MJ_VGC_0 has 30 seconds left.\n|\n|t:|1700374749\n|-terastallize|p1a: Tyranitar|Psychic\n|move|p2a: Rillaboom|Fake Out|p1b: Kommo-o\n|-damage|p1b: Kommo-o|25\/100\n|move|p1a: Tyranitar|Knock Off|p2b: Garganacl\n|-supereffective|p2b: Garganacl\n|-damage|p2b: Garganacl|9\/100\n|cant|p1b: Kommo-o|flinch\n|move|p2b: Garganacl|Recover|p2b: Garganacl\n|-heal|p2b: Garganacl|59\/100\n|\n|-weather|SunnyDay|[upkeep]\n|-heal|p1a: Tyranitar|68\/100|[from] Grassy Terrain\n|-heal|p1b: Kommo-o|31\/100|[from] Grassy Terrain\n|-heal|p1b: Kommo-o|37\/100|[from] item: Leftovers\n|-heal|p2a: Rillaboom|49\/100|[from] Grassy Terrain\n|-heal|p2b: Garganacl|65\/100|[from] Grassy Terrain\n|-damage|p1b: Kommo-o|25\/100|[from] Salt Cure\n|upkeep\n|turn|13\n|inactive|MJ_VGC_0 has 30 seconds left.\n|\n|t:|1700374775\n|move|p2b: Garganacl|Protect|p2b: Garganacl\n|-singleturn|p2b: Garganacl|Protect\n|move|p1a: Tyranitar|Tera Blast|p2b: Garganacl|[anim] Tera Blast Psychic\n|-activate|p2b: Garganacl|move: Protect\n|move|p1b: Kommo-o|Body Press|p2a: Rillaboom\n|-damage|p2a: Rillaboom|0 fnt\n|faint|p2a: Rillaboom\n|\n|-weather|none\n|-heal|p1a: Tyranitar|74\/100|[from] Grassy Terrain\n|-heal|p1b: Kommo-o|31\/100|[from] Grassy Terrain\n|-heal|p1b: Kommo-o|37\/100|[from] item: Leftovers\n|-heal|p2b: Garganacl|71\/100|[from] Grassy Terrain\n|-damage|p1b: Kommo-o|25\/100|[from] Salt Cure\n|upkeep\n|turn|14\n|\n|t:|1700374799\n|move|p1a: Tyranitar|Tera Blast|p2b: Garganacl|[anim] Tera Blast Psychic\n|-crit|p2b: Garganacl\n|-damage|p2b: Garganacl|26\/100\n|move|p1b: Kommo-o|Iron Head|p2b: Garganacl\n|-damage|p2b: Garganacl|18\/100\n|cant|p2b: Garganacl|flinch\n|\n|-heal|p1a: Tyranitar|80\/100|[from] Grassy Terrain\n|-heal|p1b: Kommo-o|31\/100|[from] Grassy Terrain\n|-heal|p1b: Kommo-o|37\/100|[from] item: Leftovers\n|-heal|p2b: Garganacl|24\/100|[from] Grassy Terrain\n|-damage|p1b: Kommo-o|25\/100|[from] Salt Cure\n|upkeep\n|turn|15\n|\n|t:|1700374816\n|move|p2b: Garganacl|Protect|p2b: Garganacl\n|-singleturn|p2b: Garganacl|Protect\n|move|p1a: Tyranitar|Tera Blast|p2b: Garganacl|[anim] Tera Blast Psychic\n|-activate|p2b: Garganacl|move: Protect\n|move|p1b: Kommo-o|Iron Head|p2b: Garganacl\n|-activate|p2b: Garganacl|move: Protect\n|\n|-heal|p1a: Tyranitar|86\/100|[from] Grassy Terrain\n|-heal|p1b: Kommo-o|31\/100|[from] Grassy Terrain\n|-heal|p1b: Kommo-o|37\/100|[from] item: Leftovers\n|-heal|p2b: Garganacl|30\/100|[from] Grassy Terrain\n|-damage|p1b: Kommo-o|25\/100|[from] Salt Cure\n|upkeep\n|turn|16\n|\n|t:|1700374833\n|move|p1a: Tyranitar|Tera Blast|p2b: Garganacl|[anim] Tera Blast Psychic\n|-damage|p2b: Garganacl|20\/100\n|move|p1b: Kommo-o|Iron Head|p2b: Garganacl\n|-damage|p2b: Garganacl|13\/100\n|move|p2b: Garganacl|Recover|p2b: Garganacl\n|-heal|p2b: Garganacl|63\/100\n|\n|-heal|p1a: Tyranitar|93\/100|[from] Grassy Terrain\n|-heal|p1b: Kommo-o|31\/100|[from] Grassy Terrain\n|-heal|p1b: Kommo-o|37\/100|[from] item: Leftovers\n|-heal|p2b: Garganacl|69\/100|[from] Grassy Terrain\n|-damage|p1b: Kommo-o|25\/100|[from] Salt Cure\n|-fieldend|move: Grassy Terrain\n|upkeep\n|turn|17\n|\n|t:|1700374854\n|move|p2b: Garganacl|Protect|p2b: Garganacl\n|-singleturn|p2b: Garganacl|Protect\n|move|p1a: Tyranitar|Knock Off|p2b: Garganacl\n|-activate|p2b: Garganacl|move: Protect\n|move|p1b: Kommo-o|Iron Head|p2b: Garganacl\n|-activate|p2b: Garganacl|move: Protect\n|\n|-heal|p1b: Kommo-o|31\/100|[from] item: Leftovers\n|-damage|p1b: Kommo-o|19\/100|[from] Salt Cure\n|upkeep\n|turn|18\n|\n|t:|1700374868\n|move|p1a: Tyranitar|Knock Off|p2b: Garganacl\n|-supereffective|p2b: Garganacl\n|-damage|p2b: Garganacl|51\/100\n|move|p1b: Kommo-o|Iron Head|p2b: Garganacl\n|-damage|p2b: Garganacl|43\/100\n|move|p2b: Garganacl|Iron Defense|p2b: Garganacl\n|-boost|p2b: Garganacl|def|2\n|\n|-heal|p1b: Kommo-o|25\/100|[from] item: Leftovers\n|-damage|p1b: Kommo-o|13\/100|[from] Salt Cure\n|upkeep\n|turn|19\n|inactive|MJ_VGC_0 has 30 seconds left.\n|\n|t:|1700374883\n|move|p2b: Garganacl|Protect|p2b: Garganacl\n|-singleturn|p2b: Garganacl|Protect\n|move|p1a: Tyranitar|Knock Off|p2b: Garganacl\n|-activate|p2b: Garganacl|move: Protect\n|move|p1b: Kommo-o|Iron Head|p2b: Garganacl\n|-activate|p2b: Garganacl|move: Protect\n|\n|-heal|p1b: Kommo-o|19\/100|[from] item: Leftovers\n|-damage|p1b: Kommo-o|7\/100|[from] Salt Cure\n|upkeep\n|turn|20\n|inactive|MJ_VGC_0 has 30 seconds left this turn.\n|inactive|MJ_VGC_0 has 20 seconds left.\n|inactive|MJ_VGC_0 has 15 seconds left.\n|\n|t:|1700374901\n|move|p1a: Tyranitar|Knock Off|p2b: Garganacl\n|-supereffective|p2b: Garganacl\n|-damage|p2b: Garganacl|29\/100\n|move|p1b: Kommo-o|Iron Head|p2b: Garganacl\n|-damage|p2b: Garganacl|22\/100\n|move|p2b: Garganacl|Recover|p2b: Garganacl\n|-heal|p2b: Garganacl|72\/100\n|\n|-heal|p1b: Kommo-o|13\/100|[from] item: Leftovers\n|-damage|p1b: Kommo-o|1\/100|[from] Salt Cure\n|upkeep\n|turn|21\n|inactive|MJ_VGC_0 has 15 seconds left this turn.\n|inactive|MJ_VGC_0 has 10 seconds left.\n|inactive|MJ_VGC_0 has 5 seconds left.\n|\n|t:|1700374916\n|move|p2b: Garganacl|Protect|p2b: Garganacl\n|-singleturn|p2b: Garganacl|Protect\n|move|p1a: Tyranitar|Knock Off|p2b: Garganacl\n|-activate|p2b: Garganacl|move: Protect\n|move|p1b: Kommo-o|Iron Head|p2b: Garganacl\n|-activate|p2b: Garganacl|move: Protect\n|\n|-heal|p1b: Kommo-o|7\/100|[from] item: Leftovers\n|-damage|p1b: Kommo-o|0 fnt|[from] Salt Cure\n|faint|p1b: Kommo-o\n|upkeep\n|turn|22\n|inactive|MJ_VGC_0 has 5 seconds left this turn.\n|-message|MJ_VGC_0 lost due to inactivity.\n|\n|win|Krjzhzk\n|raw|MJ_VGC_0's rating: 1155 &rarr; <strong>1136<\/strong><br \/>(-19 for losing)\n|raw|Krjzhzk's rating: 1235 &rarr; <strong>1254<\/strong><br \/>(+19 for winning)\n","uploadtime":1700374925,"views":8,"p1id":"mjvgc0","p2id":"krjzhzk","formatid":"gen9vgc2023regulatione","rating":1136,"private":0,"password":""}