{"id":"gen9vgc2023regulatione-1994317027","p1":"Loudog589","p2":"PunkRockObstagoon","format":"[Gen 9] VGC 2023 Regulation E","log":"|j|\u2606Loudog589\n|j|\u2606PunkRockObstagoon\n|t:|1700430407\n|gametype|doubles\n|player|p1|Loudog589|brycenman|1403\n|player|p2|PunkRockObstagoon|hilbert|1477\n|teamsize|p1|6\n|teamsize|p2|6\n|gen|9\n|tier|[Gen 9] VGC 2023 Regulation E\n|rated|\n|rule|Species Clause: Limit one of each Pok\u00e9mon\n|rule|Item Clause: Limit one of each item\n|clearpoke\n|poke|p1|Arcanine-Hisui, L50, F|\n|poke|p1|Gholdengo, L50|\n|poke|p1|Ogerpon, L50, F|\n|poke|p1|Thundurus-Therian, L50, M|\n|poke|p1|Urshifu-*, L50, M|\n|poke|p1|Roaring Moon, L50|\n|poke|p2|Spinarak, L50, M|\n|poke|p2|Tatsugiri-Droopy, L50, M|\n|poke|p2|Urshifu-*, L50, M|\n|poke|p2|Lurantis, L50, F|\n|poke|p2|Gholdengo, L50|\n|poke|p2|Farigiraf, L50, F|\n|teampreview|4\n|inactive|Battle timer is ON: inactive players will automatically lose when time's up. (requested by PunkRockObstagoon)\n|\n|t:|1700430433\n|start\n|switch|p1a: Arcanine|Arcanine-Hisui, L50, F|100\/100\n|switch|p1b: Gholdengo|Gholdengo, L50|100\/100\n|switch|p2a: Lurantis|Lurantis, L50, F|100\/100\n|switch|p2b: Farigiraf|Farigiraf, L50, F|100\/100\n|-ability|p1a: Arcanine|Intimidate|boost\n|-boost|p2a: Lurantis|atk|1\n|-unboost|p2b: Farigiraf|atk|1\n|turn|1\n|\n|t:|1700430444\n|-terastallize|p2a: Lurantis|Rock\n|move|p1a: Arcanine|Flare Blitz|p2a: Lurantis\n|-resisted|p2a: Lurantis\n|-damage|p2a: Lurantis|56\/100\n|-damage|p1a: Arcanine|87\/100|[from] Recoil\n|move|p1b: Gholdengo|Nasty Plot|p1b: Gholdengo\n|-boost|p1b: Gholdengo|spa|2\n|move|p2a: Lurantis|Knock Off|p1b: Gholdengo\n|-supereffective|p1b: Gholdengo\n|-damage|p1b: Gholdengo|13\/100\n|-enditem|p1b: Gholdengo|Life Orb|[from] move: Knock Off|[of] p2a: Lurantis\n|move|p2b: Farigiraf|Trick Room|p2b: Farigiraf\n|-fieldstart|move: Trick Room|[of] p2b: Farigiraf\n|\n|upkeep\n|turn|2\n|\n|t:|1700430461\n|move|p1b: Gholdengo|Protect|p1b: Gholdengo\n|-singleturn|p1b: Gholdengo|Protect\n|move|p2a: Lurantis|Superpower|p1a: Arcanine\n|-supereffective|p1a: Arcanine\n|-damage|p1a: Arcanine|0 fnt\n|-boost|p2a: Lurantis|atk|1\n|-boost|p2a: Lurantis|def|1\n|faint|p1a: Arcanine\n|move|p2b: Farigiraf|Psychic|p1b: Gholdengo\n|-activate|p1b: Gholdengo|move: Protect\n|\n|upkeep\n|\n|t:|1700430469\n|switch|p1a: Ogerpon|Ogerpon, L50, F|100\/100\n|turn|3\n|\n|t:|1700430484\n|switch|p1b: Thundurus|Thundurus-Therian, L50, M|100\/100\n|move|p2a: Lurantis|Tera Blast|p1a: Ogerpon|[anim] Tera Blast Rock\n|-damage|p1a: Ogerpon|8\/100\n|move|p2b: Farigiraf|Psychic|p1b: Thundurus\n|-damage|p1b: Thundurus|64\/100\n|-unboost|p1b: Thundurus|spd|1\n|move|p1a: Ogerpon|Ivy Cudgel|p2a: Lurantis\n|-supereffective|p2a: Lurantis\n|-crit|p2a: Lurantis\n|-damage|p2a: Lurantis|0 fnt\n|faint|p2a: Lurantis\n|\n|upkeep\n|\n|t:|1700430487\n|switch|p2a: Gholdengo|Gholdengo, L50|100\/100\n|turn|4\n|\n|t:|1700430493\n|move|p1a: Ogerpon|Spiky Shield|p1a: Ogerpon\n|-singleturn|p1a: Ogerpon|move: Protect\n|move|p2b: Farigiraf|Hyper Voice|p1b: Thundurus|[spread] p1b\n|-activate|p1a: Ogerpon|move: Protect\n|-damage|p1b: Thundurus|25\/100\n|move|p2a: Gholdengo|Make It Rain|p1a: Ogerpon|[spread] p1b\n|-activate|p1a: Ogerpon|move: Protect\n|-resisted|p1b: Thundurus\n|-damage|p1b: Thundurus|0 fnt\n|-unboost|p2a: Gholdengo|spa|1\n|-enditem|p2a: Gholdengo|Eject Pack\n|faint|p1b: Thundurus\n|\n|t:|1700430497\n|switch|p2a: Urshifu|Urshifu-Rapid-Strike, L50, M|100\/100\n|\n|upkeep\n|\n|t:|1700430500\n|switch|p1b: Gholdengo|Gholdengo, L50|13\/100\n|turn|5\n|-message|Loudog589 forfeited.\n|\n|win|PunkRockObstagoon\n|raw|Loudog589's rating: 1403 &rarr; <strong>1386<\/strong><br \/>(-17 for losing)\n|raw|PunkRockObstagoon's rating: 1454 &rarr; <strong>1471<\/strong><br \/>(+17 for winning)\n|l|\u2606Loudog589\n","uploadtime":1700430510,"views":4,"p1id":"loudog589","p2id":"punkrockobstagoon","formatid":"gen9vgc2023regulatione","rating":1386,"private":0,"password":""}