{"id":"gen9vgc2023regulatione-1999389468","p1":"Shadow ff05","p2":"rojasgabriel","format":"[Gen 9] VGC 2023 Regulation E","log":"|j|\u2606Shadow ff05\n|j|\u2606rojasgabriel\n|n|\u2606Shadow ff05|shadowff05\n|n|\u2606rojasgabriel|rojasgabriel\n|html|View the match progress at <a href=\"\/game-bestof3-gen9vgc2023regulatione-1999389467\">game-bestof3-gen9vgc2023regulatione-1999389467<\/a>\n|t:|1701072125\n|gametype|doubles\n|player|p1|Shadow ff05|caitlin-masters|\n|player|p2|rojasgabriel|2|\n|teamsize|p1|6\n|teamsize|p2|6\n|gen|9\n|tier|[Gen 9] VGC 2023 Regulation E\n|rule|Species Clause: Limit one of each Pok\u00e9mon\n|rule|Item Clause: Limit one of each item\n|clearpoke\n|poke|p1|Urshifu-*, L50, F|\n|poke|p1|Gholdengo, L50|\n|poke|p1|Ogerpon-Wellspring, L50, F|\n|poke|p1|Iron Hands, L50|\n|poke|p1|Farigiraf, L50, M|\n|poke|p1|Tornadus, L50, M|\n|poke|p2|Ninetales-Alola, L50, F|\n|poke|p2|Cetitan, L50, F|\n|poke|p2|Baxcalibur, L50, M|\n|poke|p2|Landorus-Therian, L50, M|\n|poke|p2|Heatran, L50, M|\n|poke|p2|Iron Hands, L50|\n|teampreview|4\nrojasgabriel has agreed to open team sheets.\nShadow ff05 has agreed to open team sheets.\n|showteam|p1|Urshifu||BlackGlasses|UnseenFist|WickedBlow,SuckerPunch,SwordsDance,Detect|||F|||50|,,,,,Poison]Gholdengo||ChoiceSpecs|GoodasGold|MakeItRain,ShadowBall,Thunderbolt,PowerGem||||||50|,,,,,Steel]Ogerpon-Wellspring||WellspringMask|WaterAbsorb|IvyCudgel,HornLeech,FollowMe,SpikyShield|||F|||50|,,,,,Water]Iron Hands||BoosterEnergy|QuarkDrive|FakeOut,CloseCombat,WildCharge,IcePunch||||||50|,,,,,Grass]Farigiraf||SafetyGoggles|ArmorTail|Psychic,DazzlingGleam,NastyPlot,TrickRoom|||M|||50|,,,,,Fairy]Tornadus||SkyPlate|Prankster|BleakwindStorm,Tailwind,Taunt,ScaryFace|||M|||50|,,,,,Flying\n|showteam|p2|Ninetales-Alola||SitrusBerry|SnowWarning|Blizzard,IcyWind,AuroraVeil,Protect|||F|||50|,,,,,Water]Cetitan||AssaultVest|SlushRush|IcicleCrash,Liquidation,HeavySlam,Superpower|||F|||50|,,,,,Water]Baxcalibur||LoadedDice|IceBody|IcicleSpear,ScaleShot,SwordsDance,Protect|||M|||50|,,,,,Poison]Landorus-Therian||ChoiceScarf|Intimidate|RockSlide,StompingTantrum,TeraBlast,Uturn|||M|||50|,,,,,Flying]Heatran||LifeOrb|FlashFire|HeatWave,TeraBlast,EarthPower,Protect|||M|||50|,,,,,Fairy]Iron Hands||AguavBerry|QuarkDrive|SwordsDance,DrainPunch,WildCharge,FakeOut||||||50|,,,,,Water\n|c|\u2606Shadow ff05|May i put it in chat?\n|c|\u2606rojasgabriel|sure\n|\n|t:|1701072179\n|start\n|switch|p1a: Scrapper the Great|Iron Hands, L50, shiny|100\/100\n|switch|p1b: Maestro|Tornadus, L50, M|100\/100\n|switch|p2a: Ninetales|Ninetales-Alola, L50, F|100\/100\n|switch|p2b: Iron Hands|Iron Hands, L50|100\/100\n|-weather|Snow|[from] ability: Snow Warning|[of] p2a: Ninetales\n|-enditem|p1a: Scrapper the Great|Booster Energy\n|-activate|p1a: Scrapper the Great|ability: Quark Drive|[fromitem]\n|-start|p1a: Scrapper the Great|quarkdriveatk\n|turn|1\n|\n|t:|1701072206\n|move|p1a: Scrapper the Great|Fake Out|p2a: Ninetales\n|-damage|p2a: Ninetales|83\/100\n|move|p2b: Iron Hands|Fake Out|p1a: Scrapper the Great\n|-damage|p1a: Scrapper the Great|89\/100\n|move|p1b: Maestro|Tailwind|p1b: Maestro\n|-sidestart|p1: Shadow ff05|move: Tailwind\n|cant|p2a: Ninetales|flinch\n|\n|-weather|Snow|[upkeep]\n|upkeep\n|turn|2\n|\n|t:|1701072228\n|switch|p1b: Gholden Joe|Gholdengo, L50, shiny|100\/100\n|-terastallize|p2b: Iron Hands|Water\n|move|p1a: Scrapper the Great|Close Combat|p2a: Ninetales\n|-damage|p2a: Ninetales|14\/100\n|-unboost|p1a: Scrapper the Great|def|1\n|-unboost|p1a: Scrapper the Great|spd|1\n|-enditem|p2a: Ninetales|Sitrus Berry|[eat]\n|-heal|p2a: Ninetales|39\/100|[from] item: Sitrus Berry\n|move|p2a: Ninetales|Aurora Veil|p2a: Ninetales\n|-sidestart|p2: rojasgabriel|move: Aurora Veil\n|move|p2b: Iron Hands|Wild Charge|p1b: Gholden Joe\n|-damage|p1b: Gholden Joe|52\/100\n|-damage|p2b: Iron Hands|91\/100|[from] Recoil\n|\n|-weather|Snow|[upkeep]\n|upkeep\n|turn|3\n|j| VegitoSkBEst\n|\n|t:|1701072258\n|-terastallize|p1b: Gholden Joe|Steel\n|move|p2a: Ninetales|Protect|p2a: Ninetales\n|-singleturn|p2a: Ninetales|Protect\n|move|p1b: Gholden Joe|Make It Rain|p2b: Iron Hands|[spread] p2b\n|-activate|p2a: Ninetales|move: Protect\n|-resisted|p2b: Iron Hands\n|-damage|p2b: Iron Hands|67\/100\n|-unboost|p1b: Gholden Joe|spa|1\n|move|p1a: Scrapper the Great|Wild Charge|p2b: Iron Hands\n|-supereffective|p2b: Iron Hands\n|-damage|p2b: Iron Hands|0 fnt\n|faint|p2b: Iron Hands\n|-end|p2b: Iron Hands|Quark Drive|[silent]\n|-damage|p1a: Scrapper the Great|72\/100|[from] Recoil\n|\n|-weather|Snow|[upkeep]\n|upkeep\n|\n|t:|1701072272\n|switch|p2b: Landorus|Landorus-Therian, L50, M|100\/100\n|-ability|p2b: Landorus|Intimidate|boost\n|-unboost|p1a: Scrapper the Great|atk|1\n|-unboost|p1b: Gholden Joe|atk|1\n|turn|4\n|\n|t:|1701072281\n|switch|p2b: Baxcalibur|Baxcalibur, L50, M|100\/100\n|-end|p1a: Scrapper the Great|Quark Drive|[silent]\n|switch|p1a: Maestro|Tornadus, L50, M|100\/100\n|move|p1b: Gholden Joe|Make It Rain|p2a: Ninetales|[spread] p2a,p2b\n|-supereffective|p2a: Ninetales\n|-supereffective|p2b: Baxcalibur\n|-damage|p2a: Ninetales|0 fnt\n|-damage|p2b: Baxcalibur|25\/100\n|-unboost|p1b: Gholden Joe|spa|1\n|faint|p2a: Ninetales\n|\n|-weather|Snow|[upkeep]\n|-heal|p2b: Baxcalibur|31\/100|[from] ability: Ice Body\n|-sideend|p1: Shadow ff05|move: Tailwind\n|upkeep\n|\n|t:|1701072290\n|switch|p2a: Landorus|Landorus-Therian, L50, M|100\/100\n|-ability|p2a: Landorus|Intimidate|boost\n|-unboost|p1a: Maestro|atk|1\n|-unboost|p1b: Gholden Joe|atk|1\n|turn|5\n|\n|t:|1701072299\n|move|p1a: Maestro|Tailwind|p1a: Maestro\n|-sidestart|p1: Shadow ff05|move: Tailwind\n|move|p1b: Gholden Joe|Make It Rain|p2a: Landorus|[spread] p2a,p2b\n|-supereffective|p2b: Baxcalibur\n|-damage|p2a: Landorus|50\/100\n|-damage|p2b: Baxcalibur|0 fnt\n|-unboost|p1b: Gholden Joe|spa|1\n|faint|p2b: Baxcalibur\n|move|p2a: Landorus|Stomping Tantrum|p1b: Gholden Joe\n|-supereffective|p1b: Gholden Joe\n|-damage|p1b: Gholden Joe|0 fnt\n|faint|p1b: Gholden Joe\n|\n|-weather|none\n|upkeep\n|c|\u2606Shadow ff05|gg\n|c|\u2606rojasgabriel|make it rain wrecks me lol\n|\n|t:|1701072313\n|switch|p1b: Scrapper the Great|Iron Hands, L50, shiny|72\/100\n|turn|6\n|c|\u2606rojasgabriel|gg\n|-message|rojasgabriel forfeited.\n|\n|win|Shadow ff05\n|c|&|\/uhtml prompt-rojasgabriel,rojasgabriel is ready for game 2!\n|c|&|\/uhtml prompt-shadowff05,Shadow ff05 is ready for game 2!\nBoth players are ready! Starting next match!\n|l| VegitoSkBEst\n|j| AlmondsVGC\n|l| AlmondsVGC\n|j| bloodcurseuk\n|l| bloodcurseuk\n|l|\u2606rojasgabriel\n|j| ha7\n|j| bloodcurseuk\n|l| ha7\n|l| bloodcurseuk\n|l|shadowff05\n|j|\u2606rojasgabriel\n|player|p2|rojasgabriel|2\n","uploadtime":1701073884,"views":5,"p1id":"shadowff05","p2id":"rojasgabriel","formatid":"gen9vgc2023regulatione","rating":0,"private":0,"password":""}