{"id":"gen9vgc2023regulatione-1999004804","p1":"AceTrainerNite","p2":"MTM3000","format":"[Gen 9] VGC 2023 Regulation E","log":"|j|\u2606AceTrainerNite\n|j|\u2606MTM3000\n|t:|1701022975\n|gametype|doubles\n|player|p1|AceTrainerNite|benga|1311\n|player|p2|MTM3000|pokekid|1274\n|teamsize|p1|6\n|teamsize|p2|6\n|gen|9\n|tier|[Gen 9] VGC 2023 Regulation E\n|rated|\n|rule|Species Clause: Limit one of each Pok\u00e9mon\n|rule|Item Clause: Limit one of each item\n|clearpoke\n|poke|p1|Tornadus, L50, M|\n|poke|p1|Urshifu-*, L50, M|\n|poke|p1|Flutter Mane, L50|\n|poke|p1|Iron Hands, L50|\n|poke|p1|Ogerpon-Hearthflame, L50, F|\n|poke|p1|Ting-Lu, L50|\n|poke|p2|Iron Bundle, L50|\n|poke|p2|Chien-Pao, L50|\n|poke|p2|Arcanine-Hisui, L50, F|\n|poke|p2|Ogerpon-Wellspring, L50, F|\n|poke|p2|Sinistcha-Masterpiece, L50|\n|poke|p2|Ninetales-Alola, L50, F|\n|teampreview|4\n|inactive|Battle timer is ON: inactive players will automatically lose when time's up. (requested by MTM3000)\n|inactive|AceTrainerNite also wants the timer to be on.\n|inactive|MTM3000 has 60 seconds left.\n|inactive|MTM3000 has 30 seconds left.\n|\n|t:|1701023036\n|start\n|switch|p1a: Afton|Tornadus, L50, M|100\/100\n|switch|p1b: Freddy|Urshifu-Rapid-Strike, L50, M|100\/100\n|switch|p2a: Iron Bundle|Iron Bundle, L50|100\/100\n|switch|p2b: Ninetales|Ninetales-Alola, L50, F|100\/100\n|-weather|Snow|[from] ability: Snow Warning|[of] p2b: Ninetales\n|-enditem|p2a: Iron Bundle|Booster Energy\n|-activate|p2a: Iron Bundle|ability: Quark Drive|[fromitem]\n|-start|p2a: Iron Bundle|quarkdrivespe\n|turn|1\n|\n|t:|1701023054\n|switch|p1b: Ogerpon|Ogerpon-Hearthflame, L50, F|100\/100\n|-ability|p1b: Ogerpon|Mold Breaker\n|move|p1a: Afton|Rain Dance|p1a: Afton\n|-weather|RainDance\n|move|p2a: Iron Bundle|Icy Wind|p1b: Ogerpon|[spread] p1a,p1b\n|-supereffective|p1a: Afton\n|-damage|p1a: Afton|62\/100\n|-damage|p1b: Ogerpon|77\/100\n|-unboost|p1a: Afton|spe|1\n|-unboost|p1b: Ogerpon|spe|1\n|move|p2b: Ninetales|Aurora Veil||[still]\n|-fail|p2b: Ninetales\n|\n|-weather|RainDance|[upkeep]\n|upkeep\n|turn|2\n|\n|t:|1701023077\n|switch|p2b: Arcanine|Arcanine-Hisui, L50, F|100\/100\n|-ability|p2b: Arcanine|Intimidate|boost\n|-unboost|p1a: Afton|atk|1\n|-unboost|p1b: Ogerpon|atk|1\n|switch|p1a: Freddy|Urshifu-Rapid-Strike, L50, M|100\/100\n|-terastallize|p1b: Ogerpon|Fire\n|detailschange|p1b: Ogerpon|Ogerpon-Hearthflame-Tera, L50, F, tera:Fire\n|-ability|p1b: Ogerpon|Embody Aspect (Hearthflame)|boost\n|-boost|p1b: Ogerpon|atk|1\n|move|p2a: Iron Bundle|Protect|p2a: Iron Bundle\n|-singleturn|p2a: Iron Bundle|Protect\n|move|p1b: Ogerpon|Knock Off|p2b: Arcanine\n|-damage|p2b: Arcanine|49\/100\n|-enditem|p2b: Arcanine|Choice Band|[from] move: Knock Off|[of] p1b: Ogerpon\n|\n|-weather|RainDance|[upkeep]\n|upkeep\n|turn|3\n|inactive|MTM3000 has 30 seconds left.\n|\n|t:|1701023107\n|move|p1b: Ogerpon|Spiky Shield|p1b: Ogerpon\n|-singleturn|p1b: Ogerpon|move: Protect\n|move|p2b: Arcanine|Extreme Speed|p1b: Ogerpon\n|-activate|p1b: Ogerpon|move: Protect\n|-damage|p2b: Arcanine|36\/100|[from] Spiky Shield|[of] p1b: Ogerpon\n|move|p2a: Iron Bundle|Hydro Pump|p1b: Ogerpon\n|-activate|p1b: Ogerpon|move: Protect\n|move|p1a: Freddy|Close Combat|p2a: Iron Bundle\n|-supereffective|p2a: Iron Bundle\n|-damage|p2a: Iron Bundle|0 fnt\n|-unboost|p1a: Freddy|def|1\n|-unboost|p1a: Freddy|spd|1\n|faint|p2a: Iron Bundle\n|-end|p2a: Iron Bundle|Quark Drive|[silent]\n|\n|-weather|RainDance|[upkeep]\n|upkeep\n|inactive|MTM3000 has 30 seconds left.\n|\n|t:|1701023135\n|switch|p2a: Ninetales|Ninetales-Alola, L50, F|100\/100\n|-weather|Snow|[from] ability: Snow Warning|[of] p2a: Ninetales\n|turn|4\n|\n|t:|1701023142\n|switch|p1b: Afton|Tornadus, L50, M|62\/100\n|move|p1a: Freddy|Aqua Jet|p2b: Arcanine\n|-supereffective|p2b: Arcanine\n|-damage|p2b: Arcanine|0 fnt\n|faint|p2b: Arcanine\n|move|p2a: Ninetales|Aurora Veil|p2a: Ninetales\n|-sidestart|p2: MTM3000|move: Aurora Veil\n|\n|-weather|Snow|[upkeep]\n|upkeep\n|\n|t:|1701023152\n|switch|p2b: Ogerpon|Ogerpon-Wellspring, L50, F|100\/100\n|turn|5\n|\n|t:|1701023160\n|switch|p1a: Ogerpon|Ogerpon-Hearthflame-Tera, L50, F, tera:Fire|77\/100\n|-ability|p1a: Ogerpon|Embody Aspect (Hearthflame)|boost\n|-boost|p1a: Ogerpon|atk|1\n|move|p1b: Afton|Tailwind|p1b: Afton\n|-sidestart|p1: AceTrainerNite|move: Tailwind\n|move|p2a: Ninetales|Blizzard|p1b: Afton|[spread] p1a,p1b\n|-resisted|p1a: Ogerpon\n|-supereffective|p1b: Afton\n|-damage|p1a: Ogerpon|65\/100\n|-damage|p1b: Afton|12\/100\n|-status|p1a: Ogerpon|frz\n|move|p2b: Ogerpon|Horn Leech|p1a: Ogerpon\n|-resisted|p1a: Ogerpon\n|-crit|p1a: Ogerpon\n|-damage|p1a: Ogerpon|31\/100 frz\n|\n|-weather|Snow|[upkeep]\n|upkeep\n|turn|6\n|\n|t:|1701023180\n|-curestatus|p1a: Ogerpon|frz|[msg]\n|move|p1a: Ogerpon|Ivy Cudgel|p2a: Ninetales|[anim] Ivy Cudgel Fire\n|-supereffective|p2a: Ninetales\n|-crit|p2a: Ninetales\n|-damage|p2a: Ninetales|0 fnt\n|faint|p2a: Ninetales\n|move|p1b: Afton|Bleakwind Storm|p2b: Ogerpon\n|-supereffective|p2b: Ogerpon\n|-damage|p2b: Ogerpon|49\/100\n|-unboost|p2b: Ogerpon|spe|1\n|move|p2b: Ogerpon|Ivy Cudgel|p1a: Ogerpon|[anim] Ivy Cudgel Water\n|-supereffective|p1a: Ogerpon\n|-damage|p1a: Ogerpon|0 fnt\n|faint|p1a: Ogerpon\n|\n|-weather|Snow|[upkeep]\n|upkeep\n|\n|t:|1701023194\n|switch|p1a: Freddy|Urshifu-Rapid-Strike, L50, M|100\/100\n|turn|7\n|\n|t:|1701023200\n|-terastallize|p2b: Ogerpon|Water\n|detailschange|p2b: Ogerpon|Ogerpon-Wellspring-Tera, L50, F, tera:Water\n|-ability|p2b: Ogerpon|Embody Aspect (Wellspring)|boost\n|-boost|p2b: Ogerpon|spd|1\n|move|p1a: Freddy|Close Combat|p2b: Ogerpon\n|-damage|p2b: Ogerpon|0 fnt\n|-unboost|p1a: Freddy|def|1\n|-unboost|p1a: Freddy|spd|1\n|faint|p2b: Ogerpon\n|\n|win|AceTrainerNite\n|raw|AceTrainerNite's rating: 1311 &rarr; <strong>1329<\/strong><br \/>(+18 for winning)\n|raw|MTM3000's rating: 1274 &rarr; <strong>1252<\/strong><br \/>(-22 for losing)\n","uploadtime":1701023212,"views":12,"p1id":"acetrainernite","p2id":"mtm3000","formatid":"gen9vgc2023regulatione","rating":1252,"private":0,"password":""}