{"id":"gen9vgc2023regulatione-1989496411","p1":"meowmeowjoe","p2":"Jtrain101","format":"[Gen 9] VGC 2023 Regulation E","log":"|j|\u2606meowmeowjoe\n|j|\u2606Jtrain101\n|t:|1699860541\n|gametype|doubles\n|player|p1|meowmeowjoe|guitarist|1213\n|player|p2|Jtrain101|brycenman|1122\n|teamsize|p1|6\n|teamsize|p2|6\n|gen|9\n|tier|[Gen 9] VGC 2023 Regulation E\n|rated|\n|rule|Species Clause: Limit one of each Pok\u00e9mon\n|rule|Item Clause: Limit one of each item\n|clearpoke\n|poke|p1|Ninetales-Alola, L50, M|\n|poke|p1|Iron Bundle, L50|\n|poke|p1|Dondozo, L50, M|\n|poke|p1|Tatsugiri, L50, M|\n|poke|p1|Cresselia, L50, F|\n|poke|p1|Ursaluna, L50, M|\n|poke|p2|Clodsire, L50, M|\n|poke|p2|Farigiraf, L50, F|\n|poke|p2|Ogerpon-Wellspring, L50, F|\n|poke|p2|Amoonguss, L50, M|\n|poke|p2|Flutter Mane, L50|\n|poke|p2|Greninja-*, L50, F|\n|teampreview|4\n|\n|t:|1699860572\n|start\n|switch|p1a: \u72d0\u547c\u72d0|Ninetales-Alola, L50, M, shiny|100\/100\n|switch|p1b: \u6211\u6bd4\u7ffc\u6cd5\u9084\u5feb|Iron Bundle, L50, shiny|100\/100\n|switch|p2a: Clodsire|Clodsire, L50, M|100\/100\n|switch|p2b: Greninja|Greninja, L50, F|100\/100\n|-weather|Snow|[from] ability: Snow Warning|[of] p1a: \u72d0\u547c\u72d0\n|turn|1\n|inactive|Battle timer is ON: inactive players will automatically lose when time's up. (requested by Jtrain101)\n|inactive|Jtrain101 has 60 seconds left.\n|\n|t:|1699860623\n|move|p2b: Greninja|Surf|p1a: \u72d0\u547c\u72d0|[spread] p1a,p1b\n|-start|p2b: Greninja|typechange|Water|[from] ability: Protean\n|-immune|p2a: Clodsire|[from] ability: Water Absorb\n|-resisted|p1b: \u6211\u6bd4\u7ffc\u6cd5\u9084\u5feb\n|-damage|p1a: \u72d0\u547c\u72d0|69\/100\n|-damage|p1b: \u6211\u6bd4\u7ffc\u6cd5\u9084\u5feb|69\/100\n|move|p1b: \u6211\u6bd4\u7ffc\u6cd5\u9084\u5feb|Freeze-Dry|p2b: Greninja\n|-supereffective|p2b: Greninja\n|-damage|p2b: Greninja|0 fnt\n|faint|p2b: Greninja\n|move|p1a: \u72d0\u547c\u72d0|Aurora Veil|p1a: \u72d0\u547c\u72d0\n|-sidestart|p1: meowmeowjoe|move: Aurora Veil\n|move|p2a: Clodsire|Heavy Slam|p1a: \u72d0\u547c\u72d0\n|-supereffective|p1a: \u72d0\u547c\u72d0\n|-damage|p1a: \u72d0\u547c\u72d0|10\/100\n|\n|-weather|Snow|[upkeep]\n|upkeep\n|\n|t:|1699860641\n|switch|p2b: Flutter Mane|Flutter Mane, L50|100\/100\n|-enditem|p2b: Flutter Mane|Booster Energy\n|-activate|p2b: Flutter Mane|ability: Protosynthesis|[fromitem]\n|-start|p2b: Flutter Mane|protosynthesisspe\n|turn|2\n|\n|t:|1699860662\n|move|p2b: Flutter Mane|Protect|p2b: Flutter Mane\n|-singleturn|p2b: Flutter Mane|Protect\n|move|p1b: \u6211\u6bd4\u7ffc\u6cd5\u9084\u5feb|Freeze-Dry|p2b: Flutter Mane\n|-activate|p2b: Flutter Mane|move: Protect\n|move|p1a: \u72d0\u547c\u72d0|Blizzard|p2a: Clodsire|[spread] p2a\n|-activate|p2b: Flutter Mane|move: Protect\n|-supereffective|p2a: Clodsire\n|-damage|p2a: Clodsire|62\/100\n|-enditem|p2a: Clodsire|Weakness Policy\n|-boost|p2a: Clodsire|atk|2|[from] item: Weakness Policy\n|-boost|p2a: Clodsire|spa|2|[from] item: Weakness Policy\n|move|p2a: Clodsire|Earthquake|p1a: \u72d0\u547c\u72d0|[spread] p1a,p1b\n|-activate|p2b: Flutter Mane|move: Protect\n|-damage|p1a: \u72d0\u547c\u72d0|0 fnt\n|-damage|p1b: \u6211\u6bd4\u7ffc\u6cd5\u9084\u5feb|42\/100\n|faint|p1a: \u72d0\u547c\u72d0\n|\n|-weather|Snow|[upkeep]\n|upkeep\n|\n|t:|1699860678\n|switch|p1a: \u8ab0\u80fd\u5403\u6211+2\u786c\u6490|Ursaluna, L50, M, shiny|100\/100\n|turn|3\n|inactive|Jtrain101 has 30 seconds left.\n|inactive|Jtrain101 has 20 seconds left.\n|inactive|Jtrain101 has 15 seconds left.\n|\n|t:|1699860719\n|move|p1a: \u8ab0\u80fd\u5403\u6211+2\u786c\u6490|Protect|p1a: \u8ab0\u80fd\u5403\u6211+2\u786c\u6490\n|-singleturn|p1a: \u8ab0\u80fd\u5403\u6211+2\u786c\u6490|Protect\n|move|p2b: Flutter Mane|Moonblast|p1b: \u6211\u6bd4\u7ffc\u6cd5\u9084\u5feb\n|-damage|p1b: \u6211\u6bd4\u7ffc\u6cd5\u9084\u5feb|0 fnt\n|faint|p1b: \u6211\u6bd4\u7ffc\u6cd5\u9084\u5feb\n|-end|p1b: \u6211\u6bd4\u7ffc\u6cd5\u9084\u5feb|Quark Drive|[silent]\n|move|p2a: Clodsire|Yawn|p1a: \u8ab0\u80fd\u5403\u6211+2\u786c\u6490\n|-activate|p1a: \u8ab0\u80fd\u5403\u6211+2\u786c\u6490|move: Protect\n|\n|-weather|Snow|[upkeep]\n|-status|p1a: \u8ab0\u80fd\u5403\u6211+2\u786c\u6490|brn|[from] item: Flame Orb\n|upkeep\n|\n|t:|1699860728\n|switch|p1b: \u7a7a\u9593\u6700\u5f37\u8f14\u52a9\u624b|Cresselia, L50, F, shiny|100\/100\n|turn|4\n|inactive|meowmeowjoe has 30 seconds left.\n|\n|t:|1699860762\n|move|p2a: Clodsire|Protect|p2a: Clodsire\n|-singleturn|p2a: Clodsire|Protect\n|move|p1b: \u7a7a\u9593\u6700\u5f37\u8f14\u52a9\u624b|Ally Switch|p1b: \u7a7a\u9593\u6700\u5f37\u8f14\u52a9\u624b\n|swap|p1b: \u7a7a\u9593\u6700\u5f37\u8f14\u52a9\u624b|0|[from] move: Ally Switch\n|move|p2b: Flutter Mane|Shadow Ball|p1b: \u8ab0\u80fd\u5403\u6211+2\u786c\u6490\n|-immune|p1b: \u8ab0\u80fd\u5403\u6211+2\u786c\u6490\n|move|p1b: \u8ab0\u80fd\u5403\u6211+2\u786c\u6490|Earthquake|p2a: Clodsire|[spread] p2b\n|-activate|p2a: Clodsire|move: Protect\n|-immune|p1a: \u7a7a\u9593\u6700\u5f37\u8f14\u52a9\u624b|[from] ability: Levitate\n|-damage|p2b: Flutter Mane|0 fnt\n|faint|p2b: Flutter Mane\n|-end|p2b: Flutter Mane|Protosynthesis|[silent]\n|\n|-weather|Snow|[upkeep]\n|-damage|p1b: \u8ab0\u80fd\u5403\u6211+2\u786c\u6490|94\/100 brn|[from] brn\n|upkeep\n|\n|t:|1699860780\n|switch|p2b: Ogerpon|Ogerpon-Wellspring, L50, F|100\/100\n|turn|5\n|inactive|Jtrain101 has 30 seconds left.\n|inactive|Jtrain101 has 20 seconds left.\n|c|\u2606Jtrain101|\u6211\u4ee5\u4e3a\u662f\u8840\u6708\ud83e\udd26\n|inactive|Jtrain101 has 15 seconds left.\n|inactive|Jtrain101 has 10 seconds left.\n|c|\u2606meowmeowjoe|\u666e\u901a\u7684\n|inactive|Jtrain101 has 5 seconds left.\n|\n|t:|1699860831\n|-terastallize|p1b: \u8ab0\u80fd\u5403\u6211+2\u786c\u6490|Ghost\n|move|p2b: Ogerpon|Knock Off|p1a: \u7a7a\u9593\u6700\u5f37\u8f14\u52a9\u624b\n|-supereffective|p1a: \u7a7a\u9593\u6700\u5f37\u8f14\u52a9\u624b\n|-damage|p1a: \u7a7a\u9593\u6700\u5f37\u8f14\u52a9\u624b|72\/100\n|-enditem|p1a: \u7a7a\u9593\u6700\u5f37\u8f14\u52a9\u624b|Safety Goggles|[from] move: Knock Off|[of] p2b: Ogerpon\n|move|p1a: \u7a7a\u9593\u6700\u5f37\u8f14\u52a9\u624b|Lunar Blessing|p1a: \u7a7a\u9593\u6700\u5f37\u8f14\u52a9\u624b|[spread] p1a,p1b\n|-heal|p1a: \u7a7a\u9593\u6700\u5f37\u8f14\u52a9\u624b|97\/100\n|-heal|p1b: \u8ab0\u80fd\u5403\u6211+2\u786c\u6490|100\/100 brn\n|-curestatus|p1b: \u8ab0\u80fd\u5403\u6211+2\u786c\u6490|brn|[msg]\n|move|p1b: \u8ab0\u80fd\u5403\u6211+2\u786c\u6490|Facade|p2b: Ogerpon\n|-damage|p2b: Ogerpon|65\/100\n|move|p2a: Clodsire|Earthquake|p1a: \u7a7a\u9593\u6700\u5f37\u8f14\u52a9\u624b|[spread] p2b,p1b\n|-immune|p1a: \u7a7a\u9593\u6700\u5f37\u8f14\u52a9\u624b|[from] ability: Levitate\n|-resisted|p2b: Ogerpon\n|-damage|p2b: Ogerpon|41\/100\n|-damage|p1b: \u8ab0\u80fd\u5403\u6211+2\u786c\u6490|75\/100\n|\n|-weather|none\n|-status|p1b: \u8ab0\u80fd\u5403\u6211+2\u786c\u6490|brn|[from] item: Flame Orb\n|upkeep\n|turn|6\n|inactive|Jtrain101 has 30 seconds left.\n|\n|t:|1699860860\n|move|p2b: Ogerpon|Spiky Shield|p2b: Ogerpon\n|-singleturn|p2b: Ogerpon|move: Protect\n|move|p1a: \u7a7a\u9593\u6700\u5f37\u8f14\u52a9\u624b|Ally Switch|p1a: \u7a7a\u9593\u6700\u5f37\u8f14\u52a9\u624b\n|swap|p1a: \u7a7a\u9593\u6700\u5f37\u8f14\u52a9\u624b|1|[from] move: Ally Switch\n|move|p1a: \u8ab0\u80fd\u5403\u6211+2\u786c\u6490|Earthquake|p2a: Clodsire|[spread] p2a\n|-activate|p2b: Ogerpon|move: Protect\n|-immune|p1b: \u7a7a\u9593\u6700\u5f37\u8f14\u52a9\u624b|[from] ability: Levitate\n|-supereffective|p2a: Clodsire\n|-damage|p2a: Clodsire|0 fnt\n|faint|p2a: Clodsire\n|\n|-damage|p1a: \u8ab0\u80fd\u5403\u6211+2\u786c\u6490|69\/100 brn|[from] brn\n|upkeep\n|turn|7\n|\n|t:|1699860878\n|move|p1b: \u7a7a\u9593\u6700\u5f37\u8f14\u52a9\u624b|Ally Switch||[still]\n|-fail|p1b: \u7a7a\u9593\u6700\u5f37\u8f14\u52a9\u624b\n|move|p2b: Ogerpon|Knock Off|p1a: \u8ab0\u80fd\u5403\u6211+2\u786c\u6490\n|-supereffective|p1a: \u8ab0\u80fd\u5403\u6211+2\u786c\u6490\n|-damage|p1a: \u8ab0\u80fd\u5403\u6211+2\u786c\u6490|38\/100 brn\n|-enditem|p1a: \u8ab0\u80fd\u5403\u6211+2\u786c\u6490|Flame Orb|[from] move: Knock Off|[of] p2b: Ogerpon\n|move|p1a: \u8ab0\u80fd\u5403\u6211+2\u786c\u6490|Facade|p2b: Ogerpon\n|-damage|p2b: Ogerpon|0 fnt\n|faint|p2b: Ogerpon\n|\n|win|meowmeowjoe\n|raw|meowmeowjoe's rating: 1213 &rarr; <strong>1232<\/strong><br \/>(+19 for winning)\n|raw|Jtrain101's rating: 1122 &rarr; <strong>1103<\/strong><br \/>(-19 for losing)\n|c|\u2606Jtrain101|\u9e21\u9e21\n|c|\u2606meowmeowjoe|gg\n","uploadtime":1699860898,"views":10,"p1id":"meowmeowjoe","p2id":"jtrain101","formatid":"gen9vgc2023regulatione","rating":1103,"private":0,"password":""}