{"id":"gen9vgc2023regulatione-1999312642","p1":"Nobby555","p2":"BowDog!","format":"[Gen 9] VGC 2023 Regulation E","log":"|j|\u2606Nobby555\n|j|\u2606BowDog!\n|t:|1701058731\n|gametype|doubles\n|player|p1|Nobby555|hilbert-wonderlauncher|1127\n|player|p2|BowDog!|winona|1191\n|teamsize|p1|6\n|teamsize|p2|6\n|gen|9\n|tier|[Gen 9] VGC 2023 Regulation E\n|rated|\n|rule|Species Clause: Limit one of each Pok\u00e9mon\n|rule|Item Clause: Limit one of each item\n|clearpoke\n|poke|p1|Typhlosion-Hisui, L50, F|\n|poke|p1|Flutter Mane, L50|\n|poke|p1|Rillaboom, L50, F|\n|poke|p1|Oranguru, L50, F|\n|poke|p1|Tyranitar, L50, M|\n|poke|p1|Maushold, L50|\n|poke|p2|Roaring Moon, L50|\n|poke|p2|Ninetales-Alola, L50, M|\n|poke|p2|Landorus-Therian, L50, M|\n|poke|p2|Iron Hands, L50|\n|poke|p2|Milotic, L50, M|\n|poke|p2|Ogerpon-Hearthflame, L50, F|\n|teampreview|4\n|inactive|Battle timer is ON: inactive players will automatically lose when time's up. (requested by Nobby555)\nBowDog! has agreed to open team sheets.\n|inactive|BowDog! has 60 seconds left.\n|inactive|BowDog! has 30 seconds left.\n|inactive|BowDog! has 20 seconds left.\n|inactive|BowDog! has 15 seconds left.\n|\n|t:|1701058808\n|start\n|switch|p1a: Typhlosion|Typhlosion-Hisui, L50, F|100\/100\n|switch|p1b: Flutter Mane|Flutter Mane, L50|100\/100\n|switch|p2a: Ninetales|Ninetales-Alola, L50, M|100\/100\n|switch|p2b: Iron Hands|Iron Hands, L50|100\/100\n|-item|p2a: Ninetales|Light Clay|[from] ability: Frisk|[of] p1a: Typhlosion|[identify]\n|-item|p2b: Iron Hands|Assault Vest|[from] ability: Frisk|[of] p1a: Typhlosion|[identify]\n|-weather|Snow|[from] ability: Snow Warning|[of] p2a: Ninetales\n|-enditem|p1b: Flutter Mane|Booster Energy\n|-activate|p1b: Flutter Mane|ability: Protosynthesis|[fromitem]\n|-start|p1b: Flutter Mane|protosynthesisspe\n|turn|1\n|inactive|BowDog! has 30 seconds left.\n|inactive|BowDog! has 20 seconds left.\n|inactive|BowDog! has 15 seconds left.\n|\n|t:|1701058852\n|-terastallize|p1a: Typhlosion|Fire\n|move|p1b: Flutter Mane|Dazzling Gleam|p2b: Iron Hands|[spread] p2a,p2b\n|-supereffective|p2b: Iron Hands\n|-damage|p2a: Ninetales|69\/100\n|-damage|p2b: Iron Hands|68\/100\n|move|p1a: Typhlosion|Eruption|p2a: Ninetales|[spread] p2a,p2b\n|-supereffective|p2a: Ninetales\n|-damage|p2a: Ninetales|0 fnt\n|-damage|p2b: Iron Hands|25\/100\n|faint|p2a: Ninetales\n|move|p2b: Iron Hands|Heavy Slam|p1b: Flutter Mane\n|-supereffective|p1b: Flutter Mane\n|-damage|p1b: Flutter Mane|0 fnt\n|faint|p1b: Flutter Mane\n|-end|p1b: Flutter Mane|Protosynthesis|[silent]\n|\n|-weather|Snow|[upkeep]\n|upkeep\n|\n|t:|1701058875\n|switch|p1b: Oranguru|Oranguru, L50, F, shiny|100\/100\n|switch|p2a: Landorus|Landorus-Therian, L50, M|100\/100\n|-ability|p2a: Landorus|Intimidate|boost\n|-unboost|p1a: Typhlosion|atk|1\n|-unboost|p1b: Oranguru|atk|1\n|turn|2\n|inactive|BowDog! has 30 seconds left.\n|\n|t:|1701058907\n|-end|p2b: Iron Hands|Quark Drive|[silent]\n|switch|p2b: Roaring Moon|Roaring Moon, L50|100\/100\n|-enditem|p2b: Roaring Moon|Booster Energy\n|-activate|p2b: Roaring Moon|ability: Protosynthesis|[fromitem]\n|-start|p2b: Roaring Moon|protosynthesisatk\n|move|p1a: Typhlosion|Eruption|p2b: Roaring Moon|[spread] p2a,p2b\n|-resisted|p2b: Roaring Moon\n|-damage|p2a: Landorus|7\/100\n|-damage|p2b: Roaring Moon|67\/100\n|move|p2a: Landorus|Rock Slide|p1b: Oranguru|[spread] p1a,p1b\n|-supereffective|p1a: Typhlosion\n|-damage|p1a: Typhlosion|40\/100\n|-damage|p1b: Oranguru|82\/100\n|cant|p1b: Oranguru|flinch\n|\n|-weather|Snow|[upkeep]\n|upkeep\n|turn|3\n|inactive|BowDog! has 30 seconds left.\n|inactive|BowDog! has 20 seconds left.\n|inactive|BowDog! has 15 seconds left.\n|inactive|BowDog! has 10 seconds left.\n|\n|t:|1701058957\n|move|p1a: Typhlosion|Eruption|p2a: Landorus|[spread] p2a,p2b\n|-resisted|p2b: Roaring Moon\n|-damage|p2a: Landorus|0 fnt\n|-damage|p2b: Roaring Moon|53\/100\n|faint|p2a: Landorus\n|move|p2b: Roaring Moon|Knock Off|p1b: Oranguru\n|-supereffective|p1b: Oranguru\n|-damage|p1b: Oranguru|0 fnt\n|-enditem|p1b: Oranguru|Life Orb|[from] move: Knock Off|[of] p2b: Roaring Moon\n|faint|p1b: Oranguru\n|\n|-weather|Snow|[upkeep]\n|upkeep\n|\n|t:|1701058967\n|switch|p2a: Iron Hands|Iron Hands, L50|25\/100\n|switch|p1b: Tyranitar|Tyranitar, L50, M, shiny|100\/100\n|-weather|Sandstorm|[from] ability: Sand Stream|[of] p1b: Tyranitar\n|turn|4\n|inactive|BowDog! has 30 seconds left.\n|inactive|BowDog! has 20 seconds left.\n|inactive|BowDog! has 15 seconds left.\n|inactive|BowDog! has 10 seconds left.\n|inactive|BowDog! has 5 seconds left.\n|\n|t:|1701059019\n|-terastallize|p2b: Roaring Moon|Flying\n|move|p2a: Iron Hands|Fake Out|p1b: Tyranitar\n|-resisted|p1b: Tyranitar\n|-damage|p1b: Tyranitar|94\/100\n|move|p1a: Typhlosion|Eruption|p2a: Iron Hands|[spread] p2a,p2b\n|-damage|p2a: Iron Hands|8\/100\n|-damage|p2b: Roaring Moon|26\/100\n|move|p2b: Roaring Moon|Acrobatics|p1a: Typhlosion\n|-damage|p1a: Typhlosion|0 fnt\n|faint|p1a: Typhlosion\n|cant|p1b: Tyranitar|flinch\n|\n|-weather|Sandstorm|[upkeep]\n|-damage|p2b: Roaring Moon|20\/100|[from] Sandstorm\n|-damage|p2a: Iron Hands|2\/100|[from] Sandstorm\n|upkeep\n|turn|5\n|inactive|BowDog! has 30 seconds left.\n|\n|t:|1701059050\n|move|p2b: Roaring Moon|Knock Off|p1b: Tyranitar\n|-resisted|p1b: Tyranitar\n|-damage|p1b: Tyranitar|69\/100\n|-enditem|p1b: Tyranitar|Weakness Policy|[from] move: Knock Off|[of] p2b: Roaring Moon\n|move|p2a: Iron Hands|Drain Punch|p1b: Tyranitar\n|-supereffective|p1b: Tyranitar\n|-damage|p1b: Tyranitar|0 fnt\n|-heal|p2a: Iron Hands|31\/100|[from] drain|[of] p1b: Tyranitar\n|faint|p1b: Tyranitar\n|\n|win|BowDog!\n|raw|Nobby555's rating: 1127 &rarr; <strong>1107<\/strong><br \/>(-20 for losing)\n|raw|BowDog!'s rating: 1191 &rarr; <strong>1211<\/strong><br \/>(+20 for winning)\n|l|\u2606Nobby555\n","uploadtime":1701059064,"views":1,"p1id":"nobby555","p2id":"bowdog","formatid":"gen9vgc2023regulatione","rating":1107,"private":0,"password":""}