{"id":"gen9vgc2023regulatione-1994511986","p1":"jlamb","p2":"Kil-LaMei","format":"[Gen 9] VGC 2023 Regulation E","log":"|j|\u2606jlamb\n|j|\u2606Kil-LaMei\n|t:|1700452757\n|gametype|doubles\n|player|p1|jlamb|2|1313\n|player|p2|Kil-LaMei|hilda|1219\n|teamsize|p1|6\n|teamsize|p2|6\n|gen|9\n|tier|[Gen 9] VGC 2023 Regulation E\n|rated|\n|rule|Species Clause: Limit one of each Pok\u00e9mon\n|rule|Item Clause: Limit one of each item\n|clearpoke\n|poke|p1|Ninetales-Alola, L50, M|\n|poke|p1|Articuno, L50|\n|poke|p1|Iron Hands, L50|\n|poke|p1|Baxcalibur, L50, F|\n|poke|p1|Ogerpon-Wellspring, L50, F|\n|poke|p1|Heatran, L50, M|\n|poke|p2|Brute Bonnet, L50|\n|poke|p2|Chi-Yu, L50|\n|poke|p2|Ogerpon-Cornerstone, L50, F|\n|poke|p2|Flutter Mane, L50|\n|poke|p2|Torkoal, L50, F|\n|poke|p2|Chien-Pao, L50|\n|teampreview|4\n|j| JIWAI\n|inactive|Battle timer is ON: inactive players will automatically lose when time's up. (requested by Kil-LaMei)\n|\n|t:|1700452789\n|start\n|switch|p1a: Iron Hands|Iron Hands, L50|100\/100\n|switch|p1b: Baxcalibur|Baxcalibur, L50, F|100\/100\n|switch|p2a: Flutter Mane|Flutter Mane, L50|100\/100\n|switch|p2b: Brute Bonnet|Brute Bonnet, L50|100\/100\n|-enditem|p2b: Brute Bonnet|Booster Energy\n|-activate|p2b: Brute Bonnet|ability: Protosynthesis|[fromitem]\n|-start|p2b: Brute Bonnet|protosynthesisdef\n|turn|1\n|inactive|Kil-LaMei has 30 seconds left.\n|\n|t:|1700452814\n|move|p2b: Brute Bonnet|Rage Powder|p2b: Brute Bonnet\n|-singleturn|p2b: Brute Bonnet|move: Rage Powder\n|move|p2a: Flutter Mane|Dazzling Gleam|p1a: Iron Hands|[spread] p1a,p1b\n|-supereffective|p1a: Iron Hands\n|-supereffective|p1b: Baxcalibur\n|-damage|p1a: Iron Hands|68\/100\n|-damage|p1b: Baxcalibur|39\/100\n|move|p1b: Baxcalibur|Scale Shot|p2b: Brute Bonnet|[miss]\n|-miss|p1b: Baxcalibur|p2b: Brute Bonnet\n|move|p1a: Iron Hands|Drain Punch|p2b: Brute Bonnet\n|-supereffective|p2b: Brute Bonnet\n|-damage|p2b: Brute Bonnet|62\/100\n|-heal|p1a: Iron Hands|85\/100|[from] drain|[of] p2b: Brute Bonnet\n|\n|upkeep\n|turn|2\n|\n|t:|1700452829\n|move|p1b: Baxcalibur|Protect|p1b: Baxcalibur\n|-singleturn|p1b: Baxcalibur|Protect\n|move|p2a: Flutter Mane|Dazzling Gleam|p1a: Iron Hands|[spread] p1a\n|-activate|p1b: Baxcalibur|move: Protect\n|-supereffective|p1a: Iron Hands\n|-crit|p1a: Iron Hands\n|-damage|p1a: Iron Hands|37\/100\n|move|p2b: Brute Bonnet|Spore|p1a: Iron Hands\n|-status|p1a: Iron Hands|slp|[from] move: Spore\n|cant|p1a: Iron Hands|slp\n|\n|upkeep\n|turn|3\n|\n|t:|1700452846\n|switch|p1b: Heatran|Heatran, L50, M|100\/100\n|-end|p1a: Iron Hands|Quark Drive|[silent]\n|switch|p1a: Ninetales|Ninetales-Alola, L50, M|100\/100\n|-weather|Snow|[from] ability: Snow Warning|[of] p1a: Ninetales\n|move|p2a: Flutter Mane|Dazzling Gleam|p1a: Ninetales|[spread] p1a,p1b\n|-resisted|p1b: Heatran\n|-damage|p1a: Ninetales|68\/100\n|-damage|p1b: Heatran|94\/100\n|move|p2b: Brute Bonnet|Spore|p1b: Heatran\n|-status|p1b: Heatran|slp|[from] move: Spore\n|\n|-weather|Snow|[upkeep]\n|-heal|p1b: Heatran|100\/100 slp|[from] item: Leftovers\n|upkeep\n|turn|4\n|\n|t:|1700452865\n|-end|p2a: Flutter Mane|Protosynthesis|[silent]\n|switch|p2a: Torkoal|Torkoal, L50, F|100\/100\n|-weather|SunnyDay|[from] ability: Drought|[of] p2a: Torkoal\n|cant|p1b: Heatran|slp\n|move|p1a: Ninetales|Moonblast|p2b: Brute Bonnet\n|-supereffective|p2b: Brute Bonnet\n|-damage|p2b: Brute Bonnet|17\/100\n|-unboost|p2b: Brute Bonnet|spa|1\n|move|p2b: Brute Bonnet|Spore|p1a: Ninetales\n|-status|p1a: Ninetales|slp|[from] move: Spore\n|\n|-weather|SunnyDay|[upkeep]\n|upkeep\n|turn|5\n|\n|t:|1700452882\n|switch|p1a: Iron Hands|Iron Hands, L50|37\/100 slp\n|-end|p2b: Brute Bonnet|Protosynthesis|[silent]\n|switch|p2b: Flutter Mane|Flutter Mane, L50|100\/100\n|-activate|p2b: Flutter Mane|ability: Protosynthesis\n|-start|p2b: Flutter Mane|protosynthesisspe\n|cant|p1b: Heatran|slp\n|move|p2a: Torkoal|Earth Power|p1b: Heatran\n|-supereffective|p1b: Heatran\n|-damage|p1b: Heatran|13\/100 slp\n|\n|-weather|SunnyDay|[upkeep]\n|-heal|p1b: Heatran|19\/100 slp|[from] item: Leftovers\n|upkeep\n|turn|6\n|\n|t:|1700452902\n|move|p2b: Flutter Mane|Dazzling Gleam|p1a: Iron Hands|[spread] p1a,p1b\n|-supereffective|p1a: Iron Hands\n|-resisted|p1b: Heatran\n|-damage|p1a: Iron Hands|5\/100 slp\n|-damage|p1b: Heatran|13\/100 slp\n|cant|p1b: Heatran|slp\n|cant|p1a: Iron Hands|slp\n|move|p2a: Torkoal|Earth Power|p1b: Heatran\n|-supereffective|p1b: Heatran\n|-damage|p1b: Heatran|0 fnt\n|faint|p1b: Heatran\n|\n|-weather|SunnyDay|[upkeep]\n|upkeep\n|-message|jlamb forfeited.\n|\n|win|Kil-LaMei\n|raw|jlamb's rating: 1313 &rarr; <strong>1288<\/strong><br \/>(-25 for losing)\n|raw|Kil-LaMei's rating: 1219 &rarr; <strong>1251<\/strong><br \/>(+32 for winning)\n|l|\u2606jlamb\n|l| JIWAI\n","uploadtime":1700452931,"views":6,"p1id":"jlamb","p2id":"killamei","formatid":"gen9vgc2023regulatione","rating":1251,"private":0,"password":""}