{"id":"gen9vgc2023regulatione-2000199835","p1":"Zaharri","p2":"DeathZoom","format":"[Gen 9] VGC 2023 Regulation E","log":"|j|\u2606Zaharri\n|j|\u2606DeathZoom\n|t:|1701171106\n|gametype|doubles\n|player|p1|Zaharri|drayden|1286\n|player|p2|DeathZoom|169|1407\n|teamsize|p1|6\n|teamsize|p2|6\n|gen|9\n|tier|[Gen 9] VGC 2023 Regulation E\n|rated|\n|rule|Species Clause: Limit one of each Pok\u00e9mon\n|rule|Item Clause: Limit one of each item\n|clearpoke\n|poke|p1|Flutter Mane, L50|\n|poke|p1|Arcanine-Hisui, L50, M|\n|poke|p1|Dondozo, L50, M|\n|poke|p1|Tatsugiri, L50, M|\n|poke|p1|Rillaboom, L50, M|\n|poke|p1|Hydreigon, L50, M|\n|poke|p2|Toxapex, L50, F|\n|poke|p2|Grimmsnarl, L50, M|\n|poke|p2|Goodra-Hisui, L50, F|\n|poke|p2|Sinistcha, L50|\n|poke|p2|Iron Hands, L50|\n|poke|p2|Arcanine, L50, M|\n|teampreview|4\n|\n|t:|1701171155\n|start\n|switch|p1a: Arcanine|Arcanine-Hisui, L50, M|100\/100\n|switch|p1b: Hydreigon|Hydreigon, L50, M, shiny|100\/100\n|switch|p2a: Toxapex|Toxapex, L50, F|100\/100\n|switch|p2b: Grimmsnarl|Grimmsnarl, L50, M|100\/100\n|-ability|p1a: Arcanine|Intimidate|boost\n|-unboost|p2a: Toxapex|atk|1\n|-unboost|p2b: Grimmsnarl|atk|1\n|turn|1\n|\n|t:|1701171178\n|move|p2b: Grimmsnarl|Light Screen|p2b: Grimmsnarl\n|-sidestart|p2: DeathZoom|move: Light Screen\n|move|p1b: Hydreigon|Focus Energy|p1b: Hydreigon\n|-start|p1b: Hydreigon|move: Focus Energy\n|move|p1a: Arcanine|Rock Slide|p2b: Grimmsnarl|[spread] p2a,p2b\n|-damage|p2a: Toxapex|83\/100\n|-damage|p2b: Grimmsnarl|69\/100\n|cant|p2a: Toxapex|flinch\n|\n|upkeep\n|turn|2\n|\n|t:|1701171202\n|move|p2b: Grimmsnarl|Parting Shot|p1a: Arcanine\n|-unboost|p1a: Arcanine|atk|1\n|-unboost|p1a: Arcanine|spa|1\n|\n|t:|1701171206\n|switch|p2b: Iron Hands|Iron Hands, L50|100\/100|[from] Parting Shot\n|move|p1b: Hydreigon|Draco Meteor|p2a: Toxapex\n|-crit|p2a: Toxapex\n|-damage|p2a: Toxapex|7\/100\n|-unboost|p1b: Hydreigon|spa|2\n|move|p1a: Arcanine|Rock Slide|p2b: Iron Hands|[spread] p2b\n|-miss|p1a: Arcanine|p2a: Toxapex\n|-resisted|p2b: Iron Hands\n|-damage|p2b: Iron Hands|94\/100\n|move|p2a: Toxapex|Infestation|p1b: Hydreigon\n|-supereffective|p1b: Hydreigon\n|-damage|p1b: Hydreigon|94\/100\n|-activate|p1b: Hydreigon|move: Infestation|[of] p2a: Toxapex\n|\n|-damage|p1b: Hydreigon|78\/100|[from] move: Infestation|[partiallytrapped]\n|upkeep\n|turn|3\n|\n|t:|1701171240\n|switch|p1a: Dondozo|Dondozo, L50, M, shiny|100\/100\n|move|p1b: Hydreigon|Protect|p1b: Hydreigon\n|-singleturn|p1b: Hydreigon|Protect\n|move|p2a: Toxapex|Baneful Bunker|p2a: Toxapex\n|-singleturn|p2a: Toxapex|move: Protect\n|move|p2b: Iron Hands|Drain Punch|p1b: Hydreigon\n|-activate|p1b: Hydreigon|move: Protect\n|\n|-damage|p1b: Hydreigon|61\/100|[from] move: Infestation|[partiallytrapped]\n|upkeep\n|turn|4\n|\n|t:|1701171264\n|switch|p1a: Arcanine|Arcanine-Hisui, L50, M|100\/100\n|-ability|p1a: Arcanine|Intimidate|boost\n|-unboost|p2a: Toxapex|atk|1\n|-unboost|p2b: Iron Hands|atk|1\n|switch|p2a: Grimmsnarl|Grimmsnarl, L50, M|69\/100\n|-terastallize|p1b: Hydreigon|Poison\n|move|p1b: Hydreigon|Dark Pulse|p2a: Grimmsnarl\n|-resisted|p2a: Grimmsnarl\n|-crit|p2a: Grimmsnarl\n|-damage|p2a: Grimmsnarl|58\/100\n|move|p2b: Iron Hands|Drain Punch|p1b: Hydreigon\n|-resisted|p1b: Hydreigon\n|-damage|p1b: Hydreigon|47\/100\n|-heal|p2b: Iron Hands|99\/100|[from] drain|[of] p1b: Hydreigon\n|\n|-end|p1b: Hydreigon|Infestation|[partiallytrapped]|[silent]\n|upkeep\n|turn|5\n|\n|t:|1701171289\n|switch|p1a: Dondozo|Dondozo, L50, M, shiny|100\/100\n|move|p2a: Grimmsnarl|Parting Shot|p1a: Dondozo\n|-unboost|p1a: Dondozo|atk|1\n|-unboost|p1a: Dondozo|spa|1\n|\n|t:|1701171294\n|switch|p2a: Toxapex|Toxapex, L50, F|40\/100|[from] Parting Shot\n|move|p1b: Hydreigon|Draco Meteor|p2b: Iron Hands\n|-crit|p2b: Iron Hands\n|-damage|p2b: Iron Hands|60\/100\n|-unboost|p1b: Hydreigon|spa|2\n|move|p2b: Iron Hands|Volt Switch|p1b: Hydreigon\n|-damage|p1b: Hydreigon|33\/100\n|\n|t:|1701171304\n|-end|p2b: Iron Hands|Quark Drive|[silent]\n|switch|p2b: Sinistcha|Sinistcha, L50|100\/100|[from] Volt Switch\n|-heal|p2a: Toxapex|65\/100|[from] ability: Hospitality|[of] p2b: Sinistcha\n|\n|-sideend|p2: DeathZoom|move: Light Screen\n|upkeep\n|turn|6\n|\n|t:|1701171318\n|switch|p1a: Arcanine|Arcanine-Hisui, L50, M|100\/100\n|-ability|p1a: Arcanine|Intimidate|boost\n|-unboost|p2a: Toxapex|atk|1\n|-unboost|p2b: Sinistcha|atk|1\n|move|p1b: Hydreigon|Draco Meteor|p2a: Toxapex\n|-crit|p2a: Toxapex\n|-damage|p2a: Toxapex|0 fnt\n|-unboost|p1b: Hydreigon|spa|2\n|faint|p2a: Toxapex\n|move|p2b: Sinistcha|Calm Mind|p2b: Sinistcha\n|-boost|p2b: Sinistcha|spa|1\n|-boost|p2b: Sinistcha|spd|1\n|\n|upkeep\n|\n|t:|1701171327\n|switch|p2a: Iron Hands|Iron Hands, L50|60\/100\n|turn|7\n|\n|t:|1701171343\n|move|p1b: Hydreigon|Protect|p1b: Hydreigon\n|-singleturn|p1b: Hydreigon|Protect\n|move|p2b: Sinistcha|Protect|p2b: Sinistcha\n|-singleturn|p2b: Sinistcha|Protect\n|move|p1a: Arcanine|Will-O-Wisp|p2a: Iron Hands\n|-status|p2a: Iron Hands|brn\n|move|p2a: Iron Hands|Wild Charge|p1b: Hydreigon\n|-activate|p1b: Hydreigon|move: Protect\n|\n|-damage|p2a: Iron Hands|53\/100 brn|[from] brn\n|upkeep\n|turn|8\n|\n|t:|1701171362\n|-terastallize|p2b: Sinistcha|Dragon\n|move|p1b: Hydreigon|Dark Pulse|p2b: Sinistcha\n|-crit|p2b: Sinistcha\n|-damage|p2b: Sinistcha|43\/100\n|move|p1a: Arcanine|Rock Slide|p2b: Sinistcha|[spread] p2a,p2b\n|-resisted|p2a: Iron Hands\n|-damage|p2a: Iron Hands|44\/100 brn\n|-damage|p2b: Sinistcha|24\/100\n|cant|p2b: Sinistcha|flinch\n|move|p2a: Iron Hands|Wild Charge|p1b: Hydreigon\n|-damage|p1b: Hydreigon|8\/100\n|-damage|p2a: Iron Hands|39\/100 brn|[from] Recoil\n|\n|-damage|p2a: Iron Hands|33\/100 brn|[from] brn\n|upkeep\n|turn|9\n|\n|t:|1701171392\n|move|p1b: Hydreigon|Protect|p1b: Hydreigon\n|-singleturn|p1b: Hydreigon|Protect\n|move|p1a: Arcanine|Rock Slide|p2b: Sinistcha|[spread] p2a,p2b\n|-resisted|p2a: Iron Hands\n|-damage|p2a: Iron Hands|24\/100 brn\n|-damage|p2b: Sinistcha|4\/100\n|move|p2b: Sinistcha|Matcha Gotcha|p1b: Hydreigon|[spread] p1a\n|-activate|p1b: Hydreigon|move: Protect\n|-damage|p1a: Arcanine|66\/100\n|-heal|p2b: Sinistcha|23\/100|[from] drain|[of] p1a: Arcanine\n|move|p2a: Iron Hands|Volt Switch|p1b: Hydreigon\n|-activate|p1b: Hydreigon|move: Protect\n|\n|-damage|p2a: Iron Hands|17\/100 brn|[from] brn\n|upkeep\n|turn|10\n|\n|t:|1701171415\n|move|p2b: Sinistcha|Protect|p2b: Sinistcha\n|-singleturn|p2b: Sinistcha|Protect\n|move|p1b: Hydreigon|Dark Pulse|p2b: Sinistcha\n|-activate|p2b: Sinistcha|move: Protect\n|move|p1a: Arcanine|Flare Blitz|p2a: Iron Hands\n|-damage|p2a: Iron Hands|0 fnt\n|faint|p2a: Iron Hands\n|-end|p2a: Iron Hands|Quark Drive|[silent]\n|-damage|p1a: Arcanine|58\/100|[from] Recoil\n|\n|upkeep\n|\n|t:|1701171422\n|switch|p2a: Grimmsnarl|Grimmsnarl, L50, M|58\/100\n|turn|11\n|\n|t:|1701171441\n|move|p2a: Grimmsnarl|Parting Shot|p1a: Arcanine\n|-unboost|p1a: Arcanine|atk|1\n|-unboost|p1a: Arcanine|spa|1\n|move|p1b: Hydreigon|Dark Pulse|p2b: Sinistcha\n|-crit|p2b: Sinistcha\n|-damage|p2b: Sinistcha|0 fnt\n|faint|p2b: Sinistcha\n|move|p1a: Arcanine|Will-O-Wisp|p2a: Grimmsnarl\n|-status|p2a: Grimmsnarl|brn\n|\n|-damage|p2a: Grimmsnarl|52\/100 brn|[from] brn\n|upkeep\n|turn|12\n|-message|DeathZoom forfeited.\n|\n|win|Zaharri\n|raw|Zaharri's rating: 1286 &rarr; <strong>1319<\/strong><br \/>(+33 for winning)\n|raw|DeathZoom's rating: 1407 &rarr; <strong>1380<\/strong><br \/>(-27 for losing)\n|l|\u2606DeathZoom\n","uploadtime":1701171513,"views":15,"p1id":"zaharri","p2id":"deathzoom","formatid":"gen9vgc2023regulatione","rating":1319,"private":0,"password":""}