{"id":"gen9vgc2023regulatione-1998357827","p1":"Ogskive","p2":"OceanRayClark","format":"[Gen 9] VGC 2023 Regulation E","log":"|j|\u2606Ogskive\n|j|\u2606OceanRayClark\n|t:|1700933367\n|gametype|doubles\n|player|p1|Ogskive|fisherman-gen4|1291\n|player|p2|OceanRayClark|marshal|1179\n|teamsize|p1|6\n|teamsize|p2|6\n|gen|9\n|tier|[Gen 9] VGC 2023 Regulation E\n|rated|\n|rule|Species Clause: Limit one of each Pok\u00e9mon\n|rule|Item Clause: Limit one of each item\n|clearpoke\n|poke|p1|Drifblim, L50, M|\n|poke|p1|Overqwil, L50, F|\n|poke|p1|Ting-Lu, L50|\n|poke|p1|Altaria, L50, M|\n|poke|p1|Rillaboom, L50, M|\n|poke|p1|Maushold-Four, L50|\n|poke|p2|Annihilape, L50, M|\n|poke|p2|Gallade, L50, M|\n|poke|p2|Iron Hands, L50|\n|poke|p2|Glimmora, L50, F|\n|poke|p2|Ninetales-Alola, L50, F|\n|poke|p2|Haxorus, L50, M|\n|teampreview|4\n|inactive|Battle timer is ON: inactive players will automatically lose when time's up. (requested by Ogskive)\nOceanRayClark rejected open team sheets.\n|\n|t:|1700933387\n|start\n|switch|p1a: Evocation|Overqwil, L50, F|100\/100\n|switch|p1b: Conjuration|Maushold-Four, L50|100\/100\n|switch|p2a: Princess|Ninetales-Alola, L50, F|100\/100\n|switch|p2b: Milky Rose\ud83c\udf39|Glimmora, L50, F|100\/100\n|-weather|Snow|[from] ability: Snow Warning|[of] p2a: Princess\n|-ability|p1a: Evocation|Intimidate|boost\n|-unboost|p2a: Princess|atk|1\n|-unboost|p2b: Milky Rose\ud83c\udf39|atk|1\n|turn|1\n|\n|t:|1700933407\n|switch|p1b: Necromancy|Altaria, L50, M|100\/100\n|-ability|p1b: Necromancy|Cloud Nine\n|move|p2a: Princess|Blizzard|p1b: Necromancy|[spread] p1a,p1b\n|-supereffective|p1b: Necromancy\n|-damage|p1a: Evocation|62\/100\n|-damage|p1b: Necromancy|0 fnt\n|-status|p1a: Evocation|frz\n|faint|p1b: Necromancy\n|move|p2b: Milky Rose\ud83c\udf39|Dazzling Gleam|p1a: Evocation\n|-damage|p1a: Evocation|26\/100 frz\n|cant|p1a: Evocation|frz\n|\n|-weather|Snow|[upkeep]\n|upkeep\n|c|\u2606Ogskive|whelp\n|\n|t:|1700933420\n|switch|p1b: Conjuration|Maushold-Four, L50|100\/100\n|turn|2\n|c|\u2606OceanRayClark|was it worth it? lol\n|c|\u2606OceanRayClark|lmao jk but your whelp made me laugh\n|c|\u2606OceanRayClark|it's not over yet though Good luck\n|c|\u2606Ogskive|gl lmao\n|inactive|OceanRayClark has 30 seconds left.\n|\n|t:|1700933446\n|move|p1b: Conjuration|Tidy Up|p1b: Conjuration\n|-boost|p1b: Conjuration|atk|1\n|-boost|p1b: Conjuration|spe|1\n|move|p2a: Princess|Blizzard|p1b: Conjuration|[spread] p1a,p1b\n|-damage|p1a: Evocation|0 fnt\n|-damage|p1b: Conjuration|60\/100\n|faint|p1a: Evocation\n|move|p2b: Milky Rose\ud83c\udf39|Sludge Bomb|p1b: Conjuration\n|-damage|p1b: Conjuration|0 fnt\n|faint|p1b: Conjuration\n|\n|-weather|Snow|[upkeep]\n|upkeep\n|c|\u2606Ogskive|So you're saying there's a chance\n|\n|t:|1700933462\n|switch|p1b: Abjuration|Ting-Lu, L50|100\/100\n|-ability|p1b: Abjuration|Vessel of Ruin\n|turn|3\n|c|\u2606OceanRayClark|ok i usually upload battles on tiktok @championocean\n|c|\u2606OceanRayClark|and idk i thought youd come back you still can lol\n|inactive|OceanRayClark has 30 seconds left.\n|c|\u2606OceanRayClark|right?\n|\n|t:|1700933494\n|-terastallize|p1b: Abjuration|Poison\n|move|p2a: Princess|Blizzard|p1b: Abjuration\n|-damage|p1b: Abjuration|81\/100\n|move|p2b: Milky Rose\ud83c\udf39|Dazzling Gleam|p1b: Abjuration\n|-resisted|p1b: Abjuration\n|-damage|p1b: Abjuration|75\/100\n|move|p1b: Abjuration|Rock Slide|p2b: Milky Rose\ud83c\udf39|[spread] p2a,p2b\n|-supereffective|p2a: Princess\n|-damage|p2a: Princess|75\/100\n|-damage|p2b: Milky Rose\ud83c\udf39|85\/100\n|-activate|p2b: Milky Rose\ud83c\udf39|ability: Toxic Debris\n|-sidestart|p1: Ogskive|move: Toxic Spikes\n|\n|-weather|Snow|[upkeep]\n|-heal|p2b: Milky Rose\ud83c\udf39|91\/100|[from] item: Black Sludge\n|-heal|p1b: Abjuration|81\/100|[from] item: Leftovers\n|upkeep\n|turn|4\n|c|\u2606OceanRayClark|see\n|c|\u2606Ogskive|If you opened with aurorar veil this would've been a different story LMAO\n|inactive|OceanRayClark has 30 seconds left.\n|c|\u2606OceanRayClark|lol so true my thing is\n|\n|t:|1700933528\n|move|p2a: Princess|Blizzard|p1b: Abjuration\n|-damage|p1b: Abjuration|61\/100\n|move|p2b: Milky Rose\ud83c\udf39|Power Gem|p1b: Abjuration\n|-damage|p1b: Abjuration|41\/100\n|move|p1b: Abjuration|Sand Tomb|p2b: Milky Rose\ud83c\udf39\n|-supereffective|p2b: Milky Rose\ud83c\udf39\n|-damage|p2b: Milky Rose\ud83c\udf39|34\/100\n|-activate|p2b: Milky Rose\ud83c\udf39|move: Sand Tomb|[of] p1b: Abjuration\n|-activate|p2b: Milky Rose\ud83c\udf39|ability: Toxic Debris\n|-sidestart|p1: Ogskive|move: Toxic Spikes\n|\n|-weather|Snow|[upkeep]\n|-heal|p2b: Milky Rose\ud83c\udf39|40\/100|[from] item: Black Sludge\n|-heal|p1b: Abjuration|47\/100|[from] item: Leftovers\n|-damage|p2b: Milky Rose\ud83c\udf39|27\/100|[from] move: Sand Tomb|[partiallytrapped]\n|upkeep\n|turn|5\n|c|\u2606OceanRayClark|i try to use different things then the current meta\n|c|\u2606OceanRayClark|so it's not predictable\n|c|\u2606OceanRayClark|so ill commend you i love seieng original teams\n|inactive|OceanRayClark has 30 seconds left.\n|\n|t:|1700933559\n|move|p1b: Abjuration|Protect|p1b: Abjuration\n|-singleturn|p1b: Abjuration|Protect\n|move|p2a: Princess|Blizzard|p1b: Abjuration\n|-activate|p1b: Abjuration|move: Protect\n|move|p2b: Milky Rose\ud83c\udf39|Dazzling Gleam|p1b: Abjuration\n|-activate|p1b: Abjuration|move: Protect\n|\n|-weather|Snow|[upkeep]\n|-heal|p2b: Milky Rose\ud83c\udf39|33\/100|[from] item: Black Sludge\n|-heal|p1b: Abjuration|54\/100|[from] item: Leftovers\n|-damage|p2b: Milky Rose\ud83c\udf39|21\/100|[from] move: Sand Tomb|[partiallytrapped]\n|upkeep\n|turn|6\n|c|\u2606OceanRayClark|lol\n|c|\u2606Ogskive|This team is actually for a tournament I'm in, the challenge is to use one pokemon from each EXP group\n|\n|t:|1700933577\n|move|p2a: Princess|Blizzard|p1b: Abjuration\n|-damage|p1b: Abjuration|34\/100\n|move|p2b: Milky Rose\ud83c\udf39|Power Gem|p1b: Abjuration\n|-damage|p1b: Abjuration|15\/100\n|move|p1b: Abjuration|Sand Tomb|p2a: Princess\n|-damage|p2a: Princess|64\/100\n|-activate|p2a: Princess|move: Sand Tomb|[of] p1b: Abjuration\n|\n|-weather|Snow|[upkeep]\n|-heal|p2b: Milky Rose\ud83c\udf39|27\/100|[from] item: Black Sludge\n|-heal|p1b: Abjuration|21\/100|[from] item: Leftovers\n|-damage|p2a: Princess|51\/100|[from] move: Sand Tomb|[partiallytrapped]\n|-damage|p2b: Milky Rose\ud83c\udf39|14\/100|[from] move: Sand Tomb|[partiallytrapped]\n|upkeep\n|turn|7\n|c|\u2606OceanRayClark|that's prertty cool\n|c|\u2606OceanRayClark|im trying to find out about joining tournaments im new to showdown\n|inactive|OceanRayClark has 30 seconds left.\n|\n|t:|1700933603\n|move|p1b: Abjuration|Protect|p1b: Abjuration\n|-singleturn|p1b: Abjuration|Protect\n|move|p2a: Princess|Blizzard|p1b: Abjuration\n|-activate|p1b: Abjuration|move: Protect\n|move|p2b: Milky Rose\ud83c\udf39|Power Gem|p1b: Abjuration\n|-activate|p1b: Abjuration|move: Protect\n|\n|-weather|Snow|[upkeep]\n|-heal|p2b: Milky Rose\ud83c\udf39|20\/100|[from] item: Black Sludge\n|-heal|p1b: Abjuration|27\/100|[from] item: Leftovers\n|-damage|p2a: Princess|39\/100|[from] move: Sand Tomb|[partiallytrapped]\n|-damage|p2b: Milky Rose\ud83c\udf39|8\/100|[from] move: Sand Tomb|[partiallytrapped]\n|upkeep\n|turn|8\n|inactive|OceanRayClark has 30 seconds left.\n|\n|t:|1700933633\n|move|p2a: Princess|Blizzard|p1b: Abjuration\n|-damage|p1b: Abjuration|9\/100\n|move|p2b: Milky Rose\ud83c\udf39|Power Gem|p1b: Abjuration\n|-damage|p1b: Abjuration|0 fnt\n|faint|p1b: Abjuration\n|\n|win|OceanRayClark\n|raw|Ogskive's rating: 1291 &rarr; <strong>1258<\/strong><br \/>(-33 for losing)\n|raw|OceanRayClark's rating: 1179 &rarr; <strong>1212<\/strong><br \/>(+33 for winning)\n|c|\u2606OceanRayClark|gg\n","uploadtime":1700933642,"views":0,"p1id":"ogskive","p2id":"oceanrayclark","formatid":"gen9vgc2023regulatione","rating":1212,"private":0,"password":""}