{"id":"gen9vgc2023regulatione-1999369403","p1":"Mirai_Burai","p2":"Mallow_sux","format":"[Gen 9] VGC 2023 Regulation E","log":"|j|\u2606Mirai_Burai\n|j|\u2606Mallow_sux\n|n|\u2606Mirai_Burai|miraiburai\n|n|\u2606Mallow_sux|mallowsux\n|html|View the match progress at <a href=\"\/game-bestof3-gen9vgc2023regulatione-1999365356\">game-bestof3-gen9vgc2023regulatione-1999365356<\/a>\n|t:|1701068339\n|gametype|doubles\n|player|p1|Mirai_Burai|skyla|\n|player|p2|Mallow_sux|shauntal|\n|teamsize|p1|6\n|teamsize|p2|6\n|gen|9\n|tier|[Gen 9] VGC 2023 Regulation E\n|rule|Species Clause: Limit one of each Pok\u00e9mon\n|rule|Item Clause: Limit one of each item\n|clearpoke\n|poke|p1|Empoleon, L50, F|\n|poke|p1|Tornadus, L50, M|\n|poke|p1|Ninetales-Alola, L50, F|\n|poke|p1|Sinistcha, L50|\n|poke|p1|Okidogi, L50, M|\n|poke|p1|Urshifu-*, L50, M|\n|poke|p2|Iron Bundle, L50|\n|poke|p2|Tornadus, L50, M|\n|poke|p2|Flutter Mane, L50|\n|poke|p2|Ogerpon-Hearthflame, L50, F|\n|poke|p2|Rillaboom, L50, M|\n|poke|p2|Chi-Yu, L50|\n|teampreview|4\n|\n|t:|1701068428\n|start\n|switch|p1a: Ninetales|Ninetales-Alola, L50, F, shiny|100\/100\n|switch|p1b: Tornadus|Tornadus, L50, M|100\/100\n|switch|p2a: Iron Bundle|Iron Bundle, L50|100\/100\n|switch|p2b: Rillaboom|Rillaboom, L50, M|100\/100\n|-weather|Snow|[from] ability: Snow Warning|[of] p1a: Ninetales\n|-fieldstart|move: Grassy Terrain|[from] ability: Grassy Surge|[of] p2b: Rillaboom\n|-enditem|p2a: Iron Bundle|Booster Energy\n|-activate|p2a: Iron Bundle|ability: Quark Drive|[fromitem]\n|-start|p2a: Iron Bundle|quarkdrivespe\n|turn|1\n|\n|t:|1701068455\n|switch|p1b: Urshifu|Urshifu, L50, M|100\/100\n|move|p1a: Ninetales|Protect|p1a: Ninetales\n|-singleturn|p1a: Ninetales|Protect\n|move|p2b: Rillaboom|Fake Out|p1a: Ninetales\n|-activate|p1a: Ninetales|move: Protect\n|move|p2a: Iron Bundle|Icy Wind|p1b: Urshifu|[spread] p1b\n|-activate|p1a: Ninetales|move: Protect\n|-damage|p1b: Urshifu|68\/100\n|-unboost|p1b: Urshifu|spe|1\n|\n|-weather|Snow|[upkeep]\n|-heal|p1b: Urshifu|74\/100|[from] Grassy Terrain\n|upkeep\n|turn|2\n|\n|t:|1701068499\n|-end|p2a: Iron Bundle|Quark Drive|[silent]\n|switch|p2a: Flutter Mane|Flutter Mane, L50|100\/100\n|move|p1b: Urshifu|Sucker Punch|p2b: Rillaboom\n|-damage|p2b: Rillaboom|45\/100\n|move|p1a: Ninetales|Aurora Veil|p1a: Ninetales\n|-sidestart|p1: Mirai_Burai|move: Aurora Veil\n|move|p2b: Rillaboom|Wood Hammer|p1a: Ninetales\n|-damage|p1a: Ninetales|48\/100\n|-damage|p2b: Rillaboom|32\/100|[from] Recoil\n|\n|-weather|Snow|[upkeep]\n|-heal|p1a: Ninetales|54\/100|[from] Grassy Terrain\n|-heal|p2b: Rillaboom|38\/100|[from] Grassy Terrain\n|-heal|p1b: Urshifu|79\/100|[from] Grassy Terrain\n|upkeep\n|turn|3\n|\n|t:|1701068540\n|switch|p1b: Tornadus|Tornadus, L50, M|100\/100\n|move|p1a: Ninetales|Protect|p1a: Ninetales\n|-singleturn|p1a: Ninetales|Protect\n|move|p2b: Rillaboom|Grassy Glide|p1a: Ninetales\n|-activate|p1a: Ninetales|move: Protect\n|move|p2a: Flutter Mane|Dazzling Gleam|p1b: Tornadus|[spread] p1b\n|-activate|p1a: Ninetales|move: Protect\n|-damage|p1b: Tornadus|68\/100\n|\n|-weather|Snow|[upkeep]\n|-heal|p1a: Ninetales|60\/100|[from] Grassy Terrain\n|-heal|p2b: Rillaboom|44\/100|[from] Grassy Terrain\n|upkeep\n|turn|4\n|\n|t:|1701068590\n|switch|p2b: Iron Bundle|Iron Bundle, L50|100\/100\n|move|p1b: Tornadus|Tailwind|p1b: Tornadus\n|-sidestart|p1: Mirai_Burai|move: Tailwind\n|move|p1a: Ninetales|Blizzard|p2a: Flutter Mane|[spread] p2a,p2b\n|-resisted|p2b: Iron Bundle\n|-damage|p2a: Flutter Mane|75\/100\n|-damage|p2b: Iron Bundle|92\/100\n|move|p2a: Flutter Mane|Moonblast|p1b: Tornadus\n|-damage|p1b: Tornadus|19\/100\n|\n|-weather|Snow|[upkeep]\n|-heal|p1a: Ninetales|66\/100|[from] Grassy Terrain\n|-heal|p2b: Iron Bundle|98\/100|[from] Grassy Terrain\n|-heal|p2a: Flutter Mane|81\/100|[from] Grassy Terrain\n|upkeep\n|turn|5\n|\n|t:|1701068626\n|switch|p1b: Empoleon|Empoleon, L50, F|100\/100\n|move|p1a: Ninetales|Protect|p1a: Ninetales\n|-singleturn|p1a: Ninetales|Protect\n|move|p2b: Iron Bundle|Icy Wind|p1b: Empoleon|[spread] p1b\n|-activate|p1a: Ninetales|move: Protect\n|-resisted|p1b: Empoleon\n|-damage|p1b: Empoleon|98\/100\n|-unboost|p1b: Empoleon|spe|1\n|-ability|p1b: Empoleon|Competitive|boost\n|-boost|p1b: Empoleon|spa|2\n|move|p2a: Flutter Mane|Moonblast|p1a: Ninetales\n|-activate|p1a: Ninetales|move: Protect\n|\n|-weather|none\n|-heal|p1a: Ninetales|72\/100|[from] Grassy Terrain\n|-heal|p2b: Iron Bundle|100\/100|[from] Grassy Terrain\n|-heal|p2a: Flutter Mane|88\/100|[from] Grassy Terrain\n|-heal|p1b: Empoleon|100\/100|[from] Grassy Terrain\n|-fieldend|move: Grassy Terrain\n|upkeep\n|turn|6\n|\n|t:|1701068682\n|switch|p1a: Tornadus|Tornadus, L50, M|19\/100\n|move|p2a: Flutter Mane|Protect|p2a: Flutter Mane\n|-singleturn|p2a: Flutter Mane|Protect\n|move|p1b: Empoleon|Vacuum Wave|p2b: Iron Bundle\n|-supereffective|p2b: Iron Bundle\n|-damage|p2b: Iron Bundle|17\/100\n|move|p2b: Iron Bundle|Icy Wind|p1a: Tornadus|[spread] p1a,p1b\n|-supereffective|p1a: Tornadus\n|-resisted|p1b: Empoleon\n|-damage|p1a: Tornadus|0 fnt\n|-damage|p1b: Empoleon|98\/100\n|-unboost|p1b: Empoleon|spe|1\n|-ability|p1b: Empoleon|Competitive|boost\n|-boost|p1b: Empoleon|spa|2\n|faint|p1a: Tornadus\n|\n|upkeep\n|\n|t:|1701068701\n|switch|p1a: Urshifu|Urshifu, L50, M|79\/100\n|turn|7\n|\n|t:|1701068726\n|move|p2b: Iron Bundle|Protect|p2b: Iron Bundle\n|-singleturn|p2b: Iron Bundle|Protect\n|move|p1a: Urshifu|U-turn|p2a: Flutter Mane\n|-resisted|p2a: Flutter Mane\n|-damage|p2a: Flutter Mane|69\/100\n|\n|t:|1701068731\n|switch|p1a: Ninetales|Ninetales-Alola, L50, F, shiny|72\/100|[from] U-turn\n|-weather|Snow|[from] ability: Snow Warning|[of] p1a: Ninetales\n|move|p2a: Flutter Mane|Moonblast|p1a: Ninetales\n|-damage|p1a: Ninetales|34\/100\n|move|p1b: Empoleon|Flash Cannon|p2a: Flutter Mane\n|-supereffective|p2a: Flutter Mane\n|-damage|p2a: Flutter Mane|0 fnt\n|faint|p2a: Flutter Mane\n|-end|p2a: Flutter Mane|Protosynthesis|[silent]\n|\n|-weather|Snow|[upkeep]\n|-sideend|p1: Mirai_Burai|move: Tailwind\n|upkeep\n|\n|t:|1701068747\n|switch|p2a: Rillaboom|Rillaboom, L50, M|44\/100\n|-fieldstart|move: Grassy Terrain|[from] ability: Grassy Surge|[of] p2a: Rillaboom\n|turn|8\n|\n|t:|1701068763\n|move|p2a: Rillaboom|Fake Out|p1a: Ninetales\n|-damage|p1a: Ninetales|25\/100\n|move|p1b: Empoleon|Vacuum Wave|p2b: Iron Bundle\n|-supereffective|p2b: Iron Bundle\n|-damage|p2b: Iron Bundle|0 fnt\n|faint|p2b: Iron Bundle\n|-end|p2b: Iron Bundle|Quark Drive|[silent]\n|cant|p1a: Ninetales|flinch\n|\n|-weather|Snow|[upkeep]\n|-heal|p1a: Ninetales|31\/100|[from] Grassy Terrain\n|-heal|p2a: Rillaboom|50\/100|[from] Grassy Terrain\n|-heal|p1b: Empoleon|100\/100|[from] Grassy Terrain\n|upkeep\n|\n|t:|1701068777\n|switch|p2b: Ogerpon|Ogerpon-Hearthflame, L50, F|100\/100\n|-ability|p2b: Ogerpon|Mold Breaker\n|turn|9\n|\n|t:|1701068812\n|move|p1a: Ninetales|Protect|p1a: Ninetales\n|-singleturn|p1a: Ninetales|Protect\n|move|p2b: Ogerpon|Ivy Cudgel|p1b: Empoleon|[anim] Ivy Cudgel Fire\n|-damage|p1b: Empoleon|60\/100\n|move|p2a: Rillaboom|Wood Hammer|p1b: Empoleon\n|-damage|p1b: Empoleon|0 fnt\n|faint|p1b: Empoleon\n|-damage|p2a: Rillaboom|32\/100|[from] Recoil\n|\n|-weather|Snow|[upkeep]\n|-heal|p1a: Ninetales|37\/100|[from] Grassy Terrain\n|-heal|p2a: Rillaboom|38\/100|[from] Grassy Terrain\n|-sideend|p1: Mirai_Burai|move: Aurora Veil\n|upkeep\n|\n|t:|1701068824\n|switch|p1b: Urshifu|Urshifu, L50, M|79\/100\n|turn|10\n|\n|t:|1701068875\n|move|p1a: Ninetales|Protect|p1a: Ninetales\n|-singleturn|p1a: Ninetales|Protect\n|move|p1b: Urshifu|Sucker Punch|p2b: Ogerpon\n|-damage|p2b: Ogerpon|43\/100\n|move|p2b: Ogerpon|Ivy Cudgel|p1a: Ninetales|[anim] Ivy Cudgel Fire\n|-activate|p1a: Ninetales|move: Protect\n|move|p2a: Rillaboom|Wood Hammer|p1b: Urshifu\n|-damage|p1b: Urshifu|0 fnt\n|faint|p1b: Urshifu\n|-damage|p2a: Rillaboom|15\/100|[from] Recoil\n|\n|-weather|Snow|[upkeep]\n|-heal|p1a: Ninetales|43\/100|[from] Grassy Terrain\n|-heal|p2b: Ogerpon|49\/100|[from] Grassy Terrain\n|-heal|p2a: Rillaboom|21\/100|[from] Grassy Terrain\n|upkeep\n|turn|11\n|\n|t:|1701068931\n|-terastallize|p2b: Ogerpon|Fire\n|detailschange|p2b: Ogerpon|Ogerpon-Hearthflame-Tera, L50, F, tera:Fire\n|-ability|p2b: Ogerpon|Embody Aspect (Hearthflame)|boost\n|-boost|p2b: Ogerpon|atk|1\n|move|p1a: Ninetales|Blizzard|p2b: Ogerpon|[spread] p2a,p2b\n|-supereffective|p2a: Rillaboom\n|-crit|p2a: Rillaboom\n|-resisted|p2b: Ogerpon\n|-damage|p2a: Rillaboom|0 fnt\n|-damage|p2b: Ogerpon|37\/100\n|faint|p2a: Rillaboom\n|move|p2b: Ogerpon|Ivy Cudgel|p1a: Ninetales|[anim] Ivy Cudgel Fire\n|-supereffective|p1a: Ninetales\n|-damage|p1a: Ninetales|0 fnt\n|faint|p1a: Ninetales\n|\n|win|Mallow_sux\n","uploadtime":1701068948,"views":5,"p1id":"miraiburai","p2id":"mallowsux","formatid":"gen9vgc2023regulatione","rating":0,"private":0,"password":""}