{"id":"gen9vgc2023regulatione-1994475775","p1":"Kzjrjzk","p2":"Connerwake","format":"[Gen 9] VGC 2023 Regulation E","log":"|j|\u2606Kzjrjzk\n|j|\u2606Connerwake\n|t:|1700448280\n|gametype|doubles\n|player|p1|Kzjrjzk|lance|1099\n|player|p2|Connerwake|morty|1071\n|teamsize|p1|6\n|teamsize|p2|6\n|gen|9\n|tier|[Gen 9] VGC 2023 Regulation E\n|rated|\n|rule|Species Clause: Limit one of each Pok\u00e9mon\n|rule|Item Clause: Limit one of each item\n|clearpoke\n|poke|p1|Flutter Mane, L50|\n|poke|p1|Tornadus, L50, M|\n|poke|p1|Rillaboom, L50, M|\n|poke|p1|Garganacl, L50, F|\n|poke|p1|Arcanine-Hisui, L50, F|\n|poke|p1|Chien-Pao, L50|\n|poke|p2|Dipplin, L50, M|\n|poke|p2|Charizard, L50, F|\n|poke|p2|Iron Hands, L50|\n|poke|p2|Chi-Yu, L50|\n|poke|p2|Ogerpon-Wellspring, L50, F|\n|poke|p2|Sinistcha, L50|\n|teampreview|4\n|inactive|Battle timer is ON: inactive players will automatically lose when time's up. (requested by Connerwake)\n|\n|t:|1700448305\n|start\n|switch|p1a: Tornadus|Tornadus, L50, M|100\/100\n|switch|p1b: Garganacl|Garganacl, L50, F|100\/100\n|switch|p2a: Dipplin|Dipplin, L50, M|100\/100\n|switch|p2b: Charizard|Charizard, L50, F, shiny|100\/100\n|-ability|p2a: Dipplin|Supersweet Syrup\n|-ability|p2a: Dipplin|Supersweet Syrup|boost\n|-unboost|p1a: Tornadus|evasion|1\n|-unboost|p1b: Garganacl|evasion|1\n|turn|1\n|\n|t:|1700448319\n|move|p1b: Garganacl|Protect|p1b: Garganacl\n|-singleturn|p1b: Garganacl|Protect\n|move|p2b: Charizard|Heat Wave|p1a: Tornadus|[spread] p1a\n|-activate|p1b: Garganacl|move: Protect\n|-damage|p1a: Tornadus|62\/100\n|move|p1a: Tornadus|Bleakwind Storm|p2b: Charizard|[spread] p2a,p2b\n|-supereffective|p2a: Dipplin\n|-damage|p2a: Dipplin|62\/100\n|-damage|p2b: Charizard|61\/100\n|-unboost|p2a: Dipplin|spe|1\n|move|p2a: Dipplin|Syrup Bomb|p1b: Garganacl\n|-activate|p1b: Garganacl|move: Protect\n|\n|upkeep\n|turn|2\n|\n|t:|1700448335\n|move|p1a: Tornadus|Tailwind|p1a: Tornadus\n|-sidestart|p1: Kzjrjzk|move: Tailwind\n|move|p2b: Charizard|Heat Wave|p1a: Tornadus|[spread] p1a,p1b\n|-resisted|p1b: Garganacl\n|-damage|p1a: Tornadus|23\/100\n|-damage|p1b: Garganacl|83\/100\n|move|p1b: Garganacl|Salt Cure|p2b: Charizard\n|-supereffective|p2b: Charizard\n|-damage|p2b: Charizard|0 fnt\n|faint|p2b: Charizard\n|move|p2a: Dipplin|Syrup Bomb|p1b: Garganacl\n|-supereffective|p1b: Garganacl\n|-damage|p1b: Garganacl|54\/100\n|-start|p1b: Garganacl|Syrup Bomb\n|\n|-unboost|p1b: Garganacl|spe|1\n|upkeep\n|\n|t:|1700448346\n|switch|p2b: Iron Hands|Iron Hands, L50|100\/100\n|turn|3\n|\n|t:|1700448362\n|-terastallize|p1b: Garganacl|Ghost\n|move|p2b: Iron Hands|Fake Out|p1a: Tornadus\n|-damage|p1a: Tornadus|5\/100\n|-damage|p2b: Iron Hands|84\/100|[from] item: Rocky Helmet|[of] p1a: Tornadus\n|cant|p1a: Tornadus|flinch\n|move|p1b: Garganacl|Salt Cure|p2a: Dipplin\n|-damage|p2a: Dipplin|52\/100\n|-start|p2a: Dipplin|Salt Cure\n|move|p2a: Dipplin|Syrup Bomb|p1b: Garganacl\n|-damage|p1b: Garganacl|41\/100\n|-enditem|p1b: Garganacl|Sitrus Berry|[eat]\n|-heal|p1b: Garganacl|65\/100|[from] item: Sitrus Berry\n|\n|-damage|p2a: Dipplin|39\/100|[from] Salt Cure\n|-unboost|p1b: Garganacl|spe|1\n|upkeep\n|turn|4\n|\n|t:|1700448382\n|move|p1a: Tornadus|Bleakwind Storm|p2a: Dipplin|[spread] p2a\n|-miss|p1a: Tornadus|p2b: Iron Hands\n|-supereffective|p2a: Dipplin\n|-damage|p2a: Dipplin|4\/100\n|move|p2b: Iron Hands|Wild Charge|p1a: Tornadus\n|-supereffective|p1a: Tornadus\n|-damage|p1a: Tornadus|0 fnt\n|-damage|p2b: Iron Hands|67\/100|[from] item: Rocky Helmet|[of] p1a: Tornadus\n|faint|p1a: Tornadus\n|-damage|p2b: Iron Hands|67\/100|[from] Recoil\n|move|p1b: Garganacl|Iron Defense|p1b: Garganacl\n|-boost|p1b: Garganacl|def|2\n|move|p2a: Dipplin|Draco Meteor|p1b: Garganacl\n|-damage|p1b: Garganacl|32\/100\n|-unboost|p2a: Dipplin|spa|2\n|\n|-damage|p2a: Dipplin|0 fnt|[from] Salt Cure\n|faint|p2a: Dipplin\n|-unboost|p1b: Garganacl|spe|1\n|upkeep\n|\n|t:|1700448388\n|switch|p1a: Arcanine|Arcanine-Hisui, L50, F|100\/100\n|switch|p2a: Sinistcha|Sinistcha, L50|100\/100\n|-ability|p1a: Arcanine|Intimidate|boost\n|-unboost|p2a: Sinistcha|atk|1\n|-unboost|p2b: Iron Hands|atk|1\n|-heal|p2b: Iron Hands|92\/100|[from] ability: Hospitality|[of] p2a: Sinistcha\n|turn|5\n|\n|t:|1700448400\n|switch|p1a: Rillaboom|Rillaboom, L50, M|100\/100\n|-fieldstart|move: Grassy Terrain|[from] ability: Grassy Surge|[of] p1a: Rillaboom\n|-terastallize|p2a: Sinistcha|Water\n|move|p2a: Sinistcha|Matcha Gotcha|p1a: Rillaboom|[spread] p1a,p1b\n|-resisted|p1a: Rillaboom\n|-damage|p1a: Rillaboom|87\/100\n|-damage|p1b: Garganacl|9\/100\n|move|p2b: Iron Hands|Wild Charge|p1b: Garganacl\n|-damage|p1b: Garganacl|0 fnt\n|faint|p1b: Garganacl\n|-damage|p2b: Iron Hands|90\/100|[from] Recoil\n|\n|-heal|p1a: Rillaboom|93\/100|[from] Grassy Terrain\n|-heal|p2b: Iron Hands|96\/100|[from] Grassy Terrain\n|-sideend|p1: Kzjrjzk|move: Tailwind\n|upkeep\n|\n|t:|1700448411\n|switch|p1b: Arcanine|Arcanine-Hisui, L50, F|100\/100\n|-ability|p1b: Arcanine|Intimidate|boost\n|-unboost|p2a: Sinistcha|atk|1\n|-unboost|p2b: Iron Hands|atk|1\n|turn|6\n|\n|t:|1700448421\n|move|p1b: Arcanine|Flare Blitz|p2b: Iron Hands\n|-damage|p2b: Iron Hands|40\/100\n|-damage|p1b: Arcanine|72\/100|[from] Recoil\n|move|p1a: Rillaboom|Wood Hammer|p2a: Sinistcha\n|-supereffective|p2a: Sinistcha\n|-crit|p2a: Sinistcha\n|-damage|p2a: Sinistcha|0 fnt\n|faint|p2a: Sinistcha\n|-damage|p1a: Rillaboom|70\/100|[from] Recoil\n|move|p2b: Iron Hands|Drain Punch|p1b: Arcanine\n|-supereffective|p1b: Arcanine\n|-damage|p1b: Arcanine|22\/100\n|-heal|p2b: Iron Hands|57\/100|[from] drain|[of] p1b: Arcanine\n|\n|-heal|p1b: Arcanine|28\/100|[from] Grassy Terrain\n|-heal|p1a: Rillaboom|76\/100|[from] Grassy Terrain\n|-heal|p2b: Iron Hands|63\/100|[from] Grassy Terrain\n|upkeep\n|turn|7\n|\n|t:|1700448429\n|move|p1b: Arcanine|Flare Blitz|p2b: Iron Hands\n|-damage|p2b: Iron Hands|12\/100\n|-damage|p1b: Arcanine|2\/100|[from] Recoil\n|move|p1a: Rillaboom|Wood Hammer|p2b: Iron Hands\n|-damage|p2b: Iron Hands|0 fnt\n|faint|p2b: Iron Hands\n|-end|p2b: Iron Hands|Quark Drive|[silent]\n|-damage|p1a: Rillaboom|71\/100|[from] Recoil\n|\n|win|Kzjrjzk\n|raw|Kzjrjzk's rating: 1099 &rarr; <strong>1122<\/strong><br \/>(+23 for winning)\n|raw|Connerwake's rating: 1071 &rarr; <strong>1052<\/strong><br \/>(-19 for losing)\n","uploadtime":1700448436,"views":9,"p1id":"kzjrjzk","p2id":"connerwake","formatid":"gen9vgc2023regulatione","rating":1052,"private":0,"password":""}