{"id":"gen9vgc2023regulatione-1990449285","p1":"Dranoelson","p2":"Fonkyfrug","format":"[Gen 9] VGC 2023 Regulation E","log":"|j|\u2606Dranoelson\n|j|\u2606Fonkyfrug\n|t:|1699972034\n|gametype|doubles\n|player|p1|Dranoelson|2|1024\n|player|p2|Fonkyfrug|1|1077\n|teamsize|p1|6\n|teamsize|p2|6\n|gen|9\n|tier|[Gen 9] VGC 2023 Regulation E\n|rated|\n|rule|Species Clause: Limit one of each Pok\u00e9mon\n|rule|Item Clause: Limit one of each item\n|clearpoke\n|poke|p1|Zoroark, L50, M|\n|poke|p1|Garchomp, L50, M|\n|poke|p1|Cyclizar, L50, M|\n|poke|p1|Dondozo, L50, F|\n|poke|p1|Tatsugiri-Droopy, L50, F|\n|poke|p1|Toxicroak, L50, M|\n|poke|p2|Politoed, L50, M|\n|poke|p2|Barraskewda, L50, M|\n|poke|p2|Ogerpon-Wellspring, L50, F|\n|poke|p2|Clodsire, L50, F|\n|poke|p2|Slowbro-Galar, L50, F|\n|poke|p2|Landorus-Therian, L50, M|\n|teampreview|4\n|\n|t:|1699972058\n|start\n|switch|p1a: Tatsugiri|Tatsugiri-Droopy, L50, F|100\/100\n|switch|p1b: Garchomp|Garchomp, L50, M|100\/100\n|switch|p2a: Landorus|Landorus-Therian, L50, M|100\/100\n|switch|p2b: Politoed|Politoed, L50, M|100\/100\n|-ability|p2a: Landorus|Intimidate|boost\n|-unboost|p1a: Tatsugiri|atk|1\n|-unboost|p1b: Garchomp|atk|1\n|-weather|RainDance|[from] ability: Drizzle|[of] p2b: Politoed\n|turn|1\n|\n|t:|1699972098\n|switch|p1b: Tatsugiri|Tatsugiri-Droopy, L50, F|100\/100\n|move|p2a: Landorus|Sandsear Storm|p1b: Tatsugiri|[spread] p1a,p1b\n|-damage|p1a: Tatsugiri|45\/100\n|-damage|p1b: Tatsugiri|67\/100\n|replace|p1a: Zoroark|Zoroark, L50, M\n|-end|p1a: Zoroark|Illusion\n|move|p1a: Zoroark|Trick|p2a: Landorus\n|-activate|p1a: Zoroark|move: Trick|[of] p2a: Landorus\n|-item|p2a: Landorus|Choice Specs|[from] move: Trick\n|-item|p1a: Zoroark|Choice Scarf|[from] move: Trick\n|move|p2b: Politoed|Psychic|p1b: Tatsugiri\n|-damage|p1b: Tatsugiri|34\/100\n|\n|-weather|RainDance|[upkeep]\n|upkeep\n|turn|2\n|\n|t:|1699972137\n|move|p1a: Zoroark|Dark Pulse|p2a: Landorus\n|-damage|p2a: Landorus|47\/100\n|cant|p2a: Landorus|flinch\n|move|p1b: Tatsugiri|Hydro Pump|p2a: Landorus|[miss]\n|-miss|p1b: Tatsugiri|p2a: Landorus\n|move|p2b: Politoed|Ice Beam|p1a: Zoroark\n|-damage|p1a: Zoroark|0 fnt\n|faint|p1a: Zoroark\n|\n|-weather|RainDance|[upkeep]\n|upkeep\n|\n|t:|1699972159\n|switch|p1a: Dondozo|Dondozo, L50, F|100\/100\n|-activate|p1b: Tatsugiri|ability: Commander|[of] p1a: Dondozo\n|-boost|p1a: Dondozo|atk|2\n|-boost|p1a: Dondozo|spa|2\n|-boost|p1a: Dondozo|spe|2\n|-boost|p1a: Dondozo|def|2\n|-boost|p1a: Dondozo|spd|2\n|turn|3\n|\n|t:|1699972179\n|move|p2a: Landorus|U-turn|p1a: Dondozo\n|-damage|p1a: Dondozo|94\/100\n|\n|t:|1699972183\n|switch|p2a: Clodsire|Clodsire, L50, F|100\/100|[from] U-turn\n|move|p1a: Dondozo|Liquidation|p2a: Clodsire\n|-immune|p2a: Clodsire|[from] ability: Water Absorb\n|move|p2b: Politoed|Psychic|p1a: Dondozo\n|-damage|p1a: Dondozo|80\/100\n|\n|-weather|RainDance|[upkeep]\n|-heal|p1a: Dondozo|86\/100|[from] item: Leftovers\n|upkeep\n|turn|4\n|\n|t:|1699972200\n|move|p1a: Dondozo|Body Press|p2a: Clodsire\n|-resisted|p2a: Clodsire\n|-damage|p2a: Clodsire|77\/100\n|move|p2b: Politoed|Surf|p1a: Dondozo|[spread] p1a\n|-miss|p2b: Politoed|p1b: Tatsugiri\n|-heal|p2a: Clodsire|100\/100|[from] ability: Water Absorb|[of] p2b: Politoed\n|-resisted|p1a: Dondozo\n|-damage|p1a: Dondozo|75\/100\n|move|p2a: Clodsire|Stockpile|p2a: Clodsire\n|-start|p2a: Clodsire|stockpile1\n|-boost|p2a: Clodsire|def|1\n|-boost|p2a: Clodsire|spd|1\n|\n|-weather|RainDance|[upkeep]\n|-heal|p1a: Dondozo|81\/100|[from] item: Leftovers\n|upkeep\n|turn|5\n|\n|t:|1699972217\n|move|p1a: Dondozo|Body Press|p2b: Politoed\n|-damage|p2b: Politoed|35\/100\n|move|p2b: Politoed|Surf|p1a: Dondozo|[spread] p1a\n|-miss|p2b: Politoed|p1b: Tatsugiri\n|-immune|p2a: Clodsire|[from] ability: Water Absorb\n|-resisted|p1a: Dondozo\n|-damage|p1a: Dondozo|71\/100\n|move|p2a: Clodsire|Stockpile|p2a: Clodsire\n|-start|p2a: Clodsire|stockpile2\n|-boost|p2a: Clodsire|def|1\n|-boost|p2a: Clodsire|spd|1\n|\n|-weather|none\n|-heal|p1a: Dondozo|77\/100|[from] item: Leftovers\n|upkeep\n|turn|6\n|\n|t:|1699972234\n|switch|p2b: Landorus|Landorus-Therian, L50, M|47\/100\n|-ability|p2b: Landorus|Intimidate|boost\n|-unboost|p1a: Dondozo|atk|1\n|-unboost|p1b: Tatsugiri|atk|1\n|move|p1a: Dondozo|Body Press|p2b: Landorus\n|-resisted|p2b: Landorus\n|-damage|p2b: Landorus|12\/100\n|move|p2a: Clodsire|Toxic|p1a: Dondozo\n|-status|p1a: Dondozo|tox\n|\n|-heal|p1a: Dondozo|83\/100 tox|[from] item: Leftovers\n|-damage|p1a: Dondozo|77\/100 tox|[from] psn\n|upkeep\n|turn|7\n|\n|t:|1699972251\n|move|p2b: Landorus|Brick Break|p1a: Dondozo\n|-damage|p1a: Dondozo|71\/100 tox\n|move|p1a: Dondozo|Liquidation|p2b: Landorus\n|-supereffective|p2b: Landorus\n|-damage|p2b: Landorus|0 fnt\n|faint|p2b: Landorus\n|move|p2a: Clodsire|Stockpile|p2a: Clodsire\n|-start|p2a: Clodsire|stockpile3\n|-boost|p2a: Clodsire|def|1\n|-boost|p2a: Clodsire|spd|1\n|\n|-heal|p1a: Dondozo|77\/100 tox|[from] item: Leftovers\n|-damage|p1a: Dondozo|65\/100 tox|[from] psn\n|upkeep\n|\n|t:|1699972259\n|switch|p2b: Politoed|Politoed, L50, M|35\/100\n|-weather|RainDance|[from] ability: Drizzle|[of] p2b: Politoed\n|turn|8\n|\n|t:|1699972271\n|move|p1a: Dondozo|Body Press|p2b: Politoed\n|-damage|p2b: Politoed|0 fnt\n|faint|p2b: Politoed\n|move|p2a: Clodsire|Body Press|p1a: Dondozo\n|-damage|p1a: Dondozo|61\/100 tox\n|\n|-weather|RainDance|[upkeep]\n|-heal|p1a: Dondozo|67\/100 tox|[from] item: Leftovers\n|-damage|p1a: Dondozo|48\/100 tox|[from] psn\n|upkeep\n|\n|t:|1699972280\n|switch|p2b: Barraskewda|Barraskewda, L50, M|100\/100\n|turn|9\n|\n|t:|1699972291\n|move|p2b: Barraskewda|Protect|p2b: Barraskewda\n|-singleturn|p2b: Barraskewda|Protect\n|move|p1a: Dondozo|Rest|p1a: Dondozo\n|-status|p1a: Dondozo|slp|[from] move: Rest\n|-heal|p1a: Dondozo|100\/100 slp|[silent]\n|move|p2a: Clodsire|Body Press|p1a: Dondozo\n|-damage|p1a: Dondozo|97\/100 slp\n|\n|-weather|RainDance|[upkeep]\n|-heal|p1a: Dondozo|100\/100 slp|[from] item: Leftovers\n|upkeep\n|turn|10\n|\n|t:|1699972317\n|move|p2b: Barraskewda|Poison Jab|p1a: Dondozo\n|-damage|p1a: Dondozo|94\/100 slp\n|cant|p1a: Dondozo|slp\n|move|p2a: Clodsire|Toxic||[still]\n|-fail|p2a: Clodsire\n|\n|-weather|RainDance|[upkeep]\n|-heal|p1a: Dondozo|99\/100 slp|[from] item: Leftovers\n|upkeep\n|turn|11\n|\n|t:|1699972352\n|move|p2b: Barraskewda|Liquidation|p1a: Dondozo\n|-resisted|p1a: Dondozo\n|-damage|p1a: Dondozo|92\/100 slp\n|cant|p1a: Dondozo|slp\n|move|p2a: Clodsire|Toxic||[still]\n|-fail|p2a: Clodsire\n|\n|-weather|RainDance|[upkeep]\n|-heal|p1a: Dondozo|98\/100 slp|[from] item: Leftovers\n|upkeep\n|turn|12\n|\n|t:|1699972371\n|move|p2b: Barraskewda|Poison Jab|p1a: Dondozo\n|-damage|p1a: Dondozo|90\/100 slp\n|-curestatus|p1a: Dondozo|slp|[msg]\n|move|p1a: Dondozo|Body Press|p2b: Barraskewda\n|-enditem|p2b: Barraskewda|Focus Sash\n|-damage|p2b: Barraskewda|1\/100\n|move|p2a: Clodsire|Body Press|p1a: Dondozo\n|-damage|p1a: Dondozo|86\/100\n|\n|-weather|none\n|-heal|p1a: Dondozo|92\/100|[from] item: Leftovers\n|upkeep\n|turn|13\n|\n|t:|1699972386\n|move|p2b: Barraskewda|Protect|p2b: Barraskewda\n|-singleturn|p2b: Barraskewda|Protect\n|move|p1a: Dondozo|Body Press|p2b: Barraskewda\n|-activate|p2b: Barraskewda|move: Protect\n|move|p2a: Clodsire|Toxic|p1a: Dondozo\n|-status|p1a: Dondozo|tox\n|\n|-heal|p1a: Dondozo|99\/100 tox|[from] item: Leftovers\n|-damage|p1a: Dondozo|92\/100 tox|[from] psn\n|upkeep\n|turn|14\n|\n|t:|1699972411\n|move|p2b: Barraskewda|Poison Jab|p1a: Dondozo\n|-damage|p1a: Dondozo|85\/100 tox\n|move|p1a: Dondozo|Body Press|p2b: Barraskewda\n|-damage|p2b: Barraskewda|0 fnt\n|faint|p2b: Barraskewda\n|move|p2a: Clodsire|Body Press|p1a: Dondozo\n|-damage|p1a: Dondozo|81\/100 tox\n|\n|-heal|p1a: Dondozo|87\/100 tox|[from] item: Leftovers\n|-damage|p1a: Dondozo|75\/100 tox|[from] psn\n|upkeep\n|turn|15\n|\n|t:|1699972431\n|move|p1a: Dondozo|Body Press|p2a: Clodsire\n|-resisted|p2a: Clodsire\n|-damage|p2a: Clodsire|75\/100\n|move|p2a: Clodsire|Body Press|p1a: Dondozo\n|-damage|p1a: Dondozo|71\/100 tox\n|\n|-heal|p1a: Dondozo|77\/100 tox|[from] item: Leftovers\n|-heal|p2a: Clodsire|81\/100|[from] item: Leftovers\n|-damage|p1a: Dondozo|58\/100 tox|[from] psn\n|upkeep\n|turn|16\n|\n|t:|1699972452\n|move|p1a: Dondozo|Body Press|p2a: Clodsire\n|-resisted|p2a: Clodsire\n|-damage|p2a: Clodsire|57\/100\n|move|p2a: Clodsire|Body Press|p1a: Dondozo\n|-damage|p1a: Dondozo|54\/100 tox\n|\n|-heal|p1a: Dondozo|60\/100 tox|[from] item: Leftovers\n|-heal|p2a: Clodsire|63\/100|[from] item: Leftovers\n|-damage|p1a: Dondozo|36\/100 tox|[from] psn\n|upkeep\n|turn|17\n|\n|t:|1699972464\n|move|p1a: Dondozo|Rest|p1a: Dondozo\n|-status|p1a: Dondozo|slp|[from] move: Rest\n|-heal|p1a: Dondozo|100\/100 slp|[silent]\n|move|p2a: Clodsire|Recover|p2a: Clodsire\n|-heal|p2a: Clodsire|100\/100\n|\n|upkeep\n|turn|18\n|\n|t:|1699972479\n|cant|p1a: Dondozo|slp\n|move|p2a: Clodsire|Stockpile||[still]\n|-fail|p2a: Clodsire\n|\n|upkeep\n|turn|19\n|\n|t:|1699972486\n|cant|p1a: Dondozo|slp\n|move|p2a: Clodsire|Stockpile||[still]\n|-fail|p2a: Clodsire\n|\n|upkeep\n|turn|20\n|\n|t:|1699972494\n|-curestatus|p1a: Dondozo|slp|[msg]\n|move|p1a: Dondozo|Body Press|p2a: Clodsire\n|-resisted|p2a: Clodsire\n|-damage|p2a: Clodsire|75\/100\n|move|p2a: Clodsire|Stockpile||[still]\n|-fail|p2a: Clodsire\n|\n|-heal|p2a: Clodsire|81\/100|[from] item: Leftovers\n|upkeep\n|turn|21\n|\n|t:|1699972506\n|move|p1a: Dondozo|Body Press|p2a: Clodsire\n|-resisted|p2a: Clodsire\n|-damage|p2a: Clodsire|56\/100\n|move|p2a: Clodsire|Toxic|p1a: Dondozo\n|-status|p1a: Dondozo|tox\n|\n|-heal|p2a: Clodsire|62\/100|[from] item: Leftovers\n|-damage|p1a: Dondozo|94\/100 tox|[from] psn\n|upkeep\n|turn|22\n|\n|t:|1699972518\n|move|p1a: Dondozo|Body Press|p2a: Clodsire\n|-resisted|p2a: Clodsire\n|-damage|p2a: Clodsire|40\/100\n|move|p2a: Clodsire|Body Press|p1a: Dondozo\n|-damage|p1a: Dondozo|90\/100 tox\n|\n|-heal|p1a: Dondozo|96\/100 tox|[from] item: Leftovers\n|-heal|p2a: Clodsire|46\/100|[from] item: Leftovers\n|-damage|p1a: Dondozo|84\/100 tox|[from] psn\n|upkeep\n|turn|23\n|\n|t:|1699972535\n|move|p1a: Dondozo|Body Press|p2a: Clodsire\n|-resisted|p2a: Clodsire\n|-damage|p2a: Clodsire|24\/100\n|move|p2a: Clodsire|Recover|p2a: Clodsire\n|-heal|p2a: Clodsire|74\/100\n|\n|-heal|p1a: Dondozo|90\/100 tox|[from] item: Leftovers\n|-heal|p2a: Clodsire|80\/100|[from] item: Leftovers\n|-damage|p1a: Dondozo|71\/100 tox|[from] psn\n|upkeep\n|turn|24\n|\n|t:|1699972548\n|move|p1a: Dondozo|Body Press|p2a: Clodsire\n|-resisted|p2a: Clodsire\n|-damage|p2a: Clodsire|57\/100\n|move|p2a: Clodsire|Body Press|p1a: Dondozo\n|-damage|p1a: Dondozo|67\/100 tox\n|\n|-heal|p1a: Dondozo|73\/100 tox|[from] item: Leftovers\n|-heal|p2a: Clodsire|64\/100|[from] item: Leftovers\n|-damage|p1a: Dondozo|48\/100 tox|[from] psn\n|upkeep\n|turn|25\n|\n|t:|1699972565\n|move|p1a: Dondozo|Protect|p1a: Dondozo\n|-singleturn|p1a: Dondozo|Protect\n|move|p2a: Clodsire|Body Press|p1a: Dondozo\n|-activate|p1a: Dondozo|move: Protect\n|\n|-heal|p1a: Dondozo|55\/100 tox|[from] item: Leftovers\n|-heal|p2a: Clodsire|70\/100|[from] item: Leftovers\n|-damage|p1a: Dondozo|23\/100 tox|[from] psn\n|upkeep\n|turn|26\n|\n|t:|1699972576\n|move|p1a: Dondozo|Rest|p1a: Dondozo\n|-status|p1a: Dondozo|slp|[from] move: Rest\n|-heal|p1a: Dondozo|100\/100 slp|[silent]\n|move|p2a: Clodsire|Body Press|p1a: Dondozo\n|-damage|p1a: Dondozo|97\/100 slp\n|\n|-heal|p1a: Dondozo|100\/100 slp|[from] item: Leftovers\n|-heal|p2a: Clodsire|76\/100|[from] item: Leftovers\n|upkeep\n|turn|27\n|\n|t:|1699972606\n|cant|p1a: Dondozo|slp\n|move|p2a: Clodsire|Body Press|p1a: Dondozo\n|-damage|p1a: Dondozo|96\/100 slp\n|\n|-heal|p1a: Dondozo|100\/100 slp|[from] item: Leftovers\n|-heal|p2a: Clodsire|82\/100|[from] item: Leftovers\n|upkeep\n|turn|28\n|\n|t:|1699972616\n|cant|p1a: Dondozo|slp\n|move|p2a: Clodsire|Stockpile||[still]\n|-fail|p2a: Clodsire\n|\n|-heal|p2a: Clodsire|88\/100|[from] item: Leftovers\n|upkeep\n|turn|29\n|\n|t:|1699972626\n|-curestatus|p1a: Dondozo|slp|[msg]\n|move|p1a: Dondozo|Body Press|p2a: Clodsire\n|-resisted|p2a: Clodsire\n|-crit|p2a: Clodsire\n|-damage|p2a: Clodsire|50\/100\n|move|p2a: Clodsire|Stockpile||[still]\n|-fail|p2a: Clodsire\n|\n|-heal|p2a: Clodsire|56\/100|[from] item: Leftovers\n|upkeep\n|turn|30\n|\n|t:|1699972641\n|move|p1a: Dondozo|Protect|p1a: Dondozo\n|-singleturn|p1a: Dondozo|Protect\n|move|p2a: Clodsire|Toxic|p1a: Dondozo\n|-activate|p1a: Dondozo|move: Protect\n|\n|-heal|p2a: Clodsire|62\/100|[from] item: Leftovers\n|upkeep\n|turn|31\n|\n|t:|1699972650\n|move|p1a: Dondozo|Protect||[still]\n|-fail|p1a: Dondozo\n|move|p2a: Clodsire|Toxic|p1a: Dondozo\n|-status|p1a: Dondozo|tox\n|\n|-heal|p2a: Clodsire|68\/100|[from] item: Leftovers\n|-damage|p1a: Dondozo|94\/100 tox|[from] psn\n|upkeep\n|turn|32\n|\n|t:|1699972675\n|move|p1a: Dondozo|Body Press|p2a: Clodsire\n|-resisted|p2a: Clodsire\n|-damage|p2a: Clodsire|45\/100\n|move|p2a: Clodsire|Stockpile||[still]\n|-fail|p2a: Clodsire\n|\n|-heal|p1a: Dondozo|100\/100 tox|[from] item: Leftovers\n|-heal|p2a: Clodsire|51\/100|[from] item: Leftovers\n|-damage|p1a: Dondozo|88\/100 tox|[from] psn\n|upkeep\n|turn|33\n|\n|t:|1699972690\n|move|p1a: Dondozo|Protect|p1a: Dondozo\n|-singleturn|p1a: Dondozo|Protect\n|move|p2a: Clodsire|Stockpile||[still]\n|-fail|p2a: Clodsire\n|\n|-heal|p1a: Dondozo|94\/100 tox|[from] item: Leftovers\n|-heal|p2a: Clodsire|57\/100|[from] item: Leftovers\n|-damage|p1a: Dondozo|76\/100 tox|[from] psn\n|upkeep\n|turn|34\n|\n|t:|1699972710\n|move|p1a: Dondozo|Protect|p1a: Dondozo\n|-singleturn|p1a: Dondozo|Protect\n|move|p2a: Clodsire|Stockpile||[still]\n|-fail|p2a: Clodsire\n|\n|-heal|p1a: Dondozo|82\/100 tox|[from] item: Leftovers\n|-heal|p2a: Clodsire|64\/100|[from] item: Leftovers\n|-damage|p1a: Dondozo|57\/100 tox|[from] psn\n|upkeep\n|turn|35\n|\n|t:|1699972734\n|move|p1a: Dondozo|Rest|p1a: Dondozo\n|-status|p1a: Dondozo|slp|[from] move: Rest\n|-heal|p1a: Dondozo|100\/100 slp|[silent]\n|move|p2a: Clodsire|Stockpile||[still]\n|-fail|p2a: Clodsire\n|\n|-heal|p2a: Clodsire|70\/100|[from] item: Leftovers\n|upkeep\n|turn|36\n|\n|t:|1699972755\n|cant|p1a: Dondozo|slp\n|move|p2a: Clodsire|Stockpile||[still]\n|-fail|p2a: Clodsire\n|\n|-heal|p2a: Clodsire|76\/100|[from] item: Leftovers\n|upkeep\n|turn|37\n|inactive|Battle timer is ON: inactive players will automatically lose when time's up. (requested by Fonkyfrug)\n|\n|t:|1699972768\n|cant|p1a: Dondozo|slp\n|move|p2a: Clodsire|Stockpile||[still]\n|-fail|p2a: Clodsire\n|\n|-heal|p2a: Clodsire|82\/100|[from] item: Leftovers\n|upkeep\n|turn|38\n|\n|t:|1699972776\n|-curestatus|p1a: Dondozo|slp|[msg]\n|move|p1a: Dondozo|Protect|p1a: Dondozo\n|-singleturn|p1a: Dondozo|Protect\n|move|p2a: Clodsire|Stockpile||[still]\n|-fail|p2a: Clodsire\n|\n|-heal|p2a: Clodsire|88\/100|[from] item: Leftovers\n|upkeep\n|turn|39\n|\n|t:|1699972787\n|move|p1a: Dondozo|Protect|p1a: Dondozo\n|-singleturn|p1a: Dondozo|Protect\n|move|p2a: Clodsire|Toxic|p1a: Dondozo\n|-activate|p1a: Dondozo|move: Protect\n|\n|-heal|p2a: Clodsire|94\/100|[from] item: Leftovers\n|upkeep\n|turn|40\n|\n|t:|1699972796\n|move|p1a: Dondozo|Protect||[still]\n|-fail|p1a: Dondozo\n|move|p2a: Clodsire|Toxic|p1a: Dondozo\n|-status|p1a: Dondozo|tox\n|\n|-heal|p2a: Clodsire|99\/100|[from] item: Leftovers\n|-damage|p1a: Dondozo|94\/100 tox|[from] psn\n|upkeep\n|turn|41\n|\n|t:|1699972813\n|move|p1a: Dondozo|Liquidation|p2a: Clodsire\n|-heal|p2a: Clodsire|100\/100|[from] ability: Water Absorb|[of] p1a: Dondozo\n|move|p2a: Clodsire|Stockpile||[still]\n|-fail|p2a: Clodsire\n|\n|-heal|p1a: Dondozo|100\/100 tox|[from] item: Leftovers\n|-damage|p1a: Dondozo|88\/100 tox|[from] psn\n|upkeep\n|turn|42\n|\n|t:|1699972823\n|move|p1a: Dondozo|Protect|p1a: Dondozo\n|-singleturn|p1a: Dondozo|Protect\n|move|p2a: Clodsire|Stockpile||[still]\n|-fail|p2a: Clodsire\n|\n|-heal|p1a: Dondozo|94\/100 tox|[from] item: Leftovers\n|-damage|p1a: Dondozo|76\/100 tox|[from] psn\n|upkeep\n|turn|43\n|\n|t:|1699972836\n|move|p1a: Dondozo|Protect||[still]\n|-fail|p1a: Dondozo\n|move|p2a: Clodsire|Stockpile||[still]\n|-fail|p2a: Clodsire\n|\n|-heal|p1a: Dondozo|82\/100 tox|[from] item: Leftovers\n|-damage|p1a: Dondozo|57\/100 tox|[from] psn\n|upkeep\n|turn|44\n|\n|t:|1699972847\n|move|p1a: Dondozo|Rest|p1a: Dondozo\n|-status|p1a: Dondozo|slp|[from] move: Rest\n|-heal|p1a: Dondozo|100\/100 slp|[silent]\n|move|p2a: Clodsire|Stockpile||[still]\n|-fail|p2a: Clodsire\n|\n|upkeep\n|turn|45\n|c|\u2606Fonkyfrug|who do you think is gonna win this?\n|inactive|Dranoelson has 30 seconds left.\n|inactive|Dranoelson has 20 seconds left.\n|inactive|Dranoelson has 15 seconds left.\n|\n|t:|1699972888\n|cant|p1a: Dondozo|slp\n|move|p2a: Clodsire|Stockpile||[still]\n|-fail|p2a: Clodsire\n|\n|upkeep\n|turn|46\n|\n|t:|1699972896\n|cant|p1a: Dondozo|slp\n|move|p2a: Clodsire|Stockpile||[still]\n|-fail|p2a: Clodsire\n|\n|upkeep\n|turn|47\n|inactive|Dranoelson has 30 seconds left.\n|\n|t:|1699972930\n|-curestatus|p1a: Dondozo|slp|[msg]\n|move|p1a: Dondozo|Liquidation|p2a: Clodsire\n|-immune|p2a: Clodsire|[from] ability: Water Absorb\n|move|p2a: Clodsire|Stockpile||[still]\n|-fail|p2a: Clodsire\n|\n|upkeep\n|turn|48\n|\n|t:|1699972941\n|move|p1a: Dondozo|Liquidation|p2a: Clodsire\n|-immune|p2a: Clodsire|[from] ability: Water Absorb\n|move|p2a: Clodsire|Stockpile||[still]\n|-fail|p2a: Clodsire\n|\n|upkeep\n|turn|49\n|\n|t:|1699972949\n|move|p1a: Dondozo|Liquidation|p2a: Clodsire\n|-immune|p2a: Clodsire|[from] ability: Water Absorb\n|move|p2a: Clodsire|Toxic|p1a: Dondozo\n|-status|p1a: Dondozo|tox\n|\n|-damage|p1a: Dondozo|94\/100 tox|[from] psn\n|upkeep\n|turn|50\n|\n|t:|1699972959\n|move|p1a: Dondozo|Liquidation|p2a: Clodsire\n|-immune|p2a: Clodsire|[from] ability: Water Absorb\n|move|p2a: Clodsire|Stockpile||[still]\n|-fail|p2a: Clodsire\n|\n|-heal|p1a: Dondozo|100\/100 tox|[from] item: Leftovers\n|-damage|p1a: Dondozo|88\/100 tox|[from] psn\n|upkeep\n|turn|51\n|inactive|Dranoelson has 30 seconds left.\n|inactive|Dranoelson has 20 seconds left.\n|inactive|Dranoelson has 15 seconds left.\n|inactive|Dranoelson has 10 seconds left.\n|inactive|Dranoelson has 5 seconds left.\n|l|\u2606Dranoelson\n|inactive|Dranoelson disconnected and has a minute to reconnect!\n|player|p1|\n|-message|Dranoelson lost due to inactivity.\n|\n|win|Fonkyfrug\n|raw|Dranoelson's rating: 1024 &rarr; <strong>1012<\/strong><br \/>(-12 for losing)\n|raw|Fonkyfrug's rating: 1077 &rarr; <strong>1101<\/strong><br \/>(+24 for winning)\n","uploadtime":1699973030,"views":7,"p1id":"dranoelson","p2id":"fonkyfrug","formatid":"gen9vgc2023regulatione","rating":1012,"private":0,"password":""}