{"id":"gen9vgc2023regulatione-1997650530","p1":"RymoSC","p2":"MightyTaggart","format":"[Gen 9] VGC 2023 Regulation E","log":"|j|\u2606RymoSC\n|j|\u2606MightyTaggart\n|t:|1700837592\n|gametype|doubles\n|player|p1|RymoSC|1|1337\n|player|p2|MightyTaggart|266|1342\n|teamsize|p1|6\n|teamsize|p2|6\n|gen|9\n|tier|[Gen 9] VGC 2023 Regulation E\n|rated|\n|rule|Species Clause: Limit one of each Pok\u00e9mon\n|rule|Item Clause: Limit one of each item\n|clearpoke\n|poke|p1|Ninetales-Alola, L50, M|\n|poke|p1|Empoleon, L50, M|\n|poke|p1|Baxcalibur, L50, F|\n|poke|p1|Landorus-Therian, L50, M|\n|poke|p1|Sinistcha, L50|\n|poke|p1|Talonflame, L50, M|\n|poke|p2|Farigiraf, L50, F|\n|poke|p2|Landorus, L50, M|\n|poke|p2|Urshifu-*, L50, F|\n|poke|p2|Heatran, L50, F|\n|poke|p2|Iron Bundle, L50|\n|poke|p2|Rillaboom, L50, F|\n|teampreview|4\n|inactive|Battle timer is ON: inactive players will automatically lose when time's up. (requested by RymoSC)\n|\n|t:|1700837637\n|start\n|switch|p1a: Talonflame|Talonflame, L50, M|100\/100\n|switch|p1b: Ninetales|Ninetales-Alola, L50, M|100\/100\n|switch|p2a: Iron Bundle|Iron Bundle, L50|100\/100\n|switch|p2b: Heatran|Heatran, L50, F|100\/100\n|-weather|Snow|[from] ability: Snow Warning|[of] p1b: Ninetales\n|-enditem|p2a: Iron Bundle|Booster Energy\n|-activate|p2a: Iron Bundle|ability: Quark Drive|[fromitem]\n|-start|p2a: Iron Bundle|quarkdrivespe\n|turn|1\n|\n|t:|1700837652\n|switch|p1b: Baxcalibur|Baxcalibur, L50, F|100\/100\n|move|p1a: Talonflame|Tailwind|p1a: Talonflame\n|-sidestart|p1: RymoSC|move: Tailwind\n|move|p2a: Iron Bundle|Icy Wind|p1b: Baxcalibur|[spread] p1a,p1b\n|-crit|p1a: Talonflame\n|-damage|p1a: Talonflame|58\/100\n|-damage|p1b: Baxcalibur|86\/100\n|-unboost|p1a: Talonflame|spe|1\n|-unboost|p1b: Baxcalibur|spe|1\n|move|p2b: Heatran|Flash Cannon|p1b: Baxcalibur\n|-supereffective|p1b: Baxcalibur\n|-damage|p1b: Baxcalibur|0 fnt\n|faint|p1b: Baxcalibur\n|\n|-weather|Snow|[upkeep]\n|upkeep\n|\n|t:|1700837665\n|switch|p1b: Landorus|Landorus-Therian, L50, M|100\/100\n|-ability|p1b: Landorus|Intimidate|boost\n|-unboost|p2a: Iron Bundle|atk|1\n|-unboost|p2b: Heatran|atk|1\n|turn|2\n|\n|t:|1700837688\n|switch|p2b: Landorus|Landorus, L50, M|100\/100\n|move|p1b: Landorus|U-turn|p2a: Iron Bundle\n|-damage|p2a: Iron Bundle|83\/100\n|\n|t:|1700837692\n|switch|p1b: Ninetales|Ninetales-Alola, L50, M|100\/100|[from] U-turn\n|move|p2a: Iron Bundle|Icy Wind|p1a: Talonflame|[spread] p1a,p1b\n|-resisted|p1b: Ninetales\n|-damage|p1a: Talonflame|30\/100\n|-damage|p1b: Ninetales|90\/100\n|-unboost|p1a: Talonflame|spe|1\n|-unboost|p1b: Ninetales|spe|1\n|move|p1a: Talonflame|Acrobatics|p2a: Iron Bundle\n|-damage|p2a: Iron Bundle|56\/100\n|\n|-weather|Snow|[upkeep]\n|upkeep\n|turn|3\n|inactive|RymoSC has 30 seconds left.\n|\n|t:|1700837717\n|move|p2a: Iron Bundle|Icy Wind|p1b: Ninetales|[spread] p1a,p1b\n|-resisted|p1b: Ninetales\n|-damage|p1a: Talonflame|2\/100\n|-damage|p1b: Ninetales|79\/100\n|-unboost|p1a: Talonflame|spe|1\n|-unboost|p1b: Ninetales|spe|1\n|move|p1b: Ninetales|Aurora Veil|p1b: Ninetales\n|-sidestart|p1: RymoSC|move: Aurora Veil\n|move|p2b: Landorus|Sludge Bomb|p1b: Ninetales\n|-supereffective|p1b: Ninetales\n|-damage|p1b: Ninetales|0 fnt\n|faint|p1b: Ninetales\n|move|p1a: Talonflame|Flare Blitz|p2a: Iron Bundle\n|-damage|p2a: Iron Bundle|20\/100\n|-status|p2a: Iron Bundle|brn\n|-damage|p1a: Talonflame|0 fnt|[from] Recoil\n|faint|p1a: Talonflame\n|\n|-weather|Snow|[upkeep]\n|-damage|p2a: Iron Bundle|14\/100 brn|[from] brn\n|upkeep\n|\n|t:|1700837723\n|switch|p1b: Landorus|Landorus-Therian, L50, M|100\/100\n|-ability|p1b: Landorus|Intimidate|boost\n|-unboost|p2a: Iron Bundle|atk|1\n|-unboost|p2b: Landorus|atk|1\n|turn|4\n|\n|t:|1700837743\n|move|p2a: Iron Bundle|Protect|p2a: Iron Bundle\n|-singleturn|p2a: Iron Bundle|Protect\n|move|p1b: Landorus|Rock Slide|p2b: Landorus|[spread] p2b\n|-activate|p2a: Iron Bundle|move: Protect\n|-damage|p2b: Landorus|78\/100\n|move|p2b: Landorus|Sludge Bomb|p1b: Landorus\n|-resisted|p1b: Landorus\n|-damage|p1b: Landorus|81\/100\n|\n|-weather|Snow|[upkeep]\n|-damage|p2a: Iron Bundle|8\/100 brn|[from] brn\n|-sideend|p1: RymoSC|move: Tailwind\n|upkeep\n|turn|5\n|\n|t:|1700837757\n|move|p2a: Iron Bundle|Icy Wind|p1b: Landorus\n|-supereffective|p1b: Landorus\n|-damage|p1b: Landorus|0 fnt\n|faint|p1b: Landorus\n|\n|win|MightyTaggart\n|raw|RymoSC's rating: 1337 &rarr; <strong>1317<\/strong><br \/>(-20 for losing)\n|raw|MightyTaggart's rating: 1342 &rarr; <strong>1362<\/strong><br \/>(+20 for winning)\n|l|\u2606RymoSC\n","uploadtime":1700837778,"views":3,"p1id":"rymosc","p2id":"mightytaggart","formatid":"gen9vgc2023regulatione","rating":1317,"private":0,"password":""}