{"id":"gen9vgc2023regulatione-1992290265","p1":"Mortivere","p2":"totaltm","format":"[Gen 9] VGC 2023 Regulation E","log":"|j|\u2606Mortivere\n|j|\u2606totaltm\n|t:|1700171403\n|gametype|doubles\n|player|p1|Mortivere|elesa|1366\n|player|p2|totaltm|1|1324\n|teamsize|p1|6\n|teamsize|p2|6\n|gen|9\n|tier|[Gen 9] VGC 2023 Regulation E\n|rated|\n|rule|Species Clause: Limit one of each Pok\u00e9mon\n|rule|Item Clause: Limit one of each item\n|clearpoke\n|poke|p1|Iron Jugulis, L50|\n|poke|p1|Weezing, L50, F|\n|poke|p1|Arcanine-Hisui, L50, M|\n|poke|p1|Iron Hands, L50|\n|poke|p1|Flutter Mane, L50|\n|poke|p1|Ogerpon-Wellspring, L50, F|\n|poke|p2|Flutter Mane, L50|\n|poke|p2|Iron Hands, L50|\n|poke|p2|Ogerpon-Wellspring, L50, F|\n|poke|p2|Sinistcha, L50|\n|poke|p2|Landorus-Therian, L50, M|\n|poke|p2|Chien-Pao, L50|\n|teampreview|4\n|inactive|Battle timer is ON: inactive players will automatically lose when time's up. (requested by Mortivere)\n|inactive|Mortivere has 60 seconds left.\ntotaltm rejected open team sheets.\n|\n|t:|1700171491\n|start\n|switch|p1a: Iron Jugulis|Iron Jugulis, L50|100\/100\n|switch|p1b: Weezing|Weezing, L50, F|100\/100\n|switch|p2a: Iron Hands|Iron Hands, L50|100\/100\n|switch|p2b: Ogerpon|Ogerpon-Wellspring, L50, F|100\/100\n|-ability|p1b: Weezing|Neutralizing Gas\n|-enditem|p1a: Iron Jugulis|Booster Energy\n|-activate|p1a: Iron Jugulis|ability: Quark Drive|[fromitem]\n|-start|p1a: Iron Jugulis|quarkdrivespe\n|turn|1\n|inactive|Mortivere has 30 seconds left.\n|inactive|totaltm has 30 seconds left.\n|inactive|totaltm has 20 seconds left.\n|\n|t:|1700171530\n|move|p2b: Ogerpon|Spiky Shield|p2b: Ogerpon\n|-singleturn|p2b: Ogerpon|move: Protect\n|move|p1a: Iron Jugulis|Tailwind|p1a: Iron Jugulis\n|-sidestart|p1: Mortivere|move: Tailwind\n|move|p1b: Weezing|Will-O-Wisp|p2a: Iron Hands\n|-status|p2a: Iron Hands|brn\n|move|p2a: Iron Hands|Heavy Slam|p1b: Weezing\n|-damage|p1b: Weezing|83\/100\n|\n|-damage|p2a: Iron Hands|94\/100 brn|[from] brn\n|upkeep\n|turn|2\n|inactive|totaltm has 30 seconds left.\n|\n|t:|1700171564\n|move|p1a: Iron Jugulis|Acrobatics|p2b: Ogerpon\n|-supereffective|p2b: Ogerpon\n|-damage|p2b: Ogerpon|29\/100\n|move|p1b: Weezing|Will-O-Wisp|p2b: Ogerpon\n|-status|p2b: Ogerpon|brn\n|move|p2b: Ogerpon|Ivy Cudgel|p1b: Weezing|[anim] Ivy Cudgel Water\n|-damage|p1b: Weezing|59\/100\n|move|p2a: Iron Hands|Drain Punch|p1b: Weezing\n|-resisted|p1b: Weezing\n|-damage|p1b: Weezing|50\/100\n|-heal|p2a: Iron Hands|97\/100 brn|[from] drain|[of] p1b: Weezing\n|-enditem|p1b: Weezing|Sitrus Berry|[eat]\n|-heal|p1b: Weezing|75\/100|[from] item: Sitrus Berry\n|\n|-damage|p2b: Ogerpon|23\/100 brn|[from] brn\n|-damage|p2a: Iron Hands|91\/100 brn|[from] brn\n|upkeep\n|turn|3\n|inactive|totaltm has 30 seconds left.\n|inactive|Mortivere has 30 seconds left.\n|\n|t:|1700171601\n|move|p2b: Ogerpon|Spiky Shield|p2b: Ogerpon\n|-singleturn|p2b: Ogerpon|move: Protect\n|move|p1a: Iron Jugulis|Acrobatics|p2a: Iron Hands\n|-damage|p2a: Iron Hands|63\/100 brn\n|move|p1b: Weezing|Sludge Bomb|p2b: Ogerpon\n|-activate|p2b: Ogerpon|move: Protect\n|move|p2a: Iron Hands|Heavy Slam|p1a: Iron Jugulis\n|-damage|p1a: Iron Jugulis|83\/100\n|\n|-damage|p2b: Ogerpon|17\/100 brn|[from] brn\n|-damage|p2a: Iron Hands|57\/100 brn|[from] brn\n|upkeep\n|turn|4\n|inactive|Mortivere has 30 seconds left.\n|inactive|totaltm has 30 seconds left.\n|inactive|Mortivere has 20 seconds left.\n|inactive|totaltm has 20 seconds left.\n|\n|t:|1700171640\n|move|p1a: Iron Jugulis|Acrobatics|p2a: Iron Hands\n|-damage|p2a: Iron Hands|28\/100 brn\n|move|p1b: Weezing|Sludge Bomb|p2b: Ogerpon\n|-supereffective|p2b: Ogerpon\n|-damage|p2b: Ogerpon|0 fnt\n|faint|p2b: Ogerpon\n|move|p2a: Iron Hands|Drain Punch|p1a: Iron Jugulis\n|-damage|p1a: Iron Jugulis|57\/100\n|-heal|p2a: Iron Hands|37\/100 brn|[from] drain|[of] p1a: Iron Jugulis\n|\n|-damage|p2a: Iron Hands|31\/100 brn|[from] brn\n|-sideend|p1: Mortivere|move: Tailwind\n|upkeep\n|\n|t:|1700171644\n|switch|p2b: Landorus|Landorus-Therian, L50, M|100\/100\n|turn|5\n|inactive|totaltm has 30 seconds left.\n|\n|t:|1700171673\n|move|p1a: Iron Jugulis|Tailwind|p1a: Iron Jugulis\n|-sidestart|p1: Mortivere|move: Tailwind\n|move|p2b: Landorus|Stomping Tantrum|p1b: Weezing\n|-supereffective|p1b: Weezing\n|-damage|p1b: Weezing|8\/100\n|move|p1b: Weezing|Will-O-Wisp|p2b: Landorus\n|-status|p2b: Landorus|brn\n|move|p2a: Iron Hands|Drain Punch|p1a: Iron Jugulis\n|-damage|p1a: Iron Jugulis|31\/100\n|-heal|p2a: Iron Hands|40\/100 brn|[from] drain|[of] p1a: Iron Jugulis\n|\n|-damage|p2b: Landorus|94\/100 brn|[from] brn\n|-damage|p2a: Iron Hands|34\/100 brn|[from] brn\n|upkeep\n|turn|6\n|inactive|Mortivere has 30 seconds left.\n|\n|t:|1700171706\n|-end|p1a: Iron Jugulis|Quark Drive|[silent]\n|switch|p1a: Ogerpon|Ogerpon-Wellspring, L50, F|100\/100\n|move|p1b: Weezing|Protect|p1b: Weezing\n|-singleturn|p1b: Weezing|Protect\n|move|p2b: Landorus|Stomping Tantrum|p1b: Weezing\n|-activate|p1b: Weezing|move: Protect\n|move|p2a: Iron Hands|Drain Punch|p1a: Ogerpon\n|-damage|p1a: Ogerpon|77\/100\n|-heal|p2a: Iron Hands|43\/100 brn|[from] drain|[of] p1a: Ogerpon\n|\n|-damage|p2b: Landorus|88\/100 brn|[from] brn\n|-damage|p2a: Iron Hands|37\/100 brn|[from] brn\n|upkeep\n|turn|7\n|inactive|totaltm has 30 seconds left.\n|\n|t:|1700171732\n|-end|p1b: Weezing|ability: Neutralizing Gas\n|-ability|p2b: Landorus|Intimidate|boost\n|-unboost|p1a: Ogerpon|atk|1\n|-unboost|p1b: Weezing|atk|1\n|switch|p1b: Iron Jugulis|Iron Jugulis, L50|31\/100\n|move|p1a: Ogerpon|Swords Dance|p1a: Ogerpon\n|-boost|p1a: Ogerpon|atk|2\n|move|p2b: Landorus|Stomping Tantrum|p1b: Iron Jugulis\n|-immune|p1b: Iron Jugulis\n|move|p2a: Iron Hands|Volt Switch|p1a: Ogerpon\n|-damage|p1a: Ogerpon|64\/100\n|\n|t:|1700171745\n|-end|p2a: Iron Hands|Quark Drive|[silent]\n|switch|p2a: Chien-Pao|Chien-Pao, L50|100\/100|[from] Volt Switch\n|-ability|p2a: Chien-Pao|Sword of Ruin\n|\n|-damage|p2b: Landorus|82\/100 brn|[from] brn\n|upkeep\n|turn|8\n|inactive|Mortivere has 30 seconds left.\n|inactive|Mortivere has 20 seconds left.\n|inactive|Mortivere has 15 seconds left.\n|inactive|Mortivere has 10 seconds left.\n|inactive|Mortivere has 5 seconds left.\n|\n|t:|1700171798\n|switch|p2b: Iron Hands|Iron Hands, L50|37\/100 brn\n|move|p1b: Iron Jugulis|Protect|p1b: Iron Jugulis\n|-singleturn|p1b: Iron Jugulis|Protect\n|move|p2a: Chien-Pao|Protect|p2a: Chien-Pao\n|-singleturn|p2a: Chien-Pao|Protect\n|move|p1a: Ogerpon|Horn Leech|p2a: Chien-Pao\n|-activate|p2a: Chien-Pao|move: Protect\n|\n|-damage|p2b: Iron Hands|30\/100 brn|[from] brn\n|-sideend|p1: Mortivere|move: Tailwind\n|upkeep\n|turn|9\n|inactive|totaltm has 30 seconds left.\n|\n|t:|1700171826\n|-end|p1b: Iron Jugulis|Quark Drive|[silent]\n|switch|p1b: Flutter Mane|Flutter Mane, L50|100\/100\n|move|p1a: Ogerpon|Spiky Shield|p1a: Ogerpon\n|-singleturn|p1a: Ogerpon|move: Protect\n|move|p2b: Iron Hands|Fake Out|p1a: Ogerpon\n|-activate|p1a: Ogerpon|move: Protect\n|-damage|p2b: Iron Hands|18\/100 brn|[from] Spiky Shield|[of] p1a: Ogerpon\n|move|p2a: Chien-Pao|Ice Spinner|p1b: Flutter Mane\n|-damage|p1b: Flutter Mane|11\/100\n|\n|-damage|p2b: Iron Hands|12\/100 brn|[from] brn\n|upkeep\n|turn|10\n|inactive|totaltm has 30 seconds left.\n|inactive|totaltm has 20 seconds left.\n|inactive|Mortivere has 30 seconds left.\n|inactive|totaltm has 15 seconds left.\n|inactive|totaltm has 10 seconds left.\n|\n|t:|1700171875\n|-terastallize|p1a: Ogerpon|Water\n|detailschange|p1a: Ogerpon|Ogerpon-Wellspring-Tera, L50, F, tera:Water\n|-ability|p1a: Ogerpon|Embody Aspect (Wellspring)|boost\n|-boost|p1a: Ogerpon|spd|1\n|move|p2a: Chien-Pao|Sucker Punch|p1b: Flutter Mane\n|-damage|p1b: Flutter Mane|0 fnt\n|faint|p1b: Flutter Mane\n|-end|p1b: Flutter Mane|Protosynthesis|[silent]\n|move|p1a: Ogerpon|Horn Leech|p2a: Chien-Pao\n|-damage|p2a: Chien-Pao|20\/100\n|-heal|p1a: Ogerpon|98\/100|[from] drain|[of] p2a: Chien-Pao\n|move|p2b: Iron Hands|Drain Punch|p1a: Ogerpon\n|-damage|p1a: Ogerpon|66\/100\n|-heal|p2b: Iron Hands|24\/100 brn|[from] drain|[of] p1a: Ogerpon\n|\n|-damage|p2b: Iron Hands|18\/100 brn|[from] brn\n|upkeep\n|\n|t:|1700171898\n|switch|p1b: Iron Jugulis|Iron Jugulis, L50|31\/100\n|turn|11\n|inactive|totaltm has 30 seconds left.\n|inactive|Mortivere has 30 seconds left.\n|inactive|totaltm has 20 seconds left.\n|inactive|totaltm has 15 seconds left.\n|inactive|Mortivere has 20 seconds left.\n|inactive|totaltm has 10 seconds left.\n|inactive|Mortivere has 15 seconds left.\n|\n|t:|1700171950\n|move|p1b: Iron Jugulis|Protect|p1b: Iron Jugulis\n|-singleturn|p1b: Iron Jugulis|Protect\n|move|p1a: Ogerpon|Spiky Shield|p1a: Ogerpon\n|-singleturn|p1a: Ogerpon|move: Protect\n|move|p2a: Chien-Pao|Ice Spinner|p1b: Iron Jugulis\n|-activate|p1b: Iron Jugulis|move: Protect\n|move|p2b: Iron Hands|Volt Switch|p1a: Ogerpon\n|-activate|p1a: Ogerpon|move: Protect\n|\n|-damage|p2b: Iron Hands|12\/100 brn|[from] brn\n|upkeep\n|turn|12\n|inactive|Mortivere has 30 seconds left.\n|inactive|totaltm has 30 seconds left.\n|inactive|Mortivere has 20 seconds left.\n|inactive|Mortivere has 15 seconds left.\n|inactive|Mortivere has 10 seconds left.\n|inactive|Mortivere has 5 seconds left.\n|\n|t:|1700172005\n|-end|p1b: Iron Jugulis|Quark Drive|[silent]\n|switch|p1b: Weezing|Weezing, L50, F|8\/100\n|-ability|p1b: Weezing|Neutralizing Gas\n|move|p2a: Chien-Pao|Ice Spinner|p1b: Weezing\n|-damage|p1b: Weezing|0 fnt\n|faint|p1b: Weezing\n|-end|p1b: Weezing|ability: Neutralizing Gas\n|-ability|p2a: Chien-Pao|Sword of Ruin\n|move|p1a: Ogerpon|Horn Leech|p2a: Chien-Pao\n|-damage|p2a: Chien-Pao|0 fnt\n|-heal|p1a: Ogerpon|74\/100|[from] drain|[of] p2a: Chien-Pao\n|faint|p2a: Chien-Pao\n|move|p2b: Iron Hands|Volt Switch|p1a: Ogerpon\n|-supereffective|p1a: Ogerpon\n|-damage|p1a: Ogerpon|57\/100\n|\n|t:|1700172020\n|-end|p2b: Iron Hands|Quark Drive|[silent]\n|switch|p2b: Landorus|Landorus-Therian, L50, M|82\/100 brn|[from] Volt Switch\n|-ability|p2b: Landorus|Intimidate|boost\n|-unboost|p1a: Ogerpon|atk|1\n|\n|-damage|p2b: Landorus|76\/100 brn|[from] brn\n|upkeep\n|\n|t:|1700172025\n|switch|p2a: Iron Hands|Iron Hands, L50|12\/100 brn\n|switch|p1b: Iron Jugulis|Iron Jugulis, L50|31\/100\n|turn|13\n|inactive|totaltm has 30 seconds left.\n|inactive|totaltm has 20 seconds left.\n|inactive|totaltm has 15 seconds left.\n|inactive|totaltm has 10 seconds left.\n|\n|t:|1700172055\n|-terastallize|p2b: Landorus|Flying\n|move|p1b: Iron Jugulis|Protect|p1b: Iron Jugulis\n|-singleturn|p1b: Iron Jugulis|Protect\n|move|p1a: Ogerpon|Spiky Shield|p1a: Ogerpon\n|-singleturn|p1a: Ogerpon|move: Protect\n|move|p2a: Iron Hands|Fake Out|p1b: Iron Jugulis\n|-activate|p1b: Iron Jugulis|move: Protect\n|move|p2b: Landorus|Tera Blast|p1a: Ogerpon|[anim] Tera Blast Flying\n|-activate|p1a: Ogerpon|move: Protect\n|\n|-damage|p2b: Landorus|70\/100 brn|[from] brn\n|-damage|p2a: Iron Hands|6\/100 brn|[from] brn\n|upkeep\n|turn|14\n|inactive|totaltm has 10 seconds left this turn.\n|inactive|totaltm has 5 seconds left.\n|-message|totaltm lost due to inactivity.\n|\n|win|Mortivere\n|raw|Mortivere's rating: 1366 &rarr; <strong>1384<\/strong><br \/>(+18 for winning)\n|raw|totaltm's rating: 1324 &rarr; <strong>1306<\/strong><br \/>(-18 for losing)\n","uploadtime":1700172076,"views":31,"p1id":"mortivere","p2id":"totaltm","formatid":"gen9vgc2023regulatione","rating":1306,"private":0,"password":""}