{"id":"gen9vgc2023regulatione-1988303526","p1":"Sleeping Demons","p2":"Nargacuga123","format":"[Gen 9] VGC 2023 Regulation E","log":"|j|\u2606Sleeping Demons\n|j|\u2606Nargacuga123\n|t:|1699705129\n|gametype|doubles\n|player|p1|Sleeping Demons|169|1102\n|player|p2|Nargacuga123|265|1062\n|teamsize|p1|6\n|teamsize|p2|6\n|gen|9\n|tier|[Gen 9] VGC 2023 Regulation E\n|rated|\n|rule|Species Clause: Limit one of each Pok\u00e9mon\n|rule|Item Clause: Limit one of each item\n|clearpoke\n|poke|p1|Ursaluna-Bloodmoon, L50, M|\n|poke|p1|Oranguru, L50, M|\n|poke|p1|Torkoal, L50, M|\n|poke|p1|Maushold-Four, L50|\n|poke|p1|Urshifu-*, L50, M|\n|poke|p1|Bruxish, L50, F|\n|poke|p2|Landorus-Therian, L50, M|\n|poke|p2|Gastrodon, L50, F|\n|poke|p2|Rillaboom, L50, M|\n|poke|p2|Tyranitar, L50, F|\n|poke|p2|Urshifu-*, L50, M|\n|poke|p2|Pelipper, L50, F|\n|teampreview|4\n|inactive|Battle timer is ON: inactive players will automatically lose when time's up. (requested by Sleeping Demons)\n|inactive|Nargacuga123 has 60 seconds left.\n|\n|t:|1699705184\n|start\n|switch|p1a: Oranguru|Oranguru, L50, M, shiny|100\/100\n|switch|p1b: Maushold|Maushold-Four, L50, shiny|100\/100\n|switch|p2a: Tyranitar|Tyranitar, L50, F|100\/100\n|switch|p2b: Gastrodon|Gastrodon, L50, F|100\/100\n|-weather|Sandstorm|[from] ability: Sand Stream|[of] p2a: Tyranitar\n|turn|1\n|inactive|Nargacuga123 has 30 seconds left.\n|\n|t:|1699705214\n|switch|p2b: Landorus|Landorus-Therian, L50, M|100\/100\n|-ability|p2b: Landorus|Intimidate|boost\n|-fail|p1a: Oranguru|unboost|Attack|[from] ability: Inner Focus|[of] p1a: Oranguru\n|-unboost|p1b: Maushold|atk|1\n|-terastallize|p1a: Oranguru|Water\n|move|p1b: Maushold|Population Bomb|p2b: Landorus\n|-damage|p2b: Landorus|91\/100\n|-damage|p1b: Maushold|84\/100|[from] item: Rocky Helmet|[of] p2b: Landorus\n|-damage|p2b: Landorus|82\/100\n|-damage|p1b: Maushold|68\/100|[from] item: Rocky Helmet|[of] p2b: Landorus\n|-damage|p2b: Landorus|72\/100\n|-damage|p1b: Maushold|52\/100|[from] item: Rocky Helmet|[of] p2b: Landorus\n|-damage|p2b: Landorus|61\/100\n|-damage|p1b: Maushold|36\/100|[from] item: Rocky Helmet|[of] p2b: Landorus\n|-damage|p2b: Landorus|52\/100\n|-damage|p1b: Maushold|20\/100|[from] item: Rocky Helmet|[of] p2b: Landorus\n|-damage|p2b: Landorus|41\/100\n|-damage|p1b: Maushold|4\/100|[from] item: Rocky Helmet|[of] p2b: Landorus\n|-damage|p2b: Landorus|32\/100\n|-damage|p1b: Maushold|0 fnt|[from] item: Rocky Helmet|[of] p2b: Landorus\n|faint|p1b: Maushold\n|-hitcount|p2b: Landorus|7\n|move|p2a: Tyranitar|Knock Off|p1a: Oranguru\n|-damage|p1a: Oranguru|59\/100\n|-enditem|p1a: Oranguru|Safety Goggles|[from] move: Knock Off|[of] p2a: Tyranitar\n|move|p1a: Oranguru|Trick Room|p1a: Oranguru\n|-fieldstart|move: Trick Room|[of] p1a: Oranguru\n|\n|-weather|Sandstorm|[upkeep]\n|-damage|p1a: Oranguru|53\/100|[from] Sandstorm\n|upkeep\n|\n|t:|1699705236\n|switch|p1b: Ursaluna|Ursaluna-Bloodmoon, L50, M|100\/100\n|turn|2\n|inactive|Nargacuga123 has 30 seconds left.\n|inactive|Nargacuga123 has 20 seconds left.\n|inactive|Nargacuga123 has 15 seconds left.\n|inactive|Nargacuga123 has 10 seconds left.\n|inactive|Sleeping Demons has 30 seconds left.\n|\n|t:|1699705288\n|switch|p2b: Gastrodon|Gastrodon, L50, F|100\/100\n|move|p1b: Ursaluna|Earth Power|p2a: Tyranitar\n|-supereffective|p2a: Tyranitar\n|-damage|p2a: Tyranitar|63\/100\n|-damage|p1b: Ursaluna|91\/100|[from] item: Life Orb\n|move|p1a: Oranguru|Instruct|p1b: Ursaluna\n|-singleturn|p1b: Ursaluna|move: Instruct|[of] p1a: Oranguru\n|move|p1b: Ursaluna|Earth Power|p2a: Tyranitar\n|-supereffective|p2a: Tyranitar\n|-damage|p2a: Tyranitar|21\/100\n|-damage|p1b: Ursaluna|81\/100|[from] item: Life Orb\n|move|p2a: Tyranitar|Knock Off|p1b: Ursaluna\n|-crit|p1b: Ursaluna\n|-damage|p1b: Ursaluna|36\/100\n|-enditem|p1b: Ursaluna|Life Orb|[from] move: Knock Off|[of] p2a: Tyranitar\n|\n|-weather|Sandstorm|[upkeep]\n|-damage|p1a: Oranguru|47\/100|[from] Sandstorm\n|upkeep\n|turn|3\n|inactive|Nargacuga123 has 30 seconds left.\n|\n|t:|1699705314\n|switch|p2a: Rillaboom|Rillaboom, L50, M, shiny|100\/100\n|-fieldstart|move: Grassy Terrain|[from] ability: Grassy Surge|[of] p2a: Rillaboom\n|-enditem|p2a: Rillaboom|Grassy Seed\n|-boost|p2a: Rillaboom|def|1|[from] item: Grassy Seed\n|move|p1b: Ursaluna|Hyper Voice|p2a: Rillaboom|[spread] p2a,p2b\n|-damage|p2a: Rillaboom|54\/100\n|-damage|p2b: Gastrodon|64\/100\n|move|p1a: Oranguru|Instruct|p1b: Ursaluna\n|-singleturn|p1b: Ursaluna|move: Instruct|[of] p1a: Oranguru\n|move|p1b: Ursaluna|Hyper Voice|p2b: Gastrodon|[spread] p2a,p2b\n|-damage|p2a: Rillaboom|4\/100\n|-damage|p2b: Gastrodon|26\/100\n|move|p2b: Gastrodon|Muddy Water|p1a: Oranguru|[spread] p1a\n|-miss|p2b: Gastrodon|p1b: Ursaluna\n|-resisted|p1a: Oranguru\n|-damage|p1a: Oranguru|37\/100\n|-unboost|p1a: Oranguru|accuracy|1\n|\n|-weather|Sandstorm|[upkeep]\n|-damage|p1a: Oranguru|31\/100|[from] Sandstorm\n|-damage|p2a: Rillaboom|0 fnt|[from] Sandstorm\n|faint|p2a: Rillaboom\n|-heal|p1b: Ursaluna|41\/100|[from] Grassy Terrain\n|-heal|p1a: Oranguru|37\/100|[from] Grassy Terrain\n|-heal|p2b: Gastrodon|32\/100|[from] Grassy Terrain\n|-heal|p2b: Gastrodon|38\/100|[from] item: Leftovers\n|upkeep\n|inactive|Nargacuga123 has 30 seconds left.\n|\n|t:|1699705341\n|switch|p2a: Landorus|Landorus-Therian, L50, M|32\/100\n|-ability|p2a: Landorus|Intimidate|boost\n|-fail|p1a: Oranguru|unboost|Attack|[from] ability: Inner Focus|[of] p1a: Oranguru\n|-unboost|p1b: Ursaluna|atk|1\n|turn|4\n|\n|t:|1699705350\n|move|p1b: Ursaluna|Hyper Voice|p2a: Landorus|[spread] p2a,p2b\n|-damage|p2a: Landorus|0 fnt\n|-damage|p2b: Gastrodon|2\/100\n|faint|p2a: Landorus\n|move|p1a: Oranguru|Instruct|p1b: Ursaluna\n|-singleturn|p1b: Ursaluna|move: Instruct|[of] p1a: Oranguru\n|move|p1b: Ursaluna|Hyper Voice|p2b: Gastrodon\n|-damage|p2b: Gastrodon|0 fnt\n|faint|p2b: Gastrodon\n|\n|-weather|Sandstorm|[upkeep]\n|-damage|p1a: Oranguru|31\/100|[from] Sandstorm\n|-heal|p1b: Ursaluna|47\/100|[from] Grassy Terrain\n|-heal|p1a: Oranguru|37\/100|[from] Grassy Terrain\n|upkeep\n|\n|t:|1699705365\n|switch|p2b: Tyranitar|Tyranitar, L50, F|21\/100\n|turn|5\n|\n|t:|1699705372\n|move|p1b: Ursaluna|Blood Moon|p2b: Tyranitar\n|-resisted|p2b: Tyranitar\n|-damage|p2b: Tyranitar|10\/100\n|move|p1a: Oranguru|Instruct|p1b: Ursaluna\n|-singleturn|p1b: Ursaluna|move: Instruct|[of] p1a: Oranguru\n|move|p1b: Ursaluna|Blood Moon|p2b: Tyranitar\n|-resisted|p2b: Tyranitar\n|-damage|p2b: Tyranitar|0 fnt\n|faint|p2b: Tyranitar\n|-hint|Some effects can force a Pokemon to use Blood Moon again in a row.\n|\n|win|Sleeping Demons\n|raw|Sleeping Demons's rating: 1102 &rarr; <strong>1127<\/strong><br \/>(+25 for winning)\n|raw|Nargacuga123's rating: 1099 &rarr; <strong>1074<\/strong><br \/>(-25 for losing)\n|l|\u2606Nargacuga123\n","uploadtime":1699705388,"views":11,"p1id":"sleepingdemons","p2id":"nargacuga123","formatid":"gen9vgc2023regulatione","rating":1074,"private":0,"password":""}