{"id":"gen9vgc2023regulatione-1994290903","p1":"hero of zero","p2":"TheScarySmoliv","format":"[Gen 9] VGC 2023 Regulation E","log":"|j|\u2606hero of zero\n|j|\u2606TheScarySmoliv\n|n|\u2606hero of zero|heroofzero\n|n|\u2606TheScarySmoliv|thescarysmoliv\n|html|View the match progress at <a href=\"\/game-bestof3-gen9vgc2023regulatione-1994285617\">game-bestof3-gen9vgc2023regulatione-1994285617<\/a>\n|t:|1700427646\n|gametype|doubles\n|player|p1|hero of zero|burglar|\n|player|p2|TheScarySmoliv|argenta|\n|teamsize|p1|6\n|teamsize|p2|6\n|gen|9\n|tier|[Gen 9] VGC 2023 Regulation E\n|rule|Species Clause: Limit one of each Pok\u00e9mon\n|rule|Item Clause: Limit one of each item\n|clearpoke\n|poke|p1|Makuhita, L50, F|\n|poke|p1|Nymble, L50, M|\n|poke|p1|Qwilfish-Hisui, L50, M|\n|poke|p1|Poltchageist, L50|\n|poke|p1|Geodude, L50, M|\n|poke|p1|Arrokuda, L50, F|\n|poke|p2|Murkrow, L50, F|\n|poke|p2|Piplup, L50, F|\n|poke|p2|Zorua-Hisui, L50, F|\n|poke|p2|Magnemite, L50|\n|poke|p2|Grimer, L50, F|\n|poke|p2|Bagon, L50, M|\n|teampreview|4\n|c|\u2606TheScarySmoliv|glhf\nhero of zero rejected open team sheets.\n|\n|t:|1700427690\n|start\n|switch|p1a: Qwilfish|Qwilfish-Hisui, L50, M|100\/100\n|switch|p1b: Arrokuda|Arrokuda, L50, F|100\/100\n|switch|p2a: Dumbledore|Magnemite, L50|100\/100\n|switch|p2b: Snape|Murkrow, L50, F|100\/100\n|-ability|p1a: Qwilfish|Intimidate|boost\n|-unboost|p2a: Dumbledore|atk|1\n|-unboost|p2b: Snape|atk|1\n|turn|1\n|l|\u2606TheScarySmoliv\n|player|p2|\n|\n|t:|1700427773\n|switch|p1b: Poltchageist|Poltchageist, L50|100\/100\n|move|p2b: Snape|Hurricane|p1a: Qwilfish\n|-damage|p1a: Qwilfish|24\/100\n|move|p1a: Qwilfish|Crunch|p2a: Dumbledore\n|-supereffective|p2a: Dumbledore\n|-enditem|p2a: Dumbledore|Focus Sash\n|-damage|p2a: Dumbledore|1\/100\n|replace|p2a: McGonagall|Zorua-Hisui, L50, F\n|-end|p2a: McGonagall|Illusion\n|move|p2a: McGonagall|Tera Blast|p1a: Qwilfish\n|-damage|p1a: Qwilfish|0 fnt\n|faint|p1a: Qwilfish\n|\n|upkeep\n|\n|t:|1700427800\n|switch|p1a: Nymble|Nymble, L50, M|100\/100\n|turn|2\n|inactive|Battle timer is ON: inactive players will automatically lose when time's up. (requested by hero of zero)\n|inactiveoff|Battle timer is now OFF.\n|j|\u2606TheScarySmoliv\n|player|p2|TheScarySmoliv|argenta\n|c|\u2606TheScarySmoliv|so sorry\n|\n|t:|1700427918\n|-terastallize|p1a: Nymble|Bug\n|move|p2b: Snape|Protect|p2b: Snape\n|-singleturn|p2b: Snape|Protect\n|move|p2a: McGonagall|Protect|p2a: McGonagall\n|-singleturn|p2a: McGonagall|Protect\n|move|p1a: Nymble|First Impression|p2b: Snape\n|-activate|p2b: Snape|move: Protect\n|move|p1b: Poltchageist|Trick Room|p1b: Poltchageist\n|-fieldstart|move: Trick Room|[of] p1b: Poltchageist\n|\n|upkeep\n|turn|3\n|\n|t:|1700427950\n|move|p1b: Poltchageist|Rage Powder|p1b: Poltchageist\n|-singleturn|p1b: Poltchageist|move: Rage Powder\n|move|p1a: Nymble|Sucker Punch|p2a: McGonagall\n|-supereffective|p2a: McGonagall\n|-damage|p2a: McGonagall|0 fnt\n|faint|p2a: McGonagall\n|-damage|p1a: Nymble|91\/100|[from] item: Life Orb\n|move|p2b: Snape|Hurricane|p1b: Poltchageist\n|-supereffective|p1b: Poltchageist\n|-damage|p1b: Poltchageist|0 fnt\n|faint|p1b: Poltchageist\n|\n|upkeep\n|\n|t:|1700427962\n|switch|p1b: Arrokuda|Arrokuda, L50, F|100\/100\n|switch|p2a: Dobby|Grimer, L50, F|100\/100\n|turn|4\n|\n|t:|1700428015\n|move|p2b: Snape|Protect|p2b: Snape\n|-singleturn|p2b: Snape|Protect\n|move|p2a: Dobby|Poison Jab|p1a: Nymble\n|-damage|p1a: Nymble|4\/100\n|move|p1a: Nymble|U-turn|p2b: Snape\n|-activate|p2b: Snape|move: Protect\n|move|p1b: Arrokuda|Liquidation|p2a: Dobby\n|-damage|p2a: Dobby|35\/100\n|\n|upkeep\n|turn|5\n|\n|t:|1700428041\n|move|p2a: Dobby|Shadow Sneak|p1a: Nymble\n|-damage|p1a: Nymble|0 fnt\n|faint|p1a: Nymble\n|move|p1b: Arrokuda|Liquidation|p2b: Snape\n|-damage|p2b: Snape|2\/100\n|move|p2b: Snape|Hurricane|p1b: Arrokuda\n|-damage|p1b: Arrokuda|0 fnt\n|faint|p1b: Arrokuda\n|\n|win|TheScarySmoliv\n|c|\u2606hero of zero|gg\n|c|\u2606TheScarySmoliv|gg\n|l|\u2606hero of zero\n","uploadtime":1700428183,"views":27,"p1id":"heroofzero","p2id":"thescarysmoliv","formatid":"gen9vgc2023regulatione","rating":0,"private":0,"password":""}