{"id":"gen9vgc2023regulatione-1989551282","p1":"guerravictor","p2":"Th3D3b","format":"[Gen 9] VGC 2023 Regulation E","log":"|j|\u2606guerravictor\n|j|\u2606Th3D3b\n|t:|1699869937\n|gametype|doubles\n|player|p1|guerravictor|dancer|1165\n|player|p2|Th3D3b|2|1065\n|teamsize|p1|6\n|teamsize|p2|6\n|gen|9\n|tier|[Gen 9] VGC 2023 Regulation E\n|rated|\n|rule|Species Clause: Limit one of each Pok\u00e9mon\n|rule|Item Clause: Limit one of each item\n|clearpoke\n|poke|p1|Sableye, L50, F|\n|poke|p1|Iron Valiant, L50|\n|poke|p1|Landorus, L50, M|\n|poke|p1|Chi-Yu, L50|\n|poke|p1|Dipplin, L50, F|\n|poke|p1|Iron Hands, L50|\n|poke|p2|Illumise, L50, F|\n|poke|p2|Farigiraf, L50, F|\n|poke|p2|Chi-Yu, L50|\n|poke|p2|Rillaboom, L50, M|\n|poke|p2|Flutter Mane, L50|\n|poke|p2|Kleavor, L50, M|\n|teampreview|4\n|inactive|Battle timer is ON: inactive players will automatically lose when time's up. (requested by guerravictor)\nguerravictor rejected open team sheets.\n|\n|t:|1699869958\n|start\n|switch|p1a: Sableye|Sableye, L50, F|100\/100\n|switch|p1b: Iron Valiant|Iron Valiant, L50, shiny|100\/100\n|switch|p2a: Farigiraf|Farigiraf, L50, F|100\/100\n|switch|p2b: Flutter Mane|Flutter Mane, L50|100\/100\n|-enditem|p1b: Iron Valiant|Booster Energy\n|-activate|p1b: Iron Valiant|ability: Quark Drive|[fromitem]\n|-start|p1b: Iron Valiant|quarkdrivespe\n|turn|1\n|inactive|Th3D3b has 30 seconds left.\n|inactive|Th3D3b has 20 seconds left.\n|\n|t:|1699869995\n|-end|p2b: Flutter Mane|Protosynthesis|[silent]\n|switch|p2b: Chi-Yu|Chi-Yu, L50|100\/100\n|-ability|p2b: Chi-Yu|Beads of Ruin\n|-terastallize|p1b: Iron Valiant|Ghost\n|move|p1a: Sableye|Gravity|p1a: Sableye\n|-fieldstart|move: Gravity\n|move|p1b: Iron Valiant|Hypnosis|p2b: Chi-Yu\n|-status|p2b: Chi-Yu|slp|[from] move: Hypnosis\n|move|p2a: Farigiraf|Trick Room|p2a: Farigiraf\n|-fieldstart|move: Trick Room|[of] p2a: Farigiraf\n|\n|upkeep\n|turn|2\n|inactive|guerravictor has 30 seconds left.\n|\n|t:|1699870029\n|move|p1a: Sableye|Foul Play|p2b: Chi-Yu\n|-resisted|p2b: Chi-Yu\n|-damage|p2b: Chi-Yu|84\/100 slp\n|move|p2a: Farigiraf|Dazzling Gleam|p1b: Iron Valiant|[spread] p1a,p1b\n|-supereffective|p1a: Sableye\n|-damage|p1a: Sableye|48\/100\n|-damage|p1b: Iron Valiant|60\/100\n|cant|p2b: Chi-Yu|slp\n|move|p1b: Iron Valiant|Hypnosis|p2a: Farigiraf\n|-status|p2a: Farigiraf|slp|[from] move: Hypnosis\n|\n|-heal|p1a: Sableye|54\/100|[from] item: Leftovers\n|upkeep\n|turn|3\n|\n|t:|1699870049\n|move|p1a: Sableye|Foul Play|p2a: Farigiraf\n|-supereffective|p2a: Farigiraf\n|-crit|p2a: Farigiraf\n|-damage|p2a: Farigiraf|37\/100 slp\n|-enditem|p2a: Farigiraf|Sitrus Berry|[eat]\n|-heal|p2a: Farigiraf|62\/100 slp|[from] item: Sitrus Berry\n|cant|p2a: Farigiraf|slp\n|-curestatus|p2b: Chi-Yu|slp|[msg]\n|move|p2b: Chi-Yu|Heat Wave|p1b: Iron Valiant|[spread] p1a,p1b\n|-damage|p1a: Sableye|0 fnt\n|-damage|p1b: Iron Valiant|0 fnt\n|faint|p1a: Sableye\n|faint|p1b: Iron Valiant\n|-end|p1b: Iron Valiant|Quark Drive|[silent]\n|\n|upkeep\n|\n|t:|1699870063\n|switch|p1a: Chi-Yu|Chi-Yu, L50|100\/100\n|switch|p1b: Landorus|Landorus, L50, M, shiny|100\/100\n|-ability|p1a: Chi-Yu|Beads of Ruin\n|turn|4\n|\n|t:|1699870081\n|switch|p2b: Flutter Mane|Flutter Mane, L50|100\/100\n|-curestatus|p2a: Farigiraf|slp|[msg]\n|move|p2a: Farigiraf|Psychic|p1b: Landorus\n|-damage|p1b: Landorus|35\/100\n|move|p1b: Landorus|Sandsear Storm|p2b: Flutter Mane|[spread] p2a,p2b\n|-damage|p2a: Farigiraf|0 fnt\n|-damage|p2b: Flutter Mane|25\/100\n|faint|p2a: Farigiraf\n|move|p1a: Chi-Yu|Snarl|p2b: Flutter Mane\n|-damage|p2b: Flutter Mane|0 fnt\n|faint|p2b: Flutter Mane\n|-end|p2b: Flutter Mane|Protosynthesis|[silent]\n|\n|upkeep\n|\n|t:|1699870094\n|switch|p2a: Rillaboom|Rillaboom, L50, M|100\/100\n|switch|p2b: Chi-Yu|Chi-Yu, L50|84\/100\n|-fieldstart|move: Grassy Terrain|[from] ability: Grassy Surge|[of] p2a: Rillaboom\n|-ability|p2b: Chi-Yu|Beads of Ruin\n|turn|5\n|inactive|Th3D3b has 30 seconds left.\n|\n|t:|1699870121\n|-terastallize|p2a: Rillaboom|Fire\n|move|p1b: Landorus|Protect|p1b: Landorus\n|-singleturn|p1b: Landorus|Protect\n|move|p2a: Rillaboom|High Horsepower|p1a: Chi-Yu\n|-supereffective|p1a: Chi-Yu\n|-damage|p1a: Chi-Yu|0 fnt\n|faint|p1a: Chi-Yu\n|move|p2b: Chi-Yu|Dark Pulse|p1b: Landorus\n|-activate|p1b: Landorus|move: Protect\n|\n|-heal|p1b: Landorus|41\/100|[from] Grassy Terrain\n|-heal|p2b: Chi-Yu|91\/100|[from] Grassy Terrain\n|-fieldend|move: Trick Room\n|-fieldend|move: Gravity\n|upkeep\n|turn|6\n|\n|t:|1699870144\n|move|p2a: Rillaboom|Grassy Glide|p1b: Landorus\n|-damage|p1b: Landorus|0 fnt\n|faint|p1b: Landorus\n|\n|win|Th3D3b\n|raw|guerravictor's rating: 1165 &rarr; <strong>1133<\/strong><br \/>(-32 for losing)\n|raw|Th3D3b's rating: 1065 &rarr; <strong>1104<\/strong><br \/>(+39 for winning)\n|l|\u2606guerravictor\n","uploadtime":1699870185,"views":20,"p1id":"guerravictor","p2id":"th3d3b","formatid":"gen9vgc2023regulatione","rating":1104,"private":0,"password":""}