{"id":"gen9vgc2023regulatione-2000192998","p1":"Stepthe3rd","p2":"giftedyew","format":"[Gen 9] VGC 2023 Regulation E","log":"|j|\u2606Stepthe3rd\n|j|\u2606giftedyew\n|t:|1701170125\n|gametype|doubles\n|player|p1|Stepthe3rd|red|\n|player|p2|giftedyew|nessa|\n|teamsize|p1|6\n|teamsize|p2|6\n|gen|9\n|tier|[Gen 9] VGC 2023 Regulation E\n|rated|Tournament battle\n|rule|Species Clause: Limit one of each Pok\u00e9mon\n|rule|Item Clause: Limit one of each item\n|clearpoke\n|poke|p1|Heatran, L50, M|\n|poke|p1|Iron Hands, L50|\n|poke|p1|Milotic, L50, F|\n|poke|p1|Landorus-Therian, L50, M|\n|poke|p1|Dragonite, L50, F|\n|poke|p1|Flutter Mane, L50|\n|poke|p2|Flutter Mane, L50|\n|poke|p2|Iron Hands, L50|\n|poke|p2|Roaring Moon, L50|\n|poke|p2|Ogerpon-Wellspring, L50, F|\n|poke|p2|Landorus, L50, M|\n|poke|p2|Arcanine-Hisui, L50, M|\n|teampreview|4\n|showteam|p1|Heatran||LifeOrb|FlashFire|FlashCannon,HeatWave,EarthPower,Protect|||M|||50|,,,,,Flying]Iron Hands||AssaultVest|QuarkDrive|FakeOut,WildCharge,DrainPunch,HeavySlam||||||50|,,,,,Fighting]Milotic||FlameOrb|MarvelScale|IcyWind,Scald,Recover,Haze|||F|||50|,,,,,Fairy]Landorus-Therian||ChoiceScarf|Intimidate|StompingTantrum,Uturn,RockSlide,Crunch|||M|||50|,,,,,Ground]Dragonite||Leftovers|Multiscale|Roost,Tailwind,ExtremeSpeed,Outrage|||F|||50|,,,,,Dragon]Flutter Mane||BoosterEnergy|Protosynthesis|ShadowBall,DazzlingGleam,Protect,MysticalFire||||||50|,,,,,Fairy\n|showteam|p2|Flutter Mane||ChoiceSpecs|Protosynthesis|DazzlingGleam,ShadowBall,Thunderbolt,Moonblast||||||50|,,,,,Fairy]Iron Hands||AssaultVest|QuarkDrive|DrainPunch,WildCharge,HeavySlam,FakeOut||||||50|,,,,,Fire]Roaring Moon||BoosterEnergy|Protosynthesis|KnockOff,BreakingSwipe,Tailwind,Protect||||||50|,,,,,Poison]Ogerpon-Wellspring||WellspringMask|WaterAbsorb|IvyCudgel,HornLeech,FollowMe,SpikyShield|||F|||50|,,,,,Water]Landorus||LifeOrb|SheerForce|EarthPower,SludgeBomb,Protect,Substitute|||M|||50|,,,,,Poison]Arcanine-Hisui||ChoiceBand|Intimidate|FlareBlitz,RockSlide,ExtremeSpeed,TeraBlast|||M|||50|,,,,,Fairy\n|j| viaan\n|j| L1Lmacncheese\n|j| yuans reive\n|l| viaan\n|l| yuans reive\n|\n|t:|1701170174\n|start\n|switch|p1a: Iron Hands|Iron Hands, L50|100\/100\n|switch|p1b: Milotic|Milotic, L50, F|100\/100\n|switch|p2a: Roaring Moon|Roaring Moon, L50|100\/100\n|switch|p2b: Flutter Mane|Flutter Mane, L50|100\/100\n|-enditem|p2a: Roaring Moon|Booster Energy\n|-activate|p2a: Roaring Moon|ability: Protosynthesis|[fromitem]\n|-start|p2a: Roaring Moon|protosynthesisspe\n|turn|1\n|j|%krangune\n|\n|t:|1701170195\n|move|p2a: Roaring Moon|Breaking Swipe|p1a: Iron Hands|[spread] p1a,p1b\n|-damage|p1a: Iron Hands|86\/100\n|-damage|p1b: Milotic|82\/100\n|-unboost|p1a: Iron Hands|atk|1\n|-unboost|p1b: Milotic|atk|1\n|move|p2b: Flutter Mane|Thunderbolt|p1b: Milotic\n|-supereffective|p1b: Milotic\n|-damage|p1b: Milotic|19\/100\n|move|p1b: Milotic|Icy Wind|p2a: Roaring Moon|[spread] p2a,p2b\n|-supereffective|p2a: Roaring Moon\n|-damage|p2a: Roaring Moon|81\/100\n|-damage|p2b: Flutter Mane|91\/100\n|-unboost|p2a: Roaring Moon|spe|1\n|-unboost|p2b: Flutter Mane|spe|1\n|move|p1a: Iron Hands|Heavy Slam|p2b: Flutter Mane\n|-supereffective|p2b: Flutter Mane\n|-damage|p2b: Flutter Mane|0 fnt\n|faint|p2b: Flutter Mane\n|-end|p2b: Flutter Mane|Protosynthesis|[silent]\n|\n|-status|p1b: Milotic|brn|[from] item: Flame Orb\n|upkeep\n|j| Kal0sunleashed\n|\n|t:|1701170207\n|switch|p2b: Landorus|Landorus, L50, M|100\/100\n|turn|2\n|\n|t:|1701170222\n|move|p2a: Roaring Moon|Knock Off|p1b: Milotic\n|-damage|p1b: Milotic|0 fnt\n|-enditem|p1b: Milotic|Flame Orb|[from] move: Knock Off|[of] p2a: Roaring Moon\n|faint|p1b: Milotic\n|move|p2b: Landorus|Earth Power|p1a: Iron Hands\n|-supereffective|p1a: Iron Hands\n|-damage|p1a: Iron Hands|0 fnt\n|faint|p1a: Iron Hands\n|-end|p1a: Iron Hands|Quark Drive|[silent]\n|\n|upkeep\n|\n|t:|1701170226\n|switch|p1b: Flutter Mane|Flutter Mane, L50|100\/100\n|switch|p1a: Landorus|Landorus-Therian, L50, M|100\/100\n|-ability|p1a: Landorus|Intimidate|boost\n|-unboost|p2a: Roaring Moon|atk|1\n|-unboost|p2b: Landorus|atk|1\n|-enditem|p1b: Flutter Mane|Booster Energy\n|-activate|p1b: Flutter Mane|ability: Protosynthesis|[fromitem]\n|-start|p1b: Flutter Mane|protosynthesisspe\n|turn|3\n|\n|t:|1701170243\n|move|p1b: Flutter Mane|Dazzling Gleam|p2b: Landorus|[spread] p2a,p2b\n|-supereffective|p2a: Roaring Moon\n|-damage|p2a: Roaring Moon|0 fnt\n|-damage|p2b: Landorus|60\/100\n|faint|p2a: Roaring Moon\n|-end|p2a: Roaring Moon|Protosynthesis|[silent]\n|move|p1a: Landorus|Rock Slide|p2b: Landorus\n|-damage|p2b: Landorus|25\/100\n|cant|p2b: Landorus|flinch\n|\n|upkeep\n|\n|t:|1701170246\n|switch|p2a: Stone Ocean|Ogerpon-Wellspring, L50, F|100\/100\n|turn|4\n|\n|t:|1701170270\n|-terastallize|p2a: Stone Ocean|Water\n|detailschange|p2a: Stone Ocean|Ogerpon-Wellspring-Tera, L50, F, tera:Water\n|-ability|p2a: Stone Ocean|Embody Aspect (Wellspring)|boost\n|-boost|p2a: Stone Ocean|spd|1\n|move|p2b: Landorus|Protect|p2b: Landorus\n|-singleturn|p2b: Landorus|Protect\n|move|p1b: Flutter Mane|Shadow Ball|p2a: Stone Ocean\n|-damage|p2a: Stone Ocean|70\/100\n|move|p1a: Landorus|Rock Slide|p2b: Landorus|[spread] p2a\n|-activate|p2b: Landorus|move: Protect\n|-damage|p2a: Stone Ocean|46\/100\n|cant|p2a: Stone Ocean|flinch\n|\n|upkeep\n|turn|5\n|c|\u2606giftedyew|bruh\n|\n|t:|1701170295\n|-terastallize|p1b: Flutter Mane|Fairy\n|move|p1b: Flutter Mane|Dazzling Gleam|p2b: Landorus|[spread] p2a,p2b\n|-damage|p2a: Stone Ocean|16\/100\n|-damage|p2b: Landorus|0 fnt\n|faint|p2b: Landorus\n|move|p1a: Landorus|Rock Slide|p2a: Stone Ocean\n|-damage|p2a: Stone Ocean|0 fnt\n|faint|p2a: Stone Ocean\n|\n|win|Stepthe3rd\n|n|\u2606Stepthe3rd|stepthe3rd\n|n|\u2606giftedyew|giftedyew\n|n| L1Lmacncheese|l1lmacncheese\n|n| krangune|krangune\n|n| Kal0sunleashed|kal0sunleashed\n","uploadtime":1701170297,"views":1,"p1id":"stepthe3rd","p2id":"giftedyew","formatid":"gen9vgc2023regulatione","rating":0,"private":0,"password":""}