{"id":"gen9vgc2023regulatione-1990317052","p1":"LupinAlpha","p2":"j1m13o","format":"[Gen 9] VGC 2023 Regulation E","log":"|j|\u2606LupinAlpha\n|j|\u2606j1m13o\n|t:|1699955759\n|gametype|doubles\n|player|p1|LupinAlpha|102|1000\n|player|p2|j1m13o|1|1077\n|teamsize|p1|6\n|teamsize|p2|6\n|gen|9\n|tier|[Gen 9] VGC 2023 Regulation E\n|rated|\n|rule|Species Clause: Limit one of each Pok\u00e9mon\n|rule|Item Clause: Limit one of each item\n|clearpoke\n|poke|p1|Coalossal, L50, M|\n|poke|p1|Dragapult, L50, M|\n|poke|p1|Clefairy, L50, F|\n|poke|p1|Chien-Pao, L50|\n|poke|p1|Amoonguss, L50, M|\n|poke|p1|Gyarados, L50, F|\n|poke|p2|Ursaluna-Bloodmoon, L50, M|\n|poke|p2|Glastrier, L50|\n|poke|p2|Dusclops, L50, F|\n|poke|p2|Clefable, L50, F|\n|poke|p2|Tauros-Paldea-Blaze, L50, M|\n|poke|p2|Lucario, L50, F|\n|teampreview|4\n|inactive|Battle timer is ON: inactive players will automatically lose when time's up. (requested by j1m13o)\n|\n|t:|1699955780\n|start\n|switch|p1a: Chien-Pao|Chien-Pao, L50|100\/100\n|switch|p1b: Dragapult|Dragapult, L50, M|100\/100\n|switch|p2a: Mr. Hands|Dusclops, L50, F|100\/100\n|switch|p2b: Clefable|Clefable, L50, F|100\/100\n|-ability|p1a: Chien-Pao|Sword of Ruin\n|-item|p1a: Chien-Pao|Focus Sash|[from] ability: Frisk|[of] p2a: Mr. Hands|[identify]\n|-item|p1b: Dragapult|Choice Scarf|[from] ability: Frisk|[of] p2a: Mr. Hands|[identify]\n|turn|1\n|\n|t:|1699955797\n|move|p1b: Dragapult|Flamethrower|p2b: Clefable\n|-damage|p2b: Clefable|81\/100\n|-enditem|p2b: Clefable|Eject Button\n|\n|t:|1699955804\n|switch|p2b: Ursaluna|Ursaluna-Bloodmoon, L50, M|100\/100\n|move|p1a: Chien-Pao|Taunt|p2a: Mr. Hands\n|-start|p2a: Mr. Hands|move: Taunt\n|cant|p2a: Mr. Hands|move: Taunt|Trick Room\n|\n|upkeep\n|turn|2\n|\n|t:|1699955820\n|switch|p2a: Clefable|Clefable, L50, F|81\/100\n|move|p2b: Ursaluna|Protect|p2b: Ursaluna\n|-singleturn|p2b: Ursaluna|Protect\n|move|p1b: Dragapult|Flamethrower|p2b: Ursaluna\n|-activate|p2b: Ursaluna|move: Protect\n|move|p1a: Chien-Pao|Icicle Crash|p2b: Ursaluna\n|-activate|p2b: Ursaluna|move: Protect\n|\n|upkeep\n|turn|3\n|inactive|LupinAlpha has 30 seconds left.\n|\n|t:|1699955848\n|switch|p2b: Mr. Hands|Dusclops, L50, F|100\/100\n|-item|p1a: Chien-Pao|Focus Sash|[from] ability: Frisk|[of] p2b: Mr. Hands|[identify]\n|-item|p1b: Dragapult|Choice Scarf|[from] ability: Frisk|[of] p2b: Mr. Hands|[identify]\n|-terastallize|p1b: Dragapult|Steel\n|move|p1b: Dragapult|Flamethrower|p2b: Mr. Hands\n|-damage|p2b: Mr. Hands|85\/100\n|move|p1a: Chien-Pao|Icicle Crash|p2b: Mr. Hands\n|-damage|p2b: Mr. Hands|49\/100\n|move|p2a: Clefable|Dazzling Gleam|p1a: Chien-Pao|[spread] p1a,p1b\n|-supereffective|p1a: Chien-Pao\n|-resisted|p1b: Dragapult\n|-damage|p1a: Chien-Pao|42\/100\n|-damage|p1b: Dragapult|86\/100\n|\n|upkeep\n|turn|4\n|inactive|LupinAlpha has 30 seconds left.\n|\n|t:|1699955881\n|move|p2a: Clefable|Follow Me|p2a: Clefable\n|-singleturn|p2a: Clefable|move: Follow Me\n|move|p1b: Dragapult|Flamethrower|p2a: Clefable\n|-damage|p2a: Clefable|60\/100\n|move|p1a: Chien-Pao|Taunt|p2a: Clefable\n|-start|p2a: Clefable|move: Taunt\n|move|p2b: Mr. Hands|Trick Room|p2b: Mr. Hands\n|-fieldstart|move: Trick Room|[of] p2b: Mr. Hands\n|\n|upkeep\n|turn|5\n|\n|t:|1699955900\n|switch|p2b: Ursaluna|Ursaluna-Bloodmoon, L50, M|100\/100\n|move|p1a: Chien-Pao|Sucker Punch||[still]\n|-fail|p1a: Chien-Pao\n|move|p2a: Clefable|Dazzling Gleam|p1a: Chien-Pao|[spread] p1a,p1b\n|-supereffective|p1a: Chien-Pao\n|-resisted|p1b: Dragapult\n|-damage|p1a: Chien-Pao|0 fnt\n|-damage|p1b: Dragapult|72\/100\n|faint|p1a: Chien-Pao\n|move|p1b: Dragapult|Flamethrower|p2b: Ursaluna\n|-crit|p2b: Ursaluna\n|-damage|p2b: Ursaluna|49\/100\n|\n|upkeep\n|\n|t:|1699955910\n|switch|p1a: Clefairy|Clefairy, L50, F|100\/100\n|turn|6\n|\n|t:|1699955930\n|switch|p1b: Coalossal|Coalossal, L50, M|100\/100\n|-terastallize|p2b: Ursaluna|Normal\n|move|p2b: Ursaluna|Earth Power|p1b: Coalossal\n|-supereffective|p1b: Coalossal\n|-damage|p1b: Coalossal|5\/100\n|move|p1a: Clefairy|Thunder Wave|p2a: Clefable\n|-status|p2a: Clefable|par\n|cant|p2a: Clefable|par\n|\n|upkeep\n|turn|7\n|inactive|LupinAlpha has 30 seconds left.\n|\n|t:|1699955959\n|switch|p2a: Mr. Hands|Dusclops, L50, F|49\/100\n|-item|p1a: Clefairy|Eviolite|[from] ability: Frisk|[of] p2a: Mr. Hands|[identify]\n|-item|p1b: Coalossal|Assault Vest|[from] ability: Frisk|[of] p2a: Mr. Hands|[identify]\n|move|p1a: Clefairy|Protect|p1a: Clefairy\n|-singleturn|p1a: Clefairy|Protect\n|move|p2b: Ursaluna|Hyper Voice|p1a: Clefairy|[spread] p1b\n|-activate|p1a: Clefairy|move: Protect\n|-enditem|p2b: Ursaluna|Normal Gem|[from] gem\n|-resisted|p1b: Coalossal\n|-damage|p1b: Coalossal|0 fnt\n|faint|p1b: Coalossal\n|\n|upkeep\n|\n|t:|1699955969\n|switch|p1b: Dragapult|Dragapult, L50, M, tera:Steel|72\/100\n|turn|8\n|\n|t:|1699955991\n|move|p2a: Mr. Hands|Helping Hand|p2b: Ursaluna\n|-singleturn|p2b: Ursaluna|Helping Hand|[of] p2a: Mr. Hands\n|move|p2b: Ursaluna|Hyper Voice|p1b: Dragapult|[spread] p1a,p1b\n|-resisted|p1b: Dragapult\n|-damage|p1a: Clefairy|39\/100\n|-damage|p1b: Dragapult|35\/100\n|move|p1a: Clefairy|Life Dew|p1a: Clefairy|[spread] p1a,p1b\n|-heal|p1a: Clefairy|64\/100\n|-heal|p1b: Dragapult|60\/100\n|move|p1b: Dragapult|Surf|p2a: Mr. Hands|[spread] p1a,p2a,p2b\n|-damage|p1a: Clefairy|46\/100\n|-damage|p2a: Mr. Hands|38\/100\n|-damage|p2b: Ursaluna|24\/100\n|\n|-fieldend|move: Trick Room\n|upkeep\n|turn|9\n|inactive|LupinAlpha has 30 seconds left.\n|\n|t:|1699956017\n|move|p1a: Clefairy|Helping Hand|p1b: Dragapult\n|-singleturn|p1b: Dragapult|Helping Hand|[of] p1a: Clefairy\n|move|p2b: Ursaluna|Protect|p2b: Ursaluna\n|-singleturn|p2b: Ursaluna|Protect\n|move|p1b: Dragapult|Surf|p2a: Mr. Hands|[spread] p1a,p2a\n|-activate|p2b: Ursaluna|move: Protect\n|-damage|p1a: Clefairy|21\/100\n|-damage|p2a: Mr. Hands|21\/100\n|move|p2a: Mr. Hands|Trick Room|p2a: Mr. Hands\n|-fieldstart|move: Trick Room|[of] p2a: Mr. Hands\n|\n|upkeep\n|turn|10\n|\n|t:|1699956029\n|move|p2a: Mr. Hands|Helping Hand|p2b: Ursaluna\n|-singleturn|p2b: Ursaluna|Helping Hand|[of] p2a: Mr. Hands\n|move|p2b: Ursaluna|Earth Power|p1b: Dragapult\n|-supereffective|p1b: Dragapult\n|-damage|p1b: Dragapult|0 fnt\n|faint|p1b: Dragapult\n|move|p1a: Clefairy|Life Dew|p1a: Clefairy\n|-heal|p1a: Clefairy|46\/100\n|\n|upkeep\n|turn|11\n|-message|LupinAlpha forfeited.\n|\n|win|j1m13o\n|raw|LupinAlpha's rating: 1000 &rarr; <strong>1000<\/strong><br \/>(+0 for losing)\n|raw|j1m13o's rating: 1077 &rarr; <strong>1099<\/strong><br \/>(+22 for winning)\n|l|\u2606LupinAlpha\n","uploadtime":1699956040,"views":36,"p1id":"lupinalpha","p2id":"j1m13o","formatid":"gen9vgc2023regulatione","rating":1000,"private":0,"password":""}