{"id":"gen9vgc2023regulatione-1998005817","p1":"CasualPizza","p2":"Wendall555","format":"[Gen 9] VGC 2023 Regulation E","log":"|j|\u2606CasualPizza\n|j|\u2606Wendall555\n|n|\u2606CasualPizza|casualpizza\n|n|\u2606Wendall555|wendall555\n|html|View the match progress at <a href=\"\/game-bestof3-gen9vgc2023regulatione-1998005816\">game-bestof3-gen9vgc2023regulatione-1998005816<\/a>\n|t:|1700878031\n|gametype|doubles\n|player|p1|CasualPizza|elesa-masters|\n|player|p2|Wendall555|colress|\n|teamsize|p1|6\n|teamsize|p2|6\n|gen|9\n|tier|[Gen 9] VGC 2023 Regulation E\n|rule|Species Clause: Limit one of each Pok\u00e9mon\n|rule|Item Clause: Limit one of each item\n|clearpoke\n|poke|p1|Ogerpon-Wellspring, L50, F|\n|poke|p1|Iron Hands, L50|\n|poke|p1|Arcanine, L50, F|\n|poke|p1|Electrode-Hisui, L50|\n|poke|p1|Morgrem, L50, M|\n|poke|p1|Fletchinder, L50, M|\n|poke|p2|Oranguru, L50, F|\n|poke|p2|Maushold-Four, L50|\n|poke|p2|Camerupt, L50, M|\n|poke|p2|Tornadus, L50, M|\n|poke|p2|Basculegion, L50, M|\n|poke|p2|Brambleghast, L50, F|\n|teampreview|4\n|c|\u2606CasualPizza|u ok with spectators?\n|c|\u2606Wendall555|doesnt matter\nCasualPizza rejected open team sheets.\n|c|\u2606Wendall555|https:\/\/pokepast.es\/86f8ba40e31308ab\n|c|\u2606CasualPizza|Tera Types: https:\/\/pokepast.es\/770bb2e2a8439aa8\n|j| Raikia\n|j| Lkynmbr24\n|\n|t:|1700878154\n|start\n|switch|p1a: Fletchinder|Fletchinder, L50, M|100\/100\n|switch|p1b: Iron Hands|Iron Hands, L50|100\/100\n|switch|p2a: Oranguru|Oranguru, L50, F|100\/100\n|switch|p2b: Maushold|Maushold-Four, L50|100\/100\n|-enditem|p1b: Iron Hands|Booster Energy\n|-activate|p1b: Iron Hands|ability: Quark Drive|[fromitem]\n|-start|p1b: Iron Hands|quarkdriveatk\n|turn|1\n|\n|t:|1700878175\n|move|p1b: Iron Hands|Fake Out|p2b: Maushold\n|-damage|p2b: Maushold|66\/100\n|move|p1a: Fletchinder|Tailwind|p1a: Fletchinder\n|-sidestart|p1: CasualPizza|move: Tailwind\n|cant|p2b: Maushold|flinch\n|move|p2a: Oranguru|Trick Room|p2a: Oranguru\n|-fieldstart|move: Trick Room|[of] p2a: Oranguru\n|\n|upkeep\n|turn|2\n|\n|t:|1700878186\n|move|p2a: Oranguru|Psychic|p1b: Iron Hands\n|-supereffective|p1b: Iron Hands\n|-damage|p1b: Iron Hands|50\/100\n|move|p1b: Iron Hands|Drain Punch|p2b: Maushold\n|-supereffective|p2b: Maushold\n|-damage|p2b: Maushold|0 fnt\n|-heal|p1b: Iron Hands|69\/100|[from] drain|[of] p2b: Maushold\n|faint|p2b: Maushold\n|move|p1a: Fletchinder|Will-O-Wisp|p2a: Oranguru\n|-status|p2a: Oranguru|brn\n|\n|-damage|p2a: Oranguru|94\/100 brn|[from] brn\n|upkeep\n|\n|t:|1700878192\n|switch|p2b: Camerupt|Camerupt, L50, M|100\/100\n|turn|3\n|\n|t:|1700878214\n|-terastallize|p2b: Camerupt|Fire\n|move|p1a: Fletchinder|Brave Bird|p2a: Oranguru\n|-damage|p2a: Oranguru|56\/100 brn\n|-damage|p1a: Fletchinder|82\/100|[from] Recoil\n|move|p2b: Camerupt|Eruption|p1a: Fletchinder|[spread] p1a,p1b\n|-resisted|p1a: Fletchinder\n|-damage|p1a: Fletchinder|0 fnt\n|-damage|p1b: Iron Hands|0 fnt\n|faint|p1a: Fletchinder\n|faint|p1b: Iron Hands\n|-end|p1b: Iron Hands|Quark Drive|[silent]\n|-damage|p2b: Camerupt|91\/100|[from] item: Life Orb\n|move|p2a: Oranguru|Instruct|p2b: Camerupt\n|-singleturn|p2b: Camerupt|move: Instruct|[of] p2a: Oranguru\n|move|p2b: Camerupt|Eruption|p1: Fletchinder|[notarget]\n|-fail|p2b: Camerupt\n|\n|-damage|p2a: Oranguru|50\/100 brn|[from] brn\n|upkeep\n|-enditem|p2a: Oranguru|Sitrus Berry|[eat]\n|-heal|p2a: Oranguru|75\/100 brn|[from] item: Sitrus Berry\n|\n|t:|1700878224\n|switch|p1b: Arcanine|Arcanine, L50, F|100\/100\n|switch|p1a: Ogerpon|Ogerpon-Wellspring, L50, F|100\/100\n|-ability|p1b: Arcanine|Intimidate|boost\n|-fail|p2a: Oranguru|unboost|Attack|[from] ability: Inner Focus|[of] p2a: Oranguru\n|-unboost|p2b: Camerupt|atk|1\n|turn|4\n|\n|t:|1700878235\n|-terastallize|p1a: Ogerpon|Water\n|detailschange|p1a: Ogerpon|Ogerpon-Wellspring-Tera, L50, F, tera:Water\n|-ability|p1a: Ogerpon|Embody Aspect (Wellspring)|boost\n|-boost|p1a: Ogerpon|spd|1\n|move|p1b: Arcanine|Protect|p1b: Arcanine\n|-singleturn|p1b: Arcanine|Protect\n|move|p2b: Camerupt|Eruption|p1b: Arcanine|[spread] p1a\n|-activate|p1b: Arcanine|move: Protect\n|-resisted|p1a: Ogerpon\n|-damage|p1a: Ogerpon|67\/100\n|-damage|p2b: Camerupt|81\/100|[from] item: Life Orb\n|move|p2a: Oranguru|Instruct|p2b: Camerupt\n|-singleturn|p2b: Camerupt|move: Instruct|[of] p2a: Oranguru\n|move|p2b: Camerupt|Eruption|p1a: Ogerpon|[spread] p1a\n|-activate|p1b: Arcanine|move: Protect\n|-resisted|p1a: Ogerpon\n|-damage|p1a: Ogerpon|40\/100\n|-damage|p2b: Camerupt|72\/100|[from] item: Life Orb\n|move|p1a: Ogerpon|Ivy Cudgel|p2a: Oranguru|[anim] Ivy Cudgel Water\n|-damage|p2a: Oranguru|19\/100 brn\n|\n|-damage|p2a: Oranguru|13\/100 brn|[from] brn\n|-sideend|p1: CasualPizza|move: Tailwind\n|upkeep\n|turn|5\n|\n|t:|1700878259\n|move|p1a: Ogerpon|Spiky Shield|p1a: Ogerpon\n|-singleturn|p1a: Ogerpon|move: Protect\n|move|p2b: Camerupt|Eruption|p1b: Arcanine|[spread] p1b\n|-activate|p1a: Ogerpon|move: Protect\n|-resisted|p1b: Arcanine\n|-damage|p1b: Arcanine|63\/100\n|-damage|p2b: Camerupt|62\/100|[from] item: Life Orb\n|move|p2a: Oranguru|Instruct|p2b: Camerupt\n|-singleturn|p2b: Camerupt|move: Instruct|[of] p2a: Oranguru\n|move|p2b: Camerupt|Eruption|p1b: Arcanine|[spread] p1b\n|-activate|p1a: Ogerpon|move: Protect\n|-resisted|p1b: Arcanine\n|-damage|p1b: Arcanine|31\/100\n|-enditem|p1b: Arcanine|Sitrus Berry|[eat]\n|-heal|p1b: Arcanine|56\/100|[from] item: Sitrus Berry\n|-damage|p2b: Camerupt|52\/100|[from] item: Life Orb\n|move|p1b: Arcanine|Close Combat|p2a: Oranguru\n|-damage|p2a: Oranguru|0 fnt\n|-unboost|p1b: Arcanine|def|1\n|-unboost|p1b: Arcanine|spd|1\n|faint|p2a: Oranguru\n|\n|-fieldend|move: Trick Room\n|upkeep\n|\n|t:|1700878267\n|switch|p2a: Basculegion|Basculegion, L50, M|100\/100\n|turn|6\n|\n|t:|1700878298\n|move|p1b: Arcanine|Protect|p1b: Arcanine\n|-singleturn|p1b: Arcanine|Protect\n|move|p1a: Ogerpon|Horn Leech|p2a: Basculegion\n|-supereffective|p2a: Basculegion\n|-damage|p2a: Basculegion|0 fnt\n|-heal|p1a: Ogerpon|99\/100|[from] drain|[of] p2a: Basculegion\n|faint|p2a: Basculegion\n|move|p2b: Camerupt|Earth Power|p1b: Arcanine\n|-activate|p1b: Arcanine|move: Protect\n|\n|upkeep\n|turn|7\n|\n|t:|1700878310\n|move|p1a: Ogerpon|Ivy Cudgel|p2b: Camerupt|[anim] Ivy Cudgel Water\n|-supereffective|p2b: Camerupt\n|-damage|p2b: Camerupt|0 fnt\n|faint|p2b: Camerupt\n|\n|win|CasualPizza\n|c|&|\/uhtml prompt-wendall555,Wendall555 is ready for game 2!\n|c|\u2606CasualPizza|gg\n|c|&|\/uhtml prompt-casualpizza,CasualPizza is ready for game 2!\nBoth players are ready! Starting next match!\n|l| Raikia\n|j| Huxley187\n|l|\u2606CasualPizza\n","uploadtime":1700878780,"views":7,"p1id":"casualpizza","p2id":"wendall555","formatid":"gen9vgc2023regulatione","rating":0,"private":0,"password":""}