{"id":"gen9vgc2023regulatione-1995264484","p1":"It\u2019sJustKen VGC","p2":"Delta1O7","format":"[Gen 9] VGC 2023 Regulation E","log":"|j|\u2606It\u2019sJustKen VGC\n|j|\u2606Delta1O7\n|t:|1700543449\n|gametype|doubles\n|player|p1|It\u2019sJustKen VGC|turo|1451\n|player|p2|Delta1O7|2|1367\n|teamsize|p1|6\n|teamsize|p2|6\n|gen|9\n|tier|[Gen 9] VGC 2023 Regulation E\n|rated|\n|rule|Species Clause: Limit one of each Pok\u00e9mon\n|rule|Item Clause: Limit one of each item\n|clearpoke\n|poke|p1|Grimmsnarl, L50, M|\n|poke|p1|Volcarona, L50, M|\n|poke|p1|Gyarados, L50, F|\n|poke|p1|Sylveon, L50, F|\n|poke|p1|Kingambit, L50, F|\n|poke|p1|Sinistcha-Masterpiece, L50|\n|poke|p2|Roaring Moon, L50|\n|poke|p2|Urshifu-*, L50, M|\n|poke|p2|Iron Hands, L50|\n|poke|p2|Flutter Mane, L50|\n|poke|p2|Landorus-Therian, L50, M|\n|poke|p2|Ogerpon-Wellspring, L50, F|\n|teampreview|4\n|inactive|Battle timer is ON: inactive players will automatically lose when time's up. (requested by It\u2019sJustKen VGC)\n|inactive|Delta1O7 has 60 seconds left.\n|j| darkrinorex\n|\n|t:|1700543491\n|start\n|switch|p1a: Sylveon|Sylveon, L50, F|100\/100\n|switch|p1b: Grimmsnarl|Grimmsnarl, L50, M|100\/100\n|switch|p2a: Roaring Moon|Roaring Moon, L50, shiny|100\/100\n|switch|p2b: Iron Hands|Iron Hands, L50, shiny|100\/100\n|-enditem|p2a: Roaring Moon|Booster Energy\n|-activate|p2a: Roaring Moon|ability: Protosynthesis|[fromitem]\n|-start|p2a: Roaring Moon|protosynthesisspe\n|turn|1\n|inactive|It\u2019sJustKen VGC has 30 seconds left.\n|inactive|It\u2019sJustKen VGC has 20 seconds left.\n|\n|t:|1700543527\n|switch|p1a: Gyarados|Gyarados, L50, F|100\/100\n|-ability|p1a: Gyarados|Intimidate|boost\n|-unboost|p2a: Roaring Moon|atk|1\n|-unboost|p2b: Iron Hands|atk|1\n|-terastallize|p2a: Roaring Moon|Flying\n|move|p2b: Iron Hands|Fake Out|p1a: Gyarados\n|-damage|p1a: Gyarados|86\/100\n|move|p1b: Grimmsnarl|Parting Shot|p2b: Iron Hands\n|-unboost|p2b: Iron Hands|atk|1\n|-unboost|p2b: Iron Hands|spa|1\n|\n|t:|1700543538\n|switch|p1b: Sylveon|Sylveon, L50, F|100\/100|[from] Parting Shot\n|move|p2a: Roaring Moon|Acrobatics|p1a: Gyarados\n|-damage|p1a: Gyarados|35\/100\n|\n|upkeep\n|turn|2\n|\n|t:|1700543560\n|-end|p2b: Iron Hands|Quark Drive|[silent]\n|switch|p2b: Ogerpon|Ogerpon-Wellspring, L50, F|100\/100\n|-terastallize|p1b: Sylveon|Water\n|move|p2a: Roaring Moon|Acrobatics|p1a: Gyarados\n|-damage|p1a: Gyarados|0 fnt\n|faint|p1a: Gyarados\n|move|p1b: Sylveon|Hyper Voice|p2a: Roaring Moon|[spread] p2a,p2b\n|-damage|p2a: Roaring Moon|42\/100\n|-damage|p2b: Ogerpon|44\/100\n|\n|upkeep\n|\n|t:|1700543571\n|switch|p1a: Grimmsnarl|Grimmsnarl, L50, M|100\/100\n|turn|3\n|\n|t:|1700543596\n|-end|p2a: Roaring Moon|Protosynthesis|[silent]\n|switch|p2a: Landorus|Landorus-Therian, L50, M, shiny|100\/100\n|-ability|p2a: Landorus|Intimidate|boost\n|-unboost|p1a: Grimmsnarl|atk|1\n|-unboost|p1b: Sylveon|atk|1\n|switch|p1b: Kingambit|Kingambit, L50, F|100\/100\n|move|p2b: Ogerpon|Spiky Shield|p2b: Ogerpon\n|-singleturn|p2b: Ogerpon|move: Protect\n|move|p1a: Grimmsnarl|Reflect|p1a: Grimmsnarl\n|-sidestart|p1: It\u2019sJustKen VGC|Reflect\n|\n|upkeep\n|turn|4\n|\n|t:|1700543613\n|move|p2b: Ogerpon|Follow Me|p2b: Ogerpon\n|-singleturn|p2b: Ogerpon|move: Follow Me\n|move|p1a: Grimmsnarl|Parting Shot|p2b: Ogerpon\n|-unboost|p2b: Ogerpon|atk|1\n|-unboost|p2b: Ogerpon|spa|1\n|\n|t:|1700543617\n|switch|p1a: Sylveon|Sylveon, L50, F, tera:Water|100\/100|[from] Parting Shot\n|move|p2a: Landorus|Stomping Tantrum|p1b: Kingambit\n|-supereffective|p1b: Kingambit\n|-crit|p1b: Kingambit\n|-damage|p1b: Kingambit|0 fnt\n|faint|p1b: Kingambit\n|\n|upkeep\n|\n|t:|1700543622\n|switch|p1b: Grimmsnarl|Grimmsnarl, L50, M|100\/100\n|turn|5\n|\n|t:|1700543631\n|move|p2b: Ogerpon|Follow Me|p2b: Ogerpon\n|-singleturn|p2b: Ogerpon|move: Follow Me\n|move|p1b: Grimmsnarl|Parting Shot|p2b: Ogerpon\n|-unboost|p2b: Ogerpon|atk|1\n|-unboost|p2b: Ogerpon|spa|1\n|move|p2a: Landorus|Stomping Tantrum|p1a: Sylveon\n|-damage|p1a: Sylveon|65\/100\n|move|p1a: Sylveon|Hyper Voice|p2a: Landorus|[spread] p2a,p2b\n|-damage|p2a: Landorus|26\/100\n|-damage|p2b: Ogerpon|0 fnt\n|faint|p2b: Ogerpon\n|\n|upkeep\n|\n|t:|1700543646\n|switch|p2b: Iron Hands|Iron Hands, L50, shiny|100\/100\n|turn|6\n|\n|t:|1700543660\n|move|p2a: Landorus|Stomping Tantrum|p1b: Grimmsnarl\n|-damage|p1b: Grimmsnarl|75\/100\n|move|p1a: Sylveon|Hyper Voice|p2a: Landorus|[spread] p2a,p2b\n|-supereffective|p2b: Iron Hands\n|-damage|p2a: Landorus|0 fnt\n|-damage|p2b: Iron Hands|40\/100\n|faint|p2a: Landorus\n|move|p1b: Grimmsnarl|Spirit Break|p2b: Iron Hands\n|-supereffective|p2b: Iron Hands\n|-damage|p2b: Iron Hands|0 fnt\n|faint|p2b: Iron Hands\n|-end|p2b: Iron Hands|Quark Drive|[silent]\n|\n|upkeep\n|\n|t:|1700543671\n|switch|p2b: Roaring Moon|Roaring Moon, L50, shiny, tera:Flying|42\/100\n|turn|7\n|\n|t:|1700543677\n|move|p1b: Grimmsnarl|Parting Shot|p2b: Roaring Moon\n|-unboost|p2b: Roaring Moon|atk|1\n|-unboost|p2b: Roaring Moon|spa|1\n|move|p2b: Roaring Moon|Acrobatics|p1a: Sylveon\n|-damage|p1a: Sylveon|34\/100\n|move|p1a: Sylveon|Hyper Voice|p2b: Roaring Moon\n|-damage|p2b: Roaring Moon|0 fnt\n|faint|p2b: Roaring Moon\n|-end|p2b: Roaring Moon|Protosynthesis|[silent]\n|\n|win|It\u2019sJustKen VGC\n|raw|It\u2019sJustKen VGC's rating: 1451 &rarr; <strong>1466<\/strong><br \/>(+15 for winning)\n|raw|Delta1O7's rating: 1367 &rarr; <strong>1352<\/strong><br \/>(-15 for losing)\n","uploadtime":1700543691,"views":6,"p1id":"itsjustkenvgc","p2id":"delta1o7","formatid":"gen9vgc2023regulatione","rating":1352,"private":0,"password":""}