{"id":"gen9vgc2023regulatione-1991481198","p1":"rennui-","p2":"kojiminori1","format":"[Gen 9] VGC 2023 Regulation E","log":"|j|\u2606rennui-\n|j|\u2606kojiminori1\n|t:|1700080889\n|gametype|doubles\n|player|p1|rennui-|erika|1589\n|player|p2|kojiminori1|265|1656\n|teamsize|p1|6\n|teamsize|p2|6\n|gen|9\n|tier|[Gen 9] VGC 2023 Regulation E\n|rated|\n|rule|Species Clause: Limit one of each Pok\u00e9mon\n|rule|Item Clause: Limit one of each item\n|clearpoke\n|poke|p1|Flutter Mane, L50|\n|poke|p1|Chi-Yu, L50|\n|poke|p1|Torkoal, L50, M|\n|poke|p1|Ogerpon-Wellspring, L50, F|\n|poke|p1|Farigiraf, L50, F|\n|poke|p1|Iron Hands, L50|\n|poke|p2|Iron Bundle, L50|\n|poke|p2|Regieleki, L50|\n|poke|p2|Urshifu-*, L50, M|\n|poke|p2|Ogerpon-Hearthflame, L50, F|\n|poke|p2|Rillaboom, L50, M|\n|poke|p2|Landorus, L50, M|\n|teampreview|4\n|inactive|Battle timer is ON: inactive players will automatically lose when time's up. (requested by kojiminori1)\nrennui- has agreed to open team sheets.\n|j| Ziren_13\n|inactive|rennui- has 60 seconds left.\n|\n|t:|1700080923\n|start\n|switch|p1a: Farigiraf|Farigiraf, L50, F, shiny|100\/100\n|switch|p1b: Iron Hands|Iron Hands, L50|100\/100\n|switch|p2a: Urshifu|Urshifu, L50, M|100\/100\n|switch|p2b: Ogerpon|Ogerpon-Hearthflame, L50, F|100\/100\n|-ability|p2b: Ogerpon|Mold Breaker\n|turn|1\n|\n|t:|1700080946\n|-terastallize|p2b: Ogerpon|Fire\n|detailschange|p2b: Ogerpon|Ogerpon-Hearthflame-Tera, L50, F, tera:Fire\n|-ability|p2b: Ogerpon|Embody Aspect (Hearthflame)|boost\n|-boost|p2b: Ogerpon|atk|1\n|-terastallize|p1a: Farigiraf|Fairy\n|move|p1b: Iron Hands|Fake Out|p2b: Ogerpon\n|-damage|p2b: Ogerpon|80\/100\n|cant|p2b: Ogerpon|flinch\n|move|p2a: Urshifu|Wicked Blow|p1a: Farigiraf\n|-resisted|p1a: Farigiraf\n|-crit|p1a: Farigiraf\n|-damage|p1a: Farigiraf|68\/100\n|move|p1a: Farigiraf|Trick Room|p1a: Farigiraf\n|-fieldstart|move: Trick Room|[of] p1a: Farigiraf\n|\n|upkeep\n|turn|2\n|inactive|rennui- has 30 seconds left.\n|inactive|kojiminori1 has 30 seconds left.\n|\n|t:|1700080975\n|move|p2a: Urshifu|Detect|p2a: Urshifu\n|-singleturn|p2a: Urshifu|Protect\n|move|p1b: Iron Hands|Wild Charge|p2b: Ogerpon\n|-damage|p2b: Ogerpon|10\/100\n|-damage|p1b: Iron Hands|89\/100|[from] Recoil\n|move|p1a: Farigiraf|Dazzling Gleam|p2a: Urshifu|[spread] p2b\n|-activate|p2a: Urshifu|move: Protect\n|-resisted|p2b: Ogerpon\n|-damage|p2b: Ogerpon|0 fnt\n|faint|p2b: Ogerpon\n|\n|upkeep\n|\n|t:|1700080991\n|switch|p2b: Rillaboom|Rillaboom, L50, M|100\/100\n|-fieldstart|move: Grassy Terrain|[from] ability: Grassy Surge|[of] p2b: Rillaboom\n|turn|3\n|\n|t:|1700081009\n|switch|p2a: Landorus|Landorus, L50, M|100\/100\n|move|p1b: Iron Hands|Drain Punch|p2a: Landorus\n|-resisted|p2a: Landorus\n|-damage|p2a: Landorus|74\/100\n|-heal|p1b: Iron Hands|98\/100|[from] drain|[of] p2a: Landorus\n|move|p1a: Farigiraf|Dazzling Gleam|p2b: Rillaboom|[spread] p2a,p2b\n|-damage|p2a: Landorus|43\/100\n|-damage|p2b: Rillaboom|81\/100\n|move|p2b: Rillaboom|Wood Hammer|p1a: Farigiraf\n|-damage|p1a: Farigiraf|0 fnt\n|faint|p1a: Farigiraf\n|-damage|p2b: Rillaboom|58\/100|[from] Recoil\n|\n|-heal|p1b: Iron Hands|100\/100|[from] Grassy Terrain\n|-heal|p2b: Rillaboom|64\/100|[from] Grassy Terrain\n|upkeep\n|\n|t:|1700081013\n|switch|p1a: Torkoal|Torkoal, L50, M, shiny|100\/100\n|-weather|SunnyDay|[from] ability: Drought|[of] p1a: Torkoal\n|turn|4\n|j| dopelover\n|inactive|kojiminori1 has 30 seconds left.\n|l| dopelover\n|inactive|kojiminori1 has 20 seconds left.\n|\n|t:|1700081048\n|-end|p1b: Iron Hands|Quark Drive|[silent]\n|switch|p1b: Chi-Yu|Chi-Yu, L50|100\/100\n|-ability|p1b: Chi-Yu|Beads of Ruin\n|move|p2a: Landorus|Protect|p2a: Landorus\n|-singleturn|p2a: Landorus|Protect\n|move|p2b: Rillaboom|Grassy Glide|p1b: Chi-Yu\n|-resisted|p1b: Chi-Yu\n|-damage|p1b: Chi-Yu|75\/100\n|move|p1a: Torkoal|Eruption|p2b: Rillaboom|[spread] p2b\n|-activate|p2a: Landorus|move: Protect\n|-supereffective|p2b: Rillaboom\n|-damage|p2b: Rillaboom|0 fnt\n|faint|p2b: Rillaboom\n|\n|-weather|SunnyDay|[upkeep]\n|-heal|p1b: Chi-Yu|81\/100|[from] Grassy Terrain\n|upkeep\n|j| previouslyunnamed\n|\n|t:|1700081066\n|switch|p2b: Urshifu|Urshifu, L50, M|100\/100\n|turn|5\n|\n|t:|1700081074\n|move|p2a: Landorus|Protect|p2a: Landorus\n|-singleturn|p2a: Landorus|Protect\n|move|p1a: Torkoal|Eruption|p2a: Landorus|[spread] p2b\n|-activate|p2a: Landorus|move: Protect\n|-enditem|p2b: Urshifu|Focus Sash\n|-damage|p2b: Urshifu|1\/100\n|move|p1b: Chi-Yu|Heat Wave|p2b: Urshifu|[spread] p2b\n|-activate|p2a: Landorus|move: Protect\n|-damage|p2b: Urshifu|0 fnt\n|faint|p2b: Urshifu\n|-damage|p1b: Chi-Yu|71\/100|[from] item: Life Orb\n|\n|-weather|SunnyDay|[upkeep]\n|-heal|p1b: Chi-Yu|77\/100|[from] Grassy Terrain\n|-fieldend|move: Trick Room\n|upkeep\n|turn|6\n|c| previouslyunnamed|bro dropped hard\n|\n|t:|1700081093\n|move|p1b: Chi-Yu|Protect|p1b: Chi-Yu\n|-singleturn|p1b: Chi-Yu|Protect\n|move|p2a: Landorus|Earth Power|p1a: Torkoal\n|-supereffective|p1a: Torkoal\n|-damage|p1a: Torkoal|0 fnt\n|faint|p1a: Torkoal\n|\n|-weather|SunnyDay|[upkeep]\n|-heal|p1b: Chi-Yu|83\/100|[from] Grassy Terrain\n|upkeep\n|\n|t:|1700081097\n|switch|p1a: Iron Hands|Iron Hands, L50|100\/100\n|turn|7\n|\n|t:|1700081105\n|move|p2a: Landorus|Protect|p2a: Landorus\n|-singleturn|p2a: Landorus|Protect\n|move|p1a: Iron Hands|Fake Out|p2a: Landorus\n|-activate|p2a: Landorus|move: Protect\n|move|p1b: Chi-Yu|Dark Pulse|p2a: Landorus\n|-activate|p2a: Landorus|move: Protect\n|\n|-weather|SunnyDay|[upkeep]\n|-heal|p1b: Chi-Yu|89\/100|[from] Grassy Terrain\n|-fieldend|move: Grassy Terrain\n|upkeep\n|turn|8\n|\n|t:|1700081117\n|move|p2a: Landorus|Earth Power|p1b: Chi-Yu\n|-supereffective|p1b: Chi-Yu\n|-damage|p1b: Chi-Yu|0 fnt\n|faint|p1b: Chi-Yu\n|move|p1a: Iron Hands|Drain Punch|p2a: Landorus\n|-resisted|p2a: Landorus\n|-damage|p2a: Landorus|15\/100\n|\n|-weather|none\n|upkeep\n|turn|9\n|\n|t:|1700081126\n|move|p2a: Landorus|Earth Power|p1a: Iron Hands\n|-supereffective|p1a: Iron Hands\n|-damage|p1a: Iron Hands|10\/100\n|move|p1a: Iron Hands|Drain Punch|p2a: Landorus\n|-resisted|p2a: Landorus\n|-damage|p2a: Landorus|0 fnt\n|-heal|p1a: Iron Hands|15\/100|[from] drain|[of] p2a: Landorus\n|faint|p2a: Landorus\n|\n|win|rennui-\n|raw|rennui-'s rating: 1589 &rarr; <strong>1613<\/strong><br \/>(+24 for winning)\n|raw|kojiminori1's rating: 1656 &rarr; <strong>1632<\/strong><br \/>(-24 for losing)\n|l|\u2606kojiminori1\n","uploadtime":1700081142,"views":23,"p1id":"rennui","p2id":"kojiminori1","formatid":"gen9vgc2023regulatione","rating":1613,"private":0,"password":""}