{"id":"gen9vgc2023regulatione-1999036905","p1":"5wamp","p2":"Pauliet456","format":"[Gen 9] VGC 2023 Regulation E","log":"|j|\u26065wamp\n|j|\u2606Pauliet456\n|t:|1701026397\n|gametype|doubles\n|player|p1|5wamp|carmine-festival|1607\n|player|p2|Pauliet456|265|1578\n|teamsize|p1|6\n|teamsize|p2|6\n|gen|9\n|tier|[Gen 9] VGC 2023 Regulation E\n|rated|\n|rule|Species Clause: Limit one of each Pok\u00e9mon\n|rule|Item Clause: Limit one of each item\n|clearpoke\n|poke|p1|Urshifu-*, L50, M|\n|poke|p1|Gholdengo, L50|\n|poke|p1|Armarouge, L50, F|\n|poke|p1|Basculegion, L50, M|\n|poke|p1|Indeedee-F, L50, F|\n|poke|p1|Tornadus, L50, M|\n|poke|p2|Dondozo, L50, F|\n|poke|p2|Tatsugiri, L50, M|\n|poke|p2|Ninetales-Alola, L50, M|\n|poke|p2|Glimmora, L50, F|\n|poke|p2|Ogerpon-Hearthflame, L50, F|\n|poke|p2|Iron Hands, L50|\n|teampreview|4\n5wamp has agreed to open team sheets.\n|inactive|Battle timer is ON: inactive players will automatically lose when time's up. (requested by Pauliet456)\n|\n|t:|1701026421\n|start\n|switch|p1a: Olymak|Armarouge, L50, F|100\/100\n|switch|p1b: Indeedee|Indeedee-F, L50, F|100\/100\n|switch|p2a: Iron Hands|Iron Hands, L50|100\/100\n|switch|p2b: Glimmora|Glimmora, L50, F|100\/100\n|-fieldstart|move: Psychic Terrain|[from] ability: Psychic Surge|[of] p1b: Indeedee\n|turn|1\n|j| Braindeadmeta\n|\n|t:|1701026430\n|move|p1b: Indeedee|Follow Me|p1b: Indeedee\n|-singleturn|p1b: Indeedee|move: Follow Me\n|move|p1a: Olymak|Expanding Force|p2a: Iron Hands|[spread] p2a,p2b\n|-supereffective|p2a: Iron Hands\n|-supereffective|p2b: Glimmora\n|-damage|p2a: Iron Hands|39\/100\n|-enditem|p2b: Glimmora|Focus Sash\n|-damage|p2b: Glimmora|1\/100\n|move|p2b: Glimmora|Mortal Spin|p1b: Indeedee|[spread] p1a,p1b\n|-damage|p1a: Olymak|95\/100\n|-damage|p1b: Indeedee|95\/100\n|-status|p1a: Olymak|psn\n|-status|p1b: Indeedee|psn\n|-damage|p2b: Glimmora|0 fnt|[from] item: Rocky Helmet|[of] p1b: Indeedee\n|-ability|p1a: Olymak|Weak Armor|boost\n|-unboost|p1a: Olymak|def|1\n|-boost|p1a: Olymak|spe|2\n|faint|p2b: Glimmora\n|move|p2a: Iron Hands|Wild Charge|p1b: Indeedee\n|-damage|p1b: Indeedee|49\/100 psn\n|-damage|p2a: Iron Hands|23\/100|[from] item: Rocky Helmet|[of] p1b: Indeedee\n|-damage|p2a: Iron Hands|14\/100|[from] Recoil\n|\n|-damage|p1a: Olymak|82\/100 psn|[from] psn\n|-damage|p1b: Indeedee|37\/100 psn|[from] psn\n|upkeep\n|\n|t:|1701026444\n|switch|p2b: Dondozo|Dondozo, L50, F|100\/100\n|turn|2\n|\n|t:|1701026449\n|move|p1b: Indeedee|Helping Hand|p1a: Olymak\n|-singleturn|p1a: Olymak|Helping Hand|[of] p1b: Indeedee\n|move|p2b: Dondozo|Protect|p2b: Dondozo\n|-singleturn|p2b: Dondozo|Protect\n|move|p1a: Olymak|Expanding Force|p2b: Dondozo|[spread] p2a\n|-activate|p2b: Dondozo|move: Protect\n|-supereffective|p2a: Iron Hands\n|-damage|p2a: Iron Hands|0 fnt\n|faint|p2a: Iron Hands\n|-end|p2a: Iron Hands|Quark Drive|[silent]\n|\n|-damage|p1a: Olymak|70\/100 psn|[from] psn\n|-damage|p1b: Indeedee|24\/100 psn|[from] psn\n|upkeep\n|\n|t:|1701026452\n|switch|p2a: Tatsugiri|Tatsugiri, L50, M|100\/100\n|-activate|p2a: Tatsugiri|ability: Commander|[of] p2b: Dondozo\n|-boost|p2b: Dondozo|atk|2\n|-boost|p2b: Dondozo|spa|2\n|-boost|p2b: Dondozo|spe|2\n|-boost|p2b: Dondozo|def|2\n|-boost|p2b: Dondozo|spd|2\n|turn|3\n|\n|t:|1701026460\n|-terastallize|p2b: Dondozo|Dragon\n|move|p1b: Indeedee|Helping Hand|p1a: Olymak\n|-singleturn|p1a: Olymak|Helping Hand|[of] p1b: Indeedee\n|move|p1a: Olymak|Expanding Force|p2b: Dondozo|[spread] p2b\n|-miss|p1a: Olymak|p2a: Tatsugiri\n|-damage|p2b: Dondozo|48\/100\n|move|p2b: Dondozo|Earthquake|p1a: Olymak|[spread] p1a,p1b\n|-miss|p2b: Dondozo|p2a: Tatsugiri\n|-supereffective|p1a: Olymak\n|-damage|p1a: Olymak|0 fnt\n|-damage|p1b: Indeedee|0 fnt\n|faint|p1a: Olymak\n|faint|p1b: Indeedee\n|\n|-heal|p2b: Dondozo|54\/100|[from] item: Leftovers\n|upkeep\n|\n|t:|1701026470\n|switch|p1a: Urshifu|Urshifu, L50, M|100\/100\n|switch|p1b: Basculegion|Basculegion, L50, M|100\/100\n|turn|4\n|\n|t:|1701026481\n|move|p1b: Basculegion|Last Respects|p2b: Dondozo\n|-damage|p2b: Dondozo|24\/100\n|move|p2b: Dondozo|Order Up|p1a: Urshifu\n|-damage|p1a: Urshifu|17\/100\n|-boost|p2b: Dondozo|atk|1\n|move|p1a: Urshifu|Wicked Blow|p2b: Dondozo\n|-crit|p2b: Dondozo\n|-damage|p2b: Dondozo|0 fnt\n|faint|p2b: Dondozo\n|\n|upkeep\n|turn|5\n|c|\u26065wamp|gg\n|\n|t:|1701026494\n|-terastallize|p1b: Basculegion|Steel\n|move|p2a: Tatsugiri|Muddy Water|p1a: Urshifu|[spread] p1a,p1b\n|-damage|p1a: Urshifu|0 fnt\n|-damage|p1b: Basculegion|65\/100\n|faint|p1a: Urshifu\n|move|p1b: Basculegion|Last Respects|p2a: Tatsugiri\n|-damage|p2a: Tatsugiri|0 fnt\n|faint|p2a: Tatsugiri\n|\n|win|5wamp\n|raw|5wamp's rating: 1607 &rarr; <strong>1625<\/strong><br \/>(+18 for winning)\n|raw|Pauliet456's rating: 1578 &rarr; <strong>1560<\/strong><br \/>(-18 for losing)\n|l|\u2606Pauliet456\n|l| Braindeadmeta\n","uploadtime":1701026502,"views":7,"p1id":"5wamp","p2id":"pauliet456","formatid":"gen9vgc2023regulatione","rating":1560,"private":0,"password":""}