{"id":"gen9vgc2023regulatione-1993027069","p1":"MigraineMan","p2":"BoyDLH","format":"[Gen 9] VGC 2023 Regulation E","log":"|j|\u203dMigraineMan\n|j|\u2606BoyDLH\n|t:|1700256841\n|gametype|doubles\n|player|p1|MigraineMan|emmet|1365\n|player|p2|BoyDLH|skyla|1333\n|teamsize|p1|6\n|teamsize|p2|6\n|gen|9\n|tier|[Gen 9] VGC 2023 Regulation E\n|rated|\n|rule|Species Clause: Limit one of each Pok\u00e9mon\n|rule|Item Clause: Limit one of each item\n|clearpoke\n|poke|p1|Annihilape, L50, M|\n|poke|p1|Grimmsnarl, L50, M|\n|poke|p1|Sinistcha-Masterpiece, L50|\n|poke|p1|Landorus-Therian, L50, M|\n|poke|p1|Iron Hands, L50|\n|poke|p1|Maushold-Four, L50|\n|poke|p2|Landorus, L50, M|\n|poke|p2|Tornadus, L50, M|\n|poke|p2|Urshifu-*, L50, F|\n|poke|p2|Rillaboom, L50, M|\n|poke|p2|Arcanine-Hisui, L50, F|\n|poke|p2|Farigiraf, L50, F|\n|teampreview|4\n|inactive|Battle timer is ON: inactive players will automatically lose when time's up. (requested by BoyDLH)\n|\n|t:|1700256864\n|start\n|switch|p1a: Grimmsnarl|Grimmsnarl, L50, M|100\/100\n|switch|p1b: Iron Hands|Iron Hands, L50|100\/100\n|switch|p2a: Landorus|Landorus, L50, M|100\/100\n|switch|p2b: Tornadus|Tornadus, L50, M|100\/100\n|turn|1\n|\n|t:|1700256875\n|move|p1b: Iron Hands|Fake Out|p2a: Landorus\n|-damage|p2a: Landorus|84\/100\n|move|p2b: Tornadus|Tailwind|p2b: Tornadus\n|-sidestart|p2: BoyDLH|move: Tailwind\n|move|p1a: Grimmsnarl|Light Screen|p1a: Grimmsnarl\n|-sidestart|p1: MigraineMan|move: Light Screen\n|cant|p2a: Landorus|flinch\n|\n|upkeep\n|turn|2\n|\n|t:|1700256893\n|-terastallize|p1b: Iron Hands|Water\n|move|p2b: Tornadus|Rain Dance|p2b: Tornadus\n|-weather|RainDance\n|move|p1a: Grimmsnarl|Parting Shot|p2a: Landorus\n|-unboost|p2a: Landorus|atk|1\n|-unboost|p2a: Landorus|spa|1\n|\n|t:|1700256901\n|switch|p1a: Landorus|Landorus-Therian, L50, M|100\/100|[from] Parting Shot\n|-ability|p1a: Landorus|Intimidate|boost\n|-unboost|p2a: Landorus|atk|1\n|-unboost|p2b: Tornadus|atk|1\n|move|p2a: Landorus|Sandsear Storm|p1a: Landorus|[spread] p1b\n|-immune|p1a: Landorus\n|-damage|p1b: Iron Hands|88\/100\n|move|p1b: Iron Hands|Heavy Slam|p2a: Landorus\n|-damage|p2a: Landorus|35\/100\n|\n|-weather|RainDance|[upkeep]\n|upkeep\n|turn|3\n|\n|t:|1700256925\n|move|p2a: Landorus|Protect|p2a: Landorus\n|-singleturn|p2a: Landorus|Protect\n|move|p2b: Tornadus|Bleakwind Storm|p1a: Landorus|[spread] p1a,p1b\n|-damage|p1a: Landorus|65\/100\n|-damage|p1b: Iron Hands|75\/100\n|-unboost|p1b: Iron Hands|spe|1\n|move|p1a: Landorus|Rock Slide|p2b: Tornadus|[spread] p2b\n|-activate|p2a: Landorus|move: Protect\n|-supereffective|p2b: Tornadus\n|-damage|p2b: Tornadus|29\/100\n|move|p1b: Iron Hands|Heavy Slam|p2a: Landorus\n|-activate|p2a: Landorus|move: Protect\n|\n|-weather|RainDance|[upkeep]\n|upkeep\n|turn|4\n|\n|t:|1700256951\n|switch|p2b: Rillaboom|Rillaboom, L50, M|100\/100\n|-fieldstart|move: Grassy Terrain|[from] ability: Grassy Surge|[of] p2b: Rillaboom\n|switch|p2a: Urshifu|Urshifu-Rapid-Strike, L50, F|100\/100\n|switch|p1a: Grimmsnarl|Grimmsnarl, L50, M|100\/100\n|move|p1b: Iron Hands|Heavy Slam|p2a: Urshifu\n|-resisted|p2a: Urshifu\n|-damage|p2a: Urshifu|83\/100\n|\n|-weather|RainDance|[upkeep]\n|-heal|p2a: Urshifu|89\/100|[from] Grassy Terrain\n|-heal|p1b: Iron Hands|81\/100|[from] Grassy Terrain\n|-sideend|p2: BoyDLH|move: Tailwind\n|upkeep\n|turn|5\n|\n|t:|1700256978\n|-end|p1b: Iron Hands|Quark Drive|[silent]\n|switch|p1b: Sinistcha|Sinistcha-Masterpiece, L50|100\/100\n|move|p2b: Rillaboom|Fake Out|p1a: Grimmsnarl\n|-damage|p1a: Grimmsnarl|86\/100\n|move|p2a: Urshifu|Surging Strikes|p1a: Grimmsnarl\n|-crit|p1a: Grimmsnarl\n|-damage|p1a: Grimmsnarl|54\/100\n|-crit|p1a: Grimmsnarl\n|-damage|p1a: Grimmsnarl|17\/100\n|-crit|p1a: Grimmsnarl\n|-damage|p1a: Grimmsnarl|0 fnt\n|faint|p1a: Grimmsnarl\n|-hitcount|p1: Grimmsnarl|3\n|\n|-weather|RainDance|[upkeep]\n|-heal|p2a: Urshifu|95\/100|[from] Grassy Terrain\n|upkeep\n|\n|t:|1700256983\n|switch|p1a: Iron Hands|Iron Hands, L50, tera:Water|81\/100\n|turn|6\n|\n|t:|1700256991\n|move|p2a: Urshifu|Close Combat|p1a: Iron Hands\n|-damage|p1a: Iron Hands|37\/100\n|-unboost|p2a: Urshifu|def|1\n|-unboost|p2a: Urshifu|spd|1\n|move|p2b: Rillaboom|Wood Hammer|p1a: Iron Hands\n|-supereffective|p1a: Iron Hands\n|-damage|p1a: Iron Hands|0 fnt\n|faint|p1a: Iron Hands\n|-end|p1a: Iron Hands|Quark Drive|[silent]\n|-damage|p2b: Rillaboom|86\/100|[from] Recoil\n|move|p1b: Sinistcha|Calm Mind|p1b: Sinistcha\n|-boost|p1b: Sinistcha|spa|1\n|-boost|p1b: Sinistcha|spd|1\n|\n|-weather|none\n|-heal|p2a: Urshifu|100\/100|[from] Grassy Terrain\n|-heal|p2b: Rillaboom|92\/100|[from] Grassy Terrain\n|upkeep\n|\n|t:|1700256995\n|switch|p1a: Landorus|Landorus-Therian, L50, M|65\/100\n|-ability|p1a: Landorus|Intimidate|boost\n|-unboost|p2a: Urshifu|atk|1\n|-unboost|p2b: Rillaboom|atk|1\n|turn|7\n|\n|t:|1700257010\n|move|p2a: Urshifu|Protect|p2a: Urshifu\n|-singleturn|p2a: Urshifu|Protect\n|move|p1a: Landorus|Rock Slide|p2b: Rillaboom|[spread] p2b\n|-activate|p2a: Urshifu|move: Protect\n|-damage|p2b: Rillaboom|71\/100\n|move|p2b: Rillaboom|Wood Hammer|p1a: Landorus\n|-damage|p1a: Landorus|0 fnt\n|faint|p1a: Landorus\n|-damage|p2b: Rillaboom|54\/100|[from] Recoil\n|move|p1b: Sinistcha|Matcha Gotcha|p2b: Rillaboom|[spread] p2b\n|-activate|p2a: Urshifu|move: Protect\n|-resisted|p2b: Rillaboom\n|-damage|p2b: Rillaboom|29\/100\n|-status|p2b: Rillaboom|brn\n|\n|-heal|p2b: Rillaboom|35\/100 brn|[from] Grassy Terrain\n|-damage|p2b: Rillaboom|29\/100 brn|[from] brn\n|upkeep\n|turn|8\n|\n|t:|1700257031\n|move|p2a: Urshifu|Ice Spinner|p1b: Sinistcha\n|-supereffective|p1b: Sinistcha\n|-damage|p1b: Sinistcha|68\/100\n|-fieldend|move: Grassy Terrain\n|move|p2b: Rillaboom|Wood Hammer|p1b: Sinistcha\n|-resisted|p1b: Sinistcha\n|-damage|p1b: Sinistcha|58\/100\n|-damage|p2b: Rillaboom|26\/100 brn|[from] Recoil\n|move|p1b: Sinistcha|Calm Mind|p1b: Sinistcha\n|-boost|p1b: Sinistcha|spa|1\n|-boost|p1b: Sinistcha|spd|1\n|\n|-damage|p2b: Rillaboom|20\/100 brn|[from] brn\n|-sideend|p1: MigraineMan|move: Light Screen\n|upkeep\n|turn|9\n|\n|t:|1700257053\n|switch|p2a: Landorus|Landorus, L50, M|35\/100\n|switch|p2b: Tornadus|Tornadus, L50, M|29\/100\n|move|p1b: Sinistcha|Strength Sap|p2a: Landorus\n|-unboost|p2a: Landorus|atk|1\n|-heal|p1b: Sinistcha|100\/100\n|\n|upkeep\n|turn|10\n|\n|t:|1700257066\n|move|p2b: Tornadus|Taunt|p1b: Sinistcha\n|-start|p1b: Sinistcha|move: Taunt\n|move|p2a: Landorus|Sludge Bomb|p1b: Sinistcha\n|-damage|p1b: Sinistcha|79\/100\n|move|p1b: Sinistcha|Matcha Gotcha|p2a: Landorus|[spread] p2a,p2b\n|-resisted|p2b: Tornadus\n|-crit|p2b: Tornadus\n|-damage|p2a: Landorus|0 fnt\n|-heal|p1b: Sinistcha|97\/100|[from] drain|[of] p2a: Landorus\n|-damage|p2b: Tornadus|0 fnt\n|-heal|p1b: Sinistcha|100\/100|[from] drain|[of] p2b: Tornadus\n|faint|p2a: Landorus\n|faint|p2b: Tornadus\n|\n|upkeep\n|\n|t:|1700257075\n|switch|p2b: Rillaboom|Rillaboom, L50, M|20\/100 brn\n|switch|p2a: Urshifu|Urshifu-Rapid-Strike, L50, F|100\/100\n|-fieldstart|move: Grassy Terrain|[from] ability: Grassy Surge|[of] p2b: Rillaboom\n|turn|11\n|\n|t:|1700257090\n|-terastallize|p2b: Rillaboom|Grass\n|move|p2a: Urshifu|Ice Spinner|p1b: Sinistcha\n|-supereffective|p1b: Sinistcha\n|-damage|p1b: Sinistcha|52\/100\n|-fieldend|move: Grassy Terrain\n|move|p2b: Rillaboom|Wood Hammer|p1b: Sinistcha\n|-resisted|p1b: Sinistcha\n|-damage|p1b: Sinistcha|31\/100\n|-damage|p2b: Rillaboom|13\/100 brn|[from] Recoil\n|move|p1b: Sinistcha|Matcha Gotcha|p2a: Urshifu|[spread] p2a\n|-miss|p1b: Sinistcha|p2b: Rillaboom\n|-supereffective|p2a: Urshifu\n|-damage|p2a: Urshifu|0 fnt\n|-heal|p1b: Sinistcha|80\/100|[from] drain|[of] p2a: Urshifu\n|faint|p2a: Urshifu\n|\n|-damage|p2b: Rillaboom|7\/100 brn|[from] brn\n|upkeep\n|turn|12\n|-message|BoyDLH forfeited.\n|\n|win|MigraineMan\n|raw|MigraineMan's rating: 1365 &rarr; <strong>1383<\/strong><br \/>(+18 for winning)\n|raw|BoyDLH's rating: 1333 &rarr; <strong>1315<\/strong><br \/>(-18 for losing)\n|l|\u2606BoyDLH\n","uploadtime":1700257105,"views":19,"p1id":"migraineman","p2id":"boydlh","formatid":"gen9vgc2023regulatione","rating":1315,"private":0,"password":""}