{"id":"gen9vgc2023regulatione-1996438401","p1":"michel jaxson","p2":"AXELLARAROBERTO","format":"[Gen 9] VGC 2023 Regulation E","log":"|j|\u2606michel jaxson\n|j|\u2606AXELLARAROBERTO\n|t:|1700682034\n|gametype|doubles\n|player|p1|michel jaxson|102|1088\n|player|p2|AXELLARAROBERTO|170|1029\n|teamsize|p1|6\n|teamsize|p2|6\n|gen|9\n|tier|[Gen 9] VGC 2023 Regulation E\n|rated|\n|rule|Species Clause: Limit one of each Pok\u00e9mon\n|rule|Item Clause: Limit one of each item\n|clearpoke\n|poke|p1|Flutter Mane, L50|\n|poke|p1|Iron Hands, L50|\n|poke|p1|Landorus-Therian, L50, M|\n|poke|p1|Urshifu-*, L50, M|\n|poke|p1|Chien-Pao, L50|\n|poke|p1|Dragonite, L50, M|\n|poke|p2|Torterra, L50, F|\n|poke|p2|Sinistcha, L50|\n|poke|p2|Grumpig, L50, F|\n|poke|p2|Talonflame, L50, M|\n|poke|p2|Ursaluna-Bloodmoon, L50, M|\n|poke|p2|Indeedee-F, L50, F|\n|teampreview|4\n|inactive|Battle timer is ON: inactive players will automatically lose when time's up. (requested by michel jaxson)\n|\n|t:|1700682061\n|start\n|switch|p1a: Chien-Pao|Chien-Pao, L50|100\/100\n|switch|p1b: Dragonite|Dragonite, L50, M|100\/100\n|switch|p2a: Indeedee|Indeedee-F, L50, F, shiny|100\/100\n|switch|p2b: Grumpig|Grumpig, L50, F, shiny|100\/100\n|-ability|p1a: Chien-Pao|Sword of Ruin\n|-fieldstart|move: Psychic Terrain|[from] ability: Psychic Surge|[of] p2a: Indeedee\n|-enditem|p2a: Indeedee|Psychic Seed\n|-boost|p2a: Indeedee|spd|1|[from] item: Psychic Seed\n|turn|1\n|inactive|michel jaxson has 30 seconds left.\n|\n|t:|1700682086\n|-terastallize|p1b: Dragonite|Normal\n|move|p1b: Dragonite|Extreme Speed|p2b: Grumpig\n|-activate|p2b: Grumpig|move: Psychic Terrain\n|move|p2a: Indeedee|Follow Me|p2a: Indeedee\n|-singleturn|p2a: Indeedee|move: Follow Me\n|move|p1a: Chien-Pao|Lash Out|p2a: Indeedee\n|-supereffective|p2a: Indeedee\n|-damage|p2a: Indeedee|6\/100\n|move|p2b: Grumpig|Trick Room|p2b: Grumpig\n|-fieldstart|move: Trick Room|[of] p2b: Grumpig\n|\n|upkeep\n|turn|2\n|\n|t:|1700682105\n|switch|p1b: Landorus|Landorus-Therian, L50, M|100\/100\n|-ability|p1b: Landorus|Intimidate|boost\n|-unboost|p2a: Indeedee|atk|1\n|-unboost|p2b: Grumpig|atk|1\n|move|p2a: Indeedee|Follow Me|p2a: Indeedee\n|-singleturn|p2a: Indeedee|move: Follow Me\n|move|p2b: Grumpig|Dazzling Gleam|p1b: Landorus|[spread] p1a,p1b\n|-supereffective|p1a: Chien-Pao\n|-damage|p1a: Chien-Pao|59\/100\n|-damage|p1b: Landorus|84\/100\n|move|p1a: Chien-Pao|Lash Out|p2a: Indeedee\n|-supereffective|p2a: Indeedee\n|-damage|p2a: Indeedee|0 fnt\n|faint|p2a: Indeedee\n|\n|upkeep\n|\n|t:|1700682120\n|switch|p2a: Ursaluna|Ursaluna-Bloodmoon, L50, M|100\/100\n|turn|3\n|\n|t:|1700682137\n|switch|p1a: Flutter Mane|Flutter Mane, L50|100\/100\n|-terastallize|p2a: Ursaluna|Fairy\n|move|p2a: Ursaluna|Calm Mind|p2a: Ursaluna\n|-boost|p2a: Ursaluna|spa|1\n|-boost|p2a: Ursaluna|spd|1\n|move|p2b: Grumpig|Simple Beam|p2a: Ursaluna\n|-endability|p2a: Ursaluna|Mind's Eye|[from] move: Simple Beam\n|-ability|p2a: Ursaluna|Simple|[from] move: Simple Beam\n|move|p1b: Landorus|U-turn|p2b: Grumpig\n|-supereffective|p2b: Grumpig\n|-damage|p2b: Grumpig|47\/100\n|\n|t:|1700682153\n|switch|p1b: Chien-Pao|Chien-Pao, L50|59\/100|[from] U-turn\n|-ability|p1b: Chien-Pao|Sword of Ruin\n|\n|upkeep\n|turn|4\n|\n|t:|1700682165\n|move|p2a: Ursaluna|Hyper Voice|p1a: Flutter Mane|[spread] p1b\n|-immune|p1a: Flutter Mane\n|-damage|p1b: Chien-Pao|0 fnt\n|faint|p1b: Chien-Pao\n|-enditem|p2a: Ursaluna|Throat Spray\n|-boost|p2a: Ursaluna|spa|2|[from] item: Throat Spray\n|move|p2b: Grumpig|Dazzling Gleam|p1a: Flutter Mane\n|-damage|p1a: Flutter Mane|84\/100\n|move|p1a: Flutter Mane|Dazzling Gleam|p2b: Grumpig|[spread] p2a,p2b\n|-damage|p2a: Ursaluna|69\/100\n|-damage|p2b: Grumpig|7\/100\n|\n|upkeep\n|\n|t:|1700682177\n|switch|p1b: Landorus|Landorus-Therian, L50, M|84\/100\n|-ability|p1b: Landorus|Intimidate|boost\n|-unboost|p2a: Ursaluna|atk|2\n|-unboost|p2b: Grumpig|atk|1\n|turn|5\n|\n|t:|1700682197\n|move|p2a: Ursaluna|Hyper Voice|p1a: Flutter Mane|[spread] p1b\n|-immune|p1a: Flutter Mane\n|-damage|p1b: Landorus|0 fnt\n|faint|p1b: Landorus\n|move|p2b: Grumpig|Dazzling Gleam|p1a: Flutter Mane\n|-damage|p1a: Flutter Mane|64\/100\n|move|p1a: Flutter Mane|Dazzling Gleam|p2b: Grumpig|[spread] p2a,p2b\n|-damage|p2a: Ursaluna|33\/100\n|-damage|p2b: Grumpig|0 fnt\n|faint|p2b: Grumpig\n|\n|-fieldend|move: Trick Room\n|-fieldend|move: Psychic Terrain\n|upkeep\n|\n|t:|1700682211\n|switch|p1b: Dragonite|Dragonite, L50, M, tera:Normal|100\/100\n|switch|p2b: Sinistcha|Sinistcha, L50, shiny|100\/100\n|-heal|p2a: Ursaluna|58\/100|[from] ability: Hospitality|[of] p2b: Sinistcha\n|turn|6\n|\n|t:|1700682226\n|move|p2a: Ursaluna|Protect|p2a: Ursaluna\n|-singleturn|p2a: Ursaluna|Protect\n|move|p1b: Dragonite|Extreme Speed|p2a: Ursaluna\n|-activate|p2a: Ursaluna|move: Protect\n|move|p1a: Flutter Mane|Dazzling Gleam|p2a: Ursaluna|[spread] p2b\n|-activate|p2a: Ursaluna|move: Protect\n|-damage|p2b: Sinistcha|50\/100\n|move|p2b: Sinistcha|Trick Room|p2b: Sinistcha\n|-fieldstart|move: Trick Room|[of] p2b: Sinistcha\n|\n|upkeep\n|turn|7\n|\n|t:|1700682240\n|move|p1b: Dragonite|Extreme Speed|p2a: Ursaluna\n|-damage|p2a: Ursaluna|12\/100\n|move|p2a: Ursaluna|Hyper Voice|p1b: Dragonite|[spread] p1b\n|-immune|p1a: Flutter Mane\n|-damage|p1b: Dragonite|0 fnt\n|faint|p1b: Dragonite\n|move|p2b: Sinistcha|Life Dew|p2b: Sinistcha|[spread] p2a,p2b\n|-heal|p2a: Ursaluna|37\/100\n|-heal|p2b: Sinistcha|74\/100\n|move|p1a: Flutter Mane|Dazzling Gleam|p2b: Sinistcha|[spread] p2a,p2b\n|-damage|p2a: Ursaluna|2\/100\n|-damage|p2b: Sinistcha|30\/100\n|\n|upkeep\n|turn|8\n|\n|t:|1700682258\n|move|p2a: Ursaluna|Earth Power|p1a: Flutter Mane\n|-damage|p1a: Flutter Mane|0 fnt\n|faint|p1a: Flutter Mane\n|-end|p1a: Flutter Mane|Protosynthesis|[silent]\n|\n|win|AXELLARAROBERTO\n|raw|michel jaxson's rating: 1088 &rarr; <strong>1061<\/strong><br \/>(-27 for losing)\n|raw|AXELLARAROBERTO's rating: 1029 &rarr; <strong>1071<\/strong><br \/>(+42 for winning)\n|l|\u2606michel jaxson\n","uploadtime":1700682266,"views":0,"p1id":"micheljaxson","p2id":"axellararoberto","formatid":"gen9vgc2023regulatione","rating":1061,"private":0,"password":""}