{"id":"gen9vgc2023regulatione-1990222145","p1":"bingus pokemon","p2":"olecram2102","format":"[Gen 9] VGC 2023 Regulation E","log":"|j|\u2606bingus pokemon\n|j|\u2606olecram2102\n|t:|1699939701\n|gametype|doubles\n|player|p1|bingus pokemon|rocketgruntf|1176\n|player|p2|olecram2102|2|1285\n|teamsize|p1|6\n|teamsize|p2|6\n|gen|9\n|tier|[Gen 9] VGC 2023 Regulation E\n|rated|\n|rule|Species Clause: Limit one of each Pok\u00e9mon\n|rule|Item Clause: Limit one of each item\n|clearpoke\n|poke|p1|Cresselia, L50, F|\n|poke|p1|Farigiraf, L50, M|\n|poke|p1|Dusclops, L50, M|\n|poke|p1|Ursaluna-Bloodmoon, L50, M|\n|poke|p1|Iron Hands, L50|\n|poke|p1|Urshifu-*, L50, F|\n|poke|p2|Rillaboom, L50, F|\n|poke|p2|Ninetales-Alola, L50, F|\n|poke|p2|Landorus-Therian, L50, M|\n|poke|p2|Annihilape, L50, F|\n|poke|p2|Amoonguss, L50, F|\n|poke|p2|Chi-Yu, L50|\n|teampreview|4\n|inactive|Battle timer is ON: inactive players will automatically lose when time's up. (requested by olecram2102)\n|\n|t:|1699939817\n|start\n|switch|p1a: Urshifu|Urshifu, L50, F|100\/100\n|switch|p1b: Farigiraf|Farigiraf, L50, M|100\/100\n|switch|p2a: Ninetales|Ninetales-Alola, L50, F|100\/100\n|switch|p2b: Annihilape|Annihilape, L50, F|100\/100\n|-weather|Snow|[from] ability: Snow Warning|[of] p2a: Ninetales\n|turn|1\n|inactive|bingus pokemon has 30 seconds left.\n|\n|t:|1699939842\n|switch|p1a: Cresselia|Cresselia, L50, F|100\/100\n|move|p2a: Ninetales|Aurora Veil|p2a: Ninetales\n|-sidestart|p2: olecram2102|move: Aurora Veil\n|move|p2b: Annihilape|Bulk Up|p2b: Annihilape\n|-boost|p2b: Annihilape|atk|1\n|-boost|p2b: Annihilape|def|1\n|move|p1b: Farigiraf|Nasty Plot|p1b: Farigiraf\n|-boost|p1b: Farigiraf|spa|2\n|\n|-weather|Snow|[upkeep]\n|upkeep\n|turn|2\n|inactive|olecram2102 has 30 seconds left.\n|\n|t:|1699939871\n|move|p2a: Ninetales|Blizzard|p1a: Cresselia|[spread] p1a,p1b\n|-damage|p1a: Cresselia|81\/100\n|-damage|p1b: Farigiraf|66\/100\n|move|p2b: Annihilape|Drain Punch|p1b: Farigiraf\n|-damage|p1b: Farigiraf|0 fnt\n|faint|p1b: Farigiraf\n|-damage|p2b: Annihilape|91\/100|[from] item: Life Orb\n|move|p1a: Cresselia|Trick Room|p1a: Cresselia\n|-fieldstart|move: Trick Room|[of] p1a: Cresselia\n|\n|-weather|Snow|[upkeep]\n|upkeep\n|\n|t:|1699939881\n|switch|p1b: Ursaluna|Ursaluna-Bloodmoon, L50, M|100\/100\n|turn|3\n|\n|t:|1699939904\n|switch|p2a: Amoonguss|Amoonguss, L50, F|100\/100\n|-terastallize|p1b: Ursaluna|Ghost\n|-terastallize|p2b: Annihilape|Fire\n|move|p1b: Ursaluna|Hyper Voice|p2b: Annihilape|[spread] p2a,p2b\n|-damage|p2a: Amoonguss|85\/100\n|-damage|p2b: Annihilape|62\/100\n|-enditem|p1b: Ursaluna|Throat Spray\n|-boost|p1b: Ursaluna|spa|1|[from] item: Throat Spray\n|move|p1a: Cresselia|Ice Beam|p2b: Annihilape\n|-resisted|p2b: Annihilape\n|-damage|p2b: Annihilape|57\/100\n|move|p2b: Annihilape|Drain Punch|p1b: Ursaluna\n|-immune|p1b: Ursaluna\n|\n|-weather|Snow|[upkeep]\n|-heal|p2a: Amoonguss|91\/100|[from] item: Black Sludge\n|upkeep\n|turn|4\n|inactive|bingus pokemon has 30 seconds left.\n|inactive|olecram2102 has 30 seconds left.\n|\n|t:|1699939938\n|move|p2a: Amoonguss|Rage Powder|p2a: Amoonguss\n|-singleturn|p2a: Amoonguss|move: Rage Powder\n|move|p1b: Ursaluna|Blood Moon|p2a: Amoonguss\n|-damage|p2a: Amoonguss|37\/100\n|move|p1a: Cresselia|Lunar Blessing|p1a: Cresselia|[spread] p1a,p1b\n|-heal|p1a: Cresselia|100\/100\n|move|p2b: Annihilape|Rage Fist|p1b: Ursaluna\n|-supereffective|p1b: Ursaluna\n|-damage|p1b: Ursaluna|0 fnt\n|faint|p1b: Ursaluna\n|-damage|p2b: Annihilape|47\/100|[from] item: Life Orb\n|\n|-weather|Snow|[upkeep]\n|-heal|p2a: Amoonguss|43\/100|[from] item: Black Sludge\n|upkeep\n|\n|t:|1699939947\n|switch|p1b: Urshifu|Urshifu, L50, F|100\/100\n|turn|5\n|inactive|bingus pokemon has 30 seconds left.\n|inactive|olecram2102 has 30 seconds left.\n|\n|t:|1699939973\n|move|p2a: Amoonguss|Pollen Puff|p2b: Annihilape\n|-heal|p2b: Annihilape|97\/100\n|move|p1a: Cresselia|Psychic|p2a: Amoonguss\n|-supereffective|p2a: Amoonguss\n|-damage|p2a: Amoonguss|23\/100\n|move|p1b: Urshifu|Wicked Blow|p2b: Annihilape\n|-crit|p2b: Annihilape\n|-damage|p2b: Annihilape|22\/100\n|move|p2b: Annihilape|Drain Punch|p1b: Urshifu\n|-supereffective|p1b: Urshifu\n|-damage|p1b: Urshifu|0 fnt\n|-heal|p2b: Annihilape|78\/100|[from] drain|[of] p1b: Urshifu\n|faint|p1b: Urshifu\n|-damage|p2b: Annihilape|68\/100|[from] item: Life Orb\n|\n|-weather|none\n|-heal|p2a: Amoonguss|29\/100|[from] item: Black Sludge\n|upkeep\n|turn|6\n|-message|bingus pokemon forfeited.\n|\n|win|olecram2102\n|raw|bingus pokemon's rating: 1176 &rarr; <strong>1159<\/strong><br \/>(-17 for losing)\n|raw|olecram2102's rating: 1285 &rarr; <strong>1302<\/strong><br \/>(+17 for winning)\n|l|\u2606bingus pokemon\n","uploadtime":1699939997,"views":13,"p1id":"binguspokemon","p2id":"olecram2102","formatid":"gen9vgc2023regulatione","rating":1159,"private":0,"password":""}