{"id":"gen9vgc2023regulatione-1995227566","p1":"wdytyaia","p2":"Dr Scoob","format":"[Gen 9] VGC 2023 Regulation E","log":"|j|\u2606wdytyaia\n|j|\u2606Dr Scoob\n|t:|1700537111\n|gametype|doubles\n|player|p1|wdytyaia|irida|1436\n|player|p2|Dr Scoob|266|1411\n|teamsize|p1|6\n|teamsize|p2|6\n|gen|9\n|tier|[Gen 9] VGC 2023 Regulation E\n|rated|\n|rule|Species Clause: Limit one of each Pok\u00e9mon\n|rule|Item Clause: Limit one of each item\n|clearpoke\n|poke|p1|Chien-Pao, L50|\n|poke|p1|Dragonite, L50, F|\n|poke|p1|Rillaboom, L50, M|\n|poke|p1|Heatran, L50, M|\n|poke|p1|Urshifu-*, L50, M|\n|poke|p1|Farigiraf, L50, F|\n|poke|p2|Tornadus, L50, M|\n|poke|p2|Flutter Mane, L50|\n|poke|p2|Ogerpon-Wellspring, L50, F|\n|poke|p2|Annihilape, L50, F|\n|poke|p2|Amoonguss, L50, M|\n|poke|p2|Iron Hands, L50|\n|teampreview|4\nwdytyaia has agreed to open team sheets.\n|inactive|Battle timer is ON: inactive players will automatically lose when time's up. (requested by Dr Scoob)\n|\n|t:|1700537184\n|start\n|switch|p1a: Rillaboom|Rillaboom, L50, M|100\/100\n|switch|p1b: Dragonite|Dragonite, L50, F|100\/100\n|switch|p2a: Matt 4:19|Ogerpon-Wellspring, L50, F|100\/100\n|switch|p2b: Monkey Business|Annihilape, L50, F|100\/100\n|-fieldstart|move: Grassy Terrain|[from] ability: Grassy Surge|[of] p1a: Rillaboom\n|turn|1\n|\n|t:|1700537205\n|switch|p2a: Robo Cop|Iron Hands, L50|100\/100\n|move|p2b: Monkey Business|Bulk Up|p2b: Monkey Business\n|-boost|p2b: Monkey Business|atk|1\n|-boost|p2b: Monkey Business|def|1\n|move|p1b: Dragonite|Aerial Ace|p2b: Monkey Business\n|-supereffective|p2b: Monkey Business\n|-damage|p2b: Monkey Business|35\/100\n|move|p1a: Rillaboom|Wood Hammer|p2a: Robo Cop\n|-damage|p2a: Robo Cop|45\/100\n|-damage|p1a: Rillaboom|77\/100|[from] Recoil\n|\n|-heal|p2b: Monkey Business|41\/100|[from] Grassy Terrain\n|-heal|p2b: Monkey Business|47\/100|[from] item: Leftovers\n|-heal|p1a: Rillaboom|83\/100|[from] Grassy Terrain\n|-heal|p2a: Robo Cop|51\/100|[from] Grassy Terrain\n|upkeep\n|turn|2\n|\n|t:|1700537229\n|-terastallize|p2b: Monkey Business|Fire\n|move|p1a: Rillaboom|Protect|p1a: Rillaboom\n|-singleturn|p1a: Rillaboom|Protect\n|move|p2b: Monkey Business|Rage Fist|p1a: Rillaboom\n|-activate|p1a: Rillaboom|move: Protect\n|move|p1b: Dragonite|Aerial Ace|p2b: Monkey Business\n|-damage|p2b: Monkey Business|15\/100\n|move|p2a: Robo Cop|Wild Charge|p1b: Dragonite\n|-damage|p1b: Dragonite|53\/100\n|-damage|p2a: Robo Cop|42\/100|[from] Recoil\n|\n|-heal|p2b: Monkey Business|21\/100|[from] Grassy Terrain\n|-heal|p2b: Monkey Business|27\/100|[from] item: Leftovers\n|-heal|p1a: Rillaboom|90\/100|[from] Grassy Terrain\n|-heal|p2a: Robo Cop|48\/100|[from] Grassy Terrain\n|upkeep\n|turn|3\n|inactive|wdytyaia has 30 seconds left.\n|inactive|wdytyaia has 20 seconds left.\n|inactive|wdytyaia has 15 seconds left.\n|inactive|wdytyaia has 10 seconds left.\n|\n|t:|1700537275\n|switch|p1a: Heatran|Heatran, L50, M|100\/100\n|move|p2b: Monkey Business|Drain Punch|p1a: Heatran\n|-supereffective|p1a: Heatran\n|-damage|p1a: Heatran|13\/100\n|-heal|p2b: Monkey Business|66\/100|[from] drain|[of] p1a: Heatran\n|move|p1b: Dragonite|Aerial Ace|p2b: Monkey Business\n|-damage|p2b: Monkey Business|31\/100\n|move|p2a: Robo Cop|Drain Punch|p1a: Heatran\n|-supereffective|p1a: Heatran\n|-damage|p1a: Heatran|0 fnt\n|-heal|p2a: Robo Cop|53\/100|[from] drain|[of] p1a: Heatran\n|faint|p1a: Heatran\n|\n|-heal|p2b: Monkey Business|37\/100|[from] Grassy Terrain\n|-heal|p2b: Monkey Business|43\/100|[from] item: Leftovers\n|-heal|p2a: Robo Cop|59\/100|[from] Grassy Terrain\n|upkeep\n|\n|t:|1700537287\n|switch|p1a: Chien-Pao|Chien-Pao, L50|100\/100\n|-ability|p1a: Chien-Pao|Sword of Ruin\n|turn|4\n|\n|t:|1700537303\n|-terastallize|p1a: Chien-Pao|Ghost\n|move|p1a: Chien-Pao|Sacred Sword|p2b: Monkey Business\n|-damage|p2b: Monkey Business|5\/100\n|move|p2b: Monkey Business|Rock Slide|p1b: Dragonite|[spread] p1a,p1b\n|-supereffective|p1b: Dragonite\n|-damage|p1a: Chien-Pao|62\/100\n|-damage|p1b: Dragonite|0 fnt\n|faint|p1b: Dragonite\n|move|p2a: Robo Cop|Wild Charge|p1a: Chien-Pao\n|-damage|p1a: Chien-Pao|2\/100\n|-damage|p2a: Robo Cop|49\/100|[from] Recoil\n|\n|-heal|p1a: Chien-Pao|8\/100|[from] Grassy Terrain\n|-heal|p2b: Monkey Business|11\/100|[from] Grassy Terrain\n|-heal|p2b: Monkey Business|17\/100|[from] item: Leftovers\n|-heal|p2a: Robo Cop|56\/100|[from] Grassy Terrain\n|upkeep\n|\n|t:|1700537310\n|switch|p1b: Rillaboom|Rillaboom, L50, M|90\/100\n|turn|5\n|\n|t:|1700537318\n|move|p1a: Chien-Pao|Sacred Sword|p2b: Monkey Business\n|-damage|p2b: Monkey Business|0 fnt\n|faint|p2b: Monkey Business\n|move|p1b: Rillaboom|Wood Hammer|p2a: Robo Cop\n|-damage|p2a: Robo Cop|0 fnt\n|faint|p2a: Robo Cop\n|-end|p2a: Robo Cop|Quark Drive|[silent]\n|-damage|p1b: Rillaboom|66\/100|[from] Recoil\n|\n|-heal|p1a: Chien-Pao|13\/100|[from] Grassy Terrain\n|-heal|p1b: Rillaboom|72\/100|[from] Grassy Terrain\n|-fieldend|move: Grassy Terrain\n|upkeep\n|\n|t:|1700537327\n|switch|p2b: Blow Man|Tornadus, L50, M|100\/100\n|switch|p2a: Matt 4:19|Ogerpon-Wellspring, L50, F|100\/100\n|turn|6\n|\n|t:|1700537340\n|move|p1a: Chien-Pao|Protect|p1a: Chien-Pao\n|-singleturn|p1a: Chien-Pao|Protect\n|move|p2b: Blow Man|Tailwind|p2b: Blow Man\n|-sidestart|p2: Dr Scoob|move: Tailwind\n|move|p2a: Matt 4:19|Horn Leech|p1a: Chien-Pao\n|-activate|p1a: Chien-Pao|move: Protect\n|move|p1b: Rillaboom|Wood Hammer|p2a: Matt 4:19\n|-damage|p2a: Matt 4:19|0 fnt\n|faint|p2a: Matt 4:19\n|-damage|p1b: Rillaboom|43\/100|[from] Recoil\n|\n|upkeep\n|turn|7\n|\n|t:|1700537364\n|move|p2b: Blow Man|Bleakwind Storm|p1b: Rillaboom|[spread] p1b\n|-miss|p2b: Blow Man|p1a: Chien-Pao\n|-supereffective|p1b: Rillaboom\n|-damage|p1b: Rillaboom|0 fnt\n|faint|p1b: Rillaboom\n|move|p1a: Chien-Pao|Icicle Crash|p2b: Blow Man\n|-supereffective|p2b: Blow Man\n|-damage|p2b: Blow Man|0 fnt\n|faint|p2b: Blow Man\n|\n|win|wdytyaia\n|raw|wdytyaia's rating: 1436 &rarr; <strong>1455<\/strong><br \/>(+19 for winning)\n|raw|Dr Scoob's rating: 1411 &rarr; <strong>1392<\/strong><br \/>(-19 for losing)\n|l|\u2606Dr Scoob\n","uploadtime":1700537373,"views":3,"p1id":"wdytyaia","p2id":"drscoob","formatid":"gen9vgc2023regulatione","rating":1392,"private":0,"password":""}