{"id":"gen9vgc2023regulatione-1999044122","p1":"madbluecatz","p2":"Spaghetti Test","format":"[Gen 9] VGC 2023 Regulation E","log":"|j|\u2606madbluecatz\n|j|\u2606Spaghetti Test\n|t:|1701027162\n|gametype|doubles\n|player|p1|madbluecatz|colress|1124\n|player|p2|Spaghetti Test|101|1058\n|teamsize|p1|6\n|teamsize|p2|6\n|gen|9\n|tier|[Gen 9] VGC 2023 Regulation E\n|rated|\n|rule|Species Clause: Limit one of each Pok\u00e9mon\n|rule|Item Clause: Limit one of each item\n|clearpoke\n|poke|p1|Weezing-Galar, L50, M|\n|poke|p1|Grafaiai, L50, F|\n|poke|p1|Sneasler, L50, M|\n|poke|p1|Clodsire, L50, F|\n|poke|p1|Fezandipiti, L50, M|\n|poke|p1|Ogerpon-Hearthflame, L50, F|\n|poke|p2|Tauros-Paldea-Blaze, L50, M|\n|poke|p2|Tornadus-Therian, L50, M|\n|poke|p2|Brambleghast, L50, M|\n|poke|p2|Ogerpon-Wellspring, L50, F|\n|poke|p2|Heatran, L50, F|\n|poke|p2|Flutter Mane, L50|\n|teampreview|4\nSpaghetti Test has agreed to open team sheets.\n|\n|t:|1701027191\n|start\n|switch|p1a: Weezing|Weezing-Galar, L50, M|100\/100\n|switch|p1b: Ogerpon|Ogerpon-Hearthflame, L50, F|100\/100\n|switch|p2a: Tauros|Tauros-Paldea-Blaze, L50, M|100\/100\n|switch|p2b: Tornadus|Tornadus-Therian, L50, M|100\/100\n|-ability|p1b: Ogerpon|Mold Breaker\n|-ability|p2a: Tauros|Intimidate|boost\n|-unboost|p1a: Weezing|atk|1\n|-unboost|p1b: Ogerpon|atk|1\n|-fieldstart|move: Misty Terrain|[from] ability: Misty Surge|[of] p1a: Weezing\n|turn|1\n|c|\u2606madbluecatz|oh\n|c|\u2606madbluecatz|therian tornadus\n|c|\u2606madbluecatz|first time in a month\n|\n|t:|1701027239\n|move|p1b: Ogerpon|Spiky Shield|p1b: Ogerpon\n|-singleturn|p1b: Ogerpon|move: Protect\n|move|p2b: Tornadus|Bleakwind Storm|p1a: Weezing|[spread] p1a\n|-activate|p1b: Ogerpon|move: Protect\n|-damage|p1a: Weezing|70\/100\n|move|p2a: Tauros|Raging Bull|p1b: Ogerpon\n|-activate|p1b: Ogerpon|move: Protect\n|-damage|p2a: Tauros|88\/100|[from] Spiky Shield|[of] p1b: Ogerpon\n|move|p1a: Weezing|Memento|p2a: Tauros\n|-unboost|p2a: Tauros|atk|2\n|-unboost|p2a: Tauros|spa|2\n|faint|p1a: Weezing\n|\n|upkeep\n|\n|t:|1701027256\n|switch|p1a: Grafaiai|Grafaiai, L50, F|100\/100\n|turn|2\n|\n|t:|1701027278\n|-terastallize|p1b: Ogerpon|Fire\n|detailschange|p1b: Ogerpon|Ogerpon-Hearthflame-Tera, L50, F, tera:Fire\n|-ability|p1b: Ogerpon|Embody Aspect (Hearthflame)|boost\n|-boost|p1b: Ogerpon|atk|1\n|move|p2a: Tauros|Protect|p2a: Tauros\n|-singleturn|p2a: Tauros|Protect\n|move|p1a: Grafaiai|Swagger|p1b: Ogerpon\n|-boost|p1b: Ogerpon|atk|2\n|-activate|p1b: Ogerpon|move: Misty Terrain\n|move|p2b: Tornadus|Icy Wind|p1a: Grafaiai|[spread] p1a,p1b\n|-resisted|p1b: Ogerpon\n|-damage|p1a: Grafaiai|83\/100\n|-damage|p1b: Ogerpon|93\/100\n|-unboost|p1a: Grafaiai|spe|1\n|-unboost|p1b: Ogerpon|spe|1\n|move|p1b: Ogerpon|Focus Energy|p1b: Ogerpon\n|-start|p1b: Ogerpon|move: Focus Energy\n|\n|upkeep\n|turn|3\n|\n|t:|1701027318\n|switch|p2a: Flutter Mane|Flutter Mane, L50|100\/100\n|-enditem|p2a: Flutter Mane|Booster Energy\n|-activate|p2a: Flutter Mane|ability: Protosynthesis|[fromitem]\n|-start|p2a: Flutter Mane|protosynthesisspe\n|move|p1a: Grafaiai|Encore||[still]\n|-fail|p1a: Grafaiai\n|move|p2b: Tornadus|Rain Dance|p2b: Tornadus\n|-weather|RainDance\n|move|p1b: Ogerpon|Ivy Cudgel|p2b: Tornadus|[anim] Ivy Cudgel Fire\n|-crit|p2b: Tornadus\n|-damage|p2b: Tornadus|0 fnt\n|faint|p2b: Tornadus\n|\n|-weather|RainDance|[upkeep]\n|upkeep\n|\n|t:|1701027332\n|switch|p2b: Tauros|Tauros-Paldea-Blaze, L50, M|88\/100\n|-ability|p2b: Tauros|Intimidate|boost\n|-unboost|p1a: Grafaiai|atk|1\n|-unboost|p1b: Ogerpon|atk|1\n|turn|4\n|\n|t:|1701027357\n|move|p1a: Grafaiai|Swagger|p1b: Ogerpon\n|-boost|p1b: Ogerpon|atk|2\n|-activate|p1b: Ogerpon|move: Misty Terrain\n|move|p2a: Flutter Mane|Shadow Ball|p1b: Ogerpon\n|-damage|p1b: Ogerpon|41\/100\n|move|p2b: Tauros|Body Press|p1a: Grafaiai\n|-damage|p1a: Grafaiai|40\/100\n|move|p1b: Ogerpon|Horn Leech|p2a: Flutter Mane\n|-damage|p2a: Flutter Mane|0 fnt\n|-heal|p1b: Ogerpon|83\/100|[from] drain|[of] p2a: Flutter Mane\n|faint|p2a: Flutter Mane\n|-end|p2a: Flutter Mane|Protosynthesis|[silent]\n|\n|-weather|RainDance|[upkeep]\n|upkeep\n|\n|t:|1701027370\n|switch|p2a: Heatran|Heatran, L50, F|100\/100\n|turn|5\n|\n|t:|1701027403\n|-terastallize|p2a: Heatran|Dragon\n|move|p2b: Tauros|Iron Head|p1b: Ogerpon\n|-resisted|p1b: Ogerpon\n|-damage|p1b: Ogerpon|66\/100\n|move|p1a: Grafaiai|Foul Play|p2a: Heatran\n|-damage|p2a: Heatran|87\/100\n|cant|p1b: Ogerpon|flinch\n|move|p2a: Heatran|Dragon Pulse|p1b: Ogerpon\n|-damage|p1b: Ogerpon|26\/100\n|\n|-weather|RainDance|[upkeep]\n|-heal|p2a: Heatran|93\/100|[from] item: Leftovers\n|upkeep\n|turn|6\n|\n|t:|1701027429\n|move|p1a: Grafaiai|Encore|p2a: Heatran\n|-start|p2a: Heatran|Encore\n|move|p2b: Tauros|Iron Head|p1b: Ogerpon\n|-resisted|p1b: Ogerpon\n|-damage|p1b: Ogerpon|9\/100\n|cant|p1b: Ogerpon|flinch\n|move|p2a: Heatran|Dragon Pulse|p1b: Ogerpon\n|-damage|p1b: Ogerpon|0 fnt\n|faint|p1b: Ogerpon\n|\n|-weather|RainDance|[upkeep]\n|-heal|p2a: Heatran|99\/100|[from] item: Leftovers\n|upkeep\n|\n|t:|1701027440\n|switch|p1b: Clodsire|Clodsire, L50, F|100\/100\n|turn|7\n|\n|t:|1701027455\n|move|p2b: Tauros|Protect|p2b: Tauros\n|-singleturn|p2b: Tauros|Protect\n|move|p1a: Grafaiai|Swagger|p1b: Clodsire\n|-boost|p1b: Clodsire|atk|2\n|-activate|p1b: Clodsire|move: Misty Terrain\n|move|p2a: Heatran|Dragon Pulse|p1b: Clodsire\n|-damage|p1b: Clodsire|74\/100\n|move|p1b: Clodsire|Stockpile|p1b: Clodsire\n|-start|p1b: Clodsire|stockpile1\n|-boost|p1b: Clodsire|def|1\n|-boost|p1b: Clodsire|spd|1\n|\n|-weather|none\n|-heal|p2a: Heatran|100\/100|[from] item: Leftovers\n|upkeep\n|turn|8\n|\n|t:|1701027477\n|move|p1a: Grafaiai|Swagger|p1b: Clodsire\n|-boost|p1b: Clodsire|atk|2\n|-activate|p1b: Clodsire|move: Misty Terrain\n|move|p2b: Tauros|Raging Bull|p1b: Clodsire\n|-damage|p1b: Clodsire|52\/100\n|move|p2a: Heatran|Dragon Pulse|p1a: Grafaiai\n|-damage|p1a: Grafaiai|0 fnt\n|faint|p1a: Grafaiai\n|move|p1b: Clodsire|Stockpile|p1b: Clodsire\n|-start|p1b: Clodsire|stockpile2\n|-boost|p1b: Clodsire|def|1\n|-boost|p1b: Clodsire|spd|1\n|\n|-end|p2a: Heatran|Encore\n|-fieldend|Misty Terrain\n|upkeep\n|turn|9\n|\n|t:|1701027501\n|move|p2a: Heatran|Protect|p2a: Heatran\n|-singleturn|p2a: Heatran|Protect\n|move|p2b: Tauros|Iron Head|p1b: Clodsire\n|-damage|p1b: Clodsire|42\/100\n|cant|p1b: Clodsire|flinch\n|\n|upkeep\n|turn|10\n|\n|t:|1701027513\n|move|p2b: Tauros|Iron Head|p1b: Clodsire\n|-damage|p1b: Clodsire|33\/100\n|move|p2a: Heatran|Dragon Pulse|p1b: Clodsire\n|-damage|p1b: Clodsire|14\/100\n|cant|p1b: Clodsire|flinch\n|\n|upkeep\n|turn|11\n|\n|t:|1701027525\n|move|p2b: Tauros|Iron Head|p1b: Clodsire\n|-damage|p1b: Clodsire|5\/100\n|move|p2a: Heatran|Dragon Pulse|p1b: Clodsire\n|-damage|p1b: Clodsire|0 fnt\n|faint|p1b: Clodsire\n|\n|win|Spaghetti Test\n|raw|madbluecatz's rating: 1124 &rarr; <strong>1094<\/strong><br \/>(-30 for losing)\n|raw|Spaghetti Test's rating: 1058 &rarr; <strong>1095<\/strong><br \/>(+37 for winning)\n|c|\u2606madbluecatz|5 flinches in a row\n|c|\u2606madbluecatz|god hates me\n|l|\u2606madbluecatz\n","uploadtime":1701027611,"views":8,"p1id":"madbluecatz","p2id":"spaghettitest","formatid":"gen9vgc2023regulatione","rating":1094,"private":0,"password":""}