{"id":"gen9vgc2023regulatione-1996562219","p1":"MysticEm","p2":"Ants at a picnic","format":"[Gen 9] VGC 2023 Regulation E","log":"|j|\u2606MysticEm\n|j|\u2606Ants at a picnic\n|n|\u2606MysticEm|mysticem\n|n|\u2606Ants at a picnic|antsatapicnic\n|html|View the match progress at <a href=\"\/game-bestof3-gen9vgc2023regulatione-1996562218\">game-bestof3-gen9vgc2023regulatione-1996562218<\/a>\n|t:|1700694580\n|gametype|doubles\n|player|p1|MysticEm|102|\n|player|p2|Ants at a picnic|266|\n|teamsize|p1|6\n|teamsize|p2|6\n|gen|9\n|tier|[Gen 9] VGC 2023 Regulation E\n|rule|Species Clause: Limit one of each Pok\u00e9mon\n|rule|Item Clause: Limit one of each item\n|clearpoke\n|poke|p1|Regieleki, L50|\n|poke|p1|Gastrodon-East, L50, F|\n|poke|p1|Annihilape, L50, F|\n|poke|p1|Haunter, L50, M|\n|poke|p1|Weavile, L50, M|\n|poke|p1|Articuno-Galar, L50|\n|poke|p2|Dragapult, L50, F|\n|poke|p2|Chi-Yu, L50|\n|poke|p2|Bisharp, L50, M|\n|poke|p2|Clefable, L50, M|\n|poke|p2|Leafeon, L50, F|\n|poke|p2|Gliscor, L50, F|\n|teampreview|4\nAnts at a picnic rejected open team sheets.\n|c|\u2606Ants at a picnic|https:\/\/pokepast.es\/45c3a3a997ef3c19\n|c|\u2606Ants at a picnic|my teras\n|c|\u2606Ants at a picnic|GLHF\n|c|\u2606MysticEm|dmed mine\n|c|\u2606MysticEm|you too\n|inactive|Battle timer is ON: inactive players will automatically lose when time's up. (requested by MysticEm)\n|\n|t:|1700694715\n|start\n|switch|p1a: Gastrodon|Gastrodon-East, L50, F|100\/100\n|switch|p1b: Haunter|Haunter, L50, M|100\/100\n|switch|p2a: Clefable|Clefable, L50, M|100\/100\n|switch|p2b: Chi-Yu|Chi-Yu, L50|100\/100\n|-ability|p2b: Chi-Yu|Beads of Ruin\n|turn|1\n|\n|t:|1700694734\n|move|p2a: Clefable|Follow Me|p2a: Clefable\n|-singleturn|p2a: Clefable|move: Follow Me\n|move|p2b: Chi-Yu|Dark Pulse|p1a: Gastrodon\n|-damage|p1a: Gastrodon|52\/100\n|move|p1b: Haunter|Toxic|p2a: Clefable\n|-status|p2a: Clefable|tox\n|move|p1a: Gastrodon|Stealth Rock|p2a: Clefable\n|-sidestart|p2: Ants at a picnic|move: Stealth Rock\n|\n|-damage|p2a: Clefable|95\/100 tox|[from] psn\n|upkeep\n|turn|2\n|inactive|MysticEm has 30 seconds left.\n|\n|t:|1700694765\n|move|p2b: Chi-Yu|Dark Pulse|p1a: Gastrodon\n|-damage|p1a: Gastrodon|0 fnt\n|faint|p1a: Gastrodon\n|move|p1b: Haunter|Hex|p2a: Clefable\n|-damage|p2a: Clefable|18\/100 tox\n|-enditem|p2a: Clefable|Sitrus Berry|[eat]\n|-heal|p2a: Clefable|43\/100 tox|[from] item: Sitrus Berry\n|move|p2a: Clefable|Dazzling Gleam|p1b: Haunter\n|-resisted|p1b: Haunter\n|-crit|p1b: Haunter\n|-damage|p1b: Haunter|40\/100\n|\n|-damage|p2a: Clefable|31\/100 tox|[from] psn\n|upkeep\n|\n|t:|1700694783\n|switch|p1a: Annihilape|Annihilape, L50, F|100\/100\n|turn|3\n|\n|t:|1700694802\n|switch|p2b: Gliscor|Gliscor, L50, F|100\/100\n|-damage|p2b: Gliscor|88\/100|[from] Stealth Rock\n|move|p2a: Clefable|Protect|p2a: Clefable\n|-singleturn|p2a: Clefable|Protect\n|move|p1b: Haunter|Toxic|p2b: Gliscor\n|-status|p2b: Gliscor|tox\n|move|p1a: Annihilape|Drain Punch|p2b: Gliscor\n|-resisted|p2b: Gliscor\n|-damage|p2b: Gliscor|72\/100 tox\n|\n|-heal|p2b: Gliscor|84\/100 tox|[from] ability: Poison Heal\n|-damage|p2a: Clefable|13\/100 tox|[from] psn\n|upkeep\n|turn|4\n|inactive|MysticEm has 30 seconds left.\n|inactive|Ants at a picnic has 30 seconds left.\n|inactive|Ants at a picnic has 20 seconds left.\n|inactive|Ants at a picnic has 15 seconds left.\n|\n|t:|1700694843\n|move|p2a: Clefable|Follow Me|p2a: Clefable\n|-singleturn|p2a: Clefable|move: Follow Me\n|move|p2b: Gliscor|High Horsepower|p1b: Haunter\n|-immune|p1b: Haunter|[from] ability: Levitate\n|move|p1b: Haunter|Hex|p2a: Clefable\n|-damage|p2a: Clefable|0 fnt\n|faint|p2a: Clefable\n|move|p1a: Annihilape|Ice Punch|p2b: Gliscor\n|-supereffective|p2b: Gliscor\n|-damage|p2b: Gliscor|0 fnt\n|faint|p2b: Gliscor\n|\n|upkeep\n|c|\u2606Ants at a picnic|im so stupid lol\n|c|\u2606Ants at a picnic|forgto about levitate\n|\n|t:|1700694858\n|switch|p2b: Chi-Yu|Chi-Yu, L50|100\/100\n|switch|p2a: Dragapult|Dragapult, L50, F|100\/100\n|-damage|p2b: Chi-Yu|76\/100|[from] Stealth Rock\n|-ability|p2b: Chi-Yu|Beads of Ruin\n|-damage|p2a: Dragapult|88\/100|[from] Stealth Rock\n|turn|5\n|c|\u2606MysticEm|lmao dw\n|c|\u2606MysticEm|i forgot poison heal eisted lol\n|inactive|Ants at a picnic has 30 seconds left.\n|\n|t:|1700694885\n|move|p2a: Dragapult|Will-O-Wisp|p1a: Annihilape\n|-status|p1a: Annihilape|brn\n|move|p2b: Chi-Yu|Heat Wave|p1b: Haunter|[spread] p1a,p1b\n|-damage|p1a: Annihilape|61\/100 brn\n|-damage|p1b: Haunter|0 fnt\n|faint|p1b: Haunter\n|move|p1a: Annihilape|Rage Fist|p2a: Dragapult\n|-supereffective|p2a: Dragapult\n|-enditem|p2a: Dragapult|Kasib Berry|[eat]\n|-enditem|p2a: Dragapult|Kasib Berry|[weaken]\n|-damage|p2a: Dragapult|60\/100\n|\n|-heal|p1a: Annihilape|67\/100 brn|[from] item: Leftovers\n|-damage|p1a: Annihilape|61\/100 brn|[from] brn\n|upkeep\n|\n|t:|1700694900\n|switch|p1b: Regieleki|Regieleki, L50, shiny|100\/100\n|turn|6\n|inactive|MysticEm has 30 seconds left.\n|inactive|Ants at a picnic has 30 seconds left.\n|\n|t:|1700694932\n|-terastallize|p1b: Regieleki|Rock\n|move|p1b: Regieleki|Tera Blast|p2b: Chi-Yu|[anim] Tera Blast Rock\n|-supereffective|p2b: Chi-Yu\n|-damage|p2b: Chi-Yu|0 fnt\n|faint|p2b: Chi-Yu\n|move|p2a: Dragapult|Shadow Ball|p1b: Regieleki\n|-damage|p1b: Regieleki|34\/100\n|move|p1a: Annihilape|Ice Punch|p2a: Dragapult\n|-supereffective|p2a: Dragapult\n|-damage|p2a: Dragapult|33\/100\n|\n|-heal|p1a: Annihilape|67\/100 brn|[from] item: Leftovers\n|-damage|p1a: Annihilape|61\/100 brn|[from] brn\n|upkeep\n|turn|7\n|\n|t:|1700694956\n|move|p1b: Regieleki|Tera Blast|p2a: Dragapult|[anim] Tera Blast Rock\n|-damage|p2a: Dragapult|0 fnt\n|faint|p2a: Dragapult\n|\n|win|MysticEm\n|c|&|\/uhtml prompt-antsatapicnic,Ants at a picnic is ready for game 2!\n|c|\u2606MysticEm|gg\n|c|&|\/uhtml prompt-mysticem,MysticEm is ready for game 2!\nBoth players are ready! Starting next match!\n|j| JabsGR\n","uploadtime":1700695441,"views":26,"p1id":"mysticem","p2id":"antsatapicnic","formatid":"gen9vgc2023regulatione","rating":0,"private":0,"password":""}