{"id":"gen9vgc2023regulatione-1999119303","p1":"Evil Yarrack","p2":"tpw989","format":"[Gen 9] VGC 2023 Regulation E","log":"|j|\u2606Evil Yarrack\n|j|\u2606tpw989\n|t:|1701035198\n|gametype|doubles\n|player|p1|Evil Yarrack|youngster-gen4dp|\n|player|p2|tpw989|blackbelt|\n|teamsize|p1|6\n|teamsize|p2|6\n|gen|9\n|tier|[Gen 9] VGC 2023 Regulation E\n|rule|Species Clause: Limit one of each Pok\u00e9mon\n|rule|Item Clause: Limit one of each item\n|clearpoke\n|poke|p1|Toxtricity, L50, M|\n|poke|p1|Oricorio-Sensu, L50, M|\n|poke|p1|Kommo-o, L50, M|\n|poke|p1|Grimmsnarl, L50, M|\n|poke|p1|Arbok, L50, M|\n|poke|p1|Sinistcha, L50|\n|poke|p2|Oricorio-Pom-Pom, L50, F|\n|poke|p2|Volcarona, L50, M|\n|poke|p2|Lilligant-Hisui, L50, F|\n|poke|p2|Talonflame, L50, M|\n|poke|p2|Dondozo, L50, M|\n|poke|p2|Tatsugiri, L50, M|\n|teampreview|4\n|inactive|Battle timer is ON: inactive players will automatically lose when time's up. (requested by Evil Yarrack)\n|inactive|Evil Yarrack has 60 seconds left.\ntpw989 has agreed to open team sheets.\n|\n|t:|1701035253\n|start\n|switch|p1a: Grimmsnarl|Grimmsnarl, L50, M|100\/100\n|switch|p1b: Toxtricity|Toxtricity, L50, M|100\/100\n|switch|p2a: Talonflame|Talonflame, L50, M|100\/100\n|switch|p2b: Lilligant|Lilligant-Hisui, L50, F, shiny|100\/100\n|turn|1\n|inactive|tpw989 has 30 seconds left.\n|\n|t:|1701035281\n|move|p1a: Grimmsnarl|Fake Out|p2b: Lilligant\n|-damage|p2b: Lilligant|84\/100\n|move|p2a: Talonflame|Sunny Day|p2a: Talonflame\n|-weather|SunnyDay\n|cant|p2b: Lilligant|flinch\n|move|p1b: Toxtricity|Overdrive|p2b: Lilligant|[spread] p2a,p2b\n|-supereffective|p2a: Talonflame\n|-crit|p2a: Talonflame\n|-resisted|p2b: Lilligant\n|-damage|p2a: Talonflame|0 fnt\n|-damage|p2b: Lilligant|37\/100\n|faint|p2a: Talonflame\n|\n|-weather|SunnyDay|[upkeep]\n|upkeep\n|\n|t:|1701035294\n|switch|p2a: Tatsugiri|Tatsugiri, L50, M|100\/100\n|turn|2\n|\n|t:|1701035303\n|move|p1a: Grimmsnarl|Light Screen|p1a: Grimmsnarl\n|-sidestart|p1: Evil Yarrack|move: Light Screen\n|move|p2b: Lilligant|Sleep Powder|p1b: Toxtricity\n|-status|p1b: Toxtricity|slp|[from] move: Sleep Powder\n|move|p2a: Tatsugiri|Muddy Water|p1a: Grimmsnarl|[spread] p1a\n|-miss|p2a: Tatsugiri|p1b: Toxtricity\n|-damage|p1a: Grimmsnarl|92\/100\n|cant|p1b: Toxtricity|slp\n|\n|-weather|SunnyDay|[upkeep]\n|upkeep\n|turn|3\n|\n|t:|1701035328\n|move|p1a: Grimmsnarl|Reflect|p1a: Grimmsnarl\n|-sidestart|p1: Evil Yarrack|Reflect\n|move|p2b: Lilligant|Leaf Blade|p1a: Grimmsnarl\n|-damage|p1a: Grimmsnarl|55\/100\n|move|p2a: Tatsugiri|Dragon Pulse|p1b: Toxtricity\n|-damage|p1b: Toxtricity|64\/100 slp\n|-curestatus|p1b: Toxtricity|slp|[msg]\n|move|p1b: Toxtricity|Overdrive|p2b: Lilligant|[spread] p2a,p2b\n|-resisted|p2b: Lilligant\n|-damage|p2a: Tatsugiri|30\/100\n|-damage|p2b: Lilligant|0 fnt\n|faint|p2b: Lilligant\n|\n|-weather|SunnyDay|[upkeep]\n|upkeep\n|inactive|tpw989 has 30 seconds left.\n|\n|t:|1701035355\n|switch|p2b: Dondozo|Dondozo, L50, M, shiny|100\/100\n|-activate|p2a: Tatsugiri|ability: Commander|[of] p2b: Dondozo\n|-boost|p2b: Dondozo|atk|2\n|-boost|p2b: Dondozo|spa|2\n|-boost|p2b: Dondozo|spe|2\n|-boost|p2b: Dondozo|def|2\n|-boost|p2b: Dondozo|spd|2\n|turn|4\n|\n|t:|1701035374\n|-terastallize|p1b: Toxtricity|Normal\n|move|p1a: Grimmsnarl|Parting Shot|p2b: Dondozo\n|-unboost|p2b: Dondozo|atk|1\n|-unboost|p2b: Dondozo|spa|1\n|\n|t:|1701035381\n|switch|p1a: Sinistcha|Sinistcha, L50|100\/100|[from] Parting Shot\n|-heal|p1b: Toxtricity|88\/100|[from] ability: Hospitality|[of] p1a: Sinistcha\n|move|p2b: Dondozo|Order Up|p1b: Toxtricity\n|-damage|p1b: Toxtricity|59\/100\n|-boost|p2b: Dondozo|atk|1\n|move|p1b: Toxtricity|Overdrive|p2b: Dondozo|[spread] p2b\n|-miss|p1b: Toxtricity|p2a: Tatsugiri\n|-supereffective|p2b: Dondozo\n|-damage|p2b: Dondozo|50\/100\n|\n|-weather|SunnyDay|[upkeep]\n|-heal|p2b: Dondozo|57\/100|[from] item: Leftovers\n|upkeep\n|turn|5\n|\n|t:|1701035399\n|-terastallize|p2b: Dondozo|Ghost\n|move|p2b: Dondozo|Earthquake|p1a: Sinistcha|[spread] p1a,p1b\n|-miss|p2b: Dondozo|p2a: Tatsugiri\n|-resisted|p1a: Sinistcha\n|-damage|p1a: Sinistcha|91\/100\n|-damage|p1b: Toxtricity|25\/100\n|-enditem|p1a: Sinistcha|Eject Button\n|\n|t:|1701035410\n|switch|p1a: Grimmsnarl|Grimmsnarl, L50, M|55\/100\n|move|p1b: Toxtricity|Overdrive|p2b: Dondozo|[spread] p2b\n|-miss|p1b: Toxtricity|p2a: Tatsugiri\n|-damage|p2b: Dondozo|32\/100\n|\n|-weather|none\n|-heal|p2b: Dondozo|38\/100|[from] item: Leftovers\n|upkeep\n|turn|6\n|\n|t:|1701035420\n|move|p2b: Dondozo|Protect|p2b: Dondozo\n|-singleturn|p2b: Dondozo|Protect\n|move|p1a: Grimmsnarl|Parting Shot|p2b: Dondozo\n|-activate|p2b: Dondozo|move: Protect\n|move|p1b: Toxtricity|Overdrive|p2b: Dondozo|[spread] \n|-miss|p1b: Toxtricity|p2a: Tatsugiri\n|-activate|p2b: Dondozo|move: Protect\n|\n|-heal|p2b: Dondozo|44\/100|[from] item: Leftovers\n|upkeep\n|turn|7\n|\n|t:|1701035430\n|move|p1a: Grimmsnarl|Parting Shot|p2b: Dondozo\n|-unboost|p2b: Dondozo|atk|1\n|-unboost|p2b: Dondozo|spa|1\n|\n|t:|1701035434\n|switch|p1a: Sinistcha|Sinistcha, L50|91\/100|[from] Parting Shot\n|-heal|p1b: Toxtricity|50\/100|[from] ability: Hospitality|[of] p1a: Sinistcha\n|move|p2b: Dondozo|Earthquake|p1b: Toxtricity|[spread] p1a,p1b\n|-miss|p2b: Dondozo|p2a: Tatsugiri\n|-resisted|p1a: Sinistcha\n|-damage|p1a: Sinistcha|84\/100\n|-damage|p1b: Toxtricity|25\/100\n|move|p1b: Toxtricity|Overdrive|p2a: Tatsugiri|[spread] p2b\n|-miss|p1b: Toxtricity|p2a: Tatsugiri\n|-damage|p2b: Dondozo|19\/100\n|\n|-heal|p2b: Dondozo|25\/100|[from] item: Leftovers\n|upkeep\n|turn|8\n|\n|t:|1701035451\n|switch|p1b: Grimmsnarl|Grimmsnarl, L50, M|55\/100\n|move|p2b: Dondozo|Earthquake|p1b: Grimmsnarl|[spread] p1a,p1b\n|-miss|p2b: Dondozo|p2a: Tatsugiri\n|-resisted|p1a: Sinistcha\n|-damage|p1a: Sinistcha|77\/100\n|-damage|p1b: Grimmsnarl|32\/100\n|move|p1a: Sinistcha|Trick Room|p1a: Sinistcha\n|-fieldstart|move: Trick Room|[of] p1a: Sinistcha\n|\n|-heal|p2b: Dondozo|32\/100|[from] item: Leftovers\n|upkeep\n|turn|9\n|\n|t:|1701035465\n|move|p1b: Grimmsnarl|Parting Shot|p2b: Dondozo\n|-unboost|p2b: Dondozo|atk|1\n|-unboost|p2b: Dondozo|spa|1\n|\n|t:|1701035468\n|switch|p1b: Toxtricity|Toxtricity, L50, M, tera:Normal|25\/100|[from] Parting Shot\n|move|p1a: Sinistcha|Strength Sap|p2b: Dondozo\n|-unboost|p2b: Dondozo|atk|1\n|-heal|p1a: Sinistcha|100\/100\n|move|p2b: Dondozo|Order Up|p1a: Sinistcha\n|-damage|p1a: Sinistcha|93\/100\n|-boost|p2b: Dondozo|atk|1\n|\n|-heal|p2b: Dondozo|38\/100|[from] item: Leftovers\n|-sideend|p1: Evil Yarrack|move: Light Screen\n|upkeep\n|turn|10\n|\n|t:|1701035480\n|switch|p1a: Grimmsnarl|Grimmsnarl, L50, M|32\/100\n|move|p2b: Dondozo|Protect|p2b: Dondozo\n|-singleturn|p2b: Dondozo|Protect\n|move|p1b: Toxtricity|Overdrive|p2b: Dondozo|[spread] \n|-miss|p1b: Toxtricity|p2a: Tatsugiri\n|-activate|p2b: Dondozo|move: Protect\n|\n|-heal|p2b: Dondozo|44\/100|[from] item: Leftovers\n|-sideend|p1: Evil Yarrack|Reflect\n|upkeep\n|turn|11\n|\n|t:|1701035494\n|move|p1a: Grimmsnarl|Parting Shot|p2b: Dondozo\n|-unboost|p2b: Dondozo|atk|1\n|-unboost|p2b: Dondozo|spa|1\n|\n|t:|1701035498\n|switch|p1a: Sinistcha|Sinistcha, L50|93\/100|[from] Parting Shot\n|-heal|p1b: Toxtricity|49\/100|[from] ability: Hospitality|[of] p1a: Sinistcha\n|move|p1b: Toxtricity|Overdrive|p2a: Tatsugiri|[spread] p2b\n|-miss|p1b: Toxtricity|p2a: Tatsugiri\n|-damage|p2b: Dondozo|19\/100\n|move|p2b: Dondozo|Order Up|p1b: Toxtricity\n|-damage|p1b: Toxtricity|28\/100\n|-boost|p2b: Dondozo|atk|1\n|\n|-heal|p2b: Dondozo|25\/100|[from] item: Leftovers\n|upkeep\n|turn|12\n|\n|t:|1701035521\n|switch|p1a: Grimmsnarl|Grimmsnarl, L50, M|32\/100\n|move|p2b: Dondozo|Protect|p2b: Dondozo\n|-singleturn|p2b: Dondozo|Protect\n|move|p1b: Toxtricity|Overdrive|p2a: Tatsugiri|[spread] \n|-miss|p1b: Toxtricity|p2a: Tatsugiri\n|-activate|p2b: Dondozo|move: Protect\n|\n|-heal|p2b: Dondozo|32\/100|[from] item: Leftovers\n|-fieldend|move: Trick Room\n|upkeep\n|turn|13\n|\n|t:|1701035542\n|switch|p1b: Sinistcha|Sinistcha, L50|93\/100\n|-heal|p1a: Grimmsnarl|57\/100|[from] ability: Hospitality|[of] p1b: Sinistcha\n|move|p1a: Grimmsnarl|Reflect|p1a: Grimmsnarl\n|-sidestart|p1: Evil Yarrack|Reflect\n|move|p2b: Dondozo|Earthquake|p1a: Grimmsnarl|[spread] p1a,p1b\n|-miss|p2b: Dondozo|p2a: Tatsugiri\n|-resisted|p1b: Sinistcha\n|-damage|p1a: Grimmsnarl|40\/100\n|-damage|p1b: Sinistcha|88\/100\n|\n|-heal|p2b: Dondozo|38\/100|[from] item: Leftovers\n|upkeep\n|turn|14\n|\n|t:|1701035553\n|switch|p1b: Toxtricity|Toxtricity, L50, M, tera:Normal|28\/100\n|move|p2b: Dondozo|Protect|p2b: Dondozo\n|-singleturn|p2b: Dondozo|Protect\n|move|p1a: Grimmsnarl|Parting Shot|p2b: Dondozo\n|-activate|p2b: Dondozo|move: Protect\n|\n|-heal|p2b: Dondozo|44\/100|[from] item: Leftovers\n|upkeep\n|turn|15\n|\n|t:|1701035564\n|move|p1a: Grimmsnarl|Parting Shot|p2b: Dondozo\n|-unboost|p2b: Dondozo|atk|1\n|-unboost|p2b: Dondozo|spa|1\n|\n|t:|1701035567\n|switch|p1a: Sinistcha|Sinistcha, L50|88\/100|[from] Parting Shot\n|-heal|p1b: Toxtricity|53\/100|[from] ability: Hospitality|[of] p1a: Sinistcha\n|move|p2b: Dondozo|Order Up|p1b: Toxtricity\n|-damage|p1b: Toxtricity|40\/100\n|-boost|p2b: Dondozo|atk|1\n|move|p1b: Toxtricity|Overdrive|p2b: Dondozo|[spread] p2b\n|-miss|p1b: Toxtricity|p2a: Tatsugiri\n|-damage|p2b: Dondozo|17\/100\n|\n|-heal|p2b: Dondozo|24\/100|[from] item: Leftovers\n|upkeep\n|turn|16\n|\n|t:|1701035584\n|move|p2b: Dondozo|Order Up|p1b: Toxtricity\n|-damage|p1b: Toxtricity|19\/100\n|-boost|p2b: Dondozo|atk|1\n|move|p1b: Toxtricity|Overdrive|p2b: Dondozo|[spread] p2b\n|-miss|p1b: Toxtricity|p2a: Tatsugiri\n|-damage|p2b: Dondozo|0 fnt\n|faint|p2b: Dondozo\n|move|p1a: Sinistcha|Trick Room|p1a: Sinistcha\n|-fieldstart|move: Trick Room|[of] p1a: Sinistcha\n|\n|upkeep\n|turn|17\n|-message|tpw989 forfeited.\n|\n|win|Evil Yarrack\n|l|\u2606tpw989\n","uploadtime":1701035633,"views":22,"p1id":"evilyarrack","p2id":"tpw989","formatid":"gen9vgc2023regulatione","rating":0,"private":0,"password":""}