{"id":"gen9vgc2023regulatione-1993556759","p1":"VeversonJP","p2":"bystialost","format":"[Gen 9] VGC 2023 Regulation E","log":"|j|\u2606VeversonJP\n|j|\u2606bystialost\n|t:|1700331426\n|gametype|doubles\n|player|p1|VeversonJP|swimmer-gen4dp|1024\n|player|p2|bystialost|266|1000\n|teamsize|p1|6\n|teamsize|p2|6\n|gen|9\n|tier|[Gen 9] VGC 2023 Regulation E\n|rated|\n|rule|Species Clause: Limit one of each Pok\u00e9mon\n|rule|Item Clause: Limit one of each item\n|clearpoke\n|poke|p1|Basculegion, L50, M|\n|poke|p1|Pelipper, L50, F|\n|poke|p1|Alomomola, L50, M|\n|poke|p1|Ogerpon-Wellspring, L50, F|\n|poke|p1|Quagsire, L50, M|\n|poke|p1|Palafin, L50, M|\n|poke|p2|Golem-Alola, L50, M|\n|poke|p2|Rabsca, L50, M|\n|poke|p2|Basculegion-F, L50, F|\n|poke|p2|Ursaluna-Bloodmoon, L50, M|\n|poke|p2|Hippowdon, L50, F|\n|poke|p2|Kingambit, L50, F|\n|teampreview|4\n|\n|t:|1700331446\n|start\n|switch|p1a: Felipe|Pelipper, L50, F|100\/100\n|switch|p1b: Futuropikka|Palafin, L50, M|100\/100\n|switch|p2a: Golem|Golem-Alola, L50, M|100\/100\n|switch|p2b: Rabsca|Rabsca, L50, M|100\/100\n|-weather|RainDance|[from] ability: Drizzle|[of] p1a: Felipe\n|turn|1\n|\n|t:|1700331469\n|move|p1b: Futuropikka|Protect|p1b: Futuropikka\n|-singleturn|p1b: Futuropikka|Protect\n|move|p1a: Felipe|Tailwind|p1a: Felipe\n|-sidestart|p1: VeversonJP|move: Tailwind\n|move|p2a: Golem|Explosion|p1b: Futuropikka|[spread] p1a\n|-activate|p1b: Futuropikka|move: Protect\n|-activate|p2b: Rabsca|ability: Telepathy\n|-supereffective|p1a: Felipe\n|-crit|p1a: Felipe\n|-damage|p1a: Felipe|0 fnt\n|faint|p2a: Golem\n|faint|p1a: Felipe\n|move|p2b: Rabsca|Revival Blessing|p2b: Rabsca\n|\n|t:|1700331483\n|-heal|p2: Golem|50\/100|[from] move: Revival Blessing\n|\n|-weather|RainDance|[upkeep]\n|upkeep\n|switch|p2a: Golem|Golem-Alola, L50, M|50\/100\n|\n|t:|1700331493\n|switch|p1a: Aqua|Ogerpon-Wellspring, L50, F|100\/100\n|turn|2\n|\n|t:|1700331507\n|-terastallize|p1b: Futuropikka|Water\n|move|p1a: Aqua|Spiky Shield|p1a: Aqua\n|-singleturn|p1a: Aqua|move: Protect\n|move|p1b: Futuropikka|Jet Punch|p2a: Golem\n|-supereffective|p2a: Golem\n|-damage|p2a: Golem|0 fnt\n|faint|p2a: Golem\n|move|p2b: Rabsca|Calm Mind|p2b: Rabsca\n|-boost|p2b: Rabsca|spa|1\n|-boost|p2b: Rabsca|spd|1\n|\n|-weather|RainDance|[upkeep]\n|upkeep\n|\n|t:|1700331522\n|switch|p2a: Ursaluna|Ursaluna-Bloodmoon, L50, M|100\/100\n|turn|3\n|\n|t:|1700331536\n|detailschange|p1b: Futuropikka|Palafin-Hero, L50, M, tera:Water\n|switch|p1b: Kokoro|Alomomola, L50, M|100\/100\n|move|p1a: Aqua|Ivy Cudgel|p2a: Ursaluna|[anim] Ivy Cudgel Water\n|-supereffective|p2a: Ursaluna\n|-damage|p2a: Ursaluna|0 fnt\n|faint|p2a: Ursaluna\n|move|p2b: Rabsca|Calm Mind|p2b: Rabsca\n|-boost|p2b: Rabsca|spa|1\n|-boost|p2b: Rabsca|spd|1\n|\n|-weather|RainDance|[upkeep]\n|upkeep\n|\n|t:|1700331545\n|switch|p2a: Basculegion|Basculegion-F, L50, F|100\/100\n|turn|4\n|\n|t:|1700331566\n|move|p1a: Aqua|Horn Leech|p2a: Basculegion\n|-supereffective|p2a: Basculegion\n|-damage|p2a: Basculegion|8\/100\n|move|p1b: Kokoro|Light Screen|p1b: Kokoro\n|-sidestart|p1: VeversonJP|move: Light Screen\n|move|p2a: Basculegion|Last Respects|p1a: Aqua\n|-damage|p1a: Aqua|0 fnt\n|faint|p1a: Aqua\n|-damage|p2a: Basculegion|0 fnt|[from] item: Life Orb\n|faint|p2a: Basculegion\n|move|p2b: Rabsca|Stored Power|p1b: Kokoro\n|-damage|p1b: Kokoro|39\/100\n|\n|-weather|RainDance|[upkeep]\n|-sideend|p1: VeversonJP|move: Tailwind\n|upkeep\n|\n|t:|1700331581\n|switch|p1a: Futuropikka|Palafin-Hero, L50, M, tera:Water|100\/100\n|-activate|p1a: Futuropikka|ability: Zero to Hero\n|turn|5\n|\n|t:|1700331593\n|move|p1a: Futuropikka|Wave Crash|p2b: Rabsca\n|-enditem|p2b: Rabsca|Focus Sash\n|-damage|p2b: Rabsca|1\/100\n|-damage|p1a: Futuropikka|70\/100|[from] Recoil\n|move|p1b: Kokoro|Surf|p2b: Rabsca|[spread] p1a,p2b\n|-resisted|p1a: Futuropikka\n|-damage|p1a: Futuropikka|64\/100\n|-damage|p2b: Rabsca|0 fnt\n|faint|p2b: Rabsca\n|\n|win|VeversonJP\n|raw|VeversonJP's rating: 1024 &rarr; <strong>1058<\/strong><br \/>(+34 for winning)\n|raw|bystialost's rating: 1000 &rarr; <strong>1000<\/strong><br \/>(+0 for losing)\n|c|\u2606VeversonJP|ggwp\n","uploadtime":1700331621,"views":9,"p1id":"veversonjp","p2id":"bystialost","formatid":"gen9vgc2023regulatione","rating":1000,"private":0,"password":""}