{"id":"gen9vgc2023regulatione-1997658786","p1":"Ipeximus","p2":"outsidernl","format":"[Gen 9] VGC 2023 Regulation E","log":"|j|\u2606Ipeximus\n|j|\u2606outsidernl\n|t:|1700838580\n|gametype|doubles\n|player|p1|Ipeximus|1|1035\n|player|p2|outsidernl|169|1127\n|teamsize|p1|6\n|teamsize|p2|6\n|gen|9\n|tier|[Gen 9] VGC 2023 Regulation E\n|rated|\n|rule|Species Clause: Limit one of each Pok\u00e9mon\n|rule|Item Clause: Limit one of each item\n|clearpoke\n|poke|p1|Gholdengo, L50|\n|poke|p1|Arcanine-Hisui, L50, M|\n|poke|p1|Rillaboom, L50, F|\n|poke|p1|Iron Hands, L50|\n|poke|p1|Tornadus, L50, M|\n|poke|p1|Urshifu-*, L50, M|\n|poke|p2|Gholdengo, L50|\n|poke|p2|Iron Hands, L50|\n|poke|p2|Amoonguss, L50, F|\n|poke|p2|Iron Bundle, L50|\n|poke|p2|Pelipper, L50, M|\n|poke|p2|Salamence, L50, M|\n|teampreview|4\n|\n|t:|1700838609\n|start\n|switch|p1a: Iron Hands|Iron Hands, L50|100\/100\n|switch|p1b: Tornadus|Tornadus, L50, M|100\/100\n|switch|p2a: Pelipper|Pelipper, L50, M|100\/100\n|switch|p2b: Salamence|Salamence, L50, M|100\/100\n|-ability|p2b: Salamence|Intimidate|boost\n|-unboost|p1a: Iron Hands|atk|1\n|-unboost|p1b: Tornadus|atk|1\n|-weather|RainDance|[from] ability: Drizzle|[of] p2a: Pelipper\n|turn|1\n|inactive|Battle timer is ON: inactive players will automatically lose when time's up. (requested by outsidernl)\n|\n|t:|1700838631\n|switch|p2b: Iron Hands|Iron Hands, L50|100\/100\n|move|p2a: Pelipper|Protect|p2a: Pelipper\n|-singleturn|p2a: Pelipper|Protect\n|move|p1b: Tornadus|Tailwind|p1b: Tornadus\n|-sidestart|p1: Ipeximus|move: Tailwind\n|move|p1a: Iron Hands|Wild Charge|p2b: Iron Hands\n|-resisted|p2b: Iron Hands\n|-damage|p2b: Iron Hands|89\/100\n|-damage|p1a: Iron Hands|98\/100|[from] Recoil\n|\n|-weather|RainDance|[upkeep]\n|upkeep\n|turn|2\n|\n|t:|1700838648\n|-terastallize|p1b: Tornadus|Ghost\n|move|p2b: Iron Hands|Fake Out|p1a: Iron Hands\n|-damage|p1a: Iron Hands|87\/100\n|move|p1b: Tornadus|Bleakwind Storm|p2b: Iron Hands|[spread] p2a,p2b\n|-damage|p2a: Pelipper|46\/100\n|-damage|p2b: Iron Hands|73\/100\n|cant|p1a: Iron Hands|flinch\n|move|p2a: Pelipper|Hurricane|p1b: Tornadus\n|-damage|p1b: Tornadus|60\/100\n|\n|-weather|RainDance|[upkeep]\n|upkeep\n|turn|3\n|\n|t:|1700838668\n|-end|p2b: Iron Hands|Quark Drive|[silent]\n|switch|p2b: Salamence|Salamence, L50, M|100\/100\n|-ability|p2b: Salamence|Intimidate|boost\n|-unboost|p1a: Iron Hands|atk|1\n|-unboost|p1b: Tornadus|atk|1\n|move|p2a: Pelipper|Protect|p2a: Pelipper\n|-singleturn|p2a: Pelipper|Protect\n|move|p1b: Tornadus|Bleakwind Storm|p2b: Salamence|[spread] p2b\n|-activate|p2a: Pelipper|move: Protect\n|-damage|p2b: Salamence|59\/100\n|-unboost|p2b: Salamence|spe|1\n|move|p1a: Iron Hands|Drain Punch|p2b: Salamence\n|-resisted|p2b: Salamence\n|-damage|p2b: Salamence|45\/100\n|-heal|p1a: Iron Hands|92\/100|[from] drain|[of] p2b: Salamence\n|\n|-weather|RainDance|[upkeep]\n|upkeep\n|turn|4\n|inactive|Ipeximus has 30 seconds left.\n|inactive|outsidernl has 30 seconds left.\n|\n|t:|1700838697\n|switch|p2b: Gholdengo|Gholdengo, L50|100\/100\n|-end|p1a: Iron Hands|Quark Drive|[silent]\n|switch|p1a: Gholdengo|Gholdengo, L50|100\/100\n|move|p2a: Pelipper|Wide Guard|p2a: Pelipper\n|-singleturn|p2a: Pelipper|Wide Guard\n|move|p1b: Tornadus|Bleakwind Storm|p2b: Gholdengo|[spread] \n|-activate|p2a: Pelipper|move: Wide Guard\n|-activate|p2b: Gholdengo|move: Wide Guard\n|\n|-weather|RainDance|[upkeep]\n|-sideend|p1: Ipeximus|move: Tailwind\n|upkeep\n|turn|5\n|\n|t:|1700838717\n|-terastallize|p2b: Gholdengo|Dragon\n|move|p1b: Tornadus|Tailwind|p1b: Tornadus\n|-sidestart|p1: Ipeximus|move: Tailwind\n|move|p1a: Gholdengo|Shadow Ball|p2b: Gholdengo\n|-damage|p2b: Gholdengo|44\/100\n|-damage|p1a: Gholdengo|91\/100|[from] item: Life Orb\n|move|p2b: Gholdengo|Nasty Plot|p2b: Gholdengo\n|-boost|p2b: Gholdengo|spa|2\n|move|p2a: Pelipper|Weather Ball|p1a: Gholdengo\n|-damage|p1a: Gholdengo|36\/100\n|\n|-weather|none\n|-heal|p2b: Gholdengo|50\/100|[from] item: Leftovers\n|upkeep\n|turn|6\n|\n|t:|1700838737\n|move|p2b: Gholdengo|Protect|p2b: Gholdengo\n|-singleturn|p2b: Gholdengo|Protect\n|move|p1b: Tornadus|Taunt|p2a: Pelipper\n|-start|p2a: Pelipper|move: Taunt\n|move|p1a: Gholdengo|Shadow Ball|p2b: Gholdengo\n|-activate|p2b: Gholdengo|move: Protect\n|move|p2a: Pelipper|Hurricane|p1a: Gholdengo|[miss]\n|-miss|p2a: Pelipper|p1a: Gholdengo\n|\n|-heal|p2b: Gholdengo|56\/100|[from] item: Leftovers\n|upkeep\n|turn|7\n|\n|t:|1700838756\n|move|p1b: Tornadus|Bleakwind Storm|p2a: Pelipper|[spread] p2a\n|-miss|p1b: Tornadus|p2b: Gholdengo\n|-damage|p2a: Pelipper|0 fnt\n|faint|p2a: Pelipper\n|move|p1a: Gholdengo|Shadow Ball|p2b: Gholdengo\n|-damage|p2b: Gholdengo|0 fnt\n|faint|p2b: Gholdengo\n|-damage|p1a: Gholdengo|26\/100|[from] item: Life Orb\n|\n|upkeep\n|\n|t:|1700838766\n|switch|p2b: Salamence|Salamence, L50, M|45\/100\n|switch|p2a: Iron Hands|Iron Hands, L50|73\/100\n|-ability|p2b: Salamence|Intimidate|boost\n|-unboost|p1a: Gholdengo|atk|1\n|-unboost|p1b: Tornadus|atk|1\n|turn|8\n|inactive|outsidernl has 30 seconds left.\n|\n|t:|1700838796\n|switch|p1b: Rillaboom|Rillaboom, L50, F|100\/100\n|-fieldstart|move: Grassy Terrain|[from] ability: Grassy Surge|[of] p1b: Rillaboom\n|move|p1a: Gholdengo|Protect|p1a: Gholdengo\n|-singleturn|p1a: Gholdengo|Protect\n|move|p2b: Salamence|Air Slash|p1a: Gholdengo\n|-activate|p1a: Gholdengo|move: Protect\n|move|p2a: Iron Hands|Wild Charge|p1a: Gholdengo\n|-activate|p1a: Gholdengo|move: Protect\n|\n|-heal|p1a: Gholdengo|33\/100|[from] Grassy Terrain\n|-heal|p2a: Iron Hands|79\/100|[from] Grassy Terrain\n|-sideend|p1: Ipeximus|move: Tailwind\n|upkeep\n|turn|9\n|-message|outsidernl forfeited.\n|\n|win|Ipeximus\n|raw|Ipeximus's rating: 1035 &rarr; <strong>1079<\/strong><br \/>(+44 for winning)\n|raw|outsidernl's rating: 1127 &rarr; <strong>1096<\/strong><br \/>(-31 for losing)\n|l|\u2606outsidernl\n","uploadtime":1700838848,"views":1,"p1id":"ipeximus","p2id":"outsidernl","formatid":"gen9vgc2023regulatione","rating":1079,"private":0,"password":""}