{"id":"gen9vgc2023regulatione-1990540791","p1":"k1tfox","p2":"Thieving_Vigilante","format":"[Gen 9] VGC 2023 Regulation E","log":"|j|\u2606k1tfox\n|j|\u2606Thieving_Vigilante\n|t:|1699979897\n|gametype|doubles\n|player|p1|k1tfox|harlequin|1082\n|player|p2|Thieving_Vigilante|ethan|1120\n|teamsize|p1|6\n|teamsize|p2|6\n|gen|9\n|tier|[Gen 9] VGC 2023 Regulation E\n|rated|\n|rule|Species Clause: Limit one of each Pok\u00e9mon\n|rule|Item Clause: Limit one of each item\n|clearpoke\n|poke|p1|Slaking, L50, M|\n|poke|p1|Weezing-Galar, L50, M|\n|poke|p1|Thundurus, L50, M|\n|poke|p1|Pelipper, L50, F|\n|poke|p1|Urshifu-*, L50, M|\n|poke|p1|Scizor, L50, F|\n|poke|p2|Regieleki, L50|\n|poke|p2|Gothitelle, L50, M|\n|poke|p2|Weezing, L50, M|\n|poke|p2|Roaring Moon, L50|\n|poke|p2|Torkoal, L50, F|\n|poke|p2|Flutter Mane, L50|\n|teampreview|4\n|inactive|Battle timer is ON: inactive players will automatically lose when time's up. (requested by Thieving_Vigilante)\n|inactive|Thieving_Vigilante has 60 seconds left.\n|\n|t:|1699979934\n|start\n|switch|p1a: Slaking|Slaking, L50, M|100\/100\n|switch|p1b: Weezing|Weezing-Galar, L50, M|100\/100\n|switch|p2a: Regieleki|Regieleki, L50|100\/100\n|switch|p2b: Gothitelle|Gothitelle, L50, M|100\/100\n|-ability|p1b: Weezing|Neutralizing Gas\n|turn|1\n|inactive|k1tfox has 30 seconds left.\n|\n|t:|1699979964\n|move|p2b: Gothitelle|Fake Out|p1a: Slaking\n|-damage|p1a: Slaking|97\/100\n|move|p2a: Regieleki|Electroweb|p1b: Weezing|[spread] p1a,p1b\n|-damage|p1a: Slaking|84\/100\n|-damage|p1b: Weezing|80\/100\n|-unboost|p1a: Slaking|spe|1\n|-unboost|p1b: Weezing|spe|1\n|cant|p1a: Slaking|flinch\n|move|p1b: Weezing|Dazzling Gleam|p2b: Gothitelle|[spread] p2a,p2b\n|-damage|p2a: Regieleki|65\/100\n|-damage|p2b: Gothitelle|83\/100\n|\n|upkeep\n|turn|2\n|\n|t:|1699979982\n|move|p2a: Regieleki|Thunderbolt|p1a: Slaking\n|-crit|p1a: Slaking\n|-damage|p1a: Slaking|43\/100\n|move|p2b: Gothitelle|Psyshock|p1a: Slaking\n|-damage|p1a: Slaking|20\/100\n|move|p1a: Slaking|Knock Off|p2b: Gothitelle\n|-supereffective|p2b: Gothitelle\n|-damage|p2b: Gothitelle|5\/100\n|-enditem|p2b: Gothitelle|Sitrus Berry|[from] move: Knock Off|[of] p1a: Slaking\n|move|p1b: Weezing|Dazzling Gleam|p2a: Regieleki|[spread] p2a,p2b\n|-damage|p2a: Regieleki|28\/100\n|-damage|p2b: Gothitelle|0 fnt\n|faint|p2b: Gothitelle\n|\n|upkeep\n|\n|t:|1699980003\n|switch|p2b: Roaring Moon|Roaring Moon, L50|100\/100\n|-enditem|p2b: Roaring Moon|Booster Energy\n|-activate|p2b: Roaring Moon|ability: Protosynthesis|[fromitem]\n|-start|p2b: Roaring Moon|protosynthesisspe\n|turn|3\n|inactive|k1tfox has 30 seconds left.\n|\n|t:|1699980030\n|-terastallize|p2b: Roaring Moon|Flying\n|move|p2b: Roaring Moon|Acrobatics|p1b: Weezing\n|-damage|p1b: Weezing|28\/100\n|move|p2a: Regieleki|Thunderbolt|p1a: Slaking\n|-damage|p1a: Slaking|0 fnt\n|faint|p1a: Slaking\n|move|p1b: Weezing|Dazzling Gleam|p2b: Roaring Moon|[spread] p2a,p2b\n|-crit|p2b: Roaring Moon\n|-damage|p2a: Regieleki|0 fnt\n|-damage|p2b: Roaring Moon|75\/100\n|faint|p2a: Regieleki\n|\n|upkeep\n|\n|t:|1699980049\n|switch|p2a: Weezing|Weezing, L50, M|100\/100\n|switch|p1a: Urshifu|Urshifu-Rapid-Strike, L50, M|100\/100\n|-ability|p2a: Weezing|Neutralizing Gas\n|turn|4\n|\n|t:|1699980065\n|move|p2b: Roaring Moon|Protect|p2b: Roaring Moon\n|-singleturn|p2b: Roaring Moon|Protect\n|move|p1a: Urshifu|Ice Spinner|p2b: Roaring Moon\n|-activate|p2b: Roaring Moon|move: Protect\n|move|p2a: Weezing|Will-O-Wisp|p1a: Urshifu\n|-status|p1a: Urshifu|brn\n|move|p1b: Weezing|Pain Split|p2a: Weezing\n|-sethp|p2a: Weezing|64\/100|[from] move: Pain Split|[silent]\n|-sethp|p1b: Weezing|64\/100|[from] move: Pain Split\n|\n|-heal|p2a: Weezing|70\/100|[from] item: Leftovers\n|-damage|p1a: Urshifu|95\/100 brn|[from] brn\n|upkeep\n|turn|5\n|\n|t:|1699980089\n|move|p1a: Urshifu|Detect|p1a: Urshifu\n|-singleturn|p1a: Urshifu|Protect\n|move|p2b: Roaring Moon|Acrobatics|p1a: Urshifu\n|-activate|p1a: Urshifu|move: Protect\n|move|p2a: Weezing|Taunt|p1b: Weezing\n|-start|p1b: Weezing|move: Taunt\n|cant|p1b: Weezing|move: Taunt|Will-O-Wisp\n|\n|-heal|p2a: Weezing|76\/100|[from] item: Leftovers\n|-damage|p1a: Urshifu|89\/100 brn|[from] brn\n|upkeep\n|turn|6\n|c|\u2606k1tfox|a shit\n|\n|t:|1699980110\n|move|p2b: Roaring Moon|Acrobatics|p1a: Urshifu\n|-supereffective|p1a: Urshifu\n|-damage|p1a: Urshifu|0 fnt\n|faint|p1a: Urshifu\n|move|p2a: Weezing|Taunt||[still]\n|-fail|p2a: Weezing\n|move|p1b: Weezing|Dazzling Gleam|p2b: Roaring Moon|[spread] p2a,p2b\n|-resisted|p2a: Weezing\n|-damage|p2a: Weezing|65\/100\n|-damage|p2b: Roaring Moon|57\/100\n|\n|-heal|p2a: Weezing|71\/100|[from] item: Leftovers\n|upkeep\n|\n|t:|1699980113\n|switch|p1a: Scizor|Scizor, L50, F|100\/100\n|turn|7\n|\n|t:|1699980127\n|move|p2b: Roaring Moon|Protect|p2b: Roaring Moon\n|-singleturn|p2b: Roaring Moon|Protect\n|move|p1a: Scizor|Bullet Punch|p2a: Weezing\n|-damage|p2a: Weezing|55\/100\n|move|p2a: Weezing|Will-O-Wisp|p1a: Scizor\n|-status|p1a: Scizor|brn\n|move|p1b: Weezing|Dazzling Gleam|p2b: Roaring Moon|[spread] p2a\n|-activate|p2b: Roaring Moon|move: Protect\n|-resisted|p2a: Weezing\n|-damage|p2a: Weezing|42\/100\n|\n|-heal|p2a: Weezing|48\/100|[from] item: Leftovers\n|-damage|p1a: Scizor|94\/100 brn|[from] brn\n|-end|p1b: Weezing|move: Taunt\n|upkeep\n|turn|8\n|inactive|k1tfox has 30 seconds left.\n|inactive|Thieving_Vigilante has 30 seconds left.\n|inactive|k1tfox has 20 seconds left.\n|inactive|k1tfox has 15 seconds left.\n|\n|t:|1699980170\n|-terastallize|p1a: Scizor|Flying\n|move|p2b: Roaring Moon|Knock Off|p1a: Scizor\n|-damage|p1a: Scizor|39\/100 brn\n|-enditem|p1a: Scizor|Covert Cloak|[from] move: Knock Off|[of] p2b: Roaring Moon\n|move|p1a: Scizor|Dual Wingbeat|p2b: Roaring Moon\n|-damage|p2b: Roaring Moon|41\/100\n|-damage|p2b: Roaring Moon|26\/100\n|-hitcount|p2b: Roaring Moon|2\n|move|p2a: Weezing|Taunt|p1b: Weezing\n|-start|p1b: Weezing|move: Taunt\n|move|p1b: Weezing|Dazzling Gleam|p2b: Roaring Moon|[spread] p2a,p2b\n|-resisted|p2a: Weezing\n|-damage|p2a: Weezing|37\/100\n|-damage|p2b: Roaring Moon|9\/100\n|\n|-heal|p2a: Weezing|42\/100|[from] item: Leftovers\n|-damage|p1a: Scizor|33\/100 brn|[from] brn\n|upkeep\n|turn|9\n|\n|t:|1699980194\n|move|p2b: Roaring Moon|Protect|p2b: Roaring Moon\n|-singleturn|p2b: Roaring Moon|Protect\n|move|p1a: Scizor|Bullet Punch|p2b: Roaring Moon\n|-activate|p2b: Roaring Moon|move: Protect\n|move|p2a: Weezing|Acid Spray|p1a: Scizor\n|-damage|p1a: Scizor|19\/100 brn\n|-unboost|p1a: Scizor|spd|2\n|move|p1b: Weezing|Dazzling Gleam|p2a: Weezing|[spread] p2a\n|-activate|p2b: Roaring Moon|move: Protect\n|-resisted|p2a: Weezing\n|-damage|p2a: Weezing|30\/100\n|\n|-heal|p2a: Weezing|36\/100|[from] item: Leftovers\n|-damage|p1a: Scizor|12\/100 brn|[from] brn\n|upkeep\n|turn|10\n|inactive|Thieving_Vigilante has 30 seconds left.\n|\n|t:|1699980220\n|move|p2b: Roaring Moon|Protect||[still]\n|-fail|p2b: Roaring Moon\n|move|p1a: Scizor|Bullet Punch|p2b: Roaring Moon\n|-damage|p2b: Roaring Moon|0 fnt\n|faint|p2b: Roaring Moon\n|-end|p2b: Roaring Moon|Protosynthesis|[silent]\n|move|p2a: Weezing|Acid Spray|p1a: Scizor\n|-crit|p1a: Scizor\n|-damage|p1a: Scizor|0 fnt\n|faint|p1a: Scizor\n|move|p1b: Weezing|Dazzling Gleam|p2a: Weezing\n|-resisted|p2a: Weezing\n|-damage|p2a: Weezing|19\/100\n|\n|-heal|p2a: Weezing|24\/100|[from] item: Leftovers\n|-end|p1b: Weezing|move: Taunt\n|upkeep\n|turn|11\n|\n|t:|1699980244\n|move|p2a: Weezing|Protect|p2a: Weezing\n|-singleturn|p2a: Weezing|Protect\n|move|p1b: Weezing|Pain Split|p2a: Weezing\n|-activate|p2a: Weezing|move: Protect\n|\n|-heal|p2a: Weezing|30\/100|[from] item: Leftovers\n|upkeep\n|turn|12\n|\n|t:|1699980252\n|move|p2a: Weezing|Acid Spray|p1b: Weezing\n|-damage|p1b: Weezing|52\/100\n|-unboost|p1b: Weezing|spd|2\n|move|p1b: Weezing|Dazzling Gleam|p2a: Weezing\n|-resisted|p2a: Weezing\n|-damage|p2a: Weezing|16\/100\n|\n|-heal|p2a: Weezing|21\/100|[from] item: Leftovers\n|upkeep\n|turn|13\n|\n|t:|1699980261\n|move|p2a: Weezing|Acid Spray|p1b: Weezing\n|-damage|p1b: Weezing|29\/100\n|-unboost|p1b: Weezing|spd|2\n|move|p1b: Weezing|Dazzling Gleam|p2a: Weezing\n|-resisted|p2a: Weezing\n|-damage|p2a: Weezing|6\/100\n|\n|-heal|p2a: Weezing|12\/100|[from] item: Leftovers\n|upkeep\n|turn|14\n|\n|t:|1699980271\n|move|p2a: Weezing|Protect|p2a: Weezing\n|-singleturn|p2a: Weezing|Protect\n|move|p1b: Weezing|Dazzling Gleam|p2a: Weezing\n|-activate|p2a: Weezing|move: Protect\n|\n|-heal|p2a: Weezing|17\/100|[from] item: Leftovers\n|upkeep\n|turn|15\n|\n|t:|1699980279\n|move|p2a: Weezing|Acid Spray|p1b: Weezing\n|-damage|p1b: Weezing|0 fnt\n|faint|p1b: Weezing\n|\n|win|Thieving_Vigilante\n|raw|k1tfox's rating: 1082 &rarr; <strong>1062<\/strong><br \/>(-20 for losing)\n|raw|Thieving_Vigilante's rating: 1120 &rarr; <strong>1142<\/strong><br \/>(+22 for winning)\n|c|\u2606k1tfox|gg\n|l|\u2606k1tfox\n|c|\u2606Thieving_Vigilante|gg\n","uploadtime":1699980296,"views":13,"p1id":"k1tfox","p2id":"thievingvigilante","formatid":"gen9vgc2023regulatione","rating":1062,"private":0,"password":""}