{"id":"gen9vgc2023regulatione-1999598566","p1":"Unique Gaming","p2":"LowEloGrind","format":"[Gen 9] VGC 2023 Regulation E","log":"|j|\u2606Unique Gaming\n|j|\u2606LowEloGrind\n|t:|1701099860\n|gametype|doubles\n|player|p1|Unique Gaming|266|1174\n|player|p2|LowEloGrind|1|1180\n|teamsize|p1|6\n|teamsize|p2|6\n|gen|9\n|tier|[Gen 9] VGC 2023 Regulation E\n|rated|\n|rule|Species Clause: Limit one of each Pok\u00e9mon\n|rule|Item Clause: Limit one of each item\n|clearpoke\n|poke|p1|Iron Bundle, L50|\n|poke|p1|Arcanine-Hisui, L50, M|\n|poke|p1|Amoonguss, L50, F|\n|poke|p1|Tornadus, L50, M|\n|poke|p1|Urshifu-*, L50, M|\n|poke|p1|Flutter Mane, L50|\n|poke|p2|Iron Hands, L50|\n|poke|p2|Sinistcha, L50|\n|poke|p2|Arcanine-Hisui, L50, F|\n|poke|p2|Moltres-Galar, L50|\n|poke|p2|Iron Bundle, L50|\n|poke|p2|Ninetales-Alola, L50, F|\n|teampreview|4\n|\n|t:|1701099891\n|start\n|switch|p1a: Tornadus|Tornadus, L50, M|100\/100\n|switch|p1b: Urshifu|Urshifu-Rapid-Strike, L50, M|100\/100\n|switch|p2a: Under the Tree|Iron Bundle, L50|100\/100\n|switch|p2b: Snowing!!!!!|Ninetales-Alola, L50, F|100\/100\n|-weather|Snow|[from] ability: Snow Warning|[of] p2b: Snowing!!!!!\n|-enditem|p2a: Under the Tree|Booster Energy\n|-activate|p2a: Under the Tree|ability: Quark Drive|[fromitem]\n|-start|p2a: Under the Tree|quarkdrivespe\n|turn|1\n|inactive|Battle timer is ON: inactive players will automatically lose when time's up. (requested by LowEloGrind)\n|\n|t:|1701099909\n|move|p1a: Tornadus|Tailwind|p1a: Tornadus\n|-sidestart|p1: Unique Gaming|move: Tailwind\n|move|p1b: Urshifu|Close Combat|p2a: Under the Tree\n|-supereffective|p2a: Under the Tree\n|-damage|p2a: Under the Tree|0 fnt\n|-unboost|p1b: Urshifu|def|1\n|-unboost|p1b: Urshifu|spd|1\n|faint|p2a: Under the Tree\n|-end|p2a: Under the Tree|Quark Drive|[silent]\n|move|p2b: Snowing!!!!!|Blizzard|p1b: Urshifu|[spread] p1a,p1b\n|-supereffective|p1a: Tornadus\n|-resisted|p1b: Urshifu\n|-damage|p1a: Tornadus|37\/100\n|-damage|p1b: Urshifu|72\/100\n|\n|-weather|Snow|[upkeep]\n|upkeep\n|\n|t:|1701099923\n|switch|p2a: Sanitized|Iron Hands, L50|100\/100\n|turn|2\n|\n|t:|1701099939\n|move|p1a: Tornadus|Rain Dance|p1a: Tornadus\n|-weather|RainDance\n|move|p1b: Urshifu|Close Combat|p2b: Snowing!!!!!\n|-crit|p2b: Snowing!!!!!\n|-damage|p2b: Snowing!!!!!|0 fnt\n|-unboost|p1b: Urshifu|def|1\n|-unboost|p1b: Urshifu|spd|1\n|faint|p2b: Snowing!!!!!\n|move|p2a: Sanitized|Swords Dance|p2a: Sanitized\n|-boost|p2a: Sanitized|atk|2\n|\n|-weather|RainDance|[upkeep]\n|upkeep\n|\n|t:|1701099948\n|switch|p2b: Mint Hot Chocolate|Sinistcha, L50|100\/100\n|turn|3\n|\n|t:|1701099954\n|move|p2b: Mint Hot Chocolate|Rage Powder|p2b: Mint Hot Chocolate\n|-singleturn|p2b: Mint Hot Chocolate|move: Rage Powder\n|move|p1a: Tornadus|Hurricane|p2b: Mint Hot Chocolate\n|-supereffective|p2b: Mint Hot Chocolate\n|-damage|p2b: Mint Hot Chocolate|2\/100\n|move|p1b: Urshifu|Close Combat|p2b: Mint Hot Chocolate\n|-immune|p2b: Mint Hot Chocolate\n|move|p2a: Sanitized|Thunder Punch|p1a: Tornadus\n|-supereffective|p1a: Tornadus\n|-damage|p1a: Tornadus|0 fnt\n|faint|p1a: Tornadus\n|\n|-weather|RainDance|[upkeep]\n|upkeep\n|\n|t:|1701099970\n|switch|p1a: Arcanine|Arcanine-Hisui, L50, M|100\/100\n|turn|4\n|\n|t:|1701099982\n|switch|p1b: Amoonguss|Amoonguss, L50, F|100\/100\n|move|p1a: Arcanine|Protect|p1a: Arcanine\n|-singleturn|p1a: Arcanine|Protect\n|move|p2b: Mint Hot Chocolate|Strength Sap|p1a: Arcanine\n|-activate|p1a: Arcanine|move: Protect\n|move|p2a: Sanitized|Thunder Punch|p1b: Amoonguss\n|-resisted|p1b: Amoonguss\n|-damage|p1b: Amoonguss|64\/100\n|-status|p1b: Amoonguss|par\n|\n|-weather|RainDance|[upkeep]\n|-sideend|p1: Unique Gaming|move: Tailwind\n|upkeep\n|turn|5\n|inactive|LowEloGrind has 30 seconds left.\n|\n|t:|1701100009\n|-terastallize|p2a: Sanitized|Grass\n|move|p2b: Mint Hot Chocolate|Protect|p2b: Mint Hot Chocolate\n|-singleturn|p2b: Mint Hot Chocolate|Protect\n|move|p1b: Amoonguss|Rage Powder|p1b: Amoonguss\n|-singleturn|p1b: Amoonguss|move: Rage Powder\n|move|p1a: Arcanine|Flare Blitz|p2b: Mint Hot Chocolate\n|-activate|p2b: Mint Hot Chocolate|move: Protect\n|move|p2a: Sanitized|Drain Punch|p1a: Arcanine\n|-supereffective|p1a: Arcanine\n|-damage|p1a: Arcanine|0 fnt\n|faint|p1a: Arcanine\n|\n|-weather|RainDance|[upkeep]\n|upkeep\n|\n|t:|1701100024\n|switch|p1a: Urshifu|Urshifu-Rapid-Strike, L50, M|72\/100\n|turn|6\n|inactive|Unique Gaming has 30 seconds left.\n|\n|t:|1701100056\n|-terastallize|p1a: Urshifu|Water\n|move|p2b: Mint Hot Chocolate|Rage Powder|p2b: Mint Hot Chocolate\n|-singleturn|p2b: Mint Hot Chocolate|move: Rage Powder\n|move|p1a: Urshifu|Surging Strikes|p2b: Mint Hot Chocolate\n|-resisted|p2b: Mint Hot Chocolate\n|-crit|p2b: Mint Hot Chocolate\n|-damage|p2b: Mint Hot Chocolate|0 fnt\n|faint|p2b: Mint Hot Chocolate\n|-hitcount|p2: Mint Hot Chocolate|1\n|move|p2a: Sanitized|Thunder Punch|p1a: Urshifu\n|-supereffective|p1a: Urshifu\n|-damage|p1a: Urshifu|0 fnt\n|faint|p1a: Urshifu\n|move|p1b: Amoonguss|Clear Smog|p2a: Sanitized\n|-supereffective|p2a: Sanitized\n|-damage|p2a: Sanitized|77\/100\n|-clearboost|p2a: Sanitized\n|\n|-weather|none\n|upkeep\n|turn|7\n|\n|t:|1701100073\n|move|p2a: Sanitized|Thunder Punch|p1b: Amoonguss\n|-resisted|p1b: Amoonguss\n|-damage|p1b: Amoonguss|45\/100 par\n|move|p1b: Amoonguss|Pollen Puff|p2a: Sanitized\n|-supereffective|p2a: Sanitized\n|-damage|p2a: Sanitized|50\/100\n|\n|upkeep\n|turn|8\n|\n|t:|1701100081\n|move|p2a: Sanitized|Swords Dance|p2a: Sanitized\n|-boost|p2a: Sanitized|atk|2\n|move|p1b: Amoonguss|Pollen Puff|p2a: Sanitized\n|-supereffective|p2a: Sanitized\n|-damage|p2a: Sanitized|21\/100\n|\n|upkeep\n|turn|9\n|\n|t:|1701100088\n|move|p2a: Sanitized|Drain Punch|p1b: Amoonguss\n|-resisted|p1b: Amoonguss\n|-damage|p1b: Amoonguss|7\/100 par\n|-heal|p2a: Sanitized|38\/100|[from] drain|[of] p1b: Amoonguss\n|-enditem|p1b: Amoonguss|Figy Berry|[eat]\n|-heal|p1b: Amoonguss|41\/100 par|[from] item: Figy Berry\n|move|p1b: Amoonguss|Pollen Puff|p2a: Sanitized\n|-supereffective|p2a: Sanitized\n|-damage|p2a: Sanitized|13\/100\n|\n|upkeep\n|turn|10\n|\n|t:|1701100109\n|move|p2a: Sanitized|Drain Punch|p1b: Amoonguss\n|-resisted|p1b: Amoonguss\n|-damage|p1b: Amoonguss|5\/100 par\n|-heal|p2a: Sanitized|28\/100|[from] drain|[of] p1b: Amoonguss\n|move|p1b: Amoonguss|Clear Smog|p2a: Sanitized\n|-supereffective|p2a: Sanitized\n|-damage|p2a: Sanitized|5\/100\n|-clearboost|p2a: Sanitized\n|\n|upkeep\n|turn|11\n|\n|t:|1701100121\n|move|p2a: Sanitized|Drain Punch|p1b: Amoonguss\n|-resisted|p1b: Amoonguss\n|-damage|p1b: Amoonguss|0 fnt\n|-heal|p2a: Sanitized|8\/100|[from] drain|[of] p1b: Amoonguss\n|faint|p1b: Amoonguss\n|\n|win|LowEloGrind\n|raw|Unique Gaming's rating: 1174 &rarr; <strong>1149<\/strong><br \/>(-25 for losing)\n|raw|LowEloGrind's rating: 1180 &rarr; <strong>1205<\/strong><br \/>(+25 for winning)\n|l|\u2606Unique Gaming\n","uploadtime":1701100129,"views":9,"p1id":"uniquegaming","p2id":"lowelogrind","formatid":"gen9vgc2023regulatione","rating":1149,"private":0,"password":""}