{"id":"gen9vgc2023regulatione-1990140062","p1":"Hllmnt","p2":"Snidor","format":"[Gen 9] VGC 2023 Regulation E","log":"|j|\u203dHllmnt\n|j|\u2606Snidor\n|t:|1699928904\n|gametype|doubles\n|player|p1|Hllmnt|veteran-gen4|1032\n|player|p2|Snidor|266|1055\n|teamsize|p1|6\n|teamsize|p2|6\n|gen|9\n|tier|[Gen 9] VGC 2023 Regulation E\n|rated|\n|rule|Species Clause: Limit one of each Pok\u00e9mon\n|rule|Item Clause: Limit one of each item\n|clearpoke\n|poke|p1|Ogerpon-Cornerstone, L50, F|\n|poke|p1|Sinistcha-Masterpiece, L50|\n|poke|p1|Houndstone, L50, M|\n|poke|p1|Tyranitar, L50, M|\n|poke|p1|Heatran, L50, M|\n|poke|p1|Landorus-Therian, L50, M|\n|poke|p2|Clawitzer, L50, M|\n|poke|p2|Cresselia, L50, F|\n|poke|p2|Dusclops, L50, F|\n|poke|p2|Conkeldurr, L50, M|\n|poke|p2|Amoonguss, L50, M|\n|poke|p2|Iron Valiant, L50|\n|teampreview|4\n|\n|t:|1699928943\n|start\n|switch|p1a: Tyranitar|Tyranitar, L50, M, shiny|100\/100\n|switch|p1b: Houndstone|Houndstone, L50, M|100\/100\n|switch|p2a: Cresselia|Cresselia, L50, F|100\/100\n|switch|p2b: Clawitzer|Clawitzer, L50, M, shiny|100\/100\n|-weather|Sandstorm|[from] ability: Sand Stream|[of] p1a: Tyranitar\n|turn|1\n|\n|t:|1699928969\n|switch|p1a: Sinistcha|Sinistcha-Masterpiece, L50|100\/100\n|move|p1b: Houndstone|Snarl|p2a: Cresselia|[spread] p2a,p2b\n|-supereffective|p2a: Cresselia\n|-damage|p2a: Cresselia|93\/100\n|-damage|p2b: Clawitzer|94\/100\n|-unboost|p2a: Cresselia|spa|1\n|-unboost|p2b: Clawitzer|spa|1\n|move|p2b: Clawitzer|Aura Sphere|p1a: Sinistcha\n|-immune|p1a: Sinistcha\n|move|p2a: Cresselia|Trick Room|p2a: Cresselia\n|-fieldstart|move: Trick Room|[of] p2a: Cresselia\n|\n|-weather|Sandstorm|[upkeep]\n|-damage|p2b: Clawitzer|88\/100|[from] Sandstorm\n|-damage|p1a: Sinistcha|94\/100|[from] Sandstorm\n|-damage|p2a: Cresselia|87\/100|[from] Sandstorm\n|upkeep\n|turn|2\n|\n|t:|1699928999\n|switch|p2b: Conkeldurr|Conkeldurr, L50, M|100\/100\n|move|p1a: Sinistcha|Nasty Plot|p1a: Sinistcha\n|-boost|p1a: Sinistcha|spa|2\n|move|p2a: Cresselia|Shadow Ball|p1a: Sinistcha\n|-supereffective|p1a: Sinistcha\n|-damage|p1a: Sinistcha|64\/100\n|move|p1b: Houndstone|Snarl|p2a: Cresselia|[spread] p2a,p2b\n|-supereffective|p2a: Cresselia\n|-resisted|p2b: Conkeldurr\n|-damage|p2a: Cresselia|78\/100\n|-damage|p2b: Conkeldurr|97\/100\n|-unboost|p2a: Cresselia|spa|1\n|-unboost|p2b: Conkeldurr|spa|1\n|\n|-weather|Sandstorm|[upkeep]\n|-damage|p2b: Conkeldurr|91\/100|[from] Sandstorm\n|-damage|p1a: Sinistcha|58\/100|[from] Sandstorm\n|-damage|p2a: Cresselia|72\/100|[from] Sandstorm\n|-status|p2b: Conkeldurr|brn|[from] item: Flame Orb\n|upkeep\n|turn|3\n|\n|t:|1699929025\n|move|p1b: Houndstone|Ally Switch|p1b: Houndstone\n|swap|p1b: Houndstone|0|[from] move: Ally Switch\n|move|p2b: Conkeldurr|Rock Slide|p1a: Houndstone|[spread] p1a,p1b\n|-damage|p1a: Houndstone|71\/100\n|-damage|p1b: Sinistcha|34\/100\n|move|p1b: Sinistcha|Strength Sap|p2b: Conkeldurr\n|-unboost|p2b: Conkeldurr|atk|1\n|-heal|p1b: Sinistcha|100\/100\n|move|p2a: Cresselia|Shadow Ball|p1b: Sinistcha\n|-supereffective|p1b: Sinistcha\n|-damage|p1b: Sinistcha|78\/100\n|-unboost|p1b: Sinistcha|spd|1\n|\n|-weather|Sandstorm|[upkeep]\n|-damage|p2b: Conkeldurr|85\/100 brn|[from] Sandstorm\n|-damage|p1b: Sinistcha|72\/100|[from] Sandstorm\n|-damage|p2a: Cresselia|66\/100|[from] Sandstorm\n|-damage|p2b: Conkeldurr|79\/100 brn|[from] brn\n|upkeep\n|turn|4\n|\n|t:|1699929052\n|switch|p1a: Landorus|Landorus-Therian, L50, M|100\/100\n|-ability|p1a: Landorus|Intimidate|boost\n|-unboost|p2a: Cresselia|atk|1\n|-unboost|p2b: Conkeldurr|atk|1\n|move|p2b: Conkeldurr|Rock Slide|p1a: Landorus|[spread] \n|-miss|p2b: Conkeldurr|p1a: Landorus\n|-miss|p2b: Conkeldurr|p1b: Sinistcha\n|move|p1b: Sinistcha|Strength Sap|p2b: Conkeldurr\n|-unboost|p2b: Conkeldurr|atk|1\n|-heal|p1b: Sinistcha|100\/100\n|move|p2a: Cresselia|Shadow Ball|p1a: Landorus\n|-damage|p1a: Landorus|90\/100\n|-unboost|p1a: Landorus|spd|1\n|\n|-weather|Sandstorm|[upkeep]\n|-damage|p2b: Conkeldurr|73\/100 brn|[from] Sandstorm\n|-damage|p1b: Sinistcha|94\/100|[from] Sandstorm\n|-damage|p2a: Cresselia|60\/100|[from] Sandstorm\n|-damage|p2b: Conkeldurr|67\/100 brn|[from] brn\n|upkeep\n|turn|5\n|\n|t:|1699929082\n|-terastallize|p1a: Landorus|Flying\n|move|p2b: Conkeldurr|Knock Off|p1b: Sinistcha\n|-supereffective|p1b: Sinistcha\n|-damage|p1b: Sinistcha|58\/100\n|-damage|p2b: Conkeldurr|50\/100 brn|[from] item: Rocky Helmet|[of] p1b: Sinistcha\n|-enditem|p1b: Sinistcha|Rocky Helmet|[from] move: Knock Off|[of] p2b: Conkeldurr\n|move|p1b: Sinistcha|Matcha Gotcha|p2b: Conkeldurr|[spread] p2a,p2b\n|-damage|p2a: Cresselia|25\/100\n|-heal|p1b: Sinistcha|79\/100|[from] drain|[of] p2a: Cresselia\n|-damage|p2b: Conkeldurr|0 fnt\n|-heal|p1b: Sinistcha|100\/100|[from] drain|[of] p2b: Conkeldurr\n|-status|p2a: Cresselia|brn\n|-enditem|p2a: Cresselia|Aguav Berry|[eat]\n|-heal|p2a: Cresselia|59\/100 brn|[from] item: Aguav Berry\n|faint|p2b: Conkeldurr\n|move|p2a: Cresselia|Energy Ball|p1a: Landorus\n|-resisted|p1a: Landorus\n|-damage|p1a: Landorus|82\/100\n|move|p1a: Landorus|Tera Blast|p2a: Cresselia|[anim] Tera Blast Flying\n|-damage|p2a: Cresselia|17\/100 brn\n|\n|-weather|none\n|-damage|p2a: Cresselia|10\/100 brn|[from] brn\n|-fieldend|move: Trick Room\n|upkeep\n|\n|t:|1699929110\n|switch|p2b: Iron Valiant|Iron Valiant, L50, shiny|100\/100\n|turn|6\n|\n|t:|1699929139\n|move|p1a: Landorus|Tera Blast|p2a: Cresselia|[anim] Tera Blast Flying\n|-damage|p2a: Cresselia|0 fnt\n|faint|p2a: Cresselia\n|move|p2b: Iron Valiant|Liquidation|p1a: Landorus\n|-damage|p1a: Landorus|59\/100\n|move|p1b: Sinistcha|Strength Sap|p2b: Iron Valiant\n|-unboost|p2b: Iron Valiant|atk|1\n|\n|upkeep\n|\n|t:|1699929149\n|switch|p2a: Clawitzer|Clawitzer, L50, M, shiny|88\/100\n|turn|7\n|\n|t:|1699929163\n|-terastallize|p2b: Iron Valiant|Fairy\n|move|p1a: Landorus|Tera Blast|p2b: Iron Valiant|[anim] Tera Blast Flying\n|-damage|p2b: Iron Valiant|35\/100\n|move|p2b: Iron Valiant|Moonblast|p1a: Landorus\n|-damage|p1a: Landorus|0 fnt\n|faint|p1a: Landorus\n|move|p1b: Sinistcha|Matcha Gotcha|p2a: Clawitzer|[spread] p2a,p2b\n|-supereffective|p2a: Clawitzer\n|-damage|p2a: Clawitzer|0 fnt\n|-damage|p2b: Iron Valiant|0 fnt\n|faint|p2a: Clawitzer\n|faint|p2b: Iron Valiant\n|-end|p2b: Iron Valiant|Quark Drive|[silent]\n|\n|win|Hllmnt\n|raw|Hllmnt's rating: 1032 &rarr; <strong>1070<\/strong><br \/>(+38 for winning)\n|raw|Snidor's rating: 1055 &rarr; <strong>1036<\/strong><br \/>(-19 for losing)\n|l|\u2606Snidor\n","uploadtime":1699929179,"views":13,"p1id":"hllmnt","p2id":"snidor","formatid":"gen9vgc2023regulatione","rating":1036,"private":0,"password":""}