{"id":"gen9vgc2023regulatione-1996625773","p1":"sxlver","p2":"HeyThor","format":"[Gen 9] VGC 2023 Regulation E","log":"|j|\u2606sxlver\n|j|\u2606HeyThor\n|t:|1700702166\n|gametype|doubles\n|player|p1|sxlver|unknownf|1061\n|player|p2|HeyThor|169|1149\n|teamsize|p1|6\n|teamsize|p2|6\n|gen|9\n|tier|[Gen 9] VGC 2023 Regulation E\n|rated|\n|rule|Species Clause: Limit one of each Pok\u00e9mon\n|rule|Item Clause: Limit one of each item\n|clearpoke\n|poke|p1|Espathra, L50, F|\n|poke|p1|Ninetales-Alola, L50, F|\n|poke|p1|Espeon, L50, F|\n|poke|p1|Torterra, L50, F|\n|poke|p1|Chi-Yu, L50|\n|poke|p1|Indeedee-F, L50, F|\n|poke|p2|Flutter Mane, L50|\n|poke|p2|Urshifu-*, L50, M|\n|poke|p2|Heatran, L50, M|\n|poke|p2|Tornadus, L50, M|\n|poke|p2|Arcanine-Hisui, L50, M|\n|poke|p2|Iron Hands, L50|\n|teampreview|4\n|\n|t:|1700702216\n|start\n|switch|p1a: j'quavious|Ninetales-Alola, L50, F, shiny|100\/100\n|switch|p1b: brown|Espathra, L50, F, shiny|100\/100\n|switch|p2a: Flutter Mane|Flutter Mane, L50|100\/100\n|switch|p2b: Tornadus|Tornadus, L50, M|100\/100\n|-weather|Snow|[from] ability: Snow Warning|[of] p1a: j'quavious\n|turn|1\n|\n|t:|1700702246\n|move|p1b: brown|Protect|p1b: brown\n|-singleturn|p1b: brown|Protect\n|move|p2b: Tornadus|Sunny Day|p2b: Tornadus\n|-weather|SunnyDay\n|-activate|p2a: Flutter Mane|ability: Protosynthesis\n|-start|p2a: Flutter Mane|protosynthesisspa\n|move|p2a: Flutter Mane|Shadow Ball|p1b: brown\n|-activate|p1b: brown|move: Protect\n|move|p1a: j'quavious|Blizzard|p2a: Flutter Mane|[spread] p2a,p2b\n|-supereffective|p2b: Tornadus\n|-damage|p2a: Flutter Mane|70\/100\n|-damage|p2b: Tornadus|10\/100\n|\n|-weather|SunnyDay|[upkeep]\n|-ability|p1b: brown|Speed Boost|boost\n|-boost|p1b: brown|spe|1\n|upkeep\n|turn|2\n|inactive|Battle timer is ON: inactive players will automatically lose when time's up. (requested by HeyThor)\n|\n|t:|1700702306\n|move|p2b: Tornadus|Tailwind|p2b: Tornadus\n|-sidestart|p2: HeyThor|move: Tailwind\n|move|p2a: Flutter Mane|Shadow Ball|p1b: brown\n|-supereffective|p1b: brown\n|-damage|p1b: brown|0 fnt\n|faint|p1b: brown\n|move|p1a: j'quavious|Blizzard|p2a: Flutter Mane|[spread] p2a,p2b\n|-supereffective|p2b: Tornadus\n|-damage|p2a: Flutter Mane|37\/100\n|-damage|p2b: Tornadus|0 fnt\n|faint|p2b: Tornadus\n|\n|-weather|SunnyDay|[upkeep]\n|upkeep\n|\n|t:|1700702329\n|switch|p1b: groot|Torterra, L50, F|100\/100\n|switch|p2b: Heatran|Heatran, L50, M|100\/100\n|turn|3\n|inactive|HeyThor has 30 seconds left.\n|\n|t:|1700702361\n|-terastallize|p1b: groot|Water\n|move|p1a: j'quavious|Protect|p1a: j'quavious\n|-singleturn|p1a: j'quavious|Protect\n|move|p2a: Flutter Mane|Shadow Ball|p1b: groot\n|-damage|p1b: groot|26\/100\n|move|p2b: Heatran|Heat Wave|p1b: groot|[spread] p1b\n|-activate|p1a: j'quavious|move: Protect\n|-resisted|p1b: groot\n|-damage|p1b: groot|5\/100\n|-status|p1b: groot|brn\n|move|p1b: groot|Headlong Rush|p2b: Heatran\n|-supereffective|p2b: Heatran\n|-damage|p2b: Heatran|25\/100\n|-unboost|p1b: groot|def|1\n|-unboost|p1b: groot|spd|1\n|-enditem|p1b: groot|Eject Pack\n|c|\u2606sxlver|ffs\n|\n|t:|1700702378\n|switch|p1b: fish|Chi-Yu, L50|100\/100\n|-ability|p1b: fish|Beads of Ruin\n|\n|-weather|SunnyDay|[upkeep]\n|-heal|p2b: Heatran|31\/100|[from] item: Leftovers\n|upkeep\n|turn|4\n|\n|t:|1700702399\n|-end|p2a: Flutter Mane|Protosynthesis|[silent]\n|switch|p2a: Arcanine|Arcanine-Hisui, L50, M|100\/100\n|-ability|p2a: Arcanine|Intimidate|boost\n|-unboost|p1a: j'quavious|atk|1\n|-unboost|p1b: fish|atk|1\n|move|p1b: fish|Snarl|p2b: Heatran|[spread] p2a,p2b\n|-damage|p2a: Arcanine|63\/100\n|-damage|p2b: Heatran|9\/100\n|-unboost|p2a: Arcanine|spa|1\n|-unboost|p2b: Heatran|spa|1\n|move|p2b: Heatran|Heat Wave|p1a: j'quavious|[spread] p1a,p1b\n|-supereffective|p1a: j'quavious\n|-resisted|p1b: fish\n|-damage|p1a: j'quavious|0 fnt\n|-damage|p1b: fish|81\/100\n|faint|p1a: j'quavious\n|\n|-weather|SunnyDay|[upkeep]\n|-heal|p2b: Heatran|15\/100|[from] item: Leftovers\n|upkeep\n|\n|t:|1700702413\n|switch|p1a: groot|Torterra, L50, F, tera:Water|5\/100 brn\n|turn|5\n|\n|t:|1700702430\n|move|p1a: groot|Wide Guard|p1a: groot\n|-singleturn|p1a: groot|Wide Guard\n|move|p2a: Arcanine|Extreme Speed|p1a: groot\n|-damage|p1a: groot|0 fnt\n|faint|p1a: groot\n|-damage|p2a: Arcanine|53\/100|[from] item: Life Orb\n|move|p1b: fish|Snarl|p2b: Heatran|[spread] p2a,p2b\n|-damage|p2a: Arcanine|18\/100\n|-damage|p2b: Heatran|0 fnt\n|-unboost|p2a: Arcanine|spa|1\n|faint|p2b: Heatran\n|\n|-weather|none\n|-sideend|p2: HeyThor|move: Tailwind\n|upkeep\n|\n|t:|1700702446\n|switch|p2b: Flutter Mane|Flutter Mane, L50|37\/100\n|turn|6\n|\n|t:|1700702469\n|-terastallize|p2b: Flutter Mane|Flying\n|move|p2a: Arcanine|Extreme Speed|p1b: fish\n|-damage|p1b: fish|21\/100\n|-damage|p2a: Arcanine|8\/100|[from] item: Life Orb\n|move|p1b: fish|Snarl|p2a: Arcanine|[spread] p2a,p2b\n|-damage|p2a: Arcanine|0 fnt\n|-damage|p2b: Flutter Mane|4\/100\n|-unboost|p2b: Flutter Mane|spa|1\n|faint|p2a: Arcanine\n|move|p2b: Flutter Mane|Moonblast|p1b: fish\n|-damage|p1b: fish|0 fnt\n|faint|p1b: fish\n|\n|win|HeyThor\n|raw|sxlver's rating: 1061 &rarr; <strong>1047<\/strong><br \/>(-14 for losing)\n|raw|HeyThor's rating: 1149 &rarr; <strong>1168<\/strong><br \/>(+19 for winning)\n|c|\u2606sxlver|gg\n","uploadtime":1700702486,"views":5,"p1id":"sxlver","p2id":"heythor","formatid":"gen9vgc2023regulatione","rating":1047,"private":0,"password":""}