{"id":"gen9vgc2023regulatione-1987864933","p1":"hiddenarsenal01","p2":"Mitch-BOT","format":"[Gen 9] VGC 2023 Regulation E","log":"|j|\u2606hiddenarsenal01\n|j|\u2606Mitch-BOT\n|t:|1699643950\n|gametype|doubles\n|player|p1|hiddenarsenal01|101|1485\n|player|p2|Mitch-BOT|2|1479\n|teamsize|p1|6\n|teamsize|p2|6\n|gen|9\n|tier|[Gen 9] VGC 2023 Regulation E\n|rated|\n|rule|Species Clause: Limit one of each Pok\u00e9mon\n|rule|Item Clause: Limit one of each item\n|clearpoke\n|poke|p1|Tornadus, L50, M|\n|poke|p1|Rillaboom, L50, M|\n|poke|p1|Roaring Moon, L50|\n|poke|p1|Urshifu-*, L50, F|\n|poke|p1|Flutter Mane, L50|\n|poke|p1|Arcanine-Hisui, L50, M|\n|poke|p2|Scizor, L50, F|\n|poke|p2|Urshifu-*, L50, M|\n|poke|p2|Clefairy, L50, F|\n|poke|p2|Ursaluna-Bloodmoon, L50, M|\n|poke|p2|Farigiraf, L50, M|\n|poke|p2|Ogerpon-Hearthflame, L50, F|\n|teampreview|4\n|j| DarkRinoRex\n|\n|t:|1699644009\n|start\n|switch|p1a: Tornadus|Tornadus, L50, M|100\/100\n|switch|p1b: Urshifu|Urshifu-Rapid-Strike, L50, F|100\/100\n|switch|p2a: Clefairy|Clefairy, L50, F|100\/100\n|switch|p2b: Farigiraf|Farigiraf, L50, M|100\/100\n|turn|1\n|inactive|Battle timer is ON: inactive players will automatically lose when time's up. (requested by hiddenarsenal01)\n|\n|t:|1699644096\n|move|p1b: Urshifu|Protect|p1b: Urshifu\n|-singleturn|p1b: Urshifu|Protect\n|move|p1a: Tornadus|Rain Dance|p1a: Tornadus\n|-weather|RainDance\n|move|p2a: Clefairy|Heal Pulse|p2b: Farigiraf\n|-fail|p2b: Farigiraf|heal\n|move|p2b: Farigiraf|Trick Room|p2b: Farigiraf\n|-fieldstart|move: Trick Room|[of] p2b: Farigiraf\n|\n|-weather|RainDance|[upkeep]\n|upkeep\n|turn|2\n|\n|t:|1699644109\n|-terastallize|p1b: Urshifu|Water\n|move|p2a: Clefairy|Follow Me|p2a: Clefairy\n|-singleturn|p2a: Clefairy|move: Follow Me\n|move|p2b: Farigiraf|Nasty Plot|p2b: Farigiraf\n|-boost|p2b: Farigiraf|spa|2\n|move|p1b: Urshifu|Surging Strikes|p2a: Clefairy\n|-crit|p2a: Clefairy\n|-damage|p2a: Clefairy|54\/100\n|-crit|p2a: Clefairy\n|-damage|p2a: Clefairy|12\/100\n|-crit|p2a: Clefairy\n|-damage|p2a: Clefairy|0 fnt\n|faint|p2a: Clefairy\n|-hitcount|p2: Clefairy|3\n|move|p1a: Tornadus|Bleakwind Storm|p2b: Farigiraf\n|-damage|p2b: Farigiraf|63\/100\n|-unboost|p2b: Farigiraf|spe|1\n|\n|-weather|RainDance|[upkeep]\n|upkeep\n|\n|t:|1699644119\n|switch|p2a: Ursaluna|Ursaluna-Bloodmoon, L50, M|100\/100\n|turn|3\n|\n|t:|1699644139\n|move|p1b: Urshifu|Protect|p1b: Urshifu\n|-singleturn|p1b: Urshifu|Protect\n|move|p2b: Farigiraf|Dazzling Gleam|p1a: Tornadus|[spread] p1a\n|-activate|p1b: Urshifu|move: Protect\n|-damage|p1a: Tornadus|63\/100\n|move|p2a: Ursaluna|Hyper Voice|p1b: Urshifu|[spread] p1a\n|-activate|p1b: Urshifu|move: Protect\n|-damage|p1a: Tornadus|5\/100\n|-damage|p2a: Ursaluna|91\/100|[from] item: Life Orb\n|move|p1a: Tornadus|Bleakwind Storm|p2b: Farigiraf|[spread] p2a,p2b\n|-damage|p2a: Ursaluna|57\/100\n|-damage|p2b: Farigiraf|35\/100\n|-enditem|p2b: Farigiraf|Sitrus Berry|[eat]\n|-heal|p2b: Farigiraf|60\/100|[from] item: Sitrus Berry\n|\n|-weather|RainDance|[upkeep]\n|upkeep\n|turn|4\n|j| neusrel\n|inactive|hiddenarsenal01 has 30 seconds left.\n|\n|t:|1699644166\n|switch|p1b: Rillaboom|Rillaboom, L50, M|100\/100\n|-fieldstart|move: Grassy Terrain|[from] ability: Grassy Surge|[of] p1b: Rillaboom\n|move|p2b: Farigiraf|Dazzling Gleam|p1a: Tornadus|[spread] p1a,p1b\n|-damage|p1a: Tornadus|0 fnt\n|-damage|p1b: Rillaboom|74\/100\n|faint|p1a: Tornadus\n|move|p2a: Ursaluna|Earth Power|p1b: Rillaboom\n|-resisted|p1b: Rillaboom\n|-damage|p1b: Rillaboom|47\/100\n|-damage|p2a: Ursaluna|48\/100|[from] item: Life Orb\n|\n|-weather|RainDance|[upkeep]\n|-heal|p2b: Farigiraf|66\/100|[from] Grassy Terrain\n|-heal|p2a: Ursaluna|54\/100|[from] Grassy Terrain\n|-heal|p1b: Rillaboom|53\/100|[from] Grassy Terrain\n|upkeep\n|\n|t:|1699644182\n|switch|p1a: Urshifu|Urshifu-Rapid-Strike, L50, F, tera:Water|100\/100\n|turn|5\n|\n|t:|1699644189\n|switch|p1b: Arcanine|Arcanine-Hisui, L50, M|100\/100\n|-ability|p1b: Arcanine|Intimidate|boost\n|-unboost|p2a: Ursaluna|atk|1\n|-unboost|p2b: Farigiraf|atk|1\n|move|p1a: Urshifu|Protect|p1a: Urshifu\n|-singleturn|p1a: Urshifu|Protect\n|move|p2b: Farigiraf|Dazzling Gleam|p1a: Urshifu|[spread] p1b\n|-activate|p1a: Urshifu|move: Protect\n|-resisted|p1b: Arcanine\n|-damage|p1b: Arcanine|81\/100\n|move|p2a: Ursaluna|Hyper Voice|p1b: Arcanine|[spread] p1b\n|-activate|p1a: Urshifu|move: Protect\n|-resisted|p1b: Arcanine\n|-damage|p1b: Arcanine|51\/100\n|-damage|p2a: Ursaluna|45\/100|[from] item: Life Orb\n|\n|-weather|none\n|-heal|p2b: Farigiraf|72\/100|[from] Grassy Terrain\n|-heal|p2a: Ursaluna|51\/100|[from] Grassy Terrain\n|-heal|p1b: Arcanine|57\/100|[from] Grassy Terrain\n|-fieldend|move: Trick Room\n|upkeep\n|turn|6\n|inactive|Mitch-BOT has 30 seconds left.\n|inactive|hiddenarsenal01 has 30 seconds left.\n|inactive|Mitch-BOT has 20 seconds left.\n|inactive|Mitch-BOT has 15 seconds left.\n|inactive|hiddenarsenal01 has 20 seconds left.\n|inactive|Mitch-BOT has 10 seconds left.\n|\n|t:|1699644235\n|-terastallize|p2a: Ursaluna|Grass\n|move|p1b: Arcanine|Flare Blitz|p2b: Farigiraf\n|-damage|p2b: Farigiraf|5\/100\n|-damage|p1b: Arcanine|27\/100|[from] Recoil\n|move|p1a: Urshifu|Surging Strikes|p2b: Farigiraf\n|-crit|p2b: Farigiraf\n|-damage|p2b: Farigiraf|0 fnt\n|faint|p2b: Farigiraf\n|-hitcount|p2: Farigiraf|1\n|move|p2a: Ursaluna|Earth Power|p1b: Arcanine\n|-supereffective|p1b: Arcanine\n|-damage|p1b: Arcanine|0 fnt\n|faint|p1b: Arcanine\n|-damage|p2a: Ursaluna|41\/100|[from] item: Life Orb\n|\n|-heal|p2a: Ursaluna|47\/100|[from] Grassy Terrain\n|upkeep\n|\n|t:|1699644242\n|switch|p1b: Rillaboom|Rillaboom, L50, M|53\/100\n|switch|p2b: Ogerpon|Ogerpon-Hearthflame, L50, F|100\/100\n|-ability|p2b: Ogerpon|Mold Breaker\n|turn|7\n|\n|t:|1699644259\n|move|p1b: Rillaboom|Fake Out|p2b: Ogerpon\n|-damage|p2b: Ogerpon|83\/100\n|cant|p2b: Ogerpon|flinch\n|move|p1a: Urshifu|Close Combat|p2a: Ursaluna\n|-damage|p2a: Ursaluna|3\/100\n|-unboost|p1a: Urshifu|def|1\n|-unboost|p1a: Urshifu|spd|1\n|move|p2a: Ursaluna|Blood Moon|p1a: Urshifu\n|-damage|p1a: Urshifu|0 fnt\n|faint|p1a: Urshifu\n|-damage|p2a: Ursaluna|0 fnt|[from] item: Life Orb\n|faint|p2a: Ursaluna\n|\n|-heal|p2b: Ogerpon|88\/100|[from] Grassy Terrain\n|-heal|p1b: Rillaboom|59\/100|[from] Grassy Terrain\n|upkeep\n|turn|8\n|\n|t:|1699644276\n|move|p2b: Ogerpon|Ivy Cudgel|p1b: Rillaboom\n|-supereffective|p1b: Rillaboom\n|-damage|p1b: Rillaboom|0 fnt\n|faint|p1b: Rillaboom\n|\n|win|Mitch-BOT\n|raw|hiddenarsenal01's rating: 1485 &rarr; <strong>1465<\/strong><br \/>(-20 for losing)\n|raw|Mitch-BOT's rating: 1479 &rarr; <strong>1499<\/strong><br \/>(+20 for winning)\n","uploadtime":1699644284,"views":12,"p1id":"hiddenarsenal01","p2id":"mitchbot","formatid":"gen9vgc2023regulatione","rating":1465,"private":0,"password":""}