{"id":"gen9vgc2023regulatione-1990703956","p1":"rulrus","p2":"OttoTheIdol","format":"[Gen 9] VGC 2023 Regulation E","log":"|j|\u2606rulrus\n|j|\u2606OttoTheIdol\n|t:|1699993242\n|gametype|doubles\n|player|p1|rulrus|zinzolin|1400\n|player|p2|OttoTheIdol|1|1299\n|teamsize|p1|6\n|teamsize|p2|6\n|gen|9\n|tier|[Gen 9] VGC 2023 Regulation E\n|rated|\n|rule|Species Clause: Limit one of each Pok\u00e9mon\n|rule|Item Clause: Limit one of each item\n|clearpoke\n|poke|p1|Arcanine-Hisui, L50, M|\n|poke|p1|Annihilape, L50, M|\n|poke|p1|Tornadus, L50, M|\n|poke|p1|Muk-Alola, L50, M|\n|poke|p1|Sinistcha-Masterpiece, L50|\n|poke|p1|Chesnaught, L50, M|\n|poke|p2|Morpeko, L50, M|\n|poke|p2|Weezing, L50, M|\n|poke|p2|Landorus-Therian, L50, M|\n|poke|p2|Flutter Mane, L50|\n|poke|p2|Roaring Moon, L50|\n|poke|p2|Ogerpon-Wellspring, L50, F|\n|teampreview|4\n|inactive|Battle timer is ON: inactive players will automatically lose when time's up. (requested by rulrus)\n|j| Lando129\n|c|\u2606rulrus|we bringing the goat out\n|c| Lando129|Let's see what you cook up.\n|inactive|rulrus has 60 seconds left.\n|inactive|OttoTheIdol has 60 seconds left.\n|\n|t:|1699993297\n|start\n|switch|p1a: Arcanine|Arcanine-Hisui, L50, M|100\/100\n|switch|p1b: Sinistcha|Sinistcha-Masterpiece, L50|100\/100\n|switch|p2a: Weezing|Weezing, L50, M, shiny|100\/100\n|switch|p2b: Morpeko|Morpeko, L50, M|100\/100\n|-ability|p2a: Weezing|Neutralizing Gas\n|turn|1\n|c|\u2606rulrus|this isnt the mu for it\n|c|\u2606rulrus|but\n|c|\u2606rulrus|i want to see it work\n|c| Lando129|I'm worried, something's up.\n|\n|t:|1699993315\n|switch|p1b: Muk|Muk-Alola, L50, M|100\/100\n|move|p2b: Morpeko|Knock Off|p1b: Muk\n|-resisted|p1b: Muk\n|-damage|p1b: Muk|84\/100\n|-enditem|p1b: Muk|Mirror Herb|[from] move: Knock Off|[of] p2b: Morpeko\n|move|p1a: Arcanine|Rock Slide|p2a: Weezing|[spread] p2a,p2b\n|-damage|p2a: Weezing|63\/100\n|-damage|p2b: Morpeko|7\/100\n|cant|p2a: Weezing|flinch\n|\n|upkeep\n|turn|2\n|\n|t:|1699993332\n|move|p2b: Morpeko|Knock Off|p1a: Arcanine\n|-damage|p1a: Arcanine|60\/100\n|-enditem|p1a: Arcanine|Choice Band|[from] move: Knock Off|[of] p2b: Morpeko\n|move|p1a: Arcanine|Rock Slide|p2a: Weezing|[spread] p2a,p2b\n|-damage|p2a: Weezing|39\/100\n|-damage|p2b: Morpeko|0 fnt\n|-enditem|p2a: Weezing|Sitrus Berry|[eat]\n|-heal|p2a: Weezing|63\/100|[from] item: Sitrus Berry\n|faint|p2b: Morpeko\n|move|p2a: Weezing|Taunt|p1b: Muk\n|-start|p1b: Muk|move: Taunt\n|move|p1b: Muk|Knock Off|p2a: Weezing\n|-damage|p2a: Weezing|37\/100\n|\n|upkeep\n|\n|t:|1699993349\n|switch|p2b: Landorus|Landorus-Therian, L50, M|100\/100\n|-ability|p2b: Landorus|Intimidate|boost\n|-unboost|p1a: Arcanine|atk|1\n|-unboost|p1b: Muk|atk|1\n|turn|3\n|\n|t:|1699993362\n|switch|p1a: Chesnaught|Chesnaught, L50, M|100\/100\n|move|p2b: Landorus|Stomping Tantrum|p1a: Chesnaught\n|-resisted|p1a: Chesnaught\n|-damage|p1a: Chesnaught|88\/100\n|move|p2a: Weezing|Gunk Shot|p1a: Chesnaught|[miss]\n|-miss|p2a: Weezing|p1a: Chesnaught\n|move|p1b: Muk|Knock Off|p2b: Landorus\n|-damage|p2b: Landorus|74\/100\n|-enditem|p2b: Landorus|Ability Shield|[from] move: Knock Off|[of] p1b: Muk\n|\n|-heal|p1a: Chesnaught|94\/100|[from] item: Leftovers\n|upkeep\n|turn|4\n|c| Lando129|Wow, that luck is insane.\n|\n|t:|1699993383\n|switch|p1b: Sinistcha|Sinistcha-Masterpiece, L50|100\/100\n|-terastallize|p1a: Chesnaught|Steel\n|move|p2b: Landorus|Stomping Tantrum|p1b: Sinistcha\n|-resisted|p1b: Sinistcha\n|-damage|p1b: Sinistcha|82\/100\n|move|p2a: Weezing|Will-O-Wisp|p1a: Chesnaught\n|-status|p1a: Chesnaught|brn\n|move|p1a: Chesnaught|Iron Defense|p1a: Chesnaught\n|-boost|p1a: Chesnaught|def|2\n|\n|-heal|p1a: Chesnaught|99\/100 brn|[from] item: Leftovers\n|-damage|p1a: Chesnaught|94\/100 brn|[from] brn\n|upkeep\n|turn|5\n|c|\u2606rulrus|bad decisions all day\n|\n|t:|1699993405\n|move|p1b: Sinistcha|Rage Powder|p1b: Sinistcha\n|-singleturn|p1b: Sinistcha|move: Rage Powder\n|move|p2b: Landorus|Stomping Tantrum|p1b: Sinistcha\n|-resisted|p1b: Sinistcha\n|-damage|p1b: Sinistcha|65\/100\n|move|p2a: Weezing|Taunt|p1b: Sinistcha\n|-start|p1b: Sinistcha|move: Taunt\n|move|p1a: Chesnaught|Iron Defense|p1a: Chesnaught\n|-boost|p1a: Chesnaught|def|2\n|\n|-heal|p1a: Chesnaught|99\/100 brn|[from] item: Leftovers\n|-damage|p1a: Chesnaught|94\/100 brn|[from] brn\n|upkeep\n|turn|6\n|c| Lando129|Body Press? You better hope they didn't bring fluttermane.\n|\n|t:|1699993425\n|move|p2b: Landorus|U-turn|p1b: Sinistcha\n|-damage|p1b: Sinistcha|43\/100\n|-enditem|p1b: Sinistcha|Sitrus Berry|[eat]\n|-heal|p1b: Sinistcha|68\/100|[from] item: Sitrus Berry\n|\n|t:|1699993429\n|switch|p2b: Flutter Mane|Flutter Mane, L50|100\/100|[from] U-turn\n|move|p2a: Weezing|Gunk Shot|p1b: Sinistcha|[miss]\n|-miss|p2a: Weezing|p1b: Sinistcha\n|move|p1b: Sinistcha|Matcha Gotcha|p2b: Flutter Mane|[spread] p2a,p2b\n|-resisted|p2a: Weezing\n|-damage|p2a: Weezing|23\/100\n|-heal|p1b: Sinistcha|75\/100|[from] drain|[of] p2a: Weezing\n|-damage|p2b: Flutter Mane|75\/100\n|-heal|p1b: Sinistcha|84\/100|[from] drain|[of] p2b: Flutter Mane\n|move|p1a: Chesnaught|Body Press|p2b: Flutter Mane\n|-immune|p2b: Flutter Mane\n|\n|-heal|p1a: Chesnaught|99\/100 brn|[from] item: Leftovers\n|-damage|p1a: Chesnaught|94\/100 brn|[from] brn\n|upkeep\n|turn|7\n|c|\u2606rulrus|i mean idk how flutter can damage it\n|c| Lando129|Yeah...\n|c|\u2606rulrus|whats it gonna press here\n|c| Lando129|Shadow Ball?\n|inactive|rulrus has 30 seconds left.\n|inactive|OttoTheIdol has 30 seconds left.\n|c| Lando129|Does Chesnaught high high SPDEF?\n|inactive|rulrus has 20 seconds left.\n|inactive|OttoTheIdol has 20 seconds left.\n|\n|t:|1699993467\n|switch|p1b: Muk|Muk-Alola, L50, M|84\/100\n|move|p2a: Weezing|Protect|p2a: Weezing\n|-singleturn|p2a: Weezing|Protect\n|move|p2b: Flutter Mane|Shadow Ball|p1b: Muk\n|-resisted|p1b: Muk\n|-damage|p1b: Muk|58\/100\n|move|p1a: Chesnaught|Iron Defense|p1a: Chesnaught\n|-boost|p1a: Chesnaught|def|2\n|\n|-heal|p1a: Chesnaught|99\/100 brn|[from] item: Leftovers\n|-damage|p1a: Chesnaught|94\/100 brn|[from] brn\n|upkeep\n|turn|8\n|c|\u2606rulrus|hes bulletproof\n|c| Lando129|Oh, I see. XD\n|c| Lando129|That's hilarious.\n|inactive|rulrus has 30 seconds left.\n|inactive|OttoTheIdol has 30 seconds left.\n|\n|t:|1699993497\n|-end|p2a: Weezing|ability: Neutralizing Gas\n|switch|p2a: Landorus|Landorus-Therian, L50, M|74\/100\n|-ability|p2a: Landorus|Intimidate|boost\n|-unboost|p1a: Chesnaught|atk|1\n|-unboost|p1b: Muk|atk|1\n|move|p2b: Flutter Mane|Shadow Ball|p1b: Muk\n|-resisted|p1b: Muk\n|-damage|p1b: Muk|30\/100\n|move|p1b: Muk|Gunk Shot|p2b: Flutter Mane\n|-damage|p2b: Flutter Mane|15\/100\n|move|p1a: Chesnaught|Body Press|p2a: Landorus\n|-resisted|p2a: Landorus\n|-damage|p2a: Landorus|32\/100\n|\n|-heal|p1a: Chesnaught|99\/100 brn|[from] item: Leftovers\n|-damage|p1a: Chesnaught|94\/100 brn|[from] brn\n|upkeep\n|turn|9\n|inactive|OttoTheIdol has 30 seconds left.\n|\n|t:|1699993523\n|move|p2b: Flutter Mane|Shadow Ball|p1b: Muk\n|-resisted|p1b: Muk\n|-damage|p1b: Muk|6\/100\n|-unboost|p1b: Muk|spd|1\n|move|p2a: Landorus|Stomping Tantrum|p1a: Chesnaught\n|-supereffective|p1a: Chesnaught\n|-damage|p1a: Chesnaught|80\/100 brn\n|move|p1b: Muk|Gunk Shot|p2b: Flutter Mane\n|-damage|p2b: Flutter Mane|0 fnt\n|faint|p2b: Flutter Mane\n|-end|p2b: Flutter Mane|Protosynthesis|[silent]\n|move|p1a: Chesnaught|Body Press|p2a: Landorus\n|-resisted|p2a: Landorus\n|-damage|p2a: Landorus|0 fnt\n|faint|p2a: Landorus\n|\n|-heal|p1a: Chesnaught|87\/100 brn|[from] item: Leftovers\n|-damage|p1a: Chesnaught|80\/100 brn|[from] brn\n|upkeep\n|-message|OttoTheIdol forfeited.\n|\n|win|rulrus\n|raw|rulrus's rating: 1400 &rarr; <strong>1414<\/strong><br \/>(+14 for winning)\n|raw|OttoTheIdol's rating: 1299 &rarr; <strong>1281<\/strong><br \/>(-18 for losing)\n|l|\u2606OttoTheIdol\n|c|\u2606rulrus|i mean\n|c| Lando129|He missed both of his Gunk SHots and you didn't?\n|c| Lando129|Bruh.\n|c|\u2606rulrus|yeah...\n|c| Lando129|He just got robbed right there. XD\n|c|\u2606rulrus|while that is true\n|c|\u2606rulrus|i dont think chesnaught was breaking\n|c|\u2606rulrus|im wondering if this next to a cress to heal will o is viable too\n|c| Lando129|He has base 75 SPDEF.\n|c|\u2606rulrus|flutter can only use resisted moonblast on it\n|c|\u2606rulrus|taking fire from arcanine and muk\n|c|\u2606rulrus|but true\n","uploadtime":1699993637,"views":18,"p1id":"rulrus","p2id":"ottotheidol","formatid":"gen9vgc2023regulatione","rating":1281,"private":0,"password":""}