{"id":"gen9vgc2023regulatione-1992370271","p1":"Roche777","p2":"Qwerty328","format":"[Gen 9] VGC 2023 Regulation E","log":"|j|\u2606Roche777\n|j|\u2606Qwerty328\n|t:|1700179732\n|gametype|doubles\n|player|p1|Roche777|veteran|1165\n|player|p2|Qwerty328|koga|1265\n|teamsize|p1|6\n|teamsize|p2|6\n|gen|9\n|tier|[Gen 9] VGC 2023 Regulation E\n|rated|\n|rule|Species Clause: Limit one of each Pok\u00e9mon\n|rule|Item Clause: Limit one of each item\n|clearpoke\n|poke|p1|Enamorus, L50, F|\n|poke|p1|Iron Hands, L50|\n|poke|p1|Goodra-Hisui, L50, F|\n|poke|p1|Gastrodon-East, L50, M|\n|poke|p1|Weezing, L50, F|\n|poke|p1|Cresselia, L50, F|\n|poke|p2|Urshifu-*, L50, F|\n|poke|p2|Landorus-Therian, L50, M|\n|poke|p2|Iron Moth, L50|\n|poke|p2|Lucario, L50, F|\n|poke|p2|Tornadus, L50, M|\n|poke|p2|Amoonguss, L50, F|\n|teampreview|4\n|c|\u2606Roche777|Hi5\n|\n|t:|1700179779\n|start\n|switch|p1a: Enamorus|Enamorus, L50, F|100\/100\n|switch|p1b: Iron Hands|Iron Hands, L50|100\/100\n|switch|p2a: Urshifu|Urshifu, L50, F|100\/100\n|switch|p2b: Amoonguss|Amoonguss, L50, F, shiny|100\/100\n|-enditem|p1b: Iron Hands|Booster Energy\n|-activate|p1b: Iron Hands|ability: Quark Drive|[fromitem]\n|-start|p1b: Iron Hands|quarkdriveatk\n|turn|1\n|\n|t:|1700179796\n|-terastallize|p2a: Urshifu|Steel\n|move|p1b: Iron Hands|Fake Out|p2b: Amoonguss\n|-damage|p2b: Amoonguss|77\/100\n|-damage|p1b: Iron Hands|84\/100|[from] item: Rocky Helmet|[of] p2b: Amoonguss\n|cant|p2b: Amoonguss|flinch\n|move|p2a: Urshifu|Swords Dance|p2a: Urshifu\n|-boost|p2a: Urshifu|atk|2\n|move|p1a: Enamorus|Play Rough|p2a: Urshifu\n|-resisted|p2a: Urshifu\n|-damage|p2a: Urshifu|80\/100\n|\n|upkeep\n|turn|2\n|\n|t:|1700179825\n|-end|p1b: Iron Hands|Quark Drive|[silent]\n|switch|p1b: Goodra|Goodra-Hisui, L50, F|100\/100\n|move|p2a: Urshifu|Protect|p2a: Urshifu\n|-singleturn|p2a: Urshifu|Protect\n|move|p1a: Enamorus|Superpower|p2a: Urshifu\n|-activate|p2a: Urshifu|move: Protect\n|move|p2b: Amoonguss|Spore|p1a: Enamorus\n|-activate|p1a: Enamorus|item: Safety Goggles|Spore\n|\n|upkeep\n|turn|3\n|\n|t:|1700179849\n|move|p2a: Urshifu|Wicked Blow|p1b: Goodra\n|-crit|p1b: Goodra\n|-damage|p1b: Goodra|0 fnt\n|-damage|p2a: Urshifu|63\/100|[from] item: Rocky Helmet|[of] p1b: Goodra\n|faint|p1b: Goodra\n|move|p1a: Enamorus|Superpower|p2a: Urshifu\n|-supereffective|p2a: Urshifu\n|-damage|p2a: Urshifu|0 fnt\n|-boost|p1a: Enamorus|atk|1\n|-boost|p1a: Enamorus|def|1\n|faint|p2a: Urshifu\n|move|p2b: Amoonguss|Pollen Puff|p2: Urshifu|[notarget]\n|-fail|p2b: Amoonguss\n|\n|upkeep\n|\n|t:|1700179863\n|switch|p2a: Lucario|Lucario, L50, F, shiny|100\/100\n|switch|p1b: Iron Hands|Iron Hands, L50|84\/100\n|turn|4\n|\n|t:|1700179875\n|move|p2a: Lucario|Protect|p2a: Lucario\n|-singleturn|p2a: Lucario|Protect\n|move|p1b: Iron Hands|Fake Out|p2a: Lucario\n|-activate|p2a: Lucario|move: Protect\n|move|p1a: Enamorus|Superpower|p2a: Lucario\n|-activate|p2a: Lucario|move: Protect\n|move|p2b: Amoonguss|Spore|p1b: Iron Hands\n|-status|p1b: Iron Hands|slp|[from] move: Spore\n|\n|upkeep\n|turn|5\n|\n|t:|1700179899\n|-terastallize|p1a: Enamorus|Steel\n|move|p2b: Amoonguss|Rage Powder|p2b: Amoonguss\n|-singleturn|p2b: Amoonguss|move: Rage Powder\n|move|p2a: Lucario|Meteor Mash|p1a: Enamorus\n|-resisted|p1a: Enamorus\n|-damage|p1a: Enamorus|81\/100\n|-boost|p2a: Lucario|atk|1\n|move|p1a: Enamorus|Superpower|p2a: Lucario\n|-supereffective|p2a: Lucario\n|-enditem|p2a: Lucario|Focus Sash\n|-damage|p2a: Lucario|1\/100\n|-boost|p1a: Enamorus|atk|1\n|-boost|p1a: Enamorus|def|1\n|cant|p1b: Iron Hands|slp\n|\n|upkeep\n|turn|6\n|\n|t:|1700179920\n|move|p1a: Enamorus|Protect|p1a: Enamorus\n|-singleturn|p1a: Enamorus|Protect\n|move|p2a: Lucario|Close Combat|p1a: Enamorus\n|-activate|p1a: Enamorus|move: Protect\n|move|p2b: Amoonguss|Spore|p1b: Iron Hands\n|-fail|p1b: Iron Hands|slp\n|cant|p1b: Iron Hands|slp\n|\n|upkeep\n|turn|7\n|\n|t:|1700179935\n|switch|p1a: Gastrodon|Gastrodon-East, L50, M|100\/100\n|move|p2b: Amoonguss|Rage Powder|p2b: Amoonguss\n|-singleturn|p2b: Amoonguss|move: Rage Powder\n|move|p2a: Lucario|Close Combat|p1a: Gastrodon\n|-damage|p1a: Gastrodon|33\/100\n|-unboost|p2a: Lucario|def|1\n|-unboost|p2a: Lucario|spd|1\n|cant|p1b: Iron Hands|slp\n|\n|upkeep\n|turn|8\n|\n|t:|1700179961\n|-end|p1b: Iron Hands|Quark Drive|[silent]\n|switch|p1b: Enamorus|Enamorus, L50, F, tera:Steel|81\/100\n|move|p2b: Amoonguss|Rage Powder|p2b: Amoonguss\n|-singleturn|p2b: Amoonguss|move: Rage Powder\n|move|p2a: Lucario|Close Combat|p1a: Gastrodon\n|-damage|p1a: Gastrodon|0 fnt\n|-unboost|p2a: Lucario|def|1\n|-unboost|p2a: Lucario|spd|1\n|faint|p1a: Gastrodon\n|\n|upkeep\n|\n|t:|1700179972\n|switch|p1a: Iron Hands|Iron Hands, L50|84\/100 slp\n|turn|9\n|\n|t:|1700179977\n|move|p2a: Lucario|Protect|p2a: Lucario\n|-singleturn|p2a: Lucario|Protect\n|move|p1b: Enamorus|Protect|p1b: Enamorus\n|-singleturn|p1b: Enamorus|Protect\n|-curestatus|p1a: Iron Hands|slp|[msg]\n|move|p1a: Iron Hands|Fake Out|p2a: Lucario\n|-activate|p2a: Lucario|move: Protect\n|move|p2b: Amoonguss|Spore|p1a: Iron Hands\n|-status|p1a: Iron Hands|slp|[from] move: Spore\n|\n|upkeep\n|turn|10\n|\n|t:|1700179996\n|move|p2a: Lucario|Close Combat|p1b: Enamorus\n|-supereffective|p1b: Enamorus\n|-crit|p1b: Enamorus\n|-damage|p1b: Enamorus|0 fnt\n|-unboost|p2a: Lucario|def|1\n|-unboost|p2a: Lucario|spd|1\n|faint|p1b: Enamorus\n|move|p2b: Amoonguss|Pollen Puff|p2a: Lucario\n|-heal|p2a: Lucario|51\/100\n|cant|p1a: Iron Hands|slp\n|\n|upkeep\n|turn|11\n|\n|t:|1700180009\n|move|p2a: Lucario|Close Combat|p1a: Iron Hands\n|-damage|p1a: Iron Hands|28\/100 slp\n|-unboost|p2a: Lucario|def|1\n|-unboost|p2a: Lucario|spd|1\n|move|p2b: Amoonguss|Pollen Puff|p1a: Iron Hands\n|-resisted|p1a: Iron Hands\n|-damage|p1a: Iron Hands|20\/100 slp\n|cant|p1a: Iron Hands|slp\n|\n|upkeep\n|turn|12\n|c|\u2606Roche777|Hi5\n|c|\u2606Roche777|Ggwp\n|-message|Roche777 forfeited.\n|\n|win|Qwerty328\n|raw|Roche777's rating: 1165 &rarr; <strong>1147<\/strong><br \/>(-18 for losing)\n|raw|Qwerty328's rating: 1265 &rarr; <strong>1283<\/strong><br \/>(+18 for winning)\n|l|\u2606Roche777\n|c|\u2606Qwerty328|Gg\n","uploadtime":1700180035,"views":14,"p1id":"roche777","p2id":"qwerty328","formatid":"gen9vgc2023regulatione","rating":1147,"private":0,"password":""}