{"id":"gen9vgc2023regulatione-1990518127","p1":"Fullmetal2517","p2":"qz231114B","format":"[Gen 9] VGC 2023 Regulation E","log":"|j|\u2606Fullmetal2517\n|j|\u2606qz231114B\n|t:|1699978037\n|gametype|doubles\n|player|p1|Fullmetal2517|2|1194\n|player|p2|qz231114B|170|1157\n|teamsize|p1|6\n|teamsize|p2|6\n|gen|9\n|tier|[Gen 9] VGC 2023 Regulation E\n|rated|\n|rule|Species Clause: Limit one of each Pok\u00e9mon\n|rule|Item Clause: Limit one of each item\n|clearpoke\n|poke|p1|Dragapult, L50, M|\n|poke|p1|Chi-Yu, L50|\n|poke|p1|Tornadus, L50, M|\n|poke|p1|Chien-Pao, L50|\n|poke|p1|Flutter Mane, L50|\n|poke|p1|Rillaboom, L50, M|\n|poke|p2|Tornadus, L50, M|\n|poke|p2|Volcarona, L50, M|\n|poke|p2|Basculegion, L50, M|\n|poke|p2|Ludicolo, L50, F|\n|poke|p2|Scizor, L50, F|\n|poke|p2|Flutter Mane, L50|\n|teampreview|4\n|inactive|Battle timer is ON: inactive players will automatically lose when time's up. (requested by qz231114B)\nqz231114B rejected open team sheets.\n|\n|t:|1699978067\n|start\n|switch|p1a: Dragapult|Dragapult, L50, M|100\/100\n|switch|p1b: Rillaboom|Rillaboom, L50, M|100\/100\n|switch|p2a: Tornadus|Tornadus, L50, M|100\/100\n|switch|p2b: Basculegion|Basculegion, L50, M|100\/100\n|-fieldstart|move: Grassy Terrain|[from] ability: Grassy Surge|[of] p1b: Rillaboom\n|turn|1\n|inactive|Fullmetal2517 has 30 seconds left.\n|\n|t:|1699978099\n|switch|p1a: Chien-Pao|Chien-Pao, L50|100\/100\n|-ability|p1a: Chien-Pao|Sword of Ruin\n|move|p2a: Tornadus|Rain Dance|p2a: Tornadus\n|-weather|RainDance\n|move|p1b: Rillaboom|Grassy Glide|p2b: Basculegion\n|-supereffective|p2b: Basculegion\n|-damage|p2b: Basculegion|0 fnt\n|faint|p2b: Basculegion\n|\n|-weather|RainDance|[upkeep]\n|upkeep\n|\n|t:|1699978107\n|switch|p2b: Volcarona|Volcarona, L50, M|100\/100\n|turn|2\n|inactive|Fullmetal2517 has 30 seconds left.\n|\n|t:|1699978133\n|switch|p1b: Dragapult|Dragapult, L50, M|100\/100\n|move|p2a: Tornadus|Tailwind|p2a: Tornadus\n|-sidestart|p2: qz231114B|move: Tailwind\n|move|p2b: Volcarona|Quiver Dance|p2b: Volcarona\n|-boost|p2b: Volcarona|spa|1\n|-boost|p2b: Volcarona|spd|1\n|-boost|p2b: Volcarona|spe|1\n|move|p1a: Chien-Pao|Ice Spinner|p2a: Tornadus\n|-supereffective|p2a: Tornadus\n|-damage|p2a: Tornadus|0 fnt\n|-fieldend|move: Grassy Terrain\n|faint|p2a: Tornadus\n|\n|-weather|RainDance|[upkeep]\n|upkeep\n|\n|t:|1699978143\n|switch|p2a: Scizor|Scizor, L50, F|100\/100\n|turn|3\n|\n|t:|1699978160\n|-terastallize|p1a: Chien-Pao|Dark\n|move|p1a: Chien-Pao|Sucker Punch|p2b: Volcarona\n|-damage|p2b: Volcarona|41\/100\n|-damage|p1a: Chien-Pao|84\/100|[from] item: Rocky Helmet|[of] p2b: Volcarona\n|move|p2a: Scizor|Bullet Punch|p1a: Chien-Pao\n|-damage|p1a: Chien-Pao|37\/100\n|move|p2b: Volcarona|Hurricane|p1a: Chien-Pao\n|-damage|p1a: Chien-Pao|0 fnt\n|faint|p1a: Chien-Pao\n|move|p1b: Dragapult|Phantom Force||[still]\n|-prepare|p1b: Dragapult|Phantom Force\n|\n|-weather|RainDance|[upkeep]\n|upkeep\n|inactive|Fullmetal2517 has 30 seconds left.\n|\n|t:|1699978186\n|switch|p1a: Rillaboom|Rillaboom, L50, M|100\/100\n|-fieldstart|move: Grassy Terrain|[from] ability: Grassy Surge|[of] p1a: Rillaboom\n|turn|4\n|\n|t:|1699978197\n|move|p1a: Rillaboom|Fake Out|p2b: Volcarona\n|-damage|p2b: Volcarona|27\/100\n|-damage|p1a: Rillaboom|84\/100|[from] item: Rocky Helmet|[of] p2b: Volcarona\n|-status|p1a: Rillaboom|brn|[from] ability: Flame Body|[of] p2b: Volcarona\n|cant|p2b: Volcarona|flinch\n|move|p1b: Dragapult|Phantom Force|p2a: Scizor|[from]lockedmove\n|-damage|p2a: Scizor|33\/100\n|move|p2a: Scizor|Swords Dance|p2a: Scizor\n|-boost|p2a: Scizor|atk|2\n|\n|-weather|RainDance|[upkeep]\n|-heal|p2b: Volcarona|33\/100|[from] Grassy Terrain\n|-heal|p2a: Scizor|39\/100|[from] Grassy Terrain\n|-heal|p2a: Scizor|45\/100|[from] item: Leftovers\n|-heal|p1a: Rillaboom|90\/100 brn|[from] Grassy Terrain\n|-damage|p1a: Rillaboom|84\/100 brn|[from] brn\n|upkeep\n|turn|5\n|\n|t:|1699978222\n|move|p2a: Scizor|Bullet Punch|p1b: Dragapult\n|-damage|p1b: Dragapult|10\/100\n|move|p2b: Volcarona|Hurricane|p1b: Dragapult\n|-damage|p1b: Dragapult|0 fnt\n|faint|p1b: Dragapult\n|move|p1a: Rillaboom|High Horsepower|p2b: Volcarona\n|-damage|p2b: Volcarona|18\/100\n|-damage|p1a: Rillaboom|68\/100 brn|[from] item: Rocky Helmet|[of] p2b: Volcarona\n|\n|-weather|RainDance|[upkeep]\n|-heal|p2b: Volcarona|24\/100|[from] Grassy Terrain\n|-heal|p2a: Scizor|51\/100|[from] Grassy Terrain\n|-heal|p2a: Scizor|58\/100|[from] item: Leftovers\n|-heal|p1a: Rillaboom|73\/100 brn|[from] Grassy Terrain\n|-damage|p1a: Rillaboom|68\/100 brn|[from] brn\n|-sideend|p2: qz231114B|move: Tailwind\n|upkeep\n|\n|t:|1699978237\n|switch|p1b: Flutter Mane|Flutter Mane, L50|100\/100\n|turn|6\n|\n|t:|1699978255\n|move|p2a: Scizor|Bullet Punch|p1b: Flutter Mane\n|-supereffective|p1b: Flutter Mane\n|-damage|p1b: Flutter Mane|0 fnt\n|faint|p1b: Flutter Mane\n|-end|p1b: Flutter Mane|Protosynthesis|[silent]\n|move|p2b: Volcarona|Hurricane|p1a: Rillaboom\n|-supereffective|p1a: Rillaboom\n|-damage|p1a: Rillaboom|0 fnt\n|faint|p1a: Rillaboom\n|\n|win|qz231114B\n|raw|Fullmetal2517's rating: 1194 &rarr; <strong>1166<\/strong><br \/>(-28 for losing)\n|raw|qz231114B's rating: 1157 &rarr; <strong>1185<\/strong><br \/>(+28 for winning)\n","uploadtime":1699978262,"views":12,"p1id":"fullmetal2517","p2id":"qz231114b","formatid":"gen9vgc2023regulatione","rating":1166,"private":0,"password":""}