{"id":"gen9vgc2023regulatione-1988234593","p1":"Jop 26 in a row","p2":"jasonwatsonVGC","format":"[Gen 9] VGC 2023 Regulation E","log":"|j|\u2606Jop 26 in a row\n|j|\u2606jasonwatsonVGC\n|t:|1699690990\n|gametype|doubles\n|player|p1|Jop 26 in a row|lillie|1137\n|player|p2|jasonwatsonVGC|101|1078\n|teamsize|p1|6\n|teamsize|p2|6\n|gen|9\n|tier|[Gen 9] VGC 2023 Regulation E\n|rated|\n|rule|Species Clause: Limit one of each Pok\u00e9mon\n|rule|Item Clause: Limit one of each item\n|clearpoke\n|poke|p1|Moltres-Galar, L50|\n|poke|p1|Arcanine-Hisui, L50, F|\n|poke|p1|Munkidori, L50, M|\n|poke|p1|Sinistcha, L50|\n|poke|p1|Grimmsnarl, L50, M|\n|poke|p1|Milotic, L50, M|\n|poke|p2|Flutter Mane, L50|\n|poke|p2|Urshifu-*, L50, M|\n|poke|p2|Landorus-Therian, L50, M|\n|poke|p2|Heatran, L50, M|\n|poke|p2|Ogerpon-Wellspring, L50, F|\n|poke|p2|Tornadus, L50, M|\n|teampreview|4\n|inactive|Battle timer is ON: inactive players will automatically lose when time's up. (requested by Jop 26 in a row)\n|\n|t:|1699691019\n|start\n|switch|p1a: Grimmsnarl|Grimmsnarl, L50, M|100\/100\n|switch|p1b: Milotic|Milotic, L50, M|100\/100\n|switch|p2a: baLLS|Ogerpon-Wellspring, L50, F|100\/100\n|switch|p2b: THICCCCC|Urshifu-Rapid-Strike, L50, M|100\/100\n|turn|1\n|inactive|jasonwatsonVGC has 30 seconds left.\n|\n|t:|1699691048\n|-terastallize|p2a: baLLS|Water\n|detailschange|p2a: baLLS|Ogerpon-Wellspring-Tera, L50, F, tera:Water\n|-ability|p2a: baLLS|Embody Aspect (Wellspring)|boost\n|-boost|p2a: baLLS|spd|1\n|-terastallize|p1b: Milotic|Grass\n|move|p1a: Grimmsnarl|Reflect|p1a: Grimmsnarl\n|-sidestart|p1: Jop 26 in a row|Reflect\n|move|p2a: baLLS|Horn Leech|p1b: Milotic\n|-resisted|p1b: Milotic\n|-damage|p1b: Milotic|85\/100\n|move|p2b: THICCCCC|Close Combat|p1a: Grimmsnarl\n|-damage|p1a: Grimmsnarl|61\/100\n|-unboost|p2b: THICCCCC|def|1\n|-unboost|p2b: THICCCCC|spd|1\n|move|p1b: Milotic|Hypnosis|p2b: THICCCCC|[miss]\n|-miss|p1b: Milotic|p2b: THICCCCC\n|\n|upkeep\n|turn|2\n|\n|t:|1699691067\n|move|p1a: Grimmsnarl|Light Screen|p1a: Grimmsnarl\n|-sidestart|p1: Jop 26 in a row|move: Light Screen\n|move|p2a: baLLS|Swords Dance|p2a: baLLS\n|-boost|p2a: baLLS|atk|2\n|move|p2b: THICCCCC|Surging Strikes|p1a: Grimmsnarl\n|-crit|p1a: Grimmsnarl\n|-damage|p1a: Grimmsnarl|40\/100\n|-crit|p1a: Grimmsnarl\n|-damage|p1a: Grimmsnarl|18\/100\n|-crit|p1a: Grimmsnarl\n|-damage|p1a: Grimmsnarl|0 fnt\n|faint|p1a: Grimmsnarl\n|-hitcount|p1: Grimmsnarl|3\n|move|p1b: Milotic|Icy Wind|p2b: THICCCCC|[spread] p2a,p2b\n|-resisted|p2a: baLLS\n|-resisted|p2b: THICCCCC\n|-damage|p2a: baLLS|96\/100\n|-damage|p2b: THICCCCC|87\/100\n|-unboost|p2a: baLLS|spe|1\n|-unboost|p2b: THICCCCC|spe|1\n|\n|upkeep\n|\n|t:|1699691083\n|switch|p1a: Moltres|Moltres-Galar, L50, shiny|100\/100\n|turn|3\n|\n|t:|1699691098\n|move|p1b: Milotic|Hypnosis|p2a: baLLS\n|-status|p2a: baLLS|slp|[from] move: Hypnosis\n|cant|p2a: baLLS|slp\n|move|p1a: Moltres|Nasty Plot|p1a: Moltres\n|-boost|p1a: Moltres|spa|2\n|move|p2b: THICCCCC|Surging Strikes|p1a: Moltres\n|-crit|p1a: Moltres\n|-damage|p1a: Moltres|77\/100\n|-crit|p1a: Moltres\n|-damage|p1a: Moltres|55\/100\n|-crit|p1a: Moltres\n|-damage|p1a: Moltres|32\/100\n|-enditem|p1a: Moltres|Sitrus Berry|[eat]\n|-heal|p1a: Moltres|57\/100|[from] item: Sitrus Berry\n|-hitcount|p1a: Moltres|3\n|\n|upkeep\n|turn|4\n|\n|t:|1699691119\n|cant|p2a: baLLS|slp\n|move|p1b: Milotic|Icy Wind|p2b: THICCCCC|[spread] p2a,p2b\n|-resisted|p2a: baLLS\n|-resisted|p2b: THICCCCC\n|-damage|p2a: baLLS|92\/100 slp\n|-damage|p2b: THICCCCC|76\/100\n|-unboost|p2a: baLLS|spe|1\n|-unboost|p2b: THICCCCC|spe|1\n|move|p1a: Moltres|Air Slash|p2b: THICCCCC\n|-supereffective|p2b: THICCCCC\n|-damage|p2b: THICCCCC|0 fnt\n|faint|p2b: THICCCCC\n|\n|upkeep\n|\n|t:|1699691130\n|switch|p2b: BALLSD!|Landorus-Therian, L50, M|100\/100\n|-ability|p2b: BALLSD!|Intimidate|boost\n|-unboost|p1a: Moltres|atk|1\n|-unboost|p1b: Milotic|atk|1\n|-ability|p1b: Milotic|Competitive|boost\n|-boost|p1b: Milotic|spa|2\n|turn|5\n|\n|t:|1699691140\n|move|p2b: BALLSD!|Rock Slide|p1b: Milotic|[spread] p1a,p1b\n|-supereffective|p1a: Moltres\n|-damage|p1a: Moltres|25\/100\n|-damage|p1b: Milotic|66\/100\n|-ability|p1a: Moltres|Berserk|boost\n|-boost|p1a: Moltres|spa|1\n|cant|p1b: Milotic|flinch\n|cant|p1a: Moltres|flinch\n|-curestatus|p2a: baLLS|slp|[msg]\n|move|p2a: baLLS|Swords Dance|p2a: baLLS\n|-boost|p2a: baLLS|atk|2\n|\n|upkeep\n|turn|6\n|inactive|jasonwatsonVGC has 30 seconds left.\n|\n|t:|1699691168\n|move|p1a: Moltres|Protect|p1a: Moltres\n|-singleturn|p1a: Moltres|Protect\n|move|p2b: BALLSD!|Rock Slide|p1b: Milotic|[spread] p1b\n|-activate|p1a: Moltres|move: Protect\n|-damage|p1b: Milotic|46\/100\n|move|p1b: Milotic|Icy Wind|p2a: baLLS|[spread] p2a,p2b\n|-resisted|p2a: baLLS\n|-supereffective|p2b: BALLSD!\n|-damage|p2a: baLLS|83\/100\n|-damage|p2b: BALLSD!|0 fnt\n|-unboost|p2a: baLLS|spe|1\n|faint|p2b: BALLSD!\n|move|p2a: baLLS|Horn Leech|p1a: Moltres\n|-activate|p1a: Moltres|move: Protect\n|\n|upkeep\n|\n|t:|1699691182\n|switch|p2b: BALLS!|Heatran, L50, M|100\/100\n|turn|7\n|\n|t:|1699691194\n|move|p2b: BALLS!|Protect|p2b: BALLS!\n|-singleturn|p2b: BALLS!|Protect\n|move|p1b: Milotic|Hydro Pump|p2b: BALLS!\n|-activate|p2b: BALLS!|move: Protect\n|move|p1a: Moltres|Fiery Wrath|p2a: baLLS|[spread] p2a\n|-activate|p2b: BALLS!|move: Protect\n|-damage|p2a: baLLS|17\/100\n|move|p2a: baLLS|Horn Leech|p1a: Moltres\n|-resisted|p1a: Moltres\n|-damage|p1a: Moltres|0 fnt\n|-heal|p2a: baLLS|33\/100|[from] drain|[of] p1a: Moltres\n|faint|p1a: Moltres\n|\n|upkeep\n|\n|t:|1699691205\n|switch|p1a: Sinistcha|Sinistcha, L50|100\/100\n|-heal|p1b: Milotic|71\/100|[from] ability: Hospitality|[of] p1a: Sinistcha\n|turn|8\n|\n|t:|1699691225\n|move|p1b: Milotic|Hydro Pump|p2b: BALLS!\n|-supereffective|p2b: BALLS!\n|-damage|p2b: BALLS!|0 fnt\n|faint|p2b: BALLS!\n|move|p1a: Sinistcha|Matcha Gotcha|p2a: baLLS\n|-supereffective|p2a: baLLS\n|-damage|p2a: baLLS|0 fnt\n|faint|p2a: baLLS\n|\n|win|Jop 26 in a row\n|raw|Jop 26 in a row's rating: 1137 &rarr; <strong>1158<\/strong><br \/>(+21 for winning)\n|raw|jasonwatsonVGC's rating: 1078 &rarr; <strong>1060<\/strong><br \/>(-18 for losing)\n|l|\u2606jasonwatsonVGC\n","uploadtime":1699691234,"views":22,"p1id":"jop26inarow","p2id":"jasonwatsonvgc","formatid":"gen9vgc2023regulatione","rating":1060,"private":0,"password":""}