{"id":"gen9vgc2023regulatione-1996685311","p1":"yeetthe pokemon","p2":"icyM1+ch","format":"[Gen 9] VGC 2023 Regulation E","log":"|j|\u2606yeetthe pokemon\n|j|\u2606icyM1+ch\n|t:|1700709519\n|gametype|doubles\n|player|p1|yeetthe pokemon|1|1112\n|player|p2|icyM1+ch|170|1131\n|teamsize|p1|6\n|teamsize|p2|6\n|gen|9\n|tier|[Gen 9] VGC 2023 Regulation E\n|rated|\n|rule|Species Clause: Limit one of each Pok\u00e9mon\n|rule|Item Clause: Limit one of each item\n|clearpoke\n|poke|p1|Ogerpon, L50, F|\n|poke|p1|Iron Bundle, L50|\n|poke|p1|Chien-Pao, L50|\n|poke|p1|Arcanine-Hisui, L50, F|\n|poke|p1|Tornadus, L50, M|\n|poke|p1|Basculegion, L50, M|\n|poke|p2|Tornadus, L50, M|\n|poke|p2|Flutter Mane, L50|\n|poke|p2|Urshifu-*, L50, M|\n|poke|p2|Amoonguss, L50, M|\n|poke|p2|Sneasler, L50, M|\n|poke|p2|Kingambit, L50, F|\n|teampreview|4\n|inactive|Battle timer is ON: inactive players will automatically lose when time's up. (requested by yeetthe pokemon)\nyeetthe pokemon rejected open team sheets.\n|inactive|icyM1+ch has 60 seconds left.\n|\n|t:|1700709559\n|start\n|switch|p1a: Ogerpon|Ogerpon, L50, F|100\/100\n|switch|p1b: Iron Bundle|Iron Bundle, L50, shiny|100\/100\n|switch|p2a: Sneasler|Sneasler, L50, M|100\/100\n|switch|p2b: Kingambit|Kingambit, L50, F|100\/100\n|-item|p2a: Sneasler|Air Balloon\n|-enditem|p1b: Iron Bundle|Booster Energy\n|-activate|p1b: Iron Bundle|ability: Quark Drive|[fromitem]\n|-start|p1b: Iron Bundle|quarkdrivespe\n|turn|1\n|\n|t:|1700709581\n|switch|p1a: Arcanine|Arcanine-Hisui, L50, F, shiny|100\/100\n|move|p2a: Sneasler|Fake Out|p1b: Iron Bundle\n|-damage|p1b: Iron Bundle|83\/100\n|cant|p1b: Iron Bundle|flinch\n|move|p2b: Kingambit|Brick Break|p1b: Iron Bundle\n|-supereffective|p1b: Iron Bundle\n|-damage|p1b: Iron Bundle|7\/100\n|\n|upkeep\n|turn|2\n|\n|t:|1700709604\n|-terastallize|p2b: Kingambit|Flying\n|move|p1b: Iron Bundle|Hydro Pump|p2a: Sneasler\n|-damage|p2a: Sneasler|20\/100\n|-enditem|p2a: Sneasler|Air Balloon\n|move|p2a: Sneasler|U-turn|p1b: Iron Bundle\n|-damage|p1b: Iron Bundle|0 fnt\n|faint|p1b: Iron Bundle\n|-end|p1b: Iron Bundle|Quark Drive|[silent]\n|\n|t:|1700709614\n|switch|p2a: Urshifu|Urshifu-Rapid-Strike, L50, M|100\/100|[from] U-turn\n|move|p1a: Arcanine|Flare Blitz|p2b: Kingambit\n|-damage|p2b: Kingambit|57\/100\n|-status|p2b: Kingambit|brn\n|move|p2b: Kingambit|Brick Break|p1a: Arcanine\n|-supereffective|p1a: Arcanine\n|-damage|p1a: Arcanine|71\/100\n|\n|-damage|p2b: Kingambit|51\/100 brn|[from] brn\n|upkeep\n|\n|t:|1700709621\n|switch|p1b: Ogerpon|Ogerpon, L50, F|100\/100\n|turn|3\n|\n|t:|1700709639\n|-terastallize|p1b: Ogerpon|Grass\n|detailschange|p1b: Ogerpon|Ogerpon-Teal-Tera, L50, F, tera:Grass\n|-ability|p1b: Ogerpon|Embody Aspect (Teal)|boost\n|-boost|p1b: Ogerpon|spe|1\n|move|p2a: Urshifu|Detect|p2a: Urshifu\n|-singleturn|p2a: Urshifu|Protect\n|move|p1b: Ogerpon|Wood Hammer|p2b: Kingambit\n|-resisted|p2b: Kingambit\n|-damage|p2b: Kingambit|20\/100 brn\n|-damage|p1b: Ogerpon|87\/100|[from] Recoil\n|move|p1a: Arcanine|Psychic Fangs|p2a: Urshifu\n|-activate|p2a: Urshifu|move: Protect\n|move|p2b: Kingambit|Kowtow Cleave|p1b: Ogerpon\n|-damage|p1b: Ogerpon|48\/100\n|\n|-damage|p2b: Kingambit|14\/100 brn|[from] brn\n|upkeep\n|turn|4\n|inactive|icyM1+ch has 30 seconds left.\n|\n|t:|1700709672\n|switch|p2a: Sneasler|Sneasler, L50, M|20\/100\n|move|p1b: Ogerpon|Spiky Shield|p1b: Ogerpon\n|-singleturn|p1b: Ogerpon|move: Protect\n|move|p2b: Kingambit|Sucker Punch||[still]\n|-fail|p2b: Kingambit\n|move|p1a: Arcanine|Psychic Fangs|p2a: Sneasler\n|-supereffective|p2a: Sneasler\n|-damage|p2a: Sneasler|0 fnt\n|faint|p2a: Sneasler\n|\n|-damage|p2b: Kingambit|8\/100 brn|[from] brn\n|upkeep\n|\n|t:|1700709684\n|switch|p2a: Urshifu|Urshifu-Rapid-Strike, L50, M|100\/100\n|turn|5\n|\n|t:|1700709693\n|move|p2a: Urshifu|Detect|p2a: Urshifu\n|-singleturn|p2a: Urshifu|Protect\n|move|p1b: Ogerpon|Wood Hammer|p2a: Urshifu\n|-activate|p2a: Urshifu|move: Protect\n|move|p1a: Arcanine|Flare Blitz|p2b: Kingambit\n|-damage|p2b: Kingambit|0 fnt\n|faint|p2b: Kingambit\n|\n|upkeep\n|\n|t:|1700709702\n|switch|p2b: Amoonguss|Amoonguss, L50, M|100\/100\n|turn|6\n|\n|t:|1700709725\n|move|p1b: Ogerpon|Ivy Cudgel|p2a: Urshifu\n|-supereffective|p2a: Urshifu\n|-damage|p2a: Urshifu|0 fnt\n|faint|p2a: Urshifu\n|move|p1a: Arcanine|Flare Blitz|p2b: Amoonguss\n|-supereffective|p2b: Amoonguss\n|-damage|p2b: Amoonguss|11\/100\n|-damage|p1a: Arcanine|54\/100|[from] item: Rocky Helmet|[of] p2b: Amoonguss\n|move|p2b: Amoonguss|Pollen Puff|p1b: Ogerpon\n|-supereffective|p1b: Ogerpon\n|-damage|p1b: Ogerpon|3\/100\n|-enditem|p1b: Ogerpon|Weakness Policy\n|-boost|p1b: Ogerpon|atk|2|[from] item: Weakness Policy\n|-boost|p1b: Ogerpon|spa|2|[from] item: Weakness Policy\n|\n|upkeep\n|turn|7\n|-message|icyM1+ch forfeited.\n|\n|win|yeetthe pokemon\n|raw|yeetthe pokemon's rating: 1112 &rarr; <strong>1138<\/strong><br \/>(+26 for winning)\n|raw|icyM1+ch's rating: 1131 &rarr; <strong>1105<\/strong><br \/>(-26 for losing)\n|l|\u2606icyM1+ch\n","uploadtime":1700709749,"views":7,"p1id":"yeetthepokemon","p2id":"icym1ch","formatid":"gen9vgc2023regulatione","rating":1105,"private":0,"password":""}