{"id":"gen9vgc2023regulatione-1998356042","p1":"Death of Mimikyu","p2":"OceanRayClark","format":"[Gen 9] VGC 2023 Regulation E","log":"|j|\u2606Death of Mimikyu\n|j|\u2606OceanRayClark\n|t:|1700933166\n|gametype|doubles\n|player|p1|Death of Mimikyu|cynthia-masters3|1170\n|player|p2|OceanRayClark|marshal|1153\n|teamsize|p1|6\n|teamsize|p2|6\n|gen|9\n|tier|[Gen 9] VGC 2023 Regulation E\n|rated|\n|rule|Species Clause: Limit one of each Pok\u00e9mon\n|rule|Item Clause: Limit one of each item\n|clearpoke\n|poke|p1|Regieleki, L50|\n|poke|p1|Ogerpon, L50, F|\n|poke|p1|Urshifu-*, L50, M|\n|poke|p1|Chien-Pao, L50|\n|poke|p1|Arcanine, L50, M|\n|poke|p1|Rillaboom, L50, F|\n|poke|p2|Annihilape, L50, M|\n|poke|p2|Gallade, L50, M|\n|poke|p2|Iron Hands, L50|\n|poke|p2|Glimmora, L50, F|\n|poke|p2|Ninetales-Alola, L50, F|\n|poke|p2|Haxorus, L50, M|\n|teampreview|4\n|inactive|Battle timer is ON: inactive players will automatically lose when time's up. (requested by Death of Mimikyu)\nOceanRayClark rejected open team sheets.\n|\n|t:|1700933187\n|start\n|switch|p1a: Regieleki|Regieleki, L50|100\/100\n|switch|p1b: Arcanine|Arcanine, L50, M|100\/100\n|switch|p2a: Milky Rose\ud83c\udf39|Glimmora, L50, F|100\/100\n|switch|p2b: Beetlemon|Iron Hands, L50, shiny|100\/100\n|-ability|p1b: Arcanine|Intimidate|boost\n|-unboost|p2a: Milky Rose\ud83c\udf39|atk|1\n|-unboost|p2b: Beetlemon|atk|1\n|-enditem|p2b: Beetlemon|Booster Energy\n|-activate|p2b: Beetlemon|ability: Quark Drive|[fromitem]\n|-start|p2b: Beetlemon|quarkdrivedef\n|turn|1\n|\n|t:|1700933203\n|-terastallize|p2b: Beetlemon|Ground\n|move|p1a: Regieleki|Protect|p1a: Regieleki\n|-singleturn|p1a: Regieleki|Protect\n|move|p2a: Milky Rose\ud83c\udf39|Spiky Shield|p2a: Milky Rose\ud83c\udf39\n|-singleturn|p2a: Milky Rose\ud83c\udf39|move: Protect\n|move|p1b: Arcanine|Protect|p1b: Arcanine\n|-singleturn|p1b: Arcanine|Protect\n|move|p2b: Beetlemon|Earthquake|p1a: Regieleki|[spread] \n|-activate|p2a: Milky Rose\ud83c\udf39|move: Protect\n|-activate|p1a: Regieleki|move: Protect\n|-activate|p1b: Arcanine|move: Protect\n|\n|upkeep\n|turn|2\n|\n|t:|1700933220\n|move|p1a: Regieleki|Volt Switch|p2a: Milky Rose\ud83c\udf39\n|-crit|p2a: Milky Rose\ud83c\udf39\n|-damage|p2a: Milky Rose\ud83c\udf39|16\/100\n|-damage|p1a: Regieleki|91\/100|[from] item: Life Orb\n|\n|t:|1700933226\n|switch|p1a: Ogerpon|Ogerpon, L50, F|100\/100|[from] Volt Switch\n|move|p2a: Milky Rose\ud83c\udf39|Power Gem|p1b: Arcanine\n|-supereffective|p1b: Arcanine\n|-damage|p1b: Arcanine|42\/100\n|move|p1b: Arcanine|Will-O-Wisp|p2b: Beetlemon|[miss]\n|-miss|p1b: Arcanine|p2b: Beetlemon\n|move|p2b: Beetlemon|Earthquake|p1a: Ogerpon|[spread] p2a,p1a,p1b\n|-supereffective|p2a: Milky Rose\ud83c\udf39\n|-resisted|p1a: Ogerpon\n|-supereffective|p1b: Arcanine\n|-damage|p2a: Milky Rose\ud83c\udf39|0 fnt\n|-damage|p1a: Ogerpon|79\/100\n|-damage|p1b: Arcanine|0 fnt\n|-activate|p2a: Milky Rose\ud83c\udf39|ability: Toxic Debris\n|-sidestart|p1: Death of Mimikyu|move: Toxic Spikes\n|faint|p2a: Milky Rose\ud83c\udf39\n|faint|p1b: Arcanine\n|\n|upkeep\n|\n|t:|1700933240\n|switch|p2a: Princess|Ninetales-Alola, L50, F|100\/100\n|switch|p1b: Urshifu|Urshifu-Rapid-Strike, L50, M|100\/100\n|-status|p1b: Urshifu|psn\n|-weather|Snow|[from] ability: Snow Warning|[of] p2a: Princess\n|turn|3\n|\n|t:|1700933258\n|-terastallize|p1a: Ogerpon|Grass\n|detailschange|p1a: Ogerpon|Ogerpon-Teal-Tera, L50, F, tera:Grass\n|-ability|p1a: Ogerpon|Embody Aspect (Teal)|boost\n|-boost|p1a: Ogerpon|spe|1\n|move|p1a: Ogerpon|Ivy Cudgel|p2b: Beetlemon\n|-supereffective|p2b: Beetlemon\n|-damage|p2b: Beetlemon|27\/100\n|move|p1b: Urshifu|Swords Dance|p1b: Urshifu\n|-boost|p1b: Urshifu|atk|2\n|move|p2a: Princess|Freeze-Dry|p1b: Urshifu\n|-supereffective|p1b: Urshifu\n|-damage|p1b: Urshifu|29\/100 psn\n|move|p2b: Beetlemon|Thunder Punch|p1b: Urshifu\n|-supereffective|p1b: Urshifu\n|-damage|p1b: Urshifu|0 fnt\n|faint|p1b: Urshifu\n|\n|-weather|Snow|[upkeep]\n|upkeep\n|\n|t:|1700933266\n|switch|p1b: Regieleki|Regieleki, L50|91\/100\n|-status|p1b: Regieleki|psn\n|turn|4\n|\n|t:|1700933285\n|move|p2a: Princess|Protect|p2a: Princess\n|-singleturn|p2a: Princess|Protect\n|move|p1b: Regieleki|Thunderbolt|p2a: Princess\n|-activate|p2a: Princess|move: Protect\n|move|p1a: Ogerpon|Ivy Cudgel|p2b: Beetlemon\n|-supereffective|p2b: Beetlemon\n|-damage|p2b: Beetlemon|0 fnt\n|faint|p2b: Beetlemon\n|-end|p2b: Beetlemon|Quark Drive|[silent]\n|\n|-weather|Snow|[upkeep]\n|-damage|p1b: Regieleki|79\/100 psn|[from] psn\n|upkeep\n|\n|t:|1700933295\n|switch|p2b: Draco|Haxorus, L50, M, shiny|100\/100\n|-ability|p2b: Draco|Mold Breaker\n|turn|5\n|\n|t:|1700933305\n|move|p1b: Regieleki|Thunderbolt|p2a: Princess\n|-damage|p2a: Princess|32\/100\n|-damage|p1b: Regieleki|69\/100 psn|[from] item: Life Orb\n|move|p1a: Ogerpon|Knock Off|p2b: Draco\n|-damage|p2b: Draco|59\/100\n|-enditem|p2b: Draco|Expert Belt|[from] move: Knock Off|[of] p1a: Ogerpon\n|move|p2a: Princess|Blizzard|p1b: Regieleki|[spread] p1a,p1b\n|-supereffective|p1a: Ogerpon\n|-damage|p1a: Ogerpon|10\/100\n|-damage|p1b: Regieleki|11\/100 psn\n|-enditem|p1a: Ogerpon|Sitrus Berry|[eat]\n|-heal|p1a: Ogerpon|34\/100|[from] item: Sitrus Berry\n|move|p2b: Draco|Swords Dance|p2b: Draco\n|-boost|p2b: Draco|atk|2\n|\n|-weather|Snow|[upkeep]\n|-damage|p1b: Regieleki|0 fnt|[from] psn\n|faint|p1b: Regieleki\n|upkeep\n|turn|6\n|\n|t:|1700933328\n|move|p1a: Ogerpon|Ivy Cudgel|p2b: Draco\n|-resisted|p2b: Draco\n|-damage|p2b: Draco|20\/100\n|move|p2a: Princess|Blizzard|p1a: Ogerpon\n|-supereffective|p1a: Ogerpon\n|-damage|p1a: Ogerpon|0 fnt\n|faint|p1a: Ogerpon\n|\n|win|OceanRayClark\n|raw|Death of Mimikyu's rating: 1170 &rarr; <strong>1144<\/strong><br \/>(-26 for losing)\n|raw|OceanRayClark's rating: 1153 &rarr; <strong>1179<\/strong><br \/>(+26 for winning)\n|l|\u2606Death of Mimikyu\n|c|\u2606OceanRayClark|gg\n","uploadtime":1700933337,"views":0,"p1id":"deathofmimikyu","p2id":"oceanrayclark","formatid":"gen9vgc2023regulatione","rating":1144,"private":0,"password":""}