{"id":"gen9vgc2023regulatione-1993364463","p1":"SpidopsBiggestFan","p2":"Marco1927ASR","format":"[Gen 9] VGC 2023 Regulation E","log":"|j|\u2606SpidopsBiggestFan\n|j|\u2606Marco1927ASR\n|t:|1700306543\n|gametype|doubles\n|player|p1|SpidopsBiggestFan|265|\n|player|p2|Marco1927ASR|169|\n|teamsize|p1|6\n|teamsize|p2|6\n|gen|9\n|tier|[Gen 9] VGC 2023 Regulation E\n|rated|Tournament battle\n|rule|Species Clause: Limit one of each Pok\u00e9mon\n|rule|Item Clause: Limit one of each item\n|clearpoke\n|poke|p1|Flutter Mane, L50|\n|poke|p1|Arcanine-Hisui, L50, M|\n|poke|p1|Iron Hands, L50|\n|poke|p1|Scream Tail, L50|\n|poke|p1|Amoonguss, L50, F|\n|poke|p1|Gothitelle, L50, M|\n|poke|p2|Sinistcha, L50|\n|poke|p2|Cresselia, L50, F|\n|poke|p2|Flutter Mane, L50|\n|poke|p2|Ursaluna, L50, F|\n|poke|p2|Landorus-Therian, L50, M|\n|poke|p2|Iron Hands, L50|\n|teampreview|4\n|showteam|p1|Flutter Mane||ChoiceSpecs|Protosynthesis|DazzlingGleam,Moonblast,ShadowBall,PerishSong||||||50|,,,,,Grass]Arcanine-Hisui||SafetyGoggles|Intimidate|Protect,FlareBlitz,RockSlide,WillOWisp|||M|||50|,,,,,Dragon]Iron Hands||AssaultVest|QuarkDrive|CloseCombat,VoltSwitch,HeavySlam,FakeOut||||||50|,,,,,Water]Scream Tail||BoosterEnergy|Protosynthesis|Protect,Encore,PerishSong,Disable||||||50|,,,,,Dark]Amoonguss||RockyHelmet|Regenerator|Protect,Spore,RagePowder,PollenPuff|||F|||50|,,,,,Water]Gothitelle||AbilityShield|ShadowTag|Protect,FakeOut,TrickRoom,Psychic|||M|||50|,,,,,Dragon\n|showteam|p2|Sinistcha||RockyHelmet|Hospitality|StrengthSap,MatchaGotcha,NastyPlot,RagePowder||||||50|,,,,,Water]Cresselia||AguavBerry|Levitate|LunarBlessing,TrickRoom,HelpingHand,Psychic|||F|||50|,,,,,Fairy]Flutter Mane||BoosterEnergy|Protosynthesis|ShadowBall,DazzlingGleam,Substitute,Protect||||||50|,,,,,Ghost]Ursaluna||FlameOrb|Guts|Facade,Earthquake,Protect,HeavySlam|||F|||50|,,,,,Grass]Landorus-Therian||ChoiceScarf|Intimidate|Uturn,RockSlide,StompingTantrum,TeraBlast|||M|||50|,,,,,Flying]Iron Hands||IapapaBerry|QuarkDrive|FakeOut,SwordsDance,DrainPunch,HeavySlam||||||50|,,,,,Grass\n|j| Airend~\n|j| Topperlecat\n|l| Topperlecat\n|inactive|Battle timer is ON: inactive players will automatically lose when time's up. (requested by SpidopsBiggestFan)\n|inactive|Marco1927ASR has 60 seconds left.\n|inactive|Marco1927ASR has 30 seconds left.\n|inactive|Marco1927ASR has 20 seconds left.\n|inactive|Marco1927ASR has 15 seconds left.\n|inactive|Marco1927ASR has 10 seconds left.\n|\n|t:|1700306730\n|start\n|switch|p1a: Flutter Mane|Flutter Mane, L50|100\/100\n|switch|p1b: Arcanine|Arcanine-Hisui, L50, M|100\/100\n|switch|p2a: Landorus|Landorus-Therian, L50, M|100\/100\n|switch|p2b: Cresselia|Cresselia, L50, F|100\/100\n|-ability|p2a: Landorus|Intimidate|boost\n|-unboost|p1a: Flutter Mane|atk|1\n|-unboost|p1b: Arcanine|atk|1\n|-ability|p1b: Arcanine|Intimidate|boost\n|-unboost|p2a: Landorus|atk|1\n|-unboost|p2b: Cresselia|atk|1\n|turn|1\n|inactive|SpidopsBiggestFan has 30 seconds left.\n|\n|t:|1700306760\n|-terastallize|p2b: Cresselia|Fairy\n|move|p1b: Arcanine|Protect|p1b: Arcanine\n|-singleturn|p1b: Arcanine|Protect\n|move|p2a: Landorus|U-turn|p1b: Arcanine\n|-activate|p1b: Arcanine|move: Protect\n|move|p1a: Flutter Mane|Perish Song|p1a: Flutter Mane\n|-start|p1a: Flutter Mane|perish3|[silent]\n|-start|p1b: Arcanine|perish3|[silent]\n|-start|p2a: Landorus|perish3|[silent]\n|-start|p2b: Cresselia|perish3|[silent]\n|-fieldactivate|move: Perish Song\n|move|p2b: Cresselia|Trick Room|p2b: Cresselia\n|-fieldstart|move: Trick Room|[of] p2b: Cresselia\n|\n|-start|p2b: Cresselia|perish3\n|-start|p1b: Arcanine|perish3\n|-start|p1a: Flutter Mane|perish3\n|-start|p2a: Landorus|perish3\n|upkeep\n|turn|2\n|\n|t:|1700306783\n|-end|p1a: Flutter Mane|Protosynthesis|[silent]\n|switch|p1a: Gothitelle|Gothitelle, L50, M|100\/100\n|move|p2b: Cresselia|Psychic|p1a: Gothitelle\n|-resisted|p1a: Gothitelle\n|-damage|p1a: Gothitelle|92\/100\n|move|p1b: Arcanine|Flare Blitz|p2a: Landorus\n|-damage|p2a: Landorus|53\/100\n|-damage|p1b: Arcanine|86\/100|[from] Recoil\n|move|p2a: Landorus|U-turn|p1a: Gothitelle\n|-supereffective|p1a: Gothitelle\n|-damage|p1a: Gothitelle|52\/100\n|\n|t:|1700306798\n|switch|p2a: Ursaluna|Ursaluna, L50, F|100\/100|[from] U-turn\n|\n|-start|p2b: Cresselia|perish2\n|-start|p1b: Arcanine|perish2\n|-status|p2a: Ursaluna|brn|[from] item: Flame Orb\n|upkeep\n|turn|3\n|inactive|Marco1927ASR has 30 seconds left.\n|\n|t:|1700306829\n|switch|p1b: Iron Hands|Iron Hands, L50|100\/100\n|move|p2a: Ursaluna|Protect|p2a: Ursaluna\n|-singleturn|p2a: Ursaluna|Protect\n|move|p1a: Gothitelle|Fake Out|p2a: Ursaluna\n|-activate|p2a: Ursaluna|move: Protect\n|move|p2b: Cresselia|Psychic|p1b: Iron Hands\n|-supereffective|p1b: Iron Hands\n|-damage|p1b: Iron Hands|76\/100\n|\n|-damage|p2a: Ursaluna|95\/100 brn|[from] brn\n|-start|p2b: Cresselia|perish1\n|upkeep\n|turn|4\n|\n|t:|1700306851\n|move|p2b: Cresselia|Helping Hand|p2a: Ursaluna\n|-singleturn|p2a: Ursaluna|Helping Hand|[of] p2b: Cresselia\n|move|p1a: Gothitelle|Protect|p1a: Gothitelle\n|-singleturn|p1a: Gothitelle|Protect\n|move|p1b: Iron Hands|Close Combat|p2a: Ursaluna\n|-supereffective|p2a: Ursaluna\n|-damage|p2a: Ursaluna|1\/100 brn\n|-unboost|p1b: Iron Hands|def|1\n|-unboost|p1b: Iron Hands|spd|1\n|move|p2a: Ursaluna|Earthquake|p1a: Gothitelle|[spread] p1b\n|-activate|p1a: Gothitelle|move: Protect\n|-immune|p2b: Cresselia|[from] ability: Levitate\n|-supereffective|p1b: Iron Hands\n|-damage|p1b: Iron Hands|0 fnt\n|faint|p1b: Iron Hands\n|-end|p1b: Iron Hands|Quark Drive|[silent]\n|\n|-damage|p2a: Ursaluna|0 fnt|[from] brn\n|faint|p2a: Ursaluna\n|-start|p2b: Cresselia|perish0\n|faint|p2b: Cresselia\n|upkeep\n|\n|t:|1700306870\n|switch|p2a: Iron Hands|Iron Hands, L50|100\/100\n|switch|p1b: Arcanine|Arcanine-Hisui, L50, M|86\/100\n|switch|p2b: Landorus|Landorus-Therian, L50, M|53\/100\n|-ability|p1b: Arcanine|Intimidate|boost\n|-unboost|p2a: Iron Hands|atk|1\n|-unboost|p2b: Landorus|atk|1\n|-ability|p2b: Landorus|Intimidate|boost\n|-unboost|p1a: Gothitelle|atk|1\n|-unboost|p1b: Arcanine|atk|1\n|turn|5\n|inactive|SpidopsBiggestFan has 30 seconds left.\n|inactive|SpidopsBiggestFan has 20 seconds left.\n|inactive|SpidopsBiggestFan has 15 seconds left.\n|\n|t:|1700306913\n|switch|p1a: Flutter Mane|Flutter Mane, L50|100\/100\n|move|p1b: Arcanine|Protect|p1b: Arcanine\n|-singleturn|p1b: Arcanine|Protect\n|move|p2a: Iron Hands|Heavy Slam|p1b: Arcanine\n|-activate|p1b: Arcanine|move: Protect\n|move|p2b: Landorus|Rock Slide|p1b: Arcanine|[spread] p1a\n|-activate|p1b: Arcanine|move: Protect\n|-damage|p1a: Flutter Mane|71\/100\n|\n|-fieldend|move: Trick Room\n|upkeep\n|turn|6\n|inactive|SpidopsBiggestFan has 30 seconds left.\n|\n|t:|1700306944\n|-terastallize|p1b: Arcanine|Dragon\n|move|p2b: Landorus|Rock Slide|p1b: Arcanine|[spread] \n|-miss|p2b: Landorus|p1a: Flutter Mane\n|-miss|p2b: Landorus|p1b: Arcanine\n|move|p1a: Flutter Mane|Moonblast|p2a: Iron Hands\n|-supereffective|p2a: Iron Hands\n|-damage|p2a: Iron Hands|0 fnt\n|faint|p2a: Iron Hands\n|-end|p2a: Iron Hands|Quark Drive|[silent]\n|move|p1b: Arcanine|Will-O-Wisp|p2b: Landorus|[miss]\n|-miss|p1b: Arcanine|p2b: Landorus\n|\n|upkeep\n|turn|7\n|-message|Marco1927ASR forfeited.\n|\n|win|SpidopsBiggestFan\n|n|\u2606SpidopsBiggestFan|spidopsbiggestfan\n|n|\u2606Marco1927ASR|marco1927asr\n|n| Airend~|airend\n|l|\u2606Marco1927ASR\n","uploadtime":1700306961,"views":16,"p1id":"spidopsbiggestfan","p2id":"marco1927asr","formatid":"gen9vgc2023regulatione","rating":0,"private":0,"password":""}