{"id":"gen9vgc2023regulatione-1993558831","p1":"tt11823","p2":"jwtw","format":"[Gen 9] VGC 2023 Regulation E","log":"|j|\u2606tt11823\n|j|\u2606jwtw\n|t:|1700331650\n|gametype|doubles\n|player|p1|tt11823|waiter-gen9|1318\n|player|p2|jwtw|n|1311\n|teamsize|p1|6\n|teamsize|p2|6\n|gen|9\n|tier|[Gen 9] VGC 2023 Regulation E\n|rated|\n|rule|Species Clause: Limit one of each Pok\u00e9mon\n|rule|Item Clause: Limit one of each item\n|clearpoke\n|poke|p1|Heatran, L50, M|\n|poke|p1|Iron Hands, L50|\n|poke|p1|Sinistcha, L50|\n|poke|p1|Goodra-Hisui, L50, F|\n|poke|p1|Urshifu-*, L50, F|\n|poke|p1|Tornadus, L50, M|\n|poke|p2|Ogerpon-Cornerstone, L50, F|\n|poke|p2|Rillaboom, L50, M|\n|poke|p2|Chien-Pao, L50|\n|poke|p2|Dragonite, L50, F|\n|poke|p2|Flutter Mane, L50|\n|poke|p2|Heatran, L50, F|\n|teampreview|4\n|inactive|Battle timer is ON: inactive players will automatically lose when time's up. (requested by jwtw)\n|inactive|jwtw has 60 seconds left.\n|\n|t:|1700331695\n|start\n|switch|p1a: Tornadus|Tornadus, L50, M|100\/100\n|switch|p1b: Goodra|Goodra-Hisui, L50, F|100\/100\n|switch|p2a: Ogerpon|Ogerpon-Cornerstone, L50, F|100\/100\n|switch|p2b: Flutter Mane|Flutter Mane, L50|100\/100\n|turn|1\n|inactive|tt11823 has 30 seconds left.\n|inactive|jwtw has 30 seconds left.\n|inactive|jwtw has 20 seconds left.\n|\n|t:|1700331737\n|move|p2b: Flutter Mane|Dazzling Gleam|p1b: Goodra|[spread] p1a,p1b\n|-damage|p1a: Tornadus|55\/100\n|-damage|p1b: Goodra|78\/100\n|move|p2a: Ogerpon|Ivy Cudgel|p1a: Tornadus|[anim] Ivy Cudgel Rock\n|-supereffective|p1a: Tornadus\n|-damage|p1a: Tornadus|0 fnt\n|faint|p1a: Tornadus\n|move|p1b: Goodra|Heavy Slam|p2b: Flutter Mane\n|-supereffective|p2b: Flutter Mane\n|-crit|p2b: Flutter Mane\n|-enditem|p2b: Flutter Mane|Focus Sash\n|-damage|p2b: Flutter Mane|1\/100\n|\n|upkeep\n|\n|t:|1700331751\n|switch|p1a: Urshifu|Urshifu-Rapid-Strike, L50, F|100\/100\n|turn|2\n|inactive|jwtw has 30 seconds left.\n|\n|t:|1700331785\n|switch|p2a: Rillaboom|Rillaboom, L50, M|100\/100\n|-fieldstart|move: Grassy Terrain|[from] ability: Grassy Surge|[of] p2a: Rillaboom\n|move|p1a: Urshifu|U-turn|p2b: Flutter Mane\n|-resisted|p2b: Flutter Mane\n|-damage|p2b: Flutter Mane|0 fnt\n|faint|p2b: Flutter Mane\n|-end|p2b: Flutter Mane|Protosynthesis|[silent]\n|\n|t:|1700331796\n|switch|p1a: Heatran|Heatran, L50, M|100\/100|[from] U-turn\n|move|p1b: Goodra|Shelter|p1b: Goodra\n|-boost|p1b: Goodra|def|2\n|\n|-heal|p1b: Goodra|83\/100|[from] Grassy Terrain\n|upkeep\n|\n|t:|1700331814\n|switch|p2b: Heatran|Heatran, L50, F|100\/100\n|turn|3\n|\n|t:|1700331825\n|move|p1a: Heatran|Protect|p1a: Heatran\n|-singleturn|p1a: Heatran|Protect\n|move|p2a: Rillaboom|Fake Out|p1a: Heatran\n|-activate|p1a: Heatran|move: Protect\n|move|p2b: Heatran|Earth Power|p1a: Heatran\n|-activate|p1a: Heatran|move: Protect\n|move|p1b: Goodra|Body Press|p2b: Heatran\n|-supereffective|p2b: Heatran\n|-damage|p2b: Heatran|12\/100\n|\n|-heal|p2b: Heatran|18\/100|[from] Grassy Terrain\n|-heal|p2b: Heatran|24\/100|[from] item: Leftovers\n|-heal|p1b: Goodra|89\/100|[from] Grassy Terrain\n|upkeep\n|turn|4\n|\n|t:|1700331848\n|-terastallize|p2a: Rillaboom|Fire\n|-terastallize|p1a: Heatran|Grass\n|move|p2b: Heatran|Protect|p2b: Heatran\n|-singleturn|p2b: Heatran|Protect\n|move|p2a: Rillaboom|High Horsepower|p1a: Heatran\n|-resisted|p1a: Heatran\n|-damage|p1a: Heatran|86\/100\n|move|p1a: Heatran|Will-O-Wisp|p2a: Rillaboom|[miss]\n|-miss|p1a: Heatran|p2a: Rillaboom\n|move|p1b: Goodra|Shelter|p1b: Goodra\n|-boost|p1b: Goodra|def|2\n|\n|-heal|p2b: Heatran|30\/100|[from] Grassy Terrain\n|-heal|p2b: Heatran|36\/100|[from] item: Leftovers\n|-heal|p1a: Heatran|92\/100|[from] Grassy Terrain\n|-heal|p1a: Heatran|98\/100|[from] item: Leftovers\n|-heal|p1b: Goodra|95\/100|[from] Grassy Terrain\n|upkeep\n|turn|5\n|inactive|jwtw has 30 seconds left.\n|\n|t:|1700331874\n|move|p2b: Heatran|Earth Power|p1a: Heatran\n|-resisted|p1a: Heatran\n|-damage|p1a: Heatran|83\/100\n|-unboost|p1a: Heatran|spd|1\n|move|p2a: Rillaboom|U-turn|p1a: Heatran\n|-supereffective|p1a: Heatran\n|-damage|p1a: Heatran|40\/100\n|\n|t:|1700331882\n|switch|p2a: Ogerpon|Ogerpon-Cornerstone, L50, F|100\/100|[from] U-turn\n|move|p1a: Heatran|Earth Power|p2b: Heatran\n|-supereffective|p2b: Heatran\n|-damage|p2b: Heatran|0 fnt\n|faint|p2b: Heatran\n|move|p1b: Goodra|Body Press|p2a: Ogerpon\n|-supereffective|p2a: Ogerpon\n|-crit|p2a: Ogerpon\n|-ability|p2a: Ogerpon|Sturdy\n|-damage|p2a: Ogerpon|1\/100\n|\n|-heal|p2a: Ogerpon|7\/100|[from] Grassy Terrain\n|-heal|p1a: Heatran|46\/100|[from] Grassy Terrain\n|-heal|p1a: Heatran|52\/100|[from] item: Leftovers\n|-heal|p1b: Goodra|100\/100|[from] Grassy Terrain\n|upkeep\n|\n|t:|1700331897\n|switch|p2b: Rillaboom|Rillaboom, L50, M, tera:Fire|100\/100\n|turn|6\n|inactive|jwtw has 30 seconds left.\n|\n|t:|1700331929\n|move|p2a: Ogerpon|Spiky Shield|p2a: Ogerpon\n|-singleturn|p2a: Ogerpon|move: Protect\n|move|p1a: Heatran|Protect|p1a: Heatran\n|-singleturn|p1a: Heatran|Protect\n|move|p2b: Rillaboom|Fake Out|p1b: Goodra\n|-resisted|p1b: Goodra\n|-damage|p1b: Goodra|99\/100\n|-damage|p2b: Rillaboom|84\/100|[from] item: Rocky Helmet|[of] p1b: Goodra\n|cant|p1b: Goodra|flinch\n|\n|-heal|p2a: Ogerpon|13\/100|[from] Grassy Terrain\n|-heal|p2b: Rillaboom|90\/100|[from] Grassy Terrain\n|-heal|p1a: Heatran|58\/100|[from] Grassy Terrain\n|-heal|p1a: Heatran|64\/100|[from] item: Leftovers\n|-heal|p1b: Goodra|100\/100|[from] Grassy Terrain\n|-fieldend|move: Grassy Terrain\n|upkeep\n|turn|7\n|inactive|tt11823 has 30 seconds left.\n|inactive|tt11823 has 20 seconds left.\n|inactive|tt11823 has 15 seconds left.\n|\n|t:|1700331969\n|move|p2a: Ogerpon|Ivy Cudgel|p1a: Heatran|[anim] Ivy Cudgel Rock\n|-damage|p1a: Heatran|11\/100\n|move|p2b: Rillaboom|U-turn|p1a: Heatran\n|-supereffective|p1a: Heatran\n|-damage|p1a: Heatran|0 fnt\n|faint|p1a: Heatran\n|move|p1b: Goodra|Body Press|p2b: Rillaboom\n|-damage|p2b: Rillaboom|19\/100\n|\n|upkeep\n|\n|t:|1700331978\n|switch|p1a: Urshifu|Urshifu-Rapid-Strike, L50, F|100\/100\n|turn|8\n|\n|t:|1700331993\n|move|p1a: Urshifu|Surging Strikes|p2a: Ogerpon\n|-crit|p2a: Ogerpon\n|-damage|p2a: Ogerpon|0 fnt\n|faint|p2a: Ogerpon\n|-hitcount|p2: Ogerpon|1\n|move|p2b: Rillaboom|Grassy Glide|p1a: Urshifu\n|-supereffective|p1a: Urshifu\n|-damage|p1a: Urshifu|37\/100\n|move|p1b: Goodra|Body Press|p2b: Rillaboom\n|-damage|p2b: Rillaboom|0 fnt\n|faint|p2b: Rillaboom\n|\n|win|tt11823\n|raw|tt11823's rating: 1318 &rarr; <strong>1338<\/strong><br \/>(+20 for winning)\n|raw|jwtw's rating: 1311 &rarr; <strong>1291<\/strong><br \/>(-20 for losing)\n","uploadtime":1700331997,"views":11,"p1id":"tt11823","p2id":"jwtw","formatid":"gen9vgc2023regulatione","rating":1291,"private":0,"password":""}