{"id":"gen9vgc2023regulatione-1988565718","p1":"CyborgPigeon","p2":"DJ_PBnJ","format":"[Gen 9] VGC 2023 Regulation E","log":"|j|\u2606CyborgPigeon\n|j|\u2606DJ_PBnJ\n|n|\u2606CyborgPigeon|cyborgpigeon\n|n|\u2606DJ_PBnJ|djpbnj\n|html|View the match progress at <a href=\"\/game-bestof3-gen9vgc2023regulatione-1988562779\">game-bestof3-gen9vgc2023regulatione-1988562779<\/a>\n|t:|1699736764\n|gametype|doubles\n|player|p1|CyborgPigeon|lucas|\n|player|p2|DJ_PBnJ|hilda-wonderlauncher|\n|teamsize|p1|6\n|teamsize|p2|6\n|gen|9\n|tier|[Gen 9] VGC 2023 Regulation E\n|rule|Species Clause: Limit one of each Pok\u00e9mon\n|rule|Item Clause: Limit one of each item\n|clearpoke\n|poke|p1|Fezandipiti, L50, M|\n|poke|p1|Sinistcha, L50|\n|poke|p1|Annihilape, L50, F|\n|poke|p1|Grimmsnarl, L50, M|\n|poke|p1|Maushold, L50|\n|poke|p1|Meowscarada, L50, F|\n|poke|p2|Fezandipiti, L50, M|\n|poke|p2|Meowscarada, L50, F|\n|poke|p2|Dragalge, L50, F|\n|poke|p2|Rotom-Heat, L50|\n|poke|p2|Clefairy, L50, F|\n|poke|p2|Garchomp, L50, M|\n|teampreview|4\nCyborgPigeon has agreed to open team sheets.\nDJ_PBnJ has agreed to open team sheets.\n|showteam|p1|Fezandipiti||CovertCloak|ToxicChain|Protect,IcyWind,DazzlingGleam,Tailwind|||M|||50|,,,,,Fairy]Sinistcha||RockyHelmet|Hospitality|MatchaGotcha,Protect,Hex,StrengthSap||||||50|,,,,,Fire]Annihilape||LumBerry|Defiant|RageFist,DrainPunch,BulkUp,Protect|||F|||50|,,,,,Fairy]Grimmsnarl||LightClay|Prankster|LightScreen,Reflect,SpiritBreak,PartingShot|||M|||50|,,,,,Ghost]Maushold||SafetyGoggles|FriendGuard|SuperFang,FollowMe,BeatUp,Taunt||||||50|,,,,,Ghost]Meowscarada||FocusSash|Protean|FlowerTrick,Uturn,KnockOff,Protect|||F|||50|,,,,,Grass\n|showteam|p2|Fezandipiti||Leftovers|ToxicChain|IcyWind,DazzlingGleam,Taunt,Roost|||M|||50|,,,,,Water]Meowscarada||FocusSash|Overgrow|FlowerTrick,KnockOff,PlayRough,Protect|||F|||50|,,,,,Grass]Dragalge||ChoiceSpecs|Adaptability|DracoMeteor,SludgeBomb,Thunderbolt,FocusBlast|||F|||50|,,,,,Flying]Rotom-Heat||ChoiceScarf|Levitate|Overheat,VoltSwitch,Trick,ShadowBall||||||50|,,,,,Fairy]Clefairy||Eviolite|FriendGuard|FollowMe,HelpingHand,LifeDew,Moonblast|||F|||50|,,,,,Steel]Garchomp||ClearAmulet|RoughSkin|DragonClaw,StompingTantrum,RockSlide,Protect|||M|||50|,,,,,Fire\n|j| ShinyLucarioXD\n|c|\u2606CyborgPigeon|o\/\n|\n|t:|1699736855\n|start\n|switch|p1a: Fezandipiti|Fezandipiti, L50, M|100\/100\n|switch|p1b: Meowscarada|Meowscarada, L50, F|100\/100\n|switch|p2a: Redirect Sim. 2023|Clefairy, L50, F|100\/100\n|switch|p2b: Hot Box|Rotom-Heat, L50|100\/100\n|turn|1\n|\n|t:|1699736872\n|move|p1b: Meowscarada|Protect|p1b: Meowscarada\n|-start|p1b: Meowscarada|typechange|Normal|[from] ability: Protean\n|-singleturn|p1b: Meowscarada|Protect\n|move|p2a: Redirect Sim. 2023|Follow Me|p2a: Redirect Sim. 2023\n|-singleturn|p2a: Redirect Sim. 2023|move: Follow Me\n|move|p2b: Hot Box|Trick|p1a: Fezandipiti\n|-activate|p2b: Hot Box|move: Trick|[of] p1a: Fezandipiti\n|-item|p1a: Fezandipiti|Choice Scarf|[from] move: Trick\n|-item|p2b: Hot Box|Covert Cloak|[from] move: Trick\n|move|p1a: Fezandipiti|Icy Wind|p2b: Hot Box|[spread] p2a,p2b\n|-resisted|p2b: Hot Box\n|-damage|p2a: Redirect Sim. 2023|94\/100\n|-damage|p2b: Hot Box|97\/100\n|-unboost|p2a: Redirect Sim. 2023|spe|1\n|-status|p2a: Redirect Sim. 2023|tox|[from] ability: Toxic Chain|[of] p1a: Fezandipiti\n|\n|-damage|p2a: Redirect Sim. 2023|87\/100 tox|[from] psn\n|upkeep\n|turn|2\n|c|\u2606DJ_PBnJ|I swear, you're now like 3\/3 with toxic chain lol\n|c|\u2606CyborgPigeon|Sorry for being so toxic\n|c|\u2606DJ_PBnJ|:dust:\n|\n|t:|1699736924\n|move|p2a: Redirect Sim. 2023|Helping Hand|p2b: Hot Box\n|-singleturn|p2b: Hot Box|Helping Hand|[of] p2a: Redirect Sim. 2023\n|move|p1a: Fezandipiti|Icy Wind|p2b: Hot Box|[spread] p2a,p2b\n|-resisted|p2b: Hot Box\n|-damage|p2a: Redirect Sim. 2023|80\/100 tox\n|-damage|p2b: Hot Box|93\/100\n|-unboost|p2a: Redirect Sim. 2023|spe|1\n|move|p1b: Meowscarada|Knock Off|p2b: Hot Box\n|-damage|p2b: Hot Box|66\/100\n|-enditem|p2b: Hot Box|Covert Cloak|[from] move: Knock Off|[of] p1b: Meowscarada\n|move|p2b: Hot Box|Overheat|p1a: Fezandipiti|[miss]\n|-miss|p2b: Hot Box|p1a: Fezandipiti\n|\n|-damage|p2a: Redirect Sim. 2023|68\/100 tox|[from] psn\n|upkeep\n|turn|3\n|c|\u2606CyborgPigeon|oh man you are getting really unlucky\n|c|\u2606DJ_PBnJ|yeah lol\n|\n|t:|1699736964\n|move|p2a: Redirect Sim. 2023|Follow Me|p2a: Redirect Sim. 2023\n|-singleturn|p2a: Redirect Sim. 2023|move: Follow Me\n|move|p1a: Fezandipiti|Icy Wind|p2b: Hot Box|[spread] p2a,p2b\n|-resisted|p2b: Hot Box\n|-crit|p2b: Hot Box\n|-damage|p2a: Redirect Sim. 2023|60\/100 tox\n|-damage|p2b: Hot Box|59\/100\n|-unboost|p2a: Redirect Sim. 2023|spe|1\n|-unboost|p2b: Hot Box|spe|1\n|move|p1b: Meowscarada|Knock Off|p2a: Redirect Sim. 2023\n|-resisted|p2a: Redirect Sim. 2023\n|-damage|p2a: Redirect Sim. 2023|48\/100 tox\n|-enditem|p2a: Redirect Sim. 2023|Eviolite|[from] move: Knock Off|[of] p1b: Meowscarada\n|move|p2b: Hot Box|Volt Switch|p1b: Meowscarada\n|-crit|p1b: Meowscarada\n|-damage|p1b: Meowscarada|11\/100\n|c|\u2606DJ_PBnJ|also why did protean not activate for knock off lol\n|\n|t:|1699736978\n|switch|p2b: piano intensifies|Garchomp, L50, M|100\/100|[from] Volt Switch\n|\n|-damage|p2a: Redirect Sim. 2023|29\/100 tox|[from] psn\n|upkeep\n|turn|4\n|\n|t:|1699736992\n|-terastallize|p2b: piano intensifies|Fire\n|move|p2a: Redirect Sim. 2023|Follow Me|p2a: Redirect Sim. 2023\n|-singleturn|p2a: Redirect Sim. 2023|move: Follow Me\n|move|p1a: Fezandipiti|Icy Wind|p2a: Redirect Sim. 2023|[spread] p2a,p2b\n|-resisted|p2b: piano intensifies\n|-damage|p2a: Redirect Sim. 2023|20\/100 tox\n|-damage|p2b: piano intensifies|97\/100\n|-unboost|p2a: Redirect Sim. 2023|spe|1\n|move|p1b: Meowscarada|Knock Off|p2a: Redirect Sim. 2023\n|-resisted|p2a: Redirect Sim. 2023\n|-damage|p2a: Redirect Sim. 2023|6\/100 tox\n|move|p2b: piano intensifies|Rock Slide|p1a: Fezandipiti|[spread] p1a,p1b\n|-damage|p1a: Fezandipiti|79\/100\n|-damage|p1b: Meowscarada|0 fnt\n|faint|p1b: Meowscarada\n|\n|-damage|p2a: Redirect Sim. 2023|0 fnt|[from] psn\n|faint|p2a: Redirect Sim. 2023\n|upkeep\n|\n|t:|1699737008\n|switch|p1b: Grimmsnarl|Grimmsnarl, L50, M|100\/100\n|switch|p2a: Hot Box|Rotom-Heat, L50|59\/100\n|turn|5\n|\n|t:|1699737025\n|move|p2b: piano intensifies|Protect|p2b: piano intensifies\n|-singleturn|p2b: piano intensifies|Protect\n|move|p1b: Grimmsnarl|Reflect|p1b: Grimmsnarl\n|-sidestart|p1: CyborgPigeon|Reflect\n|move|p1a: Fezandipiti|Icy Wind|p2a: Hot Box|[spread] p2a\n|-activate|p2b: piano intensifies|move: Protect\n|-resisted|p2a: Hot Box\n|-damage|p2a: Hot Box|54\/100\n|-unboost|p2a: Hot Box|spe|1\n|-status|p2a: Hot Box|tox|[from] ability: Toxic Chain|[of] p1a: Fezandipiti\n|move|p2a: Hot Box|Trick|p1b: Grimmsnarl\n|-activate|p2a: Hot Box|move: Trick|[of] p1b: Grimmsnarl\n|-enditem|p1b: Grimmsnarl|Light Clay|[silent]|[from] move: Trick\n|-item|p2a: Hot Box|Light Clay|[from] move: Trick\n|\n|-damage|p2a: Hot Box|49\/100 tox|[from] psn\n|upkeep\n|turn|6\n|\n|t:|1699737044\n|move|p1b: Grimmsnarl|Light Screen|p1b: Grimmsnarl\n|-sidestart|p1: CyborgPigeon|move: Light Screen\n|move|p1a: Fezandipiti|Icy Wind|p2b: piano intensifies|[spread] p2a\n|-miss|p1a: Fezandipiti|p2b: piano intensifies\n|-resisted|p2a: Hot Box\n|-damage|p2a: Hot Box|43\/100 tox\n|-unboost|p2a: Hot Box|spe|1\n|move|p2b: piano intensifies|Rock Slide|p1a: Fezandipiti|[spread] p1a,p1b\n|-crit|p1b: Grimmsnarl\n|-damage|p1a: Fezandipiti|64\/100\n|-damage|p1b: Grimmsnarl|63\/100\n|move|p2a: Hot Box|Volt Switch|p1b: Grimmsnarl\n|-damage|p1b: Grimmsnarl|43\/100\n|\n|t:|1699737057\n|switch|p2a: Dragalgalgalgalge|Dragalge, L50, F|100\/100|[from] Volt Switch\n|\n|upkeep\n|turn|7\n|\n|t:|1699737070\n|move|p1a: Fezandipiti|Icy Wind|p2b: piano intensifies|[spread] p2a,p2b\n|-supereffective|p2a: Dragalgalgalgalge\n|-resisted|p2b: piano intensifies\n|-damage|p2a: Dragalgalgalgalge|85\/100\n|-damage|p2b: piano intensifies|92\/100\n|-unboost|p2a: Dragalgalgalgalge|spe|1\n|move|p2b: piano intensifies|Rock Slide|p1b: Grimmsnarl|[spread] p1b\n|-miss|p2b: piano intensifies|p1a: Fezandipiti\n|-crit|p1b: Grimmsnarl\n|-damage|p1b: Grimmsnarl|8\/100\n|move|p1b: Grimmsnarl|Spirit Break|p2a: Dragalgalgalgalge\n|-damage|p2a: Dragalgalgalgalge|52\/100\n|-unboost|p2a: Dragalgalgalgalge|spa|1\n|move|p2a: Dragalgalgalgalge|Sludge Bomb|p1b: Grimmsnarl\n|-supereffective|p1b: Grimmsnarl\n|-crit|p1b: Grimmsnarl\n|-damage|p1b: Grimmsnarl|0 fnt\n|faint|p1b: Grimmsnarl\n|\n|upkeep\n|\n|t:|1699737084\n|switch|p1b: Annihilape|Annihilape, L50, F|100\/100\n|turn|8\n|\n|t:|1699737118\n|switch|p2a: Hot Box|Rotom-Heat, L50|43\/100 tox\n|move|p1a: Fezandipiti|Icy Wind|p2a: Hot Box|[spread] p2a,p2b\n|-resisted|p2a: Hot Box\n|-resisted|p2b: piano intensifies\n|-damage|p2a: Hot Box|38\/100 tox\n|-damage|p2b: piano intensifies|88\/100\n|-unboost|p2a: Hot Box|spe|1\n|move|p2b: piano intensifies|Stomping Tantrum|p1a: Fezandipiti\n|-supereffective|p1a: Fezandipiti\n|-damage|p1a: Fezandipiti|4\/100\n|move|p1b: Annihilape|Rage Fist|p2a: Hot Box\n|-damage|p2a: Hot Box|1\/100 tox\n|\n|-damage|p2a: Hot Box|0 fnt|[from] psn\n|faint|p2a: Hot Box\n|upkeep\n|\n|t:|1699737131\n|switch|p2a: Dragalgalgalgalge|Dragalge, L50, F|52\/100\n|turn|9\n|\n|t:|1699737179\n|move|p1a: Fezandipiti|Icy Wind|p2b: piano intensifies|[spread] p2a,p2b\n|-supereffective|p2a: Dragalgalgalgalge\n|-resisted|p2b: piano intensifies\n|-crit|p2b: piano intensifies\n|-damage|p2a: Dragalgalgalgalge|32\/100\n|-damage|p2b: piano intensifies|81\/100\n|-unboost|p2a: Dragalgalgalgalge|spe|1\n|-status|p2b: piano intensifies|tox|[from] ability: Toxic Chain|[of] p1a: Fezandipiti\n|move|p2b: piano intensifies|Rock Slide|p1a: Fezandipiti|[spread] p1a,p1b\n|-resisted|p1b: Annihilape\n|-damage|p1a: Fezandipiti|0 fnt\n|-damage|p1b: Annihilape|95\/100\n|faint|p1a: Fezandipiti\n|move|p1b: Annihilape|Rage Fist|p2a: Dragalgalgalgalge\n|-damage|p2a: Dragalgalgalgalge|0 fnt\n|faint|p2a: Dragalgalgalgalge\n|\n|-damage|p2b: piano intensifies|75\/100 tox|[from] psn\n|upkeep\n|turn|10\n|c|\u2606DJ_PBnJ|yeah, that's a gg right there lol\n|\n|t:|1699737208\n|move|p2b: piano intensifies|Stomping Tantrum|p1b: Annihilape\n|-damage|p1b: Annihilape|67\/100\n|move|p1b: Annihilape|Rage Fist|p2b: piano intensifies\n|-damage|p2b: piano intensifies|2\/100 tox\n|-damage|p1b: Annihilape|54\/100|[from] ability: Rough Skin|[of] p2b: piano intensifies\n|\n|-damage|p2b: piano intensifies|0 fnt|[from] psn\n|faint|p2b: piano intensifies\n|\n|win|CyborgPigeon\n|upkeep\n|c|\u2606CyborgPigeon|well you could get very lucky with rock slide\n|c|\u2606CyborgPigeon|ah nvm\n|c|\u2606CyborgPigeon|gg\n|c|\u2606DJ_PBnJ|With how this game has gone\n|c|\u2606DJ_PBnJ|I'd just miss rock slide instead lol\n|c|\u2606DJ_PBnJ|gg\n|c|\u2606CyborgPigeon|this makes up for your fortune street luck\n|c|\u2606DJ_PBnJ|Touche\n|c|\u2606CyborgPigeon|will upload replays\n|c|\u2606CyborgPigeon|ggs\n|l| ShinyLucarioXD\n|l|\u2606DJ_PBnJ\n|player|p1|CyborgPigeon|lucas\n","uploadtime":1699737353,"views":38,"p1id":"cyborgpigeon","p2id":"djpbnj","formatid":"gen9vgc2023regulatione","rating":0,"private":0,"password":""}