{"id":"gen9vgc2023regulatione-1993522626","p1":"tt11823","p2":"luca8","format":"[Gen 9] VGC 2023 Regulation E","log":"|j|\u2606tt11823\n|j|\u2606luca8\n|t:|1700327719\n|gametype|doubles\n|player|p1|tt11823|waiter-gen9|1276\n|player|p2|luca8|flint|1384\n|teamsize|p1|6\n|teamsize|p2|6\n|gen|9\n|tier|[Gen 9] VGC 2023 Regulation E\n|rated|\n|rule|Species Clause: Limit one of each Pok\u00e9mon\n|rule|Item Clause: Limit one of each item\n|clearpoke\n|poke|p1|Heatran, L50, F|\n|poke|p1|Iron Hands, L50|\n|poke|p1|Sinistcha, L50|\n|poke|p1|Goodra-Hisui, L50, F|\n|poke|p1|Urshifu-*, L50, F|\n|poke|p1|Tornadus, L50, M|\n|poke|p2|Urshifu-*, L50, F|\n|poke|p2|Farigiraf, L50, F|\n|poke|p2|Torkoal, L50, M|\n|poke|p2|Flutter Mane, L50|\n|poke|p2|Chi-Yu, L50|\n|poke|p2|Ogerpon-Wellspring, L50, F|\n|teampreview|4\n|\n|t:|1700327765\n|start\n|switch|p1a: Urshifu|Urshifu-Rapid-Strike, L50, F|100\/100\n|switch|p1b: Goodra|Goodra-Hisui, L50, F|100\/100\n|switch|p2a: Farigiraf|Farigiraf, L50, F|100\/100\n|switch|p2b: Flutter Mane|Flutter Mane, L50|100\/100\n|turn|1\n|\n|t:|1700327792\n|-terastallize|p2a: Farigiraf|Water\n|move|p1a: Urshifu|U-turn|p2a: Farigiraf\n|-damage|p2a: Farigiraf|78\/100\n|\n|t:|1700327796\n|switch|p1a: Iron Hands|Iron Hands, L50|100\/100|[from] U-turn\n|move|p2b: Flutter Mane|Moonblast|p1a: Iron Hands\n|-supereffective|p1a: Iron Hands\n|-damage|p1a: Iron Hands|24\/100\n|move|p1b: Goodra|Heavy Slam|p2b: Flutter Mane\n|-supereffective|p2b: Flutter Mane\n|-damage|p2b: Flutter Mane|0 fnt\n|faint|p2b: Flutter Mane\n|-end|p2b: Flutter Mane|Protosynthesis|[silent]\n|move|p2a: Farigiraf|Trick Room|p2a: Farigiraf\n|-fieldstart|move: Trick Room|[of] p2a: Farigiraf\n|\n|upkeep\n|\n|t:|1700327809\n|switch|p2b: Torkoal|Torkoal, L50, M|100\/100\n|-weather|SunnyDay|[from] ability: Drought|[of] p2b: Torkoal\n|turn|2\n|\n|t:|1700327825\n|switch|p2a: Urshifu|Urshifu, L50, F|100\/100\n|-enditem|p2a: Urshifu|Room Service\n|-unboost|p2a: Urshifu|spe|1|[from] item: Room Service\n|-end|p1a: Iron Hands|Quark Drive|[silent]\n|switch|p1a: Heatran|Heatran, L50, F|100\/100\n|move|p2b: Torkoal|Eruption|p1a: Heatran|[spread] p1b\n|-start|p1a: Heatran|ability: Flash Fire\n|-damage|p1b: Goodra|37\/100\n|move|p1b: Goodra|Body Press|p2b: Torkoal\n|-damage|p2b: Torkoal|80\/100\n|\n|-weather|SunnyDay|[upkeep]\n|upkeep\n|turn|3\n|\n|t:|1700327851\n|-terastallize|p1a: Heatran|Grass\n|move|p2b: Torkoal|Earth Power|p1a: Heatran\n|-resisted|p1a: Heatran\n|-damage|p1a: Heatran|88\/100\n|move|p2a: Urshifu|Wicked Blow|p1b: Goodra\n|-damage|p1b: Goodra|10\/100\n|-damage|p2a: Urshifu|84\/100|[from] item: Rocky Helmet|[of] p1b: Goodra\n|move|p1b: Goodra|Body Press|p2b: Torkoal\n|-damage|p2b: Torkoal|57\/100\n|move|p1a: Heatran|Will-O-Wisp|p2a: Urshifu\n|-status|p2a: Urshifu|brn\n|\n|-weather|SunnyDay|[upkeep]\n|-heal|p1a: Heatran|94\/100|[from] item: Leftovers\n|-damage|p2a: Urshifu|78\/100 brn|[from] brn\n|upkeep\n|turn|4\n|\n|t:|1700327878\n|move|p2b: Torkoal|Yawn|p1a: Heatran\n|-start|p1a: Heatran|move: Yawn|[of] p2b: Torkoal\n|move|p2a: Urshifu|Wicked Blow|p1b: Goodra\n|-damage|p1b: Goodra|0 fnt\n|-damage|p2a: Urshifu|62\/100 brn|[from] item: Rocky Helmet|[of] p1b: Goodra\n|faint|p1b: Goodra\n|move|p1a: Heatran|Earth Power|p2b: Torkoal\n|-supereffective|p2b: Torkoal\n|-damage|p2b: Torkoal|0 fnt\n|faint|p2b: Torkoal\n|\n|-weather|SunnyDay|[upkeep]\n|-heal|p1a: Heatran|100\/100|[from] item: Leftovers\n|-damage|p2a: Urshifu|56\/100 brn|[from] brn\n|upkeep\n|\n|t:|1700327897\n|switch|p2b: Farigiraf|Farigiraf, L50, F, tera:Water|78\/100\n|switch|p1b: Iron Hands|Iron Hands, L50|24\/100\n|turn|5\n|\n|t:|1700327916\n|move|p2b: Farigiraf|Nasty Plot|p2b: Farigiraf\n|-boost|p2b: Farigiraf|spa|2\n|move|p2a: Urshifu|Close Combat|p1b: Iron Hands\n|-damage|p1b: Iron Hands|2\/100\n|-unboost|p2a: Urshifu|def|1\n|-unboost|p2a: Urshifu|spd|1\n|move|p1b: Iron Hands|Wild Charge|p2b: Farigiraf\n|-supereffective|p2b: Farigiraf\n|-damage|p2b: Farigiraf|0 fnt\n|faint|p2b: Farigiraf\n|-damage|p1b: Iron Hands|0 fnt|[from] Recoil\n|faint|p1b: Iron Hands\n|-end|p1b: Iron Hands|Quark Drive|[silent]\n|move|p1a: Heatran|Heat Wave|p2a: Urshifu\n|-crit|p2a: Urshifu\n|-damage|p2a: Urshifu|0 fnt\n|faint|p2a: Urshifu\n|\n|win|tt11823\n|raw|tt11823's rating: 1276 &rarr; <strong>1309<\/strong><br \/>(+33 for winning)\n|raw|luca8's rating: 1384 &rarr; <strong>1358<\/strong><br \/>(-26 for losing)\n|l|\u2606luca8\n","uploadtime":1700327934,"views":8,"p1id":"tt11823","p2id":"luca8","formatid":"gen9vgc2023regulatione","rating":1309,"private":0,"password":""}