{"id":"gen9vgc2023regulatione-1995891377","p1":"An Alt Account lol","p2":"cjl78","format":"[Gen 9] VGC 2023 Regulation E","log":"|j|\u2606An Alt Account lol\n|j|\u2606cjl78\n|n|\u2606An Alt Account lol|analtaccountlol\n|n|\u2606cjl78|cjl78\n|html|View the match progress at <a href=\"\/game-bestof3-gen9vgc2023regulatione-1995891376\">game-bestof3-gen9vgc2023regulatione-1995891376<\/a>\n|t:|1700614206\n|gametype|doubles\n|player|p1|An Alt Account lol|emmet|\n|player|p2|cjl78|170|\n|teamsize|p1|6\n|teamsize|p2|6\n|gen|9\n|tier|[Gen 9] VGC 2023 Regulation E\n|rule|Species Clause: Limit one of each Pok\u00e9mon\n|rule|Item Clause: Limit one of each item\n|clearpoke\n|poke|p1|Indeedee-F, L50, F|\n|poke|p1|Urshifu-*, L50, M|\n|poke|p1|Tornadus, L50, M|\n|poke|p1|Armarouge, L50, M|\n|poke|p1|Ogerpon-Cornerstone, L50, F|\n|poke|p1|Gholdengo, L50|\n|poke|p2|Amoonguss, L50, F|\n|poke|p2|Iron Hands, L50|\n|poke|p2|Arcanine-Hisui, L50, F|\n|poke|p2|Roaring Moon, L50|\n|poke|p2|Urshifu-*, L50, F|\n|poke|p2|Gholdengo, L50|\n|teampreview|4\n|inactive|Battle timer is ON: inactive players will automatically lose when time's up. (requested by An Alt Account lol)\ncjl78 has agreed to open team sheets.\n|inactiveoff|Battle timer is now OFF.\nAn Alt Account lol has agreed to open team sheets.\n|showteam|p1|Indeedee-F||PsychicSeed|PsychicSurge|FollowMe,SkillSwap,HelpingHand,TrickRoom|||F|||50|,,,,,Water]Urshifu-Rapid-Strike||Leftovers|UnseenFist|SurgingStrikes,DrainPunch,SwordsDance,Protect|||M|||50|,,,,,Dragon]Tornadus||SitrusBerry|Prankster|BleakwindStorm,Tailwind,RainDance,Protect|||M|||50|,,,,,Dark]Armarouge||LifeOrb|FlashFire|ExpandingForce,ArmorCannon,WideGuard,TrickRoom|||M|||50|,,,,,Psychic]Ogerpon-Cornerstone||CornerstoneMask|Sturdy|SpikyShield,FollowMe,IvyCudgel,PowerWhip|||F|||50|,,,,,Rock]Gholdengo||ChoiceSpecs|GoodasGold|MakeItRain,ShadowBall,DazzlingGleam,Trick||||||50|,,,,,Steel\n|showteam|p2|Amoonguss||SitrusBerry|Regenerator|Spore,RagePowder,PollenPuff,Protect|||F|||50|,,,,,Water]Iron Hands||AssaultVest|QuarkDrive|FakeOut,WildCharge,DrainPunch,HeavySlam||||||50|,,,,,Water]Arcanine-Hisui||ChoiceBand|Intimidate|FlareBlitz,RockSlide,ExtremeSpeed,TeraBlast|||F|||50|,,,,,Fairy]Roaring Moon||BoosterEnergy|Protosynthesis|Acrobatics,KnockOff,Tailwind,Protect||||||50|,,,,,Flying]Urshifu-Rapid-Strike||MysticWater|UnseenFist|SurgingStrikes,AquaJet,Protect,CloseCombat|||F|||50|,,,,,Water]Gholdengo||Leftovers|GoodasGold|MakeItRain,ShadowBall,NastyPlot,Protect||||||50|,,,,,Dragon\n|c|\u2606An Alt Account lol|glhf\n|c|\u2606cjl78|you too!\n|\n|t:|1700614258\n|start\n|switch|p1a: Weather Man|Tornadus, L50, M|100\/100\n|switch|p1b: Joever|Gholdengo, L50|100\/100\n|switch|p2a: Roaring Moon|Roaring Moon, L50|100\/100\n|switch|p2b: Amoonguss|Amoonguss, L50, F|100\/100\n|-enditem|p2a: Roaring Moon|Booster Energy\n|-activate|p2a: Roaring Moon|ability: Protosynthesis|[fromitem]\n|-start|p2a: Roaring Moon|protosynthesisspe\n|turn|1\n|\n|t:|1700614268\n|-terastallize|p1b: Joever|Steel\n|move|p2a: Roaring Moon|Protect|p2a: Roaring Moon\n|-singleturn|p2a: Roaring Moon|Protect\n|move|p1a: Weather Man|Bleakwind Storm|p2a: Roaring Moon|[spread] p2b\n|-activate|p2a: Roaring Moon|move: Protect\n|-supereffective|p2b: Amoonguss\n|-damage|p2b: Amoonguss|34\/100\n|-enditem|p2b: Amoonguss|Sitrus Berry|[eat]\n|-heal|p2b: Amoonguss|59\/100|[from] item: Sitrus Berry\n|move|p1b: Joever|Make It Rain|p2b: Amoonguss|[spread] p2b\n|-activate|p2a: Roaring Moon|move: Protect\n|-damage|p2b: Amoonguss|0 fnt\n|-unboost|p1b: Joever|spa|1\n|faint|p2b: Amoonguss\n|\n|upkeep\n|\n|t:|1700614288\n|switch|p2b: Iron Hands|Iron Hands, L50|100\/100\n|turn|2\n|\n|t:|1700614297\n|switch|p1b: Cute Girl|Indeedee-F, L50, F|100\/100\n|-fieldstart|move: Psychic Terrain|[from] ability: Psychic Surge|[of] p1b: Cute Girl\n|-enditem|p1b: Cute Girl|Psychic Seed\n|-boost|p1b: Cute Girl|spd|1|[from] item: Psychic Seed\n|move|p1a: Weather Man|Tailwind|p1a: Weather Man\n|-sidestart|p1: An Alt Account lol|move: Tailwind\n|move|p2a: Roaring Moon|Knock Off|p1b: Cute Girl\n|-supereffective|p1b: Cute Girl\n|-damage|p1b: Cute Girl|25\/100\n|move|p2b: Iron Hands|Drain Punch|p1b: Cute Girl\n|-damage|p1b: Cute Girl|0 fnt\n|faint|p1b: Cute Girl\n|\n|upkeep\n|\n|t:|1700614319\n|switch|p1b: Joever|Gholdengo, L50, tera:Steel|100\/100\n|turn|3\n|\n|t:|1700614332\n|move|p2a: Roaring Moon|Protect|p2a: Roaring Moon\n|-singleturn|p2a: Roaring Moon|Protect\n|move|p1a: Weather Man|Bleakwind Storm|p2b: Iron Hands|[spread] p2b\n|-activate|p2a: Roaring Moon|move: Protect\n|-damage|p2b: Iron Hands|82\/100\n|move|p1b: Joever|Dazzling Gleam|p2b: Iron Hands|[spread] p2b\n|-activate|p2a: Roaring Moon|move: Protect\n|-supereffective|p2b: Iron Hands\n|-damage|p2b: Iron Hands|47\/100\n|move|p2b: Iron Hands|Drain Punch|p1b: Joever\n|-supereffective|p1b: Joever\n|-damage|p1b: Joever|14\/100\n|-heal|p2b: Iron Hands|79\/100|[from] drain|[of] p1b: Joever\n|\n|upkeep\n|turn|4\n|\n|t:|1700614352\n|-terastallize|p2a: Roaring Moon|Flying\n|move|p1a: Weather Man|Bleakwind Storm|p2a: Roaring Moon|[spread] p2b\n|-miss|p1a: Weather Man|p2a: Roaring Moon\n|-damage|p2b: Iron Hands|62\/100\n|move|p2a: Roaring Moon|Knock Off|p1a: Weather Man\n|-damage|p1a: Weather Man|45\/100\n|-enditem|p1a: Weather Man|Sitrus Berry|[from] move: Knock Off|[of] p2a: Roaring Moon\n|move|p1b: Joever|Dazzling Gleam|p2a: Roaring Moon|[spread] p2a,p2b\n|-supereffective|p2b: Iron Hands\n|-damage|p2a: Roaring Moon|65\/100\n|-damage|p2b: Iron Hands|27\/100\n|move|p2b: Iron Hands|Drain Punch|p1b: Joever\n|-supereffective|p1b: Joever\n|-damage|p1b: Joever|0 fnt\n|-heal|p2b: Iron Hands|32\/100|[from] drain|[of] p1b: Joever\n|faint|p1b: Joever\n|\n|upkeep\n|\n|t:|1700614362\n|switch|p1b: Mega Man|Armarouge, L50, M, shiny|100\/100\n|turn|5\n|j| Funnyman Krebs\n|\n|t:|1700614389\n|-end|p2b: Iron Hands|Quark Drive|[silent]\n|switch|p2b: Gholdengo|Gholdengo, L50|100\/100\n|move|p1a: Weather Man|Bleakwind Storm|p2b: Gholdengo|[spread] p2a\n|-miss|p1a: Weather Man|p2b: Gholdengo\n|-damage|p2a: Roaring Moon|31\/100\n|move|p2a: Roaring Moon|Knock Off|p1a: Weather Man\n|-damage|p1a: Weather Man|3\/100\n|move|p1b: Mega Man|Expanding Force|p2a: Roaring Moon|[spread] p2a,p2b\n|-resisted|p2b: Gholdengo\n|-damage|p2a: Roaring Moon|0 fnt\n|-damage|p2b: Gholdengo|60\/100\n|faint|p2a: Roaring Moon\n|-end|p2a: Roaring Moon|Protosynthesis|[silent]\n|-damage|p1b: Mega Man|91\/100|[from] item: Life Orb\n|\n|-heal|p2b: Gholdengo|66\/100|[from] item: Leftovers\n|-sideend|p1: An Alt Account lol|move: Tailwind\n|upkeep\n|\n|t:|1700614397\n|switch|p2a: Iron Hands|Iron Hands, L50|32\/100\n|turn|6\n|\n|t:|1700614410\n|move|p2a: Iron Hands|Fake Out|p1a: Weather Man\n|-hint|Psychic Terrain doesn't affect Pok\u00e9mon immune to Ground.\n|-damage|p1a: Weather Man|0 fnt\n|faint|p1a: Weather Man\n|move|p2b: Gholdengo|Shadow Ball|p1b: Mega Man\n|-supereffective|p1b: Mega Man\n|-damage|p1b: Mega Man|0 fnt\n|faint|p1b: Mega Man\n|\n|win|cjl78\n|c|&|\/uhtml prompt-analtaccountlol,An Alt Account lol is ready for game 2!\n|c|&|\/uhtml prompt-cjl78,cjl78 is ready for game 2!\nBoth players are ready! Starting next match!\n|j| AGSilver935\n|l| AGSilver935\n|l|\u2606An Alt Account lol\n|l| Funnyman Krebs\n|j|\u2606An Alt Account lol\n|player|p1|An Alt Account lol|emmet\n","uploadtime":1700614694,"views":9,"p1id":"analtaccountlol","p2id":"cjl78","formatid":"gen9vgc2023regulatione","rating":0,"private":0,"password":""}