{"id":"gen9vgc2023regulatione-1992798376","p1":"kINGnATE2002","p2":"whyismynamejeff","format":"[Gen 9] VGC 2023 Regulation E","log":"|j|\u2606kINGnATE2002\n|j|\u2606whyismynamejeff\n|t:|1700236379\n|gametype|doubles\n|player|p1|kINGnATE2002|265|1165\n|player|p2|whyismynamejeff|colress|1063\n|teamsize|p1|6\n|teamsize|p2|6\n|gen|9\n|tier|[Gen 9] VGC 2023 Regulation E\n|rated|\n|rule|Species Clause: Limit one of each Pok\u00e9mon\n|rule|Item Clause: Limit one of each item\n|clearpoke\n|poke|p1|Garganacl, L50, M|\n|poke|p1|Azumarill, L50, F|\n|poke|p1|Fezandipiti, L50, M|\n|poke|p1|Clefairy, L50, M|\n|poke|p1|Spectrier, L50|\n|poke|p1|Landorus-Therian, L50, M|\n|poke|p2|Empoleon, L50, F|\n|poke|p2|Ogerpon-Hearthflame, L50, F|\n|poke|p2|Flutter Mane, L50|\n|poke|p2|Iron Hands, L50|\n|poke|p2|Baxcalibur, L50, M|\n|poke|p2|Landorus-Therian, L50, M|\n|teampreview|4\n|\n|t:|1700236410\n|start\n|switch|p1a: Landorus|Landorus-Therian, L50, M|100\/100\n|switch|p1b: Azumarill|Azumarill, L50, F, shiny|100\/100\n|switch|p2a: Baxcalibur|Baxcalibur, L50, M|100\/100\n|switch|p2b: Iron Hands|Iron Hands, L50|100\/100\n|-ability|p1a: Landorus|Intimidate|boost\n|-unboost|p2a: Baxcalibur|atk|1\n|-unboost|p2b: Iron Hands|atk|1\n|turn|1\n|\n|t:|1700236438\n|-terastallize|p1b: Azumarill|Steel\n|move|p2b: Iron Hands|Fake Out|p1b: Azumarill\n|-resisted|p1b: Azumarill\n|-damage|p1b: Azumarill|95\/100\n|move|p2a: Baxcalibur|Ice Shard|p1a: Landorus\n|-supereffective|p1a: Landorus\n|-crit|p1a: Landorus\n|-damage|p1a: Landorus|0 fnt\n|faint|p1a: Landorus\n|cant|p1b: Azumarill|flinch\n|\n|upkeep\n|\n|t:|1700236449\n|switch|p1a: Clefairy|Clefairy, L50, M|100\/100\n|turn|2\n|\n|t:|1700236461\n|move|p1a: Clefairy|Follow Me|p1a: Clefairy\n|-singleturn|p1a: Clefairy|move: Follow Me\n|move|p2a: Baxcalibur|Icicle Spear|p1a: Clefairy\n|-damage|p1a: Clefairy|92\/100\n|-damage|p1a: Clefairy|84\/100\n|-damage|p1a: Clefairy|75\/100\n|-damage|p1a: Clefairy|66\/100\n|-damage|p1a: Clefairy|56\/100\n|-hitcount|p1a: Clefairy|5\n|move|p1b: Azumarill|Belly Drum|p1b: Azumarill\n|-damage|p1b: Azumarill|45\/100\n|-setboost|p1b: Azumarill|atk|6|[from] move: Belly Drum\n|-enditem|p1b: Azumarill|Sitrus Berry|[eat]\n|-heal|p1b: Azumarill|70\/100|[from] item: Sitrus Berry\n|move|p2b: Iron Hands|Drain Punch|p1a: Clefairy\n|-resisted|p1a: Clefairy\n|-damage|p1a: Clefairy|43\/100\n|\n|upkeep\n|turn|3\n|\n|t:|1700236489\n|move|p1a: Clefairy|Follow Me|p1a: Clefairy\n|-singleturn|p1a: Clefairy|move: Follow Me\n|move|p2a: Baxcalibur|Icicle Spear|p1a: Clefairy\n|-damage|p1a: Clefairy|34\/100\n|-crit|p1a: Clefairy\n|-damage|p1a: Clefairy|13\/100\n|-damage|p1a: Clefairy|5\/100\n|-damage|p1a: Clefairy|0 fnt\n|faint|p1a: Clefairy\n|-hitcount|p1: Clefairy|4\n|move|p1b: Azumarill|Play Rough|p2a: Baxcalibur\n|-supereffective|p2a: Baxcalibur\n|-damage|p2a: Baxcalibur|0 fnt\n|faint|p2a: Baxcalibur\n|move|p2b: Iron Hands|Ice Punch|p1b: Azumarill\n|-resisted|p1b: Azumarill\n|-damage|p1b: Azumarill|60\/100\n|\n|upkeep\n|\n|t:|1700236505\n|switch|p2a: Ogerpon|Ogerpon-Hearthflame, L50, F|100\/100\n|switch|p1a: Garganacl|Garganacl, L50, M|100\/100\n|-ability|p2a: Ogerpon|Mold Breaker\n|turn|4\n|\n|t:|1700236516\n|-terastallize|p2a: Ogerpon|Fire\n|detailschange|p2a: Ogerpon|Ogerpon-Hearthflame-Tera, L50, F, tera:Fire\n|-ability|p2a: Ogerpon|Embody Aspect (Hearthflame)|boost\n|-boost|p2a: Ogerpon|atk|1\n|move|p1b: Azumarill|Aqua Jet|p2a: Ogerpon\n|-supereffective|p2a: Ogerpon\n|-damage|p2a: Ogerpon|0 fnt\n|faint|p2a: Ogerpon\n|move|p2b: Iron Hands|Drain Punch|p1a: Garganacl\n|-supereffective|p1a: Garganacl\n|-damage|p1a: Garganacl|71\/100\n|-damage|p2b: Iron Hands|84\/100|[from] item: Rocky Helmet|[of] p1a: Garganacl\n|move|p1a: Garganacl|Salt Cure|p2b: Iron Hands\n|-resisted|p2b: Iron Hands\n|-damage|p2b: Iron Hands|79\/100\n|-start|p2b: Iron Hands|Salt Cure\n|\n|-damage|p2b: Iron Hands|67\/100|[from] Salt Cure\n|upkeep\n|\n|t:|1700236534\n|switch|p2a: Empoleon|Empoleon, L50, F|100\/100\n|turn|5\n|\n|t:|1700236542\n|move|p1b: Azumarill|Aqua Jet|p2b: Iron Hands\n|-damage|p2b: Iron Hands|2\/100\n|move|p2a: Empoleon|Hydro Pump|p1a: Garganacl\n|-supereffective|p1a: Garganacl\n|-damage|p1a: Garganacl|0 fnt\n|faint|p1a: Garganacl\n|move|p2b: Iron Hands|Drain Punch|p1b: Azumarill\n|-supereffective|p1b: Azumarill\n|-damage|p1b: Azumarill|0 fnt\n|-heal|p2b: Iron Hands|26\/100|[from] drain|[of] p1b: Azumarill\n|faint|p1b: Azumarill\n|\n|win|whyismynamejeff\n|raw|kINGnATE2002's rating: 1165 &rarr; <strong>1133<\/strong><br \/>(-32 for losing)\n|raw|whyismynamejeff's rating: 1063 &rarr; <strong>1102<\/strong><br \/>(+39 for winning)\n|l|\u2606kINGnATE2002\n","uploadtime":1700236562,"views":12,"p1id":"kingnate2002","p2id":"whyismynamejeff","formatid":"gen9vgc2023regulatione","rating":1102,"private":0,"password":""}