{"id":"gen9vgc2023regulatione-1988257846","p1":"shadowkirbydeluxe","p2":"Gman the clown","format":"[Gen 9] VGC 2023 Regulation E","log":"|j|\u2606shadowkirbydeluxe\n|j|\u2606Gman the clown\n|t:|1699696106\n|gametype|doubles\n|player|p1|shadowkirbydeluxe|170|\n|player|p2|Gman the clown|clown|\n|teamsize|p1|6\n|teamsize|p2|6\n|gen|9\n|tier|[Gen 9] VGC 2023 Regulation E\n|rule|Species Clause: Limit one of each Pok\u00e9mon\n|rule|Item Clause: Limit one of each item\n|clearpoke\n|poke|p1|Hydreigon, L50, F|\n|poke|p1|Krookodile, L50, M|\n|poke|p1|Dragapult, L50, F|\n|poke|p1|Samurott-Hisui, L50, F|\n|poke|p1|Tauros-Paldea-Aqua, L50, M|\n|poke|p1|Dragonite, L50, F|\n|poke|p2|Dondozo, L50, F|\n|poke|p2|Tatsugiri, L50, F|\n|poke|p2|Golduck, L50, F|\n|poke|p2|Politoed, L50, F|\n|poke|p2|Tornadus, L50, M|\n|poke|p2|Rillaboom, L50, M|\n|teampreview|4\n|c|\u2606Gman the clown|Gl have fun!\n|\n|t:|1699696129\n|start\n|switch|p1a: Samurott|Samurott-Hisui, L50, F|100\/100\n|switch|p1b: Hydreigon|Hydreigon, L50, F|100\/100\n|switch|p2a: Tornadus|Tornadus, L50, M|100\/100\n|switch|p2b: Golduck|Golduck, L50, F|100\/100\n|turn|1\n|\n|t:|1699696153\n|move|p2b: Golduck|Protect|p2b: Golduck\n|-singleturn|p2b: Golduck|Protect\n|move|p2a: Tornadus|Tailwind|p2a: Tornadus\n|-sidestart|p2: Gman the clown|move: Tailwind\n|move|p1b: Hydreigon|Focus Energy|p1b: Hydreigon\n|-start|p1b: Hydreigon|move: Focus Energy\n|move|p1a: Samurott|Ceaseless Edge|p2b: Golduck\n|-activate|p2b: Golduck|move: Protect\n|\n|upkeep\n|turn|2\n|\n|t:|1699696174\n|switch|p2a: Dondozo|Dondozo, L50, F|100\/100\n|move|p2b: Golduck|Simple Beam|p2a: Dondozo\n|-endability|p2a: Dondozo|Unaware|[from] move: Simple Beam\n|-ability|p2a: Dondozo|Simple|[from] move: Simple Beam\n|move|p1b: Hydreigon|Crunch|p2b: Golduck\n|-crit|p2b: Golduck\n|-damage|p2b: Golduck|42\/100\n|-unboost|p2b: Golduck|def|1\n|-enditem|p2b: Golduck|Eject Button\n|\n|t:|1699696184\n|switch|p2b: Tatsugiri|Tatsugiri, L50, F|100\/100\n|-activate|p2b: Tatsugiri|ability: Commander|[of] p2a: Dondozo\n|-boost|p2a: Dondozo|atk|4\n|-boost|p2a: Dondozo|spa|4\n|-boost|p2a: Dondozo|spe|4\n|-boost|p2a: Dondozo|def|4\n|-boost|p2a: Dondozo|spd|4\n|move|p1a: Samurott|Ceaseless Edge|p2b: Tatsugiri|[miss]\n|-miss|p1a: Samurott|p2b: Tatsugiri\n|\n|upkeep\n|turn|3\n|\n|t:|1699696202\n|move|p2a: Dondozo|Ice Fang|p1b: Hydreigon\n|-supereffective|p1b: Hydreigon\n|-damage|p1b: Hydreigon|0 fnt\n|faint|p1b: Hydreigon\n|move|p1a: Samurott|Ceaseless Edge|p2a: Dondozo\n|-damage|p2a: Dondozo|90\/100\n|-sidestart|p2: Gman the clown|Spikes\n|\n|upkeep\n|\n|t:|1699696215\n|switch|p1b: Tauros|Tauros-Paldea-Aqua, L50, M|100\/100\n|-ability|p1b: Tauros|Intimidate|boost\n|-unboost|p2a: Dondozo|atk|2\n|-unboost|p2b: Tatsugiri|atk|1\n|turn|4\n|\n|t:|1699696233\n|move|p2a: Dondozo|Order Up|p1b: Tauros\n|-damage|p1b: Tauros|54\/100\n|-boost|p2a: Dondozo|atk|2\n|-enditem|p1b: Tauros|Mirror Herb\n|-boost|p1b: Tauros|atk|2|[from] item: Mirror Herb\n|move|p1b: Tauros|Trailblaze|p2a: Dondozo\n|-supereffective|p2a: Dondozo\n|-damage|p2a: Dondozo|79\/100\n|-boost|p1b: Tauros|spe|1\n|move|p1a: Samurott|Ceaseless Edge|p2a: Dondozo\n|-damage|p2a: Dondozo|68\/100\n|-sidestart|p2: Gman the clown|Spikes\n|\n|-sideend|p2: Gman the clown|move: Tailwind\n|upkeep\n|turn|5\n|\n|t:|1699696251\n|-terastallize|p2a: Dondozo|Fire\n|move|p1b: Tauros|Trailblaze|p2a: Dondozo\n|-resisted|p2a: Dondozo\n|-damage|p2a: Dondozo|65\/100\n|-boost|p1b: Tauros|spe|1\n|move|p2a: Dondozo|Order Up|p1b: Tauros\n|-damage|p1b: Tauros|0 fnt\n|faint|p1b: Tauros\n|-boost|p2a: Dondozo|atk|2\n|move|p1a: Samurott|Ceaseless Edge|p2a: Dondozo\n|-damage|p2a: Dondozo|55\/100\n|-sidestart|p2: Gman the clown|Spikes\n|\n|upkeep\n|\n|t:|1699696267\n|switch|p1b: Krookodile|Krookodile, L50, M|100\/100\n|turn|6\n|\n|t:|1699696285\n|-terastallize|p1b: Krookodile|Poison\n|move|p2a: Dondozo|Earthquake|p1a: Samurott|[spread] p1a,p1b\n|-miss|p2a: Dondozo|p2b: Tatsugiri\n|-supereffective|p1b: Krookodile\n|-damage|p1a: Samurott|1\/100\n|-damage|p1b: Krookodile|0 fnt\n|faint|p1b: Krookodile\n|move|p1a: Samurott|Aqua Cutter|p2a: Dondozo\n|-supereffective|p2a: Dondozo\n|-damage|p2a: Dondozo|36\/100\n|\n|upkeep\n|turn|7\n|c|\u2606Gman the clown|Gg well played!\n|\n|t:|1699696312\n|move|p2a: Dondozo|Order Up|p1a: Samurott\n|-damage|p1a: Samurott|0 fnt\n|faint|p1a: Samurott\n|\n|win|Gman the clown\n|l|\u2606shadowkirbydeluxe\n","uploadtime":1699696358,"views":53,"p1id":"shadowkirbydeluxe","p2id":"gmantheclown","formatid":"gen9vgc2023regulatione","rating":0,"private":0,"password":""}