{"id":"gen9vgc2023regulatione-1992285944","p1":"REDIVGC","p2":"thefriending","format":"[Gen 9] VGC 2023 Regulation E","log":"|j|\u2606REDIVGC\n|j|\u2606thefriending\n|n|\u2606REDIVGC|redivgc\n|n|\u2606thefriending|thefriending\n|html|View the match progress at <a href=\"\/game-bestof3-gen9vgc2023regulatione-1992282464\">game-bestof3-gen9vgc2023regulatione-1992282464<\/a>\n|t:|1700170986\n|gametype|doubles\n|player|p1|REDIVGC|170|\n|player|p2|thefriending|265|\n|teamsize|p1|6\n|teamsize|p2|6\n|gen|9\n|tier|[Gen 9] VGC 2023 Regulation E\n|rule|Species Clause: Limit one of each Pok\u00e9mon\n|rule|Item Clause: Limit one of each item\n|clearpoke\n|poke|p1|Chi-Yu, L50|\n|poke|p1|Landorus-Therian, L50, M|\n|poke|p1|Amoonguss, L50, F|\n|poke|p1|Illumise, L50, F|\n|poke|p1|Empoleon, L50, M|\n|poke|p1|Indeedee, L50, M|\n|poke|p2|Iron Bundle, L50|\n|poke|p2|Iron Hands, L50|\n|poke|p2|Kommo-o, L50, M|\n|poke|p2|Clefairy, L50, F|\n|poke|p2|Ceruledge, L50, M|\n|poke|p2|Sableye, L50, F|\n|teampreview|4\nthefriending rejected open team sheets.\n|c|\u2606thefriending|Glhf\n|c|\u2606REDIVGC|glhf\n|\n|t:|1700171051\n|start\n|switch|p1a: Indeedee|Indeedee, L50, M|100\/100\n|switch|p1b: Empoleon|Empoleon, L50, M|100\/100\n|switch|p2a: Ceruledge|Ceruledge, L50, M|100\/100\n|switch|p2b: Sableye|Sableye, L50, F|100\/100\n|-fieldstart|move: Psychic Terrain|[from] ability: Psychic Surge|[of] p1a: Indeedee\n|-enditem|p1a: Indeedee|Psychic Seed\n|-boost|p1a: Indeedee|spd|1|[from] item: Psychic Seed\n|turn|1\n|c|\u2606REDIVGC|u alive??\n|\n|t:|1700171158\n|move|p2b: Sableye|Shadow Sneak|p2a: Ceruledge\n|-supereffective|p2a: Ceruledge\n|-damage|p2a: Ceruledge|66\/100\n|-ability|p2a: Ceruledge|Weak Armor|boost\n|-unboost|p2a: Ceruledge|def|1\n|-boost|p2a: Ceruledge|spe|2\n|-enditem|p2a: Ceruledge|Weakness Policy\n|-boost|p2a: Ceruledge|atk|2|[from] item: Weakness Policy\n|-boost|p2a: Ceruledge|spa|2|[from] item: Weakness Policy\n|move|p2a: Ceruledge|Brick Break|p1b: Empoleon\n|-supereffective|p1b: Empoleon\n|-damage|p1b: Empoleon|0 fnt\n|faint|p1b: Empoleon\n|move|p1a: Indeedee|Psychic|p2a: Ceruledge\n|-damage|p2a: Ceruledge|10\/100\n|\n|upkeep\n|\n|t:|1700171175\n|switch|p1b: Amoonguss|Amoonguss, L50, F|100\/100\n|turn|2\n|\n|t:|1700171196\n|switch|p2b: Clefairy|Clefairy, L50, F|100\/100\n|-terastallize|p1b: Amoonguss|Poison\n|move|p2a: Ceruledge|Protect|p2a: Ceruledge\n|-singleturn|p2a: Ceruledge|Protect\n|move|p1a: Indeedee|Shadow Ball|p2a: Ceruledge\n|-activate|p2a: Ceruledge|move: Protect\n|move|p1b: Amoonguss|Spore|p2b: Clefairy\n|-status|p2b: Clefairy|slp|[from] move: Spore\n|\n|upkeep\n|turn|3\n|\n|t:|1700171245\n|switch|p2b: Iron Bundle|Iron Bundle, L50|100\/100\n|-enditem|p2b: Iron Bundle|Booster Energy\n|-activate|p2b: Iron Bundle|ability: Quark Drive|[fromitem]\n|-start|p2b: Iron Bundle|quarkdrivespe\n|move|p1b: Amoonguss|Rage Powder|p1b: Amoonguss\n|-singleturn|p1b: Amoonguss|move: Rage Powder\n|move|p2a: Ceruledge|Bitter Blade|p1b: Amoonguss\n|-damage|p1b: Amoonguss|19\/100\n|-heal|p2a: Ceruledge|64\/100|[from] drain|[of] p1b: Amoonguss\n|-enditem|p1b: Amoonguss|Sitrus Berry|[eat]\n|-heal|p1b: Amoonguss|44\/100|[from] item: Sitrus Berry\n|move|p1a: Indeedee|Psychic|p2a: Ceruledge\n|-damage|p2a: Ceruledge|4\/100\n|\n|upkeep\n|turn|4\n|\n|t:|1700171276\n|move|p2b: Iron Bundle|Protect|p2b: Iron Bundle\n|-singleturn|p2b: Iron Bundle|Protect\n|move|p2a: Ceruledge|Protect|p2a: Ceruledge\n|-singleturn|p2a: Ceruledge|Protect\n|move|p1a: Indeedee|Psychic|p2b: Iron Bundle\n|-activate|p2b: Iron Bundle|move: Protect\n|move|p1b: Amoonguss|Spore|p2a: Ceruledge\n|-activate|p2a: Ceruledge|move: Protect\n|\n|upkeep\n|turn|5\n|\n|t:|1700171315\n|-terastallize|p2b: Iron Bundle|Ice\n|move|p1b: Amoonguss|Rage Powder|p1b: Amoonguss\n|-singleturn|p1b: Amoonguss|move: Rage Powder\n|move|p2b: Iron Bundle|Freeze-Dry|p1b: Amoonguss\n|-damage|p1b: Amoonguss|0 fnt\n|faint|p1b: Amoonguss\n|move|p2a: Ceruledge|Bitter Blade|p1a: Indeedee\n|-damage|p1a: Indeedee|0 fnt\n|-heal|p2a: Ceruledge|45\/100|[from] drain|[of] p1a: Indeedee\n|faint|p1a: Indeedee\n|\n|-fieldend|move: Psychic Terrain\n|upkeep\n|\n|t:|1700171324\n|switch|p1b: Chi-Yu|Chi-Yu, L50|100\/100\n|-ability|p1b: Chi-Yu|Beads of Ruin\n|turn|6\n|\n|t:|1700171347\n|move|p2b: Iron Bundle|Freeze-Dry|p1b: Chi-Yu\n|-resisted|p1b: Chi-Yu\n|-damage|p1b: Chi-Yu|73\/100\n|move|p2a: Ceruledge|Brick Break|p1b: Chi-Yu\n|-supereffective|p1b: Chi-Yu\n|-damage|p1b: Chi-Yu|0 fnt\n|faint|p1b: Chi-Yu\n|\n|win|thefriending\n|c|\u2606REDIVGC|gg\n|c|&|\/uhtml prompt-redivgc,REDIVGC is ready for game 3!\n|inactive|thefriending has 50 seconds to confirm battle start!\n|c|\u2606thefriending|Gg\n|c|&|\/uhtml prompt-thefriending,thefriending is ready for game 3!\nBoth players are ready! Starting next match!\n","uploadtime":1700171843,"views":17,"p1id":"redivgc","p2id":"thefriending","formatid":"gen9vgc2023regulatione","rating":0,"private":0,"password":""}