{"id":"gen9vgc2023regulatione-1989088004","p1":"ToastedArt","p2":"Granny Pie","format":"[Gen 9] VGC 2023 Regulation E","log":"|j|\u2606ToastedArt\n|j|\u2606Granny Pie\n|n|\u2606ToastedArt|toastedart\n|n|\u2606Granny Pie|grannypie\n|html|View the match progress at <a href=\"\/game-bestof3-gen9vgc2023regulatione-1989088003\">game-bestof3-gen9vgc2023regulatione-1989088003<\/a>\n|t:|1699810833\n|gametype|doubles\n|player|p1|ToastedArt|iris|\n|player|p2|Granny Pie|zinnia|\n|teamsize|p1|6\n|teamsize|p2|6\n|gen|9\n|tier|[Gen 9] VGC 2023 Regulation E\n|rule|Species Clause: Limit one of each Pok\u00e9mon\n|rule|Item Clause: Limit one of each item\n|clearpoke\n|poke|p1|Weezing, L50, F|\n|poke|p1|Landorus-Therian, L50, M|\n|poke|p1|Ogerpon, L50, F|\n|poke|p1|Roaring Moon, L50|\n|poke|p1|Gholdengo, L50|\n|poke|p1|Iron Hands, L50|\n|poke|p2|Dondozo, L50, M|\n|poke|p2|Tatsugiri, L50, M|\n|poke|p2|Iron Bundle, L50|\n|poke|p2|Cresselia, L50, F|\n|poke|p2|Regieleki, L50|\n|poke|p2|Ogerpon-Hearthflame, L50, F|\n|teampreview|4\nToastedArt has agreed to open team sheets.\nGranny Pie has agreed to open team sheets.\n|showteam|p1|Weezing||SitrusBerry|NeutralizingGas|GunkShot,WillOWisp,Taunt,Protect|||F|||50|,,,,,Grass]Landorus-Therian||AbilityShield|Intimidate|StompingTantrum,TeraBlast,Uturn,RockSlide|||M|||50|,,,,,Flying]Ogerpon||RazorClaw|Defiant|IvyCudgel,SpikyShield,StompingTantrum,SwordsDance|||F|||50|,,,,,Grass]Roaring Moon||BoosterEnergy|Protosynthesis|KnockOff,BreakingSwipe,Tailwind,Protect||||||50|,,,,,Poison]Gholdengo||LifeOrb|GoodasGold|MakeItRain,ShadowBall,NastyPlot,Protect||||||50|,,,,,Water]Iron Hands||AssaultVest|QuarkDrive|WildCharge,DrainPunch,HeavySlam,FakeOut||||||50|,,,,,Fire\n|showteam|p2|Dondozo||Leftovers|Unaware|WaveCrash,OrderUp,Rest,Protect|||M|||50|,,,,,Dragon]Tatsugiri||ToxicOrb|Commander|DracoMeteor,MuddyWater,Protect,IcyWind|||M|||50|,,,,,Dragon]Iron Bundle||BoosterEnergy|QuarkDrive|FreezeDry,FlipTurn,Taunt,Protect||||||50|,,,,,Ghost]Cresselia||MentalHerb|Levitate|Psychic,LunarBlessing,AllySwitch,HelpingHand|||F|||50|,,,,,Fairy]Regieleki||FocusSash|Transistor|Electroweb,Thunderbolt,TeraBlast,Protect||||||50|,,,,,Ice]Ogerpon-Hearthflame||HearthflameMask|MoldBreaker|IvyCudgel,HornLeech,SwordsDance,SpikyShield|||F|||50|,,,,,Fire\n|\n|t:|1699810903\n|start\n|switch|p1a: Iron Hands|Iron Hands, L50|100\/100\n|switch|p1b: Roaring Moon|Roaring Moon, L50|100\/100\n|switch|p2a: Regiice|Regieleki, L50|100\/100\n|switch|p2b: Moon Duck|Cresselia, L50, F|100\/100\n|-enditem|p1b: Roaring Moon|Booster Energy\n|-activate|p1b: Roaring Moon|ability: Protosynthesis|[fromitem]\n|-start|p1b: Roaring Moon|protosynthesisspe\n|turn|1\n|\n|t:|1699810943\n|switch|p2a: #RIPBozo|Dondozo, L50, M|100\/100\n|switch|p2b: I'm Dead Bro \ud83d\udc80|Tatsugiri, L50, M|100\/100\n|-activate|p2b: I'm Dead Bro \ud83d\udc80|ability: Commander|[of] p2a: #RIPBozo\n|-boost|p2a: #RIPBozo|atk|2\n|-boost|p2a: #RIPBozo|spa|2\n|-boost|p2a: #RIPBozo|spe|2\n|-boost|p2a: #RIPBozo|def|2\n|-boost|p2a: #RIPBozo|spd|2\n|move|p1a: Iron Hands|Fake Out|p2b: I'm Dead Bro \ud83d\udc80|[miss]\n|-miss|p1a: Iron Hands|p2b: I'm Dead Bro \ud83d\udc80\n|move|p1b: Roaring Moon|Knock Off|p2b: I'm Dead Bro \ud83d\udc80|[miss]\n|-miss|p1b: Roaring Moon|p2b: I'm Dead Bro \ud83d\udc80\n|\n|-status|p2b: I'm Dead Bro \ud83d\udc80|tox|[from] item: Toxic Orb\n|upkeep\n|turn|2\n|c|\u2606Granny Pie|\ud83d\udc80\n|\n|t:|1699810972\n|move|p1b: Roaring Moon|Breaking Swipe|p2b: I'm Dead Bro \ud83d\udc80|[spread] p2a\n|-miss|p1b: Roaring Moon|p2b: I'm Dead Bro \ud83d\udc80\n|-damage|p2a: #RIPBozo|93\/100\n|-unboost|p2a: #RIPBozo|atk|1\n|move|p2a: #RIPBozo|Order Up|p1a: Iron Hands\n|-damage|p1a: Iron Hands|73\/100\n|-boost|p2a: #RIPBozo|atk|1\n|move|p1a: Iron Hands|Wild Charge|p2a: #RIPBozo\n|-supereffective|p2a: #RIPBozo\n|-damage|p2a: #RIPBozo|58\/100\n|-damage|p1a: Iron Hands|65\/100|[from] Recoil\n|\n|-heal|p2a: #RIPBozo|64\/100|[from] item: Leftovers\n|-damage|p2b: I'm Dead Bro \ud83d\udc80|95\/100 tox|[from] psn\n|upkeep\n|turn|3\n|\n|t:|1699810997\n|-terastallize|p1b: Roaring Moon|Poison\n|move|p2a: #RIPBozo|Protect|p2a: #RIPBozo\n|-singleturn|p2a: #RIPBozo|Protect\n|move|p1b: Roaring Moon|Breaking Swipe|p2b: I'm Dead Bro \ud83d\udc80|[spread] \n|-miss|p1b: Roaring Moon|p2b: I'm Dead Bro \ud83d\udc80\n|-activate|p2a: #RIPBozo|move: Protect\n|move|p1a: Iron Hands|Wild Charge|p2a: #RIPBozo\n|-activate|p2a: #RIPBozo|move: Protect\n|\n|-heal|p2a: #RIPBozo|70\/100|[from] item: Leftovers\n|-damage|p2b: I'm Dead Bro \ud83d\udc80|84\/100 tox|[from] psn\n|upkeep\n|turn|4\n|c|\u2606Granny Pie|!\n|\n|t:|1699811030\n|move|p1b: Roaring Moon|Breaking Swipe|p2b: I'm Dead Bro \ud83d\udc80|[spread] p2a\n|-miss|p1b: Roaring Moon|p2b: I'm Dead Bro \ud83d\udc80\n|-damage|p2a: #RIPBozo|62\/100\n|-unboost|p2a: #RIPBozo|atk|1\n|move|p2a: #RIPBozo|Order Up|p1a: Iron Hands\n|-damage|p1a: Iron Hands|40\/100\n|-boost|p2a: #RIPBozo|atk|1\n|move|p1a: Iron Hands|Wild Charge|p2a: #RIPBozo\n|-supereffective|p2a: #RIPBozo\n|-damage|p2a: #RIPBozo|30\/100\n|-damage|p1a: Iron Hands|32\/100|[from] Recoil\n|\n|-heal|p2a: #RIPBozo|36\/100|[from] item: Leftovers\n|-damage|p2b: I'm Dead Bro \ud83d\udc80|67\/100 tox|[from] psn\n|upkeep\n|turn|5\n|\n|t:|1699811052\n|-end|p1b: Roaring Moon|Protosynthesis|[silent]\n|switch|p1b: Ogerpon|Ogerpon, L50, F|100\/100\n|move|p2a: #RIPBozo|Protect|p2a: #RIPBozo\n|-singleturn|p2a: #RIPBozo|Protect\n|move|p1a: Iron Hands|Wild Charge|p2a: #RIPBozo\n|-activate|p2a: #RIPBozo|move: Protect\n|\n|-heal|p2a: #RIPBozo|42\/100|[from] item: Leftovers\n|-damage|p2b: I'm Dead Bro \ud83d\udc80|45\/100 tox|[from] psn\n|upkeep\n|turn|6\n|\n|t:|1699811073\n|-terastallize|p2a: #RIPBozo|Dragon\n|move|p2a: #RIPBozo|Order Up|p1a: Iron Hands\n|-damage|p1a: Iron Hands|0 fnt\n|faint|p1a: Iron Hands\n|-end|p1a: Iron Hands|Quark Drive|[silent]\n|-boost|p2a: #RIPBozo|atk|1\n|move|p1b: Ogerpon|Swords Dance|p1b: Ogerpon\n|-boost|p1b: Ogerpon|atk|2\n|\n|-heal|p2a: #RIPBozo|48\/100|[from] item: Leftovers\n|-damage|p2b: I'm Dead Bro \ud83d\udc80|17\/100 tox|[from] psn\n|upkeep\n|\n|t:|1699811088\n|switch|p1a: Roaring Moon|Roaring Moon, L50, tera:Poison|100\/100\n|turn|7\n|\n|t:|1699811098\n|move|p2a: #RIPBozo|Protect|p2a: #RIPBozo\n|-singleturn|p2a: #RIPBozo|Protect\n|move|p1a: Roaring Moon|Breaking Swipe|p2b: I'm Dead Bro \ud83d\udc80|[spread] \n|-miss|p1a: Roaring Moon|p2b: I'm Dead Bro \ud83d\udc80\n|-activate|p2a: #RIPBozo|move: Protect\n|move|p1b: Ogerpon|Ivy Cudgel|p2a: #RIPBozo\n|-activate|p2a: #RIPBozo|move: Protect\n|\n|-heal|p2a: #RIPBozo|54\/100|[from] item: Leftovers\n|-damage|p2b: I'm Dead Bro \ud83d\udc80|0 fnt|[from] psn\n|faint|p2b: I'm Dead Bro \ud83d\udc80\n|upkeep\n|\n|t:|1699811119\n|switch|p2b: Regiice|Regieleki, L50|100\/100\n|turn|8\n|\n|t:|1699811141\n|move|p2b: Regiice|Electroweb|p1a: Roaring Moon|[spread] p1a,p1b\n|-resisted|p1b: Ogerpon\n|-damage|p1a: Roaring Moon|79\/100\n|-damage|p1b: Ogerpon|89\/100\n|-unboost|p1a: Roaring Moon|spe|1\n|-unboost|p1b: Ogerpon|spe|1\n|-ability|p1b: Ogerpon|Defiant|boost\n|-boost|p1b: Ogerpon|atk|2\n|move|p2a: #RIPBozo|Order Up|p1b: Ogerpon\n|-damage|p1b: Ogerpon|0 fnt\n|faint|p1b: Ogerpon\n|-boost|p2a: #RIPBozo|atk|1\n|move|p1a: Roaring Moon|Breaking Swipe|p2b: Regiice|[spread] p2a,p2b\n|-supereffective|p2a: #RIPBozo\n|-crit|p2b: Regiice\n|-damage|p2a: #RIPBozo|40\/100\n|-damage|p2b: Regiice|38\/100\n|-unboost|p2a: #RIPBozo|atk|1\n|-unboost|p2b: Regiice|atk|1\n|\n|-heal|p2a: #RIPBozo|47\/100|[from] item: Leftovers\n|upkeep\n|\n|t:|1699811157\n|switch|p1b: Gholdengo|Gholdengo, L50|100\/100\n|turn|9\n|\n|t:|1699811179\n|move|p2b: Regiice|Electroweb|p1a: Roaring Moon|[spread] p1a,p1b\n|-damage|p1a: Roaring Moon|57\/100\n|-damage|p1b: Gholdengo|78\/100\n|-unboost|p1a: Roaring Moon|spe|1\n|-unboost|p1b: Gholdengo|spe|1\n|move|p2a: #RIPBozo|Wave Crash|p1b: Gholdengo\n|-damage|p1b: Gholdengo|0 fnt\n|faint|p1b: Gholdengo\n|-damage|p2a: #RIPBozo|26\/100|[from] Recoil\n|move|p1a: Roaring Moon|Breaking Swipe|p2b: Regiice|[spread] p2a,p2b\n|-supereffective|p2a: #RIPBozo\n|-damage|p2a: #RIPBozo|12\/100\n|-damage|p2b: Regiice|0 fnt\n|-unboost|p2a: #RIPBozo|atk|1\n|faint|p2b: Regiice\n|\n|-heal|p2a: #RIPBozo|18\/100|[from] item: Leftovers\n|upkeep\n|\n|t:|1699811186\n|switch|p2b: Moon Duck|Cresselia, L50, F|100\/100\n|turn|10\n|\n|t:|1699811197\n|move|p2a: #RIPBozo|Wave Crash|p1a: Roaring Moon\n|-damage|p1a: Roaring Moon|0 fnt\n|faint|p1a: Roaring Moon\n|-end|p1a: Roaring Moon|Protosynthesis|[silent]\n|-damage|p2a: #RIPBozo|2\/100|[from] Recoil\n|\n|win|Granny Pie\n|c|&|\/uhtml prompt-toastedart,ToastedArt is ready for game 2!\n|l|\u2606ToastedArt\n","uploadtime":1699811202,"views":9,"p1id":"toastedart","p2id":"grannypie","formatid":"gen9vgc2023regulatione","rating":0,"private":0,"password":""}