{"id":"gen9vgc2023regulatione-1991576769","p1":"RoyTan","p2":"Nervoneo","format":"[Gen 9] VGC 2023 Regulation E","log":"|j|\u2606RoyTan\n|j|\u2606Nervoneo\n|t:|1700090188\n|gametype|doubles\n|player|p1|RoyTan|hiker-gen4|1101\n|player|p2|Nervoneo|101|1138\n|teamsize|p1|4\n|teamsize|p2|6\n|gen|9\n|tier|[Gen 9] VGC 2023 Regulation E\n|rated|\n|rule|Species Clause: Limit one of each Pok\u00e9mon\n|rule|Item Clause: Limit one of each item\n|clearpoke\n|poke|p1|Dondozo, L50, M|\n|poke|p1|Tatsugiri, L50, M|\n|poke|p1|Tornadus, L50, M|\n|poke|p1|Iron Hands, L50|\n|poke|p2|Clodsire, L50, M|\n|poke|p2|Dipplin, L50, M|\n|poke|p2|Iron Bundle, L50|\n|poke|p2|Tauros-Paldea-Blaze, L50, M|\n|poke|p2|Landorus-Therian, L50, M|\n|poke|p2|Farigiraf, L50, M|\n|teampreview|4\n|\n|t:|1700090209\n|start\n|switch|p1a: Tornadus|Tornadus, L50, M|100\/100\n|switch|p1b: Iron Hands|Iron Hands, L50|100\/100\n|switch|p2a: Iron Bundle|Iron Bundle, L50|100\/100\n|switch|p2b: Clodsire|Clodsire, L50, M|100\/100\n|-enditem|p2a: Iron Bundle|Booster Energy\n|-activate|p2a: Iron Bundle|ability: Quark Drive|[fromitem]\n|-start|p2a: Iron Bundle|quarkdrivespe\n|turn|1\n|\n|t:|1700090225\n|move|p1b: Iron Hands|Fake Out|p2a: Iron Bundle\n|-damage|p2a: Iron Bundle|82\/100\n|move|p1a: Tornadus|Tailwind|p1a: Tornadus\n|-sidestart|p1: RoyTan|move: Tailwind\n|cant|p2a: Iron Bundle|flinch\n|move|p2b: Clodsire|Yawn|p1a: Tornadus\n|-start|p1a: Tornadus|move: Yawn|[of] p2b: Clodsire\n|\n|upkeep\n|turn|2\n|\n|t:|1700090270\n|switch|p1a: Tatsugiri|Tatsugiri, L50, M|100\/100\n|move|p2a: Iron Bundle|Encore|p1b: Iron Hands\n|-start|p1b: Iron Hands|Encore\n|move|p1b: Iron Hands|Fake Out||[still]\n|-hint|Fake Out only works on your first turn out.\n|-fail|p1b: Iron Hands\n|move|p2b: Clodsire|Gunk Shot|p1a: Tatsugiri\n|-damage|p1a: Tatsugiri|14\/100\n|-status|p1a: Tatsugiri|psn\n|\n|-damage|p1a: Tatsugiri|3\/100 psn|[from] psn\n|upkeep\n|turn|3\n|\n|t:|1700090295\n|-end|p1b: Iron Hands|Quark Drive|[silent]\n|switch|p1b: Dondozo|Dondozo, L50, M|100\/100\n|-activate|p1a: Tatsugiri|ability: Commander|[of] p1b: Dondozo\n|-boost|p1b: Dondozo|atk|2\n|-boost|p1b: Dondozo|spa|2\n|-boost|p1b: Dondozo|spe|2\n|-boost|p1b: Dondozo|def|2\n|-boost|p1b: Dondozo|spd|2\n|move|p2a: Iron Bundle|Hydro Pump|p1b: Dondozo|[miss]\n|-miss|p2a: Iron Bundle|p1b: Dondozo\n|move|p2b: Clodsire|Yawn|p1b: Dondozo\n|-start|p1b: Dondozo|move: Yawn|[of] p2b: Clodsire\n|\n|-damage|p1a: Tatsugiri|0 fnt|[from] psn\n|faint|p1a: Tatsugiri\n|upkeep\n|\n|t:|1700090318\n|switch|p1a: Tornadus|Tornadus, L50, M|100\/100\n|turn|4\n|\n|t:|1700090327\n|move|p2b: Clodsire|Helping Hand|p2a: Iron Bundle\n|-singleturn|p2a: Iron Bundle|Helping Hand|[of] p2b: Clodsire\n|move|p1a: Tornadus|Bleakwind Storm|p2b: Clodsire|[spread] p2a,p2b\n|-damage|p2a: Iron Bundle|9\/100\n|-damage|p2b: Clodsire|71\/100\n|move|p2a: Iron Bundle|Freeze-Dry|p1b: Dondozo\n|-supereffective|p1b: Dondozo\n|-crit|p1b: Dondozo\n|-damage|p1b: Dondozo|0 fnt\n|faint|p1b: Dondozo\n|\n|-sideend|p1: RoyTan|move: Tailwind\n|upkeep\n|\n|t:|1700090341\n|switch|p1b: Iron Hands|Iron Hands, L50|100\/100\n|turn|5\n|\n|t:|1700090352\n|-terastallize|p1b: Iron Hands|Fighting\n|move|p2a: Iron Bundle|Freeze-Dry|p1a: Tornadus\n|-supereffective|p1a: Tornadus\n|-damage|p1a: Tornadus|2\/100\n|-enditem|p1a: Tornadus|Sitrus Berry|[eat]\n|-heal|p1a: Tornadus|26\/100|[from] item: Sitrus Berry\n|move|p1a: Tornadus|Bleakwind Storm|p2a: Iron Bundle|[spread] p2a,p2b\n|-damage|p2a: Iron Bundle|0 fnt\n|-damage|p2b: Clodsire|43\/100\n|-unboost|p2b: Clodsire|spe|1\n|faint|p2a: Iron Bundle\n|-end|p2a: Iron Bundle|Quark Drive|[silent]\n|move|p1b: Iron Hands|Wild Charge|p2b: Clodsire\n|-immune|p2b: Clodsire\n|move|p2b: Clodsire|Yawn|p1b: Iron Hands\n|-start|p1b: Iron Hands|move: Yawn|[of] p2b: Clodsire\n|\n|upkeep\n|\n|t:|1700090369\n|switch|p2a: Dipplin|Dipplin, L50, M|100\/100\n|-ability|p2a: Dipplin|Supersweet Syrup\n|-ability|p2a: Dipplin|Supersweet Syrup|boost\n|-unboost|p1a: Tornadus|evasion|1\n|-unboost|p1b: Iron Hands|evasion|1\n|turn|6\n|\n|t:|1700090381\n|move|p1a: Tornadus|Tailwind|p1a: Tornadus\n|-sidestart|p1: RoyTan|move: Tailwind\n|move|p1b: Iron Hands|Drain Punch|p2b: Clodsire\n|-resisted|p2b: Clodsire\n|-damage|p2b: Clodsire|12\/100\n|-enditem|p2b: Clodsire|Mago Berry|[eat]\n|-heal|p2b: Clodsire|45\/100|[from] item: Mago Berry\n|move|p2a: Dipplin|Pollen Puff|p2b: Clodsire\n|-heal|p2b: Clodsire|95\/100\n|move|p2b: Clodsire|Gunk Shot|p1a: Tornadus\n|-damage|p1a: Tornadus|0 fnt\n|faint|p1a: Tornadus\n|\n|-end|p1b: Iron Hands|move: Yawn|[silent]\n|-status|p1b: Iron Hands|slp\n|upkeep\n|turn|7\n|\n|t:|1700090408\n|cant|p1b: Iron Hands|slp\n|move|p2a: Dipplin|Syrup Bomb|p1b: Iron Hands\n|-damage|p1b: Iron Hands|80\/100 slp\n|-start|p1b: Iron Hands|Syrup Bomb\n|move|p2b: Clodsire|Gunk Shot|p1b: Iron Hands\n|-damage|p1b: Iron Hands|54\/100 slp\n|\n|-unboost|p1b: Iron Hands|spe|1\n|upkeep\n|turn|8\n|\n|t:|1700090420\n|-curestatus|p1b: Iron Hands|slp|[msg]\n|move|p1b: Iron Hands|Drain Punch|p2a: Dipplin\n|-damage|p2a: Dipplin|65\/100\n|-heal|p1b: Iron Hands|69\/100|[from] drain|[of] p2a: Dipplin\n|move|p2a: Dipplin|Syrup Bomb|p1b: Iron Hands\n|-damage|p1b: Iron Hands|47\/100\n|move|p2b: Clodsire|Stomping Tantrum|p1b: Iron Hands\n|-damage|p1b: Iron Hands|32\/100\n|\n|-unboost|p1b: Iron Hands|spe|1\n|upkeep\n|turn|9\n|\n|t:|1700090432\n|move|p1b: Iron Hands|Drain Punch|p2a: Dipplin\n|-damage|p2a: Dipplin|31\/100\n|-heal|p1b: Iron Hands|45\/100|[from] drain|[of] p2a: Dipplin\n|move|p2a: Dipplin|Syrup Bomb|p1b: Iron Hands\n|-damage|p1b: Iron Hands|26\/100\n|move|p2b: Clodsire|Gunk Shot|p1b: Iron Hands\n|-damage|p1b: Iron Hands|1\/100\n|-status|p1b: Iron Hands|psn\n|\n|-damage|p1b: Iron Hands|0 fnt|[from] psn\n|faint|p1b: Iron Hands\n|-end|p1b: Iron Hands|Quark Drive|[silent]\n|\n|win|Nervoneo\n|upkeep\n|raw|RoyTan's rating: 1101 &rarr; <strong>1077<\/strong><br \/>(-24 for losing)\n|raw|Nervoneo's rating: 1111 &rarr; <strong>1135<\/strong><br \/>(+24 for winning)\n|l|\u2606RoyTan\n","uploadtime":1700090454,"views":16,"p1id":"roytan","p2id":"nervoneo","formatid":"gen9vgc2023regulatione","rating":1077,"private":0,"password":""}