{"id":"gen9vgc2023regulatione-2000254556","p1":"NickC_VGC","p2":"reznob","format":"[Gen 9] VGC 2023 Regulation E","log":"|j|\u2606NickC_VGC\n|j|\u2606reznob\n|t:|1701178040\n|gametype|doubles\n|player|p1|NickC_VGC|2|1415\n|player|p2|reznob|acetrainersnow|1415\n|teamsize|p1|6\n|teamsize|p2|6\n|gen|9\n|tier|[Gen 9] VGC 2023 Regulation E\n|rated|\n|rule|Species Clause: Limit one of each Pok\u00e9mon\n|rule|Item Clause: Limit one of each item\n|clearpoke\n|poke|p1|Dondozo, L50, M|\n|poke|p1|Tatsugiri, L50, M|\n|poke|p1|Tornadus, L50, M|\n|poke|p1|Iron Hands, L50|\n|poke|p1|Rillaboom, L50, F|\n|poke|p1|Mamoswine, L50, F|\n|poke|p2|Clefairy, L50, M|\n|poke|p2|Rillaboom, L50, F|\n|poke|p2|Urshifu-*, L50, F|\n|poke|p2|Grimmsnarl, L50, M|\n|poke|p2|Gholdengo, L50|\n|poke|p2|Dragonite, L50, M|\n|teampreview|4\n|inactive|Battle timer is ON: inactive players will automatically lose when time's up. (requested by reznob)\n|inactive|NickC_VGC has 60 seconds left.\n|inactive|reznob has 60 seconds left.\n|inactive|NickC_VGC has 30 seconds left.\n|\n|t:|1701178104\n|start\n|switch|p1a: Tatsugiri|Tatsugiri, L50, M|100\/100\n|switch|p1b: Iron Hands|Iron Hands, L50|100\/100\n|switch|p2a: Grimmsnarl|Grimmsnarl, L50, M|100\/100\n|switch|p2b: Rillaboom|Rillaboom, L50, F|100\/100\n|-fieldstart|move: Grassy Terrain|[from] ability: Grassy Surge|[of] p2b: Rillaboom\n|turn|1\n|inactive|NickC_VGC has 30 seconds left.\n|inactive|NickC_VGC has 20 seconds left.\n|inactive|NickC_VGC has 15 seconds left.\n|\n|t:|1701178148\n|move|p2b: Rillaboom|Fake Out|p1b: Iron Hands\n|-damage|p1b: Iron Hands|91\/100\n|move|p1a: Tatsugiri|Icy Wind|p2a: Grimmsnarl|[spread] p2a,p2b\n|-supereffective|p2b: Rillaboom\n|-damage|p2a: Grimmsnarl|91\/100\n|-damage|p2b: Rillaboom|71\/100\n|-unboost|p2a: Grimmsnarl|spe|1\n|-unboost|p2b: Rillaboom|spe|1\n|cant|p1b: Iron Hands|flinch\n|move|p2a: Grimmsnarl|Spirit Break|p1a: Tatsugiri\n|-supereffective|p1a: Tatsugiri\n|-damage|p1a: Tatsugiri|27\/100\n|-unboost|p1a: Tatsugiri|spa|1\n|\n|-heal|p1a: Tatsugiri|33\/100|[from] Grassy Terrain\n|-heal|p2b: Rillaboom|77\/100|[from] Grassy Terrain\n|-heal|p1b: Iron Hands|97\/100|[from] Grassy Terrain\n|-heal|p2a: Grimmsnarl|97\/100|[from] Grassy Terrain\n|upkeep\n|turn|2\n|inactive|NickC_VGC has 30 seconds left.\n|\n|t:|1701178184\n|move|p2a: Grimmsnarl|Thunder Wave|p1b: Iron Hands\n|-immune|p1b: Iron Hands\n|move|p1a: Tatsugiri|Icy Wind|p2a: Grimmsnarl|[spread] p2a,p2b\n|-supereffective|p2b: Rillaboom\n|-damage|p2a: Grimmsnarl|90\/100\n|-damage|p2b: Rillaboom|58\/100\n|-unboost|p2a: Grimmsnarl|spe|1\n|-unboost|p2b: Rillaboom|spe|1\n|move|p1b: Iron Hands|Volt Switch|p2a: Grimmsnarl\n|-damage|p2a: Grimmsnarl|80\/100\n|\n|t:|1701178194\n|-end|p1b: Iron Hands|Quark Drive|[silent]\n|switch|p1b: Dondozo|Dondozo, L50, M|100\/100|[from] Volt Switch\n|-activate|p1a: Tatsugiri|ability: Commander|[of] p1b: Dondozo\n|-boost|p1b: Dondozo|atk|2\n|-boost|p1b: Dondozo|spa|2\n|-boost|p1b: Dondozo|spe|2\n|-boost|p1b: Dondozo|def|2\n|-boost|p1b: Dondozo|spd|2\n|move|p2b: Rillaboom|Wood Hammer|p1b: Dondozo\n|-supereffective|p1b: Dondozo\n|-damage|p1b: Dondozo|23\/100\n|-damage|p2b: Rillaboom|29\/100|[from] Recoil\n|\n|-heal|p1b: Dondozo|29\/100|[from] Grassy Terrain\n|-heal|p1a: Tatsugiri|39\/100|[from] Grassy Terrain\n|-heal|p2b: Rillaboom|35\/100|[from] Grassy Terrain\n|-heal|p2a: Grimmsnarl|86\/100|[from] Grassy Terrain\n|upkeep\n|turn|3\n|\n|t:|1701178214\n|move|p2b: Rillaboom|Protect|p2b: Rillaboom\n|-singleturn|p2b: Rillaboom|Protect\n|move|p2a: Grimmsnarl|Reflect|p2a: Grimmsnarl\n|-sidestart|p2: reznob|Reflect\n|move|p1b: Dondozo|Surf|p2a: Grimmsnarl|[spread] p2a\n|-miss|p1b: Dondozo|p1a: Tatsugiri\n|-activate|p2b: Rillaboom|move: Protect\n|-damage|p2a: Grimmsnarl|32\/100\n|\n|-heal|p1b: Dondozo|35\/100|[from] Grassy Terrain\n|-heal|p1a: Tatsugiri|44\/100|[from] Grassy Terrain\n|-heal|p2b: Rillaboom|41\/100|[from] Grassy Terrain\n|-heal|p2a: Grimmsnarl|38\/100|[from] Grassy Terrain\n|upkeep\n|turn|4\n|\n|t:|1701178228\n|move|p2b: Rillaboom|Grassy Glide|p1b: Dondozo\n|-supereffective|p1b: Dondozo\n|-damage|p1b: Dondozo|3\/100\n|move|p2a: Grimmsnarl|Thunder Wave|p1b: Dondozo\n|-status|p1b: Dondozo|par\n|move|p1b: Dondozo|Surf|p2a: Grimmsnarl|[spread] p2a,p2b\n|-miss|p1b: Dondozo|p1a: Tatsugiri\n|-resisted|p2b: Rillaboom\n|-damage|p2a: Grimmsnarl|0 fnt\n|-damage|p2b: Rillaboom|0 fnt\n|faint|p2a: Grimmsnarl\n|faint|p2b: Rillaboom\n|\n|-heal|p1a: Tatsugiri|50\/100|[from] Grassy Terrain\n|-heal|p1b: Dondozo|9\/100 par|[from] Grassy Terrain\n|upkeep\n|\n|t:|1701178239\n|switch|p2b: Clefairy|Clefairy, L50, M|100\/100\n|switch|p2a: Dragonite|Dragonite, L50, M|100\/100\n|turn|5\n|\n|t:|1701178254\n|move|p2b: Clefairy|Helping Hand|p2a: Dragonite\n|-singleturn|p2a: Dragonite|Helping Hand|[of] p2b: Clefairy\n|move|p2a: Dragonite|Extreme Speed|p1b: Dondozo\n|-damage|p1b: Dondozo|0 fnt\n|faint|p1b: Dondozo\n|\n|-heal|p1a: Tatsugiri|56\/100|[from] Grassy Terrain\n|-fieldend|move: Grassy Terrain\n|upkeep\n|\n|t:|1701178269\n|switch|p1b: Rillaboom|Rillaboom, L50, F|100\/100\n|-fieldstart|move: Grassy Terrain|[from] ability: Grassy Surge|[of] p1b: Rillaboom\n|turn|6\n|\n|t:|1701178282\n|move|p1b: Rillaboom|Fake Out|p2a: Dragonite\n|-damage|p2a: Dragonite|96\/100\n|move|p1a: Tatsugiri|Icy Wind|p2b: Clefairy|[spread] p2a,p2b\n|-supereffective|p2a: Dragonite\n|-crit|p2a: Dragonite\n|-damage|p2a: Dragonite|63\/100\n|-damage|p2b: Clefairy|93\/100\n|-unboost|p2a: Dragonite|spe|1\n|-unboost|p2b: Clefairy|spe|1\n|cant|p2a: Dragonite|flinch\n|move|p2b: Clefairy|Life Dew|p2b: Clefairy|[spread] p2a,p2b\n|-heal|p2a: Dragonite|88\/100\n|-heal|p2b: Clefairy|100\/100\n|\n|-heal|p1a: Tatsugiri|62\/100|[from] Grassy Terrain\n|upkeep\n|turn|7\n|inactive|NickC_VGC has 30 seconds left.\n|\n|t:|1701178308\n|-terastallize|p2a: Dragonite|Fire\n|move|p1b: Rillaboom|Wood Hammer|p2b: Clefairy\n|-damage|p2b: Clefairy|55\/100\n|-damage|p1b: Rillaboom|86\/100|[from] Recoil\n|move|p1a: Tatsugiri|Muddy Water|p2b: Clefairy|[spread] p2a,p2b\n|-supereffective|p2a: Dragonite\n|-damage|p2a: Dragonite|70\/100\n|-damage|p2b: Clefairy|34\/100\n|move|p2a: Dragonite|Ice Spinner|p1b: Rillaboom\n|-supereffective|p1b: Rillaboom\n|-damage|p1b: Rillaboom|19\/100\n|-fieldend|move: Grassy Terrain\n|move|p2b: Clefairy|Life Dew|p2b: Clefairy|[spread] p2a,p2b\n|-heal|p2a: Dragonite|95\/100\n|-heal|p2b: Clefairy|59\/100\n|\n|-heal|p1b: Rillaboom|25\/100|[from] item: Leftovers\n|upkeep\n|turn|8\n|\n|t:|1701178333\n|move|p2b: Clefairy|Helping Hand|p2a: Dragonite\n|-singleturn|p2a: Dragonite|Helping Hand|[of] p2b: Clefairy\n|move|p2a: Dragonite|Extreme Speed|p1a: Tatsugiri\n|-damage|p1a: Tatsugiri|7\/100\n|move|p1b: Rillaboom|Wood Hammer|p2b: Clefairy\n|-damage|p2b: Clefairy|26\/100\n|-damage|p1b: Rillaboom|15\/100|[from] Recoil\n|move|p1a: Tatsugiri|Muddy Water|p2a: Dragonite|[spread] p2a,p2b\n|-supereffective|p2a: Dragonite\n|-damage|p2a: Dragonite|77\/100\n|-damage|p2b: Clefairy|6\/100\n|\n|-heal|p1b: Rillaboom|21\/100|[from] item: Leftovers\n|upkeep\n|turn|9\n|\n|t:|1701178356\n|move|p2b: Clefairy|Protect|p2b: Clefairy\n|-singleturn|p2b: Clefairy|Protect\n|move|p2a: Dragonite|Extreme Speed|p1a: Tatsugiri\n|-damage|p1a: Tatsugiri|0 fnt\n|faint|p1a: Tatsugiri\n|move|p1b: Rillaboom|Wood Hammer|p2b: Clefairy\n|-activate|p2b: Clefairy|move: Protect\n|\n|-heal|p1b: Rillaboom|27\/100|[from] item: Leftovers\n|upkeep\n|\n|t:|1701178366\n|switch|p1a: Iron Hands|Iron Hands, L50|97\/100\n|turn|10\n|\n|t:|1701178377\n|move|p1a: Iron Hands|Fake Out|p2a: Dragonite\n|-damage|p2a: Dragonite|69\/100\n|move|p1b: Rillaboom|Grassy Glide|p2b: Clefairy\n|-damage|p2b: Clefairy|0 fnt\n|faint|p2b: Clefairy\n|cant|p2a: Dragonite|flinch\n|\n|-heal|p1b: Rillaboom|33\/100|[from] item: Leftovers\n|-sideend|p2: reznob|Reflect\n|upkeep\n|turn|11\n|\n|t:|1701178393\n|move|p1b: Rillaboom|Wood Hammer|p2a: Dragonite\n|-resisted|p2a: Dragonite\n|-crit|p2a: Dragonite\n|-damage|p2a: Dragonite|19\/100\n|-damage|p1b: Rillaboom|15\/100|[from] Recoil\n|move|p1a: Iron Hands|Drain Punch|p2a: Dragonite\n|-damage|p2a: Dragonite|0 fnt\n|-heal|p1a: Iron Hands|100\/100|[from] drain|[of] p2a: Dragonite\n|faint|p2a: Dragonite\n|\n|win|NickC_VGC\n|raw|NickC_VGC's rating: 1415 &rarr; <strong>1435<\/strong><br \/>(+20 for winning)\n|raw|reznob's rating: 1415 &rarr; <strong>1395<\/strong><br \/>(-20 for losing)\n|l|\u2606reznob\n","uploadtime":1701178410,"views":1,"p1id":"nickcvgc","p2id":"reznob","formatid":"gen9vgc2023regulatione","rating":1395,"private":0,"password":""}