{"id":"gen9vgc2023regulatione-1990005102","p1":"beelzebruno","p2":"jebf","format":"[Gen 9] VGC 2023 Regulation E","log":"|j|\u2606beelzebruno\n|j|\u2606jebf\n|t:|1699914567\n|gametype|doubles\n|player|p1|beelzebruno|169|1235\n|player|p2|jebf|ghetsis|1313\n|teamsize|p1|6\n|teamsize|p2|6\n|gen|9\n|tier|[Gen 9] VGC 2023 Regulation E\n|rated|\n|rule|Species Clause: Limit one of each Pok\u00e9mon\n|rule|Item Clause: Limit one of each item\n|clearpoke\n|poke|p1|Medicham, L50, M|\n|poke|p1|Gholdengo, L50|\n|poke|p1|Flutter Mane, L50|\n|poke|p1|Iron Hands, L50|\n|poke|p1|Dragonite, L50, M|\n|poke|p1|Arcanine-Hisui, L50, F|\n|poke|p2|Moltres-Galar, L50|\n|poke|p2|Garchomp, L50, F|\n|poke|p2|Sinistcha, L50|\n|poke|p2|Scizor, L50, F|\n|poke|p2|Iron Bundle, L50|\n|poke|p2|Ninetales-Alola, L50, F|\n|teampreview|4\n|\n|t:|1699914622\n|start\n|switch|p1a: Medicham|Medicham, L50, M|100\/100\n|switch|p1b: Magic Pot|Gholdengo, L50|100\/100\n|switch|p2a: Moltres|Moltres-Galar, L50|100\/100\n|switch|p2b: Garchomp|Garchomp, L50, F, shiny|100\/100\n|turn|1\n|\n|t:|1699914648\n|-terastallize|p2b: Garchomp|Ground\n|move|p1a: Medicham|Fake Out|p2b: Garchomp\n|-damage|p2b: Garchomp|83\/100\n|-damage|p1a: Medicham|88\/100|[from] ability: Rough Skin|[of] p2b: Garchomp\n|cant|p2b: Garchomp|flinch\n|move|p1b: Magic Pot|Thunderbolt|p2a: Moltres\n|-supereffective|p2a: Moltres\n|-damage|p2a: Moltres|44\/100\n|-status|p2a: Moltres|par\n|-ability|p2a: Moltres|Berserk|boost\n|-boost|p2a: Moltres|spa|1\n|-enditem|p2a: Moltres|Sitrus Berry|[eat]\n|-heal|p2a: Moltres|69\/100 par|[from] item: Sitrus Berry\n|move|p2a: Moltres|Tailwind|p2a: Moltres\n|-sidestart|p2: jebf|move: Tailwind\n|\n|upkeep\n|turn|2\n|\n|t:|1699914686\n|switch|p1a: Angeal|Dragonite, L50, M|100\/100\n|move|p2b: Garchomp|Earthquake|p1a: Angeal|[spread] p1b\n|-immune|p2a: Moltres\n|-immune|p1a: Angeal\n|-supereffective|p1b: Magic Pot\n|-damage|p1b: Magic Pot|3\/100\n|move|p1b: Magic Pot|Thunderbolt|p2a: Moltres\n|-supereffective|p2a: Moltres\n|-damage|p2a: Moltres|10\/100 par\n|-ability|p2a: Moltres|Berserk|boost\n|-boost|p2a: Moltres|spa|1\n|cant|p2a: Moltres|par\n|\n|upkeep\n|turn|3\n|\n|t:|1699914730\n|switch|p1b: Iron Maiden|Iron Hands, L50|100\/100\n|move|p1a: Angeal|Extreme Speed|p2a: Moltres\n|-damage|p2a: Moltres|0 fnt\n|faint|p2a: Moltres\n|move|p2b: Garchomp|Rock Slide|p1b: Iron Maiden|[spread] p1a,p1b\n|-supereffective|p1a: Angeal\n|-resisted|p1b: Iron Maiden\n|-damage|p1a: Angeal|64\/100\n|-damage|p1b: Iron Maiden|94\/100\n|\n|upkeep\n|\n|t:|1699914754\n|switch|p2a: Iron Bundle|Iron Bundle, L50, shiny|100\/100\n|-enditem|p2a: Iron Bundle|Booster Energy\n|-activate|p2a: Iron Bundle|ability: Quark Drive|[fromitem]\n|-start|p2a: Iron Bundle|quarkdrivespe\n|turn|4\n|\n|t:|1699914776\n|move|p2a: Iron Bundle|Protect|p2a: Iron Bundle\n|-singleturn|p2a: Iron Bundle|Protect\n|move|p1b: Iron Maiden|Fake Out|p2b: Garchomp\n|-damage|p2b: Garchomp|67\/100\n|-damage|p1b: Iron Maiden|82\/100|[from] ability: Rough Skin|[of] p2b: Garchomp\n|cant|p2b: Garchomp|flinch\n|move|p1a: Angeal|Ice Spinner|p2b: Garchomp\n|-supereffective|p2b: Garchomp\n|-damage|p2b: Garchomp|3\/100\n|-damage|p1a: Angeal|52\/100|[from] ability: Rough Skin|[of] p2b: Garchomp\n|\n|-sideend|p2: jebf|move: Tailwind\n|upkeep\n|turn|5\n|\n|t:|1699914835\n|move|p1a: Angeal|Extreme Speed|p2b: Garchomp\n|-damage|p2b: Garchomp|0 fnt\n|-damage|p1a: Angeal|40\/100|[from] ability: Rough Skin|[of] p2b: Garchomp\n|faint|p2b: Garchomp\n|move|p2a: Iron Bundle|Blizzard|p1a: Angeal|[spread] p1a\n|-miss|p2a: Iron Bundle|p1b: Iron Maiden\n|-supereffective|p1a: Angeal\n|-damage|p1a: Angeal|0 fnt\n|faint|p1a: Angeal\n|move|p1b: Iron Maiden|Drain Punch|p2a: Iron Bundle\n|-supereffective|p2a: Iron Bundle\n|-damage|p2a: Iron Bundle|0 fnt\n|-heal|p1b: Iron Maiden|100\/100|[from] drain|[of] p2a: Iron Bundle\n|faint|p2a: Iron Bundle\n|-end|p2a: Iron Bundle|Quark Drive|[silent]\n|\n|upkeep\n|\n|t:|1699914852\n|switch|p2b: Scizor|Scizor, L50, F, shiny|100\/100\n|switch|p1a: Medicham|Medicham, L50, M|88\/100\n|turn|6\n|-message|jebf forfeited.\n|\n|win|beelzebruno\n|raw|beelzebruno's rating: 1235 &rarr; <strong>1266<\/strong><br \/>(+31 for winning)\n|raw|jebf's rating: 1313 &rarr; <strong>1289<\/strong><br \/>(-24 for losing)\n|l|\u2606jebf\n","uploadtime":1699914872,"views":15,"p1id":"beelzebruno","p2id":"jebf","formatid":"gen9vgc2023regulatione","rating":1266,"private":0,"password":""}