{"id":"gen9vgc2023regulatione-1993068789","p1":"AdamJ17","p2":"Orionseas","format":"[Gen 9] VGC 2023 Regulation E","log":"|j|\u2606AdamJ17\n|j|\u2606Orionseas\n|t:|1700261217\n|gametype|doubles\n|player|p1|AdamJ17|volkner|1238\n|player|p2|Orionseas|1|1321\n|teamsize|p1|6\n|teamsize|p2|6\n|gen|9\n|tier|[Gen 9] VGC 2023 Regulation E\n|rated|\n|rule|Species Clause: Limit one of each Pok\u00e9mon\n|rule|Item Clause: Limit one of each item\n|clearpoke\n|poke|p1|Farigiraf, L50, M|\n|poke|p1|Tyranitar, L50, F|\n|poke|p1|Ogerpon-Cornerstone, L50, F|\n|poke|p1|Tinkaton, L50, F|\n|poke|p1|Volcarona, L50, M|\n|poke|p1|Salamence, L50, F|\n|poke|p2|Landorus-Therian, L50, M|\n|poke|p2|Iron Hands, L50|\n|poke|p2|Roaring Moon, L50|\n|poke|p2|Sinistcha-Masterpiece, L50|\n|poke|p2|Heatran, L50, M|\n|poke|p2|Flutter Mane, L50|\n|teampreview|4\nOrionseas has agreed to open team sheets.\n|inactive|Battle timer is ON: inactive players will automatically lose when time's up. (requested by AdamJ17)\n|\n|t:|1700261275\n|start\n|switch|p1a: Salamence|Salamence, L50, F|100\/100\n|switch|p1b: Tinkaton|Tinkaton, L50, F|100\/100\n|switch|p2a: Landorus|Landorus-Therian, L50, M|100\/100\n|switch|p2b: Roaring Moon|Roaring Moon, L50|100\/100\n|-ability|p1a: Salamence|Intimidate|boost\n|-unboost|p2a: Landorus|atk|1\n|-unboost|p2b: Roaring Moon|atk|1\n|-ability|p2a: Landorus|Intimidate|boost\n|-unboost|p1a: Salamence|atk|1\n|-fail|p1b: Tinkaton|unboost|Attack|[from] ability: Own Tempo|[of] p1b: Tinkaton\n|-enditem|p2b: Roaring Moon|Booster Energy\n|-activate|p2b: Roaring Moon|ability: Protosynthesis|[fromitem]\n|-start|p2b: Roaring Moon|protosynthesisspe\n|turn|1\n|\n|t:|1700261300\n|move|p1b: Tinkaton|Fake Out|p2a: Landorus\n|-damage|p2a: Landorus|91\/100\n|move|p2b: Roaring Moon|Knock Off|p1a: Salamence\n|-damage|p1a: Salamence|53\/100\n|-enditem|p1a: Salamence|Choice Scarf|[from] move: Knock Off|[of] p2b: Roaring Moon\n|cant|p2a: Landorus|flinch\n|move|p1a: Salamence|Draco Meteor|p2b: Roaring Moon|[miss]\n|-miss|p1a: Salamence|p2b: Roaring Moon\n|\n|upkeep\n|turn|2\n|inactive|AdamJ17 has 30 seconds left.\n|inactive|Orionseas has 30 seconds left.\n|inactive|AdamJ17 has 20 seconds left.\n|inactive|Orionseas has 20 seconds left.\n|inactive|Orionseas has 15 seconds left.\n|inactive|Orionseas has 10 seconds left.\n|\n|t:|1700261345\n|move|p2b: Roaring Moon|Protect|p2b: Roaring Moon\n|-singleturn|p2b: Roaring Moon|Protect\n|move|p2a: Landorus|Stomping Tantrum|p1b: Tinkaton\n|-supereffective|p1b: Tinkaton\n|-damage|p1b: Tinkaton|0 fnt\n|faint|p1b: Tinkaton\n|move|p1a: Salamence|Draco Meteor|p2b: Roaring Moon\n|-activate|p2b: Roaring Moon|move: Protect\n|\n|upkeep\n|\n|t:|1700261369\n|switch|p1b: Tyranitar|Tyranitar, L50, F|100\/100\n|-weather|Sandstorm|[from] ability: Sand Stream|[of] p1b: Tyranitar\n|turn|3\n|l|\u2606Orionseas\n|inactive|Orionseas disconnected and has a minute to reconnect!\n|player|p2|\n|inactive|Orionseas has 30 seconds left.\n|j|\u2606Orionseas\n|inactive|Orionseas reconnected and has 25 seconds left.\n|player|p2|Orionseas|1\n|inactive|Orionseas has 20 seconds left.\n|inactive|Orionseas has 15 seconds left.\n|\n|t:|1700261413\n|-end|p2b: Roaring Moon|Protosynthesis|[silent]\n|switch|p2b: Heatran|Heatran, L50, M|100\/100\n|switch|p1a: Ogerpon|Ogerpon-Cornerstone, L50, F|100\/100\n|move|p2a: Landorus|Stomping Tantrum|p1b: Tyranitar\n|-supereffective|p1b: Tyranitar\n|-damage|p1b: Tyranitar|50\/100\n|move|p1b: Tyranitar|Rock Slide|p2b: Heatran|[spread] p2a,p2b\n|-damage|p2a: Landorus|51\/100\n|-damage|p2b: Heatran|73\/100\n|\n|-weather|Sandstorm|[upkeep]\n|upkeep\n|turn|4\n|\n|t:|1700261435\n|switch|p1b: Salamence|Salamence, L50, F|53\/100\n|-ability|p1b: Salamence|Intimidate|boost\n|-unboost|p2a: Landorus|atk|1\n|-unboost|p2b: Heatran|atk|1\n|-terastallize|p1a: Ogerpon|Rock\n|detailschange|p1a: Ogerpon|Ogerpon-Cornerstone-Tera, L50, F, tera:Rock\n|-ability|p1a: Ogerpon|Embody Aspect (Cornerstone)|boost\n|-boost|p1a: Ogerpon|def|1\n|-terastallize|p2b: Heatran|Fairy\n|move|p2a: Landorus|Stomping Tantrum|p1a: Ogerpon\n|-supereffective|p1a: Ogerpon\n|-damage|p1a: Ogerpon|66\/100\n|move|p1a: Ogerpon|Ivy Cudgel|p2b: Heatran|[anim] Ivy Cudgel Rock\n|-damage|p2b: Heatran|1\/100\n|move|p2b: Heatran|Tera Blast|p1b: Salamence|[anim] Tera Blast Fairy\n|-supereffective|p1b: Salamence\n|-damage|p1b: Salamence|0 fnt\n|faint|p1b: Salamence\n|\n|-weather|Sandstorm|[upkeep]\n|-damage|p2b: Heatran|0 fnt|[from] Sandstorm\n|faint|p2b: Heatran\n|upkeep\n|inactive|Orionseas has 30 seconds left.\n|\n|t:|1700261461\n|switch|p1b: Tyranitar|Tyranitar, L50, F|50\/100\n|switch|p2b: Sinistcha|Sinistcha-Masterpiece, L50|100\/100\n|-heal|p2a: Landorus|76\/100|[from] ability: Hospitality|[of] p2b: Sinistcha\n|turn|5\n|inactive|AdamJ17 has 30 seconds left.\n|\n|t:|1700261492\n|switch|p2a: Roaring Moon|Roaring Moon, L50|100\/100\n|move|p1a: Ogerpon|Horn Leech|p2a: Roaring Moon\n|-resisted|p2a: Roaring Moon\n|-damage|p2a: Roaring Moon|72\/100\n|-heal|p1a: Ogerpon|80\/100|[from] drain|[of] p2a: Roaring Moon\n|move|p2b: Sinistcha|Matcha Gotcha|p1b: Tyranitar|[spread] p1a\n|-miss|p2b: Sinistcha|p1b: Tyranitar\n|-supereffective|p1a: Ogerpon\n|-damage|p1a: Ogerpon|40\/100\n|move|p1b: Tyranitar|Assurance|p2b: Sinistcha\n|-supereffective|p2b: Sinistcha\n|-damage|p2b: Sinistcha|25\/100\n|-damage|p1b: Tyranitar|34\/100|[from] item: Rocky Helmet|[of] p2b: Sinistcha\n|\n|-weather|Sandstorm|[upkeep]\n|-damage|p2a: Roaring Moon|65\/100|[from] Sandstorm\n|-damage|p2b: Sinistcha|19\/100|[from] Sandstorm\n|upkeep\n|turn|6\n|\n|t:|1700261516\n|switch|p2b: Landorus|Landorus-Therian, L50, M|76\/100\n|-ability|p2b: Landorus|Intimidate|boost\n|-unboost|p1a: Ogerpon|atk|1\n|-unboost|p1b: Tyranitar|atk|1\n|move|p1a: Ogerpon|Spiky Shield|p1a: Ogerpon\n|-singleturn|p1a: Ogerpon|move: Protect\n|move|p2a: Roaring Moon|Breaking Swipe|p1b: Tyranitar|[spread] p1b\n|-activate|p1a: Ogerpon|move: Protect\n|-damage|p2a: Roaring Moon|53\/100|[from] Spiky Shield|[of] p1a: Ogerpon\n|-damage|p1b: Tyranitar|13\/100\n|-unboost|p1b: Tyranitar|atk|1\n|move|p1b: Tyranitar|Assurance|p2b: Landorus\n|-damage|p2b: Landorus|53\/100\n|\n|-weather|Sandstorm|[upkeep]\n|-damage|p2a: Roaring Moon|47\/100|[from] Sandstorm\n|upkeep\n|turn|7\n|\n|t:|1700261538\n|move|p2b: Landorus|Stomping Tantrum|p1a: Ogerpon\n|-supereffective|p1a: Ogerpon\n|-damage|p1a: Ogerpon|0 fnt\n|faint|p1a: Ogerpon\n|move|p2a: Roaring Moon|Breaking Swipe|p1b: Tyranitar\n|-damage|p1b: Tyranitar|0 fnt\n|faint|p1b: Tyranitar\n|\n|win|Orionseas\n|raw|AdamJ17's rating: 1238 &rarr; <strong>1219<\/strong><br \/>(-19 for losing)\n|raw|Orionseas's rating: 1321 &rarr; <strong>1336<\/strong><br \/>(+15 for winning)\n|l|\u2606AdamJ17\n","uploadtime":1700261548,"views":17,"p1id":"adamj17","p2id":"orionseas","formatid":"gen9vgc2023regulatione","rating":1219,"private":0,"password":""}