{"id":"gen9vgc2023regulatione-1991345089","p1":"Cheemgles","p2":"Teaisneat","format":"[Gen 9] VGC 2023 Regulation E","log":"|j|\u2606Cheemgles\n|j|\u2606Teaisneat\n|n|\u2606Cheemgles|cheemgles\n|n|\u2606Teaisneat|teaisneat\n|html|View the match progress at <a href=\"\/game-bestof3-gen9vgc2023regulatione-1991342402\">game-bestof3-gen9vgc2023regulatione-1991342402<\/a>\n|t:|1700069399\n|gametype|doubles\n|player|p1|Cheemgles|alder|\n|player|p2|Teaisneat|hilda-wonderlauncher|\n|teamsize|p1|6\n|teamsize|p2|6\n|gen|9\n|tier|[Gen 9] VGC 2023 Regulation E\n|rule|Species Clause: Limit one of each Pok\u00e9mon\n|rule|Item Clause: Limit one of each item\n|clearpoke\n|poke|p1|Dragonite, L50, M|\n|poke|p1|Chien-Pao, L50|\n|poke|p1|Tornadus, L50, M|\n|poke|p1|Flutter Mane, L50|\n|poke|p1|Gholdengo, L50|\n|poke|p1|Urshifu-*, L50, M|\n|poke|p2|Bisharp, L50, M|\n|poke|p2|Kleavor, L50, M|\n|poke|p2|Hariyama, L50, F|\n|poke|p2|Ceruledge, L50, M|\n|poke|p2|Grafaiai, L50, M|\n|poke|p2|Cyclizar, L50, M|\n|teampreview|4\nTeaisneat has agreed to open team sheets.\nCheemgles has agreed to open team sheets.\n|showteam|p1|Dragonite||ChoiceBand|InnerFocus|ExtremeSpeed,Outrage,StompingTantrum,AerialAce|||M|||50|,,,,,Normal]Chien-Pao||FocusSash|SwordofRuin|SuckerPunch,Protect,IceSpinner,SacredSword||||||50|,,,,,Ghost]Tornadus||CovertCloak|Prankster|Taunt,Tailwind,Protect,BleakwindStorm|||M|||50|,,,,,Dark]Flutter Mane||BoosterEnergy|Protosynthesis|ShadowBall,Moonblast,Protect,EnergyBall||||||50|,,,,,Ghost]Gholdengo||Leftovers|GoodasGold|MakeItRain,ShadowBall,Protect,NastyPlot||||||50|,,,,,Water]Urshifu-Rapid-Strike||MysticWater|UnseenFist|CloseCombat,Uturn,Detect,SurgingStrikes|||M|||50|,,,,,Water\n|showteam|p2|Bisharp||Eviolite|InnerFocus|SwordsDance,IronDefense,SuckerPunch,Assurance|||M|||50|,,,,,Dragon]Kleavor||BrightPowder|Sharpness|StoneAxe,Uturn,NightSlash,Tailwind|||M|||50|,,,,,Fairy]Hariyama||FlameOrb|Guts|Facade,FirePunch,FakeOut,BulkUp|||F|||50|,,,,,Electric]Ceruledge||BigRoot|FlashFire|BitterBlade,AllySwitch,BrickBreak,Poltergeist|||M|||50|,,,,,Psychic]Grafaiai||Leftovers|Prankster|Taunt,Metronome,Encore,FoulPlay|||M|||50|,,,,,Flying]Cyclizar||SitrusBerry|Regenerator|DragonTail,ShedTail,DoubleEdge,AquaTail|||M|||50|,,,,,Dragon\n|\n|t:|1700069419\n|start\n|switch|p1a: Dragonite|Dragonite, L50, M, shiny|100\/100\n|switch|p1b: Chien-Pao|Chien-Pao, L50|100\/100\n|switch|p2a: axe-kun|Kleavor, L50, M, shiny|100\/100\n|switch|p2b: the fist|Hariyama, L50, F, shiny|100\/100\n|-ability|p1b: Chien-Pao|Sword of Ruin\n|turn|1\n|\n|t:|1700069452\n|-terastallize|p1a: Dragonite|Normal\n|move|p1b: Chien-Pao|Protect|p1b: Chien-Pao\n|-singleturn|p1b: Chien-Pao|Protect\n|move|p2b: the fist|Fake Out|p1a: Dragonite\n|-damage|p1a: Dragonite|81\/100\n|move|p1a: Dragonite|Extreme Speed|p2b: the fist\n|-damage|p2b: the fist|8\/100\n|move|p2a: axe-kun|Stone Axe|p1a: Dragonite|[miss]\n|-miss|p2a: axe-kun|p1a: Dragonite\n|\n|-status|p2b: the fist|brn|[from] item: Flame Orb\n|upkeep\n|turn|2\n|\n|t:|1700069486\n|move|p1a: Dragonite|Extreme Speed|p2b: the fist\n|-damage|p2b: the fist|0 fnt\n|faint|p2b: the fist\n|move|p1b: Chien-Pao|Ice Spinner|p2a: axe-kun|[miss]\n|-miss|p1b: Chien-Pao|p2a: axe-kun\n|move|p2a: axe-kun|Tailwind|p2a: axe-kun\n|-sidestart|p2: Teaisneat|move: Tailwind\n|\n|upkeep\n|\n|t:|1700069496\n|switch|p2b: wings of freedom|Ceruledge, L50, M|100\/100\n|turn|3\n|\n|t:|1700069511\n|move|p1a: Dragonite|Extreme Speed|p2a: axe-kun|[miss]\n|-miss|p1a: Dragonite|p2a: axe-kun\n|move|p2b: wings of freedom|Bitter Blade|p1b: Chien-Pao\n|-supereffective|p1b: Chien-Pao\n|-enditem|p1b: Chien-Pao|Focus Sash\n|-damage|p1b: Chien-Pao|1\/100\n|move|p2a: axe-kun|U-turn|p1b: Chien-Pao\n|-supereffective|p1b: Chien-Pao\n|-damage|p1b: Chien-Pao|0 fnt\n|faint|p1b: Chien-Pao\n|\n|t:|1700069524\n|switch|p2a: spray paint|Grafaiai, L50, M|100\/100|[from] U-turn\n|\n|upkeep\n|\n|t:|1700069530\n|switch|p1b: Flutter Mane|Flutter Mane, L50, shiny|100\/100\n|-enditem|p1b: Flutter Mane|Booster Energy\n|-activate|p1b: Flutter Mane|ability: Protosynthesis|[fromitem]\n|-start|p1b: Flutter Mane|protosynthesisspe\n|turn|4\n|\n|t:|1700069554\n|move|p2b: wings of freedom|Ally Switch|p2b: wings of freedom\n|swap|p2b: wings of freedom|0|[from] move: Ally Switch\n|move|p1a: Dragonite|Extreme Speed|p2a: wings of freedom\n|-immune|p2a: wings of freedom\n|move|p2b: spray paint|Encore|p1a: Dragonite\n|-start|p1a: Dragonite|Encore\n|move|p1b: Flutter Mane|Shadow Ball|p2b: spray paint\n|-immune|p2b: spray paint\n|\n|upkeep\n|turn|5\n|\n|t:|1700069580\n|move|p1a: Dragonite|Extreme Speed|p2a: wings of freedom\n|-immune|p2a: wings of freedom\n|move|p2b: spray paint|Encore|p1b: Flutter Mane\n|-start|p1b: Flutter Mane|Encore\n|move|p1b: Flutter Mane|Shadow Ball|p2b: spray paint\n|-immune|p2b: spray paint\n|move|p2a: wings of freedom|Bitter Blade|p1b: Flutter Mane\n|-damage|p1b: Flutter Mane|1\/100\n|\n|-sideend|p2: Teaisneat|move: Tailwind\n|upkeep\n|turn|6\n|\n|t:|1700069602\n|move|p1a: Dragonite|Extreme Speed|p2b: spray paint\n|-damage|p2b: spray paint|0 fnt\n|faint|p2b: spray paint\n|move|p1b: Flutter Mane|Shadow Ball|p2a: wings of freedom\n|-supereffective|p2a: wings of freedom\n|-damage|p2a: wings of freedom|0 fnt\n|faint|p2a: wings of freedom\n|\n|upkeep\n|\n|t:|1700069632\n|switch|p2a: axe-kun|Kleavor, L50, M, shiny|100\/100\n|turn|7\n|\n|t:|1700069653\n|-terastallize|p2a: axe-kun|Fairy\n|move|p1a: Dragonite|Extreme Speed|p2a: axe-kun\n|-damage|p2a: axe-kun|18\/100\n|move|p1b: Flutter Mane|Shadow Ball|p2a: axe-kun\n|-damage|p2a: axe-kun|0 fnt\n|faint|p2a: axe-kun\n|\n|win|Cheemgles\n|l|\u2606Teaisneat\n|l|\u2606Cheemgles\n|j|\u2606Teaisneat\n|player|p2|Teaisneat|hilda-wonderlauncher\n","uploadtime":1700069702,"views":11,"p1id":"cheemgles","p2id":"teaisneat","formatid":"gen9vgc2023regulatione","rating":0,"private":0,"password":""}