{"id":"gen9vgc2023regulatione-1991245610","p1":"DoritoSlayer","p2":"OceanRayClark","format":"[Gen 9] VGC 2023 Regulation E","log":"|j|\u2606DoritoSlayer\n|j|\u2606OceanRayClark\n|t:|1700060842\n|gametype|doubles\n|player|p1|DoritoSlayer|cynthia-gen4|1169\n|player|p2|OceanRayClark|marshal|1141\n|teamsize|p1|6\n|teamsize|p2|6\n|gen|9\n|tier|[Gen 9] VGC 2023 Regulation E\n|rated|\n|rule|Species Clause: Limit one of each Pok\u00e9mon\n|rule|Item Clause: Limit one of each item\n|clearpoke\n|poke|p1|Hydreigon, L50, M|\n|poke|p1|Tornadus, L50, M|\n|poke|p1|Urshifu-*, L50, M|\n|poke|p1|Overqwil, L50, M|\n|poke|p1|Basculegion, L50, M|\n|poke|p1|Sinistcha-Masterpiece, L50|\n|poke|p2|Annihilape, L50, M|\n|poke|p2|Gallade, L50, M|\n|poke|p2|Iron Hands, L50|\n|poke|p2|Glimmora, L50, F|\n|poke|p2|Ninetales-Alola, L50, F|\n|poke|p2|Haxorus, L50, M|\n|teampreview|4\n|inactive|Battle timer is ON: inactive players will automatically lose when time's up. (requested by OceanRayClark)\nOceanRayClark rejected open team sheets.\n|inactive|DoritoSlayer has 60 seconds left.\n|inactive|OceanRayClark has 60 seconds left.\n|inactive|DoritoSlayer has 30 seconds left.\n|\n|t:|1700060910\n|start\n|switch|p1a: Tornadus|Tornadus, L50, M|100\/100\n|switch|p1b: Urshifu|Urshifu-Rapid-Strike, L50, M|100\/100\n|switch|p2a: Milky Rose\ud83c\udf39|Glimmora, L50, F|100\/100\n|switch|p2b: Princess|Ninetales-Alola, L50, F|100\/100\n|-weather|Snow|[from] ability: Snow Warning|[of] p2b: Princess\n|turn|1\n|\n|t:|1700060935\n|move|p1a: Tornadus|Rain Dance|p1a: Tornadus\n|-weather|RainDance\n|move|p2b: Princess|Freeze-Dry|p1b: Urshifu\n|-supereffective|p1b: Urshifu\n|-damage|p1b: Urshifu|33\/100\n|move|p2a: Milky Rose\ud83c\udf39|Power Gem|p1a: Tornadus\n|-supereffective|p1a: Tornadus\n|-damage|p1a: Tornadus|16\/100\n|move|p1b: Urshifu|Surging Strikes|p2b: Princess\n|-crit|p2b: Princess\n|-damage|p2b: Princess|50\/100\n|-crit|p2b: Princess\n|-damage|p2b: Princess|0 fnt\n|faint|p2b: Princess\n|-hitcount|p2: Princess|2\n|\n|-weather|RainDance|[upkeep]\n|upkeep\n|\n|t:|1700060956\n|switch|p2b: \u30b4\u30fc\u30b9\u30c8\u30d5\u30a1\u30a4\u30bf\u30fc|Annihilape, L50, M|100\/100\n|turn|2\n|inactive|DoritoSlayer has 30 seconds left.\n|inactive|DoritoSlayer has 20 seconds left.\n|\n|t:|1700060994\n|move|p1a: Tornadus|Tailwind|p1a: Tornadus\n|-sidestart|p1: DoritoSlayer|move: Tailwind\n|move|p1b: Urshifu|Surging Strikes|p2b: \u30b4\u30fc\u30b9\u30c8\u30d5\u30a1\u30a4\u30bf\u30fc\n|-crit|p2b: \u30b4\u30fc\u30b9\u30c8\u30d5\u30a1\u30a4\u30bf\u30fc\n|-damage|p2b: \u30b4\u30fc\u30b9\u30c8\u30d5\u30a1\u30a4\u30bf\u30fc|59\/100\n|-crit|p2b: \u30b4\u30fc\u30b9\u30c8\u30d5\u30a1\u30a4\u30bf\u30fc\n|-damage|p2b: \u30b4\u30fc\u30b9\u30c8\u30d5\u30a1\u30a4\u30bf\u30fc|16\/100\n|-crit|p2b: \u30b4\u30fc\u30b9\u30c8\u30d5\u30a1\u30a4\u30bf\u30fc\n|-damage|p2b: \u30b4\u30fc\u30b9\u30c8\u30d5\u30a1\u30a4\u30bf\u30fc|0 fnt\n|faint|p2b: \u30b4\u30fc\u30b9\u30c8\u30d5\u30a1\u30a4\u30bf\u30fc\n|-hitcount|p2: \u30b4\u30fc\u30b9\u30c8\u30d5\u30a1\u30a4\u30bf\u30fc|3\n|move|p2a: Milky Rose\ud83c\udf39|Dazzling Gleam|p1a: Tornadus|[spread] p1a,p1b\n|-supereffective|p1b: Urshifu\n|-damage|p1a: Tornadus|0 fnt\n|-damage|p1b: Urshifu|0 fnt\n|faint|p1a: Tornadus\n|faint|p1b: Urshifu\n|\n|-weather|RainDance|[upkeep]\n|upkeep\n|c|\u2606OceanRayClark|God r legendaries are so broken lol\n|inactive|OceanRayClark has 30 seconds left.\n|inactive|OceanRayClark has 20 seconds left.\n|inactive|OceanRayClark has 15 seconds left.\n|\n|t:|1700061035\n|switch|p1a: Basculegion|Basculegion, L50, M|100\/100\n|switch|p2b: Soul Slicer|Gallade, L50, M|100\/100\n|switch|p1b: Sinistcha|Sinistcha-Masterpiece, L50|100\/100\n|turn|3\n|\n|t:|1700061054\n|move|p1a: Basculegion|Protect|p1a: Basculegion\n|-singleturn|p1a: Basculegion|Protect\n|move|p1b: Sinistcha|Strength Sap|p2b: Soul Slicer\n|-unboost|p2b: Soul Slicer|atk|1\n|move|p2a: Milky Rose\ud83c\udf39|Sludge Bomb|p1b: Sinistcha\n|-damage|p1b: Sinistcha|56\/100\n|move|p2b: Soul Slicer|Night Slash|p1a: Basculegion\n|-activate|p1a: Basculegion|move: Protect\n|\n|-weather|RainDance|[upkeep]\n|upkeep\n|turn|4\n|\n|t:|1700061073\n|move|p2a: Milky Rose\ud83c\udf39|Spiky Shield|p2a: Milky Rose\ud83c\udf39\n|-singleturn|p2a: Milky Rose\ud83c\udf39|move: Protect\n|move|p1a: Basculegion|Wave Crash|p2a: Milky Rose\ud83c\udf39\n|-activate|p2a: Milky Rose\ud83c\udf39|move: Protect\n|-damage|p1a: Basculegion|88\/100|[from] Spiky Shield|[of] p2a: Milky Rose\ud83c\udf39\n|move|p1b: Sinistcha|Strength Sap|p2b: Soul Slicer\n|-unboost|p2b: Soul Slicer|atk|1\n|-heal|p1b: Sinistcha|100\/100\n|move|p2b: Soul Slicer|Night Slash|p1a: Basculegion\n|-supereffective|p1a: Basculegion\n|-damage|p1a: Basculegion|43\/100\n|\n|-weather|RainDance|[upkeep]\n|-heal|p1a: Basculegion|49\/100|[from] item: Leftovers\n|upkeep\n|turn|5\n|inactive|OceanRayClark has 30 seconds left.\n|\n|t:|1700061100\n|move|p1b: Sinistcha|Rage Powder|p1b: Sinistcha\n|-singleturn|p1b: Sinistcha|move: Rage Powder\n|move|p1a: Basculegion|Wave Crash|p2a: Milky Rose\ud83c\udf39\n|-supereffective|p2a: Milky Rose\ud83c\udf39\n|-damage|p2a: Milky Rose\ud83c\udf39|0 fnt\n|-activate|p2a: Milky Rose\ud83c\udf39|ability: Toxic Debris\n|-sidestart|p1: DoritoSlayer|move: Toxic Spikes\n|faint|p2a: Milky Rose\ud83c\udf39\n|-damage|p1a: Basculegion|25\/100|[from] Recoil\n|move|p2b: Soul Slicer|Night Slash|p1b: Sinistcha\n|-supereffective|p1b: Sinistcha\n|-crit|p1b: Sinistcha\n|-damage|p1b: Sinistcha|0 fnt\n|-damage|p2b: Soul Slicer|84\/100|[from] item: Rocky Helmet|[of] p1b: Sinistcha\n|faint|p1b: Sinistcha\n|\n|-weather|none\n|-heal|p1a: Basculegion|31\/100|[from] item: Leftovers\n|-sideend|p1: DoritoSlayer|move: Tailwind\n|upkeep\n|turn|6\n|inactive|OceanRayClark has 30 seconds left.\n|\n|t:|1700061128\n|move|p2b: Soul Slicer|Night Slash|p1a: Basculegion\n|-supereffective|p1a: Basculegion\n|-damage|p1a: Basculegion|0 fnt\n|faint|p1a: Basculegion\n|\n|win|OceanRayClark\n|raw|DoritoSlayer's rating: 1169 &rarr; <strong>1142<\/strong><br \/>(-27 for losing)\n|raw|OceanRayClark's rating: 1141 &rarr; <strong>1168<\/strong><br \/>(+27 for winning)\n","uploadtime":1700061134,"views":10,"p1id":"doritoslayer","p2id":"oceanrayclark","formatid":"gen9vgc2023regulatione","rating":1142,"private":0,"password":""}