{"id":"gen9vgc2023regulatione-2000343039","p1":"MagicalBengt","p2":"Lurvas","format":"[Gen 9] VGC 2023 Regulation E","log":"|j|\u2606MagicalBengt\n|j|\u2606Lurvas\n|t:|1701186686\n|gametype|doubles\n|player|p1|MagicalBengt|266|1186\n|player|p2|Lurvas|alder|1145\n|teamsize|p1|6\n|teamsize|p2|6\n|gen|9\n|tier|[Gen 9] VGC 2023 Regulation E\n|rated|\n|rule|Species Clause: Limit one of each Pok\u00e9mon\n|rule|Item Clause: Limit one of each item\n|clearpoke\n|poke|p1|Arcanine-Hisui, L50, M|\n|poke|p1|Articuno, L50|\n|poke|p1|Ninetales-Alola, L50, F|\n|poke|p1|Urshifu-*, L50, F|\n|poke|p1|Amoonguss, L50, M|\n|poke|p1|Tornadus, L50, M|\n|poke|p2|Urshifu-*, L50, F|\n|poke|p2|Rillaboom, L50, M|\n|poke|p2|Flutter Mane, L50|\n|poke|p2|Arcanine-Hisui, L50, F|\n|poke|p2|Chien-Pao, L50|\n|poke|p2|Tornadus, L50, M|\n|teampreview|4\nLurvas has agreed to open team sheets.\n|inactive|Battle timer is ON: inactive players will automatically lose when time's up. (requested by Lurvas)\n|\n|t:|1701186715\n|start\n|switch|p1a: Tornadus|Tornadus, L50, M|100\/100\n|switch|p1b: Arcanine|Arcanine-Hisui, L50, M|100\/100\n|switch|p2a: Tornadus|Tornadus, L50, M|100\/100\n|switch|p2b: Arcanine|Arcanine-Hisui, L50, F|100\/100\n|-ability|p1b: Arcanine|Intimidate|boost\n|-unboost|p2a: Tornadus|atk|1\n|-unboost|p2b: Arcanine|atk|1\n|-ability|p2b: Arcanine|Intimidate|boost\n|-unboost|p1a: Tornadus|atk|1\n|-unboost|p1b: Arcanine|atk|1\n|turn|1\n|\n|t:|1701186733\n|move|p2a: Tornadus|Tailwind|p2a: Tornadus\n|-sidestart|p2: Lurvas|move: Tailwind\n|move|p1a: Tornadus|Tailwind|p1a: Tornadus\n|-sidestart|p1: MagicalBengt|move: Tailwind\n|move|p1b: Arcanine|Close Combat|p2b: Arcanine\n|-supereffective|p2b: Arcanine\n|-damage|p2b: Arcanine|41\/100\n|-unboost|p1b: Arcanine|def|1\n|-unboost|p1b: Arcanine|spd|1\n|move|p2b: Arcanine|Rock Slide|p1a: Tornadus|[spread] p1b\n|-miss|p2b: Arcanine|p1a: Tornadus\n|-supereffective|p1b: Arcanine\n|-damage|p1b: Arcanine|13\/100\n|\n|upkeep\n|turn|2\n|inactive|MagicalBengt has 30 seconds left.\n|\n|t:|1701186763\n|switch|p2b: Rillaboom|Rillaboom, L50, M|100\/100\n|-fieldstart|move: Grassy Terrain|[from] ability: Grassy Surge|[of] p2b: Rillaboom\n|move|p1b: Arcanine|Extreme Speed|p2b: Rillaboom\n|-damage|p2b: Rillaboom|85\/100\n|move|p2a: Tornadus|Bleakwind Storm|p1b: Arcanine|[spread] p1b\n|-miss|p2a: Tornadus|p1a: Tornadus\n|-resisted|p1b: Arcanine\n|-damage|p1b: Arcanine|0 fnt\n|faint|p1b: Arcanine\n|move|p1a: Tornadus|Bleakwind Storm|p2b: Rillaboom|[spread] p2a,p2b\n|-crit|p2a: Tornadus\n|-supereffective|p2b: Rillaboom\n|-damage|p2a: Tornadus|44\/100\n|-damage|p2b: Rillaboom|37\/100\n|\n|-heal|p2b: Rillaboom|43\/100|[from] Grassy Terrain\n|upkeep\n|\n|t:|1701186780\n|switch|p1b: Amoonguss|Amoonguss, L50, M|100\/100\n|turn|3\n|inactive|MagicalBengt has 30 seconds left.\n|\n|t:|1701186809\n|switch|p2b: Arcanine|Arcanine-Hisui, L50, F|41\/100\n|-ability|p2b: Arcanine|Intimidate|boost\n|-unboost|p1a: Tornadus|atk|1\n|-unboost|p1b: Amoonguss|atk|1\n|move|p1a: Tornadus|Protect|p1a: Tornadus\n|-singleturn|p1a: Tornadus|Protect\n|move|p2a: Tornadus|Bleakwind Storm|p1a: Tornadus|[spread] \n|-activate|p1a: Tornadus|move: Protect\n|-miss|p2a: Tornadus|p1b: Amoonguss\n|move|p1b: Amoonguss|Pollen Puff|p2a: Tornadus\n|-resisted|p2a: Tornadus\n|-damage|p2a: Tornadus|33\/100\n|\n|-heal|p2b: Arcanine|47\/100|[from] Grassy Terrain\n|upkeep\n|turn|4\n|inactive|Lurvas has 30 seconds left.\n|\n|t:|1701186838\n|move|p1b: Amoonguss|Protect|p1b: Amoonguss\n|-singleturn|p1b: Amoonguss|Protect\n|move|p2a: Tornadus|Taunt|p1a: Tornadus\n|-start|p1a: Tornadus|move: Taunt\n|move|p2b: Arcanine|Flare Blitz|p1b: Amoonguss\n|-activate|p1b: Amoonguss|move: Protect\n|move|p1a: Tornadus|Bleakwind Storm|p2a: Tornadus|[spread] p2a,p2b\n|-resisted|p2b: Arcanine\n|-damage|p2a: Tornadus|0 fnt\n|-damage|p2b: Arcanine|29\/100\n|faint|p2a: Tornadus\n|\n|-heal|p2b: Arcanine|35\/100|[from] Grassy Terrain\n|-sideend|p2: Lurvas|move: Tailwind\n|-sideend|p1: MagicalBengt|move: Tailwind\n|upkeep\n|\n|t:|1701186852\n|switch|p2a: Rillaboom|Rillaboom, L50, M|43\/100\n|turn|5\n|\n|t:|1701186867\n|switch|p1b: Urshifu|Urshifu-Rapid-Strike, L50, F|100\/100\n|move|p2a: Rillaboom|Fake Out|p1a: Tornadus\n|-damage|p1a: Tornadus|83\/100\n|move|p2b: Arcanine|Flare Blitz|p1b: Urshifu\n|-resisted|p1b: Urshifu\n|-damage|p1b: Urshifu|54\/100\n|-damage|p2b: Arcanine|20\/100|[from] Recoil\n|cant|p1a: Tornadus|flinch\n|\n|-heal|p1b: Urshifu|60\/100|[from] Grassy Terrain\n|-heal|p2b: Arcanine|26\/100|[from] Grassy Terrain\n|-heal|p2a: Rillaboom|49\/100|[from] Grassy Terrain\n|upkeep\n|turn|6\n|\n|t:|1701186886\n|switch|p2b: Urshifu|Urshifu-Rapid-Strike, L50, F|100\/100\n|switch|p1a: Amoonguss|Amoonguss, L50, M|100\/100\n|move|p1b: Urshifu|Protect|p1b: Urshifu\n|-singleturn|p1b: Urshifu|Protect\n|move|p2a: Rillaboom|Grassy Glide|p1b: Urshifu\n|-activate|p1b: Urshifu|move: Protect\n|\n|-heal|p1b: Urshifu|66\/100|[from] Grassy Terrain\n|-heal|p2a: Rillaboom|55\/100|[from] Grassy Terrain\n|-fieldend|move: Grassy Terrain\n|upkeep\n|turn|7\n|\n|t:|1701186906\n|switch|p1b: Tornadus|Tornadus, L50, M|83\/100\n|switch|p2b: Arcanine|Arcanine-Hisui, L50, F|26\/100\n|-ability|p2b: Arcanine|Intimidate|boost\n|-unboost|p1a: Amoonguss|atk|1\n|-unboost|p1b: Tornadus|atk|1\n|move|p1a: Amoonguss|Rage Powder|p1a: Amoonguss\n|-singleturn|p1a: Amoonguss|move: Rage Powder\n|move|p2a: Rillaboom|Stomping Tantrum|p1a: Amoonguss\n|-damage|p1a: Amoonguss|79\/100\n|-damage|p2a: Rillaboom|39\/100|[from] item: Rocky Helmet|[of] p1a: Amoonguss\n|\n|upkeep\n|turn|8\n|\n|t:|1701186923\n|move|p1b: Tornadus|Tailwind|p1b: Tornadus\n|-sidestart|p1: MagicalBengt|move: Tailwind\n|move|p2b: Arcanine|Flare Blitz|p1a: Amoonguss\n|-supereffective|p1a: Amoonguss\n|-damage|p1a: Amoonguss|0 fnt\n|-damage|p2b: Arcanine|10\/100|[from] item: Rocky Helmet|[of] p1a: Amoonguss\n|faint|p1a: Amoonguss\n|-damage|p2b: Arcanine|0 fnt|[from] Recoil\n|faint|p2b: Arcanine\n|move|p2a: Rillaboom|Drum Beating|p1b: Tornadus\n|-resisted|p1b: Tornadus\n|-damage|p1b: Tornadus|57\/100\n|-unboost|p1b: Tornadus|spe|1\n|\n|upkeep\n|\n|t:|1701186935\n|switch|p2b: Urshifu|Urshifu-Rapid-Strike, L50, F|100\/100\n|switch|p1a: Urshifu|Urshifu-Rapid-Strike, L50, F|66\/100\n|turn|9\n|\n|t:|1701186947\n|move|p1a: Urshifu|Surging Strikes|p2b: Urshifu\n|-resisted|p2b: Urshifu\n|-crit|p2b: Urshifu\n|-damage|p2b: Urshifu|90\/100\n|-resisted|p2b: Urshifu\n|-crit|p2b: Urshifu\n|-damage|p2b: Urshifu|78\/100\n|-resisted|p2b: Urshifu\n|-crit|p2b: Urshifu\n|-damage|p2b: Urshifu|67\/100\n|-hitcount|p2b: Urshifu|3\n|move|p1b: Tornadus|Bleakwind Storm|p2a: Rillaboom|[spread] p2a,p2b\n|-supereffective|p2a: Rillaboom\n|-supereffective|p2b: Urshifu\n|-damage|p2a: Rillaboom|0 fnt\n|-damage|p2b: Urshifu|0 fnt\n|faint|p2a: Rillaboom\n|faint|p2b: Urshifu\n|\n|win|MagicalBengt\n|raw|MagicalBengt's rating: 1186 &rarr; <strong>1208<\/strong><br \/>(+22 for winning)\n|raw|Lurvas's rating: 1145 &rarr; <strong>1123<\/strong><br \/>(-22 for losing)\n|c|\u2606Lurvas|gg\n|l|\u2606MagicalBengt\n","uploadtime":1701186965,"views":11,"p1id":"magicalbengt","p2id":"lurvas","formatid":"gen9vgc2023regulatione","rating":1123,"private":0,"password":""}