{"id":"gen9vgc2023regulatione-1993046005","p1":"Ogskive","p2":"thedreaddoctor","format":"[Gen 9] VGC 2023 Regulation E","log":"|j|\u2606Ogskive\n|j|\u2606thedreaddoctor\n|t:|1700258797\n|gametype|doubles\n|player|p1|Ogskive|fisherman-gen4|1140\n|player|p2|thedreaddoctor|102|1138\n|teamsize|p1|6\n|teamsize|p2|6\n|gen|9\n|tier|[Gen 9] VGC 2023 Regulation E\n|rated|\n|rule|Species Clause: Limit one of each Pok\u00e9mon\n|rule|Item Clause: Limit one of each item\n|clearpoke\n|poke|p1|Flutter Mane, L50|\n|poke|p1|Overqwil, L50, M|\n|poke|p1|Pelipper, L50, F|\n|poke|p1|Barraskewda, L50, F|\n|poke|p1|Amoonguss, L50, F|\n|poke|p1|Rotom-Mow, L50|\n|poke|p2|Farigiraf, L50, M|\n|poke|p2|Ursaluna-Bloodmoon, L50, M|\n|poke|p2|Urshifu-*, L50, M|\n|poke|p2|Sneasler, L50, F|\n|poke|p2|Tornadus, L50, M|\n|poke|p2|Heatran, L50, F|\n|teampreview|4\n|inactive|Battle timer is ON: inactive players will automatically lose when time's up. (requested by Ogskive)\n|\n|t:|1700258819\n|start\n|switch|p1a: Overqwil|Overqwil, L50, M|100\/100\n|switch|p1b: Amoonguss|Amoonguss, L50, F|100\/100\n|switch|p2a: Sneasler|Sneasler, L50, F|100\/100\n|switch|p2b: Tornadus|Tornadus, L50, M|100\/100\n|turn|1\n|\n|t:|1700258833\n|switch|p1b: Pelipper|Pelipper, L50, F|100\/100\n|-weather|RainDance|[from] ability: Drizzle|[of] p1b: Pelipper\n|move|p2a: Sneasler|Fake Out|p1b: Pelipper\n|-damage|p1b: Pelipper|85\/100\n|move|p1a: Overqwil|Poison Jab|p2b: Tornadus\n|-damage|p2b: Tornadus|36\/100\n|move|p2b: Tornadus|Bleakwind Storm|p1a: Overqwil|[spread] p1a,p1b\n|-damage|p1a: Overqwil|71\/100\n|-damage|p1b: Pelipper|47\/100\n|\n|-weather|RainDance|[upkeep]\n|upkeep\n|turn|2\n|\n|t:|1700258854\n|move|p2b: Tornadus|Tailwind|p2b: Tornadus\n|-sidestart|p2: thedreaddoctor|move: Tailwind\n|move|p2a: Sneasler|Close Combat|p1a: Overqwil\n|-damage|p1a: Overqwil|8\/100\n|-unboost|p2a: Sneasler|def|1\n|-unboost|p2a: Sneasler|spd|1\n|move|p1a: Overqwil|Poison Jab|p2b: Tornadus\n|-damage|p2b: Tornadus|0 fnt\n|faint|p2b: Tornadus\n|move|p1b: Pelipper|Hurricane|p2a: Sneasler\n|-supereffective|p2a: Sneasler\n|-enditem|p2a: Sneasler|Focus Sash\n|-damage|p2a: Sneasler|1\/100\n|\n|-weather|RainDance|[upkeep]\n|upkeep\n|\n|t:|1700258867\n|switch|p2b: Farigiraf|Farigiraf, L50, M|100\/100\n|turn|3\n|\n|t:|1700258882\n|move|p1a: Overqwil|Aqua Jet||[still]\n|cant|p2b: Farigiraf|ability: Armor Tail|Aqua Jet|[of] p1a: Overqwil\n|move|p2a: Sneasler|Dire Claw|p1b: Pelipper\n|-damage|p1b: Pelipper|0 fnt\n|faint|p1b: Pelipper\n|move|p2b: Farigiraf|Trick Room|p2b: Farigiraf\n|-fieldstart|move: Trick Room|[of] p2b: Farigiraf\n|\n|-weather|RainDance|[upkeep]\n|upkeep\n|\n|t:|1700258890\n|switch|p1b: Amoonguss|Amoonguss, L50, F|100\/100\n|turn|4\n|\n|t:|1700258908\n|switch|p2a: Ursaluna|Ursaluna-Bloodmoon, L50, M|100\/100\n|move|p1b: Amoonguss|Spore|p2b: Farigiraf\n|-status|p2b: Farigiraf|slp|[from] move: Spore\n|cant|p2b: Farigiraf|slp\n|move|p1a: Overqwil|Crunch|p2a: Ursaluna\n|-damage|p2a: Ursaluna|71\/100\n|\n|-weather|RainDance|[upkeep]\n|upkeep\n|turn|5\n|\n|t:|1700258923\n|-terastallize|p2a: Ursaluna|Normal\n|move|p1b: Amoonguss|Spore|p2a: Ursaluna\n|-status|p2a: Ursaluna|slp|[from] move: Spore\n|cant|p2b: Farigiraf|slp\n|cant|p2a: Ursaluna|slp\n|move|p1a: Overqwil|Crunch|p2b: Farigiraf\n|-supereffective|p2b: Farigiraf\n|-damage|p2b: Farigiraf|21\/100 slp\n|\n|-weather|RainDance|[upkeep]\n|-sideend|p2: thedreaddoctor|move: Tailwind\n|upkeep\n|turn|6\n|\n|t:|1700258938\n|move|p1b: Amoonguss|Bullet Seed|p2a: Ursaluna\n|-damage|p2a: Ursaluna|62\/100 slp\n|-damage|p2a: Ursaluna|53\/100 slp\n|-damage|p2a: Ursaluna|44\/100 slp\n|-damage|p2a: Ursaluna|35\/100 slp\n|-damage|p2a: Ursaluna|25\/100 slp\n|-hitcount|p2a: Ursaluna|5\n|-curestatus|p2b: Farigiraf|slp|[msg]\n|move|p2b: Farigiraf|Psychic|p1b: Amoonguss\n|-supereffective|p1b: Amoonguss\n|-damage|p1b: Amoonguss|24\/100\n|-curestatus|p2a: Ursaluna|slp|[msg]\n|move|p2a: Ursaluna|Hyper Voice|p1b: Amoonguss|[spread] p1a,p1b\n|-damage|p1a: Overqwil|0 fnt\n|-damage|p1b: Amoonguss|0 fnt\n|faint|p1a: Overqwil\n|faint|p1b: Amoonguss\n|\n|-weather|RainDance|[upkeep]\n|upkeep\n|\n|t:|1700258955\n|switch|p1b: Barraskewda|Barraskewda, L50, F|100\/100\n|turn|7\n|\n|t:|1700258964\n|move|p1b: Barraskewda|Protect|p1b: Barraskewda\n|-singleturn|p1b: Barraskewda|Protect\n|move|p2b: Farigiraf|Psychic|p1b: Barraskewda\n|-activate|p1b: Barraskewda|move: Protect\n|move|p2a: Ursaluna|Hyper Voice|p1b: Barraskewda\n|-activate|p1b: Barraskewda|move: Protect\n|\n|-weather|RainDance|[upkeep]\n|-fieldend|move: Trick Room\n|upkeep\n|turn|8\n|inactive|thedreaddoctor has 30 seconds left.\n|\n|t:|1700258989\n|move|p1b: Barraskewda|Liquidation|p2b: Farigiraf\n|-damage|p2b: Farigiraf|0 fnt\n|faint|p2b: Farigiraf\n|move|p2a: Ursaluna|Blood Moon|p1b: Barraskewda\n|-enditem|p1b: Barraskewda|Focus Sash\n|-damage|p1b: Barraskewda|1\/100\n|\n|-weather|none\n|upkeep\n|\n|t:|1700258999\n|switch|p2b: Sneasler|Sneasler, L50, F|1\/100\n|turn|9\n|\n|t:|1700259010\n|-terastallize|p1b: Barraskewda|Ghost\n|move|p2b: Sneasler|Fake Out|p1b: Barraskewda\n|-immune|p1b: Barraskewda\n|move|p1b: Barraskewda|Liquidation|p2a: Ursaluna\n|-damage|p2a: Ursaluna|0 fnt\n|faint|p2a: Ursaluna\n|\n|upkeep\n|turn|10\n|\n|t:|1700259018\n|move|p1b: Barraskewda|Liquidation|p2b: Sneasler\n|-damage|p2b: Sneasler|0 fnt\n|faint|p2b: Sneasler\n|\n|win|Ogskive\n|raw|Ogskive's rating: 1140 &rarr; <strong>1165<\/strong><br \/>(+25 for winning)\n|raw|thedreaddoctor's rating: 1138 &rarr; <strong>1113<\/strong><br \/>(-25 for losing)\n|c|\u2606Ogskive|gg\n|l|\u2606thedreaddoctor\n","uploadtime":1700259028,"views":41,"p1id":"ogskive","p2id":"thedreaddoctor","formatid":"gen9vgc2023regulatione","rating":1113,"private":0,"password":""}