{"id":"gen9vgc2023regulatione-1995804772","p1":"I'm SO not cooking","p2":"GMTomahawk","format":"[Gen 9] VGC 2023 Regulation E","log":"|j|\u2606I'm SO not cooking\n|j|\u2606GMTomahawk\n|t:|1700604822\n|gametype|doubles\n|player|p1|I'm SO not cooking|1|1291\n|player|p2|GMTomahawk|linebacker|1294\n|teamsize|p1|6\n|teamsize|p2|6\n|gen|9\n|tier|[Gen 9] VGC 2023 Regulation E\n|rated|\n|rule|Species Clause: Limit one of each Pok\u00e9mon\n|rule|Item Clause: Limit one of each item\n|clearpoke\n|poke|p1|Drifblim, L50, F|\n|poke|p1|Rillaboom, L50, F|\n|poke|p1|Dondozo, L50, F|\n|poke|p1|Tatsugiri, L50, M|\n|poke|p1|Urshifu-*, L50, F|\n|poke|p1|Iron Bundle, L50|\n|poke|p2|Urshifu-*, L50, M|\n|poke|p2|Flutter Mane, L50|\n|poke|p2|Rillaboom, L50, M|\n|poke|p2|Landorus-Therian, L50, M|\n|poke|p2|Iron Hands, L50|\n|poke|p2|Chi-Yu, L50|\n|teampreview|4\n|inactive|Battle timer is ON: inactive players will automatically lose when time's up. (requested by GMTomahawk)\n|inactive|GMTomahawk has 60 seconds left.\n|\n|t:|1700604858\n|start\n|switch|p1a: Drifblim|Drifblim, L50, F|100\/100\n|switch|p1b: Rillaboom|Rillaboom, L50, F|100\/100\n|switch|p2a: Braun Strowman|Iron Hands, L50, shiny|100\/100\n|switch|p2b: Flucci Mane|Flutter Mane, L50, shiny|100\/100\n|-fieldstart|move: Grassy Terrain|[from] ability: Grassy Surge|[of] p1b: Rillaboom\n|-enditem|p1a: Drifblim|Grassy Seed\n|-boost|p1a: Drifblim|def|1|[from] item: Grassy Seed\n|-enditem|p2b: Flucci Mane|Booster Energy\n|-activate|p2b: Flucci Mane|ability: Protosynthesis|[fromitem]\n|-start|p2b: Flucci Mane|protosynthesisspe\n|turn|1\n|\n|t:|1700604877\n|move|p2b: Flucci Mane|Protect|p2b: Flucci Mane\n|-singleturn|p2b: Flucci Mane|Protect\n|move|p2a: Braun Strowman|Fake Out|p1b: Rillaboom\n|-damage|p1b: Rillaboom|87\/100\n|move|p1a: Drifblim|Minimize|p1a: Drifblim\n|-boost|p1a: Drifblim|evasion|2\n|cant|p1b: Rillaboom|flinch\n|\n|-heal|p1b: Rillaboom|93\/100|[from] Grassy Terrain\n|upkeep\n|turn|2\n|\n|t:|1700604894\n|move|p1a: Drifblim|Protect|p1a: Drifblim\n|-singleturn|p1a: Drifblim|Protect\n|move|p2b: Flucci Mane|Shadow Ball|p1a: Drifblim\n|-activate|p1a: Drifblim|move: Protect\n|move|p1b: Rillaboom|Wood Hammer|p2b: Flucci Mane\n|-damage|p2b: Flucci Mane|0 fnt\n|faint|p2b: Flucci Mane\n|-end|p2b: Flucci Mane|Protosynthesis|[silent]\n|-damage|p1b: Rillaboom|69\/100|[from] Recoil\n|move|p2a: Braun Strowman|Wild Charge|p1a: Drifblim\n|-activate|p1a: Drifblim|move: Protect\n|\n|-heal|p1b: Rillaboom|75\/100|[from] Grassy Terrain\n|upkeep\n|\n|t:|1700604903\n|switch|p2b: Landorus|Landorus-Therian, L50, M|100\/100\n|-ability|p2b: Landorus|Intimidate|boost\n|-unboost|p1a: Drifblim|atk|1\n|-unboost|p1b: Rillaboom|atk|1\n|turn|3\n|inactive|I'm SO not cooking has 30 seconds left.\n|\n|t:|1700604933\n|-terastallize|p1a: Drifblim|Dark\n|-terastallize|p2b: Landorus|Flying\n|move|p1a: Drifblim|Minimize|p1a: Drifblim\n|-boost|p1a: Drifblim|evasion|2\n|move|p2b: Landorus|Tera Blast|p1b: Rillaboom|[anim] Tera Blast Flying\n|-supereffective|p1b: Rillaboom\n|-damage|p1b: Rillaboom|0 fnt\n|faint|p1b: Rillaboom\n|move|p2a: Braun Strowman|Wild Charge|p1a: Drifblim|[miss]\n|-miss|p2a: Braun Strowman|p1a: Drifblim\n|\n|upkeep\n|\n|t:|1700604942\n|switch|p1b: Tatsugiri|Tatsugiri, L50, M|100\/100\n|turn|4\n|\n|t:|1700604952\n|move|p1b: Tatsugiri|Protect|p1b: Tatsugiri\n|-singleturn|p1b: Tatsugiri|Protect\n|move|p1a: Drifblim|Baton Pass|p1a: Drifblim\n|\n|t:|1700604956\n|switch|p1a: Dondozo|Dondozo, L50, F|100\/100|[from] Baton Pass\n|-activate|p1b: Tatsugiri|ability: Commander|[of] p1a: Dondozo\n|-boost|p1a: Dondozo|atk|2\n|-boost|p1a: Dondozo|spa|2\n|-boost|p1a: Dondozo|spe|2\n|-boost|p1a: Dondozo|def|2\n|-boost|p1a: Dondozo|spd|2\n|move|p2b: Landorus|Tera Blast|p1a: Dondozo|[anim] Tera Blast Flying\n|-damage|p1a: Dondozo|84\/100\n|move|p2a: Braun Strowman|Drain Punch|p1a: Dondozo\n|-damage|p1a: Dondozo|72\/100\n|\n|-heal|p1a: Dondozo|78\/100|[from] Grassy Terrain\n|-heal|p1a: Dondozo|84\/100|[from] item: Leftovers\n|upkeep\n|turn|5\n|c|\u2606GMTomahawk|Oh my god\n|c|\u2606GMTomahawk|this man is actual cooking\n|c|\u2606I'm SO not cooking|lakad matatag\n|inactive|GMTomahawk has 30 seconds left.\n|\n|t:|1700604985\n|move|p1a: Dondozo|Protect|p1a: Dondozo\n|-singleturn|p1a: Dondozo|Protect\n|move|p2b: Landorus|Tera Blast|p1a: Dondozo|[anim] Tera Blast Flying\n|-activate|p1a: Dondozo|move: Protect\n|move|p2a: Braun Strowman|Wild Charge|p1a: Dondozo\n|-activate|p1a: Dondozo|move: Protect\n|\n|-heal|p1a: Dondozo|90\/100|[from] Grassy Terrain\n|-heal|p1a: Dondozo|96\/100|[from] item: Leftovers\n|-fieldend|move: Grassy Terrain\n|upkeep\n|turn|6\n|\n|t:|1700604994\n|move|p2b: Landorus|Tera Blast|p1a: Dondozo|[anim] Tera Blast Flying\n|-damage|p1a: Dondozo|79\/100\n|move|p1a: Dondozo|Order Up|p2a: Braun Strowman\n|-damage|p2a: Braun Strowman|81\/100\n|-boost|p1a: Dondozo|atk|1\n|move|p2a: Braun Strowman|Wild Charge|p1a: Dondozo\n|-supereffective|p1a: Dondozo\n|-damage|p1a: Dondozo|56\/100\n|-damage|p2a: Braun Strowman|75\/100|[from] Recoil\n|\n|-heal|p1a: Dondozo|61\/100|[from] item: Leftovers\n|upkeep\n|turn|7\n|\n|t:|1700605010\n|switch|p2b: Urshifu|Urshifu-Rapid-Strike, L50, M|100\/100\n|move|p1a: Dondozo|Order Up|p2b: Urshifu\n|-damage|p2b: Urshifu|66\/100\n|-boost|p1a: Dondozo|atk|1\n|move|p2a: Braun Strowman|Wild Charge|p1a: Dondozo\n|-supereffective|p1a: Dondozo\n|-damage|p1a: Dondozo|35\/100\n|-damage|p2a: Braun Strowman|68\/100|[from] Recoil\n|\n|-heal|p1a: Dondozo|41\/100|[from] item: Leftovers\n|upkeep\n|turn|8\n|\n|t:|1700605026\n|move|p1a: Dondozo|Earthquake|p2a: Braun Strowman|[spread] p2a,p2b\n|-miss|p1a: Dondozo|p1b: Tatsugiri\n|-supereffective|p2a: Braun Strowman\n|-damage|p2a: Braun Strowman|4\/100\n|-damage|p2b: Urshifu|26\/100\n|move|p2b: Urshifu|Close Combat|p1a: Dondozo\n|-damage|p1a: Dondozo|24\/100\n|-unboost|p2b: Urshifu|def|1\n|-unboost|p2b: Urshifu|spd|1\n|move|p2a: Braun Strowman|Wild Charge|p1a: Dondozo|[miss]\n|-miss|p2a: Braun Strowman|p1a: Dondozo\n|\n|-heal|p1a: Dondozo|29\/100|[from] item: Leftovers\n|upkeep\n|turn|9\n|\n|t:|1700605044\n|switch|p2b: Landorus|Landorus-Therian, L50, M, tera:Flying|100\/100\n|-ability|p2b: Landorus|Intimidate|boost\n|-fail|p1a: Dondozo|unboost|Attack|[from] ability: Oblivious|[of] p1a: Dondozo\n|-unboost|p1b: Tatsugiri|atk|1\n|move|p1a: Dondozo|Earthquake|p2b: Landorus|[spread] p2a\n|-miss|p1a: Dondozo|p1b: Tatsugiri\n|-immune|p2b: Landorus\n|-supereffective|p2a: Braun Strowman\n|-damage|p2a: Braun Strowman|0 fnt\n|faint|p2a: Braun Strowman\n|-end|p2a: Braun Strowman|Quark Drive|[silent]\n|\n|-heal|p1a: Dondozo|35\/100|[from] item: Leftovers\n|upkeep\n|\n|t:|1700605053\n|switch|p2a: Urshifu|Urshifu-Rapid-Strike, L50, M|26\/100\n|turn|10\n|\n|t:|1700605059\n|move|p2b: Landorus|Stomping Tantrum|p1a: Dondozo|[miss]\n|-miss|p2b: Landorus|p1a: Dondozo\n|move|p1a: Dondozo|Order Up|p2a: Urshifu\n|-damage|p2a: Urshifu|0 fnt\n|faint|p2a: Urshifu\n|-boost|p1a: Dondozo|atk|1\n|\n|-heal|p1a: Dondozo|41\/100|[from] item: Leftovers\n|upkeep\n|turn|11\n|\n|t:|1700605065\n|move|p2b: Landorus|Stomping Tantrum|p1a: Dondozo\n|-damage|p1a: Dondozo|18\/100\n|move|p1a: Dondozo|Order Up|p2b: Landorus\n|-damage|p2b: Landorus|46\/100\n|-boost|p1a: Dondozo|atk|1\n|\n|-heal|p1a: Dondozo|24\/100|[from] item: Leftovers\n|upkeep\n|turn|12\n|\n|t:|1700605069\n|move|p1a: Dondozo|Protect|p1a: Dondozo\n|-singleturn|p1a: Dondozo|Protect\n|move|p2b: Landorus|Stomping Tantrum|p1a: Dondozo\n|-activate|p1a: Dondozo|move: Protect\n|\n|-heal|p1a: Dondozo|30\/100|[from] item: Leftovers\n|upkeep\n|turn|13\n|\n|t:|1700605071\n|move|p2b: Landorus|Stomping Tantrum|p1a: Dondozo|[miss]\n|-miss|p2b: Landorus|p1a: Dondozo\n|move|p1a: Dondozo|Order Up|p2b: Landorus\n|-damage|p2b: Landorus|0 fnt\n|faint|p2b: Landorus\n|\n|win|I'm SO not cooking\n|raw|I&apos;m SO not cooking's rating: 1291 &rarr; <strong>1316<\/strong><br \/>(+25 for winning)\n|raw|GMTomahawk's rating: 1294 &rarr; <strong>1269<\/strong><br \/>(-25 for losing)\n|c|\u2606I'm SO not cooking|gg\n|c|\u2606GMTomahawk|Gg\n|l|\u2606GMTomahawk\n","uploadtime":1700605089,"views":0,"p1id":"imsonotcooking","p2id":"gmtomahawk","formatid":"gen9vgc2023regulatione","rating":1269,"private":0,"password":""}