{"id":"gen9vgc2023regulatione-1993899304","p1":"bananas4breakfast","p2":"GaurdianA","format":"[Gen 9] VGC 2023 Regulation E","log":"|j|\u2606bananas4breakfast\n|j|\u2606GaurdianA\n|t:|1700372145\n|gametype|doubles\n|player|p1|bananas4breakfast|backersf|1114\n|player|p2|GaurdianA|bellelba|1108\n|teamsize|p1|6\n|teamsize|p2|6\n|gen|9\n|tier|[Gen 9] VGC 2023 Regulation E\n|rated|\n|rule|Species Clause: Limit one of each Pok\u00e9mon\n|rule|Item Clause: Limit one of each item\n|clearpoke\n|poke|p1|Tornadus, L50, M|\n|poke|p1|Roaring Moon, L50|\n|poke|p1|Heatran, L50, M|\n|poke|p1|Ogerpon-Wellspring, L50, F|\n|poke|p1|Flutter Mane, L50|\n|poke|p1|Landorus-Therian, L50, M|\n|poke|p2|Crawdaunt, L50, M|\n|poke|p2|Sneasler, L50, M|\n|poke|p2|Tornadus, L50, M|\n|poke|p2|Iron Hands, L50|\n|poke|p2|Sinistcha, L50|\n|poke|p2|Glimmora, L50, M|\n|teampreview|4\nGaurdianA rejected open team sheets.\n|c|\u2606GaurdianA|glhf\n|\n|t:|1700372207\n|start\n|switch|p1a: Tornadus|Tornadus, L50, M|100\/100\n|switch|p1b: Roaring Moon|Roaring Moon, L50|100\/100\n|switch|p2a: Tornadus|Tornadus, L50, M|100\/100\n|switch|p2b: Sneasler|Sneasler, L50, M|100\/100\n|turn|1\n|\n|t:|1700372249\n|-terastallize|p1b: Roaring Moon|Poison\n|move|p2b: Sneasler|Fake Out|p1b: Roaring Moon\n|-damage|p1b: Roaring Moon|81\/100\n|move|p2a: Tornadus|Swagger|p1a: Tornadus\n|-boost|p1a: Tornadus|atk|2\n|-enditem|p2b: Sneasler|Mirror Herb\n|-boost|p2b: Sneasler|atk|2|[from] item: Mirror Herb\n|-start|p1a: Tornadus|confusion\n|cant|p1b: Roaring Moon|flinch\n|-activate|p1a: Tornadus|confusion\n|move|p1a: Tornadus|Bleakwind Storm|p2b: Sneasler|[spread] p2b\n|-miss|p1a: Tornadus|p2a: Tornadus\n|-supereffective|p2b: Sneasler\n|-damage|p2b: Sneasler|15\/100\n|-unboost|p2b: Sneasler|spe|1\n|\n|upkeep\n|turn|2\n|\n|t:|1700372274\n|-terastallize|p2b: Sneasler|Flying\n|-activate|p1a: Tornadus|confusion\n|-damage|p1a: Tornadus|83\/100|[from] confusion\n|move|p2a: Tornadus|Taunt|p1a: Tornadus\n|-start|p1a: Tornadus|move: Taunt\n|-enditem|p1a: Tornadus|Mental Herb\n|-end|p1a: Tornadus|move: Taunt\n|move|p2b: Sneasler|Acrobatics|p1b: Roaring Moon\n|-damage|p1b: Roaring Moon|0 fnt\n|faint|p1b: Roaring Moon\n|-end|p1b: Roaring Moon|Protosynthesis|[silent]\n|\n|upkeep\n|\n|t:|1700372300\n|switch|p1b: Heatran|Heatran, L50, M|100\/100\n|turn|3\n|\n|t:|1700372318\n|move|p2a: Tornadus|Taunt|p1a: Tornadus\n|-start|p1a: Tornadus|move: Taunt\n|move|p2b: Sneasler|Close Combat|p1b: Heatran\n|-supereffective|p1b: Heatran\n|-damage|p1b: Heatran|0 fnt\n|-unboost|p2b: Sneasler|def|1\n|-unboost|p2b: Sneasler|spd|1\n|faint|p1b: Heatran\n|-end|p1a: Tornadus|confusion\n|move|p1a: Tornadus|Bleakwind Storm|p2a: Tornadus|[spread] p2a,p2b\n|-damage|p2a: Tornadus|76\/100\n|-damage|p2b: Sneasler|0 fnt\n|faint|p2b: Sneasler\n|\n|upkeep\n|\n|t:|1700372331\n|switch|p2b: Iron Hands|Iron Hands, L50|100\/100\n|switch|p1b: Ogerpon|Ogerpon-Wellspring, L50, F|100\/100\n|turn|4\n|\n|t:|1700372347\n|move|p2b: Iron Hands|Fake Out|p1b: Ogerpon\n|-damage|p1b: Ogerpon|83\/100\n|move|p2a: Tornadus|Tailwind|p2a: Tornadus\n|-sidestart|p2: GaurdianA|move: Tailwind\n|cant|p1b: Ogerpon|flinch\n|move|p1a: Tornadus|Bleakwind Storm|p2b: Iron Hands|[spread] p2a,p2b\n|-damage|p2a: Tornadus|50\/100\n|-damage|p2b: Iron Hands|82\/100\n|\n|upkeep\n|turn|5\n|\n|t:|1700372369\n|move|p2a: Tornadus|Bleakwind Storm|p1a: Tornadus|[spread] p1a\n|-miss|p2a: Tornadus|p1b: Ogerpon\n|-damage|p1a: Tornadus|52\/100\n|move|p1b: Ogerpon|Ivy Cudgel|p2a: Tornadus|[anim] Ivy Cudgel Water\n|-damage|p2a: Tornadus|0 fnt\n|faint|p2a: Tornadus\n|move|p2b: Iron Hands|Wild Charge|p1b: Ogerpon\n|-damage|p1b: Ogerpon|19\/100\n|-damage|p2b: Iron Hands|71\/100|[from] Recoil\n|move|p1a: Tornadus|Bleakwind Storm|p2b: Iron Hands|[miss]\n|-miss|p1a: Tornadus|p2b: Iron Hands\n|\n|-end|p1a: Tornadus|move: Taunt\n|upkeep\n|\n|t:|1700372378\n|switch|p2a: Crawdaunt|Crawdaunt, L50, M|100\/100\n|turn|6\n|\n|t:|1700372396\n|move|p1b: Ogerpon|Spiky Shield|p1b: Ogerpon\n|-singleturn|p1b: Ogerpon|move: Protect\n|move|p2a: Crawdaunt|Crunch|p1b: Ogerpon\n|-activate|p1b: Ogerpon|move: Protect\n|-damage|p2a: Crawdaunt|88\/100|[from] Spiky Shield|[of] p1b: Ogerpon\n|move|p2b: Iron Hands|Wild Charge|p1a: Tornadus\n|-supereffective|p1a: Tornadus\n|-damage|p1a: Tornadus|0 fnt\n|faint|p1a: Tornadus\n|-damage|p2b: Iron Hands|61\/100|[from] Recoil\n|\n|upkeep\n|turn|7\n|c|\u2606GaurdianA|gg\n|\n|t:|1700372409\n|move|p2a: Crawdaunt|Knock Off|p1b: Ogerpon\n|-damage|p1b: Ogerpon|0 fnt\n|faint|p1b: Ogerpon\n|-damage|p2a: Crawdaunt|79\/100|[from] item: Life Orb\n|\n|win|GaurdianA\n|raw|bananas4breakfast's rating: 1114 &rarr; <strong>1089<\/strong><br \/>(-25 for losing)\n|raw|GaurdianA's rating: 1108 &rarr; <strong>1133<\/strong><br \/>(+25 for winning)\n|l|\u2606bananas4breakfast\n","uploadtime":1700372419,"views":8,"p1id":"bananas4breakfast","p2id":"gaurdiana","formatid":"gen9vgc2023regulatione","rating":1089,"private":0,"password":""}