{"id":"gen9vgc2023regulatione-1992279998","p1":"kidturtle","p2":"Jesuuuus","format":"[Gen 9] VGC 2023 Regulation E","log":"|j|\u2606kidturtle\n|j|\u2606Jesuuuus\n|t:|1700170423\n|gametype|doubles\n|player|p1|kidturtle|hoopster|\n|player|p2|Jesuuuus|101|\n|teamsize|p1|6\n|teamsize|p2|6\n|gen|9\n|tier|[Gen 9] VGC 2023 Regulation E\n|rated|Tournament battle\n|rule|Species Clause: Limit one of each Pok\u00e9mon\n|rule|Item Clause: Limit one of each item\n|clearpoke\n|poke|p1|Ursaluna, L50, M|\n|poke|p1|Cresselia, L50, F|\n|poke|p1|Flutter Mane, L50|\n|poke|p1|Chi-Yu, L50|\n|poke|p1|Iron Hands, L50|\n|poke|p1|Urshifu-*, L50, M|\n|poke|p2|Regieleki, L50|\n|poke|p2|Indeedee-F, L50, F|\n|poke|p2|Armarouge, L50, F|\n|poke|p2|Ogerpon-Wellspring, L50, F|\n|poke|p2|Okidogi, L50, M|\n|poke|p2|Landorus-Therian, L50, M|\n|teampreview|4\n|showteam|p1|Ursaluna||FlameOrb|Guts|Facade,Earthquake,SwordsDance,Protect|||M|||50|,,,,,Ghost]Cresselia||MentalHerb|Levitate|IceBeam,AllySwitch,LunarBlessing,TrickRoom|||F|||50|,,,,,Fairy]Flutter Mane||BoosterEnergy|Protosynthesis|IcyWind,ShadowBall,Moonblast,Protect||||||50|,,,,,Fairy]Chi-Yu||ChoiceSpecs|BeadsofRuin|BurningJealousy,DarkPulse,Overheat,Snarl||||||50|,,,,,Ghost]Iron Hands||SitrusBerry|QuarkDrive|DrainPunch,WildCharge,FakeOut,SwordsDance||||||50|,,,,,Fire]Urshifu||FocusSash|UnseenFist|Detect,WickedBlow,CloseCombat,SuckerPunch|||M|||50|,,,,,Dark\n|showteam|p2|Regieleki||ChoiceScarf|Transistor|VoltSwitch,Electroweb,TeraBlast,EerieImpulse||||||50|,,,,,Ghost]Indeedee-F||SitrusBerry|PsychicSurge|FollowMe,TrickRoom,Psychic,HelpingHand|||F|||50|,,,,,Fairy]Armarouge||LifeOrb|FlashFire|ExpandingForce,ArmorCannon,TrickRoom,Protect|||F|||50|,,,,,Grass]Ogerpon-Wellspring||WellspringMask|WaterAbsorb|IvyCudgel,Taunt,FollowMe,SpikyShield|||F|||50|,,,,,Water]Okidogi||Leftovers|GuardDog|DrainPunch,PoisonJab,BulkUp,Protect|||M|||50|,,,,,Fairy]Landorus-Therian||ChoiceBand|Intimidate|StompingTantrum,Uturn,RockSlide,TeraBlast|||M|||50|,,,,,Flying\n|inactive|Battle timer is ON: inactive players will automatically lose when time's up. (requested by kidturtle)\n|j| Airend~\n|c|\u2606Jesuuuus|gl hf\n|c|\u2606kidturtle|Thx u 2\n|inactive|Jesuuuus has 60 seconds left.\n|\n|t:|1700170459\n|start\n|switch|p1a: Flutter Mane|Flutter Mane, L50, shiny|100\/100\n|switch|p1b: Chi-Yu|Chi-Yu, L50|100\/100\n|switch|p2a: Okidogi|Okidogi, L50, M|100\/100\n|switch|p2b: Landorus|Landorus-Therian, L50, M|100\/100\n|-ability|p1b: Chi-Yu|Beads of Ruin\n|-ability|p2b: Landorus|Intimidate|boost\n|-unboost|p1a: Flutter Mane|atk|1\n|-unboost|p1b: Chi-Yu|atk|1\n|-enditem|p1a: Flutter Mane|Booster Energy\n|-activate|p1a: Flutter Mane|ability: Protosynthesis|[fromitem]\n|-start|p1a: Flutter Mane|protosynthesisspe\n|turn|1\n|j| fyfyyalt1\n|inactive|kidturtle has 30 seconds left.\n|inactive|Jesuuuus has 30 seconds left.\n|inactive|kidturtle has 20 seconds left.\n|inactive|Jesuuuus has 20 seconds left.\n|\n|t:|1700170496\n|switch|p2b: Ogerpon|Ogerpon-Wellspring, L50, F|100\/100\n|move|p1a: Flutter Mane|Moonblast|p2b: Ogerpon\n|-damage|p2b: Ogerpon|27\/100\n|move|p1b: Chi-Yu|Dark Pulse|p2b: Ogerpon\n|-damage|p2b: Ogerpon|0 fnt\n|faint|p2b: Ogerpon\n|move|p2a: Okidogi|Bulk Up|p2a: Okidogi\n|-boost|p2a: Okidogi|atk|1\n|-boost|p2a: Okidogi|def|1\n|\n|upkeep\n|\n|t:|1700170508\n|switch|p2b: Indeedee|Indeedee-F, L50, F|100\/100\n|-fieldstart|move: Psychic Terrain|[from] ability: Psychic Surge|[of] p2b: Indeedee\n|turn|2\n|\n|t:|1700170524\n|-terastallize|p2b: Indeedee|Fairy\n|move|p1a: Flutter Mane|Moonblast|p2b: Indeedee\n|-damage|p2b: Indeedee|37\/100\n|-enditem|p2b: Indeedee|Sitrus Berry|[eat]\n|-heal|p2b: Indeedee|62\/100|[from] item: Sitrus Berry\n|move|p1b: Chi-Yu|Dark Pulse|p2b: Indeedee\n|-resisted|p2b: Indeedee\n|-damage|p2b: Indeedee|21\/100\n|move|p2a: Okidogi|Bulk Up|p2a: Okidogi\n|-boost|p2a: Okidogi|atk|1\n|-boost|p2a: Okidogi|def|1\n|move|p2b: Indeedee|Trick Room|p2b: Indeedee\n|-fieldstart|move: Trick Room|[of] p2b: Indeedee\n|\n|upkeep\n|turn|3\n|\n|t:|1700170548\n|move|p2a: Okidogi|Drain Punch|p1b: Chi-Yu\n|-supereffective|p1b: Chi-Yu\n|-damage|p1b: Chi-Yu|0 fnt\n|faint|p1b: Chi-Yu\n|move|p2b: Indeedee|Psychic|p1a: Flutter Mane\n|-damage|p1a: Flutter Mane|57\/100\n|-unboost|p1a: Flutter Mane|spd|1\n|move|p1a: Flutter Mane|Moonblast|p2b: Indeedee\n|-damage|p2b: Indeedee|0 fnt\n|faint|p2b: Indeedee\n|\n|upkeep\n|\n|t:|1700170551\n|switch|p2b: Landorus|Landorus-Therian, L50, M|100\/100\n|switch|p1b: Ursaluna|Ursaluna, L50, M|100\/100\n|-ability|p2b: Landorus|Intimidate|boost\n|-unboost|p1a: Flutter Mane|atk|1\n|-unboost|p1b: Ursaluna|atk|1\n|turn|4\n|\n|t:|1700170563\n|-end|p1a: Flutter Mane|Protosynthesis|[silent]\n|switch|p1a: Cresselia|Cresselia, L50, F|100\/100\n|move|p1b: Ursaluna|Protect|p1b: Ursaluna\n|-singleturn|p1b: Ursaluna|Protect\n|move|p2a: Okidogi|Poison Jab|p1a: Cresselia\n|-damage|p1a: Cresselia|50\/100\n|move|p2b: Landorus|Stomping Tantrum|p1b: Ursaluna\n|-activate|p1b: Ursaluna|move: Protect\n|\n|-status|p1b: Ursaluna|brn|[from] item: Flame Orb\n|upkeep\n|turn|5\n|j| christianfinity\n|\n|t:|1700170587\n|-terastallize|p1b: Ursaluna|Ghost\n|move|p1b: Ursaluna|Facade|p2b: Landorus\n|-damage|p2b: Landorus|15\/100\n|move|p1a: Cresselia|Ice Beam|p2b: Landorus\n|-supereffective|p2b: Landorus\n|-damage|p2b: Landorus|0 fnt\n|faint|p2b: Landorus\n|move|p2a: Okidogi|Poison Jab|p1b: Ursaluna\n|-resisted|p1b: Ursaluna\n|-damage|p1b: Ursaluna|70\/100 brn\n|\n|-damage|p1b: Ursaluna|64\/100 brn|[from] brn\n|upkeep\n|turn|6\n|\n|t:|1700170596\n|move|p1b: Ursaluna|Facade|p2a: Okidogi\n|-damage|p2a: Okidogi|68\/100\n|move|p1a: Cresselia|Lunar Blessing|p1a: Cresselia|[spread] p1a,p1b\n|-heal|p1a: Cresselia|75\/100\n|-heal|p1b: Ursaluna|89\/100 brn\n|-curestatus|p1b: Ursaluna|brn|[msg]\n|move|p2a: Okidogi|Bulk Up|p2a: Okidogi\n|-boost|p2a: Okidogi|atk|1\n|-boost|p2a: Okidogi|def|1\n|\n|-heal|p2a: Okidogi|74\/100|[from] item: Leftovers\n|-fieldend|move: Trick Room\n|-fieldend|move: Psychic Terrain\n|-status|p1b: Ursaluna|brn|[from] item: Flame Orb\n|upkeep\n|turn|7\n|\n|t:|1700170612\n|move|p2a: Okidogi|Poison Jab|p1b: Ursaluna\n|-resisted|p1b: Ursaluna\n|-crit|p1b: Ursaluna\n|-damage|p1b: Ursaluna|31\/100 brn\n|move|p1a: Cresselia|Ice Beam|p2a: Okidogi\n|-damage|p2a: Okidogi|58\/100\n|move|p1b: Ursaluna|Facade|p2a: Okidogi\n|-damage|p2a: Okidogi|29\/100\n|\n|-heal|p2a: Okidogi|35\/100|[from] item: Leftovers\n|-damage|p1b: Ursaluna|25\/100 brn|[from] brn\n|upkeep\n|turn|8\n|\n|t:|1700170619\n|move|p1b: Ursaluna|Protect|p1b: Ursaluna\n|-singleturn|p1b: Ursaluna|Protect\n|move|p2a: Okidogi|Poison Jab|p1b: Ursaluna\n|-activate|p1b: Ursaluna|move: Protect\n|move|p1a: Cresselia|Trick Room|p1a: Cresselia\n|-fieldstart|move: Trick Room|[of] p1a: Cresselia\n|\n|-heal|p2a: Okidogi|42\/100|[from] item: Leftovers\n|-damage|p1b: Ursaluna|19\/100 brn|[from] brn\n|upkeep\n|turn|9\n|\n|t:|1700170627\n|move|p2a: Okidogi|Protect|p2a: Okidogi\n|-singleturn|p2a: Okidogi|Protect\n|move|p1b: Ursaluna|Earthquake|p2a: Okidogi|[spread] \n|-activate|p2a: Okidogi|move: Protect\n|-immune|p1a: Cresselia|[from] ability: Levitate\n|move|p1a: Cresselia|Lunar Blessing|p1a: Cresselia|[spread] p1a,p1b\n|-heal|p1a: Cresselia|100\/100\n|-heal|p1b: Ursaluna|44\/100 brn\n|-curestatus|p1b: Ursaluna|brn|[msg]\n|\n|-heal|p2a: Okidogi|48\/100|[from] item: Leftovers\n|-status|p1b: Ursaluna|brn|[from] item: Flame Orb\n|upkeep\n|turn|10\n|\n|t:|1700170631\n|move|p1b: Ursaluna|Earthquake|p2a: Okidogi|[spread] p2a\n|-immune|p1a: Cresselia|[from] ability: Levitate\n|-supereffective|p2a: Okidogi\n|-damage|p2a: Okidogi|14\/100\n|move|p1a: Cresselia|Lunar Blessing|p1a: Cresselia|[spread] p1a,p1b\n|-heal|p1b: Ursaluna|69\/100 brn\n|-curestatus|p1b: Ursaluna|brn|[msg]\n|move|p2a: Okidogi|Poison Jab|p1b: Ursaluna\n|-resisted|p1b: Ursaluna\n|-damage|p1b: Ursaluna|28\/100\n|\n|-heal|p2a: Okidogi|20\/100|[from] item: Leftovers\n|-status|p1b: Ursaluna|brn|[from] item: Flame Orb\n|upkeep\n|turn|11\n|j| erikbound\n|\n|t:|1700170642\n|move|p1b: Ursaluna|Swords Dance|p1b: Ursaluna\n|-boost|p1b: Ursaluna|atk|2\n|move|p1a: Cresselia|Ice Beam|p2a: Okidogi\n|-damage|p2a: Okidogi|4\/100\n|move|p2a: Okidogi|Poison Jab|p1b: Ursaluna\n|-resisted|p1b: Ursaluna\n|-damage|p1b: Ursaluna|0 fnt\n|faint|p1b: Ursaluna\n|\n|-heal|p2a: Okidogi|10\/100|[from] item: Leftovers\n|upkeep\n|j| 5wamp\n|\n|t:|1700170643\n|switch|p1b: Flutter Mane|Flutter Mane, L50, shiny|57\/100\n|turn|12\n|j| Xie Demon\n|j| godlyreal\n|l| Xie Demon\n|\n|t:|1700170659\n|move|p1b: Flutter Mane|Protect|p1b: Flutter Mane\n|-singleturn|p1b: Flutter Mane|Protect\n|move|p1a: Cresselia|Ice Beam|p2a: Okidogi\n|-damage|p2a: Okidogi|0 fnt\n|faint|p2a: Okidogi\n|\n|win|kidturtle\n|n|\u2606kidturtle|kidturtle\n|n|\u2606Jesuuuus|jesuuuus\n|n| Airend~|airend\n|n| fyfyyalt1|fyfyyalt1\n|n| christianfinity|christianfinity\n|n| erikbound|erikbound\n|n| 5wamp|5wamp\n|n| godlyreal|godlyreal\n|c|\u2606Jesuuuus|gg wp\n|l| 5wamp\n","uploadtime":1700170668,"views":20,"p1id":"kidturtle","p2id":"jesuuuus","formatid":"gen9vgc2023regulatione","rating":0,"private":0,"password":""}