{"id":"gen9vgc2023regulatione-1993472082","p1":"Smaller Kevin","p2":"yizhikeji","format":"[Gen 9] VGC 2023 Regulation E","log":"|j|\u2606Smaller Kevin\n|j|\u2606yizhikeji\n|t:|1700322023\n|gametype|doubles\n|player|p1|Smaller Kevin|1|1481\n|player|p2|yizhikeji|mira|1380\n|teamsize|p1|6\n|teamsize|p2|6\n|gen|9\n|tier|[Gen 9] VGC 2023 Regulation E\n|rated|\n|rule|Species Clause: Limit one of each Pok\u00e9mon\n|rule|Item Clause: Limit one of each item\n|clearpoke\n|poke|p1|Clodsire, L50, F|\n|poke|p1|Flutter Mane, L50|\n|poke|p1|Rillaboom, L50, F|\n|poke|p1|Iron Hands, L50|\n|poke|p1|Farigiraf, L50, F|\n|poke|p1|Torkoal, L50, F|\n|poke|p2|Urshifu-*, L50, M|\n|poke|p2|Chien-Pao, L50|\n|poke|p2|Rillaboom, L50, F|\n|poke|p2|Arcanine-Hisui, L50, F|\n|poke|p2|Tornadus, L50, M|\n|poke|p2|Flutter Mane, L50|\n|teampreview|4\n|\n|t:|1700322070\n|start\n|switch|p1a: Farigiraf|Farigiraf, L50, F|100\/100\n|switch|p1b: Rillaboom|Rillaboom, L50, F|100\/100\n|switch|p2a: Tornadus|Tornadus, L50, M|100\/100\n|switch|p2b: Chien-Pao|Chien-Pao, L50|100\/100\n|-ability|p2b: Chien-Pao|Sword of Ruin\n|-fieldstart|move: Grassy Terrain|[from] ability: Grassy Surge|[of] p1b: Rillaboom\n|turn|1\n|\n|t:|1700322108\n|-terastallize|p1b: Rillaboom|Fire\n|move|p1a: Farigiraf|Protect|p1a: Farigiraf\n|-singleturn|p1a: Farigiraf|Protect\n|move|p1b: Rillaboom|Grassy Glide|p2b: Chien-Pao\n|-damage|p2b: Chien-Pao|48\/100\n|move|p2b: Chien-Pao|Icicle Crash|p1a: Farigiraf\n|-activate|p1a: Farigiraf|move: Protect\n|move|p2a: Tornadus|Bleakwind Storm|p1b: Rillaboom|[spread] p1b\n|-activate|p1a: Farigiraf|move: Protect\n|-damage|p1b: Rillaboom|78\/100\n|\n|-heal|p2b: Chien-Pao|54\/100|[from] Grassy Terrain\n|-heal|p1b: Rillaboom|84\/100|[from] Grassy Terrain\n|upkeep\n|turn|2\n|\n|t:|1700322144\n|move|p2b: Chien-Pao|Protect|p2b: Chien-Pao\n|-singleturn|p2b: Chien-Pao|Protect\n|move|p2a: Tornadus|Rain Dance|p2a: Tornadus\n|-weather|RainDance\n|move|p1b: Rillaboom|Grassy Glide|p2b: Chien-Pao\n|-activate|p2b: Chien-Pao|move: Protect\n|move|p1a: Farigiraf|Trick Room|p1a: Farigiraf\n|-fieldstart|move: Trick Room|[of] p1a: Farigiraf\n|\n|-weather|RainDance|[upkeep]\n|-heal|p1b: Rillaboom|90\/100|[from] Grassy Terrain\n|-heal|p2b: Chien-Pao|60\/100|[from] Grassy Terrain\n|upkeep\n|turn|3\n|\n|t:|1700322171\n|move|p1a: Farigiraf|Dazzling Gleam|p2b: Chien-Pao|[spread] p2a,p2b\n|-supereffective|p2b: Chien-Pao\n|-damage|p2a: Tornadus|84\/100\n|-damage|p2b: Chien-Pao|0 fnt\n|faint|p2b: Chien-Pao\n|move|p1b: Rillaboom|Wood Hammer|p2a: Tornadus\n|-resisted|p2a: Tornadus\n|-damage|p2a: Tornadus|32\/100\n|-damage|p1b: Rillaboom|74\/100|[from] item: Rocky Helmet|[of] p2a: Tornadus\n|-damage|p1b: Rillaboom|58\/100|[from] Recoil\n|move|p2a: Tornadus|Bleakwind Storm|p1b: Rillaboom|[spread] p1a,p1b\n|-damage|p1a: Farigiraf|69\/100\n|-damage|p1b: Rillaboom|37\/100\n|\n|-weather|RainDance|[upkeep]\n|-heal|p1a: Farigiraf|75\/100|[from] Grassy Terrain\n|-heal|p1b: Rillaboom|43\/100|[from] Grassy Terrain\n|upkeep\n|\n|t:|1700322190\n|switch|p2b: Arcanine|Arcanine-Hisui, L50, F|100\/100\n|-ability|p2b: Arcanine|Intimidate|boost\n|-unboost|p1a: Farigiraf|atk|1\n|-unboost|p1b: Rillaboom|atk|1\n|turn|4\n|\n|t:|1700322201\n|move|p1a: Farigiraf|Dazzling Gleam|p2b: Arcanine|[spread] p2a,p2b\n|-resisted|p2b: Arcanine\n|-damage|p2a: Tornadus|14\/100\n|-damage|p2b: Arcanine|89\/100\n|move|p1b: Rillaboom|High Horsepower|p2b: Arcanine\n|-supereffective|p2b: Arcanine\n|-damage|p2b: Arcanine|0 fnt\n|faint|p2b: Arcanine\n|move|p2a: Tornadus|Bleakwind Storm|p1b: Rillaboom|[spread] p1a,p1b\n|-damage|p1a: Farigiraf|39\/100\n|-damage|p1b: Rillaboom|22\/100\n|-unboost|p1b: Rillaboom|spe|1\n|\n|-weather|RainDance|[upkeep]\n|-heal|p1a: Farigiraf|45\/100|[from] Grassy Terrain\n|-heal|p1b: Rillaboom|28\/100|[from] Grassy Terrain\n|upkeep\n|\n|t:|1700322217\n|switch|p2b: Urshifu|Urshifu-Rapid-Strike, L50, M|100\/100\n|turn|5\n|\n|t:|1700322234\n|move|p1a: Farigiraf|Dazzling Gleam|p2a: Tornadus|[spread] p2a,p2b\n|-supereffective|p2b: Urshifu\n|-damage|p2a: Tornadus|0 fnt\n|-damage|p2b: Urshifu|42\/100\n|faint|p2a: Tornadus\n|move|p1b: Rillaboom|Wood Hammer|p2b: Urshifu\n|-supereffective|p2b: Urshifu\n|-damage|p2b: Urshifu|0 fnt\n|faint|p2b: Urshifu\n|-damage|p1b: Rillaboom|14\/100|[from] Recoil\n|\n|win|Smaller Kevin\n|raw|Smaller Kevin's rating: 1481 &rarr; <strong>1495<\/strong><br \/>(+14 for winning)\n|raw|yizhikeji's rating: 1380 &rarr; <strong>1366<\/strong><br \/>(-14 for losing)\n|l|\u2606Smaller Kevin\n","uploadtime":1700322283,"views":14,"p1id":"smallerkevin","p2id":"yizhikeji","formatid":"gen9vgc2023regulatione","rating":1366,"private":0,"password":""}