{"id":"gen9vgc2023regulatione-1992257262","p1":"BanoVGC","p2":"torterrnite","format":"[Gen 9] VGC 2023 Regulation E","log":"|j|\u2606BanoVGC\n|j|\u2606torterrnite\n|n|\u2606BanoVGC|banovgc\n|n|\u2606torterrnite|torterrnite\n|html|View the match progress at <a href=\"\/game-bestof3-gen9vgc2023regulatione-1992252761\">game-bestof3-gen9vgc2023regulatione-1992252761<\/a>\n|t:|1700168329\n|gametype|doubles\n|player|p1|BanoVGC|265|\n|player|p2|torterrnite|clair|\n|teamsize|p1|6\n|teamsize|p2|6\n|gen|9\n|tier|[Gen 9] VGC 2023 Regulation E\n|rule|Species Clause: Limit one of each Pok\u00e9mon\n|rule|Item Clause: Limit one of each item\n|clearpoke\n|poke|p1|Heatran, L50, F|\n|poke|p1|Urshifu-*, L50, F|\n|poke|p1|Farigiraf, L50, F|\n|poke|p1|Dragonite, L50, M|\n|poke|p1|Chien-Pao, L50|\n|poke|p1|Rillaboom, L50, F|\n|poke|p2|Farigiraf, L50, F|\n|poke|p2|Tornadus, L50, M|\n|poke|p2|Regidrago, L50|\n|poke|p2|Iron Hands, L50|\n|poke|p2|Flutter Mane, L50|\n|poke|p2|Iron Treads, L50|\n|teampreview|4\nBanoVGC has agreed to open team sheets.\ntorterrnite has agreed to open team sheets.\n|showteam|p1|Heatran||AssaultVest|FlashFire|HeatWave,TeraBlast,FlashCannon,EarthPower|||F|||50|,,,,,Fairy]Urshifu-Rapid-Strike||ChoiceScarf|UnseenFist|CloseCombat,Uturn,AquaJet,SurgingStrikes|||F|||50|,,,,,Water]Farigiraf||RockyHelmet|ArmorTail|DazzlingGleam,HelpingHand,Psychic,TrickRoom|||F|||50|,,,,,Fairy]Dragonite||ChoiceBand|InnerFocus|ExtremeSpeed,StompingTantrum,AerialAce,Outrage|||M|||50|,,,,,Normal]Chien-Pao||FocusSash|SwordofRuin|SuckerPunch,SacredSword,IceSpinner,Protect||||||50|,,,,,Ghost]Rillaboom||MiracleSeed|GrassySurge|FakeOut,Protect,GrassyGlide,WoodHammer|||F|||50|,,,,,Fire\n|showteam|p2|Farigiraf||SitrusBerry|ArmorTail|Imprison,DazzlingGleam,Psychic,TrickRoom|||F|||50|,,,,,Fairy]Tornadus||CovertCloak|Prankster|Protect,BleakwindStorm,Tailwind,Taunt|||M|||50|,,,,,Ghost]Regidrago||DragonFang|DragonsMaw|DragonEnergy,EarthPower,Protect,DracoMeteor||||||50|,,,,,Steel]Iron Hands||AssaultVest|QuarkDrive|FakeOut,HeavySlam,WildCharge,DrainPunch||||||50|,,,,,Water]Flutter Mane||BoosterEnergy|Protosynthesis|DazzlingGleam,Protect,ShadowBall,PowerGem||||||50|,,,,,Fairy]Iron Treads||LifeOrb|QuarkDrive|HighHorsepower,IronHead,IceSpinner,Protect||||||50|,,,,,Fairy\n|c|\u2606torterrnite|gg last round btw, i panicked and exited out too quick too respond\n|c|\u2606BanoVGC|gg!\n|\n|t:|1700168420\n|start\n|switch|p1a: Dragonite|Dragonite, L50, M|100\/100\n|switch|p1b: Chien-Pao|Chien-Pao, L50|100\/100\n|switch|p2a: wheely|Iron Treads, L50|100\/100\n|switch|p2b: awesome|Farigiraf, L50, F|100\/100\n|-ability|p1b: Chien-Pao|Sword of Ruin\n|turn|1\n|\n|t:|1700168496\n|-terastallize|p2a: wheely|Fairy\n|move|p1b: Chien-Pao|Ice Spinner|p2a: wheely\n|-damage|p2a: wheely|56\/100\n|move|p2a: wheely|Ice Spinner|p1a: Dragonite\n|-supereffective|p1a: Dragonite\n|-damage|p1a: Dragonite|0 fnt\n|faint|p1a: Dragonite\n|-damage|p2a: wheely|46\/100|[from] item: Life Orb\n|move|p2b: awesome|Dazzling Gleam|p1b: Chien-Pao\n|-supereffective|p1b: Chien-Pao\n|-damage|p1b: Chien-Pao|39\/100\n|\n|upkeep\n|\n|t:|1700168516\n|switch|p1a: Heatran|Heatran, L50, F|100\/100\n|turn|2\n|\n|t:|1700168528\n|switch|p1b: Rillaboom|Rillaboom, L50, F|100\/100\n|-fieldstart|move: Grassy Terrain|[from] ability: Grassy Surge|[of] p1b: Rillaboom\n|-terastallize|p1a: Heatran|Fairy\n|move|p2a: wheely|Iron Head|p1a: Heatran\n|-supereffective|p1a: Heatran\n|-damage|p1a: Heatran|19\/100\n|-damage|p2a: wheely|36\/100|[from] item: Life Orb\n|move|p1a: Heatran|Flash Cannon|p2a: wheely\n|-supereffective|p2a: wheely\n|-damage|p2a: wheely|0 fnt\n|faint|p2a: wheely\n|-end|p2a: wheely|Quark Drive|[silent]\n|move|p2b: awesome|Dazzling Gleam|p1a: Heatran|[spread] p1a,p1b\n|-damage|p1a: Heatran|11\/100\n|-damage|p1b: Rillaboom|84\/100\n|\n|-heal|p1b: Rillaboom|90\/100|[from] Grassy Terrain\n|-heal|p1a: Heatran|18\/100|[from] Grassy Terrain\n|upkeep\n|\n|t:|1700168545\n|switch|p2a: high 3|Iron Hands, L50|100\/100\n|turn|3\n|\n|t:|1700168563\n|move|p2a: high 3|Fake Out|p1a: Heatran\n|-damage|p1a: Heatran|5\/100\n|move|p1b: Rillaboom|Wood Hammer|p2a: high 3\n|-damage|p2a: high 3|40\/100\n|-damage|p1b: Rillaboom|67\/100|[from] Recoil\n|cant|p1a: Heatran|flinch\n|move|p2b: awesome|Trick Room|p2b: awesome\n|-fieldstart|move: Trick Room|[of] p2b: awesome\n|\n|-heal|p2a: high 3|46\/100|[from] Grassy Terrain\n|-heal|p1a: Heatran|11\/100|[from] Grassy Terrain\n|-heal|p1b: Rillaboom|73\/100|[from] Grassy Terrain\n|upkeep\n|turn|4\n|\n|t:|1700168597\n|-end|p2a: high 3|Quark Drive|[silent]\n|switch|p2a: Melenaleteo|Flutter Mane, L50|100\/100\n|-enditem|p2a: Melenaleteo|Booster Energy\n|-activate|p2a: Melenaleteo|ability: Protosynthesis|[fromitem]\n|-start|p2a: Melenaleteo|protosynthesisspa\n|move|p2b: awesome|Psychic|p1a: Heatran\n|-damage|p1a: Heatran|0 fnt\n|faint|p1a: Heatran\n|move|p1b: Rillaboom|Wood Hammer|p2b: awesome\n|-damage|p2b: awesome|23\/100\n|-enditem|p2b: awesome|Sitrus Berry|[eat]\n|-heal|p2b: awesome|48\/100|[from] item: Sitrus Berry\n|-damage|p1b: Rillaboom|46\/100|[from] Recoil\n|\n|-heal|p2b: awesome|54\/100|[from] Grassy Terrain\n|-heal|p1b: Rillaboom|52\/100|[from] Grassy Terrain\n|upkeep\n|\n|t:|1700168613\n|switch|p1a: Chien-Pao|Chien-Pao, L50|39\/100\n|-ability|p1a: Chien-Pao|Sword of Ruin\n|turn|5\n|\n|t:|1700168641\n|move|p1a: Chien-Pao|Protect|p1a: Chien-Pao\n|-singleturn|p1a: Chien-Pao|Protect\n|move|p2b: awesome|Dazzling Gleam|p1a: Chien-Pao|[spread] p1b\n|-activate|p1a: Chien-Pao|move: Protect\n|-damage|p1b: Rillaboom|37\/100\n|move|p1b: Rillaboom|Wood Hammer|p2b: awesome\n|-damage|p2b: awesome|0 fnt\n|faint|p2b: awesome\n|-damage|p1b: Rillaboom|18\/100|[from] Recoil\n|move|p2a: Melenaleteo|Dazzling Gleam|p1b: Rillaboom|[spread] p1b\n|-activate|p1a: Chien-Pao|move: Protect\n|-damage|p1b: Rillaboom|0 fnt\n|faint|p1b: Rillaboom\n|\n|-heal|p1a: Chien-Pao|44\/100|[from] Grassy Terrain\n|upkeep\n|\n|t:|1700168653\n|switch|p2b: high 3|Iron Hands, L50|46\/100\n|turn|6\n|c|\u2606BanoVGC|ggs\n|\n|t:|1700168662\n|move|p1a: Chien-Pao|Protect||[still]\n|-fail|p1a: Chien-Pao\n|move|p2b: high 3|Drain Punch|p1a: Chien-Pao\n|-supereffective|p1a: Chien-Pao\n|-damage|p1a: Chien-Pao|0 fnt\n|-heal|p2b: high 3|61\/100|[from] drain|[of] p1a: Chien-Pao\n|faint|p1a: Chien-Pao\n|\n|win|torterrnite\n|c|\u2606torterrnite|gg\n","uploadtime":1700168704,"views":17,"p1id":"banovgc","p2id":"torterrnite","formatid":"gen9vgc2023regulatione","rating":0,"private":0,"password":""}