{"id":"gen9vgc2023regulatione-1994441230","p1":"SpadesHS","p2":"IcicleStorm13","format":"[Gen 9] VGC 2023 Regulation E","log":"|j|\u2606SpadesHS\n|j|\u2606IcicleStorm13\n|t:|1700444290\n|gametype|doubles\n|player|p1|SpadesHS|n|\n|player|p2|IcicleStorm13|lucas|\n|teamsize|p1|6\n|teamsize|p2|6\n|gen|9\n|tier|[Gen 9] VGC 2023 Regulation E\n|rated|Tournament battle\n|rule|Species Clause: Limit one of each Pok\u00e9mon\n|rule|Item Clause: Limit one of each item\n|clearpoke\n|poke|p1|Ogerpon, L50, F|\n|poke|p1|Roaring Moon, L50|\n|poke|p1|Arcanine-Hisui, L50, M|\n|poke|p1|Gholdengo, L50|\n|poke|p1|Urshifu-*, L50, F|\n|poke|p1|Thundurus-Therian, L50, M|\n|poke|p2|Braviary-Hisui, L50, M|\n|poke|p2|Pelipper, L50, M|\n|poke|p2|Gholdengo, L50|\n|poke|p2|Sinistcha, L50|\n|poke|p2|Roaring Moon, L50|\n|poke|p2|Iron Hands, L50|\n|teampreview|4\n|showteam|p1|Ogerpon||LifeOrb|Defiant|SpikyShield,IvyCudgel,StompingTantrum,SwordsDance|||F|||50|,,,,,Grass]Roaring Moon||BoosterEnergy|Protosynthesis|BreakingSwipe,KnockOff,Tailwind,Protect||||||50|,,,,,Poison]Arcanine-Hisui||ChoiceBand|Intimidate|FlareBlitz,RockSlide,ExtremeSpeed,TeraBlast|||M|||50|,,,,,Fairy]Gholdengo||Leftovers|GoodasGold|MakeItRain,ShadowBall,NastyPlot,Protect||||||50|,,,,,Dragon]Urshifu-Rapid-Strike||MysticWater|UnseenFist|SurgingStrikes,CloseCombat,Detect,AquaJet|||F|||50|,,,,,Water]Thundurus-Therian||AssaultVest|VoltAbsorb|Thunderbolt,TeraBlast,GrassKnot,WildboltStorm|||M|||50|,,,,,Flying\n|showteam|p2|Braviary-Hisui||SitrusBerry|TintedLens|Hurricane,EsperWing,CalmMind,Protect|||M|||50|,,,,,Fairy]Pelipper||FocusSash|Drizzle|Hurricane,WeatherBall,Tailwind,Protect|||M|||50|,,,,,Flying]Gholdengo||Leftovers|GoodasGold|ShadowBall,MakeItRain,NastyPlot,Protect||||||50|,,,,,Dragon]Sinistcha||RockyHelmet|Hospitality|MatchaGotcha,RagePowder,StrengthSap,TrickRoom||||||50|,,,,,Fairy]Roaring Moon||BoosterEnergy|Protosynthesis|KnockOff,BreakingSwipe,Tailwind,Protect||||||50|,,,,,Poison]Iron Hands||AssaultVest|QuarkDrive|WildCharge,FakeOut,DrainPunch,HeavySlam||||||50|,,,,,Water\n|j| FatalEspresso\n|j| Flarefox_7\n|j|%Radio Free C-Side\n|inactive|Battle timer is ON: inactive players will automatically lose when time's up. (requested by SpadesHS)\n|\n|t:|1700444345\n|start\n|switch|p1a: Atarka|Roaring Moon, L50|100\/100\n|switch|p1b: Zeus|Thundurus-Therian, L50, M|100\/100\n|switch|p2a: Braviary|Braviary-Hisui, L50, M|100\/100\n|switch|p2b: Roaring Moon|Roaring Moon, L50|100\/100\n|-enditem|p1a: Atarka|Booster Energy\n|-activate|p1a: Atarka|ability: Protosynthesis|[fromitem]\n|-start|p1a: Atarka|protosynthesisspe\n|-enditem|p2b: Roaring Moon|Booster Energy\n|-activate|p2b: Roaring Moon|ability: Protosynthesis|[fromitem]\n|-start|p2b: Roaring Moon|protosynthesisspe\n|turn|1\n|inactive|IcicleStorm13 has 30 seconds left.\n|\n|t:|1700444373\n|move|p2a: Braviary|Protect|p2a: Braviary\n|-singleturn|p2a: Braviary|Protect\n|move|p1a: Atarka|Tailwind|p1a: Atarka\n|-sidestart|p1: SpadesHS|move: Tailwind\n|move|p1b: Zeus|Wildbolt Storm|p2a: Braviary|[spread] p2b\n|-activate|p2a: Braviary|move: Protect\n|-resisted|p2b: Roaring Moon\n|-damage|p2b: Roaring Moon|86\/100\n|-status|p2b: Roaring Moon|par\n|move|p2b: Roaring Moon|Knock Off|p1b: Zeus\n|-damage|p1b: Zeus|32\/100\n|-enditem|p1b: Zeus|Assault Vest|[from] move: Knock Off|[of] p2b: Roaring Moon\n|\n|upkeep\n|turn|2\n|\n|t:|1700444395\n|-terastallize|p2a: Braviary|Fairy\n|move|p1a: Atarka|Breaking Swipe|p2a: Braviary|[spread] p2b\n|-immune|p2a: Braviary\n|-supereffective|p2b: Roaring Moon\n|-damage|p2b: Roaring Moon|34\/100 par\n|-unboost|p2b: Roaring Moon|atk|1\n|move|p1b: Zeus|Thunderbolt|p2a: Braviary\n|-damage|p2a: Braviary|49\/100\n|-enditem|p2a: Braviary|Sitrus Berry|[eat]\n|-heal|p2a: Braviary|74\/100|[from] item: Sitrus Berry\n|move|p2b: Roaring Moon|Tailwind|p2b: Roaring Moon\n|-sidestart|p2: IcicleStorm13|move: Tailwind\n|move|p2a: Braviary|Calm Mind|p2a: Braviary\n|-boost|p2a: Braviary|spa|1\n|-boost|p2a: Braviary|spd|1\n|\n|upkeep\n|turn|3\n|inactive|IcicleStorm13 has 30 seconds left.\n|\n|t:|1700444425\n|switch|p1b: Laet|Ogerpon, L50, F|100\/100\n|-end|p2b: Roaring Moon|Protosynthesis|[silent]\n|switch|p2b: Sinistcha|Sinistcha, L50|100\/100\n|-heal|p2a: Braviary|99\/100|[from] ability: Hospitality|[of] p2b: Sinistcha\n|move|p1a: Atarka|Breaking Swipe|p2a: Braviary|[spread] p2b\n|-immune|p2a: Braviary\n|-damage|p2b: Sinistcha|81\/100\n|-unboost|p2b: Sinistcha|atk|1\n|-damage|p1a: Atarka|84\/100|[from] item: Rocky Helmet|[of] p2b: Sinistcha\n|move|p2a: Braviary|Esper Wing|p1b: Laet\n|-damage|p1b: Laet|32\/100\n|-boost|p2a: Braviary|spe|1\n|\n|upkeep\n|turn|4\n|inactive|IcicleStorm13 has 30 seconds left.\n|\n|t:|1700444451\n|move|p2b: Sinistcha|Rage Powder|p2b: Sinistcha\n|-singleturn|p2b: Sinistcha|move: Rage Powder\n|move|p1a: Atarka|Knock Off|p2b: Sinistcha\n|-supereffective|p2b: Sinistcha\n|-damage|p2b: Sinistcha|0 fnt\n|-damage|p1a: Atarka|67\/100|[from] item: Rocky Helmet|[of] p2b: Sinistcha\n|-enditem|p2b: Sinistcha|Rocky Helmet|[from] move: Knock Off|[of] p1a: Atarka\n|faint|p2b: Sinistcha\n|move|p1b: Laet|Swords Dance|p1b: Laet\n|-boost|p1b: Laet|atk|2\n|move|p2a: Braviary|Calm Mind|p2a: Braviary\n|-boost|p2a: Braviary|spa|1\n|-boost|p2a: Braviary|spd|1\n|\n|-sideend|p1: SpadesHS|move: Tailwind\n|upkeep\n|\n|t:|1700444464\n|switch|p2b: Iron Hands|Iron Hands, L50|100\/100\n|turn|5\n|\n|t:|1700444473\n|move|p1a: Atarka|Protect|p1a: Atarka\n|-singleturn|p1a: Atarka|Protect\n|move|p1b: Laet|Spiky Shield|p1b: Laet\n|-singleturn|p1b: Laet|move: Protect\n|move|p2a: Braviary|Esper Wing|p1b: Laet\n|-activate|p1b: Laet|move: Protect\n|move|p2b: Iron Hands|Drain Punch|p1a: Atarka\n|-activate|p1a: Atarka|move: Protect\n|\n|-sideend|p2: IcicleStorm13|move: Tailwind\n|upkeep\n|turn|6\n|inactive|SpadesHS has 30 seconds left.\n|\n|t:|1700444503\n|-terastallize|p1b: Laet|Grass\n|detailschange|p1b: Laet|Ogerpon-Teal-Tera, L50, F, tera:Grass\n|-ability|p1b: Laet|Embody Aspect (Teal)|boost\n|-boost|p1b: Laet|spe|1\n|move|p1a: Atarka|Tailwind|p1a: Atarka\n|-sidestart|p1: SpadesHS|move: Tailwind\n|move|p1b: Laet|Ivy Cudgel|p2b: Iron Hands\n|-damage|p2b: Iron Hands|0 fnt\n|faint|p2b: Iron Hands\n|-end|p2b: Iron Hands|Quark Drive|[silent]\n|-damage|p1b: Laet|22\/100|[from] item: Life Orb\n|move|p2a: Braviary|Esper Wing|p1b: Laet\n|-damage|p1b: Laet|0 fnt\n|-boost|p2a: Braviary|spe|1\n|faint|p1b: Laet\n|\n|upkeep\n|l| Flarefox_7\n|\n|t:|1700444519\n|switch|p1b: Fun Police|Arcanine-Hisui, L50, M|100\/100\n|switch|p2b: Roaring Moon|Roaring Moon, L50|34\/100 par\n|-ability|p1b: Fun Police|Intimidate|boost\n|-unboost|p2a: Braviary|atk|1\n|-unboost|p2b: Roaring Moon|atk|1\n|turn|7\n|\n|t:|1700444527\n|move|p2b: Roaring Moon|Protect|p2b: Roaring Moon\n|-singleturn|p2b: Roaring Moon|Protect\n|move|p1a: Atarka|Breaking Swipe|p2b: Roaring Moon|[spread] \n|-activate|p2b: Roaring Moon|move: Protect\n|-immune|p2a: Braviary\n|move|p1b: Fun Police|Flare Blitz|p2a: Braviary\n|-damage|p2a: Braviary|6\/100\n|-damage|p1b: Fun Police|70\/100|[from] Recoil\n|move|p2a: Braviary|Esper Wing|p1b: Fun Police\n|-damage|p1b: Fun Police|0 fnt\n|-boost|p2a: Braviary|spe|1\n|faint|p1b: Fun Police\n|\n|upkeep\n|\n|t:|1700444537\n|switch|p1b: Zeus|Thundurus-Therian, L50, M|32\/100\n|turn|8\n|\n|t:|1700444548\n|move|p1a: Atarka|Breaking Swipe|p2a: Braviary|[spread] p2b\n|-immune|p2a: Braviary\n|-supereffective|p2b: Roaring Moon\n|-damage|p2b: Roaring Moon|0 fnt\n|faint|p2b: Roaring Moon\n|-end|p2b: Roaring Moon|Protosynthesis|[silent]\n|move|p1b: Zeus|Thunderbolt|p2a: Braviary\n|-damage|p2a: Braviary|0 fnt\n|faint|p2a: Braviary\n|\n|win|SpadesHS\n|n|\u2606SpadesHS|spadeshs\n|n|\u2606IcicleStorm13|iciclestorm13\n|n| FatalEspresso|fatalespresso\n|n| Radio Free C-Side|radiofreecside\n|l|\u2606IcicleStorm13\n|l| Radio Free C-Side\n|l| FatalEspresso\n","uploadtime":1700445774,"views":6,"p1id":"spadeshs","p2id":"iciclestorm13","formatid":"gen9vgc2023regulatione","rating":0,"private":0,"password":""}