{"id":"gen9vgc2023regulatione-1999585999","p1":"4EverAfter","p2":"lorylagg","format":"[Gen 9] VGC 2023 Regulation E","log":"|j|\u26064EverAfter\n|j|\u2606lorylagg\n|t:|1701098700\n|gametype|doubles\n|player|p1|4EverAfter|170|1424\n|player|p2|lorylagg|unknownf|1535\n|teamsize|p1|6\n|teamsize|p2|6\n|gen|9\n|tier|[Gen 9] VGC 2023 Regulation E\n|rated|\n|rule|Species Clause: Limit one of each Pok\u00e9mon\n|rule|Item Clause: Limit one of each item\n|clearpoke\n|poke|p1|Kommo-o, L50, M|\n|poke|p1|Tyranitar, L50, F|\n|poke|p1|Rillaboom, L50, M|\n|poke|p1|Flutter Mane, L50|\n|poke|p1|Arcanine-Hisui, L50, M|\n|poke|p1|Iron Bundle, L50|\n|poke|p2|Urshifu-*, L50, F|\n|poke|p2|Arcanine-Hisui, L50, F|\n|poke|p2|Gholdengo, L50|\n|poke|p2|Tornadus, L50, M|\n|poke|p2|Rillaboom, L50, M|\n|poke|p2|Flutter Mane, L50|\n|teampreview|4\nlorylagg has agreed to open team sheets.\n|\n|t:|1701098756\n|start\n|switch|p1a: Rillaboom|Rillaboom, L50, M|100\/100\n|switch|p1b: Arcanine|Arcanine-Hisui, L50, M|100\/100\n|switch|p2a: Tornadus|Tornadus, L50, M|100\/100\n|switch|p2b: Flutter Mane|Flutter Mane, L50|100\/100\n|-ability|p1b: Arcanine|Intimidate|boost\n|-unboost|p2a: Tornadus|atk|1\n|-unboost|p2b: Flutter Mane|atk|1\n|-fieldstart|move: Grassy Terrain|[from] ability: Grassy Surge|[of] p1a: Rillaboom\n|-enditem|p2b: Flutter Mane|Booster Energy\n|-activate|p2b: Flutter Mane|ability: Protosynthesis|[fromitem]\n|-start|p2b: Flutter Mane|protosynthesisspa\n|turn|1\n|\n|t:|1701098783\n|move|p2a: Tornadus|Protect|p2a: Tornadus\n|-singleturn|p2a: Tornadus|Protect\n|move|p1a: Rillaboom|Grassy Glide|p2b: Flutter Mane\n|-damage|p2b: Flutter Mane|33\/100\n|move|p2b: Flutter Mane|Shadow Ball|p1b: Arcanine\n|-damage|p1b: Arcanine|37\/100\n|-unboost|p1b: Arcanine|spd|1\n|-enditem|p1b: Arcanine|Sitrus Berry|[eat]\n|-heal|p1b: Arcanine|62\/100|[from] item: Sitrus Berry\n|move|p1b: Arcanine|Rock Slide|p2b: Flutter Mane|[spread] p2b\n|-activate|p2a: Tornadus|move: Protect\n|-damage|p2b: Flutter Mane|1\/100\n|\n|-heal|p2b: Flutter Mane|7\/100|[from] Grassy Terrain\n|-heal|p1b: Arcanine|68\/100|[from] Grassy Terrain\n|upkeep\n|turn|2\n|\n|t:|1701098812\n|-end|p2b: Flutter Mane|Protosynthesis|[silent]\n|switch|p2b: Urs4lun4-Bloodmoon|Gholdengo, L50|100\/100\n|move|p2a: Tornadus|Tailwind|p2a: Tornadus\n|-sidestart|p2: lorylagg|move: Tailwind\n|move|p1a: Rillaboom|Grassy Glide|p2b: Urs4lun4-Bloodmoon\n|-resisted|p2b: Urs4lun4-Bloodmoon\n|-damage|p2b: Urs4lun4-Bloodmoon|78\/100\n|move|p1b: Arcanine|Rock Slide|p2a: Tornadus|[spread] p2a,p2b\n|-supereffective|p2a: Tornadus\n|-resisted|p2b: Urs4lun4-Bloodmoon\n|-damage|p2a: Tornadus|57\/100\n|-damage|p2b: Urs4lun4-Bloodmoon|68\/100\n|\n|-heal|p2b: Urs4lun4-Bloodmoon|73\/100|[from] Grassy Terrain\n|-heal|p1b: Arcanine|74\/100|[from] Grassy Terrain\n|upkeep\n|turn|3\n|\n|t:|1701098853\n|-terastallize|p2b: Urs4lun4-Bloodmoon|Steel\n|move|p2a: Tornadus|Bleakwind Storm|p1b: Arcanine|[spread] p1a\n|-miss|p2a: Tornadus|p1b: Arcanine\n|-supereffective|p1a: Rillaboom\n|-damage|p1a: Rillaboom|32\/100\n|move|p2b: Urs4lun4-Bloodmoon|Make It Rain|p1a: Rillaboom|[spread] p1a,p1b\n|-damage|p1a: Rillaboom|0 fnt\n|-damage|p1b: Arcanine|0 fnt\n|-unboost|p2b: Urs4lun4-Bloodmoon|spa|1\n|faint|p1a: Rillaboom\n|faint|p1b: Arcanine\n|\n|-heal|p2b: Urs4lun4-Bloodmoon|79\/100|[from] Grassy Terrain\n|upkeep\n|\n|t:|1701098865\n|switch|p1b: Tyranitar|Tyranitar, L50, F|100\/100\n|switch|p1a: Kommo-o|Kommo-o, L50, M|100\/100\n|-weather|Sandstorm|[from] ability: Sand Stream|[of] p1b: Tyranitar\n|turn|4\n|\n|t:|1701098873\n|-terastallize|p1a: Kommo-o|Steel\n|move|p2a: Tornadus|Rain Dance|p2a: Tornadus\n|-weather|RainDance\n|move|p2b: Urs4lun4-Bloodmoon|Make It Rain|p1a: Kommo-o|[spread] p1a,p1b\n|-resisted|p1a: Kommo-o\n|-supereffective|p1b: Tyranitar\n|-damage|p1a: Kommo-o|73\/100\n|-damage|p1b: Tyranitar|21\/100\n|-unboost|p2b: Urs4lun4-Bloodmoon|spa|1\n|move|p1b: Tyranitar|Rock Slide|p2a: Tornadus|[spread] p2a,p2b\n|-supereffective|p2a: Tornadus\n|-resisted|p2b: Urs4lun4-Bloodmoon\n|-damage|p2a: Tornadus|0 fnt\n|-damage|p2b: Urs4lun4-Bloodmoon|64\/100\n|faint|p2a: Tornadus\n|move|p1a: Kommo-o|Iron Defense|p1a: Kommo-o\n|-boost|p1a: Kommo-o|def|2\n|\n|-weather|RainDance|[upkeep]\n|-heal|p2b: Urs4lun4-Bloodmoon|70\/100|[from] Grassy Terrain\n|-heal|p1b: Tyranitar|27\/100|[from] Grassy Terrain\n|-heal|p1a: Kommo-o|79\/100|[from] Grassy Terrain\n|-heal|p1a: Kommo-o|85\/100|[from] item: Leftovers\n|upkeep\n|\n|t:|1701098885\n|switch|p2a: Urshifu|Urshifu-Rapid-Strike, L50, F|100\/100\n|turn|5\n|\n|t:|1701098916\n|move|p2a: Urshifu|Close Combat|p1a: Kommo-o\n|-supereffective|p1a: Kommo-o\n|-damage|p1a: Kommo-o|41\/100\n|-unboost|p2a: Urshifu|def|1\n|-unboost|p2a: Urshifu|spd|1\n|move|p2b: Urs4lun4-Bloodmoon|Make It Rain|p1b: Tyranitar|[spread] p1a,p1b\n|-resisted|p1a: Kommo-o\n|-supereffective|p1b: Tyranitar\n|-damage|p1a: Kommo-o|23\/100\n|-damage|p1b: Tyranitar|0 fnt\n|-unboost|p2b: Urs4lun4-Bloodmoon|spa|1\n|faint|p1b: Tyranitar\n|move|p1a: Kommo-o|Body Press|p2b: Urs4lun4-Bloodmoon\n|-supereffective|p2b: Urs4lun4-Bloodmoon\n|-damage|p2b: Urs4lun4-Bloodmoon|0 fnt\n|faint|p2b: Urs4lun4-Bloodmoon\n|\n|-weather|RainDance|[upkeep]\n|-heal|p1a: Kommo-o|29\/100|[from] Grassy Terrain\n|-heal|p1a: Kommo-o|35\/100|[from] item: Leftovers\n|-sideend|p2: lorylagg|move: Tailwind\n|-fieldend|move: Grassy Terrain\n|upkeep\n|\n|t:|1701098926\n|switch|p2b: Flutter Mane|Flutter Mane, L50|7\/100\n|turn|6\n|\n|t:|1701098939\n|move|p2b: Flutter Mane|Moonblast|p1a: Kommo-o\n|-resisted|p1a: Kommo-o\n|-damage|p1a: Kommo-o|13\/100\n|-unboost|p1a: Kommo-o|spa|1\n|move|p2a: Urshifu|Surging Strikes|p1a: Kommo-o\n|-crit|p1a: Kommo-o\n|-damage|p1a: Kommo-o|0 fnt\n|faint|p1a: Kommo-o\n|-hitcount|p1: Kommo-o|1\n|\n|win|lorylagg\n|raw|4EverAfter's rating: 1424 &rarr; <strong>1410<\/strong><br \/>(-14 for losing)\n|raw|lorylagg's rating: 1535 &rarr; <strong>1549<\/strong><br \/>(+14 for winning)\n|l|\u26064EverAfter\n","uploadtime":1701098948,"views":15,"p1id":"4everafter","p2id":"lorylagg","formatid":"gen9vgc2023regulatione","rating":1410,"private":0,"password":""}