{"id":"gen9vgc2023regulatione-1998032737","p1":"Eleisson4","p2":"RotovicVGC","format":"[Gen 9] VGC 2023 Regulation E","log":"|j|\u2606Eleisson4\n|j|\u2606RotovicVGC\n|n|\u2606Eleisson4|eleisson4\n|n|\u2606RotovicVGC|rotovicvgc\n|html|View the match progress at <a href=\"\/game-bestof3-gen9vgc2023regulatione-1998027227\">game-bestof3-gen9vgc2023regulatione-1998027227<\/a>\n|t:|1700881462\n|gametype|doubles\n|player|p1|Eleisson4|101|\n|player|p2|RotovicVGC|101|\n|teamsize|p1|6\n|teamsize|p2|6\n|gen|9\n|tier|[Gen 9] VGC 2023 Regulation E\n|rule|Species Clause: Limit one of each Pok\u00e9mon\n|rule|Item Clause: Limit one of each item\n|clearpoke\n|poke|p1|Iron Hands, L50|\n|poke|p1|Flutter Mane, L50|\n|poke|p1|Heatran, L50, F|\n|poke|p1|Chien-Pao, L50|\n|poke|p1|Ogerpon-Wellspring, L50, F|\n|poke|p1|Amoonguss, L50, F|\n|poke|p2|Tornadus, L50, M|\n|poke|p2|Urshifu-*, L50, F|\n|poke|p2|Chien-Pao, L50|\n|poke|p2|Arcanine-Hisui, L50, M|\n|poke|p2|Rillaboom, L50, M|\n|poke|p2|Flutter Mane, L50|\n|teampreview|4\nEleisson4 has agreed to open team sheets.\nRotovicVGC has agreed to open team sheets.\n|showteam|p1|Iron Hands||BoosterEnergy|QuarkDrive|SwordsDance,IcePunch,WildCharge,DrainPunch||||||50|,,,,,Ground]Flutter Mane||ChoiceSpecs|Protosynthesis|MysticalFire,ShadowBall,DazzlingGleam,PowerGem||||||50|,,,,,Fairy]Heatran||SitrusBerry|FlashFire|HeatWave,FlashCannon,EarthPower,Protect|||F|||50|,,,,,Grass]Chien-Pao||FocusSash|SwordofRuin|IceSpinner,SuckerPunch,PsychicFangs,Protect||||||50|,,,,,Ghost]Ogerpon-Wellspring||WellspringMask|WaterAbsorb|IvyCudgel,HornLeech,Taunt,SpikyShield|||F|||50|,,,,,Water]Amoonguss||AguavBerry|Regenerator|Spore,RagePowder,PollenPuff,ClearSmog|||F|||50|,,,,,Water\n|showteam|p2|Tornadus||RockyHelmet|Prankster|BleakwindStorm,Tailwind,Taunt,RainDance|||M|||50|,,,,,Ghost]Urshifu-Rapid-Strike||ChoiceScarf|UnseenFist|SurgingStrikes,CloseCombat,Uturn,AquaJet|||F|||50|,,,,,Water]Chien-Pao||FocusSash|SwordofRuin|SuckerPunch,IcicleCrash,Protect,SacredSword||||||50|,,,,,Ghost]Arcanine-Hisui||ChoiceBand|Intimidate|ExtremeSpeed,FlareBlitz,RockSlide,TeraBlast|||M|||50|,,,,,Fairy]Rillaboom||AssaultVest|GrassySurge|FakeOut,GrassyGlide,Uturn,WoodHammer|||M|||50|,,,,,Poison]Flutter Mane||BoosterEnergy|Protosynthesis|DazzlingGleam,ShadowBall,Moonblast,Protect||||||50|,,,,,Fairy\n|\n|t:|1700881492\n|start\n|switch|p1a: Iron Hands|Iron Hands, L50, shiny|100\/100\n|switch|p1b: Ogerpon|Ogerpon-Wellspring, L50, F|100\/100\n|switch|p2a: Tornadus|Tornadus, L50, M|100\/100\n|switch|p2b: Rillaboom|Rillaboom, L50, M|100\/100\n|-fieldstart|move: Grassy Terrain|[from] ability: Grassy Surge|[of] p2b: Rillaboom\n|-enditem|p1a: Iron Hands|Booster Energy\n|-activate|p1a: Iron Hands|ability: Quark Drive|[fromitem]\n|-start|p1a: Iron Hands|quarkdriveatk\n|turn|1\n|\n|t:|1700881513\n|switch|p1b: Heatran|Heatran, L50, F, shiny|100\/100\n|move|p2b: Rillaboom|Fake Out|p1a: Iron Hands\n|-damage|p1a: Iron Hands|92\/100\n|move|p2a: Tornadus|Bleakwind Storm|p1b: Heatran|[spread] p1a,p1b\n|-resisted|p1b: Heatran\n|-damage|p1a: Iron Hands|72\/100\n|-damage|p1b: Heatran|84\/100\n|cant|p1a: Iron Hands|flinch\n|\n|-heal|p1b: Heatran|90\/100|[from] Grassy Terrain\n|-heal|p1a: Iron Hands|78\/100|[from] Grassy Terrain\n|upkeep\n|turn|2\n|\n|t:|1700881578\n|-terastallize|p2b: Rillaboom|Poison\n|move|p1b: Heatran|Heat Wave|p2b: Rillaboom|[spread] p2a,p2b\n|-damage|p2a: Tornadus|55\/100\n|-damage|p2b: Rillaboom|73\/100\n|move|p2a: Tornadus|Bleakwind Storm|p1a: Iron Hands|[spread] p1a,p1b\n|-resisted|p1b: Heatran\n|-damage|p1a: Iron Hands|54\/100\n|-damage|p1b: Heatran|74\/100\n|move|p2b: Rillaboom|Wood Hammer|p1a: Iron Hands\n|-damage|p1a: Iron Hands|8\/100\n|-damage|p2b: Rillaboom|56\/100|[from] Recoil\n|move|p1a: Iron Hands|Wild Charge|p2a: Tornadus\n|-supereffective|p2a: Tornadus\n|-damage|p2a: Tornadus|0 fnt\n|-damage|p1a: Iron Hands|0 fnt|[from] item: Rocky Helmet|[of] p2a: Tornadus\n|faint|p2a: Tornadus\n|faint|p1a: Iron Hands\n|-end|p1a: Iron Hands|Quark Drive|[silent]\n|\n|-heal|p1b: Heatran|80\/100|[from] Grassy Terrain\n|-heal|p2b: Rillaboom|62\/100|[from] Grassy Terrain\n|upkeep\n|\n|t:|1700881611\n|switch|p2a: Chien-Pao|Chien-Pao, L50|100\/100\n|switch|p1a: Amoonguss|Amoonguss, L50, F, shiny|100\/100\n|-ability|p2a: Chien-Pao|Sword of Ruin\n|turn|3\n|\n|t:|1700881647\n|move|p1b: Heatran|Protect|p1b: Heatran\n|-singleturn|p1b: Heatran|Protect\n|move|p2a: Chien-Pao|Sacred Sword|p1b: Heatran\n|-activate|p1b: Heatran|move: Protect\n|move|p2b: Rillaboom|Wood Hammer|p1b: Heatran\n|-activate|p1b: Heatran|move: Protect\n|move|p1a: Amoonguss|Spore|p2a: Chien-Pao\n|-status|p2a: Chien-Pao|slp|[from] move: Spore\n|\n|-heal|p1b: Heatran|86\/100|[from] Grassy Terrain\n|-heal|p2b: Rillaboom|67\/100|[from] Grassy Terrain\n|upkeep\n|turn|4\n|\n|t:|1700881706\n|cant|p2a: Chien-Pao|slp\n|move|p1b: Heatran|Heat Wave|p2a: Chien-Pao|[spread] p2a,p2b\n|-supereffective|p2a: Chien-Pao\n|-enditem|p2a: Chien-Pao|Focus Sash\n|-damage|p2a: Chien-Pao|1\/100 slp\n|-damage|p2b: Rillaboom|41\/100\n|move|p2b: Rillaboom|U-turn|p1a: Amoonguss\n|-damage|p1a: Amoonguss|72\/100\n|\n|t:|1700881714\n|switch|p2b: Urshifu|Urshifu-Rapid-Strike, L50, F|100\/100|[from] U-turn\n|move|p1a: Amoonguss|Spore|p2b: Urshifu\n|-status|p2b: Urshifu|slp|[from] move: Spore\n|\n|-heal|p2a: Chien-Pao|7\/100 slp|[from] Grassy Terrain\n|-heal|p1b: Heatran|92\/100|[from] Grassy Terrain\n|-heal|p1a: Amoonguss|78\/100|[from] Grassy Terrain\n|upkeep\n|turn|5\n|\n|t:|1700881747\n|-terastallize|p1b: Heatran|Grass\n|cant|p2b: Urshifu|slp\n|cant|p2a: Chien-Pao|slp\n|move|p1b: Heatran|Heat Wave|p2a: Chien-Pao|[spread] p2a,p2b\n|-supereffective|p2a: Chien-Pao\n|-resisted|p2b: Urshifu\n|-damage|p2a: Chien-Pao|0 fnt\n|-damage|p2b: Urshifu|77\/100 slp\n|faint|p2a: Chien-Pao\n|move|p1a: Amoonguss|Pollen Puff|p2b: Urshifu\n|-resisted|p2b: Urshifu\n|-damage|p2b: Urshifu|66\/100 slp\n|\n|-heal|p2b: Urshifu|71\/100 slp|[from] Grassy Terrain\n|-heal|p1b: Heatran|98\/100|[from] Grassy Terrain\n|-heal|p1a: Amoonguss|84\/100|[from] Grassy Terrain\n|-fieldend|move: Grassy Terrain\n|upkeep\n|\n|t:|1700881752\n|switch|p2a: Rillaboom|Rillaboom, L50, M, tera:Poison|41\/100\n|-fieldstart|move: Grassy Terrain|[from] ability: Grassy Surge|[of] p2a: Rillaboom\n|turn|6\n|\n|t:|1700881775\n|move|p2a: Rillaboom|Fake Out|p1a: Amoonguss\n|-damage|p1a: Amoonguss|72\/100\n|-curestatus|p2b: Urshifu|slp|[msg]\n|move|p2b: Urshifu|Close Combat|p1b: Heatran\n|-damage|p1b: Heatran|29\/100\n|-unboost|p2b: Urshifu|def|1\n|-unboost|p2b: Urshifu|spd|1\n|-enditem|p1b: Heatran|Sitrus Berry|[eat]\n|-heal|p1b: Heatran|54\/100|[from] item: Sitrus Berry\n|move|p1b: Heatran|Heat Wave|p2a: Rillaboom|[spread] p2a,p2b\n|-resisted|p2b: Urshifu\n|-damage|p2a: Rillaboom|16\/100\n|-damage|p2b: Urshifu|30\/100\n|cant|p1a: Amoonguss|flinch\n|\n|-heal|p2b: Urshifu|35\/100|[from] Grassy Terrain\n|-heal|p1b: Heatran|60\/100|[from] Grassy Terrain\n|-heal|p2a: Rillaboom|22\/100|[from] Grassy Terrain\n|-heal|p1a: Amoonguss|78\/100|[from] Grassy Terrain\n|upkeep\n|turn|7\n|\n|t:|1700881795\n|move|p1a: Amoonguss|Rage Powder|p1a: Amoonguss\n|-singleturn|p1a: Amoonguss|move: Rage Powder\n|move|p2b: Urshifu|Close Combat|p1a: Amoonguss\n|-resisted|p1a: Amoonguss\n|-damage|p1a: Amoonguss|48\/100\n|-unboost|p2b: Urshifu|def|1\n|-unboost|p2b: Urshifu|spd|1\n|move|p1b: Heatran|Heat Wave|p2a: Rillaboom|[spread] p2a\n|-miss|p1b: Heatran|p2b: Urshifu\n|-damage|p2a: Rillaboom|0 fnt\n|faint|p2a: Rillaboom\n|\n|-heal|p2b: Urshifu|41\/100|[from] Grassy Terrain\n|-heal|p1b: Heatran|66\/100|[from] Grassy Terrain\n|-heal|p1a: Amoonguss|54\/100|[from] Grassy Terrain\n|upkeep\n|turn|8\n|c|\u2606RotovicVGC|ggs\n|\n|t:|1700881821\n|move|p1a: Amoonguss|Rage Powder|p1a: Amoonguss\n|-singleturn|p1a: Amoonguss|move: Rage Powder\n|move|p2b: Urshifu|Close Combat|p1a: Amoonguss\n|-resisted|p1a: Amoonguss\n|-crit|p1a: Amoonguss\n|-damage|p1a: Amoonguss|16\/100\n|-unboost|p2b: Urshifu|def|1\n|-unboost|p2b: Urshifu|spd|1\n|-enditem|p1a: Amoonguss|Aguav Berry|[eat]\n|-heal|p1a: Amoonguss|49\/100|[from] item: Aguav Berry\n|move|p1b: Heatran|Flash Cannon|p2b: Urshifu\n|-resisted|p2b: Urshifu\n|-damage|p2b: Urshifu|0 fnt\n|faint|p2b: Urshifu\n|\n|win|Eleisson4\n","uploadtime":1700882467,"views":2,"p1id":"eleisson4","p2id":"rotovicvgc","formatid":"gen9vgc2023regulatione","rating":0,"private":0,"password":""}