{"id":"gen9vgc2023regulatione-1994882212","p1":"Thieving_Vigilante","p2":"RoryRemisdad14","format":"[Gen 9] VGC 2023 Regulation E","log":"|j|\u2606Thieving_Vigilante\n|j|\u2606RoryRemisdad14\n|t:|1700501368\n|gametype|doubles\n|player|p1|Thieving_Vigilante|ethan|1348\n|player|p2|RoryRemisdad14|benga|1405\n|teamsize|p1|6\n|teamsize|p2|6\n|gen|9\n|tier|[Gen 9] VGC 2023 Regulation E\n|rated|\n|rule|Species Clause: Limit one of each Pok\u00e9mon\n|rule|Item Clause: Limit one of each item\n|clearpoke\n|poke|p1|Kommo-o, L50, M|\n|poke|p1|Espeon, L50, M|\n|poke|p1|Tornadus, L50, M|\n|poke|p1|Iron Hands, L50|\n|poke|p1|Arcanine-Hisui, L50, F|\n|poke|p1|Sinistcha-Masterpiece, L50|\n|poke|p2|Flutter Mane, L50|\n|poke|p2|Arcanine-Hisui, L50, F|\n|poke|p2|Urshifu-*, L50, F|\n|poke|p2|Iron Hands, L50|\n|poke|p2|Rillaboom, L50, F|\n|poke|p2|Gholdengo, L50|\n|teampreview|4\n|inactive|Battle timer is ON: inactive players will automatically lose when time's up. (requested by Thieving_Vigilante)\n|inactive|Thieving_Vigilante has 60 seconds left.\n|inactive|RoryRemisdad14 has 60 seconds left.\n|\n|t:|1700501416\n|start\n|switch|p1a: Arcanine|Arcanine-Hisui, L50, F|100\/100\n|switch|p1b: Sinistcha|Sinistcha-Masterpiece, L50|100\/100\n|switch|p2a: Gholdengo|Gholdengo, L50|100\/100\n|switch|p2b: Urshifu|Urshifu-Rapid-Strike, L50, F|100\/100\n|-ability|p1a: Arcanine|Intimidate|boost\n|-unboost|p2a: Gholdengo|atk|1\n|-unboost|p2b: Urshifu|atk|1\n|turn|1\n|\n|t:|1700501437\n|switch|p2b: Arcanine|Arcanine-Hisui, L50, F|100\/100\n|-ability|p2b: Arcanine|Intimidate|boost\n|-unboost|p1a: Arcanine|atk|1\n|-unboost|p1b: Sinistcha|atk|1\n|-terastallize|p2a: Gholdengo|Dragon\n|move|p1b: Sinistcha|Rage Powder|p1b: Sinistcha\n|-singleturn|p1b: Sinistcha|move: Rage Powder\n|move|p1a: Arcanine|Flare Blitz|p2a: Gholdengo\n|-resisted|p2a: Gholdengo\n|-damage|p2a: Gholdengo|74\/100\n|-damage|p1a: Arcanine|91\/100|[from] Recoil\n|move|p2a: Gholdengo|Nasty Plot|p2a: Gholdengo\n|-boost|p2a: Gholdengo|spa|2\n|\n|-heal|p2a: Gholdengo|80\/100|[from] item: Leftovers\n|upkeep\n|turn|2\n|\n|t:|1700501456\n|switch|p1a: Iron Hands|Iron Hands, L50|100\/100\n|move|p2b: Arcanine|Rock Slide|p1a: Iron Hands|[spread] p1a,p1b\n|-resisted|p1a: Iron Hands\n|-damage|p1a: Iron Hands|91\/100\n|-damage|p1b: Sinistcha|80\/100\n|move|p2a: Gholdengo|Make It Rain|p1a: Iron Hands|[spread] p1a,p1b\n|-resisted|p1a: Iron Hands\n|-damage|p1a: Iron Hands|67\/100\n|-damage|p1b: Sinistcha|0 fnt\n|-unboost|p2a: Gholdengo|spa|1\n|faint|p1b: Sinistcha\n|\n|-heal|p2a: Gholdengo|87\/100|[from] item: Leftovers\n|upkeep\n|\n|t:|1700501471\n|switch|p1b: Kommo-o|Kommo-o, L50, M|100\/100\n|turn|3\n|\n|t:|1700501482\n|move|p1a: Iron Hands|Fake Out|p2a: Gholdengo\n|-damage|p2a: Gholdengo|73\/100\n|move|p1b: Kommo-o|Clangorous Soul|p1b: Kommo-o\n|-boost|p1b: Kommo-o|atk|1\n|-boost|p1b: Kommo-o|def|1\n|-boost|p1b: Kommo-o|spa|1\n|-boost|p1b: Kommo-o|spd|1\n|-boost|p1b: Kommo-o|spe|1\n|-damage|p1b: Kommo-o|68\/100\n|move|p2b: Arcanine|Will-O-Wisp|p1a: Iron Hands|[miss]\n|-miss|p2b: Arcanine|p1a: Iron Hands\n|cant|p2a: Gholdengo|flinch\n|\n|-heal|p2a: Gholdengo|79\/100|[from] item: Leftovers\n|upkeep\n|turn|4\n|inactive|Thieving_Vigilante has 30 seconds left.\n|inactive|RoryRemisdad14 has 30 seconds left.\n|\n|t:|1700501513\n|-end|p1a: Iron Hands|Quark Drive|[silent]\n|switch|p1a: Arcanine|Arcanine-Hisui, L50, F|91\/100\n|-ability|p1a: Arcanine|Intimidate|boost\n|-unboost|p2a: Gholdengo|atk|1\n|-unboost|p2b: Arcanine|atk|1\n|move|p1b: Kommo-o|Protect|p1b: Kommo-o\n|-singleturn|p1b: Kommo-o|Protect\n|move|p2b: Arcanine|Will-O-Wisp|p1a: Arcanine\n|-immune|p1a: Arcanine\n|move|p2a: Gholdengo|Make It Rain|p1a: Arcanine|[spread] p1a\n|-activate|p1b: Kommo-o|move: Protect\n|-damage|p1a: Arcanine|13\/100\n|-unboost|p2a: Gholdengo|spa|1\n|\n|-heal|p2a: Gholdengo|85\/100|[from] item: Leftovers\n|upkeep\n|turn|5\n|inactive|Thieving_Vigilante has 30 seconds left.\n|inactive|RoryRemisdad14 has 30 seconds left.\n|inactive|RoryRemisdad14 has 20 seconds left.\n|inactive|RoryRemisdad14 has 15 seconds left.\n|inactive|RoryRemisdad14 has 10 seconds left.\n|inactive|RoryRemisdad14 has 5 seconds left.\n|\n|t:|1700501568\n|switch|p1a: Iron Hands|Iron Hands, L50|67\/100\n|move|p1b: Kommo-o|Drain Punch|p2b: Arcanine\n|-supereffective|p2b: Arcanine\n|-damage|p2b: Arcanine|0 fnt\n|-heal|p1b: Kommo-o|100\/100|[from] drain|[of] p2b: Arcanine\n|faint|p2b: Arcanine\n|move|p2a: Gholdengo|Make It Rain|p1b: Kommo-o|[spread] p1a,p1b\n|-resisted|p1a: Iron Hands\n|-crit|p1a: Iron Hands\n|-damage|p1a: Iron Hands|50\/100\n|-damage|p1b: Kommo-o|75\/100\n|-unboost|p2a: Gholdengo|spa|1\n|\n|-heal|p2a: Gholdengo|91\/100|[from] item: Leftovers\n|upkeep\n|\n|t:|1700501583\n|switch|p2b: Rillaboom|Rillaboom, L50, F|100\/100\n|-fieldstart|move: Grassy Terrain|[from] ability: Grassy Surge|[of] p2b: Rillaboom\n|turn|6\n|\n|t:|1700501607\n|move|p1b: Kommo-o|Protect|p1b: Kommo-o\n|-singleturn|p1b: Kommo-o|Protect\n|move|p2b: Rillaboom|Fake Out|p1b: Kommo-o\n|-activate|p1b: Kommo-o|move: Protect\n|move|p2a: Gholdengo|Nasty Plot|p2a: Gholdengo\n|-boost|p2a: Gholdengo|spa|2\n|move|p1a: Iron Hands|Volt Switch|p2b: Rillaboom\n|-resisted|p2b: Rillaboom\n|-damage|p2b: Rillaboom|95\/100\n|\n|t:|1700501617\n|-end|p1a: Iron Hands|Quark Drive|[silent]\n|switch|p1a: Arcanine|Arcanine-Hisui, L50, F|13\/100|[from] Volt Switch\n|-ability|p1a: Arcanine|Intimidate|boost\n|-unboost|p2a: Gholdengo|atk|1\n|-unboost|p2b: Rillaboom|atk|1\n|\n|-heal|p1b: Kommo-o|81\/100|[from] Grassy Terrain\n|-heal|p1a: Arcanine|19\/100|[from] Grassy Terrain\n|-heal|p2a: Gholdengo|97\/100|[from] Grassy Terrain\n|-heal|p2a: Gholdengo|100\/100|[from] item: Leftovers\n|-heal|p2b: Rillaboom|100\/100|[from] Grassy Terrain\n|upkeep\n|turn|7\n|inactive|Thieving_Vigilante has 30 seconds left.\n|inactive|RoryRemisdad14 has 30 seconds left.\n|inactive|RoryRemisdad14 has 20 seconds left.\n|inactive|RoryRemisdad14 has 15 seconds left.\n|inactive|RoryRemisdad14 has 10 seconds left.\n|inactive|RoryRemisdad14 has 5 seconds left.\n|\n|t:|1700501672\n|-terastallize|p1b: Kommo-o|Steel\n|move|p2b: Rillaboom|Grassy Glide|p1a: Arcanine\n|-damage|p1a: Arcanine|0 fnt\n|faint|p1a: Arcanine\n|move|p1b: Kommo-o|Drain Punch|p2a: Gholdengo\n|-damage|p2a: Gholdengo|56\/100\n|-heal|p1b: Kommo-o|100\/100|[from] drain|[of] p2a: Gholdengo\n|move|p2a: Gholdengo|Make It Rain|p1b: Kommo-o\n|-resisted|p1b: Kommo-o\n|-damage|p1b: Kommo-o|75\/100\n|-unboost|p2a: Gholdengo|spa|1\n|\n|-heal|p1b: Kommo-o|81\/100|[from] Grassy Terrain\n|-heal|p2a: Gholdengo|63\/100|[from] Grassy Terrain\n|-heal|p2a: Gholdengo|69\/100|[from] item: Leftovers\n|upkeep\n|\n|t:|1700501689\n|switch|p1a: Iron Hands|Iron Hands, L50|50\/100\n|turn|8\n|\n|t:|1700501708\n|move|p1a: Iron Hands|Fake Out|p2b: Rillaboom\n|-damage|p2b: Rillaboom|85\/100\n|move|p1b: Kommo-o|Clangorous Soul|p1b: Kommo-o\n|-boost|p1b: Kommo-o|atk|1\n|-boost|p1b: Kommo-o|def|1\n|-boost|p1b: Kommo-o|spa|1\n|-boost|p1b: Kommo-o|spd|1\n|-boost|p1b: Kommo-o|spe|1\n|-damage|p1b: Kommo-o|48\/100\n|move|p2a: Gholdengo|Shadow Ball|p1a: Iron Hands\n|-damage|p1a: Iron Hands|28\/100\n|cant|p2b: Rillaboom|flinch\n|\n|-heal|p1b: Kommo-o|54\/100|[from] Grassy Terrain\n|-heal|p2a: Gholdengo|75\/100|[from] Grassy Terrain\n|-heal|p2a: Gholdengo|81\/100|[from] item: Leftovers\n|-heal|p2b: Rillaboom|90\/100|[from] Grassy Terrain\n|-heal|p1a: Iron Hands|34\/100|[from] Grassy Terrain\n|upkeep\n|turn|9\n|\n|t:|1700501730\n|move|p1b: Kommo-o|Protect|p1b: Kommo-o\n|-singleturn|p1b: Kommo-o|Protect\n|move|p2b: Rillaboom|Grassy Glide|p1a: Iron Hands\n|-damage|p1a: Iron Hands|13\/100\n|move|p2a: Gholdengo|Shadow Ball|p1a: Iron Hands\n|-damage|p1a: Iron Hands|0 fnt\n|faint|p1a: Iron Hands\n|-end|p1a: Iron Hands|Quark Drive|[silent]\n|\n|-heal|p1b: Kommo-o|60\/100|[from] Grassy Terrain\n|-heal|p2a: Gholdengo|88\/100|[from] Grassy Terrain\n|-heal|p2a: Gholdengo|94\/100|[from] item: Leftovers\n|-heal|p2b: Rillaboom|96\/100|[from] Grassy Terrain\n|upkeep\n|turn|10\n|\n|t:|1700501753\n|move|p1b: Kommo-o|Drain Punch|p2b: Rillaboom\n|-crit|p2b: Rillaboom\n|-damage|p2b: Rillaboom|0 fnt\n|-heal|p1b: Kommo-o|100\/100|[from] drain|[of] p2b: Rillaboom\n|faint|p2b: Rillaboom\n|move|p2a: Gholdengo|Make It Rain|p1b: Kommo-o\n|-resisted|p1b: Kommo-o\n|-damage|p1b: Kommo-o|87\/100\n|-unboost|p2a: Gholdengo|spa|1\n|\n|-heal|p1b: Kommo-o|93\/100|[from] Grassy Terrain\n|-heal|p2a: Gholdengo|99\/100|[from] Grassy Terrain\n|-heal|p2a: Gholdengo|100\/100|[from] item: Leftovers\n|-fieldend|move: Grassy Terrain\n|upkeep\n|inactive|RoryRemisdad14 has 30 seconds left.\n|inactive|RoryRemisdad14 has 20 seconds left.\n|inactive|RoryRemisdad14 has 15 seconds left.\n|inactive|RoryRemisdad14 has 10 seconds left.\n|inactive|RoryRemisdad14 has 5 seconds left.\n|\n|t:|1700501808\n|switch|p2b: Urshifu|Urshifu-Rapid-Strike, L50, F|100\/100\n|turn|11\n|inactive|RoryRemisdad14 has 30 seconds left.\n|inactive|RoryRemisdad14 has 20 seconds left.\n|c|\u2606Thieving_Vigilante|tick tock\n|inactive|RoryRemisdad14 has 15 seconds left.\n|c|\u2606Thieving_Vigilante|whats taking so long\n|inactive|RoryRemisdad14 has 10 seconds left.\n|inactive|RoryRemisdad14 has 5 seconds left.\n|\n|t:|1700501864\n|move|p1b: Kommo-o|Drain Punch|p2b: Urshifu\n|-damage|p2b: Urshifu|37\/100\n|-heal|p1b: Kommo-o|100\/100|[from] drain|[of] p2b: Urshifu\n|move|p2b: Urshifu|Surging Strikes|p1b: Kommo-o\n|-crit|p1b: Kommo-o\n|-damage|p1b: Kommo-o|81\/100\n|-crit|p1b: Kommo-o\n|-damage|p1b: Kommo-o|60\/100\n|-crit|p1b: Kommo-o\n|-damage|p1b: Kommo-o|39\/100\n|-hitcount|p1b: Kommo-o|3\n|move|p2a: Gholdengo|Make It Rain|p1b: Kommo-o\n|-resisted|p1b: Kommo-o\n|-damage|p1b: Kommo-o|30\/100\n|-unboost|p2a: Gholdengo|spa|1\n|\n|upkeep\n|turn|12\n|inactive|RoryRemisdad14 has 30 seconds left.\n|inactive|RoryRemisdad14 has 20 seconds left.\n|\n|t:|1700501904\n|move|p1b: Kommo-o|Drain Punch|p2b: Urshifu\n|-damage|p2b: Urshifu|0 fnt\n|-heal|p1b: Kommo-o|48\/100|[from] drain|[of] p2b: Urshifu\n|faint|p2b: Urshifu\n|move|p2a: Gholdengo|Make It Rain|p1b: Kommo-o\n|-resisted|p1b: Kommo-o\n|-damage|p1b: Kommo-o|42\/100\n|-unboost|p2a: Gholdengo|spa|1\n|\n|upkeep\n|turn|13\n|c|\u2606Thieving_Vigilante|gg\n|\n|t:|1700501916\n|move|p1b: Kommo-o|Drain Punch|p2a: Gholdengo\n|-damage|p2a: Gholdengo|40\/100\n|-heal|p1b: Kommo-o|74\/100|[from] drain|[of] p2a: Gholdengo\n|move|p2a: Gholdengo|Make It Rain|p1b: Kommo-o\n|-resisted|p1b: Kommo-o\n|-damage|p1b: Kommo-o|69\/100\n|-unboost|p2a: Gholdengo|spa|1\n|\n|-heal|p2a: Gholdengo|46\/100|[from] item: Leftovers\n|upkeep\n|turn|14\n|c|\u2606Thieving_Vigilante|ez match\n|\n|t:|1700501939\n|move|p1b: Kommo-o|Protect|p1b: Kommo-o\n|-singleturn|p1b: Kommo-o|Protect\n|move|p2a: Gholdengo|Nasty Plot|p2a: Gholdengo\n|-boost|p2a: Gholdengo|spa|2\n|\n|-heal|p2a: Gholdengo|52\/100|[from] item: Leftovers\n|upkeep\n|turn|15\n|\n|t:|1700501948\n|move|p2a: Gholdengo|Protect|p2a: Gholdengo\n|-singleturn|p2a: Gholdengo|Protect\n|move|p1b: Kommo-o|Drain Punch|p2a: Gholdengo\n|-activate|p2a: Gholdengo|move: Protect\n|\n|-heal|p2a: Gholdengo|59\/100|[from] item: Leftovers\n|upkeep\n|turn|16\n|c|\u2606Thieving_Vigilante|hahahaha\n|inactive|RoryRemisdad14 has 30 seconds left.\n|c|\u2606RoryRemisdad14|Bro i was taking care of my kid most of the match you cocky fuck\n|\n|t:|1700501970\n|move|p1b: Kommo-o|Drain Punch|p2a: Gholdengo\n|-damage|p2a: Gholdengo|6\/100\n|-heal|p1b: Kommo-o|97\/100|[from] drain|[of] p2a: Gholdengo\n|move|p2a: Gholdengo|Shadow Ball|p1b: Kommo-o\n|-damage|p1b: Kommo-o|88\/100\n|\n|-heal|p2a: Gholdengo|12\/100|[from] item: Leftovers\n|upkeep\n|turn|17\n|inactive|RoryRemisdad14 has 25 seconds left this turn.\n|inactive|RoryRemisdad14 has 20 seconds left.\n|c|\u2606Thieving_Vigilante|lol thats your prob\n|c|\u2606Thieving_Vigilante|not mine\n|\n|t:|1700501992\n|move|p1b: Kommo-o|Protect|p1b: Kommo-o\n|-singleturn|p1b: Kommo-o|Protect\n|move|p2a: Gholdengo|Nasty Plot|p2a: Gholdengo\n|-boost|p2a: Gholdengo|spa|2\n|\n|-heal|p2a: Gholdengo|18\/100|[from] item: Leftovers\n|upkeep\n|turn|18\n|inactive|RoryRemisdad14 has 20 seconds left this turn.\n|inactive|RoryRemisdad14 has 15 seconds left.\n|inactive|RoryRemisdad14 has 10 seconds left.\n|-message|RoryRemisdad14 forfeited.\n|\n|win|Thieving_Vigilante\n|inactive|RoryRemisdad14 has 10 seconds left this turn.\n|raw|Thieving_Vigilante's rating: 1348 &rarr; <strong>1371<\/strong><br \/>(+23 for winning)\n|raw|RoryRemisdad14's rating: 1405 &rarr; <strong>1382<\/strong><br \/>(-23 for losing)\n|l|\u2606RoryRemisdad14\n","uploadtime":1700501967,"views":2,"p1id":"thievingvigilante","p2id":"roryremisdad14","formatid":"gen9vgc2023regulatione","rating":1371,"private":0,"password":""}