{"id":"gen9vgc2023regulatione-1995432648","p1":"Osamabld","p2":"yueer12345","format":"[Gen 9] VGC 2023 Regulation E","log":"|j|\u2606Osamabld\n|j|\u2606yueer12345\n|t:|1700570102\n|gametype|doubles\n|player|p1|Osamabld|169|1145\n|player|p2|yueer12345|swimmerf-gen4|1205\n|teamsize|p1|6\n|teamsize|p2|6\n|gen|9\n|tier|[Gen 9] VGC 2023 Regulation E\n|rated|\n|rule|Species Clause: Limit one of each Pok\u00e9mon\n|rule|Item Clause: Limit one of each item\n|clearpoke\n|poke|p1|Landorus-Therian, L50, M|\n|poke|p1|Zapdos, L50|\n|poke|p1|Tornadus, L50, M|\n|poke|p1|Chien-Pao, L50|\n|poke|p1|Rillaboom, L50, F|\n|poke|p1|Urshifu-*, L50, F|\n|poke|p2|Indeedee-F, L50, F|\n|poke|p2|Armarouge, L50, M|\n|poke|p2|Torkoal, L50, M|\n|poke|p2|Ursaluna, L50, M|\n|poke|p2|Flutter Mane, L50|\n|poke|p2|Ogerpon-Hearthflame, L50, F|\n|teampreview|4\n|\n|t:|1700570116\n|start\n|switch|p1a: Zapdos|Zapdos, L50|100\/100\n|switch|p1b: Landorus|Landorus-Therian, L50, M|100\/100\n|switch|p2a: Indeedee|Indeedee-F, L50, F|100\/100\n|switch|p2b: Armarouge|Armarouge, L50, M|100\/100\n|-ability|p1b: Landorus|Intimidate|boost\n|-unboost|p2a: Indeedee|atk|1\n|-unboost|p2b: Armarouge|atk|1\n|-fieldstart|move: Psychic Terrain|[from] ability: Psychic Surge|[of] p2a: Indeedee\n|turn|1\n|inactive|Battle timer is ON: inactive players will automatically lose when time's up. (requested by Osamabld)\n|\n|t:|1700570133\n|move|p1b: Landorus|Earthquake|p2a: Indeedee|[spread] p2a,p2b\n|-immune|p1a: Zapdos\n|-supereffective|p2b: Armarouge\n|-damage|p2a: Indeedee|65\/100\n|-damage|p2b: Armarouge|31\/100\n|move|p1a: Zapdos|Discharge|p2b: Armarouge|[spread] p2a,p2b\n|-immune|p1b: Landorus\n|-damage|p2a: Indeedee|36\/100\n|-damage|p2b: Armarouge|0 fnt\n|-status|p2a: Indeedee|par\n|faint|p2b: Armarouge\n|move|p2a: Indeedee|Trick Room|p2a: Indeedee\n|-fieldstart|move: Trick Room|[of] p2a: Indeedee\n|\n|upkeep\n|\n|t:|1700570145\n|switch|p2b: Torkoal|Torkoal, L50, M|100\/100\n|-weather|SunnyDay|[from] ability: Drought|[of] p2b: Torkoal\n|turn|2\n|\n|t:|1700570151\n|-terastallize|p2b: Torkoal|Fire\n|cant|p2a: Indeedee|par\n|move|p1a: Zapdos|Detect|p1a: Zapdos\n|-singleturn|p1a: Zapdos|Protect\n|move|p2b: Torkoal|Eruption|p1b: Landorus|[spread] p1b\n|-activate|p1a: Zapdos|move: Protect\n|-damage|p1b: Landorus|0 fnt\n|faint|p1b: Landorus\n|\n|-weather|SunnyDay|[upkeep]\n|upkeep\n|\n|t:|1700570162\n|switch|p1b: Tornadus|Tornadus, L50, M|100\/100\n|turn|3\n|\n|t:|1700570177\n|cant|p2a: Indeedee|par\n|move|p1b: Tornadus|Rain Dance|p1b: Tornadus\n|-weather|RainDance\n|move|p2b: Torkoal|Eruption|p1b: Tornadus|[spread] p1a,p1b\n|-damage|p1a: Zapdos|57\/100\n|-damage|p1b: Tornadus|55\/100\n|move|p1a: Zapdos|Hurricane|p2b: Torkoal\n|-damage|p2b: Torkoal|19\/100\n|\n|-weather|RainDance|[upkeep]\n|upkeep\n|turn|4\n|inactive|yueer12345 has 30 seconds left.\n|\n|t:|1700570206\n|cant|p2a: Indeedee|par\n|move|p2b: Torkoal|Flamethrower|p1b: Tornadus\n|-crit|p1b: Tornadus\n|-damage|p1b: Tornadus|2\/100\n|move|p1a: Zapdos|Hurricane|p2a: Indeedee\n|-damage|p2a: Indeedee|0 fnt\n|faint|p2a: Indeedee\n|move|p1b: Tornadus|Bleakwind Storm|p2b: Torkoal\n|-damage|p2b: Torkoal|0 fnt\n|faint|p2b: Torkoal\n|\n|-weather|RainDance|[upkeep]\n|upkeep\n|inactive|yueer12345 has 30 seconds left.\n|\n|t:|1700570235\n|switch|p2b: Ursaluna|Ursaluna, L50, M|100\/100\n|turn|5\n|\n|t:|1700570245\n|move|p1a: Zapdos|Detect|p1a: Zapdos\n|-singleturn|p1a: Zapdos|Protect\n|move|p1b: Tornadus|Tailwind|p1b: Tornadus\n|-sidestart|p1: Osamabld|move: Tailwind\n|move|p2b: Ursaluna|Facade|p1a: Zapdos\n|-activate|p1a: Zapdos|move: Protect\n|\n|-weather|RainDance|[upkeep]\n|-fieldend|move: Trick Room\n|-fieldend|move: Psychic Terrain\n|-status|p2b: Ursaluna|brn|[from] item: Flame Orb\n|upkeep\n|turn|6\n|-message|yueer12345 forfeited.\n|\n|win|Osamabld\n|raw|Osamabld's rating: 1145 &rarr; <strong>1174<\/strong><br \/>(+29 for winning)\n|raw|yueer12345's rating: 1205 &rarr; <strong>1176<\/strong><br \/>(-29 for losing)\n|l|\u2606yueer12345\n","uploadtime":1700570258,"views":28,"p1id":"osamabld","p2id":"yueer12345","formatid":"gen9vgc2023regulatione","rating":1174,"private":0,"password":""}