{"id":"gen9vgc2023regulatione-1991476175","p1":"G-ray2280","p2":"EricGamer421","format":"[Gen 9] VGC 2023 Regulation E","log":"|j|\u2606G-ray2280\n|j|\u2606EricGamer421\n|n|\u2606G-ray2280|gray2280\n|n|\u2606EricGamer421|ericgamer421\n|html|View the match progress at <a href=\"\/game-bestof3-gen9vgc2023regulatione-1991462397\">game-bestof3-gen9vgc2023regulatione-1991462397<\/a>\n|t:|1700080439\n|gametype|doubles\n|player|p1|G-ray2280|zinzolin|\n|player|p2|EricGamer421|roxanne|\n|teamsize|p1|6\n|teamsize|p2|6\n|gen|9\n|tier|[Gen 9] VGC 2023 Regulation E\n|rule|Species Clause: Limit one of each Pok\u00e9mon\n|rule|Item Clause: Limit one of each item\n|clearpoke\n|poke|p1|Flutter Mane, L50|\n|poke|p1|Landorus-Therian, L50, M|\n|poke|p1|Arcanine-Hisui, L50, F|\n|poke|p1|Iron Hands, L50|\n|poke|p1|Fezandipiti, L50, M|\n|poke|p1|Sinistcha, L50|\n|poke|p2|Kommo-o, L50, F|\n|poke|p2|Clefairy, L50, F|\n|poke|p2|Sinistcha, L50|\n|poke|p2|Flamigo, L50, M|\n|poke|p2|Iron Hands, L50|\n|poke|p2|Flutter Mane, L50|\n|teampreview|4\n|\n|t:|1700080479\n|start\n|switch|p1a: Toys\"R\"us|Landorus-Therian, L50, M|100\/100\n|switch|p1b: Flutter pain|Flutter Mane, L50|100\/100\n|switch|p2a: Kommo-o|Kommo-o, L50, F|100\/100\n|switch|p2b: Iron Hands|Iron Hands, L50|100\/100\n|-ability|p1a: Toys\"R\"us|Intimidate|boost\n|-unboost|p2a: Kommo-o|atk|1\n|-unboost|p2b: Iron Hands|atk|1\n|-enditem|p1b: Flutter pain|Booster Energy\n|-activate|p1b: Flutter pain|ability: Protosynthesis|[fromitem]\n|-start|p1b: Flutter pain|protosynthesisspa\n|turn|1\n|\n|t:|1700080572\n|move|p1b: Flutter pain|Protect|p1b: Flutter pain\n|-singleturn|p1b: Flutter pain|Protect\n|move|p2b: Iron Hands|Fake Out|p1a: Toys\"R\"us\n|-damage|p1a: Toys\"R\"us|88\/100\n|move|p2a: Kommo-o|Clangorous Soul|p2a: Kommo-o\n|-boost|p2a: Kommo-o|atk|1\n|-boost|p2a: Kommo-o|def|1\n|-boost|p2a: Kommo-o|spa|1\n|-boost|p2a: Kommo-o|spd|1\n|-boost|p2a: Kommo-o|spe|1\n|-damage|p2a: Kommo-o|68\/100\n|-enditem|p2a: Kommo-o|Throat Spray\n|-boost|p2a: Kommo-o|spa|1|[from] item: Throat Spray\n|cant|p1a: Toys\"R\"us|flinch\n|\n|upkeep\n|turn|2\n|\n|t:|1700080616\n|-end|p1b: Flutter pain|Protosynthesis|[silent]\n|switch|p1b: cha cha cha|Sinistcha, L50|100\/100\n|-heal|p1a: Toys\"R\"us|100\/100|[from] ability: Hospitality|[of] p1b: cha cha cha\n|-end|p2b: Iron Hands|Quark Drive|[silent]\n|switch|p2b: Sinistcha|Sinistcha, L50|100\/100\n|-heal|p2a: Kommo-o|92\/100|[from] ability: Hospitality|[of] p2b: Sinistcha\n|-terastallize|p2a: Kommo-o|Steel\n|move|p1a: Toys\"R\"us|Protect|p1a: Toys\"R\"us\n|-singleturn|p1a: Toys\"R\"us|Protect\n|move|p2a: Kommo-o|Clanging Scales|p1a: Toys\"R\"us|[spread] p1b\n|-activate|p1a: Toys\"R\"us|move: Protect\n|-damage|p1b: cha cha cha|14\/100\n|-unboost|p2a: Kommo-o|def|1\n|\n|-heal|p1b: cha cha cha|20\/100|[from] item: Leftovers\n|upkeep\n|turn|3\n|\n|t:|1700080694\n|switch|p1a: Iron golem|Iron Hands, L50|100\/100\n|move|p1b: cha cha cha|Protect|p1b: cha cha cha\n|-singleturn|p1b: cha cha cha|Protect\n|move|p2b: Sinistcha|Rage Powder|p2b: Sinistcha\n|-singleturn|p2b: Sinistcha|move: Rage Powder\n|move|p2a: Kommo-o|Clanging Scales|p1a: Iron golem|[spread] p1a\n|-activate|p1b: cha cha cha|move: Protect\n|-damage|p1a: Iron golem|56\/100\n|-unboost|p2a: Kommo-o|def|1\n|\n|-heal|p1b: cha cha cha|26\/100|[from] item: Leftovers\n|upkeep\n|turn|4\n|\n|t:|1700080732\n|switch|p2b: Iron Hands|Iron Hands, L50|100\/100\n|move|p2a: Kommo-o|Protect|p2a: Kommo-o\n|-singleturn|p2a: Kommo-o|Protect\n|move|p1a: Iron golem|Fake Out|p2b: Iron Hands\n|-damage|p2b: Iron Hands|89\/100\n|move|p1b: cha cha cha|Life Dew|p1b: cha cha cha|[spread] p1a,p1b\n|-heal|p1a: Iron golem|81\/100\n|-heal|p1b: cha cha cha|52\/100\n|\n|-heal|p1b: cha cha cha|58\/100|[from] item: Leftovers\n|upkeep\n|turn|5\n|\n|t:|1700080803\n|-end|p1a: Iron golem|Quark Drive|[silent]\n|switch|p1a: Toys\"R\"us|Landorus-Therian, L50, M|100\/100\n|-ability|p1a: Toys\"R\"us|Intimidate|boost\n|-unboost|p2a: Kommo-o|atk|1\n|-unboost|p2b: Iron Hands|atk|1\n|move|p1b: cha cha cha|Protect|p1b: cha cha cha\n|-singleturn|p1b: cha cha cha|Protect\n|move|p2b: Iron Hands|Fake Out|p1a: Toys\"R\"us\n|-crit|p1a: Toys\"R\"us\n|-damage|p1a: Toys\"R\"us|72\/100\n|move|p2a: Kommo-o|Clangorous Soul|p2a: Kommo-o\n|-boost|p2a: Kommo-o|atk|1\n|-boost|p2a: Kommo-o|def|1\n|-boost|p2a: Kommo-o|spa|1\n|-boost|p2a: Kommo-o|spd|1\n|-boost|p2a: Kommo-o|spe|1\n|-damage|p2a: Kommo-o|60\/100\n|\n|-heal|p1b: cha cha cha|64\/100|[from] item: Leftovers\n|upkeep\n|turn|6\n|\n|t:|1700080882\n|-end|p2b: Iron Hands|Quark Drive|[silent]\n|switch|p2b: Sinistcha|Sinistcha, L50|100\/100\n|-heal|p2a: Kommo-o|84\/100|[from] ability: Hospitality|[of] p2b: Sinistcha\n|move|p1a: Toys\"R\"us|Protect|p1a: Toys\"R\"us\n|-singleturn|p1a: Toys\"R\"us|Protect\n|move|p2a: Kommo-o|Clanging Scales|p1b: cha cha cha|[spread] p1b\n|-activate|p1a: Toys\"R\"us|move: Protect\n|-damage|p1b: cha cha cha|0 fnt\n|faint|p1b: cha cha cha\n|-unboost|p2a: Kommo-o|def|1\n|\n|upkeep\n|\n|t:|1700080915\n|switch|p1b: Iron golem|Iron Hands, L50|81\/100\n|turn|7\n|\n|t:|1700080989\n|-terastallize|p1a: Toys\"R\"us|Flying\n|move|p2b: Sinistcha|Rage Powder|p2b: Sinistcha\n|-singleturn|p2b: Sinistcha|move: Rage Powder\n|move|p2a: Kommo-o|Clanging Scales|p1a: Toys\"R\"us|[spread] p1a,p1b\n|-damage|p1a: Toys\"R\"us|0 fnt\n|-damage|p1b: Iron golem|24\/100\n|faint|p1a: Toys\"R\"us\n|-unboost|p2a: Kommo-o|def|1\n|move|p1b: Iron golem|Drain Punch|p2b: Sinistcha\n|-immune|p2b: Sinistcha\n|\n|upkeep\n|\n|t:|1700081010\n|switch|p1a: Flutter pain|Flutter Mane, L50|100\/100\n|turn|8\n|\n|t:|1700081075\n|move|p2a: Kommo-o|Flash Cannon|p1a: Flutter pain\n|-supereffective|p1a: Flutter pain\n|-damage|p1a: Flutter pain|0 fnt\n|faint|p1a: Flutter pain\n|-end|p1a: Flutter pain|Protosynthesis|[silent]\n|move|p2b: Sinistcha|Matcha Gotcha|p1b: Iron golem\n|-damage|p1b: Iron golem|2\/100\n|move|p1b: Iron golem|Drain Punch|p2a: Kommo-o\n|-supereffective|p2a: Kommo-o\n|-damage|p2a: Kommo-o|0 fnt\n|-heal|p1b: Iron golem|26\/100|[from] drain|[of] p2a: Kommo-o\n|faint|p2a: Kommo-o\n|\n|upkeep\n|\n|t:|1700081090\n|switch|p2a: Iron Hands|Iron Hands, L50|89\/100\n|turn|9\n|\n|t:|1700081111\n|switch|p2b: Flutter Mane|Flutter Mane, L50|100\/100\n|move|p2a: Iron Hands|Fake Out|p1b: Iron golem\n|-damage|p1b: Iron golem|16\/100\n|cant|p1b: Iron golem|flinch\n|\n|upkeep\n|turn|10\n|\n|t:|1700081127\n|move|p2b: Flutter Mane|Moonblast|p1b: Iron golem\n|-supereffective|p1b: Iron golem\n|-damage|p1b: Iron golem|0 fnt\n|faint|p1b: Iron golem\n|-end|p1b: Iron golem|Quark Drive|[silent]\n|\n|win|EricGamer421\n","uploadtime":1700081136,"views":26,"p1id":"gray2280","p2id":"ericgamer421","formatid":"gen9vgc2023regulatione","rating":0,"private":0,"password":""}