{"id":"gen9vgc2023regulatione-1995585962","p1":"Lukappa_k117","p2":"LrepNeb","format":"[Gen 9] VGC 2023 Regulation E","log":"|j|\u2606Lukappa_k117\n|j|\u2606LrepNeb\n|t:|1700585143\n|gametype|doubles\n|player|p1|Lukappa_k117|ghetsis-gen5bw|1001\n|player|p2|LrepNeb|artist|1069\n|teamsize|p1|6\n|teamsize|p2|6\n|gen|9\n|tier|[Gen 9] VGC 2023 Regulation E\n|rated|\n|rule|Species Clause: Limit one of each Pok\u00e9mon\n|rule|Item Clause: Limit one of each item\n|clearpoke\n|poke|p1|Leafeon, L50, F|\n|poke|p1|Torkoal, L50, M|\n|poke|p1|Klefki, L50, M|\n|poke|p1|Roaring Moon, L50|\n|poke|p1|Gyarados, L50, F|\n|poke|p1|Chien-Pao, L50|\n|poke|p2|Flutter Mane, L50|\n|poke|p2|Farigiraf, L50, M|\n|poke|p2|Iron Hands, L50|\n|poke|p2|Torkoal, L50, F|\n|poke|p2|Amoonguss, L50, F|\n|poke|p2|Iron Bundle, L50|\n|teampreview|4\n|inactive|Battle timer is ON: inactive players will automatically lose when time's up. (requested by Lukappa_k117)\nLrepNeb has agreed to open team sheets.\n|inactive|Lukappa_k117 has 60 seconds left.\n|\n|t:|1700585187\n|start\n|switch|p1a: Torkoal|Torkoal, L50, M|100\/100\n|switch|p1b: Leafeon|Leafeon, L50, F|100\/100\n|switch|p2a: Flutter Mane|Flutter Mane, L50|100\/100\n|switch|p2b: Torkoal|Torkoal, L50, F|100\/100\n|-weather|SunnyDay|[from] ability: Drought|[of] p1a: Torkoal\n|-activate|p2a: Flutter Mane|ability: Protosynthesis\n|-start|p2a: Flutter Mane|protosynthesisspe\n|turn|1\n|inactive|LrepNeb has 30 seconds left.\n|inactive|LrepNeb has 20 seconds left.\n|\n|t:|1700585222\n|-terastallize|p1b: Leafeon|Fire\n|move|p1a: Torkoal|Helping Hand|p1b: Leafeon\n|-singleturn|p1b: Leafeon|Helping Hand|[of] p1a: Torkoal\n|move|p1b: Leafeon|Solar Blade||[still]\n|-prepare|p1b: Leafeon|Solar Blade\n|-anim|p1b: Leafeon|Solar Blade|p2a: Flutter Mane\n|-enditem|p2a: Flutter Mane|Focus Sash\n|-damage|p2a: Flutter Mane|1\/100\n|-damage|p1b: Leafeon|91\/100|[from] item: Life Orb\n|move|p2a: Flutter Mane|Moonblast|p1b: Leafeon\n|-resisted|p1b: Leafeon\n|-damage|p1b: Leafeon|50\/100\n|move|p2b: Torkoal|Yawn|p1a: Torkoal\n|-start|p1a: Torkoal|move: Yawn|[of] p2b: Torkoal\n|\n|-weather|SunnyDay|[upkeep]\n|upkeep\n|turn|2\n|inactive|Lukappa_k117 has 30 seconds left.\n|inactive|LrepNeb has 30 seconds left.\n|inactive|LrepNeb has 20 seconds left.\n|inactive|LrepNeb has 15 seconds left.\n|inactive|LrepNeb has 10 seconds left.\n|inactive|LrepNeb has 5 seconds left.\n|\n|t:|1700585273\n|switch|p1a: Gyarados|Gyarados, L50, F|100\/100\n|-ability|p1a: Gyarados|Intimidate|boost\n|-unboost|p2a: Flutter Mane|atk|1\n|-unboost|p2b: Torkoal|atk|1\n|move|p1b: Leafeon|Protect|p1b: Leafeon\n|-singleturn|p1b: Leafeon|Protect\n|move|p2a: Flutter Mane|Shadow Ball|p1b: Leafeon\n|-activate|p1b: Leafeon|move: Protect\n|move|p2b: Torkoal|Earth Power|p1a: Gyarados\n|-immune|p1a: Gyarados\n|\n|-weather|SunnyDay|[upkeep]\n|upkeep\n|turn|3\n|inactive|LrepNeb has 30 seconds left.\n|inactive|LrepNeb has 20 seconds left.\n|inactive|LrepNeb has 15 seconds left.\n|\n|t:|1700585315\n|switch|p2b: Iron Hands|Iron Hands, L50|100\/100\n|move|p1b: Leafeon|Tera Blast|p2a: Flutter Mane|[anim] Tera Blast Fire\n|-damage|p2a: Flutter Mane|0 fnt\n|faint|p2a: Flutter Mane\n|-end|p2a: Flutter Mane|Protosynthesis|[silent]\n|-damage|p1b: Leafeon|40\/100|[from] item: Life Orb\n|move|p1a: Gyarados|Thunder Wave|p2b: Iron Hands\n|-immune|p2b: Iron Hands\n|\n|-weather|SunnyDay|[upkeep]\n|upkeep\n|\n|t:|1700585328\n|switch|p2a: Iron Bundle|Iron Bundle, L50|100\/100\n|-enditem|p2a: Iron Bundle|Booster Energy\n|-activate|p2a: Iron Bundle|ability: Quark Drive|[fromitem]\n|-start|p2a: Iron Bundle|quarkdrivespe\n|turn|4\n|inactive|LrepNeb has 30 seconds left.\n|\n|t:|1700585353\n|switch|p1a: Chien-Pao|Chien-Pao, L50|100\/100\n|-ability|p1a: Chien-Pao|Sword of Ruin\n|move|p1b: Leafeon|Protect|p1b: Leafeon\n|-singleturn|p1b: Leafeon|Protect\n|move|p2b: Iron Hands|Fake Out|p1b: Leafeon\n|-activate|p1b: Leafeon|move: Protect\n|move|p2a: Iron Bundle|Freeze-Dry|p1a: Chien-Pao\n|-resisted|p1a: Chien-Pao\n|-crit|p1a: Chien-Pao\n|-damage|p1a: Chien-Pao|56\/100\n|\n|-weather|SunnyDay|[upkeep]\n|upkeep\n|turn|5\n|inactive|LrepNeb has 30 seconds left.\n|inactive|LrepNeb has 20 seconds left.\n|inactive|LrepNeb has 15 seconds left.\n|\n|t:|1700585395\n|switch|p1a: Gyarados|Gyarados, L50, F|100\/100\n|-ability|p1a: Gyarados|Intimidate|boost\n|-unboost|p2a: Iron Bundle|atk|1\n|-unboost|p2b: Iron Hands|atk|1\n|move|p2a: Iron Bundle|Taunt|p1b: Leafeon\n|-start|p1b: Leafeon|move: Taunt\n|move|p1b: Leafeon|Solar Blade||[still]\n|-prepare|p1b: Leafeon|Solar Blade\n|-anim|p1b: Leafeon|Solar Blade|p2a: Iron Bundle\n|-supereffective|p2a: Iron Bundle\n|-damage|p2a: Iron Bundle|0 fnt\n|faint|p2a: Iron Bundle\n|-end|p2a: Iron Bundle|Quark Drive|[silent]\n|-damage|p1b: Leafeon|30\/100|[from] item: Life Orb\n|move|p2b: Iron Hands|Drain Punch|p1a: Gyarados\n|-resisted|p1a: Gyarados\n|-damage|p1a: Gyarados|86\/100\n|\n|-weather|none\n|upkeep\n|\n|t:|1700585412\n|switch|p2a: Torkoal|Torkoal, L50, F|100\/100\n|-weather|SunnyDay|[from] ability: Drought|[of] p2a: Torkoal\n|turn|6\n|\n|t:|1700585431\n|switch|p1a: Chien-Pao|Chien-Pao, L50|56\/100\n|-ability|p1a: Chien-Pao|Sword of Ruin\n|move|p2a: Torkoal|Protect|p2a: Torkoal\n|-singleturn|p2a: Torkoal|Protect\n|move|p1b: Leafeon|Solar Blade||[still]\n|-prepare|p1b: Leafeon|Solar Blade\n|-anim|p1b: Leafeon|Solar Blade|p2b: Iron Hands\n|-damage|p2b: Iron Hands|38\/100\n|-damage|p1b: Leafeon|20\/100|[from] item: Life Orb\n|move|p2b: Iron Hands|Wild Charge|p1a: Chien-Pao\n|-damage|p1a: Chien-Pao|8\/100\n|-damage|p2b: Iron Hands|30\/100|[from] Recoil\n|\n|-weather|SunnyDay|[upkeep]\n|upkeep\n|turn|7\n|inactive|LrepNeb has 30 seconds left.\n|\n|t:|1700585463\n|-terastallize|p2a: Torkoal|Fire\n|move|p1a: Chien-Pao|Sucker Punch|p2a: Torkoal\n|-damage|p2a: Torkoal|70\/100\n|move|p1b: Leafeon|Solar Blade||[still]\n|-prepare|p1b: Leafeon|Solar Blade\n|-anim|p1b: Leafeon|Solar Blade|p2b: Iron Hands\n|-damage|p2b: Iron Hands|0 fnt\n|faint|p2b: Iron Hands\n|-end|p2b: Iron Hands|Quark Drive|[silent]\n|-damage|p1b: Leafeon|10\/100|[from] item: Life Orb\n|move|p2a: Torkoal|Eruption|p1b: Leafeon|[spread] p1a,p1b\n|-supereffective|p1a: Chien-Pao\n|-resisted|p1b: Leafeon\n|-damage|p1a: Chien-Pao|0 fnt\n|-damage|p1b: Leafeon|0 fnt\n|faint|p1a: Chien-Pao\n|faint|p1b: Leafeon\n|\n|-weather|SunnyDay|[upkeep]\n|-heal|p2a: Torkoal|77\/100|[from] item: Leftovers\n|upkeep\n|\n|t:|1700585480\n|switch|p1a: Torkoal|Torkoal, L50, M|100\/100\n|switch|p1b: Gyarados|Gyarados, L50, F|86\/100\n|-ability|p1b: Gyarados|Intimidate|boost\n|-unboost|p2a: Torkoal|atk|1\n|turn|8\n|\n|t:|1700585495\n|move|p1b: Gyarados|Waterfall|p2a: Torkoal\n|-supereffective|p2a: Torkoal\n|-damage|p2a: Torkoal|54\/100\n|move|p1a: Torkoal|Earth Power|p2a: Torkoal\n|-supereffective|p2a: Torkoal\n|-damage|p2a: Torkoal|0 fnt\n|faint|p2a: Torkoal\n|\n|win|Lukappa_k117\n|raw|Lukappa_k117's rating: 1001 &rarr; <strong>1049<\/strong><br \/>(+48 for winning)\n|raw|LrepNeb's rating: 1069 &rarr; <strong>1045<\/strong><br \/>(-24 for losing)\n|c|\u2606LrepNeb|ggs cool team\n|l|\u2606LrepNeb\n","uploadtime":1700585515,"views":0,"p1id":"lukappak117","p2id":"lrepneb","formatid":"gen9vgc2023regulatione","rating":1045,"private":0,"password":""}