{"id":"gen9vgc2023regulatione-2000523335","p1":"YannickDjalo","p2":"twall255","format":"[Gen 9] VGC 2023 Regulation E","log":"|j|\u2606YannickDjalo\n|j|\u2606twall255\n|t:|1701202020\n|gametype|doubles\n|player|p1|YannickDjalo|iris|1256\n|player|p2|twall255|veteran-gen4|1203\n|teamsize|p1|6\n|teamsize|p2|6\n|gen|9\n|tier|[Gen 9] VGC 2023 Regulation E\n|rated|\n|rule|Species Clause: Limit one of each Pok\u00e9mon\n|rule|Item Clause: Limit one of each item\n|clearpoke\n|poke|p1|Tornadus, L50, M|\n|poke|p1|Urshifu-*, L50, F|\n|poke|p1|Glimmora, L50, F|\n|poke|p1|Dondozo, L50, F|\n|poke|p1|Tatsugiri, L50, F|\n|poke|p1|Flutter Mane, L50|\n|poke|p2|Politoed, L50, M|\n|poke|p2|Thundurus-Therian, L50, M|\n|poke|p2|Gothitelle, L50, M|\n|poke|p2|Urshifu-*, L50, M|\n|poke|p2|Shiftry, L50, F|\n|poke|p2|Gholdengo, L50|\n|teampreview|4\n|inactive|Battle timer is ON: inactive players will automatically lose when time's up. (requested by twall255)\n|\n|t:|1701202049\n|start\n|switch|p1a: Dondozo|Dondozo, L50, F|100\/100\n|switch|p1b: Tatsugiri|Tatsugiri, L50, F|100\/100\n|switch|p2a: Politoed|Politoed, L50, M|100\/100\n|switch|p2b: Shiftry|Shiftry, L50, F|100\/100\n|-activate|p1b: Tatsugiri|ability: Commander|[of] p1a: Dondozo\n|-boost|p1a: Dondozo|atk|2\n|-boost|p1a: Dondozo|spa|2\n|-boost|p1a: Dondozo|spe|2\n|-boost|p1a: Dondozo|def|2\n|-boost|p1a: Dondozo|spd|2\n|-weather|RainDance|[from] ability: Drizzle|[of] p2a: Politoed\n|turn|1\n|\n|t:|1701202065\n|-terastallize|p1a: Dondozo|Dragon\n|move|p2b: Shiftry|Fake Out|p1a: Dondozo\n|-damage|p1a: Dondozo|97\/100\n|cant|p1a: Dondozo|flinch\n|move|p2a: Politoed|Perish Song|p2a: Politoed\n|-start|p1a: Dondozo|perish3|[silent]\n|-miss|p2a: Politoed|p1b: Tatsugiri\n|-start|p2a: Politoed|perish3|[silent]\n|-start|p2b: Shiftry|perish3|[silent]\n|-fieldactivate|move: Perish Song\n|\n|-weather|RainDance|[upkeep]\n|-heal|p1a: Dondozo|100\/100|[from] item: Leftovers\n|-start|p1a: Dondozo|perish3\n|-start|p2b: Shiftry|perish3\n|-start|p2a: Politoed|perish3\n|upkeep\n|turn|2\n|inactive|twall255 has 30 seconds left.\n|\n|t:|1701202100\n|move|p1a: Dondozo|Order Up|p2a: Politoed\n|-damage|p2a: Politoed|30\/100\n|-boost|p1a: Dondozo|atk|1\n|move|p2b: Shiftry|Tailwind|p2b: Shiftry\n|-sidestart|p2: twall255|move: Tailwind\n|-ability|p2b: Shiftry|Wind Rider|boost\n|-boost|p2b: Shiftry|atk|1\n|move|p2a: Politoed|Hypnosis|p1a: Dondozo\n|-status|p1a: Dondozo|slp|[from] move: Hypnosis\n|\n|-weather|RainDance|[upkeep]\n|-heal|p2a: Politoed|37\/100|[from] item: Leftovers\n|-start|p2b: Shiftry|perish2\n|-start|p2a: Politoed|perish2\n|-start|p1a: Dondozo|perish2\n|upkeep\n|turn|3\n|inactive|twall255 has 30 seconds left.\n|\n|t:|1701202127\n|switch|p2a: Gothitelle|Gothitelle, L50, M|100\/100\n|move|p2b: Shiftry|Leaf Blade|p1a: Dondozo\n|-resisted|p1a: Dondozo\n|-damage|p1a: Dondozo|94\/100 slp\n|cant|p1a: Dondozo|slp\n|\n|-weather|RainDance|[upkeep]\n|-heal|p1a: Dondozo|99\/100 slp|[from] item: Leftovers\n|-start|p2b: Shiftry|perish1\n|-start|p1a: Dondozo|perish1\n|upkeep\n|turn|4\n|\n|t:|1701202150\n|switch|p2b: Politoed|Politoed, L50, M|37\/100\n|move|p2a: Gothitelle|Gravity|p2a: Gothitelle\n|-fieldstart|move: Gravity\n|cant|p1a: Dondozo|slp\n|\n|-weather|RainDance|[upkeep]\n|-heal|p2b: Politoed|43\/100|[from] item: Leftovers\n|-heal|p1a: Dondozo|100\/100 slp|[from] item: Leftovers\n|-start|p1a: Dondozo|perish0\n|faint|p1a: Dondozo\n|upkeep\n|\n|t:|1701202159\n|switch|p1a: Urshifu|Urshifu, L50, F|100\/100\n|turn|5\n|\n|t:|1701202183\n|switch|p2a: Shiftry|Shiftry, L50, F|100\/100\n|-ability|p2a: Shiftry|Wind Rider|boost\n|-boost|p2a: Shiftry|atk|1\n|move|p2b: Politoed|Hypnosis|p1a: Urshifu\n|-status|p1a: Urshifu|slp|[from] move: Hypnosis\n|cant|p1a: Urshifu|slp\n|move|p1b: Tatsugiri|Muddy Water|p2a: Shiftry|[spread] p2a,p2b\n|-resisted|p2a: Shiftry\n|-resisted|p2b: Politoed\n|-damage|p2a: Shiftry|64\/100\n|-damage|p2b: Politoed|23\/100\n|\n|-weather|none\n|-heal|p2b: Politoed|29\/100|[from] item: Leftovers\n|-sideend|p2: twall255|move: Tailwind\n|upkeep\n|turn|6\n|inactive|twall255 has 30 seconds left.\n|\n|t:|1701202209\n|cant|p1a: Urshifu|slp\n|move|p2a: Shiftry|Fake Out|p1b: Tatsugiri\n|-damage|p1b: Tatsugiri|80\/100\n|cant|p1b: Tatsugiri|flinch\n|move|p2b: Politoed|Icy Wind|p1b: Tatsugiri|[spread] p1a,p1b\n|-damage|p1a: Urshifu|81\/100 slp\n|-damage|p1b: Tatsugiri|68\/100\n|-unboost|p1a: Urshifu|spe|1\n|-unboost|p1b: Tatsugiri|spe|1\n|\n|-heal|p2b: Politoed|35\/100|[from] item: Leftovers\n|upkeep\n|turn|7\n|\n|t:|1701202228\n|move|p2a: Shiftry|Tailwind|p2a: Shiftry\n|-sidestart|p2: twall255|move: Tailwind\n|-ability|p2a: Shiftry|Wind Rider|boost\n|-boost|p2a: Shiftry|atk|1\n|move|p2b: Politoed|Hypnosis|p1b: Tatsugiri\n|-status|p1b: Tatsugiri|slp|[from] move: Hypnosis\n|cant|p1a: Urshifu|slp\n|cant|p1b: Tatsugiri|slp\n|\n|-heal|p2b: Politoed|41\/100|[from] item: Leftovers\n|upkeep\n|turn|8\n|\n|t:|1701202248\n|move|p2a: Shiftry|Knock Off|p1a: Urshifu\n|-resisted|p1a: Urshifu\n|-damage|p1a: Urshifu|60\/100 slp\n|-enditem|p1a: Urshifu|Life Orb|[from] move: Knock Off|[of] p2a: Shiftry\n|move|p2b: Politoed|Icy Wind|p1a: Urshifu|[spread] p1a,p1b\n|-damage|p1a: Urshifu|40\/100 slp\n|-damage|p1b: Tatsugiri|55\/100 slp\n|-unboost|p1a: Urshifu|spe|1\n|-unboost|p1b: Tatsugiri|spe|1\n|-curestatus|p1a: Urshifu|slp|[msg]\n|move|p1a: Urshifu|Wicked Blow|p2b: Politoed\n|-crit|p2b: Politoed\n|-damage|p2b: Politoed|0 fnt\n|faint|p2b: Politoed\n|cant|p1b: Tatsugiri|slp\n|\n|-fieldend|move: Gravity\n|upkeep\n|\n|t:|1701202268\n|switch|p2b: Thundurus|Thundurus-Therian, L50, M|100\/100\n|turn|9\n|\n|t:|1701202284\n|move|p1a: Urshifu|Detect|p1a: Urshifu\n|-singleturn|p1a: Urshifu|Protect\n|move|p2b: Thundurus|Wildbolt Storm|p1a: Urshifu|[spread] \n|-activate|p1a: Urshifu|move: Protect\n|-miss|p2b: Thundurus|p1b: Tatsugiri\n|-enditem|p2b: Thundurus|Blunder Policy\n|-boost|p2b: Thundurus|spe|2\n|move|p2a: Shiftry|Leaf Blade|p1a: Urshifu\n|-activate|p1a: Urshifu|move: Protect\n|cant|p1b: Tatsugiri|slp\n|\n|upkeep\n|turn|10\n|\n|t:|1701202310\n|move|p1a: Urshifu|Sucker Punch|p2b: Thundurus\n|-damage|p2b: Thundurus|39\/100\n|move|p2b: Thundurus|Wildbolt Storm|p1b: Tatsugiri|[spread] p1a,p1b\n|-damage|p1a: Urshifu|0 fnt\n|-damage|p1b: Tatsugiri|7\/100 slp\n|faint|p1a: Urshifu\n|move|p2a: Shiftry|Leaf Blade|p1b: Tatsugiri\n|-damage|p1b: Tatsugiri|0 fnt\n|faint|p1b: Tatsugiri\n|\n|-sideend|p2: twall255|move: Tailwind\n|upkeep\n|\n|t:|1701202318\n|switch|p1a: Flutter Mane|Flutter Mane, L50|100\/100\n|-enditem|p1a: Flutter Mane|Booster Energy\n|-activate|p1a: Flutter Mane|ability: Protosynthesis|[fromitem]\n|-start|p1a: Flutter Mane|protosynthesisspa\n|turn|11\n|\n|t:|1701202338\n|-terastallize|p2a: Shiftry|Grass\n|move|p2b: Thundurus|Flash Cannon|p1a: Flutter Mane\n|-supereffective|p1a: Flutter Mane\n|-damage|p1a: Flutter Mane|35\/100\n|move|p1a: Flutter Mane|Dazzling Gleam|p2a: Shiftry|[spread] p2a,p2b\n|-damage|p2a: Shiftry|0 fnt\n|-damage|p2b: Thundurus|0 fnt\n|faint|p2a: Shiftry\n|faint|p2b: Thundurus\n|\n|upkeep\n|\n|t:|1701202349\n|switch|p2b: Gothitelle|Gothitelle, L50, M|100\/100\n|turn|12\n|\n|t:|1701202355\n|move|p1a: Flutter Mane|Shadow Ball|p2b: Gothitelle\n|-supereffective|p2b: Gothitelle\n|-damage|p2b: Gothitelle|14\/100\n|-enditem|p2b: Gothitelle|Weakness Policy\n|-boost|p2b: Gothitelle|atk|2|[from] item: Weakness Policy\n|-boost|p2b: Gothitelle|spa|2|[from] item: Weakness Policy\n|move|p2b: Gothitelle|Future Sight|p1a: Flutter Mane\n|-start|p2b: Gothitelle|move: Future Sight\n|\n|upkeep\n|turn|13\n|\n|t:|1701202368\n|move|p2b: Gothitelle|Protect|p2b: Gothitelle\n|-singleturn|p2b: Gothitelle|Protect\n|move|p1a: Flutter Mane|Shadow Ball|p2b: Gothitelle\n|-activate|p2b: Gothitelle|move: Protect\n|\n|upkeep\n|turn|14\n|\n|t:|1701202375\n|move|p2b: Gothitelle|Protect|p2b: Gothitelle\n|-singleturn|p2b: Gothitelle|Protect\n|move|p1a: Flutter Mane|Shadow Ball|p2b: Gothitelle\n|-activate|p2b: Gothitelle|move: Protect\n|\n|-end|p1a: Flutter Mane|move: Future Sight\n|-damage|p1a: Flutter Mane|0 fnt\n|faint|p1a: Flutter Mane\n|-end|p1a: Flutter Mane|Protosynthesis|[silent]\n|\n|win|twall255\n|upkeep\n|raw|YannickDjalo's rating: 1256 &rarr; <strong>1227<\/strong><br \/>(-29 for losing)\n|raw|twall255's rating: 1203 &rarr; <strong>1232<\/strong><br \/>(+29 for winning)\n|l|\u2606YannickDjalo\n","uploadtime":1701202394,"views":10,"p1id":"yannickdjalo","p2id":"twall255","formatid":"gen9vgc2023regulatione","rating":1227,"private":0,"password":""}