{"id":"gen9vgc2023regulatione-1997811447","p1":"DJ_PBnJ","p2":"Drookez","format":"[Gen 9] VGC 2023 Regulation E","log":"|j|\u2606DJ_PBnJ\n|j|\u2606Drookez\n|n|\u2606DJ_PBnJ|djpbnj\n|n|\u2606Drookez|drookez\n|html|View the match progress at <a href=\"\/game-bestof3-gen9vgc2023regulatione-1997809702\">game-bestof3-gen9vgc2023regulatione-1997809702<\/a>\n|t:|1700855265\n|gametype|doubles\n|player|p1|DJ_PBnJ|hilda|\n|player|p2|Drookez|whitney|\n|teamsize|p1|6\n|teamsize|p2|6\n|gen|9\n|tier|[Gen 9] VGC 2023 Regulation E\n|rule|Species Clause: Limit one of each Pok\u00e9mon\n|rule|Item Clause: Limit one of each item\n|clearpoke\n|poke|p1|Fezandipiti, L50, M|\n|poke|p1|Meowscarada, L50, F|\n|poke|p1|Dragalge, L50, M|\n|poke|p1|Rotom-Heat, L50|\n|poke|p1|Clefairy, L50, M|\n|poke|p1|Garchomp, L50, M|\n|poke|p2|Clefairy, L50, M|\n|poke|p2|Kommo-o, L50, M|\n|poke|p2|Milotic, L50, M|\n|poke|p2|Arcanine-Hisui, L50, M|\n|poke|p2|Sinistcha, L50|\n|poke|p2|Snorlax, L50, F|\n|teampreview|4\nDrookez has agreed to open team sheets.\nDJ_PBnJ has agreed to open team sheets.\n|showteam|p1|Fezandipiti||Leftovers|ToxicChain|IcyWind,DazzlingGleam,Taunt,Roost|||M|||50|,,,,,Water]Meowscarada||FocusSash|Overgrow|FlowerTrick,KnockOff,PlayRough,Protect|||F|||50|,,,,,Grass]Dragalge||ChoiceSpecs|Adaptability|DracoMeteor,SludgeBomb,Thunderbolt,FocusBlast|||M|||50|,,,,,Flying]Rotom-Heat||ChoiceScarf|Levitate|Overheat,VoltSwitch,Trick,ShadowBall||||||50|,,,,,Fairy]Clefairy||Eviolite|FriendGuard|FollowMe,HelpingHand,LifeDew,Moonblast|||M|||50|,,,,,Steel]Garchomp||ClearAmulet|RoughSkin|DragonClaw,StompingTantrum,RockSlide,Protect|||M|||50|,,,,,Fire\n|showteam|p2|Clefairy||Eviolite|FriendGuard|DazzlingGleam,IcyWind,HelpingHand,FollowMe|||M|||50|,,,,,Dark]Kommo-o||ThroatSpray|Soundproof|ClangorousSoul,ClangingScales,FlashCannon,Protect|||M|||50|,,,,,Steel]Milotic||Leftovers|Competitive|Scald,IceBeam,IcyWind,Protect|||M|||50|,,,,,Steel]Arcanine-Hisui||SitrusBerry|Intimidate|FlareBlitz,RockSlide,ExtremeSpeed,Protect|||M|||50|,,,,,Normal]Sinistcha||RockyHelmet|Hospitality|MatchaGotcha,StrengthSap,RagePowder,Protect||||||50|,,,,,Fire]Snorlax||AssaultVest|ThickFat|Facade,HeavySlam,IcePunch,HighHorsepower|||F|||50|,,,,,Ghost\n|\n|t:|1700855309\n|start\n|switch|p1a: Redirect Sim. '23|Clefairy, L50, M|100\/100\n|switch|p1b: Fezandipshity|Fezandipiti, L50, M|100\/100\n|switch|p2a: 1989|Milotic, L50, M|100\/100\n|switch|p2b: Evermore|Arcanine-Hisui, L50, M|100\/100\n|-ability|p2b: Evermore|Intimidate|boost\n|-unboost|p1a: Redirect Sim. '23|atk|1\n|-unboost|p1b: Fezandipshity|atk|1\n|turn|1\n|\n|t:|1700855343\n|move|p1a: Redirect Sim. '23|Follow Me|p1a: Redirect Sim. '23\n|-singleturn|p1a: Redirect Sim. '23|move: Follow Me\n|move|p2b: Evermore|Flare Blitz|p1a: Redirect Sim. '23\n|-damage|p1a: Redirect Sim. '23|39\/100\n|-status|p1a: Redirect Sim. '23|brn\n|-damage|p2b: Evermore|85\/100|[from] Recoil\n|move|p1b: Fezandipshity|Dazzling Gleam|p2a: 1989|[spread] p2a,p2b\n|-resisted|p2b: Evermore\n|-damage|p2a: 1989|89\/100\n|-damage|p2b: Evermore|76\/100\n|move|p2a: 1989|Scald|p1a: Redirect Sim. '23\n|-damage|p1a: Redirect Sim. '23|5\/100 brn\n|\n|-heal|p2a: 1989|95\/100|[from] item: Leftovers\n|-damage|p1a: Redirect Sim. '23|0 fnt|[from] brn\n|faint|p1a: Redirect Sim. '23\n|upkeep\n|\n|t:|1700855363\n|switch|p1a: Ya Like Piano?|Garchomp, L50, M|100\/100\n|turn|2\n|\n|t:|1700855399\n|-terastallize|p1a: Ya Like Piano?|Fire\n|move|p2b: Evermore|Protect|p2b: Evermore\n|-singleturn|p2b: Evermore|Protect\n|move|p1a: Ya Like Piano?|Stomping Tantrum|p2b: Evermore\n|-activate|p2b: Evermore|move: Protect\n|move|p1b: Fezandipshity|Dazzling Gleam|p2a: 1989|[spread] p2a\n|-activate|p2b: Evermore|move: Protect\n|-damage|p2a: 1989|84\/100\n|-status|p2a: 1989|tox|[from] ability: Toxic Chain|[of] p1b: Fezandipshity\n|move|p2a: 1989|Ice Beam|p1a: Ya Like Piano?\n|-resisted|p1a: Ya Like Piano?\n|-damage|p1a: Ya Like Piano?|84\/100\n|\n|-heal|p2a: 1989|90\/100 tox|[from] item: Leftovers\n|-damage|p2a: 1989|84\/100 tox|[from] psn\n|upkeep\n|turn|3\n|\n|t:|1700855430\n|-terastallize|p2b: Evermore|Normal\n|move|p1a: Ya Like Piano?|Protect|p1a: Ya Like Piano?\n|-singleturn|p1a: Ya Like Piano?|Protect\n|move|p2b: Evermore|Extreme Speed|p1b: Fezandipshity\n|-damage|p1b: Fezandipshity|70\/100\n|move|p1b: Fezandipshity|Dazzling Gleam|p2a: 1989|[spread] p2a,p2b\n|-damage|p2a: 1989|72\/100 tox\n|-damage|p2b: Evermore|60\/100\n|-status|p2b: Evermore|tox|[from] ability: Toxic Chain|[of] p1b: Fezandipshity\n|move|p2a: 1989|Scald|p1a: Ya Like Piano?\n|-activate|p1a: Ya Like Piano?|move: Protect\n|\n|-heal|p1b: Fezandipshity|76\/100|[from] item: Leftovers\n|-heal|p2a: 1989|78\/100 tox|[from] item: Leftovers\n|-damage|p2b: Evermore|54\/100 tox|[from] psn\n|-damage|p2a: 1989|66\/100 tox|[from] psn\n|upkeep\n|turn|4\n|\n|t:|1700855448\n|switch|p1a: Mascara|Meowscarada, L50, F|100\/100\n|move|p2b: Evermore|Extreme Speed|p1a: Mascara\n|-damage|p1a: Mascara|29\/100\n|move|p1b: Fezandipshity|Roost|p1b: Fezandipshity\n|-heal|p1b: Fezandipshity|100\/100\n|-singleturn|p1b: Fezandipshity|move: Roost\n|move|p2a: 1989|Scald|p1a: Mascara\n|-resisted|p1a: Mascara\n|-damage|p1a: Mascara|0 fnt\n|faint|p1a: Mascara\n|\n|-heal|p2a: 1989|72\/100 tox|[from] item: Leftovers\n|-damage|p2b: Evermore|42\/100 tox|[from] psn\n|-damage|p2a: 1989|54\/100 tox|[from] psn\n|upkeep\n|-enditem|p2b: Evermore|Sitrus Berry|[eat]\n|-heal|p2b: Evermore|67\/100 tox|[from] item: Sitrus Berry\n|\n|t:|1700855464\n|switch|p1a: Ya Like Piano?|Garchomp, L50, M, tera:Fire|84\/100\n|turn|5\n|\n|t:|1700855481\n|move|p2b: Evermore|Extreme Speed|p1b: Fezandipshity\n|-damage|p1b: Fezandipshity|68\/100\n|move|p1a: Ya Like Piano?|Dragon Claw|p2a: 1989\n|-damage|p2a: 1989|10\/100 tox\n|move|p1b: Fezandipshity|Dazzling Gleam|p2a: 1989|[spread] p2a,p2b\n|-damage|p2a: 1989|0 fnt\n|-damage|p2b: Evermore|49\/100 tox\n|faint|p2a: 1989\n|\n|-heal|p1b: Fezandipshity|74\/100|[from] item: Leftovers\n|-damage|p2b: Evermore|31\/100 tox|[from] psn\n|upkeep\n|\n|t:|1700855491\n|switch|p2a: Debut|Snorlax, L50, F|100\/100\n|turn|6\n|\n|t:|1700855510\n|move|p2b: Evermore|Extreme Speed|p1b: Fezandipshity\n|-damage|p1b: Fezandipshity|42\/100\n|move|p1a: Ya Like Piano?|Rock Slide|p2b: Evermore|[spread] p2a\n|-miss|p1a: Ya Like Piano?|p2b: Evermore\n|-damage|p2a: Debut|81\/100\n|move|p1b: Fezandipshity|Dazzling Gleam|p2b: Evermore|[spread] p2a,p2b\n|-damage|p2a: Debut|75\/100\n|-damage|p2b: Evermore|12\/100 tox\n|-status|p2a: Debut|tox|[from] ability: Toxic Chain|[of] p1b: Fezandipshity\n|move|p2a: Debut|High Horsepower|p1a: Ya Like Piano?\n|-supereffective|p1a: Ya Like Piano?\n|-damage|p1a: Ya Like Piano?|14\/100\n|-damage|p2a: Debut|62\/100 tox|[from] ability: Rough Skin|[of] p1a: Ya Like Piano?\n|\n|-heal|p1b: Fezandipshity|48\/100|[from] item: Leftovers\n|-damage|p2b: Evermore|0 fnt|[from] psn\n|faint|p2b: Evermore\n|-damage|p2a: Debut|56\/100 tox|[from] psn\n|upkeep\n|\n|t:|1700855521\n|switch|p2b: Folklore|Kommo-o, L50, M|100\/100\n|turn|7\n|\n|t:|1700855541\n|move|p1a: Ya Like Piano?|Protect|p1a: Ya Like Piano?\n|-singleturn|p1a: Ya Like Piano?|Protect\n|move|p2b: Folklore|Protect|p2b: Folklore\n|-singleturn|p2b: Folklore|Protect\n|move|p1b: Fezandipshity|Roost|p1b: Fezandipshity\n|-heal|p1b: Fezandipshity|98\/100\n|-singleturn|p1b: Fezandipshity|move: Roost\n|move|p2a: Debut|Heavy Slam|p1b: Fezandipshity\n|-supereffective|p1b: Fezandipshity\n|-damage|p1b: Fezandipshity|32\/100\n|\n|-heal|p1b: Fezandipshity|38\/100|[from] item: Leftovers\n|-damage|p2a: Debut|44\/100 tox|[from] psn\n|upkeep\n|turn|8\n|\n|t:|1700855560\n|move|p2b: Folklore|Protect||[still]\n|-fail|p2b: Folklore\n|move|p1a: Ya Like Piano?|Dragon Claw|p2b: Folklore\n|-supereffective|p2b: Folklore\n|-damage|p2b: Folklore|31\/100\n|move|p1b: Fezandipshity|Dazzling Gleam|p2b: Folklore|[spread] p2a,p2b\n|-supereffective|p2b: Folklore\n|-damage|p2a: Debut|38\/100 tox\n|-damage|p2b: Folklore|0 fnt\n|faint|p2b: Folklore\n|move|p2a: Debut|Facade|p1b: Fezandipshity\n|-damage|p1b: Fezandipshity|0 fnt\n|faint|p1b: Fezandipshity\n|\n|-damage|p2a: Debut|20\/100 tox|[from] psn\n|upkeep\n|turn|9\n|\n|t:|1700855574\n|move|p1a: Ya Like Piano?|Protect|p1a: Ya Like Piano?\n|-singleturn|p1a: Ya Like Piano?|Protect\n|move|p2a: Debut|Facade|p1a: Ya Like Piano?\n|-activate|p1a: Ya Like Piano?|move: Protect\n|\n|-damage|p2a: Debut|0 fnt|[from] psn\n|faint|p2a: Debut\n|\n|win|DJ_PBnJ\n|upkeep\n|c|&|\/uhtml prompt-drookez,Drookez is ready for game 3!\n|c|&|\/uhtml prompt-djpbnj,DJ_PBnJ is ready for game 3!\nBoth players are ready! Starting next match!\n","uploadtime":1700855883,"views":6,"p1id":"djpbnj","p2id":"drookez","formatid":"gen9vgc2023regulatione","rating":0,"private":0,"password":""}