{"id":"gen9vgc2023regulatione-1994988924","p1":"KEVCHACHI","p2":"vlopes777","format":"[Gen 9] VGC 2023 Regulation E","log":"|j|\u2606KEVCHACHI\n|j|\u2606vlopes777\n|t:|1700510962\n|gametype|doubles\n|player|p1|KEVCHACHI|iris-gen5bw2|1151\n|player|p2|vlopes777|pokekid|1168\n|teamsize|p1|6\n|teamsize|p2|6\n|gen|9\n|tier|[Gen 9] VGC 2023 Regulation E\n|rated|\n|rule|Species Clause: Limit one of each Pok\u00e9mon\n|rule|Item Clause: Limit one of each item\n|clearpoke\n|poke|p1|Arcanine-Hisui, L50, M|\n|poke|p1|Amoonguss, L50, M|\n|poke|p1|Roaring Moon, L50|\n|poke|p1|Iron Hands, L50|\n|poke|p1|Flutter Mane, L50|\n|poke|p1|Empoleon, L50, F|\n|poke|p2|Landorus-Therian, L50, M|\n|poke|p2|Tornadus, L50, M|\n|poke|p2|Iron Hands, L50|\n|poke|p2|Amoonguss, L50, F|\n|poke|p2|Heatran, L50, F|\n|poke|p2|Flutter Mane, L50|\n|teampreview|4\n|inactive|Battle timer is ON: inactive players will automatically lose when time's up. (requested by vlopes777)\n|inactive|KEVCHACHI also wants the timer to be on.\nvlopes777 has agreed to open team sheets.\n|inactive|KEVCHACHI has 60 seconds left.\n|\n|t:|1700511008\n|start\n|switch|p1a: Empoleon|Empoleon, L50, F, shiny|100\/100\n|switch|p1b: Amoonguss|Amoonguss, L50, M|100\/100\n|switch|p2a: Iron Hands|Iron Hands, L50|100\/100\n|switch|p2b: Flutter Mane|Flutter Mane, L50|100\/100\n|turn|1\n|inactive|vlopes777 has 30 seconds left.\n|\n|t:|1700511039\n|-end|p2b: Flutter Mane|Protosynthesis|[silent]\n|switch|p2b: Heatran|Heatran, L50, F|100\/100\n|move|p1a: Empoleon|Protect|p1a: Empoleon\n|-singleturn|p1a: Empoleon|Protect\n|move|p2a: Iron Hands|Fake Out|p1b: Amoonguss\n|-damage|p1b: Amoonguss|90\/100\n|cant|p1b: Amoonguss|flinch\n|\n|upkeep\n|turn|2\n|inactive|vlopes777 has 30 seconds left.\n|\n|t:|1700511071\n|move|p2b: Heatran|Protect|p2b: Heatran\n|-singleturn|p2b: Heatran|Protect\n|move|p1b: Amoonguss|Protect|p1b: Amoonguss\n|-singleturn|p1b: Amoonguss|Protect\n|move|p1a: Empoleon|Yawn|p2b: Heatran\n|-activate|p2b: Heatran|move: Protect\n|move|p2a: Iron Hands|Drain Punch|p1a: Empoleon\n|-supereffective|p1a: Empoleon\n|-damage|p1a: Empoleon|35\/100\n|\n|-heal|p1a: Empoleon|40\/100|[from] item: Leftovers\n|upkeep\n|turn|3\n|inactive|vlopes777 has 30 seconds left.\n|\n|t:|1700511105\n|switch|p1a: Arcanine|Arcanine-Hisui, L50, M|100\/100\n|-ability|p1a: Arcanine|Intimidate|boost\n|-unboost|p2a: Iron Hands|atk|1\n|-unboost|p2b: Heatran|atk|1\n|move|p2b: Heatran|Heat Wave|p1a: Arcanine|[spread] p1a,p1b\n|-resisted|p1a: Arcanine\n|-supereffective|p1b: Amoonguss\n|-damage|p1a: Arcanine|87\/100\n|-damage|p1b: Amoonguss|3\/100\n|-damage|p2b: Heatran|91\/100|[from] item: Life Orb\n|move|p2a: Iron Hands|Drain Punch|p1a: Arcanine\n|-supereffective|p1a: Arcanine\n|-crit|p1a: Arcanine\n|-damage|p1a: Arcanine|0 fnt\n|faint|p1a: Arcanine\n|move|p1b: Amoonguss|Spore|p2a: Iron Hands\n|-status|p2a: Iron Hands|slp|[from] move: Spore\n|\n|upkeep\n|\n|t:|1700511120\n|switch|p1a: Empoleon|Empoleon, L50, F, shiny|40\/100\n|turn|4\n|\n|t:|1700511134\n|move|p2b: Heatran|Protect|p2b: Heatran\n|-singleturn|p2b: Heatran|Protect\n|move|p1b: Amoonguss|Protect|p1b: Amoonguss\n|-singleturn|p1b: Amoonguss|Protect\n|move|p1a: Empoleon|Yawn|p2b: Heatran\n|-activate|p2b: Heatran|move: Protect\n|cant|p2a: Iron Hands|slp\n|\n|-heal|p1a: Empoleon|46\/100|[from] item: Leftovers\n|upkeep\n|turn|5\n|inactive|KEVCHACHI has 30 seconds left.\n|\n|t:|1700511160\n|switch|p1a: Roaring Moon|Roaring Moon, L50|100\/100\n|-enditem|p1a: Roaring Moon|Booster Energy\n|-activate|p1a: Roaring Moon|ability: Protosynthesis|[fromitem]\n|-start|p1a: Roaring Moon|protosynthesisatk\n|move|p1b: Amoonguss|Rage Powder|p1b: Amoonguss\n|-singleturn|p1b: Amoonguss|move: Rage Powder\n|move|p2b: Heatran|Heat Wave|p1b: Amoonguss|[spread] p1a,p1b\n|-resisted|p1a: Roaring Moon\n|-supereffective|p1b: Amoonguss\n|-damage|p1a: Roaring Moon|82\/100\n|-damage|p1b: Amoonguss|0 fnt\n|faint|p1b: Amoonguss\n|-damage|p2b: Heatran|81\/100|[from] item: Life Orb\n|-curestatus|p2a: Iron Hands|slp|[msg]\n|move|p2a: Iron Hands|Drain Punch|p1a: Roaring Moon\n|-supereffective|p1a: Roaring Moon\n|-damage|p1a: Roaring Moon|29\/100\n|\n|upkeep\n|\n|t:|1700511171\n|switch|p1b: Empoleon|Empoleon, L50, F, shiny|46\/100\n|turn|6\n|inactive|vlopes777 has 30 seconds left.\n|inactive|vlopes777 has 20 seconds left.\n|inactive|vlopes777 has 15 seconds left.\n|\n|t:|1700511213\n|-end|p2a: Iron Hands|Quark Drive|[silent]\n|switch|p2a: Amoonguss|Amoonguss, L50, F|100\/100\n|-terastallize|p1a: Roaring Moon|Flying\n|move|p2b: Heatran|Protect|p2b: Heatran\n|-singleturn|p2b: Heatran|Protect\n|move|p1a: Roaring Moon|Knock Off|p2b: Heatran\n|-activate|p2b: Heatran|move: Protect\n|move|p1b: Empoleon|Icy Wind|p2b: Heatran|[spread] p2a\n|-activate|p2b: Heatran|move: Protect\n|-supereffective|p2a: Amoonguss\n|-damage|p2a: Amoonguss|80\/100\n|-unboost|p2a: Amoonguss|spe|1\n|\n|-heal|p1b: Empoleon|52\/100|[from] item: Leftovers\n|upkeep\n|turn|7\n|inactive|vlopes777 has 30 seconds left.\n|inactive|vlopes777 has 20 seconds left.\n|\n|t:|1700511254\n|move|p1b: Empoleon|Protect|p1b: Empoleon\n|-singleturn|p1b: Empoleon|Protect\n|move|p2a: Amoonguss|Rage Powder|p2a: Amoonguss\n|-singleturn|p2a: Amoonguss|move: Rage Powder\n|move|p1a: Roaring Moon|Acrobatics|p2a: Amoonguss\n|-supereffective|p2a: Amoonguss\n|-damage|p2a: Amoonguss|0 fnt\n|faint|p2a: Amoonguss\n|move|p2b: Heatran|Heat Wave|p1a: Roaring Moon|[spread] p1a\n|-activate|p1b: Empoleon|move: Protect\n|-damage|p1a: Roaring Moon|0 fnt\n|faint|p1a: Roaring Moon\n|-end|p1a: Roaring Moon|Protosynthesis|[silent]\n|-damage|p2b: Heatran|72\/100|[from] item: Life Orb\n|\n|-heal|p1b: Empoleon|58\/100|[from] item: Leftovers\n|upkeep\n|\n|t:|1700511270\n|switch|p2a: Iron Hands|Iron Hands, L50|100\/100\n|turn|8\n|inactive|KEVCHACHI has 30 seconds left.\n|c|\u2606vlopes777|go man\n|c|\u2606KEVCHACHI|I love empoleon, but it don't work un this team\n|inactive|KEVCHACHI has 20 seconds left.\n|inactive|KEVCHACHI has 15 seconds left.\n|\n|t:|1700511314\n|move|p2a: Iron Hands|Fake Out|p1b: Empoleon\n|-resisted|p1b: Empoleon\n|-damage|p1b: Empoleon|51\/100\n|move|p2b: Heatran|Earth Power|p1b: Empoleon\n|-supereffective|p1b: Empoleon\n|-crit|p1b: Empoleon\n|-damage|p1b: Empoleon|0 fnt\n|faint|p1b: Empoleon\n|-damage|p2b: Heatran|62\/100|[from] item: Life Orb\n|\n|win|vlopes777\n|raw|KEVCHACHI's rating: 1151 &rarr; <strong>1127<\/strong><br \/>(-24 for losing)\n|raw|vlopes777's rating: 1168 &rarr; <strong>1192<\/strong><br \/>(+24 for winning)\n|c|\u2606vlopes777|tailwind\n|c|\u2606KEVCHACHI|Gonna try!\n|l|\u2606KEVCHACHI\n","uploadtime":1700511338,"views":6,"p1id":"kevchachi","p2id":"vlopes777","formatid":"gen9vgc2023regulatione","rating":1127,"private":0,"password":""}