{"id":"gen9vgc2023regulatione-1988634484","p1":"Vengeful potato","p2":"cosplayLover","format":"[Gen 9] VGC 2023 Regulation E","log":"|j|\u2606Vengeful potato\n|j|\u2606cosplayLover\n|t:|1699744430\n|gametype|doubles\n|player|p1|Vengeful potato|swimmer|1408\n|player|p2|cosplayLover|169|1525\n|teamsize|p1|6\n|teamsize|p2|6\n|gen|9\n|tier|[Gen 9] VGC 2023 Regulation E\n|rated|\n|rule|Species Clause: Limit one of each Pok\u00e9mon\n|rule|Item Clause: Limit one of each item\n|clearpoke\n|poke|p1|Articuno-Galar, L50|\n|poke|p1|Maushold, L50|\n|poke|p1|Urshifu-*, L50, F|\n|poke|p1|Rillaboom, L50, M|\n|poke|p1|Heatran, L50, F|\n|poke|p1|Regidrago, L50|\n|poke|p2|Ogerpon-Wellspring, L50, F|\n|poke|p2|Pelipper, L50, M|\n|poke|p2|Amoonguss, L50, M|\n|poke|p2|Roaring Moon, L50|\n|poke|p2|Goodra-Hisui, L50, M|\n|poke|p2|Flutter Mane, L50|\n|teampreview|4\n|\n|t:|1699744482\n|start\n|switch|p1a: The Rizzler\ud83d\ude31\ud83d\udcaf\ud83d\udde3\ufe0f|Articuno-Galar, L50, shiny|100\/100\n|switch|p1b: Despereaux|Maushold, L50, shiny|100\/100\n|switch|p2a: Flutter Mane|Flutter Mane, L50|100\/100\n|switch|p2b: Roaring Moon|Roaring Moon, L50|100\/100\n|-enditem|p2b: Roaring Moon|Booster Energy\n|-activate|p2b: Roaring Moon|ability: Protosynthesis|[fromitem]\n|-start|p2b: Roaring Moon|protosynthesisspe\n|turn|1\n|inactive|Battle timer is ON: inactive players will automatically lose when time's up. (requested by cosplayLover)\n|\n|t:|1699744503\n|move|p1b: Despereaux|Follow Me|p1b: Despereaux\n|-singleturn|p1b: Despereaux|move: Follow Me\n|move|p2b: Roaring Moon|Knock Off|p1b: Despereaux\n|-damage|p1b: Despereaux|49\/100\n|-damage|p2b: Roaring Moon|84\/100|[from] item: Rocky Helmet|[of] p1b: Despereaux\n|-enditem|p1b: Despereaux|Rocky Helmet|[from] move: Knock Off|[of] p2b: Roaring Moon\n|move|p2a: Flutter Mane|Dazzling Gleam|p1b: Despereaux|[spread] p1a,p1b\n|-damage|p1a: The Rizzler\ud83d\ude31\ud83d\udcaf\ud83d\udde3\ufe0f|82\/100\n|-damage|p1b: Despereaux|9\/100\n|move|p1a: The Rizzler\ud83d\ude31\ud83d\udcaf\ud83d\udde3\ufe0f|Trick Room|p1a: The Rizzler\ud83d\ude31\ud83d\udcaf\ud83d\udde3\ufe0f\n|-fieldstart|move: Trick Room|[of] p1a: The Rizzler\ud83d\ude31\ud83d\udcaf\ud83d\udde3\ufe0f\n|\n|upkeep\n|turn|2\n|inactive|Vengeful potato has 30 seconds left.\n|\n|t:|1699744529\n|move|p2b: Roaring Moon|Protect|p2b: Roaring Moon\n|-singleturn|p2b: Roaring Moon|Protect\n|move|p1a: The Rizzler\ud83d\ude31\ud83d\udcaf\ud83d\udde3\ufe0f|Air Slash|p2a: Flutter Mane\n|-damage|p2a: Flutter Mane|74\/100\n|move|p1b: Despereaux|Taunt|p2b: Roaring Moon\n|-activate|p2b: Roaring Moon|move: Protect\n|move|p2a: Flutter Mane|Dazzling Gleam|p1b: Despereaux|[spread] p1a,p1b\n|-damage|p1a: The Rizzler\ud83d\ude31\ud83d\udcaf\ud83d\udde3\ufe0f|63\/100\n|-damage|p1b: Despereaux|0 fnt\n|faint|p1b: Despereaux\n|\n|upkeep\n|\n|t:|1699744540\n|switch|p1b: C418 - Wet Hands|Urshifu-Rapid-Strike, L50, F|100\/100\n|turn|3\n|\n|t:|1699744550\n|-terastallize|p2a: Flutter Mane|Grass\n|move|p1a: The Rizzler\ud83d\ude31\ud83d\udcaf\ud83d\udde3\ufe0f|Air Slash|p2b: Roaring Moon\n|-damage|p2b: Roaring Moon|52\/100\n|move|p1b: C418 - Wet Hands|Surging Strikes|p2a: Flutter Mane\n|-resisted|p2a: Flutter Mane\n|-crit|p2a: Flutter Mane\n|-damage|p2a: Flutter Mane|46\/100\n|-resisted|p2a: Flutter Mane\n|-crit|p2a: Flutter Mane\n|-damage|p2a: Flutter Mane|18\/100\n|-resisted|p2a: Flutter Mane\n|-crit|p2a: Flutter Mane\n|-damage|p2a: Flutter Mane|0 fnt\n|faint|p2a: Flutter Mane\n|-end|p2a: Flutter Mane|Protosynthesis|[silent]\n|-hitcount|p2: Flutter Mane|3\n|cant|p2b: Roaring Moon|flinch\n|\n|upkeep\n|\n|t:|1699744563\n|switch|p2a: Amoonguss|Amoonguss, L50, M|100\/100\n|turn|4\n|\n|t:|1699744586\n|move|p1b: C418 - Wet Hands|Protect|p1b: C418 - Wet Hands\n|-singleturn|p1b: C418 - Wet Hands|Protect\n|move|p2a: Amoonguss|Spore|p1b: C418 - Wet Hands\n|-activate|p1b: C418 - Wet Hands|move: Protect\n|move|p1a: The Rizzler\ud83d\ude31\ud83d\udcaf\ud83d\udde3\ufe0f|Freezing Glare|p2a: Amoonguss\n|-supereffective|p2a: Amoonguss\n|-damage|p2a: Amoonguss|35\/100\n|move|p2b: Roaring Moon|Knock Off|p1a: The Rizzler\ud83d\ude31\ud83d\udcaf\ud83d\udde3\ufe0f\n|-supereffective|p1a: The Rizzler\ud83d\ude31\ud83d\udcaf\ud83d\udde3\ufe0f\n|-damage|p1a: The Rizzler\ud83d\ude31\ud83d\udcaf\ud83d\udde3\ufe0f|0 fnt\n|-enditem|p1a: The Rizzler\ud83d\ude31\ud83d\udcaf\ud83d\udde3\ufe0f|Covert Cloak|[from] move: Knock Off|[of] p2b: Roaring Moon\n|faint|p1a: The Rizzler\ud83d\ude31\ud83d\udcaf\ud83d\udde3\ufe0f\n|\n|upkeep\n|\n|t:|1699744595\n|switch|p1a: THE DRAGON BALL\ud83e\udd76|Regidrago, L50, shiny|100\/100\n|turn|5\n|\n|t:|1699744608\n|move|p2b: Roaring Moon|Protect|p2b: Roaring Moon\n|-singleturn|p2b: Roaring Moon|Protect\n|move|p2a: Amoonguss|Spore|p1b: C418 - Wet Hands\n|-status|p1b: C418 - Wet Hands|slp|[from] move: Spore\n|move|p1a: THE DRAGON BALL\ud83e\udd76|Dragon Energy|p2b: Roaring Moon|[spread] p2a\n|-activate|p2b: Roaring Moon|move: Protect\n|-damage|p2a: Amoonguss|0 fnt\n|faint|p2a: Amoonguss\n|cant|p1b: C418 - Wet Hands|slp\n|\n|-fieldend|move: Trick Room\n|upkeep\n|\n|t:|1699744616\n|switch|p2a: Goodra|Goodra-Hisui, L50, M|100\/100\n|turn|6\n|\n|t:|1699744627\n|move|p2b: Roaring Moon|Knock Off|p1a: THE DRAGON BALL\ud83e\udd76\n|-crit|p1a: THE DRAGON BALL\ud83e\udd76\n|-damage|p1a: THE DRAGON BALL\ud83e\udd76|26\/100\n|-enditem|p1a: THE DRAGON BALL\ud83e\udd76|Dragon Fang|[from] move: Knock Off|[of] p2b: Roaring Moon\n|-curestatus|p1b: C418 - Wet Hands|slp|[msg]\n|move|p1b: C418 - Wet Hands|Close Combat|p2a: Goodra\n|-supereffective|p2a: Goodra\n|-damage|p2a: Goodra|3\/100\n|-unboost|p1b: C418 - Wet Hands|def|1\n|-unboost|p1b: C418 - Wet Hands|spd|1\n|move|p1a: THE DRAGON BALL\ud83e\udd76|Dragon Energy|p2b: Roaring Moon|[spread] p2a,p2b\n|-supereffective|p2b: Roaring Moon\n|-damage|p2a: Goodra|0 fnt\n|-damage|p2b: Roaring Moon|11\/100\n|faint|p2a: Goodra\n|\n|upkeep\n|turn|7\n|\n|t:|1699744641\n|move|p2b: Roaring Moon|Acrobatics|p1b: C418 - Wet Hands\n|-supereffective|p1b: C418 - Wet Hands\n|-damage|p1b: C418 - Wet Hands|0 fnt\n|faint|p1b: C418 - Wet Hands\n|move|p1a: THE DRAGON BALL\ud83e\udd76|Dragon Energy|p2b: Roaring Moon\n|-supereffective|p2b: Roaring Moon\n|-damage|p2b: Roaring Moon|0 fnt\n|faint|p2b: Roaring Moon\n|-end|p2b: Roaring Moon|Protosynthesis|[silent]\n|\n|win|Vengeful potato\n|raw|Vengeful potato's rating: 1408 &rarr; <strong>1434<\/strong><br \/>(+26 for winning)\n|raw|cosplayLover's rating: 1525 &rarr; <strong>1499<\/strong><br \/>(-26 for losing)\n|c|\u2606Vengeful potato|Gg\n|l|\u2606cosplayLover\n","uploadtime":1699744649,"views":12,"p1id":"vengefulpotato","p2id":"cosplaylover","formatid":"gen9vgc2023regulatione","rating":1434,"private":0,"password":""}