{"id":"gen9vgc2023regulatione-1994477430","p1":"leafyarrow","p2":"mistah mistah 11","format":"[Gen 9] VGC 2023 Regulation E","log":"|j|\u2606leafyarrow\n|j|\u2606mistah mistah 11\n|t:|1700448480\n|gametype|doubles\n|player|p1|leafyarrow|selene|1312\n|player|p2|mistah mistah 11|102|1337\n|teamsize|p1|6\n|teamsize|p2|6\n|gen|9\n|tier|[Gen 9] VGC 2023 Regulation E\n|rated|\n|rule|Species Clause: Limit one of each Pok\u00e9mon\n|rule|Item Clause: Limit one of each item\n|clearpoke\n|poke|p1|Enamorus-Therian, L50, F|\n|poke|p1|Ursaluna, L50, M|\n|poke|p1|Indeedee-F, L50, F|\n|poke|p1|Armarouge, L50, M|\n|poke|p1|Roaring Moon, L50|\n|poke|p1|Ninetales-Alola, L50, M|\n|poke|p2|Frosmoth, L50, M|\n|poke|p2|Ninetales-Alola, L50, F|\n|poke|p2|Tyranitar, L50, M|\n|poke|p2|Heatran, L50, M|\n|poke|p2|Gholdengo, L50|\n|poke|p2|Gastrodon, L50, F|\n|teampreview|4\nleafyarrow has agreed to open team sheets.\nmistah mistah 11 has agreed to open team sheets.\n|\n|t:|1700448524\n|start\n|switch|p1a: Roaring Moon|Roaring Moon, L50|100\/100\n|switch|p1b: Armarouge|Armarouge, L50, M|100\/100\n|switch|p2a: Gholdengo|Gholdengo, L50|100\/100\n|switch|p2b: Tyranitar|Tyranitar, L50, M|100\/100\n|-weather|Sandstorm|[from] ability: Sand Stream|[of] p2b: Tyranitar\n|-enditem|p1a: Roaring Moon|Booster Energy\n|-activate|p1a: Roaring Moon|ability: Protosynthesis|[fromitem]\n|-start|p1a: Roaring Moon|protosynthesisspe\n|turn|1\n|\n|t:|1700448581\n|switch|p1b: Indeedee|Indeedee-F, L50, F|100\/100\n|-fieldstart|move: Psychic Terrain|[from] ability: Psychic Surge|[of] p1b: Indeedee\n|-enditem|p1b: Indeedee|Psychic Seed\n|-boost|p1b: Indeedee|spd|1|[from] item: Psychic Seed\n|-terastallize|p2a: Gholdengo|Steel\n|move|p1a: Roaring Moon|Knock Off|p2a: Gholdengo\n|-damage|p2a: Gholdengo|43\/100\n|-enditem|p2a: Gholdengo|Choice Specs|[from] move: Knock Off|[of] p1a: Roaring Moon\n|move|p2a: Gholdengo|Make It Rain|p1b: Indeedee|[spread] p1a,p1b\n|-damage|p1a: Roaring Moon|37\/100\n|-damage|p1b: Indeedee|55\/100\n|-unboost|p2a: Gholdengo|spa|1\n|move|p2b: Tyranitar|Knock Off|p1b: Indeedee\n|-supereffective|p1b: Indeedee\n|-damage|p1b: Indeedee|0 fnt\n|faint|p1b: Indeedee\n|\n|-weather|Sandstorm|[upkeep]\n|-damage|p1a: Roaring Moon|31\/100|[from] Sandstorm\n|upkeep\n|\n|t:|1700448603\n|switch|p1b: Ursaluna|Ursaluna, L50, M|100\/100\n|turn|2\n|\n|t:|1700448648\n|switch|p2a: Ninetales|Ninetales-Alola, L50, F|100\/100\n|-weather|Snow|[from] ability: Snow Warning|[of] p2a: Ninetales\n|move|p1a: Roaring Moon|Tailwind|p1a: Roaring Moon\n|-sidestart|p1: leafyarrow|move: Tailwind\n|move|p2b: Tyranitar|Rock Slide|p1a: Roaring Moon|[spread] p1a,p1b\n|-resisted|p1b: Ursaluna\n|-damage|p1a: Roaring Moon|0 fnt\n|-damage|p1b: Ursaluna|88\/100\n|faint|p1a: Roaring Moon\n|-end|p1a: Roaring Moon|Protosynthesis|[silent]\n|move|p1b: Ursaluna|Earthquake|p2b: Tyranitar|[spread] p2a,p2b\n|-supereffective|p2b: Tyranitar\n|-damage|p2a: Ninetales|61\/100\n|-damage|p2b: Tyranitar|27\/100\n|\n|-weather|Snow|[upkeep]\n|-status|p1b: Ursaluna|brn|[from] item: Flame Orb\n|upkeep\n|\n|t:|1700448662\n|switch|p1a: Armarouge|Armarouge, L50, M|100\/100\n|turn|3\n|\n|t:|1700448697\n|move|p2b: Tyranitar|Protect|p2b: Tyranitar\n|-singleturn|p2b: Tyranitar|Protect\n|move|p1a: Armarouge|Expanding Force|p2b: Tyranitar|[spread] p2a\n|-activate|p2b: Tyranitar|move: Protect\n|-crit|p2a: Ninetales\n|-damage|p2a: Ninetales|0 fnt\n|faint|p2a: Ninetales\n|move|p1b: Ursaluna|Facade|p2b: Tyranitar\n|-activate|p2b: Tyranitar|move: Protect\n|\n|-weather|Snow|[upkeep]\n|-damage|p1b: Ursaluna|82\/100 brn|[from] brn\n|upkeep\n|\n|t:|1700448708\n|switch|p2a: Frosmoth|Frosmoth, L50, M|100\/100\n|turn|4\n|\n|t:|1700448751\n|move|p1a: Armarouge|Protect|p1a: Armarouge\n|-singleturn|p1a: Armarouge|Protect\n|move|p2b: Tyranitar|Rock Slide|p1b: Ursaluna|[spread] p1b\n|-activate|p1a: Armarouge|move: Protect\n|-resisted|p1b: Ursaluna\n|-damage|p1b: Ursaluna|70\/100 brn\n|move|p1b: Ursaluna|Earthquake|p2b: Tyranitar|[spread] p2a,p2b\n|-activate|p1a: Armarouge|move: Protect\n|-resisted|p2a: Frosmoth\n|-supereffective|p2b: Tyranitar\n|-damage|p2a: Frosmoth|73\/100\n|-damage|p2b: Tyranitar|0 fnt\n|faint|p2b: Tyranitar\n|move|p2a: Frosmoth|Ice Beam|p1b: Ursaluna\n|-supereffective|p1b: Ursaluna\n|-damage|p1b: Ursaluna|0 fnt\n|faint|p1b: Ursaluna\n|\n|-weather|Snow|[upkeep]\n|upkeep\n|\n|t:|1700448767\n|switch|p2b: Gholdengo|Gholdengo, L50, tera:Steel|43\/100\n|turn|5\n|\n|t:|1700448777\n|-terastallize|p1a: Armarouge|Psychic\n|move|p1a: Armarouge|Expanding Force|p2a: Frosmoth|[spread] p2a,p2b\n|-resisted|p2b: Gholdengo\n|-damage|p2a: Frosmoth|39\/100\n|-damage|p2b: Gholdengo|0 fnt\n|faint|p2b: Gholdengo\n|move|p2a: Frosmoth|Icy Wind|p1a: Armarouge\n|-damage|p1a: Armarouge|67\/100\n|-unboost|p1a: Armarouge|spe|1\n|\n|-weather|Snow|[upkeep]\n|-sideend|p1: leafyarrow|move: Tailwind\n|-fieldend|move: Psychic Terrain\n|upkeep\n|turn|6\n|\n|t:|1700448793\n|move|p2a: Frosmoth|Struggle Bug|p1a: Armarouge\n|-supereffective|p1a: Armarouge\n|-damage|p1a: Armarouge|9\/100\n|-unboost|p1a: Armarouge|spa|1\n|move|p1a: Armarouge|Expanding Force|p2a: Frosmoth\n|-damage|p2a: Frosmoth|21\/100\n|\n|-weather|none\n|upkeep\n|turn|7\n|\n|t:|1700448801\n|move|p2a: Frosmoth|Struggle Bug|p1a: Armarouge\n|-supereffective|p1a: Armarouge\n|-damage|p1a: Armarouge|0 fnt\n|faint|p1a: Armarouge\n|\n|win|mistah mistah 11\n|raw|leafyarrow's rating: 1312 &rarr; <strong>1293<\/strong><br \/>(-19 for losing)\n|raw|mistah mistah 11's rating: 1337 &rarr; <strong>1356<\/strong><br \/>(+19 for winning)\n","uploadtime":1700448804,"views":15,"p1id":"leafyarrow","p2id":"mistahmistah11","formatid":"gen9vgc2023regulatione","rating":1293,"private":0,"password":""}