{"id":"gen9vgc2023regulatione-1996083951","p1":"jungle211","p2":"JohanDK","format":"[Gen 9] VGC 2023 Regulation E","log":"|j|\u2606jungle211\n|j|\u2606JohanDK\n|t:|1700641440\n|gametype|doubles\n|player|p1|jungle211|koga|1211\n|player|p2|JohanDK|nate|1341\n|teamsize|p1|6\n|teamsize|p2|6\n|gen|9\n|tier|[Gen 9] VGC 2023 Regulation E\n|rated|\n|rule|Species Clause: Limit one of each Pok\u00e9mon\n|rule|Item Clause: Limit one of each item\n|clearpoke\n|poke|p1|Chi-Yu, L50|\n|poke|p1|Ogerpon-Wellspring, L50, F|\n|poke|p1|Orthworm, L50, M|\n|poke|p1|Ursaluna, L50, F|\n|poke|p1|Indeedee-F, L50, F|\n|poke|p1|Zapdos, L50|\n|poke|p2|Urshifu-*, L50, M|\n|poke|p2|Amoonguss, L50, F|\n|poke|p2|Gholdengo, L50|\n|poke|p2|Tornadus, L50, M|\n|poke|p2|Arcanine-Hisui, L50, M|\n|poke|p2|Flutter Mane, L50|\n|teampreview|4\n|\n|t:|1700641475\n|start\n|switch|p1a: Ogerpon|Ogerpon-Wellspring, L50, F|100\/100\n|switch|p1b: Indeedee|Indeedee-F, L50, F|100\/100\n|switch|p2a: Banshe|Flutter Mane, L50, shiny|100\/100\n|switch|p2b: Amoonguss|Amoonguss, L50, F, shiny|100\/100\n|-fieldstart|move: Psychic Terrain|[from] ability: Psychic Surge|[of] p1b: Indeedee\n|turn|1\n|\n|t:|1700641524\n|move|p1a: Ogerpon|Follow Me|p1a: Ogerpon\n|-singleturn|p1a: Ogerpon|move: Follow Me\n|move|p2a: Banshe|Moonblast|p1a: Ogerpon\n|-damage|p1a: Ogerpon|19\/100\n|move|p2b: Amoonguss|Spore|p1a: Ogerpon\n|-immune|p1a: Ogerpon\n|move|p1b: Indeedee|Trick Room|p1b: Indeedee\n|-fieldstart|move: Trick Room|[of] p1b: Indeedee\n|\n|upkeep\n|turn|2\n|\n|t:|1700641553\n|move|p2b: Amoonguss|Pollen Puff|p1a: Ogerpon\n|-supereffective|p1a: Ogerpon\n|-damage|p1a: Ogerpon|0 fnt\n|faint|p1a: Ogerpon\n|move|p1b: Indeedee|Psychic|p2b: Amoonguss\n|-supereffective|p2b: Amoonguss\n|-damage|p2b: Amoonguss|24\/100\n|move|p2a: Banshe|Moonblast|p1b: Indeedee\n|-damage|p1b: Indeedee|27\/100\n|-unboost|p1b: Indeedee|spa|1\n|\n|upkeep\n|\n|t:|1700641560\n|switch|p1a: Ursaluna|Ursaluna, L50, F, shiny|100\/100\n|turn|3\n|\n|t:|1700641576\n|switch|p2b: Koma Ino|Arcanine-Hisui, L50, M|100\/100\n|-ability|p2b: Koma Ino|Intimidate|boost\n|-unboost|p1a: Ursaluna|atk|1\n|-unboost|p1b: Indeedee|atk|1\n|move|p1a: Ursaluna|Protect|p1a: Ursaluna\n|-singleturn|p1a: Ursaluna|Protect\n|move|p1b: Indeedee|Psychic|p2b: Koma Ino\n|-damage|p2b: Koma Ino|69\/100\n|-unboost|p2b: Koma Ino|spd|1\n|move|p2a: Banshe|Moonblast|p1a: Ursaluna\n|-activate|p1a: Ursaluna|move: Protect\n|\n|-status|p1a: Ursaluna|brn|[from] item: Flame Orb\n|upkeep\n|turn|4\n|\n|t:|1700641607\n|-terastallize|p2b: Koma Ino|Grass\n|move|p1b: Indeedee|Protect|p1b: Indeedee\n|-singleturn|p1b: Indeedee|Protect\n|move|p1a: Ursaluna|Earthquake|p2b: Koma Ino|[spread] p2a,p2b\n|-activate|p1b: Indeedee|move: Protect\n|-crit|p2a: Banshe\n|-resisted|p2b: Koma Ino\n|-damage|p2a: Banshe|0 fnt\n|-damage|p2b: Koma Ino|46\/100\n|-enditem|p2b: Koma Ino|Sitrus Berry|[eat]\n|-heal|p2b: Koma Ino|71\/100|[from] item: Sitrus Berry\n|faint|p2a: Banshe\n|-end|p2a: Banshe|Protosynthesis|[silent]\n|move|p2b: Koma Ino|Flare Blitz|p1a: Ursaluna\n|-damage|p1a: Ursaluna|57\/100 brn\n|-damage|p2b: Koma Ino|54\/100|[from] Recoil\n|\n|-damage|p1a: Ursaluna|50\/100 brn|[from] brn\n|upkeep\n|\n|t:|1700641632\n|switch|p2a: Amoonguss|Amoonguss, L50, F, shiny|58\/100\n|turn|5\n|\n|t:|1700641643\n|move|p2a: Amoonguss|Pollen Puff|p2b: Koma Ino\n|-heal|p2b: Koma Ino|100\/100\n|move|p1a: Ursaluna|Facade|p2b: Koma Ino\n|-damage|p2b: Koma Ino|3\/100\n|move|p1b: Indeedee|Psychic|p2a: Amoonguss\n|-supereffective|p2a: Amoonguss\n|-damage|p2a: Amoonguss|0 fnt\n|faint|p2a: Amoonguss\n|move|p2b: Koma Ino|Flare Blitz|p1a: Ursaluna\n|-crit|p1a: Ursaluna\n|-damage|p1a: Ursaluna|0 fnt\n|faint|p1a: Ursaluna\n|-damage|p2b: Koma Ino|0 fnt|[from] Recoil\n|faint|p2b: Koma Ino\n|\n|-fieldend|move: Trick Room\n|-fieldend|move: Psychic Terrain\n|upkeep\n|\n|t:|1700641667\n|switch|p2b: Midas|Gholdengo, L50|100\/100\n|switch|p1a: Zapdos|Zapdos, L50|100\/100\n|turn|6\n|\n|t:|1700641699\n|move|p1b: Indeedee|Protect|p1b: Indeedee\n|-singleturn|p1b: Indeedee|Protect\n|move|p1a: Zapdos|Thunderbolt|p2b: Midas\n|-damage|p2b: Midas|40\/100\n|-damage|p1a: Zapdos|90\/100|[from] item: Life Orb\n|move|p2b: Midas|Nasty Plot|p2b: Midas\n|-boost|p2b: Midas|spa|2\n|\n|-heal|p2b: Midas|46\/100|[from] item: Leftovers\n|upkeep\n|turn|7\n|\n|t:|1700641711\n|move|p2b: Midas|Protect|p2b: Midas\n|-singleturn|p2b: Midas|Protect\n|move|p1a: Zapdos|Thunderbolt|p2b: Midas\n|-activate|p2b: Midas|move: Protect\n|move|p1b: Indeedee|Psychic|p2b: Midas\n|-activate|p2b: Midas|move: Protect\n|\n|-heal|p2b: Midas|52\/100|[from] item: Leftovers\n|upkeep\n|turn|8\n|\n|t:|1700641727\n|move|p1a: Zapdos|Thunderbolt|p2b: Midas\n|-damage|p2b: Midas|0 fnt\n|faint|p2b: Midas\n|-damage|p1a: Zapdos|80\/100|[from] item: Life Orb\n|\n|win|jungle211\n|raw|jungle211's rating: 1211 &rarr; <strong>1245<\/strong><br \/>(+34 for winning)\n|raw|JohanDK's rating: 1341 &rarr; <strong>1314<\/strong><br \/>(-27 for losing)\n","uploadtime":1700641740,"views":3,"p1id":"jungle211","p2id":"johandk","formatid":"gen9vgc2023regulatione","rating":1245,"private":0,"password":""}