{"id":"gen9vgc2023regulatione-1988550744","p1":"Vengeful potato","p2":"Vaain","format":"[Gen 9] VGC 2023 Regulation E","log":"|j|\u2606Vengeful potato\n|j|\u2606Vaain\n|t:|1699735107\n|gametype|doubles\n|player|p1|Vengeful potato|swimmer|\n|player|p2|Vaain|101|\n|teamsize|p1|5\n|teamsize|p2|6\n|gen|9\n|tier|[Gen 9] VGC 2023 Regulation E\n|rated|Tournament battle\n|rule|Species Clause: Limit one of each Pok\u00e9mon\n|rule|Item Clause: Limit one of each item\n|clearpoke\n|poke|p1|Articuno-Galar, L50|\n|poke|p1|Maushold, L50|\n|poke|p1|Decidueye-Hisui, L50, M|\n|poke|p1|Stonjourner, L50, F|\n|poke|p1|Regidrago, L50|\n|poke|p2|Iron Hands, L50|\n|poke|p2|Chien-Pao, L50|\n|poke|p2|Ogerpon-Wellspring, L50, F|\n|poke|p2|Gholdengo, L50|\n|poke|p2|Cresselia, L50, F|\n|poke|p2|Ursaluna-Bloodmoon, L50, M|\n|teampreview|4\n|showteam|p1|Articuno-Galar||CovertCloak|Competitive|FreezingGlare,AirSlash,Tailwind,TrickRoom||||||50|,,,,,Steel]Maushold||RockyHelmet|FriendGuard|SuperFang,Taunt,FollowMe,Protect||||||50|,,,,,Ghost]Decidueye-Hisui||LoadedDice|Scrappy|BulletSeed,TripleArrows,SwordsDance,Protect|||M|||50|,,,,,Fire]Stonjourner||ClearAmulet|PowerSpot|RockSlide,HighHorsepower,HeatCrash,WideGuard|||F|||50|,,,,,Grass]Regidrago||DragonFang|DragonsMaw|DracoMeteor,DragonEnergy,EarthPower,Protect||||||50|,,,,,Dragon\n|showteam|p2|Iron Hands||Leftovers|QuarkDrive|BodyPress,Protect,ThunderPunch,FakeOut||||||50|,,,,,Grass]Chien-Pao||FocusSash|SwordofRuin|IceSpinner,Protect,Crunch,IceShard||||||50|,,,,,Dark]Ogerpon-Wellspring||WellspringMask|WaterAbsorb|IvyCudgel,KnockOff,SpikyShield,HornLeech|||F|||50|,,,,,Water]Gholdengo||LifeOrb|GoodasGold|MakeItRain,ShadowBall,Protect,Thunderbolt||||||50|,,,,,Steel]Cresselia||LightClay|Levitate|LightScreen,Reflect,AllySwitch,DazzlingGleam|||F|||50|,,,,,Fairy]Ursaluna-Bloodmoon||AssaultVest|MindsEye|BloodMoon,HyperVoice,EarthPower,Moonblast|||M|||50|,,,,,Normal\n|j| Aylona\n|c|\u2606Vaain|plz wait a min\n|l| Aylona\n|c|\u2606Vengeful potato|Ok\n|\n|t:|1699735221\n|start\n|switch|p1a: The Rizzler\ud83d\ude31\ud83d\udcaf\ud83d\udde3\ufe0f|Articuno-Galar, L50, shiny|100\/100\n|switch|p1b: Despereaux|Maushold, L50, shiny|100\/100\n|switch|p2a: Loona|Cresselia, L50, F, shiny|100\/100\n|switch|p2b: Sabre's in Tooth|Chien-Pao, L50|100\/100\n|-ability|p2b: Sabre's in Tooth|Sword of Ruin\n|turn|1\n|\n|t:|1699735255\n|move|p1b: Despereaux|Follow Me|p1b: Despereaux\n|-singleturn|p1b: Despereaux|move: Follow Me\n|move|p2a: Loona|Ally Switch|p2a: Loona\n|swap|p2a: Loona|1|[from] move: Ally Switch\n|move|p2a: Sabre's in Tooth|Ice Spinner|p1b: Despereaux\n|-damage|p1b: Despereaux|50\/100\n|-damage|p2a: Sabre's in Tooth|84\/100|[from] item: Rocky Helmet|[of] p1b: Despereaux\n|move|p1a: The Rizzler\ud83d\ude31\ud83d\udcaf\ud83d\udde3\ufe0f|Air Slash|p2b: Loona\n|-damage|p2b: Loona|81\/100\n|\n|upkeep\n|turn|2\n|\n|t:|1699735267\n|move|p2a: Sabre's in Tooth|Protect|p2a: Sabre's in Tooth\n|-singleturn|p2a: Sabre's in Tooth|Protect\n|move|p1b: Despereaux|Follow Me|p1b: Despereaux\n|-singleturn|p1b: Despereaux|move: Follow Me\n|move|p1a: The Rizzler\ud83d\ude31\ud83d\udcaf\ud83d\udde3\ufe0f|Tailwind|p1a: The Rizzler\ud83d\ude31\ud83d\udcaf\ud83d\udde3\ufe0f\n|-sidestart|p1: Vengeful potato|move: Tailwind\n|move|p2b: Loona|Light Screen|p2b: Loona\n|-sidestart|p2: Vaain|move: Light Screen\n|\n|upkeep\n|turn|3\n|\n|t:|1699735282\n|move|p2b: Loona|Ally Switch|p2b: Loona\n|swap|p2b: Loona|0|[from] move: Ally Switch\n|move|p1b: Despereaux|Super Fang|p2a: Loona\n|-damage|p2a: Loona|41\/100\n|move|p1a: The Rizzler\ud83d\ude31\ud83d\udcaf\ud83d\udde3\ufe0f|Air Slash|p2a: Loona\n|-damage|p2a: Loona|28\/100\n|move|p2b: Sabre's in Tooth|Ice Spinner|p1b: Despereaux\n|-crit|p1b: Despereaux\n|-damage|p1b: Despereaux|0 fnt\n|-damage|p2b: Sabre's in Tooth|68\/100|[from] item: Rocky Helmet|[of] p1b: Despereaux\n|faint|p1b: Despereaux\n|\n|upkeep\n|\n|t:|1699735299\n|switch|p1b: Best Rock|Stonjourner, L50, F, shiny|100\/100\n|turn|4\n|\n|t:|1699735314\n|move|p2b: Sabre's in Tooth|Protect|p2b: Sabre's in Tooth\n|-singleturn|p2b: Sabre's in Tooth|Protect\n|move|p1a: The Rizzler\ud83d\ude31\ud83d\udcaf\ud83d\udde3\ufe0f|Air Slash|p2a: Loona\n|-damage|p2a: Loona|11\/100\n|move|p1b: Best Rock|Rock Slide|p2b: Sabre's in Tooth|[spread] p2a\n|-activate|p2b: Sabre's in Tooth|move: Protect\n|-damage|p2a: Loona|0 fnt\n|faint|p2a: Loona\n|\n|upkeep\n|\n|t:|1699735324\n|switch|p2a: Them Hands|Iron Hands, L50, shiny|100\/100\n|turn|5\n|\n|t:|1699735358\n|-terastallize|p1a: The Rizzler\ud83d\ude31\ud83d\udcaf\ud83d\udde3\ufe0f|Steel\n|move|p2a: Them Hands|Fake Out|p1b: Best Rock\n|-resisted|p1b: Best Rock\n|-damage|p1b: Best Rock|95\/100\n|move|p1a: The Rizzler\ud83d\ude31\ud83d\udcaf\ud83d\udde3\ufe0f|Freezing Glare|p2a: Them Hands\n|-supereffective|p2a: Them Hands\n|-damage|p2a: Them Hands|51\/100\n|move|p2b: Sabre's in Tooth|Ice Spinner|p1a: The Rizzler\ud83d\ude31\ud83d\udcaf\ud83d\udde3\ufe0f\n|-resisted|p1a: The Rizzler\ud83d\ude31\ud83d\udcaf\ud83d\udde3\ufe0f\n|-damage|p1a: The Rizzler\ud83d\ude31\ud83d\udcaf\ud83d\udde3\ufe0f|78\/100\n|cant|p1b: Best Rock|flinch\n|\n|-heal|p2a: Them Hands|57\/100|[from] item: Leftovers\n|-sideend|p1: Vengeful potato|move: Tailwind\n|upkeep\n|turn|6\n|\n|t:|1699735370\n|move|p2b: Sabre's in Tooth|Crunch|p1a: The Rizzler\ud83d\ude31\ud83d\udcaf\ud83d\udde3\ufe0f\n|-damage|p1a: The Rizzler\ud83d\ude31\ud83d\udcaf\ud83d\udde3\ufe0f|30\/100\n|move|p1a: The Rizzler\ud83d\ude31\ud83d\udcaf\ud83d\udde3\ufe0f|Tailwind|p1a: The Rizzler\ud83d\ude31\ud83d\udcaf\ud83d\udde3\ufe0f\n|-sidestart|p1: Vengeful potato|move: Tailwind\n|move|p1b: Best Rock|Rock Slide|p2a: Them Hands|[spread] p2a,p2b\n|-resisted|p2a: Them Hands\n|-supereffective|p2b: Sabre's in Tooth\n|-damage|p2a: Them Hands|45\/100\n|-damage|p2b: Sabre's in Tooth|0 fnt\n|faint|p2b: Sabre's in Tooth\n|cant|p2a: Them Hands|flinch\n|\n|-heal|p2a: Them Hands|51\/100|[from] item: Leftovers\n|upkeep\n|\n|t:|1699735378\n|switch|p2b: idk|Ursaluna-Bloodmoon, L50, M|100\/100\n|turn|7\n|\n|t:|1699735390\n|-terastallize|p2b: idk|Normal\n|move|p1a: The Rizzler\ud83d\ude31\ud83d\udcaf\ud83d\udde3\ufe0f|Freezing Glare|p2a: Them Hands\n|-supereffective|p2a: Them Hands\n|-damage|p2a: Them Hands|0 fnt\n|faint|p2a: Them Hands\n|-end|p2a: Them Hands|Quark Drive|[silent]\n|move|p1b: Best Rock|Rock Slide|p2b: idk\n|-damage|p2b: idk|69\/100\n|move|p2b: idk|Earth Power|p1b: Best Rock\n|-supereffective|p1b: Best Rock\n|-damage|p1b: Best Rock|0 fnt\n|faint|p1b: Best Rock\n|\n|upkeep\n|\n|t:|1699735399\n|switch|p1b: Robin DaBank|Decidueye-Hisui, L50, M, shiny|100\/100\n|turn|8\n|\n|t:|1699735406\n|move|p1a: The Rizzler\ud83d\ude31\ud83d\udcaf\ud83d\udde3\ufe0f|Freezing Glare|p2b: idk\n|-damage|p2b: idk|50\/100\n|move|p1b: Robin DaBank|Triple Arrows|p2b: idk\n|-supereffective|p2b: idk\n|-damage|p2b: idk|0 fnt\n|faint|p2b: idk\n|\n|win|Vengeful potato\n|n|\u2606Vengeful potato|vengefulpotato\n|n|\u2606Vaain|vaain\n|c|\u2606Vaain|gg\n|c|\u2606Vengeful potato|Gg\n","uploadtime":1699735414,"views":10,"p1id":"vengefulpotato","p2id":"vaain","formatid":"gen9vgc2023regulatione","rating":0,"private":0,"password":""}