{"id":"gen9vgc2023regulatione-1998815512","p1":"Chef204","p2":"WhiTe_PlauGe","format":"[Gen 9] VGC 2023 Regulation E","log":"|j|\u2606Chef204\n|j|\u2606WhiTe_PlauGe\n|t:|1700996568\n|gametype|doubles\n|player|p1|Chef204|1|1139\n|player|p2|WhiTe_PlauGe|gambler|1044\n|teamsize|p1|6\n|teamsize|p2|6\n|gen|9\n|tier|[Gen 9] VGC 2023 Regulation E\n|rated|\n|rule|Species Clause: Limit one of each Pok\u00e9mon\n|rule|Item Clause: Limit one of each item\n|clearpoke\n|poke|p1|Baxcalibur, L50, M|\n|poke|p1|Goodra-Hisui, L50, F|\n|poke|p1|Scream Tail, L50|\n|poke|p1|Landorus-Therian, L50, M|\n|poke|p1|Moltres-Galar, L50|\n|poke|p1|Ninetales-Alola, L50, F|\n|poke|p2|Cetitan, L50, F|\n|poke|p2|Sinistcha, L50|\n|poke|p2|Arcanine-Hisui, L50, M|\n|poke|p2|Farigiraf, L50, F|\n|poke|p2|Gastrodon-East, L50, M|\n|poke|p2|Fezandipiti, L50, M|\n|teampreview|4\n|\n|t:|1700996609\n|start\n|switch|p1a: Dawg?|Landorus-Therian, L50, M, shiny|100\/100\n|switch|p1b: Mufasa|Moltres-Galar, L50|100\/100\n|switch|p2a: Bertha|Cetitan, L50, F|100\/100\n|switch|p2b: Darkinine|Arcanine-Hisui, L50, M|100\/100\n|-ability|p1a: Dawg?|Intimidate|boost\n|-unboost|p2a: Bertha|atk|1\n|-unboost|p2b: Darkinine|atk|1\n|-ability|p2b: Darkinine|Intimidate|boost\n|-unboost|p1a: Dawg?|atk|1\n|-unboost|p1b: Mufasa|atk|1\n|-item|p2b: Darkinine|Air Balloon\n|turn|1\n|inactive|Battle timer is ON: inactive players will automatically lose when time's up. (requested by Chef204)\n|\n|t:|1700996647\n|move|p1a: Dawg?|Rock Slide|p2b: Darkinine|[spread] p2b\n|-miss|p1a: Dawg?|p2a: Bertha\n|-supereffective|p2b: Darkinine\n|-damage|p2b: Darkinine|73\/100\n|-enditem|p2b: Darkinine|Air Balloon\n|move|p2b: Darkinine|Bulldoze|p1a: Dawg?|[spread] p2a\n|-immune|p1a: Dawg?\n|-immune|p1b: Mufasa\n|-damage|p2a: Bertha|93\/100\n|-unboost|p2a: Bertha|spe|1\n|move|p1b: Mufasa|Fiery Wrath|p2a: Bertha|[spread] p2a,p2b\n|-damage|p2a: Bertha|66\/100\n|-damage|p2b: Darkinine|46\/100\n|move|p2a: Bertha|Belly Drum|p2a: Bertha\n|-damage|p2a: Bertha|16\/100\n|-setboost|p2a: Bertha|atk|6|[from] move: Belly Drum\n|-enditem|p2a: Bertha|Sitrus Berry|[eat]\n|-heal|p2a: Bertha|41\/100|[from] item: Sitrus Berry\n|\n|upkeep\n|turn|2\n|inactive|WhiTe_PlauGe has 30 seconds left.\n|\n|t:|1700996673\n|switch|p2b: Green like Matcha|Sinistcha, L50|100\/100\n|-heal|p2a: Bertha|66\/100|[from] ability: Hospitality|[of] p2b: Green like Matcha\n|move|p2a: Bertha|Protect|p2a: Bertha\n|-singleturn|p2a: Bertha|Protect\n|move|p1a: Dawg?|Rock Slide|p2b: Green like Matcha|[spread] p2b\n|-activate|p2a: Bertha|move: Protect\n|-crit|p2b: Green like Matcha\n|-damage|p2b: Green like Matcha|72\/100\n|move|p1b: Mufasa|Fiery Wrath|p2b: Green like Matcha|[spread] p2b\n|-activate|p2a: Bertha|move: Protect\n|-supereffective|p2b: Green like Matcha\n|-damage|p2b: Green like Matcha|11\/100\n|\n|upkeep\n|turn|3\n|inactive|WhiTe_PlauGe has 30 seconds left.\n|\n|t:|1700996705\n|move|p2a: Bertha|Ice Shard|p1b: Mufasa\n|-supereffective|p1b: Mufasa\n|-damage|p1b: Mufasa|0 fnt\n|faint|p1b: Mufasa\n|move|p1a: Dawg?|Rock Slide|p2b: Green like Matcha|[spread] p2a,p2b\n|-supereffective|p2a: Bertha\n|-damage|p2a: Bertha|41\/100\n|-damage|p2b: Green like Matcha|0 fnt\n|faint|p2b: Green like Matcha\n|\n|upkeep\n|\n|t:|1700996715\n|switch|p1b: Rosa Tubsman|Goodra-Hisui, L50, F|100\/100\n|switch|p2b: East Coast|Gastrodon-East, L50, M, shiny|100\/100\n|turn|4\n|inactive|WhiTe_PlauGe has 30 seconds left.\n|inactive|WhiTe_PlauGe has 20 seconds left.\n|\n|t:|1700996750\n|switch|p1a: GOJIRA|Baxcalibur, L50, M|100\/100\n|move|p2a: Bertha|Ice Shard|p1a: GOJIRA\n|-damage|p1a: GOJIRA|33\/100\n|move|p1b: Rosa Tubsman|Shelter|p1b: Rosa Tubsman\n|-boost|p1b: Rosa Tubsman|def|2\n|move|p2b: East Coast|Snowscape|p2b: East Coast\n|-weather|Snow\n|\n|-weather|Snow|[upkeep]\n|upkeep\n|turn|5\n|\n|t:|1700996778\n|move|p2a: Bertha|Protect|p2a: Bertha\n|-singleturn|p2a: Bertha|Protect\n|move|p1a: GOJIRA|Glaive Rush|p2a: Bertha\n|-activate|p2a: Bertha|move: Protect\n|move|p1b: Rosa Tubsman|Body Press|p2a: Bertha\n|-activate|p2a: Bertha|move: Protect\n|move|p2b: East Coast|Surf|p1a: GOJIRA|[spread] p1a,p1b\n|-activate|p2a: Bertha|move: Protect\n|-resisted|p1a: GOJIRA\n|-resisted|p1b: Rosa Tubsman\n|-damage|p1a: GOJIRA|24\/100\n|-damage|p1b: Rosa Tubsman|93\/100\n|\n|-weather|Snow|[upkeep]\n|upkeep\n|turn|6\n|inactive|WhiTe_PlauGe has 30 seconds left.\n|\n|t:|1700996807\n|move|p1a: GOJIRA|Protect|p1a: GOJIRA\n|-singleturn|p1a: GOJIRA|Protect\n|move|p2a: Bertha|Ice Shard|p1a: GOJIRA\n|-activate|p1a: GOJIRA|move: Protect\n|move|p1b: Rosa Tubsman|Body Press|p2a: Bertha\n|-supereffective|p2a: Bertha\n|-damage|p2a: Bertha|0 fnt\n|faint|p2a: Bertha\n|move|p2b: East Coast|Clear Smog|p1b: Rosa Tubsman\n|-immune|p1b: Rosa Tubsman\n|\n|-weather|Snow|[upkeep]\n|upkeep\n|\n|t:|1700996821\n|switch|p2a: Darkinine|Arcanine-Hisui, L50, M|46\/100\n|-ability|p2a: Darkinine|Intimidate|boost\n|-fail|p1a: GOJIRA|unboost|[from] item: Clear Amulet|[of] p1a: GOJIRA\n|-unboost|p1b: Rosa Tubsman|atk|1\n|turn|7\n|-message|WhiTe_PlauGe forfeited.\n|\n|win|Chef204\n|raw|Chef204's rating: 1139 &rarr; <strong>1157<\/strong><br \/>(+18 for winning)\n|raw|WhiTe_PlauGe's rating: 1044 &rarr; <strong>1032<\/strong><br \/>(-12 for losing)\n|l|\u2606WhiTe_PlauGe\n","uploadtime":1700996848,"views":26,"p1id":"chef204","p2id":"whiteplauge","formatid":"gen9vgc2023regulatione","rating":1032,"private":0,"password":""}