{"id":"gen9vgc2023regulatione-1992117306","p1":"The pickled artist","p2":"13dobe","format":"[Gen 9] VGC 2023 Regulation E","log":"|j|\u2606The pickled artist\n|j|\u260613dobe\n|t:|1700156509\n|gametype|doubles\n|player|p1|The pickled artist|red|1313\n|player|p2|13dobe|2|1353\n|teamsize|p1|6\n|teamsize|p2|6\n|gen|9\n|tier|[Gen 9] VGC 2023 Regulation E\n|rated|\n|rule|Species Clause: Limit one of each Pok\u00e9mon\n|rule|Item Clause: Limit one of each item\n|clearpoke\n|poke|p1|Gastrodon-East, L50, M|\n|poke|p1|Kingambit, L50, M|\n|poke|p1|Tinkaton, L50, F|\n|poke|p1|Ogerpon, L50, F|\n|poke|p1|Ribombee, L50, F|\n|poke|p1|Iron Moth, L50|\n|poke|p2|Tinkaton, L50, F|\n|poke|p2|Azumarill, L50, F|\n|poke|p2|Sinistcha, L50|\n|poke|p2|Pincurchin, L50, F|\n|poke|p2|Iron Hands, L50|\n|poke|p2|Rabsca, L50, F|\n|teampreview|4\n|inactive|Battle timer is ON: inactive players will automatically lose when time's up. (requested by 13dobe)\n|\n|t:|1700156554\n|start\n|switch|p1a: Scraps|Tinkaton, L50, F|100\/100\n|switch|p1b: Ivy|Ogerpon, L50, F|100\/100\n|switch|p2a: Tinkaton|Tinkaton, L50, F|100\/100\n|switch|p2b: Azumarill|Azumarill, L50, F|100\/100\n|-ability|p2a: Tinkaton|Mold Breaker\n|-item|p2a: Tinkaton|Air Balloon\n|turn|1\n|\n|t:|1700156571\n|-terastallize|p2b: Azumarill|Grass\n|move|p1a: Scraps|Fake Out|p2a: Tinkaton\n|-resisted|p2a: Tinkaton\n|-damage|p2a: Tinkaton|94\/100\n|-enditem|p2a: Tinkaton|Air Balloon\n|cant|p2a: Tinkaton|flinch\n|move|p1b: Ivy|Taunt|p2b: Azumarill\n|-start|p2b: Azumarill|move: Taunt\n|cant|p2b: Azumarill|move: Taunt|Belly Drum\n|\n|upkeep\n|turn|2\n|c|\u260613dobe|Ooo nice closed sheet tec kid!\n|inactive|13dobe has 30 seconds left.\n|\n|t:|1700156602\n|switch|p2a: Iron Hands|Iron Hands, L50|100\/100\n|move|p1b: Ivy|Stomping Tantrum|p2a: Iron Hands\n|-supereffective|p2a: Iron Hands\n|-damage|p2a: Iron Hands|68\/100\n|move|p1a: Scraps|Gigaton Hammer|p2b: Azumarill\n|-damage|p2b: Azumarill|39\/100\n|-enditem|p2b: Azumarill|Sitrus Berry|[eat]\n|-heal|p2b: Azumarill|64\/100|[from] item: Sitrus Berry\n|move|p2b: Azumarill|Play Rough|p1b: Ivy\n|-damage|p1b: Ivy|28\/100\n|\n|upkeep\n|turn|3\n|c|\u2606The pickled artist|You never offered to opened them\n|\n|t:|1700156625\n|-end|p2a: Iron Hands|Quark Drive|[silent]\n|switch|p2a: Sinistcha|Sinistcha, L50|100\/100\n|-heal|p2b: Azumarill|89\/100|[from] ability: Hospitality|[of] p2a: Sinistcha\n|move|p1b: Ivy|Spiky Shield|p1b: Ivy\n|-singleturn|p1b: Ivy|move: Protect\n|move|p1a: Scraps|Play Rough|p2a: Sinistcha\n|-damage|p2a: Sinistcha|68\/100\n|move|p2b: Azumarill|Play Rough|p1b: Ivy\n|-activate|p1b: Ivy|move: Protect\n|-damage|p2b: Azumarill|77\/100|[from] Spiky Shield|[of] p1b: Ivy\n|\n|-end|p2b: Azumarill|move: Taunt\n|upkeep\n|turn|4\n|c|\u260613dobe|Never said i didM\n|c|\u260613dobe|?\n|inactive|The pickled artist has 30 seconds left.\n|inactive|13dobe has 30 seconds left.\n|\n|t:|1700156659\n|switch|p2a: Tinkaton|Tinkaton, L50, F|94\/100\n|-ability|p2a: Tinkaton|Mold Breaker\n|-terastallize|p1b: Ivy|Grass\n|detailschange|p1b: Ivy|Ogerpon-Teal-Tera, L50, F, tera:Grass\n|-ability|p1b: Ivy|Embody Aspect (Teal)|boost\n|-boost|p1b: Ivy|spe|1\n|move|p1b: Ivy|Ivy Cudgel|p2b: Azumarill\n|-resisted|p2b: Azumarill\n|-crit|p2b: Azumarill\n|-damage|p2b: Azumarill|23\/100\n|move|p1a: Scraps|Gigaton Hammer|p2a: Tinkaton\n|-damage|p2a: Tinkaton|16\/100\n|move|p2b: Azumarill|Play Rough|p1b: Ivy|[miss]\n|-miss|p2b: Azumarill|p1b: Ivy\n|\n|upkeep\n|turn|5\n|c|\u260613dobe|Bahahahahahahahahahaha\n|c|\u2606The pickled artist|Womp womp\n|inactive|13dobe has 30 seconds left.\n|c|\u260613dobe|Lol well gg. Good emg there kid lol\n|\n|t:|1700156693\n|move|p1b: Ivy|Spiky Shield|p1b: Ivy\n|-singleturn|p1b: Ivy|move: Protect\n|move|p2a: Tinkaton|Fake Out|p1b: Ivy\n|-activate|p1b: Ivy|move: Protect\n|-damage|p2a: Tinkaton|4\/100|[from] Spiky Shield|[of] p1b: Ivy\n|move|p1a: Scraps|Play Rough|p2b: Azumarill\n|-damage|p2b: Azumarill|0 fnt\n|faint|p2b: Azumarill\n|\n|upkeep\n|\n|t:|1700156695\n|switch|p2b: Iron Hands|Iron Hands, L50|68\/100\n|turn|6\n|\n|t:|1700156713\n|switch|p2a: Sinistcha|Sinistcha, L50|68\/100\n|-heal|p2b: Iron Hands|92\/100|[from] ability: Hospitality|[of] p2a: Sinistcha\n|move|p1b: Ivy|Ivy Cudgel|p2b: Iron Hands\n|-damage|p2b: Iron Hands|49\/100\n|move|p1a: Scraps|Rock Slide|p2a: Sinistcha|[spread] p2a,p2b\n|-resisted|p2b: Iron Hands\n|-damage|p2a: Sinistcha|54\/100\n|-damage|p2b: Iron Hands|45\/100\n|move|p2b: Iron Hands|Drain Punch|p1b: Ivy\n|-damage|p1b: Ivy|0 fnt\n|-heal|p2b: Iron Hands|54\/100|[from] drain|[of] p1b: Ivy\n|faint|p1b: Ivy\n|\n|upkeep\n|c|\u260613dobe|They really need to find a new phycial fairy move lil\n|\n|t:|1700156728\n|switch|p1b: David|Gastrodon-East, L50, M|100\/100\n|turn|7\n|c|\u2606The pickled artist|They really do\n|\n|t:|1700156745\n|move|p1a: Scraps|Play Rough|p2b: Iron Hands\n|-supereffective|p2b: Iron Hands\n|-damage|p2b: Iron Hands|5\/100\n|move|p2a: Sinistcha|Matcha Gotcha|p1a: Scraps|[spread] p1b\n|-miss|p2a: Sinistcha|p1a: Scraps\n|-supereffective|p1b: David\n|-damage|p1b: David|0 fnt\n|-heal|p2a: Sinistcha|100\/100|[from] drain|[of] p1b: David\n|faint|p1b: David\n|-damage|p2a: Sinistcha|91\/100|[from] item: Life Orb\n|move|p2b: Iron Hands|Drain Punch|p1a: Scraps\n|-damage|p1a: Scraps|35\/100\n|-heal|p2b: Iron Hands|27\/100|[from] drain|[of] p1a: Scraps\n|\n|upkeep\n|\n|t:|1700156759\n|switch|p1b: Stab Mcgee|Kingambit, L50, M|100\/100\n|turn|8\n|inactive|13dobe has 30 seconds left.\n|\n|t:|1700156787\n|move|p1a: Scraps|Play Rough|p2b: Iron Hands\n|-supereffective|p2b: Iron Hands\n|-damage|p2b: Iron Hands|0 fnt\n|faint|p2b: Iron Hands\n|-end|p2b: Iron Hands|Quark Drive|[silent]\n|move|p2a: Sinistcha|Matcha Gotcha|p1a: Scraps|[spread] p1a,p1b\n|-resisted|p1a: Scraps\n|-resisted|p1b: Stab Mcgee\n|-damage|p1a: Scraps|14\/100\n|-heal|p2a: Sinistcha|100\/100|[from] drain|[of] p1a: Scraps\n|-damage|p1b: Stab Mcgee|78\/100\n|-damage|p2a: Sinistcha|91\/100|[from] item: Life Orb\n|move|p1b: Stab Mcgee|Kowtow Cleave|p2a: Sinistcha\n|-supereffective|p2a: Sinistcha\n|-damage|p2a: Sinistcha|0 fnt\n|faint|p2a: Sinistcha\n|\n|upkeep\n|\n|t:|1700156790\n|switch|p2b: Tinkaton|Tinkaton, L50, F|4\/100\n|-ability|p2b: Tinkaton|Mold Breaker\n|turn|9\n|c|\u260613dobe|Lol\n|-message|13dobe forfeited.\n|\n|win|The pickled artist\n|raw|The pickled artist's rating: 1313 &rarr; <strong>1335<\/strong><br \/>(+22 for winning)\n|raw|13dobe's rating: 1353 &rarr; <strong>1331<\/strong><br \/>(-22 for losing)\n|l|\u260613dobe\n","uploadtime":1700156809,"views":17,"p1id":"thepickledartist","p2id":"13dobe","formatid":"gen9vgc2023regulatione","rating":1331,"private":0,"password":""}