{"id":"gen9vgc2023regulatione-1990514917","p1":"headonbody","p2":"Agent_C_YEET","format":"[Gen 9] VGC 2023 Regulation E","log":"|j|\u2606headonbody\n|j|\u2606Agent_C_YEET\n|t:|1699977779\n|gametype|doubles\n|player|p1|headonbody|scientist-gen4dp|1062\n|player|p2|Agent_C_YEET|lucas|1012\n|teamsize|p1|6\n|teamsize|p2|6\n|gen|9\n|tier|[Gen 9] VGC 2023 Regulation E\n|rated|\n|rule|Species Clause: Limit one of each Pok\u00e9mon\n|rule|Item Clause: Limit one of each item\n|clearpoke\n|poke|p1|Inteleon, L50, F|\n|poke|p1|Pelipper, L50, F|\n|poke|p1|Urshifu-*, L50, F|\n|poke|p1|Farigiraf, L50, F|\n|poke|p1|Pikachu, L50, M|\n|poke|p1|Barraskewda, L50, M|\n|poke|p2|Flutter Mane, L50|\n|poke|p2|Dragonite, L50, M|\n|poke|p2|Baxcalibur, L50, M|\n|poke|p2|Gholdengo, L50|\n|poke|p2|Garganacl, L50, F|\n|poke|p2|Zapdos, L50|\n|teampreview|4\n|\n|t:|1699977799\n|start\n|switch|p1a: Inteleon|Inteleon, L50, F|100\/100\n|switch|p1b: Pikachu|Pikachu, L50, M|100\/100\n|switch|p2a: Dragonite|Dragonite, L50, M|100\/100\n|switch|p2b: Garganacl|Garganacl, L50, F|100\/100\n|turn|1\n|\n|t:|1699977823\n|move|p1b: Pikachu|Fake Out|p2a: Dragonite\n|-damage|p2a: Dragonite|95\/100\n|cant|p2a: Dragonite|flinch\n|move|p1a: Inteleon|Agility|p1a: Inteleon\n|-boost|p1a: Inteleon|spe|2\n|move|p2b: Garganacl|Salt Cure|p1a: Inteleon\n|-damage|p1a: Inteleon|75\/100\n|-start|p1a: Inteleon|Salt Cure\n|\n|-heal|p2a: Dragonite|100\/100|[from] item: Leftovers\n|-damage|p1a: Inteleon|50\/100|[from] Salt Cure\n|upkeep\n|turn|2\n|\n|t:|1699977855\n|switch|p1b: Pelipper|Pelipper, L50, F|100\/100\n|-weather|RainDance|[from] ability: Drizzle|[of] p1b: Pelipper\n|-terastallize|p1a: Inteleon|Water\n|move|p2a: Dragonite|Extreme Speed|p1b: Pelipper\n|-damage|p1b: Pelipper|64\/100\n|move|p1a: Inteleon|Surf|p2a: Dragonite|[spread] p1b,p2a,p2b\n|-resisted|p1b: Pelipper\n|-resisted|p2a: Dragonite\n|-supereffective|p2b: Garganacl\n|-damage|p1b: Pelipper|0 fnt\n|-damage|p2a: Dragonite|84\/100\n|-damage|p2b: Garganacl|0 fnt\n|faint|p1b: Pelipper\n|faint|p2b: Garganacl\n|\n|-weather|RainDance|[upkeep]\n|-heal|p2a: Dragonite|90\/100|[from] item: Leftovers\n|-damage|p1a: Inteleon|25\/100|[from] Salt Cure\n|upkeep\n|\n|t:|1699977877\n|switch|p1b: Pikachu|Pikachu, L50, M|100\/100\n|switch|p2b: Gholdengo|Gholdengo, L50|100\/100\n|turn|3\n|\n|t:|1699977893\n|move|p1b: Pikachu|Fake Out|p2a: Dragonite\n|-damage|p2a: Dragonite|80\/100\n|cant|p2a: Dragonite|flinch\n|move|p1a: Inteleon|Surf|p2a: Dragonite|[spread] p1b,p2a,p2b\n|-resisted|p2a: Dragonite\n|-damage|p1b: Pikachu|0 fnt\n|-damage|p2a: Dragonite|30\/100\n|-damage|p2b: Gholdengo|0 fnt\n|faint|p1b: Pikachu\n|faint|p2b: Gholdengo\n|\n|-weather|RainDance|[upkeep]\n|-heal|p2a: Dragonite|37\/100|[from] item: Leftovers\n|-damage|p1a: Inteleon|0 fnt|[from] Salt Cure\n|faint|p1a: Inteleon\n|upkeep\n|\n|t:|1699977910\n|switch|p1b: Urshifu|Urshifu-Rapid-Strike, L50, F|100\/100\n|switch|p2b: Baxcalibur|Baxcalibur, L50, M|100\/100\n|turn|4\n|\n|t:|1699977933\n|-terastallize|p2a: Dragonite|Flying\n|move|p2b: Baxcalibur|Dragon Dance|p2b: Baxcalibur\n|-boost|p2b: Baxcalibur|atk|1\n|-boost|p2b: Baxcalibur|spe|1\n|move|p1b: Urshifu|Surging Strikes|p2a: Dragonite\n|-crit|p2a: Dragonite\n|-damage|p2a: Dragonite|3\/100\n|-crit|p2a: Dragonite\n|-damage|p2a: Dragonite|0 fnt\n|faint|p2a: Dragonite\n|-hitcount|p2: Dragonite|2\n|\n|-weather|RainDance|[upkeep]\n|upkeep\n|turn|5\n|\n|t:|1699977947\n|move|p2b: Baxcalibur|Scale Shot|p1b: Urshifu\n|-damage|p1b: Urshifu|78\/100\n|-damage|p1b: Urshifu|53\/100\n|-damage|p1b: Urshifu|29\/100\n|-damage|p1b: Urshifu|6\/100\n|-damage|p1b: Urshifu|0 fnt\n|faint|p1b: Urshifu\n|-hitcount|p1: Urshifu|5\n|\n|win|Agent_C_YEET\n|raw|headonbody's rating: 1062 &rarr; <strong>1040<\/strong><br \/>(-22 for losing)\n|raw|Agent_C_YEET's rating: 1012 &rarr; <strong>1056<\/strong><br \/>(+44 for winning)\n","uploadtime":1699977960,"views":23,"p1id":"headonbody","p2id":"agentcyeet","formatid":"gen9vgc2023regulatione","rating":1040,"private":0,"password":""}