{"id":"gen9vgc2023regulatione-1988480731","p1":"H2obama","p2":"Vengeful potato","format":"[Gen 9] VGC 2023 Regulation E","log":"|j|\u2606H2obama\n|j|\u2606Vengeful potato\n|t:|1699727513\n|gametype|doubles\n|player|p1|H2obama|169|1387\n|player|p2|Vengeful potato|swimmer|1319\n|teamsize|p1|6\n|teamsize|p2|4\n|gen|9\n|tier|[Gen 9] VGC 2023 Regulation E\n|rated|\n|rule|Species Clause: Limit one of each Pok\u00e9mon\n|rule|Item Clause: Limit one of each item\n|clearpoke\n|poke|p1|Weezing, L50, M|\n|poke|p1|Roaring Moon, L50|\n|poke|p1|Arcanine-Hisui, L50, M|\n|poke|p1|Cresselia, L50, F|\n|poke|p1|Ogerpon-Wellspring, L50, F|\n|poke|p1|Sinistcha, L50|\n|poke|p2|Articuno-Galar, L50|\n|poke|p2|Maushold, L50|\n|poke|p2|Decidueye-Hisui, L50, M|\n|poke|p2|Stonjourner, L50, F|\n|teampreview|4\n|\n|t:|1699727546\n|start\n|switch|p1a: Weezing|Weezing, L50, M|100\/100\n|switch|p1b: Roaring Moon|Roaring Moon, L50|100\/100\n|switch|p2a: The Rizzler\ud83d\ude0e|Articuno-Galar, L50, shiny|100\/100\n|switch|p2b: Best Rock|Stonjourner, L50, F, shiny|100\/100\n|-ability|p1a: Weezing|Neutralizing Gas\n|-enditem|p1b: Roaring Moon|Booster Energy\n|-activate|p1b: Roaring Moon|ability: Protosynthesis|[fromitem]\n|-start|p1b: Roaring Moon|protosynthesisspe\n|turn|1\n|\n|t:|1699727566\n|move|p1b: Roaring Moon|Knock Off|p2a: The Rizzler\ud83d\ude0e\n|-supereffective|p2a: The Rizzler\ud83d\ude0e\n|-damage|p2a: The Rizzler\ud83d\ude0e|6\/100\n|-enditem|p2a: The Rizzler\ud83d\ude0e|Covert Cloak|[from] move: Knock Off|[of] p1b: Roaring Moon\n|move|p2a: The Rizzler\ud83d\ude0e|Freezing Glare|p1a: Weezing\n|-supereffective|p1a: Weezing\n|-damage|p1a: Weezing|16\/100\n|-enditem|p1a: Weezing|Sitrus Berry|[eat]\n|-heal|p1a: Weezing|41\/100|[from] item: Sitrus Berry\n|move|p2b: Best Rock|Rock Slide|p1b: Roaring Moon|[spread] p1a,p1b\n|-damage|p1a: Weezing|16\/100\n|-damage|p1b: Roaring Moon|66\/100\n|move|p1a: Weezing|Taunt|p2a: The Rizzler\ud83d\ude0e\n|-start|p2a: The Rizzler\ud83d\ude0e|move: Taunt\n|\n|upkeep\n|turn|2\n|\n|t:|1699727594\n|-end|p1a: Weezing|ability: Neutralizing Gas\n|switch|p1a: Sinistcha|Sinistcha, L50|100\/100\n|-heal|p1b: Roaring Moon|91\/100|[from] ability: Hospitality|[of] p1a: Sinistcha\n|move|p1b: Roaring Moon|Acrobatics|p2a: The Rizzler\ud83d\ude0e\n|-damage|p2a: The Rizzler\ud83d\ude0e|0 fnt\n|faint|p2a: The Rizzler\ud83d\ude0e\n|move|p2b: Best Rock|Rock Slide|p1b: Roaring Moon|[spread] p1a,p1b\n|-damage|p1a: Sinistcha|71\/100\n|-damage|p1b: Roaring Moon|50\/100\n|\n|-heal|p1a: Sinistcha|77\/100|[from] item: Leftovers\n|upkeep\n|\n|t:|1699727609\n|switch|p2a: Despereaux|Maushold, L50, shiny|100\/100\n|turn|3\n|\n|t:|1699727619\n|move|p1b: Roaring Moon|Protect|p1b: Roaring Moon\n|-singleturn|p1b: Roaring Moon|Protect\n|move|p2a: Despereaux|Protect|p2a: Despereaux\n|-singleturn|p2a: Despereaux|Protect\n|move|p2b: Best Rock|Heat Crash|p1a: Sinistcha\n|-supereffective|p1a: Sinistcha\n|-damage|p1a: Sinistcha|0 fnt\n|faint|p1a: Sinistcha\n|\n|upkeep\n|\n|t:|1699727628\n|switch|p1a: Arcanine|Arcanine-Hisui, L50, M|100\/100\n|-ability|p1a: Arcanine|Intimidate|boost\n|-unboost|p2a: Despereaux|atk|1\n|-fail|p2b: Best Rock|unboost|[from] item: Clear Amulet|[of] p2b: Best Rock\n|turn|4\n|\n|t:|1699727638\n|move|p2a: Despereaux|Follow Me|p2a: Despereaux\n|-singleturn|p2a: Despereaux|move: Follow Me\n|move|p1b: Roaring Moon|Knock Off|p2a: Despereaux\n|-damage|p2a: Despereaux|54\/100\n|-damage|p1b: Roaring Moon|34\/100|[from] item: Rocky Helmet|[of] p2a: Despereaux\n|-enditem|p2a: Despereaux|Rocky Helmet|[from] move: Knock Off|[of] p1b: Roaring Moon\n|move|p1a: Arcanine|Close Combat|p2a: Despereaux\n|-supereffective|p2a: Despereaux\n|-damage|p2a: Despereaux|0 fnt\n|-unboost|p1a: Arcanine|def|1\n|-unboost|p1a: Arcanine|spd|1\n|faint|p2a: Despereaux\n|move|p2b: Best Rock|High Horsepower|p1a: Arcanine\n|-supereffective|p1a: Arcanine\n|-damage|p1a: Arcanine|0 fnt\n|faint|p1a: Arcanine\n|\n|upkeep\n|\n|t:|1699727651\n|switch|p1a: Weezing|Weezing, L50, M|16\/100\n|switch|p2a: Robin DaBank|Decidueye-Hisui, L50, M, shiny|100\/100\n|-ability|p1a: Weezing|Neutralizing Gas\n|turn|5\n|c|\u2606H2obama|He really is a good rock boi\n|c|\u2606H2obama|Damn\n|c|\u2606Vengeful potato|Indeed\n|c|\u2606Vengeful potato|Lol\n|c|\u2606Vengeful potato|i just got lucky\n|\n|t:|1699727680\n|move|p2a: Robin DaBank|Protect|p2a: Robin DaBank\n|-singleturn|p2a: Robin DaBank|Protect\n|move|p1b: Roaring Moon|Knock Off|p2a: Robin DaBank\n|-activate|p2a: Robin DaBank|move: Protect\n|move|p2b: Best Rock|Rock Slide|p1a: Weezing|[spread] p1a,p1b\n|-damage|p1a: Weezing|0 fnt\n|-damage|p1b: Roaring Moon|0 fnt\n|faint|p1a: Weezing\n|-end|p1a: Weezing|ability: Neutralizing Gas\n|faint|p1b: Roaring Moon\n|-end|p1b: Roaring Moon|Protosynthesis|[silent]\n|\n|win|Vengeful potato\n|raw|H2obama's rating: 1387 &rarr; <strong>1363<\/strong><br \/>(-24 for losing)\n|raw|Vengeful potato's rating: 1319 &rarr; <strong>1343<\/strong><br \/>(+24 for winning)\n|c|\u2606Vengeful potato|Gg\n|c|\u2606H2obama|Gg\n|l|\u2606Vengeful potato\n","uploadtime":1699727702,"views":17,"p1id":"h2obama","p2id":"vengefulpotato","formatid":"gen9vgc2023regulatione","rating":1343,"private":0,"password":""}