{"id":"gen9vgc2023regulatione-1994846871","p1":"arumakan1","p2":"ShockucA","format":"[Gen 9] VGC 2023 Regulation E","log":"|j|\u2606arumakan1\n|j|\u2606ShockucA\n|t:|1700498210\n|gametype|doubles\n|player|p1|arumakan1|cynthia-gen4|1430\n|player|p2|ShockucA|scientistf|1331\n|teamsize|p1|6\n|teamsize|p2|6\n|gen|9\n|tier|[Gen 9] VGC 2023 Regulation E\n|rated|\n|rule|Species Clause: Limit one of each Pok\u00e9mon\n|rule|Item Clause: Limit one of each item\n|clearpoke\n|poke|p1|Gholdengo, L50|\n|poke|p1|Roaring Moon, L50|\n|poke|p1|Iron Hands, L50|\n|poke|p1|Amoonguss, L50, M|\n|poke|p1|Arcanine-Hisui, L50, M|\n|poke|p1|Urshifu-*, L50, M|\n|poke|p2|Flutter Mane, L50|\n|poke|p2|Lilligant-Hisui, L50, F|\n|poke|p2|Torkoal, L50, M|\n|poke|p2|Regieleki, L50|\n|poke|p2|Dragonite, L50, M|\n|poke|p2|Gholdengo, L50|\n|teampreview|4\n|inactive|Battle timer is ON: inactive players will automatically lose when time's up. (requested by arumakan1)\narumakan1 has agreed to open team sheets.\n|j| dfssdgfgd\n|inactive|arumakan1 has 60 seconds left.\n|inactive|ShockucA has 60 seconds left.\n|\n|t:|1700498245\n|start\n|switch|p1a: Roaring Moon|Roaring Moon, L50|100\/100\n|switch|p1b: Arcanine|Arcanine-Hisui, L50, M|100\/100\n|switch|p2a: Lilligant|Lilligant-Hisui, L50, F|100\/100\n|switch|p2b: Torkoal|Torkoal, L50, M|100\/100\n|-ability|p1b: Arcanine|Intimidate|boost\n|-unboost|p2a: Lilligant|atk|1\n|-unboost|p2b: Torkoal|atk|1\n|-weather|SunnyDay|[from] ability: Drought|[of] p2b: Torkoal\n|-activate|p1a: Roaring Moon|ability: Protosynthesis\n|-start|p1a: Roaring Moon|protosynthesisspe\n|turn|1\n|inactive|ShockucA has 30 seconds left.\n|\n|t:|1700498277\n|move|p2b: Torkoal|Protect|p2b: Torkoal\n|-singleturn|p2b: Torkoal|Protect\n|move|p2a: Lilligant|Sleep Powder|p1a: Roaring Moon\n|-status|p1a: Roaring Moon|slp|[from] move: Sleep Powder\n|cant|p1a: Roaring Moon|slp\n|move|p1b: Arcanine|Rock Slide|p2b: Torkoal|[spread] p2a\n|-activate|p2b: Torkoal|move: Protect\n|-resisted|p2a: Lilligant\n|-damage|p2a: Lilligant|68\/100\n|\n|-weather|SunnyDay|[upkeep]\n|upkeep\n|turn|2\n|inactive|ShockucA has 30 seconds left.\n|inactive|arumakan1 has 30 seconds left.\n|inactive|ShockucA has 20 seconds left.\n|inactive|arumakan1 has 20 seconds left.\n|\n|t:|1700498319\n|-end|p1a: Roaring Moon|Protosynthesis|[silent]\n|switch|p1a: Iron Hands|Iron Hands, L50|100\/100\n|move|p2a: Lilligant|Sleep Powder|p1b: Arcanine\n|-status|p1b: Arcanine|slp|[from] move: Sleep Powder\n|cant|p1b: Arcanine|slp\n|move|p2b: Torkoal|Earth Power|p1b: Arcanine\n|-supereffective|p1b: Arcanine\n|-damage|p1b: Arcanine|0 fnt\n|faint|p1b: Arcanine\n|\n|-weather|SunnyDay|[upkeep]\n|upkeep\n|\n|t:|1700498335\n|switch|p1b: Urshifu|Urshifu-Rapid-Strike, L50, M|100\/100\n|turn|3\n|\n|t:|1700498355\n|-terastallize|p2a: Lilligant|Ghost\n|move|p1a: Iron Hands|Fake Out|p2a: Lilligant\n|-immune|p2a: Lilligant\n|move|p2a: Lilligant|Sleep Powder|p1a: Iron Hands\n|-status|p1a: Iron Hands|slp|[from] move: Sleep Powder\n|move|p1b: Urshifu|Surging Strikes|p2b: Torkoal\n|-supereffective|p2b: Torkoal\n|-crit|p2b: Torkoal\n|-damage|p2b: Torkoal|82\/100\n|-damage|p1b: Urshifu|84\/100|[from] item: Rocky Helmet|[of] p2b: Torkoal\n|-supereffective|p2b: Torkoal\n|-crit|p2b: Torkoal\n|-damage|p2b: Torkoal|65\/100\n|-damage|p1b: Urshifu|67\/100|[from] item: Rocky Helmet|[of] p2b: Torkoal\n|-supereffective|p2b: Torkoal\n|-crit|p2b: Torkoal\n|-damage|p2b: Torkoal|49\/100\n|-damage|p1b: Urshifu|51\/100|[from] item: Rocky Helmet|[of] p2b: Torkoal\n|-hitcount|p2b: Torkoal|3\n|move|p2b: Torkoal|Heat Wave|p1b: Urshifu|[spread] p1a,p1b\n|-resisted|p1b: Urshifu\n|-damage|p1a: Iron Hands|76\/100 slp\n|-damage|p1b: Urshifu|15\/100\n|\n|-weather|SunnyDay|[upkeep]\n|upkeep\n|turn|4\n|inactive|ShockucA has 30 seconds left.\n|\n|t:|1700498385\n|move|p1b: Urshifu|Detect|p1b: Urshifu\n|-singleturn|p1b: Urshifu|Protect\n|move|p2a: Lilligant|Solar Blade||[still]\n|-prepare|p2a: Lilligant|Solar Blade\n|-anim|p2a: Lilligant|Solar Blade|p1b: Urshifu\n|-activate|p1b: Urshifu|move: Protect\n|cant|p1a: Iron Hands|slp\n|move|p2b: Torkoal|Earth Power|p1a: Iron Hands\n|-supereffective|p1a: Iron Hands\n|-damage|p1a: Iron Hands|50\/100 slp\n|\n|-weather|SunnyDay|[upkeep]\n|upkeep\n|turn|5\n|\n|t:|1700498407\n|switch|p1b: Roaring Moon|Roaring Moon, L50|100\/100 slp\n|-activate|p1b: Roaring Moon|ability: Protosynthesis\n|-start|p1b: Roaring Moon|protosynthesisspe\n|move|p2a: Lilligant|After You|p2b: Torkoal\n|-activate|p2b: Torkoal|move: After You\n|move|p2b: Torkoal|Heat Wave|p1b: Roaring Moon|[spread] p1a,p1b\n|-resisted|p1b: Roaring Moon\n|-damage|p1a: Iron Hands|26\/100 slp\n|-damage|p1b: Roaring Moon|80\/100 slp\n|cant|p1a: Iron Hands|slp\n|\n|-weather|none\n|-end|p1b: Roaring Moon|Protosynthesis\n|upkeep\n|-enditem|p1b: Roaring Moon|Booster Energy\n|-activate|p1b: Roaring Moon|ability: Protosynthesis|[fromitem]\n|-start|p1b: Roaring Moon|protosynthesisspe\n|turn|6\n|inactive|ShockucA has 30 seconds left.\n|\n|t:|1700498432\n|cant|p1b: Roaring Moon|slp\n|move|p2a: Lilligant|After You|p2b: Torkoal\n|-activate|p2b: Torkoal|move: After You\n|move|p2b: Torkoal|Earth Power|p1a: Iron Hands\n|-supereffective|p1a: Iron Hands\n|-damage|p1a: Iron Hands|0 fnt\n|faint|p1a: Iron Hands\n|-end|p1a: Iron Hands|Quark Drive|[silent]\n|\n|upkeep\n|\n|t:|1700498440\n|switch|p1a: Urshifu|Urshifu-Rapid-Strike, L50, M|15\/100\n|turn|7\n|\n|t:|1700498461\n|switch|p2b: Regieleki|Regieleki, L50|100\/100\n|move|p1a: Urshifu|Detect|p1a: Urshifu\n|-singleturn|p1a: Urshifu|Protect\n|-curestatus|p1b: Roaring Moon|slp|[msg]\n|move|p1b: Roaring Moon|Tailwind|p1b: Roaring Moon\n|-sidestart|p1: arumakan1|move: Tailwind\n|move|p2a: Lilligant|Sleep Powder|p1a: Urshifu\n|-activate|p1a: Urshifu|move: Protect\n|\n|upkeep\n|turn|8\n|inactive|ShockucA has 30 seconds left.\n|inactive|ShockucA has 20 seconds left.\n|inactive|ShockucA has 15 seconds left.\n|inactive|ShockucA has 10 seconds left.\n|\n|t:|1700498506\n|switch|p2b: Torkoal|Torkoal, L50, M|49\/100\n|-weather|SunnyDay|[from] ability: Drought|[of] p2b: Torkoal\n|move|p1b: Roaring Moon|Knock Off|p2b: Torkoal\n|-damage|p2b: Torkoal|9\/100\n|-damage|p1b: Roaring Moon|64\/100|[from] item: Rocky Helmet|[of] p2b: Torkoal\n|-enditem|p2b: Torkoal|Rocky Helmet|[from] move: Knock Off|[of] p1b: Roaring Moon\n|move|p2a: Lilligant|Sleep Powder|p1b: Roaring Moon\n|-status|p1b: Roaring Moon|slp|[from] move: Sleep Powder\n|move|p1a: Urshifu|Surging Strikes|p2a: Lilligant\n|-crit|p2a: Lilligant\n|-damage|p2a: Lilligant|50\/100\n|-crit|p2a: Lilligant\n|-damage|p2a: Lilligant|34\/100\n|-crit|p2a: Lilligant\n|-damage|p2a: Lilligant|17\/100\n|-hitcount|p2a: Lilligant|3\n|\n|-weather|SunnyDay|[upkeep]\n|upkeep\n|turn|9\n|inactive|arumakan1 has 30 seconds left.\n|inactive|ShockucA has 30 seconds left.\n|c|\u2606ShockucA|gg\n|\n|t:|1700498541\n|switch|p2b: Flutter Mane|Flutter Mane, L50|100\/100\n|-activate|p2b: Flutter Mane|ability: Protosynthesis\n|-start|p2b: Flutter Mane|protosynthesisspe\n|move|p1a: Urshifu|Detect|p1a: Urshifu\n|-singleturn|p1a: Urshifu|Protect\n|cant|p1b: Roaring Moon|slp\n|move|p2a: Lilligant|Sleep Powder|p1a: Urshifu\n|-activate|p1a: Urshifu|move: Protect\n|\n|-weather|SunnyDay|[upkeep]\n|upkeep\n|turn|10\n|inactive|ShockucA has 30 seconds left.\n|\n|t:|1700498566\n|-curestatus|p1b: Roaring Moon|slp|[msg]\n|move|p1b: Roaring Moon|Knock Off|p2b: Flutter Mane\n|-damage|p2b: Flutter Mane|4\/100\n|-enditem|p2b: Flutter Mane|Choice Specs|[from] move: Knock Off|[of] p1b: Roaring Moon\n|move|p2a: Lilligant|Solar Blade||[still]\n|-prepare|p2a: Lilligant|Solar Blade\n|-anim|p2a: Lilligant|Solar Blade|p1a: Urshifu\n|-supereffective|p1a: Urshifu\n|-damage|p1a: Urshifu|0 fnt\n|faint|p1a: Urshifu\n|move|p2b: Flutter Mane|Dazzling Gleam|p1b: Roaring Moon\n|-supereffective|p1b: Roaring Moon\n|-damage|p1b: Roaring Moon|0 fnt\n|faint|p1b: Roaring Moon\n|-end|p1b: Roaring Moon|Protosynthesis|[silent]\n|\n|win|ShockucA\n|raw|arumakan1's rating: 1430 &rarr; <strong>1404<\/strong><br \/>(-26 for losing)\n|raw|ShockucA's rating: 1331 &rarr; <strong>1357<\/strong><br \/>(+26 for winning)\n|l|\u2606arumakan1\n","uploadtime":1700498776,"views":1,"p1id":"arumakan1","p2id":"shockuca","formatid":"gen9vgc2023regulatione","rating":1357,"private":0,"password":""}