{"id":"gen9vgc2023regulatione-1988141465","p1":"Redisthenewblue","p2":"RKTG","format":"[Gen 9] VGC 2023 Regulation E","log":"|j|\u2606Redisthenewblue\n|j|\u2606RKTG\n|n|\u2606Redisthenewblue|redisthenewblue\n|n|\u2606RKTG|rktg\n|html|View the match progress at <a href=\"\/game-bestof3-gen9vgc2023regulatione-1988140096\">game-bestof3-gen9vgc2023regulatione-1988140096<\/a>\n|t:|1699674806\n|gametype|doubles\n|player|p1|Redisthenewblue|ethan|\n|player|p2|RKTG|hiker-gen4|\n|teamsize|p1|6\n|teamsize|p2|6\n|gen|9\n|tier|[Gen 9] VGC 2023 Regulation E\n|rule|Species Clause: Limit one of each Pok\u00e9mon\n|rule|Item Clause: Limit one of each item\n|clearpoke\n|poke|p1|Garchomp, L50, M|\n|poke|p1|Annihilape, L50, M|\n|poke|p1|Murkrow, L50, F|\n|poke|p1|Farigiraf, L50, F|\n|poke|p1|Bellibolt, L50, F|\n|poke|p1|Pachirisu, L50, F|\n|poke|p2|Raichu, L50, F|\n|poke|p2|Dragonite, L50, M|\n|poke|p2|Skeledirge, L50, M|\n|poke|p2|Blissey, L50, F|\n|poke|p2|Pelipper, L50, F|\n|poke|p2|Torkoal, L50, F|\n|teampreview|4\n|\n|t:|1699674840\n|start\n|switch|p1a: Pachirisu|Pachirisu, L50, F|100\/100\n|switch|p1b: Bellibolt|Bellibolt, L50, F|100\/100\n|switch|p2a: Dragonite|Dragonite, L50, M|100\/100\n|switch|p2b: Raichu|Raichu, L50, F|100\/100\n|turn|1\n|\n|t:|1699674867\n|-terastallize|p1a: Pachirisu|Flying\n|move|p2b: Raichu|Brick Break|p1a: Pachirisu\n|-resisted|p1a: Pachirisu\n|-damage|p1a: Pachirisu|91\/100\n|move|p2a: Dragonite|Draco Meteor|p1b: Bellibolt|[miss]\n|-miss|p2a: Dragonite|p1b: Bellibolt\n|move|p1a: Pachirisu|Encore|p2a: Dragonite\n|-start|p2a: Dragonite|Encore\n|move|p1b: Bellibolt|Muddy Water|p2a: Dragonite|[spread] p2a,p2b\n|-resisted|p2a: Dragonite\n|-damage|p2a: Dragonite|94\/100\n|-damage|p2b: Raichu|73\/100\n|\n|upkeep\n|turn|2\n|\n|t:|1699674896\n|switch|p1b: Annihilape|Annihilape, L50, M|100\/100\n|-terastallize|p2a: Dragonite|Dragon\n|move|p2b: Raichu|Play Rough|p1b: Annihilape\n|-supereffective|p1b: Annihilape\n|-damage|p1b: Annihilape|63\/100\n|-unboost|p1b: Annihilape|atk|1\n|-ability|p1b: Annihilape|Defiant|boost\n|-boost|p1b: Annihilape|atk|2\n|move|p2a: Dragonite|Draco Meteor|p1a: Pachirisu\n|-damage|p1a: Pachirisu|25\/100\n|-unboost|p2a: Dragonite|spa|2\n|move|p1a: Pachirisu|Encore|p2b: Raichu\n|-start|p2b: Raichu|Encore\n|\n|-heal|p1b: Annihilape|69\/100|[from] item: Leftovers\n|upkeep\n|turn|3\n|\n|t:|1699674928\n|move|p2b: Raichu|Play Rough|p1a: Pachirisu\n|-damage|p1a: Pachirisu|2\/100\n|move|p2a: Dragonite|Draco Meteor|p1b: Annihilape\n|-damage|p1b: Annihilape|40\/100\n|-unboost|p2a: Dragonite|spa|2\n|move|p1b: Annihilape|Rage Fist|p2b: Raichu\n|-damage|p2b: Raichu|0 fnt\n|faint|p2b: Raichu\n|move|p1a: Pachirisu|Electric Terrain|p1a: Pachirisu\n|-fieldstart|move: Electric Terrain\n|\n|-heal|p1b: Annihilape|47\/100|[from] item: Leftovers\n|upkeep\n|\n|t:|1699674942\n|switch|p2b: Blissey|Blissey, L50, F|100\/100\n|turn|4\n|\n|t:|1699674957\n|switch|p1a: Bellibolt|Bellibolt, L50, F|100\/100\n|move|p2a: Dragonite|Draco Meteor|p1b: Annihilape\n|-damage|p1b: Annihilape|29\/100\n|-unboost|p2a: Dragonite|spa|2\n|move|p1b: Annihilape|Bulldoze|p2b: Blissey|[spread] p1a,p2a,p2b\n|-supereffective|p1a: Bellibolt\n|-damage|p1a: Bellibolt|67\/100\n|-damage|p2a: Dragonite|76\/100\n|-damage|p2b: Blissey|75\/100\n|-unboost|p1a: Bellibolt|spe|1\n|-unboost|p2a: Dragonite|spe|1\n|-unboost|p2b: Blissey|spe|1\n|-start|p1a: Bellibolt|Charge|Bulldoze|[from] ability: Electromorphosis\n|-enditem|p1a: Bellibolt|Weakness Policy\n|-boost|p1a: Bellibolt|atk|2|[from] item: Weakness Policy\n|-boost|p1a: Bellibolt|spa|2|[from] item: Weakness Policy\n|move|p2b: Blissey|Seismic Toss|p1a: Bellibolt\n|-damage|p1a: Bellibolt|43\/100\n|-start|p1a: Bellibolt|Charge|Seismic Toss|[from] ability: Electromorphosis\n|\n|-heal|p1b: Annihilape|36\/100|[from] item: Leftovers\n|-end|p2a: Dragonite|Encore\n|upkeep\n|turn|5\n|\n|t:|1699674995\n|move|p1b: Annihilape|Protect|p1b: Annihilape\n|-singleturn|p1b: Annihilape|Protect\n|move|p2a: Dragonite|Earthquake|p1a: Bellibolt|[spread] p2b,p1a\n|-activate|p1b: Annihilape|move: Protect\n|-supereffective|p1a: Bellibolt\n|-damage|p2b: Blissey|45\/100\n|-damage|p1a: Bellibolt|1\/100\n|-start|p1a: Bellibolt|Charge|Earthquake|[from] ability: Electromorphosis\n|move|p2b: Blissey|Soft-Boiled|p2b: Blissey\n|-heal|p2b: Blissey|95\/100\n|move|p1a: Bellibolt|Parabolic Charge|p2b: Blissey|[spread] p2a,p2b\n|-activate|p1b: Annihilape|move: Protect\n|-resisted|p2a: Dragonite\n|-damage|p2a: Dragonite|42\/100\n|-heal|p1a: Bellibolt|15\/100|[from] drain|[of] p2a: Dragonite\n|-damage|p2b: Blissey|56\/100\n|-heal|p1a: Bellibolt|47\/100|[from] drain|[of] p2b: Blissey\n|-end|p1a: Bellibolt|Charge|[silent]\n|\n|-heal|p1b: Annihilape|42\/100|[from] item: Leftovers\n|upkeep\n|turn|6\n|\n|t:|1699675031\n|move|p1a: Bellibolt|Protect|p1a: Bellibolt\n|-singleturn|p1a: Bellibolt|Protect\n|move|p1b: Annihilape|Rage Fist|p2a: Dragonite\n|-damage|p2a: Dragonite|0 fnt\n|faint|p2a: Dragonite\n|move|p2b: Blissey|Seismic Toss|p1b: Annihilape\n|-immune|p1b: Annihilape\n|\n|-heal|p1b: Annihilape|48\/100|[from] item: Leftovers\n|upkeep\n|\n|t:|1699675044\n|switch|p2a: Pelipper|Pelipper, L50, F|100\/100\n|-weather|RainDance|[from] ability: Drizzle|[of] p2a: Pelipper\n|turn|7\n|\n|t:|1699675060\n|switch|p1b: Pachirisu|Pachirisu, L50, F, tera:Flying|2\/100\n|move|p2a: Pelipper|Chilling Water|p1b: Pachirisu\n|-damage|p1b: Pachirisu|0 fnt\n|faint|p1b: Pachirisu\n|move|p2b: Blissey|Heal Pulse|p2a: Pelipper\n|-fail|p2a: Pelipper|heal\n|move|p1a: Bellibolt|Parabolic Charge|p2a: Pelipper|[spread] p2a,p2b\n|-supereffective|p2a: Pelipper\n|-enditem|p2a: Pelipper|Focus Sash\n|-damage|p2a: Pelipper|1\/100\n|-heal|p1a: Bellibolt|82\/100|[from] drain|[of] p2a: Pelipper\n|-damage|p2b: Blissey|39\/100\n|-heal|p1a: Bellibolt|96\/100|[from] drain|[of] p2b: Blissey\n|\n|-weather|RainDance|[upkeep]\n|-fieldend|move: Electric Terrain\n|upkeep\n|\n|t:|1699675076\n|switch|p1b: Garchomp|Garchomp, L50, M|100\/100\n|turn|8\n|\n|t:|1699675089\n|move|p1b: Garchomp|Rock Slide|p2a: Pelipper|[spread] p2a,p2b\n|-supereffective|p2a: Pelipper\n|-damage|p2a: Pelipper|0 fnt\n|-damage|p2b: Blissey|14\/100\n|faint|p2a: Pelipper\n|move|p2b: Blissey|Heal Pulse|p2: Pelipper|[notarget]\n|-fail|p2b: Blissey\n|move|p1a: Bellibolt|Parabolic Charge|p2b: Blissey|[spread] p2b\n|-immune|p1b: Garchomp\n|-damage|p2b: Blissey|0 fnt\n|-heal|p1a: Bellibolt|100\/100|[from] drain|[of] p2b: Blissey\n|faint|p2b: Blissey\n|\n|win|Redisthenewblue\n|c|\u2606Redisthenewblue|ggs dude!\n|c|\u2606RKTG|I mean it wasnt\n|c|\u2606RKTG|lol\n|c|\u2606RKTG|but I'm not surprised\n|l|\u2606RKTG\n","uploadtime":1699675143,"views":16,"p1id":"redisthenewblue","p2id":"rktg","formatid":"gen9vgc2023regulatione","rating":0,"private":0,"password":""}