{"id":"gen9vgc2023regulatione-1999851166","p1":"UltraEra","p2":"SaladHarry","format":"[Gen 9] VGC 2023 Regulation E","log":"|j|\u2606UltraEra\n|j|\u2606SaladHarry\n|t:|1701122733\n|gametype|doubles\n|player|p1|UltraEra|n|1237\n|player|p2|SaladHarry|grimsley|1191\n|teamsize|p1|6\n|teamsize|p2|6\n|gen|9\n|tier|[Gen 9] VGC 2023 Regulation E\n|rated|\n|rule|Species Clause: Limit one of each Pok\u00e9mon\n|rule|Item Clause: Limit one of each item\n|clearpoke\n|poke|p1|Urshifu-*, L50, M|\n|poke|p1|Ursaluna, L50, M|\n|poke|p1|Flutter Mane, L50|\n|poke|p1|Ogerpon-Wellspring, L50, F|\n|poke|p1|Cresselia, L50, F|\n|poke|p1|Arcanine-Hisui, L50, M|\n|poke|p2|Ninetales-Alola, L50, F|\n|poke|p2|Iron Bundle, L50|\n|poke|p2|Iron Hands, L50|\n|poke|p2|Urshifu-*, L50, M|\n|poke|p2|Chien-Pao, L50|\n|poke|p2|Landorus-Therian, L50, M|\n|teampreview|4\n|\n|t:|1701122781\n|start\n|switch|p1a: Cresselia|Cresselia, L50, F, shiny|100\/100\n|switch|p1b: Arcanine|Arcanine-Hisui, L50, M, shiny|100\/100\n|switch|p2a: Iron Thighs|Iron Hands, L50|100\/100\n|switch|p2b: Iron Deli|Iron Bundle, L50|100\/100\n|-ability|p1b: Arcanine|Intimidate|boost\n|-unboost|p2a: Iron Thighs|atk|1\n|-unboost|p2b: Iron Deli|atk|1\n|-enditem|p2b: Iron Deli|Booster Energy\n|-activate|p2b: Iron Deli|ability: Quark Drive|[fromitem]\n|-start|p2b: Iron Deli|quarkdrivespe\n|turn|1\n|inactive|Battle timer is ON: inactive players will automatically lose when time's up. (requested by UltraEra)\n|\n|t:|1701122801\n|-end|p2b: Iron Deli|Quark Drive|[silent]\n|switch|p2b: Urshifu|Urshifu-Rapid-Strike, L50, M|100\/100\n|move|p1b: Arcanine|Protect|p1b: Arcanine\n|-singleturn|p1b: Arcanine|Protect\n|move|p2a: Iron Thighs|Fake Out|p1a: Cresselia\n|-damage|p1a: Cresselia|93\/100\n|-damage|p2a: Iron Thighs|84\/100|[from] item: Rocky Helmet|[of] p1a: Cresselia\n|cant|p1a: Cresselia|flinch\n|\n|upkeep\n|turn|2\n|\n|t:|1701122813\n|switch|p1b: Ogerpon|Ogerpon-Wellspring, L50, F|100\/100\n|move|p2b: Urshifu|Surging Strikes|p1a: Cresselia\n|-crit|p1a: Cresselia\n|-damage|p1a: Cresselia|81\/100\n|-damage|p2b: Urshifu|84\/100|[from] item: Rocky Helmet|[of] p1a: Cresselia\n|-crit|p1a: Cresselia\n|-damage|p1a: Cresselia|67\/100\n|-damage|p2b: Urshifu|67\/100|[from] item: Rocky Helmet|[of] p1a: Cresselia\n|-crit|p1a: Cresselia\n|-damage|p1a: Cresselia|55\/100\n|-damage|p2b: Urshifu|51\/100|[from] item: Rocky Helmet|[of] p1a: Cresselia\n|-hitcount|p1a: Cresselia|3\n|move|p2a: Iron Thighs|Wild Charge|p1a: Cresselia\n|-damage|p1a: Cresselia|32\/100\n|-damage|p2a: Iron Thighs|68\/100|[from] item: Rocky Helmet|[of] p1a: Cresselia\n|-damage|p2a: Iron Thighs|62\/100|[from] Recoil\n|move|p1a: Cresselia|Trick Room|p1a: Cresselia\n|-fieldstart|move: Trick Room|[of] p1a: Cresselia\n|\n|upkeep\n|turn|3\n|inactive|UltraEra has 30 seconds left.\n|\n|t:|1701122843\n|switch|p2b: Landorus|Landorus-Therian, L50, M|100\/100\n|-ability|p2b: Landorus|Intimidate|boost\n|-unboost|p1a: Cresselia|atk|1\n|-unboost|p1b: Ogerpon|atk|1\n|-terastallize|p2a: Iron Thighs|Grass\n|move|p2a: Iron Thighs|Drain Punch|p1b: Ogerpon\n|-damage|p1b: Ogerpon|72\/100\n|-heal|p2a: Iron Thighs|73\/100|[from] drain|[of] p1b: Ogerpon\n|move|p1a: Cresselia|Dazzling Gleam|p2a: Iron Thighs|[spread] p2a,p2b\n|-damage|p2a: Iron Thighs|67\/100\n|-damage|p2b: Landorus|88\/100\n|move|p1b: Ogerpon|Horn Leech|p2b: Landorus\n|-damage|p2b: Landorus|63\/100\n|-heal|p1b: Ogerpon|85\/100|[from] drain|[of] p2b: Landorus\n|\n|upkeep\n|turn|4\n|\n|t:|1701122854\n|move|p1b: Ogerpon|Spiky Shield|p1b: Ogerpon\n|-singleturn|p1b: Ogerpon|move: Protect\n|move|p2a: Iron Thighs|Drain Punch|p1b: Ogerpon\n|-activate|p1b: Ogerpon|move: Protect\n|-damage|p2a: Iron Thighs|55\/100|[from] Spiky Shield|[of] p1b: Ogerpon\n|move|p1a: Cresselia|Lunar Blessing|p1a: Cresselia|[spread] p1a,p1b\n|-heal|p1a: Cresselia|57\/100\n|-heal|p1b: Ogerpon|100\/100\n|move|p2b: Landorus|U-turn|p1a: Cresselia\n|-supereffective|p1a: Cresselia\n|-crit|p1a: Cresselia\n|-damage|p1a: Cresselia|0 fnt\n|-damage|p2b: Landorus|47\/100|[from] item: Rocky Helmet|[of] p1a: Cresselia\n|faint|p1a: Cresselia\n|\n|t:|1701122862\n|switch|p2b: Iron Deli|Iron Bundle, L50|100\/100|[from] U-turn\n|\n|upkeep\n|\n|t:|1701122868\n|switch|p1a: Ursaluna|Ursaluna, L50, M, shiny|100\/100\n|turn|5\n|\n|t:|1701122885\n|switch|p1b: Arcanine|Arcanine-Hisui, L50, M, shiny|100\/100\n|-ability|p1b: Arcanine|Intimidate|boost\n|-unboost|p2a: Iron Thighs|atk|1\n|-unboost|p2b: Iron Deli|atk|1\n|-terastallize|p1a: Ursaluna|Dragon\n|move|p2b: Iron Deli|Protect|p2b: Iron Deli\n|-singleturn|p2b: Iron Deli|Protect\n|move|p2a: Iron Thighs|Drain Punch|p1b: Arcanine\n|-supereffective|p1b: Arcanine\n|-damage|p1b: Arcanine|53\/100\n|-heal|p2a: Iron Thighs|74\/100|[from] drain|[of] p1b: Arcanine\n|move|p1a: Ursaluna|Facade|p2b: Iron Deli\n|-activate|p2b: Iron Deli|move: Protect\n|\n|-status|p1a: Ursaluna|brn|[from] item: Flame Orb\n|upkeep\n|turn|6\n|\n|t:|1701122897\n|-end|p2b: Iron Deli|Quark Drive|[silent]\n|switch|p2b: Landorus|Landorus-Therian, L50, M|47\/100\n|-ability|p2b: Landorus|Intimidate|boost\n|-unboost|p1a: Ursaluna|atk|1\n|-unboost|p1b: Arcanine|atk|1\n|move|p2a: Iron Thighs|Drain Punch|p1b: Arcanine\n|-supereffective|p1b: Arcanine\n|-damage|p1b: Arcanine|5\/100\n|-heal|p2a: Iron Thighs|93\/100|[from] drain|[of] p1b: Arcanine\n|move|p1a: Ursaluna|Facade|p2b: Landorus\n|-damage|p2b: Landorus|0 fnt\n|faint|p2b: Landorus\n|move|p1b: Arcanine|Flare Blitz|p2a: Iron Thighs\n|-supereffective|p2a: Iron Thighs\n|-damage|p2a: Iron Thighs|21\/100\n|-damage|p1b: Arcanine|0 fnt|[from] Recoil\n|faint|p1b: Arcanine\n|\n|-damage|p1a: Ursaluna|95\/100 brn|[from] brn\n|-fieldend|move: Trick Room\n|upkeep\n|\n|t:|1701122903\n|switch|p1b: Ogerpon|Ogerpon-Wellspring, L50, F|100\/100\n|switch|p2b: Iron Deli|Iron Bundle, L50|100\/100\n|turn|7\n|inactive|UltraEra has 30 seconds left.\n|inactive|SaladHarry has 30 seconds left.\n|inactive|UltraEra has 20 seconds left.\n|inactive|SaladHarry has 20 seconds left.\n|inactive|UltraEra has 15 seconds left.\n|inactive|SaladHarry has 15 seconds left.\n|inactive|SaladHarry has 10 seconds left.\n|inactive|SaladHarry has 5 seconds left.\n|\n|t:|1701122958\n|move|p1b: Ogerpon|Follow Me|p1b: Ogerpon\n|-singleturn|p1b: Ogerpon|move: Follow Me\n|move|p2b: Iron Deli|Freeze-Dry|p1b: Ogerpon\n|-supereffective|p1b: Ogerpon\n|-damage|p1b: Ogerpon|0 fnt\n|faint|p1b: Ogerpon\n|move|p1a: Ursaluna|Swords Dance|p1a: Ursaluna\n|-boost|p1a: Ursaluna|atk|2\n|move|p2a: Iron Thighs|Wild Charge|p1a: Ursaluna\n|-resisted|p1a: Ursaluna\n|-damage|p1a: Ursaluna|84\/100 brn\n|-damage|p2a: Iron Thighs|19\/100|[from] Recoil\n|\n|-damage|p1a: Ursaluna|79\/100 brn|[from] brn\n|upkeep\n|turn|8\n|\n|t:|1701122976\n|-end|p2a: Iron Thighs|Quark Drive|[silent]\n|switch|p2a: Urshifu|Urshifu-Rapid-Strike, L50, M|51\/100\n|move|p2b: Iron Deli|Freeze-Dry|p1a: Ursaluna\n|-supereffective|p1a: Ursaluna\n|-damage|p1a: Ursaluna|14\/100 brn\n|move|p1a: Ursaluna|Earthquake|p2b: Iron Deli|[spread] p2a,p2b\n|-damage|p2a: Urshifu|0 fnt\n|-damage|p2b: Iron Deli|0 fnt\n|faint|p2a: Urshifu\n|faint|p2b: Iron Deli\n|-end|p2b: Iron Deli|Quark Drive|[silent]\n|\n|-damage|p1a: Ursaluna|8\/100 brn|[from] brn\n|upkeep\n|\n|t:|1701122979\n|switch|p2b: Iron Thighs|Iron Hands, L50, tera:Grass|19\/100\n|turn|9\n|\n|t:|1701122982\n|move|p1a: Ursaluna|Protect|p1a: Ursaluna\n|-singleturn|p1a: Ursaluna|Protect\n|move|p2b: Iron Thighs|Fake Out|p1a: Ursaluna\n|-activate|p1a: Ursaluna|move: Protect\n|\n|-damage|p1a: Ursaluna|2\/100 brn|[from] brn\n|upkeep\n|turn|10\n|c|\u2606SaladHarry|gg\n|\n|t:|1701122990\n|move|p2b: Iron Thighs|Fake Out||[still]\n|-hint|Fake Out only works on your first turn out.\n|-fail|p2b: Iron Thighs\n|move|p1a: Ursaluna|Facade|p2b: Iron Thighs\n|-crit|p2b: Iron Thighs\n|-damage|p2b: Iron Thighs|0 fnt\n|faint|p2b: Iron Thighs\n|-end|p2b: Iron Thighs|Quark Drive|[silent]\n|\n|win|UltraEra\n|raw|UltraEra's rating: 1237 &rarr; <strong>1259<\/strong><br \/>(+22 for winning)\n|raw|SaladHarry's rating: 1191 &rarr; <strong>1169<\/strong><br \/>(-22 for losing)\n|c|\u2606SaladHarry|misclick kms ggs\n|l|\u2606SaladHarry\n","uploadtime":1701123011,"views":7,"p1id":"ultraera","p2id":"saladharry","formatid":"gen9vgc2023regulatione","rating":1169,"private":0,"password":""}