{"id":"gen9vgc2023regulatione-1997850545","p1":"saltonthealt","p2":"testingtothetop69","format":"[Gen 9] VGC 2023 Regulation E","log":"|j|\u2606saltonthealt\n|j|\u2606testingtothetop69\n|t:|1700859613\n|gametype|doubles\n|player|p1|saltonthealt|swimmerf|1427\n|player|p2|testingtothetop69|baker|1323\n|teamsize|p1|6\n|teamsize|p2|6\n|gen|9\n|tier|[Gen 9] VGC 2023 Regulation E\n|rated|\n|rule|Species Clause: Limit one of each Pok\u00e9mon\n|rule|Item Clause: Limit one of each item\n|clearpoke\n|poke|p1|Houndstone, L50, M|\n|poke|p1|Tyranitar, L50, M|\n|poke|p1|Roaring Moon, L50|\n|poke|p1|Ogerpon-Wellspring, L50, F|\n|poke|p1|Heatran, L50, M|\n|poke|p1|Landorus-Therian, L50, M|\n|poke|p2|Sinistcha-Masterpiece, L50|\n|poke|p2|Tornadus, L50, M|\n|poke|p2|Ogerpon, L50, F|\n|poke|p2|Landorus-Therian, L50, M|\n|poke|p2|Armarouge, L50, F|\n|poke|p2|Indeedee-F, L50, F|\n|teampreview|4\n|\n|t:|1700859648\n|start\n|switch|p1a: AWOOOOOO|Houndstone, L50, M|100\/100\n|switch|p1b: Ogerpon|Ogerpon-Wellspring, L50, F|100\/100\n|switch|p2a: Landorus|Landorus-Therian, L50, M|100\/100\n|switch|p2b: Ogerpon|Ogerpon, L50, F|100\/100\n|-ability|p2a: Landorus|Intimidate|boost\n|-unboost|p1a: AWOOOOOO|atk|1\n|-unboost|p1b: Ogerpon|atk|1\n|turn|1\n|\n|t:|1700859673\n|move|p2a: Landorus|Rock Slide|p1a: AWOOOOOO|[spread] p1a,p1b\n|-damage|p1a: AWOOOOOO|84\/100\n|-damage|p1b: Ogerpon|77\/100\n|move|p2b: Ogerpon|Ivy Cudgel|p1b: Ogerpon\n|-damage|p1b: Ogerpon|14\/100\n|cant|p1b: Ogerpon|flinch\n|move|p1a: AWOOOOOO|Will-O-Wisp|p2b: Ogerpon|[miss]\n|-miss|p1a: AWOOOOOO|p2b: Ogerpon\n|\n|upkeep\n|turn|2\n|\n|t:|1700859689\n|switch|p1b: Tyranitar|Tyranitar, L50, M|100\/100\n|-weather|Sandstorm|[from] ability: Sand Stream|[of] p1b: Tyranitar\n|move|p2a: Landorus|Rock Slide|p1b: Tyranitar|[spread] p1a,p1b\n|-damage|p1a: AWOOOOOO|65\/100\n|-damage|p1b: Tyranitar|83\/100\n|move|p1a: AWOOOOOO|Howl|p1a: AWOOOOOO|[spread] p1a,p1b\n|-boost|p1a: AWOOOOOO|atk|1\n|-boost|p1b: Tyranitar|atk|1\n|move|p2b: Ogerpon|Ivy Cudgel|p1a: AWOOOOOO\n|-damage|p1a: AWOOOOOO|22\/100\n|-enditem|p1a: AWOOOOOO|Sitrus Berry|[eat]\n|-heal|p1a: AWOOOOOO|47\/100|[from] item: Sitrus Berry\n|\n|-weather|Sandstorm|[upkeep]\n|-damage|p2b: Ogerpon|95\/100|[from] Sandstorm\n|upkeep\n|turn|3\n|\n|t:|1700859716\n|move|p2a: Landorus|Rock Slide|p1b: Tyranitar|[spread] p1a,p1b\n|-damage|p1a: AWOOOOOO|29\/100\n|-damage|p1b: Tyranitar|63\/100\n|move|p1a: AWOOOOOO|Will-O-Wisp|p2b: Ogerpon|[miss]\n|-miss|p1a: AWOOOOOO|p2b: Ogerpon\n|move|p2b: Ogerpon|Ivy Cudgel|p1b: Tyranitar\n|-supereffective|p1b: Tyranitar\n|-damage|p1b: Tyranitar|0 fnt\n|faint|p1b: Tyranitar\n|\n|-weather|Sandstorm|[upkeep]\n|-damage|p2b: Ogerpon|89\/100|[from] Sandstorm\n|upkeep\n|\n|t:|1700859725\n|switch|p1b: Heatran|Heatran, L50, M|100\/100\n|turn|4\n|\n|t:|1700859748\n|-terastallize|p1b: Heatran|Fairy\n|move|p2a: Landorus|Rock Slide|p1a: AWOOOOOO|[spread] p1a,p1b\n|-damage|p1a: AWOOOOOO|12\/100\n|-damage|p1b: Heatran|83\/100\n|move|p1a: AWOOOOOO|Will-O-Wisp|p2b: Ogerpon|[miss]\n|-miss|p1a: AWOOOOOO|p2b: Ogerpon\n|move|p2b: Ogerpon|Stomping Tantrum|p1b: Heatran\n|-damage|p1b: Heatran|62\/100\n|cant|p1b: Heatran|flinch\n|\n|-weather|Sandstorm|[upkeep]\n|-damage|p2b: Ogerpon|83\/100|[from] Sandstorm\n|-damage|p1b: Heatran|56\/100|[from] Sandstorm\n|-heal|p1b: Heatran|62\/100|[from] item: Leftovers\n|upkeep\n|turn|5\n|c|\u2606saltonthealt|PFFFT\n|\n|t:|1700859766\n|move|p2a: Landorus|Rock Slide|p1b: Heatran|[spread] p1a,p1b\n|-damage|p1a: AWOOOOOO|0 fnt\n|-damage|p1b: Heatran|43\/100\n|faint|p1a: AWOOOOOO\n|move|p2b: Ogerpon|Ivy Cudgel|p1b: Heatran\n|-damage|p1b: Heatran|1\/100\n|move|p1b: Heatran|Heat Wave|p2b: Ogerpon|[spread] p2a,p2b\n|-supereffective|p2b: Ogerpon\n|-damage|p2a: Landorus|46\/100\n|-damage|p2b: Ogerpon|0 fnt\n|faint|p2b: Ogerpon\n|\n|-weather|Sandstorm|[upkeep]\n|-damage|p1b: Heatran|0 fnt|[from] Sandstorm\n|faint|p1b: Heatran\n|upkeep\n|\n|t:|1700859772\n|switch|p2b: Indeedee|Indeedee-F, L50, F|100\/100\n|switch|p1b: Ogerpon|Ogerpon-Wellspring, L50, F|14\/100\n|-fieldstart|move: Psychic Terrain|[from] ability: Psychic Surge|[of] p2b: Indeedee\n|-enditem|p2b: Indeedee|Psychic Seed\n|-boost|p2b: Indeedee|spd|1|[from] item: Psychic Seed\n|turn|6\n|\n|t:|1700859778\n|move|p2a: Landorus|Rock Slide|p1b: Ogerpon\n|-damage|p1b: Ogerpon|0 fnt\n|faint|p1b: Ogerpon\n|\n|win|testingtothetop69\n|raw|saltonthealt's rating: 1427 &rarr; <strong>1401<\/strong><br \/>(-26 for losing)\n|raw|testingtothetop69's rating: 1323 &rarr; <strong>1349<\/strong><br \/>(+26 for winning)\n","uploadtime":1700859784,"views":8,"p1id":"saltonthealt","p2id":"testingtothetop69","formatid":"gen9vgc2023regulatione","rating":1349,"private":0,"password":""}