{"id":"gen9vgc2023regulatione-1987947168","p1":"LegacyKiwi","p2":"Gramkracker","format":"[Gen 9] VGC 2023 Regulation E","log":"|j|\u2606LegacyKiwi\n|j|\u2606Gramkracker\n|t:|1699651993\n|gametype|doubles\n|player|p1|LegacyKiwi|265|1050\n|player|p2|Gramkracker|1|1132\n|teamsize|p1|6\n|teamsize|p2|6\n|gen|9\n|tier|[Gen 9] VGC 2023 Regulation E\n|rated|\n|rule|Species Clause: Limit one of each Pok\u00e9mon\n|rule|Item Clause: Limit one of each item\n|clearpoke\n|poke|p1|Altaria, L50, F|\n|poke|p1|Azumarill, L50, M|\n|poke|p1|Ampharos, L50, F|\n|poke|p1|Toxapex, L50, M|\n|poke|p1|Koffing, L50, M|\n|poke|p1|Decidueye, L50, M|\n|poke|p2|Roaring Moon, L50|\n|poke|p2|Tornadus, L50, M|\n|poke|p2|Rillaboom, L50, M|\n|poke|p2|Sneasler, L50, F|\n|poke|p2|Landorus-Therian, L50, M|\n|poke|p2|Urshifu-*, L50, F|\n|teampreview|4\n|inactive|Battle timer is ON: inactive players will automatically lose when time's up. (requested by Gramkracker)\n|\n|t:|1699652021\n|start\n|switch|p1a: Koffing|Koffing, L50, M, shiny|100\/100\n|switch|p1b: Toxapex|Toxapex, L50, M, shiny|100\/100\n|switch|p2a: Landorus|Landorus-Therian, L50, M|100\/100\n|switch|p2b: Tornadus|Tornadus, L50, M|100\/100\n|-ability|p1a: Koffing|Neutralizing Gas\n|turn|1\n|inactive|Gramkracker has 30 seconds left.\n|\n|t:|1699652051\n|move|p1b: Toxapex|Wide Guard|p1b: Toxapex\n|-singleturn|p1b: Toxapex|Wide Guard\n|move|p2a: Landorus|Earthquake|p1a: Koffing|[spread] \n|-activate|p1a: Koffing|move: Wide Guard\n|-activate|p1b: Toxapex|move: Wide Guard\n|-immune|p2b: Tornadus\n|move|p2b: Tornadus|Bleakwind Storm|p1a: Koffing|[spread] \n|-activate|p1a: Koffing|move: Wide Guard\n|-activate|p1b: Toxapex|move: Wide Guard\n|move|p1a: Koffing|Will-O-Wisp|p2a: Landorus|[miss]\n|-miss|p1a: Koffing|p2a: Landorus\n|\n|upkeep\n|turn|2\n|inactive|LegacyKiwi has 30 seconds left.\n|\n|t:|1699652076\n|-end|p1a: Koffing|ability: Neutralizing Gas\n|-ability|p2a: Landorus|Intimidate|boost\n|-unboost|p1a: Koffing|atk|1\n|-unboost|p1b: Toxapex|atk|1\n|switch|p1a: Altaria|Altaria, L50, F, shiny|100\/100\n|-ability|p1a: Altaria|Cloud Nine\n|move|p2b: Tornadus|Taunt|p1b: Toxapex\n|-start|p1b: Toxapex|move: Taunt\n|move|p2a: Landorus|Crunch|p1b: Toxapex\n|-damage|p1b: Toxapex|76\/100\n|move|p1b: Toxapex|Infestation|p2a: Landorus\n|-resisted|p2a: Landorus\n|-crit|p2a: Landorus\n|-damage|p2a: Landorus|98\/100\n|-activate|p2a: Landorus|move: Infestation|[of] p1b: Toxapex\n|\n|-heal|p1b: Toxapex|82\/100|[from] item: Black Sludge\n|-damage|p2a: Landorus|86\/100|[from] move: Infestation|[partiallytrapped]\n|upkeep\n|turn|3\n|\n|t:|1699652100\n|move|p2b: Tornadus|Tailwind|p2b: Tornadus\n|-sidestart|p2: Gramkracker|move: Tailwind\n|move|p2a: Landorus|Rock Slide|p1a: Altaria|[spread] p1a,p1b\n|-supereffective|p1a: Altaria\n|-damage|p1a: Altaria|53\/100\n|-damage|p1b: Toxapex|64\/100\n|move|p1a: Altaria|Perish Song|p1a: Altaria\n|-start|p1a: Altaria|perish3|[silent]\n|-start|p1b: Toxapex|perish3|[silent]\n|-start|p2a: Landorus|perish3|[silent]\n|-start|p2b: Tornadus|perish3|[silent]\n|-fieldactivate|move: Perish Song\n|cant|p1b: Toxapex|flinch\n|\n|-heal|p1b: Toxapex|69\/100|[from] item: Black Sludge\n|-damage|p2a: Landorus|74\/100|[from] move: Infestation|[partiallytrapped]\n|-start|p2a: Landorus|perish3\n|-start|p2b: Tornadus|perish3\n|-start|p1a: Altaria|perish3\n|-start|p1b: Toxapex|perish3\n|upkeep\n|turn|4\n|\n|t:|1699652125\n|move|p2a: Landorus|Rock Slide|p1b: Toxapex|[spread] p1a\n|-miss|p2a: Landorus|p1b: Toxapex\n|-supereffective|p1a: Altaria\n|-damage|p1a: Altaria|9\/100\n|move|p2b: Tornadus|Bleakwind Storm|p1a: Altaria|[spread] p1a\n|-miss|p2b: Tornadus|p1b: Toxapex\n|-damage|p1a: Altaria|0 fnt\n|faint|p1a: Altaria\n|move|p1b: Toxapex|Infestation|p2b: Tornadus\n|-resisted|p2b: Tornadus\n|-damage|p2b: Tornadus|99\/100\n|-activate|p2b: Tornadus|move: Infestation|[of] p1b: Toxapex\n|\n|-heal|p1b: Toxapex|75\/100|[from] item: Black Sludge\n|-damage|p2a: Landorus|61\/100|[from] move: Infestation|[partiallytrapped]\n|-damage|p2b: Tornadus|87\/100|[from] move: Infestation|[partiallytrapped]\n|-end|p1b: Toxapex|move: Taunt\n|-start|p2a: Landorus|perish2\n|-start|p2b: Tornadus|perish2\n|-start|p1b: Toxapex|perish2\n|upkeep\n|\n|t:|1699652146\n|switch|p1a: Azumarill|Azumarill, L50, M, shiny|100\/100\n|turn|5\n|\n|t:|1699652157\n|move|p1a: Azumarill|Protect|p1a: Azumarill\n|-singleturn|p1a: Azumarill|Protect\n|move|p1b: Toxapex|Baneful Bunker|p1b: Toxapex\n|-singleturn|p1b: Toxapex|move: Protect\n|move|p2b: Tornadus|Taunt|p1a: Azumarill\n|-activate|p1a: Azumarill|move: Protect\n|move|p2a: Landorus|Rock Slide|p1b: Toxapex|[spread] \n|-activate|p1a: Azumarill|move: Protect\n|-activate|p1b: Toxapex|move: Protect\n|\n|-heal|p1b: Toxapex|81\/100|[from] item: Black Sludge\n|-damage|p2a: Landorus|49\/100|[from] move: Infestation|[partiallytrapped]\n|-damage|p2b: Tornadus|75\/100|[from] move: Infestation|[partiallytrapped]\n|-start|p2a: Landorus|perish1\n|-start|p2b: Tornadus|perish1\n|-start|p1b: Toxapex|perish1\n|upkeep\n|turn|6\n|inactive|LegacyKiwi has 30 seconds left.\n|inactive|Gramkracker has 30 seconds left.\n|\n|t:|1699652195\n|switch|p1b: Koffing|Koffing, L50, M, shiny|100\/100\n|-ability|p1b: Koffing|Neutralizing Gas\n|move|p2a: Landorus|Crunch|p1b: Koffing\n|-damage|p1b: Koffing|73\/100\n|move|p2b: Tornadus|Taunt|p1b: Koffing\n|-start|p1b: Koffing|move: Taunt\n|move|p1a: Azumarill|Dig||[still]\n|-prepare|p1a: Azumarill|Dig\n|\n|-end|p2a: Landorus|Infestation|[partiallytrapped]|[silent]\n|-end|p2b: Tornadus|Infestation|[partiallytrapped]|[silent]\n|-start|p2a: Landorus|perish0\n|-start|p2b: Tornadus|perish0\n|-sideend|p2: Gramkracker|move: Tailwind\n|faint|p2a: Landorus\n|faint|p2b: Tornadus\n|upkeep\n|\n|t:|1699652208\n|switch|p2a: Rillaboom|Rillaboom, L50, M|100\/100\n|switch|p2b: Sneasler|Sneasler, L50, F|100\/100\n|turn|7\n|\n|t:|1699652223\n|-end|p1b: Koffing|ability: Neutralizing Gas\n|-fieldstart|move: Grassy Terrain|[from] ability: Grassy Surge|[of] p2a: Rillaboom\n|-enditem|p2b: Sneasler|Grassy Seed\n|-boost|p2b: Sneasler|def|1|[from] item: Grassy Seed\n|switch|p1b: Toxapex|Toxapex, L50, M, shiny|100\/100\n|move|p2b: Sneasler|Protect|p2b: Sneasler\n|-singleturn|p2b: Sneasler|Protect\n|move|p2a: Rillaboom|Fake Out|p1b: Toxapex\n|-damage|p1b: Toxapex|89\/100\n|move|p1a: Azumarill|Dig|p2b: Sneasler|[from]lockedmove\n|-activate|p2b: Sneasler|move: Protect\n|\n|-heal|p1b: Toxapex|95\/100|[from] Grassy Terrain\n|-heal|p1b: Toxapex|100\/100|[from] item: Black Sludge\n|upkeep\n|turn|8\n|inactive|LegacyKiwi has 30 seconds left.\n|inactive|Gramkracker has 30 seconds left.\n|\n|t:|1699652257\n|-terastallize|p2b: Sneasler|Flying\n|move|p1b: Toxapex|Baneful Bunker|p1b: Toxapex\n|-singleturn|p1b: Toxapex|move: Protect\n|move|p2b: Sneasler|Acrobatics|p1a: Azumarill\n|-damage|p1a: Azumarill|49\/100\n|move|p2a: Rillaboom|Wood Hammer|p1a: Azumarill\n|-ability|p1a: Azumarill|Sap Sipper|boost\n|-boost|p1a: Azumarill|atk|1\n|move|p1a: Azumarill|Perish Song|p1a: Azumarill\n|-start|p1a: Azumarill|perish3|[silent]\n|-start|p1b: Toxapex|perish3|[silent]\n|-start|p2a: Rillaboom|perish3|[silent]\n|-start|p2b: Sneasler|perish3|[silent]\n|-fieldactivate|move: Perish Song\n|\n|-heal|p1a: Azumarill|55\/100|[from] Grassy Terrain\n|-start|p2b: Sneasler|perish3\n|-start|p2a: Rillaboom|perish3\n|-start|p1a: Azumarill|perish3\n|-start|p1b: Toxapex|perish3\n|upkeep\n|turn|9\n|inactive|Gramkracker has 30 seconds left.\n|\n|t:|1699652284\n|switch|p1b: Koffing|Koffing, L50, M, shiny|73\/100\n|-ability|p1b: Koffing|Neutralizing Gas\n|move|p1a: Azumarill|Protect|p1a: Azumarill\n|-singleturn|p1a: Azumarill|Protect\n|move|p2b: Sneasler|Acrobatics|p1a: Azumarill\n|-activate|p1a: Azumarill|move: Protect\n|move|p2a: Rillaboom|High Horsepower|p1b: Koffing\n|-supereffective|p1b: Koffing\n|-damage|p1b: Koffing|21\/100\n|\n|-heal|p1a: Azumarill|61\/100|[from] Grassy Terrain\n|-heal|p1b: Koffing|27\/100|[from] Grassy Terrain\n|-start|p2b: Sneasler|perish2\n|-start|p2a: Rillaboom|perish2\n|-start|p1a: Azumarill|perish2\n|upkeep\n|turn|10\n|\n|t:|1699652308\n|switch|p1a: Toxapex|Toxapex, L50, M, shiny|100\/100\n|move|p1b: Koffing|Protect|p1b: Koffing\n|-singleturn|p1b: Koffing|Protect\n|move|p2b: Sneasler|Acrobatics|p1a: Toxapex\n|-damage|p1a: Toxapex|48\/100\n|move|p2a: Rillaboom|High Horsepower|p1b: Koffing\n|-activate|p1b: Koffing|move: Protect\n|\n|-heal|p1b: Koffing|33\/100|[from] Grassy Terrain\n|-heal|p1a: Toxapex|54\/100|[from] Grassy Terrain\n|-heal|p1a: Toxapex|60\/100|[from] item: Black Sludge\n|-start|p2b: Sneasler|perish1\n|-start|p2a: Rillaboom|perish1\n|upkeep\n|turn|11\n|\n|t:|1699652328\n|move|p1a: Toxapex|Baneful Bunker|p1a: Toxapex\n|-singleturn|p1a: Toxapex|move: Protect\n|move|p2b: Sneasler|Acrobatics|p1a: Toxapex\n|-activate|p1a: Toxapex|move: Protect\n|-status|p2b: Sneasler|psn\n|move|p2a: Rillaboom|High Horsepower|p1b: Koffing\n|-supereffective|p1b: Koffing\n|-damage|p1b: Koffing|0 fnt\n|faint|p1b: Koffing\n|-end|p1b: Koffing|ability: Neutralizing Gas\n|\n|-heal|p1a: Toxapex|65\/100|[from] Grassy Terrain\n|-heal|p1a: Toxapex|71\/100|[from] item: Black Sludge\n|-damage|p2b: Sneasler|88\/100 psn|[from] psn\n|-start|p2b: Sneasler|perish0\n|-start|p2a: Rillaboom|perish0\n|-fieldend|move: Grassy Terrain\n|faint|p2b: Sneasler\n|faint|p2a: Rillaboom\n|\n|win|LegacyKiwi\n|upkeep\n|raw|LegacyKiwi's rating: 1050 &rarr; <strong>1090<\/strong><br \/>(+40 for winning)\n|raw|Gramkracker's rating: 1132 &rarr; <strong>1101<\/strong><br \/>(-31 for losing)\n|l|\u2606Gramkracker\n|c|\u2606LegacyKiwi|gg wp\n","uploadtime":1699652351,"views":16,"p1id":"legacykiwi","p2id":"gramkracker","formatid":"gen9vgc2023regulatione","rating":1090,"private":0,"password":""}