{"id":"gen9vgc2023regulatione-1998059318","p1":"ayeitsZeth","p2":"Shadowmime","format":"[Gen 9] VGC 2023 Regulation E","log":"|j|\u2606ayeitsZeth\n|j|\u2606Shadowmime\n|n|\u2606ayeitsZeth|ayeitszeth\n|n|\u2606Shadowmime|shadowmime\n|html|View the match progress at <a href=\"\/game-bestof3-gen9vgc2023regulatione-1998054997\">game-bestof3-gen9vgc2023regulatione-1998054997<\/a>\n|t:|1700885063\n|gametype|doubles\n|player|p1|ayeitsZeth|musician|\n|player|p2|Shadowmime|101|\n|teamsize|p1|6\n|teamsize|p2|6\n|gen|9\n|tier|[Gen 9] VGC 2023 Regulation E\n|rule|Species Clause: Limit one of each Pok\u00e9mon\n|rule|Item Clause: Limit one of each item\n|clearpoke\n|poke|p1|Baxcalibur, L50, M|\n|poke|p1|Ninetales-Alola, L50, M|\n|poke|p1|Heatran, L50, F|\n|poke|p1|Ogerpon-Wellspring, L50, F|\n|poke|p1|Landorus-Therian, L50, M|\n|poke|p1|Rillaboom, L50, F|\n|poke|p2|Armarouge, L50, M|\n|poke|p2|Indeedee-F, L50, F|\n|poke|p2|Roaring Moon, L50|\n|poke|p2|Urshifu-*, L50, F|\n|poke|p2|Flutter Mane, L50|\n|poke|p2|Rillaboom, L50, F|\n|teampreview|4\nayeitsZeth has agreed to open team sheets.\nShadowmime has agreed to open team sheets.\n|showteam|p1|Baxcalibur||LoadedDice|IceBody|IcicleSpear,ScaleShot,SwordsDance,Protect|||M|||50|,,,,,Poison]Ninetales-Alola||LightClay|SnowWarning|Moonblast,IcyWind,Encore,AuroraVeil|||M|||50|,,,,,Ghost]Heatran||LifeOrb|FlashFire|HeatWave,EarthPower,FlashCannon,Protect|||F|||50|,,,,,Fairy]Ogerpon-Wellspring||WellspringMask|WaterAbsorb|IvyCudgel,HornLeech,FollowMe,SpikyShield|||F|||50|,,,,,Water]Landorus-Therian||ChoiceScarf|Intimidate|StompingTantrum,RockSlide,TeraBlast,Uturn|||M|||50|,,,,,Flying]Rillaboom||AssaultVest|GrassySurge|WoodHammer,GrassyGlide,HighHorsepower,FakeOut|||F|||50|,,,,,Fire\n|showteam|p2|Armarouge||WeaknessPolicy|WeakArmor|Endure,StoredPower,HeatWave,ExpandingForce|||M|||50|,,,,,Psychic]Indeedee-F||RockyHelmet|PsychicSurge|TrickRoom,FollowMe,HelpingHand,DazzlingGleam|||F|||50|,,,,,Dragon]Roaring Moon||BoosterEnergy|Protosynthesis|Uturn,Tailwind,KnockOff,Earthquake||||||50|,,,,,Poison]Urshifu-Rapid-Strike||ChoiceScarf|UnseenFist|Uturn,SurgingStrikes,CloseCombat,AquaJet|||F|||50|,,,,,Water]Flutter Mane||ChoiceSpecs|Protosynthesis|DazzlingGleam,Moonblast,ShadowBall,PerishSong||||||50|,,,,,Fairy]Rillaboom||MiracleSeed|GrassySurge|GrassyGlide,WoodHammer,FakeOut,Protect|||F|||50|,,,,,Grass\n|\n|t:|1700885155\n|start\n|switch|p1a: Rillaboom|Rillaboom, L50, F|100\/100\n|switch|p1b: Heatran|Heatran, L50, F|100\/100\n|switch|p2a: Armarouge|Armarouge, L50, M|100\/100\n|switch|p2b: Roaring Moon|Roaring Moon, L50|100\/100\n|-fieldstart|move: Grassy Terrain|[from] ability: Grassy Surge|[of] p1a: Rillaboom\n|-enditem|p2b: Roaring Moon|Booster Energy\n|-activate|p2b: Roaring Moon|ability: Protosynthesis|[fromitem]\n|-start|p2b: Roaring Moon|protosynthesisspe\n|turn|1\n|\n|t:|1700885204\n|switch|p2a: Indeedee|Indeedee-F, L50, F|100\/100\n|-fieldstart|move: Psychic Terrain|[from] ability: Psychic Surge|[of] p2a: Indeedee\n|move|p2b: Roaring Moon|Knock Off|p1b: Heatran\n|-damage|p1b: Heatran|58\/100\n|-enditem|p1b: Heatran|Life Orb|[from] move: Knock Off|[of] p2b: Roaring Moon\n|move|p1b: Heatran|Flash Cannon|p2a: Indeedee\n|-damage|p2a: Indeedee|55\/100\n|move|p1a: Rillaboom|Wood Hammer|p2a: Indeedee\n|-damage|p2a: Indeedee|0 fnt\n|-damage|p1a: Rillaboom|84\/100|[from] item: Rocky Helmet|[of] p2a: Indeedee\n|faint|p2a: Indeedee\n|-damage|p1a: Rillaboom|67\/100|[from] Recoil\n|\n|upkeep\n|\n|t:|1700885218\n|switch|p2a: Armarouge|Armarouge, L50, M|100\/100\n|turn|2\n|\n|t:|1700885275\n|switch|p1a: Landorus|Landorus-Therian, L50, M|100\/100\n|-ability|p1a: Landorus|Intimidate|boost\n|-unboost|p2a: Armarouge|atk|1\n|-unboost|p2b: Roaring Moon|atk|1\n|move|p2b: Roaring Moon|Earthquake|p1b: Heatran|[spread] p2a,p1b\n|-immune|p1a: Landorus\n|-supereffective|p2a: Armarouge\n|-supereffective|p1b: Heatran\n|-damage|p2a: Armarouge|69\/100\n|-damage|p1b: Heatran|4\/100\n|-ability|p2a: Armarouge|Weak Armor|boost\n|-unboost|p2a: Armarouge|def|1\n|-boost|p2a: Armarouge|spe|2\n|-enditem|p2a: Armarouge|Weakness Policy\n|-boost|p2a: Armarouge|atk|2|[from] item: Weakness Policy\n|-boost|p2a: Armarouge|spa|2|[from] item: Weakness Policy\n|move|p2a: Armarouge|Stored Power|p1a: Landorus\n|-damage|p1a: Landorus|0 fnt\n|faint|p1a: Landorus\n|move|p1b: Heatran|Earth Power|p2a: Armarouge\n|-supereffective|p2a: Armarouge\n|-damage|p2a: Armarouge|0 fnt\n|faint|p2a: Armarouge\n|\n|upkeep\n|\n|t:|1700885301\n|switch|p1a: Rillaboom|Rillaboom, L50, F|67\/100\n|switch|p2a: Urshifu|Urshifu-Rapid-Strike, L50, F|100\/100\n|-fieldstart|move: Grassy Terrain|[from] ability: Grassy Surge|[of] p1a: Rillaboom\n|turn|3\n|\n|t:|1700885384\n|move|p2b: Roaring Moon|Knock Off|p1b: Heatran\n|-damage|p1b: Heatran|0 fnt\n|faint|p1b: Heatran\n|move|p2a: Urshifu|Close Combat|p1a: Rillaboom\n|-damage|p1a: Rillaboom|6\/100\n|-unboost|p2a: Urshifu|def|1\n|-unboost|p2a: Urshifu|spd|1\n|move|p1a: Rillaboom|Wood Hammer|p2a: Urshifu\n|-supereffective|p2a: Urshifu\n|-damage|p2a: Urshifu|0 fnt\n|faint|p2a: Urshifu\n|-damage|p1a: Rillaboom|0 fnt|[from] Recoil\n|faint|p1a: Rillaboom\n|\n|upkeep\n|\n|t:|1700885395\n|switch|p1b: Ogerpon|Ogerpon-Wellspring, L50, F|100\/100\n|turn|4\n|\n|t:|1700885409\n|-terastallize|p1b: Ogerpon|Water\n|detailschange|p1b: Ogerpon|Ogerpon-Wellspring-Tera, L50, F, tera:Water\n|-ability|p1b: Ogerpon|Embody Aspect (Wellspring)|boost\n|-boost|p1b: Ogerpon|spd|1\n|move|p1b: Ogerpon|Spiky Shield|p1b: Ogerpon\n|-singleturn|p1b: Ogerpon|move: Protect\n|move|p2b: Roaring Moon|Tailwind|p2b: Roaring Moon\n|-sidestart|p2: Shadowmime|move: Tailwind\n|\n|upkeep\n|turn|5\n|\n|t:|1700885418\n|move|p2b: Roaring Moon|Knock Off|p1b: Ogerpon\n|-damage|p1b: Ogerpon|81\/100\n|move|p1b: Ogerpon|Ivy Cudgel|p2b: Roaring Moon|[anim] Ivy Cudgel Water\n|-resisted|p2b: Roaring Moon\n|-damage|p2b: Roaring Moon|64\/100\n|\n|-heal|p2b: Roaring Moon|70\/100|[from] Grassy Terrain\n|-heal|p1b: Ogerpon|87\/100|[from] Grassy Terrain\n|upkeep\n|turn|6\n|\n|t:|1700885425\n|move|p2b: Roaring Moon|Knock Off|p1b: Ogerpon\n|-damage|p1b: Ogerpon|67\/100\n|move|p1b: Ogerpon|Ivy Cudgel|p2b: Roaring Moon|[anim] Ivy Cudgel Water\n|-resisted|p2b: Roaring Moon\n|-damage|p2b: Roaring Moon|36\/100\n|\n|-heal|p2b: Roaring Moon|42\/100|[from] Grassy Terrain\n|-heal|p1b: Ogerpon|73\/100|[from] Grassy Terrain\n|upkeep\n|turn|7\n|\n|t:|1700885429\n|move|p2b: Roaring Moon|Knock Off|p1b: Ogerpon\n|-crit|p1b: Ogerpon\n|-damage|p1b: Ogerpon|29\/100\n|move|p1b: Ogerpon|Ivy Cudgel|p2b: Roaring Moon|[anim] Ivy Cudgel Water\n|-resisted|p2b: Roaring Moon\n|-damage|p2b: Roaring Moon|11\/100\n|\n|-heal|p2b: Roaring Moon|17\/100|[from] Grassy Terrain\n|-heal|p1b: Ogerpon|35\/100|[from] Grassy Terrain\n|-sideend|p2: Shadowmime|move: Tailwind\n|-fieldend|move: Grassy Terrain\n|upkeep\n|turn|8\n|\n|t:|1700885438\n|move|p2b: Roaring Moon|Knock Off|p1b: Ogerpon\n|-damage|p1b: Ogerpon|16\/100\n|move|p1b: Ogerpon|Ivy Cudgel|p2b: Roaring Moon|[anim] Ivy Cudgel Water\n|-resisted|p2b: Roaring Moon\n|-damage|p2b: Roaring Moon|0 fnt\n|faint|p2b: Roaring Moon\n|-end|p2b: Roaring Moon|Protosynthesis|[silent]\n|\n|win|ayeitsZeth\n|c|&|\/uhtml prompt-shadowmime,Shadowmime is ready for game 3!\n|c|&|\/uhtml prompt-ayeitszeth,ayeitsZeth is ready for game 3!\nBoth players are ready! Starting next match!\n|l|\u2606ayeitsZeth\n","uploadtime":1700885800,"views":6,"p1id":"ayeitszeth","p2id":"shadowmime","formatid":"gen9vgc2023regulatione","rating":0,"private":0,"password":""}