{"id":"gen9vgc2023regulatione-1996549199","p1":"DutchVanDerLynde","p2":"BRAVE12223","format":"[Gen 9] VGC 2023 Regulation E","log":"|j|\u2606DutchVanDerLynde\n|j|\u2606BRAVE12223\n|t:|1700693139\n|gametype|doubles\n|player|p1|DutchVanDerLynde|gentleman-gen4|1550\n|player|p2|BRAVE12223|ingo|1470\n|teamsize|p1|6\n|teamsize|p2|6\n|gen|9\n|tier|[Gen 9] VGC 2023 Regulation E\n|rated|\n|rule|Species Clause: Limit one of each Pok\u00e9mon\n|rule|Item Clause: Limit one of each item\n|clearpoke\n|poke|p1|Ogerpon-Hearthflame, L50, F|\n|poke|p1|Iron Hands, L50|\n|poke|p1|Dondozo, L50, F|\n|poke|p1|Tatsugiri, L50, M|\n|poke|p1|Zapdos-Galar, L50|\n|poke|p1|Ting-Lu, L50|\n|poke|p2|Iron Hands, L50|\n|poke|p2|Ogerpon-Hearthflame, L50, F|\n|poke|p2|Milotic, L50, M|\n|poke|p2|Tornadus, L50, M|\n|poke|p2|Flutter Mane, L50|\n|poke|p2|Landorus-Therian, L50, M|\n|teampreview|4\n|inactive|Battle timer is ON: inactive players will automatically lose when time's up. (requested by BRAVE12223)\nDutchVanDerLynde rejected open team sheets.\n|inactive|BRAVE12223 has 60 seconds left.\n|\n|t:|1700693192\n|start\n|switch|p1a: Zapdos|Zapdos-Galar, L50|100\/100\n|switch|p1b: Iron Hands|Iron Hands, L50|100\/100\n|switch|p2a: Tornadus|Tornadus, L50, M|100\/100\n|switch|p2b: Flutter Mane|Flutter Mane, L50|100\/100\n|-enditem|p2b: Flutter Mane|Booster Energy\n|-activate|p2b: Flutter Mane|ability: Protosynthesis|[fromitem]\n|-start|p2b: Flutter Mane|protosynthesisspa\n|turn|1\n|\n|t:|1700693207\n|move|p2b: Flutter Mane|Protect|p2b: Flutter Mane\n|-singleturn|p2b: Flutter Mane|Protect\n|move|p1a: Zapdos|Tailwind|p1a: Zapdos\n|-sidestart|p1: DutchVanDerLynde|move: Tailwind\n|move|p1b: Iron Hands|Heavy Slam|p2b: Flutter Mane\n|-activate|p2b: Flutter Mane|move: Protect\n|move|p2a: Tornadus|Bleakwind Storm|p1a: Zapdos|[spread] p1b\n|-miss|p2a: Tornadus|p1a: Zapdos\n|-damage|p1b: Iron Hands|79\/100\n|\n|upkeep\n|turn|2\n|\n|t:|1700693219\n|move|p1a: Zapdos|Protect|p1a: Zapdos\n|-singleturn|p1a: Zapdos|Protect\n|move|p2a: Tornadus|Tailwind|p2a: Tornadus\n|-sidestart|p2: BRAVE12223|move: Tailwind\n|move|p2b: Flutter Mane|Moonblast|p1b: Iron Hands\n|-supereffective|p1b: Iron Hands\n|-damage|p1b: Iron Hands|1\/100\n|move|p1b: Iron Hands|Heavy Slam|p2b: Flutter Mane\n|-supereffective|p2b: Flutter Mane\n|-damage|p2b: Flutter Mane|0 fnt\n|faint|p2b: Flutter Mane\n|-end|p2b: Flutter Mane|Protosynthesis|[silent]\n|\n|upkeep\n|\n|t:|1700693228\n|switch|p2b: Milotic|Milotic, L50, M|100\/100\n|turn|3\n|c|\u2606DutchVanDerLynde|rolled\n|\n|t:|1700693242\n|move|p1a: Zapdos|Close Combat|p2b: Milotic\n|-damage|p2b: Milotic|41\/100\n|-unboost|p1a: Zapdos|def|1\n|-unboost|p1a: Zapdos|spd|1\n|move|p2a: Tornadus|Bleakwind Storm|p1a: Zapdos|[spread] p1a,p1b\n|-supereffective|p1a: Zapdos\n|-crit|p1a: Zapdos\n|-enditem|p1a: Zapdos|Focus Sash\n|-damage|p1a: Zapdos|1\/100\n|-damage|p1b: Iron Hands|0 fnt\n|faint|p1b: Iron Hands\n|-end|p1b: Iron Hands|Quark Drive|[silent]\n|move|p2b: Milotic|Scald|p1a: Zapdos\n|-damage|p1a: Zapdos|0 fnt\n|faint|p1a: Zapdos\n|\n|-heal|p2b: Milotic|47\/100|[from] item: Leftovers\n|upkeep\n|c|\u2606BRAVE12223|that pokemon is not real\n|\n|t:|1700693252\n|switch|p1a: Ogerpon|Ogerpon-Hearthflame, L50, F|100\/100\n|switch|p1b: Ting-Lu|Ting-Lu, L50|100\/100\n|-ability|p1a: Ogerpon|Mold Breaker\n|-ability|p1b: Ting-Lu|Vessel of Ruin\n|turn|4\n|\n|t:|1700693268\n|switch|p2b: Landorus|Landorus-Therian, L50, M|100\/100\n|-ability|p2b: Landorus|Intimidate|boost\n|-unboost|p1a: Ogerpon|atk|1\n|-unboost|p1b: Ting-Lu|atk|1\n|move|p1a: Ogerpon|Horn Leech|p2b: Landorus\n|-damage|p2b: Landorus|68\/100\n|move|p2a: Tornadus|Bleakwind Storm|p1b: Ting-Lu|[spread] p1a\n|-miss|p2a: Tornadus|p1b: Ting-Lu\n|-supereffective|p1a: Ogerpon\n|-damage|p1a: Ogerpon|33\/100\n|move|p1b: Ting-Lu|Lash Out|p2b: Landorus\n|-crit|p2b: Landorus\n|-damage|p2b: Landorus|0 fnt\n|faint|p2b: Landorus\n|\n|-sideend|p1: DutchVanDerLynde|move: Tailwind\n|upkeep\n|\n|t:|1700693280\n|switch|p2b: Milotic|Milotic, L50, M|47\/100\n|turn|5\n|\n|t:|1700693288\n|-terastallize|p1b: Ting-Lu|Dark\n|move|p1a: Ogerpon|Spiky Shield|p1a: Ogerpon\n|-singleturn|p1a: Ogerpon|move: Protect\n|move|p2a: Tornadus|Bleakwind Storm|p1b: Ting-Lu|[spread] \n|-activate|p1a: Ogerpon|move: Protect\n|-miss|p2a: Tornadus|p1b: Ting-Lu\n|move|p2b: Milotic|Scald|p1b: Ting-Lu\n|-damage|p1b: Ting-Lu|87\/100\n|move|p1b: Ting-Lu|Taunt|p2a: Tornadus\n|-start|p2a: Tornadus|move: Taunt\n|-enditem|p2a: Tornadus|Mental Herb\n|-end|p2a: Tornadus|move: Taunt\n|\n|-heal|p2b: Milotic|54\/100|[from] item: Leftovers\n|-sideend|p2: BRAVE12223|move: Tailwind\n|upkeep\n|turn|6\n|inactive|DutchVanDerLynde has 30 seconds left.\n|\n|t:|1700693322\n|-terastallize|p2b: Milotic|Steel\n|move|p1a: Ogerpon|Ivy Cudgel|p2a: Tornadus|[anim] Ivy Cudgel Fire\n|-damage|p2a: Tornadus|53\/100\n|move|p2a: Tornadus|Bleakwind Storm|p1a: Ogerpon|[spread] p1a,p1b\n|-supereffective|p1a: Ogerpon\n|-damage|p1a: Ogerpon|0 fnt\n|-damage|p1b: Ting-Lu|70\/100\n|faint|p1a: Ogerpon\n|move|p2b: Milotic|Scald|p1b: Ting-Lu\n|-damage|p1b: Ting-Lu|56\/100\n|move|p1b: Ting-Lu|Lash Out|p2a: Tornadus\n|-crit|p2a: Tornadus\n|-damage|p2a: Tornadus|0 fnt\n|faint|p2a: Tornadus\n|\n|-heal|p2b: Milotic|60\/100|[from] item: Leftovers\n|upkeep\n|turn|7\n|\n|t:|1700693340\n|move|p2b: Milotic|Protect|p2b: Milotic\n|-singleturn|p2b: Milotic|Protect\n|move|p1b: Ting-Lu|Stomping Tantrum|p2b: Milotic\n|-activate|p2b: Milotic|move: Protect\n|\n|-heal|p2b: Milotic|66\/100|[from] item: Leftovers\n|upkeep\n|turn|8\n|\n|t:|1700693349\n|move|p2b: Milotic|Scald|p1b: Ting-Lu\n|-damage|p1b: Ting-Lu|43\/100\n|-status|p1b: Ting-Lu|brn\n|-enditem|p1b: Ting-Lu|Sitrus Berry|[eat]\n|-heal|p1b: Ting-Lu|68\/100 brn|[from] item: Sitrus Berry\n|move|p1b: Ting-Lu|Ruination|p2b: Milotic\n|-damage|p2b: Milotic|33\/100\n|\n|-heal|p2b: Milotic|40\/100|[from] item: Leftovers\n|-damage|p1b: Ting-Lu|62\/100 brn|[from] brn\n|upkeep\n|turn|9\n|\n|t:|1700693355\n|move|p2b: Milotic|Protect|p2b: Milotic\n|-singleturn|p2b: Milotic|Protect\n|move|p1b: Ting-Lu|Stomping Tantrum|p2b: Milotic\n|-activate|p2b: Milotic|move: Protect\n|\n|-heal|p2b: Milotic|46\/100|[from] item: Leftovers\n|-damage|p1b: Ting-Lu|55\/100 brn|[from] brn\n|upkeep\n|turn|10\n|\n|t:|1700693362\n|move|p2b: Milotic|Scald|p1b: Ting-Lu\n|-damage|p1b: Ting-Lu|43\/100 brn\n|move|p1b: Ting-Lu|Stomping Tantrum|p2b: Milotic\n|-supereffective|p2b: Milotic\n|-damage|p2b: Milotic|25\/100\n|\n|-heal|p2b: Milotic|32\/100|[from] item: Leftovers\n|-damage|p1b: Ting-Lu|37\/100 brn|[from] brn\n|upkeep\n|turn|11\n|\n|t:|1700693368\n|move|p2b: Milotic|Protect|p2b: Milotic\n|-singleturn|p2b: Milotic|Protect\n|move|p1b: Ting-Lu|Stomping Tantrum|p2b: Milotic\n|-activate|p2b: Milotic|move: Protect\n|\n|-heal|p2b: Milotic|38\/100|[from] item: Leftovers\n|-damage|p1b: Ting-Lu|31\/100 brn|[from] brn\n|upkeep\n|turn|12\n|\n|t:|1700693375\n|move|p2b: Milotic|Scald|p1b: Ting-Lu\n|-damage|p1b: Ting-Lu|18\/100 brn\n|move|p1b: Ting-Lu|Stomping Tantrum|p2b: Milotic\n|-supereffective|p2b: Milotic\n|-damage|p2b: Milotic|20\/100\n|\n|-heal|p2b: Milotic|27\/100|[from] item: Leftovers\n|-damage|p1b: Ting-Lu|12\/100 brn|[from] brn\n|upkeep\n|turn|13\n|-message|DutchVanDerLynde forfeited.\n|\n|win|BRAVE12223\n|raw|DutchVanDerLynde's rating: 1550 &rarr; <strong>1525<\/strong><br \/>(-25 for losing)\n|raw|BRAVE12223's rating: 1470 &rarr; <strong>1495<\/strong><br \/>(+25 for winning)\n|l|\u2606DutchVanDerLynde\n","uploadtime":1700693388,"views":13,"p1id":"dutchvanderlynde","p2id":"brave12223","formatid":"gen9vgc2023regulatione","rating":1495,"private":0,"password":""}