{"id":"gen9vgc2023regulatione-1996362981","p1":"viper pit","p2":"Jesuuuus","format":"[Gen 9] VGC 2023 Regulation E","log":"|j|\u2606viper pit\n|j|\u2606Jesuuuus\n|t:|1700674872\n|gametype|doubles\n|player|p1|viper pit|roxie|\n|player|p2|Jesuuuus|alec-anime|\n|teamsize|p1|6\n|teamsize|p2|6\n|gen|9\n|tier|[Gen 9] VGC 2023 Regulation E\n|rated|Tournament battle\n|rule|Species Clause: Limit one of each Pok\u00e9mon\n|rule|Item Clause: Limit one of each item\n|clearpoke\n|poke|p1|Arcanine-Hisui, L50, M|\n|poke|p1|Iron Bundle, L50|\n|poke|p1|Iron Hands, L50|\n|poke|p1|Amoonguss, L50, M|\n|poke|p1|Urshifu-*, L50, F|\n|poke|p1|Landorus-Therian, L50, M|\n|poke|p2|Rillaboom, L50, M|\n|poke|p2|Gastrodon-East, L50, M|\n|poke|p2|Iron Hands, L50|\n|poke|p2|Heatran, L50, F|\n|poke|p2|Roaring Moon, L50|\n|poke|p2|Flutter Mane, L50|\n|teampreview|4\n|showteam|p1|Arcanine-Hisui||LifeOrb|Intimidate|FlareBlitz,RockSlide,ExtremeSpeed,Protect|||M|||50|,,,,,Fairy]Iron Bundle||BoosterEnergy|QuarkDrive|FreezeDry,IcyWind,HydroPump,Protect||||||50|,,,,,Ghost]Iron Hands||AssaultVest|QuarkDrive|FakeOut,VoltSwitch,WildCharge,DrainPunch||||||50|,,,,,Water]Amoonguss||RockyHelmet|Regenerator|Spore,RagePowder,LeafStorm,PollenPuff|||M|||50|,,,,,Dragon]Urshifu||BlackGlasses|UnseenFist|WickedBlow,SwordsDance,SuckerPunch,Protect|||F|||50|,,,,,Poison]Landorus-Therian||SafetyGoggles|Intimidate|TeraBlast,StompingTantrum,Uturn,Protect|||M|||50|,,,,,Flying\n|showteam|p2|Rillaboom||MiracleSeed|GrassySurge|FakeOut,GrassyGlide,WoodHammer,Protect|||M|||50|,,,,,Grass]Gastrodon-East||SitrusBerry|StormDrain|IceBeam,EarthPower,Yawn,Protect|||M|||50|,,,,,Poison]Iron Hands||AssaultVest|QuarkDrive|WildCharge,HeavySlam,DrainPunch,FakeOut||||||50|,,,,,Grass]Heatran||Leftovers|FlashFire|HeatWave,FlashCannon,Substitute,Protect|||F|||50|,,,,,Fairy]Roaring Moon||BoosterEnergy|Protosynthesis|KnockOff,BreakingSwipe,Tailwind,Protect||||||50|,,,,,Poison]Flutter Mane||LifeOrb|Protosynthesis|DazzlingGleam,ShadowBall,Taunt,Protect||||||50|,,,,,Water\n|j| bloodcurseuk\n|j| drounddd\n|c|\u2606Jesuuuus|gl hf\n|c|\u2606viper pit|u2\n|j| Ramen Broth\n|\n|t:|1700674932\n|start\n|switch|p1a: Iron Bundle|Iron Bundle, L50|100\/100\n|switch|p1b: Landorus|Landorus-Therian, L50, M|100\/100\n|switch|p2a: Monkey|Rillaboom, L50, M|100\/100\n|switch|p2b: ???|Heatran, L50, F|100\/100\n|-ability|p1b: Landorus|Intimidate|boost\n|-unboost|p2a: Monkey|atk|1\n|-unboost|p2b: ???|atk|1\n|-fieldstart|move: Grassy Terrain|[from] ability: Grassy Surge|[of] p2a: Monkey\n|-enditem|p1a: Iron Bundle|Booster Energy\n|-activate|p1a: Iron Bundle|ability: Quark Drive|[fromitem]\n|-start|p1a: Iron Bundle|quarkdrivespe\n|turn|1\n|j|%Therazer456\n|\n|t:|1700674948\n|-terastallize|p2b: ???|Fairy\n|move|p2a: Monkey|Fake Out|p1b: Landorus\n|-damage|p1b: Landorus|91\/100\n|move|p1a: Iron Bundle|Hydro Pump|p2b: ???\n|-damage|p2b: ???|56\/100\n|cant|p1b: Landorus|flinch\n|move|p2b: ???|Substitute|p2b: ???\n|-start|p2b: ???|Substitute\n|-damage|p2b: ???|32\/100\n|\n|-heal|p2b: ???|37\/100|[from] Grassy Terrain\n|-heal|p2b: ???|43\/100|[from] item: Leftovers\n|upkeep\n|turn|2\n|\n|t:|1700674964\n|move|p2b: ???|Protect|p2b: ???\n|-singleturn|p2b: ???|Protect\n|move|p1a: Iron Bundle|Freeze-Dry|p2a: Monkey\n|-supereffective|p2a: Monkey\n|-damage|p2a: Monkey|25\/100\n|move|p1b: Landorus|U-turn|p2a: Monkey\n|-supereffective|p2a: Monkey\n|-damage|p2a: Monkey|0 fnt\n|faint|p2a: Monkey\n|j| Sudowoodo GX\n|\n|t:|1700674977\n|switch|p1b: Urshifu|Urshifu, L50, F|100\/100|[from] U-turn\n|\n|-heal|p2b: ???|49\/100|[from] Grassy Terrain\n|-heal|p2b: ???|55\/100|[from] item: Leftovers\n|upkeep\n|j| SlowHomie\n|\n|t:|1700674999\n|switch|p2a: Flutter Mane|Flutter Mane, L50|100\/100\n|turn|3\n|\n|t:|1700675013\n|-terastallize|p1b: Urshifu|Poison\n|move|p1a: Iron Bundle|Freeze-Dry|p2b: ???\n|-end|p2b: ???|Substitute\n|move|p2a: Flutter Mane|Dazzling Gleam|p1b: Urshifu|[spread] p1a,p1b\n|-resisted|p1b: Urshifu\n|-damage|p1a: Iron Bundle|40\/100\n|-damage|p1b: Urshifu|75\/100\n|-damage|p2a: Flutter Mane|91\/100|[from] item: Life Orb\n|move|p1b: Urshifu|Wicked Blow|p2a: Flutter Mane\n|-crit|p2a: Flutter Mane\n|-damage|p2a: Flutter Mane|0 fnt\n|faint|p2a: Flutter Mane\n|-end|p2a: Flutter Mane|Protosynthesis|[silent]\n|move|p2b: ???|Heat Wave|p1a: Iron Bundle|[spread] p1a,p1b\n|-damage|p1a: Iron Bundle|0 fnt\n|-damage|p1b: Urshifu|27\/100\n|faint|p1a: Iron Bundle\n|-end|p1a: Iron Bundle|Quark Drive|[silent]\n|\n|-heal|p1b: Urshifu|33\/100|[from] Grassy Terrain\n|-heal|p2b: ???|60\/100|[from] Grassy Terrain\n|-heal|p2b: ???|66\/100|[from] item: Leftovers\n|upkeep\n|\n|t:|1700675031\n|switch|p1a: Iron Hands|Iron Hands, L50|100\/100\n|switch|p2a: Cat?|Iron Hands, L50|100\/100\n|turn|4\n|c|\u2606Jesuuuus|please heatran please carry me\n|\n|t:|1700675040\n|move|p1a: Iron Hands|Fake Out|p2b: ???\n|-damage|p2b: ???|54\/100\n|move|p2a: Cat?|Fake Out|p1a: Iron Hands\n|-damage|p1a: Iron Hands|91\/100\n|move|p1b: Urshifu|Swords Dance|p1b: Urshifu\n|-boost|p1b: Urshifu|atk|2\n|cant|p2b: ???|flinch\n|\n|-heal|p1b: Urshifu|39\/100|[from] Grassy Terrain\n|-heal|p2b: ???|59\/100|[from] Grassy Terrain\n|-heal|p2b: ???|65\/100|[from] item: Leftovers\n|-heal|p1a: Iron Hands|97\/100|[from] Grassy Terrain\n|upkeep\n|turn|5\n|c|\u2606Jesuuuus|:0\n|\n|t:|1700675052\n|-end|p1a: Iron Hands|Quark Drive|[silent]\n|switch|p1a: Landorus|Landorus-Therian, L50, M|91\/100\n|-ability|p1a: Landorus|Intimidate|boost\n|-unboost|p2a: Cat?|atk|1\n|-unboost|p2b: ???|atk|1\n|move|p1b: Urshifu|Wicked Blow|p2b: ???\n|-resisted|p2b: ???\n|-crit|p2b: ???\n|-damage|p2b: ???|0 fnt\n|faint|p2b: ???\n|move|p2a: Cat?|Drain Punch|p1a: Landorus\n|-resisted|p1a: Landorus\n|-damage|p1a: Landorus|77\/100\n|\n|-heal|p1b: Urshifu|45\/100|[from] Grassy Terrain\n|-fieldend|move: Grassy Terrain\n|upkeep\n|turn|6\n|c|\u2606Jesuuuus|it is not carrying\n|c|\u2606Jesuuuus|gg wp\n|-message|Jesuuuus forfeited.\n|\n|win|viper pit\n|n|\u2606viper pit|viperpit\n|n|\u2606Jesuuuus|jesuuuus\n|n| bloodcurseuk|bloodcurseuk\n|n| drounddd|drounddd\n|n| Ramen Broth|ramenbroth\n|n| Therazer456|therazer456\n|n| Sudowoodo GX|sudowoodogx\n|n| SlowHomie|slowhomie\n","uploadtime":1700675066,"views":6,"p1id":"viperpit","p2id":"jesuuuus","formatid":"gen9vgc2023regulatione","rating":0,"private":0,"password":""}