{"id":"gen9vgc2023regulatione-1996562553","p1":"McCloud","p2":"REDIVGC","format":"[Gen 9] VGC 2023 Regulation E","log":"|j|\u2606McCloud\n|j|\u2606REDIVGC\n|t:|1700694619\n|gametype|doubles\n|player|p1|McCloud|gentleman-gen4|1242\n|player|p2|REDIVGC|2|1330\n|teamsize|p1|6\n|teamsize|p2|6\n|gen|9\n|tier|[Gen 9] VGC 2023 Regulation E\n|rated|\n|rule|Species Clause: Limit one of each Pok\u00e9mon\n|rule|Item Clause: Limit one of each item\n|clearpoke\n|poke|p1|Gastrodon, L50, F|\n|poke|p1|Iron Bundle, L50|\n|poke|p1|Iron Hands, L50|\n|poke|p1|Tornadus, L50, M|\n|poke|p1|Chien-Pao, L50|\n|poke|p1|Kingambit, L50, F|\n|poke|p2|Tornadus, L50, M|\n|poke|p2|Arcanine-Hisui, L50, F|\n|poke|p2|Iron Hands, L50|\n|poke|p2|Gholdengo, L50|\n|poke|p2|Urshifu-*, L50, M|\n|poke|p2|Ogerpon-Wellspring, L50, F|\n|teampreview|4\nREDIVGC has agreed to open team sheets.\n|inactive|Battle timer is ON: inactive players will automatically lose when time's up. (requested by REDIVGC)\n|inactive|REDIVGC has 60 seconds left.\n|\n|t:|1700694693\n|start\n|switch|p1a: Iron Bundle|Iron Bundle, L50|100\/100\n|switch|p1b: Kingambit|Kingambit, L50, F|100\/100\n|switch|p2a: Tornadus|Tornadus, L50, M|100\/100\n|switch|p2b: Arcanine|Arcanine-Hisui, L50, F|100\/100\n|-ability|p2b: Arcanine|Intimidate|boost\n|-unboost|p1a: Iron Bundle|atk|1\n|-unboost|p1b: Kingambit|atk|1\n|-ability|p1b: Kingambit|Defiant|boost\n|-boost|p1b: Kingambit|atk|2\n|-enditem|p1a: Iron Bundle|Booster Energy\n|-activate|p1a: Iron Bundle|ability: Quark Drive|[fromitem]\n|-start|p1a: Iron Bundle|quarkdrivespe\n|turn|1\n|inactive|McCloud has 30 seconds left.\n|inactive|REDIVGC has 30 seconds left.\n|inactive|REDIVGC has 20 seconds left.\n|inactive|REDIVGC has 15 seconds left.\n|inactive|REDIVGC has 10 seconds left.\n|\n|t:|1700694739\n|switch|p2a: Iron Hands|Iron Hands, L50|100\/100\n|switch|p2b: Urshifu|Urshifu-Rapid-Strike, L50, M|100\/100\n|move|p1b: Kingambit|Protect|p1b: Kingambit\n|-singleturn|p1b: Kingambit|Protect\n|move|p1a: Iron Bundle|Hydro Pump|p2b: Urshifu\n|-resisted|p2b: Urshifu\n|-damage|p2b: Urshifu|66\/100\n|\n|upkeep\n|turn|2\n|\n|t:|1700694751\n|-terastallize|p1b: Kingambit|Poison\n|move|p2a: Iron Hands|Fake Out|p1a: Iron Bundle\n|-damage|p1a: Iron Bundle|82\/100\n|cant|p1a: Iron Bundle|flinch\n|move|p2b: Urshifu|Close Combat|p1b: Kingambit\n|-resisted|p1b: Kingambit\n|-damage|p1b: Kingambit|77\/100\n|-unboost|p2b: Urshifu|def|1\n|-unboost|p2b: Urshifu|spd|1\n|move|p1b: Kingambit|Swords Dance|p1b: Kingambit\n|-boost|p1b: Kingambit|atk|2\n|\n|upkeep\n|turn|3\n|\n|t:|1700694770\n|switch|p2b: Tornadus|Tornadus, L50, M|100\/100\n|move|p1a: Iron Bundle|Freeze-Dry|p2b: Tornadus\n|-supereffective|p2b: Tornadus\n|-damage|p2b: Tornadus|36\/100\n|move|p2a: Iron Hands|Wild Charge|p1b: Kingambit\n|-damage|p1b: Kingambit|42\/100\n|-damage|p2a: Iron Hands|93\/100|[from] Recoil\n|move|p1b: Kingambit|Iron Head|p2a: Iron Hands\n|-resisted|p2a: Iron Hands\n|-damage|p2a: Iron Hands|58\/100\n|\n|upkeep\n|turn|4\n|\n|t:|1700694784\n|move|p2b: Tornadus|Tailwind|p2b: Tornadus\n|-sidestart|p2: REDIVGC|move: Tailwind\n|move|p1b: Kingambit|Sucker Punch|p2a: Iron Hands\n|-resisted|p2a: Iron Hands\n|-damage|p2a: Iron Hands|17\/100\n|move|p1a: Iron Bundle|Freeze-Dry|p2b: Tornadus\n|-supereffective|p2b: Tornadus\n|-damage|p2b: Tornadus|0 fnt\n|faint|p2b: Tornadus\n|move|p2a: Iron Hands|Wild Charge|p1b: Kingambit\n|-damage|p1b: Kingambit|4\/100\n|-damage|p2a: Iron Hands|9\/100|[from] Recoil\n|\n|upkeep\n|\n|t:|1700694793\n|switch|p2b: Arcanine|Arcanine-Hisui, L50, F|100\/100\n|-ability|p2b: Arcanine|Intimidate|boost\n|-unboost|p1a: Iron Bundle|atk|1\n|-unboost|p1b: Kingambit|atk|1\n|-ability|p1b: Kingambit|Defiant|boost\n|-boost|p1b: Kingambit|atk|2\n|turn|5\n|inactive|McCloud has 30 seconds left.\n|\n|t:|1700694827\n|-terastallize|p2b: Arcanine|Fairy\n|move|p1b: Kingambit|Protect|p1b: Kingambit\n|-singleturn|p1b: Kingambit|Protect\n|move|p2b: Arcanine|Extreme Speed|p1b: Kingambit\n|-activate|p1b: Kingambit|move: Protect\n|move|p1a: Iron Bundle|Freeze-Dry|p2a: Iron Hands\n|-damage|p2a: Iron Hands|0 fnt\n|faint|p2a: Iron Hands\n|-end|p2a: Iron Hands|Quark Drive|[silent]\n|\n|upkeep\n|\n|t:|1700694838\n|switch|p2a: Urshifu|Urshifu-Rapid-Strike, L50, M|66\/100\n|turn|6\n|\n|t:|1700694851\n|move|p2b: Arcanine|Extreme Speed|p1a: Iron Bundle\n|-damage|p1a: Iron Bundle|36\/100\n|move|p2a: Urshifu|Surging Strikes|p1b: Kingambit\n|-crit|p1b: Kingambit\n|-damage|p1b: Kingambit|0 fnt\n|faint|p1b: Kingambit\n|-hitcount|p1: Kingambit|1\n|move|p1a: Iron Bundle|Freeze-Dry|p2a: Urshifu\n|-supereffective|p2a: Urshifu\n|-damage|p2a: Urshifu|0 fnt\n|faint|p2a: Urshifu\n|\n|upkeep\n|-message|REDIVGC forfeited.\n|\n|win|McCloud\n|raw|McCloud's rating: 1242 &rarr; <strong>1273<\/strong><br \/>(+31 for winning)\n|raw|REDIVGC's rating: 1330 &rarr; <strong>1305<\/strong><br \/>(-25 for losing)\n","uploadtime":1700694864,"views":18,"p1id":"mccloud","p2id":"redivgc","formatid":"gen9vgc2023regulatione","rating":1273,"private":0,"password":""}