{"id":"gen9vgc2023regulatione-1994803893","p1":"Kzrjzkz","p2":"MrIKUrtz","format":"[Gen 9] VGC 2023 Regulation E","log":"|j|\u2606Kzrjzkz\n|j|\u2606MrIKUrtz\n|t:|1700494330\n|gametype|doubles\n|player|p1|Kzrjzkz|lance|1214\n|player|p2|MrIKUrtz|102|1266\n|teamsize|p1|6\n|teamsize|p2|6\n|gen|9\n|tier|[Gen 9] VGC 2023 Regulation E\n|rated|\n|rule|Species Clause: Limit one of each Pok\u00e9mon\n|rule|Item Clause: Limit one of each item\n|clearpoke\n|poke|p1|Flutter Mane, L50|\n|poke|p1|Tornadus, L50, M|\n|poke|p1|Rillaboom, L50, F|\n|poke|p1|Garganacl, L50, F|\n|poke|p1|Arcanine-Hisui, L50, M|\n|poke|p1|Chien-Pao, L50|\n|poke|p2|Chi-Yu, L50|\n|poke|p2|Flutter Mane, L50|\n|poke|p2|Tornadus, L50, M|\n|poke|p2|Indeedee-F, L50, F|\n|poke|p2|Regieleki, L50|\n|poke|p2|Ogerpon-Wellspring, L50, F|\n|teampreview|4\n|inactive|Battle timer is ON: inactive players will automatically lose when time's up. (requested by MrIKUrtz)\n|inactive|MrIKUrtz has 60 seconds left.\n|inactive|MrIKUrtz has 30 seconds left.\n|\n|t:|1700494399\n|start\n|switch|p1a: Tornadus|Tornadus, L50, M|100\/100\n|switch|p1b: Arcanine|Arcanine-Hisui, L50, M|100\/100\n|switch|p2a: Merkrow|Tornadus, L50, M|100\/100\n|switch|p2b: Regieleki|Regieleki, L50|100\/100\n|-ability|p1b: Arcanine|Intimidate|boost\n|-unboost|p2a: Merkrow|atk|1\n|-unboost|p2b: Regieleki|atk|1\n|turn|1\n|\n|t:|1700494422\n|switch|p1a: Rillaboom|Rillaboom, L50, F|100\/100\n|-fieldstart|move: Grassy Terrain|[from] ability: Grassy Surge|[of] p1a: Rillaboom\n|move|p2b: Regieleki|Protect|p2b: Regieleki\n|-singleturn|p2b: Regieleki|Protect\n|move|p2a: Merkrow|Tailwind|p2a: Merkrow\n|-sidestart|p2: MrIKUrtz|move: Tailwind\n|move|p1b: Arcanine|Rock Slide|p2a: Merkrow|[spread] p2a\n|-activate|p2b: Regieleki|move: Protect\n|-supereffective|p2a: Merkrow\n|-damage|p2a: Merkrow|10\/100\n|\n|upkeep\n|turn|2\n|inactive|MrIKUrtz has 30 seconds left.\n|\n|t:|1700494447\n|switch|p2b: Ogerpon|Ogerpon-Wellspring, L50, F|100\/100\n|move|p1a: Rillaboom|Fake Out|p2a: Merkrow\n|-damage|p2a: Merkrow|0 fnt\n|faint|p2a: Merkrow\n|move|p1b: Arcanine|Rock Slide|p2b: Ogerpon\n|-damage|p2b: Ogerpon|47\/100\n|\n|-heal|p2b: Ogerpon|53\/100|[from] Grassy Terrain\n|upkeep\n|\n|t:|1700494456\n|switch|p2a: Chi-Yu|Chi-Yu, L50|100\/100\n|-ability|p2a: Chi-Yu|Beads of Ruin\n|turn|3\n|\n|t:|1700494466\n|switch|p1b: Tornadus|Tornadus, L50, M|100\/100\n|switch|p1a: Garganacl|Garganacl, L50, F|100\/100\n|move|p2a: Chi-Yu|Heat Wave|p1b: Tornadus|[spread] p1a,p1b\n|-resisted|p1a: Garganacl\n|-damage|p1a: Garganacl|80\/100\n|-damage|p1b: Tornadus|43\/100\n|-damage|p2a: Chi-Yu|90\/100|[from] item: Life Orb\n|move|p2b: Ogerpon|Ivy Cudgel|p1b: Tornadus|[anim] Ivy Cudgel Water\n|-crit|p1b: Tornadus\n|-damage|p1b: Tornadus|0 fnt\n|faint|p1b: Tornadus\n|\n|-heal|p2a: Chi-Yu|97\/100|[from] Grassy Terrain\n|-heal|p2b: Ogerpon|59\/100|[from] Grassy Terrain\n|-heal|p1a: Garganacl|86\/100|[from] Grassy Terrain\n|upkeep\n|\n|t:|1700494470\n|switch|p1b: Rillaboom|Rillaboom, L50, F|100\/100\n|turn|4\n|\n|t:|1700494483\n|-terastallize|p1a: Garganacl|Ghost\n|move|p2a: Chi-Yu|Protect|p2a: Chi-Yu\n|-singleturn|p2a: Chi-Yu|Protect\n|move|p2b: Ogerpon|Spiky Shield|p2b: Ogerpon\n|-singleturn|p2b: Ogerpon|move: Protect\n|move|p1b: Rillaboom|Fake Out|p2a: Chi-Yu\n|-activate|p2a: Chi-Yu|move: Protect\n|move|p1a: Garganacl|Salt Cure|p2a: Chi-Yu\n|-activate|p2a: Chi-Yu|move: Protect\n|\n|-heal|p2a: Chi-Yu|100\/100|[from] Grassy Terrain\n|-heal|p2b: Ogerpon|65\/100|[from] Grassy Terrain\n|-heal|p1a: Garganacl|92\/100|[from] Grassy Terrain\n|-sideend|p2: MrIKUrtz|move: Tailwind\n|upkeep\n|turn|5\n|\n|t:|1700494500\n|move|p2a: Chi-Yu|Heat Wave|p1a: Garganacl|[spread] p1a,p1b\n|-supereffective|p1b: Rillaboom\n|-damage|p1a: Garganacl|48\/100\n|-damage|p1b: Rillaboom|5\/100\n|-enditem|p1a: Garganacl|Sitrus Berry|[eat]\n|-heal|p1a: Garganacl|72\/100|[from] item: Sitrus Berry\n|-damage|p2a: Chi-Yu|90\/100|[from] item: Life Orb\n|move|p2b: Ogerpon|Ivy Cudgel|p1a: Garganacl|[anim] Ivy Cudgel Water\n|-damage|p1a: Garganacl|29\/100\n|move|p1b: Rillaboom|Drain Punch|p2a: Chi-Yu\n|-supereffective|p2a: Chi-Yu\n|-damage|p2a: Chi-Yu|0 fnt\n|-heal|p1b: Rillaboom|33\/100|[from] drain|[of] p2a: Chi-Yu\n|faint|p2a: Chi-Yu\n|move|p1a: Garganacl|Salt Cure|p2b: Ogerpon\n|-damage|p2b: Ogerpon|50\/100\n|-start|p2b: Ogerpon|Salt Cure\n|\n|-heal|p2b: Ogerpon|56\/100|[from] Grassy Terrain\n|-heal|p1b: Rillaboom|39\/100|[from] Grassy Terrain\n|-heal|p1a: Garganacl|35\/100|[from] Grassy Terrain\n|-damage|p2b: Ogerpon|31\/100|[from] Salt Cure\n|-fieldend|move: Grassy Terrain\n|upkeep\n|\n|t:|1700494509\n|switch|p2a: Regieleki|Regieleki, L50|100\/100\n|turn|6\n|\n|t:|1700494524\n|switch|p1b: Arcanine|Arcanine-Hisui, L50, M|100\/100\n|-ability|p1b: Arcanine|Intimidate|boost\n|-unboost|p2a: Regieleki|atk|1\n|-unboost|p2b: Ogerpon|atk|1\n|-terastallize|p2a: Regieleki|Ice\n|move|p1a: Garganacl|Protect|p1a: Garganacl\n|-singleturn|p1a: Garganacl|Protect\n|move|p2a: Regieleki|Tera Blast|p1b: Arcanine|[anim] Tera Blast Ice\n|-resisted|p1b: Arcanine\n|-damage|p1b: Arcanine|79\/100\n|move|p2b: Ogerpon|Horn Leech|p1a: Garganacl\n|-activate|p1a: Garganacl|move: Protect\n|\n|-damage|p2b: Ogerpon|6\/100|[from] Salt Cure\n|upkeep\n|turn|7\n|\n|t:|1700494540\n|move|p1b: Arcanine|Extreme Speed|p2a: Regieleki\n|-damage|p2a: Regieleki|26\/100\n|move|p2a: Regieleki|Thunderbolt|p1a: Garganacl\n|-damage|p1a: Garganacl|0 fnt\n|faint|p1a: Garganacl\n|move|p2b: Ogerpon|Ivy Cudgel|p1b: Arcanine|[anim] Ivy Cudgel Water\n|-supereffective|p1b: Arcanine\n|-damage|p1b: Arcanine|0 fnt\n|faint|p1b: Arcanine\n|\n|-damage|p2b: Ogerpon|0 fnt|[from] Salt Cure\n|faint|p2b: Ogerpon\n|upkeep\n|\n|t:|1700494549\n|switch|p1b: Rillaboom|Rillaboom, L50, F|39\/100\n|-fieldstart|move: Grassy Terrain|[from] ability: Grassy Surge|[of] p1b: Rillaboom\n|turn|8\n|\n|t:|1700494552\n|move|p2a: Regieleki|Protect|p2a: Regieleki\n|-singleturn|p2a: Regieleki|Protect\n|move|p1b: Rillaboom|Fake Out|p2a: Regieleki\n|-activate|p2a: Regieleki|move: Protect\n|\n|-heal|p2a: Regieleki|32\/100|[from] Grassy Terrain\n|-heal|p1b: Rillaboom|45\/100|[from] Grassy Terrain\n|upkeep\n|turn|9\n|\n|t:|1700494559\n|move|p1b: Rillaboom|Grassy Glide|p2a: Regieleki\n|-damage|p2a: Regieleki|0 fnt\n|faint|p2a: Regieleki\n|\n|win|Kzrjzkz\n|raw|Kzrjzkz's rating: 1183 &rarr; <strong>1214<\/strong><br \/>(+31 for winning)\n|raw|MrIKUrtz's rating: 1266 &rarr; <strong>1235<\/strong><br \/>(-31 for losing)\n|l|\u2606MrIKUrtz\n","uploadtime":1700494564,"views":6,"p1id":"kzrjzkz","p2id":"mrikurtz","formatid":"gen9vgc2023regulatione","rating":1214,"private":0,"password":""}