{"id":"gen9vgc2023regulatione-1991939261","p1":"aquartertwo","p2":"fairylilipad","format":"[Gen 9] VGC 2023 Regulation E","log":"|j|\u2606aquartertwo\n|j|\u2606fairylilipad\n|n|\u2606aquartertwo|aquartertwo\n|n|\u2606fairylilipad|fairylilipad\n|html|View the match progress at <a href=\"\/game-bestof3-gen9vgc2023regulatione-1991936007\">game-bestof3-gen9vgc2023regulatione-1991936007<\/a>\n|t:|1700140509\n|gametype|doubles\n|player|p1|aquartertwo|clerk|\n|player|p2|fairylilipad|guitarist|\n|teamsize|p1|6\n|teamsize|p2|6\n|gen|9\n|tier|[Gen 9] VGC 2023 Regulation E\n|rule|Species Clause: Limit one of each Pok\u00e9mon\n|rule|Item Clause: Limit one of each item\n|clearpoke\n|poke|p1|Tornadus, L50, M|\n|poke|p1|Flutter Mane, L50|\n|poke|p1|Regidrago, L50|\n|poke|p1|Heatran, L50, M|\n|poke|p1|Urshifu-*, L50, F|\n|poke|p1|Rillaboom, L50, M|\n|poke|p2|Gholdengo, L50|\n|poke|p2|Iron Hands, L50|\n|poke|p2|Amoonguss, L50, F|\n|poke|p2|Iron Bundle, L50|\n|poke|p2|Pelipper, L50, F|\n|poke|p2|Salamence, L50, M|\n|teampreview|4\nfairylilipad has agreed to open team sheets.\n|\n|t:|1700140576\n|start\n|switch|p1a: Tornadus|Tornadus, L50, M|100\/100\n|switch|p1b: Flutter Mane|Flutter Mane, L50|100\/100\n|switch|p2a: Amoonguss|Amoonguss, L50, F|100\/100\n|switch|p2b: Iron Bundle|Iron Bundle, L50|100\/100\n|-enditem|p1b: Flutter Mane|Booster Energy\n|-activate|p1b: Flutter Mane|ability: Protosynthesis|[fromitem]\n|-start|p1b: Flutter Mane|protosynthesisspa\n|-enditem|p2b: Iron Bundle|Booster Energy\n|-activate|p2b: Iron Bundle|ability: Quark Drive|[fromitem]\n|-start|p2b: Iron Bundle|quarkdrivespe\n|turn|1\n|\n|t:|1700140641\n|-terastallize|p2a: Amoonguss|Water\n|move|p1a: Tornadus|Tailwind|p1a: Tornadus\n|-sidestart|p1: aquartertwo|move: Tailwind\n|move|p1b: Flutter Mane|Shadow Ball|p2b: Iron Bundle\n|-damage|p2b: Iron Bundle|21\/100\n|move|p2b: Iron Bundle|Icy Wind|p1a: Tornadus|[spread] p1a,p1b\n|-supereffective|p1a: Tornadus\n|-damage|p1a: Tornadus|54\/100\n|-damage|p1b: Flutter Mane|83\/100\n|-unboost|p1a: Tornadus|spe|1\n|-unboost|p1b: Flutter Mane|spe|1\n|move|p2a: Amoonguss|Spore|p1b: Flutter Mane\n|-status|p1b: Flutter Mane|slp|[from] move: Spore\n|\n|upkeep\n|turn|2\n|\n|t:|1700140701\n|move|p1a: Tornadus|Protect|p1a: Tornadus\n|-singleturn|p1a: Tornadus|Protect\n|move|p2b: Iron Bundle|Protect|p2b: Iron Bundle\n|-singleturn|p2b: Iron Bundle|Protect\n|cant|p1b: Flutter Mane|slp\n|move|p2a: Amoonguss|Spore|p1a: Tornadus\n|-activate|p1a: Tornadus|move: Protect\n|\n|upkeep\n|turn|3\n|\n|t:|1700140732\n|switch|p2a: Gholdengo|Gholdengo, L50|100\/100\n|move|p2b: Iron Bundle|Freeze-Dry|p1a: Tornadus\n|-supereffective|p1a: Tornadus\n|-damage|p1a: Tornadus|0 fnt\n|faint|p1a: Tornadus\n|cant|p1b: Flutter Mane|slp\n|\n|upkeep\n|\n|t:|1700140756\n|switch|p1a: Regidrago|Regidrago, L50|100\/100\n|turn|4\n|\n|t:|1700140774\n|-terastallize|p1b: Flutter Mane|Water\n|move|p2b: Iron Bundle|Protect|p2b: Iron Bundle\n|-singleturn|p2b: Iron Bundle|Protect\n|move|p1a: Regidrago|Dragon Energy|p2a: Gholdengo|[spread] p2a\n|-activate|p2b: Iron Bundle|move: Protect\n|-resisted|p2a: Gholdengo\n|-damage|p2a: Gholdengo|51\/100\n|cant|p1b: Flutter Mane|slp\n|move|p2a: Gholdengo|Shadow Ball|p1b: Flutter Mane\n|-damage|p1b: Flutter Mane|36\/100 slp\n|-unboost|p1b: Flutter Mane|spd|1\n|\n|-heal|p2a: Gholdengo|57\/100|[from] item: Leftovers\n|-sideend|p1: aquartertwo|move: Tailwind\n|upkeep\n|turn|5\n|\n|t:|1700140850\n|-end|p1b: Flutter Mane|Protosynthesis|[silent]\n|switch|p1b: Urshifu|Urshifu, L50, F|100\/100\n|move|p2b: Iron Bundle|Freeze-Dry|p1a: Regidrago\n|-supereffective|p1a: Regidrago\n|-damage|p1a: Regidrago|37\/100\n|move|p1a: Regidrago|Earth Power|p2b: Iron Bundle\n|-damage|p2b: Iron Bundle|0 fnt\n|faint|p2b: Iron Bundle\n|-end|p2b: Iron Bundle|Quark Drive|[silent]\n|move|p2a: Gholdengo|Shadow Ball|p1b: Urshifu\n|-resisted|p1b: Urshifu\n|-damage|p1b: Urshifu|70\/100\n|-unboost|p1b: Urshifu|spd|1\n|\n|-heal|p2a: Gholdengo|63\/100|[from] item: Leftovers\n|upkeep\n|\n|t:|1700140865\n|switch|p2b: Iron Hands|Iron Hands, L50|100\/100\n|turn|6\n|\n|t:|1700140888\n|move|p2b: Iron Hands|Fake Out|p1b: Urshifu\n|-damage|p1b: Urshifu|54\/100\n|cant|p1b: Urshifu|flinch\n|move|p1a: Regidrago|Earth Power|p2a: Gholdengo\n|-supereffective|p2a: Gholdengo\n|-damage|p2a: Gholdengo|7\/100\n|-unboost|p2a: Gholdengo|spd|1\n|move|p2a: Gholdengo|Make It Rain|p1b: Urshifu|[spread] p1a,p1b\n|-damage|p1a: Regidrago|0 fnt\n|-damage|p1b: Urshifu|0 fnt\n|-unboost|p2a: Gholdengo|spa|1\n|faint|p1a: Regidrago\n|faint|p1b: Urshifu\n|\n|-heal|p2a: Gholdengo|13\/100|[from] item: Leftovers\n|upkeep\n|\n|t:|1700140906\n|switch|p1b: Flutter Mane|Flutter Mane, L50, tera:Water|36\/100 slp\n|turn|7\n|\n|t:|1700140919\n|switch|p2a: Amoonguss|Amoonguss, L50, F, tera:Water|100\/100\n|-curestatus|p1b: Flutter Mane|slp|[msg]\n|move|p1b: Flutter Mane|Dazzling Gleam|p2a: Amoonguss|[spread] p2a,p2b\n|-supereffective|p2b: Iron Hands\n|-damage|p2a: Amoonguss|72\/100\n|-damage|p2b: Iron Hands|65\/100\n|move|p2b: Iron Hands|Wild Charge|p1b: Flutter Mane\n|-supereffective|p1b: Flutter Mane\n|-damage|p1b: Flutter Mane|0 fnt\n|faint|p1b: Flutter Mane\n|-end|p1b: Flutter Mane|Protosynthesis|[silent]\n|-damage|p2b: Iron Hands|60\/100|[from] Recoil\n|\n|win|fairylilipad\n|c|&|\/uhtml prompt-fairylilipad,fairylilipad is ready for game 3!\n|inactive|aquartertwo has 50 seconds to confirm battle start!\n|c|&|\/uhtml prompt-aquartertwo,aquartertwo is ready for game 3!\nBoth players are ready! Starting next match!\n|l|\u2606fairylilipad\n","uploadtime":1700143087,"views":21,"p1id":"aquartertwo","p2id":"fairylilipad","formatid":"gen9vgc2023regulatione","rating":0,"private":0,"password":""}