{"id":"gen9vgc2023regulatione-1990648015","p1":"dynonuggetz1234","p2":"Syd2J","format":"[Gen 9] VGC 2023 Regulation E","log":"|j|\u2606dynonuggetz1234\n|j|\u2606Syd2J\n|t:|1699988565\n|gametype|doubles\n|player|p1|dynonuggetz1234|brock|1400\n|player|p2|Syd2J|265|1338\n|teamsize|p1|6\n|teamsize|p2|6\n|gen|9\n|tier|[Gen 9] VGC 2023 Regulation E\n|rated|\n|rule|Species Clause: Limit one of each Pok\u00e9mon\n|rule|Item Clause: Limit one of each item\n|clearpoke\n|poke|p1|Iron Hands, L50|\n|poke|p1|Heatran, L50, M|\n|poke|p1|Roaring Moon, L50|\n|poke|p1|Amoonguss, L50, F|\n|poke|p1|Landorus-Therian, L50, M|\n|poke|p1|Flutter Mane, L50|\n|poke|p2|Flutter Mane, L50|\n|poke|p2|Gholdengo, L50|\n|poke|p2|Ogerpon-Wellspring, L50, F|\n|poke|p2|Tornadus, L50, M|\n|poke|p2|Zapdos-Galar, L50|\n|poke|p2|Arcanine-Hisui, L50, F|\n|teampreview|4\n|inactive|Battle timer is ON: inactive players will automatically lose when time's up. (requested by Syd2J)\n|inactive|dynonuggetz1234 also wants the timer to be on.\nSyd2J has agreed to open team sheets.\n|inactive|dynonuggetz1234 has 60 seconds left.\n|inactive|Syd2J has 60 seconds left.\n|\n|t:|1699988601\n|start\n|switch|p1a: Iron Hands|Iron Hands, L50|100\/100\n|switch|p1b: Roaring Moon|Roaring Moon, L50|100\/100\n|switch|p2a: Tornadus|Tornadus, L50, M|100\/100\n|switch|p2b: Flutter Mane|Flutter Mane, L50|100\/100\n|-enditem|p1b: Roaring Moon|Booster Energy\n|-activate|p1b: Roaring Moon|ability: Protosynthesis|[fromitem]\n|-start|p1b: Roaring Moon|protosynthesisspe\n|turn|1\n|\n|t:|1699988617\n|move|p1b: Roaring Moon|Protect|p1b: Roaring Moon\n|-singleturn|p1b: Roaring Moon|Protect\n|move|p2b: Flutter Mane|Icy Wind|p1a: Iron Hands|[spread] p1a\n|-activate|p1b: Roaring Moon|move: Protect\n|-crit|p1a: Iron Hands\n|-damage|p1a: Iron Hands|89\/100\n|-unboost|p1a: Iron Hands|spe|1\n|move|p2a: Tornadus|Focus Blast|p1b: Roaring Moon\n|-activate|p1b: Roaring Moon|move: Protect\n|move|p1a: Iron Hands|Wild Charge|p2a: Tornadus\n|-supereffective|p2a: Tornadus\n|-damage|p2a: Tornadus|0 fnt\n|faint|p2a: Tornadus\n|-damage|p1a: Iron Hands|70\/100|[from] Recoil\n|\n|upkeep\n|\n|t:|1699988622\n|switch|p2a: Ogerpon|Ogerpon-Wellspring, L50, F|100\/100\n|turn|2\n|inactive|dynonuggetz1234 has 30 seconds left.\n|\n|t:|1699988650\n|move|p2a: Ogerpon|Spiky Shield|p2a: Ogerpon\n|-singleturn|p2a: Ogerpon|move: Protect\n|move|p1b: Roaring Moon|Tailwind|p1b: Roaring Moon\n|-sidestart|p1: dynonuggetz1234|move: Tailwind\n|move|p2b: Flutter Mane|Moonblast|p1b: Roaring Moon\n|-supereffective|p1b: Roaring Moon\n|-damage|p1b: Roaring Moon|0 fnt\n|faint|p1b: Roaring Moon\n|-end|p1b: Roaring Moon|Protosynthesis|[silent]\n|move|p1a: Iron Hands|Drain Punch|p2a: Ogerpon\n|-activate|p2a: Ogerpon|move: Protect\n|-damage|p1a: Iron Hands|58\/100|[from] Spiky Shield|[of] p2a: Ogerpon\n|\n|upkeep\n|\n|t:|1699988668\n|switch|p1b: Flutter Mane|Flutter Mane, L50|100\/100\n|turn|3\n|inactive|dynonuggetz1234 has 30 seconds left.\n|inactive|dynonuggetz1234 has 20 seconds left.\n|\n|t:|1699988703\n|-terastallize|p2a: Ogerpon|Water\n|detailschange|p2a: Ogerpon|Ogerpon-Wellspring-Tera, L50, F, tera:Water\n|-ability|p2a: Ogerpon|Embody Aspect (Wellspring)|boost\n|-boost|p2a: Ogerpon|spd|1\n|move|p2b: Flutter Mane|Protect|p2b: Flutter Mane\n|-singleturn|p2b: Flutter Mane|Protect\n|move|p1b: Flutter Mane|Icy Wind|p2b: Flutter Mane|[spread] p2a\n|-activate|p2b: Flutter Mane|move: Protect\n|-resisted|p2a: Ogerpon\n|-damage|p2a: Ogerpon|93\/100\n|-unboost|p2a: Ogerpon|spe|1\n|move|p2a: Ogerpon|Ivy Cudgel|p1b: Flutter Mane|[anim] Ivy Cudgel Water\n|-damage|p1b: Flutter Mane|0 fnt\n|faint|p1b: Flutter Mane\n|-end|p1b: Flutter Mane|Protosynthesis|[silent]\n|move|p1a: Iron Hands|Drain Punch|p2a: Ogerpon\n|-damage|p2a: Ogerpon|40\/100\n|-heal|p1a: Iron Hands|78\/100|[from] drain|[of] p2a: Ogerpon\n|\n|upkeep\n|\n|t:|1699988710\n|switch|p1b: Heatran|Heatran, L50, M|100\/100\n|turn|4\n|inactive|dynonuggetz1234 has 30 seconds left.\n|inactive|dynonuggetz1234 has 20 seconds left.\n|inactive|dynonuggetz1234 has 15 seconds left.\n|inactive|dynonuggetz1234 has 10 seconds left.\n|inactive|dynonuggetz1234 has 5 seconds left.\n|\n|t:|1699988762\n|switch|p2a: Zapdos|Zapdos-Galar, L50, shiny|100\/100\n|-terastallize|p1b: Heatran|Fairy\n|move|p1b: Heatran|Heat Wave|p2a: Zapdos|[spread] p2b\n|-miss|p1b: Heatran|p2a: Zapdos\n|-damage|p2b: Flutter Mane|57\/100\n|move|p2b: Flutter Mane|Moonblast|p1a: Iron Hands\n|-supereffective|p1a: Iron Hands\n|-damage|p1a: Iron Hands|16\/100\n|move|p1a: Iron Hands|Drain Punch|p2a: Zapdos\n|-resisted|p2a: Zapdos\n|-damage|p2a: Zapdos|74\/100\n|-heal|p1a: Iron Hands|26\/100|[from] drain|[of] p2a: Zapdos\n|\n|upkeep\n|turn|5\n|inactive|dynonuggetz1234 has 30 seconds left.\n|\n|t:|1699988791\n|move|p2b: Flutter Mane|Protect|p2b: Flutter Mane\n|-singleturn|p2b: Flutter Mane|Protect\n|move|p2a: Zapdos|Detect|p2a: Zapdos\n|-singleturn|p2a: Zapdos|Protect\n|move|p1b: Heatran|Flash Cannon|p2b: Flutter Mane\n|-activate|p2b: Flutter Mane|move: Protect\n|move|p1a: Iron Hands|Wild Charge|p2a: Zapdos\n|-activate|p2a: Zapdos|move: Protect\n|\n|-sideend|p1: dynonuggetz1234|move: Tailwind\n|upkeep\n|turn|6\n|\n|t:|1699988806\n|move|p2b: Flutter Mane|Shadow Ball|p1b: Heatran\n|-damage|p1b: Heatran|59\/100\n|move|p2a: Zapdos|Brave Bird|p1a: Iron Hands\n|-damage|p1a: Iron Hands|0 fnt\n|faint|p1a: Iron Hands\n|-end|p1a: Iron Hands|Quark Drive|[silent]\n|-damage|p2a: Zapdos|62\/100|[from] Recoil\n|move|p1b: Heatran|Flash Cannon|p2b: Flutter Mane\n|-supereffective|p2b: Flutter Mane\n|-damage|p2b: Flutter Mane|0 fnt\n|faint|p2b: Flutter Mane\n|-end|p2b: Flutter Mane|Protosynthesis|[silent]\n|\n|-heal|p1b: Heatran|66\/100|[from] item: Leftovers\n|upkeep\n|\n|t:|1699988818\n|switch|p2b: Ogerpon|Ogerpon-Wellspring-Tera, L50, F, tera:Water|40\/100\n|-ability|p2b: Ogerpon|Embody Aspect (Wellspring)|boost\n|-boost|p2b: Ogerpon|spd|1\n|turn|7\n|\n|t:|1699988833\n|move|p2a: Zapdos|Brave Bird|p1b: Heatran\n|-damage|p1b: Heatran|9\/100\n|-damage|p2a: Zapdos|40\/100|[from] Recoil\n|move|p2b: Ogerpon|Horn Leech|p1b: Heatran\n|-damage|p1b: Heatran|0 fnt\n|-heal|p2b: Ogerpon|45\/100|[from] drain|[of] p1b: Heatran\n|faint|p1b: Heatran\n|\n|win|Syd2J\n|raw|dynonuggetz1234's rating: 1400 &rarr; <strong>1376<\/strong><br \/>(-24 for losing)\n|raw|Syd2J's rating: 1338 &rarr; <strong>1362<\/strong><br \/>(+24 for winning)\n","uploadtime":1699988845,"views":14,"p1id":"dynonuggetz1234","p2id":"syd2j","formatid":"gen9vgc2023regulatione","rating":1362,"private":0,"password":""}