{"id":"gen9vgc2023regulatione-1994481949","p1":"leafyarrow","p2":"ijnk","format":"[Gen 9] VGC 2023 Regulation E","log":"|j|\u2606leafyarrow\n|j|\u2606ijnk\n|t:|1700449019\n|gametype|doubles\n|player|p1|leafyarrow|selene|1317\n|player|p2|ijnk|shadowtriad|1303\n|teamsize|p1|6\n|teamsize|p2|6\n|gen|9\n|tier|[Gen 9] VGC 2023 Regulation E\n|rated|\n|rule|Species Clause: Limit one of each Pok\u00e9mon\n|rule|Item Clause: Limit one of each item\n|clearpoke\n|poke|p1|Enamorus-Therian, L50, F|\n|poke|p1|Ursaluna, L50, M|\n|poke|p1|Indeedee-F, L50, F|\n|poke|p1|Armarouge, L50, M|\n|poke|p1|Roaring Moon, L50|\n|poke|p1|Ninetales-Alola, L50, F|\n|poke|p2|Flutter Mane, L50|\n|poke|p2|Chien-Pao, L50|\n|poke|p2|Dragonite, L50, M|\n|poke|p2|Grimmsnarl, L50, M|\n|poke|p2|Iron Bundle, L50|\n|poke|p2|Ambipom, L50, M|\n|teampreview|4\nleafyarrow has agreed to open team sheets.\n|\n|t:|1700449077\n|start\n|switch|p1a: Indeedee|Indeedee-F, L50, F|100\/100\n|switch|p1b: Armarouge|Armarouge, L50, M|100\/100\n|switch|p2a: Grimmsnarl|Grimmsnarl, L50, M|100\/100\n|switch|p2b: Chien-Pao|Chien-Pao, L50|100\/100\n|-ability|p2b: Chien-Pao|Sword of Ruin\n|-fieldstart|move: Psychic Terrain|[from] ability: Psychic Surge|[of] p1a: Indeedee\n|-enditem|p1a: Indeedee|Psychic Seed\n|-boost|p1a: Indeedee|spd|1|[from] item: Psychic Seed\n|turn|1\n|\n|t:|1700449116\n|switch|p1a: Ursaluna|Ursaluna, L50, M|100\/100\n|move|p2a: Grimmsnarl|Light Screen|p2a: Grimmsnarl\n|-sidestart|p2: ijnk|move: Light Screen\n|move|p2b: Chien-Pao|Ice Spinner|p1a: Ursaluna\n|-supereffective|p1a: Ursaluna\n|-damage|p1a: Ursaluna|19\/100\n|-fieldend|move: Psychic Terrain\n|move|p1b: Armarouge|Trick Room|p1b: Armarouge\n|-fieldstart|move: Trick Room|[of] p1b: Armarouge\n|\n|-status|p1a: Ursaluna|brn|[from] item: Flame Orb\n|upkeep\n|turn|2\n|\n|t:|1700449151\n|move|p2b: Chien-Pao|Protect|p2b: Chien-Pao\n|-singleturn|p2b: Chien-Pao|Protect\n|move|p2a: Grimmsnarl|Reflect|p2a: Grimmsnarl\n|-sidestart|p2: ijnk|Reflect\n|move|p1a: Ursaluna|Facade|p2a: Grimmsnarl\n|-damage|p2a: Grimmsnarl|0 fnt\n|faint|p2a: Grimmsnarl\n|move|p1b: Armarouge|Armor Cannon|p2b: Chien-Pao\n|-activate|p2b: Chien-Pao|move: Protect\n|\n|-damage|p1a: Ursaluna|13\/100 brn|[from] brn\n|upkeep\n|\n|t:|1700449166\n|switch|p2a: Ambipom|Ambipom, L50, M|100\/100\n|turn|3\n|\n|t:|1700449173\n|switch|p1b: Indeedee|Indeedee-F, L50, F|100\/100\n|-fieldstart|move: Psychic Terrain|[from] ability: Psychic Surge|[of] p1b: Indeedee\n|move|p2a: Ambipom|Fake Out|p1a: Ursaluna\n|-activate|p1a: Ursaluna|move: Psychic Terrain\n|move|p1a: Ursaluna|Earthquake|p2a: Ambipom|[spread] p1b,p2a,p2b\n|-damage|p1b: Indeedee|17\/100\n|-damage|p2a: Ambipom|5\/100\n|-damage|p2b: Chien-Pao|39\/100\n|move|p2b: Chien-Pao|Throat Chop|p1b: Indeedee\n|-supereffective|p1b: Indeedee\n|-damage|p1b: Indeedee|0 fnt\n|faint|p1b: Indeedee\n|\n|-damage|p1a: Ursaluna|7\/100 brn|[from] brn\n|upkeep\n|\n|t:|1700449200\n|switch|p1b: Enamorus|Enamorus-Therian, L50, F|100\/100\n|turn|4\n|\n|t:|1700449215\n|switch|p2a: Dragonite|Dragonite, L50, M, shiny|100\/100\n|move|p2b: Chien-Pao|Protect|p2b: Chien-Pao\n|-singleturn|p2b: Chien-Pao|Protect\n|move|p1b: Enamorus|Dazzling Gleam|p2a: Dragonite|[spread] p2a\n|-activate|p2b: Chien-Pao|move: Protect\n|-supereffective|p2a: Dragonite\n|-damage|p2a: Dragonite|35\/100\n|-enditem|p2a: Dragonite|Sitrus Berry|[eat]\n|-heal|p2a: Dragonite|60\/100|[from] item: Sitrus Berry\n|move|p1a: Ursaluna|Earthquake|p2a: Dragonite|[spread] \n|-activate|p2b: Chien-Pao|move: Protect\n|-immune|p1b: Enamorus\n|-immune|p2a: Dragonite\n|\n|-damage|p1a: Ursaluna|1\/100 brn|[from] brn\n|upkeep\n|turn|5\n|\n|t:|1700449246\n|-terastallize|p1b: Enamorus|Fairy\n|-terastallize|p2a: Dragonite|Normal\n|move|p2b: Chien-Pao|Protect|p2b: Chien-Pao\n|-singleturn|p2b: Chien-Pao|Protect\n|move|p1b: Enamorus|Dazzling Gleam|p2a: Dragonite|[spread] p2a\n|-activate|p2b: Chien-Pao|move: Protect\n|-damage|p2a: Dragonite|19\/100\n|move|p1a: Ursaluna|Headlong Rush|p2b: Chien-Pao\n|-activate|p2b: Chien-Pao|move: Protect\n|move|p2a: Dragonite|Ice Spinner|p1b: Enamorus\n|-damage|p1b: Enamorus|60\/100\n|-fieldend|move: Psychic Terrain\n|\n|-damage|p1a: Ursaluna|0 fnt|[from] brn\n|faint|p1a: Ursaluna\n|-fieldend|move: Trick Room\n|upkeep\n|\n|t:|1700449261\n|switch|p1a: Armarouge|Armarouge, L50, M|100\/100\n|turn|6\n|\n|t:|1700449296\n|move|p2a: Dragonite|Extreme Speed|p1b: Enamorus\n|-crit|p1b: Enamorus\n|-damage|p1b: Enamorus|0 fnt\n|faint|p1b: Enamorus\n|move|p2b: Chien-Pao|Throat Chop|p1a: Armarouge\n|-supereffective|p1a: Armarouge\n|-damage|p1a: Armarouge|8\/100\n|-start|p1a: Armarouge|Throat Chop|[silent]\n|move|p1a: Armarouge|Expanding Force|p2a: Dragonite\n|-damage|p2a: Dragonite|0 fnt\n|faint|p2a: Dragonite\n|\n|upkeep\n|\n|t:|1700449304\n|switch|p2a: Ambipom|Ambipom, L50, M|5\/100\n|turn|7\n|-message|leafyarrow forfeited.\n|\n|win|ijnk\n|raw|leafyarrow's rating: 1317 &rarr; <strong>1296<\/strong><br \/>(-21 for losing)\n|raw|ijnk's rating: 1303 &rarr; <strong>1324<\/strong><br \/>(+21 for winning)\n","uploadtime":1700449315,"views":10,"p1id":"leafyarrow","p2id":"ijnk","formatid":"gen9vgc2023regulatione","rating":1296,"private":0,"password":""}