{"id":"gen9vgc2023regulatione-1999830114","p1":"alpha can elephant","p2":"zakpaskal","format":"[Gen 9] VGC 2023 Regulation E","log":"|j|\u2606alpha can elephant\n|j|\u2606zakpaskal\n|t:|1701120684\n|gametype|doubles\n|player|p1|alpha can elephant|marley|1618\n|player|p2|zakpaskal|crasherwake|1522\n|teamsize|p1|6\n|teamsize|p2|6\n|gen|9\n|tier|[Gen 9] VGC 2023 Regulation E\n|rated|\n|rule|Species Clause: Limit one of each Pok\u00e9mon\n|rule|Item Clause: Limit one of each item\n|clearpoke\n|poke|p1|Chien-Pao, L50|\n|poke|p1|Dragonite, L50, F|\n|poke|p1|Flutter Mane, L50|\n|poke|p1|Chi-Yu, L50|\n|poke|p1|Ting-Lu, L50|\n|poke|p1|Dondozo, L50, M|\n|poke|p2|Tornadus, L50, M|\n|poke|p2|Gholdengo, L50|\n|poke|p2|Urshifu-*, L50, M|\n|poke|p2|Sinistcha, L50|\n|poke|p2|Arcanine-Hisui, L50, M|\n|poke|p2|Landorus, L50, M|\n|teampreview|4\n|inactive|Battle timer is ON: inactive players will automatically lose when time's up. (requested by alpha can elephant)\n|\n|t:|1701120731\n|start\n|switch|p1a: Chien-Pao|Chien-Pao, L50|100\/100\n|switch|p1b: Dragonite|Dragonite, L50, F|100\/100\n|switch|p2a: Arcanine|Arcanine-Hisui, L50, M|100\/100\n|switch|p2b: Tornadus|Tornadus, L50, M|100\/100\n|-ability|p1a: Chien-Pao|Sword of Ruin\n|-ability|p2a: Arcanine|Intimidate|boost\n|-unboost|p1a: Chien-Pao|atk|1\n|-fail|p1b: Dragonite|unboost|Attack|[from] ability: Inner Focus|[of] p1b: Dragonite\n|turn|1\n|inactive|alpha can elephant has 30 seconds left.\n|inactive|alpha can elephant has 20 seconds left.\n|\n|t:|1701120768\n|-terastallize|p2a: Arcanine|Water\n|move|p1b: Dragonite|Aqua Jet|p2a: Arcanine\n|-resisted|p2a: Arcanine\n|-damage|p2a: Arcanine|83\/100\n|move|p1a: Chien-Pao|Icicle Crash|p2b: Tornadus\n|-supereffective|p2b: Tornadus\n|-damage|p2b: Tornadus|0 fnt\n|faint|p2b: Tornadus\n|move|p2a: Arcanine|Rock Slide|p1b: Dragonite|[spread] p1a\n|-miss|p2a: Arcanine|p1b: Dragonite\n|-supereffective|p1a: Chien-Pao\n|-enditem|p1a: Chien-Pao|Focus Sash\n|-damage|p1a: Chien-Pao|1\/100\n|-damage|p2a: Arcanine|73\/100|[from] item: Life Orb\n|\n|upkeep\n|\n|t:|1701120783\n|switch|p2b: Sinistcha|Sinistcha, L50|100\/100\n|-heal|p2a: Arcanine|98\/100|[from] ability: Hospitality|[of] p2b: Sinistcha\n|turn|2\n|\n|t:|1701120796\n|switch|p1a: Ting-Lu|Ting-Lu, L50|100\/100\n|-ability|p1a: Ting-Lu|Vessel of Ruin\n|switch|p1b: Dondozo|Dondozo, L50, M|100\/100\n|move|p2b: Sinistcha|Protect|p2b: Sinistcha\n|-singleturn|p2b: Sinistcha|Protect\n|move|p2a: Arcanine|Rock Slide|p1a: Ting-Lu|[spread] p1a,p1b\n|-resisted|p1a: Ting-Lu\n|-damage|p1a: Ting-Lu|89\/100\n|-damage|p1b: Dondozo|79\/100\n|-damage|p2a: Arcanine|88\/100|[from] item: Life Orb\n|\n|-heal|p1a: Ting-Lu|95\/100|[from] item: Leftovers\n|upkeep\n|turn|3\n|\n|t:|1701120813\n|move|p2a: Arcanine|Protect|p2a: Arcanine\n|-singleturn|p2a: Arcanine|Protect\n|move|p2b: Sinistcha|Calm Mind|p2b: Sinistcha\n|-boost|p2b: Sinistcha|spa|1\n|-boost|p2b: Sinistcha|spd|1\n|move|p1a: Ting-Lu|Ruination|p2b: Sinistcha|[miss]\n|-miss|p1a: Ting-Lu|p2b: Sinistcha\n|move|p1b: Dondozo|Yawn|p2b: Sinistcha\n|-start|p2b: Sinistcha|move: Yawn|[of] p1b: Dondozo\n|\n|-heal|p1a: Ting-Lu|100\/100|[from] item: Leftovers\n|upkeep\n|turn|4\n|\n|t:|1701120824\n|switch|p2a: Urshifu|Urshifu-Rapid-Strike, L50, M|100\/100\n|move|p2b: Sinistcha|Matcha Gotcha|p1b: Dondozo|[spread] p1a,p1b\n|-supereffective|p1a: Ting-Lu\n|-supereffective|p1b: Dondozo\n|-damage|p1a: Ting-Lu|54\/100\n|-damage|p1b: Dondozo|27\/100\n|-enditem|p1b: Dondozo|Sitrus Berry|[eat]\n|-heal|p1b: Dondozo|52\/100|[from] item: Sitrus Berry\n|move|p1a: Ting-Lu|Ruination|p2b: Sinistcha\n|-damage|p2b: Sinistcha|50\/100\n|move|p1b: Dondozo|Yawn|p2a: Urshifu\n|-start|p2a: Urshifu|move: Yawn|[of] p1b: Dondozo\n|\n|-heal|p1a: Ting-Lu|60\/100|[from] item: Leftovers\n|-end|p2b: Sinistcha|move: Yawn|[silent]\n|-status|p2b: Sinistcha|slp\n|upkeep\n|turn|5\n|\n|t:|1701120837\n|move|p2a: Urshifu|Close Combat|p1b: Dondozo\n|-damage|p1b: Dondozo|8\/100\n|-unboost|p2a: Urshifu|def|1\n|-unboost|p2a: Urshifu|spd|1\n|cant|p2b: Sinistcha|slp\n|move|p1a: Ting-Lu|Ruination|p2a: Urshifu\n|-damage|p2a: Urshifu|50\/100\n|move|p1b: Dondozo|Heavy Slam|p2b: Sinistcha\n|-damage|p2b: Sinistcha|22\/100 slp\n|-damage|p1b: Dondozo|0 fnt|[from] item: Rocky Helmet|[of] p2b: Sinistcha\n|faint|p1b: Dondozo\n|\n|-heal|p1a: Ting-Lu|66\/100|[from] item: Leftovers\n|-end|p2a: Urshifu|move: Yawn|[silent]\n|-status|p2a: Urshifu|slp\n|upkeep\n|\n|t:|1701120854\n|switch|p1b: Chien-Pao|Chien-Pao, L50|1\/100\n|-ability|p1b: Chien-Pao|Sword of Ruin\n|turn|6\n|\n|t:|1701120859\n|switch|p1a: Dragonite|Dragonite, L50, F|100\/100\n|cant|p2b: Sinistcha|slp\n|cant|p2a: Urshifu|slp\n|move|p1b: Chien-Pao|Icicle Crash|p2b: Sinistcha\n|-supereffective|p2b: Sinistcha\n|-damage|p2b: Sinistcha|0 fnt\n|faint|p2b: Sinistcha\n|\n|upkeep\n|\n|t:|1701120866\n|switch|p2b: Arcanine|Arcanine-Hisui, L50, M, tera:Water|88\/100\n|-ability|p2b: Arcanine|Intimidate|boost\n|-fail|p1a: Dragonite|unboost|Attack|[from] ability: Inner Focus|[of] p1a: Dragonite\n|-unboost|p1b: Chien-Pao|atk|1\n|turn|7\n|\n|t:|1701120875\n|-terastallize|p1a: Dragonite|Normal\n|move|p1b: Chien-Pao|Protect|p1b: Chien-Pao\n|-singleturn|p1b: Chien-Pao|Protect\n|move|p1a: Dragonite|Extreme Speed|p2a: Urshifu\n|-damage|p2a: Urshifu|0 fnt\n|faint|p2a: Urshifu\n|move|p2b: Arcanine|Rock Slide|p1b: Chien-Pao|[spread] p1a\n|-activate|p1b: Chien-Pao|move: Protect\n|-damage|p1a: Dragonite|53\/100\n|-damage|p2b: Arcanine|78\/100|[from] item: Life Orb\n|\n|upkeep\n|turn|8\n|\n|t:|1701120882\n|move|p1a: Dragonite|Extreme Speed|p2b: Arcanine\n|-damage|p2b: Arcanine|0 fnt\n|faint|p2b: Arcanine\n|\n|win|alpha can elephant\n|raw|alpha can elephant's rating: 1618 &rarr; <strong>1633<\/strong><br \/>(+15 for winning)\n|raw|zakpaskal's rating: 1522 &rarr; <strong>1507<\/strong><br \/>(-15 for losing)\n|l|\u2606zakpaskal\n","uploadtime":1701120889,"views":5,"p1id":"alphacanelephant","p2id":"zakpaskal","formatid":"gen9vgc2023regulatione","rating":1507,"private":0,"password":""}