{"id":"gen9vgc2023regulatione-2000319808","p1":"Nta07","p2":"whyismynamejeff","format":"[Gen 9] VGC 2023 Regulation E","log":"|j|\u2606Nta07\n|j|\u2606whyismynamejeff\n|t:|1701184625\n|gametype|doubles\n|player|p1|Nta07|2|1209\n|player|p2|whyismynamejeff|colress|1217\n|teamsize|p1|6\n|teamsize|p2|6\n|gen|9\n|tier|[Gen 9] VGC 2023 Regulation E\n|rated|\n|rule|Species Clause: Limit one of each Pok\u00e9mon\n|rule|Item Clause: Limit one of each item\n|clearpoke\n|poke|p1|Sylveon, L50, M|\n|poke|p1|Oranguru, L50, F|\n|poke|p1|Arcanine, L50, M|\n|poke|p1|Arbok, L50, M|\n|poke|p1|Ursaluna-Bloodmoon, L50, M|\n|poke|p1|Ambipom, L50, F|\n|poke|p2|Farigiraf, L50, F|\n|poke|p2|Iron Hands, L50|\n|poke|p2|Urshifu-*, L50, F|\n|poke|p2|Chien-Pao, L50|\n|poke|p2|Tornadus, L50, M|\n|poke|p2|Flutter Mane, L50|\n|teampreview|4\n|inactive|Battle timer is ON: inactive players will automatically lose when time's up. (requested by Nta07)\n|\n|t:|1701184656\n|start\n|switch|p1a: Sylveon|Sylveon, L50, M, shiny|100\/100\n|switch|p1b: Oranguru|Oranguru, L50, F|100\/100\n|switch|p2a: Big Girafarig|Farigiraf, L50, F|100\/100\n|switch|p2b: Water Bear|Urshifu-Rapid-Strike, L50, F|100\/100\n|turn|1\n|\n|t:|1701184668\n|move|p1a: Sylveon|Protect|p1a: Sylveon\n|-singleturn|p1a: Sylveon|Protect\n|move|p2b: Water Bear|U-turn|p1b: Oranguru\n|-supereffective|p1b: Oranguru\n|-damage|p1b: Oranguru|46\/100\n|\n|t:|1701184677\n|switch|p2b: Sparky Hariyama|Iron Hands, L50, shiny|100\/100|[from] U-turn\n|move|p2a: Big Girafarig|Imprison|p2a: Big Girafarig\n|-start|p2a: Big Girafarig|move: Imprison\n|cant|p1b: Oranguru|move: Imprison|Trick Room\n|\n|upkeep\n|turn|2\n|inactive|Nta07 has 30 seconds left.\n|\n|t:|1701184711\n|-terastallize|p1a: Sylveon|Ground\n|move|p2b: Sparky Hariyama|Fake Out|p1a: Sylveon\n|-damage|p1a: Sylveon|82\/100\n|move|p2a: Big Girafarig|Psychic|p1b: Oranguru\n|-resisted|p1b: Oranguru\n|-damage|p1b: Oranguru|35\/100\n|move|p1b: Oranguru|Instruct|p2a: Big Girafarig\n|-singleturn|p2a: Big Girafarig|move: Instruct|[of] p1b: Oranguru\n|move|p2a: Big Girafarig|Psychic|p1b: Oranguru\n|-resisted|p1b: Oranguru\n|-damage|p1b: Oranguru|24\/100\n|cant|p1a: Sylveon|flinch\n|\n|upkeep\n|turn|3\n|\n|t:|1701184731\n|switch|p1b: Arbok|Arbok, L50, M|100\/100\n|-ability|p1b: Arbok|Intimidate|boost\n|-unboost|p2a: Big Girafarig|atk|1\n|-unboost|p2b: Sparky Hariyama|atk|1\n|move|p2b: Sparky Hariyama|Ice Punch|p1a: Sylveon\n|-supereffective|p1a: Sylveon\n|-damage|p1a: Sylveon|30\/100\n|move|p2a: Big Girafarig|Dazzling Gleam|p1b: Arbok|[spread] p1a,p1b\n|-resisted|p1b: Arbok\n|-damage|p1a: Sylveon|19\/100\n|-damage|p1b: Arbok|93\/100\n|move|p1a: Sylveon|Hyper Voice|p2a: Big Girafarig|[spread] p2a,p2b\n|-supereffective|p2b: Sparky Hariyama\n|-damage|p2a: Big Girafarig|58\/100\n|-damage|p2b: Sparky Hariyama|56\/100\n|-enditem|p1a: Sylveon|Throat Spray\n|-boost|p1a: Sylveon|spa|1|[from] item: Throat Spray\n|\n|-heal|p1b: Arbok|99\/100|[from] item: Black Sludge\n|upkeep\n|turn|4\n|inactive|whyismynamejeff has 30 seconds left.\n|inactive|whyismynamejeff has 20 seconds left.\n|\n|t:|1701184768\n|move|p1b: Arbok|Coil|p1b: Arbok\n|-boost|p1b: Arbok|atk|1\n|-boost|p1b: Arbok|def|1\n|-boost|p1b: Arbok|accuracy|1\n|move|p2b: Sparky Hariyama|Drain Punch|p1a: Sylveon\n|-damage|p1a: Sylveon|0 fnt\n|-heal|p2b: Sparky Hariyama|64\/100|[from] drain|[of] p1a: Sylveon\n|faint|p1a: Sylveon\n|move|p2a: Big Girafarig|Psychic|p1b: Arbok\n|-supereffective|p1b: Arbok\n|-damage|p1b: Arbok|36\/100\n|\n|-heal|p1b: Arbok|42\/100|[from] item: Black Sludge\n|upkeep\n|inactive|Nta07 has 30 seconds left.\n|inactive|Nta07 has 20 seconds left.\n|inactive|Nta07 has 15 seconds left.\n|inactive|Nta07 has 10 seconds left.\n|inactive|Nta07 has 5 seconds left.\n|\n|t:|1701184823\n|switch|p1a: Oranguru|Oranguru, L50, F|24\/100\n|turn|5\n|inactive|Nta07 has 30 seconds left.\n|inactive|whyismynamejeff has 30 seconds left.\n|inactive|Nta07 has 20 seconds left.\n|inactive|Nta07 has 15 seconds left.\n|inactive|Nta07 has 10 seconds left.\n|inactive|Nta07 has 5 seconds left.\n|\n|t:|1701184878\n|move|p1b: Arbok|Glare|p2a: Big Girafarig\n|-status|p2a: Big Girafarig|par\n|move|p2b: Sparky Hariyama|Wild Charge|p1a: Oranguru\n|-damage|p1a: Oranguru|0 fnt\n|faint|p1a: Oranguru\n|-damage|p2b: Sparky Hariyama|59\/100|[from] Recoil\n|move|p2a: Big Girafarig|Psychic|p1b: Arbok\n|-supereffective|p1b: Arbok\n|-damage|p1b: Arbok|0 fnt\n|faint|p1b: Arbok\n|\n|upkeep\n|inactive|Nta07 has 30 seconds left.\n|inactive|Nta07 has 20 seconds left.\n|inactive|Nta07 has 15 seconds left.\n|inactive|Nta07 has 10 seconds left.\n|inactive|Nta07 has 5 seconds left.\n|\n|t:|1701184933\n|switch|p1a: Ambipom|Ambipom, L50, F|100\/100\n|turn|6\n|inactive|Nta07 has 30 seconds left.\n|inactive|whyismynamejeff has 30 seconds left.\n|inactive|Nta07 has 20 seconds left.\n|inactive|whyismynamejeff has 20 seconds left.\n|inactive|Nta07 has 15 seconds left.\n|inactive|Nta07 has 10 seconds left.\n|inactive|Nta07 has 5 seconds left.\n|\n|t:|1701184988\n|move|p1a: Ambipom|Fake Out||[still]\n|cant|p2a: Big Girafarig|ability: Armor Tail|Fake Out|[of] p1a: Ambipom\n|move|p2b: Sparky Hariyama|Drain Punch|p1a: Ambipom\n|-supereffective|p1a: Ambipom\n|-damage|p1a: Ambipom|0 fnt\n|-heal|p2b: Sparky Hariyama|92\/100|[from] drain|[of] p1a: Ambipom\n|faint|p1a: Ambipom\n|\n|win|whyismynamejeff\n|raw|Nta07's rating: 1209 &rarr; <strong>1185<\/strong><br \/>(-24 for losing)\n|raw|whyismynamejeff's rating: 1217 &rarr; <strong>1241<\/strong><br \/>(+24 for winning)\n","uploadtime":1701185006,"views":4,"p1id":"nta07","p2id":"whyismynamejeff","formatid":"gen9vgc2023regulatione","rating":1185,"private":0,"password":""}