{"id":"gen9vgc2023regulatione-1998010162","p1":"CasualPizza","p2":"Wendall555","format":"[Gen 9] VGC 2023 Regulation E","log":"|j|\u2606CasualPizza\n|j|\u2606Wendall555\n|n|\u2606CasualPizza|casualpizza\n|n|\u2606Wendall555|wendall555\n|html|View the match progress at <a href=\"\/game-bestof3-gen9vgc2023regulatione-1998005816\">game-bestof3-gen9vgc2023regulatione-1998005816<\/a>\n|t:|1700878569\n|gametype|doubles\n|player|p1|CasualPizza|elesa-masters|\n|player|p2|Wendall555|colress|\n|teamsize|p1|6\n|teamsize|p2|6\n|gen|9\n|tier|[Gen 9] VGC 2023 Regulation E\n|rule|Species Clause: Limit one of each Pok\u00e9mon\n|rule|Item Clause: Limit one of each item\n|clearpoke\n|poke|p1|Ogerpon-Wellspring, L50, F|\n|poke|p1|Iron Hands, L50|\n|poke|p1|Arcanine, L50, F|\n|poke|p1|Electrode-Hisui, L50|\n|poke|p1|Morgrem, L50, M|\n|poke|p1|Fletchinder, L50, M|\n|poke|p2|Oranguru, L50, F|\n|poke|p2|Maushold-Four, L50|\n|poke|p2|Camerupt, L50, M|\n|poke|p2|Tornadus, L50, M|\n|poke|p2|Basculegion, L50, M|\n|poke|p2|Brambleghast, L50, F|\n|teampreview|4\n|j| Lkynmbr24\n|\n|t:|1700878590\n|start\n|switch|p1a: Morgrem|Morgrem, L50, M|100\/100\n|switch|p1b: Arcanine|Arcanine, L50, F|100\/100\n|switch|p2a: Tornadus|Tornadus, L50, M|100\/100\n|switch|p2b: Brambleghast|Brambleghast, L50, F|100\/100\n|-ability|p1b: Arcanine|Intimidate|boost\n|-unboost|p2a: Tornadus|atk|1\n|-unboost|p2b: Brambleghast|atk|1\n|turn|1\n|\n|t:|1700878616\n|switch|p2b: Maushold|Maushold-Four, L50|100\/100\n|move|p2a: Tornadus|Tailwind|p2a: Tornadus\n|-sidestart|p2: Wendall555|move: Tailwind\n|move|p1a: Morgrem|Reflect|p1a: Morgrem\n|-sidestart|p1: CasualPizza|Reflect\n|move|p1b: Arcanine|Will-O-Wisp|p2b: Maushold\n|-status|p2b: Maushold|brn\n|\n|-damage|p2b: Maushold|94\/100 brn|[from] brn\n|upkeep\n|turn|2\n|\n|t:|1700878630\n|move|p2b: Maushold|Follow Me|p2b: Maushold\n|-singleturn|p2b: Maushold|move: Follow Me\n|move|p1a: Morgrem|Parting Shot|p2b: Maushold\n|-unboost|p2b: Maushold|atk|1\n|-unboost|p2b: Maushold|spa|1\n|\n|t:|1700878637\n|switch|p1a: Iron Hands|Iron Hands, L50|100\/100|[from] Parting Shot\n|-enditem|p1a: Iron Hands|Booster Energy\n|-activate|p1a: Iron Hands|ability: Quark Drive|[fromitem]\n|-start|p1a: Iron Hands|quarkdriveatk\n|move|p2a: Tornadus|Bleakwind Storm|p1b: Arcanine|[spread] p1a,p1b\n|-damage|p1a: Iron Hands|68\/100\n|-damage|p1b: Arcanine|57\/100\n|move|p1b: Arcanine|Flare Blitz|p2b: Maushold\n|-damage|p2b: Maushold|26\/100 brn\n|-damage|p1b: Arcanine|40\/100|[from] Recoil\n|-enditem|p1b: Arcanine|Sitrus Berry|[eat]\n|-heal|p1b: Arcanine|65\/100|[from] item: Sitrus Berry\n|\n|-damage|p2b: Maushold|20\/100 brn|[from] brn\n|upkeep\n|turn|3\n|\n|t:|1700878648\n|move|p2b: Maushold|Follow Me|p2b: Maushold\n|-singleturn|p2b: Maushold|move: Follow Me\n|move|p2a: Tornadus|Bleakwind Storm|p1a: Iron Hands|[spread] p1a\n|-miss|p2a: Tornadus|p1b: Arcanine\n|-damage|p1a: Iron Hands|36\/100\n|move|p1b: Arcanine|Flare Blitz|p2b: Maushold\n|-damage|p2b: Maushold|0 fnt\n|faint|p2b: Maushold\n|-damage|p1b: Arcanine|60\/100|[from] Recoil\n|move|p1a: Iron Hands|Wild Charge|p2a: Tornadus\n|-supereffective|p2a: Tornadus\n|-damage|p2a: Tornadus|0 fnt\n|faint|p2a: Tornadus\n|-damage|p1a: Iron Hands|21\/100|[from] Recoil\n|\n|upkeep\n|\n|t:|1700878655\n|switch|p2a: Basculegion|Basculegion, L50, M|100\/100\n|switch|p2b: Brambleghast|Brambleghast, L50, F|100\/100\n|-ability|p2b: Brambleghast|Wind Rider|boost\n|-boost|p2b: Brambleghast|atk|1\n|turn|4\n|\n|t:|1700878674\n|-terastallize|p2a: Basculegion|Ghost\n|move|p2b: Brambleghast|Poltergeist||[still]\n|-fail|p2b: Brambleghast\n|move|p2a: Basculegion|Last Respects|p1b: Arcanine\n|-damage|p1b: Arcanine|10\/100\n|move|p1b: Arcanine|Will-O-Wisp|p2a: Basculegion|[miss]\n|-miss|p1b: Arcanine|p2a: Basculegion\n|move|p1a: Iron Hands|Wild Charge|p2a: Basculegion\n|-damage|p2a: Basculegion|7\/100\n|-damage|p1a: Iron Hands|4\/100|[from] Recoil\n|\n|-sideend|p2: Wendall555|move: Tailwind\n|upkeep\n|turn|5\n|\n|t:|1700878701\n|move|p1b: Arcanine|Protect|p1b: Arcanine\n|-singleturn|p1b: Arcanine|Protect\n|move|p2a: Basculegion|Aqua Jet|p1b: Arcanine\n|-activate|p1b: Arcanine|move: Protect\n|move|p2b: Brambleghast|Tera Blast|p1a: Iron Hands\n|-damage|p1a: Iron Hands|0 fnt\n|faint|p1a: Iron Hands\n|-end|p1a: Iron Hands|Quark Drive|[silent]\n|\n|-sideend|p1: CasualPizza|Reflect\n|upkeep\n|\n|t:|1700878703\n|switch|p1a: Ogerpon|Ogerpon-Wellspring, L50, F|100\/100\n|turn|6\n|\n|t:|1700878714\n|move|p1a: Ogerpon|Follow Me|p1a: Ogerpon\n|-singleturn|p1a: Ogerpon|move: Follow Me\n|move|p2a: Basculegion|Aqua Jet|p1a: Ogerpon\n|-immune|p1a: Ogerpon|[from] ability: Water Absorb\n|move|p2b: Brambleghast|Power Whip|p1a: Ogerpon\n|-damage|p1a: Ogerpon|2\/100\n|move|p1b: Arcanine|Flare Blitz|p2a: Basculegion\n|-damage|p2a: Basculegion|0 fnt\n|faint|p2a: Basculegion\n|-damage|p1b: Arcanine|8\/100|[from] Recoil\n|\n|upkeep\n|turn|7\n|\n|t:|1700878728\n|move|p1a: Ogerpon|Follow Me|p1a: Ogerpon\n|-singleturn|p1a: Ogerpon|move: Follow Me\n|move|p2b: Brambleghast|Tera Blast|p1a: Ogerpon\n|-damage|p1a: Ogerpon|0 fnt\n|faint|p1a: Ogerpon\n|move|p1b: Arcanine|Flare Blitz|p2b: Brambleghast\n|-supereffective|p2b: Brambleghast\n|-enditem|p2b: Brambleghast|Focus Sash\n|-damage|p2b: Brambleghast|1\/100\n|-damage|p1b: Arcanine|0 fnt|[from] Recoil\n|faint|p1b: Arcanine\n|\n|upkeep\n|\n|t:|1700878738\n|switch|p1b: Morgrem|Morgrem, L50, M|100\/100\n|turn|8\n|\n|t:|1700878750\n|move|p2b: Brambleghast|Protect|p2b: Brambleghast\n|-singleturn|p2b: Brambleghast|Protect\n|move|p1b: Morgrem|Reflect|p1b: Morgrem\n|-sidestart|p1: CasualPizza|Reflect\n|\n|upkeep\n|turn|9\n|\n|t:|1700878757\n|move|p1b: Morgrem|Parting Shot|p2b: Brambleghast\n|-unboost|p2b: Brambleghast|atk|1\n|-unboost|p2b: Brambleghast|spa|1\n|move|p2b: Brambleghast|Poltergeist|p1b: Morgrem\n|-activate|p1b: Morgrem|move: Poltergeist|Eviolite\n|-resisted|p1b: Morgrem\n|-damage|p1b: Morgrem|86\/100\n|\n|upkeep\n|turn|10\n|\n|t:|1700878765\n|move|p1b: Morgrem|Parting Shot|p2b: Brambleghast\n|-unboost|p2b: Brambleghast|atk|1\n|-unboost|p2b: Brambleghast|spa|1\n|move|p2b: Brambleghast|Power Whip|p1b: Morgrem\n|-crit|p1b: Morgrem\n|-damage|p1b: Morgrem|14\/100\n|\n|upkeep\n|turn|11\n|c|\u2606CasualPizza|gg\n|-message|CasualPizza forfeited.\n|\n|win|Wendall555\n|l|\u2606CasualPizza\n|c|\u2606Wendall555|ggs\n","uploadtime":1700878832,"views":11,"p1id":"casualpizza","p2id":"wendall555","formatid":"gen9vgc2023regulatione","rating":0,"private":0,"password":""}